DATE,TIME_M,EX,SYM_ROOT,TR_SCOND,SIZE,PRICE
2025-11-28,9:30:02.210176975,T,TGT,,100,90.27
2025-11-28,9:30:02.210176975,T,TGT,Q,100,90.27
2025-11-28,9:30:17.274229003,T,TGT,,100,90.27
2025-11-28,9:30:17.288940066,T,TGT,,100,90.17
2025-11-28,9:30:17.294313940,T,TGT,,100,90.17
2025-11-28,9:30:22.503828960,T,TGT,,100,90.17
2025-11-28,9:30:22.503831944,T,TGT,,200,90.17
2025-11-28,9:30:37.081130003,T,TGT,I,1,90.275
2025-11-28,9:30:37.100469080,T,TGT,I,1,90.18
2025-11-28,9:30:38.294911626,T,TGT,I,5,90.155
2025-11-28,9:30:42.568558221,T,TGT,I,3,90.155
2025-11-28,9:30:42.568558221,T,TGT,I,60,90.155
2025-11-28,9:30:49.597413730,T,TGT,F I,63,90.17
2025-11-28,9:30:49.599127822,T,TGT,F I,3,90.16
2025-11-28,9:31:00.928610065,T,TGT,I,1,90.24
2025-11-28,9:31:00.928655143,T,TGT,F,100,90.24
2025-11-28,9:31:00.929299458,T,TGT,F I,4,90.16
2025-11-28,9:31:00.929301808,T,TGT,F I,12,90.14
2025-11-28,9:31:00.929304744,T,TGT,F I,12,90.14
2025-11-28,9:31:00.929316714,T,TGT,F I,14,90.14
2025-11-28,9:31:00.929322713,T,TGT,F I,14,90.14
2025-11-28,9:31:00.929343757,T,TGT,I,94,90.16
2025-11-28,9:31:00.929343757,T,TGT,F I,12,90.14
2025-11-28,9:31:00.929361791,T,TGT,I,1,90.16
2025-11-28,9:31:00.929368167,T,TGT,F I,12,90.14
2025-11-28,9:31:00.929368167,T,TGT,F I,12,90.14
2025-11-28,9:31:00.929370808,T,TGT,F I,12,90.14
2025-11-28,9:31:00.929373806,T,TGT,F I,2,90.13
2025-11-28,9:31:00.929391928,T,TGT,F I,10,90.13
2025-11-28,9:31:00.929391928,T,TGT,F I,4,90.12
2025-11-28,9:31:00.929430956,T,TGT,F I,3,90.12
2025-11-28,9:31:00.929443001,T,TGT,F I,7,90.12
2025-11-28,9:31:00.929545204,T,TGT,I,70,90.12
2025-11-28,9:31:00.929545204,T,TGT,I,30,90.12
2025-11-28,9:31:00.929737662,T,TGT,I,8,90.11
2025-11-28,9:31:00.930140614,T,TGT,I,63,90.09
2025-11-28,9:31:00.964190763,T,TGT,I,70,90.12
2025-11-28,9:31:00.964193831,T,TGT,,252,90.12
2025-11-28,9:31:00.964404315,T,TGT,F I,5,90.08
2025-11-28,9:31:00.964407527,T,TGT,F I,5,90.08
2025-11-28,9:31:00.964452383,T,TGT,F I,5,90.08
2025-11-28,9:31:00.964455428,T,TGT,F I,5,90.08
2025-11-28,9:31:04.441672628,T,TGT,I,21,90.02
2025-11-28,9:31:04.441717690,T,TGT,F I,50,90.02
2025-11-28,9:31:04.441780910,T,TGT,,100,90.01
2025-11-28,9:31:04.441853048,T,TGT,I,10,90.0
2025-11-28,9:31:04.441859120,T,TGT,I,50,90.0
2025-11-28,9:31:04.441859120,T,TGT,I,5,90.0
2025-11-28,9:31:04.441862219,T,TGT,,100,90.0
2025-11-28,9:31:04.441862219,T,TGT,I,1,90.0
2025-11-28,9:31:04.441865283,T,TGT,I,3,90.0
2025-11-28,9:31:04.441865283,T,TGT,I,10,90.0
2025-11-28,9:31:04.441868089,T,TGT,,100,90.0
2025-11-28,9:31:06.961110772,T,TGT,I,25,89.95
2025-11-28,9:31:06.961110772,T,TGT,I,52,89.97
2025-11-28,9:31:06.966758256,T,TGT,,100,89.92
2025-11-28,9:31:06.967043919,T,TGT,I,63,89.92
2025-11-28,9:31:07.065907465,T,TGT,I,37,89.92
2025-11-28,9:31:08.753822694,T,TGT,F I,12,89.99
2025-11-28,9:31:08.753825716,T,TGT,F I,14,89.99
2025-11-28,9:31:08.753828749,T,TGT,F I,50,89.99
2025-11-28,9:31:08.753832106,T,TGT,F,148,89.99
2025-11-28,9:31:08.753832106,T,TGT,F I,2,89.99
2025-11-28,9:31:08.754102423,T,TGT,F I,12,90.04
2025-11-28,9:31:08.754108336,T,TGT,F I,4,90.04
2025-11-28,9:31:08.754108336,T,TGT,F I,1,90.04
2025-11-28,9:31:08.754156534,T,TGT,F I,30,90.04
2025-11-28,9:31:08.754156534,T,TGT,F I,25,90.04
2025-11-28,9:31:08.754244762,T,TGT,I,50,89.98
2025-11-28,9:31:08.754244762,T,TGT,I,50,89.97
2025-11-28,9:31:08.754547467,T,TGT,,100,89.98
2025-11-28,9:31:08.757037404,T,TGT,F I,30,89.97
2025-11-28,9:31:08.757037404,T,TGT,F I,76,89.96
2025-11-28,9:31:08.757058488,T,TGT,I,18,89.96
2025-11-28,9:31:08.757061426,T,TGT,I,1,89.96
2025-11-28,9:31:08.757109669,T,TGT,I,5,89.96
2025-11-28,9:31:08.757112520,T,TGT,I,30,89.96
2025-11-28,9:31:08.757155134,T,TGT,F,100,89.96
2025-11-28,9:31:08.757155134,T,TGT,F I,19,89.96
2025-11-28,9:31:08.757157599,T,TGT,F I,5,90.0
2025-11-28,9:31:16.249138112,T,TGT,F I,63,90.03
2025-11-28,9:31:16.249693852,T,TGT,F I,20,90.03
2025-11-28,9:31:16.249711913,T,TGT,F I,17,90.03
2025-11-28,9:31:16.249711913,T,TGT,F I,3,90.06
2025-11-28,9:31:16.249729918,T,TGT,F I,17,90.06
2025-11-28,9:31:19.654044356,T,TGT,F I,63,89.985
2025-11-28,9:31:19.654095452,T,TGT,F I,37,89.985
2025-11-28,9:31:23.915584052,T,TGT,I,4,89.985
2025-11-28,9:31:23.915614096,T,TGT,I,63,89.985
2025-11-28,9:31:24.829073308,T,TGT,F I,63,89.985
2025-11-28,9:31:24.829100381,T,TGT,I,37,89.985
2025-11-28,9:31:25.923419407,T,TGT,I,63,89.985
2025-11-28,9:31:38.797369075,T,TGT,F I,1,89.95
2025-11-28,9:31:48.512022300,T,TGT,F I,74,90.0
2025-11-28,9:32:09.398506928,T,TGT,I,75,90.01
2025-11-28,9:32:09.405390673,T,TGT,I,1,90.02
2025-11-28,9:32:09.405393305,T,TGT,I,7,90.02
2025-11-28,9:32:09.413278156,T,TGT,I,75,90.03
2025-11-28,9:32:09.413281192,T,TGT,I,25,90.03
2025-11-28,9:32:27.638067772,T,TGT,F I,84,90.02
2025-11-28,9:32:32.298510859,T,TGT,F I,1,90.03
2025-11-28,9:32:34.174984229,T,TGT,F,105,89.92
2025-11-28,9:32:34.175892349,T,TGT,F I,20,89.9
2025-11-28,9:32:34.184934901,T,TGT,I,63,89.905
2025-11-28,9:32:34.375754515,T,TGT,I,20,89.88
2025-11-28,9:32:34.376882253,T,TGT,F I,63,89.91
2025-11-28,9:32:34.376918305,T,TGT,F I,12,89.93
2025-11-28,9:32:34.376924305,T,TGT,F I,10,89.93
2025-11-28,9:32:34.377053592,T,TGT,I,3,89.905
2025-11-28,9:32:34.381113331,T,TGT,I,1,89.92
2025-11-28,9:32:44.201781078,T,TGT,I,4,89.9
2025-11-28,9:32:44.201781078,T,TGT,I,57,89.9
2025-11-28,9:32:44.201786900,T,TGT,I,10,89.9
2025-11-28,9:32:44.201786900,T,TGT,I,49,89.9
2025-11-28,9:32:44.201801935,T,TGT,F I,26,89.9
2025-11-28,9:32:44.202707158,T,TGT,F I,63,89.92
2025-11-28,9:32:44.217544443,T,TGT,,127,89.88
2025-11-28,9:32:45.589499967,T,TGT,F I,48,89.98
2025-11-28,9:32:45.589505934,T,TGT,F I,52,89.98
2025-11-28,9:32:49.285906876,T,TGT,F,100,90.08
2025-11-28,9:32:49.285909618,T,TGT,F,100,90.08
2025-11-28,9:32:49.285909618,T,TGT,F I,10,90.08
2025-11-28,9:32:49.285918289,T,TGT,F I,10,90.08
2025-11-28,9:32:49.285930293,T,TGT,I,70,90.08
2025-11-28,9:32:49.295676701,T,TGT,F I,21,90.11
2025-11-28,9:32:49.295676701,T,TGT,F I,21,90.11
2025-11-28,9:32:49.295679522,T,TGT,F I,21,90.11
2025-11-28,9:32:49.295709618,T,TGT,F I,37,90.11
2025-11-28,9:32:49.295740043,T,TGT,F I,16,90.12
2025-11-28,9:32:49.295742678,T,TGT,F I,5,90.12
2025-11-28,9:33:10.376198643,T,TGT,F I,20,90.08
2025-11-28,9:33:10.376247122,T,TGT,I,9,90.12
2025-11-28,9:33:10.376532358,T,TGT,F I,9,90.08
2025-11-28,9:33:10.376583638,T,TGT,I,24,90.1
2025-11-28,9:33:10.376634637,T,TGT,F I,20,90.06
2025-11-28,9:33:10.376667717,T,TGT,I,4,90.09
2025-11-28,9:33:10.376670757,T,TGT,I,56,90.1
2025-11-28,9:33:10.376673710,T,TGT,I,14,90.115
2025-11-28,9:33:10.377092044,T,TGT,I,15,90.1
2025-11-28,9:33:10.377094727,T,TGT,I,17,90.1
2025-11-28,9:33:10.377115795,T,TGT,I,7,90.1
2025-11-28,9:33:10.377115795,T,TGT,I,25,90.1
2025-11-28,9:33:10.377118821,T,TGT,I,32,90.1
2025-11-28,9:33:10.377118821,T,TGT,I,8,90.1
2025-11-28,9:33:10.377131736,T,TGT,I,35,90.1
2025-11-28,9:33:12.859635173,T,TGT,F I,25,90.1
2025-11-28,9:33:12.859635173,T,TGT,F I,25,90.1
2025-11-28,9:33:19.430661910,T,TGT,I,1,90.04
2025-11-28,9:33:22.211167236,T,TGT,I,20,90.0
2025-11-28,9:33:37.562082188,T,TGT,F I,20,89.98
2025-11-28,9:33:57.770307115,T,TGT,F I,9,90.07
2025-11-28,9:34:23.473718624,T,TGT,I,26,90.11
2025-11-28,9:34:23.492056266,T,TGT,F I,26,90.11
2025-11-28,9:34:23.512117159,T,TGT,F I,26,90.09
2025-11-28,9:34:29.450138896,T,TGT,F I,23,90.12
2025-11-28,9:34:29.450141705,T,TGT,F I,3,90.12
2025-11-28,9:34:30.847285250,T,TGT,F I,25,90.1
2025-11-28,9:34:30.847288267,T,TGT,F I,25,90.1
2025-11-28,9:34:31.042041230,T,TGT,I,2,90.09
2025-11-28,9:34:31.044831919,T,TGT,F I,4,90.11
2025-11-28,9:34:38.681047346,T,TGT,F,100,90.08
2025-11-28,9:34:38.715590641,T,TGT,F I,5,90.06
2025-11-28,9:34:38.715612044,T,TGT,I,5,90.06
2025-11-28,9:35:02.032483662,T,TGT,F I,50,90.11
2025-11-28,9:35:02.037358311,T,TGT,I,72,90.1
2025-11-28,9:35:05.034385373,T,TGT,F I,39,90.15
2025-11-28,9:35:05.067362108,T,TGT,I,25,90.14
2025-11-28,9:35:05.067365019,T,TGT,I,8,90.14
2025-11-28,9:35:08.987447126,T,TGT,I,60,90.23
2025-11-28,9:35:08.987726983,T,TGT,F I,60,90.24
2025-11-28,9:35:09.212671757,T,TGT,,200,90.33
2025-11-28,9:35:09.313435739,T,TGT,F I,40,90.35
2025-11-28,9:35:09.332275726,T,TGT,F I,16,90.38
2025-11-28,9:35:10.741066003,T,TGT,F I,63,90.35
2025-11-28,9:35:11.546228165,T,TGT,,100,90.355
2025-11-28,9:35:14.447994263,T,TGT,F I,63,90.33
2025-11-28,9:35:14.448015321,T,TGT,F I,37,90.33
2025-11-28,9:35:14.448018305,T,TGT,F I,60,90.32
2025-11-28,9:35:14.448021323,T,TGT,F I,37,90.32
2025-11-28,9:35:14.448075430,T,TGT,F I,63,90.31
2025-11-28,9:35:14.448475482,T,TGT,F I,37,90.31
2025-11-28,9:35:17.380806554,T,TGT,F I,20,90.27
2025-11-28,9:35:17.380806554,T,TGT,F I,1,90.27
2025-11-28,9:35:17.380935826,T,TGT,F I,4,90.26
2025-11-28,9:35:17.387737993,T,TGT,I,20,90.23
2025-11-28,9:35:17.388486942,T,TGT,I,25,90.24
2025-11-28,9:35:17.388486942,T,TGT,I,90,90.25
2025-11-28,9:35:17.388504877,T,TGT,I,1,90.25
2025-11-28,9:35:17.389554380,T,TGT,F I,13,90.24
2025-11-28,9:35:17.389578349,T,TGT,F I,63,90.24
2025-11-28,9:35:17.389602535,T,TGT,F I,4,90.24
2025-11-28,9:35:17.389606107,T,TGT,F I,9,90.23
2025-11-28,9:35:17.389606107,T,TGT,F I,4,90.23
2025-11-28,9:35:17.389623486,T,TGT,I,12,90.24
2025-11-28,9:35:17.390005481,T,TGT,I,12,90.24
2025-11-28,9:35:17.390249000,T,TGT,I,12,90.23
2025-11-28,9:35:17.400121552,T,TGT,,100,90.24
2025-11-28,9:35:17.409753501,T,TGT,,100,90.25
2025-11-28,9:35:17.409753501,T,TGT,I,17,90.25
2025-11-28,9:35:34.688750671,T,TGT,F I,25,90.31
2025-11-28,9:35:34.688753689,T,TGT,F,100,90.3
2025-11-28,9:35:34.789006495,T,TGT,I,98,90.3
2025-11-28,9:35:38.545011682,T,TGT,F I,68,90.28
2025-11-28,9:35:38.545014692,T,TGT,F I,22,90.28
2025-11-28,9:35:38.545030198,T,TGT,I,1,90.28
2025-11-28,9:35:38.545033376,T,TGT,F I,7,90.28
2025-11-28,9:35:38.545035754,T,TGT,F I,2,90.28
2025-11-28,9:35:43.164632388,T,TGT,F I,35,90.33
2025-11-28,9:35:54.639841924,T,TGT,F I,80,90.31
2025-11-28,9:35:54.639841924,T,TGT,F I,20,90.32
2025-11-28,9:35:54.861181104,T,TGT,F I,30,90.32
2025-11-28,9:35:54.869523696,T,TGT,F I,51,90.34
2025-11-28,9:35:54.869547084,T,TGT,F I,51,90.34
2025-11-28,9:35:54.869547084,T,TGT,F I,19,90.34
2025-11-28,9:35:54.869559232,T,TGT,F I,61,90.34
2025-11-28,9:36:02.919253628,T,TGT,,100,90.3
2025-11-28,9:36:03.912986106,T,TGT,F I,55,90.25
2025-11-28,9:36:03.913004214,T,TGT,F I,45,90.25
2025-11-28,9:36:03.913007210,T,TGT,F,250,90.25
2025-11-28,9:36:21.678614902,T,TGT,F I,1,90.27
2025-11-28,9:36:27.822239638,T,TGT,F I,24,90.3
2025-11-28,9:36:27.822242351,T,TGT,F I,50,90.31
2025-11-28,9:36:27.822260625,T,TGT,F I,50,90.31
2025-11-28,9:36:27.822278521,T,TGT,F,126,90.31
2025-11-28,9:36:27.822419849,T,TGT,F I,24,90.31
2025-11-28,9:36:30.792917703,T,TGT,F I,20,90.38
2025-11-28,9:36:31.839398811,T,TGT,I,69,90.37
2025-11-28,9:36:31.897241612,T,TGT,I,37,90.36
2025-11-28,9:36:31.897268738,T,TGT,I,63,90.36
2025-11-28,9:36:31.897274883,T,TGT,I,1,90.36
2025-11-28,9:36:31.897894198,T,TGT,F I,14,90.37
2025-11-28,9:36:34.371064235,T,TGT,F I,40,90.39
2025-11-28,9:36:34.371115361,T,TGT,I,13,90.38
2025-11-28,9:36:34.373869896,T,TGT,F I,63,90.38
2025-11-28,9:36:34.373939148,T,TGT,F I,37,90.38
2025-11-28,9:36:34.373978137,T,TGT,I,14,90.37
2025-11-28,9:36:34.373981175,T,TGT,,100,90.37
2025-11-28,9:36:34.374558683,T,TGT,F I,1,90.39
2025-11-28,9:36:34.454687408,T,TGT,F I,26,90.38
2025-11-28,9:36:34.454711495,T,TGT,F I,80,90.38
2025-11-28,9:36:34.464755400,T,TGT,I,26,90.39
2025-11-28,9:36:34.790323291,T,TGT,F I,63,90.39
2025-11-28,9:36:34.790443432,T,TGT,I,19,90.39
2025-11-28,9:36:34.790886027,T,TGT,I,56,90.39
2025-11-28,9:36:34.790886027,T,TGT,,100,90.38
2025-11-28,9:36:34.790888417,T,TGT,I,1,90.38
2025-11-28,9:36:34.790888417,T,TGT,I,44,90.38
2025-11-28,9:36:34.790903430,T,TGT,I,1,90.38
2025-11-28,9:36:34.790921981,T,TGT,I,55,90.38
2025-11-28,9:36:34.791309940,T,TGT,I,26,90.38
2025-11-28,9:36:34.791312439,T,TGT,I,29,90.38
2025-11-28,9:36:34.791688462,T,TGT,F,100,90.38
2025-11-28,9:36:34.791691261,T,TGT,F I,16,90.38
2025-11-28,9:36:34.791694442,T,TGT,F I,15,90.38
2025-11-28,9:36:34.791694442,T,TGT,F I,5,90.38
2025-11-28,9:36:34.791700965,T,TGT,F I,64,90.38
2025-11-28,9:36:34.791802728,T,TGT,F I,7,90.39
2025-11-28,9:36:34.791802728,T,TGT,F I,2,90.39
2025-11-28,9:36:34.791812182,T,TGT,F I,1,90.39
2025-11-28,9:36:34.791814579,T,TGT,F I,1,90.39
2025-11-28,9:36:34.792690670,T,TGT,F I,80,90.38
2025-11-28,9:36:34.792690670,T,TGT,F I,1,90.37
2025-11-28,9:36:34.792693061,T,TGT,F I,40,90.37
2025-11-28,9:36:34.792693061,T,TGT,F,140,90.37
2025-11-28,9:36:34.792695719,T,TGT,F I,18,90.37
2025-11-28,9:36:34.792713770,T,TGT,I,1,90.37
2025-11-28,9:36:34.792731784,T,TGT,F,330,90.37
2025-11-28,9:36:34.792752899,T,TGT,F,153,90.37
2025-11-28,9:36:34.792755939,T,TGT,F I,50,90.37
2025-11-28,9:36:34.792755939,T,TGT,F I,18,90.37
2025-11-28,9:36:34.792758844,T,TGT,F I,12,90.37
2025-11-28,9:36:34.800517391,T,TGT,F,100,90.36
2025-11-28,9:36:36.842770113,T,TGT,F I,2,90.31
2025-11-28,9:36:39.732206812,T,TGT,,100,90.305
2025-11-28,9:36:41.129112919,T,TGT,F I,1,90.34
2025-11-28,9:36:41.129112919,T,TGT,F,105,90.34
2025-11-28,9:36:41.129115600,T,TGT,F I,37,90.34
2025-11-28,9:36:41.129215281,T,TGT,,100,90.35
2025-11-28,9:36:41.129241927,T,TGT,F I,28,90.36
2025-11-28,9:36:41.129945513,T,TGT,F I,30,90.35
2025-11-28,9:36:41.186612499,T,TGT,I,2,90.38
2025-11-28,9:36:47.622689854,T,TGT,F I,60,90.4
2025-11-28,9:36:47.622692992,T,TGT,F I,25,90.4
2025-11-28,9:36:47.622695812,T,TGT,F I,2,90.41
2025-11-28,9:36:47.622695812,T,TGT,F I,13,90.41
2025-11-28,9:36:48.352923432,T,TGT,F I,60,90.4
2025-11-28,9:36:48.353728680,T,TGT,F I,48,90.42
2025-11-28,9:36:48.353731410,T,TGT,F I,29,90.42
2025-11-28,9:36:51.943714174,T,TGT,F I,60,90.44
2025-11-28,9:36:52.195973165,T,TGT,I,16,90.42
2025-11-28,9:36:56.322563250,T,TGT,F I,40,90.46
2025-11-28,9:37:01.134185571,T,TGT,F I,25,90.46
2025-11-28,9:37:01.135881538,T,TGT,F I,8,90.43
2025-11-28,9:37:03.463697302,T,TGT,F I,25,90.46
2025-11-28,9:37:03.463706437,T,TGT,F I,80,90.46
2025-11-28,9:37:03.463709746,T,TGT,F I,16,90.47
2025-11-28,9:37:03.463709746,T,TGT,F I,50,90.47
2025-11-28,9:37:03.463712605,T,TGT,F I,10,90.47
2025-11-28,9:37:03.464746734,T,TGT,F,488,90.5
2025-11-28,9:37:03.464942329,T,TGT,F I,88,90.485
2025-11-28,9:37:03.465405374,T,TGT,,100,90.48
2025-11-28,9:37:03.500358194,T,TGT,F I,40,90.47
2025-11-28,9:37:03.500390656,T,TGT,F I,46,90.47
2025-11-28,9:37:03.500390656,T,TGT,F,100,90.47
2025-11-28,9:37:03.500408713,T,TGT,I,1,90.47
2025-11-28,9:37:03.500781885,T,TGT,F I,99,90.47
2025-11-28,9:37:03.500781885,T,TGT,F,100,90.47
2025-11-28,9:37:03.500784651,T,TGT,F,147,90.47
2025-11-28,9:37:03.500805683,T,TGT,F,364,90.47
2025-11-28,9:37:05.790890552,T,TGT,F I,63,90.43
2025-11-28,9:37:05.790944721,T,TGT,F I,37,90.43
2025-11-28,9:37:05.791203248,T,TGT,F I,75,90.41
2025-11-28,9:37:05.791203248,T,TGT,F I,19,90.41
2025-11-28,9:37:05.791248402,T,TGT,F I,2,90.41
2025-11-28,9:37:05.809134992,T,TGT,I,6,90.38
2025-11-28,9:37:05.809291447,T,TGT,F I,1,90.37
2025-11-28,9:37:05.818761003,T,TGT,F,100,90.36
2025-11-28,9:37:05.818764006,T,TGT,F,100,90.36
2025-11-28,9:37:05.823388994,T,TGT,F I,20,90.35
2025-11-28,9:37:06.032257554,T,TGT,I,20,90.32
2025-11-28,9:37:07.870518988,T,TGT,F I,20,90.32
2025-11-28,9:37:07.870561146,T,TGT,F I,63,90.32
2025-11-28,9:37:07.870579213,T,TGT,F I,17,90.32
2025-11-28,9:37:07.870582153,T,TGT,F I,3,90.31
2025-11-28,9:37:07.870621277,T,TGT,F I,17,90.31
2025-11-28,9:37:07.870630338,T,TGT,I,10,90.34
2025-11-28,9:37:07.870663369,T,TGT,F I,15,90.32
2025-11-28,9:37:07.870666405,T,TGT,I,7,90.32
2025-11-28,9:37:07.870702537,T,TGT,F I,10,90.31
2025-11-28,9:37:07.870753622,T,TGT,I,15,90.32
2025-11-28,9:37:16.226926639,T,TGT,F I,25,90.34
2025-11-28,9:37:16.226926639,T,TGT,F I,25,90.33
2025-11-28,9:37:16.226929281,T,TGT,F I,13,90.33
2025-11-28,9:37:16.227227075,T,TGT,F I,36,90.32
2025-11-28,9:37:22.258939922,T,TGT,I,70,90.27
2025-11-28,9:37:22.258976008,T,TGT,F I,47,90.27
2025-11-28,9:37:22.258983028,T,TGT,F I,15,90.27
2025-11-28,9:37:22.258985268,T,TGT,,127,90.27
2025-11-28,9:37:22.258991095,T,TGT,F I,41,90.27
2025-11-28,9:37:22.258997162,T,TGT,F I,5,90.29
2025-11-28,9:37:22.259003134,T,TGT,F I,2,90.29
2025-11-28,9:37:22.259009141,T,TGT,F I,1,90.28
2025-11-28,9:37:22.259249656,T,TGT,I,63,90.27
2025-11-28,9:37:29.438337691,T,TGT,F I,5,90.23
2025-11-28,9:37:29.438340138,T,TGT,F I,97,90.23
2025-11-28,9:37:29.438352272,T,TGT,I,1,90.23
2025-11-28,9:37:29.438598758,T,TGT,F I,99,90.23
2025-11-28,9:37:58.859581049,T,TGT,F I,25,90.25
2025-11-28,9:37:58.859584045,T,TGT,F I,55,90.25
2025-11-28,9:38:03.212649792,T,TGT,I,10,90.26
2025-11-28,9:38:03.861638532,T,TGT,F,100,90.27
2025-11-28,9:38:03.861653000,T,TGT,I,1,90.27
2025-11-28,9:38:03.861659148,T,TGT,F I,79,90.27
2025-11-28,9:38:03.861659148,T,TGT,F I,31,90.27
2025-11-28,9:38:26.141095459,T,TGT,F I,82,90.35
2025-11-28,9:38:26.141095459,T,TGT,F I,5,90.35
2025-11-28,9:38:26.141098694,T,TGT,F I,13,90.35
2025-11-28,9:38:26.141116398,T,TGT,F I,52,90.35
2025-11-28,9:38:28.778886536,T,TGT,F I,25,90.34
2025-11-28,9:38:34.767882818,T,TGT,F I,1,90.38
2025-11-28,9:38:36.845189636,T,TGT,F I,63,90.31
2025-11-28,9:38:36.845288876,T,TGT,F I,37,90.31
2025-11-28,9:38:58.311615230,T,TGT,F I,80,90.34
2025-11-28,9:38:58.311615230,T,TGT,F I,20,90.34
2025-11-28,9:39:01.060084918,T,TGT,F,100,90.36
2025-11-28,9:39:01.060087930,T,TGT,F I,1,90.36
2025-11-28,9:39:01.066063199,T,TGT,F I,1,90.36
2025-11-28,9:39:05.755967310,T,TGT,F,100,90.37
2025-11-28,9:39:05.755988363,T,TGT,F I,6,90.37
2025-11-28,9:39:28.231122321,T,TGT,F,100,90.45
2025-11-28,9:39:28.231141107,T,TGT,I,6,90.45
2025-11-28,9:39:28.231143588,T,TGT,I,26,90.45
2025-11-28,9:39:30.051770705,T,TGT,I,10,90.42
2025-11-28,9:39:30.051770705,T,TGT,I,50,90.42
2025-11-28,9:39:30.051791480,T,TGT,I,6,90.42
2025-11-28,9:39:30.052997425,T,TGT,I,2,90.42
2025-11-28,9:39:41.951735790,T,TGT,F,100,90.44
2025-11-28,9:39:44.828109412,T,TGT,I,1,90.4
2025-11-28,9:39:44.830635478,T,TGT,,100,90.405
2025-11-28,9:39:52.037521493,T,TGT,I,20,90.38
2025-11-28,9:39:52.037524069,T,TGT,I,50,90.38
2025-11-28,9:39:52.037542058,T,TGT,I,1,90.38
2025-11-28,9:39:52.670267473,T,TGT,I,2,90.37
2025-11-28,9:39:59.161850919,T,TGT,F I,5,90.36
2025-11-28,9:39:59.161881033,T,TGT,F I,25,90.37
2025-11-28,9:39:59.161884330,T,TGT,F,100,90.37
2025-11-28,9:39:59.161884330,T,TGT,F I,1,90.37
2025-11-28,9:40:03.485949320,T,TGT,F I,4,90.41
2025-11-28,9:40:03.485951833,T,TGT,F I,1,90.41
2025-11-28,9:40:03.485954778,T,TGT,F,100,90.42
2025-11-28,9:40:03.485975972,T,TGT,I,1,90.42
2025-11-28,9:40:03.486228490,T,TGT,F I,25,90.42
2025-11-28,9:40:04.709154958,T,TGT,F I,25,90.42
2025-11-28,9:40:04.709160940,T,TGT,F I,49,90.42
2025-11-28,9:40:13.085015506,T,TGT,F I,2,90.47
2025-11-28,9:40:18.195035550,T,TGT,F I,10,90.48
2025-11-28,9:40:18.195441610,T,TGT,F I,20,90.49
2025-11-28,9:40:18.195495666,T,TGT,I,40,90.47
2025-11-28,9:40:18.195507679,T,TGT,I,40,90.47
2025-11-28,9:40:18.195576862,T,TGT,I,12,90.46
2025-11-28,9:40:18.195579872,T,TGT,,100,90.46
2025-11-28,9:40:18.195600885,T,TGT,I,1,90.46
2025-11-28,9:40:18.195616019,T,TGT,I,24,90.46
2025-11-28,9:40:18.195730218,T,TGT,I,8,90.46
2025-11-28,9:40:18.195730218,T,TGT,I,6,90.46
2025-11-28,9:40:18.195784518,T,TGT,I,9,90.46
2025-11-28,9:40:18.195784518,T,TGT,I,9,90.46
2025-11-28,9:40:18.195811444,T,TGT,,399,90.46
2025-11-28,9:40:18.195814975,T,TGT,I,12,90.46
2025-11-28,9:40:18.195817674,T,TGT,I,6,90.46
2025-11-28,9:40:18.195817674,T,TGT,I,88,90.46
2025-11-28,9:40:18.195820797,T,TGT,I,7,90.46
2025-11-28,9:40:18.195823507,T,TGT,I,8,90.46
2025-11-28,9:40:18.399273173,T,TGT,F,100,90.48
2025-11-28,9:40:18.399273173,T,TGT,F I,4,90.48
2025-11-28,9:40:18.400746730,T,TGT,F I,16,90.5
2025-11-28,9:40:18.400890965,T,TGT,F,125,90.5
2025-11-28,9:40:18.400903093,T,TGT,,275,90.5
2025-11-28,9:40:18.400927137,T,TGT,,100,90.5
2025-11-28,9:40:18.400939143,T,TGT,,100,90.49
2025-11-28,9:40:18.400954113,T,TGT,I,14,90.49
2025-11-28,9:40:18.401056446,T,TGT,,100,90.5
2025-11-28,9:40:18.401254929,T,TGT,F I,1,90.49
2025-11-28,9:40:18.402063766,T,TGT,F I,5,90.52
2025-11-28,9:40:18.420326360,T,TGT,F I,35,90.54
2025-11-28,9:40:18.420362372,T,TGT,I,12,90.54
2025-11-28,9:40:18.420967150,T,TGT,I,47,90.54
2025-11-28,9:40:18.439394778,T,TGT,F I,6,90.54
2025-11-28,9:40:18.456252951,T,TGT,F I,6,90.55
2025-11-28,9:40:18.456406887,T,TGT,I,11,90.54
2025-11-28,9:40:18.456406887,T,TGT,,100,90.53
2025-11-28,9:40:18.456409414,T,TGT,,100,90.53
2025-11-28,9:40:18.456412342,T,TGT,I,89,90.53
2025-11-28,9:40:18.456424262,T,TGT,F I,11,90.53
2025-11-28,9:40:27.034973697,T,TGT,,100,90.54
2025-11-28,9:40:27.038711621,T,TGT,F,100,90.53
2025-11-28,9:40:32.471553864,T,TGT,F,100,90.52
2025-11-28,9:40:32.471556959,T,TGT,F I,1,90.52
2025-11-28,9:40:43.749015029,T,TGT,I,25,90.53
2025-11-28,9:40:58.186897633,T,TGT,F I,4,90.56
2025-11-28,9:40:58.186903876,T,TGT,F,196,90.56
2025-11-28,9:40:58.186903876,T,TGT,F I,17,90.56
2025-11-28,9:40:58.214307971,T,TGT,F I,4,90.58
2025-11-28,9:41:00.035305450,T,TGT,F I,5,90.56
2025-11-28,9:41:00.035308234,T,TGT,F I,20,90.56
2025-11-28,9:41:00.035323387,T,TGT,F I,20,90.56
2025-11-28,9:41:00.035326245,T,TGT,I,25,90.56
2025-11-28,9:41:00.035368397,T,TGT,I,55,90.56
2025-11-28,9:41:03.600051901,T,TGT,F I,8,90.59
2025-11-28,9:41:05.099291536,T,TGT,F I,1,90.59
2025-11-28,9:41:06.066473722,T,TGT,F I,1,90.59
2025-11-28,9:41:07.502731495,T,TGT,F I,63,90.57
2025-11-28,9:41:07.746675674,T,TGT,I,80,90.57
2025-11-28,9:41:07.746940349,T,TGT,F I,25,90.57
2025-11-28,9:41:07.746949272,T,TGT,F I,25,90.57
2025-11-28,9:41:07.747033491,T,TGT,F I,63,90.57
2025-11-28,9:41:07.747120731,T,TGT,F I,44,90.57
2025-11-28,9:41:22.865515837,T,TGT,F I,63,90.59
2025-11-28,9:41:22.865563984,T,TGT,F I,37,90.59
2025-11-28,9:41:23.898888764,T,TGT,F I,1,90.56
2025-11-28,9:41:26.742330932,T,TGT,F,100,90.59
2025-11-28,9:41:26.757880962,T,TGT,F I,1,90.6
2025-11-28,9:41:26.757883989,T,TGT,F I,2,90.6
2025-11-28,9:41:26.758557626,T,TGT,I,25,90.59
2025-11-28,9:41:26.758590751,T,TGT,F I,63,90.59
2025-11-28,9:41:28.643661733,T,TGT,F I,4,90.6
2025-11-28,9:41:32.321856615,T,TGT,F I,25,90.59
2025-11-28,9:41:32.711509933,T,TGT,F I,82,90.57
2025-11-28,9:41:32.711720402,T,TGT,F I,5,90.56
2025-11-28,9:41:32.711723436,T,TGT,F,100,90.56
2025-11-28,9:41:32.755646911,T,TGT,F I,20,90.5
2025-11-28,9:41:32.755646911,T,TGT,F I,75,90.5
2025-11-28,9:41:32.755649089,T,TGT,F I,5,90.49
2025-11-28,9:41:32.755712375,T,TGT,F,100,90.5
2025-11-28,9:41:41.269102938,T,TGT,,100,90.51
2025-11-28,9:41:41.269105484,T,TGT,I,20,90.51
2025-11-28,9:41:41.269120499,T,TGT,F I,20,90.51
2025-11-28,9:41:41.269120499,T,TGT,I,1,90.51
2025-11-28,9:41:41.269138945,T,TGT,F I,42,90.51
2025-11-28,9:41:41.269767079,T,TGT,F I,37,90.51
2025-11-28,9:41:47.755652749,T,TGT,F I,28,90.53
2025-11-28,9:41:47.755655089,T,TGT,F I,9,90.53
2025-11-28,9:41:47.755673690,T,TGT,I,63,90.53
2025-11-28,9:41:47.755673690,T,TGT,I,7,90.53
2025-11-28,9:41:47.755676796,T,TGT,F I,3,90.53
2025-11-28,9:41:47.755676796,T,TGT,F I,1,90.53
2025-11-28,9:41:48.723195214,T,TGT,F I,32,90.57
2025-11-28,9:41:48.723195214,T,TGT,F I,68,90.57
2025-11-28,9:41:48.723198048,T,TGT,F I,65,90.57
2025-11-28,9:41:48.723204468,T,TGT,F,133,90.57
2025-11-28,9:41:48.723204468,T,TGT,F I,2,90.57
2025-11-28,9:41:48.723207068,T,TGT,,103,90.57
2025-11-28,9:41:49.125478437,T,TGT,F I,16,90.57
2025-11-28,9:41:49.125481434,T,TGT,F I,1,90.57
2025-11-28,9:41:49.668464006,T,TGT,F I,4,90.55
2025-11-28,9:41:49.668470108,T,TGT,F I,1,90.54
2025-11-28,9:41:49.668479082,T,TGT,F I,1,90.54
2025-11-28,9:42:01.143559243,T,TGT,F I,17,90.52
2025-11-28,9:43:04.656805112,T,TGT,F I,17,90.53
2025-11-28,9:43:04.656807549,T,TGT,F I,28,90.53
2025-11-28,9:43:04.657306754,T,TGT,F I,1,90.52
2025-11-28,9:43:04.657345930,T,TGT,F I,1,90.52
2025-11-28,9:43:04.709697631,T,TGT,F I,2,90.51
2025-11-28,9:43:04.709697631,T,TGT,F I,39,90.51
2025-11-28,9:43:04.709718610,T,TGT,F I,6,90.5
2025-11-28,9:43:05.292807737,T,TGT,I,22,90.49
2025-11-28,9:43:05.327390118,T,TGT,F I,2,90.48
2025-11-28,9:43:05.327390118,T,TGT,F I,20,90.48
2025-11-28,9:43:05.327396155,T,TGT,F I,78,90.48
2025-11-28,9:43:05.327411330,T,TGT,I,8,90.48
2025-11-28,9:43:05.451895850,T,TGT,F I,6,90.47
2025-11-28,9:43:05.451916763,T,TGT,I,2,90.47
2025-11-28,9:43:05.451916763,T,TGT,I,5,90.47
2025-11-28,9:43:05.451940884,T,TGT,I,8,90.47
2025-11-28,9:43:05.452644551,T,TGT,F I,67,90.49
2025-11-28,9:43:05.452644551,T,TGT,F I,6,90.49
2025-11-28,9:43:05.452656687,T,TGT,F I,27,90.49
2025-11-28,9:43:05.453134696,T,TGT,F,200,90.5
2025-11-28,9:43:05.453137861,T,TGT,F I,29,90.5
2025-11-28,9:43:05.453140696,T,TGT,F,200,90.5
2025-11-28,9:43:05.453140696,T,TGT,F I,19,90.5
2025-11-28,9:43:05.453796312,T,TGT,I,13,90.51
2025-11-28,9:43:05.453967739,T,TGT,,100,90.51
2025-11-28,9:43:05.453979787,T,TGT,I,34,90.51
2025-11-28,9:43:05.454003723,T,TGT,F I,15,90.51
2025-11-28,9:43:05.454021773,T,TGT,I,70,90.51
2025-11-28,9:43:05.455179560,T,TGT,F I,7,90.49
2025-11-28,9:43:05.459741585,T,TGT,F,100,90.5
2025-11-28,9:43:05.459762489,T,TGT,I,1,90.5
2025-11-28,9:43:05.461846472,T,TGT,F I,92,90.5
2025-11-28,9:43:05.461849470,T,TGT,F I,8,90.5
2025-11-28,9:43:05.461870550,T,TGT,F I,5,90.5
2025-11-28,9:43:05.461870550,T,TGT,F I,33,90.5
2025-11-28,9:43:05.461874189,T,TGT,F I,67,90.5
2025-11-28,9:43:05.466901450,T,TGT,F I,33,90.52
2025-11-28,9:43:05.466901450,T,TGT,F I,67,90.52
2025-11-28,9:43:05.466922546,T,TGT,I,1,90.52
2025-11-28,9:43:05.475637343,T,TGT,F I,25,90.51
2025-11-28,9:43:05.475640356,T,TGT,F I,33,90.5
2025-11-28,9:43:05.475640356,T,TGT,F I,1,90.5
2025-11-28,9:43:05.475643388,T,TGT,F I,41,90.5
2025-11-28,9:43:05.513644870,T,TGT,I,34,90.51
2025-11-28,9:43:05.513647840,T,TGT,I,67,90.51
2025-11-28,9:43:05.527423935,T,TGT,F I,80,90.5
2025-11-28,9:43:05.527423935,T,TGT,F I,20,90.5
2025-11-28,9:43:05.529781363,T,TGT,F,100,90.5
2025-11-28,9:43:07.032990467,T,TGT,I,30,90.515
2025-11-28,9:43:10.026141321,T,TGT,,100,90.56
2025-11-28,9:43:10.026144368,T,TGT,,200,90.56
2025-11-28,9:43:10.026148037,T,TGT,I,12,90.56
2025-11-28,9:43:10.026150427,T,TGT,F,160,90.56
2025-11-28,9:43:21.066550981,T,TGT,I,16,90.58
2025-11-28,9:43:21.072288623,T,TGT,I,23,90.56
2025-11-28,9:43:21.072297943,T,TGT,F I,23,90.56
2025-11-28,9:43:21.072300597,T,TGT,F I,23,90.56
2025-11-28,9:43:21.072303692,T,TGT,F I,23,90.56
2025-11-28,9:43:21.072315710,T,TGT,I,23,90.56
2025-11-28,9:43:21.354980155,T,TGT,F,100,90.55
2025-11-28,9:43:26.408399639,T,TGT,F,100,90.56
2025-11-28,9:43:26.408399639,T,TGT,F,100,90.56
2025-11-28,9:43:27.763827439,T,TGT,F I,11,90.56
2025-11-28,9:43:34.019026806,T,TGT,I,50,90.53
2025-11-28,9:43:34.019072083,T,TGT,F I,50,90.53
2025-11-28,9:43:34.019077869,T,TGT,I,50,90.53
2025-11-28,9:43:34.020521340,T,TGT,,100,90.52
2025-11-28,9:43:34.020540381,T,TGT,I,1,90.52
2025-11-28,9:43:34.021639953,T,TGT,F I,50,90.52
2025-11-28,9:43:42.789039662,T,TGT,F,134,90.52
2025-11-28,9:43:42.789039662,T,TGT,F I,12,90.52
2025-11-28,9:43:59.128499539,T,TGT,F I,7,90.54
2025-11-28,9:43:59.128503053,T,TGT,F,100,90.54
2025-11-28,9:43:59.128503053,T,TGT,F I,85,90.54
2025-11-28,9:43:59.128505454,T,TGT,F I,15,90.54
2025-11-28,9:43:59.128764105,T,TGT,F I,63,90.55
2025-11-28,9:43:59.129654194,T,TGT,I,37,90.55
2025-11-28,9:44:00.018559942,T,TGT,F I,14,90.57
2025-11-28,9:44:00.018559942,T,TGT,F I,1,90.57
2025-11-28,9:44:06.944759824,T,TGT,F I,25,90.58
2025-11-28,9:44:06.944759824,T,TGT,F I,75,90.59
2025-11-28,9:44:06.944780884,T,TGT,F I,25,90.59
2025-11-28,9:44:06.944780884,T,TGT,F I,20,90.59
2025-11-28,9:44:06.944786797,T,TGT,F,100,90.59
2025-11-28,9:44:06.944789804,T,TGT,F I,10,90.59
2025-11-28,9:44:19.968216765,T,TGT,F I,12,90.59
2025-11-28,9:44:19.968258802,T,TGT,F,119,90.58
2025-11-28,9:44:43.039412455,T,TGT,,100,90.6
2025-11-28,9:44:43.039415573,T,TGT,I,15,90.6
2025-11-28,9:44:43.039415573,T,TGT,,100,90.6
2025-11-28,9:44:43.039971788,T,TGT,,100,90.59
2025-11-28,9:44:43.040200351,T,TGT,F,100,90.58
2025-11-28,9:44:43.047739267,T,TGT,F I,34,90.57
2025-11-28,9:44:43.059031144,T,TGT,F,100,90.57
2025-11-28,9:44:43.059052196,T,TGT,I,1,90.57
2025-11-28,9:44:43.082162255,T,TGT,I,80,90.57
2025-11-28,9:44:43.107482586,T,TGT,I,20,90.57
2025-11-28,9:44:43.146025427,T,TGT,I,37,90.57
2025-11-28,9:44:45.490182117,T,TGT,F I,42,90.6
2025-11-28,9:44:45.490203155,T,TGT,I,14,90.6
2025-11-28,9:44:45.539234965,T,TGT,F I,80,90.6
2025-11-28,9:44:45.539238016,T,TGT,F,100,90.61
2025-11-28,9:44:45.539238016,T,TGT,F I,20,90.61
2025-11-28,9:44:45.539252976,T,TGT,I,1,90.61
2025-11-28,9:44:45.539277312,T,TGT,I,79,90.61
2025-11-28,9:44:45.539277312,T,TGT,I,12,90.61
2025-11-28,9:44:45.539280115,T,TGT,I,42,90.61
2025-11-28,9:44:45.539280115,T,TGT,I,80,90.61
2025-11-28,9:44:45.539605140,T,TGT,,100,90.6
2025-11-28,9:44:45.539605140,T,TGT,,100,90.6
2025-11-28,9:44:45.539608449,T,TGT,I,42,90.6
2025-11-28,9:44:45.540173184,T,TGT,F I,42,90.6
2025-11-28,9:44:45.540173184,T,TGT,F I,12,90.6
2025-11-28,9:44:51.406750657,T,TGT,F I,38,90.6
2025-11-28,9:44:51.406750657,T,TGT,F I,62,90.6
2025-11-28,9:44:56.866943028,T,TGT,F I,23,90.61
2025-11-28,9:44:56.866946325,T,TGT,F,100,90.61
2025-11-28,9:44:56.866949173,T,TGT,F,100,90.61
2025-11-28,9:44:56.866949173,T,TGT,F,100,90.61
2025-11-28,9:45:00.045777229,T,TGT,I,22,90.625
2025-11-28,9:45:03.501772699,T,TGT,F I,2,90.64
2025-11-28,9:45:08.639200132,T,TGT,F I,20,90.61
2025-11-28,9:45:08.639624108,T,TGT,F I,2,90.61
2025-11-28,9:45:08.656346941,T,TGT,F I,51,90.6
2025-11-28,9:45:08.656386054,T,TGT,I,1,90.6
2025-11-28,9:45:08.656410115,T,TGT,,148,90.6
2025-11-28,9:45:08.656410115,T,TGT,I,10,90.6
2025-11-28,9:45:08.656428121,T,TGT,I,1,90.6
2025-11-28,9:45:08.656437154,T,TGT,I,5,90.6
2025-11-28,9:45:08.656999684,T,TGT,F I,20,90.61
2025-11-28,9:45:08.656999684,T,TGT,F I,14,90.61
2025-11-28,9:45:08.667115562,T,TGT,F I,18,90.62
2025-11-28,9:45:08.676116082,T,TGT,F I,1,90.625
2025-11-28,9:45:13.227077280,T,TGT,F,100,90.64
2025-11-28,9:45:13.227092992,T,TGT,I,1,90.64
2025-11-28,9:45:13.227095308,T,TGT,F I,38,90.64
2025-11-28,9:45:13.227919220,T,TGT,I,18,90.64
2025-11-28,9:45:13.228159836,T,TGT,F I,10,90.65
2025-11-28,9:45:13.228454777,T,TGT,I,1,90.64
2025-11-28,9:45:13.228454777,T,TGT,,113,90.64
2025-11-28,9:45:13.229567268,T,TGT,,100,90.65
2025-11-28,9:45:13.232463098,T,TGT,I,1,90.64
2025-11-28,9:45:13.232487640,T,TGT,I,59,90.64
2025-11-28,9:45:17.267704597,T,TGT,F,100,90.66
2025-11-28,9:45:17.267707670,T,TGT,F I,19,90.66
2025-11-28,9:45:17.267710569,T,TGT,F,107,90.66
2025-11-28,9:45:18.707012170,T,TGT,F I,16,90.67
2025-11-28,9:45:18.707012170,T,TGT,F I,1,90.68
2025-11-28,9:45:18.707014599,T,TGT,F I,58,90.68
2025-11-28,9:45:18.727352009,T,TGT,F I,42,90.68
2025-11-28,9:45:19.944619029,T,TGT,F I,13,90.69
2025-11-28,9:45:19.944766588,T,TGT,I,41,90.68
2025-11-28,9:45:26.319668979,T,TGT,I,14,90.69
2025-11-28,9:45:26.319816345,T,TGT,F I,14,90.69
2025-11-28,9:45:26.319819351,T,TGT,I,14,90.69
2025-11-28,9:45:26.319822527,T,TGT,F I,1,90.69
2025-11-28,9:45:31.789722606,T,TGT,F I,10,90.72
2025-11-28,9:45:31.789728315,T,TGT,F,100,90.72
2025-11-28,9:45:31.789728315,T,TGT,F I,20,90.72
2025-11-28,9:45:33.877803420,T,TGT,I,3,90.75
2025-11-28,9:45:33.877899742,T,TGT,I,75,90.755
2025-11-28,9:45:33.877929728,T,TGT,I,22,90.755
2025-11-28,9:45:33.878443918,T,TGT,I,39,90.75
2025-11-28,9:45:34.032531175,T,TGT,F I,24,90.77
2025-11-28,9:45:34.032534614,T,TGT,F I,9,90.77
2025-11-28,9:45:40.037690639,T,TGT,F I,63,90.74
2025-11-28,9:45:40.037690639,T,TGT,F I,37,90.74
2025-11-28,9:45:40.037693694,T,TGT,F I,4,90.72
2025-11-28,9:45:40.037826476,T,TGT,F I,10,90.72
2025-11-28,9:45:40.037826476,T,TGT,F I,10,90.72
2025-11-28,9:45:40.059706084,T,TGT,F I,20,90.7
2025-11-28,9:45:41.322685047,T,TGT,F I,40,90.69
2025-11-28,9:45:46.447554448,T,TGT,F I,6,90.71
2025-11-28,9:45:46.448619072,T,TGT,I,18,90.71
2025-11-28,9:45:46.448751328,T,TGT,I,1,90.71
2025-11-28,9:45:46.496802776,T,TGT,I,12,90.71
2025-11-28,9:45:55.773290987,T,TGT,F I,22,90.72
2025-11-28,9:45:55.773327029,T,TGT,I,29,90.72
2025-11-28,9:45:55.773693910,T,TGT,F,100,90.72
2025-11-28,9:45:55.773718007,T,TGT,,100,90.71
2025-11-28,9:46:05.754856971,T,TGT,F,100,90.72
2025-11-28,9:46:05.754860328,T,TGT,F I,43,90.72
2025-11-28,9:46:05.754860328,T,TGT,F I,57,90.72
2025-11-28,9:46:05.754863168,T,TGT,F,133,90.72
2025-11-28,9:46:05.754865956,T,TGT,F I,67,90.72
2025-11-28,9:46:05.754865956,T,TGT,F I,80,90.72
2025-11-28,9:46:06.066892394,T,TGT,F I,37,90.76
2025-11-28,9:46:06.066892394,T,TGT,F I,16,90.76
2025-11-28,9:46:12.122930401,T,TGT,F I,16,90.78
2025-11-28,9:46:12.123035419,T,TGT,F I,11,90.79
2025-11-28,9:46:12.123072112,T,TGT,I,46,90.79
2025-11-28,9:46:12.123072112,T,TGT,,100,90.79
2025-11-28,9:46:12.123074834,T,TGT,I,11,90.79
2025-11-28,9:46:12.123074834,T,TGT,I,16,90.79
2025-11-28,9:46:12.123327064,T,TGT,I,80,90.78
2025-11-28,9:46:12.123330120,T,TGT,I,12,90.77
2025-11-28,9:46:12.123333080,T,TGT,I,25,90.77
2025-11-28,9:46:12.123333080,T,TGT,I,91,90.77
2025-11-28,9:46:12.123351196,T,TGT,I,1,90.77
2025-11-28,9:46:12.123369451,T,TGT,I,8,90.77
2025-11-28,9:46:12.123372830,T,TGT,I,34,90.77
2025-11-28,9:46:12.123375355,T,TGT,I,37,90.77
2025-11-28,9:46:12.123402286,T,TGT,I,18,90.76
2025-11-28,9:46:12.346849606,T,TGT,,100,90.75
2025-11-28,9:46:14.143368838,T,TGT,F I,12,90.76
2025-11-28,9:46:14.143368838,T,TGT,F I,25,90.76
2025-11-28,9:46:14.143371561,T,TGT,F I,34,90.76
2025-11-28,9:46:14.143389614,T,TGT,I,1,90.76
2025-11-28,9:46:17.138792952,T,TGT,,100,90.77
2025-11-28,9:46:23.364134093,T,TGT,I,12,90.8
2025-11-28,9:46:23.746428817,T,TGT,,100,90.82
2025-11-28,9:46:23.790366571,T,TGT,I,3,90.84
2025-11-28,9:46:24.757001375,T,TGT,F I,4,90.85
2025-11-28,9:46:24.757001375,T,TGT,F,200,90.85
2025-11-28,9:46:24.757416345,T,TGT,F,100,90.86
2025-11-28,9:46:24.757506636,T,TGT,,100,90.86
2025-11-28,9:46:24.757804450,T,TGT,I,16,90.86
2025-11-28,9:46:24.757807293,T,TGT,I,33,90.86
2025-11-28,9:46:24.757846406,T,TGT,I,80,90.86
2025-11-28,9:46:24.757849397,T,TGT,I,60,90.85
2025-11-28,9:46:24.758301295,T,TGT,,100,90.86
2025-11-28,9:46:24.763587091,T,TGT,I,10,90.87
2025-11-28,9:46:24.768609612,T,TGT,I,80,90.87
2025-11-28,9:46:24.768609612,T,TGT,I,1,90.86
2025-11-28,9:46:24.768613648,T,TGT,I,18,90.86
2025-11-28,9:46:24.768613648,T,TGT,,100,90.86
2025-11-28,9:46:24.768615113,T,TGT,I,80,90.86
2025-11-28,9:46:24.768774370,T,TGT,I,80,90.86
2025-11-28,9:46:27.518320992,T,TGT,F I,18,90.87
2025-11-28,9:46:27.518320992,T,TGT,F I,1,90.87
2025-11-28,9:46:31.651027722,T,TGT,I,5,90.89
2025-11-28,9:46:32.718907857,T,TGT,F I,1,90.9
2025-11-28,9:46:32.718910753,T,TGT,F I,1,90.9
2025-11-28,9:46:32.718914838,T,TGT,F I,5,90.9
2025-11-28,9:46:32.718916852,T,TGT,F I,93,90.9
2025-11-28,9:46:32.718932216,T,TGT,F,307,90.9
2025-11-28,9:46:32.718932216,T,TGT,F,200,90.9
2025-11-28,9:46:32.718935025,T,TGT,F I,54,90.9
2025-11-28,9:46:32.722086415,T,TGT,F I,1,90.89
2025-11-28,9:46:32.722206651,T,TGT,F I,11,90.88
2025-11-28,9:46:32.722206651,T,TGT,F I,23,90.88
2025-11-28,9:46:32.722209725,T,TGT,F,100,90.88
2025-11-28,9:46:32.728223969,T,TGT,F I,60,90.88
2025-11-28,9:46:32.728233276,T,TGT,F I,40,90.88
2025-11-28,9:46:32.728236037,T,TGT,F I,60,90.87
2025-11-28,9:46:32.729429842,T,TGT,F I,23,90.88
2025-11-28,9:46:32.741381136,T,TGT,F,100,90.88
2025-11-28,9:46:32.741383778,T,TGT,F I,70,90.88
2025-11-28,9:46:32.741386389,T,TGT,F,507,90.88
2025-11-28,9:46:32.741386389,T,TGT,F I,46,90.88
2025-11-28,9:46:32.741401436,T,TGT,I,1,90.88
2025-11-28,9:46:32.741408197,T,TGT,F,253,90.88
2025-11-28,9:46:32.741408197,T,TGT,F I,8,90.88
2025-11-28,9:46:32.741408197,T,TGT,F I,5,90.88
2025-11-28,9:46:32.741410347,T,TGT,F I,13,90.88
2025-11-28,9:46:32.741840476,T,TGT,F I,5,90.87
2025-11-28,9:46:35.009828679,T,TGT,I,40,90.88
2025-11-28,9:46:37.969747398,T,TGT,F I,30,90.89
2025-11-28,9:46:37.969750336,T,TGT,F I,11,90.89
2025-11-28,9:46:37.969753507,T,TGT,F I,1,90.89
2025-11-28,9:46:37.969756533,T,TGT,F I,50,90.9
2025-11-28,9:46:37.969756533,T,TGT,F I,8,90.9
2025-11-28,9:46:37.969816562,T,TGT,I,2,90.9
2025-11-28,9:46:37.969819553,T,TGT,,100,90.9
2025-11-28,9:46:39.108142493,T,TGT,I,63,90.905
2025-11-28,9:46:39.108253745,T,TGT,I,11,90.91
2025-11-28,9:46:39.108253745,T,TGT,I,31,90.91
2025-11-28,9:46:39.595844364,T,TGT,F I,20,90.9
2025-11-28,9:46:39.595874468,T,TGT,I,80,90.9
2025-11-28,9:46:39.795766673,T,TGT,F I,20,90.88
2025-11-28,9:46:39.932809210,T,TGT,I,31,90.88
2025-11-28,9:46:41.534698676,T,TGT,F I,13,90.88
2025-11-28,9:46:41.534698676,T,TGT,F I,10,90.88
2025-11-28,9:46:41.534701507,T,TGT,F I,42,90.88
2025-11-28,9:46:41.534704487,T,TGT,F,269,90.88
2025-11-28,9:46:41.534704487,T,TGT,F,148,90.87
2025-11-28,9:46:41.535059383,T,TGT,F I,52,90.87
2025-11-28,9:46:41.535534693,T,TGT,I,24,90.88
2025-11-28,9:46:41.535534693,T,TGT,I,30,90.89
2025-11-28,9:46:41.535603670,T,TGT,I,9,90.89
2025-11-28,9:46:41.535814487,T,TGT,I,91,90.89
2025-11-28,9:46:41.535814487,T,TGT,I,9,90.89
2025-11-28,9:46:41.535835261,T,TGT,I,6,90.89
2025-11-28,9:46:41.535838197,T,TGT,I,1,90.89
2025-11-28,9:46:41.536124115,T,TGT,F I,20,90.89
2025-11-28,9:46:41.536126883,T,TGT,F I,80,90.89
2025-11-28,9:46:42.077969792,T,TGT,I,90,90.9
2025-11-28,9:46:42.077972757,T,TGT,I,11,90.9
2025-11-28,9:46:45.392036206,T,TGT,I,68,90.93
2025-11-28,9:46:45.392054260,T,TGT,I,1,90.93
2025-11-28,9:46:45.392114663,T,TGT,I,31,90.93
2025-11-28,9:46:45.392117391,T,TGT,,100,90.93
2025-11-28,9:46:47.952606428,T,TGT,I,10,90.93
2025-11-28,9:46:59.472081354,T,TGT,F I,14,90.96
2025-11-28,9:46:59.472084341,T,TGT,F I,51,90.96
2025-11-28,9:46:59.525359252,T,TGT,I,1,90.98
2025-11-28,9:46:59.525359252,T,TGT,I,15,90.98
2025-11-28,9:47:01.106249618,T,TGT,F I,16,90.95
2025-11-28,9:47:01.122322942,T,TGT,I,4,90.97
2025-11-28,9:47:03.147518651,T,TGT,F I,38,90.965
2025-11-28,9:47:03.400505366,T,TGT,F,113,90.94
2025-11-28,9:47:03.400508464,T,TGT,F I,4,90.94
2025-11-28,9:47:03.400547512,T,TGT,F I,1,90.93
2025-11-28,9:47:03.400583606,T,TGT,I,19,90.93
2025-11-28,9:47:04.672977962,T,TGT,F I,20,90.92
2025-11-28,9:47:04.672980879,T,TGT,F I,1,90.92
2025-11-28,9:47:04.672999102,T,TGT,F I,1,90.92
2025-11-28,9:47:04.672999102,T,TGT,I,21,90.92
2025-11-28,9:47:04.748060767,T,TGT,F I,4,90.91
2025-11-28,9:47:05.388412321,T,TGT,F,100,90.91
2025-11-28,9:47:05.388412321,T,TGT,F I,14,90.9
2025-11-28,9:47:05.388433728,T,TGT,I,86,90.9
2025-11-28,9:47:05.388433728,T,TGT,I,4,90.9
2025-11-28,9:47:05.388436446,T,TGT,I,10,90.9
2025-11-28,9:47:05.389341499,T,TGT,F I,17,90.92
2025-11-28,9:47:05.389344549,T,TGT,F I,10,90.92
2025-11-28,9:47:05.389347730,T,TGT,F I,7,90.92
2025-11-28,9:47:05.389351115,T,TGT,F I,7,90.92
2025-11-28,9:47:05.390055150,T,TGT,I,11,90.91
2025-11-28,9:47:05.390057964,T,TGT,I,19,90.91
2025-11-28,9:47:05.390060915,T,TGT,I,1,90.91
2025-11-28,9:47:05.390060915,T,TGT,I,1,90.91
2025-11-28,9:47:05.390066242,T,TGT,,147,90.91
2025-11-28,9:47:05.390066242,T,TGT,I,29,90.91
2025-11-28,9:47:05.390174741,T,TGT,F I,19,90.92
2025-11-28,9:47:05.390174741,T,TGT,F I,44,90.92
2025-11-28,9:47:05.390195570,T,TGT,F I,56,90.92
2025-11-28,9:47:05.390333926,T,TGT,I,44,90.91
2025-11-28,9:47:05.390333926,T,TGT,I,56,90.91
2025-11-28,9:47:11.242717628,T,TGT,I,21,90.92
2025-11-28,9:47:11.242717628,T,TGT,I,3,90.92
2025-11-28,9:47:11.278990024,T,TGT,I,2,90.92
2025-11-28,9:47:11.280256032,T,TGT,I,12,90.92
2025-11-28,9:47:11.280256032,T,TGT,I,18,90.91
2025-11-28,9:47:11.280259365,T,TGT,I,1,90.91
2025-11-28,9:47:11.280259365,T,TGT,I,6,90.91
2025-11-28,9:47:11.280292109,T,TGT,I,1,90.91
2025-11-28,9:47:13.181902533,T,TGT,I,9,90.92
2025-11-28,9:47:15.023243349,T,TGT,I,18,90.93
2025-11-28,9:47:15.184791221,T,TGT,I,14,90.94
2025-11-28,9:47:16.658166389,T,TGT,,100,90.95
2025-11-28,9:47:16.658169405,T,TGT,I,12,90.95
2025-11-28,9:47:16.658169405,T,TGT,I,10,90.95
2025-11-28,9:47:16.658187389,T,TGT,I,1,90.95
2025-11-28,9:47:16.658563279,T,TGT,I,1,90.94
2025-11-28,9:47:16.658566339,T,TGT,I,5,90.94
2025-11-28,9:47:16.658566339,T,TGT,I,17,90.94
2025-11-28,9:47:18.306868544,T,TGT,I,1,90.95
2025-11-28,9:47:18.306868544,T,TGT,I,27,90.95
2025-11-28,9:47:18.306976544,T,TGT,I,5,90.96
2025-11-28,9:47:24.360716909,T,TGT,F I,20,90.96
2025-11-28,9:47:24.361093021,T,TGT,F I,38,90.97
2025-11-28,9:47:24.361510759,T,TGT,F I,14,90.97
2025-11-28,9:47:27.392753480,T,TGT,,145,90.98
2025-11-28,9:47:27.392768453,T,TGT,I,1,90.98
2025-11-28,9:47:33.477665989,T,TGT,F,100,90.99
2025-11-28,9:47:33.477684074,T,TGT,I,1,90.99
2025-11-28,9:47:33.477708059,T,TGT,I,99,90.99
2025-11-28,9:47:33.478390679,T,TGT,F I,10,90.98
2025-11-28,9:47:33.478393686,T,TGT,F I,1,90.98
2025-11-28,9:47:33.478396816,T,TGT,F I,24,90.98
2025-11-28,9:47:33.478396816,T,TGT,F I,45,90.98
2025-11-28,9:47:35.774580224,T,TGT,F I,24,90.99
2025-11-28,9:47:35.774580224,T,TGT,F I,1,90.99
2025-11-28,9:47:35.774586144,T,TGT,F I,10,90.99
2025-11-28,9:47:35.774586144,T,TGT,F I,30,90.99
2025-11-28,9:47:35.774589238,T,TGT,F I,11,90.99
2025-11-28,9:47:35.774589238,T,TGT,F I,10,90.99
2025-11-28,9:47:35.775067263,T,TGT,I,10,90.98
2025-11-28,9:47:35.775067263,T,TGT,I,19,90.98
2025-11-28,9:47:35.775070285,T,TGT,I,24,90.98
2025-11-28,9:47:35.775268904,T,TGT,F I,42,90.97
2025-11-28,9:47:35.775272635,T,TGT,F I,42,90.97
2025-11-28,9:47:35.775274799,T,TGT,F,100,90.97
2025-11-28,9:47:35.775277865,T,TGT,F I,12,90.97
2025-11-28,9:47:35.907253268,T,TGT,F I,20,90.96
2025-11-28,9:47:35.908356833,T,TGT,F I,63,90.95
2025-11-28,9:47:35.908886315,T,TGT,I,37,90.95
2025-11-28,9:47:35.996325690,T,TGT,F I,20,90.94
2025-11-28,9:47:35.996325690,T,TGT,F,100,90.94
2025-11-28,9:47:36.990109003,T,TGT,F,100,90.94
2025-11-28,9:47:36.990115144,T,TGT,F I,10,90.94
2025-11-28,9:47:36.990118237,T,TGT,F I,17,90.94
2025-11-28,9:47:36.990121246,T,TGT,F I,2,90.94
2025-11-28,9:47:36.990121246,T,TGT,F I,20,90.94
2025-11-28,9:47:37.284510403,T,TGT,,100,90.96
2025-11-28,9:47:46.033917863,T,TGT,I,10,90.98
2025-11-28,9:47:46.601887077,T,TGT,I,10,90.98
2025-11-28,9:47:46.602470506,T,TGT,I,10,90.99
2025-11-28,9:47:46.603005767,T,TGT,I,10,90.99
2025-11-28,9:47:46.603189676,T,TGT,F,500,91.0
2025-11-28,9:47:46.603192150,T,TGT,F I,30,91.0
2025-11-28,9:47:46.603195223,T,TGT,F,190,91.0
2025-11-28,9:47:46.603201206,T,TGT,F I,5,91.0
2025-11-28,9:47:46.603204268,T,TGT,F I,1,91.0
2025-11-28,9:47:46.603207341,T,TGT,F I,10,91.0
2025-11-28,9:47:46.603207341,T,TGT,F I,1,91.0
2025-11-28,9:47:46.603211577,T,TGT,F I,1,91.0
2025-11-28,9:47:46.603211577,T,TGT,F I,4,91.0
2025-11-28,9:47:46.603214718,T,TGT,F I,11,91.0
2025-11-28,9:47:46.603214718,T,TGT,F I,6,91.0
2025-11-28,9:47:46.603219777,T,TGT,F I,1,91.0
2025-11-28,9:47:46.603223142,T,TGT,F I,5,91.0
2025-11-28,9:47:46.603223142,T,TGT,F I,1,91.0
2025-11-28,9:47:46.603225545,T,TGT,F,400,91.0
2025-11-28,9:47:46.603228320,T,TGT,F,500,91.0
2025-11-28,9:47:46.603228320,T,TGT,F,200,91.0
2025-11-28,9:47:46.605128862,T,TGT,F I,5,91.01
2025-11-28,9:47:46.605128862,T,TGT,F I,1,91.01
2025-11-28,9:47:46.605892773,T,TGT,F,100,91.02
2025-11-28,9:47:46.605896451,T,TGT,F,100,91.02
2025-11-28,9:47:46.605896451,T,TGT,F I,12,91.02
2025-11-28,9:47:46.605898674,T,TGT,F I,14,91.02
2025-11-28,9:47:46.605901666,T,TGT,F,100,91.02
2025-11-28,9:47:46.605901666,T,TGT,F,100,91.02
2025-11-28,9:47:59.832363003,T,TGT,F I,1,91.05
2025-11-28,9:47:59.832366177,T,TGT,F,100,91.05
2025-11-28,9:47:59.845970606,T,TGT,I,80,91.07
2025-11-28,9:47:59.846013923,T,TGT,I,34,91.06
2025-11-28,9:47:59.846015699,T,TGT,,100,91.06
2025-11-28,9:47:59.846018521,T,TGT,,100,91.06
2025-11-28,9:47:59.846027591,T,TGT,I,4,91.07
2025-11-28,9:48:09.440400140,T,TGT,F I,63,91.05
2025-11-28,9:48:09.440484328,T,TGT,F I,63,91.05
2025-11-28,9:48:09.440649680,T,TGT,F I,63,91.05
2025-11-28,9:48:09.440670744,T,TGT,I,11,91.05
2025-11-28,9:48:14.635035871,T,TGT,I,11,91.04
2025-11-28,9:48:14.635035871,T,TGT,I,2,91.04
2025-11-28,9:48:14.635050976,T,TGT,F I,98,91.04
2025-11-28,9:48:14.635050976,T,TGT,F I,14,91.04
2025-11-28,9:48:14.635057222,T,TGT,I,86,91.04
2025-11-28,9:48:14.635057222,T,TGT,I,24,91.04
2025-11-28,9:48:14.635059838,T,TGT,I,16,91.04
2025-11-28,9:48:19.067947753,T,TGT,F I,14,91.03
2025-11-28,9:48:19.067972143,T,TGT,F,100,91.03
2025-11-28,9:48:21.082898139,T,TGT,F,562,91.01
2025-11-28,9:48:21.083631894,T,TGT,,933,91.01
2025-11-28,9:48:21.084188255,T,TGT,F,100,91.01
2025-11-28,9:48:21.084191719,T,TGT,F,933,91.01
2025-11-28,9:48:21.084195034,T,TGT,F I,1,91.01
2025-11-28,9:48:21.084195034,T,TGT,F,100,91.01
2025-11-28,9:48:21.084200227,T,TGT,F I,20,91.02
2025-11-28,9:48:21.084200227,T,TGT,F,100,91.02
2025-11-28,9:48:21.084203868,T,TGT,F,100,91.02
2025-11-28,9:48:21.084203868,T,TGT,F I,12,91.02
2025-11-28,9:48:21.084206351,T,TGT,F I,88,91.02
2025-11-28,9:48:21.084209538,T,TGT,F,100,91.02
2025-11-28,9:48:21.084759590,T,TGT,,100,91.02
2025-11-28,9:48:21.123221238,T,TGT,I,40,91.01
2025-11-28,9:48:26.622918754,T,TGT,F I,23,91.01
2025-11-28,9:48:26.623138209,T,TGT,I,20,91.0
2025-11-28,9:48:26.623141331,T,TGT,I,5,91.0
2025-11-28,9:48:26.623141331,T,TGT,,100,91.0
2025-11-28,9:48:26.623288605,T,TGT,I,1,91.0
2025-11-28,9:48:26.623288605,T,TGT,I,1,91.0
2025-11-28,9:48:26.623363789,T,TGT,I,16,91.0
2025-11-28,9:48:26.624247873,T,TGT,I,2,91.01
2025-11-28,9:48:26.624250905,T,TGT,I,1,91.01
2025-11-28,9:48:26.624255078,T,TGT,I,1,91.01
2025-11-28,9:48:26.624255078,T,TGT,I,16,91.01
2025-11-28,9:48:26.624259952,T,TGT,I,10,91.02
2025-11-28,9:48:26.624259952,T,TGT,I,19,91.02
2025-11-28,9:48:26.624262918,T,TGT,I,11,91.02
2025-11-28,9:48:26.710484332,T,TGT,I,14,91.02
2025-11-28,9:48:26.915139856,T,TGT,I,2,91.02
2025-11-28,9:48:26.915157907,T,TGT,I,2,91.02
2025-11-28,9:48:26.915464707,T,TGT,I,75,91.02
2025-11-28,9:48:26.915504719,T,TGT,I,5,91.02
2025-11-28,9:48:26.915504719,T,TGT,I,28,91.02
2025-11-28,9:48:26.915509758,T,TGT,,100,91.03
2025-11-28,9:48:26.915536854,T,TGT,I,80,91.03
2025-11-28,9:48:27.026254560,T,TGT,F I,80,91.03
2025-11-28,9:48:27.220177544,T,TGT,I,10,91.02
2025-11-28,9:48:27.220177544,T,TGT,I,24,91.02
2025-11-28,9:48:28.692609150,T,TGT,F,100,91.02
2025-11-28,9:48:28.692609150,T,TGT,F I,24,91.02
2025-11-28,9:48:28.692611777,T,TGT,F I,83,91.02
2025-11-28,9:48:28.692611777,T,TGT,F I,17,91.02
2025-11-28,9:48:28.692653819,T,TGT,I,20,91.01
2025-11-28,9:48:28.692653819,T,TGT,I,24,91.01
2025-11-28,9:48:28.935873341,T,TGT,F I,24,91.0
2025-11-28,9:48:28.935873341,T,TGT,F I,41,91.0
2025-11-28,9:48:28.935876085,T,TGT,F I,20,90.99
2025-11-28,9:48:28.935879686,T,TGT,F I,36,90.99
2025-11-28,9:48:28.935879686,T,TGT,F I,17,90.99
2025-11-28,9:48:28.935882005,T,TGT,F I,90,90.99
2025-11-28,9:48:29.050250557,T,TGT,I,9,90.99
2025-11-28,9:48:33.891796958,T,TGT,F I,13,90.99
2025-11-28,9:48:33.891803035,T,TGT,I,60,91.0
2025-11-28,9:48:33.891851186,T,TGT,I,40,91.0
2025-11-28,9:48:33.891854227,T,TGT,,100,91.0
2025-11-28,9:48:33.891857197,T,TGT,,100,91.0
2025-11-28,9:48:34.828197876,T,TGT,,100,91.01
2025-11-28,9:48:34.828231021,T,TGT,I,24,91.0
2025-11-28,9:48:43.652029641,T,TGT,I,11,91.01
2025-11-28,9:48:43.662906740,T,TGT,I,80,91.02
2025-11-28,9:48:43.663011891,T,TGT,I,20,91.03
2025-11-28,9:48:43.709502620,T,TGT,I,19,91.03
2025-11-28,9:48:43.927822700,T,TGT,I,3,91.03
2025-11-28,9:48:46.813783295,T,TGT,F,100,91.01
2025-11-28,9:48:46.813786214,T,TGT,F I,19,91.01
2025-11-28,9:48:46.926714337,T,TGT,I,10,91.0
2025-11-28,9:48:46.926747348,T,TGT,I,90,91.0
2025-11-28,9:48:46.926783467,T,TGT,I,53,90.99
2025-11-28,9:48:46.927911161,T,TGT,,100,91.0
2025-11-28,9:48:46.927929201,T,TGT,I,1,91.0
2025-11-28,9:48:50.071324037,T,TGT,F,100,91.0
2025-11-28,9:48:50.071324037,T,TGT,F I,25,91.0
2025-11-28,9:48:50.521667935,T,TGT,,100,91.01
2025-11-28,9:48:50.521686045,T,TGT,I,1,91.01
2025-11-28,9:48:50.521686045,T,TGT,I,20,91.01
2025-11-28,9:48:50.521689017,T,TGT,I,10,91.01
2025-11-28,9:48:54.607294881,T,TGT,F,100,91.01
2025-11-28,9:48:54.607297582,T,TGT,F I,10,91.01
2025-11-28,9:48:54.607297582,T,TGT,F I,3,91.01
2025-11-28,9:48:54.607312518,T,TGT,I,1,91.01
2025-11-28,9:48:54.607318458,T,TGT,F I,86,91.01
2025-11-28,9:49:04.338565185,T,TGT,F,100,91.01
2025-11-28,9:49:04.338565185,T,TGT,F I,13,91.01
2025-11-28,9:49:04.349532263,T,TGT,I,80,91.01
2025-11-28,9:49:04.373120435,T,TGT,I,10,91.01
2025-11-28,9:49:04.373150508,T,TGT,I,10,91.01
2025-11-28,9:49:07.915848653,T,TGT,F I,14,91.0
2025-11-28,9:49:19.587164339,T,TGT,F I,12,91.01
2025-11-28,9:49:25.155265667,T,TGT,I,4,91.01
2025-11-28,9:49:26.887214788,T,TGT,I,30,91.01
2025-11-28,9:49:26.887229796,T,TGT,F I,66,91.01
2025-11-28,9:49:35.365019003,T,TGT,F I,5,91.02
2025-11-28,9:49:35.365019003,T,TGT,F,200,91.02
2025-11-28,9:49:35.365024194,T,TGT,F I,35,91.02
2025-11-28,9:49:36.229418589,T,TGT,F,100,91.02
2025-11-28,9:49:37.372417571,T,TGT,I,11,91.02
2025-11-28,9:49:40.866616317,T,TGT,F,100,91.02
2025-11-28,9:49:40.866637284,T,TGT,I,1,91.02
2025-11-28,9:49:40.866637284,T,TGT,I,70,91.02
2025-11-28,9:49:43.517028434,T,TGT,F I,63,91.01
2025-11-28,9:49:45.012013213,T,TGT,F,100,91.01
2025-11-28,9:49:45.012013213,T,TGT,F I,13,91.01
2025-11-28,9:49:47.456383480,T,TGT,I,60,91.01
2025-11-28,9:49:51.360578868,T,TGT,F I,22,91.03
2025-11-28,9:49:51.361426813,T,TGT,F I,2,91.02
2025-11-28,9:49:51.749679027,T,TGT,F I,20,91.0
2025-11-28,9:49:51.749679027,T,TGT,F,100,91.0
2025-11-28,9:49:51.749687863,T,TGT,F,120,91.0
2025-11-28,9:49:51.749687863,T,TGT,F I,9,91.0
2025-11-28,9:49:51.749703374,T,TGT,I,71,91.0
2025-11-28,9:49:51.749707237,T,TGT,I,29,91.0
2025-11-28,9:49:51.749707237,T,TGT,I,1,91.0
2025-11-28,9:49:51.749709072,T,TGT,I,2,91.0
2025-11-28,9:49:51.750039741,T,TGT,F I,63,91.0
2025-11-28,9:49:52.765574181,T,TGT,,100,91.0
2025-11-28,9:49:52.765592330,T,TGT,,100,91.0
2025-11-28,9:49:52.765607229,T,TGT,I,4,91.0
2025-11-28,9:49:52.765706454,T,TGT,,101,91.0
2025-11-28,9:49:58.364126024,T,TGT,,100,91.01
2025-11-28,9:49:58.364126024,T,TGT,I,20,91.01
2025-11-28,9:49:58.364129784,T,TGT,I,37,91.01
2025-11-28,9:49:58.365241663,T,TGT,F,100,91.02
2025-11-28,9:49:58.558030929,T,TGT,F,100,91.03
2025-11-28,9:49:58.558842872,T,TGT,,100,91.035
2025-11-28,9:49:59.820851182,T,TGT,F,189,91.04
2025-11-28,9:49:59.820868900,T,TGT,I,1,91.04
2025-11-28,9:49:59.820871765,T,TGT,F,799,91.04
2025-11-28,9:49:59.821418844,T,TGT,I,6,91.04
2025-11-28,9:49:59.821422424,T,TGT,,100,91.04
2025-11-28,9:49:59.821422424,T,TGT,,100,91.04
2025-11-28,9:49:59.821424862,T,TGT,,100,91.04
2025-11-28,9:49:59.821439931,T,TGT,I,80,91.04
2025-11-28,9:50:00.586748237,T,TGT,I,6,91.04
2025-11-28,9:50:01.424637325,T,TGT,F I,1,91.05
2025-11-28,9:50:01.424655431,T,TGT,F,100,91.05
2025-11-28,9:50:09.371495917,T,TGT,I,2,91.05
2025-11-28,9:50:10.838125967,T,TGT,F I,94,91.04
2025-11-28,9:50:10.838129862,T,TGT,F I,20,91.04
2025-11-28,9:50:10.838129862,T,TGT,F I,1,91.04
2025-11-28,9:50:10.838132022,T,TGT,F,100,91.04
2025-11-28,9:50:10.839070381,T,TGT,I,25,91.03
2025-11-28,9:50:10.848861596,T,TGT,I,80,91.03
2025-11-28,9:50:22.038919737,T,TGT,I,20,91.03
2025-11-28,9:50:22.038919737,T,TGT,I,1,91.03
2025-11-28,9:50:22.038934831,T,TGT,I,6,91.03
2025-11-28,9:50:22.038937756,T,TGT,I,20,91.03
2025-11-28,9:50:22.039307640,T,TGT,F I,23,91.03
2025-11-28,9:50:22.174064753,T,TGT,F I,23,91.03
2025-11-28,9:50:22.879858103,T,TGT,F,100,91.04
2025-11-28,9:50:22.879876253,T,TGT,I,1,91.04
2025-11-28,9:50:23.032050708,T,TGT,F I,23,91.04
2025-11-28,9:50:23.032050708,T,TGT,F I,39,91.04
2025-11-28,9:50:26.259243162,T,TGT,F,100,91.03
2025-11-28,9:50:27.141021899,T,TGT,,200,91.04
2025-11-28,9:50:27.141034159,T,TGT,I,36,91.04
2025-11-28,9:50:27.141036983,T,TGT,I,1,91.04
2025-11-28,9:50:28.644252285,T,TGT,,100,91.03
2025-11-28,9:50:28.644273302,T,TGT,I,20,91.03
2025-11-28,9:50:28.644273302,T,TGT,I,1,91.03
2025-11-28,9:50:28.644279657,T,TGT,I,4,91.03
2025-11-28,9:50:28.645662576,T,TGT,F I,28,91.03
2025-11-28,9:50:28.645924140,T,TGT,,225,91.03
2025-11-28,9:50:28.645927119,T,TGT,I,28,91.03
2025-11-28,9:50:28.646245979,T,TGT,F,100,91.03
2025-11-28,9:50:28.646245979,T,TGT,F I,28,91.03
2025-11-28,9:50:28.646309218,T,TGT,I,28,91.03
2025-11-28,9:50:28.646312044,T,TGT,I,28,91.03
2025-11-28,9:50:28.646312044,T,TGT,F,100,91.03
2025-11-28,9:50:28.646336148,T,TGT,I,28,91.03
2025-11-28,9:50:28.646339202,T,TGT,I,6,91.03
2025-11-28,9:50:28.646369280,T,TGT,I,66,91.03
2025-11-28,9:50:28.647307540,T,TGT,I,28,91.03
2025-11-28,9:50:28.894920352,T,TGT,,100,91.02
2025-11-28,9:50:28.894935517,T,TGT,I,70,91.02
2025-11-28,9:50:32.254584492,T,TGT,I,80,91.03
2025-11-28,9:50:33.559290913,T,TGT,F,100,91.02
2025-11-28,9:50:33.560003546,T,TGT,F I,5,91.01
2025-11-28,9:50:33.560024957,T,TGT,I,5,91.01
2025-11-28,9:50:39.160489028,T,TGT,I,55,91.01
2025-11-28,9:50:40.324932277,T,TGT,I,28,91.01
2025-11-28,9:50:40.324962345,T,TGT,I,2,91.02
2025-11-28,9:50:40.527506856,T,TGT,F I,72,91.01
2025-11-28,9:50:46.125105557,T,TGT,F I,75,91.02
2025-11-28,9:50:46.125123517,T,TGT,I,1,91.02
2025-11-28,9:50:47.013361746,T,TGT,I,10,91.02
2025-11-28,9:50:47.013365273,T,TGT,I,30,91.02
2025-11-28,9:50:47.013367711,T,TGT,I,21,91.02
2025-11-28,9:50:47.121490316,T,TGT,F I,16,91.03
2025-11-28,9:50:47.121493256,T,TGT,F,100,91.03
2025-11-28,9:50:53.004050760,T,TGT,F I,5,91.04
2025-11-28,9:50:53.004050760,T,TGT,F I,1,91.04
2025-11-28,9:50:53.004056754,T,TGT,F I,69,91.04
2025-11-28,9:50:53.004056754,T,TGT,F,100,91.04
2025-11-28,9:50:53.004059854,T,TGT,F I,1,91.04
2025-11-28,9:50:53.004062847,T,TGT,F I,1,91.04
2025-11-28,9:50:53.004080900,T,TGT,I,78,91.04
2025-11-28,9:50:56.250864886,T,TGT,F,100,91.02
2025-11-28,9:50:56.250864886,T,TGT,F,100,91.01
2025-11-28,9:51:05.961332186,T,TGT,F I,41,91.03
2025-11-28,9:51:05.961335173,T,TGT,F I,59,91.03
2025-11-28,9:51:05.961347220,T,TGT,I,1,91.03
2025-11-28,9:51:05.961347220,T,TGT,F I,40,91.03
2025-11-28,9:51:09.340970352,T,TGT,I,60,91.04
2025-11-28,9:51:09.340972698,T,TGT,,100,91.04
2025-11-28,9:51:09.453542844,T,TGT,F I,23,91.02
2025-11-28,9:51:09.453545942,T,TGT,F I,28,91.02
2025-11-28,9:51:09.455203434,T,TGT,F,179,91.02
2025-11-28,9:51:09.455221292,T,TGT,I,1,91.02
2025-11-28,9:51:09.455221292,T,TGT,F,199,91.02
2025-11-28,9:51:09.455242081,T,TGT,F,343,91.02
2025-11-28,9:51:09.455242081,T,TGT,F I,23,91.02
2025-11-28,9:51:09.492497692,T,TGT,F I,23,91.04
2025-11-28,9:51:09.492497692,T,TGT,F I,54,91.04
2025-11-28,9:51:09.493754678,T,TGT,F I,10,91.05
2025-11-28,9:51:09.493757633,T,TGT,F,100,91.05
2025-11-28,9:51:09.493757633,T,TGT,F I,51,91.05
2025-11-28,9:51:11.204864224,T,TGT,F I,39,91.07
2025-11-28,9:51:11.941953467,T,TGT,,100,91.06
2025-11-28,9:51:17.535254634,T,TGT,F I,23,91.05
2025-11-28,9:51:17.535270221,T,TGT,I,23,91.05
2025-11-28,9:51:17.535281674,T,TGT,F I,77,91.05
2025-11-28,9:51:17.540282632,T,TGT,F,100,91.05
2025-11-28,9:51:17.540730699,T,TGT,F I,4,91.04
2025-11-28,9:51:17.540730699,T,TGT,F I,2,91.04
2025-11-28,9:51:17.540736740,T,TGT,F I,94,91.04
2025-11-28,9:51:17.548859054,T,TGT,I,80,91.04
2025-11-28,9:51:17.549000343,T,TGT,I,20,91.04
2025-11-28,9:51:25.791328093,T,TGT,I,99,91.04
2025-11-28,9:51:25.791345894,T,TGT,I,1,91.04
2025-11-28,9:51:31.395259637,T,TGT,F I,20,91.03
2025-11-28,9:51:31.395262606,T,TGT,F,100,91.03
2025-11-28,9:51:31.395277984,T,TGT,I,1,91.03
2025-11-28,9:51:31.395277984,T,TGT,I,18,91.03
2025-11-28,9:51:39.539881606,T,TGT,I,20,91.02
2025-11-28,9:51:39.539884333,T,TGT,I,11,91.02
2025-11-28,9:51:39.539899344,T,TGT,F I,11,91.02
2025-11-28,9:51:39.539899344,T,TGT,I,31,91.02
2025-11-28,9:51:39.539902459,T,TGT,I,18,91.02
2025-11-28,9:51:39.632336486,T,TGT,I,80,91.02
2025-11-28,9:51:39.632336486,T,TGT,I,20,91.02
2025-11-28,9:51:46.338150463,T,TGT,,100,91.025
2025-11-28,9:51:48.613488163,T,TGT,,100,91.03
2025-11-28,9:51:48.839175834,T,TGT,F,100,91.03
2025-11-28,9:51:48.839199930,T,TGT,F,200,91.03
2025-11-28,9:51:52.029185093,T,TGT,F I,51,91.03
2025-11-28,9:51:52.029229765,T,TGT,,124,91.02
2025-11-28,9:51:52.029247841,T,TGT,I,1,91.02
2025-11-28,9:51:52.029271913,T,TGT,I,17,91.02
2025-11-28,9:51:52.029271913,T,TGT,,100,91.02
2025-11-28,9:51:52.029275168,T,TGT,I,6,91.02
2025-11-28,9:51:52.029386218,T,TGT,I,74,91.02
2025-11-28,9:51:54.030961162,T,TGT,I,1,91.03
2025-11-28,9:51:54.030963716,T,TGT,I,9,91.03
2025-11-28,9:51:54.030985059,T,TGT,F I,8,91.03
2025-11-28,9:51:54.030988259,T,TGT,F,100,91.03
2025-11-28,9:51:54.030990768,T,TGT,F,100,91.03
2025-11-28,9:51:54.030990768,T,TGT,F I,8,91.03
2025-11-28,9:51:54.758250283,T,TGT,I,13,91.04
2025-11-28,9:51:54.758250283,T,TGT,I,15,91.04
2025-11-28,9:51:54.758252628,T,TGT,I,22,91.04
2025-11-28,9:51:54.758252628,T,TGT,I,50,91.04
2025-11-28,9:51:54.758267508,T,TGT,I,25,91.04
2025-11-28,9:51:54.758345660,T,TGT,F I,75,91.04
2025-11-28,9:52:04.713514694,T,TGT,F,100,91.03
2025-11-28,9:52:04.713514694,T,TGT,F,100,91.03
2025-11-28,9:52:04.713529791,T,TGT,F,100,91.03
2025-11-28,9:52:04.714549197,T,TGT,F I,4,91.02
2025-11-28,9:52:06.838707737,T,TGT,,1100,91.02
2025-11-28,9:52:06.838722733,T,TGT,I,1,91.02
2025-11-28,9:52:06.839230969,T,TGT,I,78,91.02
2025-11-28,9:52:09.685271904,T,TGT,F,100,91.025
2025-11-28,9:52:09.685274638,T,TGT,F,200,91.03
2025-11-28,9:52:09.685274638,T,TGT,F I,10,91.03
2025-11-28,9:52:09.685292433,T,TGT,I,1,91.03
2025-11-28,9:52:09.685310405,T,TGT,I,70,91.03
2025-11-28,9:52:09.685704331,T,TGT,I,10,91.03
2025-11-28,9:52:09.685707331,T,TGT,I,80,91.03
2025-11-28,9:52:09.685773485,T,TGT,F,100,91.03
2025-11-28,9:52:10.180969238,T,TGT,F,100,91.02
2025-11-28,9:52:10.180972283,T,TGT,F,100,91.02
2025-11-28,9:52:14.623480139,T,TGT,I,22,91.01
2025-11-28,9:52:14.627575821,T,TGT,F I,2,91.0
2025-11-28,9:52:14.627578904,T,TGT,F I,2,91.0
2025-11-28,9:52:14.728760917,T,TGT,I,80,90.99
2025-11-28,9:52:14.728821077,T,TGT,F I,20,90.99
2025-11-28,9:52:20.727172498,T,TGT,F I,25,90.99
2025-11-28,9:52:22.594092179,T,TGT,F,100,90.97
2025-11-28,9:52:31.211401626,T,TGT,F I,19,90.96
2025-11-28,9:52:31.211404820,T,TGT,F I,24,90.96
2025-11-28,9:52:31.211407040,T,TGT,F,115,90.96
2025-11-28,9:52:31.211410091,T,TGT,F I,6,90.96
2025-11-28,9:52:31.211425307,T,TGT,I,1,90.96
2025-11-28,9:52:31.211428111,T,TGT,I,70,90.96
2025-11-28,9:52:31.211566413,T,TGT,F I,29,90.96
2025-11-28,9:52:31.212594819,T,TGT,,100,90.97
2025-11-28,9:52:41.579649341,T,TGT,,100,90.97
2025-11-28,9:52:41.580331929,T,TGT,,100,90.96
2025-11-28,9:52:50.592315968,T,TGT,,132,90.93
2025-11-28,9:52:50.592318975,T,TGT,,100,90.93
2025-11-28,9:52:56.050514657,T,TGT,F I,4,90.94
2025-11-28,9:53:20.654666290,T,TGT,F,100,90.92
2025-11-28,9:53:20.654681291,T,TGT,F,126,90.92
2025-11-28,9:53:20.654687742,T,TGT,I,1,90.92
2025-11-28,9:53:20.654687742,T,TGT,I,70,90.92
2025-11-28,9:53:20.654690763,T,TGT,I,3,90.92
2025-11-28,9:53:20.654693364,T,TGT,I,80,90.92
2025-11-28,9:53:20.661023417,T,TGT,I,20,90.9
2025-11-28,9:53:20.661023417,T,TGT,I,20,90.9
2025-11-28,9:53:20.661047514,T,TGT,I,40,90.9
2025-11-28,9:53:20.661071526,T,TGT,I,60,90.9
2025-11-28,9:53:20.687276092,T,TGT,,100,90.89
2025-11-28,9:53:20.735955935,T,TGT,I,20,90.88
2025-11-28,9:53:24.283095655,T,TGT,I,80,90.85
2025-11-28,9:53:24.283098609,T,TGT,I,20,90.86
2025-11-28,9:53:24.287783836,T,TGT,I,11,90.84
2025-11-28,9:53:24.317804355,T,TGT,I,63,90.815
2025-11-28,9:53:24.353866206,T,TGT,I,12,90.81
2025-11-28,9:53:24.353900095,T,TGT,I,33,90.8
2025-11-28,9:53:24.353900095,T,TGT,I,17,90.8
2025-11-28,9:53:24.353903060,T,TGT,I,5,90.8
2025-11-28,9:53:24.353905352,T,TGT,I,20,90.8
2025-11-28,9:53:24.710551978,T,TGT,F I,40,90.8
2025-11-28,9:53:24.710554913,T,TGT,F I,11,90.8
2025-11-28,9:53:26.475140825,T,TGT,F,100,90.81
2025-11-28,9:53:26.475144587,T,TGT,F I,10,90.81
2025-11-28,9:53:26.475144587,T,TGT,F,100,90.81
2025-11-28,9:53:26.475146892,T,TGT,F I,8,90.81
2025-11-28,9:53:28.566683746,T,TGT,F,100,90.82
2025-11-28,9:53:28.566686862,T,TGT,F I,2,90.82
2025-11-28,9:53:28.566689760,T,TGT,F,100,90.82
2025-11-28,9:53:28.566689760,T,TGT,F,100,90.82
2025-11-28,9:53:32.228534886,T,TGT,I,63,90.805
2025-11-28,9:53:32.228586025,T,TGT,I,37,90.805
2025-11-28,9:53:38.560666341,T,TGT,F I,52,90.84
2025-11-28,9:53:38.560666341,T,TGT,F I,11,90.84
2025-11-28,9:53:38.814272559,T,TGT,I,80,90.82
2025-11-28,9:53:38.814275466,T,TGT,,100,90.82
2025-11-28,9:53:47.719836130,T,TGT,F I,80,90.8
2025-11-28,9:53:47.719836130,T,TGT,F I,20,90.79
2025-11-28,9:54:04.704868172,T,TGT,I,75,90.83
2025-11-28,9:54:04.704871740,T,TGT,,100,90.84
2025-11-28,9:54:04.704871740,T,TGT,I,10,90.84
2025-11-28,9:54:04.704875766,T,TGT,I,10,90.84
2025-11-28,9:54:04.704875766,T,TGT,I,26,90.84
2025-11-28,9:54:04.704880245,T,TGT,,100,90.84
2025-11-28,9:54:04.704880245,T,TGT,I,3,90.84
2025-11-28,9:54:04.704883651,T,TGT,I,1,90.84
2025-11-28,9:54:04.704886585,T,TGT,I,26,90.84
2025-11-28,9:54:04.704886585,T,TGT,I,44,90.84
2025-11-28,9:54:04.704907252,T,TGT,I,4,90.84
2025-11-28,9:54:04.707571593,T,TGT,I,63,90.84
2025-11-28,9:54:04.755334486,T,TGT,I,20,90.85
2025-11-28,9:54:04.755355499,T,TGT,I,20,90.85
2025-11-28,9:54:04.755391611,T,TGT,I,26,90.86
2025-11-28,9:54:04.755449562,T,TGT,F,100,90.85
2025-11-28,9:54:04.755451797,T,TGT,F I,31,90.85
2025-11-28,9:54:04.755454779,T,TGT,F I,18,90.85
2025-11-28,9:54:04.755605164,T,TGT,F I,31,90.84
2025-11-28,9:54:04.755608091,T,TGT,F,100,90.84
2025-11-28,9:54:04.755614239,T,TGT,F I,80,90.84
2025-11-28,9:54:04.755899771,T,TGT,,100,90.83
2025-11-28,9:54:04.755902750,T,TGT,I,80,90.83
2025-11-28,9:54:04.784206477,T,TGT,F I,21,90.83
2025-11-28,9:54:04.784206477,T,TGT,F I,95,90.83
2025-11-28,9:54:04.784209239,T,TGT,F I,38,90.83
2025-11-28,9:54:10.531369161,T,TGT,F,100,90.81
2025-11-28,9:54:10.531387290,T,TGT,I,1,90.81
2025-11-28,9:54:10.531393295,T,TGT,,100,90.81
2025-11-28,9:54:10.531600726,T,TGT,F,100,90.81
2025-11-28,9:54:10.532226330,T,TGT,F I,63,90.81
2025-11-28,9:54:10.692604365,T,TGT,F,100,90.8
2025-11-28,9:54:19.903196458,T,TGT,F,100,90.79
2025-11-28,9:54:19.903211500,T,TGT,,100,90.79
2025-11-28,9:54:19.903211500,T,TGT,I,70,90.79
2025-11-28,9:54:19.903217572,T,TGT,I,1,90.79
2025-11-28,9:54:19.903223521,T,TGT,F I,29,90.79
2025-11-28,9:54:25.004850625,T,TGT,I,80,90.8
2025-11-28,9:54:35.562902001,T,TGT,I,29,90.8
2025-11-28,9:54:37.573579376,T,TGT,F I,76,90.79
2025-11-28,9:54:37.573579376,T,TGT,F,100,90.79
2025-11-28,9:54:37.575239163,T,TGT,,100,90.78
2025-11-28,9:54:37.658312069,T,TGT,F I,63,90.78
2025-11-28,9:54:37.658363135,T,TGT,F I,37,90.78
2025-11-28,9:54:37.774298347,T,TGT,I,57,90.78
2025-11-28,9:54:37.826187018,T,TGT,I,29,90.78
2025-11-28,9:54:37.827071198,T,TGT,I,80,90.78
2025-11-28,9:54:37.827071198,T,TGT,I,5,90.79
2025-11-28,9:54:37.827074121,T,TGT,I,24,90.79
2025-11-28,9:54:37.827350798,T,TGT,I,18,90.79
2025-11-28,9:54:37.827574261,T,TGT,F I,30,90.79
2025-11-28,9:54:37.827574261,T,TGT,F I,30,90.79
2025-11-28,9:54:37.827576401,T,TGT,F I,50,90.79
2025-11-28,9:54:37.827600315,T,TGT,F I,36,90.8
2025-11-28,9:54:37.880148024,T,TGT,I,6,90.82
2025-11-28,9:54:37.880148024,T,TGT,I,8,90.82
2025-11-28,9:54:37.880150843,T,TGT,I,40,90.82
2025-11-28,9:54:37.880154477,T,TGT,,100,90.82
2025-11-28,9:54:37.880376124,T,TGT,F I,8,90.83
2025-11-28,9:54:37.880508447,T,TGT,F I,3,90.84
2025-11-28,9:54:37.884775541,T,TGT,I,8,90.84
2025-11-28,9:55:02.101150683,T,TGT,F I,75,90.85
2025-11-28,9:55:02.101150683,T,TGT,F I,18,90.84
2025-11-28,9:55:02.107712046,T,TGT,F I,11,90.86
2025-11-28,9:55:02.216384975,T,TGT,F I,27,90.85
2025-11-28,9:55:02.216384975,T,TGT,F I,18,90.85
2025-11-28,9:55:04.927292376,T,TGT,F I,31,90.84
2025-11-28,9:55:04.927307385,T,TGT,I,51,90.84
2025-11-28,9:55:04.927310681,T,TGT,I,30,90.84
2025-11-28,9:55:04.927310681,T,TGT,I,50,90.84
2025-11-28,9:55:06.186497311,T,TGT,F I,27,90.84
2025-11-28,9:55:06.186497311,T,TGT,F I,73,90.85
2025-11-28,9:55:07.199563136,T,TGT,F I,13,90.85
2025-11-28,9:55:07.199563136,T,TGT,F I,11,90.85
2025-11-28,9:55:17.112391851,T,TGT,F,100,90.84
2025-11-28,9:55:17.112409097,T,TGT,,100,90.84
2025-11-28,9:55:17.197099890,T,TGT,F,100,90.82
2025-11-28,9:55:17.227845086,T,TGT,F I,3,90.81
2025-11-28,9:55:28.174154645,T,TGT,F,100,90.79
2025-11-28,9:55:31.713247222,T,TGT,F I,23,90.83
2025-11-28,9:55:48.651239009,T,TGT,,200,90.8
2025-11-28,9:55:48.651493771,T,TGT,I,8,90.79
2025-11-28,9:55:55.601116463,T,TGT,F I,1,90.79
2025-11-28,9:55:55.601149505,T,TGT,I,79,90.79
2025-11-28,9:55:55.601167608,T,TGT,I,1,90.79
2025-11-28,9:55:57.296450324,T,TGT,F,100,90.78
2025-11-28,9:55:57.296471386,T,TGT,I,80,90.78
2025-11-28,9:55:58.303853437,T,TGT,F,100,90.77
2025-11-28,9:55:58.303877394,T,TGT,I,20,90.77
2025-11-28,9:55:58.303877394,T,TGT,I,1,90.77
2025-11-28,9:55:58.303916826,T,TGT,I,79,90.77
2025-11-28,9:55:58.304608132,T,TGT,F I,24,90.78
2025-11-28,9:55:58.304608132,T,TGT,F I,18,90.78
2025-11-28,9:55:58.460514589,T,TGT,F,100,90.78
2025-11-28,9:55:58.524062318,T,TGT,F I,6,90.79
2025-11-28,9:55:58.524062318,T,TGT,F I,6,90.79
2025-11-28,9:55:59.029088212,T,TGT,F,200,90.8
2025-11-28,9:56:07.708456285,T,TGT,F,108,90.82
2025-11-28,9:56:07.708456285,T,TGT,F I,24,90.82
2025-11-28,9:56:07.709445142,T,TGT,F,100,90.81
2025-11-28,9:56:08.571839773,T,TGT,F I,40,90.8
2025-11-28,9:56:08.571858388,T,TGT,I,68,90.8
2025-11-28,9:56:08.571861277,T,TGT,I,39,90.8
2025-11-28,9:56:08.571863915,T,TGT,I,61,90.8
2025-11-28,9:56:08.571863915,T,TGT,I,46,90.8
2025-11-28,9:56:08.571879471,T,TGT,I,1,90.8
2025-11-28,9:56:08.571881911,T,TGT,I,99,90.8
2025-11-28,9:56:20.707738136,T,TGT,,200,90.79
2025-11-28,9:56:21.891309843,T,TGT,I,43,90.78
2025-11-28,9:56:22.710187723,T,TGT,F,100,90.79
2025-11-28,9:56:22.710187723,T,TGT,F I,62,90.78
2025-11-28,9:56:22.710232846,T,TGT,F I,5,90.78
2025-11-28,9:56:22.710241860,T,TGT,F I,5,90.78
2025-11-28,9:56:24.757080214,T,TGT,F,100,90.77
2025-11-28,9:56:24.757116284,T,TGT,I,80,90.77
2025-11-28,9:56:24.770525686,T,TGT,I,6,90.77
2025-11-28,9:56:24.770525686,T,TGT,I,9,90.77
2025-11-28,9:56:24.770570384,T,TGT,I,1,90.77
2025-11-28,9:56:25.593775582,T,TGT,I,10,90.78
2025-11-28,9:56:25.593775582,T,TGT,I,90,90.78
2025-11-28,9:56:25.593796567,T,TGT,F I,10,90.78
2025-11-28,9:56:25.593796567,T,TGT,F I,40,90.78
2025-11-28,9:56:25.593799597,T,TGT,F I,20,90.78
2025-11-28,9:56:30.272472074,T,TGT,I,99,90.78
2025-11-28,9:56:30.272490631,T,TGT,I,1,90.78
2025-11-28,9:56:30.272493188,T,TGT,F I,74,90.78
2025-11-28,9:56:33.164579215,T,TGT,F,100,90.77
2025-11-28,9:56:37.343030852,T,TGT,F,100,90.76
2025-11-28,9:56:37.343048927,T,TGT,F I,7,90.76
2025-11-28,9:56:37.343048927,T,TGT,I,1,90.76
2025-11-28,9:56:37.343051952,T,TGT,I,18,90.76
2025-11-28,9:56:37.343054927,T,TGT,I,7,90.76
2025-11-28,9:56:37.343061013,T,TGT,I,1,90.76
2025-11-28,9:56:37.343075977,T,TGT,I,73,90.76
2025-11-28,9:56:37.343075977,T,TGT,I,27,90.76
2025-11-28,9:56:37.343100021,T,TGT,I,59,90.76
2025-11-28,9:56:37.343106136,T,TGT,I,14,90.76
2025-11-28,9:56:37.373018308,T,TGT,F,100,90.74
2025-11-28,9:56:37.816632810,T,TGT,F I,12,90.73
2025-11-28,9:56:37.816635253,T,TGT,F I,20,90.73
2025-11-28,9:56:39.986274184,T,TGT,I,3,90.72
2025-11-28,9:56:42.037551206,T,TGT,F I,1,90.7
2025-11-28,9:56:42.571172414,T,TGT,,100,90.68
2025-11-28,9:56:42.576374803,T,TGT,I,51,90.65
2025-11-28,9:56:44.149013532,T,TGT,F I,8,90.665
2025-11-28,9:56:44.149013532,T,TGT,F,114,90.66
2025-11-28,9:56:49.565337527,T,TGT,F I,80,90.65
2025-11-28,9:56:49.565340309,T,TGT,F I,19,90.64
2025-11-28,9:56:49.565695147,T,TGT,I,81,90.64
2025-11-28,9:56:49.565716335,T,TGT,I,1,90.64
2025-11-28,9:56:49.568521946,T,TGT,I,10,90.64
2025-11-28,9:56:56.909481933,T,TGT,F I,20,90.63
2025-11-28,9:56:56.909481933,T,TGT,F I,80,90.63
2025-11-28,9:56:56.909499929,T,TGT,I,1,90.63
2025-11-28,9:56:56.909536054,T,TGT,F I,19,90.63
2025-11-28,9:56:57.192272585,T,TGT,F I,1,90.63
2025-11-28,9:56:57.192275648,T,TGT,F,100,90.63
2025-11-28,9:56:57.192278626,T,TGT,F I,10,90.63
2025-11-28,9:56:57.192281584,T,TGT,F I,17,90.63
2025-11-28,9:56:57.192284674,T,TGT,F I,59,90.63
2025-11-28,9:56:57.192296769,T,TGT,F I,41,90.63
2025-11-28,9:56:57.192300238,T,TGT,I,1,90.63
2025-11-28,9:56:57.192300238,T,TGT,F I,2,90.63
2025-11-28,9:56:57.192302643,T,TGT,F I,36,90.63
2025-11-28,9:56:57.192305664,T,TGT,I,42,90.63
2025-11-28,9:56:57.192305664,T,TGT,,100,90.63
2025-11-28,9:56:57.192317655,T,TGT,F I,39,90.63
2025-11-28,9:56:57.192326738,T,TGT,F I,30,90.63
2025-11-28,9:56:57.192338810,T,TGT,F I,41,90.63
2025-11-28,9:56:57.717579123,T,TGT,I,30,90.62
2025-11-28,9:56:57.717597123,T,TGT,F I,70,90.63
2025-11-28,9:57:04.861654127,T,TGT,F I,25,90.6
2025-11-28,9:57:04.861681156,T,TGT,F,100,90.6
2025-11-28,9:57:09.842137400,T,TGT,I,20,90.55
2025-11-28,9:57:09.842143412,T,TGT,I,79,90.55
2025-11-28,9:57:09.842155470,T,TGT,I,1,90.55
2025-11-28,9:57:09.842492239,T,TGT,I,29,90.55
2025-11-28,9:57:13.538041565,T,TGT,F I,80,90.54
2025-11-28,9:57:13.538041565,T,TGT,F I,20,90.53
2025-11-28,9:57:13.538053514,T,TGT,F I,80,90.53
2025-11-28,9:57:13.539202914,T,TGT,I,13,90.55
2025-11-28,9:57:13.539206008,T,TGT,I,26,90.55
2025-11-28,9:57:13.539208331,T,TGT,I,36,90.55
2025-11-28,9:57:13.539208331,T,TGT,I,25,90.55
2025-11-28,9:57:13.574241813,T,TGT,F I,9,90.54
2025-11-28,9:57:13.574244793,T,TGT,F I,3,90.54
2025-11-28,9:57:13.574253764,T,TGT,F I,1,90.54
2025-11-28,9:57:13.574260028,T,TGT,F I,87,90.54
2025-11-28,9:57:13.574262757,T,TGT,F I,34,90.54
2025-11-28,9:57:13.574265792,T,TGT,F I,24,90.54
2025-11-28,9:57:15.769032669,T,TGT,F I,13,90.53
2025-11-28,9:57:15.769035643,T,TGT,F I,26,90.53
2025-11-28,9:57:18.138440533,T,TGT,F I,20,90.52
2025-11-28,9:57:24.286320216,T,TGT,F I,10,90.51
2025-11-28,9:57:30.671134097,T,TGT,F,100,90.5
2025-11-28,9:57:30.671134097,T,TGT,F I,20,90.5
2025-11-28,9:57:30.671143185,T,TGT,F,100,90.5
2025-11-28,9:57:43.351254224,T,TGT,I,10,90.5
2025-11-28,9:57:44.806827004,T,TGT,F,100,90.49
2025-11-28,9:57:44.806845211,T,TGT,I,1,90.49
2025-11-28,9:57:44.806848080,T,TGT,I,38,90.49
2025-11-28,9:57:53.699679167,T,TGT,I,3,90.495
2025-11-28,9:57:53.699745289,T,TGT,I,63,90.495
2025-11-28,9:57:53.699799365,T,TGT,I,15,90.495
2025-11-28,9:57:55.255573916,T,TGT,F I,3,90.5
2025-11-28,9:57:58.519110862,T,TGT,F I,25,90.5
2025-11-28,9:57:58.519110862,T,TGT,F I,1,90.5
2025-11-28,9:58:00.857824560,T,TGT,F,100,90.51
2025-11-28,9:58:00.857842617,T,TGT,I,1,90.51
2025-11-28,9:58:00.857842617,T,TGT,F I,18,90.51
2025-11-28,9:58:00.857869766,T,TGT,I,81,90.51
2025-11-28,9:58:00.857873273,T,TGT,I,19,90.51
2025-11-28,9:58:00.857873273,T,TGT,I,24,90.51
2025-11-28,9:58:00.857875885,T,TGT,I,61,90.51
2025-11-28,9:58:00.857878806,T,TGT,I,3,90.51
2025-11-28,9:58:00.858910156,T,TGT,F,100,90.52
2025-11-28,9:58:00.858910156,T,TGT,F I,4,90.52
2025-11-28,9:58:00.859180827,T,TGT,F I,71,90.52
2025-11-28,9:58:01.237388826,T,TGT,F I,7,90.53
2025-11-28,9:58:01.237391832,T,TGT,F I,93,90.53
2025-11-28,9:58:01.237391832,T,TGT,F I,4,90.53
2025-11-28,9:58:01.333534214,T,TGT,F I,20,90.52
2025-11-28,9:58:01.333537032,T,TGT,F,100,90.52
2025-11-28,9:58:01.333540448,T,TGT,F,100,90.52
2025-11-28,9:58:01.333543390,T,TGT,F,100,90.52
2025-11-28,9:58:02.857889637,T,TGT,F I,20,90.48
2025-11-28,9:58:02.857889637,T,TGT,F,100,90.48
2025-11-28,9:58:02.858337563,T,TGT,F I,10,90.47
2025-11-28,9:58:10.218215808,T,TGT,I,80,90.46
2025-11-28,9:58:10.218233888,T,TGT,I,1,90.46
2025-11-28,9:58:10.218251829,T,TGT,F I,19,90.46
2025-11-28,9:58:26.293061289,T,TGT,,100,90.48
2025-11-28,9:58:26.293064144,T,TGT,I,52,90.49
2025-11-28,9:58:26.293066374,T,TGT,I,2,90.49
2025-11-28,9:58:26.293081411,T,TGT,F,100,90.49
2025-11-28,9:58:29.682952461,T,TGT,I,2,90.53
2025-11-28,9:58:29.682955433,T,TGT,I,2,90.53
2025-11-28,9:58:34.181477751,T,TGT,I,51,90.55
2025-11-28,9:58:34.228323332,T,TGT,I,5,90.57
2025-11-28,9:58:34.228326347,T,TGT,I,11,90.57
2025-11-28,9:58:37.340981863,T,TGT,F I,95,90.58
2025-11-28,9:58:37.341002917,T,TGT,F I,5,90.58
2025-11-28,9:58:47.302923093,T,TGT,I,16,90.61
2025-11-28,9:58:47.302926768,T,TGT,I,1,90.61
2025-11-28,9:58:47.302944246,T,TGT,I,17,90.61
2025-11-28,9:58:49.503024631,T,TGT,F,100,90.62
2025-11-28,9:58:54.592848809,T,TGT,F,100,90.63
2025-11-28,9:58:54.592848809,T,TGT,F,100,90.63
2025-11-28,9:59:02.036145362,T,TGT,F,100,90.68
2025-11-28,9:59:03.777320533,T,TGT,I,10,90.655
2025-11-28,9:59:07.753438030,T,TGT,F,100,90.64
2025-11-28,9:59:07.753441031,T,TGT,F I,22,90.64
2025-11-28,9:59:07.753453072,T,TGT,F I,18,90.64
2025-11-28,9:59:07.753498490,T,TGT,F I,4,90.63
2025-11-28,9:59:07.753501202,T,TGT,F,131,90.63
2025-11-28,9:59:07.753504234,T,TGT,F I,20,90.63
2025-11-28,9:59:07.753786873,T,TGT,F I,20,90.62
2025-11-28,9:59:08.172218721,T,TGT,F I,63,90.6
2025-11-28,9:59:08.172225168,T,TGT,F I,23,90.6
2025-11-28,9:59:08.172227705,T,TGT,F I,8,90.6
2025-11-28,9:59:08.172239822,T,TGT,F I,3,90.6
2025-11-28,9:59:08.172254989,T,TGT,I,3,90.6
2025-11-28,9:59:09.970824618,T,TGT,F,100,90.6
2025-11-28,9:59:09.970827685,T,TGT,F,300,90.6
2025-11-28,9:59:11.054693810,T,TGT,F I,20,90.59
2025-11-28,9:59:13.979338473,T,TGT,F,100,90.6
2025-11-28,9:59:17.932860837,T,TGT,I,18,90.61
2025-11-28,9:59:17.932863391,T,TGT,,100,90.61
2025-11-28,9:59:17.932866292,T,TGT,I,27,90.61
2025-11-28,9:59:25.598055921,T,TGT,F I,7,90.63
2025-11-28,9:59:25.598055921,T,TGT,F I,7,90.63
2025-11-28,9:59:25.598058928,T,TGT,F I,2,90.63
2025-11-28,9:59:30.315607900,T,TGT,F,142,90.62
2025-11-28,9:59:30.315613927,T,TGT,I,80,90.62
2025-11-28,9:59:30.315749222,T,TGT,I,26,90.63
2025-11-28,9:59:30.315749222,T,TGT,,100,90.63
2025-11-28,9:59:30.315752288,T,TGT,I,31,90.63
2025-11-28,9:59:30.316092046,T,TGT,I,7,90.62
2025-11-28,9:59:30.316092046,T,TGT,I,31,90.62
2025-11-28,9:59:30.316101034,T,TGT,I,26,90.62
2025-11-28,9:59:30.316104832,T,TGT,I,75,90.62
2025-11-28,9:59:33.054136195,T,TGT,F,142,90.63
2025-11-28,9:59:33.054136195,T,TGT,F,100,90.63
2025-11-28,9:59:33.054154149,T,TGT,I,1,90.63
2025-11-28,9:59:33.054178486,T,TGT,I,59,90.63
2025-11-28,9:59:33.054178486,T,TGT,,200,90.62
2025-11-28,9:59:37.189907653,T,TGT,F I,18,90.64
2025-11-28,9:59:37.189907653,T,TGT,F I,20,90.65
2025-11-28,9:59:46.254056739,T,TGT,F I,6,90.64
2025-11-28,9:59:56.495922799,T,TGT,F I,46,90.67
2025-11-28,9:59:56.495925855,T,TGT,F I,34,90.67
2025-11-28,9:59:56.496500174,T,TGT,I,43,90.64
2025-11-28,9:59:56.496563349,T,TGT,F I,73,90.64
2025-11-28,9:59:56.534363443,T,TGT,I,26,90.65
2025-11-28,9:59:59.008586501,T,TGT,F I,11,90.67
2025-11-28,9:59:59.008589021,T,TGT,F I,52,90.67
2025-11-28,9:59:59.008592080,T,TGT,F I,11,90.67
2025-11-28,9:59:59.008607019,T,TGT,I,11,90.67
2025-11-28,9:59:59.008643185,T,TGT,F,100,90.68
2025-11-28,9:59:59.010613035,T,TGT,I,2,90.66
2025-11-28,9:59:59.010615872,T,TGT,I,2,90.66
2025-11-28,9:59:59.010916503,T,TGT,I,7,90.67
2025-11-28,9:59:59.011773638,T,TGT,F I,75,90.67
2025-11-28,9:59:59.011776906,T,TGT,F,100,90.66
2025-11-28,9:59:59.011776906,T,TGT,F I,18,90.66
2025-11-28,9:59:59.011779837,T,TGT,F I,7,90.66
2025-11-28,9:59:59.012077279,T,TGT,I,39,90.67
2025-11-28,9:59:59.013698129,T,TGT,I,30,90.66
2025-11-28,9:59:59.028288973,T,TGT,I,21,90.68
2025-11-28,9:59:59.036600764,T,TGT,I,18,90.67
2025-11-28,9:59:59.036600764,T,TGT,I,21,90.67
2025-11-28,10:00:03.732780887,T,TGT,F I,50,90.68
2025-11-28,10:00:06.513268092,T,TGT,F I,24,90.69
2025-11-28,10:00:08.048079578,T,TGT,I,1,90.69
2025-11-28,10:00:08.098488810,T,TGT,F,100,90.7
2025-11-28,10:00:08.098488810,T,TGT,F,200,90.7
2025-11-28,10:00:08.098492056,T,TGT,F I,58,90.7
2025-11-28,10:00:08.098492056,T,TGT,I,42,90.7
2025-11-28,10:00:08.098494720,T,TGT,I,60,90.7
2025-11-28,10:00:08.098906762,T,TGT,F I,16,90.71
2025-11-28,10:00:08.098906762,T,TGT,F I,2,90.71
2025-11-28,10:00:08.098978903,T,TGT,F I,4,90.72
2025-11-28,10:00:08.098978903,T,TGT,F,200,90.72
2025-11-28,10:00:08.099005939,T,TGT,F,126,90.72
2025-11-28,10:00:08.099018298,T,TGT,F I,74,90.72
2025-11-28,10:00:08.099021039,T,TGT,F,103,90.72
2025-11-28,10:00:08.099024162,T,TGT,F I,97,90.72
2025-11-28,10:00:08.099027851,T,TGT,F I,60,90.72
2025-11-28,10:00:08.099027851,T,TGT,,100,90.71
2025-11-28,10:00:08.099030247,T,TGT,I,23,90.71
2025-11-28,10:00:08.099042102,T,TGT,,100,90.72
2025-11-28,10:00:08.099045088,T,TGT,I,23,90.71
2025-11-28,10:00:08.099054091,T,TGT,I,1,90.71
2025-11-28,10:00:08.099279625,T,TGT,I,39,90.71
2025-11-28,10:00:08.099282596,T,TGT,I,12,90.71
2025-11-28,10:00:08.099288907,T,TGT,I,15,90.71
2025-11-28,10:00:08.099303755,T,TGT,I,29,90.71
2025-11-28,10:00:08.099306711,T,TGT,I,66,90.71
2025-11-28,10:00:08.099324690,T,TGT,F I,10,90.71
2025-11-28,10:00:08.099337597,T,TGT,F I,24,90.71
2025-11-28,10:00:08.099337597,T,TGT,F I,5,90.71
2025-11-28,10:00:08.099339743,T,TGT,F I,5,90.71
2025-11-28,10:00:08.099351789,T,TGT,F I,1,90.71
2025-11-28,10:00:08.099375886,T,TGT,I,17,90.71
2025-11-28,10:00:08.099397235,T,TGT,F I,6,90.71
2025-11-28,10:00:08.099397235,T,TGT,F I,23,90.72
2025-11-28,10:00:08.099399911,T,TGT,F I,3,90.72
2025-11-28,10:00:08.099420961,T,TGT,F I,17,90.72
2025-11-28,10:00:08.099420961,T,TGT,F I,23,90.72
2025-11-28,10:00:08.099484133,T,TGT,F I,38,90.72
2025-11-28,10:00:08.099508169,T,TGT,F I,23,90.71
2025-11-28,10:00:08.099577295,T,TGT,F I,23,90.72
2025-11-28,10:00:08.099580363,T,TGT,I,15,90.71
2025-11-28,10:00:08.099917174,T,TGT,F I,23,90.71
2025-11-28,10:00:08.100443342,T,TGT,F,100,90.71
2025-11-28,10:00:08.100614803,T,TGT,I,41,90.72
2025-11-28,10:00:08.100656870,T,TGT,I,59,90.72
2025-11-28,10:00:08.101417653,T,TGT,F I,1,90.73
2025-11-28,10:00:08.415032219,T,TGT,F I,50,90.76
2025-11-28,10:00:08.415034931,T,TGT,F,100,90.76
2025-11-28,10:00:08.415083587,T,TGT,I,7,90.75
2025-11-28,10:00:08.415085971,T,TGT,I,58,90.75
2025-11-28,10:00:08.415113773,T,TGT,F I,7,90.76
2025-11-28,10:00:08.415419784,T,TGT,F I,4,90.76
2025-11-28,10:00:08.415423401,T,TGT,I,4,90.76
2025-11-28,10:00:18.883205032,T,TGT,F,100,90.78
2025-11-28,10:00:18.883223016,T,TGT,I,1,90.78
2025-11-28,10:00:18.883244122,T,TGT,I,46,90.78
2025-11-28,10:00:19.442690869,T,TGT,I,80,90.77
2025-11-28,10:00:21.345086229,T,TGT,I,50,90.775
2025-11-28,10:00:24.521403333,T,TGT,I,10,90.795
2025-11-28,10:00:24.739591143,T,TGT,I,10,90.795
2025-11-28,10:00:25.341225532,T,TGT,F,100,90.795
2025-11-28,10:00:29.964310442,T,TGT,F I,63,90.79
2025-11-28,10:00:29.964364604,T,TGT,F I,37,90.79
2025-11-28,10:00:30.356901760,T,TGT,F I,80,90.805
2025-11-28,10:00:30.356901760,T,TGT,F I,20,90.83
2025-11-28,10:00:30.356989004,T,TGT,F I,80,90.83
2025-11-28,10:00:30.356992070,T,TGT,F,100,90.83
2025-11-28,10:00:30.357806987,T,TGT,I,5,90.84
2025-11-28,10:00:32.537321515,T,TGT,I,1,90.89
2025-11-28,10:00:32.537402601,T,TGT,I,10,90.9
2025-11-28,10:00:32.537429678,T,TGT,F I,63,90.9
2025-11-28,10:00:34.648852901,T,TGT,F I,63,90.9
2025-11-28,10:00:34.648901030,T,TGT,F I,37,90.9
2025-11-28,10:00:37.825768637,T,TGT,F I,99,90.94
2025-11-28,10:00:37.825787205,T,TGT,F I,1,90.94
2025-11-28,10:00:37.825789577,T,TGT,F,100,90.94
2025-11-28,10:00:37.825958236,T,TGT,F I,1,90.93
2025-11-28,10:00:38.590613681,T,TGT,F I,63,90.92
2025-11-28,10:00:38.590634958,T,TGT,F I,37,90.92
2025-11-28,10:00:38.590638038,T,TGT,F I,63,90.91
2025-11-28,10:00:38.590653929,T,TGT,F I,20,90.91
2025-11-28,10:00:38.590655791,T,TGT,F I,17,90.91
2025-11-28,10:00:40.455951882,T,TGT,F I,16,90.92
2025-11-28,10:00:40.455999818,T,TGT,F I,1,90.92
2025-11-28,10:00:42.556188257,T,TGT,F I,20,90.89
2025-11-28,10:00:42.556308563,T,TGT,F I,20,90.9
2025-11-28,10:00:46.644142391,T,TGT,,100,90.9
2025-11-28,10:00:51.773823337,T,TGT,,100,90.89
2025-11-28,10:00:51.929245606,T,TGT,F,100,90.89
2025-11-28,10:00:51.929248536,T,TGT,F I,5,90.88
2025-11-28,10:00:51.929266601,T,TGT,F,100,90.88
2025-11-28,10:00:55.410666667,T,TGT,F,200,90.87
2025-11-28,10:00:55.410717827,T,TGT,F I,9,90.87
2025-11-28,10:00:55.410726830,T,TGT,I,70,90.87
2025-11-28,10:00:55.410726830,T,TGT,I,1,90.87
2025-11-28,10:00:57.800217410,T,TGT,I,1,90.88
2025-11-28,10:00:57.800219719,T,TGT,,100,90.88
2025-11-28,10:00:57.800222524,T,TGT,I,46,90.88
2025-11-28,10:01:00.176213040,T,TGT,I,75,90.91
2025-11-28,10:01:00.176264123,T,TGT,I,75,90.91
2025-11-28,10:01:00.176393515,T,TGT,I,50,90.91
2025-11-28,10:01:00.812495974,T,TGT,I,10,90.9
2025-11-28,10:01:03.145123108,T,TGT,F I,10,90.92
2025-11-28,10:01:03.176496850,T,TGT,F I,20,90.95
2025-11-28,10:01:03.176496850,T,TGT,F I,30,90.95
2025-11-28,10:01:05.150146938,T,TGT,,137,90.97
2025-11-28,10:01:05.974179043,T,TGT,F,100,90.98
2025-11-28,10:01:05.974395704,T,TGT,I,20,90.97
2025-11-28,10:01:05.974431630,T,TGT,,127,90.97
2025-11-28,10:01:05.974474194,T,TGT,,100,90.96
2025-11-28,10:01:05.974474194,T,TGT,I,80,90.96
2025-11-28,10:01:05.975180509,T,TGT,F I,11,90.94
2025-11-28,10:01:05.975180509,T,TGT,F I,23,90.94
2025-11-28,10:01:05.975183449,T,TGT,F I,13,90.94
2025-11-28,10:01:05.975210553,T,TGT,I,87,90.94
2025-11-28,10:01:05.975213801,T,TGT,I,93,90.94
2025-11-28,10:01:05.975697690,T,TGT,I,41,90.94
2025-11-28,10:01:05.975700860,T,TGT,I,87,90.94
2025-11-28,10:01:05.975704069,T,TGT,,100,90.94
2025-11-28,10:01:17.617149227,T,TGT,F I,51,90.93
2025-11-28,10:01:17.617152414,T,TGT,F I,22,90.93
2025-11-28,10:01:17.617152414,T,TGT,F I,27,90.93
2025-11-28,10:01:17.617167221,T,TGT,I,1,90.93
2025-11-28,10:01:17.617188320,T,TGT,I,44,90.93
2025-11-28,10:01:22.735318597,T,TGT,I,20,90.91
2025-11-28,10:01:22.735321597,T,TGT,F I,20,90.91
2025-11-28,10:01:22.735327624,T,TGT,F I,20,90.91
2025-11-28,10:01:22.735336696,T,TGT,I,20,90.91
2025-11-28,10:01:22.735372793,T,TGT,F I,20,90.91
2025-11-28,10:01:22.735420934,T,TGT,I,20,90.91
2025-11-28,10:01:22.735426848,T,TGT,F I,63,90.91
2025-11-28,10:01:22.735502266,T,TGT,I,80,90.91
2025-11-28,10:01:22.735508377,T,TGT,,157,90.91
2025-11-28,10:01:22.735511197,T,TGT,F,100,90.9
2025-11-28,10:01:22.735511197,T,TGT,F I,77,90.9
2025-11-28,10:01:22.735532082,T,TGT,F I,23,90.9
2025-11-28,10:01:22.735535155,T,TGT,F,100,90.9
2025-11-28,10:01:22.735676616,T,TGT,F I,25,90.9
2025-11-28,10:01:22.735974224,T,TGT,F,100,90.89
2025-11-28,10:01:24.240094708,T,TGT,F I,56,90.9
2025-11-28,10:01:24.240098450,T,TGT,F I,29,90.9
2025-11-28,10:01:24.240098450,T,TGT,F I,34,90.9
2025-11-28,10:01:24.240101031,T,TGT,F I,10,90.9
2025-11-28,10:01:24.240103686,T,TGT,F I,5,90.91
2025-11-28,10:01:24.240103686,T,TGT,F I,35,90.91
2025-11-28,10:01:28.846953339,T,TGT,F,300,90.91
2025-11-28,10:01:28.846955994,T,TGT,F,100,90.9
2025-11-28,10:01:28.846959831,T,TGT,F,100,90.9
2025-11-28,10:01:28.846959831,T,TGT,F I,80,90.9
2025-11-28,10:01:28.847328801,T,TGT,F,137,90.9
2025-11-28,10:01:28.847328801,T,TGT,F I,84,90.9
2025-11-28,10:01:28.847332566,T,TGT,F,200,90.9
2025-11-28,10:01:28.847336285,T,TGT,F I,9,90.9
2025-11-28,10:01:28.847336285,T,TGT,F,100,90.9
2025-11-28,10:01:28.847341039,T,TGT,F,100,90.9
2025-11-28,10:01:28.847344608,T,TGT,F,100,90.9
2025-11-28,10:01:28.847350856,T,TGT,F,100,90.9
2025-11-28,10:01:28.847350856,T,TGT,F,491,90.9
2025-11-28,10:01:28.847352928,T,TGT,F,100,90.9
2025-11-28,10:01:28.847352928,T,TGT,F,200,90.9
2025-11-28,10:01:28.847358903,T,TGT,F,100,90.9
2025-11-28,10:01:28.847358903,T,TGT,F,100,90.9
2025-11-28,10:01:28.847361961,T,TGT,F I,59,90.9
2025-11-28,10:01:28.847377354,T,TGT,,100,90.9
2025-11-28,10:01:28.847425104,T,TGT,F I,20,90.89
2025-11-28,10:01:28.847425104,T,TGT,F I,35,90.89
2025-11-28,10:01:28.847443172,T,TGT,F I,63,90.9
2025-11-28,10:01:28.847443172,T,TGT,I,11,90.9
2025-11-28,10:01:28.847459090,T,TGT,I,5,90.9
2025-11-28,10:01:28.847461170,T,TGT,I,95,90.9
2025-11-28,10:01:28.847467142,T,TGT,F I,11,90.89
2025-11-28,10:01:28.847509213,T,TGT,F I,74,90.89
2025-11-28,10:01:28.847512245,T,TGT,F I,11,90.89
2025-11-28,10:01:28.847539484,T,TGT,F I,5,90.89
2025-11-28,10:01:28.847543909,T,TGT,F,100,90.89
2025-11-28,10:01:28.847695742,T,TGT,F I,35,90.88
2025-11-28,10:01:28.847717368,T,TGT,I,35,90.88
2025-11-28,10:01:28.847767884,T,TGT,I,44,90.88
2025-11-28,10:01:28.847771089,T,TGT,,100,90.88
2025-11-28,10:01:28.847771089,T,TGT,I,1,90.88
2025-11-28,10:01:28.848447824,T,TGT,F I,20,90.87
2025-11-28,10:01:28.848447824,T,TGT,F,100,90.87
2025-11-28,10:01:28.848450586,T,TGT,F I,86,90.87
2025-11-28,10:01:28.848450586,T,TGT,F I,35,90.87
2025-11-28,10:01:28.848541073,T,TGT,,100,90.88
2025-11-28,10:01:28.848544013,T,TGT,I,28,90.88
2025-11-28,10:01:28.848544013,T,TGT,I,72,90.88
2025-11-28,10:01:28.848561742,T,TGT,I,1,90.88
2025-11-28,10:01:28.848618887,T,TGT,I,26,90.88
2025-11-28,10:01:29.301606093,T,TGT,I,20,90.89
2025-11-28,10:01:29.301630920,T,TGT,F I,80,90.89
2025-11-28,10:01:29.301630920,T,TGT,F I,1,90.89
2025-11-28,10:01:29.301633228,T,TGT,F,100,90.89
2025-11-28,10:01:29.301636212,T,TGT,F I,68,90.89
2025-11-28,10:01:29.334086439,T,TGT,I,55,90.89
2025-11-28,10:01:29.334381392,T,TGT,F I,45,90.89
2025-11-28,10:01:29.334384201,T,TGT,F I,20,90.89
2025-11-28,10:01:29.334384201,T,TGT,F I,20,90.89
2025-11-28,10:01:29.334402283,T,TGT,I,1,90.89
2025-11-28,10:01:29.334561645,T,TGT,F I,5,90.89
2025-11-28,10:01:29.334751109,T,TGT,F I,63,90.89
2025-11-28,10:01:29.334793103,T,TGT,F I,32,90.89
2025-11-28,10:01:33.553480672,T,TGT,I,1,90.92
2025-11-28,10:01:33.553498801,T,TGT,I,1,90.92
2025-11-28,10:01:33.553781377,T,TGT,,100,90.92
2025-11-28,10:01:37.076644366,T,TGT,F I,35,90.92
2025-11-28,10:01:37.076650309,T,TGT,F,100,90.92
2025-11-28,10:01:37.076650309,T,TGT,F,198,90.92
2025-11-28,10:01:37.076653297,T,TGT,F I,19,90.92
2025-11-28,10:01:37.076668336,T,TGT,F I,1,90.92
2025-11-28,10:01:37.076668336,T,TGT,F I,1,90.92
2025-11-28,10:01:37.076689920,T,TGT,I,17,90.92
2025-11-28,10:01:41.682822929,T,TGT,F I,80,90.91
2025-11-28,10:01:42.194140189,T,TGT,F,100,90.9
2025-11-28,10:01:42.194140189,T,TGT,F,150,90.9
2025-11-28,10:01:42.194212259,T,TGT,F,111,90.89
2025-11-28,10:01:42.194212259,T,TGT,F I,20,90.89
2025-11-28,10:01:42.194401806,T,TGT,I,10,90.88
2025-11-28,10:01:42.196022821,T,TGT,F I,30,90.86
2025-11-28,10:01:42.196022821,T,TGT,F I,1,90.86
2025-11-28,10:01:42.196047379,T,TGT,I,5,90.86
2025-11-28,10:01:42.196047379,T,TGT,I,5,90.86
2025-11-28,10:01:42.200401088,T,TGT,I,80,90.85
2025-11-28,10:01:42.200431104,T,TGT,,120,90.85
2025-11-28,10:01:42.201300138,T,TGT,F I,39,90.84
2025-11-28,10:01:42.201336285,T,TGT,F I,61,90.84
2025-11-28,10:01:42.201339314,T,TGT,F I,20,90.83
2025-11-28,10:01:42.657481055,T,TGT,F,100,90.84
2025-11-28,10:01:42.657481055,T,TGT,F,100,90.84
2025-11-28,10:01:45.831560941,T,TGT,F,100,90.85
2025-11-28,10:01:45.831578927,T,TGT,I,1,90.85
2025-11-28,10:01:45.831726353,T,TGT,I,99,90.85
2025-11-28,10:01:45.831765614,T,TGT,I,20,90.84
2025-11-28,10:01:45.831765614,T,TGT,I,47,90.84
2025-11-28,10:01:45.831768353,T,TGT,I,53,90.84
2025-11-28,10:01:45.832378869,T,TGT,F I,2,90.85
2025-11-28,10:01:45.832580366,T,TGT,F I,28,90.85
2025-11-28,10:01:45.833569728,T,TGT,F I,30,90.86
2025-11-28,10:01:57.636100039,T,TGT,F,100,90.87
2025-11-28,10:01:57.636121185,T,TGT,F I,10,90.87
2025-11-28,10:01:57.636121185,T,TGT,F I,37,90.87
2025-11-28,10:01:57.636124061,T,TGT,F I,20,90.87
2025-11-28,10:01:57.636454900,T,TGT,I,67,90.87
2025-11-28,10:01:58.468759716,T,TGT,F,100,90.89
2025-11-28,10:01:58.468759716,T,TGT,F I,19,90.89
2025-11-28,10:01:58.469036416,T,TGT,,100,90.89
2025-11-28,10:01:58.469039404,T,TGT,I,23,90.89
2025-11-28,10:01:58.469328720,T,TGT,F,100,90.89
2025-11-28,10:01:58.469866349,T,TGT,I,30,90.88
2025-11-28,10:01:58.687678710,T,TGT,F I,98,90.86
2025-11-28,10:01:58.687708404,T,TGT,I,1,90.86
2025-11-28,10:01:58.687732407,T,TGT,I,1,90.86
2025-11-28,10:01:58.687736036,T,TGT,,150,90.86
2025-11-28,10:01:58.687738782,T,TGT,I,80,90.86
2025-11-28,10:01:58.693891154,T,TGT,F I,30,90.87
2025-11-28,10:01:58.698171090,T,TGT,F I,30,90.88
2025-11-28,10:01:58.698173257,T,TGT,F,100,90.88
2025-11-28,10:02:01.899919064,T,TGT,F I,30,90.88
2025-11-28,10:02:01.899919064,T,TGT,F I,70,90.88
2025-11-28,10:02:01.899940142,T,TGT,I,1,90.88
2025-11-28,10:02:01.899940142,T,TGT,I,1,90.88
2025-11-28,10:02:01.899944187,T,TGT,F I,28,90.88
2025-11-28,10:02:01.899944187,T,TGT,F I,2,90.88
2025-11-28,10:02:01.899946204,T,TGT,I,30,90.88
2025-11-28,10:02:01.900120552,T,TGT,F I,84,90.88
2025-11-28,10:02:01.900322074,T,TGT,F,100,90.88
2025-11-28,10:02:01.908257985,T,TGT,I,80,90.88
2025-11-28,10:02:02.027813791,T,TGT,I,18,90.88
2025-11-28,10:02:02.463188036,T,TGT,I,18,90.88
2025-11-28,10:02:03.166263041,T,TGT,F I,63,90.88
2025-11-28,10:02:03.166470649,T,TGT,F,105,90.88
2025-11-28,10:02:03.166470649,T,TGT,F,495,90.87
2025-11-28,10:02:03.166488523,T,TGT,F,105,90.87
2025-11-28,10:02:03.166527871,T,TGT,I,5,90.88
2025-11-28,10:02:03.166530898,T,TGT,I,30,90.88
2025-11-28,10:02:03.166533983,T,TGT,I,65,90.88
2025-11-28,10:02:03.166551701,T,TGT,I,1,90.88
2025-11-28,10:02:03.166699093,T,TGT,I,5,90.87
2025-11-28,10:02:03.166702078,T,TGT,I,1,90.87
2025-11-28,10:02:03.168639661,T,TGT,I,26,90.87
2025-11-28,10:02:03.168644657,T,TGT,I,28,90.87
2025-11-28,10:02:03.168644657,T,TGT,I,12,90.87
2025-11-28,10:02:03.168644657,T,TGT,I,28,90.87
2025-11-28,10:02:03.168683758,T,TGT,F I,68,90.88
2025-11-28,10:02:03.657973503,T,TGT,F I,63,90.88
2025-11-28,10:02:03.658015621,T,TGT,F I,3,90.88
2025-11-28,10:02:03.658036605,T,TGT,I,3,90.88
2025-11-28,10:02:04.666880097,T,TGT,F I,35,90.88
2025-11-28,10:02:06.262866790,T,TGT,F I,30,90.87
2025-11-28,10:02:06.262866790,T,TGT,F I,31,90.87
2025-11-28,10:02:06.262872416,T,TGT,F I,30,90.87
2025-11-28,10:02:06.263317628,T,TGT,F I,30,90.88
2025-11-28,10:02:06.263320981,T,TGT,F I,5,90.88
2025-11-28,10:02:06.263324224,T,TGT,F I,35,90.88
2025-11-28,10:02:06.263807574,T,TGT,F I,3,90.89
2025-11-28,10:02:06.264538331,T,TGT,I,30,90.9
2025-11-28,10:02:06.264574864,T,TGT,I,79,90.9
2025-11-28,10:02:06.264577488,T,TGT,I,5,90.9
2025-11-28,10:02:06.264580509,T,TGT,,100,90.9
2025-11-28,10:02:06.264598542,T,TGT,I,65,90.9
2025-11-28,10:02:18.034744518,T,TGT,F I,80,90.89
2025-11-28,10:02:18.034744518,T,TGT,F I,94,90.89
2025-11-28,10:02:18.183554091,T,TGT,F I,63,90.91
2025-11-28,10:02:22.534039572,T,TGT,F I,11,90.92
2025-11-28,10:02:22.534376412,T,TGT,I,9,90.92
2025-11-28,10:02:22.534406490,T,TGT,I,39,90.92
2025-11-28,10:02:22.534406490,T,TGT,I,26,90.92
2025-11-28,10:02:22.534409522,T,TGT,I,35,90.92
2025-11-28,10:02:23.320497235,T,TGT,F I,63,90.92
2025-11-28,10:02:24.338119009,T,TGT,I,12,90.89
2025-11-28,10:02:24.338900528,T,TGT,F,100,90.89
2025-11-28,10:02:35.116823714,T,TGT,F I,70,90.91
2025-11-28,10:02:35.116844812,T,TGT,I,1,90.91
2025-11-28,10:02:35.123389120,T,TGT,F,100,90.91
2025-11-28,10:02:35.123391401,T,TGT,F,100,90.91
2025-11-28,10:02:43.494942689,T,TGT,,100,90.93
2025-11-28,10:02:43.494942689,T,TGT,I,3,90.93
2025-11-28,10:02:45.073682852,T,TGT,F I,20,91.0
2025-11-28,10:02:45.073682852,T,TGT,F I,7,91.0
2025-11-28,10:02:45.073685842,T,TGT,F I,5,91.0
2025-11-28,10:02:45.073688926,T,TGT,F I,40,91.01
2025-11-28,10:02:45.073688926,T,TGT,F I,17,91.01
2025-11-28,10:02:45.466998924,T,TGT,,100,91.0
2025-11-28,10:02:46.350738253,T,TGT,,127,90.97
2025-11-28,10:02:46.352590782,T,TGT,,119,90.97
2025-11-28,10:02:57.054901790,T,TGT,F I,46,91.0
2025-11-28,10:02:57.055325868,T,TGT,F I,11,90.99
2025-11-28,10:02:57.055337901,T,TGT,F I,11,90.99
2025-11-28,10:02:57.055361961,T,TGT,F I,11,90.99
2025-11-28,10:02:57.055374029,T,TGT,F I,67,90.99
2025-11-28,10:02:57.055374029,T,TGT,F I,59,90.985
2025-11-28,10:02:59.050738720,T,TGT,F I,63,90.98
2025-11-28,10:02:59.050786838,T,TGT,F I,37,90.98
2025-11-28,10:03:02.629378459,T,TGT,F I,63,90.99
2025-11-28,10:03:02.781113903,T,TGT,F,100,91.01
2025-11-28,10:03:02.781135007,T,TGT,I,1,91.01
2025-11-28,10:03:02.781351817,T,TGT,F I,53,91.01
2025-11-28,10:03:02.781351817,T,TGT,F,100,91.01
2025-11-28,10:03:02.781354532,T,TGT,F I,80,91.01
2025-11-28,10:03:05.077162077,T,TGT,I,63,91.015
2025-11-28,10:03:16.732494590,T,TGT,I,4,91.025
2025-11-28,10:03:16.732521557,T,TGT,I,96,91.025
2025-11-28,10:03:21.043325252,T,TGT,F I,1,91.03
2025-11-28,10:03:21.043328083,T,TGT,F I,1,91.03
2025-11-28,10:03:21.043330604,T,TGT,F I,98,91.03
2025-11-28,10:03:21.043351632,T,TGT,F I,2,91.03
2025-11-28,10:03:21.043354793,T,TGT,F I,18,91.03
2025-11-28,10:03:21.043354793,T,TGT,F,100,91.03
2025-11-28,10:03:21.043565253,T,TGT,,100,91.01
2025-11-28,10:03:21.043577238,T,TGT,F I,2,91.03
2025-11-28,10:03:21.043586242,T,TGT,I,1,91.01
2025-11-28,10:03:21.043589223,T,TGT,I,4,91.01
2025-11-28,10:03:21.043628729,T,TGT,I,5,91.01
2025-11-28,10:03:21.043628729,T,TGT,I,13,91.01
2025-11-28,10:03:21.043631392,T,TGT,I,27,91.01
2025-11-28,10:03:21.043631392,T,TGT,,100,91.01
2025-11-28,10:03:21.043680214,T,TGT,I,14,91.0
2025-11-28,10:03:21.043683598,T,TGT,I,27,91.0
2025-11-28,10:03:21.043685923,T,TGT,,100,91.0
2025-11-28,10:03:21.043685923,T,TGT,I,21,91.0
2025-11-28,10:03:21.043703824,T,TGT,I,17,91.0
2025-11-28,10:03:21.043706535,T,TGT,I,80,91.0
2025-11-28,10:03:21.043766642,T,TGT,F I,17,91.0
2025-11-28,10:03:21.043817752,T,TGT,I,27,91.0
2025-11-28,10:03:21.043959148,T,TGT,I,17,91.01
2025-11-28,10:03:21.043959148,T,TGT,I,11,91.01
2025-11-28,10:03:21.044013267,T,TGT,I,6,91.0
2025-11-28,10:03:21.044148539,T,TGT,I,7,91.01
2025-11-28,10:03:21.044398154,T,TGT,I,67,90.99
2025-11-28,10:03:21.044425202,T,TGT,I,33,90.99
2025-11-28,10:03:21.044428299,T,TGT,,100,90.99
2025-11-28,10:03:21.044440294,T,TGT,F I,12,91.0
2025-11-28,10:03:21.044461360,T,TGT,F I,3,91.0
2025-11-28,10:03:21.044467643,T,TGT,F I,29,91.0
2025-11-28,10:03:21.044590766,T,TGT,I,3,91.0
2025-11-28,10:03:21.044590766,T,TGT,I,6,91.0
2025-11-28,10:03:21.044593865,T,TGT,I,3,91.0
2025-11-28,10:03:21.044593865,T,TGT,I,26,91.0
2025-11-28,10:03:21.044897821,T,TGT,I,3,91.0
2025-11-28,10:03:21.044897821,T,TGT,I,30,91.0
2025-11-28,10:03:21.044900390,T,TGT,,100,91.0
2025-11-28,10:03:21.045176997,T,TGT,I,3,91.01
2025-11-28,10:03:21.045195097,T,TGT,I,40,91.0
2025-11-28,10:03:21.045198068,T,TGT,I,60,91.0
2025-11-28,10:03:21.045228764,T,TGT,I,14,91.01
2025-11-28,10:03:21.045598145,T,TGT,I,3,91.01
2025-11-28,10:03:21.045601344,T,TGT,I,19,91.01
2025-11-28,10:03:21.045601344,T,TGT,I,40,91.01
2025-11-28,10:03:21.066870716,T,TGT,I,9,91.01
2025-11-28,10:03:21.088633536,T,TGT,,100,91.02
2025-11-28,10:03:21.171421371,T,TGT,I,80,91.03
2025-11-28,10:03:21.171421371,T,TGT,,100,91.04
2025-11-28,10:03:21.171424210,T,TGT,I,5,91.04
2025-11-28,10:03:21.171424210,T,TGT,I,1,91.04
2025-11-28,10:03:21.171438819,T,TGT,I,1,91.04
2025-11-28,10:03:21.171477916,T,TGT,F I,6,91.03
2025-11-28,10:03:24.255063300,T,TGT,I,22,91.01
2025-11-28,10:03:24.255063300,T,TGT,I,6,91.01
2025-11-28,10:03:24.255066334,T,TGT,,100,91.01
2025-11-28,10:03:24.255069339,T,TGT,,100,91.01
2025-11-28,10:03:24.255090401,T,TGT,I,1,91.01
2025-11-28,10:03:24.255090401,T,TGT,I,2,91.01
2025-11-28,10:03:24.255105388,T,TGT,F I,97,91.01
2025-11-28,10:03:24.255433234,T,TGT,F I,20,91.0
2025-11-28,10:03:24.332025676,T,TGT,F I,74,90.99
2025-11-28,10:03:24.332029148,T,TGT,F,100,90.99
2025-11-28,10:03:24.332029148,T,TGT,F,100,90.99
2025-11-28,10:03:24.332031951,T,TGT,F,400,90.99
2025-11-28,10:03:24.332031951,T,TGT,,140,90.99
2025-11-28,10:03:24.332037704,T,TGT,,100,90.99
2025-11-28,10:03:24.332037704,T,TGT,,100,90.99
2025-11-28,10:03:24.332037704,T,TGT,,100,90.99
2025-11-28,10:03:31.834031330,T,TGT,F,100,90.98
2025-11-28,10:03:33.860562358,T,TGT,F,100,90.97
2025-11-28,10:03:33.860565397,T,TGT,F I,7,90.97
2025-11-28,10:03:33.860598429,T,TGT,F,100,90.96
2025-11-28,10:03:33.860605110,T,TGT,,200,90.96
2025-11-28,10:03:33.860607708,T,TGT,,100,90.96
2025-11-28,10:03:33.860607708,T,TGT,,100,90.96
2025-11-28,10:03:33.860610479,T,TGT,,100,90.96
2025-11-28,10:03:34.074447051,T,TGT,F I,11,90.97
2025-11-28,10:03:34.074447051,T,TGT,F I,88,90.97
2025-11-28,10:03:34.074449904,T,TGT,F I,1,90.97
2025-11-28,10:03:34.074467991,T,TGT,I,1,90.97
2025-11-28,10:03:34.502209963,T,TGT,I,6,90.96
2025-11-28,10:03:34.502213077,T,TGT,,100,90.96
2025-11-28,10:03:34.502231418,T,TGT,I,80,90.96
2025-11-28,10:03:35.156875673,T,TGT,F,100,90.95
2025-11-28,10:03:35.156893752,T,TGT,I,6,90.95
2025-11-28,10:03:35.156914973,T,TGT,F I,94,90.95
2025-11-28,10:03:35.156914973,T,TGT,F I,6,90.95
2025-11-28,10:03:35.156923877,T,TGT,I,94,90.95
2025-11-28,10:03:35.156923877,T,TGT,I,94,90.95
2025-11-28,10:03:35.156950857,T,TGT,F I,6,90.95
2025-11-28,10:03:35.156950857,T,TGT,F I,90,90.95
2025-11-28,10:03:35.157101191,T,TGT,I,10,90.95
2025-11-28,10:03:35.185266383,T,TGT,F I,20,90.94
2025-11-28,10:03:38.058527593,T,TGT,F,100,90.93
2025-11-28,10:03:38.058545595,T,TGT,I,1,90.93
2025-11-28,10:03:38.058548793,T,TGT,I,24,90.93
2025-11-28,10:03:38.058551646,T,TGT,I,24,90.93
2025-11-28,10:03:38.579452581,T,TGT,F I,6,90.94
2025-11-28,10:03:38.579455927,T,TGT,F I,58,90.94
2025-11-28,10:03:38.579455927,T,TGT,F I,27,90.94
2025-11-28,10:03:38.579458763,T,TGT,F I,36,90.94
2025-11-28,10:03:38.579461588,T,TGT,F,100,90.94
2025-11-28,10:03:38.581578635,T,TGT,F I,83,90.95
2025-11-28,10:03:38.581578635,T,TGT,F I,36,90.95
2025-11-28,10:03:38.843385539,T,TGT,I,11,90.97
2025-11-28,10:03:47.204901883,T,TGT,F,100,90.96
2025-11-28,10:03:47.204920610,T,TGT,I,1,90.96
2025-11-28,10:03:47.204920610,T,TGT,F I,5,90.96
2025-11-28,10:03:47.204922847,T,TGT,F I,58,90.96
2025-11-28,10:03:55.631163554,T,TGT,F I,9,90.97
2025-11-28,10:03:55.631165725,T,TGT,F I,2,90.98
2025-11-28,10:03:55.682074024,T,TGT,,100,90.99
2025-11-28,10:03:55.682076867,T,TGT,I,17,90.99
2025-11-28,10:03:55.682076867,T,TGT,I,51,90.99
2025-11-28,10:04:20.530783024,T,TGT,F,100,90.98
2025-11-28,10:04:20.530786074,T,TGT,F I,2,90.98
2025-11-28,10:04:20.530789067,T,TGT,F I,1,90.98
2025-11-28,10:04:20.530789067,T,TGT,F I,1,90.98
2025-11-28,10:04:20.530804091,T,TGT,I,1,90.98
2025-11-28,10:04:20.530811000,T,TGT,I,22,90.98
2025-11-28,10:04:20.530811000,T,TGT,F I,76,90.98
2025-11-28,10:04:20.530813838,T,TGT,F I,23,90.98
2025-11-28,10:04:20.530816075,T,TGT,I,77,90.98
2025-11-28,10:04:20.530816075,T,TGT,I,22,90.98
2025-11-28,10:04:20.530828189,T,TGT,I,78,90.98
2025-11-28,10:04:20.532497088,T,TGT,F,100,90.98
2025-11-28,10:04:20.532515129,T,TGT,I,1,90.98
2025-11-28,10:04:20.532518130,T,TGT,F I,18,90.98
2025-11-28,10:04:20.581261326,T,TGT,I,9,90.98
2025-11-28,10:04:20.581264278,T,TGT,,100,90.98
2025-11-28,10:04:20.582599640,T,TGT,F I,1,90.98
2025-11-28,10:04:20.582599640,T,TGT,F,100,90.98
2025-11-28,10:04:22.913948757,T,TGT,,100,90.98
2025-11-28,10:04:25.563817452,T,TGT,,100,90.97
2025-11-28,10:04:25.563837924,T,TGT,I,1,90.97
2025-11-28,10:04:25.563840858,T,TGT,I,56,90.97
2025-11-28,10:04:25.563859608,T,TGT,I,43,90.97
2025-11-28,10:04:25.563859608,T,TGT,I,57,90.97
2025-11-28,10:04:25.563870834,T,TGT,I,43,90.97
2025-11-28,10:04:25.563876870,T,TGT,F I,43,90.97
2025-11-28,10:04:25.563882824,T,TGT,I,57,90.97
2025-11-28,10:04:25.563882824,T,TGT,I,78,90.97
2025-11-28,10:04:25.563946286,T,TGT,I,22,90.97
2025-11-28,10:04:25.563949141,T,TGT,,100,90.97
2025-11-28,10:04:25.563951964,T,TGT,I,86,90.97
2025-11-28,10:04:25.563970043,T,TGT,I,14,90.97
2025-11-28,10:04:26.637705115,T,TGT,I,50,90.97
2025-11-28,10:04:26.637705115,T,TGT,I,10,90.97
2025-11-28,10:04:32.623417495,T,TGT,I,50,90.97
2025-11-28,10:04:32.625038292,T,TGT,F,147,90.98
2025-11-28,10:04:32.625038292,T,TGT,F I,1,90.98
2025-11-28,10:04:32.625041270,T,TGT,F I,1,90.98
2025-11-28,10:04:32.625044420,T,TGT,F I,30,90.98
2025-11-28,10:04:32.625044420,T,TGT,F,100,90.98
2025-11-28,10:04:32.625047626,T,TGT,F I,3,90.98
2025-11-28,10:04:32.625051094,T,TGT,F,100,90.98
2025-11-28,10:04:32.625051094,T,TGT,F I,76,90.98
2025-11-28,10:04:32.625336522,T,TGT,F,100,90.99
2025-11-28,10:04:32.625336522,T,TGT,F,100,90.99
2025-11-28,10:04:32.625339071,T,TGT,F I,6,90.99
2025-11-28,10:04:32.625874350,T,TGT,I,73,90.985
2025-11-28,10:04:32.626084804,T,TGT,I,40,90.99
2025-11-28,10:04:32.626130083,T,TGT,I,1,90.99
2025-11-28,10:04:32.626493780,T,TGT,F,119,90.99
2025-11-28,10:04:36.821003801,T,TGT,F I,63,90.99
2025-11-28,10:04:36.827682694,T,TGT,,100,90.98
2025-11-28,10:04:36.827706698,T,TGT,I,1,90.98
2025-11-28,10:04:36.891062092,T,TGT,F I,6,90.99
2025-11-28,10:04:36.891064626,T,TGT,F I,94,90.99
2025-11-28,10:04:36.891085695,T,TGT,I,6,90.99
2025-11-28,10:04:36.891085695,T,TGT,I,58,90.99
2025-11-28,10:04:36.891088734,T,TGT,I,1,90.99
2025-11-28,10:04:36.891118787,T,TGT,I,17,90.99
2025-11-28,10:04:36.988523840,T,TGT,I,6,90.98
2025-11-28,10:04:37.564877544,T,TGT,I,5,90.97
2025-11-28,10:04:37.564880036,T,TGT,,100,90.97
2025-11-28,10:04:37.564883208,T,TGT,F,100,90.97
2025-11-28,10:04:37.564883208,T,TGT,F I,5,90.97
2025-11-28,10:04:37.564904073,T,TGT,F I,95,90.97
2025-11-28,10:04:37.564910041,T,TGT,F,100,90.97
2025-11-28,10:04:37.564910041,T,TGT,F I,26,90.97
2025-11-28,10:04:37.565057389,T,TGT,I,74,90.97
2025-11-28,10:04:48.382963838,T,TGT,F I,1,90.97
2025-11-28,10:04:48.382981932,T,TGT,F I,99,90.97
2025-11-28,10:04:48.382984887,T,TGT,F I,1,90.97
2025-11-28,10:05:00.959099080,T,TGT,,100,90.96
2025-11-28,10:05:00.959117819,T,TGT,I,1,90.96
2025-11-28,10:05:00.959117819,T,TGT,I,38,90.96
2025-11-28,10:05:00.959120105,T,TGT,I,1,90.96
2025-11-28,10:05:00.959123176,T,TGT,I,12,90.96
2025-11-28,10:05:00.959273856,T,TGT,I,48,90.96
2025-11-28,10:05:00.959276462,T,TGT,I,52,90.96
2025-11-28,10:05:02.968940400,T,TGT,,100,90.97
2025-11-28,10:05:02.968943314,T,TGT,I,20,90.97
2025-11-28,10:05:02.968943314,T,TGT,I,80,90.97
2025-11-28,10:05:02.969168926,T,TGT,I,5,90.98
2025-11-28,10:05:02.969400487,T,TGT,I,5,90.97
2025-11-28,10:05:02.969400487,T,TGT,I,5,90.97
2025-11-28,10:05:13.109576249,T,TGT,F I,5,90.96
2025-11-28,10:05:13.109600364,T,TGT,I,43,90.96
2025-11-28,10:05:13.109603345,T,TGT,I,74,90.96
2025-11-28,10:05:13.109639629,T,TGT,I,26,90.96
2025-11-28,10:05:13.109639629,T,TGT,I,99,90.96
