DATE,TIME_M,EX,SYM_ROOT,TR_SCOND,SIZE,PRICE
2025-10-23,9:30:01.291891718,T,TGT,F I,3,94.05
2025-10-23,9:30:01.291891718,T,TGT,F I,10,94.04
2025-10-23,9:30:01.291903764,T,TGT,Q,3,94.05
2025-10-23,9:30:01.292809614,T,TGT,F I,71,94.03
2025-10-23,9:30:01.293392382,T,TGT,F I,1,94.01
2025-10-23,9:30:01.295088414,T,TGT,I,7,94.06
2025-10-23,9:30:01.360891086,T,TGT,I,7,94.05
2025-10-23,9:30:01.628153129,T,TGT,F,234,94.1
2025-10-23,9:30:01.628153129,T,TGT,F I,10,94.1
2025-10-23,9:30:01.628240067,T,TGT,,100,94.1
2025-10-23,9:30:01.628754555,T,TGT,I,54,94.15
2025-10-23,9:30:01.628754555,T,TGT,I,2,94.15
2025-10-23,9:30:01.628760271,T,TGT,,100,94.15
2025-10-23,9:30:08.503928781,T,TGT,F I,25,94.035
2025-10-23,9:30:08.503955905,T,TGT,F I,42,94.035
2025-10-23,9:30:08.504500187,T,TGT,F I,33,94.035
2025-10-23,9:30:08.504500187,T,TGT,F I,67,94.02
2025-10-23,9:30:08.504506339,T,TGT,,100,94.07
2025-10-23,9:30:08.504509269,T,TGT,,100,94.07
2025-10-23,9:30:08.504512244,T,TGT,I,2,94.07
2025-10-23,9:30:08.504512244,T,TGT,I,1,94.07
2025-10-23,9:30:08.504515102,T,TGT,I,25,94.02
2025-10-23,9:30:10.648767646,T,TGT,F I,75,94.12
2025-10-23,9:30:10.648827723,T,TGT,F I,25,94.12
2025-10-23,9:30:28.116447120,T,TGT,I,1,94.08
2025-10-23,9:30:28.116519274,T,TGT,F I,75,94.08
2025-10-23,9:30:30.064443005,T,TGT,F I,75,94.08
2025-10-23,9:30:44.634884744,T,TGT,F I,70,94.12
2025-10-23,9:30:44.634944808,T,TGT,,100,94.13
2025-10-23,9:30:44.635588325,T,TGT,F I,10,94.14
2025-10-23,9:30:44.635687607,T,TGT,F,100,94.14
2025-10-23,9:30:44.639942720,T,TGT,F I,75,94.14
2025-10-23,9:30:44.639981795,T,TGT,F I,25,94.14
2025-10-23,9:30:45.465704210,T,TGT,F I,75,94.16
2025-10-23,9:30:45.466507106,T,TGT,I,3,94.19
2025-10-23,9:30:45.466507106,T,TGT,I,4,94.19
2025-10-23,9:30:45.466879961,T,TGT,F I,2,94.23
2025-10-23,9:30:45.467198785,T,TGT,F,125,94.24
2025-10-23,9:30:45.468350515,T,TGT,F I,1,94.26
2025-10-23,9:30:45.468813702,T,TGT,F I,1,94.28
2025-10-23,9:30:45.732905696,T,TGT,,150,94.25
2025-10-23,9:30:45.732908687,T,TGT,,100,94.21
2025-10-23,9:30:45.833904299,T,TGT,,150,94.25
2025-10-23,9:30:45.833904299,T,TGT,I,50,94.17
2025-10-23,9:30:45.884199108,T,TGT,,100,94.17
2025-10-23,9:30:45.884202140,T,TGT,,100,94.16
2025-10-23,9:30:45.884232290,T,TGT,F I,75,94.19
2025-10-23,9:30:45.884244236,T,TGT,F I,25,94.19
2025-10-23,9:30:52.173716241,T,TGT,I,75,94.295
2025-10-23,9:30:55.260498335,T,TGT,,100,94.29
2025-10-23,9:30:55.260540313,T,TGT,I,20,94.27
2025-10-23,9:30:55.260543291,T,TGT,,100,94.27
2025-10-23,9:30:55.260546947,T,TGT,,100,94.26
2025-10-23,9:30:55.260549499,T,TGT,,100,94.25
2025-10-23,9:30:55.260552295,T,TGT,,100,94.25
2025-10-23,9:30:55.260552295,T,TGT,I,50,94.25
2025-10-23,9:30:55.260555400,T,TGT,I,24,94.25
2025-10-23,9:30:55.260591448,T,TGT,F I,75,94.27
2025-10-23,9:30:55.260594462,T,TGT,F I,25,94.27
2025-10-23,9:30:55.260931209,T,TGT,I,16,94.3
2025-10-23,9:30:55.261165779,T,TGT,I,16,94.32
2025-10-23,9:30:55.261219907,T,TGT,I,5,94.29
2025-10-23,9:30:55.261222903,T,TGT,I,19,94.28
2025-10-23,9:30:55.261391658,T,TGT,I,17,94.28
2025-10-23,9:30:55.262046914,T,TGT,F I,50,94.33
2025-10-23,9:30:55.262050365,T,TGT,F I,50,94.33
2025-10-23,9:30:55.263995496,T,TGT,F I,16,94.29
2025-10-23,9:30:55.263998946,T,TGT,F I,24,94.29
2025-10-23,9:30:55.263998946,T,TGT,F,100,94.29
2025-10-23,9:30:55.264046784,T,TGT,,100,94.3
2025-10-23,9:31:02.734309043,T,TGT,I,14,94.24
2025-10-23,9:31:03.001155731,T,TGT,I,8,94.24
2025-10-23,9:31:03.001161767,T,TGT,I,75,94.24
2025-10-23,9:31:03.001161767,T,TGT,I,14,94.24
2025-10-23,9:31:03.001222051,T,TGT,,100,94.26
2025-10-23,9:31:03.064071677,T,TGT,,100,94.3
2025-10-23,9:31:03.064074592,T,TGT,,100,94.26
2025-10-23,9:31:03.064077598,T,TGT,I,44,94.25
2025-10-23,9:31:03.064092645,T,TGT,F I,56,94.25
2025-10-23,9:31:03.064092645,T,TGT,F I,22,94.25
2025-10-23,9:31:03.064354237,T,TGT,,100,94.27
2025-10-23,9:31:08.078569131,T,TGT,F I,22,94.25
2025-10-23,9:31:08.078572061,T,TGT,F I,12,94.25
2025-10-23,9:31:08.078593197,T,TGT,F I,14,94.25
2025-10-23,9:31:08.078638307,T,TGT,F I,22,94.25
2025-10-23,9:31:08.078680327,T,TGT,I,22,94.24
2025-10-23,9:31:08.078680327,T,TGT,,100,94.23
2025-10-23,9:31:08.078683355,T,TGT,I,37,94.23
2025-10-23,9:31:08.078698421,T,TGT,I,1,94.23
2025-10-23,9:31:08.078705248,T,TGT,F I,21,94.23
2025-10-23,9:31:08.078705248,T,TGT,F I,27,94.23
2025-10-23,9:31:08.078707769,T,TGT,F I,4,94.23
2025-10-23,9:31:08.078710430,T,TGT,F I,22,94.23
2025-10-23,9:31:08.078719417,T,TGT,I,22,94.24
2025-10-23,9:31:08.078722434,T,TGT,I,1,94.23
2025-10-23,9:31:08.078731447,T,TGT,F I,46,94.23
2025-10-23,9:31:08.078731447,T,TGT,F I,1,94.23
2025-10-23,9:31:08.078741303,T,TGT,F I,34,94.23
2025-10-23,9:31:08.078746473,T,TGT,F I,65,94.23
2025-10-23,9:31:08.078749586,T,TGT,F I,5,94.23
2025-10-23,9:31:08.078782650,T,TGT,F I,22,94.23
2025-10-23,9:31:08.079700178,T,TGT,F I,4,94.18
2025-10-23,9:31:08.079700178,T,TGT,F I,22,94.18
2025-10-23,9:31:08.079817124,T,TGT,,100,94.21
2025-10-23,9:31:08.079838723,T,TGT,I,1,94.21
2025-10-23,9:31:08.080045680,T,TGT,F I,2,94.21
2025-10-23,9:31:08.080815463,T,TGT,I,18,94.18
2025-10-23,9:31:08.080815463,T,TGT,I,13,94.18
2025-10-23,9:31:08.080818539,T,TGT,I,25,94.18
2025-10-23,9:31:08.080821496,T,TGT,I,6,94.18
2025-10-23,9:31:08.080821496,T,TGT,I,16,94.18
2025-10-23,9:31:08.080824461,T,TGT,I,22,94.18
2025-10-23,9:31:08.080836508,T,TGT,I,69,94.18
2025-10-23,9:31:08.080857618,T,TGT,I,1,94.18
2025-10-23,9:31:08.084977428,T,TGT,I,2,94.2
2025-10-23,9:31:08.084980426,T,TGT,I,2,94.2
2025-10-23,9:31:08.087158025,T,TGT,F I,18,94.23
2025-10-23,9:31:08.087160580,T,TGT,F I,25,94.23
2025-10-23,9:31:08.087206021,T,TGT,I,20,94.22
2025-10-23,9:31:08.087206021,T,TGT,I,4,94.21
2025-10-23,9:31:08.087209029,T,TGT,,100,94.21
2025-10-23,9:31:08.087750004,T,TGT,F I,44,94.23
2025-10-23,9:31:08.087780067,T,TGT,I,56,94.23
2025-10-23,9:31:08.087780067,T,TGT,I,2,94.23
2025-10-23,9:31:08.088195032,T,TGT,I,1,94.24
2025-10-23,9:31:08.088315338,T,TGT,I,2,94.22
2025-10-23,9:31:08.109605991,T,TGT,I,8,94.2
2025-10-23,9:31:22.139173169,T,TGT,I,3,94.165
2025-10-23,9:31:26.052546549,T,TGT,F,100,94.15
2025-10-23,9:31:26.052549403,T,TGT,F I,2,94.17
2025-10-23,9:31:26.052570532,T,TGT,F,100,94.17
2025-10-23,9:31:26.309953684,T,TGT,I,12,94.17
2025-10-23,9:31:41.687828038,T,TGT,I,17,94.29
2025-10-23,9:31:42.343302567,T,TGT,I,11,94.28
2025-10-23,9:31:51.772125374,T,TGT,F I,20,94.36
2025-10-23,9:31:51.772152122,T,TGT,F I,2,94.37
2025-10-23,9:31:51.772152122,T,TGT,F I,25,94.37
2025-10-23,9:31:51.772675148,T,TGT,F I,4,94.39
2025-10-23,9:31:51.772765314,T,TGT,F I,1,94.4
2025-10-23,9:31:51.785711278,T,TGT,I,3,94.38
2025-10-23,9:31:51.785714157,T,TGT,I,21,94.38
2025-10-23,9:31:51.786496330,T,TGT,F I,17,94.36
2025-10-23,9:31:51.786496330,T,TGT,F I,75,94.36
2025-10-23,9:31:51.786499108,T,TGT,F I,21,94.36
2025-10-23,9:31:51.787825298,T,TGT,F I,21,94.34
2025-10-23,9:32:06.769391359,T,TGT,I,11,94.325
2025-10-23,9:32:06.769394305,T,TGT,I,30,94.325
2025-10-23,9:32:06.772756386,T,TGT,F,255,94.31
2025-10-23,9:32:06.772756386,T,TGT,F,199,94.3
2025-10-23,9:32:07.465333327,T,TGT,I,10,94.29
2025-10-23,9:32:07.465381489,T,TGT,I,11,94.29
2025-10-23,9:32:07.465408531,T,TGT,F I,10,94.29
2025-10-23,9:32:07.465465950,T,TGT,I,21,94.31
2025-10-23,9:32:07.465465950,T,TGT,I,2,94.31
2025-10-23,9:32:07.465468665,T,TGT,I,1,94.31
2025-10-23,9:32:07.465471755,T,TGT,I,21,94.32
2025-10-23,9:32:07.465471755,T,TGT,F I,75,94.28
2025-10-23,9:32:07.465489983,T,TGT,I,1,94.29
2025-10-23,9:32:07.465534881,T,TGT,F I,17,94.29
2025-10-23,9:32:07.465586182,T,TGT,F I,2,94.29
2025-10-23,9:32:07.465588992,T,TGT,F I,1,94.29
2025-10-23,9:32:07.466110023,T,TGT,F I,1,94.29
2025-10-23,9:32:07.466110023,T,TGT,F I,1,94.29
2025-10-23,9:32:07.466845924,T,TGT,F I,3,94.27
2025-10-23,9:32:07.466855413,T,TGT,F I,20,94.26
2025-10-23,9:32:07.466855413,T,TGT,F I,25,94.26
2025-10-23,9:32:07.466858144,T,TGT,F I,16,94.25
2025-10-23,9:32:07.466860971,T,TGT,F I,1,94.25
2025-10-23,9:32:07.466894066,T,TGT,F I,20,94.25
2025-10-23,9:32:07.466930221,T,TGT,F I,1,94.25
2025-10-23,9:32:07.467405549,T,TGT,F I,50,94.25
2025-10-23,9:32:07.467432412,T,TGT,I,2,94.25
2025-10-23,9:32:07.467432412,T,TGT,I,21,94.24
2025-10-23,9:32:07.668495474,T,TGT,F,100,94.25
2025-10-23,9:32:07.668495474,T,TGT,F I,16,94.24
2025-10-23,9:32:07.668506513,T,TGT,F I,79,94.24
2025-10-23,9:32:07.668506513,T,TGT,F I,21,94.24
2025-10-23,9:32:07.668509443,T,TGT,F I,25,94.24
2025-10-23,9:32:07.668753053,T,TGT,F I,5,94.22
2025-10-23,9:32:07.669116924,T,TGT,F I,16,94.2
2025-10-23,9:32:07.669913796,T,TGT,I,21,94.24
2025-10-23,9:32:07.720364982,T,TGT,,100,94.25
2025-10-23,9:32:07.720367912,T,TGT,,100,94.25
2025-10-23,9:32:07.722899972,T,TGT,F I,75,94.27
2025-10-23,9:32:08.170576513,T,TGT,I,3,94.275
2025-10-23,9:32:08.170600588,T,TGT,I,75,94.275
2025-10-23,9:32:12.095235806,T,TGT,F I,75,94.28
2025-10-23,9:32:18.592830737,T,TGT,I,2,94.37
2025-10-23,9:32:20.533555494,T,TGT,F I,21,94.38
2025-10-23,9:32:20.533558499,T,TGT,F I,10,94.38
2025-10-23,9:32:20.533576618,T,TGT,I,12,94.38
2025-10-23,9:32:20.533576618,T,TGT,I,75,94.38
2025-10-23,9:32:20.533603577,T,TGT,I,1,94.38
2025-10-23,9:32:20.533979485,T,TGT,I,12,94.4
2025-10-23,9:32:21.856479181,T,TGT,F I,75,94.37
2025-10-23,9:32:25.141920599,T,TGT,F I,75,94.365
2025-10-23,9:32:25.141968669,T,TGT,I,25,94.365
2025-10-23,9:32:33.613286069,T,TGT,F I,96,94.33
2025-10-23,9:32:33.613289541,T,TGT,F I,54,94.33
2025-10-23,9:32:33.613292103,T,TGT,F I,2,94.32
2025-10-23,9:32:33.613367184,T,TGT,F I,75,94.32
2025-10-23,9:32:33.613389135,T,TGT,F I,23,94.32
2025-10-23,9:32:33.613389135,T,TGT,F I,23,94.31
2025-10-23,9:32:33.613391360,T,TGT,F I,52,94.31
2025-10-23,9:32:33.613409347,T,TGT,F I,23,94.31
2025-10-23,9:32:33.613430440,T,TGT,I,23,94.31
2025-10-23,9:32:33.613719067,T,TGT,F I,56,94.31
2025-10-23,9:32:33.613728098,T,TGT,F I,44,94.31
2025-10-23,9:32:33.613809257,T,TGT,F I,23,94.29
2025-10-23,9:32:33.613885068,T,TGT,I,4,94.31
2025-10-23,9:32:33.613885068,T,TGT,I,21,94.31
2025-10-23,9:32:33.613926522,T,TGT,F I,21,94.29
2025-10-23,9:32:33.613950639,T,TGT,I,1,94.29
2025-10-23,9:32:33.613965634,T,TGT,F I,3,94.29
2025-10-23,9:32:33.613965634,T,TGT,F I,51,94.29
2025-10-23,9:32:33.614049977,T,TGT,I,21,94.31
2025-10-23,9:32:33.614049977,T,TGT,I,1,94.31
2025-10-23,9:32:33.614110343,T,TGT,,100,94.31
2025-10-23,9:32:33.614110343,T,TGT,I,25,94.31
2025-10-23,9:32:33.614260375,T,TGT,,100,94.3
2025-10-23,9:32:33.614263331,T,TGT,I,22,94.3
2025-10-23,9:32:33.614263331,T,TGT,I,1,94.3
2025-10-23,9:32:33.614296642,T,TGT,I,1,94.3
2025-10-23,9:32:33.614693367,T,TGT,F I,6,94.3
2025-10-23,9:32:33.614693367,T,TGT,F I,21,94.3
2025-10-23,9:32:33.614696558,T,TGT,F I,35,94.3
2025-10-23,9:32:33.619835687,T,TGT,F I,19,94.27
2025-10-23,9:32:33.619838651,T,TGT,F,100,94.27
2025-10-23,9:32:33.620097249,T,TGT,,100,94.28
2025-10-23,9:32:33.620100275,T,TGT,I,23,94.28
2025-10-23,9:32:33.620957331,T,TGT,,100,94.27
2025-10-23,9:32:36.166810477,T,TGT,I,4,94.28
2025-10-23,9:32:36.166828520,T,TGT,I,7,94.28
2025-10-23,9:32:36.166831587,T,TGT,I,1,94.28
2025-10-23,9:32:36.166879695,T,TGT,F I,7,94.28
2025-10-23,9:32:36.166882728,T,TGT,F I,1,94.28
2025-10-23,9:32:43.957320691,T,TGT,F I,13,94.335
2025-10-23,9:32:47.920600840,T,TGT,,100,94.33
2025-10-23,9:32:50.532767978,T,TGT,F I,75,94.29
2025-10-23,9:32:50.533339356,T,TGT,F I,2,94.26
2025-10-23,9:32:50.533754338,T,TGT,I,10,94.24
2025-10-23,9:32:50.533775459,T,TGT,F I,2,94.24
2025-10-23,9:32:50.535263971,T,TGT,,100,94.26
2025-10-23,9:32:58.179418346,T,TGT,I,2,94.22
2025-10-23,9:33:03.505701601,T,TGT,I,4,94.26
2025-10-23,9:33:21.967034907,T,TGT,I,9,94.36
2025-10-23,9:33:21.967052987,T,TGT,F I,8,94.36
2025-10-23,9:33:21.967055983,T,TGT,F,100,94.36
2025-10-23,9:33:21.967077020,T,TGT,I,1,94.36
2025-10-23,9:33:21.967113131,T,TGT,I,58,94.35
2025-10-23,9:33:21.967170300,T,TGT,F I,42,94.35
2025-10-23,9:33:21.967284561,T,TGT,F I,8,94.36
2025-10-23,9:33:21.967311609,T,TGT,I,17,94.36
2025-10-23,9:33:22.004137356,T,TGT,F,100,94.39
2025-10-23,9:33:22.004155441,T,TGT,F I,17,94.39
2025-10-23,9:33:39.485619528,T,TGT,F I,19,94.43
2025-10-23,9:33:39.485622508,T,TGT,F,100,94.43
2025-10-23,9:33:39.485622508,T,TGT,F I,1,94.43
2025-10-23,9:33:39.485625760,T,TGT,F I,3,94.43
2025-10-23,9:33:39.485625760,T,TGT,F I,7,94.43
2025-10-23,9:33:39.485628765,T,TGT,F I,3,94.44
2025-10-23,9:33:39.485628765,T,TGT,F I,9,94.44
2025-10-23,9:33:39.485637622,T,TGT,F I,1,94.44
2025-10-23,9:33:39.485661634,T,TGT,F I,19,94.43
2025-10-23,9:33:39.485664721,T,TGT,F I,9,94.45
2025-10-23,9:33:39.485664721,T,TGT,F I,10,94.45
2025-10-23,9:33:39.485667687,T,TGT,F I,1,94.43
2025-10-23,9:33:39.485691710,T,TGT,F I,1,94.46
2025-10-23,9:33:39.485712958,T,TGT,F I,10,94.47
2025-10-23,9:33:39.485740009,T,TGT,F I,20,94.47
2025-10-23,9:33:39.485740009,T,TGT,F I,1,94.48
2025-10-23,9:33:39.485742871,T,TGT,F I,15,94.48
2025-10-23,9:33:39.485784886,T,TGT,F I,20,94.46
2025-10-23,9:33:39.485929607,T,TGT,F I,19,94.43
2025-10-23,9:33:39.485932544,T,TGT,F I,16,94.42
2025-10-23,9:33:39.485932544,T,TGT,F I,15,94.42
2025-10-23,9:33:39.485935371,T,TGT,F I,10,94.48
2025-10-23,9:33:39.485938655,T,TGT,F I,20,94.48
2025-10-23,9:33:39.485938655,T,TGT,F I,1,94.48
2025-10-23,9:33:39.485953357,T,TGT,I,1,94.43
2025-10-23,9:33:39.485977407,T,TGT,F I,19,94.47
2025-10-23,9:33:39.486004493,T,TGT,F I,19,94.45
2025-10-23,9:33:39.486026222,T,TGT,F I,15,94.46
2025-10-23,9:33:39.486028534,T,TGT,F I,1,94.46
2025-10-23,9:33:39.486031520,T,TGT,F I,4,94.46
2025-10-23,9:33:39.486115678,T,TGT,F I,25,94.48
2025-10-23,9:33:39.486118739,T,TGT,F I,11,94.48
2025-10-23,9:33:39.486199977,T,TGT,F I,9,94.48
2025-10-23,9:33:39.486202964,T,TGT,F I,11,94.48
2025-10-23,9:33:39.486407446,T,TGT,F I,25,94.48
2025-10-23,9:33:39.486407446,T,TGT,F I,11,94.48
2025-10-23,9:33:39.486410461,T,TGT,F I,3,94.48
2025-10-23,9:33:39.487650190,T,TGT,F I,2,94.5
2025-10-23,9:33:39.487650190,T,TGT,F,100,94.5
2025-10-23,9:33:39.487655383,T,TGT,F,300,94.5
2025-10-23,9:33:39.487655383,T,TGT,F I,60,94.5
2025-10-23,9:33:39.487658343,T,TGT,F,100,94.5
2025-10-23,9:33:39.487769671,T,TGT,F,200,94.51
2025-10-23,9:33:39.489859587,T,TGT,F I,5,94.52
2025-10-23,9:33:43.358372122,T,TGT,F,100,94.54
2025-10-23,9:33:43.358375139,T,TGT,F I,50,94.55
2025-10-23,9:33:43.358393758,T,TGT,F I,93,94.55
2025-10-23,9:33:43.358393758,T,TGT,F I,7,94.55
2025-10-23,9:34:15.875137714,T,TGT,F,100,94.57
2025-10-23,9:34:15.875140192,T,TGT,F,100,94.57
2025-10-23,9:34:15.875143174,T,TGT,F I,13,94.57
2025-10-23,9:34:15.875597334,T,TGT,F I,5,94.58
2025-10-23,9:34:15.875603337,T,TGT,F I,95,94.58
2025-10-23,9:34:15.875606336,T,TGT,F I,1,94.58
2025-10-23,9:34:15.875618295,T,TGT,F I,95,94.58
2025-10-23,9:34:15.875657477,T,TGT,I,4,94.58
2025-10-23,9:34:15.875660497,T,TGT,I,18,94.58
2025-10-23,9:34:26.166149708,T,TGT,,100,94.63
2025-10-23,9:34:26.166167790,T,TGT,F,100,94.63
2025-10-23,9:34:26.166170765,T,TGT,F,100,94.63
2025-10-23,9:34:40.416121094,T,TGT,F I,67,94.69
2025-10-23,9:34:40.416124165,T,TGT,I,9,94.69
2025-10-23,9:34:40.416124165,T,TGT,I,10,94.69
2025-10-23,9:34:41.068750819,T,TGT,F I,75,94.66
2025-10-23,9:34:44.370100015,T,TGT,F I,4,94.64
2025-10-23,9:34:44.370112143,T,TGT,F I,25,94.64
2025-10-23,9:34:44.370340584,T,TGT,,100,94.64
2025-10-23,9:34:44.370683472,T,TGT,I,44,94.64
2025-10-23,9:34:44.371125550,T,TGT,I,38,94.63
2025-10-23,9:34:44.810586498,T,TGT,F,100,94.61
2025-10-23,9:34:44.810592518,T,TGT,F,100,94.6
2025-10-23,9:34:44.810595461,T,TGT,F I,25,94.6
2025-10-23,9:34:44.810908311,T,TGT,I,25,94.6
2025-10-23,9:34:44.810908311,T,TGT,,100,94.61
2025-10-23,9:34:44.810911213,T,TGT,I,13,94.61
2025-10-23,9:34:44.810926227,T,TGT,I,1,94.61
2025-10-23,9:34:44.810947280,T,TGT,F I,24,94.61
2025-10-23,9:34:48.191817894,T,TGT,I,5,94.6
2025-10-23,9:34:50.818897740,T,TGT,F I,23,94.625
2025-10-23,9:34:53.774711497,T,TGT,F I,75,94.605
2025-10-23,9:34:53.774762540,T,TGT,I,25,94.605
2025-10-23,9:35:03.233361628,T,TGT,F,100,94.56
2025-10-23,9:35:15.862790102,T,TGT,,150,94.55
2025-10-23,9:35:15.862850257,T,TGT,F I,75,94.55
2025-10-23,9:35:15.862880309,T,TGT,I,75,94.55
2025-10-23,9:35:18.195621966,T,TGT,I,4,94.55
2025-10-23,9:35:33.030655402,T,TGT,I,4,94.65
2025-10-23,9:35:37.819032165,T,TGT,,108,94.59
2025-10-23,9:35:37.820063935,T,TGT,F I,9,94.59
2025-10-23,9:35:38.467791787,T,TGT,I,75,94.575
2025-10-23,9:35:48.200115292,T,TGT,I,4,94.565
2025-10-23,9:35:51.179165757,T,TGT,F I,11,94.59
2025-10-23,9:35:51.179547471,T,TGT,F,129,94.61
2025-10-23,9:35:51.179568474,T,TGT,F I,42,94.61
2025-10-23,9:35:51.321061552,T,TGT,F I,29,94.62
2025-10-23,9:35:51.321064636,T,TGT,F,300,94.62
2025-10-23,9:35:51.321064636,T,TGT,F I,11,94.63
2025-10-23,9:35:51.321849504,T,TGT,,100,94.65
2025-10-23,9:35:51.400773025,T,TGT,I,84,94.65
2025-10-23,9:35:56.080068035,T,TGT,I,3,94.6
2025-10-23,9:35:56.080085523,T,TGT,F I,97,94.6
2025-10-23,9:35:56.080088549,T,TGT,F,100,94.6
2025-10-23,9:35:56.080112683,T,TGT,I,68,94.6
2025-10-23,9:35:56.080115669,T,TGT,I,1,94.6
2025-10-23,9:35:56.161233866,T,TGT,I,70,94.61
2025-10-23,9:35:58.132932274,T,TGT,I,4,94.6
2025-10-23,9:35:58.133173093,T,TGT,F I,8,94.61
2025-10-23,9:35:58.133178831,T,TGT,F,100,94.62
2025-10-23,9:35:58.133494646,T,TGT,F,100,94.62
2025-10-23,9:35:58.133494646,T,TGT,F I,13,94.62
2025-10-23,9:35:58.133497964,T,TGT,F I,3,94.62
2025-10-23,9:35:58.133497964,T,TGT,F I,1,94.62
2025-10-23,9:35:58.133501109,T,TGT,F I,2,94.62
2025-10-23,9:35:58.133501109,T,TGT,F I,3,94.62
2025-10-23,9:35:58.133543072,T,TGT,I,2,94.62
2025-10-23,9:35:58.133909570,T,TGT,I,3,94.62
2025-10-23,9:35:58.133909570,T,TGT,I,2,94.62
2025-10-23,9:35:58.133966769,T,TGT,,117,94.62
2025-10-23,9:36:08.001395797,T,TGT,,100,94.585
2025-10-23,9:36:08.251594908,T,TGT,I,5,94.585
2025-10-23,9:36:29.737311587,T,TGT,I,11,94.53
2025-10-23,9:36:29.737332644,T,TGT,I,1,94.53
2025-10-23,9:36:29.737356731,T,TGT,I,9,94.53
2025-10-23,9:36:36.644846257,T,TGT,I,5,94.52
2025-10-23,9:36:36.644849233,T,TGT,I,3,94.52
2025-10-23,9:36:36.645510849,T,TGT,F I,5,94.51
2025-10-23,9:36:36.645736396,T,TGT,,100,94.52
2025-10-23,9:36:41.209255569,T,TGT,F I,60,94.52
2025-10-23,9:36:44.385187912,T,TGT,F I,50,94.53
2025-10-23,9:36:59.917014140,T,TGT,F I,29,94.49
2025-10-23,9:36:59.917014140,T,TGT,F I,14,94.49
2025-10-23,9:36:59.917017075,T,TGT,F I,7,94.48
2025-10-23,9:37:01.207659120,T,TGT,F I,9,94.46
2025-10-23,9:37:01.226983097,T,TGT,I,40,94.46
2025-10-23,9:37:01.273224237,T,TGT,I,88,94.47
2025-10-23,9:37:01.273245505,T,TGT,I,1,94.47
2025-10-23,9:37:01.273251329,T,TGT,F I,11,94.47
2025-10-23,9:37:01.503918878,T,TGT,I,3,94.45
2025-10-23,9:37:17.495931274,T,TGT,F I,75,94.47
2025-10-23,9:37:17.496087559,T,TGT,F I,30,94.48
2025-10-23,9:37:17.496087559,T,TGT,F I,19,94.48
2025-10-23,9:37:22.209688363,T,TGT,I,21,94.49
2025-10-23,9:37:22.209688363,T,TGT,I,17,94.49
2025-10-23,9:37:22.209691342,T,TGT,I,7,94.49
2025-10-23,9:37:22.209706396,T,TGT,F I,3,94.49
2025-10-23,9:37:22.212295575,T,TGT,,100,94.49
2025-10-23,9:37:22.411014957,T,TGT,I,6,94.49
2025-10-23,9:37:23.735463458,T,TGT,F I,29,94.51
2025-10-23,9:37:23.735499472,T,TGT,I,1,94.52
2025-10-23,9:37:31.498662581,T,TGT,I,25,94.54
2025-10-23,9:37:31.498665494,T,TGT,I,79,94.53
2025-10-23,9:37:31.498677571,T,TGT,I,21,94.53
2025-10-23,9:37:31.498677571,T,TGT,I,4,94.53
2025-10-23,9:37:32.012833478,T,TGT,F I,19,94.54
2025-10-23,9:37:59.891483784,T,TGT,F I,15,94.54
2025-10-23,9:38:00.783411723,T,TGT,I,39,94.5
2025-10-23,9:38:00.842842327,T,TGT,I,14,94.49
2025-10-23,9:38:12.946789785,T,TGT,F I,22,94.55
2025-10-23,9:38:12.946789785,T,TGT,F I,78,94.55
2025-10-23,9:38:12.946810846,T,TGT,F I,22,94.55
2025-10-23,9:38:12.946813856,T,TGT,F,200,94.55
2025-10-23,9:38:14.963231853,T,TGT,F I,27,94.57
2025-10-23,9:38:28.295293669,T,TGT,F I,15,94.61
2025-10-23,9:38:28.295293669,T,TGT,F I,10,94.61
2025-10-23,9:38:56.939892505,T,TGT,I,3,94.6
2025-10-23,9:38:56.939949624,T,TGT,I,35,94.6
2025-10-23,9:38:56.978056320,T,TGT,F I,22,94.62
2025-10-23,9:39:01.329471226,T,TGT,I,19,94.59
2025-10-23,9:39:02.285316472,T,TGT,F I,10,94.65
2025-10-23,9:39:02.285319462,T,TGT,F,100,94.65
2025-10-23,9:39:03.622828042,T,TGT,F I,1,94.67
2025-10-23,9:39:04.905924695,T,TGT,F I,75,94.66
2025-10-23,9:39:04.905975879,T,TGT,F I,25,94.66
2025-10-23,9:39:04.905975879,T,TGT,F I,50,94.66
2025-10-23,9:39:04.906014969,T,TGT,F I,50,94.66
2025-10-23,9:39:06.286267286,T,TGT,F I,5,94.66
2025-10-23,9:39:06.286303385,T,TGT,I,8,94.66
2025-10-23,9:39:06.286619105,T,TGT,F I,87,94.66
2025-10-23,9:39:06.286622178,T,TGT,F I,1,94.66
2025-10-23,9:39:07.001779949,T,TGT,F I,23,94.66
2025-10-23,9:39:14.926821702,T,TGT,I,40,94.68
2025-10-23,9:39:14.926839779,T,TGT,F,460,94.68
2025-10-23,9:39:14.926845857,T,TGT,F I,76,94.68
2025-10-23,9:39:14.926848945,T,TGT,I,1,94.68
2025-10-23,9:39:14.926857828,T,TGT,I,1,94.68
2025-10-23,9:39:14.926863838,T,TGT,I,12,94.68
2025-10-23,9:39:14.926869911,T,TGT,I,7,94.68
2025-10-23,9:39:14.926890930,T,TGT,I,11,94.68
2025-10-23,9:39:14.927092425,T,TGT,F I,75,94.68
2025-10-23,9:39:14.927128730,T,TGT,F I,17,94.68
2025-10-23,9:39:14.927131856,T,TGT,I,8,94.68
2025-10-23,9:39:14.927131856,T,TGT,,100,94.67
2025-10-23,9:39:14.927134851,T,TGT,I,25,94.67
2025-10-23,9:39:14.927173688,T,TGT,,100,94.66
2025-10-23,9:39:14.927173688,T,TGT,I,25,94.66
2025-10-23,9:39:14.927176669,T,TGT,I,10,94.66
2025-10-23,9:39:14.927889336,T,TGT,I,20,94.68
2025-10-23,9:39:14.927889336,T,TGT,I,9,94.68
2025-10-23,9:39:15.836016773,T,TGT,I,1,94.68
2025-10-23,9:39:15.836037825,T,TGT,I,15,94.68
2025-10-23,9:39:15.836037825,T,TGT,I,9,94.68
2025-10-23,9:39:15.837240702,T,TGT,I,93,94.69
2025-10-23,9:39:15.837258693,T,TGT,F I,7,94.69
2025-10-23,9:39:15.837261688,T,TGT,F I,25,94.69
2025-10-23,9:39:15.837959418,T,TGT,F I,1,94.7
2025-10-23,9:39:15.838034608,T,TGT,F I,1,94.7
2025-10-23,9:39:17.451709228,T,TGT,F I,8,94.7
2025-10-23,9:39:17.451712128,T,TGT,F I,21,94.7
2025-10-23,9:39:17.451733302,T,TGT,I,25,94.7
2025-10-23,9:39:17.453738902,T,TGT,I,21,94.7
2025-10-23,9:39:17.703246265,T,TGT,,100,94.68
2025-10-23,9:39:17.703246265,T,TGT,I,4,94.68
2025-10-23,9:39:17.703288404,T,TGT,I,33,94.68
2025-10-23,9:39:18.404183279,T,TGT,F,100,94.67
2025-10-23,9:39:18.404183279,T,TGT,F I,5,94.67
2025-10-23,9:39:18.404201569,T,TGT,I,1,94.67
2025-10-23,9:39:18.404204378,T,TGT,F I,94,94.67
2025-10-23,9:39:18.404204378,T,TGT,F I,4,94.67
2025-10-23,9:39:20.429842206,T,TGT,F,100,94.66
2025-10-23,9:39:20.433775546,T,TGT,F,100,94.64
2025-10-23,9:39:20.433775546,T,TGT,F,100,94.64
2025-10-23,9:39:20.433796921,T,TGT,I,20,94.64
2025-10-23,9:39:20.434151423,T,TGT,F I,21,94.64
2025-10-23,9:39:20.434437099,T,TGT,F I,1,94.64
2025-10-23,9:39:20.435218955,T,TGT,F I,1,94.64
2025-10-23,9:39:23.778031049,T,TGT,F I,25,94.62
2025-10-23,9:39:23.778031049,T,TGT,F I,50,94.62
2025-10-23,9:39:23.778094027,T,TGT,F I,75,94.62
2025-10-23,9:39:31.157440759,T,TGT,F,100,94.64
2025-10-23,9:39:33.998729845,T,TGT,F I,75,94.61
2025-10-23,9:39:53.477597346,T,TGT,I,1,94.64
2025-10-23,9:39:53.514805060,T,TGT,I,18,94.64
2025-10-23,9:40:10.098664086,T,TGT,I,10,94.65
2025-10-23,9:40:10.098664086,T,TGT,I,17,94.65
2025-10-23,9:40:10.098681536,T,TGT,F I,83,94.65
2025-10-23,9:40:10.099866925,T,TGT,F I,3,94.66
2025-10-23,9:40:10.100094938,T,TGT,F I,25,94.67
2025-10-23,9:40:10.100094938,T,TGT,F I,1,94.67
2025-10-23,9:40:12.652154886,T,TGT,F I,50,94.71
2025-10-23,9:40:12.670144229,T,TGT,F I,2,94.73
2025-10-23,9:40:12.670146839,T,TGT,F I,5,94.73
2025-10-23,9:40:12.670146839,T,TGT,F I,1,94.73
2025-10-23,9:40:15.849071341,T,TGT,F I,3,94.69
2025-10-23,9:40:19.010704687,T,TGT,F,100,94.71
2025-10-23,9:40:19.010768539,T,TGT,,100,94.71
2025-10-23,9:40:19.010815936,T,TGT,,100,94.7
2025-10-23,9:40:19.010839953,T,TGT,I,1,94.7
2025-10-23,9:40:19.011131635,T,TGT,F I,25,94.71
2025-10-23,9:40:19.042096412,T,TGT,F I,25,94.72
2025-10-23,9:40:19.042096412,T,TGT,F I,23,94.72
2025-10-23,9:40:19.042099672,T,TGT,F I,52,94.72
2025-10-23,9:40:19.042114486,T,TGT,I,1,94.72
2025-10-23,9:40:24.607807488,T,TGT,I,17,94.72
2025-10-23,9:40:31.245647579,T,TGT,I,24,94.7
2025-10-23,9:40:31.245647579,T,TGT,I,16,94.7
2025-10-23,9:40:31.245668632,T,TGT,F I,10,94.7
2025-10-23,9:40:31.245677685,T,TGT,F,100,94.7
2025-10-23,9:40:31.245692790,T,TGT,I,1,94.7
2025-10-23,9:40:31.350116527,T,TGT,F I,12,94.68
2025-10-23,9:40:58.184718340,T,TGT,F I,27,94.7
2025-10-23,9:41:03.196452089,T,TGT,F I,6,94.71
2025-10-23,9:41:03.196452089,T,TGT,F I,8,94.71
2025-10-23,9:41:10.657106438,T,TGT,F,1000,94.72
2025-10-23,9:41:10.664528103,T,TGT,I,7,94.73
2025-10-23,9:41:12.404704910,T,TGT,I,6,94.73
2025-10-23,9:41:27.312397158,T,TGT,I,19,94.73
2025-10-23,9:41:27.312400243,T,TGT,I,81,94.73
2025-10-23,9:41:27.312415275,T,TGT,I,1,94.73
2025-10-23,9:41:27.312454380,T,TGT,I,8,94.71
2025-10-23,9:41:27.593729685,T,TGT,F I,25,94.7
2025-10-23,9:41:27.593729685,T,TGT,F,100,94.7
2025-10-23,9:41:27.594216631,T,TGT,F,100,94.69
2025-10-23,9:41:27.594219598,T,TGT,F I,29,94.69
2025-10-23,9:41:27.594499874,T,TGT,F I,5,94.68
2025-10-23,9:41:27.594502242,T,TGT,F I,2,94.68
2025-10-23,9:41:29.827126430,T,TGT,I,8,94.7
2025-10-23,9:41:29.827129281,T,TGT,I,25,94.7
2025-10-23,9:41:29.827129281,T,TGT,I,19,94.7
2025-10-23,9:41:29.827132350,T,TGT,I,10,94.7
2025-10-23,9:41:29.840487178,T,TGT,I,11,94.71
2025-10-23,9:41:29.842766536,T,TGT,I,1,94.71
2025-10-23,9:41:30.951450989,T,TGT,I,8,94.71
2025-10-23,9:41:31.306618149,T,TGT,I,12,94.71
2025-10-23,9:41:31.696421823,T,TGT,I,16,94.71
2025-10-23,9:41:32.785941513,T,TGT,I,12,94.705
2025-10-23,9:41:33.673707547,T,TGT,F I,27,94.72
2025-10-23,9:41:33.684109254,T,TGT,F,100,94.73
2025-10-23,9:41:33.694096113,T,TGT,F I,48,94.74
2025-10-23,9:41:33.694099039,T,TGT,F I,5,94.74
2025-10-23,9:41:33.695238765,T,TGT,F I,1,94.75
2025-10-23,9:41:33.695241816,T,TGT,F I,24,94.75
2025-10-23,9:41:33.695247875,T,TGT,F I,1,94.75
2025-10-23,9:41:33.695251054,T,TGT,F I,6,94.75
2025-10-23,9:41:33.695251054,T,TGT,F I,20,94.75
2025-10-23,9:41:33.695254545,T,TGT,F I,10,94.75
2025-10-23,9:41:33.695257954,T,TGT,F,100,94.75
2025-10-23,9:41:33.695257954,T,TGT,F I,16,94.75
2025-10-23,9:41:33.695271893,T,TGT,F,100,94.75
2025-10-23,9:41:33.711672891,T,TGT,I,2,94.76
2025-10-23,9:41:33.895115927,T,TGT,F I,75,94.74
2025-10-23,9:41:35.144583859,T,TGT,I,21,94.73
2025-10-23,9:41:35.144601826,T,TGT,F I,39,94.73
2025-10-23,9:41:36.692530474,T,TGT,F I,73,94.72
2025-10-23,9:41:38.593145562,T,TGT,F I,80,94.73
2025-10-23,9:41:38.613299590,T,TGT,I,13,94.74
2025-10-23,9:41:38.613323722,T,TGT,F I,76,94.74
2025-10-23,9:41:38.614379254,T,TGT,,100,94.74
2025-10-23,9:41:38.614397210,T,TGT,I,1,94.75
2025-10-23,9:41:38.614743078,T,TGT,I,39,94.74
2025-10-23,9:41:38.614743078,T,TGT,,111,94.74
2025-10-23,9:41:38.615031935,T,TGT,,100,94.745
2025-10-23,9:41:38.615079928,T,TGT,F,145,94.74
2025-10-23,9:41:43.886145616,T,TGT,F I,80,94.76
2025-10-23,9:41:43.892301363,T,TGT,F I,10,94.77
2025-10-23,9:41:43.892301363,T,TGT,F I,15,94.77
2025-10-23,9:41:47.385062537,T,TGT,F I,9,94.78
2025-10-23,9:41:47.385062537,T,TGT,F I,14,94.78
2025-10-23,9:41:47.385068605,T,TGT,F I,6,94.78
2025-10-23,9:41:51.551543383,T,TGT,I,13,94.77
2025-10-23,9:41:51.551543383,T,TGT,I,13,94.77
2025-10-23,9:41:51.551545773,T,TGT,I,4,94.77
2025-10-23,9:41:51.551545773,T,TGT,I,11,94.77
2025-10-23,9:41:51.551551765,T,TGT,I,2,94.77
2025-10-23,9:41:51.551551765,T,TGT,I,7,94.77
2025-10-23,9:41:54.877818384,T,TGT,F I,25,94.78
2025-10-23,9:41:56.026606146,T,TGT,I,1,94.8
2025-10-23,9:41:56.026612692,T,TGT,,100,94.8
2025-10-23,9:41:56.026612692,T,TGT,I,10,94.8
2025-10-23,9:41:56.026615632,T,TGT,I,13,94.8
2025-10-23,9:41:56.026630281,T,TGT,I,1,94.8
2025-10-23,9:41:56.026711527,T,TGT,I,44,94.8
2025-10-23,9:41:56.027012121,T,TGT,I,25,94.8
2025-10-23,9:41:56.027018153,T,TGT,,100,94.79
2025-10-23,9:41:56.027018153,T,TGT,I,10,94.79
2025-10-23,9:41:56.027018153,T,TGT,I,18,94.79
2025-10-23,9:41:56.027021121,T,TGT,I,7,94.79
2025-10-23,9:41:58.595211561,T,TGT,I,20,94.79
2025-10-23,9:41:58.595217652,T,TGT,I,11,94.79
2025-10-23,9:41:58.597000817,T,TGT,F I,6,94.8
2025-10-23,9:42:04.437626890,T,TGT,F I,84,94.82
2025-10-23,9:42:04.437632731,T,TGT,F I,19,94.82
2025-10-23,9:42:04.437632731,T,TGT,F I,5,94.82
2025-10-23,9:42:04.437632731,T,TGT,F I,33,94.82
2025-10-23,9:42:04.441205125,T,TGT,I,22,94.81
2025-10-23,9:42:04.451724172,T,TGT,F I,26,94.82
2025-10-23,9:42:04.703956064,T,TGT,I,21,94.83
2025-10-23,9:42:05.565941725,T,TGT,I,75,94.845
2025-10-23,9:42:08.734082465,T,TGT,F I,22,94.85
2025-10-23,9:42:08.751557347,T,TGT,F,100,94.855
2025-10-23,9:42:08.751560023,T,TGT,F I,3,94.85
2025-10-23,9:42:08.751572109,T,TGT,F I,97,94.85
2025-10-23,9:42:08.751572109,T,TGT,F I,3,94.85
2025-10-23,9:42:08.782275201,T,TGT,F,100,94.845
2025-10-23,9:42:08.782609064,T,TGT,F,100,94.84
2025-10-23,9:42:08.782654405,T,TGT,I,25,94.83
2025-10-23,9:42:08.782657313,T,TGT,I,19,94.83
2025-10-23,9:42:08.782657313,T,TGT,I,26,94.83
2025-10-23,9:42:08.787637011,T,TGT,F,100,94.84
2025-10-23,9:42:08.788139171,T,TGT,F,231,94.84
2025-10-23,9:42:08.788212088,T,TGT,F,100,94.85
2025-10-23,9:42:08.788214700,T,TGT,F I,35,94.85
2025-10-23,9:42:10.412561304,T,TGT,F I,3,94.86
2025-10-23,9:42:10.412564745,T,TGT,F I,18,94.86
2025-10-23,9:42:10.412567381,T,TGT,F I,18,94.86
2025-10-23,9:42:10.412567381,T,TGT,F I,11,94.86
2025-10-23,9:42:10.412570233,T,TGT,F I,34,94.86
2025-10-23,9:42:10.412582445,T,TGT,I,50,94.86
2025-10-23,9:42:10.412582445,T,TGT,I,33,94.86
2025-10-23,9:42:12.237131147,T,TGT,F I,15,94.88
2025-10-23,9:42:12.237134394,T,TGT,F I,5,94.88
2025-10-23,9:42:12.237134394,T,TGT,F I,27,94.88
2025-10-23,9:42:14.608153836,T,TGT,I,14,94.885
2025-10-23,9:42:14.609813784,T,TGT,I,2,94.885
2025-10-23,9:42:15.165146776,T,TGT,F I,1,94.9
2025-10-23,9:42:15.165150594,T,TGT,F I,1,94.9
2025-10-23,9:42:15.165150594,T,TGT,F I,8,94.9
2025-10-23,9:42:15.165155780,T,TGT,F,1000,94.9
2025-10-23,9:42:15.937948963,T,TGT,I,9,94.91
2025-10-23,9:42:16.649537328,T,TGT,I,2,94.91
2025-10-23,9:42:16.707816100,T,TGT,I,1,94.92
2025-10-23,9:42:16.707816100,T,TGT,I,2,94.92
2025-10-23,9:42:16.736305909,T,TGT,I,18,94.93
2025-10-23,9:42:16.736323975,T,TGT,F I,41,94.93
2025-10-23,9:42:16.736327059,T,TGT,F I,5,94.93
2025-10-23,9:42:20.174439080,T,TGT,I,35,94.92
2025-10-23,9:42:20.179079137,T,TGT,I,5,94.915
2025-10-23,9:42:23.915484639,T,TGT,I,10,94.94
2025-10-23,9:42:23.915487577,T,TGT,I,26,94.94
2025-10-23,9:42:23.915489920,T,TGT,I,75,94.94
2025-10-23,9:42:23.915510938,T,TGT,F I,75,94.94
2025-10-23,9:42:23.915510938,T,TGT,F I,20,94.94
2025-10-23,9:42:23.915766549,T,TGT,I,20,94.94
2025-10-23,9:42:23.915766549,T,TGT,I,80,94.935
2025-10-23,9:42:23.915781652,T,TGT,I,25,94.94
2025-10-23,9:42:23.915784588,T,TGT,I,5,94.94
2025-10-23,9:42:23.915808822,T,TGT,I,95,94.94
2025-10-23,9:42:23.915808822,T,TGT,I,75,94.94
2025-10-23,9:42:23.915815127,T,TGT,I,20,94.935
2025-10-23,9:42:23.915817673,T,TGT,,100,94.93
2025-10-23,9:42:23.915820926,T,TGT,I,30,94.93
2025-10-23,9:42:23.915820926,T,TGT,I,25,94.93
2025-10-23,9:42:23.915823789,T,TGT,,100,94.93
2025-10-23,9:42:23.915826668,T,TGT,F I,3,94.95
2025-10-23,9:42:23.915833003,T,TGT,I,1,94.94
2025-10-23,9:42:23.915836383,T,TGT,I,3,94.94
2025-10-23,9:42:23.916004096,T,TGT,F I,2,94.94
2025-10-23,9:42:23.916022185,T,TGT,F I,24,94.94
2025-10-23,9:42:23.916100488,T,TGT,F I,3,94.95
2025-10-23,9:42:23.916319889,T,TGT,F I,97,94.95
2025-10-23,9:42:23.959458234,T,TGT,I,29,94.95
2025-10-23,9:42:23.959460811,T,TGT,,636,94.95
2025-10-23,9:42:23.959460811,T,TGT,I,2,94.95
2025-10-23,9:42:23.959905721,T,TGT,F,100,94.95
2025-10-23,9:42:34.820821145,T,TGT,I,18,94.94
2025-10-23,9:42:35.121715605,T,TGT,F I,25,94.92
2025-10-23,9:42:35.121718170,T,TGT,F I,51,94.93
2025-10-23,9:42:35.121718170,T,TGT,F I,34,94.93
2025-10-23,9:42:35.121721172,T,TGT,F I,8,94.93
2025-10-23,9:42:35.121735990,T,TGT,I,1,94.92
2025-10-23,9:42:36.317231211,T,TGT,I,80,94.94
2025-10-23,9:42:36.317249252,T,TGT,I,1,94.94
2025-10-23,9:42:40.379777999,T,TGT,I,5,94.925
2025-10-23,9:42:40.381726585,T,TGT,I,2,94.925
2025-10-23,9:42:46.700747361,T,TGT,,100,94.95
2025-10-23,9:42:46.700747361,T,TGT,I,34,94.95
2025-10-23,9:42:46.700762038,T,TGT,I,1,94.95
2025-10-23,9:42:47.591267655,T,TGT,I,5,94.945
2025-10-23,9:42:47.592780167,T,TGT,I,1,94.945
2025-10-23,9:42:47.595279142,T,TGT,I,1,94.945
2025-10-23,9:42:47.866507340,T,TGT,I,5,94.945
2025-10-23,9:42:48.931143691,T,TGT,I,8,94.91
2025-10-23,9:42:48.931143691,T,TGT,I,8,94.91
2025-10-23,9:42:48.931143691,T,TGT,I,9,94.91
2025-10-23,9:42:48.931146094,T,TGT,I,4,94.91
2025-10-23,9:42:48.931172752,T,TGT,I,87,94.91
2025-10-23,9:42:52.410401756,T,TGT,I,8,94.88
2025-10-23,9:42:52.410401756,T,TGT,I,8,94.88
2025-10-23,9:42:52.410407697,T,TGT,I,9,94.88
2025-10-23,9:42:52.410407697,T,TGT,I,4,94.88
2025-10-23,9:42:52.410443766,T,TGT,,171,94.88
2025-10-23,9:42:52.410447146,T,TGT,,100,94.88
2025-10-23,9:42:52.414247894,T,TGT,F I,5,94.89
2025-10-23,9:42:56.964887331,T,TGT,I,34,94.9
2025-10-23,9:42:56.965161043,T,TGT,I,10,94.9
2025-10-23,9:42:56.973776421,T,TGT,F I,19,94.91
2025-10-23,9:42:56.973779499,T,TGT,F I,5,94.91
2025-10-23,9:43:01.788568410,T,TGT,I,21,94.92
2025-10-23,9:43:01.788571339,T,TGT,I,17,94.92
2025-10-23,9:43:02.760354432,T,TGT,I,25,94.94
2025-10-23,9:43:02.760357439,T,TGT,I,75,94.95
2025-10-23,9:43:02.760372604,T,TGT,I,1,94.95
2025-10-23,9:43:04.089364672,T,TGT,I,4,94.95
2025-10-23,9:43:04.090979491,T,TGT,I,8,94.95
2025-10-23,9:43:04.092732701,T,TGT,I,1,94.95
2025-10-23,9:43:05.918962698,T,TGT,I,4,94.95
2025-10-23,9:43:05.920878122,T,TGT,I,1,94.95
2025-10-23,9:43:06.631353653,T,TGT,I,23,94.97
2025-10-23,9:43:06.631353653,T,TGT,I,17,94.97
2025-10-23,9:43:06.631807738,T,TGT,F I,1,94.97
2025-10-23,9:43:06.631811033,T,TGT,F I,1,94.97
2025-10-23,9:43:06.631811033,T,TGT,F I,5,94.97
2025-10-23,9:43:06.632036332,T,TGT,I,23,94.96
2025-10-23,9:43:06.632039282,T,TGT,,100,94.96
2025-10-23,9:43:06.632042333,T,TGT,I,27,94.96
2025-10-23,9:43:06.632057552,T,TGT,I,1,94.96
2025-10-23,9:43:06.632079397,T,TGT,I,24,94.96
2025-10-23,9:43:06.632079397,T,TGT,I,10,94.95
2025-10-23,9:43:06.632084414,T,TGT,I,52,94.95
2025-10-23,9:43:06.632084414,T,TGT,,100,94.95
2025-10-23,9:43:06.632430213,T,TGT,I,10,94.96
2025-10-23,9:43:06.632445246,T,TGT,I,7,94.96
2025-10-23,9:43:06.633548901,T,TGT,F I,6,94.96
2025-10-23,9:43:06.634147356,T,TGT,F I,23,94.97
2025-10-23,9:43:07.167543854,T,TGT,F,100,94.96
2025-10-23,9:43:07.167543854,T,TGT,F I,23,94.96
2025-10-23,9:43:07.167549079,T,TGT,F I,26,94.96
2025-10-23,9:43:07.167549079,T,TGT,F I,71,94.96
2025-10-23,9:43:22.044922814,T,TGT,I,55,94.96
2025-10-23,9:43:22.044937831,T,TGT,F I,44,94.96
2025-10-23,9:43:22.044952895,T,TGT,,141,94.96
2025-10-23,9:43:22.044964849,T,TGT,I,37,94.96
2025-10-23,9:43:22.044973893,T,TGT,I,1,94.96
2025-10-23,9:43:22.044976902,T,TGT,I,16,94.96
2025-10-23,9:43:22.057928792,T,TGT,F I,2,94.96
2025-10-23,9:43:22.057928792,T,TGT,I,1,94.95
2025-10-23,9:43:22.057932194,T,TGT,I,1,94.95
2025-10-23,9:43:22.057934901,T,TGT,I,1,94.95
2025-10-23,9:43:22.057934901,T,TGT,I,1,94.95
2025-10-23,9:43:22.196131978,T,TGT,I,8,94.95
2025-10-23,9:43:22.196147054,T,TGT,F I,15,94.95
2025-10-23,9:43:22.196150105,T,TGT,F I,4,94.95
2025-10-23,9:43:22.313441461,T,TGT,F I,20,94.96
2025-10-23,9:43:22.314316721,T,TGT,,150,94.96
2025-10-23,9:43:31.238206456,T,TGT,F I,35,94.98
2025-10-23,9:43:31.238209009,T,TGT,F I,1,94.98
2025-10-23,9:43:31.238212397,T,TGT,F,100,94.98
2025-10-23,9:43:31.238212397,T,TGT,F I,5,94.98
2025-10-23,9:43:31.238212397,T,TGT,F I,4,94.98
2025-10-23,9:43:31.238227140,T,TGT,I,1,94.98
2025-10-23,9:43:31.238236051,T,TGT,I,99,94.98
2025-10-23,9:43:31.280195095,T,TGT,F I,1,94.98
2025-10-23,9:43:44.854017840,T,TGT,I,5,94.99
2025-10-23,9:43:44.854020621,T,TGT,I,5,94.99
2025-10-23,9:43:44.854023810,T,TGT,I,11,94.99
2025-10-23,9:43:44.854023810,T,TGT,I,10,94.99
2025-10-23,9:43:44.854026612,T,TGT,I,58,94.99
2025-10-23,9:43:46.011493183,T,TGT,I,58,94.99
2025-10-23,9:43:46.011496759,T,TGT,,100,94.99
2025-10-23,9:43:46.011499913,T,TGT,I,5,94.99
2025-10-23,9:43:46.011502320,T,TGT,I,6,94.99
2025-10-23,9:43:46.012179411,T,TGT,F I,1,95.0
2025-10-23,9:43:46.012179411,T,TGT,F I,1,95.0
2025-10-23,9:43:46.012183536,T,TGT,F,200,95.0
2025-10-23,9:43:46.012188538,T,TGT,F I,1,95.0
2025-10-23,9:43:46.012188538,T,TGT,F I,3,95.0
2025-10-23,9:43:46.012193949,T,TGT,F I,10,95.0
2025-10-23,9:43:46.012193949,T,TGT,F I,10,95.0
2025-10-23,9:43:46.012197372,T,TGT,F I,1,95.0
2025-10-23,9:43:46.012197372,T,TGT,F I,1,95.0
2025-10-23,9:43:46.012204680,T,TGT,F I,5,95.0
2025-10-23,9:43:46.012204680,T,TGT,F I,1,95.0
2025-10-23,9:43:46.012204680,T,TGT,F I,5,95.0
2025-10-23,9:43:46.012204680,T,TGT,F I,54,95.0
2025-10-23,9:43:46.012204680,T,TGT,F I,1,95.0
2025-10-23,9:43:46.012210044,T,TGT,F I,5,95.0
2025-10-23,9:43:46.012210044,T,TGT,F I,1,95.0
2025-10-23,9:43:46.012210044,T,TGT,F,100,95.0
2025-10-23,9:43:46.012215001,T,TGT,F,151,95.0
2025-10-23,9:43:46.012215001,T,TGT,F I,2,95.0
2025-10-23,9:43:46.012215001,T,TGT,F,1000,95.0
2025-10-23,9:43:46.012218448,T,TGT,F I,30,95.0
2025-10-23,9:43:46.012218448,T,TGT,F I,15,95.0
2025-10-23,9:43:46.012222286,T,TGT,F I,40,95.0
2025-10-23,9:43:46.012222286,T,TGT,F I,3,95.0
2025-10-23,9:43:46.012224308,T,TGT,F I,90,95.0
2025-10-23,9:43:46.012224308,T,TGT,F I,2,95.0
2025-10-23,9:43:46.012227848,T,TGT,F I,1,95.0
2025-10-23,9:43:46.012227848,T,TGT,F I,10,95.0
2025-10-23,9:43:46.012230241,T,TGT,F I,7,95.0
2025-10-23,9:43:46.012234002,T,TGT,F I,2,95.0
2025-10-23,9:43:46.012234002,T,TGT,F I,12,95.0
2025-10-23,9:43:46.012239033,T,TGT,F I,1,95.0
2025-10-23,9:43:46.012239033,T,TGT,F I,5,95.0
2025-10-23,9:43:46.012239033,T,TGT,F I,15,95.0
2025-10-23,9:43:46.012242752,T,TGT,F I,1,95.0
2025-10-23,9:43:46.012245216,T,TGT,F I,5,95.0
2025-10-23,9:43:46.012249629,T,TGT,F I,3,95.0
2025-10-23,9:43:46.012255322,T,TGT,F I,5,95.0
2025-10-23,9:43:46.012255322,T,TGT,F,100,95.0
2025-10-23,9:43:46.012260210,T,TGT,F,500,95.0
2025-10-23,9:43:46.012260210,T,TGT,F I,2,95.0
2025-10-23,9:43:46.012260210,T,TGT,F I,1,95.0
2025-10-23,9:43:46.012260210,T,TGT,F,100,95.0
2025-10-23,9:43:46.012260210,T,TGT,F,300,95.0
2025-10-23,9:43:46.012263103,T,TGT,F I,70,95.0
2025-10-23,9:43:46.012263103,T,TGT,F I,8,95.0
2025-10-23,9:43:46.012266807,T,TGT,F I,5,95.0
2025-10-23,9:43:46.012266807,T,TGT,F I,10,95.0
2025-10-23,9:43:46.012266807,T,TGT,F I,20,95.0
2025-10-23,9:43:46.012269038,T,TGT,F I,50,95.0
2025-10-23,9:43:46.012273185,T,TGT,F I,50,95.0
2025-10-23,9:43:46.012273185,T,TGT,F I,50,95.0
2025-10-23,9:43:46.012278811,T,TGT,F I,11,95.0
2025-10-23,9:43:46.012278811,T,TGT,F I,12,95.0
2025-10-23,9:43:46.012278811,T,TGT,F I,8,95.0
2025-10-23,9:43:46.012278811,T,TGT,F I,1,95.0
2025-10-23,9:43:46.012284659,T,TGT,F I,31,95.0
2025-10-23,9:43:46.012284659,T,TGT,F I,84,95.0
2025-10-23,9:43:46.012284659,T,TGT,F,100,95.0
2025-10-23,9:43:46.012287461,T,TGT,F I,1,95.0
2025-10-23,9:43:46.012287461,T,TGT,F I,58,95.0
2025-10-23,9:43:46.012287461,T,TGT,F I,1,95.0
2025-10-23,9:43:46.012290218,T,TGT,F I,11,95.0
2025-10-23,9:43:46.012290218,T,TGT,F I,5,95.0
2025-10-23,9:43:46.012293374,T,TGT,F I,1,95.0
2025-10-23,9:43:46.012293374,T,TGT,F,248,95.0
2025-10-23,9:43:46.012293374,T,TGT,F,1452,95.0
2025-10-23,9:43:46.012296304,T,TGT,F I,27,95.0
2025-10-23,9:43:46.012296304,T,TGT,F I,2,95.0
2025-10-23,9:43:46.012637055,T,TGT,F,200,95.0
2025-10-23,9:43:46.012637055,T,TGT,F I,1,95.0
2025-10-23,9:43:46.012639095,T,TGT,F I,40,95.0
2025-10-23,9:43:46.012642879,T,TGT,F I,2,95.0
2025-10-23,9:43:46.012646369,T,TGT,F I,1,95.0
2025-10-23,9:43:46.012646369,T,TGT,F I,15,95.0
2025-10-23,9:43:46.012652174,T,TGT,F I,50,95.0
2025-10-23,9:43:46.012652174,T,TGT,F I,25,95.0
2025-10-23,9:43:46.012654251,T,TGT,F,100,95.0
2025-10-23,9:43:46.012657223,T,TGT,F,100,95.0
2025-10-23,9:43:46.012657223,T,TGT,F I,5,95.0
2025-10-23,9:43:46.012660210,T,TGT,F I,1,95.0
2025-10-23,9:43:46.012660210,T,TGT,,100,94.99
2025-10-23,9:43:46.012660210,T,TGT,,142,94.99
2025-10-23,9:43:46.012663148,T,TGT,,100,94.99
2025-10-23,9:43:46.012666000,T,TGT,,100,94.99
2025-10-23,9:43:46.012666000,T,TGT,I,1,94.99
2025-10-23,9:43:46.012666000,T,TGT,I,99,94.99
2025-10-23,9:43:46.012670299,T,TGT,I,8,94.99
2025-10-23,9:43:46.012670299,T,TGT,,100,94.99
2025-10-23,9:43:46.012849430,T,TGT,,255,94.99
2025-10-23,9:43:46.012849430,T,TGT,I,25,94.99
2025-10-23,9:43:46.012949036,T,TGT,,100,95.0
2025-10-23,9:43:46.013009645,T,TGT,I,32,95.0
2025-10-23,9:43:46.013011830,T,TGT,I,32,95.0
2025-10-23,9:43:46.013135168,T,TGT,F I,32,95.0
2025-10-23,9:43:46.014936581,T,TGT,F I,3,95.01
2025-10-23,9:43:46.014936581,T,TGT,F I,1,95.01
2025-10-23,9:43:46.014945510,T,TGT,F I,1,95.01
2025-10-23,9:43:46.014945510,T,TGT,I,4,95.01
2025-10-23,9:43:46.015291322,T,TGT,,100,95.01
2025-10-23,9:43:46.015294279,T,TGT,I,40,95.01
2025-10-23,9:43:46.015333372,T,TGT,,150,95.01
2025-10-23,9:43:46.015384566,T,TGT,I,39,95.01
2025-10-23,9:43:46.015456659,T,TGT,I,6,95.01
2025-10-23,9:43:46.020842469,T,TGT,F I,40,95.01
2025-10-23,9:43:46.041652185,T,TGT,F I,16,95.0
2025-10-23,9:43:46.041980450,T,TGT,F I,32,95.0
2025-10-23,9:43:46.042028475,T,TGT,F,100,94.99
2025-10-23,9:43:46.042028475,T,TGT,F I,32,94.99
2025-10-23,9:43:46.043393226,T,TGT,F I,15,95.0
2025-10-23,9:43:46.043420244,T,TGT,F I,75,95.0
2025-10-23,9:43:46.155479221,T,TGT,F I,40,94.99
2025-10-23,9:43:46.174505685,T,TGT,I,5,94.99
2025-10-23,9:43:46.194551301,T,TGT,I,32,94.98
2025-10-23,9:43:46.194554427,T,TGT,,100,94.98
2025-10-23,9:43:46.607489121,T,TGT,F I,50,94.96
2025-10-23,9:43:46.607540511,T,TGT,F,100,94.95
2025-10-23,9:43:46.607540511,T,TGT,F I,10,94.95
2025-10-23,9:43:46.607543440,T,TGT,F I,71,94.95
2025-10-23,9:43:46.608141680,T,TGT,F,100,94.95
2025-10-23,9:43:46.640871710,T,TGT,F,100,94.95
2025-10-23,9:43:46.640874658,T,TGT,F I,39,94.95
2025-10-23,9:43:48.621826132,T,TGT,F I,76,94.92
2025-10-23,9:43:48.621844230,T,TGT,I,1,94.92
2025-10-23,9:43:48.621868221,T,TGT,F I,23,94.92
2025-10-23,9:43:48.621871565,T,TGT,F I,5,94.92
2025-10-23,9:43:48.625539936,T,TGT,F I,40,94.92
2025-10-23,9:43:48.625822647,T,TGT,F I,32,94.93
2025-10-23,9:43:48.625822647,T,TGT,F I,40,94.93
2025-10-23,9:43:48.626619605,T,TGT,F I,25,94.94
2025-10-23,9:43:48.627221101,T,TGT,F I,19,94.93
2025-10-23,9:43:48.627660257,T,TGT,F I,25,94.94
2025-10-23,9:43:48.627660257,T,TGT,F I,32,94.94
2025-10-23,9:43:48.628529167,T,TGT,F I,15,94.94
2025-10-23,9:43:48.628568223,T,TGT,F I,17,94.94
2025-10-23,9:43:48.629413215,T,TGT,F I,32,94.95
2025-10-23,9:43:48.629416192,T,TGT,F I,3,94.95
2025-10-23,9:43:48.629437358,T,TGT,I,1,94.95
2025-10-23,9:43:48.650078495,T,TGT,F I,32,94.93
2025-10-23,9:43:48.650123656,T,TGT,I,32,94.94
2025-10-23,9:43:48.650123656,T,TGT,I,27,94.94
2025-10-23,9:43:48.664103834,T,TGT,F I,32,94.93
2025-10-23,9:43:54.952592925,T,TGT,,100,94.91
2025-10-23,9:43:56.321261247,T,TGT,F,100,94.9
2025-10-23,9:43:58.331066560,T,TGT,I,5,94.89
2025-10-23,9:43:59.620679914,T,TGT,F I,20,94.9
2025-10-23,9:44:01.686300991,T,TGT,F I,32,94.91
2025-10-23,9:44:01.686328040,T,TGT,F I,10,94.91
2025-10-23,9:44:01.686995576,T,TGT,I,20,94.92
2025-10-23,9:44:01.686995576,T,TGT,I,7,94.91
2025-10-23,9:44:01.687046764,T,TGT,,150,94.915
2025-10-23,9:44:01.687064764,T,TGT,I,20,94.91
2025-10-23,9:44:01.687067788,T,TGT,I,24,94.91
2025-10-23,9:44:03.492259547,T,TGT,I,75,94.905
2025-10-23,9:44:06.453107429,T,TGT,F I,18,94.91
2025-10-23,9:44:10.388309820,T,TGT,I,20,94.92
2025-10-23,9:44:10.388315958,T,TGT,I,14,94.92
2025-10-23,9:44:10.388318722,T,TGT,I,5,94.92
2025-10-23,9:44:10.388318722,T,TGT,I,61,94.92
2025-10-23,9:44:15.130475504,T,TGT,F I,25,94.94
2025-10-23,9:44:15.130481558,T,TGT,F I,20,94.94
2025-10-23,9:44:20.351444926,T,TGT,I,17,94.94
2025-10-23,9:44:30.098064944,T,TGT,F,100,94.92
2025-10-23,9:44:30.098070309,T,TGT,F I,5,94.92
2025-10-23,9:44:30.098073457,T,TGT,F I,77,94.92
2025-10-23,9:44:30.098079960,T,TGT,F I,23,94.92
2025-10-23,9:44:30.098079960,T,TGT,F I,25,94.92
2025-10-23,9:44:30.098079960,T,TGT,F I,20,94.92
2025-10-23,9:44:33.035327366,T,TGT,I,19,94.94
2025-10-23,9:44:33.035327366,T,TGT,I,16,94.94
2025-10-23,9:44:33.035330217,T,TGT,I,9,94.94
2025-10-23,9:44:33.035330217,T,TGT,I,20,94.94
2025-10-23,9:44:33.035333061,T,TGT,I,36,94.94
2025-10-23,9:44:41.814352529,T,TGT,I,5,94.94
2025-10-23,9:44:41.822138097,T,TGT,I,31,94.95
2025-10-23,9:44:41.822141097,T,TGT,I,20,94.95
2025-10-23,9:44:41.822159133,T,TGT,,132,94.95
2025-10-23,9:44:41.822180210,T,TGT,I,1,94.95
2025-10-23,9:44:41.822246290,T,TGT,I,47,94.95
2025-10-23,9:44:41.822246290,T,TGT,I,53,94.95
2025-10-23,9:44:41.822483950,T,TGT,F,100,94.95
2025-10-23,9:44:41.980498376,T,TGT,I,75,94.935
2025-10-23,9:44:41.980549502,T,TGT,I,25,94.935
2025-10-23,9:44:45.399177913,T,TGT,F,100,94.94
2025-10-23,9:44:46.619187464,T,TGT,,100,94.94
2025-10-23,9:44:46.619776972,T,TGT,I,39,94.93
2025-10-23,9:44:46.619800991,T,TGT,,100,94.93
2025-10-23,9:44:46.619800991,T,TGT,,100,94.93
2025-10-23,9:44:46.619803950,T,TGT,I,18,94.93
2025-10-23,9:44:46.619918238,T,TGT,F I,1,94.92
2025-10-23,9:44:46.619921205,T,TGT,F,100,94.92
2025-10-23,9:44:46.620114047,T,TGT,I,27,94.92
2025-10-23,9:44:46.620120026,T,TGT,I,24,94.93
2025-10-23,9:44:46.620122762,T,TGT,,100,94.93
2025-10-23,9:44:46.620122762,T,TGT,I,29,94.93
2025-10-23,9:44:46.620125837,T,TGT,I,25,94.93
2025-10-23,9:44:46.620125837,T,TGT,I,7,94.93
2025-10-23,9:44:46.620179846,T,TGT,I,24,94.92
2025-10-23,9:44:46.620218913,T,TGT,F I,1,94.92
2025-10-23,9:44:46.620233947,T,TGT,F I,82,94.92
2025-10-23,9:44:46.620276115,T,TGT,F I,18,94.92
2025-10-23,9:44:46.620279382,T,TGT,F I,8,94.92
2025-10-23,9:44:52.009550620,T,TGT,I,5,94.95
2025-10-23,9:44:54.831503700,T,TGT,I,7,94.96
2025-10-23,9:44:55.779079189,T,TGT,F I,50,94.97
2025-10-23,9:44:55.779085193,T,TGT,F I,10,94.97
2025-10-23,9:45:00.020777613,T,TGT,F I,10,94.96
2025-10-23,9:45:00.020864748,T,TGT,F I,31,94.95
2025-10-23,9:45:00.020885833,T,TGT,F I,69,94.95
2025-10-23,9:45:02.104943907,T,TGT,F I,75,94.915
2025-10-23,9:45:02.104995008,T,TGT,I,25,94.915
2025-10-23,9:45:03.772690071,T,TGT,F I,75,94.905
2025-10-23,9:45:03.772927543,T,TGT,I,25,94.905
2025-10-23,9:45:06.220614963,T,TGT,I,75,94.905
2025-10-23,9:45:09.597979205,T,TGT,F I,6,94.9
2025-10-23,9:45:09.747862139,T,TGT,F I,75,94.9
2025-10-23,9:45:09.747865194,T,TGT,I,75,94.9
2025-10-23,9:45:10.725512370,T,TGT,F I,75,94.9
2025-10-23,9:45:10.725548455,T,TGT,,100,94.9
2025-10-23,9:45:10.727776710,T,TGT,,100,94.9
2025-10-23,9:45:10.729560001,T,TGT,F I,22,94.91
2025-10-23,9:45:11.908149521,T,TGT,I,22,94.92
2025-10-23,9:45:11.908151901,T,TGT,I,18,94.92
2025-10-23,9:45:11.908151901,T,TGT,I,60,94.92
2025-10-23,9:45:11.908173001,T,TGT,I,40,94.92
2025-10-23,9:45:11.916517792,T,TGT,,100,94.915
2025-10-23,9:45:13.202631010,T,TGT,I,6,94.91
2025-10-23,9:45:13.202652077,T,TGT,F,159,94.91
2025-10-23,9:45:13.202655137,T,TGT,F I,14,94.91
2025-10-23,9:45:13.469650168,T,TGT,F I,26,94.9
2025-10-23,9:45:13.469652367,T,TGT,F,300,94.9
2025-10-23,9:45:14.803654284,T,TGT,I,5,94.87
2025-10-23,9:45:22.909056709,T,TGT,I,44,94.89
2025-10-23,9:45:22.909059665,T,TGT,I,99,94.89
2025-10-23,9:45:22.909074801,T,TGT,I,1,94.89
2025-10-23,9:45:22.909099318,T,TGT,,130,94.89
2025-10-23,9:45:22.909101848,T,TGT,I,10,94.89
2025-10-23,9:45:22.909101848,T,TGT,I,44,94.89
2025-10-23,9:45:22.909691264,T,TGT,I,25,94.89
2025-10-23,9:45:24.118114261,T,TGT,I,17,94.89
2025-10-23,9:45:24.118267608,T,TGT,I,13,94.88
2025-10-23,9:45:27.459314583,T,TGT,I,9,94.87
2025-10-23,9:45:27.459314583,T,TGT,I,71,94.87
2025-10-23,9:45:27.459332427,T,TGT,I,1,94.87
2025-10-23,9:45:27.459693351,T,TGT,I,16,94.87
2025-10-23,9:45:27.459723437,T,TGT,I,12,94.87
2025-10-23,9:45:29.465240394,T,TGT,I,16,94.87
2025-10-23,9:45:29.465267492,T,TGT,F I,10,94.87
2025-10-23,9:45:29.465267492,T,TGT,F I,14,94.87
2025-10-23,9:45:29.515342721,T,TGT,I,21,94.875
2025-10-23,9:45:32.446660641,T,TGT,F I,7,94.9
2025-10-23,9:45:32.446660641,T,TGT,F I,90,94.9
2025-10-23,9:45:32.446678515,T,TGT,I,1,94.9
2025-10-23,9:45:32.450774314,T,TGT,I,68,94.9
2025-10-23,9:45:32.607916543,T,TGT,I,25,94.9
2025-10-23,9:45:32.607919577,T,TGT,I,26,94.9
2025-10-23,9:45:35.534167039,T,TGT,I,82,94.9
2025-10-23,9:45:35.534185122,T,TGT,I,1,94.9
2025-10-23,9:45:45.977913332,T,TGT,F I,17,94.86
2025-10-23,9:45:45.977913332,T,TGT,F I,21,94.86
2025-10-23,9:45:45.977916306,T,TGT,F I,18,94.86
2025-10-23,9:45:45.977916306,T,TGT,F I,13,94.86
2025-10-23,9:45:47.408451468,T,TGT,I,75,94.845
2025-10-23,9:45:49.611620340,T,TGT,I,20,94.85
2025-10-23,9:45:49.958520782,T,TGT,I,12,94.85
2025-10-23,9:45:52.812873130,T,TGT,I,47,94.86
2025-10-23,9:45:52.815582467,T,TGT,,100,94.87
2025-10-23,9:45:56.685929150,T,TGT,F I,35,94.86
2025-10-23,9:45:58.188499031,T,TGT,F I,18,94.83
2025-10-23,9:45:58.188499031,T,TGT,F I,3,94.83
2025-10-23,9:45:58.188499031,T,TGT,F I,5,94.83
2025-10-23,9:45:58.188503954,T,TGT,F I,10,94.83
2025-10-23,9:45:58.188503954,T,TGT,F I,17,94.83
2025-10-23,9:45:58.188789712,T,TGT,I,45,94.82
2025-10-23,9:45:58.189529469,T,TGT,,100,94.81
2025-10-23,9:45:58.192960571,T,TGT,F I,5,94.81
2025-10-23,9:45:58.192960571,T,TGT,F I,20,94.81
2025-10-23,9:45:58.192963696,T,TGT,F,100,94.81
2025-10-23,9:45:58.192963696,T,TGT,F I,35,94.82
2025-10-23,9:45:58.192966653,T,TGT,F I,38,94.82
2025-10-23,9:46:03.880774386,T,TGT,F I,21,94.76
2025-10-23,9:46:03.882326081,T,TGT,F I,2,94.75
2025-10-23,9:46:03.882326081,T,TGT,F I,21,94.75
2025-10-23,9:46:11.496727379,T,TGT,F I,1,94.72
2025-10-23,9:46:11.496730374,T,TGT,F I,10,94.71
2025-10-23,9:46:11.496778466,T,TGT,F I,10,94.7
2025-10-23,9:46:11.496778466,T,TGT,F I,6,94.7
2025-10-23,9:46:13.657600397,T,TGT,F I,20,94.71
2025-10-23,9:46:13.657606418,T,TGT,I,2,94.71
2025-10-23,9:46:15.359862864,T,TGT,I,5,94.71
2025-10-23,9:46:15.360374183,T,TGT,F I,31,94.71
2025-10-23,9:46:20.877651628,T,TGT,F I,75,94.71
2025-10-23,9:46:26.094685210,T,TGT,F,100,94.7
2025-10-23,9:46:26.094687750,T,TGT,F I,35,94.71
2025-10-23,9:46:26.094690748,T,TGT,F I,64,94.71
2025-10-23,9:46:26.094702860,T,TGT,I,1,94.71
2025-10-23,9:46:26.094705857,T,TGT,I,35,94.71
2025-10-23,9:46:30.538464825,T,TGT,F I,75,94.69
2025-10-23,9:46:30.538516158,T,TGT,F I,25,94.69
2025-10-23,9:46:30.538711322,T,TGT,F I,23,94.68
2025-10-23,9:46:33.248500242,T,TGT,F I,16,94.65
2025-10-23,9:46:33.248500242,T,TGT,F I,20,94.65
2025-10-23,9:46:34.275900950,T,TGT,F I,14,94.64
2025-10-23,9:46:34.275900950,T,TGT,F I,21,94.64
2025-10-23,9:46:34.276231643,T,TGT,F I,4,94.63
2025-10-23,9:46:34.276831063,T,TGT,,100,94.63
2025-10-23,9:46:34.276831063,T,TGT,I,57,94.63
2025-10-23,9:46:34.280709421,T,TGT,F I,22,94.64
2025-10-23,9:46:34.280733419,T,TGT,F I,25,94.64
2025-10-23,9:46:34.324256277,T,TGT,F I,22,94.63
2025-10-23,9:46:34.324259739,T,TGT,F,100,94.63
2025-10-23,9:46:36.987415864,T,TGT,F,100,94.61
2025-10-23,9:46:36.987427940,T,TGT,F I,26,94.63
2025-10-23,9:46:36.987485198,T,TGT,F I,74,94.63
2025-10-23,9:46:36.987488346,T,TGT,F I,6,94.64
2025-10-23,9:46:36.987491422,T,TGT,F I,20,94.64
2025-10-23,9:46:36.987491422,T,TGT,F,100,94.64
2025-10-23,9:46:36.989030909,T,TGT,I,27,94.64
2025-10-23,9:46:36.989036825,T,TGT,I,8,94.64
2025-10-23,9:46:36.989055048,T,TGT,I,1,94.64
2025-10-23,9:46:37.345641384,T,TGT,I,35,94.63
2025-10-23,9:46:41.047171975,T,TGT,F I,75,94.63
2025-10-23,9:46:41.047213991,T,TGT,I,91,94.64
2025-10-23,9:46:41.047217259,T,TGT,,100,94.64
2025-10-23,9:46:41.047220181,T,TGT,,100,94.64
2025-10-23,9:46:41.047220181,T,TGT,I,27,94.64
2025-10-23,9:46:41.047223315,T,TGT,I,1,94.64
2025-10-23,9:46:41.047229568,T,TGT,I,75,94.64
2025-10-23,9:46:41.047250054,T,TGT,F I,27,94.64
2025-10-23,9:46:41.047830540,T,TGT,F I,8,94.65
2025-10-23,9:46:41.047878649,T,TGT,I,2,94.65
2025-10-23,9:46:41.047884608,T,TGT,I,2,94.65
2025-10-23,9:46:41.047887644,T,TGT,I,2,94.65
2025-10-23,9:46:41.047887644,T,TGT,I,1,94.65
2025-10-23,9:46:41.047902626,T,TGT,F I,35,94.65
2025-10-23,9:46:41.939674182,T,TGT,I,15,94.65
2025-10-23,9:46:46.957930731,T,TGT,F I,10,94.6
2025-10-23,9:46:48.956251567,T,TGT,I,15,94.58
2025-10-23,9:46:54.178261496,T,TGT,I,75,94.555
2025-10-23,9:46:54.215911211,T,TGT,I,2,94.55
2025-10-23,9:46:55.384302764,T,TGT,F I,17,94.55
2025-10-23,9:46:56.276182583,T,TGT,F I,6,94.53
2025-10-23,9:46:57.915472062,T,TGT,I,75,94.515
2025-10-23,9:46:58.497725244,T,TGT,I,7,94.52
2025-10-23,9:46:58.497728380,T,TGT,I,59,94.52
2025-10-23,9:46:58.497728380,T,TGT,I,20,94.52
2025-10-23,9:46:58.497776403,T,TGT,I,20,94.53
2025-10-23,9:46:58.497779800,T,TGT,,100,94.53
2025-10-23,9:46:58.497782695,T,TGT,,100,94.53
2025-10-23,9:46:58.497782695,T,TGT,,100,94.53
2025-10-23,9:46:58.498017041,T,TGT,F I,6,94.54
2025-10-23,9:46:58.511519074,T,TGT,I,12,94.53
2025-10-23,9:46:59.633053053,T,TGT,F,100,94.55
2025-10-23,9:46:59.633056042,T,TGT,F I,50,94.55
2025-10-23,9:46:59.633056042,T,TGT,F I,5,94.55
2025-10-23,9:47:00.251882389,T,TGT,I,7,94.56
2025-10-23,9:47:00.251882389,T,TGT,I,50,94.56
2025-10-23,9:47:00.251885562,T,TGT,,100,94.56
2025-10-23,9:47:02.662563930,T,TGT,F I,3,94.57
2025-10-23,9:47:02.662563930,T,TGT,F I,75,94.57
2025-10-23,9:47:02.662611770,T,TGT,F I,10,94.58
2025-10-23,9:47:02.663297306,T,TGT,F I,62,94.58
2025-10-23,9:47:02.664785866,T,TGT,F,100,94.6
2025-10-23,9:47:02.664785866,T,TGT,F I,58,94.6
2025-10-23,9:47:02.664812953,T,TGT,I,42,94.6
2025-10-23,9:47:02.916467615,T,TGT,,100,94.59
2025-10-23,9:47:03.958846804,T,TGT,I,75,94.585
2025-10-23,9:47:03.958889007,T,TGT,I,75,94.585
2025-10-23,9:47:16.771982921,T,TGT,F I,25,94.53
2025-10-23,9:47:16.771986625,T,TGT,F I,28,94.53
2025-10-23,9:47:16.771989065,T,TGT,F I,1,94.53
2025-10-23,9:47:16.771992099,T,TGT,F I,1,94.53
2025-10-23,9:47:16.771992099,T,TGT,F I,11,94.53
2025-10-23,9:47:17.214517207,T,TGT,I,10,94.51
2025-10-23,9:47:21.072796275,T,TGT,F I,1,94.54
2025-10-23,9:47:21.072799218,T,TGT,F I,12,94.54
2025-10-23,9:47:21.072802244,T,TGT,I,38,94.54
2025-10-23,9:47:21.072802244,T,TGT,I,62,94.54
2025-10-23,9:47:21.167185214,T,TGT,I,11,94.54
2025-10-23,9:47:21.260819218,T,TGT,F I,1,94.53
2025-10-23,9:47:23.174034217,T,TGT,F I,1,94.5
2025-10-23,9:47:23.174145435,T,TGT,F I,8,94.5
2025-10-23,9:47:23.174148548,T,TGT,F I,11,94.5
2025-10-23,9:47:23.174151490,T,TGT,F I,4,94.5
2025-10-23,9:47:23.174260383,T,TGT,F I,1,94.51
2025-10-23,9:47:23.174262822,T,TGT,F I,27,94.51
2025-10-23,9:47:23.174262822,T,TGT,F I,10,94.51
2025-10-23,9:47:23.174266209,T,TGT,F I,7,94.51
2025-10-23,9:47:24.213204956,T,TGT,F I,20,94.54
2025-10-23,9:47:25.118352325,T,TGT,F I,75,94.54
2025-10-23,9:47:25.118641084,T,TGT,F I,20,94.54
2025-10-23,9:47:25.118743718,T,TGT,I,3,94.54
2025-10-23,9:47:25.118746576,T,TGT,I,2,94.54
2025-10-23,9:47:25.118746576,T,TGT,I,1,94.55
2025-10-23,9:47:25.118749336,T,TGT,I,4,94.55
2025-10-23,9:47:25.118752297,T,TGT,I,2,94.55
2025-10-23,9:47:25.118767327,T,TGT,I,5,94.55
2025-10-23,9:47:25.118917756,T,TGT,F I,2,94.54
2025-10-23,9:47:25.118920893,T,TGT,F I,1,94.54
2025-10-23,9:47:25.118920893,T,TGT,F I,72,94.54
2025-10-23,9:47:25.118941782,T,TGT,I,1,94.54
2025-10-23,9:47:26.979260807,T,TGT,F I,1,94.55
2025-10-23,9:47:26.981146390,T,TGT,F I,22,94.56
2025-10-23,9:47:26.981146390,T,TGT,F I,71,94.56
2025-10-23,9:47:26.981167470,T,TGT,I,1,94.56
2025-10-23,9:47:26.981221550,T,TGT,I,2,94.56
2025-10-23,9:47:26.981221550,T,TGT,I,34,94.56
2025-10-23,9:47:26.981224574,T,TGT,I,64,94.56
2025-10-23,9:47:26.981227503,T,TGT,I,11,94.56
2025-10-23,9:47:34.710809613,T,TGT,F I,20,94.52
2025-10-23,9:47:56.777333095,T,TGT,F I,5,94.54
2025-10-23,9:48:01.528625428,T,TGT,I,25,94.54
2025-10-23,9:48:09.511494752,T,TGT,F I,6,94.49
2025-10-23,9:48:09.511497733,T,TGT,F I,3,94.49
2025-10-23,9:48:09.511500706,T,TGT,F I,27,94.49
2025-10-23,9:48:09.511503783,T,TGT,F I,24,94.49
2025-10-23,9:48:09.511506820,T,TGT,F I,49,94.49
2025-10-23,9:48:09.511506820,T,TGT,F I,29,94.49
2025-10-23,9:48:09.953839428,T,TGT,I,2,94.47
2025-10-23,9:48:09.954194332,T,TGT,I,14,94.47
2025-10-23,9:48:09.954522063,T,TGT,F I,25,94.48
2025-10-23,9:48:10.211324865,T,TGT,F I,7,94.49
2025-10-23,9:48:10.511984259,T,TGT,F I,68,94.5
2025-10-23,9:48:10.511987230,T,TGT,F I,7,94.5
2025-10-23,9:48:12.677674654,T,TGT,I,5,94.5
2025-10-23,9:48:17.969402809,T,TGT,F I,3,94.52
2025-10-23,9:48:17.969423901,T,TGT,F I,17,94.52
2025-10-23,9:48:17.969423901,T,TGT,I,1,94.52
2025-10-23,9:48:18.048867276,T,TGT,F I,19,94.53
2025-10-23,9:48:18.048870205,T,TGT,F I,93,94.52
2025-10-23,9:48:18.049176861,T,TGT,,100,94.515
2025-10-23,9:48:18.058300617,T,TGT,F I,12,94.51
2025-10-23,9:48:18.062685061,T,TGT,F,100,94.49
2025-10-23,9:48:18.062688076,T,TGT,F I,15,94.49
2025-10-23,9:48:18.068537208,T,TGT,F I,30,94.485
2025-10-23,9:48:18.068537208,T,TGT,F I,3,94.48
2025-10-23,9:48:18.068540994,T,TGT,F I,47,94.48
2025-10-23,9:48:18.068540994,T,TGT,F I,52,94.47
2025-10-23,9:48:18.068591104,T,TGT,I,30,94.48
2025-10-23,9:48:18.068609180,T,TGT,F I,70,94.48
2025-10-23,9:48:18.068645213,T,TGT,F I,20,94.48
2025-10-23,9:48:18.068804678,T,TGT,F I,6,94.5
2025-10-23,9:48:18.068825679,T,TGT,I,1,94.5
2025-10-23,9:48:18.068828681,T,TGT,F I,18,94.5
2025-10-23,9:48:18.068915873,T,TGT,F I,1,94.5
2025-10-23,9:48:18.069706825,T,TGT,I,7,94.5
2025-10-23,9:48:18.069710470,T,TGT,I,7,94.5
2025-10-23,9:48:18.069710470,T,TGT,I,20,94.5
2025-10-23,9:48:18.069773004,T,TGT,F I,7,94.5
2025-10-23,9:48:18.075784281,T,TGT,F I,21,94.49
2025-10-23,9:48:18.075787238,T,TGT,F I,75,94.48
2025-10-23,9:48:18.075790229,T,TGT,F I,21,94.47
2025-10-23,9:48:18.075790229,T,TGT,F I,25,94.47
2025-10-23,9:48:18.075793350,T,TGT,F I,20,94.47
2025-10-23,9:48:18.075793350,T,TGT,F I,15,94.47
2025-10-23,9:48:18.075865467,T,TGT,F I,5,94.48
2025-10-23,9:48:18.075865467,T,TGT,F I,1,94.48
2025-10-23,9:48:18.075886459,T,TGT,I,1,94.48
2025-10-23,9:48:18.075895789,T,TGT,F I,5,94.48
2025-10-23,9:48:18.075901593,T,TGT,F I,19,94.48
2025-10-23,9:48:18.075904521,T,TGT,F I,1,94.48
2025-10-23,9:48:18.076100013,T,TGT,F I,10,94.49
2025-10-23,9:48:18.076115825,T,TGT,F I,15,94.49
2025-10-23,9:48:18.081046836,T,TGT,F I,20,94.49
2025-10-23,9:48:18.081049932,T,TGT,F I,20,94.49
2025-10-23,9:48:18.081052950,T,TGT,F I,20,94.49
2025-10-23,9:48:18.081052950,T,TGT,F I,20,94.49
2025-10-23,9:48:18.081055870,T,TGT,F,100,94.48
2025-10-23,9:48:18.081055870,T,TGT,F I,25,94.48
2025-10-23,9:48:18.081118942,T,TGT,F I,1,94.49
2025-10-23,9:48:18.081142982,T,TGT,I,1,94.49
2025-10-23,9:48:18.081146479,T,TGT,F I,14,94.49
2025-10-23,9:48:18.086023859,T,TGT,F I,1,94.48
2025-10-23,9:48:18.086023859,T,TGT,F I,21,94.48
2025-10-23,9:48:18.086027070,T,TGT,F I,25,94.48
2025-10-23,9:48:18.086027070,T,TGT,F I,26,94.48
2025-10-23,9:48:18.086030815,T,TGT,F I,4,94.48
2025-10-23,9:48:18.086030815,T,TGT,F I,25,94.47
2025-10-23,9:48:18.086033116,T,TGT,F I,16,94.47
2025-10-23,9:48:18.086117201,T,TGT,F I,21,94.49
2025-10-23,9:48:18.086119936,T,TGT,F I,26,94.49
2025-10-23,9:48:18.086119936,T,TGT,F I,4,94.49
2025-10-23,9:48:18.086122923,T,TGT,I,1,94.49
2025-10-23,9:48:18.086126628,T,TGT,F I,15,94.49
2025-10-23,9:48:18.086276551,T,TGT,F I,21,94.5
2025-10-23,9:48:18.086279282,T,TGT,F I,47,94.5
2025-10-23,9:48:18.086282515,T,TGT,F I,25,94.5
2025-10-23,9:48:18.086300347,T,TGT,I,1,94.5
2025-10-23,9:48:18.086303505,T,TGT,I,62,94.5
2025-10-23,9:48:18.086306353,T,TGT,,100,94.5
2025-10-23,9:48:18.086309921,T,TGT,F I,17,94.5
2025-10-23,9:48:18.086370117,T,TGT,F I,21,94.51
2025-10-23,9:48:18.086372727,T,TGT,F I,6,94.51
2025-10-23,9:48:18.086375478,T,TGT,F I,10,94.51
2025-10-23,9:48:18.086877888,T,TGT,F I,26,94.51
2025-10-23,9:48:18.086877888,T,TGT,F I,5,94.51
2025-10-23,9:48:18.086880692,T,TGT,F,732,94.51
2025-10-23,9:48:18.086898724,T,TGT,F I,42,94.51
2025-10-23,9:48:18.086911423,T,TGT,F I,16,94.51
2025-10-23,9:48:18.087608444,T,TGT,I,63,94.51
2025-10-23,9:48:18.088652512,T,TGT,F I,21,94.52
2025-10-23,9:48:18.088655003,T,TGT,F I,25,94.52
2025-10-23,9:48:18.088655003,T,TGT,F I,50,94.52
2025-10-23,9:48:18.088886512,T,TGT,F I,21,94.52
2025-10-23,9:48:18.088892494,T,TGT,F I,22,94.52
2025-10-23,9:48:18.089581192,T,TGT,I,21,94.51
2025-10-23,9:48:18.095806271,T,TGT,F I,19,94.52
2025-10-23,9:48:18.095806271,T,TGT,F I,26,94.52
2025-10-23,9:48:18.095808963,T,TGT,F I,21,94.52
2025-10-23,9:48:18.288316506,T,TGT,F I,21,94.51
2025-10-23,9:48:18.288316506,T,TGT,F I,26,94.51
2025-10-23,9:48:18.288321690,T,TGT,F I,1,94.51
2025-10-23,9:48:18.288321690,T,TGT,F I,39,94.51
2025-10-23,9:48:18.288324687,T,TGT,F I,28,94.51
2025-10-23,9:48:18.288324687,T,TGT,F I,14,94.51
2025-10-23,9:48:18.288339818,T,TGT,F I,14,94.51
2025-10-23,9:48:18.288342642,T,TGT,F I,24,94.51
2025-10-23,9:48:18.288342642,T,TGT,F I,9,94.51
2025-10-23,9:48:18.288850878,T,TGT,I,30,94.5
2025-10-23,9:48:21.708123107,T,TGT,F,100,94.465
2025-10-23,9:48:21.708255365,T,TGT,F I,20,94.46
2025-10-23,9:48:21.788441362,T,TGT,F I,9,94.46
2025-10-23,9:48:21.789277483,T,TGT,F,100,94.47
2025-10-23,9:48:21.789280396,T,TGT,F I,21,94.47
2025-10-23,9:48:21.789301513,T,TGT,I,1,94.47
2025-10-23,9:48:21.789301513,T,TGT,I,99,94.47
2025-10-23,9:48:21.789779574,T,TGT,F I,36,94.47
2025-10-23,9:48:21.789804144,T,TGT,I,1,94.47
2025-10-23,9:48:21.790456244,T,TGT,I,13,94.47
2025-10-23,9:48:28.865315523,T,TGT,I,10,94.465
2025-10-23,9:48:31.528610849,T,TGT,I,17,94.47
2025-10-23,9:48:35.010838130,T,TGT,I,20,94.48
2025-10-23,9:48:35.010841209,T,TGT,I,23,94.48
2025-10-23,9:48:35.010843962,T,TGT,I,21,94.48
2025-10-23,9:48:35.010843962,T,TGT,I,13,94.48
2025-10-23,9:48:35.011063464,T,TGT,F I,5,94.48
2025-10-23,9:48:35.011183840,T,TGT,F I,38,94.49
2025-10-23,9:48:35.016569674,T,TGT,I,19,94.49
2025-10-23,9:48:35.024541590,T,TGT,I,20,94.48
2025-10-23,9:48:37.688489370,T,TGT,F I,5,94.45
2025-10-23,9:48:37.688489370,T,TGT,F I,1,94.45
2025-10-23,9:48:37.688492360,T,TGT,F I,7,94.45
2025-10-23,9:48:37.688495339,T,TGT,F I,13,94.45
2025-10-23,9:48:37.900181685,T,TGT,I,4,94.44
2025-10-23,9:48:37.900205774,T,TGT,F I,16,94.44
2025-10-23,9:48:37.900205774,T,TGT,F I,30,94.44
2025-10-23,9:48:37.901459701,T,TGT,I,6,94.44
2025-10-23,9:48:38.166751745,T,TGT,F I,7,94.43
2025-10-23,9:48:40.648150024,T,TGT,F,110,94.42
2025-10-23,9:48:40.648150024,T,TGT,F I,10,94.42
2025-10-23,9:48:40.648152596,T,TGT,F I,5,94.42
2025-10-23,9:48:40.648152596,T,TGT,F I,10,94.42
2025-10-23,9:48:40.648155661,T,TGT,F I,56,94.42
2025-10-23,9:48:40.648161667,T,TGT,F,100,94.42
2025-10-23,9:48:40.784759136,T,TGT,F I,7,94.39
2025-10-23,9:48:40.830997243,T,TGT,F I,20,94.36
2025-10-23,9:48:40.831499369,T,TGT,I,66,94.36
2025-10-23,9:48:40.831981399,T,TGT,F I,20,94.37
2025-10-23,9:48:40.831983570,T,TGT,F I,20,94.37
2025-10-23,9:48:40.831986599,T,TGT,F I,12,94.37
2025-10-23,9:48:40.832043664,T,TGT,F I,25,94.37
2025-10-23,9:48:40.832043664,T,TGT,F I,75,94.37
2025-10-23,9:48:40.832049801,T,TGT,F I,25,94.37
2025-10-23,9:48:40.832067800,T,TGT,I,1,94.37
2025-10-23,9:48:40.832717335,T,TGT,I,2,94.37
2025-10-23,9:48:41.784776581,T,TGT,F I,72,94.37
2025-10-23,9:48:42.812474994,T,TGT,I,5,94.38
2025-10-23,9:48:42.812474994,T,TGT,I,9,94.38
2025-10-23,9:48:42.812496016,T,TGT,I,1,94.38
2025-10-23,9:48:42.812760757,T,TGT,I,2,94.38
2025-10-23,9:48:46.230496081,T,TGT,I,16,94.39
2025-10-23,9:48:46.334574029,T,TGT,I,9,94.39
2025-10-23,9:48:46.336390348,T,TGT,I,10,94.39
2025-10-23,9:48:46.354162693,T,TGT,F,100,94.39
2025-10-23,9:48:46.354165967,T,TGT,F I,20,94.38
2025-10-23,9:48:46.354165967,T,TGT,F I,20,94.38
2025-10-23,9:48:46.354168750,T,TGT,F I,49,94.38
2025-10-23,9:48:46.354168750,T,TGT,F I,20,94.37
2025-10-23,9:48:46.359729048,T,TGT,I,1,94.38
2025-10-23,9:48:46.359731975,T,TGT,I,15,94.38
2025-10-23,9:48:46.359753018,T,TGT,I,1,94.38
2025-10-23,9:48:46.361343810,T,TGT,F,100,94.37
2025-10-23,9:48:46.361346871,T,TGT,F I,20,94.37
2025-10-23,9:48:46.375537650,T,TGT,F I,4,94.38
2025-10-23,9:48:48.427196926,T,TGT,I,80,94.38
2025-10-23,9:48:48.427214619,T,TGT,I,1,94.38
2025-10-23,9:48:48.427602513,T,TGT,F I,19,94.38
2025-10-23,9:48:50.741534498,T,TGT,I,1,94.4
2025-10-23,9:48:50.741537546,T,TGT,I,9,94.4
2025-10-23,9:48:50.741540233,T,TGT,I,12,94.4
2025-10-23,9:48:50.741540233,T,TGT,I,5,94.4
2025-10-23,9:48:53.924443190,T,TGT,F I,4,94.41
2025-10-23,9:48:53.924443190,T,TGT,F I,82,94.41
2025-10-23,9:48:54.981569662,T,TGT,I,5,94.415
2025-10-23,9:48:55.476512830,T,TGT,I,88,94.44
2025-10-23,9:48:55.477210515,T,TGT,F I,3,94.46
2025-10-23,9:48:55.484734475,T,TGT,F I,75,94.47
2025-10-23,9:48:55.969546506,T,TGT,F I,25,94.47
2025-10-23,9:48:55.969546506,T,TGT,F I,75,94.48
2025-10-23,9:48:55.969549488,T,TGT,F I,25,94.48
2025-10-23,9:48:56.589725997,T,TGT,F I,48,94.49
2025-10-23,9:49:05.485807770,T,TGT,F,100,94.51
2025-10-23,9:49:05.485807770,T,TGT,F I,6,94.51
2025-10-23,9:49:05.486406470,T,TGT,F I,6,94.54
2025-10-23,9:49:05.486406470,T,TGT,F I,4,94.54
2025-10-23,9:49:05.486409130,T,TGT,F I,58,94.54
2025-10-23,9:49:05.486409130,T,TGT,F I,6,94.54
2025-10-23,9:49:05.487040656,T,TGT,F I,21,94.55
2025-10-23,9:49:05.487043638,T,TGT,F I,12,94.55
2025-10-23,9:49:05.487194046,T,TGT,F I,8,94.56
2025-10-23,9:49:05.487494746,T,TGT,I,72,94.555
2025-10-23,9:49:05.487509784,T,TGT,F I,38,94.56
2025-10-23,9:49:05.492763348,T,TGT,F,100,94.57
2025-10-23,9:49:05.492763348,T,TGT,F,100,94.58
2025-10-23,9:49:05.492766285,T,TGT,F I,25,94.58
2025-10-23,9:49:05.492823422,T,TGT,,100,94.58
2025-10-23,9:49:05.497216906,T,TGT,F I,23,94.6
2025-10-23,9:49:05.497601881,T,TGT,F I,20,94.58
2025-10-23,9:49:05.498302467,T,TGT,F I,17,94.58
2025-10-23,9:49:05.498302467,T,TGT,F I,11,94.58
2025-10-23,9:49:05.990740643,T,TGT,,100,94.57
2025-10-23,9:49:06.672747536,T,TGT,F I,70,94.57
2025-10-23,9:49:06.672747536,T,TGT,F I,20,94.57
2025-10-23,9:49:08.138881439,T,TGT,F I,2,94.58
2025-10-23,9:49:08.138881439,T,TGT,F I,10,94.58
2025-10-23,9:49:10.027266170,T,TGT,I,12,94.59
2025-10-23,9:49:10.027897672,T,TGT,I,2,94.575
2025-10-23,9:49:15.657564882,T,TGT,F,100,94.59
2025-10-23,9:49:15.658136198,T,TGT,F I,5,94.6
2025-10-23,9:49:15.658621290,T,TGT,I,75,94.6
2025-10-23,9:49:15.658621290,T,TGT,I,20,94.58
2025-10-23,9:49:15.658626547,T,TGT,I,89,94.58
2025-10-23,9:49:15.658635400,T,TGT,I,11,94.58
2025-10-23,9:49:15.658635400,T,TGT,I,29,94.58
2025-10-23,9:49:15.658638419,T,TGT,I,25,94.58
2025-10-23,9:49:15.658638419,T,TGT,I,10,94.58
2025-10-23,9:49:15.658903059,T,TGT,I,10,94.59
2025-10-23,9:49:15.658948155,T,TGT,F I,1,94.58
2025-10-23,9:49:15.659471380,T,TGT,I,9,94.56
2025-10-23,9:49:15.660632198,T,TGT,F I,11,94.56
2025-10-23,9:49:15.660893797,T,TGT,I,25,94.55
2025-10-23,9:49:15.660917878,T,TGT,F I,25,94.55
2025-10-23,9:49:15.660930346,T,TGT,F I,33,94.55
2025-10-23,9:49:15.660932932,T,TGT,F I,1,94.55
2025-10-23,9:49:15.660932932,T,TGT,F I,24,94.55
2025-10-23,9:49:15.660938857,T,TGT,F I,59,94.55
2025-10-23,9:49:15.660941928,T,TGT,F I,1,94.55
2025-10-23,9:49:15.660969006,T,TGT,F I,16,94.55
2025-10-23,9:49:16.455660256,T,TGT,F I,75,94.56
2025-10-23,9:49:16.455714321,T,TGT,F I,75,94.56
2025-10-23,9:49:17.036734474,T,TGT,F I,15,94.57
2025-10-23,9:49:18.385158894,T,TGT,I,3,94.57
2025-10-23,9:49:22.805609288,T,TGT,I,9,94.58
2025-10-23,9:49:22.805633322,T,TGT,F I,19,94.58
2025-10-23,9:49:22.805636405,T,TGT,F I,37,94.58
2025-10-23,9:49:22.811181590,T,TGT,F I,37,94.59
2025-10-23,9:49:25.370296482,T,TGT,F I,6,94.6
2025-10-23,9:49:44.446132017,T,TGT,I,75,94.625
2025-10-23,9:49:44.446189219,T,TGT,I,25,94.625
2025-10-23,9:49:44.446246309,T,TGT,,100,94.625
2025-10-23,9:49:45.060345865,T,TGT,F I,14,94.61
2025-10-23,9:49:45.347854399,T,TGT,I,13,94.59
2025-10-23,9:49:45.347917683,T,TGT,I,9,94.58
2025-10-23,9:49:45.347917683,T,TGT,I,10,94.58
2025-10-23,9:49:45.347965658,T,TGT,F I,20,94.57
2025-10-23,9:49:52.781173527,T,TGT,F I,10,94.56
2025-10-23,9:49:52.790586055,T,TGT,I,18,94.57
2025-10-23,9:49:52.791076117,T,TGT,F I,11,94.58
2025-10-23,9:49:52.791076117,T,TGT,F I,50,94.58
2025-10-23,9:49:52.818417360,T,TGT,I,5,94.6
2025-10-23,9:49:52.818417360,T,TGT,I,1,94.6
2025-10-23,9:49:52.818736085,T,TGT,I,21,94.6
2025-10-23,9:49:52.819003672,T,TGT,,100,94.6
2025-10-23,9:49:52.819003672,T,TGT,I,16,94.6
2025-10-23,9:49:52.819007257,T,TGT,I,18,94.6
2025-10-23,9:50:08.271401832,T,TGT,F I,16,94.63
2025-10-23,9:50:08.271404756,T,TGT,F,100,94.63
2025-10-23,9:50:08.271540111,T,TGT,F I,5,94.64
2025-10-23,9:50:08.271540111,T,TGT,F I,12,94.64
2025-10-23,9:50:08.271858851,T,TGT,I,30,94.625
2025-10-23,9:50:08.271862195,T,TGT,I,19,94.62
2025-10-23,9:50:08.271865081,T,TGT,,100,94.62
2025-10-23,9:50:08.271865081,T,TGT,I,24,94.62
2025-10-23,9:50:08.271867884,T,TGT,I,33,94.62
2025-10-23,9:50:08.271867884,T,TGT,I,15,94.62
2025-10-23,9:50:08.271879921,T,TGT,I,1,94.62
2025-10-23,9:50:08.271928031,T,TGT,I,20,94.62
2025-10-23,9:50:08.271928031,T,TGT,I,9,94.62
2025-10-23,9:50:08.272006239,T,TGT,F I,19,94.63
2025-10-23,9:50:08.272009692,T,TGT,F I,19,94.63
2025-10-23,9:50:08.272087661,T,TGT,I,19,94.62
2025-10-23,9:50:08.272135578,T,TGT,F I,19,94.63
2025-10-23,9:50:08.272199125,T,TGT,I,19,94.62
2025-10-23,9:50:08.272201630,T,TGT,I,4,94.62
2025-10-23,9:50:08.274162438,T,TGT,I,1,94.63
2025-10-23,9:50:08.274162438,T,TGT,,100,94.63
2025-10-23,9:50:08.274186398,T,TGT,I,1,94.63
2025-10-23,9:50:08.279939247,T,TGT,F I,67,94.63
2025-10-23,9:50:08.279939247,T,TGT,F I,3,94.63
2025-10-23,9:50:08.279942274,T,TGT,F I,14,94.63
2025-10-23,9:50:08.395188824,T,TGT,I,4,94.63
2025-10-23,9:50:09.724012386,T,TGT,F I,11,94.64
2025-10-23,9:50:17.898405111,T,TGT,F I,5,94.68
2025-10-23,9:50:18.191898173,T,TGT,,100,94.71
2025-10-23,9:50:18.191901196,T,TGT,I,50,94.71
2025-10-23,9:50:18.191922187,T,TGT,F I,11,94.71
2025-10-23,9:50:19.137377742,T,TGT,I,13,94.71
2025-10-23,9:50:23.030669241,T,TGT,,100,94.69
2025-10-23,9:50:26.209226815,T,TGT,I,15,94.71
2025-10-23,9:50:27.763218017,T,TGT,F I,71,94.71
2025-10-23,9:50:27.763221101,T,TGT,F I,37,94.71
2025-10-23,9:50:27.764008957,T,TGT,I,11,94.72
2025-10-23,9:50:27.831961819,T,TGT,I,72,94.7
2025-10-23,9:50:27.833083538,T,TGT,I,17,94.69
2025-10-23,9:50:27.833083538,T,TGT,I,22,94.69
2025-10-23,9:50:27.833086475,T,TGT,I,1,94.69
2025-10-23,9:50:27.833086475,T,TGT,I,10,94.69
2025-10-23,9:50:27.853541204,T,TGT,I,1,94.67
2025-10-23,9:50:27.853544244,T,TGT,I,14,94.67
2025-10-23,9:50:27.863239359,T,TGT,I,21,94.65
2025-10-23,9:50:27.863944188,T,TGT,I,21,94.66
2025-10-23,9:50:27.863944188,T,TGT,I,1,94.66
2025-10-23,9:50:27.863946027,T,TGT,I,22,94.66
2025-10-23,9:50:27.863949037,T,TGT,I,17,94.66
2025-10-23,9:50:29.156909392,T,TGT,,100,94.64
2025-10-23,9:50:29.156936749,T,TGT,F I,75,94.64
2025-10-23,9:50:29.156936749,T,TGT,F I,25,94.64
2025-10-23,9:50:29.156939567,T,TGT,F I,75,94.64
2025-10-23,9:50:29.156951542,T,TGT,F,100,94.64
2025-10-23,9:50:29.156957655,T,TGT,I,1,94.64
2025-10-23,9:50:29.156957655,T,TGT,F I,12,94.64
2025-10-23,9:50:33.061348562,T,TGT,,128,94.71
2025-10-23,9:50:35.057471187,T,TGT,I,2,94.74
2025-10-23,9:50:37.451910809,T,TGT,F I,14,94.74
2025-10-23,9:50:47.044740950,T,TGT,F I,75,94.76
2025-10-23,9:50:53.032323679,T,TGT,F I,1,94.77
2025-10-23,9:50:53.032332752,T,TGT,F I,75,94.77
2025-10-23,9:50:53.032350791,T,TGT,F I,7,94.77
2025-10-23,9:50:53.032392928,T,TGT,,100,94.76
2025-10-23,9:50:53.032392928,T,TGT,I,20,94.76
2025-10-23,9:50:53.032396081,T,TGT,,100,94.76
2025-10-23,9:50:53.032398918,T,TGT,I,3,94.77
2025-10-23,9:50:53.032410882,T,TGT,F I,1,94.78
2025-10-23,9:50:53.032414223,T,TGT,F I,1,94.78
2025-10-23,9:50:53.032417736,T,TGT,F I,5,94.78
2025-10-23,9:50:53.032417736,T,TGT,I,10,94.78
2025-10-23,9:50:53.032419873,T,TGT,I,1,94.77
2025-10-23,9:50:53.032434922,T,TGT,,146,94.77
2025-10-23,9:50:53.032438917,T,TGT,I,25,94.76
2025-10-23,9:50:53.032438917,T,TGT,I,30,94.76
2025-10-23,9:50:53.032443956,T,TGT,,255,94.76
2025-10-23,9:50:53.032443956,T,TGT,I,34,94.75
2025-10-23,9:50:53.032443956,T,TGT,,100,94.75
2025-10-23,9:50:53.032498106,T,TGT,F I,18,94.76
2025-10-23,9:50:53.032792824,T,TGT,F I,50,94.77
2025-10-23,9:50:53.032808280,T,TGT,F I,2,94.76
2025-10-23,9:50:53.032829931,T,TGT,I,1,94.77
2025-10-23,9:50:53.065844568,T,TGT,,500,94.77
2025-10-23,9:50:53.065847513,T,TGT,I,13,94.77
2025-10-23,9:50:53.234733144,T,TGT,I,25,94.75
2025-10-23,9:50:53.234750911,T,TGT,F I,2,94.75
2025-10-23,9:50:55.626745556,T,TGT,I,53,94.76
2025-10-23,9:50:55.634299626,T,TGT,F I,94,94.755
2025-10-23,9:50:55.634353770,T,TGT,I,6,94.755
2025-10-23,9:50:56.233062076,T,TGT,F I,1,94.75
2025-10-23,9:50:56.233065068,T,TGT,F I,93,94.75
2025-10-23,9:50:56.233095174,T,TGT,F I,43,94.74
2025-10-23,9:50:56.233098196,T,TGT,F I,19,94.74
2025-10-23,9:50:56.233098196,T,TGT,F I,25,94.74
2025-10-23,9:50:56.234112287,T,TGT,F I,19,94.73
2025-10-23,9:50:56.234114627,T,TGT,F I,29,94.73
2025-10-23,9:50:56.234117550,T,TGT,F I,71,94.73
2025-10-23,9:51:02.462568394,T,TGT,F I,10,94.72
2025-10-23,9:51:03.456685728,T,TGT,F I,1,94.72
2025-10-23,9:51:03.456685728,T,TGT,F I,1,94.72
2025-10-23,9:51:03.456688700,T,TGT,F I,47,94.72
2025-10-23,9:51:03.967981784,T,TGT,F I,4,94.73
2025-10-23,9:51:03.967981784,T,TGT,F I,27,94.73
2025-10-23,9:51:04.513559565,T,TGT,I,60,94.74
2025-10-23,9:51:04.513869320,T,TGT,F I,5,94.74
2025-10-23,9:51:04.513869320,T,TGT,F I,1,94.74
2025-10-23,9:51:05.243648030,T,TGT,F I,23,94.745
2025-10-23,9:51:07.026126531,T,TGT,I,14,94.755
2025-10-23,9:51:07.418047189,T,TGT,F I,8,94.77
2025-10-23,9:51:07.419448568,T,TGT,I,19,94.77
2025-10-23,9:51:07.433651366,T,TGT,F I,18,94.77
2025-10-23,9:51:07.434126646,T,TGT,,100,94.77
2025-10-23,9:51:07.434126646,T,TGT,I,1,94.77
2025-10-23,9:51:07.434126646,T,TGT,I,1,94.77
2025-10-23,9:51:11.567819564,T,TGT,I,1,94.77
2025-10-23,9:51:11.567819564,T,TGT,I,9,94.77
2025-10-23,9:51:11.568905065,T,TGT,I,17,94.78
2025-10-23,9:51:11.663065394,T,TGT,I,4,94.78
2025-10-23,9:51:11.663068488,T,TGT,I,1,94.78
2025-10-23,9:51:20.355995602,T,TGT,F I,6,94.8
2025-10-23,9:51:20.356503704,T,TGT,F I,16,94.81
2025-10-23,9:51:20.356509812,T,TGT,F I,7,94.81
2025-10-23,9:51:20.356627055,T,TGT,F I,27,94.82
2025-10-23,9:51:20.413245938,T,TGT,I,9,94.81
2025-10-23,9:51:20.413248955,T,TGT,,100,94.81
2025-10-23,9:51:21.200774166,T,TGT,I,75,94.835
2025-10-23,9:51:22.267869380,T,TGT,,100,94.84
2025-10-23,9:51:22.267869380,T,TGT,I,46,94.84
2025-10-23,9:51:23.637109581,T,TGT,F I,40,94.85
2025-10-23,9:51:23.939079981,T,TGT,I,12,94.85
2025-10-23,9:51:23.939152851,T,TGT,I,14,94.84
2025-10-23,9:51:23.939152851,T,TGT,I,51,94.84
2025-10-23,9:51:23.939155196,T,TGT,I,27,94.84
2025-10-23,9:51:23.939158265,T,TGT,I,43,94.84
2025-10-23,9:51:23.939158265,T,TGT,I,11,94.84
2025-10-23,9:51:23.939161122,T,TGT,I,10,94.84
2025-10-23,9:51:23.949665099,T,TGT,I,16,94.85
2025-10-23,9:51:25.500901852,T,TGT,I,25,94.865
2025-10-23,9:51:25.612536824,T,TGT,I,7,94.87
2025-10-23,9:51:26.396276234,T,TGT,F I,1,94.85
2025-10-23,9:51:26.396276234,T,TGT,F I,16,94.85
2025-10-23,9:51:26.396886463,T,TGT,F I,53,94.84
2025-10-23,9:51:26.396907983,T,TGT,I,1,94.84
2025-10-23,9:51:26.396910576,T,TGT,I,46,94.84
2025-10-23,9:51:26.397737503,T,TGT,F I,25,94.84
2025-10-23,9:51:26.397740519,T,TGT,F,100,94.84
2025-10-23,9:51:28.797944867,T,TGT,I,16,94.86
2025-10-23,9:51:30.809758769,T,TGT,I,18,94.865
2025-10-23,9:51:30.839926669,T,TGT,I,13,94.87
2025-10-23,9:51:30.839929611,T,TGT,I,5,94.87
2025-10-23,9:51:30.892588104,T,TGT,I,5,94.875
2025-10-23,9:51:31.007948910,T,TGT,I,2,94.875
2025-10-23,9:51:42.235548813,T,TGT,I,3,94.88
2025-10-23,9:51:42.235566764,T,TGT,F I,1,94.88
2025-10-23,9:51:43.588228369,T,TGT,I,28,94.88
2025-10-23,9:51:52.406896988,T,TGT,I,14,94.88
2025-10-23,9:51:52.519458231,T,TGT,F I,6,94.89
2025-10-23,9:51:52.519461179,T,TGT,F I,60,94.89
2025-10-23,9:51:53.320918604,T,TGT,I,20,94.89
2025-10-23,9:51:53.321523078,T,TGT,I,2,94.89
2025-10-23,9:51:58.250848635,T,TGT,,100,94.86
2025-10-23,9:51:58.250851663,T,TGT,I,17,94.86
2025-10-23,9:51:58.251158600,T,TGT,F I,1,94.84
2025-10-23,9:51:58.251158600,T,TGT,F I,40,94.84
2025-10-23,9:51:58.251161706,T,TGT,F,100,94.84
2025-10-23,9:51:58.251164437,T,TGT,F I,11,94.84
2025-10-23,9:51:58.251164437,T,TGT,F I,25,94.84
2025-10-23,9:51:58.251203437,T,TGT,I,8,94.83
2025-10-23,9:51:58.256920049,T,TGT,F I,11,94.82
2025-10-23,9:51:58.256923185,T,TGT,F I,90,94.82
2025-10-23,9:51:58.256938123,T,TGT,I,1,94.82
2025-10-23,9:51:58.256941139,T,TGT,I,1,94.82
2025-10-23,9:51:58.256965253,T,TGT,F I,8,94.82
2025-10-23,9:51:58.257542580,T,TGT,I,3,94.81
2025-10-23,9:51:58.257546393,T,TGT,I,3,94.81
2025-10-23,9:51:58.257546393,T,TGT,I,3,94.81
2025-10-23,9:51:58.257548661,T,TGT,I,2,94.81
2025-10-23,9:52:00.000143091,T,TGT,F I,6,94.79
2025-10-23,9:52:00.000239381,T,TGT,F I,2,94.79
2025-10-23,9:52:00.000410753,T,TGT,F I,75,94.795
2025-10-23,9:52:00.201556914,T,TGT,,100,94.81
2025-10-23,9:52:00.201559962,T,TGT,I,10,94.81
2025-10-23,9:52:04.169750683,T,TGT,I,10,94.76
2025-10-23,9:52:05.559057678,T,TGT,F I,5,94.72
2025-10-23,9:52:08.466763090,T,TGT,,100,94.69
2025-10-23,9:52:16.073409101,T,TGT,I,17,94.61
2025-10-23,9:52:16.073424923,T,TGT,F I,43,94.61
2025-10-23,9:52:18.433446764,T,TGT,F I,10,94.59
2025-10-23,9:52:18.433449736,T,TGT,F I,10,94.59
2025-10-23,9:52:18.433467803,T,TGT,I,15,94.59
2025-10-23,9:52:18.433470764,T,TGT,I,20,94.59
2025-10-23,9:52:18.468814018,T,TGT,F I,60,94.58
2025-10-23,9:52:18.468814018,T,TGT,F I,23,94.58
2025-10-23,9:52:25.008741768,T,TGT,F I,6,94.59
2025-10-23,9:52:25.008741768,T,TGT,F I,3,94.59
2025-10-23,9:52:25.008743979,T,TGT,F I,17,94.59
2025-10-23,9:52:25.008747682,T,TGT,F,100,94.59
2025-10-23,9:52:25.008750046,T,TGT,F I,10,94.59
2025-10-23,9:52:25.507536297,T,TGT,F I,27,94.58
2025-10-23,9:52:25.507581974,T,TGT,F I,8,94.57
2025-10-23,9:52:38.034017699,T,TGT,F I,15,94.565
2025-10-23,9:52:48.399532468,T,TGT,F,100,94.54
2025-10-23,9:52:48.399535585,T,TGT,F I,19,94.54
2025-10-23,9:52:48.504160853,T,TGT,I,52,94.55
2025-10-23,9:52:48.508292670,T,TGT,,100,94.55
2025-10-23,9:53:00.191715221,T,TGT,F I,6,94.52
2025-10-23,9:53:00.191992068,T,TGT,F I,10,94.51
2025-10-23,9:53:00.191994978,T,TGT,F,100,94.51
2025-10-23,9:53:00.191998417,T,TGT,F I,11,94.51
2025-10-23,9:53:00.209797781,T,TGT,F I,23,94.52
2025-10-23,9:53:00.209797781,T,TGT,F I,25,94.52
2025-10-23,9:53:00.209800316,T,TGT,F I,1,94.52
2025-10-23,9:53:00.209803396,T,TGT,F,100,94.52
2025-10-23,9:53:00.209803396,T,TGT,F I,69,94.52
2025-10-23,9:53:06.117849824,T,TGT,I,21,94.51
2025-10-23,9:53:06.117849824,T,TGT,I,23,94.51
2025-10-23,9:53:06.117853109,T,TGT,I,22,94.51
2025-10-23,9:53:06.117853109,T,TGT,I,17,94.51
2025-10-23,9:53:06.117858851,T,TGT,I,26,94.51
2025-10-23,9:53:06.117858851,T,TGT,I,4,94.51
2025-10-23,9:53:06.117861792,T,TGT,,100,94.51
2025-10-23,9:53:06.118502352,T,TGT,F I,1,94.5
2025-10-23,9:53:06.141071157,T,TGT,I,17,94.5
2025-10-23,9:53:06.141092213,T,TGT,I,1,94.5
2025-10-23,9:53:06.866907364,T,TGT,F I,29,94.5
2025-10-23,9:53:07.273388796,T,TGT,F I,1,94.49
2025-10-23,9:53:07.543552344,T,TGT,F I,7,94.48
2025-10-23,9:53:08.345488019,T,TGT,F I,7,94.45
2025-10-23,9:53:08.413317439,T,TGT,I,4,94.42
2025-10-23,9:53:15.374815626,T,TGT,I,4,94.48
2025-10-23,9:53:17.525091376,T,TGT,F I,32,94.42
2025-10-23,9:53:17.525413116,T,TGT,F I,12,94.41
2025-10-23,9:53:29.903493833,T,TGT,I,7,94.43
2025-10-23,9:53:29.903521033,T,TGT,F I,20,94.44
2025-10-23,9:53:29.903521033,T,TGT,F I,38,94.44
2025-10-23,9:53:29.903562966,T,TGT,I,20,94.45
2025-10-23,9:53:30.066707582,T,TGT,F I,13,94.44
2025-10-23,9:53:48.485126054,T,TGT,I,4,94.38
2025-10-23,9:53:50.874676580,T,TGT,I,3,94.39
2025-10-23,9:53:50.874679040,T,TGT,I,21,94.39
2025-10-23,9:53:50.874679040,T,TGT,I,27,94.39
2025-10-23,9:53:50.874681903,T,TGT,I,32,94.39
2025-10-23,9:53:50.874693867,T,TGT,F I,1,94.39
2025-10-23,9:53:50.874723927,T,TGT,I,67,94.39
2025-10-23,9:53:50.875280322,T,TGT,I,18,94.39
2025-10-23,9:53:50.875283290,T,TGT,I,18,94.39
2025-10-23,9:53:50.875289403,T,TGT,I,20,94.39
2025-10-23,9:53:50.875289403,T,TGT,I,12,94.39
2025-10-23,9:53:50.875304326,T,TGT,I,1,94.39
2025-10-23,9:53:50.883616109,T,TGT,I,8,94.39
2025-10-23,9:53:57.958676840,T,TGT,F I,1,94.37
2025-10-23,9:54:00.135478837,T,TGT,F I,5,94.36
2025-10-23,9:54:00.135482513,T,TGT,F I,10,94.36
2025-10-23,9:54:00.135485542,T,TGT,F I,12,94.36
2025-10-23,9:54:00.135485542,T,TGT,F I,20,94.36
2025-10-23,9:54:00.204854235,T,TGT,F I,8,94.33
2025-10-23,9:54:00.204854235,T,TGT,F I,13,94.33
2025-10-23,9:54:00.204941408,T,TGT,F I,13,94.32
2025-10-23,9:54:07.713030635,T,TGT,F I,1,94.31
2025-10-23,9:54:10.303356795,T,TGT,F I,10,94.31
2025-10-23,9:54:11.759555043,T,TGT,F I,9,94.3
2025-10-23,9:54:11.759555043,T,TGT,F I,20,94.3
2025-10-23,9:54:11.759558410,T,TGT,F I,13,94.3
2025-10-23,9:54:11.759804692,T,TGT,F I,6,94.29
2025-10-23,9:54:11.759804692,T,TGT,F I,10,94.29
2025-10-23,9:54:11.759810705,T,TGT,F,100,94.29
2025-10-23,9:54:11.759813674,T,TGT,F,100,94.29
2025-10-23,9:54:11.759813674,T,TGT,F I,5,94.29
2025-10-23,9:54:11.759813674,T,TGT,F I,11,94.29
2025-10-23,9:54:11.772368593,T,TGT,F I,11,94.28
2025-10-23,9:54:12.031989148,T,TGT,F I,10,94.29
2025-10-23,9:54:12.032897330,T,TGT,F I,11,94.29
2025-10-23,9:54:12.132542844,T,TGT,F I,1,94.32
2025-10-23,9:54:12.132551698,T,TGT,F I,24,94.32
2025-10-23,9:54:12.132551698,T,TGT,F,100,94.32
2025-10-23,9:54:12.132608854,T,TGT,F I,80,94.33
2025-10-23,9:54:12.849053853,T,TGT,F I,12,94.33
2025-10-23,9:54:12.849065890,T,TGT,F I,84,94.33
2025-10-23,9:54:12.849083934,T,TGT,F I,4,94.33
2025-10-23,9:54:12.849083934,T,TGT,F I,3,94.34
2025-10-23,9:54:12.849086903,T,TGT,F I,5,94.34
2025-10-23,9:54:12.849104936,T,TGT,F I,4,94.34
2025-10-23,9:54:13.654594944,T,TGT,F I,4,94.36
2025-10-23,9:54:13.654838512,T,TGT,F I,1,94.37
2025-10-23,9:54:20.559031966,T,TGT,I,75,94.335
2025-10-23,9:54:23.414605116,T,TGT,,100,94.35
2025-10-23,9:54:23.414734487,T,TGT,,255,94.355
2025-10-23,9:54:23.414734487,T,TGT,I,45,94.355
2025-10-23,9:54:35.937150141,T,TGT,F I,5,94.36
2025-10-23,9:54:36.980149047,T,TGT,I,36,94.36
2025-10-23,9:54:42.714985973,T,TGT,F I,75,94.35
2025-10-23,9:54:46.590312582,T,TGT,F I,75,94.38
2025-10-23,9:54:46.590312582,T,TGT,F I,25,94.38
2025-10-23,9:54:46.591515415,T,TGT,I,17,94.38
2025-10-23,9:54:49.759935857,T,TGT,F I,4,94.39
2025-10-23,9:54:49.759938868,T,TGT,F I,5,94.39
2025-10-23,9:54:51.066157838,T,TGT,F I,37,94.43
2025-10-23,9:54:58.110082239,T,TGT,I,93,94.4
2025-10-23,9:55:09.508380347,T,TGT,F I,53,94.39
2025-10-23,9:55:09.508401335,T,TGT,F I,47,94.39
2025-10-23,9:55:09.508401335,T,TGT,F I,2,94.39
2025-10-23,9:55:16.999509381,T,TGT,I,1,94.37
2025-10-23,9:55:16.999509381,T,TGT,I,27,94.37
2025-10-23,9:55:16.999515300,T,TGT,I,22,94.37
2025-10-23,9:55:19.816650846,T,TGT,F I,75,94.365
2025-10-23,9:55:19.816808078,T,TGT,F I,25,94.365
2025-10-23,9:55:19.816810261,T,TGT,F I,27,94.38
2025-10-23,9:55:19.818975371,T,TGT,F I,1,94.39
2025-10-23,9:55:19.818978406,T,TGT,F I,1,94.39
2025-10-23,9:55:19.818984412,T,TGT,F,100,94.39
2025-10-23,9:55:19.818984412,T,TGT,F,100,94.39
2025-10-23,9:55:19.818987737,T,TGT,F,100,94.39
2025-10-23,9:55:19.818987737,T,TGT,F I,50,94.39
2025-10-23,9:55:19.818987737,T,TGT,F,100,94.39
2025-10-23,9:55:19.819327306,T,TGT,F I,6,94.41
2025-10-23,9:55:36.152066676,T,TGT,I,10,94.37
2025-10-23,9:55:36.152088076,T,TGT,F I,90,94.37
2025-10-23,9:55:36.152090736,T,TGT,F I,5,94.37
2025-10-23,9:55:36.152093668,T,TGT,F I,10,94.37
2025-10-23,9:55:36.152093668,T,TGT,F I,19,94.37
2025-10-23,9:55:38.538305710,T,TGT,F I,20,94.34
2025-10-23,9:56:01.184769733,T,TGT,F,100,94.32
2025-10-23,9:56:01.184881075,T,TGT,F I,1,94.31
2025-10-23,9:56:01.184881075,T,TGT,F I,10,94.31
2025-10-23,9:56:01.184926142,T,TGT,F I,5,94.3
2025-10-23,9:56:01.186146999,T,TGT,F I,19,94.29
2025-10-23,9:56:01.186146999,T,TGT,F I,1,94.29
2025-10-23,9:56:01.186670224,T,TGT,F I,5,94.28
2025-10-23,9:56:01.208583953,T,TGT,F I,39,94.275
2025-10-23,9:56:01.208586497,T,TGT,F I,20,94.275
2025-10-23,9:56:01.208589468,T,TGT,F I,41,94.275
2025-10-23,9:56:01.208592694,T,TGT,F I,34,94.27
2025-10-23,9:56:01.208607470,T,TGT,F I,66,94.27
2025-10-23,9:56:01.208607470,T,TGT,F I,24,94.26
2025-10-23,9:56:01.208628619,T,TGT,F I,15,94.26
2025-10-23,9:56:02.152932242,T,TGT,F I,20,94.24
2025-10-23,9:56:02.244665827,T,TGT,I,99,94.23
2025-10-23,9:56:02.302156818,T,TGT,I,6,94.23
2025-10-23,9:56:02.324689629,T,TGT,F I,1,94.22
2025-10-23,9:56:02.324692804,T,TGT,F I,1,94.22
2025-10-23,9:56:02.324695445,T,TGT,F I,1,94.22
2025-10-23,9:56:02.324695445,T,TGT,F I,1,94.22
2025-10-23,9:56:02.324699269,T,TGT,F I,75,94.22
2025-10-23,9:56:02.324701506,T,TGT,F I,20,94.22
2025-10-23,9:56:02.324704523,T,TGT,F I,95,94.21
2025-10-23,9:56:03.253617607,T,TGT,F I,1,94.2
2025-10-23,9:56:03.253620665,T,TGT,F I,1,94.2
2025-10-23,9:56:03.253623968,T,TGT,F I,2,94.2
2025-10-23,9:56:03.253623968,T,TGT,F I,75,94.2
2025-10-23,9:56:03.253626616,T,TGT,F I,25,94.18
2025-10-23,9:56:03.253626616,T,TGT,F I,20,94.18
2025-10-23,9:56:03.253629611,T,TGT,F I,76,94.18
2025-10-23,9:56:03.261370001,T,TGT,F I,59,94.19
2025-10-23,9:56:06.662710413,T,TGT,F,100,94.19
2025-10-23,9:56:06.662710413,T,TGT,F I,24,94.18
2025-10-23,9:56:06.662713344,T,TGT,F I,20,94.18
2025-10-23,9:56:06.662713344,T,TGT,F,130,94.18
2025-10-23,9:56:06.662752625,T,TGT,F I,20,94.18
2025-10-23,9:56:06.670691471,T,TGT,F I,25,94.18
2025-10-23,9:56:06.670691471,T,TGT,F,100,94.18
2025-10-23,9:56:07.549255449,T,TGT,F I,11,94.19
2025-10-23,9:56:07.683402622,T,TGT,F I,20,94.2
2025-10-23,9:56:07.683402622,T,TGT,F,100,94.19
2025-10-23,9:56:07.683408108,T,TGT,F I,20,94.17
2025-10-23,9:56:07.683408108,T,TGT,F,100,94.17
2025-10-23,9:56:07.683411028,T,TGT,F,150,94.17
2025-10-23,9:56:07.683411028,T,TGT,F I,20,94.16
2025-10-23,9:56:07.683414240,T,TGT,F I,20,94.16
2025-10-23,9:56:07.683417256,T,TGT,F I,11,94.15
2025-10-23,9:56:07.683417256,T,TGT,F I,20,94.15
2025-10-23,9:56:07.683420617,T,TGT,F,100,94.15
2025-10-23,9:56:07.683423935,T,TGT,F I,25,94.14
2025-10-23,9:56:07.683423935,T,TGT,F I,20,94.14
2025-10-23,9:56:07.683423935,T,TGT,F I,25,94.14
2025-10-23,9:56:07.683619115,T,TGT,I,44,94.18
2025-10-23,9:56:07.683619115,T,TGT,I,20,94.18
2025-10-23,9:56:07.683621685,T,TGT,I,25,94.18
2025-10-23,9:56:07.683621685,T,TGT,I,11,94.18
2025-10-23,9:56:07.683639706,T,TGT,I,1,94.18
2025-10-23,9:56:07.683639706,T,TGT,I,8,94.18
2025-10-23,9:56:13.742468190,T,TGT,I,5,94.21
2025-10-23,9:56:13.742483814,T,TGT,I,4,94.21
2025-10-23,9:56:13.742483814,T,TGT,I,4,94.21
2025-10-23,9:56:13.742486204,T,TGT,I,3,94.21
2025-10-23,9:56:13.754232154,T,TGT,I,58,94.21
2025-10-23,9:56:13.754263404,T,TGT,F I,42,94.21
2025-10-23,9:56:13.754265369,T,TGT,F,286,94.21
2025-10-23,9:56:13.754268213,T,TGT,F,100,94.21
2025-10-23,9:56:13.754268213,T,TGT,F I,44,94.21
2025-10-23,9:56:19.415534697,T,TGT,F I,75,94.16
2025-10-23,9:56:26.305209910,T,TGT,F I,5,94.15
2025-10-23,9:56:26.305212850,T,TGT,F I,1,94.15
2025-10-23,9:56:26.305212850,T,TGT,F I,2,94.15
2025-10-23,9:56:26.305510936,T,TGT,F I,9,94.14
2025-10-23,9:56:26.305513524,T,TGT,F I,20,94.14
2025-10-23,9:56:27.736105865,T,TGT,F I,9,94.13
2025-10-23,9:56:31.004881582,T,TGT,I,1,94.11
2025-10-23,9:56:40.528444716,T,TGT,I,46,94.09
2025-10-23,9:56:40.528471817,T,TGT,F I,26,94.09
2025-10-23,9:56:40.528471817,T,TGT,F I,8,94.09
2025-10-23,9:56:41.711736806,T,TGT,F I,10,94.06
2025-10-23,9:56:41.711766837,T,TGT,F I,72,94.05
2025-10-23,9:56:41.712229903,T,TGT,F I,5,94.04
2025-10-23,9:56:42.285705857,T,TGT,I,1,94.0
2025-10-23,9:56:42.285711499,T,TGT,I,53,94.0
2025-10-23,9:56:42.285714855,T,TGT,,300,94.0
2025-10-23,9:56:42.285714855,T,TGT,I,7,94.0
2025-10-23,9:56:42.300608972,T,TGT,,100,93.975
2025-10-23,9:56:50.209745438,T,TGT,I,6,93.99
2025-10-23,9:56:50.209766577,T,TGT,I,1,93.99
2025-10-23,9:56:50.210259687,T,TGT,F I,72,93.99
2025-10-23,9:56:52.869080069,T,TGT,I,75,93.975
2025-10-23,9:56:54.335941693,T,TGT,F I,19,93.97
2025-10-23,9:57:00.204128892,T,TGT,F I,49,93.96
2025-10-23,9:57:00.204606979,T,TGT,F I,1,93.95
2025-10-23,9:57:00.204609555,T,TGT,F I,2,93.95
2025-10-23,9:57:00.204612301,T,TGT,F I,5,93.95
2025-10-23,9:57:00.214743618,T,TGT,F I,10,93.94
2025-10-23,9:57:00.214743618,T,TGT,F I,3,93.94
2025-10-23,9:57:00.242704432,T,TGT,F I,7,93.95
2025-10-23,9:57:00.242707116,T,TGT,F I,49,93.95
2025-10-23,9:57:00.245807499,T,TGT,I,40,93.95
2025-10-23,9:57:01.553845769,T,TGT,I,20,93.94
2025-10-23,9:57:01.553866810,T,TGT,I,18,93.94
2025-10-23,9:57:01.553866810,T,TGT,I,1,93.94
2025-10-23,9:57:04.027813101,T,TGT,I,3,93.93
2025-10-23,9:57:04.027813101,T,TGT,I,2,93.93
2025-10-23,9:57:04.027815746,T,TGT,I,45,93.93
2025-10-23,9:57:04.103698575,T,TGT,,150,93.925
2025-10-23,9:57:04.103716539,T,TGT,F,488,93.93
2025-10-23,9:57:07.008492969,T,TGT,F I,3,93.93
2025-10-23,9:57:12.080520564,T,TGT,F I,15,93.9
2025-10-23,9:57:12.080523650,T,TGT,F,100,93.9
2025-10-23,9:57:12.112540846,T,TGT,F I,20,93.87
2025-10-23,9:57:12.112565226,T,TGT,F I,5,93.87
2025-10-23,9:57:12.112568092,T,TGT,F I,75,93.87
2025-10-23,9:57:12.112570934,T,TGT,F I,20,93.87
2025-10-23,9:57:15.850948566,T,TGT,F I,1,93.84
2025-10-23,9:57:15.850951371,T,TGT,F I,1,93.84
2025-10-23,9:57:17.393650571,T,TGT,I,75,93.855
2025-10-23,9:57:27.544902053,T,TGT,F I,5,93.89
2025-10-23,9:57:28.476647800,T,TGT,F I,75,93.94
2025-10-23,9:57:28.476656815,T,TGT,I,25,93.94
2025-10-23,9:57:29.021449761,T,TGT,F I,1,93.95
2025-10-23,9:57:29.021551988,T,TGT,I,1,93.96
2025-10-23,9:57:29.021551988,T,TGT,I,1,93.96
2025-10-23,9:57:29.021555078,T,TGT,I,1,93.96
2025-10-23,9:57:43.064041361,T,TGT,F I,3,93.97
2025-10-23,9:57:43.064098139,T,TGT,F I,20,93.98
2025-10-23,9:57:50.884809219,T,TGT,I,17,94.0
2025-10-23,9:57:50.885374770,T,TGT,F I,13,94.01
2025-10-23,9:57:50.885374770,T,TGT,F I,5,94.01
2025-10-23,9:57:50.885404800,T,TGT,F,100,94.02
2025-10-23,9:57:50.885425598,T,TGT,,100,94.02
2025-10-23,9:57:50.885437676,T,TGT,F,100,94.04
2025-10-23,9:57:50.885437676,T,TGT,F I,20,94.04
2025-10-23,9:57:50.887046525,T,TGT,F I,18,94.02
2025-10-23,9:57:50.888598219,T,TGT,F I,18,94.03
2025-10-23,9:57:50.888646407,T,TGT,F I,18,94.04
2025-10-23,9:57:50.890432584,T,TGT,I,18,94.04
2025-10-23,9:57:50.912150413,T,TGT,I,18,94.01
2025-10-23,9:57:50.912150413,T,TGT,I,25,94.01
2025-10-23,9:57:50.912153265,T,TGT,F I,43,94.01
2025-10-23,9:57:51.380416854,T,TGT,I,75,94.035
2025-10-23,9:57:51.380461949,T,TGT,F I,75,94.035
2025-10-23,9:57:54.269402648,T,TGT,F I,18,94.07
2025-10-23,9:57:54.269568047,T,TGT,I,11,94.09
2025-10-23,9:58:04.821229300,T,TGT,I,26,94.06
2025-10-23,9:58:10.179102919,T,TGT,I,11,94.055
2025-10-23,9:58:10.179151226,T,TGT,I,2,94.055
2025-10-23,9:58:10.179151226,T,TGT,I,1,94.055
2025-10-23,9:58:10.179154858,T,TGT,I,19,94.05
2025-10-23,9:58:10.179154858,T,TGT,I,13,94.05
2025-10-23,9:58:14.661501772,T,TGT,I,10,94.045
2025-10-23,9:58:14.661530930,T,TGT,F I,1,94.07
2025-10-23,9:58:14.661530930,T,TGT,F I,1,94.07
2025-10-23,9:58:21.626520339,T,TGT,I,8,94.13
2025-10-23,9:58:21.626541305,T,TGT,F I,2,94.13
2025-10-23,9:58:31.723582913,T,TGT,F I,31,94.12
2025-10-23,9:58:31.924903579,T,TGT,I,24,94.11
2025-10-23,9:58:31.924906594,T,TGT,,100,94.11
2025-10-23,9:58:31.925929004,T,TGT,F I,22,94.09
2025-10-23,9:58:31.951937935,T,TGT,I,60,94.065
2025-10-23,9:58:32.583280130,T,TGT,F I,75,94.06
2025-10-23,9:58:32.583349907,T,TGT,F I,25,94.06
2025-10-23,9:58:37.658293824,T,TGT,,100,94.06
2025-10-23,9:58:45.953634611,T,TGT,F I,20,94.06
2025-10-23,9:58:45.953637675,T,TGT,F I,72,94.05
2025-10-23,9:59:03.530076883,T,TGT,F I,8,94.03
2025-10-23,9:59:03.530128272,T,TGT,F I,13,94.03
2025-10-23,9:59:03.530128272,T,TGT,F I,19,94.03
2025-10-23,9:59:05.572413535,T,TGT,F I,34,94.01
2025-10-23,9:59:05.572413535,T,TGT,F I,17,94.01
2025-10-23,9:59:07.518566082,T,TGT,F,100,93.97
2025-10-23,9:59:07.518569012,T,TGT,F I,11,93.97
2025-10-23,9:59:07.518575126,T,TGT,F I,5,93.97
2025-10-23,9:59:08.531730786,T,TGT,I,1,93.955
2025-10-23,9:59:12.177701011,T,TGT,,100,93.955
2025-10-23,9:59:13.387203519,T,TGT,F I,22,93.92
2025-10-23,9:59:13.387937247,T,TGT,I,78,93.92
2025-10-23,9:59:13.389191440,T,TGT,F I,1,93.91
2025-10-23,9:59:13.389191440,T,TGT,F I,10,93.91
2025-10-23,9:59:13.391172984,T,TGT,F I,30,93.9
2025-10-23,9:59:25.095775718,T,TGT,F I,22,93.94
2025-10-23,9:59:25.095778217,T,TGT,F I,16,93.94
2025-10-23,9:59:25.645144975,T,TGT,I,6,93.97
2025-10-23,9:59:33.777488567,T,TGT,,100,93.97
2025-10-23,9:59:33.786073995,T,TGT,,200,93.98
2025-10-23,9:59:37.644482283,T,TGT,I,10,93.975
2025-10-23,9:59:37.645538030,T,TGT,F I,5,94.01
2025-10-23,9:59:37.645538030,T,TGT,F I,2,94.01
2025-10-23,9:59:37.645682129,T,TGT,F I,3,94.0
2025-10-23,9:59:37.645685181,T,TGT,F I,12,94.0
2025-10-23,9:59:39.133729214,T,TGT,F I,4,93.96
2025-10-23,9:59:39.137064180,T,TGT,,100,93.965
2025-10-23,9:59:49.902492918,T,TGT,F I,12,93.95
2025-10-23,9:59:49.902495898,T,TGT,F I,1,93.95
2025-10-23,9:59:49.902595162,T,TGT,F I,1,93.95
2025-10-23,9:59:49.914290098,T,TGT,I,3,93.94
2025-10-23,9:59:49.914292955,T,TGT,I,10,93.94
2025-10-23,9:59:55.682388831,T,TGT,I,5,93.92
2025-10-23,9:59:55.682391863,T,TGT,I,50,93.92
2025-10-23,10:00:00.267385275,T,TGT,F I,19,93.9
2025-10-23,10:00:10.080273401,T,TGT,F I,75,93.94
2025-10-23,10:00:10.080321528,T,TGT,F I,25,93.94
2025-10-23,10:00:10.085695423,T,TGT,I,5,93.95
2025-10-23,10:00:10.085698639,T,TGT,I,1,93.95
2025-10-23,10:00:10.085698639,T,TGT,I,2,93.95
2025-10-23,10:00:12.040018328,T,TGT,I,2,93.99
2025-10-23,10:00:12.042866150,T,TGT,I,2,93.99
2025-10-23,10:00:12.149885163,T,TGT,I,2,93.99
2025-10-23,10:00:12.152769164,T,TGT,I,2,93.99
2025-10-23,10:00:12.155619828,T,TGT,I,2,93.99
2025-10-23,10:00:12.158494632,T,TGT,I,2,93.99
2025-10-23,10:00:12.161333416,T,TGT,I,2,93.99
2025-10-23,10:00:13.259883585,T,TGT,I,2,93.99
2025-10-23,10:00:13.262803608,T,TGT,I,2,93.99
2025-10-23,10:00:13.265642382,T,TGT,I,2,93.99
2025-10-23,10:00:13.268709672,T,TGT,I,2,93.99
2025-10-23,10:00:13.271554395,T,TGT,I,1,93.99
2025-10-23,10:00:13.274387162,T,TGT,I,1,93.99
2025-10-23,10:00:13.277219929,T,TGT,I,1,93.99
2025-10-23,10:00:13.280058668,T,TGT,I,1,93.99
2025-10-23,10:00:30.723936381,T,TGT,F I,2,93.92
2025-10-23,10:00:30.727794804,T,TGT,F I,5,93.91
2025-10-23,10:00:30.727797631,T,TGT,F I,4,93.91
2025-10-23,10:00:30.727797631,T,TGT,F I,16,93.9
2025-10-23,10:00:33.033312370,T,TGT,F I,75,93.9
2025-10-23,10:00:42.130895401,T,TGT,F I,14,93.88
2025-10-23,10:00:42.131054693,T,TGT,I,2,93.87
2025-10-23,10:00:42.131057900,T,TGT,I,1,93.87
2025-10-23,10:00:42.131057900,T,TGT,I,23,93.87
2025-10-23,10:00:42.131105906,T,TGT,F I,2,93.87
2025-10-23,10:00:42.131842560,T,TGT,F,271,93.86
2025-10-23,10:00:42.131842560,T,TGT,F I,87,93.86
2025-10-23,10:00:42.849727935,T,TGT,F,100,93.83
2025-10-23,10:00:42.850305260,T,TGT,F,100,93.82
2025-10-23,10:00:42.850308240,T,TGT,I,45,93.84
2025-10-23,10:00:42.871544868,T,TGT,F,100,93.83
2025-10-23,10:00:42.871547836,T,TGT,F,100,93.82
2025-10-23,10:00:42.871547836,T,TGT,F,100,93.82
2025-10-23,10:00:42.871568968,T,TGT,F,100,93.82
2025-10-23,10:00:42.871629073,T,TGT,,100,93.82
2025-10-23,10:00:42.871641053,T,TGT,F I,1,93.81
2025-10-23,10:00:51.518657902,T,TGT,,100,93.84
2025-10-23,10:00:51.518660759,T,TGT,I,53,93.84
2025-10-23,10:00:51.518682493,T,TGT,I,16,93.84
2025-10-23,10:00:51.518684874,T,TGT,I,1,93.84
2025-10-23,10:00:51.518688350,T,TGT,F I,4,93.84
2025-10-23,10:00:51.518691207,T,TGT,F I,16,93.84
2025-10-23,10:00:51.518694222,T,TGT,F,499,93.84
2025-10-23,10:00:55.044933736,T,TGT,F I,25,93.81
2025-10-23,10:00:55.044933736,T,TGT,F I,30,93.8
2025-10-23,10:00:55.044936746,T,TGT,F,100,93.8
2025-10-23,10:00:55.044939738,T,TGT,F I,25,93.8
2025-10-23,10:00:55.054030408,T,TGT,F I,1,93.79
2025-10-23,10:00:55.054797621,T,TGT,I,3,93.8
2025-10-23,10:00:55.054797621,T,TGT,I,33,93.8
2025-10-23,10:00:55.055103942,T,TGT,,100,93.81
2025-10-23,10:00:55.059172697,T,TGT,F I,57,93.8
2025-10-23,10:00:55.083939655,T,TGT,I,60,93.79
2025-10-23,10:00:55.083939655,T,TGT,I,27,93.79
2025-10-23,10:00:55.100196360,T,TGT,F I,77,93.795
2025-10-23,10:00:55.100239419,T,TGT,I,23,93.795
2025-10-23,10:00:55.100239419,T,TGT,I,6,93.79
2025-10-23,10:00:55.100242212,T,TGT,I,36,93.79
2025-10-23,10:00:55.100242212,T,TGT,I,29,93.79
2025-10-23,10:00:55.100244787,T,TGT,I,3,93.79
2025-10-23,10:00:55.100247531,T,TGT,I,3,93.79
2025-10-23,10:00:55.117259113,T,TGT,F I,35,93.78
2025-10-23,10:01:09.049565131,T,TGT,F I,10,93.82
2025-10-23,10:01:09.049568099,T,TGT,F I,20,93.82
2025-10-23,10:01:11.657317826,T,TGT,I,40,93.85
2025-10-23,10:01:11.657317826,T,TGT,I,45,93.85
2025-10-23,10:01:11.657756913,T,TGT,I,8,93.84
2025-10-23,10:01:11.658132811,T,TGT,F I,10,93.85
2025-10-23,10:01:11.773607873,T,TGT,I,75,93.83
2025-10-23,10:01:15.585366039,T,TGT,F I,75,93.85
2025-10-23,10:01:15.585411150,T,TGT,F I,25,93.85
2025-10-23,10:01:17.498063858,T,TGT,F I,5,93.86
2025-10-23,10:01:17.498063858,T,TGT,F I,20,93.86
2025-10-23,10:01:18.327244393,T,TGT,I,40,93.87
2025-10-23,10:01:26.793774124,T,TGT,F I,75,93.85
2025-10-23,10:01:29.693549674,T,TGT,I,25,93.83
2025-10-23,10:01:29.694346775,T,TGT,F I,27,93.83
2025-10-23,10:01:29.701064779,T,TGT,F I,27,93.82
2025-10-23,10:01:29.708543477,T,TGT,F,100,93.82
2025-10-23,10:01:30.487934341,T,TGT,F I,5,93.82
2025-10-23,10:01:30.487937370,T,TGT,F I,2,93.82
2025-10-23,10:01:43.664062355,T,TGT,I,69,93.85
2025-10-23,10:01:48.858499803,T,TGT,F I,22,93.83
2025-10-23,10:01:55.384671752,T,TGT,F,100,93.83
2025-10-23,10:01:55.384671752,T,TGT,F I,19,93.82
2025-10-23,10:01:55.384675288,T,TGT,F I,10,93.82
2025-10-23,10:01:55.384677703,T,TGT,F I,75,93.82
2025-10-23,10:01:55.384677703,T,TGT,F I,20,93.82
2025-10-23,10:01:55.385369312,T,TGT,F,250,93.82
2025-10-23,10:01:55.385372292,T,TGT,,104,93.82
2025-10-23,10:01:55.385375365,T,TGT,F,28151,93.82
2025-10-23,10:01:55.385547175,T,TGT,F I,24,93.82
2025-10-23,10:01:55.385558760,T,TGT,F I,5,93.82
2025-10-23,10:01:55.385570804,T,TGT,F I,20,93.82
2025-10-23,10:01:55.385745329,T,TGT,F I,24,93.82
2025-10-23,10:01:55.385757233,T,TGT,F I,25,93.82
2025-10-23,10:01:55.385919648,T,TGT,I,26,93.83
2025-10-23,10:01:55.386412895,T,TGT,I,23,93.83
2025-10-23,10:01:55.415723662,T,TGT,I,1,93.88
2025-10-23,10:02:04.199151114,T,TGT,F I,32,93.86
2025-10-23,10:02:04.199163402,T,TGT,F I,6,93.86
2025-10-23,10:02:04.199166735,T,TGT,F I,20,93.85
2025-10-23,10:02:04.199166735,T,TGT,F I,12,93.85
2025-10-23,10:02:04.199590141,T,TGT,F I,9,93.84
2025-10-23,10:02:04.199599219,T,TGT,F I,38,93.84
2025-10-23,10:02:04.206615556,T,TGT,F I,3,93.83
2025-10-23,10:02:04.206617847,T,TGT,F I,22,93.83
2025-10-23,10:02:04.209688251,T,TGT,,100,93.83
2025-10-23,10:02:04.211068514,T,TGT,F I,1,93.82
2025-10-23,10:02:07.375756928,T,TGT,I,1,93.84
2025-10-23,10:02:08.662624739,T,TGT,I,5,93.85
2025-10-23,10:02:11.198614427,T,TGT,F I,75,93.85
2025-10-23,10:02:12.529083090,T,TGT,I,50,93.85
2025-10-23,10:02:12.529086727,T,TGT,I,20,93.84
2025-10-23,10:02:12.529089260,T,TGT,I,75,93.84
2025-10-23,10:02:12.529092189,T,TGT,,255,93.84
2025-10-23,10:02:12.529092189,T,TGT,,255,93.83
2025-10-23,10:02:12.529095691,T,TGT,,100,93.83
2025-10-23,10:02:12.529098400,T,TGT,,100,93.83
2025-10-23,10:02:12.529098400,T,TGT,I,50,93.83
2025-10-23,10:02:12.529104222,T,TGT,,100,93.83
2025-10-23,10:02:12.529110153,T,TGT,F I,99,93.82
2025-10-23,10:02:12.529114150,T,TGT,F I,1,93.82
2025-10-23,10:02:12.529114150,T,TGT,F I,10,93.82
2025-10-23,10:02:12.529119744,T,TGT,F I,19,93.82
2025-10-23,10:02:12.529119744,T,TGT,F,342,93.83
2025-10-23,10:02:12.529123551,T,TGT,F I,75,93.83
2025-10-23,10:02:12.529125410,T,TGT,F I,20,93.83
2025-10-23,10:02:12.529128276,T,TGT,F I,96,93.83
2025-10-23,10:02:12.529134759,T,TGT,,100,93.83
2025-10-23,10:02:12.529138286,T,TGT,,100,93.83
2025-10-23,10:02:12.529143976,T,TGT,I,1,93.83
2025-10-23,10:02:12.529143976,T,TGT,,100,93.83
2025-10-23,10:02:12.529149416,T,TGT,,100,93.83
2025-10-23,10:02:12.529155384,T,TGT,,100,93.83
2025-10-23,10:02:12.529164280,T,TGT,I,11,93.82
2025-10-23,10:02:12.529167392,T,TGT,I,30,93.825
2025-10-23,10:02:12.529173378,T,TGT,,1302,93.83
2025-10-23,10:02:12.529221918,T,TGT,F,1507,93.83
2025-10-23,10:02:12.529224923,T,TGT,,600,93.83
2025-10-23,10:02:12.529236527,T,TGT,F I,2,93.82
2025-10-23,10:02:12.529236527,T,TGT,F I,25,93.82
2025-10-23,10:02:12.529239496,T,TGT,I,4,93.83
2025-10-23,10:02:12.529242474,T,TGT,I,25,93.82
2025-10-23,10:02:12.529248534,T,TGT,F,100,93.82
2025-10-23,10:02:12.529275607,T,TGT,F I,11,93.82
2025-10-23,10:02:12.529275607,T,TGT,F I,25,93.82
2025-10-23,10:02:12.529399382,T,TGT,I,20,93.82
2025-10-23,10:02:12.529420764,T,TGT,F I,27,93.82
2025-10-23,10:02:12.529425902,T,TGT,F I,3,93.82
2025-10-23,10:02:12.529429014,T,TGT,F I,24,93.82
2025-10-23,10:02:12.529452969,T,TGT,I,76,93.82
2025-10-23,10:02:12.529452969,T,TGT,I,27,93.82
2025-10-23,10:02:12.529483124,T,TGT,I,17,93.82
2025-10-23,10:02:12.529486564,T,TGT,I,17,93.82
2025-10-23,10:02:12.529489328,T,TGT,I,19,93.82
2025-10-23,10:02:12.529489328,T,TGT,I,12,93.82
2025-10-23,10:02:12.529495083,T,TGT,F I,8,93.82
2025-10-23,10:02:12.529495083,T,TGT,F,121,93.82
2025-10-23,10:02:12.529513138,T,TGT,F,229,93.82
2025-10-23,10:02:12.529516161,T,TGT,F I,98,93.82
2025-10-23,10:02:12.529516161,T,TGT,F I,85,93.82
2025-10-23,10:02:12.529753967,T,TGT,,115,93.82
2025-10-23,10:02:12.529757762,T,TGT,,100,93.82
2025-10-23,10:02:12.529764305,T,TGT,,100,93.82
2025-10-23,10:02:12.529764305,T,TGT,,100,93.82
2025-10-23,10:02:12.529764305,T,TGT,I,50,93.82
2025-10-23,10:02:12.529769517,T,TGT,I,18,93.82
2025-10-23,10:02:12.529769517,T,TGT,F I,18,93.82
