DATE,TIME_M,EX,SYM_ROOT,TR_SCOND,SIZE,PRICE
2025-12-11,9:30:02.381225747,T,TGT,F I,50,94.77
2025-12-11,9:30:02.381234668,T,TGT,Q,50,94.77
2025-12-11,9:30:02.948737777,T,TGT,I,1,94.94
2025-12-11,9:30:03.993778486,T,TGT,I,3,94.845
2025-12-11,9:30:19.115574076,T,TGT,,100,94.95
2025-12-11,9:30:19.115577001,T,TGT,I,52,94.96
2025-12-11,9:30:19.115580101,T,TGT,,106,94.97
2025-12-11,9:30:19.116031098,T,TGT,I,90,94.97
2025-12-11,9:30:19.116034110,T,TGT,I,10,94.97
2025-12-11,9:30:19.116115314,T,TGT,I,50,94.98
2025-12-11,9:30:19.116830976,T,TGT,I,1,94.97
2025-12-11,9:30:19.226559400,T,TGT,I,57,94.97
2025-12-11,9:30:19.277176797,T,TGT,I,10,94.97
2025-12-11,9:30:19.277176797,T,TGT,I,8,94.97
2025-12-11,9:30:19.277182058,T,TGT,,100,94.94
2025-12-11,9:30:19.277182058,T,TGT,I,50,94.94
2025-12-11,9:30:19.277185005,T,TGT,,200,94.94
2025-12-11,9:30:19.277185005,T,TGT,I,82,94.94
2025-12-11,9:30:19.277194104,T,TGT,F I,18,94.94
2025-12-11,9:30:19.278321704,T,TGT,F I,8,94.93
2025-12-11,9:30:19.278324701,T,TGT,F I,8,94.93
2025-12-11,9:30:19.278327828,T,TGT,F,100,94.93
2025-12-11,9:30:19.278327828,T,TGT,F,100,94.93
2025-12-11,9:30:29.697405796,T,TGT,F I,50,94.99
2025-12-11,9:30:29.697445937,T,TGT,,150,94.99
2025-12-11,9:30:29.697445937,T,TGT,I,3,95.0
2025-12-11,9:30:29.697448083,T,TGT,I,1,95.0
2025-12-11,9:30:29.697453996,T,TGT,I,11,95.0
2025-12-11,9:30:29.697453996,T,TGT,I,16,95.0
2025-12-11,9:30:29.697453996,T,TGT,F I,84,95.0
2025-12-11,9:30:29.697456927,T,TGT,F I,30,95.0
2025-12-11,9:30:29.697456927,T,TGT,F I,35,95.0
2025-12-11,9:30:29.697460016,T,TGT,F I,1,95.0
2025-12-11,9:30:29.697875009,T,TGT,F I,31,95.01
2025-12-11,9:30:29.698007240,T,TGT,I,31,95.01
2025-12-11,9:30:29.698100429,T,TGT,I,31,95.01
2025-12-11,9:30:29.698154827,T,TGT,I,7,95.01
2025-12-11,9:30:29.698154827,T,TGT,I,24,95.01
2025-12-11,9:30:29.698217815,T,TGT,F I,31,95.01
2025-12-11,9:30:29.698271885,T,TGT,F I,31,95.01
2025-12-11,9:30:29.698328986,T,TGT,F I,14,95.01
2025-12-11,9:30:29.698328986,T,TGT,F I,17,95.03
2025-12-11,9:30:29.698398242,T,TGT,F I,14,95.03
2025-12-11,9:30:29.698858347,T,TGT,F I,10,95.05
2025-12-11,9:30:29.698861347,T,TGT,F,100,95.05
2025-12-11,9:30:29.724566514,T,TGT,I,1,94.99
2025-12-11,9:30:29.760700611,T,TGT,I,2,94.97
2025-12-11,9:30:29.760703663,T,TGT,I,50,94.97
2025-12-11,9:30:29.760706599,T,TGT,,100,94.97
2025-12-11,9:30:29.760709596,T,TGT,,100,94.97
2025-12-11,9:30:29.760745696,T,TGT,F I,75,94.99
2025-12-11,9:30:29.760749181,T,TGT,F I,25,94.99
2025-12-11,9:30:29.760851021,T,TGT,F I,2,95.02
2025-12-11,9:30:29.760899413,T,TGT,I,75,95.02
2025-12-11,9:30:29.760932995,T,TGT,I,25,95.02
2025-12-11,9:30:29.761587750,T,TGT,F,100,95.02
2025-12-11,9:30:29.761611883,T,TGT,I,1,95.02
2025-12-11,9:30:29.761617762,T,TGT,I,99,95.02
2025-12-11,9:30:29.835771505,T,TGT,,100,94.975
2025-12-11,9:30:30.642082420,T,TGT,I,2,94.98
2025-12-11,9:30:32.608061061,T,TGT,F I,50,95.01
2025-12-11,9:30:40.689703477,T,TGT,I,1,94.98
2025-12-11,9:30:50.659249289,T,TGT,I,1,94.99
2025-12-11,9:31:00.236110820,T,TGT,I,1,95.07
2025-12-11,9:31:00.236110820,T,TGT,I,70,95.07
2025-12-11,9:31:04.932212572,T,TGT,F I,1,94.93
2025-12-11,9:31:04.932212572,T,TGT,F I,1,94.93
2025-12-11,9:31:04.932302840,T,TGT,F,200,94.91
2025-12-11,9:31:04.932329872,T,TGT,F I,36,94.89
2025-12-11,9:31:04.932390438,T,TGT,F I,15,94.87
2025-12-11,9:31:04.932435179,T,TGT,F I,15,94.87
2025-12-11,9:31:04.932480252,T,TGT,F I,15,94.87
2025-12-11,9:31:04.932534358,T,TGT,F I,15,94.87
2025-12-11,9:31:04.932738870,T,TGT,,100,94.91
2025-12-11,9:31:04.932741918,T,TGT,I,37,94.91
2025-12-11,9:31:04.932766155,T,TGT,I,54,94.91
2025-12-11,9:31:04.937523284,T,TGT,,140,94.87
2025-12-11,9:31:04.952568167,T,TGT,F I,14,94.86
2025-12-11,9:31:04.952571143,T,TGT,F I,1,94.86
2025-12-11,9:31:04.953978486,T,TGT,I,1,94.84
2025-12-11,9:31:05.521746039,T,TGT,I,70,94.85
2025-12-11,9:31:05.521749132,T,TGT,,130,94.83
2025-12-11,9:31:05.521764186,T,TGT,I,1,94.83
2025-12-11,9:31:16.028507038,T,TGT,I,1,94.88
2025-12-11,9:31:16.028810784,T,TGT,F I,1,94.89
2025-12-11,9:31:20.301777757,T,TGT,F I,10,94.88
2025-12-11,9:31:20.301777757,T,TGT,F I,8,94.88
2025-12-11,9:31:20.301780494,T,TGT,F I,7,94.87
2025-12-11,9:31:20.301831599,T,TGT,F I,11,94.87
2025-12-11,9:31:20.302011980,T,TGT,I,8,94.88
2025-12-11,9:31:20.402691921,T,TGT,F I,6,94.88
2025-12-11,9:31:20.402691921,T,TGT,F I,8,94.88
2025-12-11,9:31:20.402697837,T,TGT,F,100,94.88
2025-12-11,9:31:20.402712946,T,TGT,I,1,94.88
2025-12-11,9:31:20.402718952,T,TGT,F I,10,94.905
2025-12-11,9:31:20.402724879,T,TGT,F I,40,94.88
2025-12-11,9:31:20.402724879,T,TGT,,160,94.88
2025-12-11,9:31:33.677252691,T,TGT,F I,1,94.92
2025-12-11,9:31:34.568449745,T,TGT,,100,94.95
2025-12-11,9:31:34.568512879,T,TGT,F I,97,94.95
2025-12-11,9:31:34.568515949,T,TGT,F I,3,94.96
2025-12-11,9:31:34.568533949,T,TGT,F I,97,94.96
2025-12-11,9:31:34.568789863,T,TGT,F I,92,94.99
2025-12-11,9:31:34.569502605,T,TGT,,200,95.06
2025-12-11,9:31:34.569502605,T,TGT,I,30,95.06
2025-12-11,9:31:34.569586434,T,TGT,I,10,95.05
2025-12-11,9:31:34.569592431,T,TGT,F I,50,95.05
2025-12-11,9:31:34.569625633,T,TGT,,100,95.03
2025-12-11,9:31:34.569628575,T,TGT,I,10,95.03
2025-12-11,9:31:34.569917236,T,TGT,F I,36,95.025
2025-12-11,9:31:34.569938322,T,TGT,F I,15,95.03
2025-12-11,9:31:34.569962365,T,TGT,F I,49,95.03
2025-12-11,9:31:34.570501531,T,TGT,I,21,95.03
2025-12-11,9:31:34.570939680,T,TGT,F,100,95.03
2025-12-11,9:31:34.570939680,T,TGT,F I,1,95.03
2025-12-11,9:31:35.905597288,T,TGT,I,11,94.87
2025-12-11,9:31:35.907428860,T,TGT,I,1,94.84
2025-12-11,9:31:49.943349414,T,TGT,I,1,95.06
2025-12-11,9:31:49.943349414,T,TGT,I,10,95.08
2025-12-11,9:31:49.943370503,T,TGT,F I,1,95.08
2025-12-11,9:31:49.943680272,T,TGT,F I,8,95.09
2025-12-11,9:31:49.943683225,T,TGT,F I,6,95.09
2025-12-11,9:31:54.521227708,T,TGT,F I,2,95.02
2025-12-11,9:31:56.525243949,T,TGT,I,45,95.11
2025-12-11,9:31:56.525265017,T,TGT,F I,55,95.11
2025-12-11,9:31:56.525301086,T,TGT,,100,95.12
2025-12-11,9:31:57.493740270,T,TGT,,130,95.105
2025-12-11,9:32:04.361468772,T,TGT,F I,50,95.1
2025-12-11,9:32:04.361513812,T,TGT,F I,50,95.1
2025-12-11,9:32:04.760922449,T,TGT,F I,1,95.11
2025-12-11,9:32:38.460478852,T,TGT,I,1,94.98
2025-12-11,9:32:38.460478852,T,TGT,I,1,94.98
2025-12-11,9:33:16.459392652,T,TGT,F I,1,95.0
2025-12-11,9:33:16.459443686,T,TGT,I,1,95.0
2025-12-11,9:33:16.459846733,T,TGT,F I,38,95.03
2025-12-11,9:33:16.459859302,T,TGT,F I,32,95.03
2025-12-11,9:33:16.459861721,T,TGT,F I,38,95.04
2025-12-11,9:33:16.510493707,T,TGT,,100,95.02
2025-12-11,9:33:16.510493707,T,TGT,I,70,95.02
2025-12-11,9:33:16.524166962,T,TGT,F I,13,95.01
2025-12-11,9:33:16.989814335,T,TGT,I,10,95.06
2025-12-11,9:33:17.273392900,T,TGT,I,27,95.06
2025-12-11,9:33:31.995533328,T,TGT,F I,97,95.01
2025-12-11,9:33:31.995575337,T,TGT,F,100,94.99
2025-12-11,9:33:31.995578378,T,TGT,F I,1,94.99
2025-12-11,9:33:31.995752912,T,TGT,F I,40,94.97
2025-12-11,9:33:33.329366967,T,TGT,F I,50,95.02
2025-12-11,9:33:33.329412086,T,TGT,F I,50,95.02
2025-12-11,9:33:38.865887036,T,TGT,,100,94.95
2025-12-11,9:33:38.865905128,T,TGT,F,5367,94.95
2025-12-11,9:33:38.865905128,T,TGT,F,200,94.95
2025-12-11,9:33:38.866371183,T,TGT,F I,20,94.95
2025-12-11,9:33:38.866371183,T,TGT,F I,20,94.93
2025-12-11,9:33:38.866680897,T,TGT,I,20,94.93
2025-12-11,9:33:38.868043190,T,TGT,I,20,94.925
2025-12-11,9:33:38.868106287,T,TGT,F I,3,94.93
2025-12-11,9:33:38.868271667,T,TGT,F I,30,94.95
2025-12-11,9:33:38.871296953,T,TGT,F,100,95.01
2025-12-11,9:33:38.871299902,T,TGT,F I,30,95.01
2025-12-11,9:33:38.871799099,T,TGT,,100,95.0
2025-12-11,9:33:38.871853206,T,TGT,,100,95.0
2025-12-11,9:33:38.871991549,T,TGT,F,100,95.02
2025-12-11,9:33:38.873777788,T,TGT,F,100,94.96
2025-12-11,9:33:38.873777788,T,TGT,F I,16,94.95
2025-12-11,9:33:38.873828991,T,TGT,F I,26,94.99
2025-12-11,9:33:38.873832260,T,TGT,F I,14,94.99
2025-12-11,9:33:38.875278396,T,TGT,F I,30,95.02
2025-12-11,9:33:39.008946895,T,TGT,F I,14,95.01
2025-12-11,9:33:39.025041241,T,TGT,,100,94.96
2025-12-11,9:33:39.025044168,T,TGT,I,30,94.95
2025-12-11,9:33:39.025050230,T,TGT,I,2,94.95
2025-12-11,9:33:39.025050230,T,TGT,I,84,94.95
2025-12-11,9:33:40.641244703,T,TGT,I,22,94.91
2025-12-11,9:33:45.073474717,T,TGT,F I,25,94.92
2025-12-11,9:33:45.073477047,T,TGT,F I,20,94.9
2025-12-11,9:33:45.073477047,T,TGT,F I,1,94.87
2025-12-11,9:33:46.534889454,T,TGT,F I,22,94.94
2025-12-11,9:33:55.970600717,T,TGT,I,18,94.905
2025-12-11,9:34:00.678596014,T,TGT,,400,94.95
2025-12-11,9:34:00.678689239,T,TGT,F I,25,94.93
2025-12-11,9:34:00.679176325,T,TGT,F I,2,94.9
2025-12-11,9:34:00.679176325,T,TGT,F I,30,94.9
2025-12-11,9:34:00.679197483,T,TGT,F I,14,94.9
2025-12-11,9:34:00.679200360,T,TGT,F I,18,94.9
2025-12-11,9:34:00.679239483,T,TGT,F I,22,94.87
2025-12-11,9:34:00.681693943,T,TGT,F I,40,94.85
2025-12-11,9:34:00.681693943,T,TGT,F,200,94.85
2025-12-11,9:34:00.681697175,T,TGT,F,200,94.85
2025-12-11,9:34:00.681699453,T,TGT,F,100,94.85
2025-12-11,9:34:00.681991106,T,TGT,F I,14,94.83
2025-12-11,9:34:04.353245126,T,TGT,,100,94.875
2025-12-11,9:34:06.476227942,T,TGT,I,1,94.94
2025-12-11,9:34:06.476230917,T,TGT,I,1,94.94
2025-12-11,9:34:06.476615902,T,TGT,F I,50,94.94
2025-12-11,9:34:25.575497286,T,TGT,I,25,94.87
2025-12-11,9:34:25.575497286,T,TGT,I,23,94.87
2025-12-11,9:34:25.575500044,T,TGT,I,25,94.87
2025-12-11,9:34:25.575503115,T,TGT,,161,94.87
2025-12-11,9:34:26.289205479,T,TGT,I,1,94.93
2025-12-11,9:34:27.284736344,T,TGT,I,1,94.95
2025-12-11,9:34:27.284736344,T,TGT,I,6,94.95
2025-12-11,9:34:29.198272906,T,TGT,I,10,94.97
2025-12-11,9:34:33.615391086,T,TGT,,400,94.95
2025-12-11,9:34:34.266971342,T,TGT,,100,94.98
2025-12-11,9:34:34.266974407,T,TGT,,115,94.98
2025-12-11,9:34:34.266992503,T,TGT,F I,85,94.98
2025-12-11,9:34:34.266995416,T,TGT,F I,5,94.98
2025-12-11,9:34:34.267145824,T,TGT,F I,10,94.99
2025-12-11,9:34:34.267738213,T,TGT,F I,13,95.0
2025-12-11,9:34:43.195599522,T,TGT,I,2,94.96
2025-12-11,9:34:44.589826098,T,TGT,F I,1,94.97
2025-12-11,9:34:47.225791928,T,TGT,F I,7,94.97
2025-12-11,9:34:47.225791928,T,TGT,F I,8,94.97
2025-12-11,9:34:47.881726628,T,TGT,F I,16,94.95
2025-12-11,9:35:04.554181424,T,TGT,I,10,95.005
2025-12-11,9:35:04.554262590,T,TGT,F I,8,94.98
2025-12-11,9:35:05.559296002,T,TGT,F I,5,94.95
2025-12-11,9:35:07.978965512,T,TGT,F I,4,94.99
2025-12-11,9:35:14.683456067,T,TGT,I,2,95.0
2025-12-11,9:35:21.878033065,T,TGT,F I,1,95.0
2025-12-11,9:35:22.611955587,T,TGT,F I,50,95.04
2025-12-11,9:35:22.612448767,T,TGT,F I,40,95.04
2025-12-11,9:35:22.644532200,T,TGT,,100,95.06
2025-12-11,9:35:22.644818083,T,TGT,F,100,95.06
2025-12-11,9:35:22.644820942,T,TGT,F,100,95.07
2025-12-11,9:35:26.729674480,T,TGT,F I,2,95.01
2025-12-11,9:35:26.729686659,T,TGT,F,100,95.01
2025-12-11,9:35:26.892990543,T,TGT,I,25,95.0
2025-12-11,9:35:26.893065713,T,TGT,F I,31,95.0
2025-12-11,9:35:26.893107800,T,TGT,I,25,95.0
2025-12-11,9:35:26.893146925,T,TGT,I,19,95.0
2025-12-11,9:35:26.893149906,T,TGT,I,6,94.99
2025-12-11,9:35:29.588327359,T,TGT,I,17,94.96
2025-12-11,9:35:29.588329912,T,TGT,I,1,94.96
2025-12-11,9:35:37.321050934,T,TGT,I,10,94.995
2025-12-11,9:35:42.312227711,T,TGT,I,2,94.995
2025-12-11,9:36:14.927999116,T,TGT,I,6,95.055
2025-12-11,9:36:15.549749487,T,TGT,I,80,95.01
2025-12-11,9:36:15.549749487,T,TGT,I,2,95.01
2025-12-11,9:36:15.549754365,T,TGT,I,16,95.01
2025-12-11,9:36:15.549769316,T,TGT,I,1,95.01
2025-12-11,9:36:15.549772343,T,TGT,I,10,95.01
2025-12-11,9:36:15.550100149,T,TGT,I,18,95.01
2025-12-11,9:36:15.550109707,T,TGT,I,55,95.01
2025-12-11,9:36:15.550112117,T,TGT,I,45,95.01
2025-12-11,9:36:15.550151308,T,TGT,,155,95.01
2025-12-11,9:36:15.550154314,T,TGT,I,50,95.01
2025-12-11,9:36:15.552494032,T,TGT,F I,30,95.04
2025-12-11,9:36:15.552494032,T,TGT,F I,12,95.04
2025-12-11,9:36:15.552496914,T,TGT,F I,12,95.04
2025-12-11,9:36:16.474541592,T,TGT,I,26,95.065
2025-12-11,9:36:23.466862850,T,TGT,I,2,95.065
2025-12-11,9:36:27.758696546,T,TGT,F I,8,95.065
2025-12-11,9:36:27.758696546,T,TGT,F I,10,95.065
2025-12-11,9:36:27.758837828,T,TGT,I,26,95.07
2025-12-11,9:36:27.759181390,T,TGT,I,6,95.05
2025-12-11,9:36:27.759181390,T,TGT,I,80,95.05
2025-12-11,9:36:27.784506985,T,TGT,F,100,95.04
2025-12-11,9:36:27.784506985,T,TGT,F,100,95.04
2025-12-11,9:36:27.784549039,T,TGT,,200,95.03
2025-12-11,9:36:27.784549039,T,TGT,,100,95.03
2025-12-11,9:36:27.793077414,T,TGT,I,40,95.03
2025-12-11,9:36:28.416630932,T,TGT,F I,20,95.02
2025-12-11,9:36:35.532435251,T,TGT,F I,6,95.04
2025-12-11,9:36:35.532435251,T,TGT,F I,32,95.04
2025-12-11,9:36:35.532438336,T,TGT,F I,12,95.04
2025-12-11,9:36:36.593946253,T,TGT,,200,95.03
2025-12-11,9:36:54.595564886,T,TGT,I,17,95.07
2025-12-11,9:36:54.595570528,T,TGT,F I,17,95.08
2025-12-11,9:36:54.624321959,T,TGT,,100,95.11
2025-12-11,9:36:55.114964914,T,TGT,I,6,95.09
2025-12-11,9:36:55.114968015,T,TGT,I,70,95.09
2025-12-11,9:36:55.114968015,T,TGT,I,2,95.09
2025-12-11,9:36:55.115346895,T,TGT,,100,95.08
2025-12-11,9:36:55.116820286,T,TGT,F,200,95.08
2025-12-11,9:36:55.116823309,T,TGT,I,14,95.08
2025-12-11,9:36:55.116859400,T,TGT,,100,95.08
2025-12-11,9:36:55.116859400,T,TGT,,100,95.07
2025-12-11,9:36:55.145343273,T,TGT,I,70,95.06
2025-12-11,9:36:55.145343273,T,TGT,I,30,95.06
2025-12-11,9:36:55.984928458,T,TGT,I,60,95.04
2025-12-11,9:36:55.985027720,T,TGT,F I,6,95.05
2025-12-11,9:36:55.985049257,T,TGT,I,6,95.05
2025-12-11,9:36:55.990109808,T,TGT,I,18,95.04
2025-12-11,9:36:59.155709401,T,TGT,I,94,95.08
2025-12-11,9:36:59.287365991,T,TGT,F I,20,95.08
2025-12-11,9:36:59.489507652,T,TGT,F I,60,95.07
2025-12-11,9:36:59.489772692,T,TGT,I,25,95.085
2025-12-11,9:36:59.489775219,T,TGT,I,25,95.085
2025-12-11,9:36:59.569377879,T,TGT,I,60,95.08
2025-12-11,9:36:59.569380886,T,TGT,I,40,95.08
2025-12-11,9:36:59.569383848,T,TGT,,100,95.08
2025-12-11,9:36:59.569419956,T,TGT,,100,95.07
2025-12-11,9:36:59.792509429,T,TGT,F,100,95.06
2025-12-11,9:36:59.805485392,T,TGT,,200,95.05
2025-12-11,9:37:07.739493967,T,TGT,I,3,95.02
2025-12-11,9:37:07.739493967,T,TGT,I,6,95.02
2025-12-11,9:37:09.144173533,T,TGT,F I,41,95.0
2025-12-11,9:37:09.144230542,T,TGT,,159,95.0
2025-12-11,9:37:09.144233590,T,TGT,I,56,95.0
2025-12-11,9:37:09.144242574,T,TGT,I,70,95.01
2025-12-11,9:37:09.405035873,T,TGT,I,10,94.99
2025-12-11,9:37:18.502856141,T,TGT,F I,50,95.05
2025-12-11,9:37:18.504206348,T,TGT,I,10,95.05
2025-12-11,9:37:18.504314561,T,TGT,I,24,95.05
2025-12-11,9:37:18.573864246,T,TGT,I,38,95.05
2025-12-11,9:37:20.687663113,T,TGT,I,50,95.065
2025-12-11,9:37:20.712673664,T,TGT,I,1,95.09
2025-12-11,9:37:20.727228440,T,TGT,I,15,95.09
2025-12-11,9:37:21.621946979,T,TGT,I,97,95.09
2025-12-11,9:37:46.976297968,T,TGT,F I,25,95.06
2025-12-11,9:37:53.577832258,T,TGT,I,21,95.05
2025-12-11,9:37:53.577832258,T,TGT,I,7,95.05
2025-12-11,9:37:53.577889357,T,TGT,,193,95.05
2025-12-11,9:37:53.577892411,T,TGT,,100,95.05
2025-12-11,9:37:53.577910372,T,TGT,I,1,95.05
2025-12-11,9:37:53.577913397,T,TGT,I,10,95.05
2025-12-11,9:37:53.577928992,T,TGT,I,89,95.05
2025-12-11,9:37:53.577928992,T,TGT,I,30,95.05
2025-12-11,9:37:53.578078885,T,TGT,F I,10,95.055
2025-12-11,9:37:53.578078885,T,TGT,F I,90,95.06
2025-12-11,9:37:53.578103214,T,TGT,F I,10,95.06
2025-12-11,9:37:53.578103214,T,TGT,I,1,95.06
2025-12-11,9:37:53.578142017,T,TGT,I,90,95.05
2025-12-11,9:37:53.578147998,T,TGT,I,10,95.05
2025-12-11,9:37:53.578437359,T,TGT,I,14,95.06
2025-12-11,9:37:56.691089102,T,TGT,F I,30,95.06
2025-12-11,9:37:56.691101201,T,TGT,F I,13,95.06
2025-12-11,9:38:01.200400910,T,TGT,I,2,95.045
2025-12-11,9:38:01.944409528,T,TGT,F I,2,95.08
2025-12-11,9:38:01.947579063,T,TGT,I,30,95.08
2025-12-11,9:38:01.954543638,T,TGT,I,19,95.08
2025-12-11,9:38:01.954630937,T,TGT,I,20,95.08
2025-12-11,9:38:07.867533429,T,TGT,,101,95.08
2025-12-11,9:38:07.867825780,T,TGT,F,101,95.08
2025-12-11,9:38:07.867828688,T,TGT,F,101,95.08
2025-12-11,9:38:07.867858206,T,TGT,F I,42,95.08
2025-12-11,9:38:07.867858206,T,TGT,F I,59,95.09
2025-12-11,9:38:07.867987573,T,TGT,F I,41,95.09
2025-12-11,9:38:07.867990582,T,TGT,F I,1,95.09
2025-12-11,9:38:07.945891091,T,TGT,I,17,95.11
2025-12-11,9:38:07.945909176,T,TGT,F I,52,95.11
2025-12-11,9:38:07.945960273,T,TGT,F I,20,95.12
2025-12-11,9:38:07.952636290,T,TGT,F,650,95.15
2025-12-11,9:38:07.952639151,T,TGT,F,1000,95.15
2025-12-11,9:38:07.952642261,T,TGT,F I,30,95.15
2025-12-11,9:38:07.953030128,T,TGT,F,100,95.18
2025-12-11,9:38:07.953466115,T,TGT,F I,1,95.19
2025-12-11,9:38:07.954022550,T,TGT,F,100,95.2
2025-12-11,9:38:07.965362473,T,TGT,I,70,95.21
2025-12-11,9:38:10.169845427,T,TGT,F I,1,95.2
2025-12-11,9:38:15.435507780,T,TGT,F,100,95.24
2025-12-11,9:38:15.435507780,T,TGT,F I,2,95.24
2025-12-11,9:38:15.435513123,T,TGT,F I,2,95.24
2025-12-11,9:38:15.435513123,T,TGT,F I,70,95.24
2025-12-11,9:38:16.576942326,T,TGT,I,10,95.29
2025-12-11,9:38:16.576966477,T,TGT,F I,10,95.29
2025-12-11,9:38:16.576966477,T,TGT,F I,18,95.29
2025-12-11,9:38:16.983667348,T,TGT,I,60,95.34
2025-12-11,9:38:16.983670315,T,TGT,,126,95.35
2025-12-11,9:38:16.983676315,T,TGT,I,14,95.35
2025-12-11,9:38:16.983685338,T,TGT,I,64,95.35
2025-12-11,9:38:16.983688448,T,TGT,I,1,95.35
2025-12-11,9:38:16.983691379,T,TGT,F I,21,95.35
2025-12-11,9:38:16.983962040,T,TGT,F I,50,95.35
2025-12-11,9:38:18.059561425,T,TGT,I,11,95.38
2025-12-11,9:38:20.722195009,T,TGT,I,1,95.36
2025-12-11,9:38:29.177648712,T,TGT,F I,5,95.4
2025-12-11,9:38:29.177648712,T,TGT,F I,2,95.4
2025-12-11,9:38:29.180039495,T,TGT,F I,22,95.4
2025-12-11,9:38:29.180042558,T,TGT,F I,11,95.4
2025-12-11,9:38:29.180042558,T,TGT,F I,55,95.38
2025-12-11,9:38:29.180445426,T,TGT,F I,45,95.38
2025-12-11,9:38:29.180505526,T,TGT,I,12,95.4
2025-12-11,9:38:29.180508604,T,TGT,I,25,95.4
2025-12-11,9:38:29.329895594,T,TGT,I,12,95.38
2025-12-11,9:38:29.329907834,T,TGT,I,15,95.38
2025-12-11,9:38:29.329913476,T,TGT,,100,95.38
2025-12-11,9:38:29.329949566,T,TGT,I,71,95.37
2025-12-11,9:38:29.329949566,T,TGT,I,37,95.37
2025-12-11,9:38:29.330000691,T,TGT,,100,95.39
2025-12-11,9:38:29.330003774,T,TGT,,100,95.39
2025-12-11,9:38:29.330022287,T,TGT,I,1,95.39
2025-12-11,9:38:29.330022287,T,TGT,F I,8,95.39
2025-12-11,9:38:29.330024833,T,TGT,F I,1,95.39
2025-12-11,9:38:30.129262889,T,TGT,I,29,95.42
2025-12-11,9:38:30.129265863,T,TGT,I,71,95.42
2025-12-11,9:38:30.129948526,T,TGT,F I,40,95.43
2025-12-11,9:38:30.130423702,T,TGT,F I,15,95.44
2025-12-11,9:38:30.790640475,T,TGT,,100,95.43
2025-12-11,9:38:31.630174558,T,TGT,I,9,95.42
2025-12-11,9:38:31.630174558,T,TGT,I,26,95.42
2025-12-11,9:38:31.630192752,T,TGT,F I,64,95.42
2025-12-11,9:38:31.630195573,T,TGT,F,100,95.42
2025-12-11,9:38:36.089254667,T,TGT,F I,18,95.44
2025-12-11,9:38:36.113272860,T,TGT,F I,2,95.43
2025-12-11,9:38:37.687403155,T,TGT,,100,95.41
2025-12-11,9:38:37.687421501,T,TGT,F I,10,95.41
2025-12-11,9:38:37.687421501,T,TGT,F I,10,95.41
2025-12-11,9:38:37.687427152,T,TGT,F,100,95.41
2025-12-11,9:38:37.687427152,T,TGT,F I,10,95.41
2025-12-11,9:38:37.687430178,T,TGT,F,100,95.41
2025-12-11,9:38:37.687430178,T,TGT,F,200,95.41
2025-12-11,9:38:37.688227063,T,TGT,I,10,95.41
2025-12-11,9:38:37.688260182,T,TGT,F I,20,95.41
2025-12-11,9:38:37.690425270,T,TGT,I,2,95.41
2025-12-11,9:38:37.729698914,T,TGT,I,6,95.41
2025-12-11,9:38:37.787824328,T,TGT,,100,95.4
2025-12-11,9:38:37.787827379,T,TGT,I,35,95.4
2025-12-11,9:38:37.787830356,T,TGT,,100,95.4
2025-12-11,9:38:37.813625784,T,TGT,I,1,95.37
2025-12-11,9:38:37.856622279,T,TGT,I,1,95.36
2025-12-11,9:38:37.856643247,T,TGT,I,1,95.36
2025-12-11,9:38:40.731913223,T,TGT,F I,1,95.375
2025-12-11,9:38:40.731913223,T,TGT,F I,58,95.39
2025-12-11,9:38:46.774695226,T,TGT,F I,5,95.4
2025-12-11,9:38:46.840744629,T,TGT,F I,1,95.42
2025-12-11,9:38:46.840747619,T,TGT,F I,1,95.42
2025-12-11,9:38:46.840768707,T,TGT,F I,1,95.42
2025-12-11,9:38:46.840774653,T,TGT,F I,1,95.42
2025-12-11,9:38:46.840777744,T,TGT,F I,1,95.42
2025-12-11,9:38:46.840795767,T,TGT,F I,50,95.42
2025-12-11,9:38:46.840843896,T,TGT,I,16,95.42
2025-12-11,9:38:46.842308343,T,TGT,I,20,95.42
2025-12-11,9:38:46.842338450,T,TGT,I,70,95.42
2025-12-11,9:38:46.842413596,T,TGT,I,10,95.42
2025-12-11,9:38:47.702748318,T,TGT,I,16,95.42
2025-12-11,9:38:53.050713008,T,TGT,I,11,95.42
2025-12-11,9:38:53.050716027,T,TGT,I,20,95.42
2025-12-11,9:38:53.114552091,T,TGT,I,27,95.42
2025-12-11,9:38:53.120428150,T,TGT,,100,95.4
2025-12-11,9:38:53.120428150,T,TGT,,100,95.4
2025-12-11,9:38:53.120449060,T,TGT,F,100,95.4
2025-12-11,9:38:53.120488352,T,TGT,,100,95.39
2025-12-11,9:38:53.120488352,T,TGT,,200,95.39
2025-12-11,9:38:53.120728731,T,TGT,F,100,95.38
2025-12-11,9:38:53.785212880,T,TGT,,100,95.38
2025-12-11,9:38:53.785221862,T,TGT,,100,95.38
2025-12-11,9:38:53.785221862,T,TGT,,100,95.38
2025-12-11,9:38:53.785224849,T,TGT,,200,95.38
2025-12-11,9:38:53.785251897,T,TGT,I,40,95.37
2025-12-11,9:38:55.784357555,T,TGT,,100,95.35
2025-12-11,9:38:55.784361044,T,TGT,,100,95.35
2025-12-11,9:38:55.784396604,T,TGT,F I,60,95.34
2025-12-11,9:38:58.088555015,T,TGT,F I,2,95.35
2025-12-11,9:39:06.722081093,T,TGT,F I,2,95.37
2025-12-11,9:39:06.723112551,T,TGT,F,100,95.38
2025-12-11,9:39:06.723190818,T,TGT,F,100,95.39
2025-12-11,9:39:06.723190818,T,TGT,F I,98,95.39
2025-12-11,9:39:06.723208762,T,TGT,I,1,95.39
2025-12-11,9:39:06.723747161,T,TGT,I,1,95.39
2025-12-11,9:39:16.950101996,T,TGT,,100,95.4
2025-12-11,9:39:16.950113981,T,TGT,F I,70,95.4
2025-12-11,9:39:16.950285429,T,TGT,F I,21,95.39
2025-12-11,9:39:16.951199546,T,TGT,I,14,95.39
2025-12-11,9:39:17.029827875,T,TGT,,100,95.37
2025-12-11,9:39:19.105168254,T,TGT,F,100,95.38
2025-12-11,9:39:19.105168254,T,TGT,F,100,95.38
2025-12-11,9:39:19.105213409,T,TGT,F I,1,95.39
2025-12-11,9:39:23.008782928,T,TGT,F I,1,95.43
2025-12-11,9:39:25.249234475,T,TGT,F,182,95.45
2025-12-11,9:39:25.249237459,T,TGT,F I,18,95.45
2025-12-11,9:39:25.249288531,T,TGT,,100,95.44
2025-12-11,9:39:25.249313513,T,TGT,I,1,95.44
2025-12-11,9:39:25.249315696,T,TGT,I,10,95.44
2025-12-11,9:39:25.249339725,T,TGT,I,28,95.45
2025-12-11,9:39:25.249361587,T,TGT,,244,95.44
2025-12-11,9:39:25.249361587,T,TGT,I,30,95.44
2025-12-11,9:39:25.249363825,T,TGT,,100,95.43
2025-12-11,9:39:25.249366989,T,TGT,,100,95.43
2025-12-11,9:39:25.249366989,T,TGT,I,25,95.43
2025-12-11,9:39:25.249388024,T,TGT,,100,95.43
2025-12-11,9:39:25.249390949,T,TGT,F I,39,95.45
2025-12-11,9:39:25.250091626,T,TGT,F,100,95.45
2025-12-11,9:39:25.250091626,T,TGT,F I,10,95.45
2025-12-11,9:39:25.392471681,T,TGT,F I,40,95.46
2025-12-11,9:39:25.392519848,T,TGT,F I,2,95.47
2025-12-11,9:39:25.451121245,T,TGT,F I,1,95.5
2025-12-11,9:39:25.451121245,T,TGT,F I,1,95.5
2025-12-11,9:39:25.451126614,T,TGT,F I,1,95.5
2025-12-11,9:39:25.451126614,T,TGT,F I,32,95.5
2025-12-11,9:39:25.451129744,T,TGT,F I,1,95.5
2025-12-11,9:39:25.451129744,T,TGT,F I,1,95.5
2025-12-11,9:39:25.451133082,T,TGT,F,100,95.5
2025-12-11,9:39:25.451133082,T,TGT,F I,13,95.5
2025-12-11,9:39:25.451135551,T,TGT,F I,20,95.5
2025-12-11,9:39:25.451138481,T,TGT,F I,15,95.5
2025-12-11,9:39:25.451138481,T,TGT,F,100,95.5
2025-12-11,9:39:25.451141416,T,TGT,F I,81,95.5
2025-12-11,9:39:25.451508517,T,TGT,F,919,95.5
2025-12-11,9:39:25.451508517,T,TGT,F I,2,95.5
2025-12-11,9:39:25.452254095,T,TGT,F,100,95.49
2025-12-11,9:39:25.452260108,T,TGT,F I,55,95.49
2025-12-11,9:39:25.452260108,T,TGT,F I,92,95.49
2025-12-11,9:39:25.452272182,T,TGT,F,100,95.48
2025-12-11,9:39:25.452284123,T,TGT,F I,37,95.49
2025-12-11,9:39:25.452419660,T,TGT,F I,22,95.47
2025-12-11,9:39:25.453210596,T,TGT,,100,95.47
2025-12-11,9:39:25.453210596,T,TGT,I,1,95.47
2025-12-11,9:39:25.453213943,T,TGT,,189,95.47
2025-12-11,9:39:25.453216380,T,TGT,,100,95.47
2025-12-11,9:39:25.453219407,T,TGT,I,22,95.49
2025-12-11,9:39:25.453219407,T,TGT,I,54,95.49
2025-12-11,9:39:25.454395164,T,TGT,I,12,95.49
2025-12-11,9:39:25.456034066,T,TGT,I,35,95.49
2025-12-11,9:39:26.392967248,T,TGT,F,200,95.47
2025-12-11,9:39:26.510560128,T,TGT,F,100,95.46
2025-12-11,9:39:29.183813994,T,TGT,,100,95.43
2025-12-11,9:39:29.183823001,T,TGT,,100,95.42
2025-12-11,9:39:35.181079582,T,TGT,I,1,95.41
2025-12-11,9:39:35.183768011,T,TGT,I,4,95.42
2025-12-11,9:39:39.175405543,T,TGT,F I,20,95.44
2025-12-11,9:39:39.175405543,T,TGT,F I,15,95.44
2025-12-11,9:39:39.175414610,T,TGT,I,25,95.44
2025-12-11,9:39:39.175417564,T,TGT,I,2,95.44
2025-12-11,9:39:39.175423529,T,TGT,F I,40,95.44
2025-12-11,9:39:39.175510749,T,TGT,F I,2,95.45
2025-12-11,9:39:39.175534883,T,TGT,I,2,95.44
2025-12-11,9:39:39.175561933,T,TGT,F I,10,95.44
2025-12-11,9:39:43.300808373,T,TGT,F I,50,95.47
2025-12-11,9:39:43.300855953,T,TGT,F I,50,95.47
2025-12-11,9:39:43.385516647,T,TGT,I,24,95.47
2025-12-11,9:39:48.906976568,T,TGT,F I,50,95.47
2025-12-11,9:39:48.978008846,T,TGT,I,31,95.47
2025-12-11,9:39:50.257187462,T,TGT,F,100,95.44
2025-12-11,9:39:50.257190378,T,TGT,F I,22,95.44
2025-12-11,9:39:50.257190378,T,TGT,F I,22,95.44
2025-12-11,9:39:52.319305262,T,TGT,F,100,95.4
2025-12-11,9:39:52.319307874,T,TGT,F,100,95.4
2025-12-11,9:39:52.319310968,T,TGT,F,200,95.4
2025-12-11,9:40:01.075589376,T,TGT,F I,1,95.395
2025-12-11,9:40:01.185738767,T,TGT,I,8,95.43
2025-12-11,9:40:01.186030478,T,TGT,F I,2,95.43
2025-12-11,9:40:13.919518572,T,TGT,F I,20,95.5
2025-12-11,9:40:13.919518572,T,TGT,F I,30,95.5
2025-12-11,9:40:13.919572618,T,TGT,F I,27,95.5
2025-12-11,9:40:13.929625563,T,TGT,I,13,95.49
2025-12-11,9:40:14.248796954,T,TGT,,100,95.47
2025-12-11,9:40:14.248817989,T,TGT,I,10,95.47
2025-12-11,9:40:14.248872409,T,TGT,I,1,95.47
2025-12-11,9:40:14.248881186,T,TGT,I,36,95.47
2025-12-11,9:40:14.248884186,T,TGT,I,53,95.47
2025-12-11,9:40:21.412087769,T,TGT,I,50,95.485
2025-12-11,9:40:25.465080359,T,TGT,I,10,95.51
2025-12-11,9:40:25.465083370,T,TGT,,100,95.51
2025-12-11,9:40:29.833205863,T,TGT,,100,95.51
2025-12-11,9:40:29.833205863,T,TGT,I,46,95.51
2025-12-11,9:40:29.834381592,T,TGT,F,182,95.5
2025-12-11,9:40:29.834850710,T,TGT,,418,95.5
2025-12-11,9:40:29.835383057,T,TGT,F I,1,95.49
2025-12-11,9:40:29.835386049,T,TGT,F I,1,95.49
2025-12-11,9:40:35.856417366,T,TGT,I,50,95.505
2025-12-11,9:40:35.856468393,T,TGT,I,50,95.505
2025-12-11,9:40:35.856507538,T,TGT,F,100,95.51
2025-12-11,9:40:37.329720311,T,TGT,I,50,95.525
2025-12-11,9:40:37.329762319,T,TGT,I,50,95.525
2025-12-11,9:40:39.924563584,T,TGT,F I,23,95.52
2025-12-11,9:40:39.924566888,T,TGT,F I,77,95.51
2025-12-11,9:40:39.924584131,T,TGT,F I,23,95.51
2025-12-11,9:40:41.430809513,T,TGT,F I,2,95.5
2025-12-11,9:40:45.721422191,T,TGT,F I,50,95.51
2025-12-11,9:40:45.800435513,T,TGT,I,31,95.51
2025-12-11,9:40:50.270994059,T,TGT,I,26,95.5
2025-12-11,9:40:50.271012070,T,TGT,F I,74,95.5
2025-12-11,9:40:53.419714343,T,TGT,I,10,95.53
2025-12-11,9:40:53.422838777,T,TGT,F,194,95.55
2025-12-11,9:40:53.423653880,T,TGT,I,30,95.54
2025-12-11,9:40:53.423716934,T,TGT,I,72,95.55
2025-12-11,9:40:53.423756051,T,TGT,I,10,95.54
2025-12-11,9:40:53.423767993,T,TGT,I,10,95.54
2025-12-11,9:40:53.423783028,T,TGT,I,5,95.54
2025-12-11,9:40:53.423786106,T,TGT,I,10,95.54
2025-12-11,9:40:53.424161967,T,TGT,,100,95.53
2025-12-11,9:40:55.512423735,T,TGT,F I,34,95.55
2025-12-11,9:40:55.512426797,T,TGT,F I,20,95.55
2025-12-11,9:40:55.931511223,T,TGT,F I,10,95.56
2025-12-11,9:40:55.931511223,T,TGT,F I,77,95.56
2025-12-11,9:40:55.941820189,T,TGT,F I,3,95.57
2025-12-11,9:40:55.941820189,T,TGT,I,99,95.58
2025-12-11,9:40:57.157974438,T,TGT,I,70,95.58
2025-12-11,9:40:57.157977122,T,TGT,I,30,95.58
2025-12-11,9:40:58.716238338,T,TGT,F I,58,95.57
2025-12-11,9:40:58.716554075,T,TGT,F I,42,95.57
2025-12-11,9:40:58.716554075,T,TGT,F I,16,95.56
2025-12-11,9:40:58.716599725,T,TGT,I,6,95.56
2025-12-11,9:40:58.716602176,T,TGT,I,25,95.56
2025-12-11,9:40:58.716605165,T,TGT,I,11,95.56
2025-12-11,9:40:58.716896876,T,TGT,F I,10,95.57
2025-12-11,9:40:58.717146458,T,TGT,I,10,95.57
2025-12-11,9:40:58.717149459,T,TGT,I,75,95.57
2025-12-11,9:40:58.720388193,T,TGT,I,25,95.57
2025-12-11,9:41:01.321681426,T,TGT,I,1,95.58
2025-12-11,9:41:02.873444607,T,TGT,F I,25,95.6
2025-12-11,9:41:02.873585679,T,TGT,,100,95.61
2025-12-11,9:41:02.873606737,T,TGT,F I,50,95.61
2025-12-11,9:41:02.874154099,T,TGT,I,16,95.63
2025-12-11,9:41:02.874157049,T,TGT,,100,95.63
2025-12-11,9:41:03.956871463,T,TGT,F,100,95.64
2025-12-11,9:41:03.956871463,T,TGT,F,100,95.64
2025-12-11,9:41:04.656482251,T,TGT,F I,2,95.64
2025-12-11,9:41:04.656545282,T,TGT,F I,98,95.64
2025-12-11,9:41:04.656545282,T,TGT,F I,29,95.64
2025-12-11,9:41:04.656566393,T,TGT,I,1,95.64
2025-12-11,9:41:04.660674172,T,TGT,F I,1,95.65
2025-12-11,9:41:04.661152352,T,TGT,F,500,95.66
2025-12-11,9:41:04.661152352,T,TGT,F I,1,95.66
2025-12-11,9:41:04.663777878,T,TGT,F,100,95.67
2025-12-11,9:41:04.663780566,T,TGT,F I,2,95.67
2025-12-11,9:41:04.664024440,T,TGT,,100,95.67
2025-12-11,9:41:04.664024440,T,TGT,,100,95.67
2025-12-11,9:41:04.664126757,T,TGT,I,2,95.67
2025-12-11,9:41:04.664126757,T,TGT,I,4,95.67
2025-12-11,9:41:04.707387903,T,TGT,F I,60,95.68
2025-12-11,9:41:04.707387903,T,TGT,F,100,95.68
2025-12-11,9:41:04.707390669,T,TGT,F I,8,95.68
2025-12-11,9:41:04.713311550,T,TGT,F,202,95.7
2025-12-11,9:41:04.713311550,T,TGT,F I,1,95.7
2025-12-11,9:41:08.968343435,T,TGT,F I,10,95.74
2025-12-11,9:41:08.968346532,T,TGT,F I,10,95.74
2025-12-11,9:41:08.968350280,T,TGT,F,100,95.74
2025-12-11,9:41:13.110961622,T,TGT,F I,50,95.78
2025-12-11,9:41:13.111124005,T,TGT,F I,50,95.78
2025-12-11,9:41:13.111133114,T,TGT,F I,1,95.78
2025-12-11,9:41:13.111136149,T,TGT,F I,1,95.78
2025-12-11,9:41:13.111145404,T,TGT,I,98,95.78
2025-12-11,9:41:13.111154127,T,TGT,,100,95.78
2025-12-11,9:41:21.457276548,T,TGT,F I,25,95.78
2025-12-11,9:41:21.457297702,T,TGT,F I,75,95.78
2025-12-11,9:41:21.457300690,T,TGT,F I,22,95.78
2025-12-11,9:41:21.457300690,T,TGT,F I,7,95.78
2025-12-11,9:41:21.457303622,T,TGT,F I,19,95.78
2025-12-11,9:41:21.461859483,T,TGT,,100,95.77
2025-12-11,9:41:21.461883490,T,TGT,I,39,95.77
2025-12-11,9:41:21.465347830,T,TGT,F I,5,95.77
2025-12-11,9:41:22.478443478,T,TGT,I,1,95.79
2025-12-11,9:41:22.478997065,T,TGT,F I,5,95.8
2025-12-11,9:41:22.478999661,T,TGT,F,101,95.8
2025-12-11,9:41:22.479002705,T,TGT,F I,10,95.8
2025-12-11,9:41:22.479005671,T,TGT,F I,8,95.8
2025-12-11,9:41:22.479177114,T,TGT,F I,2,95.81
2025-12-11,9:41:22.862461250,T,TGT,F I,80,95.83
2025-12-11,9:41:22.870132472,T,TGT,F I,80,95.86
2025-12-11,9:41:22.991700078,T,TGT,I,25,95.87
2025-12-11,9:41:22.991700078,T,TGT,I,75,95.86
2025-12-11,9:41:22.991721305,T,TGT,I,25,95.86
2025-12-11,9:41:22.991721305,T,TGT,I,75,95.86
2025-12-11,9:41:22.991724150,T,TGT,I,1,95.86
2025-12-11,9:41:22.991736241,T,TGT,I,24,95.86
2025-12-11,9:41:22.991739273,T,TGT,,100,95.86
2025-12-11,9:41:22.991968118,T,TGT,F I,2,95.87
2025-12-11,9:41:22.991968118,T,TGT,F I,13,95.88
2025-12-11,9:41:22.991973759,T,TGT,F,100,95.88
2025-12-11,9:41:22.991973759,T,TGT,F I,26,95.88
2025-12-11,9:41:22.991976830,T,TGT,F I,19,95.88
2025-12-11,9:41:22.992064623,T,TGT,I,2,95.86
2025-12-11,9:41:22.992064623,T,TGT,I,2,95.86
2025-12-11,9:41:22.992067055,T,TGT,I,26,95.86
2025-12-11,9:41:22.992069979,T,TGT,I,13,95.86
2025-12-11,9:41:26.182241943,T,TGT,F I,1,95.89
2025-12-11,9:41:26.182244224,T,TGT,F I,18,95.89
2025-12-11,9:41:30.832715173,T,TGT,F I,1,95.9
2025-12-11,9:41:30.832715173,T,TGT,F I,1,95.9
2025-12-11,9:41:30.832763284,T,TGT,F I,47,95.9
2025-12-11,9:41:30.832763284,T,TGT,F I,8,95.9
2025-12-11,9:41:31.610079149,T,TGT,,300,95.91
2025-12-11,9:41:31.610361820,T,TGT,I,25,95.91
2025-12-11,9:41:31.610370825,T,TGT,,400,95.91
2025-12-11,9:41:31.613762954,T,TGT,,200,95.91
2025-12-11,9:41:33.626948048,T,TGT,I,19,95.91
2025-12-11,9:41:35.260596019,T,TGT,F I,18,95.91
2025-12-11,9:41:37.159950921,T,TGT,F I,67,95.89
2025-12-11,9:41:37.159971992,T,TGT,F I,33,95.89
2025-12-11,9:41:37.159977943,T,TGT,F I,10,95.89
2025-12-11,9:41:37.159981548,T,TGT,F,100,95.89
2025-12-11,9:41:37.159981548,T,TGT,F,200,95.89
2025-12-11,9:41:37.160447080,T,TGT,,100,95.89
2025-12-11,9:41:37.197474293,T,TGT,F,100,95.89
2025-12-11,9:41:38.284314528,T,TGT,I,40,95.87
2025-12-11,9:41:41.611489036,T,TGT,F I,12,95.86
2025-12-11,9:41:41.611492897,T,TGT,F,200,95.86
2025-12-11,9:41:41.611492897,T,TGT,F,100,95.86
2025-12-11,9:41:44.609586619,T,TGT,,100,95.82
2025-12-11,9:41:44.610239093,T,TGT,I,40,95.81
2025-12-11,9:41:44.610242155,T,TGT,I,28,95.81
2025-12-11,9:41:44.610281200,T,TGT,,500,95.8
2025-12-11,9:41:44.611114212,T,TGT,F,100,95.81
2025-12-11,9:41:44.611114212,T,TGT,F I,10,95.81
2025-12-11,9:41:44.611147355,T,TGT,F I,12,95.82
2025-12-11,9:41:44.611151114,T,TGT,F I,23,95.82
2025-12-11,9:41:44.611151114,T,TGT,F,100,95.82
2025-12-11,9:41:44.611156577,T,TGT,F,100,95.82
2025-12-11,9:41:44.611276566,T,TGT,F I,23,95.83
2025-12-11,9:41:44.611279645,T,TGT,F I,12,95.83
2025-12-11,9:41:44.611279645,T,TGT,F,100,95.83
2025-12-11,9:41:44.611324736,T,TGT,,100,95.83
2025-12-11,9:41:44.611348799,T,TGT,,100,95.83
2025-12-11,9:41:44.620132684,T,TGT,I,40,95.85
2025-12-11,9:41:44.756111346,T,TGT,I,19,95.85
2025-12-11,9:41:47.677670521,T,TGT,F I,25,95.85
2025-12-11,9:41:47.677673211,T,TGT,F I,29,95.83
2025-12-11,9:41:47.677677003,T,TGT,F I,24,95.83
2025-12-11,9:41:47.677677003,T,TGT,F,100,95.83
2025-12-11,9:41:47.677681856,T,TGT,F I,25,95.83
2025-12-11,9:41:47.677681856,T,TGT,F,100,95.82
2025-12-11,9:41:47.677685085,T,TGT,F I,40,95.82
2025-12-11,9:41:47.677685085,T,TGT,F,100,95.82
2025-12-11,9:41:47.677688290,T,TGT,F,104,95.82
2025-12-11,9:41:47.677688290,T,TGT,F I,50,95.82
2025-12-11,9:41:47.677696947,T,TGT,,100,95.82
2025-12-11,9:41:47.677700632,T,TGT,I,1,95.82
2025-12-11,9:41:47.677700632,T,TGT,I,49,95.82
2025-12-11,9:41:47.677703063,T,TGT,I,51,95.82
2025-12-11,9:41:47.677706204,T,TGT,,100,95.83
2025-12-11,9:41:47.677708982,T,TGT,I,49,95.82
2025-12-11,9:41:47.677733038,T,TGT,I,29,95.82
2025-12-11,9:41:47.677817245,T,TGT,I,28,95.83
2025-12-11,9:41:47.678442737,T,TGT,F I,22,95.82
2025-12-11,9:41:47.678442737,T,TGT,F I,29,95.82
2025-12-11,9:41:47.678962950,T,TGT,F I,23,95.83
2025-12-11,9:41:47.678965948,T,TGT,F I,2,95.83
2025-12-11,9:41:47.686053951,T,TGT,F,100,95.83
2025-12-11,9:41:47.686059815,T,TGT,F I,27,95.83
2025-12-11,9:41:47.686059815,T,TGT,F I,4,95.83
2025-12-11,9:41:47.698458321,T,TGT,F I,23,95.84
2025-12-11,9:41:47.698458321,T,TGT,F I,62,95.84
2025-12-11,9:41:47.698476438,T,TGT,F I,86,95.84
2025-12-11,9:41:47.698482860,T,TGT,I,1,95.84
2025-12-11,9:41:47.709645064,T,TGT,,100,95.84
2025-12-11,9:41:57.646244768,T,TGT,F,100,95.84
2025-12-11,9:41:57.646247867,T,TGT,F,163,95.84
2025-12-11,9:41:57.646251198,T,TGT,F I,32,95.84
2025-12-11,9:41:57.646251198,T,TGT,F I,1,95.84
2025-12-11,9:41:57.646254278,T,TGT,F,200,95.84
2025-12-11,9:41:57.646254278,T,TGT,F I,1,95.84
2025-12-11,9:41:57.646257198,T,TGT,F I,1,95.84
2025-12-11,9:41:57.646260620,T,TGT,F I,2,95.84
2025-12-11,9:41:57.646260620,T,TGT,F I,1,95.84
2025-12-11,9:41:57.646263129,T,TGT,F I,1,95.84
2025-12-11,9:41:57.646263129,T,TGT,F I,1,95.84
2025-12-11,9:41:57.646298875,T,TGT,I,20,95.84
2025-12-11,9:41:57.646307867,T,TGT,F I,12,95.84
2025-12-11,9:41:57.646307867,T,TGT,F I,1,95.84
2025-12-11,9:41:57.646311380,T,TGT,F I,2,95.84
2025-12-11,9:41:57.646314473,T,TGT,F I,1,95.84
2025-12-11,9:41:57.646314473,T,TGT,F I,1,95.84
2025-12-11,9:41:57.646325940,T,TGT,I,1,95.84
2025-12-11,9:41:57.646334884,T,TGT,F I,1,95.84
2025-12-11,9:41:57.646343976,T,TGT,F I,1,95.84
2025-12-11,9:41:57.658273547,T,TGT,F,200,95.83
2025-12-11,9:41:57.658553714,T,TGT,F I,14,95.82
2025-12-11,9:41:57.658637231,T,TGT,F,100,95.83
2025-12-11,9:41:57.659437107,T,TGT,I,18,95.83
2025-12-11,9:41:57.868212529,T,TGT,F I,16,95.83
2025-12-11,9:41:57.868215550,T,TGT,F I,24,95.83
2025-12-11,9:41:57.868221925,T,TGT,F I,13,95.83
2025-12-11,9:41:57.868221925,T,TGT,F I,24,95.83
2025-12-11,9:41:57.868224825,T,TGT,F I,5,95.83
2025-12-11,9:41:57.868224825,T,TGT,F I,15,95.83
2025-12-11,9:41:57.868227542,T,TGT,F I,8,95.83
2025-12-11,9:42:06.333644776,T,TGT,F I,2,95.8
2025-12-11,9:42:06.333644776,T,TGT,F I,25,95.8
2025-12-11,9:42:07.211664021,T,TGT,F I,25,95.79
2025-12-11,9:42:07.211670006,T,TGT,F I,80,95.8
2025-12-11,9:42:07.211685055,T,TGT,F I,20,95.8
2025-12-11,9:42:07.211685055,T,TGT,F I,5,95.8
2025-12-11,9:42:10.640558833,T,TGT,F I,15,95.86
2025-12-11,9:42:10.640856548,T,TGT,F,200,95.88
2025-12-11,9:42:10.641418816,T,TGT,F I,11,95.88
2025-12-11,9:42:11.973252845,T,TGT,F I,1,95.93
2025-12-11,9:42:13.679586851,T,TGT,I,45,95.93
2025-12-11,9:42:13.679604836,T,TGT,F I,55,95.93
2025-12-11,9:42:13.679662011,T,TGT,,100,95.93
2025-12-11,9:42:13.679701123,T,TGT,,100,95.92
2025-12-11,9:42:13.679701123,T,TGT,,100,95.92
2025-12-11,9:42:15.553188454,T,TGT,I,23,95.91
2025-12-11,9:42:24.769298447,T,TGT,F I,1,95.92
2025-12-11,9:42:25.355794671,T,TGT,F I,50,95.9
2025-12-11,9:42:28.193411889,T,TGT,F I,21,95.92
2025-12-11,9:42:28.909444764,T,TGT,F,100,95.89
2025-12-11,9:42:28.909447879,T,TGT,F,200,95.89
2025-12-11,9:42:28.909450712,T,TGT,F I,16,95.89
2025-12-11,9:42:28.909450712,T,TGT,F I,10,95.89
2025-12-11,9:42:28.909910915,T,TGT,I,34,95.88
2025-12-11,9:42:28.909932127,T,TGT,I,55,95.88
2025-12-11,9:42:28.909934915,T,TGT,I,24,95.88
2025-12-11,9:42:28.909946948,T,TGT,F I,13,95.88
2025-12-11,9:42:28.909956025,T,TGT,I,64,95.88
2025-12-11,9:42:28.909956025,T,TGT,I,10,95.88
2025-12-11,9:42:28.910298766,T,TGT,I,10,95.88
2025-12-11,9:42:36.388310161,T,TGT,I,15,95.9
2025-12-11,9:42:36.389549067,T,TGT,I,8,95.9
2025-12-11,9:42:42.928185391,T,TGT,F,100,95.87
2025-12-11,9:42:42.928203498,T,TGT,F,100,95.87
2025-12-11,9:42:44.773288154,T,TGT,F I,10,95.94
2025-12-11,9:42:44.773291120,T,TGT,F I,90,95.94
2025-12-11,9:42:44.773309184,T,TGT,F I,10,95.94
2025-12-11,9:42:44.773312156,T,TGT,F I,23,95.94
2025-12-11,9:42:44.784420647,T,TGT,I,10,95.925
2025-12-11,9:42:48.917467031,T,TGT,,200,95.9
2025-12-11,9:42:57.683380652,T,TGT,F,100,95.88
2025-12-11,9:42:57.910042652,T,TGT,F I,21,95.87
2025-12-11,9:42:57.910042652,T,TGT,F I,48,95.87
2025-12-11,9:42:58.243016936,T,TGT,F I,10,95.89
2025-12-11,9:43:10.862755623,T,TGT,F I,1,95.93
2025-12-11,9:43:10.862773754,T,TGT,F I,99,95.93
2025-12-11,9:43:10.862776718,T,TGT,F I,11,95.93
2025-12-11,9:43:10.862881996,T,TGT,,100,95.94
2025-12-11,9:43:10.863447302,T,TGT,F I,22,95.95
2025-12-11,9:43:11.097864829,T,TGT,,100,95.97
2025-12-11,9:43:11.639695682,T,TGT,,200,95.96
2025-12-11,9:43:12.299464483,T,TGT,F I,5,95.97
2025-12-11,9:43:16.799034043,T,TGT,F,100,95.98
2025-12-11,9:43:16.799034043,T,TGT,F I,2,95.98
2025-12-11,9:43:16.799866427,T,TGT,F I,10,96.0
2025-12-11,9:43:16.799869447,T,TGT,F I,6,96.0
2025-12-11,9:43:16.799871959,T,TGT,F I,1,96.0
2025-12-11,9:43:16.799875427,T,TGT,F I,9,96.0
2025-12-11,9:43:16.799875427,T,TGT,F I,1,96.0
2025-12-11,9:43:16.799879181,T,TGT,F I,1,96.0
2025-12-11,9:43:16.799879181,T,TGT,F I,16,96.0
2025-12-11,9:43:16.799884891,T,TGT,F,175,96.0
2025-12-11,9:43:16.799884891,T,TGT,F I,35,96.0
2025-12-11,9:43:16.799887002,T,TGT,F I,1,96.0
2025-12-11,9:43:16.799890952,T,TGT,F I,50,96.0
2025-12-11,9:43:16.799890952,T,TGT,F I,6,96.0
2025-12-11,9:43:16.799893546,T,TGT,F I,20,96.0
2025-12-11,9:43:16.799897218,T,TGT,F I,25,96.0
2025-12-11,9:43:16.799899705,T,TGT,F I,15,96.0
2025-12-11,9:43:16.799905364,T,TGT,F I,50,96.0
2025-12-11,9:43:16.799905364,T,TGT,F I,10,96.0
2025-12-11,9:43:16.799912243,T,TGT,F I,5,96.0
2025-12-11,9:43:16.799912243,T,TGT,F I,14,96.0
2025-12-11,9:43:16.799917162,T,TGT,F I,4,96.0
2025-12-11,9:43:16.799927720,T,TGT,F I,1,96.0
2025-12-11,9:43:16.799927720,T,TGT,F I,21,96.0
2025-12-11,9:43:16.799932531,T,TGT,F I,52,96.0
2025-12-11,9:43:16.799932531,T,TGT,F I,10,96.0
2025-12-11,9:43:16.799941754,T,TGT,F I,66,96.0
2025-12-11,9:43:16.799945138,T,TGT,F,331,96.0
2025-12-11,9:43:16.799950342,T,TGT,F I,50,96.0
2025-12-11,9:43:16.799950342,T,TGT,F I,30,96.0
2025-12-11,9:43:16.799950342,T,TGT,F,100,96.0
2025-12-11,9:43:16.799950342,T,TGT,F,100,96.0
2025-12-11,9:43:16.799953415,T,TGT,F I,30,96.0
2025-12-11,9:43:16.800684690,T,TGT,F I,5,96.01
2025-12-11,9:43:16.800687339,T,TGT,F I,50,96.01
2025-12-11,9:43:16.800690307,T,TGT,F I,1,96.01
2025-12-11,9:43:16.800690307,T,TGT,F I,1,96.01
2025-12-11,9:43:16.801120741,T,TGT,F I,4,96.01
2025-12-11,9:43:16.801156021,T,TGT,I,1,96.01
2025-12-11,9:43:16.803645989,T,TGT,I,30,96.01
2025-12-11,9:43:16.803645989,T,TGT,I,92,96.0
2025-12-11,9:43:16.803667064,T,TGT,I,8,96.0
2025-12-11,9:43:16.803712210,T,TGT,F I,15,96.01
2025-12-11,9:43:16.803736277,T,TGT,I,2,96.01
2025-12-11,9:43:16.803739285,T,TGT,I,5,96.01
2025-12-11,9:43:16.803799873,T,TGT,,100,96.01
2025-12-11,9:43:16.803799873,T,TGT,I,1,96.0
2025-12-11,9:43:16.803802354,T,TGT,I,20,96.0
2025-12-11,9:43:16.803841795,T,TGT,I,80,96.0
2025-12-11,9:43:16.803841795,T,TGT,I,20,96.0
2025-12-11,9:43:16.803844466,T,TGT,I,30,96.0
2025-12-11,9:43:16.803901589,T,TGT,F I,1,96.0
2025-12-11,9:43:16.803934752,T,TGT,F I,1,96.0
2025-12-11,9:43:16.803940761,T,TGT,F I,19,96.0
2025-12-11,9:43:16.804127116,T,TGT,,100,96.0
2025-12-11,9:43:16.807645521,T,TGT,,100,96.01
2025-12-11,9:43:16.812685556,T,TGT,I,13,96.01
2025-12-11,9:43:16.812697717,T,TGT,I,87,96.01
2025-12-11,9:43:16.812697717,T,TGT,I,13,96.0
2025-12-11,9:43:21.979962122,T,TGT,I,25,96.06
2025-12-11,9:43:21.979962122,T,TGT,I,5,96.08
2025-12-11,9:43:26.432489356,T,TGT,F,100,96.08
2025-12-11,9:43:30.788312610,T,TGT,I,1,96.07
2025-12-11,9:43:32.869264152,T,TGT,F I,10,96.09
2025-12-11,9:43:32.869264152,T,TGT,F I,16,96.09
2025-12-11,9:43:34.134994497,T,TGT,F I,3,96.12
2025-12-11,9:43:34.134994497,T,TGT,F I,97,96.12
2025-12-11,9:43:34.135015496,T,TGT,F I,3,96.12
2025-12-11,9:43:42.332361566,T,TGT,F,100,96.12
2025-12-11,9:43:42.633547093,T,TGT,F I,11,96.13
2025-12-11,9:43:43.756671780,T,TGT,F I,1,96.14
2025-12-11,9:43:43.756674742,T,TGT,F I,6,96.15
2025-12-11,9:43:43.756677768,T,TGT,F I,42,96.15
2025-12-11,9:43:46.058445577,T,TGT,F I,40,96.17
2025-12-11,9:43:46.058448605,T,TGT,F,100,96.17
2025-12-11,9:43:46.058451479,T,TGT,F I,9,96.17
2025-12-11,9:43:46.060000223,T,TGT,F I,1,96.18
2025-12-11,9:43:46.060000223,T,TGT,F I,21,96.18
2025-12-11,9:43:46.061115730,T,TGT,I,6,96.19
2025-12-11,9:43:46.603929987,T,TGT,F I,1,96.2
2025-12-11,9:43:46.603932967,T,TGT,F,100,96.2
2025-12-11,9:43:48.012184942,T,TGT,I,1,96.23
2025-12-11,9:43:50.969339970,T,TGT,I,16,96.24
2025-12-11,9:43:50.976439873,T,TGT,F I,69,96.24
2025-12-11,9:43:51.459285263,T,TGT,F I,10,96.25
2025-12-11,9:43:51.459288174,T,TGT,F,190,96.25
2025-12-11,9:43:51.459306248,T,TGT,I,9,96.25
2025-12-11,9:43:51.459312265,T,TGT,I,55,96.25
2025-12-11,9:43:51.459312265,T,TGT,I,1,96.25
2025-12-11,9:43:51.459838511,T,TGT,I,9,96.25
2025-12-11,9:43:52.893113073,T,TGT,I,1,96.25
2025-12-11,9:43:52.899515376,T,TGT,I,16,96.25
2025-12-11,9:43:55.220104854,T,TGT,F I,1,96.26
2025-12-11,9:43:55.314752241,T,TGT,I,17,96.26
2025-12-11,9:43:58.401007924,T,TGT,F I,90,96.26
2025-12-11,9:43:58.401022937,T,TGT,I,1,96.26
2025-12-11,9:43:58.985077287,T,TGT,F,100,96.24
2025-12-11,9:43:58.985080333,T,TGT,F I,20,96.24
2025-12-11,9:43:58.985961449,T,TGT,F,200,96.22
2025-12-11,9:43:58.985961449,T,TGT,F,200,96.22
2025-12-11,9:43:58.985964432,T,TGT,F I,99,96.22
2025-12-11,9:43:58.985967428,T,TGT,F,100,96.22
2025-12-11,9:43:58.985988496,T,TGT,I,14,96.22
2025-12-11,9:43:58.986006551,T,TGT,I,16,96.22
2025-12-11,9:43:58.986006551,T,TGT,,100,96.22
2025-12-11,9:43:58.995933583,T,TGT,F,100,96.21
2025-12-11,9:43:58.995933583,T,TGT,F,100,96.21
2025-12-11,9:43:58.995936236,T,TGT,F,100,96.21
2025-12-11,9:43:59.016947236,T,TGT,,100,96.19
2025-12-11,9:43:59.103613735,T,TGT,I,4,96.17
2025-12-11,9:43:59.171975615,T,TGT,I,8,96.16
2025-12-11,9:44:00.254976206,T,TGT,I,4,96.15
2025-12-11,9:44:00.254978587,T,TGT,I,3,96.15
2025-12-11,9:44:00.306858346,T,TGT,,100,96.13
2025-12-11,9:44:00.306861300,T,TGT,I,10,96.13
2025-12-11,9:44:00.308193405,T,TGT,F I,3,96.12
2025-12-11,9:44:00.308217517,T,TGT,F I,27,96.12
2025-12-11,9:44:00.340547480,T,TGT,I,37,96.11
2025-12-11,9:44:00.340574601,T,TGT,I,63,96.11
2025-12-11,9:44:00.421184556,T,TGT,,100,96.09
2025-12-11,9:44:00.421206374,T,TGT,I,64,96.09
2025-12-11,9:44:00.421211659,T,TGT,I,36,96.09
2025-12-11,9:44:01.882582932,T,TGT,F,100,96.04
2025-12-11,9:44:01.882582932,T,TGT,F I,10,96.04
2025-12-11,9:44:01.924303686,T,TGT,,100,96.03
2025-12-11,9:44:01.924303686,T,TGT,I,34,96.03
2025-12-11,9:44:01.924322054,T,TGT,I,64,96.03
2025-12-11,9:44:01.924325337,T,TGT,I,38,96.03
2025-12-11,9:44:01.924328060,T,TGT,I,10,96.03
2025-12-11,9:44:01.924328060,T,TGT,I,1,96.03
2025-12-11,9:44:01.924336739,T,TGT,F I,25,96.03
2025-12-11,9:44:03.741626228,T,TGT,F I,3,96.05
2025-12-11,9:44:04.924473046,T,TGT,F I,11,96.1
2025-12-11,9:44:10.330593409,T,TGT,I,29,96.18
2025-12-11,9:44:17.008019893,T,TGT,I,24,96.14
2025-12-11,9:44:17.008022452,T,TGT,,200,96.14
2025-12-11,9:44:17.008025485,T,TGT,,100,96.14
2025-12-11,9:44:28.941941323,T,TGT,,100,96.13
2025-12-11,9:44:28.941944314,T,TGT,I,34,96.13
2025-12-11,9:44:28.941944314,T,TGT,,200,96.13
2025-12-11,9:44:38.188456863,T,TGT,I,1,96.17
2025-12-11,9:44:38.196843867,T,TGT,F I,1,96.18
2025-12-11,9:44:38.219490702,T,TGT,I,43,96.23
2025-12-11,9:44:38.219659195,T,TGT,F,350,96.24
2025-12-11,9:44:38.220919173,T,TGT,F I,10,96.25
2025-12-11,9:44:38.256160106,T,TGT,I,3,96.27
2025-12-11,9:44:38.256650267,T,TGT,F,200,96.28
2025-12-11,9:44:38.266862766,T,TGT,F I,1,96.3
2025-12-11,9:44:38.266862766,T,TGT,F I,2,96.3
2025-12-11,9:44:38.268694386,T,TGT,I,1,96.35
2025-12-11,9:44:38.268696950,T,TGT,I,2,96.36
2025-12-11,9:44:38.312812020,T,TGT,I,49,96.36
2025-12-11,9:44:38.369653466,T,TGT,I,70,96.35
2025-12-11,9:44:38.370856324,T,TGT,I,15,96.34
2025-12-11,9:44:38.370862323,T,TGT,I,1,96.34
2025-12-11,9:44:39.366973471,T,TGT,I,70,96.36
2025-12-11,9:44:43.341921240,T,TGT,F I,1,96.37
2025-12-11,9:44:43.345613985,T,TGT,F,270,96.375
2025-12-11,9:44:43.346101212,T,TGT,I,11,96.375
2025-12-11,9:44:43.346302650,T,TGT,F,100,96.375
2025-12-11,9:44:43.871164196,T,TGT,I,26,96.36
2025-12-11,9:44:43.871167147,T,TGT,,100,96.36
2025-12-11,9:44:44.354105724,T,TGT,F I,3,96.37
2025-12-11,9:44:44.354105724,T,TGT,F I,11,96.37
2025-12-11,9:44:45.817280540,T,TGT,F I,3,96.36
2025-12-11,9:44:45.817325678,T,TGT,F,200,96.35
2025-12-11,9:44:45.818335875,T,TGT,F I,3,96.33
2025-12-11,9:44:45.831107307,T,TGT,F I,4,96.32
2025-12-11,9:44:45.831171134,T,TGT,,100,96.31
2025-12-11,9:44:45.831179464,T,TGT,I,39,96.31
2025-12-11,9:44:45.831191775,T,TGT,,100,96.31
2025-12-11,9:44:45.831194530,T,TGT,I,1,96.31
2025-12-11,9:44:45.831194530,T,TGT,I,10,96.31
2025-12-11,9:44:45.831233591,T,TGT,I,8,96.31
2025-12-11,9:44:45.831248696,T,TGT,I,42,96.31
2025-12-11,9:44:46.017512433,T,TGT,,100,96.29
2025-12-11,9:44:46.017512433,T,TGT,I,13,96.29
2025-12-11,9:44:46.019136286,T,TGT,F,100,96.26
2025-12-11,9:44:49.636724648,T,TGT,I,12,96.24
2025-12-11,9:44:49.636724648,T,TGT,I,12,96.24
2025-12-11,9:44:49.636727643,T,TGT,,100,96.24
2025-12-11,9:44:51.638573061,T,TGT,F I,3,96.23
2025-12-11,9:44:51.638629973,T,TGT,F,100,96.23
2025-12-11,9:44:51.638633381,T,TGT,F I,20,96.22
2025-12-11,9:44:51.638635940,T,TGT,F,200,96.22
2025-12-11,9:44:51.638645607,T,TGT,,100,96.22
2025-12-11,9:44:51.638648017,T,TGT,,220,96.22
2025-12-11,9:44:51.638654054,T,TGT,F I,80,96.22
2025-12-11,9:44:52.490911383,T,TGT,I,10,96.23
2025-12-11,9:44:55.735786042,T,TGT,F,100,96.24
2025-12-11,9:44:55.735786042,T,TGT,F I,3,96.25
2025-12-11,9:45:01.519717311,T,TGT,F I,50,96.23
2025-12-11,9:45:09.368187051,T,TGT,I,18,96.29
2025-12-11,9:45:11.237452260,T,TGT,F I,10,96.32
2025-12-11,9:45:11.238865620,T,TGT,I,47,96.295
2025-12-11,9:45:11.238997912,T,TGT,I,25,96.32
2025-12-11,9:45:12.890845321,T,TGT,I,16,96.3
2025-12-11,9:45:12.990316266,T,TGT,I,14,96.3
2025-12-11,9:45:15.925690403,T,TGT,F,200,96.26
2025-12-11,9:45:15.926111338,T,TGT,F I,50,96.25
2025-12-11,9:45:15.927287173,T,TGT,F I,80,96.24
2025-12-11,9:45:19.707058491,T,TGT,I,24,96.18
2025-12-11,9:45:19.707058491,T,TGT,,200,96.18
2025-12-11,9:45:19.707060982,T,TGT,,100,96.18
2025-12-11,9:45:23.916654738,T,TGT,,100,96.185
2025-12-11,9:45:23.919273968,T,TGT,,100,96.185
2025-12-11,9:45:23.919902461,T,TGT,,100,96.185
2025-12-11,9:45:28.083450497,T,TGT,F I,10,96.2
2025-12-11,9:45:28.476402721,T,TGT,I,50,96.21
2025-12-11,9:45:28.476417717,T,TGT,I,70,96.21
2025-12-11,9:45:28.476427590,T,TGT,,100,96.21
2025-12-11,9:45:28.476430097,T,TGT,,100,96.21
2025-12-11,9:45:28.476432766,T,TGT,,100,96.21
2025-12-11,9:45:28.476453714,T,TGT,,100,96.2
2025-12-11,9:45:28.476474835,T,TGT,I,10,96.2
2025-12-11,9:45:28.476474835,T,TGT,I,1,96.2
2025-12-11,9:45:28.476477810,T,TGT,F I,19,96.2
2025-12-11,9:45:28.476480942,T,TGT,F I,34,96.2
2025-12-11,9:45:28.476484068,T,TGT,F I,32,96.2
2025-12-11,9:45:28.476484068,T,TGT,F I,19,96.2
2025-12-11,9:45:28.476986064,T,TGT,I,50,96.19
2025-12-11,9:45:28.476989043,T,TGT,,100,96.19
2025-12-11,9:45:30.601442355,T,TGT,F I,50,96.21
2025-12-11,9:45:31.447390642,T,TGT,F I,23,96.23
2025-12-11,9:45:31.448704703,T,TGT,I,23,96.23
2025-12-11,9:45:31.450127121,T,TGT,F I,23,96.22
2025-12-11,9:45:31.452538853,T,TGT,F I,25,96.22
2025-12-11,9:45:31.453856298,T,TGT,F I,45,96.22
2025-12-11,9:45:31.453856298,T,TGT,F I,55,96.21
2025-12-11,9:45:31.453859176,T,TGT,F I,50,96.21
2025-12-11,9:45:31.456358008,T,TGT,I,1,96.21
2025-12-11,9:45:31.457684104,T,TGT,I,10,96.21
2025-12-11,9:45:31.458024931,T,TGT,F I,34,96.21
2025-12-11,9:45:31.462209961,T,TGT,F,100,96.2
2025-12-11,9:45:31.486014736,T,TGT,,150,96.21
2025-12-11,9:45:31.555098269,T,TGT,F,100,96.22
2025-12-11,9:45:31.555131359,T,TGT,,100,96.21
2025-12-11,9:45:31.736279931,T,TGT,F I,98,96.26
2025-12-11,9:45:31.736279931,T,TGT,F I,33,96.27
2025-12-11,9:45:31.736328242,T,TGT,F I,67,96.27
2025-12-11,9:45:31.736328242,T,TGT,F I,64,96.28
2025-12-11,9:45:31.736412321,T,TGT,,100,96.26
2025-12-11,9:45:31.736412321,T,TGT,I,61,96.25
2025-12-11,9:45:31.736415148,T,TGT,,375,96.25
2025-12-11,9:45:31.736458538,T,TGT,,100,96.26
2025-12-11,9:45:31.736458538,T,TGT,,100,96.25
2025-12-11,9:45:31.736458538,T,TGT,I,67,96.25
2025-12-11,9:45:31.736487384,T,TGT,I,64,96.26
2025-12-11,9:45:31.736565594,T,TGT,I,36,96.26
2025-12-11,9:45:31.736821263,T,TGT,I,3,96.25
2025-12-11,9:45:31.736821263,T,TGT,I,33,96.25
2025-12-11,9:45:31.737140366,T,TGT,F,100,96.27
2025-12-11,9:45:31.737140366,T,TGT,F I,24,96.27
2025-12-11,9:45:31.737245103,T,TGT,I,25,96.27
2025-12-11,9:45:31.737245103,T,TGT,I,22,96.25
2025-12-11,9:45:31.737353384,T,TGT,I,24,96.25
2025-12-11,9:45:31.737413543,T,TGT,F I,25,96.26
2025-12-11,9:45:31.739004371,T,TGT,I,52,96.265
2025-12-11,9:45:31.739070907,T,TGT,I,2,96.25
2025-12-11,9:45:31.739073463,T,TGT,I,3,96.25
2025-12-11,9:45:31.739073463,T,TGT,I,14,96.25
2025-12-11,9:45:31.739311283,T,TGT,F,100,96.27
2025-12-11,9:45:31.739314140,T,TGT,F I,24,96.27
2025-12-11,9:45:31.739314140,T,TGT,F I,28,96.27
2025-12-11,9:45:31.739653966,T,TGT,I,16,96.25
2025-12-11,9:45:31.739653966,T,TGT,I,28,96.25
2025-12-11,9:45:31.739656877,T,TGT,,100,96.25
2025-12-11,9:45:31.739660446,T,TGT,I,23,96.25
2025-12-11,9:45:31.739660446,T,TGT,I,4,96.25
2025-12-11,9:45:31.739663173,T,TGT,I,24,96.25
2025-12-11,9:45:31.740553292,T,TGT,F,100,96.27
2025-12-11,9:45:31.740553292,T,TGT,F I,24,96.27
2025-12-11,9:45:31.740556051,T,TGT,F I,94,96.27
2025-12-11,9:45:31.740601156,T,TGT,F I,6,96.27
2025-12-11,9:45:31.740940973,T,TGT,I,19,96.26
2025-12-11,9:45:31.741371045,T,TGT,F I,26,96.27
2025-12-11,9:45:31.741698780,T,TGT,I,25,96.27
2025-12-11,9:45:31.741725792,T,TGT,I,6,96.27
2025-12-11,9:45:31.770630668,T,TGT,F I,1,96.28
2025-12-11,9:45:31.774645246,T,TGT,I,9,96.27
2025-12-11,9:45:31.774648317,T,TGT,I,24,96.27
2025-12-11,9:45:31.774648317,T,TGT,I,67,96.27
2025-12-11,9:45:31.774961057,T,TGT,F I,1,96.27
2025-12-11,9:45:31.774988034,T,TGT,I,5,96.27
2025-12-11,9:45:31.774991506,T,TGT,I,3,96.27
2025-12-11,9:45:31.799049017,T,TGT,I,24,96.26
2025-12-11,9:45:31.799051619,T,TGT,I,16,96.26
2025-12-11,9:45:31.799063414,T,TGT,I,25,96.27
2025-12-11,9:45:31.799075452,T,TGT,F,100,96.26
2025-12-11,9:45:31.799111853,T,TGT,I,9,96.26
2025-12-11,9:45:31.799111853,T,TGT,I,24,96.25
2025-12-11,9:45:31.799114543,T,TGT,I,21,96.25
2025-12-11,9:45:31.799225762,T,TGT,I,75,96.26
2025-12-11,9:45:31.799225762,T,TGT,I,25,96.27
2025-12-11,9:45:32.600138895,T,TGT,,100,96.26
2025-12-11,9:45:32.607286973,T,TGT,I,10,96.26
2025-12-11,9:45:32.607286973,T,TGT,I,15,96.26
2025-12-11,9:45:35.352605183,T,TGT,I,23,96.28
2025-12-11,9:45:35.836097088,T,TGT,I,1,96.265
2025-12-11,9:45:40.059391458,T,TGT,F I,4,96.23
2025-12-11,9:45:40.059394586,T,TGT,F,100,96.23
2025-12-11,9:45:40.059397493,T,TGT,F,100,96.22
2025-12-11,9:45:40.060546261,T,TGT,,100,96.22
2025-12-11,9:45:43.325222847,T,TGT,I,53,96.25
2025-12-11,9:45:43.395825060,T,TGT,I,3,96.26
2025-12-11,9:45:44.419117908,T,TGT,I,10,96.29
2025-12-11,9:45:47.346532018,T,TGT,F I,40,96.27
2025-12-11,9:45:47.346532018,T,TGT,F I,10,96.27
2025-12-11,9:45:47.346592240,T,TGT,F I,16,96.27
2025-12-11,9:45:49.220070393,T,TGT,F I,50,96.26
2025-12-11,9:45:49.220118497,T,TGT,F I,50,96.26
2025-12-11,9:45:49.647653075,T,TGT,,100,96.26
2025-12-11,9:45:49.647653075,T,TGT,I,33,96.25
2025-12-11,9:45:49.647656063,T,TGT,,200,96.25
2025-12-11,9:45:49.647671151,T,TGT,I,1,96.25
2025-12-11,9:45:49.647671151,T,TGT,F I,99,96.25
2025-12-11,9:45:49.647674265,T,TGT,F I,1,96.25
2025-12-11,9:45:49.647677406,T,TGT,I,10,96.25
2025-12-11,9:45:49.647680209,T,TGT,F I,89,96.25
2025-12-11,9:45:49.648212425,T,TGT,,100,96.26
2025-12-11,9:45:49.648489083,T,TGT,I,15,96.25
2025-12-11,9:45:49.648976297,T,TGT,I,16,96.25
2025-12-11,9:45:49.649337133,T,TGT,I,14,96.25
2025-12-11,9:45:49.649650052,T,TGT,I,17,96.25
2025-12-11,9:45:49.649650052,T,TGT,I,17,96.25
2025-12-11,9:45:54.183103261,T,TGT,F,200,96.2
2025-12-11,9:45:54.183106597,T,TGT,F I,5,96.2
2025-12-11,9:45:54.183106597,T,TGT,F,100,96.19
2025-12-11,9:45:54.183109298,T,TGT,F,100,96.19
2025-12-11,9:45:54.183440181,T,TGT,F I,50,96.19
2025-12-11,9:45:54.183455187,T,TGT,F,222,96.19
2025-12-11,9:46:01.714269148,T,TGT,,100,96.17
2025-12-11,9:46:03.038345065,T,TGT,F I,40,96.2
2025-12-11,9:46:03.038660320,T,TGT,F I,12,96.21
2025-12-11,9:46:03.039715877,T,TGT,I,10,96.21
2025-12-11,9:46:03.049374855,T,TGT,I,70,96.23
2025-12-11,9:46:05.389038796,T,TGT,I,20,96.3
2025-12-11,9:46:05.390349891,T,TGT,I,20,96.3
2025-12-11,9:46:05.390352865,T,TGT,I,20,96.3
2025-12-11,9:46:05.390394993,T,TGT,I,50,96.3
2025-12-11,9:46:05.390404020,T,TGT,I,70,96.3
2025-12-11,9:46:05.390422075,T,TGT,F,378,96.3
2025-12-11,9:46:05.390473176,T,TGT,,100,96.28
2025-12-11,9:46:05.408901032,T,TGT,I,20,96.26
2025-12-11,9:46:07.550558559,T,TGT,I,50,96.2
2025-12-11,9:46:08.321806446,T,TGT,F I,12,96.2
2025-12-11,9:46:08.322325933,T,TGT,I,70,96.17
2025-12-11,9:46:09.084491698,T,TGT,F I,1,96.16
2025-12-11,9:46:09.090289477,T,TGT,I,26,96.18
2025-12-11,9:46:10.018778658,T,TGT,,150,96.21
2025-12-11,9:46:10.018778658,T,TGT,,100,96.21
2025-12-11,9:46:10.018781741,T,TGT,,255,96.21
2025-12-11,9:46:10.018781741,T,TGT,I,70,96.2
2025-12-11,9:46:10.018784523,T,TGT,I,66,96.19
2025-12-11,9:46:10.019148341,T,TGT,I,40,96.25
2025-12-11,9:46:10.019157404,T,TGT,F I,40,96.25
2025-12-11,9:46:12.591064554,T,TGT,F I,40,96.27
2025-12-11,9:46:12.591789636,T,TGT,F I,20,96.3
2025-12-11,9:46:12.591789636,T,TGT,F I,20,96.3
2025-12-11,9:46:16.633126207,T,TGT,I,11,96.315
2025-12-11,9:46:20.695324901,T,TGT,F I,3,96.34
2025-12-11,9:46:20.695324901,T,TGT,F I,1,96.34
2025-12-11,9:46:20.695326869,T,TGT,F I,10,96.34
2025-12-11,9:46:20.695456107,T,TGT,F,100,96.35
2025-12-11,9:46:20.695801949,T,TGT,F I,20,96.36
2025-12-11,9:46:20.695804940,T,TGT,F I,9,96.36
2025-12-11,9:46:20.695970317,T,TGT,I,11,96.36
2025-12-11,9:46:22.413145241,T,TGT,F I,73,96.38
2025-12-11,9:46:22.413614402,T,TGT,F I,20,96.39
2025-12-11,9:46:22.413722679,T,TGT,F I,1,96.4
2025-12-11,9:46:22.413725592,T,TGT,F I,2,96.4
2025-12-11,9:46:22.413731695,T,TGT,F I,5,96.4
2025-12-11,9:46:22.413737723,T,TGT,I,43,96.4
2025-12-11,9:46:22.413741189,T,TGT,F I,1,96.4
2025-12-11,9:46:22.413743904,T,TGT,F I,14,96.4
2025-12-11,9:46:22.413746633,T,TGT,F I,10,96.41
2025-12-11,9:46:22.414946558,T,TGT,F I,20,96.41
2025-12-11,9:46:22.414946558,T,TGT,F I,25,96.41
2025-12-11,9:46:22.414949512,T,TGT,F I,10,96.41
2025-12-11,9:46:24.251920832,T,TGT,I,28,96.38
2025-12-11,9:46:24.251926813,T,TGT,,200,96.38
2025-12-11,9:46:24.251926813,T,TGT,I,17,96.38
2025-12-11,9:46:26.473430291,T,TGT,F I,5,96.37
2025-12-11,9:46:26.473679927,T,TGT,I,45,96.37
2025-12-11,9:46:30.836302243,T,TGT,F,200,96.4
2025-12-11,9:46:30.836323260,T,TGT,I,32,96.4
2025-12-11,9:46:30.836329262,T,TGT,I,1,96.4
2025-12-11,9:46:39.044970175,T,TGT,F I,50,96.39
2025-12-11,9:46:39.928983269,T,TGT,F I,40,96.38
2025-12-11,9:46:39.929091544,T,TGT,I,60,96.36
2025-12-11,9:46:39.929094558,T,TGT,I,11,96.36
2025-12-11,9:46:39.929094558,T,TGT,I,21,96.36
2025-12-11,9:46:39.929119374,T,TGT,I,6,96.36
2025-12-11,9:46:39.929119374,T,TGT,I,1,96.36
2025-12-11,9:46:39.929124583,T,TGT,,100,96.36
2025-12-11,9:46:40.670721397,T,TGT,I,4,96.36
2025-12-11,9:46:41.402698206,T,TGT,F,100,96.35
2025-12-11,9:46:41.402854623,T,TGT,F I,40,96.34
2025-12-11,9:46:41.402854623,T,TGT,F I,20,96.34
2025-12-11,9:46:41.402863545,T,TGT,F,100,96.34
2025-12-11,9:46:41.402924870,T,TGT,F I,50,96.34
2025-12-11,9:46:41.402929752,T,TGT,F I,50,96.34
2025-12-11,9:46:43.606790837,T,TGT,F,100,96.33
2025-12-11,9:46:43.606793089,T,TGT,F I,24,96.33
2025-12-11,9:46:43.606796169,T,TGT,F I,1,96.33
2025-12-11,9:46:43.606799285,T,TGT,F I,13,96.33
2025-12-11,9:46:43.606799285,T,TGT,F,100,96.33
2025-12-11,9:46:43.606802217,T,TGT,F,100,96.33
2025-12-11,9:46:43.606805159,T,TGT,F I,1,96.33
2025-12-11,9:46:46.046628757,T,TGT,F I,50,96.37
2025-12-11,9:46:50.276214174,T,TGT,F I,86,96.38
2025-12-11,9:47:05.305262695,T,TGT,,100,96.35
2025-12-11,9:47:05.305265701,T,TGT,I,1,96.34
2025-12-11,9:47:05.305265701,T,TGT,I,39,96.34
2025-12-11,9:47:05.305861127,T,TGT,F I,12,96.36
2025-12-11,9:47:05.305867093,T,TGT,F I,9,96.37
2025-12-11,9:47:05.306044542,T,TGT,F I,70,96.37
2025-12-11,9:47:14.112741601,T,TGT,F I,10,96.4
2025-12-11,9:47:14.112744275,T,TGT,F I,17,96.4
2025-12-11,9:47:14.113345680,T,TGT,I,42,96.41
2025-12-11,9:47:14.211397301,T,TGT,F I,9,96.41
2025-12-11,9:47:14.211400267,T,TGT,F I,1,96.41
2025-12-11,9:47:14.218461148,T,TGT,F,100,96.4
2025-12-11,9:47:33.015107683,T,TGT,,150,96.4
2025-12-11,9:47:33.015107683,T,TGT,,255,96.4
2025-12-11,9:47:33.015110590,T,TGT,I,69,96.39
2025-12-11,9:47:35.315750518,T,TGT,I,50,96.415
2025-12-11,9:47:35.315798625,T,TGT,I,50,96.415
2025-12-11,9:47:40.619479894,T,TGT,F I,1,96.4
2025-12-11,9:47:50.835888286,T,TGT,F I,5,96.39
2025-12-11,9:47:50.835888286,T,TGT,F I,1,96.39
2025-12-11,9:47:50.835888286,T,TGT,F I,94,96.39
2025-12-11,9:47:50.835919973,T,TGT,I,1,96.39
2025-12-11,9:47:50.835919973,T,TGT,I,5,96.39
2025-12-11,9:47:51.097356799,T,TGT,,100,96.38
2025-12-11,9:47:51.097356799,T,TGT,I,50,96.38
2025-12-11,9:48:05.415674340,T,TGT,I,6,96.38
2025-12-11,9:48:05.415674340,T,TGT,,100,96.38
2025-12-11,9:48:05.415692255,T,TGT,I,10,96.38
2025-12-11,9:48:05.415695258,T,TGT,I,30,96.38
2025-12-11,9:48:08.216092817,T,TGT,F I,2,96.37
2025-12-11,9:48:08.216116926,T,TGT,F I,2,96.37
2025-12-11,9:48:08.216123035,T,TGT,F I,98,96.37
2025-12-11,9:48:08.216149919,T,TGT,F I,1,96.36
2025-12-11,9:48:08.216153003,T,TGT,F,200,96.36
2025-12-11,9:48:08.216294326,T,TGT,F I,3,96.35
2025-12-11,9:48:08.216294326,T,TGT,F I,1,96.35
2025-12-11,9:48:08.216363949,T,TGT,F I,3,96.34
2025-12-11,9:48:08.216366536,T,TGT,F I,20,96.34
2025-12-11,9:48:08.216369449,T,TGT,F I,40,96.34
2025-12-11,9:48:08.217434002,T,TGT,,250,96.35
2025-12-11,9:48:08.217545239,T,TGT,I,34,96.34
2025-12-11,9:48:08.237296539,T,TGT,I,17,96.37
2025-12-11,9:48:08.237296539,T,TGT,I,3,96.37
2025-12-11,9:48:08.238207530,T,TGT,F I,17,96.38
2025-12-11,9:48:08.407216784,T,TGT,F I,1,96.37
2025-12-11,9:48:08.407216784,T,TGT,F I,49,96.37
2025-12-11,9:48:08.407222137,T,TGT,,151,96.37
2025-12-11,9:48:08.407258406,T,TGT,F,100,96.34
2025-12-11,9:48:08.407258406,T,TGT,F I,21,96.34
2025-12-11,9:48:08.407297761,T,TGT,I,24,96.37
2025-12-11,9:48:08.407297761,T,TGT,I,64,96.37
2025-12-11,9:48:08.407303341,T,TGT,I,12,96.37
2025-12-11,9:48:08.407318409,T,TGT,I,1,96.37
2025-12-11,9:48:08.407354464,T,TGT,F I,50,96.34
2025-12-11,9:48:08.407366919,T,TGT,F I,14,96.34
2025-12-11,9:48:08.407369913,T,TGT,F I,24,96.34
2025-12-11,9:48:08.407369913,T,TGT,F I,13,96.34
2025-12-11,9:48:08.407381621,T,TGT,F I,8,96.33
2025-12-11,9:48:08.407384533,T,TGT,F I,17,96.33
2025-12-11,9:48:08.407405759,T,TGT,F I,30,96.34
2025-12-11,9:48:08.407417661,T,TGT,I,3,96.34
2025-12-11,9:48:08.407420665,T,TGT,F I,25,96.34
2025-12-11,9:48:08.407426638,T,TGT,F I,30,96.34
2025-12-11,9:48:08.407435623,T,TGT,F I,42,96.34
2025-12-11,9:48:08.407438772,T,TGT,F I,58,96.34
2025-12-11,9:48:08.407441731,T,TGT,F I,67,96.34
2025-12-11,9:48:08.407441731,T,TGT,F I,30,96.34
2025-12-11,9:48:08.407468763,T,TGT,F I,8,96.35
2025-12-11,9:48:08.407472104,T,TGT,F I,17,96.35
2025-12-11,9:48:08.407472104,T,TGT,F,100,96.36
2025-12-11,9:48:08.407477748,T,TGT,F I,32,96.36
2025-12-11,9:48:08.407477748,T,TGT,F I,25,96.34
2025-12-11,9:48:08.407477748,T,TGT,F I,45,96.34
2025-12-11,9:48:08.407482188,T,TGT,F I,3,96.34
2025-12-11,9:48:08.407495808,T,TGT,I,72,96.34
2025-12-11,9:48:08.407511467,T,TGT,F I,28,96.34
2025-12-11,9:48:08.407513874,T,TGT,F I,14,96.34
2025-12-11,9:48:08.407555955,T,TGT,F I,8,96.34
2025-12-11,9:48:08.407613108,T,TGT,F I,17,96.34
2025-12-11,9:48:08.407622153,T,TGT,F I,3,96.35
2025-12-11,9:48:08.407643171,T,TGT,F I,67,96.34
2025-12-11,9:48:08.407643171,T,TGT,F I,3,96.34
2025-12-11,9:48:08.407646142,T,TGT,I,24,96.34
2025-12-11,9:48:08.407649222,T,TGT,I,3,96.34
2025-12-11,9:48:08.407685216,T,TGT,F,100,96.35
2025-12-11,9:48:08.407689263,T,TGT,I,3,96.35
2025-12-11,9:48:08.407689263,T,TGT,I,54,96.35
2025-12-11,9:48:08.407703295,T,TGT,F I,46,96.35
2025-12-11,9:48:08.407733398,T,TGT,I,9,96.35
2025-12-11,9:48:08.407742357,T,TGT,F I,46,96.35
2025-12-11,9:48:08.407760672,T,TGT,F,209,96.35
2025-12-11,9:48:08.407763459,T,TGT,I,6,96.35
2025-12-11,9:48:08.407770187,T,TGT,I,74,96.35
2025-12-11,9:48:08.407770187,T,TGT,,200,96.35
2025-12-11,9:48:08.407884139,T,TGT,I,40,96.35
2025-12-11,9:48:08.407887798,T,TGT,,100,96.35
2025-12-11,9:48:08.407887798,T,TGT,,100,96.35
2025-12-11,9:48:08.408094286,T,TGT,F I,66,96.34
2025-12-11,9:48:08.408154364,T,TGT,F,100,96.34
2025-12-11,9:48:08.408163459,T,TGT,,100,96.34
2025-12-11,9:48:08.409095584,T,TGT,I,1,96.34
2025-12-11,9:48:08.416168428,T,TGT,I,3,96.34
2025-12-11,9:48:08.416168428,T,TGT,I,1,96.34
2025-12-11,9:48:08.416601537,T,TGT,F,100,96.32
2025-12-11,9:48:08.417013438,T,TGT,F I,17,96.31
2025-12-11,9:48:08.417016549,T,TGT,F I,38,96.31
2025-12-11,9:48:08.443542757,T,TGT,F,100,96.32
2025-12-11,9:48:08.443542757,T,TGT,F I,17,96.32
2025-12-11,9:48:08.443867518,T,TGT,,100,96.32
2025-12-11,9:48:08.461302973,T,TGT,I,10,96.34
2025-12-11,9:48:08.461306072,T,TGT,I,11,96.34
2025-12-11,9:48:08.461308981,T,TGT,,100,96.34
2025-12-11,9:48:08.461636789,T,TGT,F,100,96.34
2025-12-11,9:48:09.019925818,T,TGT,I,4,96.35
2025-12-11,9:48:09.019929250,T,TGT,I,26,96.35
2025-12-11,9:48:09.019932101,T,TGT,,100,96.35
2025-12-11,9:48:09.019934822,T,TGT,I,3,96.35
2025-12-11,9:48:09.019934822,T,TGT,I,1,96.35
2025-12-11,9:48:09.020211749,T,TGT,F,100,96.35
2025-12-11,9:48:09.020461053,T,TGT,I,24,96.34
2025-12-11,9:48:09.020768267,T,TGT,,100,96.33
2025-12-11,9:48:09.020771164,T,TGT,I,8,96.33
2025-12-11,9:48:09.020773890,T,TGT,I,17,96.33
2025-12-11,9:48:10.975211586,T,TGT,I,67,96.34
2025-12-11,9:48:10.975214720,T,TGT,I,8,96.34
2025-12-11,9:48:10.975214720,T,TGT,I,17,96.34
2025-12-11,9:48:10.975220156,T,TGT,,100,96.34
2025-12-11,9:48:10.975223149,T,TGT,I,5,96.34
2025-12-11,9:48:10.975223149,T,TGT,I,60,96.34
2025-12-11,9:48:10.975547916,T,TGT,F,100,96.34
2025-12-11,9:48:10.975560042,T,TGT,I,25,96.335
2025-12-11,9:48:10.975560042,T,TGT,I,75,96.33
2025-12-11,9:48:10.975578381,T,TGT,I,1,96.33
2025-12-11,9:48:10.975581269,T,TGT,I,10,96.33
2025-12-11,9:48:10.975581269,T,TGT,I,14,96.33
2025-12-11,9:48:10.975584016,T,TGT,I,51,96.33
2025-12-11,9:48:10.975611163,T,TGT,I,75,96.33
2025-12-11,9:48:10.975617109,T,TGT,I,1,96.33
2025-12-11,9:48:10.975623413,T,TGT,,179,96.33
2025-12-11,9:48:10.975626465,T,TGT,,150,96.33
2025-12-11,9:48:10.975629103,T,TGT,,100,96.32
2025-12-11,9:48:10.975671988,T,TGT,I,10,96.32
2025-12-11,9:48:10.975674282,T,TGT,I,14,96.32
2025-12-11,9:48:10.975698271,T,TGT,F I,22,96.34
2025-12-11,9:48:10.975932898,T,TGT,F I,75,96.34
2025-12-11,9:48:10.976407969,T,TGT,,253,96.34
2025-12-11,9:48:10.976474151,T,TGT,,100,96.33
2025-12-11,9:48:10.976477223,T,TGT,I,3,96.33
2025-12-11,9:48:10.976480313,T,TGT,,110,96.33
2025-12-11,9:48:10.977926753,T,TGT,F I,1,96.34
2025-12-11,9:48:10.977926753,T,TGT,F I,27,96.34
2025-12-11,9:48:10.977930560,T,TGT,F I,1,96.34
2025-12-11,9:48:10.977930560,T,TGT,F I,1,96.34
2025-12-11,9:48:10.977932629,T,TGT,F,100,96.34
2025-12-11,9:48:10.978218371,T,TGT,F,100,96.34
2025-12-11,9:48:10.981776974,T,TGT,F I,22,96.36
2025-12-11,9:48:10.981779095,T,TGT,F,100,96.36
2025-12-11,9:48:10.982656840,T,TGT,I,30,96.34
2025-12-11,9:48:20.037489593,T,TGT,F,100,96.31
2025-12-11,9:48:20.037799501,T,TGT,F I,9,96.31
2025-12-11,9:48:20.357078920,T,TGT,,100,96.3
2025-12-11,9:48:21.949246263,T,TGT,F I,21,96.3
2025-12-11,9:48:21.949249016,T,TGT,F I,12,96.3
2025-12-11,9:48:24.591060773,T,TGT,F I,21,96.31
2025-12-11,9:48:24.594080053,T,TGT,I,17,96.35
2025-12-11,9:48:24.594083909,T,TGT,I,30,96.35
2025-12-11,9:48:24.594083909,T,TGT,I,24,96.35
2025-12-11,9:48:24.594086399,T,TGT,I,19,96.35
2025-12-11,9:48:24.594088987,T,TGT,,100,96.35
2025-12-11,9:48:26.422348578,T,TGT,F I,1,96.35
2025-12-11,9:48:26.422363563,T,TGT,I,1,96.35
2025-12-11,9:48:40.759316442,T,TGT,,200,96.32
2025-12-11,9:48:43.762905053,T,TGT,F I,46,96.33
2025-12-11,9:48:43.762926044,T,TGT,F I,54,96.33
2025-12-11,9:48:43.762926044,T,TGT,F I,26,96.33
2025-12-11,9:48:43.763115476,T,TGT,I,25,96.33
2025-12-11,9:48:43.763115476,T,TGT,I,75,96.33
2025-12-11,9:48:45.183637042,T,TGT,,500,96.35
2025-12-11,9:48:45.183637042,T,TGT,I,6,96.35
2025-12-11,9:48:45.183642686,T,TGT,I,10,96.35
2025-12-11,9:49:04.793215672,T,TGT,F,100,96.37
2025-12-11,9:49:04.793444227,T,TGT,F I,10,96.37
2025-12-11,9:49:04.794129896,T,TGT,F I,2,96.38
2025-12-11,9:49:04.794132868,T,TGT,F I,12,96.38
2025-12-11,9:49:04.800198363,T,TGT,I,5,96.38
2025-12-11,9:49:04.806808064,T,TGT,I,21,96.36
2025-12-11,9:49:06.618230668,T,TGT,,100,96.36
2025-12-11,9:49:06.618248828,T,TGT,I,10,96.36
2025-12-11,9:49:06.618248828,T,TGT,I,1,96.36
2025-12-11,9:49:06.618254855,T,TGT,F I,35,96.36
2025-12-11,9:49:06.618254855,T,TGT,F I,11,96.36
2025-12-11,9:49:09.156382397,T,TGT,F I,17,96.35
2025-12-11,9:49:15.286992381,T,TGT,F I,21,96.39
2025-12-11,9:49:15.286994655,T,TGT,F I,13,96.39
2025-12-11,9:49:15.286997697,T,TGT,F,100,96.39
2025-12-11,9:49:15.287379757,T,TGT,F,150,96.4
2025-12-11,9:49:15.287379757,T,TGT,F,100,96.4
2025-12-11,9:49:15.287382683,T,TGT,F,100,96.4
2025-12-11,9:49:15.287385695,T,TGT,F,100,96.4
2025-12-11,9:49:15.487455245,T,TGT,F I,50,96.39
2025-12-11,9:49:15.487491274,T,TGT,F I,50,96.39
2025-12-11,9:49:20.773367130,T,TGT,F I,35,96.37
2025-12-11,9:49:20.773370180,T,TGT,F I,15,96.37
2025-12-11,9:49:24.784915104,T,TGT,I,40,96.37
2025-12-11,9:49:24.784915104,T,TGT,I,18,96.37
2025-12-11,9:49:24.784976583,T,TGT,F I,1,96.36
2025-12-11,9:49:24.784976583,T,TGT,F I,10,96.36
2025-12-11,9:49:24.784981224,T,TGT,F,100,96.36
2025-12-11,9:49:24.784996731,T,TGT,F I,30,96.36
2025-12-11,9:49:24.784999423,T,TGT,F I,28,96.36
2025-12-11,9:49:24.784999423,T,TGT,F I,80,96.36
2025-12-11,9:49:24.785002388,T,TGT,I,10,96.36
2025-12-11,9:49:24.785005357,T,TGT,I,1,96.36
2025-12-11,9:49:24.785041396,T,TGT,I,9,96.36
2025-12-11,9:49:28.292558570,T,TGT,I,3,96.38
2025-12-11,9:49:28.292576747,T,TGT,F I,7,96.38
2025-12-11,9:49:28.292600658,T,TGT,I,10,96.38
2025-12-11,9:49:35.830180918,T,TGT,F I,50,96.36
2025-12-11,9:49:35.830183844,T,TGT,F I,7,96.36
2025-12-11,9:49:42.645714084,T,TGT,F,100,96.35
2025-12-11,9:49:42.645714084,T,TGT,F,100,96.35
2025-12-11,9:49:42.648399360,T,TGT,I,50,96.33
2025-12-11,9:49:42.650970478,T,TGT,F,100,96.32
2025-12-11,9:49:42.665894945,T,TGT,F I,4,96.28
2025-12-11,9:49:42.696859776,T,TGT,I,28,96.3
2025-12-11,9:49:43.404454546,T,TGT,F,100,96.31
2025-12-11,9:49:44.021879449,T,TGT,I,1,96.33
2025-12-11,9:49:45.081315305,T,TGT,F I,1,96.31
2025-12-11,9:49:45.081895696,T,TGT,F I,50,96.3
2025-12-11,9:49:45.081935028,T,TGT,I,8,96.3
2025-12-11,9:49:45.082193460,T,TGT,F I,34,96.28
2025-12-11,9:49:45.082193460,T,TGT,F I,16,96.28
2025-12-11,9:49:45.082831320,T,TGT,F I,2,96.27
2025-12-11,9:49:45.082851993,T,TGT,I,2,96.27
2025-12-11,9:49:45.082888153,T,TGT,F I,50,96.27
2025-12-11,9:49:45.082933255,T,TGT,F I,50,96.27
2025-12-11,9:49:45.083107654,T,TGT,F I,50,96.27
2025-12-11,9:49:45.084935961,T,TGT,I,48,96.27
2025-12-11,9:49:45.104608835,T,TGT,I,99,96.26
2025-12-11,9:49:45.105213324,T,TGT,F I,1,96.26
2025-12-11,9:49:45.105216309,T,TGT,F I,99,96.25
2025-12-11,9:49:45.105237398,T,TGT,I,1,96.25
2025-12-11,9:49:55.178061616,T,TGT,I,30,96.27
2025-12-11,9:49:55.178064537,T,TGT,,100,96.27
2025-12-11,9:49:55.627034035,T,TGT,F I,10,96.29
2025-12-11,9:49:55.627082218,T,TGT,F I,10,96.3
2025-12-11,9:49:55.627085630,T,TGT,F I,16,96.3
2025-12-11,9:49:56.949822439,T,TGT,I,13,96.31
2025-12-11,9:49:56.950132248,T,TGT,F I,50,96.33
2025-12-11,9:49:56.950186287,T,TGT,F I,49,96.33
2025-12-11,9:49:56.951704953,T,TGT,I,64,96.325
2025-12-11,9:49:57.199813945,T,TGT,F I,6,96.35
2025-12-11,9:50:06.532208150,T,TGT,,140,96.39
2025-12-11,9:50:06.534523967,T,TGT,F I,1,96.43
2025-12-11,9:50:06.534526690,T,TGT,F I,11,96.43
2025-12-11,9:50:06.537771621,T,TGT,I,20,96.46
2025-12-11,9:50:06.537771621,T,TGT,I,17,96.46
2025-12-11,9:50:08.460897907,T,TGT,F I,30,96.44
2025-12-11,9:50:08.460921970,T,TGT,F I,30,96.43
2025-12-11,9:50:08.460921970,T,TGT,F I,59,96.43
2025-12-11,9:50:08.460979094,T,TGT,F,100,96.42
2025-12-11,9:50:08.460994106,T,TGT,F I,30,96.42
2025-12-11,9:50:08.466614579,T,TGT,I,84,96.4
2025-12-11,9:50:09.404491877,T,TGT,F I,16,96.4
2025-12-11,9:50:09.404495114,T,TGT,F,100,96.38
2025-12-11,9:50:09.404495114,T,TGT,F I,12,96.38
2025-12-11,9:50:09.404497842,T,TGT,F I,14,96.38
2025-12-11,9:50:09.404621183,T,TGT,F I,70,96.38
2025-12-11,9:50:09.404624179,T,TGT,F I,60,96.38
2025-12-11,9:50:10.795978953,T,TGT,,100,96.39
2025-12-11,9:50:12.818570496,T,TGT,,100,96.4
2025-12-11,9:50:12.818570496,T,TGT,I,6,96.4
2025-12-11,9:50:12.818573508,T,TGT,I,14,96.4
2025-12-11,9:50:12.818588608,T,TGT,I,58,96.4
2025-12-11,9:50:12.818588608,T,TGT,I,1,96.4
2025-12-11,9:50:12.818591489,T,TGT,F I,21,96.4
2025-12-11,9:50:23.050690136,T,TGT,F I,40,96.42
2025-12-11,9:50:28.739991969,T,TGT,F I,10,96.43
2025-12-11,9:50:32.921159068,T,TGT,F,100,96.46
2025-12-11,9:50:35.794269906,T,TGT,F I,1,96.46
2025-12-11,9:50:46.800794369,T,TGT,F I,10,96.44
2025-12-11,9:50:46.800825763,T,TGT,F,100,96.43
2025-12-11,9:50:46.800827541,T,TGT,F,100,96.43
2025-12-11,9:50:46.800831023,T,TGT,F I,53,96.43
2025-12-11,9:50:46.800924475,T,TGT,F I,80,96.42
2025-12-11,9:50:46.801922225,T,TGT,I,70,96.42
2025-12-11,9:50:46.816073813,T,TGT,F I,50,96.4
2025-12-11,9:50:46.816127889,T,TGT,F I,50,96.4
2025-12-11,9:50:46.851705709,T,TGT,,100,96.4
2025-12-11,9:50:46.851708701,T,TGT,,100,96.4
2025-12-11,9:50:47.354578640,T,TGT,F,100,96.41
2025-12-11,9:50:47.354578640,T,TGT,F,100,96.41
2025-12-11,9:50:50.131021038,T,TGT,,100,96.39
2025-12-11,9:50:50.131024365,T,TGT,I,9,96.38
2025-12-11,9:50:50.131069351,T,TGT,,200,96.39
2025-12-11,9:50:50.131189384,T,TGT,I,91,96.38
2025-12-11,9:50:50.131189384,T,TGT,I,60,96.38
2025-12-11,9:50:50.131192454,T,TGT,I,36,96.38
2025-12-11,9:50:50.131192454,T,TGT,I,10,96.38
2025-12-11,9:50:50.131210641,T,TGT,I,1,96.38
2025-12-11,9:50:50.131210641,T,TGT,I,10,96.38
2025-12-11,9:50:50.131336805,T,TGT,F,100,96.39
2025-12-11,9:50:50.131342798,T,TGT,F I,30,96.39
2025-12-11,9:51:04.106091683,T,TGT,F I,1,96.4
2025-12-11,9:51:08.672807197,T,TGT,F I,30,96.38
2025-12-11,9:51:08.672811100,T,TGT,F,100,96.38
2025-12-11,9:51:08.672811100,T,TGT,F I,4,96.38
2025-12-11,9:51:08.672811100,T,TGT,F I,30,96.38
2025-12-11,9:51:08.672813414,T,TGT,F I,72,96.38
2025-12-11,9:51:08.672816191,T,TGT,F I,1,96.38
2025-12-11,9:51:08.672819378,T,TGT,F I,35,96.38
2025-12-11,9:51:08.672822187,T,TGT,F I,65,96.38
2025-12-11,9:51:08.672822187,T,TGT,F I,50,96.38
2025-12-11,9:51:08.672828172,T,TGT,F,100,96.38
2025-12-11,9:51:08.672828172,T,TGT,F I,20,96.38
2025-12-11,9:51:08.673504929,T,TGT,F I,70,96.37
2025-12-11,9:51:08.673507886,T,TGT,F I,1,96.35
2025-12-11,9:51:08.673510787,T,TGT,F I,29,96.35
2025-12-11,9:51:08.673637106,T,TGT,,160,96.36
2025-12-11,9:51:08.673676269,T,TGT,F,100,96.37
2025-12-11,9:51:08.673685275,T,TGT,F I,47,96.37
2025-12-11,9:51:08.673685275,T,TGT,I,3,96.37
2025-12-11,9:51:08.673695798,T,TGT,F I,50,96.37
2025-12-11,9:51:08.673695798,T,TGT,F I,50,96.37
2025-12-11,9:51:08.673695798,T,TGT,I,1,96.37
2025-12-11,9:51:08.673706309,T,TGT,F I,49,96.37
2025-12-11,9:51:08.673928814,T,TGT,F I,19,96.38
2025-12-11,9:51:08.673940841,T,TGT,F I,18,96.38
2025-12-11,9:51:08.674158189,T,TGT,,282,96.38
2025-12-11,9:51:08.674160427,T,TGT,,100,96.37
2025-12-11,9:51:08.674166341,T,TGT,I,20,96.37
2025-12-11,9:51:08.674187480,T,TGT,I,1,96.37
2025-12-11,9:51:08.695854030,T,TGT,F I,24,96.36
2025-12-11,9:51:09.071379673,T,TGT,I,20,96.32
2025-12-11,9:51:09.071554371,T,TGT,F I,50,96.32
2025-12-11,9:51:09.071563148,T,TGT,I,20,96.32
2025-12-11,9:51:09.071680363,T,TGT,F I,30,96.32
2025-12-11,9:51:09.091154784,T,TGT,F I,60,96.31
2025-12-11,9:51:09.091154784,T,TGT,F I,52,96.3
2025-12-11,9:51:09.091617927,T,TGT,I,2,96.31
2025-12-11,9:51:09.091621011,T,TGT,,100,96.31
2025-12-11,9:51:09.091621011,T,TGT,I,59,96.31
2025-12-11,9:51:09.091623978,T,TGT,I,19,96.31
2025-12-11,9:51:09.091831452,T,TGT,F I,97,96.31
2025-12-11,9:51:09.091855573,T,TGT,I,1,96.31
2025-12-11,9:51:09.091858582,T,TGT,I,10,96.31
2025-12-11,9:51:09.091858582,T,TGT,F I,92,96.31
2025-12-11,9:51:09.111561441,T,TGT,I,48,96.3
2025-12-11,9:51:14.665607301,T,TGT,F I,1,96.21
2025-12-11,9:51:15.884029217,T,TGT,F,100,96.26
2025-12-11,9:51:15.884029217,T,TGT,F I,6,96.26
2025-12-11,9:51:15.884050273,T,TGT,F I,18,96.26
2025-12-11,9:51:15.884053388,T,TGT,I,1,96.26
2025-12-11,9:51:15.884053388,T,TGT,I,51,96.26
2025-12-11,9:51:23.281312853,T,TGT,F I,14,96.27
2025-12-11,9:51:25.700762894,T,TGT,F I,10,96.23
2025-12-11,9:51:25.700811003,T,TGT,F I,49,96.22
2025-12-11,9:51:25.700820033,T,TGT,F I,51,96.22
2025-12-11,9:51:25.703231737,T,TGT,F,100,96.2
2025-12-11,9:51:25.703234757,T,TGT,F I,1,96.2
2025-12-11,9:51:25.703475295,T,TGT,F I,30,96.19
2025-12-11,9:51:25.706530659,T,TGT,F I,30,96.17
2025-12-11,9:51:25.706530659,T,TGT,F I,5,96.17
2025-12-11,9:51:25.706533623,T,TGT,F,235,96.17
2025-12-11,9:51:25.715765618,T,TGT,I,25,96.175
2025-12-11,9:51:26.989971215,T,TGT,F,100,96.19
2025-12-11,9:51:26.989971215,T,TGT,F I,23,96.19
2025-12-11,9:51:27.199437174,T,TGT,,200,96.17
2025-12-11,9:51:27.200189605,T,TGT,F,100,96.16
2025-12-11,9:51:27.200192036,T,TGT,F I,10,96.16
2025-12-11,9:51:37.263153421,T,TGT,I,60,96.21
2025-12-11,9:51:37.263153421,T,TGT,I,6,96.21
2025-12-11,9:51:37.263155861,T,TGT,I,20,96.21
2025-12-11,9:51:37.263158735,T,TGT,,100,96.21
2025-12-11,9:51:37.263161567,T,TGT,I,10,96.21
2025-12-11,9:51:37.263161567,T,TGT,,100,96.21
2025-12-11,9:51:37.263164633,T,TGT,,100,96.21
2025-12-11,9:51:38.262412130,T,TGT,I,10,96.2
2025-12-11,9:51:38.262415192,T,TGT,I,1,96.2
2025-12-11,9:51:41.006723008,T,TGT,I,1,96.18
2025-12-11,9:51:45.853219309,T,TGT,F I,20,96.18
2025-12-11,9:51:45.853223155,T,TGT,F,100,96.18
2025-12-11,9:51:45.853225365,T,TGT,F,100,96.18
2025-12-11,9:51:45.853228260,T,TGT,F I,20,96.18
2025-12-11,9:51:45.853228260,T,TGT,F I,20,96.18
2025-12-11,9:51:45.853231179,T,TGT,F I,3,96.18
2025-12-11,9:51:45.853568057,T,TGT,I,7,96.18
2025-12-11,9:51:45.853592066,T,TGT,I,93,96.18
2025-12-11,9:51:47.846075896,T,TGT,I,1,96.17
2025-12-11,9:51:47.846078903,T,TGT,I,1,96.17
2025-12-11,9:51:47.931350003,T,TGT,,100,96.15
2025-12-11,9:51:47.931352983,T,TGT,,100,96.15
2025-12-11,9:51:47.931356071,T,TGT,I,13,96.15
2025-12-11,9:51:47.934035436,T,TGT,F,200,96.14
2025-12-11,9:51:47.954878595,T,TGT,F I,11,96.15
2025-12-11,9:51:47.954881965,T,TGT,F,100,96.15
2025-12-11,9:51:47.954881965,T,TGT,F,100,96.15
2025-12-11,9:51:47.954899185,T,TGT,I,1,96.15
2025-12-11,9:51:47.955227191,T,TGT,I,86,96.15
2025-12-11,9:51:47.955248020,T,TGT,F I,14,96.15
2025-12-11,9:51:51.038547410,T,TGT,F I,11,96.15
2025-12-11,9:51:54.090229594,T,TGT,F I,4,96.13
2025-12-11,9:51:54.090232644,T,TGT,F,100,96.13
2025-12-11,9:51:54.090235620,T,TGT,F,100,96.13
2025-12-11,9:51:54.090317165,T,TGT,F I,40,96.12
2025-12-11,9:51:54.090319909,T,TGT,F I,3,96.12
2025-12-11,9:51:54.091501767,T,TGT,F I,20,96.13
2025-12-11,9:51:54.091501767,T,TGT,F I,36,96.13
2025-12-11,9:51:54.091501767,T,TGT,F,100,96.13
2025-12-11,9:51:54.292726027,T,TGT,F I,50,96.15
2025-12-11,9:51:54.293008781,T,TGT,F I,48,96.15
2025-12-11,9:51:54.303145985,T,TGT,F,200,96.16
2025-12-11,9:51:54.303157913,T,TGT,F I,60,96.16
2025-12-11,9:51:54.665701695,T,TGT,F I,40,96.17
2025-12-11,9:51:56.956189355,T,TGT,F I,10,96.18
2025-12-11,9:51:59.163490136,T,TGT,,100,96.18
2025-12-11,9:51:59.163490136,T,TGT,I,36,96.18
2025-12-11,9:51:59.163492911,T,TGT,I,36,96.18
2025-12-11,9:51:59.163496510,T,TGT,,100,96.18
2025-12-11,9:51:59.163496510,T,TGT,I,90,96.18
2025-12-11,9:51:59.163498919,T,TGT,I,20,96.18
2025-12-11,9:52:13.498767655,T,TGT,F I,93,96.1
2025-12-11,9:52:13.498791960,T,TGT,F I,7,96.1
2025-12-11,9:52:13.498791960,T,TGT,F I,1,96.1
2025-12-11,9:52:13.499567538,T,TGT,I,1,96.09
2025-12-11,9:52:22.084209263,T,TGT,I,1,96.1
2025-12-11,9:52:22.084212280,T,TGT,,100,96.1
2025-12-11,9:52:22.084368727,T,TGT,F,300,96.11
2025-12-11,9:52:22.085568590,T,TGT,F I,10,96.12
2025-12-11,9:52:22.085791030,T,TGT,,100,96.12
2025-12-11,9:52:22.086100869,T,TGT,I,9,96.12
2025-12-11,9:52:22.721634861,T,TGT,F I,16,96.12
2025-12-11,9:52:28.871357683,T,TGT,I,50,96.145
2025-12-11,9:52:28.871414830,T,TGT,F I,50,96.145
2025-12-11,9:52:48.353956118,T,TGT,I,30,96.13
2025-12-11,9:52:54.978044146,T,TGT,I,50,96.12
2025-12-11,9:52:54.978582430,T,TGT,F,100,96.11
2025-12-11,9:52:54.979319114,T,TGT,F,100,96.09
2025-12-11,9:52:54.979322517,T,TGT,F I,5,96.09
2025-12-11,9:53:00.126098638,T,TGT,I,10,96.075
2025-12-11,9:53:00.126736170,T,TGT,I,40,96.07
2025-12-11,9:53:00.128011377,T,TGT,I,3,96.06
2025-12-11,9:53:00.152281978,T,TGT,I,20,96.08
2025-12-11,9:53:01.894816398,T,TGT,F I,1,96.07
2025-12-11,9:53:01.894864512,T,TGT,I,5,96.07
2025-12-11,9:53:01.894903598,T,TGT,I,14,96.07
2025-12-11,9:53:01.895243428,T,TGT,,100,96.07
2025-12-11,9:53:13.082690829,T,TGT,F I,97,96.06
2025-12-11,9:53:13.082690829,T,TGT,F,100,96.06
2025-12-11,9:53:13.083232341,T,TGT,,100,96.06
2025-12-11,9:53:13.083235196,T,TGT,I,2,96.07
2025-12-11,9:53:13.083295888,T,TGT,F I,2,96.06
2025-12-11,9:53:13.083331484,T,TGT,I,2,96.07
2025-12-11,9:53:13.083334465,T,TGT,I,28,96.07
2025-12-11,9:53:13.083337374,T,TGT,I,20,96.06
2025-12-11,9:53:13.083406581,T,TGT,,156,96.055
2025-12-11,9:53:13.083707305,T,TGT,F I,34,96.07
2025-12-11,9:53:13.083710224,T,TGT,F I,2,96.07
2025-12-11,9:53:13.083713527,T,TGT,F,100,96.07
2025-12-11,9:53:13.083713527,T,TGT,F I,20,96.07
2025-12-11,9:53:13.083716524,T,TGT,F I,29,96.07
2025-12-11,9:53:13.083719289,T,TGT,F I,2,96.07
2025-12-11,9:53:13.083731383,T,TGT,I,1,96.07
2025-12-11,9:53:13.083740985,T,TGT,I,7,96.07
2025-12-11,9:53:13.083740985,T,TGT,I,42,96.07
2025-12-11,9:53:13.083743391,T,TGT,I,1,96.07
2025-12-11,9:53:13.622771542,T,TGT,F,200,96.07
2025-12-11,9:53:20.927335531,T,TGT,I,1,96.05
2025-12-11,9:53:20.927365639,T,TGT,I,5,96.05
2025-12-11,9:53:29.623648577,T,TGT,F I,40,96.01
2025-12-11,9:53:29.623648577,T,TGT,F I,81,96.01
2025-12-11,9:53:29.623651326,T,TGT,F,100,96.01
2025-12-11,9:53:32.053284064,T,TGT,F I,10,96.02
2025-12-11,9:53:32.053286639,T,TGT,F,100,96.02
2025-12-11,9:53:35.929593376,T,TGT,F I,11,96.035
2025-12-11,9:53:35.929593376,T,TGT,F I,11,96.035
2025-12-11,9:53:35.929599371,T,TGT,I,11,96.035
2025-12-11,9:53:35.929611410,T,TGT,I,50,96.035
2025-12-11,9:53:35.929626447,T,TGT,I,11,96.035
2025-12-11,9:53:35.929641787,T,TGT,I,6,96.035
2025-12-11,9:53:35.929680530,T,TGT,,100,96.035
2025-12-11,9:53:35.929719708,T,TGT,I,11,96.04
2025-12-11,9:53:35.929894049,T,TGT,,100,96.04
2025-12-11,9:53:42.334973247,T,TGT,,100,96.07
2025-12-11,9:53:42.335247322,T,TGT,I,5,96.07
2025-12-11,9:53:42.335412196,T,TGT,F,100,96.07
2025-12-11,9:53:42.337357831,T,TGT,F,100,96.08
2025-12-11,9:53:48.570725052,T,TGT,F I,1,96.09
2025-12-11,9:53:54.027831747,T,TGT,I,1,96.09
2025-12-11,9:54:04.343550528,T,TGT,F,100,96.05
2025-12-11,9:54:06.927200711,T,TGT,,116,96.0
2025-12-11,9:54:23.309004019,T,TGT,I,60,95.96
2025-12-11,9:54:23.309006999,T,TGT,,100,95.96
2025-12-11,9:54:23.791837374,T,TGT,F I,60,95.9
2025-12-11,9:54:27.855024110,T,TGT,F I,52,95.88
2025-12-11,9:54:36.052207841,T,TGT,F I,11,95.85
2025-12-11,9:54:36.052225876,T,TGT,F I,89,95.85
2025-12-11,9:54:36.073624897,T,TGT,F,100,95.86
2025-12-11,9:54:36.073627953,T,TGT,F I,10,95.86
2025-12-11,9:54:36.073627953,T,TGT,F I,59,95.86
2025-12-11,9:54:36.073630806,T,TGT,F I,1,95.86
2025-12-11,9:55:03.432334917,T,TGT,F I,1,95.91
2025-12-11,9:55:03.432359499,T,TGT,F I,99,95.91
2025-12-11,9:55:03.432361960,T,TGT,F I,1,95.92
2025-12-11,9:55:05.974591413,T,TGT,,100,95.91
2025-12-11,9:55:08.234893618,T,TGT,F,100,95.96
2025-12-11,9:55:08.234896231,T,TGT,F,100,95.96
2025-12-11,9:55:08.235617960,T,TGT,F I,50,96.0
2025-12-11,9:55:08.235620903,T,TGT,F,100,96.0
2025-12-11,9:55:08.237022278,T,TGT,F I,20,96.02
2025-12-11,9:55:12.137693064,T,TGT,,100,96.09
2025-12-11,9:55:12.139353032,T,TGT,F I,1,96.1
2025-12-11,9:55:12.391341390,T,TGT,I,98,96.1
2025-12-11,9:55:13.520080328,T,TGT,F I,50,96.1
2025-12-11,9:55:13.528124884,T,TGT,I,13,96.13
2025-12-11,9:55:13.528128267,T,TGT,I,27,96.13
2025-12-11,9:55:13.528128267,T,TGT,I,40,96.13
2025-12-11,9:55:13.528130512,T,TGT,I,20,96.13
2025-12-11,9:55:13.528256810,T,TGT,F I,50,96.12
2025-12-11,9:55:14.688917038,T,TGT,F,125,96.14
2025-12-11,9:55:14.723863575,T,TGT,F I,13,96.14
2025-12-11,9:55:14.723863575,T,TGT,F I,50,96.14
2025-12-11,9:55:14.723935462,T,TGT,F I,63,96.13
2025-12-11,9:55:14.750443646,T,TGT,F I,50,96.14
2025-12-11,9:55:18.446191360,T,TGT,,100,96.18
2025-12-11,9:55:18.446756512,T,TGT,F I,1,96.2
2025-12-11,9:55:18.503973788,T,TGT,F I,40,96.22
2025-12-11,9:55:36.188149727,T,TGT,F I,14,96.17
2025-12-11,9:55:36.188173838,T,TGT,F I,27,96.17
2025-12-11,9:55:36.197769650,T,TGT,F I,32,96.15
2025-12-11,9:55:36.197775744,T,TGT,F I,63,96.15
2025-12-11,9:55:36.198221217,T,TGT,F I,20,96.14
2025-12-11,9:55:36.198221217,T,TGT,F I,20,96.14
2025-12-11,9:55:36.198226794,T,TGT,F I,60,96.14
2025-12-11,9:55:50.446456133,T,TGT,F I,1,96.18
2025-12-11,9:55:50.446459247,T,TGT,F,100,96.18
2025-12-11,9:55:50.446462232,T,TGT,F I,10,96.18
2025-12-11,9:55:50.448239708,T,TGT,F I,20,96.22
2025-12-11,9:55:50.962795300,T,TGT,I,1,96.22
2025-12-11,9:55:52.601510384,T,TGT,F I,80,96.2
2025-12-11,9:55:52.601513309,T,TGT,F I,56,96.2
2025-12-11,9:55:53.721943581,T,TGT,I,1,96.19
2025-12-11,9:56:00.421003113,T,TGT,F I,50,96.16
2025-12-11,9:56:10.959480484,T,TGT,I,1,96.16
2025-12-11,9:56:17.535144028,T,TGT,F I,11,96.2
2025-12-11,9:56:17.535243856,T,TGT,F I,25,96.21
2025-12-11,9:56:17.538749590,T,TGT,F I,40,96.22
2025-12-11,9:56:17.766000922,T,TGT,F,100,96.23
2025-12-11,9:56:17.766000922,T,TGT,F I,1,96.23
2025-12-11,9:56:17.766003934,T,TGT,F I,99,96.23
2025-12-11,9:56:17.766019013,T,TGT,F I,1,96.23
2025-12-11,9:56:17.766130317,T,TGT,F,100,96.23
2025-12-11,9:56:17.766130317,T,TGT,F I,40,96.24
2025-12-11,9:56:17.766602434,T,TGT,I,25,96.24
2025-12-11,9:56:24.266001263,T,TGT,F I,1,96.25
2025-12-11,9:56:28.536950356,T,TGT,F I,15,96.3
2025-12-11,9:56:28.537693026,T,TGT,I,40,96.32
2025-12-11,9:56:28.544853079,T,TGT,I,11,96.32
2025-12-11,9:56:28.544874173,T,TGT,F I,39,96.32
2025-12-11,9:56:28.545959790,T,TGT,I,23,96.32
2025-12-11,9:56:28.555748033,T,TGT,I,2,96.32
2025-12-11,9:56:28.555751051,T,TGT,I,21,96.33
2025-12-11,9:56:42.318269237,T,TGT,F,100,96.4
2025-12-11,9:56:44.852018722,T,TGT,F I,24,96.44
2025-12-11,9:56:44.852021532,T,TGT,F I,5,96.44
2025-12-11,9:56:49.801759565,T,TGT,I,2,96.43
2025-12-11,9:56:49.801777713,T,TGT,F I,98,96.43
2025-12-11,9:56:52.535232666,T,TGT,,100,96.435
2025-12-11,9:56:54.547861495,T,TGT,I,50,96.435
2025-12-11,9:56:54.547876552,T,TGT,I,50,96.435
2025-12-11,9:56:55.067740702,T,TGT,F I,40,96.45
2025-12-11,9:56:55.067740702,T,TGT,F I,1,96.45
2025-12-11,9:56:55.067743004,T,TGT,F I,2,96.45
2025-12-11,9:56:55.068798494,T,TGT,F I,20,96.46
2025-12-11,9:56:55.092068306,T,TGT,F,100,96.45
2025-12-11,9:56:55.092068306,T,TGT,F I,50,96.45
2025-12-11,9:56:55.092134072,T,TGT,F I,45,96.45
2025-12-11,9:56:55.092137069,T,TGT,I,36,96.45
2025-12-11,9:56:55.092137069,T,TGT,F I,19,96.45
2025-12-11,9:57:06.381753001,T,TGT,F I,20,96.48
2025-12-11,9:57:06.381753001,T,TGT,F I,4,96.48
2025-12-11,9:57:06.382321839,T,TGT,F I,11,96.49
2025-12-11,9:57:06.382324401,T,TGT,F I,41,96.49
2025-12-11,9:57:06.383049915,T,TGT,F I,1,96.5
2025-12-11,9:57:06.383049915,T,TGT,F I,9,96.5
2025-12-11,9:57:06.383055337,T,TGT,F I,1,96.5
2025-12-11,9:57:06.383055337,T,TGT,F I,1,96.5
2025-12-11,9:57:06.383058687,T,TGT,F,125,96.5
2025-12-11,9:57:06.383061276,T,TGT,F I,50,96.5
2025-12-11,9:57:06.383061276,T,TGT,F I,54,96.5
2025-12-11,9:57:06.383064086,T,TGT,F,305,96.5
2025-12-11,9:57:06.383076325,T,TGT,F,106,96.5
2025-12-11,9:57:06.383079431,T,TGT,F,100,96.5
2025-12-11,9:57:06.383082582,T,TGT,F I,75,96.5
2025-12-11,9:57:06.383085219,T,TGT,F I,5,96.5
2025-12-11,9:57:06.383085219,T,TGT,F I,15,96.5
2025-12-11,9:57:06.383088286,T,TGT,F I,1,96.5
2025-12-11,9:57:06.383088286,T,TGT,F I,3,96.5
2025-12-11,9:57:06.383091352,T,TGT,F I,10,96.5
2025-12-11,9:57:06.383091352,T,TGT,F I,40,96.5
2025-12-11,9:57:06.383094146,T,TGT,F I,40,96.5
2025-12-11,9:57:06.383373889,T,TGT,F I,55,96.5
2025-12-11,9:57:06.383596357,T,TGT,F I,1,96.51
2025-12-11,9:57:06.399654613,T,TGT,F I,11,96.52
2025-12-11,9:57:06.635217848,T,TGT,F I,50,96.52
2025-12-11,9:57:07.557533130,T,TGT,F I,50,96.51
2025-12-11,9:57:12.981344531,T,TGT,F I,3,96.52
2025-12-11,9:57:20.948816929,T,TGT,I,29,96.515
2025-12-11,9:57:20.948883018,T,TGT,I,29,96.515
2025-12-11,9:57:25.770612196,T,TGT,I,12,96.52
2025-12-11,9:57:25.770681317,T,TGT,I,1,96.53
2025-12-11,9:57:25.770681317,T,TGT,I,11,96.53
2025-12-11,9:57:31.835623209,T,TGT,I,11,96.52
2025-12-11,9:57:31.835863749,T,TGT,F I,1,96.54
2025-12-11,9:57:31.837015431,T,TGT,,100,96.55
2025-12-11,9:57:31.837965985,T,TGT,F I,25,96.56
2025-12-11,9:57:31.837971708,T,TGT,F I,2,96.56
2025-12-11,9:57:31.837971708,T,TGT,F I,27,96.56
2025-12-11,9:57:32.787300378,T,TGT,F I,50,96.6
2025-12-11,9:57:32.787300378,T,TGT,F I,20,96.6
2025-12-11,9:57:32.787303407,T,TGT,F I,1,96.6
2025-12-11,9:57:32.787306383,T,TGT,F,100,96.6
2025-12-11,9:57:32.787310264,T,TGT,F I,1,96.6
2025-12-11,9:57:32.787310264,T,TGT,F I,55,96.6
2025-12-11,9:57:32.787312528,T,TGT,F I,25,96.6
2025-12-11,9:57:32.787315463,T,TGT,F I,6,96.6
2025-12-11,9:57:33.042641659,T,TGT,F I,19,96.62
2025-12-11,9:57:33.042674824,T,TGT,F I,10,96.63
2025-12-11,9:57:33.042728876,T,TGT,F I,19,96.63
2025-12-11,9:57:33.069967750,T,TGT,I,52,96.625
2025-12-11,9:57:33.070286700,T,TGT,F I,2,96.62
2025-12-11,9:57:33.070289607,T,TGT,F I,50,96.62
2025-12-11,9:57:33.070331712,T,TGT,I,18,96.61
2025-12-11,9:57:33.070334725,T,TGT,,100,96.61
2025-12-11,9:57:33.070337646,T,TGT,,100,96.61
2025-12-11,9:57:33.070337646,T,TGT,,100,96.61
2025-12-11,9:57:33.070683550,T,TGT,F I,57,96.61
2025-12-11,9:57:33.100625988,T,TGT,F I,2,96.61
2025-12-11,9:57:33.100629096,T,TGT,F I,2,96.61
2025-12-11,9:57:33.100629096,T,TGT,F I,18,96.61
2025-12-11,9:57:33.100676948,T,TGT,F,100,96.62
2025-12-11,9:57:33.101001791,T,TGT,I,2,96.62
2025-12-11,9:57:33.101001791,T,TGT,I,2,96.62
2025-12-11,9:57:33.101023519,T,TGT,I,68,96.61
2025-12-11,9:57:33.101023519,T,TGT,F I,28,96.61
2025-12-11,9:57:33.101032177,T,TGT,F I,2,96.61
2025-12-11,9:57:34.323753746,T,TGT,F I,17,96.64
2025-12-11,9:57:34.323958197,T,TGT,F I,1,96.65
2025-12-11,9:57:34.324204862,T,TGT,,100,96.635
2025-12-11,9:57:36.238009227,T,TGT,F I,88,96.63
2025-12-11,9:57:37.380154139,T,TGT,,100,96.63
2025-12-11,9:57:51.478404143,T,TGT,F I,36,96.66
2025-12-11,9:57:51.478509389,T,TGT,F I,60,96.67
2025-12-11,9:57:51.480662552,T,TGT,F I,1,96.69
2025-12-11,9:57:51.481038436,T,TGT,I,1,96.69
2025-12-11,9:57:51.481044425,T,TGT,I,25,96.69
2025-12-11,9:57:51.481284942,T,TGT,I,23,96.67
2025-12-11,9:57:51.495057866,T,TGT,,100,96.675
2025-12-11,9:57:52.520203165,T,TGT,,100,96.675
2025-12-11,9:57:52.522296093,T,TGT,I,7,96.69
2025-12-11,9:57:52.522299124,T,TGT,I,7,96.69
2025-12-11,9:57:52.522302442,T,TGT,I,7,96.69
2025-12-11,9:57:52.522302442,T,TGT,I,16,96.69
2025-12-11,9:57:52.522305209,T,TGT,I,15,96.69
2025-12-11,9:57:52.767629865,T,TGT,I,50,96.66
2025-12-11,9:57:52.767629865,T,TGT,I,5,96.66
2025-12-11,9:57:52.767633241,T,TGT,I,45,96.66
2025-12-11,9:57:52.767650663,T,TGT,I,25,96.66
2025-12-11,9:57:52.767671767,T,TGT,I,60,96.66
2025-12-11,9:57:58.731906578,T,TGT,F I,1,96.7
2025-12-11,9:57:58.731921656,T,TGT,I,10,96.7
2025-12-11,9:57:59.113184987,T,TGT,I,1,96.7
2025-12-11,9:58:02.599877621,T,TGT,F I,12,96.68
2025-12-11,9:58:02.599895637,T,TGT,F I,18,96.68
2025-12-11,9:58:03.248673172,T,TGT,I,1,96.67
2025-12-11,9:58:03.248718313,T,TGT,I,39,96.67
2025-12-11,9:58:03.248761142,T,TGT,I,1,96.67
2025-12-11,9:58:04.038817643,T,TGT,F,100,96.68
2025-12-11,9:58:04.170047216,T,TGT,F I,50,96.7
2025-12-11,9:58:04.208948268,T,TGT,,100,96.69
2025-12-11,9:58:04.208948268,T,TGT,I,50,96.69
2025-12-11,9:58:04.217936327,T,TGT,F I,64,96.69
2025-12-11,9:58:05.769537767,T,TGT,F I,20,96.66
2025-12-11,9:58:05.769539823,T,TGT,F,100,96.66
2025-12-11,9:58:05.769542827,T,TGT,F I,80,96.66
2025-12-11,9:58:05.769557771,T,TGT,F I,60,96.66
2025-12-11,9:58:07.422547822,T,TGT,I,1,96.65
2025-12-11,9:58:07.424418270,T,TGT,F,200,96.64
2025-12-11,9:58:07.425446698,T,TGT,F I,40,96.63
2025-12-11,9:58:07.425449703,T,TGT,F I,60,96.63
2025-12-11,9:58:08.376606663,T,TGT,F I,50,96.63
2025-12-11,9:58:08.376654851,T,TGT,F I,50,96.63
2025-12-11,9:58:09.390845015,T,TGT,I,3,96.64
2025-12-11,9:58:11.870711938,T,TGT,I,29,96.66
2025-12-11,9:58:11.870778083,T,TGT,F I,2,96.66
2025-12-11,9:58:11.871157030,T,TGT,F I,20,96.67
2025-12-11,9:58:14.257979187,T,TGT,F I,19,96.68
2025-12-11,9:58:14.257997245,T,TGT,F I,81,96.68
2025-12-11,9:58:18.114261281,T,TGT,F I,2,96.7
2025-12-11,9:58:18.114261281,T,TGT,F I,14,96.7
2025-12-11,9:58:22.980054396,T,TGT,F I,1,96.7
2025-12-11,9:58:26.207649590,T,TGT,F,199,96.7
2025-12-11,9:58:26.425954713,T,TGT,F I,6,96.72
2025-12-11,9:58:28.795203138,T,TGT,F I,60,96.71
2025-12-11,9:58:29.787708825,T,TGT,,100,96.69
2025-12-11,9:58:46.766085168,T,TGT,F I,50,96.69
2025-12-11,9:58:51.323171823,T,TGT,F I,70,96.67
2025-12-11,9:58:51.323174838,T,TGT,F,100,96.67
2025-12-11,9:58:51.325797096,T,TGT,F,200,96.67
2025-12-11,9:58:51.325800060,T,TGT,F,3406,96.67
2025-12-11,9:58:51.325842177,T,TGT,F I,14,96.66
2025-12-11,9:58:51.325938506,T,TGT,I,13,96.66
2025-12-11,9:58:51.325962425,T,TGT,,173,96.66
2025-12-11,9:58:51.325962425,T,TGT,I,5,96.66
2025-12-11,9:58:51.325986444,T,TGT,I,25,96.66
2025-12-11,9:58:51.325989507,T,TGT,F I,4,96.67
2025-12-11,9:58:51.326008137,T,TGT,F I,96,96.67
2025-12-11,9:58:51.326089541,T,TGT,F,100,96.68
2025-12-11,9:58:51.326091776,T,TGT,F I,39,96.68
2025-12-11,9:58:51.326476690,T,TGT,F,100,96.67
2025-12-11,9:58:51.326479684,T,TGT,F I,15,96.67
2025-12-11,9:58:51.327595629,T,TGT,F I,1,96.68
2025-12-11,9:58:51.328861402,T,TGT,,212,96.68
2025-12-11,9:58:51.329264253,T,TGT,F I,23,96.68
2025-12-11,9:58:51.337314534,T,TGT,F,164,96.685
2025-12-11,9:58:51.338793988,T,TGT,,100,96.7
2025-12-11,9:58:51.338811996,T,TGT,I,1,96.7
2025-12-11,9:58:51.340129307,T,TGT,I,2,96.69
2025-12-11,9:58:51.787962051,T,TGT,I,20,96.68
2025-12-11,9:58:52.916743219,T,TGT,,150,96.685
2025-12-11,9:58:53.539656191,T,TGT,,100,96.685
2025-12-11,9:58:53.546506566,T,TGT,F,100,96.685
2025-12-11,9:58:53.546512590,T,TGT,F I,4,96.685
2025-12-11,9:58:53.546515579,T,TGT,F I,50,96.685
2025-12-11,9:58:53.546524604,T,TGT,I,32,96.685
2025-12-11,9:58:53.546530648,T,TGT,,255,96.685
2025-12-11,9:58:53.546533649,T,TGT,I,51,96.685
2025-12-11,9:58:58.055147654,T,TGT,F,200,96.66
2025-12-11,9:59:00.957996286,T,TGT,,100,96.655
2025-12-11,9:59:03.928803885,T,TGT,F I,50,96.64
2025-12-11,9:59:03.929185812,T,TGT,F,100,96.63
2025-12-11,9:59:03.929188821,T,TGT,F,200,96.63
2025-12-11,9:59:13.060915623,T,TGT,F,100,96.6
2025-12-11,9:59:13.060915623,T,TGT,F,200,96.6
2025-12-11,9:59:13.061502087,T,TGT,F,100,96.61
2025-12-11,9:59:13.061525273,T,TGT,I,1,96.61
2025-12-11,9:59:13.061537329,T,TGT,F I,69,96.61
2025-12-11,9:59:13.061540675,T,TGT,F,100,96.62
2025-12-11,9:59:13.061540675,T,TGT,F I,18,96.62
2025-12-11,9:59:13.061579380,T,TGT,I,8,96.62
2025-12-11,9:59:13.061579380,T,TGT,I,20,96.62
2025-12-11,9:59:13.061591499,T,TGT,F I,18,96.62
2025-12-11,9:59:13.061648566,T,TGT,I,25,96.62
2025-12-11,9:59:13.061750877,T,TGT,I,16,96.62
2025-12-11,9:59:13.061904230,T,TGT,I,2,96.62
2025-12-11,9:59:13.061907728,T,TGT,I,11,96.62
2025-12-11,9:59:13.063185265,T,TGT,F I,94,96.61
2025-12-11,9:59:13.797107677,T,TGT,I,6,96.6
2025-12-11,9:59:17.083947118,T,TGT,I,10,96.59
2025-12-11,9:59:17.084711417,T,TGT,F I,19,96.6
2025-12-11,9:59:17.369811133,T,TGT,F I,25,96.62
2025-12-11,9:59:17.369811133,T,TGT,F I,14,96.62
2025-12-11,9:59:17.369973560,T,TGT,F I,50,96.63
2025-12-11,9:59:17.370012652,T,TGT,F I,48,96.63
2025-12-11,9:59:20.447983463,T,TGT,I,50,96.625
2025-12-11,9:59:20.447992461,T,TGT,F I,1,96.625
2025-12-11,9:59:20.448016904,T,TGT,F I,1,96.625
2025-12-11,9:59:20.448028890,T,TGT,F I,1,96.625
2025-12-11,9:59:20.448052619,T,TGT,I,47,96.625
2025-12-11,9:59:20.448067987,T,TGT,F I,1,96.63
2025-12-11,9:59:20.448070908,T,TGT,F I,1,96.64
2025-12-11,9:59:20.448146270,T,TGT,F I,7,96.66
2025-12-11,9:59:20.448146270,T,TGT,F I,30,96.66
2025-12-11,9:59:20.448461605,T,TGT,F I,1,96.67
2025-12-11,9:59:20.448464590,T,TGT,F I,30,96.67
2025-12-11,9:59:20.448494810,T,TGT,F I,70,96.67
2025-12-11,9:59:20.448498172,T,TGT,F,100,96.67
2025-12-11,9:59:20.448500649,T,TGT,F,100,96.67
2025-12-11,9:59:20.448500649,T,TGT,F,100,96.67
2025-12-11,9:59:20.448530910,T,TGT,F I,18,96.66
2025-12-11,9:59:20.448533748,T,TGT,F I,50,96.67
2025-12-11,9:59:20.448533748,T,TGT,F I,62,96.67
2025-12-11,9:59:20.448560898,T,TGT,I,38,96.66
2025-12-11,9:59:20.448563872,T,TGT,I,11,96.66
2025-12-11,9:59:20.448594862,T,TGT,F I,62,96.66
2025-12-11,9:59:20.448597002,T,TGT,F I,38,96.66
2025-12-11,9:59:20.449514036,T,TGT,F I,5,96.68
2025-12-11,9:59:20.449643340,T,TGT,F I,63,96.69
2025-12-11,9:59:20.449682480,T,TGT,F I,87,96.69
2025-12-11,9:59:20.449724551,T,TGT,F,114,96.69
2025-12-11,9:59:20.450046292,T,TGT,F I,31,96.69
2025-12-11,9:59:20.450049314,T,TGT,F I,56,96.69
2025-12-11,9:59:20.450217735,T,TGT,I,54,96.69
2025-12-11,9:59:20.452250544,T,TGT,I,37,96.69
2025-12-11,9:59:20.452274713,T,TGT,I,22,96.69
2025-12-11,9:59:20.784659568,T,TGT,F,100,96.68
2025-12-11,9:59:20.784662724,T,TGT,F,616,96.68
2025-12-11,9:59:20.784662724,T,TGT,F,100,96.68
2025-12-11,9:59:21.349525279,T,TGT,F I,3,96.68
2025-12-11,9:59:23.349524066,T,TGT,F,399,96.7
2025-12-11,9:59:26.293017318,T,TGT,I,50,96.7
2025-12-11,9:59:31.593228315,T,TGT,I,37,96.705
2025-12-11,9:59:33.971795875,T,TGT,F I,7,96.7
2025-12-11,9:59:33.972478956,T,TGT,F,100,96.69
2025-12-11,9:59:33.972478956,T,TGT,F I,60,96.69
2025-12-11,9:59:33.972481649,T,TGT,F I,40,96.69
2025-12-11,9:59:33.972592877,T,TGT,F I,6,96.68
2025-12-11,9:59:33.972824333,T,TGT,F,100,96.68
2025-12-11,9:59:35.187634447,T,TGT,F I,7,96.67
2025-12-11,9:59:35.482763592,T,TGT,F,120,96.7
2025-12-11,9:59:35.937909925,T,TGT,F,200,96.7
2025-12-11,9:59:35.937912935,T,TGT,F,100,96.7
2025-12-11,9:59:35.937915883,T,TGT,F I,60,96.7
2025-12-11,9:59:35.938219679,T,TGT,,100,96.7
2025-12-11,9:59:37.274125245,T,TGT,,100,96.69
2025-12-11,9:59:39.181858898,T,TGT,I,2,96.71
2025-12-11,9:59:39.181861197,T,TGT,I,11,96.71
2025-12-11,9:59:41.672511772,T,TGT,F I,2,96.7
2025-12-11,9:59:41.672514849,T,TGT,F,100,96.7
2025-12-11,9:59:41.672533807,T,TGT,I,1,96.7
2025-12-11,9:59:41.672533807,T,TGT,F I,29,96.7
2025-12-11,9:59:43.123844366,T,TGT,I,10,96.72
2025-12-11,9:59:43.543533240,T,TGT,,100,96.72
2025-12-11,9:59:43.543536179,T,TGT,,100,96.72
2025-12-11,9:59:45.816822980,T,TGT,I,20,96.74
2025-12-11,9:59:45.816826001,T,TGT,,100,96.74
2025-12-11,9:59:45.818230426,T,TGT,F I,25,96.72
2025-12-11,9:59:45.818230426,T,TGT,F,100,96.72
2025-12-11,9:59:45.818425905,T,TGT,,100,96.72
2025-12-11,9:59:45.818510079,T,TGT,I,25,96.72
2025-12-11,9:59:45.818510079,T,TGT,I,25,96.72
2025-12-11,9:59:45.819604689,T,TGT,F I,13,96.72
2025-12-11,9:59:45.819604689,T,TGT,F,100,96.72
2025-12-11,9:59:45.843613881,T,TGT,F I,67,96.73
2025-12-11,9:59:48.461563739,T,TGT,I,25,96.74
2025-12-11,9:59:49.832186977,T,TGT,F I,31,96.75
2025-12-11,9:59:49.832193041,T,TGT,F I,19,96.75
2025-12-11,9:59:49.832196573,T,TGT,F I,50,96.75
2025-12-11,9:59:49.832198995,T,TGT,F I,2,96.75
2025-12-11,9:59:49.832202023,T,TGT,F,100,96.75
2025-12-11,9:59:49.850729166,T,TGT,F,173,96.76
2025-12-11,9:59:49.850750260,T,TGT,I,1,96.76
2025-12-11,9:59:49.850765217,T,TGT,F,1743,96.76
2025-12-11,9:59:49.850789301,T,TGT,,149,96.76
2025-12-11,9:59:49.850792320,T,TGT,,100,96.76
2025-12-11,9:59:49.850792320,T,TGT,I,1,96.76
2025-12-11,9:59:49.850795392,T,TGT,I,20,96.76
2025-12-11,9:59:52.163791758,T,TGT,F I,1,96.75
2025-12-11,9:59:52.163810560,T,TGT,F I,66,96.75
2025-12-11,9:59:52.163812836,T,TGT,F,100,96.75
2025-12-11,9:59:52.163815789,T,TGT,F,100,96.75
2025-12-11,9:59:52.164291574,T,TGT,I,28,96.75
2025-12-11,9:59:52.164293967,T,TGT,I,72,96.75
2025-12-11,9:59:52.165310685,T,TGT,F,100,96.76
2025-12-11,9:59:52.165310685,T,TGT,F,120,96.76
2025-12-11,9:59:52.165662506,T,TGT,I,33,96.77
2025-12-11,9:59:52.165662506,T,TGT,,100,96.77
2025-12-11,9:59:52.165668168,T,TGT,I,64,96.77
2025-12-11,9:59:52.165668168,T,TGT,I,22,96.77
2025-12-11,9:59:52.186784764,T,TGT,I,64,96.76
2025-12-11,9:59:52.186788349,T,TGT,I,65,96.76
2025-12-11,9:59:52.186791268,T,TGT,I,33,96.76
2025-12-11,9:59:52.186791268,T,TGT,I,80,96.76
2025-12-11,9:59:52.186793502,T,TGT,,100,96.76
2025-12-11,9:59:52.187118348,T,TGT,I,1,96.76
2025-12-11,9:59:52.708223807,T,TGT,I,65,96.77
2025-12-11,9:59:52.708226838,T,TGT,I,95,96.77
2025-12-11,9:59:54.169789786,T,TGT,F I,20,96.78
2025-12-11,10:00:00.199355262,T,TGT,I,50,96.8
2025-12-11,10:00:00.199358303,T,TGT,I,1,96.8
2025-12-11,10:00:00.199361319,T,TGT,I,3,96.8
2025-12-11,10:00:00.199361319,T,TGT,I,3,96.8
2025-12-11,10:00:00.200013908,T,TGT,I,12,96.82
2025-12-11,10:00:00.772337462,T,TGT,,120,96.84
2025-12-11,10:00:00.772524050,T,TGT,F I,50,96.85
2025-12-11,10:00:00.772845643,T,TGT,F I,20,96.85
2025-12-11,10:00:01.697495067,T,TGT,F,100,96.84
2025-12-11,10:00:01.697495067,T,TGT,F,100,96.84
2025-12-11,10:00:01.697780169,T,TGT,F I,50,96.83
2025-12-11,10:00:01.697801375,T,TGT,F I,50,96.83
2025-12-11,10:00:01.697924475,T,TGT,F,100,96.83
2025-12-11,10:00:01.698399693,T,TGT,I,50,96.82
2025-12-11,10:00:01.698408659,T,TGT,I,37,96.82
2025-12-11,10:00:01.698417633,T,TGT,F I,13,96.82
2025-12-11,10:00:01.700080596,T,TGT,F I,1,96.82
2025-12-11,10:00:01.700095689,T,TGT,I,15,96.82
2025-12-11,10:00:01.700645973,T,TGT,I,89,96.82
2025-12-11,10:00:09.658997605,T,TGT,I,28,96.85
2025-12-11,10:00:09.659866658,T,TGT,,100,96.85
2025-12-11,10:00:09.847606992,T,TGT,F I,2,96.84
2025-12-11,10:00:09.847628059,T,TGT,F I,98,96.84
2025-12-11,10:00:09.847631267,T,TGT,F,100,96.84
2025-12-11,10:00:09.847631267,T,TGT,F I,53,96.84
2025-12-11,10:00:09.847932292,T,TGT,,100,96.85
2025-12-11,10:00:09.847934792,T,TGT,I,28,96.85
2025-12-11,10:00:09.847934792,T,TGT,,100,96.85
2025-12-11,10:00:09.847937695,T,TGT,I,56,96.85
2025-12-11,10:00:09.847937695,T,TGT,,100,96.85
2025-12-11,10:00:09.847943943,T,TGT,I,98,96.85
2025-12-11,10:00:09.850472738,T,TGT,,100,96.85
2025-12-11,10:00:09.850476034,T,TGT,,100,96.85
2025-12-11,10:00:09.850478927,T,TGT,I,63,96.85
2025-12-11,10:00:09.850478927,T,TGT,,400,96.85
2025-12-11,10:00:09.850484839,T,TGT,,100,96.85
2025-12-11,10:00:09.850484839,T,TGT,I,20,96.85
2025-12-11,10:00:09.850484839,T,TGT,,100,96.85
2025-12-11,10:00:09.850487851,T,TGT,I,60,96.85
2025-12-11,10:00:09.850776752,T,TGT,,100,96.85
2025-12-11,10:00:10.402882799,T,TGT,F,100,96.85
2025-12-11,10:00:10.403403040,T,TGT,,100,96.84
2025-12-11,10:00:11.118449604,T,TGT,,111,96.84
2025-12-11,10:00:11.118452575,T,TGT,,100,96.84
2025-12-11,10:00:13.278393689,T,TGT,I,10,96.85
2025-12-11,10:00:13.278396862,T,TGT,I,3,96.85
2025-12-11,10:00:13.278399371,T,TGT,I,3,96.85
2025-12-11,10:00:13.419420491,T,TGT,F I,19,96.86
2025-12-11,10:00:13.419420491,T,TGT,F I,52,96.86
2025-12-11,10:00:14.619182878,T,TGT,I,28,96.86
2025-12-11,10:00:14.619182878,T,TGT,I,67,96.86
2025-12-11,10:00:14.619186602,T,TGT,I,5,96.86
