DATE,TIME_M,EX,SYM_ROOT,TR_SCOND,SIZE,PRICE
2025-10-24,9:30:01.100222462,T,TGT,F I,3,94.87
2025-10-24,9:30:01.100231460,T,TGT,Q,3,94.87
2025-10-24,9:30:04.334328387,T,TGT,F I,48,94.84
2025-10-24,9:30:10.431119553,T,TGT,F I,50,94.98
2025-10-24,9:30:21.454141876,T,TGT,I,48,94.84
2025-10-24,9:30:24.252428635,T,TGT,I,48,94.84
2025-10-24,9:30:26.355515976,T,TGT,I,48,94.84
2025-10-24,9:30:28.370445435,T,TGT,I,48,94.84
2025-10-24,9:30:31.487575710,T,TGT,I,8,94.84
2025-10-24,9:30:31.487575710,T,TGT,I,40,94.84
2025-10-24,9:30:31.536342916,T,TGT,F I,48,94.84
2025-10-24,9:30:31.536364022,T,TGT,,100,94.86
2025-10-24,9:30:31.536364022,T,TGT,I,57,94.87
2025-10-24,9:30:32.477976229,T,TGT,I,1,94.85
2025-10-24,9:30:32.693565843,T,TGT,F I,57,94.84
2025-10-24,9:30:33.694317010,T,TGT,I,12,94.84
2025-10-24,9:30:33.694320095,T,TGT,I,36,94.84
2025-10-24,9:30:33.815508742,T,TGT,I,48,94.84
2025-10-24,9:30:33.924151663,T,TGT,I,48,94.83
2025-10-24,9:30:33.924719924,T,TGT,F I,67,94.86
2025-10-24,9:30:33.924728942,T,TGT,F I,33,94.86
2025-10-24,9:30:33.924728942,T,TGT,F I,67,94.87
2025-10-24,9:30:33.924731952,T,TGT,F,100,94.875
2025-10-24,9:30:33.924735009,T,TGT,F I,21,94.91
2025-10-24,9:30:36.237659387,T,TGT,I,19,94.87
2025-10-24,9:30:36.237662320,T,TGT,I,11,94.87
2025-10-24,9:30:37.356135107,T,TGT,,100,94.88
2025-10-24,9:30:38.356161547,T,TGT,,100,94.86
2025-10-24,9:30:38.356164949,T,TGT,I,57,94.87
2025-10-24,9:30:38.356167892,T,TGT,I,43,94.88
2025-10-24,9:30:38.356167892,T,TGT,,100,94.88
2025-10-24,9:30:40.356130292,T,TGT,,100,94.88
2025-10-24,9:30:49.355962826,T,TGT,I,2,94.84
2025-10-24,9:31:06.357573625,T,TGT,,175,94.9
2025-10-24,9:31:06.357576634,T,TGT,,175,94.9
2025-10-24,9:31:06.357576634,T,TGT,,175,94.9
2025-10-24,9:31:06.357588652,T,TGT,I,1,94.9
2025-10-24,9:31:06.357603722,T,TGT,,358,94.9
2025-10-24,9:31:06.357621759,T,TGT,F,116,94.9
2025-10-24,9:31:06.357621759,T,TGT,F I,53,94.9
2025-10-24,9:31:25.723064857,T,TGT,F,100,94.99
2025-10-24,9:31:25.723067851,T,TGT,F I,1,95.0
2025-10-24,9:31:25.723067851,T,TGT,F I,23,95.0
2025-10-24,9:31:25.723537011,T,TGT,F I,16,95.05
2025-10-24,9:31:25.724147413,T,TGT,I,90,95.04
2025-10-24,9:31:25.725101380,T,TGT,F,153,95.05
2025-10-24,9:31:25.725104228,T,TGT,F,100,95.05
2025-10-24,9:31:25.725106760,T,TGT,F,100,95.05
2025-10-24,9:31:25.725109742,T,TGT,F,100,95.05
2025-10-24,9:31:25.725112746,T,TGT,F,100,95.05
2025-10-24,9:31:25.725112746,T,TGT,F I,33,95.05
2025-10-24,9:31:25.725593925,T,TGT,F I,68,95.05
2025-10-24,9:31:25.726102104,T,TGT,F I,25,95.05
2025-10-24,9:31:25.727611700,T,TGT,F I,75,95.06
2025-10-24,9:31:25.728110867,T,TGT,F,200,95.13
2025-10-24,9:31:25.730327213,T,TGT,F I,25,95.09
2025-10-24,9:31:25.730372236,T,TGT,I,56,95.09
2025-10-24,9:31:25.730390514,T,TGT,I,5,95.09
2025-10-24,9:31:25.730396326,T,TGT,F I,43,95.09
2025-10-24,9:31:25.730396326,T,TGT,F I,37,95.09
2025-10-24,9:31:25.730403004,T,TGT,F I,59,95.09
2025-10-24,9:31:26.701665559,T,TGT,F I,25,95.17
2025-10-24,9:31:26.701668472,T,TGT,F I,25,95.18
2025-10-24,9:31:26.701695859,T,TGT,F I,10,95.24
2025-10-24,9:31:26.701699160,T,TGT,F,100,95.24
2025-10-24,9:31:26.701699160,T,TGT,F I,4,95.25
2025-10-24,9:31:26.701705408,T,TGT,F,400,95.25
2025-10-24,9:31:26.701749644,T,TGT,F I,16,95.27
2025-10-24,9:31:26.701758617,T,TGT,,100,95.19
2025-10-24,9:31:26.702077406,T,TGT,F I,4,95.26
2025-10-24,9:31:26.702089493,T,TGT,F,100,95.26
2025-10-24,9:31:26.702128529,T,TGT,F I,19,95.26
2025-10-24,9:31:26.702651806,T,TGT,I,27,95.27
2025-10-24,9:31:26.702678867,T,TGT,F I,40,95.28
2025-10-24,9:31:26.702681906,T,TGT,F I,14,95.28
2025-10-24,9:31:26.702684877,T,TGT,F I,53,95.28
2025-10-24,9:31:26.702976610,T,TGT,F,200,95.29
2025-10-24,9:31:26.703018771,T,TGT,F I,30,95.3
2025-10-24,9:31:26.703018771,T,TGT,F,100,95.3
2025-10-24,9:31:26.703021759,T,TGT,F,100,95.3
2025-10-24,9:31:26.703226152,T,TGT,I,34,95.27
2025-10-24,9:31:26.703418676,T,TGT,F,217,95.29
2025-10-24,9:31:26.710034438,T,TGT,F I,34,95.28
2025-10-24,9:31:26.710055754,T,TGT,F I,66,95.28
2025-10-24,9:31:26.710055754,T,TGT,F I,34,95.27
2025-10-24,9:31:26.710059297,T,TGT,F I,50,95.27
2025-10-24,9:31:26.710118638,T,TGT,F I,75,95.27
2025-10-24,9:31:27.302424691,T,TGT,F I,25,95.23
2025-10-24,9:31:29.171208921,T,TGT,F I,75,95.16
2025-10-24,9:31:29.244328041,T,TGT,I,22,95.14
2025-10-24,9:31:29.248258468,T,TGT,F I,12,95.09
2025-10-24,9:31:29.248276422,T,TGT,F I,12,95.09
2025-10-24,9:31:29.248312458,T,TGT,F I,12,95.09
2025-10-24,9:31:29.248316092,T,TGT,I,85,95.09
2025-10-24,9:31:29.248316092,T,TGT,I,12,95.08
2025-10-24,9:31:29.878860694,T,TGT,F,100,95.03
2025-10-24,9:31:30.572000075,T,TGT,F,112,95.05
2025-10-24,9:31:30.572009169,T,TGT,F I,15,95.05
2025-10-24,9:31:30.572009169,T,TGT,F I,40,95.05
2025-10-24,9:31:30.572012285,T,TGT,F,100,95.05
2025-10-24,9:31:30.572015127,T,TGT,F I,69,95.05
2025-10-24,9:31:30.572021051,T,TGT,F I,31,95.05
2025-10-24,9:31:30.572042138,T,TGT,F I,20,95.05
2025-10-24,9:31:32.157909543,T,TGT,F I,25,95.08
2025-10-24,9:31:32.157912482,T,TGT,F,100,95.1
2025-10-24,9:31:32.157915308,T,TGT,F,100,95.13
2025-10-24,9:31:32.157920038,T,TGT,F,100,95.13
2025-10-24,9:31:32.157920038,T,TGT,F,100,95.13
2025-10-24,9:31:32.157921446,T,TGT,F I,2,95.13
2025-10-24,9:31:32.157925030,T,TGT,F,127,95.17
2025-10-24,9:31:32.157928913,T,TGT,F I,25,95.17
2025-10-24,9:31:32.157933620,T,TGT,F I,16,95.19
2025-10-24,9:31:32.157933620,T,TGT,F I,25,95.19
2025-10-24,9:31:32.157939422,T,TGT,F,200,95.2
2025-10-24,9:31:32.157939422,T,TGT,F I,25,95.2
2025-10-24,9:31:32.157943577,T,TGT,F I,1,95.23
2025-10-24,9:31:32.157943577,T,TGT,F I,70,95.25
2025-10-24,9:31:32.157948374,T,TGT,F I,25,95.25
2025-10-24,9:31:32.157951443,T,TGT,F,127,95.26
2025-10-24,9:31:32.157951443,T,TGT,F I,25,95.26
2025-10-24,9:31:32.157951443,T,TGT,F I,10,95.28
2025-10-24,9:31:32.157954437,T,TGT,F I,12,95.28
2025-10-24,9:31:32.157954437,T,TGT,F I,25,95.28
2025-10-24,9:31:32.157993517,T,TGT,,100,95.13
2025-10-24,9:31:32.158348815,T,TGT,,100,95.13
2025-10-24,9:31:32.158352324,T,TGT,,100,95.13
2025-10-24,9:31:32.158352324,T,TGT,I,27,95.12
2025-10-24,9:31:32.158352324,T,TGT,,100,95.12
2025-10-24,9:31:32.158420518,T,TGT,I,34,95.13
2025-10-24,9:31:32.158444714,T,TGT,I,16,95.13
2025-10-24,9:31:32.158447718,T,TGT,F I,16,95.13
2025-10-24,9:31:32.158447718,T,TGT,I,34,95.13
2025-10-24,9:31:32.162783982,T,TGT,I,57,95.17
2025-10-24,9:31:32.163409425,T,TGT,F I,60,95.22
2025-10-24,9:31:32.163413013,T,TGT,F I,25,95.23
2025-10-24,9:31:32.163413013,T,TGT,F I,41,95.23
2025-10-24,9:31:32.163415436,T,TGT,F I,41,95.23
2025-10-24,9:31:32.163418461,T,TGT,F,100,95.23
2025-10-24,9:31:32.163475640,T,TGT,F,100,95.2
2025-10-24,9:31:32.163960171,T,TGT,,100,95.23
2025-10-24,9:31:32.163963459,T,TGT,,100,95.23
2025-10-24,9:31:32.163963459,T,TGT,I,13,95.23
2025-10-24,9:31:32.163965723,T,TGT,I,41,95.23
2025-10-24,9:31:32.164287564,T,TGT,,100,95.235
2025-10-24,9:31:32.167261666,T,TGT,,100,95.27
2025-10-24,9:31:32.167279694,T,TGT,F,100,95.27
2025-10-24,9:31:32.167282708,T,TGT,F,150,95.27
2025-10-24,9:31:32.167330759,T,TGT,F I,75,95.27
2025-10-24,9:31:32.167399955,T,TGT,F I,75,95.27
2025-10-24,9:31:32.167433076,T,TGT,F I,75,95.27
2025-10-24,9:31:32.167454107,T,TGT,F,100,95.27
2025-10-24,9:31:32.167469101,T,TGT,F I,75,95.27
2025-10-24,9:31:32.167541308,T,TGT,F,100,95.27
2025-10-24,9:31:32.167929143,T,TGT,,100,95.28
2025-10-24,9:31:32.167932185,T,TGT,,100,95.28
2025-10-24,9:31:32.167932185,T,TGT,,100,95.28
2025-10-24,9:31:32.167935223,T,TGT,F,100,95.28
2025-10-24,9:31:32.167944282,T,TGT,F,100,95.28
2025-10-24,9:31:32.167956321,T,TGT,F,100,95.28
2025-10-24,9:31:32.167962377,T,TGT,F,100,95.28
2025-10-24,9:31:32.167962377,T,TGT,,100,95.28
2025-10-24,9:31:32.168007401,T,TGT,F I,34,95.28
2025-10-24,9:31:32.168022585,T,TGT,F I,66,95.28
2025-10-24,9:31:32.168022585,T,TGT,F I,24,95.28
2025-10-24,9:31:32.168061576,T,TGT,I,70,95.28
2025-10-24,9:31:33.107057661,T,TGT,I,11,95.165
2025-10-24,9:31:34.454600976,T,TGT,I,11,95.14
2025-10-24,9:31:36.106896495,T,TGT,F I,75,95.16
2025-10-24,9:31:36.106938546,T,TGT,F I,75,95.16
2025-10-24,9:31:39.606709487,T,TGT,F I,7,95.17
2025-10-24,9:32:01.383132064,T,TGT,F I,51,95.25
2025-10-24,9:32:01.383168162,T,TGT,F I,49,95.25
2025-10-24,9:32:01.383171101,T,TGT,F I,41,95.25
2025-10-24,9:32:01.383174114,T,TGT,F,100,95.25
2025-10-24,9:32:01.383174114,T,TGT,F,100,95.25
2025-10-24,9:32:01.383471794,T,TGT,F,100,95.25
2025-10-24,9:32:01.383769543,T,TGT,I,22,95.25
2025-10-24,9:32:01.384217594,T,TGT,F,100,95.25
2025-10-24,9:32:01.384422058,T,TGT,,100,95.25
2025-10-24,9:32:01.404118985,T,TGT,,100,95.25
2025-10-24,9:32:04.336350762,T,TGT,F I,25,95.24
2025-10-24,9:32:04.336353803,T,TGT,F I,50,95.24
2025-10-24,9:32:08.206553216,T,TGT,,200,95.25
2025-10-24,9:32:08.206968276,T,TGT,F,100,95.25
2025-10-24,9:32:08.207295961,T,TGT,F I,3,95.25
2025-10-24,9:32:08.260330357,T,TGT,F,100,95.12
2025-10-24,9:32:08.260411575,T,TGT,F,100,95.11
2025-10-24,9:32:08.260411575,T,TGT,F I,25,95.11
2025-10-24,9:32:08.260450710,T,TGT,F,100,95.11
2025-10-24,9:32:08.268017039,T,TGT,F I,34,95.08
2025-10-24,9:32:08.268017039,T,TGT,F I,10,95.08
2025-10-24,9:32:08.274343708,T,TGT,F I,1,95.08
2025-10-24,9:32:08.274370850,T,TGT,I,99,95.08
2025-10-24,9:32:08.274370850,T,TGT,I,44,95.08
2025-10-24,9:32:08.279738739,T,TGT,F,100,95.07
2025-10-24,9:32:08.279738739,T,TGT,F,100,95.06
2025-10-24,9:32:08.279759787,T,TGT,I,1,95.06
2025-10-24,9:32:08.279762707,T,TGT,I,1,95.06
2025-10-24,9:32:08.279765638,T,TGT,F I,98,95.06
2025-10-24,9:32:14.425588516,T,TGT,F I,8,95.11
2025-10-24,9:32:14.425613202,T,TGT,F I,36,95.11
2025-10-24,9:32:14.425618630,T,TGT,F,100,95.11
2025-10-24,9:32:14.425618630,T,TGT,F I,1,95.11
2025-10-24,9:32:14.425622646,T,TGT,F I,1,95.11
2025-10-24,9:32:14.425622646,T,TGT,F I,1,95.11
2025-10-24,9:32:14.425622646,T,TGT,I,5,95.11
2025-10-24,9:32:14.425637566,T,TGT,I,1,95.11
2025-10-24,9:32:14.425637566,T,TGT,I,2,95.11
2025-10-24,9:32:14.425681772,T,TGT,F I,32,95.11
2025-10-24,9:32:14.425699855,T,TGT,F I,68,95.11
2025-10-24,9:32:14.425741866,T,TGT,F I,70,95.1
2025-10-24,9:32:14.425766014,T,TGT,F,100,95.09
2025-10-24,9:32:14.526469867,T,TGT,I,29,95.11
2025-10-24,9:32:14.526487984,T,TGT,F I,18,95.11
2025-10-24,9:32:14.526490917,T,TGT,F,100,95.11
2025-10-24,9:32:25.485629176,T,TGT,F I,75,95.1
2025-10-24,9:32:25.485632098,T,TGT,F I,25,95.09
2025-10-24,9:32:25.485656124,T,TGT,I,1,95.09
2025-10-24,9:32:25.485662121,T,TGT,F I,74,95.09
2025-10-24,9:32:25.485758352,T,TGT,F I,25,95.06
2025-10-24,9:32:25.494764904,T,TGT,,100,95.04
2025-10-24,9:32:25.540762447,T,TGT,,100,95.05
2025-10-24,9:32:25.540894745,T,TGT,,100,95.05
2025-10-24,9:32:25.920338715,T,TGT,I,29,95.06
2025-10-24,9:32:41.006479223,T,TGT,F I,3,95.2
2025-10-24,9:32:41.006482243,T,TGT,F I,43,95.2
2025-10-24,9:32:41.006485914,T,TGT,F,100,95.2
2025-10-24,9:32:41.007685135,T,TGT,,100,95.2
2025-10-24,9:32:41.007706167,T,TGT,I,1,95.2
2025-10-24,9:32:41.007733208,T,TGT,I,80,95.2
2025-10-24,9:32:41.007745636,T,TGT,I,19,95.2
2025-10-24,9:32:41.007745636,T,TGT,I,21,95.19
2025-10-24,9:32:41.007787694,T,TGT,F I,19,95.19
2025-10-24,9:32:41.008259504,T,TGT,I,1,95.2
2025-10-24,9:32:41.008620319,T,TGT,F,100,95.2
2025-10-24,9:32:41.008803802,T,TGT,,100,95.2
2025-10-24,9:32:41.008803802,T,TGT,I,25,95.2
2025-10-24,9:32:41.008957163,T,TGT,I,6,95.21
2025-10-24,9:32:41.009083430,T,TGT,F I,6,95.2
2025-10-24,9:32:41.009083430,T,TGT,F I,2,95.2
2025-10-24,9:32:41.009104499,T,TGT,I,1,95.2
2025-10-24,9:32:41.009260856,T,TGT,I,1,95.21
2025-10-24,9:32:41.009390157,T,TGT,F I,6,95.2
2025-10-24,9:32:41.009393131,T,TGT,F I,1,95.2
2025-10-24,9:32:41.009838481,T,TGT,F I,16,95.19
2025-10-24,9:32:41.009844208,T,TGT,F I,6,95.19
2025-10-24,9:32:41.009859343,T,TGT,I,22,95.19
2025-10-24,9:32:41.010232144,T,TGT,F I,56,95.19
2025-10-24,9:32:41.013371612,T,TGT,F I,6,95.19
2025-10-24,9:32:41.014373022,T,TGT,F,100,95.17
2025-10-24,9:32:41.028645115,T,TGT,I,6,95.19
2025-10-24,9:32:41.059832387,T,TGT,I,75,95.16
2025-10-24,9:33:00.610628478,T,TGT,F I,64,95.3
2025-10-24,9:33:00.610631546,T,TGT,F I,30,95.31
2025-10-24,9:33:03.042808598,T,TGT,F I,70,95.31
2025-10-24,9:33:03.042808598,T,TGT,F I,2,95.32
2025-10-24,9:33:03.042810979,T,TGT,F I,72,95.32
2025-10-24,9:33:03.042868124,T,TGT,I,29,95.29
2025-10-24,9:33:03.042964335,T,TGT,I,37,95.31
2025-10-24,9:33:03.043020636,T,TGT,F I,8,95.29
2025-10-24,9:33:03.043045593,T,TGT,I,37,95.29
2025-10-24,9:33:03.043048532,T,TGT,I,29,95.3
2025-10-24,9:33:03.043075666,T,TGT,F I,29,95.3
2025-10-24,9:33:03.043108667,T,TGT,F I,13,95.3
2025-10-24,9:33:03.043108667,T,TGT,F I,28,95.32
2025-10-24,9:33:03.043165815,T,TGT,I,25,95.34
2025-10-24,9:33:03.043171853,T,TGT,I,1,95.34
2025-10-24,9:33:03.043292112,T,TGT,I,20,95.34
2025-10-24,9:33:03.043295098,T,TGT,,100,95.34
2025-10-24,9:33:03.043571832,T,TGT,I,37,95.32
2025-10-24,9:33:03.043574777,T,TGT,I,29,95.32
2025-10-24,9:33:03.043577848,T,TGT,I,34,95.32
2025-10-24,9:33:03.043592908,T,TGT,I,1,95.32
2025-10-24,9:33:03.043595876,T,TGT,I,1,95.32
2025-10-24,9:33:03.044047134,T,TGT,I,10,95.35
2025-10-24,9:33:03.044047134,T,TGT,I,1,95.35
2025-10-24,9:33:03.044049999,T,TGT,I,1,95.35
2025-10-24,9:33:03.044049999,T,TGT,I,25,95.35
2025-10-24,9:33:03.044077019,T,TGT,F I,34,95.34
2025-10-24,9:33:03.044095083,T,TGT,I,66,95.34
2025-10-24,9:33:03.044254447,T,TGT,I,6,95.33
2025-10-24,9:33:03.044287537,T,TGT,F I,25,95.34
2025-10-24,9:33:03.044293520,T,TGT,I,25,95.34
2025-10-24,9:33:03.044308562,T,TGT,I,6,95.34
2025-10-24,9:33:03.044561169,T,TGT,F,100,95.34
2025-10-24,9:33:03.044946116,T,TGT,,100,95.36
2025-10-24,9:33:03.045745927,T,TGT,I,2,95.34
2025-10-24,9:33:03.045794106,T,TGT,,100,95.36
2025-10-24,9:33:03.046723276,T,TGT,I,5,95.34
2025-10-24,9:33:03.046798534,T,TGT,I,9,95.37
2025-10-24,9:33:03.047192442,T,TGT,I,12,95.37
2025-10-24,9:33:03.093424523,T,TGT,F I,1,95.4
2025-10-24,9:33:03.093517747,T,TGT,F I,1,95.41
2025-10-24,9:33:03.094284652,T,TGT,I,25,95.44
2025-10-24,9:33:03.094792764,T,TGT,,138,95.4
2025-10-24,9:33:03.094883092,T,TGT,,100,95.39
2025-10-24,9:33:03.094934194,T,TGT,I,17,95.39
2025-10-24,9:33:03.094937174,T,TGT,I,83,95.4
2025-10-24,9:33:03.094937174,T,TGT,F I,17,95.4
2025-10-24,9:33:03.095274142,T,TGT,,100,95.42
2025-10-24,9:33:03.095782176,T,TGT,I,37,95.41
2025-10-24,9:33:03.095788213,T,TGT,,100,95.41
2025-10-24,9:33:03.095791727,T,TGT,,273,95.41
2025-10-24,9:33:03.095839400,T,TGT,,100,95.42
2025-10-24,9:33:03.095870006,T,TGT,F I,37,95.42
2025-10-24,9:33:03.095870006,T,TGT,F I,63,95.43
2025-10-24,9:33:03.095896760,T,TGT,I,19,95.42
2025-10-24,9:33:03.095899465,T,TGT,I,2,95.42
2025-10-24,9:33:03.095899465,T,TGT,I,16,95.43
2025-10-24,9:33:03.095983643,T,TGT,I,11,95.42
2025-10-24,9:33:03.096079867,T,TGT,I,41,95.42
2025-10-24,9:33:03.096083484,T,TGT,I,41,95.42
2025-10-24,9:33:03.096083484,T,TGT,I,22,95.42
2025-10-24,9:33:03.096085923,T,TGT,I,3,95.42
2025-10-24,9:33:03.100115539,T,TGT,,100,95.44
2025-10-24,9:33:03.102280649,T,TGT,,100,95.44
2025-10-24,9:33:03.200539720,T,TGT,I,17,95.41
2025-10-24,9:33:03.200539720,T,TGT,I,3,95.41
2025-10-24,9:33:03.200545847,T,TGT,I,3,95.41
2025-10-24,9:33:03.200545847,T,TGT,I,41,95.41
2025-10-24,9:33:03.200549813,T,TGT,I,22,95.41
2025-10-24,9:33:03.200549813,T,TGT,I,41,95.41
2025-10-24,9:33:03.200552410,T,TGT,I,12,95.41
2025-10-24,9:33:03.200552410,T,TGT,,100,95.41
2025-10-24,9:33:03.200554847,T,TGT,I,34,95.41
2025-10-24,9:33:03.200615077,T,TGT,,100,95.41
2025-10-24,9:33:03.201559156,T,TGT,I,75,95.41
2025-10-24,9:33:03.201604349,T,TGT,F I,25,95.41
2025-10-24,9:33:03.201622386,T,TGT,I,41,95.41
2025-10-24,9:33:03.627349585,T,TGT,,100,95.36
2025-10-24,9:33:03.627353105,T,TGT,,255,95.32
2025-10-24,9:33:03.627353105,T,TGT,I,45,95.32
2025-10-24,9:33:03.737411878,T,TGT,,100,95.33
2025-10-24,9:33:03.737415592,T,TGT,I,25,95.32
2025-10-24,9:33:03.737415592,T,TGT,I,25,95.32
2025-10-24,9:33:03.737418505,T,TGT,I,25,95.31
2025-10-24,9:33:03.737420987,T,TGT,,100,95.3
2025-10-24,9:33:03.737420987,T,TGT,,125,95.3
2025-10-24,9:33:05.172926764,T,TGT,,200,95.33
2025-10-24,9:33:06.454736619,T,TGT,F I,25,95.3
2025-10-24,9:33:06.454736619,T,TGT,F,175,95.29
2025-10-24,9:33:06.454742619,T,TGT,F I,25,95.29
2025-10-24,9:33:06.454805792,T,TGT,,100,95.31
2025-10-24,9:33:06.455148576,T,TGT,I,21,95.31
2025-10-24,9:33:06.455307951,T,TGT,F I,97,95.32
2025-10-24,9:33:06.455311785,T,TGT,F,103,95.32
2025-10-24,9:33:06.455313924,T,TGT,F I,24,95.31
2025-10-24,9:33:06.455316930,T,TGT,F,103,95.31
2025-10-24,9:33:06.455359871,T,TGT,F I,42,95.31
2025-10-24,9:33:06.455371155,T,TGT,F,258,95.31
2025-10-24,9:33:06.455386141,T,TGT,I,9,95.32
2025-10-24,9:33:06.455737984,T,TGT,,100,95.34
2025-10-24,9:33:06.455810109,T,TGT,F I,37,95.32
2025-10-24,9:33:06.455840256,T,TGT,F I,1,95.31
2025-10-24,9:33:06.455858202,T,TGT,F I,6,95.31
2025-10-24,9:33:06.455861253,T,TGT,F I,2,95.31
2025-10-24,9:33:06.455861253,T,TGT,I,17,95.34
2025-10-24,9:33:06.455864318,T,TGT,I,1,95.34
2025-10-24,9:33:06.456054002,T,TGT,I,37,95.34
2025-10-24,9:33:06.456056745,T,TGT,I,6,95.34
2025-10-24,9:33:06.456056745,T,TGT,I,2,95.34
2025-10-24,9:33:06.456113825,T,TGT,F I,9,95.32
2025-10-24,9:33:06.456120279,T,TGT,I,12,95.34
2025-10-24,9:33:06.456249976,T,TGT,,100,95.33
2025-10-24,9:33:06.456252534,T,TGT,,131,95.33
2025-10-24,9:33:06.456252534,T,TGT,I,26,95.33
2025-10-24,9:33:06.456255165,T,TGT,I,41,95.33
2025-10-24,9:33:06.456354450,T,TGT,,100,95.33
2025-10-24,9:33:06.456354450,T,TGT,I,9,95.33
2025-10-24,9:33:06.456357406,T,TGT,I,29,95.33
2025-10-24,9:33:06.456426596,T,TGT,,100,95.31
2025-10-24,9:33:06.456468688,T,TGT,F I,25,95.31
2025-10-24,9:33:06.456499283,T,TGT,,100,95.32
2025-10-24,9:33:06.456516885,T,TGT,F,100,95.32
2025-10-24,9:33:06.456979932,T,TGT,,100,95.32
2025-10-24,9:33:06.457401775,T,TGT,I,3,95.33
2025-10-24,9:33:06.457404063,T,TGT,,100,95.33
2025-10-24,9:33:06.457467127,T,TGT,I,76,95.32
2025-10-24,9:33:06.457740789,T,TGT,I,24,95.32
2025-10-24,9:33:06.457740789,T,TGT,I,29,95.32
2025-10-24,9:33:06.457743794,T,TGT,I,2,95.32
2025-10-24,9:33:06.458432532,T,TGT,I,34,95.33
2025-10-24,9:33:06.458483499,T,TGT,F I,3,95.32
2025-10-24,9:33:06.458486505,T,TGT,F I,25,95.32
2025-10-24,9:33:06.458558633,T,TGT,,100,95.32
2025-10-24,9:33:06.458748136,T,TGT,F I,64,95.32
2025-10-24,9:33:06.458775175,T,TGT,I,36,95.32
2025-10-24,9:33:06.459223303,T,TGT,F I,5,95.33
2025-10-24,9:33:06.459250287,T,TGT,I,95,95.33
2025-10-24,9:33:06.459713706,T,TGT,I,26,95.33
2025-10-24,9:33:06.460026223,T,TGT,F,100,95.32
2025-10-24,9:33:06.460564928,T,TGT,I,25,95.29
2025-10-24,9:33:06.460937398,T,TGT,,100,95.3
2025-10-24,9:33:06.462233450,T,TGT,I,13,95.29
2025-10-24,9:33:06.467504956,T,TGT,,200,95.285
2025-10-24,9:33:06.471038480,T,TGT,F I,37,95.31
2025-10-24,9:33:06.471038480,T,TGT,F,100,95.31
2025-10-24,9:33:06.512802760,T,TGT,I,25,95.35
2025-10-24,9:33:06.512806094,T,TGT,I,34,95.36
2025-10-24,9:33:06.512806094,T,TGT,I,25,95.36
2025-10-24,9:33:06.512808029,T,TGT,I,75,95.36
2025-10-24,9:33:06.512823177,T,TGT,I,1,95.36
2025-10-24,9:33:06.512832350,T,TGT,F I,29,95.33
2025-10-24,9:33:06.512868067,T,TGT,F I,65,95.33
2025-10-24,9:33:06.512889172,T,TGT,I,1,95.33
2025-10-24,9:33:06.512892123,T,TGT,F I,35,95.33
2025-10-24,9:33:06.512970278,T,TGT,I,29,95.31
2025-10-24,9:33:06.513156716,T,TGT,F I,25,95.33
2025-10-24,9:33:06.513743156,T,TGT,,100,95.36
2025-10-24,9:33:09.783354703,T,TGT,F I,25,95.36
2025-10-24,9:33:21.407105937,T,TGT,F,100,95.42
2025-10-24,9:33:21.407109874,T,TGT,F I,25,95.42
2025-10-24,9:33:21.407112349,T,TGT,F I,25,95.42
2025-10-24,9:33:21.407114988,T,TGT,F I,50,95.43
2025-10-24,9:33:21.407214423,T,TGT,I,50,95.43
2025-10-24,9:33:21.407217216,T,TGT,I,50,95.43
2025-10-24,9:33:21.407238833,T,TGT,F I,42,95.43
2025-10-24,9:33:21.407238833,T,TGT,F I,8,95.43
2025-10-24,9:33:21.407596122,T,TGT,I,34,95.43
2025-10-24,9:33:21.407920916,T,TGT,F I,17,95.415
2025-10-24,9:33:21.408086567,T,TGT,F I,66,95.43
2025-10-24,9:33:21.408143395,T,TGT,F I,6,95.425
2025-10-24,9:33:21.408219097,T,TGT,F I,6,95.425
2025-10-24,9:33:21.408360038,T,TGT,F I,2,95.43
2025-10-24,9:33:21.408360038,T,TGT,F I,5,95.43
2025-10-24,9:33:21.408423092,T,TGT,,100,95.43
2025-10-24,9:33:21.408597550,T,TGT,F,100,95.43
2025-10-24,9:33:21.408666640,T,TGT,F I,5,95.43
2025-10-24,9:33:21.408747875,T,TGT,,100,95.43
2025-10-24,9:33:21.411755062,T,TGT,F I,40,95.42
2025-10-24,9:33:21.412079870,T,TGT,F I,25,95.4
2025-10-24,9:33:21.412082863,T,TGT,F,100,95.4
2025-10-24,9:33:21.412239572,T,TGT,,100,95.42
2025-10-24,9:33:21.412239572,T,TGT,I,40,95.42
2025-10-24,9:33:21.412245358,T,TGT,I,40,95.43
2025-10-24,9:33:21.412248414,T,TGT,I,40,95.43
2025-10-24,9:33:21.412251480,T,TGT,I,25,95.43
2025-10-24,9:33:21.412251480,T,TGT,I,46,95.43
2025-10-24,9:33:21.412254260,T,TGT,I,25,95.43
2025-10-24,9:33:21.412846622,T,TGT,I,10,95.43
2025-10-24,9:33:21.414615849,T,TGT,F I,25,95.43
2025-10-24,9:33:21.414617988,T,TGT,F,100,95.42
2025-10-24,9:33:21.414621498,T,TGT,F I,6,95.42
2025-10-24,9:33:21.414621498,T,TGT,F I,23,95.42
2025-10-24,9:33:21.414624705,T,TGT,F I,23,95.42
2025-10-24,9:33:21.414624705,T,TGT,F,172,95.42
2025-10-24,9:33:21.414627325,T,TGT,F I,75,95.42
2025-10-24,9:33:21.414627325,T,TGT,F I,25,95.42
2025-10-24,9:33:21.414895032,T,TGT,F,100,95.42
2025-10-24,9:33:21.415036459,T,TGT,I,25,95.42
2025-10-24,9:33:21.415038981,T,TGT,I,22,95.42
2025-10-24,9:33:21.415038981,T,TGT,I,2,95.42
2025-10-24,9:33:21.415083908,T,TGT,F,100,95.42
2025-10-24,9:33:21.415306471,T,TGT,F,100,95.42
2025-10-24,9:33:21.415324524,T,TGT,F,100,95.41
2025-10-24,9:33:21.416013117,T,TGT,F,100,95.41
2025-10-24,9:33:21.437511405,T,TGT,F I,34,95.37
2025-10-24,9:33:21.458483363,T,TGT,F I,75,95.36
2025-10-24,9:33:21.483247405,T,TGT,,100,95.385
2025-10-24,9:33:21.570109375,T,TGT,F I,25,95.34
2025-10-24,9:33:21.570440632,T,TGT,F,500,95.32
2025-10-24,9:33:21.571345937,T,TGT,F,158,95.3
2025-10-24,9:33:21.571345937,T,TGT,F I,99,95.3
2025-10-24,9:33:21.571348235,T,TGT,F,100,95.3
2025-10-24,9:33:21.571492604,T,TGT,F,100,95.3
2025-10-24,9:33:21.620813761,T,TGT,I,2,95.3
2025-10-24,9:33:21.683094420,T,TGT,I,30,95.25
2025-10-24,9:33:21.938992236,T,TGT,I,25,95.3
2025-10-24,9:33:21.938995295,T,TGT,,100,95.325
2025-10-24,9:33:21.938995295,T,TGT,,200,95.325
2025-10-24,9:33:26.300020917,T,TGT,F I,25,95.28
2025-10-24,9:33:26.814505306,T,TGT,I,25,95.35
2025-10-24,9:33:26.814507660,T,TGT,,100,95.355
2025-10-24,9:33:26.814510914,T,TGT,,100,95.355
2025-10-24,9:33:26.814513690,T,TGT,,255,95.355
2025-10-24,9:33:26.814513690,T,TGT,I,30,95.355
2025-10-24,9:33:26.814516721,T,TGT,,200,95.355
2025-10-24,9:33:32.292968725,T,TGT,,100,95.375
2025-10-24,9:33:32.293119096,T,TGT,I,75,95.375
2025-10-24,9:33:32.294382141,T,TGT,I,75,95.375
2025-10-24,9:33:32.294418238,T,TGT,I,75,95.375
2025-10-24,9:33:32.294466356,T,TGT,I,50,95.375
2025-10-24,9:33:35.614541110,T,TGT,I,75,95.375
2025-10-24,9:33:36.950443821,T,TGT,I,75,95.375
2025-10-24,9:33:37.345561245,T,TGT,F I,75,95.375
2025-10-24,9:33:37.885025527,T,TGT,F I,75,95.375
2025-10-24,9:33:37.885067611,T,TGT,I,75,95.375
2025-10-24,9:33:37.885103645,T,TGT,I,50,95.375
2025-10-24,9:33:37.930304429,T,TGT,F I,25,95.32
2025-10-24,9:33:37.930307456,T,TGT,F,100,95.32
2025-10-24,9:33:37.930307456,T,TGT,F,150,95.32
2025-10-24,9:33:37.930310390,T,TGT,F I,56,95.32
2025-10-24,9:33:37.930346887,T,TGT,,100,95.31
2025-10-24,9:33:37.930349502,T,TGT,,100,95.31
2025-10-24,9:33:37.930352524,T,TGT,,100,95.31
2025-10-24,9:33:37.930355667,T,TGT,I,20,95.31
2025-10-24,9:33:37.930358634,T,TGT,I,11,95.31
2025-10-24,9:33:37.930674290,T,TGT,F I,75,95.32
2025-10-24,9:33:37.930689304,T,TGT,F I,25,95.32
2025-10-24,9:33:37.930689304,T,TGT,F I,50,95.32
2025-10-24,9:33:37.930698318,T,TGT,F I,6,95.32
2025-10-24,9:33:37.930698318,T,TGT,F I,25,95.32
2025-10-24,9:33:37.930701579,T,TGT,F I,19,95.32
2025-10-24,9:33:37.930701579,T,TGT,F I,6,95.32
2025-10-24,9:33:37.930707359,T,TGT,F I,19,95.32
2025-10-24,9:33:37.931428995,T,TGT,I,18,95.32
2025-10-24,9:33:37.935236353,T,TGT,F I,25,95.31
2025-10-24,9:33:37.935236353,T,TGT,F I,13,95.3
2025-10-24,9:33:37.935239744,T,TGT,F,100,95.3
2025-10-24,9:33:37.935239744,T,TGT,F I,90,95.3
2025-10-24,9:33:37.935242632,T,TGT,F I,37,95.3
2025-10-24,9:33:37.935245803,T,TGT,F I,25,95.3
2025-10-24,9:33:37.935245803,T,TGT,F,100,95.3
2025-10-24,9:33:37.942751067,T,TGT,,100,95.28
2025-10-24,9:33:37.942751067,T,TGT,I,25,95.28
2025-10-24,9:33:42.968182621,T,TGT,F I,25,95.31
2025-10-24,9:33:49.881692705,T,TGT,,150,95.29
2025-10-24,9:33:49.881692705,T,TGT,,200,95.28
2025-10-24,9:33:49.881695990,T,TGT,,100,95.28
2025-10-24,9:33:49.881695990,T,TGT,I,1,95.28
2025-10-24,9:33:49.881698786,T,TGT,,151,95.28
2025-10-24,9:33:49.881710710,T,TGT,I,1,95.28
2025-10-24,9:33:49.881737730,T,TGT,F I,2,95.28
2025-10-24,9:33:49.881768170,T,TGT,I,33,95.28
2025-10-24,9:33:49.881773918,T,TGT,,113,95.28
2025-10-24,9:33:49.882128683,T,TGT,F I,1,95.29
2025-10-24,9:33:49.882197982,T,TGT,F I,1,95.28
2025-10-24,9:33:49.888735412,T,TGT,I,6,95.29
2025-10-24,9:33:56.942821082,T,TGT,F I,6,95.28
2025-10-24,9:33:57.143997443,T,TGT,F I,12,95.24
2025-10-24,9:33:57.144000379,T,TGT,F,100,95.24
2025-10-24,9:34:00.299162294,T,TGT,F I,75,95.21
2025-10-24,9:34:01.117835741,T,TGT,F I,75,95.21
2025-10-24,9:34:01.117910843,T,TGT,F I,7,95.21
2025-10-24,9:34:02.672482625,T,TGT,,100,95.235
2025-10-24,9:34:04.674273537,T,TGT,,100,95.18
2025-10-24,9:34:04.674282618,T,TGT,F I,1,95.18
2025-10-24,9:34:04.674451013,T,TGT,F I,75,95.16
2025-10-24,9:34:04.674887019,T,TGT,F I,25,95.16
2025-10-24,9:34:04.677031162,T,TGT,F I,25,95.13
2025-10-24,9:34:04.677079237,T,TGT,F I,25,95.13
2025-10-24,9:34:04.677094317,T,TGT,F I,25,95.13
2025-10-24,9:34:04.677301786,T,TGT,F I,75,95.13
2025-10-24,9:34:04.677617559,T,TGT,I,29,95.145
2025-10-24,9:34:04.918497368,T,TGT,F I,6,95.13
2025-10-24,9:34:04.918563725,T,TGT,F I,31,95.08
2025-10-24,9:34:04.918566632,T,TGT,F I,25,95.08
2025-10-24,9:34:05.949651174,T,TGT,,100,95.01
2025-10-24,9:34:05.962859287,T,TGT,F,100,95.0
2025-10-24,9:34:05.962859287,T,TGT,F I,25,95.0
2025-10-24,9:34:05.962862637,T,TGT,F I,25,94.98
2025-10-24,9:34:05.962862637,T,TGT,F I,1,94.98
2025-10-24,9:34:05.962867622,T,TGT,F I,10,94.98
2025-10-24,9:34:05.962867622,T,TGT,F I,20,94.95
2025-10-24,9:34:05.962870620,T,TGT,F I,25,94.95
2025-10-24,9:34:05.962874364,T,TGT,F I,73,94.94
2025-10-24,9:34:05.962874364,T,TGT,F I,25,94.94
2025-10-24,9:34:05.962877140,T,TGT,F I,10,94.94
2025-10-24,9:34:05.962882736,T,TGT,F I,48,94.93
2025-10-24,9:34:05.962882736,T,TGT,F,200,94.93
2025-10-24,9:34:05.962889048,T,TGT,F I,25,94.93
2025-10-24,9:34:05.962889048,T,TGT,F I,38,94.92
2025-10-24,9:34:05.962891738,T,TGT,F,399,94.9
2025-10-24,9:34:05.962891738,T,TGT,F I,1,94.89
2025-10-24,9:34:05.962894763,T,TGT,F,151,94.88
2025-10-24,9:34:05.963102263,T,TGT,F I,1,95.0
2025-10-24,9:34:05.963334720,T,TGT,F I,15,94.88
2025-10-24,9:34:05.963336900,T,TGT,F,134,94.88
2025-10-24,9:34:05.963390856,T,TGT,F,200,94.85
2025-10-24,9:34:05.963417909,T,TGT,F I,2,94.84
2025-10-24,9:34:05.963421017,T,TGT,F I,28,94.84
2025-10-24,9:34:05.963472544,T,TGT,F I,30,94.95
2025-10-24,9:34:05.963475317,T,TGT,F I,70,94.91
2025-10-24,9:34:05.963478057,T,TGT,F I,16,94.91
2025-10-24,9:34:05.963512403,T,TGT,,100,94.91
2025-10-24,9:34:05.963517712,T,TGT,,100,94.91
2025-10-24,9:34:05.963715704,T,TGT,F I,1,94.94
2025-10-24,9:34:05.969209742,T,TGT,F I,33,95.0
2025-10-24,9:34:05.969209742,T,TGT,F I,67,95.0
2025-10-24,9:34:05.969209742,T,TGT,F I,25,95.0
2025-10-24,9:34:05.969212771,T,TGT,F I,54,95.0
2025-10-24,9:34:05.969300030,T,TGT,,100,95.0
2025-10-24,9:34:05.970464018,T,TGT,F,100,95.03
2025-10-24,9:34:05.970464018,T,TGT,F,100,95.03
2025-10-24,9:34:05.970470229,T,TGT,F I,50,95.03
2025-10-24,9:34:05.970563015,T,TGT,,100,95.03
2025-10-24,9:34:05.976381855,T,TGT,I,41,95.02
2025-10-24,9:34:05.976381855,T,TGT,I,40,95.02
2025-10-24,9:34:05.976384801,T,TGT,,115,95.02
2025-10-24,9:34:05.976399893,T,TGT,I,1,95.02
2025-10-24,9:34:05.976420973,T,TGT,F,192,95.02
2025-10-24,9:34:05.976460897,T,TGT,,800,95.02
2025-10-24,9:34:05.976460897,T,TGT,I,78,95.02
2025-10-24,9:34:05.976462988,T,TGT,I,38,95.02
2025-10-24,9:34:05.976466104,T,TGT,,205,95.02
2025-10-24,9:34:05.976466104,T,TGT,,100,95.02
2025-10-24,9:34:05.982499163,T,TGT,F I,92,95.02
2025-10-24,9:34:05.982501396,T,TGT,F I,40,95.02
2025-10-24,9:34:05.982507417,T,TGT,F I,41,95.02
2025-10-24,9:34:05.982507417,T,TGT,F,100,95.02
2025-10-24,9:34:05.982511162,T,TGT,F,100,94.98
2025-10-24,9:34:05.982511162,T,TGT,F I,25,94.98
2025-10-24,9:34:05.982514445,T,TGT,F I,25,94.96
2025-10-24,9:34:05.982514445,T,TGT,F I,10,94.96
2025-10-24,9:34:05.982516661,T,TGT,F I,33,94.93
2025-10-24,9:34:05.982519647,T,TGT,F I,67,94.93
2025-10-24,9:34:05.982519647,T,TGT,F I,25,94.93
2025-10-24,9:34:05.982522685,T,TGT,F I,75,94.91
2025-10-24,9:34:05.982522685,T,TGT,F I,34,94.87
2025-10-24,9:34:05.982525935,T,TGT,F I,25,94.87
2025-10-24,9:34:05.982525935,T,TGT,F I,25,94.84
2025-10-24,9:34:05.982528854,T,TGT,F I,34,94.84
2025-10-24,9:34:05.982532654,T,TGT,F I,1,94.82
2025-10-24,9:34:05.982532654,T,TGT,F I,25,94.82
2025-10-24,9:34:05.982537515,T,TGT,F I,10,94.81
2025-10-24,9:34:05.982537515,T,TGT,I,40,95.01
2025-10-24,9:34:05.982537515,T,TGT,I,41,95.01
2025-10-24,9:34:05.982643068,T,TGT,I,17,95.01
2025-10-24,9:34:05.982720944,T,TGT,I,10,95.01
2025-10-24,9:34:05.982723989,T,TGT,I,17,95.01
2025-10-24,9:34:05.986266448,T,TGT,I,18,94.93
2025-10-24,9:34:05.986657373,T,TGT,,100,94.93
2025-10-24,9:34:05.987099385,T,TGT,I,82,94.93
2025-10-24,9:34:05.991017719,T,TGT,I,10,94.95
2025-10-24,9:34:05.991414613,T,TGT,,100,94.95
2025-10-24,9:34:05.994238422,T,TGT,I,11,94.95
2025-10-24,9:34:05.994632348,T,TGT,I,79,94.95
2025-10-24,9:34:05.999504090,T,TGT,F,100,94.92
2025-10-24,9:34:05.999506993,T,TGT,F I,40,94.91
2025-10-24,9:34:05.999506993,T,TGT,F I,16,94.9
2025-10-24,9:34:05.999537006,T,TGT,F I,75,94.95
2025-10-24,9:34:05.999558036,T,TGT,I,1,94.95
2025-10-24,9:34:06.000111375,T,TGT,I,3,94.95
2025-10-24,9:34:06.000511306,T,TGT,,100,94.95
2025-10-24,9:34:06.005816596,T,TGT,I,99,94.93
2025-10-24,9:34:06.432556615,T,TGT,F I,1,94.93
2025-10-24,9:34:06.432562599,T,TGT,F,200,94.93
2025-10-24,9:34:06.432562599,T,TGT,F I,40,94.93
2025-10-24,9:34:06.432565673,T,TGT,F I,76,94.93
2025-10-24,9:34:06.432565673,T,TGT,F,100,94.93
2025-10-24,9:34:06.432568647,T,TGT,F,283,94.93
2025-10-24,9:34:06.432611102,T,TGT,,503,94.93
2025-10-24,9:34:06.432611102,T,TGT,,200,94.93
2025-10-24,9:34:06.432617125,T,TGT,,146,94.93
2025-10-24,9:34:06.432617125,T,TGT,I,73,94.93
2025-10-24,9:34:06.432623457,T,TGT,,200,94.93
2025-10-24,9:34:06.432623457,T,TGT,,200,94.93
2025-10-24,9:34:06.432629816,T,TGT,,100,94.93
2025-10-24,9:34:06.432629816,T,TGT,,981,94.93
2025-10-24,9:34:06.432631991,T,TGT,I,28,94.93
2025-10-24,9:34:06.432635257,T,TGT,I,90,94.93
2025-10-24,9:34:06.432637942,T,TGT,I,10,94.93
2025-10-24,9:34:06.432637942,T,TGT,I,25,94.93
2025-10-24,9:34:08.778256714,T,TGT,,100,94.88
2025-10-24,9:34:08.778256714,T,TGT,,100,94.88
2025-10-24,9:34:08.778258873,T,TGT,,200,94.88
2025-10-24,9:34:08.950593440,T,TGT,,200,94.88
2025-10-24,9:34:09.014255191,T,TGT,F I,18,94.88
2025-10-24,9:34:11.334159165,T,TGT,F,100,94.83
2025-10-24,9:34:11.334174279,T,TGT,I,1,94.83
2025-10-24,9:34:11.334186173,T,TGT,F I,25,94.83
2025-10-24,9:34:11.334468857,T,TGT,,274,94.83
2025-10-24,9:34:12.926118796,T,TGT,F I,75,94.86
2025-10-24,9:34:12.926145917,T,TGT,F,100,94.84
2025-10-24,9:34:12.926145917,T,TGT,F I,52,94.88
2025-10-24,9:34:12.926148934,T,TGT,F I,1,94.88
2025-10-24,9:34:12.926163875,T,TGT,F I,99,94.88
2025-10-24,9:34:12.926166851,T,TGT,F I,1,94.88
2025-10-24,9:34:12.926190968,T,TGT,I,1,94.88
2025-10-24,9:34:12.926212024,T,TGT,F I,51,94.88
2025-10-24,9:34:12.926212024,T,TGT,F I,1,94.88
2025-10-24,9:34:12.926230072,T,TGT,,100,94.87
2025-10-24,9:34:12.926260270,T,TGT,I,44,94.89
2025-10-24,9:34:12.926284199,T,TGT,F I,30,94.89
2025-10-24,9:34:12.926306006,T,TGT,,100,94.88
2025-10-24,9:34:12.926308403,T,TGT,F I,26,94.89
2025-10-24,9:34:12.926398469,T,TGT,,100,94.89
2025-10-24,9:34:12.926602880,T,TGT,F I,52,94.88
2025-10-24,9:34:12.926626973,T,TGT,I,1,94.88
2025-10-24,9:34:12.927020901,T,TGT,F I,1,94.87
2025-10-24,9:34:12.928567222,T,TGT,F,139,94.88
2025-10-24,9:34:12.928569716,T,TGT,F I,6,94.88
2025-10-24,9:34:12.928569716,T,TGT,F I,1,94.88
2025-10-24,9:34:13.007149775,T,TGT,F I,42,94.92
2025-10-24,9:34:13.007170856,T,TGT,F I,6,94.92
2025-10-24,9:34:13.007240316,T,TGT,F I,4,94.93
2025-10-24,9:34:13.007736253,T,TGT,F,100,94.94
2025-10-24,9:34:13.007739152,T,TGT,F,200,94.94
2025-10-24,9:34:13.143807315,T,TGT,,100,94.99
2025-10-24,9:34:13.143813634,T,TGT,F,100,95.0
2025-10-24,9:34:14.771850042,T,TGT,,200,95.075
2025-10-24,9:34:14.873203442,T,TGT,I,75,95.075
2025-10-24,9:34:16.638171375,T,TGT,F I,25,95.11
2025-10-24,9:34:16.638899074,T,TGT,F I,25,95.14
2025-10-24,9:34:22.100003630,T,TGT,I,8,95.145
2025-10-24,9:34:22.100003630,T,TGT,,255,95.145
2025-10-24,9:34:22.100005729,T,TGT,,150,95.145
2025-10-24,9:34:22.100420599,T,TGT,,255,95.145
2025-10-24,9:34:25.539097990,T,TGT,F I,8,95.16
2025-10-24,9:34:26.678849367,T,TGT,F I,25,95.09
2025-10-24,9:34:26.678849367,T,TGT,F I,60,95.09
2025-10-24,9:34:28.201981002,T,TGT,I,25,95.14
2025-10-24,9:34:28.201981002,T,TGT,,200,95.145
2025-10-24,9:34:28.245506978,T,TGT,I,75,95.145
2025-10-24,9:34:28.245557847,T,TGT,F I,25,95.145
2025-10-24,9:34:33.304170618,T,TGT,,200,95.145
2025-10-24,9:34:38.386988320,T,TGT,,100,95.145
2025-10-24,9:34:38.386988320,T,TGT,I,10,95.145
2025-10-24,9:34:43.388819505,T,TGT,I,67,95.16
2025-10-24,9:34:43.483575150,T,TGT,,200,95.16
2025-10-24,9:34:51.463985061,T,TGT,,200,95.225
2025-10-24,9:34:51.464018145,T,TGT,F,150,95.225
2025-10-24,9:34:51.464018145,T,TGT,F I,50,95.25
2025-10-24,9:34:51.464042251,T,TGT,F I,50,95.25
2025-10-24,9:34:51.464042251,T,TGT,F,100,95.25
2025-10-24,9:34:51.464045474,T,TGT,F,100,95.25
2025-10-24,9:34:52.384847896,T,TGT,F I,75,95.25
2025-10-24,9:34:52.384898991,T,TGT,F I,25,95.25
2025-10-24,9:34:52.384902035,T,TGT,F I,50,95.25
2025-10-24,9:34:54.893273995,T,TGT,I,57,95.275
2025-10-24,9:34:55.816521561,T,TGT,,100,95.275
2025-10-24,9:34:55.816972652,T,TGT,I,98,95.275
2025-10-24,9:34:55.817459824,T,TGT,,100,95.29
2025-10-24,9:34:55.817486887,T,TGT,F I,30,95.3
2025-10-24,9:34:55.817492802,T,TGT,F,150,95.3
2025-10-24,9:34:55.817835707,T,TGT,F I,20,95.32
2025-10-24,9:34:55.817892767,T,TGT,F I,1,95.34
2025-10-24,9:34:55.817922835,T,TGT,F I,97,95.35
2025-10-24,9:34:55.817955972,T,TGT,F I,25,95.35
2025-10-24,9:34:55.818238737,T,TGT,I,25,95.36
2025-10-24,9:34:55.818277924,T,TGT,F I,10,95.34
2025-10-24,9:34:55.818280730,T,TGT,F I,10,95.34
2025-10-24,9:34:55.818283775,T,TGT,F I,10,95.34
2025-10-24,9:34:55.818293340,T,TGT,F I,16,95.34
2025-10-24,9:34:55.818296581,T,TGT,F I,21,95.34
2025-10-24,9:34:55.818299774,T,TGT,F I,4,95.34
2025-10-24,9:34:55.818302414,T,TGT,F I,19,95.34
2025-10-24,9:34:55.818302414,T,TGT,F I,6,95.34
2025-10-24,9:34:55.818575614,T,TGT,F,100,95.31
2025-10-24,9:34:55.818575614,T,TGT,F,100,95.31
2025-10-24,9:34:55.818581490,T,TGT,F I,27,95.34
2025-10-24,9:34:55.818614741,T,TGT,I,27,95.31
2025-10-24,9:34:55.818638880,T,TGT,F I,23,95.31
2025-10-24,9:34:55.818638880,T,TGT,F I,50,95.31
2025-10-24,9:34:55.818641751,T,TGT,F I,27,95.31
2025-10-24,9:34:55.818647629,T,TGT,F I,11,95.31
2025-10-24,9:34:55.818677683,T,TGT,,162,95.31
2025-10-24,9:34:55.818876116,T,TGT,,100,95.33
2025-10-24,9:34:55.819402364,T,TGT,I,11,95.34
2025-10-24,9:34:55.819493175,T,TGT,F I,5,95.34
2025-10-24,9:34:55.819594869,T,TGT,I,8,95.34
2025-10-24,9:34:55.820007608,T,TGT,F I,1,95.33
2025-10-24,9:34:55.820136187,T,TGT,F I,99,95.33
2025-10-24,9:34:55.821266825,T,TGT,F I,5,95.33
2025-10-24,9:34:55.831767864,T,TGT,I,4,95.34
2025-10-24,9:34:55.831767864,T,TGT,I,1,95.34
2025-10-24,9:34:59.597206718,T,TGT,F I,75,95.36
2025-10-24,9:35:00.232397978,T,TGT,F I,75,95.35
2025-10-24,9:35:00.232446104,T,TGT,F I,25,95.35
2025-10-24,9:35:00.322820418,T,TGT,F,100,95.33
2025-10-24,9:35:00.322838834,T,TGT,I,1,95.33
2025-10-24,9:35:00.322907617,T,TGT,,100,95.33
2025-10-24,9:35:00.323284362,T,TGT,I,25,95.34
2025-10-24,9:35:00.324690858,T,TGT,,100,95.35
2025-10-24,9:35:00.324868275,T,TGT,F I,1,95.34
2025-10-24,9:35:04.660829244,T,TGT,I,1,95.35
2025-10-24,9:35:04.660829244,T,TGT,I,4,95.35
2025-10-24,9:35:09.859193938,T,TGT,I,3,95.37
2025-10-24,9:35:10.250925213,T,TGT,I,7,95.37
2025-10-24,9:35:10.250928190,T,TGT,,100,95.37
2025-10-24,9:35:11.262658500,T,TGT,F I,75,95.36
2025-10-24,9:35:11.293427819,T,TGT,,200,95.37
2025-10-24,9:35:11.293427819,T,TGT,I,30,95.37
2025-10-24,9:35:11.311122061,T,TGT,,100,95.37
2025-10-24,9:35:13.898573374,T,TGT,F I,1,95.4
2025-10-24,9:35:13.898573374,T,TGT,F I,16,95.4
2025-10-24,9:35:13.898594534,T,TGT,I,5,95.4
2025-10-24,9:35:13.898597472,T,TGT,I,1,95.4
2025-10-24,9:35:13.927427096,T,TGT,I,1,95.4
2025-10-24,9:35:13.927457169,T,TGT,I,8,95.4
2025-10-24,9:35:13.927460251,T,TGT,I,8,95.4
2025-10-24,9:35:13.927463483,T,TGT,I,5,95.4
2025-10-24,9:35:13.927466235,T,TGT,I,8,95.4
2025-10-24,9:35:18.063938029,T,TGT,F I,54,95.39
2025-10-24,9:35:18.063946992,T,TGT,F I,46,95.39
2025-10-24,9:35:18.063946992,T,TGT,F I,33,95.39
2025-10-24,9:35:18.063950530,T,TGT,F I,1,95.39
2025-10-24,9:35:18.063953336,T,TGT,F I,9,95.39
2025-10-24,9:35:18.064864197,T,TGT,I,12,95.37
2025-10-24,9:35:18.064867392,T,TGT,I,11,95.37
2025-10-24,9:35:18.064867392,T,TGT,F I,25,95.37
2025-10-24,9:35:18.064871025,T,TGT,I,12,95.37
2025-10-24,9:35:18.064873192,T,TGT,I,6,95.37
2025-10-24,9:35:18.064909290,T,TGT,F I,1,95.37
2025-10-24,9:35:18.064915292,T,TGT,F I,1,95.37
2025-10-24,9:35:18.064915292,T,TGT,F I,1,95.37
2025-10-24,9:35:18.064924307,T,TGT,F I,1,95.37
2025-10-24,9:35:18.065011580,T,TGT,,100,95.38
2025-10-24,9:35:18.065011580,T,TGT,I,6,95.38
2025-10-24,9:35:18.065014961,T,TGT,I,1,95.38
2025-10-24,9:35:18.065017678,T,TGT,F,100,95.36
2025-10-24,9:35:18.065021115,T,TGT,F I,8,95.36
2025-10-24,9:35:18.065021115,T,TGT,F I,19,95.36
2025-10-24,9:35:18.065027999,T,TGT,I,4,95.36
2025-10-24,9:35:18.065027999,T,TGT,I,8,95.35
2025-10-24,9:35:18.065032605,T,TGT,I,2,95.35
2025-10-24,9:35:18.065032605,T,TGT,I,14,95.35
2025-10-24,9:35:18.065035902,T,TGT,I,14,95.35
2025-10-24,9:35:18.065035902,T,TGT,I,7,95.35
2025-10-24,9:35:18.065039285,T,TGT,I,1,95.38
2025-10-24,9:35:18.065039285,T,TGT,I,18,95.38
2025-10-24,9:35:18.065042459,T,TGT,I,45,95.38
2025-10-24,9:35:18.065068711,T,TGT,I,6,95.37
2025-10-24,9:35:18.065074694,T,TGT,I,1,95.37
2025-10-24,9:35:18.065077679,T,TGT,I,5,95.37
2025-10-24,9:35:18.065077679,T,TGT,I,4,95.37
2025-10-24,9:35:18.065081178,T,TGT,I,14,95.37
2025-10-24,9:35:18.065081178,T,TGT,,100,95.36
2025-10-24,9:35:18.065093022,T,TGT,F I,1,95.37
2025-10-24,9:35:18.065093022,T,TGT,I,5,95.37
2025-10-24,9:35:18.318079499,T,TGT,I,1,95.38
2025-10-24,9:35:18.318082843,T,TGT,I,1,95.38
2025-10-24,9:35:18.318082843,T,TGT,I,6,95.38
2025-10-24,9:35:18.318085487,T,TGT,I,1,95.38
2025-10-24,9:35:18.881604174,T,TGT,F I,25,95.38
2025-10-24,9:35:18.881604174,T,TGT,F I,8,95.37
2025-10-24,9:35:20.833280928,T,TGT,I,25,95.39
2025-10-24,9:35:20.833280928,T,TGT,I,25,95.4
2025-10-24,9:35:20.833313803,T,TGT,I,25,95.4
2025-10-24,9:35:20.833373922,T,TGT,F I,75,95.41
2025-10-24,9:35:20.833422090,T,TGT,F I,75,95.41
2025-10-24,9:35:20.833461155,T,TGT,F I,50,95.41
2025-10-24,9:35:21.382003977,T,TGT,F I,75,95.41
2025-10-24,9:35:21.382052096,T,TGT,F I,25,95.41
2025-10-24,9:35:29.000342346,T,TGT,F I,51,95.45
2025-10-24,9:35:29.000513421,T,TGT,F I,1,95.47
2025-10-24,9:35:29.000585629,T,TGT,F I,2,95.48
2025-10-24,9:35:29.003436435,T,TGT,F I,31,95.42
2025-10-24,9:35:29.003737198,T,TGT,F,100,95.41
2025-10-24,9:35:29.003737198,T,TGT,F I,25,95.41
2025-10-24,9:35:29.004323591,T,TGT,I,64,95.41
2025-10-24,9:35:29.004344586,T,TGT,I,1,95.41
2025-10-24,9:35:29.004365660,T,TGT,I,43,95.41
2025-10-24,9:35:29.004368802,T,TGT,I,1,95.41
2025-10-24,9:35:29.004603729,T,TGT,F,100,95.41
2025-10-24,9:35:29.004672323,T,TGT,F I,52,95.4
2025-10-24,9:35:29.004693446,T,TGT,F I,48,95.4
2025-10-24,9:35:29.005499371,T,TGT,I,12,95.41
2025-10-24,9:35:29.009844858,T,TGT,F I,25,95.39
2025-10-24,9:35:29.014905793,T,TGT,F,100,95.38
2025-10-24,9:35:29.613358522,T,TGT,F I,2,95.39
2025-10-24,9:35:36.044714650,T,TGT,,100,95.46
2025-10-24,9:35:49.009565298,T,TGT,I,1,95.46
2025-10-24,9:35:50.894329555,T,TGT,I,48,95.47
2025-10-24,9:35:50.894780683,T,TGT,F I,1,95.49
2025-10-24,9:35:50.894780683,T,TGT,F I,20,95.49
2025-10-24,9:35:50.894783603,T,TGT,F I,48,95.49
2025-10-24,9:35:50.894783603,T,TGT,F I,5,95.49
2025-10-24,9:35:50.895397127,T,TGT,,100,95.48
2025-10-24,9:35:50.895815044,T,TGT,I,22,95.48
2025-10-24,9:35:50.895839088,T,TGT,I,1,95.48
2025-10-24,9:35:50.896925158,T,TGT,I,23,95.48
2025-10-24,9:35:50.896925158,T,TGT,I,9,95.48
2025-10-24,9:35:51.413916392,T,TGT,F I,10,95.47
2025-10-24,9:35:51.414439627,T,TGT,I,23,95.47
2025-10-24,9:35:53.089914284,T,TGT,F,100,95.44
2025-10-24,9:35:53.089935741,T,TGT,I,25,95.44
2025-10-24,9:35:53.089935741,T,TGT,I,25,95.44
2025-10-24,9:35:53.090049783,T,TGT,,100,95.44
2025-10-24,9:35:59.362988420,T,TGT,F I,20,95.37
2025-10-24,9:35:59.362997412,T,TGT,F I,20,95.37
2025-10-24,9:35:59.363009436,T,TGT,I,20,95.37
2025-10-24,9:36:02.318652225,T,TGT,F I,1,95.38
2025-10-24,9:36:02.318658060,T,TGT,F I,75,95.38
2025-10-24,9:36:02.318673024,T,TGT,I,1,95.38
2025-10-24,9:36:02.318676867,T,TGT,I,24,95.38
2025-10-24,9:36:02.318676867,T,TGT,I,25,95.38
2025-10-24,9:36:02.318679085,T,TGT,I,27,95.38
2025-10-24,9:36:02.319226349,T,TGT,F I,25,95.37
2025-10-24,9:36:03.177771798,T,TGT,I,25,95.38
2025-10-24,9:36:07.092711795,T,TGT,I,47,95.39
2025-10-24,9:36:07.936008174,T,TGT,F,100,95.37
2025-10-24,9:36:07.936254471,T,TGT,F I,35,95.37
2025-10-24,9:36:07.936254471,T,TGT,F I,65,95.36
2025-10-24,9:36:07.936257439,T,TGT,F I,35,95.36
2025-10-24,9:36:07.938600059,T,TGT,F I,1,95.33
2025-10-24,9:36:10.256194593,T,TGT,I,11,95.335
2025-10-24,9:36:10.293023264,T,TGT,F I,6,95.36
2025-10-24,9:36:10.293038267,T,TGT,F,100,95.36
2025-10-24,9:36:12.079215774,T,TGT,F,1000,95.3
2025-10-24,9:36:12.079245867,T,TGT,F I,75,95.3
2025-10-24,9:36:12.079324683,T,TGT,F I,34,95.3
2025-10-24,9:36:12.079327004,T,TGT,F I,5,95.3
2025-10-24,9:36:12.133666468,T,TGT,I,4,95.3
2025-10-24,9:36:12.147328034,T,TGT,F I,75,95.27
2025-10-24,9:36:15.907783933,T,TGT,F I,25,95.265
2025-10-24,9:36:23.050337375,T,TGT,F I,6,95.25
2025-10-24,9:36:23.051302637,T,TGT,F I,5,95.25
2025-10-24,9:36:24.696197589,T,TGT,F I,6,95.27
2025-10-24,9:36:24.696272674,T,TGT,F,100,95.28
2025-10-24,9:36:26.070255101,T,TGT,F I,25,95.28
2025-10-24,9:36:38.489786540,T,TGT,I,5,95.255
2025-10-24,9:36:38.815050341,T,TGT,I,11,95.255
2025-10-24,9:36:40.541992645,T,TGT,F I,5,95.3
2025-10-24,9:36:40.541995686,T,TGT,F I,41,95.3
2025-10-24,9:36:40.542091940,T,TGT,F,100,95.3
2025-10-24,9:36:40.542091940,T,TGT,F,150,95.31
2025-10-24,9:36:40.542110360,T,TGT,F,233,95.31
2025-10-24,9:36:40.542112907,T,TGT,F,233,95.31
2025-10-24,9:36:40.542119299,T,TGT,F,100,95.31
2025-10-24,9:36:40.542119299,T,TGT,F I,67,95.31
2025-10-24,9:36:40.542305346,T,TGT,,1616,95.31
2025-10-24,9:36:43.213482213,T,TGT,,100,95.33
2025-10-24,9:36:43.213500243,T,TGT,I,1,95.33
2025-10-24,9:36:43.213500243,T,TGT,I,49,95.33
2025-10-24,9:36:48.860140025,T,TGT,I,1,95.4
2025-10-24,9:36:48.860142820,T,TGT,I,9,95.4
2025-10-24,9:36:57.301286178,T,TGT,F I,50,95.45
2025-10-24,9:36:57.301289134,T,TGT,F I,50,95.45
2025-10-24,9:36:57.301307232,T,TGT,F I,12,95.45
2025-10-24,9:36:57.301310197,T,TGT,F I,5,95.45
2025-10-24,9:36:57.301313211,T,TGT,,100,95.45
2025-10-24,9:36:58.994232493,T,TGT,F,100,95.42
2025-10-24,9:36:58.994641432,T,TGT,F I,71,95.41
2025-10-24,9:36:58.994653495,T,TGT,F I,29,95.41
2025-10-24,9:36:58.997092316,T,TGT,F,100,95.38
2025-10-24,9:36:58.997092316,T,TGT,F,100,95.38
2025-10-24,9:36:58.997128419,T,TGT,F,100,95.38
2025-10-24,9:36:58.997134454,T,TGT,F,100,95.38
2025-10-24,9:36:58.998036501,T,TGT,F I,25,95.4
2025-10-24,9:36:59.002784814,T,TGT,,100,95.4
2025-10-24,9:37:01.066195740,T,TGT,F,100,95.39
2025-10-24,9:37:03.611125961,T,TGT,F I,29,95.43
2025-10-24,9:37:04.690842234,T,TGT,I,10,95.45
2025-10-24,9:37:06.271200358,T,TGT,I,4,95.47
2025-10-24,9:37:06.271284582,T,TGT,,100,95.47
2025-10-24,9:37:10.029957671,T,TGT,F I,20,95.48
2025-10-24,9:37:10.029957671,T,TGT,F I,28,95.48
2025-10-24,9:37:10.029963330,T,TGT,F I,1,95.48
2025-10-24,9:37:10.029963330,T,TGT,F,200,95.48
2025-10-24,9:37:10.030300117,T,TGT,,100,95.48
2025-10-24,9:37:10.030324316,T,TGT,F I,2,95.5
2025-10-24,9:37:10.030327226,T,TGT,F I,98,95.5
2025-10-24,9:37:10.030339527,T,TGT,,100,95.47
2025-10-24,9:37:10.030339527,T,TGT,I,1,95.47
2025-10-24,9:37:10.030345524,T,TGT,F I,2,95.5
2025-10-24,9:37:10.030345524,T,TGT,F I,1,95.5
2025-10-24,9:37:10.030348327,T,TGT,F I,20,95.5
2025-10-24,9:37:10.030348327,T,TGT,F I,5,95.5
2025-10-24,9:37:10.030352081,T,TGT,F I,1,95.5
2025-10-24,9:37:10.030354561,T,TGT,F I,22,95.5
2025-10-24,9:37:10.030360377,T,TGT,F I,49,95.5
2025-10-24,9:37:10.030366341,T,TGT,I,71,95.48
2025-10-24,9:37:10.030438426,T,TGT,I,25,95.49
2025-10-24,9:37:10.030442077,T,TGT,I,15,95.48
2025-10-24,9:37:10.030447651,T,TGT,I,4,95.48
2025-10-24,9:37:10.030447651,T,TGT,,100,95.48
2025-10-24,9:37:10.030447651,T,TGT,I,56,95.47
2025-10-24,9:37:10.030471540,T,TGT,F I,6,95.49
2025-10-24,9:37:10.030474764,T,TGT,F I,51,95.5
2025-10-24,9:37:10.030474764,T,TGT,F I,3,95.5
2025-10-24,9:37:10.030477920,T,TGT,F I,2,95.5
2025-10-24,9:37:10.030480588,T,TGT,F I,3,95.5
2025-10-24,9:37:10.030495581,T,TGT,I,40,95.5
2025-10-24,9:37:10.030691051,T,TGT,I,1,95.49
2025-10-24,9:37:10.030736721,T,TGT,F I,28,95.49
2025-10-24,9:37:10.030739252,T,TGT,F I,28,95.5
2025-10-24,9:37:10.031259480,T,TGT,F I,75,95.5
2025-10-24,9:37:10.031301569,T,TGT,F I,25,95.5
2025-10-24,9:37:10.031400806,T,TGT,I,40,95.5
2025-10-24,9:37:10.036936918,T,TGT,,100,95.49
2025-10-24,9:37:10.036936918,T,TGT,I,5,95.49
2025-10-24,9:37:10.036956355,T,TGT,I,1,95.49
2025-10-24,9:37:10.036960999,T,TGT,F I,94,95.49
2025-10-24,9:37:10.040473394,T,TGT,F I,1,95.49
2025-10-24,9:37:10.069775173,T,TGT,I,25,95.51
2025-10-24,9:37:10.069775173,T,TGT,I,20,95.51
2025-10-24,9:37:10.603622066,T,TGT,,200,95.49
2025-10-24,9:37:10.603625003,T,TGT,,100,95.485
2025-10-24,9:37:10.603628095,T,TGT,,255,95.485
2025-10-24,9:37:10.603643118,T,TGT,F,445,95.48
2025-10-24,9:37:10.603664112,T,TGT,I,1,95.48
2025-10-24,9:37:18.342827026,T,TGT,F I,25,95.51
2025-10-24,9:37:22.629882483,T,TGT,F I,3,95.53
2025-10-24,9:37:30.170104167,T,TGT,F I,17,95.53
2025-10-24,9:37:30.170106344,T,TGT,F I,8,95.53
2025-10-24,9:37:30.170428130,T,TGT,I,1,95.56
2025-10-24,9:37:30.170903323,T,TGT,F I,1,95.57
2025-10-24,9:37:30.171429536,T,TGT,I,73,95.57
2025-10-24,9:37:30.171450613,T,TGT,I,1,95.57
2025-10-24,9:37:30.171465588,T,TGT,F,325,95.57
2025-10-24,9:37:30.778101276,T,TGT,F I,1,95.57
2025-10-24,9:37:31.692609691,T,TGT,I,78,95.555
2025-10-24,9:37:31.697288734,T,TGT,I,3,95.55
2025-10-24,9:37:36.472434131,T,TGT,F I,6,95.55
2025-10-24,9:37:36.472485268,T,TGT,F,100,95.54
2025-10-24,9:37:36.472525053,T,TGT,,100,95.53
2025-10-24,9:37:36.472525053,T,TGT,,100,95.53
2025-10-24,9:37:36.472530360,T,TGT,I,84,95.53
2025-10-24,9:37:36.472548368,T,TGT,I,16,95.53
2025-10-24,9:37:36.472548368,T,TGT,I,24,95.53
2025-10-24,9:37:36.472551376,T,TGT,I,76,95.53
2025-10-24,9:37:36.472551376,T,TGT,I,24,95.53
2025-10-24,9:37:36.472566518,T,TGT,F I,16,95.53
2025-10-24,9:37:36.472785987,T,TGT,F I,84,95.53
2025-10-24,9:37:36.472785987,T,TGT,F,100,95.53
2025-10-24,9:37:36.472789038,T,TGT,,100,95.53
2025-10-24,9:37:36.472792028,T,TGT,F,184,95.53
2025-10-24,9:37:36.472798137,T,TGT,,100,95.53
2025-10-24,9:37:36.472798137,T,TGT,I,20,95.53
2025-10-24,9:37:36.472800982,T,TGT,F,134,95.53
2025-10-24,9:37:36.472806987,T,TGT,I,38,95.53
2025-10-24,9:37:38.029327277,T,TGT,I,3,95.57
2025-10-24,9:37:39.964852501,T,TGT,I,1,95.565
2025-10-24,9:37:40.052658729,T,TGT,I,1,95.565
2025-10-24,9:37:40.244386471,T,TGT,I,1,95.565
2025-10-24,9:37:40.248743891,T,TGT,,100,95.565
2025-10-24,9:37:40.296368386,T,TGT,I,1,95.565
2025-10-24,9:37:40.434490411,T,TGT,I,1,95.565
2025-10-24,9:37:40.493091044,T,TGT,I,1,95.565
2025-10-24,9:37:40.562391076,T,TGT,I,1,95.565
2025-10-24,9:37:40.775223129,T,TGT,I,1,95.565
2025-10-24,9:37:40.843365479,T,TGT,I,1,95.565
2025-10-24,9:37:40.942731831,T,TGT,I,1,95.565
2025-10-24,9:37:41.064166514,T,TGT,I,1,95.565
2025-10-24,9:37:41.122965613,T,TGT,I,1,95.57
2025-10-24,9:37:41.353597042,T,TGT,F,100,95.55
2025-10-24,9:37:41.354087304,T,TGT,F I,5,95.54
2025-10-24,9:37:41.354390951,T,TGT,F,100,95.53
2025-10-24,9:37:43.844326061,T,TGT,F I,75,95.51
2025-10-24,9:37:44.091629500,T,TGT,F I,25,95.51
2025-10-24,9:37:44.091629500,T,TGT,F I,75,95.5
2025-10-24,9:37:44.091647562,T,TGT,I,1,95.5
2025-10-24,9:37:44.091647562,T,TGT,F I,24,95.5
2025-10-24,9:37:44.091653214,T,TGT,F I,1,95.5
2025-10-24,9:37:44.091653214,T,TGT,I,1,95.5
2025-10-24,9:37:44.091656253,T,TGT,F I,98,95.5
2025-10-24,9:37:46.578692383,T,TGT,F I,5,95.47
2025-10-24,9:37:46.578696124,T,TGT,F I,2,95.47
2025-10-24,9:37:46.578696124,T,TGT,F I,93,95.47
2025-10-24,9:37:46.578698358,T,TGT,F I,2,95.47
2025-10-24,9:37:46.578704702,T,TGT,F I,83,95.47
2025-10-24,9:37:46.578707484,T,TGT,F I,15,95.47
2025-10-24,9:37:46.579414146,T,TGT,I,1,95.48
2025-10-24,9:37:46.579414146,T,TGT,I,10,95.48
2025-10-24,9:37:49.970948168,T,TGT,I,1,95.47
2025-10-24,9:37:49.970948168,T,TGT,I,13,95.47
2025-10-24,9:37:49.970990267,T,TGT,I,87,95.47
2025-10-24,9:37:50.629643409,T,TGT,F I,5,95.46
2025-10-24,9:37:51.068075969,T,TGT,F I,6,95.46
2025-10-24,9:37:51.068078895,T,TGT,F I,5,95.46
2025-10-24,9:37:54.194459281,T,TGT,F,100,95.45
2025-10-24,9:37:54.194513406,T,TGT,,100,95.44
2025-10-24,9:37:54.196867991,T,TGT,I,1,95.44
2025-10-24,9:37:56.568242604,T,TGT,I,26,95.39
2025-10-24,9:37:57.056079780,T,TGT,F,100,95.38
2025-10-24,9:37:57.815160361,T,TGT,F I,25,95.36
2025-10-24,9:37:57.815160361,T,TGT,I,75,95.36
2025-10-24,9:37:57.974621161,T,TGT,I,25,95.34
2025-10-24,9:37:58.006731634,T,TGT,I,18,95.34
2025-10-24,9:38:08.329367550,T,TGT,,100,95.36
2025-10-24,9:38:08.329385553,T,TGT,F I,1,95.36
2025-10-24,9:38:08.329388624,T,TGT,F I,25,95.36
2025-10-24,9:38:08.329388624,T,TGT,,100,95.36
2025-10-24,9:38:08.329421687,T,TGT,I,29,95.34
2025-10-24,9:38:08.331096628,T,TGT,F I,1,95.35
2025-10-24,9:38:08.332194270,T,TGT,F I,21,95.32
2025-10-24,9:38:08.335899128,T,TGT,,100,95.29
2025-10-24,9:38:08.335899128,T,TGT,,100,95.29
2025-10-24,9:38:08.336455348,T,TGT,I,46,95.3
2025-10-24,9:38:08.336497553,T,TGT,I,54,95.3
2025-10-24,9:38:08.336497553,T,TGT,I,94,95.3
2025-10-24,9:38:08.346237649,T,TGT,I,21,95.31
2025-10-24,9:38:08.370072740,T,TGT,F,100,95.32
2025-10-24,9:38:08.370075527,T,TGT,F,100,95.32
2025-10-24,9:38:08.370084553,T,TGT,F I,26,95.31
2025-10-24,9:38:08.370529740,T,TGT,F I,29,95.33
2025-10-24,9:38:08.538963896,T,TGT,F I,94,95.34
2025-10-24,9:38:10.649542150,T,TGT,F I,2,95.36
2025-10-24,9:38:10.649542150,T,TGT,F I,87,95.36
2025-10-24,9:38:10.649563158,T,TGT,F,100,95.36
2025-10-24,9:38:11.397778887,T,TGT,F I,25,95.36
2025-10-24,9:38:11.397778887,T,TGT,F I,25,95.36
2025-10-24,9:38:11.397781736,T,TGT,F I,25,95.36
2025-10-24,9:38:11.397835801,T,TGT,F I,75,95.36
2025-10-24,9:38:12.517249824,T,TGT,,255,95.375
2025-10-24,9:38:14.476318074,T,TGT,F I,29,95.35
2025-10-24,9:38:14.476318074,T,TGT,F I,25,95.35
2025-10-24,9:38:14.476321115,T,TGT,F I,40,95.35
2025-10-24,9:38:14.486094442,T,TGT,,200,95.335
2025-10-24,9:38:14.487143853,T,TGT,,200,95.335
2025-10-24,9:38:14.488707659,T,TGT,,100,95.335
2025-10-24,9:38:14.496189431,T,TGT,,200,95.335
2025-10-24,9:38:14.501842866,T,TGT,I,75,95.335
2025-10-24,9:38:14.501884961,T,TGT,I,75,95.335
2025-10-24,9:38:14.501918078,T,TGT,I,50,95.335
2025-10-24,9:38:14.504474226,T,TGT,,100,95.335
2025-10-24,9:38:15.523512010,T,TGT,F,100,95.31
2025-10-24,9:38:15.523515005,T,TGT,F I,25,95.31
2025-10-24,9:38:16.714557105,T,TGT,F I,25,95.27
2025-10-24,9:38:16.714557105,T,TGT,F I,10,95.27
2025-10-24,9:38:19.151878269,T,TGT,,200,95.27
2025-10-24,9:38:19.799882980,T,TGT,I,37,95.29
2025-10-24,9:38:19.799913076,T,TGT,I,96,95.29
2025-10-24,9:38:19.801170154,T,TGT,I,1,95.31
2025-10-24,9:38:20.889748482,T,TGT,I,75,95.305
2025-10-24,9:38:21.572143232,T,TGT,I,75,95.305
2025-10-24,9:38:22.402704083,T,TGT,F,100,95.315
2025-10-24,9:38:22.402704083,T,TGT,F,100,95.33
2025-10-24,9:38:22.402707038,T,TGT,F I,50,95.33
2025-10-24,9:38:22.402722167,T,TGT,I,27,95.33
2025-10-24,9:38:22.402725180,T,TGT,I,1,95.33
2025-10-24,9:38:22.402746561,T,TGT,,322,95.33
2025-10-24,9:38:36.044710862,T,TGT,I,94,95.4
2025-10-24,9:38:40.072852500,T,TGT,F I,75,95.425
2025-10-24,9:38:43.214963269,T,TGT,,100,95.415
2025-10-24,9:38:43.265799398,T,TGT,,100,95.39
2025-10-24,9:38:46.993299894,T,TGT,F I,75,95.4
2025-10-24,9:38:47.988635131,T,TGT,I,16,95.43
2025-10-24,9:38:48.023127542,T,TGT,,150,95.405
2025-10-24,9:38:48.023130670,T,TGT,,255,95.39
2025-10-24,9:38:48.023130670,T,TGT,I,30,95.38
2025-10-24,9:38:48.023157499,T,TGT,I,30,95.4
2025-10-24,9:38:48.023337935,T,TGT,I,25,95.4
2025-10-24,9:38:48.023337935,T,TGT,I,30,95.4
2025-10-24,9:38:48.023816186,T,TGT,,100,95.39
2025-10-24,9:38:48.024245981,T,TGT,F I,70,95.38
2025-10-24,9:38:48.024245981,T,TGT,F,180,95.38
2025-10-24,9:38:48.024261077,T,TGT,I,20,95.38
2025-10-24,9:38:48.024264068,T,TGT,,191,95.38
2025-10-24,9:38:48.025650400,T,TGT,I,5,95.38
2025-10-24,9:38:54.175430719,T,TGT,F I,43,95.43
2025-10-24,9:38:54.175436736,T,TGT,F I,1,95.43
2025-10-24,9:38:54.175461074,T,TGT,F,100,95.43
2025-10-24,9:38:54.175674302,T,TGT,,100,95.43
2025-10-24,9:38:54.175900000,T,TGT,I,24,95.45
2025-10-24,9:38:54.175920785,T,TGT,I,12,95.45
2025-10-24,9:38:54.175924404,T,TGT,I,1,95.45
2025-10-24,9:38:54.175927359,T,TGT,F I,12,95.45
2025-10-24,9:38:54.175930166,T,TGT,F I,50,95.45
2025-10-24,9:38:54.175932910,T,TGT,F,188,95.45
2025-10-24,9:38:54.175938854,T,TGT,F I,12,95.45
2025-10-24,9:38:54.175996039,T,TGT,,100,95.45
2025-10-24,9:38:54.182211829,T,TGT,F,275,95.47
2025-10-24,9:38:54.182386226,T,TGT,F I,45,95.48
2025-10-24,9:38:55.402669471,T,TGT,F I,64,95.47
2025-10-24,9:38:55.402672398,T,TGT,F I,36,95.47
2025-10-24,9:38:55.403063622,T,TGT,F,100,95.46
2025-10-24,9:38:55.403063622,T,TGT,F I,1,95.46
2025-10-24,9:38:55.403066461,T,TGT,F I,36,95.46
2025-10-24,9:38:55.403081371,T,TGT,I,1,95.46
2025-10-24,9:38:55.403084723,T,TGT,F I,63,95.46
2025-10-24,9:38:55.405899077,T,TGT,I,99,95.46
2025-10-24,9:38:55.405923181,T,TGT,I,1,95.46
2025-10-24,9:38:55.405923181,T,TGT,F,300,95.46
2025-10-24,9:38:57.762063550,T,TGT,I,18,95.49
2025-10-24,9:38:57.762081562,T,TGT,I,18,95.49
2025-10-24,9:38:57.762210881,T,TGT,,100,95.49
2025-10-24,9:38:57.762728059,T,TGT,F,1000,95.5
2025-10-24,9:38:57.762728059,T,TGT,F I,25,95.5
2025-10-24,9:38:57.789094894,T,TGT,,100,95.49
2025-10-24,9:38:59.077069387,T,TGT,F I,12,95.49
2025-10-24,9:39:01.484608172,T,TGT,F,100,95.52
2025-10-24,9:39:01.484632206,T,TGT,,100,95.52
2025-10-24,9:39:01.484659993,T,TGT,,100,95.5
2025-10-24,9:39:01.484662313,T,TGT,F I,1,95.53
2025-10-24,9:39:01.484680492,T,TGT,I,1,95.51
2025-10-24,9:39:01.484683764,T,TGT,F I,2,95.52
2025-10-24,9:39:01.484686604,T,TGT,F I,1,95.52
2025-10-24,9:39:01.484689353,T,TGT,F I,1,95.52
2025-10-24,9:39:01.484713408,T,TGT,I,9,95.52
2025-10-24,9:39:01.484908839,T,TGT,F I,19,95.52
2025-10-24,9:39:01.484911841,T,TGT,F,100,95.52
2025-10-24,9:39:01.484911841,T,TGT,F,100,95.52
2025-10-24,9:39:01.484978498,T,TGT,I,2,95.51
2025-10-24,9:39:01.484981627,T,TGT,I,59,95.51
2025-10-24,9:39:01.484987810,T,TGT,F I,2,95.51
2025-10-24,9:39:01.485023124,T,TGT,F I,59,95.52
2025-10-24,9:39:01.485149405,T,TGT,I,2,95.52
2025-10-24,9:39:01.485152414,T,TGT,I,2,95.52
2025-10-24,9:39:01.485384010,T,TGT,F I,6,95.51
2025-10-24,9:39:01.485408073,T,TGT,I,94,95.51
2025-10-24,9:39:01.485408073,T,TGT,I,4,95.51
2025-10-24,9:39:01.618363749,T,TGT,F I,2,95.51
2025-10-24,9:39:02.868652425,T,TGT,F,195,95.51
2025-10-24,9:39:02.868658573,T,TGT,F,205,95.51
2025-10-24,9:39:02.868658573,T,TGT,F I,4,95.51
2025-10-24,9:39:02.868661813,T,TGT,F I,40,95.51
2025-10-24,9:39:02.868661813,T,TGT,F I,1,95.51
2025-10-24,9:39:02.868673481,T,TGT,F,100,95.51
2025-10-24,9:39:04.390268548,T,TGT,F I,1,95.51
2025-10-24,9:39:04.390268548,T,TGT,F I,27,95.51
2025-10-24,9:39:09.406838178,T,TGT,F I,99,95.53
2025-10-24,9:39:16.398576366,T,TGT,I,20,95.55
2025-10-24,9:39:23.736508641,T,TGT,I,60,95.58
2025-10-24,9:39:33.236372313,T,TGT,,100,95.59
2025-10-24,9:39:33.236423414,T,TGT,F I,5,95.6
2025-10-24,9:39:33.236426403,T,TGT,F I,30,95.6
2025-10-24,9:39:33.236429449,T,TGT,F I,50,95.6
2025-10-24,9:39:33.236429449,T,TGT,F I,11,95.6
2025-10-24,9:39:33.236432413,T,TGT,F I,3,95.6
2025-10-24,9:39:33.237827786,T,TGT,,530,95.6
2025-10-24,9:39:33.237893950,T,TGT,F I,10,95.59
2025-10-24,9:39:33.238203712,T,TGT,F,400,95.59
2025-10-24,9:39:33.238552913,T,TGT,I,35,95.58
2025-10-24,9:39:33.238552913,T,TGT,,100,95.58
2025-10-24,9:39:33.238555528,T,TGT,,100,95.58
2025-10-24,9:39:33.239087818,T,TGT,F I,35,95.56
2025-10-24,9:39:33.239087818,T,TGT,F,100,95.56
2025-10-24,9:39:33.239217397,T,TGT,I,42,95.57
2025-10-24,9:39:33.239217397,T,TGT,I,35,95.57
2025-10-24,9:39:33.239220126,T,TGT,I,23,95.57
2025-10-24,9:39:33.239671194,T,TGT,F I,41,95.57
2025-10-24,9:39:33.247038724,T,TGT,I,22,95.57
2025-10-24,9:39:33.247444719,T,TGT,I,28,95.57
2025-10-24,9:39:33.691241930,T,TGT,I,88,95.55
2025-10-24,9:39:33.691263024,T,TGT,I,1,95.55
2025-10-24,9:39:33.691266089,T,TGT,I,1,95.55
2025-10-24,9:39:33.691272371,T,TGT,F I,10,95.55
2025-10-24,9:39:33.691335184,T,TGT,F I,1,95.54
2025-10-24,9:39:33.691377657,T,TGT,F I,99,95.54
2025-10-24,9:39:33.691377657,T,TGT,F,100,95.54
2025-10-24,9:39:33.691380352,T,TGT,F,100,95.54
2025-10-24,9:39:33.692077952,T,TGT,I,35,95.54
2025-10-24,9:39:33.692077952,T,TGT,,100,95.54
2025-10-24,9:39:33.692210272,T,TGT,I,11,95.54
2025-10-24,9:39:33.692282448,T,TGT,F I,45,95.54
2025-10-24,9:39:33.699604897,T,TGT,,109,95.53
2025-10-24,9:39:33.704467458,T,TGT,F I,1,95.51
2025-10-24,9:39:33.704548723,T,TGT,I,6,95.52
2025-10-24,9:39:33.704548723,T,TGT,I,2,95.52
2025-10-24,9:39:34.122529430,T,TGT,I,3,95.53
2025-10-24,9:39:35.832577531,T,TGT,F I,43,95.52
2025-10-24,9:39:36.051195486,T,TGT,,100,95.51
2025-10-24,9:39:36.175932921,T,TGT,I,47,95.5
2025-10-24,9:39:36.175953540,T,TGT,I,1,95.5
2025-10-24,9:39:39.432258564,T,TGT,I,4,95.515
2025-10-24,9:39:39.435163413,T,TGT,,100,95.515
2025-10-24,9:39:39.437692489,T,TGT,,100,95.515
2025-10-24,9:39:39.597105601,T,TGT,I,7,95.515
2025-10-24,9:39:39.597108253,T,TGT,I,68,95.515
2025-10-24,9:39:42.589516293,T,TGT,I,48,95.5
2025-10-24,9:39:42.589537316,T,TGT,I,1,95.5
2025-10-24,9:39:42.589564346,T,TGT,F I,51,95.5
2025-10-24,9:39:44.213809063,T,TGT,F I,32,95.5
2025-10-24,9:39:44.982662782,T,TGT,F,100,95.495
2025-10-24,9:39:44.982662782,T,TGT,F I,20,95.5
2025-10-24,9:39:44.982680741,T,TGT,F,100,95.5
2025-10-24,9:39:44.983354808,T,TGT,,100,95.5
2025-10-24,9:39:44.983357410,T,TGT,I,25,95.5
2025-10-24,9:39:44.983363524,T,TGT,,100,95.49
2025-10-24,9:39:44.983367490,T,TGT,,100,95.49
2025-10-24,9:39:44.983373619,T,TGT,I,10,95.49
2025-10-24,9:39:44.983381635,T,TGT,I,1,95.5
2025-10-24,9:39:44.983384532,T,TGT,I,24,95.5
2025-10-24,9:39:44.983408541,T,TGT,I,10,95.49
2025-10-24,9:39:44.983423619,T,TGT,F I,66,95.49
2025-10-24,9:39:44.983916695,T,TGT,I,3,95.5
2025-10-24,9:39:45.184834366,T,TGT,I,3,95.48
2025-10-24,9:39:45.184852403,T,TGT,F I,97,95.48
2025-10-24,9:39:45.184855438,T,TGT,I,1,95.48
2025-10-24,9:39:45.184861438,T,TGT,I,97,95.48
2025-10-24,9:39:45.184876478,T,TGT,I,2,95.48
2025-10-24,9:39:45.184876478,T,TGT,I,82,95.48
2025-10-24,9:39:45.185035928,T,TGT,F I,18,95.48
2025-10-24,9:39:45.185715463,T,TGT,,100,95.47
2025-10-24,9:39:45.721989144,T,TGT,I,26,95.47
2025-10-24,9:39:45.722010120,T,TGT,F I,74,95.47
2025-10-24,9:39:46.098086112,T,TGT,I,2,95.46
2025-10-24,9:39:46.098086112,T,TGT,I,2,95.46
2025-10-24,9:39:54.283067235,T,TGT,F I,69,95.46
2025-10-24,9:39:54.283070167,T,TGT,F I,6,95.46
2025-10-24,9:39:57.000791948,T,TGT,F I,2,95.44
2025-10-24,9:39:57.000794886,T,TGT,F,296,95.44
2025-10-24,9:39:57.000810167,T,TGT,I,1,95.44
2025-10-24,9:39:57.000812911,T,TGT,I,1,95.44
2025-10-24,9:39:57.000815999,T,TGT,F,100,95.44
2025-10-24,9:39:57.000815999,T,TGT,F,105,95.44
2025-10-24,9:39:57.000822724,T,TGT,F I,97,95.44
2025-10-24,9:39:57.000822724,T,TGT,F I,1,95.44
2025-10-24,9:39:57.000824942,T,TGT,F,160,95.44
2025-10-24,9:39:57.001812207,T,TGT,,17202,95.43
2025-10-24,9:39:57.001812207,T,TGT,I,4,95.43
2025-10-24,9:39:57.001814346,T,TGT,I,28,95.43
2025-10-24,9:39:57.005555237,T,TGT,,100,95.42
2025-10-24,9:39:57.005810809,T,TGT,F I,2,95.43
2025-10-24,9:39:57.005810809,T,TGT,F I,1,95.43
2025-10-24,9:39:57.005813893,T,TGT,F I,1,95.43
2025-10-24,9:39:57.005813893,T,TGT,F I,10,95.43
2025-10-24,9:39:57.005852972,T,TGT,I,88,95.43
2025-10-24,9:39:57.006012433,T,TGT,,100,95.43
2025-10-24,9:39:57.006015632,T,TGT,I,2,95.43
2025-10-24,9:39:57.006018297,T,TGT,I,2,95.43
2025-10-24,9:39:57.029750887,T,TGT,,100,95.415
2025-10-24,9:39:57.030677026,T,TGT,F I,3,95.43
2025-10-24,9:39:57.030677026,T,TGT,F I,2,95.43
2025-10-24,9:39:57.030728263,T,TGT,,100,95.42
2025-10-24,9:39:57.030749285,T,TGT,I,1,95.43
2025-10-24,9:39:57.074759289,T,TGT,F I,3,95.43
2025-10-24,9:39:57.074762136,T,TGT,F I,5,95.43
2025-10-24,9:39:57.125123286,T,TGT,I,25,95.42
2025-10-24,9:39:57.125126050,T,TGT,I,17,95.415
2025-10-24,9:39:57.474318087,T,TGT,F I,98,95.44
2025-10-24,9:39:57.474330014,T,TGT,I,1,95.44
2025-10-24,9:39:57.474375132,T,TGT,F I,1,95.44
2025-10-24,9:39:57.474429342,T,TGT,I,2,95.43
2025-10-24,9:39:57.474429342,T,TGT,I,6,95.43
2025-10-24,9:39:59.394982248,T,TGT,F,100,95.42
2025-10-24,9:39:59.394982248,T,TGT,F,300,95.42
2025-10-24,9:39:59.395011963,T,TGT,I,2,95.41
2025-10-24,9:39:59.395014961,T,TGT,I,4,95.41
2025-10-24,9:39:59.395018305,T,TGT,I,26,95.41
2025-10-24,9:39:59.395018305,T,TGT,I,10,95.41
2025-10-24,9:39:59.395020942,T,TGT,I,20,95.41
2025-10-24,9:39:59.395030038,T,TGT,F I,62,95.41
2025-10-24,9:39:59.395033047,T,TGT,I,11,95.41
2025-10-24,9:39:59.398560355,T,TGT,I,2,95.42
2025-10-24,9:39:59.398560355,T,TGT,I,6,95.42
2025-10-24,9:40:01.965469819,T,TGT,I,12,95.45
2025-10-24,9:40:01.965478886,T,TGT,I,88,95.45
2025-10-24,9:40:01.965587169,T,TGT,I,44,95.43
2025-10-24,9:40:01.965590411,T,TGT,I,38,95.43
2025-10-24,9:40:01.965590411,T,TGT,,100,95.43
2025-10-24,9:40:01.965671398,T,TGT,F I,10,95.43
2025-10-24,9:40:01.966570639,T,TGT,F I,30,95.42
2025-10-24,9:40:01.966573887,T,TGT,F,100,95.42
2025-10-24,9:40:01.966573887,T,TGT,F,100,95.42
2025-10-24,9:40:02.035828558,T,TGT,F I,5,95.41
2025-10-24,9:40:02.035828558,T,TGT,F I,69,95.41
2025-10-24,9:40:02.035846505,T,TGT,I,1,95.41
2025-10-24,9:40:02.035849727,T,TGT,F I,30,95.41
2025-10-24,9:40:02.035849727,T,TGT,F,100,95.41
2025-10-24,9:40:02.035852768,T,TGT,F I,1,95.41
2025-10-24,9:40:02.035852768,T,TGT,F I,26,95.41
2025-10-24,9:40:02.103456588,T,TGT,,100,95.4
2025-10-24,9:40:02.103459712,T,TGT,,100,95.4
2025-10-24,9:40:02.103459712,T,TGT,,100,95.4
2025-10-24,9:40:02.103468673,T,TGT,,100,95.4
2025-10-24,9:40:02.103853579,T,TGT,F I,94,95.39
2025-10-24,9:40:02.104689600,T,TGT,F I,3,95.39
2025-10-24,9:40:02.104692536,T,TGT,F I,1,95.39
2025-10-24,9:40:02.104702221,T,TGT,F I,40,95.39
2025-10-24,9:40:02.104702221,T,TGT,F I,76,95.39
2025-10-24,9:40:02.104707547,T,TGT,F,167,95.39
2025-10-24,9:40:02.104713683,T,TGT,F,383,95.39
2025-10-24,9:40:02.104713683,T,TGT,F I,39,95.39
2025-10-24,9:40:02.105185748,T,TGT,F I,5,95.39
2025-10-24,9:40:04.433239098,T,TGT,F,283,95.4
2025-10-24,9:40:04.433254682,T,TGT,F I,17,95.4
2025-10-24,9:40:04.433257133,T,TGT,F I,17,95.4
2025-10-24,9:40:04.433260244,T,TGT,I,7,95.4
2025-10-24,9:40:05.056733328,T,TGT,F I,6,95.39
2025-10-24,9:40:05.056736132,T,TGT,F I,88,95.38
2025-10-24,9:40:05.056750542,T,TGT,I,1,95.38
2025-10-24,9:40:05.056766443,T,TGT,F I,11,95.38
2025-10-24,9:40:05.056771664,T,TGT,F I,11,95.38
2025-10-24,9:40:05.056778160,T,TGT,F I,11,95.38
2025-10-24,9:40:05.056795710,T,TGT,I,81,95.38
2025-10-24,9:40:05.056795710,T,TGT,I,19,95.38
2025-10-24,9:40:05.056861888,T,TGT,F I,94,95.38
2025-10-24,9:40:05.057114454,T,TGT,I,32,95.38
2025-10-24,9:40:05.057186996,T,TGT,F I,8,95.38
2025-10-24,9:40:05.057186996,T,TGT,F I,4,95.38
2025-10-24,9:40:15.357325794,T,TGT,F I,94,95.34
2025-10-24,9:40:22.574595411,T,TGT,I,1,95.33
2025-10-24,9:40:23.221006407,T,TGT,F I,1,95.31
2025-10-24,9:40:23.221069535,T,TGT,I,99,95.31
2025-10-24,9:40:23.221072531,T,TGT,I,7,95.31
2025-10-24,9:40:23.221090562,T,TGT,I,1,95.31
2025-10-24,9:40:23.221601812,T,TGT,I,92,95.305
2025-10-24,9:40:23.221622829,T,TGT,F I,25,95.3
2025-10-24,9:40:23.235013890,T,TGT,F I,4,95.29
2025-10-24,9:40:23.235323468,T,TGT,I,16,95.29
2025-10-24,9:40:24.855273782,T,TGT,F I,75,95.29
2025-10-24,9:40:25.489415572,T,TGT,F I,9,95.29
2025-10-24,9:40:33.238162306,T,TGT,F I,75,95.21
2025-10-24,9:40:41.278928628,T,TGT,F I,20,95.23
2025-10-24,9:40:41.278946678,T,TGT,F,100,95.22
2025-10-24,9:40:41.278950404,T,TGT,F,130,95.24
2025-10-24,9:40:41.278967889,T,TGT,F I,70,95.24
2025-10-24,9:40:41.278967889,T,TGT,F I,20,95.24
2025-10-24,9:40:41.278970805,T,TGT,F I,10,95.24
2025-10-24,9:40:41.279566209,T,TGT,F I,38,95.25
2025-10-24,9:40:41.280769047,T,TGT,F I,5,95.25
2025-10-24,9:40:41.280772025,T,TGT,F I,1,95.25
2025-10-24,9:40:41.280775116,T,TGT,F I,1,95.25
2025-10-24,9:40:41.280973562,T,TGT,F I,35,95.25
2025-10-24,9:40:47.570436501,T,TGT,F I,70,95.31
2025-10-24,9:40:47.570466591,T,TGT,I,58,95.32
2025-10-24,9:40:47.570472656,T,TGT,I,15,95.32
2025-10-24,9:40:47.570490706,T,TGT,F I,27,95.32
2025-10-24,9:40:47.570490706,T,TGT,F I,2,95.32
2025-10-24,9:40:47.570496736,T,TGT,F,100,95.32
2025-10-24,9:40:47.570521553,T,TGT,F,100,95.33
2025-10-24,9:40:47.570595980,T,TGT,,100,95.33
2025-10-24,9:40:47.570746338,T,TGT,F I,80,95.33
2025-10-24,9:40:47.572673949,T,TGT,I,19,95.33
2025-10-24,9:40:47.574252708,T,TGT,F I,2,95.32
2025-10-24,9:40:47.574256254,T,TGT,F I,10,95.32
2025-10-24,9:40:47.574258663,T,TGT,F,100,95.32
2025-10-24,9:40:48.924743051,T,TGT,I,11,95.29
2025-10-24,9:40:53.125712517,T,TGT,,200,95.295
2025-10-24,9:40:53.128331832,T,TGT,,100,95.295
2025-10-24,9:40:54.841621591,T,TGT,,100,95.295
2025-10-24,9:40:55.784099902,T,TGT,,100,95.295
2025-10-24,9:40:55.822089494,T,TGT,,100,95.295
2025-10-24,9:40:55.824666558,T,TGT,,100,95.295
2025-10-24,9:40:55.830777090,T,TGT,,100,95.295
2025-10-24,9:40:55.850131261,T,TGT,,100,95.295
2025-10-24,9:40:57.451548433,T,TGT,I,1,95.295
2025-10-24,9:40:59.490700634,T,TGT,F,100,95.28
2025-10-24,9:40:59.490703598,T,TGT,F I,10,95.28
2025-10-24,9:40:59.490757736,T,TGT,F I,5,95.27
2025-10-24,9:40:59.490766749,T,TGT,F I,5,95.27
2025-10-24,9:40:59.490923114,T,TGT,,100,95.28
2025-10-24,9:40:59.491010318,T,TGT,I,10,95.29
2025-10-24,9:40:59.491040339,T,TGT,F I,8,95.28
2025-10-24,9:40:59.491040339,T,TGT,F I,2,95.27
2025-10-24,9:40:59.491067664,T,TGT,I,33,95.29
2025-10-24,9:40:59.491100917,T,TGT,F I,6,95.28
2025-10-24,9:40:59.491103554,T,TGT,F I,69,95.28
2025-10-24,9:40:59.491106684,T,TGT,F I,6,95.28
2025-10-24,9:40:59.491122091,T,TGT,I,25,95.28
2025-10-24,9:40:59.491145695,T,TGT,I,4,95.28
2025-10-24,9:40:59.491145695,T,TGT,I,4,95.29
2025-10-24,9:40:59.491149288,T,TGT,I,1,95.29
2025-10-24,9:40:59.491214825,T,TGT,I,4,95.29
2025-10-24,9:40:59.491214825,T,TGT,I,2,95.29
2025-10-24,9:40:59.491435087,T,TGT,I,4,95.29
2025-10-24,9:40:59.491437370,T,TGT,I,1,95.29
2025-10-24,9:40:59.491728995,T,TGT,I,23,95.3
2025-10-24,9:40:59.491735034,T,TGT,I,5,95.3
2025-10-24,9:40:59.491810936,T,TGT,F I,2,95.29
2025-10-24,9:40:59.491810936,T,TGT,F I,6,95.29
2025-10-24,9:40:59.491813858,T,TGT,F I,23,95.29
2025-10-24,9:40:59.491816520,T,TGT,F I,1,95.29
2025-10-24,9:40:59.491819442,T,TGT,F I,5,95.29
2025-10-24,9:41:01.009020895,T,TGT,I,5,95.28
2025-10-24,9:41:03.528227706,T,TGT,I,11,95.28
2025-10-24,9:41:03.528573474,T,TGT,I,47,95.27
2025-10-24,9:41:03.528594535,T,TGT,F I,53,95.27
2025-10-24,9:41:03.528594535,T,TGT,F I,1,95.27
2025-10-24,9:41:07.456651975,T,TGT,F,100,95.21
2025-10-24,9:41:07.456654891,T,TGT,F,100,95.21
2025-10-24,9:41:07.462470723,T,TGT,F,100,95.2
2025-10-24,9:41:07.463538236,T,TGT,F,100,95.17
2025-10-24,9:41:07.463893104,T,TGT,,100,95.17
2025-10-24,9:41:07.466743915,T,TGT,I,1,95.15
2025-10-24,9:41:07.466818983,T,TGT,,100,95.14
2025-10-24,9:41:07.477374250,T,TGT,F I,5,95.16
2025-10-24,9:41:07.477374250,T,TGT,F I,1,95.16
2025-10-24,9:41:07.477377205,T,TGT,F I,8,95.16
2025-10-24,9:41:10.841609208,T,TGT,F I,1,95.19
2025-10-24,9:41:10.841609208,T,TGT,F I,1,95.19
2025-10-24,9:41:10.841810670,T,TGT,F I,13,95.19
2025-10-24,9:41:10.841837988,T,TGT,F I,24,95.2
2025-10-24,9:41:10.841840684,T,TGT,F I,27,95.2
2025-10-24,9:41:10.844366785,T,TGT,F,100,95.22
2025-10-24,9:41:10.844450988,T,TGT,,100,95.22
2025-10-24,9:41:10.846065809,T,TGT,F I,25,95.2
2025-10-24,9:41:10.962716712,T,TGT,,200,95.18
2025-10-24,9:41:18.403782518,T,TGT,F I,2,95.15
2025-10-24,9:41:18.403791407,T,TGT,F I,1,95.15
2025-10-24,9:41:18.403794849,T,TGT,F I,97,95.15
2025-10-24,9:41:18.403797819,T,TGT,F I,8,95.15
2025-10-24,9:41:18.403800642,T,TGT,F,100,95.15
2025-10-24,9:41:18.403842503,T,TGT,,100,95.15
2025-10-24,9:41:18.403866630,T,TGT,F I,75,95.15
2025-10-24,9:41:18.403914741,T,TGT,F I,25,95.15
2025-10-24,9:41:18.403947795,T,TGT,I,14,95.15
2025-10-24,9:41:18.403947795,T,TGT,I,86,95.16
2025-10-24,9:41:18.403969173,T,TGT,F I,14,95.16
2025-10-24,9:41:18.403989933,T,TGT,,100,95.16
2025-10-24,9:41:18.404025930,T,TGT,I,25,95.16
2025-10-24,9:41:18.404028939,T,TGT,I,11,95.17
2025-10-24,9:41:18.404034985,T,TGT,I,14,95.15
2025-10-24,9:41:18.404034985,T,TGT,I,15,95.15
2025-10-24,9:41:18.404486500,T,TGT,I,26,95.16
2025-10-24,9:41:18.404489129,T,TGT,I,15,95.16
2025-10-24,9:41:18.404627448,T,TGT,I,11,95.16
2025-10-24,9:41:18.404982297,T,TGT,F I,2,95.16
2025-10-24,9:41:19.812870426,T,TGT,F,100,95.15
2025-10-24,9:41:19.923795676,T,TGT,F,100,95.14
2025-10-24,9:41:19.923817576,T,TGT,I,1,95.14
2025-10-24,9:41:19.923817576,T,TGT,I,99,95.14
2025-10-24,9:41:19.923819847,T,TGT,I,1,95.14
2025-10-24,9:41:19.923837754,T,TGT,I,99,95.14
2025-10-24,9:41:20.471986768,T,TGT,F I,30,95.12
2025-10-24,9:41:20.472480402,T,TGT,I,1,95.13
2025-10-24,9:41:20.472483152,T,TGT,I,18,95.13
2025-10-24,9:41:20.472485905,T,TGT,I,10,95.13
2025-10-24,9:41:20.472485905,T,TGT,I,25,95.13
2025-10-24,9:41:20.473033199,T,TGT,I,23,95.13
2025-10-24,9:41:21.502063787,T,TGT,I,49,95.12
2025-10-24,9:41:21.502084829,T,TGT,F,351,95.12
2025-10-24,9:41:21.502087852,T,TGT,F I,30,95.12
2025-10-24,9:41:23.088694781,T,TGT,I,75,95.105
2025-10-24,9:41:23.088742880,T,TGT,I,25,95.105
2025-10-24,9:41:24.341112659,T,TGT,F I,75,95.105
2025-10-24,9:41:24.341163794,T,TGT,I,25,95.105
2025-10-24,9:41:26.553805228,T,TGT,,100,95.105
2025-10-24,9:41:29.862094938,T,TGT,F I,25,95.12
2025-10-24,9:41:30.529489996,T,TGT,F I,2,95.11
2025-10-24,9:41:30.529489996,T,TGT,F I,1,95.11
2025-10-24,9:41:30.529493160,T,TGT,F I,6,95.11
2025-10-24,9:41:30.540255573,T,TGT,F I,26,95.11
2025-10-24,9:41:35.194699420,T,TGT,I,75,95.095
2025-10-24,9:41:38.339345307,T,TGT,F I,41,95.12
2025-10-24,9:41:38.339348289,T,TGT,F I,23,95.12
2025-10-24,9:41:38.339540724,T,TGT,F I,5,95.12
2025-10-24,9:41:38.341820774,T,TGT,I,6,95.12
2025-10-24,9:41:38.341820774,T,TGT,I,6,95.12
2025-10-24,9:41:38.341823216,T,TGT,,150,95.12
2025-10-24,9:41:38.341835254,T,TGT,I,6,95.12
2025-10-24,9:41:38.341847229,T,TGT,F I,6,95.12
2025-10-24,9:41:38.341877997,T,TGT,I,63,95.12
2025-10-24,9:41:38.343068105,T,TGT,,300,95.12
2025-10-24,9:41:38.343086212,T,TGT,I,25,95.12
2025-10-24,9:41:39.510304971,T,TGT,I,6,95.14
2025-10-24,9:41:39.510329023,T,TGT,I,2,95.14
2025-10-24,9:41:39.510338153,T,TGT,I,2,95.14
2025-10-24,9:41:39.510338153,T,TGT,I,2,95.14
2025-10-24,9:41:39.510341088,T,TGT,I,1,95.14
2025-10-24,9:41:39.510350089,T,TGT,I,6,95.14
2025-10-24,9:41:39.510816168,T,TGT,F I,6,95.14
2025-10-24,9:41:39.510963501,T,TGT,F I,15,95.14
2025-10-24,9:41:39.510981557,T,TGT,F I,85,95.14
2025-10-24,9:41:39.510981557,T,TGT,F I,15,95.14
2025-10-24,9:41:39.512361873,T,TGT,F I,23,95.12
2025-10-24,9:41:48.054130916,T,TGT,F I,11,95.1
2025-10-24,9:41:48.068042554,T,TGT,F I,75,95.1
2025-10-24,9:41:48.068093194,T,TGT,F I,25,95.1
2025-10-24,9:41:50.537209996,T,TGT,F I,37,95.09
2025-10-24,9:41:50.537236716,T,TGT,F,100,95.08
2025-10-24,9:41:51.106059920,T,TGT,F I,75,95.04
2025-10-24,9:41:51.336168172,T,TGT,F I,25,95.04
2025-10-24,9:41:54.332876466,T,TGT,F,100,95.03
2025-10-24,9:41:54.333276417,T,TGT,F I,5,95.01
2025-10-24,9:41:54.336530207,T,TGT,F I,4,95.0
2025-10-24,9:41:54.336551557,T,TGT,F I,23,95.0
2025-10-24,9:41:54.336554243,T,TGT,F,300,95.0
2025-10-24,9:41:54.348197924,T,TGT,F,100,95.0
2025-10-24,9:41:56.115255808,T,TGT,I,75,94.975
2025-10-24,9:41:56.115303974,T,TGT,I,25,94.975
2025-10-24,9:41:57.704235373,T,TGT,,100,94.975
2025-10-24,9:41:59.901308697,T,TGT,I,22,94.96
2025-10-24,9:41:59.901327216,T,TGT,F I,78,94.96
2025-10-24,9:41:59.901329767,T,TGT,F,100,94.96
2025-10-24,9:41:59.924626254,T,TGT,F,100,94.96
2025-10-24,9:42:02.966342955,T,TGT,F I,20,94.94
2025-10-24,9:42:03.738739112,T,TGT,,100,94.93
2025-10-24,9:42:03.739800608,T,TGT,,100,94.91
2025-10-24,9:42:08.313020920,T,TGT,F I,40,94.9
2025-10-24,9:42:08.313120172,T,TGT,F I,9,94.89
2025-10-24,9:42:08.313408842,T,TGT,F I,25,94.88
2025-10-24,9:42:08.313414874,T,TGT,F I,25,94.88
2025-10-24,9:42:12.192563564,T,TGT,I,11,94.895
2025-10-24,9:42:12.192870364,T,TGT,F I,75,94.9
2025-10-24,9:42:12.193279324,T,TGT,F I,68,94.91
2025-10-24,9:42:12.193306412,T,TGT,I,39,94.92
2025-10-24,9:42:12.193327929,T,TGT,F I,61,94.92
2025-10-24,9:42:12.193330474,T,TGT,F I,7,94.92
2025-10-24,9:42:12.193333458,T,TGT,F I,47,94.92
2025-10-24,9:42:12.195865447,T,TGT,F I,5,94.93
2025-10-24,9:42:12.195868470,T,TGT,F,100,94.93
2025-10-24,9:42:12.196539063,T,TGT,,100,94.96
2025-10-24,9:42:12.196542134,T,TGT,F I,64,94.96
2025-10-24,9:42:12.196683449,T,TGT,,100,94.95
2025-10-24,9:42:12.196683449,T,TGT,F,100,94.95
2025-10-24,9:42:12.196695443,T,TGT,F I,64,94.95
2025-10-24,9:42:12.196704528,T,TGT,I,1,94.95
2025-10-24,9:42:12.196716506,T,TGT,,100,94.95
2025-10-24,9:42:12.196725499,T,TGT,I,23,94.95
2025-10-24,9:42:12.196729296,T,TGT,I,23,94.95
2025-10-24,9:42:12.196731644,T,TGT,I,23,94.95
2025-10-24,9:42:12.196734581,T,TGT,F,166,94.95
2025-10-24,9:42:14.300288113,T,TGT,,100,94.97
2025-10-24,9:42:14.300291729,T,TGT,,200,94.97
2025-10-24,9:42:14.300291729,T,TGT,,150,94.97
2025-10-24,9:42:14.300291729,T,TGT,,255,94.97
2025-10-24,9:42:14.300294354,T,TGT,I,30,94.97
2025-10-24,9:42:14.300733129,T,TGT,,150,94.97
2025-10-24,9:42:17.419333993,T,TGT,F I,25,94.92
2025-10-24,9:42:21.583297288,T,TGT,F,100,94.91
2025-10-24,9:42:21.604350421,T,TGT,I,75,94.885
2025-10-24,9:42:21.604389555,T,TGT,I,25,94.885
2025-10-24,9:42:24.005535094,T,TGT,,100,94.88
2025-10-24,9:42:25.605418661,T,TGT,F I,64,94.88
2025-10-24,9:42:34.447537312,T,TGT,F I,75,94.86
2025-10-24,9:42:37.073281897,T,TGT,F I,25,94.86
2025-10-24,9:42:37.073281897,T,TGT,F I,75,94.85
2025-10-24,9:42:37.073300015,T,TGT,I,1,94.85
2025-10-24,9:42:37.073303112,T,TGT,F I,24,94.85
2025-10-24,9:42:38.678151386,T,TGT,I,75,94.835
2025-10-24,9:42:38.938845460,T,TGT,I,10,94.835
2025-10-24,9:42:39.828870046,T,TGT,I,15,94.835
2025-10-24,9:42:40.585833299,T,TGT,F I,75,94.83
2025-10-24,9:42:40.586065099,T,TGT,I,25,94.83
2025-10-24,9:42:40.586065099,T,TGT,I,62,94.83
2025-10-24,9:42:40.586067889,T,TGT,F I,25,94.83
2025-10-24,9:42:40.586109976,T,TGT,,100,94.83
2025-10-24,9:42:40.586113431,T,TGT,,100,94.835
2025-10-24,9:42:40.586113431,T,TGT,I,30,94.835
2025-10-24,9:42:40.586115912,T,TGT,I,35,94.84
2025-10-24,9:42:40.586119637,T,TGT,I,14,94.84
2025-10-24,9:42:40.586119637,T,TGT,I,94,94.84
2025-10-24,9:42:40.586119637,T,TGT,I,14,94.84
2025-10-24,9:42:40.586122215,T,TGT,I,42,94.83
2025-10-24,9:42:40.586134636,T,TGT,I,5,94.82
2025-10-24,9:42:40.586270105,T,TGT,F,129,94.82
2025-10-24,9:42:40.586275311,T,TGT,F,116,94.82
2025-10-24,9:42:40.586515889,T,TGT,F,100,94.82
2025-10-24,9:42:40.586542926,T,TGT,F I,95,94.82
2025-10-24,9:42:40.586542926,T,TGT,I,1,94.82
2025-10-24,9:42:40.608994427,T,TGT,,100,94.825
2025-10-24,9:42:40.609779353,T,TGT,F I,5,94.83
2025-10-24,9:42:40.891812228,T,TGT,I,73,94.83
2025-10-24,9:42:40.891914457,T,TGT,I,84,94.83
2025-10-24,9:42:42.649325362,T,TGT,F I,51,94.81
2025-10-24,9:42:42.652813641,T,TGT,F I,49,94.81
2025-10-24,9:42:44.765190436,T,TGT,I,2,94.8
2025-10-24,9:42:44.765190436,T,TGT,I,13,94.8
2025-10-24,9:42:55.756787699,T,TGT,F I,10,94.81
2025-10-24,9:42:59.089958686,T,TGT,F,200,94.84
2025-10-24,9:42:59.089958686,T,TGT,F,100,94.84
2025-10-24,9:42:59.090265566,T,TGT,F I,24,94.85
2025-10-24,9:42:59.090271514,T,TGT,,100,94.84
2025-10-24,9:42:59.090274871,T,TGT,I,25,94.84
2025-10-24,9:42:59.090274871,T,TGT,I,30,94.835
2025-10-24,9:42:59.090277471,T,TGT,I,46,94.83
2025-10-24,9:42:59.090313569,T,TGT,I,24,94.84
2025-10-24,9:42:59.090319730,T,TGT,I,32,94.84
2025-10-24,9:42:59.090322488,T,TGT,I,40,94.83
2025-10-24,9:42:59.090328555,T,TGT,I,14,94.83
2025-10-24,9:42:59.090587149,T,TGT,I,16,94.84
2025-10-24,9:42:59.090608189,T,TGT,I,1,94.84
2025-10-24,9:42:59.090966094,T,TGT,F I,59,94.83
2025-10-24,9:42:59.106486192,T,TGT,F I,26,94.81
2025-10-24,9:42:59.121326384,T,TGT,I,24,94.79
2025-10-24,9:42:59.121362485,T,TGT,F I,76,94.79
2025-10-24,9:42:59.121365444,T,TGT,F,100,94.79
2025-10-24,9:42:59.121422724,T,TGT,F,100,94.79
2025-10-24,9:42:59.121756396,T,TGT,F,100,94.78
2025-10-24,9:42:59.121759720,T,TGT,F I,1,94.78
2025-10-24,9:42:59.122051115,T,TGT,,100,94.78
2025-10-24,9:42:59.122237544,T,TGT,I,55,94.78
2025-10-24,9:42:59.122258588,T,TGT,I,1,94.78
2025-10-24,9:42:59.122282639,T,TGT,F,244,94.78
2025-10-24,9:42:59.144298122,T,TGT,F,100,94.785
2025-10-24,9:42:59.199912566,T,TGT,I,7,94.785
2025-10-24,9:42:59.388073852,T,TGT,I,2,94.785
2025-10-24,9:42:59.388073852,T,TGT,,181,94.79
2025-10-24,9:42:59.388091936,T,TGT,I,1,94.79
2025-10-24,9:42:59.388095060,T,TGT,I,1,94.79
2025-10-24,9:42:59.388097931,T,TGT,,100,94.79
2025-10-24,9:42:59.388600165,T,TGT,F,100,94.8
2025-10-24,9:42:59.388600165,T,TGT,F I,24,94.8
2025-10-24,9:42:59.650196320,T,TGT,,100,94.84
2025-10-24,9:42:59.651540577,T,TGT,,150,94.84
2025-10-24,9:42:59.652066801,T,TGT,,255,94.84
2025-10-24,9:42:59.652066801,T,TGT,,144,94.85
2025-10-24,9:43:00.843571402,T,TGT,,103,94.835
2025-10-24,9:43:03.888244142,T,TGT,,200,94.805
2025-10-24,9:43:10.630926106,T,TGT,F I,1,94.85
2025-10-24,9:43:10.630926106,T,TGT,F I,2,94.85
2025-10-24,9:43:10.630956077,T,TGT,I,5,94.86
2025-10-24,9:43:10.630956077,T,TGT,I,24,94.86
2025-10-24,9:43:10.630977263,T,TGT,F,176,94.86
2025-10-24,9:43:10.630977263,T,TGT,F I,31,94.86
2025-10-24,9:43:10.630980162,T,TGT,F,100,94.86
2025-10-24,9:43:10.631770923,T,TGT,F,100,94.85
2025-10-24,9:43:10.631831085,T,TGT,F I,2,94.84
2025-10-24,9:43:10.631849129,T,TGT,,100,94.85
2025-10-24,9:43:10.631891282,T,TGT,I,21,94.84
2025-10-24,9:43:10.632167910,T,TGT,F,100,94.84
2025-10-24,9:43:10.634062443,T,TGT,,100,94.83
2025-10-24,9:43:11.059988130,T,TGT,F,189,94.83
2025-10-24,9:43:11.059994943,T,TGT,F,111,94.83
2025-10-24,9:43:11.059994943,T,TGT,F I,28,94.83
2025-10-24,9:43:11.059997129,T,TGT,F I,1,94.83
2025-10-24,9:43:11.061446685,T,TGT,F,100,94.85
2025-10-24,9:43:11.061497769,T,TGT,F I,29,94.85
2025-10-24,9:43:11.061506806,T,TGT,I,71,94.85
2025-10-24,9:43:11.061590928,T,TGT,F I,29,94.86
2025-10-24,9:43:11.259645792,T,TGT,I,5,94.87
2025-10-24,9:43:11.767670183,T,TGT,I,17,94.87
2025-10-24,9:43:32.361001978,T,TGT,F I,75,94.86
2025-10-24,9:43:32.361913067,T,TGT,F I,18,94.88
2025-10-24,9:43:32.361916902,T,TGT,F I,27,94.88
2025-10-24,9:43:32.361919320,T,TGT,F I,1,94.88
2025-10-24,9:43:32.361922190,T,TGT,F I,1,94.88
2025-10-24,9:43:32.361922190,T,TGT,F I,82,94.88
2025-10-24,9:43:32.361929873,T,TGT,F,118,94.88
2025-10-24,9:43:32.361929873,T,TGT,F I,29,94.88
2025-10-24,9:43:32.361934233,T,TGT,F I,5,94.88
2025-10-24,9:43:32.361934233,T,TGT,F I,1,94.88
2025-10-24,9:43:32.361937160,T,TGT,F,100,94.88
2025-10-24,9:43:32.361988293,T,TGT,F I,2,94.89
2025-10-24,9:43:32.399520695,T,TGT,F I,24,94.9
2025-10-24,9:43:32.399523730,T,TGT,F I,68,94.9
2025-10-24,9:43:45.944092445,T,TGT,F,262,94.84
2025-10-24,9:43:45.944113583,T,TGT,I,1,94.84
2025-10-24,9:43:45.944122865,T,TGT,I,12,94.84
2025-10-24,9:43:45.944125567,T,TGT,I,12,94.84
2025-10-24,9:43:45.944129200,T,TGT,I,75,94.84
2025-10-24,9:43:45.944131579,T,TGT,I,25,94.84
2025-10-24,9:43:45.944135416,T,TGT,I,12,94.84
2025-10-24,9:43:45.944135416,T,TGT,I,6,94.84
2025-10-24,9:43:45.944137662,T,TGT,I,22,94.84
2025-10-24,9:43:45.944140553,T,TGT,F I,99,94.84
2025-10-24,9:43:45.944182731,T,TGT,F I,69,94.84
2025-10-24,9:43:52.628122837,T,TGT,I,35,94.86
2025-10-24,9:43:52.628171586,T,TGT,F,200,94.87
2025-10-24,9:43:52.628173776,T,TGT,F,100,94.87
2025-10-24,9:43:58.987015115,T,TGT,I,10,94.87
2025-10-24,9:44:00.118051685,T,TGT,F I,5,94.9
2025-10-24,9:44:02.322209935,T,TGT,F I,25,94.88
2025-10-24,9:44:04.619052026,T,TGT,I,75,94.865
2025-10-24,9:44:08.378359416,T,TGT,I,1,94.865
2025-10-24,9:44:08.971495497,T,TGT,I,10,94.86
2025-10-24,9:44:09.383019864,T,TGT,,100,94.88
2025-10-24,9:44:09.383037876,T,TGT,F I,30,94.88
2025-10-24,9:44:09.383040975,T,TGT,I,1,94.88
2025-10-24,9:44:09.383046920,T,TGT,I,16,94.88
2025-10-24,9:44:09.383052904,T,TGT,I,12,94.88
2025-10-24,9:44:12.450056882,T,TGT,I,1,94.85
2025-10-24,9:44:12.450553026,T,TGT,I,39,94.84
2025-10-24,9:44:14.707733615,T,TGT,F I,10,94.83
2025-10-24,9:44:14.707736604,T,TGT,F I,10,94.83
2025-10-24,9:44:14.707751671,T,TGT,I,10,94.83
2025-10-24,9:44:14.707778725,T,TGT,I,80,94.83
2025-10-24,9:44:14.707787756,T,TGT,I,6,94.82
2025-10-24,9:44:14.707790952,T,TGT,I,7,94.82
2025-10-24,9:44:14.707796851,T,TGT,,100,94.82
2025-10-24,9:44:14.707796851,T,TGT,I,2,94.82
2025-10-24,9:44:14.707808773,T,TGT,I,1,94.82
2025-10-24,9:44:14.707835892,T,TGT,F I,99,94.82
2025-10-24,9:44:14.707871959,T,TGT,F,100,94.82
2025-10-24,9:44:14.707893026,T,TGT,,100,94.82
2025-10-24,9:44:14.707896014,T,TGT,I,20,94.82
2025-10-24,9:44:14.707920005,T,TGT,I,80,94.82
2025-10-24,9:44:14.707923035,T,TGT,,131,94.82
2025-10-24,9:44:15.343054541,T,TGT,I,94,94.82
2025-10-24,9:44:15.343054541,T,TGT,I,15,94.82
2025-10-24,9:44:15.343096305,T,TGT,,106,94.83
2025-10-24,9:44:15.343114762,T,TGT,I,1,94.83
2025-10-24,9:44:15.343117360,T,TGT,I,1,94.83
2025-10-24,9:44:16.286801587,T,TGT,F I,1,94.83
2025-10-24,9:44:17.459968451,T,TGT,F,193,94.83
2025-10-24,9:44:17.459986768,T,TGT,I,1,94.83
2025-10-24,9:44:17.459989869,T,TGT,F I,2,94.83
2025-10-24,9:44:17.459989869,T,TGT,F I,24,94.83
2025-10-24,9:44:17.459992566,T,TGT,F I,5,94.83
2025-10-24,9:44:17.460076693,T,TGT,F I,93,94.83
2025-10-24,9:44:17.460100859,T,TGT,I,1,94.83
2025-10-24,9:44:20.259199457,T,TGT,I,9,94.825
2025-10-24,9:44:20.650705134,T,TGT,F I,21,94.84
2025-10-24,9:44:20.650708215,T,TGT,F,151,94.84
2025-10-24,9:44:20.650717169,T,TGT,F I,2,94.84
2025-10-24,9:44:20.650729224,T,TGT,I,1,94.84
2025-10-24,9:44:20.650735279,T,TGT,I,19,94.84
2025-10-24,9:44:20.650735279,T,TGT,,100,94.84
2025-10-24,9:44:20.650738489,T,TGT,I,1,94.84
2025-10-24,9:44:20.650738489,T,TGT,I,1,94.84
2025-10-24,9:44:20.650741246,T,TGT,F I,22,94.84
2025-10-24,9:44:27.128876844,T,TGT,F I,75,94.85
2025-10-24,9:44:35.526004210,T,TGT,,100,94.88
2025-10-24,9:44:35.526007437,T,TGT,I,5,94.88
2025-10-24,9:44:35.526010265,T,TGT,I,52,94.88
2025-10-24,9:44:35.526010265,T,TGT,,100,94.88
2025-10-24,9:44:35.526052363,T,TGT,,100,94.88
2025-10-24,9:44:53.175840024,T,TGT,F I,94,94.89
2025-10-24,9:44:53.175842249,T,TGT,F,113,94.89
2025-10-24,9:44:53.175860638,T,TGT,I,1,94.89
2025-10-24,9:44:53.175863838,T,TGT,F,286,94.89
2025-10-24,9:44:53.175866207,T,TGT,F I,32,94.89
2025-10-24,9:44:53.175869291,T,TGT,F,100,94.89
2025-10-24,9:44:53.176864637,T,TGT,,100,94.91
2025-10-24,9:44:53.177637441,T,TGT,I,35,94.94
2025-10-24,9:44:53.177640433,T,TGT,I,25,94.94
2025-10-24,9:44:53.292232338,T,TGT,F I,24,94.95
2025-10-24,9:44:53.292234721,T,TGT,F I,58,94.95
2025-10-24,9:44:53.292237521,T,TGT,F I,18,94.95
2025-10-24,9:44:53.292255574,T,TGT,I,1,94.95
2025-10-24,9:44:53.292264588,T,TGT,,381,94.95
2025-10-24,9:44:53.292267541,T,TGT,I,1,94.95
2025-10-24,9:44:53.292267541,T,TGT,I,4,94.95
2025-10-24,9:44:53.292282564,T,TGT,F,100,94.95
2025-10-24,9:44:53.292496048,T,TGT,F,100,94.94
2025-10-24,9:44:53.921615893,T,TGT,F I,75,94.92
2025-10-24,9:44:53.921660987,T,TGT,F I,25,94.92
2025-10-24,9:44:56.762330837,T,TGT,I,10,94.95
2025-10-24,9:44:56.762348877,T,TGT,I,23,94.95
2025-10-24,9:44:56.762348877,T,TGT,I,1,94.95
2025-10-24,9:44:56.762387802,T,TGT,I,54,94.95
2025-10-24,9:44:56.762411847,T,TGT,I,9,94.95
2025-10-24,9:44:56.762601719,T,TGT,F I,17,94.94
2025-10-24,9:44:56.762604447,T,TGT,F I,41,94.94
2025-10-24,9:44:56.762620007,T,TGT,F I,41,94.93
2025-10-24,9:44:56.762620007,T,TGT,F I,25,94.93
2025-10-24,9:44:56.762623194,T,TGT,F,100,94.93
2025-10-24,9:44:56.762626458,T,TGT,F I,10,94.93
2025-10-24,9:44:56.773204585,T,TGT,,100,94.92
2025-10-24,9:44:56.840686362,T,TGT,,100,94.94
2025-10-24,9:44:56.840691433,T,TGT,I,29,94.94
2025-10-24,9:44:56.840691433,T,TGT,I,47,94.94
2025-10-24,9:45:00.012885934,T,TGT,F I,66,94.93
2025-10-24,9:45:00.018028608,T,TGT,F I,5,94.92
2025-10-24,9:45:00.018028608,T,TGT,F I,1,94.92
2025-10-24,9:45:00.018031840,T,TGT,F,194,94.92
2025-10-24,9:45:00.018031840,T,TGT,F I,7,94.92
2025-10-24,9:45:00.018034164,T,TGT,F I,1,94.92
2025-10-24,9:45:00.018055154,T,TGT,I,26,94.92
2025-10-24,9:45:00.018668695,T,TGT,I,10,94.93
2025-10-24,9:45:00.030628146,T,TGT,I,53,94.95
2025-10-24,9:45:01.912174823,T,TGT,F I,75,94.93
2025-10-24,9:45:01.912178552,T,TGT,F I,25,94.93
2025-10-24,9:45:01.912181064,T,TGT,F I,10,94.92
2025-10-24,9:45:01.912181064,T,TGT,F I,28,94.92
2025-10-24,9:45:03.067725842,T,TGT,I,12,94.96
2025-10-24,9:45:03.067743851,T,TGT,I,1,94.96
2025-10-24,9:45:03.067746891,T,TGT,I,59,94.96
2025-10-24,9:45:03.067777020,T,TGT,I,28,94.96
2025-10-24,9:45:03.069424823,T,TGT,F I,50,94.96
2025-10-24,9:45:03.069428084,T,TGT,F I,39,94.95
2025-10-24,9:45:03.069428084,T,TGT,F I,15,94.95
2025-10-24,9:45:03.069430876,T,TGT,F I,25,94.95
2025-10-24,9:45:03.069433904,T,TGT,F I,10,94.95
2025-10-24,9:45:12.257701179,T,TGT,,400,94.95
2025-10-24,9:45:12.257704221,T,TGT,I,6,94.95
2025-10-24,9:45:12.257704221,T,TGT,I,96,94.95
2025-10-24,9:45:17.707879691,T,TGT,F I,25,94.93
2025-10-24,9:45:17.707883196,T,TGT,F,100,94.93
2025-10-24,9:45:17.707883196,T,TGT,F,642,94.93
2025-10-24,9:45:17.707898094,T,TGT,F,100,94.93
2025-10-24,9:45:17.707901276,T,TGT,F I,16,94.93
2025-10-24,9:45:17.707904373,T,TGT,I,1,94.93
2025-10-24,9:45:17.707910525,T,TGT,F,100,94.93
2025-10-24,9:45:17.707912947,T,TGT,F I,81,94.93
2025-10-24,9:45:17.707916438,T,TGT,F,100,94.93
2025-10-24,9:45:17.707916438,T,TGT,I,45,94.93
2025-10-24,9:45:17.707942818,T,TGT,I,62,94.93
2025-10-24,9:45:17.707942818,T,TGT,F I,55,94.93
2025-10-24,9:45:17.707972864,T,TGT,F I,45,94.93
2025-10-24,9:45:17.707972864,T,TGT,F I,55,94.93
2025-10-24,9:45:17.707972864,T,TGT,F I,45,94.93
2025-10-24,9:45:17.707979229,T,TGT,F I,55,94.93
2025-10-24,9:45:17.707979229,T,TGT,F I,2,94.93
2025-10-24,9:45:17.709055425,T,TGT,F,100,94.91
2025-10-24,9:45:17.718037915,T,TGT,F,500,94.88
2025-10-24,9:45:17.718037915,T,TGT,F I,1,94.88
2025-10-24,9:45:17.718080027,T,TGT,F I,10,94.87
2025-10-24,9:45:18.055748737,T,TGT,F,100,94.85
2025-10-24,9:45:18.055784546,T,TGT,F,100,94.84
2025-10-24,9:45:18.055944396,T,TGT,I,58,94.86
2025-10-24,9:45:18.055947503,T,TGT,I,59,94.86
2025-10-24,9:45:18.055965113,T,TGT,F I,10,94.86
2025-10-24,9:45:18.055973995,T,TGT,F I,76,94.855
2025-10-24,9:45:18.056004074,T,TGT,,100,94.87
2025-10-24,9:45:18.056010447,T,TGT,I,59,94.87
2025-10-24,9:45:18.056010447,T,TGT,I,65,94.87
2025-10-24,9:45:18.056208518,T,TGT,I,15,94.88
2025-10-24,9:45:18.056211531,T,TGT,I,14,94.88
2025-10-24,9:45:18.056211531,T,TGT,I,58,94.88
2025-10-24,9:45:18.056286753,T,TGT,F I,90,94.88
2025-10-24,9:45:18.056316757,T,TGT,F I,10,94.88
2025-10-24,9:45:18.056320466,T,TGT,F,100,94.88
2025-10-24,9:45:18.056320466,T,TGT,F I,60,94.88
2025-10-24,9:45:18.056326275,T,TGT,F I,6,94.88
2025-10-24,9:45:18.056840037,T,TGT,,100,94.88
2025-10-24,9:45:18.058734537,T,TGT,F,100,94.88
2025-10-24,9:45:18.058737544,T,TGT,F I,72,94.88
2025-10-24,9:45:19.185849760,T,TGT,I,10,94.855
2025-10-24,9:45:22.244295216,T,TGT,F I,15,94.87
2025-10-24,9:45:22.244295216,T,TGT,F I,19,94.87
2025-10-24,9:45:22.297010813,T,TGT,F I,56,94.89
2025-10-24,9:45:22.297010813,T,TGT,F I,5,94.89
2025-10-24,9:45:22.297555131,T,TGT,I,16,94.89
2025-10-24,9:45:22.297594192,T,TGT,I,69,94.89
2025-10-24,9:45:22.297645361,T,TGT,F I,20,94.89
2025-10-24,9:45:23.357520938,T,TGT,I,34,94.88
2025-10-24,9:45:23.357523354,T,TGT,I,20,94.88
2025-10-24,9:45:28.389137811,T,TGT,F I,11,94.89
2025-10-24,9:45:28.389137811,T,TGT,F I,15,94.89
2025-10-24,9:45:30.134240332,T,TGT,,100,94.915
2025-10-24,9:45:30.155362675,T,TGT,,200,94.915
2025-10-24,9:45:30.222314138,T,TGT,,200,94.915
2025-10-24,9:45:30.259028629,T,TGT,,100,94.915
2025-10-24,9:45:30.268453126,T,TGT,I,32,94.915
2025-10-24,9:45:41.118957721,T,TGT,F I,40,94.89
2025-10-24,9:45:41.118973665,T,TGT,F I,10,94.89
2025-10-24,9:45:41.118973665,T,TGT,F I,30,94.88
2025-10-24,9:45:41.118978762,T,TGT,I,10,94.88
2025-10-24,9:45:42.745205132,T,TGT,,100,94.87
2025-10-24,9:45:42.746943234,T,TGT,I,75,94.86
2025-10-24,9:45:42.747854472,T,TGT,F I,25,94.86
2025-10-24,9:45:43.237501951,T,TGT,I,4,94.86
2025-10-24,9:45:43.237520744,T,TGT,I,8,94.86
2025-10-24,9:46:01.130860435,T,TGT,F,100,94.84
2025-10-24,9:46:01.906958451,T,TGT,I,94,94.86
2025-10-24,9:46:01.906958451,T,TGT,I,6,94.86
2025-10-24,9:46:01.916433948,T,TGT,,100,94.85
2025-10-24,9:46:01.919050209,T,TGT,,100,94.85
2025-10-24,9:46:05.427824704,T,TGT,,100,94.83
2025-10-24,9:46:05.427824704,T,TGT,I,18,94.83
2025-10-24,9:46:14.836276604,T,TGT,F I,2,94.82
2025-10-24,9:46:14.836282350,T,TGT,F I,18,94.82
2025-10-24,9:46:14.836285486,T,TGT,F,100,94.82
2025-10-24,9:46:14.836288333,T,TGT,F,100,94.82
2025-10-24,9:46:14.836288333,T,TGT,F I,99,94.82
2025-10-24,9:46:14.836294793,T,TGT,F,100,94.82
2025-10-24,9:46:14.836294793,T,TGT,F I,2,94.82
2025-10-24,9:46:14.836297535,T,TGT,F,198,94.82
2025-10-24,9:46:14.836297535,T,TGT,F,221,94.82
2025-10-24,9:46:14.836301061,T,TGT,F I,79,94.82
2025-10-24,9:46:14.836301061,T,TGT,F,100,94.82
2025-10-24,9:46:14.836342520,T,TGT,,100,94.83
2025-10-24,9:46:14.836348679,T,TGT,F I,18,94.81
2025-10-24,9:46:14.836348679,T,TGT,F I,20,94.81
2025-10-24,9:46:14.836373408,T,TGT,F I,25,94.82
2025-10-24,9:46:14.836384660,T,TGT,F I,75,94.82
2025-10-24,9:46:15.063197057,T,TGT,,100,94.845
2025-10-24,9:46:16.416381863,T,TGT,F I,59,94.86
2025-10-24,9:46:16.416856968,T,TGT,F I,19,94.86
2025-10-24,9:46:16.417161038,T,TGT,I,97,94.87
2025-10-24,9:46:16.417161038,T,TGT,I,3,94.87
2025-10-24,9:46:16.417175983,T,TGT,F I,2,94.87
2025-10-24,9:46:16.417178893,T,TGT,F,400,94.87
2025-10-24,9:46:16.417182182,T,TGT,F I,35,94.87
2025-10-24,9:46:19.194490395,T,TGT,I,1,94.86
2025-10-24,9:46:19.194490395,T,TGT,I,51,94.86
2025-10-24,9:46:19.194746025,T,TGT,F I,49,94.85
2025-10-24,9:46:19.556083935,T,TGT,,100,94.84
2025-10-24,9:46:24.369573576,T,TGT,,159,94.84
2025-10-24,9:46:29.524334491,T,TGT,I,15,94.8
2025-10-24,9:46:29.524334491,T,TGT,I,85,94.8
2025-10-24,9:46:29.524337554,T,TGT,F I,15,94.8
2025-10-24,9:46:29.524827641,T,TGT,I,11,94.79
2025-10-24,9:46:29.525813989,T,TGT,F I,75,94.78
2025-10-24,9:46:29.525931248,T,TGT,F I,25,94.78
2025-10-24,9:46:30.384473608,T,TGT,F I,5,94.74
2025-10-24,9:46:30.384476628,T,TGT,F I,90,94.74
2025-10-24,9:46:30.384524847,T,TGT,I,16,94.75
2025-10-24,9:46:30.384527715,T,TGT,I,21,94.76
2025-10-24,9:46:30.384536712,T,TGT,I,16,94.76
2025-10-24,9:46:30.384539761,T,TGT,I,84,94.76
2025-10-24,9:46:30.384548837,T,TGT,I,16,94.76
2025-10-24,9:46:30.384548837,T,TGT,I,33,94.76
2025-10-24,9:46:30.384564434,T,TGT,I,1,94.76
2025-10-24,9:46:30.384564434,T,TGT,I,1,94.76
2025-10-24,9:46:30.384939735,T,TGT,F I,27,94.75
2025-10-24,9:46:34.359842491,T,TGT,F I,2,94.76
2025-10-24,9:46:34.359863463,T,TGT,I,1,94.76
2025-10-24,9:46:34.363613424,T,TGT,F I,88,94.76
2025-10-24,9:46:34.390461327,T,TGT,I,58,94.78
2025-10-24,9:46:34.390485503,T,TGT,I,1,94.78
2025-10-24,9:46:38.120704399,T,TGT,F,100,94.78
2025-10-24,9:46:38.120707255,T,TGT,F I,91,94.78
2025-10-24,9:46:38.120707255,T,TGT,F I,9,94.78
2025-10-24,9:46:38.120722915,T,TGT,F I,5,94.78
2025-10-24,9:46:38.120725704,T,TGT,I,1,94.78
2025-10-24,9:46:38.120725704,T,TGT,I,67,94.78
2025-10-24,9:46:38.120728265,T,TGT,I,5,94.78
2025-10-24,9:46:38.121561329,T,TGT,I,39,94.79
2025-10-24,9:46:38.211929586,T,TGT,F I,70,94.79
2025-10-24,9:46:38.211935597,T,TGT,F I,10,94.79
2025-10-24,9:46:51.126163539,T,TGT,,100,94.77
2025-10-24,9:46:51.126167257,T,TGT,I,96,94.77
2025-10-24,9:46:51.126184630,T,TGT,F I,4,94.77
2025-10-24,9:46:56.755094013,T,TGT,I,50,94.76
2025-10-24,9:47:00.322342768,T,TGT,F I,50,94.76
2025-10-24,9:47:00.322348714,T,TGT,,100,94.775
2025-10-24,9:47:00.734964726,T,TGT,,100,94.775
2025-10-24,9:47:02.365783017,T,TGT,,100,94.775
2025-10-24,9:47:02.950820805,T,TGT,,100,94.775
2025-10-24,9:47:03.753159280,T,TGT,F I,15,94.775
2025-10-24,9:47:03.753168411,T,TGT,I,15,94.775
2025-10-24,9:47:10.694999623,T,TGT,F I,3,94.8
2025-10-24,9:47:10.695018556,T,TGT,F I,7,94.8
2025-10-24,9:47:10.695021595,T,TGT,F I,50,94.8
2025-10-24,9:47:10.695021595,T,TGT,F I,22,94.8
2025-10-24,9:47:10.695027540,T,TGT,F I,5,94.8
2025-10-24,9:47:10.695027540,T,TGT,F,100,94.8
2025-10-24,9:47:10.695029852,T,TGT,F I,17,94.8
2025-10-24,9:47:10.695032704,T,TGT,F I,10,94.8
2025-10-24,9:47:10.695035802,T,TGT,F I,22,94.8
2025-10-24,9:47:10.696160407,T,TGT,,100,94.81
2025-10-24,9:47:10.696229939,T,TGT,I,50,94.81
2025-10-24,9:47:10.696229939,T,TGT,I,50,94.81
2025-10-24,9:47:13.806774165,T,TGT,F I,50,94.78
2025-10-24,9:47:13.806777562,T,TGT,F I,10,94.78
2025-10-24,9:47:13.806777562,T,TGT,F,340,94.78
2025-10-24,9:47:13.806804259,T,TGT,F,160,94.78
2025-10-24,9:47:13.807955991,T,TGT,I,34,94.78
2025-10-24,9:47:13.811122874,T,TGT,F,100,94.76
2025-10-24,9:47:13.811122874,T,TGT,F I,15,94.76
2025-10-24,9:47:13.811158646,T,TGT,F,100,94.76
2025-10-24,9:47:13.811165188,T,TGT,F,100,94.76
2025-10-24,9:47:13.811167616,T,TGT,,100,94.76
2025-10-24,9:47:13.811492362,T,TGT,F,100,94.76
2025-10-24,9:47:13.813155331,T,TGT,,200,94.76
2025-10-24,9:47:13.813173388,T,TGT,I,1,94.76
2025-10-24,9:47:13.813197520,T,TGT,F I,65,94.76
2025-10-24,9:47:18.054316345,T,TGT,F I,50,94.75
2025-10-24,9:47:21.800932677,T,TGT,,100,94.75
2025-10-24,9:47:32.197183880,T,TGT,,100,94.75
2025-10-24,9:47:42.243783074,T,TGT,,100,94.745
2025-10-24,9:47:45.499239902,T,TGT,I,60,94.74
2025-10-24,9:47:50.447480572,T,TGT,I,63,94.745
2025-10-24,9:47:53.074280945,T,TGT,F I,50,94.73
2025-10-24,9:47:53.074283748,T,TGT,F,100,94.73
2025-10-24,9:47:53.074286797,T,TGT,F I,10,94.73
2025-10-24,9:47:53.074286797,T,TGT,F,100,94.73
2025-10-24,9:47:53.074302791,T,TGT,I,1,94.73
2025-10-24,9:47:53.074302791,T,TGT,F,130,94.73
2025-10-24,9:47:53.074304933,T,TGT,F I,80,94.73
2025-10-24,9:47:53.074307936,T,TGT,I,20,94.73
2025-10-24,9:47:53.074311004,T,TGT,,100,94.73
2025-10-24,9:47:53.128000727,T,TGT,I,3,94.72
2025-10-24,9:47:53.481730460,T,TGT,F,100,94.71
2025-10-24,9:47:53.481784561,T,TGT,F I,1,94.7
2025-10-24,9:47:53.481791129,T,TGT,F,100,94.7
2025-10-24,9:47:53.482182101,T,TGT,F I,1,94.69
2025-10-24,9:47:53.482182101,T,TGT,F I,15,94.69
2025-10-24,9:47:53.482184639,T,TGT,F,100,94.69
2025-10-24,9:47:53.482190520,T,TGT,F,100,94.69
2025-10-24,9:47:53.482218265,T,TGT,I,36,94.7
2025-10-24,9:47:53.482218265,T,TGT,I,45,94.7
2025-10-24,9:47:53.482220862,T,TGT,,110,94.7
2025-10-24,9:47:53.482223690,T,TGT,F,100,94.69
2025-10-24,9:47:53.482238691,T,TGT,I,1,94.7
2025-10-24,9:47:53.482295819,T,TGT,F,100,94.69
2025-10-24,9:47:53.482299361,T,TGT,F I,45,94.69
2025-10-24,9:47:53.482747186,T,TGT,F I,36,94.68
2025-10-24,9:47:53.482750280,T,TGT,F I,50,94.67
2025-10-24,9:47:53.482753657,T,TGT,F,100,94.67
2025-10-24,9:47:53.482756182,T,TGT,F,500,94.67
2025-10-24,9:47:53.482759363,T,TGT,F I,30,94.67
2025-10-24,9:47:53.482759363,T,TGT,F,100,94.67
2025-10-24,9:47:53.485098459,T,TGT,F I,25,94.65
2025-10-24,9:47:53.485098459,T,TGT,F,100,94.65
2025-10-24,9:47:53.485390190,T,TGT,F I,94,94.64
2025-10-24,9:47:53.485600705,T,TGT,F,106,94.64
2025-10-24,9:47:53.486232196,T,TGT,I,66,94.63
2025-10-24,9:47:53.722890017,T,TGT,I,10,94.65
2025-10-24,9:47:56.058578647,T,TGT,I,55,94.645
2025-10-24,9:47:56.058602675,T,TGT,,100,94.645
2025-10-24,9:47:56.058627038,T,TGT,I,45,94.65
2025-10-24,9:47:56.058629678,T,TGT,I,10,94.66
2025-10-24,9:47:56.058653831,T,TGT,F I,10,94.66
2025-10-24,9:47:56.058656767,T,TGT,F I,16,94.66
2025-10-24,9:47:56.058689807,T,TGT,I,1,94.65
2025-10-24,9:47:57.114108303,T,TGT,F,114,94.66
2025-10-24,9:47:57.114108303,T,TGT,F I,87,94.66
2025-10-24,9:47:57.114111355,T,TGT,F,100,94.66
2025-10-24,9:47:57.114114295,T,TGT,F,100,94.66
2025-10-24,9:47:57.114526422,T,TGT,F,100,94.67
2025-10-24,9:47:57.115449527,T,TGT,F,200,94.68
2025-10-24,9:47:57.115500563,T,TGT,F I,5,94.69
2025-10-24,9:47:57.115503816,T,TGT,F I,12,94.69
2025-10-24,9:47:57.116532131,T,TGT,F I,35,94.69
2025-10-24,9:47:57.116550461,T,TGT,F I,9,94.69
2025-10-24,9:47:57.116556192,T,TGT,I,1,94.69
2025-10-24,9:47:57.116580246,T,TGT,F,399,94.69
2025-10-24,9:47:58.238474978,T,TGT,I,75,94.695
2025-10-24,9:47:58.243012872,T,TGT,I,25,94.695
2025-10-24,9:47:59.277143528,T,TGT,,100,94.7
2025-10-24,9:48:05.761636286,T,TGT,I,52,94.68
2025-10-24,9:48:10.241406057,T,TGT,,100,94.685
2025-10-24,9:48:10.247925583,T,TGT,,100,94.685
2025-10-24,9:48:10.257749899,T,TGT,,100,94.685
2025-10-24,9:48:10.324506042,T,TGT,,100,94.685
2025-10-24,9:48:20.428785521,T,TGT,,200,94.72
2025-10-24,9:48:20.428788774,T,TGT,I,50,94.72
2025-10-24,9:48:20.428788774,T,TGT,I,29,94.72
2025-10-24,9:48:20.428791430,T,TGT,,100,94.72
2025-10-24,9:48:20.429967272,T,TGT,F I,28,94.73
2025-10-24,9:48:20.430090602,T,TGT,F I,1,94.74
2025-10-24,9:48:20.454021618,T,TGT,F I,54,94.75
2025-10-24,9:48:20.454021618,T,TGT,F,100,94.75
2025-10-24,9:48:21.098628342,T,TGT,,100,94.73
2025-10-24,9:48:28.642884769,T,TGT,F I,75,94.76
2025-10-24,9:48:31.683464670,T,TGT,F I,1,94.75
2025-10-24,9:48:31.683572962,T,TGT,F I,1,94.76
2025-10-24,9:48:31.683870607,T,TGT,I,16,94.76
2025-10-24,9:48:37.073118197,T,TGT,F I,37,94.77
2025-10-24,9:48:37.073136136,T,TGT,I,22,94.77
2025-10-24,9:48:37.073139114,T,TGT,I,21,94.77
2025-10-24,9:48:37.073145123,T,TGT,I,12,94.77
2025-10-24,9:48:37.073145123,T,TGT,I,8,94.77
2025-10-24,9:48:37.779546112,T,TGT,,150,94.72
2025-10-24,9:48:37.779549097,T,TGT,,255,94.725
2025-10-24,9:48:37.779576210,T,TGT,F,200,94.73
2025-10-24,9:48:37.779576210,T,TGT,F,197,94.73
2025-10-24,9:48:37.779585501,T,TGT,F I,6,94.73
2025-10-24,9:48:37.779588275,T,TGT,F I,2,94.73
2025-10-24,9:48:37.779591188,T,TGT,F I,90,94.73
2025-10-24,9:48:39.560472992,T,TGT,F I,10,94.71
2025-10-24,9:48:39.560475945,T,TGT,F I,1,94.71
2025-10-24,9:48:41.102619633,T,TGT,F,100,94.7
2025-10-24,9:48:41.102619633,T,TGT,F,179,94.69
2025-10-24,9:48:41.102622058,T,TGT,F I,15,94.69
2025-10-24,9:48:41.102640095,T,TGT,I,1,94.69
2025-10-24,9:48:41.105824640,T,TGT,F I,1,94.7
2025-10-24,9:48:41.105824640,T,TGT,F,400,94.7
2025-10-24,9:48:41.105827635,T,TGT,F I,97,94.7
2025-10-24,9:48:41.105857697,T,TGT,F,100,94.7
2025-10-24,9:48:41.106336356,T,TGT,I,25,94.73
2025-10-24,9:48:41.106336356,T,TGT,I,10,94.73
2025-10-24,9:48:47.438010514,T,TGT,F I,1,94.72
2025-10-24,9:48:47.816372004,T,TGT,F I,77,94.7
2025-10-24,9:48:47.816372004,T,TGT,F,100,94.7
2025-10-24,9:48:49.775109505,T,TGT,,100,94.715
2025-10-24,9:48:55.210784415,T,TGT,I,15,94.7
2025-10-24,9:48:55.210802505,T,TGT,F I,85,94.7
2025-10-24,9:48:55.210805486,T,TGT,F I,85,94.7
2025-10-24,9:48:55.210823481,T,TGT,I,1,94.7
2025-10-24,9:48:55.210829578,T,TGT,,100,94.7
2025-10-24,9:49:00.606837089,T,TGT,F I,14,94.7
2025-10-24,9:49:01.913537131,T,TGT,F,100,94.7
2025-10-24,9:49:01.913537131,T,TGT,F I,40,94.7
2025-10-24,9:49:01.913540207,T,TGT,F I,60,94.7
2025-10-24,9:49:02.161862726,T,TGT,I,41,94.69
2025-10-24,9:49:02.161883807,T,TGT,F I,58,94.69
2025-10-24,9:49:02.161887116,T,TGT,F,100,94.69
2025-10-24,9:49:02.161889864,T,TGT,F,130,94.69
2025-10-24,9:49:02.161916919,T,TGT,I,41,94.69
2025-10-24,9:49:02.161938598,T,TGT,I,59,94.69
2025-10-24,9:49:02.161941641,T,TGT,I,1,94.7
2025-10-24,9:49:02.162208627,T,TGT,,100,94.7
2025-10-24,9:49:02.162217555,T,TGT,F I,36,94.7
2025-10-24,9:49:02.162217555,T,TGT,F I,20,94.7
2025-10-24,9:49:02.162292758,T,TGT,F,100,94.71
2025-10-24,9:49:02.162292758,T,TGT,F I,75,94.71
2025-10-24,9:49:02.162308204,T,TGT,F I,25,94.71
2025-10-24,9:49:02.162308204,T,TGT,F I,38,94.71
2025-10-24,9:49:02.162310860,T,TGT,F,100,94.71
2025-10-24,9:49:02.162365141,T,TGT,F I,4,94.7
2025-10-24,9:49:02.162746917,T,TGT,I,47,94.72
2025-10-24,9:49:02.164863931,T,TGT,F I,15,94.72
2025-10-24,9:49:02.166521431,T,TGT,F,100,94.73
2025-10-24,9:49:02.166836587,T,TGT,I,17,94.73
