DATE,TIME_M,EX,SYM_ROOT,TR_SCOND,SIZE,PRICE
2025-11-10,9:30:02.313742409,T,TGT,I,50,91.96
2025-11-10,9:30:02.313751412,T,TGT,Q,50,91.96
2025-11-10,9:30:02.313818109,T,TGT,F I,50,91.96
2025-11-10,9:30:02.325936472,T,TGT,,100,91.97
2025-11-10,9:30:03.052374150,T,TGT,I,1,91.97
2025-11-10,9:30:03.313606435,T,TGT,,100,91.98
2025-11-10,9:30:03.313609797,T,TGT,I,1,92.0
2025-11-10,9:30:03.313612962,T,TGT,I,1,92.0
2025-11-10,9:30:03.313612962,T,TGT,I,1,92.0
2025-11-10,9:30:03.313616593,T,TGT,I,1,92.0
2025-11-10,9:30:03.313616593,T,TGT,I,20,92.0
2025-11-10,9:30:03.313618535,T,TGT,,100,92.0
2025-11-10,9:30:03.313622133,T,TGT,I,19,92.0
2025-11-10,9:30:03.313622133,T,TGT,I,81,92.0
2025-11-10,9:30:03.313624530,T,TGT,I,50,92.0
2025-11-10,9:30:03.314153722,T,TGT,,100,91.97
2025-11-10,9:30:05.313842631,T,TGT,I,1,92.09
2025-11-10,9:30:05.313842631,T,TGT,I,50,92.09
2025-11-10,9:30:05.375260994,T,TGT,I,11,92.05
2025-11-10,9:30:05.375263970,T,TGT,,237,92.02
2025-11-10,9:30:05.375266963,T,TGT,I,5,92.01
2025-11-10,9:30:05.620450168,T,TGT,I,1,91.91
2025-11-10,9:30:25.021919191,T,TGT,,100,92.03
2025-11-10,9:30:29.594535243,T,TGT,F I,25,92.03
2025-11-10,9:30:29.615904147,T,TGT,,100,92.04
2025-11-10,9:30:46.438799490,T,TGT,,400,92.12
2025-11-10,9:30:46.439815678,T,TGT,,224,92.16
2025-11-10,9:30:46.439818737,T,TGT,,159,92.19
2025-11-10,9:30:46.546750533,T,TGT,I,54,92.17
2025-11-10,9:30:46.546756903,T,TGT,I,32,92.17
2025-11-10,9:30:46.546756903,T,TGT,,100,92.21
2025-11-10,9:30:46.546759534,T,TGT,,210,92.22
2025-11-10,9:30:51.127494619,T,TGT,,100,92.16
2025-11-10,9:30:51.127497715,T,TGT,,100,92.2
2025-11-10,9:30:51.127497715,T,TGT,,113,92.23
2025-11-10,9:30:51.127500651,T,TGT,,287,92.23
2025-11-10,9:30:51.127509747,T,TGT,I,1,92.23
2025-11-10,9:30:55.111696109,T,TGT,F I,1,92.5
2025-11-10,9:30:55.131933892,T,TGT,F I,5,92.65
2025-11-10,9:30:55.145418027,T,TGT,F I,5,92.66
2025-11-10,9:30:55.156006254,T,TGT,F I,5,92.66
2025-11-10,9:30:55.164540517,T,TGT,F I,5,92.65
2025-11-10,9:30:55.174115374,T,TGT,F I,5,92.66
2025-11-10,9:30:55.183891667,T,TGT,F I,5,92.65
2025-11-10,9:30:55.194019967,T,TGT,F I,5,92.66
2025-11-10,9:30:55.204033626,T,TGT,F I,5,92.66
2025-11-10,9:30:55.213716662,T,TGT,F I,5,92.66
2025-11-10,9:30:55.223135094,T,TGT,F I,5,92.66
2025-11-10,9:30:55.232463317,T,TGT,F I,5,92.66
2025-11-10,9:30:55.241878774,T,TGT,F I,5,92.66
2025-11-10,9:30:55.251997951,T,TGT,F I,5,92.66
2025-11-10,9:30:55.260195460,T,TGT,F I,5,92.66
2025-11-10,9:30:55.268588441,T,TGT,F I,5,92.66
2025-11-10,9:30:55.278400760,T,TGT,F I,5,92.66
2025-11-10,9:30:55.295908513,T,TGT,F I,5,92.66
2025-11-10,9:30:55.308779214,T,TGT,F I,5,92.66
2025-11-10,9:30:55.320155294,T,TGT,F I,5,92.66
2025-11-10,9:30:55.329928593,T,TGT,F I,5,92.66
2025-11-10,9:30:55.339377028,T,TGT,F I,5,92.66
2025-11-10,9:30:55.348699308,T,TGT,F I,5,92.66
2025-11-10,9:30:55.358063545,T,TGT,F I,5,92.66
2025-11-10,9:30:55.367208410,T,TGT,F I,5,92.66
2025-11-10,9:30:55.376596716,T,TGT,F I,5,92.66
2025-11-10,9:30:55.385933978,T,TGT,F I,5,92.66
2025-11-10,9:30:55.400350284,T,TGT,F I,5,92.66
2025-11-10,9:30:55.413016457,T,TGT,F I,5,92.66
2025-11-10,9:30:55.413061648,T,TGT,I,50,92.66
2025-11-10,9:30:55.420934394,T,TGT,F I,5,92.66
2025-11-10,9:30:55.430034109,T,TGT,F I,5,92.66
2025-11-10,9:30:55.441371019,T,TGT,F I,5,92.66
2025-11-10,9:30:55.451033052,T,TGT,F I,5,92.66
2025-11-10,9:30:55.458950908,T,TGT,F I,5,92.66
2025-11-10,9:30:55.468231055,T,TGT,F I,5,92.66
2025-11-10,9:30:55.477520236,T,TGT,F I,5,92.66
2025-11-10,9:30:55.486809289,T,TGT,F I,5,92.66
2025-11-10,9:30:55.496248822,T,TGT,F I,5,92.66
2025-11-10,9:30:55.504121549,T,TGT,F I,5,92.66
2025-11-10,9:30:55.513516098,T,TGT,F I,5,92.66
2025-11-10,9:30:55.522549453,T,TGT,F I,5,92.66
2025-11-10,9:30:55.530584624,T,TGT,F I,5,92.66
2025-11-10,9:30:55.540075179,T,TGT,F I,5,92.66
2025-11-10,9:30:55.549610981,T,TGT,F I,5,92.66
2025-11-10,9:30:55.560773467,T,TGT,F I,1,92.66
2025-11-10,9:31:23.231210568,T,TGT,F I,30,92.545
2025-11-10,9:31:23.240472641,T,TGT,I,50,92.41
2025-11-10,9:31:23.240821432,T,TGT,F I,50,92.48
2025-11-10,9:31:23.241362684,T,TGT,F,248,92.48
2025-11-10,9:31:23.241371812,T,TGT,F I,50,92.48
2025-11-10,9:31:23.241380728,T,TGT,F I,50,92.39
2025-11-10,9:31:23.241471022,T,TGT,I,50,92.39
2025-11-10,9:31:23.244012019,T,TGT,F I,55,92.46
2025-11-10,9:31:23.244015579,T,TGT,F,621,92.46
2025-11-10,9:31:23.244018084,T,TGT,F,364,92.46
2025-11-10,9:31:23.244021106,T,TGT,F,102,92.46
2025-11-10,9:31:23.244063608,T,TGT,F I,1,92.42
2025-11-10,9:31:23.244282744,T,TGT,,100,92.44
2025-11-10,9:31:23.244297934,T,TGT,F I,36,92.5
2025-11-10,9:31:23.244297934,T,TGT,F I,1,92.5
2025-11-10,9:31:23.244348885,T,TGT,I,22,92.51
2025-11-10,9:31:23.244475182,T,TGT,I,36,92.49
2025-11-10,9:31:23.244478190,T,TGT,I,36,92.49
2025-11-10,9:31:23.244505834,T,TGT,I,1,92.49
2025-11-10,9:31:23.244523269,T,TGT,F I,36,92.5
2025-11-10,9:31:23.244661556,T,TGT,I,32,92.58
2025-11-10,9:31:23.244842571,T,TGT,I,55,92.58
2025-11-10,9:31:23.244947285,T,TGT,F I,32,92.55
2025-11-10,9:31:23.245422516,T,TGT,I,13,92.65
2025-11-10,9:31:23.245422516,T,TGT,I,99,92.65
2025-11-10,9:31:23.245425559,T,TGT,I,6,92.62
2025-11-10,9:31:23.245494563,T,TGT,F I,1,92.62
2025-11-10,9:31:23.245497640,T,TGT,F,100,92.62
2025-11-10,9:31:23.245711122,T,TGT,F I,99,92.62
2025-11-10,9:31:23.245729161,T,TGT,I,1,92.62
2025-11-10,9:31:23.248749001,T,TGT,I,17,92.63
2025-11-10,9:31:23.248749001,T,TGT,I,65,92.63
2025-11-10,9:31:23.248808423,T,TGT,F I,13,92.66
2025-11-10,9:31:23.249028256,T,TGT,I,13,92.65
2025-11-10,9:31:23.249028256,T,TGT,I,6,92.65
2025-11-10,9:31:23.287829746,T,TGT,F I,5,92.68
2025-11-10,9:31:23.287832728,T,TGT,F I,50,92.68
2025-11-10,9:31:23.287832728,T,TGT,F I,40,92.69
2025-11-10,9:31:23.288073037,T,TGT,F I,3,92.7
2025-11-10,9:31:23.288073037,T,TGT,F I,11,92.7
2025-11-10,9:31:23.288076083,T,TGT,F I,89,92.7
2025-11-10,9:31:23.288641368,T,TGT,,100,92.67
2025-11-10,9:31:23.318908452,T,TGT,F,100,92.755
2025-11-10,9:31:23.324724361,T,TGT,,300,92.755
2025-11-10,9:31:23.327081939,T,TGT,F I,1,92.85
2025-11-10,9:31:23.327085107,T,TGT,F I,50,92.85
2025-11-10,9:31:23.327085107,T,TGT,F,100,92.88
2025-11-10,9:31:23.327088300,T,TGT,F I,1,92.89
2025-11-10,9:31:23.327088300,T,TGT,F I,50,92.89
2025-11-10,9:31:23.344818839,T,TGT,,500,92.9
2025-11-10,9:31:23.344821445,T,TGT,I,8,92.9
2025-11-10,9:31:23.344821445,T,TGT,,100,92.9
2025-11-10,9:31:23.345754111,T,TGT,F I,1,93.0
2025-11-10,9:31:23.345754111,T,TGT,F I,1,93.0
2025-11-10,9:31:23.345756625,T,TGT,F I,4,93.0
2025-11-10,9:31:23.345759660,T,TGT,F I,6,93.0
2025-11-10,9:31:23.345759660,T,TGT,F I,50,93.0
2025-11-10,9:31:23.345762485,T,TGT,F,100,93.0
2025-11-10,9:31:23.345765507,T,TGT,F I,1,93.0
2025-11-10,9:31:23.345765507,T,TGT,F I,25,93.0
2025-11-10,9:31:23.346210564,T,TGT,F I,5,93.01
2025-11-10,9:31:23.346213544,T,TGT,F,200,93.01
2025-11-10,9:31:23.346258676,T,TGT,,100,92.99
2025-11-10,9:31:23.346412501,T,TGT,F,100,92.91
2025-11-10,9:31:23.346412501,T,TGT,F I,83,92.99
2025-11-10,9:31:23.346418010,T,TGT,F,100,92.99
2025-11-10,9:31:23.346418010,T,TGT,F I,7,92.99
2025-11-10,9:31:23.346421375,T,TGT,F,278,92.99
2025-11-10,9:31:23.346421375,T,TGT,F,100,92.99
2025-11-10,9:31:23.346424092,T,TGT,F I,8,92.99
2025-11-10,9:31:23.346442063,T,TGT,I,1,92.99
2025-11-10,9:31:23.346754879,T,TGT,F I,25,92.99
2025-11-10,9:31:23.346773223,T,TGT,F I,66,92.99
2025-11-10,9:31:23.346776720,T,TGT,F I,4,92.99
2025-11-10,9:31:23.346776720,T,TGT,F I,4,92.99
2025-11-10,9:31:23.346778994,T,TGT,F I,7,92.99
2025-11-10,9:31:23.496854391,T,TGT,F,100,93.0
2025-11-10,9:31:23.496869406,T,TGT,I,1,93.0
2025-11-10,9:31:24.217653637,T,TGT,F,100,93.0
2025-11-10,9:31:24.852183309,T,TGT,F I,45,92.99
2025-11-10,9:31:25.829460667,T,TGT,F I,7,93.02
2025-11-10,9:31:25.868271083,T,TGT,I,71,92.99
2025-11-10,9:31:25.868322269,T,TGT,F I,63,92.99
2025-11-10,9:31:25.868367344,T,TGT,F I,63,92.99
2025-11-10,9:31:25.868403395,T,TGT,F I,3,92.99
2025-11-10,9:31:28.747035504,T,TGT,F I,1,93.11
2025-11-10,9:31:28.747038521,T,TGT,F,128,93.11
2025-11-10,9:31:28.747041503,T,TGT,F I,22,93.11
2025-11-10,9:31:29.242056798,T,TGT,F I,63,93.105
2025-11-10,9:31:29.242077793,T,TGT,,170,93.105
2025-11-10,9:31:29.242107941,T,TGT,F I,63,93.105
2025-11-10,9:31:29.242138740,T,TGT,F I,4,93.105
2025-11-10,9:31:29.242141049,T,TGT,F I,59,93.105
2025-11-10,9:31:33.174345178,T,TGT,,100,93.105
2025-11-10,9:31:33.174411366,T,TGT,I,63,93.105
2025-11-10,9:31:33.174922532,T,TGT,I,63,93.105
2025-11-10,9:31:33.611559855,T,TGT,I,37,93.105
2025-11-10,9:31:33.664672353,T,TGT,I,14,93.105
2025-11-10,9:31:33.678520356,T,TGT,F I,63,93.105
2025-11-10,9:31:33.678766986,T,TGT,I,1,93.105
2025-11-10,9:31:34.470523249,T,TGT,,144,93.155
2025-11-10,9:31:34.470745730,T,TGT,I,40,93.23
2025-11-10,9:31:34.470821026,T,TGT,F I,37,93.2
2025-11-10,9:31:34.470821026,T,TGT,F I,4,93.2
2025-11-10,9:31:34.470848150,T,TGT,I,17,93.2
2025-11-10,9:31:34.470866263,T,TGT,I,4,93.2
2025-11-10,9:31:34.470866263,T,TGT,I,13,93.2
2025-11-10,9:31:34.470893067,T,TGT,I,56,93.19
2025-11-10,9:31:34.470962853,T,TGT,F,100,93.19
2025-11-10,9:31:34.470962853,T,TGT,F I,4,93.19
2025-11-10,9:31:34.470965496,T,TGT,F I,24,93.2
2025-11-10,9:31:34.470968684,T,TGT,F I,1,93.2
2025-11-10,9:31:34.470968684,T,TGT,F,100,93.23
2025-11-10,9:31:34.470971795,T,TGT,F I,50,93.23
2025-11-10,9:31:34.470974660,T,TGT,F,200,93.24
2025-11-10,9:31:34.470974660,T,TGT,F I,50,93.24
2025-11-10,9:31:34.471025374,T,TGT,F I,4,93.2
2025-11-10,9:31:34.471055439,T,TGT,F I,56,93.2
2025-11-10,9:31:34.471175750,T,TGT,F I,37,93.2
2025-11-10,9:31:34.471179148,T,TGT,F I,3,93.2
2025-11-10,9:31:34.471199809,T,TGT,I,40,93.2
2025-11-10,9:31:34.471203448,T,TGT,I,60,93.2
2025-11-10,9:31:34.471227190,T,TGT,I,15,93.2
2025-11-10,9:31:34.471231361,T,TGT,I,56,93.2
2025-11-10,9:31:34.471231361,T,TGT,I,4,93.2
2025-11-10,9:31:34.471235932,T,TGT,I,15,93.2
2025-11-10,9:31:34.471235932,T,TGT,I,17,93.2
2025-11-10,9:31:34.471235932,T,TGT,I,56,93.2
2025-11-10,9:31:34.471241996,T,TGT,I,56,93.2
2025-11-10,9:31:34.471241996,T,TGT,I,33,93.2
2025-11-10,9:31:34.471241996,T,TGT,I,22,93.2
2025-11-10,9:31:34.471245268,T,TGT,I,1,93.2
2025-11-10,9:31:34.471248623,T,TGT,F I,36,93.2
2025-11-10,9:31:34.471248623,T,TGT,F I,37,93.2
2025-11-10,9:31:34.471251317,T,TGT,F I,3,93.2
2025-11-10,9:31:34.471482891,T,TGT,I,3,93.2
2025-11-10,9:31:34.471482891,T,TGT,I,36,93.2
2025-11-10,9:31:34.471482891,T,TGT,I,52,93.2
2025-11-10,9:31:34.471605813,T,TGT,I,1,93.2
2025-11-10,9:31:34.471614791,T,TGT,I,49,93.2
2025-11-10,9:31:34.472668069,T,TGT,F,300,93.29
2025-11-10,9:31:34.472668069,T,TGT,F I,50,93.29
2025-11-10,9:31:34.472670382,T,TGT,F,100,93.29
2025-11-10,9:31:34.472949959,T,TGT,,100,93.25
2025-11-10,9:31:34.473112638,T,TGT,F I,25,93.25
2025-11-10,9:31:34.473115578,T,TGT,F I,29,93.25
2025-11-10,9:31:34.473118440,T,TGT,F I,21,93.25
2025-11-10,9:31:34.473121438,T,TGT,F I,35,93.25
2025-11-10,9:31:34.473139422,T,TGT,I,1,93.25
2025-11-10,9:31:34.473242044,T,TGT,F I,64,93.25
2025-11-10,9:31:34.473244670,T,TGT,F I,11,93.25
2025-11-10,9:31:34.473286771,T,TGT,F,100,93.25
2025-11-10,9:31:34.473307863,T,TGT,I,14,93.25
2025-11-10,9:31:34.474871615,T,TGT,F I,62,93.28
2025-11-10,9:31:34.474874557,T,TGT,F I,1,93.29
2025-11-10,9:31:34.481969040,T,TGT,I,50,93.22
2025-11-10,9:31:34.492857892,T,TGT,F I,50,93.31
2025-11-10,9:31:34.492860740,T,TGT,F I,50,93.31
2025-11-10,9:31:34.492860740,T,TGT,F,100,93.31
2025-11-10,9:31:34.492900005,T,TGT,F I,25,93.31
2025-11-10,9:31:34.492900005,T,TGT,F,161,93.27
2025-11-10,9:31:34.492905560,T,TGT,F I,14,93.27
2025-11-10,9:31:34.492914970,T,TGT,F I,14,93.27
2025-11-10,9:31:34.492924239,T,TGT,F I,11,93.27
2025-11-10,9:31:34.493284419,T,TGT,I,12,93.27
2025-11-10,9:31:34.493401751,T,TGT,F I,25,93.22
2025-11-10,9:31:34.494145106,T,TGT,F,100,93.21
2025-11-10,9:31:34.494145106,T,TGT,F,124,93.22
2025-11-10,9:31:34.494147556,T,TGT,F I,14,93.22
2025-11-10,9:31:34.494151109,T,TGT,F I,25,93.22
2025-11-10,9:31:34.494151109,T,TGT,F I,14,93.22
2025-11-10,9:31:34.494153482,T,TGT,F,200,93.22
2025-11-10,9:31:34.494157244,T,TGT,F I,11,93.22
2025-11-10,9:31:34.494157244,T,TGT,F,200,93.22
2025-11-10,9:31:34.494164183,T,TGT,F I,25,93.22
2025-11-10,9:31:34.494164183,T,TGT,F,100,93.22
2025-11-10,9:31:34.494164183,T,TGT,F,200,93.22
2025-11-10,9:31:34.494165601,T,TGT,F,128,93.22
2025-11-10,9:31:34.494168768,T,TGT,F I,50,93.22
2025-11-10,9:31:34.494721900,T,TGT,F,100,93.22
2025-11-10,9:31:34.495296251,T,TGT,F,100,93.23
2025-11-10,9:31:34.495299204,T,TGT,F,100,93.23
2025-11-10,9:31:34.495888714,T,TGT,I,50,93.29
2025-11-10,9:31:34.496372789,T,TGT,F I,5,93.24
2025-11-10,9:31:34.496393880,T,TGT,F,195,93.24
2025-11-10,9:31:34.496568294,T,TGT,F I,50,93.32
2025-11-10,9:31:34.496568294,T,TGT,F I,50,93.32
2025-11-10,9:31:34.506347561,T,TGT,I,10,93.22
2025-11-10,9:31:34.506353601,T,TGT,F I,10,93.22
2025-11-10,9:31:34.506461802,T,TGT,,100,93.22
2025-11-10,9:31:34.506482933,T,TGT,I,1,93.22
2025-11-10,9:31:34.506489604,T,TGT,I,89,93.22
2025-11-10,9:31:34.506492670,T,TGT,I,75,93.22
2025-11-10,9:31:34.506497895,T,TGT,I,75,93.22
2025-11-10,9:31:34.506497895,T,TGT,,600,93.22
2025-11-10,9:31:34.506497895,T,TGT,,100,93.22
2025-11-10,9:31:34.506497895,T,TGT,,100,93.22
2025-11-10,9:31:34.506570063,T,TGT,F,100,93.35
2025-11-10,9:31:34.506570063,T,TGT,F I,50,93.35
2025-11-10,9:31:34.506615562,T,TGT,F I,61,93.28
2025-11-10,9:31:34.506711493,T,TGT,F I,24,93.23
2025-11-10,9:31:34.507358165,T,TGT,F I,61,93.29
2025-11-10,9:31:34.507358165,T,TGT,F I,13,93.29
2025-11-10,9:31:34.507360959,T,TGT,F I,24,93.33
2025-11-10,9:31:34.526342818,T,TGT,F,100,93.39
2025-11-10,9:31:34.526342818,T,TGT,F I,7,93.4
2025-11-10,9:31:34.526826512,T,TGT,F I,1,93.4
2025-11-10,9:31:34.526829326,T,TGT,F I,22,93.4
2025-11-10,9:31:34.527229365,T,TGT,F I,78,93.4
2025-11-10,9:31:34.527232353,T,TGT,F,100,93.4
2025-11-10,9:31:34.534103731,T,TGT,F I,1,93.43
2025-11-10,9:31:34.534103731,T,TGT,F I,4,93.43
2025-11-10,9:31:34.534148785,T,TGT,F I,37,93.36
2025-11-10,9:31:34.534981768,T,TGT,F I,25,93.4
2025-11-10,9:31:34.534985096,T,TGT,F I,9,93.43
2025-11-10,9:31:34.534985096,T,TGT,F I,37,93.43
2025-11-10,9:31:34.534987822,T,TGT,F I,25,93.43
2025-11-10,9:31:34.534990792,T,TGT,F I,25,93.43
2025-11-10,9:31:34.535023907,T,TGT,I,25,93.38
2025-11-10,9:31:34.535459981,T,TGT,F I,25,93.38
2025-11-10,9:31:34.535459981,T,TGT,F I,25,93.38
2025-11-10,9:31:34.535462943,T,TGT,F I,22,93.38
2025-11-10,9:31:34.535874903,T,TGT,F,100,93.42
2025-11-10,9:31:34.535877904,T,TGT,F I,28,93.42
2025-11-10,9:31:36.944508347,T,TGT,F I,10,93.36
2025-11-10,9:31:43.812453438,T,TGT,I,2,93.16
2025-11-10,9:31:43.812456614,T,TGT,I,39,93.16
2025-11-10,9:31:43.812507603,T,TGT,I,15,93.22
2025-11-10,9:31:43.812631003,T,TGT,I,25,93.22
2025-11-10,9:31:43.812631003,T,TGT,I,3,93.23
2025-11-10,9:31:43.812633867,T,TGT,I,25,93.23
2025-11-10,9:31:43.812736113,T,TGT,F I,3,93.22
2025-11-10,9:31:43.812748183,T,TGT,I,10,93.25
2025-11-10,9:31:43.813178339,T,TGT,F I,25,93.24
2025-11-10,9:31:43.836763396,T,TGT,,100,93.22
2025-11-10,9:31:43.836814534,T,TGT,,100,93.22
2025-11-10,9:31:44.792401081,T,TGT,I,81,93.255
2025-11-10,9:31:44.865324939,T,TGT,F I,25,93.19
2025-11-10,9:31:44.866169827,T,TGT,F I,74,93.14
2025-11-10,9:31:44.866205956,T,TGT,F I,26,93.14
2025-11-10,9:31:44.866233062,T,TGT,I,22,93.18
2025-11-10,9:31:44.866410769,T,TGT,F I,1,93.14
2025-11-10,9:31:44.866413488,T,TGT,F I,21,93.14
2025-11-10,9:31:44.866678043,T,TGT,F I,22,93.09
2025-11-10,9:31:47.480228634,T,TGT,,100,92.89
2025-11-10,9:31:47.480231605,T,TGT,I,30,92.89
2025-11-10,9:31:49.477054900,T,TGT,I,25,92.8
2025-11-10,9:31:52.116199433,T,TGT,F I,10,92.74
2025-11-10,9:31:53.388374269,T,TGT,,100,92.63
2025-11-10,9:31:54.764807515,T,TGT,I,9,92.59
2025-11-10,9:32:02.884160849,T,TGT,I,47,92.5
2025-11-10,9:32:02.884166145,T,TGT,I,53,92.5
2025-11-10,9:32:02.884184209,T,TGT,F I,47,92.5
2025-11-10,9:32:02.884184209,T,TGT,I,10,92.5
2025-11-10,9:32:02.884412721,T,TGT,I,22,92.54
2025-11-10,9:32:02.884415852,T,TGT,I,50,92.54
2025-11-10,9:32:02.884478872,T,TGT,F,100,92.54
2025-11-10,9:32:02.884493901,T,TGT,F I,40,92.54
2025-11-10,9:32:02.884499904,T,TGT,,100,92.54
2025-11-10,9:32:02.884509266,T,TGT,I,16,92.55
2025-11-10,9:32:02.884572056,T,TGT,F I,33,92.52
2025-11-10,9:32:02.884659303,T,TGT,I,50,92.54
2025-11-10,9:32:02.884737512,T,TGT,F I,25,92.54
2025-11-10,9:32:02.884776669,T,TGT,F I,25,92.54
2025-11-10,9:32:02.884779737,T,TGT,F I,22,92.53
2025-11-10,9:32:02.884779737,T,TGT,F I,10,92.53
2025-11-10,9:32:02.884783204,T,TGT,F,275,92.53
2025-11-10,9:32:02.884792298,T,TGT,I,25,92.53
2025-11-10,9:32:02.884792298,T,TGT,,100,92.53
2025-11-10,9:32:02.884794678,T,TGT,,100,92.53
2025-11-10,9:32:02.884806681,T,TGT,I,1,92.53
2025-11-10,9:32:02.884884891,T,TGT,I,16,92.545
2025-11-10,9:32:02.884899831,T,TGT,F I,2,92.53
2025-11-10,9:32:02.885059219,T,TGT,I,11,92.56
2025-11-10,9:32:02.885217089,T,TGT,,100,92.56
2025-11-10,9:32:02.885217089,T,TGT,I,11,92.56
2025-11-10,9:32:02.885222349,T,TGT,I,15,92.56
2025-11-10,9:32:02.885222349,T,TGT,I,34,92.56
2025-11-10,9:32:02.885225383,T,TGT,,152,92.56
2025-11-10,9:32:02.885228111,T,TGT,,100,92.56
2025-11-10,9:32:02.885228111,T,TGT,F I,49,92.56
2025-11-10,9:32:02.885278834,T,TGT,F,300,92.59
2025-11-10,9:32:02.885765922,T,TGT,F,100,92.59
2025-11-10,9:32:02.896838267,T,TGT,I,80,92.59
2025-11-10,9:32:02.896859444,T,TGT,F I,20,92.59
2025-11-10,9:32:02.896862538,T,TGT,F,779,92.59
2025-11-10,9:32:02.896862538,T,TGT,F,100,92.59
2025-11-10,9:32:02.896865642,T,TGT,F,100,92.59
2025-11-10,9:32:02.896868567,T,TGT,F I,1,92.59
2025-11-10,9:32:02.896871407,T,TGT,F I,4,92.59
2025-11-10,9:32:04.352724039,T,TGT,I,75,92.55
2025-11-10,9:32:04.352724039,T,TGT,,127,92.55
2025-11-10,9:32:04.352768908,T,TGT,I,75,92.545
2025-11-10,9:32:04.352781005,T,TGT,I,23,92.545
2025-11-10,9:32:04.816094808,T,TGT,I,8,92.55
2025-11-10,9:32:05.263954776,T,TGT,F I,5,92.59
2025-11-10,9:32:05.263954776,T,TGT,F I,50,92.59
2025-11-10,9:32:10.001399289,T,TGT,I,5,92.54
2025-11-10,9:32:13.915497246,T,TGT,F,100,92.6
2025-11-10,9:32:17.794279083,T,TGT,F I,15,92.66
2025-11-10,9:32:18.316479194,T,TGT,F I,34,92.58
2025-11-10,9:32:18.316533335,T,TGT,I,60,92.58
2025-11-10,9:32:18.316563403,T,TGT,I,6,92.58
2025-11-10,9:32:18.361794308,T,TGT,I,1,92.52
2025-11-10,9:32:18.380588956,T,TGT,F I,50,92.56
2025-11-10,9:32:18.380591916,T,TGT,F I,6,92.56
2025-11-10,9:32:21.245790967,T,TGT,,100,92.535
2025-11-10,9:32:21.354626328,T,TGT,,100,92.535
2025-11-10,9:32:22.875433525,T,TGT,F I,10,92.47
2025-11-10,9:32:23.670085751,T,TGT,F I,5,92.52
2025-11-10,9:32:23.670104104,T,TGT,F I,45,92.52
2025-11-10,9:32:23.670106777,T,TGT,F,100,92.52
2025-11-10,9:32:35.234635240,T,TGT,I,10,92.42
2025-11-10,9:32:35.239927832,T,TGT,F,100,92.37
2025-11-10,9:32:42.496522026,T,TGT,F,100,92.41
2025-11-10,9:32:45.782486559,T,TGT,I,5,92.23
2025-11-10,9:32:45.782549719,T,TGT,,100,92.23
2025-11-10,9:32:45.782859480,T,TGT,,100,92.23
2025-11-10,9:32:45.782862572,T,TGT,,100,92.23
2025-11-10,9:32:45.782862572,T,TGT,I,50,92.24
2025-11-10,9:32:45.782883448,T,TGT,F,100,92.24
2025-11-10,9:32:45.799597308,T,TGT,F,100,92.16
2025-11-10,9:32:45.799600350,T,TGT,F,100,92.16
2025-11-10,9:32:45.799804840,T,TGT,,100,92.17
2025-11-10,9:32:45.799804840,T,TGT,I,50,92.18
2025-11-10,9:32:56.646135314,T,TGT,F I,50,92.115
2025-11-10,9:32:56.646138149,T,TGT,F I,25,92.115
2025-11-10,9:32:56.646150238,T,TGT,F I,50,92.1
2025-11-10,9:32:56.648126572,T,TGT,F I,71,92.12
2025-11-10,9:32:56.648180589,T,TGT,I,25,92.1
2025-11-10,9:32:56.648180589,T,TGT,I,37,92.1
2025-11-10,9:32:56.648186062,T,TGT,I,19,92.1
2025-11-10,9:32:56.648186062,T,TGT,I,34,92.1
2025-11-10,9:32:56.648204113,T,TGT,I,34,92.1
2025-11-10,9:32:56.648673920,T,TGT,I,34,92.1
2025-11-10,9:32:56.648673920,T,TGT,I,8,92.1
2025-11-10,9:32:56.648676188,T,TGT,I,6,92.1
2025-11-10,9:32:56.789637073,T,TGT,I,75,92.115
2025-11-10,9:32:56.789688193,T,TGT,I,44,92.115
2025-11-10,9:32:56.793901195,T,TGT,I,31,92.115
2025-11-10,9:32:59.731437575,T,TGT,I,48,92.1
2025-11-10,9:32:59.731458745,T,TGT,I,2,92.1
2025-11-10,9:32:59.731458745,T,TGT,I,98,92.1
2025-11-10,9:32:59.731461743,T,TGT,I,1,92.1
2025-11-10,9:32:59.731479716,T,TGT,I,1,92.1
2025-11-10,9:32:59.731651088,T,TGT,I,26,92.09
2025-11-10,9:32:59.732282646,T,TGT,I,26,92.1
2025-11-10,9:33:00.267248075,T,TGT,,100,92.08
2025-11-10,9:33:10.213915997,T,TGT,F I,5,92.15
2025-11-10,9:33:10.213915997,T,TGT,F I,25,92.15
2025-11-10,9:33:10.214385164,T,TGT,I,50,92.18
2025-11-10,9:33:10.214397154,T,TGT,I,50,92.18
2025-11-10,9:33:10.230142707,T,TGT,F I,75,92.19
2025-11-10,9:33:10.230145832,T,TGT,F,100,92.19
2025-11-10,9:33:10.230145832,T,TGT,F,100,92.2
2025-11-10,9:33:10.230148639,T,TGT,F I,50,92.2
2025-11-10,9:33:10.230151701,T,TGT,F I,1,92.2
2025-11-10,9:33:10.230163749,T,TGT,I,1,92.2
2025-11-10,9:33:10.230205847,T,TGT,F I,48,92.2
2025-11-10,9:33:10.230208929,T,TGT,F,100,92.2
2025-11-10,9:33:10.230208929,T,TGT,F I,25,92.2
2025-11-10,9:33:10.230626847,T,TGT,I,32,92.19
2025-11-10,9:33:14.251677470,T,TGT,F,100,92.15
2025-11-10,9:33:17.951145092,T,TGT,I,25,92.14
2025-11-10,9:33:17.951145092,T,TGT,I,75,92.14
2025-11-10,9:33:17.951545319,T,TGT,F I,50,92.15
2025-11-10,9:33:17.951548115,T,TGT,F I,51,92.15
2025-11-10,9:33:18.329124683,T,TGT,F I,5,92.2
2025-11-10,9:33:18.329127721,T,TGT,F,100,92.2
2025-11-10,9:33:18.736679605,T,TGT,F,100,92.24
2025-11-10,9:33:18.736679605,T,TGT,F,100,92.24
2025-11-10,9:33:18.736730719,T,TGT,F I,12,92.26
2025-11-10,9:33:18.797012378,T,TGT,I,50,92.27
2025-11-10,9:33:32.262089819,T,TGT,I,50,92.275
2025-11-10,9:33:32.262089819,T,TGT,I,25,92.275
2025-11-10,9:33:32.262928749,T,TGT,I,21,92.275
2025-11-10,9:33:32.262940762,T,TGT,I,54,92.275
2025-11-10,9:33:34.796359501,T,TGT,I,7,92.29
2025-11-10,9:33:34.806959748,T,TGT,F I,13,92.35
2025-11-10,9:33:34.806959748,T,TGT,F I,87,92.39
2025-11-10,9:33:42.168356606,T,TGT,F I,14,92.24
2025-11-10,9:33:42.168359710,T,TGT,F I,50,92.24
2025-11-10,9:33:42.168458784,T,TGT,F I,50,92.24
2025-11-10,9:33:42.169225649,T,TGT,F I,73,92.25
2025-11-10,9:33:44.025999313,T,TGT,F,250,92.27
2025-11-10,9:33:52.083217890,T,TGT,F I,49,92.24
2025-11-10,9:33:53.508962617,T,TGT,,100,92.235
2025-11-10,9:33:56.628200924,T,TGT,F I,1,92.23
2025-11-10,9:33:56.628471642,T,TGT,I,9,92.215
2025-11-10,9:33:56.628514213,T,TGT,F I,2,92.19
2025-11-10,9:33:56.629331710,T,TGT,F I,1,92.19
2025-11-10,9:33:56.629334686,T,TGT,F I,1,92.19
2025-11-10,9:33:56.629424862,T,TGT,F I,25,92.18
2025-11-10,9:33:57.440132336,T,TGT,F I,21,92.19
2025-11-10,9:33:57.440135432,T,TGT,F I,50,92.19
2025-11-10,9:33:57.440135432,T,TGT,F I,14,92.19
2025-11-10,9:34:01.079050745,T,TGT,F I,3,92.21
2025-11-10,9:34:01.079053716,T,TGT,F,100,92.21
2025-11-10,9:34:01.079056764,T,TGT,F I,50,92.21
2025-11-10,9:34:01.079056764,T,TGT,F I,25,92.21
2025-11-10,9:34:01.080446094,T,TGT,,100,92.21
2025-11-10,9:34:01.755443188,T,TGT,I,25,92.25
2025-11-10,9:34:02.140690980,T,TGT,F I,13,92.27
2025-11-10,9:34:02.141419246,T,TGT,I,14,92.27
2025-11-10,9:34:02.141421744,T,TGT,I,16,92.27
2025-11-10,9:34:02.364703732,T,TGT,,100,92.25
2025-11-10,9:34:02.522152832,T,TGT,,100,92.225
2025-11-10,9:34:02.525000553,T,TGT,,100,92.225
2025-11-10,9:34:12.324924984,T,TGT,F,100,92.27
2025-11-10,9:34:12.324928325,T,TGT,F I,50,92.27
2025-11-10,9:34:12.324928325,T,TGT,F I,5,92.27
2025-11-10,9:34:12.325730850,T,TGT,I,10,92.31
2025-11-10,9:34:12.325733914,T,TGT,I,90,92.31
2025-11-10,9:34:12.325920324,T,TGT,I,10,92.31
2025-11-10,9:34:12.325944406,T,TGT,,190,92.28
2025-11-10,9:34:12.391341219,T,TGT,F,100,92.46
2025-11-10,9:34:12.402440591,T,TGT,F,100,92.47
2025-11-10,9:34:14.056176387,T,TGT,F,100,92.47
2025-11-10,9:34:14.063544028,T,TGT,F I,1,92.47
2025-11-10,9:34:14.063547066,T,TGT,F,299,92.44
2025-11-10,9:34:14.063549996,T,TGT,F I,1,92.44
2025-11-10,9:34:23.072247384,T,TGT,F,100,92.42
2025-11-10,9:34:23.072250464,T,TGT,F,100,92.42
2025-11-10,9:34:23.087271266,T,TGT,F I,54,92.51
2025-11-10,9:34:25.763818935,T,TGT,I,10,92.52
2025-11-10,9:34:25.969190154,T,TGT,I,10,92.52
2025-11-10,9:34:30.369781106,T,TGT,F I,34,92.5
2025-11-10,9:34:31.178164477,T,TGT,F I,10,92.46
2025-11-10,9:34:31.178167106,T,TGT,F I,10,92.46
2025-11-10,9:34:31.178744457,T,TGT,F I,9,92.41
2025-11-10,9:34:38.704930998,T,TGT,I,10,92.295
2025-11-10,9:34:39.625917172,T,TGT,I,50,92.36
2025-11-10,9:34:39.625968266,T,TGT,I,23,92.36
2025-11-10,9:34:40.539093682,T,TGT,F,100,92.18
2025-11-10,9:34:40.539102688,T,TGT,F I,10,92.18
2025-11-10,9:34:40.539189966,T,TGT,F I,5,92.17
2025-11-10,9:34:40.539376507,T,TGT,F I,5,92.16
2025-11-10,9:34:40.539379418,T,TGT,F I,5,92.16
2025-11-10,9:34:40.543204468,T,TGT,,100,92.115
2025-11-10,9:34:52.218877647,T,TGT,I,75,92.1
2025-11-10,9:34:52.218922792,T,TGT,I,25,92.1
2025-11-10,9:35:01.763791551,T,TGT,F I,22,92.16
2025-11-10,9:35:01.763794584,T,TGT,F I,78,92.16
2025-11-10,9:35:01.763812606,T,TGT,I,1,92.16
2025-11-10,9:35:05.910187172,T,TGT,F I,25,92.02
2025-11-10,9:35:05.910190008,T,TGT,F I,2,92.0
2025-11-10,9:35:05.910190008,T,TGT,F I,7,92.0
2025-11-10,9:35:05.910193204,T,TGT,F I,45,92.0
2025-11-10,9:35:05.910193204,T,TGT,F I,17,92.0
2025-11-10,9:35:05.910196428,T,TGT,F I,1,92.0
2025-11-10,9:35:05.910196428,T,TGT,F I,6,92.0
2025-11-10,9:35:05.910199018,T,TGT,F I,1,92.0
2025-11-10,9:35:05.910854622,T,TGT,I,50,92.02
2025-11-10,9:35:07.414287313,T,TGT,F,300,92.0
2025-11-10,9:35:07.414287313,T,TGT,F I,75,92.0
2025-11-10,9:35:07.414289437,T,TGT,F,127,91.98
2025-11-10,9:35:07.414292414,T,TGT,F I,98,91.97
2025-11-10,9:35:08.182349233,T,TGT,F I,54,92.05
2025-11-10,9:35:08.182349233,T,TGT,F,100,92.05
2025-11-10,9:35:24.108775726,T,TGT,F,200,92.1
2025-11-10,9:35:24.108781514,T,TGT,F I,22,92.1
2025-11-10,9:35:24.108790434,T,TGT,F I,78,92.1
2025-11-10,9:35:24.108790434,T,TGT,F I,50,92.1
2025-11-10,9:35:24.109313842,T,TGT,F I,5,92.14
2025-11-10,9:35:24.144801177,T,TGT,F,100,92.13
2025-11-10,9:35:24.149862321,T,TGT,F,100,92.14
2025-11-10,9:35:24.160609935,T,TGT,F,100,92.14
2025-11-10,9:35:27.715559169,T,TGT,F I,8,92.15
2025-11-10,9:35:27.715643381,T,TGT,F I,7,92.15
2025-11-10,9:35:27.715719122,T,TGT,F I,2,92.15
2025-11-10,9:35:27.750607637,T,TGT,I,10,92.2
2025-11-10,9:35:27.755142449,T,TGT,F I,50,92.11
2025-11-10,9:35:29.587795671,T,TGT,F I,2,92.17
2025-11-10,9:35:30.124081263,T,TGT,F I,10,92.16
2025-11-10,9:35:36.843674175,T,TGT,F,100,92.2
2025-11-10,9:35:36.848879603,T,TGT,F,100,92.21
2025-11-10,9:35:36.849270552,T,TGT,F I,25,92.17
2025-11-10,9:35:36.849273808,T,TGT,F I,54,92.16
2025-11-10,9:35:36.849276616,T,TGT,F I,46,92.16
2025-11-10,9:35:36.849276616,T,TGT,F I,52,92.15
2025-11-10,9:35:36.849286131,T,TGT,F I,48,92.15
2025-11-10,9:35:36.849288503,T,TGT,F I,77,92.15
2025-11-10,9:35:40.107977986,T,TGT,F I,25,92.09
2025-11-10,9:35:40.858963119,T,TGT,I,63,92.105
2025-11-10,9:35:50.852885729,T,TGT,F I,1,92.03
2025-11-10,9:35:50.852888721,T,TGT,F I,1,92.03
2025-11-10,9:35:50.852909902,T,TGT,I,5,92.03
2025-11-10,9:35:50.852921845,T,TGT,F I,50,92.03
2025-11-10,9:35:50.853008969,T,TGT,F I,44,92.03
2025-11-10,9:35:50.856301842,T,TGT,I,5,92.0
2025-11-10,9:35:50.859336051,T,TGT,I,75,91.95
2025-11-10,9:35:50.859339117,T,TGT,I,25,91.95
2025-11-10,9:35:50.859976578,T,TGT,,100,91.95
2025-11-10,9:35:56.198321742,T,TGT,I,10,91.945
2025-11-10,9:35:58.102406980,T,TGT,F I,10,91.87
2025-11-10,9:35:58.102434149,T,TGT,I,1,91.87
2025-11-10,9:35:58.103417384,T,TGT,F I,1,91.89
2025-11-10,9:35:58.103456908,T,TGT,I,76,91.89
2025-11-10,9:35:58.103474911,T,TGT,F,127,91.875
2025-11-10,9:35:58.103474911,T,TGT,F I,25,91.875
2025-11-10,9:35:58.103481001,T,TGT,F I,89,91.87
2025-11-10,9:35:58.103481001,T,TGT,F I,1,91.87
2025-11-10,9:35:58.103495644,T,TGT,I,1,91.88
2025-11-10,9:35:58.103591908,T,TGT,I,12,91.87
2025-11-10,9:35:58.103808747,T,TGT,F I,1,91.89
2025-11-10,9:35:58.103808747,T,TGT,F I,29,91.89
2025-11-10,9:35:58.103985868,T,TGT,I,29,91.89
2025-11-10,9:35:58.104097094,T,TGT,F I,11,91.89
2025-11-10,9:36:02.337387497,T,TGT,F I,48,91.96
2025-11-10,9:36:02.337399505,T,TGT,F I,52,91.96
2025-11-10,9:36:02.337399505,T,TGT,F I,34,91.96
2025-11-10,9:36:02.337444633,T,TGT,F,100,91.98
2025-11-10,9:36:06.167146538,T,TGT,F I,22,92.08
2025-11-10,9:36:06.168171964,T,TGT,F I,22,92.08
2025-11-10,9:36:06.168235163,T,TGT,F I,9,92.08
2025-11-10,9:36:06.372181088,T,TGT,F I,10,92.09
2025-11-10,9:36:06.372181088,T,TGT,F I,13,92.09
2025-11-10,9:36:12.302699981,T,TGT,I,10,92.135
2025-11-10,9:36:17.551425759,T,TGT,I,50,92.11
2025-11-10,9:36:17.551425759,T,TGT,I,25,92.12
2025-11-10,9:36:17.551428594,T,TGT,I,25,92.13
2025-11-10,9:36:17.551777421,T,TGT,I,25,92.1
2025-11-10,9:36:17.604983230,T,TGT,,100,92.17
2025-11-10,9:36:18.549280804,T,TGT,,100,92.18
2025-11-10,9:36:18.549283858,T,TGT,I,5,92.16
2025-11-10,9:36:28.964891994,T,TGT,,100,92.05
2025-11-10,9:36:28.972647443,T,TGT,I,27,92.05
2025-11-10,9:36:28.972671549,T,TGT,F I,63,92.055
2025-11-10,9:36:28.972719751,T,TGT,F I,10,92.055
2025-11-10,9:36:34.224997050,T,TGT,F I,2,91.99
2025-11-10,9:36:34.225426874,T,TGT,F,100,91.98
2025-11-10,9:36:40.586866610,T,TGT,F,100,91.94
2025-11-10,9:36:40.586866610,T,TGT,F,100,91.93
2025-11-10,9:36:40.586869576,T,TGT,F,137,91.93
2025-11-10,9:36:40.586872608,T,TGT,F,100,91.93
2025-11-10,9:36:40.598561569,T,TGT,,200,91.92
2025-11-10,9:36:45.447734083,T,TGT,I,10,91.875
2025-11-10,9:36:47.550265421,T,TGT,F I,10,91.77
2025-11-10,9:36:47.654120794,T,TGT,,100,91.81
2025-11-10,9:36:53.395101075,T,TGT,,100,91.88
2025-11-10,9:36:53.395104046,T,TGT,,108,91.88
2025-11-10,9:36:53.416091595,T,TGT,F I,2,91.94
2025-11-10,9:36:53.617228364,T,TGT,I,10,91.9
2025-11-10,9:36:53.617228364,T,TGT,I,20,91.9
2025-11-10,9:37:00.010194932,T,TGT,F I,50,91.94
2025-11-10,9:37:00.010303218,T,TGT,F I,1,91.95
2025-11-10,9:37:00.010438766,T,TGT,F I,2,91.96
2025-11-10,9:37:00.044975834,T,TGT,,100,91.98
2025-11-10,9:37:07.947214078,T,TGT,I,10,91.96
2025-11-10,9:37:08.152275610,T,TGT,F I,60,91.98
2025-11-10,9:37:10.418817439,T,TGT,F I,60,91.96
2025-11-10,9:37:13.083947620,T,TGT,I,29,91.99
2025-11-10,9:37:13.083964984,T,TGT,F I,21,91.99
2025-11-10,9:37:13.084277715,T,TGT,I,4,92.0
2025-11-10,9:37:13.084277715,T,TGT,I,10,92.0
2025-11-10,9:37:13.084870217,T,TGT,I,18,91.99
2025-11-10,9:37:13.401046417,T,TGT,F I,15,92.0
2025-11-10,9:37:15.872409161,T,TGT,F,100,92.03
2025-11-10,9:37:15.878700083,T,TGT,F I,60,92.04
2025-11-10,9:37:15.878700083,T,TGT,F I,40,92.04
2025-11-10,9:37:15.890145350,T,TGT,I,25,92.02
2025-11-10,9:37:15.890148464,T,TGT,I,10,92.02
2025-11-10,9:37:15.948655852,T,TGT,F,100,92.04
2025-11-10,9:37:28.193870695,T,TGT,I,15,92.03
2025-11-10,9:37:29.397376933,T,TGT,F I,1,92.03
2025-11-10,9:37:37.316097812,T,TGT,,100,92.04
2025-11-10,9:37:37.316097812,T,TGT,,100,92.05
2025-11-10,9:37:37.316097812,T,TGT,,453,92.05
2025-11-10,9:37:37.316112678,T,TGT,I,1,92.05
2025-11-10,9:37:37.316136564,T,TGT,I,99,92.05
2025-11-10,9:37:37.316632815,T,TGT,F I,37,92.05
2025-11-10,9:37:37.316738127,T,TGT,F I,6,92.05
2025-11-10,9:37:37.317180798,T,TGT,I,25,92.05
2025-11-10,9:37:37.317396645,T,TGT,I,25,92.06
2025-11-10,9:37:37.317405684,T,TGT,I,7,92.06
2025-11-10,9:37:37.317409311,T,TGT,I,7,92.06
2025-11-10,9:37:37.317411661,T,TGT,I,7,92.06
2025-11-10,9:37:37.317414920,T,TGT,I,4,92.06
2025-11-10,9:37:37.317417639,T,TGT,F I,25,92.06
2025-11-10,9:37:37.317462733,T,TGT,I,36,92.07
2025-11-10,9:37:44.620042462,T,TGT,F I,13,92.08
2025-11-10,9:37:44.663439021,T,TGT,I,16,92.05
2025-11-10,9:37:45.336123484,T,TGT,F I,50,92.01
2025-11-10,9:37:45.336126458,T,TGT,F I,76,92.01
2025-11-10,9:37:45.336598647,T,TGT,F I,60,92.0
2025-11-10,9:37:45.336869250,T,TGT,F I,9,92.0
2025-11-10,9:37:45.337160972,T,TGT,I,9,91.98
2025-11-10,9:37:45.337160972,T,TGT,I,9,91.98
2025-11-10,9:37:45.337179556,T,TGT,I,9,91.98
2025-11-10,9:37:48.851544426,T,TGT,F I,1,91.95
2025-11-10,9:37:49.095794591,T,TGT,I,60,91.98
2025-11-10,9:37:49.095812598,T,TGT,F I,1,91.95
2025-11-10,9:37:49.095869763,T,TGT,F I,25,91.96
2025-11-10,9:37:49.095869763,T,TGT,F I,1,91.96
2025-11-10,9:37:49.095873730,T,TGT,F I,26,91.96
2025-11-10,9:37:49.227382045,T,TGT,F I,1,91.95
2025-11-10,9:37:49.227454310,T,TGT,F I,1,91.95
2025-11-10,9:37:49.227863257,T,TGT,F I,1,91.95
2025-11-10,9:37:49.227887269,T,TGT,F I,1,91.95
2025-11-10,9:37:49.228263236,T,TGT,F I,1,91.95
2025-11-10,9:37:49.228554932,T,TGT,F I,1,91.95
2025-11-10,9:37:49.228825556,T,TGT,F I,1,91.95
2025-11-10,9:37:49.228873670,T,TGT,F I,1,91.95
2025-11-10,9:37:49.228969853,T,TGT,F I,1,91.95
2025-11-10,9:37:49.229147350,T,TGT,F I,1,91.95
2025-11-10,9:37:49.229273567,T,TGT,F I,1,91.95
2025-11-10,9:37:49.229411883,T,TGT,F I,1,91.95
2025-11-10,9:37:49.229532265,T,TGT,F I,1,91.95
2025-11-10,9:37:49.229613397,T,TGT,F I,1,91.95
2025-11-10,9:37:49.229691604,T,TGT,F I,1,91.95
2025-11-10,9:37:49.912477289,T,TGT,F I,1,91.94
2025-11-10,9:37:49.912498513,T,TGT,I,1,91.94
2025-11-10,9:38:01.445917858,T,TGT,F I,75,91.91
2025-11-10,9:38:01.445917858,T,TGT,F I,10,91.9
2025-11-10,9:38:01.445920613,T,TGT,F I,55,91.9
2025-11-10,9:38:04.081390430,T,TGT,F I,25,91.88
2025-11-10,9:38:04.081889826,T,TGT,F I,2,91.91
2025-11-10,9:38:04.081892872,T,TGT,F I,3,91.91
2025-11-10,9:38:04.081892872,T,TGT,F I,27,91.91
2025-11-10,9:38:04.082692514,T,TGT,,100,91.91
2025-11-10,9:38:07.376027633,T,TGT,F I,40,91.95
2025-11-10,9:38:14.992768763,T,TGT,I,22,92.03
2025-11-10,9:38:14.992816948,T,TGT,F I,32,92.03
2025-11-10,9:38:43.609470309,T,TGT,F I,50,91.83
2025-11-10,9:38:46.399421178,T,TGT,F I,1,91.79
2025-11-10,9:38:46.399424642,T,TGT,F I,4,91.79
2025-11-10,9:38:46.400091784,T,TGT,I,11,91.76
2025-11-10,9:38:46.400374396,T,TGT,F I,5,91.75
2025-11-10,9:38:46.400374396,T,TGT,F I,3,91.75
2025-11-10,9:38:46.400383456,T,TGT,,997,91.75
2025-11-10,9:38:54.325298961,T,TGT,F I,5,91.83
2025-11-10,9:38:54.347525529,T,TGT,F I,81,91.84
2025-11-10,9:38:56.485720981,T,TGT,,100,91.82
2025-11-10,9:38:56.485724015,T,TGT,,100,91.82
2025-11-10,9:38:56.486644117,T,TGT,F,100,91.8
2025-11-10,9:38:56.487062177,T,TGT,,100,91.82
2025-11-10,9:38:56.491161050,T,TGT,I,15,91.81
2025-11-10,9:38:56.491161050,T,TGT,I,27,91.81
2025-11-10,9:38:56.491167001,T,TGT,I,75,91.79
2025-11-10,9:38:56.491167001,T,TGT,I,3,91.78
2025-11-10,9:38:56.491344922,T,TGT,I,22,91.82
2025-11-10,9:38:56.491344922,T,TGT,I,26,91.82
2025-11-10,9:38:56.491347656,T,TGT,I,27,91.82
2025-11-10,9:38:56.491350413,T,TGT,I,5,91.82
2025-11-10,9:38:56.491350413,T,TGT,I,50,91.82
2025-11-10,9:38:56.491353673,T,TGT,I,3,91.82
2025-11-10,9:38:56.491356455,T,TGT,I,26,91.82
2025-11-10,9:38:56.491356455,T,TGT,I,1,91.82
2025-11-10,9:38:56.491374559,T,TGT,I,1,91.82
2025-11-10,9:38:56.492992326,T,TGT,F I,1,91.81
2025-11-10,9:39:06.793787073,T,TGT,F,100,91.81
2025-11-10,9:39:06.793832456,T,TGT,F I,51,91.82
2025-11-10,9:39:06.794472640,T,TGT,F,300,91.84
2025-11-10,9:39:11.191888047,T,TGT,I,7,91.86
2025-11-10,9:39:11.204629477,T,TGT,F,100,91.88
2025-11-10,9:39:11.878721784,T,TGT,F I,4,91.93
2025-11-10,9:39:11.878721784,T,TGT,F I,6,91.93
2025-11-10,9:39:15.315828956,T,TGT,F I,63,91.98
2025-11-10,9:39:16.100446292,T,TGT,F I,37,91.98
2025-11-10,9:39:26.017289346,T,TGT,F I,1,92.02
2025-11-10,9:39:26.017385497,T,TGT,F I,13,91.99
2025-11-10,9:39:26.017410063,T,TGT,I,12,92.005
2025-11-10,9:39:26.024476382,T,TGT,F I,22,91.96
2025-11-10,9:39:26.024476382,T,TGT,F I,44,91.96
2025-11-10,9:39:26.026999417,T,TGT,I,1,91.95
2025-11-10,9:39:26.027029513,T,TGT,I,15,91.93
2025-11-10,9:39:26.027032517,T,TGT,I,17,91.93
2025-11-10,9:39:26.027032517,T,TGT,I,16,91.93
2025-11-10,9:39:26.027035506,T,TGT,I,11,91.93
2025-11-10,9:39:26.027648989,T,TGT,,141,91.96
2025-11-10,9:39:26.028142236,T,TGT,,100,91.92
2025-11-10,9:39:29.849832991,T,TGT,I,6,91.84
2025-11-10,9:39:29.849836406,T,TGT,I,7,91.84
2025-11-10,9:39:29.849838965,T,TGT,I,6,91.84
2025-11-10,9:39:29.849842016,T,TGT,I,5,91.84
2025-11-10,9:39:29.849862973,T,TGT,F I,26,91.84
2025-11-10,9:39:29.850031816,T,TGT,I,26,91.85
2025-11-10,9:39:29.850031816,T,TGT,I,22,91.85
2025-11-10,9:39:29.850034822,T,TGT,I,14,91.85
2025-11-10,9:39:29.850112628,T,TGT,I,39,91.85
2025-11-10,9:39:29.850413378,T,TGT,F I,61,91.85
2025-11-10,9:39:29.850747157,T,TGT,F,100,91.85
2025-11-10,9:39:29.870065180,T,TGT,F I,18,91.87
2025-11-10,9:39:30.581244511,T,TGT,I,1,91.87
2025-11-10,9:39:46.270104586,T,TGT,I,75,91.86
2025-11-10,9:39:46.270107593,T,TGT,,127,91.86
2025-11-10,9:39:46.437137942,T,TGT,F,100,91.83
2025-11-10,9:39:46.437140494,T,TGT,F I,10,91.83
2025-11-10,9:39:50.088085247,T,TGT,I,25,91.82
2025-11-10,9:39:50.088087584,T,TGT,I,69,91.83
2025-11-10,9:39:51.688638818,T,TGT,F I,92,91.85
2025-11-10,9:39:54.338281361,T,TGT,F I,92,91.86
2025-11-10,9:39:54.365899181,T,TGT,F,100,91.83
2025-11-10,9:39:54.365899181,T,TGT,F I,19,91.83
2025-11-10,9:39:54.454427065,T,TGT,F I,19,91.82
2025-11-10,9:39:55.433039499,T,TGT,F I,63,91.82
2025-11-10,9:39:55.433090607,T,TGT,F I,63,91.82
2025-11-10,9:39:58.310589067,T,TGT,F I,63,91.81
2025-11-10,9:40:03.229239317,T,TGT,F I,2,91.74
2025-11-10,9:40:03.747683443,T,TGT,F I,25,91.755
2025-11-10,9:40:04.602812731,T,TGT,I,3,91.755
2025-11-10,9:40:04.618540192,T,TGT,I,63,91.755
2025-11-10,9:40:04.992676510,T,TGT,F I,9,91.755
2025-11-10,9:40:05.423552100,T,TGT,F I,10,91.74
2025-11-10,9:40:06.621281553,T,TGT,I,6,91.725
2025-11-10,9:40:09.307626463,T,TGT,I,63,91.725
2025-11-10,9:40:14.155313589,T,TGT,F I,81,91.79
2025-11-10,9:40:14.164326117,T,TGT,,300,91.725
2025-11-10,9:40:14.164329054,T,TGT,I,63,91.78
2025-11-10,9:40:14.166593491,T,TGT,F,127,91.77
2025-11-10,9:40:14.166597553,T,TGT,F I,37,91.78
2025-11-10,9:40:14.166597553,T,TGT,F,127,91.78
2025-11-10,9:40:14.166602456,T,TGT,F,100,91.78
2025-11-10,9:40:14.166602456,T,TGT,F I,11,91.79
2025-11-10,9:40:14.168927471,T,TGT,I,31,91.72
2025-11-10,9:40:14.168930032,T,TGT,I,69,91.72
2025-11-10,9:40:17.034998445,T,TGT,I,9,91.65
2025-11-10,9:40:17.035001946,T,TGT,F I,9,91.65
2025-11-10,9:40:17.035040304,T,TGT,I,25,91.67
2025-11-10,9:40:17.035068076,T,TGT,I,5,91.66
2025-11-10,9:40:17.035070324,T,TGT,I,4,91.65
2025-11-10,9:40:17.035082418,T,TGT,I,9,91.65
2025-11-10,9:40:17.035094731,T,TGT,I,8,91.65
2025-11-10,9:40:17.035094731,T,TGT,I,4,91.65
2025-11-10,9:40:17.035145540,T,TGT,I,9,91.65
2025-11-10,9:40:17.035268815,T,TGT,F I,9,91.67
2025-11-10,9:40:17.035272017,T,TGT,F I,5,91.67
2025-11-10,9:40:17.035272017,T,TGT,F I,4,91.67
2025-11-10,9:40:17.035275302,T,TGT,F I,8,91.67
2025-11-10,9:40:17.035275302,T,TGT,F I,21,91.67
2025-11-10,9:40:17.035277823,T,TGT,F I,24,91.67
2025-11-10,9:40:17.035295927,T,TGT,I,9,91.65
2025-11-10,9:40:17.035350700,T,TGT,I,12,91.66
2025-11-10,9:40:17.035368087,T,TGT,I,12,91.65
2025-11-10,9:40:17.035467683,T,TGT,I,17,91.66
2025-11-10,9:40:17.035470310,T,TGT,I,5,91.66
2025-11-10,9:40:17.035822103,T,TGT,I,9,91.65
2025-11-10,9:40:17.035990508,T,TGT,F I,4,91.67
2025-11-10,9:40:17.036032602,T,TGT,I,1,91.66
2025-11-10,9:40:17.036035617,T,TGT,I,8,91.65
2025-11-10,9:40:17.036107816,T,TGT,I,11,91.66
2025-11-10,9:40:17.036141001,T,TGT,F I,26,91.67
2025-11-10,9:40:17.036174214,T,TGT,F I,74,91.67
2025-11-10,9:40:17.036176967,T,TGT,F I,26,91.67
2025-11-10,9:40:17.036567929,T,TGT,F I,12,91.67
2025-11-10,9:40:17.037169361,T,TGT,I,12,91.66
2025-11-10,9:40:17.038429350,T,TGT,I,50,91.66
2025-11-10,9:40:17.038501512,T,TGT,F I,50,91.67
2025-11-10,9:40:17.038564685,T,TGT,I,22,91.655
2025-11-10,9:40:17.038763166,T,TGT,,100,91.68
2025-11-10,9:40:17.038766686,T,TGT,I,24,91.68
2025-11-10,9:40:17.038811574,T,TGT,I,5,91.67
2025-11-10,9:40:17.038817246,T,TGT,I,16,91.665
2025-11-10,9:40:17.039027754,T,TGT,I,16,91.67
2025-11-10,9:40:17.039081897,T,TGT,I,50,91.665
2025-11-10,9:40:17.039887770,T,TGT,F I,5,91.67
2025-11-10,9:40:17.039890920,T,TGT,I,25,91.65
2025-11-10,9:40:17.041463522,T,TGT,,100,91.65
2025-11-10,9:40:17.041857565,T,TGT,I,19,91.645
2025-11-10,9:40:17.045914337,T,TGT,F,100,91.67
2025-11-10,9:40:17.045914337,T,TGT,F,100,91.67
2025-11-10,9:40:17.045962341,T,TGT,,100,91.66
2025-11-10,9:40:17.046167495,T,TGT,I,15,91.66
2025-11-10,9:40:17.046169950,T,TGT,I,31,91.66
2025-11-10,9:40:17.046190985,T,TGT,,100,91.67
2025-11-10,9:40:17.046193819,T,TGT,I,16,91.66
2025-11-10,9:40:17.046350881,T,TGT,I,84,91.66
2025-11-10,9:40:17.046353514,T,TGT,,100,91.66
2025-11-10,9:40:17.046356201,T,TGT,I,47,91.66
2025-11-10,9:40:17.046360138,T,TGT,I,16,91.66
2025-11-10,9:40:17.046360138,T,TGT,,100,91.66
2025-11-10,9:40:17.046362688,T,TGT,I,53,91.67
2025-11-10,9:40:17.046362688,T,TGT,I,47,91.67
2025-11-10,9:40:17.046365373,T,TGT,,100,91.68
2025-11-10,9:40:17.046470532,T,TGT,,100,91.67
2025-11-10,9:40:17.049830130,T,TGT,F I,12,91.68
2025-11-10,9:40:17.049836028,T,TGT,F I,6,91.68
2025-11-10,9:40:17.049952832,T,TGT,I,6,91.66
2025-11-10,9:40:17.050024954,T,TGT,I,6,91.65
2025-11-10,9:40:17.050028690,T,TGT,I,50,91.65
2025-11-10,9:40:17.050527189,T,TGT,,100,91.64
2025-11-10,9:40:17.050798366,T,TGT,I,19,91.64
2025-11-10,9:40:17.050819042,T,TGT,F I,3,91.64
2025-11-10,9:40:17.050821872,T,TGT,F I,37,91.64
2025-11-10,9:40:17.050828369,T,TGT,I,1,91.64
2025-11-10,9:40:17.050836889,T,TGT,F I,46,91.64
2025-11-10,9:40:17.050836889,T,TGT,F I,10,91.64
2025-11-10,9:40:17.050851973,T,TGT,I,19,91.64
2025-11-10,9:40:17.050891070,T,TGT,I,62,91.64
2025-11-10,9:40:17.050915136,T,TGT,F I,37,91.64
2025-11-10,9:40:17.051077766,T,TGT,I,19,91.63
2025-11-10,9:40:17.051290986,T,TGT,I,1,91.64
2025-11-10,9:40:17.051290986,T,TGT,I,1,91.64
2025-11-10,9:40:17.051441923,T,TGT,,100,91.66
2025-11-10,9:40:17.051501852,T,TGT,I,75,91.66
2025-11-10,9:40:17.051501852,T,TGT,I,75,91.66
2025-11-10,9:40:17.051504722,T,TGT,,100,91.66
2025-11-10,9:40:17.051507474,T,TGT,I,75,91.66
2025-11-10,9:40:17.051591666,T,TGT,I,35,91.66
2025-11-10,9:40:17.051591666,T,TGT,I,47,91.66
2025-11-10,9:40:17.196359623,T,TGT,F I,63,91.65
2025-11-10,9:40:21.890197213,T,TGT,F I,10,91.62
2025-11-10,9:40:22.211311275,T,TGT,F I,19,91.65
2025-11-10,9:40:22.211311275,T,TGT,F I,50,91.65
2025-11-10,9:40:22.374449958,T,TGT,I,2,91.68
2025-11-10,9:40:28.170707979,T,TGT,I,20,91.68
2025-11-10,9:40:45.600842706,T,TGT,F I,10,91.73
2025-11-10,9:40:45.615475603,T,TGT,I,65,91.74
2025-11-10,9:40:47.513053403,T,TGT,F I,10,91.735
2025-11-10,9:40:49.382294691,T,TGT,,127,91.725
2025-11-10,9:40:49.382297782,T,TGT,,127,91.74
2025-11-10,9:40:49.382297782,T,TGT,,127,91.75
2025-11-10,9:40:49.382300764,T,TGT,I,19,91.76
2025-11-10,9:40:49.394085791,T,TGT,F I,62,91.77
2025-11-10,9:40:50.040638189,T,TGT,F,100,91.77
2025-11-10,9:40:50.040641084,T,TGT,F I,11,91.78
2025-11-10,9:40:57.088327535,T,TGT,,100,91.69
2025-11-10,9:40:57.088604230,T,TGT,,100,91.69
2025-11-10,9:40:57.507475656,T,TGT,F I,39,91.73
2025-11-10,9:40:57.507475656,T,TGT,F I,11,91.73
2025-11-10,9:40:57.693976375,T,TGT,I,22,91.77
2025-11-10,9:40:58.227158701,T,TGT,F I,63,91.73
2025-11-10,9:40:58.227203765,T,TGT,F I,37,91.73
2025-11-10,9:40:58.586950799,T,TGT,F I,63,91.73
2025-11-10,9:40:58.586992944,T,TGT,F I,37,91.73
2025-11-10,9:40:58.782041145,T,TGT,F I,63,91.73
2025-11-10,9:40:58.782085789,T,TGT,F I,37,91.73
2025-11-10,9:41:06.061462145,T,TGT,F I,63,91.715
2025-11-10,9:41:06.061516277,T,TGT,F I,37,91.715
2025-11-10,9:41:11.931498484,T,TGT,F I,4,91.69
2025-11-10,9:41:13.515410807,T,TGT,I,25,91.72
2025-11-10,9:41:13.515416327,T,TGT,,100,91.72
2025-11-10,9:41:13.515419994,T,TGT,,275,91.73
2025-11-10,9:41:13.515428633,T,TGT,I,1,91.73
2025-11-10,9:41:13.516565138,T,TGT,I,22,91.71
2025-11-10,9:41:13.522979433,T,TGT,F I,10,91.74
2025-11-10,9:41:13.523616868,T,TGT,F I,1,91.76
2025-11-10,9:41:14.741906339,T,TGT,F I,2,91.735
2025-11-10,9:41:14.742192188,T,TGT,F I,2,91.735
2025-11-10,9:41:14.742288425,T,TGT,F I,2,91.735
2025-11-10,9:41:14.742288425,T,TGT,F I,2,91.735
2025-11-10,9:41:14.742477728,T,TGT,F I,2,91.735
2025-11-10,9:41:14.742483717,T,TGT,F I,2,91.735
2025-11-10,9:41:14.742664153,T,TGT,F I,2,91.735
2025-11-10,9:41:14.742730253,T,TGT,F I,2,91.735
2025-11-10,9:41:14.742763312,T,TGT,F I,2,91.735
2025-11-10,9:41:14.743045979,T,TGT,F I,2,91.735
2025-11-10,9:41:14.743127246,T,TGT,F I,2,91.735
2025-11-10,9:41:14.743130266,T,TGT,F I,2,91.735
2025-11-10,9:41:14.743196378,T,TGT,F I,2,91.735
2025-11-10,9:41:14.743259566,T,TGT,F I,2,91.735
2025-11-10,9:41:14.743319697,T,TGT,F I,2,91.735
2025-11-10,9:41:14.743331726,T,TGT,F I,2,91.735
2025-11-10,9:41:14.743403872,T,TGT,F I,2,91.735
2025-11-10,9:41:14.743409945,T,TGT,F I,2,91.735
2025-11-10,9:41:14.743479012,T,TGT,F I,2,91.735
2025-11-10,9:41:14.743539184,T,TGT,F I,2,91.735
2025-11-10,9:41:14.743605421,T,TGT,F I,2,91.735
2025-11-10,9:41:14.743617447,T,TGT,F I,2,91.735
2025-11-10,9:41:14.743695618,T,TGT,F I,2,91.73
2025-11-10,9:41:19.700257114,T,TGT,I,13,91.76
2025-11-10,9:41:21.344063435,T,TGT,F I,3,91.7
2025-11-10,9:41:21.344138632,T,TGT,F I,25,91.68
2025-11-10,9:41:21.345371509,T,TGT,I,25,91.68
2025-11-10,9:41:37.298646066,T,TGT,I,5,91.66
2025-11-10,9:41:37.582907267,T,TGT,F I,1,91.62
2025-11-10,9:41:37.583090743,T,TGT,,100,91.62
2025-11-10,9:41:37.583108717,T,TGT,I,1,91.62
2025-11-10,9:41:37.583114773,T,TGT,I,1,91.62
2025-11-10,9:41:37.583141828,T,TGT,I,97,91.62
2025-11-10,9:41:37.583141828,T,TGT,I,3,91.62
2025-11-10,9:41:37.978929788,T,TGT,I,10,91.62
2025-11-10,9:41:38.996388770,T,TGT,,100,91.66
2025-11-10,9:41:38.997859314,T,TGT,F I,75,91.66
2025-11-10,9:41:38.997862653,T,TGT,F I,15,91.66
2025-11-10,9:41:38.998250211,T,TGT,F I,71,91.655
2025-11-10,9:41:39.742198574,T,TGT,F I,14,91.66
2025-11-10,9:41:39.743539730,T,TGT,,117,91.66
2025-11-10,9:41:46.404689222,T,TGT,F,100,91.69
2025-11-10,9:41:46.404689222,T,TGT,F,200,91.69
2025-11-10,9:41:46.404691497,T,TGT,F I,21,91.69
2025-11-10,9:41:46.857362964,T,TGT,F I,16,91.7
2025-11-10,9:41:56.887765426,T,TGT,I,69,91.74
2025-11-10,9:41:56.887771341,T,TGT,I,31,91.74
2025-11-10,9:41:56.887771341,T,TGT,I,16,91.74
2025-11-10,9:41:56.888841926,T,TGT,F I,40,91.73
2025-11-10,9:41:56.888848864,T,TGT,F I,60,91.73
2025-11-10,9:41:56.888848864,T,TGT,F I,11,91.73
2025-11-10,9:41:56.934917685,T,TGT,F,100,91.74
2025-11-10,9:42:00.157253551,T,TGT,I,63,91.715
2025-11-10,9:42:01.536333084,T,TGT,F I,37,91.715
2025-11-10,9:42:01.536378232,T,TGT,F I,1,91.69
2025-11-10,9:42:03.488436824,T,TGT,F,100,91.7
2025-11-10,9:42:03.488439818,T,TGT,F,300,91.69
2025-11-10,9:42:03.488617237,T,TGT,I,1,91.69
2025-11-10,9:42:03.488617237,T,TGT,F I,5,91.69
2025-11-10,9:42:03.488716430,T,TGT,F I,94,91.69
2025-11-10,9:42:05.037544404,T,TGT,F I,27,91.69
2025-11-10,9:42:13.006851963,T,TGT,F,100,91.7
2025-11-10,9:42:13.006855087,T,TGT,F I,54,91.7
2025-11-10,9:42:13.006857448,T,TGT,F,100,91.7
2025-11-10,9:42:13.653115176,T,TGT,I,32,91.715
2025-11-10,9:42:24.262904874,T,TGT,F I,10,91.52
2025-11-10,9:42:24.262913927,T,TGT,F I,10,91.51
2025-11-10,9:42:24.263001126,T,TGT,F I,10,91.5
2025-11-10,9:42:24.263004382,T,TGT,F I,2,91.5
2025-11-10,9:42:24.263004382,T,TGT,F I,1,91.5
2025-11-10,9:42:24.263007180,T,TGT,F I,30,91.5
2025-11-10,9:42:24.263259759,T,TGT,I,4,91.52
2025-11-10,9:42:24.263358930,T,TGT,I,4,91.5
2025-11-10,9:42:24.263358930,T,TGT,I,96,91.5
2025-11-10,9:42:24.263379970,T,TGT,I,1,91.5
2025-11-10,9:42:24.263379970,T,TGT,I,3,91.5
2025-11-10,9:42:24.263698779,T,TGT,F,184,91.48
2025-11-10,9:42:24.263800966,T,TGT,I,27,91.48
2025-11-10,9:42:24.263813073,T,TGT,I,89,91.48
2025-11-10,9:42:24.264724215,T,TGT,F,100,91.48
2025-11-10,9:42:24.264724215,T,TGT,F I,4,91.48
2025-11-10,9:42:24.264736245,T,TGT,F I,1,91.47
2025-11-10,9:42:24.264754316,T,TGT,I,1,91.47
2025-11-10,9:42:24.264871575,T,TGT,,100,91.48
2025-11-10,9:42:24.265018885,T,TGT,I,36,91.48
2025-11-10,9:42:24.265193784,T,TGT,,164,91.48
2025-11-10,9:42:24.265193784,T,TGT,,100,91.48
2025-11-10,9:42:24.265196431,T,TGT,I,20,91.48
2025-11-10,9:42:24.265479060,T,TGT,,100,91.49
2025-11-10,9:42:24.265483179,T,TGT,I,54,91.49
2025-11-10,9:42:24.265542205,T,TGT,F I,23,91.49
2025-11-10,9:42:24.266035305,T,TGT,F I,30,91.49
2025-11-10,9:42:24.266053350,T,TGT,F I,2,91.49
2025-11-10,9:42:24.266110576,T,TGT,,100,91.5
2025-11-10,9:42:24.266131552,T,TGT,I,43,91.5
2025-11-10,9:42:24.268282493,T,TGT,,100,91.52
2025-11-10,9:42:24.268282493,T,TGT,I,26,91.55
2025-11-10,9:42:24.268285512,T,TGT,,100,91.55
2025-11-10,9:42:24.268287724,T,TGT,,100,91.55
2025-11-10,9:42:24.268287724,T,TGT,,100,91.55
2025-11-10,9:42:24.268594431,T,TGT,F I,22,91.52
2025-11-10,9:42:24.268612439,T,TGT,,262,91.52
2025-11-10,9:42:33.224811175,T,TGT,,100,91.48
2025-11-10,9:42:33.224811175,T,TGT,I,26,91.48
2025-11-10,9:42:33.227956367,T,TGT,I,26,91.46
2025-11-10,9:42:33.227968316,T,TGT,I,74,91.46
2025-11-10,9:42:33.228404338,T,TGT,F I,12,91.45
2025-11-10,9:42:33.677268812,T,TGT,F I,25,91.45
2025-11-10,9:42:36.273567209,T,TGT,F I,6,91.45
2025-11-10,9:42:36.273570208,T,TGT,F I,18,91.45
2025-11-10,9:42:36.752112611,T,TGT,F I,25,91.42
2025-11-10,9:42:36.752112611,T,TGT,F I,75,91.41
2025-11-10,9:42:36.752127292,T,TGT,I,1,91.41
2025-11-10,9:42:45.024926523,T,TGT,F I,63,91.45
2025-11-10,9:42:46.094782424,T,TGT,I,37,91.45
2025-11-10,9:42:46.889533774,T,TGT,F I,63,91.45
2025-11-10,9:42:46.889603022,T,TGT,F I,37,91.45
2025-11-10,9:42:47.131499303,T,TGT,I,24,91.45
2025-11-10,9:42:47.131505837,T,TGT,I,24,91.45
2025-11-10,9:42:47.131511469,T,TGT,I,24,91.45
2025-11-10,9:42:47.131514332,T,TGT,I,28,91.45
2025-11-10,9:42:47.132431524,T,TGT,F I,24,91.41
2025-11-10,9:42:47.812555765,T,TGT,F I,2,91.43
2025-11-10,9:42:48.814417251,T,TGT,,200,91.42
2025-11-10,9:42:48.814417251,T,TGT,I,1,91.42
2025-11-10,9:42:51.751445590,T,TGT,,100,91.425
2025-11-10,9:42:53.324922501,T,TGT,F I,3,91.38
2025-11-10,9:42:53.324922501,T,TGT,F I,5,91.38
2025-11-10,9:42:53.324926062,T,TGT,I,8,91.38
2025-11-10,9:42:53.324928560,T,TGT,I,2,91.38
2025-11-10,9:42:55.033121176,T,TGT,F,1000,91.35
2025-11-10,9:42:58.038255555,T,TGT,F I,63,91.335
2025-11-10,9:42:58.038285655,T,TGT,I,75,91.335
2025-11-10,9:42:58.038304332,T,TGT,F I,62,91.335
2025-11-10,9:42:58.038306676,T,TGT,F I,1,91.34
2025-11-10,9:42:58.048645295,T,TGT,F,100,91.3
2025-11-10,9:42:58.048666346,T,TGT,F I,6,91.3
2025-11-10,9:42:58.048669385,T,TGT,I,1,91.3
2025-11-10,9:42:58.048678450,T,TGT,,194,91.3
2025-11-10,9:42:58.048678450,T,TGT,I,47,91.3
2025-11-10,9:42:58.048678450,T,TGT,I,2,91.3
2025-11-10,9:42:59.832179439,T,TGT,I,1,91.28
2025-11-10,9:43:01.034488844,T,TGT,F I,40,91.29
2025-11-10,9:43:01.037309585,T,TGT,F I,3,91.3
2025-11-10,9:43:01.037360711,T,TGT,,100,91.29
2025-11-10,9:43:01.037382332,T,TGT,I,1,91.295
2025-11-10,9:43:01.037402765,T,TGT,I,99,91.295
2025-11-10,9:43:01.037402765,T,TGT,I,11,91.29
2025-11-10,9:43:01.037406764,T,TGT,I,2,91.29
2025-11-10,9:43:01.037408759,T,TGT,I,2,91.29
2025-11-10,9:43:01.037535293,T,TGT,F I,2,91.3
2025-11-10,9:43:01.037538124,T,TGT,F I,10,91.3
2025-11-10,9:43:01.037541394,T,TGT,F I,11,91.3
2025-11-10,9:43:01.037541394,T,TGT,F I,2,91.3
2025-11-10,9:43:01.037544720,T,TGT,F I,17,91.3
2025-11-10,9:43:01.037544720,T,TGT,F I,3,91.3
2025-11-10,9:43:01.037625263,T,TGT,I,21,91.29
2025-11-10,9:43:01.037680376,T,TGT,I,79,91.29
2025-11-10,9:43:01.037853893,T,TGT,I,2,91.28
2025-11-10,9:43:01.037856914,T,TGT,I,10,91.28
2025-11-10,9:43:01.037860544,T,TGT,I,10,91.29
2025-11-10,9:43:01.037860544,T,TGT,I,6,91.29
2025-11-10,9:43:01.037862847,T,TGT,I,5,91.29
2025-11-10,9:43:01.037935121,T,TGT,,100,91.3
2025-11-10,9:43:01.048941316,T,TGT,F I,1,91.28
2025-11-10,9:43:01.048948170,T,TGT,F I,4,91.28
2025-11-10,9:43:01.048948170,T,TGT,F I,4,91.28
2025-11-10,9:43:01.048950428,T,TGT,F I,9,91.28
2025-11-10,9:43:01.048953304,T,TGT,F I,15,91.28
2025-11-10,9:43:01.048953304,T,TGT,F I,14,91.28
2025-11-10,9:43:01.048956284,T,TGT,F I,2,91.28
2025-11-10,9:43:01.086260191,T,TGT,F I,2,91.25
2025-11-10,9:43:01.086404573,T,TGT,F I,3,91.24
2025-11-10,9:43:01.086408370,T,TGT,F,193,91.24
2025-11-10,9:43:01.086408370,T,TGT,F I,10,91.24
2025-11-10,9:43:01.086411207,T,TGT,F I,1,91.24
2025-11-10,9:43:01.501382004,T,TGT,F,100,91.25
2025-11-10,9:43:01.501382004,T,TGT,F I,33,91.25
2025-11-10,9:43:01.501384361,T,TGT,F I,6,91.25
2025-11-10,9:43:01.501387121,T,TGT,F I,17,91.25
2025-11-10,9:43:01.501456317,T,TGT,F I,63,91.25
2025-11-10,9:43:01.501459383,T,TGT,F I,37,91.25
2025-11-10,9:43:01.501510468,T,TGT,F I,25,91.3
2025-11-10,9:43:02.058025387,T,TGT,I,1,91.26
2025-11-10,9:43:03.228582057,T,TGT,I,2,91.305
2025-11-10,9:43:06.253678252,T,TGT,F,100,91.37
2025-11-10,9:43:06.253678252,T,TGT,F I,3,91.38
2025-11-10,9:43:06.253681105,T,TGT,F I,10,91.38
2025-11-10,9:43:06.253681105,T,TGT,F I,1,91.38
2025-11-10,9:43:06.254450904,T,TGT,I,26,91.38
2025-11-10,9:43:06.254477997,T,TGT,I,1,91.38
2025-11-10,9:43:06.254496160,T,TGT,I,60,91.38
2025-11-10,9:43:06.254532055,T,TGT,I,1,91.38
2025-11-10,9:43:06.254640697,T,TGT,I,11,91.38
2025-11-10,9:43:06.254640697,T,TGT,I,1,91.38
2025-11-10,9:43:17.321672477,T,TGT,I,2,91.4
2025-11-10,9:43:20.039412293,T,TGT,F I,23,91.4
2025-11-10,9:43:20.361323237,T,TGT,F I,50,91.41
2025-11-10,9:43:21.227769117,T,TGT,F,100,91.44
2025-11-10,9:43:21.227769117,T,TGT,F,200,91.44
2025-11-10,9:43:21.227771409,T,TGT,F I,1,91.44
2025-11-10,9:43:21.227846576,T,TGT,F I,1,91.46
2025-11-10,9:43:21.228321880,T,TGT,I,95,91.46
2025-11-10,9:43:21.228342788,T,TGT,F I,20,91.46
2025-11-10,9:43:22.215760190,T,TGT,F I,25,91.5
2025-11-10,9:43:25.147751428,T,TGT,,100,91.48
2025-11-10,9:43:25.300280726,T,TGT,F I,63,91.48
2025-11-10,9:43:25.300358905,T,TGT,F I,37,91.48
2025-11-10,9:43:25.673755605,T,TGT,I,75,91.48
2025-11-10,9:43:25.673833772,T,TGT,F I,25,91.48
2025-11-10,9:43:26.227930935,T,TGT,I,3,91.48
2025-11-10,9:43:26.293619318,T,TGT,I,3,91.48
2025-11-10,9:43:27.479858437,T,TGT,I,3,91.48
2025-11-10,9:43:28.592229573,T,TGT,I,10,91.48
2025-11-10,9:43:35.720270430,T,TGT,F I,25,91.52
2025-11-10,9:43:37.442434402,T,TGT,F I,3,91.54
2025-11-10,9:43:37.442437323,T,TGT,F I,23,91.54
2025-11-10,9:43:37.442437323,T,TGT,F I,11,91.54
2025-11-10,9:43:37.444391918,T,TGT,I,15,91.56
2025-11-10,9:43:44.135404683,T,TGT,F I,34,91.61
2025-11-10,9:43:44.135428783,T,TGT,F I,13,91.62
2025-11-10,9:43:44.136030247,T,TGT,I,14,91.64
2025-11-10,9:43:44.136054307,T,TGT,F I,14,91.64
2025-11-10,9:43:46.518723801,T,TGT,F I,2,91.68
2025-11-10,9:43:47.192209201,T,TGT,I,98,91.68
2025-11-10,9:43:47.192211261,T,TGT,I,2,91.69
2025-11-10,9:43:51.134666805,T,TGT,I,10,91.72
2025-11-10,9:43:51.191565342,T,TGT,I,10,91.72
2025-11-10,9:43:53.170093125,T,TGT,F I,63,91.72
2025-11-10,9:43:53.170141216,T,TGT,F I,37,91.72
2025-11-10,9:43:53.209529014,T,TGT,I,17,91.72
2025-11-10,9:43:53.209553091,T,TGT,F I,63,91.72
2025-11-10,9:43:53.307424304,T,TGT,I,9,91.72
2025-11-10,9:43:54.829789558,T,TGT,F,127,91.75
2025-11-10,9:43:54.829792187,T,TGT,F,100,91.76
2025-11-10,9:43:54.829792187,T,TGT,F,125,91.76
2025-11-10,9:43:54.829795151,T,TGT,F I,14,91.76
2025-11-10,9:43:54.829969499,T,TGT,I,16,91.77
2025-11-10,9:43:54.829972583,T,TGT,I,10,91.77
2025-11-10,9:43:54.829972583,T,TGT,,100,91.77
2025-11-10,9:43:54.830294296,T,TGT,F I,10,91.755
2025-11-10,9:43:54.830390482,T,TGT,F I,10,91.76
2025-11-10,9:43:54.830420607,T,TGT,F,100,91.74
2025-11-10,9:43:56.379047147,T,TGT,I,14,91.67
2025-11-10,9:44:04.291494647,T,TGT,F I,63,91.65
2025-11-10,9:44:09.111985036,T,TGT,F I,5,91.6
2025-11-10,9:44:09.114631285,T,TGT,I,75,91.59
2025-11-10,9:44:09.114634366,T,TGT,,125,91.61
2025-11-10,9:44:13.150988590,T,TGT,F I,25,91.56
2025-11-10,9:44:13.151000544,T,TGT,F I,10,91.55
2025-11-10,9:44:13.285529145,T,TGT,,100,91.515
2025-11-10,9:44:13.285535096,T,TGT,,100,91.515
2025-11-10,9:44:13.285556148,T,TGT,F I,33,91.52
2025-11-10,9:44:13.285556148,T,TGT,F I,18,91.52
2025-11-10,9:44:13.285560346,T,TGT,F I,56,91.54
2025-11-10,9:44:13.285560346,T,TGT,F I,3,91.54
2025-11-10,9:44:13.285565324,T,TGT,F,100,91.54
2025-11-10,9:44:13.285565324,T,TGT,F,425,91.54
2025-11-10,9:44:13.285568163,T,TGT,F I,49,91.54
2025-11-10,9:44:13.285577173,T,TGT,F I,51,91.54
2025-11-10,9:44:13.285596216,T,TGT,F I,44,91.54
2025-11-10,9:44:21.870799682,T,TGT,F I,63,91.62
2025-11-10,9:44:26.843575802,T,TGT,F I,63,91.63
2025-11-10,9:44:27.019492074,T,TGT,F I,37,91.63
2025-11-10,9:44:27.835495010,T,TGT,F,100,91.59
2025-11-10,9:44:27.835501003,T,TGT,F I,10,91.59
2025-11-10,9:44:27.835555102,T,TGT,F I,10,91.58
2025-11-10,9:44:27.836000153,T,TGT,F I,19,91.58
2025-11-10,9:44:29.314734092,T,TGT,F,100,91.54
2025-11-10,9:44:30.443921326,T,TGT,F I,10,91.5
2025-11-10,9:44:30.443975436,T,TGT,I,1,91.5
2025-11-10,9:44:30.443975436,T,TGT,I,10,91.5
2025-11-10,9:44:30.467488808,T,TGT,I,49,91.49
2025-11-10,9:44:30.467509540,T,TGT,F I,51,91.49
2025-11-10,9:44:37.776283998,T,TGT,F I,1,91.43
2025-11-10,9:44:41.019474686,T,TGT,F I,63,91.465
2025-11-10,9:44:43.066800164,T,TGT,F I,88,91.38
2025-11-10,9:44:43.066803242,T,TGT,F I,10,91.36
2025-11-10,9:44:43.066806141,T,TGT,F I,1,91.35
2025-11-10,9:44:43.066806141,T,TGT,F I,1,91.35
2025-11-10,9:44:43.066824162,T,TGT,F I,99,91.35
2025-11-10,9:44:43.066926472,T,TGT,I,75,91.35
2025-11-10,9:44:43.066926472,T,TGT,I,10,91.34
2025-11-10,9:44:46.712494165,T,TGT,I,16,91.29
2025-11-10,9:44:46.712494165,T,TGT,I,15,91.29
2025-11-10,9:44:46.712496641,T,TGT,I,10,91.29
2025-11-10,9:44:46.714935424,T,TGT,,200,91.3
2025-11-10,9:44:56.097252029,T,TGT,F I,1,91.2
2025-11-10,9:44:56.097252029,T,TGT,F I,10,91.2
2025-11-10,9:44:56.865886345,T,TGT,F I,14,91.2
2025-11-10,9:44:56.865886345,T,TGT,F I,28,91.2
2025-11-10,9:44:59.080714338,T,TGT,I,11,91.19
2025-11-10,9:44:59.080716999,T,TGT,I,89,91.195
2025-11-10,9:45:00.293232640,T,TGT,I,15,91.19
2025-11-10,9:45:00.365257808,T,TGT,I,10,91.2
2025-11-10,9:45:00.365257808,T,TGT,I,2,91.2
2025-11-10,9:45:00.372892422,T,TGT,I,2,91.19
2025-11-10,9:45:00.522062812,T,TGT,I,8,91.12
2025-11-10,9:45:03.455082507,T,TGT,F I,14,91.12
2025-11-10,9:45:03.455085546,T,TGT,F I,10,91.12
2025-11-10,9:45:04.241434947,T,TGT,F I,99,91.08
2025-11-10,9:45:04.241456502,T,TGT,I,1,91.08
2025-11-10,9:45:06.598071382,T,TGT,I,3,91.13
2025-11-10,9:45:11.105723324,T,TGT,I,60,91.17
2025-11-10,9:45:11.105723324,T,TGT,I,1,91.18
2025-11-10,9:45:13.541403150,T,TGT,F I,19,91.19
2025-11-10,9:45:13.541403150,T,TGT,F I,25,91.19
2025-11-10,9:45:13.541406666,T,TGT,F I,17,91.19
2025-11-10,9:45:13.541529768,T,TGT,F,100,91.2
2025-11-10,9:45:13.541544853,T,TGT,F I,32,91.2
2025-11-10,9:45:13.541544853,T,TGT,F I,68,91.2
2025-11-10,9:45:13.541553938,T,TGT,F,100,91.21
2025-11-10,9:45:13.543607416,T,TGT,I,2,91.18
2025-11-10,9:45:13.543679513,T,TGT,F I,8,91.18
2025-11-10,9:45:13.543715694,T,TGT,I,55,91.18
2025-11-10,9:45:13.543727689,T,TGT,,425,91.18
2025-11-10,9:45:13.543727689,T,TGT,I,55,91.18
2025-11-10,9:45:13.543739740,T,TGT,F,393,91.18
2025-11-10,9:45:13.544001409,T,TGT,I,50,91.2
2025-11-10,9:45:13.544004410,T,TGT,,100,91.21
2025-11-10,9:45:13.544004410,T,TGT,,200,91.21
2025-11-10,9:45:13.591701002,T,TGT,I,21,91.2
2025-11-10,9:45:13.591721999,T,TGT,F I,79,91.2
2025-11-10,9:45:13.591721999,T,TGT,F I,2,91.2
2025-11-10,9:45:13.609467316,T,TGT,F,100,91.19
2025-11-10,9:45:13.609470258,T,TGT,F I,2,91.19
2025-11-10,9:45:14.378254895,T,TGT,I,75,91.205
2025-11-10,9:45:14.378284920,T,TGT,I,25,91.205
2025-11-10,9:45:16.689176427,T,TGT,F I,2,91.16
2025-11-10,9:45:18.031210633,T,TGT,F I,10,91.09
2025-11-10,9:45:18.031210633,T,TGT,F I,3,91.09
2025-11-10,9:45:18.031322009,T,TGT,F I,68,91.09
2025-11-10,9:45:18.031436340,T,TGT,F I,5,91.08
2025-11-10,9:45:18.031439122,T,TGT,F,277,91.07
2025-11-10,9:45:18.031442152,T,TGT,F I,1,91.07
2025-11-10,9:45:18.032566834,T,TGT,I,34,91.09
2025-11-10,9:45:18.032587956,T,TGT,F I,66,91.09
2025-11-10,9:45:18.032591147,T,TGT,I,20,91.09
2025-11-10,9:45:18.032608908,T,TGT,I,3,91.09
2025-11-10,9:45:32.161641225,T,TGT,F I,34,91.09
2025-11-10,9:45:32.161641225,T,TGT,F I,66,91.09
2025-11-10,9:45:32.161644295,T,TGT,F I,4,91.09
2025-11-10,9:45:32.161644295,T,TGT,F I,19,91.09
2025-11-10,9:45:32.176180762,T,TGT,I,31,91.09
2025-11-10,9:45:42.070367694,T,TGT,,100,91.16
2025-11-10,9:45:42.070367694,T,TGT,I,2,91.17
2025-11-10,9:45:42.070382882,T,TGT,F,100,91.17
2025-11-10,9:45:42.070945126,T,TGT,,100,91.14
2025-11-10,9:45:42.097594614,T,TGT,I,4,91.13
2025-11-10,9:45:42.172984188,T,TGT,F,100,91.14
2025-11-10,9:45:42.172988256,T,TGT,F,178,91.14
2025-11-10,9:45:42.172988256,T,TGT,F,122,91.14
2025-11-10,9:45:42.172993241,T,TGT,F,100,91.14
2025-11-10,9:45:42.172993241,T,TGT,F I,19,91.14
2025-11-10,9:45:51.694893219,T,TGT,I,75,91.14
2025-11-10,9:45:51.695317301,T,TGT,F I,25,91.14
2025-11-10,9:45:51.695347330,T,TGT,I,14,91.14
2025-11-10,9:45:51.695374525,T,TGT,I,1,91.14
2025-11-10,9:45:51.965005742,T,TGT,I,19,91.19
2025-11-10,9:45:51.965008726,T,TGT,I,21,91.19
2025-11-10,9:45:51.965026825,T,TGT,F,179,91.19
2025-11-10,9:45:51.965026825,T,TGT,F,100,91.19
2025-11-10,9:45:52.066115590,T,TGT,I,50,91.15
2025-11-10,9:45:52.834377068,T,TGT,F,100,91.15
2025-11-10,9:45:52.834380895,T,TGT,F,100,91.12
2025-11-10,9:45:52.834380895,T,TGT,F I,10,91.11
2025-11-10,9:45:52.834386386,T,TGT,F,127,91.11
2025-11-10,9:45:52.834388892,T,TGT,F I,10,91.1
2025-11-10,9:45:52.834397987,T,TGT,F,100,91.1
2025-11-10,9:45:52.834397987,T,TGT,F,100,91.1
2025-11-10,9:45:52.834785934,T,TGT,F,100,91.12
2025-11-10,9:45:52.835215878,T,TGT,F,100,91.12
2025-11-10,9:45:52.835239934,T,TGT,F,108,91.12
2025-11-10,9:45:52.835273050,T,TGT,F I,92,91.12
2025-11-10,9:45:52.835273050,T,TGT,F I,86,91.12
2025-11-10,9:45:52.835276271,T,TGT,I,7,91.13
2025-11-10,9:45:52.835303119,T,TGT,,100,91.13
2025-11-10,9:45:52.835306237,T,TGT,I,14,91.13
2025-11-10,9:45:52.835324134,T,TGT,I,36,91.13
2025-11-10,9:45:52.835336129,T,TGT,F I,63,91.13
2025-11-10,9:45:52.835678966,T,TGT,F,200,91.13
2025-11-10,9:45:52.835682004,T,TGT,F I,7,91.13
2025-11-10,9:45:52.835682004,T,TGT,F I,1,91.13
2025-11-10,9:45:59.009203853,T,TGT,F I,50,91.08
2025-11-10,9:46:00.016209955,T,TGT,F I,31,91.08
2025-11-10,9:46:02.490513761,T,TGT,I,63,91.095
2025-11-10,9:46:02.490580087,T,TGT,I,63,91.095
2025-11-10,9:46:02.510072315,T,TGT,,100,91.09
2025-11-10,9:46:02.511263203,T,TGT,I,10,91.09
2025-11-10,9:46:02.511383433,T,TGT,I,1,91.09
2025-11-10,9:46:04.185571030,T,TGT,,100,91.085
2025-11-10,9:46:04.205346200,T,TGT,F I,10,91.09
2025-11-10,9:46:06.838256751,T,TGT,F I,63,91.08
2025-11-10,9:46:06.838319904,T,TGT,F I,37,91.08
2025-11-10,9:46:06.839450669,T,TGT,F I,26,91.08
2025-11-10,9:46:13.111787905,T,TGT,F,200,91.07
2025-11-10,9:46:13.112064542,T,TGT,F,200,91.07
2025-11-10,9:46:13.112101150,T,TGT,,100,91.08
2025-11-10,9:46:13.113056926,T,TGT,F I,1,91.09
2025-11-10,9:46:13.113177135,T,TGT,F I,17,91.1
2025-11-10,9:46:13.113237316,T,TGT,I,15,91.11
2025-11-10,9:46:13.113258922,T,TGT,I,15,91.11
2025-11-10,9:46:13.113261313,T,TGT,I,85,91.11
2025-11-10,9:46:13.113285465,T,TGT,I,12,91.11
2025-11-10,9:46:14.579614802,T,TGT,F,100,91.12
2025-11-10,9:46:14.579617859,T,TGT,F I,3,91.12
2025-11-10,9:46:14.579620799,T,TGT,F I,12,91.12
2025-11-10,9:46:14.579620799,T,TGT,F I,91,91.12
2025-11-10,9:46:14.579632799,T,TGT,I,1,91.12
2025-11-10,9:46:14.579635882,T,TGT,I,8,91.12
2025-11-10,9:46:14.831128004,T,TGT,F I,63,91.1
2025-11-10,9:46:15.877395634,T,TGT,I,13,91.1
2025-11-10,9:46:17.704479360,T,TGT,I,11,91.13
2025-11-10,9:46:17.704482657,T,TGT,I,10,91.13
2025-11-10,9:46:17.704482657,T,TGT,I,3,91.13
2025-11-10,9:46:17.704497488,T,TGT,F I,5,91.13
2025-11-10,9:46:17.704500445,T,TGT,F I,50,91.13
2025-11-10,9:46:29.883585072,T,TGT,,100,91.11
2025-11-10,9:46:31.031260395,T,TGT,F I,3,91.11
2025-11-10,9:46:32.570243156,T,TGT,F I,11,91.08
2025-11-10,9:46:32.570243156,T,TGT,F I,15,91.08
2025-11-10,9:46:35.300375401,T,TGT,F I,12,91.05
2025-11-10,9:46:35.325918204,T,TGT,F,100,91.05
2025-11-10,9:46:35.325918204,T,TGT,F I,8,91.05
2025-11-10,9:46:35.325939203,T,TGT,F I,8,91.05
2025-11-10,9:46:36.691188717,T,TGT,F I,2,91.07
2025-11-10,9:46:39.143128300,T,TGT,I,20,91.04
2025-11-10,9:46:39.143143374,T,TGT,F I,1,91.03
2025-11-10,9:46:39.143146446,T,TGT,F I,10,91.02
2025-11-10,9:46:39.143146446,T,TGT,F I,15,91.01
2025-11-10,9:46:39.143149316,T,TGT,F I,50,91.01
2025-11-10,9:46:39.331881951,T,TGT,,100,91.045
2025-11-10,9:46:41.450164581,T,TGT,,100,91.07
2025-11-10,9:46:43.509371450,T,TGT,,100,91.07
2025-11-10,9:46:49.240295714,T,TGT,I,10,91.13
2025-11-10,9:46:49.240314038,T,TGT,I,6,91.13
2025-11-10,9:46:49.240316847,T,TGT,I,17,91.13
2025-11-10,9:46:49.240316847,T,TGT,I,9,91.13
2025-11-10,9:46:49.240319824,T,TGT,I,10,91.13
2025-11-10,9:46:53.799403329,T,TGT,I,2,91.1
2025-11-10,9:46:53.799740185,T,TGT,F I,68,91.1
2025-11-10,9:46:53.799743143,T,TGT,F,100,91.1
2025-11-10,9:46:53.800642296,T,TGT,I,22,91.1
2025-11-10,9:46:58.540264281,T,TGT,F I,1,91.1
2025-11-10,9:47:04.438251507,T,TGT,I,5,91.09
2025-11-10,9:47:06.702074882,T,TGT,F I,50,91.08
2025-11-10,9:47:10.636161587,T,TGT,F I,2,91.11
2025-11-10,9:47:10.636245627,T,TGT,,311,91.11
2025-11-10,9:47:10.636263732,T,TGT,I,1,91.11
2025-11-10,9:47:10.636284724,T,TGT,I,88,91.11
2025-11-10,9:47:10.636365992,T,TGT,I,2,91.11
2025-11-10,9:47:17.048566372,T,TGT,I,10,91.05
2025-11-10,9:47:17.048569428,T,TGT,I,18,91.05
2025-11-10,9:47:17.342462747,T,TGT,I,1,91.05
2025-11-10,9:47:18.552046245,T,TGT,I,1,91.03
2025-11-10,9:47:18.923226614,T,TGT,I,1,91.045
2025-11-10,9:47:19.483662799,T,TGT,F I,3,91.06
2025-11-10,9:47:19.483756209,T,TGT,F I,5,91.06
2025-11-10,9:47:22.837450826,T,TGT,F I,50,91.04
2025-11-10,9:47:22.837486867,T,TGT,F I,3,91.04
2025-11-10,9:47:22.837492862,T,TGT,F I,2,91.04
2025-11-10,9:47:22.837565717,T,TGT,I,10,91.06
2025-11-10,9:47:22.838145423,T,TGT,I,90,91.065
2025-11-10,9:47:22.838145423,T,TGT,I,35,91.04
2025-11-10,9:47:22.838253746,T,TGT,F I,65,91.04
2025-11-10,9:47:22.838265671,T,TGT,F I,24,91.04
2025-11-10,9:47:22.875464318,T,TGT,I,21,91.045
2025-11-10,9:47:32.341590549,T,TGT,F I,66,91.01
2025-11-10,9:47:39.434433592,T,TGT,F I,4,91.0
2025-11-10,9:47:39.434439489,T,TGT,F I,1,91.0
2025-11-10,9:47:39.434441570,T,TGT,F I,75,91.0
2025-11-10,9:47:39.434448104,T,TGT,F I,3,91.0
2025-11-10,9:47:39.434460834,T,TGT,F,100,91.0
2025-11-10,9:47:39.434460834,T,TGT,F I,1,91.0
2025-11-10,9:47:39.434460834,T,TGT,F I,11,91.0
2025-11-10,9:47:39.434460834,T,TGT,F I,1,91.0
2025-11-10,9:47:39.434465564,T,TGT,F I,52,91.0
2025-11-10,9:47:39.434465564,T,TGT,F I,48,91.0
2025-11-10,9:47:39.434471615,T,TGT,F I,5,91.0
2025-11-10,9:47:39.434471615,T,TGT,F I,2,91.0
2025-11-10,9:47:39.434474582,T,TGT,F I,3,91.0
2025-11-10,9:47:39.434474582,T,TGT,F I,1,91.0
2025-11-10,9:47:39.434478282,T,TGT,F,189,91.0
2025-11-10,9:47:39.434481456,T,TGT,I,1,91.0
2025-11-10,9:47:39.434481456,T,TGT,F,595,91.0
2025-11-10,9:47:39.434486682,T,TGT,F,1215,91.0
2025-11-10,9:47:39.434486682,T,TGT,F,100,91.0
2025-11-10,9:47:39.434489654,T,TGT,F I,3,91.0
2025-11-10,9:47:39.434492715,T,TGT,F I,25,91.0
2025-11-10,9:47:39.434492715,T,TGT,F I,20,91.0
2025-11-10,9:47:39.434835545,T,TGT,F I,5,90.99
2025-11-10,9:47:39.435235449,T,TGT,F I,18,90.99
2025-11-10,9:47:39.441006257,T,TGT,F I,2,90.99
2025-11-10,9:47:39.441306957,T,TGT,F,100,91.0
2025-11-10,9:47:39.441469820,T,TGT,,400,91.0
2025-11-10,9:47:39.441881310,T,TGT,I,64,91.0
2025-11-10,9:47:39.441965456,T,TGT,F,100,91.0
2025-11-10,9:47:39.442344346,T,TGT,I,3,90.99
2025-11-10,9:47:39.642149428,T,TGT,F I,24,91.02
2025-11-10,9:47:44.082732940,T,TGT,F I,63,90.99
2025-11-10,9:47:44.082777832,T,TGT,F I,37,90.99
2025-11-10,9:47:44.104125650,T,TGT,I,16,90.99
2025-11-10,9:47:45.402183218,T,TGT,I,75,90.99
2025-11-10,9:47:46.696144937,T,TGT,I,51,91.0
2025-11-10,9:47:46.727891550,T,TGT,I,14,91.01
2025-11-10,9:47:46.727945738,T,TGT,I,1,91.01
2025-11-10,9:47:46.727970018,T,TGT,I,34,91.01
2025-11-10,9:47:46.728039146,T,TGT,I,1,91.01
2025-11-10,9:47:46.728041972,T,TGT,I,8,91.01
2025-11-10,9:47:46.728044958,T,TGT,F I,1,91.01
2025-11-10,9:47:46.728210313,T,TGT,,100,91.01
2025-11-10,9:47:46.728315593,T,TGT,F,100,91.0
2025-11-10,9:47:46.729356066,T,TGT,F I,1,90.97
2025-11-10,9:47:46.729617629,T,TGT,I,7,90.97
2025-11-10,9:47:46.729846207,T,TGT,F,100,90.96
2025-11-10,9:47:46.729849267,T,TGT,F I,9,90.96
2025-11-10,9:47:46.729873251,T,TGT,I,1,90.96
2025-11-10,9:47:47.088769294,T,TGT,I,39,90.95
2025-11-10,9:47:47.088790332,T,TGT,I,61,90.95
2025-11-10,9:47:48.486282732,T,TGT,I,99,90.95
2025-11-10,9:47:48.486285903,T,TGT,I,1,90.95
2025-11-10,9:47:48.486301137,T,TGT,I,1,90.95
2025-11-10,9:47:48.486303833,T,TGT,F I,46,90.95
2025-11-10,9:47:48.486306827,T,TGT,F I,10,90.95
2025-11-10,9:47:49.737094834,T,TGT,,157,90.95
2025-11-10,9:47:49.737112866,T,TGT,I,1,90.95
2025-11-10,9:47:49.737115824,T,TGT,I,42,90.95
2025-11-10,9:47:49.737115824,T,TGT,I,2,90.95
2025-11-10,9:47:50.885951726,T,TGT,I,3,90.94
2025-11-10,9:47:50.970994302,T,TGT,I,6,90.94
2025-11-10,9:47:53.201793341,T,TGT,F I,6,90.91
2025-11-10,9:47:53.720101926,T,TGT,I,12,90.9
2025-11-10,9:48:03.145773213,T,TGT,F,100,90.9
2025-11-10,9:48:03.145778636,T,TGT,F I,1,90.9
2025-11-10,9:48:03.145778636,T,TGT,F I,1,90.9
2025-11-10,9:48:13.463618426,T,TGT,F I,50,90.89
2025-11-10,9:48:13.464138164,T,TGT,F I,1,90.91
2025-11-10,9:48:15.011498643,T,TGT,I,1,90.93
2025-11-10,9:48:18.133795187,T,TGT,I,75,90.895
2025-11-10,9:48:18.133846327,T,TGT,I,25,90.895
2025-11-10,9:48:21.203487539,T,TGT,I,10,90.895
2025-11-10,9:48:22.621383474,T,TGT,I,7,90.85
2025-11-10,9:48:22.634768318,T,TGT,I,3,90.85
2025-11-10,9:48:22.634891603,T,TGT,I,25,90.85
2025-11-10,9:48:25.103292368,T,TGT,I,2,90.85
2025-11-10,9:48:26.304958235,T,TGT,I,1,90.85
2025-11-10,9:48:26.672292347,T,TGT,I,26,90.85
2025-11-10,9:48:27.582420014,T,TGT,F I,6,90.82
2025-11-10,9:48:27.582420014,T,TGT,F I,2,90.82
2025-11-10,9:48:27.582488855,T,TGT,F I,22,90.81
2025-11-10,9:48:27.582491878,T,TGT,F I,10,90.81
2025-11-10,9:48:27.582561632,T,TGT,F,100,90.8
2025-11-10,9:48:27.582563935,T,TGT,F I,25,90.8
2025-11-10,9:48:27.582567173,T,TGT,F I,20,90.8
2025-11-10,9:48:27.582567173,T,TGT,F I,5,90.8
2025-11-10,9:48:27.583021199,T,TGT,F I,1,90.79
2025-11-10,9:48:29.088109845,T,TGT,F I,1,90.77
2025-11-10,9:48:29.088113339,T,TGT,F,100,90.77
2025-11-10,9:48:29.088113339,T,TGT,F I,9,90.77
2025-11-10,9:48:29.088115885,T,TGT,F I,6,90.77
2025-11-10,9:48:29.089048734,T,TGT,F I,3,90.75
2025-11-10,9:48:29.089051209,T,TGT,F I,25,90.75
2025-11-10,9:48:29.089054087,T,TGT,F I,56,90.75
2025-11-10,9:48:29.140019509,T,TGT,I,13,90.77
2025-11-10,9:48:30.581362413,T,TGT,I,1,90.77
2025-11-10,9:48:30.603242513,T,TGT,I,9,90.77
2025-11-10,9:48:33.916644380,T,TGT,I,1,90.76
2025-11-10,9:48:33.917417237,T,TGT,F I,9,90.73
2025-11-10,9:48:33.917417237,T,TGT,F I,3,90.73
2025-11-10,9:48:35.651387192,T,TGT,F I,3,90.73
2025-11-10,9:48:35.651387192,T,TGT,F I,85,90.73
2025-11-10,9:48:35.651402175,T,TGT,F I,15,90.73
2025-11-10,9:48:36.798211374,T,TGT,F I,10,90.79
2025-11-10,9:48:36.798215782,T,TGT,F I,10,90.79
2025-11-10,9:48:36.798215782,T,TGT,F I,13,90.79
2025-11-10,9:48:36.798217553,T,TGT,F I,22,90.79
2025-11-10,9:48:36.987906332,T,TGT,F I,1,90.81
2025-11-10,9:48:36.988158924,T,TGT,I,4,90.83
2025-11-10,9:48:36.988158924,T,TGT,I,2,90.83
2025-11-10,9:48:36.988162039,T,TGT,I,1,90.83
2025-11-10,9:48:36.988164978,T,TGT,I,13,90.83
2025-11-10,9:48:36.989389565,T,TGT,F I,1,90.85
2025-11-10,9:48:36.989389565,T,TGT,F I,4,90.85
2025-11-10,9:48:36.989391872,T,TGT,F I,5,90.85
2025-11-10,9:48:36.989761701,T,TGT,F I,19,90.85
2025-11-10,9:48:36.989767705,T,TGT,F I,26,90.85
2025-11-10,9:48:36.989770792,T,TGT,F,100,90.85
2025-11-10,9:48:43.913375680,T,TGT,F,100,90.89
2025-11-10,9:48:43.913379219,T,TGT,F I,20,90.89
2025-11-10,9:48:43.914897302,T,TGT,I,26,90.88
2025-11-10,9:48:43.944677269,T,TGT,I,58,90.9
2025-11-10,9:48:43.944695258,T,TGT,F I,42,90.9
2025-11-10,9:48:43.945408004,T,TGT,I,25,90.89
2025-11-10,9:48:55.448611323,T,TGT,I,1,90.9
2025-11-10,9:48:55.483184676,T,TGT,I,1,90.9
2025-11-10,9:48:55.522957417,T,TGT,I,17,90.885
2025-11-10,9:48:55.522981519,T,TGT,I,63,90.885
2025-11-10,9:48:55.534959027,T,TGT,F I,20,90.88
2025-11-10,9:49:00.778241805,T,TGT,F I,3,90.81
2025-11-10,9:49:00.779772342,T,TGT,F I,1,90.75
2025-11-10,9:49:00.780295631,T,TGT,I,24,90.75
2025-11-10,9:49:00.780295631,T,TGT,I,4,90.75
2025-11-10,9:49:00.780304960,T,TGT,I,60,90.75
2025-11-10,9:49:00.780349760,T,TGT,F I,11,90.75
2025-11-10,9:49:00.782773526,T,TGT,I,32,90.74
2025-11-10,9:49:01.303349750,T,TGT,I,20,90.75
2025-11-10,9:49:01.303400827,T,TGT,I,1,90.75
2025-11-10,9:49:01.434224546,T,TGT,F I,25,90.8
2025-11-10,9:49:01.434227493,T,TGT,F,100,90.8
2025-11-10,9:49:01.434252225,T,TGT,I,75,90.8
2025-11-10,9:49:01.434428978,T,TGT,F,100,90.77
2025-11-10,9:49:01.434549408,T,TGT,F I,30,90.76
2025-11-10,9:49:01.434549408,T,TGT,F I,16,90.76
2025-11-10,9:49:01.434552368,T,TGT,F I,10,90.76
2025-11-10,9:49:01.434625393,T,TGT,,100,90.76
2025-11-10,9:49:01.434627643,T,TGT,,100,90.76
2025-11-10,9:49:01.434645505,T,TGT,,1425,90.76
2025-11-10,9:49:01.434895689,T,TGT,F I,16,90.75
2025-11-10,9:49:01.435409350,T,TGT,,200,90.745
2025-11-10,9:49:01.435415401,T,TGT,,100,90.75
2025-11-10,9:49:01.435415401,T,TGT,I,7,90.75
2025-11-10,9:49:01.435418355,T,TGT,,100,90.75
2025-11-10,9:49:01.435641080,T,TGT,I,1,90.73
2025-11-10,9:49:01.436064939,T,TGT,F,100,90.74
2025-11-10,9:49:01.436068235,T,TGT,F I,30,90.74
2025-11-10,9:49:01.436068235,T,TGT,F I,39,90.74
2025-11-10,9:49:01.436071528,T,TGT,F I,13,90.74
2025-11-10,9:49:01.436085979,T,TGT,F I,87,90.74
2025-11-10,9:49:01.548728387,T,TGT,F,150,90.74
2025-11-10,9:49:01.913985857,T,TGT,F I,63,90.72
2025-11-10,9:49:01.913987569,T,TGT,I,31,90.72
2025-11-10,9:49:01.914949888,T,TGT,F,100,90.72
2025-11-10,9:49:01.914949888,T,TGT,F I,39,90.72
2025-11-10,9:49:04.528972435,T,TGT,I,63,90.745
2025-11-10,9:49:04.529020590,T,TGT,I,37,90.745
2025-11-10,9:49:05.845124046,T,TGT,I,23,90.75
2025-11-10,9:49:06.198120089,T,TGT,I,28,90.75
2025-11-10,9:49:06.400772920,T,TGT,F I,24,90.75
2025-11-10,9:49:06.400776591,T,TGT,F,100,90.77
2025-11-10,9:49:06.400781908,T,TGT,F,127,90.77
2025-11-10,9:49:06.400781908,T,TGT,F,125,90.78
2025-11-10,9:49:06.400781908,T,TGT,F I,81,90.78
2025-11-10,9:49:09.003708131,T,TGT,I,14,90.74
2025-11-10,9:49:10.724254119,T,TGT,F I,63,90.74
2025-11-10,9:49:16.932539340,T,TGT,F,100,90.79
2025-11-10,9:49:16.932544742,T,TGT,F I,18,90.79
2025-11-10,9:49:16.932544742,T,TGT,F I,14,90.79
2025-11-10,9:49:16.932547814,T,TGT,F I,10,90.79
2025-11-10,9:49:16.933261098,T,TGT,,100,90.78
2025-11-10,9:49:16.933263428,T,TGT,I,75,90.78
2025-11-10,9:49:16.933266514,T,TGT,,116,90.78
2025-11-10,9:49:16.933437872,T,TGT,I,10,90.79
2025-11-10,9:49:16.953206991,T,TGT,I,1,90.82
2025-11-10,9:49:16.953206991,T,TGT,I,4,90.82
2025-11-10,9:49:16.953516784,T,TGT,I,21,90.82
2025-11-10,9:49:16.994958422,T,TGT,,100,90.82
2025-11-10,9:49:19.430641208,T,TGT,F I,1,90.78
2025-11-10,9:49:19.430698328,T,TGT,I,10,90.77
2025-11-10,9:49:19.431063101,T,TGT,I,27,90.8
2025-11-10,9:49:19.431110379,T,TGT,F I,50,90.8
2025-11-10,9:49:19.431146699,T,TGT,I,27,90.77
2025-11-10,9:49:19.431218650,T,TGT,I,10,90.8
2025-11-10,9:49:19.431263660,T,TGT,I,10,90.77
2025-11-10,9:49:19.431414706,T,TGT,I,10,90.81
2025-11-10,9:49:19.431459121,T,TGT,F I,31,90.78
2025-11-10,9:49:19.431498422,T,TGT,I,10,90.78
2025-11-10,9:49:19.431507290,T,TGT,F I,63,90.78
2025-11-10,9:49:19.431510443,T,TGT,F,294,90.78
2025-11-10,9:49:19.431522442,T,TGT,F I,26,90.78
2025-11-10,9:49:19.431531947,T,TGT,I,1,90.78
2025-11-10,9:49:19.431543431,T,TGT,F I,6,90.78
2025-11-10,9:49:19.431591658,T,TGT,I,14,90.74
2025-11-10,9:49:19.431595626,T,TGT,I,27,90.74
2025-11-10,9:49:19.431597631,T,TGT,I,56,90.74
2025-11-10,9:49:19.431600524,T,TGT,I,50,90.74
2025-11-10,9:49:19.431844075,T,TGT,F I,2,90.74
2025-11-10,9:49:19.432039557,T,TGT,I,50,90.74
2025-11-10,9:49:19.432064909,T,TGT,I,75,90.74
2025-11-10,9:49:19.432216955,T,TGT,I,7,90.76
2025-11-10,9:49:19.432825134,T,TGT,I,8,90.74
2025-11-10,9:49:19.432825134,T,TGT,I,9,90.74
2025-11-10,9:49:19.432830700,T,TGT,I,9,90.74
2025-11-10,9:49:19.432830700,T,TGT,I,42,90.74
2025-11-10,9:49:19.433140203,T,TGT,,100,90.73
2025-11-10,9:49:19.433143174,T,TGT,I,27,90.73
2025-11-10,9:49:19.433485984,T,TGT,I,12,90.73
2025-11-10,9:49:19.433528126,T,TGT,I,75,90.73
2025-11-10,9:49:19.434199160,T,TGT,F I,5,90.74
2025-11-10,9:49:19.434201744,T,TGT,F I,50,90.74
2025-11-10,9:49:19.434246782,T,TGT,,100,90.73
2025-11-10,9:49:19.434306905,T,TGT,I,33,90.73
2025-11-10,9:49:19.434367130,T,TGT,I,1,90.72
2025-11-10,9:49:19.434367130,T,TGT,I,50,90.72
2025-11-10,9:49:19.434899832,T,TGT,I,5,90.73
2025-11-10,9:49:19.434899832,T,TGT,I,66,90.73
2025-11-10,9:49:19.434906048,T,TGT,I,41,90.73
2025-11-10,9:49:19.434906048,T,TGT,I,41,90.73
2025-11-10,9:49:19.434906048,T,TGT,I,41,90.73
2025-11-10,9:49:19.434908406,T,TGT,I,41,90.73
2025-11-10,9:49:19.434914414,T,TGT,I,50,90.73
2025-11-10,9:49:19.434914414,T,TGT,I,33,90.73
2025-11-10,9:49:19.434914414,T,TGT,I,21,90.73
2025-11-10,9:49:19.434962498,T,TGT,I,93,90.73
2025-11-10,9:49:19.434986547,T,TGT,F I,5,90.73
2025-11-10,9:49:19.435016662,T,TGT,,395,90.73
2025-11-10,9:49:19.439722892,T,TGT,I,32,90.73
2025-11-10,9:49:19.491136639,T,TGT,I,6,90.75
2025-11-10,9:49:19.491136639,T,TGT,I,32,90.75
2025-11-10,9:49:19.491139403,T,TGT,I,34,90.75
2025-11-10,9:49:20.691139333,T,TGT,,100,90.755
2025-11-10,9:49:20.691181381,T,TGT,I,20,90.76
2025-11-10,9:49:20.691214674,T,TGT,I,33,90.77
2025-11-10,9:49:20.691217533,T,TGT,I,17,90.77
2025-11-10,9:49:20.691253755,T,TGT,I,75,90.77
2025-11-10,9:49:20.691653571,T,TGT,I,53,90.77
2025-11-10,9:49:20.818799399,T,TGT,I,6,90.77
2025-11-10,9:49:22.900169110,T,TGT,F I,6,90.75
2025-11-10,9:49:22.900172050,T,TGT,F,100,90.74
2025-11-10,9:49:23.173784963,T,TGT,I,2,90.725
2025-11-10,9:49:23.174419736,T,TGT,F I,1,90.7
2025-11-10,9:49:23.174422413,T,TGT,F I,1,90.7
2025-11-10,9:49:27.591021339,T,TGT,I,32,90.72
2025-11-10,9:49:27.591023493,T,TGT,I,3,90.72
2025-11-10,9:49:27.591032554,T,TGT,I,1,90.72
2025-11-10,9:49:27.591032554,T,TGT,I,1,90.72
2025-11-10,9:49:27.591035602,T,TGT,I,1,90.72
2025-11-10,9:49:27.591035602,T,TGT,I,1,90.72
2025-11-10,9:49:27.591038583,T,TGT,I,10,90.72
2025-11-10,9:49:27.591071637,T,TGT,I,10,90.72
2025-11-10,9:49:27.591098877,T,TGT,I,20,90.73
2025-11-10,9:49:27.690061551,T,TGT,F,100,90.73
2025-11-10,9:49:27.690061551,T,TGT,F,390,90.73
2025-11-10,9:49:28.813682458,T,TGT,F I,63,90.72
2025-11-10,9:49:28.813733659,T,TGT,F I,37,90.72
2025-11-10,9:49:28.813776425,T,TGT,,100,90.73
2025-11-10,9:49:28.813776425,T,TGT,I,11,90.73
2025-11-10,9:49:28.813778676,T,TGT,I,16,90.73
2025-11-10,9:49:31.272595518,T,TGT,I,75,90.75
2025-11-10,9:49:31.272595518,T,TGT,I,25,90.76
2025-11-10,9:49:31.272613586,T,TGT,I,75,90.76
2025-11-10,9:49:35.013967955,T,TGT,I,1,90.73
2025-11-10,9:49:35.904172843,T,TGT,F I,18,90.73
2025-11-10,9:49:37.118697240,T,TGT,F I,1,90.71
2025-11-10,9:49:40.703053689,T,TGT,I,18,90.71
2025-11-10,9:49:40.703194985,T,TGT,I,10,90.71
2025-11-10,9:49:40.744702848,T,TGT,I,17,90.71
2025-11-10,9:49:51.454189275,T,TGT,F I,63,90.7
2025-11-10,9:49:57.469113270,T,TGT,I,2,90.68
2025-11-10,9:49:59.032168085,T,TGT,I,2,90.71
2025-11-10,9:50:01.268442788,T,TGT,F I,2,90.66
2025-11-10,9:50:01.268442788,T,TGT,F I,10,90.66
2025-11-10,9:50:01.268731826,T,TGT,F I,10,90.63
2025-11-10,9:50:01.268731826,T,TGT,F I,25,90.63
2025-11-10,9:50:01.269255489,T,TGT,I,9,90.63
2025-11-10,9:50:01.624118133,T,TGT,F I,1,90.59
2025-11-10,9:50:01.819463575,T,TGT,,100,90.595
2025-11-10,9:50:02.999983026,T,TGT,F I,21,90.55
2025-11-10,9:50:02.999983026,T,TGT,F I,10,90.55
2025-11-10,9:50:04.745623911,T,TGT,,300,90.51
2025-11-10,9:50:04.746101982,T,TGT,F I,50,90.51
2025-11-10,9:50:04.746141100,T,TGT,I,1,90.5
2025-11-10,9:50:04.746144141,T,TGT,I,1,90.5
2025-11-10,9:50:04.746144141,T,TGT,I,5,90.5
2025-11-10,9:50:04.746147383,T,TGT,I,75,90.5
2025-11-10,9:50:04.746150151,T,TGT,I,18,90.5
2025-11-10,9:50:05.904221155,T,TGT,I,2,90.54
2025-11-10,9:50:05.938848675,T,TGT,F I,2,90.51
2025-11-10,9:50:06.248156565,T,TGT,F I,2,90.49
2025-11-10,9:50:06.248670740,T,TGT,I,6,90.49
2025-11-10,9:50:07.356446852,T,TGT,F I,60,90.44
2025-11-10,9:50:07.658165295,T,TGT,,100,90.5
2025-11-10,9:50:08.034769953,T,TGT,I,45,90.51
2025-11-10,9:50:08.129781307,T,TGT,F I,55,90.51
2025-11-10,9:50:08.183967370,T,TGT,F I,60,90.52
2025-11-10,9:50:08.184039586,T,TGT,F,100,90.53
2025-11-10,9:50:17.474541338,T,TGT,F I,2,90.59
2025-11-10,9:50:17.474568628,T,TGT,F I,2,90.6
2025-11-10,9:50:17.474568628,T,TGT,F I,4,90.6
2025-11-10,9:50:17.474571502,T,TGT,F I,2,90.6
2025-11-10,9:50:17.479437918,T,TGT,F I,4,90.62
2025-11-10,9:50:17.479437918,T,TGT,F I,7,90.62
2025-11-10,9:50:17.479439987,T,TGT,F I,50,90.62
2025-11-10,9:50:17.530540975,T,TGT,F I,4,90.67
2025-11-10,9:50:18.214950218,T,TGT,F I,4,90.69
2025-11-10,9:50:18.346315176,T,TGT,F I,13,90.72
2025-11-10,9:50:18.346570870,T,TGT,F I,5,90.72
2025-11-10,9:50:19.867537438,T,TGT,F I,1,90.73
2025-11-10,9:50:19.867558454,T,TGT,F I,4,90.73
2025-11-10,9:50:19.867561464,T,TGT,F I,65,90.73
2025-11-10,9:50:19.867606556,T,TGT,,100,90.74
2025-11-10,9:50:23.396321780,T,TGT,F I,20,90.87
2025-11-10,9:50:23.396324392,T,TGT,F I,50,90.87
2025-11-10,9:50:23.396342479,T,TGT,I,1,90.87
2025-11-10,9:50:23.400384037,T,TGT,I,10,90.86
2025-11-10,9:50:24.551319091,T,TGT,F I,10,90.9
2025-11-10,9:50:24.551322143,T,TGT,F,100,90.9
2025-11-10,9:50:24.551379357,T,TGT,I,20,90.91
2025-11-10,9:50:24.553896366,T,TGT,F,100,90.95
2025-11-10,9:50:24.553896366,T,TGT,F I,9,90.95
2025-11-10,9:50:24.553899514,T,TGT,F I,37,90.96
2025-11-10,9:50:24.553902201,T,TGT,F,100,90.96
2025-11-10,9:50:24.554028666,T,TGT,,100,90.93
2025-11-10,9:50:24.554028666,T,TGT,I,32,90.93
2025-11-10,9:50:24.554850351,T,TGT,F,100,90.93
2025-11-10,9:50:24.554850351,T,TGT,F I,35,90.93
2025-11-10,9:50:24.554852657,T,TGT,F I,25,90.94
2025-11-10,9:50:24.554855496,T,TGT,F,100,90.95
2025-11-10,9:50:24.556823118,T,TGT,F I,2,90.95
2025-11-10,9:50:24.556823118,T,TGT,F I,14,90.94
2025-11-10,9:50:24.556825531,T,TGT,F I,23,90.94
2025-11-10,9:50:24.556828357,T,TGT,I,2,90.94
2025-11-10,9:50:24.558662583,T,TGT,I,10,90.95
2025-11-10,9:50:24.559642882,T,TGT,F I,50,90.92
2025-11-10,9:50:24.560052689,T,TGT,F I,20,90.91
2025-11-10,9:50:24.560057957,T,TGT,F I,42,90.91
2025-11-10,9:50:24.603926465,T,TGT,I,9,90.95
2025-11-10,9:50:31.442485919,T,TGT,F I,89,90.86
2025-11-10,9:50:31.442485919,T,TGT,F I,10,90.86
2025-11-10,9:50:31.443911732,T,TGT,I,25,90.88
2025-11-10,9:50:31.443911732,T,TGT,I,11,90.88
2025-11-10,9:50:31.443914094,T,TGT,I,10,90.88
2025-11-10,9:50:36.382736385,T,TGT,,127,90.88
2025-11-10,9:50:36.382739346,T,TGT,I,14,90.89
2025-11-10,9:50:44.887502124,T,TGT,I,27,90.89
2025-11-10,9:50:45.562565402,T,TGT,F I,17,90.87
2025-11-10,9:50:45.562571602,T,TGT,F,100,90.87
2025-11-10,9:50:45.562574382,T,TGT,F I,5,90.87
2025-11-10,9:50:45.562574382,T,TGT,F I,75,90.87
2025-11-10,9:50:45.562577401,T,TGT,F I,20,90.87
2025-11-10,9:50:45.562947332,T,TGT,F,100,90.87
2025-11-10,9:50:48.984240497,T,TGT,F,100,90.91
2025-11-10,9:50:48.984240497,T,TGT,F I,5,90.91
2025-11-10,9:50:48.984787469,T,TGT,F I,41,90.92
2025-11-10,9:50:48.984796556,T,TGT,F I,59,90.92
2025-11-10,9:50:48.984826732,T,TGT,F I,8,90.93
2025-11-10,9:50:49.105687553,T,TGT,I,1,90.92
2025-11-10,9:50:49.359359889,T,TGT,F I,63,90.93
2025-11-10,9:50:58.784699847,T,TGT,F,100,90.94
2025-11-10,9:50:58.785821581,T,TGT,F I,4,90.97
2025-11-10,9:50:58.807894547,T,TGT,I,4,90.99
2025-11-10,9:51:03.344390864,T,TGT,,100,91.0
2025-11-10,9:51:03.344393900,T,TGT,I,10,91.0
2025-11-10,9:51:04.210866251,T,TGT,I,3,90.96
2025-11-10,9:51:16.351194482,T,TGT,F I,2,90.96
2025-11-10,9:51:16.351474197,T,TGT,I,18,90.96
2025-11-10,9:51:25.514475409,T,TGT,F I,10,90.9
2025-11-10,9:51:25.514478175,T,TGT,F I,14,90.89
2025-11-10,9:51:25.514481312,T,TGT,F I,31,90.89
2025-11-10,9:51:25.514481312,T,TGT,F I,20,90.89
2025-11-10,9:51:25.514484202,T,TGT,F I,28,90.89
2025-11-10,9:51:25.514559740,T,TGT,F I,63,90.89
2025-11-10,9:51:25.514664606,T,TGT,F I,9,90.89
2025-11-10,9:51:25.515762785,T,TGT,F I,1,90.85
2025-11-10,9:51:25.515789349,T,TGT,F I,23,90.85
2025-11-10,9:51:25.516032951,T,TGT,F I,1,90.85
2025-11-10,9:51:28.289751100,T,TGT,I,61,90.89
2025-11-10,9:51:28.429280478,T,TGT,F I,75,90.89
2025-11-10,9:51:28.429280478,T,TGT,F I,25,90.9
2025-11-10,9:51:28.429885005,T,TGT,F I,9,90.88
2025-11-10,9:51:28.893391167,T,TGT,I,26,90.88
2025-11-10,9:51:30.950757593,T,TGT,I,75,90.88
2025-11-10,9:51:31.885260969,T,TGT,I,9,90.89
2025-11-10,9:51:32.493802804,T,TGT,I,30,90.89
2025-11-10,9:51:33.551239012,T,TGT,F I,16,90.85
2025-11-10,9:51:33.566124447,T,TGT,F I,37,90.82
2025-11-10,9:51:33.566124447,T,TGT,F I,15,90.82
2025-11-10,9:51:33.566674946,T,TGT,F I,20,90.8
2025-11-10,9:51:33.566740919,T,TGT,I,9,90.82
2025-11-10,9:51:33.567038675,T,TGT,I,76,90.83
2025-11-10,9:51:33.610516180,T,TGT,I,2,90.835
2025-11-10,9:51:33.611111649,T,TGT,I,9,90.835
2025-11-10,9:51:36.045772010,T,TGT,F I,9,90.8
2025-11-10,9:51:36.045772010,T,TGT,F I,20,90.8
2025-11-10,9:51:36.045802462,T,TGT,F,100,90.79
2025-11-10,9:51:36.045802462,T,TGT,F I,10,90.79
2025-11-10,9:51:36.045808451,T,TGT,F I,10,90.79
2025-11-10,9:51:36.046027706,T,TGT,F I,34,90.78
2025-11-10,9:51:36.046030668,T,TGT,F I,20,90.78
2025-11-10,9:51:36.046292213,T,TGT,F I,63,90.78
2025-11-10,9:51:36.046911746,T,TGT,F I,11,90.78
2025-11-10,9:51:38.634122493,T,TGT,I,1,90.765
2025-11-10,9:51:38.650252903,T,TGT,F I,5,90.74
2025-11-10,9:51:38.650319292,T,TGT,F I,24,90.73
2025-11-10,9:51:38.650319292,T,TGT,F I,1,90.73
2025-11-10,9:51:39.244125666,T,TGT,F I,63,90.74
2025-11-10,9:51:43.873285185,T,TGT,I,10,90.75
2025-11-10,9:51:44.371003924,T,TGT,I,8,90.75
2025-11-10,9:51:44.371006925,T,TGT,I,5,90.75
2025-11-10,9:51:45.003347403,T,TGT,I,1,90.75
2025-11-10,9:51:46.071320817,T,TGT,I,18,90.75
2025-11-10,9:51:46.106478157,T,TGT,F I,25,90.71
2025-11-10,9:51:46.106478157,T,TGT,F I,6,90.71
2025-11-10,9:51:46.106480574,T,TGT,F I,20,90.71
2025-11-10,9:51:49.212577565,T,TGT,F I,19,90.68
2025-11-10,9:51:49.212580558,T,TGT,F I,1,90.68
2025-11-10,9:51:49.212580558,T,TGT,F I,10,90.68
2025-11-10,9:51:49.212932906,T,TGT,F I,13,90.66
2025-11-10,9:51:49.213263168,T,TGT,F I,7,90.64
2025-11-10,9:51:49.213326306,T,TGT,F I,21,90.65
2025-11-10,9:51:49.947910365,T,TGT,F I,26,90.68
2025-11-10,9:51:53.038568619,T,TGT,F I,63,90.64
2025-11-10,9:51:54.989123646,T,TGT,I,2,90.635
2025-11-10,9:52:02.934833638,T,TGT,I,17,90.6
2025-11-10,9:52:02.934836504,T,TGT,I,2,90.6
2025-11-10,9:52:02.935287593,T,TGT,I,36,90.63
2025-11-10,9:52:02.935311644,T,TGT,I,36,90.63
2025-11-10,9:52:03.788119480,T,TGT,F I,36,90.62
2025-11-10,9:52:03.788122406,T,TGT,F I,20,90.62
2025-11-10,9:52:03.788155479,T,TGT,F I,4,90.61
2025-11-10,9:52:03.788155479,T,TGT,F I,10,90.61
2025-11-10,9:52:03.788273029,T,TGT,F I,7,90.6
2025-11-10,9:52:03.788306591,T,TGT,I,17,90.65
2025-11-10,9:52:03.788306591,T,TGT,I,9,90.65
2025-11-10,9:52:03.788312156,T,TGT,I,9,90.65
2025-11-10,9:52:03.788318201,T,TGT,I,25,90.655
2025-11-10,9:52:03.788318201,T,TGT,I,9,90.66
2025-11-10,9:52:03.788321476,T,TGT,I,17,90.66
2025-11-10,9:52:03.788321476,T,TGT,I,48,90.66
2025-11-10,9:52:03.788324357,T,TGT,I,25,90.66
2025-11-10,9:52:03.788330688,T,TGT,I,1,90.66
2025-11-10,9:52:03.788335839,T,TGT,I,1,90.66
2025-11-10,9:52:03.788335839,T,TGT,I,23,90.66
2025-11-10,9:52:03.788340577,T,TGT,I,17,90.66
2025-11-10,9:52:03.788342041,T,TGT,I,60,90.66
2025-11-10,9:52:03.788365990,T,TGT,I,75,90.66
2025-11-10,9:52:03.788374994,T,TGT,,127,90.66
2025-11-10,9:52:03.788543416,T,TGT,F I,13,90.65
2025-11-10,9:52:03.788546428,T,TGT,F I,1,90.65
2025-11-10,9:52:03.788570495,T,TGT,F I,5,90.65
2025-11-10,9:52:03.788600505,T,TGT,I,20,90.66
2025-11-10,9:52:03.788600505,T,TGT,I,75,90.66
2025-11-10,9:52:03.788747891,T,TGT,I,20,90.65
2025-11-10,9:52:03.788762851,T,TGT,F I,26,90.64
2025-11-10,9:52:03.788910691,T,TGT,I,8,90.66
2025-11-10,9:52:03.788958792,T,TGT,F I,26,90.64
2025-11-10,9:52:03.789033751,T,TGT,F I,8,90.64
2025-11-10,9:52:03.789078817,T,TGT,F,100,90.63
2025-11-10,9:52:03.789078817,T,TGT,F I,4,90.63
2025-11-10,9:52:03.789096736,T,TGT,F I,13,90.63
2025-11-10,9:52:03.789183883,T,TGT,F I,17,90.62
2025-11-10,9:52:03.789186926,T,TGT,F I,9,90.62
2025-11-10,9:52:03.789443462,T,TGT,F I,9,90.61
2025-11-10,9:52:03.789445621,T,TGT,F I,17,90.61
2025-11-10,9:52:03.789448529,T,TGT,F I,18,90.61
2025-11-10,9:52:03.789451662,T,TGT,F I,21,90.6
2025-11-10,9:52:03.789454546,T,TGT,F I,9,90.6
2025-11-10,9:52:03.789722175,T,TGT,I,17,90.62
2025-11-10,9:52:03.789791369,T,TGT,,100,90.61
2025-11-10,9:52:03.789833542,T,TGT,F I,63,90.6
2025-11-10,9:52:03.789884555,T,TGT,I,8,90.61
2025-11-10,9:52:03.789935703,T,TGT,I,41,90.62
2025-11-10,9:52:03.789938763,T,TGT,I,50,90.62
2025-11-10,9:52:03.789980754,T,TGT,F I,8,90.62
2025-11-10,9:52:03.789983849,T,TGT,I,2,90.62
2025-11-10,9:52:03.789992892,T,TGT,F I,98,90.62
2025-11-10,9:52:03.789995840,T,TGT,F I,2,90.62
2025-11-10,9:52:03.790107078,T,TGT,F I,1,90.62
2025-11-10,9:52:03.790203330,T,TGT,F I,7,90.62
2025-11-10,9:52:03.790224422,T,TGT,F I,1,90.62
2025-11-10,9:52:03.790293561,T,TGT,F I,26,90.62
2025-11-10,9:52:03.790293561,T,TGT,F I,11,90.62
2025-11-10,9:52:03.790305752,T,TGT,I,89,90.62
2025-11-10,9:52:03.790308534,T,TGT,I,36,90.62
2025-11-10,9:52:03.790338613,T,TGT,F I,41,90.62
2025-11-10,9:52:03.790711509,T,TGT,F I,7,90.62
2025-11-10,9:52:03.791120839,T,TGT,F I,16,90.62
2025-11-10,9:52:03.791120839,T,TGT,F I,10,90.61
2025-11-10,9:52:03.995343017,T,TGT,I,19,90.58
2025-11-10,9:52:03.996994036,T,TGT,I,13,90.57
2025-11-10,9:52:06.398695862,T,TGT,I,1,90.62
2025-11-10,9:52:07.512594733,T,TGT,F I,4,90.6
2025-11-10,9:52:07.512597635,T,TGT,F I,2,90.6
2025-11-10,9:52:09.396616111,T,TGT,F I,13,90.57
2025-11-10,9:52:09.396619146,T,TGT,F I,12,90.57
2025-11-10,9:52:11.046096890,T,TGT,F I,50,90.58
2025-11-10,9:52:11.169718405,T,TGT,I,33,90.58
2025-11-10,9:52:11.169781548,T,TGT,F I,63,90.58
2025-11-10,9:52:11.172295764,T,TGT,I,6,90.58
2025-11-10,9:52:11.172298639,T,TGT,I,12,90.58
2025-11-10,9:52:11.172298639,T,TGT,I,45,90.58
2025-11-10,9:52:12.626719553,T,TGT,I,1,90.59
2025-11-10,9:52:13.423112870,T,TGT,F I,1,90.56
2025-11-10,9:52:13.423112870,T,TGT,F I,10,90.56
2025-11-10,9:52:13.500312841,T,TGT,F I,2,90.53
2025-11-10,9:52:13.606270834,T,TGT,F I,16,90.52
2025-11-10,9:52:13.606273261,T,TGT,F I,25,90.52
2025-11-10,9:52:13.606276264,T,TGT,F I,16,90.52
2025-11-10,9:52:17.514474213,T,TGT,I,2,90.515
2025-11-10,9:52:19.141422302,T,TGT,F,100,90.55
2025-11-10,9:52:19.141422302,T,TGT,F I,20,90.55
2025-11-10,9:52:19.141425365,T,TGT,F I,1,90.55
2025-11-10,9:52:19.141879626,T,TGT,,221,90.55
2025-11-10,9:52:19.141879626,T,TGT,,200,90.55
2025-11-10,9:52:19.143241709,T,TGT,F I,2,90.53
2025-11-10,9:52:20.134186505,T,TGT,F I,2,90.52
2025-11-10,9:52:20.134189658,T,TGT,F,100,90.52
2025-11-10,9:52:20.134189658,T,TGT,F I,12,90.52
2025-11-10,9:52:20.134207575,T,TGT,F I,3,90.51
2025-11-10,9:52:20.134267666,T,TGT,F I,50,90.52
2025-11-10,9:52:20.134409028,T,TGT,F I,24,90.5
2025-11-10,9:52:20.134409028,T,TGT,F I,10,90.5
2025-11-10,9:52:21.233387299,T,TGT,F,100,90.48
2025-11-10,9:52:21.233387299,T,TGT,F I,1,90.48
2025-11-10,9:52:21.233387299,T,TGT,F I,5,90.48
2025-11-10,9:52:22.120045683,T,TGT,I,20,90.48
2025-11-10,9:52:22.120045683,T,TGT,I,2,90.48
2025-11-10,9:52:32.635254152,T,TGT,F I,15,90.52
2025-11-10,9:52:32.635254152,T,TGT,F I,70,90.52
2025-11-10,9:52:32.667422117,T,TGT,F,100,90.53
2025-11-10,9:52:32.667424775,T,TGT,F I,1,90.53
2025-11-10,9:52:32.667427764,T,TGT,F I,1,90.53
2025-11-10,9:52:32.667427764,T,TGT,F I,1,90.53
2025-11-10,9:52:32.667481988,T,TGT,F I,2,90.53
2025-11-10,9:52:32.667481988,T,TGT,F I,64,90.53
2025-11-10,9:52:32.667493924,T,TGT,F I,10,90.54
2025-11-10,9:52:32.667953931,T,TGT,F I,5,90.55
2025-11-10,9:52:32.667953931,T,TGT,F I,53,90.55
2025-11-10,9:52:35.691817093,T,TGT,F I,2,90.54
2025-11-10,9:52:35.691874266,T,TGT,F I,2,90.53
2025-11-10,9:52:35.691923029,T,TGT,F,100,90.53
2025-11-10,9:52:35.692797481,T,TGT,F I,62,90.53
2025-11-10,9:52:38.596770911,T,TGT,F I,63,90.55
2025-11-10,9:52:39.719946691,T,TGT,I,30,90.52
2025-11-10,9:52:39.719967773,T,TGT,F I,63,90.52
2025-11-10,9:52:40.888801475,T,TGT,I,1,90.52
2025-11-10,9:52:41.538234735,T,TGT,I,75,90.52
2025-11-10,9:52:47.053262681,T,TGT,I,14,90.52
2025-11-10,9:52:47.409070416,T,TGT,F,100,90.56
2025-11-10,9:52:47.409070416,T,TGT,F I,84,90.56
2025-11-10,9:52:47.410132941,T,TGT,F,100,90.53
2025-11-10,9:52:47.410135303,T,TGT,F I,20,90.53
2025-11-10,9:52:47.410138072,T,TGT,F I,50,90.53
2025-11-10,9:52:47.410138072,T,TGT,F I,20,90.53
2025-11-10,9:52:47.410279251,T,TGT,,300,90.53
2025-11-10,9:52:47.410318543,T,TGT,,400,90.53
2025-11-10,9:52:47.410318543,T,TGT,I,21,90.53
2025-11-10,9:52:47.410318543,T,TGT,,149,90.53
2025-11-10,9:52:47.412104607,T,TGT,F I,47,90.5
2025-11-10,9:52:47.412107846,T,TGT,F I,3,90.5
2025-11-10,9:52:47.412110801,T,TGT,F I,5,90.5
2025-11-10,9:52:47.412155956,T,TGT,F I,3,90.5
2025-11-10,9:52:47.412155956,T,TGT,F I,17,90.5
2025-11-10,9:52:47.412158794,T,TGT,F I,35,90.5
2025-11-10,9:52:47.412399317,T,TGT,I,8,90.5
2025-11-10,9:52:47.412399317,T,TGT,I,62,90.5
2025-11-10,9:52:47.412585836,T,TGT,F I,25,90.5
2025-11-10,9:52:47.412618818,T,TGT,F I,30,90.5
2025-11-10,9:52:47.412790299,T,TGT,F I,10,90.49
2025-11-10,9:52:47.412790299,T,TGT,F I,48,90.48
2025-11-10,9:52:47.412793701,T,TGT,F I,9,90.48
2025-11-10,9:52:47.415346332,T,TGT,F I,91,90.48
2025-11-10,9:52:47.590642962,T,TGT,I,75,90.475
2025-11-10,9:52:47.590645972,T,TGT,I,9,90.475
2025-11-10,9:52:50.008240680,T,TGT,I,63,90.475
2025-11-10,9:52:55.214556238,T,TGT,I,4,90.475
2025-11-10,9:52:59.236488584,T,TGT,I,21,90.49
2025-11-10,9:52:59.236491229,T,TGT,I,20,90.49
2025-11-10,9:52:59.236494132,T,TGT,I,20,90.49
2025-11-10,9:52:59.236494132,T,TGT,I,20,90.49
2025-11-10,9:52:59.236551377,T,TGT,I,5,90.5
2025-11-10,9:52:59.236551377,T,TGT,I,10,90.5
2025-11-10,9:52:59.236557232,T,TGT,I,4,90.5
2025-11-10,9:52:59.236791843,T,TGT,F I,12,90.49
2025-11-10,9:52:59.236791843,T,TGT,F I,20,90.5
2025-11-10,9:52:59.236797831,T,TGT,F I,12,90.5
2025-11-10,9:52:59.236797831,T,TGT,F I,8,90.5
2025-11-10,9:52:59.236797831,T,TGT,F I,4,90.5
2025-11-10,9:52:59.237173730,T,TGT,F I,44,90.5
2025-11-10,9:52:59.237209808,T,TGT,,161,90.5
2025-11-10,9:52:59.238382672,T,TGT,F,100,90.5
2025-11-10,9:52:59.238385661,T,TGT,F I,2,90.51
2025-11-10,9:52:59.238394661,T,TGT,F I,98,90.51
2025-11-10,9:52:59.238397700,T,TGT,F I,2,90.51
2025-11-10,9:52:59.238740423,T,TGT,I,44,90.51
2025-11-10,9:52:59.238785900,T,TGT,F,100,90.5
2025-11-10,9:52:59.238788582,T,TGT,F I,89,90.5
2025-11-10,9:52:59.238806630,T,TGT,I,1,90.5
2025-11-10,9:52:59.239188880,T,TGT,I,11,90.5
2025-11-10,9:52:59.239188880,T,TGT,,366,90.5
2025-11-10,9:52:59.239191547,T,TGT,,400,90.5
2025-11-10,9:52:59.239194514,T,TGT,,100,90.5
2025-11-10,9:52:59.241368812,T,TGT,F I,13,90.49
2025-11-10,9:52:59.261823444,T,TGT,I,4,90.49
2025-11-10,9:53:00.454891825,T,TGT,F I,13,90.47
2025-11-10,9:53:00.773729491,T,TGT,F I,11,90.5
2025-11-10,9:53:00.773733227,T,TGT,F I,2,90.5
2025-11-10,9:53:00.773733227,T,TGT,F I,10,90.5
2025-11-10,9:53:00.773735983,T,TGT,F I,50,90.5
2025-11-10,9:53:00.773738501,T,TGT,F I,9,90.5
2025-11-10,9:53:00.773738501,T,TGT,F I,20,90.5
2025-11-10,9:53:00.774250248,T,TGT,F,200,90.51
2025-11-10,9:53:00.774252903,T,TGT,F I,20,90.51
2025-11-10,9:53:00.774255694,T,TGT,F I,75,90.51
2025-11-10,9:53:00.774255694,T,TGT,F I,5,90.51
2025-11-10,9:53:00.774258656,T,TGT,F I,75,90.51
2025-11-10,9:53:00.774601580,T,TGT,,100,90.51
2025-11-10,9:53:00.774625690,T,TGT,I,27,90.51
2025-11-10,9:53:00.774628556,T,TGT,F I,63,90.51
2025-11-10,9:53:00.774646586,T,TGT,F I,10,90.51
2025-11-10,9:53:00.774688776,T,TGT,I,1,90.52
2025-11-10,9:53:00.774692482,T,TGT,I,1,90.52
2025-11-10,9:53:00.774692482,T,TGT,I,1,90.52
2025-11-10,9:53:00.774694804,T,TGT,I,1,90.52
2025-11-10,9:53:00.774706832,T,TGT,I,5,90.52
2025-11-10,9:53:00.774706832,T,TGT,I,2,90.52
2025-11-10,9:53:00.775139752,T,TGT,F I,2,90.52
2025-11-10,9:53:00.853698922,T,TGT,I,6,90.51
2025-11-10,9:53:00.963024437,T,TGT,F I,94,90.51
2025-11-10,9:53:00.963027384,T,TGT,F I,10,90.51
2025-11-10,9:53:02.716213460,T,TGT,F I,16,90.51
2025-11-10,9:53:02.716213460,T,TGT,F I,13,90.51
2025-11-10,9:53:02.716219295,T,TGT,F I,4,90.51
2025-11-10,9:53:02.716219295,T,TGT,F I,20,90.51
2025-11-10,9:53:03.172535403,T,TGT,F I,2,90.5
2025-11-10,9:53:06.007392233,T,TGT,I,10,90.5
2025-11-10,9:53:06.007392233,T,TGT,I,20,90.5
2025-11-10,9:53:06.223745663,T,TGT,I,22,90.5
2025-11-10,9:53:07.428397640,T,TGT,,100,90.51
2025-11-10,9:53:07.428442699,T,TGT,I,5,90.52
2025-11-10,9:53:07.429161404,T,TGT,F I,4,90.54
2025-11-10,9:53:07.429161404,T,TGT,F I,3,90.54
2025-11-10,9:53:07.429341836,T,TGT,I,19,90.52
2025-11-10,9:53:07.429365928,T,TGT,I,21,90.52
2025-11-10,9:53:09.644160539,T,TGT,F I,63,90.52
2025-11-10,9:53:11.472961372,T,TGT,I,26,90.54
2025-11-10,9:53:11.472961372,T,TGT,I,29,90.54
2025-11-10,9:53:11.472964536,T,TGT,I,27,90.54
2025-11-10,9:53:11.472967492,T,TGT,I,18,90.54
2025-11-10,9:53:15.192685302,T,TGT,I,3,90.525
2025-11-10,9:53:24.999198475,T,TGT,F I,1,90.5
2025-11-10,9:53:30.423909227,T,TGT,F I,41,90.54
2025-11-10,9:53:30.423927392,T,TGT,F I,21,90.54
2025-11-10,9:53:30.423933280,T,TGT,F I,9,90.54
2025-11-10,9:53:30.423933280,T,TGT,F,100,90.54
2025-11-10,9:53:32.521676941,T,TGT,I,18,90.53
2025-11-10,9:53:33.400253028,T,TGT,F I,22,90.53
2025-11-10,9:53:33.400256521,T,TGT,F,100,90.53
2025-11-10,9:53:33.400259919,T,TGT,F I,9,90.53
2025-11-10,9:53:33.400259919,T,TGT,F,155,90.53
2025-11-10,9:53:33.400265145,T,TGT,F I,36,90.53
2025-11-10,9:53:33.425907169,T,TGT,I,32,90.55
2025-11-10,9:53:33.425925195,T,TGT,F I,68,90.55
2025-11-10,9:53:33.426412376,T,TGT,F I,4,90.56
2025-11-10,9:53:33.452731071,T,TGT,I,8,90.55
2025-11-10,9:53:43.955928901,T,TGT,F,100,90.56
2025-11-10,9:53:43.955928901,T,TGT,F I,2,90.57
2025-11-10,9:53:43.955941006,T,TGT,F I,54,90.57
2025-11-10,9:53:43.956043160,T,TGT,F I,44,90.57
2025-11-10,9:53:43.956046213,T,TGT,F I,2,90.57
2025-11-10,9:53:45.873349027,T,TGT,F,100,90.6
2025-11-10,9:53:45.873349027,T,TGT,F I,5,90.6
2025-11-10,9:53:45.873597767,T,TGT,F I,4,90.62
2025-11-10,9:53:45.873597767,T,TGT,F I,47,90.62
2025-11-10,9:53:45.873600595,T,TGT,F I,72,90.62
2025-11-10,9:53:45.873621653,T,TGT,F I,28,90.62
2025-11-10,9:53:45.873624657,T,TGT,F,100,90.62
2025-11-10,9:53:45.873624657,T,TGT,F I,2,90.62
2025-11-10,9:53:45.915532526,T,TGT,F I,4,90.65
2025-11-10,9:53:45.923775136,T,TGT,F I,99,90.64
2025-11-10,9:53:50.826150853,T,TGT,I,14,90.63
2025-11-10,9:54:05.010159609,T,TGT,I,3,90.645
2025-11-10,9:54:09.311760743,T,TGT,F I,2,90.63
2025-11-10,9:54:09.312151736,T,TGT,,103,90.63
2025-11-10,9:54:09.312172746,T,TGT,I,1,90.63
2025-11-10,9:54:09.312190806,T,TGT,,523,90.63
2025-11-10,9:54:09.312202827,T,TGT,,371,90.63
2025-11-10,9:54:09.576421261,T,TGT,F I,3,90.61
2025-11-10,9:54:09.576451410,T,TGT,I,10,90.6
2025-11-10,9:54:09.577735426,T,TGT,F I,22,90.62
2025-11-10,9:54:09.577739068,T,TGT,F,100,90.62
2025-11-10,9:54:09.577741440,T,TGT,F I,2,90.62
2025-11-10,9:54:09.577744380,T,TGT,F I,50,90.62
2025-11-10,9:54:09.577744380,T,TGT,F I,20,90.62
2025-11-10,9:54:09.577747423,T,TGT,F I,25,90.62
2025-11-10,9:54:09.578162399,T,TGT,F I,34,90.62
2025-11-10,9:54:09.578171417,T,TGT,F I,23,90.62
2025-11-10,9:54:09.578288705,T,TGT,F I,32,90.63
2025-11-10,9:54:09.578309720,T,TGT,F I,5,90.63
2025-11-10,9:54:09.578315960,T,TGT,F I,63,90.63
2025-11-10,9:54:09.578315960,T,TGT,F I,22,90.63
2025-11-10,9:54:09.578318791,T,TGT,F I,2,90.63
2025-11-10,9:54:09.579741244,T,TGT,,400,90.63
2025-11-10,9:54:09.580114076,T,TGT,F,100,90.63
2025-11-10,9:54:09.580117432,T,TGT,F,100,90.63
2025-11-10,9:54:09.580120074,T,TGT,F I,1,90.63
2025-11-10,9:54:09.580120074,T,TGT,F I,2,90.63
2025-11-10,9:54:09.580129162,T,TGT,F I,2,90.64
2025-11-10,9:54:09.585800612,T,TGT,F I,92,90.65
2025-11-10,9:54:10.219581489,T,TGT,I,48,90.63
2025-11-10,9:54:12.577282540,T,TGT,I,29,90.62
2025-11-10,9:54:15.404597347,T,TGT,,100,90.615
2025-11-10,9:54:22.785745197,T,TGT,I,46,90.61
2025-11-10,9:54:25.459018103,T,TGT,F I,50,90.61
2025-11-10,9:54:25.459021417,T,TGT,F,300,90.61
2025-11-10,9:54:25.459102369,T,TGT,F,100,90.62
2025-11-10,9:54:26.190598425,T,TGT,I,2,90.64
2025-11-10,9:54:26.190601020,T,TGT,,100,90.64
2025-11-10,9:54:27.491716805,T,TGT,F I,3,90.65
2025-11-10,9:54:28.014632886,T,TGT,F,100,90.66
2025-11-10,9:54:29.197762426,T,TGT,I,75,90.67
2025-11-10,9:54:29.197804797,T,TGT,,100,90.68
2025-11-10,9:54:29.197807728,T,TGT,,100,90.68
2025-11-10,9:54:29.197810507,T,TGT,I,2,90.68
2025-11-10,9:54:29.198279701,T,TGT,I,4,90.69
2025-11-10,9:54:32.792851473,T,TGT,F I,1,90.63
2025-11-10,9:54:32.792851473,T,TGT,F I,34,90.63
2025-11-10,9:54:32.792854469,T,TGT,F I,5,90.63
2025-11-10,9:54:34.407831318,T,TGT,F I,5,90.61
2025-11-10,9:54:34.407834418,T,TGT,F I,34,90.61
2025-11-10,9:54:34.407834418,T,TGT,F I,1,90.61
2025-11-10,9:54:34.407837040,T,TGT,F I,10,90.61
2025-11-10,9:54:43.478644551,T,TGT,,100,90.57
2025-11-10,9:54:43.478644551,T,TGT,I,38,90.56
2025-11-10,9:54:43.481341988,T,TGT,I,49,90.56
2025-11-10,9:54:43.481378115,T,TGT,I,51,90.56
2025-11-10,9:54:45.063302809,T,TGT,I,4,90.575
2025-11-10,9:54:48.574371620,T,TGT,F,1299,90.55
2025-11-10,9:54:48.574386632,T,TGT,I,1,90.55
2025-11-10,9:54:48.574392664,T,TGT,F I,49,90.55
2025-11-10,9:54:48.574401862,T,TGT,,451,90.55
2025-11-10,9:54:48.574401862,T,TGT,I,30,90.55
2025-11-10,9:54:48.574404708,T,TGT,I,5,90.55
