DATE,TIME_M,EX,SYM_ROOT,TR_SCOND,SIZE,PRICE
2025-10-14,9:30:00.715571942,T,TGT,I,80,86.52
2025-10-14,9:30:00.715604952,T,TGT,Q,80,86.52
2025-10-14,9:30:00.973069349,T,TGT,F I,3,86.86
2025-10-14,9:30:01.152555009,T,TGT,I,4,86.55
2025-10-14,9:30:01.152717378,T,TGT,I,96,86.57
2025-10-14,9:30:01.152720320,T,TGT,,100,86.55
2025-10-14,9:30:02.816686783,T,TGT,I,2,86.48
2025-10-14,9:30:04.245069091,T,TGT,I,44,86.475
2025-10-14,9:30:04.245071916,T,TGT,F I,56,86.475
2025-10-14,9:30:04.245093030,T,TGT,F I,8,86.5
2025-10-14,9:30:08.364096195,T,TGT,I,2,86.53
2025-10-14,9:30:08.364099083,T,TGT,I,12,86.53
2025-10-14,9:30:08.364102045,T,TGT,I,5,86.53
2025-10-14,9:30:08.372964270,T,TGT,I,6,86.575
2025-10-14,9:30:08.372994299,T,TGT,I,4,86.575
2025-10-14,9:30:08.372994299,T,TGT,I,18,86.575
2025-10-14,9:30:08.380205412,T,TGT,I,17,86.575
2025-10-14,9:30:08.380208463,T,TGT,I,26,86.575
2025-10-14,9:30:09.295330685,T,TGT,I,4,86.55
2025-10-14,9:30:09.435639054,T,TGT,I,10,86.55
2025-10-14,9:30:10.256661206,T,TGT,F I,34,86.59
2025-10-14,9:30:10.256709116,T,TGT,F I,34,86.59
2025-10-14,9:30:10.256745908,T,TGT,F I,34,86.59
2025-10-14,9:30:10.256745908,T,TGT,I,34,86.59
2025-10-14,9:30:10.256754358,T,TGT,F I,27,86.59
2025-10-14,9:30:10.256769449,T,TGT,F I,18,86.59
2025-10-14,9:30:10.256772435,T,TGT,F I,6,86.6
2025-10-14,9:30:10.256775504,T,TGT,F I,10,86.6
2025-10-14,9:30:10.256793328,T,TGT,I,6,86.6
2025-10-14,9:30:10.256793328,T,TGT,I,12,86.6
2025-10-14,9:30:10.256832535,T,TGT,F I,13,86.63
2025-10-14,9:30:10.401898383,T,TGT,,100,86.6
2025-10-14,9:30:10.401898383,T,TGT,I,12,86.62
2025-10-14,9:30:10.401898383,T,TGT,I,1,86.63
2025-10-14,9:30:10.401901169,T,TGT,I,90,86.63
2025-10-14,9:30:10.401922327,T,TGT,I,10,86.63
2025-10-14,9:30:10.401922327,T,TGT,I,2,86.63
2025-10-14,9:30:10.401925118,T,TGT,,100,86.63
2025-10-14,9:30:10.401997734,T,TGT,,100,86.62
2025-10-14,9:30:33.816086216,T,TGT,,100,86.55
2025-10-14,9:30:33.816089248,T,TGT,I,1,86.55
2025-10-14,9:30:33.816089248,T,TGT,I,65,86.55
2025-10-14,9:30:33.816107341,T,TGT,I,35,86.55
2025-10-14,9:30:33.816486178,T,TGT,F,100,86.55
2025-10-14,9:30:33.816558380,T,TGT,F I,49,86.51
2025-10-14,9:30:33.816567377,T,TGT,F I,51,86.51
2025-10-14,9:30:33.816874132,T,TGT,F I,85,86.51
2025-10-14,9:30:33.816883106,T,TGT,F I,15,86.51
2025-10-14,9:30:33.816925257,T,TGT,,100,86.51
2025-10-14,9:30:33.816925257,T,TGT,,100,86.51
2025-10-14,9:30:33.816928239,T,TGT,,100,86.51
2025-10-14,9:30:33.817117752,T,TGT,F I,17,86.5
2025-10-14,9:30:33.817117752,T,TGT,F I,1,86.5
2025-10-14,9:30:33.817139357,T,TGT,I,18,86.5
2025-10-14,9:30:33.817141725,T,TGT,,232,86.5
2025-10-14,9:30:33.817162822,T,TGT,,100,86.51
2025-10-14,9:30:33.817547737,T,TGT,I,30,86.5
2025-10-14,9:30:33.817583968,T,TGT,I,60,86.5
2025-10-14,9:30:33.817644000,T,TGT,F I,8,86.51
2025-10-14,9:30:33.818248409,T,TGT,F I,1,86.51
2025-10-14,9:30:39.359279583,T,TGT,F,250,86.565
2025-10-14,9:30:39.429148087,T,TGT,,100,86.58
2025-10-14,9:30:41.324368616,T,TGT,F,250,86.57
2025-10-14,9:30:41.324371452,T,TGT,F,100,86.59
2025-10-14,9:30:41.324419499,T,TGT,,100,86.62
2025-10-14,9:30:41.324422545,T,TGT,,100,86.64
2025-10-14,9:30:41.324450268,T,TGT,F,100,86.65
2025-10-14,9:30:41.324517135,T,TGT,F,100,86.65
2025-10-14,9:30:41.324945719,T,TGT,I,37,86.58
2025-10-14,9:30:41.324999892,T,TGT,F I,50,86.65
2025-10-14,9:30:41.325096428,T,TGT,F,742,86.65
2025-10-14,9:30:41.325099100,T,TGT,F,100,86.65
2025-10-14,9:30:41.325102079,T,TGT,F,237,86.65
2025-10-14,9:30:41.325259699,T,TGT,,100,86.61
2025-10-14,9:30:41.325259699,T,TGT,I,18,86.61
2025-10-14,9:30:41.325264867,T,TGT,I,34,86.61
2025-10-14,9:30:41.325264867,T,TGT,I,25,86.61
2025-10-14,9:30:41.325270571,T,TGT,F I,2,86.61
2025-10-14,9:30:41.325279612,T,TGT,I,1,86.61
2025-10-14,9:30:41.325357829,T,TGT,I,37,86.63
2025-10-14,9:30:41.325360720,T,TGT,I,34,86.63
2025-10-14,9:30:41.325360720,T,TGT,,204,86.63
2025-10-14,9:30:41.325451216,T,TGT,F I,25,86.64
2025-10-14,9:30:41.325453943,T,TGT,F I,20,86.65
2025-10-14,9:30:41.325472240,T,TGT,I,25,86.65
2025-10-14,9:30:41.325487082,T,TGT,I,37,86.64
2025-10-14,9:30:41.325490146,T,TGT,I,2,86.64
2025-10-14,9:30:41.325490146,T,TGT,I,61,86.63
2025-10-14,9:30:41.325508391,T,TGT,F I,22,86.63
2025-10-14,9:30:41.325532214,T,TGT,F I,11,86.63
2025-10-14,9:30:41.325553186,T,TGT,F I,6,86.63
2025-10-14,9:30:41.325676500,T,TGT,F I,25,86.61
2025-10-14,9:30:41.325700550,T,TGT,I,15,86.63
2025-10-14,9:30:41.326617966,T,TGT,I,53,86.62
2025-10-14,9:30:41.326617966,T,TGT,I,47,86.62
2025-10-14,9:30:41.327270257,T,TGT,F I,25,86.6
2025-10-14,9:30:41.327345484,T,TGT,F I,35,86.6
2025-10-14,9:30:41.331436917,T,TGT,F I,4,86.61
2025-10-14,9:30:41.331436917,T,TGT,F I,4,86.61
2025-10-14,9:30:41.331441798,T,TGT,F I,52,86.61
2025-10-14,9:30:41.331486383,T,TGT,I,48,86.61
2025-10-14,9:30:41.331486383,T,TGT,I,30,86.62
2025-10-14,9:30:41.331525468,T,TGT,I,23,86.62
2025-10-14,9:30:41.333347830,T,TGT,F I,2,86.63
2025-10-14,9:30:41.333347830,T,TGT,F I,2,86.63
2025-10-14,9:30:41.333374812,T,TGT,I,48,86.63
2025-10-14,9:30:42.072782958,T,TGT,F I,25,86.68
2025-10-14,9:30:42.072785467,T,TGT,F I,45,86.68
2025-10-14,9:30:42.072953893,T,TGT,F I,20,86.69
2025-10-14,9:30:42.072962857,T,TGT,F,100,86.7
2025-10-14,9:30:42.072962857,T,TGT,F I,1,86.7
2025-10-14,9:30:43.361569037,T,TGT,F,100,86.63
2025-10-14,9:30:54.593439630,T,TGT,I,1,86.62
2025-10-14,9:30:55.429392534,T,TGT,I,99,86.62
2025-10-14,9:30:55.429458428,T,TGT,F,100,86.61
2025-10-14,9:30:55.429696001,T,TGT,F,100,86.61
2025-10-14,9:31:19.063855831,T,TGT,F,290,86.62
2025-10-14,9:31:19.065846316,T,TGT,I,1,86.62
2025-10-14,9:31:19.067494203,T,TGT,,100,86.67
2025-10-14,9:31:20.859953790,T,TGT,F I,80,86.73
2025-10-14,9:31:20.859956981,T,TGT,F,120,86.73
2025-10-14,9:31:20.859956981,T,TGT,F,120,86.74
2025-10-14,9:31:20.860219016,T,TGT,F I,80,86.74
2025-10-14,9:31:20.879530311,T,TGT,F I,31,86.69
2025-10-14,9:31:20.879611607,T,TGT,,100,86.69
2025-10-14,9:31:36.858570769,T,TGT,,100,86.7
2025-10-14,9:31:44.165448182,T,TGT,,100,86.655
2025-10-14,9:31:44.179590860,T,TGT,,100,86.655
2025-10-14,9:31:47.413712102,T,TGT,I,3,86.56
2025-10-14,9:31:58.406086037,T,TGT,I,2,86.53
2025-10-14,9:31:58.995390938,T,TGT,I,20,86.53
2025-10-14,9:32:05.967943756,T,TGT,F,100,86.495
2025-10-14,9:32:05.967946860,T,TGT,F I,11,86.53
2025-10-14,9:32:05.967946860,T,TGT,F I,39,86.53
2025-10-14,9:32:05.967958685,T,TGT,F,100,86.53
2025-10-14,9:32:05.968034395,T,TGT,F I,1,86.54
2025-10-14,9:32:05.968034395,T,TGT,F I,7,86.54
2025-10-14,9:32:05.968142225,T,TGT,I,9,86.5
2025-10-14,9:32:05.968154122,T,TGT,I,9,86.5
2025-10-14,9:32:05.968326145,T,TGT,,136,86.5
2025-10-14,9:32:05.968340632,T,TGT,,110,86.5
2025-10-14,9:32:05.968343569,T,TGT,I,15,86.49
2025-10-14,9:32:05.968397807,T,TGT,F I,12,86.51
2025-10-14,9:32:05.968442803,T,TGT,I,88,86.51
2025-10-14,9:32:05.968442803,T,TGT,,100,86.51
2025-10-14,9:32:05.968446516,T,TGT,,100,86.51
2025-10-14,9:32:05.968449002,T,TGT,,100,86.51
2025-10-14,9:32:05.968452125,T,TGT,,100,86.51
2025-10-14,9:32:05.968452125,T,TGT,,120,86.51
2025-10-14,9:32:05.968494608,T,TGT,I,67,86.51
2025-10-14,9:32:05.968494608,T,TGT,,100,86.51
2025-10-14,9:32:05.968497016,T,TGT,I,40,86.51
2025-10-14,9:32:05.968720013,T,TGT,I,2,86.5
2025-10-14,9:32:05.968720013,T,TGT,I,40,86.5
2025-10-14,9:32:05.968731760,T,TGT,I,25,86.5
2025-10-14,9:32:05.968770791,T,TGT,I,10,86.51
2025-10-14,9:32:05.968945647,T,TGT,I,12,86.51
2025-10-14,9:32:05.970593329,T,TGT,F I,2,86.5
2025-10-14,9:32:05.970593329,T,TGT,F I,2,86.5
2025-10-14,9:32:05.970596016,T,TGT,F I,81,86.49
2025-10-14,9:32:05.972713009,T,TGT,F I,59,86.53
2025-10-14,9:32:06.415578086,T,TGT,F I,4,86.59
2025-10-14,9:32:06.415581141,T,TGT,F I,50,86.6
2025-10-14,9:32:06.415581141,T,TGT,F I,38,86.6
2025-10-14,9:32:06.415695583,T,TGT,F I,4,86.61
2025-10-14,9:32:06.415698458,T,TGT,F I,45,86.61
2025-10-14,9:32:06.415785599,T,TGT,I,89,86.58
2025-10-14,9:32:06.415798295,T,TGT,I,11,86.58
2025-10-14,9:32:06.415800635,T,TGT,I,78,86.57
2025-10-14,9:32:06.415821679,T,TGT,I,1,86.57
2025-10-14,9:32:08.887163869,T,TGT,,250,86.6
2025-10-14,9:32:08.887202666,T,TGT,,2250,86.6
2025-10-14,9:32:09.956809056,T,TGT,F,200,86.52
2025-10-14,9:32:17.507368992,T,TGT,F I,10,86.49
2025-10-14,9:32:17.510538541,T,TGT,F I,64,86.5
2025-10-14,9:32:17.512538237,T,TGT,F I,50,86.5
2025-10-14,9:32:17.512562295,T,TGT,F I,90,86.5
2025-10-14,9:32:17.550732269,T,TGT,I,3,86.52
2025-10-14,9:32:17.550732269,T,TGT,I,38,86.52
2025-10-14,9:32:17.550744338,T,TGT,I,9,86.52
2025-10-14,9:32:18.251711404,T,TGT,,100,86.535
2025-10-14,9:32:18.663798160,T,TGT,,100,86.535
2025-10-14,9:32:28.931144597,T,TGT,F I,16,86.44
2025-10-14,9:32:28.932293351,T,TGT,,100,86.4
2025-10-14,9:32:28.932522123,T,TGT,,100,86.4
2025-10-14,9:32:28.933923326,T,TGT,F,100,86.37
2025-10-14,9:32:28.933941358,T,TGT,F,160,86.37
2025-10-14,9:32:28.933992407,T,TGT,,100,86.37
2025-10-14,9:32:28.933992407,T,TGT,I,4,86.38
2025-10-14,9:32:28.934014533,T,TGT,F I,1,86.38
2025-10-14,9:32:28.934014533,T,TGT,F I,6,86.38
2025-10-14,9:32:28.934016548,T,TGT,F I,21,86.38
2025-10-14,9:32:28.934061643,T,TGT,F I,3,86.39
2025-10-14,9:32:28.934383746,T,TGT,I,25,86.37
2025-10-14,9:32:28.934386529,T,TGT,I,3,86.37
2025-10-14,9:32:28.934386529,T,TGT,I,1,86.37
2025-10-14,9:32:28.934564041,T,TGT,F I,1,86.37
2025-10-14,9:32:28.934564041,T,TGT,F I,16,86.37
2025-10-14,9:32:28.935342597,T,TGT,I,12,86.36
2025-10-14,9:32:28.936473362,T,TGT,I,27,86.365
2025-10-14,9:32:28.936554509,T,TGT,,100,86.36
2025-10-14,9:32:28.936554509,T,TGT,I,1,86.35
2025-10-14,9:32:28.936557575,T,TGT,I,1,86.35
2025-10-14,9:32:28.936560533,T,TGT,I,25,86.35
2025-10-14,9:32:28.936825232,T,TGT,F I,67,86.35
2025-10-14,9:32:28.936825232,T,TGT,F I,25,86.35
2025-10-14,9:32:29.864685788,T,TGT,,100,86.375
2025-10-14,9:32:36.209709554,T,TGT,F,185,86.41
2025-10-14,9:32:36.209712472,T,TGT,F I,4,86.41
2025-10-14,9:32:44.287058419,T,TGT,I,11,86.42
2025-10-14,9:32:45.110606522,T,TGT,F I,29,86.44
2025-10-14,9:32:45.110630537,T,TGT,I,1,86.44
2025-10-14,9:32:45.110636695,T,TGT,F I,70,86.44
2025-10-14,9:32:45.110636695,T,TGT,F I,1,86.44
2025-10-14,9:32:45.110639625,T,TGT,I,71,86.44
2025-10-14,9:32:45.110654606,T,TGT,I,28,86.44
2025-10-14,9:32:45.110654606,T,TGT,I,43,86.44
2025-10-14,9:32:45.110657645,T,TGT,I,1,86.44
2025-10-14,9:32:45.110661390,T,TGT,I,56,86.44
2025-10-14,9:32:45.110661390,T,TGT,I,44,86.44
2025-10-14,9:32:45.110663634,T,TGT,F I,56,86.44
2025-10-14,9:32:45.380261976,T,TGT,,100,86.45
2025-10-14,9:32:45.380261976,T,TGT,,100,86.46
2025-10-14,9:32:45.380264963,T,TGT,I,11,86.46
2025-10-14,9:32:45.380273943,T,TGT,F I,41,86.46
2025-10-14,9:32:45.380285931,T,TGT,I,1,86.46
2025-10-14,9:32:45.380297962,T,TGT,I,58,86.46
2025-10-14,9:32:45.380297962,T,TGT,I,58,86.46
2025-10-14,9:32:45.380304053,T,TGT,F I,42,86.46
2025-10-14,9:32:48.444285865,T,TGT,I,9,86.435
2025-10-14,9:32:48.460383339,T,TGT,F I,90,86.47
2025-10-14,9:32:48.460404204,T,TGT,I,1,86.47
2025-10-14,9:32:48.460473373,T,TGT,I,49,86.47
2025-10-14,9:32:48.460473373,T,TGT,I,51,86.47
2025-10-14,9:32:48.546406185,T,TGT,I,49,86.47
2025-10-14,9:33:03.278078082,T,TGT,F I,4,86.63
2025-10-14,9:33:03.278216479,T,TGT,F I,26,86.63
2025-10-14,9:33:03.278760670,T,TGT,F I,26,86.63
2025-10-14,9:33:03.278835963,T,TGT,F I,26,86.63
2025-10-14,9:33:03.278911704,T,TGT,F I,22,86.63
2025-10-14,9:33:03.278914090,T,TGT,F I,4,86.65
2025-10-14,9:33:03.278938152,T,TGT,I,1,86.65
2025-10-14,9:33:03.402277168,T,TGT,F I,23,86.64
2025-10-14,9:33:03.402279988,T,TGT,I,21,86.64
2025-10-14,9:33:03.402289105,T,TGT,I,50,86.63
2025-10-14,9:33:03.402292474,T,TGT,I,30,86.63
2025-10-14,9:33:03.402292474,T,TGT,I,21,86.64
2025-10-14,9:33:03.402322108,T,TGT,F I,21,86.64
2025-10-14,9:33:03.402545205,T,TGT,F I,21,86.65
2025-10-14,9:33:06.904123422,T,TGT,F I,1,86.7
2025-10-14,9:33:06.904910924,T,TGT,I,1,86.7
2025-10-14,9:33:15.019560712,T,TGT,I,80,86.695
2025-10-14,9:33:18.432713447,T,TGT,I,6,86.69
2025-10-14,9:33:22.359787510,T,TGT,I,15,86.69
2025-10-14,9:33:30.407131174,T,TGT,F I,1,86.69
2025-10-14,9:33:30.444567688,T,TGT,I,4,86.72
2025-10-14,9:33:30.444570292,T,TGT,I,1,86.72
2025-10-14,9:33:30.507732701,T,TGT,I,3,86.74
2025-10-14,9:33:31.895073029,T,TGT,I,20,86.68
2025-10-14,9:33:31.895076024,T,TGT,I,7,86.68
2025-10-14,9:33:32.213258087,T,TGT,I,10,86.68
2025-10-14,9:33:32.377181596,T,TGT,I,6,86.68
2025-10-14,9:33:43.452962372,T,TGT,F I,77,86.75
2025-10-14,9:33:43.452986171,T,TGT,F I,23,86.75
2025-10-14,9:33:43.452988993,T,TGT,F I,26,86.76
2025-10-14,9:33:43.453007059,T,TGT,I,71,86.76
2025-10-14,9:33:48.439027009,T,TGT,I,6,86.725
2025-10-14,9:33:58.083238094,T,TGT,F I,4,86.72
2025-10-14,9:33:58.190001439,T,TGT,,100,86.73
2025-10-14,9:34:05.890131735,T,TGT,F,100,86.71
2025-10-14,9:34:05.890134846,T,TGT,F I,97,86.7
2025-10-14,9:34:05.890152891,T,TGT,I,1,86.7
2025-10-14,9:34:05.890188888,T,TGT,F I,99,86.7
2025-10-14,9:34:05.890297175,T,TGT,I,25,86.73
2025-10-14,9:34:05.890453547,T,TGT,,100,86.71
2025-10-14,9:34:05.890453547,T,TGT,I,48,86.72
2025-10-14,9:34:05.921628809,T,TGT,,100,86.72
2025-10-14,9:34:08.443199410,T,TGT,I,5,86.72
2025-10-14,9:34:09.140969838,T,TGT,F,100,86.69
2025-10-14,9:34:16.113480596,T,TGT,,100,86.69
2025-10-14,9:34:16.113528845,T,TGT,,100,86.69
2025-10-14,9:34:16.113841491,T,TGT,,100,86.73
2025-10-14,9:34:20.370675738,T,TGT,F I,4,86.72
2025-10-14,9:34:20.370675738,T,TGT,F I,29,86.72
2025-10-14,9:34:20.370678263,T,TGT,F I,1,86.72
2025-10-14,9:34:20.371162352,T,TGT,I,12,86.72
2025-10-14,9:34:20.371376256,T,TGT,F I,11,86.69
2025-10-14,9:34:20.371394289,T,TGT,F I,89,86.69
2025-10-14,9:34:20.371394289,T,TGT,F I,11,86.69
2025-10-14,9:34:20.371399888,T,TGT,F I,19,86.69
2025-10-14,9:34:20.371457137,T,TGT,,100,86.71
2025-10-14,9:34:20.371481178,T,TGT,I,1,86.71
2025-10-14,9:34:20.371514268,T,TGT,I,24,86.71
2025-10-14,9:34:20.371547264,T,TGT,,100,86.7
2025-10-14,9:34:20.372903494,T,TGT,,100,86.72
2025-10-14,9:34:20.372948682,T,TGT,,100,86.72
2025-10-14,9:34:20.373011807,T,TGT,F,100,86.72
2025-10-14,9:34:20.373047822,T,TGT,,100,86.71
2025-10-14,9:34:20.373084485,T,TGT,,100,86.72
2025-10-14,9:34:20.373141116,T,TGT,,100,86.71
2025-10-14,9:34:20.373228273,T,TGT,,100,86.71
2025-10-14,9:34:26.467981196,T,TGT,I,50,86.71
2025-10-14,9:34:26.467983894,T,TGT,I,18,86.71
2025-10-14,9:34:26.467998883,T,TGT,I,11,86.71
2025-10-14,9:34:26.468883666,T,TGT,I,15,86.72
2025-10-14,9:34:26.468886280,T,TGT,,100,86.72
2025-10-14,9:34:26.469256332,T,TGT,I,5,86.72
2025-10-14,9:34:26.472693119,T,TGT,,377,86.74
2025-10-14,9:34:28.416355850,T,TGT,F,100,86.78
2025-10-14,9:34:28.427326227,T,TGT,,139,86.78
2025-10-14,9:34:28.427328981,T,TGT,,100,86.78
2025-10-14,9:34:33.080810726,T,TGT,F,100,86.78
2025-10-14,9:34:33.080810726,T,TGT,F I,50,86.78
2025-10-14,9:34:33.080828800,T,TGT,I,1,86.78
2025-10-14,9:34:33.080832434,T,TGT,I,49,86.78
2025-10-14,9:34:33.080834762,T,TGT,I,18,86.78
2025-10-14,9:34:33.323254357,T,TGT,I,51,86.76
2025-10-14,9:34:33.323254357,T,TGT,I,34,86.76
2025-10-14,9:34:34.386233223,T,TGT,F,100,86.79
2025-10-14,9:34:44.047443318,T,TGT,F I,2,86.77
2025-10-14,9:34:44.047443318,T,TGT,F I,2,86.77
2025-10-14,9:34:44.047485329,T,TGT,I,46,86.77
2025-10-14,9:34:44.047485329,T,TGT,I,37,86.77
2025-10-14,9:34:49.259238007,T,TGT,I,5,86.8
2025-10-14,9:34:58.514523390,T,TGT,I,5,86.74
2025-10-14,9:35:03.967637253,T,TGT,F I,2,86.71
2025-10-14,9:35:03.967640238,T,TGT,F I,58,86.71
2025-10-14,9:35:03.967643227,T,TGT,F I,4,86.71
2025-10-14,9:35:03.967655267,T,TGT,F I,31,86.71
2025-10-14,9:35:09.145135447,T,TGT,I,11,86.68
2025-10-14,9:35:09.145150626,T,TGT,F I,79,86.68
2025-10-14,9:35:09.145150626,T,TGT,F I,2,86.68
2025-10-14,9:35:09.145168601,T,TGT,I,3,86.68
2025-10-14,9:35:15.628606116,T,TGT,I,7,86.655
2025-10-14,9:35:15.628609094,T,TGT,I,93,86.655
2025-10-14,9:35:17.513517888,T,TGT,F,100,86.68
2025-10-14,9:35:17.964306865,T,TGT,F,100,86.7
2025-10-14,9:35:20.159633132,T,TGT,F,100,86.73
2025-10-14,9:35:20.159651136,T,TGT,F I,12,86.73
2025-10-14,9:35:20.159663638,T,TGT,I,88,86.73
2025-10-14,9:35:20.159663638,T,TGT,I,12,86.73
2025-10-14,9:35:20.159666163,T,TGT,I,1,86.73
2025-10-14,9:35:20.159672183,T,TGT,I,87,86.73
2025-10-14,9:35:20.159693273,T,TGT,F I,50,86.74
2025-10-14,9:35:20.159745304,T,TGT,I,5,86.75
2025-10-14,9:35:20.159747510,T,TGT,I,1,86.75
2025-10-14,9:35:20.160466127,T,TGT,I,3,86.77
2025-10-14,9:35:28.449865339,T,TGT,I,6,86.795
2025-10-14,9:35:33.195501633,T,TGT,I,1,86.795
2025-10-14,9:35:33.195501633,T,TGT,I,9,86.795
2025-10-14,9:35:37.772168272,T,TGT,I,66,86.75
2025-10-14,9:35:37.772186297,T,TGT,I,11,86.75
2025-10-14,9:35:37.772186297,T,TGT,I,4,86.75
2025-10-14,9:35:37.772190023,T,TGT,I,20,86.75
2025-10-14,9:35:37.772192853,T,TGT,I,5,86.75
2025-10-14,9:35:37.772252874,T,TGT,I,59,86.78
2025-10-14,9:35:37.772255378,T,TGT,I,64,86.78
2025-10-14,9:35:37.772905264,T,TGT,I,12,86.8
2025-10-14,9:35:37.772908429,T,TGT,I,23,86.8
2025-10-14,9:35:37.772908429,T,TGT,I,49,86.8
2025-10-14,9:35:39.530027704,T,TGT,F,100,86.81
2025-10-14,9:35:39.530030262,T,TGT,F,100,86.81
2025-10-14,9:35:39.530033255,T,TGT,F,100,86.8
2025-10-14,9:35:39.530033255,T,TGT,F I,17,86.8
2025-10-14,9:35:40.254005042,T,TGT,F I,30,86.79
2025-10-14,9:35:40.254005042,T,TGT,F I,23,86.79
2025-10-14,9:35:40.254011692,T,TGT,F I,30,86.79
2025-10-14,9:35:40.254011692,T,TGT,F I,33,86.79
2025-10-14,9:35:40.254014091,T,TGT,F,110,86.79
2025-10-14,9:35:40.254017251,T,TGT,F I,65,86.79
2025-10-14,9:35:40.254017251,T,TGT,F I,1,86.79
2025-10-14,9:35:40.254020375,T,TGT,F I,34,86.79
2025-10-14,9:35:40.254020375,T,TGT,F I,6,86.79
2025-10-14,9:35:40.254023102,T,TGT,F I,1,86.79
2025-10-14,9:35:45.255520891,T,TGT,I,10,86.77
2025-10-14,9:35:48.871684280,T,TGT,F,100,86.82
2025-10-14,9:35:48.872120631,T,TGT,I,20,86.83
2025-10-14,9:35:48.872120631,T,TGT,I,20,86.83
2025-10-14,9:35:48.872132343,T,TGT,I,21,86.83
2025-10-14,9:35:48.872135376,T,TGT,I,10,86.83
2025-10-14,9:35:48.872144675,T,TGT,F I,29,86.83
2025-10-14,9:35:48.872147598,T,TGT,F I,71,86.83
2025-10-14,9:35:48.872174547,T,TGT,I,29,86.83
2025-10-14,9:35:48.872177571,T,TGT,I,31,86.83
2025-10-14,9:35:48.872177571,T,TGT,I,39,86.83
2025-10-14,9:35:48.872213575,T,TGT,F I,29,86.84
2025-10-14,9:35:48.872457066,T,TGT,I,71,86.84
2025-10-14,9:35:48.877569239,T,TGT,F I,3,86.86
2025-10-14,9:35:48.877575338,T,TGT,I,3,86.86
2025-10-14,9:35:48.877596409,T,TGT,F I,94,86.86
2025-10-14,9:35:48.877596409,T,TGT,F I,3,86.87
2025-10-14,9:35:48.878784292,T,TGT,F I,1,86.88
2025-10-14,9:35:48.878964576,T,TGT,,100,86.87
2025-10-14,9:35:48.879163142,T,TGT,F I,1,86.88
2025-10-14,9:35:48.879884812,T,TGT,I,6,86.87
2025-10-14,9:35:48.879915175,T,TGT,I,3,86.87
2025-10-14,9:35:48.879917899,T,TGT,I,3,86.87
2025-10-14,9:35:48.879921133,T,TGT,I,3,86.87
2025-10-14,9:35:48.879921133,T,TGT,I,2,86.87
2025-10-14,9:35:51.448682872,T,TGT,F,100,86.86
2025-10-14,9:35:51.448685857,T,TGT,F I,17,86.87
2025-10-14,9:35:51.448773114,T,TGT,,100,86.87
2025-10-14,9:35:51.449088818,T,TGT,F I,35,86.86
2025-10-14,9:35:51.449092020,T,TGT,F I,4,86.86
2025-10-14,9:35:51.449119520,T,TGT,,100,86.85
2025-10-14,9:35:51.449119520,T,TGT,I,50,86.85
2025-10-14,9:35:51.449119520,T,TGT,I,25,86.85
2025-10-14,9:35:51.449124904,T,TGT,I,33,86.85
2025-10-14,9:35:51.449124904,T,TGT,I,6,86.85
2025-10-14,9:35:51.449404557,T,TGT,F,100,86.84
2025-10-14,9:35:51.449666406,T,TGT,F,100,86.83
2025-10-14,9:35:51.449861646,T,TGT,F,100,86.82
2025-10-14,9:35:51.449864668,T,TGT,F I,25,86.82
2025-10-14,9:35:51.449891814,T,TGT,F,100,86.82
2025-10-14,9:35:51.454017635,T,TGT,F I,25,86.79
2025-10-14,9:35:51.454065749,T,TGT,F I,4,86.78
2025-10-14,9:35:51.454068685,T,TGT,F I,25,86.78
2025-10-14,9:35:51.454098817,T,TGT,F,100,86.79
2025-10-14,9:35:51.454129502,T,TGT,I,15,86.79
2025-10-14,9:35:51.454133077,T,TGT,,100,86.79
2025-10-14,9:35:51.454133077,T,TGT,I,5,86.8
2025-10-14,9:35:51.454135039,T,TGT,I,70,86.8
2025-10-14,9:35:51.454261650,T,TGT,F,100,86.8
2025-10-14,9:35:51.671104824,T,TGT,F I,1,86.79
2025-10-14,9:35:56.401115785,T,TGT,F I,50,86.75
2025-10-14,9:35:56.401143118,T,TGT,F I,3,86.74
2025-10-14,9:35:56.401645117,T,TGT,,128,86.76
2025-10-14,9:35:58.460277709,T,TGT,I,6,86.735
2025-10-14,9:36:02.333427525,T,TGT,F,100,86.735
2025-10-14,9:36:03.855398587,T,TGT,I,92,86.72
2025-10-14,9:36:07.568284536,T,TGT,F I,31,86.72
2025-10-14,9:36:23.041733579,T,TGT,F I,6,86.69
2025-10-14,9:36:23.041736576,T,TGT,F I,74,86.69
2025-10-14,9:36:23.041781638,T,TGT,F I,18,86.68
2025-10-14,9:36:23.041784664,T,TGT,F I,1,86.68
2025-10-14,9:36:23.042876205,T,TGT,I,20,86.67
2025-10-14,9:36:23.042903349,T,TGT,F,100,86.67
2025-10-14,9:36:23.042942343,T,TGT,F,100,86.67
2025-10-14,9:36:23.042960476,T,TGT,I,20,86.67
2025-10-14,9:36:23.064461640,T,TGT,,100,86.65
2025-10-14,9:36:23.105608648,T,TGT,I,60,86.65
2025-10-14,9:36:28.466420626,T,TGT,I,6,86.61
2025-10-14,9:36:28.577739803,T,TGT,I,21,86.66
2025-10-14,9:36:29.087057276,T,TGT,I,1,86.66
2025-10-14,9:36:34.159124194,T,TGT,F,100,86.57
2025-10-14,9:36:37.007197564,T,TGT,F,100,86.57
2025-10-14,9:36:57.331028125,T,TGT,I,30,86.57
2025-10-14,9:36:57.331094214,T,TGT,F I,70,86.57
2025-10-14,9:36:57.943891154,T,TGT,F,100,86.57
2025-10-14,9:36:58.468181268,T,TGT,I,7,86.57
2025-10-14,9:36:58.493330207,T,TGT,F,100,86.6
2025-10-14,9:36:58.493639924,T,TGT,,100,86.57
2025-10-14,9:37:07.794123058,T,TGT,F I,1,86.51
2025-10-14,9:37:07.796649094,T,TGT,I,25,86.54
2025-10-14,9:37:07.796983055,T,TGT,I,50,86.54
2025-10-14,9:37:07.796983055,T,TGT,I,50,86.54
2025-10-14,9:37:07.797539198,T,TGT,I,22,86.56
2025-10-14,9:37:07.797773815,T,TGT,I,2,86.55
2025-10-14,9:37:08.002633876,T,TGT,F,100,86.56
2025-10-14,9:37:08.002850415,T,TGT,F,124,86.57
2025-10-14,9:37:08.002868631,T,TGT,I,1,86.57
2025-10-14,9:37:08.002871469,T,TGT,I,1,86.57
2025-10-14,9:37:08.002881094,T,TGT,I,74,86.57
2025-10-14,9:37:08.002884114,T,TGT,,100,86.57
2025-10-14,9:37:08.002886547,T,TGT,I,2,86.57
2025-10-14,9:37:08.002886547,T,TGT,I,63,86.57
2025-10-14,9:37:08.002904746,T,TGT,I,27,86.55
2025-10-14,9:37:08.002913570,T,TGT,,135,86.57
2025-10-14,9:37:08.002913570,T,TGT,,239,86.57
2025-10-14,9:37:08.002922521,T,TGT,,135,86.57
2025-10-14,9:37:08.002952604,T,TGT,I,65,86.56
2025-10-14,9:37:08.002979688,T,TGT,I,35,86.56
2025-10-14,9:37:08.002979688,T,TGT,I,27,86.56
2025-10-14,9:37:08.003073077,T,TGT,I,65,86.57
2025-10-14,9:37:08.003073077,T,TGT,,161,86.57
2025-10-14,9:37:08.003154044,T,TGT,F I,12,86.56
2025-10-14,9:37:08.003184621,T,TGT,F I,2,86.56
2025-10-14,9:37:08.003212031,T,TGT,I,6,86.57
2025-10-14,9:37:08.003214627,T,TGT,I,6,86.57
2025-10-14,9:37:08.003217181,T,TGT,F I,18,86.57
2025-10-14,9:37:08.003412717,T,TGT,,100,86.57
2025-10-14,9:37:08.004122362,T,TGT,F I,7,86.57
2025-10-14,9:37:08.104032412,T,TGT,I,20,86.57
2025-10-14,9:37:08.104035440,T,TGT,I,27,86.57
2025-10-14,9:37:09.058476473,T,TGT,F,100,86.58
2025-10-14,9:37:09.058476473,T,TGT,F I,61,86.58
2025-10-14,9:37:09.058518757,T,TGT,I,12,86.58
2025-10-14,9:37:09.058518757,T,TGT,I,13,86.58
2025-10-14,9:37:09.058522510,T,TGT,I,13,86.58
2025-10-14,9:37:09.058522510,T,TGT,I,1,86.58
2025-10-14,9:37:09.058527579,T,TGT,I,1,86.58
2025-10-14,9:37:09.058527579,T,TGT,I,4,86.58
2025-10-14,9:37:09.059089831,T,TGT,I,52,86.59
2025-10-14,9:37:13.025398469,T,TGT,F,100,86.61
2025-10-14,9:37:13.051915626,T,TGT,F,100,86.62
2025-10-14,9:37:15.767872407,T,TGT,,100,86.62
2025-10-14,9:37:15.767872407,T,TGT,,100,86.63
2025-10-14,9:37:17.744201766,T,TGT,F,100,86.67
2025-10-14,9:37:17.750541240,T,TGT,I,1,86.67
2025-10-14,9:37:17.750541240,T,TGT,I,4,86.67
2025-10-14,9:37:17.750573997,T,TGT,F I,5,86.68
2025-10-14,9:37:17.849681064,T,TGT,I,5,86.68
2025-10-14,9:37:30.777508160,T,TGT,I,10,86.715
2025-10-14,9:37:30.777508160,T,TGT,I,11,86.715
2025-10-14,9:37:31.922206478,T,TGT,I,20,86.715
2025-10-14,9:37:31.922206478,T,TGT,I,2,86.715
2025-10-14,9:37:31.924404591,T,TGT,F I,24,86.71
2025-10-14,9:37:32.170895836,T,TGT,I,6,86.715
2025-10-14,9:37:32.171142451,T,TGT,I,3,86.715
2025-10-14,9:37:35.893010700,T,TGT,I,10,86.715
2025-10-14,9:37:42.229867000,T,TGT,,100,86.73
2025-10-14,9:37:42.232411125,T,TGT,,100,86.73
2025-10-14,9:37:42.663623453,T,TGT,,100,86.73
2025-10-14,9:37:43.580706293,T,TGT,,100,86.74
2025-10-14,9:37:43.912973977,T,TGT,I,62,86.735
2025-10-14,9:37:43.913001072,T,TGT,F,100,86.74
2025-10-14,9:37:48.477293266,T,TGT,I,5,86.735
2025-10-14,9:37:57.527763686,T,TGT,F I,30,86.71
2025-10-14,9:37:57.527763686,T,TGT,F I,22,86.71
2025-10-14,9:38:05.864863152,T,TGT,F,100,86.68
2025-10-14,9:38:05.864952665,T,TGT,F I,12,86.67
2025-10-14,9:38:05.864967788,T,TGT,F I,88,86.67
2025-10-14,9:38:05.864970728,T,TGT,F I,11,86.67
2025-10-14,9:38:05.865172819,T,TGT,I,30,86.68
2025-10-14,9:38:05.865172819,T,TGT,,100,86.68
2025-10-14,9:38:05.865178812,T,TGT,,100,86.68
2025-10-14,9:38:05.865181264,T,TGT,,100,86.68
2025-10-14,9:38:05.865196717,T,TGT,I,1,86.68
2025-10-14,9:38:05.865337903,T,TGT,I,30,86.67
2025-10-14,9:38:05.865337903,T,TGT,I,1,86.67
2025-10-14,9:38:05.865337903,T,TGT,I,30,86.67
2025-10-14,9:38:06.327845738,T,TGT,F I,3,86.69
2025-10-14,9:38:06.327845738,T,TGT,F,100,86.69
2025-10-14,9:38:06.327848531,T,TGT,F,100,86.69
2025-10-14,9:38:06.327851589,T,TGT,F I,66,86.69
2025-10-14,9:38:06.650640547,T,TGT,F I,3,86.7
2025-10-14,9:38:07.648345547,T,TGT,F,100,86.72
2025-10-14,9:38:08.479646090,T,TGT,I,6,86.72
2025-10-14,9:38:10.676247468,T,TGT,F,100,86.72
2025-10-14,9:38:12.536542553,T,TGT,,100,86.72
2025-10-14,9:38:12.696253022,T,TGT,,100,86.74
2025-10-14,9:38:12.696253022,T,TGT,I,5,86.75
2025-10-14,9:38:12.696992758,T,TGT,,100,86.745
2025-10-14,9:38:15.971785811,T,TGT,F I,28,86.72
2025-10-14,9:38:15.971806907,T,TGT,I,72,86.72
2025-10-14,9:38:15.971806907,T,TGT,I,26,86.72
2025-10-14,9:38:15.972246780,T,TGT,F I,20,86.7
2025-10-14,9:38:15.972248862,T,TGT,F I,7,86.7
2025-10-14,9:38:15.972297090,T,TGT,F I,93,86.7
2025-10-14,9:38:15.972297090,T,TGT,F I,7,86.7
2025-10-14,9:38:15.972712035,T,TGT,F,100,86.69
2025-10-14,9:38:15.972802213,T,TGT,F,100,86.68
2025-10-14,9:38:15.972862698,T,TGT,F I,29,86.69
2025-10-14,9:38:15.972862698,T,TGT,F I,71,86.69
2025-10-14,9:38:15.972904438,T,TGT,I,29,86.69
2025-10-14,9:38:18.480452700,T,TGT,I,5,86.695
2025-10-14,9:38:23.462710674,T,TGT,F,100,86.74
2025-10-14,9:38:23.462728740,T,TGT,I,1,86.74
2025-10-14,9:38:23.462737706,T,TGT,I,99,86.74
2025-10-14,9:38:23.462737706,T,TGT,I,1,86.74
2025-10-14,9:38:24.084366764,T,TGT,I,1,86.77
2025-10-14,9:38:25.107067267,T,TGT,,142,86.74
2025-10-14,9:38:34.098416859,T,TGT,,100,86.75
2025-10-14,9:38:34.926475610,T,TGT,I,10,86.78
2025-10-14,9:38:37.703928868,T,TGT,I,2,86.84
2025-10-14,9:38:41.886157905,T,TGT,I,10,86.88
2025-10-14,9:38:45.740136876,T,TGT,F I,10,86.88
2025-10-14,9:38:45.740166963,T,TGT,F I,90,86.88
2025-10-14,9:38:45.740196969,T,TGT,F I,10,86.89
2025-10-14,9:38:45.740245156,T,TGT,F I,10,86.89
2025-10-14,9:38:45.740293197,T,TGT,F I,10,86.89
2025-10-14,9:38:45.740338357,T,TGT,F I,10,86.89
2025-10-14,9:38:45.740389687,T,TGT,F I,2,86.9
2025-10-14,9:38:45.740389687,T,TGT,F I,8,86.9
2025-10-14,9:38:46.071412133,T,TGT,I,6,86.92
2025-10-14,9:38:48.405879776,T,TGT,F I,6,86.93
2025-10-14,9:38:49.407548311,T,TGT,I,5,86.935
2025-10-14,9:38:58.487666132,T,TGT,I,3,86.95
2025-10-14,9:38:58.801099900,T,TGT,F I,6,86.98
2025-10-14,9:38:58.801163019,T,TGT,I,6,86.99
2025-10-14,9:38:58.801211101,T,TGT,F I,1,87.0
2025-10-14,9:38:58.801214126,T,TGT,F,100,87.0
2025-10-14,9:38:58.801217341,T,TGT,F,480,87.0
2025-10-14,9:38:58.801241393,T,TGT,F I,5,87.0
2025-10-14,9:38:58.801569040,T,TGT,F I,15,87.0
2025-10-14,9:38:58.801571956,T,TGT,F I,5,87.0
2025-10-14,9:38:58.802459310,T,TGT,,100,87.0
2025-10-14,9:38:58.802459310,T,TGT,,100,87.0
2025-10-14,9:38:58.802486131,T,TGT,,150,87.0
2025-10-14,9:38:58.802489197,T,TGT,F,100,87.0
2025-10-14,9:38:58.802543290,T,TGT,F I,29,87.0
2025-10-14,9:38:58.804365625,T,TGT,F I,3,86.98
2025-10-14,9:38:58.804375128,T,TGT,F I,22,86.98
2025-10-14,9:38:58.804378019,T,TGT,F I,1,86.98
2025-10-14,9:38:58.804380672,T,TGT,F I,57,86.98
2025-10-14,9:38:58.804401960,T,TGT,I,1,86.98
2025-10-14,9:38:58.804404669,T,TGT,I,53,86.98
2025-10-14,9:38:58.804867858,T,TGT,F I,10,86.96
2025-10-14,9:38:58.871569862,T,TGT,,128,86.96
2025-10-14,9:38:58.871575719,T,TGT,,100,86.96
2025-10-14,9:38:58.871575719,T,TGT,I,47,86.96
2025-10-14,9:39:00.633443561,T,TGT,I,6,87.0
2025-10-14,9:39:00.633443561,T,TGT,I,16,87.0
2025-10-14,9:39:00.876738036,T,TGT,I,15,86.98
2025-10-14,9:39:00.877222210,T,TGT,F I,85,86.98
2025-10-14,9:39:00.877261303,T,TGT,I,58,86.97
2025-10-14,9:39:00.877282389,T,TGT,F I,42,86.97
2025-10-14,9:39:00.884355097,T,TGT,I,14,86.98
2025-10-14,9:39:03.086158764,T,TGT,F,100,86.95
2025-10-14,9:39:08.489576148,T,TGT,I,3,86.95
2025-10-14,9:39:08.489606230,T,TGT,F I,97,86.95
2025-10-14,9:39:09.812959993,T,TGT,,100,86.945
2025-10-14,9:39:14.200383446,T,TGT,I,14,86.97
2025-10-14,9:39:14.200385905,T,TGT,I,1,86.97
2025-10-14,9:39:18.490960180,T,TGT,I,4,86.96
2025-10-14,9:39:25.594628539,T,TGT,F I,20,86.97
2025-10-14,9:39:34.392425096,T,TGT,,100,87.0
2025-10-14,9:39:34.444109210,T,TGT,I,3,87.02
2025-10-14,9:39:34.444157331,T,TGT,F I,4,87.04
2025-10-14,9:39:37.832533943,T,TGT,F I,1,87.06
2025-10-14,9:39:41.059395830,T,TGT,F I,4,87.1
2025-10-14,9:39:49.929767183,T,TGT,F I,72,87.07
2025-10-14,9:40:08.999649548,T,TGT,I,81,87.045
2025-10-14,9:40:18.501564559,T,TGT,F,100,87.07
2025-10-14,9:40:18.501564559,T,TGT,F I,49,87.08
2025-10-14,9:40:18.501633725,T,TGT,F I,47,87.09
2025-10-14,9:40:18.501633725,T,TGT,F I,2,87.09
2025-10-14,9:40:18.501973483,T,TGT,I,3,87.05
2025-10-14,9:40:24.665361471,T,TGT,F I,42,87.1
2025-10-14,9:40:24.665388466,T,TGT,F,329,87.1
2025-10-14,9:40:24.665394553,T,TGT,F,136,87.1
2025-10-14,9:40:24.665397772,T,TGT,F I,5,87.1
2025-10-14,9:40:24.665397772,T,TGT,F I,1,87.1
2025-10-14,9:40:24.665400565,T,TGT,F I,3,87.1
2025-10-14,9:40:28.529095613,T,TGT,I,2,87.1
2025-10-14,9:40:31.980358081,T,TGT,I,9,87.13
2025-10-14,9:40:31.988363169,T,TGT,I,53,87.13
2025-10-14,9:40:33.403922678,T,TGT,F I,4,87.14
2025-10-14,9:40:33.403922678,T,TGT,F I,4,87.14
2025-10-14,9:40:33.403997824,T,TGT,I,1,87.15
2025-10-14,9:40:33.404617263,T,TGT,F I,6,87.17
2025-10-14,9:40:33.406295278,T,TGT,I,6,87.18
2025-10-14,9:40:33.608075952,T,TGT,F I,94,87.18
2025-10-14,9:40:38.503814742,T,TGT,I,2,87.17
2025-10-14,9:40:42.280163830,T,TGT,F I,6,87.19
2025-10-14,9:40:42.280187908,T,TGT,F I,6,87.2
2025-10-14,9:40:42.280566727,T,TGT,F I,59,87.21
2025-10-14,9:40:42.280569804,T,TGT,F I,41,87.21
2025-10-14,9:40:42.280572760,T,TGT,F I,5,87.21
2025-10-14,9:40:42.280891480,T,TGT,F,100,87.23
2025-10-14,9:40:42.281637871,T,TGT,I,1,87.23
2025-10-14,9:40:42.281640335,T,TGT,I,3,87.23
2025-10-14,9:40:42.281706427,T,TGT,F I,5,87.23
2025-10-14,9:40:42.281844838,T,TGT,I,1,87.23
2025-10-14,9:40:42.282136449,T,TGT,F I,6,87.23
2025-10-14,9:40:42.282262739,T,TGT,,194,87.23
2025-10-14,9:40:43.331483851,T,TGT,F I,10,87.23
2025-10-14,9:40:43.331486849,T,TGT,F I,29,87.23
2025-10-14,9:40:43.331486849,T,TGT,F I,23,87.23
2025-10-14,9:40:44.978504969,T,TGT,F I,15,87.25
2025-10-14,9:40:44.978507894,T,TGT,F I,58,87.25
2025-10-14,9:40:44.978507894,T,TGT,F I,6,87.25
2025-10-14,9:40:48.784452922,T,TGT,I,41,87.28
2025-10-14,9:40:49.195971306,T,TGT,F I,23,87.28
2025-10-14,9:40:55.099056297,T,TGT,F I,2,87.22
2025-10-14,9:40:55.099062285,T,TGT,F I,2,87.22
2025-10-14,9:40:55.099077516,T,TGT,F I,96,87.22
2025-10-14,9:40:56.266524715,T,TGT,,100,87.21
2025-10-14,9:40:56.266524715,T,TGT,I,16,87.21
2025-10-14,9:40:56.266549189,T,TGT,,100,87.21
2025-10-14,9:40:56.266549189,T,TGT,I,27,87.21
2025-10-14,9:40:56.267303601,T,TGT,I,12,87.21
2025-10-14,9:40:56.268007264,T,TGT,F,100,87.21
2025-10-14,9:41:01.732485285,T,TGT,F I,37,87.22
2025-10-14,9:41:04.696388601,T,TGT,F,100,87.17
2025-10-14,9:41:04.696409682,T,TGT,I,1,87.17
2025-10-14,9:41:04.696419235,T,TGT,F I,99,87.17
2025-10-14,9:41:04.696421720,T,TGT,F I,24,87.17
2025-10-14,9:41:04.696472880,T,TGT,I,19,87.14
2025-10-14,9:41:04.697131430,T,TGT,F I,4,87.14
2025-10-14,9:41:04.697501757,T,TGT,F,100,87.15
2025-10-14,9:41:04.697504295,T,TGT,F I,22,87.15
2025-10-14,9:41:04.697507267,T,TGT,F I,1,87.15
2025-10-14,9:41:04.697510249,T,TGT,F,100,87.16
2025-10-14,9:41:04.697784426,T,TGT,I,22,87.14
2025-10-14,9:41:04.697786956,T,TGT,I,1,87.14
2025-10-14,9:41:04.698385400,T,TGT,F I,30,87.16
2025-10-14,9:41:04.698788299,T,TGT,F I,27,87.17
2025-10-14,9:41:04.698791378,T,TGT,F,100,87.17
2025-10-14,9:41:04.698842508,T,TGT,I,35,87.16
2025-10-14,9:41:05.937262058,T,TGT,I,5,87.17
2025-10-14,9:41:12.441912104,T,TGT,F,100,87.12
2025-10-14,9:41:13.026721388,T,TGT,I,12,87.12
2025-10-14,9:41:31.455326115,T,TGT,I,27,87.09
2025-10-14,9:41:31.772885674,T,TGT,F,100,87.08
2025-10-14,9:41:31.772885674,T,TGT,F I,10,87.08
2025-10-14,9:41:31.772891683,T,TGT,F I,16,87.08
2025-10-14,9:41:31.772891683,T,TGT,F I,74,87.08
2025-10-14,9:41:31.772894705,T,TGT,F I,22,87.08
2025-10-14,9:41:31.772894705,T,TGT,F I,49,87.08
2025-10-14,9:41:31.773781756,T,TGT,F,200,87.06
2025-10-14,9:41:31.773781756,T,TGT,F I,24,87.06
2025-10-14,9:41:40.791206498,T,TGT,,100,87.07
2025-10-14,9:41:42.465595668,T,TGT,F I,21,87.07
2025-10-14,9:41:50.165187500,T,TGT,F I,20,87.04
2025-10-14,9:41:50.165208485,T,TGT,F I,20,87.03
2025-10-14,9:41:50.165241744,T,TGT,F I,11,87.03
2025-10-14,9:41:50.165241744,T,TGT,F I,14,87.02
2025-10-14,9:41:50.165244901,T,TGT,F I,89,87.02
2025-10-14,9:41:50.165247602,T,TGT,F I,11,87.02
2025-10-14,9:41:59.179641036,T,TGT,F,100,86.96
2025-10-14,9:41:59.179650087,T,TGT,F,100,86.95
2025-10-14,9:41:59.179653119,T,TGT,F I,32,86.95
2025-10-14,9:41:59.179869609,T,TGT,,100,86.95
2025-10-14,9:42:04.420440167,T,TGT,I,67,86.99
2025-10-14,9:42:09.899413463,T,TGT,I,14,87.03
2025-10-14,9:42:09.899592951,T,TGT,,100,87.03
2025-10-14,9:42:23.425160256,T,TGT,I,80,86.98
2025-10-14,9:42:23.427653251,T,TGT,F I,34,86.98
2025-10-14,9:42:23.427722444,T,TGT,I,46,86.98
2025-10-14,9:42:27.608658344,T,TGT,F,100,86.96
2025-10-14,9:42:27.608676392,T,TGT,I,1,86.96
2025-10-14,9:42:27.608703419,T,TGT,I,6,86.96
2025-10-14,9:42:27.608712693,T,TGT,I,4,86.96
2025-10-14,9:42:27.608712693,T,TGT,I,2,86.95
2025-10-14,9:42:27.608718450,T,TGT,I,6,86.95
2025-10-14,9:42:27.608718450,T,TGT,I,4,86.95
2025-10-14,9:42:27.608727428,T,TGT,F I,10,86.95
2025-10-14,9:42:27.609217708,T,TGT,F,100,86.94
2025-10-14,9:42:27.609217708,T,TGT,F I,1,86.94
2025-10-14,9:42:27.609220675,T,TGT,F,100,86.94
2025-10-14,9:42:27.609260145,T,TGT,F I,24,86.95
2025-10-14,9:42:27.609260145,T,TGT,F I,10,86.95
2025-10-14,9:42:34.288532819,T,TGT,I,2,86.985
2025-10-14,9:42:34.288559964,T,TGT,,100,86.985
2025-10-14,9:42:56.455039294,T,TGT,I,34,87.0
2025-10-14,9:42:56.455054377,T,TGT,I,38,87.0
2025-10-14,9:42:56.455063351,T,TGT,I,38,87.0
2025-10-14,9:42:56.455063351,T,TGT,I,22,87.0
2025-10-14,9:42:56.455066345,T,TGT,I,3,87.0
2025-10-14,9:42:56.456064699,T,TGT,F I,15,87.0
2025-10-14,9:42:56.456088892,T,TGT,F I,85,87.0
2025-10-14,9:42:56.456109906,T,TGT,I,1,87.0
2025-10-14,9:42:56.456118883,T,TGT,F I,15,87.0
2025-10-14,9:42:56.456383451,T,TGT,F,100,87.0
2025-10-14,9:42:56.456452659,T,TGT,F,100,87.0
2025-10-14,9:42:56.461426496,T,TGT,F,100,86.99
2025-10-14,9:42:56.461847483,T,TGT,F,100,86.98
2025-10-14,9:43:05.853222033,T,TGT,I,4,87.05
2025-10-14,9:43:05.854957274,T,TGT,,100,87.05
2025-10-14,9:43:05.855002315,T,TGT,I,10,87.04
2025-10-14,9:43:05.861332455,T,TGT,F,100,87.04
2025-10-14,9:43:05.861413634,T,TGT,I,10,87.03
2025-10-14,9:43:05.861452732,T,TGT,I,90,87.03
2025-10-14,9:43:05.863004355,T,TGT,F,100,87.02
2025-10-14,9:43:05.868715043,T,TGT,F,100,87.02
2025-10-14,9:43:05.891283746,T,TGT,,100,87.02
2025-10-14,9:43:05.891948337,T,TGT,F I,21,87.02
2025-10-14,9:43:06.772352926,T,TGT,I,30,87.025
2025-10-14,9:43:07.185194629,T,TGT,I,60,87.05
2025-10-14,9:43:11.231229082,T,TGT,I,2,87.015
2025-10-14,9:43:13.415350674,T,TGT,F I,35,86.98
2025-10-14,9:43:13.415350674,T,TGT,F I,11,86.98
2025-10-14,9:43:13.415401908,T,TGT,F,100,86.96
2025-10-14,9:43:13.415401908,T,TGT,F I,17,86.96
2025-10-14,9:43:13.415405253,T,TGT,F I,10,86.96
2025-10-14,9:43:13.415624268,T,TGT,,100,86.98
2025-10-14,9:43:13.415976127,T,TGT,,100,86.99
2025-10-14,9:43:13.415976127,T,TGT,I,25,86.99
2025-10-14,9:43:18.586909958,T,TGT,I,3,86.995
2025-10-14,9:43:18.591417624,T,TGT,,100,86.995
2025-10-14,9:43:19.934817372,T,TGT,I,28,86.99
2025-10-14,9:43:19.934820319,T,TGT,I,40,86.96
2025-10-14,9:43:19.934823325,T,TGT,I,60,86.96
2025-10-14,9:43:19.934829279,T,TGT,I,9,86.96
2025-10-14,9:43:19.935310420,T,TGT,I,70,86.96
2025-10-14,9:43:19.935313467,T,TGT,I,21,86.96
2025-10-14,9:43:19.935313467,T,TGT,I,15,86.96
2025-10-14,9:43:19.938459322,T,TGT,F I,85,86.96
2025-10-14,9:43:19.938464956,T,TGT,F,100,86.95
2025-10-14,9:43:19.938464956,T,TGT,F I,25,86.95
2025-10-14,9:43:19.938464956,T,TGT,F I,33,86.95
2025-10-14,9:43:19.938792930,T,TGT,F I,2,86.95
2025-10-14,9:43:19.940850103,T,TGT,F I,65,86.95
2025-10-14,9:43:19.940852640,T,TGT,F I,16,86.95
2025-10-14,9:43:19.940856085,T,TGT,F I,1,86.95
2025-10-14,9:43:19.940859241,T,TGT,F I,1,86.95
2025-10-14,9:43:19.999802162,T,TGT,F I,17,86.94
2025-10-14,9:43:20.000485579,T,TGT,I,83,86.94
2025-10-14,9:43:20.009849015,T,TGT,F,100,86.94
2025-10-14,9:43:20.040516117,T,TGT,F I,5,86.94
2025-10-14,9:43:20.040657464,T,TGT,I,19,86.94
2025-10-14,9:43:20.040660454,T,TGT,I,10,86.94
2025-10-14,9:43:20.040985200,T,TGT,I,66,86.94
2025-10-14,9:43:20.041144567,T,TGT,I,62,86.96
2025-10-14,9:43:20.041583623,T,TGT,I,5,86.94
2025-10-14,9:43:20.090122297,T,TGT,,100,86.97
2025-10-14,9:43:20.092997182,T,TGT,I,1,86.95
2025-10-14,9:43:20.238137969,T,TGT,I,25,86.95
2025-10-14,9:43:20.238140928,T,TGT,I,1,86.95
2025-10-14,9:43:32.076015304,T,TGT,I,4,86.965
2025-10-14,9:43:39.988980717,T,TGT,I,4,86.97
2025-10-14,9:43:39.988980717,T,TGT,I,30,86.97
2025-10-14,9:43:47.197373353,T,TGT,I,31,86.97
2025-10-14,9:43:56.370608311,T,TGT,,100,86.97
2025-10-14,9:44:00.582710529,T,TGT,I,35,86.98
2025-10-14,9:44:00.842715913,T,TGT,I,16,86.98
2025-10-14,9:44:11.144470498,T,TGT,I,1,86.975
2025-10-14,9:44:11.917853784,T,TGT,F I,2,86.94
2025-10-14,9:44:11.917853784,T,TGT,F I,27,86.94
2025-10-14,9:44:11.917859064,T,TGT,F I,5,86.94
2025-10-14,9:44:11.917859064,T,TGT,F I,1,86.94
2025-10-14,9:44:11.917877114,T,TGT,F I,50,86.93
2025-10-14,9:44:11.918096630,T,TGT,F I,19,86.93
2025-10-14,9:44:11.918165745,T,TGT,I,56,86.94
2025-10-14,9:44:11.918382250,T,TGT,I,50,86.92
2025-10-14,9:44:11.918382250,T,TGT,I,76,86.92
2025-10-14,9:44:11.918424673,T,TGT,,100,86.91
2025-10-14,9:44:11.918484519,T,TGT,,100,86.93
2025-10-14,9:44:11.918509227,T,TGT,I,1,86.93
2025-10-14,9:44:11.918658928,T,TGT,,100,86.94
2025-10-14,9:44:12.038876356,T,TGT,F I,1,86.92
2025-10-14,9:44:12.038918996,T,TGT,I,99,86.92
2025-10-14,9:44:12.038918996,T,TGT,I,27,86.92
2025-10-14,9:44:12.038921452,T,TGT,I,22,86.92
2025-10-14,9:44:18.612411624,T,TGT,I,4,86.94
2025-10-14,9:44:19.349741298,T,TGT,F I,1,86.91
2025-10-14,9:44:21.158680037,T,TGT,,100,86.9
2025-10-14,9:44:21.158683129,T,TGT,I,19,86.9
2025-10-14,9:44:22.848583068,T,TGT,,100,86.89
2025-10-14,9:44:28.614138274,T,TGT,I,6,86.895
2025-10-14,9:44:29.958797938,T,TGT,I,94,86.895
2025-10-14,9:44:29.958831381,T,TGT,I,5,86.88
2025-10-14,9:44:29.958833960,T,TGT,I,95,86.88
2025-10-14,9:44:29.958855041,T,TGT,I,5,86.88
2025-10-14,9:44:29.960136104,T,TGT,I,3,86.88
2025-10-14,9:44:38.627481744,T,TGT,I,5,86.9
2025-10-14,9:45:00.798571374,T,TGT,F,100,86.88
2025-10-14,9:45:00.798574415,T,TGT,F I,1,86.88
2025-10-14,9:45:00.798574415,T,TGT,F I,3,86.88
2025-10-14,9:45:00.798574415,T,TGT,F,100,86.88
2025-10-14,9:45:00.799365293,T,TGT,,100,86.885
2025-10-14,9:45:00.799413410,T,TGT,F,100,86.885
2025-10-14,9:45:00.799449588,T,TGT,F,100,86.885
2025-10-14,9:45:00.799485669,T,TGT,,100,86.885
2025-10-14,9:45:00.880754196,T,TGT,I,1,86.88
2025-10-14,9:45:01.692721684,T,TGT,F,100,86.89
2025-10-14,9:45:01.692748833,T,TGT,I,14,86.91
2025-10-14,9:45:01.692872658,T,TGT,I,5,86.9
2025-10-14,9:45:01.692875077,T,TGT,I,10,86.9
2025-10-14,9:45:01.819326395,T,TGT,F I,40,86.88
2025-10-14,9:45:02.152752821,T,TGT,F I,5,86.9
2025-10-14,9:45:02.152758163,T,TGT,F I,86,86.9
2025-10-14,9:45:02.152758163,T,TGT,F I,12,86.9
2025-10-14,9:45:02.152769727,T,TGT,I,1,86.9
2025-10-14,9:45:02.152790865,T,TGT,I,1,86.9
2025-10-14,9:45:02.153013326,T,TGT,F I,60,86.9
2025-10-14,9:45:02.153097567,T,TGT,I,26,86.9
2025-10-14,9:45:02.153097567,T,TGT,I,74,86.9
2025-10-14,9:45:02.153106990,T,TGT,I,26,86.9
2025-10-14,9:45:02.153106990,T,TGT,,100,86.9
2025-10-14,9:45:02.153109668,T,TGT,,100,86.9
2025-10-14,9:45:02.153112614,T,TGT,,115,86.9
2025-10-14,9:45:02.673710091,T,TGT,I,7,86.94
2025-10-14,9:45:02.673730988,T,TGT,I,1,86.94
2025-10-14,9:45:02.674380484,T,TGT,F I,2,86.94
2025-10-14,9:45:03.853742287,T,TGT,F I,10,86.93
2025-10-14,9:45:11.545184886,T,TGT,F I,10,86.9
2025-10-14,9:45:11.545206127,T,TGT,F I,90,86.9
2025-10-14,9:45:11.545210341,T,TGT,F,100,86.9
2025-10-14,9:45:11.545210341,T,TGT,F I,15,86.9
2025-10-14,9:45:11.545214897,T,TGT,F I,18,86.9
2025-10-14,9:45:16.987764741,T,TGT,F I,1,86.95
2025-10-14,9:45:17.402130925,T,TGT,F I,38,86.96
2025-10-14,9:45:18.448891737,T,TGT,I,4,87.01
2025-10-14,9:45:19.669650152,T,TGT,I,3,87.01
2025-10-14,9:45:19.670401924,T,TGT,I,15,87.0
2025-10-14,9:45:20.638558571,T,TGT,F I,13,87.0
2025-10-14,9:45:20.639547950,T,TGT,I,8,87.0
2025-10-14,9:45:20.641117682,T,TGT,I,5,86.96
2025-10-14,9:45:25.717785554,T,TGT,I,5,87.0
2025-10-14,9:45:28.817239970,T,TGT,I,8,87.02
2025-10-14,9:45:28.881502999,T,TGT,I,15,87.02
2025-10-14,9:45:29.621984187,T,TGT,I,5,87.02
2025-10-14,9:45:29.871696148,T,TGT,F I,19,87.02
2025-10-14,9:45:35.342852966,T,TGT,F I,50,86.98
2025-10-14,9:45:35.342991352,T,TGT,F,100,86.97
2025-10-14,9:45:35.343045927,T,TGT,,100,86.96
2025-10-14,9:45:35.343048877,T,TGT,I,29,86.96
2025-10-14,9:45:35.343048877,T,TGT,I,14,86.96
2025-10-14,9:45:35.343463452,T,TGT,F,100,86.96
2025-10-14,9:45:41.565695649,T,TGT,,100,86.97
2025-10-14,9:45:41.565728748,T,TGT,F,100,86.97
2025-10-14,9:45:41.612285655,T,TGT,I,5,86.97
2025-10-14,9:45:42.816218978,T,TGT,F,100,86.95
2025-10-14,9:45:42.816444451,T,TGT,F I,2,86.95
2025-10-14,9:45:42.816603863,T,TGT,F,100,86.95
2025-10-14,9:45:54.849928805,T,TGT,F I,17,86.97
2025-10-14,9:46:06.790666242,T,TGT,F I,10,86.97
2025-10-14,9:46:06.790666242,T,TGT,F I,20,86.97
2025-10-14,9:46:06.814804662,T,TGT,I,1,86.95
2025-10-14,9:46:08.658428108,T,TGT,I,5,86.98
2025-10-14,9:46:14.552849398,T,TGT,F I,50,87.01
2025-10-14,9:46:14.552852353,T,TGT,F I,50,87.01
2025-10-14,9:46:14.552933436,T,TGT,I,1,87.01
2025-10-14,9:46:14.552993759,T,TGT,F I,15,87.01
2025-10-14,9:46:14.553014645,T,TGT,F I,34,87.01
2025-10-14,9:46:14.553017666,T,TGT,F,127,87.01
2025-10-14,9:46:14.558292252,T,TGT,F I,10,87.02
2025-10-14,9:46:14.558317042,T,TGT,F I,5,87.03
2025-10-14,9:46:14.558367454,T,TGT,I,15,87.03
2025-10-14,9:46:14.604121552,T,TGT,,100,87.02
2025-10-14,9:46:14.604121552,T,TGT,I,12,87.02
2025-10-14,9:46:14.612144646,T,TGT,I,80,87.02
2025-10-14,9:46:14.612204683,T,TGT,,100,87.01
2025-10-14,9:46:14.612207751,T,TGT,I,56,87.01
2025-10-14,9:46:14.612225722,T,TGT,F I,44,87.01
2025-10-14,9:46:14.625063372,T,TGT,F I,57,87.01
2025-10-14,9:46:14.625084356,T,TGT,I,1,87.01
2025-10-14,9:46:18.266384701,T,TGT,I,12,87.05
2025-10-14,9:46:18.266820787,T,TGT,F I,33,87.03
2025-10-14,9:46:18.266844762,T,TGT,I,70,87.03
2025-10-14,9:46:20.040419252,T,TGT,I,1,87.03
2025-10-14,9:46:22.537649835,T,TGT,F I,1,87.0
2025-10-14,9:46:22.537667875,T,TGT,I,99,87.0
2025-10-14,9:46:22.537667875,T,TGT,,100,87.0
2025-10-14,9:46:22.542563500,T,TGT,I,4,86.985
2025-10-14,9:46:24.861189651,T,TGT,F I,33,87.01
2025-10-14,9:46:24.861189651,T,TGT,F I,67,87.02
2025-10-14,9:46:24.861204612,T,TGT,F I,40,87.02
2025-10-14,9:46:29.570360947,T,TGT,F I,14,86.99
2025-10-14,9:46:29.570364171,T,TGT,F I,1,86.99
2025-10-14,9:46:31.806295934,T,TGT,F I,36,86.99
2025-10-14,9:46:47.042813421,T,TGT,F I,4,87.07
2025-10-14,9:46:47.042834407,T,TGT,F I,76,87.07
2025-10-14,9:46:49.674286774,T,TGT,I,23,87.11
2025-10-14,9:46:49.674401097,T,TGT,I,33,87.11
2025-10-14,9:46:49.674452172,T,TGT,,100,87.11
2025-10-14,9:46:49.674755935,T,TGT,I,25,87.09
2025-10-14,9:46:50.201650207,T,TGT,,100,87.085
2025-10-14,9:47:01.268827588,T,TGT,,100,87.08
2025-10-14,9:47:02.084575029,T,TGT,,100,87.04
2025-10-14,9:47:05.330135554,T,TGT,F I,5,87.07
2025-10-14,9:47:05.387656502,T,TGT,F I,38,87.07
2025-10-14,9:47:05.387686565,T,TGT,I,50,87.07
2025-10-14,9:47:18.670924468,T,TGT,I,9,87.07
2025-10-14,9:47:18.772010237,T,TGT,F I,2,87.07
2025-10-14,9:47:19.942979453,T,TGT,,100,87.05
2025-10-14,9:47:19.942982065,T,TGT,,100,87.04
2025-10-14,9:47:19.981687251,T,TGT,,100,87.03
2025-10-14,9:47:23.833603394,T,TGT,F,100,87.05
2025-10-14,9:47:30.235071730,T,TGT,,100,87.0
2025-10-14,9:47:30.235074747,T,TGT,I,1,87.0
2025-10-14,9:47:30.235074747,T,TGT,I,12,87.0
2025-10-14,9:47:30.235077583,T,TGT,I,16,87.0
2025-10-14,9:47:30.235363335,T,TGT,,500,86.99
2025-10-14,9:47:32.232042273,T,TGT,F I,2,86.98
2025-10-14,9:47:32.232048364,T,TGT,F I,2,86.98
2025-10-14,9:47:32.232291854,T,TGT,F I,4,86.98
2025-10-14,9:47:32.232337104,T,TGT,I,4,86.98
2025-10-14,9:47:32.232547479,T,TGT,F I,2,86.98
2025-10-14,9:47:32.232547479,T,TGT,F I,2,86.98
2025-10-14,9:47:51.312449636,T,TGT,I,18,87.01
2025-10-14,9:47:51.312512835,T,TGT,F I,33,87.02
2025-10-14,9:47:51.312515965,T,TGT,F I,50,87.02
2025-10-14,9:47:51.312515965,T,TGT,F I,16,87.02
2025-10-14,9:47:51.339598306,T,TGT,F I,30,87.05
2025-10-14,9:47:58.000530689,T,TGT,F I,10,87.08
2025-10-14,9:48:00.671527297,T,TGT,,100,87.085
2025-10-14,9:48:02.048089875,T,TGT,F I,18,87.09
2025-10-14,9:48:04.923200756,T,TGT,F I,54,87.11
2025-10-14,9:48:05.005777479,T,TGT,,100,87.135
2025-10-14,9:48:05.272539981,T,TGT,F,100,87.135
2025-10-14,9:48:16.550378040,T,TGT,F,100,87.15
2025-10-14,9:48:17.363031248,T,TGT,F I,10,87.15
2025-10-14,9:48:17.363031248,T,TGT,F I,17,87.15
2025-10-14,9:48:27.296465214,T,TGT,F I,21,87.15
2025-10-14,9:48:29.457365480,T,TGT,F I,13,87.15
2025-10-14,9:48:31.039792542,T,TGT,,100,87.16
2025-10-14,9:48:33.416646348,T,TGT,I,12,87.16
2025-10-14,9:48:33.416871895,T,TGT,I,7,87.15
2025-10-14,9:48:33.417404073,T,TGT,F I,40,87.13
2025-10-14,9:48:48.979356859,T,TGT,,100,87.165
2025-10-14,9:48:54.587968578,T,TGT,,100,87.165
2025-10-14,9:48:54.895089906,T,TGT,,100,87.15
2025-10-14,9:49:04.492392132,T,TGT,I,99,87.19
2025-10-14,9:49:04.492422124,T,TGT,I,1,87.19
2025-10-14,9:49:04.492425110,T,TGT,I,95,87.19
2025-10-14,9:49:04.492428783,T,TGT,I,18,87.19
2025-10-14,9:49:04.492428783,T,TGT,I,1,87.19
2025-10-14,9:49:04.492431309,T,TGT,I,43,87.19
2025-10-14,9:49:04.492431309,T,TGT,F I,19,87.19
2025-10-14,9:49:04.492515382,T,TGT,,100,87.19
2025-10-14,9:49:04.492539614,T,TGT,I,1,87.195
2025-10-14,9:49:04.492560498,T,TGT,I,99,87.195
2025-10-14,9:49:04.494993236,T,TGT,F I,5,87.2
2025-10-14,9:49:04.512360065,T,TGT,I,12,87.19
2025-10-14,9:49:07.069868894,T,TGT,I,51,87.24
2025-10-14,9:49:08.684935698,T,TGT,I,4,87.22
2025-10-14,9:49:13.549947393,T,TGT,I,10,87.25
2025-10-14,9:49:13.549947393,T,TGT,I,12,87.25
2025-10-14,9:49:13.549962333,T,TGT,I,32,87.25
2025-10-14,9:49:13.550193968,T,TGT,I,6,87.25
2025-10-14,9:49:14.451922248,T,TGT,I,98,87.215
2025-10-14,9:49:14.451922248,T,TGT,I,2,87.215
2025-10-14,9:49:19.335710702,T,TGT,I,7,87.26
2025-10-14,9:49:28.688590648,T,TGT,I,3,87.26
2025-10-14,9:49:34.150395206,T,TGT,,100,87.285
2025-10-14,9:49:35.626058891,T,TGT,,100,87.28
2025-10-14,9:49:37.657825457,T,TGT,F I,20,87.28
2025-10-14,9:49:39.370510903,T,TGT,F I,3,87.28
2025-10-14,9:49:45.083555408,T,TGT,F,100,87.31
2025-10-14,9:49:45.083555408,T,TGT,F I,5,87.31
2025-10-14,9:49:45.088216195,T,TGT,,100,87.3
2025-10-14,9:49:45.897790118,T,TGT,I,10,87.315
2025-10-14,9:49:50.532501108,T,TGT,,200,87.29
2025-10-14,9:49:50.532501108,T,TGT,I,14,87.29
2025-10-14,9:49:50.532504211,T,TGT,I,10,87.29
2025-10-14,9:49:50.532504211,T,TGT,I,24,87.29
2025-10-14,9:49:50.532506962,T,TGT,I,65,87.29
2025-10-14,9:49:50.554086415,T,TGT,F I,37,87.275
2025-10-14,9:49:50.910697121,T,TGT,,100,87.275
2025-10-14,9:49:52.246163721,T,TGT,I,2,87.275
2025-10-14,9:49:52.947461554,T,TGT,F I,1,87.275
2025-10-14,9:49:52.947461554,T,TGT,F I,1,87.29
2025-10-14,9:49:52.947653965,T,TGT,F I,1,87.29
2025-10-14,9:50:05.008356171,T,TGT,,100,87.28
2025-10-14,9:50:05.009483929,T,TGT,,100,87.25
2025-10-14,9:50:05.009510966,T,TGT,I,1,87.25
2025-10-14,9:50:05.009516919,T,TGT,F I,24,87.25
2025-10-14,9:50:05.009532006,T,TGT,F I,75,87.25
2025-10-14,9:50:05.009538062,T,TGT,F I,71,87.25
2025-10-14,9:50:05.009550067,T,TGT,I,29,87.25
2025-10-14,9:50:05.009841690,T,TGT,I,38,87.26
2025-10-14,9:50:06.838384029,T,TGT,F I,2,87.28
2025-10-14,9:50:06.838387078,T,TGT,F I,83,87.28
2025-10-14,9:50:06.838390106,T,TGT,F I,67,87.28
2025-10-14,9:50:06.838435411,T,TGT,F I,50,87.29
2025-10-14,9:50:06.838459905,T,TGT,F I,10,87.3
2025-10-14,9:50:06.838510518,T,TGT,F I,90,87.3
2025-10-14,9:50:06.838901286,T,TGT,F I,5,87.3
2025-10-14,9:50:07.077601400,T,TGT,I,5,87.29
2025-10-14,9:50:07.077601400,T,TGT,I,1,87.29
2025-10-14,9:50:23.601656992,T,TGT,I,16,87.3
2025-10-14,9:50:23.605238501,T,TGT,I,16,87.3
2025-10-14,9:50:29.915388173,T,TGT,,100,87.27
2025-10-14,9:50:31.475159381,T,TGT,F I,3,87.22
2025-10-14,9:50:32.525243108,T,TGT,I,3,87.215
2025-10-14,9:50:50.872350340,T,TGT,F,100,87.25
2025-10-14,9:50:57.546770154,T,TGT,,100,87.25
2025-10-14,9:51:02.027237575,T,TGT,I,65,87.26
2025-10-14,9:51:03.468796955,T,TGT,I,39,87.25
2025-10-14,9:51:08.689806576,T,TGT,F I,3,87.29
2025-10-14,9:51:08.690308302,T,TGT,F I,3,87.3
2025-10-14,9:51:08.690308302,T,TGT,F I,18,87.3
2025-10-14,9:51:08.690332811,T,TGT,I,32,87.3
2025-10-14,9:51:08.690332811,T,TGT,I,2,87.3
2025-10-14,9:51:08.690336138,T,TGT,I,44,87.3
2025-10-14,9:51:08.690336138,T,TGT,I,6,87.3
2025-10-14,9:51:08.690338353,T,TGT,I,18,87.3
2025-10-14,9:51:08.690353199,T,TGT,I,1,87.3
2025-10-14,9:51:08.754772721,T,TGT,I,3,87.275
2025-10-14,9:51:11.052309444,T,TGT,I,1,87.3
2025-10-14,9:51:11.052378611,T,TGT,I,16,87.3
2025-10-14,9:51:11.367463333,T,TGT,F I,65,87.3
2025-10-14,9:51:11.367490331,T,TGT,F,899,87.3
2025-10-14,9:51:11.367493520,T,TGT,F I,1,87.3
2025-10-14,9:51:11.367493520,T,TGT,F I,4,87.3
2025-10-14,9:51:11.367496433,T,TGT,F I,2,87.3
2025-10-14,9:51:11.367785097,T,TGT,I,43,87.32
2025-10-14,9:51:16.973629840,T,TGT,,100,87.315
2025-10-14,9:51:18.992880596,T,TGT,F I,20,87.3
2025-10-14,9:51:20.252043492,T,TGT,I,20,87.31
2025-10-14,9:51:20.252244982,T,TGT,I,7,87.32
2025-10-14,9:51:20.252281041,T,TGT,F I,1,87.32
2025-10-14,9:51:20.252326170,T,TGT,I,7,87.32
2025-10-14,9:51:20.252365276,T,TGT,I,93,87.32
2025-10-14,9:51:20.252368256,T,TGT,I,8,87.32
2025-10-14,9:51:20.438623022,T,TGT,F,100,87.33
2025-10-14,9:51:20.484352977,T,TGT,,100,87.33
2025-10-14,9:51:20.484374133,T,TGT,I,1,87.33
2025-10-14,9:51:20.484377327,T,TGT,I,49,87.33
2025-10-14,9:51:20.484377327,T,TGT,,200,87.33
2025-10-14,9:51:23.574915050,T,TGT,F I,1,87.34
2025-10-14,9:51:23.575318123,T,TGT,F I,4,87.35
2025-10-14,9:51:23.672515649,T,TGT,F I,3,87.36
2025-10-14,9:51:27.155085738,T,TGT,F I,6,87.38
2025-10-14,9:51:27.333999891,T,TGT,F I,10,87.39
2025-10-14,9:51:27.361894805,T,TGT,F,100,87.41
2025-10-14,9:51:27.361894805,T,TGT,F,350,87.41
2025-10-14,9:51:27.362008728,T,TGT,F I,10,87.42
2025-10-14,9:51:27.362258293,T,TGT,,100,87.41
2025-10-14,9:51:27.362258293,T,TGT,I,69,87.41
2025-10-14,9:51:27.362279309,T,TGT,F I,1,87.43
2025-10-14,9:51:27.362279309,T,TGT,F I,13,87.43
2025-10-14,9:51:27.362330630,T,TGT,F,100,87.42
2025-10-14,9:51:27.362498832,T,TGT,I,51,87.41
2025-10-14,9:51:27.362589088,T,TGT,F I,64,87.41
2025-10-14,9:51:27.362613152,T,TGT,I,1,87.41
2025-10-14,9:51:27.362616127,T,TGT,I,35,87.41
2025-10-14,9:51:27.362670273,T,TGT,F I,36,87.41
2025-10-14,9:51:27.362703350,T,TGT,F I,69,87.41
2025-10-14,9:51:27.362703350,T,TGT,F,100,87.41
2025-10-14,9:51:27.362709295,T,TGT,F,100,87.41
2025-10-14,9:51:34.511978146,T,TGT,F,100,87.42
2025-10-14,9:51:34.511981658,T,TGT,F,100,87.42
2025-10-14,9:51:34.511981658,T,TGT,F I,51,87.42
2025-10-14,9:51:34.511984384,T,TGT,F I,6,87.42
2025-10-14,9:51:34.511984384,T,TGT,F I,69,87.42
2025-10-14,9:51:34.511987211,T,TGT,F I,62,87.42
2025-10-14,9:51:34.512137531,T,TGT,,100,87.425
2025-10-14,9:51:34.512176659,T,TGT,,100,87.42
2025-10-14,9:51:36.021980672,T,TGT,F I,40,87.46
2025-10-14,9:51:37.971790085,T,TGT,F I,6,87.47
2025-10-14,9:51:37.971790085,T,TGT,F I,6,87.47
2025-10-14,9:51:37.972295223,T,TGT,,100,87.46
2025-10-14,9:51:38.434764129,T,TGT,F,100,87.48
2025-10-14,9:51:40.712408668,T,TGT,F,100,87.5
2025-10-14,9:51:40.712408668,T,TGT,F I,1,87.5
2025-10-14,9:51:40.712411531,T,TGT,F,150,87.5
2025-10-14,9:51:40.712415228,T,TGT,F I,20,87.5
2025-10-14,9:51:40.712417836,T,TGT,F,263,87.5
2025-10-14,9:51:40.712421157,T,TGT,F I,1,87.5
2025-10-14,9:51:40.712421157,T,TGT,F I,3,87.5
2025-10-14,9:51:40.712423863,T,TGT,F I,1,87.5
2025-10-14,9:51:41.098167520,T,TGT,I,48,87.52
2025-10-14,9:51:41.098222381,T,TGT,F I,1,87.52
2025-10-14,9:51:41.098222381,T,TGT,F I,6,87.52
2025-10-14,9:51:41.098224925,T,TGT,F I,50,87.52
2025-10-14,9:51:41.098227658,T,TGT,F I,50,87.52
2025-10-14,9:51:41.098429849,T,TGT,,100,87.51
2025-10-14,9:51:41.098429849,T,TGT,,100,87.51
2025-10-14,9:51:41.098435154,T,TGT,I,74,87.51
2025-10-14,9:51:41.099030512,T,TGT,I,17,87.5
2025-10-14,9:51:46.040138624,T,TGT,F,100,87.49
2025-10-14,9:51:46.040529552,T,TGT,F,100,87.47
2025-10-14,9:51:46.041121911,T,TGT,I,16,87.46
2025-10-14,9:51:46.041125057,T,TGT,I,16,87.46
2025-10-14,9:51:46.041125057,T,TGT,I,17,87.46
2025-10-14,9:51:46.041131022,T,TGT,I,9,87.46
2025-10-14,9:51:46.041131022,T,TGT,I,42,87.46
2025-10-14,9:51:46.041134284,T,TGT,I,1,87.46
2025-10-14,9:51:46.041136963,T,TGT,I,1,87.46
2025-10-14,9:51:46.203114941,T,TGT,F,100,87.47
2025-10-14,9:51:46.203117884,T,TGT,F,135,87.47
2025-10-14,9:51:48.428455608,T,TGT,F,100,87.46
2025-10-14,9:51:48.428458814,T,TGT,F I,4,87.46
2025-10-14,9:51:48.428479875,T,TGT,I,1,87.46
2025-10-14,9:51:48.428479875,T,TGT,I,49,87.46
2025-10-14,9:51:48.430326067,T,TGT,F,100,87.44
2025-10-14,9:51:48.431152981,T,TGT,I,50,87.44
2025-10-14,9:51:48.431156047,T,TGT,I,50,87.44
2025-10-14,9:51:48.445873135,T,TGT,,100,87.44
2025-10-14,9:51:48.698962060,T,TGT,F I,1,87.445
2025-10-14,9:51:48.699025265,T,TGT,,100,87.445
2025-10-14,9:51:49.772643119,T,TGT,,100,87.44
2025-10-14,9:51:49.791170276,T,TGT,I,1,87.43
2025-10-14,9:51:50.846751119,T,TGT,F I,36,87.44
2025-10-14,9:52:03.406826073,T,TGT,F I,25,87.45
2025-10-14,9:52:03.407277096,T,TGT,F I,1,87.46
2025-10-14,9:52:18.069495542,T,TGT,F I,63,87.5
2025-10-14,9:52:18.069501958,T,TGT,F,200,87.5
2025-10-14,9:52:18.592627915,T,TGT,I,30,87.495
2025-10-14,9:52:19.951760997,T,TGT,I,7,87.5
2025-10-14,9:52:19.951784946,T,TGT,I,93,87.5
2025-10-14,9:52:19.951848780,T,TGT,,100,87.5
2025-10-14,9:52:20.649179491,T,TGT,,100,87.49
2025-10-14,9:52:26.303619956,T,TGT,,100,87.53
2025-10-14,9:52:26.304213538,T,TGT,I,9,87.52
2025-10-14,9:52:26.304762764,T,TGT,I,9,87.52
2025-10-14,9:52:28.767937217,T,TGT,I,1,87.535
2025-10-14,9:52:39.035031360,T,TGT,F,100,87.54
2025-10-14,9:52:39.035031360,T,TGT,F,100,87.54
2025-10-14,9:52:39.035100305,T,TGT,,100,87.54
2025-10-14,9:52:43.971276484,T,TGT,F I,4,87.58
2025-10-14,9:52:43.971565988,T,TGT,,100,87.58
2025-10-14,9:52:43.971565988,T,TGT,I,58,87.57
2025-10-14,9:52:43.971589133,T,TGT,I,42,87.57
2025-10-14,9:52:43.971589133,T,TGT,I,49,87.57
2025-10-14,9:52:43.971592199,T,TGT,I,9,87.57
2025-10-14,9:52:44.884272625,T,TGT,I,49,87.58
2025-10-14,9:52:44.884276077,T,TGT,I,49,87.58
2025-10-14,9:52:44.884276077,T,TGT,I,9,87.58
2025-10-14,9:52:44.884278548,T,TGT,I,21,87.58
2025-10-14,9:52:44.884293597,T,TGT,F I,20,87.58
2025-10-14,9:52:52.940023958,T,TGT,F I,54,87.56
2025-10-14,9:52:52.940039084,T,TGT,F I,46,87.56
2025-10-14,9:52:52.940039084,T,TGT,F,100,87.56
2025-10-14,9:52:52.940041971,T,TGT,F I,13,87.56
2025-10-14,9:52:52.940045673,T,TGT,F I,87,87.56
2025-10-14,9:52:52.940045673,T,TGT,F I,31,87.56
2025-10-14,9:52:52.940048312,T,TGT,F I,16,87.56
2025-10-14,9:52:52.940051022,T,TGT,F I,20,87.56
2025-10-14,9:52:52.940060092,T,TGT,I,80,87.56
2025-10-14,9:52:52.940063101,T,TGT,,100,87.56
2025-10-14,9:52:52.942198181,T,TGT,,100,87.55
2025-10-14,9:52:52.942246291,T,TGT,I,1,87.53
2025-10-14,9:53:01.534427750,T,TGT,F I,38,87.56
2025-10-14,9:53:01.541202847,T,TGT,I,1,87.57
2025-10-14,9:53:01.541861429,T,TGT,,100,87.56
2025-10-14,9:53:01.569485208,T,TGT,I,67,87.56
2025-10-14,9:53:08.530523627,T,TGT,F I,10,87.59
2025-10-14,9:53:08.539891130,T,TGT,F I,10,87.6
2025-10-14,9:53:08.539894207,T,TGT,F I,50,87.6
2025-10-14,9:53:08.539896966,T,TGT,F,200,87.6
2025-10-14,9:53:08.539896966,T,TGT,F I,3,87.6
2025-10-14,9:53:08.539899957,T,TGT,F I,5,87.6
2025-10-14,9:53:12.573854813,T,TGT,I,15,87.63
2025-10-14,9:53:12.574167565,T,TGT,,100,87.62
2025-10-14,9:53:12.574167565,T,TGT,I,9,87.62
2025-10-14,9:53:14.235935651,T,TGT,F I,9,87.63
2025-10-14,9:53:14.463953947,T,TGT,I,18,87.64
2025-10-14,9:53:14.698293190,T,TGT,F I,16,87.64
2025-10-14,9:53:14.698323263,T,TGT,F I,84,87.64
2025-10-14,9:53:14.698768347,T,TGT,I,4,87.65
2025-10-14,9:53:14.698772564,T,TGT,I,5,87.65
2025-10-14,9:53:14.698772564,T,TGT,I,5,87.65
2025-10-14,9:53:14.698777388,T,TGT,I,2,87.65
2025-10-14,9:53:14.698958329,T,TGT,I,14,87.64
2025-10-14,9:53:14.698958329,T,TGT,I,48,87.64
2025-10-14,9:53:14.698999941,T,TGT,I,17,87.63
2025-10-14,9:53:14.699330921,T,TGT,I,23,87.64
2025-10-14,9:53:14.699330921,T,TGT,I,48,87.64
2025-10-14,9:53:14.699334158,T,TGT,I,14,87.64
2025-10-14,9:53:14.699337084,T,TGT,I,96,87.64
2025-10-14,9:53:14.699337084,T,TGT,I,25,87.64
2025-10-14,9:53:14.699339697,T,TGT,I,2,87.64
2025-10-14,9:53:14.699351789,T,TGT,I,1,87.64
2025-10-14,9:53:14.699393895,T,TGT,F I,3,87.64
2025-10-14,9:53:14.699526570,T,TGT,I,23,87.64
2025-10-14,9:53:14.699526570,T,TGT,I,23,87.64
2025-10-14,9:53:14.699532740,T,TGT,I,38,87.64
2025-10-14,9:53:14.699532740,T,TGT,I,40,87.64
2025-10-14,9:53:14.699556229,T,TGT,F I,2,87.64
2025-10-14,9:53:14.700142637,T,TGT,F I,3,87.64
2025-10-14,9:53:14.700317366,T,TGT,F I,20,87.64
2025-10-14,9:53:14.700317366,T,TGT,F I,31,87.64
2025-10-14,9:53:14.700320057,T,TGT,F I,2,87.64
2025-10-14,9:53:14.700578629,T,TGT,F I,63,87.64
2025-10-14,9:53:14.700605732,T,TGT,I,37,87.64
2025-10-14,9:53:21.322294700,T,TGT,I,17,87.68
2025-10-14,9:53:21.322294700,T,TGT,I,17,87.68
2025-10-14,9:53:21.324114020,T,TGT,,100,87.69
2025-10-14,9:53:23.099501812,T,TGT,,100,87.69
2025-10-14,9:53:23.100100469,T,TGT,F,100,87.69
2025-10-14,9:53:23.100100469,T,TGT,F I,16,87.7
2025-10-14,9:53:23.100106238,T,TGT,F,150,87.7
2025-10-14,9:53:23.100106238,T,TGT,F I,47,87.71
2025-10-14,9:53:23.100109231,T,TGT,F I,25,87.71
2025-10-14,9:53:23.100924292,T,TGT,I,47,87.69
2025-10-14,9:53:23.100924292,T,TGT,I,25,87.69
2025-10-14,9:53:23.100966381,T,TGT,,100,87.69
2025-10-14,9:53:23.100969263,T,TGT,,100,87.69
2025-10-14,9:53:23.100973469,T,TGT,I,16,87.68
2025-10-14,9:53:23.100973469,T,TGT,I,16,87.68
2025-10-14,9:53:23.100973469,T,TGT,I,25,87.68
2025-10-14,9:53:23.100978730,T,TGT,I,50,87.68
2025-10-14,9:53:23.100993410,T,TGT,F I,45,87.7
2025-10-14,9:53:23.100999401,T,TGT,I,9,87.69
2025-10-14,9:53:23.101041886,T,TGT,F I,2,87.7
2025-10-14,9:53:23.101041886,T,TGT,F I,25,87.7
2025-10-14,9:53:23.101444910,T,TGT,,100,87.7
2025-10-14,9:53:23.101448079,T,TGT,I,9,87.7
2025-10-14,9:53:23.101448079,T,TGT,I,9,87.7
2025-10-14,9:53:23.101450414,T,TGT,I,59,87.7
2025-10-14,9:53:23.101579993,T,TGT,F I,9,87.7
2025-10-14,9:53:23.101579993,T,TGT,F I,4,87.71
2025-10-14,9:53:23.101962200,T,TGT,F I,1,87.71
2025-10-14,9:53:23.101962200,T,TGT,F I,25,87.71
2025-10-14,9:53:23.101964633,T,TGT,F I,18,87.71
2025-10-14,9:53:27.352681889,T,TGT,F,100,87.68
2025-10-14,9:53:27.352696866,T,TGT,F I,50,87.68
2025-10-14,9:53:27.352781562,T,TGT,I,27,87.68
2025-10-14,9:53:33.150982070,T,TGT,F,100,87.64
2025-10-14,9:53:33.151000156,T,TGT,I,1,87.64
2025-10-14,9:53:33.151004713,T,TGT,I,84,87.64
2025-10-14,9:53:33.151024212,T,TGT,F I,15,87.64
2025-10-14,9:53:33.151027387,T,TGT,F I,84,87.64
2025-10-14,9:53:33.151030908,T,TGT,I,1,87.64
2025-10-14,9:53:33.151030908,T,TGT,F I,15,87.64
2025-10-14,9:53:33.151042562,T,TGT,I,11,87.63
2025-10-14,9:53:33.151042562,T,TGT,I,25,87.62
2025-10-14,9:53:33.151045557,T,TGT,,500,87.62
2025-10-14,9:53:33.151045557,T,TGT,I,2,87.62
2025-10-14,9:53:33.164619625,T,TGT,F,100,87.61
2025-10-14,9:53:33.164670731,T,TGT,F I,2,87.61
2025-10-14,9:53:33.164676766,T,TGT,I,98,87.61
2025-10-14,9:53:33.164679789,T,TGT,F,100,87.61
2025-10-14,9:53:36.199477283,T,TGT,F I,51,87.61
2025-10-14,9:53:36.199480188,T,TGT,F I,16,87.61
2025-10-14,9:53:36.199480188,T,TGT,F I,11,87.61
2025-10-14,9:53:36.199483181,T,TGT,F I,67,87.61
2025-10-14,9:53:47.583455999,T,TGT,F I,5,87.61
2025-10-14,9:53:51.003263650,T,TGT,F,100,87.59
2025-10-14,9:53:51.003266912,T,TGT,F I,76,87.59
2025-10-14,9:53:51.003266912,T,TGT,F I,24,87.59
2025-10-14,9:53:51.003285552,T,TGT,I,1,87.59
2025-10-14,9:53:51.003288249,T,TGT,I,24,87.59
2025-10-14,9:53:51.003291387,T,TGT,F I,24,87.59
2025-10-14,9:53:51.003295067,T,TGT,I,51,87.59
2025-10-14,9:53:51.003299935,T,TGT,I,21,87.59
2025-10-14,9:53:51.003299935,T,TGT,I,24,87.59
2025-10-14,9:53:51.003299935,T,TGT,F I,24,87.59
2025-10-14,9:53:51.003303512,T,TGT,F I,3,87.59
2025-10-14,9:53:51.003303512,T,TGT,I,24,87.59
2025-10-14,9:53:51.003305682,T,TGT,I,4,87.59
2025-10-14,9:53:57.931389108,T,TGT,F I,31,87.59
2025-10-14,9:53:57.931391761,T,TGT,F I,69,87.6
2025-10-14,9:53:57.931406853,T,TGT,I,1,87.6
2025-10-14,9:53:57.931409752,T,TGT,F I,30,87.6
2025-10-14,9:53:57.931412802,T,TGT,F I,2,87.6
2025-10-14,9:53:57.931418788,T,TGT,F I,50,87.58
2025-10-14,9:54:03.654212142,T,TGT,F,100,87.57
2025-10-14,9:54:03.654438217,T,TGT,F I,77,87.56
2025-10-14,9:54:03.654440733,T,TGT,F I,23,87.56
2025-10-14,9:54:07.494430333,T,TGT,I,50,87.57
2025-10-14,9:54:07.494430333,T,TGT,I,2,87.57
2025-10-14,9:54:07.578026666,T,TGT,F,100,87.55
2025-10-14,9:54:07.578029493,T,TGT,F I,25,87.55
2025-10-14,9:54:17.699907446,T,TGT,F I,5,87.56
2025-10-14,9:54:17.699925532,T,TGT,F I,7,87.56
2025-10-14,9:54:28.356390166,T,TGT,F I,21,87.55
2025-10-14,9:54:28.356471265,T,TGT,F I,3,87.56
2025-10-14,9:54:29.323762274,T,TGT,I,1,87.57
2025-10-14,9:54:29.323762274,T,TGT,I,3,87.57
2025-10-14,9:54:29.324276043,T,TGT,I,4,87.58
2025-10-14,9:54:29.324297468,T,TGT,I,6,87.58
2025-10-14,9:54:35.441323683,T,TGT,,100,87.58
2025-10-14,9:54:35.454269490,T,TGT,I,12,87.56
2025-10-14,9:54:35.456726337,T,TGT,F I,2,87.57
2025-10-14,9:54:35.475067040,T,TGT,,100,87.57
2025-10-14,9:54:35.514472876,T,TGT,,100,87.56
2025-10-14,9:54:59.429826441,T,TGT,,100,87.56
2025-10-14,9:54:59.429826441,T,TGT,,100,87.56
2025-10-14,9:54:59.429829155,T,TGT,I,1,87.56
2025-10-14,9:55:02.179893181,T,TGT,I,24,87.565
2025-10-14,9:55:03.976099880,T,TGT,F I,24,87.58
2025-10-14,9:55:03.976099880,T,TGT,F I,47,87.58
2025-10-14,9:55:03.976105516,T,TGT,F I,53,87.58
2025-10-14,9:55:03.976231890,T,TGT,F,100,87.59
2025-10-14,9:55:03.976270984,T,TGT,F I,59,87.6
2025-10-14,9:55:03.976562631,T,TGT,F,100,87.6
2025-10-14,9:55:03.977173154,T,TGT,,100,87.59
2025-10-14,9:55:03.977185092,T,TGT,I,33,87.58
2025-10-14,9:55:03.977185092,T,TGT,I,16,87.58
2025-10-14,9:55:03.977269372,T,TGT,F,100,87.58
2025-10-14,9:55:04.007085307,T,TGT,F,100,87.585
2025-10-14,9:55:04.007142464,T,TGT,,100,87.585
2025-10-14,9:55:04.007181620,T,TGT,F I,50,87.585
2025-10-14,9:55:04.007181620,T,TGT,F I,50,87.59
2025-10-14,9:55:07.814802114,T,TGT,F I,16,87.6
2025-10-14,9:55:07.814862943,T,TGT,I,47,87.61
2025-10-14,9:55:07.814886760,T,TGT,I,3,87.61
2025-10-14,9:55:07.814889265,T,TGT,I,5,87.61
2025-10-14,9:55:07.815510027,T,TGT,F I,5,87.61
2025-10-14,9:55:07.815532891,T,TGT,I,32,87.6
2025-10-14,9:55:07.815532891,T,TGT,I,32,87.595
2025-10-14,9:55:08.779247824,T,TGT,I,10,87.6
2025-10-14,9:55:08.779347050,T,TGT,,100,87.6
2025-10-14,9:55:10.422320486,T,TGT,,100,87.62
2025-10-14,9:55:10.472675360,T,TGT,I,50,87.62
2025-10-14,9:55:11.230604171,T,TGT,F I,39,87.62
2025-10-14,9:55:11.241637418,T,TGT,F I,39,87.63
2025-10-14,9:55:12.422376512,T,TGT,,100,87.625
2025-10-14,9:55:12.430721436,T,TGT,F I,50,87.64
2025-10-14,9:55:12.430725134,T,TGT,F I,5,87.64
2025-10-14,9:55:12.430725134,T,TGT,F I,26,87.64
2025-10-14,9:55:12.883294008,T,TGT,F I,5,87.65
2025-10-14,9:55:38.713964520,T,TGT,F I,8,87.66
2025-10-14,9:55:38.713967802,T,TGT,F I,47,87.66
2025-10-14,9:55:38.713967802,T,TGT,F I,5,87.66
2025-10-14,9:55:38.713970462,T,TGT,F,100,87.66
2025-10-14,9:55:38.800438433,T,TGT,,100,87.67
2025-10-14,9:55:39.307401285,T,TGT,F I,50,87.67
2025-10-14,9:55:39.307401285,T,TGT,F I,50,87.66
2025-10-14,9:55:39.307431369,T,TGT,F,100,87.67
2025-10-14,9:55:39.734099837,T,TGT,,100,87.67
2025-10-14,9:55:40.506598355,T,TGT,F,100,87.69
2025-10-14,9:55:40.506601294,T,TGT,F I,1,87.69
2025-10-14,9:55:40.506869114,T,TGT,,149,87.68
2025-10-14,9:55:44.360898966,T,TGT,F,100,87.72
2025-10-14,9:55:57.177243369,T,TGT,F I,50,87.75
2025-10-14,9:55:57.177243369,T,TGT,F,100,87.75
2025-10-14,9:55:57.177247508,T,TGT,F I,5,87.75
2025-10-14,9:55:57.200688350,T,TGT,I,65,87.75
2025-10-14,9:56:01.202972134,T,TGT,F I,4,87.73
2025-10-14,9:56:01.202980673,T,TGT,F I,8,87.73
2025-10-14,9:56:01.203022698,T,TGT,I,28,87.73
2025-10-14,9:56:14.281505585,T,TGT,F I,8,87.75
2025-10-14,9:56:14.281511650,T,TGT,F I,8,87.75
2025-10-14,9:56:14.281589780,T,TGT,F I,1,87.76
2025-10-14,9:56:14.281589780,T,TGT,F I,4,87.76
2025-10-14,9:56:15.188737101,T,TGT,F I,62,87.76
2025-10-14,9:56:17.530211799,T,TGT,F I,80,87.76
2025-10-14,9:56:17.530211799,T,TGT,F I,13,87.76
2025-10-14,9:56:17.530241598,T,TGT,F I,36,87.77
2025-10-14,9:56:17.530271708,T,TGT,I,1,87.77
2025-10-14,9:56:17.530289729,T,TGT,F I,3,87.77
2025-10-14,9:56:17.530602474,T,TGT,F I,1,87.78
2025-10-14,9:56:17.530704637,T,TGT,I,10,87.77
2025-10-14,9:56:17.530710646,T,TGT,I,26,87.76
2025-10-14,9:56:17.530713716,T,TGT,I,35,87.76
2025-10-14,9:56:17.530713716,T,TGT,I,9,87.76
2025-10-14,9:56:17.530939263,T,TGT,F I,1,87.77
2025-10-14,9:56:17.530966382,T,TGT,F I,25,87.77
2025-10-14,9:56:17.531074582,T,TGT,F I,56,87.77
2025-10-14,9:56:17.531125712,T,TGT,I,6,87.76
2025-10-14,9:56:17.531171133,T,TGT,,100,87.76
2025-10-14,9:56:17.531171133,T,TGT,I,26,87.75
2025-10-14,9:56:17.531173816,T,TGT,I,13,87.75
2025-10-14,9:56:17.531176785,T,TGT,I,13,87.75
2025-10-14,9:56:17.531176785,T,TGT,I,13,87.75
2025-10-14,9:56:17.531179902,T,TGT,,100,87.75
2025-10-14,9:56:17.531212899,T,TGT,I,13,87.74
2025-10-14,9:56:17.531215938,T,TGT,,100,87.74
2025-10-14,9:56:17.531215938,T,TGT,,462,87.74
2025-10-14,9:56:17.531219645,T,TGT,F I,27,87.75
2025-10-14,9:56:17.531219645,T,TGT,I,13,87.75
2025-10-14,9:56:17.531225142,T,TGT,F I,60,87.75
2025-10-14,9:56:17.531276103,T,TGT,F I,1,87.76
2025-10-14,9:56:17.531282391,T,TGT,I,43,87.75
2025-10-14,9:56:17.531303528,T,TGT,F I,99,87.76
2025-10-14,9:56:17.531303528,T,TGT,F I,64,87.76
2025-10-14,9:56:17.531306084,T,TGT,F I,1,87.76
2025-10-14,9:56:17.531306084,T,TGT,F I,25,87.76
2025-10-14,9:56:17.531324131,T,TGT,,100,87.75
2025-10-14,9:56:17.531724057,T,TGT,F,100,87.76
2025-10-14,9:56:17.532274365,T,TGT,F,100,87.77
2025-10-14,9:56:17.532364838,T,TGT,,100,87.76
2025-10-14,9:56:17.532371606,T,TGT,I,35,87.76
2025-10-14,9:56:17.532371606,T,TGT,I,10,87.76
2025-10-14,9:56:17.532410147,T,TGT,,1611,87.76
2025-10-14,9:56:17.532454847,T,TGT,,100,87.75
2025-10-14,9:56:17.532533048,T,TGT,F I,17,87.75
2025-10-14,9:56:17.532536064,T,TGT,F I,70,87.75
2025-10-14,9:56:17.532648030,T,TGT,F I,33,87.75
2025-10-14,9:56:17.532653480,T,TGT,F I,33,87.75
2025-10-14,9:56:17.532653480,T,TGT,F I,33,87.75
2025-10-14,9:56:17.532656555,T,TGT,F I,33,87.75
2025-10-14,9:56:17.532660148,T,TGT,F I,34,87.75
2025-10-14,9:56:17.532824781,T,TGT,F I,33,87.75
2025-10-14,9:56:17.532830736,T,TGT,F I,33,87.75
2025-10-14,9:56:17.532842816,T,TGT,F I,33,87.75
2025-10-14,9:56:17.532846090,T,TGT,F I,1,87.75
2025-10-14,9:56:17.532848993,T,TGT,F I,28,87.75
2025-10-14,9:56:17.532848993,T,TGT,F I,25,87.75
2025-10-14,9:56:17.568375422,T,TGT,I,32,87.78
2025-10-14,9:56:17.600937258,T,TGT,F,100,87.79
2025-10-14,9:56:17.600940131,T,TGT,F,132,87.79
2025-10-14,9:56:18.376938837,T,TGT,I,14,87.79
2025-10-14,9:56:18.376942105,T,TGT,I,8,87.79
2025-10-14,9:56:18.376944856,T,TGT,I,22,87.79
2025-10-14,9:56:18.376944856,T,TGT,I,2,87.79
2025-10-14,9:56:18.376947983,T,TGT,I,21,87.79
2025-10-14,9:56:18.376947983,T,TGT,I,11,87.79
2025-10-14,9:56:19.422184662,T,TGT,F I,10,87.82
2025-10-14,9:56:19.422187235,T,TGT,F I,20,87.82
2025-10-14,9:56:19.422190128,T,TGT,F I,27,87.82
2025-10-14,9:56:19.422193323,T,TGT,F,200,87.84
2025-10-14,9:56:19.422193323,T,TGT,F,100,87.84
2025-10-14,9:56:19.432874537,T,TGT,I,11,87.84
2025-10-14,9:56:19.432874537,T,TGT,I,85,87.84
2025-10-14,9:56:19.432892517,T,TGT,I,1,87.84
2025-10-14,9:56:19.439830037,T,TGT,I,19,87.82
2025-10-14,9:56:19.630586538,T,TGT,I,20,87.81
2025-10-14,9:56:30.628809207,T,TGT,I,14,87.81
2025-10-14,9:56:30.628812270,T,TGT,I,19,87.81
2025-10-14,9:56:30.721153238,T,TGT,I,25,87.82
2025-10-14,9:56:30.721153238,T,TGT,I,5,87.82
2025-10-14,9:56:32.297114936,T,TGT,I,23,87.84
2025-10-14,9:56:32.297117935,T,TGT,I,2,87.84
2025-10-14,9:56:32.297244288,T,TGT,I,4,87.85
2025-10-14,9:56:32.297953953,T,TGT,I,20,87.85
2025-10-14,9:56:32.884089432,T,TGT,I,17,87.85
2025-10-14,9:56:32.884089432,T,TGT,I,37,87.85
2025-10-14,9:56:32.891754601,T,TGT,F I,21,87.86
2025-10-14,9:56:32.891754601,T,TGT,F I,19,87.86
2025-10-14,9:56:32.892380176,T,TGT,F I,1,87.85
2025-10-14,9:56:32.892383202,T,TGT,F I,1,87.85
2025-10-14,9:56:34.446666249,T,TGT,F I,1,87.86
2025-10-14,9:56:34.446669249,T,TGT,F I,1,87.86
2025-10-14,9:56:34.558301200,T,TGT,I,10,87.88
2025-10-14,9:56:35.153665585,T,TGT,I,11,87.88
2025-10-14,9:56:35.153668633,T,TGT,I,25,87.88
2025-10-14,9:56:35.153743795,T,TGT,I,11,87.87
2025-10-14,9:56:35.153743795,T,TGT,I,11,87.87
2025-10-14,9:56:35.153774362,T,TGT,,100,87.87
2025-10-14,9:56:35.159346316,T,TGT,I,20,87.88
2025-10-14,9:56:40.588402832,T,TGT,I,27,87.89
2025-10-14,9:56:40.588658357,T,TGT,I,16,87.9
2025-10-14,9:56:40.588682475,T,TGT,I,84,87.9
2025-10-14,9:56:45.968704378,T,TGT,F I,6,87.91
2025-10-14,9:56:45.968719337,T,TGT,F I,6,87.91
2025-10-14,9:56:45.968815560,T,TGT,F I,50,87.9
2025-10-14,9:56:45.968969215,T,TGT,I,55,87.89
2025-10-14,9:56:45.968969215,T,TGT,I,25,87.89
2025-10-14,9:56:45.975632732,T,TGT,F I,11,87.91
2025-10-14,9:56:45.975636304,T,TGT,F I,21,87.91
2025-10-14,9:56:45.975636304,T,TGT,F I,55,87.91
2025-10-14,9:56:45.975638800,T,TGT,F I,25,87.91
2025-10-14,9:56:45.983076022,T,TGT,F I,50,87.92
2025-10-14,9:56:45.983078676,T,TGT,F I,25,87.92
2025-10-14,9:56:45.983081559,T,TGT,F I,10,87.93
2025-10-14,9:56:45.983081559,T,TGT,F I,25,87.93
2025-10-14,9:56:45.983310008,T,TGT,I,55,87.91
2025-10-14,9:56:45.983316447,T,TGT,I,11,87.91
2025-10-14,9:56:45.983316447,T,TGT,I,21,87.91
2025-10-14,9:56:45.983331855,T,TGT,I,1,87.91
2025-10-14,9:56:45.983337120,T,TGT,I,24,87.91
2025-10-14,9:56:45.983598722,T,TGT,F I,4,87.9
2025-10-14,9:56:45.983622753,T,TGT,I,1,87.9
2025-10-14,9:56:45.983628859,T,TGT,I,6,87.9
2025-10-14,9:56:45.983628859,T,TGT,I,21,87.9
2025-10-14,9:56:45.983631831,T,TGT,I,25,87.9
2025-10-14,9:56:45.983746052,T,TGT,,100,87.9
2025-10-14,9:56:45.983749083,T,TGT,I,55,87.9
2025-10-14,9:56:45.983749083,T,TGT,I,25,87.9
2025-10-14,9:56:45.984389571,T,TGT,F I,25,87.91
2025-10-14,9:56:45.984504048,T,TGT,I,30,87.9
2025-10-14,9:56:45.984504048,T,TGT,I,11,87.9
2025-10-14,9:56:45.991733078,T,TGT,F I,30,87.91
2025-10-14,9:56:45.991733078,T,TGT,F I,11,87.91
2025-10-14,9:56:47.707419648,T,TGT,F,100,87.91
2025-10-14,9:56:49.037539633,T,TGT,I,10,87.905
2025-10-14,9:56:49.044841060,T,TGT,,100,87.905
2025-10-14,9:56:57.491782586,T,TGT,F I,1,87.89
2025-10-14,9:56:57.530511896,T,TGT,F I,3,87.88
2025-10-14,9:56:57.532469494,T,TGT,F I,19,87.88
2025-10-14,9:56:58.107427298,T,TGT,I,2,87.89
2025-10-14,9:56:58.107427298,T,TGT,I,11,87.89
2025-10-14,9:56:58.107430321,T,TGT,I,21,87.89
2025-10-14,9:57:04.082533755,T,TGT,I,5,87.9
2025-10-14,9:57:04.399028782,T,TGT,I,8,87.9
2025-10-14,9:57:17.508587737,T,TGT,I,20,87.915
2025-10-14,9:57:20.979426896,T,TGT,I,2,87.93
2025-10-14,9:57:21.114583975,T,TGT,I,6,87.94
2025-10-14,9:57:21.126119311,T,TGT,I,5,87.94
2025-10-14,9:57:21.128440926,T,TGT,,100,87.92
2025-10-14,9:57:21.128464931,T,TGT,,100,87.92
2025-10-14,9:57:24.166251484,T,TGT,F I,76,87.91
2025-10-14,9:57:26.714044370,T,TGT,I,60,87.94
2025-10-14,9:57:26.714230814,T,TGT,,100,87.94
2025-10-14,9:57:28.827377339,T,TGT,F I,10,87.95
2025-10-14,9:57:32.913019256,T,TGT,F I,67,87.96
2025-10-14,9:57:34.027077366,T,TGT,F I,30,87.95
2025-10-14,9:57:35.270341446,T,TGT,F,100,87.93
2025-10-14,9:57:35.270486024,T,TGT,F,100,87.93
2025-10-14,9:57:35.270750416,T,TGT,I,20,87.93
2025-10-14,9:57:35.632343820,T,TGT,I,8,87.95
2025-10-14,9:57:35.633715070,T,TGT,F I,25,87.97
2025-10-14,9:57:35.633715070,T,TGT,F I,12,87.97
2025-10-14,9:57:35.633718171,T,TGT,F I,8,87.97
2025-10-14,9:57:35.634256421,T,TGT,,100,87.97
2025-10-14,9:57:35.634256421,T,TGT,I,51,87.97
2025-10-14,9:57:35.634274943,T,TGT,I,1,87.97
2025-10-14,9:57:35.634278454,T,TGT,I,48,87.97
2025-10-14,9:57:35.634278454,T,TGT,I,52,87.97
2025-10-14,9:57:35.634284088,T,TGT,I,48,87.97
2025-10-14,9:57:37.000826430,T,TGT,,111,87.99
2025-10-14,9:57:37.000847309,T,TGT,I,1,87.99
2025-10-14,9:57:37.000862371,T,TGT,I,79,87.99
2025-10-14,9:57:37.000862371,T,TGT,I,80,87.99
2025-10-14,9:57:37.000866321,T,TGT,I,81,87.99
2025-10-14,9:57:37.000868508,T,TGT,I,41,87.99
2025-10-14,9:57:44.433069300,T,TGT,F,2106,87.99
2025-10-14,9:57:44.433069300,T,TGT,F,1940,87.99
2025-10-14,9:57:44.433087880,T,TGT,I,1,87.99
2025-10-14,9:57:44.433093624,T,TGT,,374,87.99
2025-10-14,9:57:44.433093624,T,TGT,I,7,87.99
2025-10-14,9:57:44.433190056,T,TGT,F I,20,88.0
2025-10-14,9:57:44.433192742,T,TGT,F I,1,88.0
2025-10-14,9:57:44.433195603,T,TGT,F I,4,88.0
2025-10-14,9:57:44.433201657,T,TGT,F I,1,88.0
2025-10-14,9:57:44.433201657,T,TGT,F I,5,88.0
2025-10-14,9:57:44.433201657,T,TGT,F I,22,88.0
2025-10-14,9:57:44.433204991,T,TGT,F,850,88.0
2025-10-14,9:57:44.433204991,T,TGT,F,720,88.0
2025-10-14,9:57:44.433210665,T,TGT,F I,54,88.0
2025-10-14,9:57:44.433218119,T,TGT,F,226,88.0
2025-10-14,9:57:44.433218119,T,TGT,F,100,88.0
2025-10-14,9:57:44.433223044,T,TGT,F I,30,88.0
2025-10-14,9:57:44.433223044,T,TGT,F,400,88.0
2025-10-14,9:57:44.433649725,T,TGT,F I,1,88.01
2025-10-14,9:57:44.434503715,T,TGT,F I,3,88.01
2025-10-14,9:57:44.434509763,T,TGT,F I,1,88.01
2025-10-14,9:57:44.434528598,T,TGT,I,11,88.0
2025-10-14,9:57:44.434531245,T,TGT,I,4,87.99
2025-10-14,9:57:44.434531245,T,TGT,I,8,87.99
2025-10-14,9:57:44.435035991,T,TGT,I,12,87.99
2025-10-14,9:57:44.435084218,T,TGT,F,100,87.99
2025-10-14,9:57:44.435348856,T,TGT,F I,1,87.99
2025-10-14,9:57:44.435953360,T,TGT,F I,5,87.99
2025-10-14,9:57:44.436308716,T,TGT,F I,2,87.99
2025-10-14,9:57:44.547227302,T,TGT,F,100,88.01
2025-10-14,9:57:44.548959868,T,TGT,,858,87.99
2025-10-14,9:57:44.548962913,T,TGT,F I,90,87.99
2025-10-14,9:57:44.548965475,T,TGT,F I,17,87.99
2025-10-14,9:57:44.548974611,T,TGT,F,250,87.99
2025-10-14,9:57:44.548974611,T,TGT,,522,87.99
2025-10-14,9:57:44.548980680,T,TGT,F,179,87.99
2025-10-14,9:57:44.548980680,T,TGT,F,179,87.99
2025-10-14,9:57:44.548980680,T,TGT,F I,19,87.99
2025-10-14,9:57:47.721087858,T,TGT,I,54,88.03
2025-10-14,9:57:48.060978654,T,TGT,F I,1,88.03
2025-10-14,9:57:48.606776013,T,TGT,I,34,88.04
2025-10-14,9:57:49.510813797,T,TGT,I,7,88.025
2025-10-14,9:57:49.510816889,T,TGT,I,93,88.0
2025-10-14,9:57:49.510837956,T,TGT,I,1,88.0
2025-10-14,9:57:49.510840846,T,TGT,I,6,88.0
2025-10-14,9:57:49.767514401,T,TGT,I,9,88.01
2025-10-14,9:58:00.852421867,T,TGT,I,5,87.98
2025-10-14,9:58:00.852439918,T,TGT,I,12,87.98
2025-10-14,9:58:02.259931175,T,TGT,,100,87.97
2025-10-14,9:58:02.571584714,T,TGT,I,1,87.96
2025-10-14,9:58:02.571689992,T,TGT,I,99,87.96
2025-10-14,9:58:02.577045738,T,TGT,,100,87.94
2025-10-14,9:58:02.577048749,T,TGT,,100,87.94
2025-10-14,9:58:02.577184091,T,TGT,F,100,87.94
2025-10-14,9:58:02.577680287,T,TGT,,100,87.95
2025-10-14,9:58:02.580113078,T,TGT,I,11,87.95
2025-10-14,9:58:02.580200285,T,TGT,I,27,87.94
2025-10-14,9:58:02.580263402,T,TGT,I,73,87.94
2025-10-14,9:58:02.580335864,T,TGT,,150,87.94
2025-10-14,9:58:02.582551803,T,TGT,,100,87.94
2025-10-14,9:58:02.582654063,T,TGT,F,100,87.93
2025-10-14,9:58:02.770773284,T,TGT,F I,2,87.92
2025-10-14,9:58:02.949422937,T,TGT,F I,1,87.91
2025-10-14,9:58:02.949880074,T,TGT,I,25,87.91
2025-10-14,9:58:02.949883030,T,TGT,,157,87.91
2025-10-14,9:58:04.288750838,T,TGT,F I,53,87.91
2025-10-14,9:58:04.288750838,T,TGT,F,100,87.91
2025-10-14,9:58:04.288753786,T,TGT,F I,1,87.91
2025-10-14,9:58:04.288774853,T,TGT,I,31,87.91
2025-10-14,9:58:04.289247008,T,TGT,I,25,87.91
2025-10-14,9:58:04.289328318,T,TGT,,100,87.91
2025-10-14,9:58:04.949094105,T,TGT,F I,1,87.9
2025-10-14,9:58:04.973061165,T,TGT,I,57,87.91
2025-10-14,9:58:05.132077112,T,TGT,,198,87.91
2025-10-14,9:58:17.559114955,T,TGT,F I,5,87.97
2025-10-14,9:58:17.559755577,T,TGT,F I,10,87.955
2025-10-14,9:58:17.559755577,T,TGT,F,100,87.95
2025-10-14,9:58:17.559758460,T,TGT,F I,56,87.94
2025-10-14,9:58:17.559758460,T,TGT,F I,1,87.94
2025-10-14,9:58:19.398137460,T,TGT,F I,10,87.93
2025-10-14,9:58:36.369635379,T,TGT,I,5,87.91
2025-10-14,9:58:36.370480683,T,TGT,F I,5,87.89
2025-10-14,9:58:36.370480683,T,TGT,F I,5,87.89
2025-10-14,9:58:36.379724372,T,TGT,I,5,87.88
2025-10-14,9:58:36.379724372,T,TGT,,100,87.88
2025-10-14,9:58:41.846433661,T,TGT,F,100,87.85
2025-10-14,9:58:41.846433661,T,TGT,F I,3,87.84
2025-10-14,9:58:41.846449340,T,TGT,I,3,87.84
2025-10-14,9:58:41.846505786,T,TGT,F I,60,87.83
2025-10-14,9:58:41.846544937,T,TGT,F I,40,87.83
2025-10-14,9:58:41.846617156,T,TGT,,173,87.845
2025-10-14,9:58:41.850078336,T,TGT,,100,87.84
2025-10-14,9:58:41.850099399,T,TGT,I,1,87.84
2025-10-14,9:58:41.850135543,T,TGT,I,24,87.84
2025-10-14,9:58:41.850135543,T,TGT,I,20,87.84
2025-10-14,9:58:44.155848930,T,TGT,I,39,87.86
2025-10-14,9:58:44.155851745,T,TGT,I,73,87.86
2025-10-14,9:58:48.244185082,T,TGT,I,9,87.9
2025-10-14,9:58:48.409777614,T,TGT,I,9,87.91
2025-10-14,9:58:48.483233594,T,TGT,,100,87.92
2025-10-14,9:58:48.490910836,T,TGT,I,77,87.93
2025-10-14,9:58:55.582556512,T,TGT,I,1,87.95
2025-10-14,9:58:55.603281847,T,TGT,F I,60,87.95
2025-10-14,9:58:55.603312026,T,TGT,,100,87.94
2025-10-14,9:58:55.603312026,T,TGT,I,14,87.94
2025-10-14,9:58:55.603329957,T,TGT,,100,87.95
2025-10-14,9:58:55.603354008,T,TGT,I,1,87.94
2025-10-14,9:58:58.359709163,T,TGT,F I,5,87.96
2025-10-14,9:59:03.309092801,T,TGT,,100,87.93
2025-10-14,9:59:06.794718153,T,TGT,F I,1,87.96
2025-10-14,9:59:07.516618004,T,TGT,I,29,87.96
2025-10-14,9:59:10.012444259,T,TGT,I,10,87.95
2025-10-14,9:59:10.514102369,T,TGT,F I,3,87.94
2025-10-14,9:59:16.850615835,T,TGT,F I,56,87.96
2025-10-14,9:59:16.871236471,T,TGT,,100,87.97
2025-10-14,9:59:16.871590827,T,TGT,F I,9,87.98
2025-10-14,9:59:16.872207270,T,TGT,F I,4,87.98
2025-10-14,9:59:16.875740854,T,TGT,F,100,88.0
2025-10-14,9:59:17.965052995,T,TGT,F I,11,88.03
2025-10-14,9:59:20.248732695,T,TGT,F I,52,88.06
2025-10-14,9:59:20.248732695,T,TGT,F I,2,88.06
2025-10-14,9:59:20.248789818,T,TGT,F I,28,88.07
2025-10-14,9:59:31.186857672,T,TGT,F I,39,88.07
2025-10-14,9:59:31.186860643,T,TGT,F I,10,88.07
2025-10-14,9:59:31.186860643,T,TGT,F I,10,88.07
2025-10-14,9:59:31.186863428,T,TGT,F I,5,88.07
2025-10-14,9:59:31.186878527,T,TGT,I,10,88.07
2025-10-14,9:59:31.188336906,T,TGT,,100,88.08
2025-10-14,9:59:31.189768354,T,TGT,I,1,88.09
2025-10-14,9:59:31.189768354,T,TGT,,100,88.09
2025-10-14,9:59:31.189771361,T,TGT,I,9,88.09
2025-10-14,9:59:31.189852519,T,TGT,I,20,88.095
2025-10-14,9:59:31.189855541,T,TGT,I,80,88.09
2025-10-14,9:59:31.189876624,T,TGT,I,1,88.09
2025-10-14,9:59:31.189876624,T,TGT,I,19,88.09
2025-10-14,9:59:31.189973210,T,TGT,F,100,88.09
2025-10-14,9:59:31.190009295,T,TGT,F I,10,88.1
2025-10-14,9:59:31.190009295,T,TGT,F I,21,88.1
2025-10-14,9:59:31.190450967,T,TGT,I,33,88.09
2025-10-14,9:59:31.190472141,T,TGT,F I,17,88.09
2025-10-14,9:59:31.190508083,T,TGT,F I,83,88.09
2025-10-14,9:59:31.190535185,T,TGT,F I,28,88.09
2025-10-14,9:59:31.224188390,T,TGT,I,40,88.08
2025-10-14,9:59:31.286328428,T,TGT,I,40,88.07
2025-10-14,9:59:32.272696337,T,TGT,F I,33,88.08
2025-10-14,9:59:32.272861834,T,TGT,I,87,88.075
2025-10-14,9:59:39.133674431,T,TGT,I,22,88.09
2025-10-14,9:59:39.134564596,T,TGT,F I,50,88.1
2025-10-14,9:59:39.134567718,T,TGT,F,100,88.1
2025-10-14,9:59:39.134570546,T,TGT,F I,6,88.1
2025-10-14,9:59:39.135211872,T,TGT,I,13,88.1
2025-10-14,9:59:39.135235199,T,TGT,I,1,88.1
2025-10-14,9:59:39.135277787,T,TGT,I,8,88.1
2025-10-14,9:59:39.135424598,T,TGT,F I,1,88.11
2025-10-14,9:59:39.136393484,T,TGT,,100,88.11
2025-10-14,9:59:39.136413993,T,TGT,I,1,88.11
2025-10-14,9:59:39.860776743,T,TGT,,100,88.1
2025-10-14,9:59:47.575906753,T,TGT,I,1,88.1
2025-10-14,9:59:47.642467300,T,TGT,I,64,88.1
2025-10-14,9:59:54.915351661,T,TGT,I,5,88.09
2025-10-14,9:59:55.476154839,T,TGT,I,36,88.1
2025-10-14,9:59:56.404469516,T,TGT,I,16,88.12
2025-10-14,9:59:56.404947927,T,TGT,F I,84,88.12
2025-10-14,9:59:56.404947927,T,TGT,F I,11,88.12
2025-10-14,9:59:57.954326298,T,TGT,F I,1,88.13
2025-10-14,9:59:57.954326298,T,TGT,F I,29,88.13
2025-10-14,9:59:57.954328941,T,TGT,F I,31,88.13
2025-10-14,9:59:57.955372808,T,TGT,I,14,88.12
2025-10-14,9:59:57.955375472,T,TGT,I,2,88.12
2025-10-14,10:00:00.043676851,T,TGT,F I,90,88.09
2025-10-14,10:00:00.043703889,T,TGT,I,10,88.09
2025-10-14,10:00:00.084090087,T,TGT,I,12,88.09
2025-10-14,10:00:00.084093041,T,TGT,I,2,88.09
2025-10-14,10:00:00.116967396,T,TGT,F,190,88.1
2025-10-14,10:00:00.116988577,T,TGT,F I,10,88.1
2025-10-14,10:00:00.116988577,T,TGT,F I,30,88.1
2025-10-14,10:00:00.116994623,T,TGT,I,4,88.1
2025-10-14,10:00:00.116994623,T,TGT,I,1,88.1
2025-10-14,10:00:05.280449218,T,TGT,,100,88.09
2025-10-14,10:00:07.009400463,T,TGT,I,7,88.1
2025-10-14,10:00:07.009403416,T,TGT,I,3,88.1
2025-10-14,10:00:11.419906259,T,TGT,I,1,88.095
2025-10-14,10:00:11.419943079,T,TGT,I,29,88.095
2025-10-14,10:00:11.419948382,T,TGT,I,68,88.08
2025-10-14,10:00:11.419948382,T,TGT,I,4,88.08
2025-10-14,10:00:11.419951351,T,TGT,I,50,88.08
2025-10-14,10:00:11.419975745,T,TGT,,100,88.08
2025-10-14,10:00:11.420101767,T,TGT,I,36,88.09
2025-10-14,10:00:11.420104706,T,TGT,I,1,88.09
2025-10-14,10:00:11.420134763,T,TGT,F I,37,88.09
2025-10-14,10:00:11.420462850,T,TGT,I,1,88.09
2025-10-14,10:00:11.420466306,T,TGT,I,26,88.08
2025-10-14,10:00:11.420468603,T,TGT,I,9,88.08
2025-10-14,10:00:11.420531740,T,TGT,I,14,88.09
2025-10-14,10:00:11.420628448,T,TGT,I,25,88.09
2025-10-14,10:00:11.420745206,T,TGT,I,14,88.09
2025-10-14,10:00:11.420748216,T,TGT,I,14,88.09
2025-10-14,10:00:11.421136235,T,TGT,F I,10,88.09
2025-10-14,10:00:15.044688177,T,TGT,I,1,88.07
2025-10-14,10:00:15.044766401,T,TGT,I,99,88.07
2025-10-14,10:00:15.050230371,T,TGT,F I,50,88.06
2025-10-14,10:00:15.050236439,T,TGT,I,50,88.06
2025-10-14,10:00:15.050236439,T,TGT,I,26,88.07
2025-10-14,10:00:15.050239438,T,TGT,I,35,88.07
2025-10-14,10:00:29.488240302,T,TGT,F I,1,88.07
2025-10-14,10:00:29.488306545,T,TGT,,100,88.08
2025-10-14,10:00:29.488306545,T,TGT,,100,88.08
2025-10-14,10:00:29.488309730,T,TGT,I,17,88.08
2025-10-14,10:00:29.488312547,T,TGT,I,1,88.08
2025-10-14,10:00:29.488315571,T,TGT,I,1,88.08
2025-10-14,10:00:29.488315571,T,TGT,I,5,88.08
2025-10-14,10:00:29.488324511,T,TGT,F I,7,88.07
2025-10-14,10:00:29.489530439,T,TGT,F I,25,88.09
2025-10-14,10:00:29.541193485,T,TGT,F I,65,88.11
2025-10-14,10:00:29.550497832,T,TGT,,200,88.12
2025-10-14,10:00:29.550500712,T,TGT,,100,88.12
2025-10-14,10:00:29.551020860,T,TGT,F I,1,88.14
2025-10-14,10:00:29.551020860,T,TGT,F I,1,88.14
2025-10-14,10:00:29.551023943,T,TGT,F I,25,88.14
2025-10-14,10:00:29.551309631,T,TGT,F I,50,88.15
2025-10-14,10:00:29.551312539,T,TGT,F,500,88.15
2025-10-14,10:00:29.552058390,T,TGT,F I,15,88.16
2025-10-14,10:00:29.552317048,T,TGT,I,22,88.15
2025-10-14,10:00:29.562304147,T,TGT,,100,88.16
2025-10-14,10:00:29.562306749,T,TGT,,100,88.16
2025-10-14,10:00:29.562309833,T,TGT,,100,88.16
2025-10-14,10:00:29.562622893,T,TGT,,100,88.16
2025-10-14,10:00:29.562626783,T,TGT,I,6,88.16
2025-10-14,10:00:29.562628818,T,TGT,I,6,88.16
2025-10-14,10:00:29.562628818,T,TGT,I,8,88.16
2025-10-14,10:00:29.916755185,T,TGT,F I,6,88.16
2025-10-14,10:00:29.916755185,T,TGT,F I,6,88.16
2025-10-14,10:00:32.166580333,T,TGT,I,6,88.15
2025-10-14,10:00:39.763709186,T,TGT,F,100,88.14
2025-10-14,10:00:39.763733843,T,TGT,I,1,88.14
2025-10-14,10:00:40.343436352,T,TGT,F I,15,88.13
2025-10-14,10:00:40.820529382,T,TGT,I,25,88.14
2025-10-14,10:00:40.820529382,T,TGT,I,41,88.14
2025-10-14,10:00:40.820532139,T,TGT,I,35,88.14
2025-10-14,10:00:40.820550769,T,TGT,F I,65,88.14
2025-10-14,10:00:40.820553095,T,TGT,F,100,88.14
2025-10-14,10:00:40.820556139,T,TGT,F I,16,88.14
2025-10-14,10:00:49.264412243,T,TGT,I,15,88.165
2025-10-14,10:00:53.466894563,T,TGT,I,45,88.165
2025-10-14,10:00:53.709512663,T,TGT,I,20,88.165
2025-10-14,10:00:53.709533613,T,TGT,I,25,88.16
2025-10-14,10:00:54.516437185,T,TGT,I,15,88.14
2025-10-14,10:00:54.516440153,T,TGT,I,50,88.14
2025-10-14,10:00:54.983290445,T,TGT,F I,8,88.13
2025-10-14,10:00:54.983341467,T,TGT,,100,88.12
2025-10-14,10:00:55.984498654,T,TGT,,100,88.11
2025-10-14,10:00:56.964010334,T,TGT,I,1,88.08
2025-10-14,10:00:56.964034295,T,TGT,I,99,88.08
2025-10-14,10:00:56.964034295,T,TGT,,100,88.08
2025-10-14,10:01:00.858733399,T,TGT,F,200,88.06
2025-10-14,10:01:00.862781025,T,TGT,,100,88.05
2025-10-14,10:01:00.862805093,T,TGT,I,4,88.05
2025-10-14,10:01:00.862826049,T,TGT,F I,79,88.05
2025-10-14,10:01:00.863060881,T,TGT,,100,88.05
2025-10-14,10:01:00.863060881,T,TGT,,100,88.06
2025-10-14,10:01:00.863063631,T,TGT,I,23,88.06
2025-10-14,10:01:00.863066772,T,TGT,,100,88.06
2025-10-14,10:01:00.863066772,T,TGT,I,2,88.06
2025-10-14,10:01:00.863069637,T,TGT,I,1,88.06
2025-10-14,10:01:00.863085069,T,TGT,I,1,88.06
2025-10-14,10:01:00.863093726,T,TGT,F I,35,88.05
2025-10-14,10:01:00.863096810,T,TGT,F I,14,88.05
2025-10-14,10:01:00.863451628,T,TGT,,100,88.05
2025-10-14,10:01:04.754048816,T,TGT,,100,88.04
2025-10-14,10:01:04.755738774,T,TGT,I,19,88.02
2025-10-14,10:01:04.755741875,T,TGT,I,23,88.02
2025-10-14,10:01:04.792125559,T,TGT,I,17,88.01
2025-10-14,10:01:04.792125559,T,TGT,I,1,88.01
2025-10-14,10:01:04.941924547,T,TGT,,100,87.99
2025-10-14,10:01:04.941927442,T,TGT,I,1,87.99
2025-10-14,10:01:04.941960483,T,TGT,I,8,87.98
2025-10-14,10:01:04.942447891,T,TGT,I,14,87.99
2025-10-14,10:01:04.942447891,T,TGT,,185,87.99
2025-10-14,10:01:04.942447891,T,TGT,I,11,87.99
2025-10-14,10:01:04.942451162,T,TGT,I,25,87.99
2025-10-14,10:01:04.942454115,T,TGT,I,15,87.99
2025-10-14,10:01:04.942454115,T,TGT,I,79,87.99
2025-10-14,10:01:04.942468716,T,TGT,I,1,87.99
2025-10-14,10:01:04.943253761,T,TGT,I,25,87.98
2025-10-14,10:01:04.943259606,T,TGT,I,4,87.98
2025-10-14,10:01:04.943259606,T,TGT,I,9,87.98
2025-10-14,10:01:04.943263148,T,TGT,I,1,87.98
2025-10-14,10:01:04.943263148,T,TGT,I,1,87.98
2025-10-14,10:01:04.943292671,T,TGT,I,5,87.98
2025-10-14,10:01:05.306425855,T,TGT,,200,87.97
2025-10-14,10:01:05.306464874,T,TGT,I,4,87.96
2025-10-14,10:01:08.378614155,T,TGT,I,1,87.95
2025-10-14,10:01:08.378656698,T,TGT,I,19,87.95
2025-10-14,10:01:08.378659404,T,TGT,I,6,87.95
2025-10-14,10:01:08.891323749,T,TGT,I,8,87.94
2025-10-14,10:01:08.891344885,T,TGT,F I,17,87.94
2025-10-14,10:01:08.891344885,T,TGT,F I,13,87.94
2025-10-14,10:01:08.891347809,T,TGT,F I,2,87.94
2025-10-14,10:01:12.866148590,T,TGT,F I,70,87.95
2025-10-14,10:01:12.866148590,T,TGT,F I,16,87.96
2025-10-14,10:01:12.867447791,T,TGT,I,10,87.96
2025-10-14,10:01:12.867450691,T,TGT,I,60,87.96
2025-10-14,10:01:14.363042929,T,TGT,I,40,87.96
2025-10-14,10:01:14.363072995,T,TGT,I,3,87.96
2025-10-14,10:01:14.363301532,T,TGT,I,3,87.95
2025-10-14,10:01:14.363749593,T,TGT,F I,1,87.95
2025-10-14,10:01:14.366446988,T,TGT,,100,87.95
2025-10-14,10:01:15.755243157,T,TGT,I,20,87.97
2025-10-14,10:01:15.755243157,T,TGT,I,83,87.97
2025-10-14,10:01:18.624128787,T,TGT,F I,2,87.98
2025-10-14,10:01:18.624143795,T,TGT,F I,3,87.98
2025-10-14,10:01:30.641212022,T,TGT,F I,1,87.96
2025-10-14,10:01:30.641231042,T,TGT,F I,32,87.96
2025-10-14,10:01:30.641236336,T,TGT,I,32,87.96
2025-10-14,10:01:30.642330632,T,TGT,I,21,87.97
2025-10-14,10:01:30.643620694,T,TGT,F I,46,88.0
2025-10-14,10:01:30.643681037,T,TGT,F I,36,88.01
2025-10-14,10:01:30.643918821,T,TGT,I,30,88.0
2025-10-14,10:01:30.643918821,T,TGT,I,11,87.99
2025-10-14,10:01:30.643921978,T,TGT,I,21,87.99
2025-10-14,10:01:30.643924458,T,TGT,,100,87.99
2025-10-14,10:01:30.643924458,T,TGT,I,31,87.99
2025-10-14,10:01:30.643927488,T,TGT,I,2,87.99
2025-10-14,10:01:30.643927488,T,TGT,I,25,87.99
2025-10-14,10:01:30.643939513,T,TGT,I,1,87.99
2025-10-14,10:01:30.644411581,T,TGT,I,11,87.99
2025-10-14,10:01:30.644823719,T,TGT,F I,21,88.0
2025-10-14,10:01:30.644826716,T,TGT,F I,31,88.0
2025-10-14,10:01:30.644826716,T,TGT,F I,18,88.0
2025-10-14,10:01:30.644829633,T,TGT,F I,11,88.0
2025-10-14,10:01:30.644833619,T,TGT,F I,21,88.0
2025-10-14,10:01:30.644833619,T,TGT,F I,62,88.0
2025-10-14,10:01:30.644835890,T,TGT,F I,11,88.0
2025-10-14,10:01:30.644874948,T,TGT,I,31,88.0
2025-10-14,10:01:30.644878066,T,TGT,I,25,88.01
2025-10-14,10:01:30.644881143,T,TGT,I,50,88.01
2025-10-14,10:01:30.645184452,T,TGT,I,40,88.0
2025-10-14,10:01:30.645187470,T,TGT,I,21,88.0
2025-10-14,10:01:30.645187470,T,TGT,,278,88.0
2025-10-14,10:01:30.645190829,T,TGT,I,28,88.0
2025-10-14,10:01:30.645190829,T,TGT,I,2,88.0
2025-10-14,10:01:30.645193431,T,TGT,I,6,88.0
2025-10-14,10:01:30.645229610,T,TGT,I,31,88.0
2025-10-14,10:01:30.645310719,T,TGT,F I,31,88.0
2025-10-14,10:01:30.645335369,T,TGT,F I,69,88.0
2025-10-14,10:01:30.648191715,T,TGT,F I,21,88.01
2025-10-14,10:01:30.648191715,T,TGT,F,100,88.01
2025-10-14,10:01:30.756314380,T,TGT,I,57,88.0
2025-10-14,10:01:30.756317201,T,TGT,I,26,88.0
2025-10-14,10:01:30.756338728,T,TGT,F I,50,88.0
2025-10-14,10:01:33.281075275,T,TGT,I,21,88.01
2025-10-14,10:01:37.076748251,T,TGT,I,3,87.99
2025-10-14,10:01:37.076772308,T,TGT,I,54,87.99
2025-10-14,10:01:37.076775408,T,TGT,I,25,87.99
2025-10-14,10:01:37.077238399,T,TGT,I,25,87.98
2025-10-14,10:01:37.077896929,T,TGT,F I,3,87.98
2025-10-14,10:01:37.077905984,T,TGT,I,3,87.98
2025-10-14,10:01:38.327975166,T,TGT,I,9,87.98
2025-10-14,10:01:42.151443509,T,TGT,,100,87.97
2025-10-14,10:01:42.151446749,T,TGT,I,24,87.96
2025-10-14,10:01:42.151446749,T,TGT,I,10,87.96
2025-10-14,10:01:42.151449488,T,TGT,I,1,87.96
2025-10-14,10:01:42.152201444,T,TGT,F I,20,87.97
2025-10-14,10:01:42.152201444,T,TGT,F,100,87.97
2025-10-14,10:01:55.395155191,T,TGT,I,1,87.95
2025-10-14,10:02:01.401912214,T,TGT,F I,15,88.0
2025-10-14,10:02:01.401915834,T,TGT,F I,5,88.0
2025-10-14,10:02:01.401918274,T,TGT,F I,50,88.0
2025-10-14,10:02:01.401921256,T,TGT,F I,13,88.0
2025-10-14,10:02:01.402519790,T,TGT,I,24,88.0
2025-10-14,10:02:03.107124913,T,TGT,I,60,88.01
2025-10-14,10:02:03.107127880,T,TGT,I,15,88.01
2025-10-14,10:02:03.107157979,T,TGT,I,13,88.0
2025-10-14,10:02:03.942870140,T,TGT,F I,47,87.99
2025-10-14,10:02:05.656421599,T,TGT,I,8,87.97
2025-10-14,10:02:05.656424866,T,TGT,I,24,87.97
2025-10-14,10:02:05.656424866,T,TGT,I,14,87.97
2025-10-14,10:02:05.657242540,T,TGT,F I,10,87.96
2025-10-14,10:02:05.808469902,T,TGT,F,100,87.95
2025-10-14,10:02:05.808533044,T,TGT,F I,24,87.94
2025-10-14,10:02:05.809293823,T,TGT,F I,59,87.93
2025-10-14,10:02:05.809320916,T,TGT,F I,41,87.93
2025-10-14,10:02:05.809320916,T,TGT,F I,5,87.93
2025-10-14,10:02:23.132479552,T,TGT,,100,87.88
2025-10-14,10:02:23.132801246,T,TGT,F,100,87.87
2025-10-14,10:02:23.132864389,T,TGT,I,16,87.87
2025-10-14,10:02:23.132873416,T,TGT,I,16,87.87
2025-10-14,10:02:23.132879688,T,TGT,I,16,87.87
2025-10-14,10:02:23.132882900,T,TGT,I,9,87.87
2025-10-14,10:02:23.132891473,T,TGT,F I,12,87.87
2025-10-14,10:02:23.132945590,T,TGT,F I,6,87.87
2025-10-14,10:02:23.133002819,T,TGT,F I,6,87.87
2025-10-14,10:02:23.133014956,T,TGT,I,11,87.87
2025-10-14,10:02:23.688134571,T,TGT,F I,62,87.9
2025-10-14,10:02:44.096613725,T,TGT,F I,1,87.92
2025-10-14,10:02:44.107941681,T,TGT,I,2,87.9
2025-10-14,10:02:44.126351627,T,TGT,I,20,87.89
2025-10-14,10:02:44.126354559,T,TGT,,100,87.89
2025-10-14,10:02:44.210116131,T,TGT,F I,5,87.88
2025-10-14,10:02:44.210116131,T,TGT,F I,7,87.88
2025-10-14,10:02:44.210119102,T,TGT,F I,6,87.88
2025-10-14,10:02:44.210161260,T,TGT,F I,5,87.88
2025-10-14,10:02:44.568049903,T,TGT,I,5,87.88
2025-10-14,10:02:46.359471877,T,TGT,I,24,87.87
2025-10-14,10:02:46.359519905,T,TGT,I,8,87.86
2025-10-14,10:02:46.359523159,T,TGT,,100,87.86
2025-10-14,10:02:46.359541031,T,TGT,I,2,87.86
2025-10-14,10:02:46.360395071,T,TGT,I,20,87.85
2025-10-14,10:02:46.360437147,T,TGT,I,57,87.86
2025-10-14,10:02:46.360440140,T,TGT,I,25,87.86
2025-10-14,10:02:54.966081724,T,TGT,F,100,87.85
2025-10-14,10:02:56.169473762,T,TGT,F I,30,87.83
2025-10-14,10:03:10.965071841,T,TGT,F I,3,87.8
2025-10-14,10:03:14.095620719,T,TGT,I,2,87.83
2025-10-14,10:03:14.095620719,T,TGT,I,12,87.83
2025-10-14,10:03:14.095623575,T,TGT,I,65,87.83
2025-10-14,10:03:14.948190523,T,TGT,F I,5,87.84
2025-10-14,10:03:14.948190523,T,TGT,F I,29,87.84
2025-10-14,10:03:17.274878685,T,TGT,I,28,87.85
2025-10-14,10:03:17.274896706,T,TGT,I,28,87.85
2025-10-14,10:03:17.275317670,T,TGT,I,34,87.87
2025-10-14,10:03:17.275621428,T,TGT,I,13,87.87
2025-10-14,10:03:17.275642501,T,TGT,I,1,87.87
2025-10-14,10:03:17.275660570,T,TGT,I,32,87.87
2025-10-14,10:03:21.043754754,T,TGT,F I,37,87.87
2025-10-14,10:03:21.043790864,T,TGT,F I,35,87.89
2025-10-14,10:03:21.043863271,T,TGT,I,18,87.88
2025-10-14,10:03:21.043920257,T,TGT,,100,87.89
2025-10-14,10:03:21.043950804,T,TGT,I,35,87.88
2025-10-14,10:03:21.043990174,T,TGT,F I,18,87.89
2025-10-14,10:03:21.043990174,T,TGT,F I,17,87.89
2025-10-14,10:03:21.043992550,T,TGT,I,2,87.88
2025-10-14,10:03:21.044004589,T,TGT,I,2,87.87
2025-10-14,10:03:21.044010448,T,TGT,F I,1,87.89
2025-10-14,10:03:21.044016610,T,TGT,F I,15,87.89
2025-10-14,10:03:21.044026119,T,TGT,F I,10,87.9
2025-10-14,10:03:21.044026119,T,TGT,F I,16,87.9
2025-10-14,10:03:21.044028538,T,TGT,F I,10,87.9
2025-10-14,10:03:21.044031638,T,TGT,F I,62,87.9
2025-10-14,10:03:21.044031638,T,TGT,I,38,87.9
2025-10-14,10:03:21.044034993,T,TGT,I,12,87.9
2025-10-14,10:03:21.044037453,T,TGT,I,2,87.89
2025-10-14,10:03:21.044067636,T,TGT,I,17,87.88
2025-10-14,10:03:21.044067636,T,TGT,F I,63,87.89
2025-10-14,10:03:21.044094910,T,TGT,I,35,87.89
2025-10-14,10:03:21.044094910,T,TGT,F I,18,87.88
2025-10-14,10:03:21.044097686,T,TGT,F I,1,87.89
2025-10-14,10:03:21.044110151,T,TGT,F I,1,87.89
2025-10-14,10:03:21.044145770,T,TGT,F I,18,87.89
2025-10-14,10:03:21.044148882,T,TGT,F I,18,87.89
2025-10-14,10:03:21.044214905,T,TGT,F I,62,87.89
2025-10-14,10:03:21.044467498,T,TGT,I,1,87.88
2025-10-14,10:03:21.044470764,T,TGT,I,19,87.88
2025-10-14,10:03:21.044473521,T,TGT,I,1,87.88
2025-10-14,10:03:21.044473521,T,TGT,I,1,87.88
2025-10-14,10:03:21.044476755,T,TGT,I,18,87.88
2025-10-14,10:03:21.044480001,T,TGT,I,5,87.88
2025-10-14,10:03:21.044483437,T,TGT,I,4,87.88
2025-10-14,10:03:21.044483437,T,TGT,I,1,87.88
2025-10-14,10:03:21.044485691,T,TGT,I,3,87.88
2025-10-14,10:03:21.044521918,T,TGT,F I,18,87.88
2025-10-14,10:03:21.044521918,T,TGT,F I,18,87.88
2025-10-14,10:03:21.044542720,T,TGT,F I,64,87.88
2025-10-14,10:03:21.044804864,T,TGT,F I,18,87.89
2025-10-14,10:03:21.044804864,T,TGT,F I,2,87.89
2025-10-14,10:03:21.044807366,T,TGT,F I,15,87.89
2025-10-14,10:03:25.550496776,T,TGT,F I,18,87.91
2025-10-14,10:03:25.550496776,T,TGT,F I,25,87.93
2025-10-14,10:03:25.550499199,T,TGT,F I,7,87.93
2025-10-14,10:03:25.550523084,T,TGT,F I,27,87.93
2025-10-14,10:03:25.550526122,T,TGT,F I,8,87.93
2025-10-14,10:03:25.550565167,T,TGT,I,29,87.93
2025-10-14,10:03:25.550956148,T,TGT,I,17,87.92
2025-10-14,10:03:25.550959312,T,TGT,I,15,87.92
2025-10-14,10:03:25.550962355,T,TGT,I,10,87.92
2025-10-14,10:03:25.550962355,T,TGT,I,2,87.92
2025-10-14,10:03:25.551606038,T,TGT,F I,2,87.91
2025-10-14,10:03:25.551638812,T,TGT,,100,87.91
2025-10-14,10:03:25.551677941,T,TGT,,100,87.91
2025-10-14,10:03:25.551680865,T,TGT,I,17,87.91
2025-10-14,10:03:25.551820604,T,TGT,I,17,87.9
2025-10-14,10:03:25.551820604,T,TGT,I,86,87.9
2025-10-14,10:03:25.551844330,T,TGT,I,1,87.9
2025-10-14,10:03:25.551849438,T,TGT,I,13,87.9
2025-10-14,10:03:25.551849438,T,TGT,I,24,87.9
2025-10-14,10:03:25.551849438,T,TGT,I,2,87.9
2025-10-14,10:03:25.552387609,T,TGT,F I,17,87.91
2025-10-14,10:03:25.552391071,T,TGT,F I,24,87.91
2025-10-14,10:03:25.552393997,T,TGT,F I,24,87.91
2025-10-14,10:03:25.552393997,T,TGT,F I,4,87.91
2025-10-14,10:03:25.552396703,T,TGT,F I,17,87.91
2025-10-14,10:03:25.552399526,T,TGT,F,100,87.91
2025-10-14,10:03:25.552399526,T,TGT,F I,22,87.91
2025-10-14,10:03:25.552402631,T,TGT,F,100,87.91
2025-10-14,10:03:25.552781545,T,TGT,I,17,87.9
2025-10-14,10:03:25.552784603,T,TGT,I,14,87.9
2025-10-14,10:03:25.552787535,T,TGT,I,17,87.9
2025-10-14,10:03:25.552787535,T,TGT,I,19,87.9
2025-10-14,10:03:25.552793742,T,TGT,I,24,87.9
2025-10-14,10:03:25.552793742,T,TGT,I,24,87.9
2025-10-14,10:03:25.552796742,T,TGT,I,2,87.9
2025-10-14,10:03:25.552796742,T,TGT,I,25,87.9
2025-10-14,10:03:25.552800475,T,TGT,I,4,87.9
2025-10-14,10:03:25.552800475,T,TGT,I,20,87.9
2025-10-14,10:03:25.552802685,T,TGT,I,48,87.9
2025-10-14,10:03:25.552856678,T,TGT,I,16,87.9
2025-10-14,10:03:25.553343951,T,TGT,F I,17,87.91
2025-10-14,10:03:25.553346793,T,TGT,F,100,87.91
2025-10-14,10:03:25.553350283,T,TGT,F I,14,87.91
2025-10-14,10:03:25.553350283,T,TGT,F I,7,87.91
2025-10-14,10:03:25.553354520,T,TGT,F I,17,87.91
2025-10-14,10:03:25.553354520,T,TGT,F I,18,87.91
2025-10-14,10:03:25.553359235,T,TGT,F I,4,87.91
2025-10-14,10:03:25.553359235,T,TGT,F I,22,87.91
2025-10-14,10:03:25.553359235,T,TGT,F I,21,87.91
2025-10-14,10:03:25.553364884,T,TGT,F I,2,87.91
2025-10-14,10:03:25.553364884,T,TGT,F I,7,87.91
2025-10-14,10:03:25.553364884,T,TGT,F I,14,87.91
2025-10-14,10:03:25.562278079,T,TGT,I,8,87.92
2025-10-14,10:03:53.272093201,T,TGT,I,17,87.9
2025-10-14,10:03:53.272093201,T,TGT,,100,87.9
2025-10-14,10:03:53.272095817,T,TGT,I,24,87.9
2025-10-14,10:03:53.272095817,T,TGT,,100,87.9
2025-10-14,10:03:53.272099132,T,TGT,I,5,87.9
2025-10-14,10:03:53.272456364,T,TGT,F I,3,87.89
2025-10-14,10:03:53.272802250,T,TGT,F I,7,87.88
2025-10-14,10:03:53.272805354,T,TGT,F I,11,87.88
2025-10-14,10:03:53.272805354,T,TGT,F I,4,87.88
2025-10-14,10:04:10.790253788,T,TGT,F,100,87.87
2025-10-14,10:04:10.790710888,T,TGT,I,2,87.87
2025-10-14,10:04:20.084734679,T,TGT,I,1,87.83
2025-10-14,10:04:25.941602441,T,TGT,F I,90,87.86
2025-10-14,10:04:25.941608466,T,TGT,F I,10,87.86
2025-10-14,10:04:25.941608466,T,TGT,F I,6,87.86
2025-10-14,10:04:25.941611527,T,TGT,F I,9,87.86
2025-10-14,10:04:25.941623570,T,TGT,I,1,87.86
2025-10-14,10:04:25.941653594,T,TGT,F I,1,87.86
2025-10-14,10:04:25.941656688,T,TGT,I,10,87.86
2025-10-14,10:04:25.941656688,T,TGT,I,21,87.86
2025-10-14,10:04:37.742530821,T,TGT,,100,87.88
2025-10-14,10:04:37.742533834,T,TGT,I,5,87.89
2025-10-14,10:04:37.742533834,T,TGT,I,18,87.89
2025-10-14,10:04:37.742579405,T,TGT,I,36,87.89
2025-10-14,10:04:37.742602937,T,TGT,I,5,87.89
2025-10-14,10:04:37.742602937,T,TGT,I,59,87.89
2025-10-14,10:05:07.925582167,T,TGT,F I,5,87.9
2025-10-14,10:05:07.925582167,T,TGT,F I,18,87.9
2025-10-14,10:05:39.675145945,T,TGT,F I,18,87.95
2025-10-14,10:05:39.675172988,T,TGT,F I,7,87.95
2025-10-14,10:05:39.675175910,T,TGT,F I,5,87.95
2025-10-14,10:05:39.675175910,T,TGT,F I,67,87.95
2025-10-14,10:05:39.675197041,T,TGT,I,1,87.95
2025-10-14,10:05:39.675203065,T,TGT,I,32,87.95
2025-10-14,10:05:39.677184698,T,TGT,I,1,87.96
2025-10-14,10:05:39.677187787,T,TGT,I,99,87.96
2025-10-14,10:05:39.677208794,T,TGT,I,1,87.96
2025-10-14,10:05:49.351073292,T,TGT,F I,3,87.95
2025-10-14,10:05:49.351073292,T,TGT,I,47,87.95
2025-10-14,10:05:49.351076310,T,TGT,I,45,87.95
2025-10-14,10:05:49.351079397,T,TGT,I,90,87.95
2025-10-14,10:05:54.071040869,T,TGT,F I,50,87.94
2025-10-14,10:05:54.071040869,T,TGT,F I,50,87.93
2025-10-14,10:06:12.061579320,T,TGT,F I,21,87.96
2025-10-14,10:06:12.061579320,T,TGT,F I,56,87.96
2025-10-14,10:06:12.061582395,T,TGT,F I,5,87.96
2025-10-14,10:06:12.061582395,T,TGT,F I,1,87.96
2025-10-14,10:06:12.061661011,T,TGT,F I,2,87.96
2025-10-14,10:06:15.376091314,T,TGT,F I,2,87.98
2025-10-14,10:06:15.376093983,T,TGT,F I,47,87.98
2025-10-14,10:06:15.376096974,T,TGT,F I,31,87.98
2025-10-14,10:06:15.379312193,T,TGT,I,15,88.0
2025-10-14,10:06:15.379889008,T,TGT,F I,2,88.01
2025-10-14,10:06:17.244211428,T,TGT,F,100,88.0
2025-10-14,10:06:17.244214093,T,TGT,F I,5,88.0
2025-10-14,10:06:17.244231917,T,TGT,I,1,88.0
2025-10-14,10:06:23.055977089,T,TGT,F I,2,88.0
2025-10-14,10:06:23.055977089,T,TGT,F I,10,88.0
2025-10-14,10:06:23.055979944,T,TGT,F I,12,88.0
2025-10-14,10:06:47.653286340,T,TGT,F I,50,88.02
2025-10-14,10:06:47.653292649,T,TGT,F,100,88.01
