DATE,TIME_M,EX,SYM_ROOT,TR_SCOND,SIZE,PRICE
2025-12-22,9:30:00.447809180,T,TGT,I,2,98.03
2025-12-22,9:30:00.447812158,T,TGT,I,1,98.03
2025-12-22,9:30:00.447818242,T,TGT,Q,2,98.03
2025-12-22,9:30:02.292815632,T,TGT,,100,97.95
2025-12-22,9:30:02.292836726,T,TGT,I,1,97.95
2025-12-22,9:30:02.292854783,T,TGT,F I,30,97.95
2025-12-22,9:30:02.292899799,T,TGT,,100,97.95
2025-12-22,9:30:02.292941901,T,TGT,I,21,97.95
2025-12-22,9:30:16.935983960,T,TGT,I,2,98.09
2025-12-22,9:30:35.200276853,T,TGT,I,22,97.95
2025-12-22,9:30:35.201657093,T,TGT,,500,97.95
2025-12-22,9:30:53.921718894,T,TGT,I,5,98.05
2025-12-22,9:31:00.679661480,T,TGT,,100,98.03
2025-12-22,9:31:01.472446190,T,TGT,,100,98.03
2025-12-22,9:31:11.013729451,T,TGT,,100,98.1
2025-12-22,9:31:11.013732362,T,TGT,,100,98.13
2025-12-22,9:31:19.291979749,T,TGT,,200,98.11
2025-12-22,9:31:23.520365009,T,TGT,,200,98.11
2025-12-22,9:31:39.621538872,T,TGT,,200,98.11
2025-12-22,9:31:40.440834644,T,TGT,,200,98.14
2025-12-22,9:31:43.967955229,T,TGT,,100,98.12
2025-12-22,9:31:45.230672444,T,TGT,,100,98.11
2025-12-22,9:31:56.359365325,T,TGT,I,99,98.11
2025-12-22,9:31:56.359368405,T,TGT,I,1,98.14
2025-12-22,9:31:56.364495551,T,TGT,,100,98.14
2025-12-22,9:31:59.622851096,T,TGT,,100,98.15
2025-12-22,9:31:59.622869108,T,TGT,I,1,98.15
2025-12-22,9:31:59.622944234,T,TGT,F I,9,98.15
2025-12-22,9:31:59.623281101,T,TGT,F,100,98.15
2025-12-22,9:32:04.304857971,T,TGT,,200,98.16
2025-12-22,9:32:15.986553349,T,TGT,I,40,98.23
2025-12-22,9:32:17.365521427,T,TGT,F I,16,98.24
2025-12-22,9:32:17.365524452,T,TGT,F I,84,98.26
2025-12-22,9:32:17.378936334,T,TGT,F I,5,98.26
2025-12-22,9:32:19.176892590,T,TGT,,100,98.29
2025-12-22,9:32:19.177746633,T,TGT,I,48,98.29
2025-12-22,9:32:19.236242017,T,TGT,I,76,98.3
2025-12-22,9:32:22.258387732,T,TGT,I,9,98.3
2025-12-22,9:32:22.258390695,T,TGT,,240,98.33
2025-12-22,9:32:22.258390695,T,TGT,I,51,98.39
2025-12-22,9:32:22.258941327,T,TGT,I,67,98.39
2025-12-22,9:32:22.258941327,T,TGT,I,33,98.42
2025-12-22,9:32:30.004084233,T,TGT,I,1,98.45
2025-12-22,9:32:55.519467692,T,TGT,I,6,98.27
2025-12-22,9:33:01.718552504,T,TGT,I,1,98.25
2025-12-22,9:33:15.717932426,T,TGT,,100,98.14
2025-12-22,9:33:15.718052663,T,TGT,,100,98.14
2025-12-22,9:33:15.718067674,T,TGT,,100,98.14
2025-12-22,9:33:28.196667366,T,TGT,I,37,98.29
2025-12-22,9:33:28.196799811,T,TGT,I,19,98.29
2025-12-22,9:33:28.204609305,T,TGT,,100,98.145
2025-12-22,9:33:28.213754167,T,TGT,I,19,98.13
2025-12-22,9:33:28.215672662,T,TGT,F I,1,98.17
2025-12-22,9:33:28.215801979,T,TGT,I,1,98.18
2025-12-22,9:33:28.215801979,T,TGT,I,99,98.18
2025-12-22,9:33:28.216006493,T,TGT,F I,1,98.18
2025-12-22,9:33:28.216583810,T,TGT,F,100,98.18
2025-12-22,9:33:28.216986787,T,TGT,I,16,98.18
2025-12-22,9:33:28.219741422,T,TGT,F I,12,98.14
2025-12-22,9:33:28.244391077,T,TGT,F I,2,98.22
2025-12-22,9:33:28.251340659,T,TGT,I,80,98.19
2025-12-22,9:33:28.257424128,T,TGT,F I,20,98.18
2025-12-22,9:33:28.268286053,T,TGT,F I,2,98.19
2025-12-22,9:33:28.269215275,T,TGT,I,2,98.19
2025-12-22,9:33:28.311062885,T,TGT,,100,98.19
2025-12-22,9:33:28.311065898,T,TGT,,100,98.18
2025-12-22,9:33:28.311084130,T,TGT,,664,98.15
2025-12-22,9:33:28.311084130,T,TGT,F,336,98.15
2025-12-22,9:33:28.419651603,T,TGT,,100,98.15
2025-12-22,9:33:28.419708771,T,TGT,F,100,98.15
2025-12-22,9:33:28.419916308,T,TGT,I,25,98.16
2025-12-22,9:33:28.420322267,T,TGT,I,38,98.14
2025-12-22,9:33:28.420890616,T,TGT,F I,1,98.1
2025-12-22,9:33:28.420890616,T,TGT,F I,20,98.1
2025-12-22,9:33:28.421428813,T,TGT,F I,3,98.06
2025-12-22,9:33:28.421428813,T,TGT,F I,7,98.06
2025-12-22,9:33:28.421489576,T,TGT,F I,4,98.06
2025-12-22,9:33:28.421491992,T,TGT,F I,10,98.06
2025-12-22,9:33:28.421519069,T,TGT,F I,86,98.06
2025-12-22,9:33:28.427311223,T,TGT,F I,80,98.04
2025-12-22,9:33:28.427311223,T,TGT,F I,20,98.08
2025-12-22,9:33:28.428140895,T,TGT,F I,92,98.08
2025-12-22,9:33:28.428161941,T,TGT,I,15,98.08
2025-12-22,9:33:28.441489900,T,TGT,F I,1,98.01
2025-12-22,9:33:28.441489900,T,TGT,F I,1,98.01
2025-12-22,9:33:28.441492738,T,TGT,F I,92,98.01
2025-12-22,9:33:28.581521713,T,TGT,F I,1,98.0
2025-12-22,9:33:28.581524247,T,TGT,F,400,98.0
2025-12-22,9:33:28.581527258,T,TGT,F I,25,98.0
2025-12-22,9:33:28.581527258,T,TGT,F,200,98.0
2025-12-22,9:33:28.581542343,T,TGT,I,1,98.0
2025-12-22,9:33:28.581599488,T,TGT,,399,98.0
2025-12-22,9:33:28.581818947,T,TGT,I,1,97.99
2025-12-22,9:33:32.346454377,T,TGT,I,1,97.95
2025-12-22,9:33:32.497889260,T,TGT,F I,1,97.93
2025-12-22,9:33:32.498162819,T,TGT,F I,20,97.92
2025-12-22,9:33:44.062187814,T,TGT,F I,1,97.8
2025-12-22,9:33:44.062687002,T,TGT,F,250,97.78
2025-12-22,9:33:44.063177286,T,TGT,F I,12,97.75
2025-12-22,9:33:44.063177286,T,TGT,F I,3,97.75
2025-12-22,9:33:44.214792438,T,TGT,F I,1,97.7
2025-12-22,9:33:44.214792438,T,TGT,I,1,97.7
2025-12-22,9:33:44.215057049,T,TGT,F I,19,97.68
2025-12-22,9:33:44.215733695,T,TGT,F I,18,97.75
2025-12-22,9:33:44.215980263,T,TGT,F I,19,97.76
2025-12-22,9:33:44.216160636,T,TGT,F I,19,97.76
2025-12-22,9:33:44.216515545,T,TGT,F I,62,97.76
2025-12-22,9:33:45.031420841,T,TGT,,100,97.775
2025-12-22,9:33:45.031424033,T,TGT,I,50,97.83
2025-12-22,9:33:45.031424033,T,TGT,I,8,97.83
2025-12-22,9:33:45.031426906,T,TGT,,100,97.83
2025-12-22,9:33:45.117645560,T,TGT,,100,97.83
2025-12-22,9:33:45.117729437,T,TGT,F I,38,97.83
2025-12-22,9:33:51.619329269,T,TGT,F,100,97.74
2025-12-22,9:33:51.619329269,T,TGT,F,100,97.73
2025-12-22,9:33:51.619332347,T,TGT,F I,2,97.73
2025-12-22,9:33:51.619416549,T,TGT,F,100,97.73
2025-12-22,9:33:52.228165723,T,TGT,F,110,97.68
2025-12-22,9:33:52.228857386,T,TGT,F,100,97.66
2025-12-22,9:33:52.229007720,T,TGT,F I,28,97.7
2025-12-22,9:33:52.229083127,T,TGT,F I,28,97.69
2025-12-22,9:33:52.229176732,T,TGT,F I,72,97.69
2025-12-22,9:33:57.535982266,T,TGT,F,1000,97.62
2025-12-22,9:33:57.535985335,T,TGT,F I,12,97.62
2025-12-22,9:33:57.535987868,T,TGT,F I,28,97.62
2025-12-22,9:33:57.535987868,T,TGT,F,100,97.62
2025-12-22,9:33:57.536084010,T,TGT,F I,1,97.61
2025-12-22,9:33:57.536375614,T,TGT,I,1,97.59
2025-12-22,9:33:57.546109602,T,TGT,I,39,97.52
2025-12-22,9:33:57.546112638,T,TGT,I,1,97.51
2025-12-22,9:33:57.546112638,T,TGT,I,40,97.51
2025-12-22,9:33:57.546150009,T,TGT,F,110,97.5
2025-12-22,9:33:57.546152425,T,TGT,F,100,97.5
2025-12-22,9:33:57.546155663,T,TGT,F I,8,97.5
2025-12-22,9:33:57.546155663,T,TGT,F I,20,97.5
2025-12-22,9:33:57.546155663,T,TGT,F I,40,97.5
2025-12-22,9:33:57.546494524,T,TGT,I,4,97.53
2025-12-22,9:33:57.546684002,T,TGT,F I,24,97.49
2025-12-22,9:33:57.742513590,T,TGT,,976,97.49
2025-12-22,9:33:57.802175638,T,TGT,I,80,97.52
2025-12-22,9:33:57.802175638,T,TGT,I,20,97.53
2025-12-22,9:34:14.816316171,T,TGT,I,53,97.46
2025-12-22,9:34:14.816316171,T,TGT,I,16,97.46
2025-12-22,9:34:14.816318700,T,TGT,I,1,97.46
2025-12-22,9:34:15.071855359,T,TGT,I,37,97.43
2025-12-22,9:34:15.071855359,T,TGT,I,34,97.43
2025-12-22,9:34:15.985603386,T,TGT,I,37,97.43
2025-12-22,9:34:15.985606178,T,TGT,I,34,97.43
2025-12-22,9:34:16.864822705,T,TGT,F I,25,97.43
2025-12-22,9:34:16.865012286,T,TGT,I,13,97.43
2025-12-22,9:34:16.865015324,T,TGT,I,33,97.43
2025-12-22,9:34:16.865015324,T,TGT,I,11,97.42
2025-12-22,9:34:17.109166924,T,TGT,F I,2,97.48
2025-12-22,9:34:17.109205952,T,TGT,F I,25,97.5
2025-12-22,9:34:17.109443497,T,TGT,,100,97.48
2025-12-22,9:34:17.258830395,T,TGT,,100,97.48
2025-12-22,9:34:17.359398999,T,TGT,F I,60,97.5
2025-12-22,9:34:17.359402072,T,TGT,F I,6,97.52
2025-12-22,9:34:17.359462097,T,TGT,F I,64,97.52
2025-12-22,9:34:17.359480503,T,TGT,F,100,97.52
2025-12-22,9:34:17.359483781,T,TGT,I,1,97.52
2025-12-22,9:34:17.359486215,T,TGT,F,100,97.52
2025-12-22,9:34:17.359495284,T,TGT,F,100,97.52
2025-12-22,9:34:17.359507313,T,TGT,F,499,97.52
2025-12-22,9:34:17.437684482,T,TGT,F I,25,97.45
2025-12-22,9:34:17.593536828,T,TGT,F I,1,97.43
2025-12-22,9:34:17.593539776,T,TGT,F I,1,97.43
2025-12-22,9:34:17.593557828,T,TGT,F I,38,97.43
2025-12-22,9:34:17.593557828,T,TGT,F I,32,97.43
2025-12-22,9:34:17.593560804,T,TGT,F I,1,97.42
2025-12-22,9:34:17.593606473,T,TGT,F I,40,97.4
2025-12-22,9:34:17.593606473,T,TGT,F I,5,97.4
2025-12-22,9:34:17.593608961,T,TGT,F I,50,97.42
2025-12-22,9:34:28.178254637,T,TGT,F I,25,97.46
2025-12-22,9:34:28.178275744,T,TGT,F,125,97.46
2025-12-22,9:34:28.178336435,T,TGT,,100,97.46
2025-12-22,9:34:28.200495737,T,TGT,,100,97.44
2025-12-22,9:34:28.280047230,T,TGT,F I,25,97.48
2025-12-22,9:34:28.280134354,T,TGT,I,60,97.48
2025-12-22,9:34:28.291658126,T,TGT,F I,28,97.48
2025-12-22,9:34:28.291658126,T,TGT,F I,56,97.48
2025-12-22,9:34:28.291766775,T,TGT,I,2,97.49
2025-12-22,9:34:28.292048740,T,TGT,F I,37,97.49
2025-12-22,9:34:28.292073265,T,TGT,F I,63,97.49
2025-12-22,9:34:28.292073265,T,TGT,F I,2,97.49
2025-12-22,9:34:28.292076008,T,TGT,F,100,97.49
2025-12-22,9:34:28.292397573,T,TGT,F I,31,97.5
2025-12-22,9:34:28.292397573,T,TGT,F I,29,97.5
2025-12-22,9:34:28.306059149,T,TGT,F I,31,97.5
2025-12-22,9:34:36.111168290,T,TGT,I,62,97.51
2025-12-22,9:34:36.111171348,T,TGT,I,19,97.51
2025-12-22,9:34:44.254339775,T,TGT,I,69,97.51
2025-12-22,9:34:44.254339775,T,TGT,I,12,97.51
2025-12-22,9:34:44.254429975,T,TGT,F,100,97.5
2025-12-22,9:34:44.254429975,T,TGT,F I,10,97.5
2025-12-22,9:34:44.254493076,T,TGT,F,100,97.5
2025-12-22,9:34:44.332448028,T,TGT,F I,9,97.44
2025-12-22,9:34:44.332727498,T,TGT,F I,1,97.44
2025-12-22,9:34:50.258010668,T,TGT,I,78,97.54
2025-12-22,9:34:50.258010668,T,TGT,I,25,97.54
2025-12-22,9:34:51.718177887,T,TGT,I,78,97.54
2025-12-22,9:34:53.091877535,T,TGT,I,40,97.54
2025-12-22,9:34:53.091877535,T,TGT,I,38,97.54
2025-12-22,9:34:54.088409541,T,TGT,I,25,97.5
2025-12-22,9:34:54.088409541,T,TGT,I,75,97.495
2025-12-22,9:35:00.897951904,T,TGT,I,10,97.5
2025-12-22,9:35:00.898297947,T,TGT,I,80,97.51
2025-12-22,9:35:00.898297947,T,TGT,I,20,97.5
2025-12-22,9:35:00.898319659,T,TGT,F I,80,97.5
2025-12-22,9:35:00.898321860,T,TGT,F I,20,97.5
2025-12-22,9:35:00.904600834,T,TGT,I,78,97.52
2025-12-22,9:35:00.919618526,T,TGT,F I,55,97.53
2025-12-22,9:35:00.919663638,T,TGT,F I,57,97.53
2025-12-22,9:35:00.919669720,T,TGT,F I,43,97.54
2025-12-22,9:35:00.919681741,T,TGT,F I,57,97.54
2025-12-22,9:35:00.919798961,T,TGT,F I,40,97.55
2025-12-22,9:35:00.920331324,T,TGT,F I,13,97.56
2025-12-22,9:35:00.921044000,T,TGT,F I,16,97.55
2025-12-22,9:35:00.929028094,T,TGT,I,5,97.6
2025-12-22,9:35:00.929028094,T,TGT,I,95,97.61
2025-12-22,9:35:00.929094108,T,TGT,F I,5,97.61
2025-12-22,9:35:00.929094108,T,TGT,F I,1,97.61
2025-12-22,9:35:00.929257020,T,TGT,F I,30,97.59
2025-12-22,9:35:00.929259645,T,TGT,F I,29,97.59
2025-12-22,9:35:00.929665502,T,TGT,F I,4,97.58
2025-12-22,9:35:00.953115516,T,TGT,F I,30,97.6
2025-12-22,9:35:00.953115516,T,TGT,F I,33,97.6
2025-12-22,9:35:00.953118406,T,TGT,F,100,97.6
2025-12-22,9:35:00.953160506,T,TGT,F I,30,97.58
2025-12-22,9:35:00.953199607,T,TGT,F I,30,97.58
2025-12-22,9:35:00.953208630,T,TGT,F I,30,97.58
2025-12-22,9:35:03.173457734,T,TGT,F I,38,97.55
2025-12-22,9:35:07.021926960,T,TGT,,100,97.585
2025-12-22,9:35:08.944003961,T,TGT,F I,38,97.53
2025-12-22,9:35:11.318487776,T,TGT,F I,28,97.53
2025-12-22,9:35:11.318487776,T,TGT,F I,10,97.53
2025-12-22,9:35:12.321842977,T,TGT,,100,97.585
2025-12-22,9:35:12.327989588,T,TGT,I,76,97.53
2025-12-22,9:35:12.327989588,T,TGT,I,76,97.53
2025-12-22,9:35:12.331201277,T,TGT,F I,12,97.52
2025-12-22,9:35:12.338920611,T,TGT,F,190,97.48
2025-12-22,9:35:12.338948418,T,TGT,F I,40,97.45
2025-12-22,9:35:12.338950786,T,TGT,F I,34,97.45
2025-12-22,9:35:12.338965809,T,TGT,F I,40,97.44
2025-12-22,9:35:12.338993194,T,TGT,,100,97.47
2025-12-22,9:35:14.831823527,T,TGT,I,45,97.45
2025-12-22,9:35:14.831823527,T,TGT,I,30,97.45
2025-12-22,9:35:14.834960076,T,TGT,,150,97.465
2025-12-22,9:35:14.834963009,T,TGT,I,50,97.465
2025-12-22,9:35:16.820268583,T,TGT,F I,38,97.44
2025-12-22,9:35:16.820313686,T,TGT,F I,26,97.44
2025-12-22,9:35:16.820313686,T,TGT,F I,11,97.44
2025-12-22,9:35:18.908440233,T,TGT,,100,97.47
2025-12-22,9:35:18.908443248,T,TGT,I,67,97.44
2025-12-22,9:35:18.908443248,T,TGT,I,7,97.44
2025-12-22,9:35:18.908446185,T,TGT,I,25,97.44
2025-12-22,9:35:25.088886849,T,TGT,I,25,97.42
2025-12-22,9:35:38.384522016,T,TGT,I,64,97.5
2025-12-22,9:35:38.384524909,T,TGT,I,9,97.5
2025-12-22,9:35:38.384530168,T,TGT,,100,97.5
2025-12-22,9:35:38.384530168,T,TGT,I,40,97.51
2025-12-22,9:35:38.384533765,T,TGT,I,39,97.52
2025-12-22,9:35:38.385742243,T,TGT,,248,97.565
2025-12-22,9:35:38.905536328,T,TGT,I,47,97.47
2025-12-22,9:35:38.905668675,T,TGT,F I,32,97.46
2025-12-22,9:35:38.905672132,T,TGT,F I,50,97.46
2025-12-22,9:35:38.905674930,T,TGT,F I,80,97.46
2025-12-22,9:35:38.905674930,T,TGT,F I,2,97.46
2025-12-22,9:35:38.905731794,T,TGT,F,100,97.46
2025-12-22,9:35:40.482953338,T,TGT,F I,1,97.46
2025-12-22,9:35:40.719505803,T,TGT,,100,97.43
2025-12-22,9:35:40.719824632,T,TGT,I,48,97.42
2025-12-22,9:35:40.719824632,T,TGT,I,24,97.42
2025-12-22,9:35:47.515648219,T,TGT,F I,25,97.4
2025-12-22,9:35:50.656631078,T,TGT,I,31,97.44
2025-12-22,9:35:50.665890174,T,TGT,I,25,97.48
2025-12-22,9:35:50.665890174,T,TGT,I,53,97.48
2025-12-22,9:35:51.621963784,T,TGT,F I,40,97.5
2025-12-22,9:35:51.621966784,T,TGT,F I,10,97.5
2025-12-22,9:35:52.220266065,T,TGT,I,25,97.5
2025-12-22,9:35:54.677049924,T,TGT,F I,38,97.44
2025-12-22,9:35:54.677061922,T,TGT,F I,2,97.44
2025-12-22,9:35:54.677092280,T,TGT,I,2,97.43
2025-12-22,9:35:54.677092280,T,TGT,I,20,97.43
2025-12-22,9:35:54.677519070,T,TGT,F,300,97.43
2025-12-22,9:35:55.845641110,T,TGT,F,200,97.43
2025-12-22,9:35:55.845641110,T,TGT,F I,80,97.44
2025-12-22,9:35:55.845643015,T,TGT,F,100,97.46
2025-12-22,9:35:55.845646027,T,TGT,F,100,97.46
2025-12-22,9:35:55.845646027,T,TGT,F I,48,97.46
2025-12-22,9:35:56.507279093,T,TGT,,100,97.43
2025-12-22,9:35:56.585823116,T,TGT,F I,38,97.4
2025-12-22,9:36:00.626675743,T,TGT,F I,4,97.44
2025-12-22,9:36:00.626679243,T,TGT,F I,50,97.44
2025-12-22,9:36:00.626679243,T,TGT,F I,2,97.45
2025-12-22,9:36:00.626874194,T,TGT,F I,8,97.45
2025-12-22,9:36:00.678477196,T,TGT,F,100,97.455
2025-12-22,9:36:00.678480228,T,TGT,F,100,97.46
2025-12-22,9:36:00.678480228,T,TGT,F,368,97.47
2025-12-22,9:36:00.678498511,T,TGT,F,306,97.47
2025-12-22,9:36:00.678501380,T,TGT,F I,30,97.47
2025-12-22,9:36:00.678501380,T,TGT,I,1,97.47
2025-12-22,9:36:00.678540305,T,TGT,,300,97.47
2025-12-22,9:36:00.678582713,T,TGT,F,100,97.47
2025-12-22,9:36:00.678726731,T,TGT,F I,2,97.46
2025-12-22,9:36:00.678765909,T,TGT,F,100,97.47
2025-12-22,9:36:00.678841048,T,TGT,F I,2,97.46
2025-12-22,9:36:00.678904137,T,TGT,,100,97.46
2025-12-22,9:36:00.679129957,T,TGT,F,100,97.45
2025-12-22,9:36:00.679133392,T,TGT,F,100,97.45
2025-12-22,9:36:00.679135892,T,TGT,F,100,97.45
2025-12-22,9:36:00.679135892,T,TGT,F,100,97.45
2025-12-22,9:36:00.679493662,T,TGT,,100,97.45
2025-12-22,9:36:00.679493662,T,TGT,,100,97.45
2025-12-22,9:36:00.679496801,T,TGT,I,87,97.45
2025-12-22,9:36:00.679496801,T,TGT,,313,97.45
2025-12-22,9:36:00.684485498,T,TGT,I,12,97.45
2025-12-22,9:36:00.684497486,T,TGT,F I,75,97.45
2025-12-22,9:36:00.684563628,T,TGT,F I,72,97.47
2025-12-22,9:36:00.685462893,T,TGT,F I,50,97.46
2025-12-22,9:36:00.685489913,T,TGT,F I,50,97.46
2025-12-22,9:36:00.685493354,T,TGT,F I,4,97.46
2025-12-22,9:36:00.685493354,T,TGT,F,100,97.46
2025-12-22,9:36:00.699133388,T,TGT,F,100,97.45
2025-12-22,9:36:00.699136392,T,TGT,F,100,97.45
2025-12-22,9:36:00.699665678,T,TGT,F,100,97.44
2025-12-22,9:36:01.886530022,T,TGT,F,100,97.43
2025-12-22,9:36:01.886533048,T,TGT,F,100,97.43
2025-12-22,9:36:01.886572741,T,TGT,I,70,97.42
2025-12-22,9:36:01.886641286,T,TGT,,100,97.41
2025-12-22,9:36:01.887570546,T,TGT,F I,10,97.4
2025-12-22,9:36:01.897283686,T,TGT,F I,1,97.42
2025-12-22,9:36:02.751188907,T,TGT,I,80,97.45
2025-12-22,9:36:05.387889417,T,TGT,,100,97.46
2025-12-22,9:36:05.388062674,T,TGT,I,27,97.46
2025-12-22,9:36:05.388143872,T,TGT,I,14,97.46
2025-12-22,9:36:05.388143872,T,TGT,I,17,97.45
2025-12-22,9:36:05.388165240,T,TGT,F I,83,97.45
2025-12-22,9:36:05.456316318,T,TGT,F I,31,97.47
2025-12-22,9:36:05.456320133,T,TGT,F I,25,97.48
2025-12-22,9:36:05.456320133,T,TGT,F I,17,97.49
2025-12-22,9:36:05.456322462,T,TGT,F I,58,97.49
2025-12-22,9:36:05.456379457,T,TGT,I,25,97.49
2025-12-22,9:36:05.456379457,T,TGT,I,30,97.45
2025-12-22,9:36:05.471791200,T,TGT,F I,1,97.49
2025-12-22,9:36:05.480033828,T,TGT,I,30,97.48
2025-12-22,9:36:05.514989850,T,TGT,F,100,97.54
2025-12-22,9:36:05.514989850,T,TGT,F I,40,97.55
2025-12-22,9:36:05.514992125,T,TGT,F I,40,97.55
2025-12-22,9:36:05.515011194,T,TGT,I,60,97.55
2025-12-22,9:36:05.515013106,T,TGT,I,40,97.55
2025-12-22,9:36:05.515049186,T,TGT,I,96,97.49
2025-12-22,9:36:05.515070222,T,TGT,I,1,97.49
2025-12-22,9:36:05.515617539,T,TGT,I,24,97.49
2025-12-22,9:36:05.515716856,T,TGT,F I,1,97.49
2025-12-22,9:36:05.515716856,T,TGT,F I,45,97.49
2025-12-22,9:36:05.515777022,T,TGT,I,40,97.47
2025-12-22,9:36:05.568017369,T,TGT,I,51,97.49
2025-12-22,9:36:06.391478122,T,TGT,F I,38,97.5
2025-12-22,9:36:06.391520247,T,TGT,F I,38,97.5
2025-12-22,9:36:06.391553282,T,TGT,F I,38,97.5
2025-12-22,9:36:06.391586408,T,TGT,F I,38,97.5
2025-12-22,9:36:06.391619509,T,TGT,F I,38,97.5
2025-12-22,9:36:06.391652575,T,TGT,F I,10,97.5
2025-12-22,9:36:08.827350161,T,TGT,F I,38,97.55
2025-12-22,9:36:08.828231320,T,TGT,F I,19,97.55
2025-12-22,9:36:08.828231320,T,TGT,F I,13,97.55
2025-12-22,9:36:08.828234255,T,TGT,F I,25,97.57
2025-12-22,9:36:08.828237428,T,TGT,F I,40,97.58
2025-12-22,9:36:08.878799723,T,TGT,F I,38,97.6
2025-12-22,9:36:08.878841904,T,TGT,F I,7,97.6
2025-12-22,9:36:08.878844779,T,TGT,F I,26,97.6
2025-12-22,9:36:10.210456954,T,TGT,I,62,97.62
2025-12-22,9:36:10.210459159,T,TGT,I,9,97.62
2025-12-22,9:36:19.636682149,T,TGT,F I,25,97.62
2025-12-22,9:36:38.691402165,T,TGT,F I,3,97.61
2025-12-22,9:36:38.692093835,T,TGT,F I,16,97.64
2025-12-22,9:36:40.458517040,T,TGT,I,80,97.65
2025-12-22,9:36:40.458547067,T,TGT,F I,20,97.65
2025-12-22,9:36:40.458550081,T,TGT,F I,80,97.66
2025-12-22,9:36:40.458568167,T,TGT,I,1,97.66
2025-12-22,9:36:40.458574191,T,TGT,F I,19,97.66
2025-12-22,9:36:40.459124474,T,TGT,,100,97.66
2025-12-22,9:36:41.688171172,T,TGT,F I,50,97.61
2025-12-22,9:36:41.688173407,T,TGT,F I,7,97.61
2025-12-22,9:36:42.850183689,T,TGT,I,38,97.625
2025-12-22,9:36:53.064343884,T,TGT,,100,97.57
2025-12-22,9:36:53.069594394,T,TGT,I,1,97.53
2025-12-22,9:36:53.069618430,T,TGT,F I,38,97.53
2025-12-22,9:36:55.004815740,T,TGT,I,16,97.53
2025-12-22,9:36:55.494715795,T,TGT,F I,25,97.45
2025-12-22,9:36:55.494736870,T,TGT,F I,75,97.45
2025-12-22,9:36:55.494751863,T,TGT,F I,20,97.45
2025-12-22,9:36:56.858849540,T,TGT,F I,1,97.45
2025-12-22,9:36:57.372349906,T,TGT,F I,60,97.45
2025-12-22,9:36:57.372406956,T,TGT,F I,2,97.45
2025-12-22,9:36:58.921559612,T,TGT,F I,40,97.46
2025-12-22,9:37:01.602274885,T,TGT,F,100,97.43
2025-12-22,9:37:06.526154045,T,TGT,I,10,97.42
2025-12-22,9:37:06.526154045,T,TGT,I,10,97.42
2025-12-22,9:37:06.526190138,T,TGT,F I,2,97.41
2025-12-22,9:37:13.219752899,T,TGT,F I,13,97.39
2025-12-22,9:37:13.219755397,T,TGT,F,100,97.39
2025-12-22,9:37:17.477270955,T,TGT,F I,25,97.35
2025-12-22,9:37:18.938283547,T,TGT,F I,38,97.32
2025-12-22,9:37:21.004505833,T,TGT,F I,38,97.32
2025-12-22,9:37:21.004550999,T,TGT,F I,24,97.32
2025-12-22,9:37:47.426597352,T,TGT,I,37,97.31
2025-12-22,9:37:47.426597352,T,TGT,I,28,97.31
2025-12-22,9:37:49.043065591,T,TGT,F I,37,97.28
2025-12-22,9:37:49.043065591,T,TGT,F I,1,97.28
2025-12-22,9:37:49.046358062,T,TGT,,100,97.27
2025-12-22,9:37:49.049966740,T,TGT,,100,97.27
2025-12-22,9:38:10.712198604,T,TGT,,100,97.305
2025-12-22,9:38:11.198439031,T,TGT,I,38,97.305
2025-12-22,9:38:11.201846102,T,TGT,,145,97.305
2025-12-22,9:38:12.264174847,T,TGT,,100,97.305
2025-12-22,9:38:12.808588843,T,TGT,I,17,97.305
2025-12-22,9:38:12.814609234,T,TGT,I,10,97.305
2025-12-22,9:38:17.082728296,T,TGT,I,39,97.39
2025-12-22,9:38:17.082728296,T,TGT,I,28,97.39
2025-12-22,9:38:25.953870949,T,TGT,F I,10,97.4
2025-12-22,9:38:25.953870949,T,TGT,F I,1,97.4
2025-12-22,9:38:25.953873897,T,TGT,F I,20,97.4
2025-12-22,9:38:25.953877018,T,TGT,F I,50,97.4
2025-12-22,9:38:25.953877018,T,TGT,F I,81,97.4
2025-12-22,9:38:25.953931028,T,TGT,F I,19,97.4
2025-12-22,9:38:25.954505384,T,TGT,I,10,97.41
2025-12-22,9:38:26.075249039,T,TGT,I,80,97.42
2025-12-22,9:38:26.075252034,T,TGT,,100,97.43
2025-12-22,9:38:28.895571914,T,TGT,I,3,97.55
2025-12-22,9:38:28.895575080,T,TGT,,100,97.55
2025-12-22,9:38:28.895575080,T,TGT,,100,97.55
2025-12-22,9:38:28.895626574,T,TGT,F I,38,97.56
2025-12-22,9:38:28.895821587,T,TGT,F I,38,97.56
2025-12-22,9:38:28.895920829,T,TGT,F I,24,97.56
2025-12-22,9:38:29.858089999,T,TGT,F I,16,97.615
2025-12-22,9:38:33.543321266,T,TGT,F I,38,97.6
2025-12-22,9:38:44.656689718,T,TGT,,100,97.66
2025-12-22,9:38:55.315278801,T,TGT,F I,40,97.59
2025-12-22,9:39:01.982582071,T,TGT,F I,38,97.58
2025-12-22,9:39:10.189099437,T,TGT,F I,10,97.64
2025-12-22,9:39:10.189180648,T,TGT,F I,6,97.65
2025-12-22,9:39:12.382082813,T,TGT,I,5,97.68
2025-12-22,9:39:12.407715909,T,TGT,F I,2,97.69
2025-12-22,9:39:15.263499222,T,TGT,F I,38,97.67
2025-12-22,9:39:15.284191522,T,TGT,F I,38,97.65
2025-12-22,9:39:17.757610909,T,TGT,F I,38,97.65
2025-12-22,9:39:17.757659032,T,TGT,F I,21,97.65
2025-12-22,9:39:17.769976338,T,TGT,F I,20,97.64
2025-12-22,9:39:17.786371392,T,TGT,F I,38,97.6
2025-12-22,9:39:19.354526268,T,TGT,F I,38,97.6
2025-12-22,9:39:19.354598367,T,TGT,F I,24,97.6
2025-12-22,9:39:19.364678405,T,TGT,I,54,97.59
2025-12-22,9:39:19.364681400,T,TGT,I,6,97.59
2025-12-22,9:39:21.853070601,T,TGT,F I,1,97.53
2025-12-22,9:39:30.393509436,T,TGT,F I,1,97.5
2025-12-22,9:39:33.688044006,T,TGT,F I,3,97.47
2025-12-22,9:39:35.411690269,T,TGT,I,79,97.46
2025-12-22,9:39:40.022977693,T,TGT,F I,11,97.51
2025-12-22,9:39:45.107565689,T,TGT,F I,38,97.51
2025-12-22,9:39:45.107613802,T,TGT,F I,38,97.51
2025-12-22,9:39:45.107647103,T,TGT,F I,38,97.51
2025-12-22,9:39:45.107682970,T,TGT,F I,38,97.51
2025-12-22,9:39:45.107716017,T,TGT,F I,38,97.51
2025-12-22,9:39:45.107752116,T,TGT,F I,38,97.51
2025-12-22,9:39:45.107767156,T,TGT,,300,97.51
2025-12-22,9:39:45.107785166,T,TGT,F I,38,97.51
2025-12-22,9:39:45.107818301,T,TGT,F I,38,97.51
2025-12-22,9:39:45.107851354,T,TGT,F I,38,97.51
2025-12-22,9:39:45.107884488,T,TGT,F I,38,97.51
2025-12-22,9:39:45.142184190,T,TGT,I,20,97.51
2025-12-22,9:40:00.434280732,T,TGT,F I,50,97.53
2025-12-22,9:40:00.449217351,T,TGT,F I,50,97.53
2025-12-22,9:40:00.466619751,T,TGT,F I,50,97.53
2025-12-22,9:40:00.483724529,T,TGT,F I,50,97.53
2025-12-22,9:40:08.087236282,T,TGT,F I,38,97.51
2025-12-22,9:40:09.319232225,T,TGT,F I,7,97.46
2025-12-22,9:40:09.830513331,T,TGT,I,3,97.45
2025-12-22,9:40:12.564404245,T,TGT,I,1,97.44
2025-12-22,9:40:13.925918864,T,TGT,F,100,97.43
2025-12-22,9:40:22.266880384,T,TGT,,100,97.37
2025-12-22,9:40:33.558167944,T,TGT,F,100,97.36
2025-12-22,9:40:33.558170658,T,TGT,F I,44,97.36
2025-12-22,9:40:33.558814174,T,TGT,F I,34,97.35
2025-12-22,9:40:33.559538836,T,TGT,I,66,97.35
2025-12-22,9:40:33.577383407,T,TGT,F I,40,97.37
2025-12-22,9:40:39.046939527,T,TGT,F I,60,97.37
2025-12-22,9:40:39.046942494,T,TGT,F I,10,97.38
2025-12-22,9:40:39.065767785,T,TGT,I,50,97.43
2025-12-22,9:40:39.065767785,T,TGT,I,7,97.43
2025-12-22,9:40:39.065770382,T,TGT,,100,97.43
2025-12-22,9:40:40.326406588,T,TGT,I,50,97.43
2025-12-22,9:40:40.326406588,T,TGT,I,7,97.43
2025-12-22,9:40:41.413388157,T,TGT,I,51,97.43
2025-12-22,9:40:41.413391260,T,TGT,I,6,97.43
2025-12-22,9:40:42.483150567,T,TGT,F I,38,97.43
2025-12-22,9:40:42.483668349,T,TGT,F I,14,97.43
2025-12-22,9:40:42.483671082,T,TGT,F I,4,97.43
2025-12-22,9:40:42.483833284,T,TGT,F I,38,97.44
2025-12-22,9:41:12.870638765,T,TGT,I,7,97.33
2025-12-22,9:41:12.870717023,T,TGT,F I,7,97.33
2025-12-22,9:41:12.870740985,T,TGT,F I,7,97.33
2025-12-22,9:41:12.882453888,T,TGT,F I,7,97.33
2025-12-22,9:41:12.882456950,T,TGT,F I,1,97.33
2025-12-22,9:41:12.882529164,T,TGT,F I,7,97.33
2025-12-22,9:41:12.882595275,T,TGT,F I,7,97.33
2025-12-22,9:41:12.882637333,T,TGT,I,57,97.33
2025-12-22,9:41:12.882637333,T,TGT,I,1,97.32
2025-12-22,9:41:12.882640354,T,TGT,I,6,97.32
2025-12-22,9:41:12.899255020,T,TGT,,200,97.335
2025-12-22,9:41:42.305487581,T,TGT,F I,1,97.35
2025-12-22,9:41:42.305541771,T,TGT,F I,4,97.35
2025-12-22,9:41:42.305544684,T,TGT,F I,9,97.35
2025-12-22,9:41:42.310804191,T,TGT,F I,1,97.37
2025-12-22,9:41:42.310861337,T,TGT,F I,38,97.38
2025-12-22,9:41:42.310900495,T,TGT,F I,38,97.38
2025-12-22,9:41:42.311162417,T,TGT,F I,24,97.38
2025-12-22,9:41:42.311162417,T,TGT,F I,14,97.38
2025-12-22,9:41:42.311210203,T,TGT,F I,38,97.38
2025-12-22,9:41:42.311270325,T,TGT,F I,38,97.38
2025-12-22,9:41:42.311423737,T,TGT,F I,10,97.38
2025-12-22,9:41:42.311423737,T,TGT,F I,40,97.39
2025-12-22,9:41:42.311447689,T,TGT,I,10,97.39
2025-12-22,9:41:43.888034696,T,TGT,F I,10,97.42
2025-12-22,9:41:43.888034696,T,TGT,F I,17,97.42
2025-12-22,9:41:43.888563912,T,TGT,F I,20,97.43
2025-12-22,9:41:43.888566924,T,TGT,F I,20,97.43
2025-12-22,9:41:53.380030429,T,TGT,I,20,97.44
2025-12-22,9:41:53.380840056,T,TGT,F I,2,97.44
2025-12-22,9:41:53.381314481,T,TGT,I,9,97.45
2025-12-22,9:41:53.383061701,T,TGT,F I,9,97.45
2025-12-22,9:41:53.383067772,T,TGT,F I,76,97.45
2025-12-22,9:41:53.383124884,T,TGT,F I,38,97.45
2025-12-22,9:41:53.383124884,T,TGT,F I,9,97.45
2025-12-22,9:41:53.383124884,T,TGT,F I,2,97.45
2025-12-22,9:41:53.383157989,T,TGT,F I,38,97.45
2025-12-22,9:41:53.383170012,T,TGT,F I,9,97.45
2025-12-22,9:41:53.383191042,T,TGT,F I,38,97.45
2025-12-22,9:41:53.383218041,T,TGT,F I,9,97.45
2025-12-22,9:41:53.383242171,T,TGT,F I,38,97.45
2025-12-22,9:41:53.383263214,T,TGT,F I,9,97.45
2025-12-22,9:41:53.383287287,T,TGT,F I,4,97.45
2025-12-22,9:41:53.383305370,T,TGT,F I,9,97.44
2025-12-22,9:41:53.510129377,T,TGT,F I,38,97.39
2025-12-22,9:41:53.510165985,T,TGT,F I,10,97.39
2025-12-22,9:41:53.510373045,T,TGT,F I,40,97.33
2025-12-22,9:41:53.510409034,T,TGT,F I,38,97.34
2025-12-22,9:41:54.977688638,T,TGT,I,43,97.31
2025-12-22,9:41:54.977688638,T,TGT,I,5,97.31
2025-12-22,9:41:55.509307043,T,TGT,I,44,97.31
2025-12-22,9:41:55.509307043,T,TGT,I,4,97.31
2025-12-22,9:41:55.629374155,T,TGT,F I,38,97.25
2025-12-22,9:41:55.629416246,T,TGT,F I,5,97.25
2025-12-22,9:41:55.629416246,T,TGT,F I,4,97.25
2025-12-22,9:41:56.909346468,T,TGT,I,39,97.23
2025-12-22,9:41:56.909346468,T,TGT,I,9,97.23
2025-12-22,9:41:57.913817315,T,TGT,I,40,97.23
2025-12-22,9:41:57.913820378,T,TGT,I,8,97.23
2025-12-22,9:41:59.309288900,T,TGT,I,41,97.23
2025-12-22,9:41:59.309288900,T,TGT,I,7,97.23
2025-12-22,9:41:59.360603134,T,TGT,I,5,97.27
2025-12-22,9:41:59.364199827,T,TGT,I,43,97.23
2025-12-22,9:41:59.364202673,T,TGT,I,5,97.23
2025-12-22,9:41:59.519222537,T,TGT,I,43,97.23
2025-12-22,9:41:59.519222537,T,TGT,I,5,97.23
2025-12-22,9:41:59.519224989,T,TGT,I,1,97.22
2025-12-22,9:42:11.435470026,T,TGT,I,31,97.22
2025-12-22,9:42:11.435470026,T,TGT,I,16,97.22
2025-12-22,9:42:11.469219369,T,TGT,F I,1,97.2
2025-12-22,9:42:12.941978000,T,TGT,I,4,97.2
2025-12-22,9:42:12.941978000,T,TGT,I,5,97.2
2025-12-22,9:42:12.993425105,T,TGT,F I,8,97.16
2025-12-22,9:42:17.231475138,T,TGT,I,80,97.15
2025-12-22,9:42:17.231483953,T,TGT,,150,97.15
2025-12-22,9:42:22.160469155,T,TGT,F,210,97.18
2025-12-22,9:42:26.228783174,T,TGT,F I,10,97.22
2025-12-22,9:42:27.685396199,T,TGT,I,35,97.22
2025-12-22,9:42:27.685399288,T,TGT,I,10,97.22
2025-12-22,9:42:27.738280212,T,TGT,I,40,97.23
2025-12-22,9:42:27.965309095,T,TGT,I,40,97.22
2025-12-22,9:42:27.965309095,T,TGT,I,5,97.22
2025-12-22,9:42:27.965360158,T,TGT,I,10,97.23
2025-12-22,9:42:28.339628796,T,TGT,F I,6,97.28
2025-12-22,9:42:28.340176124,T,TGT,I,6,97.28
2025-12-22,9:42:41.557579018,T,TGT,I,9,97.28
2025-12-22,9:42:47.113512913,T,TGT,F I,13,97.28
2025-12-22,9:42:47.113512913,T,TGT,F I,12,97.28
2025-12-22,9:42:47.113873738,T,TGT,I,6,97.29
2025-12-22,9:42:56.224320577,T,TGT,F I,20,97.33
2025-12-22,9:43:00.550504841,T,TGT,F I,35,97.23
2025-12-22,9:43:00.550508219,T,TGT,F I,9,97.23
2025-12-22,9:43:00.550513861,T,TGT,F,100,97.22
2025-12-22,9:43:00.550513861,T,TGT,F I,36,97.22
2025-12-22,9:43:00.550516902,T,TGT,F I,8,97.22
2025-12-22,9:43:08.458970260,T,TGT,F I,40,97.17
2025-12-22,9:43:08.458973271,T,TGT,F I,4,97.17
2025-12-22,9:43:08.458976363,T,TGT,F,100,97.17
2025-12-22,9:43:08.458976363,T,TGT,F,100,97.16
2025-12-22,9:43:08.459457381,T,TGT,F I,2,97.15
2025-12-22,9:43:08.459475446,T,TGT,F,100,97.15
2025-12-22,9:43:08.459740084,T,TGT,F I,25,97.135
2025-12-22,9:43:08.459974578,T,TGT,F I,4,97.16
2025-12-22,9:43:08.460078268,T,TGT,I,76,97.16
2025-12-22,9:43:08.460078268,T,TGT,I,75,97.15
2025-12-22,9:43:08.460083593,T,TGT,,100,97.15
2025-12-22,9:43:08.460083593,T,TGT,,100,97.15
2025-12-22,9:43:08.460107251,T,TGT,,300,97.15
2025-12-22,9:43:08.460109914,T,TGT,,100,97.15
2025-12-22,9:43:08.460112908,T,TGT,,100,97.15
2025-12-22,9:43:08.460112908,T,TGT,,100,97.15
2025-12-22,9:43:08.460115895,T,TGT,,100,97.15
2025-12-22,9:43:08.460118877,T,TGT,,100,97.15
2025-12-22,9:43:08.460118877,T,TGT,I,7,97.15
2025-12-22,9:43:08.460182170,T,TGT,I,93,97.15
2025-12-22,9:43:08.460185060,T,TGT,I,7,97.15
2025-12-22,9:43:08.460212220,T,TGT,I,14,97.15
2025-12-22,9:43:08.460233266,T,TGT,I,78,97.15
2025-12-22,9:43:08.460239198,T,TGT,I,1,97.15
2025-12-22,9:43:08.460242198,T,TGT,I,99,97.15
2025-12-22,9:43:08.460663233,T,TGT,F,101,97.15
2025-12-22,9:43:17.494674042,T,TGT,F I,50,97.11
2025-12-22,9:43:25.585379581,T,TGT,I,53,97.09
2025-12-22,9:43:25.585397808,T,TGT,F I,47,97.09
2025-12-22,9:43:25.585397808,T,TGT,F,100,97.09
2025-12-22,9:43:25.585400574,T,TGT,F,100,97.09
2025-12-22,9:43:25.585635128,T,TGT,F I,10,97.08
2025-12-22,9:43:26.263486006,T,TGT,F,100,97.04
2025-12-22,9:43:26.263585201,T,TGT,F I,25,97.03
2025-12-22,9:43:28.270274781,T,TGT,F I,2,97.01
2025-12-22,9:43:28.270554518,T,TGT,F I,1,97.0
2025-12-22,9:43:28.270558023,T,TGT,F I,1,97.0
2025-12-22,9:43:28.270560506,T,TGT,F I,9,97.0
2025-12-22,9:43:28.270564053,T,TGT,F,1000,97.0
2025-12-22,9:43:28.270564053,T,TGT,F I,10,97.0
2025-12-22,9:43:28.270567571,T,TGT,F I,2,97.0
2025-12-22,9:43:28.270567571,T,TGT,F I,2,97.0
2025-12-22,9:43:28.271592042,T,TGT,F I,1,96.97
2025-12-22,9:43:28.272088083,T,TGT,I,8,96.97
2025-12-22,9:43:28.272109125,T,TGT,F I,2,96.97
2025-12-22,9:43:28.272163291,T,TGT,I,2,96.97
2025-12-22,9:43:28.272166270,T,TGT,I,4,96.97
2025-12-22,9:43:28.272169268,T,TGT,I,2,96.97
2025-12-22,9:43:28.272169268,T,TGT,F I,17,96.97
2025-12-22,9:43:28.272259510,T,TGT,I,16,96.97
2025-12-22,9:43:28.274412957,T,TGT,,100,96.99
2025-12-22,9:43:28.274412957,T,TGT,,100,96.99
2025-12-22,9:43:28.274872773,T,TGT,I,30,96.98
2025-12-22,9:43:34.149560069,T,TGT,I,10,97.03
2025-12-22,9:43:41.322698627,T,TGT,F I,1,97.06
2025-12-22,9:43:41.322707627,T,TGT,F I,15,97.06
2025-12-22,9:43:41.322717117,T,TGT,F I,84,97.06
2025-12-22,9:43:41.323011397,T,TGT,F,551,97.04
2025-12-22,9:43:41.323029386,T,TGT,F,649,97.04
2025-12-22,9:43:43.101186521,T,TGT,I,5,97.0
2025-12-22,9:43:44.825752974,T,TGT,I,80,97.04
2025-12-22,9:43:44.825756050,T,TGT,I,20,97.05
2025-12-22,9:43:44.825783033,T,TGT,I,80,97.05
2025-12-22,9:43:44.825783033,T,TGT,I,34,97.06
2025-12-22,9:43:44.825801053,T,TGT,I,22,97.05
2025-12-22,9:43:44.825834233,T,TGT,I,58,97.05
2025-12-22,9:43:44.825837200,T,TGT,I,49,97.06
2025-12-22,9:43:44.825879297,T,TGT,I,17,97.06
2025-12-22,9:43:44.825882554,T,TGT,I,14,97.06
2025-12-22,9:43:44.825882554,T,TGT,,100,97.06
2025-12-22,9:43:45.645863786,T,TGT,I,17,97.06
2025-12-22,9:44:38.779872165,T,TGT,F I,5,97.11
2025-12-22,9:44:38.779874090,T,TGT,F I,40,97.12
2025-12-22,9:44:38.779877207,T,TGT,F I,10,97.12
2025-12-22,9:44:38.779877207,T,TGT,F I,10,97.12
2025-12-22,9:44:38.779883046,T,TGT,F,100,97.12
2025-12-22,9:44:47.355274114,T,TGT,F I,1,97.18
2025-12-22,9:44:47.355331262,T,TGT,I,4,97.18
2025-12-22,9:44:47.355331262,T,TGT,I,12,97.19
2025-12-22,9:44:47.355334193,T,TGT,I,44,97.19
2025-12-22,9:44:47.355352268,T,TGT,F I,56,97.19
2025-12-22,9:44:47.355746500,T,TGT,F I,38,97.2
2025-12-22,9:44:47.355810217,T,TGT,I,62,97.2
2025-12-22,9:44:47.355812368,T,TGT,I,88,97.2
2025-12-22,9:44:47.356064923,T,TGT,F I,12,97.2
2025-12-22,9:44:47.356064923,T,TGT,F I,20,97.22
2025-12-22,9:44:47.356067944,T,TGT,F I,28,97.22
2025-12-22,9:44:47.356089587,T,TGT,I,46,97.2
2025-12-22,9:44:47.356093189,T,TGT,I,22,97.22
2025-12-22,9:44:47.356095925,T,TGT,,199,97.22
2025-12-22,9:44:47.356095925,T,TGT,,100,97.22
2025-12-22,9:44:47.356425873,T,TGT,F I,3,97.22
2025-12-22,9:44:47.356441643,T,TGT,I,97,97.22
2025-12-22,9:44:47.356443909,T,TGT,I,3,97.22
2025-12-22,9:44:47.356468013,T,TGT,I,97,97.22
2025-12-22,9:44:47.356468013,T,TGT,,100,97.22
2025-12-22,9:44:47.356470977,T,TGT,F I,17,97.22
2025-12-22,9:44:47.356498555,T,TGT,I,52,97.22
2025-12-22,9:44:47.356504038,T,TGT,I,31,97.22
2025-12-22,9:44:47.356631114,T,TGT,,100,97.2
2025-12-22,9:44:47.356642508,T,TGT,I,66,97.22
2025-12-22,9:44:47.356645291,T,TGT,,100,97.22
2025-12-22,9:44:47.356753649,T,TGT,F,100,97.21
2025-12-22,9:44:47.356777663,T,TGT,I,78,97.21
2025-12-22,9:44:47.356915981,T,TGT,I,32,97.2
2025-12-22,9:44:47.357237707,T,TGT,F I,30,97.2
2025-12-22,9:44:47.357240715,T,TGT,F I,24,97.2
2025-12-22,9:44:47.358025623,T,TGT,,100,97.21
2025-12-22,9:44:47.358948886,T,TGT,F I,8,97.21
2025-12-22,9:44:47.358948886,T,TGT,F I,3,97.21
2025-12-22,9:44:59.985922160,T,TGT,,100,97.21
2025-12-22,9:45:04.768554822,T,TGT,I,32,97.14
2025-12-22,9:45:04.768554822,T,TGT,I,22,97.14
2025-12-22,9:45:07.283416877,T,TGT,F I,38,97.14
2025-12-22,9:45:07.283428135,T,TGT,F I,7,97.14
2025-12-22,9:45:07.283428135,T,TGT,F I,8,97.14
2025-12-22,9:45:07.283431180,T,TGT,F I,1,97.13
2025-12-22,9:45:07.283635835,T,TGT,F I,6,97.13
2025-12-22,9:45:07.283635835,T,TGT,F I,1,97.13
2025-12-22,9:45:07.283662680,T,TGT,F I,8,97.13
2025-12-22,9:45:07.283777000,T,TGT,F,100,97.11
2025-12-22,9:45:07.283864205,T,TGT,F I,14,97.1
2025-12-22,9:45:07.374921134,T,TGT,F I,49,97.05
2025-12-22,9:45:07.374924458,T,TGT,F I,4,97.05
2025-12-22,9:45:07.374924458,T,TGT,F I,48,97.04
2025-12-22,9:45:08.882204860,T,TGT,I,49,97.05
2025-12-22,9:45:08.882204860,T,TGT,I,4,97.05
2025-12-22,9:45:08.943827658,T,TGT,I,10,97.05
2025-12-22,9:45:08.943851727,T,TGT,F I,38,97.05
2025-12-22,9:45:08.943896923,T,TGT,F I,2,97.05
2025-12-22,9:45:08.943899855,T,TGT,F I,3,97.05
2025-12-22,9:45:08.943914902,T,TGT,F I,52,97.04
2025-12-22,9:45:08.943917917,T,TGT,F I,1,97.04
2025-12-22,9:45:08.945557478,T,TGT,F I,4,97.01
2025-12-22,9:45:15.418185590,T,TGT,I,38,97.065
2025-12-22,9:45:15.418230762,T,TGT,I,38,97.065
2025-12-22,9:45:15.418901323,T,TGT,I,24,97.065
2025-12-22,9:45:24.708199278,T,TGT,I,31,97.07
2025-12-22,9:45:26.105325487,T,TGT,F I,40,97.1
2025-12-22,9:45:26.105327999,T,TGT,F I,14,97.1
2025-12-22,9:45:26.105327999,T,TGT,F I,18,97.11
2025-12-22,9:45:26.105333714,T,TGT,F,200,97.11
2025-12-22,9:45:26.105333714,T,TGT,F I,48,97.11
2025-12-22,9:45:26.105345677,T,TGT,F I,33,97.11
2025-12-22,9:45:26.105348662,T,TGT,F I,21,97.11
2025-12-22,9:45:26.106723018,T,TGT,F I,3,97.1
2025-12-22,9:45:26.332675236,T,TGT,I,2,97.13
2025-12-22,9:45:30.321485840,T,TGT,I,32,97.11
2025-12-22,9:45:30.375055460,T,TGT,I,32,97.11
2025-12-22,9:45:30.425377281,T,TGT,I,32,97.11
2025-12-22,9:45:30.475720291,T,TGT,I,32,97.11
2025-12-22,9:45:30.526039112,T,TGT,I,32,97.11
2025-12-22,9:45:32.653965533,T,TGT,I,47,97.05
2025-12-22,9:45:32.653968971,T,TGT,I,14,97.05
2025-12-22,9:45:32.653971519,T,TGT,I,14,97.05
2025-12-22,9:45:32.653971519,T,TGT,I,7,97.05
2025-12-22,9:45:32.654374544,T,TGT,I,50,97.04
2025-12-22,9:45:32.654374544,T,TGT,I,4,97.04
2025-12-22,9:45:32.654374544,T,TGT,I,46,97.03
2025-12-22,9:45:32.654404596,T,TGT,F I,54,97.03
2025-12-22,9:45:32.654503849,T,TGT,F I,2,97.03
2025-12-22,9:45:32.658668787,T,TGT,I,34,97.03
2025-12-22,9:45:32.658671735,T,TGT,I,46,97.03
2025-12-22,9:45:33.811693570,T,TGT,I,10,97.03
2025-12-22,9:45:33.812024369,T,TGT,I,2,97.04
2025-12-22,9:45:33.812027348,T,TGT,I,33,97.04
2025-12-22,9:45:42.061306675,T,TGT,,100,97.055
2025-12-22,9:45:42.061333677,T,TGT,F,100,97.09
2025-12-22,9:45:42.061336685,T,TGT,F I,2,97.1
2025-12-22,9:45:42.061340082,T,TGT,F,100,97.1
2025-12-22,9:45:42.061340082,T,TGT,F I,10,97.1
2025-12-22,9:45:42.061342728,T,TGT,F I,10,97.1
2025-12-22,9:45:42.061345810,T,TGT,F I,11,97.1
2025-12-22,9:45:42.061357803,T,TGT,I,1,97.1
2025-12-22,9:45:42.061418083,T,TGT,I,88,97.1
2025-12-22,9:45:42.061420909,T,TGT,I,11,97.1
2025-12-22,9:45:42.061553391,T,TGT,I,23,97.06
2025-12-22,9:45:42.061604341,T,TGT,F I,1,97.08
2025-12-22,9:45:42.061673565,T,TGT,I,7,97.07
2025-12-22,9:45:42.061772816,T,TGT,F I,15,97.08
2025-12-22,9:45:42.062055421,T,TGT,I,23,97.08
2025-12-22,9:45:42.062055421,T,TGT,I,40,97.08
2025-12-22,9:45:42.062311006,T,TGT,,117,97.08
2025-12-22,9:45:42.062356134,T,TGT,,117,97.07
2025-12-22,9:45:42.062374253,T,TGT,I,13,97.07
2025-12-22,9:45:42.062777219,T,TGT,I,35,97.09
2025-12-22,9:45:42.062846312,T,TGT,I,7,97.07
2025-12-22,9:45:42.062846312,T,TGT,I,4,97.07
2025-12-22,9:45:42.759402165,T,TGT,I,19,97.07
2025-12-22,9:45:42.759402165,T,TGT,I,10,97.07
2025-12-22,9:45:42.759404736,T,TGT,I,20,97.07
2025-12-22,9:45:42.759408367,T,TGT,I,20,97.07
2025-12-22,9:45:42.759408367,T,TGT,I,10,97.07
2025-12-22,9:45:42.759410777,T,TGT,I,2,97.07
2025-12-22,9:45:42.759413755,T,TGT,I,19,97.07
2025-12-22,9:45:42.759422762,T,TGT,F I,18,97.07
2025-12-22,9:45:43.617159255,T,TGT,F I,8,97.06
2025-12-22,9:45:43.617189232,T,TGT,,300,97.05
2025-12-22,9:45:45.444038300,T,TGT,I,55,97.03
2025-12-22,9:45:46.683750601,T,TGT,F,100,97.01
2025-12-22,9:45:46.683750601,T,TGT,F I,5,97.01
2025-12-22,9:45:46.683901008,T,TGT,F I,2,97.0
2025-12-22,9:45:46.683922035,T,TGT,F I,43,97.0
2025-12-22,9:45:46.683985197,T,TGT,,100,97.01
2025-12-22,9:45:46.684051818,T,TGT,I,65,97.0
2025-12-22,9:45:46.684054365,T,TGT,I,3,97.0
2025-12-22,9:45:46.684075760,T,TGT,I,30,97.0
2025-12-22,9:45:46.684144812,T,TGT,I,30,97.01
2025-12-22,9:45:46.684147900,T,TGT,I,30,97.01
2025-12-22,9:45:46.684147900,T,TGT,I,30,97.01
2025-12-22,9:45:46.982227063,T,TGT,F,100,96.99
2025-12-22,9:45:46.982229727,T,TGT,F I,80,96.99
2025-12-22,9:45:46.982229727,T,TGT,F,100,96.99
2025-12-22,9:45:46.982232678,T,TGT,F,100,96.98
2025-12-22,9:45:46.982286791,T,TGT,F,100,96.98
2025-12-22,9:45:47.726635047,T,TGT,F I,3,96.97
2025-12-22,9:45:47.726905688,T,TGT,I,1,96.95
2025-12-22,9:45:47.726956859,T,TGT,I,40,96.95
2025-12-22,9:45:47.726965824,T,TGT,I,3,96.96
2025-12-22,9:45:48.275168834,T,TGT,I,4,96.94
2025-12-22,9:45:48.275168834,T,TGT,I,96,96.93
2025-12-22,9:45:48.813120382,T,TGT,I,10,96.91
2025-12-22,9:45:50.480487544,T,TGT,,100,96.925
2025-12-22,9:45:52.651169728,T,TGT,F,113,96.95
2025-12-22,9:45:52.651172712,T,TGT,F,100,96.95
2025-12-22,9:46:01.704976718,T,TGT,F,100,96.99
2025-12-22,9:46:01.704979592,T,TGT,F I,10,96.99
2025-12-22,9:46:05.895679771,T,TGT,F I,40,97.07
2025-12-22,9:46:05.895682236,T,TGT,F I,40,97.07
2025-12-22,9:46:05.895802423,T,TGT,F I,60,97.07
2025-12-22,9:46:06.002287107,T,TGT,I,8,97.07
2025-12-22,9:46:06.002289151,T,TGT,I,16,97.04
2025-12-22,9:46:07.898805209,T,TGT,F I,2,97.03
2025-12-22,9:46:11.244203045,T,TGT,F I,1,96.99
2025-12-22,9:46:11.244263146,T,TGT,I,2,96.98
2025-12-22,9:46:11.244266128,T,TGT,,100,96.98
2025-12-22,9:46:11.244272205,T,TGT,,200,96.98
2025-12-22,9:46:31.680035386,T,TGT,F,200,96.91
2025-12-22,9:46:31.680528525,T,TGT,F,100,96.9
2025-12-22,9:46:31.709626010,T,TGT,I,17,96.86
2025-12-22,9:46:31.991583514,T,TGT,I,3,96.84
2025-12-22,9:46:42.602124009,T,TGT,F,100,96.83
2025-12-22,9:46:42.602139054,T,TGT,I,1,96.83
2025-12-22,9:46:42.602193204,T,TGT,I,53,96.83
2025-12-22,9:46:42.602199244,T,TGT,F I,24,96.83
2025-12-22,9:46:42.602217673,T,TGT,I,22,96.83
2025-12-22,9:46:42.602217673,T,TGT,I,77,96.83
2025-12-22,9:46:42.602220635,T,TGT,I,23,96.83
2025-12-22,9:46:42.602220635,T,TGT,I,77,96.83
2025-12-22,9:46:42.602223287,T,TGT,F,123,96.83
2025-12-22,9:46:43.825077671,T,TGT,F I,9,96.83
2025-12-22,9:46:43.825128594,T,TGT,F I,10,96.83
2025-12-22,9:47:04.112247853,T,TGT,F I,1,96.66
2025-12-22,9:47:04.112247853,T,TGT,F I,2,96.66
2025-12-22,9:47:04.112250935,T,TGT,F I,1,96.66
2025-12-22,9:47:04.112563373,T,TGT,I,13,96.69
2025-12-22,9:47:04.112918250,T,TGT,F I,9,96.71
2025-12-22,9:47:04.112921275,T,TGT,F I,17,96.71
2025-12-22,9:47:04.112924243,T,TGT,F I,36,96.71
2025-12-22,9:47:04.113011390,T,TGT,I,62,96.71
2025-12-22,9:47:04.113089597,T,TGT,F I,10,96.7
2025-12-22,9:47:04.113149744,T,TGT,F I,62,96.71
2025-12-22,9:47:04.113507693,T,TGT,F I,2,96.71
2025-12-22,9:47:04.113507693,T,TGT,F I,11,96.71
2025-12-22,9:47:04.113528712,T,TGT,F I,2,96.71
2025-12-22,9:47:04.120093275,T,TGT,I,11,96.68
2025-12-22,9:47:12.172129779,T,TGT,F I,7,96.66
2025-12-22,9:47:15.732838329,T,TGT,F I,12,96.71
2025-12-22,9:47:15.732840633,T,TGT,F I,52,96.71
2025-12-22,9:47:15.738012800,T,TGT,I,1,96.69
2025-12-22,9:47:16.508772966,T,TGT,I,80,96.7
2025-12-22,9:47:16.752320109,T,TGT,F I,3,96.73
2025-12-22,9:47:17.026675793,T,TGT,I,10,96.74
2025-12-22,9:47:17.561072860,T,TGT,F I,20,96.78
2025-12-22,9:47:17.582198147,T,TGT,F I,2,96.74
2025-12-22,9:47:17.582243572,T,TGT,F I,18,96.74
2025-12-22,9:47:17.582246304,T,TGT,F I,18,96.74
2025-12-22,9:47:17.582249306,T,TGT,F I,17,96.74
2025-12-22,9:47:24.821476316,T,TGT,I,30,96.705
2025-12-22,9:47:24.821482292,T,TGT,,100,96.705
2025-12-22,9:47:24.821482292,T,TGT,I,34,96.73
2025-12-22,9:47:24.821497317,T,TGT,F,836,96.73
2025-12-22,9:47:24.821509372,T,TGT,I,18,96.73
2025-12-22,9:47:29.548070504,T,TGT,F I,1,96.7
2025-12-22,9:47:35.516734696,T,TGT,F I,15,96.73
2025-12-22,9:47:35.516747009,T,TGT,F,100,96.74
2025-12-22,9:47:35.516747009,T,TGT,F I,14,96.74
2025-12-22,9:47:35.516749783,T,TGT,F I,13,96.74
2025-12-22,9:47:35.517330109,T,TGT,F I,38,96.75
2025-12-22,9:47:35.517471417,T,TGT,F I,38,96.75
2025-12-22,9:47:35.517730137,T,TGT,I,24,96.75
2025-12-22,9:47:40.622781780,T,TGT,F I,18,96.78
2025-12-22,9:47:41.243803301,T,TGT,I,26,96.775
2025-12-22,9:47:48.805659895,T,TGT,I,48,96.74
2025-12-22,9:47:49.319124296,T,TGT,F,100,96.73
2025-12-22,9:47:49.319124296,T,TGT,F I,13,96.73
2025-12-22,9:47:50.025879778,T,TGT,F I,10,96.73
2025-12-22,9:47:50.025882897,T,TGT,F I,12,96.73
2025-12-22,9:47:56.715634881,T,TGT,F I,29,96.78
2025-12-22,9:47:56.715634881,T,TGT,F,150,96.79
2025-12-22,9:47:56.715637879,T,TGT,F I,21,96.8
2025-12-22,9:47:56.738711811,T,TGT,F,100,96.82
2025-12-22,9:47:56.738715019,T,TGT,F I,2,96.83
2025-12-22,9:47:56.738715019,T,TGT,F I,63,96.83
2025-12-22,9:47:56.738732792,T,TGT,I,1,96.83
2025-12-22,9:47:56.744816320,T,TGT,I,36,96.83
2025-12-22,9:47:56.750430797,T,TGT,F I,1,96.84
2025-12-22,9:47:56.750433893,T,TGT,F I,40,96.86
2025-12-22,9:47:56.750433893,T,TGT,F I,60,96.86
2025-12-22,9:47:56.750436711,T,TGT,F I,1,96.86
2025-12-22,9:47:56.763451743,T,TGT,F,100,96.85
2025-12-22,9:47:56.763454726,T,TGT,F,100,96.89
2025-12-22,9:47:56.763458532,T,TGT,F I,80,96.89
2025-12-22,9:47:56.763458532,T,TGT,F,100,96.9
2025-12-22,9:47:56.763460760,T,TGT,F I,40,96.91
2025-12-22,9:47:56.763463981,T,TGT,F I,12,96.91
2025-12-22,9:47:56.763463981,T,TGT,F I,34,96.91
2025-12-22,9:47:56.763469822,T,TGT,F I,14,96.91
2025-12-22,9:47:56.763469822,T,TGT,F,200,96.92
2025-12-22,9:47:56.763472784,T,TGT,F I,40,96.92
2025-12-22,9:47:56.764035160,T,TGT,F I,1,96.85
2025-12-22,9:47:56.764053594,T,TGT,F I,11,96.85
2025-12-22,9:47:56.770575891,T,TGT,F,100,96.85
2025-12-22,9:47:56.770575891,T,TGT,F,100,96.85
2025-12-22,9:47:56.770581949,T,TGT,F I,66,96.85
2025-12-22,9:47:56.770581949,T,TGT,F,100,96.85
2025-12-22,9:47:56.770581949,T,TGT,F,673,96.85
2025-12-22,9:47:56.770584704,T,TGT,F,200,96.85
2025-12-22,9:47:56.775050992,T,TGT,F I,12,96.88
2025-12-22,9:47:56.775050992,T,TGT,F I,14,96.9
2025-12-22,9:47:56.775056362,T,TGT,F I,29,96.9
2025-12-22,9:47:56.775056362,T,TGT,F I,40,96.9
2025-12-22,9:47:56.779850143,T,TGT,F I,80,96.89
2025-12-22,9:47:56.779850143,T,TGT,F,100,96.9
2025-12-22,9:47:56.779852751,T,TGT,F I,40,96.91
2025-12-22,9:47:56.783921536,T,TGT,F,100,96.93
2025-12-22,9:47:56.783921536,T,TGT,F I,40,96.93
2025-12-22,9:47:56.783973029,T,TGT,F I,18,96.9
2025-12-22,9:47:56.783975636,T,TGT,F I,82,96.89
2025-12-22,9:47:56.784348510,T,TGT,F I,18,96.89
2025-12-22,9:47:56.787430831,T,TGT,I,16,96.91
2025-12-22,9:47:56.787460956,T,TGT,I,2,96.91
2025-12-22,9:47:56.787460956,T,TGT,I,50,96.91
2025-12-22,9:47:58.831238482,T,TGT,F I,38,96.885
2025-12-22,9:47:58.831247006,T,TGT,I,62,96.885
2025-12-22,9:48:00.917852013,T,TGT,F I,34,96.91
2025-12-22,9:48:15.964169704,T,TGT,F I,30,96.85
2025-12-22,9:48:15.964491895,T,TGT,F I,6,96.85
2025-12-22,9:48:15.964491895,T,TGT,F I,8,96.85
2025-12-22,9:48:15.964494517,T,TGT,F I,9,96.84
2025-12-22,9:48:15.964497449,T,TGT,I,9,96.84
2025-12-22,9:48:15.964497449,T,TGT,I,5,96.84
2025-12-22,9:48:15.964563657,T,TGT,F I,2,96.84
2025-12-22,9:48:15.964575645,T,TGT,I,20,96.87
2025-12-22,9:48:15.964620748,T,TGT,I,9,96.84
2025-12-22,9:48:16.427985608,T,TGT,F,100,96.83
2025-12-22,9:48:19.868334693,T,TGT,F I,2,96.85
2025-12-22,9:48:29.069685079,T,TGT,F I,7,96.84
2025-12-22,9:48:29.617028087,T,TGT,F,100,96.83
2025-12-22,9:48:29.622200334,T,TGT,I,16,96.785
2025-12-22,9:48:29.623451395,T,TGT,,100,96.79
2025-12-22,9:48:30.143756846,T,TGT,I,1,96.78
2025-12-22,9:48:42.348163362,T,TGT,I,15,96.78
2025-12-22,9:48:51.591902732,T,TGT,I,23,96.63
2025-12-22,9:48:52.788537443,T,TGT,I,48,96.63
2025-12-22,9:48:52.788546509,T,TGT,I,16,96.63
2025-12-22,9:48:53.820057858,T,TGT,I,10,96.61
2025-12-22,9:48:53.820075879,T,TGT,F I,6,96.61
2025-12-22,9:48:53.820075879,T,TGT,F I,13,96.61
2025-12-22,9:48:53.820091012,T,TGT,F I,10,96.61
2025-12-22,9:49:03.167198543,T,TGT,F I,1,96.6
2025-12-22,9:49:08.479928466,T,TGT,F I,1,96.55
2025-12-22,9:49:08.479931321,T,TGT,F I,33,96.55
2025-12-22,9:49:08.479934154,T,TGT,F I,1,96.55
2025-12-22,9:49:10.749852871,T,TGT,F,100,96.58
2025-12-22,9:49:10.749852871,T,TGT,F I,48,96.58
2025-12-22,9:49:10.750652763,T,TGT,F I,15,96.61
2025-12-22,9:49:11.540231748,T,TGT,I,14,96.57
2025-12-22,9:49:12.171197928,T,TGT,I,7,96.575
2025-12-22,9:49:12.451146750,T,TGT,I,39,96.585
2025-12-22,9:49:14.517348143,T,TGT,I,6,96.585
2025-12-22,9:49:18.382756806,T,TGT,I,30,96.585
2025-12-22,9:49:19.811649812,T,TGT,I,7,96.585
2025-12-22,9:49:31.572295175,T,TGT,I,10,96.5
2025-12-22,9:49:31.578950024,T,TGT,F I,10,96.48
2025-12-22,9:49:37.411792714,T,TGT,,100,96.455
2025-12-22,9:49:45.468445132,T,TGT,I,18,96.46
2025-12-22,9:49:50.539843756,T,TGT,,100,96.45
2025-12-22,9:49:50.539906872,T,TGT,I,1,96.42
2025-12-22,9:49:50.539906872,T,TGT,I,15,96.41
2025-12-22,9:49:50.539930897,T,TGT,,130,96.44
2025-12-22,9:49:50.540018187,T,TGT,,100,96.44
2025-12-22,9:49:50.540267742,T,TGT,F I,5,96.4
2025-12-22,9:49:50.540267742,T,TGT,F I,11,96.4
2025-12-22,9:50:06.348522758,T,TGT,F I,38,96.34
2025-12-22,9:50:14.222929122,T,TGT,F I,5,96.28
2025-12-22,9:50:14.222932248,T,TGT,F,100,96.28
2025-12-22,9:50:14.222935407,T,TGT,F I,3,96.28
2025-12-22,9:50:14.222935407,T,TGT,F,100,96.28
2025-12-22,9:50:14.222956224,T,TGT,I,1,96.28
2025-12-22,9:50:14.223274925,T,TGT,I,99,96.28
2025-12-22,9:50:14.223274925,T,TGT,I,1,96.28
2025-12-22,9:50:14.223738167,T,TGT,F I,1,96.28
2025-12-22,9:50:14.223744086,T,TGT,F I,98,96.28
2025-12-22,9:50:14.223801173,T,TGT,F I,55,96.27
2025-12-22,9:50:14.251410112,T,TGT,,100,96.3
2025-12-22,9:50:14.251410112,T,TGT,F,100,96.31
2025-12-22,9:50:14.251413033,T,TGT,F I,19,96.32
2025-12-22,9:50:14.251416038,T,TGT,F I,23,96.32
2025-12-22,9:50:14.251434121,T,TGT,F I,7,96.32
2025-12-22,9:50:14.251443060,T,TGT,F I,93,96.32
2025-12-22,9:50:14.369880299,T,TGT,,150,96.325
2025-12-22,9:50:15.137115894,T,TGT,,100,96.3
2025-12-22,9:50:15.271578230,T,TGT,I,3,96.29
2025-12-22,9:50:15.272014238,T,TGT,,100,96.29
2025-12-22,9:50:15.272084028,T,TGT,,100,96.29
2025-12-22,9:50:15.272107550,T,TGT,,100,96.285
2025-12-22,9:50:17.720368903,T,TGT,F,100,96.29
2025-12-22,9:50:17.720368903,T,TGT,F I,10,96.29
2025-12-22,9:50:17.720371917,T,TGT,F,100,96.29
2025-12-22,9:50:17.720438134,T,TGT,,100,96.32
2025-12-22,9:50:17.720453326,T,TGT,I,7,96.32
2025-12-22,9:50:17.720453326,T,TGT,I,93,96.32
2025-12-22,9:50:17.720462319,T,TGT,I,23,96.32
2025-12-22,9:50:18.603654165,T,TGT,I,50,96.28
2025-12-22,9:50:19.150762579,T,TGT,F,173,96.265
2025-12-22,9:50:19.150765576,T,TGT,F I,27,96.28
2025-12-22,9:50:19.151336899,T,TGT,I,30,96.28
2025-12-22,9:50:19.151336899,T,TGT,I,10,96.29
2025-12-22,9:50:19.151340003,T,TGT,I,10,96.29
2025-12-22,9:50:19.151340003,T,TGT,,100,96.29
2025-12-22,9:50:19.151342987,T,TGT,I,50,96.29
2025-12-22,9:50:19.151355019,T,TGT,I,1,96.29
2025-12-22,9:50:19.151357987,T,TGT,I,29,96.29
2025-12-22,9:50:19.151376059,T,TGT,,100,96.29
2025-12-22,9:50:19.151601539,T,TGT,I,2,96.27
2025-12-22,9:50:19.151971397,T,TGT,F I,40,96.28
2025-12-22,9:50:19.151998465,T,TGT,,100,96.27
2025-12-22,9:50:20.344098387,T,TGT,F I,64,96.22
2025-12-22,9:50:20.344306198,T,TGT,F I,34,96.22
2025-12-22,9:50:20.344306198,T,TGT,F I,27,96.23
2025-12-22,9:50:20.344308873,T,TGT,F I,3,96.23
2025-12-22,9:50:20.344381093,T,TGT,F I,64,96.24
2025-12-22,9:50:20.344396135,T,TGT,F I,36,96.24
2025-12-22,9:50:20.344402568,T,TGT,F I,3,96.24
2025-12-22,9:50:21.437506808,T,TGT,F I,2,96.26
2025-12-22,9:50:21.437506808,T,TGT,F I,1,96.26
2025-12-22,9:50:21.437509250,T,TGT,F I,95,96.26
2025-12-22,9:50:21.442877051,T,TGT,I,12,96.27
2025-12-22,9:50:21.442886287,T,TGT,F,134,96.27
2025-12-22,9:50:21.442889064,T,TGT,F I,12,96.27
2025-12-22,9:50:21.442889064,T,TGT,F I,69,96.27
2025-12-22,9:50:21.442898182,T,TGT,F I,19,96.27
2025-12-22,9:50:21.442919166,T,TGT,F,100,96.27
2025-12-22,9:50:21.442928248,T,TGT,I,49,96.27
2025-12-22,9:50:21.442928248,T,TGT,I,51,96.27
2025-12-22,9:50:21.446230299,T,TGT,F I,21,96.3
2025-12-22,9:50:21.446239048,T,TGT,F I,21,96.3
2025-12-22,9:50:21.496521847,T,TGT,I,34,96.29
2025-12-22,9:50:21.496524918,T,TGT,I,23,96.28
2025-12-22,9:50:21.496527942,T,TGT,I,66,96.28
2025-12-22,9:50:21.496542912,T,TGT,I,1,96.28
2025-12-22,9:50:21.496738381,T,TGT,F I,33,96.28
2025-12-22,9:50:21.497508241,T,TGT,I,16,96.29
2025-12-22,9:50:21.497751829,T,TGT,F I,1,96.29
2025-12-22,9:50:21.497779648,T,TGT,I,23,96.29
2025-12-22,9:50:21.497781847,T,TGT,I,2,96.29
2025-12-22,9:50:21.740183620,T,TGT,F I,2,96.27
2025-12-22,9:50:21.740183620,T,TGT,F,100,96.27
2025-12-22,9:50:25.092810342,T,TGT,I,80,96.22
2025-12-22,9:50:25.092810342,T,TGT,I,20,96.21
2025-12-22,9:50:25.092819542,T,TGT,I,16,96.21
2025-12-22,9:50:25.092825412,T,TGT,F I,9,96.21
2025-12-22,9:50:25.092837371,T,TGT,I,55,96.21
2025-12-22,9:50:27.171431176,T,TGT,F I,38,96.225
2025-12-22,9:50:27.171473310,T,TGT,I,38,96.225
2025-12-22,9:50:27.171539453,T,TGT,I,38,96.225
2025-12-22,9:50:27.171569572,T,TGT,I,38,96.225
2025-12-22,9:50:28.487976565,T,TGT,F I,10,96.23
2025-12-22,9:50:29.619223609,T,TGT,F I,30,96.28
2025-12-22,9:50:29.619521652,T,TGT,F I,40,96.29
2025-12-22,9:50:29.619524300,T,TGT,F I,40,96.29
2025-12-22,9:50:29.619614477,T,TGT,F I,38,96.3
2025-12-22,9:50:30.980308092,T,TGT,F I,4,96.25
2025-12-22,9:50:30.980921737,T,TGT,F,496,96.25
2025-12-22,9:50:30.980921737,T,TGT,F,100,96.25
2025-12-22,9:50:32.055567750,T,TGT,F I,34,96.25
2025-12-22,9:50:34.675779543,T,TGT,I,80,96.23
2025-12-22,9:50:37.188231389,T,TGT,F I,1,96.17
2025-12-22,9:50:39.459614391,T,TGT,I,4,96.16
2025-12-22,9:50:43.267992087,T,TGT,F I,7,96.15
2025-12-22,9:50:54.015220244,T,TGT,F I,1,96.1
2025-12-22,9:50:54.016227666,T,TGT,F I,1,96.09
2025-12-22,9:50:55.288140758,T,TGT,F I,86,96.06
2025-12-22,9:50:55.288155842,T,TGT,I,1,96.06
2025-12-22,9:50:56.306652138,T,TGT,F,153,96.06
2025-12-22,9:50:59.615167009,T,TGT,I,5,96.04
2025-12-22,9:51:00.818366446,T,TGT,I,1,96.06
2025-12-22,9:51:01.452033015,T,TGT,F I,80,96.05
2025-12-22,9:51:01.452054068,T,TGT,F I,38,96.05
2025-12-22,9:51:01.452061095,T,TGT,F I,62,96.05
2025-12-22,9:51:01.452061095,T,TGT,F I,20,96.05
2025-12-22,9:51:04.444921902,T,TGT,F I,5,96.01
2025-12-22,9:51:04.444991488,T,TGT,F I,1,96.0
2025-12-22,9:51:04.444997491,T,TGT,F,150,96.0
2025-12-22,9:51:04.444997491,T,TGT,F,101,96.0
2025-12-22,9:51:04.445019450,T,TGT,I,1,96.0
2025-12-22,9:51:04.445019450,T,TGT,F I,25,96.0
2025-12-22,9:51:04.445025156,T,TGT,F I,73,96.0
2025-12-22,9:51:04.445025156,T,TGT,F I,1,96.0
2025-12-22,9:51:04.445030440,T,TGT,F I,1,96.0
2025-12-22,9:51:04.445033846,T,TGT,F I,50,96.0
2025-12-22,9:51:04.445036911,T,TGT,F I,10,96.0
2025-12-22,9:51:04.445036911,T,TGT,F I,1,96.0
2025-12-22,9:51:04.445039428,T,TGT,F I,5,96.0
2025-12-22,9:51:04.445066250,T,TGT,I,98,96.03
2025-12-22,9:51:04.445090328,T,TGT,I,1,96.03
2025-12-22,9:51:04.445094237,T,TGT,I,1,96.03
2025-12-22,9:51:04.445094237,T,TGT,I,47,96.03
2025-12-22,9:51:04.445096381,T,TGT,I,23,96.03
2025-12-22,9:51:04.445385123,T,TGT,I,50,96.0
2025-12-22,9:51:04.445385123,T,TGT,I,98,96.0
2025-12-22,9:51:04.445394074,T,TGT,I,1,96.0
2025-12-22,9:51:04.445394074,T,TGT,I,1,96.0
2025-12-22,9:51:04.477537791,T,TGT,F,100,96.02
2025-12-22,9:51:04.477540758,T,TGT,F I,24,96.02
2025-12-22,9:51:04.477540758,T,TGT,F I,46,96.02
2025-12-22,9:51:04.477543784,T,TGT,F I,27,96.02
2025-12-22,9:51:04.477546660,T,TGT,F I,11,96.02
2025-12-22,9:51:04.477552736,T,TGT,F I,2,96.02
2025-12-22,9:51:04.477564676,T,TGT,I,22,96.02
2025-12-22,9:51:04.490003385,T,TGT,F I,26,96.04
2025-12-22,9:51:04.490006596,T,TGT,F I,14,96.04
2025-12-22,9:51:04.490006596,T,TGT,F I,26,96.05
2025-12-22,9:51:04.490009074,T,TGT,F I,15,96.05
2025-12-22,9:51:04.490011511,T,TGT,F I,40,96.06
2025-12-22,9:51:04.490011511,T,TGT,F I,19,96.06
2025-12-22,9:51:04.490236935,T,TGT,F I,81,96.06
2025-12-22,9:51:04.590908280,T,TGT,F,150,96.03
2025-12-22,9:51:04.590908280,T,TGT,F I,23,96.02
2025-12-22,9:51:04.590910710,T,TGT,F I,27,96.02
2025-12-22,9:51:05.120511665,T,TGT,I,6,96.04
2025-12-22,9:51:05.120511665,T,TGT,I,94,96.04
2025-12-22,9:51:05.120532492,T,TGT,I,6,96.04
2025-12-22,9:51:05.837831308,T,TGT,F I,35,96.06
2025-12-22,9:51:05.837834265,T,TGT,F I,5,96.06
2025-12-22,9:51:05.837837286,T,TGT,F,150,96.06
2025-12-22,9:51:05.837840446,T,TGT,F,151,96.07
2025-12-22,9:51:05.837840446,T,TGT,F I,60,96.07
2025-12-22,9:51:05.837843388,T,TGT,F I,23,96.07
2025-12-22,9:51:05.837843388,T,TGT,F,107,96.07
2025-12-22,9:51:05.837852355,T,TGT,F I,25,96.07
2025-12-22,9:51:05.837855283,T,TGT,F I,99,96.07
2025-12-22,9:51:06.002182233,T,TGT,F I,11,96.1
2025-12-22,9:51:06.002202846,T,TGT,I,19,96.1
2025-12-22,9:51:06.002202846,T,TGT,I,11,96.1
2025-12-22,9:51:06.002205873,T,TGT,I,11,96.11
2025-12-22,9:51:06.002257041,T,TGT,F I,21,96.12
2025-12-22,9:51:06.002257041,T,TGT,F I,62,96.12
2025-12-22,9:51:06.002305376,T,TGT,F I,60,96.13
2025-12-22,9:51:06.002305376,T,TGT,F I,40,96.13
2025-12-22,9:51:06.002407335,T,TGT,F I,38,96.13
2025-12-22,9:51:06.002518569,T,TGT,F,100,96.13
2025-12-22,9:51:06.003192234,T,TGT,F I,38,96.13
2025-12-22,9:51:06.033723904,T,TGT,I,14,96.1
2025-12-22,9:51:06.033726967,T,TGT,I,80,96.1
2025-12-22,9:51:15.152148795,T,TGT,I,21,96.06
2025-12-22,9:51:15.152148795,T,TGT,I,19,96.06
2025-12-22,9:51:18.317615908,T,TGT,I,23,96.06
2025-12-22,9:51:18.317615908,T,TGT,I,17,96.06
2025-12-22,9:51:20.197042394,T,TGT,I,25,96.12
2025-12-22,9:51:20.197042394,T,TGT,I,15,96.12
2025-12-22,9:51:22.403945828,T,TGT,F I,34,96.15
2025-12-22,9:51:23.671820357,T,TGT,I,21,96.17
2025-12-22,9:51:23.671823494,T,TGT,I,18,96.17
2025-12-22,9:51:23.672187756,T,TGT,F I,14,96.2
2025-12-22,9:51:23.672190621,T,TGT,F I,50,96.2
2025-12-22,9:51:23.672193202,T,TGT,F I,10,96.2
2025-12-22,9:51:23.672430738,T,TGT,F I,38,96.21
2025-12-22,9:51:23.672493867,T,TGT,F I,38,96.21
2025-12-22,9:51:23.672556965,T,TGT,F I,38,96.21
2025-12-22,9:51:23.672608119,T,TGT,F I,38,96.21
2025-12-22,9:51:23.676682824,T,TGT,I,48,96.21
2025-12-22,9:51:23.676842182,T,TGT,I,97,96.2
2025-12-22,9:51:23.679819315,T,TGT,F I,33,96.22
2025-12-22,9:51:23.679849386,T,TGT,F I,33,96.22
2025-12-22,9:51:23.679858434,T,TGT,F I,33,96.22
2025-12-22,9:51:23.679880044,T,TGT,F I,1,96.22
2025-12-22,9:51:23.679883257,T,TGT,F I,32,96.23
2025-12-22,9:51:23.679912490,T,TGT,F I,1,96.23
2025-12-22,9:51:23.680207259,T,TGT,F I,23,96.23
2025-12-22,9:51:23.680270922,T,TGT,,400,96.23
2025-12-22,9:51:23.680568057,T,TGT,F,247,96.25
2025-12-22,9:51:23.680577085,T,TGT,F I,53,96.25
2025-12-22,9:51:23.680577085,T,TGT,F,100,96.25
2025-12-22,9:51:23.680580269,T,TGT,F I,94,96.25
2025-12-22,9:51:23.680583119,T,TGT,F I,6,96.25
2025-12-22,9:51:23.681088342,T,TGT,F I,8,96.25
2025-12-22,9:51:23.681109356,T,TGT,F I,92,96.25
2025-12-22,9:51:23.681157566,T,TGT,F,100,96.25
2025-12-22,9:51:23.683058067,T,TGT,F I,58,96.26
2025-12-22,9:51:23.683097147,T,TGT,F,100,96.26
2025-12-22,9:51:23.685668283,T,TGT,I,12,96.22
2025-12-22,9:51:31.400926965,T,TGT,I,25,96.24
2025-12-22,9:51:31.400929626,T,TGT,,100,96.26
2025-12-22,9:51:31.400965695,T,TGT,,100,96.27
2025-12-22,9:51:31.400968436,T,TGT,I,25,96.28
2025-12-22,9:51:31.400974567,T,TGT,I,80,96.28
2025-12-22,9:51:31.400977575,T,TGT,I,20,96.28
2025-12-22,9:51:31.400980515,T,TGT,I,23,96.28
2025-12-22,9:51:31.402258851,T,TGT,F I,18,96.26
2025-12-22,9:51:31.402283011,T,TGT,F I,62,96.26
2025-12-22,9:51:31.402285661,T,TGT,F I,14,96.25
2025-12-22,9:51:31.402297662,T,TGT,F I,4,96.25
2025-12-22,9:51:31.402357722,T,TGT,,100,96.25
2025-12-22,9:51:31.402394137,T,TGT,,100,96.25
2025-12-22,9:51:31.402394137,T,TGT,,212,96.25
2025-12-22,9:51:31.402423950,T,TGT,,584,96.25
2025-12-22,9:51:31.404195178,T,TGT,F I,19,96.24
2025-12-22,9:51:31.404652194,T,TGT,,134,96.23
2025-12-22,9:51:31.472123992,T,TGT,F I,32,96.21
2025-12-22,9:51:31.472123992,T,TGT,F I,2,96.21
2025-12-22,9:51:31.472259253,T,TGT,I,6,96.21
2025-12-22,9:51:31.524340343,T,TGT,I,14,96.21
2025-12-22,9:51:31.524364412,T,TGT,F I,21,96.21
2025-12-22,9:51:31.723715328,T,TGT,F I,34,96.21
2025-12-22,9:51:31.723736319,T,TGT,F I,1,96.21
2025-12-22,9:51:31.723739395,T,TGT,F I,5,96.21
2025-12-22,9:51:32.077586349,T,TGT,F I,34,96.21
2025-12-22,9:51:32.396814853,T,TGT,I,31,96.22
2025-12-22,9:51:32.396817902,T,TGT,I,8,96.22
2025-12-22,9:51:34.970917067,T,TGT,F I,38,96.23
2025-12-22,9:51:34.974459612,T,TGT,F I,5,96.22
2025-12-22,9:51:34.974953269,T,TGT,I,34,96.23
2025-12-22,9:51:34.974955773,T,TGT,I,52,96.24
2025-12-22,9:51:34.983048003,T,TGT,I,31,96.22
2025-12-22,9:51:34.983048003,T,TGT,I,8,96.22
2025-12-22,9:51:35.976347495,T,TGT,I,5,96.18
2025-12-22,9:51:35.976350407,T,TGT,I,1,96.18
2025-12-22,9:51:48.767091458,T,TGT,I,34,96.15
2025-12-22,9:51:48.767093723,T,TGT,I,43,96.17
2025-12-22,9:51:57.615902406,T,TGT,F I,20,96.155
2025-12-22,9:51:57.615914647,T,TGT,F I,20,96.155
2025-12-22,9:51:57.615914647,T,TGT,F I,20,96.155
2025-12-22,9:52:03.965429982,T,TGT,I,3,96.145
2025-12-22,9:52:03.965432968,T,TGT,I,7,96.16
2025-12-22,9:52:03.965451114,T,TGT,I,19,96.15
2025-12-22,9:52:04.443899821,T,TGT,F I,14,96.15
2025-12-22,9:52:04.443899821,T,TGT,F I,34,96.15
2025-12-22,9:52:04.443903120,T,TGT,F I,80,96.16
2025-12-22,9:52:04.443906087,T,TGT,F I,10,96.17
2025-12-22,9:52:04.443906087,T,TGT,F I,19,96.17
2025-12-22,9:52:04.443911802,T,TGT,F,150,96.17
2025-12-22,9:52:04.443911802,T,TGT,F I,8,96.17
2025-12-22,9:52:04.443923865,T,TGT,I,29,96.17
2025-12-22,9:52:04.443926852,T,TGT,I,1,96.17
2025-12-22,9:52:04.444282176,T,TGT,F I,2,96.14
2025-12-22,9:52:04.444284763,T,TGT,F I,20,96.14
2025-12-22,9:52:04.444699922,T,TGT,F I,7,96.12
2025-12-22,9:52:04.444702849,T,TGT,F I,15,96.12
2025-12-22,9:52:04.444702849,T,TGT,F I,31,96.12
2025-12-22,9:52:04.445198934,T,TGT,F I,2,96.11
2025-12-22,9:52:04.445499637,T,TGT,F I,5,96.1
2025-12-22,9:52:04.463064423,T,TGT,I,3,96.08
2025-12-22,9:52:04.472687361,T,TGT,I,5,96.08
2025-12-22,9:52:04.480109081,T,TGT,F,237,96.1
2025-12-22,9:52:04.480115171,T,TGT,F,113,96.1
2025-12-22,9:52:04.480115171,T,TGT,F,124,96.1
2025-12-22,9:52:04.480119114,T,TGT,F I,76,96.1
2025-12-22,9:52:04.480121543,T,TGT,F I,40,96.1
2025-12-22,9:52:04.480121543,T,TGT,F I,14,96.1
2025-12-22,9:52:04.480125132,T,TGT,F I,19,96.1
2025-12-22,9:52:04.480125132,T,TGT,F,101,96.1
2025-12-22,9:52:04.480127872,T,TGT,F I,19,96.1
2025-12-22,9:52:04.480130096,T,TGT,F I,1,96.1
2025-12-22,9:52:04.491803879,T,TGT,I,40,96.12
2025-12-22,9:52:07.193878949,T,TGT,,100,96.1
2025-12-22,9:52:07.913715914,T,TGT,,100,96.11
2025-12-22,9:52:08.884025383,T,TGT,I,11,96.11
2025-12-22,9:52:17.461696028,T,TGT,F I,48,96.07
2025-12-22,9:52:17.462171174,T,TGT,I,34,96.09
2025-12-22,9:52:17.462171174,T,TGT,I,30,96.09
2025-12-22,9:52:17.462198301,T,TGT,I,40,96.08
2025-12-22,9:52:24.091945294,T,TGT,F I,20,96.1
2025-12-22,9:52:24.091948346,T,TGT,F I,21,96.1
2025-12-22,9:52:24.091948346,T,TGT,F I,62,96.1
2025-12-22,9:52:24.099754888,T,TGT,I,30,96.115
2025-12-22,9:52:25.094705190,T,TGT,F I,40,96.09
2025-12-22,9:52:25.095463001,T,TGT,F I,1,96.06
2025-12-22,9:52:25.095469002,T,TGT,F I,1,96.06
2025-12-22,9:52:25.095487026,T,TGT,F I,4,96.06
2025-12-22,9:52:25.095493060,T,TGT,F I,10,96.05
2025-12-22,9:52:25.100629491,T,TGT,F,500,96.05
2025-12-22,9:52:25.100629491,T,TGT,F I,23,96.05
2025-12-22,9:52:25.100632276,T,TGT,F I,13,96.05
2025-12-22,9:52:30.148996026,T,TGT,F I,34,96.09
2025-12-22,9:52:43.108375202,T,TGT,F I,2,96.04
2025-12-22,9:52:51.698576730,T,TGT,F I,29,96.07
2025-12-22,9:52:52.899638039,T,TGT,,100,96.065
2025-12-22,9:52:52.983781430,T,TGT,I,9,96.065
2025-12-22,9:52:55.318925594,T,TGT,F I,11,96.08
2025-12-22,9:52:55.318925594,T,TGT,F,100,96.08
2025-12-22,9:52:55.318928740,T,TGT,F I,4,96.08
2025-12-22,9:52:55.318928740,T,TGT,F I,8,96.08
2025-12-22,9:52:55.318931457,T,TGT,F,200,96.08
2025-12-22,9:52:55.319115019,T,TGT,F I,25,96.1
2025-12-22,9:52:55.319115019,T,TGT,F I,75,96.1
2025-12-22,9:52:55.319782445,T,TGT,F I,6,96.11
2025-12-22,9:52:55.319785533,T,TGT,F I,12,96.11
2025-12-22,9:52:55.319788471,T,TGT,F I,40,96.11
2025-12-22,9:52:55.319791503,T,TGT,F,278,96.11
2025-12-22,9:52:55.319824613,T,TGT,F I,1,96.11
2025-12-22,9:52:55.320305762,T,TGT,I,21,96.11
2025-12-22,9:52:55.320326783,T,TGT,F I,45,96.11
2025-12-22,9:52:55.321556718,T,TGT,F I,3,96.12
2025-12-22,9:52:55.321556718,T,TGT,F,100,96.12
2025-12-22,9:52:55.321875512,T,TGT,I,80,96.12
2025-12-22,9:52:55.321875512,T,TGT,I,20,96.11
2025-12-22,9:52:55.322233687,T,TGT,F,149,96.12
2025-12-22,9:52:55.322236786,T,TGT,F,154,96.12
2025-12-22,9:52:55.322239331,T,TGT,F,400,96.12
2025-12-22,9:52:55.322242377,T,TGT,F I,20,96.12
2025-12-22,9:52:55.322248397,T,TGT,F I,40,96.13
2025-12-22,9:52:55.322425829,T,TGT,F,127,96.13
2025-12-22,9:52:55.323159482,T,TGT,F I,2,96.14
2025-12-22,9:52:55.323162572,T,TGT,F,100,96.14
2025-12-22,9:52:55.323424121,T,TGT,F I,50,96.14
2025-12-22,9:52:55.323424121,T,TGT,F I,11,96.15
2025-12-22,9:52:55.323493467,T,TGT,F I,9,96.15
2025-12-22,9:52:55.323493467,T,TGT,F I,40,96.15
2025-12-22,9:52:55.323496360,T,TGT,F I,1,96.15
2025-12-22,9:52:55.325090088,T,TGT,I,80,96.15
2025-12-22,9:52:55.330265447,T,TGT,F I,5,96.15
2025-12-22,9:52:55.341115269,T,TGT,F I,11,96.18
2025-12-22,9:52:55.341118285,T,TGT,F I,60,96.19
2025-12-22,9:52:55.341121473,T,TGT,F,100,96.19
2025-12-22,9:52:55.341121473,T,TGT,F,100,96.19
2025-12-22,9:52:55.341124297,T,TGT,F I,89,96.19
2025-12-22,9:52:55.341166516,T,TGT,F I,11,96.19
2025-12-22,9:52:55.510999021,T,TGT,,100,96.2
2025-12-22,9:52:55.518937964,T,TGT,F I,3,96.21
2025-12-22,9:52:55.518941236,T,TGT,F,100,96.21
2025-12-22,9:52:55.518941236,T,TGT,F I,50,96.21
2025-12-22,9:52:55.518943943,T,TGT,F,200,96.21
2025-12-22,9:52:55.519948379,T,TGT,I,11,96.23
2025-12-22,9:52:55.519948379,T,TGT,I,5,96.23
2025-12-22,9:53:00.768721562,T,TGT,F I,38,96.17
2025-12-22,9:53:00.838072745,T,TGT,I,1,96.175
2025-12-22,9:53:00.838099830,T,TGT,F I,22,96.17
2025-12-22,9:53:00.838099830,T,TGT,F I,16,96.17
2025-12-22,9:53:02.424381827,T,TGT,F I,22,96.17
2025-12-22,9:53:02.424381827,T,TGT,F I,16,96.17
2025-12-22,9:53:02.424387840,T,TGT,I,1,96.17
2025-12-22,9:53:04.139797645,T,TGT,F I,32,96.16
2025-12-22,9:53:04.139800477,T,TGT,F I,6,96.16
2025-12-22,9:53:04.139851676,T,TGT,F I,1,96.16
2025-12-22,9:53:10.840757149,T,TGT,I,1,96.17
2025-12-22,9:53:20.978015208,T,TGT,F I,11,96.2
2025-12-22,9:53:20.978018173,T,TGT,F,400,96.2
2025-12-22,9:53:20.978021237,T,TGT,F I,10,96.2
2025-12-22,9:53:20.978297868,T,TGT,I,10,96.18
2025-12-22,9:53:20.979709042,T,TGT,F I,27,96.21
2025-12-22,9:53:20.980096136,T,TGT,I,80,96.21
2025-12-22,9:53:20.980201399,T,TGT,F I,20,96.21
2025-12-22,9:53:20.980201399,T,TGT,F,400,96.21
2025-12-22,9:53:22.221426398,T,TGT,F I,10,96.25
2025-12-22,9:53:22.221426398,T,TGT,F I,10,96.25
2025-12-22,9:53:22.221438730,T,TGT,F I,10,96.25
2025-12-22,9:53:22.221450349,T,TGT,I,10,96.25
2025-12-22,9:53:22.221454016,T,TGT,F I,10,96.25
2025-12-22,9:53:22.221465579,T,TGT,F I,10,96.25
2025-12-22,9:53:22.221552667,T,TGT,F I,10,96.25
2025-12-22,9:53:22.221579715,T,TGT,I,7,96.25
2025-12-22,9:53:22.222154057,T,TGT,F I,1,96.25
2025-12-22,9:53:22.222181099,T,TGT,F I,32,96.25
2025-12-22,9:53:22.222199144,T,TGT,F I,1,96.26
2025-12-22,9:53:28.744184534,T,TGT,F I,1,96.23
2025-12-22,9:53:28.744187469,T,TGT,,100,96.23
2025-12-22,9:53:28.744199563,T,TGT,F I,1,96.23
2025-12-22,9:53:28.744229659,T,TGT,I,56,96.23
2025-12-22,9:53:31.737698926,T,TGT,I,80,96.21
2025-12-22,9:53:31.901072947,T,TGT,F I,20,96.21
2025-12-22,9:53:31.901072947,T,TGT,F I,10,96.22
2025-12-22,9:53:31.901075127,T,TGT,F,324,96.22
2025-12-22,9:53:31.901090172,T,TGT,F I,20,96.22
2025-12-22,9:53:34.281576267,T,TGT,I,10,96.23
2025-12-22,9:53:38.359071254,T,TGT,F,100,96.2
2025-12-22,9:53:39.213448671,T,TGT,I,10,96.2
2025-12-22,9:53:39.642528865,T,TGT,I,1,96.2
2025-12-22,9:53:39.642721290,T,TGT,I,10,96.21
2025-12-22,9:53:46.149917191,T,TGT,F I,15,96.16
2025-12-22,9:53:46.149920242,T,TGT,F I,1,96.16
2025-12-22,9:53:50.041563341,T,TGT,I,26,96.23
2025-12-22,9:53:50.041563341,T,TGT,I,20,96.23
2025-12-22,9:53:50.845859462,T,TGT,I,1,96.205
2025-12-22,9:53:53.081472294,T,TGT,I,30,96.205
2025-12-22,9:53:56.116563802,T,TGT,I,99,96.2
2025-12-22,9:54:00.050992891,T,TGT,I,26,96.23
2025-12-22,9:54:00.050995890,T,TGT,I,20,96.23
2025-12-22,9:54:06.504099043,T,TGT,I,99,96.215
2025-12-22,9:54:10.931411367,T,TGT,,100,96.215
2025-12-22,9:54:24.001138304,T,TGT,I,24,96.215
2025-12-22,9:54:28.960027500,T,TGT,F I,64,96.225
2025-12-22,9:54:28.960027500,T,TGT,F I,10,96.25
2025-12-22,9:54:28.960030119,T,TGT,F I,99,96.25
2025-12-22,9:54:28.960041856,T,TGT,I,1,96.25
2025-12-22,9:54:28.960044825,T,TGT,I,63,96.25
2025-12-22,9:54:30.132345640,T,TGT,F I,38,96.26
2025-12-22,9:54:30.132433159,T,TGT,I,62,96.26
2025-12-22,9:54:30.132433159,T,TGT,,100,96.26
2025-12-22,9:54:30.132448330,T,TGT,F,100,96.28
2025-12-22,9:54:30.132451499,T,TGT,F I,45,96.28
2025-12-22,9:54:30.132453897,T,TGT,F I,12,96.28
2025-12-22,9:54:30.133070427,T,TGT,I,20,96.29
2025-12-22,9:54:30.133076426,T,TGT,F I,38,96.29
2025-12-22,9:54:30.133319907,T,TGT,F I,38,96.29
2025-12-22,9:54:30.133341420,T,TGT,F I,4,96.29
2025-12-22,9:54:30.133344034,T,TGT,F I,16,96.3
2025-12-22,9:54:30.133365573,T,TGT,F I,4,96.3
2025-12-22,9:54:31.468495583,T,TGT,F I,63,96.34
2025-12-22,9:54:31.468645074,T,TGT,F I,45,96.35
2025-12-22,9:54:36.259111464,T,TGT,,100,96.37
2025-12-22,9:54:41.283063099,T,TGT,I,10,96.36
2025-12-22,9:54:42.576333133,T,TGT,I,35,96.33
2025-12-22,9:54:42.576333133,T,TGT,I,10,96.33
2025-12-22,9:54:43.403176893,T,TGT,F I,24,96.32
2025-12-22,9:54:43.403176893,T,TGT,F I,14,96.32
2025-12-22,9:54:43.403236921,T,TGT,F I,7,96.32
2025-12-22,9:54:43.403570695,T,TGT,F I,75,96.29
2025-12-22,9:54:43.504187400,T,TGT,F I,38,96.28
2025-12-22,9:54:44.399501379,T,TGT,I,39,96.23
2025-12-22,9:54:44.399501379,T,TGT,I,6,96.23
2025-12-22,9:54:44.486318198,T,TGT,I,10,96.23
2025-12-22,9:54:45.566638739,T,TGT,I,30,96.23
2025-12-22,9:54:45.566641842,T,TGT,I,5,96.23
2025-12-22,9:54:45.566641842,T,TGT,I,10,96.23
2025-12-22,9:54:46.516908602,T,TGT,I,41,96.23
2025-12-22,9:54:46.516908602,T,TGT,I,4,96.23
2025-12-22,9:54:48.053509342,T,TGT,I,45,96.23
2025-12-22,9:54:49.405987276,T,TGT,I,45,96.23
2025-12-22,9:54:50.743543724,T,TGT,I,45,96.23
2025-12-22,9:55:00.269451315,T,TGT,F I,38,96.29
2025-12-22,9:55:00.269502517,T,TGT,F I,38,96.29
2025-12-22,9:55:00.270533963,T,TGT,I,31,96.29
2025-12-22,9:55:00.277598039,T,TGT,F I,24,96.29
2025-12-22,9:55:00.277598039,T,TGT,F I,14,96.29
2025-12-22,9:55:00.516685338,T,TGT,F I,38,96.29
2025-12-22,9:55:00.526918751,T,TGT,I,22,96.29
2025-12-22,9:55:20.973243208,T,TGT,I,35,96.31
2025-12-22,9:55:20.973243208,T,TGT,I,9,96.31
2025-12-22,9:55:21.070353370,T,TGT,F I,38,96.34
2025-12-22,9:55:21.357050380,T,TGT,I,62,96.34
2025-12-22,9:55:23.710832911,T,TGT,F I,2,96.35
2025-12-22,9:55:23.712802477,T,TGT,F,100,96.36
2025-12-22,9:55:23.712802477,T,TGT,F I,70,96.37
2025-12-22,9:55:23.712823532,T,TGT,F I,30,96.37
2025-12-22,9:55:23.712823532,T,TGT,F I,11,96.37
2025-12-22,9:55:36.314323237,T,TGT,F I,4,96.4
2025-12-22,9:55:36.315325246,T,TGT,F I,20,96.43
2025-12-22,9:55:36.315327541,T,TGT,F I,11,96.43
2025-12-22,9:55:36.321919326,T,TGT,F I,10,96.41
2025-12-22,9:55:36.322213991,T,TGT,F,100,96.4
2025-12-22,9:55:52.017471770,T,TGT,I,20,96.42
2025-12-22,9:55:52.017991963,T,TGT,F I,38,96.43
2025-12-22,9:55:52.018136324,T,TGT,,162,96.43
2025-12-22,9:55:52.018139302,T,TGT,I,93,96.43
2025-12-22,9:55:53.615184191,T,TGT,F I,26,96.39
2025-12-22,9:55:53.615187188,T,TGT,F I,14,96.39
2025-12-22,9:55:53.615191000,T,TGT,F,160,96.38
2025-12-22,9:55:53.615191000,T,TGT,F I,40,96.38
2025-12-22,9:55:53.615194162,T,TGT,F I,23,96.38
2025-12-22,9:55:53.615194162,T,TGT,F I,16,96.38
2025-12-22,9:55:53.615196083,T,TGT,F I,12,96.37
2025-12-22,9:55:53.615493767,T,TGT,F I,5,96.35
2025-12-22,9:55:53.615493767,T,TGT,F I,5,96.35
2025-12-22,9:55:53.615496680,T,TGT,F I,40,96.35
2025-12-22,9:55:53.615809475,T,TGT,I,41,96.37
2025-12-22,9:55:53.616158341,T,TGT,,100,96.38
2025-12-22,9:55:54.971369782,T,TGT,I,40,96.34
2025-12-22,9:55:56.068407376,T,TGT,I,31,96.35
2025-12-22,9:55:56.068407376,T,TGT,I,9,96.35
2025-12-22,9:55:59.760576550,T,TGT,F I,7,96.43
2025-12-22,9:55:59.760576550,T,TGT,F I,52,96.44
2025-12-22,9:55:59.761018225,T,TGT,I,33,96.44
2025-12-22,9:56:00.461089070,T,TGT,F I,15,96.44
2025-12-22,9:56:00.461092043,T,TGT,F I,85,96.44
2025-12-22,9:56:01.118022016,T,TGT,F I,20,96.45
2025-12-22,9:56:01.118094182,T,TGT,,100,96.45
2025-12-22,9:56:01.118304666,T,TGT,F I,40,96.46
2025-12-22,9:56:01.118527282,T,TGT,I,6,96.44
2025-12-22,9:56:01.674142866,T,TGT,F I,6,96.46
2025-12-22,9:56:02.259685842,T,TGT,F I,13,96.48
2025-12-22,9:56:03.783208400,T,TGT,F I,1,96.48
2025-12-22,9:56:14.514167851,T,TGT,I,1,96.465
2025-12-22,9:56:17.881719352,T,TGT,F I,13,96.47
2025-12-22,9:56:26.037108828,T,TGT,I,2,96.505
2025-12-22,9:56:44.888114877,T,TGT,I,20,96.46
2025-12-22,9:56:44.889970181,T,TGT,I,80,96.44
2025-12-22,9:56:49.134347541,T,TGT,,100,96.46
2025-12-22,9:56:51.240998996,T,TGT,F,200,96.49
2025-12-22,9:56:51.240998996,T,TGT,F I,12,96.49
2025-12-22,9:56:51.241001398,T,TGT,F I,1,96.49
2025-12-22,9:57:01.451128880,T,TGT,F I,1,96.45
2025-12-22,9:57:01.452040184,T,TGT,F I,10,96.43
2025-12-22,9:57:01.452055059,T,TGT,F,100,96.42
2025-12-22,9:57:01.454674374,T,TGT,I,10,96.42
2025-12-22,9:57:01.483356600,T,TGT,F,100,96.4
2025-12-22,9:57:01.531585533,T,TGT,F I,1,96.38
2025-12-22,9:57:01.531847180,T,TGT,I,30,96.38
2025-12-22,9:57:07.361953158,T,TGT,I,38,96.335
2025-12-22,9:57:11.958475454,T,TGT,F,100,96.31
2025-12-22,9:57:16.219954652,T,TGT,F,100,96.3
2025-12-22,9:57:16.219957594,T,TGT,F I,49,96.3
2025-12-22,9:57:16.219961009,T,TGT,F I,51,96.3
2025-12-22,9:57:16.219963621,T,TGT,F I,1,96.3
2025-12-22,9:57:16.219966625,T,TGT,F I,10,96.3
2025-12-22,9:57:16.220080964,T,TGT,I,30,96.33
2025-12-22,9:57:16.220156070,T,TGT,I,13,96.3
2025-12-22,9:57:16.220171143,T,TGT,I,17,96.3
2025-12-22,9:57:39.307895124,T,TGT,,100,96.315
2025-12-22,9:57:39.307922281,T,TGT,F I,27,96.32
2025-12-22,9:57:39.307922281,T,TGT,F I,11,96.32
2025-12-22,9:57:39.307976310,T,TGT,F I,8,96.32
2025-12-22,9:57:39.431651919,T,TGT,F I,68,96.33
2025-12-22,9:57:44.411954367,T,TGT,,100,96.33
2025-12-22,9:57:44.413235498,T,TGT,I,5,96.33
2025-12-22,9:57:44.413388802,T,TGT,I,11,96.33
2025-12-22,9:57:44.460932070,T,TGT,I,10,96.33
2025-12-22,9:57:47.131519243,T,TGT,F,100,96.36
2025-12-22,9:57:48.695226577,T,TGT,F I,43,96.4
2025-12-22,9:57:48.695247562,T,TGT,F I,57,96.4
2025-12-22,9:57:48.695250468,T,TGT,F,100,96.4
2025-12-22,9:58:03.034493856,T,TGT,I,30,96.39
2025-12-22,9:58:03.034496907,T,TGT,I,17,96.39
2025-12-22,9:58:04.849040683,T,TGT,I,10,96.36
2025-12-22,9:58:05.682470108,T,TGT,I,11,96.37
2025-12-22,9:58:05.682689768,T,TGT,,100,96.38
2025-12-22,9:58:29.363850318,T,TGT,F I,40,96.4
2025-12-22,9:58:29.364292397,T,TGT,I,5,96.38
2025-12-22,9:58:29.364815653,T,TGT,,100,96.37
2025-12-22,9:58:32.098535213,T,TGT,,200,96.365
2025-12-22,9:58:56.301213302,T,TGT,F I,6,96.41
2025-12-22,9:58:56.319473072,T,TGT,,100,96.42
2025-12-22,9:58:56.319473072,T,TGT,,100,96.42
2025-12-22,9:58:56.319475873,T,TGT,,100,96.42
2025-12-22,9:59:02.605464969,T,TGT,,150,96.4
2025-12-22,9:59:02.605464969,T,TGT,I,4,96.4
2025-12-22,9:59:06.313183800,T,TGT,,100,96.43
2025-12-22,9:59:08.979852619,T,TGT,,100,96.43
2025-12-22,9:59:09.001432032,T,TGT,F I,9,96.4
2025-12-22,9:59:09.868920711,T,TGT,I,37,96.38
2025-12-22,9:59:09.868920711,T,TGT,I,11,96.38
2025-12-22,9:59:10.979418241,T,TGT,I,37,96.38
2025-12-22,9:59:10.979418241,T,TGT,I,11,96.38
2025-12-22,9:59:11.032569837,T,TGT,I,10,96.38
2025-12-22,9:59:12.112045983,T,TGT,I,28,96.38
2025-12-22,9:59:12.112048530,T,TGT,I,20,96.38
2025-12-22,9:59:13.158009300,T,TGT,I,39,96.38
2025-12-22,9:59:13.158009300,T,TGT,I,9,96.38
2025-12-22,9:59:14.528903160,T,TGT,I,41,96.39
2025-12-22,9:59:14.528903160,T,TGT,I,7,96.39
2025-12-22,9:59:15.228973861,T,TGT,I,43,96.39
2025-12-22,9:59:15.228973861,T,TGT,I,4,96.39
2025-12-22,9:59:15.239649286,T,TGT,F I,2,96.37
2025-12-22,9:59:15.239649286,T,TGT,F I,10,96.37
2025-12-22,9:59:15.745225801,T,TGT,I,27,96.34
2025-12-22,9:59:15.745228840,T,TGT,I,21,96.34
2025-12-22,9:59:17.068654669,T,TGT,I,28,96.34
2025-12-22,9:59:17.068654669,T,TGT,I,20,96.34
2025-12-22,9:59:21.040486789,T,TGT,I,58,96.37
2025-12-22,9:59:21.270029622,T,TGT,,100,96.37
2025-12-22,9:59:21.270429547,T,TGT,F,100,96.37
2025-12-22,9:59:21.270444529,T,TGT,F,100,96.37
2025-12-22,9:59:30.977933830,T,TGT,I,1,96.37
2025-12-22,9:59:32.794161596,T,TGT,F I,5,96.33
2025-12-22,9:59:32.794558917,T,TGT,F,100,96.3
2025-12-22,9:59:32.794558917,T,TGT,F I,40,96.3
2025-12-22,9:59:32.794988527,T,TGT,I,10,96.31
2025-12-22,9:59:32.954699227,T,TGT,F,100,96.3
2025-12-22,9:59:32.954702140,T,TGT,F,100,96.3
2025-12-22,9:59:32.954732133,T,TGT,F I,10,96.29
2025-12-22,9:59:44.480890893,T,TGT,F I,2,96.26
2025-12-22,9:59:44.480896920,T,TGT,F I,1,96.26
2025-12-22,9:59:44.481299883,T,TGT,F I,2,96.25
2025-12-22,9:59:44.481648684,T,TGT,F I,6,96.25
2025-12-22,9:59:45.344370948,T,TGT,F I,14,96.24
2025-12-22,9:59:46.844578985,T,TGT,F I,20,96.22
2025-12-22,9:59:46.845544198,T,TGT,F I,25,96.2
2025-12-22,9:59:46.867256104,T,TGT,F I,5,96.19
2025-12-22,9:59:50.237860282,T,TGT,F I,10,96.19
2025-12-22,9:59:50.327383082,T,TGT,F I,7,96.18
2025-12-22,9:59:54.521318367,T,TGT,F I,34,96.25
2025-12-22,9:59:54.521568167,T,TGT,I,3,96.25
2025-12-22,9:59:54.521568167,T,TGT,I,10,96.25
2025-12-22,9:59:54.726990229,T,TGT,I,40,96.25
2025-12-22,9:59:54.726990229,T,TGT,I,7,96.25
2025-12-22,9:59:54.779158598,T,TGT,I,34,96.25
2025-12-22,9:59:55.030235703,T,TGT,F I,6,96.25
2025-12-22,9:59:55.030235703,T,TGT,F I,28,96.25
2025-12-22,10:00:00.646141573,T,TGT,F I,12,96.25
2025-12-22,10:00:00.646144670,T,TGT,F I,1,96.25
2025-12-22,10:00:00.646276883,T,TGT,I,4,96.26
2025-12-22,10:00:01.115280132,T,TGT,F I,34,96.27
2025-12-22,10:00:04.618364500,T,TGT,I,34,96.25
2025-12-22,10:00:06.508950553,T,TGT,F I,16,96.24
2025-12-22,10:00:12.625046869,T,TGT,,200,96.215
2025-12-22,10:00:19.525712442,T,TGT,F I,29,96.24
2025-12-22,10:00:19.525715258,T,TGT,F I,9,96.24
2025-12-22,10:00:19.525724314,T,TGT,I,8,96.24
2025-12-22,10:00:19.903568467,T,TGT,F I,25,96.25
2025-12-22,10:00:19.903571751,T,TGT,F,153,96.25
2025-12-22,10:00:19.903571751,T,TGT,F I,76,96.25
2025-12-22,10:00:19.903574465,T,TGT,F,100,96.25
2025-12-22,10:00:19.903914210,T,TGT,F I,38,96.27
2025-12-22,10:00:20.120264622,T,TGT,I,62,96.27
2025-12-22,10:00:20.120267717,T,TGT,I,33,96.28
2025-12-22,10:00:20.120285683,T,TGT,I,62,96.28
2025-12-22,10:00:34.371118369,T,TGT,F I,38,96.25
2025-12-22,10:00:40.989702884,T,TGT,I,1,96.255
2025-12-22,10:00:47.739938048,T,TGT,F I,50,96.21
2025-12-22,10:00:47.739938048,T,TGT,F I,1,96.2
2025-12-22,10:00:47.739941090,T,TGT,F I,90,96.2
2025-12-22,10:00:47.739941090,T,TGT,F I,10,96.2
2025-12-22,10:00:47.790374287,T,TGT,I,80,96.2
2025-12-22,10:00:54.507575765,T,TGT,F I,38,96.245
2025-12-22,10:00:54.507617899,T,TGT,F I,38,96.245
2025-12-22,10:00:54.507936558,T,TGT,I,24,96.245
2025-12-22,10:01:00.611556386,T,TGT,F I,34,96.25
2025-12-22,10:01:02.926284882,T,TGT,F I,20,96.22
2025-12-22,10:01:02.926687680,T,TGT,F I,33,96.21
2025-12-22,10:01:02.926705804,T,TGT,I,41,96.21
2025-12-22,10:01:02.926826032,T,TGT,F I,26,96.21
2025-12-22,10:01:03.180317984,T,TGT,F,166,96.19
2025-12-22,10:01:03.382982734,T,TGT,F I,10,96.21
2025-12-22,10:01:03.382985784,T,TGT,F I,90,96.21
2025-12-22,10:01:03.383003762,T,TGT,I,27,96.21
2025-12-22,10:01:03.383003762,T,TGT,F I,10,96.21
2025-12-22,10:01:03.383027824,T,TGT,I,14,96.21
2025-12-22,10:01:03.383030826,T,TGT,I,86,96.21
2025-12-22,10:01:03.390611916,T,TGT,F,100,96.21
2025-12-22,10:01:03.390611916,T,TGT,F I,10,96.21
2025-12-22,10:01:03.572578408,T,TGT,I,30,96.235
2025-12-22,10:01:03.572602474,T,TGT,F I,38,96.235
2025-12-22,10:01:03.572650556,T,TGT,F I,32,96.235
2025-12-22,10:01:13.562891596,T,TGT,F I,13,96.18
2025-12-22,10:01:13.562894483,T,TGT,F I,80,96.18
2025-12-22,10:01:13.562897341,T,TGT,F I,1,96.18
2025-12-22,10:01:13.562957482,T,TGT,I,22,96.21
2025-12-22,10:01:13.562969498,T,TGT,I,62,96.21
2025-12-22,10:01:13.563017630,T,TGT,F I,20,96.17
2025-12-22,10:01:14.264161973,T,TGT,F I,10,96.2
2025-12-22,10:01:14.264180109,T,TGT,I,4,96.2
2025-12-22,10:01:14.264537878,T,TGT,,100,96.21
2025-12-22,10:01:14.264537878,T,TGT,I,4,96.21
2025-12-22,10:01:26.577707593,T,TGT,I,41,96.23
2025-12-22,10:01:31.342534861,T,TGT,F I,38,96.23
2025-12-22,10:01:31.342580108,T,TGT,F I,3,96.23
2025-12-22,10:01:31.342580108,T,TGT,F I,7,96.23
2025-12-22,10:01:31.429459997,T,TGT,F I,40,96.27
2025-12-22,10:01:31.429459997,T,TGT,F I,40,96.27
2025-12-22,10:01:31.517025673,T,TGT,F I,38,96.3
2025-12-22,10:01:31.517124916,T,TGT,I,62,96.3
2025-12-22,10:01:31.517127860,T,TGT,,100,96.3
2025-12-22,10:01:31.517130918,T,TGT,,100,96.3
2025-12-22,10:01:31.552606435,T,TGT,F I,1,96.31
2025-12-22,10:01:31.552615714,T,TGT,F I,76,96.31
2025-12-22,10:01:31.552681697,T,TGT,F I,24,96.31
2025-12-22,10:01:31.617741604,T,TGT,F I,60,96.32
2025-12-22,10:01:32.560963262,T,TGT,I,20,96.34
2025-12-22,10:01:32.567479189,T,TGT,I,20,96.33
2025-12-22,10:01:32.996556274,T,TGT,F,100,96.31
2025-12-22,10:01:32.996808973,T,TGT,,100,96.32
2025-12-22,10:01:32.996887101,T,TGT,,129,96.32
2025-12-22,10:01:32.996941267,T,TGT,,100,96.33
2025-12-22,10:01:32.996941267,T,TGT,I,2,96.33
2025-12-22,10:01:32.996944302,T,TGT,I,8,96.33
2025-12-22,10:01:32.996965246,T,TGT,I,72,96.33
2025-12-22,10:01:32.997007357,T,TGT,F,100,96.33
2025-12-22,10:01:32.997235895,T,TGT,I,20,96.335
2025-12-22,10:01:32.997578741,T,TGT,F,375,96.33
2025-12-22,10:01:32.997578741,T,TGT,F,100,96.33
2025-12-22,10:01:32.997584753,T,TGT,F,100,96.33
2025-12-22,10:01:32.997584753,T,TGT,F,356,96.33
2025-12-22,10:01:32.997807278,T,TGT,F,121,96.33
2025-12-22,10:01:32.997810350,T,TGT,F I,19,96.33
2025-12-22,10:01:32.997828461,T,TGT,I,40,96.33
2025-12-22,10:01:32.997828461,T,TGT,F I,21,96.33
2025-12-22,10:01:32.998793623,T,TGT,I,51,96.32
2025-12-22,10:01:32.998814665,T,TGT,F I,49,96.32
2025-12-22,10:01:33.136016582,T,TGT,F I,50,96.3
2025-12-22,10:01:33.136025544,T,TGT,,150,96.3
2025-12-22,10:01:33.136025544,T,TGT,I,10,96.3
2025-12-22,10:01:33.136927690,T,TGT,I,10,96.29
2025-12-22,10:01:50.402177503,T,TGT,F I,45,96.36
2025-12-22,10:01:50.402201574,T,TGT,F I,5,96.36
2025-12-22,10:01:50.402237633,T,TGT,F I,45,96.36
2025-12-22,10:01:50.402289089,T,TGT,F I,5,96.36
2025-12-22,10:01:50.402289089,T,TGT,F I,40,96.37
2025-12-22,10:02:04.143247963,T,TGT,F I,1,96.39
2025-12-22,10:02:04.143269106,T,TGT,I,1,96.39
2025-12-22,10:02:04.143485500,T,TGT,F I,6,96.41
2025-12-22,10:02:04.143506530,T,TGT,I,6,96.41
2025-12-22,10:02:04.143885440,T,TGT,F I,38,96.41
2025-12-22,10:02:04.399410196,T,TGT,,156,96.41
2025-12-22,10:02:04.399410196,T,TGT,,144,96.41
2025-12-22,10:02:05.032748965,T,TGT,F I,37,96.41
2025-12-22,10:02:05.032797305,T,TGT,I,19,96.41
2025-12-22,10:02:05.032800145,T,TGT,I,61,96.42
2025-12-22,10:02:05.033019615,T,TGT,I,50,96.41
2025-12-22,10:02:09.548540739,T,TGT,I,80,96.4
2025-12-22,10:02:09.548540739,T,TGT,I,12,96.39
2025-12-22,10:02:23.877833587,T,TGT,F I,33,96.4
2025-12-22,10:02:23.877842788,T,TGT,I,12,96.4
2025-12-22,10:02:23.877902705,T,TGT,F I,4,96.4
2025-12-22,10:02:29.759635849,T,TGT,I,10,96.38
2025-12-22,10:02:29.759638971,T,TGT,I,10,96.38
2025-12-22,10:02:31.121141549,T,TGT,F I,2,96.39
2025-12-22,10:02:31.121430263,T,TGT,I,5,96.38
2025-12-22,10:02:43.107633915,T,TGT,F I,1,96.37
2025-12-22,10:02:43.107946672,T,TGT,I,1,96.37
2025-12-22,10:02:43.108199278,T,TGT,F I,3,96.37
2025-12-22,10:02:43.577518342,T,TGT,I,3,96.33
2025-12-22,10:03:09.702237257,T,TGT,F I,2,96.3
2025-12-22,10:03:10.751391622,T,TGT,F I,31,96.3
2025-12-22,10:03:21.797126073,T,TGT,F I,38,96.33
2025-12-22,10:03:21.802066791,T,TGT,I,25,96.34
2025-12-22,10:03:21.802069769,T,TGT,I,19,96.34
2025-12-22,10:03:22.995847628,T,TGT,I,38,96.335
2025-12-22,10:03:30.203586687,T,TGT,I,9,96.29
2025-12-22,10:03:30.228672610,T,TGT,I,20,96.28
2025-12-22,10:03:30.228672610,T,TGT,I,1,96.28
2025-12-22,10:03:30.228675417,T,TGT,I,1,96.28
2025-12-22,10:03:32.785585731,T,TGT,F I,10,96.26
2025-12-22,10:03:32.786184154,T,TGT,,100,96.26
2025-12-22,10:03:32.882250986,T,TGT,,150,96.3
2025-12-22,10:03:33.121293933,T,TGT,F I,10,96.31
2025-12-22,10:03:33.121296474,T,TGT,F I,74,96.31
2025-12-22,10:03:33.122397156,T,TGT,F I,73,96.32
2025-12-22,10:03:33.122413073,T,TGT,F I,76,96.32
2025-12-22,10:03:33.122415957,T,TGT,F I,24,96.32
2025-12-22,10:03:33.122415957,T,TGT,F I,76,96.32
2025-12-22,10:03:33.122418211,T,TGT,I,24,96.32
2025-12-22,10:03:49.919885781,T,TGT,F I,1,96.27
2025-12-22,10:03:57.624140594,T,TGT,I,1,96.26
2025-12-22,10:03:57.624384148,T,TGT,I,1,96.26
2025-12-22,10:03:57.624447321,T,TGT,I,1,96.26
2025-12-22,10:03:57.638547920,T,TGT,F I,5,96.24
2025-12-22,10:03:57.957611099,T,TGT,F I,8,96.23
2025-12-22,10:03:57.959839338,T,TGT,,100,96.22
2025-12-22,10:04:00.110737576,T,TGT,F I,20,96.2
2025-12-22,10:04:30.132614701,T,TGT,F I,2,96.18
2025-12-22,10:04:30.132617825,T,TGT,F I,14,96.17
2025-12-22,10:04:30.132620717,T,TGT,F I,10,96.17
2025-12-22,10:04:30.132620717,T,TGT,F I,4,96.16
2025-12-22,10:04:30.132900402,T,TGT,F I,1,96.18
2025-12-22,10:04:30.182948752,T,TGT,I,10,96.2
2025-12-22,10:04:30.182960659,T,TGT,I,10,96.2
2025-12-22,10:04:30.182973432,T,TGT,I,2,96.2
2025-12-22,10:04:35.833674336,T,TGT,F I,10,96.18
2025-12-22,10:04:36.746192229,T,TGT,F I,31,96.15
2025-12-22,10:04:36.746219696,T,TGT,F,200,96.15
2025-12-22,10:04:36.746523480,T,TGT,I,20,96.14
2025-12-22,10:04:36.746526071,T,TGT,I,5,96.14
2025-12-22,10:04:36.746529043,T,TGT,I,5,96.14
2025-12-22,10:04:36.746529043,T,TGT,I,63,96.14
2025-12-22,10:04:36.746532084,T,TGT,,118,96.14
2025-12-22,10:04:36.796730596,T,TGT,I,19,96.14
2025-12-22,10:04:36.799746763,T,TGT,I,34,96.14
2025-12-22,10:04:36.799746763,T,TGT,I,40,96.14
2025-12-22,10:04:38.165326944,T,TGT,F I,15,96.12
2025-12-22,10:04:38.165432180,T,TGT,I,24,96.15
2025-12-22,10:04:38.165456321,T,TGT,I,6,96.15
2025-12-22,10:04:40.235762449,T,TGT,I,34,96.16
2025-12-22,10:04:40.235765447,T,TGT,I,4,96.16
2025-12-22,10:04:41.627952972,T,TGT,F I,9,96.12
2025-12-22,10:04:44.954068775,T,TGT,I,38,96.16
2025-12-22,10:04:44.954068775,T,TGT,,183,96.16
2025-12-22,10:04:45.008218749,T,TGT,I,20,96.16
2025-12-22,10:04:45.058546640,T,TGT,I,20,96.16
2025-12-22,10:04:45.058712019,T,TGT,F I,65,96.17
2025-12-22,10:04:46.354953105,T,TGT,I,11,96.15
2025-12-22,10:04:46.354956089,T,TGT,I,40,96.15
2025-12-22,10:04:46.354956089,T,TGT,I,20,96.15
2025-12-22,10:04:46.356120070,T,TGT,F I,12,96.15
2025-12-22,10:04:46.356128920,T,TGT,F I,12,96.15
2025-12-22,10:04:46.356579911,T,TGT,F I,51,96.15
2025-12-22,10:04:46.357166682,T,TGT,F I,11,96.13
2025-12-22,10:04:46.357169338,T,TGT,F I,89,96.13
2025-12-22,10:04:46.357169338,T,TGT,F I,12,96.13
2025-12-22,10:04:46.386522297,T,TGT,F I,31,96.1
2025-12-22,10:04:46.386525326,T,TGT,F I,69,96.1
2025-12-22,10:04:46.386525326,T,TGT,F I,8,96.1
2025-12-22,10:04:46.386528268,T,TGT,F I,65,96.1
2025-12-22,10:04:46.386531248,T,TGT,F I,35,96.1
2025-12-22,10:04:46.446758756,T,TGT,I,12,96.15
2025-12-22,10:05:11.520467875,T,TGT,,100,96.145
2025-12-22,10:05:11.522061994,T,TGT,I,10,96.145
2025-12-22,10:05:11.522061994,T,TGT,I,28,96.145
2025-12-22,10:05:11.522109842,T,TGT,I,38,96.145
2025-12-22,10:05:11.522145902,T,TGT,I,34,96.145
2025-12-22,10:05:13.462674841,T,TGT,I,19,96.145
2025-12-22,10:05:15.640830025,T,TGT,F I,4,96.11
2025-12-22,10:05:18.936768758,T,TGT,F I,1,96.1
2025-12-22,10:05:19.832900702,T,TGT,F I,1,96.1
2025-12-22,10:05:21.078191443,T,TGT,F I,2,96.09
2025-12-22,10:05:21.078191443,T,TGT,F I,19,96.09
2025-12-22,10:05:21.240406768,T,TGT,I,36,96.11
2025-12-22,10:05:21.244249934,T,TGT,,100,96.12
2025-12-22,10:05:21.256176274,T,TGT,I,10,96.13
2025-12-22,10:05:21.256206396,T,TGT,F I,35,96.13
2025-12-22,10:05:21.256209397,T,TGT,F I,1,96.13
2025-12-22,10:05:21.261478001,T,TGT,F I,10,96.14
2025-12-22,10:05:21.261481072,T,TGT,F,100,96.14
2025-12-22,10:05:21.261484114,T,TGT,F I,10,96.14
2025-12-22,10:05:21.261498992,T,TGT,I,1,96.14
2025-12-22,10:05:21.261502187,T,TGT,F I,4,96.14
2025-12-22,10:05:21.261502187,T,TGT,F I,1,96.14
2025-12-22,10:05:21.261505070,T,TGT,I,50,96.14
2025-12-22,10:05:21.261508061,T,TGT,I,6,96.14
2025-12-22,10:05:21.261511104,T,TGT,I,5,96.14
2025-12-22,10:05:21.265682580,T,TGT,,115,96.16
2025-12-22,10:05:21.265682580,T,TGT,I,80,96.16
2025-12-22,10:05:21.265685059,T,TGT,I,5,96.15
2025-12-22,10:05:21.265724461,T,TGT,F I,10,96.15
2025-12-22,10:05:21.266024765,T,TGT,I,13,96.165
2025-12-22,10:05:21.605993728,T,TGT,F I,8,96.19
2025-12-22,10:05:21.606015355,T,TGT,F I,40,96.2
2025-12-22,10:05:21.606018402,T,TGT,F I,6,96.2
2025-12-22,10:05:21.606021550,T,TGT,F I,13,96.2
2025-12-22,10:05:21.606089903,T,TGT,F I,28,96.19
2025-12-22,10:05:21.607130410,T,TGT,F I,10,96.22
2025-12-22,10:05:23.272076775,T,TGT,,100,96.205
2025-12-22,10:05:33.268178616,T,TGT,F I,2,96.205
2025-12-22,10:05:33.268217670,T,TGT,F I,2,96.205
2025-12-22,10:05:33.268256797,T,TGT,I,17,96.205
2025-12-22,10:05:33.268563547,T,TGT,F I,2,96.205
2025-12-22,10:05:33.268620661,T,TGT,F I,2,96.205
2025-12-22,10:05:33.268704861,T,TGT,I,75,96.205
2025-12-22,10:05:33.268951500,T,TGT,F I,2,96.2
2025-12-22,10:05:33.269005657,T,TGT,,100,96.2
2025-12-22,10:05:37.769740710,T,TGT,I,60,96.19
2025-12-22,10:05:37.770113651,T,TGT,F,100,96.18
2025-12-22,10:05:37.770254955,T,TGT,F I,18,96.18
2025-12-22,10:05:37.770474507,T,TGT,F I,1,96.16
2025-12-22,10:05:37.770796209,T,TGT,I,13,96.17
2025-12-22,10:05:37.770799562,T,TGT,F I,12,96.13
2025-12-22,10:05:37.770799562,T,TGT,F I,40,96.13
2025-12-22,10:05:37.770802303,T,TGT,F I,1,96.13
2025-12-22,10:05:40.154734528,T,TGT,,100,96.18
2025-12-22,10:05:40.154737446,T,TGT,,100,96.18
2025-12-22,10:05:41.757168207,T,TGT,I,16,96.18
2025-12-22,10:05:41.757168207,T,TGT,I,16,96.18
2025-12-22,10:05:45.158871946,T,TGT,I,16,96.18
2025-12-22,10:05:45.158874866,T,TGT,,100,96.18
2025-12-22,10:05:45.158874866,T,TGT,I,84,96.18
2025-12-22,10:05:45.641942835,T,TGT,F,100,96.15
2025-12-22,10:05:45.641942835,T,TGT,F I,1,96.15
2025-12-22,10:05:45.641945657,T,TGT,F I,94,96.15
2025-12-22,10:05:45.641960802,T,TGT,I,1,96.15
2025-12-22,10:05:45.641964162,T,TGT,F I,4,96.15
2025-12-22,10:05:45.641964162,T,TGT,F,100,96.15
2025-12-22,10:05:45.641966857,T,TGT,F I,23,96.15
2025-12-22,10:05:45.642071964,T,TGT,I,13,96.17
2025-12-22,10:05:45.642078379,T,TGT,,100,96.17
2025-12-22,10:05:45.642078379,T,TGT,I,45,96.17
2025-12-22,10:05:45.642096606,T,TGT,I,39,96.16
2025-12-22,10:05:45.642096606,T,TGT,I,1,96.16
2025-12-22,10:05:45.651048406,T,TGT,I,27,96.15
2025-12-22,10:05:45.651048406,T,TGT,I,6,96.15
2025-12-22,10:05:45.773909129,T,TGT,I,94,96.15
2025-12-22,10:05:45.774853502,T,TGT,F I,50,96.15
2025-12-22,10:05:46.223591873,T,TGT,F,100,96.18
2025-12-22,10:05:46.223594638,T,TGT,F,100,96.18
2025-12-22,10:05:46.223594638,T,TGT,F I,1,96.18
2025-12-22,10:05:46.223780814,T,TGT,F I,10,96.19
2025-12-22,10:05:46.243270263,T,TGT,,100,96.2
2025-12-22,10:05:46.256288286,T,TGT,I,50,96.2
2025-12-22,10:05:46.256312287,T,TGT,F I,38,96.2
2025-12-22,10:05:46.256321345,T,TGT,I,12,96.2
2025-12-22,10:05:48.073547833,T,TGT,I,36,96.24
2025-12-22,10:05:48.073550578,T,TGT,I,28,96.25
2025-12-22,10:05:48.073550578,T,TGT,I,9,96.25
2025-12-22,10:06:04.675338976,T,TGT,,100,96.36
2025-12-22,10:06:04.936234524,T,TGT,,100,96.36
2025-12-22,10:06:12.743611101,T,TGT,F I,18,96.39
2025-12-22,10:06:12.743635174,T,TGT,F I,2,96.4
2025-12-22,10:06:12.743918058,T,TGT,F,100,96.41
2025-12-22,10:06:12.743965992,T,TGT,F I,4,96.41
2025-12-22,10:06:12.743984391,T,TGT,F I,96,96.41
2025-12-22,10:06:12.743987230,T,TGT,F I,27,96.41
2025-12-22,10:06:12.743987230,T,TGT,F I,69,96.41
2025-12-22,10:06:12.743993042,T,TGT,F I,31,96.41
2025-12-22,10:06:12.744296733,T,TGT,I,25,96.4
2025-12-22,10:06:30.632832482,T,TGT,I,10,96.39
2025-12-22,10:06:31.046531082,T,TGT,I,1,96.39
2025-12-22,10:06:32.519337671,T,TGT,I,7,96.39
2025-12-22,10:06:35.512416671,T,TGT,F I,5,96.35
2025-12-22,10:06:35.512419088,T,TGT,F I,12,96.35
2025-12-22,10:06:35.579301901,T,TGT,,100,96.34
2025-12-22,10:06:35.579301901,T,TGT,I,50,96.34
2025-12-22,10:06:38.368782786,T,TGT,,100,96.38
2025-12-22,10:06:55.958281179,T,TGT,F,100,96.33
2025-12-22,10:06:55.958281179,T,TGT,F I,17,96.33
2025-12-22,10:06:55.958281179,T,TGT,F I,6,96.33
2025-12-22,10:06:55.958283512,T,TGT,F I,80,96.33
2025-12-22,10:06:55.984878644,T,TGT,,105,96.3
2025-12-22,10:06:56.745949730,T,TGT,,100,96.34
2025-12-22,10:07:27.828973887,T,TGT,I,20,96.34
2025-12-22,10:07:30.171359177,T,TGT,I,19,96.3
2025-12-22,10:07:30.171359177,T,TGT,I,1,96.3
2025-12-22,10:07:30.172372616,T,TGT,I,34,96.29
2025-12-22,10:07:30.172372616,T,TGT,I,1,96.29
2025-12-22,10:07:31.077577023,T,TGT,I,1,96.28
2025-12-22,10:07:44.050265906,T,TGT,F I,9,96.26
2025-12-22,10:07:48.371990565,T,TGT,I,16,96.27
2025-12-22,10:07:48.372044808,T,TGT,I,9,96.27
2025-12-22,10:07:48.372044808,T,TGT,I,7,96.27
2025-12-22,10:07:48.372048432,T,TGT,I,6,96.27
2025-12-22,10:07:48.372050691,T,TGT,I,10,96.28
2025-12-22,10:07:48.372300287,T,TGT,I,6,96.28
2025-12-22,10:07:48.372372525,T,TGT,F I,2,96.28
2025-12-22,10:07:59.957991907,T,TGT,,100,96.3
2025-12-22,10:07:59.958975334,T,TGT,I,2,96.3
2025-12-22,10:08:07.290005032,T,TGT,I,30,96.305
2025-12-22,10:08:07.290973352,T,TGT,I,38,96.305
2025-12-22,10:08:17.016472345,T,TGT,F,100,96.27
2025-12-22,10:08:39.906806003,T,TGT,I,38,96.305
2025-12-22,10:08:39.906854105,T,TGT,I,38,96.305
2025-12-22,10:08:39.906887183,T,TGT,I,24,96.305
2025-12-22,10:08:39.907738291,T,TGT,,100,96.305
2025-12-22,10:08:43.177172046,T,TGT,I,97,96.26
2025-12-22,10:08:43.177187005,T,TGT,I,1,96.26
2025-12-22,10:08:43.177289965,T,TGT,,100,96.28
2025-12-22,10:08:43.177292303,T,TGT,I,6,96.29
2025-12-22,10:08:43.177343459,T,TGT,,106,96.28
2025-12-22,10:08:43.177530296,T,TGT,I,2,96.26
2025-12-22,10:08:43.177530296,T,TGT,,300,96.26
2025-12-22,10:08:43.177533001,T,TGT,I,10,96.26
2025-12-22,10:08:43.177533001,T,TGT,I,1,96.26
2025-12-22,10:08:43.177581015,T,TGT,,100,96.27
2025-12-22,10:08:43.177605055,T,TGT,I,94,96.265
2025-12-22,10:08:43.177875686,T,TGT,,100,96.28
2025-12-22,10:08:43.177923780,T,TGT,F I,28,96.28
2025-12-22,10:08:43.177929850,T,TGT,I,41,96.29
2025-12-22,10:08:43.177951097,T,TGT,F I,51,96.28
2025-12-22,10:08:43.177953937,T,TGT,I,21,96.29
2025-12-22,10:08:43.177962930,T,TGT,,100,96.29
2025-12-22,10:08:43.177965973,T,TGT,I,52,96.28
2025-12-22,10:08:43.178113334,T,TGT,I,41,96.29
2025-12-22,10:08:43.178164397,T,TGT,,100,96.28
2025-12-22,10:08:43.178164397,T,TGT,,100,96.28
2025-12-22,10:08:43.178943434,T,TGT,I,2,96.29
2025-12-22,10:08:43.178943434,T,TGT,I,5,96.3
2025-12-22,10:08:50.422434442,T,TGT,F,100,96.35
2025-12-22,10:08:50.422437488,T,TGT,F I,6,96.35
2025-12-22,10:08:50.422548941,T,TGT,F I,2,96.36
2025-12-22,10:08:50.422548941,T,TGT,F I,98,96.36
2025-12-22,10:08:50.422563832,T,TGT,F I,2,96.36
2025-12-22,10:08:50.422563832,T,TGT,F,100,96.36
2025-12-22,10:08:50.422750225,T,TGT,F,102,96.36
2025-12-22,10:08:50.422762347,T,TGT,F,298,96.36
2025-12-22,10:08:50.422762347,T,TGT,F,100,96.36
2025-12-22,10:08:50.422765238,T,TGT,F,100,96.36
2025-12-22,10:08:50.422768242,T,TGT,F I,2,96.36
2025-12-22,10:08:50.422903542,T,TGT,F,100,96.36
2025-12-22,10:08:50.423029819,T,TGT,,100,96.36
2025-12-22,10:08:50.423060440,T,TGT,I,16,96.36
2025-12-22,10:08:50.423065972,T,TGT,I,1,96.36
2025-12-22,10:08:50.423072620,T,TGT,I,83,96.36
2025-12-22,10:08:50.423074986,T,TGT,I,17,96.36
2025-12-22,10:08:50.423083962,T,TGT,I,26,96.36
2025-12-22,10:08:50.423083962,T,TGT,I,48,96.36
2025-12-22,10:08:50.423366632,T,TGT,F I,2,96.36
2025-12-22,10:08:50.423366632,T,TGT,F I,2,96.36
2025-12-22,10:08:50.423369697,T,TGT,F I,49,96.36
2025-12-22,10:08:50.423369697,T,TGT,F I,70,96.36
2025-12-22,10:08:50.423390655,T,TGT,F,100,96.35
2025-12-22,10:08:50.423393657,T,TGT,F,100,96.35
2025-12-22,10:08:50.423411742,T,TGT,I,1,96.35
2025-12-22,10:08:50.423465922,T,TGT,I,2,96.36
2025-12-22,10:08:50.423468899,T,TGT,,100,96.36
2025-12-22,10:08:50.423480902,T,TGT,,100,96.36
2025-12-22,10:08:50.423480902,T,TGT,I,2,96.36
2025-12-22,10:08:50.423489992,T,TGT,I,78,96.36
2025-12-22,10:08:50.425523332,T,TGT,I,15,96.36
2025-12-22,10:08:50.425523332,T,TGT,I,2,96.36
2025-12-22,10:08:50.425525797,T,TGT,I,5,96.36
2025-12-22,10:08:50.425619048,T,TGT,,100,96.36
2025-12-22,10:08:50.783832354,T,TGT,F,100,96.36
2025-12-22,10:08:51.123843451,T,TGT,I,1,96.335
2025-12-22,10:08:53.303922966,T,TGT,I,98,96.355
2025-12-22,10:08:54.205588491,T,TGT,I,9,96.36
2025-12-22,10:08:54.205621148,T,TGT,I,70,96.36
2025-12-22,10:08:54.323180174,T,TGT,I,30,96.375
2025-12-22,10:09:00.488512908,T,TGT,F I,39,96.36
2025-12-22,10:09:00.488512908,T,TGT,F I,2,96.36
2025-12-22,10:09:00.489045100,T,TGT,F I,10,96.35
2025-12-22,10:09:00.519597971,T,TGT,I,16,96.32
2025-12-22,10:09:00.520617376,T,TGT,I,1,96.31
2025-12-22,10:09:00.809780441,T,TGT,I,50,96.29
2025-12-22,10:09:00.809783876,T,TGT,I,1,96.28
2025-12-22,10:09:00.809786506,T,TGT,,100,96.28
2025-12-22,10:09:00.809789277,T,TGT,I,50,96.28
2025-12-22,10:09:00.809789277,T,TGT,I,19,96.28
2025-12-22,10:09:00.809801235,T,TGT,I,1,96.28
2025-12-22,10:09:00.810065914,T,TGT,I,30,96.28
2025-12-22,10:09:00.810550104,T,TGT,F,100,96.3
2025-12-22,10:09:00.810550104,T,TGT,F I,40,96.3
2025-12-22,10:09:00.810784598,T,TGT,I,40,96.29
2025-12-22,10:09:00.810787627,T,TGT,I,14,96.28
2025-12-22,10:09:00.810827522,T,TGT,I,26,96.28
2025-12-22,10:09:00.810827522,T,TGT,I,40,96.28
2025-12-22,10:09:00.810829843,T,TGT,I,38,96.28
2025-12-22,10:09:00.810832798,T,TGT,I,2,96.29
2025-12-22,10:09:00.813635363,T,TGT,F I,18,96.31
2025-12-22,10:09:00.813638404,T,TGT,F I,36,96.31
2025-12-22,10:09:00.813638404,T,TGT,F I,80,96.31
2025-12-22,10:09:15.149976950,T,TGT,F I,38,96.37
2025-12-22,10:09:15.150175325,T,TGT,F I,38,96.37
2025-12-22,10:09:15.150211434,T,TGT,F I,24,96.37
2025-12-22,10:09:30.284443930,T,TGT,I,4,96.375
2025-12-22,10:09:35.097806786,T,TGT,F I,96,96.375
2025-12-22,10:09:35.097806786,T,TGT,F I,3,96.38
2025-12-22,10:09:35.097809766,T,TGT,F I,58,96.4
2025-12-22,10:09:35.098453200,T,TGT,F I,96,96.4
2025-12-22,10:09:35.098747898,T,TGT,F I,47,96.39
2025-12-22,10:09:35.098751844,T,TGT,F I,18,96.39
2025-12-22,10:09:35.098751844,T,TGT,F I,36,96.39
2025-12-22,10:09:35.098753961,T,TGT,F I,24,96.39
2025-12-22,10:09:35.098757033,T,TGT,F,100,96.39
2025-12-22,10:09:35.098762953,T,TGT,F I,21,96.38
2025-12-22,10:09:35.098958552,T,TGT,I,1,96.39
2025-12-22,10:09:41.119559266,T,TGT,I,1,96.375
2025-12-22,10:09:49.413028810,T,TGT,F,100,96.35
2025-12-22,10:09:49.413028810,T,TGT,F,100,96.35
2025-12-22,10:09:50.144500367,T,TGT,,100,96.33
2025-12-22,10:09:50.144515503,T,TGT,F I,6,96.33
2025-12-22,10:09:50.144518449,T,TGT,F I,40,96.33
2025-12-22,10:09:50.144605576,T,TGT,F I,2,96.325
2025-12-22,10:09:50.144662782,T,TGT,F I,2,96.325
2025-12-22,10:09:50.144668709,T,TGT,F I,2,96.325
2025-12-22,10:09:50.144822070,T,TGT,F I,2,96.325
2025-12-22,10:09:54.811697191,T,TGT,F I,33,96.31
2025-12-22,10:09:54.811700218,T,TGT,F I,16,96.31
2025-12-22,10:09:54.811700218,T,TGT,F I,51,96.3
2025-12-22,10:09:54.812442727,T,TGT,F,351,96.3
2025-12-22,10:09:54.812467178,T,TGT,I,1,96.3
2025-12-22,10:09:54.812467178,T,TGT,F I,97,96.3
2025-12-22,10:09:54.812469827,T,TGT,F I,81,96.3
2025-12-22,10:09:54.814319272,T,TGT,F I,11,96.29
2025-12-22,10:09:54.820679346,T,TGT,F I,16,96.28
2025-12-22,10:09:55.422794811,T,TGT,F I,5,96.26
2025-12-22,10:09:55.422828043,T,TGT,I,10,96.26
2025-12-22,10:09:55.422828043,T,TGT,I,3,96.26
2025-12-22,10:10:00.363698356,T,TGT,I,10,96.29
2025-12-22,10:10:01.123280217,T,TGT,I,1,96.32
2025-12-22,10:10:13.908992966,T,TGT,F I,30,96.34
2025-12-22,10:10:13.908992966,T,TGT,F I,8,96.34
2025-12-22,10:10:13.909040690,T,TGT,F I,17,96.34
2025-12-22,10:10:13.909130918,T,TGT,F I,10,96.35
2025-12-22,10:10:13.909133887,T,TGT,F I,2,96.35
2025-12-22,10:10:13.909563971,T,TGT,F I,38,96.36
2025-12-22,10:10:13.909600069,T,TGT,,100,96.35
2025-12-22,10:10:13.909603468,T,TGT,I,29,96.35
2025-12-22,10:10:13.914691747,T,TGT,F I,38,96.36
2025-12-22,10:10:13.914697116,T,TGT,F I,24,96.36
2025-12-22,10:10:14.132190400,T,TGT,,100,96.39
2025-12-22,10:10:14.132319643,T,TGT,F,100,96.4
2025-12-22,10:10:16.742038785,T,TGT,I,27,96.42
2025-12-22,10:10:16.743184549,T,TGT,I,40,96.45
2025-12-22,10:10:16.743184549,T,TGT,I,20,96.45
2025-12-22,10:10:16.879748895,T,TGT,I,14,96.48
2025-12-22,10:10:18.066685508,T,TGT,F I,34,96.49
2025-12-22,10:10:18.379656027,T,TGT,F I,52,96.5
2025-12-22,10:10:18.379662156,T,TGT,F,100,96.5
2025-12-22,10:10:18.379662156,T,TGT,F,200,96.5
2025-12-22,10:10:18.380022888,T,TGT,I,36,96.5
2025-12-22,10:10:19.043908587,T,TGT,F I,1,96.55
2025-12-22,10:10:19.043908587,T,TGT,F I,1,96.55
2025-12-22,10:10:21.117931455,T,TGT,F I,1,96.58
2025-12-22,10:10:22.159029753,T,TGT,F I,1,96.6
2025-12-22,10:10:31.129171395,T,TGT,I,1,96.6
2025-12-22,10:10:33.072021762,T,TGT,F I,16,96.58
2025-12-22,10:10:35.599137095,T,TGT,F I,20,96.59
2025-12-22,10:10:36.271211218,T,TGT,I,80,96.59
2025-12-22,10:10:36.271947940,T,TGT,F I,4,96.6
2025-12-22,10:10:48.713568590,T,TGT,,100,96.59
2025-12-22,10:10:48.713638344,T,TGT,F,400,96.6
2025-12-22,10:10:48.713638344,T,TGT,F I,10,96.6
2025-12-22,10:10:48.713640763,T,TGT,F I,52,96.6
2025-12-22,10:10:48.714807533,T,TGT,F I,34,96.59
2025-12-22,10:10:48.714807533,T,TGT,F I,45,96.59
2025-12-22,10:10:48.714810544,T,TGT,F I,80,96.59
2025-12-22,10:10:48.714814237,T,TGT,F I,8,96.59
2025-12-22,10:10:48.714814237,T,TGT,F I,33,96.58
2025-12-22,10:10:48.714849614,T,TGT,I,67,96.58
2025-12-22,10:10:48.714849614,T,TGT,I,23,96.58
2025-12-22,10:10:48.714933840,T,TGT,F I,12,96.57
2025-12-22,10:10:48.714933840,T,TGT,F I,25,96.57
2025-12-22,10:10:48.715235065,T,TGT,I,12,96.59
2025-12-22,10:10:48.715235065,T,TGT,I,63,96.59
2025-12-22,10:10:48.715238458,T,TGT,I,31,96.59
2025-12-22,10:10:48.715238458,T,TGT,I,12,96.59
2025-12-22,10:10:48.715294707,T,TGT,,100,96.59
2025-12-22,10:10:48.715324770,T,TGT,,100,96.59
2025-12-22,10:10:48.715466608,T,TGT,F I,32,96.59
2025-12-22,10:10:48.715466608,T,TGT,F I,21,96.59
2025-12-22,10:10:48.715469527,T,TGT,F I,12,96.59
2025-12-22,10:10:48.715469527,T,TGT,F I,35,96.59
2025-12-22,10:10:48.715472191,T,TGT,F I,88,96.59
2025-12-22,10:10:48.715679716,T,TGT,F,100,96.58
2025-12-22,10:10:48.715682603,T,TGT,F I,90,96.58
2025-12-22,10:10:48.716034533,T,TGT,F I,1,96.58
2025-12-22,10:10:51.131340440,T,TGT,I,1,96.58
2025-12-22,10:10:55.417376079,T,TGT,F I,35,96.56
2025-12-22,10:10:55.417376079,T,TGT,F I,3,96.56
2025-12-22,10:10:55.417391080,T,TGT,I,14,96.56
2025-12-22,10:10:57.482939885,T,TGT,I,34,96.57
2025-12-22,10:10:57.482954881,T,TGT,I,27,96.56
2025-12-22,10:10:57.483424023,T,TGT,I,34,96.58
2025-12-22,10:10:57.483427014,T,TGT,I,27,96.58
2025-12-22,10:11:04.028579469,T,TGT,F I,35,96.57
2025-12-22,10:11:04.028579469,T,TGT,F I,3,96.57
2025-12-22,10:11:14.762182213,T,TGT,I,20,96.575
2025-12-22,10:11:17.882301305,T,TGT,F I,33,96.62
2025-12-22,10:11:17.882301305,T,TGT,F I,1,96.62
2025-12-22,10:11:17.882304253,T,TGT,F I,1,96.62
2025-12-22,10:11:17.882349321,T,TGT,F I,26,96.62
2025-12-22,10:11:17.882532708,T,TGT,F I,6,96.63
2025-12-22,10:11:17.882598877,T,TGT,F,100,96.64
2025-12-22,10:11:17.882641249,T,TGT,I,37,96.63
2025-12-22,10:11:17.883101128,T,TGT,I,37,96.64
2025-12-22,10:11:17.939151575,T,TGT,F I,12,96.62
2025-12-22,10:11:17.939214755,T,TGT,,100,96.62
