DATE,TIME_M,EX,SYM_ROOT,TR_SCOND,SIZE,PRICE
2025-12-15,9:30:01.595178432,T,TGT,F I,1,97.4
2025-12-15,9:30:01.595181498,T,TGT,F I,50,97.4
2025-12-15,9:30:01.595184445,T,TGT,F I,1,97.4
2025-12-15,9:30:01.595202875,T,TGT,Q,1,97.4
2025-12-15,9:30:05.675232646,T,TGT,I,2,97.35
2025-12-15,9:30:09.325608269,T,TGT,F I,95,97.31
2025-12-15,9:30:09.325611229,T,TGT,F,100,97.3
2025-12-15,9:30:09.325614252,T,TGT,F,100,97.3
2025-12-15,9:30:09.325614252,T,TGT,F I,10,97.3
2025-12-15,9:30:09.325692422,T,TGT,,100,97.33
2025-12-15,9:30:15.074506407,T,TGT,I,10,97.335
2025-12-15,9:30:15.074506407,T,TGT,I,10,97.335
2025-12-15,9:30:15.075063294,T,TGT,,100,97.41
2025-12-15,9:30:15.075063294,T,TGT,,100,97.41
2025-12-15,9:30:15.075069586,T,TGT,I,50,97.41
2025-12-15,9:30:15.075069586,T,TGT,,100,97.41
2025-12-15,9:30:15.075069586,T,TGT,,100,97.41
2025-12-15,9:30:15.075754288,T,TGT,,100,97.46
2025-12-15,9:30:15.076897052,T,TGT,I,31,97.47
2025-12-15,9:30:15.076942166,T,TGT,F I,7,97.47
2025-12-15,9:30:15.083269236,T,TGT,F I,20,97.57
2025-12-15,9:30:15.085211780,T,TGT,I,15,97.6
2025-12-15,9:30:15.085211780,T,TGT,I,11,97.6
2025-12-15,9:30:15.086282411,T,TGT,F I,61,97.62
2025-12-15,9:30:15.086327618,T,TGT,I,39,97.62
2025-12-15,9:30:15.086327618,T,TGT,I,11,97.63
2025-12-15,9:30:15.086760522,T,TGT,,100,97.555
2025-12-15,9:30:15.086784535,T,TGT,I,50,97.555
2025-12-15,9:30:15.086787618,T,TGT,I,50,97.61
2025-12-15,9:30:15.086844895,T,TGT,I,1,97.58
2025-12-15,9:30:15.086844895,T,TGT,I,50,97.58
2025-12-15,9:30:15.122332330,T,TGT,F I,62,97.6
2025-12-15,9:30:15.126334831,T,TGT,I,50,97.61
2025-12-15,9:30:15.126334831,T,TGT,I,11,97.61
2025-12-15,9:30:15.126337956,T,TGT,I,1,97.61
2025-12-15,9:30:15.127444493,T,TGT,F I,39,97.63
2025-12-15,9:30:15.127468453,T,TGT,F I,50,97.64
2025-12-15,9:30:15.127471498,T,TGT,F I,11,97.64
2025-12-15,9:30:15.128090984,T,TGT,F I,50,97.62
2025-12-15,9:30:15.269620124,T,TGT,I,50,97.59
2025-12-15,9:30:15.601632171,T,TGT,I,16,97.5
2025-12-15,9:30:15.606816478,T,TGT,I,11,97.61
2025-12-15,9:30:15.607252475,T,TGT,F I,39,97.53
2025-12-15,9:30:15.650158908,T,TGT,I,11,97.62
2025-12-15,9:30:15.650158908,T,TGT,I,21,97.62
2025-12-15,9:30:16.055918412,T,TGT,F I,15,97.63
2025-12-15,9:30:18.301704701,T,TGT,I,2,97.52
2025-12-15,9:30:24.765616637,T,TGT,I,6,97.58
2025-12-15,9:30:24.765619251,T,TGT,I,14,97.67
2025-12-15,9:30:24.766882268,T,TGT,I,1,97.67
2025-12-15,9:30:24.773419892,T,TGT,F I,5,97.67
2025-12-15,9:30:24.792133465,T,TGT,F,206,97.7
2025-12-15,9:30:24.792194241,T,TGT,,100,97.67
2025-12-15,9:30:24.808008399,T,TGT,F I,1,97.71
2025-12-15,9:30:24.808008399,T,TGT,F,100,97.71
2025-12-15,9:30:24.859821755,T,TGT,I,3,97.56
2025-12-15,9:30:31.291252982,T,TGT,F I,7,97.62
2025-12-15,9:30:31.291944677,T,TGT,I,3,97.76
2025-12-15,9:30:31.291947605,T,TGT,I,60,97.78
2025-12-15,9:30:31.291947605,T,TGT,I,8,97.78
2025-12-15,9:30:31.291969599,T,TGT,I,1,97.78
2025-12-15,9:30:31.291986742,T,TGT,F I,2,97.78
2025-12-15,9:30:31.292386671,T,TGT,F I,20,97.74
2025-12-15,9:31:00.879496589,T,TGT,F I,12,97.74
2025-12-15,9:31:00.879499935,T,TGT,F I,27,97.75
2025-12-15,9:31:00.879499935,T,TGT,F I,12,97.76
2025-12-15,9:31:00.879502595,T,TGT,F I,10,97.79
2025-12-15,9:31:00.895154955,T,TGT,I,2,97.63
2025-12-15,9:31:06.295399244,T,TGT,I,1,97.57
2025-12-15,9:31:06.295402199,T,TGT,,100,97.57
2025-12-15,9:31:06.295678872,T,TGT,F I,66,97.56
2025-12-15,9:31:06.295678872,T,TGT,F I,96,97.56
2025-12-15,9:31:06.330706380,T,TGT,F I,21,97.62
2025-12-15,9:31:19.198801140,T,TGT,F I,2,97.67
2025-12-15,9:31:23.862946102,T,TGT,F I,17,97.75
2025-12-15,9:31:30.386101937,T,TGT,F,100,97.79
2025-12-15,9:31:30.386101937,T,TGT,F I,52,97.8
2025-12-15,9:31:30.386126002,T,TGT,I,35,97.8
2025-12-15,9:31:30.386129134,T,TGT,I,15,97.8
2025-12-15,9:31:30.386129134,T,TGT,I,50,97.8
2025-12-15,9:31:30.398774246,T,TGT,,100,97.795
2025-12-15,9:31:30.398774246,T,TGT,I,21,97.74
2025-12-15,9:31:30.398789258,T,TGT,F I,79,97.74
2025-12-15,9:31:30.398789258,T,TGT,F I,21,97.74
2025-12-15,9:31:39.585922547,T,TGT,,300,97.54
2025-12-15,9:31:39.586855251,T,TGT,F I,19,97.56
2025-12-15,9:31:39.586857898,T,TGT,F I,50,97.56
2025-12-15,9:31:39.586861459,T,TGT,F,100,97.57
2025-12-15,9:31:39.586861459,T,TGT,F I,50,97.57
2025-12-15,9:31:39.586866816,T,TGT,F I,38,97.57
2025-12-15,9:31:39.586938961,T,TGT,,100,97.56
2025-12-15,9:31:39.586938961,T,TGT,,100,97.56
2025-12-15,9:31:39.587227622,T,TGT,F I,15,97.61
2025-12-15,9:31:39.587233645,T,TGT,F I,2,97.55
2025-12-15,9:31:39.587278920,T,TGT,I,11,97.55
2025-12-15,9:31:39.587290820,T,TGT,F I,11,97.57
2025-12-15,9:31:39.587308891,T,TGT,I,2,97.57
2025-12-15,9:31:39.587315089,T,TGT,F I,7,97.57
2025-12-15,9:31:39.587526250,T,TGT,I,11,97.54
2025-12-15,9:31:39.587609614,T,TGT,F,100,97.59
2025-12-15,9:31:39.587700324,T,TGT,F,100,97.59
2025-12-15,9:31:39.587700324,T,TGT,F I,11,97.59
2025-12-15,9:31:39.587871187,T,TGT,F I,11,97.55
2025-12-15,9:31:39.587874273,T,TGT,F I,1,97.55
2025-12-15,9:31:39.587925433,T,TGT,F I,11,97.56
2025-12-15,9:31:39.588024710,T,TGT,F I,4,97.56
2025-12-15,9:31:39.588042596,T,TGT,F I,7,97.56
2025-12-15,9:31:39.588045706,T,TGT,F I,11,97.56
2025-12-15,9:31:39.588078662,T,TGT,F I,16,97.56
2025-12-15,9:31:39.588078662,T,TGT,F I,4,97.56
2025-12-15,9:31:39.588090772,T,TGT,F I,19,97.56
2025-12-15,9:31:39.588099723,T,TGT,F I,4,97.56
2025-12-15,9:31:39.595563584,T,TGT,F I,45,97.62
2025-12-15,9:31:39.595566571,T,TGT,F I,55,97.62
2025-12-15,9:31:39.595569537,T,TGT,F I,11,97.62
2025-12-15,9:31:39.595683846,T,TGT,I,5,97.59
2025-12-15,9:31:39.595855216,T,TGT,F I,1,97.62
2025-12-15,9:31:39.595855216,T,TGT,F I,11,97.62
2025-12-15,9:31:39.595927357,T,TGT,F I,11,97.62
2025-12-15,9:31:39.595969484,T,TGT,F I,89,97.62
2025-12-15,9:31:49.050998945,T,TGT,I,50,97.52
2025-12-15,9:31:49.050998945,T,TGT,F I,50,97.52
2025-12-15,9:31:55.636847912,T,TGT,I,4,97.43
2025-12-15,9:31:56.144959435,T,TGT,I,4,97.43
2025-12-15,9:31:56.678583721,T,TGT,I,4,97.43
2025-12-15,9:31:56.678722052,T,TGT,I,22,97.43
2025-12-15,9:31:58.183128095,T,TGT,I,4,97.42
2025-12-15,9:31:58.458001302,T,TGT,I,4,97.41
2025-12-15,9:32:00.835991316,T,TGT,I,14,97.525
2025-12-15,9:32:05.523486760,T,TGT,I,77,97.39
2025-12-15,9:32:05.523489667,T,TGT,,251,97.38
2025-12-15,9:32:05.523556487,T,TGT,F,200,97.36
2025-12-15,9:32:05.523559605,T,TGT,F,100,97.36
2025-12-15,9:32:05.523561896,T,TGT,F I,28,97.36
2025-12-15,9:32:05.523601301,T,TGT,,100,97.41
2025-12-15,9:32:05.524106130,T,TGT,F I,1,97.4
2025-12-15,9:32:05.524109173,T,TGT,F,100,97.4
2025-12-15,9:32:05.524115205,T,TGT,I,10,97.41
2025-12-15,9:32:05.524115205,T,TGT,I,26,97.41
2025-12-15,9:32:05.524379839,T,TGT,F I,11,97.39
2025-12-15,9:32:05.524403930,T,TGT,I,26,97.4
2025-12-15,9:32:05.524789569,T,TGT,F I,11,97.38
2025-12-15,9:32:05.539283381,T,TGT,F I,11,97.43
2025-12-15,9:32:05.559558277,T,TGT,F I,27,97.43
2025-12-15,9:32:05.570284180,T,TGT,F I,27,97.43
2025-12-15,9:32:05.582379053,T,TGT,F I,27,97.43
2025-12-15,9:32:05.592137218,T,TGT,F I,27,97.43
2025-12-15,9:32:05.604974830,T,TGT,F I,27,97.43
2025-12-15,9:32:05.615241278,T,TGT,F I,27,97.43
2025-12-15,9:32:08.343193390,T,TGT,I,7,97.39
2025-12-15,9:32:08.741786947,T,TGT,I,3,97.35
2025-12-15,9:32:08.817176560,T,TGT,I,1,97.35
2025-12-15,9:32:08.871582162,T,TGT,I,1,97.35
2025-12-15,9:32:08.871711404,T,TGT,,195,97.35
2025-12-15,9:32:08.903340788,T,TGT,I,1,97.34
2025-12-15,9:32:08.903524242,T,TGT,F I,18,97.33
2025-12-15,9:32:08.904955595,T,TGT,I,1,97.32
2025-12-15,9:32:08.904958616,T,TGT,I,2,97.31
2025-12-15,9:32:38.986266131,T,TGT,,100,97.19
2025-12-15,9:32:38.986266131,T,TGT,I,37,97.19
2025-12-15,9:32:39.027226687,T,TGT,F I,25,97.13
2025-12-15,9:32:39.027229654,T,TGT,F I,1,97.13
2025-12-15,9:32:39.027233312,T,TGT,F I,1,97.13
2025-12-15,9:32:39.027233312,T,TGT,F I,1,97.13
2025-12-15,9:32:39.027236265,T,TGT,F I,6,97.13
2025-12-15,9:32:39.027236265,T,TGT,F I,2,97.13
2025-12-15,9:32:39.027238758,T,TGT,F I,25,97.13
2025-12-15,9:32:39.027689870,T,TGT,F I,27,97.11
2025-12-15,9:32:39.027692804,T,TGT,F I,21,97.11
2025-12-15,9:32:39.042370805,T,TGT,I,1,97.12
2025-12-15,9:32:43.071264555,T,TGT,F I,1,97.09
2025-12-15,9:32:43.071264555,T,TGT,F I,1,97.09
2025-12-15,9:32:43.071267320,T,TGT,F I,10,97.09
2025-12-15,9:32:43.071270245,T,TGT,F,300,97.09
2025-12-15,9:32:43.071273182,T,TGT,F I,37,97.09
2025-12-15,9:32:43.071994987,T,TGT,F I,10,97.05
2025-12-15,9:32:43.072518521,T,TGT,F I,25,97.0
2025-12-15,9:32:43.072521458,T,TGT,F I,12,97.0
2025-12-15,9:32:43.072521458,T,TGT,F I,4,97.0
2025-12-15,9:32:43.072524499,T,TGT,F I,1,97.0
2025-12-15,9:32:43.072524499,T,TGT,F I,50,97.0
2025-12-15,9:32:43.072527458,T,TGT,F I,2,97.0
2025-12-15,9:32:43.072527458,T,TGT,F I,10,97.0
2025-12-15,9:32:43.072545383,T,TGT,F I,55,97.0
2025-12-15,9:32:43.072545383,T,TGT,F,100,97.0
2025-12-15,9:32:43.106210471,T,TGT,F I,10,97.0
2025-12-15,9:32:43.106225521,T,TGT,I,49,96.995
2025-12-15,9:32:43.106246590,T,TGT,F,251,97.0
2025-12-15,9:32:43.108598190,T,TGT,F I,50,97.03
2025-12-15,9:32:44.277642248,T,TGT,,100,97.125
2025-12-15,9:33:08.417231910,T,TGT,I,53,97.27
2025-12-15,9:33:08.417249915,T,TGT,F I,47,97.27
2025-12-15,9:33:08.417253245,T,TGT,F I,1,97.27
2025-12-15,9:33:08.418227286,T,TGT,I,80,97.27
2025-12-15,9:33:08.748107223,T,TGT,F I,1,97.2
2025-12-15,9:33:08.756975323,T,TGT,F I,2,97.21
2025-12-15,9:33:12.609919436,T,TGT,,100,97.185
2025-12-15,9:33:22.479985795,T,TGT,,100,97.185
2025-12-15,9:33:22.480012863,T,TGT,I,50,97.185
2025-12-15,9:33:24.858168554,T,TGT,F I,2,97.11
2025-12-15,9:33:25.274712000,T,TGT,,100,97.17
2025-12-15,9:33:34.017109894,T,TGT,F I,41,97.27
2025-12-15,9:33:34.017124977,T,TGT,F I,59,97.27
2025-12-15,9:33:34.017176020,T,TGT,F I,80,97.29
2025-12-15,9:33:34.017299675,T,TGT,F I,50,97.29
2025-12-15,9:33:34.017536962,T,TGT,F I,50,97.29
2025-12-15,9:33:34.017545996,T,TGT,F I,24,97.29
2025-12-15,9:33:34.017558001,T,TGT,F I,56,97.29
2025-12-15,9:33:34.018063162,T,TGT,F I,79,97.27
2025-12-15,9:33:34.018087249,T,TGT,I,1,97.27
2025-12-15,9:33:34.052934267,T,TGT,F,100,97.27
2025-12-15,9:33:34.052943230,T,TGT,F I,38,97.27
2025-12-15,9:33:34.052949236,T,TGT,I,1,97.27
2025-12-15,9:33:34.052958290,T,TGT,I,1,97.27
2025-12-15,9:33:36.794791306,T,TGT,,120,97.29
2025-12-15,9:33:36.858357007,T,TGT,F I,50,97.28
2025-12-15,9:33:36.858410955,T,TGT,F I,50,97.28
2025-12-15,9:33:48.180895452,T,TGT,I,1,97.32
2025-12-15,9:34:10.742806734,T,TGT,I,50,97.27
2025-12-15,9:34:10.742806734,T,TGT,I,21,97.27
2025-12-15,9:34:10.742827623,T,TGT,F I,79,97.27
2025-12-15,9:34:10.742827623,T,TGT,F,300,97.27
2025-12-15,9:34:10.742833617,T,TGT,F I,2,97.27
2025-12-15,9:34:10.748399909,T,TGT,I,18,97.26
2025-12-15,9:34:12.046253819,T,TGT,,282,97.26
2025-12-15,9:34:12.046256057,T,TGT,I,2,97.22
2025-12-15,9:34:12.046258929,T,TGT,I,95,97.22
2025-12-15,9:34:12.046270996,T,TGT,I,1,97.22
2025-12-15,9:34:12.046319129,T,TGT,,204,97.22
2025-12-15,9:34:12.046319129,T,TGT,I,89,97.22
2025-12-15,9:34:12.046367232,T,TGT,F I,11,97.22
2025-12-15,9:34:12.046370171,T,TGT,F,100,97.22
2025-12-15,9:34:40.738921083,T,TGT,I,5,97.11
2025-12-15,9:34:40.738924674,T,TGT,,100,97.11
2025-12-15,9:34:40.738924674,T,TGT,,100,97.11
2025-12-15,9:34:40.738927076,T,TGT,I,2,97.11
2025-12-15,9:34:40.739005305,T,TGT,F I,1,97.11
2025-12-15,9:34:40.739221969,T,TGT,F I,39,97.09
2025-12-15,9:34:40.740196164,T,TGT,F I,50,97.11
2025-12-15,9:34:40.740241331,T,TGT,F I,50,97.11
2025-12-15,9:34:40.740283412,T,TGT,F I,50,97.11
2025-12-15,9:34:40.740316465,T,TGT,F I,16,97.11
2025-12-15,9:34:40.740325955,T,TGT,F I,32,97.11
2025-12-15,9:34:40.740325955,T,TGT,F I,18,97.12
2025-12-15,9:34:40.740328728,T,TGT,F I,29,97.12
2025-12-15,9:34:40.740331512,T,TGT,F I,37,97.12
2025-12-15,9:34:40.740337438,T,TGT,F I,16,97.12
2025-12-15,9:34:40.748772591,T,TGT,F I,20,97.14
2025-12-15,9:34:44.247553983,T,TGT,F I,1,97.19
2025-12-15,9:34:49.853954552,T,TGT,,100,97.19
2025-12-15,9:34:49.879780099,T,TGT,F I,2,97.2
2025-12-15,9:34:50.415846129,T,TGT,I,88,97.17
2025-12-15,9:34:50.415876289,T,TGT,F I,12,97.17
2025-12-15,9:34:50.415921866,T,TGT,F I,50,97.16
2025-12-15,9:34:50.415924744,T,TGT,F I,38,97.16
2025-12-15,9:34:50.434352220,T,TGT,F I,11,97.18
2025-12-15,9:34:50.434352220,T,TGT,F I,21,97.2
2025-12-15,9:34:50.460680003,T,TGT,F I,1,97.2
2025-12-15,9:34:50.466195136,T,TGT,I,11,97.16
2025-12-15,9:34:50.483450252,T,TGT,F I,1,97.18
2025-12-15,9:34:50.845073745,T,TGT,I,10,97.18
2025-12-15,9:34:50.845257162,T,TGT,F I,75,97.2
2025-12-15,9:34:50.860353242,T,TGT,I,2,97.25
2025-12-15,9:34:50.860356345,T,TGT,I,2,97.25
2025-12-15,9:34:50.860374230,T,TGT,F I,11,97.25
2025-12-15,9:35:00.162338871,T,TGT,F I,60,97.34
2025-12-15,9:35:00.162835068,T,TGT,F,100,97.35
2025-12-15,9:35:00.229657234,T,TGT,F I,76,97.38
2025-12-15,9:35:00.268750449,T,TGT,F I,4,97.38
2025-12-15,9:35:01.099615005,T,TGT,I,5,97.35
2025-12-15,9:35:01.543090654,T,TGT,F I,20,97.38
2025-12-15,9:35:01.543090654,T,TGT,F I,25,97.38
2025-12-15,9:35:01.543094383,T,TGT,F I,20,97.39
2025-12-15,9:35:01.543094383,T,TGT,F,120,97.39
2025-12-15,9:35:01.543099590,T,TGT,F I,55,97.39
2025-12-15,9:35:01.543099590,T,TGT,F I,45,97.39
2025-12-15,9:35:01.543099590,T,TGT,F I,25,97.39
2025-12-15,9:35:01.555302720,T,TGT,I,15,97.39
2025-12-15,9:35:01.555332619,T,TGT,I,2,97.39
2025-12-15,9:35:01.574593551,T,TGT,F I,71,97.42
2025-12-15,9:35:01.584261546,T,TGT,F I,4,97.42
2025-12-15,9:35:01.610823854,T,TGT,I,12,97.33
2025-12-15,9:35:01.610823854,T,TGT,I,36,97.33
2025-12-15,9:35:06.163844829,T,TGT,,100,97.29
2025-12-15,9:35:06.163847876,T,TGT,I,23,97.29
2025-12-15,9:35:06.163847876,T,TGT,I,14,97.29
2025-12-15,9:35:06.164434415,T,TGT,,150,97.28
2025-12-15,9:35:06.164467324,T,TGT,F I,4,97.28
2025-12-15,9:35:06.164608681,T,TGT,I,18,97.25
2025-12-15,9:35:06.164638716,T,TGT,I,1,97.25
2025-12-15,9:35:17.597973361,T,TGT,I,11,97.34
2025-12-15,9:35:23.423367820,T,TGT,F,100,97.28
2025-12-15,9:35:23.435552901,T,TGT,I,81,97.25
2025-12-15,9:35:24.467106788,T,TGT,,200,97.24
2025-12-15,9:35:24.636710460,T,TGT,I,56,97.22
2025-12-15,9:35:24.645581627,T,TGT,I,10,97.22
2025-12-15,9:35:26.995175292,T,TGT,I,12,97.16
2025-12-15,9:35:31.886748820,T,TGT,I,6,97.165
2025-12-15,9:35:34.746998670,T,TGT,,100,97.12
2025-12-15,9:35:34.747001168,T,TGT,I,16,97.12
2025-12-15,9:35:34.747001168,T,TGT,I,67,97.12
2025-12-15,9:35:34.747004269,T,TGT,I,49,97.12
2025-12-15,9:35:34.747004269,T,TGT,I,10,97.12
2025-12-15,9:35:34.747428180,T,TGT,F I,25,97.14
2025-12-15,9:35:34.748964873,T,TGT,I,24,97.14
2025-12-15,9:35:34.749009919,T,TGT,F I,10,97.14
2025-12-15,9:35:34.749033965,T,TGT,I,28,97.12
2025-12-15,9:35:34.749064076,T,TGT,F I,2,97.14
2025-12-15,9:35:34.749079145,T,TGT,F I,23,97.14
2025-12-15,9:35:34.749370789,T,TGT,F I,28,97.14
2025-12-15,9:35:34.749373835,T,TGT,F I,8,97.14
2025-12-15,9:35:34.749503064,T,TGT,F I,28,97.14
2025-12-15,9:35:34.749515482,T,TGT,F I,64,97.14
2025-12-15,9:35:34.749563213,T,TGT,I,30,97.12
2025-12-15,9:35:34.749611386,T,TGT,F I,11,97.12
2025-12-15,9:35:36.248887159,T,TGT,F I,30,97.14
2025-12-15,9:35:36.249040532,T,TGT,F I,50,97.15
2025-12-15,9:35:41.689304184,T,TGT,F I,50,97.11
2025-12-15,9:35:41.689406453,T,TGT,F I,50,97.11
2025-12-15,9:35:41.689467433,T,TGT,F I,50,97.11
2025-12-15,9:35:41.689535828,T,TGT,F I,50,97.11
2025-12-15,9:35:41.689610974,T,TGT,F I,50,97.11
2025-12-15,9:35:41.689695229,T,TGT,F I,50,97.11
2025-12-15,9:35:53.957322452,T,TGT,F I,23,97.16
2025-12-15,9:35:57.364782800,T,TGT,F,100,97.14
2025-12-15,9:35:57.364782800,T,TGT,F I,50,97.14
2025-12-15,9:35:57.364785393,T,TGT,F I,75,97.14
2025-12-15,9:35:57.364785393,T,TGT,F I,14,97.14
2025-12-15,9:35:57.364788405,T,TGT,F I,48,97.14
2025-12-15,9:36:05.416756337,T,TGT,F,100,97.12
2025-12-15,9:36:05.416759305,T,TGT,F I,96,97.11
2025-12-15,9:36:05.416777371,T,TGT,F I,4,97.11
2025-12-15,9:36:05.416780364,T,TGT,F I,73,97.11
2025-12-15,9:36:05.416780364,T,TGT,F I,23,97.11
2025-12-15,9:36:09.627035863,T,TGT,I,44,97.12
2025-12-15,9:36:14.881038999,T,TGT,I,1,97.12
2025-12-15,9:36:14.957393972,T,TGT,I,57,97.12
2025-12-15,9:36:15.814991977,T,TGT,F,100,97.1
2025-12-15,9:36:15.814994977,T,TGT,F I,76,97.1
2025-12-15,9:36:15.816102318,T,TGT,I,60,97.09
2025-12-15,9:36:15.816102318,T,TGT,I,9,97.09
2025-12-15,9:36:15.816104715,T,TGT,I,60,97.09
2025-12-15,9:36:15.816137704,T,TGT,F I,9,97.09
2025-12-15,9:36:15.816137704,T,TGT,F I,9,97.09
2025-12-15,9:36:15.816140768,T,TGT,,122,97.09
2025-12-15,9:36:15.816185794,T,TGT,F I,4,97.1
2025-12-15,9:36:15.816784323,T,TGT,I,4,97.09
2025-12-15,9:36:15.816784323,T,TGT,I,2,97.09
2025-12-15,9:36:15.817385763,T,TGT,F I,10,97.1
2025-12-15,9:36:15.817385763,T,TGT,F I,10,97.1
2025-12-15,9:36:18.584695441,T,TGT,,100,97.09
2025-12-15,9:36:18.692754852,T,TGT,I,39,97.09
2025-12-15,9:36:19.270211545,T,TGT,I,10,97.12
2025-12-15,9:36:19.270214577,T,TGT,I,90,97.12
2025-12-15,9:36:19.501378294,T,TGT,F I,15,97.12
2025-12-15,9:36:19.575751470,T,TGT,I,15,97.135
2025-12-15,9:36:20.657533666,T,TGT,F I,10,97.15
2025-12-15,9:36:21.489790578,T,TGT,F I,1,97.17
2025-12-15,9:36:21.490310964,T,TGT,F I,25,97.16
2025-12-15,9:36:21.490316877,T,TGT,F,100,97.15
2025-12-15,9:36:21.490316877,T,TGT,F I,3,97.15
2025-12-15,9:36:21.490334898,T,TGT,I,1,97.15
2025-12-15,9:36:21.490334898,T,TGT,I,28,97.17
2025-12-15,9:36:21.490362067,T,TGT,F I,3,97.17
2025-12-15,9:36:21.490362067,T,TGT,F I,24,97.17
2025-12-15,9:36:21.490364967,T,TGT,I,1,97.15
2025-12-15,9:36:21.490554564,T,TGT,F I,3,97.17
2025-12-15,9:36:21.490557458,T,TGT,F I,1,97.17
2025-12-15,9:36:32.185037638,T,TGT,I,5,97.205
2025-12-15,9:36:33.015616483,T,TGT,F,100,97.16
2025-12-15,9:36:33.015620522,T,TGT,F I,69,97.16
2025-12-15,9:36:33.015620522,T,TGT,F I,1,97.16
2025-12-15,9:36:33.015622470,T,TGT,F I,2,97.16
2025-12-15,9:36:33.015625477,T,TGT,F I,21,97.16
2025-12-15,9:36:33.015625477,T,TGT,F,193,97.16
2025-12-15,9:36:33.015635150,T,TGT,I,1,97.16
2025-12-15,9:36:33.015640560,T,TGT,I,6,97.16
2025-12-15,9:36:33.016404785,T,TGT,F I,40,97.15
2025-12-15,9:36:33.016572713,T,TGT,F I,36,97.15
2025-12-15,9:36:33.017505003,T,TGT,I,5,97.145
2025-12-15,9:36:33.030153045,T,TGT,F I,25,97.16
2025-12-15,9:36:33.030168397,T,TGT,F I,50,97.17
2025-12-15,9:36:33.030168397,T,TGT,F I,2,97.17
2025-12-15,9:36:42.749016184,T,TGT,,180,97.12
2025-12-15,9:36:42.749037173,T,TGT,,120,97.12
2025-12-15,9:36:42.749374035,T,TGT,F I,13,97.11
2025-12-15,9:36:42.749641680,T,TGT,,187,97.11
2025-12-15,9:36:42.749663074,T,TGT,I,61,97.11
2025-12-15,9:36:42.749993508,T,TGT,F,187,97.11
2025-12-15,9:36:42.750237017,T,TGT,,100,97.11
2025-12-15,9:36:42.750486708,T,TGT,I,10,97.11
2025-12-15,9:36:42.750492739,T,TGT,F I,10,97.11
2025-12-15,9:36:42.752153398,T,TGT,I,32,97.11
2025-12-15,9:36:42.753698355,T,TGT,F I,11,97.11
2025-12-15,9:36:42.753698355,T,TGT,F I,17,97.11
2025-12-15,9:36:42.753725335,T,TGT,I,10,97.1
2025-12-15,9:36:42.753752440,T,TGT,I,1,97.1
2025-12-15,9:36:43.184922677,T,TGT,F I,75,97.09
2025-12-15,9:36:43.184940989,T,TGT,I,1,97.09
2025-12-15,9:36:43.185079490,T,TGT,I,37,97.09
2025-12-15,9:36:43.185081979,T,TGT,I,14,97.09
2025-12-15,9:36:43.188431952,T,TGT,,100,97.09
2025-12-15,9:36:43.188453098,T,TGT,,100,97.09
2025-12-15,9:36:43.188468140,T,TGT,I,48,97.09
2025-12-15,9:36:48.160435313,T,TGT,I,25,97.12
2025-12-15,9:36:51.133344866,T,TGT,I,10,97.12
2025-12-15,9:36:54.058584866,T,TGT,I,23,97.14
2025-12-15,9:36:54.951324738,T,TGT,F I,80,97.2
2025-12-15,9:36:54.951324738,T,TGT,F I,2,97.2
2025-12-15,9:36:54.951832993,T,TGT,F I,9,97.21
2025-12-15,9:36:54.952741088,T,TGT,F I,20,97.22
2025-12-15,9:37:01.129300030,T,TGT,F,100,97.19
2025-12-15,9:37:01.950466547,T,TGT,F I,50,97.17
2025-12-15,9:37:01.950469370,T,TGT,F I,75,97.17
2025-12-15,9:37:02.135740792,T,TGT,F I,50,97.17
2025-12-15,9:37:02.135836993,T,TGT,,175,97.17
2025-12-15,9:37:02.147225204,T,TGT,F I,50,97.16
2025-12-15,9:37:02.147330380,T,TGT,F I,50,97.16
2025-12-15,9:37:02.148540062,T,TGT,,100,97.16
2025-12-15,9:37:02.148540062,T,TGT,I,20,97.16
2025-12-15,9:37:02.148542325,T,TGT,I,57,97.16
2025-12-15,9:37:10.854466199,T,TGT,I,5,97.21
2025-12-15,9:37:10.854466199,T,TGT,I,95,97.21
2025-12-15,9:37:11.944599227,T,TGT,I,6,97.23
2025-12-15,9:37:11.959956768,T,TGT,F I,6,97.23
2025-12-15,9:37:11.967176993,T,TGT,I,5,97.23
2025-12-15,9:37:12.014936737,T,TGT,,100,97.21
2025-12-15,9:37:12.376906174,T,TGT,,100,97.21
2025-12-15,9:37:12.488691411,T,TGT,I,4,97.23
2025-12-15,9:37:12.492420310,T,TGT,I,5,97.23
2025-12-15,9:37:12.493725402,T,TGT,I,5,97.2
2025-12-15,9:37:12.496257461,T,TGT,I,5,97.21
2025-12-15,9:37:12.580268604,T,TGT,I,27,97.2
2025-12-15,9:37:18.992315537,T,TGT,F I,1,97.24
2025-12-15,9:37:19.132662970,T,TGT,I,24,97.24
2025-12-15,9:37:20.045589813,T,TGT,F I,9,97.26
2025-12-15,9:37:20.047929385,T,TGT,I,4,97.22
2025-12-15,9:37:20.048224080,T,TGT,I,50,97.22
2025-12-15,9:37:30.531490306,T,TGT,I,25,97.22
2025-12-15,9:37:30.531517403,T,TGT,F I,50,97.215
2025-12-15,9:37:30.531568519,T,TGT,F I,25,97.215
2025-12-15,9:37:31.004649526,T,TGT,I,12,97.215
2025-12-15,9:37:31.004944307,T,TGT,I,3,97.215
2025-12-15,9:37:31.138372141,T,TGT,I,5,97.215
2025-12-15,9:37:34.627380331,T,TGT,,147,97.215
2025-12-15,9:37:34.760167656,T,TGT,F I,25,97.28
2025-12-15,9:37:36.327880593,T,TGT,I,50,97.265
2025-12-15,9:37:36.327934762,T,TGT,F I,50,97.265
2025-12-15,9:37:37.027951547,T,TGT,F I,21,97.29
2025-12-15,9:37:37.027969462,T,TGT,F I,21,97.29
2025-12-15,9:37:37.028002727,T,TGT,F I,21,97.29
2025-12-15,9:37:37.028026698,T,TGT,F I,21,97.29
2025-12-15,9:37:37.028072221,T,TGT,F I,16,97.29
2025-12-15,9:37:37.028072221,T,TGT,F I,5,97.3
2025-12-15,9:37:37.028117406,T,TGT,F I,16,97.3
2025-12-15,9:37:37.028189036,T,TGT,F I,35,97.28
2025-12-15,9:37:37.038831432,T,TGT,I,35,97.3
2025-12-15,9:37:37.038834487,T,TGT,I,15,97.3
2025-12-15,9:37:37.038837451,T,TGT,I,6,97.3
2025-12-15,9:37:37.038942673,T,TGT,I,4,97.3
2025-12-15,9:37:37.038945697,T,TGT,I,8,97.3
2025-12-15,9:37:38.797294680,T,TGT,F I,14,97.3
2025-12-15,9:37:38.797297698,T,TGT,F I,86,97.28
2025-12-15,9:37:38.797300645,T,TGT,F I,2,97.28
2025-12-15,9:37:38.797309660,T,TGT,F I,12,97.28
2025-12-15,9:37:38.797312720,T,TGT,F,100,97.28
2025-12-15,9:37:38.797923221,T,TGT,F I,50,97.27
2025-12-15,9:37:47.458832967,T,TGT,,100,97.24
2025-12-15,9:37:47.458832967,T,TGT,,300,97.24
2025-12-15,9:37:47.458902068,T,TGT,F I,28,97.23
2025-12-15,9:37:47.458902068,T,TGT,F,100,97.23
2025-12-15,9:37:47.458905061,T,TGT,F I,82,97.23
2025-12-15,9:37:49.233354492,T,TGT,,100,97.22
2025-12-15,9:37:49.932035896,T,TGT,F I,13,97.21
2025-12-15,9:37:50.164844510,T,TGT,F I,20,97.2
2025-12-15,9:37:53.135420592,T,TGT,,100,97.23
2025-12-15,9:37:53.136614464,T,TGT,I,16,97.23
2025-12-15,9:38:01.201309066,T,TGT,,100,97.18
2025-12-15,9:38:01.201309066,T,TGT,I,77,97.17
2025-12-15,9:38:01.201326728,T,TGT,F I,23,97.17
2025-12-15,9:38:01.201326728,T,TGT,F I,50,97.17
2025-12-15,9:38:01.201329675,T,TGT,F I,27,97.17
2025-12-15,9:38:01.203825621,T,TGT,I,31,97.165
2025-12-15,9:38:02.386615490,T,TGT,I,15,97.195
2025-12-15,9:38:10.256006348,T,TGT,I,50,97.195
2025-12-15,9:38:10.256036443,T,TGT,I,50,97.195
2025-12-15,9:38:10.256463407,T,TGT,F I,41,97.195
2025-12-15,9:38:10.257443824,T,TGT,F I,12,97.21
2025-12-15,9:38:10.257537073,T,TGT,F I,12,97.22
2025-12-15,9:38:10.977602423,T,TGT,F I,12,97.22
2025-12-15,9:38:10.978185812,T,TGT,,100,97.195
2025-12-15,9:38:12.522428343,T,TGT,F I,2,97.23
2025-12-15,9:38:13.522436214,T,TGT,F I,39,97.23
2025-12-15,9:38:16.903246836,T,TGT,F,100,97.24
2025-12-15,9:38:17.445537669,T,TGT,I,53,97.245
2025-12-15,9:38:25.059758624,T,TGT,I,11,97.22
2025-12-15,9:38:25.059788717,T,TGT,I,35,97.21
2025-12-15,9:38:25.060104394,T,TGT,,265,97.21
2025-12-15,9:38:25.060107480,T,TGT,,100,97.21
2025-12-15,9:38:25.060107480,T,TGT,I,83,97.21
2025-12-15,9:38:25.060125431,T,TGT,,100,97.21
2025-12-15,9:38:25.060128489,T,TGT,I,1,97.21
2025-12-15,9:38:25.060131550,T,TGT,,100,97.21
2025-12-15,9:38:25.070313761,T,TGT,I,7,97.205
2025-12-15,9:38:25.070376900,T,TGT,F I,95,97.22
2025-12-15,9:38:25.070394894,T,TGT,I,1,97.22
2025-12-15,9:38:25.070394894,T,TGT,I,4,97.22
2025-12-15,9:38:27.436597270,T,TGT,F I,50,97.21
2025-12-15,9:38:27.436645398,T,TGT,F I,50,97.21
2025-12-15,9:38:27.436660364,T,TGT,F I,81,97.21
2025-12-15,9:38:27.442010187,T,TGT,,100,97.21
2025-12-15,9:38:27.442055197,T,TGT,F I,50,97.21
2025-12-15,9:38:27.442106383,T,TGT,F I,50,97.21
2025-12-15,9:38:28.557469624,T,TGT,,111,97.21
2025-12-15,9:38:28.557469624,T,TGT,I,64,97.2
2025-12-15,9:38:28.557490589,T,TGT,I,36,97.2
2025-12-15,9:38:28.557493614,T,TGT,I,64,97.2
2025-12-15,9:38:28.557496614,T,TGT,I,1,97.2
2025-12-15,9:38:28.557511608,T,TGT,I,2,97.2
2025-12-15,9:38:28.557526604,T,TGT,I,8,97.2
2025-12-15,9:38:31.159523550,T,TGT,I,10,97.18
2025-12-15,9:38:33.158638314,T,TGT,F I,24,97.15
2025-12-15,9:38:33.158641353,T,TGT,F I,50,97.15
2025-12-15,9:38:36.493177421,T,TGT,F I,70,97.16
2025-12-15,9:38:36.494193900,T,TGT,I,40,97.155
2025-12-15,9:38:39.122753094,T,TGT,I,27,97.14
2025-12-15,9:38:47.111444403,T,TGT,I,12,97.2
2025-12-15,9:38:49.890933074,T,TGT,I,53,97.23
2025-12-15,9:38:49.981686717,T,TGT,F I,69,97.3
2025-12-15,9:38:49.981689331,T,TGT,F,100,97.3
2025-12-15,9:38:49.981692415,T,TGT,F I,20,97.32
2025-12-15,9:38:49.981696089,T,TGT,F I,11,97.32
2025-12-15,9:38:49.981696089,T,TGT,F I,31,97.32
2025-12-15,9:38:49.982780962,T,TGT,F I,21,97.26
2025-12-15,9:38:49.982780962,T,TGT,F I,75,97.26
2025-12-15,9:38:49.988611821,T,TGT,F,255,97.29
2025-12-15,9:38:49.988611821,T,TGT,F I,21,97.3
2025-12-15,9:38:49.995658120,T,TGT,F,100,97.3
2025-12-15,9:38:49.995661328,T,TGT,F,100,97.3
2025-12-15,9:38:49.995661328,T,TGT,F,100,97.31
2025-12-15,9:38:49.995666650,T,TGT,F I,75,97.31
2025-12-15,9:38:49.995666650,T,TGT,F I,21,97.31
2025-12-15,9:38:49.995666650,T,TGT,F,100,97.31
2025-12-15,9:38:49.996033892,T,TGT,F,100,97.27
2025-12-15,9:38:49.996036467,T,TGT,F I,32,97.27
2025-12-15,9:38:49.996039507,T,TGT,F I,33,97.27
2025-12-15,9:38:50.002240682,T,TGT,F,100,97.29
2025-12-15,9:38:50.002243345,T,TGT,F I,10,97.3
2025-12-15,9:38:50.002246631,T,TGT,F I,64,97.3
2025-12-15,9:38:50.002246631,T,TGT,F I,33,97.3
2025-12-15,9:38:50.002249356,T,TGT,F I,20,97.3
2025-12-15,9:38:50.002297455,T,TGT,,100,97.27
2025-12-15,9:38:50.002309459,T,TGT,I,10,97.27
2025-12-15,9:38:50.008717883,T,TGT,I,25,97.29
2025-12-15,9:38:50.008717883,T,TGT,I,5,97.3
2025-12-15,9:38:55.082384151,T,TGT,F I,1,97.29
2025-12-15,9:38:56.322063520,T,TGT,F I,70,97.26
2025-12-15,9:38:56.322087531,T,TGT,F I,30,97.26
2025-12-15,9:38:56.322087531,T,TGT,F I,10,97.26
2025-12-15,9:38:56.322090569,T,TGT,F I,47,97.26
2025-12-15,9:38:56.322093519,T,TGT,I,1,97.26
2025-12-15,9:38:56.322099586,T,TGT,I,87,97.26
2025-12-15,9:38:56.322102668,T,TGT,I,12,97.26
2025-12-15,9:38:59.500344321,T,TGT,F I,50,97.23
2025-12-15,9:38:59.500506812,T,TGT,,150,97.23
2025-12-15,9:39:13.972430799,T,TGT,I,21,97.21
2025-12-15,9:39:13.972439658,T,TGT,F I,79,97.21
2025-12-15,9:39:13.972442625,T,TGT,F I,12,97.21
2025-12-15,9:39:13.972445477,T,TGT,F I,10,97.21
2025-12-15,9:39:13.973585212,T,TGT,F I,20,97.24
2025-12-15,9:39:13.991519971,T,TGT,F I,60,97.28
2025-12-15,9:39:13.991523269,T,TGT,F I,3,97.28
2025-12-15,9:39:13.991523269,T,TGT,F I,32,97.28
2025-12-15,9:39:14.752708604,T,TGT,F,100,97.31
2025-12-15,9:39:14.753989414,T,TGT,F,100,97.32
2025-12-15,9:39:14.753992509,T,TGT,F I,60,97.32
2025-12-15,9:39:14.754202942,T,TGT,I,69,97.32
2025-12-15,9:39:17.625016343,T,TGT,F I,37,97.29
2025-12-15,9:39:17.625067772,T,TGT,F I,5,97.29
2025-12-15,9:39:17.625067772,T,TGT,F,100,97.29
2025-12-15,9:39:17.630709538,T,TGT,F I,50,97.3
2025-12-15,9:39:17.630709538,T,TGT,F,100,97.3
2025-12-15,9:39:17.630711932,T,TGT,F I,21,97.3
2025-12-15,9:39:17.635421192,T,TGT,I,37,97.31
2025-12-15,9:39:18.914286839,T,TGT,I,33,97.28
2025-12-15,9:39:23.792517670,T,TGT,I,7,97.285
2025-12-15,9:39:23.939980085,T,TGT,F I,50,97.26
2025-12-15,9:39:34.779613283,T,TGT,F I,40,97.3
2025-12-15,9:39:34.779613283,T,TGT,F I,50,97.3
2025-12-15,9:39:34.779616211,T,TGT,F I,80,97.3
2025-12-15,9:39:34.959558870,T,TGT,F I,17,97.31
2025-12-15,9:39:40.785636416,T,TGT,F I,10,97.33
2025-12-15,9:39:40.785639115,T,TGT,F,100,97.33
2025-12-15,9:39:40.785639115,T,TGT,F I,50,97.33
2025-12-15,9:39:40.785641737,T,TGT,F I,7,97.33
2025-12-15,9:39:40.785647797,T,TGT,F I,93,97.33
2025-12-15,9:39:40.785671837,T,TGT,I,20,97.33
2025-12-15,9:39:40.785671837,T,TGT,I,1,97.33
2025-12-15,9:39:40.785674853,T,TGT,F I,79,97.33
2025-12-15,9:39:40.785743965,T,TGT,I,17,97.33
2025-12-15,9:39:40.785780095,T,TGT,F I,33,97.33
2025-12-15,9:39:40.787142305,T,TGT,F I,20,97.35
2025-12-15,9:39:40.790017184,T,TGT,,100,97.36
2025-12-15,9:39:40.790504406,T,TGT,,150,97.355
2025-12-15,9:39:40.790504406,T,TGT,I,54,97.34
2025-12-15,9:39:40.790910309,T,TGT,F I,81,97.34
2025-12-15,9:39:40.790931513,T,TGT,I,1,97.34
2025-12-15,9:39:40.790935070,T,TGT,I,18,97.34
2025-12-15,9:39:40.794389659,T,TGT,,100,97.345
2025-12-15,9:39:40.806580644,T,TGT,F,100,97.34
2025-12-15,9:39:40.806580644,T,TGT,F I,71,97.34
2025-12-15,9:39:40.806613755,T,TGT,,100,97.33
2025-12-15,9:39:40.806613755,T,TGT,I,24,97.33
2025-12-15,9:39:40.806830280,T,TGT,I,63,97.34
2025-12-15,9:39:40.806911514,T,TGT,,100,97.33
2025-12-15,9:39:41.259934778,T,TGT,F,100,97.29
2025-12-15,9:39:41.259934778,T,TGT,F I,67,97.28
2025-12-15,9:39:41.259937780,T,TGT,F I,33,97.28
2025-12-15,9:39:41.259937780,T,TGT,F I,71,97.28
2025-12-15,9:39:41.259965644,T,TGT,I,29,97.28
2025-12-15,9:39:41.259968676,T,TGT,I,71,97.28
2025-12-15,9:39:41.260307656,T,TGT,,100,97.28
2025-12-15,9:39:41.267203559,T,TGT,F I,50,97.28
2025-12-15,9:39:41.267203559,T,TGT,F I,41,97.28
2025-12-15,9:39:41.267206338,T,TGT,F I,9,97.28
2025-12-15,9:39:41.267206338,T,TGT,F I,54,97.28
2025-12-15,9:39:41.267236090,T,TGT,,100,97.27
2025-12-15,9:39:41.267260243,T,TGT,I,6,97.27
2025-12-15,9:39:41.267398583,T,TGT,F I,6,97.28
2025-12-15,9:39:41.267398583,T,TGT,F I,50,97.28
2025-12-15,9:39:41.798421670,T,TGT,F I,50,97.29
2025-12-15,9:39:41.798421670,T,TGT,F I,50,97.29
2025-12-15,9:39:47.409838246,T,TGT,I,40,97.285
2025-12-15,9:39:47.421181306,T,TGT,F,120,97.3
2025-12-15,9:39:47.421181306,T,TGT,F I,47,97.3
2025-12-15,9:39:47.421199348,T,TGT,I,20,97.3
2025-12-15,9:39:47.421202320,T,TGT,F I,53,97.3
2025-12-15,9:39:47.421205321,T,TGT,F I,62,97.3
2025-12-15,9:39:47.421205321,T,TGT,F,100,97.3
2025-12-15,9:39:47.422348385,T,TGT,F,100,97.3
2025-12-15,9:39:47.422736023,T,TGT,F I,58,97.3
2025-12-15,9:39:47.459739179,T,TGT,F I,60,97.3
2025-12-15,9:39:47.459805350,T,TGT,F I,10,97.3
2025-12-15,9:39:47.466562402,T,TGT,I,70,97.29
2025-12-15,9:39:47.466583439,T,TGT,I,1,97.29
2025-12-15,9:39:47.466586433,T,TGT,I,82,97.29
2025-12-15,9:39:47.466592472,T,TGT,F I,17,97.29
2025-12-15,9:39:47.788930411,T,TGT,F I,50,97.27
2025-12-15,9:39:49.544846633,T,TGT,,100,97.27
2025-12-15,9:39:49.545171399,T,TGT,I,50,97.27
2025-12-15,9:39:51.229276626,T,TGT,F,100,97.26
2025-12-15,9:39:51.229276626,T,TGT,F I,11,97.26
2025-12-15,9:39:51.229799813,T,TGT,F I,59,97.26
2025-12-15,9:39:51.229820854,T,TGT,I,59,97.26
2025-12-15,9:39:51.229851160,T,TGT,,100,97.26
2025-12-15,9:39:51.229859958,T,TGT,I,14,97.26
2025-12-15,9:39:51.229871996,T,TGT,F,195,97.26
2025-12-15,9:39:51.242938129,T,TGT,I,8,97.26
2025-12-15,9:39:54.534041988,T,TGT,F,100,97.26
2025-12-15,9:39:54.534041988,T,TGT,F,100,97.26
2025-12-15,9:39:57.953560479,T,TGT,F I,38,97.27
2025-12-15,9:39:57.955885024,T,TGT,I,2,97.27
2025-12-15,9:39:58.068563475,T,TGT,F I,2,97.28
2025-12-15,9:39:58.069763348,T,TGT,I,1,97.28
2025-12-15,9:40:00.850665745,T,TGT,F,100,97.33
2025-12-15,9:40:00.850668484,T,TGT,F I,85,97.33
2025-12-15,9:40:00.855209376,T,TGT,I,60,97.34
2025-12-15,9:40:01.086204634,T,TGT,I,8,97.315
2025-12-15,9:40:01.162887325,T,TGT,I,7,97.315
2025-12-15,9:40:05.005796552,T,TGT,F,100,97.31
2025-12-15,9:40:05.005805543,T,TGT,F I,70,97.31
2025-12-15,9:40:05.005820629,T,TGT,I,1,97.31
2025-12-15,9:40:05.005844722,T,TGT,F I,99,97.31
2025-12-15,9:40:05.005844722,T,TGT,F I,12,97.31
2025-12-15,9:40:05.006112285,T,TGT,I,2,97.31
2025-12-15,9:40:05.006116363,T,TGT,I,1,97.31
2025-12-15,9:40:05.006118587,T,TGT,I,8,97.31
2025-12-15,9:40:05.006118587,T,TGT,I,91,97.31
2025-12-15,9:40:05.006130383,T,TGT,I,9,97.31
2025-12-15,9:40:05.006800973,T,TGT,F I,19,97.32
2025-12-15,9:40:05.006800973,T,TGT,F I,6,97.32
2025-12-15,9:40:05.007420464,T,TGT,F I,37,97.33
2025-12-15,9:40:06.162996444,T,TGT,I,60,97.34
2025-12-15,9:40:06.162996444,T,TGT,I,20,97.34
2025-12-15,9:40:06.162996444,T,TGT,I,4,97.34
2025-12-15,9:40:06.163001678,T,TGT,,100,97.34
2025-12-15,9:40:06.165999869,T,TGT,F I,60,97.37
2025-12-15,9:40:06.499136507,T,TGT,F,100,97.4
2025-12-15,9:40:08.814893458,T,TGT,F I,15,97.43
2025-12-15,9:40:08.814893458,T,TGT,F I,13,97.43
2025-12-15,9:40:10.769044806,T,TGT,F I,70,97.45
2025-12-15,9:40:11.579457560,T,TGT,F I,50,97.43
2025-12-15,9:40:11.579457560,T,TGT,F I,24,97.43
2025-12-15,9:40:11.579460513,T,TGT,F I,17,97.43
2025-12-15,9:40:12.616426970,T,TGT,,100,97.39
2025-12-15,9:40:12.616445090,T,TGT,I,1,97.39
2025-12-15,9:40:12.616448013,T,TGT,I,99,97.39
2025-12-15,9:40:14.856770356,T,TGT,F I,50,97.4
2025-12-15,9:40:16.019093585,T,TGT,,132,97.4
2025-12-15,9:40:17.750552477,T,TGT,,100,97.4
2025-12-15,9:40:18.395029859,T,TGT,I,70,97.41
2025-12-15,9:40:18.395050946,T,TGT,F I,80,97.42
2025-12-15,9:40:23.438047294,T,TGT,F,500,97.42
2025-12-15,9:40:23.438047294,T,TGT,F I,5,97.42
2025-12-15,9:40:23.438068323,T,TGT,F I,11,97.42
2025-12-15,9:40:23.438071322,T,TGT,F I,50,97.42
2025-12-15,9:40:23.438071322,T,TGT,F I,16,97.42
2025-12-15,9:40:26.305697157,T,TGT,F I,50,97.43
2025-12-15,9:40:26.318691079,T,TGT,I,34,97.43
2025-12-15,9:40:26.318766283,T,TGT,F I,50,97.43
2025-12-15,9:40:26.319040021,T,TGT,I,50,97.43
2025-12-15,9:40:26.335453024,T,TGT,,100,97.43
2025-12-15,9:40:26.335741722,T,TGT,I,50,97.43
2025-12-15,9:40:27.611465460,T,TGT,F I,10,97.47
2025-12-15,9:40:27.611468144,T,TGT,F I,2,97.47
2025-12-15,9:40:27.611468144,T,TGT,F,100,97.47
2025-12-15,9:40:27.611489268,T,TGT,F I,30,97.47
2025-12-15,9:40:27.613308524,T,TGT,F I,30,97.48
2025-12-15,9:40:27.613823093,T,TGT,F I,1,97.49
2025-12-15,9:40:27.613970166,T,TGT,I,29,97.49
2025-12-15,9:40:27.614144569,T,TGT,I,1,97.5
2025-12-15,9:40:27.614508402,T,TGT,I,12,97.5
2025-12-15,9:40:27.666818002,T,TGT,I,12,97.5
2025-12-15,9:40:28.519448223,T,TGT,F I,6,97.5
2025-12-15,9:40:28.519448223,T,TGT,F I,10,97.5
2025-12-15,9:40:30.348345302,T,TGT,I,11,97.5
2025-12-15,9:40:30.708110705,T,TGT,F I,11,97.5
2025-12-15,9:40:30.708251958,T,TGT,F I,11,97.5
2025-12-15,9:40:30.708324084,T,TGT,F I,11,97.5
2025-12-15,9:40:32.557332947,T,TGT,I,26,97.5
2025-12-15,9:40:35.814308313,T,TGT,F,100,97.51
2025-12-15,9:40:35.814311263,T,TGT,F,100,97.51
2025-12-15,9:40:35.814311263,T,TGT,F I,30,97.51
2025-12-15,9:40:35.921664082,T,TGT,I,26,97.5
2025-12-15,9:40:35.921667229,T,TGT,I,29,97.5
2025-12-15,9:40:35.921667229,T,TGT,I,73,97.5
2025-12-15,9:40:37.792875511,T,TGT,F I,4,97.52
2025-12-15,9:40:37.792878026,T,TGT,F,100,97.52
2025-12-15,9:40:37.792896085,T,TGT,F I,30,97.52
2025-12-15,9:40:38.208444378,T,TGT,F I,20,97.54
2025-12-15,9:40:38.208444378,T,TGT,F,100,97.54
2025-12-15,9:40:38.310859005,T,TGT,F,250,97.57
2025-12-15,9:40:38.311743148,T,TGT,F I,50,97.57
2025-12-15,9:40:38.311743148,T,TGT,F I,4,97.57
2025-12-15,9:40:38.311872391,T,TGT,F,100,97.56
2025-12-15,9:40:38.312756552,T,TGT,F I,40,97.56
2025-12-15,9:40:38.350809199,T,TGT,,100,97.56
2025-12-15,9:40:38.350903791,T,TGT,F,100,97.56
2025-12-15,9:40:38.351158069,T,TGT,F,100,97.56
2025-12-15,9:40:38.467484170,T,TGT,F,100,97.55
2025-12-15,9:40:38.467487154,T,TGT,F I,34,97.55
2025-12-15,9:40:41.140480293,T,TGT,F I,34,97.58
2025-12-15,9:40:41.140507907,T,TGT,F I,40,97.59
2025-12-15,9:40:41.140510277,T,TGT,F,100,97.59
2025-12-15,9:40:41.140567426,T,TGT,F,100,97.59
2025-12-15,9:40:41.191448622,T,TGT,I,25,97.595
2025-12-15,9:40:43.428294659,T,TGT,F I,3,97.59
2025-12-15,9:40:43.428409022,T,TGT,F I,3,97.59
2025-12-15,9:40:43.428487191,T,TGT,I,94,97.59
2025-12-15,9:40:43.428490178,T,TGT,,206,97.59
2025-12-15,9:40:43.432829500,T,TGT,F I,3,97.58
2025-12-15,9:40:44.409382152,T,TGT,F I,6,97.57
2025-12-15,9:40:44.409382152,T,TGT,F I,1,97.57
2025-12-15,9:40:44.410230097,T,TGT,F I,5,97.59
2025-12-15,9:40:45.288141750,T,TGT,F I,50,97.6
2025-12-15,9:40:45.292054089,T,TGT,I,31,97.6
2025-12-15,9:40:45.436542214,T,TGT,F I,99,97.58
2025-12-15,9:40:45.436560277,T,TGT,I,1,97.58
2025-12-15,9:40:45.436566333,T,TGT,I,1,97.58
2025-12-15,9:40:45.436602355,T,TGT,I,4,97.58
2025-12-15,9:40:45.436882008,T,TGT,F I,1,97.595
2025-12-15,9:40:45.436936216,T,TGT,F I,1,97.595
2025-12-15,9:40:45.436981334,T,TGT,F I,1,97.595
2025-12-15,9:40:45.437020435,T,TGT,F I,1,97.595
2025-12-15,9:40:47.306926137,T,TGT,F I,50,97.58
2025-12-15,9:40:48.013459364,T,TGT,,100,97.56
2025-12-15,9:40:48.013588747,T,TGT,F I,52,97.55
2025-12-15,9:40:51.226073094,T,TGT,I,36,97.58
2025-12-15,9:40:52.412718110,T,TGT,F I,73,97.55
2025-12-15,9:40:52.412739158,T,TGT,I,1,97.55
2025-12-15,9:40:52.906551631,T,TGT,I,67,97.56
2025-12-15,9:40:54.270381820,T,TGT,F I,50,97.58
2025-12-15,9:41:05.663059525,T,TGT,F I,50,97.58
2025-12-15,9:41:08.592181833,T,TGT,I,50,97.58
2025-12-15,9:41:11.443671162,T,TGT,I,9,97.575
2025-12-15,9:41:11.573195776,T,TGT,F I,6,97.62
2025-12-15,9:41:11.573195776,T,TGT,F I,1,97.62
2025-12-15,9:41:11.573484513,T,TGT,I,60,97.64
2025-12-15,9:41:11.575153440,T,TGT,I,35,97.64
2025-12-15,9:41:13.054058863,T,TGT,F I,3,97.65
2025-12-15,9:41:14.457694820,T,TGT,F I,17,97.63
2025-12-15,9:41:14.457697778,T,TGT,F I,82,97.63
2025-12-15,9:41:14.457712830,T,TGT,I,1,97.63
2025-12-15,9:41:14.458542875,T,TGT,F I,5,97.64
2025-12-15,9:41:14.458687068,T,TGT,F I,24,97.65
2025-12-15,9:41:14.469585077,T,TGT,I,24,97.65
2025-12-15,9:41:14.469585077,T,TGT,I,4,97.65
2025-12-15,9:41:14.635493347,T,TGT,,100,97.64
2025-12-15,9:41:14.635496678,T,TGT,I,19,97.64
2025-12-15,9:41:14.635496678,T,TGT,I,27,97.64
2025-12-15,9:41:14.635700840,T,TGT,,100,97.62
2025-12-15,9:41:19.386966141,T,TGT,F I,3,97.66
2025-12-15,9:41:19.386996391,T,TGT,,100,97.66
2025-12-15,9:41:19.387017261,T,TGT,I,1,97.66
2025-12-15,9:41:22.831958515,T,TGT,F,100,97.73
2025-12-15,9:41:23.362870411,T,TGT,I,18,97.73
2025-12-15,9:41:23.362873367,T,TGT,I,7,97.73
2025-12-15,9:41:23.408711574,T,TGT,F I,50,97.73
2025-12-15,9:41:25.445929961,T,TGT,F I,1,97.73
2025-12-15,9:41:25.446206591,T,TGT,I,79,97.73
2025-12-15,9:41:25.449048355,T,TGT,I,1,97.72
2025-12-15,9:41:25.597725693,T,TGT,F I,72,97.71
2025-12-15,9:41:25.597729176,T,TGT,F I,20,97.71
2025-12-15,9:41:25.597731733,T,TGT,F,100,97.71
2025-12-15,9:41:25.597734642,T,TGT,F I,36,97.71
2025-12-15,9:41:25.615921895,T,TGT,F I,80,97.73
2025-12-15,9:41:32.654346269,T,TGT,,450,97.69
2025-12-15,9:41:32.654409370,T,TGT,F I,50,97.69
2025-12-15,9:41:32.654412466,T,TGT,F,100,97.68
2025-12-15,9:41:32.654415411,T,TGT,F I,23,97.68
2025-12-15,9:41:32.654415411,T,TGT,F I,27,97.68
2025-12-15,9:41:32.654418414,T,TGT,F,250,97.68
2025-12-15,9:41:32.654427410,T,TGT,I,50,97.68
2025-12-15,9:41:33.030416203,T,TGT,I,65,97.67
2025-12-15,9:41:34.335029297,T,TGT,F I,13,97.66
2025-12-15,9:41:34.335080381,T,TGT,,100,97.65
2025-12-15,9:41:34.335083438,T,TGT,,200,97.65
2025-12-15,9:41:34.335098887,T,TGT,I,1,97.65
2025-12-15,9:41:39.329309552,T,TGT,I,21,97.64
2025-12-15,9:41:39.329312627,T,TGT,I,20,97.64
2025-12-15,9:41:39.329312627,T,TGT,F I,41,97.64
2025-12-15,9:41:39.329327772,T,TGT,I,41,97.64
2025-12-15,9:41:39.329405781,T,TGT,I,18,97.64
2025-12-15,9:41:39.336962988,T,TGT,I,3,97.64
2025-12-15,9:41:39.336962988,T,TGT,I,10,97.64
2025-12-15,9:41:43.426050818,T,TGT,,100,97.62
2025-12-15,9:41:43.426050818,T,TGT,I,2,97.62
2025-12-15,9:41:43.426053548,T,TGT,I,51,97.62
2025-12-15,9:41:44.915890224,T,TGT,F I,30,97.61
2025-12-15,9:41:44.915890224,T,TGT,F I,53,97.61
2025-12-15,9:41:44.916386171,T,TGT,F I,50,97.6
2025-12-15,9:41:44.916434345,T,TGT,,150,97.6
2025-12-15,9:41:52.782408945,T,TGT,F I,50,97.61
2025-12-15,9:41:52.783677993,T,TGT,I,18,97.61
2025-12-15,9:41:52.830914563,T,TGT,,100,97.61
2025-12-15,9:41:53.116023841,T,TGT,F I,32,97.61
2025-12-15,9:41:53.116023841,T,TGT,F I,18,97.61
2025-12-15,9:41:53.116381631,T,TGT,,100,97.61
2025-12-15,9:42:04.971422980,T,TGT,,130,97.61
2025-12-15,9:42:11.213342559,T,TGT,I,25,97.61
2025-12-15,9:42:21.072222241,T,TGT,I,64,97.62
2025-12-15,9:42:21.087438531,T,TGT,I,7,97.62
2025-12-15,9:42:21.127683409,T,TGT,F,100,97.66
2025-12-15,9:42:27.205532326,T,TGT,,100,97.64
2025-12-15,9:42:27.205535682,T,TGT,,100,97.63
2025-12-15,9:42:27.205538418,T,TGT,I,73,97.63
2025-12-15,9:42:27.205538418,T,TGT,I,18,97.63
2025-12-15,9:42:27.205553444,T,TGT,I,5,97.63
2025-12-15,9:42:27.205553444,T,TGT,I,36,97.63
2025-12-15,9:42:27.214036611,T,TGT,I,43,97.63
2025-12-15,9:42:27.214039681,T,TGT,I,15,97.63
2025-12-15,9:42:28.527445914,T,TGT,,100,97.61
2025-12-15,9:42:28.527445914,T,TGT,I,36,97.61
2025-12-15,9:42:28.527448921,T,TGT,I,60,97.61
2025-12-15,9:42:28.527451547,T,TGT,I,80,97.61
2025-12-15,9:42:28.527466819,T,TGT,,100,97.61
2025-12-15,9:42:28.527466819,T,TGT,I,1,97.61
2025-12-15,9:42:28.527515040,T,TGT,I,99,97.61
2025-12-15,9:42:28.888813483,T,TGT,,100,97.62
2025-12-15,9:42:28.894768171,T,TGT,F I,8,97.64
2025-12-15,9:42:29.009172167,T,TGT,I,84,97.64
2025-12-15,9:42:29.550413791,T,TGT,I,16,97.64
2025-12-15,9:42:29.550416828,T,TGT,I,36,97.63
2025-12-15,9:42:29.550419959,T,TGT,I,8,97.63
2025-12-15,9:42:29.550422620,T,TGT,I,15,97.63
2025-12-15,9:42:29.550453345,T,TGT,I,16,97.63
2025-12-15,9:42:29.550455731,T,TGT,I,28,97.63
2025-12-15,9:42:31.215318078,T,TGT,I,9,97.62
2025-12-15,9:42:33.211530818,T,TGT,F I,25,97.615
2025-12-15,9:42:33.211534213,T,TGT,F,100,97.615
2025-12-15,9:42:33.211534213,T,TGT,F,100,97.6
2025-12-15,9:42:33.211537239,T,TGT,F,255,97.6
2025-12-15,9:42:33.211540477,T,TGT,F,100,97.6
2025-12-15,9:42:33.211540477,T,TGT,F,100,97.59
2025-12-15,9:42:33.211543121,T,TGT,F,100,97.59
2025-12-15,9:42:33.211543121,T,TGT,F,255,97.59
2025-12-15,9:42:33.211545844,T,TGT,F I,54,97.58
2025-12-15,9:42:38.639756786,T,TGT,,100,97.59
2025-12-15,9:42:38.639759834,T,TGT,I,75,97.59
2025-12-15,9:42:38.640072633,T,TGT,F I,50,97.58
2025-12-15,9:42:39.911092697,T,TGT,F I,24,97.55
2025-12-15,9:42:39.911099352,T,TGT,F I,24,97.55
2025-12-15,9:42:39.911101663,T,TGT,F I,72,97.55
2025-12-15,9:42:39.911107680,T,TGT,F I,96,97.55
2025-12-15,9:42:39.911110962,T,TGT,F I,2,97.55
2025-12-15,9:42:39.911113725,T,TGT,F I,2,97.55
2025-12-15,9:42:39.912647348,T,TGT,F,100,97.53
2025-12-15,9:42:39.912659404,T,TGT,F,100,97.53
2025-12-15,9:42:39.912668762,T,TGT,I,61,97.53
2025-12-15,9:42:39.912677430,T,TGT,F I,39,97.53
2025-12-15,9:42:43.190080452,T,TGT,I,12,97.57
2025-12-15,9:43:28.064440561,T,TGT,I,2,97.55
2025-12-15,9:43:28.064443589,T,TGT,I,3,97.55
2025-12-15,9:43:28.064819488,T,TGT,F I,1,97.54
2025-12-15,9:43:28.064822512,T,TGT,F,100,97.54
2025-12-15,9:43:28.064822512,T,TGT,F I,1,97.54
2025-12-15,9:43:28.752588154,T,TGT,I,50,97.54
2025-12-15,9:43:28.752675850,T,TGT,,100,97.53
2025-12-15,9:43:28.752675850,T,TGT,I,87,97.53
2025-12-15,9:43:28.752678179,T,TGT,I,65,97.53
2025-12-15,9:43:28.752694021,T,TGT,I,1,97.53
2025-12-15,9:43:28.753126310,T,TGT,F I,3,97.53
2025-12-15,9:43:28.753186441,T,TGT,F I,3,97.53
2025-12-15,9:43:28.753240606,T,TGT,F I,3,97.53
2025-12-15,9:43:28.753333781,T,TGT,F I,3,97.53
2025-12-15,9:43:28.753387933,T,TGT,F I,3,97.53
2025-12-15,9:43:28.753448116,T,TGT,F I,9,97.53
2025-12-15,9:43:28.753502295,T,TGT,F I,9,97.53
2025-12-15,9:43:28.753583353,T,TGT,F I,9,97.53
2025-12-15,9:43:28.753751784,T,TGT,F I,9,97.53
2025-12-15,9:43:28.753844974,T,TGT,F I,9,97.53
2025-12-15,9:43:28.753893169,T,TGT,F I,9,97.53
2025-12-15,9:43:28.753950212,T,TGT,F I,9,97.53
2025-12-15,9:43:28.753995404,T,TGT,F I,9,97.53
2025-12-15,9:43:28.754241940,T,TGT,F I,9,97.53
2025-12-15,9:43:28.754320791,T,TGT,F I,3,97.53
2025-12-15,9:43:28.754320791,T,TGT,F I,3,97.52
2025-12-15,9:43:28.754323171,T,TGT,F I,3,97.52
2025-12-15,9:43:28.754497577,T,TGT,F I,3,97.52
2025-12-15,9:43:28.754768461,T,TGT,,150,97.53
2025-12-15,9:43:28.754768461,T,TGT,I,22,97.54
2025-12-15,9:43:28.754771268,T,TGT,I,28,97.54
2025-12-15,9:43:28.754825395,T,TGT,F I,31,97.52
2025-12-15,9:43:38.437037282,T,TGT,F,100,97.52
2025-12-15,9:43:38.437037282,T,TGT,F I,22,97.52
2025-12-15,9:43:38.437190475,T,TGT,F I,16,97.51
2025-12-15,9:43:38.437214493,T,TGT,F I,15,97.51
2025-12-15,9:43:38.437220481,T,TGT,F I,15,97.51
2025-12-15,9:43:38.437274616,T,TGT,F I,85,97.51
2025-12-15,9:43:38.437367933,T,TGT,F I,3,97.5
2025-12-15,9:43:38.437560339,T,TGT,,123,97.51
2025-12-15,9:43:38.445938334,T,TGT,I,92,97.5
2025-12-15,9:43:38.445959412,T,TGT,I,1,97.5
2025-12-15,9:43:38.445974337,T,TGT,I,7,97.5
2025-12-15,9:43:43.077055381,T,TGT,F I,10,97.5
2025-12-15,9:43:45.006491079,T,TGT,F I,6,97.51
2025-12-15,9:43:50.013208917,T,TGT,F I,6,97.5
2025-12-15,9:43:50.013563809,T,TGT,I,34,97.5
2025-12-15,9:43:54.455437072,T,TGT,F I,50,97.51
2025-12-15,9:43:54.455488145,T,TGT,F I,50,97.51
2025-12-15,9:43:54.455524294,T,TGT,F I,50,97.51
2025-12-15,9:43:54.460585270,T,TGT,I,50,97.53
2025-12-15,9:43:58.475925473,T,TGT,F I,1,97.52
2025-12-15,9:43:58.475949710,T,TGT,F,100,97.51
2025-12-15,9:43:58.475949710,T,TGT,F I,64,97.51
2025-12-15,9:43:58.475952763,T,TGT,F I,26,97.51
2025-12-15,9:43:58.475955494,T,TGT,F,100,97.51
2025-12-15,9:43:58.475955494,T,TGT,F I,50,97.51
2025-12-15,9:43:58.475973489,T,TGT,I,1,97.51
2025-12-15,9:43:58.476196008,T,TGT,I,49,97.51
2025-12-15,9:43:58.476767442,T,TGT,F,100,97.53
2025-12-15,9:43:58.479687362,T,TGT,F,100,97.56
2025-12-15,9:43:59.443718038,T,TGT,F,100,97.56
2025-12-15,9:43:59.443721233,T,TGT,F I,27,97.56
2025-12-15,9:43:59.443724394,T,TGT,F,100,97.56
2025-12-15,9:43:59.443724394,T,TGT,F I,20,97.56
2025-12-15,9:43:59.443727080,T,TGT,F I,60,97.56
2025-12-15,9:43:59.443727080,T,TGT,F I,1,97.56
2025-12-15,9:44:00.042057046,T,TGT,F I,28,97.52
2025-12-15,9:44:00.042057046,T,TGT,F I,3,97.52
2025-12-15,9:44:00.042062717,T,TGT,F,100,97.51
2025-12-15,9:44:00.042062717,T,TGT,F I,50,97.51
2025-12-15,9:44:00.042062717,T,TGT,F I,11,97.51
2025-12-15,9:44:06.108607365,T,TGT,F,100,97.5
2025-12-15,9:44:06.108610420,T,TGT,F I,22,97.49
2025-12-15,9:44:06.108610420,T,TGT,F I,1,97.49
2025-12-15,9:44:09.783061323,T,TGT,F I,5,97.54
2025-12-15,9:44:09.783079436,T,TGT,F,100,97.54
2025-12-15,9:44:09.783100394,T,TGT,F I,31,97.54
2025-12-15,9:44:09.783831187,T,TGT,F I,1,97.54
2025-12-15,9:44:10.087211927,T,TGT,F I,15,97.54
2025-12-15,9:44:10.087214965,T,TGT,F,126,97.52
2025-12-15,9:44:10.087272082,T,TGT,I,4,97.52
2025-12-15,9:44:10.087287119,T,TGT,I,20,97.52
2025-12-15,9:44:10.088703507,T,TGT,I,2,97.49
2025-12-15,9:44:10.315200527,T,TGT,F I,1,97.5
2025-12-15,9:44:10.315203077,T,TGT,F I,13,97.5
2025-12-15,9:44:10.315230145,T,TGT,F I,70,97.49
2025-12-15,9:44:10.315254465,T,TGT,I,1,97.49
2025-12-15,9:44:10.315260256,T,TGT,F I,4,97.49
2025-12-15,9:44:10.315260256,T,TGT,F I,28,97.49
2025-12-15,9:44:10.315263496,T,TGT,F I,20,97.49
2025-12-15,9:44:10.315263496,T,TGT,F I,1,97.49
2025-12-15,9:44:10.315266329,T,TGT,F I,53,97.49
2025-12-15,9:44:10.315266329,T,TGT,F I,53,97.49
2025-12-15,9:44:10.508933589,T,TGT,F I,50,97.49
2025-12-15,9:44:11.333849970,T,TGT,F I,50,97.49
2025-12-15,9:44:11.333919093,T,TGT,F I,50,97.49
2025-12-15,9:44:11.333961202,T,TGT,F I,43,97.49
2025-12-15,9:44:12.104790607,T,TGT,F I,50,97.48
2025-12-15,9:44:12.104811735,T,TGT,I,50,97.48
2025-12-15,9:44:12.347540985,T,TGT,F I,50,97.47
2025-12-15,9:44:12.347559202,T,TGT,F I,62,97.46
2025-12-15,9:44:28.957717782,T,TGT,F I,16,97.43
2025-12-15,9:44:28.957717782,T,TGT,F I,22,97.43
2025-12-15,9:44:28.957739539,T,TGT,F I,78,97.43
2025-12-15,9:44:28.957739539,T,TGT,F I,10,97.43
2025-12-15,9:44:28.957741836,T,TGT,F I,1,97.43
2025-12-15,9:44:28.957744833,T,TGT,F I,89,97.43
2025-12-15,9:44:28.957763747,T,TGT,I,11,97.43
2025-12-15,9:44:28.957838071,T,TGT,I,3,97.43
2025-12-15,9:44:28.958484603,T,TGT,F I,11,97.43
2025-12-15,9:44:30.179185801,T,TGT,,255,97.405
2025-12-15,9:44:31.231864769,T,TGT,I,8,97.405
2025-12-15,9:44:32.978320445,T,TGT,F,100,97.46
2025-12-15,9:44:32.980464496,T,TGT,F I,1,97.47
2025-12-15,9:44:32.980464496,T,TGT,F I,60,97.47
2025-12-15,9:44:32.980497562,T,TGT,I,40,97.47
2025-12-15,9:44:32.980522510,T,TGT,I,40,97.47
2025-12-15,9:44:32.980522510,T,TGT,F I,60,97.47
2025-12-15,9:44:32.980522510,T,TGT,F I,40,97.47
2025-12-15,9:44:32.980525133,T,TGT,I,60,97.47
2025-12-15,9:44:32.980530638,T,TGT,I,40,97.47
2025-12-15,9:44:32.980672001,T,TGT,F I,50,97.47
2025-12-15,9:44:32.982647700,T,TGT,I,10,97.47
2025-12-15,9:44:35.212252498,T,TGT,F I,3,97.47
2025-12-15,9:44:36.171186051,T,TGT,I,8,97.47
2025-12-15,9:44:37.997409965,T,TGT,F I,50,97.47
2025-12-15,9:44:48.656086961,T,TGT,F I,34,97.5
2025-12-15,9:44:48.656104945,T,TGT,F I,66,97.5
2025-12-15,9:44:52.498734446,T,TGT,I,25,97.545
2025-12-15,9:44:55.273715962,T,TGT,F I,3,97.54
2025-12-15,9:44:55.273715962,T,TGT,F I,10,97.54
2025-12-15,9:44:55.273715962,T,TGT,F I,3,97.53
2025-12-15,9:44:58.011251516,T,TGT,I,1,97.54
2025-12-15,9:44:58.016330546,T,TGT,F I,15,97.56
2025-12-15,9:44:58.108410153,T,TGT,I,60,97.59
2025-12-15,9:44:58.108415957,T,TGT,,100,97.59
2025-12-15,9:44:58.108415957,T,TGT,I,40,97.59
2025-12-15,9:44:59.859965706,T,TGT,F,100,97.61
2025-12-15,9:44:59.859986932,T,TGT,I,1,97.6
2025-12-15,9:44:59.859986932,T,TGT,I,20,97.6
2025-12-15,9:44:59.943397640,T,TGT,F I,30,97.6
2025-12-15,9:44:59.943402890,T,TGT,F I,15,97.6
2025-12-15,9:44:59.943402890,T,TGT,F I,5,97.6
2025-12-15,9:44:59.943405503,T,TGT,F I,52,97.6
2025-12-15,9:44:59.943805473,T,TGT,F I,90,97.59
2025-12-15,9:44:59.943823564,T,TGT,F I,10,97.59
2025-12-15,9:44:59.943823564,T,TGT,F I,84,97.59
2025-12-15,9:45:00.081906553,T,TGT,F I,15,97.6
2025-12-15,9:45:00.081906553,T,TGT,F I,30,97.6
2025-12-15,9:45:00.081909461,T,TGT,F I,15,97.6
2025-12-15,9:45:00.081912479,T,TGT,F I,15,97.6
2025-12-15,9:45:00.081915467,T,TGT,F,100,97.61
2025-12-15,9:45:00.084465559,T,TGT,F I,80,97.62
2025-12-15,9:45:00.283897692,T,TGT,F I,30,97.61
2025-12-15,9:45:00.283897692,T,TGT,F I,15,97.61
2025-12-15,9:45:00.283900731,T,TGT,F,100,97.6
2025-12-15,9:45:00.283903772,T,TGT,F I,25,97.6
2025-12-15,9:45:00.696125909,T,TGT,F I,25,97.6
2025-12-15,9:45:00.696128906,T,TGT,F,100,97.6
2025-12-15,9:45:02.622208580,T,TGT,I,8,97.615
2025-12-15,9:45:04.440767625,T,TGT,F,100,97.59
2025-12-15,9:45:04.440767625,T,TGT,F I,2,97.59
2025-12-15,9:45:04.440770182,T,TGT,F I,13,97.59
2025-12-15,9:45:04.441368665,T,TGT,F,101,97.57
2025-12-15,9:45:04.448982719,T,TGT,I,9,97.57
2025-12-15,9:45:04.449006859,T,TGT,F I,25,97.58
2025-12-15,9:45:05.318194496,T,TGT,,200,97.56
2025-12-15,9:45:05.318465151,T,TGT,F I,1,97.55
2025-12-15,9:45:08.580826303,T,TGT,I,31,97.535
2025-12-15,9:45:08.580829289,T,TGT,I,69,97.535
2025-12-15,9:45:10.333392554,T,TGT,F I,8,97.52
2025-12-15,9:45:11.851469251,T,TGT,I,25,97.525
2025-12-15,9:45:11.851469251,T,TGT,I,8,97.525
2025-12-15,9:45:13.426312069,T,TGT,I,25,97.525
2025-12-15,9:45:15.051946043,T,TGT,F I,4,97.51
2025-12-15,9:45:15.352539132,T,TGT,F I,8,97.52
2025-12-15,9:45:17.806938554,T,TGT,F I,74,97.56
2025-12-15,9:45:17.806956621,T,TGT,F I,12,97.56
2025-12-15,9:45:18.636010664,T,TGT,,100,97.535
2025-12-15,9:45:20.363966244,T,TGT,F I,2,97.52
2025-12-15,9:45:20.364249183,T,TGT,I,24,97.5
2025-12-15,9:45:20.364249183,T,TGT,,100,97.5
2025-12-15,9:45:20.602870367,T,TGT,F I,19,97.48
2025-12-15,9:45:20.602873373,T,TGT,F I,24,97.48
2025-12-15,9:45:20.603607134,T,TGT,F,257,97.48
2025-12-15,9:45:21.065700059,T,TGT,,100,97.44
2025-12-15,9:45:30.887456340,T,TGT,F I,50,97.48
2025-12-15,9:45:30.887477324,T,TGT,F I,50,97.48
2025-12-15,9:45:30.887483605,T,TGT,F I,50,97.49
2025-12-15,9:45:30.887862269,T,TGT,F I,50,97.49
2025-12-15,9:45:30.888123958,T,TGT,F I,12,97.48
2025-12-15,9:45:30.888325409,T,TGT,F I,12,97.46
2025-12-15,9:45:30.888328507,T,TGT,F I,24,97.46
2025-12-15,9:45:30.888328507,T,TGT,F I,11,97.46
2025-12-15,9:45:30.888508796,T,TGT,I,2,97.455
2025-12-15,9:45:31.467198422,T,TGT,F I,6,97.47
2025-12-15,9:45:31.804722553,T,TGT,I,4,97.455
2025-12-15,9:45:32.502832793,T,TGT,I,2,97.455
2025-12-15,9:45:37.206308434,T,TGT,I,25,97.46
2025-12-15,9:45:37.608228193,T,TGT,F I,7,97.44
2025-12-15,9:45:37.608231146,T,TGT,F I,3,97.44
2025-12-15,9:45:37.608233873,T,TGT,F I,2,97.44
2025-12-15,9:45:37.608236898,T,TGT,F I,18,97.44
2025-12-15,9:45:37.608236898,T,TGT,F I,12,97.44
2025-12-15,9:45:37.608246094,T,TGT,F I,88,97.44
2025-12-15,9:45:37.608483408,T,TGT,,200,97.43
2025-12-15,9:45:37.608720954,T,TGT,I,10,97.43
2025-12-15,9:45:37.608998159,T,TGT,I,10,97.43
2025-12-15,9:45:37.610522347,T,TGT,,150,97.41
2025-12-15,9:45:37.610682100,T,TGT,I,50,97.41
2025-12-15,9:45:37.610684722,T,TGT,I,84,97.41
2025-12-15,9:45:38.277658740,T,TGT,F I,16,97.42
2025-12-15,9:45:42.100158289,T,TGT,I,19,97.5
2025-12-15,9:45:42.104735180,T,TGT,I,40,97.51
2025-12-15,9:45:42.105231342,T,TGT,F I,6,97.52
2025-12-15,9:45:42.273864150,T,TGT,F,100,97.52
2025-12-15,9:45:42.273882222,T,TGT,F I,6,97.52
2025-12-15,9:45:42.276504425,T,TGT,I,24,97.53
2025-12-15,9:45:42.276504425,T,TGT,I,12,97.53
2025-12-15,9:45:42.276525444,T,TGT,I,4,97.53
2025-12-15,9:45:42.283102134,T,TGT,I,11,97.5
2025-12-15,9:45:42.283102134,T,TGT,I,22,97.5
2025-12-15,9:45:46.665839602,T,TGT,F I,25,97.5
2025-12-15,9:45:46.665842628,T,TGT,F I,8,97.5
2025-12-15,9:45:50.965795725,T,TGT,I,40,97.52
2025-12-15,9:45:55.356757541,T,TGT,F I,50,97.51
2025-12-15,9:45:55.356760781,T,TGT,F I,1,97.51
2025-12-15,9:45:55.356814879,T,TGT,,100,97.5
2025-12-15,9:45:55.356817721,T,TGT,I,17,97.5
2025-12-15,9:45:55.356820680,T,TGT,I,16,97.5
2025-12-15,9:45:55.356820680,T,TGT,,300,97.5
2025-12-15,9:45:55.357022353,T,TGT,I,25,97.505
2025-12-15,9:45:55.357022353,T,TGT,,100,97.51
2025-12-15,9:45:55.357022353,T,TGT,I,8,97.51
2025-12-15,9:45:55.357043309,T,TGT,I,14,97.51
2025-12-15,9:45:55.357043309,T,TGT,I,6,97.51
2025-12-15,9:45:55.357046300,T,TGT,I,1,97.51
2025-12-15,9:45:55.357091348,T,TGT,I,4,97.51
2025-12-15,9:45:55.357121697,T,TGT,I,36,97.51
2025-12-15,9:45:55.357136859,T,TGT,I,40,97.51
2025-12-15,9:45:55.357136859,T,TGT,F,100,97.52
2025-12-15,9:45:55.357139511,T,TGT,F,100,97.52
2025-12-15,9:45:55.357169541,T,TGT,,100,97.52
2025-12-15,9:45:55.357539445,T,TGT,,100,97.52
2025-12-15,9:45:55.357548549,T,TGT,,100,97.52
2025-12-15,9:45:55.357620637,T,TGT,F I,25,97.52
2025-12-15,9:45:55.357629647,T,TGT,F,100,97.52
2025-12-15,9:45:55.358721314,T,TGT,F I,22,97.54
2025-12-15,9:45:55.358721314,T,TGT,F I,11,97.54
2025-12-15,9:45:55.359912048,T,TGT,I,15,97.52
2025-12-15,9:45:55.894176891,T,TGT,F,100,97.55
2025-12-15,9:45:55.894179978,T,TGT,F,100,97.55
2025-12-15,9:45:55.894655715,T,TGT,,150,97.55
2025-12-15,9:45:55.894658254,T,TGT,,100,97.54
2025-12-15,9:45:55.894658254,T,TGT,I,5,97.54
2025-12-15,9:45:55.894703259,T,TGT,I,1,97.55
2025-12-15,9:45:55.894706208,T,TGT,,100,97.55
2025-12-15,9:45:55.904317031,T,TGT,F,100,97.56
2025-12-15,9:45:55.904317031,T,TGT,F I,5,97.56
2025-12-15,9:45:55.904320111,T,TGT,F I,55,97.56
2025-12-15,9:45:55.904344095,T,TGT,F,245,97.56
2025-12-15,9:45:55.912117804,T,TGT,F I,20,97.58
2025-12-15,9:45:55.912117804,T,TGT,F I,80,97.58
2025-12-15,9:45:56.565781989,T,TGT,I,27,97.58
2025-12-15,9:45:56.565827035,T,TGT,I,6,97.58
2025-12-15,9:46:00.817719905,T,TGT,F I,21,97.56
2025-12-15,9:46:00.817719905,T,TGT,F I,22,97.56
2025-12-15,9:46:00.817723021,T,TGT,F I,90,97.56
2025-12-15,9:46:00.817725706,T,TGT,F I,10,97.56
2025-12-15,9:46:00.817725706,T,TGT,F I,3,97.56
2025-12-15,9:46:02.650817816,T,TGT,F I,10,97.54
2025-12-15,9:46:07.480678470,T,TGT,F I,3,97.54
2025-12-15,9:46:11.394640891,T,TGT,,200,97.54
2025-12-15,9:46:11.394815332,T,TGT,F I,1,97.58
2025-12-15,9:46:12.402176333,T,TGT,F I,50,97.55
2025-12-15,9:46:12.402230435,T,TGT,F I,50,97.55
2025-12-15,9:46:12.402263470,T,TGT,F I,50,97.55
2025-12-15,9:46:17.221550980,T,TGT,F I,50,97.55
2025-12-15,9:46:23.026749130,T,TGT,I,11,97.56
2025-12-15,9:46:30.761864465,T,TGT,F,100,97.53
2025-12-15,9:46:30.761864465,T,TGT,F I,1,97.53
2025-12-15,9:46:30.761867129,T,TGT,F I,13,97.53
2025-12-15,9:46:30.761996471,T,TGT,F I,1,97.53
2025-12-15,9:46:30.762167813,T,TGT,F I,50,97.52
2025-12-15,9:46:30.762303153,T,TGT,F I,50,97.52
2025-12-15,9:46:30.762372323,T,TGT,F I,50,97.52
2025-12-15,9:46:30.762679023,T,TGT,I,4,97.515
2025-12-15,9:46:30.763536173,T,TGT,F I,12,97.53
2025-12-15,9:46:30.779726676,T,TGT,I,12,97.55
2025-12-15,9:46:32.341660240,T,TGT,F I,21,97.54
2025-12-15,9:46:32.341680906,T,TGT,F I,79,97.54
2025-12-15,9:46:32.341680906,T,TGT,F,200,97.54
2025-12-15,9:46:32.342074783,T,TGT,I,5,97.53
2025-12-15,9:46:32.342074783,T,TGT,I,7,97.52
2025-12-15,9:46:32.342919864,T,TGT,I,42,97.54
2025-12-15,9:46:32.453526334,T,TGT,,100,97.53
2025-12-15,9:46:32.545683841,T,TGT,,100,97.53
2025-12-15,9:46:32.616379253,T,TGT,F I,58,97.54
2025-12-15,9:46:41.265858678,T,TGT,I,8,97.53
2025-12-15,9:46:43.465909074,T,TGT,I,34,97.57
2025-12-15,9:46:43.472082779,T,TGT,I,51,97.6
2025-12-15,9:46:43.472176602,T,TGT,F I,49,97.6
2025-12-15,9:46:43.472176602,T,TGT,F I,12,97.6
2025-12-15,9:46:43.472179418,T,TGT,F I,3,97.6
2025-12-15,9:46:43.472182104,T,TGT,F I,5,97.6
2025-12-15,9:46:43.473445025,T,TGT,I,11,97.6
2025-12-15,9:46:43.473448086,T,TGT,I,4,97.6
2025-12-15,9:46:43.475198288,T,TGT,I,14,97.6
2025-12-15,9:46:43.475471877,T,TGT,I,60,97.6
2025-12-15,9:46:43.475528999,T,TGT,I,10,97.6
2025-12-15,9:46:43.476319938,T,TGT,I,2,97.6
2025-12-15,9:46:43.477381469,T,TGT,I,2,97.6
2025-12-15,9:46:43.483149168,T,TGT,I,30,97.59
2025-12-15,9:46:43.483149168,T,TGT,I,3,97.59
2025-12-15,9:46:44.202544008,T,TGT,F I,98,97.59
2025-12-15,9:46:44.202568163,T,TGT,F I,5,97.6
2025-12-15,9:46:44.203785948,T,TGT,I,50,97.6
2025-12-15,9:46:44.209045870,T,TGT,I,4,97.6
2025-12-15,9:46:44.209045870,T,TGT,I,4,97.6
2025-12-15,9:46:44.209048603,T,TGT,I,1,97.6
2025-12-15,9:46:44.209051580,T,TGT,I,2,97.6
2025-12-15,9:46:44.209171836,T,TGT,,100,97.6
2025-12-15,9:46:45.203680126,T,TGT,I,50,97.585
2025-12-15,9:46:45.203722295,T,TGT,I,50,97.585
2025-12-15,9:46:45.391676009,T,TGT,,100,97.6
2025-12-15,9:46:45.391676009,T,TGT,I,3,97.6
2025-12-15,9:46:45.392268487,T,TGT,F I,40,97.61
2025-12-15,9:46:45.418632337,T,TGT,F I,40,97.62
2025-12-15,9:46:45.418635298,T,TGT,F,100,97.62
2025-12-15,9:46:45.419326885,T,TGT,F I,40,97.64
2025-12-15,9:46:45.419329951,T,TGT,F I,40,97.64
2025-12-15,9:46:46.997089890,T,TGT,F,100,97.61
2025-12-15,9:46:46.997089890,T,TGT,F I,3,97.61
2025-12-15,9:47:08.416570288,T,TGT,,100,97.6
2025-12-15,9:47:13.314555160,T,TGT,I,50,97.605
2025-12-15,9:47:13.314606366,T,TGT,I,50,97.605
2025-12-15,9:47:13.314666424,T,TGT,I,50,97.605
2025-12-15,9:47:16.145165808,T,TGT,I,5,97.61
2025-12-15,9:47:19.435043001,T,TGT,,100,97.58
2025-12-15,9:47:19.435046156,T,TGT,I,2,97.58
2025-12-15,9:47:19.435046156,T,TGT,I,18,97.58
2025-12-15,9:47:19.435048780,T,TGT,,100,97.58
2025-12-15,9:47:19.435048780,T,TGT,,100,97.58
2025-12-15,9:47:19.435051505,T,TGT,F,200,97.58
2025-12-15,9:47:19.435322214,T,TGT,F I,14,97.58
2025-12-15,9:47:21.916352920,T,TGT,,100,97.55
2025-12-15,9:47:22.077681328,T,TGT,F I,23,97.57
2025-12-15,9:47:32.715546500,T,TGT,F,100,97.57
2025-12-15,9:47:32.715546500,T,TGT,F I,23,97.57
2025-12-15,9:47:32.715551783,T,TGT,F,300,97.57
2025-12-15,9:47:32.715551783,T,TGT,F,100,97.57
2025-12-15,9:47:32.715551783,T,TGT,F,110,97.57
2025-12-15,9:47:32.715560840,T,TGT,F I,90,97.57
2025-12-15,9:47:32.716667482,T,TGT,,111,97.56
2025-12-15,9:47:32.721094003,T,TGT,F I,50,97.56
2025-12-15,9:47:34.487643628,T,TGT,F I,50,97.56
2025-12-15,9:47:34.487697784,T,TGT,F I,50,97.56
2025-12-15,9:47:34.487794043,T,TGT,,139,97.56
2025-12-15,9:47:35.110631880,T,TGT,F I,15,97.59
2025-12-15,9:47:49.933783294,T,TGT,F,100,97.55
2025-12-15,9:47:49.933783294,T,TGT,F I,10,97.55
2025-12-15,9:47:49.933786268,T,TGT,F,287,97.55
2025-12-15,9:47:49.933789312,T,TGT,F I,13,97.55
2025-12-15,9:47:49.933789312,T,TGT,F,100,97.55
2025-12-15,9:47:49.933801454,T,TGT,F,100,97.55
2025-12-15,9:47:49.933804736,T,TGT,F,100,97.55
2025-12-15,9:47:49.934601198,T,TGT,,100,97.54
2025-12-15,9:47:49.934604228,T,TGT,I,5,97.54
2025-12-15,9:47:49.938672884,T,TGT,I,2,97.53
2025-12-15,9:47:49.938675971,T,TGT,,100,97.53
2025-12-15,9:47:49.938697003,T,TGT,,101,97.53
2025-12-15,9:47:49.939015719,T,TGT,I,99,97.525
2025-12-15,9:47:51.276340748,T,TGT,I,2,97.5
2025-12-15,9:47:53.179969186,T,TGT,F,100,97.48
2025-12-15,9:47:53.180017155,T,TGT,F,100,97.47
2025-12-15,9:47:53.180396077,T,TGT,,100,97.46
2025-12-15,9:47:53.180417043,T,TGT,I,28,97.46
2025-12-15,9:47:53.180441102,T,TGT,F I,72,97.46
2025-12-15,9:47:53.180474227,T,TGT,,100,97.46
2025-12-15,9:47:53.180477294,T,TGT,I,72,97.46
2025-12-15,9:47:53.180895759,T,TGT,I,50,97.46
2025-12-15,9:47:53.180895759,T,TGT,,100,97.46
2025-12-15,9:47:53.180898210,T,TGT,,100,97.46
2025-12-15,9:47:53.180901290,T,TGT,,200,97.46
2025-12-15,9:47:53.180916259,T,TGT,F,100,97.46
2025-12-15,9:47:53.180919754,T,TGT,I,8,97.46
2025-12-15,9:47:53.180922538,T,TGT,F I,20,97.46
2025-12-15,9:47:53.180922538,T,TGT,F I,80,97.46
2025-12-15,9:47:53.180925366,T,TGT,,100,97.46
2025-12-15,9:47:53.180931372,T,TGT,F I,20,97.46
2025-12-15,9:47:56.104752017,T,TGT,F,100,97.46
2025-12-15,9:47:56.104752017,T,TGT,F,100,97.46
2025-12-15,9:47:56.104755030,T,TGT,F,100,97.46
2025-12-15,9:47:56.104818130,T,TGT,F I,10,97.45
2025-12-15,9:47:56.104818130,T,TGT,F I,3,97.45
2025-12-15,9:48:15.321851478,T,TGT,F I,1,97.39
2025-12-15,9:48:21.573851188,T,TGT,I,1,97.38
2025-12-15,9:48:21.574314241,T,TGT,,100,97.38
2025-12-15,9:48:21.574314241,T,TGT,,100,97.38
2025-12-15,9:48:21.574332299,T,TGT,I,17,97.37
2025-12-15,9:48:21.574350301,T,TGT,F I,5,97.37
2025-12-15,9:48:21.574392394,T,TGT,I,93,97.38
2025-12-15,9:48:21.574539765,T,TGT,I,50,97.405
2025-12-15,9:48:21.574594052,T,TGT,I,50,97.405
2025-12-15,9:48:21.574636018,T,TGT,F I,50,97.405
2025-12-15,9:48:21.574687563,T,TGT,I,7,97.38
2025-12-15,9:48:21.574687563,T,TGT,I,12,97.38
2025-12-15,9:48:21.574858903,T,TGT,,138,97.38
2025-12-15,9:48:21.574858903,T,TGT,,100,97.38
2025-12-15,9:48:21.574861598,T,TGT,I,62,97.37
2025-12-15,9:48:21.574880122,T,TGT,,100,97.37
2025-12-15,9:48:21.574880122,T,TGT,,100,97.37
2025-12-15,9:48:21.574882563,T,TGT,I,1,97.37
2025-12-15,9:48:21.574909809,T,TGT,I,15,97.37
2025-12-15,9:48:21.575324808,T,TGT,I,84,97.36
2025-12-15,9:48:21.575324808,T,TGT,I,25,97.36
2025-12-15,9:48:22.492633096,T,TGT,,100,97.38
2025-12-15,9:48:24.916668973,T,TGT,I,32,97.355
2025-12-15,9:48:28.736248760,T,TGT,F I,1,97.41
2025-12-15,9:48:28.736356963,T,TGT,I,9,97.41
2025-12-15,9:48:44.228019176,T,TGT,I,81,97.47
2025-12-15,9:48:44.228049272,T,TGT,F I,19,97.47
2025-12-15,9:48:44.228416077,T,TGT,I,81,97.48
2025-12-15,9:48:44.228710847,T,TGT,I,10,97.49
2025-12-15,9:48:44.228710847,T,TGT,I,6,97.49
2025-12-15,9:48:44.228996463,T,TGT,I,29,97.47
2025-12-15,9:48:44.228996463,T,TGT,I,71,97.465
2025-12-15,9:48:44.229098725,T,TGT,F I,27,97.48
2025-12-15,9:48:44.229360327,T,TGT,F,100,97.48
2025-12-15,9:48:44.229363394,T,TGT,F I,29,97.48
2025-12-15,9:48:44.229363394,T,TGT,F I,11,97.48
2025-12-15,9:48:44.229585912,T,TGT,,102,97.475
2025-12-15,9:48:53.006487921,T,TGT,,100,97.42
2025-12-15,9:48:56.908349545,T,TGT,,100,97.4
2025-12-15,9:48:56.908352667,T,TGT,I,15,97.39
2025-12-15,9:48:56.908457916,T,TGT,I,85,97.39
2025-12-15,9:48:56.908457916,T,TGT,I,15,97.39
2025-12-15,9:49:00.321745663,T,TGT,F I,1,97.39
2025-12-15,9:49:00.321745663,T,TGT,F I,86,97.39
2025-12-15,9:49:00.321748602,T,TGT,F I,9,97.39
2025-12-15,9:49:00.321763963,T,TGT,I,1,97.39
2025-12-15,9:49:00.321766714,T,TGT,I,90,97.39
2025-12-15,9:49:00.321803129,T,TGT,F,300,97.38
2025-12-15,9:49:00.321803129,T,TGT,F I,10,97.38
2025-12-15,9:49:00.321805754,T,TGT,F I,17,97.38
2025-12-15,9:49:08.096601218,T,TGT,F,100,97.34
2025-12-15,9:49:08.096601218,T,TGT,F I,1,97.34
2025-12-15,9:49:08.096603354,T,TGT,F I,8,97.34
2025-12-15,9:49:08.113738116,T,TGT,F I,1,97.32
2025-12-15,9:49:14.535284787,T,TGT,F I,2,97.27
2025-12-15,9:49:14.535768939,T,TGT,F I,31,97.27
2025-12-15,9:49:14.535772153,T,TGT,F,100,97.27
2025-12-15,9:49:14.535772153,T,TGT,F I,10,97.27
2025-12-15,9:49:14.535835150,T,TGT,I,15,97.26
2025-12-15,9:49:14.535835150,T,TGT,I,6,97.26
2025-12-15,9:49:14.535838320,T,TGT,I,22,97.26
2025-12-15,9:49:15.681468408,T,TGT,I,11,97.26
2025-12-15,9:49:15.681472216,T,TGT,,100,97.26
2025-12-15,9:49:15.681474549,T,TGT,,100,97.26
2025-12-15,9:49:15.681474549,T,TGT,,206,97.26
2025-12-15,9:49:15.681486520,T,TGT,F I,3,97.26
2025-12-15,9:49:15.681489463,T,TGT,I,91,97.26
2025-12-15,9:49:15.681991717,T,TGT,,100,97.26
2025-12-15,9:49:15.952071115,T,TGT,,100,97.25
2025-12-15,9:49:15.954897891,T,TGT,,200,97.25
2025-12-15,9:49:16.008250946,T,TGT,I,50,97.225
2025-12-15,9:49:17.751401818,T,TGT,F,100,97.21
2025-12-15,9:49:17.751600250,T,TGT,F I,20,97.2
2025-12-15,9:49:17.751648365,T,TGT,F I,10,97.2
2025-12-15,9:49:17.752207649,T,TGT,F I,63,97.19
2025-12-15,9:49:17.767297597,T,TGT,I,2,97.17
2025-12-15,9:49:17.771682099,T,TGT,I,25,97.165
2025-12-15,9:49:17.785629482,T,TGT,I,25,97.18
2025-12-15,9:49:22.739565406,T,TGT,I,25,97.175
2025-12-15,9:49:22.739568461,T,TGT,I,25,97.175
2025-12-15,9:49:35.171807842,T,TGT,F I,50,97.18
2025-12-15,9:49:35.171852997,T,TGT,F I,19,97.18
2025-12-15,9:49:39.950468554,T,TGT,I,55,97.13
2025-12-15,9:49:39.950471427,T,TGT,,100,97.13
2025-12-15,9:49:39.950474601,T,TGT,,300,97.13
2025-12-15,9:49:39.950474601,T,TGT,I,1,97.13
2025-12-15,9:49:39.950477602,T,TGT,I,8,97.13
2025-12-15,9:49:39.950480819,T,TGT,I,10,97.13
2025-12-15,9:49:39.950480819,T,TGT,I,5,97.13
2025-12-15,9:49:39.950480819,T,TGT,F I,2,97.13
2025-12-15,9:49:39.950483486,T,TGT,F I,98,97.13
2025-12-15,9:49:39.950829326,T,TGT,F,100,97.13
2025-12-15,9:49:40.750055758,T,TGT,F,100,97.1
2025-12-15,9:49:40.750058396,T,TGT,F,100,97.1
2025-12-15,9:49:40.750058396,T,TGT,F I,4,97.1
2025-12-15,9:49:40.750073694,T,TGT,I,1,97.1
2025-12-15,9:49:40.750080267,T,TGT,F,195,97.1
2025-12-15,9:49:40.750933565,T,TGT,F,100,97.11
2025-12-15,9:49:41.275418992,T,TGT,,100,97.09
2025-12-15,9:49:44.310670508,T,TGT,F,100,97.11
2025-12-15,9:49:44.310688249,T,TGT,F,100,97.11
2025-12-15,9:49:44.310691195,T,TGT,F,100,97.11
2025-12-15,9:49:44.311031032,T,TGT,F,100,97.11
2025-12-15,9:49:44.311698602,T,TGT,F I,10,97.09
2025-12-15,9:49:44.312281955,T,TGT,F I,50,97.08
2025-12-15,9:49:44.312330120,T,TGT,,150,97.08
2025-12-15,9:49:44.312486456,T,TGT,F I,33,97.06
2025-12-15,9:49:44.313082084,T,TGT,I,6,97.07
2025-12-15,9:49:44.313084922,T,TGT,I,11,97.06
2025-12-15,9:49:44.338218784,T,TGT,F I,11,97.055
2025-12-15,9:49:44.339566099,T,TGT,F I,11,97.06
2025-12-15,9:49:44.339647222,T,TGT,F I,20,97.07
2025-12-15,9:49:51.476727490,T,TGT,F,100,97.07
2025-12-15,9:49:51.476730450,T,TGT,F,100,97.07
2025-12-15,9:49:59.058215683,T,TGT,F I,20,97.07
2025-12-15,9:49:59.058272794,T,TGT,F I,5,97.08
2025-12-15,9:49:59.417680083,T,TGT,F I,7,97.11
2025-12-15,9:50:00.040686205,T,TGT,F I,48,97.11
2025-12-15,9:50:00.044682824,T,TGT,I,1,97.1
2025-12-15,9:50:03.083728882,T,TGT,F,396,97.12
2025-12-15,9:50:03.083731830,T,TGT,F,132,97.12
2025-12-15,9:50:03.083743918,T,TGT,F,472,97.12
2025-12-15,9:50:03.085301657,T,TGT,F,200,97.15
2025-12-15,9:50:03.085304715,T,TGT,F I,25,97.15
2025-12-15,9:50:03.085307596,T,TGT,F I,5,97.15
2025-12-15,9:50:03.085346698,T,TGT,F,100,97.15
2025-12-15,9:50:03.085355700,T,TGT,,100,97.14
2025-12-15,9:50:03.085376724,T,TGT,I,1,97.15
2025-12-15,9:50:03.085412923,T,TGT,I,99,97.15
2025-12-15,9:50:03.085581280,T,TGT,,100,97.15
2025-12-15,9:50:03.514658496,T,TGT,F,100,97.16
2025-12-15,9:50:03.514673535,T,TGT,I,1,97.16
2025-12-15,9:50:03.514682755,T,TGT,F I,99,97.16
2025-12-15,9:50:03.514685600,T,TGT,F I,1,97.16
2025-12-15,9:50:03.514685600,T,TGT,I,20,97.16
2025-12-15,9:50:03.514691524,T,TGT,,100,97.15
2025-12-15,9:50:03.514691524,T,TGT,I,1,97.14
2025-12-15,9:50:03.514694881,T,TGT,I,2,97.14
2025-12-15,9:50:03.514694881,T,TGT,I,2,97.16
2025-12-15,9:50:03.514863020,T,TGT,I,77,97.16
2025-12-15,9:50:04.174063429,T,TGT,,100,97.16
2025-12-15,9:50:04.174099578,T,TGT,,100,97.16
2025-12-15,9:50:04.174334035,T,TGT,F I,3,97.16
2025-12-15,9:50:04.174349085,T,TGT,F I,3,97.16
2025-12-15,9:50:07.567705415,T,TGT,I,95,97.1
2025-12-15,9:50:07.569443531,T,TGT,F I,44,97.09
2025-12-15,9:50:07.569443531,T,TGT,F I,56,97.09
2025-12-15,9:50:07.569464656,T,TGT,F I,10,97.08
2025-12-15,9:50:11.927904090,T,TGT,F I,71,97.02
2025-12-15,9:50:11.927925122,T,TGT,I,29,97.02
2025-12-15,9:50:11.927928246,T,TGT,I,2,97.02
2025-12-15,9:50:11.927928246,T,TGT,I,69,97.02
2025-12-15,9:50:11.927931153,T,TGT,I,1,97.02
2025-12-15,9:50:11.928313144,T,TGT,F I,46,97.05
2025-12-15,9:50:11.928325441,T,TGT,F,100,97.055
2025-12-15,9:50:19.546485471,T,TGT,,100,97.04
2025-12-15,9:50:19.546488455,T,TGT,I,38,97.04
2025-12-15,9:50:19.546488455,T,TGT,I,1,97.04
2025-12-15,9:50:19.577513442,T,TGT,I,10,97.03
2025-12-15,9:50:19.577513442,T,TGT,I,8,97.03
2025-12-15,9:50:19.577531491,T,TGT,F I,92,97.03
2025-12-15,9:50:19.577552535,T,TGT,I,1,97.03
2025-12-15,9:50:19.577555554,T,TGT,,100,97.03
2025-12-15,9:50:19.577570540,T,TGT,F I,92,97.03
2025-12-15,9:50:19.578087761,T,TGT,I,13,97.05
2025-12-15,9:50:19.578090745,T,TGT,I,37,97.05
2025-12-15,9:50:19.578144892,T,TGT,F I,43,97.05
2025-12-15,9:50:20.142977529,T,TGT,I,50,97.055
2025-12-15,9:50:20.603202986,T,TGT,I,6,97.04
2025-12-15,9:50:20.607070163,T,TGT,F I,94,97.04
2025-12-15,9:50:20.607073219,T,TGT,F I,13,97.04
2025-12-15,9:50:20.611869629,T,TGT,F I,7,97.03
2025-12-15,9:50:20.613162716,T,TGT,,100,97.02
2025-12-15,9:50:21.807343706,T,TGT,F I,1,97.02
2025-12-15,9:50:21.807347011,T,TGT,F I,2,97.0
2025-12-15,9:50:21.807347011,T,TGT,F I,63,97.0
2025-12-15,9:50:21.807349952,T,TGT,F I,48,97.0
2025-12-15,9:50:21.807352704,T,TGT,F,100,97.0
2025-12-15,9:50:21.807367811,T,TGT,F I,1,97.0
2025-12-15,9:50:22.773873947,T,TGT,F I,10,97.0
2025-12-15,9:50:22.773873947,T,TGT,F I,98,97.0
2025-12-15,9:50:22.773891445,T,TGT,I,1,97.0
2025-12-15,9:50:22.773894876,T,TGT,I,1,97.0
2025-12-15,9:50:22.773894876,T,TGT,I,99,97.0
2025-12-15,9:50:22.773897431,T,TGT,I,1,97.0
2025-12-15,9:50:25.932027304,T,TGT,F I,24,96.99
2025-12-15,9:50:30.848999457,T,TGT,I,12,96.97
2025-12-15,9:50:34.613918493,T,TGT,F I,80,96.96
2025-12-15,9:50:34.613921315,T,TGT,F I,5,96.96
2025-12-15,9:50:34.613924242,T,TGT,F I,2,96.96
2025-12-15,9:50:34.613924242,T,TGT,F I,2,96.96
2025-12-15,9:50:39.288247943,T,TGT,F,100,96.91
2025-12-15,9:50:39.288250975,T,TGT,F I,18,96.91
2025-12-15,9:50:39.288265973,T,TGT,I,1,96.91
2025-12-15,9:50:39.288265973,T,TGT,,100,96.91
2025-12-15,9:50:39.314879420,T,TGT,F,181,96.91
2025-12-15,9:50:39.320105882,T,TGT,I,1,96.89
2025-12-15,9:50:39.322592740,T,TGT,,100,96.89
2025-12-15,9:50:39.332723887,T,TGT,F,100,96.88
2025-12-15,9:50:39.332744975,T,TGT,F I,20,96.88
2025-12-15,9:50:39.333325297,T,TGT,I,6,96.89
2025-12-15,9:50:39.333526811,T,TGT,I,94,96.89
2025-12-15,9:50:39.333526811,T,TGT,,100,96.89
2025-12-15,9:50:39.334365773,T,TGT,F I,44,96.89
2025-12-15,9:50:39.334386827,T,TGT,F,150,96.89
2025-12-15,9:50:39.412467843,T,TGT,I,5,96.89
2025-12-15,9:50:44.476962431,T,TGT,F,100,96.88
2025-12-15,9:50:44.476962431,T,TGT,F I,11,96.88
2025-12-15,9:50:47.509251556,T,TGT,I,1,96.84
2025-12-15,9:50:57.518074478,T,TGT,F,100,96.87
2025-12-15,9:50:57.518808201,T,TGT,I,86,96.87
2025-12-15,9:50:57.518808201,T,TGT,I,14,96.87
2025-12-15,9:50:57.518931516,T,TGT,,100,96.86
2025-12-15,9:51:03.247675668,T,TGT,F I,3,96.84
2025-12-15,9:51:03.247735796,T,TGT,F I,12,96.84
2025-12-15,9:51:03.249982238,T,TGT,F,129,96.83
2025-12-15,9:51:03.250003285,T,TGT,I,71,96.83
2025-12-15,9:51:03.250003285,T,TGT,I,29,96.83
2025-12-15,9:51:03.250006286,T,TGT,I,1,96.83
2025-12-15,9:51:03.250012293,T,TGT,I,16,96.83
2025-12-15,9:51:03.382162136,T,TGT,F I,1,96.83
2025-12-15,9:51:03.548325907,T,TGT,I,10,96.8
2025-12-15,9:51:03.549131890,T,TGT,I,7,96.81
2025-12-15,9:51:03.549131890,T,TGT,I,3,96.81
2025-12-15,9:51:03.549161939,T,TGT,F I,23,96.81
2025-12-15,9:51:03.550572266,T,TGT,F I,7,96.79
2025-12-15,9:51:03.550626379,T,TGT,I,14,96.81
2025-12-15,9:51:16.281792830,T,TGT,I,50,96.805
2025-12-15,9:51:16.646670173,T,TGT,F I,14,96.8
2025-12-15,9:51:17.017826348,T,TGT,F I,10,96.78
2025-12-15,9:51:24.000049681,T,TGT,F I,50,96.79
2025-12-15,9:51:26.508815517,T,TGT,F I,9,96.76
2025-12-15,9:51:26.508818725,T,TGT,F I,25,96.76
2025-12-15,9:51:26.508824914,T,TGT,F,300,96.76
2025-12-15,9:51:26.508824914,T,TGT,F I,33,96.76
2025-12-15,9:51:26.508824914,T,TGT,F I,50,96.76
2025-12-15,9:51:26.508839622,T,TGT,I,50,96.76
2025-12-15,9:51:26.524302606,T,TGT,F,300,96.74
2025-12-15,9:51:26.524302606,T,TGT,F,100,96.74
2025-12-15,9:51:26.524368767,T,TGT,F I,33,96.73
2025-12-15,9:51:26.524431804,T,TGT,,100,96.74
2025-12-15,9:51:26.524588098,T,TGT,I,12,96.74
2025-12-15,9:51:26.570444721,T,TGT,I,12,96.73
2025-12-15,9:51:26.570444721,T,TGT,I,39,96.73
2025-12-15,9:51:26.570447436,T,TGT,I,1,96.73
2025-12-15,9:51:37.545833092,T,TGT,F I,5,96.7
2025-12-15,9:51:37.545875296,T,TGT,F I,38,96.69
2025-12-15,9:51:37.545881098,T,TGT,F I,38,96.69
2025-12-15,9:51:37.550196634,T,TGT,I,3,96.65
2025-12-15,9:51:37.550199491,T,TGT,I,33,96.65
2025-12-15,9:51:38.052462054,T,TGT,I,25,96.69
2025-12-15,9:51:43.610868263,T,TGT,F I,3,96.72
2025-12-15,9:51:47.846880092,T,TGT,,121,96.73
2025-12-15,9:51:47.941533606,T,TGT,,100,96.73
2025-12-15,9:51:57.092301327,T,TGT,I,10,96.735
2025-12-15,9:52:00.359155254,T,TGT,F I,50,96.735
2025-12-15,9:52:00.359206388,T,TGT,F I,50,96.735
2025-12-15,9:52:00.469253667,T,TGT,I,50,96.735
2025-12-15,9:52:00.469259575,T,TGT,I,50,96.73
2025-12-15,9:52:02.270956810,T,TGT,F,100,96.73
2025-12-15,9:52:02.407244550,T,TGT,I,19,96.72
2025-12-15,9:52:02.414326401,T,TGT,I,6,96.72
2025-12-15,9:52:05.238964789,T,TGT,F I,50,96.74
2025-12-15,9:52:05.238976822,T,TGT,I,50,96.74
2025-12-15,9:52:05.239039954,T,TGT,,100,96.74
2025-12-15,9:52:07.872107398,T,TGT,F I,36,96.7
2025-12-15,9:52:07.872112993,T,TGT,F I,64,96.7
2025-12-15,9:52:07.872112993,T,TGT,F I,26,96.7
2025-12-15,9:52:07.872133972,T,TGT,,100,96.7
2025-12-15,9:52:07.872136994,T,TGT,I,1,96.7
2025-12-15,9:52:07.872146015,T,TGT,F,173,96.7
2025-12-15,9:52:07.873733880,T,TGT,I,10,96.69
2025-12-15,9:52:07.873733880,T,TGT,I,14,96.69
2025-12-15,9:52:07.878136317,T,TGT,F I,86,96.69
2025-12-15,9:52:07.878536217,T,TGT,F I,1,96.7
2025-12-15,9:52:07.878563329,T,TGT,F I,14,96.7
2025-12-15,9:52:10.111860886,T,TGT,F I,36,96.7
2025-12-15,9:52:10.119246496,T,TGT,I,15,96.74
2025-12-15,9:52:10.119514170,T,TGT,,185,96.74
2025-12-15,9:52:10.119856959,T,TGT,I,4,96.76
2025-12-15,9:52:10.285124704,T,TGT,F,100,96.78
2025-12-15,9:52:10.285127675,T,TGT,F I,32,96.78
2025-12-15,9:52:10.285133701,T,TGT,F I,45,96.78
2025-12-15,9:52:10.285145742,T,TGT,I,20,96.78
2025-12-15,9:52:10.285148942,T,TGT,I,1,96.78
2025-12-15,9:52:10.285211864,T,TGT,F I,2,96.78
2025-12-15,9:52:10.285214926,T,TGT,F I,8,96.78
2025-12-15,9:52:10.285214926,T,TGT,F I,2,96.78
2025-12-15,9:52:10.285217893,T,TGT,F,100,96.78
2025-12-15,9:52:10.285671960,T,TGT,F,142,96.78
2025-12-15,9:52:11.135878539,T,TGT,F I,22,96.78
2025-12-15,9:52:11.135881542,T,TGT,F I,52,96.78
2025-12-15,9:52:11.135906159,T,TGT,F,146,96.78
2025-12-15,9:52:11.135908575,T,TGT,F,150,96.78
2025-12-15,9:52:11.135912664,T,TGT,F,200,96.78
2025-12-15,9:52:11.135915028,T,TGT,F,100,96.78
2025-12-15,9:52:11.135917624,T,TGT,F,198,96.78
2025-12-15,9:52:11.136254394,T,TGT,F I,20,96.79
2025-12-15,9:52:11.136260449,T,TGT,F I,20,96.79
2025-12-15,9:52:11.136263426,T,TGT,F I,60,96.79
2025-12-15,9:52:11.136266413,T,TGT,F I,40,96.79
2025-12-15,9:52:11.136819817,T,TGT,I,6,96.79
2025-12-15,9:52:11.249702668,T,TGT,I,9,96.78
2025-12-15,9:52:12.436678569,T,TGT,F I,12,96.73
2025-12-15,9:52:12.436684501,T,TGT,F,100,96.73
2025-12-15,9:52:20.562045347,T,TGT,I,9,96.76
2025-12-15,9:52:25.392483250,T,TGT,,100,96.755
2025-12-15,9:52:55.880864309,T,TGT,I,50,96.73
2025-12-15,9:52:55.881628198,T,TGT,F,100,96.71
2025-12-15,9:52:55.881628198,T,TGT,F I,5,96.71
2025-12-15,9:52:57.295867296,T,TGT,F I,3,96.73
2025-12-15,9:53:02.235769446,T,TGT,F I,1,96.78
2025-12-15,9:53:02.235772179,T,TGT,F I,16,96.78
2025-12-15,9:53:02.235841362,T,TGT,F,100,96.79
2025-12-15,9:53:02.236845797,T,TGT,I,1,96.77
2025-12-15,9:53:02.236845797,T,TGT,I,14,96.77
2025-12-15,9:53:02.236848923,T,TGT,I,3,96.77
2025-12-15,9:53:02.237125336,T,TGT,I,9,96.8
2025-12-15,9:53:02.237153116,T,TGT,I,7,96.79
2025-12-15,9:53:02.237153116,T,TGT,I,39,96.77
2025-12-15,9:53:02.237159020,T,TGT,F I,12,96.8
2025-12-15,9:53:02.237159020,T,TGT,F,100,96.8
2025-12-15,9:53:02.237161405,T,TGT,F,100,96.8
2025-12-15,9:53:02.237185498,T,TGT,,100,96.79
2025-12-15,9:53:02.237194684,T,TGT,F I,7,96.79
2025-12-15,9:53:02.252143188,T,TGT,F I,14,96.8
2025-12-15,9:53:02.252143188,T,TGT,F I,5,96.8
2025-12-15,9:53:02.252146137,T,TGT,F,100,96.79
2025-12-15,9:53:02.252170236,T,TGT,F I,21,96.78
2025-12-15,9:53:02.252173162,T,TGT,F I,21,96.78
2025-12-15,9:53:02.307745653,T,TGT,I,50,96.78
2025-12-15,9:53:10.225419551,T,TGT,I,23,96.7
2025-12-15,9:53:10.225440622,T,TGT,F I,27,96.7
2025-12-15,9:53:10.225455788,T,TGT,F I,93,96.69
2025-12-15,9:53:10.225455788,T,TGT,F I,1,96.69
2025-12-15,9:53:10.225765392,T,TGT,F I,20,96.68
2025-12-15,9:53:10.226162333,T,TGT,I,2,96.69
2025-12-15,9:53:10.226162333,T,TGT,F I,1,96.68
2025-12-15,9:53:10.226192420,T,TGT,F I,1,96.69
2025-12-15,9:53:10.226523229,T,TGT,I,13,96.68
2025-12-15,9:53:10.255581484,T,TGT,F I,57,96.665
2025-12-15,9:53:10.387247116,T,TGT,I,57,96.65
2025-12-15,9:53:10.387250242,T,TGT,I,33,96.64
2025-12-15,9:53:10.387250242,T,TGT,I,1,96.64
2025-12-15,9:53:10.630908622,T,TGT,I,43,96.62
2025-12-15,9:53:10.630911677,T,TGT,I,50,96.62
2025-12-15,9:53:12.108574976,T,TGT,F I,2,96.62
2025-12-15,9:53:18.751990551,T,TGT,F I,29,96.58
2025-12-15,9:53:18.751990551,T,TGT,F I,3,96.58
2025-12-15,9:53:18.751993185,T,TGT,F I,1,96.58
2025-12-15,9:53:18.751996208,T,TGT,F I,43,96.58
2025-12-15,9:53:18.752865209,T,TGT,F I,4,96.57
2025-12-15,9:53:18.752886285,T,TGT,F,196,96.57
2025-12-15,9:53:18.753806553,T,TGT,F I,10,96.55
2025-12-15,9:53:18.768150626,T,TGT,F,100,96.55
2025-12-15,9:53:18.768153648,T,TGT,F,100,96.55
2025-12-15,9:53:18.768153648,T,TGT,F,101,96.54
2025-12-15,9:53:18.768199178,T,TGT,I,9,96.54
2025-12-15,9:53:18.768202218,T,TGT,I,1,96.54
2025-12-15,9:53:18.768243928,T,TGT,,100,96.54
2025-12-15,9:53:18.768376185,T,TGT,F I,7,96.55
2025-12-15,9:53:18.768379665,T,TGT,F I,1,96.55
2025-12-15,9:53:18.802874357,T,TGT,F I,8,96.56
2025-12-15,9:53:18.802988663,T,TGT,F I,56,96.57
2025-12-15,9:53:18.803016592,T,TGT,F I,21,96.58
2025-12-15,9:53:18.803016592,T,TGT,F,100,96.58
2025-12-15,9:53:18.803016592,T,TGT,F I,21,96.58
2025-12-15,9:53:21.383075467,T,TGT,F I,50,96.59
2025-12-15,9:53:21.383144703,T,TGT,I,50,96.59
2025-12-15,9:53:21.383147607,T,TGT,,100,96.59
2025-12-15,9:53:21.524493398,T,TGT,,100,96.59
2025-12-15,9:53:24.494146785,T,TGT,I,21,96.59
2025-12-15,9:53:24.494146785,T,TGT,I,1,96.59
2025-12-15,9:53:24.494149320,T,TGT,I,1,96.59
2025-12-15,9:53:24.494149320,T,TGT,I,6,96.59
2025-12-15,9:53:34.369294592,T,TGT,F I,89,96.54
2025-12-15,9:53:34.369294592,T,TGT,F I,10,96.54
2025-12-15,9:53:34.369300610,T,TGT,F I,85,96.54
2025-12-15,9:53:34.369300610,T,TGT,F,315,96.54
2025-12-15,9:53:34.369303573,T,TGT,F,200,96.54
2025-12-15,9:53:34.370407252,T,TGT,I,1,96.52
2025-12-15,9:53:34.377735665,T,TGT,F I,1,96.51
2025-12-15,9:53:34.377735665,T,TGT,F I,3,96.5
2025-12-15,9:53:34.389217049,T,TGT,F I,86,96.5
2025-12-15,9:53:36.724692071,T,TGT,I,50,96.545
2025-12-15,9:53:36.724704024,T,TGT,I,50,96.545
2025-12-15,9:53:44.155719574,T,TGT,I,26,96.52
2025-12-15,9:53:44.156730109,T,TGT,I,3,96.52
2025-12-15,9:53:48.525276944,T,TGT,F,100,96.5
2025-12-15,9:53:48.525279615,T,TGT,F,100,96.5
2025-12-15,9:53:48.525282684,T,TGT,F I,6,96.5
2025-12-15,9:53:48.525282684,T,TGT,F I,5,96.5
2025-12-15,9:53:48.525291727,T,TGT,I,59,96.5
2025-12-15,9:53:48.525298015,T,TGT,I,1,96.5
2025-12-15,9:53:48.525298015,T,TGT,F I,12,96.5
2025-12-15,9:53:48.525300662,T,TGT,F,126,96.5
2025-12-15,9:53:48.525315718,T,TGT,F I,2,96.5
2025-12-15,9:53:48.525318786,T,TGT,F I,1,96.49
2025-12-15,9:53:48.525360848,T,TGT,I,42,96.49
2025-12-15,9:53:48.525980324,T,TGT,F I,7,96.49
2025-12-15,9:53:48.526879462,T,TGT,,255,96.5
2025-12-15,9:53:48.527550052,T,TGT,F I,27,96.52
2025-12-15,9:53:48.532241163,T,TGT,F I,24,96.52
2025-12-15,9:53:48.532244178,T,TGT,F,100,96.52
2025-12-15,9:53:48.532247202,T,TGT,F I,73,96.52
2025-12-15,9:53:48.532289313,T,TGT,I,1,96.52
2025-12-15,9:53:48.532635178,T,TGT,I,26,96.52
2025-12-15,9:53:48.544134516,T,TGT,F I,50,96.5
2025-12-15,9:53:48.544919396,T,TGT,,100,96.51
2025-12-15,9:53:48.555853431,T,TGT,I,27,96.5
2025-12-15,9:53:48.678858528,T,TGT,I,4,96.465
2025-12-15,9:53:51.114977300,T,TGT,F I,50,96.48
2025-12-15,9:53:56.510674949,T,TGT,,100,96.49
2025-12-15,9:54:01.906328124,T,TGT,F I,50,96.48
2025-12-15,9:54:03.699358128,T,TGT,F I,50,96.48
2025-12-15,9:54:03.699427351,T,TGT,F I,46,96.48
2025-12-15,9:54:04.705465075,T,TGT,F I,41,96.46
2025-12-15,9:54:04.833302543,T,TGT,,100,96.46
2025-12-15,9:54:04.833305615,T,TGT,,186,96.45
2025-12-15,9:54:04.833323700,T,TGT,I,1,96.45
2025-12-15,9:54:04.833759636,T,TGT,F I,50,96.47
2025-12-15,9:54:04.833810793,T,TGT,F I,50,96.47
2025-12-15,9:54:04.834045322,T,TGT,F I,99,96.47
2025-12-15,9:54:04.859519622,T,TGT,F,100,96.46
2025-12-15,9:54:04.859519622,T,TGT,F I,63,96.45
2025-12-15,9:54:04.859522436,T,TGT,F I,35,96.45
2025-12-15,9:54:04.859522436,T,TGT,F I,1,96.45
2025-12-15,9:54:04.859525046,T,TGT,F I,10,96.45
2025-12-15,9:54:05.464731948,T,TGT,,150,96.47
2025-12-15,9:54:05.465023533,T,TGT,I,50,96.47
2025-12-15,9:54:10.310004268,T,TGT,F I,11,96.52
2025-12-15,9:54:10.310194316,T,TGT,F I,2,96.53
2025-12-15,9:54:10.310196698,T,TGT,F I,1,96.53
2025-12-15,9:54:10.310199737,T,TGT,F,100,96.53
2025-12-15,9:54:10.369789664,T,TGT,F,100,96.54
2025-12-15,9:54:10.369808013,T,TGT,I,1,96.54
2025-12-15,9:54:10.369811166,T,TGT,I,61,96.54
2025-12-15,9:54:10.369813674,T,TGT,I,20,96.54
2025-12-15,9:54:10.369828982,T,TGT,F I,18,96.54
2025-12-15,9:54:10.369828982,T,TGT,F I,81,96.54
2025-12-15,9:54:10.369849768,T,TGT,I,18,96.54
2025-12-15,9:54:10.369856147,T,TGT,I,1,96.54
2025-12-15,9:54:11.474281989,T,TGT,I,10,96.54
2025-12-15,9:54:18.669286304,T,TGT,F I,50,96.51
2025-12-15,9:54:18.669337583,T,TGT,F I,50,96.51
2025-12-15,9:54:30.392700880,T,TGT,F I,50,96.47
2025-12-15,9:54:30.392718962,T,TGT,F I,24,96.47
2025-12-15,9:54:30.392725032,T,TGT,F I,3,96.47
2025-12-15,9:54:30.392734108,T,TGT,F I,23,96.47
2025-12-15,9:54:30.392740001,T,TGT,F I,1,96.47
2025-12-15,9:54:30.392758068,T,TGT,F I,24,96.47
2025-12-15,9:54:30.392764079,T,TGT,F I,3,96.47
2025-12-15,9:54:30.392791103,T,TGT,F I,21,96.47
2025-12-15,9:54:30.392857408,T,TGT,F I,51,96.47
2025-12-15,9:54:30.392863464,T,TGT,F I,13,96.46
2025-12-15,9:54:30.392866393,T,TGT,F I,8,96.46
2025-12-15,9:54:30.392866393,T,TGT,F I,3,96.46
2025-12-15,9:54:30.392869363,T,TGT,F I,25,96.46
2025-12-15,9:54:30.392872317,T,TGT,F I,3,96.46
2025-12-15,9:54:30.392878344,T,TGT,I,3,96.46
2025-12-15,9:54:30.392878344,T,TGT,F I,3,96.46
2025-12-15,9:54:30.392878344,T,TGT,F I,3,96.46
2025-12-15,9:54:30.392881577,T,TGT,F I,24,96.46
2025-12-15,9:54:30.392881577,T,TGT,F I,3,96.46
2025-12-15,9:54:30.392896362,T,TGT,F I,3,96.46
2025-12-15,9:54:30.392977538,T,TGT,F I,50,96.46
2025-12-15,9:54:30.393091830,T,TGT,F I,50,96.46
2025-12-15,9:54:30.393146020,T,TGT,F I,33,96.46
2025-12-15,9:54:30.431586515,T,TGT,F I,50,96.43
2025-12-15,9:54:30.431655718,T,TGT,I,50,96.425
2025-12-15,9:54:30.431721854,T,TGT,,100,96.425
2025-12-15,9:54:30.433544600,T,TGT,F I,50,96.4
2025-12-15,9:54:30.433544600,T,TGT,F,200,96.4
2025-12-15,9:54:30.434323097,T,TGT,I,43,96.39
2025-12-15,9:54:30.434918522,T,TGT,I,5,96.4
2025-12-15,9:54:32.270624154,T,TGT,I,5,96.39
2025-12-15,9:54:32.270627693,T,TGT,I,14,96.39
2025-12-15,9:54:32.270629830,T,TGT,I,43,96.38
2025-12-15,9:54:32.270632827,T,TGT,I,74,96.38
2025-12-15,9:54:32.271180196,T,TGT,I,22,96.4
2025-12-15,9:54:32.271237481,T,TGT,F I,6,96.4
2025-12-15,9:54:32.271767147,T,TGT,I,12,96.4
2025-12-15,9:54:32.271769667,T,TGT,I,22,96.4
2025-12-15,9:54:32.271769667,T,TGT,I,22,96.4
2025-12-15,9:54:32.271886913,T,TGT,I,18,96.41
2025-12-15,9:54:32.271886913,T,TGT,I,42,96.41
2025-12-15,9:54:32.271895904,T,TGT,I,21,96.4
2025-12-15,9:54:32.271910891,T,TGT,F,100,96.41
2025-12-15,9:54:32.271959031,T,TGT,,100,96.41
2025-12-15,9:54:32.271980056,T,TGT,I,20,96.4
2025-12-15,9:54:32.271980056,T,TGT,I,1,96.4
2025-12-15,9:54:32.272193607,T,TGT,,100,96.41
2025-12-15,9:54:32.272353159,T,TGT,I,5,96.41
2025-12-15,9:54:32.272407676,T,TGT,F I,12,96.41
2025-12-15,9:54:32.272434219,T,TGT,I,28,96.4
2025-12-15,9:54:32.272500378,T,TGT,F I,3,96.4
2025-12-15,9:54:55.383297200,T,TGT,F I,3,96.35
2025-12-15,9:54:55.383351364,T,TGT,F I,7,96.35
2025-12-15,9:54:55.383354302,T,TGT,F I,3,96.35
2025-12-15,9:54:58.423756736,T,TGT,I,40,96.36
2025-12-15,9:54:59.209546829,T,TGT,F I,3,96.37
2025-12-15,9:55:02.114948628,T,TGT,,100,96.36
2025-12-15,9:55:07.596100778,T,TGT,I,4,96.38
2025-12-15,9:55:07.597021637,T,TGT,F,916,96.38
2025-12-15,9:55:07.597036044,T,TGT,,300,96.38
2025-12-15,9:55:07.597042030,T,TGT,I,98,96.38
2025-12-15,9:55:07.597045279,T,TGT,F,2586,96.38
2025-12-15,9:55:07.597045279,T,TGT,F I,9,96.38
2025-12-15,9:55:07.597123217,T,TGT,I,8,96.4
2025-12-15,9:55:07.597351796,T,TGT,F I,1,96.4
2025-12-15,9:55:07.597363826,T,TGT,F I,19,96.4
2025-12-15,9:55:07.597387794,T,TGT,F I,1,96.41
2025-12-15,9:55:07.597688517,T,TGT,F,134,96.43
2025-12-15,9:55:07.597875088,T,TGT,F I,3,96.41
2025-12-15,9:55:07.597875088,T,TGT,I,17,96.41
2025-12-15,9:55:07.597968269,T,TGT,,255,96.42
2025-12-15,9:55:07.597968269,T,TGT,,255,96.42
2025-12-15,9:55:07.597974181,T,TGT,,100,96.41
2025-12-15,9:55:07.597974181,T,TGT,I,40,96.41
2025-12-15,9:55:07.597977360,T,TGT,I,85,96.4
2025-12-15,9:55:07.597977360,T,TGT,I,43,96.4
2025-12-15,9:55:07.597983216,T,TGT,,100,96.4
2025-12-15,9:55:07.597983216,T,TGT,,100,96.4
2025-12-15,9:55:07.597983216,T,TGT,I,85,96.39
2025-12-15,9:55:07.597986275,T,TGT,I,11,96.39
2025-12-15,9:55:07.597990036,T,TGT,I,43,96.39
2025-12-15,9:55:07.597990036,T,TGT,,100,96.39
2025-12-15,9:55:07.597992269,T,TGT,I,26,96.39
2025-12-15,9:55:07.597992269,T,TGT,I,20,96.39
2025-12-15,9:55:07.598016957,T,TGT,F I,50,96.43
2025-12-15,9:55:07.598128081,T,TGT,,100,96.43
2025-12-15,9:55:07.598128081,T,TGT,I,43,96.43
2025-12-15,9:55:07.598130735,T,TGT,I,6,96.43
2025-12-15,9:55:07.598157647,T,TGT,I,1,96.43
2025-12-15,9:55:07.598173006,T,TGT,I,52,96.42
2025-12-15,9:55:07.598173006,T,TGT,I,21,96.41
2025-12-15,9:55:07.598175691,T,TGT,I,27,96.41
2025-12-15,9:55:07.607625623,T,TGT,I,80,96.42
2025-12-15,9:55:07.607627291,T,TGT,I,20,96.42
2025-12-15,9:55:07.627925669,T,TGT,I,26,96.42
2025-12-15,9:55:07.627928586,T,TGT,I,17,96.42
2025-12-15,9:55:07.632460428,T,TGT,F I,1,96.41
2025-12-15,9:55:07.632625767,T,TGT,,106,96.41
2025-12-15,9:55:07.632625767,T,TGT,,2004,96.42
2025-12-15,9:55:07.632664886,T,TGT,F,1879,96.42
2025-12-15,9:55:07.632664886,T,TGT,F I,15,96.42
2025-12-15,9:55:07.632737121,T,TGT,F I,26,96.43
2025-12-15,9:55:07.632926609,T,TGT,F I,3,96.42
2025-12-15,9:55:07.632926609,T,TGT,F I,27,96.42
2025-12-15,9:55:07.666525575,T,TGT,F I,73,96.43
2025-12-15,9:55:07.666546578,T,TGT,F I,77,96.43
2025-12-15,9:55:07.666549968,T,TGT,F I,27,96.43
2025-12-15,9:55:07.666549968,T,TGT,F,1594,96.43
2025-12-15,9:55:07.814451314,T,TGT,,150,96.45
2025-12-15,9:55:07.814453976,T,TGT,I,50,96.44
2025-12-15,9:55:07.814523439,T,TGT,F I,2,96.45
2025-12-15,9:55:07.814523439,T,TGT,F I,50,96.46
2025-12-15,9:55:07.822777995,T,TGT,F,100,96.48
2025-12-15,9:55:07.822777995,T,TGT,F,100,96.48
2025-12-15,9:55:07.822781063,T,TGT,F I,20,96.48
2025-12-15,9:55:07.822783856,T,TGT,F I,58,96.48
2025-12-15,9:55:08.296664737,T,TGT,F I,4,96.47
2025-12-15,9:55:08.296667889,T,TGT,F I,2,96.47
2025-12-15,9:55:08.296670780,T,TGT,F,100,96.47
2025-12-15,9:55:08.296670780,T,TGT,F I,50,96.47
2025-12-15,9:55:10.874505189,T,TGT,F I,50,96.41
2025-12-15,9:55:10.874526270,T,TGT,F I,50,96.41
2025-12-15,9:55:10.874529212,T,TGT,F I,10,96.4
2025-12-15,9:55:10.874532262,T,TGT,F I,90,96.4
2025-12-15,9:55:10.874535283,T,TGT,F I,3,96.4
2025-12-15,9:55:10.874538491,T,TGT,F I,51,96.4
2025-12-15,9:55:10.874547672,T,TGT,F I,49,96.4
2025-12-15,9:55:10.874550304,T,TGT,F I,1,96.4
2025-12-15,9:55:15.382966090,T,TGT,I,1,96.385
2025-12-15,9:55:16.689879685,T,TGT,I,25,96.385
2025-12-15,9:55:21.998781597,T,TGT,F I,4,96.42
2025-12-15,9:55:21.999235730,T,TGT,F,100,96.43
2025-12-15,9:55:21.999239026,T,TGT,F,120,96.44
2025-12-15,9:55:21.999247691,T,TGT,F I,20,96.44
2025-12-15,9:55:21.999930357,T,TGT,F I,17,96.44
2025-12-15,9:55:21.999936361,T,TGT,F,100,96.44
2025-12-15,9:55:22.319336243,T,TGT,I,1,96.435
2025-12-15,9:55:24.309306098,T,TGT,I,31,96.43
2025-12-15,9:55:24.747056027,T,TGT,F I,22,96.42
2025-12-15,9:55:24.747059048,T,TGT,F I,22,96.41
2025-12-15,9:55:29.672580519,T,TGT,F I,13,96.43
2025-12-15,9:55:33.029053975,T,TGT,I,4,96.41
2025-12-15,9:55:41.391995682,T,TGT,I,1,96.435
2025-12-15,9:55:41.539879380,T,TGT,F I,2,96.39
2025-12-15,9:55:41.539879380,T,TGT,F I,15,96.39
2025-12-15,9:55:41.539879380,T,TGT,F I,2,96.39
2025-12-15,9:55:41.539885074,T,TGT,F I,5,96.39
2025-12-15,9:55:41.539885074,T,TGT,F I,5,96.39
2025-12-15,9:55:41.540754158,T,TGT,F I,1,96.39
2025-12-15,9:55:42.554093277,T,TGT,F,100,96.35
2025-12-15,9:55:42.554096413,T,TGT,F I,34,96.35
2025-12-15,9:55:42.554096413,T,TGT,F,251,96.35
2025-12-15,9:55:42.554099365,T,TGT,F,175,96.35
2025-12-15,9:55:42.554111901,T,TGT,F,240,96.35
2025-12-15,9:55:42.554111901,T,TGT,F I,2,96.35
2025-12-15,9:55:42.554114408,T,TGT,F I,3,96.35
2025-12-15,9:55:42.554421772,T,TGT,I,43,96.32
2025-12-15,9:55:42.554421772,T,TGT,I,43,96.32
2025-12-15,9:55:42.554427216,T,TGT,,600,96.32
2025-12-15,9:55:42.554427216,T,TGT,I,43,96.32
2025-12-15,9:55:42.554427216,T,TGT,I,10,96.32
2025-12-15,9:55:42.554433115,T,TGT,I,11,96.32
2025-12-15,9:55:42.554442150,T,TGT,I,12,96.32
2025-12-15,9:55:42.556177251,T,TGT,,100,96.34
2025-12-15,9:55:42.565995638,T,TGT,I,75,96.34
2025-12-15,9:55:42.566016727,T,TGT,I,1,96.34
2025-12-15,9:55:47.262738103,T,TGT,F I,50,96.38
2025-12-15,9:55:47.475203330,T,TGT,F I,11,96.38
2025-12-15,9:55:50.701884623,T,TGT,F I,11,96.38
2025-12-15,9:55:50.790186860,T,TGT,F I,11,96.38
2025-12-15,9:55:50.854049967,T,TGT,F I,11,96.38
2025-12-15,9:55:51.153181674,T,TGT,F I,11,96.38
2025-12-15,9:55:51.393977308,T,TGT,I,1,96.38
2025-12-15,9:55:57.475218171,T,TGT,F I,11,96.38
2025-12-15,9:56:01.143477380,T,TGT,F,803,96.35
2025-12-15,9:56:01.143498466,T,TGT,I,1,96.35
2025-12-15,9:56:01.143507459,T,TGT,F,196,96.35
2025-12-15,9:56:01.143510463,T,TGT,F I,4,96.35
2025-12-15,9:56:01.143510463,T,TGT,F I,51,96.35
2025-12-15,9:56:01.143516736,T,TGT,I,37,96.35
2025-12-15,9:56:01.143516736,T,TGT,I,2,96.35
2025-12-15,9:56:01.143520114,T,TGT,I,2,96.35
2025-12-15,9:56:01.143520114,T,TGT,I,2,96.35
2025-12-15,9:56:01.143522722,T,TGT,I,1,96.35
2025-12-15,9:56:01.143526486,T,TGT,I,3,96.35
2025-12-15,9:56:01.143526486,T,TGT,I,2,96.35
2025-12-15,9:56:01.143531501,T,TGT,I,1,96.35
2025-12-15,9:56:01.143534551,T,TGT,,700,96.35
2025-12-15,9:56:01.143534551,T,TGT,I,1,96.35
2025-12-15,9:56:01.143537825,T,TGT,,252,96.35
2025-12-15,9:56:01.143537825,T,TGT,F I,2,96.35
2025-12-15,9:56:01.143540629,T,TGT,I,3,96.35
2025-12-15,9:56:01.143543509,T,TGT,F,517,96.35
2025-12-15,9:56:01.143546525,T,TGT,I,61,96.35
2025-12-15,9:56:01.143552640,T,TGT,F,417,96.35
2025-12-15,9:56:01.143555508,T,TGT,F,334,96.35
2025-12-15,9:56:01.143577355,T,TGT,F,102,96.35
2025-12-15,9:56:01.143579652,T,TGT,F,308,96.35
2025-12-15,9:56:01.143582557,T,TGT,F I,30,96.35
2025-12-15,9:56:01.143585623,T,TGT,F,251,96.35
2025-12-15,9:56:01.146523723,T,TGT,I,45,96.33
2025-12-15,9:56:01.147636276,T,TGT,,155,96.33
2025-12-15,9:56:01.147636276,T,TGT,I,20,96.33
2025-12-15,9:56:01.311018538,T,TGT,I,1,96.33
2025-12-15,9:56:01.398358550,T,TGT,I,62,96.33
2025-12-15,9:56:02.321233205,T,TGT,I,1,96.33
2025-12-15,9:56:05.071982594,T,TGT,F I,1,96.33
2025-12-15,9:56:08.894064285,T,TGT,F,100,96.36
2025-12-15,9:56:08.894064285,T,TGT,F I,5,96.36
2025-12-15,9:56:08.894067209,T,TGT,F I,18,96.36
2025-12-15,9:56:08.894079335,T,TGT,F I,23,96.36
2025-12-15,9:56:08.894082241,T,TGT,I,61,96.36
2025-12-15,9:56:08.894088369,T,TGT,I,16,96.36
2025-12-15,9:56:08.894849088,T,TGT,F I,11,96.39
2025-12-15,9:56:08.894849088,T,TGT,F I,6,96.39
2025-12-15,9:56:08.895273942,T,TGT,F I,6,96.41
2025-12-15,9:56:08.895273942,T,TGT,F I,20,96.41
2025-12-15,9:56:08.895279467,T,TGT,F,100,96.41
2025-12-15,9:56:08.895279467,T,TGT,F,120,96.41
2025-12-15,9:56:08.895279467,T,TGT,F,100,96.41
2025-12-15,9:56:08.895282934,T,TGT,F I,10,96.41
2025-12-15,9:56:08.895297176,T,TGT,I,52,96.41
2025-12-15,9:56:08.895318258,T,TGT,F I,48,96.41
2025-12-15,9:56:08.895321241,T,TGT,F I,52,96.41
2025-12-15,9:56:08.895321241,T,TGT,I,48,96.41
2025-12-15,9:56:08.902027260,T,TGT,I,3,96.41
2025-12-15,9:56:08.913508693,T,TGT,F I,80,96.43
2025-12-15,9:56:08.913511579,T,TGT,F I,80,96.43
2025-12-15,9:56:08.913674794,T,TGT,F,100,96.45
2025-12-15,9:56:08.913676991,T,TGT,F,100,96.45
2025-12-15,9:56:08.914209186,T,TGT,I,20,96.46
2025-12-15,9:56:08.914209186,T,TGT,I,34,96.47
2025-12-15,9:56:08.914431756,T,TGT,F I,5,96.46
2025-12-15,9:56:08.951089074,T,TGT,F,120,96.48
2025-12-15,9:56:08.951089074,T,TGT,F I,10,96.48
2025-12-15,9:56:08.951092050,T,TGT,F,400,96.48
2025-12-15,9:56:08.951095095,T,TGT,F,112,96.48
2025-12-15,9:56:08.951095095,T,TGT,F,100,96.48
2025-12-15,9:56:08.951107117,T,TGT,F I,1,96.49
2025-12-15,9:56:08.951122173,T,TGT,F I,20,96.5
2025-12-15,9:56:08.951122173,T,TGT,F I,11,96.5
2025-12-15,9:56:08.951170271,T,TGT,F,100,96.51
2025-12-15,9:56:09.239942407,T,TGT,F I,40,96.53
2025-12-15,9:56:09.239945290,T,TGT,F,100,96.53
2025-12-15,9:56:09.239948242,T,TGT,F I,60,96.53
2025-12-15,9:56:09.239948242,T,TGT,F I,20,96.53
2025-12-15,9:56:09.251441620,T,TGT,,100,96.53
2025-12-15,9:56:09.532885237,T,TGT,I,2,96.53
2025-12-15,9:56:09.535044322,T,TGT,I,98,96.53
2025-12-15,9:56:09.535393154,T,TGT,F I,1,96.54
2025-12-15,9:56:09.535453322,T,TGT,F I,2,96.55
2025-12-15,9:56:09.535456294,T,TGT,F,100,96.55
2025-12-15,9:56:09.535459362,T,TGT,F I,69,96.55
2025-12-15,9:56:09.535606681,T,TGT,I,31,96.55
2025-12-15,9:56:09.535708867,T,TGT,F,100,96.54
2025-12-15,9:56:09.535711891,T,TGT,F I,17,96.54
2025-12-15,9:56:09.535895968,T,TGT,I,17,96.55
2025-12-15,9:56:09.535895968,T,TGT,I,12,96.55
2025-12-15,9:56:09.540382099,T,TGT,F I,7,96.54
2025-12-15,9:56:09.540385110,T,TGT,F I,98,96.54
2025-12-15,9:56:09.540403063,T,TGT,F I,2,96.54
2025-12-15,9:56:09.550152322,T,TGT,I,79,96.53
2025-12-15,9:56:09.550155374,T,TGT,,100,96.53
2025-12-15,9:56:09.550621446,T,TGT,F I,80,96.52
2025-12-15,9:56:09.550621446,T,TGT,F I,1,96.52
2025-12-15,9:56:09.557017714,T,TGT,I,25,96.48
2025-12-15,9:56:12.647170589,T,TGT,F I,79,96.53
2025-12-15,9:56:12.647173608,T,TGT,F I,7,96.53
2025-12-15,9:56:12.647176595,T,TGT,F I,17,96.53
2025-12-15,9:56:12.647242800,T,TGT,F I,50,96.53
2025-12-15,9:56:12.647245819,T,TGT,F I,13,96.53
2025-12-15,9:56:12.647263808,T,TGT,F,120,96.54
2025-12-15,9:56:23.639194812,T,TGT,F,100,96.6
2025-12-15,9:56:23.639197782,T,TGT,F,100,96.61
2025-12-15,9:56:23.639212868,T,TGT,I,20,96.61
2025-12-15,9:56:23.639215877,T,TGT,I,1,96.61
2025-12-15,9:56:23.639261009,T,TGT,F I,79,96.61
2025-12-15,9:56:23.640334484,T,TGT,F I,68,96.59
2025-12-15,9:56:23.640337486,T,TGT,F I,59,96.59
2025-12-15,9:56:23.640713487,T,TGT,,115,96.59
2025-12-15,9:56:23.640713487,T,TGT,I,68,96.59
2025-12-15,9:56:23.640716524,T,TGT,I,25,96.595
2025-12-15,9:56:23.640716524,T,TGT,I,82,96.6
2025-12-15,9:56:23.640939493,T,TGT,F I,44,96.58
2025-12-15,9:56:24.395950737,T,TGT,F I,44,96.59
2025-12-15,9:56:24.395950737,T,TGT,F,100,96.59
2025-12-15,9:56:27.788579288,T,TGT,F I,1,96.65
2025-12-15,9:56:27.808790354,T,TGT,F I,1,96.68
2025-12-15,9:56:29.681297596,T,TGT,F I,3,96.65
2025-12-15,9:56:33.658479663,T,TGT,F I,40,96.68
2025-12-15,9:56:33.658705209,T,TGT,F I,2,96.69
2025-12-15,9:56:33.658735250,T,TGT,F I,98,96.69
2025-12-15,9:56:33.659670491,T,TGT,F I,60,96.69
2025-12-15,9:56:33.785607437,T,TGT,F I,1,96.71
2025-12-15,9:56:33.785607437,T,TGT,F I,60,96.71
2025-12-15,9:56:35.655925359,T,TGT,F I,5,96.73
2025-12-15,9:56:35.655928483,T,TGT,F I,40,96.73
2025-12-15,9:56:35.655928483,T,TGT,F I,5,96.75
2025-12-15,9:56:35.656920781,T,TGT,F I,50,96.73
2025-12-15,9:56:44.156760681,T,TGT,F I,44,96.75
2025-12-15,9:56:45.283810059,T,TGT,F,100,96.79
2025-12-15,9:56:45.283810059,T,TGT,F I,88,96.79
2025-12-15,9:56:45.284901395,T,TGT,F I,7,96.77
2025-12-15,9:56:45.285091038,T,TGT,F I,5,96.75
2025-12-15,9:56:45.285160133,T,TGT,I,40,96.75
2025-12-15,9:56:45.285172049,T,TGT,F,160,96.75
2025-12-15,9:56:49.748597542,T,TGT,I,29,96.8
2025-12-15,9:56:50.135601564,T,TGT,F,100,96.81
2025-12-15,9:56:50.755832104,T,TGT,F I,50,96.81
2025-12-15,9:56:57.687282504,T,TGT,F I,20,96.83
2025-12-15,9:57:18.223351422,T,TGT,F I,24,96.8
2025-12-15,9:57:18.223354830,T,TGT,F I,2,96.8
2025-12-15,9:57:18.223378560,T,TGT,F,100,96.8
2025-12-15,9:57:18.223540914,T,TGT,F I,26,96.8
2025-12-15,9:57:18.223919787,T,TGT,I,74,96.8
2025-12-15,9:57:24.581588361,T,TGT,F I,1,96.79
2025-12-15,9:57:24.581723533,T,TGT,F,100,96.78
2025-12-15,9:57:24.581723533,T,TGT,F I,6,96.78
2025-12-15,9:57:24.581726537,T,TGT,F,100,96.78
2025-12-15,9:57:24.582349121,T,TGT,F I,50,96.79
2025-12-15,9:57:24.582376723,T,TGT,F I,50,96.79
2025-12-15,9:57:24.582379024,T,TGT,F,100,96.8
2025-12-15,9:57:24.582382117,T,TGT,F I,58,96.8
2025-12-15,9:57:24.582412150,T,TGT,I,50,96.79
2025-12-15,9:57:24.582421198,T,TGT,I,50,96.79
2025-12-15,9:57:24.582445173,T,TGT,F I,32,96.81
2025-12-15,9:57:24.582541520,T,TGT,I,10,96.81
2025-12-15,9:57:24.582782031,T,TGT,I,29,96.81
2025-12-15,9:57:24.582824657,T,TGT,I,11,96.81
2025-12-15,9:57:24.584264509,T,TGT,F I,11,96.81
2025-12-15,9:57:24.584267755,T,TGT,F,100,96.81
2025-12-15,9:57:24.584267755,T,TGT,F I,43,96.81
2025-12-15,9:57:24.584282598,T,TGT,F,129,96.81
2025-12-15,9:57:24.584285580,T,TGT,F I,29,96.81
2025-12-15,9:57:24.587485175,T,TGT,I,25,96.82
2025-12-15,9:57:40.242427295,T,TGT,I,50,96.835
2025-12-15,9:57:46.039653676,T,TGT,I,50,96.83
2025-12-15,9:57:46.039722815,T,TGT,F I,31,96.82
2025-12-15,9:57:46.039722815,T,TGT,F I,33,96.82
2025-12-15,9:57:58.226075484,T,TGT,I,29,96.79
2025-12-15,9:57:58.226127995,T,TGT,F,100,96.78
2025-12-15,9:57:58.226133378,T,TGT,F,100,96.78
2025-12-15,9:57:58.226138665,T,TGT,F,132,96.78
2025-12-15,9:57:58.226141697,T,TGT,F I,68,96.78
2025-12-15,9:57:58.226144818,T,TGT,F I,17,96.78
2025-12-15,9:57:58.226148448,T,TGT,F I,29,96.78
2025-12-15,9:57:58.226154391,T,TGT,F,100,96.78
2025-12-15,9:57:58.226154391,T,TGT,F,200,96.78
2025-12-15,9:57:58.226154391,T,TGT,F I,5,96.78
2025-12-15,9:57:58.232610097,T,TGT,,100,96.79
2025-12-15,9:57:58.232874669,T,TGT,F I,24,96.81
2025-12-15,9:57:58.248614158,T,TGT,I,7,96.815
2025-12-15,9:58:05.179354810,T,TGT,F I,50,96.83
2025-12-15,9:58:05.179381761,T,TGT,I,50,96.83
2025-12-15,9:58:05.179384789,T,TGT,F I,50,96.83
2025-12-15,9:58:05.949474453,T,TGT,F I,50,96.79
2025-12-15,9:58:13.551655341,T,TGT,F I,17,96.84
2025-12-15,9:58:16.154292285,T,TGT,F I,40,96.85
2025-12-15,9:58:16.154295286,T,TGT,F I,2,96.85
2025-12-15,9:58:16.154295286,T,TGT,F I,4,96.85
2025-12-15,9:58:16.154310248,T,TGT,I,46,96.85
2025-12-15,9:58:17.338883559,T,TGT,F I,20,96.87
2025-12-15,9:58:17.338886447,T,TGT,F,100,96.87
2025-12-15,9:58:17.339148075,T,TGT,F,100,96.88
2025-12-15,9:58:17.339148075,T,TGT,F,100,96.88
2025-12-15,9:58:17.339247268,T,TGT,I,2,96.87
2025-12-15,9:58:17.339584368,T,TGT,F I,1,96.87
2025-12-15,9:58:17.339587045,T,TGT,F I,2,96.88
2025-12-15,9:58:17.355164305,T,TGT,I,26,96.86
2025-12-15,9:58:17.355164305,T,TGT,I,1,96.86
2025-12-15,9:58:17.355185302,T,TGT,I,27,96.86
2025-12-15,9:58:21.459579500,T,TGT,I,1,96.84
2025-12-15,9:58:24.894909740,T,TGT,F I,33,96.83
2025-12-15,9:58:24.894909740,T,TGT,F I,50,96.83
2025-12-15,9:58:24.894993969,T,TGT,,100,96.82
2025-12-15,9:58:24.894997253,T,TGT,I,12,96.82
2025-12-15,9:58:24.894997253,T,TGT,I,19,96.82
2025-12-15,9:58:24.894999938,T,TGT,,100,96.82
2025-12-15,9:58:24.895379020,T,TGT,F,100,96.81
2025-12-15,9:58:24.895414969,T,TGT,F,100,96.81
2025-12-15,9:58:24.895586354,T,TGT,,100,96.81
2025-12-15,9:58:24.895902093,T,TGT,I,4,96.81
2025-12-15,9:58:30.927801488,T,TGT,F I,2,96.81
2025-12-15,9:58:30.927801488,T,TGT,F I,1,96.81
2025-12-15,9:58:31.930561366,T,TGT,F I,10,96.83
2025-12-15,9:58:33.040478731,T,TGT,F I,17,96.83
2025-12-15,9:58:35.565991473,T,TGT,I,2,96.78
2025-12-15,9:58:51.091189520,T,TGT,I,3,96.78
2025-12-15,9:58:51.091189520,T,TGT,I,6,96.78
2025-12-15,9:58:52.596999960,T,TGT,I,1,96.8
2025-12-15,9:58:52.598287047,T,TGT,I,29,96.8
2025-12-15,9:58:56.519319865,T,TGT,F I,17,96.77
2025-12-15,9:58:56.519322532,T,TGT,F I,29,96.77
2025-12-15,9:58:56.519340518,T,TGT,F I,11,96.77
2025-12-15,9:58:59.372952882,T,TGT,F I,40,96.78
2025-12-15,9:59:10.460689250,T,TGT,I,16,96.72
2025-12-15,9:59:10.460710231,T,TGT,F I,2,96.72
2025-12-15,9:59:10.460713298,T,TGT,F,182,96.72
