DATE,TIME_M,EX,SYM_ROOT,TR_SCOND,SIZE,PRICE
2025-12-29,9:30:01.327297315,T,TGT,F I,5,99.5
2025-12-29,9:30:01.327330354,T,TGT,Q,5,99.5
2025-12-29,9:30:01.372443758,T,TGT,,201,99.48
2025-12-29,9:30:01.667753466,T,TGT,F,100,99.5
2025-12-29,9:30:01.770075139,T,TGT,,100,99.51
2025-12-29,9:30:01.770093139,T,TGT,I,1,99.51
2025-12-29,9:30:02.133226261,T,TGT,,100,99.49
2025-12-29,9:30:03.316422157,T,TGT,F I,41,99.42
2025-12-29,9:30:04.910721227,T,TGT,F,100,99.4
2025-12-29,9:30:04.911130259,T,TGT,F,100,99.4
2025-12-29,9:30:05.009482530,T,TGT,I,23,99.4
2025-12-29,9:30:05.009602827,T,TGT,I,27,99.4
2025-12-29,9:30:05.009611856,T,TGT,,100,99.34
2025-12-29,9:30:05.140865542,T,TGT,,100,99.33
2025-12-29,9:30:05.140886605,T,TGT,I,1,99.33
2025-12-29,9:30:05.140913685,T,TGT,F I,99,99.33
2025-12-29,9:30:05.141226519,T,TGT,F,100,99.33
2025-12-29,9:30:05.146010800,T,TGT,,100,99.33
2025-12-29,9:30:06.189168932,T,TGT,,100,99.33
2025-12-29,9:30:06.381639509,T,TGT,I,23,99.39
2025-12-29,9:30:06.381642589,T,TGT,I,3,99.39
2025-12-29,9:30:06.381642589,T,TGT,I,24,99.39
2025-12-29,9:30:06.381645479,T,TGT,I,2,99.39
2025-12-29,9:30:06.458433436,T,TGT,I,24,99.39
2025-12-29,9:30:06.458433436,T,TGT,I,2,99.39
2025-12-29,9:30:07.292299121,T,TGT,,100,99.4
2025-12-29,9:30:07.294253786,T,TGT,,171,99.375
2025-12-29,9:30:08.124995397,T,TGT,F I,20,99.43
2025-12-29,9:30:08.124995397,T,TGT,F I,6,99.43
2025-12-29,9:30:08.124997903,T,TGT,F I,20,99.43
2025-12-29,9:30:08.125001499,T,TGT,F I,6,99.43
2025-12-29,9:30:08.125003973,T,TGT,F I,48,99.44
2025-12-29,9:30:08.125013743,T,TGT,I,52,99.44
2025-12-29,9:30:08.198565230,T,TGT,,100,99.44
2025-12-29,9:30:08.239604063,T,TGT,F,100,99.49
2025-12-29,9:30:08.239604063,T,TGT,F I,10,99.49
2025-12-29,9:30:08.239625291,T,TGT,F I,40,99.49
2025-12-29,9:30:08.239637078,T,TGT,F I,60,99.49
2025-12-29,9:30:08.239637078,T,TGT,F I,40,99.49
2025-12-29,9:30:08.239679185,T,TGT,I,60,99.49
2025-12-29,9:30:08.239682168,T,TGT,I,36,99.49
2025-12-29,9:30:08.239736275,T,TGT,F I,24,99.5
2025-12-29,9:30:08.240127230,T,TGT,I,14,99.51
2025-12-29,9:30:08.240130273,T,TGT,I,86,99.52
2025-12-29,9:30:08.240148247,T,TGT,I,14,99.52
2025-12-29,9:30:08.240421930,T,TGT,F I,15,99.53
2025-12-29,9:30:08.240442976,T,TGT,F I,26,99.53
2025-12-29,9:30:08.345408057,T,TGT,I,4,99.54
2025-12-29,9:30:10.253122747,T,TGT,,100,99.395
2025-12-29,9:30:21.521562146,T,TGT,I,50,99.34
2025-12-29,9:30:21.521664349,T,TGT,I,50,99.34
2025-12-29,9:30:21.521745599,T,TGT,I,16,99.44
2025-12-29,9:30:21.521745599,T,TGT,I,11,99.44
2025-12-29,9:30:21.521748985,T,TGT,,100,99.44
2025-12-29,9:30:21.521856860,T,TGT,I,50,99.45
2025-12-29,9:30:21.523537879,T,TGT,F,100,99.5
2025-12-29,9:30:21.523540857,T,TGT,F,100,99.5
2025-12-29,9:30:21.523634044,T,TGT,I,58,99.53
2025-12-29,9:30:21.523721218,T,TGT,F I,10,99.54
2025-12-29,9:30:21.523742349,T,TGT,F I,7,99.55
2025-12-29,9:30:21.524160302,T,TGT,,100,99.53
2025-12-29,9:30:21.524163369,T,TGT,,100,99.52
2025-12-29,9:30:21.524163369,T,TGT,I,40,99.52
2025-12-29,9:30:21.524169675,T,TGT,I,60,99.52
2025-12-29,9:30:21.524172291,T,TGT,I,40,99.52
2025-12-29,9:30:21.524190349,T,TGT,,100,99.51
2025-12-29,9:30:21.524247545,T,TGT,F I,75,99.51
2025-12-29,9:30:21.524253581,T,TGT,F I,75,99.51
2025-12-29,9:30:21.524259520,T,TGT,F,115,99.51
2025-12-29,9:30:21.524268580,T,TGT,,135,99.51
2025-12-29,9:30:21.524274546,T,TGT,,325,99.51
2025-12-29,9:30:21.524280619,T,TGT,,300,99.51
2025-12-29,9:30:21.524286589,T,TGT,,325,99.51
2025-12-29,9:30:21.525023324,T,TGT,,100,99.545
2025-12-29,9:30:21.540305768,T,TGT,F I,1,99.56
2025-12-29,9:30:21.547372652,T,TGT,,100,99.52
2025-12-29,9:30:21.547375661,T,TGT,I,1,99.52
2025-12-29,9:30:21.548963367,T,TGT,,300,99.51
2025-12-29,9:30:22.840856057,T,TGT,,100,99.415
2025-12-29,9:30:22.853765893,T,TGT,I,5,99.25
2025-12-29,9:30:22.853768839,T,TGT,I,7,99.25
2025-12-29,9:30:24.425905257,T,TGT,I,34,99.24
2025-12-29,9:30:24.427478043,T,TGT,F,100,99.13
2025-12-29,9:30:24.427481035,T,TGT,F I,7,99.13
2025-12-29,9:30:24.427571240,T,TGT,,100,99.13
2025-12-29,9:30:24.428037380,T,TGT,F I,27,99.18
2025-12-29,9:30:24.641347568,T,TGT,F,100,99.17
2025-12-29,9:30:24.641350705,T,TGT,F,150,99.225
2025-12-29,9:30:24.641350705,T,TGT,F I,2,99.24
2025-12-29,9:30:35.894089714,T,TGT,F I,8,99.15
2025-12-29,9:30:41.082767984,T,TGT,,100,99.125
2025-12-29,9:30:44.482259506,T,TGT,I,40,99.06
2025-12-29,9:30:44.489659847,T,TGT,I,55,99.1
2025-12-29,9:30:44.489948206,T,TGT,F I,1,99.0
2025-12-29,9:30:44.489951307,T,TGT,F I,1,99.0
2025-12-29,9:30:44.489951307,T,TGT,F I,41,99.0
2025-12-29,9:30:44.490176659,T,TGT,F I,15,99.04
2025-12-29,9:30:44.492714743,T,TGT,I,80,99.01
2025-12-29,9:30:44.492714743,T,TGT,,120,99.01
2025-12-29,9:30:44.506707044,T,TGT,F I,20,99.14
2025-12-29,9:30:44.506707044,T,TGT,F I,20,99.14
2025-12-29,9:30:44.506710050,T,TGT,F I,8,99.14
2025-12-29,9:30:44.506713053,T,TGT,F I,2,99.14
2025-12-29,9:30:44.506764973,T,TGT,F I,6,99.14
2025-12-29,9:30:44.506887526,T,TGT,I,80,99.08
2025-12-29,9:30:44.789389482,T,TGT,I,55,99.02
2025-12-29,9:30:44.794772714,T,TGT,I,9,99.0
2025-12-29,9:30:44.794772714,T,TGT,I,30,99.0
2025-12-29,9:30:44.794778334,T,TGT,I,20,99.0
2025-12-29,9:30:44.794778334,T,TGT,I,80,99.0
2025-12-29,9:30:44.794782064,T,TGT,I,5,99.0
2025-12-29,9:30:44.794782064,T,TGT,I,1,99.0
2025-12-29,9:30:44.794784612,T,TGT,I,15,99.0
2025-12-29,9:30:44.794787387,T,TGT,,100,99.0
2025-12-29,9:30:44.795840587,T,TGT,I,1,98.98
2025-12-29,9:30:44.795869944,T,TGT,I,12,98.96
2025-12-29,9:30:44.808223384,T,TGT,I,70,98.9
2025-12-29,9:30:44.808226480,T,TGT,I,30,98.9
2025-12-29,9:30:44.808229483,T,TGT,I,10,98.89
2025-12-29,9:30:44.808232721,T,TGT,I,30,98.89
2025-12-29,9:30:44.808232721,T,TGT,I,30,98.89
2025-12-29,9:30:49.756701788,T,TGT,F I,16,99.1
2025-12-29,9:30:49.756701788,T,TGT,F I,14,99.1
2025-12-29,9:30:49.756704609,T,TGT,F I,18,99.1
2025-12-29,9:30:49.756707603,T,TGT,F I,2,99.1
2025-12-29,9:30:49.847647289,T,TGT,F,100,99.16
2025-12-29,9:30:49.847707453,T,TGT,F,100,99.16
2025-12-29,9:30:49.900368866,T,TGT,I,30,99.22
2025-12-29,9:30:49.900374878,T,TGT,I,67,99.23
2025-12-29,9:30:49.900386888,T,TGT,I,1,99.23
2025-12-29,9:30:50.054453565,T,TGT,F I,30,99.22
2025-12-29,9:30:50.054456340,T,TGT,F I,29,99.23
2025-12-29,9:30:50.054459490,T,TGT,F I,22,99.23
2025-12-29,9:30:50.054459490,T,TGT,F I,7,99.23
2025-12-29,9:30:50.054461927,T,TGT,F I,44,99.25
2025-12-29,9:30:50.055511416,T,TGT,I,80,99.25
2025-12-29,9:30:50.131890470,T,TGT,F I,28,99.24
2025-12-29,9:30:50.131890470,T,TGT,F I,2,99.24
2025-12-29,9:30:50.131896673,T,TGT,F I,28,99.24
2025-12-29,9:30:50.131896673,T,TGT,F I,2,99.24
2025-12-29,9:30:50.131896673,T,TGT,F I,8,99.25
2025-12-29,9:30:50.210032179,T,TGT,F I,28,99.24
2025-12-29,9:30:50.210032179,T,TGT,F I,2,99.24
2025-12-29,9:30:50.210037617,T,TGT,F,130,99.25
2025-12-29,9:30:50.210064699,T,TGT,,142,99.25
2025-12-29,9:30:50.210088698,T,TGT,I,86,99.25
2025-12-29,9:30:50.210121805,T,TGT,,100,99.25
2025-12-29,9:30:50.210230022,T,TGT,,100,99.2
2025-12-29,9:30:50.210320254,T,TGT,I,15,99.17
2025-12-29,9:30:51.965436834,T,TGT,F,100,99.12
2025-12-29,9:30:51.965436834,T,TGT,F I,2,99.1
2025-12-29,9:30:51.965777421,T,TGT,I,4,99.1
2025-12-29,9:30:51.965782303,T,TGT,I,4,99.1
2025-12-29,9:30:51.965818350,T,TGT,I,2,99.1
2025-12-29,9:30:51.965821430,T,TGT,I,2,99.1
2025-12-29,9:30:51.965845863,T,TGT,I,86,99.1
2025-12-29,9:30:51.965848411,T,TGT,I,2,99.09
2025-12-29,9:30:51.965863534,T,TGT,I,14,99.1
2025-12-29,9:30:51.965912158,T,TGT,I,7,99.09
2025-12-29,9:30:51.966209384,T,TGT,,100,99.1
2025-12-29,9:30:51.966501007,T,TGT,,100,99.09
2025-12-29,9:30:51.986595359,T,TGT,F I,50,99.03
2025-12-29,9:30:51.986597905,T,TGT,F,107,99.03
2025-12-29,9:30:51.986670131,T,TGT,F I,8,99.02
2025-12-29,9:30:51.986718144,T,TGT,F I,8,99.02
2025-12-29,9:30:52.063692506,T,TGT,I,1,99.01
2025-12-29,9:30:52.063764709,T,TGT,I,1,99.01
2025-12-29,9:30:52.063767784,T,TGT,I,1,99.01
2025-12-29,9:30:52.063830888,T,TGT,I,1,99.01
2025-12-29,9:30:52.063830888,T,TGT,I,1,99.01
2025-12-29,9:30:52.063891065,T,TGT,I,1,99.0
2025-12-29,9:31:05.752640614,T,TGT,F I,50,99.06
2025-12-29,9:31:05.752694794,T,TGT,F I,50,99.06
2025-12-29,9:31:13.025743849,T,TGT,I,30,99.07
2025-12-29,9:31:13.025746837,T,TGT,I,10,99.06
2025-12-29,9:31:13.029379506,T,TGT,I,20,99.06
2025-12-29,9:31:13.029382453,T,TGT,I,14,99.06
2025-12-29,9:31:13.141215971,T,TGT,I,35,99.06
2025-12-29,9:31:13.141218951,T,TGT,I,5,99.06
2025-12-29,9:31:13.239746299,T,TGT,I,4,99.06
2025-12-29,9:31:13.239748877,T,TGT,I,35,99.06
2025-12-29,9:31:13.239748877,T,TGT,I,1,99.06
2025-12-29,9:31:13.268482116,T,TGT,I,4,99.06
2025-12-29,9:31:13.268485190,T,TGT,I,36,99.05
2025-12-29,9:31:13.268743757,T,TGT,F I,4,99.05
2025-12-29,9:31:13.334856200,T,TGT,,100,99.0
2025-12-29,9:31:13.334856200,T,TGT,I,38,99.0
2025-12-29,9:31:13.334859407,T,TGT,I,6,99.0
2025-12-29,9:31:13.334859407,T,TGT,I,57,98.99
2025-12-29,9:31:13.334907431,T,TGT,I,25,99.05
2025-12-29,9:31:13.334907431,T,TGT,I,3,99.06
2025-12-29,9:31:13.334928420,T,TGT,F,102,99.06
2025-12-29,9:31:20.576068575,T,TGT,I,2,99.1
2025-12-29,9:31:20.576071389,T,TGT,,105,99.1
2025-12-29,9:31:26.956906841,T,TGT,F I,40,99.06
2025-12-29,9:31:30.272849628,T,TGT,F I,50,99.105
2025-12-29,9:31:30.272988335,T,TGT,I,50,99.105
2025-12-29,9:31:38.182969485,T,TGT,F I,20,99.14
2025-12-29,9:31:38.192745766,T,TGT,F I,50,99.29
2025-12-29,9:31:38.193446449,T,TGT,F I,50,99.29
2025-12-29,9:31:38.193483034,T,TGT,F I,50,99.29
2025-12-29,9:31:38.193518547,T,TGT,F I,50,99.29
2025-12-29,9:31:38.194147023,T,TGT,F I,50,99.29
2025-12-29,9:31:38.195175465,T,TGT,F I,50,99.29
2025-12-29,9:31:38.195208640,T,TGT,F I,50,99.29
2025-12-29,9:31:38.195241652,T,TGT,F I,50,99.29
2025-12-29,9:31:38.195274801,T,TGT,F I,50,99.29
2025-12-29,9:31:38.195307812,T,TGT,F I,5,99.29
2025-12-29,9:31:38.390388563,T,TGT,,100,99.21
2025-12-29,9:31:39.971107460,T,TGT,,100,99.285
2025-12-29,9:31:49.316582911,T,TGT,F I,25,99.15
2025-12-29,9:31:56.571002552,T,TGT,F I,15,99.22
2025-12-29,9:31:56.574662402,T,TGT,I,19,99.24
2025-12-29,9:31:56.574662402,T,TGT,I,11,99.24
2025-12-29,9:31:56.575483215,T,TGT,,2000,99.25
2025-12-29,9:31:56.575735909,T,TGT,F,100,99.27
2025-12-29,9:31:56.575735909,T,TGT,F I,20,99.27
2025-12-29,9:32:06.690750418,T,TGT,F I,50,99.24
2025-12-29,9:32:06.690795522,T,TGT,I,47,99.24
2025-12-29,9:32:06.690799234,T,TGT,F I,3,99.24
2025-12-29,9:32:15.234993919,T,TGT,,100,99.21
2025-12-29,9:32:15.234993919,T,TGT,I,99,99.21
2025-12-29,9:32:15.235348817,T,TGT,,167,99.21
2025-12-29,9:32:15.241140649,T,TGT,I,35,99.16
2025-12-29,9:32:15.241594729,T,TGT,I,24,99.16
2025-12-29,9:32:15.241624765,T,TGT,F I,4,99.15
2025-12-29,9:32:15.241627811,T,TGT,F I,31,99.15
2025-12-29,9:32:15.241646069,T,TGT,I,28,99.15
2025-12-29,9:32:21.537411608,T,TGT,I,11,99.31
2025-12-29,9:32:21.537429638,T,TGT,F I,9,99.31
2025-12-29,9:32:21.537495764,T,TGT,F I,75,99.31
2025-12-29,9:32:21.537504783,T,TGT,F I,50,99.31
2025-12-29,9:32:21.537504783,T,TGT,F I,50,99.32
2025-12-29,9:32:21.537516854,T,TGT,I,1,99.315
2025-12-29,9:32:21.538211448,T,TGT,I,14,99.31
2025-12-29,9:32:21.538262665,T,TGT,I,56,99.36
2025-12-29,9:32:21.538427970,T,TGT,I,8,99.38
2025-12-29,9:32:21.540472900,T,TGT,F I,1,99.41
2025-12-29,9:32:22.400013639,T,TGT,F I,1,99.41
2025-12-29,9:32:22.761483777,T,TGT,I,30,99.38
2025-12-29,9:32:23.077837463,T,TGT,I,93,99.41
2025-12-29,9:32:24.102014414,T,TGT,F I,61,99.36
2025-12-29,9:32:24.102014414,T,TGT,F I,1,99.36
2025-12-29,9:32:24.102035464,T,TGT,F I,99,99.36
2025-12-29,9:32:24.102039883,T,TGT,F,397,99.36
2025-12-29,9:32:24.102044505,T,TGT,F I,56,99.36
2025-12-29,9:32:24.102044505,T,TGT,F,284,99.36
2025-12-29,9:32:24.102044505,T,TGT,F I,20,99.36
2025-12-29,9:32:24.102047441,T,TGT,F I,20,99.36
2025-12-29,9:32:27.339885120,T,TGT,I,60,99.285
2025-12-29,9:32:28.620395884,T,TGT,,150,99.285
2025-12-29,9:32:28.620461969,T,TGT,,157,99.285
2025-12-29,9:32:28.622621145,T,TGT,F I,93,99.285
2025-12-29,9:32:28.622657303,T,TGT,F I,25,99.2
2025-12-29,9:32:28.622963948,T,TGT,I,64,99.18
2025-12-29,9:32:28.623249575,T,TGT,F I,2,99.16
2025-12-29,9:32:39.441222092,T,TGT,I,64,99.28
2025-12-29,9:32:39.441224878,T,TGT,,100,99.28
2025-12-29,9:32:47.146328525,T,TGT,F I,3,99.3
2025-12-29,9:32:47.146331372,T,TGT,F I,47,99.26
2025-12-29,9:32:47.146391893,T,TGT,F I,50,99.26
2025-12-29,9:32:47.146424601,T,TGT,F I,50,99.26
2025-12-29,9:32:47.146460650,T,TGT,F I,50,99.26
2025-12-29,9:32:47.146493734,T,TGT,F I,3,99.26
2025-12-29,9:32:47.147209505,T,TGT,,150,99.26
2025-12-29,9:32:47.163691753,T,TGT,,150,99.3
2025-12-29,9:32:47.163893167,T,TGT,I,53,99.31
2025-12-29,9:32:47.163896244,T,TGT,I,6,99.31
2025-12-29,9:32:56.474320029,T,TGT,,100,99.4
2025-12-29,9:32:56.474395456,T,TGT,I,30,99.41
2025-12-29,9:32:56.474398307,T,TGT,I,23,99.41
2025-12-29,9:32:56.475282354,T,TGT,,177,99.42
2025-12-29,9:32:56.475306434,T,TGT,F I,30,99.42
2025-12-29,9:32:56.484989623,T,TGT,I,30,99.43
2025-12-29,9:32:58.262000941,T,TGT,I,30,99.43
2025-12-29,9:32:58.262097140,T,TGT,F,300,99.44
2025-12-29,9:32:58.262722652,T,TGT,I,30,99.44
2025-12-29,9:32:58.264704414,T,TGT,I,60,99.46
2025-12-29,9:32:58.362389068,T,TGT,I,30,99.48
2025-12-29,9:32:58.362716888,T,TGT,I,31,99.48
2025-12-29,9:33:01.304345861,T,TGT,,200,99.52
2025-12-29,9:33:02.931492278,T,TGT,F I,4,99.48
2025-12-29,9:33:04.005392737,T,TGT,F I,50,99.44
2025-12-29,9:33:04.006358056,T,TGT,F I,11,99.44
2025-12-29,9:33:09.559032481,T,TGT,I,40,99.49
2025-12-29,9:33:12.629500351,T,TGT,,148,99.54
2025-12-29,9:33:15.408763562,T,TGT,F,300,99.5
2025-12-29,9:33:24.521701618,T,TGT,F I,3,99.51
2025-12-29,9:33:24.521703981,T,TGT,F I,47,99.51
2025-12-29,9:33:24.521758149,T,TGT,F I,50,99.51
2025-12-29,9:33:24.521800213,T,TGT,F I,50,99.51
2025-12-29,9:33:24.521836367,T,TGT,F I,50,99.51
2025-12-29,9:33:24.521857473,T,TGT,,100,99.51
2025-12-29,9:33:24.521857473,T,TGT,I,3,99.51
2025-12-29,9:33:24.522043809,T,TGT,,198,99.51
2025-12-29,9:33:24.522335507,T,TGT,F I,50,99.5
2025-12-29,9:33:24.523478316,T,TGT,I,2,99.51
2025-12-29,9:33:30.704126705,T,TGT,I,31,99.52
2025-12-29,9:33:39.204363263,T,TGT,I,3,99.495
2025-12-29,9:33:47.030342617,T,TGT,,100,99.485
2025-12-29,9:34:00.964161246,T,TGT,I,6,99.485
2025-12-29,9:34:08.294198884,T,TGT,F I,50,99.47
2025-12-29,9:34:08.294249983,T,TGT,F I,50,99.47
2025-12-29,9:34:10.313798378,T,TGT,I,36,99.49
2025-12-29,9:34:10.313960686,T,TGT,I,53,99.52
2025-12-29,9:34:10.446670557,T,TGT,I,4,99.44
2025-12-29,9:34:10.446672899,T,TGT,I,80,99.44
2025-12-29,9:34:10.446697442,T,TGT,I,5,99.44
2025-12-29,9:34:10.446697442,T,TGT,I,60,99.44
2025-12-29,9:34:10.446700814,T,TGT,I,19,99.44
2025-12-29,9:34:10.446704201,T,TGT,I,1,99.44
2025-12-29,9:34:10.446704201,T,TGT,I,40,99.44
2025-12-29,9:34:10.446739012,T,TGT,I,28,99.47
2025-12-29,9:34:10.447091649,T,TGT,I,28,99.47
2025-12-29,9:34:10.447175036,T,TGT,I,28,99.47
2025-12-29,9:34:15.997389641,T,TGT,I,4,99.495
2025-12-29,9:34:16.993031721,T,TGT,F,125,99.44
2025-12-29,9:34:16.993064653,T,TGT,F I,50,99.42
2025-12-29,9:34:16.993957777,T,TGT,F I,50,99.42
2025-12-29,9:34:16.994264574,T,TGT,F I,50,99.42
2025-12-29,9:34:16.994330692,T,TGT,F I,50,99.42
2025-12-29,9:34:17.910733868,T,TGT,,100,99.44
2025-12-29,9:34:18.034953815,T,TGT,,100,99.44
2025-12-29,9:34:21.513136193,T,TGT,F I,50,99.45
2025-12-29,9:34:25.772543548,T,TGT,,100,99.465
2025-12-29,9:34:25.772547478,T,TGT,I,10,99.41
2025-12-29,9:34:25.772547478,T,TGT,I,25,99.41
2025-12-29,9:34:25.772549558,T,TGT,I,65,99.41
2025-12-29,9:34:25.772799187,T,TGT,F,100,99.465
2025-12-29,9:34:25.772859271,T,TGT,,167,99.465
2025-12-29,9:34:25.773929844,T,TGT,,200,99.465
2025-12-29,9:34:25.773956882,T,TGT,F I,33,99.465
2025-12-29,9:34:25.864902653,T,TGT,I,80,99.46
2025-12-29,9:34:32.737418438,T,TGT,F I,66,99.47
2025-12-29,9:34:32.737421472,T,TGT,F,100,99.47
2025-12-29,9:34:32.737487581,T,TGT,F,100,99.47
2025-12-29,9:34:32.737917579,T,TGT,F I,7,99.47
2025-12-29,9:34:32.737926604,T,TGT,F I,20,99.48
2025-12-29,9:34:32.737944720,T,TGT,I,20,99.48
2025-12-29,9:34:32.737959760,T,TGT,F I,4,99.47
2025-12-29,9:34:32.737972648,T,TGT,I,1,99.47
2025-12-29,9:34:32.737974728,T,TGT,I,6,99.47
2025-12-29,9:34:32.737977896,T,TGT,F I,29,99.48
2025-12-29,9:34:32.737983768,T,TGT,I,20,99.48
2025-12-29,9:34:32.738203311,T,TGT,F I,2,99.47
2025-12-29,9:34:32.738296526,T,TGT,I,32,99.51
2025-12-29,9:34:32.739346131,T,TGT,I,29,99.52
2025-12-29,9:34:32.739352079,T,TGT,F I,11,99.51
2025-12-29,9:34:32.739352079,T,TGT,F I,32,99.51
2025-12-29,9:34:32.739481689,T,TGT,I,16,99.51
2025-12-29,9:34:32.739481689,T,TGT,I,14,99.51
2025-12-29,9:34:32.739532406,T,TGT,I,18,99.51
2025-12-29,9:34:32.739574947,T,TGT,I,11,99.52
2025-12-29,9:34:32.739578067,T,TGT,I,31,99.52
2025-12-29,9:34:32.739580604,T,TGT,I,65,99.53
2025-12-29,9:34:32.740028595,T,TGT,I,6,99.51
2025-12-29,9:34:32.740040623,T,TGT,I,3,99.51
2025-12-29,9:34:32.740116114,T,TGT,I,8,99.51
2025-12-29,9:34:32.740116114,T,TGT,F I,4,99.51
2025-12-29,9:34:32.740154911,T,TGT,I,4,99.51
2025-12-29,9:34:32.740158045,T,TGT,I,3,99.51
2025-12-29,9:34:32.740161372,T,TGT,I,4,99.51
2025-12-29,9:34:32.740161372,T,TGT,,100,99.51
2025-12-29,9:34:32.740165122,T,TGT,I,8,99.51
2025-12-29,9:34:32.740165122,T,TGT,I,20,99.52
2025-12-29,9:34:32.740167087,T,TGT,I,4,99.51
2025-12-29,9:34:32.740169947,T,TGT,I,58,99.52
2025-12-29,9:34:32.740221137,T,TGT,I,22,99.52
2025-12-29,9:34:32.740251763,T,TGT,F I,35,99.53
2025-12-29,9:34:32.740254230,T,TGT,F I,7,99.53
2025-12-29,9:34:32.740711261,T,TGT,F I,22,99.51
2025-12-29,9:34:36.005162363,T,TGT,F I,22,99.53
2025-12-29,9:34:36.005195402,T,TGT,F I,50,99.54
2025-12-29,9:34:36.010602350,T,TGT,F I,34,99.54
2025-12-29,9:34:36.010602350,T,TGT,F I,1,99.55
2025-12-29,9:34:36.010602350,T,TGT,F I,66,99.55
2025-12-29,9:34:36.010930108,T,TGT,F I,34,99.55
2025-12-29,9:34:40.531106865,T,TGT,F,100,99.58
2025-12-29,9:34:40.531867694,T,TGT,I,6,99.6
2025-12-29,9:34:41.645192007,T,TGT,F I,12,99.7
2025-12-29,9:34:41.645219066,T,TGT,I,13,99.71
2025-12-29,9:34:42.734684588,T,TGT,F I,50,99.8
2025-12-29,9:34:42.734684588,T,TGT,F I,7,99.8
2025-12-29,9:34:42.752839132,T,TGT,F I,58,99.84
2025-12-29,9:34:42.752841747,T,TGT,F I,1,99.84
2025-12-29,9:34:42.752863356,T,TGT,F I,8,99.84
2025-12-29,9:34:42.986257925,T,TGT,F I,10,99.88
2025-12-29,9:34:42.986260852,T,TGT,F,219,99.88
2025-12-29,9:34:43.186432859,T,TGT,F I,3,99.9
2025-12-29,9:34:43.186435859,T,TGT,F,100,99.9
2025-12-29,9:34:44.697316298,T,TGT,F I,50,99.895
2025-12-29,9:34:44.697364386,T,TGT,F I,50,99.895
2025-12-29,9:34:44.703297561,T,TGT,,100,99.94
2025-12-29,9:34:44.703297561,T,TGT,I,63,99.94
2025-12-29,9:34:50.320118535,T,TGT,I,3,99.95
2025-12-29,9:34:50.320120777,T,TGT,I,20,99.95
2025-12-29,9:34:50.320123840,T,TGT,,100,99.95
2025-12-29,9:34:50.320123840,T,TGT,,400,99.95
2025-12-29,9:34:50.321582315,T,TGT,I,50,99.93
2025-12-29,9:34:50.321619752,T,TGT,I,25,99.92
2025-12-29,9:34:50.321621754,T,TGT,I,25,99.92
2025-12-29,9:34:50.323037695,T,TGT,I,2,99.89
2025-12-29,9:34:50.325401388,T,TGT,I,80,99.89
2025-12-29,9:34:50.340954379,T,TGT,I,80,99.9
2025-12-29,9:34:50.487346159,T,TGT,I,30,99.87
2025-12-29,9:34:50.487430324,T,TGT,,100,99.87
2025-12-29,9:34:50.487451461,T,TGT,F I,50,99.86
2025-12-29,9:34:50.487974722,T,TGT,,100,99.86
2025-12-29,9:34:50.488056193,T,TGT,I,30,99.87
2025-12-29,9:34:50.488149394,T,TGT,I,37,99.88
2025-12-29,9:34:57.442835693,T,TGT,F I,50,99.9
2025-12-29,9:35:04.122661474,T,TGT,I,1,99.89
2025-12-29,9:35:04.122908139,T,TGT,I,30,99.86
2025-12-29,9:35:04.122950098,T,TGT,,100,99.85
2025-12-29,9:35:04.122965161,T,TGT,F,100,99.85
2025-12-29,9:35:04.122971114,T,TGT,I,72,99.85
2025-12-29,9:35:04.122971114,T,TGT,I,1,99.85
2025-12-29,9:35:04.123028256,T,TGT,I,27,99.85
2025-12-29,9:35:04.123620759,T,TGT,I,30,99.86
2025-12-29,9:35:04.124027222,T,TGT,I,30,99.83
2025-12-29,9:35:04.124029637,T,TGT,I,70,99.83
2025-12-29,9:35:04.721075083,T,TGT,F I,37,99.85
2025-12-29,9:35:06.045589578,T,TGT,,150,99.86
2025-12-29,9:35:08.000198144,T,TGT,I,10,99.83
2025-12-29,9:35:08.000492839,T,TGT,I,10,99.8
2025-12-29,9:35:08.001334850,T,TGT,F I,5,99.78
2025-12-29,9:35:10.272218989,T,TGT,I,50,99.72
2025-12-29,9:35:18.832686197,T,TGT,I,78,99.63
2025-12-29,9:35:18.832710292,T,TGT,F,122,99.63
2025-12-29,9:35:29.303917640,T,TGT,I,7,99.57
2025-12-29,9:35:29.303917640,T,TGT,I,13,99.57
2025-12-29,9:35:29.408218098,T,TGT,I,55,99.59
2025-12-29,9:35:29.408218098,T,TGT,I,8,99.59
2025-12-29,9:35:29.620159872,T,TGT,I,55,99.59
2025-12-29,9:35:29.620159872,T,TGT,I,8,99.59
2025-12-29,9:35:30.937908305,T,TGT,I,55,99.59
2025-12-29,9:35:30.937908305,T,TGT,I,8,99.59
2025-12-29,9:35:31.608861150,T,TGT,F I,58,99.59
2025-12-29,9:35:31.608863698,T,TGT,F I,5,99.59
2025-12-29,9:35:32.430502332,T,TGT,I,50,99.67
2025-12-29,9:35:32.430502332,T,TGT,I,12,99.67
2025-12-29,9:35:33.872247884,T,TGT,I,50,99.67
2025-12-29,9:35:33.872247884,T,TGT,I,12,99.67
2025-12-29,9:35:36.720727088,T,TGT,,100,99.67
2025-12-29,9:35:36.955908274,T,TGT,F I,66,99.68
2025-12-29,9:35:36.955908274,T,TGT,F I,20,99.68
2025-12-29,9:35:36.955911457,T,TGT,F I,2,99.68
2025-12-29,9:35:36.955911457,T,TGT,F,100,99.68
2025-12-29,9:35:36.955914450,T,TGT,F I,4,99.68
2025-12-29,9:35:36.956422533,T,TGT,F I,50,99.74
2025-12-29,9:35:36.956512768,T,TGT,I,7,99.71
2025-12-29,9:35:36.956539840,T,TGT,F,100,99.68
2025-12-29,9:35:36.956543026,T,TGT,F,100,99.67
2025-12-29,9:35:36.956543026,T,TGT,F,100,99.67
2025-12-29,9:35:36.956546077,T,TGT,F,150,99.67
2025-12-29,9:35:36.956546077,T,TGT,F I,30,99.67
2025-12-29,9:35:48.987169107,T,TGT,I,1,99.76
2025-12-29,9:35:51.643664823,T,TGT,F,100,99.87
2025-12-29,9:35:51.643668083,T,TGT,F I,8,99.88
2025-12-29,9:35:51.645637492,T,TGT,I,80,99.85
2025-12-29,9:35:51.647342495,T,TGT,I,34,99.82
2025-12-29,9:35:51.647360597,T,TGT,F I,37,99.82
2025-12-29,9:35:58.077916642,T,TGT,I,8,99.8
2025-12-29,9:36:06.054680891,T,TGT,I,8,99.77
2025-12-29,9:36:06.116929107,T,TGT,,100,99.77
2025-12-29,9:36:09.228553026,T,TGT,I,21,99.7
2025-12-29,9:36:09.228562217,T,TGT,I,52,99.7
2025-12-29,9:36:09.229677696,T,TGT,,255,99.68
2025-12-29,9:36:09.229680692,T,TGT,,100,99.68
2025-12-29,9:36:09.231274502,T,TGT,,150,99.7
2025-12-29,9:36:09.231274502,T,TGT,I,50,99.7
2025-12-29,9:36:10.576385138,T,TGT,I,44,99.7
2025-12-29,9:36:10.576388092,T,TGT,I,16,99.7
2025-12-29,9:36:12.172714093,T,TGT,I,46,99.7
2025-12-29,9:36:12.172714093,T,TGT,I,14,99.7
2025-12-29,9:36:13.112110586,T,TGT,,100,99.56
2025-12-29,9:36:13.113129551,T,TGT,I,22,99.6
2025-12-29,9:36:13.114046758,T,TGT,F I,10,99.58
2025-12-29,9:36:13.114046758,T,TGT,F,100,99.58
2025-12-29,9:36:13.114049742,T,TGT,F,100,99.58
2025-12-29,9:36:13.114052817,T,TGT,F,570,99.58
2025-12-29,9:36:13.114052817,T,TGT,F I,30,99.58
2025-12-29,9:36:13.115069101,T,TGT,I,43,99.58
2025-12-29,9:36:13.152601558,T,TGT,I,40,99.53
2025-12-29,9:36:13.206874922,T,TGT,,100,99.48
2025-12-29,9:36:13.437274788,T,TGT,F,100,99.52
2025-12-29,9:36:13.437909234,T,TGT,F I,3,99.56
2025-12-29,9:36:13.798344919,T,TGT,I,57,99.56
2025-12-29,9:36:13.798348047,T,TGT,I,60,99.58
2025-12-29,9:36:13.798348047,T,TGT,I,30,99.59
2025-12-29,9:36:13.798351042,T,TGT,I,7,99.59
2025-12-29,9:36:13.821566495,T,TGT,F,100,99.6
2025-12-29,9:36:13.821569241,T,TGT,F,100,99.61
2025-12-29,9:36:13.821572348,T,TGT,F I,62,99.69
2025-12-29,9:36:16.358154343,T,TGT,I,28,99.585
2025-12-29,9:36:27.191009303,T,TGT,F I,50,99.59
2025-12-29,9:36:27.271138207,T,TGT,I,1,99.585
2025-12-29,9:36:34.765316213,T,TGT,,100,99.69
2025-12-29,9:36:34.765316213,T,TGT,,100,99.69
2025-12-29,9:36:35.760416949,T,TGT,,100,99.615
2025-12-29,9:36:36.457642979,T,TGT,,100,99.615
2025-12-29,9:36:36.466847897,T,TGT,F I,50,99.615
2025-12-29,9:36:36.466899007,T,TGT,I,50,99.615
2025-12-29,9:36:36.466908005,T,TGT,,117,99.615
2025-12-29,9:36:43.463210873,T,TGT,I,10,99.615
2025-12-29,9:36:44.259610151,T,TGT,F I,50,99.69
2025-12-29,9:36:44.259658292,T,TGT,F I,50,99.69
2025-12-29,9:36:44.260133346,T,TGT,F,100,99.7
2025-12-29,9:36:44.260133346,T,TGT,F I,25,99.7
2025-12-29,9:36:44.260395202,T,TGT,,100,99.7
2025-12-29,9:36:44.260434143,T,TGT,I,6,99.695
2025-12-29,9:36:44.415375206,T,TGT,,100,99.62
2025-12-29,9:36:44.415669926,T,TGT,F,100,99.61
2025-12-29,9:36:44.415669926,T,TGT,F I,27,99.61
2025-12-29,9:36:44.415694024,T,TGT,I,1,99.61
2025-12-29,9:36:44.415727059,T,TGT,F I,75,99.61
2025-12-29,9:36:44.415931687,T,TGT,F I,17,99.61
2025-12-29,9:36:44.416653246,T,TGT,,100,99.62
2025-12-29,9:36:44.440993205,T,TGT,I,6,99.62
2025-12-29,9:36:45.497798065,T,TGT,I,79,99.67
2025-12-29,9:36:45.497798065,T,TGT,I,96,99.67
2025-12-29,9:36:55.650062306,T,TGT,,100,99.68
2025-12-29,9:36:55.651186933,T,TGT,I,60,99.69
2025-12-29,9:36:55.651189989,T,TGT,,302,99.75
2025-12-29,9:36:57.096968437,T,TGT,F,100,99.74
2025-12-29,9:36:57.096968437,T,TGT,F,100,99.74
2025-12-29,9:36:57.096971339,T,TGT,F,145,99.75
2025-12-29,9:36:57.096986618,T,TGT,I,1,99.75
2025-12-29,9:36:57.103063869,T,TGT,I,63,99.67
2025-12-29,9:36:57.716077203,T,TGT,,100,99.73
2025-12-29,9:36:57.716077203,T,TGT,I,75,99.74
2025-12-29,9:37:03.691435678,T,TGT,,100,99.7
2025-12-29,9:37:03.762558123,T,TGT,F I,10,99.7
2025-12-29,9:37:03.762558123,T,TGT,F I,26,99.7
2025-12-29,9:37:07.013488977,T,TGT,,100,99.7
2025-12-29,9:37:07.020104703,T,TGT,F I,99,99.75
2025-12-29,9:37:07.020215965,T,TGT,F I,15,99.77
2025-12-29,9:37:07.030503511,T,TGT,F,100,99.77
2025-12-29,9:37:07.689499887,T,TGT,F I,10,99.82
2025-12-29,9:37:07.689499887,T,TGT,F,100,99.82
2025-12-29,9:37:07.689502533,T,TGT,F I,40,99.82
2025-12-29,9:37:07.689517531,T,TGT,I,1,99.82
2025-12-29,9:37:07.689704022,T,TGT,F I,59,99.82
2025-12-29,9:37:07.699880184,T,TGT,I,28,99.78
2025-12-29,9:37:07.699910233,T,TGT,,100,99.78
2025-12-29,9:37:07.700169248,T,TGT,F,100,99.77
2025-12-29,9:37:09.918671180,T,TGT,,100,99.79
2025-12-29,9:37:09.918671180,T,TGT,,100,99.79
2025-12-29,9:37:09.941778177,T,TGT,F I,28,99.8
2025-12-29,9:37:09.941781707,T,TGT,F,100,99.8
2025-12-29,9:37:09.941781707,T,TGT,F,100,99.81
2025-12-29,9:37:21.664407795,T,TGT,F I,8,99.775
2025-12-29,9:37:21.664431830,T,TGT,,100,99.775
2025-12-29,9:37:21.664831773,T,TGT,I,8,99.77
2025-12-29,9:37:21.689595858,T,TGT,,100,99.67
2025-12-29,9:37:21.689619821,T,TGT,I,80,99.67
2025-12-29,9:37:21.689619821,T,TGT,I,61,99.66
2025-12-29,9:37:21.689624270,T,TGT,I,1,99.66
2025-12-29,9:37:21.689628896,T,TGT,,100,99.65
2025-12-29,9:37:21.689628896,T,TGT,I,58,99.65
2025-12-29,9:37:21.689628896,T,TGT,I,1,99.65
2025-12-29,9:37:21.690206504,T,TGT,,100,99.65
2025-12-29,9:37:21.690239301,T,TGT,I,38,99.65
2025-12-29,9:37:21.690248341,T,TGT,,100,99.65
2025-12-29,9:37:21.690257687,T,TGT,F I,3,99.65
2025-12-29,9:37:21.690257687,T,TGT,F I,8,99.65
2025-12-29,9:37:21.690519072,T,TGT,,200,99.63
2025-12-29,9:37:21.690720487,T,TGT,I,50,99.69
2025-12-29,9:37:21.691111701,T,TGT,F I,58,99.67
2025-12-29,9:37:21.691111701,T,TGT,F I,87,99.67
2025-12-29,9:37:21.691412274,T,TGT,F,100,99.66
2025-12-29,9:37:21.691412274,T,TGT,F,100,99.66
2025-12-29,9:37:21.741228729,T,TGT,I,80,99.62
2025-12-29,9:37:21.741228729,T,TGT,I,20,99.61
2025-12-29,9:37:21.741246996,T,TGT,F I,80,99.61
2025-12-29,9:37:21.743586340,T,TGT,,100,99.64
2025-12-29,9:37:21.743607488,T,TGT,I,1,99.64
2025-12-29,9:37:21.743610492,T,TGT,I,3,99.64
2025-12-29,9:37:21.743610492,T,TGT,I,3,99.64
2025-12-29,9:37:21.885894396,T,TGT,,100,99.67
2025-12-29,9:37:21.885918487,T,TGT,F I,60,99.68
2025-12-29,9:37:21.885921427,T,TGT,F I,7,99.68
2025-12-29,9:37:31.983990761,T,TGT,F I,50,99.69
2025-12-29,9:37:31.984038890,T,TGT,F I,50,99.69
2025-12-29,9:37:31.984649268,T,TGT,F I,50,99.69
2025-12-29,9:37:31.984685359,T,TGT,F I,50,99.69
2025-12-29,9:37:42.426001415,T,TGT,F I,20,99.69
2025-12-29,9:37:42.426005123,T,TGT,F,100,99.69
2025-12-29,9:37:42.426010676,T,TGT,F I,3,99.69
2025-12-29,9:37:42.426013458,T,TGT,F I,90,99.69
2025-12-29,9:37:42.426016644,T,TGT,F I,80,99.67
2025-12-29,9:37:42.426016644,T,TGT,F I,66,99.66
2025-12-29,9:37:42.426275086,T,TGT,F I,80,99.67
2025-12-29,9:37:42.426278001,T,TGT,F,100,99.66
2025-12-29,9:37:42.426281020,T,TGT,F I,2,99.65
2025-12-29,9:37:42.426281020,T,TGT,F,117,99.65
2025-12-29,9:37:42.426299149,T,TGT,I,1,99.65
2025-12-29,9:37:42.426368254,T,TGT,,100,99.66
2025-12-29,9:37:42.426371331,T,TGT,I,77,99.65
2025-12-29,9:37:42.426548756,T,TGT,F I,70,99.69
2025-12-29,9:37:42.426548756,T,TGT,F I,7,99.69
2025-12-29,9:37:42.426551653,T,TGT,F,100,99.69
2025-12-29,9:37:42.426600344,T,TGT,F I,33,99.69
2025-12-29,9:37:42.426632931,T,TGT,F I,20,99.69
2025-12-29,9:37:42.426696104,T,TGT,F I,75,99.69
2025-12-29,9:37:42.426732188,T,TGT,,578,99.69
2025-12-29,9:37:42.426906590,T,TGT,,314,99.69
2025-12-29,9:37:42.426909992,T,TGT,,100,99.69
2025-12-29,9:37:42.426909992,T,TGT,I,70,99.69
2025-12-29,9:37:42.427309481,T,TGT,,167,99.69
2025-12-29,9:37:42.427424634,T,TGT,I,4,99.7
2025-12-29,9:37:42.427424634,T,TGT,I,8,99.7
2025-12-29,9:37:42.427649311,T,TGT,I,4,99.69
2025-12-29,9:37:42.427671399,T,TGT,I,54,99.69
2025-12-29,9:37:42.427673492,T,TGT,I,4,99.69
2025-12-29,9:37:42.427676377,T,TGT,I,13,99.69
2025-12-29,9:37:42.449568594,T,TGT,F,100,99.69
2025-12-29,9:37:42.450034620,T,TGT,F I,75,99.71
2025-12-29,9:37:42.450040685,T,TGT,F I,25,99.71
2025-12-29,9:37:42.450606024,T,TGT,F I,75,99.73
2025-12-29,9:37:42.450609245,T,TGT,F I,25,99.73
2025-12-29,9:37:42.999891555,T,TGT,,100,99.705
2025-12-29,9:37:47.530397954,T,TGT,F I,20,99.76
2025-12-29,9:37:47.530400934,T,TGT,F,100,99.76
2025-12-29,9:37:47.578608844,T,TGT,F I,20,99.83
2025-12-29,9:37:47.578611829,T,TGT,F I,7,99.83
2025-12-29,9:37:47.700041036,T,TGT,I,25,99.81
2025-12-29,9:37:48.810427411,T,TGT,,100,99.85
2025-12-29,9:37:48.866814690,T,TGT,I,30,99.85
2025-12-29,9:37:52.681059607,T,TGT,I,10,99.85
2025-12-29,9:37:52.737783837,T,TGT,I,10,99.85
2025-12-29,9:38:00.328936771,T,TGT,F I,20,99.81
2025-12-29,9:38:00.328936771,T,TGT,F I,30,99.81
2025-12-29,9:38:00.328993815,T,TGT,F I,41,99.81
2025-12-29,9:38:04.150750568,T,TGT,I,6,99.835
2025-12-29,9:38:04.186337434,T,TGT,F I,10,99.89
2025-12-29,9:38:04.186896719,T,TGT,F I,2,99.89
2025-12-29,9:38:04.187774843,T,TGT,F I,78,99.89
2025-12-29,9:38:04.187778196,T,TGT,F I,10,99.9
2025-12-29,9:38:04.187780829,T,TGT,F I,20,99.9
2025-12-29,9:38:04.187843975,T,TGT,I,21,99.87
2025-12-29,9:38:04.188096665,T,TGT,I,10,99.845
2025-12-29,9:38:04.188099628,T,TGT,I,25,99.84
2025-12-29,9:38:04.188108581,T,TGT,I,10,99.84
2025-12-29,9:38:04.189215189,T,TGT,F,100,99.86
2025-12-29,9:38:04.189215189,T,TGT,F I,42,99.87
2025-12-29,9:38:04.189219106,T,TGT,F I,39,99.87
2025-12-29,9:38:04.189219106,T,TGT,F I,34,99.87
2025-12-29,9:38:04.189224229,T,TGT,F I,35,99.87
2025-12-29,9:38:04.189224229,T,TGT,F I,7,99.87
2025-12-29,9:38:04.189236288,T,TGT,I,1,99.87
2025-12-29,9:38:04.189272407,T,TGT,I,9,99.84
2025-12-29,9:38:04.189278467,T,TGT,I,43,99.84
2025-12-29,9:38:04.189278467,T,TGT,I,8,99.84
2025-12-29,9:38:04.189281399,T,TGT,I,22,99.84
2025-12-29,9:38:04.189296461,T,TGT,I,8,99.84
2025-12-29,9:38:04.189302513,T,TGT,F I,43,99.84
2025-12-29,9:38:04.189306232,T,TGT,F I,34,99.84
2025-12-29,9:38:04.189308597,T,TGT,F I,25,99.84
2025-12-29,9:38:04.189314563,T,TGT,I,34,99.84
2025-12-29,9:38:04.189314563,T,TGT,I,39,99.84
2025-12-29,9:38:04.189317466,T,TGT,F I,17,99.84
2025-12-29,9:38:04.189320505,T,TGT,I,9,99.84
2025-12-29,9:38:04.189332477,T,TGT,I,1,99.84
2025-12-29,9:38:04.189362531,T,TGT,I,41,99.81
2025-12-29,9:38:04.189600119,T,TGT,I,17,99.8
2025-12-29,9:38:04.189606189,T,TGT,I,17,99.8
2025-12-29,9:38:04.189606189,T,TGT,I,7,99.8
2025-12-29,9:38:04.192673520,T,TGT,I,44,99.82
2025-12-29,9:38:04.192677087,T,TGT,I,33,99.82
2025-12-29,9:38:04.192677087,T,TGT,I,34,99.82
2025-12-29,9:38:04.192679716,T,TGT,I,50,99.82
2025-12-29,9:38:04.192679716,T,TGT,I,39,99.82
2025-12-29,9:38:04.193061362,T,TGT,I,15,99.82
2025-12-29,9:38:04.193061362,T,TGT,I,44,99.82
2025-12-29,9:38:04.193130581,T,TGT,I,83,99.82
2025-12-29,9:38:05.291897739,T,TGT,F I,30,99.84
2025-12-29,9:38:05.964753169,T,TGT,F I,14,99.84
2025-12-29,9:38:05.964759226,T,TGT,F,100,99.84
2025-12-29,9:38:05.964759226,T,TGT,F I,86,99.84
2025-12-29,9:38:07.990941292,T,TGT,F I,25,99.93
2025-12-29,9:38:11.903180651,T,TGT,F I,10,99.88
2025-12-29,9:38:15.428506485,T,TGT,I,25,99.85
2025-12-29,9:38:15.428506485,T,TGT,I,50,99.83
2025-12-29,9:38:15.428512325,T,TGT,I,17,99.83
2025-12-29,9:38:15.428512325,T,TGT,I,8,99.83
2025-12-29,9:38:15.429688062,T,TGT,,100,99.82
2025-12-29,9:38:15.429691921,T,TGT,I,2,99.82
2025-12-29,9:38:15.429691921,T,TGT,I,66,99.82
2025-12-29,9:38:15.429694073,T,TGT,I,39,99.82
2025-12-29,9:38:15.429709627,T,TGT,I,1,99.82
2025-12-29,9:38:15.429715269,T,TGT,I,60,99.82
2025-12-29,9:38:15.429889642,T,TGT,F,100,99.82
2025-12-29,9:38:15.429895591,T,TGT,F,100,99.82
2025-12-29,9:38:15.429895591,T,TGT,F I,25,99.83
2025-12-29,9:38:15.429898627,T,TGT,F I,75,99.83
2025-12-29,9:38:15.430042904,T,TGT,,205,99.82
2025-12-29,9:38:15.430057939,T,TGT,,595,99.82
2025-12-29,9:38:15.430060955,T,TGT,I,5,99.81
2025-12-29,9:38:15.446714653,T,TGT,F I,20,99.83
2025-12-29,9:38:15.446714653,T,TGT,F I,40,99.83
2025-12-29,9:38:15.485609362,T,TGT,F I,50,99.84
2025-12-29,9:38:15.535179490,T,TGT,I,50,99.83
2025-12-29,9:38:15.535200453,T,TGT,I,50,99.83
2025-12-29,9:38:16.496588023,T,TGT,I,1,99.85
2025-12-29,9:38:16.496588023,T,TGT,I,70,99.85
2025-12-29,9:38:16.499916866,T,TGT,,100,99.86
2025-12-29,9:38:16.499937855,T,TGT,F I,10,99.86
2025-12-29,9:38:16.499992067,T,TGT,I,1,99.85
2025-12-29,9:38:16.500142421,T,TGT,I,60,99.84
2025-12-29,9:38:16.556207897,T,TGT,,100,99.855
2025-12-29,9:38:17.273212098,T,TGT,,100,99.84
2025-12-29,9:38:18.016324387,T,TGT,F I,20,99.815
2025-12-29,9:38:18.017696256,T,TGT,I,63,99.79
2025-12-29,9:38:18.017698777,T,TGT,I,37,99.79
2025-12-29,9:38:18.017975278,T,TGT,F I,50,99.79
2025-12-29,9:38:18.017984312,T,TGT,F I,4,99.79
2025-12-29,9:38:18.017987389,T,TGT,F I,50,99.79
2025-12-29,9:38:18.017987389,T,TGT,I,4,99.79
2025-12-29,9:38:18.018018002,T,TGT,I,54,99.79
2025-12-29,9:38:18.018020457,T,TGT,F I,96,99.79
2025-12-29,9:38:21.025846180,T,TGT,I,36,99.78
2025-12-29,9:38:22.284612071,T,TGT,F I,25,99.755
2025-12-29,9:38:23.345239076,T,TGT,F I,25,99.75
2025-12-29,9:38:23.345329303,T,TGT,I,35,99.745
2025-12-29,9:38:23.345329303,T,TGT,I,15,99.745
2025-12-29,9:38:23.345371372,T,TGT,I,50,99.745
2025-12-29,9:38:23.345407446,T,TGT,I,35,99.745
2025-12-29,9:38:25.076682760,T,TGT,F I,25,99.75
2025-12-29,9:38:29.056809072,T,TGT,F I,14,99.77
2025-12-29,9:38:29.056812203,T,TGT,F I,30,99.77
2025-12-29,9:38:29.056812203,T,TGT,F I,30,99.78
2025-12-29,9:38:29.056814908,T,TGT,F I,26,99.78
2025-12-29,9:38:29.056829973,T,TGT,F I,34,99.78
2025-12-29,9:38:29.064164396,T,TGT,I,60,99.785
2025-12-29,9:38:29.266952520,T,TGT,F I,2,99.79
2025-12-29,9:38:29.854943346,T,TGT,F I,3,99.82
2025-12-29,9:38:29.861357608,T,TGT,,150,99.79
2025-12-29,9:38:29.861420796,T,TGT,,138,99.79
2025-12-29,9:38:29.861700471,T,TGT,,161,99.79
2025-12-29,9:38:29.864963333,T,TGT,I,52,99.79
2025-12-29,9:38:29.864966371,T,TGT,I,63,99.79
2025-12-29,9:38:29.864966371,T,TGT,I,85,99.74
2025-12-29,9:38:30.901707059,T,TGT,F I,3,99.84
2025-12-29,9:38:41.046014472,T,TGT,I,17,99.815
2025-12-29,9:38:46.015043471,T,TGT,I,43,99.815
2025-12-29,9:38:46.026939823,T,TGT,,300,99.815
2025-12-29,9:38:46.030058491,T,TGT,I,35,99.76
2025-12-29,9:38:46.030061220,T,TGT,I,32,99.76
2025-12-29,9:38:46.404564458,T,TGT,I,50,99.76
2025-12-29,9:38:46.404564458,T,TGT,I,17,99.76
2025-12-29,9:38:46.553671596,T,TGT,I,25,99.77
2025-12-29,9:38:46.553674636,T,TGT,,175,99.8
2025-12-29,9:38:46.559328163,T,TGT,I,50,99.76
2025-12-29,9:38:46.559328163,T,TGT,I,17,99.76
2025-12-29,9:38:46.559535566,T,TGT,F I,55,99.75
2025-12-29,9:38:46.559580760,T,TGT,I,45,99.75
2025-12-29,9:38:48.004766660,T,TGT,F,100,99.71
2025-12-29,9:38:48.004796718,T,TGT,I,5,99.7
2025-12-29,9:38:48.178000341,T,TGT,I,2,99.69
2025-12-29,9:38:48.180998584,T,TGT,F I,2,99.68
2025-12-29,9:38:48.181034623,T,TGT,I,2,99.68
2025-12-29,9:38:48.466261125,T,TGT,F I,2,99.675
2025-12-29,9:38:48.466291174,T,TGT,I,2,99.675
2025-12-29,9:38:48.466351664,T,TGT,I,2,99.675
2025-12-29,9:38:48.466420522,T,TGT,I,2,99.675
2025-12-29,9:38:48.466489719,T,TGT,I,2,99.675
2025-12-29,9:38:48.466537757,T,TGT,I,2,99.675
2025-12-29,9:38:48.466591917,T,TGT,I,2,99.675
2025-12-29,9:38:48.466682096,T,TGT,I,2,99.675
2025-12-29,9:38:48.466760283,T,TGT,I,2,99.675
2025-12-29,9:38:48.466832540,T,TGT,I,2,99.675
2025-12-29,9:38:48.466871983,T,TGT,I,44,99.675
2025-12-29,9:38:48.466874574,T,TGT,,100,99.675
2025-12-29,9:38:48.466877553,T,TGT,I,2,99.67
2025-12-29,9:38:48.466961748,T,TGT,F I,40,99.66
2025-12-29,9:38:48.466961748,T,TGT,F,100,99.66
2025-12-29,9:38:48.467436973,T,TGT,I,42,99.66
2025-12-29,9:38:48.467503098,T,TGT,,100,99.66
2025-12-29,9:38:48.467557565,T,TGT,F I,50,99.66
2025-12-29,9:38:48.467593297,T,TGT,,450,99.66
2025-12-29,9:38:48.469166022,T,TGT,I,75,99.66
2025-12-29,9:38:50.164358592,T,TGT,I,16,99.63
2025-12-29,9:38:50.164896892,T,TGT,F I,25,99.62
2025-12-29,9:38:50.322869265,T,TGT,I,20,99.58
2025-12-29,9:38:51.952097611,T,TGT,F I,6,99.6
2025-12-29,9:38:51.952097611,T,TGT,F I,60,99.6
2025-12-29,9:38:51.952100428,T,TGT,F I,7,99.6
2025-12-29,9:38:51.952103111,T,TGT,F I,2,99.61
2025-12-29,9:38:51.952103111,T,TGT,F I,6,99.61
2025-12-29,9:38:51.952105785,T,TGT,F I,79,99.62
2025-12-29,9:38:51.952108843,T,TGT,I,22,99.57
2025-12-29,9:38:51.952123845,T,TGT,I,3,99.57
2025-12-29,9:38:51.952123845,T,TGT,I,19,99.56
2025-12-29,9:38:51.952142166,T,TGT,I,3,99.59
2025-12-29,9:38:51.952142166,T,TGT,I,36,99.58
2025-12-29,9:38:51.952403493,T,TGT,F I,21,99.58
2025-12-29,9:38:51.957681084,T,TGT,F I,99,99.56
2025-12-29,9:38:51.965692151,T,TGT,I,45,99.525
2025-12-29,9:38:52.301408923,T,TGT,I,1,99.525
2025-12-29,9:38:52.301703676,T,TGT,I,50,99.525
2025-12-29,9:38:52.302010996,T,TGT,I,50,99.525
2025-12-29,9:38:52.302311067,T,TGT,I,50,99.525
2025-12-29,9:38:52.302608797,T,TGT,I,50,99.525
2025-12-29,9:38:52.302903433,T,TGT,I,50,99.525
2025-12-29,9:38:57.184559342,T,TGT,F I,25,99.55
2025-12-29,9:39:00.170384730,T,TGT,F I,50,99.57
2025-12-29,9:39:02.192516889,T,TGT,F I,3,99.59
2025-12-29,9:39:02.192520955,T,TGT,F I,36,99.59
2025-12-29,9:39:02.192525343,T,TGT,F I,25,99.59
2025-12-29,9:39:02.192525343,T,TGT,F I,11,99.59
2025-12-29,9:39:02.192531721,T,TGT,F I,14,99.59
2025-12-29,9:39:02.192534357,T,TGT,F I,25,99.59
2025-12-29,9:39:02.192537395,T,TGT,F I,13,99.59
2025-12-29,9:39:02.192732816,T,TGT,F I,10,99.6
2025-12-29,9:39:02.192778128,T,TGT,I,25,99.63
2025-12-29,9:39:02.196028611,T,TGT,I,2,99.65
2025-12-29,9:39:04.570449196,T,TGT,I,5,99.67
2025-12-29,9:39:23.849156206,T,TGT,I,6,99.675
2025-12-29,9:39:36.138681994,T,TGT,F I,10,99.68
2025-12-29,9:39:36.138684260,T,TGT,F I,3,99.68
2025-12-29,9:39:36.138910833,T,TGT,F,100,99.69
2025-12-29,9:39:36.139201749,T,TGT,F I,2,99.69
2025-12-29,9:39:36.732890981,T,TGT,I,55,99.71
2025-12-29,9:39:37.066559810,T,TGT,,100,99.71
2025-12-29,9:39:39.506648187,T,TGT,F I,10,99.68
2025-12-29,9:39:39.506648187,T,TGT,F I,40,99.68
2025-12-29,9:39:39.506708152,T,TGT,F I,50,99.675
2025-12-29,9:39:39.506744255,T,TGT,F I,10,99.675
2025-12-29,9:39:53.199887180,T,TGT,F I,1,99.73
2025-12-29,9:39:57.275319417,T,TGT,I,2,99.74
2025-12-29,9:40:01.752042682,T,TGT,F I,1,99.74
2025-12-29,9:40:04.209018988,T,TGT,F I,20,99.74
2025-12-29,9:40:04.216540290,T,TGT,I,52,99.74
2025-12-29,9:40:04.220422245,T,TGT,,100,99.74
2025-12-29,9:40:04.220455264,T,TGT,F,100,99.7
2025-12-29,9:40:05.323928270,T,TGT,F I,60,99.65
2025-12-29,9:40:05.323952342,T,TGT,F I,20,99.65
2025-12-29,9:40:05.324042588,T,TGT,I,50,99.645
2025-12-29,9:40:05.324090679,T,TGT,I,60,99.645
2025-12-29,9:40:05.324153853,T,TGT,F I,60,99.64
2025-12-29,9:40:06.143714152,T,TGT,I,56,99.59
2025-12-29,9:40:06.143717166,T,TGT,I,44,99.59
2025-12-29,9:40:06.144736583,T,TGT,I,60,99.58
2025-12-29,9:40:06.144736583,T,TGT,I,40,99.58
2025-12-29,9:40:06.144749300,T,TGT,I,12,99.58
2025-12-29,9:40:06.144754659,T,TGT,,148,99.58
2025-12-29,9:40:06.144757652,T,TGT,I,61,99.58
2025-12-29,9:40:06.144757652,T,TGT,I,1,99.58
2025-12-29,9:40:06.144760639,T,TGT,,138,99.58
2025-12-29,9:40:08.858873846,T,TGT,,196,99.57
2025-12-29,9:40:08.858876782,T,TGT,I,4,99.57
2025-12-29,9:40:10.046267500,T,TGT,I,56,99.57
2025-12-29,9:40:10.046270469,T,TGT,I,2,99.57
2025-12-29,9:40:10.046273483,T,TGT,I,3,99.57
2025-12-29,9:40:11.582206590,T,TGT,I,62,99.57
2025-12-29,9:40:11.585935516,T,TGT,,100,99.58
2025-12-29,9:40:11.585941657,T,TGT,I,1,99.58
2025-12-29,9:40:11.585941657,T,TGT,I,1,99.58
2025-12-29,9:40:11.585945228,T,TGT,I,15,99.58
2025-12-29,9:40:11.585947775,T,TGT,,100,99.58
2025-12-29,9:40:11.586215199,T,TGT,F I,75,99.59
2025-12-29,9:40:11.586236309,T,TGT,F I,25,99.59
2025-12-29,9:40:13.311458339,T,TGT,F I,25,99.63
2025-12-29,9:40:15.956893697,T,TGT,F I,25,99.63
2025-12-29,9:40:15.957639435,T,TGT,,100,99.625
2025-12-29,9:40:15.957931166,T,TGT,I,50,99.625
2025-12-29,9:40:15.958228818,T,TGT,I,50,99.625
2025-12-29,9:40:16.898996050,T,TGT,I,2,99.625
2025-12-29,9:40:16.898996050,T,TGT,I,10,99.625
2025-12-29,9:40:22.136170902,T,TGT,,116,99.69
2025-12-29,9:40:27.462866187,T,TGT,F,100,99.69
2025-12-29,9:40:27.462869526,T,TGT,F,100,99.7
2025-12-29,9:40:27.462872167,T,TGT,F I,5,99.7
2025-12-29,9:40:27.462875058,T,TGT,F I,75,99.7
2025-12-29,9:40:27.462971213,T,TGT,F I,20,99.7
2025-12-29,9:40:33.257815652,T,TGT,,120,99.72
2025-12-29,9:40:34.677576077,T,TGT,F I,25,99.63
2025-12-29,9:40:48.235454133,T,TGT,F,100,99.66
2025-12-29,9:40:48.236097425,T,TGT,I,1,99.68
2025-12-29,9:40:48.271142899,T,TGT,,100,99.69
2025-12-29,9:40:48.936324666,T,TGT,I,1,99.7
2025-12-29,9:40:48.936324666,T,TGT,I,2,99.7
2025-12-29,9:40:55.427989062,T,TGT,F I,25,99.69
2025-12-29,9:40:55.427992077,T,TGT,F I,25,99.7
2025-12-29,9:40:55.428049256,T,TGT,F I,50,99.7
2025-12-29,9:40:55.428292840,T,TGT,I,7,99.66
2025-12-29,9:40:55.625965764,T,TGT,F I,50,99.72
2025-12-29,9:40:55.626001816,T,TGT,F I,50,99.72
2025-12-29,9:41:01.101224396,T,TGT,F I,14,99.73
2025-12-29,9:41:01.101224396,T,TGT,F I,61,99.73
2025-12-29,9:41:01.101230218,T,TGT,F I,39,99.73
2025-12-29,9:41:01.101230218,T,TGT,F I,21,99.73
2025-12-29,9:41:01.101876338,T,TGT,F I,56,99.74
2025-12-29,9:41:01.101888358,T,TGT,F I,44,99.74
2025-12-29,9:41:03.075360884,T,TGT,F I,75,99.75
2025-12-29,9:41:03.075382047,T,TGT,F,725,99.75
2025-12-29,9:41:03.078620711,T,TGT,F I,35,99.8
2025-12-29,9:41:03.256891951,T,TGT,F,100,99.83
2025-12-29,9:41:03.256891951,T,TGT,F,100,99.83
2025-12-29,9:41:03.256915458,T,TGT,I,1,99.83
2025-12-29,9:41:03.256975579,T,TGT,I,99,99.83
2025-12-29,9:41:03.257083789,T,TGT,F,100,99.84
2025-12-29,9:41:04.008381622,T,TGT,F I,35,99.88
2025-12-29,9:41:06.232062244,T,TGT,I,6,99.91
2025-12-29,9:41:06.232164521,T,TGT,I,11,99.92
2025-12-29,9:41:06.232185871,T,TGT,F I,11,99.92
2025-12-29,9:41:11.126534671,T,TGT,I,4,99.88
2025-12-29,9:41:11.126537713,T,TGT,I,26,99.88
2025-12-29,9:41:11.126552721,T,TGT,I,4,99.9
2025-12-29,9:41:11.126802278,T,TGT,I,30,99.88
2025-12-29,9:41:14.877214111,T,TGT,I,2,99.865
2025-12-29,9:41:14.877217082,T,TGT,I,18,99.865
2025-12-29,9:41:14.882630035,T,TGT,I,20,99.865
2025-12-29,9:41:14.893194172,T,TGT,I,67,99.82
2025-12-29,9:41:16.104485840,T,TGT,I,1,99.865
2025-12-29,9:41:26.105444808,T,TGT,I,1,99.865
2025-12-29,9:41:27.037325829,T,TGT,I,20,99.865
2025-12-29,9:41:30.754352168,T,TGT,I,80,99.89
2025-12-29,9:41:30.754355295,T,TGT,,100,99.88
2025-12-29,9:41:30.755239249,T,TGT,I,45,99.82
2025-12-29,9:41:30.755239249,T,TGT,I,23,99.82
2025-12-29,9:41:30.755476798,T,TGT,I,11,99.83
2025-12-29,9:41:31.768274715,T,TGT,I,40,99.825
2025-12-29,9:41:39.197479859,T,TGT,I,10,99.83
2025-12-29,9:41:40.795956003,T,TGT,F I,10,99.83
2025-12-29,9:41:40.795956003,T,TGT,F I,10,99.83
2025-12-29,9:41:40.795958981,T,TGT,F I,30,99.83
2025-12-29,9:41:40.796265647,T,TGT,F I,50,99.83
2025-12-29,9:41:48.450695488,T,TGT,F I,50,99.83
2025-12-29,9:41:48.450746579,T,TGT,F I,50,99.83
2025-12-29,9:41:50.367735499,T,TGT,F I,1,99.83
2025-12-29,9:41:50.367738414,T,TGT,F I,49,99.83
2025-12-29,9:41:51.367344016,T,TGT,I,8,99.87
2025-12-29,9:41:51.367346939,T,TGT,,192,99.87
2025-12-29,9:41:51.373409474,T,TGT,I,9,99.88
2025-12-29,9:41:51.373412468,T,TGT,I,20,99.88
2025-12-29,9:41:51.375075485,T,TGT,F I,1,99.89
2025-12-29,9:41:51.375075485,T,TGT,F,100,99.89
2025-12-29,9:41:51.375078426,T,TGT,F I,80,99.9
2025-12-29,9:41:51.375243779,T,TGT,F,100,99.89
2025-12-29,9:41:51.375827141,T,TGT,I,50,99.9
2025-12-29,9:41:51.377005949,T,TGT,I,6,99.88
2025-12-29,9:41:51.377030028,T,TGT,F I,7,99.88
2025-12-29,9:41:51.377057076,T,TGT,F I,10,99.88
2025-12-29,9:41:51.377992577,T,TGT,I,10,99.9
2025-12-29,9:41:51.377995339,T,TGT,I,80,99.91
2025-12-29,9:41:53.255942251,T,TGT,I,70,99.92
2025-12-29,9:42:12.907188724,T,TGT,F I,6,99.91
2025-12-29,9:42:12.907188724,T,TGT,F I,6,99.91
2025-12-29,9:42:14.027435637,T,TGT,I,65,99.88
2025-12-29,9:42:14.027438574,T,TGT,I,35,99.87
2025-12-29,9:42:14.027445231,T,TGT,I,65,99.87
2025-12-29,9:42:14.027445231,T,TGT,I,35,99.87
2025-12-29,9:42:14.027462931,T,TGT,F I,22,99.87
2025-12-29,9:42:14.027466414,T,TGT,F I,23,99.87
2025-12-29,9:42:14.027466414,T,TGT,F I,7,99.87
2025-12-29,9:42:14.027499035,T,TGT,F,100,99.87
2025-12-29,9:42:14.027630999,T,TGT,F,100,99.88
2025-12-29,9:42:14.027856487,T,TGT,I,6,99.88
2025-12-29,9:42:14.039112365,T,TGT,F I,2,99.85
2025-12-29,9:42:14.129904616,T,TGT,F,100,99.87
2025-12-29,9:42:14.129907923,T,TGT,F I,58,99.88
2025-12-29,9:42:14.129907923,T,TGT,F I,26,99.88
2025-12-29,9:42:14.129923304,T,TGT,I,1,99.88
2025-12-29,9:42:14.130175531,T,TGT,I,73,99.88
2025-12-29,9:42:16.642895428,T,TGT,I,4,99.855
2025-12-29,9:42:16.643400628,T,TGT,F I,22,99.85
2025-12-29,9:42:16.643421754,T,TGT,F I,12,99.85
2025-12-29,9:42:16.643424706,T,TGT,F I,10,99.85
2025-12-29,9:42:16.643427750,T,TGT,F I,22,99.85
2025-12-29,9:42:16.643427750,T,TGT,I,22,99.84
2025-12-29,9:42:16.949166152,T,TGT,I,67,99.815
2025-12-29,9:42:16.949511999,T,TGT,,112,99.815
2025-12-29,9:42:17.534372273,T,TGT,,100,99.87
2025-12-29,9:42:17.534372273,T,TGT,I,45,99.87
2025-12-29,9:42:28.284117974,T,TGT,I,50,99.87
2025-12-29,9:42:28.284169052,T,TGT,I,50,99.87
2025-12-29,9:42:28.509838682,T,TGT,,100,99.87
2025-12-29,9:42:28.900403125,T,TGT,,100,99.87
2025-12-29,9:42:30.487834013,T,TGT,F I,16,99.87
2025-12-29,9:42:30.757480378,T,TGT,F I,24,99.88
2025-12-29,9:42:30.757576597,T,TGT,I,56,99.88
2025-12-29,9:42:30.757576597,T,TGT,I,22,99.88
2025-12-29,9:42:30.764811836,T,TGT,I,25,99.85
2025-12-29,9:42:33.138020702,T,TGT,I,66,99.75
2025-12-29,9:42:33.138039527,T,TGT,F I,34,99.75
2025-12-29,9:42:33.138041755,T,TGT,F,100,99.75
2025-12-29,9:42:33.138044750,T,TGT,F,100,99.75
2025-12-29,9:42:33.140357297,T,TGT,F,100,99.75
2025-12-29,9:42:33.140357297,T,TGT,F,100,99.75
2025-12-29,9:42:33.140381357,T,TGT,F I,17,99.76
2025-12-29,9:42:33.140402421,T,TGT,F I,83,99.76
2025-12-29,9:42:33.141476048,T,TGT,F,100,99.78
2025-12-29,9:42:33.141478968,T,TGT,F I,70,99.78
2025-12-29,9:42:33.141584211,T,TGT,I,80,99.77
2025-12-29,9:42:33.141584211,T,TGT,I,20,99.77
2025-12-29,9:42:41.873393613,T,TGT,I,1,99.81
2025-12-29,9:42:47.540559997,T,TGT,F I,5,99.87
2025-12-29,9:42:50.878695571,T,TGT,I,40,99.84
2025-12-29,9:42:55.666275795,T,TGT,I,60,99.8
2025-12-29,9:42:55.666279275,T,TGT,I,39,99.8
2025-12-29,9:42:55.666281438,T,TGT,I,2,99.8
2025-12-29,9:42:55.666284518,T,TGT,I,5,99.8
2025-12-29,9:42:55.666287834,T,TGT,I,2,99.8
2025-12-29,9:42:55.666287834,T,TGT,I,2,99.8
2025-12-29,9:42:55.666290380,T,TGT,I,2,99.8
2025-12-29,9:42:55.666705394,T,TGT,,260,99.8
2025-12-29,9:42:55.666747433,T,TGT,I,48,99.79
2025-12-29,9:42:55.666756555,T,TGT,I,48,99.79
2025-12-29,9:42:55.666765534,T,TGT,I,48,99.79
2025-12-29,9:42:55.666792584,T,TGT,,164,99.79
2025-12-29,9:42:57.332965957,T,TGT,F I,50,99.76
2025-12-29,9:42:57.869041132,T,TGT,I,22,99.76
2025-12-29,9:42:57.870475578,T,TGT,I,18,99.77
2025-12-29,9:42:59.775871884,T,TGT,I,10,99.745
2025-12-29,9:42:59.777294301,T,TGT,F I,90,99.745
2025-12-29,9:42:59.777294301,T,TGT,F,100,99.73
2025-12-29,9:42:59.777576901,T,TGT,,100,99.73
2025-12-29,9:42:59.777655099,T,TGT,I,28,99.73
2025-12-29,9:42:59.777745331,T,TGT,I,1,99.73
2025-12-29,9:42:59.778019592,T,TGT,I,13,99.73
2025-12-29,9:42:59.778040047,T,TGT,F I,13,99.73
2025-12-29,9:42:59.778040047,T,TGT,F I,13,99.73
2025-12-29,9:42:59.778054995,T,TGT,I,13,99.73
2025-12-29,9:42:59.778058111,T,TGT,I,26,99.73
2025-12-29,9:42:59.778073085,T,TGT,I,74,99.73
2025-12-29,9:42:59.786445082,T,TGT,I,50,99.725
2025-12-29,9:42:59.786481161,T,TGT,I,50,99.725
2025-12-29,9:43:00.124802116,T,TGT,,100,99.725
2025-12-29,9:43:00.124802116,T,TGT,I,11,99.725
2025-12-29,9:43:00.298162107,T,TGT,I,30,99.72
2025-12-29,9:43:00.298249349,T,TGT,,111,99.72
2025-12-29,9:43:00.298664252,T,TGT,,169,99.72
2025-12-29,9:43:00.298902491,T,TGT,,117,99.72
2025-12-29,9:43:00.367708871,T,TGT,,100,99.73
2025-12-29,9:43:00.367711778,T,TGT,I,10,99.73
2025-12-29,9:43:00.367711778,T,TGT,I,58,99.73
2025-12-29,9:43:01.349097375,T,TGT,,100,99.76
2025-12-29,9:43:01.349097375,T,TGT,I,69,99.76
2025-12-29,9:43:01.349115769,T,TGT,I,1,99.76
2025-12-29,9:43:01.349115769,T,TGT,I,30,99.76
2025-12-29,9:43:01.349121712,T,TGT,I,1,99.76
2025-12-29,9:43:01.349671213,T,TGT,I,50,99.74
2025-12-29,9:43:04.256366152,T,TGT,I,7,99.725
2025-12-29,9:43:04.256368952,T,TGT,I,91,99.725
2025-12-29,9:43:06.038273134,T,TGT,I,30,99.725
2025-12-29,9:43:06.038387357,T,TGT,I,70,99.725
2025-12-29,9:43:13.882398210,T,TGT,F I,50,99.77
2025-12-29,9:43:13.882923882,T,TGT,F I,50,99.77
2025-12-29,9:43:24.529376664,T,TGT,I,50,99.825
2025-12-29,9:43:24.529424773,T,TGT,I,50,99.825
2025-12-29,9:43:24.530979373,T,TGT,F I,50,99.825
2025-12-29,9:43:24.685039496,T,TGT,I,10,99.825
2025-12-29,9:43:25.180187272,T,TGT,I,66,99.85
2025-12-29,9:43:25.890515338,T,TGT,,100,99.86
2025-12-29,9:43:25.891161860,T,TGT,F I,7,99.87
2025-12-29,9:43:25.891164886,T,TGT,F I,50,99.87
2025-12-29,9:43:25.891164886,T,TGT,F I,10,99.87
2025-12-29,9:43:25.892536132,T,TGT,I,45,99.87
2025-12-29,9:43:25.892545150,T,TGT,I,42,99.87
2025-12-29,9:43:25.983466746,T,TGT,I,20,99.89
2025-12-29,9:43:26.746065571,T,TGT,I,53,99.9
2025-12-29,9:43:26.850862246,T,TGT,,200,99.85
2025-12-29,9:43:35.418140528,T,TGT,I,7,99.82
2025-12-29,9:43:42.197037515,T,TGT,F I,15,99.815
2025-12-29,9:43:42.197037515,T,TGT,F I,25,99.81
2025-12-29,9:43:42.197046328,T,TGT,F I,25,99.81
2025-12-29,9:43:42.197692845,T,TGT,I,40,99.79
2025-12-29,9:43:58.097396707,T,TGT,I,40,99.81
2025-12-29,9:43:58.097402777,T,TGT,I,80,99.81
2025-12-29,9:43:58.097406073,T,TGT,I,57,99.81
2025-12-29,9:43:58.097409230,T,TGT,I,1,99.81
2025-12-29,9:44:22.674161348,T,TGT,I,6,99.82
2025-12-29,9:44:28.589755441,T,TGT,I,22,99.825
2025-12-29,9:44:33.104053233,T,TGT,,190,99.83
2025-12-29,9:44:33.106660360,T,TGT,I,10,99.83
2025-12-29,9:44:33.401801554,T,TGT,,100,99.83
2025-12-29,9:44:33.402150357,T,TGT,,163,99.83
2025-12-29,9:44:35.149938617,T,TGT,F I,15,99.775
2025-12-29,9:44:35.149938617,T,TGT,F I,35,99.775
2025-12-29,9:44:35.150001344,T,TGT,I,50,99.775
2025-12-29,9:44:37.662962542,T,TGT,F I,1,99.775
2025-12-29,9:44:37.662962542,T,TGT,F,100,99.775
2025-12-29,9:44:37.662965198,T,TGT,F,100,99.73
2025-12-29,9:44:37.662968508,T,TGT,F,100,99.73
2025-12-29,9:44:37.662968508,T,TGT,F I,16,99.73
2025-12-29,9:44:37.662971137,T,TGT,F,630,99.72
2025-12-29,9:44:37.662983207,T,TGT,I,1,99.72
2025-12-29,9:44:37.663416216,T,TGT,F I,7,99.76
2025-12-29,9:44:37.663515450,T,TGT,F I,25,99.77
2025-12-29,9:44:37.717551145,T,TGT,I,75,99.73
2025-12-29,9:44:37.717551145,T,TGT,I,65,99.73
2025-12-29,9:44:37.717605385,T,TGT,F I,75,99.73
2025-12-29,9:44:37.717608286,T,TGT,I,65,99.73
2025-12-29,9:44:37.717614343,T,TGT,I,5,99.73
2025-12-29,9:44:37.718137606,T,TGT,F,257,99.72
2025-12-29,9:44:39.160274231,T,TGT,F,100,99.74
2025-12-29,9:44:39.160280657,T,TGT,F I,15,99.74
2025-12-29,9:44:39.160280657,T,TGT,F I,61,99.74
2025-12-29,9:44:39.160280657,T,TGT,F,100,99.74
2025-12-29,9:44:39.160283319,T,TGT,F I,43,99.75
2025-12-29,9:44:39.160328354,T,TGT,,100,99.74
2025-12-29,9:44:39.160334419,T,TGT,I,4,99.75
2025-12-29,9:44:39.160352498,T,TGT,I,1,99.74
2025-12-29,9:44:39.160361706,T,TGT,I,99,99.74
2025-12-29,9:44:39.160361706,T,TGT,I,1,99.74
2025-12-29,9:44:39.160364541,T,TGT,I,99,99.74
2025-12-29,9:44:39.160538945,T,TGT,F I,53,99.75
2025-12-29,9:44:39.160538945,T,TGT,F I,4,99.75
2025-12-29,9:44:39.160559984,T,TGT,F I,11,99.75
2025-12-29,9:44:39.161886147,T,TGT,F I,12,99.75
2025-12-29,9:44:39.161889113,T,TGT,F I,24,99.75
2025-12-29,9:44:40.946734353,T,TGT,I,30,99.77
2025-12-29,9:44:40.946734353,T,TGT,I,15,99.77
2025-12-29,9:44:51.210883230,T,TGT,I,35,99.75
2025-12-29,9:44:51.211346281,T,TGT,F I,90,99.75
2025-12-29,9:44:51.211896847,T,TGT,I,25,99.73
2025-12-29,9:44:51.211896847,T,TGT,I,75,99.72
2025-12-29,9:44:51.211905722,T,TGT,I,25,99.72
2025-12-29,9:44:51.211905722,T,TGT,I,40,99.72
2025-12-29,9:44:51.212170308,T,TGT,I,17,99.72
2025-12-29,9:44:51.213264992,T,TGT,I,16,99.73
2025-12-29,9:44:51.213264992,T,TGT,I,30,99.73
2025-12-29,9:44:51.213292308,T,TGT,F I,20,99.74
2025-12-29,9:44:57.647603804,T,TGT,I,38,99.735
2025-12-29,9:44:57.647633946,T,TGT,I,38,99.735
2025-12-29,9:44:59.199489962,T,TGT,I,38,99.735
2025-12-29,9:44:59.199580337,T,TGT,I,31,99.735
2025-12-29,9:44:59.199580337,T,TGT,I,7,99.735
2025-12-29,9:44:59.199919953,T,TGT,I,3,99.735
2025-12-29,9:44:59.199919953,T,TGT,I,1,99.73
2025-12-29,9:44:59.199922965,T,TGT,I,1,99.73
2025-12-29,9:44:59.199926036,T,TGT,I,26,99.73
2025-12-29,9:44:59.199926036,T,TGT,I,7,99.73
2025-12-29,9:44:59.199968110,T,TGT,I,2,99.73
2025-12-29,9:45:00.171489673,T,TGT,,500,99.7
2025-12-29,9:45:00.171492753,T,TGT,I,34,99.7
2025-12-29,9:45:00.171511101,T,TGT,I,1,99.7
2025-12-29,9:45:00.171517260,T,TGT,I,19,99.7
2025-12-29,9:45:00.171519706,T,TGT,I,40,99.7
2025-12-29,9:45:00.172313660,T,TGT,I,11,99.7
2025-12-29,9:45:00.179909680,T,TGT,,100,99.67
2025-12-29,9:45:00.182943999,T,TGT,I,49,99.65
2025-12-29,9:45:00.183004075,T,TGT,I,31,99.65
2025-12-29,9:45:00.183007160,T,TGT,I,18,99.64
2025-12-29,9:45:00.183434332,T,TGT,I,24,99.64
2025-12-29,9:45:00.183437170,T,TGT,I,7,99.63
2025-12-29,9:45:00.183437170,T,TGT,I,76,99.63
2025-12-29,9:45:00.184643005,T,TGT,I,6,99.64
2025-12-29,9:45:00.184643005,T,TGT,I,10,99.64
2025-12-29,9:45:00.426620457,T,TGT,I,5,99.65
2025-12-29,9:45:01.022823804,T,TGT,I,24,99.63
2025-12-29,9:45:01.022850941,T,TGT,F,100,99.62
2025-12-29,9:45:01.432781552,T,TGT,I,67,99.58
2025-12-29,9:45:01.432802522,T,TGT,F I,33,99.58
2025-12-29,9:45:01.433208529,T,TGT,I,70,99.58
2025-12-29,9:45:01.433220640,T,TGT,I,70,99.58
2025-12-29,9:45:02.930484531,T,TGT,I,80,99.57
2025-12-29,9:45:02.930487619,T,TGT,,150,99.56
2025-12-29,9:45:02.930487619,T,TGT,I,13,99.55
2025-12-29,9:45:02.930911575,T,TGT,F I,30,99.57
2025-12-29,9:45:02.930914657,T,TGT,F I,8,99.57
2025-12-29,9:45:02.930929738,T,TGT,F I,62,99.57
2025-12-29,9:45:02.931095540,T,TGT,F,100,99.56
2025-12-29,9:45:02.931095540,T,TGT,F I,16,99.56
2025-12-29,9:45:02.931097995,T,TGT,F,746,99.56
2025-12-29,9:45:02.931183090,T,TGT,F I,16,99.57
2025-12-29,9:45:02.931183090,T,TGT,F I,10,99.57
2025-12-29,9:45:02.931188270,T,TGT,F I,84,99.58
2025-12-29,9:45:02.931323527,T,TGT,F I,16,99.58
2025-12-29,9:45:02.931429036,T,TGT,F,100,99.59
2025-12-29,9:45:02.931429036,T,TGT,F I,10,99.59
2025-12-29,9:45:02.931431794,T,TGT,F I,17,99.59
2025-12-29,9:45:02.931519021,T,TGT,F I,83,99.59
2025-12-29,9:45:02.931525004,T,TGT,F I,20,99.6
2025-12-29,9:45:02.932625625,T,TGT,I,1,99.58
2025-12-29,9:45:02.932797070,T,TGT,I,16,99.56
2025-12-29,9:45:03.540854693,T,TGT,I,7,99.525
2025-12-29,9:45:03.540869653,T,TGT,I,84,99.525
2025-12-29,9:45:03.540884776,T,TGT,I,16,99.525
2025-12-29,9:45:03.540884776,T,TGT,I,84,99.52
2025-12-29,9:45:03.541507319,T,TGT,,200,99.52
2025-12-29,9:45:03.550318234,T,TGT,F I,20,99.52
2025-12-29,9:45:03.558581937,T,TGT,F I,3,99.54
2025-12-29,9:45:03.558602969,T,TGT,F I,97,99.54
2025-12-29,9:45:03.809286255,T,TGT,F,100,99.56
2025-12-29,9:45:03.942753151,T,TGT,I,3,99.54
2025-12-29,9:45:03.942792243,T,TGT,I,8,99.54
2025-12-29,9:45:03.942795297,T,TGT,I,43,99.53
2025-12-29,9:45:03.943183160,T,TGT,F I,1,99.55
2025-12-29,9:45:04.688244183,T,TGT,I,80,99.55
2025-12-29,9:45:04.688244183,T,TGT,I,59,99.55
2025-12-29,9:45:16.791421587,T,TGT,F I,43,99.56
2025-12-29,9:45:16.791424261,T,TGT,F I,90,99.56
2025-12-29,9:45:16.791442325,T,TGT,F I,60,99.56
2025-12-29,9:45:16.894789687,T,TGT,F,100,99.58
2025-12-29,9:45:16.894796087,T,TGT,F I,40,99.58
2025-12-29,9:45:16.894798587,T,TGT,F I,20,99.58
2025-12-29,9:45:16.894837680,T,TGT,F,100,99.59
2025-12-29,9:45:16.894849634,T,TGT,,100,99.58
2025-12-29,9:45:16.894871247,T,TGT,I,1,99.59
2025-12-29,9:45:16.894882801,T,TGT,F I,99,99.59
2025-12-29,9:45:16.894913082,T,TGT,I,12,99.61
2025-12-29,9:45:16.894913082,T,TGT,I,40,99.61
2025-12-29,9:45:16.896387065,T,TGT,I,3,99.595
2025-12-29,9:45:16.896389309,T,TGT,I,32,99.595
2025-12-29,9:45:17.096029265,T,TGT,I,12,99.59
2025-12-29,9:45:17.096029265,T,TGT,I,12,99.59
2025-12-29,9:45:17.096031961,T,TGT,I,12,99.59
2025-12-29,9:45:23.044235704,T,TGT,I,8,99.56
2025-12-29,9:45:23.045014602,T,TGT,I,8,99.55
2025-12-29,9:45:23.045366444,T,TGT,I,26,99.55
2025-12-29,9:45:24.815644900,T,TGT,I,16,99.5
2025-12-29,9:45:24.815648488,T,TGT,I,24,99.5
2025-12-29,9:45:24.815648488,T,TGT,I,16,99.5
2025-12-29,9:45:24.815650882,T,TGT,I,14,99.5
2025-12-29,9:45:24.815665971,T,TGT,F I,23,99.5
2025-12-29,9:45:25.380369231,T,TGT,I,99,99.445
2025-12-29,9:45:27.050698599,T,TGT,I,1,99.445
2025-12-29,9:45:35.660005078,T,TGT,I,5,99.4
2025-12-29,9:45:35.660513261,T,TGT,I,16,99.4
2025-12-29,9:45:35.661307338,T,TGT,F I,42,99.42
2025-12-29,9:45:35.661307338,T,TGT,F I,80,99.42
2025-12-29,9:45:37.018641782,T,TGT,F,100,99.43
2025-12-29,9:45:38.140590703,T,TGT,I,7,99.455
2025-12-29,9:45:42.130411963,T,TGT,I,5,99.455
2025-12-29,9:45:48.316825628,T,TGT,I,53,99.49
2025-12-29,9:45:48.316828166,T,TGT,,100,99.49
2025-12-29,9:45:48.316831139,T,TGT,I,10,99.49
2025-12-29,9:45:48.357764772,T,TGT,I,18,99.51
2025-12-29,9:45:48.358964528,T,TGT,I,1,99.48
2025-12-29,9:45:48.422963484,T,TGT,F,116,99.47
2025-12-29,9:45:48.422963484,T,TGT,F I,1,99.47
2025-12-29,9:45:48.422966097,T,TGT,F I,7,99.47
2025-12-29,9:45:48.423540675,T,TGT,I,80,99.47
2025-12-29,9:45:48.423540675,T,TGT,I,20,99.48
2025-12-29,9:45:48.451657349,T,TGT,I,60,99.45
2025-12-29,9:45:49.398159331,T,TGT,I,50,99.45
2025-12-29,9:45:50.649148671,T,TGT,I,50,99.44
2025-12-29,9:45:57.271236807,T,TGT,I,50,99.44
2025-12-29,9:45:59.004452128,T,TGT,F I,18,99.45
2025-12-29,9:46:02.096911262,T,TGT,I,40,99.46
2025-12-29,9:46:02.096911262,T,TGT,I,25,99.46
2025-12-29,9:46:02.098210346,T,TGT,F I,40,99.47
2025-12-29,9:46:02.098210346,T,TGT,F I,13,99.47
2025-12-29,9:46:02.098514096,T,TGT,F I,80,99.48
2025-12-29,9:46:02.128666896,T,TGT,,100,99.5
2025-12-29,9:46:02.724671887,T,TGT,F I,10,99.55
2025-12-29,9:46:02.724671887,T,TGT,F I,7,99.55
2025-12-29,9:46:03.013654403,T,TGT,I,1,99.515
2025-12-29,9:46:04.725714129,T,TGT,I,20,99.57
2025-12-29,9:46:04.725717061,T,TGT,I,60,99.57
2025-12-29,9:46:04.725720065,T,TGT,,100,99.57
2025-12-29,9:46:04.731812543,T,TGT,I,20,99.6
2025-12-29,9:46:20.163415333,T,TGT,,100,99.605
2025-12-29,9:46:20.163968704,T,TGT,I,6,99.605
2025-12-29,9:46:20.163968704,T,TGT,I,6,99.605
2025-12-29,9:46:20.165959327,T,TGT,I,20,99.605
2025-12-29,9:46:22.440500104,T,TGT,I,20,99.55
2025-12-29,9:46:31.487553508,T,TGT,I,10,99.58
2025-12-29,9:46:31.558757094,T,TGT,I,10,99.58
2025-12-29,9:46:34.035174895,T,TGT,I,10,99.58
2025-12-29,9:46:36.095813161,T,TGT,I,10,99.58
2025-12-29,9:46:36.151238263,T,TGT,I,10,99.58
2025-12-29,9:46:39.085259064,T,TGT,F,100,99.55
2025-12-29,9:46:39.085259064,T,TGT,F I,24,99.55
2025-12-29,9:46:39.091315514,T,TGT,,100,99.54
2025-12-29,9:46:39.091315514,T,TGT,I,15,99.54
2025-12-29,9:46:39.091318521,T,TGT,I,9,99.54
2025-12-29,9:46:39.091856902,T,TGT,I,24,99.545
2025-12-29,9:46:40.392789188,T,TGT,I,5,99.555
2025-12-29,9:46:40.393074776,T,TGT,I,18,99.555
2025-12-29,9:46:47.893456566,T,TGT,I,50,99.52
2025-12-29,9:46:48.765384027,T,TGT,,100,99.5
2025-12-29,9:46:48.765384027,T,TGT,,100,99.5
2025-12-29,9:46:48.765390469,T,TGT,I,6,99.5
2025-12-29,9:46:48.765390469,T,TGT,I,32,99.5
2025-12-29,9:46:48.765390469,T,TGT,I,12,99.5
2025-12-29,9:46:48.765393008,T,TGT,F I,40,99.5
2025-12-29,9:46:48.766268012,T,TGT,F,100,99.49
2025-12-29,9:46:49.788622593,T,TGT,F I,10,99.465
2025-12-29,9:46:49.788625513,T,TGT,F I,2,99.46
2025-12-29,9:46:50.221548876,T,TGT,F I,35,99.42
2025-12-29,9:46:50.759169723,T,TGT,F I,65,99.42
2025-12-29,9:46:50.759169723,T,TGT,F I,35,99.42
2025-12-29,9:46:50.759187831,T,TGT,I,1,99.42
2025-12-29,9:46:50.759187831,T,TGT,F I,64,99.42
2025-12-29,9:46:50.764817168,T,TGT,I,50,99.415
2025-12-29,9:46:50.764865270,T,TGT,I,50,99.415
2025-12-29,9:46:59.888691457,T,TGT,I,50,99.45
2025-12-29,9:46:59.888739640,T,TGT,I,50,99.45
2025-12-29,9:47:00.501133480,T,TGT,F I,11,99.46
2025-12-29,9:47:00.694358891,T,TGT,F I,20,99.45
2025-12-29,9:47:00.694361862,T,TGT,F,108,99.42
2025-12-29,9:47:06.314736531,T,TGT,F I,60,99.41
2025-12-29,9:47:07.417881574,T,TGT,I,10,99.45
2025-12-29,9:47:08.731224672,T,TGT,I,10,99.45
2025-12-29,9:47:19.200275363,T,TGT,F I,20,99.46
2025-12-29,9:47:21.679976910,T,TGT,F,100,99.5
2025-12-29,9:47:21.679980037,T,TGT,F I,1,99.5
2025-12-29,9:47:21.679980037,T,TGT,F I,1,99.5
2025-12-29,9:47:21.680452013,T,TGT,F I,50,99.51
2025-12-29,9:47:21.682896895,T,TGT,I,10,99.51
2025-12-29,9:47:22.067774730,T,TGT,I,60,99.545
2025-12-29,9:47:22.805317859,T,TGT,,100,99.545
2025-12-29,9:47:23.886850508,T,TGT,F I,48,99.55
2025-12-29,9:47:24.348720839,T,TGT,I,3,99.57
2025-12-29,9:47:24.349009545,T,TGT,I,50,99.57
2025-12-29,9:47:30.492979767,T,TGT,F I,60,99.59
2025-12-29,9:47:30.493581132,T,TGT,I,40,99.6
2025-12-29,9:47:30.493632346,T,TGT,I,2,99.61
2025-12-29,9:47:30.493719846,T,TGT,F I,60,99.62
2025-12-29,9:47:30.494179636,T,TGT,I,6,99.635
2025-12-29,9:47:30.522828972,T,TGT,,130,99.6
2025-12-29,9:47:30.523133310,T,TGT,F I,2,99.59
2025-12-29,9:47:30.523135863,T,TGT,F I,28,99.59
2025-12-29,9:47:30.523138559,T,TGT,F,100,99.59
2025-12-29,9:47:30.523797212,T,TGT,I,81,99.58
2025-12-29,9:47:30.523818273,T,TGT,F I,19,99.58
2025-12-29,9:47:30.523821180,T,TGT,F I,30,99.58
2025-12-29,9:47:30.684713525,T,TGT,I,30,99.59
2025-12-29,9:47:36.138975553,T,TGT,F I,50,99.62
2025-12-29,9:47:37.455605415,T,TGT,F I,50,99.62
2025-12-29,9:47:37.455659365,T,TGT,F I,50,99.62
2025-12-29,9:47:37.455680491,T,TGT,I,50,99.62
2025-12-29,9:47:39.311109982,T,TGT,I,28,99.63
2025-12-29,9:47:39.311118901,T,TGT,I,72,99.63
2025-12-29,9:47:55.385893910,T,TGT,I,25,99.61
2025-12-29,9:47:55.385972010,T,TGT,I,1,99.61
2025-12-29,9:47:55.386588493,T,TGT,F I,10,99.61
2025-12-29,9:47:59.540083778,T,TGT,I,13,99.64
2025-12-29,9:47:59.540083778,T,TGT,I,30,99.64
2025-12-29,9:47:59.540101778,T,TGT,F I,10,99.64
2025-12-29,9:47:59.540107834,T,TGT,F I,1,99.64
2025-12-29,9:47:59.540107834,T,TGT,F I,1,99.64
2025-12-29,9:47:59.540110907,T,TGT,F I,2,99.64
2025-12-29,9:48:00.615517868,T,TGT,I,36,99.65
2025-12-29,9:48:00.622590723,T,TGT,I,1,99.64
2025-12-29,9:48:00.960662953,T,TGT,I,80,99.63
2025-12-29,9:48:00.960668125,T,TGT,I,20,99.63
2025-12-29,9:48:00.961438018,T,TGT,F I,16,99.65
2025-12-29,9:48:00.961465021,T,TGT,F I,24,99.65
2025-12-29,9:48:00.962514520,T,TGT,F I,1,99.66
2025-12-29,9:48:00.962514520,T,TGT,F I,40,99.67
2025-12-29,9:48:00.962517492,T,TGT,F I,20,99.67
2025-12-29,9:48:00.963164120,T,TGT,F I,50,99.67
2025-12-29,9:48:00.963386574,T,TGT,I,10,99.67
2025-12-29,9:48:02.819700028,T,TGT,F I,27,99.68
2025-12-29,9:48:06.509794065,T,TGT,F I,50,99.67
2025-12-29,9:48:07.790897066,T,TGT,I,13,99.67
2025-12-29,9:48:07.790921038,T,TGT,F I,50,99.67
2025-12-29,9:48:07.791185764,T,TGT,I,13,99.67
2025-12-29,9:48:07.791221816,T,TGT,F I,50,99.67
2025-12-29,9:48:09.212215162,T,TGT,F I,7,99.67
2025-12-29,9:48:09.212227238,T,TGT,,153,99.67
2025-12-29,9:48:09.212227238,T,TGT,I,60,99.67
2025-12-29,9:48:09.212236758,T,TGT,F I,10,99.67
2025-12-29,9:48:09.212236758,T,TGT,F,100,99.65
2025-12-29,9:48:09.212242353,T,TGT,F I,10,99.65
2025-12-29,9:48:09.212242353,T,TGT,F I,64,99.65
2025-12-29,9:48:09.212245230,T,TGT,F I,26,99.65
2025-12-29,9:48:09.212257300,T,TGT,I,1,99.65
2025-12-29,9:48:09.212260731,T,TGT,F I,3,99.65
2025-12-29,9:48:09.212263297,T,TGT,I,6,99.65
2025-12-29,9:48:09.212323412,T,TGT,F I,2,99.64
2025-12-29,9:48:09.212633220,T,TGT,F I,1,99.63
2025-12-29,9:48:09.222036591,T,TGT,F I,1,99.63
2025-12-29,9:48:10.297458589,T,TGT,F I,2,99.62
2025-12-29,9:48:10.297458589,T,TGT,F,400,99.62
2025-12-29,9:48:14.232649165,T,TGT,,100,99.61
2025-12-29,9:48:14.232649165,T,TGT,I,23,99.61
2025-12-29,9:48:14.232652019,T,TGT,I,16,99.61
2025-12-29,9:48:14.232652019,T,TGT,,100,99.61
2025-12-29,9:48:17.800697062,T,TGT,F,670,99.62
2025-12-29,9:48:18.458039096,T,TGT,I,20,99.63
2025-12-29,9:48:18.458054264,T,TGT,F I,1,99.65
2025-12-29,9:48:18.458078202,T,TGT,I,99,99.65
2025-12-29,9:48:18.458078202,T,TGT,I,80,99.63
2025-12-29,9:48:18.458282719,T,TGT,F I,10,99.64
2025-12-29,9:48:18.458307454,T,TGT,F I,57,99.64
2025-12-29,9:48:29.643655771,T,TGT,I,1,99.67
2025-12-29,9:48:29.643655771,T,TGT,I,3,99.67
2025-12-29,9:48:29.643658239,T,TGT,I,5,99.67
2025-12-29,9:48:29.644268611,T,TGT,F I,24,99.69
2025-12-29,9:48:29.644293087,T,TGT,F I,36,99.69
2025-12-29,9:48:29.644293087,T,TGT,F I,1,99.69
2025-12-29,9:48:29.644295745,T,TGT,F I,11,99.69
2025-12-29,9:48:29.644521293,T,TGT,F I,22,99.7
2025-12-29,9:48:29.646075978,T,TGT,,100,99.715
2025-12-29,9:48:29.646075978,T,TGT,I,50,99.715
2025-12-29,9:48:29.646665376,T,TGT,I,10,99.7
2025-12-29,9:48:29.648063656,T,TGT,F I,65,99.71
2025-12-29,9:48:29.648099737,T,TGT,I,85,99.71
2025-12-29,9:48:29.648102729,T,TGT,I,45,99.7
2025-12-29,9:48:29.648202025,T,TGT,I,10,99.72
2025-12-29,9:48:29.666801335,T,TGT,F I,48,99.74
2025-12-29,9:48:29.702674327,T,TGT,I,5,99.75
2025-12-29,9:48:29.720112306,T,TGT,I,60,99.77
2025-12-29,9:48:29.720112306,T,TGT,I,5,99.77
2025-12-29,9:48:30.571323345,T,TGT,I,60,99.79
2025-12-29,9:48:30.589577147,T,TGT,F I,54,99.8
2025-12-29,9:48:30.589579762,T,TGT,F I,5,99.8
2025-12-29,9:48:30.589582841,T,TGT,F,100,99.8
2025-12-29,9:48:30.589585834,T,TGT,F I,7,99.81
2025-12-29,9:48:30.998584270,T,TGT,I,18,99.84
2025-12-29,9:48:31.372434854,T,TGT,I,40,99.88
2025-12-29,9:48:31.372437821,T,TGT,I,20,99.885
2025-12-29,9:48:31.372446819,T,TGT,I,3,99.885
2025-12-29,9:48:31.437269318,T,TGT,I,10,99.885
2025-12-29,9:48:31.619861342,T,TGT,I,3,99.9
2025-12-29,9:48:32.329963958,T,TGT,I,10,99.9
2025-12-29,9:48:33.325849847,T,TGT,F I,10,99.91
2025-12-29,9:48:33.325849847,T,TGT,F I,90,99.89
2025-12-29,9:48:33.325864540,T,TGT,F I,10,99.89
2025-12-29,9:48:33.325864540,T,TGT,I,1,99.89
2025-12-29,9:48:33.325888604,T,TGT,,302,99.89
2025-12-29,9:48:33.325888604,T,TGT,I,10,99.89
2025-12-29,9:48:34.102753636,T,TGT,,100,99.89
2025-12-29,9:48:34.102753636,T,TGT,I,67,99.89
2025-12-29,9:48:34.103120762,T,TGT,,100,99.9
2025-12-29,9:48:34.103123194,T,TGT,I,2,99.9
2025-12-29,9:48:34.103126199,T,TGT,I,28,99.9
2025-12-29,9:48:36.314092547,T,TGT,I,16,99.93
2025-12-29,9:48:36.314179776,T,TGT,I,16,99.93
2025-12-29,9:48:36.314239842,T,TGT,I,16,99.93
2025-12-29,9:48:36.314297053,T,TGT,I,16,99.93
2025-12-29,9:48:36.314354155,T,TGT,I,16,99.93
2025-12-29,9:48:36.314417334,T,TGT,I,16,99.94
2025-12-29,9:48:36.314468630,T,TGT,I,87,99.95
2025-12-29,9:48:36.314489455,T,TGT,F I,13,99.95
2025-12-29,9:48:36.315374093,T,TGT,F I,51,99.94
2025-12-29,9:48:37.478382338,T,TGT,I,8,99.925
2025-12-29,9:48:37.478385443,T,TGT,I,8,99.925
2025-12-29,9:48:37.478388267,T,TGT,I,5,99.9
2025-12-29,9:48:37.487605240,T,TGT,,100,99.89
2025-12-29,9:48:39.115704990,T,TGT,,100,99.89
2025-12-29,9:48:39.125857218,T,TGT,I,73,99.89
2025-12-29,9:48:39.125863574,T,TGT,I,27,99.89
2025-12-29,9:48:39.125866678,T,TGT,I,46,99.9
2025-12-29,9:48:39.125869564,T,TGT,I,54,99.9
2025-12-29,9:48:39.125872194,T,TGT,I,19,99.9
2025-12-29,9:48:39.125887570,T,TGT,F I,81,99.9
2025-12-29,9:48:39.125890423,T,TGT,F I,94,99.9
2025-12-29,9:48:39.125893203,T,TGT,F I,49,99.9
2025-12-29,9:48:39.125893203,T,TGT,F I,50,99.9
2025-12-29,9:48:39.125896212,T,TGT,F I,1,99.9
2025-12-29,9:48:39.125899274,T,TGT,F,300,99.9
2025-12-29,9:48:39.125902237,T,TGT,F,100,99.9
2025-12-29,9:48:39.125902237,T,TGT,F I,5,99.9
2025-12-29,9:48:39.128293678,T,TGT,F,100,99.91
2025-12-29,9:48:41.629983443,T,TGT,I,10,99.91
2025-12-29,9:48:41.629985948,T,TGT,I,90,99.9
2025-12-29,9:48:43.981959123,T,TGT,F,100,99.89
2025-12-29,9:48:43.981959123,T,TGT,F I,23,99.89
2025-12-29,9:48:43.981961286,T,TGT,F I,15,99.89
2025-12-29,9:48:43.981961286,T,TGT,F I,2,99.89
2025-12-29,9:48:50.760936108,T,TGT,,100,99.9
2025-12-29,9:48:50.765558191,T,TGT,F I,11,99.91
2025-12-29,9:48:50.765561831,T,TGT,F,100,99.91
2025-12-29,9:48:50.765561831,T,TGT,F I,20,99.91
2025-12-29,9:48:50.765723481,T,TGT,,100,99.91
2025-12-29,9:48:50.853418449,T,TGT,I,60,99.92
2025-12-29,9:48:50.876408263,T,TGT,I,70,99.915
2025-12-29,9:48:50.876408263,T,TGT,I,20,99.915
2025-12-29,9:49:03.952742739,T,TGT,,100,99.93
2025-12-29,9:49:05.165799741,T,TGT,,100,99.89
2025-12-29,9:49:05.165817762,T,TGT,I,1,99.89
2025-12-29,9:49:05.165829700,T,TGT,I,99,99.89
2025-12-29,9:49:05.165832977,T,TGT,I,2,99.89
2025-12-29,9:49:05.165835745,T,TGT,I,25,99.89
2025-12-29,9:49:05.165838784,T,TGT,I,21,99.89
2025-12-29,9:49:05.165872734,T,TGT,I,1,99.88
2025-12-29,9:49:05.165872734,T,TGT,I,55,99.88
2025-12-29,9:49:05.165874833,T,TGT,I,2,99.88
2025-12-29,9:49:09.719951361,T,TGT,I,17,99.89
2025-12-29,9:49:09.719972778,T,TGT,,100,99.9
2025-12-29,9:49:09.720014517,T,TGT,I,20,99.91
2025-12-29,9:49:09.720038537,T,TGT,I,9,99.91
2025-12-29,9:49:09.720047568,T,TGT,I,20,99.915
2025-12-29,9:49:09.720053607,T,TGT,I,10,99.915
2025-12-29,9:49:09.720053607,T,TGT,I,10,99.915
2025-12-29,9:49:09.720095670,T,TGT,,100,99.91
2025-12-29,9:49:09.720200979,T,TGT,I,11,99.91
2025-12-29,9:49:10.745935533,T,TGT,F I,1,99.93
2025-12-29,9:49:10.745968644,T,TGT,F,100,99.94
2025-12-29,9:49:10.745968644,T,TGT,F I,3,99.94
2025-12-29,9:49:10.745971628,T,TGT,F I,7,99.94
2025-12-29,9:49:10.746735545,T,TGT,I,8,99.95
2025-12-29,9:49:10.746744540,T,TGT,F I,86,99.95
2025-12-29,9:49:10.746909892,T,TGT,I,1,99.96
2025-12-29,9:49:12.929232974,T,TGT,I,20,99.97
2025-12-29,9:49:12.931304987,T,TGT,F I,6,100.0
2025-12-29,9:49:12.931304987,T,TGT,F I,6,100.0
2025-12-29,9:49:12.931308051,T,TGT,F I,1,100.0
2025-12-29,9:49:12.931316227,T,TGT,F,100,100.0
2025-12-29,9:49:12.931316227,T,TGT,F,100,100.0
2025-12-29,9:49:12.931316227,T,TGT,F I,3,100.0
2025-12-29,9:49:12.931319994,T,TGT,F,100,100.0
2025-12-29,9:49:12.931319994,T,TGT,F I,1,100.0
2025-12-29,9:49:12.931323001,T,TGT,F I,10,100.0
2025-12-29,9:49:12.931323001,T,TGT,F I,5,100.0
2025-12-29,9:49:12.931326712,T,TGT,F I,5,100.0
2025-12-29,9:49:12.931326712,T,TGT,F,119,100.0
2025-12-29,9:49:12.931331909,T,TGT,F,344,100.0
2025-12-29,9:49:12.931335238,T,TGT,F I,5,100.0
2025-12-29,9:49:12.931338046,T,TGT,F I,25,100.0
2025-12-29,9:49:12.931338046,T,TGT,F I,3,100.0
2025-12-29,9:49:12.931341786,T,TGT,F I,60,100.0
2025-12-29,9:49:12.931341786,T,TGT,F I,2,100.0
2025-12-29,9:49:12.931344439,T,TGT,F I,10,100.0
2025-12-29,9:49:12.931344439,T,TGT,F I,10,100.0
2025-12-29,9:49:12.931347100,T,TGT,F,100,100.0
2025-12-29,9:49:12.931349987,T,TGT,F I,2,100.0
2025-12-29,9:49:12.931353054,T,TGT,F I,2,100.0
2025-12-29,9:49:12.931353054,T,TGT,F I,56,100.0
2025-12-29,9:49:12.931359012,T,TGT,I,1,100.0
2025-12-29,9:49:12.931359012,T,TGT,F I,99,100.0
2025-12-29,9:49:12.931359012,T,TGT,F I,2,100.0
2025-12-29,9:49:12.931758934,T,TGT,F I,20,100.01
2025-12-29,9:49:12.931813121,T,TGT,F I,20,100.03
2025-12-29,9:49:12.932465711,T,TGT,F,154,100.04
2025-12-29,9:49:12.932483702,T,TGT,F I,46,100.04
2025-12-29,9:49:12.934973631,T,TGT,F I,8,100.045
2025-12-29,9:49:12.934973631,T,TGT,F I,38,100.04
2025-12-29,9:49:12.936146465,T,TGT,I,26,100.045
2025-12-29,9:49:12.944331948,T,TGT,I,20,100.05
2025-12-29,9:49:12.950517702,T,TGT,I,8,100.065
2025-12-29,9:49:13.710335099,T,TGT,I,1,100.1
2025-12-29,9:49:13.710338396,T,TGT,I,7,100.1
2025-12-29,9:49:13.710340900,T,TGT,I,4,100.1
2025-12-29,9:49:13.710340900,T,TGT,I,4,100.1
2025-12-29,9:49:14.495135566,T,TGT,I,15,100.12
2025-12-29,9:49:14.495138558,T,TGT,I,60,100.12
2025-12-29,9:49:14.614303403,T,TGT,I,5,100.14
2025-12-29,9:49:14.614303403,T,TGT,I,2,100.15
2025-12-29,9:49:14.614306483,T,TGT,I,6,100.15
2025-12-29,9:49:14.614345618,T,TGT,I,12,100.15
2025-12-29,9:49:14.614345618,T,TGT,I,58,100.15
2025-12-29,9:49:14.655161807,T,TGT,I,70,100.14
2025-12-29,9:49:15.138770996,T,TGT,,150,100.13
2025-12-29,9:49:15.138770996,T,TGT,,100,100.11
2025-12-29,9:49:15.138773915,T,TGT,,100,100.11
2025-12-29,9:49:32.186165217,T,TGT,,100,100.11
2025-12-29,9:49:32.186168077,T,TGT,I,20,100.11
2025-12-29,9:49:32.186225262,T,TGT,,100,100.11
2025-12-29,9:49:32.186231272,T,TGT,I,29,100.12
2025-12-29,9:49:32.186264360,T,TGT,I,20,100.11
2025-12-29,9:49:32.186267413,T,TGT,I,10,100.11
2025-12-29,9:49:32.186276442,T,TGT,I,42,100.11
2025-12-29,9:49:32.186346075,T,TGT,I,28,100.11
2025-12-29,9:49:32.190014285,T,TGT,I,3,100.11
2025-12-29,9:49:32.190128558,T,TGT,I,6,100.11
2025-12-29,9:49:32.191112098,T,TGT,I,6,100.12
2025-12-29,9:49:32.191114955,T,TGT,I,3,100.12
2025-12-29,9:49:32.214874784,T,TGT,I,18,100.1
2025-12-29,9:49:32.214874784,T,TGT,,100,100.1
2025-12-29,9:49:32.215217469,T,TGT,,100,100.12
2025-12-29,9:49:32.215220482,T,TGT,I,39,100.12
2025-12-29,9:49:32.215220482,T,TGT,I,1,100.12
2025-12-29,9:49:32.215238400,T,TGT,I,1,100.12
2025-12-29,9:49:32.286120359,T,TGT,I,10,100.11
2025-12-29,9:49:33.044415764,T,TGT,I,39,100.1
2025-12-29,9:49:33.044487938,T,TGT,I,80,100.09
2025-12-29,9:49:33.044487938,T,TGT,I,97,100.09
2025-12-29,9:49:33.044506903,T,TGT,F I,20,100.09
2025-12-29,9:49:33.044508970,T,TGT,F I,60,100.09
2025-12-29,9:49:33.316332578,T,TGT,,100,100.08
2025-12-29,9:49:35.568830850,T,TGT,I,7,100.08
2025-12-29,9:49:35.925224989,T,TGT,I,7,100.08
2025-12-29,9:49:35.939734519,T,TGT,I,30,100.09
2025-12-29,9:49:35.939809608,T,TGT,I,1,100.1
2025-12-29,9:49:35.940585481,T,TGT,I,19,100.12
2025-12-29,9:49:35.941126831,T,TGT,I,3,100.12
2025-12-29,9:49:36.089650578,T,TGT,F I,6,100.12
2025-12-29,9:49:36.089672360,T,TGT,F I,6,100.12
2025-12-29,9:49:36.089675429,T,TGT,F I,3,100.12
2025-12-29,9:49:36.089695684,T,TGT,I,5,100.12
2025-12-29,9:49:36.089770865,T,TGT,I,5,100.11
2025-12-29,9:49:36.090688059,T,TGT,,100,100.11
2025-12-29,9:49:40.092237291,T,TGT,I,10,100.045
2025-12-29,9:49:41.478681221,T,TGT,I,60,100.01
2025-12-29,9:49:41.478726376,T,TGT,I,90,100.01
2025-12-29,9:49:41.489405145,T,TGT,,100,100.02
2025-12-29,9:49:41.489407791,T,TGT,,100,100.02
2025-12-29,9:49:42.056649458,T,TGT,I,3,100.04
2025-12-29,9:49:42.056649458,T,TGT,I,6,100.04
2025-12-29,9:49:42.056655184,T,TGT,,100,100.04
2025-12-29,9:49:42.309665910,T,TGT,I,10,100.07
2025-12-29,9:49:56.504548342,T,TGT,I,50,100.05
2025-12-29,9:49:56.589434508,T,TGT,I,20,100.05
2025-12-29,9:49:56.589434508,T,TGT,I,30,100.05
2025-12-29,9:49:56.589437570,T,TGT,I,18,100.05
2025-12-29,9:49:56.589440529,T,TGT,,125,100.02
2025-12-29,9:49:56.589461599,T,TGT,F,130,100.02
2025-12-29,9:49:56.589461599,T,TGT,F I,63,100.01
2025-12-29,9:49:56.589506658,T,TGT,F I,37,100.01
2025-12-29,9:49:56.589509765,T,TGT,F,113,100.01
2025-12-29,9:49:56.589546884,T,TGT,,142,100.01
2025-12-29,9:49:56.589546884,T,TGT,I,8,100.0
2025-12-29,9:49:56.589551802,T,TGT,I,5,100.0
2025-12-29,9:49:56.589551802,T,TGT,,100,100.0
2025-12-29,9:49:56.589555409,T,TGT,I,5,100.0
2025-12-29,9:49:56.589555409,T,TGT,I,23,100.0
2025-12-29,9:49:56.589555409,T,TGT,I,39,100.0
2025-12-29,9:49:56.589557948,T,TGT,I,13,100.0
2025-12-29,9:49:56.590351791,T,TGT,I,8,99.99
2025-12-29,9:49:56.591735042,T,TGT,I,9,99.98
2025-12-29,9:49:56.591735042,T,TGT,I,2,99.98
2025-12-29,9:49:56.693175659,T,TGT,I,15,99.96
2025-12-29,9:49:59.119358738,T,TGT,F I,3,99.98
2025-12-29,9:49:59.119448901,T,TGT,F I,3,99.98
2025-12-29,9:49:59.120257937,T,TGT,I,3,99.99
2025-12-29,9:50:00.847103913,T,TGT,F I,10,99.94
2025-12-29,9:50:00.847103913,T,TGT,F I,40,99.94
2025-12-29,9:50:00.847167098,T,TGT,F I,50,99.94
2025-12-29,9:50:01.813570265,T,TGT,I,50,99.945
2025-12-29,9:50:04.458804184,T,TGT,,100,100.0
2025-12-29,9:50:23.043223106,T,TGT,F I,4,100.02
2025-12-29,9:50:23.043223106,T,TGT,F I,1,100.02
2025-12-29,9:50:23.063906102,T,TGT,I,1,100.05
2025-12-29,9:50:23.145391280,T,TGT,I,80,100.04
2025-12-29,9:50:25.324418435,T,TGT,I,19,100.06
2025-12-29,9:50:27.848764400,T,TGT,I,59,100.065
2025-12-29,9:50:33.440114091,T,TGT,F I,16,100.11
2025-12-29,9:50:33.440889845,T,TGT,I,1,100.12
2025-12-29,9:50:33.441094454,T,TGT,I,99,100.12
2025-12-29,9:50:35.288864505,T,TGT,I,72,100.165
2025-12-29,9:50:35.389180422,T,TGT,I,58,100.165
2025-12-29,9:50:40.153593114,T,TGT,,100,100.14
2025-12-29,9:50:40.211634287,T,TGT,I,10,100.14
2025-12-29,9:50:50.128558114,T,TGT,,100,100.12
2025-12-29,9:50:50.128576253,T,TGT,I,1,100.12
2025-12-29,9:50:50.128576253,T,TGT,I,4,100.12
2025-12-29,9:50:50.128594271,T,TGT,I,23,100.12
2025-12-29,9:50:50.128594271,T,TGT,I,23,100.12
2025-12-29,9:50:50.128597261,T,TGT,I,2,100.12
2025-12-29,9:50:50.128597261,T,TGT,I,1,100.12
2025-12-29,9:50:50.156617915,T,TGT,I,7,100.15
2025-12-29,9:50:50.156617915,T,TGT,I,93,100.15
2025-12-29,9:50:54.429145606,T,TGT,I,5,100.2
2025-12-29,9:50:54.429614661,T,TGT,F I,1,100.21
2025-12-29,9:50:54.429617688,T,TGT,F,200,100.21
2025-12-29,9:50:54.429620761,T,TGT,F,152,100.21
2025-12-29,9:51:02.631961812,T,TGT,I,80,100.21
2025-12-29,9:51:02.631961812,T,TGT,I,31,100.2
2025-12-29,9:51:02.632003876,T,TGT,I,69,100.2
2025-12-29,9:51:02.632003876,T,TGT,I,36,100.2
2025-12-29,9:51:02.632006886,T,TGT,I,25,100.2
2025-12-29,9:51:02.632009965,T,TGT,I,5,100.2
2025-12-29,9:51:02.632012929,T,TGT,,100,100.2
2025-12-29,9:51:02.632015887,T,TGT,,100,100.2
2025-12-29,9:51:02.633787130,T,TGT,I,1,100.2
2025-12-29,9:51:04.904842762,T,TGT,I,3,100.23
2025-12-29,9:51:05.476104685,T,TGT,F I,62,100.19
2025-12-29,9:51:05.476125824,T,TGT,I,1,100.19
2025-12-29,9:51:05.476128657,T,TGT,I,37,100.19
2025-12-29,9:51:05.476131699,T,TGT,I,3,100.19
2025-12-29,9:51:05.476288122,T,TGT,I,31,100.18
2025-12-29,9:51:05.625374449,T,TGT,I,26,100.16
2025-12-29,9:51:05.625374449,T,TGT,I,3,100.16
2025-12-29,9:51:05.625948873,T,TGT,F I,20,100.16
2025-12-29,9:51:05.625951658,T,TGT,F I,12,100.15
2025-12-29,9:51:05.626011774,T,TGT,I,11,100.15
2025-12-29,9:51:05.626113956,T,TGT,I,6,100.15
2025-12-29,9:51:05.682275806,T,TGT,I,60,100.165
2025-12-29,9:51:06.018560940,T,TGT,I,3,100.165
2025-12-29,9:51:07.365087831,T,TGT,I,3,100.15
2025-12-29,9:51:12.965503991,T,TGT,I,10,100.15
2025-12-29,9:51:12.965503991,T,TGT,I,3,100.15
2025-12-29,9:51:17.277118766,T,TGT,I,6,100.13
2025-12-29,9:51:19.535674367,T,TGT,I,14,100.07
2025-12-29,9:51:19.535676564,T,TGT,,100,100.06
2025-12-29,9:51:19.535679538,T,TGT,I,12,100.06
2025-12-29,9:51:19.535679538,T,TGT,I,20,100.06
2025-12-29,9:51:19.535691640,T,TGT,I,1,100.06
2025-12-29,9:51:19.537008699,T,TGT,F I,7,100.06
2025-12-29,9:51:27.868002045,T,TGT,F I,50,100.07
2025-12-29,9:51:28.716873375,T,TGT,,100,100.06
2025-12-29,9:51:30.259007263,T,TGT,F I,11,100.05
2025-12-29,9:51:33.684443882,T,TGT,I,65,100.03
2025-12-29,9:51:33.763303818,T,TGT,I,20,100.01
2025-12-29,9:51:33.930998242,T,TGT,,500,100.0
2025-12-29,9:51:33.931001338,T,TGT,,200,100.0
2025-12-29,9:51:33.931001338,T,TGT,I,12,100.0
2025-12-29,9:51:33.931019351,T,TGT,I,17,100.0
2025-12-29,9:51:33.931022376,T,TGT,I,1,100.0
2025-12-29,9:51:33.931735002,T,TGT,I,39,100.0
2025-12-29,9:51:33.976755320,T,TGT,I,40,99.98
2025-12-29,9:51:45.233541988,T,TGT,F I,60,100.0
2025-12-29,9:51:52.846957384,T,TGT,,100,99.98
2025-12-29,9:51:52.846957384,T,TGT,I,22,99.98
2025-12-29,9:51:52.847462106,T,TGT,F,100,99.97
2025-12-29,9:51:52.847465138,T,TGT,F,100,99.97
2025-12-29,9:51:52.863003185,T,TGT,,100,99.94
2025-12-29,9:51:52.868166414,T,TGT,I,14,99.93
2025-12-29,9:51:52.868617584,T,TGT,F I,14,99.93
2025-12-29,9:51:52.868764904,T,TGT,I,72,99.93
2025-12-29,9:51:53.659938043,T,TGT,F,100,99.91
2025-12-29,9:51:53.659938043,T,TGT,F I,54,99.91
2025-12-29,9:51:53.659940716,T,TGT,F I,2,99.91
2025-12-29,9:51:55.226877717,T,TGT,I,5,99.85
2025-12-29,9:52:08.282646290,T,TGT,F I,2,99.79
2025-12-29,9:52:11.175165423,T,TGT,,100,99.8
2025-12-29,9:52:11.513753906,T,TGT,F I,5,99.78
2025-12-29,9:52:17.013613625,T,TGT,I,1,99.76
2025-12-29,9:52:17.013613625,T,TGT,I,18,99.76
2025-12-29,9:52:17.440757289,T,TGT,I,2,99.72
2025-12-29,9:52:24.035366215,T,TGT,F I,20,99.76
2025-12-29,9:52:33.352808597,T,TGT,,100,99.76
2025-12-29,9:52:33.357647107,T,TGT,I,10,99.72
2025-12-29,9:52:34.135465199,T,TGT,,100,99.7
2025-12-29,9:52:34.135516310,T,TGT,,254,99.69
2025-12-29,9:52:34.135540693,T,TGT,F I,46,99.69
2025-12-29,9:52:34.135868155,T,TGT,I,2,99.69
2025-12-29,9:52:34.136367304,T,TGT,F I,2,99.69
2025-12-29,9:52:34.136506501,T,TGT,I,5,99.69
2025-12-29,9:52:34.136509288,T,TGT,I,1,99.69
2025-12-29,9:52:34.136511725,T,TGT,I,2,99.69
2025-12-29,9:52:34.136514725,T,TGT,I,42,99.68
2025-12-29,9:52:34.136529815,T,TGT,F I,58,99.68
2025-12-29,9:52:34.136529815,T,TGT,F I,16,99.68
2025-12-29,9:52:34.136536223,T,TGT,F I,21,99.68
2025-12-29,9:52:34.136536223,T,TGT,F I,14,99.68
2025-12-29,9:52:34.136538708,T,TGT,F I,38,99.68
2025-12-29,9:52:34.136574749,T,TGT,I,2,99.68
2025-12-29,9:52:34.136577765,T,TGT,,100,99.67
2025-12-29,9:52:34.136577765,T,TGT,I,10,99.67
2025-12-29,9:52:34.136917671,T,TGT,F,100,99.66
2025-12-29,9:52:34.139401821,T,TGT,F I,1,99.7
2025-12-29,9:52:35.863403187,T,TGT,F I,9,99.68
2025-12-29,9:52:35.863403187,T,TGT,F I,30,99.68
2025-12-29,9:52:35.863405766,T,TGT,F I,6,99.68
2025-12-29,9:52:35.863417876,T,TGT,I,4,99.68
2025-12-29,9:52:35.863420820,T,TGT,I,8,99.68
2025-12-29,9:52:35.863694433,T,TGT,F I,3,99.67
2025-12-29,9:52:36.521403336,T,TGT,F I,1,99.67
2025-12-29,9:52:36.521403336,T,TGT,F I,13,99.67
2025-12-29,9:52:38.336614952,T,TGT,,100,99.695
2025-12-29,9:52:45.514860045,T,TGT,I,50,99.695
2025-12-29,9:52:46.216720081,T,TGT,I,6,99.695
2025-12-29,9:52:51.855285100,T,TGT,I,88,99.75
2025-12-29,9:52:51.855303172,T,TGT,I,1,99.75
2025-12-29,9:52:51.855315217,T,TGT,I,11,99.75
2025-12-29,9:52:51.855318244,T,TGT,I,1,99.75
2025-12-29,9:52:51.855679030,T,TGT,I,80,99.74
2025-12-29,9:52:51.855682074,T,TGT,I,10,99.735
2025-12-29,9:52:51.855982798,T,TGT,F I,50,99.77
2025-12-29,9:52:51.856064022,T,TGT,I,10,99.77
2025-12-29,9:52:51.856509039,T,TGT,I,3,99.815
2025-12-29,9:52:51.903357751,T,TGT,F I,80,99.77
2025-12-29,9:52:51.903357751,T,TGT,F I,5,99.77
2025-12-29,9:52:52.426047956,T,TGT,,100,99.77
2025-12-29,9:53:07.965109359,T,TGT,F I,47,99.75
2025-12-29,9:53:07.965109359,T,TGT,F I,50,99.75
2025-12-29,9:53:07.965124377,T,TGT,I,3,99.75
2025-12-29,9:53:07.965124377,T,TGT,,100,99.74
2025-12-29,9:53:07.965126724,T,TGT,,100,99.74
2025-12-29,9:53:07.965129728,T,TGT,I,34,99.74
2025-12-29,9:53:07.965147779,T,TGT,I,1,99.74
2025-12-29,9:53:07.965147779,T,TGT,F I,2,99.74
2025-12-29,9:53:07.966116098,T,TGT,I,3,99.755
2025-12-29,9:53:21.109952354,T,TGT,F I,50,99.72
2025-12-29,9:53:21.110006501,T,TGT,F I,50,99.71
2025-12-29,9:53:21.110054712,T,TGT,I,99,99.71
2025-12-29,9:53:21.110153901,T,TGT,F I,5,99.7
2025-12-29,9:53:21.110157045,T,TGT,F I,74,99.7
2025-12-29,9:53:21.110175132,T,TGT,I,1,99.7
2025-12-29,9:53:21.110180964,T,TGT,F I,25,99.7
2025-12-29,9:53:21.110180964,T,TGT,F I,13,99.7
2025-12-29,9:53:21.110184698,T,TGT,F I,5,99.7
2025-12-29,9:53:21.110187387,T,TGT,F I,1,99.7
2025-12-29,9:53:21.110201999,T,TGT,I,43,99.7
2025-12-29,9:53:21.110217090,T,TGT,I,43,99.7
2025-12-29,9:53:21.120122601,T,TGT,I,1,99.73
2025-12-29,9:53:25.685072989,T,TGT,F,100,99.68
2025-12-29,9:53:25.685094041,T,TGT,I,1,99.68
2025-12-29,9:53:25.685226276,T,TGT,,100,99.67
2025-12-29,9:53:27.427835878,T,TGT,F I,18,99.64
2025-12-29,9:53:41.294209658,T,TGT,I,47,99.67
2025-12-29,9:53:41.294209658,T,TGT,I,80,99.67
2025-12-29,9:53:41.294390279,T,TGT,I,23,99.67
2025-12-29,9:53:46.479877785,T,TGT,I,40,99.69
2025-12-29,9:53:46.479877785,T,TGT,I,7,99.69
2025-12-29,9:53:46.480082302,T,TGT,I,8,99.695
2025-12-29,9:53:46.480082302,T,TGT,I,6,99.695
2025-12-29,9:53:46.486132757,T,TGT,F I,10,99.7
2025-12-29,9:53:46.487065055,T,TGT,,200,99.705
2025-12-29,9:53:47.637473644,T,TGT,I,20,99.74
2025-12-29,9:54:00.030012141,T,TGT,F I,75,99.7
2025-12-29,9:54:00.030018067,T,TGT,F I,25,99.7
2025-12-29,9:54:00.030021173,T,TGT,F I,1,99.7
2025-12-29,9:54:10.757210139,T,TGT,I,5,99.69
2025-12-29,9:54:10.761077325,T,TGT,I,1,99.67
2025-12-29,9:54:17.766359444,T,TGT,I,14,99.72
2025-12-29,9:54:19.392215881,T,TGT,I,10,99.73
2025-12-29,9:54:19.403137913,T,TGT,I,3,99.75
2025-12-29,9:54:20.104775421,T,TGT,I,6,99.72
2025-12-29,9:54:32.039232774,T,TGT,I,38,99.77
2025-12-29,9:54:32.819673039,T,TGT,I,37,99.77
2025-12-29,9:54:33.023844581,T,TGT,F I,50,99.79
2025-12-29,9:54:33.118140025,T,TGT,F I,23,99.8
2025-12-29,9:54:33.118140025,T,TGT,F I,14,99.8
2025-12-29,9:54:33.118164102,T,TGT,F I,20,99.81
2025-12-29,9:54:33.118167089,T,TGT,F,100,99.81
2025-12-29,9:54:33.118170195,T,TGT,F I,1,99.81
2025-12-29,9:54:33.118771610,T,TGT,F I,20,99.83
2025-12-29,9:54:33.119282763,T,TGT,F,150,99.82
2025-12-29,9:54:33.119286351,T,TGT,F I,80,99.82
2025-12-29,9:54:33.119286351,T,TGT,F I,29,99.81
2025-12-29,9:54:33.119288991,T,TGT,F,100,99.81
2025-12-29,9:54:33.119601535,T,TGT,F,145,99.81
2025-12-29,9:54:33.119604569,T,TGT,F I,78,99.81
2025-12-29,9:54:33.119640706,T,TGT,,100,99.8
2025-12-29,9:54:33.119718859,T,TGT,I,30,99.81
2025-12-29,9:54:33.120086276,T,TGT,F,100,99.8
2025-12-29,9:54:33.120088988,T,TGT,F I,1,99.8
2025-12-29,9:54:33.120091986,T,TGT,F I,30,99.8
2025-12-29,9:54:33.120091986,T,TGT,F,121,99.8
2025-12-29,9:54:33.120095037,T,TGT,F I,29,99.8
2025-12-29,9:54:33.121309662,T,TGT,F I,35,99.8
2025-12-29,9:54:33.121339746,T,TGT,I,94,99.8
2025-12-29,9:54:33.121351675,T,TGT,I,21,99.8
2025-12-29,9:54:33.121881004,T,TGT,F I,1,99.81
2025-12-29,9:54:33.121983229,T,TGT,,100,99.81
2025-12-29,9:54:33.121986291,T,TGT,I,1,99.81
2025-12-29,9:54:33.122350208,T,TGT,F,103,99.81
2025-12-29,9:54:33.122353133,T,TGT,F,174,99.81
2025-12-29,9:54:33.122383199,T,TGT,I,26,99.82
2025-12-29,9:54:33.122404214,T,TGT,,327,99.82
2025-12-29,9:54:33.123032776,T,TGT,F I,5,99.82
2025-12-29,9:54:33.123393554,T,TGT,I,20,99.82
2025-12-29,9:54:33.136414616,T,TGT,I,3,99.83
2025-12-29,9:54:33.169139036,T,TGT,I,31,99.8
2025-12-29,9:54:45.731380385,T,TGT,,100,99.74
2025-12-29,9:54:45.733187729,T,TGT,I,18,99.7
2025-12-29,9:54:45.733187729,T,TGT,I,50,99.7
2025-12-29,9:54:46.796728449,T,TGT,I,7,99.735
2025-12-29,9:54:51.448754200,T,TGT,I,23,99.74
2025-12-29,9:55:07.269507909,T,TGT,,100,99.7
2025-12-29,9:55:07.270371025,T,TGT,F I,61,99.69
2025-12-29,9:55:07.275534314,T,TGT,I,8,99.68
2025-12-29,9:55:07.275807982,T,TGT,I,13,99.68
2025-12-29,9:55:20.323553431,T,TGT,F,100,99.62
2025-12-29,9:55:20.323857142,T,TGT,I,84,99.63
2025-12-29,9:55:20.323872089,T,TGT,I,16,99.63
2025-12-29,9:55:20.323872089,T,TGT,I,84,99.61
2025-12-29,9:55:20.323875165,T,TGT,I,16,99.61
2025-12-29,9:55:20.324446477,T,TGT,,100,99.64
2025-12-29,9:55:20.324888585,T,TGT,I,54,99.64
2025-12-29,9:55:20.324888585,T,TGT,I,46,99.64
2025-12-29,9:55:20.324894587,T,TGT,I,91,99.64
2025-12-29,9:55:20.324894587,T,TGT,I,9,99.64
2025-12-29,9:55:20.324898143,T,TGT,,100,99.64
2025-12-29,9:55:20.324898143,T,TGT,I,79,99.64
2025-12-29,9:55:20.325117113,T,TGT,,169,99.64
2025-12-29,9:55:20.325144230,T,TGT,I,89,99.64
2025-12-29,9:55:20.325168291,T,TGT,,100,99.64
2025-12-29,9:55:20.401523142,T,TGT,I,51,99.62
2025-12-29,9:55:20.401640505,T,TGT,,200,99.615
2025-12-29,9:55:20.499950721,T,TGT,,100,99.63
2025-12-29,9:55:20.500603198,T,TGT,F,200,99.64
2025-12-29,9:55:20.500606259,T,TGT,F I,1,99.64
2025-12-29,9:55:20.500606259,T,TGT,F I,1,99.64
2025-12-29,9:55:20.501096488,T,TGT,,289,99.64
2025-12-29,9:55:27.833142896,T,TGT,F I,50,99.67
2025-12-29,9:55:27.833196949,T,TGT,F I,50,99.67
2025-12-29,9:55:41.094376178,T,TGT,F,100,99.61
2025-12-29,9:55:41.094378974,T,TGT,F I,26,99.61
2025-12-29,9:55:41.094378974,T,TGT,F I,1,99.61
2025-12-29,9:55:41.096414864,T,TGT,I,1,99.59
2025-12-29,9:55:42.556089238,T,TGT,I,26,99.56
2025-12-29,9:55:42.556122306,T,TGT,I,43,99.56
2025-12-29,9:55:42.556125309,T,TGT,I,57,99.55
2025-12-29,9:55:42.556167488,T,TGT,I,43,99.55
2025-12-29,9:55:44.308953222,T,TGT,F I,1,99.5
2025-12-29,9:55:47.121848671,T,TGT,F I,4,99.5
2025-12-29,9:55:47.121848671,T,TGT,F I,4,99.5
2025-12-29,9:55:47.121890792,T,TGT,,100,99.49
2025-12-29,9:56:15.981533690,T,TGT,F I,17,99.47
2025-12-29,9:56:18.556210914,T,TGT,F I,80,99.49
2025-12-29,9:56:18.556887187,T,TGT,F I,7,99.51
2025-12-29,9:56:18.556890186,T,TGT,F I,53,99.51
2025-12-29,9:56:18.556893498,T,TGT,I,20,99.48
2025-12-29,9:56:18.556896213,T,TGT,I,11,99.47
2025-12-29,9:56:18.556923217,T,TGT,F I,16,99.49
2025-12-29,9:56:18.556944262,T,TGT,I,24,99.49
2025-12-29,9:56:18.557569839,T,TGT,F,200,99.445
2025-12-29,9:56:18.557569839,T,TGT,F I,31,99.49
2025-12-29,9:56:18.574882048,T,TGT,I,45,99.435
2025-12-29,9:56:40.017670523,T,TGT,F,100,99.4
2025-12-29,9:56:40.017673441,T,TGT,F,100,99.4
2025-12-29,9:56:40.017871980,T,TGT,I,1,99.39
2025-12-29,9:56:40.017881024,T,TGT,F,100,99.39
2025-12-29,9:56:40.018912467,T,TGT,F,100,99.39
2025-12-29,9:56:40.018915506,T,TGT,F I,24,99.39
2025-12-29,9:56:40.018915506,T,TGT,F I,7,99.39
2025-12-29,9:56:40.027945988,T,TGT,F I,22,99.41
2025-12-29,9:56:40.027948940,T,TGT,F,267,99.41
2025-12-29,9:56:40.033205471,T,TGT,I,3,99.475
2025-12-29,9:56:51.750169668,T,TGT,F I,5,99.4
2025-12-29,9:57:02.847958535,T,TGT,I,8,99.42
2025-12-29,9:57:02.847958535,T,TGT,I,80,99.42
2025-12-29,9:57:02.852499459,T,TGT,I,1,99.425
2025-12-29,9:57:03.157122039,T,TGT,I,8,99.4
2025-12-29,9:57:04.066001426,T,TGT,F I,32,99.43
2025-12-29,9:57:04.066004307,T,TGT,F I,15,99.43
2025-12-29,9:57:04.372461402,T,TGT,I,9,99.41
2025-12-29,9:57:04.550416281,T,TGT,I,9,99.41
2025-12-29,9:57:05.427191083,T,TGT,I,17,99.41
2025-12-29,9:57:05.550105942,T,TGT,F I,47,99.44
2025-12-29,9:57:06.218614092,T,TGT,F I,47,99.44
2025-12-29,9:57:06.218614092,T,TGT,F I,3,99.44
2025-12-29,9:57:07.169653755,T,TGT,I,47,99.44
2025-12-29,9:57:07.169657515,T,TGT,I,50,99.44
2025-12-29,9:57:07.169657515,T,TGT,I,25,99.44
2025-12-29,9:57:07.169659513,T,TGT,I,3,99.44
2025-12-29,9:57:07.170038773,T,TGT,I,3,99.45
2025-12-29,9:57:07.170041674,T,TGT,I,14,99.45
2025-12-29,9:57:07.170044470,T,TGT,,143,99.45
2025-12-29,9:57:07.170044470,T,TGT,I,1,99.45
2025-12-29,9:57:07.170747969,T,TGT,F I,9,99.46
2025-12-29,9:57:07.170901322,T,TGT,I,80,99.46
2025-12-29,9:57:08.390141327,T,TGT,I,41,99.46
2025-12-29,9:57:08.390141327,T,TGT,I,6,99.46
2025-12-29,9:57:08.455552947,T,TGT,I,42,99.46
2025-12-29,9:57:08.505871864,T,TGT,I,42,99.46
2025-12-29,9:57:08.556214746,T,TGT,I,19,99.46
2025-12-29,9:57:08.556250794,T,TGT,I,23,99.46
2025-12-29,9:57:08.606533623,T,TGT,I,42,99.46
2025-12-29,9:57:08.656885576,T,TGT,I,42,99.46
2025-12-29,9:57:08.707198461,T,TGT,I,42,99.46
2025-12-29,9:57:08.757544330,T,TGT,I,1,99.46
2025-12-29,9:57:08.757583508,T,TGT,I,41,99.46
2025-12-29,9:57:08.807860250,T,TGT,I,42,99.46
2025-12-29,9:57:08.858203153,T,TGT,I,1,99.46
2025-12-29,9:57:09.121766004,T,TGT,F I,41,99.46
2025-12-29,9:57:09.121766004,T,TGT,F I,6,99.46
2025-12-29,9:57:09.754650788,T,TGT,,100,99.44
2025-12-29,9:57:09.754867860,T,TGT,I,30,99.435
2025-12-29,9:57:09.754870650,T,TGT,I,3,99.435
2025-12-29,9:57:09.754873369,T,TGT,I,3,99.435
2025-12-29,9:57:16.262623034,T,TGT,I,5,99.435
2025-12-29,9:58:03.812068029,T,TGT,I,10,99.42
2025-12-29,9:58:03.812068029,T,TGT,I,10,99.42
2025-12-29,9:58:03.812666497,T,TGT,I,15,99.46
2025-12-29,9:58:03.812666497,T,TGT,I,42,99.47
2025-12-29,9:58:03.813084507,T,TGT,I,71,99.44
2025-12-29,9:58:06.079412721,T,TGT,I,60,99.42
2025-12-29,9:58:06.270436794,T,TGT,I,5,99.42
2025-12-29,9:58:12.319422715,T,TGT,I,9,99.42
2025-12-29,9:58:31.419495058,T,TGT,F I,13,99.49
2025-12-29,9:58:31.419498057,T,TGT,F I,1,99.49
2025-12-29,9:58:31.419500950,T,TGT,F I,8,99.49
2025-12-29,9:58:31.419949025,T,TGT,I,8,99.47
2025-12-29,9:58:31.429611087,T,TGT,,200,99.5
2025-12-29,9:58:31.429632270,T,TGT,I,1,99.5
2025-12-29,9:58:31.429635114,T,TGT,I,58,99.5
2025-12-29,9:58:31.430050084,T,TGT,I,41,99.5
2025-12-29,9:58:33.633146688,T,TGT,I,20,99.5
2025-12-29,9:58:33.653535213,T,TGT,I,45,99.5
2025-12-29,9:58:42.276852046,T,TGT,,100,99.53
2025-12-29,9:58:47.490147003,T,TGT,,100,99.54
2025-12-29,9:58:47.490465702,T,TGT,,100,99.56
2025-12-29,9:58:47.491283654,T,TGT,F I,11,99.58
2025-12-29,9:58:47.491797892,T,TGT,F I,14,99.59
2025-12-29,9:59:14.017680151,T,TGT,I,5,99.57
2025-12-29,9:59:14.054132953,T,TGT,I,95,99.57
2025-12-29,9:59:19.028214045,T,TGT,I,32,99.57
2025-12-29,9:59:19.697509496,T,TGT,I,1,99.57
2025-12-29,9:59:50.063525369,T,TGT,F,100,99.62
2025-12-29,9:59:50.083778657,T,TGT,I,1,99.625
2025-12-29,9:59:50.086497458,T,TGT,I,10,99.625
2025-12-29,9:59:50.086497458,T,TGT,I,10,99.625
2025-12-29,9:59:50.086500261,T,TGT,I,8,99.625
2025-12-29,9:59:50.086503156,T,TGT,I,5,99.625
2025-12-29,9:59:50.094511267,T,TGT,I,4,99.625
2025-12-29,9:59:51.058397556,T,TGT,I,49,99.61
2025-12-29,10:00:08.027439884,T,TGT,,100,99.62
2025-12-29,10:00:18.353533519,T,TGT,I,80,99.62
2025-12-29,10:00:18.353533519,T,TGT,I,73,99.6
2025-12-29,10:00:18.353551414,T,TGT,I,1,99.6
2025-12-29,10:00:18.353572815,T,TGT,I,26,99.6
2025-12-29,10:00:18.353572815,T,TGT,I,53,99.6
2025-12-29,10:00:18.353585023,T,TGT,I,16,99.62
2025-12-29,10:00:18.353626628,T,TGT,F I,49,99.6
2025-12-29,10:00:18.353629656,T,TGT,F I,20,99.61
2025-12-29,10:00:18.353779986,T,TGT,I,7,99.64
2025-12-29,10:00:18.353948443,T,TGT,I,7,99.64
2025-12-29,10:00:18.353981480,T,TGT,I,7,99.64
2025-12-29,10:00:18.354011650,T,TGT,I,1,99.64
2025-12-29,10:00:18.354056671,T,TGT,F I,64,99.64
2025-12-29,10:00:18.354134847,T,TGT,I,4,99.65
2025-12-29,10:00:18.354137818,T,TGT,I,1,99.65
2025-12-29,10:00:18.354574212,T,TGT,,100,99.64
2025-12-29,10:00:18.354577738,T,TGT,I,38,99.64
2025-12-29,10:00:18.354697482,T,TGT,F I,56,99.64
2025-12-29,10:00:18.354697482,T,TGT,F I,16,99.64
2025-12-29,10:00:18.354727225,T,TGT,I,21,99.66
2025-12-29,10:00:18.354751327,T,TGT,,100,99.66
2025-12-29,10:00:18.354766306,T,TGT,F I,5,99.66
2025-12-29,10:00:18.355241483,T,TGT,I,29,99.66
2025-12-29,10:00:18.355473441,T,TGT,F I,20,99.65
2025-12-29,10:00:18.355476082,T,TGT,F I,21,99.65
2025-12-29,10:00:18.355476082,T,TGT,F I,3,99.65
2025-12-29,10:00:18.355684157,T,TGT,I,23,99.66
2025-12-29,10:00:18.356919426,T,TGT,F I,1,99.65
2025-12-29,10:00:18.357878955,T,TGT,F I,24,99.62
2025-12-29,10:00:18.358071617,T,TGT,I,20,99.63
2025-12-29,10:00:18.358074628,T,TGT,I,14,99.63
2025-12-29,10:00:18.358146453,T,TGT,F I,26,99.62
2025-12-29,10:00:18.394999363,T,TGT,I,20,99.62
2025-12-29,10:00:18.394999363,T,TGT,I,13,99.62
2025-12-29,10:00:18.395005262,T,TGT,I,16,99.62
2025-12-29,10:00:18.395005262,T,TGT,I,13,99.62
2025-12-29,10:00:18.395008239,T,TGT,I,19,99.62
2025-12-29,10:00:18.395011390,T,TGT,I,3,99.62
2025-12-29,10:00:18.395011390,T,TGT,,100,99.62
2025-12-29,10:00:18.395014224,T,TGT,,100,99.62
2025-12-29,10:00:18.395149581,T,TGT,I,7,99.62
2025-12-29,10:00:18.395411217,T,TGT,I,23,99.62
2025-12-29,10:00:18.395546531,T,TGT,I,2,99.62
2025-12-29,10:00:19.480062224,T,TGT,I,1,99.63
2025-12-29,10:00:19.480065261,T,TGT,I,6,99.63
2025-12-29,10:00:19.493645610,T,TGT,F I,89,99.67
2025-12-29,10:00:19.499446413,T,TGT,,100,99.655
2025-12-29,10:00:19.552186183,T,TGT,F I,11,99.67
2025-12-29,10:00:19.552189973,T,TGT,F I,1,99.67
2025-12-29,10:00:19.552192391,T,TGT,F I,58,99.69
2025-12-29,10:00:19.552195026,T,TGT,F I,24,99.69
2025-12-29,10:00:19.552195026,T,TGT,F I,5,99.69
2025-12-29,10:00:19.552207402,T,TGT,I,1,99.69
2025-12-29,10:00:19.849733007,T,TGT,F I,49,99.69
2025-12-29,10:00:21.923503502,T,TGT,,150,99.69
2025-12-29,10:00:35.718718551,T,TGT,I,32,99.68
2025-12-29,10:00:35.727210763,T,TGT,I,32,99.68
2025-12-29,10:00:40.447838992,T,TGT,F I,1,99.69
2025-12-29,10:00:48.378323209,T,TGT,,100,99.65
2025-12-29,10:00:48.378326285,T,TGT,I,1,99.65
2025-12-29,10:00:48.378329256,T,TGT,I,5,99.65
2025-12-29,10:00:48.378329256,T,TGT,I,1,99.65
2025-12-29,10:00:48.447057958,T,TGT,,100,99.64
2025-12-29,10:00:50.441568911,T,TGT,F,100,99.6
2025-12-29,10:00:50.441568911,T,TGT,F I,7,99.59
2025-12-29,10:00:50.441583995,T,TGT,F I,93,99.59
2025-12-29,10:00:50.441586801,T,TGT,F I,7,99.59
2025-12-29,10:00:50.492732555,T,TGT,I,47,99.58
2025-12-29,10:01:05.495961507,T,TGT,F,200,99.53
2025-12-29,10:01:05.496027628,T,TGT,,100,99.55
2025-12-29,10:01:05.496141916,T,TGT,I,41,99.55
2025-12-29,10:01:05.516265817,T,TGT,F I,21,99.52
2025-12-29,10:01:05.516265817,T,TGT,F,100,99.52
2025-12-29,10:01:05.516320024,T,TGT,I,80,99.53
2025-12-29,10:01:05.516323240,T,TGT,,100,99.535
2025-12-29,10:01:05.516325959,T,TGT,I,51,99.54
2025-12-29,10:01:05.516386155,T,TGT,I,22,99.52
2025-12-29,10:01:05.516386155,T,TGT,I,31,99.52
2025-12-29,10:01:05.516437291,T,TGT,,100,99.53
2025-12-29,10:01:05.516455294,T,TGT,I,1,99.53
2025-12-29,10:01:05.516485368,T,TGT,I,21,99.53
2025-12-29,10:01:05.516551574,T,TGT,F I,21,99.52
2025-12-29,10:01:05.516551574,T,TGT,F I,51,99.51
2025-12-29,10:01:05.516590861,T,TGT,,100,99.53
2025-12-29,10:01:05.516813202,T,TGT,I,9,99.53
2025-12-29,10:01:05.516817253,T,TGT,I,33,99.53
2025-12-29,10:01:05.516823011,T,TGT,I,49,99.54
2025-12-29,10:01:05.516825620,T,TGT,,100,99.54
2025-12-29,10:01:05.516825620,T,TGT,,100,99.54
2025-12-29,10:01:05.516828339,T,TGT,I,7,99.54
2025-12-29,10:01:05.516828339,T,TGT,I,58,99.54
2025-12-29,10:01:05.516912337,T,TGT,I,7,99.52
2025-12-29,10:01:05.517039005,T,TGT,,100,99.52
2025-12-29,10:01:05.517108245,T,TGT,I,49,99.52
2025-12-29,10:01:05.517110916,T,TGT,I,6,99.52
2025-12-29,10:01:05.530035665,T,TGT,F I,49,99.51
2025-12-29,10:01:05.530081113,T,TGT,F,100,99.5
2025-12-29,10:01:05.530083767,T,TGT,F I,80,99.5
2025-12-29,10:01:05.530310007,T,TGT,,100,99.5
2025-12-29,10:01:05.530312638,T,TGT,I,21,99.5
2025-12-29,10:01:05.530315280,T,TGT,I,21,99.5
2025-12-29,10:01:05.530315280,T,TGT,I,24,99.5
2025-12-29,10:01:05.530342349,T,TGT,F I,21,99.49
2025-12-29,10:01:05.530345408,T,TGT,I,24,99.49
2025-12-29,10:01:05.530381596,T,TGT,I,76,99.5
2025-12-29,10:01:05.530453947,T,TGT,I,19,99.5
2025-12-29,10:01:05.530456619,T,TGT,I,7,99.5
2025-12-29,10:01:05.530661151,T,TGT,I,7,99.49
2025-12-29,10:01:05.844019707,T,TGT,F,100,99.5
2025-12-29,10:01:05.844100875,T,TGT,,100,99.51
2025-12-29,10:01:05.844103880,T,TGT,I,25,99.51
2025-12-29,10:01:05.844164055,T,TGT,I,75,99.51
2025-12-29,10:01:12.815913287,T,TGT,I,80,99.52
2025-12-29,10:01:14.371901216,T,TGT,F,100,99.5
2025-12-29,10:01:14.371919258,T,TGT,I,1,99.5
2025-12-29,10:01:14.371925284,T,TGT,I,20,99.5
2025-12-29,10:01:14.387727914,T,TGT,I,3,99.495
2025-12-29,10:01:16.652438275,T,TGT,I,1,99.5
2025-12-29,10:01:16.652441343,T,TGT,I,2,99.5
2025-12-29,10:01:34.180861396,T,TGT,,100,99.495
2025-12-29,10:01:34.200789898,T,TGT,I,2,99.495
2025-12-29,10:01:38.754926672,T,TGT,F I,96,99.46
2025-12-29,10:01:38.754929664,T,TGT,F I,4,99.45
2025-12-29,10:01:49.267340912,T,TGT,I,5,99.495
2025-12-29,10:01:55.468654515,T,TGT,,800,99.5
2025-12-29,10:02:05.960993005,T,TGT,I,80,99.51
2025-12-29,10:02:11.100230556,T,TGT,F I,6,99.49
2025-12-29,10:02:11.100230556,T,TGT,F I,8,99.49
2025-12-29,10:02:11.100245883,T,TGT,F I,42,99.49
2025-12-29,10:02:24.002203739,T,TGT,,100,99.49
2025-12-29,10:02:25.181749653,T,TGT,F I,1,99.54
2025-12-29,10:02:25.181749653,T,TGT,F,147,99.54
2025-12-29,10:02:29.596253837,T,TGT,I,2,99.56
2025-12-29,10:02:29.596274863,T,TGT,I,23,99.56
2025-12-29,10:03:13.348645830,T,TGT,,255,99.53
2025-12-29,10:03:13.348645830,T,TGT,I,80,99.52
2025-12-29,10:03:13.348648787,T,TGT,I,64,99.52
2025-12-29,10:03:13.358136396,T,TGT,I,6,99.545
2025-12-29,10:03:13.358142423,T,TGT,I,68,99.545
2025-12-29,10:03:13.358145936,T,TGT,I,3,99.545
2025-12-29,10:03:13.358145936,T,TGT,I,6,99.545
2025-12-29,10:03:13.358148478,T,TGT,I,13,99.545
2025-12-29,10:03:13.358151441,T,TGT,I,3,99.545
2025-12-29,10:03:13.358151441,T,TGT,I,1,99.545
2025-12-29,10:03:14.408788424,T,TGT,I,39,99.545
2025-12-29,10:03:14.414252430,T,TGT,,100,99.545
2025-12-29,10:03:28.038495309,T,TGT,I,14,99.545
2025-12-29,10:03:28.043520351,T,TGT,,100,99.545
2025-12-29,10:03:28.043523282,T,TGT,,100,99.51
2025-12-29,10:03:44.058031708,T,TGT,I,8,99.54
2025-12-29,10:04:05.322955450,T,TGT,F I,60,99.5
2025-12-29,10:04:05.323097346,T,TGT,I,40,99.5
2025-12-29,10:04:05.323100097,T,TGT,I,1,99.5
2025-12-29,10:04:05.323102968,T,TGT,,100,99.5
2025-12-29,10:04:05.323102968,T,TGT,I,5,99.5
2025-12-29,10:04:05.323117916,T,TGT,I,1,99.5
2025-12-29,10:04:05.323120883,T,TGT,I,99,99.5
2025-12-29,10:04:05.323502849,T,TGT,I,80,99.52
2025-12-29,10:04:09.551404178,T,TGT,,100,99.41
2025-12-29,10:04:09.551404178,T,TGT,,100,99.41
2025-12-29,10:04:14.605114840,T,TGT,F I,1,99.385
2025-12-29,10:04:14.605135887,T,TGT,F I,1,99.385
2025-12-29,10:04:14.605259187,T,TGT,F I,1,99.37
2025-12-29,10:04:14.605427635,T,TGT,I,38,99.39
2025-12-29,10:04:17.838610307,T,TGT,F I,26,99.38
2025-12-29,10:04:24.293635464,T,TGT,I,6,99.4
2025-12-29,10:04:24.293635464,T,TGT,I,2,99.4
2025-12-29,10:04:27.090740312,T,TGT,,100,99.42
