DATE,TIME_M,EX,SYM_ROOT,TR_SCOND,SIZE,PRICE
2025-11-06,9:30:01.491464582,T,TGT,I,11,91.79
2025-11-06,9:30:01.491476631,T,TGT,Q,11,91.79
2025-11-06,9:30:01.749680703,T,TGT,,100,91.86
2025-11-06,9:30:01.749987525,T,TGT,,100,91.87
2025-11-06,9:30:01.876613125,T,TGT,I,59,91.94
2025-11-06,9:30:01.876811635,T,TGT,F I,59,91.99
2025-11-06,9:30:01.876814641,T,TGT,F I,50,91.99
2025-11-06,9:30:01.876856774,T,TGT,F I,50,92.0
2025-11-06,9:30:01.877121388,T,TGT,F I,1,92.0
2025-11-06,9:30:01.877148387,T,TGT,I,50,92.0
2025-11-06,9:30:01.877182096,T,TGT,,100,92.0
2025-11-06,9:30:01.877256639,T,TGT,F,200,92.0
2025-11-06,9:30:01.877283746,T,TGT,I,1,92.0
2025-11-06,9:30:02.656148255,T,TGT,I,1,91.97
2025-11-06,9:30:03.823057125,T,TGT,I,30,91.875
2025-11-06,9:30:04.753160941,T,TGT,I,1,91.83
2025-11-06,9:30:18.312115095,T,TGT,F I,49,92.0
2025-11-06,9:30:18.312118175,T,TGT,F I,4,92.0
2025-11-06,9:30:18.312118175,T,TGT,F I,8,92.0
2025-11-06,9:30:18.312169251,T,TGT,F I,92,92.0
2025-11-06,9:30:18.312172562,T,TGT,F I,32,92.0
2025-11-06,9:30:18.312172562,T,TGT,F I,62,92.0
2025-11-06,9:30:18.312196285,T,TGT,I,2,92.0
2025-11-06,9:30:18.312199601,T,TGT,,100,92.0
2025-11-06,9:30:18.312202322,T,TGT,I,14,92.0
2025-11-06,9:30:18.312202322,T,TGT,,100,92.0
2025-11-06,9:30:18.403355480,T,TGT,F,130,92.09
2025-11-06,9:30:18.403412823,T,TGT,F I,1,92.1
2025-11-06,9:30:18.403412823,T,TGT,F,123,92.1
2025-11-06,9:30:24.237154582,T,TGT,F I,6,92.1
2025-11-06,9:30:24.237166647,T,TGT,F,100,92.1
2025-11-06,9:30:24.798134993,T,TGT,F I,1,92.23
2025-11-06,9:30:29.453534804,T,TGT,,200,92.305
2025-11-06,9:30:33.237954730,T,TGT,F I,1,92.36
2025-11-06,9:30:33.237975647,T,TGT,F I,9,92.38
2025-11-06,9:30:34.064882657,T,TGT,I,70,92.35
2025-11-06,9:30:34.064882657,T,TGT,I,30,92.335
2025-11-06,9:30:37.231116798,T,TGT,I,3,92.37
2025-11-06,9:30:42.788536998,T,TGT,F I,25,92.45
2025-11-06,9:30:42.788539385,T,TGT,F,100,92.49
2025-11-06,9:30:42.788542446,T,TGT,F I,1,92.49
2025-11-06,9:30:42.788545465,T,TGT,F I,75,92.49
2025-11-06,9:30:42.788554449,T,TGT,I,1,92.49
2025-11-06,9:30:42.789173930,T,TGT,F I,24,92.49
2025-11-06,9:30:46.033031910,T,TGT,F I,20,92.5
2025-11-06,9:30:46.033116066,T,TGT,I,50,92.5
2025-11-06,9:30:46.723332611,T,TGT,F I,1,92.52
2025-11-06,9:30:46.723332611,T,TGT,F I,81,92.54
2025-11-06,9:30:46.723942966,T,TGT,F I,63,92.51
2025-11-06,9:30:46.723969946,T,TGT,F I,12,92.51
2025-11-06,9:30:46.723969946,T,TGT,F I,1,92.49
2025-11-06,9:30:46.723973010,T,TGT,F I,38,92.49
2025-11-06,9:30:46.723982472,T,TGT,F I,12,92.49
2025-11-06,9:30:46.723982472,T,TGT,F I,39,92.49
2025-11-06,9:30:46.723990992,T,TGT,F I,12,92.49
2025-11-06,9:30:46.724445080,T,TGT,I,50,92.46
2025-11-06,9:30:46.726108072,T,TGT,F I,99,92.42
2025-11-06,9:30:46.726153183,T,TGT,F I,1,92.42
2025-11-06,9:30:46.726153183,T,TGT,F I,17,92.41
2025-11-06,9:30:46.726180210,T,TGT,I,1,92.41
2025-11-06,9:30:46.726195290,T,TGT,F I,31,92.41
2025-11-06,9:30:47.074136449,T,TGT,F I,63,92.31
2025-11-06,9:30:47.074139197,T,TGT,F I,37,92.31
2025-11-06,9:30:47.074981276,T,TGT,,100,92.28
2025-11-06,9:30:47.177726938,T,TGT,F I,63,92.205
2025-11-06,9:30:47.177769083,T,TGT,F I,63,92.205
2025-11-06,9:30:47.177805174,T,TGT,I,63,92.205
2025-11-06,9:30:47.177841284,T,TGT,I,11,92.205
2025-11-06,9:30:50.417853119,T,TGT,F I,1,92.32
2025-11-06,9:31:00.910889074,T,TGT,F I,50,92.54
2025-11-06,9:31:00.910949228,T,TGT,F I,25,92.52
2025-11-06,9:31:00.910952314,T,TGT,F I,38,92.52
2025-11-06,9:31:00.910994393,T,TGT,F I,12,92.52
2025-11-06,9:31:00.910997397,T,TGT,F I,51,92.51
2025-11-06,9:31:01.059569257,T,TGT,I,1,92.44
2025-11-06,9:31:01.059572362,T,TGT,I,50,92.44
2025-11-06,9:31:02.511371059,T,TGT,I,62,92.425
2025-11-06,9:31:03.845382046,T,TGT,I,62,92.425
2025-11-06,9:31:03.845445235,T,TGT,I,62,92.425
2025-11-06,9:31:18.032481347,T,TGT,F I,25,92.52
2025-11-06,9:31:18.032532508,T,TGT,F I,63,92.53
2025-11-06,9:31:18.032553542,T,TGT,I,2,92.53
2025-11-06,9:31:18.032586565,T,TGT,F I,5,92.53
2025-11-06,9:31:18.173484254,T,TGT,F I,37,92.53
2025-11-06,9:31:18.415521893,T,TGT,F I,2,92.56
2025-11-06,9:31:18.415949030,T,TGT,F,100,92.59
2025-11-06,9:31:18.416105366,T,TGT,F I,20,92.6
2025-11-06,9:31:18.416159366,T,TGT,I,44,92.56
2025-11-06,9:31:18.416210577,T,TGT,F I,44,92.6
2025-11-06,9:31:18.416556351,T,TGT,I,1,92.63
2025-11-06,9:31:18.434620438,T,TGT,F I,62,92.67
2025-11-06,9:31:20.431392397,T,TGT,F I,75,92.67
2025-11-06,9:31:20.431395388,T,TGT,F I,23,92.76
2025-11-06,9:31:20.449321145,T,TGT,I,81,92.62
2025-11-06,9:31:20.449330144,T,TGT,F I,19,92.62
2025-11-06,9:31:20.449330144,T,TGT,F I,62,92.61
2025-11-06,9:31:20.449339187,T,TGT,F I,38,92.61
2025-11-06,9:31:20.449342179,T,TGT,F I,43,92.6
2025-11-06,9:31:20.449363348,T,TGT,F I,1,92.6
2025-11-06,9:31:20.449363348,T,TGT,F I,37,92.6
2025-11-06,9:31:20.449387309,T,TGT,I,6,92.63
2025-11-06,9:31:20.449390400,T,TGT,I,1,92.63
2025-11-06,9:31:20.449390400,T,TGT,I,37,92.63
2025-11-06,9:31:20.681528295,T,TGT,F I,62,92.53
2025-11-06,9:31:21.524316140,T,TGT,F I,62,92.53
2025-11-06,9:31:24.141006391,T,TGT,F I,62,92.52
2025-11-06,9:31:24.141057084,T,TGT,F I,62,92.52
2025-11-06,9:31:24.141144296,T,TGT,,100,92.52
2025-11-06,9:31:24.655799484,T,TGT,F I,62,92.52
2025-11-06,9:31:24.655841494,T,TGT,F I,62,92.52
2025-11-06,9:31:26.534705671,T,TGT,,100,92.54
2025-11-06,9:31:32.531553232,T,TGT,F I,62,92.52
2025-11-06,9:31:32.531712731,T,TGT,,100,92.52
2025-11-06,9:31:33.622904301,T,TGT,F I,62,92.51
2025-11-06,9:31:33.622988560,T,TGT,F I,62,92.51
2025-11-06,9:31:33.623030631,T,TGT,,100,92.51
2025-11-06,9:31:33.623084814,T,TGT,F I,63,92.51
2025-11-06,9:31:37.063900046,T,TGT,F I,62,92.51
2025-11-06,9:31:37.064065411,T,TGT,,100,92.51
2025-11-06,9:31:37.362691894,T,TGT,F I,63,92.51
2025-11-06,9:31:37.362700838,T,TGT,I,70,92.51
2025-11-06,9:31:38.461756380,T,TGT,I,3,92.42
2025-11-06,9:31:38.461759311,T,TGT,F,100,92.29
2025-11-06,9:31:38.461759311,T,TGT,F I,90,92.29
2025-11-06,9:31:38.461807329,T,TGT,F,100,92.29
2025-11-06,9:31:38.462089993,T,TGT,F I,26,92.36
2025-11-06,9:31:38.462117343,T,TGT,F I,74,92.36
2025-11-06,9:31:38.462117343,T,TGT,F I,26,92.37
2025-11-06,9:31:38.462120080,T,TGT,F,115,92.3
2025-11-06,9:31:38.462162175,T,TGT,F,100,92.37
2025-11-06,9:31:38.462315647,T,TGT,,100,92.37
2025-11-06,9:31:38.462399752,T,TGT,F I,50,92.37
2025-11-06,9:31:38.462402721,T,TGT,F I,25,92.37
2025-11-06,9:31:38.462417731,T,TGT,F I,4,92.38
2025-11-06,9:31:38.462429834,T,TGT,F I,24,92.39
2025-11-06,9:31:38.462442118,T,TGT,F I,4,92.37
2025-11-06,9:31:38.462465941,T,TGT,I,24,92.39
2025-11-06,9:31:38.462484603,T,TGT,F I,76,92.39
2025-11-06,9:31:38.462504926,T,TGT,F I,6,92.37
2025-11-06,9:31:38.462598297,T,TGT,I,1,92.38
2025-11-06,9:31:38.462598297,T,TGT,I,3,92.37
2025-11-06,9:31:38.462742602,T,TGT,,100,92.43
2025-11-06,9:31:38.463482353,T,TGT,I,4,92.4
2025-11-06,9:31:40.402207083,T,TGT,I,75,92.36
2025-11-06,9:31:42.122858209,T,TGT,I,35,92.41
2025-11-06,9:31:45.456678883,T,TGT,F I,1,92.5
2025-11-06,9:31:45.456678883,T,TGT,F,100,92.5
2025-11-06,9:31:45.456717727,T,TGT,F,142,92.52
2025-11-06,9:31:45.456810851,T,TGT,F I,51,92.5
2025-11-06,9:31:45.456822824,T,TGT,F I,49,92.5
2025-11-06,9:31:50.436355735,T,TGT,F I,63,92.44
2025-11-06,9:31:50.436397882,T,TGT,F I,63,92.44
2025-11-06,9:31:50.436433940,T,TGT,F I,62,92.44
2025-11-06,9:31:50.436473100,T,TGT,,100,92.44
2025-11-06,9:31:59.665606882,T,TGT,,100,92.44
2025-11-06,9:31:59.665700118,T,TGT,,100,92.44
2025-11-06,9:31:59.666024902,T,TGT,F I,62,92.44
2025-11-06,9:31:59.666680516,T,TGT,,100,92.44
2025-11-06,9:32:00.335476805,T,TGT,,113,92.46
2025-11-06,9:32:00.335479739,T,TGT,I,4,92.45
2025-11-06,9:32:00.335497773,T,TGT,F I,56,92.45
2025-11-06,9:32:00.335500814,T,TGT,F I,31,92.45
2025-11-06,9:32:00.335503866,T,TGT,F I,26,92.45
2025-11-06,9:32:00.335521891,T,TGT,I,1,92.46
2025-11-06,9:32:01.154965191,T,TGT,F I,17,92.49
2025-11-06,9:32:03.040147320,T,TGT,F I,12,92.51
2025-11-06,9:32:03.054290983,T,TGT,I,25,92.49
2025-11-06,9:32:03.054290983,T,TGT,I,5,92.48
2025-11-06,9:32:03.054295968,T,TGT,I,11,92.47
2025-11-06,9:32:03.054295968,T,TGT,I,33,92.47
2025-11-06,9:32:03.054299305,T,TGT,I,1,92.47
2025-11-06,9:32:03.054321028,T,TGT,F I,30,92.47
2025-11-06,9:32:03.054323173,T,TGT,F I,1,92.47
2025-11-06,9:32:03.054335256,T,TGT,I,18,92.51
2025-11-06,9:32:03.054338066,T,TGT,I,11,92.51
2025-11-06,9:32:03.054341538,T,TGT,I,33,92.51
2025-11-06,9:32:03.054341538,T,TGT,I,25,92.51
2025-11-06,9:32:03.054365237,T,TGT,F I,11,92.49
2025-11-06,9:32:03.054452331,T,TGT,F I,1,92.47
2025-11-06,9:32:03.054530719,T,TGT,I,24,92.47
2025-11-06,9:32:03.054533813,T,TGT,I,31,92.47
2025-11-06,9:32:03.054533813,T,TGT,I,10,92.47
2025-11-06,9:32:03.054599666,T,TGT,F,100,92.46
2025-11-06,9:32:03.253129762,T,TGT,F I,14,92.49
2025-11-06,9:32:03.253129762,T,TGT,F I,10,92.49
2025-11-06,9:32:03.253135936,T,TGT,F I,11,92.49
2025-11-06,9:32:03.253135936,T,TGT,F I,11,92.49
2025-11-06,9:32:03.253135936,T,TGT,F I,31,92.49
2025-11-06,9:32:03.253138643,T,TGT,F I,12,92.57
2025-11-06,9:32:08.047737002,T,TGT,I,6,92.445
2025-11-06,9:32:12.832486975,T,TGT,F I,63,92.58
2025-11-06,9:32:12.832486975,T,TGT,F I,5,92.6
2025-11-06,9:32:12.832541366,T,TGT,I,5,92.6
2025-11-06,9:32:12.832541366,T,TGT,I,2,92.6
2025-11-06,9:32:16.787091206,T,TGT,I,3,92.54
2025-11-06,9:32:21.126365852,T,TGT,F I,5,92.62
2025-11-06,9:32:24.008284583,T,TGT,,100,92.625
2025-11-06,9:32:28.810244452,T,TGT,I,1,92.57
2025-11-06,9:32:29.204920136,T,TGT,,100,92.59
2025-11-06,9:32:29.204920136,T,TGT,I,40,92.59
2025-11-06,9:32:29.205012922,T,TGT,F I,5,92.56
2025-11-06,9:32:29.216434217,T,TGT,I,35,92.52
2025-11-06,9:32:30.517402525,T,TGT,F I,62,92.45
2025-11-06,9:32:30.517454203,T,TGT,F I,38,92.45
2025-11-06,9:32:30.524637795,T,TGT,I,25,92.36
2025-11-06,9:32:30.524640747,T,TGT,I,75,92.35
2025-11-06,9:32:30.524646833,T,TGT,F I,25,92.35
2025-11-06,9:32:30.551356408,T,TGT,,292,92.28
2025-11-06,9:32:30.551374728,T,TGT,I,1,92.28
2025-11-06,9:32:30.551386540,T,TGT,F I,7,92.28
2025-11-06,9:32:31.938480096,T,TGT,F I,62,92.26
2025-11-06,9:32:36.743465252,T,TGT,I,4,92.27
2025-11-06,9:32:45.344700307,T,TGT,F I,25,92.28
2025-11-06,9:32:48.180407910,T,TGT,F I,1,92.23
2025-11-06,9:32:53.327211282,T,TGT,,100,92.185
2025-11-06,9:33:04.371965663,T,TGT,I,25,92.2
2025-11-06,9:33:09.560998652,T,TGT,I,25,92.2
2025-11-06,9:33:21.705073016,T,TGT,,200,92.155
2025-11-06,9:33:23.309458247,T,TGT,F I,1,92.11
2025-11-06,9:33:42.969666560,T,TGT,F I,5,92.01
2025-11-06,9:33:42.969669377,T,TGT,F,100,92.01
2025-11-06,9:33:42.969669377,T,TGT,F I,64,92.01
2025-11-06,9:33:42.969683886,T,TGT,I,1,92.01
2025-11-06,9:33:42.969753081,T,TGT,I,35,92.01
2025-11-06,9:33:42.969756393,T,TGT,I,20,92.01
2025-11-06,9:33:42.969756393,T,TGT,I,56,92.01
2025-11-06,9:33:42.969897279,T,TGT,F,244,92.01
2025-11-06,9:33:42.969897279,T,TGT,F,100,92.01
2025-11-06,9:33:42.969939856,T,TGT,F I,18,92.0
2025-11-06,9:33:42.969939856,T,TGT,F I,25,92.0
2025-11-06,9:33:42.969945899,T,TGT,F I,15,92.0
2025-11-06,9:33:42.969948403,T,TGT,F I,4,92.0
2025-11-06,9:33:42.969955443,T,TGT,F I,1,92.0
2025-11-06,9:33:42.969955443,T,TGT,F I,5,92.0
2025-11-06,9:33:42.969955443,T,TGT,F I,5,92.0
2025-11-06,9:33:42.969960352,T,TGT,,100,92.03
2025-11-06,9:33:42.969969331,T,TGT,I,5,92.01
2025-11-06,9:33:42.969975341,T,TGT,F I,10,92.02
2025-11-06,9:33:42.969975341,T,TGT,I,1,92.03
2025-11-06,9:33:42.969981433,T,TGT,F I,10,92.02
2025-11-06,9:33:42.969987455,T,TGT,F I,10,92.02
2025-11-06,9:33:42.969990986,T,TGT,F I,5,92.02
2025-11-06,9:33:42.969990986,T,TGT,F I,58,92.02
2025-11-06,9:33:42.970014766,T,TGT,F I,45,92.01
2025-11-06,9:33:42.970014766,T,TGT,F I,15,92.01
2025-11-06,9:33:42.970023548,T,TGT,F I,5,92.01
2025-11-06,9:33:42.970029550,T,TGT,F I,5,92.01
2025-11-06,9:33:42.970047586,T,TGT,F I,10,92.01
2025-11-06,9:33:42.970081257,T,TGT,F I,20,92.01
2025-11-06,9:33:42.970081257,T,TGT,F I,1,92.01
2025-11-06,9:33:42.970084195,T,TGT,F I,5,92.01
2025-11-06,9:33:42.970134787,T,TGT,I,18,92.03
2025-11-06,9:33:42.970158757,T,TGT,F I,10,92.01
2025-11-06,9:33:42.970188878,T,TGT,F I,8,92.01
2025-11-06,9:33:42.970194924,T,TGT,F I,8,92.01
2025-11-06,9:33:42.970206941,T,TGT,F I,71,92.01
2025-11-06,9:33:42.970270495,T,TGT,I,65,92.02
2025-11-06,9:33:42.970294189,T,TGT,F I,36,92.01
2025-11-06,9:33:42.970304064,T,TGT,F I,62,92.02
2025-11-06,9:33:42.970304064,T,TGT,F I,3,92.04
2025-11-06,9:33:42.970318787,T,TGT,F,280,92.01
2025-11-06,9:33:42.970318787,T,TGT,F I,5,92.01
2025-11-06,9:33:42.970321675,T,TGT,F I,10,92.01
2025-11-06,9:33:42.970330264,T,TGT,I,60,92.04
2025-11-06,9:33:42.970339221,T,TGT,I,3,92.01
2025-11-06,9:33:42.970384361,T,TGT,F I,18,92.02
2025-11-06,9:33:42.970393354,T,TGT,F I,8,92.02
2025-11-06,9:33:42.970402386,T,TGT,,100,92.03
2025-11-06,9:33:42.970516621,T,TGT,,100,92.02
2025-11-06,9:33:42.970519672,T,TGT,,100,92.02
2025-11-06,9:33:42.970519672,T,TGT,F I,1,92.02
2025-11-06,9:33:42.970543756,T,TGT,I,1,92.02
2025-11-06,9:33:42.971039944,T,TGT,,100,92.06
2025-11-06,9:33:42.971042952,T,TGT,I,36,92.06
2025-11-06,9:33:42.971042952,T,TGT,I,40,92.06
2025-11-06,9:33:42.971972184,T,TGT,F I,10,92.04
2025-11-06,9:33:42.972820207,T,TGT,I,40,92.06
2025-11-06,9:33:42.973586969,T,TGT,F I,50,92.07
2025-11-06,9:33:42.973593004,T,TGT,F I,50,92.07
2025-11-06,9:33:42.974176325,T,TGT,I,18,92.06
2025-11-06,9:33:42.974356867,T,TGT,,100,92.08
2025-11-06,9:33:42.974750730,T,TGT,I,15,92.08
2025-11-06,9:33:51.978993906,T,TGT,F I,24,92.08
2025-11-06,9:33:54.033374083,T,TGT,I,24,92.1
2025-11-06,9:33:54.033386131,T,TGT,I,24,92.08
2025-11-06,9:33:54.033401214,T,TGT,I,40,92.08
2025-11-06,9:34:03.876658140,T,TGT,F I,25,91.99
2025-11-06,9:34:24.823965022,T,TGT,,100,92.065
2025-11-06,9:34:28.840829634,T,TGT,F I,1,92.06
2025-11-06,9:34:41.346895099,T,TGT,F,100,91.98
2025-11-06,9:34:41.346895099,T,TGT,F I,6,91.98
2025-11-06,9:34:41.346897296,T,TGT,F I,2,91.98
2025-11-06,9:34:41.347149889,T,TGT,F I,27,91.98
2025-11-06,9:34:41.347152916,T,TGT,F I,73,91.97
2025-11-06,9:34:41.347167971,T,TGT,I,27,91.97
2025-11-06,9:34:41.347731539,T,TGT,F I,4,91.95
2025-11-06,9:34:41.347731539,T,TGT,F I,5,91.95
2025-11-06,9:34:41.347733444,T,TGT,F I,6,91.94
2025-11-06,9:34:41.347736369,T,TGT,F I,21,91.94
2025-11-06,9:34:41.347775663,T,TGT,F I,9,91.94
2025-11-06,9:34:41.347808508,T,TGT,F I,11,91.93
2025-11-06,9:34:41.347811524,T,TGT,F I,25,91.93
2025-11-06,9:34:41.348415987,T,TGT,F I,1,91.93
2025-11-06,9:34:41.348418949,T,TGT,F I,1,91.93
2025-11-06,9:34:41.364203496,T,TGT,I,75,91.95
2025-11-06,9:34:41.364227734,T,TGT,F I,62,91.965
2025-11-06,9:34:41.364281782,T,TGT,I,63,91.965
2025-11-06,9:35:06.808675765,T,TGT,I,10,91.85
2025-11-06,9:35:12.235476186,T,TGT,F I,63,91.9
2025-11-06,9:35:12.235524350,T,TGT,F I,37,91.9
2025-11-06,9:35:12.508562801,T,TGT,F I,63,91.9
2025-11-06,9:35:14.063146304,T,TGT,F I,63,91.9
2025-11-06,9:35:14.063194633,T,TGT,F I,37,91.9
2025-11-06,9:35:14.627461695,T,TGT,F I,14,91.9
2025-11-06,9:35:21.461263298,T,TGT,I,2,91.94
2025-11-06,9:35:22.903387921,T,TGT,I,29,91.95
2025-11-06,9:35:23.025496850,T,TGT,F,100,91.83
2025-11-06,9:35:23.025500029,T,TGT,F I,10,91.83
2025-11-06,9:35:23.025500029,T,TGT,F,100,91.83
2025-11-06,9:35:23.025503381,T,TGT,F I,80,91.83
2025-11-06,9:35:24.641198013,T,TGT,I,1,91.77
2025-11-06,9:35:24.641201015,T,TGT,,100,91.77
2025-11-06,9:35:24.645823044,T,TGT,F,1421,91.75
2025-11-06,9:35:24.645847088,T,TGT,F,579,91.75
2025-11-06,9:35:24.647525068,T,TGT,F,100,91.76
2025-11-06,9:35:24.647528450,T,TGT,F I,1,91.76
2025-11-06,9:35:24.647528450,T,TGT,F,400,91.76
2025-11-06,9:35:24.647558248,T,TGT,F I,63,91.76
2025-11-06,9:35:24.647570838,T,TGT,F,336,91.76
2025-11-06,9:35:24.647594345,T,TGT,I,75,91.755
2025-11-06,9:35:24.647597274,T,TGT,,125,91.75
2025-11-06,9:35:24.647615939,T,TGT,I,1,91.78
2025-11-06,9:35:24.647624572,T,TGT,I,62,91.78
2025-11-06,9:35:24.647627417,T,TGT,I,1,91.78
2025-11-06,9:35:24.647643016,T,TGT,,125,91.78
2025-11-06,9:35:24.648000304,T,TGT,,211,91.79
2025-11-06,9:35:24.648421279,T,TGT,F,100,91.79
2025-11-06,9:35:24.648544527,T,TGT,F,100,91.8
2025-11-06,9:35:24.648607700,T,TGT,I,29,91.81
2025-11-06,9:35:24.648607700,T,TGT,I,29,91.81
2025-11-06,9:35:24.648610739,T,TGT,I,26,91.81
2025-11-06,9:35:24.648613711,T,TGT,I,16,91.81
2025-11-06,9:35:24.654024062,T,TGT,F I,70,91.79
2025-11-06,9:35:24.654024062,T,TGT,F I,18,91.77
2025-11-06,9:35:24.654027797,T,TGT,F I,1,91.77
2025-11-06,9:35:24.654027797,T,TGT,F I,40,91.77
2025-11-06,9:35:24.654029615,T,TGT,F I,75,91.77
2025-11-06,9:35:24.654032601,T,TGT,F,125,91.75
2025-11-06,9:35:24.654086810,T,TGT,F,200,91.77
2025-11-06,9:35:24.654093097,T,TGT,F I,3,91.77
2025-11-06,9:35:24.654354438,T,TGT,F I,5,91.77
2025-11-06,9:35:24.654360418,T,TGT,F I,5,91.77
2025-11-06,9:35:24.655016679,T,TGT,F I,10,91.77
2025-11-06,9:35:24.655016679,T,TGT,F I,15,91.77
2025-11-06,9:35:24.655021981,T,TGT,F I,2,91.75
2025-11-06,9:35:24.655482138,T,TGT,I,75,91.75
2025-11-06,9:35:24.655837088,T,TGT,I,57,91.75
2025-11-06,9:35:25.241406969,T,TGT,I,19,91.74
2025-11-06,9:35:25.241410030,T,TGT,,210,91.73
2025-11-06,9:35:25.241424998,T,TGT,F,124,91.73
2025-11-06,9:35:25.241431031,T,TGT,F I,62,91.73
2025-11-06,9:35:25.241443651,T,TGT,F I,42,91.73
2025-11-06,9:35:25.241443651,T,TGT,F I,79,91.73
2025-11-06,9:35:25.241449056,T,TGT,F I,14,91.73
2025-11-06,9:35:25.241452101,T,TGT,F I,4,91.73
2025-11-06,9:35:25.241458212,T,TGT,I,90,91.73
2025-11-06,9:35:25.241458212,T,TGT,I,19,91.73
2025-11-06,9:35:26.317271070,T,TGT,F I,25,91.74
2025-11-06,9:35:26.672778034,T,TGT,F I,1,91.71
2025-11-06,9:35:26.672943417,T,TGT,I,1,91.71
2025-11-06,9:35:26.673009553,T,TGT,F,186,91.71
2025-11-06,9:35:26.673015637,T,TGT,F,914,91.71
2025-11-06,9:35:26.673015637,T,TGT,F,112,91.71
2025-11-06,9:35:27.279064371,T,TGT,I,2,91.74
2025-11-06,9:35:31.375925563,T,TGT,F I,63,91.7
2025-11-06,9:35:33.558750848,T,TGT,I,6,91.67
2025-11-06,9:35:33.759632397,T,TGT,I,25,91.68
2025-11-06,9:35:33.759683591,T,TGT,I,25,91.68
2025-11-06,9:35:33.759687647,T,TGT,F I,25,91.68
2025-11-06,9:35:33.759687647,T,TGT,F I,25,91.69
2025-11-06,9:35:33.759690302,T,TGT,F I,37,91.7
2025-11-06,9:35:33.759692613,T,TGT,F I,25,91.68
2025-11-06,9:35:33.759698617,T,TGT,F I,20,91.71
2025-11-06,9:35:33.759737684,T,TGT,F I,20,91.71
2025-11-06,9:35:33.759821935,T,TGT,F I,40,91.71
2025-11-06,9:35:33.760071453,T,TGT,I,2,91.72
2025-11-06,9:35:33.760558663,T,TGT,F I,4,91.72
2025-11-06,9:35:33.761475805,T,TGT,F I,30,91.73
2025-11-06,9:35:34.001631013,T,TGT,F I,25,91.74
2025-11-06,9:35:34.242192026,T,TGT,F I,14,91.75
2025-11-06,9:35:36.023882699,T,TGT,F I,70,91.79
2025-11-06,9:35:55.333308219,T,TGT,F I,10,91.76
2025-11-06,9:35:55.333310206,T,TGT,F I,13,91.76
2025-11-06,9:35:55.333313556,T,TGT,F I,25,91.76
2025-11-06,9:35:55.333313556,T,TGT,F I,25,91.76
2025-11-06,9:35:55.333316397,T,TGT,F I,62,91.76
2025-11-06,9:35:55.333316397,T,TGT,F I,75,91.76
2025-11-06,9:35:55.333319186,T,TGT,F I,38,91.76
2025-11-06,9:35:55.333319186,T,TGT,F I,62,91.76
2025-11-06,9:36:02.244771792,T,TGT,F,100,91.65
2025-11-06,9:36:02.245556636,T,TGT,F I,1,91.6
2025-11-06,9:36:02.264739272,T,TGT,I,50,91.57
2025-11-06,9:36:02.264763387,T,TGT,F I,50,91.56
2025-11-06,9:36:02.264766365,T,TGT,F I,13,91.6
2025-11-06,9:36:02.264829549,T,TGT,F I,63,91.6
2025-11-06,9:36:02.265280627,T,TGT,,100,91.58
2025-11-06,9:36:02.265280627,T,TGT,I,40,91.58
2025-11-06,9:36:02.265605383,T,TGT,F,110,91.6
2025-11-06,9:36:02.266053440,T,TGT,F,100,91.62
2025-11-06,9:36:02.266057042,T,TGT,F I,38,91.62
2025-11-06,9:36:02.269831032,T,TGT,,100,91.59
2025-11-06,9:36:02.282364331,T,TGT,F I,37,91.61
2025-11-06,9:36:04.147516609,T,TGT,F I,3,91.53
2025-11-06,9:36:04.147516609,T,TGT,F I,10,91.51
2025-11-06,9:36:04.147519082,T,TGT,F I,40,91.51
2025-11-06,9:36:04.147522403,T,TGT,F I,10,91.51
2025-11-06,9:36:04.147524996,T,TGT,F I,1,91.5
2025-11-06,9:36:04.147527854,T,TGT,F,100,91.5
2025-11-06,9:36:04.147527854,T,TGT,F I,40,91.5
2025-11-06,9:36:06.234788402,T,TGT,,100,91.515
2025-11-06,9:36:09.283129834,T,TGT,F,116,91.55
2025-11-06,9:36:09.283132649,T,TGT,F I,75,91.55
2025-11-06,9:36:09.283144692,T,TGT,I,1,91.55
2025-11-06,9:36:09.283162690,T,TGT,F I,91,91.55
2025-11-06,9:36:09.283165665,T,TGT,F I,43,91.55
2025-11-06,9:36:09.283165665,T,TGT,F I,1,91.55
2025-11-06,9:36:09.283168731,T,TGT,F I,1,91.55
2025-11-06,9:36:12.994604607,T,TGT,F I,25,91.52
2025-11-06,9:36:15.260144911,T,TGT,I,5,91.56
2025-11-06,9:36:20.382103277,T,TGT,F I,1,91.55
2025-11-06,9:36:20.382106235,T,TGT,F I,43,91.55
2025-11-06,9:36:20.382133350,T,TGT,F I,57,91.57
2025-11-06,9:36:20.382136292,T,TGT,F,100,91.57
2025-11-06,9:36:20.382154337,T,TGT,I,1,91.57
2025-11-06,9:36:20.382172333,T,TGT,I,6,91.57
2025-11-06,9:36:20.383098614,T,TGT,F I,31,91.6
2025-11-06,9:36:20.383125871,T,TGT,F I,69,91.6
2025-11-06,9:36:20.383128667,T,TGT,F I,18,91.6
2025-11-06,9:36:22.021470836,T,TGT,F I,63,91.61
2025-11-06,9:36:22.021518922,T,TGT,F I,63,91.61
2025-11-06,9:36:27.269338951,T,TGT,F I,62,91.59
2025-11-06,9:36:37.643074797,T,TGT,F I,75,91.64
2025-11-06,9:36:37.643078289,T,TGT,F I,70,91.64
2025-11-06,9:36:37.643081124,T,TGT,F I,44,91.65
2025-11-06,9:36:37.643081124,T,TGT,F I,61,91.65
2025-11-06,9:36:37.643095939,T,TGT,F I,45,91.65
2025-11-06,9:36:37.643101812,T,TGT,F,100,91.65
2025-11-06,9:36:37.643158928,T,TGT,F I,12,91.66
2025-11-06,9:36:47.874688923,T,TGT,,100,91.71
2025-11-06,9:36:47.897642597,T,TGT,I,24,91.71
2025-11-06,9:36:51.015025227,T,TGT,F I,1,91.72
2025-11-06,9:36:51.140294651,T,TGT,F I,62,91.76
2025-11-06,9:36:51.140318731,T,TGT,F I,13,91.76
2025-11-06,9:36:51.140321739,T,TGT,F I,40,91.77
2025-11-06,9:36:51.140324661,T,TGT,F I,9,91.77
2025-11-06,9:36:51.140324661,T,TGT,F I,62,91.77
2025-11-06,9:36:51.140841944,T,TGT,,100,91.77
2025-11-06,9:36:51.141323087,T,TGT,I,2,91.78
2025-11-06,9:36:51.141326108,T,TGT,I,2,91.78
2025-11-06,9:36:51.141326108,T,TGT,I,2,91.78
2025-11-06,9:36:51.141350116,T,TGT,I,1,91.78
2025-11-06,9:37:05.574516697,T,TGT,I,43,91.67
2025-11-06,9:37:05.574631358,T,TGT,I,2,91.67
2025-11-06,9:37:05.574631358,T,TGT,I,15,91.67
2025-11-06,9:37:05.574961823,T,TGT,,100,91.68
2025-11-06,9:37:05.575581252,T,TGT,I,26,91.66
2025-11-06,9:37:07.321222066,T,TGT,F,100,91.64
2025-11-06,9:37:07.321222066,T,TGT,F I,26,91.64
2025-11-06,9:37:17.291002612,T,TGT,F I,90,91.66
2025-11-06,9:37:20.169754870,T,TGT,F I,25,91.64
2025-11-06,9:37:20.169757765,T,TGT,F I,25,91.64
2025-11-06,9:37:23.275553779,T,TGT,F I,70,91.64
2025-11-06,9:37:26.445658163,T,TGT,F I,37,91.6
2025-11-06,9:37:27.538632991,T,TGT,I,5,91.605
2025-11-06,9:37:31.611491538,T,TGT,F I,22,91.55
2025-11-06,9:37:31.612326909,T,TGT,F I,32,91.54
2025-11-06,9:37:31.615036473,T,TGT,F I,1,91.5
2025-11-06,9:37:31.615039444,T,TGT,F,100,91.5
2025-11-06,9:37:39.171014435,T,TGT,I,70,91.5
2025-11-06,9:37:39.173125525,T,TGT,,100,91.52
2025-11-06,9:37:39.173128281,T,TGT,I,40,91.53
2025-11-06,9:37:39.173128281,T,TGT,I,40,91.53
2025-11-06,9:37:39.173143347,T,TGT,I,1,91.53
2025-11-06,9:37:39.173263808,T,TGT,F I,2,91.51
2025-11-06,9:37:39.173296758,T,TGT,F I,3,91.52
2025-11-06,9:37:39.173296758,T,TGT,F I,2,91.53
2025-11-06,9:37:39.173317952,T,TGT,I,2,91.48
2025-11-06,9:37:39.173321036,T,TGT,I,40,91.48
2025-11-06,9:37:39.174418366,T,TGT,F,100,91.49
2025-11-06,9:37:54.682369802,T,TGT,F I,1,91.41
2025-11-06,9:37:54.682459921,T,TGT,I,3,91.4
2025-11-06,9:37:54.682462878,T,TGT,I,11,91.4
2025-11-06,9:37:54.686318066,T,TGT,F I,62,91.38
2025-11-06,9:37:54.686333143,T,TGT,F I,8,91.38
2025-11-06,9:37:54.686336335,T,TGT,F I,25,91.4
2025-11-06,9:37:54.686336335,T,TGT,F I,10,91.41
2025-11-06,9:37:54.686339241,T,TGT,F I,4,91.41
2025-11-06,9:37:54.686342136,T,TGT,F I,7,91.41
2025-11-06,9:37:54.686372182,T,TGT,F I,33,91.41
2025-11-06,9:37:54.686426323,T,TGT,F,100,91.42
2025-11-06,9:37:54.690711586,T,TGT,F I,42,91.44
2025-11-06,9:37:54.690726575,T,TGT,F I,7,91.44
2025-11-06,9:37:54.702914659,T,TGT,F I,30,91.44
2025-11-06,9:37:55.550059782,T,TGT,I,4,91.43
2025-11-06,9:37:55.550059782,T,TGT,I,2,91.43
2025-11-06,9:37:55.550134976,T,TGT,I,2,91.42
2025-11-06,9:37:56.836311167,T,TGT,I,62,91.415
2025-11-06,9:37:57.312309401,T,TGT,I,7,91.39
2025-11-06,9:37:59.420962618,T,TGT,I,70,91.32
2025-11-06,9:37:59.420983690,T,TGT,F I,30,91.32
2025-11-06,9:38:10.721936460,T,TGT,F I,19,91.38
2025-11-06,9:38:10.721936460,T,TGT,F I,1,91.38
2025-11-06,9:38:10.721957553,T,TGT,F I,42,91.38
2025-11-06,9:38:10.721960522,T,TGT,F,134,91.38
2025-11-06,9:38:10.721963467,T,TGT,F,100,91.38
2025-11-06,9:38:10.722279157,T,TGT,F I,41,91.39
2025-11-06,9:38:10.722312244,T,TGT,,100,91.37
2025-11-06,9:38:10.722312244,T,TGT,F I,9,91.39
2025-11-06,9:38:10.722658069,T,TGT,F I,6,91.39
2025-11-06,9:38:13.332972788,T,TGT,I,3,91.42
2025-11-06,9:38:14.711146976,T,TGT,F I,37,91.42
2025-11-06,9:38:18.048611996,T,TGT,F,100,91.49
2025-11-06,9:38:18.191641719,T,TGT,I,15,91.49
2025-11-06,9:38:18.191704895,T,TGT,,100,91.49
2025-11-06,9:38:18.194239879,T,TGT,,100,91.49
2025-11-06,9:38:21.734234389,T,TGT,I,70,91.5
2025-11-06,9:38:26.928812656,T,TGT,I,75,91.485
2025-11-06,9:38:26.928884741,T,TGT,I,25,91.485
2025-11-06,9:38:40.585156629,T,TGT,F,100,91.44
2025-11-06,9:38:40.585159805,T,TGT,F I,11,91.44
2025-11-06,9:38:40.585159805,T,TGT,F I,75,91.44
2025-11-06,9:38:40.593555743,T,TGT,,100,91.41
2025-11-06,9:38:42.485600159,T,TGT,F I,2,91.3
2025-11-06,9:38:42.485600159,T,TGT,F I,48,91.3
2025-11-06,9:38:42.485621206,T,TGT,F I,1,91.3
2025-11-06,9:38:42.486532380,T,TGT,I,1,91.27
2025-11-06,9:38:42.487386466,T,TGT,I,1,91.26
2025-11-06,9:38:42.487386466,T,TGT,I,2,91.26
2025-11-06,9:38:42.487392424,T,TGT,I,1,91.26
2025-11-06,9:38:42.487398547,T,TGT,I,1,91.26
2025-11-06,9:38:42.488778805,T,TGT,F I,6,91.25
2025-11-06,9:38:42.489292953,T,TGT,F I,4,91.23
2025-11-06,9:38:42.489292953,T,TGT,F I,11,91.23
2025-11-06,9:38:45.070793091,T,TGT,F I,18,91.18
2025-11-06,9:38:45.120693948,T,TGT,I,10,91.14
2025-11-06,9:38:45.120696914,T,TGT,I,2,91.14
2025-11-06,9:38:45.120751055,T,TGT,I,4,91.13
2025-11-06,9:38:45.120784213,T,TGT,I,8,91.13
2025-11-06,9:38:45.120841724,T,TGT,F I,18,91.125
2025-11-06,9:38:45.120862282,T,TGT,I,18,91.125
2025-11-06,9:38:45.120898807,T,TGT,F I,18,91.13
2025-11-06,9:38:45.120922534,T,TGT,F I,63,91.13
2025-11-06,9:38:45.121120909,T,TGT,I,2,91.13
2025-11-06,9:38:45.121123913,T,TGT,I,15,91.13
2025-11-06,9:38:45.121202141,T,TGT,F I,4,91.15
2025-11-06,9:38:45.121202141,T,TGT,F I,36,91.17
2025-11-06,9:38:45.121596114,T,TGT,F I,4,91.15
2025-11-06,9:38:45.121635800,T,TGT,I,3,91.15
2025-11-06,9:38:45.121635800,T,TGT,I,22,91.15
2025-11-06,9:38:48.422274447,T,TGT,I,29,91.14
2025-11-06,9:38:48.422274447,T,TGT,I,70,91.14
2025-11-06,9:38:48.422830873,T,TGT,F I,1,91.11
2025-11-06,9:38:49.516175532,T,TGT,,100,91.13
2025-11-06,9:38:51.613657545,T,TGT,I,70,91.12
2025-11-06,9:38:54.994100961,T,TGT,I,40,91.17
2025-11-06,9:38:57.968199122,T,TGT,F I,75,91.18
2025-11-06,9:38:57.968204301,T,TGT,F,100,91.19
2025-11-06,9:38:57.968204301,T,TGT,F,125,91.2
2025-11-06,9:38:57.968216918,T,TGT,I,1,91.2
2025-11-06,9:38:57.968219551,T,TGT,I,74,91.2
2025-11-06,9:38:57.968222370,T,TGT,,100,91.2
2025-11-06,9:39:01.205957757,T,TGT,F I,20,91.18
2025-11-06,9:39:05.067454221,T,TGT,I,6,91.16
2025-11-06,9:39:05.067664690,T,TGT,F I,4,91.16
2025-11-06,9:39:09.822887931,T,TGT,F I,2,91.13
2025-11-06,9:39:09.889805751,T,TGT,F I,2,91.1
2025-11-06,9:39:09.889862870,T,TGT,I,16,91.1
2025-11-06,9:39:09.890070375,T,TGT,I,16,91.12
2025-11-06,9:39:12.854171940,T,TGT,F I,48,91.12
2025-11-06,9:39:12.854532821,T,TGT,F I,38,91.14
2025-11-06,9:39:12.854547769,T,TGT,F I,24,91.14
2025-11-06,9:39:12.854547769,T,TGT,F I,25,91.14
2025-11-06,9:39:12.854560483,T,TGT,F I,13,91.14
2025-11-06,9:39:12.854562873,T,TGT,F I,20,91.15
2025-11-06,9:39:12.854565817,T,TGT,F I,18,91.15
2025-11-06,9:39:12.854568826,T,TGT,F I,49,91.16
2025-11-06,9:39:12.854622968,T,TGT,F I,42,91.16
2025-11-06,9:39:12.854631985,T,TGT,F I,9,91.16
2025-11-06,9:39:12.854635013,T,TGT,F I,42,91.16
2025-11-06,9:39:12.963963495,T,TGT,I,11,91.17
2025-11-06,9:39:15.970159363,T,TGT,F I,63,91.16
2025-11-06,9:39:15.987011493,T,TGT,I,11,91.14
2025-11-06,9:39:16.892940697,T,TGT,F I,1,91.12
2025-11-06,9:39:16.892944086,T,TGT,F I,2,91.12
2025-11-06,9:39:22.625392329,T,TGT,F I,18,91.06
2025-11-06,9:39:22.625395392,T,TGT,F,100,91.06
2025-11-06,9:39:22.625590835,T,TGT,I,25,91.08
2025-11-06,9:39:22.625593805,T,TGT,,109,91.09
2025-11-06,9:39:22.626676566,T,TGT,F,100,91.09
2025-11-06,9:39:22.626676566,T,TGT,F I,45,91.1
2025-11-06,9:39:22.626743199,T,TGT,F I,55,91.1
2025-11-06,9:39:22.626743199,T,TGT,F I,11,91.1
2025-11-06,9:39:22.626745922,T,TGT,F I,12,91.1
2025-11-06,9:39:22.627040498,T,TGT,I,14,91.1
2025-11-06,9:39:22.627043300,T,TGT,F I,14,91.1
2025-11-06,9:39:22.627046369,T,TGT,F I,14,91.1
2025-11-06,9:39:22.627067966,T,TGT,F I,3,91.1
2025-11-06,9:39:22.627079968,T,TGT,I,69,91.1
2025-11-06,9:39:22.627082765,T,TGT,I,78,91.1
2025-11-06,9:39:22.627082765,T,TGT,,153,91.1
2025-11-06,9:39:22.636115923,T,TGT,F I,60,91.12
2025-11-06,9:39:22.636118884,T,TGT,F,100,91.12
2025-11-06,9:39:22.636136970,T,TGT,I,1,91.12
2025-11-06,9:39:22.636139994,T,TGT,F I,77,91.12
2025-11-06,9:39:22.636139994,T,TGT,I,22,91.12
2025-11-06,9:39:22.636233201,T,TGT,I,2,91.12
2025-11-06,9:39:22.653569558,T,TGT,I,24,91.11
2025-11-06,9:39:22.683394597,T,TGT,F I,25,91.1
2025-11-06,9:39:22.683422253,T,TGT,F I,33,91.1
2025-11-06,9:39:22.683427637,T,TGT,F I,42,91.1
2025-11-06,9:39:23.365512753,T,TGT,F I,60,91.13
2025-11-06,9:39:24.565957511,T,TGT,F I,60,91.16
2025-11-06,9:39:24.565984498,T,TGT,F,100,91.17
2025-11-06,9:39:24.565984498,T,TGT,F I,12,91.17
2025-11-06,9:39:24.565987551,T,TGT,F,100,91.17
2025-11-06,9:39:38.610063270,T,TGT,I,10,91.15
2025-11-06,9:39:38.610066902,T,TGT,I,21,91.15
2025-11-06,9:39:38.611332350,T,TGT,I,19,91.15
2025-11-06,9:39:38.614354481,T,TGT,F I,14,91.18
2025-11-06,9:39:39.155514797,T,TGT,I,7,91.18
2025-11-06,9:39:39.254348250,T,TGT,I,7,91.18
2025-11-06,9:39:39.359141831,T,TGT,I,7,91.18
2025-11-06,9:39:39.362858691,T,TGT,F I,13,91.18
2025-11-06,9:39:39.513051490,T,TGT,I,7,91.2
2025-11-06,9:39:39.513060517,T,TGT,I,7,91.2
2025-11-06,9:39:39.513081563,T,TGT,I,7,91.2
2025-11-06,9:39:39.513159761,T,TGT,I,14,91.2
2025-11-06,9:39:49.807653788,T,TGT,F I,25,91.2
2025-11-06,9:39:49.807653788,T,TGT,F I,25,91.2
2025-11-06,9:40:02.629597044,T,TGT,F I,3,91.17
2025-11-06,9:40:02.630805963,T,TGT,I,5,91.18
2025-11-06,9:40:02.630808994,T,TGT,I,18,91.17
2025-11-06,9:40:17.215124591,T,TGT,I,13,91.14
2025-11-06,9:40:17.216378580,T,TGT,I,7,91.14
2025-11-06,9:40:17.216378580,T,TGT,I,1,91.14
2025-11-06,9:40:17.216384665,T,TGT,I,1,91.14
2025-11-06,9:40:17.216384665,T,TGT,I,13,91.14
2025-11-06,9:40:17.229892864,T,TGT,F I,18,91.17
2025-11-06,9:40:17.231595259,T,TGT,F I,22,91.16
2025-11-06,9:40:17.231598203,T,TGT,F I,37,91.15
2025-11-06,9:40:17.231609932,T,TGT,F I,34,91.15
2025-11-06,9:40:17.231616299,T,TGT,F I,16,91.15
2025-11-06,9:40:17.231618970,T,TGT,F I,21,91.15
2025-11-06,9:40:17.231627999,T,TGT,I,22,91.15
2025-11-06,9:40:17.231639938,T,TGT,I,46,91.15
2025-11-06,9:40:17.231646056,T,TGT,F I,9,91.14
2025-11-06,9:40:17.231655057,T,TGT,F I,9,91.14
2025-11-06,9:40:17.231658027,T,TGT,F I,10,91.14
2025-11-06,9:40:17.231685067,T,TGT,F I,1,91.14
2025-11-06,9:40:17.231685067,T,TGT,F I,14,91.14
2025-11-06,9:40:17.231688235,T,TGT,I,4,91.15
2025-11-06,9:40:17.231688235,T,TGT,F I,11,91.14
2025-11-06,9:40:17.231694147,T,TGT,F I,5,91.14
2025-11-06,9:40:17.231694147,T,TGT,F I,4,91.14
2025-11-06,9:40:17.231697133,T,TGT,F I,5,91.14
2025-11-06,9:40:17.231697133,T,TGT,F I,4,91.14
2025-11-06,9:40:17.231700137,T,TGT,F I,21,91.14
2025-11-06,9:40:17.231706151,T,TGT,F I,4,91.15
2025-11-06,9:40:17.231970730,T,TGT,F I,3,91.13
2025-11-06,9:40:17.232063948,T,TGT,I,18,91.14
2025-11-06,9:40:17.232066967,T,TGT,I,2,91.15
2025-11-06,9:40:17.234391564,T,TGT,I,70,91.155
2025-11-06,9:40:17.234418648,T,TGT,I,30,91.155
2025-11-06,9:40:20.935954891,T,TGT,I,21,91.11
2025-11-06,9:40:24.373955799,T,TGT,F I,40,91.14
2025-11-06,9:40:26.313792816,T,TGT,F I,10,91.11
2025-11-06,9:40:26.313795895,T,TGT,F I,4,91.11
2025-11-06,9:40:26.313798829,T,TGT,F I,1,91.11
2025-11-06,9:40:27.355378426,T,TGT,F I,22,91.11
2025-11-06,9:40:27.355381240,T,TGT,F I,18,91.12
2025-11-06,9:40:27.355405941,T,TGT,I,1,91.12
2025-11-06,9:40:27.355417442,T,TGT,I,21,91.12
2025-11-06,9:40:28.305020158,T,TGT,F I,11,91.12
2025-11-06,9:40:32.233479564,T,TGT,F I,12,91.16
2025-11-06,9:40:39.667784635,T,TGT,F I,25,91.14
2025-11-06,9:40:39.667787590,T,TGT,F I,15,91.14
2025-11-06,9:40:40.643672439,T,TGT,I,11,91.12
2025-11-06,9:40:40.644111510,T,TGT,F I,20,91.1
2025-11-06,9:40:40.644114530,T,TGT,F I,1,91.1
2025-11-06,9:40:40.644139002,T,TGT,F I,1,91.1
2025-11-06,9:40:40.663724260,T,TGT,F I,25,91.06
2025-11-06,9:40:40.663727179,T,TGT,F I,26,91.05
2025-11-06,9:40:40.663775308,T,TGT,F I,10,91.05
2025-11-06,9:40:40.663775308,T,TGT,F I,1,91.05
2025-11-06,9:40:40.664641405,T,TGT,F I,1,91.04
2025-11-06,9:40:40.664671517,T,TGT,F I,1,91.03
2025-11-06,9:40:40.664674584,T,TGT,F I,13,91.03
2025-11-06,9:40:40.664677861,T,TGT,F I,5,91.03
2025-11-06,9:40:40.664677861,T,TGT,F I,2,91.03
2025-11-06,9:40:40.664686499,T,TGT,F I,20,91.03
2025-11-06,9:40:40.664933053,T,TGT,F,100,91.02
2025-11-06,9:40:40.664984196,T,TGT,I,75,91.03
2025-11-06,9:40:40.664987190,T,TGT,I,25,91.04
2025-11-06,9:40:40.665005344,T,TGT,F I,72,91.04
2025-11-06,9:40:40.665008247,T,TGT,F I,3,91.04
2025-11-06,9:40:40.665011325,T,TGT,F I,4,91.04
2025-11-06,9:40:40.665026273,T,TGT,I,1,91.04
2025-11-06,9:40:40.665038337,T,TGT,I,3,91.04
2025-11-06,9:40:40.665483465,T,TGT,F I,18,91.02
2025-11-06,9:40:40.665486675,T,TGT,F I,40,91.02
2025-11-06,9:40:40.665489407,T,TGT,F,100,91.02
2025-11-06,9:40:40.665525467,T,TGT,I,15,91.04
2025-11-06,9:40:40.665558552,T,TGT,I,18,91.04
2025-11-06,9:40:40.665561598,T,TGT,I,15,91.04
2025-11-06,9:40:40.665585660,T,TGT,I,18,91.05
2025-11-06,9:40:40.666085005,T,TGT,I,3,91.03
2025-11-06,9:40:40.666085005,T,TGT,I,26,91.03
2025-11-06,9:40:40.666109069,T,TGT,I,1,91.03
2025-11-06,9:40:40.666166039,T,TGT,F I,15,91.03
2025-11-06,9:40:40.666184067,T,TGT,F I,58,91.03
2025-11-06,9:40:40.666190288,T,TGT,F I,40,91.03
2025-11-06,9:40:40.666190288,T,TGT,F I,42,91.03
2025-11-06,9:40:40.673214797,T,TGT,I,70,91.02
2025-11-06,9:40:41.305856019,T,TGT,I,25,91.03
2025-11-06,9:40:47.354553302,T,TGT,F I,18,91.04
2025-11-06,9:40:47.354553302,T,TGT,F I,10,91.04
2025-11-06,9:40:47.354559327,T,TGT,F I,50,91.04
2025-11-06,9:40:47.354559327,T,TGT,F I,25,91.04
2025-11-06,9:40:47.354583137,T,TGT,F I,10,91.03
2025-11-06,9:40:47.354586174,T,TGT,F I,3,91.03
2025-11-06,9:40:48.284449491,T,TGT,F I,10,91.02
2025-11-06,9:40:48.284515621,T,TGT,F,322,91.01
2025-11-06,9:40:48.284524617,T,TGT,F,978,91.01
2025-11-06,9:40:48.284572812,T,TGT,F,300,91.0
2025-11-06,9:40:48.284579036,T,TGT,F I,1,91.0
2025-11-06,9:40:48.284582536,T,TGT,F I,1,91.0
2025-11-06,9:40:48.284582536,T,TGT,F I,50,91.0
2025-11-06,9:40:49.237007779,T,TGT,F I,25,90.96
2025-11-06,9:40:49.237603183,T,TGT,F I,25,90.97
2025-11-06,9:40:59.473373361,T,TGT,F I,62,90.94
2025-11-06,9:41:05.584968219,T,TGT,F I,63,90.94
2025-11-06,9:41:05.585010378,T,TGT,F I,37,90.94
2025-11-06,9:41:09.034200497,T,TGT,,100,90.935
2025-11-06,9:41:09.034260627,T,TGT,F I,63,90.935
2025-11-06,9:41:09.034272667,T,TGT,I,37,90.935
2025-11-06,9:41:10.819319299,T,TGT,F I,25,90.96
2025-11-06,9:41:10.819322735,T,TGT,F I,25,90.97
2025-11-06,9:41:10.819325365,T,TGT,F,100,90.97
2025-11-06,9:41:10.819328370,T,TGT,F,100,90.98
2025-11-06,9:41:10.819328370,T,TGT,F,195,90.98
2025-11-06,9:41:10.819335930,T,TGT,,105,90.98
2025-11-06,9:41:10.819335930,T,TGT,I,12,90.98
2025-11-06,9:41:10.819340297,T,TGT,I,1,90.98
2025-11-06,9:41:10.819340297,T,TGT,I,7,90.98
2025-11-06,9:41:10.819343345,T,TGT,I,25,90.98
2025-11-06,9:41:10.819448497,T,TGT,F,100,90.99
2025-11-06,9:41:15.652914617,T,TGT,F I,25,91.02
2025-11-06,9:41:20.088334311,T,TGT,,100,91.05
2025-11-06,9:41:35.001258321,T,TGT,F I,13,91.06
2025-11-06,9:41:35.001261281,T,TGT,F I,25,91.06
2025-11-06,9:41:35.001264344,T,TGT,F,100,91.06
2025-11-06,9:41:35.001264344,T,TGT,F I,11,91.06
2025-11-06,9:41:35.001267359,T,TGT,F I,50,91.06
2025-11-06,9:41:35.001312428,T,TGT,I,41,91.04
2025-11-06,9:41:35.001327462,T,TGT,I,25,91.05
2025-11-06,9:41:35.001327462,T,TGT,I,34,91.04
2025-11-06,9:41:35.001339543,T,TGT,I,7,91.06
2025-11-06,9:41:35.001697403,T,TGT,I,31,91.06
2025-11-06,9:41:35.001751424,T,TGT,I,47,91.08
2025-11-06,9:41:35.003218987,T,TGT,F I,77,91.05
2025-11-06,9:41:35.003237069,T,TGT,I,1,91.05
2025-11-06,9:41:35.240655714,T,TGT,F I,11,91.04
2025-11-06,9:41:35.240667687,T,TGT,F I,75,91.04
2025-11-06,9:41:39.273837012,T,TGT,I,2,91.02
2025-11-06,9:41:40.037238789,T,TGT,F I,15,91.01
2025-11-06,9:41:41.348127771,T,TGT,I,29,91.03
2025-11-06,9:41:41.348127771,T,TGT,I,32,91.03
2025-11-06,9:41:41.348130752,T,TGT,I,3,91.03
2025-11-06,9:41:41.348431447,T,TGT,,200,91.04
2025-11-06,9:41:41.348434417,T,TGT,I,32,91.04
2025-11-06,9:41:44.355667719,T,TGT,I,23,91.06
2025-11-06,9:41:44.355667719,T,TGT,I,77,91.06
2025-11-06,9:41:44.355686195,T,TGT,I,1,91.06
2025-11-06,9:41:44.355688774,T,TGT,F I,22,91.06
2025-11-06,9:41:44.355691797,T,TGT,F I,11,91.06
2025-11-06,9:42:01.889710475,T,TGT,,100,91.075
2025-11-06,9:42:02.795227798,T,TGT,F I,1,91.09
2025-11-06,9:42:02.795263978,T,TGT,F I,4,91.09
2025-11-06,9:42:02.795266930,T,TGT,F I,1,91.09
2025-11-06,9:42:02.795290939,T,TGT,F I,1,91.09
2025-11-06,9:42:03.595344010,T,TGT,F I,26,91.09
2025-11-06,9:42:03.595347036,T,TGT,F I,2,91.09
2025-11-06,9:42:03.595392387,T,TGT,F,100,91.1
2025-11-06,9:42:03.595392387,T,TGT,F I,2,91.1
2025-11-06,9:42:03.595395217,T,TGT,F I,46,91.1
2025-11-06,9:42:03.595398089,T,TGT,F I,12,91.1
2025-11-06,9:42:03.595398089,T,TGT,F,100,91.1
2025-11-06,9:42:03.595828066,T,TGT,F I,32,91.1
2025-11-06,9:42:03.694550288,T,TGT,F I,29,91.09
2025-11-06,9:42:03.694553354,T,TGT,F I,7,91.09
2025-11-06,9:42:04.772176622,T,TGT,F I,11,91.05
2025-11-06,9:42:04.772176622,T,TGT,F I,1,91.05
2025-11-06,9:42:04.772179569,T,TGT,F I,10,91.05
2025-11-06,9:42:04.772183022,T,TGT,F,100,91.05
2025-11-06,9:42:04.772188589,T,TGT,F I,40,91.05
2025-11-06,9:42:04.772191556,T,TGT,F I,1,91.05
2025-11-06,9:42:06.236869964,T,TGT,F I,69,91.0
2025-11-06,9:42:06.236891391,T,TGT,F I,31,91.0
2025-11-06,9:42:06.236891391,T,TGT,F I,10,91.0
2025-11-06,9:42:06.236894079,T,TGT,F I,18,91.0
2025-11-06,9:42:06.237618744,T,TGT,I,8,90.98
2025-11-06,9:42:06.237621896,T,TGT,I,8,90.98
2025-11-06,9:42:06.237621896,T,TGT,I,7,90.98
2025-11-06,9:42:06.237624769,T,TGT,I,4,90.98
2025-11-06,9:42:06.238373526,T,TGT,F I,15,90.97
2025-11-06,9:42:08.780316173,T,TGT,F,100,90.9
2025-11-06,9:42:08.780320422,T,TGT,F I,18,90.9
2025-11-06,9:42:08.780323397,T,TGT,F I,10,90.9
2025-11-06,9:42:08.780323397,T,TGT,F I,5,90.9
2025-11-06,9:42:08.780359452,T,TGT,F I,10,90.89
2025-11-06,9:42:08.780545899,T,TGT,I,25,90.9
2025-11-06,9:42:08.780545899,T,TGT,I,25,90.91
2025-11-06,9:42:08.780549663,T,TGT,I,45,90.92
2025-11-06,9:42:08.787576624,T,TGT,I,11,90.89
2025-11-06,9:42:08.852405140,T,TGT,I,14,90.89
2025-11-06,9:42:18.491253211,T,TGT,F I,7,90.93
2025-11-06,9:42:18.491671216,T,TGT,F,100,90.94
2025-11-06,9:42:18.491674146,T,TGT,F I,24,90.94
2025-11-06,9:42:18.491674146,T,TGT,F,100,90.94
2025-11-06,9:42:23.713942481,T,TGT,F I,63,90.95
2025-11-06,9:42:25.735899561,T,TGT,F I,25,90.98
2025-11-06,9:42:25.735899561,T,TGT,F I,38,90.98
2025-11-06,9:42:25.735956657,T,TGT,F I,63,90.99
2025-11-06,9:42:25.736001761,T,TGT,F I,5,91.0
2025-11-06,9:42:25.736052824,T,TGT,I,47,91.0
2025-11-06,9:42:25.736402183,T,TGT,I,12,91.01
2025-11-06,9:42:25.736404717,T,TGT,,200,91.01
2025-11-06,9:42:25.736404717,T,TGT,,100,91.01
2025-11-06,9:42:25.736407729,T,TGT,I,19,91.01
2025-11-06,9:42:25.737475169,T,TGT,F,100,91.0
2025-11-06,9:42:25.737478220,T,TGT,F I,2,91.0
2025-11-06,9:42:25.737478220,T,TGT,F,100,91.0
2025-11-06,9:42:25.737520366,T,TGT,F I,21,90.99
2025-11-06,9:42:25.737523620,T,TGT,F I,49,90.99
2025-11-06,9:42:25.737523620,T,TGT,F I,51,90.99
2025-11-06,9:42:25.737526334,T,TGT,F I,2,90.99
2025-11-06,9:42:25.737577505,T,TGT,F I,2,90.98
2025-11-06,9:42:25.737580497,T,TGT,F I,10,90.98
2025-11-06,9:42:25.737887776,T,TGT,,100,90.98
2025-11-06,9:42:25.737887776,T,TGT,I,75,90.98
2025-11-06,9:42:25.737953412,T,TGT,F I,1,90.99
2025-11-06,9:42:25.738431512,T,TGT,F I,56,90.98
2025-11-06,9:42:25.738458566,T,TGT,I,1,90.98
2025-11-06,9:42:25.738467542,T,TGT,F I,43,90.98
2025-11-06,9:42:32.322842924,T,TGT,,100,91.01
2025-11-06,9:42:35.436866626,T,TGT,,100,90.995
2025-11-06,9:42:39.572739758,T,TGT,I,29,90.99
2025-11-06,9:42:39.573061562,T,TGT,F I,40,90.99
2025-11-06,9:42:40.548606591,T,TGT,F I,10,90.97
2025-11-06,9:42:40.548606591,T,TGT,F I,10,90.97
2025-11-06,9:42:40.548615536,T,TGT,F I,8,90.97
2025-11-06,9:42:40.550753693,T,TGT,F I,1,90.96
2025-11-06,9:42:40.550922085,T,TGT,F,100,90.95
2025-11-06,9:42:40.551154025,T,TGT,I,26,90.96
2025-11-06,9:42:40.551355111,T,TGT,I,21,90.97
2025-11-06,9:42:40.551358307,T,TGT,,100,90.97
2025-11-06,9:42:40.551358307,T,TGT,I,26,90.97
2025-11-06,9:42:40.551373071,T,TGT,I,1,90.96
2025-11-06,9:42:40.551406247,T,TGT,I,25,90.96
2025-11-06,9:42:40.551526503,T,TGT,I,5,90.97
2025-11-06,9:42:40.551526503,T,TGT,I,21,90.98
2025-11-06,9:42:40.694830000,T,TGT,F I,27,90.95
2025-11-06,9:42:40.694832899,T,TGT,F I,2,90.95
2025-11-06,9:42:40.695034376,T,TGT,F I,21,90.94
2025-11-06,9:42:40.695034376,T,TGT,F I,29,90.94
2025-11-06,9:42:40.695037414,T,TGT,F I,71,90.94
2025-11-06,9:42:43.672388436,T,TGT,I,23,90.91
2025-11-06,9:42:43.672502640,T,TGT,I,13,90.91
2025-11-06,9:42:44.776468655,T,TGT,I,15,90.91
2025-11-06,9:42:48.737748744,T,TGT,I,18,90.91
2025-11-06,9:42:55.553086465,T,TGT,I,27,90.95
2025-11-06,9:42:55.553089228,T,TGT,I,1,90.95
2025-11-06,9:42:55.553092214,T,TGT,I,1,90.95
2025-11-06,9:42:55.553095211,T,TGT,I,1,90.95
2025-11-06,9:42:55.553302731,T,TGT,F I,1,90.95
2025-11-06,9:42:55.553305800,T,TGT,F I,2,90.95
2025-11-06,9:42:55.553329780,T,TGT,I,14,90.95
2025-11-06,9:42:55.553396254,T,TGT,I,72,90.96
2025-11-06,9:42:55.553396254,T,TGT,I,55,90.96
2025-11-06,9:42:55.553402156,T,TGT,,100,90.96
2025-11-06,9:42:55.553402156,T,TGT,,107,90.96
2025-11-06,9:42:55.553504261,T,TGT,I,7,90.95
2025-11-06,9:43:00.741962895,T,TGT,F I,2,90.95
2025-11-06,9:43:00.741962895,T,TGT,F I,1,90.95
2025-11-06,9:43:00.741965922,T,TGT,F,100,90.95
2025-11-06,9:43:00.742019988,T,TGT,F I,2,90.94
2025-11-06,9:43:00.742101196,T,TGT,F I,2,90.93
2025-11-06,9:43:00.742789851,T,TGT,I,10,90.94
2025-11-06,9:43:00.742799155,T,TGT,I,23,90.95
2025-11-06,9:43:00.742802201,T,TGT,I,7,90.95
2025-11-06,9:43:00.742802201,T,TGT,I,40,90.95
2025-11-06,9:43:00.742825902,T,TGT,I,1,90.94
2025-11-06,9:43:00.742871119,T,TGT,I,7,90.95
2025-11-06,9:43:00.742985706,T,TGT,F I,1,90.94
2025-11-06,9:43:00.742985706,T,TGT,F I,9,90.94
2025-11-06,9:43:03.038305517,T,TGT,F I,14,90.91
2025-11-06,9:43:03.038305517,T,TGT,F I,2,90.91
2025-11-06,9:43:03.039087413,T,TGT,F I,4,90.87
2025-11-06,9:43:03.039087413,T,TGT,F I,80,90.86
2025-11-06,9:43:03.039102954,T,TGT,F I,20,90.86
2025-11-06,9:43:03.039102954,T,TGT,F I,25,90.86
2025-11-06,9:43:06.043033846,T,TGT,I,30,90.84
2025-11-06,9:43:07.367370922,T,TGT,I,13,90.84
2025-11-06,9:43:31.777006096,T,TGT,F I,1,90.82
2025-11-06,9:43:31.777036216,T,TGT,F I,5,90.81
2025-11-06,9:43:31.777039187,T,TGT,F I,10,90.81
2025-11-06,9:43:31.777039187,T,TGT,F I,10,90.81
2025-11-06,9:43:31.777243678,T,TGT,I,40,90.83
2025-11-06,9:43:31.778004432,T,TGT,F I,18,90.84
2025-11-06,9:43:31.778037573,T,TGT,F I,3,90.84
2025-11-06,9:43:31.797932920,T,TGT,I,3,90.83
2025-11-06,9:43:31.800392846,T,TGT,I,18,90.84
2025-11-06,9:43:32.890925854,T,TGT,I,8,90.87
2025-11-06,9:43:32.890947196,T,TGT,I,76,90.87
2025-11-06,9:43:32.890952919,T,TGT,,100,90.87
2025-11-06,9:43:32.890955913,T,TGT,I,32,90.87
2025-11-06,9:43:32.890995687,T,TGT,I,22,90.88
2025-11-06,9:43:32.890998553,T,TGT,I,33,90.88
2025-11-06,9:43:32.891001205,T,TGT,,100,90.88
2025-11-06,9:43:32.891004631,T,TGT,,100,90.88
2025-11-06,9:43:32.891984391,T,TGT,F I,7,90.88
2025-11-06,9:43:32.902942409,T,TGT,,100,90.89
2025-11-06,9:43:42.535105529,T,TGT,F I,40,90.85
2025-11-06,9:43:42.535195719,T,TGT,F I,10,90.84
2025-11-06,9:43:42.535198748,T,TGT,F I,10,90.84
2025-11-06,9:43:42.536251247,T,TGT,F I,1,90.82
2025-11-06,9:43:42.536711367,T,TGT,I,7,90.84
2025-11-06,9:43:42.536714352,T,TGT,I,54,90.84
2025-11-06,9:43:43.887965507,T,TGT,I,39,90.9
2025-11-06,9:43:43.887992558,T,TGT,I,1,90.9
2025-11-06,9:43:43.888046742,T,TGT,I,10,90.9
2025-11-06,9:43:49.270353320,T,TGT,F,100,90.91
2025-11-06,9:43:51.520490863,T,TGT,F I,7,90.9
2025-11-06,9:44:00.825600800,T,TGT,F I,25,90.82
2025-11-06,9:44:04.570996730,T,TGT,F I,20,90.8
2025-11-06,9:44:04.570996730,T,TGT,F I,10,90.8
2025-11-06,9:44:04.571092961,T,TGT,F I,1,90.79
2025-11-06,9:44:04.571092961,T,TGT,F I,10,90.79
2025-11-06,9:44:04.571493561,T,TGT,I,6,90.78
2025-11-06,9:44:04.571493561,T,TGT,I,1,90.78
2025-11-06,9:44:04.571496188,T,TGT,I,7,90.78
2025-11-06,9:44:04.571498909,T,TGT,I,7,90.78
2025-11-06,9:44:04.571498909,T,TGT,I,5,90.78
2025-11-06,9:44:05.247223685,T,TGT,I,25,90.8
2025-11-06,9:44:05.247226648,T,TGT,I,1,90.81
2025-11-06,9:44:05.247226648,T,TGT,I,4,90.81
2025-11-06,9:44:05.247247918,T,TGT,F I,27,90.81
2025-11-06,9:44:05.247250786,T,TGT,F I,19,90.81
2025-11-06,9:44:05.247253749,T,TGT,F I,58,90.81
2025-11-06,9:44:06.374889153,T,TGT,F,145,90.84
2025-11-06,9:44:06.374907232,T,TGT,I,1,90.84
2025-11-06,9:44:06.374922241,T,TGT,F I,19,90.84
2025-11-06,9:44:06.374943318,T,TGT,F I,35,90.84
2025-11-06,9:44:06.374946313,T,TGT,F I,10,90.84
2025-11-06,9:44:06.698174387,T,TGT,I,25,90.84
2025-11-06,9:44:20.139181497,T,TGT,I,75,90.85
2025-11-06,9:44:20.139205558,T,TGT,F I,25,90.845
2025-11-06,9:44:28.273031098,T,TGT,F I,11,90.81
2025-11-06,9:44:28.273034072,T,TGT,F I,29,90.81
2025-11-06,9:44:28.273349884,T,TGT,F I,1,90.8
2025-11-06,9:44:28.273349884,T,TGT,F I,10,90.8
2025-11-06,9:44:28.302341882,T,TGT,I,19,90.8
2025-11-06,9:44:28.302345200,T,TGT,I,14,90.8
2025-11-06,9:44:28.302345200,T,TGT,I,37,90.81
2025-11-06,9:44:28.302381017,T,TGT,I,33,90.81
2025-11-06,9:44:28.302913327,T,TGT,I,3,90.81
2025-11-06,9:44:30.843882831,T,TGT,F,100,90.76
2025-11-06,9:44:30.843930942,T,TGT,F I,75,90.75
2025-11-06,9:44:30.843933983,T,TGT,F I,5,90.75
2025-11-06,9:44:30.844643649,T,TGT,F I,1,90.73
2025-11-06,9:44:30.844697706,T,TGT,I,35,90.76
2025-11-06,9:44:30.863354152,T,TGT,F I,1,90.71
2025-11-06,9:44:30.863474648,T,TGT,I,7,90.73
2025-11-06,9:44:30.863540697,T,TGT,I,31,90.74
2025-11-06,9:44:30.863559069,T,TGT,F I,30,90.74
2025-11-06,9:44:30.863601039,T,TGT,I,31,90.75
2025-11-06,9:44:30.863601039,T,TGT,,125,90.75
2025-11-06,9:44:30.863603761,T,TGT,I,31,90.74
2025-11-06,9:44:30.863706052,T,TGT,I,69,90.74
2025-11-06,9:44:30.864078960,T,TGT,I,1,90.75
2025-11-06,9:44:30.864078960,T,TGT,I,17,90.75
2025-11-06,9:44:30.864190196,T,TGT,F,100,90.75
2025-11-06,9:44:30.864193172,T,TGT,F I,69,90.74
2025-11-06,9:44:30.864196434,T,TGT,F I,31,90.74
2025-11-06,9:44:30.864208220,T,TGT,F I,31,90.74
2025-11-06,9:44:30.864211224,T,TGT,F,100,90.74
2025-11-06,9:44:30.864331585,T,TGT,I,78,90.73
2025-11-06,9:44:30.864352634,T,TGT,I,22,90.73
2025-11-06,9:44:30.864352634,T,TGT,I,14,90.73
2025-11-06,9:44:33.600610211,T,TGT,I,2,90.71
2025-11-06,9:44:33.600631285,T,TGT,F I,14,90.72
2025-11-06,9:44:33.600655274,T,TGT,I,2,90.71
2025-11-06,9:44:33.600661335,T,TGT,F I,4,90.72
2025-11-06,9:44:33.600901899,T,TGT,F,100,90.72
2025-11-06,9:44:33.601124474,T,TGT,I,4,90.72
2025-11-06,9:44:36.914865930,T,TGT,F I,1,90.71
2025-11-06,9:44:36.915422357,T,TGT,F I,2,90.7
2025-11-06,9:44:39.413458507,T,TGT,F I,78,90.72
2025-11-06,9:44:39.413479646,T,TGT,F,122,90.72
2025-11-06,9:44:39.413483288,T,TGT,F I,56,90.72
2025-11-06,9:44:39.413483288,T,TGT,F I,14,90.72
2025-11-06,9:44:39.413485545,T,TGT,F I,99,90.72
2025-11-06,9:44:40.044190211,T,TGT,F I,15,90.72
2025-11-06,9:44:40.115733687,T,TGT,F I,1,90.7
2025-11-06,9:44:43.441771981,T,TGT,I,3,90.66
2025-11-06,9:44:43.441774405,T,TGT,I,10,90.66
2025-11-06,9:44:43.441777359,T,TGT,I,4,90.66
2025-11-06,9:44:46.987671979,T,TGT,I,18,90.69
2025-11-06,9:44:46.987692971,T,TGT,F,282,90.69
2025-11-06,9:44:46.987695982,T,TGT,F I,62,90.69
2025-11-06,9:44:49.121784125,T,TGT,F I,2,90.73
2025-11-06,9:44:49.121793196,T,TGT,F I,98,90.73
2025-11-06,9:44:52.129685147,T,TGT,F I,63,90.73
2025-11-06,9:44:52.129730055,T,TGT,F I,37,90.73
2025-11-06,9:44:52.290490045,T,TGT,,100,90.73
2025-11-06,9:44:52.290508451,T,TGT,I,1,90.73
2025-11-06,9:44:52.290508451,T,TGT,F I,38,90.73
2025-11-06,9:44:52.292204176,T,TGT,F,100,90.73
2025-11-06,9:44:52.292207182,T,TGT,F I,14,90.73
2025-11-06,9:44:52.292210203,T,TGT,F I,1,90.73
2025-11-06,9:44:52.292228265,T,TGT,I,55,90.73
2025-11-06,9:44:52.292228265,T,TGT,I,1,90.73
2025-11-06,9:44:55.705591191,T,TGT,F I,15,90.74
2025-11-06,9:44:55.705597356,T,TGT,F I,60,90.74
2025-11-06,9:44:55.705597356,T,TGT,F I,25,90.73
2025-11-06,9:44:55.705615183,T,TGT,F I,75,90.73
2025-11-06,9:44:55.711644429,T,TGT,F,100,90.73
2025-11-06,9:44:55.712432253,T,TGT,,100,90.73
2025-11-06,9:44:55.714483163,T,TGT,F I,97,90.73
2025-11-06,9:44:55.714486329,T,TGT,F I,3,90.73
2025-11-06,9:44:55.916486390,T,TGT,I,7,90.73
2025-11-06,9:44:55.916492368,T,TGT,F I,7,90.73
2025-11-06,9:44:55.916504700,T,TGT,F I,3,90.73
2025-11-06,9:44:55.916507472,T,TGT,F I,7,90.74
2025-11-06,9:44:55.922491656,T,TGT,F I,17,90.74
2025-11-06,9:44:55.922494717,T,TGT,F I,25,90.74
2025-11-06,9:44:55.954394670,T,TGT,F I,63,90.75
2025-11-06,9:44:55.954436795,T,TGT,F I,37,90.75
2025-11-06,9:44:55.954439829,T,TGT,F I,25,90.76
2025-11-06,9:44:59.517090724,T,TGT,F I,4,90.7
2025-11-06,9:44:59.517126296,T,TGT,F,100,90.69
2025-11-06,9:44:59.517129893,T,TGT,F I,42,90.69
2025-11-06,9:44:59.517144407,T,TGT,F I,58,90.69
2025-11-06,9:44:59.517147397,T,TGT,F I,1,90.69
2025-11-06,9:44:59.524169124,T,TGT,F,100,90.69
2025-11-06,9:45:01.395710728,T,TGT,F I,95,90.65
2025-11-06,9:45:01.395725880,T,TGT,I,1,90.65
2025-11-06,9:45:01.395731762,T,TGT,F,1604,90.65
2025-11-06,9:45:04.199921263,T,TGT,I,8,90.66
2025-11-06,9:45:04.199951313,T,TGT,I,1,90.66
2025-11-06,9:45:05.609063466,T,TGT,F,100,90.67
2025-11-06,9:45:05.609066338,T,TGT,F I,63,90.67
2025-11-06,9:45:05.609069308,T,TGT,F I,2,90.67
2025-11-06,9:45:16.012567187,T,TGT,I,83,90.67
2025-11-06,9:45:16.012570042,T,TGT,I,63,90.67
2025-11-06,9:45:16.012588024,T,TGT,I,1,90.67
2025-11-06,9:45:16.012606067,T,TGT,I,60,90.68
2025-11-06,9:45:16.012609149,T,TGT,,200,90.68
2025-11-06,9:45:16.013015060,T,TGT,F,100,90.66
2025-11-06,9:45:16.013018199,T,TGT,F I,34,90.66
2025-11-06,9:45:16.013018199,T,TGT,F I,10,90.66
2025-11-06,9:45:16.013069187,T,TGT,,125,90.66
2025-11-06,9:45:16.013081210,T,TGT,I,68,90.66
2025-11-06,9:45:16.013081210,T,TGT,I,3,90.66
2025-11-06,9:45:16.013093323,T,TGT,F I,5,90.66
2025-11-06,9:45:16.013096561,T,TGT,F I,4,90.66
2025-11-06,9:45:16.013099238,T,TGT,F I,5,90.66
2025-11-06,9:45:16.013105437,T,TGT,F I,63,90.66
2025-11-06,9:45:16.013111373,T,TGT,I,23,90.66
2025-11-06,9:45:16.013168502,T,TGT,I,3,90.67
2025-11-06,9:45:16.013168502,T,TGT,I,7,90.67
2025-11-06,9:45:16.013339865,T,TGT,,100,90.68
2025-11-06,9:45:16.013343238,T,TGT,,100,90.68
2025-11-06,9:45:16.013346180,T,TGT,I,48,90.68
2025-11-06,9:45:16.013346180,T,TGT,I,40,90.68
2025-11-06,9:45:16.013436309,T,TGT,,100,90.67
2025-11-06,9:45:16.013442213,T,TGT,I,34,90.67
2025-11-06,9:45:16.013445752,T,TGT,I,6,90.67
2025-11-06,9:45:16.013448463,T,TGT,I,12,90.67
2025-11-06,9:45:16.013448463,T,TGT,I,6,90.67
2025-11-06,9:45:16.013451346,T,TGT,I,21,90.67
2025-11-06,9:45:16.013451346,T,TGT,I,48,90.66
2025-11-06,9:45:16.013475301,T,TGT,F I,18,90.67
2025-11-06,9:45:16.013550351,T,TGT,,100,90.67
2025-11-06,9:45:16.013604551,T,TGT,I,9,90.67
2025-11-06,9:45:16.013607494,T,TGT,I,16,90.67
2025-11-06,9:45:16.013718745,T,TGT,I,18,90.67
2025-11-06,9:45:16.013721763,T,TGT,I,80,90.67
2025-11-06,9:45:16.013803607,T,TGT,I,33,90.67
2025-11-06,9:45:16.013803607,T,TGT,I,29,90.67
2025-11-06,9:45:16.013806907,T,TGT,I,33,90.67
2025-11-06,9:45:16.013806907,T,TGT,I,33,90.67
2025-11-06,9:45:16.013811982,T,TGT,I,8,90.67
2025-11-06,9:45:16.013811982,T,TGT,I,11,90.67
2025-11-06,9:45:16.013811982,T,TGT,I,19,90.67
2025-11-06,9:45:16.015222407,T,TGT,F I,15,90.67
2025-11-06,9:45:16.015246452,T,TGT,I,1,90.67
2025-11-06,9:45:16.015610349,T,TGT,F I,3,90.67
2025-11-06,9:45:16.015610349,T,TGT,F I,6,90.67
2025-11-06,9:45:16.015637288,T,TGT,F,100,90.66
2025-11-06,9:45:16.015640358,T,TGT,F,100,90.66
2025-11-06,9:45:16.191872165,T,TGT,F I,5,90.65
2025-11-06,9:45:17.322554584,T,TGT,I,63,90.66
2025-11-06,9:45:17.322557164,T,TGT,I,54,90.66
2025-11-06,9:45:17.322574936,T,TGT,F I,9,90.66
2025-11-06,9:45:17.322578031,T,TGT,F I,7,90.66
2025-11-06,9:45:17.322578031,T,TGT,F I,19,90.66
2025-11-06,9:45:17.322583949,T,TGT,I,43,90.66
2025-11-06,9:45:17.322583949,T,TGT,I,57,90.66
2025-11-06,9:45:17.322586980,T,TGT,F I,13,90.66
2025-11-06,9:45:17.414612158,T,TGT,F I,64,90.67
2025-11-06,9:45:17.414651497,T,TGT,F I,63,90.67
2025-11-06,9:45:17.520428340,T,TGT,F I,7,90.66
2025-11-06,9:45:17.743322329,T,TGT,I,75,90.635
2025-11-06,9:45:19.296294100,T,TGT,I,65,90.62
2025-11-06,9:45:19.296294100,T,TGT,I,52,90.62
2025-11-06,9:45:23.646517791,T,TGT,F I,2,90.61
2025-11-06,9:45:23.646517791,T,TGT,F I,2,90.61
2025-11-06,9:45:23.646520701,T,TGT,F I,1,90.61
2025-11-06,9:45:23.646542230,T,TGT,F I,1,90.61
2025-11-06,9:45:23.646547782,T,TGT,F I,96,90.61
2025-11-06,9:45:23.646550781,T,TGT,F I,1,90.6
2025-11-06,9:45:23.646557702,T,TGT,F I,29,90.6
2025-11-06,9:45:23.646563449,T,TGT,F I,46,90.6
2025-11-06,9:45:23.646563449,T,TGT,F I,10,90.59
2025-11-06,9:45:23.646569099,T,TGT,F,100,90.59
2025-11-06,9:45:23.646569099,T,TGT,F I,4,90.59
2025-11-06,9:45:23.646575238,T,TGT,F I,6,90.59
2025-11-06,9:45:23.646758272,T,TGT,I,9,90.61
2025-11-06,9:45:23.646875583,T,TGT,,100,90.61
2025-11-06,9:45:23.646918032,T,TGT,I,95,90.61
2025-11-06,9:45:23.646926723,T,TGT,F,100,90.6
2025-11-06,9:45:23.646942353,T,TGT,I,45,90.62
2025-11-06,9:45:23.646944803,T,TGT,,100,90.62
2025-11-06,9:45:23.646948664,T,TGT,I,23,90.62
2025-11-06,9:45:23.646948664,T,TGT,I,66,90.62
2025-11-06,9:45:23.646953811,T,TGT,,108,90.61
2025-11-06,9:45:23.646953811,T,TGT,F I,53,90.61
2025-11-06,9:45:23.646959827,T,TGT,I,61,90.61
2025-11-06,9:45:23.646972223,T,TGT,I,75,90.61
2025-11-06,9:45:23.646975153,T,TGT,I,18,90.61
2025-11-06,9:45:23.646975153,T,TGT,I,40,90.62
2025-11-06,9:45:23.646978336,T,TGT,I,14,90.62
2025-11-06,9:45:23.647008132,T,TGT,,100,90.61
2025-11-06,9:45:23.647008132,T,TGT,I,11,90.61
2025-11-06,9:45:23.647029461,T,TGT,,153,90.61
2025-11-06,9:45:23.647041123,T,TGT,I,43,90.61
2025-11-06,9:45:23.647125189,T,TGT,I,20,90.61
2025-11-06,9:45:23.647398823,T,TGT,I,5,90.62
2025-11-06,9:45:23.647401832,T,TGT,I,68,90.62
2025-11-06,9:45:23.647465066,T,TGT,,100,90.62
2025-11-06,9:45:23.647465066,T,TGT,I,11,90.62
2025-11-06,9:45:23.647501124,T,TGT,I,89,90.62
2025-11-06,9:45:23.651175814,T,TGT,F I,3,90.61
2025-11-06,9:45:23.651184858,T,TGT,F I,2,90.61
2025-11-06,9:45:23.651184858,T,TGT,F I,1,90.61
2025-11-06,9:45:23.651239214,T,TGT,I,3,90.61
2025-11-06,9:45:23.651242094,T,TGT,I,5,90.61
2025-11-06,9:45:23.651242094,T,TGT,I,39,90.61
2025-11-06,9:45:24.379258383,T,TGT,F I,23,90.56
2025-11-06,9:45:24.379261441,T,TGT,F I,45,90.56
2025-11-06,9:45:24.944157225,T,TGT,I,16,90.56
2025-11-06,9:45:25.112663644,T,TGT,,100,90.565
2025-11-06,9:45:25.798820263,T,TGT,,100,90.57
2025-11-06,9:45:25.799421707,T,TGT,F I,56,90.58
2025-11-06,9:45:28.344120266,T,TGT,F I,72,90.58
2025-11-06,9:45:28.344123618,T,TGT,F I,65,90.58
2025-11-06,9:45:28.344126233,T,TGT,F I,79,90.58
2025-11-06,9:45:28.344126233,T,TGT,F I,74,90.58
2025-11-06,9:45:30.758027884,T,TGT,F I,56,90.64
2025-11-06,9:45:30.758030898,T,TGT,F I,32,90.64
2025-11-06,9:45:30.758042887,T,TGT,F I,1,90.64
2025-11-06,9:45:30.758046548,T,TGT,F I,10,90.64
2025-11-06,9:45:30.758397730,T,TGT,F,100,90.65
2025-11-06,9:45:30.758400804,T,TGT,F I,13,90.65
2025-11-06,9:45:30.758412940,T,TGT,F I,87,90.65
2025-11-06,9:45:30.758415744,T,TGT,F I,56,90.65
2025-11-06,9:45:30.758418797,T,TGT,F I,53,90.65
2025-11-06,9:45:30.758445846,T,TGT,F I,17,90.66
2025-11-06,9:45:30.959583033,T,TGT,F I,75,90.675
2025-11-06,9:45:30.959583033,T,TGT,F I,30,90.675
2025-11-06,9:45:30.959586118,T,TGT,F I,5,90.67
2025-11-06,9:45:33.789853915,T,TGT,F I,63,90.68
2025-11-06,9:45:33.789853915,T,TGT,F I,40,90.68
2025-11-06,9:45:33.789907913,T,TGT,F I,22,90.69
2025-11-06,9:45:36.047641488,T,TGT,F I,81,90.66
2025-11-06,9:45:36.048967682,T,TGT,I,20,90.66
2025-11-06,9:45:40.729167490,T,TGT,F,100,90.69
2025-11-06,9:45:40.729170520,T,TGT,F I,17,90.69
2025-11-06,9:45:40.729170520,T,TGT,F I,50,90.69
2025-11-06,9:45:59.785551355,T,TGT,F I,63,90.73
2025-11-06,9:45:59.785563389,T,TGT,F I,37,90.73
2025-11-06,9:45:59.785566525,T,TGT,F,100,90.74
2025-11-06,9:45:59.785566525,T,TGT,F I,24,90.74
2025-11-06,9:45:59.785566525,T,TGT,F I,6,90.74
2025-11-06,9:45:59.785581826,T,TGT,I,1,90.74
2025-11-06,9:45:59.785584377,T,TGT,F I,20,90.74
2025-11-06,9:45:59.787602182,T,TGT,I,70,90.73
2025-11-06,9:46:01.488803144,T,TGT,I,10,90.7
2025-11-06,9:46:08.844107007,T,TGT,I,63,90.685
2025-11-06,9:46:08.844158090,T,TGT,F I,37,90.685
2025-11-06,9:46:10.215181428,T,TGT,F I,2,90.66
2025-11-06,9:46:10.215181428,T,TGT,F I,10,90.66
2025-11-06,9:46:10.215313742,T,TGT,F I,10,90.64
2025-11-06,9:46:10.215313742,T,TGT,F I,40,90.64
2025-11-06,9:46:10.228439969,T,TGT,I,21,90.64
2025-11-06,9:46:11.496861870,T,TGT,F I,63,90.66
2025-11-06,9:46:11.620333088,T,TGT,I,10,90.67
2025-11-06,9:46:11.620336090,T,TGT,,100,90.67
2025-11-06,9:46:18.221566649,T,TGT,I,10,90.63
2025-11-06,9:46:18.696043009,T,TGT,F I,1,90.55
2025-11-06,9:46:23.540656489,T,TGT,F I,1,90.5
2025-11-06,9:46:23.540656489,T,TGT,F I,38,90.5
2025-11-06,9:46:23.540668509,T,TGT,F I,37,90.5
2025-11-06,9:46:23.540672446,T,TGT,F I,5,90.5
2025-11-06,9:46:23.540678598,T,TGT,F I,4,90.5
2025-11-06,9:46:23.540678598,T,TGT,F,100,90.5
2025-11-06,9:46:23.540683555,T,TGT,F I,1,90.5
2025-11-06,9:46:23.540683555,T,TGT,F I,1,90.5
2025-11-06,9:46:23.540686538,T,TGT,F,500,90.5
2025-11-06,9:46:23.540689776,T,TGT,F,150,90.5
2025-11-06,9:46:23.540689776,T,TGT,F,200,90.5
2025-11-06,9:46:23.545940504,T,TGT,F I,10,90.49
2025-11-06,9:46:23.545943662,T,TGT,F I,30,90.49
2025-11-06,9:46:23.545946174,T,TGT,F,100,90.5
2025-11-06,9:46:23.545946174,T,TGT,F I,38,90.51
2025-11-06,9:46:23.549238964,T,TGT,F I,30,90.5
2025-11-06,9:46:23.549238964,T,TGT,F I,26,90.51
2025-11-06,9:46:23.549258237,T,TGT,F I,36,90.51
2025-11-06,9:46:23.549258237,T,TGT,F,100,90.51
2025-11-06,9:46:23.549263393,T,TGT,F I,21,90.51
2025-11-06,9:46:23.549263393,T,TGT,F I,1,90.51
2025-11-06,9:46:23.549263393,T,TGT,F I,7,90.51
2025-11-06,9:46:23.549281098,T,TGT,F I,33,90.51
2025-11-06,9:46:23.549281098,T,TGT,F I,59,90.51
2025-11-06,9:46:23.549695999,T,TGT,F I,18,90.51
2025-11-06,9:46:23.549714644,T,TGT,F I,44,90.51
2025-11-06,9:46:23.549720062,T,TGT,F I,56,90.51
2025-11-06,9:46:23.549720062,T,TGT,F I,18,90.51
2025-11-06,9:46:23.550117404,T,TGT,I,6,90.5
2025-11-06,9:46:23.550120033,T,TGT,I,7,90.5
2025-11-06,9:46:23.550120033,T,TGT,I,75,90.5
2025-11-06,9:46:23.550168246,T,TGT,F I,6,90.51
2025-11-06,9:46:23.550171831,T,TGT,F I,7,90.51
2025-11-06,9:46:27.652971409,T,TGT,I,14,90.47
2025-11-06,9:46:30.474064229,T,TGT,F I,16,90.49
2025-11-06,9:46:30.475128829,T,TGT,,100,90.5
2025-11-06,9:46:30.475128829,T,TGT,I,10,90.5
2025-11-06,9:46:30.614775457,T,TGT,F I,15,90.53
2025-11-06,9:46:30.614787523,T,TGT,F I,15,90.53
2025-11-06,9:46:30.614790539,T,TGT,I,4,90.53
2025-11-06,9:46:30.614797263,T,TGT,I,4,90.53
2025-11-06,9:46:30.614797263,T,TGT,I,4,90.53
2025-11-06,9:46:30.614799576,T,TGT,I,3,90.53
2025-11-06,9:46:30.614802592,T,TGT,I,15,90.53
2025-11-06,9:46:31.005436248,T,TGT,,100,90.535
2025-11-06,9:46:36.733371033,T,TGT,F,100,90.49
2025-11-06,9:46:38.541867472,T,TGT,F I,1,90.45
2025-11-06,9:46:38.544005557,T,TGT,F I,7,90.46
2025-11-06,9:46:38.544008809,T,TGT,F I,50,90.46
2025-11-06,9:46:39.026496011,T,TGT,F,100,90.48
2025-11-06,9:46:39.026499046,T,TGT,F I,56,90.48
2025-11-06,9:46:39.026499046,T,TGT,F I,12,90.48
2025-11-06,9:46:53.724371309,T,TGT,I,81,90.54
2025-11-06,9:46:53.724395369,T,TGT,F I,19,90.54
2025-11-06,9:46:53.724395369,T,TGT,F I,50,90.54
2025-11-06,9:46:53.724756369,T,TGT,F I,19,90.55
2025-11-06,9:46:53.724759911,T,TGT,F I,6,90.55
2025-11-06,9:46:53.724762355,T,TGT,F I,2,90.55
2025-11-06,9:46:53.759588196,T,TGT,I,36,90.54
2025-11-06,9:46:55.052764917,T,TGT,F I,63,90.56
2025-11-06,9:46:55.818539266,T,TGT,F I,89,90.6
2025-11-06,9:46:55.818542659,T,TGT,F I,11,90.6
2025-11-06,9:46:55.818542659,T,TGT,F I,10,90.6
2025-11-06,9:46:55.818605491,T,TGT,I,10,90.61
2025-11-06,9:46:55.818617507,T,TGT,F I,32,90.61
2025-11-06,9:46:55.818620483,T,TGT,F I,3,90.61
2025-11-06,9:46:55.818623506,T,TGT,F I,1,90.61
2025-11-06,9:46:55.818665595,T,TGT,I,64,90.61
2025-11-06,9:46:55.818767859,T,TGT,I,3,90.6
2025-11-06,9:46:55.818770839,T,TGT,I,15,90.6
2025-11-06,9:46:55.818773901,T,TGT,I,3,90.6
2025-11-06,9:46:55.818797885,T,TGT,I,19,90.6
2025-11-06,9:46:55.818840024,T,TGT,F I,3,90.6
2025-11-06,9:46:55.818843005,T,TGT,F I,3,90.6
2025-11-06,9:46:55.818852036,T,TGT,F I,7,90.6
2025-11-06,9:46:55.819086547,T,TGT,,100,90.63
2025-11-06,9:46:55.819149766,T,TGT,I,13,90.63
2025-11-06,9:46:55.819209896,T,TGT,F,100,90.61
2025-11-06,9:46:55.819227981,T,TGT,I,1,90.61
2025-11-06,9:46:55.819245941,T,TGT,I,26,90.63
2025-11-06,9:46:55.819252018,T,TGT,I,10,90.63
2025-11-06,9:46:55.819258043,T,TGT,I,1,90.61
2025-11-06,9:46:55.819267245,T,TGT,I,25,90.61
2025-11-06,9:46:55.819270059,T,TGT,I,27,90.61
2025-11-06,9:46:55.819327166,T,TGT,,100,90.63
2025-11-06,9:46:55.819327166,T,TGT,I,40,90.63
2025-11-06,9:46:55.819619435,T,TGT,,104,90.64
2025-11-06,9:46:55.819619435,T,TGT,I,40,90.65
2025-11-06,9:46:55.819622922,T,TGT,I,26,90.65
2025-11-06,9:46:55.819622922,T,TGT,I,23,90.65
2025-11-06,9:46:55.819664794,T,TGT,I,10,90.63
2025-11-06,9:46:55.819664794,T,TGT,I,17,90.61
2025-11-06,9:46:55.819748637,T,TGT,I,7,90.64
2025-11-06,9:46:55.819913596,T,TGT,F I,1,90.63
2025-11-06,9:46:55.820036804,T,TGT,I,6,90.63
2025-11-06,9:46:55.820127104,T,TGT,I,11,90.62
2025-11-06,9:46:55.820331611,T,TGT,I,76,90.64
2025-11-06,9:46:56.575118520,T,TGT,F I,2,90.63
2025-11-06,9:46:56.575118520,T,TGT,F I,1,90.63
2025-11-06,9:46:56.575121216,T,TGT,F I,34,90.63
2025-11-06,9:46:56.575138737,T,TGT,F I,10,90.64
2025-11-06,9:46:56.575162967,T,TGT,I,10,90.64
2025-11-06,9:46:56.575208116,T,TGT,F I,2,90.65
2025-11-06,9:46:56.575208116,T,TGT,F I,10,90.65
2025-11-06,9:46:56.575310172,T,TGT,F I,2,90.64
2025-11-06,9:46:56.665537105,T,TGT,F I,50,90.66
2025-11-06,9:47:01.335615169,T,TGT,I,60,90.62
2025-11-06,9:47:01.335617902,T,TGT,I,2,90.62
2025-11-06,9:47:01.335669049,T,TGT,F I,10,90.63
2025-11-06,9:47:01.336216280,T,TGT,I,2,90.64
2025-11-06,9:47:01.336219308,T,TGT,,200,90.64
2025-11-06,9:47:01.336249346,T,TGT,I,26,90.65
2025-11-06,9:47:06.295381609,T,TGT,F I,16,90.62
2025-11-06,9:47:13.475082106,T,TGT,F,100,90.66
2025-11-06,9:47:13.475085453,T,TGT,F,100,90.66
2025-11-06,9:47:13.475085453,T,TGT,F I,19,90.66
2025-11-06,9:47:13.475088176,T,TGT,F I,2,90.66
2025-11-06,9:47:16.007541367,T,TGT,I,72,90.64
2025-11-06,9:47:16.007559433,T,TGT,I,1,90.64
2025-11-06,9:47:16.007562417,T,TGT,F I,27,90.64
2025-11-06,9:47:16.007829991,T,TGT,F I,50,90.65
2025-11-06,9:47:16.007896150,T,TGT,F I,50,90.66
2025-11-06,9:47:16.007941243,T,TGT,I,40,90.66
2025-11-06,9:47:16.007971404,T,TGT,I,17,90.66
2025-11-06,9:47:16.008067568,T,TGT,F I,19,90.67
2025-11-06,9:47:16.008070737,T,TGT,F I,38,90.67
2025-11-06,9:47:16.008070737,T,TGT,F I,40,90.67
2025-11-06,9:47:16.008765815,T,TGT,F I,17,90.69
2025-11-06,9:47:16.014087956,T,TGT,F I,17,90.69
2025-11-06,9:47:16.014090918,T,TGT,F I,75,90.69
2025-11-06,9:47:16.014093883,T,TGT,F,200,90.69
2025-11-06,9:47:26.581491252,T,TGT,F I,10,90.66
2025-11-06,9:47:26.581491252,T,TGT,F I,1,90.66
2025-11-06,9:47:26.581569414,T,TGT,F I,10,90.66
2025-11-06,9:47:26.581632478,T,TGT,I,27,90.64
2025-11-06,9:47:26.581650623,T,TGT,I,19,90.65
2025-11-06,9:47:26.581662563,T,TGT,I,38,90.65
2025-11-06,9:47:26.625699572,T,TGT,F I,10,90.62
2025-11-06,9:47:26.625702620,T,TGT,F I,19,90.62
2025-11-06,9:47:26.625705551,T,TGT,F I,37,90.62
2025-11-06,9:47:26.625705551,T,TGT,F I,1,90.62
2025-11-06,9:47:26.625711502,T,TGT,F I,41,90.62
2025-11-06,9:47:26.625717589,T,TGT,F I,34,90.62
2025-11-06,9:47:29.641301743,T,TGT,I,1,90.64
2025-11-06,9:47:29.641301743,T,TGT,I,49,90.64
2025-11-06,9:47:29.641319854,T,TGT,F I,51,90.64
2025-11-06,9:47:39.428709743,T,TGT,F,100,90.61
2025-11-06,9:47:39.428709743,T,TGT,F I,10,90.61
2025-11-06,9:47:39.430047951,T,TGT,,800,90.6
2025-11-06,9:47:39.430078116,T,TGT,I,13,90.6
2025-11-06,9:47:39.430078116,T,TGT,I,13,90.6
2025-11-06,9:47:39.430081083,T,TGT,I,12,90.6
2025-11-06,9:47:39.430084089,T,TGT,I,8,90.6
2025-11-06,9:47:39.814480841,T,TGT,F I,9,90.59
2025-11-06,9:47:48.840907896,T,TGT,F,127,90.61
2025-11-06,9:47:48.840907896,T,TGT,F I,73,90.62
2025-11-06,9:47:48.840920299,T,TGT,F I,27,90.62
2025-11-06,9:47:48.840923057,T,TGT,F I,13,90.62
2025-11-06,9:47:48.840925937,T,TGT,F I,60,90.62
2025-11-06,9:47:48.840928987,T,TGT,I,1,90.62
2025-11-06,9:47:48.844853251,T,TGT,F I,39,90.59
2025-11-06,9:47:48.844865338,T,TGT,F I,75,90.58
2025-11-06,9:47:48.845292302,T,TGT,F I,34,90.61
2025-11-06,9:47:48.845295437,T,TGT,F I,43,90.61
2025-11-06,9:47:48.845295437,T,TGT,F I,23,90.61
2025-11-06,9:47:48.845337768,T,TGT,F I,4,90.59
2025-11-06,9:47:48.845346466,T,TGT,F I,23,90.59
2025-11-06,9:47:48.848682293,T,TGT,F I,34,90.58
2025-11-06,9:47:48.848684484,T,TGT,F I,2,90.58
2025-11-06,9:47:48.848687465,T,TGT,F,100,90.59
2025-11-06,9:47:48.848780711,T,TGT,F I,2,90.6
2025-11-06,9:47:48.848780711,T,TGT,F I,2,90.61
2025-11-06,9:47:48.848784365,T,TGT,F I,39,90.62
2025-11-06,9:47:48.848784365,T,TGT,F I,7,90.62
2025-11-06,9:47:48.848786739,T,TGT,F I,10,90.62
2025-11-06,9:47:48.848789665,T,TGT,F I,4,90.62
2025-11-06,9:47:48.848843787,T,TGT,I,1,90.6
2025-11-06,9:47:48.848862611,T,TGT,F I,10,90.6
2025-11-06,9:47:48.848876959,T,TGT,F I,34,90.6
2025-11-06,9:47:48.848888888,T,TGT,,100,90.59
2025-11-06,9:47:48.848925071,T,TGT,F,100,90.58
2025-11-06,9:47:48.848925071,T,TGT,F I,10,90.58
2025-11-06,9:47:48.854049175,T,TGT,F I,11,90.59
2025-11-06,9:47:48.854052214,T,TGT,F,100,90.59
2025-11-06,9:47:48.854058527,T,TGT,F,100,90.59
2025-11-06,9:47:48.854058527,T,TGT,F I,12,90.59
2025-11-06,9:47:48.854061192,T,TGT,F I,40,90.59
2025-11-06,9:47:48.854064556,T,TGT,F I,60,90.59
2025-11-06,9:47:48.854064556,T,TGT,F I,2,90.59
2025-11-06,9:47:48.854067822,T,TGT,F I,40,90.59
2025-11-06,9:47:48.854070217,T,TGT,F I,35,90.59
2025-11-06,9:47:48.856054914,T,TGT,F I,5,90.59
2025-11-06,9:47:48.859230497,T,TGT,F I,45,90.6
2025-11-06,9:47:48.859233811,T,TGT,F I,40,90.61
2025-11-06,9:47:48.859236505,T,TGT,F I,15,90.61
2025-11-06,9:47:48.862553471,T,TGT,F,100,90.63
2025-11-06,9:47:48.867753076,T,TGT,F I,40,90.64
2025-11-06,9:47:48.867755901,T,TGT,F I,40,90.64
2025-11-06,9:47:48.867755901,T,TGT,F I,20,90.65
2025-11-06,9:47:48.872640052,T,TGT,F I,38,90.66
2025-11-06,9:47:48.872640052,T,TGT,F I,40,90.66
2025-11-06,9:47:48.872642777,T,TGT,F I,22,90.67
2025-11-06,9:47:48.872723728,T,TGT,F I,34,90.64
2025-11-06,9:47:48.876398390,T,TGT,F I,6,90.65
2025-11-06,9:47:48.876401545,T,TGT,F I,28,90.65
2025-11-06,9:47:48.876404425,T,TGT,F I,4,90.65
2025-11-06,9:47:48.876408177,T,TGT,F I,6,90.65
2025-11-06,9:47:48.876408177,T,TGT,F I,2,90.65
2025-11-06,9:47:48.876413565,T,TGT,F I,75,90.65
2025-11-06,9:47:48.876413565,T,TGT,F,100,90.65
2025-11-06,9:47:48.876413565,T,TGT,F,100,90.65
2025-11-06,9:47:48.876420216,T,TGT,F,100,90.65
2025-11-06,9:47:48.876420216,T,TGT,F I,20,90.65
2025-11-06,9:47:48.876420216,T,TGT,F,100,90.65
2025-11-06,9:47:48.876422507,T,TGT,F I,80,90.65
2025-11-06,9:47:48.876426668,T,TGT,F I,20,90.65
2025-11-06,9:47:48.876426668,T,TGT,F,100,90.65
2025-11-06,9:47:48.876431809,T,TGT,F,200,90.65
2025-11-06,9:47:48.876431809,T,TGT,F I,75,90.65
2025-11-06,9:47:48.876431809,T,TGT,F,100,90.65
2025-11-06,9:47:48.876431809,T,TGT,F I,20,90.65
2025-11-06,9:47:48.876437475,T,TGT,F I,50,90.65
2025-11-06,9:47:48.876437475,T,TGT,F,100,90.65
2025-11-06,9:47:48.876437475,T,TGT,F I,14,90.65
2025-11-06,9:47:48.876440541,T,TGT,F I,44,90.65
2025-11-06,9:47:48.876440541,T,TGT,F I,10,90.65
2025-11-06,9:47:48.876443573,T,TGT,F I,20,90.65
2025-11-06,9:47:48.885711661,T,TGT,F I,75,90.66
2025-11-06,9:47:48.885711661,T,TGT,F I,10,90.68
2025-11-06,9:47:48.885714630,T,TGT,F I,15,90.68
2025-11-06,9:47:48.885723715,T,TGT,F I,25,90.68
2025-11-06,9:47:48.885726680,T,TGT,F I,75,90.69
2025-11-06,9:47:48.886273914,T,TGT,I,4,90.66
2025-11-06,9:47:48.889663328,T,TGT,F I,7,90.67
2025-11-06,9:47:48.889663328,T,TGT,F I,2,90.67
2025-11-06,9:47:48.889666079,T,TGT,F I,4,90.67
2025-11-06,9:47:48.889666079,T,TGT,F I,28,90.67
2025-11-06,9:47:48.893494586,T,TGT,F I,7,90.66
2025-11-06,9:47:48.893497263,T,TGT,F I,17,90.65
2025-11-06,9:47:48.893497263,T,TGT,F I,34,90.65
2025-11-06,9:47:48.901716401,T,TGT,I,40,90.62
2025-11-06,9:47:48.901730828,T,TGT,I,40,90.62
2025-11-06,9:47:50.520929273,T,TGT,F I,50,90.6
2025-11-06,9:47:51.404479364,T,TGT,I,70,90.6
2025-11-06,9:47:51.404479364,T,TGT,I,75,90.6
2025-11-06,9:47:51.404482781,T,TGT,I,30,90.595
2025-11-06,9:47:51.404485163,T,TGT,,125,90.595
2025-11-06,9:48:00.145186594,T,TGT,F I,13,90.62
2025-11-06,9:48:00.145189715,T,TGT,F I,34,90.62
2025-11-06,9:48:00.145193177,T,TGT,F I,17,90.62
2025-11-06,9:48:04.009121710,T,TGT,I,13,90.58
2025-11-06,9:48:04.009419415,T,TGT,I,4,90.57
2025-11-06,9:48:04.009437447,T,TGT,F I,36,90.57
2025-11-06,9:48:04.009497708,T,TGT,F I,10,90.57
2025-11-06,9:48:04.009918583,T,TGT,F I,67,90.57
2025-11-06,9:48:04.009939694,T,TGT,I,1,90.57
2025-11-06,9:48:04.010529088,T,TGT,F I,5,90.56
2025-11-06,9:48:04.010532230,T,TGT,F I,50,90.56
2025-11-06,9:48:04.010532230,T,TGT,F I,1,90.56
2025-11-06,9:48:04.012691193,T,TGT,F I,2,90.56
2025-11-06,9:48:04.012742307,T,TGT,F I,1,90.57
2025-11-06,9:48:06.328282796,T,TGT,F I,2,90.6
2025-11-06,9:48:06.328306793,T,TGT,F I,2,90.61
2025-11-06,9:48:06.328779004,T,TGT,F I,13,90.62
2025-11-06,9:48:06.382892941,T,TGT,,100,90.63
2025-11-06,9:48:07.328429584,T,TGT,F I,63,90.61
2025-11-06,9:48:07.328432561,T,TGT,F I,37,90.61
2025-11-06,9:48:07.358943196,T,TGT,I,10,90.61
2025-11-06,9:48:28.567951302,T,TGT,F I,63,90.6
2025-11-06,9:48:28.567999432,T,TGT,F I,5,90.6
2025-11-06,9:48:29.338570190,T,TGT,F I,24,90.62
2025-11-06,9:48:29.338585219,T,TGT,F I,76,90.62
2025-11-06,9:48:29.349302765,T,TGT,F I,63,90.625
2025-11-06,9:48:30.218674120,T,TGT,,100,90.59
2025-11-06,9:48:30.218674120,T,TGT,I,9,90.59
2025-11-06,9:48:30.218677018,T,TGT,I,10,90.59
2025-11-06,9:48:30.219738605,T,TGT,I,9,90.58
2025-11-06,9:48:31.104641654,T,TGT,F I,11,90.55
2025-11-06,9:48:31.104644721,T,TGT,F I,40,90.55
2025-11-06,9:48:31.104647744,T,TGT,F I,10,90.54
2025-11-06,9:48:31.104647744,T,TGT,F I,37,90.54
2025-11-06,9:48:31.198447670,T,TGT,I,9,90.54
2025-11-06,9:48:33.606334528,T,TGT,I,1,90.53
2025-11-06,9:48:35.232777326,T,TGT,,100,90.54
2025-11-06,9:48:35.232777326,T,TGT,I,7,90.54
2025-11-06,9:48:35.232780382,T,TGT,I,1,90.54
2025-11-06,9:48:36.238559415,T,TGT,F I,7,90.53
2025-11-06,9:48:36.239410482,T,TGT,F I,2,90.51
2025-11-06,9:48:36.239425532,T,TGT,F I,1,90.51
2025-11-06,9:48:36.239449605,T,TGT,F I,3,90.51
2025-11-06,9:48:36.239455585,T,TGT,F I,1,90.51
2025-11-06,9:48:37.395929599,T,TGT,,100,90.5
2025-11-06,9:48:37.395932680,T,TGT,I,70,90.5
2025-11-06,9:48:37.395947704,T,TGT,F I,1,90.5
2025-11-06,9:48:37.395950762,T,TGT,F I,5,90.5
2025-11-06,9:48:37.396720522,T,TGT,I,34,90.5
2025-11-06,9:48:37.396720522,T,TGT,I,10,90.5
2025-11-06,9:48:41.553667879,T,TGT,I,6,90.485
2025-11-06,9:48:41.584022224,T,TGT,I,21,90.49
2025-11-06,9:48:43.330604644,T,TGT,F I,2,90.48
2025-11-06,9:48:43.330604644,T,TGT,F I,1,90.48
2025-11-06,9:48:43.330613182,T,TGT,F I,6,90.48
2025-11-06,9:48:43.330613182,T,TGT,F I,10,90.48
2025-11-06,9:48:44.347726272,T,TGT,F I,25,90.45
2025-11-06,9:48:44.347729228,T,TGT,F I,10,90.45
2025-11-06,9:48:47.692264163,T,TGT,F I,37,90.49
2025-11-06,9:48:48.289306485,T,TGT,F I,14,90.53
2025-11-06,9:48:48.733233289,T,TGT,F,100,90.55
2025-11-06,9:48:48.733233289,T,TGT,F I,11,90.55
2025-11-06,9:48:48.753844142,T,TGT,F,100,90.55
2025-11-06,9:48:48.983296840,T,TGT,,100,90.56
2025-11-06,9:48:48.983299740,T,TGT,I,11,90.56
2025-11-06,9:48:48.983916286,T,TGT,F I,5,90.58
2025-11-06,9:48:48.983919290,T,TGT,F I,47,90.58
2025-11-06,9:48:49.453731663,T,TGT,F,100,90.6
2025-11-06,9:48:49.453734511,T,TGT,F I,10,90.6
2025-11-06,9:48:49.454008122,T,TGT,I,29,90.59
2025-11-06,9:48:50.746571475,T,TGT,F I,28,90.6
2025-11-06,9:48:51.754624088,T,TGT,F I,2,90.62
2025-11-06,9:48:54.526336097,T,TGT,F I,27,90.61
2025-11-06,9:48:54.813418045,T,TGT,F I,2,90.62
2025-11-06,9:48:57.735259756,T,TGT,I,13,90.62
2025-11-06,9:48:57.735364994,T,TGT,F,100,90.63
2025-11-06,9:48:57.735364994,T,TGT,F I,12,90.63
2025-11-06,9:48:57.735368043,T,TGT,F I,1,90.63
2025-11-06,9:48:57.735713834,T,TGT,F I,1,90.65
2025-11-06,9:48:57.735823008,T,TGT,F I,1,90.66
2025-11-06,9:48:57.735823008,T,TGT,F I,10,90.66
2025-11-06,9:48:57.735823008,T,TGT,F I,2,90.66
2025-11-06,9:48:57.735855193,T,TGT,I,1,90.66
2025-11-06,9:48:57.735867190,T,TGT,I,4,90.66
2025-11-06,9:48:57.735867190,T,TGT,F I,25,90.66
2025-11-06,9:48:57.735924355,T,TGT,F I,1,90.66
2025-11-06,9:48:57.736262195,T,TGT,I,10,90.66
2025-11-06,9:48:57.736262195,T,TGT,I,15,90.66
2025-11-06,9:48:57.736265423,T,TGT,I,1,90.66
2025-11-06,9:48:57.736265423,T,TGT,,300,90.66
2025-11-06,9:48:57.737869936,T,TGT,I,28,90.66
2025-11-06,9:48:57.737869936,T,TGT,I,1,90.66
2025-11-06,9:48:57.738155670,T,TGT,F I,63,90.66
2025-11-06,9:48:57.738161650,T,TGT,I,7,90.66
2025-11-06,9:48:57.739292358,T,TGT,F I,10,90.65
2025-11-06,9:48:57.739295341,T,TGT,F I,5,90.65
2025-11-06,9:48:57.739295341,T,TGT,F I,18,90.65
2025-11-06,9:49:00.855264728,T,TGT,F,100,90.58
2025-11-06,9:49:00.855267666,T,TGT,F I,10,90.58
2025-11-06,9:49:22.093818256,T,TGT,I,6,90.54
2025-11-06,9:49:22.094642213,T,TGT,I,22,90.54
2025-11-06,9:49:26.398159513,T,TGT,I,70,90.56
2025-11-06,9:49:26.398161780,T,TGT,,127,90.56
2025-11-06,9:49:26.401634894,T,TGT,F I,13,90.57
2025-11-06,9:49:26.401711123,T,TGT,,100,90.58
2025-11-06,9:49:26.401711123,T,TGT,I,59,90.58
2025-11-06,9:49:26.401714119,T,TGT,,100,90.58
2025-11-06,9:49:26.401719166,T,TGT,I,12,90.58
2025-11-06,9:49:26.401719166,T,TGT,I,26,90.58
2025-11-06,9:49:26.418198353,T,TGT,F I,63,90.6
2025-11-06,9:49:26.443332300,T,TGT,I,50,90.6
2025-11-06,9:49:26.443353402,T,TGT,F I,25,90.6
2025-11-06,9:49:27.439386202,T,TGT,,1395,90.58
2025-11-06,9:49:27.439404306,T,TGT,F,1516,90.58
2025-11-06,9:49:29.280928361,T,TGT,I,1,90.55
2025-11-06,9:49:29.281021631,T,TGT,I,4,90.55
2025-11-06,9:49:29.281063763,T,TGT,F I,78,90.56
2025-11-06,9:49:29.281072799,T,TGT,F I,22,90.56
2025-11-06,9:49:37.505092144,T,TGT,,100,90.55
2025-11-06,9:49:40.617149179,T,TGT,F I,5,90.53
2025-11-06,9:49:41.077302443,T,TGT,F I,87,90.5
2025-11-06,9:49:41.077323441,T,TGT,F I,13,90.5
2025-11-06,9:49:42.087529764,T,TGT,F I,10,90.45
2025-11-06,9:49:42.087529764,T,TGT,F I,20,90.44
2025-11-06,9:49:42.087532271,T,TGT,F I,60,90.43
2025-11-06,9:49:42.087535989,T,TGT,F I,10,90.43
2025-11-06,9:49:42.087535989,T,TGT,F I,19,90.43
2025-11-06,9:49:42.087541648,T,TGT,F I,40,90.43
2025-11-06,9:49:42.087541648,T,TGT,F I,10,90.42
2025-11-06,9:49:42.087541648,T,TGT,F I,40,90.42
2025-11-06,9:49:42.088945542,T,TGT,F I,4,90.4
2025-11-06,9:49:42.088963801,T,TGT,I,18,90.4
2025-11-06,9:49:42.088966582,T,TGT,I,17,90.4
2025-11-06,9:49:42.088969749,T,TGT,I,16,90.4
2025-11-06,9:49:42.088969749,T,TGT,I,10,90.4
2025-11-06,9:49:42.088972516,T,TGT,F I,6,90.4
2025-11-06,9:49:42.088975575,T,TGT,F I,2,90.4
2025-11-06,9:49:42.089180021,T,TGT,F I,27,90.4
2025-11-06,9:49:42.089180021,T,TGT,F I,2,90.4
2025-11-06,9:49:42.089183644,T,TGT,F I,10,90.4
2025-11-06,9:49:42.089183644,T,TGT,F I,25,90.4
2025-11-06,9:49:42.089186627,T,TGT,F I,1,90.4
2025-11-06,9:49:42.089189000,T,TGT,F,103,90.4
2025-11-06,9:49:42.089192058,T,TGT,F,168,90.4
2025-11-06,9:49:42.089198455,T,TGT,F I,32,90.4
2025-11-06,9:49:42.089201117,T,TGT,F,326,90.4
2025-11-06,9:49:42.089207100,T,TGT,F,371,90.4
2025-11-06,9:49:42.089210052,T,TGT,F I,64,90.4
2025-11-06,9:49:42.089492932,T,TGT,F I,1,90.39
2025-11-06,9:49:42.089520031,T,TGT,F I,2,90.39
2025-11-06,9:49:42.089520031,T,TGT,F I,9,90.39
2025-11-06,9:49:44.858466042,T,TGT,F I,40,90.37
2025-11-06,9:49:44.979413537,T,TGT,F I,1,90.38
2025-11-06,9:49:44.979440609,T,TGT,I,1,90.38
2025-11-06,9:49:45.098779922,T,TGT,I,25,90.36
2025-11-06,9:49:46.884536251,T,TGT,F I,5,90.35
2025-11-06,9:49:46.884536251,T,TGT,F I,4,90.35
2025-11-06,9:49:46.892222640,T,TGT,F I,7,90.36
2025-11-06,9:49:46.892222640,T,TGT,F I,20,90.36
2025-11-06,9:49:46.892225525,T,TGT,F,111,90.36
2025-11-06,9:49:47.764979769,T,TGT,I,7,90.35
2025-11-06,9:49:47.764979769,T,TGT,I,3,90.35
2025-11-06,9:49:47.764982738,T,TGT,I,8,90.35
2025-11-06,9:49:47.765073009,T,TGT,F I,18,90.345
2025-11-06,9:49:50.005250933,T,TGT,I,26,90.345
2025-11-06,9:49:54.601812435,T,TGT,F I,14,90.35
2025-11-06,9:49:54.601815450,T,TGT,F I,64,90.35
2025-11-06,9:49:54.601827620,T,TGT,F I,2,90.35
2025-11-06,9:49:54.601830498,T,TGT,F I,34,90.35
2025-11-06,9:49:54.601833514,T,TGT,F,100,90.35
2025-11-06,9:49:54.618309699,T,TGT,F I,60,90.36
2025-11-06,9:49:54.691726979,T,TGT,F,100,90.37
2025-11-06,9:49:54.691726979,T,TGT,F I,1,90.37
2025-11-06,9:49:54.691729665,T,TGT,F,109,90.37
2025-11-06,9:49:54.708205855,T,TGT,F I,60,90.38
2025-11-06,9:49:54.708260031,T,TGT,F I,18,90.39
2025-11-06,9:50:00.255262780,T,TGT,I,14,90.38
2025-11-06,9:50:00.255542491,T,TGT,I,6,90.39
2025-11-06,9:50:00.565325509,T,TGT,F I,8,90.39
2025-11-06,9:50:00.565490891,T,TGT,F I,23,90.4
2025-11-06,9:50:00.565542050,T,TGT,,100,90.41
2025-11-06,9:50:00.565542050,T,TGT,,100,90.41
2025-11-06,9:50:00.573544118,T,TGT,I,30,90.435
2025-11-06,9:50:00.746825920,T,TGT,I,63,90.445
2025-11-06,9:50:00.746877066,T,TGT,I,37,90.445
2025-11-06,9:50:02.633734104,T,TGT,I,63,90.435
2025-11-06,9:50:04.889005065,T,TGT,F I,60,90.43
2025-11-06,9:50:07.444023931,T,TGT,I,19,90.42
2025-11-06,9:50:07.444670563,T,TGT,I,10,90.39
2025-11-06,9:50:07.444673449,T,TGT,I,10,90.39
2025-11-06,9:50:13.487503764,T,TGT,F,100,90.35
2025-11-06,9:50:13.487506758,T,TGT,F I,10,90.35
2025-11-06,9:50:13.487648060,T,TGT,F I,10,90.33
2025-11-06,9:50:13.492624944,T,TGT,F I,1,90.32
2025-11-06,9:50:13.492627914,T,TGT,F I,4,90.32
2025-11-06,9:50:13.855806455,T,TGT,F I,6,90.3
2025-11-06,9:50:13.855806455,T,TGT,F I,5,90.3
2025-11-06,9:50:13.855809188,T,TGT,F I,15,90.3
2025-11-06,9:50:14.963131880,T,TGT,F I,10,90.26
2025-11-06,9:50:14.963131880,T,TGT,F I,57,90.26
2025-11-06,9:50:14.963134310,T,TGT,F I,32,90.25
2025-11-06,9:50:14.963188406,T,TGT,F I,43,90.25
2025-11-06,9:50:14.963191341,T,TGT,F I,10,90.25
2025-11-06,9:50:14.963194421,T,TGT,F,363,90.25
2025-11-06,9:50:14.963197911,T,TGT,F,427,90.25
2025-11-06,9:50:14.963209474,T,TGT,F,310,90.25
2025-11-06,9:50:14.963212403,T,TGT,F I,10,90.25
2025-11-06,9:50:15.010367821,T,TGT,F I,80,90.25
2025-11-06,9:50:15.010371014,T,TGT,F I,1,90.25
2025-11-06,9:50:15.010373808,T,TGT,F I,14,90.25
2025-11-06,9:50:15.013678625,T,TGT,F I,23,90.27
2025-11-06,9:50:15.013682416,T,TGT,F,100,90.27
2025-11-06,9:50:15.419823521,T,TGT,I,29,90.27
2025-11-06,9:50:15.419823521,T,TGT,I,2,90.27
2025-11-06,9:50:15.468647633,T,TGT,I,2,90.26
2025-11-06,9:50:15.468650578,T,TGT,I,29,90.26
2025-11-06,9:50:15.472451650,T,TGT,I,2,90.25
2025-11-06,9:50:15.472451650,T,TGT,I,29,90.25
2025-11-06,9:50:20.547823552,T,TGT,F I,28,90.23
2025-11-06,9:50:20.547901229,T,TGT,I,1,90.22
2025-11-06,9:50:20.547901229,T,TGT,I,8,90.22
2025-11-06,9:50:23.741915423,T,TGT,F I,2,90.13
2025-11-06,9:50:25.158133902,T,TGT,I,1,90.11
2025-11-06,9:50:25.158136357,T,TGT,I,5,90.11
2025-11-06,9:50:25.158136357,T,TGT,I,15,90.11
2025-11-06,9:50:25.158145424,T,TGT,I,21,90.11
2025-11-06,9:50:25.158734763,T,TGT,F I,2,90.1
2025-11-06,9:50:30.287889162,T,TGT,F I,12,90.08
2025-11-06,9:50:31.006081212,T,TGT,F I,10,90.06
2025-11-06,9:50:31.023643023,T,TGT,F I,38,90.02
2025-11-06,9:50:34.129625431,T,TGT,F,100,90.04
2025-11-06,9:50:34.129977438,T,TGT,F I,1,90.06
2025-11-06,9:50:34.130440612,T,TGT,I,72,90.06
2025-11-06,9:50:34.130443815,T,TGT,F I,63,90.06
2025-11-06,9:50:35.663092626,T,TGT,F,100,90.09
2025-11-06,9:50:35.663092626,T,TGT,F,200,90.09
2025-11-06,9:50:35.663104559,T,TGT,F,200,90.09
2025-11-06,9:50:35.663104559,T,TGT,F,100,90.09
2025-11-06,9:50:35.663108749,T,TGT,I,1,90.09
2025-11-06,9:50:35.663114058,T,TGT,I,72,90.09
2025-11-06,9:50:35.663114058,T,TGT,,100,90.09
2025-11-06,9:50:35.663116601,T,TGT,F I,27,90.09
2025-11-06,9:50:35.900475484,T,TGT,F I,75,90.075
2025-11-06,9:50:35.900478099,T,TGT,F I,10,90.07
2025-11-06,9:50:35.900481061,T,TGT,F I,15,90.07
2025-11-06,9:50:35.900496069,T,TGT,I,10,90.07
2025-11-06,9:50:35.900505123,T,TGT,I,45,90.07
2025-11-06,9:50:35.900911167,T,TGT,F I,55,90.07
2025-11-06,9:50:37.453070864,T,TGT,I,22,90.065
2025-11-06,9:50:37.485027959,T,TGT,F I,63,90.04
2025-11-06,9:50:37.485082159,T,TGT,F I,37,90.04
2025-11-06,9:50:40.250867804,T,TGT,F I,10,90.02
2025-11-06,9:50:40.250867804,T,TGT,F I,73,90.02
2025-11-06,9:50:40.250870353,T,TGT,F I,27,90.02
2025-11-06,9:50:40.251490402,T,TGT,F I,1,90.01
2025-11-06,9:50:40.251492718,T,TGT,F I,1,90.01
2025-11-06,9:50:47.064018394,T,TGT,,100,90.07
2025-11-06,9:50:47.064018394,T,TGT,I,59,90.07
2025-11-06,9:50:47.064021445,T,TGT,,600,90.07
2025-11-06,9:50:47.611508779,T,TGT,,100,90.055
2025-11-06,9:51:03.069065918,T,TGT,F,100,90.09
2025-11-06,9:51:03.069069760,T,TGT,F,200,90.09
2025-11-06,9:51:03.069069760,T,TGT,F I,13,90.09
2025-11-06,9:51:03.069072800,T,TGT,F,100,90.09
2025-11-06,9:51:03.069075151,T,TGT,F I,1,90.09
2025-11-06,9:51:03.069075151,T,TGT,F I,11,90.09
2025-11-06,9:51:03.069077954,T,TGT,F I,26,90.09
2025-11-06,9:51:03.069090047,T,TGT,,100,90.09
2025-11-06,9:51:03.069093681,T,TGT,I,1,90.09
2025-11-06,9:51:03.069096619,T,TGT,I,1,90.09
2025-11-06,9:51:03.069096619,T,TGT,I,98,90.09
2025-11-06,9:51:03.069099843,T,TGT,I,40,90.09
2025-11-06,9:51:03.069099843,T,TGT,I,16,90.09
2025-11-06,9:51:03.069102101,T,TGT,F,138,90.09
2025-11-06,9:51:03.069104964,T,TGT,,138,90.09
2025-11-06,9:51:03.069111034,T,TGT,,136,90.09
2025-11-06,9:51:03.069117121,T,TGT,F I,32,90.09
2025-11-06,9:51:03.069117121,T,TGT,F,129,90.09
2025-11-06,9:51:03.587395701,T,TGT,F I,63,90.1
2025-11-06,9:51:03.587440899,T,TGT,F I,37,90.1
2025-11-06,9:51:04.558667586,T,TGT,F,100,90.11
2025-11-06,9:51:04.788147262,T,TGT,F I,63,90.1
2025-11-06,9:51:04.788201406,T,TGT,F I,37,90.1
2025-11-06,9:51:04.788276586,T,TGT,I,84,90.11
2025-11-06,9:51:04.788487118,T,TGT,F,100,90.1
2025-11-06,9:51:04.788490067,T,TGT,F I,10,90.1
2025-11-06,9:51:06.261660775,T,TGT,F I,3,90.05
2025-11-06,9:51:06.261681766,T,TGT,I,3,90.05
2025-11-06,9:51:06.261684760,T,TGT,F I,3,90.05
2025-11-06,9:51:06.262349324,T,TGT,I,84,90.05
2025-11-06,9:51:06.262349324,T,TGT,I,16,90.05
2025-11-06,9:51:06.262379598,T,TGT,I,84,90.05
2025-11-06,9:51:06.262395063,T,TGT,,100,90.05
2025-11-06,9:51:06.262398316,T,TGT,,100,90.055
2025-11-06,9:51:06.262398316,T,TGT,I,84,90.06
2025-11-06,9:51:06.262400751,T,TGT,F I,16,90.06
2025-11-06,9:51:06.262710224,T,TGT,F I,73,90.06
2025-11-06,9:51:06.262779384,T,TGT,I,13,90.08
2025-11-06,9:51:06.262788380,T,TGT,I,13,90.08
2025-11-06,9:51:06.262791775,T,TGT,I,3,90.08
2025-11-06,9:51:06.262794491,T,TGT,I,8,90.08
2025-11-06,9:51:06.262797444,T,TGT,I,7,90.08
2025-11-06,9:51:06.262806409,T,TGT,I,1,90.08
2025-11-06,9:51:06.263074096,T,TGT,I,12,90.08
2025-11-06,9:51:06.263077054,T,TGT,I,12,90.08
2025-11-06,9:51:06.263080112,T,TGT,I,11,90.08
2025-11-06,9:51:06.263080112,T,TGT,I,6,90.08
2025-11-06,9:51:15.733903154,T,TGT,F,100,90.055
2025-11-06,9:51:15.733903154,T,TGT,F,100,90.08
2025-11-06,9:51:15.733905878,T,TGT,F I,34,90.08
2025-11-06,9:51:15.733918550,T,TGT,F I,61,90.08
2025-11-06,9:51:15.733921755,T,TGT,F I,87,90.08
2025-11-06,9:51:15.733921755,T,TGT,F,442,90.08
2025-11-06,9:51:15.733923906,T,TGT,I,75,90.08
2025-11-06,9:51:15.733927007,T,TGT,I,25,90.08
2025-11-06,9:51:15.733927007,T,TGT,I,1,90.08
2025-11-06,9:51:20.085590987,T,TGT,F I,50,90.06
2025-11-06,9:51:26.346130841,T,TGT,F I,68,90.03
2025-11-06,9:51:26.346133821,T,TGT,F I,2,90.03
2025-11-06,9:51:26.346136802,T,TGT,F I,1,90.03
2025-11-06,9:51:26.346178861,T,TGT,F,129,90.03
2025-11-06,9:51:26.346181952,T,TGT,F,100,90.03
2025-11-06,9:51:26.346181952,T,TGT,F I,15,90.03
2025-11-06,9:51:26.348172645,T,TGT,F I,2,90.02
2025-11-06,9:51:26.353621579,T,TGT,F,100,90.02
2025-11-06,9:51:26.354096829,T,TGT,F I,29,90.01
2025-11-06,9:51:26.416872352,T,TGT,F I,1,90.0
2025-11-06,9:51:26.416872352,T,TGT,F I,1,90.0
2025-11-06,9:51:26.416874307,T,TGT,F I,41,90.0
2025-11-06,9:51:26.416925469,T,TGT,F I,34,90.0
2025-11-06,9:51:26.416928778,T,TGT,F I,1,90.0
2025-11-06,9:51:26.416931420,T,TGT,F I,1,90.0
2025-11-06,9:51:26.416931420,T,TGT,F I,25,90.0
2025-11-06,9:51:26.416938660,T,TGT,F I,1,90.0
2025-11-06,9:51:26.416938660,T,TGT,F I,10,90.0
2025-11-06,9:51:26.416938660,T,TGT,F I,4,90.0
2025-11-06,9:51:26.416940761,T,TGT,F I,5,90.0
2025-11-06,9:51:26.416946573,T,TGT,F,150,90.0
2025-11-06,9:51:26.416946573,T,TGT,F I,30,90.0
2025-11-06,9:51:26.416949951,T,TGT,F,110,90.0
2025-11-06,9:51:26.416949951,T,TGT,F I,64,90.0
2025-11-06,9:51:26.416953059,T,TGT,F I,36,90.0
2025-11-06,9:51:26.416953059,T,TGT,F,100,90.0
2025-11-06,9:51:26.416955478,T,TGT,F I,15,90.0
2025-11-06,9:51:26.416961629,T,TGT,F I,1,90.0
2025-11-06,9:51:26.416961629,T,TGT,F I,1,90.0
2025-11-06,9:51:26.416964990,T,TGT,F I,5,90.0
2025-11-06,9:51:26.416964990,T,TGT,F I,5,90.0
2025-11-06,9:51:26.416967909,T,TGT,F I,2,90.0
2025-11-06,9:51:26.416967909,T,TGT,F I,30,90.0
2025-11-06,9:51:26.416967909,T,TGT,F I,4,90.0
2025-11-06,9:51:26.416970514,T,TGT,F,100,90.0
2025-11-06,9:51:26.419331212,T,TGT,F I,51,89.98
2025-11-06,9:51:26.419334178,T,TGT,F I,53,89.98
2025-11-06,9:51:26.419352287,T,TGT,I,47,89.98
2025-11-06,9:51:26.419803337,T,TGT,F I,50,89.98
2025-11-06,9:51:26.420152094,T,TGT,,100,89.99
2025-11-06,9:51:26.420155198,T,TGT,I,20,89.99
2025-11-06,9:51:26.420233300,T,TGT,I,66,89.98
2025-11-06,9:51:26.420362638,T,TGT,F I,20,89.98
2025-11-06,9:51:26.420389765,T,TGT,,100,89.98
2025-11-06,9:51:26.424831334,T,TGT,I,29,89.985
2025-11-06,9:51:26.504806787,T,TGT,F I,82,89.99
2025-11-06,9:51:27.159839309,T,TGT,F,240,90.0
2025-11-06,9:51:27.160070991,T,TGT,F I,18,90.0
2025-11-06,9:51:30.273751750,T,TGT,F,100,90.02
2025-11-06,9:51:30.273754787,T,TGT,F I,2,90.02
2025-11-06,9:51:30.273757826,T,TGT,F I,52,90.02
2025-11-06,9:51:30.273772951,T,TGT,I,53,90.02
2025-11-06,9:51:30.273776118,T,TGT,I,1,90.02
2025-11-06,9:51:30.273974358,T,TGT,F,200,90.02
2025-11-06,9:51:30.886272426,T,TGT,F I,10,90.01
2025-11-06,9:51:37.025809547,T,TGT,,100,90.02
2025-11-06,9:51:37.877137850,T,TGT,F,100,90.03
2025-11-06,9:51:37.877137850,T,TGT,F,100,90.03
2025-11-06,9:51:37.877141288,T,TGT,F I,50,90.03
2025-11-06,9:51:37.877143754,T,TGT,F,800,90.03
2025-11-06,9:51:37.877143754,T,TGT,F,200,90.03
2025-11-06,9:51:37.877146693,T,TGT,F I,5,90.03
2025-11-06,9:51:37.877146693,T,TGT,,700,90.03
2025-11-06,9:51:37.877167839,T,TGT,F I,38,90.04
2025-11-06,9:51:37.877420384,T,TGT,F I,50,90.04
2025-11-06,9:51:37.877654979,T,TGT,I,54,90.04
2025-11-06,9:51:37.877654979,T,TGT,I,4,90.04
2025-11-06,9:51:37.878542159,T,TGT,F,100,90.04
2025-11-06,9:51:37.878545093,T,TGT,F,100,90.04
2025-11-06,9:51:37.884529293,T,TGT,F I,3,90.03
2025-11-06,9:51:37.884532381,T,TGT,F I,1,90.03
2025-11-06,9:51:37.884550406,T,TGT,F I,1,90.03
2025-11-06,9:51:37.884740436,T,TGT,F I,95,90.03
2025-11-06,9:51:37.884742798,T,TGT,F,100,90.03
2025-11-06,9:51:37.884745800,T,TGT,F I,45,90.03
2025-11-06,9:51:37.884760841,T,TGT,F I,55,90.03
2025-11-06,9:51:43.971212871,T,TGT,F,100,90.05
2025-11-06,9:51:43.971215954,T,TGT,F I,4,90.05
2025-11-06,9:51:43.971221946,T,TGT,F I,11,90.05
2025-11-06,9:51:44.734119365,T,TGT,,100,90.06
2025-11-06,9:51:44.734119365,T,TGT,,100,90.06
2025-11-06,9:51:44.734776924,T,TGT,,100,90.07
2025-11-06,9:51:44.734834082,T,TGT,F,100,90.07
2025-11-06,9:51:44.752828903,T,TGT,I,95,90.08
2025-11-06,9:51:44.752852968,T,TGT,F I,5,90.08
2025-11-06,9:51:44.752852968,T,TGT,,100,90.08
2025-11-06,9:51:44.752877090,T,TGT,I,1,90.08
2025-11-06,9:51:44.752880234,T,TGT,I,1,90.08
2025-11-06,9:51:44.752883123,T,TGT,I,5,90.08
2025-11-06,9:51:45.747773234,T,TGT,F I,75,90.07
2025-11-06,9:51:45.747794283,T,TGT,F I,63,90.07
2025-11-06,9:51:45.747800258,T,TGT,F I,37,90.07
2025-11-06,9:51:45.747803193,T,TGT,F I,25,90.07
2025-11-06,9:51:50.129584109,T,TGT,I,22,90.055
2025-11-06,9:51:50.136572779,T,TGT,I,50,90.05
2025-11-06,9:51:50.136572779,T,TGT,I,50,90.04
2025-11-06,9:51:51.390463975,T,TGT,I,19,90.06
2025-11-06,9:51:51.391065428,T,TGT,F,100,90.07
2025-11-06,9:51:51.391065428,T,TGT,F I,77,90.07
2025-11-06,9:51:51.394391389,T,TGT,,100,90.08
2025-11-06,9:51:51.394409397,T,TGT,F,100,90.08
2025-11-06,9:51:59.830112171,T,TGT,F,100,90.12
2025-11-06,9:51:59.830115319,T,TGT,F,100,90.12
2025-11-06,9:51:59.830118089,T,TGT,F,100,90.12
2025-11-06,9:51:59.830118089,T,TGT,F,100,90.12
2025-11-06,9:51:59.830127584,T,TGT,,100,90.12
2025-11-06,9:51:59.830127584,T,TGT,I,61,90.12
2025-11-06,9:51:59.830130776,T,TGT,,239,90.12
2025-11-06,9:51:59.830133948,T,TGT,F,100,90.12
2025-11-06,9:51:59.830133948,T,TGT,,100,90.12
2025-11-06,9:51:59.830136115,T,TGT,I,1,90.12
2025-11-06,9:51:59.830247388,T,TGT,,100,90.12
2025-11-06,9:51:59.831257782,T,TGT,I,24,90.12
2025-11-06,9:51:59.831296948,T,TGT,I,76,90.12
2025-11-06,9:51:59.831317959,T,TGT,I,42,90.12
2025-11-06,9:51:59.831323954,T,TGT,F I,58,90.12
2025-11-06,9:51:59.831326933,T,TGT,F I,42,90.12
2025-11-06,9:51:59.831351514,T,TGT,F,100,90.12
2025-11-06,9:52:00.053881215,T,TGT,,100,90.12
2025-11-06,9:52:00.053887162,T,TGT,I,12,90.12
2025-11-06,9:52:00.053899221,T,TGT,F I,12,90.12
2025-11-06,9:52:00.053911298,T,TGT,I,5,90.12
2025-11-06,9:52:00.162515279,T,TGT,I,19,90.11
2025-11-06,9:52:00.162515279,T,TGT,,100,90.11
2025-11-06,9:52:00.162518128,T,TGT,I,10,90.1
2025-11-06,9:52:00.162518128,T,TGT,I,71,90.1
2025-11-06,9:52:00.367528405,T,TGT,I,7,90.11
2025-11-06,9:52:00.367528405,T,TGT,I,8,90.11
2025-11-06,9:52:00.367558440,T,TGT,I,2,90.11
2025-11-06,9:52:00.429403866,T,TGT,I,1,90.11
2025-11-06,9:52:00.429406836,T,TGT,I,2,90.11
2025-11-06,9:52:00.450012646,T,TGT,I,29,90.1
2025-11-06,9:52:00.450017954,T,TGT,I,67,90.1
2025-11-06,9:52:00.450036122,T,TGT,I,1,90.1
2025-11-06,9:52:00.450036122,T,TGT,F I,32,90.1
2025-11-06,9:52:00.450038948,T,TGT,F,100,90.1
2025-11-06,9:52:00.734050661,T,TGT,F I,13,90.11
2025-11-06,9:52:03.116199686,T,TGT,I,50,90.1
2025-11-06,9:52:03.116900340,T,TGT,I,6,90.1
2025-11-06,9:52:04.624286718,T,TGT,F,100,90.05
2025-11-06,9:52:04.624337655,T,TGT,F I,10,90.04
2025-11-06,9:52:04.624454889,T,TGT,F I,64,90.03
2025-11-06,9:52:04.624463991,T,TGT,F,185,90.03
2025-11-06,9:52:04.624476008,T,TGT,F I,10,90.03
2025-11-06,9:52:04.624493966,T,TGT,F,177,90.03
2025-11-06,9:52:04.624497019,T,TGT,F I,10,90.03
2025-11-06,9:52:04.636143778,T,TGT,,100,90.02
2025-11-06,9:52:04.636149789,T,TGT,I,1,90.01
2025-11-06,9:52:04.636149789,T,TGT,I,1,90.01
2025-11-06,9:52:04.636152761,T,TGT,I,1,90.01
2025-11-06,9:52:04.636152761,T,TGT,I,97,90.01
2025-11-06,9:52:04.636191941,T,TGT,I,58,90.01
2025-11-06,9:52:04.636258016,T,TGT,I,9,90.01
2025-11-06,9:52:04.636264042,T,TGT,I,10,90.01
2025-11-06,9:52:04.636264042,T,TGT,I,9,90.01
2025-11-06,9:52:04.636267125,T,TGT,I,5,90.01
2025-11-06,9:52:06.385384177,T,TGT,F I,12,90.01
2025-11-06,9:52:06.385504347,T,TGT,F,101,90.0
2025-11-06,9:52:06.385513358,T,TGT,F,264,90.0
2025-11-06,9:52:06.385525356,T,TGT,I,1,90.0
2025-11-06,9:52:06.385531453,T,TGT,F,745,90.0
2025-11-06,9:52:06.385985454,T,TGT,I,1,89.99
2025-11-06,9:52:08.146508731,T,TGT,,100,89.99
2025-11-06,9:52:08.146526772,T,TGT,I,6,89.99
2025-11-06,9:52:08.146544775,T,TGT,F I,50,90.0
2025-11-06,9:52:08.146548562,T,TGT,F I,1,90.0
2025-11-06,9:52:08.146548562,T,TGT,F,100,90.0
2025-11-06,9:52:08.146550775,T,TGT,F,200,90.0
2025-11-06,9:52:08.146554157,T,TGT,F I,6,90.0
2025-11-06,9:52:08.146554157,T,TGT,F,351,90.0
2025-11-06,9:52:08.146580975,T,TGT,,200,90.0
2025-11-06,9:52:08.146580975,T,TGT,,151,90.0
2025-11-06,9:52:08.146590313,T,TGT,,200,90.0
2025-11-06,9:52:08.146596428,T,TGT,F,139,90.0
2025-11-06,9:52:08.146770343,T,TGT,F,200,90.0
2025-11-06,9:52:08.146773309,T,TGT,,153,90.0
2025-11-06,9:52:10.646950528,T,TGT,F,100,90.03
2025-11-06,9:52:10.646974858,T,TGT,I,1,90.03
2025-11-06,9:52:10.646977718,T,TGT,I,94,90.03
2025-11-06,9:52:10.646986665,T,TGT,F I,5,90.03
2025-11-06,9:52:11.893886193,T,TGT,F I,63,90.02
2025-11-06,9:52:17.379028817,T,TGT,,100,90.025
2025-11-06,9:52:19.519943144,T,TGT,F I,61,90.04
2025-11-06,9:52:19.519943144,T,TGT,F,100,90.04
2025-11-06,9:52:19.519946150,T,TGT,F,100,90.04
2025-11-06,9:52:19.845952854,T,TGT,F I,24,90.07
2025-11-06,9:52:19.846340689,T,TGT,F,116,90.07
2025-11-06,9:52:19.846343765,T,TGT,F,100,90.07
2025-11-06,9:52:20.340977162,T,TGT,,100,90.07
2025-11-06,9:52:20.340980134,T,TGT,I,10,90.07
2025-11-06,9:52:30.142624042,T,TGT,I,10,90.08
2025-11-06,9:52:30.142624042,T,TGT,I,90,90.08
2025-11-06,9:52:30.142639067,T,TGT,I,1,90.08
2025-11-06,9:52:30.142639067,T,TGT,I,9,90.08
2025-11-06,9:52:30.227332833,T,TGT,,100,90.09
2025-11-06,9:52:30.924649336,T,TGT,F I,52,90.1
2025-11-06,9:52:30.924652275,T,TGT,F,100,90.1
2025-11-06,9:52:30.924676462,T,TGT,I,75,90.1
2025-11-06,9:52:30.925232748,T,TGT,F I,7,90.11
2025-11-06,9:52:30.925232748,T,TGT,F,100,90.11
2025-11-06,9:52:30.925235720,T,TGT,F,100,90.11
2025-11-06,9:52:31.712451094,T,TGT,,100,90.125
2025-11-06,9:52:32.664684492,T,TGT,F,100,90.14
2025-11-06,9:52:32.664687541,T,TGT,F,100,90.14
2025-11-06,9:52:32.664714562,T,TGT,I,57,90.15
2025-11-06,9:52:36.074369488,T,TGT,I,14,90.14
2025-11-06,9:52:40.350523754,T,TGT,F I,10,90.12
2025-11-06,9:52:40.350526789,T,TGT,F I,49,90.12
2025-11-06,9:52:40.350974925,T,TGT,F,100,90.11
2025-11-06,9:52:40.364368727,T,TGT,I,63,90.105
2025-11-06,9:52:40.364374817,T,TGT,I,75,90.105
2025-11-06,9:52:40.364389938,T,TGT,I,62,90.105
2025-11-06,9:52:40.396322873,T,TGT,I,19,90.12
2025-11-06,9:52:40.396325893,T,TGT,I,38,90.12
2025-11-06,9:52:40.396728930,T,TGT,F I,5,90.12
2025-11-06,9:52:40.397234112,T,TGT,I,50,90.13
2025-11-06,9:52:40.397378428,T,TGT,F I,50,90.13
2025-11-06,9:52:40.397426578,T,TGT,I,75,90.13
2025-11-06,9:52:40.397513743,T,TGT,I,4,90.13
2025-11-06,9:52:42.142775558,T,TGT,F I,30,90.15
2025-11-06,9:52:43.041803335,T,TGT,F I,49,90.16
2025-11-06,9:52:43.041809320,T,TGT,F I,51,90.16
2025-11-06,9:52:43.041812367,T,TGT,F,100,90.16
2025-11-06,9:52:43.041941711,T,TGT,F I,63,90.17
2025-11-06,9:52:43.042068797,T,TGT,I,43,90.15
2025-11-06,9:52:43.042068797,T,TGT,I,19,90.15
2025-11-06,9:52:43.042071383,T,TGT,I,18,90.15
2025-11-06,9:52:43.042083042,T,TGT,I,82,90.15
2025-11-06,9:52:43.042086042,T,TGT,I,80,90.15
2025-11-06,9:52:43.042086042,T,TGT,I,1,90.16
2025-11-06,9:52:43.042173186,T,TGT,F I,1,90.16
2025-11-06,9:52:43.042398919,T,TGT,I,42,90.15
2025-11-06,9:52:43.042398919,T,TGT,I,10,90.15
2025-11-06,9:52:43.042461954,T,TGT,I,90,90.15
2025-11-06,9:52:43.042825708,T,TGT,,100,90.15
2025-11-06,9:52:43.056469240,T,TGT,F I,30,90.15
2025-11-06,9:52:43.056469240,T,TGT,F I,1,90.15
2025-11-06,9:52:43.066053115,T,TGT,F,100,90.15
2025-11-06,9:52:43.066053115,T,TGT,F I,34,90.15
2025-11-06,9:52:43.066074169,T,TGT,F I,66,90.15
2025-11-06,9:52:43.942352709,T,TGT,F,100,90.11
2025-11-06,9:52:44.507013925,T,TGT,I,75,90.105
2025-11-06,9:52:48.240642516,T,TGT,F I,21,90.11
2025-11-06,9:52:49.944125863,T,TGT,F I,19,90.09
2025-11-06,9:52:49.944128878,T,TGT,F I,10,90.09
2025-11-06,9:52:49.944132175,T,TGT,F I,93,90.09
2025-11-06,9:52:49.944132175,T,TGT,F I,7,90.09
2025-11-06,9:52:49.944135116,T,TGT,F,100,90.09
2025-11-06,9:52:49.944213033,T,TGT,F I,25,90.09
2025-11-06,9:52:50.113862123,T,TGT,I,42,90.08
2025-11-06,9:52:50.113862123,T,TGT,I,42,90.09
2025-11-06,9:52:58.522755882,T,TGT,I,23,90.075
2025-11-06,9:52:59.608772197,T,TGT,F I,1,90.07
2025-11-06,9:52:59.608847373,T,TGT,F I,33,90.07
2025-11-06,9:52:59.614314500,T,TGT,I,38,90.07
2025-11-06,9:52:59.620551268,T,TGT,I,23,90.08
2025-11-06,9:53:00.500558777,T,TGT,F I,10,90.05
2025-11-06,9:53:00.500612847,T,TGT,F I,40,90.04
2025-11-06,9:53:00.500616578,T,TGT,F I,4,90.04
2025-11-06,9:53:00.500616578,T,TGT,F I,20,90.04
2025-11-06,9:53:01.476723633,T,TGT,,100,90.045
2025-11-06,9:53:01.479318802,T,TGT,,100,90.045
2025-11-06,9:53:04.525004402,T,TGT,I,50,90.06
2025-11-06,9:53:04.525007807,T,TGT,,100,90.06
2025-11-06,9:53:04.525010466,T,TGT,I,1,90.06
2025-11-06,9:53:04.525022494,T,TGT,F I,16,90.06
2025-11-06,9:53:04.525025458,T,TGT,F I,1,90.06
2025-11-06,9:53:04.525034749,T,TGT,I,1,90.06
2025-11-06,9:53:04.525034749,T,TGT,I,1,90.06
2025-11-06,9:53:04.525034749,T,TGT,I,25,90.06
2025-11-06,9:53:08.124946902,T,TGT,F I,1,90.09
2025-11-06,9:53:08.124946902,T,TGT,F I,61,90.09
2025-11-06,9:53:08.125010084,T,TGT,F I,53,90.1
2025-11-06,9:53:08.125013021,T,TGT,F,100,90.1
2025-11-06,9:53:08.125013021,T,TGT,F I,10,90.1
2025-11-06,9:53:08.125019075,T,TGT,F I,75,90.1
2025-11-06,9:53:08.131240876,T,TGT,F,100,90.1
2025-11-06,9:53:09.216655756,T,TGT,F I,40,90.13
2025-11-06,9:53:09.216658737,T,TGT,F,100,90.13
2025-11-06,9:53:09.217040839,T,TGT,F,100,90.13
2025-11-06,9:53:09.217227101,T,TGT,F I,3,90.13
2025-11-06,9:53:09.217230279,T,TGT,F I,97,90.13
2025-11-06,9:53:09.217233531,T,TGT,F I,34,90.13
2025-11-06,9:53:09.217236339,T,TGT,F,100,90.13
2025-11-06,9:53:09.217246094,T,TGT,F,100,90.13
2025-11-06,9:53:09.217246094,T,TGT,F,100,90.13
2025-11-06,9:53:09.217248356,T,TGT,F I,97,90.13
2025-11-06,9:53:09.217254254,T,TGT,F I,3,90.13
2025-11-06,9:53:09.217266187,T,TGT,F,107,90.13
2025-11-06,9:53:09.217320331,T,TGT,F,100,90.13
2025-11-06,9:53:09.217338458,T,TGT,I,38,90.12
2025-11-06,9:53:09.217338458,T,TGT,I,2,90.12
2025-11-06,9:53:09.217348340,T,TGT,I,38,90.12
2025-11-06,9:53:09.217350568,T,TGT,I,19,90.12
2025-11-06,9:53:09.217648546,T,TGT,I,75,90.12
2025-11-06,9:53:09.217648546,T,TGT,I,59,90.13
2025-11-06,9:53:09.217651577,T,TGT,I,38,90.13
2025-11-06,9:53:09.217651577,T,TGT,I,19,90.13
2025-11-06,9:53:09.217654158,T,TGT,,325,90.13
2025-11-06,9:53:09.224645870,T,TGT,F I,75,90.125
2025-11-06,9:53:09.224645870,T,TGT,F I,9,90.13
2025-11-06,9:53:09.226122317,T,TGT,I,75,90.125
2025-11-06,9:53:09.226167451,T,TGT,I,15,90.125
2025-11-06,9:53:09.226708841,T,TGT,F,100,90.11
2025-11-06,9:53:09.226711989,T,TGT,F,100,90.11
2025-11-06,9:53:09.228690484,T,TGT,F I,66,90.11
2025-11-06,9:53:09.228690484,T,TGT,F I,9,90.11
2025-11-06,9:53:09.228709007,T,TGT,I,1,90.11
2025-11-06,9:53:09.228915989,T,TGT,F,100,90.1
2025-11-06,9:53:09.228919261,T,TGT,F I,38,90.1
2025-11-06,9:53:09.228922744,T,TGT,F I,11,90.1
2025-11-06,9:53:09.229087394,T,TGT,F,100,90.1
2025-11-06,9:53:09.229529443,T,TGT,I,49,90.09
2025-11-06,9:53:09.229532403,T,TGT,I,21,90.09
2025-11-06,9:53:09.230804517,T,TGT,F,101,90.09
2025-11-06,9:53:09.230828592,T,TGT,F I,13,90.09
2025-11-06,9:53:09.230840530,T,TGT,I,90,90.09
2025-11-06,9:53:09.472811998,T,TGT,I,3,90.09
2025-11-06,9:53:09.472818052,T,TGT,I,16,90.09
2025-11-06,9:53:09.472818052,T,TGT,I,28,90.09
2025-11-06,9:53:09.472821551,T,TGT,I,30,90.09
2025-11-06,9:53:09.472824219,T,TGT,I,3,90.09
2025-11-06,9:53:09.472824219,T,TGT,,110,90.09
2025-11-06,9:53:09.472827306,T,TGT,I,29,90.09
2025-11-06,9:53:09.472827306,T,TGT,I,32,90.09
2025-11-06,9:53:09.472830358,T,TGT,I,49,90.09
2025-11-06,9:53:09.472833078,T,TGT,I,51,90.09
2025-11-06,9:53:09.830072127,T,TGT,,100,90.085
2025-11-06,9:53:09.864173368,T,TGT,,100,90.085
2025-11-06,9:53:10.136249640,T,TGT,,108,90.085
2025-11-06,9:53:10.501532829,T,TGT,F I,38,90.11
2025-11-06,9:53:10.686473501,T,TGT,F,100,90.09
2025-11-06,9:53:10.686476457,T,TGT,F,100,90.09
2025-11-06,9:53:10.686479454,T,TGT,F I,20,90.09
2025-11-06,9:53:10.686479454,T,TGT,F,100,90.09
2025-11-06,9:53:11.454563334,T,TGT,F,500,90.09
2025-11-06,9:53:18.601513137,T,TGT,I,28,90.14
2025-11-06,9:53:18.601537258,T,TGT,F I,72,90.14
2025-11-06,9:53:18.601537258,T,TGT,F,100,90.14
2025-11-06,9:53:18.601539956,T,TGT,I,75,90.14
2025-11-06,9:53:18.602234720,T,TGT,,200,90.14
2025-11-06,9:53:20.328214556,T,TGT,I,31,90.1
2025-11-06,9:53:20.328217494,T,TGT,I,19,90.1
2025-11-06,9:53:21.819506262,T,TGT,F I,2,90.08
2025-11-06,9:53:22.817003647,T,TGT,,100,90.06
2025-11-06,9:53:25.035723152,T,TGT,I,1,90.06
2025-11-06,9:53:28.994891485,T,TGT,I,63,90.055
2025-11-06,9:53:28.994915529,T,TGT,I,37,90.055
2025-11-06,9:53:32.224150052,T,TGT,I,5,90.08
2025-11-06,9:53:32.224150052,T,TGT,I,10,90.08
2025-11-06,9:53:32.981049896,T,TGT,,100,90.09
2025-11-06,9:53:32.981052948,T,TGT,,100,90.09
2025-11-06,9:53:32.981717520,T,TGT,F I,24,90.1
