DATE,TIME_M,EX,SYM_ROOT,TR_SCOND,SIZE,PRICE
2025-12-18,9:30:01.157938978,T,TGT,I,33,98.6
2025-12-18,9:30:01.157951052,T,TGT,Q,33,98.6
2025-12-18,9:30:01.746011008,T,TGT,F I,4,98.58
2025-12-18,9:30:02.003264905,T,TGT,F I,50,98.63
2025-12-18,9:30:02.003460916,T,TGT,F I,8,98.65
2025-12-18,9:30:02.003463426,T,TGT,F I,67,98.65
2025-12-18,9:30:02.003466364,T,TGT,,133,98.65
2025-12-18,9:30:02.003574732,T,TGT,,100,98.64
2025-12-18,9:30:02.003583732,T,TGT,F,100,98.65
2025-12-18,9:30:02.003704022,T,TGT,,100,98.65
2025-12-18,9:30:02.004053020,T,TGT,F I,50,98.64
2025-12-18,9:30:02.004056679,T,TGT,I,50,98.64
2025-12-18,9:30:02.004056679,T,TGT,I,50,98.65
2025-12-18,9:30:02.004079888,T,TGT,I,50,98.65
2025-12-18,9:30:02.130783702,T,TGT,I,16,98.67
2025-12-18,9:30:06.691884854,T,TGT,F,100,98.64
2025-12-18,9:30:08.082075833,T,TGT,F I,46,98.72
2025-12-18,9:30:19.121540965,T,TGT,,100,98.66
2025-12-18,9:30:21.830138778,T,TGT,I,19,98.66
2025-12-18,9:30:25.889512832,T,TGT,I,7,98.63
2025-12-18,9:30:25.889515712,T,TGT,I,10,98.63
2025-12-18,9:30:25.889518676,T,TGT,I,1,98.63
2025-12-18,9:30:27.292472002,T,TGT,I,19,98.66
2025-12-18,9:30:31.024004945,T,TGT,I,8,98.61
2025-12-18,9:30:31.024007926,T,TGT,I,5,98.61
2025-12-18,9:30:48.685913086,T,TGT,I,50,98.665
2025-12-18,9:30:48.834716518,T,TGT,I,6,98.6
2025-12-18,9:30:48.834716518,T,TGT,I,1,98.6
2025-12-18,9:30:48.834719421,T,TGT,I,1,98.6
2025-12-18,9:30:48.834719421,T,TGT,I,7,98.6
2025-12-18,9:30:48.834722466,T,TGT,I,4,98.6
2025-12-18,9:30:50.417645823,T,TGT,I,18,98.6
2025-12-18,9:30:50.417645823,T,TGT,I,1,98.6
2025-12-18,9:30:52.730524727,T,TGT,F I,19,98.6
2025-12-18,9:30:52.730524727,T,TGT,F I,1,98.6
2025-12-18,9:30:52.747824904,T,TGT,F I,55,98.58
2025-12-18,9:30:52.747824904,T,TGT,F I,1,98.58
2025-12-18,9:30:52.747830875,T,TGT,F I,44,98.58
2025-12-18,9:30:52.747860985,T,TGT,F I,75,98.56
2025-12-18,9:30:52.747879033,T,TGT,F I,25,98.56
2025-12-18,9:30:52.747882029,T,TGT,I,1,98.56
2025-12-18,9:30:52.747954231,T,TGT,F I,1,98.56
2025-12-18,9:30:52.748047527,T,TGT,F I,10,98.56
2025-12-18,9:30:52.748053970,T,TGT,F I,56,98.56
2025-12-18,9:30:52.748056456,T,TGT,F I,32,98.56
2025-12-18,9:30:52.748059508,T,TGT,F I,2,98.56
2025-12-18,9:30:52.748068553,T,TGT,I,28,98.56
2025-12-18,9:30:52.748071533,T,TGT,I,60,98.56
2025-12-18,9:30:52.748092532,T,TGT,I,40,98.56
2025-12-18,9:30:56.990082561,T,TGT,F I,11,98.55
2025-12-18,9:30:56.990085766,T,TGT,F I,9,98.55
2025-12-18,9:30:56.990142687,T,TGT,F I,50,98.55
2025-12-18,9:30:56.990193797,T,TGT,I,30,98.55
2025-12-18,9:30:57.198238469,T,TGT,F I,15,98.64
2025-12-18,9:30:57.198241569,T,TGT,F I,5,98.64
2025-12-18,9:30:57.198241569,T,TGT,F I,1,98.64
2025-12-18,9:30:58.656415316,T,TGT,F I,3,98.56
2025-12-18,9:30:58.656442452,T,TGT,,100,98.56
2025-12-18,9:31:09.587126404,T,TGT,I,40,98.62
2025-12-18,9:31:10.859328184,T,TGT,F I,25,98.65
2025-12-18,9:31:11.470474747,T,TGT,F I,2,98.75
2025-12-18,9:31:11.470477225,T,TGT,F I,2,98.75
2025-12-18,9:31:11.470480192,T,TGT,F I,5,98.75
2025-12-18,9:31:11.470483412,T,TGT,F,300,98.75
2025-12-18,9:31:11.471511645,T,TGT,F I,5,98.74
2025-12-18,9:31:11.471536040,T,TGT,F I,95,98.74
2025-12-18,9:31:11.471538672,T,TGT,F,100,98.74
2025-12-18,9:31:11.471541788,T,TGT,F I,14,98.73
2025-12-18,9:31:11.471541788,T,TGT,F I,91,98.73
2025-12-18,9:31:11.471541788,T,TGT,F I,9,98.73
2025-12-18,9:31:11.471632144,T,TGT,I,5,98.73
2025-12-18,9:31:11.471632144,T,TGT,I,3,98.73
2025-12-18,9:31:11.471653003,T,TGT,F I,92,98.73
2025-12-18,9:31:11.472224286,T,TGT,I,27,98.73
2025-12-18,9:31:11.486803016,T,TGT,I,80,98.74
2025-12-18,9:31:11.740607683,T,TGT,I,4,98.8
2025-12-18,9:31:11.740607683,T,TGT,I,11,98.8
2025-12-18,9:31:11.741717481,T,TGT,F I,3,98.85
2025-12-18,9:31:11.742153432,T,TGT,F I,1,98.86
2025-12-18,9:31:11.773593280,T,TGT,F I,4,98.88
2025-12-18,9:31:11.773593280,T,TGT,F I,25,98.88
2025-12-18,9:31:11.774528540,T,TGT,F I,10,98.9
2025-12-18,9:31:11.774528540,T,TGT,F I,14,98.9
2025-12-18,9:31:11.775202143,T,TGT,I,6,98.9
2025-12-18,9:31:11.775205099,T,TGT,I,1,98.91
2025-12-18,9:31:11.870126292,T,TGT,F I,50,98.91
2025-12-18,9:31:11.870165424,T,TGT,F I,50,98.91
2025-12-18,9:31:13.020504906,T,TGT,F I,7,98.95
2025-12-18,9:31:13.020513969,T,TGT,F I,46,98.96
2025-12-18,9:31:13.020525978,T,TGT,F I,5,98.96
2025-12-18,9:31:13.020598153,T,TGT,,113,98.96
2025-12-18,9:31:13.020601068,T,TGT,I,11,98.96
2025-12-18,9:31:13.020604112,T,TGT,,200,98.96
2025-12-18,9:31:13.711346687,T,TGT,F I,5,98.98
2025-12-18,9:31:13.711346687,T,TGT,F I,27,98.98
2025-12-18,9:31:13.711872968,T,TGT,F I,14,98.99
2025-12-18,9:31:13.711875930,T,TGT,F I,1,98.99
2025-12-18,9:31:13.712333866,T,TGT,F,200,99.0
2025-12-18,9:31:13.712333866,T,TGT,F I,1,99.0
2025-12-18,9:31:13.712336906,T,TGT,F I,1,99.0
2025-12-18,9:31:13.712340024,T,TGT,F I,30,99.0
2025-12-18,9:31:13.712340024,T,TGT,F I,1,99.0
2025-12-18,9:31:13.712342439,T,TGT,F I,2,99.0
2025-12-18,9:31:13.712342439,T,TGT,F I,10,99.0
2025-12-18,9:31:13.712349042,T,TGT,F I,20,99.0
2025-12-18,9:31:13.712349042,T,TGT,F I,1,99.0
2025-12-18,9:31:13.712349042,T,TGT,F I,6,99.0
2025-12-18,9:31:13.712351137,T,TGT,F I,15,99.0
2025-12-18,9:31:13.712354125,T,TGT,F I,1,99.0
2025-12-18,9:31:13.712354125,T,TGT,F I,1,99.0
2025-12-18,9:31:13.712357318,T,TGT,F I,5,99.0
2025-12-18,9:31:13.712357318,T,TGT,F,300,99.0
2025-12-18,9:31:13.712360400,T,TGT,F I,2,99.0
2025-12-18,9:31:13.712360400,T,TGT,F,100,99.0
2025-12-18,9:31:13.712363471,T,TGT,F I,17,99.0
2025-12-18,9:31:13.712363471,T,TGT,F I,1,99.0
2025-12-18,9:31:13.712366183,T,TGT,F I,6,99.0
2025-12-18,9:31:13.712369779,T,TGT,F I,3,99.0
2025-12-18,9:31:13.712369779,T,TGT,F I,2,99.0
2025-12-18,9:31:13.712369779,T,TGT,F I,5,99.0
2025-12-18,9:31:13.712373076,T,TGT,F I,20,99.0
2025-12-18,9:31:13.712373076,T,TGT,F I,6,99.0
2025-12-18,9:31:13.712373076,T,TGT,F I,23,99.0
2025-12-18,9:31:13.712375144,T,TGT,F I,11,99.0
2025-12-18,9:31:13.712378870,T,TGT,F I,29,99.0
2025-12-18,9:31:13.712378870,T,TGT,F I,36,99.0
2025-12-18,9:31:13.712378870,T,TGT,F I,10,99.0
2025-12-18,9:31:13.712381264,T,TGT,F,100,99.0
2025-12-18,9:31:13.712384169,T,TGT,F I,3,99.0
2025-12-18,9:31:13.712387205,T,TGT,F I,10,99.0
2025-12-18,9:31:13.712387205,T,TGT,F I,8,99.0
2025-12-18,9:31:13.712387205,T,TGT,F I,18,99.0
2025-12-18,9:31:13.712553456,T,TGT,F I,57,99.0
2025-12-18,9:31:13.712555702,T,TGT,F I,22,99.0
2025-12-18,9:31:13.712558981,T,TGT,F I,16,99.0
2025-12-18,9:31:13.712562269,T,TGT,F I,1,99.0
2025-12-18,9:31:13.712562269,T,TGT,F I,17,99.0
2025-12-18,9:31:13.712564596,T,TGT,F I,10,99.0
2025-12-18,9:31:13.712567624,T,TGT,F I,2,99.0
2025-12-18,9:31:13.712567624,T,TGT,F I,5,99.0
2025-12-18,9:31:13.712570701,T,TGT,F I,44,99.0
2025-12-18,9:31:13.712833428,T,TGT,F I,6,99.0
2025-12-18,9:31:13.712833428,T,TGT,F,100,99.0
2025-12-18,9:31:13.712838228,T,TGT,F I,5,99.0
2025-12-18,9:31:13.712838228,T,TGT,F I,10,99.0
2025-12-18,9:31:13.712841325,T,TGT,F,219,99.0
2025-12-18,9:31:13.713000718,T,TGT,F,100,99.0
2025-12-18,9:31:13.730560031,T,TGT,F I,14,98.97
2025-12-18,9:31:13.730560031,T,TGT,F I,61,98.97
2025-12-18,9:31:13.730562566,T,TGT,F I,39,98.97
2025-12-18,9:31:13.870906901,T,TGT,I,25,98.91
2025-12-18,9:31:16.161301436,T,TGT,I,1,98.93
2025-12-18,9:31:36.339847967,T,TGT,F I,50,98.94
2025-12-18,9:31:36.342752863,T,TGT,F I,40,98.96
2025-12-18,9:31:36.343291190,T,TGT,F I,2,99.02
2025-12-18,9:31:36.343297843,T,TGT,F I,7,99.04
2025-12-18,9:31:36.343408900,T,TGT,F I,16,99.05
2025-12-18,9:31:36.343489771,T,TGT,I,21,99.0
2025-12-18,9:31:36.343531817,T,TGT,I,12,99.01
2025-12-18,9:31:36.343534751,T,TGT,F I,84,99.05
2025-12-18,9:31:36.343537991,T,TGT,F I,11,99.05
2025-12-18,9:31:36.343541634,T,TGT,F I,16,99.05
2025-12-18,9:31:36.343541634,T,TGT,F I,5,99.05
2025-12-18,9:31:36.346000706,T,TGT,F I,11,99.08
2025-12-18,9:31:36.346022062,T,TGT,F I,11,99.08
2025-12-18,9:31:36.346172029,T,TGT,I,16,99.07
2025-12-18,9:31:36.346316397,T,TGT,F I,10,99.08
2025-12-18,9:31:36.347627579,T,TGT,,100,99.07
2025-12-18,9:31:39.702546079,T,TGT,I,73,99.1
2025-12-18,9:31:39.702546079,T,TGT,I,21,99.11
2025-12-18,9:31:39.703033502,T,TGT,I,1,99.12
2025-12-18,9:31:39.703033502,T,TGT,I,9,99.12
2025-12-18,9:31:39.703036291,T,TGT,I,10,99.12
2025-12-18,9:31:39.703039265,T,TGT,I,1,99.12
2025-12-18,9:31:39.703830217,T,TGT,I,10,99.14
2025-12-18,9:31:39.703983525,T,TGT,I,30,99.14
2025-12-18,9:31:39.704037695,T,TGT,I,21,99.12
2025-12-18,9:31:39.903424658,T,TGT,I,21,99.14
2025-12-18,9:31:39.903424658,T,TGT,I,21,99.14
2025-12-18,9:31:39.903565965,T,TGT,I,21,99.115
2025-12-18,9:31:39.903869795,T,TGT,I,16,99.115
2025-12-18,9:31:39.944779201,T,TGT,I,25,99.15
2025-12-18,9:31:40.600536460,T,TGT,,100,99.19
2025-12-18,9:31:40.600576085,T,TGT,I,55,99.2
2025-12-18,9:31:40.600576085,T,TGT,I,5,99.2
2025-12-18,9:31:40.600578516,T,TGT,I,13,99.2
2025-12-18,9:31:40.600581496,T,TGT,I,23,99.2
2025-12-18,9:31:40.600668735,T,TGT,I,80,99.16
2025-12-18,9:31:40.600668735,T,TGT,I,20,99.16
2025-12-18,9:31:40.600710855,T,TGT,I,80,99.16
2025-12-18,9:31:40.600710855,T,TGT,,100,99.16
2025-12-18,9:31:40.600713924,T,TGT,,100,99.15
2025-12-18,9:31:40.600716911,T,TGT,,100,99.15
2025-12-18,9:31:40.621758489,T,TGT,I,2,99.17
2025-12-18,9:31:40.621758489,T,TGT,I,2,99.17
2025-12-18,9:31:40.621761098,T,TGT,I,60,99.17
2025-12-18,9:31:40.621764251,T,TGT,I,25,99.17
2025-12-18,9:31:40.621764251,T,TGT,I,2,99.18
2025-12-18,9:31:40.621767055,T,TGT,I,2,99.19
2025-12-18,9:31:40.622245143,T,TGT,F I,2,99.19
2025-12-18,9:31:40.622332318,T,TGT,I,21,99.16
2025-12-18,9:31:40.622362440,T,TGT,F,100,99.14
2025-12-18,9:31:40.622362440,T,TGT,F I,8,99.14
2025-12-18,9:31:40.622636081,T,TGT,I,7,99.19
2025-12-18,9:31:40.622693237,T,TGT,F I,8,99.16
2025-12-18,9:31:42.358786292,T,TGT,I,25,99.09
2025-12-18,9:31:42.358786292,T,TGT,I,2,99.09
2025-12-18,9:31:43.141671595,T,TGT,F I,25,99.17
2025-12-18,9:31:43.141671595,T,TGT,F,100,99.17
2025-12-18,9:31:44.441536176,T,TGT,I,1,99.22
2025-12-18,9:31:44.441596287,T,TGT,I,8,99.2
2025-12-18,9:31:44.442143534,T,TGT,F,100,99.23
2025-12-18,9:31:44.442146576,T,TGT,F I,27,99.23
2025-12-18,9:31:44.442149620,T,TGT,F,127,99.23
2025-12-18,9:31:44.442167604,T,TGT,I,1,99.23
2025-12-18,9:31:44.442167604,T,TGT,I,60,99.23
2025-12-18,9:31:44.442191724,T,TGT,I,8,99.2
2025-12-18,9:31:44.442194702,T,TGT,I,92,99.19
2025-12-18,9:31:44.442221759,T,TGT,F,100,99.21
2025-12-18,9:31:44.442224781,T,TGT,F I,8,99.19
2025-12-18,9:31:44.442257803,T,TGT,,100,99.19
2025-12-18,9:31:44.442603823,T,TGT,I,27,99.2
2025-12-18,9:31:44.442615786,T,TGT,I,73,99.2
2025-12-18,9:31:44.442618914,T,TGT,,100,99.2
2025-12-18,9:31:44.442622008,T,TGT,I,8,99.2
2025-12-18,9:31:44.446705702,T,TGT,F I,80,99.21
2025-12-18,9:31:44.446705702,T,TGT,F I,14,99.2
2025-12-18,9:31:44.446711503,T,TGT,F I,84,99.2
2025-12-18,9:31:44.446735490,T,TGT,I,80,99.2
2025-12-18,9:31:44.446735490,T,TGT,I,1,99.2
2025-12-18,9:31:44.447217256,T,TGT,F,100,99.21
2025-12-18,9:31:44.447219867,T,TGT,F I,21,99.21
2025-12-18,9:31:44.488796735,T,TGT,I,80,99.23
2025-12-18,9:31:44.964909044,T,TGT,I,2,99.22
2025-12-18,9:31:45.143385180,T,TGT,F I,80,99.2
2025-12-18,9:31:45.143390228,T,TGT,F,200,99.19
2025-12-18,9:31:45.143390228,T,TGT,F I,20,99.19
2025-12-18,9:31:45.143402196,T,TGT,F I,80,99.19
2025-12-18,9:31:45.143414291,T,TGT,F,100,99.18
2025-12-18,9:31:45.143450297,T,TGT,,100,99.17
2025-12-18,9:31:45.143883422,T,TGT,F,100,99.17
2025-12-18,9:31:45.143919468,T,TGT,,100,99.17
2025-12-18,9:31:45.144361487,T,TGT,,100,99.17
2025-12-18,9:31:45.228475646,T,TGT,F I,2,99.18
2025-12-18,9:31:45.228477967,T,TGT,F I,21,99.18
2025-12-18,9:31:45.228526001,T,TGT,I,60,99.17
2025-12-18,9:31:45.228526001,T,TGT,I,40,99.16
2025-12-18,9:31:45.229007523,T,TGT,I,60,99.16
2025-12-18,9:31:45.229010167,T,TGT,,100,99.16
2025-12-18,9:31:45.229046273,T,TGT,,200,99.15
2025-12-18,9:31:45.229079620,T,TGT,,100,99.14
2025-12-18,9:31:45.229082374,T,TGT,I,11,99.14
2025-12-18,9:31:45.229656973,T,TGT,I,4,99.14
2025-12-18,9:31:45.229659735,T,TGT,,200,99.14
2025-12-18,9:31:45.229659735,T,TGT,I,62,99.14
2025-12-18,9:31:45.230243163,T,TGT,I,2,99.16
2025-12-18,9:31:47.762428667,T,TGT,F I,50,99.23
2025-12-18,9:31:47.762473797,T,TGT,F I,2,99.23
2025-12-18,9:31:51.519173662,T,TGT,F I,40,99.23
2025-12-18,9:31:51.520806618,T,TGT,I,20,99.23
2025-12-18,9:31:51.520854650,T,TGT,F I,20,99.23
2025-12-18,9:31:51.528992090,T,TGT,F,100,99.25
2025-12-18,9:31:51.528995160,T,TGT,F,200,99.25
2025-12-18,9:31:51.528995160,T,TGT,F I,2,99.25
2025-12-18,9:31:51.528998073,T,TGT,F I,29,99.25
2025-12-18,9:31:51.530101682,T,TGT,F I,12,99.27
2025-12-18,9:31:51.530104686,T,TGT,F I,29,99.27
2025-12-18,9:31:51.989148315,T,TGT,F I,6,99.29
2025-12-18,9:31:51.989287536,T,TGT,I,13,99.26
2025-12-18,9:31:51.989470129,T,TGT,I,23,99.28
2025-12-18,9:31:55.754927938,T,TGT,F I,6,99.28
2025-12-18,9:31:55.754930801,T,TGT,F I,23,99.28
2025-12-18,9:31:55.754930801,T,TGT,F I,2,99.28
2025-12-18,9:31:55.754933082,T,TGT,F I,2,99.28
2025-12-18,9:31:55.754935830,T,TGT,F I,2,99.28
2025-12-18,9:31:55.754938856,T,TGT,F I,1,99.28
2025-12-18,9:31:55.754941834,T,TGT,F,100,99.29
2025-12-18,9:31:55.755152323,T,TGT,F I,3,99.3
2025-12-18,9:31:55.755152323,T,TGT,F I,7,99.3
2025-12-18,9:31:55.755383831,T,TGT,F I,13,99.3
2025-12-18,9:31:55.755386906,T,TGT,F I,5,99.3
2025-12-18,9:31:55.755386906,T,TGT,F I,10,99.3
2025-12-18,9:31:55.755398873,T,TGT,F I,12,99.3
2025-12-18,9:31:55.755425977,T,TGT,F I,2,99.3
2025-12-18,9:31:55.758066275,T,TGT,,255,99.3
2025-12-18,9:31:55.758066275,T,TGT,I,30,99.3
2025-12-18,9:31:55.758303876,T,TGT,I,30,99.29
2025-12-18,9:31:55.796672283,T,TGT,,600,99.27
2025-12-18,9:31:55.796702372,T,TGT,F I,86,99.27
2025-12-18,9:31:57.478711497,T,TGT,I,25,99.27
2025-12-18,9:31:57.478735598,T,TGT,F I,52,99.27
2025-12-18,9:31:57.479267875,T,TGT,I,5,99.28
2025-12-18,9:31:57.479267875,T,TGT,I,18,99.31
2025-12-18,9:31:57.479270883,T,TGT,I,18,99.31
2025-12-18,9:31:57.479270883,T,TGT,I,33,99.32
2025-12-18,9:31:57.479400159,T,TGT,I,5,99.27
2025-12-18,9:31:58.328797677,T,TGT,I,50,99.305
2025-12-18,9:31:58.328836825,T,TGT,I,50,99.305
2025-12-18,9:31:59.474485182,T,TGT,I,20,99.26
2025-12-18,9:31:59.474485182,T,TGT,I,14,99.26
2025-12-18,9:32:03.038179239,T,TGT,F,100,99.24
2025-12-18,9:32:03.039033184,T,TGT,F I,40,99.25
2025-12-18,9:32:03.041171652,T,TGT,F I,2,99.27
2025-12-18,9:32:03.041174315,T,TGT,F I,11,99.27
2025-12-18,9:32:10.453695701,T,TGT,F I,50,99.32
2025-12-18,9:32:10.453738032,T,TGT,F I,1,99.33
2025-12-18,9:32:10.453740702,T,TGT,F I,1,99.33
2025-12-18,9:32:10.504793335,T,TGT,F I,52,99.38
2025-12-18,9:32:10.504814402,T,TGT,F I,48,99.38
2025-12-18,9:32:10.940237344,T,TGT,,100,99.36
2025-12-18,9:32:10.940239957,T,TGT,I,25,99.35
2025-12-18,9:32:10.940239957,T,TGT,I,76,99.34
2025-12-18,9:32:10.940254869,T,TGT,I,1,99.34
2025-12-18,9:32:10.940267176,T,TGT,F I,23,99.34
2025-12-18,9:32:10.940267176,T,TGT,F,100,99.34
2025-12-18,9:32:10.940270256,T,TGT,F I,1,99.34
2025-12-18,9:32:10.940763038,T,TGT,,100,99.34
2025-12-18,9:32:15.778457201,T,TGT,F I,50,99.34
2025-12-18,9:32:17.111596651,T,TGT,F,100,99.39
2025-12-18,9:32:17.111599388,T,TGT,F I,20,99.39
2025-12-18,9:32:17.111599388,T,TGT,F I,15,99.39
2025-12-18,9:32:17.111602719,T,TGT,F I,6,99.39
2025-12-18,9:32:17.111662305,T,TGT,,100,99.39
2025-12-18,9:32:17.111665547,T,TGT,,100,99.38
2025-12-18,9:32:17.112414469,T,TGT,F I,25,99.4
2025-12-18,9:32:17.112417214,T,TGT,F I,6,99.4
2025-12-18,9:32:17.112417214,T,TGT,F I,21,99.4
2025-12-18,9:32:17.112420924,T,TGT,F I,1,99.4
2025-12-18,9:32:17.121676165,T,TGT,F I,30,99.42
2025-12-18,9:32:17.122325750,T,TGT,I,32,99.4
2025-12-18,9:32:19.878581189,T,TGT,F,400,99.43
2025-12-18,9:32:19.878581189,T,TGT,F I,20,99.43
2025-12-18,9:32:19.881579548,T,TGT,F I,15,99.44
2025-12-18,9:32:19.881579548,T,TGT,F I,10,99.44
2025-12-18,9:32:19.881582282,T,TGT,F I,20,99.44
2025-12-18,9:32:19.900677877,T,TGT,I,1,99.46
2025-12-18,9:32:19.933034933,T,TGT,,100,99.44
2025-12-18,9:32:19.933314615,T,TGT,I,20,99.46
2025-12-18,9:32:20.874734427,T,TGT,F I,20,99.46
2025-12-18,9:32:25.913785267,T,TGT,F I,20,99.47
2025-12-18,9:32:25.913827319,T,TGT,F I,2,99.48
2025-12-18,9:32:25.913827319,T,TGT,F I,1,99.48
2025-12-18,9:32:25.913872738,T,TGT,F I,1,99.49
2025-12-18,9:32:25.913875770,T,TGT,F I,2,99.49
2025-12-18,9:32:25.913875770,T,TGT,F I,1,99.49
2025-12-18,9:32:25.913878667,T,TGT,F I,40,99.49
2025-12-18,9:32:25.913881451,T,TGT,F I,29,99.49
2025-12-18,9:32:25.914365834,T,TGT,F I,1,99.5
2025-12-18,9:32:25.914369109,T,TGT,F I,40,99.5
2025-12-18,9:32:25.914371830,T,TGT,F I,1,99.5
2025-12-18,9:32:25.914371830,T,TGT,F I,5,99.5
2025-12-18,9:32:25.914374658,T,TGT,F I,1,99.5
2025-12-18,9:32:25.914377746,T,TGT,F I,1,99.5
2025-12-18,9:32:25.914377746,T,TGT,F I,15,99.5
2025-12-18,9:32:25.914381016,T,TGT,F I,5,99.5
2025-12-18,9:32:25.914381016,T,TGT,F I,12,99.5
2025-12-18,9:32:25.914384284,T,TGT,F I,2,99.5
2025-12-18,9:32:25.914391194,T,TGT,F I,4,99.5
2025-12-18,9:32:25.914391194,T,TGT,F,500,99.5
2025-12-18,9:32:25.933040079,T,TGT,F,100,99.53
2025-12-18,9:32:26.033999594,T,TGT,F I,8,99.55
2025-12-18,9:32:27.115673667,T,TGT,F I,6,99.57
2025-12-18,9:32:27.115796921,T,TGT,,100,99.56
2025-12-18,9:32:27.277507168,T,TGT,I,30,99.6
2025-12-18,9:32:28.116199370,T,TGT,I,55,99.65
2025-12-18,9:32:28.116199370,T,TGT,I,28,99.65
2025-12-18,9:32:28.116220173,T,TGT,I,1,99.65
2025-12-18,9:32:28.116220173,T,TGT,F I,71,99.65
2025-12-18,9:32:28.134714368,T,TGT,,100,99.645
2025-12-18,9:32:28.658646435,T,TGT,I,1,99.66
2025-12-18,9:32:28.658646435,T,TGT,I,2,99.66
2025-12-18,9:32:29.316165864,T,TGT,,100,99.62
2025-12-18,9:32:29.318616762,T,TGT,F,186,99.61
2025-12-18,9:32:29.318641083,T,TGT,I,1,99.61
2025-12-18,9:32:29.318649824,T,TGT,F,113,99.61
2025-12-18,9:32:29.318652861,T,TGT,F I,10,99.61
2025-12-18,9:32:29.318652861,T,TGT,F I,2,99.61
2025-12-18,9:32:29.319546235,T,TGT,F I,25,99.61
2025-12-18,9:32:29.319548962,T,TGT,F I,25,99.62
2025-12-18,9:32:29.319667295,T,TGT,F I,50,99.63
2025-12-18,9:32:29.319669210,T,TGT,F I,2,99.63
2025-12-18,9:32:29.319873740,T,TGT,,100,99.62
2025-12-18,9:32:29.320304543,T,TGT,F I,61,99.62
2025-12-18,9:32:29.320307052,T,TGT,I,14,99.62
2025-12-18,9:32:29.320310074,T,TGT,I,60,99.62
2025-12-18,9:32:29.320310074,T,TGT,I,61,99.62
2025-12-18,9:32:29.352315017,T,TGT,I,2,99.61
2025-12-18,9:32:29.352735994,T,TGT,I,1,99.61
2025-12-18,9:32:29.353084869,T,TGT,I,1,99.61
2025-12-18,9:32:30.319815943,T,TGT,F I,2,99.63
2025-12-18,9:32:35.439612161,T,TGT,F I,2,99.68
2025-12-18,9:32:35.440418075,T,TGT,I,20,99.65
2025-12-18,9:32:35.441982763,T,TGT,I,14,99.62
2025-12-18,9:32:35.441982763,T,TGT,I,30,99.62
2025-12-18,9:32:35.441985361,T,TGT,I,58,99.62
2025-12-18,9:32:35.441987874,T,TGT,,100,99.62
2025-12-18,9:32:35.442006639,T,TGT,I,25,99.62
2025-12-18,9:32:35.442006639,T,TGT,I,11,99.62
2025-12-18,9:32:35.442009059,T,TGT,I,24,99.62
2025-12-18,9:32:35.442011946,T,TGT,I,1,99.62
2025-12-18,9:32:35.442553250,T,TGT,,202,99.62
2025-12-18,9:32:35.462650080,T,TGT,F I,2,99.63
2025-12-18,9:32:36.691139939,T,TGT,F I,4,99.66
2025-12-18,9:32:37.134723605,T,TGT,,100,99.66
2025-12-18,9:32:37.134723605,T,TGT,,100,99.65
2025-12-18,9:32:37.134750644,T,TGT,,100,99.65
2025-12-18,9:32:37.238347484,T,TGT,F,100,99.65
2025-12-18,9:32:37.238356526,T,TGT,F I,20,99.65
2025-12-18,9:32:37.238359435,T,TGT,I,1,99.65
2025-12-18,9:32:37.238359435,T,TGT,I,60,99.65
2025-12-18,9:32:37.238368437,T,TGT,I,8,99.65
2025-12-18,9:32:37.238371446,T,TGT,I,4,99.65
2025-12-18,9:32:37.238378238,T,TGT,I,7,99.65
2025-12-18,9:32:37.238378238,T,TGT,,100,99.65
2025-12-18,9:32:37.238380507,T,TGT,I,8,99.64
2025-12-18,9:32:37.822050185,T,TGT,F I,25,99.63
2025-12-18,9:32:37.822053480,T,TGT,F,100,99.62
2025-12-18,9:32:37.822056814,T,TGT,F I,1,99.62
2025-12-18,9:32:37.822056814,T,TGT,F I,75,99.62
2025-12-18,9:32:37.822060109,T,TGT,F I,25,99.62
2025-12-18,9:32:37.822060109,T,TGT,F,176,99.62
2025-12-18,9:32:37.822062174,T,TGT,F I,24,99.62
2025-12-18,9:32:37.822065018,T,TGT,F,100,99.62
2025-12-18,9:32:37.822083097,T,TGT,F I,4,99.61
2025-12-18,9:32:37.822083097,T,TGT,F,100,99.61
2025-12-18,9:32:37.822087177,T,TGT,F I,25,99.61
2025-12-18,9:32:37.822098178,T,TGT,I,55,99.61
2025-12-18,9:32:37.822101101,T,TGT,I,45,99.61
2025-12-18,9:32:37.822104150,T,TGT,I,75,99.61
2025-12-18,9:32:39.185068210,T,TGT,F I,30,99.62
2025-12-18,9:32:39.185071308,T,TGT,F I,35,99.62
2025-12-18,9:32:39.185074199,T,TGT,F I,28,99.62
2025-12-18,9:32:39.185077259,T,TGT,F I,1,99.62
2025-12-18,9:32:39.185116371,T,TGT,F I,2,99.63
2025-12-18,9:32:39.185147355,T,TGT,,100,99.63
2025-12-18,9:32:39.185149829,T,TGT,,100,99.63
2025-12-18,9:32:39.185149829,T,TGT,F,100,99.62
2025-12-18,9:32:39.185197582,T,TGT,,100,99.63
2025-12-18,9:32:39.191524612,T,TGT,I,2,99.63
2025-12-18,9:32:39.969270521,T,TGT,I,15,99.64
2025-12-18,9:32:39.971390556,T,TGT,I,85,99.64
2025-12-18,9:32:40.020653961,T,TGT,F I,36,99.65
2025-12-18,9:32:44.070621350,T,TGT,,100,99.625
2025-12-18,9:32:49.422447491,T,TGT,I,7,99.625
2025-12-18,9:32:49.422447491,T,TGT,,100,99.625
2025-12-18,9:32:54.453436256,T,TGT,F I,2,99.66
2025-12-18,9:32:54.453439529,T,TGT,F I,9,99.66
2025-12-18,9:32:54.453442064,T,TGT,F,100,99.66
2025-12-18,9:32:54.849602870,T,TGT,F I,50,99.63
2025-12-18,9:32:54.849617933,T,TGT,F I,50,99.63
2025-12-18,9:32:54.849891589,T,TGT,F I,50,99.62
2025-12-18,9:32:54.849967184,T,TGT,F I,50,99.62
2025-12-18,9:32:54.849969771,T,TGT,F,100,99.62
2025-12-18,9:32:54.852787435,T,TGT,,100,99.64
2025-12-18,9:32:54.853374470,T,TGT,F I,28,99.62
2025-12-18,9:32:54.853374470,T,TGT,F I,91,99.62
2025-12-18,9:32:54.853377358,T,TGT,F I,9,99.62
2025-12-18,9:32:55.190074152,T,TGT,F,100,99.6
2025-12-18,9:32:55.192886230,T,TGT,F,100,99.57
2025-12-18,9:32:55.192891692,T,TGT,F,100,99.57
2025-12-18,9:32:55.192912780,T,TGT,I,20,99.57
2025-12-18,9:32:57.514876675,T,TGT,I,80,99.58
2025-12-18,9:32:57.514876675,T,TGT,I,20,99.59
2025-12-18,9:32:57.515544170,T,TGT,I,25,99.59
2025-12-18,9:32:58.009390036,T,TGT,F I,2,99.62
2025-12-18,9:32:58.009390036,T,TGT,F,100,99.62
2025-12-18,9:32:58.795447297,T,TGT,F I,10,99.69
2025-12-18,9:32:58.795447297,T,TGT,F,100,99.69
2025-12-18,9:32:58.795711993,T,TGT,F I,32,99.7
2025-12-18,9:32:58.795714927,T,TGT,F I,3,99.7
2025-12-18,9:33:02.540767983,T,TGT,I,7,99.72
2025-12-18,9:33:02.541129095,T,TGT,I,2,99.73
2025-12-18,9:33:02.541131927,T,TGT,I,1,99.73
2025-12-18,9:33:02.541799993,T,TGT,I,6,99.74
2025-12-18,9:33:02.541799993,T,TGT,I,4,99.74
2025-12-18,9:33:02.541802790,T,TGT,I,9,99.75
2025-12-18,9:33:02.541805527,T,TGT,I,22,99.75
2025-12-18,9:33:02.541808541,T,TGT,,297,99.75
2025-12-18,9:33:02.542286623,T,TGT,I,10,99.74
2025-12-18,9:33:02.542824894,T,TGT,,209,99.75
2025-12-18,9:33:02.543287992,T,TGT,,100,99.75
2025-12-18,9:33:02.543291015,T,TGT,,100,99.74
2025-12-18,9:33:02.543309055,T,TGT,I,1,99.74
2025-12-18,9:33:02.543330145,T,TGT,I,99,99.74
2025-12-18,9:33:02.544373607,T,TGT,,100,99.74
2025-12-18,9:33:02.546469595,T,TGT,I,4,99.77
2025-12-18,9:33:02.546469595,T,TGT,I,10,99.77
2025-12-18,9:33:02.546559796,T,TGT,F I,4,99.75
2025-12-18,9:33:02.549572968,T,TGT,I,80,99.77
2025-12-18,9:33:02.639835998,T,TGT,,100,99.775
2025-12-18,9:33:02.641760620,T,TGT,F I,29,99.75
2025-12-18,9:33:02.641763588,T,TGT,F,100,99.75
2025-12-18,9:33:02.641766687,T,TGT,F I,1,99.75
2025-12-18,9:33:02.641995227,T,TGT,F,100,99.74
2025-12-18,9:33:02.642013179,T,TGT,I,28,99.75
2025-12-18,9:33:02.642017030,T,TGT,I,60,99.75
2025-12-18,9:33:02.642019253,T,TGT,,100,99.75
2025-12-18,9:33:02.642028249,T,TGT,F I,12,99.75
2025-12-18,9:33:02.642253774,T,TGT,F,100,99.75
2025-12-18,9:33:07.385195528,T,TGT,F I,30,99.66
2025-12-18,9:33:07.385198171,T,TGT,F I,45,99.66
2025-12-18,9:33:16.703684179,T,TGT,I,1,99.66
2025-12-18,9:33:16.706294416,T,TGT,,100,99.66
2025-12-18,9:33:17.626469179,T,TGT,F I,74,99.7
2025-12-18,9:33:17.626469179,T,TGT,F I,40,99.7
2025-12-18,9:33:17.626471666,T,TGT,F I,86,99.7
2025-12-18,9:33:17.626483615,T,TGT,F I,14,99.7
2025-12-18,9:33:17.627608319,T,TGT,F I,32,99.75
2025-12-18,9:33:17.627759061,T,TGT,F I,68,99.75
2025-12-18,9:33:17.627761665,T,TGT,F I,40,99.75
2025-12-18,9:33:17.628462367,T,TGT,,200,99.75
2025-12-18,9:33:17.628862358,T,TGT,I,28,99.74
2025-12-18,9:33:17.628973745,T,TGT,I,16,99.74
2025-12-18,9:33:17.628991674,T,TGT,I,16,99.74
2025-12-18,9:33:17.677728812,T,TGT,F I,10,99.8
2025-12-18,9:33:17.677732032,T,TGT,F I,1,99.8
2025-12-18,9:33:17.677732032,T,TGT,F,140,99.8
2025-12-18,9:33:17.677737822,T,TGT,F I,5,99.8
2025-12-18,9:33:17.677737822,T,TGT,F I,15,99.8
2025-12-18,9:33:17.677737822,T,TGT,F I,11,99.8
2025-12-18,9:33:19.053428213,T,TGT,,100,99.825
2025-12-18,9:33:19.265144604,T,TGT,,100,99.825
2025-12-18,9:33:23.359115869,T,TGT,F,220,99.86
2025-12-18,9:33:23.359134301,T,TGT,I,60,99.86
2025-12-18,9:33:23.359136916,T,TGT,I,1,99.86
2025-12-18,9:33:29.422987346,T,TGT,F I,34,99.86
2025-12-18,9:33:29.422990281,T,TGT,F I,66,99.86
2025-12-18,9:33:29.423008662,T,TGT,F I,4,99.86
2025-12-18,9:33:29.423011352,T,TGT,F I,2,99.86
2025-12-18,9:33:29.423014333,T,TGT,F,100,99.86
2025-12-18,9:33:33.119507733,T,TGT,,100,99.85
2025-12-18,9:33:33.295465973,T,TGT,F I,1,99.88
2025-12-18,9:33:33.295465973,T,TGT,F I,20,99.88
2025-12-18,9:33:37.487139978,T,TGT,I,2,99.86
2025-12-18,9:33:37.636298337,T,TGT,F,249,99.9
2025-12-18,9:33:37.636301331,T,TGT,F I,50,99.9
2025-12-18,9:33:37.636304377,T,TGT,F I,40,99.9
2025-12-18,9:33:37.636304377,T,TGT,F I,7,99.9
2025-12-18,9:33:37.636752715,T,TGT,F I,2,99.92
2025-12-18,9:33:37.636752715,T,TGT,F I,25,99.92
2025-12-18,9:33:37.636752715,T,TGT,F I,20,99.92
2025-12-18,9:33:37.659670022,T,TGT,I,35,99.9
2025-12-18,9:33:39.279993139,T,TGT,F,133,99.89
2025-12-18,9:33:41.160264890,T,TGT,F I,35,99.92
2025-12-18,9:33:41.160264890,T,TGT,F I,70,99.92
2025-12-18,9:33:41.160264890,T,TGT,F I,6,99.92
2025-12-18,9:33:42.164122312,T,TGT,,100,99.93
2025-12-18,9:33:46.321698039,T,TGT,F I,50,99.88
2025-12-18,9:33:47.583841471,T,TGT,F I,30,99.88
2025-12-18,9:33:47.583844097,T,TGT,F I,20,99.88
2025-12-18,9:33:47.583847270,T,TGT,F I,1,99.88
2025-12-18,9:33:47.583847270,T,TGT,F I,13,99.86
2025-12-18,9:33:47.583852993,T,TGT,F I,30,99.86
2025-12-18,9:33:47.583852993,T,TGT,F I,57,99.86
2025-12-18,9:33:47.583856078,T,TGT,F I,49,99.86
2025-12-18,9:33:47.583874155,T,TGT,I,1,99.86
2025-12-18,9:33:47.583874155,T,TGT,I,50,99.86
2025-12-18,9:33:47.583877049,T,TGT,I,10,99.86
2025-12-18,9:33:47.583892179,T,TGT,I,90,99.86
2025-12-18,9:33:47.583895092,T,TGT,I,10,99.86
2025-12-18,9:33:47.583919806,T,TGT,I,90,99.86
2025-12-18,9:33:47.583922239,T,TGT,I,60,99.86
2025-12-18,9:33:47.585104016,T,TGT,I,43,99.86
2025-12-18,9:33:47.604152510,T,TGT,F I,47,99.86
2025-12-18,9:33:47.604155170,T,TGT,F,100,99.86
2025-12-18,9:33:47.604157458,T,TGT,F,100,99.86
2025-12-18,9:33:47.604160389,T,TGT,F,100,99.86
2025-12-18,9:33:47.604491157,T,TGT,,100,99.88
2025-12-18,9:33:54.578396534,T,TGT,F,100,99.9
2025-12-18,9:33:54.578396534,T,TGT,F,100,99.9
2025-12-18,9:33:54.578399645,T,TGT,F,100,99.9
2025-12-18,9:33:54.578402550,T,TGT,F I,1,99.9
2025-12-18,9:33:54.578760406,T,TGT,,100,99.9
2025-12-18,9:33:54.578787737,T,TGT,I,50,99.9
2025-12-18,9:33:54.578787737,T,TGT,I,50,99.9
2025-12-18,9:33:54.988435317,T,TGT,I,8,99.905
2025-12-18,9:33:55.782486046,T,TGT,,100,99.9
2025-12-18,9:33:57.515268182,T,TGT,F I,50,99.88
2025-12-18,9:33:58.235438874,T,TGT,F I,46,99.87
2025-12-18,9:33:59.219280736,T,TGT,F I,50,99.87
2025-12-18,9:33:59.235726968,T,TGT,F,100,99.83
2025-12-18,9:33:59.235772079,T,TGT,,100,99.82
2025-12-18,9:33:59.235784101,T,TGT,,100,99.82
2025-12-18,9:33:59.235796107,T,TGT,I,1,99.82
2025-12-18,9:33:59.236172112,T,TGT,F I,50,99.82
2025-12-18,9:33:59.236208081,T,TGT,F I,49,99.82
2025-12-18,9:33:59.236211112,T,TGT,F I,1,99.82
2025-12-18,9:33:59.236229539,T,TGT,F I,99,99.82
2025-12-18,9:33:59.236232207,T,TGT,F I,46,99.82
2025-12-18,9:33:59.236250227,T,TGT,I,54,99.82
2025-12-18,9:33:59.236250227,T,TGT,,100,99.82
2025-12-18,9:33:59.236253270,T,TGT,,100,99.82
2025-12-18,9:33:59.236382918,T,TGT,I,45,99.81
2025-12-18,9:33:59.236382918,T,TGT,,100,99.81
2025-12-18,9:33:59.236406555,T,TGT,I,30,99.81
2025-12-18,9:33:59.237050071,T,TGT,,100,99.81
2025-12-18,9:33:59.237053149,T,TGT,I,80,99.81
2025-12-18,9:33:59.237056338,T,TGT,I,20,99.81
2025-12-18,9:33:59.237751556,T,TGT,F,100,99.81
2025-12-18,9:33:59.237751556,T,TGT,F I,20,99.81
2025-12-18,9:33:59.237756986,T,TGT,F I,29,99.81
2025-12-18,9:33:59.237756986,T,TGT,F I,71,99.81
2025-12-18,9:33:59.237756986,T,TGT,F I,2,99.82
2025-12-18,9:33:59.237761365,T,TGT,F I,76,99.82
2025-12-18,9:33:59.237762887,T,TGT,F I,24,99.82
2025-12-18,9:33:59.238111642,T,TGT,,100,99.81
2025-12-18,9:33:59.283935048,T,TGT,I,80,99.8
2025-12-18,9:33:59.283935048,T,TGT,I,55,99.79
2025-12-18,9:33:59.283937829,T,TGT,I,45,99.79
2025-12-18,9:33:59.283940814,T,TGT,I,35,99.79
2025-12-18,9:33:59.303517517,T,TGT,F I,1,99.77
2025-12-18,9:33:59.303529617,T,TGT,F,100,99.76
2025-12-18,9:33:59.386551347,T,TGT,,100,99.75
2025-12-18,9:34:00.050581217,T,TGT,I,3,99.705
2025-12-18,9:34:10.345800194,T,TGT,F I,46,99.77
2025-12-18,9:34:10.345803172,T,TGT,F I,5,99.77
2025-12-18,9:34:10.345803172,T,TGT,F I,7,99.78
2025-12-18,9:34:13.128299115,T,TGT,,255,99.84
2025-12-18,9:34:13.128302062,T,TGT,,245,99.82
2025-12-18,9:34:19.239313808,T,TGT,F I,50,99.87
2025-12-18,9:34:19.327300693,T,TGT,F I,5,99.93
2025-12-18,9:34:19.327300693,T,TGT,F I,43,99.93
2025-12-18,9:34:19.328136376,T,TGT,F I,5,99.94
2025-12-18,9:34:19.328139374,T,TGT,F I,11,99.94
2025-12-18,9:34:19.328145451,T,TGT,F I,25,99.94
2025-12-18,9:34:21.803426392,T,TGT,F I,46,99.87
2025-12-18,9:34:21.803429789,T,TGT,F I,4,99.87
2025-12-18,9:34:21.803447762,T,TGT,F I,1,99.87
2025-12-18,9:34:21.803451227,T,TGT,F,100,99.86
2025-12-18,9:34:21.803453534,T,TGT,F,199,99.86
2025-12-18,9:34:21.803472056,T,TGT,I,1,99.86
2025-12-18,9:34:21.803474609,T,TGT,,100,99.86
2025-12-18,9:34:27.920717060,T,TGT,F I,50,99.78
2025-12-18,9:34:27.920759127,T,TGT,F I,50,99.78
2025-12-18,9:34:27.920762103,T,TGT,F I,2,99.77
2025-12-18,9:34:34.529645952,T,TGT,F,100,99.77
2025-12-18,9:34:34.530490896,T,TGT,F I,50,99.8
2025-12-18,9:34:34.530515021,T,TGT,,150,99.79
2025-12-18,9:34:34.530515021,T,TGT,,100,99.77
2025-12-18,9:34:34.530517997,T,TGT,,100,99.76
2025-12-18,9:34:34.530517997,T,TGT,I,50,99.76
2025-12-18,9:34:34.530851812,T,TGT,F I,16,99.8
2025-12-18,9:34:34.531203856,T,TGT,F I,16,99.81
2025-12-18,9:34:34.531275784,T,TGT,,121,99.81
2025-12-18,9:34:34.531290836,T,TGT,,129,99.81
2025-12-18,9:34:34.543015787,T,TGT,F,100,99.81
2025-12-18,9:34:34.543018850,T,TGT,F,100,99.81
2025-12-18,9:34:34.543021792,T,TGT,F,100,99.81
2025-12-18,9:34:34.543403704,T,TGT,F,100,99.82
2025-12-18,9:34:34.543463883,T,TGT,F,100,99.82
2025-12-18,9:34:36.699245733,T,TGT,F I,50,99.9
2025-12-18,9:34:38.200434061,T,TGT,F I,1,99.95
2025-12-18,9:34:42.107404854,T,TGT,F I,50,99.92
2025-12-18,9:34:42.107450056,T,TGT,F I,50,99.92
2025-12-18,9:34:42.644195783,T,TGT,F I,84,99.95
2025-12-18,9:34:50.312495175,T,TGT,F,100,99.88
2025-12-18,9:34:50.312498245,T,TGT,F I,32,99.88
2025-12-18,9:34:50.312498245,T,TGT,F I,11,99.88
2025-12-18,9:34:50.312503389,T,TGT,F I,26,99.88
2025-12-18,9:34:50.312503389,T,TGT,F I,52,99.88
2025-12-18,9:34:50.312506763,T,TGT,F,238,99.88
2025-12-18,9:34:50.312506763,T,TGT,F I,62,99.88
2025-12-18,9:34:50.312509528,T,TGT,F I,1,99.88
2025-12-18,9:34:50.312509528,T,TGT,F I,1,99.88
2025-12-18,9:34:50.312512451,T,TGT,F I,1,99.88
2025-12-18,9:34:50.312512451,T,TGT,F I,1,99.88
2025-12-18,9:34:50.312536509,T,TGT,I,11,99.88
2025-12-18,9:34:50.320051421,T,TGT,F I,58,99.88
2025-12-18,9:34:50.320752139,T,TGT,I,24,99.88
2025-12-18,9:34:50.412587914,T,TGT,I,1,99.87
2025-12-18,9:34:50.412590866,T,TGT,,100,99.87
2025-12-18,9:34:50.412599908,T,TGT,,101,99.87
2025-12-18,9:34:50.412608889,T,TGT,I,1,99.87
2025-12-18,9:34:50.412620924,T,TGT,I,5,99.87
2025-12-18,9:34:50.413348709,T,TGT,F,100,99.87
2025-12-18,9:34:50.413351716,T,TGT,F,100,99.87
2025-12-18,9:34:50.413616373,T,TGT,F I,76,99.88
2025-12-18,9:34:50.413911080,T,TGT,F I,1,99.88
2025-12-18,9:34:51.092531703,T,TGT,,100,99.89
2025-12-18,9:34:51.092552781,T,TGT,,100,99.91
2025-12-18,9:34:59.083493137,T,TGT,F I,1,99.915
2025-12-18,9:35:01.275183595,T,TGT,F,100,99.87
2025-12-18,9:35:01.275186869,T,TGT,F,100,99.87
2025-12-18,9:35:01.275189932,T,TGT,F I,40,99.87
2025-12-18,9:35:01.275189932,T,TGT,F I,35,99.87
2025-12-18,9:35:01.275192619,T,TGT,F,240,99.87
2025-12-18,9:35:01.275192619,T,TGT,I,18,99.87
2025-12-18,9:35:01.282424813,T,TGT,I,80,99.86
2025-12-18,9:35:01.946551019,T,TGT,,212,99.86
2025-12-18,9:35:01.946566088,T,TGT,F,108,99.86
2025-12-18,9:35:01.946566088,T,TGT,F,104,99.86
2025-12-18,9:35:01.946569087,T,TGT,F I,46,99.86
2025-12-18,9:35:01.946569087,T,TGT,F,100,99.85
2025-12-18,9:35:01.946572113,T,TGT,F I,12,99.85
2025-12-18,9:35:01.946575159,T,TGT,F I,87,99.85
2025-12-18,9:35:01.946575159,T,TGT,F I,13,99.85
2025-12-18,9:35:02.301300356,T,TGT,F I,2,99.86
2025-12-18,9:35:02.301303179,T,TGT,F,100,99.86
2025-12-18,9:35:02.602963869,T,TGT,I,4,99.87
2025-12-18,9:35:03.604208108,T,TGT,F I,50,99.87
2025-12-18,9:35:03.604253218,T,TGT,F I,2,99.87
2025-12-18,9:35:05.663724711,T,TGT,F I,50,99.86
2025-12-18,9:35:05.663727711,T,TGT,F I,2,99.86
2025-12-18,9:35:05.663727711,T,TGT,F I,56,99.86
2025-12-18,9:35:05.663887093,T,TGT,F,100,99.85
2025-12-18,9:35:05.663890090,T,TGT,F I,8,99.85
2025-12-18,9:35:06.233104077,T,TGT,F I,52,99.83
2025-12-18,9:35:06.233107094,T,TGT,F I,12,99.82
2025-12-18,9:35:06.233113427,T,TGT,F I,62,99.82
2025-12-18,9:35:06.233116399,T,TGT,F,100,99.82
2025-12-18,9:35:06.233116399,T,TGT,F,100,99.82
2025-12-18,9:35:07.677228600,T,TGT,,100,99.79
2025-12-18,9:35:07.677652574,T,TGT,I,52,99.78
2025-12-18,9:35:07.677712756,T,TGT,I,27,99.78
2025-12-18,9:35:07.677724717,T,TGT,F,100,99.79
2025-12-18,9:35:07.677730727,T,TGT,F I,10,99.79
2025-12-18,9:35:07.677733739,T,TGT,F I,27,99.78
2025-12-18,9:35:07.677746405,T,TGT,I,1,99.79
2025-12-18,9:35:07.677746405,T,TGT,F I,5,99.79
2025-12-18,9:35:07.677769788,T,TGT,F I,84,99.79
2025-12-18,9:35:07.677772898,T,TGT,F I,16,99.79
2025-12-18,9:35:07.677772898,T,TGT,I,64,99.79
2025-12-18,9:35:07.677823946,T,TGT,F I,10,99.8
2025-12-18,9:35:07.677836022,T,TGT,,328,99.79
2025-12-18,9:35:07.677839033,T,TGT,,147,99.79
2025-12-18,9:35:07.677866096,T,TGT,I,37,99.8
2025-12-18,9:35:07.677869074,T,TGT,I,1,99.8
2025-12-18,9:35:07.677935427,T,TGT,F,100,99.81
2025-12-18,9:35:07.677938186,T,TGT,F,100,99.81
2025-12-18,9:35:07.678083196,T,TGT,F I,37,99.8
2025-12-18,9:35:07.678085716,T,TGT,F I,2,99.8
2025-12-18,9:35:07.678085716,T,TGT,F I,13,99.78
2025-12-18,9:35:07.678551694,T,TGT,F I,2,99.82
2025-12-18,9:35:07.678551694,T,TGT,F I,4,99.82
2025-12-18,9:35:07.678587815,T,TGT,,100,99.83
2025-12-18,9:35:07.678930564,T,TGT,F I,50,99.825
2025-12-18,9:35:07.678972729,T,TGT,F I,50,99.825
2025-12-18,9:35:07.678999821,T,TGT,,100,99.825
2025-12-18,9:35:08.238936700,T,TGT,,100,99.82
2025-12-18,9:35:08.729126118,T,TGT,F,100,99.82
2025-12-18,9:35:08.729126118,T,TGT,F I,43,99.82
2025-12-18,9:35:08.729128512,T,TGT,F,100,99.82
2025-12-18,9:35:11.257672519,T,TGT,F,100,99.85
2025-12-18,9:35:16.653231878,T,TGT,F,100,99.84
2025-12-18,9:35:16.653231878,T,TGT,F I,58,99.84
2025-12-18,9:35:16.653234768,T,TGT,F I,42,99.84
2025-12-18,9:35:16.653234768,T,TGT,F I,42,99.84
2025-12-18,9:35:16.653249770,T,TGT,I,1,99.84
2025-12-18,9:35:16.653249770,T,TGT,I,57,99.84
2025-12-18,9:35:16.653571482,T,TGT,,100,99.84
2025-12-18,9:35:16.657679289,T,TGT,,100,99.85
2025-12-18,9:35:16.657679289,T,TGT,I,15,99.85
2025-12-18,9:35:16.657682349,T,TGT,I,80,99.85
2025-12-18,9:35:16.666433152,T,TGT,,111,99.84
2025-12-18,9:35:21.716394728,T,TGT,I,50,99.89
2025-12-18,9:35:21.716397135,T,TGT,I,50,99.89
2025-12-18,9:35:21.716397135,T,TGT,I,15,99.89
2025-12-18,9:35:22.855961910,T,TGT,I,13,99.875
2025-12-18,9:35:24.067776840,T,TGT,I,17,99.855
2025-12-18,9:35:24.264824295,T,TGT,F I,1,99.88
2025-12-18,9:35:24.264824295,T,TGT,F I,2,99.88
2025-12-18,9:35:24.381033120,T,TGT,,255,99.85
2025-12-18,9:35:24.381036162,T,TGT,,255,99.85
2025-12-18,9:35:24.381036162,T,TGT,I,30,99.85
2025-12-18,9:35:24.381039216,T,TGT,,255,99.85
2025-12-18,9:35:24.381039216,T,TGT,,250,99.85
2025-12-18,9:35:24.381042134,T,TGT,I,55,99.84
2025-12-18,9:35:40.354620118,T,TGT,I,15,99.865
2025-12-18,9:35:40.873151433,T,TGT,I,15,99.865
2025-12-18,9:35:53.200804360,T,TGT,F I,60,99.9
2025-12-18,9:35:53.200825498,T,TGT,F I,40,99.9
2025-12-18,9:35:53.200828481,T,TGT,F,100,99.9
2025-12-18,9:35:53.200828481,T,TGT,F I,40,99.9
2025-12-18,9:35:53.200831379,T,TGT,F,164,99.9
2025-12-18,9:35:53.200844089,T,TGT,I,1,99.9
2025-12-18,9:35:53.200846439,T,TGT,I,60,99.9
2025-12-18,9:35:53.200861484,T,TGT,I,54,99.9
2025-12-18,9:35:53.200885527,T,TGT,F,2710,99.9
2025-12-18,9:35:53.201294587,T,TGT,I,80,99.9
2025-12-18,9:35:53.201432817,T,TGT,F I,40,99.89
2025-12-18,9:35:53.201432817,T,TGT,F I,34,99.89
2025-12-18,9:35:53.684308281,T,TGT,F I,16,99.9
2025-12-18,9:35:53.684326262,T,TGT,F I,30,99.9
2025-12-18,9:35:53.744382577,T,TGT,F I,2,99.92
2025-12-18,9:35:53.744388448,T,TGT,F,100,99.92
2025-12-18,9:35:53.744388448,T,TGT,F I,10,99.92
2025-12-18,9:35:53.744619953,T,TGT,F I,1,99.93
2025-12-18,9:35:53.744622955,T,TGT,,115,99.92
2025-12-18,9:35:54.457850255,T,TGT,F I,10,99.96
2025-12-18,9:35:54.457850255,T,TGT,F I,2,99.96
2025-12-18,9:35:54.457853125,T,TGT,F I,54,99.96
2025-12-18,9:35:54.737681860,T,TGT,F,120,99.97
2025-12-18,9:35:54.737681860,T,TGT,F I,1,99.97
2025-12-18,9:35:54.746832554,T,TGT,F,100,99.96
2025-12-18,9:35:54.796652305,T,TGT,F,100,99.94
2025-12-18,9:35:54.796655326,T,TGT,F,200,99.94
2025-12-18,9:35:55.260486427,T,TGT,F,100,99.95
2025-12-18,9:35:55.260489341,T,TGT,F I,2,99.95
2025-12-18,9:35:55.261082234,T,TGT,F I,30,99.95
2025-12-18,9:35:55.261084797,T,TGT,F I,14,99.95
2025-12-18,9:35:55.261087802,T,TGT,F I,56,99.95
2025-12-18,9:35:55.261487748,T,TGT,F I,4,99.95
2025-12-18,9:35:55.276559697,T,TGT,F,100,99.96
2025-12-18,9:35:55.917867570,T,TGT,F I,1,99.98
2025-12-18,9:35:55.917867570,T,TGT,F I,15,99.98
2025-12-18,9:35:55.925965882,T,TGT,F,100,99.99
2025-12-18,9:35:55.925968860,T,TGT,F I,30,99.99
2025-12-18,9:35:55.925968860,T,TGT,F I,30,99.99
2025-12-18,9:35:55.925971955,T,TGT,F I,20,99.99
2025-12-18,9:35:55.925971955,T,TGT,F I,25,99.99
2025-12-18,9:35:56.059601120,T,TGT,I,80,99.98
2025-12-18,9:35:56.059622254,T,TGT,F I,20,99.98
2025-12-18,9:35:58.956162032,T,TGT,,100,99.96
2025-12-18,9:35:58.956164701,T,TGT,I,25,99.95
2025-12-18,9:35:58.956164701,T,TGT,I,75,99.94
2025-12-18,9:35:58.966461298,T,TGT,,100,99.98
2025-12-18,9:35:58.966464476,T,TGT,,100,99.98
2025-12-18,9:35:58.966467296,T,TGT,,100,99.98
2025-12-18,9:35:58.966515364,T,TGT,,100,99.98
2025-12-18,9:35:58.966551517,T,TGT,,100,99.975
2025-12-18,9:35:58.966554513,T,TGT,,100,99.97
2025-12-18,9:35:58.966918448,T,TGT,F I,23,99.98
2025-12-18,9:35:58.966984542,T,TGT,I,1,99.97
2025-12-18,9:35:58.966984542,T,TGT,I,23,99.97
2025-12-18,9:35:58.966987557,T,TGT,I,3,99.97
2025-12-18,9:35:59.044584381,T,TGT,F I,50,99.96
2025-12-18,9:35:59.081819058,T,TGT,,100,99.96
2025-12-18,9:35:59.081846129,T,TGT,,100,99.95
2025-12-18,9:35:59.081885210,T,TGT,I,54,99.94
2025-12-18,9:35:59.571605223,T,TGT,F I,5,99.94
2025-12-18,9:35:59.571605223,T,TGT,F I,42,99.94
2025-12-18,9:35:59.571610955,T,TGT,F,100,99.95
2025-12-18,9:35:59.571610955,T,TGT,F I,1,99.95
2025-12-18,9:35:59.571614119,T,TGT,F,100,99.95
2025-12-18,9:35:59.571614119,T,TGT,F I,9,99.95
2025-12-18,9:35:59.571821401,T,TGT,,100,99.95
2025-12-18,9:35:59.571825161,T,TGT,,100,99.94
2025-12-18,9:35:59.571827474,T,TGT,,100,99.94
2025-12-18,9:35:59.571827474,T,TGT,,100,99.94
2025-12-18,9:35:59.571830447,T,TGT,I,32,99.94
2025-12-18,9:35:59.571866535,T,TGT,,100,99.93
2025-12-18,9:35:59.571866535,T,TGT,,100,99.93
2025-12-18,9:35:59.572010986,T,TGT,,100,99.93
2025-12-18,9:35:59.572326654,T,TGT,I,20,99.94
2025-12-18,9:35:59.574221213,T,TGT,F,100,99.94
2025-12-18,9:35:59.574224191,T,TGT,F,100,99.94
2025-12-18,9:35:59.574227205,T,TGT,F I,32,99.94
2025-12-18,9:35:59.574696243,T,TGT,F,100,99.96
2025-12-18,9:35:59.574756487,T,TGT,I,20,99.96
2025-12-18,9:35:59.606262655,T,TGT,F,100,99.97
2025-12-18,9:35:59.606262655,T,TGT,F I,5,99.97
2025-12-18,9:35:59.696182674,T,TGT,,112,99.975
2025-12-18,9:36:00.904951484,T,TGT,I,50,99.98
2025-12-18,9:36:01.345028890,T,TGT,F,100,99.99
2025-12-18,9:36:01.345110073,T,TGT,I,8,99.985
2025-12-18,9:36:01.345386700,T,TGT,I,50,100.0
2025-12-18,9:36:01.345386700,T,TGT,I,55,100.0
2025-12-18,9:36:01.345416786,T,TGT,I,8,99.985
2025-12-18,9:36:01.345423054,T,TGT,F,145,100.0
2025-12-18,9:36:01.345423054,T,TGT,F,100,100.0
2025-12-18,9:36:01.345425922,T,TGT,F I,1,100.0
2025-12-18,9:36:01.345429404,T,TGT,F I,5,100.0
2025-12-18,9:36:01.345432711,T,TGT,F,1250,100.0
2025-12-18,9:36:01.345438225,T,TGT,F I,30,100.0
2025-12-18,9:36:01.345438225,T,TGT,F I,1,100.0
2025-12-18,9:36:01.345438225,T,TGT,F I,27,100.0
2025-12-18,9:36:01.345438225,T,TGT,F I,1,100.0
2025-12-18,9:36:01.345440827,T,TGT,F I,4,100.0
2025-12-18,9:36:01.345444116,T,TGT,F I,5,100.0
2025-12-18,9:36:01.345444116,T,TGT,F I,10,100.0
2025-12-18,9:36:01.345450488,T,TGT,F I,2,100.0
2025-12-18,9:36:01.345450488,T,TGT,F I,50,100.0
2025-12-18,9:36:01.345454828,T,TGT,F I,2,100.0
2025-12-18,9:36:01.345459437,T,TGT,F I,2,100.0
2025-12-18,9:36:01.345459437,T,TGT,F I,10,100.0
2025-12-18,9:36:01.345462279,T,TGT,F I,3,100.0
2025-12-18,9:36:01.345468290,T,TGT,F I,2,100.0
2025-12-18,9:36:01.345468290,T,TGT,F I,45,100.0
2025-12-18,9:36:01.345475024,T,TGT,F I,20,100.0
2025-12-18,9:36:01.345475024,T,TGT,F I,4,100.0
2025-12-18,9:36:01.345475024,T,TGT,F I,25,100.0
2025-12-18,9:36:01.345475024,T,TGT,F,111,100.0
2025-12-18,9:36:01.345481227,T,TGT,F I,1,100.0
2025-12-18,9:36:01.345481227,T,TGT,F I,1,100.0
2025-12-18,9:36:01.345486533,T,TGT,F I,11,100.0
2025-12-18,9:36:01.345486533,T,TGT,F I,2,100.0
2025-12-18,9:36:01.345492275,T,TGT,F I,1,100.0
2025-12-18,9:36:01.345496744,T,TGT,F I,25,100.0
2025-12-18,9:36:01.345501023,T,TGT,F I,1,100.0
2025-12-18,9:36:01.345501023,T,TGT,F I,10,100.0
2025-12-18,9:36:01.345510403,T,TGT,F I,6,100.0
2025-12-18,9:36:01.345513182,T,TGT,F I,2,100.0
2025-12-18,9:36:01.345522269,T,TGT,F,105,100.0
2025-12-18,9:36:01.345522269,T,TGT,F I,5,100.0
2025-12-18,9:36:01.345537535,T,TGT,F I,1,100.0
2025-12-18,9:36:01.345541192,T,TGT,F I,1,100.0
2025-12-18,9:36:01.345546911,T,TGT,F I,5,100.0
2025-12-18,9:36:01.345546911,T,TGT,F I,2,100.0
2025-12-18,9:36:01.345552408,T,TGT,F I,3,100.0
2025-12-18,9:36:01.345552408,T,TGT,F I,2,100.0
2025-12-18,9:36:01.345558591,T,TGT,F I,27,100.0
2025-12-18,9:36:01.345558591,T,TGT,F I,1,100.0
2025-12-18,9:36:01.345564947,T,TGT,F I,1,100.0
2025-12-18,9:36:01.345567298,T,TGT,F I,1,100.0
2025-12-18,9:36:01.345570412,T,TGT,F I,25,100.0
2025-12-18,9:36:01.345576573,T,TGT,F I,5,100.0
2025-12-18,9:36:01.345576573,T,TGT,F I,1,100.0
2025-12-18,9:36:01.345579361,T,TGT,F I,15,100.0
2025-12-18,9:36:01.345583648,T,TGT,F,100,100.0
2025-12-18,9:36:01.345589359,T,TGT,F,200,100.0
2025-12-18,9:36:01.345589359,T,TGT,F,100,100.0
2025-12-18,9:36:01.345594490,T,TGT,F I,2,100.0
2025-12-18,9:36:01.345594490,T,TGT,F I,11,100.0
2025-12-18,9:36:01.345601097,T,TGT,F I,9,100.0
2025-12-18,9:36:01.345606473,T,TGT,F I,3,100.0
2025-12-18,9:36:01.345606473,T,TGT,F,110,100.0
2025-12-18,9:36:01.345610447,T,TGT,F I,1,100.0
2025-12-18,9:36:01.345615423,T,TGT,F I,5,100.0
2025-12-18,9:36:01.345615423,T,TGT,F I,5,100.0
2025-12-18,9:36:01.345615423,T,TGT,F I,2,100.0
2025-12-18,9:36:01.345622102,T,TGT,F I,3,100.0
2025-12-18,9:36:01.345622102,T,TGT,F I,5,100.0
2025-12-18,9:36:01.345628954,T,TGT,F I,10,100.0
2025-12-18,9:36:01.345628954,T,TGT,F I,5,100.0
2025-12-18,9:36:01.345628954,T,TGT,F I,5,100.0
2025-12-18,9:36:01.345633410,T,TGT,F I,1,100.0
2025-12-18,9:36:01.345633410,T,TGT,F I,1,100.0
2025-12-18,9:36:01.345639355,T,TGT,F I,1,100.0
2025-12-18,9:36:01.345639355,T,TGT,F I,2,100.0
2025-12-18,9:36:01.345645766,T,TGT,F I,20,100.0
2025-12-18,9:36:01.345645766,T,TGT,F I,1,100.0
2025-12-18,9:36:01.345648884,T,TGT,F I,30,100.0
2025-12-18,9:36:01.345651692,T,TGT,F I,1,100.0
2025-12-18,9:36:01.345651692,T,TGT,F I,30,100.0
2025-12-18,9:36:01.345654516,T,TGT,F I,1,100.0
2025-12-18,9:36:01.345657962,T,TGT,F I,10,100.0
2025-12-18,9:36:01.345660389,T,TGT,F I,30,100.0
2025-12-18,9:36:01.345663465,T,TGT,F I,18,100.0
2025-12-18,9:36:01.345666549,T,TGT,F,115,100.0
2025-12-18,9:36:01.345669987,T,TGT,F I,40,100.0
2025-12-18,9:36:01.345672597,T,TGT,F,558,100.0
2025-12-18,9:36:01.345684549,T,TGT,F,100,100.0
2025-12-18,9:36:01.345687556,T,TGT,F I,15,100.0
2025-12-18,9:36:01.345690538,T,TGT,F I,30,100.0
2025-12-18,9:36:01.345693850,T,TGT,F I,30,100.0
2025-12-18,9:36:01.345693850,T,TGT,F,100,100.0
2025-12-18,9:36:01.345700690,T,TGT,F I,45,100.0
2025-12-18,9:36:01.345705740,T,TGT,F I,2,100.0
2025-12-18,9:36:01.345705740,T,TGT,F,100,100.0
2025-12-18,9:36:01.345709036,T,TGT,F I,1,100.0
2025-12-18,9:36:01.345709036,T,TGT,F I,1,100.0
2025-12-18,9:36:01.345709036,T,TGT,F I,1,100.0
2025-12-18,9:36:01.345709036,T,TGT,F I,1,100.0
2025-12-18,9:36:01.345712591,T,TGT,F I,10,100.0
2025-12-18,9:36:01.345712591,T,TGT,F I,37,100.0
2025-12-18,9:36:01.345717527,T,TGT,F I,10,100.0
2025-12-18,9:36:01.345717527,T,TGT,F I,25,100.0
2025-12-18,9:36:01.345723617,T,TGT,F I,21,100.0
2025-12-18,9:36:01.345723617,T,TGT,F I,50,100.0
2025-12-18,9:36:01.345728144,T,TGT,F,100,100.0
2025-12-18,9:36:01.345728144,T,TGT,F I,3,100.0
2025-12-18,9:36:01.345729507,T,TGT,F I,1,100.0
2025-12-18,9:36:01.345732526,T,TGT,F I,15,100.0
2025-12-18,9:36:01.345732526,T,TGT,F I,50,100.0
2025-12-18,9:36:01.345732526,T,TGT,F I,25,100.0
2025-12-18,9:36:01.345735752,T,TGT,F I,15,100.0
2025-12-18,9:36:01.345735752,T,TGT,F I,19,100.0
2025-12-18,9:36:01.345735752,T,TGT,F I,1,100.0
2025-12-18,9:36:01.345738586,T,TGT,F I,80,100.0
2025-12-18,9:36:01.345738586,T,TGT,F I,6,100.0
2025-12-18,9:36:01.345741781,T,TGT,F,100,100.0
2025-12-18,9:36:01.345741781,T,TGT,F,500,100.0
2025-12-18,9:36:01.345741781,T,TGT,F I,1,100.0
2025-12-18,9:36:01.345741781,T,TGT,F I,15,100.0
2025-12-18,9:36:01.345744674,T,TGT,F I,2,100.0
2025-12-18,9:36:01.345744674,T,TGT,F,103,100.0
2025-12-18,9:36:01.345744674,T,TGT,F I,1,100.0
2025-12-18,9:36:01.345747796,T,TGT,F I,30,100.0
2025-12-18,9:36:01.345747796,T,TGT,F I,10,100.0
2025-12-18,9:36:01.345747796,T,TGT,F I,12,100.0
2025-12-18,9:36:01.345747796,T,TGT,F I,43,100.0
2025-12-18,9:36:01.345750679,T,TGT,F I,7,100.0
2025-12-18,9:36:01.345750679,T,TGT,F,200,100.0
2025-12-18,9:36:01.345750679,T,TGT,F I,5,100.0
2025-12-18,9:36:01.345753921,T,TGT,F I,20,100.0
2025-12-18,9:36:01.345753921,T,TGT,F I,2,100.0
2025-12-18,9:36:01.345753921,T,TGT,F I,2,100.0
2025-12-18,9:36:01.345753921,T,TGT,F I,5,100.0
2025-12-18,9:36:01.345758129,T,TGT,F I,3,100.0
2025-12-18,9:36:01.345758129,T,TGT,F I,20,100.0
2025-12-18,9:36:01.345758129,T,TGT,F,250,100.0
2025-12-18,9:36:01.345762650,T,TGT,F I,1,100.0
2025-12-18,9:36:01.345762650,T,TGT,F,500,100.0
2025-12-18,9:36:01.345762650,T,TGT,F I,1,100.0
2025-12-18,9:36:01.345762650,T,TGT,F I,1,100.0
2025-12-18,9:36:01.345765897,T,TGT,F I,3,100.0
2025-12-18,9:36:01.345765897,T,TGT,F I,50,100.0
2025-12-18,9:36:01.345765897,T,TGT,F I,1,100.0
2025-12-18,9:36:01.345768865,T,TGT,F I,2,100.0
2025-12-18,9:36:01.345768865,T,TGT,F I,7,100.0
2025-12-18,9:36:01.345768865,T,TGT,F I,8,100.0
2025-12-18,9:36:01.345768865,T,TGT,F I,60,100.0
2025-12-18,9:36:01.345771731,T,TGT,F,100,100.0
2025-12-18,9:36:01.345771731,T,TGT,F,300,100.0
2025-12-18,9:36:01.345771731,T,TGT,F,100,100.0
2025-12-18,9:36:01.345775779,T,TGT,F I,50,100.0
2025-12-18,9:36:01.345775779,T,TGT,F I,4,100.0
2025-12-18,9:36:01.345775779,T,TGT,F,125,100.0
2025-12-18,9:36:01.345775779,T,TGT,F,125,100.0
2025-12-18,9:36:01.345781102,T,TGT,F I,16,100.0
2025-12-18,9:36:01.345781102,T,TGT,F I,57,100.0
2025-12-18,9:36:01.345781102,T,TGT,F I,20,100.0
2025-12-18,9:36:01.345781102,T,TGT,F,3077,100.0
2025-12-18,9:36:01.345783846,T,TGT,F I,55,100.0
2025-12-18,9:36:01.345783846,T,TGT,F I,6,100.0
2025-12-18,9:36:01.345787338,T,TGT,F I,22,100.0
2025-12-18,9:36:01.345787338,T,TGT,F I,10,100.0
2025-12-18,9:36:01.345787338,T,TGT,F I,24,100.0
2025-12-18,9:36:01.345790026,T,TGT,F I,42,100.0
2025-12-18,9:36:01.345790026,T,TGT,F I,10,100.0
2025-12-18,9:36:01.345790026,T,TGT,F I,10,100.0
2025-12-18,9:36:01.345792877,T,TGT,F,100,100.0
2025-12-18,9:36:01.345792877,T,TGT,F I,10,100.0
2025-12-18,9:36:01.345792877,T,TGT,F I,38,100.0
2025-12-18,9:36:01.345796321,T,TGT,F I,10,100.0
2025-12-18,9:36:01.345796321,T,TGT,F I,4,100.0
2025-12-18,9:36:01.345796321,T,TGT,F I,10,100.0
2025-12-18,9:36:01.345798835,T,TGT,F I,3,100.0
2025-12-18,9:36:01.345798835,T,TGT,F I,2,100.0
2025-12-18,9:36:01.345798835,T,TGT,F I,1,100.0
2025-12-18,9:36:01.345801733,T,TGT,F I,1,100.0
2025-12-18,9:36:01.345804945,T,TGT,F I,25,100.0
2025-12-18,9:36:01.345804945,T,TGT,F I,40,100.0
2025-12-18,9:36:01.345804945,T,TGT,F I,5,100.0
2025-12-18,9:36:01.345804945,T,TGT,F I,20,100.0
2025-12-18,9:36:01.345807902,T,TGT,F I,21,100.0
2025-12-18,9:36:01.345820055,T,TGT,F I,73,100.0
2025-12-18,9:36:01.345820055,T,TGT,F I,7,100.0
2025-12-18,9:36:01.345820055,T,TGT,F I,12,100.0
2025-12-18,9:36:01.345823061,T,TGT,F,100,100.0
2025-12-18,9:36:01.345823061,T,TGT,F I,1,100.0
2025-12-18,9:36:01.345825910,T,TGT,F I,15,100.0
2025-12-18,9:36:01.345825910,T,TGT,F I,80,100.0
2025-12-18,9:36:01.345829116,T,TGT,F,158,100.0
2025-12-18,9:36:01.345829116,T,TGT,F I,1,100.0
2025-12-18,9:36:01.345829116,T,TGT,F I,25,100.0
2025-12-18,9:36:01.345832111,T,TGT,F I,5,100.0
2025-12-18,9:36:01.345832111,T,TGT,F I,6,100.0
2025-12-18,9:36:01.345834956,T,TGT,F,500,100.0
2025-12-18,9:36:01.345834956,T,TGT,I,8,99.985
2025-12-18,9:36:01.345834956,T,TGT,F I,8,99.985
2025-12-18,9:36:01.345837949,T,TGT,I,32,99.99
2025-12-18,9:36:01.345837949,T,TGT,F I,8,99.99
2025-12-18,9:36:01.345841048,T,TGT,I,92,99.99
2025-12-18,9:36:01.345841048,T,TGT,I,1,99.99
2025-12-18,9:36:01.345841048,T,TGT,I,8,99.99
2025-12-18,9:36:01.345844098,T,TGT,,100,99.99
2025-12-18,9:36:01.345870876,T,TGT,I,17,99.99
2025-12-18,9:36:01.345870876,T,TGT,I,30,99.99
2025-12-18,9:36:01.345870876,T,TGT,I,53,99.98
2025-12-18,9:36:01.346057653,T,TGT,I,47,99.99
2025-12-18,9:36:01.346057653,T,TGT,F I,33,99.99
2025-12-18,9:36:01.346060737,T,TGT,F I,14,99.98
2025-12-18,9:36:01.346065251,T,TGT,I,1,99.99
2025-12-18,9:36:01.346070264,T,TGT,I,92,99.99
2025-12-18,9:36:01.346070264,T,TGT,I,7,99.99
2025-12-18,9:36:01.346070264,T,TGT,I,33,99.98
2025-12-18,9:36:01.346075732,T,TGT,,100,99.98
2025-12-18,9:36:01.346075732,T,TGT,F I,11,99.99
2025-12-18,9:36:01.346075732,T,TGT,F I,32,99.99
2025-12-18,9:36:01.346078708,T,TGT,F I,50,99.99
2025-12-18,9:36:01.346078708,T,TGT,F I,50,99.99
2025-12-18,9:36:01.346081447,T,TGT,F I,50,99.99
2025-12-18,9:36:01.346081447,T,TGT,F I,14,99.99
2025-12-18,9:36:01.346084562,T,TGT,F I,11,99.99
2025-12-18,9:36:01.346084562,T,TGT,I,42,99.99
2025-12-18,9:36:01.346084562,T,TGT,I,5,99.99
2025-12-18,9:36:01.346087913,T,TGT,I,2,99.99
2025-12-18,9:36:01.346087913,T,TGT,I,33,99.99
2025-12-18,9:36:01.346091918,T,TGT,I,10,99.99
2025-12-18,9:36:01.346096650,T,TGT,I,1,99.99
2025-12-18,9:36:01.346096650,T,TGT,I,1,99.99
2025-12-18,9:36:01.346096650,T,TGT,F I,15,99.99
2025-12-18,9:36:01.346096650,T,TGT,,100,99.99
2025-12-18,9:36:01.346099662,T,TGT,I,1,99.99
2025-12-18,9:36:01.346099662,T,TGT,I,99,99.99
2025-12-18,9:36:01.346150672,T,TGT,I,1,99.99
2025-12-18,9:36:01.346228692,T,TGT,F I,1,99.99
2025-12-18,9:36:01.346244273,T,TGT,,100,99.98
2025-12-18,9:36:01.346355779,T,TGT,,100,99.99
2025-12-18,9:36:01.346370094,T,TGT,I,10,100.0
2025-12-18,9:36:01.346425213,T,TGT,I,25,100.0
2025-12-18,9:36:01.346430540,T,TGT,I,30,99.99
2025-12-18,9:36:01.346434446,T,TGT,I,81,99.98
2025-12-18,9:36:01.346445766,T,TGT,F I,63,100.0
2025-12-18,9:36:01.346451768,T,TGT,F I,6,100.0
2025-12-18,9:36:01.346476381,T,TGT,I,6,100.0
2025-12-18,9:36:01.346481475,T,TGT,I,1,99.99
2025-12-18,9:36:01.346481475,T,TGT,I,18,99.98
2025-12-18,9:36:01.346623096,T,TGT,I,1,99.98
2025-12-18,9:36:01.346625953,T,TGT,,100,99.98
2025-12-18,9:36:01.346664786,T,TGT,I,6,99.99
2025-12-18,9:36:01.346732743,T,TGT,I,16,99.99
2025-12-18,9:36:01.346789155,T,TGT,I,78,99.99
2025-12-18,9:36:01.346794166,T,TGT,I,1,99.99
2025-12-18,9:36:01.346798256,T,TGT,I,11,99.98
2025-12-18,9:36:01.346854382,T,TGT,I,56,99.99
2025-12-18,9:36:01.346905482,T,TGT,I,44,99.99
2025-12-18,9:36:01.346905482,T,TGT,I,27,99.99
2025-12-18,9:36:01.346908479,T,TGT,,100,99.99
2025-12-18,9:36:01.346992556,T,TGT,,100,99.99
2025-12-18,9:36:01.347218128,T,TGT,F I,1,100.0
2025-12-18,9:36:01.347245209,T,TGT,I,11,100.0
2025-12-18,9:36:01.347428615,T,TGT,I,89,100.0
2025-12-18,9:36:01.347452724,T,TGT,I,2,100.0
2025-12-18,9:36:01.347452724,T,TGT,I,9,100.0
2025-12-18,9:36:01.347455678,T,TGT,I,1,100.0
2025-12-18,9:36:01.347594073,T,TGT,,100,99.99
2025-12-18,9:36:01.347808113,T,TGT,F I,27,99.99
2025-12-18,9:36:01.347825561,T,TGT,I,73,99.99
2025-12-18,9:36:01.347882636,T,TGT,F I,8,100.0
2025-12-18,9:36:01.347885709,T,TGT,F I,52,100.0
2025-12-18,9:36:01.347963932,T,TGT,I,73,100.0
2025-12-18,9:36:01.348069135,T,TGT,I,9,100.0
2025-12-18,9:36:01.348114292,T,TGT,I,35,100.0
2025-12-18,9:36:01.348114292,T,TGT,I,27,100.0
2025-12-18,9:36:01.348758397,T,TGT,F I,30,100.01
2025-12-18,9:36:01.348758397,T,TGT,F I,90,100.01
2025-12-18,9:36:01.348761797,T,TGT,F I,46,100.01
2025-12-18,9:36:01.348764222,T,TGT,F I,1,100.01
2025-12-18,9:36:01.348766750,T,TGT,F I,5,100.01
2025-12-18,9:36:01.348788384,T,TGT,,100,100.01
2025-12-18,9:36:01.348788384,T,TGT,I,8,100.0
2025-12-18,9:36:01.348833486,T,TGT,I,92,100.0
2025-12-18,9:36:01.349450100,T,TGT,,100,100.01
2025-12-18,9:36:01.349450100,T,TGT,I,3,100.01
2025-12-18,9:36:01.349452906,T,TGT,I,6,100.01
2025-12-18,9:36:01.349452906,T,TGT,I,11,100.01
2025-12-18,9:36:01.349452906,T,TGT,I,5,100.01
2025-12-18,9:36:01.382131591,T,TGT,F I,40,100.02
2025-12-18,9:36:01.382176447,T,TGT,F I,1,100.03
2025-12-18,9:36:01.383150694,T,TGT,F I,80,100.04
2025-12-18,9:36:01.456645798,T,TGT,I,20,100.04
2025-12-18,9:36:01.456648757,T,TGT,,500,100.05
2025-12-18,9:36:01.456699889,T,TGT,,100,100.04
2025-12-18,9:36:01.456925529,T,TGT,,100,100.04
2025-12-18,9:36:01.456946525,T,TGT,,100,100.04
2025-12-18,9:36:01.457048754,T,TGT,I,7,100.03
2025-12-18,9:36:01.457102930,T,TGT,I,7,100.04
2025-12-18,9:36:01.457656183,T,TGT,F I,73,100.04
2025-12-18,9:36:01.457692332,T,TGT,I,27,100.04
2025-12-18,9:36:02.372152906,T,TGT,I,80,100.04
2025-12-18,9:36:02.372808391,T,TGT,F I,50,100.03
2025-12-18,9:36:05.625468353,T,TGT,F I,9,100.07
2025-12-18,9:36:05.625468353,T,TGT,F I,20,100.07
2025-12-18,9:36:05.625537590,T,TGT,F,395,100.07
2025-12-18,9:36:05.625540539,T,TGT,I,24,100.08
2025-12-18,9:36:05.625576618,T,TGT,,100,100.06
2025-12-18,9:36:05.625579631,T,TGT,,100,100.06
2025-12-18,9:36:05.625582649,T,TGT,I,80,100.06
2025-12-18,9:36:05.625594721,T,TGT,,100,100.07
2025-12-18,9:36:05.626250500,T,TGT,F I,1,100.06
2025-12-18,9:36:06.349545412,T,TGT,F I,1,100.07
2025-12-18,9:36:06.349545412,T,TGT,F I,99,100.07
2025-12-18,9:36:06.349563435,T,TGT,F I,1,100.07
2025-12-18,9:36:06.349620609,T,TGT,I,1,100.06
2025-12-18,9:36:06.349623573,T,TGT,I,34,100.06
2025-12-18,9:36:06.349794977,T,TGT,F,100,100.07
2025-12-18,9:36:06.350336296,T,TGT,F,226,100.08
2025-12-18,9:36:06.350679164,T,TGT,F I,20,100.09
2025-12-18,9:36:06.350682170,T,TGT,F I,11,100.1
2025-12-18,9:36:06.356152175,T,TGT,F I,20,100.12
2025-12-18,9:36:06.356753563,T,TGT,,150,100.14
2025-12-18,9:36:06.356753563,T,TGT,,100,100.14
2025-12-18,9:36:06.356756639,T,TGT,I,50,100.14
2025-12-18,9:36:06.379959869,T,TGT,I,32,100.14
2025-12-18,9:36:08.076947724,T,TGT,I,80,100.15
2025-12-18,9:36:09.586704112,T,TGT,F I,32,100.13
2025-12-18,9:36:09.586704112,T,TGT,F,100,100.13
2025-12-18,9:36:09.676323013,T,TGT,,100,100.12
2025-12-18,9:36:09.676326008,T,TGT,,100,100.12
2025-12-18,9:36:12.819263580,T,TGT,,100,100.13
2025-12-18,9:36:17.576146155,T,TGT,F,100,100.11
2025-12-18,9:36:17.576149177,T,TGT,F,300,100.11
2025-12-18,9:36:17.576840791,T,TGT,,200,100.09
2025-12-18,9:36:17.577249776,T,TGT,I,16,100.09
2025-12-18,9:36:17.577592653,T,TGT,I,27,100.09
2025-12-18,9:36:18.685380852,T,TGT,F I,50,100.08
2025-12-18,9:36:20.369711522,T,TGT,,302,100.05
2025-12-18,9:36:20.369789635,T,TGT,,302,100.05
2025-12-18,9:36:20.370192712,T,TGT,F,302,100.05
2025-12-18,9:36:20.370198665,T,TGT,F I,94,100.05
2025-12-18,9:36:20.370202532,T,TGT,F I,2,100.04
2025-12-18,9:36:20.370202532,T,TGT,F,200,100.04
2025-12-18,9:36:20.370204741,T,TGT,F I,6,100.04
2025-12-18,9:36:20.370222682,T,TGT,F I,94,100.04
2025-12-18,9:36:21.018633471,T,TGT,F I,3,100.04
2025-12-18,9:36:24.994005228,T,TGT,,100,100.04
2025-12-18,9:36:24.994029257,T,TGT,F,100,100.03
2025-12-18,9:36:24.994272934,T,TGT,F I,2,100.02
2025-12-18,9:36:32.241688874,T,TGT,F,100,100.08
2025-12-18,9:36:35.616762371,T,TGT,F,100,100.06
2025-12-18,9:36:35.616764534,T,TGT,F,100,100.06
2025-12-18,9:36:35.629365134,T,TGT,F I,98,100.02
2025-12-18,9:36:35.629365134,T,TGT,F,100,100.02
2025-12-18,9:36:35.629370787,T,TGT,F I,2,100.02
2025-12-18,9:36:35.629370787,T,TGT,F,100,100.02
2025-12-18,9:36:35.629370787,T,TGT,F,100,100.02
2025-12-18,9:36:35.629373534,T,TGT,I,25,100.02
2025-12-18,9:36:35.632859068,T,TGT,F,100,99.99
2025-12-18,9:36:35.632862396,T,TGT,F,100,99.99
2025-12-18,9:36:35.632865469,T,TGT,F,100,99.99
2025-12-18,9:36:35.632865469,T,TGT,F I,10,99.99
2025-12-18,9:36:35.632868246,T,TGT,F I,3,99.99
2025-12-18,9:36:35.632897909,T,TGT,F,100,99.99
2025-12-18,9:36:35.632900927,T,TGT,I,8,99.99
2025-12-18,9:36:35.632900927,T,TGT,F I,1,99.99
2025-12-18,9:36:35.632909991,T,TGT,,100,99.99
2025-12-18,9:36:35.632913206,T,TGT,,124,99.99
2025-12-18,9:36:35.632936999,T,TGT,F,100,99.99
2025-12-18,9:36:35.632943079,T,TGT,F I,1,99.99
2025-12-18,9:36:35.632967096,T,TGT,,224,99.99
2025-12-18,9:36:35.633285867,T,TGT,F I,29,99.99
2025-12-18,9:36:35.634089874,T,TGT,F,100,99.98
2025-12-18,9:36:35.634092393,T,TGT,F,100,99.98
2025-12-18,9:36:35.634095371,T,TGT,F,100,99.98
2025-12-18,9:36:35.634095371,T,TGT,F,100,99.98
2025-12-18,9:36:35.634097849,T,TGT,F,100,99.98
2025-12-18,9:36:35.634112841,T,TGT,,100,99.98
2025-12-18,9:36:35.634112841,T,TGT,I,59,99.98
2025-12-18,9:36:35.634119274,T,TGT,F I,50,99.98
2025-12-18,9:36:35.634124825,T,TGT,,100,99.98
2025-12-18,9:36:35.634124825,T,TGT,I,91,99.98
2025-12-18,9:36:35.634154919,T,TGT,F,100,99.97
2025-12-18,9:36:35.634194075,T,TGT,F,100,99.97
2025-12-18,9:36:35.639179856,T,TGT,F I,20,99.98
2025-12-18,9:36:35.829768175,T,TGT,I,60,99.98
2025-12-18,9:36:35.829771029,T,TGT,,100,99.97
2025-12-18,9:36:35.829771029,T,TGT,I,40,99.97
2025-12-18,9:36:35.829786008,T,TGT,I,1,99.97
2025-12-18,9:36:35.829789192,T,TGT,I,59,99.97
2025-12-18,9:36:35.829791970,T,TGT,I,1,99.97
2025-12-18,9:36:35.829816051,T,TGT,I,60,99.97
2025-12-18,9:36:35.830411767,T,TGT,F I,39,99.97
2025-12-18,9:36:35.830414489,T,TGT,F I,61,99.96
2025-12-18,9:36:35.830420497,T,TGT,I,39,99.96
2025-12-18,9:36:37.828022515,T,TGT,I,22,99.96
2025-12-18,9:36:37.828025683,T,TGT,I,25,99.95
2025-12-18,9:36:37.828028583,T,TGT,I,64,99.95
2025-12-18,9:36:39.921928912,T,TGT,I,50,99.985
2025-12-18,9:36:39.921956068,T,TGT,I,50,99.985
2025-12-18,9:36:39.922016193,T,TGT,F I,25,100.01
2025-12-18,9:36:39.922428126,T,TGT,,150,100.0
2025-12-18,9:36:39.922455230,T,TGT,F I,50,99.995
2025-12-18,9:36:39.922578521,T,TGT,I,25,99.98
2025-12-18,9:36:39.922578521,T,TGT,I,40,99.97
2025-12-18,9:36:39.922581518,T,TGT,I,3,99.97
2025-12-18,9:36:39.922605607,T,TGT,I,60,100.0
2025-12-18,9:36:39.924472965,T,TGT,I,50,99.97
2025-12-18,9:36:41.600398731,T,TGT,F,100,100.0
2025-12-18,9:36:41.600398731,T,TGT,F I,4,100.0
2025-12-18,9:36:41.600939963,T,TGT,F,100,100.03
2025-12-18,9:36:46.666775640,T,TGT,F I,1,100.04
2025-12-18,9:36:46.666778674,T,TGT,F I,2,100.04
2025-12-18,9:36:46.666784641,T,TGT,F I,97,100.03
2025-12-18,9:36:46.666808697,T,TGT,I,3,100.03
2025-12-18,9:36:46.667416188,T,TGT,F I,50,100.02
2025-12-18,9:36:46.667419199,T,TGT,F I,50,100.02
2025-12-18,9:36:59.266213174,T,TGT,F I,5,99.94
2025-12-18,9:36:59.266216166,T,TGT,F,100,99.93
2025-12-18,9:36:59.266432642,T,TGT,F,100,99.92
2025-12-18,9:36:59.266694264,T,TGT,F,100,99.92
2025-12-18,9:36:59.267067415,T,TGT,,100,99.92
2025-12-18,9:36:59.267070155,T,TGT,,100,99.92
2025-12-18,9:36:59.269000750,T,TGT,I,70,99.88
2025-12-18,9:37:01.313454477,T,TGT,F I,25,99.87
2025-12-18,9:37:04.410965969,T,TGT,,200,99.835
2025-12-18,9:37:04.410965969,T,TGT,,100,99.835
2025-12-18,9:37:04.411005041,T,TGT,,125,99.835
2025-12-18,9:37:05.509200300,T,TGT,I,50,99.835
2025-12-18,9:37:05.511810567,T,TGT,,100,99.835
2025-12-18,9:37:35.010124300,T,TGT,I,5,99.85
2025-12-18,9:37:36.172739094,T,TGT,,100,99.81
2025-12-18,9:37:36.173508826,T,TGT,,255,99.79
2025-12-18,9:37:36.173524149,T,TGT,F I,50,99.79
2025-12-18,9:37:36.173572091,T,TGT,F I,50,99.79
2025-12-18,9:37:36.174329869,T,TGT,I,45,99.79
2025-12-18,9:37:36.174534298,T,TGT,I,5,99.76
2025-12-18,9:37:36.174537421,T,TGT,I,10,99.75
2025-12-18,9:37:36.174537421,T,TGT,I,95,99.75
2025-12-18,9:37:36.174567361,T,TGT,I,5,99.75
2025-12-18,9:37:37.205236762,T,TGT,,100,99.72
2025-12-18,9:37:41.065897296,T,TGT,F,100,99.68
2025-12-18,9:37:43.058955492,T,TGT,F I,50,99.67
2025-12-18,9:37:50.824680072,T,TGT,I,50,99.65
2025-12-18,9:37:50.824683160,T,TGT,I,18,99.65
2025-12-18,9:37:50.827877185,T,TGT,F I,8,99.66
2025-12-18,9:37:50.827877185,T,TGT,F,100,99.66
2025-12-18,9:37:50.827879680,T,TGT,F I,3,99.66
2025-12-18,9:37:50.827882717,T,TGT,F,548,99.66
2025-12-18,9:37:50.832020604,T,TGT,I,80,99.675
2025-12-18,9:37:50.954869205,T,TGT,I,37,99.675
2025-12-18,9:37:52.399865727,T,TGT,F I,37,99.67
2025-12-18,9:37:52.399868729,T,TGT,F I,13,99.67
2025-12-18,9:37:53.943840148,T,TGT,F I,18,99.67
2025-12-18,9:37:53.943846111,T,TGT,F I,32,99.67
2025-12-18,9:37:53.971671410,T,TGT,F I,18,99.68
2025-12-18,9:37:53.971674398,T,TGT,F I,40,99.68
2025-12-18,9:37:53.989970044,T,TGT,F I,50,99.7
2025-12-18,9:37:53.990006103,T,TGT,F I,31,99.7
2025-12-18,9:37:54.038743184,T,TGT,F I,50,99.71
2025-12-18,9:37:56.650438218,T,TGT,F I,50,99.75
2025-12-18,9:37:58.932445923,T,TGT,F I,1,99.76
2025-12-18,9:37:58.932451881,T,TGT,F I,99,99.76
2025-12-18,9:37:58.932451881,T,TGT,F I,1,99.76
2025-12-18,9:37:58.932455193,T,TGT,F I,2,99.76
2025-12-18,9:37:58.932455193,T,TGT,F I,1,99.76
2025-12-18,9:37:58.932457959,T,TGT,F I,7,99.76
2025-12-18,9:38:01.979217453,T,TGT,F I,80,99.82
2025-12-18,9:38:01.979217453,T,TGT,F I,50,99.82
2025-12-18,9:38:01.979223453,T,TGT,F I,2,99.82
2025-12-18,9:38:01.979223453,T,TGT,F I,26,99.82
2025-12-18,9:38:01.980426312,T,TGT,,100,99.81
2025-12-18,9:38:01.980444280,T,TGT,I,2,99.81
2025-12-18,9:38:01.985535763,T,TGT,F I,15,99.81
2025-12-18,9:38:01.985562523,T,TGT,I,80,99.81
2025-12-18,9:38:02.072704129,T,TGT,F I,10,99.82
2025-12-18,9:38:02.072755318,T,TGT,,100,99.82
2025-12-18,9:38:02.072773295,T,TGT,I,1,99.82
2025-12-18,9:38:02.073991215,T,TGT,F I,2,99.82
2025-12-18,9:38:02.074024441,T,TGT,I,2,99.8
2025-12-18,9:38:02.074024441,T,TGT,,100,99.8
2025-12-18,9:38:02.074027256,T,TGT,I,57,99.8
2025-12-18,9:38:03.024300223,T,TGT,F I,17,99.8
2025-12-18,9:38:04.320336715,T,TGT,I,80,99.79
2025-12-18,9:38:04.320811854,T,TGT,,100,99.78
2025-12-18,9:38:04.363468549,T,TGT,F I,50,99.79
2025-12-18,9:38:04.363498802,T,TGT,,150,99.79
2025-12-18,9:38:05.251276580,T,TGT,F I,20,99.77
2025-12-18,9:38:05.251336785,T,TGT,I,55,99.77
2025-12-18,9:38:05.251366786,T,TGT,I,25,99.77
2025-12-18,9:38:05.251514191,T,TGT,F I,5,99.78
2025-12-18,9:38:05.251514191,T,TGT,F I,10,99.78
2025-12-18,9:38:05.251520375,T,TGT,F I,28,99.79
2025-12-18,9:38:05.251523225,T,TGT,F I,60,99.79
2025-12-18,9:38:05.251523225,T,TGT,F I,11,99.79
2025-12-18,9:38:05.251538264,T,TGT,I,1,99.79
2025-12-18,9:38:05.251544191,T,TGT,I,79,99.79
2025-12-18,9:38:05.251592371,T,TGT,I,99,99.79
2025-12-18,9:38:05.251616373,T,TGT,I,1,99.79
2025-12-18,9:38:05.251649431,T,TGT,F I,1,99.79
2025-12-18,9:38:05.251953277,T,TGT,I,2,99.77
2025-12-18,9:38:05.251956164,T,TGT,I,22,99.77
2025-12-18,9:38:13.330985697,T,TGT,F I,2,99.78
2025-12-18,9:38:13.330988419,T,TGT,F I,10,99.78
2025-12-18,9:38:17.036277822,T,TGT,F I,4,99.79
2025-12-18,9:38:17.036395043,T,TGT,I,70,99.8
2025-12-18,9:38:17.039203741,T,TGT,I,4,99.81
2025-12-18,9:38:17.238654128,T,TGT,F,100,99.82
2025-12-18,9:38:17.238654128,T,TGT,F,100,99.82
2025-12-18,9:38:17.238657535,T,TGT,F I,40,99.82
2025-12-18,9:38:17.238657535,T,TGT,F,100,99.82
2025-12-18,9:38:17.277614696,T,TGT,F,100,99.85
2025-12-18,9:38:17.279861030,T,TGT,F I,60,99.87
2025-12-18,9:38:17.812604243,T,TGT,F,100,99.85
2025-12-18,9:38:18.340205254,T,TGT,F I,2,99.83
2025-12-18,9:38:18.340208269,T,TGT,F,100,99.83
2025-12-18,9:38:19.334268799,T,TGT,F I,4,99.84
2025-12-18,9:38:23.144119961,T,TGT,F I,50,99.79
2025-12-18,9:38:23.191118887,T,TGT,F,100,99.78
2025-12-18,9:38:23.191124892,T,TGT,F I,11,99.77
2025-12-18,9:38:23.214854472,T,TGT,,100,99.76
2025-12-18,9:38:23.289005107,T,TGT,F I,10,99.73
2025-12-18,9:38:23.289059260,T,TGT,F I,50,99.73
2025-12-18,9:38:23.289164583,T,TGT,F I,50,99.73
2025-12-18,9:38:38.326284311,T,TGT,F I,10,99.75
2025-12-18,9:38:38.326290399,T,TGT,F,100,99.75
2025-12-18,9:38:38.326290399,T,TGT,F,100,99.76
2025-12-18,9:38:38.326293805,T,TGT,F I,2,99.76
2025-12-18,9:38:38.326297276,T,TGT,F I,18,99.76
2025-12-18,9:38:38.326297276,T,TGT,F I,36,99.76
2025-12-18,9:38:38.326299433,T,TGT,F I,4,99.76
2025-12-18,9:38:38.326302598,T,TGT,F I,40,99.76
2025-12-18,9:38:38.326302598,T,TGT,F I,60,99.76
2025-12-18,9:38:38.326344456,T,TGT,F I,1,99.77
2025-12-18,9:38:38.326353549,T,TGT,F I,1,99.77
2025-12-18,9:38:38.326735629,T,TGT,I,84,99.75
2025-12-18,9:38:38.326735629,T,TGT,F I,16,99.75
2025-12-18,9:38:38.327018097,T,TGT,F,100,99.77
2025-12-18,9:38:39.536078492,T,TGT,F I,30,99.79
2025-12-18,9:38:39.536081510,T,TGT,F,100,99.79
2025-12-18,9:38:41.312789235,T,TGT,F I,6,99.85
2025-12-18,9:38:41.312792570,T,TGT,F,100,99.85
2025-12-18,9:38:42.003610086,T,TGT,F I,40,99.87
2025-12-18,9:38:42.003613142,T,TGT,F,100,99.87
2025-12-18,9:38:45.718245690,T,TGT,I,5,99.88
2025-12-18,9:38:47.430756464,T,TGT,F I,50,99.86
2025-12-18,9:38:47.430774572,T,TGT,F I,16,99.86
2025-12-18,9:38:47.430777548,T,TGT,F I,28,99.85
2025-12-18,9:38:47.430780877,T,TGT,F I,72,99.85
2025-12-18,9:38:47.430783536,T,TGT,F I,73,99.85
2025-12-18,9:38:47.430795656,T,TGT,F I,11,99.85
2025-12-18,9:38:47.430801827,T,TGT,F I,16,99.85
2025-12-18,9:38:47.430801827,T,TGT,F,100,99.85
2025-12-18,9:38:47.430804590,T,TGT,F I,56,99.85
2025-12-18,9:38:47.430807645,T,TGT,I,4,99.85
2025-12-18,9:38:47.431363954,T,TGT,F I,68,99.84
2025-12-18,9:38:47.431363954,T,TGT,F,100,99.84
2025-12-18,9:38:47.435976948,T,TGT,I,92,99.84
2025-12-18,9:38:48.828925484,T,TGT,I,26,99.85
2025-12-18,9:38:49.167417863,T,TGT,I,50,99.835
2025-12-18,9:38:54.093694096,T,TGT,F I,2,99.85
2025-12-18,9:38:54.093697118,T,TGT,F I,98,99.85
2025-12-18,9:38:54.093718137,T,TGT,F I,2,99.85
2025-12-18,9:38:54.093718137,T,TGT,F I,20,99.85
2025-12-18,9:38:54.093721110,T,TGT,F I,1,99.85
2025-12-18,9:38:59.803053864,T,TGT,I,70,99.85
2025-12-18,9:38:59.803074843,T,TGT,F I,30,99.85
2025-12-18,9:38:59.803077911,T,TGT,F I,1,99.85
2025-12-18,9:38:59.803616215,T,TGT,F I,90,99.86
2025-12-18,9:39:00.941178240,T,TGT,I,5,99.875
2025-12-18,9:39:16.033678512,T,TGT,F I,55,99.86
2025-12-18,9:39:16.033678512,T,TGT,F I,11,99.86
2025-12-18,9:39:16.033684631,T,TGT,F,100,99.85
2025-12-18,9:39:16.033684631,T,TGT,F,100,99.85
2025-12-18,9:39:16.033687723,T,TGT,F I,34,99.85
2025-12-18,9:39:16.033687723,T,TGT,F I,66,99.85
2025-12-18,9:39:16.033690165,T,TGT,F I,34,99.85
2025-12-18,9:39:16.033696630,T,TGT,F I,8,99.85
2025-12-18,9:39:16.033699217,T,TGT,F I,23,99.85
2025-12-18,9:39:16.034087148,T,TGT,F,100,99.86
2025-12-18,9:39:16.034096130,T,TGT,F,100,99.86
2025-12-18,9:39:16.034105647,T,TGT,I,1,99.85
2025-12-18,9:39:16.034186315,T,TGT,F,100,99.88
2025-12-18,9:39:16.034324660,T,TGT,,100,99.88
2025-12-18,9:39:16.034327642,T,TGT,I,43,99.87
2025-12-18,9:39:16.034357743,T,TGT,I,57,99.87
2025-12-18,9:39:16.034366763,T,TGT,F I,36,99.89
2025-12-18,9:39:16.034400640,T,TGT,F I,64,99.89
2025-12-18,9:39:16.034402842,T,TGT,F I,36,99.89
2025-12-18,9:39:16.034415247,T,TGT,F I,39,99.88
2025-12-18,9:39:16.034415247,T,TGT,F I,5,99.89
2025-12-18,9:39:16.034420871,T,TGT,I,9,99.87
2025-12-18,9:39:16.035316977,T,TGT,F I,4,99.88
2025-12-18,9:39:16.035365283,T,TGT,,100,99.88
2025-12-18,9:39:16.035368119,T,TGT,I,43,99.88
2025-12-18,9:39:16.035380124,T,TGT,,107,99.88
2025-12-18,9:39:16.116159277,T,TGT,F I,4,99.89
2025-12-18,9:39:16.116159277,T,TGT,F I,25,99.89
2025-12-18,9:39:16.116161588,T,TGT,F I,59,99.89
2025-12-18,9:39:16.747651054,T,TGT,,100,99.89
2025-12-18,9:39:29.676517385,T,TGT,F I,25,99.91
2025-12-18,9:39:29.676520808,T,TGT,I,8,99.91
2025-12-18,9:39:29.676688818,T,TGT,I,67,99.91
2025-12-18,9:39:29.676691801,T,TGT,I,4,99.91
2025-12-18,9:39:29.677239175,T,TGT,F,100,99.9
2025-12-18,9:39:29.677486342,T,TGT,I,30,99.905
2025-12-18,9:39:29.677488698,T,TGT,I,44,99.91
2025-12-18,9:39:29.677491799,T,TGT,I,26,99.91
2025-12-18,9:39:29.677548878,T,TGT,,100,99.9
2025-12-18,9:39:29.677753370,T,TGT,I,37,99.9
2025-12-18,9:39:29.678017957,T,TGT,F I,90,99.91
2025-12-18,9:39:29.678017957,T,TGT,F I,53,99.91
2025-12-18,9:39:29.678117184,T,TGT,,100,99.91
2025-12-18,9:39:29.680213203,T,TGT,F I,25,99.91
2025-12-18,9:39:29.680289543,T,TGT,F I,60,99.92
2025-12-18,9:39:29.680348551,T,TGT,F I,50,99.92
2025-12-18,9:39:29.680369626,T,TGT,I,50,99.92
2025-12-18,9:39:29.680498876,T,TGT,,100,99.92
2025-12-18,9:39:29.680498876,T,TGT,I,40,99.92
2025-12-18,9:39:29.684603627,T,TGT,F I,16,99.93
2025-12-18,9:39:29.684919470,T,TGT,F I,84,99.93
2025-12-18,9:39:29.684919470,T,TGT,F,100,99.93
2025-12-18,9:39:29.686582445,T,TGT,I,8,99.93
2025-12-18,9:39:29.782273852,T,TGT,,100,99.92
2025-12-18,9:39:29.782273852,T,TGT,I,90,99.92
2025-12-18,9:39:29.782276741,T,TGT,I,9,99.92
2025-12-18,9:39:29.782276741,T,TGT,,100,99.92
2025-12-18,9:39:29.782592186,T,TGT,F,100,99.91
2025-12-18,9:39:30.285038262,T,TGT,F I,50,99.89
2025-12-18,9:39:30.285044294,T,TGT,,150,99.89
2025-12-18,9:39:30.303553293,T,TGT,,100,99.89
2025-12-18,9:39:31.311184859,T,TGT,I,30,99.89
2025-12-18,9:39:31.313722862,T,TGT,I,50,99.89
2025-12-18,9:39:31.316279074,T,TGT,I,20,99.89
2025-12-18,9:39:31.316757395,T,TGT,F I,90,99.92
2025-12-18,9:39:31.316760141,T,TGT,F I,52,99.92
2025-12-18,9:39:31.316763111,T,TGT,F I,8,99.92
2025-12-18,9:39:31.316814323,T,TGT,F,100,99.93
2025-12-18,9:39:31.795557738,T,TGT,F,100,99.96
2025-12-18,9:39:31.795560837,T,TGT,F,100,99.96
2025-12-18,9:39:33.254853311,T,TGT,F,100,99.975
2025-12-18,9:39:33.254856310,T,TGT,F,100,99.97
2025-12-18,9:39:33.254865266,T,TGT,I,60,99.97
2025-12-18,9:39:33.255944879,T,TGT,F I,1,99.99
2025-12-18,9:39:33.255947862,T,TGT,F I,40,99.99
2025-12-18,9:39:33.256143272,T,TGT,F I,5,100.0
2025-12-18,9:39:33.256147608,T,TGT,F I,25,100.0
2025-12-18,9:39:33.256149478,T,TGT,F I,50,100.0
2025-12-18,9:39:33.256153235,T,TGT,F I,6,100.0
2025-12-18,9:39:33.256155748,T,TGT,F I,1,100.0
2025-12-18,9:39:33.256158912,T,TGT,F I,50,100.0
2025-12-18,9:39:39.796770650,T,TGT,F I,40,99.99
2025-12-18,9:39:39.796773632,T,TGT,F I,10,99.99
2025-12-18,9:39:39.796807013,T,TGT,I,15,99.99
2025-12-18,9:39:39.796807013,T,TGT,,100,99.98
2025-12-18,9:39:39.796812737,T,TGT,I,87,99.98
2025-12-18,9:39:39.796827705,T,TGT,I,1,99.98
2025-12-18,9:39:39.796834597,T,TGT,F I,12,99.98
2025-12-18,9:39:39.796834597,T,TGT,F I,2,99.98
2025-12-18,9:39:39.796836929,T,TGT,F I,1,99.98
2025-12-18,9:39:39.796836929,T,TGT,I,60,99.98
2025-12-18,9:39:39.796872879,T,TGT,I,39,99.98
2025-12-18,9:39:39.797805021,T,TGT,I,60,99.97
2025-12-18,9:39:39.797805021,T,TGT,I,40,99.96
2025-12-18,9:39:39.797826094,T,TGT,F I,60,99.96
2025-12-18,9:39:50.041400006,T,TGT,F I,11,99.95
2025-12-18,9:39:50.041400006,T,TGT,F I,1,99.95
2025-12-18,9:39:50.041682595,T,TGT,F I,2,99.96
2025-12-18,9:39:56.548458064,T,TGT,I,2,99.98
2025-12-18,9:39:56.551393095,T,TGT,F I,2,99.99
2025-12-18,9:39:56.551396108,T,TGT,F,100,99.99
2025-12-18,9:39:56.557837446,T,TGT,F I,1,100.0
2025-12-18,9:39:58.233991647,T,TGT,F I,2,100.04
2025-12-18,9:40:01.306534577,T,TGT,,100,100.03
2025-12-18,9:40:03.274293499,T,TGT,F I,20,100.05
2025-12-18,9:40:03.274296562,T,TGT,F I,80,100.05
2025-12-18,9:40:03.274314622,T,TGT,I,1,100.05
2025-12-18,9:40:04.037061889,T,TGT,,100,100.01
2025-12-18,9:40:04.037061889,T,TGT,I,1,100.01
2025-12-18,9:40:04.037063766,T,TGT,,100,100.01
2025-12-18,9:40:04.037087877,T,TGT,I,56,100.01
2025-12-18,9:40:04.037090977,T,TGT,I,4,100.01
2025-12-18,9:40:04.037090977,T,TGT,I,1,100.01
2025-12-18,9:40:04.037120811,T,TGT,I,3,100.01
2025-12-18,9:40:04.037701271,T,TGT,,100,100.02
2025-12-18,9:40:04.037701271,T,TGT,,100,100.02
2025-12-18,9:40:04.057713950,T,TGT,F,100,100.03
2025-12-18,9:40:04.057713950,T,TGT,F,100,100.03
2025-12-18,9:40:04.057740942,T,TGT,F,100,100.04
2025-12-18,9:40:04.057746942,T,TGT,F I,29,100.04
2025-12-18,9:40:04.057746942,T,TGT,F I,30,100.04
2025-12-18,9:40:04.058703323,T,TGT,F I,19,100.05
2025-12-18,9:40:04.253513363,T,TGT,F I,80,100.09
2025-12-18,9:40:04.253516351,T,TGT,F,225,100.1
2025-12-18,9:40:04.253787174,T,TGT,,275,100.1
2025-12-18,9:40:04.253789985,T,TGT,,200,100.1
2025-12-18,9:40:04.253832321,T,TGT,,100,100.1
2025-12-18,9:40:04.254045704,T,TGT,F I,2,100.09
2025-12-18,9:40:04.254070395,T,TGT,F I,83,100.1
2025-12-18,9:40:04.254075695,T,TGT,I,17,100.1
2025-12-18,9:40:04.254075695,T,TGT,,100,100.09
2025-12-18,9:40:04.254078689,T,TGT,I,41,100.09
2025-12-18,9:40:04.259693124,T,TGT,I,37,100.07
2025-12-18,9:40:04.259693124,T,TGT,I,23,100.07
2025-12-18,9:40:04.259717146,T,TGT,I,17,100.07
2025-12-18,9:40:04.259720814,T,TGT,I,24,100.07
2025-12-18,9:40:04.260965775,T,TGT,F I,59,100.07
2025-12-18,9:40:04.260968084,T,TGT,F I,39,100.07
2025-12-18,9:40:04.260998309,T,TGT,F I,61,100.07
2025-12-18,9:40:04.260998309,T,TGT,F I,39,100.07
2025-12-18,9:40:04.263172326,T,TGT,,100,100.08
2025-12-18,9:40:04.567386095,T,TGT,F I,60,100.09
2025-12-18,9:40:04.580331926,T,TGT,,100,100.1
2025-12-18,9:40:04.595103121,T,TGT,I,5,100.08
2025-12-18,9:40:04.595106139,T,TGT,I,37,100.08
2025-12-18,9:40:04.595130155,T,TGT,F,100,100.07
2025-12-18,9:40:04.595133199,T,TGT,F I,20,100.07
2025-12-18,9:40:04.595136191,T,TGT,F I,20,100.07
2025-12-18,9:40:04.595136191,T,TGT,F I,29,100.07
2025-12-18,9:40:04.596360190,T,TGT,I,71,100.07
2025-12-18,9:40:04.616565304,T,TGT,,100,100.07
2025-12-18,9:40:04.630539747,T,TGT,F I,5,100.08
2025-12-18,9:40:04.630542908,T,TGT,F I,5,100.08
2025-12-18,9:40:04.630542908,T,TGT,F I,40,100.08
2025-12-18,9:40:04.630564007,T,TGT,F I,60,100.08
2025-12-18,9:40:04.630564007,T,TGT,F I,5,100.08
2025-12-18,9:40:04.636286247,T,TGT,F I,4,100.09
2025-12-18,9:40:04.645668644,T,TGT,F I,29,100.1
2025-12-18,9:40:04.645671573,T,TGT,F I,60,100.1
2025-12-18,9:40:04.737002185,T,TGT,F I,40,100.11
2025-12-18,9:40:04.737023251,T,TGT,I,12,100.11
2025-12-18,9:40:04.999193777,T,TGT,,100,100.11
2025-12-18,9:40:06.144493411,T,TGT,F I,20,100.16
2025-12-18,9:40:06.144998964,T,TGT,F I,47,100.16
2025-12-18,9:40:06.145001968,T,TGT,F I,2,100.15
2025-12-18,9:40:06.145005275,T,TGT,F I,37,100.15
2025-12-18,9:40:06.145007887,T,TGT,F,100,100.15
2025-12-18,9:40:06.145007887,T,TGT,F I,82,100.15
2025-12-18,9:40:06.145085884,T,TGT,I,2,100.16
2025-12-18,9:40:06.145136984,T,TGT,F I,25,100.16
2025-12-18,9:40:06.145139966,T,TGT,I,75,100.16
2025-12-18,9:40:06.147031476,T,TGT,F I,29,100.14
2025-12-18,9:40:06.147097628,T,TGT,F I,37,100.13
2025-12-18,9:40:06.195476864,T,TGT,F I,3,100.11
2025-12-18,9:40:06.195828698,T,TGT,I,2,100.12
2025-12-18,9:40:06.195828698,T,TGT,I,3,100.12
2025-12-18,9:40:06.195927903,T,TGT,F I,97,100.11
2025-12-18,9:40:06.195931084,T,TGT,F,100,100.11
2025-12-18,9:40:06.195931084,T,TGT,F I,2,100.11
2025-12-18,9:40:06.196373975,T,TGT,I,59,100.11
2025-12-18,9:40:06.196373975,T,TGT,,100,100.11
2025-12-18,9:40:06.196827135,T,TGT,F I,1,100.12
2025-12-18,9:40:07.429619997,T,TGT,I,99,100.14
2025-12-18,9:40:07.429638030,T,TGT,I,1,100.14
2025-12-18,9:40:08.515128052,T,TGT,I,1,100.18
2025-12-18,9:40:08.515131096,T,TGT,I,45,100.19
2025-12-18,9:40:08.515192492,T,TGT,F I,55,100.19
2025-12-18,9:40:10.747571685,T,TGT,F I,21,100.22
2025-12-18,9:40:13.070930669,T,TGT,F I,18,100.2
2025-12-18,9:40:13.070933652,T,TGT,F,100,100.2
2025-12-18,9:40:13.071084720,T,TGT,F I,55,100.19
2025-12-18,9:40:13.071405802,T,TGT,F,100,100.18
2025-12-18,9:40:13.072097435,T,TGT,,100,100.18
2025-12-18,9:40:13.072106411,T,TGT,F,100,100.18
2025-12-18,9:40:13.072322964,T,TGT,,100,100.18
2025-12-18,9:40:15.687449236,T,TGT,I,80,100.17
2025-12-18,9:40:15.687449236,T,TGT,I,20,100.165
2025-12-18,9:40:15.751748358,T,TGT,F I,25,100.19
2025-12-18,9:40:15.751751389,T,TGT,F I,25,100.19
2025-12-18,9:40:17.091115264,T,TGT,I,80,100.165
2025-12-18,9:40:21.663583670,T,TGT,I,55,100.14
2025-12-18,9:40:21.663583670,T,TGT,I,9,100.14
2025-12-18,9:40:21.663586611,T,TGT,I,80,100.14
2025-12-18,9:40:24.404084471,T,TGT,F I,60,100.15
2025-12-18,9:40:24.404087446,T,TGT,F,100,100.14
2025-12-18,9:40:24.404947734,T,TGT,F I,90,100.17
2025-12-18,9:40:24.404950739,T,TGT,F,100,100.17
2025-12-18,9:40:24.405431657,T,TGT,F I,3,100.18
2025-12-18,9:40:24.405669185,T,TGT,I,59,100.18
2025-12-18,9:40:24.409109348,T,TGT,F I,28,100.17
2025-12-18,9:40:24.409109348,T,TGT,F I,80,100.17
2025-12-18,9:40:24.409113171,T,TGT,F I,19,100.17
2025-12-18,9:40:24.409113171,T,TGT,F I,10,100.17
2025-12-18,9:40:24.409119554,T,TGT,F I,39,100.17
2025-12-18,9:40:24.409119554,T,TGT,F I,27,100.17
2025-12-18,9:40:24.414068169,T,TGT,F,100,100.15
2025-12-18,9:40:24.414113379,T,TGT,F I,34,100.14
2025-12-18,9:40:24.414450162,T,TGT,F,100,100.13
2025-12-18,9:40:24.602620367,T,TGT,,100,100.13
2025-12-18,9:40:24.602623379,T,TGT,I,1,100.13
2025-12-18,9:40:24.602644445,T,TGT,,100,100.13
2025-12-18,9:40:24.602644445,T,TGT,I,42,100.13
2025-12-18,9:40:24.602933114,T,TGT,F,100,100.14
2025-12-18,9:40:24.768886516,T,TGT,F,100,100.15
2025-12-18,9:40:24.768904607,T,TGT,F I,42,100.15
2025-12-18,9:40:24.768958673,T,TGT,,100,100.16
2025-12-18,9:40:24.768958673,T,TGT,I,42,100.16
2025-12-18,9:40:25.898924662,T,TGT,,100,100.17
2025-12-18,9:40:25.898927664,T,TGT,I,8,100.17
2025-12-18,9:40:26.038628535,T,TGT,I,34,100.16
2025-12-18,9:40:26.038628535,T,TGT,I,66,100.16
2025-12-18,9:40:27.171559549,T,TGT,I,80,100.17
2025-12-18,9:40:28.302671332,T,TGT,F I,16,100.15
2025-12-18,9:40:28.302704399,T,TGT,,100,100.14
2025-12-18,9:40:28.302792046,T,TGT,F I,43,100.13
2025-12-18,9:40:28.302794604,T,TGT,F I,7,100.13
2025-12-18,9:40:28.308785192,T,TGT,F,100,100.1
2025-12-18,9:40:28.308785192,T,TGT,F I,23,100.1
2025-12-18,9:40:28.308785192,T,TGT,F I,27,100.1
2025-12-18,9:40:28.308797597,T,TGT,F I,73,100.1
2025-12-18,9:40:28.308797597,T,TGT,F I,61,100.1
2025-12-18,9:40:28.308800518,T,TGT,F I,39,100.1
2025-12-18,9:40:28.309792721,T,TGT,F,200,100.09
2025-12-18,9:40:28.309795241,T,TGT,F I,29,100.09
2025-12-18,9:40:28.309816359,T,TGT,I,6,100.09
2025-12-18,9:40:28.309828532,T,TGT,I,80,100.09
2025-12-18,9:40:28.309831365,T,TGT,F I,14,100.09
2025-12-18,9:40:28.976913565,T,TGT,,200,100.09
2025-12-18,9:40:30.789379481,T,TGT,,200,100.11
2025-12-18,9:40:34.898020422,T,TGT,I,34,100.14
2025-12-18,9:40:34.898022803,T,TGT,I,66,100.15
2025-12-18,9:40:41.499015729,T,TGT,,100,100.12
2025-12-18,9:40:49.738753967,T,TGT,F I,50,100.12
2025-12-18,9:40:50.148657558,T,TGT,F I,50,100.125
2025-12-18,9:40:50.148663627,T,TGT,I,50,100.125
2025-12-18,9:40:50.148771804,T,TGT,I,6,100.09
2025-12-18,9:40:50.148801903,T,TGT,I,44,100.09
2025-12-18,9:40:50.148801903,T,TGT,I,6,100.09
2025-12-18,9:40:50.149758179,T,TGT,F I,6,100.1
2025-12-18,9:40:50.149881401,T,TGT,F I,30,100.11
2025-12-18,9:40:50.151045140,T,TGT,F,100,100.13
2025-12-18,9:40:50.151763916,T,TGT,,200,100.13
2025-12-18,9:40:50.151766935,T,TGT,I,2,100.13
2025-12-18,9:40:50.151785127,T,TGT,I,1,100.13
2025-12-18,9:40:50.159994555,T,TGT,,150,100.115
2025-12-18,9:40:50.159997758,T,TGT,,100,100.11
2025-12-18,9:40:50.159997758,T,TGT,,255,100.11
2025-12-18,9:40:50.160000822,T,TGT,I,80,100.11
2025-12-18,9:40:50.160000822,T,TGT,I,25,100.11
2025-12-18,9:40:50.160003531,T,TGT,,255,100.1
2025-12-18,9:40:50.160006522,T,TGT,,100,100.09
2025-12-18,9:40:50.202515779,T,TGT,,100,100.09
2025-12-18,9:40:50.776541325,T,TGT,F I,34,100.1
2025-12-18,9:40:50.776544321,T,TGT,F I,16,100.1
2025-12-18,9:40:50.776595446,T,TGT,F I,49,100.1
2025-12-18,9:40:50.776598497,T,TGT,F I,1,100.1
2025-12-18,9:40:50.776896146,T,TGT,F,100,100.09
2025-12-18,9:40:50.776896146,T,TGT,F I,54,100.09
2025-12-18,9:40:50.776926211,T,TGT,I,46,100.09
2025-12-18,9:40:50.777404522,T,TGT,F,100,100.08
2025-12-18,9:40:50.777404522,T,TGT,F I,10,100.08
2025-12-18,9:40:50.778264390,T,TGT,F I,35,100.08
2025-12-18,9:40:50.778739567,T,TGT,F,100,100.06
2025-12-18,9:40:50.781560350,T,TGT,F,100,100.06
2025-12-18,9:40:52.438526132,T,TGT,F,100,100.01
2025-12-18,9:40:52.438528805,T,TGT,F I,31,100.01
2025-12-18,9:40:52.439145267,T,TGT,I,66,99.98
2025-12-18,9:40:52.439178356,T,TGT,I,8,99.98
2025-12-18,9:40:52.439446065,T,TGT,I,11,99.99
2025-12-18,9:40:54.456269983,T,TGT,I,80,100.01
2025-12-18,9:40:54.456272797,T,TGT,,588,100.01
2025-12-18,9:40:54.459030324,T,TGT,F I,90,100.03
2025-12-18,9:40:54.459033333,T,TGT,F,100,100.03
2025-12-18,9:40:55.206172241,T,TGT,F,100,100.04
2025-12-18,9:40:55.206175519,T,TGT,F,670,100.04
2025-12-18,9:40:55.206175519,T,TGT,F,154,100.04
2025-12-18,9:40:55.206200017,T,TGT,I,1,100.04
2025-12-18,9:40:55.206200017,T,TGT,F,567,100.04
2025-12-18,9:40:55.206202423,T,TGT,F I,13,100.04
2025-12-18,9:40:55.206307660,T,TGT,I,50,100.05
2025-12-18,9:40:55.206379834,T,TGT,,100,100.045
2025-12-18,9:40:55.206427864,T,TGT,I,40,100.05
2025-12-18,9:40:55.206632445,T,TGT,F I,80,100.06
2025-12-18,9:40:55.750466025,T,TGT,F I,50,100.05
2025-12-18,9:40:58.691965927,T,TGT,F I,75,100.07
2025-12-18,9:40:58.691969109,T,TGT,F I,73,100.07
2025-12-18,9:40:58.691971697,T,TGT,F I,27,100.07
2025-12-18,9:40:58.691971697,T,TGT,F I,80,100.07
2025-12-18,9:40:58.692037864,T,TGT,F I,9,100.07
2025-12-18,9:40:58.692101073,T,TGT,I,91,100.07
2025-12-18,9:40:58.995827587,T,TGT,,100,100.115
2025-12-18,9:40:59.004163457,T,TGT,,100,100.115
2025-12-18,9:41:00.629220177,T,TGT,I,3,100.115
2025-12-18,9:41:05.884221473,T,TGT,F I,1,100.18
2025-12-18,9:41:05.884224254,T,TGT,F I,2,100.18
2025-12-18,9:41:09.032063534,T,TGT,,150,100.19
2025-12-18,9:41:09.032066534,T,TGT,,100,100.19
2025-12-18,9:41:09.033233324,T,TGT,I,9,100.19
2025-12-18,9:41:09.033798656,T,TGT,I,65,100.19
2025-12-18,9:41:09.087802217,T,TGT,F I,1,100.16
2025-12-18,9:41:09.087805172,T,TGT,F I,72,100.15
2025-12-18,9:41:09.087807976,T,TGT,F I,27,100.15
2025-12-18,9:41:09.087825404,T,TGT,F I,73,100.15
2025-12-18,9:41:09.087825404,T,TGT,F,100,100.15
2025-12-18,9:41:09.087828321,T,TGT,F I,1,100.15
2025-12-18,9:41:09.088033167,T,TGT,F,100,100.14
2025-12-18,9:41:09.088977137,T,TGT,F I,50,100.13
2025-12-18,9:41:09.088989592,T,TGT,F I,50,100.13
2025-12-18,9:41:09.088992115,T,TGT,F I,13,100.13
2025-12-18,9:41:09.089004142,T,TGT,F I,5,100.13
2025-12-18,9:41:09.089004142,T,TGT,F I,95,100.13
2025-12-18,9:41:12.665803344,T,TGT,F,100,100.05
2025-12-18,9:41:12.665860538,T,TGT,F,100,100.04
2025-12-18,9:41:12.666955127,T,TGT,F I,50,100.03
2025-12-18,9:41:12.666967237,T,TGT,F I,50,100.03
2025-12-18,9:41:12.666994141,T,TGT,I,30,100.03
2025-12-18,9:41:12.667015826,T,TGT,F,170,100.03
2025-12-18,9:41:12.720563820,T,TGT,,100,100.015
2025-12-18,9:41:12.722671826,T,TGT,,100,100.015
2025-12-18,9:41:16.653327113,T,TGT,F,100,99.99
2025-12-18,9:41:16.653435381,T,TGT,F,100,99.98
2025-12-18,9:41:16.653435381,T,TGT,F,100,99.98
2025-12-18,9:41:16.654617107,T,TGT,I,11,99.94
2025-12-18,9:41:16.661858424,T,TGT,F I,2,99.96
2025-12-18,9:41:17.307700996,T,TGT,F,100,99.94
2025-12-18,9:41:17.307700996,T,TGT,F,100,99.93
2025-12-18,9:41:17.307716163,T,TGT,I,1,99.93
2025-12-18,9:41:17.308043880,T,TGT,I,99,99.93
2025-12-18,9:41:18.674348854,T,TGT,F I,9,99.92
2025-12-18,9:41:18.674369919,T,TGT,I,9,99.92
2025-12-18,9:41:30.000032967,T,TGT,F,100,99.95
2025-12-18,9:41:30.000035780,T,TGT,F,100,99.96
2025-12-18,9:41:30.004245877,T,TGT,F I,39,100.0
2025-12-18,9:41:30.004245877,T,TGT,F I,11,100.0
2025-12-18,9:41:30.665551343,T,TGT,F I,48,100.02
2025-12-18,9:41:30.665551343,T,TGT,F I,2,100.02
2025-12-18,9:41:31.826797720,T,TGT,I,34,100.0
2025-12-18,9:41:31.826797720,T,TGT,I,66,100.0
2025-12-18,9:41:38.781673871,T,TGT,F,100,99.94
2025-12-18,9:41:38.781673871,T,TGT,F I,6,99.94
2025-12-18,9:41:38.781733984,T,TGT,F I,2,99.93
2025-12-18,9:41:38.781839441,T,TGT,,100,99.93
2025-12-18,9:41:38.782097886,T,TGT,I,52,99.93
2025-12-18,9:41:38.782103937,T,TGT,I,34,99.94
2025-12-18,9:41:38.782133971,T,TGT,I,18,99.94
2025-12-18,9:41:38.782212164,T,TGT,I,80,99.94
2025-12-18,9:41:38.782401599,T,TGT,F I,45,99.96
2025-12-18,9:41:38.782461721,T,TGT,F I,33,99.96
2025-12-18,9:41:38.782476768,T,TGT,F I,12,99.96
2025-12-18,9:41:38.782801557,T,TGT,F I,6,99.95
2025-12-18,9:41:38.782804548,T,TGT,F I,16,99.95
2025-12-18,9:41:38.782804548,T,TGT,F I,33,99.94
2025-12-18,9:41:38.782807647,T,TGT,F I,11,99.94
2025-12-18,9:41:38.782825579,T,TGT,I,76,99.96
2025-12-18,9:41:38.782831631,T,TGT,I,25,99.96
2025-12-18,9:41:39.116464470,T,TGT,F I,8,99.95
2025-12-18,9:41:39.116635966,T,TGT,F I,8,99.95
2025-12-18,9:41:39.125792710,T,TGT,F,100,99.93
2025-12-18,9:41:39.125795690,T,TGT,F,100,99.93
2025-12-18,9:41:39.125885973,T,TGT,F I,22,99.92
2025-12-18,9:41:42.000371107,T,TGT,F I,1,99.89
2025-12-18,9:41:42.330548762,T,TGT,F I,34,99.86
2025-12-18,9:41:43.306105791,T,TGT,F I,50,99.86
2025-12-18,9:41:43.306165969,T,TGT,I,50,99.86
2025-12-18,9:41:43.306165969,T,TGT,I,50,99.85
2025-12-18,9:41:43.306187039,T,TGT,F I,50,99.85
2025-12-18,9:41:43.313867285,T,TGT,I,4,99.835
2025-12-18,9:41:48.882422731,T,TGT,,100,99.85
2025-12-18,9:41:48.882425663,T,TGT,I,98,99.85
2025-12-18,9:41:48.882441001,T,TGT,F I,2,99.85
2025-12-18,9:41:48.882443767,T,TGT,F I,8,99.85
2025-12-18,9:41:48.883198568,T,TGT,F I,16,99.85
2025-12-18,9:41:48.883232077,T,TGT,,105,99.85
2025-12-18,9:41:55.403804857,T,TGT,F,100,99.81
2025-12-18,9:41:55.403804857,T,TGT,F I,3,99.81
2025-12-18,9:41:55.403822355,T,TGT,F I,97,99.81
2025-12-18,9:41:55.927727159,T,TGT,I,60,99.74
2025-12-18,9:41:57.676342012,T,TGT,,100,99.76
2025-12-18,9:42:10.112529561,T,TGT,I,5,99.76
2025-12-18,9:42:16.125973983,T,TGT,F,150,99.74
2025-12-18,9:42:16.125973983,T,TGT,F,100,99.73
2025-12-18,9:42:16.125976775,T,TGT,F,250,99.73
2025-12-18,9:42:16.125985994,T,TGT,I,50,99.73
2025-12-18,9:42:16.125985994,T,TGT,,100,99.73
2025-12-18,9:42:18.640633632,T,TGT,F I,11,99.74
2025-12-18,9:42:18.640636737,T,TGT,F,100,99.74
2025-12-18,9:42:18.640636737,T,TGT,F,100,99.75
2025-12-18,9:42:18.640640523,T,TGT,F I,41,99.75
2025-12-18,9:42:18.640699790,T,TGT,F I,3,99.74
2025-12-18,9:42:19.805266236,T,TGT,F I,12,99.76
2025-12-18,9:42:21.723764679,T,TGT,F I,80,99.77
2025-12-18,9:42:26.665013543,T,TGT,F I,18,99.72
2025-12-18,9:42:26.665016527,T,TGT,F I,58,99.72
2025-12-18,9:42:26.665022548,T,TGT,F I,24,99.72
2025-12-18,9:42:30.916461019,T,TGT,,300,99.68
2025-12-18,9:42:31.767004971,T,TGT,I,80,99.68
2025-12-18,9:42:31.767007387,T,TGT,,100,99.67
2025-12-18,9:42:31.767010577,T,TGT,F I,1,99.69
2025-12-18,9:42:31.767022459,T,TGT,I,1,99.68
2025-12-18,9:42:31.767034385,T,TGT,I,1,99.68
2025-12-18,9:42:31.767043363,T,TGT,F,100,99.68
2025-12-18,9:42:31.767046408,T,TGT,F I,41,99.68
2025-12-18,9:42:36.483864568,T,TGT,F I,41,99.67
2025-12-18,9:42:36.483864568,T,TGT,F I,30,99.67
2025-12-18,9:42:36.483870609,T,TGT,F I,49,99.67
2025-12-18,9:42:36.483870609,T,TGT,F I,50,99.67
2025-12-18,9:42:36.483875005,T,TGT,F I,38,99.67
2025-12-18,9:42:36.483875005,T,TGT,F,100,99.67
2025-12-18,9:42:36.485473408,T,TGT,F I,49,99.66
2025-12-18,9:42:36.485485900,T,TGT,F I,16,99.66
2025-12-18,9:42:36.485485900,T,TGT,F I,11,99.66
2025-12-18,9:42:36.485488436,T,TGT,F I,49,99.67
2025-12-18,9:42:38.156295930,T,TGT,F I,50,99.705
2025-12-18,9:42:38.156340983,T,TGT,I,50,99.705
2025-12-18,9:42:39.694466425,T,TGT,F I,10,99.72
2025-12-18,9:42:39.694508459,T,TGT,F I,10,99.72
2025-12-18,9:42:47.079442061,T,TGT,I,2,99.695
2025-12-18,9:42:48.858405449,T,TGT,F I,50,99.65
2025-12-18,9:42:48.858426281,T,TGT,F I,32,99.65
2025-12-18,9:42:48.858465378,T,TGT,F I,18,99.65
2025-12-18,9:42:48.858465378,T,TGT,F I,32,99.64
2025-12-18,9:42:49.979067092,T,TGT,F I,50,99.63
2025-12-18,9:42:49.979095099,T,TGT,F I,50,99.63
2025-12-18,9:42:49.979100106,T,TGT,F,100,99.62
2025-12-18,9:42:49.979103159,T,TGT,F I,82,99.62
2025-12-18,9:42:49.979118332,T,TGT,F I,18,99.62
2025-12-18,9:42:49.979124149,T,TGT,F I,32,99.62
2025-12-18,9:42:50.097209535,T,TGT,F,100,99.64
2025-12-18,9:42:50.097212478,T,TGT,F I,35,99.64
2025-12-18,9:42:50.995187796,T,TGT,I,60,99.69
2025-12-18,9:42:50.995341597,T,TGT,I,5,99.69
2025-12-18,9:42:50.995341597,T,TGT,I,10,99.69
2025-12-18,9:42:50.995591163,T,TGT,I,1,99.67
2025-12-18,9:42:55.108648687,T,TGT,I,3,99.67
2025-12-18,9:42:55.586778649,T,TGT,F,100,99.64
2025-12-18,9:42:55.586778649,T,TGT,F I,10,99.64
2025-12-18,9:42:55.586802757,T,TGT,F I,9,99.64
2025-12-18,9:42:55.586805766,T,TGT,F,100,99.64
2025-12-18,9:42:55.586808708,T,TGT,F,100,99.64
2025-12-18,9:42:58.053642627,T,TGT,F,100,99.59
2025-12-18,9:42:58.084616370,T,TGT,F I,27,99.56
2025-12-18,9:42:58.084616370,T,TGT,F I,1,99.56
2025-12-18,9:42:58.084619418,T,TGT,F I,12,99.56
2025-12-18,9:42:58.084622392,T,TGT,F,100,99.57
2025-12-18,9:42:58.084626079,T,TGT,F I,27,99.57
2025-12-18,9:43:05.360967271,T,TGT,F I,50,99.64
2025-12-18,9:43:06.281177507,T,TGT,F I,50,99.7
2025-12-18,9:43:06.281180684,T,TGT,F I,10,99.7
2025-12-18,9:43:06.281180684,T,TGT,F I,5,99.7
2025-12-18,9:43:06.298883689,T,TGT,F I,60,99.73
2025-12-18,9:43:07.700156021,T,TGT,F I,13,99.7
2025-12-18,9:43:07.700165042,T,TGT,F I,20,99.69
2025-12-18,9:43:07.700589054,T,TGT,F I,20,99.68
2025-12-18,9:43:07.700592148,T,TGT,F I,80,99.68
2025-12-18,9:43:09.514621768,T,TGT,F I,50,99.65
2025-12-18,9:43:10.932138870,T,TGT,F,100,99.64
2025-12-18,9:43:20.452910913,T,TGT,F I,21,99.59
2025-12-18,9:43:20.453422198,T,TGT,F,100,99.57
2025-12-18,9:43:20.453975473,T,TGT,,100,99.55
2025-12-18,9:43:20.453975473,T,TGT,,100,99.55
2025-12-18,9:43:22.172641904,T,TGT,I,5,99.56
2025-12-18,9:43:27.947074051,T,TGT,F,100,99.52
2025-12-18,9:43:27.947076916,T,TGT,F,100,99.52
2025-12-18,9:43:27.947104116,T,TGT,F,100,99.51
2025-12-18,9:43:27.947104116,T,TGT,F I,13,99.51
2025-12-18,9:43:27.948156303,T,TGT,I,3,99.48
2025-12-18,9:43:28.046861057,T,TGT,I,80,99.5
2025-12-18,9:43:28.046861057,T,TGT,,101,99.5
2025-12-18,9:43:28.046864185,T,TGT,I,31,99.51
2025-12-18,9:43:28.046864185,T,TGT,,100,99.51
2025-12-18,9:43:28.046869496,T,TGT,I,70,99.51
2025-12-18,9:43:28.046869496,T,TGT,I,40,99.51
2025-12-18,9:43:28.046914647,T,TGT,I,25,99.5
2025-12-18,9:43:28.047264465,T,TGT,F I,75,99.5
2025-12-18,9:43:28.047266672,T,TGT,F,131,99.495
2025-12-18,9:43:28.047326663,T,TGT,I,56,99.48
2025-12-18,9:43:28.047898459,T,TGT,,100,99.47
2025-12-18,9:43:28.048276842,T,TGT,F I,25,99.47
2025-12-18,9:43:28.048280637,T,TGT,F I,1,99.47
2025-12-18,9:43:28.048282990,T,TGT,F I,75,99.47
2025-12-18,9:43:28.048285933,T,TGT,F I,56,99.47
2025-12-18,9:43:28.070635120,T,TGT,F,100,99.49
2025-12-18,9:43:28.070635120,T,TGT,F I,39,99.49
2025-12-18,9:43:36.233555127,T,TGT,I,34,99.5
2025-12-18,9:43:36.233558190,T,TGT,,152,99.51
2025-12-18,9:43:41.451285664,T,TGT,F,100,99.46
2025-12-18,9:43:42.666110868,T,TGT,F I,83,99.44
2025-12-18,9:43:44.470953545,T,TGT,F I,55,99.44
2025-12-18,9:43:45.129982665,T,TGT,I,2,99.46
2025-12-18,9:43:48.440079486,T,TGT,F,110,99.43
2025-12-18,9:43:48.440100525,T,TGT,F I,90,99.43
2025-12-18,9:43:48.440100525,T,TGT,F,400,99.43
2025-12-18,9:43:48.440106600,T,TGT,F,100,99.43
2025-12-18,9:43:48.440368217,T,TGT,F,100,99.42
2025-12-18,9:43:48.440858561,T,TGT,F I,16,99.43
2025-12-18,9:43:48.440861914,T,TGT,F,100,99.43
2025-12-18,9:43:48.440864399,T,TGT,F,100,99.43
2025-12-18,9:43:48.440867357,T,TGT,F I,84,99.43
2025-12-18,9:43:48.440882466,T,TGT,I,1,99.43
2025-12-18,9:43:48.440900507,T,TGT,F I,15,99.43
2025-12-18,9:43:48.440900507,T,TGT,F I,30,99.43
2025-12-18,9:43:48.440915553,T,TGT,F I,16,99.42
2025-12-18,9:43:48.440952240,T,TGT,F,100,99.43
2025-12-18,9:43:48.440954554,T,TGT,F I,6,99.43
2025-12-18,9:43:48.441014794,T,TGT,F I,6,99.42
2025-12-18,9:43:48.445985660,T,TGT,I,45,99.43
2025-12-18,9:43:48.451476912,T,TGT,F,111,99.43
2025-12-18,9:43:48.451476912,T,TGT,F,100,99.43
2025-12-18,9:43:50.421728565,T,TGT,F I,45,99.42
2025-12-18,9:43:50.421731544,T,TGT,F I,5,99.42
2025-12-18,9:43:50.421785617,T,TGT,F I,27,99.42
2025-12-18,9:43:56.387858037,T,TGT,I,1,99.385
2025-12-18,9:43:59.766882068,T,TGT,F,100,99.35
2025-12-18,9:43:59.768015713,T,TGT,F,200,99.33
2025-12-18,9:43:59.768018692,T,TGT,F I,2,99.33
2025-12-18,9:43:59.768036840,T,TGT,F I,98,99.33
2025-12-18,9:43:59.768036840,T,TGT,F I,98,99.33
2025-12-18,9:43:59.768039754,T,TGT,I,2,99.33
2025-12-18,9:44:04.604040917,T,TGT,,100,99.29
2025-12-18,9:44:13.024473460,T,TGT,F I,4,99.29
2025-12-18,9:44:13.024476444,T,TGT,F I,4,99.29
2025-12-18,9:44:13.024479483,T,TGT,F I,4,99.29
2025-12-18,9:44:13.024482418,T,TGT,I,92,99.29
2025-12-18,9:44:16.895833369,T,TGT,I,2,99.29
2025-12-18,9:44:17.025333993,T,TGT,F I,1,99.31
2025-12-18,9:44:17.025806022,T,TGT,F,100,99.32
2025-12-18,9:44:17.025806022,T,TGT,F I,53,99.32
2025-12-18,9:44:17.025809077,T,TGT,F I,37,99.32
2025-12-18,9:44:17.025827142,T,TGT,I,60,99.32
2025-12-18,9:44:17.025830108,T,TGT,I,1,99.32
2025-12-18,9:44:23.327941027,T,TGT,F,100,99.325
2025-12-18,9:44:26.422183679,T,TGT,,100,99.315
2025-12-18,9:44:26.856066354,T,TGT,I,50,99.315
2025-12-18,9:44:29.107376755,T,TGT,I,52,99.315
2025-12-18,9:44:29.107403837,T,TGT,I,48,99.315
2025-12-18,9:44:29.109917904,T,TGT,I,50,99.315
2025-12-18,9:44:38.402578422,T,TGT,F I,20,99.35
2025-12-18,9:44:38.402635562,T,TGT,I,80,99.35
2025-12-18,9:44:38.402635562,T,TGT,,100,99.35
2025-12-18,9:44:39.031830472,T,TGT,F,100,99.33
2025-12-18,9:44:39.031830472,T,TGT,F,300,99.32
2025-12-18,9:44:39.031848786,T,TGT,I,1,99.32
2025-12-18,9:44:39.032022943,T,TGT,I,99,99.32
2025-12-18,9:44:39.032705595,T,TGT,F I,43,99.33
2025-12-18,9:44:39.032736144,T,TGT,F I,34,99.34
2025-12-18,9:44:39.402938627,T,TGT,F I,40,99.36
2025-12-18,9:44:39.405467676,T,TGT,I,34,99.36
2025-12-18,9:44:39.405471415,T,TGT,,100,99.35
2025-12-18,9:44:39.405474348,T,TGT,I,44,99.34
2025-12-18,9:44:39.405474348,T,TGT,I,66,99.34
2025-12-18,9:44:39.405476604,T,TGT,I,56,99.33
2025-12-18,9:44:39.405479651,T,TGT,I,28,99.33
2025-12-18,9:44:39.405479651,T,TGT,,100,99.33
2025-12-18,9:44:39.405483140,T,TGT,,100,99.33
2025-12-18,9:44:39.405483140,T,TGT,I,72,99.33
2025-12-18,9:44:50.984030025,T,TGT,F I,4,99.37
2025-12-18,9:44:50.984036033,T,TGT,F I,96,99.37
2025-12-18,9:44:50.984039174,T,TGT,F I,26,99.37
2025-12-18,9:44:50.984039174,T,TGT,F I,24,99.37
2025-12-18,9:44:50.984078119,T,TGT,F I,63,99.38
2025-12-18,9:44:50.984084501,T,TGT,F I,37,99.38
2025-12-18,9:44:50.984087198,T,TGT,F I,26,99.38
2025-12-18,9:44:50.984099549,T,TGT,I,1,99.38
2025-12-18,9:44:50.984105220,T,TGT,F I,1,99.38
2025-12-18,9:44:50.984105220,T,TGT,F I,56,99.38
2025-12-18,9:44:50.984108415,T,TGT,F I,5,99.38
2025-12-18,9:44:51.106262275,T,TGT,F I,50,99.42
2025-12-18,9:44:59.390491336,T,TGT,,200,99.39
2025-12-18,9:44:59.391979816,T,TGT,I,56,99.39
2025-12-18,9:45:00.088838966,T,TGT,F I,14,99.42
2025-12-18,9:45:00.088905144,T,TGT,F I,14,99.43
2025-12-18,9:45:02.772919528,T,TGT,F I,28,99.44
2025-12-18,9:45:02.772952586,T,TGT,F I,28,99.45
2025-12-18,9:45:02.772955520,T,TGT,F I,56,99.46
2025-12-18,9:45:02.772955520,T,TGT,F I,20,99.49
2025-12-18,9:45:02.772958621,T,TGT,F I,11,99.49
2025-12-18,9:45:03.762688538,T,TGT,,100,99.49
2025-12-18,9:45:10.158788367,T,TGT,F I,20,99.51
2025-12-18,9:45:10.158830427,T,TGT,F I,3,99.52
2025-12-18,9:45:10.159479992,T,TGT,I,20,99.54
2025-12-18,9:45:10.164020869,T,TGT,F I,20,99.57
2025-12-18,9:45:14.402739021,T,TGT,F I,50,99.58
2025-12-18,9:45:18.856658819,T,TGT,F I,10,99.64
2025-12-18,9:45:18.856658819,T,TGT,F I,25,99.64
2025-12-18,9:45:18.857822719,T,TGT,I,25,99.64
2025-12-18,9:45:19.691931748,T,TGT,I,1,99.685
2025-12-18,9:45:19.694472803,T,TGT,I,50,99.685
2025-12-18,9:45:19.697028904,T,TGT,I,50,99.685
2025-12-18,9:45:19.699572966,T,TGT,I,50,99.685
2025-12-18,9:45:19.831397904,T,TGT,I,49,99.685
2025-12-18,9:45:23.430338972,T,TGT,,100,99.72
2025-12-18,9:45:25.145029923,T,TGT,I,1,99.76
2025-12-18,9:45:25.548152350,T,TGT,F I,42,99.71
2025-12-18,9:45:25.548152350,T,TGT,F I,8,99.71
2025-12-18,9:45:25.548215511,T,TGT,F I,31,99.71
2025-12-18,9:45:25.548218530,T,TGT,F I,19,99.7
2025-12-18,9:45:25.548615379,T,TGT,I,2,99.7
2025-12-18,9:45:26.117084111,T,TGT,I,3,99.76
2025-12-18,9:45:26.117086793,T,TGT,I,97,99.76
2025-12-18,9:45:26.117501747,T,TGT,F I,68,99.76
2025-12-18,9:45:26.117510718,T,TGT,F I,68,99.76
2025-12-18,9:45:26.117520414,T,TGT,I,1,99.76
2025-12-18,9:45:26.117537837,T,TGT,F I,31,99.76
2025-12-18,9:45:26.234934593,T,TGT,I,10,99.75
2025-12-18,9:45:26.854371258,T,TGT,F I,50,99.75
2025-12-18,9:45:26.855697515,T,TGT,I,4,99.75
2025-12-18,9:45:26.855697515,T,TGT,I,7,99.75
2025-12-18,9:45:26.855811890,T,TGT,I,11,99.75
2025-12-18,9:45:26.855814627,T,TGT,I,10,99.75
2025-12-18,9:45:26.906100478,T,TGT,I,31,99.75
2025-12-18,9:45:26.906124495,T,TGT,F I,35,99.75
2025-12-18,9:45:27.375233124,T,TGT,F I,50,99.75
2025-12-18,9:45:27.375290312,T,TGT,F I,16,99.75
2025-12-18,9:45:27.375290312,T,TGT,F I,16,99.75
2025-12-18,9:45:27.435866620,T,TGT,I,12,99.75
2025-12-18,9:45:27.435890646,T,TGT,F I,50,99.75
2025-12-18,9:45:27.435923790,T,TGT,F I,4,99.75
2025-12-18,9:45:27.435926780,T,TGT,F I,16,99.75
2025-12-18,9:45:28.309068842,T,TGT,F I,1,99.76
2025-12-18,9:45:28.309092897,T,TGT,F I,50,99.76
2025-12-18,9:45:36.048574087,T,TGT,I,2,99.79
2025-12-18,9:45:41.235063357,T,TGT,I,22,99.79
2025-12-18,9:45:41.235066279,T,TGT,I,58,99.79
2025-12-18,9:45:42.013485774,T,TGT,I,45,99.77
2025-12-18,9:45:42.891682902,T,TGT,I,1,99.76
2025-12-18,9:45:42.891798086,T,TGT,F,199,99.76
2025-12-18,9:45:42.891798086,T,TGT,F,100,99.75
2025-12-18,9:45:42.891800360,T,TGT,F,100,99.75
2025-12-18,9:45:42.891800360,T,TGT,F I,1,99.75
2025-12-18,9:45:42.891815192,T,TGT,I,1,99.75
2025-12-18,9:45:42.891824978,T,TGT,F I,98,99.75
2025-12-18,9:45:42.891824978,T,TGT,F,100,99.75
2025-12-18,9:45:42.891827692,T,TGT,F,100,99.75
2025-12-18,9:45:42.891827692,T,TGT,F,100,99.75
2025-12-18,9:45:42.891830318,T,TGT,F I,2,99.75
2025-12-18,9:45:42.891848643,T,TGT,I,26,99.75
2025-12-18,9:45:42.891869845,T,TGT,I,29,99.75
2025-12-18,9:45:42.891878423,T,TGT,I,43,99.75
2025-12-18,9:45:42.892100874,T,TGT,I,11,99.75
2025-12-18,9:45:42.900292428,T,TGT,I,1,99.76
2025-12-18,9:45:42.900292428,T,TGT,I,14,99.76
2025-12-18,9:45:42.943737080,T,TGT,F I,15,99.8
2025-12-18,9:45:42.943739970,T,TGT,F I,65,99.8
2025-12-18,9:45:42.943758067,T,TGT,I,1,99.8
2025-12-18,9:45:42.943815163,T,TGT,F,130,99.8
2025-12-18,9:45:42.944004568,T,TGT,F,100,99.8
2025-12-18,9:45:42.944052687,T,TGT,F I,9,99.8
2025-12-18,9:45:42.944055938,T,TGT,F,100,99.8
2025-12-18,9:45:42.944055938,T,TGT,F I,60,99.8
2025-12-18,9:45:42.944058685,T,TGT,F,100,99.8
2025-12-18,9:45:42.944275266,T,TGT,F,100,99.79
2025-12-18,9:45:42.944278239,T,TGT,F I,48,99.79
2025-12-18,9:45:42.944281302,T,TGT,F I,44,99.79
2025-12-18,9:45:42.944329313,T,TGT,F I,36,99.79
2025-12-18,9:45:42.944335318,T,TGT,I,48,99.8
2025-12-18,9:45:42.944338815,T,TGT,I,12,99.8
2025-12-18,9:45:42.944338815,T,TGT,I,36,99.8
2025-12-18,9:45:42.944341812,T,TGT,I,4,99.8
2025-12-18,9:45:43.092994530,T,TGT,I,96,99.8
2025-12-18,9:45:43.092997519,T,TGT,I,39,99.8
2025-12-18,9:45:44.033235529,T,TGT,F,200,99.83
2025-12-18,9:45:44.033376881,T,TGT,F,100,99.84
2025-12-18,9:45:49.610764199,T,TGT,F I,1,99.84
2025-12-18,9:45:49.610785226,T,TGT,F I,99,99.84
2025-12-18,9:45:49.610914595,T,TGT,,100,99.83
2025-12-18,9:45:49.619355656,T,TGT,F I,1,99.8
2025-12-18,9:45:49.619367681,T,TGT,F I,99,99.8
2025-12-18,9:45:50.353221044,T,TGT,F,100,99.8
2025-12-18,9:45:50.353221044,T,TGT,F I,49,99.8
2025-12-18,9:45:56.103944337,T,TGT,F I,28,99.845
2025-12-18,9:45:56.698322579,T,TGT,,400,99.83
2025-12-18,9:45:57.616656193,T,TGT,F,100,99.81
2025-12-18,9:45:57.617377947,T,TGT,I,46,99.79
2025-12-18,9:45:57.618030415,T,TGT,I,14,99.79
2025-12-18,9:45:59.793939279,T,TGT,F I,15,99.76
2025-12-18,9:45:59.793939279,T,TGT,F,100,99.76
2025-12-18,9:45:59.793942222,T,TGT,F I,14,99.76
2025-12-18,9:45:59.793996431,T,TGT,F I,1,99.75
2025-12-18,9:45:59.794279077,T,TGT,I,1,99.75
2025-12-18,9:45:59.794315159,T,TGT,I,25,99.75
2025-12-18,9:45:59.795376678,T,TGT,I,80,99.75
2025-12-18,9:45:59.797220046,T,TGT,I,40,99.75
2025-12-18,9:45:59.806040001,T,TGT,I,28,99.75
2025-12-18,9:45:59.806043042,T,TGT,I,37,99.75
2025-12-18,9:45:59.938770264,T,TGT,I,5,99.76
2025-12-18,9:46:05.219173090,T,TGT,I,6,99.82
2025-12-18,9:46:09.714002479,T,TGT,F I,20,99.86
2025-12-18,9:46:09.714005442,T,TGT,F I,35,99.86
2025-12-18,9:46:09.714008547,T,TGT,F I,11,99.86
