DATE,TIME_M,EX,SYM_ROOT,TR_SCOND,SIZE,PRICE
2025-12-26,9:30:00.732213156,T,TGT,I,2,96.53
2025-12-26,9:30:00.732215632,T,TGT,Q,2,96.53
2025-12-26,9:30:02.078799724,T,TGT,I,3,96.68
2025-12-26,9:30:02.365797385,T,TGT,,100,96.64
2025-12-26,9:30:03.095314278,T,TGT,I,17,96.7
2025-12-26,9:30:03.095374375,T,TGT,I,1,96.7
2025-12-26,9:30:03.095633312,T,TGT,F I,1,96.71
2025-12-26,9:30:11.870059137,T,TGT,F I,8,96.6
2025-12-26,9:30:12.350023493,T,TGT,F I,20,96.55
2025-12-26,9:30:12.350149838,T,TGT,I,80,96.55
2025-12-26,9:30:12.350152884,T,TGT,I,20,96.54
2025-12-26,9:30:12.350215960,T,TGT,F I,3,96.53
2025-12-26,9:30:20.758008801,T,TGT,I,9,96.61
2025-12-26,9:30:42.879786434,T,TGT,,200,96.62
2025-12-26,9:31:09.311016790,T,TGT,,136,96.71
2025-12-26,9:31:09.311020348,T,TGT,I,5,96.72
2025-12-26,9:31:09.311020348,T,TGT,I,1,96.72
2025-12-26,9:31:09.311023364,T,TGT,I,3,96.72
2025-12-26,9:31:09.311025517,T,TGT,I,5,96.72
2025-12-26,9:31:09.311028697,T,TGT,I,4,96.72
2025-12-26,9:31:09.311028697,T,TGT,I,4,96.72
2025-12-26,9:31:09.311028697,T,TGT,I,3,96.72
2025-12-26,9:31:09.311031464,T,TGT,I,3,96.72
2025-12-26,9:31:09.311034469,T,TGT,I,3,96.72
2025-12-26,9:31:09.332406470,T,TGT,F,100,96.73
2025-12-26,9:31:09.332410028,T,TGT,F I,4,96.73
2025-12-26,9:31:09.332410028,T,TGT,F I,1,96.73
2025-12-26,9:31:09.332415425,T,TGT,F I,31,96.73
2025-12-26,9:31:09.332415425,T,TGT,F I,4,96.73
2025-12-26,9:31:09.332415425,T,TGT,F I,1,96.73
2025-12-26,9:31:09.332419682,T,TGT,F I,2,96.73
2025-12-26,9:31:09.333008313,T,TGT,,100,96.73
2025-12-26,9:31:09.333010904,T,TGT,,100,96.73
2025-12-26,9:31:09.333013887,T,TGT,,140,96.73
2025-12-26,9:31:09.333016904,T,TGT,,100,96.73
2025-12-26,9:31:09.339843523,T,TGT,I,1,96.78
2025-12-26,9:31:09.339843523,T,TGT,I,1,96.79
2025-12-26,9:31:09.339846185,T,TGT,I,57,96.81
2025-12-26,9:31:09.339846185,T,TGT,I,8,96.81
2025-12-26,9:31:09.339849136,T,TGT,I,10,96.85
2025-12-26,9:31:09.339852240,T,TGT,I,14,96.86
2025-12-26,9:31:09.339852240,T,TGT,,255,96.87
2025-12-26,9:31:09.339855144,T,TGT,I,29,96.87
2025-12-26,9:31:09.340116792,T,TGT,F I,8,96.79
2025-12-26,9:31:09.340170873,T,TGT,F I,1,96.88
2025-12-26,9:31:09.340188906,T,TGT,,100,96.88
2025-12-26,9:31:09.340209972,T,TGT,I,1,96.88
2025-12-26,9:31:09.343051741,T,TGT,F I,1,96.83
2025-12-26,9:31:09.345364262,T,TGT,I,15,96.81
2025-12-26,9:31:09.345565828,T,TGT,I,4,96.81
2025-12-26,9:31:14.396572815,T,TGT,F I,50,96.8
2025-12-26,9:31:18.564219343,T,TGT,I,12,96.88
2025-12-26,9:31:18.566210202,T,TGT,F I,1,96.9
2025-12-26,9:31:18.566210202,T,TGT,F I,12,96.9
2025-12-26,9:31:18.566610076,T,TGT,F,125,96.91
2025-12-26,9:31:18.566625076,T,TGT,I,1,96.91
2025-12-26,9:31:18.566667197,T,TGT,F I,1,96.88
2025-12-26,9:31:32.813079449,T,TGT,F I,25,96.805
2025-12-26,9:31:44.577056608,T,TGT,F I,1,96.7
2025-12-26,9:31:46.159727257,T,TGT,,100,96.755
2025-12-26,9:31:54.208305576,T,TGT,I,25,96.77
2025-12-26,9:31:54.208308747,T,TGT,I,5,96.77
2025-12-26,9:31:54.208311162,T,TGT,I,1,96.775
2025-12-26,9:31:54.208632929,T,TGT,I,4,96.78
2025-12-26,9:32:09.872092716,T,TGT,I,22,96.85
2025-12-26,9:32:09.872095744,T,TGT,I,7,96.85
2025-12-26,9:32:09.872098740,T,TGT,I,1,96.85
2025-12-26,9:32:10.426875906,T,TGT,I,19,96.89
2025-12-26,9:32:10.426878407,T,TGT,I,11,96.89
2025-12-26,9:32:10.483373996,T,TGT,I,14,96.9
2025-12-26,9:32:15.303187587,T,TGT,I,11,96.91
2025-12-26,9:32:15.303187587,T,TGT,I,1,96.91
2025-12-26,9:32:15.303208431,T,TGT,F I,4,96.91
2025-12-26,9:32:30.292104697,T,TGT,I,43,96.92
2025-12-26,9:32:32.167263796,T,TGT,F I,20,96.97
2025-12-26,9:32:47.383766145,T,TGT,F I,20,96.98
2025-12-26,9:32:47.383778089,T,TGT,F I,4,96.99
2025-12-26,9:32:47.383778089,T,TGT,F I,8,96.99
2025-12-26,9:32:47.384316371,T,TGT,F I,1,97.0
2025-12-26,9:32:47.384316371,T,TGT,F I,74,97.0
2025-12-26,9:32:47.384373545,T,TGT,F I,1,97.0
2025-12-26,9:32:47.384376619,T,TGT,F I,1,97.0
2025-12-26,9:32:47.384560519,T,TGT,F,1000,97.0
2025-12-26,9:32:47.384563382,T,TGT,F I,4,97.0
2025-12-26,9:32:47.384563382,T,TGT,F,100,97.0
2025-12-26,9:32:47.384566386,T,TGT,F I,30,97.0
2025-12-26,9:32:47.384566386,T,TGT,F I,5,97.0
2025-12-26,9:32:47.384569027,T,TGT,F I,20,97.0
2025-12-26,9:32:47.384572352,T,TGT,F I,8,97.0
2025-12-26,9:32:47.384572352,T,TGT,F I,17,97.0
2025-12-26,9:32:47.384575020,T,TGT,F I,10,97.0
2025-12-26,9:32:47.385239596,T,TGT,F I,50,97.01
2025-12-26,9:32:47.385281706,T,TGT,I,50,97.01
2025-12-26,9:32:47.385813952,T,TGT,I,20,97.02
2025-12-26,9:32:50.599858687,T,TGT,F I,50,97.04
2025-12-26,9:33:01.089060137,T,TGT,F I,4,97.08
2025-12-26,9:33:01.089105289,T,TGT,F I,1,97.1
2025-12-26,9:33:01.089147773,T,TGT,F,370,97.12
2025-12-26,9:33:01.089147773,T,TGT,F I,8,97.12
2025-12-26,9:33:01.089150370,T,TGT,F I,1,97.12
2025-12-26,9:33:01.089839125,T,TGT,F I,31,97.135
2025-12-26,9:33:01.089839125,T,TGT,F I,15,97.135
2025-12-26,9:33:01.090001950,T,TGT,I,1,97.14
2025-12-26,9:33:01.090001950,T,TGT,I,6,97.15
2025-12-26,9:33:01.090004384,T,TGT,I,8,97.15
2025-12-26,9:33:01.090007451,T,TGT,I,8,97.15
2025-12-26,9:33:01.662114226,T,TGT,F I,4,97.25
2025-12-26,9:33:01.662117429,T,TGT,F I,4,97.25
2025-12-26,9:33:01.662117429,T,TGT,F I,4,97.25
2025-12-26,9:33:07.322619185,T,TGT,F I,10,97.3
2025-12-26,9:33:07.377800634,T,TGT,I,38,97.26
2025-12-26,9:33:07.739366898,T,TGT,I,71,97.26
2025-12-26,9:33:07.858796466,T,TGT,I,38,97.235
2025-12-26,9:33:07.862549420,T,TGT,I,10,97.2
2025-12-26,9:33:08.456849209,T,TGT,,100,97.19
2025-12-26,9:33:15.667315661,T,TGT,I,12,97.15
2025-12-26,9:33:15.668395202,T,TGT,I,36,97.14
2025-12-26,9:33:15.668557547,T,TGT,F I,21,97.15
2025-12-26,9:33:15.668599683,T,TGT,I,10,97.15
2025-12-26,9:33:15.668617803,T,TGT,I,19,97.14
2025-12-26,9:33:15.668638803,T,TGT,F I,11,97.15
2025-12-26,9:33:15.668684022,T,TGT,F I,58,97.15
2025-12-26,9:33:15.668687013,T,TGT,F I,1,97.15
2025-12-26,9:33:15.668687013,T,TGT,F I,25,97.15
2025-12-26,9:33:15.668689879,T,TGT,F I,35,97.16
2025-12-26,9:33:15.668708931,T,TGT,F I,65,97.15
2025-12-26,9:33:15.668708931,T,TGT,F I,84,97.15
2025-12-26,9:33:15.668771120,T,TGT,I,19,97.14
2025-12-26,9:33:27.120180798,T,TGT,F I,50,97.14
2025-12-26,9:33:27.120237939,T,TGT,F I,50,97.14
2025-12-26,9:33:31.715157499,T,TGT,F I,25,97.18
2025-12-26,9:33:38.613131544,T,TGT,F I,2,97.16
2025-12-26,9:33:47.692763976,T,TGT,F I,2,97.18
2025-12-26,9:33:53.586483460,T,TGT,I,5,97.2
2025-12-26,9:33:53.586486725,T,TGT,F I,5,97.2
2025-12-26,9:33:53.586486725,T,TGT,F I,5,97.2
2025-12-26,9:33:53.586501652,T,TGT,I,14,97.2
2025-12-26,9:33:53.586504513,T,TGT,I,4,97.21
2025-12-26,9:33:53.586507552,T,TGT,I,1,97.21
2025-12-26,9:33:53.586507552,T,TGT,I,29,97.21
2025-12-26,9:33:53.591574640,T,TGT,F I,19,97.19
2025-12-26,9:33:53.592362553,T,TGT,F I,15,97.17
2025-12-26,9:34:00.802534347,T,TGT,,1858,97.16
2025-12-26,9:34:00.802549394,T,TGT,I,1,97.17
2025-12-26,9:34:00.806124894,T,TGT,I,10,97.17
2025-12-26,9:34:00.807730716,T,TGT,F I,90,97.17
2025-12-26,9:34:00.807730716,T,TGT,F I,66,97.16
2025-12-26,9:34:00.807835969,T,TGT,I,76,97.16
2025-12-26,9:34:00.807838989,T,TGT,I,14,97.16
2025-12-26,9:34:03.270585857,T,TGT,F I,8,97.2
2025-12-26,9:34:03.270754362,T,TGT,F I,87,97.22
2025-12-26,9:34:03.270796466,T,TGT,F I,13,97.22
2025-12-26,9:34:10.005003374,T,TGT,I,1,97.27
2025-12-26,9:34:10.005189779,T,TGT,F I,50,97.26
2025-12-26,9:34:10.005237879,T,TGT,F I,50,97.26
2025-12-26,9:34:11.149036765,T,TGT,F I,5,97.25
2025-12-26,9:34:17.076033641,T,TGT,I,2,97.245
2025-12-26,9:34:18.711557958,T,TGT,I,25,97.21
2025-12-26,9:34:19.224300443,T,TGT,F,100,97.18
2025-12-26,9:34:19.224303421,T,TGT,F I,1,97.18
2025-12-26,9:34:19.224441811,T,TGT,F I,42,97.17
2025-12-26,9:34:19.225395049,T,TGT,I,21,97.17
2025-12-26,9:34:19.225407047,T,TGT,I,2,97.18
2025-12-26,9:34:19.225452188,T,TGT,F,100,97.18
2025-12-26,9:34:19.225491257,T,TGT,,100,97.18
2025-12-26,9:34:19.226345827,T,TGT,I,4,97.18
2025-12-26,9:34:19.226348514,T,TGT,I,1,97.18
2025-12-26,9:34:19.233872428,T,TGT,F I,20,97.2
2025-12-26,9:34:19.235935204,T,TGT,F,100,97.19
2025-12-26,9:34:19.235938553,T,TGT,F I,20,97.18
2025-12-26,9:34:19.235938553,T,TGT,F I,3,97.18
2025-12-26,9:34:19.257442464,T,TGT,F I,4,97.23
2025-12-26,9:34:19.257463514,T,TGT,F I,96,97.23
2025-12-26,9:34:19.257463514,T,TGT,F I,4,97.23
2025-12-26,9:34:19.328291165,T,TGT,F I,16,97.27
2025-12-26,9:34:19.328309272,T,TGT,F,100,97.27
2025-12-26,9:34:19.328360352,T,TGT,,100,97.27
2025-12-26,9:34:19.328378344,T,TGT,I,1,97.27
2025-12-26,9:34:19.328721267,T,TGT,F I,58,97.27
2025-12-26,9:34:19.328742314,T,TGT,I,32,97.27
2025-12-26,9:34:19.340915289,T,TGT,F I,25,97.29
2025-12-26,9:34:19.340936341,T,TGT,F,209,97.3
2025-12-26,9:34:19.340939362,T,TGT,F I,40,97.3
2025-12-26,9:34:19.340954330,T,TGT,F I,60,97.3
2025-12-26,9:34:21.078319202,T,TGT,I,1,97.45
2025-12-26,9:34:22.688793906,T,TGT,F I,50,97.42
2025-12-26,9:34:22.688832958,T,TGT,F I,50,97.42
2025-12-26,9:34:22.688869028,T,TGT,F I,50,97.42
2025-12-26,9:34:22.689362283,T,TGT,F I,50,97.42
2025-12-26,9:34:37.078124608,T,TGT,I,1,97.425
2025-12-26,9:34:37.266577608,T,TGT,F,100,97.49
2025-12-26,9:34:37.266983650,T,TGT,F I,1,97.5
2025-12-26,9:34:37.266983650,T,TGT,F,100,97.5
2025-12-26,9:34:37.266986540,T,TGT,F I,30,97.5
2025-12-26,9:34:37.266986540,T,TGT,F I,20,97.5
2025-12-26,9:34:37.267166986,T,TGT,F I,30,97.51
2025-12-26,9:34:37.269353237,T,TGT,F I,1,97.55
2025-12-26,9:34:37.270799612,T,TGT,F I,9,97.52
2025-12-26,9:34:42.177694273,T,TGT,F I,12,97.61
2025-12-26,9:34:42.177697313,T,TGT,F I,4,97.61
2025-12-26,9:34:42.177700360,T,TGT,I,6,97.56
2025-12-26,9:34:42.177715795,T,TGT,I,1,97.59
2025-12-26,9:34:42.177719708,T,TGT,I,23,97.58
2025-12-26,9:34:42.177719708,T,TGT,I,25,97.57
2025-12-26,9:34:42.177724416,T,TGT,I,16,97.56
2025-12-26,9:34:42.228208682,T,TGT,F I,5,97.56
2025-12-26,9:34:42.759706886,T,TGT,I,2,97.63
2025-12-26,9:34:43.814674048,T,TGT,F I,25,97.57
2025-12-26,9:34:43.931625780,T,TGT,F,100,97.56
2025-12-26,9:34:43.931628672,T,TGT,F I,22,97.56
2025-12-26,9:34:43.931914434,T,TGT,,100,97.55
2025-12-26,9:34:43.979129843,T,TGT,F I,2,97.55
2025-12-26,9:34:43.979758380,T,TGT,F I,25,97.55
2025-12-26,9:34:49.910535242,T,TGT,I,20,97.55
2025-12-26,9:34:49.910535242,T,TGT,I,21,97.55
2025-12-26,9:34:50.887950822,T,TGT,F I,10,97.55
2025-12-26,9:34:58.518785650,T,TGT,F,100,97.58
2025-12-26,9:34:58.518785650,T,TGT,F I,23,97.57
2025-12-26,9:34:58.518800645,T,TGT,F I,77,97.57
2025-12-26,9:34:58.518803668,T,TGT,F I,23,97.57
2025-12-26,9:34:58.519320899,T,TGT,F I,93,97.57
2025-12-26,9:34:58.519342001,T,TGT,I,1,97.57
2025-12-26,9:34:58.519345321,T,TGT,F I,6,97.57
2025-12-26,9:34:58.519345321,T,TGT,F I,1,97.57
2025-12-26,9:34:58.519363072,T,TGT,F I,1,97.57
2025-12-26,9:34:58.521290584,T,TGT,F I,2,97.58
2025-12-26,9:34:58.523627399,T,TGT,F,100,97.62
2025-12-26,9:34:58.523627399,T,TGT,F I,8,97.62
2025-12-26,9:35:00.465626578,T,TGT,I,1,97.61
2025-12-26,9:35:00.973338438,T,TGT,I,99,97.61
2025-12-26,9:35:01.795996135,T,TGT,I,87,97.64
2025-12-26,9:35:07.041314416,T,TGT,F I,4,97.68
2025-12-26,9:35:07.041317054,T,TGT,F I,4,97.68
2025-12-26,9:35:07.041319895,T,TGT,F I,1,97.68
2025-12-26,9:35:07.041371042,T,TGT,I,24,97.64
2025-12-26,9:35:07.041374219,T,TGT,I,30,97.64
2025-12-26,9:35:07.041374219,T,TGT,I,23,97.63
2025-12-26,9:35:07.041377018,T,TGT,I,25,97.63
2025-12-26,9:35:07.041380068,T,TGT,,123,97.62
2025-12-26,9:35:07.180452324,T,TGT,I,23,97.66
2025-12-26,9:35:07.202380590,T,TGT,I,23,97.66
2025-12-26,9:35:07.297079220,T,TGT,F I,50,97.64
2025-12-26,9:35:07.297124346,T,TGT,F I,50,97.64
2025-12-26,9:35:13.304911686,T,TGT,F,164,97.7
2025-12-26,9:35:13.304914664,T,TGT,F,336,97.7
2025-12-26,9:35:13.304956844,T,TGT,,100,97.7
2025-12-26,9:35:13.304956844,T,TGT,I,10,97.67
2025-12-26,9:35:13.304959733,T,TGT,I,19,97.665
2025-12-26,9:35:13.311133523,T,TGT,,150,97.72
2025-12-26,9:35:13.311419135,T,TGT,F I,48,97.74
2025-12-26,9:35:13.311422545,T,TGT,F,100,97.74
2025-12-26,9:35:13.311425302,T,TGT,F I,2,97.74
2025-12-26,9:35:13.311425302,T,TGT,F I,8,97.74
2025-12-26,9:35:13.315635137,T,TGT,,100,97.75
2025-12-26,9:35:13.318639320,T,TGT,I,35,97.75
2025-12-26,9:35:13.337355964,T,TGT,F I,3,97.78
2025-12-26,9:35:16.055877330,T,TGT,I,7,97.8
2025-12-26,9:35:16.055877330,T,TGT,I,93,97.8
2025-12-26,9:35:16.055896627,T,TGT,F I,46,97.8
2025-12-26,9:35:16.055901336,T,TGT,F,200,97.8
2025-12-26,9:35:16.055901336,T,TGT,F I,20,97.8
2025-12-26,9:35:16.056000553,T,TGT,,100,97.78
2025-12-26,9:35:16.056054692,T,TGT,,100,97.78
2025-12-26,9:35:16.056057739,T,TGT,I,31,97.77
2025-12-26,9:35:16.056105907,T,TGT,F I,30,97.77
2025-12-26,9:35:16.056120849,T,TGT,I,30,97.77
2025-12-26,9:35:16.056238135,T,TGT,,100,97.76
2025-12-26,9:35:16.056358449,T,TGT,,100,97.76
2025-12-26,9:35:16.056523790,T,TGT,,100,97.76
2025-12-26,9:35:16.056523790,T,TGT,,100,97.76
2025-12-26,9:35:16.056607983,T,TGT,,100,97.76
2025-12-26,9:35:16.056650161,T,TGT,F,100,97.76
2025-12-26,9:35:16.056689249,T,TGT,F I,1,97.76
2025-12-26,9:35:16.056854659,T,TGT,F I,1,97.76
2025-12-26,9:35:16.056866638,T,TGT,,100,97.75
2025-12-26,9:35:16.056881811,T,TGT,F I,66,97.76
2025-12-26,9:35:16.056887699,T,TGT,F I,1,97.75
2025-12-26,9:35:16.057062511,T,TGT,I,32,97.76
2025-12-26,9:35:16.057062511,T,TGT,I,2,97.76
2025-12-26,9:35:16.057065109,T,TGT,I,66,97.76
2025-12-26,9:35:16.063590683,T,TGT,F I,34,97.76
2025-12-26,9:35:16.063590683,T,TGT,F I,40,97.76
2025-12-26,9:35:16.063596866,T,TGT,F I,8,97.76
2025-12-26,9:35:16.063596866,T,TGT,F I,16,97.76
2025-12-26,9:35:16.063600725,T,TGT,F I,25,97.76
2025-12-26,9:35:16.063600725,T,TGT,I,26,97.76
2025-12-26,9:35:16.063605672,T,TGT,F I,33,97.76
2025-12-26,9:35:16.063605672,T,TGT,F,100,97.77
2025-12-26,9:35:16.063608696,T,TGT,F,100,97.77
2025-12-26,9:35:16.063608696,T,TGT,F I,2,97.77
2025-12-26,9:35:16.063611739,T,TGT,F I,8,97.77
2025-12-26,9:35:16.063645368,T,TGT,F I,2,97.78
2025-12-26,9:35:16.063647791,T,TGT,F I,81,97.78
2025-12-26,9:35:16.063650820,T,TGT,F I,19,97.78
2025-12-26,9:35:16.063650820,T,TGT,F I,8,97.78
2025-12-26,9:35:16.064071834,T,TGT,,100,97.77
2025-12-26,9:35:16.064071834,T,TGT,I,40,97.76
2025-12-26,9:35:16.065371673,T,TGT,F I,60,97.79
2025-12-26,9:35:16.065371673,T,TGT,F I,2,97.79
2025-12-26,9:35:16.065374013,T,TGT,F I,1,97.79
2025-12-26,9:35:16.065374013,T,TGT,F I,16,97.79
2025-12-26,9:35:16.065389013,T,TGT,F,297,97.79
2025-12-26,9:35:16.065629586,T,TGT,F I,86,97.79
2025-12-26,9:35:16.066062543,T,TGT,F,100,97.8
2025-12-26,9:35:16.066062543,T,TGT,F I,2,97.8
2025-12-26,9:35:16.066080660,T,TGT,I,31,97.78
2025-12-26,9:35:16.066258077,T,TGT,F,100,97.79
2025-12-26,9:35:16.066706452,T,TGT,F,100,97.8
2025-12-26,9:35:16.066706452,T,TGT,F I,21,97.8
2025-12-26,9:35:16.066706452,T,TGT,F I,31,97.8
2025-12-26,9:35:16.066709109,T,TGT,F I,18,97.8
2025-12-26,9:35:16.066775313,T,TGT,F I,82,97.8
2025-12-26,9:35:16.066916597,T,TGT,I,31,97.79
2025-12-26,9:35:16.066916597,T,TGT,I,5,97.79
2025-12-26,9:35:16.066919921,T,TGT,I,58,97.79
2025-12-26,9:35:16.066919921,T,TGT,I,8,97.79
2025-12-26,9:35:16.066923144,T,TGT,I,31,97.79
2025-12-26,9:35:16.067698471,T,TGT,F I,1,97.8
2025-12-26,9:35:16.068032422,T,TGT,F I,4,97.8
2025-12-26,9:35:16.068032422,T,TGT,F I,31,97.8
2025-12-26,9:35:16.068035225,T,TGT,F I,8,97.8
2025-12-26,9:35:16.068038255,T,TGT,F I,31,97.8
2025-12-26,9:35:16.068038255,T,TGT,F I,17,97.8
2025-12-26,9:35:16.083774746,T,TGT,I,14,97.8
2025-12-26,9:35:16.083777928,T,TGT,I,31,97.8
2025-12-26,9:35:16.083781379,T,TGT,I,31,97.8
2025-12-26,9:35:16.083781379,T,TGT,I,20,97.8
2025-12-26,9:35:16.083783729,T,TGT,I,12,97.8
2025-12-26,9:35:16.083783729,T,TGT,I,26,97.8
2025-12-26,9:35:16.092212818,T,TGT,F I,2,97.81
2025-12-26,9:35:16.092212818,T,TGT,F I,60,97.81
2025-12-26,9:35:16.102777626,T,TGT,I,10,97.78
2025-12-26,9:35:16.102780038,T,TGT,I,31,97.78
2025-12-26,9:35:16.102780038,T,TGT,I,30,97.78
2025-12-26,9:35:16.102801041,T,TGT,,100,97.785
2025-12-26,9:35:17.664391274,T,TGT,I,10,97.81
2025-12-26,9:35:17.664394270,T,TGT,I,20,97.81
2025-12-26,9:35:17.672733068,T,TGT,,100,97.81
2025-12-26,9:35:17.672733068,T,TGT,,100,97.82
2025-12-26,9:35:17.672805280,T,TGT,F,100,97.82
2025-12-26,9:35:17.672808306,T,TGT,F I,17,97.8
2025-12-26,9:35:17.672881191,T,TGT,I,83,97.8
2025-12-26,9:35:17.673178176,T,TGT,I,72,97.8
2025-12-26,9:35:17.673181253,T,TGT,,100,97.8
2025-12-26,9:35:17.673184266,T,TGT,I,66,97.8
2025-12-26,9:35:17.673184266,T,TGT,I,72,97.8
2025-12-26,9:35:17.673184266,T,TGT,I,88,97.8
2025-12-26,9:35:17.673199150,T,TGT,I,72,97.8
2025-12-26,9:35:17.673205206,T,TGT,,100,97.8
2025-12-26,9:35:17.673226396,T,TGT,I,28,97.8
2025-12-26,9:35:17.673229814,T,TGT,I,9,97.8
2025-12-26,9:35:17.673229814,T,TGT,I,9,97.8
2025-12-26,9:35:17.673233124,T,TGT,,100,97.8
2025-12-26,9:35:17.673235558,T,TGT,I,91,97.8
2025-12-26,9:35:17.673235558,T,TGT,I,19,97.8
2025-12-26,9:35:17.673340785,T,TGT,F I,30,97.81
2025-12-26,9:35:17.673340785,T,TGT,F I,2,97.81
2025-12-26,9:35:17.673346971,T,TGT,F I,60,97.82
2025-12-26,9:35:17.673346971,T,TGT,F I,2,97.82
2025-12-26,9:35:17.673349896,T,TGT,F I,8,97.82
2025-12-26,9:35:17.673349896,T,TGT,F I,17,97.83
2025-12-26,9:35:17.673352744,T,TGT,F I,20,97.83
2025-12-26,9:35:17.673352744,T,TGT,F I,2,97.83
2025-12-26,9:35:17.673355606,T,TGT,F I,83,97.83
2025-12-26,9:35:17.673355606,T,TGT,F I,1,97.83
2025-12-26,9:35:17.673367657,T,TGT,I,48,97.8
2025-12-26,9:35:17.673370594,T,TGT,I,73,97.8
2025-12-26,9:35:17.686863798,T,TGT,,100,97.825
2025-12-26,9:35:17.686863798,T,TGT,I,17,97.825
2025-12-26,9:35:17.687997971,T,TGT,I,25,97.81
2025-12-26,9:35:17.688018538,T,TGT,I,25,97.81
2025-12-26,9:35:17.688069683,T,TGT,I,75,97.81
2025-12-26,9:35:17.688078614,T,TGT,I,10,97.84
2025-12-26,9:35:17.688091164,T,TGT,,100,97.81
2025-12-26,9:35:17.688204988,T,TGT,F I,31,97.83
2025-12-26,9:35:17.688211067,T,TGT,F I,60,97.83
2025-12-26,9:35:17.688211067,T,TGT,F I,2,97.83
2025-12-26,9:35:17.688214136,T,TGT,F I,20,97.84
2025-12-26,9:35:17.688214136,T,TGT,F I,2,97.84
2025-12-26,9:35:17.688217071,T,TGT,F I,75,97.84
2025-12-26,9:35:17.688286188,T,TGT,I,20,97.81
2025-12-26,9:35:17.688286188,T,TGT,I,10,97.81
2025-12-26,9:35:17.688289445,T,TGT,I,16,97.81
2025-12-26,9:35:17.688289445,T,TGT,I,8,97.81
2025-12-26,9:35:17.688319272,T,TGT,I,1,97.84
2025-12-26,9:35:17.688334309,T,TGT,I,14,97.84
2025-12-26,9:35:17.688337303,T,TGT,I,32,97.83
2025-12-26,9:35:17.688346252,T,TGT,I,10,97.83
2025-12-26,9:35:17.688361374,T,TGT,I,7,97.83
2025-12-26,9:35:17.688403435,T,TGT,I,10,97.84
2025-12-26,9:35:17.688448855,T,TGT,I,51,97.83
2025-12-26,9:35:17.688448855,T,TGT,I,7,97.83
2025-12-26,9:35:17.688475541,T,TGT,I,25,97.83
2025-12-26,9:35:17.688511743,T,TGT,F I,30,97.83
2025-12-26,9:35:17.688647302,T,TGT,F I,2,97.83
2025-12-26,9:35:17.688647302,T,TGT,I,50,97.83
2025-12-26,9:35:17.688734267,T,TGT,I,23,97.82
2025-12-26,9:35:17.688875529,T,TGT,,100,97.83
2025-12-26,9:35:17.688911674,T,TGT,F I,20,97.84
2025-12-26,9:35:17.688935721,T,TGT,I,15,97.84
2025-12-26,9:35:17.689218993,T,TGT,,100,97.85
2025-12-26,9:35:17.689221339,T,TGT,I,8,97.84
2025-12-26,9:35:17.689345347,T,TGT,F I,12,97.85
2025-12-26,9:35:17.689786724,T,TGT,I,12,97.86
2025-12-26,9:35:17.689846839,T,TGT,I,21,97.85
2025-12-26,9:35:17.689846839,T,TGT,I,21,97.85
2025-12-26,9:35:17.689852858,T,TGT,I,45,97.85
2025-12-26,9:35:17.689852858,T,TGT,I,13,97.85
2025-12-26,9:35:17.690337087,T,TGT,I,62,97.82
2025-12-26,9:35:17.692641057,T,TGT,F I,33,97.86
2025-12-26,9:35:17.692641057,T,TGT,F I,25,97.86
2025-12-26,9:35:17.692643583,T,TGT,F I,16,97.86
2025-12-26,9:35:17.692646685,T,TGT,F I,17,97.86
2025-12-26,9:35:17.692649643,T,TGT,F I,17,97.86
2025-12-26,9:35:17.692649643,T,TGT,F I,18,97.86
2025-12-26,9:35:17.692652532,T,TGT,F I,4,97.86
2025-12-26,9:35:17.692652532,T,TGT,F I,18,97.86
2025-12-26,9:35:17.692670633,T,TGT,I,54,97.83
2025-12-26,9:35:17.692718853,T,TGT,I,46,97.83
2025-12-26,9:35:17.692718853,T,TGT,I,31,97.83
2025-12-26,9:35:17.692742765,T,TGT,,100,97.85
2025-12-26,9:35:17.692790853,T,TGT,I,23,97.82
2025-12-26,9:35:17.692908127,T,TGT,I,23,97.82
2025-12-26,9:35:17.693356179,T,TGT,I,15,97.81
2025-12-26,9:35:17.693584793,T,TGT,F I,13,97.82
2025-12-26,9:35:17.693608851,T,TGT,F I,30,97.82
2025-12-26,9:35:17.693611778,T,TGT,F I,2,97.82
2025-12-26,9:35:17.693783829,T,TGT,F I,13,97.82
2025-12-26,9:35:17.693807305,T,TGT,F I,7,97.82
2025-12-26,9:35:17.693852440,T,TGT,I,8,97.81
2025-12-26,9:35:17.694643251,T,TGT,F I,2,97.82
2025-12-26,9:35:17.694643251,T,TGT,F I,50,97.83
2025-12-26,9:35:17.694646309,T,TGT,F I,2,97.83
2025-12-26,9:35:17.694649310,T,TGT,F I,8,97.83
2025-12-26,9:35:17.706205922,T,TGT,F I,2,97.85
2025-12-26,9:35:17.706205922,T,TGT,F I,2,97.85
2025-12-26,9:35:17.706209311,T,TGT,F I,46,97.85
2025-12-26,9:35:17.706209311,T,TGT,F I,54,97.85
2025-12-26,9:35:17.713393094,T,TGT,I,1,97.87
2025-12-26,9:35:17.721109392,T,TGT,F I,11,97.88
2025-12-26,9:35:17.803433491,T,TGT,I,25,97.89
2025-12-26,9:35:17.803433491,T,TGT,,100,97.87
2025-12-26,9:35:17.803442538,T,TGT,I,39,97.86
2025-12-26,9:35:17.803737149,T,TGT,I,61,97.86
2025-12-26,9:35:17.823022177,T,TGT,,100,97.87
2025-12-26,9:35:17.827920744,T,TGT,F I,2,97.88
2025-12-26,9:35:17.827923941,T,TGT,F I,60,97.88
2025-12-26,9:35:17.827923941,T,TGT,F I,25,97.88
2025-12-26,9:35:17.828251601,T,TGT,I,57,97.89
2025-12-26,9:35:17.829244319,T,TGT,I,1,97.86
2025-12-26,9:35:17.829298208,T,TGT,I,8,97.83
2025-12-26,9:35:17.829301150,T,TGT,I,30,97.83
2025-12-26,9:35:17.829301150,T,TGT,I,7,97.83
2025-12-26,9:35:17.829304196,T,TGT,I,2,97.83
2025-12-26,9:35:17.829571746,T,TGT,,100,97.835
2025-12-26,9:35:17.829830362,T,TGT,,100,97.82
2025-12-26,9:35:17.829941939,T,TGT,F I,31,97.83
2025-12-26,9:35:17.829944917,T,TGT,F I,60,97.83
2025-12-26,9:35:17.829944917,T,TGT,F I,2,97.83
2025-12-26,9:35:17.830091947,T,TGT,I,31,97.82
2025-12-26,9:35:17.830094972,T,TGT,I,31,97.82
2025-12-26,9:35:17.839534573,T,TGT,F,100,97.84
2025-12-26,9:35:17.839534573,T,TGT,F I,2,97.84
2025-12-26,9:35:17.839537425,T,TGT,F I,98,97.84
2025-12-26,9:35:17.839543494,T,TGT,F I,2,97.84
2025-12-26,9:35:17.839555916,T,TGT,,100,97.83
2025-12-26,9:35:17.839555916,T,TGT,I,22,97.82
2025-12-26,9:35:17.839672761,T,TGT,,100,97.83
2025-12-26,9:35:17.839675810,T,TGT,I,91,97.83
2025-12-26,9:35:19.913867207,T,TGT,I,31,97.83
2025-12-26,9:35:20.963887624,T,TGT,F I,30,97.84
2025-12-26,9:35:20.963890594,T,TGT,F I,2,97.84
2025-12-26,9:35:20.963942236,T,TGT,F I,4,97.85
2025-12-26,9:35:20.963945162,T,TGT,F I,2,97.85
2025-12-26,9:35:20.963948339,T,TGT,F,100,97.85
2025-12-26,9:35:20.963950760,T,TGT,F I,4,97.85
2025-12-26,9:35:20.963986807,T,TGT,I,25,97.83
2025-12-26,9:35:20.963990146,T,TGT,I,90,97.825
2025-12-26,9:35:22.306538226,T,TGT,F,223,97.84
2025-12-26,9:35:22.306601382,T,TGT,F I,70,97.84
2025-12-26,9:35:22.306607357,T,TGT,I,30,97.84
2025-12-26,9:35:22.323023431,T,TGT,F,100,97.87
2025-12-26,9:35:31.048342847,T,TGT,F,100,97.95
2025-12-26,9:35:31.048345772,T,TGT,F,100,97.95
2025-12-26,9:35:31.048348837,T,TGT,F I,4,97.95
2025-12-26,9:35:31.048736764,T,TGT,I,17,97.94
2025-12-26,9:35:31.048827008,T,TGT,,100,97.94
2025-12-26,9:35:31.048829949,T,TGT,,100,97.92
2025-12-26,9:35:31.673023940,T,TGT,,100,97.92
2025-12-26,9:35:31.673026966,T,TGT,I,6,97.91
2025-12-26,9:35:31.673029973,T,TGT,,100,97.91
2025-12-26,9:35:31.673029973,T,TGT,I,1,97.91
2025-12-26,9:35:31.673032999,T,TGT,,100,97.91
2025-12-26,9:35:31.682189824,T,TGT,F,100,97.91
2025-12-26,9:35:31.682189824,T,TGT,F,100,97.91
2025-12-26,9:35:31.876187989,T,TGT,,100,97.88
2025-12-26,9:35:35.650864429,T,TGT,F I,8,97.92
2025-12-26,9:35:35.650867408,T,TGT,F I,6,97.93
2025-12-26,9:35:36.379554343,T,TGT,F I,25,97.93
2025-12-26,9:35:41.009810904,T,TGT,F I,20,97.94
2025-12-26,9:35:43.627517346,T,TGT,F I,1,97.98
2025-12-26,9:35:43.627523306,T,TGT,F I,2,97.98
2025-12-26,9:35:43.627532213,T,TGT,F I,1,98.0
2025-12-26,9:35:43.627532213,T,TGT,F I,35,98.0
2025-12-26,9:35:43.627539154,T,TGT,F I,7,98.0
2025-12-26,9:35:43.627544636,T,TGT,F I,1,98.0
2025-12-26,9:35:43.627548744,T,TGT,F I,25,98.0
2025-12-26,9:35:43.627554125,T,TGT,F,120,98.0
2025-12-26,9:35:43.627554125,T,TGT,F I,10,98.0
2025-12-26,9:35:43.627554125,T,TGT,F I,10,98.0
2025-12-26,9:35:43.627557597,T,TGT,F,199,98.0
2025-12-26,9:35:43.627560499,T,TGT,F,100,98.0
2025-12-26,9:35:43.627565657,T,TGT,F I,10,98.0
2025-12-26,9:35:43.627565657,T,TGT,F I,15,98.0
2025-12-26,9:35:43.627565657,T,TGT,F I,10,98.0
2025-12-26,9:35:43.627565657,T,TGT,F I,24,98.0
2025-12-26,9:35:43.627569204,T,TGT,F I,2,98.0
2025-12-26,9:35:43.627571453,T,TGT,F I,10,98.0
2025-12-26,9:35:43.627577235,T,TGT,F I,1,98.0
2025-12-26,9:35:43.627610250,T,TGT,,100,98.0
2025-12-26,9:35:43.627652563,T,TGT,,100,97.995
2025-12-26,9:35:43.628945781,T,TGT,F I,5,98.01
2025-12-26,9:35:43.628948453,T,TGT,F I,96,98.01
2025-12-26,9:35:43.629002627,T,TGT,,100,97.98
2025-12-26,9:35:43.629026664,T,TGT,I,1,97.98
2025-12-26,9:35:43.629081047,T,TGT,I,8,97.98
2025-12-26,9:35:43.629081047,T,TGT,I,12,97.97
2025-12-26,9:35:43.629083831,T,TGT,I,11,97.95
2025-12-26,9:35:43.629083831,T,TGT,I,35,97.95
2025-12-26,9:35:43.629297560,T,TGT,I,12,97.95
2025-12-26,9:35:43.629400183,T,TGT,F I,1,97.96
2025-12-26,9:35:43.629400183,T,TGT,F I,50,97.98
2025-12-26,9:35:43.629402630,T,TGT,F I,22,97.98
2025-12-26,9:35:43.629402630,T,TGT,F I,27,97.98
2025-12-26,9:35:43.630163423,T,TGT,F I,79,97.99
2025-12-26,9:35:43.630226485,T,TGT,F I,1,97.99
2025-12-26,9:35:43.630290171,T,TGT,I,4,97.97
2025-12-26,9:35:43.630290171,T,TGT,I,1,97.97
2025-12-26,9:35:43.630290171,T,TGT,I,5,97.97
2025-12-26,9:35:43.630575361,T,TGT,,100,97.965
2025-12-26,9:35:43.630575361,T,TGT,I,8,97.94
2025-12-26,9:35:43.630590333,T,TGT,F I,2,97.96
2025-12-26,9:35:43.630921114,T,TGT,F I,1,97.95
2025-12-26,9:35:43.631285603,T,TGT,F I,1,97.95
2025-12-26,9:35:43.631285603,T,TGT,F I,1,97.95
2025-12-26,9:35:43.631288064,T,TGT,F I,1,97.95
2025-12-26,9:35:43.631291017,T,TGT,F I,6,97.96
2025-12-26,9:35:43.631294071,T,TGT,F I,18,97.97
2025-12-26,9:35:43.631333190,T,TGT,,100,97.95
2025-12-26,9:35:43.631630829,T,TGT,F,100,97.96
2025-12-26,9:35:43.631633858,T,TGT,F,100,97.96
2025-12-26,9:35:43.631977428,T,TGT,F I,3,97.94
2025-12-26,9:35:43.631977428,T,TGT,F I,98,97.94
2025-12-26,9:35:43.632006814,T,TGT,,100,97.95
2025-12-26,9:35:43.632770513,T,TGT,F I,4,97.95
2025-12-26,9:35:43.632818707,T,TGT,,100,97.95
2025-12-26,9:35:43.632830754,T,TGT,I,97,97.95
2025-12-26,9:35:43.633877589,T,TGT,F,100,97.96
2025-12-26,9:35:43.633877589,T,TGT,F I,16,97.96
2025-12-26,9:35:43.635110143,T,TGT,F I,40,97.97
2025-12-26,9:35:43.635555185,T,TGT,,100,97.98
2025-12-26,9:35:43.635558175,T,TGT,I,29,97.96
2025-12-26,9:35:43.635579387,T,TGT,F I,70,97.98
2025-12-26,9:35:43.635579387,T,TGT,F I,71,97.96
2025-12-26,9:35:43.635582348,T,TGT,F I,13,97.96
2025-12-26,9:35:43.635582348,T,TGT,F I,16,97.96
2025-12-26,9:35:43.637362677,T,TGT,F I,6,97.97
2025-12-26,9:35:43.637362677,T,TGT,F I,16,97.97
2025-12-26,9:35:43.637365472,T,TGT,F,100,97.97
2025-12-26,9:35:43.637368736,T,TGT,F I,3,97.97
2025-12-26,9:35:43.637912839,T,TGT,F I,10,97.98
2025-12-26,9:35:43.637987970,T,TGT,I,2,98.01
2025-12-26,9:35:43.637991482,T,TGT,I,8,98.01
2025-12-26,9:35:43.637994002,T,TGT,I,28,98.01
2025-12-26,9:35:43.637994002,T,TGT,I,62,98.04
2025-12-26,9:35:43.679071908,T,TGT,F I,25,97.98
2025-12-26,9:35:43.685792936,T,TGT,,100,98.02
2025-12-26,9:35:43.687263848,T,TGT,I,11,98.03
2025-12-26,9:35:43.687266374,T,TGT,I,89,98.04
2025-12-26,9:35:43.687383871,T,TGT,I,9,97.99
2025-12-26,9:35:43.687383871,T,TGT,I,64,97.98
2025-12-26,9:35:43.687410727,T,TGT,I,9,97.98
2025-12-26,9:35:43.878645286,T,TGT,I,8,97.94
2025-12-26,9:35:43.878666414,T,TGT,I,92,97.96
2025-12-26,9:35:43.879258970,T,TGT,F I,20,97.94
2025-12-26,9:35:43.879261843,T,TGT,F I,64,97.94
2025-12-26,9:35:44.221549277,T,TGT,F,200,97.92
2025-12-26,9:35:44.222102518,T,TGT,I,60,97.91
2025-12-26,9:35:44.222117659,T,TGT,F I,40,97.91
2025-12-26,9:35:44.222722016,T,TGT,F,100,97.91
2025-12-26,9:35:44.223152085,T,TGT,,100,97.91
2025-12-26,9:35:44.223567274,T,TGT,F,100,97.91
2025-12-26,9:35:44.225660006,T,TGT,F I,98,97.91
2025-12-26,9:35:44.225660006,T,TGT,I,2,97.91
2025-12-26,9:35:44.418731994,T,TGT,F I,50,97.87
2025-12-26,9:35:44.418768101,T,TGT,F I,50,97.87
2025-12-26,9:35:44.628478677,T,TGT,,100,97.87
2025-12-26,9:35:44.629979236,T,TGT,,100,97.87
2025-12-26,9:35:44.882114918,T,TGT,,100,97.87
2025-12-26,9:35:45.147118253,T,TGT,,100,97.87
2025-12-26,9:35:45.157947027,T,TGT,,100,97.87
2025-12-26,9:35:45.628222346,T,TGT,,100,97.87
2025-12-26,9:35:47.253904178,T,TGT,,100,97.875
2025-12-26,9:35:47.565374241,T,TGT,I,3,97.875
2025-12-26,9:35:52.478616985,T,TGT,F I,4,97.92
2025-12-26,9:35:54.418177646,T,TGT,F I,11,97.98
2025-12-26,9:35:54.418219664,T,TGT,F I,20,97.98
2025-12-26,9:35:59.575755530,T,TGT,,100,98.055
2025-12-26,9:36:03.246251619,T,TGT,,100,98.11
2025-12-26,9:36:08.019147108,T,TGT,,100,98.06
2025-12-26,9:36:08.019384674,T,TGT,F I,98,98.05
2025-12-26,9:36:08.019408752,T,TGT,F I,2,98.05
2025-12-26,9:36:08.019408752,T,TGT,F,100,98.05
2025-12-26,9:36:08.019414742,T,TGT,F,100,98.05
2025-12-26,9:36:08.019417701,T,TGT,F,100,98.05
2025-12-26,9:36:08.019426774,T,TGT,,100,98.05
2025-12-26,9:36:08.020638865,T,TGT,F I,84,98.04
2025-12-26,9:36:08.020638865,T,TGT,I,16,98.04
2025-12-26,9:36:08.020656733,T,TGT,,100,98.04
2025-12-26,9:36:08.020665999,T,TGT,I,16,98.04
2025-12-26,9:36:08.020668792,T,TGT,I,84,98.04
2025-12-26,9:36:08.020858153,T,TGT,F I,1,98.04
2025-12-26,9:36:08.020879540,T,TGT,F I,99,98.04
2025-12-26,9:36:08.020879540,T,TGT,F,100,98.04
2025-12-26,9:36:08.084998251,T,TGT,F I,98,98.03
2025-12-26,9:36:08.085001138,T,TGT,I,2,98.03
2025-12-26,9:36:08.086200844,T,TGT,,100,98.02
2025-12-26,9:36:08.086206822,T,TGT,I,32,98.01
2025-12-26,9:36:08.793723446,T,TGT,I,30,98.01
2025-12-26,9:36:08.793792599,T,TGT,I,70,98.01
2025-12-26,9:36:08.805328119,T,TGT,F,100,97.97
2025-12-26,9:36:08.807544407,T,TGT,F I,50,97.95
2025-12-26,9:36:08.807694666,T,TGT,F I,50,97.95
2025-12-26,9:36:08.816824501,T,TGT,I,53,97.96
2025-12-26,9:36:08.827923939,T,TGT,,100,97.92
2025-12-26,9:36:12.106063448,T,TGT,I,60,97.905
2025-12-26,9:36:14.386531460,T,TGT,F I,66,97.86
2025-12-26,9:36:14.386531460,T,TGT,F,100,97.86
2025-12-26,9:36:14.386552207,T,TGT,,100,97.86
2025-12-26,9:36:14.387210688,T,TGT,I,20,97.85
2025-12-26,9:36:14.420295493,T,TGT,F I,1,97.86
2025-12-26,9:36:14.420298560,T,TGT,F I,24,97.87
2025-12-26,9:36:14.420482284,T,TGT,I,31,97.86
2025-12-26,9:36:14.420482284,T,TGT,I,9,97.86
2025-12-26,9:36:14.420773852,T,TGT,I,2,97.87
2025-12-26,9:36:14.420777541,T,TGT,I,4,97.87
2025-12-26,9:36:14.420777541,T,TGT,I,6,97.87
2025-12-26,9:36:14.420779934,T,TGT,I,32,97.87
2025-12-26,9:36:14.420782697,T,TGT,I,8,97.87
2025-12-26,9:36:14.670545740,T,TGT,F I,25,97.87
2025-12-26,9:36:14.921797896,T,TGT,F I,7,97.87
2025-12-26,9:36:14.921800234,T,TGT,F I,8,97.87
2025-12-26,9:36:14.921803301,T,TGT,F I,10,97.87
2025-12-26,9:36:15.443871055,T,TGT,I,15,97.87
2025-12-26,9:36:15.443871055,T,TGT,I,25,97.87
2025-12-26,9:36:16.585925718,T,TGT,I,32,97.87
2025-12-26,9:36:16.585925718,T,TGT,I,8,97.87
2025-12-26,9:36:16.977563793,T,TGT,I,21,97.88
2025-12-26,9:36:16.977563793,T,TGT,I,19,97.88
2025-12-26,9:36:18.357416105,T,TGT,I,22,97.88
2025-12-26,9:36:18.357416105,T,TGT,I,18,97.88
2025-12-26,9:36:19.795937907,T,TGT,I,23,97.88
2025-12-26,9:36:19.795941021,T,TGT,I,17,97.88
2025-12-26,9:36:21.162598504,T,TGT,F I,24,97.88
2025-12-26,9:36:21.162600975,T,TGT,F I,16,97.88
2025-12-26,9:36:21.162603809,T,TGT,F I,22,97.89
2025-12-26,9:36:21.162612800,T,TGT,F I,28,97.89
2025-12-26,9:36:21.162616235,T,TGT,F I,12,97.89
2025-12-26,9:36:21.162700057,T,TGT,F,100,97.9
2025-12-26,9:36:21.162763451,T,TGT,I,25,97.89
2025-12-26,9:36:21.162766123,T,TGT,,100,97.89
2025-12-26,9:36:21.162766123,T,TGT,I,22,97.86
2025-12-26,9:36:21.162937647,T,TGT,I,78,97.86
2025-12-26,9:36:21.162982732,T,TGT,F I,2,97.86
2025-12-26,9:36:21.162988694,T,TGT,F I,27,97.86
2025-12-26,9:36:21.163003693,T,TGT,F,271,97.86
2025-12-26,9:36:21.163009741,T,TGT,F I,14,97.86
2025-12-26,9:36:21.163015783,T,TGT,F I,4,97.88
2025-12-26,9:36:21.163015783,T,TGT,F I,22,97.88
2025-12-26,9:36:21.163403691,T,TGT,,100,97.87
2025-12-26,9:36:21.163695337,T,TGT,F I,50,97.87
2025-12-26,9:36:21.163954244,T,TGT,,100,97.89
2025-12-26,9:36:21.654281290,T,TGT,F I,78,97.9
2025-12-26,9:36:21.654284093,T,TGT,F I,4,97.9
2025-12-26,9:36:21.654302138,T,TGT,I,36,97.9
2025-12-26,9:36:21.654305523,T,TGT,I,1,97.9
2025-12-26,9:36:21.654308171,T,TGT,F I,59,97.9
2025-12-26,9:36:21.654308171,T,TGT,F I,4,97.9
2025-12-26,9:36:21.654311787,T,TGT,I,2,97.88
2025-12-26,9:36:21.654314184,T,TGT,,130,97.88
2025-12-26,9:36:21.654365527,T,TGT,,100,97.88
2025-12-26,9:36:21.654368646,T,TGT,F I,50,97.88
2025-12-26,9:36:21.654380383,T,TGT,I,20,97.88
2025-12-26,9:36:21.654380383,T,TGT,I,8,97.88
2025-12-26,9:36:21.654383312,T,TGT,I,1,97.88
2025-12-26,9:36:21.654407415,T,TGT,,246,97.88
2025-12-26,9:36:21.654413926,T,TGT,,100,97.87
2025-12-26,9:36:21.654416695,T,TGT,,255,97.87
2025-12-26,9:36:21.654416695,T,TGT,,100,97.87
2025-12-26,9:36:21.654419492,T,TGT,,100,97.87
2025-12-26,9:36:21.654485626,T,TGT,,100,97.86
2025-12-26,9:36:21.654485626,T,TGT,I,32,97.86
2025-12-26,9:36:21.654524693,T,TGT,F,100,97.86
2025-12-26,9:36:21.654549700,T,TGT,,100,97.86
2025-12-26,9:36:21.654696716,T,TGT,F I,60,97.88
2025-12-26,9:36:21.654699719,T,TGT,F I,40,97.89
2025-12-26,9:36:21.654774270,T,TGT,I,1,97.88
2025-12-26,9:36:21.654774270,T,TGT,I,2,97.88
2025-12-26,9:36:21.654777322,T,TGT,I,28,97.88
2025-12-26,9:36:21.654780383,T,TGT,I,60,97.89
2025-12-26,9:36:21.654780383,T,TGT,I,8,97.89
2025-12-26,9:36:21.654783253,T,TGT,I,1,97.89
2025-12-26,9:36:21.654942640,T,TGT,F,100,97.88
2025-12-26,9:36:21.654948704,T,TGT,F I,26,97.88
2025-12-26,9:36:21.654948704,T,TGT,F I,74,97.88
2025-12-26,9:36:21.654969871,T,TGT,F,100,97.88
2025-12-26,9:36:21.655008847,T,TGT,,435,97.88
2025-12-26,9:36:21.655012517,T,TGT,I,24,97.88
2025-12-26,9:36:21.655031158,T,TGT,I,26,97.88
2025-12-26,9:36:21.655035911,T,TGT,,100,97.88
2025-12-26,9:36:21.655035911,T,TGT,,200,97.88
2025-12-26,9:36:21.655035911,T,TGT,,100,97.88
2025-12-26,9:36:21.655038982,T,TGT,,150,97.88
2025-12-26,9:36:21.655041926,T,TGT,I,35,97.88
2025-12-26,9:36:21.655041926,T,TGT,I,30,97.88
2025-12-26,9:36:21.655483998,T,TGT,,100,97.87
2025-12-26,9:36:21.655486978,T,TGT,I,38,97.87
2025-12-26,9:36:21.655676683,T,TGT,,100,97.86
2025-12-26,9:36:21.655679411,T,TGT,,100,97.86
2025-12-26,9:36:21.655938049,T,TGT,I,12,97.87
2025-12-26,9:36:21.661528351,T,TGT,F,100,97.88
2025-12-26,9:36:21.661591640,T,TGT,,100,97.87
2025-12-26,9:36:21.661657631,T,TGT,F I,9,97.88
2025-12-26,9:36:22.073588071,T,TGT,F I,20,97.88
2025-12-26,9:36:22.073591165,T,TGT,F I,99,97.89
2025-12-26,9:36:23.531121305,T,TGT,F I,50,97.89
2025-12-26,9:36:24.686434551,T,TGT,F I,16,97.92
2025-12-26,9:36:24.686612069,T,TGT,I,18,97.9
2025-12-26,9:36:24.686879671,T,TGT,I,27,97.92
2025-12-26,9:36:24.686996923,T,TGT,F I,25,97.93
2025-12-26,9:36:24.766124433,T,TGT,I,10,97.92
2025-12-26,9:36:24.975952315,T,TGT,F I,4,97.94
2025-12-26,9:36:33.591224456,T,TGT,I,27,98.03
2025-12-26,9:36:33.591227513,T,TGT,I,14,98.03
2025-12-26,9:36:34.368029365,T,TGT,F I,27,98.03
2025-12-26,9:36:34.368029365,T,TGT,F I,13,98.03
2025-12-26,9:36:34.368053216,T,TGT,F I,1,98.03
2025-12-26,9:36:34.368056770,T,TGT,F I,23,98.02
2025-12-26,9:36:34.368059176,T,TGT,F I,18,98.02
2025-12-26,9:36:34.368606522,T,TGT,,100,98.01
2025-12-26,9:36:34.368606522,T,TGT,I,1,98.01
2025-12-26,9:36:34.368627505,T,TGT,I,1,98.01
2025-12-26,9:36:34.368631093,T,TGT,I,99,98.01
2025-12-26,9:36:34.368895182,T,TGT,,100,98.01
2025-12-26,9:36:34.369066539,T,TGT,I,61,98.0
2025-12-26,9:36:34.369087935,T,TGT,F I,39,98.0
2025-12-26,9:36:34.369090647,T,TGT,F I,10,98.0
2025-12-26,9:36:34.370140120,T,TGT,F,100,98.0
2025-12-26,9:36:34.370161138,T,TGT,F,100,98.01
2025-12-26,9:36:34.370164472,T,TGT,F I,10,98.01
2025-12-26,9:36:34.370164472,T,TGT,F I,90,98.02
2025-12-26,9:36:34.370170199,T,TGT,F I,5,98.01
2025-12-26,9:36:34.370170199,T,TGT,F I,30,98.01
2025-12-26,9:36:34.370176217,T,TGT,F I,10,98.02
2025-12-26,9:36:34.370570179,T,TGT,F I,10,98.01
2025-12-26,9:36:34.372648094,T,TGT,,100,98.02
2025-12-26,9:36:34.372672217,T,TGT,I,87,98.02
2025-12-26,9:36:34.372672217,T,TGT,I,5,98.02
2025-12-26,9:36:34.389437035,T,TGT,F,100,98.02
2025-12-26,9:36:34.389452183,T,TGT,F I,60,98.03
2025-12-26,9:36:34.389452183,T,TGT,F I,8,98.03
2025-12-26,9:36:34.389584457,T,TGT,,100,98.015
2025-12-26,9:36:34.389587462,T,TGT,I,24,98.01
2025-12-26,9:36:34.389590441,T,TGT,I,25,98.01
2025-12-26,9:36:34.389590441,T,TGT,I,42,98.0
2025-12-26,9:36:34.389735127,T,TGT,F,100,98.03
2025-12-26,9:36:34.391298618,T,TGT,,100,98.03
2025-12-26,9:36:34.391902988,T,TGT,F,100,98.04
2025-12-26,9:36:34.469704313,T,TGT,F,100,98.05
2025-12-26,9:36:36.062135948,T,TGT,F,100,98.11
2025-12-26,9:36:36.062193408,T,TGT,I,25,98.13
2025-12-26,9:36:36.062196072,T,TGT,,100,98.11
2025-12-26,9:36:36.062983963,T,TGT,I,10,98.11
2025-12-26,9:36:36.063474196,T,TGT,I,93,98.115
2025-12-26,9:36:36.063489503,T,TGT,I,7,98.115
2025-12-26,9:36:36.063492250,T,TGT,I,45,98.115
2025-12-26,9:36:36.063540343,T,TGT,,150,98.14
2025-12-26,9:36:36.063702743,T,TGT,I,5,98.14
2025-12-26,9:36:36.617877924,T,TGT,F I,25,98.13
2025-12-26,9:36:36.618656937,T,TGT,F I,93,98.11
2025-12-26,9:36:36.618656937,T,TGT,F I,52,98.11
2025-12-26,9:36:36.618659741,T,TGT,F I,14,98.11
2025-12-26,9:36:36.834462872,T,TGT,I,50,98.065
2025-12-26,9:36:37.152828394,T,TGT,I,50,98.065
2025-12-26,9:36:37.168964848,T,TGT,F I,30,98.03
2025-12-26,9:36:37.168967789,T,TGT,F I,11,98.03
2025-12-26,9:36:37.169469947,T,TGT,I,33,98.01
2025-12-26,9:36:37.169472986,T,TGT,I,9,98.01
2025-12-26,9:36:37.169475996,T,TGT,,458,98.0
2025-12-26,9:36:37.169490982,T,TGT,I,1,98.0
2025-12-26,9:36:37.169494067,T,TGT,I,1,98.0
2025-12-26,9:36:37.169524135,T,TGT,F I,40,98.0
2025-12-26,9:36:37.170636756,T,TGT,,100,97.99
2025-12-26,9:36:37.264721912,T,TGT,F I,60,97.995
2025-12-26,9:36:38.046671696,T,TGT,I,80,97.995
2025-12-26,9:36:38.474924977,T,TGT,I,15,97.98
2025-12-26,9:36:40.261447974,T,TGT,I,63,98.04
2025-12-26,9:36:44.112398131,T,TGT,I,15,98.03
2025-12-26,9:36:51.860307938,T,TGT,,100,98.07
2025-12-26,9:36:51.860909430,T,TGT,I,30,98.09
2025-12-26,9:36:51.860912392,T,TGT,I,60,98.09
2025-12-26,9:36:51.860912392,T,TGT,I,1,98.1
2025-12-26,9:36:51.860915471,T,TGT,I,2,98.1
2025-12-26,9:36:51.861258266,T,TGT,F,100,98.08
2025-12-26,9:36:51.861273405,T,TGT,,104,98.08
2025-12-26,9:36:51.861273405,T,TGT,I,22,98.08
2025-12-26,9:36:52.778404183,T,TGT,F I,8,98.1
2025-12-26,9:36:52.778404183,T,TGT,F I,22,98.1
2025-12-26,9:36:52.778407220,T,TGT,F I,4,98.1
2025-12-26,9:36:52.778407220,T,TGT,F I,64,98.1
2025-12-26,9:36:52.778422233,T,TGT,F I,1,98.1
2025-12-26,9:36:58.313326918,T,TGT,I,6,98.06
2025-12-26,9:36:58.313850170,T,TGT,,100,98.06
2025-12-26,9:36:58.314135958,T,TGT,I,25,98.09
2025-12-26,9:36:58.314138854,T,TGT,I,42,98.09
2025-12-26,9:36:58.314577969,T,TGT,F,100,98.06
2025-12-26,9:36:58.322522899,T,TGT,F,100,98.05
2025-12-26,9:36:58.322531951,T,TGT,F,100,98.05
2025-12-26,9:36:58.323352847,T,TGT,F,100,98.04
2025-12-26,9:36:58.323364892,T,TGT,,100,98.04
2025-12-26,9:36:58.349707687,T,TGT,,100,98.03
2025-12-26,9:36:58.403755358,T,TGT,,100,98.02
2025-12-26,9:36:58.403759157,T,TGT,,100,98.02
2025-12-26,9:36:59.118552286,T,TGT,F I,50,98.01
2025-12-26,9:36:59.211584850,T,TGT,I,50,98.01
2025-12-26,9:37:00.845220759,T,TGT,F,100,98.04
2025-12-26,9:37:00.845220759,T,TGT,F,100,98.04
2025-12-26,9:37:00.845244904,T,TGT,F,100,98.05
2025-12-26,9:37:00.845332042,T,TGT,,100,98.04
2025-12-26,9:37:00.845437518,T,TGT,F I,3,98.05
2025-12-26,9:37:00.845437518,T,TGT,F I,97,98.05
2025-12-26,9:37:00.845440245,T,TGT,F I,30,98.05
2025-12-26,9:37:00.845834243,T,TGT,F,100,98.06
2025-12-26,9:37:00.845912413,T,TGT,F I,30,98.05
2025-12-26,9:37:00.845915812,T,TGT,F,141,98.05
2025-12-26,9:37:00.845934163,T,TGT,I,1,98.05
2025-12-26,9:37:00.845939538,T,TGT,I,58,98.05
2025-12-26,9:37:00.845939538,T,TGT,I,42,98.05
2025-12-26,9:37:00.845942496,T,TGT,,100,98.05
2025-12-26,9:37:00.845954563,T,TGT,,157,98.05
2025-12-26,9:37:00.845954563,T,TGT,I,8,98.05
2025-12-26,9:37:00.846002722,T,TGT,I,33,98.06
2025-12-26,9:37:00.846002722,T,TGT,,100,98.06
2025-12-26,9:37:00.846005659,T,TGT,I,17,98.06
2025-12-26,9:37:00.846020707,T,TGT,F I,13,98.06
2025-12-26,9:37:00.846027660,T,TGT,F I,13,98.06
2025-12-26,9:37:00.846027660,T,TGT,F I,74,98.06
2025-12-26,9:37:00.846192104,T,TGT,F I,70,98.06
2025-12-26,9:37:00.846826608,T,TGT,I,27,98.05
2025-12-26,9:37:02.086975023,T,TGT,F I,29,98.06
2025-12-26,9:37:02.086975023,T,TGT,F I,28,98.06
2025-12-26,9:37:02.086978559,T,TGT,F I,27,98.06
2025-12-26,9:37:02.086981255,T,TGT,F I,29,98.06
2025-12-26,9:37:02.086981255,T,TGT,F I,29,98.06
2025-12-26,9:37:02.086984065,T,TGT,F I,91,98.06
2025-12-26,9:37:02.086987027,T,TGT,F I,25,98.06
2025-12-26,9:37:02.086989976,T,TGT,F,100,98.06
2025-12-26,9:37:02.423359317,T,TGT,I,42,98.11
2025-12-26,9:37:02.716377315,T,TGT,F I,25,98.09
2025-12-26,9:37:02.716452550,T,TGT,I,50,98.085
2025-12-26,9:37:02.716491659,T,TGT,I,50,98.085
2025-12-26,9:37:03.336634959,T,TGT,F I,42,98.11
2025-12-26,9:37:03.336869830,T,TGT,I,4,98.14
2025-12-26,9:37:03.336869830,T,TGT,I,4,98.14
2025-12-26,9:37:03.336872485,T,TGT,I,60,98.14
2025-12-26,9:37:03.336875604,T,TGT,I,5,98.15
2025-12-26,9:37:03.667646425,T,TGT,,150,98.16
2025-12-26,9:37:03.667648830,T,TGT,,100,98.15
2025-12-26,9:37:03.667648830,T,TGT,,100,98.14
2025-12-26,9:37:03.667663569,T,TGT,I,19,98.16
2025-12-26,9:37:03.667667151,T,TGT,I,37,98.14
2025-12-26,9:37:03.667669981,T,TGT,I,1,98.14
2025-12-26,9:37:03.667715031,T,TGT,,100,98.16
2025-12-26,9:37:03.667717705,T,TGT,I,6,98.16
2025-12-26,9:37:03.667720814,T,TGT,I,35,98.16
2025-12-26,9:37:03.667729752,T,TGT,F,150,98.14
2025-12-26,9:37:03.667735764,T,TGT,I,1,98.16
2025-12-26,9:37:03.667765838,T,TGT,I,6,98.14
2025-12-26,9:37:03.667765838,T,TGT,I,35,98.14
2025-12-26,9:37:03.667769701,T,TGT,,100,98.14
2025-12-26,9:37:03.667769701,T,TGT,I,9,98.14
2025-12-26,9:37:03.667777809,T,TGT,F I,99,98.16
2025-12-26,9:37:03.667901111,T,TGT,I,20,98.15
2025-12-26,9:37:03.667916750,T,TGT,F I,18,98.15
2025-12-26,9:37:03.668262229,T,TGT,I,2,98.15
2025-12-26,9:37:03.668265319,T,TGT,,116,98.15
2025-12-26,9:37:03.668268082,T,TGT,,117,98.15
2025-12-26,9:37:03.668283022,T,TGT,I,36,98.15
2025-12-26,9:37:03.668322609,T,TGT,I,37,98.15
2025-12-26,9:37:03.668322609,T,TGT,I,90,98.15
2025-12-26,9:37:03.668325233,T,TGT,,150,98.15
2025-12-26,9:37:03.668328441,T,TGT,I,11,98.15
2025-12-26,9:37:03.668328441,T,TGT,,102,98.15
2025-12-26,9:37:03.668331128,T,TGT,I,3,98.15
2025-12-26,9:37:03.668437128,T,TGT,I,10,98.15
2025-12-26,9:37:03.668439740,T,TGT,,100,98.15
2025-12-26,9:37:03.668442420,T,TGT,I,6,98.15
2025-12-26,9:37:03.669401766,T,TGT,,100,98.14
2025-12-26,9:37:03.669828745,T,TGT,,100,98.14
2025-12-26,9:37:03.675265698,T,TGT,F,100,98.14
2025-12-26,9:37:03.675653584,T,TGT,F,100,98.15
2025-12-26,9:37:03.677578254,T,TGT,F,100,98.15
2025-12-26,9:37:03.677581240,T,TGT,F I,11,98.15
2025-12-26,9:37:03.677581240,T,TGT,F,100,98.15
2025-12-26,9:37:04.232417991,T,TGT,I,33,98.17
2025-12-26,9:37:04.232417991,T,TGT,I,9,98.17
2025-12-26,9:37:05.634390930,T,TGT,I,37,98.19
2025-12-26,9:37:05.634393855,T,TGT,I,5,98.19
2025-12-26,9:37:05.746570092,T,TGT,F I,38,98.19
2025-12-26,9:37:05.746570092,T,TGT,F I,4,98.19
2025-12-26,9:37:07.141779952,T,TGT,F I,25,98.19
2025-12-26,9:37:08.734849275,T,TGT,F I,10,98.2
2025-12-26,9:37:08.734852186,T,TGT,F,100,98.2
2025-12-26,9:37:08.734855316,T,TGT,F,100,98.2
2025-12-26,9:37:08.735200902,T,TGT,I,30,98.18
2025-12-26,9:37:08.735200902,T,TGT,I,10,98.18
2025-12-26,9:37:08.735203958,T,TGT,I,10,98.18
2025-12-26,9:37:08.735212927,T,TGT,I,60,98.18
2025-12-26,9:37:08.735237006,T,TGT,F,200,98.18
2025-12-26,9:37:08.735239944,T,TGT,F I,10,98.2
2025-12-26,9:37:08.735294227,T,TGT,I,6,98.18
2025-12-26,9:37:08.735309111,T,TGT,F I,25,98.16
2025-12-26,9:37:08.735525707,T,TGT,I,25,98.17
2025-12-26,9:37:08.735528984,T,TGT,,100,98.16
2025-12-26,9:37:08.735703105,T,TGT,I,48,98.18
2025-12-26,9:37:08.735835397,T,TGT,,100,98.16
2025-12-26,9:37:08.735856450,T,TGT,F I,23,98.16
2025-12-26,9:37:08.736136081,T,TGT,,100,98.15
2025-12-26,9:37:08.736181461,T,TGT,,100,98.15
2025-12-26,9:37:08.736181461,T,TGT,I,5,98.14
2025-12-26,9:37:08.736371379,T,TGT,F I,7,98.14
2025-12-26,9:37:08.736371379,T,TGT,F I,24,98.14
2025-12-26,9:37:08.736376665,T,TGT,F I,49,98.14
2025-12-26,9:37:08.736376665,T,TGT,F I,12,98.14
2025-12-26,9:37:08.736422412,T,TGT,,100,98.13
2025-12-26,9:37:08.736425099,T,TGT,I,12,98.13
2025-12-26,9:37:08.736813001,T,TGT,I,25,98.13
2025-12-26,9:37:08.736815762,T,TGT,I,5,98.13
2025-12-26,9:37:08.736815762,T,TGT,I,70,98.13
2025-12-26,9:37:08.736818731,T,TGT,I,25,98.13
2025-12-26,9:37:08.736960035,T,TGT,F,100,98.14
2025-12-26,9:37:08.736960035,T,TGT,F I,30,98.14
2025-12-26,9:37:08.737113411,T,TGT,I,12,98.13
2025-12-26,9:37:08.737113411,T,TGT,,100,98.13
2025-12-26,9:37:08.737116461,T,TGT,,100,98.13
2025-12-26,9:37:08.737200834,T,TGT,I,30,98.13
2025-12-26,9:37:08.737204349,T,TGT,I,29,98.13
2025-12-26,9:37:08.737204349,T,TGT,I,31,98.13
2025-12-26,9:37:08.737206719,T,TGT,I,70,98.14
2025-12-26,9:37:08.737206719,T,TGT,I,40,98.14
2025-12-26,9:37:08.737260852,T,TGT,F I,60,98.13
2025-12-26,9:37:08.737402870,T,TGT,F I,30,98.13
2025-12-26,9:37:08.737402870,T,TGT,F I,29,98.13
2025-12-26,9:37:08.737405109,T,TGT,F I,31,98.13
2025-12-26,9:37:08.737444283,T,TGT,F I,30,98.13
2025-12-26,9:37:08.737577147,T,TGT,F I,60,98.13
2025-12-26,9:37:08.737582879,T,TGT,F I,11,98.13
2025-12-26,9:37:08.737585660,T,TGT,F I,30,98.13
2025-12-26,9:37:08.737585660,T,TGT,F I,10,98.13
2025-12-26,9:37:08.757592270,T,TGT,F I,60,98.14
2025-12-26,9:37:08.757592270,T,TGT,F I,4,98.14
2025-12-26,9:37:08.773415982,T,TGT,F I,40,98.15
2025-12-26,9:37:08.773443059,T,TGT,F,100,98.16
2025-12-26,9:37:08.773446031,T,TGT,F I,14,98.16
2025-12-26,9:37:08.773464035,T,TGT,F I,86,98.16
2025-12-26,9:37:08.850841458,T,TGT,,100,98.14
2025-12-26,9:37:08.850862820,T,TGT,I,1,98.14
2025-12-26,9:37:08.851154105,T,TGT,F,200,98.14
2025-12-26,9:37:08.851154105,T,TGT,F I,25,98.14
2025-12-26,9:37:08.851160143,T,TGT,I,99,98.14
2025-12-26,9:37:08.851455522,T,TGT,F I,35,98.15
2025-12-26,9:37:08.851458461,T,TGT,F I,70,98.15
2025-12-26,9:37:08.851458461,T,TGT,F I,95,98.16
2025-12-26,9:37:08.851484947,T,TGT,,100,98.14
2025-12-26,9:37:08.851602209,T,TGT,,100,98.14
2025-12-26,9:37:08.851602209,T,TGT,I,35,98.14
2025-12-26,9:37:08.851605147,T,TGT,I,35,98.14
2025-12-26,9:37:08.851755506,T,TGT,I,8,98.14
2025-12-26,9:37:08.851785622,T,TGT,F I,20,98.15
2025-12-26,9:37:08.851866796,T,TGT,I,25,98.14
2025-12-26,9:37:08.851866796,T,TGT,I,75,98.13
2025-12-26,9:37:08.870887407,T,TGT,,100,98.15
2025-12-26,9:37:08.870887407,T,TGT,I,11,98.15
2025-12-26,9:37:08.870891381,T,TGT,I,33,98.15
2025-12-26,9:37:08.870891381,T,TGT,I,8,98.15
2025-12-26,9:37:08.870896128,T,TGT,I,29,98.15
2025-12-26,9:37:08.870896128,T,TGT,I,29,98.15
2025-12-26,9:37:08.870896128,T,TGT,I,29,98.15
2025-12-26,9:37:08.870899339,T,TGT,I,80,98.15
2025-12-26,9:37:08.870899339,T,TGT,I,25,98.15
2025-12-26,9:37:08.870899339,T,TGT,,100,98.15
2025-12-26,9:37:08.871148713,T,TGT,F I,5,98.16
2025-12-26,9:37:09.732322338,T,TGT,,100,98.14
2025-12-26,9:37:09.732440140,T,TGT,,100,98.16
2025-12-26,9:37:09.732460589,T,TGT,I,1,98.16
2025-12-26,9:37:09.732490827,T,TGT,I,6,98.14
2025-12-26,9:37:09.732586917,T,TGT,F I,25,98.13
2025-12-26,9:37:09.732590584,T,TGT,F,100,98.12
2025-12-26,9:37:09.732593336,T,TGT,F I,25,98.12
2025-12-26,9:37:09.732593336,T,TGT,F I,75,98.12
2025-12-26,9:37:09.732599017,T,TGT,I,25,98.12
2025-12-26,9:37:09.732716253,T,TGT,I,6,98.13
2025-12-26,9:37:09.732866627,T,TGT,F I,6,98.12
2025-12-26,9:37:09.733311659,T,TGT,F I,10,98.13
2025-12-26,9:37:09.733317711,T,TGT,F I,18,98.13
2025-12-26,9:37:09.779276169,T,TGT,F,100,98.15
2025-12-26,9:37:09.779324301,T,TGT,F,100,98.16
2025-12-26,9:37:10.967052293,T,TGT,F I,4,98.18
2025-12-26,9:37:10.967069798,T,TGT,F,100,98.18
2025-12-26,9:37:10.967091064,T,TGT,I,25,98.17
2025-12-26,9:37:10.967094182,T,TGT,,128,98.165
2025-12-26,9:37:10.967349779,T,TGT,F I,72,98.17
2025-12-26,9:37:10.967349779,T,TGT,F I,28,98.16
2025-12-26,9:37:10.967460786,T,TGT,I,72,98.16
2025-12-26,9:37:10.967478748,T,TGT,F I,4,98.17
2025-12-26,9:37:10.967502799,T,TGT,I,35,98.17
2025-12-26,9:37:10.967725320,T,TGT,F,100,98.17
2025-12-26,9:37:10.967741024,T,TGT,F I,30,98.17
2025-12-26,9:37:10.967741024,T,TGT,F I,19,98.17
2025-12-26,9:37:10.967743743,T,TGT,F I,20,98.17
2025-12-26,9:37:10.967743743,T,TGT,I,52,98.18
2025-12-26,9:37:10.967830664,T,TGT,I,93,98.17
2025-12-26,9:37:10.968066042,T,TGT,I,19,98.16
2025-12-26,9:37:10.968068558,T,TGT,I,3,98.16
2025-12-26,9:37:10.977074842,T,TGT,F,100,98.17
2025-12-26,9:37:10.977074842,T,TGT,F,100,98.17
2025-12-26,9:37:10.987620776,T,TGT,I,18,98.18
2025-12-26,9:37:15.054220590,T,TGT,I,25,98.21
2025-12-26,9:37:15.054244574,T,TGT,F,104,98.2
2025-12-26,9:37:15.054307791,T,TGT,F I,50,98.2
2025-12-26,9:37:15.054316808,T,TGT,F I,50,98.2
2025-12-26,9:37:16.816782486,T,TGT,F I,1,98.24
2025-12-26,9:37:16.816785647,T,TGT,F I,1,98.24
2025-12-26,9:37:16.816789564,T,TGT,F I,1,98.24
2025-12-26,9:37:16.816791524,T,TGT,F I,1,98.24
2025-12-26,9:37:16.816794522,T,TGT,I,60,98.24
2025-12-26,9:37:16.816800515,T,TGT,I,1,98.24
2025-12-26,9:37:16.816812627,T,TGT,F I,36,98.24
2025-12-26,9:37:17.230096241,T,TGT,F,150,98.23
2025-12-26,9:37:17.230096241,T,TGT,F I,18,98.23
2025-12-26,9:37:17.294440538,T,TGT,F,100,98.24
2025-12-26,9:37:17.294440538,T,TGT,F I,40,98.25
2025-12-26,9:37:17.294443387,T,TGT,F I,42,98.25
2025-12-26,9:37:17.294458488,T,TGT,I,1,98.25
2025-12-26,9:37:17.294912551,T,TGT,F I,57,98.25
2025-12-26,9:37:19.895198186,T,TGT,F,100,98.31
2025-12-26,9:37:19.895201199,T,TGT,F,100,98.31
2025-12-26,9:37:20.513459171,T,TGT,,150,98.27
2025-12-26,9:37:20.513459171,T,TGT,I,25,98.27
2025-12-26,9:37:20.513462151,T,TGT,I,25,98.27
2025-12-26,9:37:20.513678592,T,TGT,F I,75,98.27
2025-12-26,9:37:20.513681846,T,TGT,F,100,98.26
2025-12-26,9:37:20.513684730,T,TGT,F I,25,98.26
2025-12-26,9:37:20.513684730,T,TGT,I,75,98.26
2025-12-26,9:37:20.519735085,T,TGT,,300,98.26
2025-12-26,9:37:20.615534267,T,TGT,F,100,98.27
2025-12-26,9:37:20.620075122,T,TGT,F,100,98.28
2025-12-26,9:37:20.628408008,T,TGT,,100,98.28
2025-12-26,9:37:21.490408551,T,TGT,F I,25,98.29
2025-12-26,9:37:21.490408551,T,TGT,F,200,98.3
2025-12-26,9:37:21.490411551,T,TGT,F I,93,98.3
2025-12-26,9:37:21.490429569,T,TGT,I,1,98.3
2025-12-26,9:37:21.490477656,T,TGT,F I,6,98.3
2025-12-26,9:37:21.492690923,T,TGT,F,100,98.29
2025-12-26,9:37:21.492690923,T,TGT,F I,40,98.29
2025-12-26,9:37:21.492693911,T,TGT,F I,60,98.29
2025-12-26,9:37:21.492712042,T,TGT,I,20,98.29
2025-12-26,9:37:23.244556465,T,TGT,F,252,98.29
2025-12-26,9:37:23.244574551,T,TGT,F I,30,98.29
2025-12-26,9:37:23.244577859,T,TGT,I,1,98.29
2025-12-26,9:37:23.244580597,T,TGT,F,117,98.29
2025-12-26,9:37:23.244580597,T,TGT,F,100,98.29
2025-12-26,9:37:23.246129154,T,TGT,,200,98.3
2025-12-26,9:37:23.246168246,T,TGT,F,100,98.3
2025-12-26,9:37:23.247864370,T,TGT,F,100,98.3
2025-12-26,9:37:23.252447546,T,TGT,F,200,98.3
2025-12-26,9:37:23.252450566,T,TGT,F,100,98.3
2025-12-26,9:37:23.253121404,T,TGT,I,60,98.305
2025-12-26,9:37:23.253890675,T,TGT,F,100,98.3
2025-12-26,9:37:23.253893679,T,TGT,F,100,98.3
2025-12-26,9:37:23.253932806,T,TGT,I,44,98.3
2025-12-26,9:37:23.253935807,T,TGT,,100,98.29
2025-12-26,9:37:23.254365890,T,TGT,,144,98.29
2025-12-26,9:37:23.268517961,T,TGT,F,100,98.3
2025-12-26,9:37:23.268520495,T,TGT,F I,80,98.3
2025-12-26,9:37:23.268520495,T,TGT,F,200,98.3
2025-12-26,9:37:23.268523592,T,TGT,F I,20,98.3
2025-12-26,9:37:23.268535581,T,TGT,F I,80,98.3
2025-12-26,9:37:23.281673890,T,TGT,F,200,98.3
2025-12-26,9:37:23.282079787,T,TGT,F,100,98.3
2025-12-26,9:37:23.294962577,T,TGT,F,100,98.3
2025-12-26,9:37:23.294962577,T,TGT,F I,10,98.3
2025-12-26,9:37:23.299449239,T,TGT,F I,8,98.3
2025-12-26,9:37:23.299452210,T,TGT,F I,90,98.3
2025-12-26,9:37:23.301761692,T,TGT,F I,10,98.3
2025-12-26,9:37:23.301764696,T,TGT,F I,20,98.3
2025-12-26,9:37:23.306489059,T,TGT,F,100,98.3
2025-12-26,9:37:23.509307103,T,TGT,F,100,98.29
2025-12-26,9:37:23.509791336,T,TGT,F,100,98.28
2025-12-26,9:37:23.514668899,T,TGT,,100,98.26
2025-12-26,9:37:24.090562556,T,TGT,F I,8,98.28
2025-12-26,9:37:24.090562556,T,TGT,F I,30,98.28
2025-12-26,9:37:24.090564934,T,TGT,F,100,98.28
2025-12-26,9:37:24.090569417,T,TGT,F,100,98.29
2025-12-26,9:37:24.090573865,T,TGT,F,100,98.3
2025-12-26,9:37:24.090573865,T,TGT,F I,8,98.3
2025-12-26,9:37:24.090576954,T,TGT,F,100,98.31
2025-12-26,9:37:24.090576954,T,TGT,F I,8,98.31
2025-12-26,9:37:24.090580882,T,TGT,F,100,98.32
2025-12-26,9:37:24.090580882,T,TGT,F I,8,98.32
2025-12-26,9:37:24.090582922,T,TGT,F I,8,98.33
2025-12-26,9:37:24.090585871,T,TGT,F I,29,98.33
2025-12-26,9:37:24.090619058,T,TGT,,100,98.29
2025-12-26,9:37:24.090931697,T,TGT,I,25,98.31
2025-12-26,9:37:24.134773151,T,TGT,F I,33,98.33
2025-12-26,9:37:24.146651514,T,TGT,F,100,98.33
2025-12-26,9:37:24.378497859,T,TGT,F I,10,98.34
2025-12-26,9:37:24.378497859,T,TGT,F I,33,98.34
2025-12-26,9:37:25.888662871,T,TGT,F I,4,98.4
2025-12-26,9:37:25.888665458,T,TGT,F I,33,98.4
2025-12-26,9:37:25.889185705,T,TGT,I,5,98.41
2025-12-26,9:37:25.889185705,T,TGT,I,1,98.41
2025-12-26,9:37:27.993935811,T,TGT,I,86,98.425
2025-12-26,9:37:28.214183527,T,TGT,F I,1,98.45
2025-12-26,9:37:30.017273058,T,TGT,F I,1,98.46
2025-12-26,9:37:30.017276072,T,TGT,F,100,98.46
2025-12-26,9:37:30.029449115,T,TGT,,100,98.525
2025-12-26,9:37:36.074149338,T,TGT,,100,98.57
2025-12-26,9:37:36.074161458,T,TGT,I,1,98.57
2025-12-26,9:37:36.074185503,T,TGT,,119,98.57
2025-12-26,9:37:36.074188461,T,TGT,,100,98.57
2025-12-26,9:37:36.075346224,T,TGT,I,10,98.61
2025-12-26,9:37:36.403834420,T,TGT,F I,31,98.57
2025-12-26,9:37:36.403836817,T,TGT,F I,15,98.57
2025-12-26,9:37:36.403840109,T,TGT,F I,4,98.57
2025-12-26,9:37:36.403876248,T,TGT,F I,96,98.57
2025-12-26,9:37:36.403879006,T,TGT,F,100,98.57
2025-12-26,9:37:36.403883030,T,TGT,F,100,98.56
2025-12-26,9:37:36.403883030,T,TGT,F I,4,98.56
2025-12-26,9:37:36.403884962,T,TGT,F I,96,98.56
2025-12-26,9:37:36.403887903,T,TGT,F,100,98.56
2025-12-26,9:37:36.404435649,T,TGT,,100,98.56
2025-12-26,9:37:36.404438696,T,TGT,,100,98.56
2025-12-26,9:37:36.415552740,T,TGT,F,100,98.57
2025-12-26,9:37:37.181976501,T,TGT,F I,99,98.6
2025-12-26,9:37:40.620259537,T,TGT,I,67,98.605
2025-12-26,9:37:40.620680570,T,TGT,,100,98.605
2025-12-26,9:37:43.071215512,T,TGT,F I,38,98.57
2025-12-26,9:37:43.071215512,T,TGT,F I,9,98.57
2025-12-26,9:37:43.071285644,T,TGT,I,45,98.56
2025-12-26,9:37:43.071287885,T,TGT,,100,98.56
2025-12-26,9:37:43.071290633,T,TGT,I,1,98.56
2025-12-26,9:37:43.071290633,T,TGT,I,70,98.55
2025-12-26,9:37:43.071312865,T,TGT,F I,30,98.55
2025-12-26,9:37:43.071314880,T,TGT,F I,16,98.55
2025-12-26,9:37:43.071317633,T,TGT,F,100,98.55
2025-12-26,9:37:43.071564214,T,TGT,I,60,98.55
2025-12-26,9:37:43.071904127,T,TGT,I,25,98.57
2025-12-26,9:37:43.071946233,T,TGT,F I,1,98.57
2025-12-26,9:37:43.072216802,T,TGT,I,60,98.55
2025-12-26,9:37:43.073031780,T,TGT,,100,98.54
2025-12-26,9:37:43.073035009,T,TGT,,150,98.54
2025-12-26,9:37:43.073046858,T,TGT,F,100,98.54
2025-12-26,9:37:43.073299418,T,TGT,I,11,98.54
2025-12-26,9:37:43.073303481,T,TGT,I,11,98.54
2025-12-26,9:37:43.073303481,T,TGT,I,6,98.54
2025-12-26,9:37:43.073305514,T,TGT,I,11,98.54
2025-12-26,9:37:43.073305514,T,TGT,I,25,98.54
2025-12-26,9:37:43.073627244,T,TGT,,100,98.54
2025-12-26,9:37:43.073630912,T,TGT,,100,98.54
2025-12-26,9:37:43.073894864,T,TGT,F I,40,98.55
2025-12-26,9:37:43.073897852,T,TGT,F,100,98.55
2025-12-26,9:37:43.074159456,T,TGT,I,20,98.55
2025-12-26,9:37:43.074183522,T,TGT,F I,80,98.55
2025-12-26,9:37:43.074568397,T,TGT,F I,38,98.54
2025-12-26,9:37:43.074572262,T,TGT,F,100,98.54
2025-12-26,9:37:43.074572262,T,TGT,F,100,98.54
2025-12-26,9:37:43.074574390,T,TGT,F I,18,98.54
2025-12-26,9:37:43.074780177,T,TGT,,100,98.55
2025-12-26,9:37:43.074785666,T,TGT,,100,98.55
2025-12-26,9:37:43.074785666,T,TGT,I,18,98.55
2025-12-26,9:37:43.074785666,T,TGT,I,13,98.55
2025-12-26,9:37:43.074788246,T,TGT,,100,98.55
2025-12-26,9:37:43.074824536,T,TGT,I,20,98.56
2025-12-26,9:37:43.074827000,T,TGT,,100,98.56
2025-12-26,9:37:43.075196949,T,TGT,F,100,98.55
2025-12-26,9:37:43.200448329,T,TGT,F I,40,98.55
2025-12-26,9:37:43.200466410,T,TGT,F,152,98.55
2025-12-26,9:37:43.200469656,T,TGT,F,100,98.55
2025-12-26,9:37:43.200469656,T,TGT,F I,24,98.54
2025-12-26,9:37:43.200505417,T,TGT,I,76,98.54
2025-12-26,9:37:43.200505417,T,TGT,,100,98.54
2025-12-26,9:37:43.201702260,T,TGT,F,100,98.53
2025-12-26,9:37:43.201735426,T,TGT,I,12,98.53
2025-12-26,9:37:43.319399728,T,TGT,,100,98.47
2025-12-26,9:37:44.822662878,T,TGT,F,100,98.45
2025-12-26,9:37:44.822662878,T,TGT,F I,42,98.45
2025-12-26,9:37:44.822680945,T,TGT,F I,58,98.45
2025-12-26,9:37:44.822683957,T,TGT,F,100,98.45
2025-12-26,9:37:46.377838805,T,TGT,I,40,98.44
2025-12-26,9:37:46.377838805,T,TGT,I,7,98.44
2025-12-26,9:37:46.378166562,T,TGT,,100,98.43
2025-12-26,9:37:46.378169553,T,TGT,,100,98.43
2025-12-26,9:37:49.646598953,T,TGT,F I,25,98.31
2025-12-26,9:37:57.120760600,T,TGT,I,3,98.325
2025-12-26,9:37:57.120784675,T,TGT,F I,50,98.325
2025-12-26,9:37:57.120832775,T,TGT,F I,47,98.325
2025-12-26,9:37:57.125954199,T,TGT,F I,50,98.26
2025-12-26,9:37:57.125960876,T,TGT,F I,50,98.26
2025-12-26,9:37:57.125996115,T,TGT,F I,50,98.25
2025-12-26,9:37:57.126014173,T,TGT,I,50,98.25
2025-12-26,9:37:57.140183859,T,TGT,F I,50,98.22
2025-12-26,9:37:57.382934157,T,TGT,F I,50,98.22
2025-12-26,9:37:57.384395722,T,TGT,,100,98.19
2025-12-26,9:37:57.384552073,T,TGT,,100,98.18
2025-12-26,9:37:58.100500830,T,TGT,I,45,98.19
2025-12-26,9:37:58.100503677,T,TGT,I,3,98.19
2025-12-26,9:37:58.100506689,T,TGT,,100,98.19
2025-12-26,9:37:58.506110061,T,TGT,F I,48,98.19
2025-12-26,9:37:58.506113046,T,TGT,F I,80,98.2
2025-12-26,9:37:58.506119087,T,TGT,F,100,98.2
2025-12-26,9:37:58.506119087,T,TGT,F I,4,98.2
2025-12-26,9:37:58.506119087,T,TGT,F I,52,98.2
2025-12-26,9:37:58.506128036,T,TGT,I,1,98.2
2025-12-26,9:37:58.506131020,T,TGT,F I,47,98.2
2025-12-26,9:38:02.493711636,T,TGT,F,100,98.2
2025-12-26,9:38:02.493732683,T,TGT,I,31,98.19
2025-12-26,9:38:02.493816791,T,TGT,I,18,98.19
2025-12-26,9:38:02.493828858,T,TGT,F I,40,98.19
2025-12-26,9:38:02.494081466,T,TGT,,100,98.14
2025-12-26,9:38:02.494084497,T,TGT,I,67,98.14
2025-12-26,9:38:02.494219746,T,TGT,I,50,98.18
2025-12-26,9:38:05.642321243,T,TGT,I,16,98.14
2025-12-26,9:38:05.642321243,T,TGT,I,34,98.14
2025-12-26,9:38:05.642327021,T,TGT,I,2,98.14
2025-12-26,9:38:05.642327021,T,TGT,I,50,98.14
2025-12-26,9:38:05.642332513,T,TGT,I,57,98.14
2025-12-26,9:38:05.642332513,T,TGT,,300,98.14
2025-12-26,9:38:05.642335615,T,TGT,,100,98.14
2025-12-26,9:38:05.642341554,T,TGT,I,1,98.14
2025-12-26,9:38:05.642347615,T,TGT,I,32,98.14
2025-12-26,9:38:06.025312907,T,TGT,,119,98.105
2025-12-26,9:38:06.035218513,T,TGT,I,30,98.13
2025-12-26,9:38:06.035221493,T,TGT,I,19,98.13
2025-12-26,9:38:07.122639041,T,TGT,I,3,98.105
2025-12-26,9:38:09.348466753,T,TGT,F I,30,98.13
2025-12-26,9:38:09.348466753,T,TGT,F I,19,98.13
2025-12-26,9:38:14.483430729,T,TGT,F I,50,98.1
2025-12-26,9:38:14.483475873,T,TGT,F I,50,98.1
2025-12-26,9:38:14.644371072,T,TGT,,100,98.06
2025-12-26,9:38:16.189891650,T,TGT,F I,10,98.1
2025-12-26,9:38:16.189894059,T,TGT,F I,1,98.11
2025-12-26,9:38:17.123011040,T,TGT,I,3,98.095
2025-12-26,9:38:20.654371807,T,TGT,F I,50,98.13
2025-12-26,9:38:20.654392921,T,TGT,F I,50,98.13
2025-12-26,9:38:20.654397417,T,TGT,F,100,98.14
2025-12-26,9:38:20.654401994,T,TGT,F I,11,98.14
2025-12-26,9:38:20.654401994,T,TGT,F I,4,98.14
2025-12-26,9:38:20.654401994,T,TGT,F I,50,98.14
2025-12-26,9:38:20.654417291,T,TGT,I,1,98.14
2025-12-26,9:38:20.654417291,T,TGT,I,8,98.14
2025-12-26,9:38:20.654440953,T,TGT,F I,41,98.14
2025-12-26,9:38:20.654738784,T,TGT,,100,98.14
2025-12-26,9:38:20.655048365,T,TGT,F,100,98.15
2025-12-26,9:38:20.655063456,T,TGT,,100,98.15
2025-12-26,9:38:20.655628821,T,TGT,F I,44,98.16
2025-12-26,9:38:20.655637942,T,TGT,F I,56,98.16
2025-12-26,9:38:20.655649876,T,TGT,F I,5,98.16
2025-12-26,9:38:21.656638600,T,TGT,F I,3,98.25
2025-12-26,9:38:21.656638600,T,TGT,F,100,98.25
2025-12-26,9:38:21.656710628,T,TGT,I,19,98.295
2025-12-26,9:38:21.656713627,T,TGT,I,81,98.25
2025-12-26,9:38:21.656734700,T,TGT,F I,19,98.25
2025-12-26,9:38:21.656737708,T,TGT,I,1,98.25
2025-12-26,9:38:21.656756191,T,TGT,F I,81,98.25
2025-12-26,9:38:21.657230881,T,TGT,I,33,98.3
2025-12-26,9:38:21.657471478,T,TGT,F I,8,98.28
2025-12-26,9:38:21.657520100,T,TGT,,100,98.29
2025-12-26,9:38:21.657570737,T,TGT,I,9,98.29
2025-12-26,9:38:21.657624853,T,TGT,I,9,98.29
2025-12-26,9:38:21.657666878,T,TGT,F I,91,98.29
2025-12-26,9:38:21.657784251,T,TGT,,100,98.3
2025-12-26,9:38:21.657787194,T,TGT,,100,98.3
2025-12-26,9:38:21.657976632,T,TGT,F,100,98.29
2025-12-26,9:38:21.658427690,T,TGT,,100,98.3
2025-12-26,9:38:21.658454825,T,TGT,F I,98,98.29
2025-12-26,9:38:21.658466778,T,TGT,F,100,98.28
2025-12-26,9:38:21.658722415,T,TGT,F I,41,98.26
2025-12-26,9:38:21.658725840,T,TGT,F I,21,98.26
2025-12-26,9:38:21.658728808,T,TGT,F I,8,98.26
2025-12-26,9:38:21.658740445,T,TGT,F,100,98.25
2025-12-26,9:38:21.658743657,T,TGT,F I,8,98.25
2025-12-26,9:38:21.658746549,T,TGT,F I,33,98.25
2025-12-26,9:38:21.658963099,T,TGT,I,7,98.27
2025-12-26,9:38:21.658966207,T,TGT,I,41,98.27
2025-12-26,9:38:21.658969040,T,TGT,I,42,98.27
2025-12-26,9:38:21.658969040,T,TGT,I,8,98.27
2025-12-26,9:38:21.659038161,T,TGT,,100,98.27
2025-12-26,9:38:21.659474790,T,TGT,,100,98.28
2025-12-26,9:38:21.659477418,T,TGT,,100,98.28
2025-12-26,9:38:21.659480294,T,TGT,,100,98.28
2025-12-26,9:38:21.659952419,T,TGT,,107,98.27
2025-12-26,9:38:21.660144800,T,TGT,,100,98.27
2025-12-26,9:38:21.694426482,T,TGT,,100,98.235
2025-12-26,9:38:22.514128889,T,TGT,F,100,98.27
2025-12-26,9:38:22.514134520,T,TGT,F,100,98.27
2025-12-26,9:38:22.514137239,T,TGT,F,100,98.29
2025-12-26,9:38:22.514137239,T,TGT,F I,87,98.3
2025-12-26,9:38:22.514179393,T,TGT,,100,98.27
2025-12-26,9:38:22.514447040,T,TGT,,100,98.27
2025-12-26,9:38:22.514531241,T,TGT,F,100,98.27
2025-12-26,9:38:22.514702591,T,TGT,I,48,98.27
2025-12-26,9:38:22.514702591,T,TGT,I,52,98.27
2025-12-26,9:38:22.514741843,T,TGT,I,7,98.27
2025-12-26,9:38:22.514741843,T,TGT,I,50,98.27
2025-12-26,9:38:22.529176131,T,TGT,F I,80,98.29
2025-12-26,9:38:22.529179121,T,TGT,F,100,98.29
2025-12-26,9:38:23.087167484,T,TGT,I,66,98.295
2025-12-26,9:38:23.336362056,T,TGT,F I,50,98.28
2025-12-26,9:38:23.336404222,T,TGT,F I,50,98.28
2025-12-26,9:38:23.336440320,T,TGT,F I,50,98.28
2025-12-26,9:38:23.336473363,T,TGT,F I,50,98.28
2025-12-26,9:38:23.336503714,T,TGT,F I,50,98.28
2025-12-26,9:38:23.336536509,T,TGT,F I,50,98.28
2025-12-26,9:38:23.336611743,T,TGT,F,100,98.27
2025-12-26,9:38:23.336683974,T,TGT,F,200,98.26
2025-12-26,9:38:23.336683974,T,TGT,F,200,98.26
2025-12-26,9:38:23.336686870,T,TGT,F,100,98.26
2025-12-26,9:38:23.337008574,T,TGT,,100,98.27
2025-12-26,9:38:23.337029607,T,TGT,I,1,98.27
2025-12-26,9:38:23.337152999,T,TGT,F I,42,98.26
2025-12-26,9:38:23.337258202,T,TGT,I,99,98.27
2025-12-26,9:38:23.337522870,T,TGT,,100,98.27
2025-12-26,9:38:23.337522870,T,TGT,,100,98.27
2025-12-26,9:38:23.350190175,T,TGT,,100,98.26
2025-12-26,9:38:23.350192333,T,TGT,,100,98.26
2025-12-26,9:38:23.350192333,T,TGT,,100,98.26
2025-12-26,9:38:26.880506256,T,TGT,F I,50,98.22
2025-12-26,9:38:26.880527524,T,TGT,F,146,98.22
2025-12-26,9:38:26.880560803,T,TGT,F I,4,98.22
2025-12-26,9:38:26.880798413,T,TGT,F,100,98.21
2025-12-26,9:38:26.880798413,T,TGT,F,100,98.21
2025-12-26,9:38:26.880804309,T,TGT,F I,41,98.21
2025-12-26,9:38:26.880807677,T,TGT,F I,41,98.21
2025-12-26,9:38:26.880807677,T,TGT,F I,12,98.21
2025-12-26,9:38:26.880809962,T,TGT,F,100,98.21
2025-12-26,9:38:26.880919065,T,TGT,I,29,98.225
2025-12-26,9:38:26.881534706,T,TGT,F I,30,98.21
2025-12-26,9:38:26.881544576,T,TGT,I,30,98.21
2025-12-26,9:38:26.881546805,T,TGT,F I,70,98.21
2025-12-26,9:38:26.881561859,T,TGT,F,100,98.21
2025-12-26,9:38:27.687647180,T,TGT,F,100,98.21
2025-12-26,9:38:27.687647180,T,TGT,F,100,98.21
2025-12-26,9:38:27.691490281,T,TGT,,100,98.23
2025-12-26,9:38:27.706168276,T,TGT,I,15,98.23
2025-12-26,9:38:27.801970441,T,TGT,I,14,98.23
2025-12-26,9:38:27.802295250,T,TGT,I,9,98.21
2025-12-26,9:38:27.802298281,T,TGT,F I,25,98.21
2025-12-26,9:38:27.802304292,T,TGT,F I,12,98.21
2025-12-26,9:38:27.802307303,T,TGT,F I,1,98.21
2025-12-26,9:38:27.802322355,T,TGT,F I,7,98.21
2025-12-26,9:38:27.802370473,T,TGT,F I,12,98.2
2025-12-26,9:38:28.653313674,T,TGT,F I,16,98.2
2025-12-26,9:38:28.734242412,T,TGT,I,41,98.17
2025-12-26,9:38:28.734242412,T,TGT,I,13,98.17
2025-12-26,9:38:29.106054219,T,TGT,,100,98.2
2025-12-26,9:38:29.491921518,T,TGT,I,42,98.18
2025-12-26,9:38:29.491921518,T,TGT,I,11,98.18
2025-12-26,9:38:30.702043400,T,TGT,,100,98.18
2025-12-26,9:38:30.702043400,T,TGT,,100,98.18
2025-12-26,9:38:31.980644526,T,TGT,,100,98.18
2025-12-26,9:38:31.980644526,T,TGT,,100,98.18
2025-12-26,9:38:32.743348764,T,TGT,F,100,98.17
2025-12-26,9:38:32.743348764,T,TGT,F,100,98.17
2025-12-26,9:38:32.743351881,T,TGT,F,100,98.17
2025-12-26,9:38:32.743354384,T,TGT,F,100,98.17
2025-12-26,9:38:32.743441567,T,TGT,F,100,98.16
2025-12-26,9:38:32.744202480,T,TGT,,100,98.16
2025-12-26,9:38:33.972463537,T,TGT,I,90,98.18
2025-12-26,9:38:33.972463537,T,TGT,I,4,98.18
2025-12-26,9:38:33.972481569,T,TGT,F I,90,98.19
2025-12-26,9:38:33.972610829,T,TGT,I,8,98.165
2025-12-26,9:38:33.973711513,T,TGT,I,1,98.18
2025-12-26,9:38:34.295754717,T,TGT,I,99,98.21
2025-12-26,9:38:34.307819381,T,TGT,F I,1,98.21
2025-12-26,9:38:36.314785561,T,TGT,F I,25,98.25
2025-12-26,9:38:44.355081953,T,TGT,,100,98.22
2025-12-26,9:38:44.388506577,T,TGT,I,10,98.22
2025-12-26,9:38:44.534627766,T,TGT,F I,70,98.21
2025-12-26,9:38:44.534696903,T,TGT,F,100,98.21
2025-12-26,9:38:45.177195505,T,TGT,,100,98.22
2025-12-26,9:38:50.222070982,T,TGT,F,100,98.21
2025-12-26,9:38:50.222088993,T,TGT,F I,18,98.21
2025-12-26,9:38:50.222097997,T,TGT,F I,12,98.21
2025-12-26,9:38:50.222191244,T,TGT,F I,50,98.21
2025-12-26,9:38:50.222365691,T,TGT,F I,20,98.21
2025-12-26,9:38:50.222624262,T,TGT,F,100,98.21
2025-12-26,9:38:50.222633282,T,TGT,F,100,98.21
2025-12-26,9:38:50.225826887,T,TGT,,100,98.17
2025-12-26,9:38:50.226112514,T,TGT,F,300,98.16
2025-12-26,9:38:50.226115552,T,TGT,F I,15,98.16
2025-12-26,9:38:50.239822192,T,TGT,I,31,98.165
2025-12-26,9:38:50.242339185,T,TGT,I,1,98.16
2025-12-26,9:38:50.373824684,T,TGT,F I,30,98.17
2025-12-26,9:38:50.373827484,T,TGT,F,100,98.18
2025-12-26,9:38:50.373830461,T,TGT,F I,4,98.18
2025-12-26,9:38:50.375947504,T,TGT,F,100,98.19
2025-12-26,9:38:52.783173268,T,TGT,,100,98.18
2025-12-26,9:38:52.783612310,T,TGT,F,100,98.17
2025-12-26,9:38:53.656514438,T,TGT,F,100,98.15
2025-12-26,9:38:53.656514438,T,TGT,F,100,98.15
2025-12-26,9:38:53.656516745,T,TGT,F,100,98.15
2025-12-26,9:38:55.881330977,T,TGT,F,100,98.08
2025-12-26,9:38:55.881333959,T,TGT,F I,11,98.08
2025-12-26,9:38:55.881382094,T,TGT,F,100,98.07
2025-12-26,9:38:55.881385106,T,TGT,F,100,98.07
2025-12-26,9:38:55.882133920,T,TGT,,100,98.06
2025-12-26,9:38:55.885086850,T,TGT,I,3,98.04
2025-12-26,9:38:55.931878376,T,TGT,I,27,98.04
2025-12-26,9:38:55.940003739,T,TGT,I,25,98.05
2025-12-26,9:38:57.128967223,T,TGT,I,3,98.04
2025-12-26,9:38:57.189170659,T,TGT,I,10,98.04
2025-12-26,9:38:57.826656232,T,TGT,F I,17,98.07
2025-12-26,9:38:57.826671340,T,TGT,F,140,98.07
2025-12-26,9:38:57.826671340,T,TGT,F I,10,98.07
2025-12-26,9:38:57.826734501,T,TGT,F,100,98.1
2025-12-26,9:38:59.603201588,T,TGT,F I,50,98.13
2025-12-26,9:39:01.921505980,T,TGT,F I,2,98.09
2025-12-26,9:39:01.921508546,T,TGT,F I,25,98.09
2025-12-26,9:39:01.921511518,T,TGT,F,100,98.08
2025-12-26,9:39:01.921514789,T,TGT,F I,2,98.08
2025-12-26,9:39:01.921517684,T,TGT,F I,73,98.08
2025-12-26,9:39:01.921517684,T,TGT,F I,27,98.08
2025-12-26,9:39:01.921523973,T,TGT,F I,16,98.08
2025-12-26,9:39:01.921523973,T,TGT,F I,16,98.08
2025-12-26,9:39:01.921554878,T,TGT,,100,98.08
2025-12-26,9:39:01.921556604,T,TGT,F I,2,98.07
2025-12-26,9:39:01.922133947,T,TGT,,100,98.06
2025-12-26,9:39:01.968477388,T,TGT,I,87,98.04
2025-12-26,9:39:01.968477388,T,TGT,I,35,98.035
2025-12-26,9:39:01.978707796,T,TGT,F,100,98.06
2025-12-26,9:39:01.978711151,T,TGT,F,200,98.06
2025-12-26,9:39:01.978711151,T,TGT,F,100,98.06
2025-12-26,9:39:01.978714002,T,TGT,F I,50,98.07
2025-12-26,9:39:01.978716814,T,TGT,F I,50,98.07
2025-12-26,9:39:01.978788987,T,TGT,F I,44,98.08
2025-12-26,9:39:07.512075831,T,TGT,F I,25,98.12
2025-12-26,9:39:07.512093871,T,TGT,F I,50,98.12
2025-12-26,9:39:07.512138963,T,TGT,F I,25,98.12
2025-12-26,9:39:07.512304312,T,TGT,,100,98.09
2025-12-26,9:39:07.573223421,T,TGT,F,100,98.09
2025-12-26,9:39:08.404905801,T,TGT,,200,98.04
2025-12-26,9:39:09.996357084,T,TGT,,200,98.04
2025-12-26,9:39:17.711675296,T,TGT,F I,60,98.13
2025-12-26,9:39:17.711678232,T,TGT,F I,92,98.13
2025-12-26,9:39:17.814225551,T,TGT,,100,98.145
2025-12-26,9:39:22.727200700,T,TGT,I,10,98.15
2025-12-26,9:39:24.093732198,T,TGT,F I,37,98.1
2025-12-26,9:39:24.093734562,T,TGT,F I,22,98.1
2025-12-26,9:39:24.093734562,T,TGT,F I,10,98.09
2025-12-26,9:39:24.093737161,T,TGT,F I,81,98.09
2025-12-26,9:39:24.093749642,T,TGT,F,119,98.09
2025-12-26,9:39:24.093749642,T,TGT,F I,51,98.09
2025-12-26,9:39:24.093752569,T,TGT,F I,7,98.09
2025-12-26,9:39:24.093756096,T,TGT,F I,33,98.09
2025-12-26,9:39:24.093756096,T,TGT,F,119,98.09
2025-12-26,9:39:24.093762152,T,TGT,,100,98.09
2025-12-26,9:39:24.093762152,T,TGT,I,1,98.09
2025-12-26,9:39:24.093779321,T,TGT,I,6,98.09
2025-12-26,9:39:24.093806988,T,TGT,F,194,98.09
2025-12-26,9:39:24.093806988,T,TGT,F I,60,98.09
2025-12-26,9:39:24.093821416,T,TGT,I,75,98.09
2025-12-26,9:39:24.093860533,T,TGT,F,112,98.09
2025-12-26,9:39:24.094242453,T,TGT,,100,98.08
2025-12-26,9:39:24.094555138,T,TGT,,100,98.08
2025-12-26,9:39:24.094594224,T,TGT,,100,98.08
2025-12-26,9:39:24.094738776,T,TGT,,100,98.08
2025-12-26,9:39:24.104650264,T,TGT,F I,30,98.09
2025-12-26,9:39:24.104674237,T,TGT,F,100,98.1
2025-12-26,9:39:24.104677288,T,TGT,F I,4,98.1
2025-12-26,9:39:24.123108746,T,TGT,F,100,98.15
2025-12-26,9:39:24.123111261,T,TGT,F,100,98.15
2025-12-26,9:39:25.254746146,T,TGT,I,40,98.19
2025-12-26,9:39:25.270632960,T,TGT,F,179,98.21
2025-12-26,9:39:37.154078906,T,TGT,,100,98.22
2025-12-26,9:39:39.516176069,T,TGT,I,3,98.255
2025-12-26,9:39:41.790265636,T,TGT,F,100,98.3
2025-12-26,9:39:41.790268664,T,TGT,F I,49,98.3
2025-12-26,9:39:41.790284034,T,TGT,I,1,98.3
2025-12-26,9:39:41.790287330,T,TGT,I,50,98.3
2025-12-26,9:39:41.790289702,T,TGT,I,4,98.3
2025-12-26,9:39:41.792938989,T,TGT,F,100,98.32
2025-12-26,9:39:42.448407603,T,TGT,F I,7,98.33
2025-12-26,9:39:47.451612829,T,TGT,F I,50,98.31
2025-12-26,9:39:47.451666929,T,TGT,F I,50,98.31
2025-12-26,9:39:50.471075951,T,TGT,F I,20,98.33
2025-12-26,9:39:50.471079119,T,TGT,F I,30,98.33
2025-12-26,9:39:50.471081990,T,TGT,I,20,98.35
2025-12-26,9:39:50.471181242,T,TGT,I,1,98.36
2025-12-26,9:39:50.471184188,T,TGT,I,10,98.36
2025-12-26,9:39:50.471455409,T,TGT,I,52,98.35
2025-12-26,9:39:50.471458234,T,TGT,I,53,98.34
2025-12-26,9:39:50.471476049,T,TGT,F I,52,98.35
2025-12-26,9:39:50.484602920,T,TGT,F I,53,98.36
2025-12-26,9:39:50.484608169,T,TGT,F,100,98.36
2025-12-26,9:39:50.484608169,T,TGT,F I,53,98.36
2025-12-26,9:39:51.970099076,T,TGT,I,1,98.45
2025-12-26,9:39:52.140067011,T,TGT,I,20,98.455
2025-12-26,9:39:56.906912014,T,TGT,I,10,98.455
2025-12-26,9:39:56.906912014,T,TGT,I,5,98.455
2025-12-26,9:39:57.108373930,T,TGT,F I,5,98.455
2025-12-26,9:39:57.108377018,T,TGT,F I,10,98.455
2025-12-26,9:39:57.111967575,T,TGT,F I,50,98.43
2025-12-26,9:39:57.112004850,T,TGT,I,5,98.43
2025-12-26,9:39:57.112004850,T,TGT,I,5,98.43
2025-12-26,9:39:57.112010066,T,TGT,,100,98.42
2025-12-26,9:39:57.112010066,T,TGT,I,48,98.42
2025-12-26,9:39:57.112012654,T,TGT,I,16,98.42
2025-12-26,9:39:57.112015667,T,TGT,I,90,98.42
2025-12-26,9:39:57.112027700,T,TGT,F I,10,98.42
2025-12-26,9:39:57.112030726,T,TGT,F,100,98.42
2025-12-26,9:39:57.112033943,T,TGT,F I,33,98.42
2025-12-26,9:39:57.112033943,T,TGT,I,1,98.42
2025-12-26,9:39:57.112036920,T,TGT,I,11,98.42
2025-12-26,9:39:57.112036920,T,TGT,I,89,98.42
2025-12-26,9:39:57.112039711,T,TGT,I,11,98.42
2025-12-26,9:39:57.112235161,T,TGT,I,60,98.42
2025-12-26,9:39:57.112277306,T,TGT,I,40,98.42
2025-12-26,9:39:57.112475693,T,TGT,F,400,98.41
2025-12-26,9:39:57.112475693,T,TGT,F,800,98.41
2025-12-26,9:39:57.133399531,T,TGT,I,30,98.41
2025-12-26,9:39:57.133423777,T,TGT,F I,50,98.41
2025-12-26,9:39:57.133688278,T,TGT,I,50,98.41
2025-12-26,9:39:57.136178196,T,TGT,I,50,98.41
2025-12-26,9:39:57.136178196,T,TGT,I,50,98.39
2025-12-26,9:39:57.136196195,T,TGT,F I,50,98.39
2025-12-26,9:39:57.161889487,T,TGT,F I,30,98.41
2025-12-26,9:39:57.415504683,T,TGT,I,15,98.41
2025-12-26,9:39:57.415522821,T,TGT,I,15,98.41
2025-12-26,9:39:57.415528894,T,TGT,F I,50,98.41
2025-12-26,9:39:57.415567788,T,TGT,F I,35,98.41
2025-12-26,9:39:57.863415687,T,TGT,F,100,98.42
2025-12-26,9:39:57.863419003,T,TGT,F,100,98.42
2025-12-26,9:39:57.863421797,T,TGT,F I,20,98.43
2025-12-26,9:39:57.863421797,T,TGT,F I,50,98.44
2025-12-26,9:39:57.863436996,T,TGT,F I,50,98.44
2025-12-26,9:39:57.863460857,T,TGT,,100,98.42
2025-12-26,9:39:57.866443947,T,TGT,I,6,98.42
2025-12-26,9:39:57.879495092,T,TGT,F I,50,98.42
2025-12-26,9:39:57.880905409,T,TGT,F,100,98.44
2025-12-26,9:39:57.883199836,T,TGT,F,100,98.45
2025-12-26,9:39:57.883488583,T,TGT,,105,98.45
2025-12-26,9:39:57.883497580,T,TGT,I,55,98.44
2025-12-26,9:39:57.883497580,T,TGT,I,6,98.44
2025-12-26,9:39:57.883500589,T,TGT,,100,98.43
2025-12-26,9:39:57.883867531,T,TGT,,100,98.41
2025-12-26,9:39:57.883870805,T,TGT,I,8,98.41
2025-12-26,9:39:58.084893341,T,TGT,F,134,98.41
2025-12-26,9:39:58.084896423,T,TGT,F,100,98.41
2025-12-26,9:39:58.084902340,T,TGT,F I,66,98.41
2025-12-26,9:39:58.084902340,T,TGT,F,100,98.41
2025-12-26,9:39:58.084920451,T,TGT,I,7,98.395
2025-12-26,9:39:58.084971516,T,TGT,I,54,98.4
2025-12-26,9:39:58.085146019,T,TGT,I,7,98.4
2025-12-26,9:39:58.163299115,T,TGT,I,54,98.41
2025-12-26,9:39:58.163747171,T,TGT,I,11,98.4
2025-12-26,9:39:58.226263103,T,TGT,I,20,98.41
2025-12-26,9:39:58.226266117,T,TGT,I,3,98.41
2025-12-26,9:39:58.226810427,T,TGT,F,100,98.42
2025-12-26,9:39:58.287257494,T,TGT,F,100,98.43
2025-12-26,9:39:58.841703230,T,TGT,I,50,98.425
2025-12-26,9:39:58.856558658,T,TGT,,120,98.425
2025-12-26,9:39:58.924986749,T,TGT,F I,80,98.425
2025-12-26,9:39:58.924989653,T,TGT,F I,20,98.45
2025-12-26,9:39:58.925332521,T,TGT,F I,80,98.45
2025-12-26,9:39:58.925332521,T,TGT,F,100,98.45
2025-12-26,9:40:00.059860270,T,TGT,F I,79,98.49
2025-12-26,9:40:00.059866286,T,TGT,F I,21,98.49
2025-12-26,9:40:00.060723397,T,TGT,F I,1,98.5
2025-12-26,9:40:00.060726376,T,TGT,F I,70,98.5
2025-12-26,9:40:00.060741447,T,TGT,,200,98.48
2025-12-26,9:40:00.060747399,T,TGT,I,15,98.48
2025-12-26,9:40:00.060747399,T,TGT,I,23,98.47
2025-12-26,9:40:00.060753540,T,TGT,I,41,98.47
2025-12-26,9:40:00.060759379,T,TGT,I,59,98.47
2025-12-26,9:40:00.060768423,T,TGT,I,18,98.47
2025-12-26,9:40:00.060771420,T,TGT,I,31,98.47
2025-12-26,9:40:00.145937276,T,TGT,F I,50,98.48
2025-12-26,9:40:00.146223587,T,TGT,I,47,98.47
2025-12-26,9:40:00.146223587,T,TGT,I,13,98.47
2025-12-26,9:40:00.146228996,T,TGT,,100,98.47
2025-12-26,9:40:00.146228996,T,TGT,,100,98.46
2025-12-26,9:40:00.146232057,T,TGT,I,40,98.46
2025-12-26,9:40:00.146244544,T,TGT,F I,60,98.46
2025-12-26,9:40:00.146244544,T,TGT,F I,83,98.46
2025-12-26,9:40:00.146247130,T,TGT,I,17,98.46
2025-12-26,9:40:00.172189828,T,TGT,F,100,98.46
2025-12-26,9:40:00.172189828,T,TGT,F I,21,98.47
2025-12-26,9:40:00.172208344,T,TGT,F I,7,98.47
2025-12-26,9:40:00.172211035,T,TGT,F I,13,98.47
2025-12-26,9:40:00.172211035,T,TGT,F I,59,98.47
2025-12-26,9:40:00.172228989,T,TGT,I,1,98.47
2025-12-26,9:40:00.172340240,T,TGT,I,14,98.45
2025-12-26,9:40:00.172367280,T,TGT,F I,26,98.45
2025-12-26,9:40:00.172427479,T,TGT,I,14,98.45
2025-12-26,9:40:00.172527196,T,TGT,I,21,98.45
2025-12-26,9:40:00.172548116,T,TGT,F I,29,98.45
2025-12-26,9:40:00.187992502,T,TGT,I,30,98.45
2025-12-26,9:40:00.187992502,T,TGT,I,12,98.45
2025-12-26,9:40:00.188548887,T,TGT,F I,20,98.47
2025-12-26,9:40:00.188548887,T,TGT,F I,80,98.48
2025-12-26,9:40:00.223549192,T,TGT,F,100,98.49
2025-12-26,9:40:00.223949177,T,TGT,,100,98.51
2025-12-26,9:40:01.701176490,T,TGT,I,4,98.57
2025-12-26,9:40:03.115063676,T,TGT,I,90,98.59
2025-12-26,9:40:03.127224614,T,TGT,F I,10,98.59
2025-12-26,9:40:03.492991970,T,TGT,,100,98.57
2025-12-26,9:40:03.493010002,T,TGT,I,1,98.57
2025-12-26,9:40:03.493019050,T,TGT,F I,2,98.57
2025-12-26,9:40:04.807979742,T,TGT,I,31,98.59
2025-12-26,9:40:04.808000704,T,TGT,F I,9,98.59
2025-12-26,9:40:04.808073001,T,TGT,F I,20,98.59
2025-12-26,9:40:06.241046636,T,TGT,I,6,98.64
2025-12-26,9:40:06.241097756,T,TGT,I,4,98.64
2025-12-26,9:40:06.261312004,T,TGT,F I,50,98.64
2025-12-26,9:40:06.261393106,T,TGT,I,50,98.64
2025-12-26,9:40:06.262878682,T,TGT,F I,1,98.6
2025-12-26,9:40:06.262878682,T,TGT,F I,1,98.6
2025-12-26,9:40:07.628774624,T,TGT,F I,50,98.6
2025-12-26,9:40:07.628819760,T,TGT,F I,50,98.6
2025-12-26,9:40:07.628852838,T,TGT,F I,50,98.6
2025-12-26,9:40:07.628885969,T,TGT,F I,2,98.6
2025-12-26,9:40:11.480750174,T,TGT,F,100,98.62
2025-12-26,9:40:11.480798380,T,TGT,,255,98.59
2025-12-26,9:40:11.480807344,T,TGT,I,45,98.58
2025-12-26,9:40:14.750373413,T,TGT,F I,50,98.58
2025-12-26,9:40:15.227896088,T,TGT,F I,1,98.58
2025-12-26,9:40:15.231531747,T,TGT,I,10,98.6
2025-12-26,9:40:16.889504454,T,TGT,,100,98.6
2025-12-26,9:40:16.889507633,T,TGT,,100,98.58
2025-12-26,9:40:16.889507633,T,TGT,,100,98.57
2025-12-26,9:40:16.889525461,T,TGT,F I,19,98.57
2025-12-26,9:40:16.889525461,T,TGT,,100,98.57
2025-12-26,9:40:16.889528694,T,TGT,I,1,98.57
2025-12-26,9:40:16.889528694,T,TGT,I,80,98.57
2025-12-26,9:40:16.889531451,T,TGT,I,20,98.57
2025-12-26,9:40:16.889546642,T,TGT,I,78,98.57
2025-12-26,9:40:16.889555520,T,TGT,,122,98.57
2025-12-26,9:40:16.889558834,T,TGT,I,78,98.57
2025-12-26,9:40:16.889564581,T,TGT,I,36,98.57
2025-12-26,9:40:16.889568031,T,TGT,,100,98.57
2025-12-26,9:40:16.889577736,T,TGT,I,60,98.57
2025-12-26,9:40:16.889583338,T,TGT,I,4,98.57
2025-12-26,9:40:16.889583338,T,TGT,,118,98.57
2025-12-26,9:40:16.889727151,T,TGT,I,82,98.57
2025-12-26,9:40:16.889727151,T,TGT,I,73,98.57
2025-12-26,9:40:16.889760271,T,TGT,,127,98.57
2025-12-26,9:40:16.889760271,T,TGT,I,77,98.57
2025-12-26,9:40:16.889781112,T,TGT,I,12,98.57
2025-12-26,9:40:16.889802136,T,TGT,I,11,98.57
2025-12-26,9:40:16.889805129,T,TGT,,121,98.57
2025-12-26,9:40:16.889919463,T,TGT,I,79,98.57
2025-12-26,9:40:16.889922389,T,TGT,,102,98.57
2025-12-26,9:40:16.889967525,T,TGT,F,100,98.58
2025-12-26,9:40:16.889970824,T,TGT,F I,53,98.58
2025-12-26,9:40:16.889970824,T,TGT,F,100,98.59
2025-12-26,9:40:16.889973499,T,TGT,F I,47,98.59
2025-12-26,9:40:16.890000631,T,TGT,F I,53,98.59
2025-12-26,9:40:16.890003631,T,TGT,F,100,98.59
2025-12-26,9:40:16.890042756,T,TGT,F,100,98.58
2025-12-26,9:40:16.890060866,T,TGT,I,21,98.58
2025-12-26,9:40:16.890106169,T,TGT,I,47,98.57
2025-12-26,9:40:16.890120876,T,TGT,F I,27,98.57
2025-12-26,9:40:16.890156947,T,TGT,I,53,98.57
2025-12-26,9:40:16.890322410,T,TGT,F,100,98.59
2025-12-26,9:40:16.890346489,T,TGT,F,100,98.58
2025-12-26,9:40:16.890346489,T,TGT,F I,30,98.58
2025-12-26,9:40:16.892183778,T,TGT,F I,4,98.59
2025-12-26,9:40:16.892653373,T,TGT,F,100,98.6
2025-12-26,9:40:16.892653373,T,TGT,F I,10,98.6
2025-12-26,9:40:16.892658932,T,TGT,F I,47,98.6
2025-12-26,9:40:16.892658932,T,TGT,F I,40,98.61
2025-12-26,9:40:16.892658932,T,TGT,F I,20,98.61
2025-12-26,9:40:16.892842447,T,TGT,F I,19,98.62
2025-12-26,9:40:17.376945284,T,TGT,F,150,98.64
2025-12-26,9:40:17.376951537,T,TGT,F,255,98.65
2025-12-26,9:40:17.376956670,T,TGT,F,255,98.66
2025-12-26,9:40:17.376956670,T,TGT,F,100,98.66
2025-12-26,9:40:17.376959845,T,TGT,F,277,98.67
2025-12-26,9:40:17.376963346,T,TGT,I,1,98.67
2025-12-26,9:40:17.376986724,T,TGT,F I,91,98.64
2025-12-26,9:40:17.376999154,T,TGT,F I,49,98.63
2025-12-26,9:40:17.377002192,T,TGT,F I,40,98.63
2025-12-26,9:40:17.377004776,T,TGT,F I,11,98.63
2025-12-26,9:40:17.377095159,T,TGT,F,100,98.61
2025-12-26,9:40:17.377095159,T,TGT,F I,1,98.61
2025-12-26,9:40:17.377098251,T,TGT,F,300,98.61
2025-12-26,9:40:17.377101025,T,TGT,F,300,98.61
2025-12-26,9:40:17.377104219,T,TGT,F I,9,98.61
2025-12-26,9:40:17.377215266,T,TGT,I,15,98.61
2025-12-26,9:40:17.377266448,T,TGT,,100,98.61
2025-12-26,9:40:17.377446895,T,TGT,F I,6,98.62
2025-12-26,9:40:17.377870817,T,TGT,F I,25,98.61
2025-12-26,9:40:18.950972397,T,TGT,F I,4,98.62
2025-12-26,9:40:18.950975483,T,TGT,F I,6,98.62
2025-12-26,9:40:18.950975483,T,TGT,F I,14,98.62
2025-12-26,9:40:18.950978462,T,TGT,F I,76,98.62
2025-12-26,9:40:18.951035612,T,TGT,,106,98.595
2025-12-26,9:40:18.951035612,T,TGT,I,91,98.59
2025-12-26,9:40:18.951038550,T,TGT,I,3,98.59
2025-12-26,9:40:18.951051132,T,TGT,I,1,98.59
2025-12-26,9:40:18.951053608,T,TGT,I,24,98.59
2025-12-26,9:40:19.608970087,T,TGT,I,16,98.65
2025-12-26,9:40:21.875132632,T,TGT,F,100,98.62
2025-12-26,9:40:21.875147657,T,TGT,I,1,98.62
2025-12-26,9:40:21.875162687,T,TGT,F I,20,98.62
2025-12-26,9:40:21.875225912,T,TGT,F I,4,98.62
2025-12-26,9:40:28.189238842,T,TGT,F I,50,98.58
2025-12-26,9:40:28.189290294,T,TGT,F I,9,98.58
2025-12-26,9:40:28.189290294,T,TGT,F I,5,98.58
2025-12-26,9:40:28.189292866,T,TGT,F I,2,98.58
2025-12-26,9:40:28.189301967,T,TGT,F,100,98.57
2025-12-26,9:40:28.189301967,T,TGT,F,100,98.57
2025-12-26,9:40:28.190038666,T,TGT,F I,50,98.56
2025-12-26,9:40:28.190213077,T,TGT,I,14,98.56
2025-12-26,9:40:28.209446895,T,TGT,I,4,98.56
2025-12-26,9:40:28.219127015,T,TGT,F,100,98.57
2025-12-26,9:40:28.219142021,T,TGT,F I,25,98.57
2025-12-26,9:40:28.220799020,T,TGT,I,73,98.58
2025-12-26,9:40:28.220820058,T,TGT,F I,27,98.58
2025-12-26,9:40:28.321842673,T,TGT,I,89,98.56
2025-12-26,9:40:28.321860776,T,TGT,I,1,98.57
2025-12-26,9:40:28.321863726,T,TGT,I,76,98.57
2025-12-26,9:40:29.721518109,T,TGT,F I,1,98.56
2025-12-26,9:40:29.721539209,T,TGT,F I,1,98.56
2025-12-26,9:40:29.721554267,T,TGT,F I,31,98.56
2025-12-26,9:40:32.046380807,T,TGT,F I,1,98.53
2025-12-26,9:40:32.046383728,T,TGT,F I,99,98.53
2025-12-26,9:40:32.046422810,T,TGT,F,100,98.52
2025-12-26,9:40:32.063016392,T,TGT,I,10,98.51
2025-12-26,9:40:32.063020028,T,TGT,I,44,98.53
2025-12-26,9:40:32.063022955,T,TGT,I,23,98.53
2025-12-26,9:40:32.063022955,T,TGT,I,1,98.53
2025-12-26,9:40:32.063025520,T,TGT,I,60,98.54
2025-12-26,9:40:32.063025520,T,TGT,I,2,98.54
2025-12-26,9:40:32.553364451,T,TGT,I,50,98.54
2025-12-26,9:40:32.553367563,T,TGT,I,16,98.54
2025-12-26,9:40:33.875013112,T,TGT,I,50,98.54
2025-12-26,9:40:33.875013112,T,TGT,I,17,98.54
2025-12-26,9:40:35.165167629,T,TGT,I,50,98.54
2025-12-26,9:40:35.165167629,T,TGT,I,17,98.54
2025-12-26,9:40:36.420496354,T,TGT,I,51,98.54
2025-12-26,9:40:36.420496354,T,TGT,I,16,98.54
2025-12-26,9:40:36.420502222,T,TGT,,100,98.54
2025-12-26,9:40:37.892379704,T,TGT,I,53,98.54
2025-12-26,9:40:37.892379704,T,TGT,I,14,98.54
2025-12-26,9:40:39.078020241,T,TGT,I,60,98.54
2025-12-26,9:40:39.078020241,T,TGT,I,7,98.54
2025-12-26,9:40:40.191407764,T,TGT,I,57,98.54
2025-12-26,9:40:40.191407764,T,TGT,I,10,98.54
2025-12-26,9:40:41.222266595,T,TGT,I,59,98.54
2025-12-26,9:40:41.222266595,T,TGT,I,8,98.54
2025-12-26,9:40:43.100961981,T,TGT,I,60,98.54
2025-12-26,9:40:43.100961981,T,TGT,I,7,98.54
2025-12-26,9:40:44.829308502,T,TGT,,200,98.52
2025-12-26,9:40:46.059530284,T,TGT,,200,98.45
2025-12-26,9:40:46.059536403,T,TGT,,100,98.45
2025-12-26,9:40:46.059536403,T,TGT,,100,98.45
2025-12-26,9:40:46.059539298,T,TGT,I,12,98.45
2025-12-26,9:40:46.060336187,T,TGT,I,30,98.415
2025-12-26,9:40:46.074268330,T,TGT,,200,98.39
2025-12-26,9:40:46.074340551,T,TGT,I,55,98.39
2025-12-26,9:40:46.074343549,T,TGT,,134,98.39
2025-12-26,9:40:46.076836557,T,TGT,I,80,98.36
2025-12-26,9:40:46.076836557,T,TGT,,100,98.33
2025-12-26,9:40:46.076839440,T,TGT,I,20,98.31
2025-12-26,9:40:46.110095728,T,TGT,F I,80,98.31
2025-12-26,9:40:46.110098747,T,TGT,F I,20,98.3
2025-12-26,9:40:46.110116838,T,TGT,F I,80,98.3
2025-12-26,9:40:46.110378309,T,TGT,F I,25,98.29
2025-12-26,9:40:46.183254029,T,TGT,F I,50,98.29
2025-12-26,9:40:46.215142180,T,TGT,,125,98.29
2025-12-26,9:40:48.784023734,T,TGT,F,100,98.23
2025-12-26,9:40:48.784640214,T,TGT,F I,50,98.21
2025-12-26,9:40:48.785377077,T,TGT,I,1,98.21
2025-12-26,9:40:48.786143797,T,TGT,I,49,98.21
2025-12-26,9:40:48.786197977,T,TGT,I,51,98.19
2025-12-26,9:40:48.786203936,T,TGT,F I,15,98.19
2025-12-26,9:40:50.212138625,T,TGT,I,4,98.195
2025-12-26,9:40:50.212140997,T,TGT,I,96,98.195
2025-12-26,9:40:50.497199071,T,TGT,I,30,98.21
2025-12-26,9:40:50.497199071,T,TGT,I,4,98.21
2025-12-26,9:40:50.497214122,T,TGT,I,20,98.21
2025-12-26,9:40:50.497217028,T,TGT,I,34,98.21
2025-12-26,9:40:51.518245520,T,TGT,F I,50,98.195
2025-12-26,9:40:51.518287547,T,TGT,F I,37,98.195
2025-12-26,9:40:57.561159475,T,TGT,F,115,98.15
2025-12-26,9:40:57.561159475,T,TGT,F,100,98.15
2025-12-26,9:40:57.561342914,T,TGT,F I,50,98.14
2025-12-26,9:40:57.562157833,T,TGT,I,50,98.14
2025-12-26,9:40:57.567757255,T,TGT,I,80,98.11
2025-12-26,9:40:57.660579327,T,TGT,I,25,98.11
2025-12-26,9:41:15.971188570,T,TGT,F,100,98.1
2025-12-26,9:41:15.971188570,T,TGT,F,249,98.1
2025-12-26,9:41:15.971191571,T,TGT,F,151,98.1
2025-12-26,9:41:21.511320119,T,TGT,F,100,98.09
2025-12-26,9:41:21.511320119,T,TGT,F,300,98.09
2025-12-26,9:41:21.511322874,T,TGT,F,100,98.09
2025-12-26,9:41:21.511322874,T,TGT,F,100,98.09
2025-12-26,9:41:21.511822053,T,TGT,,100,98.08
2025-12-26,9:41:21.512242998,T,TGT,,150,98.09
2025-12-26,9:41:21.512246026,T,TGT,I,50,98.09
2025-12-26,9:41:21.513518080,T,TGT,I,98,98.06
2025-12-26,9:41:21.513560233,T,TGT,F I,2,98.06
2025-12-26,9:41:21.513581229,T,TGT,I,78,98.06
2025-12-26,9:41:21.513653510,T,TGT,I,67,98.08
2025-12-26,9:41:21.513653510,T,TGT,,100,98.08
2025-12-26,9:41:21.514011147,T,TGT,F,100,98.09
2025-12-26,9:41:21.514290804,T,TGT,F I,4,98.09
2025-12-26,9:41:21.514323901,T,TGT,,100,98.08
2025-12-26,9:41:21.514330129,T,TGT,F I,8,98.09
2025-12-26,9:41:21.514348012,T,TGT,F I,34,98.08
2025-12-26,9:41:21.514348012,T,TGT,F I,64,98.08
2025-12-26,9:41:21.514384078,T,TGT,F I,6,98.1
2025-12-26,9:41:21.514543420,T,TGT,I,10,98.1
2025-12-26,9:41:21.514681882,T,TGT,F I,5,98.1
2025-12-26,9:41:21.514711907,T,TGT,I,16,98.1
2025-12-26,9:41:21.514868183,T,TGT,F I,10,98.1
2025-12-26,9:41:21.514898278,T,TGT,I,25,98.12
2025-12-26,9:41:21.514898278,T,TGT,I,50,98.12
2025-12-26,9:41:21.514901276,T,TGT,I,50,98.12
2025-12-26,9:41:21.515022326,T,TGT,F I,10,98.11
2025-12-26,9:41:21.515027638,T,TGT,,100,98.1
2025-12-26,9:41:21.515054634,T,TGT,,100,98.11
2025-12-26,9:41:21.515271190,T,TGT,F,100,98.1
2025-12-26,9:41:21.515283244,T,TGT,,100,98.1
2025-12-26,9:41:21.515298226,T,TGT,F I,5,98.1
2025-12-26,9:41:21.515307365,T,TGT,,100,98.1
2025-12-26,9:41:21.515349365,T,TGT,F,100,98.1
2025-12-26,9:41:21.515388531,T,TGT,,100,98.1
2025-12-26,9:41:21.515406890,T,TGT,F I,10,98.11
2025-12-26,9:41:21.516126949,T,TGT,F I,50,98.09
2025-12-26,9:41:21.516126949,T,TGT,F I,67,98.09
2025-12-26,9:41:21.516128384,T,TGT,F I,25,98.09
2025-12-26,9:41:21.516131642,T,TGT,F I,50,98.09
2025-12-26,9:41:21.516176322,T,TGT,,100,98.11
2025-12-26,9:41:21.516468102,T,TGT,,100,98.11
2025-12-26,9:41:21.516892935,T,TGT,,100,98.1
2025-12-26,9:41:21.516898091,T,TGT,I,67,98.1
2025-12-26,9:41:21.516898091,T,TGT,,622,98.1
2025-12-26,9:41:21.516898091,T,TGT,,100,98.1
2025-12-26,9:41:21.516928277,T,TGT,,100,98.11
2025-12-26,9:41:21.516928277,T,TGT,I,50,98.11
2025-12-26,9:41:21.517013325,T,TGT,I,67,98.11
2025-12-26,9:41:21.517015394,T,TGT,I,67,98.11
2025-12-26,9:41:21.517015394,T,TGT,,100,98.11
2025-12-26,9:41:21.517093484,T,TGT,I,92,98.11
2025-12-26,9:41:21.517093484,T,TGT,I,57,98.11
2025-12-26,9:41:21.517096916,T,TGT,I,65,98.11
2025-12-26,9:41:21.517096916,T,TGT,I,25,98.11
2025-12-26,9:41:21.517099603,T,TGT,I,65,98.11
2025-12-26,9:41:21.517162739,T,TGT,,100,98.1
2025-12-26,9:41:21.569162883,T,TGT,F,100,98.11
2025-12-26,9:41:21.569162883,T,TGT,F,100,98.11
2025-12-26,9:41:21.569165625,T,TGT,F I,10,98.11
2025-12-26,9:41:21.569168555,T,TGT,F I,1,98.11
2025-12-26,9:41:21.569187339,T,TGT,F,100,98.12
2025-12-26,9:41:21.569187339,T,TGT,F I,50,98.12
2025-12-26,9:41:21.569189596,T,TGT,F I,8,98.12
2025-12-26,9:41:21.569219686,T,TGT,,100,98.13
2025-12-26,9:41:21.569550541,T,TGT,,141,98.13
2025-12-26,9:41:21.569550541,T,TGT,I,59,98.14
2025-12-26,9:41:21.569613658,T,TGT,F,100,98.13
2025-12-26,9:41:22.439000722,T,TGT,F,100,98.09
2025-12-26,9:41:22.439000722,T,TGT,F I,50,98.09
2025-12-26,9:41:22.439002855,T,TGT,F I,25,98.09
2025-12-26,9:41:22.439775687,T,TGT,,200,98.08
2025-12-26,9:41:28.446179750,T,TGT,F,100,98.07
2025-12-26,9:41:28.446179750,T,TGT,F,100,98.07
2025-12-26,9:41:28.446218806,T,TGT,I,6,98.09
2025-12-26,9:41:28.446227898,T,TGT,F,100,98.06
2025-12-26,9:41:28.446275988,T,TGT,F,100,98.07
2025-12-26,9:41:28.446278962,T,TGT,I,6,98.07
2025-12-26,9:41:28.446973587,T,TGT,F I,50,98.04
2025-12-26,9:41:28.448305769,T,TGT,F I,50,98.04
2025-12-26,9:41:28.448362993,T,TGT,F I,20,98.04
2025-12-26,9:41:28.449526753,T,TGT,F I,30,98.035
2025-12-26,9:41:28.449529683,T,TGT,F I,94,98.05
2025-12-26,9:41:28.450326662,T,TGT,F,100,98.02
2025-12-26,9:41:28.450326662,T,TGT,F I,40,98.02
2025-12-26,9:41:28.450519158,T,TGT,F,127,98.0
2025-12-26,9:41:28.450522414,T,TGT,F,1000,98.0
2025-12-26,9:41:28.450543090,T,TGT,F I,60,98.01
2025-12-26,9:41:28.450579278,T,TGT,I,24,98.02
2025-12-26,9:41:28.450594211,T,TGT,F I,40,98.01
2025-12-26,9:41:28.450636342,T,TGT,,194,98.015
2025-12-26,9:41:28.450789728,T,TGT,,100,98.02
2025-12-26,9:41:28.450793013,T,TGT,I,6,98.02
2025-12-26,9:41:28.450793013,T,TGT,I,11,98.02
2025-12-26,9:41:28.450817710,T,TGT,I,1,98.02
2025-12-26,9:41:28.450820408,T,TGT,I,6,98.02
2025-12-26,9:41:28.450846833,T,TGT,F I,1,98.02
2025-12-26,9:41:28.450898509,T,TGT,I,1,98.02
2025-12-26,9:41:28.450901173,T,TGT,I,46,98.03
2025-12-26,9:41:28.450904235,T,TGT,,100,98.03
2025-12-26,9:41:28.450907067,T,TGT,,100,98.03
2025-12-26,9:41:28.450907067,T,TGT,I,89,98.03
2025-12-26,9:41:28.450916200,T,TGT,I,10,98.01
2025-12-26,9:41:28.451370064,T,TGT,I,6,98.01
2025-12-26,9:41:28.451373122,T,TGT,I,6,98.01
2025-12-26,9:41:28.451373122,T,TGT,I,24,98.01
2025-12-26,9:41:28.451463679,T,TGT,I,4,98.02
2025-12-26,9:41:28.451466298,T,TGT,I,8,98.02
2025-12-26,9:41:28.451481352,T,TGT,I,6,98.02
2025-12-26,9:41:28.452242148,T,TGT,F,176,98.01
2025-12-26,9:41:28.452287250,T,TGT,I,6,98.01
2025-12-26,9:41:28.452714286,T,TGT,I,10,98.01
2025-12-26,9:41:28.459221785,T,TGT,I,52,98.0
2025-12-26,9:41:28.493241859,T,TGT,F I,52,98.015
2025-12-26,9:41:28.650122550,T,TGT,I,8,98.015
2025-12-26,9:41:29.279107024,T,TGT,F I,7,98.01
2025-12-26,9:41:31.816164089,T,TGT,F,100,98.0
2025-12-26,9:41:31.816167020,T,TGT,F I,46,98.0
2025-12-26,9:41:31.816182608,T,TGT,F I,66,98.0
2025-12-26,9:41:31.816185083,T,TGT,I,1,98.0
2025-12-26,9:41:31.816521902,T,TGT,F I,33,98.0
2025-12-26,9:41:32.424904236,T,TGT,,100,97.975
2025-12-26,9:41:32.447915730,T,TGT,F I,12,98.01
2025-12-26,9:41:32.447918072,T,TGT,F I,12,98.01
2025-12-26,9:41:32.447924110,T,TGT,F I,48,98.01
2025-12-26,9:41:32.447924110,T,TGT,F I,10,98.02
2025-12-26,9:41:32.447927057,T,TGT,F I,2,98.02
2025-12-26,9:41:32.447930065,T,TGT,F I,40,98.03
2025-12-26,9:41:32.447978213,T,TGT,F I,50,98.03
2025-12-26,9:41:32.448038360,T,TGT,F I,10,98.03
2025-12-26,9:41:32.448492499,T,TGT,I,7,98.03
2025-12-26,9:41:32.633042170,T,TGT,I,25,98.01
2025-12-26,9:41:32.633045159,T,TGT,,100,98.0
2025-12-26,9:41:33.103678263,T,TGT,F,100,98.0
2025-12-26,9:41:36.212300982,T,TGT,F I,25,97.99
2025-12-26,9:41:36.517398796,T,TGT,I,70,98.03
2025-12-26,9:41:36.517401807,T,TGT,I,1,98.03
2025-12-26,9:41:36.570054277,T,TGT,I,25,98.03
2025-12-26,9:41:36.571011212,T,TGT,I,46,98.03
2025-12-26,9:41:36.571013538,T,TGT,I,54,98.04
2025-12-26,9:41:36.571142845,T,TGT,F I,1,98.04
2025-12-26,9:41:36.571145831,T,TGT,F I,17,98.04
2025-12-26,9:41:36.571145831,T,TGT,F I,82,98.05
2025-12-26,9:41:36.571160921,T,TGT,F I,18,98.05
2025-12-26,9:41:36.572228514,T,TGT,I,2,98.05
2025-12-26,9:41:37.267830626,T,TGT,I,73,98.0
2025-12-26,9:41:37.267833551,T,TGT,I,73,98.0
2025-12-26,9:41:37.353579918,T,TGT,F I,72,98.0
2025-12-26,9:41:37.353579918,T,TGT,F I,28,98.0
2025-12-26,9:41:37.353647006,T,TGT,F I,7,98.0
2025-12-26,9:41:37.353649175,T,TGT,F I,37,98.0
2025-12-26,9:41:37.353652167,T,TGT,F I,75,97.99
2025-12-26,9:41:37.353670121,T,TGT,I,1,97.99
2025-12-26,9:41:37.353694159,T,TGT,I,78,98.02
2025-12-26,9:41:37.353763825,T,TGT,,100,98.02
2025-12-26,9:41:37.353769360,T,TGT,I,65,98.0
2025-12-26,9:41:37.353784384,T,TGT,I,78,98.01
2025-12-26,9:41:37.353865581,T,TGT,F I,22,98.01
2025-12-26,9:41:37.353868767,T,TGT,F I,13,98.01
2025-12-26,9:41:37.353871504,T,TGT,I,24,97.99
2025-12-26,9:41:37.354066999,T,TGT,,100,98.01
2025-12-26,9:41:37.354066999,T,TGT,I,28,98.02
2025-12-26,9:41:42.786168932,T,TGT,F I,40,98.0
2025-12-26,9:41:42.786171861,T,TGT,F I,80,98.0
2025-12-26,9:41:46.353086301,T,TGT,F,255,98.01
2025-12-26,9:41:46.353086301,T,TGT,F I,76,98.01
2025-12-26,9:41:46.353609600,T,TGT,F I,25,98.01
2025-12-26,9:41:48.177635003,T,TGT,F,100,97.99
2025-12-26,9:41:48.177635003,T,TGT,F,200,97.99
2025-12-26,9:41:48.177641094,T,TGT,F,200,97.99
2025-12-26,9:41:48.177643940,T,TGT,F,105,97.99
2025-12-26,9:41:48.177647048,T,TGT,F I,45,97.99
2025-12-26,9:41:48.177654277,T,TGT,I,1,97.99
2025-12-26,9:41:48.177659572,T,TGT,I,4,97.99
2025-12-26,9:41:48.177659572,T,TGT,F,171,97.99
2025-12-26,9:41:48.177662134,T,TGT,F I,29,97.99
2025-12-26,9:41:48.177665116,T,TGT,F I,27,97.99
2025-12-26,9:41:48.177668522,T,TGT,F I,28,97.99
2025-12-26,9:41:48.177668522,T,TGT,F I,36,97.99
2025-12-26,9:41:48.177671040,T,TGT,F,164,97.99
2025-12-26,9:41:48.177725131,T,TGT,F I,65,97.98
2025-12-26,9:41:48.177746790,T,TGT,F I,4,97.98
2025-12-26,9:41:48.177749302,T,TGT,F I,68,97.98
2025-12-26,9:41:48.177959704,T,TGT,F I,63,97.98
2025-12-26,9:41:48.177962758,T,TGT,F,100,97.98
2025-12-26,9:41:48.177983852,T,TGT,F,200,97.98
2025-12-26,9:41:48.177983852,T,TGT,F I,99,97.98
2025-12-26,9:41:48.177986807,T,TGT,F,200,97.98
2025-12-26,9:41:48.178004913,T,TGT,I,1,97.98
2025-12-26,9:41:48.360542710,T,TGT,F,100,97.95
2025-12-26,9:41:48.360554783,T,TGT,F,100,97.95
2025-12-26,9:41:48.360675023,T,TGT,,100,97.94
2025-12-26,9:41:48.360828365,T,TGT,F I,6,97.95
2025-12-26,9:41:48.379355601,T,TGT,F,100,97.88
2025-12-26,9:41:48.385309731,T,TGT,,100,97.87
2025-12-26,9:41:52.447275529,T,TGT,F,100,97.82
2025-12-26,9:41:52.447279043,T,TGT,F,100,97.81
2025-12-26,9:41:52.447279043,T,TGT,F,100,97.81
2025-12-26,9:41:52.447281544,T,TGT,F,120,97.81
2025-12-26,9:41:52.535695187,T,TGT,I,1,97.81
2025-12-26,9:41:53.574128966,T,TGT,I,15,97.81
2025-12-26,9:41:54.825412919,T,TGT,I,15,97.8
2025-12-26,9:41:54.825412919,T,TGT,I,38,97.8
2025-12-26,9:41:56.537806305,T,TGT,I,50,97.81
2025-12-26,9:41:56.537809440,T,TGT,I,20,97.81
2025-12-26,9:41:57.791038907,T,TGT,I,53,97.81
2025-12-26,9:41:57.791041984,T,TGT,I,17,97.81
2025-12-26,9:42:00.628800409,T,TGT,F I,10,97.82
2025-12-26,9:42:00.681272383,T,TGT,F,100,97.78
2025-12-26,9:42:00.681278879,T,TGT,F I,40,97.74
2025-12-26,9:42:00.681278879,T,TGT,F I,40,97.74
2025-12-26,9:42:00.681281379,T,TGT,F I,80,97.74
2025-12-26,9:42:00.681281379,T,TGT,F I,16,97.73
2025-12-26,9:42:00.681335565,T,TGT,,133,97.79
2025-12-26,9:42:00.681356543,T,TGT,I,1,97.79
2025-12-26,9:42:00.681408178,T,TGT,F,190,97.79
2025-12-26,9:42:00.681419792,T,TGT,,100,97.79
2025-12-26,9:42:00.681422753,T,TGT,I,32,97.8
2025-12-26,9:42:00.681422753,T,TGT,I,39,97.8
2025-12-26,9:42:00.681426234,T,TGT,I,48,97.8
2025-12-26,9:42:00.681428712,T,TGT,F I,10,97.79
2025-12-26,9:42:00.681443816,T,TGT,F I,39,97.78
2025-12-26,9:42:00.681449827,T,TGT,F I,48,97.78
2025-12-26,9:42:00.681476946,T,TGT,F,100,97.78
2025-12-26,9:42:00.699387746,T,TGT,F I,38,97.81
2025-12-26,9:42:00.699390513,T,TGT,F I,80,97.81
2025-12-26,9:42:00.699390513,T,TGT,F I,4,97.81
2025-12-26,9:42:00.699444709,T,TGT,I,25,97.81
2025-12-26,9:42:00.699447624,T,TGT,I,75,97.78
2025-12-26,9:42:00.699456667,T,TGT,I,21,97.78
2025-12-26,9:42:00.699468752,T,TGT,I,1,97.79
2025-12-26,9:42:00.699477771,T,TGT,F I,13,97.79
2025-12-26,9:42:01.916540087,T,TGT,F I,25,97.77
2025-12-26,9:42:01.916543155,T,TGT,F,100,97.77
2025-12-26,9:42:01.916567166,T,TGT,F I,50,97.76
2025-12-26,9:42:01.916852847,T,TGT,F I,50,97.76
2025-12-26,9:42:01.916888923,T,TGT,F I,50,97.76
2025-12-26,9:42:01.916922024,T,TGT,F I,50,97.76
2025-12-26,9:42:01.916955157,T,TGT,F I,50,97.76
2025-12-26,9:42:01.916988233,T,TGT,F I,50,97.76
2025-12-26,9:42:02.799287132,T,TGT,F I,25,97.76
2025-12-26,9:42:02.804077440,T,TGT,,100,97.76
2025-12-26,9:42:02.813535017,T,TGT,F I,50,97.76
2025-12-26,9:42:02.813577134,T,TGT,F I,50,97.76
2025-12-26,9:42:02.813610239,T,TGT,F I,50,97.76
2025-12-26,9:42:02.814235636,T,TGT,F I,50,97.76
2025-12-26,9:42:03.612135450,T,TGT,,200,97.76
2025-12-26,9:42:03.618270144,T,TGT,,100,97.76
2025-12-26,9:42:04.167739099,T,TGT,F I,50,97.76
2025-12-26,9:42:04.174078229,T,TGT,,100,97.76
2025-12-26,9:42:05.673332881,T,TGT,,100,97.76
2025-12-26,9:42:05.727034849,T,TGT,,200,97.76
2025-12-26,9:42:05.733731737,T,TGT,F,168,97.76
2025-12-26,9:42:05.733741010,T,TGT,F I,33,97.76
2025-12-26,9:42:05.733743835,T,TGT,F I,33,97.76
2025-12-26,9:42:05.733746791,T,TGT,F I,50,97.76
2025-12-26,9:42:05.733773819,T,TGT,I,30,97.76
2025-12-26,9:42:05.733779849,T,TGT,,255,97.76
2025-12-26,9:42:05.733788915,T,TGT,I,14,97.76
2025-12-26,9:42:05.733794921,T,TGT,F I,25,97.76
2025-12-26,9:42:05.733794921,T,TGT,F I,73,97.76
2025-12-26,9:42:05.733801059,T,TGT,F I,35,97.76
2025-12-26,9:42:05.733801059,T,TGT,F,271,97.76
2025-12-26,9:42:05.733801059,T,TGT,I,13,97.76
2025-12-26,9:42:05.733840013,T,TGT,I,26,97.77
2025-12-26,9:42:05.733842972,T,TGT,I,3,97.77
2025-12-26,9:42:05.733861605,T,TGT,I,70,97.81
2025-12-26,9:42:05.733864478,T,TGT,I,21,97.81
2025-12-26,9:42:05.733867077,T,TGT,,100,97.81
2025-12-26,9:42:05.733867077,T,TGT,I,10,97.81
2025-12-26,9:42:05.733885758,T,TGT,F I,32,97.79
2025-12-26,9:42:05.733885758,T,TGT,I,1,97.79
2025-12-26,9:42:05.733888084,T,TGT,I,80,97.79
2025-12-26,9:42:05.733978325,T,TGT,I,20,97.81
2025-12-26,9:42:05.733978325,T,TGT,I,49,97.8
2025-12-26,9:42:05.733981308,T,TGT,I,31,97.8
2025-12-26,9:42:05.733999389,T,TGT,I,1,97.8
2025-12-26,9:42:05.735199231,T,TGT,F I,16,97.81
2025-12-26,9:42:05.735202584,T,TGT,F I,28,97.81
2025-12-26,9:42:05.735274400,T,TGT,,100,97.81
2025-12-26,9:42:05.735505948,T,TGT,,400,97.81
2025-12-26,9:42:05.735508951,T,TGT,,100,97.81
2025-12-26,9:42:05.738419889,T,TGT,I,56,97.81
2025-12-26,9:42:05.738639567,T,TGT,F,100,97.8
2025-12-26,9:42:05.738684579,T,TGT,,100,97.81
2025-12-26,9:42:05.738708565,T,TGT,I,20,97.81
2025-12-26,9:42:05.774539254,T,TGT,F I,25,97.81
2025-12-26,9:42:05.774539254,T,TGT,F I,15,97.8
2025-12-26,9:42:05.774542333,T,TGT,F I,20,97.8
2025-12-26,9:42:05.774542333,T,TGT,F I,25,97.8
2025-12-26,9:42:05.774544971,T,TGT,F I,27,97.8
2025-12-26,9:42:05.774548232,T,TGT,F I,24,97.8
2025-12-26,9:42:05.774551001,T,TGT,F I,26,97.8
2025-12-26,9:42:05.774551001,T,TGT,F I,16,97.8
2025-12-26,9:42:05.774553970,T,TGT,F,175,97.8
2025-12-26,9:42:13.930987014,T,TGT,,242,97.79
2025-12-26,9:42:17.169747768,T,TGT,,100,97.79
2025-12-26,9:42:19.338166045,T,TGT,F,226,97.76
2025-12-26,9:42:19.343413151,T,TGT,F I,50,97.83
2025-12-26,9:42:19.344273716,T,TGT,F I,6,97.85
2025-12-26,9:42:19.344300365,T,TGT,F I,94,97.85
2025-12-26,9:42:19.344303213,T,TGT,F,100,97.85
2025-12-26,9:42:19.344760383,T,TGT,F I,4,97.86
2025-12-26,9:42:20.700928173,T,TGT,,100,97.82
2025-12-26,9:42:20.700928173,T,TGT,,100,97.82
2025-12-26,9:42:20.700958226,T,TGT,F I,2,97.82
2025-12-26,9:42:20.700958226,T,TGT,F I,23,97.82
2025-12-26,9:42:20.706175632,T,TGT,F,100,97.82
2025-12-26,9:42:20.706197228,T,TGT,I,1,97.82
2025-12-26,9:42:20.713098206,T,TGT,F I,50,97.82
2025-12-26,9:42:33.018500373,T,TGT,I,1,98.02
2025-12-26,9:42:37.162856444,T,TGT,F I,56,97.99
2025-12-26,9:42:37.162863293,T,TGT,F I,14,97.99
2025-12-26,9:42:37.162863293,T,TGT,F I,25,97.99
2025-12-26,9:42:37.162865693,T,TGT,F,100,97.99
2025-12-26,9:42:37.162869308,T,TGT,F,100,97.98
2025-12-26,9:42:37.162869308,T,TGT,F,100,97.98
2025-12-26,9:42:37.162874469,T,TGT,F,105,97.98
2025-12-26,9:42:37.162878074,T,TGT,I,1,97.98
2025-12-26,9:42:37.162955732,T,TGT,,133,98.02
2025-12-26,9:42:37.162959109,T,TGT,,100,98.02
2025-12-26,9:42:37.162959109,T,TGT,,347,98.02
2025-12-26,9:42:37.162980057,T,TGT,I,1,98.02
2025-12-26,9:42:37.163136153,T,TGT,I,37,97.99
2025-12-26,9:42:37.163524017,T,TGT,F,100,98.01
2025-12-26,9:42:37.164032240,T,TGT,,100,98.02
2025-12-26,9:42:37.164964507,T,TGT,I,12,98.03
2025-12-26,9:42:37.164985576,T,TGT,I,38,98.03
2025-12-26,9:42:37.343890794,T,TGT,I,40,98.06
2025-12-26,9:42:37.343890794,T,TGT,I,4,98.06
