DATE,TIME_M,EX,SYM_ROOT,TR_SCOND,SIZE,PRICE
2025-10-20,9:30:10.453503716,T,TGT,I,1,91.15
2025-10-20,9:30:10.453512786,T,TGT,Q,1,91.15
2025-10-20,9:31:46.245003171,T,TGT,I,22,91.15
2025-10-20,9:31:46.247688569,T,TGT,I,22,91.15
2025-10-20,9:31:46.247691630,T,TGT,I,22,91.15
2025-10-20,9:31:46.247703605,T,TGT,I,22,91.15
2025-10-20,9:31:46.381387121,T,TGT,I,4,91.15
2025-10-20,9:31:46.381414220,T,TGT,I,8,91.15
2025-10-20,9:31:46.381417256,T,TGT,I,14,91.17
2025-10-20,9:31:46.745242083,T,TGT,I,22,91.17
2025-10-20,9:31:53.734460696,T,TGT,I,22,91.17
2025-10-20,9:31:56.902150630,T,TGT,I,22,91.17
2025-10-20,9:32:06.357145102,T,TGT,I,99,91.15
2025-10-20,9:32:06.357151032,T,TGT,,101,91.17
2025-10-20,9:32:06.359340290,T,TGT,,200,91.17
2025-10-20,9:32:13.420649843,T,TGT,,119,91.08
2025-10-20,9:32:13.444042554,T,TGT,I,22,91.09
2025-10-20,9:32:40.613723158,T,TGT,I,30,91.03
2025-10-20,9:32:40.615091061,T,TGT,,100,91.04
2025-10-20,9:32:40.615094085,T,TGT,I,22,91.09
2025-10-20,9:32:40.616925498,T,TGT,,100,91.09
2025-10-20,9:32:40.617042712,T,TGT,,100,91.1
2025-10-20,9:32:40.620083608,T,TGT,F I,50,91.12
2025-10-20,9:32:40.620083608,T,TGT,F I,25,91.14
2025-10-20,9:32:40.620087286,T,TGT,F I,12,91.18
2025-10-20,9:32:40.620092326,T,TGT,F I,38,91.18
2025-10-20,9:32:40.620092326,T,TGT,F I,62,91.18
2025-10-20,9:32:40.620092326,T,TGT,F I,38,91.18
2025-10-20,9:32:40.620092326,T,TGT,F I,49,91.19
2025-10-20,9:32:40.620338525,T,TGT,,100,91.1
2025-10-20,9:32:40.799553538,T,TGT,F I,50,91.23
2025-10-20,9:32:40.799749072,T,TGT,F I,50,91.24
2025-10-20,9:32:40.799749072,T,TGT,F I,66,91.25
2025-10-20,9:32:40.799752042,T,TGT,F I,50,91.25
2025-10-20,9:32:40.800049780,T,TGT,F I,50,91.25
2025-10-20,9:32:41.544909369,T,TGT,F I,88,91.24
2025-10-20,9:32:41.544954432,T,TGT,F I,88,91.24
2025-10-20,9:32:42.005134840,T,TGT,F I,88,91.24
2025-10-20,9:32:42.005188947,T,TGT,F I,88,91.24
2025-10-20,9:32:42.005225015,T,TGT,F I,8,91.24
2025-10-20,9:32:44.322209192,T,TGT,F I,50,91.22
2025-10-20,9:32:44.322317409,T,TGT,F I,50,91.21
2025-10-20,9:32:44.322317409,T,TGT,F I,25,91.21
2025-10-20,9:32:45.346714213,T,TGT,F I,33,91.28
2025-10-20,9:32:45.347189156,T,TGT,,100,91.29
2025-10-20,9:32:45.347658246,T,TGT,F I,9,91.3
2025-10-20,9:32:45.347661348,T,TGT,F,105,91.3
2025-10-20,9:32:45.356571493,T,TGT,F I,29,91.305
2025-10-20,9:32:45.356580911,T,TGT,F I,71,91.305
2025-10-20,9:32:45.356580911,T,TGT,F I,29,91.29
2025-10-20,9:32:53.797511249,T,TGT,F I,18,91.24
2025-10-20,9:32:53.797511249,T,TGT,F I,40,91.24
2025-10-20,9:32:53.797577052,T,TGT,F I,88,91.24
2025-10-20,9:32:54.509003098,T,TGT,F,200,91.2
2025-10-20,9:32:54.509111252,T,TGT,,100,91.2
2025-10-20,9:32:54.509301240,T,TGT,F,149,91.21
2025-10-20,9:32:54.509301240,T,TGT,F,100,91.2
2025-10-20,9:32:54.509303708,T,TGT,F,251,91.2
2025-10-20,9:32:54.509342863,T,TGT,F I,50,91.2
2025-10-20,9:32:54.509367764,T,TGT,F I,99,91.2
2025-10-20,9:32:54.509378938,T,TGT,I,7,91.23
2025-10-20,9:32:54.509417994,T,TGT,F,100,91.22
2025-10-20,9:32:54.509472752,T,TGT,I,7,91.21
2025-10-20,9:32:54.509475817,T,TGT,I,7,91.21
2025-10-20,9:32:54.509479163,T,TGT,I,27,91.21
2025-10-20,9:32:54.509479163,T,TGT,I,66,91.2
2025-10-20,9:32:54.509529249,T,TGT,F I,88,91.22
2025-10-20,9:32:54.509565404,T,TGT,F I,12,91.22
2025-10-20,9:32:54.528444292,T,TGT,F,300,91.24
2025-10-20,9:32:54.528489405,T,TGT,F,100,91.26
2025-10-20,9:32:54.760113269,T,TGT,F I,41,91.34
2025-10-20,9:32:54.760356841,T,TGT,F I,52,91.35
2025-10-20,9:32:59.094974069,T,TGT,I,4,91.39
2025-10-20,9:32:59.094998068,T,TGT,F I,43,91.39
2025-10-20,9:32:59.095022231,T,TGT,F,133,91.39
2025-10-20,9:32:59.095076436,T,TGT,F I,10,91.4
2025-10-20,9:32:59.095076436,T,TGT,F I,50,91.4
2025-10-20,9:32:59.095079263,T,TGT,F I,2,91.4
2025-10-20,9:32:59.095515275,T,TGT,F I,1,91.41
2025-10-20,9:33:00.571506842,T,TGT,F I,4,91.41
2025-10-20,9:33:02.928871146,T,TGT,,100,91.41
2025-10-20,9:33:03.305801225,T,TGT,F I,25,91.42
2025-10-20,9:33:04.132903813,T,TGT,F I,25,91.44
2025-10-20,9:33:04.132930907,T,TGT,F I,20,91.45
2025-10-20,9:33:04.139318039,T,TGT,F I,1,91.49
2025-10-20,9:33:04.139859913,T,TGT,F I,5,91.5
2025-10-20,9:33:04.139859913,T,TGT,F,100,91.5
2025-10-20,9:33:04.139865391,T,TGT,F I,5,91.5
2025-10-20,9:33:04.139865391,T,TGT,F,100,91.5
2025-10-20,9:33:04.139868478,T,TGT,F I,2,91.5
2025-10-20,9:33:04.139868478,T,TGT,F I,1,91.5
2025-10-20,9:33:04.139868478,T,TGT,F I,57,91.5
2025-10-20,9:33:04.139877355,T,TGT,I,1,91.5
2025-10-20,9:33:04.139901450,T,TGT,F I,49,91.5
2025-10-20,9:33:04.139907447,T,TGT,F I,43,91.5
2025-10-20,9:33:04.139907447,T,TGT,F I,57,91.5
2025-10-20,9:33:04.140072884,T,TGT,I,23,91.5
2025-10-20,9:33:04.144773087,T,TGT,I,1,91.5
2025-10-20,9:33:08.253203261,T,TGT,I,50,91.46
2025-10-20,9:33:08.253206291,T,TGT,I,25,91.46
2025-10-20,9:33:08.257768590,T,TGT,F,200,91.45
2025-10-20,9:33:08.257768590,T,TGT,F I,1,91.45
2025-10-20,9:33:08.258026820,T,TGT,,100,91.45
2025-10-20,9:33:08.258153041,T,TGT,F,100,91.43
2025-10-20,9:33:08.258228301,T,TGT,F I,12,91.42
2025-10-20,9:33:08.258273437,T,TGT,F I,19,91.41
2025-10-20,9:33:08.258315511,T,TGT,,100,91.43
2025-10-20,9:33:08.258315511,T,TGT,I,27,91.44
2025-10-20,9:33:08.258345526,T,TGT,F I,31,91.42
2025-10-20,9:33:08.258420776,T,TGT,I,73,91.42
2025-10-20,9:33:08.258426745,T,TGT,F I,27,91.42
2025-10-20,9:33:08.258721462,T,TGT,I,73,91.44
2025-10-20,9:33:11.044994675,T,TGT,F I,25,91.46
2025-10-20,9:33:12.667044208,T,TGT,F I,30,91.45
2025-10-20,9:33:12.667089293,T,TGT,F I,24,91.45
2025-10-20,9:33:12.667290721,T,TGT,F I,2,91.43
2025-10-20,9:33:12.667480165,T,TGT,F I,46,91.43
2025-10-20,9:33:15.773072285,T,TGT,I,3,91.46
2025-10-20,9:33:18.683351955,T,TGT,I,3,91.41
2025-10-20,9:33:18.684551758,T,TGT,F I,1,91.4
2025-10-20,9:33:18.752561771,T,TGT,F I,1,91.39
2025-10-20,9:33:18.752691150,T,TGT,F I,6,91.37
2025-10-20,9:33:18.753151220,T,TGT,F I,35,91.35
2025-10-20,9:33:18.753172303,T,TGT,F I,65,91.35
2025-10-20,9:33:18.753668459,T,TGT,F I,12,91.35
2025-10-20,9:33:19.745182148,T,TGT,F I,25,91.38
2025-10-20,9:33:23.838140231,T,TGT,I,3,91.41
2025-10-20,9:33:23.838164296,T,TGT,F I,19,91.41
2025-10-20,9:33:44.951721870,T,TGT,I,3,91.4
2025-10-20,9:33:45.668449363,T,TGT,I,27,91.39
2025-10-20,9:33:45.668452430,T,TGT,I,22,91.39
2025-10-20,9:33:52.400429202,T,TGT,I,49,91.39
2025-10-20,9:34:00.363027962,T,TGT,F I,4,91.4
2025-10-20,9:34:00.363503124,T,TGT,F I,19,91.38
2025-10-20,9:34:00.777670854,T,TGT,I,2,91.37
2025-10-20,9:34:22.650405162,T,TGT,,100,91.28
2025-10-20,9:34:22.650405162,T,TGT,F I,1,91.27
2025-10-20,9:34:22.650498479,T,TGT,,100,91.28
2025-10-20,9:34:22.650519479,T,TGT,I,1,91.28
2025-10-20,9:34:32.964453407,T,TGT,F I,88,91.44
2025-10-20,9:34:32.964495452,T,TGT,F I,12,91.44
2025-10-20,9:34:34.983322333,T,TGT,F I,40,91.47
2025-10-20,9:34:39.773245165,T,TGT,F I,87,91.49
2025-10-20,9:34:42.745156705,T,TGT,F I,74,91.5
2025-10-20,9:34:45.786795368,T,TGT,I,4,91.52
2025-10-20,9:34:45.786816468,T,TGT,I,1,91.52
2025-10-20,9:34:47.183292439,T,TGT,I,8,91.53
2025-10-20,9:34:47.183316541,T,TGT,F I,1,91.54
2025-10-20,9:34:53.416883194,T,TGT,F I,1,91.59
2025-10-20,9:34:53.416883194,T,TGT,F I,12,91.6
2025-10-20,9:34:53.417532449,T,TGT,F I,16,91.58
2025-10-20,9:34:53.417532449,T,TGT,F I,17,91.575
2025-10-20,9:34:53.417574554,T,TGT,F,174,91.575
2025-10-20,9:34:53.417634768,T,TGT,F I,9,91.575
2025-10-20,9:34:53.417718881,T,TGT,F I,16,91.58
2025-10-20,9:34:53.417721978,T,TGT,F I,17,91.58
2025-10-20,9:34:53.417764043,T,TGT,F I,16,91.58
2025-10-20,9:34:53.417818139,T,TGT,F I,16,91.58
2025-10-20,9:34:57.833734352,T,TGT,I,1,91.6
2025-10-20,9:34:57.833755090,T,TGT,F I,16,91.6
2025-10-20,9:34:57.833758155,T,TGT,F I,5,91.6
2025-10-20,9:34:57.834530906,T,TGT,I,15,91.59
2025-10-20,9:34:57.835042106,T,TGT,I,19,91.595
2025-10-20,9:35:00.687656467,T,TGT,F I,2,91.64
2025-10-20,9:35:00.687693106,T,TGT,I,5,91.65
2025-10-20,9:35:00.687693106,T,TGT,I,1,91.65
2025-10-20,9:35:00.687695931,T,TGT,I,1,91.65
2025-10-20,9:35:00.687698693,T,TGT,I,4,91.65
2025-10-20,9:35:00.687698693,T,TGT,I,11,91.65
2025-10-20,9:35:00.687701524,T,TGT,I,11,91.65
2025-10-20,9:35:00.687704526,T,TGT,I,4,91.65
2025-10-20,9:35:00.687704526,T,TGT,I,2,91.65
2025-10-20,9:35:00.687707525,T,TGT,F I,1,91.65
2025-10-20,9:35:00.687713872,T,TGT,F,2000,91.65
2025-10-20,9:35:00.688023348,T,TGT,F I,25,91.66
2025-10-20,9:35:00.689430682,T,TGT,F I,10,91.69
2025-10-20,9:35:00.689918000,T,TGT,F I,50,91.7
2025-10-20,9:35:00.689920892,T,TGT,F I,13,91.7
2025-10-20,9:35:00.689920892,T,TGT,F I,1,91.7
2025-10-20,9:35:00.689951387,T,TGT,I,9,91.7
2025-10-20,9:35:00.689951387,T,TGT,I,9,91.7
2025-10-20,9:35:00.689953937,T,TGT,I,9,91.7
2025-10-20,9:35:00.689956988,T,TGT,I,2,91.7
2025-10-20,9:35:00.689956988,T,TGT,I,3,91.7
2025-10-20,9:35:00.689977958,T,TGT,I,10,91.68
2025-10-20,9:35:00.689993750,T,TGT,I,10,91.68
2025-10-20,9:35:00.690294205,T,TGT,I,80,91.68
2025-10-20,9:35:00.690294205,T,TGT,I,15,91.68
2025-10-20,9:35:00.690315485,T,TGT,I,1,91.68
2025-10-20,9:35:01.586813642,T,TGT,I,1,91.7
2025-10-20,9:35:01.587307461,T,TGT,F I,31,91.7
2025-10-20,9:35:02.071595683,T,TGT,F I,15,91.7
2025-10-20,9:35:02.071598714,T,TGT,F I,3,91.7
2025-10-20,9:35:03.472450520,T,TGT,F,100,91.69
2025-10-20,9:35:03.472450520,T,TGT,F I,13,91.69
2025-10-20,9:35:03.472453181,T,TGT,F I,1,91.69
2025-10-20,9:35:03.475773063,T,TGT,F,110,91.66
2025-10-20,9:35:04.055416057,T,TGT,I,6,91.61
2025-10-20,9:35:04.055440122,T,TGT,F I,12,91.61
2025-10-20,9:35:04.055464149,T,TGT,F I,12,91.61
2025-10-20,9:35:09.577039146,T,TGT,F I,5,91.655
2025-10-20,9:35:10.194088236,T,TGT,I,6,91.66
2025-10-20,9:35:22.375374752,T,TGT,F I,38,91.68
2025-10-20,9:35:22.375419867,T,TGT,I,36,91.7
2025-10-20,9:35:22.375419867,T,TGT,I,18,91.7
2025-10-20,9:35:22.375513127,T,TGT,I,46,91.68
2025-10-20,9:35:22.567860418,T,TGT,F I,87,91.67
2025-10-20,9:35:22.567875431,T,TGT,F I,25,91.67
2025-10-20,9:35:24.574787752,T,TGT,,100,91.72
2025-10-20,9:35:24.574917094,T,TGT,F,300,91.7
2025-10-20,9:35:24.575365180,T,TGT,F,100,91.69
2025-10-20,9:35:24.575494424,T,TGT,F I,10,91.7
2025-10-20,9:35:24.575518473,T,TGT,I,7,91.7
2025-10-20,9:35:24.575822256,T,TGT,F I,1,91.69
2025-10-20,9:35:24.576089923,T,TGT,F I,7,91.7
2025-10-20,9:35:24.576089923,T,TGT,F I,36,91.7
2025-10-20,9:35:26.001281344,T,TGT,,100,91.67
2025-10-20,9:35:26.869927956,T,TGT,F,100,91.65
2025-10-20,9:35:26.869982072,T,TGT,F I,18,91.64
2025-10-20,9:35:26.869985086,T,TGT,F,121,91.64
2025-10-20,9:35:27.205425842,T,TGT,F I,60,91.62
2025-10-20,9:35:27.205804165,T,TGT,F I,1,91.61
2025-10-20,9:35:27.206087132,T,TGT,F I,55,91.6
2025-10-20,9:35:27.206090596,T,TGT,F I,84,91.6
2025-10-20,9:35:27.206186232,T,TGT,I,16,91.6
2025-10-20,9:35:27.206186232,T,TGT,I,16,91.6
2025-10-20,9:35:27.206192065,T,TGT,I,17,91.6
2025-10-20,9:35:27.206192065,T,TGT,I,10,91.6
2025-10-20,9:35:27.206204115,T,TGT,I,15,91.6
2025-10-20,9:35:30.136917460,T,TGT,F I,12,91.56
2025-10-20,9:35:30.136920468,T,TGT,F I,29,91.56
2025-10-20,9:35:30.137876870,T,TGT,F I,9,91.58
2025-10-20,9:35:30.137933888,T,TGT,I,5,91.6
2025-10-20,9:35:30.138625557,T,TGT,I,5,91.58
2025-10-20,9:35:30.138640660,T,TGT,I,13,91.58
2025-10-20,9:35:30.138640660,T,TGT,I,9,91.58
2025-10-20,9:35:31.675770974,T,TGT,I,18,91.59
2025-10-20,9:35:31.675773755,T,TGT,I,5,91.59
2025-10-20,9:35:31.675776851,T,TGT,I,4,91.59
2025-10-20,9:35:38.742992376,T,TGT,I,19,91.645
2025-10-20,9:35:47.804174383,T,TGT,F,100,91.6
2025-10-20,9:35:47.814757322,T,TGT,I,25,91.62
2025-10-20,9:35:47.814759621,T,TGT,I,14,91.63
2025-10-20,9:35:54.831115023,T,TGT,F I,25,91.54
2025-10-20,9:36:01.648588493,T,TGT,,100,91.49
2025-10-20,9:36:01.648609631,T,TGT,I,1,91.5
2025-10-20,9:36:14.752677849,T,TGT,F I,1,91.47
2025-10-20,9:36:14.752858281,T,TGT,I,72,91.45
2025-10-20,9:36:14.752858281,T,TGT,I,1,91.45
2025-10-20,9:36:14.753303336,T,TGT,F I,50,91.46
2025-10-20,9:36:21.613454561,T,TGT,F I,6,91.48
2025-10-20,9:36:21.640260413,T,TGT,I,7,91.52
2025-10-20,9:36:21.640263437,T,TGT,I,93,91.52
2025-10-20,9:36:21.640290532,T,TGT,F I,87,91.52
2025-10-20,9:36:21.640374696,T,TGT,F I,13,91.52
2025-10-20,9:36:25.803195605,T,TGT,I,4,91.52
2025-10-20,9:36:39.994401826,T,TGT,F I,1,91.54
2025-10-20,9:36:39.994404817,T,TGT,F I,9,91.54
2025-10-20,9:36:39.994410858,T,TGT,F I,88,91.54
2025-10-20,9:36:39.994462033,T,TGT,F I,2,91.54
2025-10-20,9:36:39.994525078,T,TGT,I,1,91.55
2025-10-20,9:36:39.994525078,T,TGT,I,8,91.55
2025-10-20,9:36:45.333658526,T,TGT,I,9,91.6
2025-10-20,9:36:51.998587471,T,TGT,F I,5,91.63
2025-10-20,9:36:53.502608774,T,TGT,F I,61,91.63
2025-10-20,9:36:53.502627210,T,TGT,F,139,91.63
2025-10-20,9:36:53.502630239,T,TGT,F I,21,91.63
2025-10-20,9:36:53.502630239,T,TGT,F,139,91.63
2025-10-20,9:36:53.502642245,T,TGT,F,139,91.63
2025-10-20,9:36:53.502651648,T,TGT,I,1,91.63
2025-10-20,9:36:53.502654173,T,TGT,I,60,91.63
2025-10-20,9:36:53.502656923,T,TGT,I,50,91.63
2025-10-20,9:36:53.518640041,T,TGT,I,6,91.63
2025-10-20,9:37:05.000502375,T,TGT,F I,25,91.66
2025-10-20,9:37:05.000562490,T,TGT,I,7,91.64
2025-10-20,9:37:05.033142107,T,TGT,F I,6,91.69
2025-10-20,9:37:05.033406707,T,TGT,I,35,91.7
2025-10-20,9:37:11.212405039,T,TGT,F I,50,91.69
2025-10-20,9:37:11.217111322,T,TGT,I,18,91.69
2025-10-20,9:37:11.218690079,T,TGT,F,100,91.7
2025-10-20,9:37:13.059463086,T,TGT,F I,7,91.72
2025-10-20,9:37:13.059658186,T,TGT,F I,7,91.72
2025-10-20,9:37:13.059694276,T,TGT,F I,7,91.72
2025-10-20,9:37:13.059700314,T,TGT,F I,7,91.72
2025-10-20,9:37:13.059709317,T,TGT,I,7,91.72
2025-10-20,9:37:13.059709317,T,TGT,F I,7,91.72
2025-10-20,9:37:13.059712352,T,TGT,I,2,91.72
2025-10-20,9:37:13.059715419,T,TGT,I,2,91.72
2025-10-20,9:37:13.059721307,T,TGT,I,2,91.72
2025-10-20,9:37:13.059721307,T,TGT,I,1,91.72
2025-10-20,9:37:13.059748454,T,TGT,I,5,91.72
2025-10-20,9:37:13.059769441,T,TGT,F I,5,91.72
2025-10-20,9:37:13.059943884,T,TGT,F I,7,91.72
2025-10-20,9:37:13.060094290,T,TGT,F I,7,91.72
2025-10-20,9:37:13.060259618,T,TGT,F I,7,91.72
2025-10-20,9:37:13.065227478,T,TGT,F I,7,91.72
2025-10-20,9:37:13.072450657,T,TGT,I,13,91.72
2025-10-20,9:37:13.072456837,T,TGT,I,7,91.73
2025-10-20,9:37:13.072456837,T,TGT,I,15,91.75
2025-10-20,9:37:13.072456837,T,TGT,I,1,91.75
2025-10-20,9:37:13.072459846,T,TGT,I,10,91.75
2025-10-20,9:37:13.072459846,T,TGT,I,37,91.75
2025-10-20,9:37:13.072520329,T,TGT,I,4,91.75
2025-10-20,9:37:13.072520329,T,TGT,I,4,91.75
2025-10-20,9:37:13.072525812,T,TGT,I,4,91.75
2025-10-20,9:37:13.072525812,T,TGT,I,1,91.75
2025-10-20,9:37:13.073403930,T,TGT,F I,3,91.76
2025-10-20,9:37:13.073494120,T,TGT,F I,1,91.78
2025-10-20,9:37:13.073497195,T,TGT,F I,1,91.78
2025-10-20,9:37:15.480212085,T,TGT,I,91,91.725
2025-10-20,9:37:27.237542708,T,TGT,F I,40,91.69
2025-10-20,9:37:27.237548683,T,TGT,F I,2,91.69
2025-10-20,9:37:27.237554700,T,TGT,F I,5,91.69
2025-10-20,9:37:27.237569734,T,TGT,F I,7,91.69
2025-10-20,9:37:27.237572789,T,TGT,F I,86,91.69
2025-10-20,9:37:27.237684025,T,TGT,I,60,91.67
2025-10-20,9:37:27.616794578,T,TGT,I,6,91.69
2025-10-20,9:37:27.616794578,T,TGT,I,8,91.7
2025-10-20,9:37:28.390652168,T,TGT,F,100,91.71
2025-10-20,9:37:28.390652168,T,TGT,F I,5,91.71
2025-10-20,9:37:28.390853446,T,TGT,,100,91.71
2025-10-20,9:37:28.391347235,T,TGT,,200,91.7
2025-10-20,9:37:33.616935497,T,TGT,I,17,91.68
2025-10-20,9:37:33.616986640,T,TGT,I,6,91.68
2025-10-20,9:37:37.178621126,T,TGT,I,6,91.72
2025-10-20,9:37:37.178645130,T,TGT,F I,16,91.72
2025-10-20,9:37:45.122001010,T,TGT,,100,91.67
2025-10-20,9:37:45.122292759,T,TGT,F I,21,91.67
2025-10-20,9:37:45.122518311,T,TGT,F I,79,91.67
2025-10-20,9:37:45.141830363,T,TGT,I,20,91.71
2025-10-20,9:37:49.467771678,T,TGT,I,5,91.71
2025-10-20,9:37:54.684203699,T,TGT,F I,10,91.71
2025-10-20,9:37:55.765071904,T,TGT,I,1,91.7
2025-10-20,9:37:55.816593568,T,TGT,I,6,91.7
2025-10-20,9:37:56.997573303,T,TGT,I,66,91.75
2025-10-20,9:38:24.548153040,T,TGT,I,88,91.695
2025-10-20,9:38:25.821548878,T,TGT,I,6,91.7
2025-10-20,9:38:30.746728123,T,TGT,F I,1,91.74
2025-10-20,9:38:30.747034889,T,TGT,F I,88,91.74
2025-10-20,9:38:30.747897933,T,TGT,I,1,91.74
2025-10-20,9:38:37.024779406,T,TGT,F I,37,91.63
2025-10-20,9:38:40.187270162,T,TGT,I,6,91.68
2025-10-20,9:38:46.993265230,T,TGT,F I,88,91.68
2025-10-20,9:38:47.986823388,T,TGT,,100,91.71
2025-10-20,9:38:54.503345801,T,TGT,F I,88,91.69
2025-10-20,9:38:54.503399909,T,TGT,F I,12,91.69
2025-10-20,9:38:54.512526771,T,TGT,I,6,91.69
2025-10-20,9:38:55.825617130,T,TGT,I,7,91.69
2025-10-20,9:38:56.122962777,T,TGT,,388,91.73
2025-10-20,9:38:56.122965721,T,TGT,F,400,91.73
2025-10-20,9:38:56.122968767,T,TGT,F I,25,91.73
2025-10-20,9:38:56.122971566,T,TGT,F,100,91.73
2025-10-20,9:38:56.122977563,T,TGT,,1091,91.73
2025-10-20,9:38:56.122980527,T,TGT,I,96,91.73
2025-10-20,9:39:01.915392866,T,TGT,I,5,91.75
2025-10-20,9:39:01.953945184,T,TGT,F I,1,91.8
2025-10-20,9:39:01.953947929,T,TGT,F I,14,91.8
2025-10-20,9:39:01.953950771,T,TGT,F I,3,91.8
2025-10-20,9:39:01.953953764,T,TGT,F,155,91.8
2025-10-20,9:39:01.953953764,T,TGT,F I,25,91.8
2025-10-20,9:39:01.954245764,T,TGT,F,100,91.8
2025-10-20,9:39:01.954471167,T,TGT,F I,4,91.8
2025-10-20,9:39:01.954982263,T,TGT,I,7,91.81
2025-10-20,9:39:01.955003419,T,TGT,I,8,91.81
2025-10-20,9:39:01.955006663,T,TGT,F I,85,91.81
2025-10-20,9:39:02.057547601,T,TGT,I,4,91.81
2025-10-20,9:39:03.780890317,T,TGT,I,2,91.81
2025-10-20,9:39:03.791995746,T,TGT,I,1,91.82
2025-10-20,9:39:07.267156242,T,TGT,F I,9,91.83
2025-10-20,9:39:09.645670087,T,TGT,F I,1,91.82
2025-10-20,9:39:09.645673800,T,TGT,F I,44,91.82
2025-10-20,9:39:09.645676413,T,TGT,F I,95,91.82
2025-10-20,9:39:09.645676413,T,TGT,F I,4,91.82
2025-10-20,9:39:09.645877624,T,TGT,F,100,91.81
2025-10-20,9:39:17.321165764,T,TGT,F,100,91.8
2025-10-20,9:39:17.321165764,T,TGT,F I,3,91.8
2025-10-20,9:39:17.321169189,T,TGT,F I,77,91.8
2025-10-20,9:39:17.321183777,T,TGT,I,1,91.8
2025-10-20,9:39:17.321186925,T,TGT,F,322,91.8
2025-10-20,9:39:17.321189833,T,TGT,F,100,91.8
2025-10-20,9:39:20.676941838,T,TGT,,100,91.76
2025-10-20,9:39:20.677077117,T,TGT,I,1,91.76
2025-10-20,9:39:20.677086153,T,TGT,I,1,91.76
2025-10-20,9:39:27.566016376,T,TGT,F I,32,91.75
2025-10-20,9:39:27.566033976,T,TGT,F I,68,91.75
2025-10-20,9:39:27.570830314,T,TGT,F I,1,91.75
2025-10-20,9:39:27.571257396,T,TGT,I,1,91.75
2025-10-20,9:39:37.563442560,T,TGT,I,22,91.76
2025-10-20,9:39:37.563481688,T,TGT,,190,91.77
2025-10-20,9:39:37.563499740,T,TGT,I,1,91.77
2025-10-20,9:39:37.563526819,T,TGT,F,200,91.77
2025-10-20,9:39:37.563526819,T,TGT,F I,27,91.77
2025-10-20,9:39:37.563544889,T,TGT,F,182,91.77
2025-10-20,9:39:42.319562172,T,TGT,F I,5,91.8
2025-10-20,9:39:42.319562172,T,TGT,F I,52,91.8
2025-10-20,9:39:42.738228401,T,TGT,I,5,91.82
2025-10-20,9:39:46.941300124,T,TGT,F,100,91.82
2025-10-20,9:39:46.941757253,T,TGT,F,100,91.81
2025-10-20,9:39:58.436249538,T,TGT,I,25,91.82
2025-10-20,9:39:58.436276623,T,TGT,F I,5,91.82
2025-10-20,9:40:02.188406025,T,TGT,I,47,91.815
2025-10-20,9:40:02.188436090,T,TGT,I,53,91.815
2025-10-20,9:40:02.614503170,T,TGT,,100,91.78
2025-10-20,9:40:02.614512722,T,TGT,I,39,91.78
2025-10-20,9:40:02.614515386,T,TGT,,100,91.78
2025-10-20,9:40:02.614518210,T,TGT,I,29,91.78
2025-10-20,9:40:02.614527207,T,TGT,I,1,91.78
2025-10-20,9:40:02.614527207,T,TGT,I,1,91.78
2025-10-20,9:40:02.614533284,T,TGT,I,22,91.78
2025-10-20,9:40:02.614542540,T,TGT,I,14,91.78
2025-10-20,9:40:02.614557272,T,TGT,I,99,91.78
2025-10-20,9:40:02.614575666,T,TGT,I,34,91.78
2025-10-20,9:40:02.614590367,T,TGT,I,13,91.8
2025-10-20,9:40:02.614632488,T,TGT,I,33,91.78
2025-10-20,9:40:02.614644488,T,TGT,F,100,91.79
2025-10-20,9:40:02.620129626,T,TGT,F I,88,91.805
2025-10-20,9:40:02.620168681,T,TGT,F I,12,91.805
2025-10-20,9:40:02.720653069,T,TGT,I,13,91.81
2025-10-20,9:40:03.452894640,T,TGT,F I,88,91.82
2025-10-20,9:40:06.429939433,T,TGT,I,13,91.79
2025-10-20,9:40:06.429942571,T,TGT,,100,91.79
2025-10-20,9:40:06.429942571,T,TGT,,100,91.79
2025-10-20,9:40:06.430685160,T,TGT,F I,1,91.78
2025-10-20,9:40:06.430736301,T,TGT,F I,74,91.78
2025-10-20,9:40:06.430989022,T,TGT,F I,3,91.77
2025-10-20,9:40:10.331585023,T,TGT,F,100,91.77
2025-10-20,9:40:10.331651197,T,TGT,F I,2,91.76
2025-10-20,9:40:10.331672273,T,TGT,F I,94,91.76
2025-10-20,9:40:10.902323888,T,TGT,I,26,91.78
2025-10-20,9:40:16.549763789,T,TGT,F I,5,91.79
2025-10-20,9:40:16.549766775,T,TGT,F I,7,91.79
2025-10-20,9:40:16.550001364,T,TGT,F I,10,91.8
2025-10-20,9:40:29.770083055,T,TGT,F I,8,91.77
2025-10-20,9:40:37.775308181,T,TGT,F,100,91.8
2025-10-20,9:40:37.775311326,T,TGT,F I,5,91.8
2025-10-20,9:40:37.775311326,T,TGT,F I,1,91.8
2025-10-20,9:40:37.775314201,T,TGT,F I,4,91.8
2025-10-20,9:40:37.775317225,T,TGT,F I,6,91.8
2025-10-20,9:40:37.775320304,T,TGT,F I,1,91.8
2025-10-20,9:40:40.793740633,T,TGT,F I,75,91.85
2025-10-20,9:40:40.793744299,T,TGT,F I,5,91.85
2025-10-20,9:40:40.793744299,T,TGT,F I,10,91.85
2025-10-20,9:40:40.794212646,T,TGT,F,100,91.86
2025-10-20,9:40:40.794723920,T,TGT,F I,3,91.87
2025-10-20,9:40:40.794723920,T,TGT,F I,1,91.87
2025-10-20,9:40:40.794727007,T,TGT,F I,37,91.87
2025-10-20,9:40:40.794775415,T,TGT,I,5,91.88
2025-10-20,9:40:40.824077516,T,TGT,F I,15,91.9
2025-10-20,9:40:40.824079910,T,TGT,F I,50,91.9
2025-10-20,9:40:40.824082984,T,TGT,F I,1,91.9
2025-10-20,9:40:40.824082984,T,TGT,F I,70,91.9
2025-10-20,9:40:40.824086195,T,TGT,F I,20,91.9
2025-10-20,9:40:40.824088943,T,TGT,F I,21,91.9
2025-10-20,9:40:40.824088943,T,TGT,F I,50,91.9
2025-10-20,9:40:40.824353558,T,TGT,F I,20,91.91
2025-10-20,9:40:40.824356542,T,TGT,F I,10,91.91
2025-10-20,9:40:40.825153466,T,TGT,I,6,91.9
2025-10-20,9:40:40.825153466,T,TGT,I,7,91.9
2025-10-20,9:40:40.832232287,T,TGT,F I,7,91.9
2025-10-20,9:40:40.832235340,T,TGT,F I,4,91.9
2025-10-20,9:40:40.832235340,T,TGT,F I,64,91.9
2025-10-20,9:40:40.832253375,T,TGT,I,1,91.89
2025-10-20,9:40:40.832590561,T,TGT,I,25,91.9
2025-10-20,9:40:40.893641615,T,TGT,I,6,91.86
2025-10-20,9:40:44.275928801,T,TGT,I,88,91.895
2025-10-20,9:40:45.064127697,T,TGT,I,25,91.92
2025-10-20,9:40:45.842944166,T,TGT,I,7,91.91
2025-10-20,9:40:49.049928805,T,TGT,F I,1,91.93
2025-10-20,9:40:49.067761355,T,TGT,I,30,91.95
2025-10-20,9:40:49.067764383,T,TGT,I,15,91.95
2025-10-20,9:40:49.067767341,T,TGT,I,1,91.95
2025-10-20,9:40:49.077366227,T,TGT,I,88,91.96
2025-10-20,9:40:49.077420341,T,TGT,F I,12,91.96
2025-10-20,9:40:53.580498778,T,TGT,I,88,91.945
2025-10-20,9:40:55.148491530,T,TGT,I,9,91.96
2025-10-20,9:40:55.148491530,T,TGT,I,5,91.96
2025-10-20,9:40:55.199318570,T,TGT,F I,5,91.97
2025-10-20,9:40:55.844830949,T,TGT,I,1,91.96
2025-10-20,9:40:55.844833480,T,TGT,I,8,91.96
2025-10-20,9:40:55.844854578,T,TGT,I,1,91.96
2025-10-20,9:40:55.844875621,T,TGT,I,11,91.96
2025-10-20,9:40:56.052487289,T,TGT,I,4,91.96
2025-10-20,9:40:56.070921159,T,TGT,F I,1,91.96
2025-10-20,9:40:58.763151411,T,TGT,F I,25,91.94
2025-10-20,9:40:58.767653406,T,TGT,F,100,91.93
2025-10-20,9:40:58.767653406,T,TGT,F I,48,91.93
2025-10-20,9:41:03.039017568,T,TGT,,100,91.93
2025-10-20,9:41:04.927537895,T,TGT,F I,88,91.92
2025-10-20,9:41:04.927543873,T,TGT,F I,12,91.92
2025-10-20,9:41:04.927546864,T,TGT,F I,88,91.91
2025-10-20,9:41:04.927565041,T,TGT,I,1,91.91
2025-10-20,9:41:13.660178301,T,TGT,I,5,91.96
2025-10-20,9:41:27.312010519,T,TGT,F,200,91.96
2025-10-20,9:41:27.312014519,T,TGT,F I,2,91.96
2025-10-20,9:41:27.312014519,T,TGT,F I,2,91.96
2025-10-20,9:41:27.312019502,T,TGT,F I,5,91.96
2025-10-20,9:41:27.312491668,T,TGT,,100,91.96
2025-10-20,9:41:27.312521756,T,TGT,F I,88,91.97
2025-10-20,9:41:27.312744755,T,TGT,F I,12,91.97
2025-10-20,9:41:27.312744755,T,TGT,F I,25,91.97
2025-10-20,9:41:27.312804551,T,TGT,I,20,91.96
2025-10-20,9:41:27.312807779,T,TGT,I,25,91.96
2025-10-20,9:41:29.866010534,T,TGT,I,4,91.96
2025-10-20,9:41:29.866010534,T,TGT,I,1,91.96
2025-10-20,9:41:29.866013373,T,TGT,,346,91.96
2025-10-20,9:41:30.099862546,T,TGT,F,100,91.95
2025-10-20,9:41:30.099865627,T,TGT,F I,18,91.95
2025-10-20,9:41:30.099868621,T,TGT,F,121,91.95
2025-10-20,9:41:30.099868621,T,TGT,F,100,91.95
2025-10-20,9:41:30.978252251,T,TGT,F,115,91.93
2025-10-20,9:41:34.875125524,T,TGT,F,100,91.91
2025-10-20,9:41:34.875203833,T,TGT,F,200,91.9
2025-10-20,9:41:34.885268650,T,TGT,I,25,91.9
2025-10-20,9:41:34.885295805,T,TGT,F I,75,91.905
2025-10-20,9:41:37.826344745,T,TGT,F,100,91.88
2025-10-20,9:41:37.826344745,T,TGT,F,300,91.87
2025-10-20,9:41:37.826363390,T,TGT,I,1,91.87
2025-10-20,9:41:37.826374761,T,TGT,F I,99,91.87
2025-10-20,9:41:38.716844259,T,TGT,F I,24,91.84
2025-10-20,9:41:38.717202148,T,TGT,F,122,91.83
2025-10-20,9:41:38.789136492,T,TGT,F I,1,91.81
2025-10-20,9:41:38.789257114,T,TGT,F I,82,91.8
2025-10-20,9:41:38.789569562,T,TGT,I,40,91.8
2025-10-20,9:41:41.752483729,T,TGT,F,100,91.79
2025-10-20,9:41:41.752483729,T,TGT,F I,2,91.79
2025-10-20,9:41:41.752673094,T,TGT,F I,26,91.78
2025-10-20,9:41:41.753448957,T,TGT,I,37,91.77
2025-10-20,9:41:41.753448957,T,TGT,I,37,91.77
2025-10-20,9:41:41.753560217,T,TGT,F I,23,91.77
2025-10-20,9:41:41.754065624,T,TGT,F I,8,91.79
2025-10-20,9:41:41.754069153,T,TGT,F I,25,91.79
2025-10-20,9:41:43.378424413,T,TGT,F I,50,91.82
2025-10-20,9:41:43.415451729,T,TGT,F I,50,91.82
2025-10-20,9:41:51.127920434,T,TGT,F I,50,91.82
2025-10-20,9:41:51.127923459,T,TGT,F I,27,91.8
2025-10-20,9:41:51.127923459,T,TGT,F I,40,91.8
2025-10-20,9:41:51.127926438,T,TGT,F,360,91.8
2025-10-20,9:41:51.127944881,T,TGT,F I,40,91.8
2025-10-20,9:41:51.127944881,T,TGT,F I,10,91.8
2025-10-20,9:41:51.127947514,T,TGT,I,1,91.8
2025-10-20,9:41:51.127957193,T,TGT,I,50,91.8
2025-10-20,9:41:51.128831648,T,TGT,F I,25,91.78
2025-10-20,9:41:51.987755956,T,TGT,F,100,91.77
2025-10-20,9:41:51.987755956,T,TGT,F I,2,91.77
2025-10-20,9:42:02.155791222,T,TGT,F I,3,91.76
2025-10-20,9:42:02.155815836,T,TGT,F,119,91.76
2025-10-20,9:42:02.155815836,T,TGT,F I,12,91.76
2025-10-20,9:42:02.155818204,T,TGT,F I,2,91.76
2025-10-20,9:42:02.155818204,T,TGT,F I,3,91.76
2025-10-20,9:42:03.856781680,T,TGT,F I,1,91.76
2025-10-20,9:42:03.857635795,T,TGT,F,100,91.75
2025-10-20,9:42:03.857635795,T,TGT,F I,29,91.75
2025-10-20,9:42:03.857795551,T,TGT,F I,2,91.74
2025-10-20,9:42:03.857795551,T,TGT,F,105,91.74
2025-10-20,9:42:03.857795551,T,TGT,F I,7,91.74
2025-10-20,9:42:12.785964353,T,TGT,F I,2,91.71
2025-10-20,9:42:12.794282549,T,TGT,F,100,91.71
2025-10-20,9:42:12.794282549,T,TGT,F I,1,91.71
2025-10-20,9:42:12.794285273,T,TGT,F I,45,91.71
2025-10-20,9:42:12.794288115,T,TGT,F I,31,91.71
2025-10-20,9:42:12.796029342,T,TGT,F I,26,91.72
2025-10-20,9:42:12.796032306,T,TGT,F I,74,91.72
2025-10-20,9:42:12.796035285,T,TGT,F I,72,91.73
2025-10-20,9:42:12.796041355,T,TGT,I,28,91.73
2025-10-20,9:42:12.796110506,T,TGT,,100,91.73
2025-10-20,9:42:12.811323923,T,TGT,F I,5,91.725
2025-10-20,9:42:12.811353817,T,TGT,F I,5,91.725
2025-10-20,9:42:12.811356834,T,TGT,F I,88,91.725
2025-10-20,9:42:12.811437980,T,TGT,I,2,91.725
2025-10-20,9:42:16.482882436,T,TGT,F I,5,91.74
2025-10-20,9:42:16.482882436,T,TGT,F,100,91.74
2025-10-20,9:42:16.482885085,T,TGT,F,100,91.74
2025-10-20,9:42:43.973129122,T,TGT,I,2,91.75
2025-10-20,9:42:49.577332319,T,TGT,,100,91.75
2025-10-20,9:42:49.577332319,T,TGT,I,1,91.75
2025-10-20,9:42:49.610004843,T,TGT,I,88,91.755
2025-10-20,9:42:53.789933401,T,TGT,I,12,91.755
2025-10-20,9:42:55.908420688,T,TGT,I,9,91.745
2025-10-20,9:42:58.402809597,T,TGT,I,10,91.72
2025-10-20,9:42:58.402809597,T,TGT,I,4,91.72
2025-10-20,9:42:58.402812653,T,TGT,I,1,91.72
2025-10-20,9:42:58.402812653,T,TGT,I,42,91.72
2025-10-20,9:42:58.402836605,T,TGT,I,58,91.72
2025-10-20,9:43:03.661375029,T,TGT,F I,32,91.75
2025-10-20,9:43:08.178012822,T,TGT,F,375,91.7
2025-10-20,9:43:08.178040123,T,TGT,F,125,91.7
2025-10-20,9:43:08.178075884,T,TGT,F,100,91.7
2025-10-20,9:43:08.193457645,T,TGT,I,62,91.69
2025-10-20,9:43:08.193457645,T,TGT,I,38,91.69
2025-10-20,9:43:08.193476835,T,TGT,I,1,91.69
2025-10-20,9:43:08.193478583,T,TGT,F I,77,91.69
2025-10-20,9:43:08.352801200,T,TGT,F,100,91.66
2025-10-20,9:43:08.352804212,T,TGT,F I,84,91.65
2025-10-20,9:43:08.428175782,T,TGT,F I,5,91.65
2025-10-20,9:43:08.502955003,T,TGT,F,195,91.65
2025-10-20,9:43:08.652690670,T,TGT,F,100,91.66
2025-10-20,9:43:08.727587124,T,TGT,F I,5,91.65
2025-10-20,9:43:08.727990164,T,TGT,I,3,91.68
2025-10-20,9:43:23.714179181,T,TGT,F,146,91.7
2025-10-20,9:43:23.714179181,T,TGT,F I,5,91.7
2025-10-20,9:43:23.714837824,T,TGT,I,25,91.73
2025-10-20,9:43:23.734261012,T,TGT,I,3,91.72
2025-10-20,9:43:23.765364107,T,TGT,I,34,91.71
2025-10-20,9:43:25.497340638,T,TGT,,100,91.73
2025-10-20,9:43:42.013746829,T,TGT,F I,3,91.8
2025-10-20,9:43:42.013746829,T,TGT,F I,34,91.8
2025-10-20,9:43:42.013749669,T,TGT,F I,5,91.8
2025-10-20,9:43:42.013752671,T,TGT,F I,4,91.8
2025-10-20,9:43:42.708588066,T,TGT,I,88,91.795
2025-10-20,9:44:05.421909257,T,TGT,I,20,91.78
2025-10-20,9:44:05.421909257,T,TGT,I,36,91.78
2025-10-20,9:44:12.980859330,T,TGT,F I,25,91.86
2025-10-20,9:44:12.980862432,T,TGT,F I,5,91.87
2025-10-20,9:44:12.980928550,T,TGT,F I,5,91.87
2025-10-20,9:44:12.980928550,T,TGT,F I,20,91.87
2025-10-20,9:44:14.105803523,T,TGT,I,56,91.87
2025-10-20,9:44:16.945872095,T,TGT,F I,91,91.88
2025-10-20,9:44:16.945887085,T,TGT,F I,17,91.88
2025-10-20,9:44:16.945887085,T,TGT,F I,74,91.88
2025-10-20,9:44:16.945893364,T,TGT,I,1,91.88
2025-10-20,9:44:16.945895995,T,TGT,F I,50,91.88
2025-10-20,9:44:16.945899038,T,TGT,F I,14,91.88
2025-10-20,9:44:16.945902085,T,TGT,F I,3,91.88
2025-10-20,9:44:25.674515723,T,TGT,F,257,91.87
2025-10-20,9:44:25.674602947,T,TGT,F,100,91.86
2025-10-20,9:44:25.678602547,T,TGT,,100,91.86
2025-10-20,9:44:27.058770885,T,TGT,I,11,91.855
2025-10-20,9:44:35.925993818,T,TGT,I,11,91.855
2025-10-20,9:44:53.785844384,T,TGT,F I,1,91.85
2025-10-20,9:44:53.786268384,T,TGT,F I,2,91.85
2025-10-20,9:44:53.802218356,T,TGT,I,5,91.89
2025-10-20,9:44:53.802218356,T,TGT,I,1,91.89
2025-10-20,9:44:53.802500969,T,TGT,F I,12,91.9
2025-10-20,9:44:53.802500969,T,TGT,F I,20,91.9
2025-10-20,9:44:53.803009351,T,TGT,,100,91.89
2025-10-20,9:44:53.803009351,T,TGT,I,46,91.89
2025-10-20,9:44:53.803012259,T,TGT,I,10,91.89
2025-10-20,9:44:53.803253512,T,TGT,,100,91.88
2025-10-20,9:44:53.803255755,T,TGT,I,35,91.88
2025-10-20,9:44:57.608542897,T,TGT,,100,91.875
2025-10-20,9:45:00.010326061,T,TGT,F I,5,91.86
2025-10-20,9:45:00.231097027,T,TGT,I,14,91.87
2025-10-20,9:45:00.231172285,T,TGT,I,46,91.87
2025-10-20,9:45:00.231214388,T,TGT,I,8,91.87
2025-10-20,9:45:00.231220362,T,TGT,I,46,91.87
2025-10-20,9:45:02.371494571,T,TGT,I,7,91.89
2025-10-20,9:45:02.908011819,T,TGT,F I,88,91.87
2025-10-20,9:45:09.850105137,T,TGT,F I,88,91.87
2025-10-20,9:45:09.850387814,T,TGT,F,100,91.84
2025-10-20,9:45:09.850836646,T,TGT,F,100,91.84
2025-10-20,9:45:09.850836646,T,TGT,F I,21,91.84
2025-10-20,9:45:12.538690683,T,TGT,F I,61,91.85
2025-10-20,9:45:12.538732835,T,TGT,F,1430,91.85
2025-10-20,9:45:19.582666849,T,TGT,F I,51,91.84
2025-10-20,9:45:20.540683271,T,TGT,I,50,91.8
2025-10-20,9:45:20.540689327,T,TGT,,150,91.8
2025-10-20,9:45:20.540689327,T,TGT,I,50,91.8
2025-10-20,9:45:20.540692273,T,TGT,,100,91.8
2025-10-20,9:45:20.540704311,T,TGT,,825,91.8
2025-10-20,9:45:20.540707287,T,TGT,F,825,91.8
2025-10-20,9:45:20.540746754,T,TGT,F,100,91.8
2025-10-20,9:45:20.540746754,T,TGT,F I,10,91.79
2025-10-20,9:45:26.585243947,T,TGT,F I,5,91.83
2025-10-20,9:45:32.734961091,T,TGT,F I,5,91.84
2025-10-20,9:45:32.735366978,T,TGT,F I,90,91.86
2025-10-20,9:45:32.735565498,T,TGT,I,31,91.84
2025-10-20,9:45:32.735571745,T,TGT,,100,91.84
2025-10-20,9:45:32.735574680,T,TGT,I,39,91.84
2025-10-20,9:45:32.735577716,T,TGT,,135,91.84
2025-10-20,9:45:32.735667783,T,TGT,,100,91.84
2025-10-20,9:45:32.736077343,T,TGT,I,39,91.86
2025-10-20,9:45:32.736077343,T,TGT,I,5,91.86
2025-10-20,9:45:32.736079763,T,TGT,I,39,91.86
2025-10-20,9:45:32.736083002,T,TGT,I,17,91.86
2025-10-20,9:45:32.736085838,T,TGT,F I,14,91.86
2025-10-20,9:45:32.736089062,T,TGT,F I,25,91.86
2025-10-20,9:45:32.736089062,T,TGT,F I,39,91.86
2025-10-20,9:45:32.736118858,T,TGT,I,4,91.86
2025-10-20,9:45:32.736118858,T,TGT,I,37,91.86
2025-10-20,9:45:32.736212970,T,TGT,I,2,91.85
2025-10-20,9:45:32.736215766,T,TGT,I,37,91.85
2025-10-20,9:45:32.736218109,T,TGT,I,4,91.85
2025-10-20,9:45:32.736417152,T,TGT,,100,91.84
2025-10-20,9:45:32.736417152,T,TGT,,100,91.84
2025-10-20,9:45:32.736419478,T,TGT,I,31,91.84
2025-10-20,9:45:32.736422828,T,TGT,I,25,91.84
2025-10-20,9:45:32.736605966,T,TGT,F I,22,91.85
2025-10-20,9:45:32.736645050,T,TGT,F I,14,91.85
2025-10-20,9:45:32.736687740,T,TGT,I,25,91.84
2025-10-20,9:45:32.736762288,T,TGT,I,25,91.83
2025-10-20,9:45:32.736765405,T,TGT,I,4,91.83
2025-10-20,9:45:32.738455390,T,TGT,I,64,91.84
2025-10-20,9:45:50.430419868,T,TGT,F,100,91.85
2025-10-20,9:45:50.430422276,T,TGT,F I,20,91.85
2025-10-20,9:45:50.430644724,T,TGT,F I,15,91.84
2025-10-20,9:45:50.431234199,T,TGT,F I,12,91.83
2025-10-20,9:45:50.436517748,T,TGT,F,100,91.81
2025-10-20,9:45:50.499872738,T,TGT,F,100,91.8
2025-10-20,9:45:50.500741731,T,TGT,F I,91,91.78
2025-10-20,9:45:50.500771859,T,TGT,I,2,91.78
2025-10-20,9:45:50.500774804,T,TGT,I,2,91.78
2025-10-20,9:45:50.500777832,T,TGT,I,3,91.78
2025-10-20,9:45:50.500780901,T,TGT,I,2,91.78
2025-10-20,9:45:50.501461600,T,TGT,I,5,91.8
2025-10-20,9:45:50.501464608,T,TGT,I,25,91.8
2025-10-20,9:45:50.501469480,T,TGT,I,31,91.8
2025-10-20,9:45:50.501469480,T,TGT,I,39,91.8
2025-10-20,9:45:55.933094162,T,TGT,I,11,91.77
2025-10-20,9:45:59.933750734,T,TGT,,100,91.765
2025-10-20,9:46:17.008839707,T,TGT,I,17,91.76
2025-10-20,9:46:17.802331073,T,TGT,F I,5,91.75
2025-10-20,9:46:22.450309795,T,TGT,F I,47,91.72
2025-10-20,9:46:22.450652608,T,TGT,F,137,91.71
2025-10-20,9:46:22.451151855,T,TGT,F,210,91.7
2025-10-20,9:46:28.746106457,T,TGT,I,20,91.74
2025-10-20,9:46:28.746109467,T,TGT,,100,91.74
2025-10-20,9:46:28.746127496,T,TGT,I,1,91.74
2025-10-20,9:46:31.868574650,T,TGT,I,10,91.7
2025-10-20,9:46:35.850195784,T,TGT,I,10,91.71
2025-10-20,9:46:35.933073340,T,TGT,F I,1,91.71
2025-10-20,9:46:43.255873739,T,TGT,F I,88,91.77
2025-10-20,9:46:43.255921891,T,TGT,F I,12,91.77
2025-10-20,9:46:43.840758314,T,TGT,F I,88,91.77
2025-10-20,9:46:58.169211554,T,TGT,F I,5,91.8
2025-10-20,9:47:00.762593481,T,TGT,,100,91.82
2025-10-20,9:47:00.762593481,T,TGT,I,8,91.83
2025-10-20,9:47:00.762596225,T,TGT,I,2,91.83
2025-10-20,9:47:07.362329988,T,TGT,F I,4,91.83
2025-10-20,9:47:07.362348081,T,TGT,F I,96,91.83
2025-10-20,9:47:07.363178560,T,TGT,I,33,91.82
2025-10-20,9:47:07.363184263,T,TGT,I,20,91.82
2025-10-20,9:47:07.363187961,T,TGT,,200,91.82
2025-10-20,9:47:07.404965596,T,TGT,I,8,91.82
2025-10-20,9:47:07.404983661,T,TGT,F I,22,91.82
2025-10-20,9:47:07.404986658,T,TGT,F I,79,91.82
2025-10-20,9:47:09.738288200,T,TGT,F I,19,91.81
2025-10-20,9:47:09.738288200,T,TGT,F I,60,91.81
2025-10-20,9:47:09.738294007,T,TGT,F,200,91.81
2025-10-20,9:47:09.752589877,T,TGT,F I,73,91.79
2025-10-20,9:47:09.752595893,T,TGT,F I,32,91.79
2025-10-20,9:47:09.752595893,T,TGT,F,100,91.79
2025-10-20,9:47:09.753052960,T,TGT,F I,9,91.78
2025-10-20,9:47:09.753056100,T,TGT,F I,64,91.78
2025-10-20,9:47:09.753056100,T,TGT,F I,12,91.78
2025-10-20,9:47:20.293964412,T,TGT,I,68,91.73
2025-10-20,9:47:23.033031160,T,TGT,,100,91.74
2025-10-20,9:47:26.012710178,T,TGT,I,10,91.74
2025-10-20,9:47:50.368313002,T,TGT,I,7,91.72
2025-10-20,9:47:50.368337139,T,TGT,I,21,91.72
2025-10-20,9:47:50.407842190,T,TGT,F,100,91.75
2025-10-20,9:47:50.407845189,T,TGT,F,100,91.75
2025-10-20,9:47:51.122937032,T,TGT,I,1,91.77
2025-10-20,9:47:51.122937032,T,TGT,I,1,91.77
2025-10-20,9:47:51.122939962,T,TGT,I,1,91.77
2025-10-20,9:47:51.122942954,T,TGT,I,2,91.77
2025-10-20,9:47:57.186583452,T,TGT,F I,22,91.8
2025-10-20,9:47:57.332518139,T,TGT,F I,1,91.79
2025-10-20,9:48:02.660431795,T,TGT,F I,34,91.775
2025-10-20,9:48:11.511704818,T,TGT,F I,6,91.775
2025-10-20,9:48:12.000711784,T,TGT,F I,77,91.73
2025-10-20,9:48:12.000714904,T,TGT,F I,51,91.73
2025-10-20,9:48:12.000714904,T,TGT,F I,13,91.73
2025-10-20,9:48:12.000808126,T,TGT,,100,91.73
2025-10-20,9:48:12.806722149,T,TGT,F I,2,91.74
2025-10-20,9:48:21.090218433,T,TGT,F I,34,91.74
2025-10-20,9:48:27.778756779,T,TGT,F I,10,91.74
2025-10-20,9:48:30.336918495,T,TGT,F,100,91.7
2025-10-20,9:48:33.734524174,T,TGT,F,100,91.68
2025-10-20,9:48:33.734527476,T,TGT,F I,1,91.68
2025-10-20,9:48:33.734527476,T,TGT,F I,17,91.68
2025-10-20,9:48:33.981469561,T,TGT,,155,91.7
2025-10-20,9:48:33.981487562,T,TGT,,100,91.7
2025-10-20,9:48:33.981487562,T,TGT,I,1,91.7
2025-10-20,9:48:33.981502661,T,TGT,,744,91.7
2025-10-20,9:48:33.981502661,T,TGT,,200,91.7
2025-10-20,9:48:38.762217596,T,TGT,I,10,91.67
2025-10-20,9:48:38.907668096,T,TGT,I,10,91.66
2025-10-20,9:48:38.935553544,T,TGT,I,6,91.65
2025-10-20,9:48:42.614648614,T,TGT,I,50,91.65
2025-10-20,9:48:42.614665953,T,TGT,F I,80,91.65
2025-10-20,9:48:42.615288358,T,TGT,I,31,91.64
2025-10-20,9:48:42.615796616,T,TGT,,100,91.63
2025-10-20,9:48:42.615892930,T,TGT,F I,24,91.65
2025-10-20,9:48:42.615892930,T,TGT,F I,28,91.65
2025-10-20,9:48:42.615940985,T,TGT,F I,10,91.66
2025-10-20,9:48:42.615940985,T,TGT,F I,9,91.66
2025-10-20,9:48:42.616269380,T,TGT,I,24,91.65
2025-10-20,9:48:42.616271912,T,TGT,I,28,91.65
2025-10-20,9:48:42.616275074,T,TGT,I,1,91.65
2025-10-20,9:48:42.616275074,T,TGT,I,56,91.65
2025-10-20,9:48:42.616277798,T,TGT,I,52,91.65
2025-10-20,9:48:42.616283776,T,TGT,I,76,91.65
2025-10-20,9:48:42.616292770,T,TGT,F I,76,91.65
2025-10-20,9:48:42.616301772,T,TGT,I,51,91.65
2025-10-20,9:48:42.617645980,T,TGT,F I,63,91.64
2025-10-20,9:48:42.617648964,T,TGT,F I,37,91.64
2025-10-20,9:48:42.617676112,T,TGT,I,63,91.64
2025-10-20,9:48:52.508011652,T,TGT,F I,1,91.67
2025-10-20,9:48:52.514792874,T,TGT,I,50,91.63
2025-10-20,9:48:52.515487550,T,TGT,,100,91.64
2025-10-20,9:48:52.533627177,T,TGT,,100,91.66
2025-10-20,9:48:52.533629925,T,TGT,I,33,91.67
2025-10-20,9:48:52.533632707,T,TGT,I,45,91.67
2025-10-20,9:48:52.533650794,T,TGT,I,5,91.67
2025-10-20,9:48:52.533653957,T,TGT,I,25,91.67
2025-10-20,9:48:52.534493234,T,TGT,F I,3,91.67
2025-10-20,9:48:52.534495882,T,TGT,F I,27,91.67
2025-10-20,9:48:52.534498836,T,TGT,F I,70,91.67
2025-10-20,9:49:17.280272308,T,TGT,I,4,91.65
2025-10-20,9:49:20.994977469,T,TGT,F I,6,91.69
2025-10-20,9:49:20.994983571,T,TGT,F I,2,91.69
2025-10-20,9:49:20.994986540,T,TGT,F I,19,91.69
2025-10-20,9:49:31.443160124,T,TGT,F I,2,91.73
2025-10-20,9:49:31.443175125,T,TGT,F I,98,91.73
2025-10-20,9:49:31.457131486,T,TGT,I,19,91.7
2025-10-20,9:49:37.239611012,T,TGT,F I,88,91.73
2025-10-20,9:49:37.239665200,T,TGT,F I,12,91.73
2025-10-20,9:49:39.857525150,T,TGT,F I,68,91.71
2025-10-20,9:49:39.857525150,T,TGT,F I,20,91.71
2025-10-20,9:49:39.870994318,T,TGT,I,20,91.7
2025-10-20,9:49:40.206184888,T,TGT,I,5,91.7
2025-10-20,9:49:40.206205846,T,TGT,F I,68,91.7
2025-10-20,9:49:45.986538466,T,TGT,I,10,91.7
2025-10-20,9:49:57.758447749,T,TGT,F I,60,91.7
2025-10-20,9:49:57.759193523,T,TGT,F I,88,91.68
2025-10-20,9:50:00.069053784,T,TGT,I,9,91.695
2025-10-20,9:50:00.249143839,T,TGT,,100,91.7
2025-10-20,9:50:04.863857257,T,TGT,F I,19,91.72
2025-10-20,9:50:04.863860264,T,TGT,,100,91.72
2025-10-20,9:50:05.379646085,T,TGT,I,2,91.71
2025-10-20,9:50:06.685125474,T,TGT,F I,88,91.7
2025-10-20,9:50:13.638760285,T,TGT,,100,91.71
2025-10-20,9:50:13.638760285,T,TGT,I,20,91.71
2025-10-20,9:50:14.251758917,T,TGT,I,70,91.7
2025-10-20,9:50:14.251758917,T,TGT,I,2,91.7
2025-10-20,9:50:14.251761734,T,TGT,I,10,91.7
2025-10-20,9:50:14.252005393,T,TGT,F I,2,91.69
2025-10-20,9:50:14.287526040,T,TGT,F I,4,91.69
2025-10-20,9:50:14.294054485,T,TGT,F I,4,91.69
2025-10-20,9:50:14.294057542,T,TGT,F I,2,91.69
2025-10-20,9:50:22.630497989,T,TGT,I,85,91.69
2025-10-20,9:50:22.630497989,T,TGT,I,43,91.69
2025-10-20,9:50:22.630500959,T,TGT,I,16,91.69
2025-10-20,9:50:26.343997323,T,TGT,I,11,91.61
2025-10-20,9:51:04.410640495,T,TGT,I,86,91.63
2025-10-20,9:51:04.410643541,T,TGT,,114,91.63
2025-10-20,9:51:06.308386863,T,TGT,F I,88,91.64
2025-10-20,9:51:13.385501918,T,TGT,I,18,91.65
2025-10-20,9:51:15.586746472,T,TGT,F,100,91.62
2025-10-20,9:51:15.587266777,T,TGT,I,13,91.61
2025-10-20,9:51:15.587531373,T,TGT,F I,50,91.62
2025-10-20,9:51:15.587856184,T,TGT,F I,88,91.62
2025-10-20,9:51:15.587889498,T,TGT,F I,12,91.62
2025-10-20,9:51:15.587892259,T,TGT,F I,76,91.62
2025-10-20,9:51:15.587919332,T,TGT,I,15,91.62
2025-10-20,9:51:15.587946393,T,TGT,F I,9,91.62
2025-10-20,9:51:15.588033535,T,TGT,I,1,91.61
2025-10-20,9:51:16.205407389,T,TGT,F I,9,91.61
2025-10-20,9:51:24.730872077,T,TGT,F I,10,91.65
2025-10-20,9:51:45.921376957,T,TGT,I,53,91.63
2025-10-20,9:51:45.921379973,T,TGT,I,1,91.63
2025-10-20,9:51:45.921437065,T,TGT,I,10,91.62
2025-10-20,9:51:45.922658041,T,TGT,,200,91.6
2025-10-20,9:51:45.922955663,T,TGT,,100,91.61
2025-10-20,9:51:45.923084968,T,TGT,I,25,91.61
2025-10-20,9:51:49.988176050,T,TGT,I,11,91.6
2025-10-20,9:51:53.269945879,T,TGT,F I,45,91.58
2025-10-20,9:51:53.269951690,T,TGT,F I,25,91.58
2025-10-20,9:52:01.154346306,T,TGT,F I,10,91.59
2025-10-20,9:52:01.154346306,T,TGT,F I,18,91.59
2025-10-20,9:52:15.252546902,T,TGT,F I,87,91.595
2025-10-20,9:52:40.964119334,T,TGT,I,1,91.62
2025-10-20,9:52:40.964122229,T,TGT,I,2,91.62
2025-10-20,9:52:40.964127370,T,TGT,I,3,91.62
2025-10-20,9:52:40.964127370,T,TGT,I,3,91.62
2025-10-20,9:52:40.964131216,T,TGT,I,2,91.62
2025-10-20,9:52:40.964131216,T,TGT,I,1,91.62
2025-10-20,9:52:40.977290580,T,TGT,F I,22,91.64
2025-10-20,9:52:40.977338734,T,TGT,F I,10,91.65
2025-10-20,9:52:41.001591460,T,TGT,I,23,91.645
2025-10-20,9:52:41.013469801,T,TGT,F I,6,91.66
2025-10-20,9:52:50.027929608,T,TGT,I,40,91.68
2025-10-20,9:52:50.027956757,T,TGT,F,160,91.68
2025-10-20,9:52:50.027956757,T,TGT,F I,18,91.68
2025-10-20,9:52:50.045040471,T,TGT,F I,87,91.71
2025-10-20,9:52:51.103156390,T,TGT,F I,1,91.74
2025-10-20,9:52:52.342956317,T,TGT,F I,88,91.76
2025-10-20,9:52:52.343274956,T,TGT,I,10,91.75
2025-10-20,9:52:55.467364050,T,TGT,F I,2,91.77
2025-10-20,9:52:55.467385236,T,TGT,F,100,91.78
2025-10-20,9:52:55.467388045,T,TGT,F I,10,91.78
2025-10-20,9:52:55.524467030,T,TGT,F I,49,91.8
2025-10-20,9:52:56.016640672,T,TGT,I,9,91.785
2025-10-20,9:53:04.704750980,T,TGT,F I,10,91.79
2025-10-20,9:53:04.704753944,T,TGT,F,190,91.8
2025-10-20,9:53:04.704772114,T,TGT,I,1,91.8
2025-10-20,9:53:04.704772114,T,TGT,I,1,91.8
2025-10-20,9:53:04.704778010,T,TGT,F I,8,91.8
2025-10-20,9:53:04.705241653,T,TGT,I,30,91.795
2025-10-20,9:53:04.705244510,T,TGT,I,18,91.78
2025-10-20,9:53:04.705256408,T,TGT,I,10,91.78
2025-10-20,9:53:04.705256408,T,TGT,I,20,91.78
2025-10-20,9:53:04.705665156,T,TGT,F I,12,91.78
2025-10-20,9:53:04.705683286,T,TGT,F I,1,91.78
2025-10-20,9:53:04.705698146,T,TGT,F I,37,91.78
2025-10-20,9:53:04.705776480,T,TGT,F,100,91.79
2025-10-20,9:53:04.705779393,T,TGT,F I,25,91.79
2025-10-20,9:53:04.705779393,T,TGT,F I,11,91.79
2025-10-20,9:53:04.705830475,T,TGT,,100,91.78
2025-10-20,9:53:04.705833544,T,TGT,I,3,91.78
2025-10-20,9:53:04.705854556,T,TGT,I,1,91.78
2025-10-20,9:53:04.705872602,T,TGT,I,24,91.78
2025-10-20,9:53:04.705872602,T,TGT,I,1,91.78
2025-10-20,9:53:04.706224775,T,TGT,I,11,91.78
2025-10-20,9:53:04.706224775,T,TGT,I,35,91.78
2025-10-20,9:53:04.706224775,T,TGT,I,12,91.78
2025-10-20,9:53:04.706227514,T,TGT,I,12,91.78
2025-10-20,9:53:04.706230503,T,TGT,I,25,91.78
2025-10-20,9:53:04.710512669,T,TGT,I,21,91.8
2025-10-20,9:53:06.555693746,T,TGT,F,100,91.795
2025-10-20,9:53:16.409032209,T,TGT,F I,5,91.795
2025-10-20,9:53:16.409101393,T,TGT,F I,5,91.795
2025-10-20,9:53:16.409257782,T,TGT,F I,5,91.795
2025-10-20,9:53:16.409296893,T,TGT,I,6,91.795
2025-10-20,9:53:16.409296893,T,TGT,I,5,91.8
2025-10-20,9:53:16.644237605,T,TGT,F,110,91.82
2025-10-20,9:53:16.644241105,T,TGT,F I,10,91.82
2025-10-20,9:53:16.644241105,T,TGT,F I,1,91.82
2025-10-20,9:53:16.644243608,T,TGT,F I,10,91.82
2025-10-20,9:53:16.644276790,T,TGT,I,1,91.83
2025-10-20,9:53:17.933905249,T,TGT,F I,10,91.84
2025-10-20,9:53:17.934172917,T,TGT,F I,10,91.86
2025-10-20,9:53:17.934618675,T,TGT,F,100,91.85
2025-10-20,9:53:17.934618675,T,TGT,F I,13,91.85
2025-10-20,9:53:17.934624257,T,TGT,F I,25,91.85
2025-10-20,9:53:17.934666055,T,TGT,I,53,91.85
2025-10-20,9:53:17.934693116,T,TGT,,147,91.85
2025-10-20,9:53:19.118036445,T,TGT,,200,91.82
2025-10-20,9:53:19.118085333,T,TGT,F I,10,91.81
2025-10-20,9:53:19.118087568,T,TGT,F I,7,91.81
2025-10-20,9:53:19.118090563,T,TGT,F I,48,91.81
2025-10-20,9:53:23.067360589,T,TGT,I,12,91.82
2025-10-20,9:53:23.067363599,T,TGT,I,44,91.82
2025-10-20,9:53:23.067562044,T,TGT,I,31,91.82
2025-10-20,9:53:23.067562044,T,TGT,I,26,91.82
2025-10-20,9:53:23.067613235,T,TGT,F,100,91.81
2025-10-20,9:53:23.067616165,T,TGT,F I,10,91.81
2025-10-20,9:53:23.067616165,T,TGT,F,100,91.81
2025-10-20,9:53:23.067619257,T,TGT,F I,25,91.81
2025-10-20,9:53:23.180469039,T,TGT,I,74,91.79
2025-10-20,9:53:26.194829693,T,TGT,I,2,91.79
2025-10-20,9:53:37.261243244,T,TGT,F I,2,91.77
2025-10-20,9:53:37.261706424,T,TGT,F,100,91.77
2025-10-20,9:53:37.261709619,T,TGT,F I,13,91.76
2025-10-20,9:53:37.261737237,T,TGT,I,87,91.76
2025-10-20,9:53:37.261739411,T,TGT,I,13,91.76
2025-10-20,9:53:38.886630759,T,TGT,F I,50,91.76
2025-10-20,9:53:40.153735814,T,TGT,F I,2,91.75
2025-10-20,9:53:40.153739535,T,TGT,F I,30,91.75
2025-10-20,9:53:40.153739535,T,TGT,F I,61,91.75
2025-10-20,9:53:40.153745014,T,TGT,F,200,91.75
2025-10-20,9:53:40.153745014,T,TGT,F I,34,91.75
2025-10-20,9:53:40.153745014,T,TGT,F,109,91.75
2025-10-20,9:53:40.153759827,T,TGT,F I,57,91.75
2025-10-20,9:53:40.153762748,T,TGT,F,100,91.75
2025-10-20,9:54:05.464083025,T,TGT,F,100,91.65
2025-10-20,9:54:05.464086420,T,TGT,F I,9,91.65
2025-10-20,9:54:05.464107489,T,TGT,I,1,91.65
2025-10-20,9:54:05.464110123,T,TGT,I,90,91.65
2025-10-20,9:54:05.464564189,T,TGT,F I,8,91.64
2025-10-20,9:54:05.464582372,T,TGT,I,10,91.64
2025-10-20,9:54:05.469483959,T,TGT,I,89,91.62
2025-10-20,9:54:05.469486934,T,TGT,I,13,91.62
2025-10-20,9:54:13.511020787,T,TGT,I,79,91.65
2025-10-20,9:54:16.027999430,T,TGT,I,9,91.62
2025-10-20,9:54:50.121378278,T,TGT,F I,13,91.62
2025-10-20,9:54:56.034910153,T,TGT,I,9,91.62
2025-10-20,9:55:02.402045850,T,TGT,I,12,91.65
2025-10-20,9:55:02.402048767,T,TGT,,100,91.65
2025-10-20,9:55:02.402051828,T,TGT,,100,91.65
2025-10-20,9:55:02.402051828,T,TGT,I,5,91.65
2025-10-20,9:55:12.470874581,T,TGT,F I,88,91.63
2025-10-20,9:55:12.470895655,T,TGT,F I,1,91.63
2025-10-20,9:55:12.470898825,T,TGT,F I,11,91.63
2025-10-20,9:55:12.470901590,T,TGT,F I,39,91.62
2025-10-20,9:55:12.470922666,T,TGT,I,1,91.62
2025-10-20,9:55:12.470943769,T,TGT,I,10,91.62
2025-10-20,9:55:12.471030999,T,TGT,,100,91.62
2025-10-20,9:55:12.609062822,T,TGT,I,17,91.62
2025-10-20,9:55:16.168132301,T,TGT,F I,10,91.67
2025-10-20,9:55:19.416155637,T,TGT,F I,74,91.71
2025-10-20,9:55:20.612062899,T,TGT,I,17,91.72
2025-10-20,9:55:20.612117067,T,TGT,F I,1,91.72
2025-10-20,9:55:28.548589613,T,TGT,F I,13,91.74
2025-10-20,9:55:35.501162863,T,TGT,F I,10,91.68
2025-10-20,9:55:35.501166248,T,TGT,F I,64,91.68
2025-10-20,9:55:35.501166248,T,TGT,F I,25,91.68
2025-10-20,9:55:35.501171893,T,TGT,F,395,91.68
2025-10-20,9:55:35.501171893,T,TGT,F I,15,91.68
2025-10-20,9:55:35.501183974,T,TGT,I,1,91.68
2025-10-20,9:55:35.700586076,T,TGT,I,13,91.68
2025-10-20,9:55:43.409169634,T,TGT,F I,1,91.67
2025-10-20,9:55:43.409187721,T,TGT,I,5,91.67
2025-10-20,9:55:52.955852449,T,TGT,F I,11,91.64
2025-10-20,9:55:52.955852449,T,TGT,F I,1,91.64
2025-10-20,9:55:59.158616440,T,TGT,F,100,91.6
2025-10-20,9:55:59.159049837,T,TGT,I,3,91.59
2025-10-20,9:55:59.159052804,T,TGT,I,3,91.59
2025-10-20,9:55:59.159052804,T,TGT,I,3,91.59
2025-10-20,9:55:59.159055493,T,TGT,I,1,91.59
2025-10-20,9:55:59.925840380,T,TGT,,199,91.57
2025-10-20,9:55:59.925861403,T,TGT,F I,1,91.57
2025-10-20,9:56:01.282402299,T,TGT,F,100,91.56
2025-10-20,9:56:01.283623810,T,TGT,I,5,91.54
2025-10-20,9:56:01.283626519,T,TGT,I,5,91.54
2025-10-20,9:56:01.284278899,T,TGT,I,69,91.53
2025-10-20,9:56:01.284278899,T,TGT,I,8,91.53
2025-10-20,9:56:01.542089026,T,TGT,F I,6,91.52
2025-10-20,9:56:01.546654461,T,TGT,I,5,91.5
2025-10-20,9:56:01.546657183,T,TGT,I,50,91.5
2025-10-20,9:56:01.546660243,T,TGT,,200,91.5
2025-10-20,9:56:01.546660243,T,TGT,I,15,91.5
2025-10-20,9:56:01.574677676,T,TGT,I,10,91.51
2025-10-20,9:56:01.574951343,T,TGT,,100,91.52
2025-10-20,9:56:03.496132435,T,TGT,I,29,91.51
2025-10-20,9:56:06.898191842,T,TGT,F I,1,91.48
2025-10-20,9:56:06.899445769,T,TGT,I,5,91.48
2025-10-20,9:56:06.899445769,T,TGT,I,8,91.48
2025-10-20,9:56:06.899466901,T,TGT,I,20,91.48
2025-10-20,9:56:33.584868254,T,TGT,F,100,91.52
2025-10-20,9:56:33.584868254,T,TGT,F I,10,91.52
2025-10-20,9:56:33.584870491,T,TGT,F I,21,91.52
2025-10-20,9:56:33.584873613,T,TGT,F I,1,91.52
2025-10-20,9:56:33.584873613,T,TGT,F I,13,91.52
2025-10-20,9:56:33.584876415,T,TGT,F I,10,91.52
2025-10-20,9:56:33.584954612,T,TGT,F I,20,91.53
2025-10-20,9:56:33.584957613,T,TGT,F I,20,91.53
2025-10-20,9:56:35.924263902,T,TGT,F I,88,91.56
2025-10-20,9:56:35.924315129,T,TGT,F I,12,91.56
2025-10-20,9:56:35.924591722,T,TGT,F I,4,91.57
2025-10-20,9:56:35.974330190,T,TGT,F I,4,91.56
2025-10-20,9:56:36.004140208,T,TGT,F I,4,91.59
2025-10-20,9:56:36.088623526,T,TGT,F I,43,91.61
2025-10-20,9:56:36.088662661,T,TGT,I,57,91.61
2025-10-20,9:56:36.088665750,T,TGT,I,50,91.62
2025-10-20,9:56:36.088665750,T,TGT,I,92,91.62
2025-10-20,9:56:36.088668633,T,TGT,I,50,91.62
2025-10-20,9:56:36.088750325,T,TGT,F,100,91.62
2025-10-20,9:56:36.088753104,T,TGT,F I,27,91.62
2025-10-20,9:56:36.088882208,T,TGT,F,100,91.6
2025-10-20,9:56:36.088885199,T,TGT,F I,3,91.6
2025-10-20,9:56:36.088903168,T,TGT,I,18,91.6
2025-10-20,9:56:36.099648808,T,TGT,F,100,91.6
2025-10-20,9:56:36.099653335,T,TGT,F,100,91.6
2025-10-20,9:56:36.099653335,T,TGT,F I,5,91.6
2025-10-20,9:56:36.099657938,T,TGT,F,100,91.6
2025-10-20,9:56:36.099657938,T,TGT,F I,1,91.6
2025-10-20,9:56:36.099659837,T,TGT,F I,11,91.6
2025-10-20,9:56:36.099662800,T,TGT,F I,1,91.6
2025-10-20,9:56:36.099662800,T,TGT,F I,4,91.6
2025-10-20,9:56:37.135847555,T,TGT,I,6,91.63
2025-10-20,9:56:37.135851175,T,TGT,I,3,91.63
2025-10-20,9:56:37.135851175,T,TGT,I,10,91.63
2025-10-20,9:56:45.959620086,T,TGT,I,10,91.59
2025-10-20,9:56:46.024216875,T,TGT,I,13,91.59
2025-10-20,9:56:49.079159236,T,TGT,F I,9,91.63
2025-10-20,9:56:56.074163808,T,TGT,I,10,91.63
2025-10-20,9:57:06.857747428,T,TGT,F I,9,91.63
2025-10-20,9:57:18.452471643,T,TGT,F I,14,91.6
2025-10-20,9:57:18.452490428,T,TGT,F I,86,91.6
2025-10-20,9:57:19.013061178,T,TGT,F I,1,91.6
2025-10-20,9:57:19.013064192,T,TGT,F I,16,91.6
2025-10-20,9:57:20.802143673,T,TGT,F I,67,91.58
2025-10-20,9:57:20.802146632,T,TGT,F I,1,91.58
2025-10-20,9:57:20.803514992,T,TGT,,100,91.57
2025-10-20,9:57:20.803514992,T,TGT,I,59,91.57
2025-10-20,9:57:20.803521732,T,TGT,I,22,91.57
2025-10-20,9:57:20.803521732,T,TGT,I,35,91.57
2025-10-20,9:57:20.803596139,T,TGT,F,100,91.57
2025-10-20,9:57:20.803647255,T,TGT,F,100,91.59
2025-10-20,9:57:20.803666299,T,TGT,I,1,91.59
2025-10-20,9:57:20.803668976,T,TGT,I,24,91.59
2025-10-20,9:57:20.804937408,T,TGT,F I,25,91.58
2025-10-20,9:57:20.821497807,T,TGT,F I,10,91.59
2025-10-20,9:57:20.904964634,T,TGT,F,100,91.6
2025-10-20,9:57:20.904967685,T,TGT,F,100,91.6
2025-10-20,9:57:35.788023531,T,TGT,F I,14,91.63
2025-10-20,9:57:37.924010031,T,TGT,F I,1,91.67
2025-10-20,9:57:37.924010031,T,TGT,F I,11,91.67
2025-10-20,9:57:37.924015453,T,TGT,F I,10,91.67
2025-10-20,9:58:10.625068035,T,TGT,I,83,91.59
2025-10-20,9:58:10.625338642,T,TGT,I,26,91.59
2025-10-20,9:58:10.628839040,T,TGT,I,19,91.57
2025-10-20,9:58:10.628860081,T,TGT,I,1,91.57
2025-10-20,9:58:10.628869146,T,TGT,I,18,91.57
2025-10-20,9:58:10.651699500,T,TGT,I,1,91.56
2025-10-20,9:58:10.652271004,T,TGT,F,100,91.56
2025-10-20,9:58:10.652271004,T,TGT,F I,2,91.56
2025-10-20,9:58:10.652271004,T,TGT,F,100,91.56
2025-10-20,9:58:18.466351687,T,TGT,F I,2,91.58
2025-10-20,9:58:18.466381894,T,TGT,F I,18,91.59
2025-10-20,9:58:24.050770548,T,TGT,F I,60,91.56
2025-10-20,9:58:35.742836788,T,TGT,F I,1,91.55
2025-10-20,9:58:35.742836788,T,TGT,F I,17,91.55
2025-10-20,9:58:35.742858513,T,TGT,I,1,91.55
2025-10-20,9:58:35.742870600,T,TGT,I,5,91.55
2025-10-20,9:58:35.742872797,T,TGT,I,1,91.55
2025-10-20,9:58:36.003723333,T,TGT,I,7,91.53
2025-10-20,9:58:42.830753572,T,TGT,I,6,91.51
2025-10-20,9:59:00.664977195,T,TGT,I,1,91.5
2025-10-20,9:59:00.770664016,T,TGT,F I,88,91.53
2025-10-20,9:59:06.361512155,T,TGT,I,13,91.5
2025-10-20,9:59:21.858113833,T,TGT,F I,19,91.49
2025-10-20,9:59:21.858113833,T,TGT,F I,17,91.49
2025-10-20,9:59:21.858119550,T,TGT,F,138,91.49
2025-10-20,9:59:21.858132263,T,TGT,I,1,91.49
2025-10-20,9:59:21.858170587,T,TGT,F I,61,91.49
2025-10-20,9:59:21.858174484,T,TGT,F I,26,91.49
2025-10-20,9:59:21.858182631,T,TGT,I,58,91.49
2025-10-20,9:59:21.859165987,T,TGT,I,26,91.485
2025-10-20,9:59:21.876700790,T,TGT,I,56,91.48
2025-10-20,9:59:21.900962629,T,TGT,F I,5,91.47
2025-10-20,9:59:21.900962629,T,TGT,F,200,91.47
2025-10-20,9:59:21.904799766,T,TGT,F I,14,91.46
2025-10-20,9:59:21.904805976,T,TGT,F I,86,91.46
2025-10-20,9:59:21.904805976,T,TGT,F I,14,91.47
2025-10-20,9:59:21.904808723,T,TGT,F I,74,91.47
2025-10-20,9:59:46.177311524,T,TGT,I,20,91.495
2025-10-20,9:59:46.177594276,T,TGT,I,20,91.495
2025-10-20,9:59:46.177955133,T,TGT,I,20,91.495
2025-10-20,9:59:46.178168602,T,TGT,I,20,91.495
2025-10-20,9:59:50.119953830,T,TGT,I,20,91.495
2025-10-20,9:59:52.752933938,T,TGT,I,23,91.495
2025-10-20,9:59:55.774629083,T,TGT,I,20,91.5
2025-10-20,9:59:56.105095355,T,TGT,F,100,91.53
2025-10-20,9:59:56.105098981,T,TGT,F I,1,91.53
2025-10-20,9:59:56.105101801,T,TGT,F I,10,91.53
2025-10-20,9:59:56.105101801,T,TGT,F I,12,91.53
2025-10-20,9:59:56.105104416,T,TGT,F,191,91.53
2025-10-20,10:00:00.982980862,T,TGT,F I,14,91.55
2025-10-20,10:00:00.983269612,T,TGT,F I,6,91.56
2025-10-20,10:00:00.983606424,T,TGT,F I,5,91.58
2025-10-20,10:00:07.060899496,T,TGT,I,10,91.59
2025-10-20,10:00:08.092044169,T,TGT,F,100,91.59
2025-10-20,10:00:08.092047215,T,TGT,F,100,91.59
2025-10-20,10:00:08.092047215,T,TGT,F I,10,91.6
2025-10-20,10:00:08.092050327,T,TGT,F I,41,91.6
2025-10-20,10:00:08.092053141,T,TGT,F,187,91.6
2025-10-20,10:00:08.092053141,T,TGT,F I,13,91.6
2025-10-20,10:00:29.936420982,T,TGT,F I,1,91.6
2025-10-20,10:00:30.160524040,T,TGT,F I,50,91.57
2025-10-20,10:00:30.160526970,T,TGT,F I,50,91.56
2025-10-20,10:00:30.160551023,T,TGT,F I,50,91.56
2025-10-20,10:00:30.642016456,T,TGT,I,9,91.54
2025-10-20,10:00:30.648422148,T,TGT,I,11,91.54
2025-10-20,10:00:30.648422148,T,TGT,I,32,91.54
2025-10-20,10:00:30.648424318,T,TGT,I,8,91.55
2025-10-20,10:00:37.382860962,T,TGT,I,55,91.56
2025-10-20,10:00:40.470292740,T,TGT,I,11,91.59
2025-10-20,10:00:54.448059483,T,TGT,I,25,91.615
2025-10-20,10:00:54.465480015,T,TGT,F I,4,91.64
2025-10-20,10:00:54.540015590,T,TGT,F I,27,91.66
2025-10-20,10:00:54.544499259,T,TGT,F I,2,91.67
2025-10-20,10:00:55.892166018,T,TGT,I,1,91.68
2025-10-20,10:00:55.899274922,T,TGT,F I,10,91.69
2025-10-20,10:00:59.188608307,T,TGT,F I,10,91.74
2025-10-20,10:00:59.188610764,T,TGT,F I,20,91.74
2025-10-20,10:00:59.188701001,T,TGT,F I,3,91.74
2025-10-20,10:00:59.188764320,T,TGT,I,13,91.73
2025-10-20,10:00:59.188818990,T,TGT,I,35,91.72
2025-10-20,10:00:59.188818990,T,TGT,I,10,91.72
2025-10-20,10:00:59.188821339,T,TGT,I,10,91.72
2025-10-20,10:00:59.188842353,T,TGT,I,25,91.72
2025-10-20,10:00:59.188842353,T,TGT,I,54,91.72
2025-10-20,10:00:59.188845529,T,TGT,I,79,91.72
2025-10-20,10:00:59.188845529,T,TGT,I,1,91.72
2025-10-20,10:00:59.188866377,T,TGT,F I,3,91.73
2025-10-20,10:00:59.188938463,T,TGT,F I,87,91.73
2025-10-20,10:00:59.188953739,T,TGT,F I,10,91.73
2025-10-20,10:00:59.188956670,T,TGT,F I,13,91.73
2025-10-20,10:00:59.188962769,T,TGT,F I,2,91.73
2025-10-20,10:00:59.188962769,T,TGT,F I,26,91.73
2025-10-20,10:00:59.188962769,T,TGT,F I,25,91.73
2025-10-20,10:00:59.189058851,T,TGT,I,13,91.73
2025-10-20,10:00:59.189070815,T,TGT,I,13,91.73
2025-10-20,10:00:59.189080725,T,TGT,I,74,91.73
2025-10-20,10:00:59.189103868,T,TGT,I,1,91.73
2025-10-20,10:00:59.189122326,T,TGT,F I,1,91.73
2025-10-20,10:00:59.189122326,T,TGT,F I,1,91.73
2025-10-20,10:00:59.189124944,T,TGT,I,13,91.73
2025-10-20,10:00:59.189278273,T,TGT,F I,37,91.73
2025-10-20,10:00:59.189290393,T,TGT,F I,49,91.73
2025-10-20,10:00:59.189314460,T,TGT,I,13,91.72
2025-10-20,10:00:59.190005998,T,TGT,,100,91.72
2025-10-20,10:00:59.200149175,T,TGT,F I,13,91.72
2025-10-20,10:00:59.200195130,T,TGT,,100,91.72
2025-10-20,10:00:59.200197457,T,TGT,,100,91.72
2025-10-20,10:00:59.200200543,T,TGT,,100,91.73
2025-10-20,10:00:59.200215387,T,TGT,,100,91.72
2025-10-20,10:00:59.200410889,T,TGT,F I,3,91.73
2025-10-20,10:00:59.200449916,T,TGT,I,14,91.72
2025-10-20,10:01:07.566387613,T,TGT,F I,4,91.76
2025-10-20,10:01:09.347507105,T,TGT,F I,10,91.79
2025-10-20,10:01:09.347507105,T,TGT,F I,31,91.79
2025-10-20,10:01:11.199685914,T,TGT,I,13,91.79
2025-10-20,10:01:14.771587222,T,TGT,F I,13,91.78
2025-10-20,10:01:18.841487342,T,TGT,,100,91.73
2025-10-20,10:01:18.841489465,T,TGT,I,90,91.73
2025-10-20,10:01:18.841498645,T,TGT,I,10,91.73
2025-10-20,10:01:18.841501500,T,TGT,I,1,91.73
2025-10-20,10:01:18.846439821,T,TGT,I,12,91.73
2025-10-20,10:01:18.869245632,T,TGT,I,10,91.75
2025-10-20,10:01:18.901656841,T,TGT,I,10,91.76
2025-10-20,10:01:23.900842204,T,TGT,F I,50,91.74
2025-10-20,10:01:23.900887383,T,TGT,F I,24,91.74
2025-10-20,10:01:38.983744999,T,TGT,F I,2,91.75
2025-10-20,10:01:38.989500693,T,TGT,I,38,91.77
2025-10-20,10:01:38.989500693,T,TGT,I,25,91.77
2025-10-20,10:01:38.989903704,T,TGT,F I,17,91.78
2025-10-20,10:01:38.989906874,T,TGT,F,100,91.78
2025-10-20,10:01:38.990420912,T,TGT,F I,15,91.79
2025-10-20,10:01:38.990420912,T,TGT,F,100,91.79
2025-10-20,10:01:38.990875032,T,TGT,I,15,91.79
2025-10-20,10:01:38.990884834,T,TGT,I,38,91.79
2025-10-20,10:01:38.990884834,T,TGT,I,25,91.78
2025-10-20,10:01:38.990887048,T,TGT,I,14,91.78
2025-10-20,10:01:38.991690036,T,TGT,I,15,91.76
2025-10-20,10:01:38.991690036,T,TGT,I,25,91.76
2025-10-20,10:01:38.991711059,T,TGT,I,1,91.76
2025-10-20,10:01:38.991735054,T,TGT,I,10,91.77
2025-10-20,10:01:38.991747070,T,TGT,F I,10,91.77
2025-10-20,10:01:38.995463989,T,TGT,F I,15,91.78
2025-10-20,10:01:38.995466904,T,TGT,F I,25,91.78
2025-10-20,10:01:38.995782662,T,TGT,I,1,91.78
2025-10-20,10:01:38.995786900,T,TGT,I,10,91.77
2025-10-20,10:01:38.995788704,T,TGT,I,8,91.77
2025-10-20,10:01:45.618692631,T,TGT,I,8,91.775
2025-10-20,10:01:50.376784825,T,TGT,F I,10,91.775
2025-10-20,10:01:55.066100097,T,TGT,F I,87,91.75
2025-10-20,10:01:55.066118130,T,TGT,F I,13,91.75
2025-10-20,10:01:55.066118130,T,TGT,F I,9,91.75
2025-10-20,10:01:55.066121242,T,TGT,F I,65,91.75
2025-10-20,10:01:55.066127066,T,TGT,I,1,91.75
2025-10-20,10:01:55.066136101,T,TGT,F I,34,91.75
2025-10-20,10:01:55.066142217,T,TGT,F,100,91.75
2025-10-20,10:01:55.067408222,T,TGT,F,100,91.74
2025-10-20,10:01:55.067411362,T,TGT,F I,25,91.75
2025-10-20,10:01:55.067414766,T,TGT,F I,7,91.75
2025-10-20,10:01:55.067423576,T,TGT,F I,93,91.75
2025-10-20,10:01:55.067426161,T,TGT,F I,7,91.75
2025-10-20,10:01:55.067429738,T,TGT,F I,32,91.75
2025-10-20,10:01:55.067432212,T,TGT,F I,68,91.75
2025-10-20,10:01:55.069333187,T,TGT,F,100,91.75
2025-10-20,10:01:55.069335795,T,TGT,F,100,91.75
2025-10-20,10:01:55.069338732,T,TGT,F,119,91.75
2025-10-20,10:01:55.069727933,T,TGT,F,681,91.75
2025-10-20,10:01:55.069727933,T,TGT,F,100,91.75
2025-10-20,10:01:55.069732663,T,TGT,F I,72,91.75
2025-10-20,10:01:55.072394072,T,TGT,I,6,91.74
2025-10-20,10:01:55.072394072,T,TGT,I,6,91.74
2025-10-20,10:01:56.284386636,T,TGT,I,22,91.76
2025-10-20,10:01:56.284396004,T,TGT,F I,22,91.76
2025-10-20,10:01:56.284396004,T,TGT,F I,22,91.76
2025-10-20,10:01:56.284402094,T,TGT,I,22,91.76
2025-10-20,10:02:12.655844392,T,TGT,F I,28,91.775
2025-10-20,10:02:12.659383934,T,TGT,F,100,91.77
2025-10-20,10:02:12.659383934,T,TGT,F I,10,91.77
2025-10-20,10:02:12.659404872,T,TGT,I,1,91.77
2025-10-20,10:02:12.659407863,T,TGT,I,79,91.77
2025-10-20,10:02:12.659449974,T,TGT,,100,91.76
2025-10-20,10:02:12.659452980,T,TGT,I,20,91.76
2025-10-20,10:02:12.659455949,T,TGT,,131,91.76
2025-10-20,10:02:12.660403277,T,TGT,F I,21,91.76
2025-10-20,10:02:12.660409492,T,TGT,F,100,91.76
2025-10-20,10:02:12.660409492,T,TGT,F,100,91.76
2025-10-20,10:02:12.660430322,T,TGT,I,1,91.76
2025-10-20,10:02:12.661254226,T,TGT,F I,22,91.76
2025-10-20,10:02:12.721992936,T,TGT,I,26,91.75
2025-10-20,10:02:12.721995939,T,TGT,,101,91.75
2025-10-20,10:02:14.353791650,T,TGT,F I,4,91.75
2025-10-20,10:02:15.789670563,T,TGT,F I,1,91.73
2025-10-20,10:02:15.789673586,T,TGT,F I,59,91.73
2025-10-20,10:02:15.789881154,T,TGT,F I,41,91.73
2025-10-20,10:02:15.790419376,T,TGT,F I,1,91.72
2025-10-20,10:02:15.790422411,T,TGT,F,122,91.72
2025-10-20,10:02:25.862977429,T,TGT,F I,6,91.7
2025-10-20,10:02:25.863008100,T,TGT,F I,4,91.7
2025-10-20,10:02:25.863008100,T,TGT,F I,9,91.7
2025-10-20,10:02:25.863010660,T,TGT,F I,1,91.7
2025-10-20,10:02:25.863013156,T,TGT,F I,10,91.7
2025-10-20,10:02:25.863124465,T,TGT,F I,1,91.69
2025-10-20,10:02:25.863127746,T,TGT,F I,5,91.69
2025-10-20,10:02:25.863130439,T,TGT,F I,58,91.69
2025-10-20,10:02:25.863130439,T,TGT,F I,38,91.69
2025-10-20,10:02:25.863921387,T,TGT,I,6,91.68
2025-10-20,10:02:25.863924639,T,TGT,I,6,91.68
2025-10-20,10:02:25.863924639,T,TGT,I,7,91.68
2025-10-20,10:02:25.863927306,T,TGT,I,4,91.68
2025-10-20,10:02:25.915894133,T,TGT,I,20,91.68
2025-10-20,10:02:25.915924199,T,TGT,,150,91.69
2025-10-20,10:02:26.522171636,T,TGT,I,80,91.69
2025-10-20,10:02:39.078818741,T,TGT,I,19,91.68
2025-10-20,10:02:39.078822056,T,TGT,I,21,91.68
2025-10-20,10:02:39.078824625,T,TGT,I,29,91.68
2025-10-20,10:02:48.354011563,T,TGT,F I,12,91.67
2025-10-20,10:02:53.738399778,T,TGT,I,9,91.675
2025-10-20,10:03:04.493857475,T,TGT,F I,1,91.65
2025-10-20,10:03:04.493881629,T,TGT,F I,99,91.65
2025-10-20,10:03:04.493881629,T,TGT,F I,27,91.65
2025-10-20,10:03:04.493884991,T,TGT,F I,1,91.65
2025-10-20,10:03:04.493884991,T,TGT,F I,1,91.65
2025-10-20,10:03:04.493887841,T,TGT,F I,10,91.65
2025-10-20,10:03:04.493887841,T,TGT,F I,1,91.65
2025-10-20,10:03:04.531693593,T,TGT,I,35,91.63
2025-10-20,10:03:04.531696798,T,TGT,I,2,91.63
2025-10-20,10:03:04.686087655,T,TGT,F I,6,91.61
2025-10-20,10:03:04.686090446,T,TGT,F I,77,91.61
2025-10-20,10:03:04.686093620,T,TGT,F I,23,91.61
2025-10-20,10:03:04.686322010,T,TGT,F I,39,91.6
2025-10-20,10:03:04.686322010,T,TGT,F I,5,91.6
2025-10-20,10:03:04.687368484,T,TGT,F I,12,91.6
2025-10-20,10:03:04.687377519,T,TGT,F I,88,91.6
2025-10-20,10:03:04.687834652,T,TGT,F,100,91.6
2025-10-20,10:03:04.688207486,T,TGT,I,11,91.61
2025-10-20,10:03:07.648430311,T,TGT,F I,16,91.63
2025-10-20,10:03:09.368762888,T,TGT,I,10,91.65
2025-10-20,10:03:12.427572483,T,TGT,F I,60,91.66
2025-10-20,10:03:13.930592298,T,TGT,F I,30,91.67
2025-10-20,10:03:13.930679668,T,TGT,F I,88,91.675
2025-10-20,10:03:16.639437046,T,TGT,I,9,91.685
2025-10-20,10:03:16.775803030,T,TGT,F I,10,91.69
2025-10-20,10:03:16.775881607,T,TGT,F I,4,91.7
2025-10-20,10:03:16.775884201,T,TGT,F I,2,91.7
2025-10-20,10:03:16.775887157,T,TGT,F I,1,91.7
2025-10-20,10:03:18.302077404,T,TGT,F I,88,91.73
2025-10-20,10:03:18.302137483,T,TGT,F I,12,91.73
2025-10-20,10:03:18.302579575,T,TGT,I,80,91.72
2025-10-20,10:03:18.302582992,T,TGT,I,20,91.72
2025-10-20,10:03:18.353975168,T,TGT,I,11,91.71
2025-10-20,10:03:18.353981012,T,TGT,,100,91.71
2025-10-20,10:03:18.353984046,T,TGT,,400,91.71
2025-10-20,10:03:18.354248702,T,TGT,,100,91.7
2025-10-20,10:03:26.137731656,T,TGT,I,10,91.695
2025-10-20,10:03:31.125306419,T,TGT,F I,1,91.7
2025-10-20,10:03:31.125309562,T,TGT,F I,10,91.7
2025-10-20,10:03:31.125312445,T,TGT,F,139,91.7
2025-10-20,10:03:43.869714747,T,TGT,F I,15,91.72
2025-10-20,10:03:43.869718188,T,TGT,F I,14,91.72
2025-10-20,10:03:43.869718188,T,TGT,F I,10,91.72
2025-10-20,10:03:47.208022280,T,TGT,F I,44,91.73
2025-10-20,10:03:47.208025281,T,TGT,F I,10,91.73
2025-10-20,10:03:47.208025281,T,TGT,F I,54,91.73
2025-10-20,10:03:47.208052923,T,TGT,F I,46,91.73
2025-10-20,10:03:47.765246789,T,TGT,F I,13,91.74
2025-10-20,10:03:47.765246789,T,TGT,F I,43,91.74
2025-10-20,10:03:47.799675824,T,TGT,I,1,91.74
2025-10-20,10:03:56.294506590,T,TGT,F I,8,91.75
2025-10-20,10:04:00.066477238,T,TGT,F I,10,91.79
2025-10-20,10:04:00.066480355,T,TGT,F I,10,91.79
2025-10-20,10:04:00.066480355,T,TGT,F I,10,91.79
2025-10-20,10:04:00.066483248,T,TGT,F I,10,91.79
2025-10-20,10:04:00.333167660,T,TGT,F I,10,91.8
2025-10-20,10:04:00.343391961,T,TGT,F I,8,91.8
2025-10-20,10:04:00.344712215,T,TGT,,100,91.8
2025-10-20,10:04:02.718236995,T,TGT,F I,55,91.82
2025-10-20,10:04:02.797620122,T,TGT,I,15,91.81
2025-10-20,10:04:02.940947573,T,TGT,F I,13,91.79
2025-10-20,10:04:02.940995702,T,TGT,F,339,91.79
2025-10-20,10:04:02.941013695,T,TGT,I,1,91.79
2025-10-20,10:04:02.941017411,T,TGT,F,147,91.79
2025-10-20,10:04:02.941020108,T,TGT,F,100,91.79
2025-10-20,10:04:05.715736529,T,TGT,F I,20,91.8
2025-10-20,10:04:05.721092331,T,TGT,I,20,91.8
2025-10-20,10:04:09.303142418,T,TGT,F I,7,91.81
2025-10-20,10:04:09.370000869,T,TGT,I,18,91.8
2025-10-20,10:04:39.559704071,T,TGT,F I,40,91.77
2025-10-20,10:04:39.559704071,T,TGT,F I,48,91.77
2025-10-20,10:04:42.257247991,T,TGT,,232,91.75
2025-10-20,10:04:42.257281195,T,TGT,,100,91.75
2025-10-20,10:04:42.257281195,T,TGT,I,10,91.74
2025-10-20,10:04:42.257284112,T,TGT,I,97,91.74
2025-10-20,10:04:42.257305520,T,TGT,,103,91.74
2025-10-20,10:04:42.257308531,T,TGT,I,20,91.74
2025-10-20,10:04:42.257308531,T,TGT,I,2,91.74
2025-10-20,10:04:42.257813306,T,TGT,F,136,91.74
2025-10-20,10:04:42.276923971,T,TGT,I,13,91.75
2025-10-20,10:04:42.279269433,T,TGT,I,2,91.74
2025-10-20,10:04:42.280460291,T,TGT,I,10,91.74
2025-10-20,10:04:45.345122094,T,TGT,I,50,91.74
2025-10-20,10:04:45.345122094,T,TGT,I,50,91.74
2025-10-20,10:04:49.507386497,T,TGT,I,10,91.75
2025-10-20,10:04:49.507642110,T,TGT,F,100,91.76
2025-10-20,10:04:49.507645389,T,TGT,F I,14,91.76
2025-10-20,10:04:49.507648326,T,TGT,F I,6,91.76
2025-10-20,10:04:49.507648326,T,TGT,F,100,91.76
2025-10-20,10:04:49.507652057,T,TGT,F,150,91.76
2025-10-20,10:04:49.507873776,T,TGT,I,25,91.755
2025-10-20,10:04:49.523577347,T,TGT,I,27,91.77
2025-10-20,10:04:49.523598353,T,TGT,F I,23,91.77
2025-10-20,10:04:49.523601123,T,TGT,F I,10,91.77
2025-10-20,10:04:49.523604224,T,TGT,F I,12,91.77
2025-10-20,10:04:54.350479044,T,TGT,I,11,91.78
2025-10-20,10:04:54.516877500,T,TGT,F I,10,91.78
2025-10-20,10:04:55.490185799,T,TGT,F I,1,91.79
2025-10-20,10:04:55.490188421,T,TGT,F I,25,91.81
2025-10-20,10:04:55.490191717,T,TGT,F I,46,91.81
2025-10-20,10:04:55.490191717,T,TGT,F I,10,91.81
2025-10-20,10:04:55.490194989,T,TGT,F I,25,91.82
2025-10-20,10:04:55.490194989,T,TGT,F I,20,91.82
2025-10-20,10:04:55.490197326,T,TGT,F,100,91.82
2025-10-20,10:04:55.490200390,T,TGT,F,100,91.82
2025-10-20,10:04:55.490777741,T,TGT,F I,13,91.82
2025-10-20,10:04:56.226916681,T,TGT,F I,1,91.83
2025-10-20,10:04:56.499405237,T,TGT,F I,69,91.84
2025-10-20,10:04:56.560582588,T,TGT,F I,2,91.86
2025-10-20,10:04:56.560769415,T,TGT,F I,2,91.87
2025-10-20,10:04:56.560772018,T,TGT,F I,58,91.87
2025-10-20,10:04:56.853669857,T,TGT,F I,10,91.88
2025-10-20,10:04:56.853673570,T,TGT,F I,10,91.88
2025-10-20,10:04:56.853673570,T,TGT,F,100,91.88
2025-10-20,10:04:56.853675953,T,TGT,F I,5,91.88
2025-10-20,10:04:56.853796211,T,TGT,F I,35,91.89
2025-10-20,10:04:56.853799194,T,TGT,F,100,91.89
2025-10-20,10:04:56.853799194,T,TGT,F I,2,91.89
2025-10-20,10:04:56.854181096,T,TGT,I,16,91.88
2025-10-20,10:04:56.854193077,T,TGT,I,16,91.88
2025-10-20,10:04:56.854512217,T,TGT,F,100,91.89
2025-10-20,10:04:56.854512217,T,TGT,F I,30,91.89
2025-10-20,10:04:56.854514903,T,TGT,F I,7,91.89
2025-10-20,10:04:56.854532982,T,TGT,F I,18,91.89
2025-10-20,10:04:56.854572075,T,TGT,I,11,91.88
2025-10-20,10:04:56.854584041,T,TGT,I,11,91.88
2025-10-20,10:04:56.854593024,T,TGT,I,1,91.88
2025-10-20,10:04:56.854605290,T,TGT,I,13,91.88
2025-10-20,10:04:56.854605290,T,TGT,I,30,91.88
2025-10-20,10:04:56.854608067,T,TGT,I,12,91.88
2025-10-20,10:04:56.854653632,T,TGT,I,54,91.88
2025-10-20,10:04:56.854668267,T,TGT,F I,11,91.88
2025-10-20,10:04:56.854671297,T,TGT,F,100,91.88
2025-10-20,10:04:56.854740364,T,TGT,I,12,91.88
2025-10-20,10:04:56.855128951,T,TGT,I,29,91.87
2025-10-20,10:04:56.855132313,T,TGT,I,25,91.87
2025-10-20,10:04:56.855132313,T,TGT,I,11,91.87
2025-10-20,10:04:56.855137381,T,TGT,I,6,91.87
2025-10-20,10:04:56.855203527,T,TGT,I,30,91.87
2025-10-20,10:04:56.855227588,T,TGT,I,1,91.87
2025-10-20,10:04:56.855444131,T,TGT,,100,91.875
2025-10-20,10:04:56.855444131,T,TGT,I,39,91.87
2025-10-20,10:04:56.855922286,T,TGT,,100,91.87
2025-10-20,10:04:56.855925194,T,TGT,I,30,91.87
2025-10-20,10:04:56.855925194,T,TGT,I,33,91.87
2025-10-20,10:04:56.855928298,T,TGT,I,25,91.87
2025-10-20,10:04:57.506949216,T,TGT,I,1,91.87
2025-10-20,10:04:57.516358654,T,TGT,F I,99,91.87
2025-10-20,10:04:57.516361831,T,TGT,F I,29,91.88
2025-10-20,10:04:57.516361831,T,TGT,F I,26,91.89
2025-10-20,10:05:10.084574417,T,TGT,F,100,91.82
2025-10-20,10:05:10.084595363,T,TGT,I,1,91.82
2025-10-20,10:05:10.097691616,T,TGT,I,94,91.84
2025-10-20,10:05:10.097712804,T,TGT,I,1,91.84
2025-10-20,10:05:10.097718722,T,TGT,F I,5,91.84
2025-10-20,10:05:10.097718722,T,TGT,F I,25,91.84
2025-10-20,10:05:10.097721699,T,TGT,F,100,91.84
2025-10-20,10:05:10.098160756,T,TGT,F I,93,91.85
2025-10-20,10:05:10.098181724,T,TGT,F I,7,91.85
2025-10-20,10:05:10.098184792,T,TGT,F I,25,91.85
2025-10-20,10:05:10.098184792,T,TGT,F I,30,91.85
2025-10-20,10:05:10.105122290,T,TGT,F I,13,91.86
2025-10-20,10:05:16.152966084,T,TGT,I,10,91.85
2025-10-20,10:05:18.817969355,T,TGT,I,38,91.84
2025-10-20,10:05:18.817996465,T,TGT,I,50,91.84
2025-10-20,10:05:18.818219006,T,TGT,F I,50,91.84
2025-10-20,10:05:20.595384578,T,TGT,F I,15,91.88
2025-10-20,10:05:26.961584405,T,TGT,F I,28,91.88
2025-10-20,10:05:32.241046637,T,TGT,I,8,91.88
2025-10-20,10:05:32.352495152,T,TGT,I,8,91.89
2025-10-20,10:05:32.620938676,T,TGT,F,100,91.875
2025-10-20,10:05:34.548865367,T,TGT,F I,4,91.86
2025-10-20,10:05:34.548894989,T,TGT,F I,31,91.86
2025-10-20,10:05:34.548897941,T,TGT,F I,1,91.86
2025-10-20,10:05:34.548937141,T,TGT,I,3,91.85
2025-10-20,10:05:34.551210506,T,TGT,F I,10,91.82
2025-10-20,10:05:36.264894269,T,TGT,I,10,91.86
2025-10-20,10:05:36.264897349,T,TGT,I,5,91.86
2025-10-20,10:05:39.397764362,T,TGT,F I,10,91.86
2025-10-20,10:05:39.397767359,T,TGT,F I,44,91.86
2025-10-20,10:05:40.249706093,T,TGT,I,37,91.86
2025-10-20,10:05:41.626169443,T,TGT,I,27,91.89
2025-10-20,10:05:46.973687177,T,TGT,I,27,91.84
2025-10-20,10:05:46.973687177,T,TGT,I,10,91.84
2025-10-20,10:05:46.973689783,T,TGT,I,17,91.84
2025-10-20,10:05:46.973755936,T,TGT,I,22,91.84
2025-10-20,10:05:46.973759997,T,TGT,I,22,91.84
2025-10-20,10:05:46.973762201,T,TGT,I,24,91.84
2025-10-20,10:05:46.973764969,T,TGT,I,15,91.84
2025-10-20,10:05:49.379580913,T,TGT,I,10,91.87
2025-10-20,10:05:56.160186614,T,TGT,I,17,91.865
2025-10-20,10:05:56.698441886,T,TGT,F I,6,91.85
2025-10-20,10:05:57.555766469,T,TGT,F,100,91.84
2025-10-20,10:05:57.858979169,T,TGT,F,110,91.83
2025-10-20,10:05:57.866644101,T,TGT,I,88,91.82
2025-10-20,10:05:57.866680841,T,TGT,F I,11,91.82
2025-10-20,10:05:57.873695926,T,TGT,I,40,91.83
2025-10-20,10:05:58.068488436,T,TGT,F I,45,91.8
2025-10-20,10:05:58.068488436,T,TGT,F,100,91.8
2025-10-20,10:05:58.068492663,T,TGT,F I,25,91.8
2025-10-20,10:05:58.068497297,T,TGT,F,100,91.8
2025-10-20,10:05:58.068497297,T,TGT,F,100,91.8
2025-10-20,10:05:58.068497297,T,TGT,F I,92,91.8
2025-10-20,10:05:58.068647349,T,TGT,,100,91.81
2025-10-20,10:05:58.068894836,T,TGT,I,8,91.8
2025-10-20,10:05:58.068894836,T,TGT,I,8,91.8
2025-10-20,10:05:58.068897109,T,TGT,I,8,91.8
2025-10-20,10:05:58.068897109,T,TGT,I,5,91.8
2025-10-20,10:05:58.068957058,T,TGT,I,12,91.81
2025-10-20,10:05:58.069080325,T,TGT,I,71,91.8
2025-10-20,10:05:58.069131525,T,TGT,,100,91.81
2025-10-20,10:05:58.069219145,T,TGT,,100,91.82
2025-10-20,10:05:58.069219145,T,TGT,I,25,91.82
2025-10-20,10:05:58.069221724,T,TGT,,100,91.82
2025-10-20,10:05:58.069242703,T,TGT,F I,50,91.8
2025-10-20,10:05:58.069245804,T,TGT,F I,50,91.8
2025-10-20,10:05:58.069324034,T,TGT,F I,3,91.81
2025-10-20,10:05:58.069678843,T,TGT,F I,50,91.81
2025-10-20,10:05:58.069877220,T,TGT,F I,16,91.81
2025-10-20,10:05:58.073561057,T,TGT,I,93,91.815
2025-10-20,10:05:58.079271642,T,TGT,F,100,91.82
2025-10-20,10:05:58.817771110,T,TGT,F I,9,91.8
2025-10-20,10:06:00.555346825,T,TGT,I,53,91.8
2025-10-20,10:06:00.965475979,T,TGT,I,14,91.81
2025-10-20,10:06:01.203493085,T,TGT,I,20,91.84
2025-10-20,10:06:10.209538851,T,TGT,F I,50,91.815
2025-10-20,10:06:10.209595998,T,TGT,I,50,91.815
2025-10-20,10:06:10.224694964,T,TGT,I,50,91.82
2025-10-20,10:06:11.780144848,T,TGT,F I,1,91.82
2025-10-20,10:06:12.967517672,T,TGT,I,23,91.815
2025-10-20,10:06:12.967544741,T,TGT,I,88,91.815
2025-10-20,10:06:12.968377919,T,TGT,,255,91.8
2025-10-20,10:06:12.968377919,T,TGT,I,80,91.8
2025-10-20,10:06:12.972167077,T,TGT,I,41,91.79
2025-10-20,10:06:12.972170587,T,TGT,I,87,91.79
2025-10-20,10:06:12.972173342,T,TGT,,100,91.79
2025-10-20,10:06:12.972173342,T,TGT,,100,91.79
2025-10-20,10:06:12.972175784,T,TGT,I,31,91.79
2025-10-20,10:06:12.982761082,T,TGT,I,4,91.78
2025-10-20,10:06:12.982761082,T,TGT,I,31,91.78
2025-10-20,10:06:13.075818703,T,TGT,,123,91.77
2025-10-20,10:06:13.075820816,T,TGT,I,4,91.77
2025-10-20,10:06:13.075823775,T,TGT,,100,91.77
2025-10-20,10:06:13.075826964,T,TGT,I,22,91.77
2025-10-20,10:06:13.075826964,T,TGT,,100,91.77
2025-10-20,10:06:13.091196342,T,TGT,I,4,91.76
2025-10-20,10:06:13.151829827,T,TGT,I,4,91.75
2025-10-20,10:06:13.151832861,T,TGT,I,47,91.75
2025-10-20,10:06:13.157537445,T,TGT,I,25,91.76
2025-10-20,10:06:13.157540402,T,TGT,I,12,91.76
2025-10-20,10:06:13.157543524,T,TGT,I,9,91.76
2025-10-20,10:06:13.241777228,T,TGT,I,12,91.75
2025-10-20,10:06:13.241777228,T,TGT,I,9,91.75
2025-10-20,10:06:13.241780117,T,TGT,I,25,91.75
2025-10-20,10:06:34.924532031,T,TGT,F,100,91.75
2025-10-20,10:06:34.924532031,T,TGT,F I,9,91.76
2025-10-20,10:06:34.924534052,T,TGT,F I,26,91.76
2025-10-20,10:06:34.924588651,T,TGT,I,1,91.77
2025-10-20,10:06:34.924588651,T,TGT,I,10,91.77
2025-10-20,10:06:34.924591176,T,TGT,I,56,91.77
2025-10-20,10:06:34.924609209,T,TGT,I,1,91.77
2025-10-20,10:06:42.507658591,T,TGT,I,1,91.72
2025-10-20,10:06:48.862161137,T,TGT,F,100,91.74
2025-10-20,10:06:48.863545113,T,TGT,F I,3,91.75
2025-10-20,10:06:48.863545113,T,TGT,F,120,91.75
2025-10-20,10:06:48.863547975,T,TGT,F,100,91.75
2025-10-20,10:06:48.865553547,T,TGT,I,10,91.76
2025-10-20,10:06:48.865553547,T,TGT,I,90,91.76
2025-10-20,10:06:48.865574346,T,TGT,I,1,91.76
2025-10-20,10:06:48.865586410,T,TGT,I,9,91.76
2025-10-20,10:06:48.919041598,T,TGT,F I,34,91.775
2025-10-20,10:06:48.919177380,T,TGT,,166,91.775
2025-10-20,10:06:48.919180068,T,TGT,I,6,91.78
2025-10-20,10:06:48.919182971,T,TGT,I,28,91.78
2025-10-20,10:07:07.950664410,T,TGT,F I,31,91.8
2025-10-20,10:07:07.950667130,T,TGT,F I,11,91.8
2025-10-20,10:07:07.950670095,T,TGT,F I,21,91.8
2025-10-20,10:07:09.458841290,T,TGT,,200,91.8
2025-10-20,10:07:19.317012428,T,TGT,F I,16,91.78
2025-10-20,10:07:19.317033944,T,TGT,F,322,91.78
2025-10-20,10:07:19.317033944,T,TGT,F I,10,91.78
2025-10-20,10:07:19.317036467,T,TGT,F,100,91.78
2025-10-20,10:07:19.317601789,T,TGT,I,44,91.78
2025-10-20,10:07:19.566886753,T,TGT,I,10,91.75
2025-10-20,10:07:19.566886753,T,TGT,I,29,91.75
2025-10-20,10:07:19.566917303,T,TGT,I,8,91.75
2025-10-20,10:07:19.567154418,T,TGT,F I,4,91.75
2025-10-20,10:07:19.567175513,T,TGT,I,1,91.75
2025-10-20,10:07:19.567232595,T,TGT,F I,51,91.75
2025-10-20,10:07:29.221557203,T,TGT,F I,28,91.81
2025-10-20,10:07:29.221755381,T,TGT,F I,15,91.81
2025-10-20,10:07:29.566382412,T,TGT,I,29,91.79
2025-10-20,10:07:34.083745242,T,TGT,I,21,91.8
2025-10-20,10:07:34.083751136,T,TGT,,100,91.8
2025-10-20,10:07:34.083751136,T,TGT,I,3,91.8
2025-10-20,10:07:34.083754406,T,TGT,,394,91.8
2025-10-20,10:07:34.083814114,T,TGT,F I,71,91.79
2025-10-20,10:07:34.083817073,T,TGT,F I,5,91.79
2025-10-20,10:07:34.093394846,T,TGT,F I,85,91.78
2025-10-20,10:07:35.031738474,T,TGT,,199,91.78
2025-10-20,10:07:37.525372464,T,TGT,F I,1,91.76
2025-10-20,10:07:38.056726401,T,TGT,F I,31,91.68
2025-10-20,10:07:38.056726401,T,TGT,F,100,91.68
2025-10-20,10:07:38.068117532,T,TGT,F I,2,91.66
2025-10-20,10:07:38.068120524,T,TGT,F,100,91.66
2025-10-20,10:07:38.068998628,T,TGT,I,71,91.65
2025-10-20,10:07:38.255394657,T,TGT,F I,9,91.66
2025-10-20,10:07:40.368892988,T,TGT,F I,6,91.64
2025-10-20,10:07:43.161345883,T,TGT,I,9,91.64
2025-10-20,10:07:46.374056005,T,TGT,I,9,91.64
2025-10-20,10:07:48.703571003,T,TGT,,100,91.64
2025-10-20,10:07:52.740331537,T,TGT,I,1,91.62
2025-10-20,10:07:52.740397796,T,TGT,F I,12,91.62
2025-10-20,10:08:04.272660400,T,TGT,I,9,91.625
2025-10-20,10:08:14.107116867,T,TGT,I,39,91.61
2025-10-20,10:08:14.107143897,T,TGT,F I,61,91.61
2025-10-20,10:08:14.107147273,T,TGT,F I,10,91.61
2025-10-20,10:08:14.107149862,T,TGT,F,100,91.61
2025-10-20,10:08:14.107153394,T,TGT,F I,9,91.61
2025-10-20,10:08:14.107255207,T,TGT,F,500,91.6
2025-10-20,10:08:18.184738610,T,TGT,I,25,91.56
2025-10-20,10:08:18.184759656,T,TGT,F I,75,91.56
2025-10-20,10:08:18.185265470,T,TGT,F I,4,91.54
2025-10-20,10:08:18.185265470,T,TGT,F I,55,91.54
2025-10-20,10:08:18.185848317,T,TGT,F I,27,91.54
2025-10-20,10:08:21.855888252,T,TGT,I,1,91.54
2025-10-20,10:08:21.858029233,T,TGT,F I,80,91.55
2025-10-20,10:08:21.858029233,T,TGT,F I,6,91.56
2025-10-20,10:08:21.858050300,T,TGT,F I,80,91.56
2025-10-20,10:08:21.858053289,T,TGT,F I,23,91.56
2025-10-20,10:08:21.858053289,T,TGT,I,1,91.56
2025-10-20,10:08:21.858068467,T,TGT,I,1,91.56
2025-10-20,10:08:21.858167579,T,TGT,F I,79,91.56
2025-10-20,10:08:28.116786720,T,TGT,F I,18,91.6
2025-10-20,10:08:28.116786720,T,TGT,F I,12,91.6
2025-10-20,10:08:28.117685807,T,TGT,I,20,91.61
2025-10-20,10:08:28.117710292,T,TGT,F I,11,91.61
2025-10-20,10:08:28.138015056,T,TGT,F I,25,91.64
2025-10-20,10:08:28.138015056,T,TGT,F I,27,91.64
2025-10-20,10:08:28.138519479,T,TGT,F I,54,91.65
2025-10-20,10:08:28.139165995,T,TGT,,100,91.65
2025-10-20,10:08:28.151871241,T,TGT,F I,5,91.64
2025-10-20,10:08:28.164053328,T,TGT,I,66,91.63
2025-10-20,10:08:39.271631889,T,TGT,I,9,91.635
2025-10-20,10:09:03.501333671,T,TGT,I,51,91.64
2025-10-20,10:09:03.501784818,T,TGT,F I,59,91.65
2025-10-20,10:09:03.501791171,T,TGT,F I,41,91.65
2025-10-20,10:09:03.501791171,T,TGT,F I,49,91.66
2025-10-20,10:09:03.501793793,T,TGT,F I,10,91.66
2025-10-20,10:09:03.557869235,T,TGT,I,49,91.65
2025-10-20,10:09:03.557869235,T,TGT,I,5,91.65
2025-10-20,10:09:04.610387988,T,TGT,I,1,91.63
2025-10-20,10:09:09.162615669,T,TGT,I,1,91.6
2025-10-20,10:09:09.162618623,T,TGT,I,20,91.6
2025-10-20,10:09:09.189938779,T,TGT,I,37,91.59
2025-10-20,10:09:09.190164236,T,TGT,F I,13,91.6
2025-10-20,10:09:09.190185349,T,TGT,F I,43,91.6
2025-10-20,10:09:10.886144837,T,TGT,F I,10,91.63
2025-10-20,10:09:10.886144837,T,TGT,F I,26,91.63
2025-10-20,10:09:10.886382416,T,TGT,F,100,91.63
2025-10-20,10:09:10.886511792,T,TGT,I,1,91.63
2025-10-20,10:09:10.886517811,T,TGT,I,12,91.63
2025-10-20,10:09:10.886520777,T,TGT,I,1,91.63
2025-10-20,10:09:10.886635337,T,TGT,I,13,91.63
2025-10-20,10:09:10.886764363,T,TGT,I,11,91.63
2025-10-20,10:09:10.886764363,T,TGT,I,4,91.63
2025-10-20,10:09:10.888325130,T,TGT,F I,80,91.62
2025-10-20,10:09:10.888325130,T,TGT,F I,43,91.61
2025-10-20,10:09:10.899463574,T,TGT,F I,3,91.61
2025-10-20,10:09:12.601272208,T,TGT,I,51,91.6
2025-10-20,10:09:19.459014622,T,TGT,I,2,91.61
2025-10-20,10:09:19.459014622,T,TGT,I,10,91.61
2025-10-20,10:09:19.511664417,T,TGT,I,25,91.6
2025-10-20,10:09:19.511667110,T,TGT,I,23,91.6
2025-10-20,10:09:41.485818063,T,TGT,I,2,91.64
2025-10-20,10:09:41.485821120,T,TGT,,200,91.64
2025-10-20,10:09:41.485824635,T,TGT,,100,91.64
2025-10-20,10:09:41.486365514,T,TGT,I,25,91.66
2025-10-20,10:09:41.486365514,T,TGT,I,10,91.66
2025-10-20,10:09:41.493540467,T,TGT,F I,30,91.65
2025-10-20,10:09:41.495140279,T,TGT,F I,88,91.66
2025-10-20,10:09:41.495257601,T,TGT,F I,12,91.66
2025-10-20,10:09:41.498577499,T,TGT,,100,91.665
2025-10-20,10:09:41.507313266,T,TGT,I,88,91.665
2025-10-20,10:09:42.081167465,T,TGT,F I,28,91.665
2025-10-20,10:09:42.081233655,T,TGT,I,72,91.665
2025-10-20,10:09:42.081269703,T,TGT,I,28,91.67
2025-10-20,10:09:42.091301671,T,TGT,F I,1,91.68
2025-10-20,10:09:42.091307673,T,TGT,I,17,91.68
2025-10-20,10:09:48.739093030,T,TGT,F,100,91.69
2025-10-20,10:09:48.739093030,T,TGT,F I,3,91.69
2025-10-20,10:09:48.739095983,T,TGT,F I,1,91.69
2025-10-20,10:09:48.739123046,T,TGT,,100,91.68
2025-10-20,10:09:48.739165714,T,TGT,F I,7,91.68
2025-10-20,10:09:50.949470233,T,TGT,F I,10,91.7
2025-10-20,10:09:50.949473235,T,TGT,F,100,91.7
2025-10-20,10:09:50.949909203,T,TGT,F I,1,91.71
2025-10-20,10:10:22.256073709,T,TGT,,100,91.66
2025-10-20,10:10:22.256097772,T,TGT,F I,6,91.65
2025-10-20,10:10:22.256100701,T,TGT,F I,34,91.65
2025-10-20,10:10:22.256124852,T,TGT,I,20,91.65
2025-10-20,10:10:22.256124852,T,TGT,I,20,91.65
2025-10-20,10:10:22.256158298,T,TGT,F I,20,91.65
2025-10-20,10:10:22.268866106,T,TGT,I,18,91.655
2025-10-20,10:10:22.879561113,T,TGT,I,24,91.67
2025-10-20,10:10:22.879630224,T,TGT,I,5,91.67
2025-10-20,10:10:38.939074193,T,TGT,F I,10,91.63
2025-10-20,10:10:38.939077659,T,TGT,F,100,91.63
2025-10-20,10:10:38.939080378,T,TGT,F I,6,91.63
2025-10-20,10:10:38.939082970,T,TGT,F I,9,91.63
2025-10-20,10:10:38.939086783,T,TGT,F,100,91.63
2025-10-20,10:10:38.939086783,T,TGT,F I,1,91.63
2025-10-20,10:10:38.939088708,T,TGT,F I,10,91.63
2025-10-20,10:10:40.917234462,T,TGT,,100,91.63
2025-10-20,10:10:40.917237507,T,TGT,,100,91.63
2025-10-20,10:10:40.917276867,T,TGT,,100,91.62
2025-10-20,10:10:40.917276867,T,TGT,I,2,91.62
2025-10-20,10:10:40.917526156,T,TGT,F I,3,91.62
2025-10-20,10:10:42.919843723,T,TGT,F I,12,91.6
2025-10-20,10:10:42.920372928,T,TGT,F I,22,91.59
2025-10-20,10:10:42.920375935,T,TGT,F I,37,91.59
2025-10-20,10:10:48.770225021,T,TGT,I,27,91.6
2025-10-20,10:10:48.770228031,T,TGT,I,10,91.6
2025-10-20,10:10:51.920416278,T,TGT,I,45,91.57
2025-10-20,10:10:58.332262481,T,TGT,I,10,91.605
2025-10-20,10:10:58.945161776,T,TGT,I,73,91.59
2025-10-20,10:11:05.063126723,T,TGT,F I,1,91.62
2025-10-20,10:11:07.280814398,T,TGT,I,54,91.64
2025-10-20,10:11:10.045390862,T,TGT,I,73,91.62
2025-10-20,10:11:11.212609749,T,TGT,F I,3,91.65
2025-10-20,10:11:11.212844326,T,TGT,F I,1,91.66
2025-10-20,10:11:11.212848781,T,TGT,F I,10,91.66
2025-10-20,10:11:11.212848781,T,TGT,F I,9,91.66
2025-10-20,10:11:11.212991635,T,TGT,F I,3,91.67
2025-10-20,10:11:12.224716088,T,TGT,F I,27,91.69
2025-10-20,10:11:12.224719010,T,TGT,F I,11,91.69
2025-10-20,10:11:13.426977386,T,TGT,F I,13,91.68
2025-10-20,10:11:13.426980336,T,TGT,F I,4,91.68
2025-10-20,10:11:13.427010596,T,TGT,F I,96,91.68
2025-10-20,10:11:13.428108238,T,TGT,I,50,91.66
2025-10-20,10:11:13.428141130,T,TGT,F I,50,91.655
2025-10-20,10:11:26.080031064,T,TGT,F I,87,91.66
2025-10-20,10:11:31.253012565,T,TGT,I,1,91.62
2025-10-20,10:11:39.058394635,T,TGT,F I,52,91.61
2025-10-20,10:11:39.058394635,T,TGT,F I,5,91.61
2025-10-20,10:11:39.058396922,T,TGT,F I,3,91.61
2025-10-20,10:11:46.725992773,T,TGT,I,49,91.58
2025-10-20,10:11:51.653117666,T,TGT,I,6,91.59
2025-10-20,10:11:56.910730105,T,TGT,F I,2,91.57
2025-10-20,10:11:56.910738744,T,TGT,F I,10,91.57
2025-10-20,10:11:56.910810883,T,TGT,F I,1,91.57
2025-10-20,10:11:56.911250353,T,TGT,F I,4,91.56
2025-10-20,10:11:56.911250353,T,TGT,F I,1,91.56
2025-10-20,10:11:56.911767357,T,TGT,I,1,91.55
2025-10-20,10:11:56.911767357,T,TGT,I,90,91.55
2025-10-20,10:12:00.377521350,T,TGT,F I,2,91.55
2025-10-20,10:12:00.504291363,T,TGT,F I,91,91.54
2025-10-20,10:12:00.504303419,T,TGT,F I,9,91.54
2025-10-20,10:12:00.504604043,T,TGT,I,35,91.53
2025-10-20,10:12:00.585391569,T,TGT,F,100,91.51
2025-10-20,10:12:00.585394591,T,TGT,F I,1,91.51
2025-10-20,10:12:00.945313080,T,TGT,F I,50,91.5
2025-10-20,10:12:00.945565717,T,TGT,F I,6,91.49
2025-10-20,10:12:00.945565717,T,TGT,F I,22,91.49
2025-10-20,10:12:00.945568637,T,TGT,F I,40,91.49
2025-10-20,10:12:10.209938971,T,TGT,F I,1,91.44
2025-10-20,10:12:10.209944942,T,TGT,F I,2,91.44
2025-10-20,10:12:10.209960333,T,TGT,F I,4,91.44
2025-10-20,10:12:10.209963006,T,TGT,F,100,91.44
2025-10-20,10:12:10.321252164,T,TGT,I,1,91.44
2025-10-20,10:12:36.519246242,T,TGT,F I,11,91.47
2025-10-20,10:12:36.519252377,T,TGT,F I,5,91.47
2025-10-20,10:12:36.519252377,T,TGT,F I,1,91.47
2025-10-20,10:12:36.519257440,T,TGT,F I,27,91.47
2025-10-20,10:12:36.519260375,T,TGT,F I,11,91.47
2025-10-20,10:12:36.526300198,T,TGT,F I,11,91.48
2025-10-20,10:12:36.527076010,T,TGT,I,7,91.5
2025-10-20,10:12:36.527079218,T,TGT,I,7,91.5
2025-10-20,10:12:36.527082232,T,TGT,I,7,91.5
2025-10-20,10:12:36.527082232,T,TGT,I,5,91.5
2025-10-20,10:12:36.539703146,T,TGT,I,2,91.5
2025-10-20,10:12:36.572390953,T,TGT,I,2,91.49
2025-10-20,10:12:36.572418024,T,TGT,I,43,91.49
2025-10-20,10:12:36.572433109,T,TGT,I,18,91.48
2025-10-20,10:12:36.572433109,T,TGT,I,25,91.48
2025-10-20,10:12:36.600354634,T,TGT,I,5,91.48
2025-10-20,10:12:43.316904594,T,TGT,I,5,91.51
2025-10-20,10:12:43.316904594,T,TGT,I,5,91.51
2025-10-20,10:12:43.316907704,T,TGT,I,5,91.51
2025-10-20,10:12:43.316907704,T,TGT,I,3,91.51
2025-10-20,10:12:43.317202341,T,TGT,F I,11,91.52
2025-10-20,10:12:43.317250590,T,TGT,I,5,91.53
2025-10-20,10:12:43.317253877,T,TGT,I,5,91.53
2025-10-20,10:12:43.317256732,T,TGT,I,5,91.53
2025-10-20,10:12:43.317256732,T,TGT,I,3,91.53
2025-10-20,10:12:43.317277468,T,TGT,F I,5,91.53
2025-10-20,10:12:48.316841893,T,TGT,I,2,91.51
2025-10-20,10:12:48.316847867,T,TGT,F I,2,91.51
2025-10-20,10:12:53.640987521,T,TGT,F I,12,91.53
2025-10-20,10:12:53.641059696,T,TGT,F I,7,91.54
2025-10-20,10:12:57.701267094,T,TGT,I,4,91.53
2025-10-20,10:12:57.701291119,T,TGT,I,40,91.53
2025-10-20,10:12:57.701312195,T,TGT,I,60,91.53
2025-10-20,10:12:57.701336249,T,TGT,F,100,91.53
2025-10-20,10:12:57.702124123,T,TGT,,100,91.53
2025-10-20,10:12:57.702124123,T,TGT,,100,91.53
2025-10-20,10:12:58.203595789,T,TGT,I,30,91.52
2025-10-20,10:12:58.203598944,T,TGT,I,25,91.5
2025-10-20,10:12:58.203598944,T,TGT,I,4,91.5
2025-10-20,10:12:59.654011447,T,TGT,I,9,91.525
2025-10-20,10:13:01.856639961,T,TGT,I,8,91.55
2025-10-20,10:13:01.856639961,T,TGT,I,5,91.55
2025-10-20,10:13:01.856642164,T,TGT,I,3,91.55
2025-10-20,10:13:01.856645419,T,TGT,I,8,91.55
2025-10-20,10:13:01.856645419,T,TGT,F I,4,91.55
2025-10-20,10:13:01.857237639,T,TGT,F I,12,91.56
2025-10-20,10:13:02.573850859,T,TGT,F I,7,91.56
2025-10-20,10:13:02.573877945,T,TGT,F I,88,91.56
2025-10-20,10:13:02.573905032,T,TGT,F I,5,91.56
2025-10-20,10:13:02.573908078,T,TGT,F I,2,91.565
2025-10-20,10:13:02.574142722,T,TGT,F I,7,91.57
2025-10-20,10:13:16.960730726,T,TGT,F I,10,91.62
2025-10-20,10:13:16.960734149,T,TGT,F I,21,91.62
2025-10-20,10:13:16.960736628,T,TGT,F I,9,91.62
2025-10-20,10:13:16.960736628,T,TGT,F I,20,91.62
2025-10-20,10:13:16.960752542,T,TGT,I,12,91.62
2025-10-20,10:13:19.214714680,T,TGT,I,12,91.61
2025-10-20,10:13:22.563291801,T,TGT,I,7,91.56
2025-10-20,10:13:22.563291801,T,TGT,I,8,91.56
2025-10-20,10:13:22.563294888,T,TGT,I,29,91.56
2025-10-20,10:13:22.563294888,T,TGT,I,16,91.56
2025-10-20,10:13:22.563315725,T,TGT,F I,9,91.56
2025-10-20,10:13:22.563324581,T,TGT,I,31,91.56
2025-10-20,10:13:22.563327626,T,TGT,,103,91.56
2025-10-20,10:13:22.563330645,T,TGT,,100,91.56
2025-10-20,10:13:22.564004239,T,TGT,,132,91.55
2025-10-20,10:13:22.564007299,T,TGT,I,1,91.55
2025-10-20,10:13:22.564007299,T,TGT,I,4,91.55
2025-10-20,10:13:22.564010303,T,TGT,I,25,91.55
2025-10-20,10:13:22.564187708,T,TGT,F,121,91.55
2025-10-20,10:13:22.564254409,T,TGT,F,100,91.57
2025-10-20,10:13:22.564257165,T,TGT,F I,10,91.57
2025-10-20,10:13:22.564257165,T,TGT,F I,11,91.57
2025-10-20,10:13:22.564280959,T,TGT,F,100,91.57
2025-10-20,10:13:22.564286895,T,TGT,I,1,91.56
2025-10-20,10:13:22.564313962,T,TGT,I,70,91.57
2025-10-20,10:13:22.564329008,T,TGT,I,30,91.57
2025-10-20,10:13:22.564338080,T,TGT,I,1,91.57
2025-10-20,10:13:22.564338080,T,TGT,F I,25,91.57
2025-10-20,10:13:22.564557857,T,TGT,I,12,91.56
2025-10-20,10:13:22.564557857,T,TGT,I,25,91.56
2025-10-20,10:13:22.564560633,T,TGT,I,21,91.56
2025-10-20,10:13:22.685135842,T,TGT,I,50,91.57
2025-10-20,10:13:22.685156856,T,TGT,F I,99,91.57
2025-10-20,10:13:22.685580917,T,TGT,F,100,91.58
2025-10-20,10:13:22.685601948,T,TGT,F I,50,91.57
2025-10-20,10:13:33.665493586,T,TGT,I,50,91.55
2025-10-20,10:13:46.009801515,T,TGT,I,1,91.58
2025-10-20,10:13:46.023787766,T,TGT,I,10,91.58
2025-10-20,10:13:46.023790795,T,TGT,I,11,91.58
2025-10-20,10:13:51.415669945,T,TGT,F I,88,91.58
2025-10-20,10:13:51.415733016,T,TGT,F I,12,91.58
2025-10-20,10:13:54.398133604,T,TGT,I,1,91.59
2025-10-20,10:13:54.424789064,T,TGT,I,1,91.6
2025-10-20,10:14:12.848516257,T,TGT,F I,1,91.55
2025-10-20,10:14:12.848615537,T,TGT,I,5,91.55
2025-10-20,10:14:19.364064525,T,TGT,I,7,91.54
2025-10-20,10:14:19.364085649,T,TGT,I,93,91.54
2025-10-20,10:14:22.130253331,T,TGT,F I,1,91.54
2025-10-20,10:14:28.732969765,T,TGT,I,91,91.52
2025-10-20,10:14:48.629985221,T,TGT,F I,10,91.55
2025-10-20,10:14:48.629985221,T,TGT,F I,9,91.55
2025-10-20,10:14:48.629988479,T,TGT,F I,10,91.55
2025-10-20,10:14:48.630490149,T,TGT,F I,13,91.55
2025-10-20,10:14:51.506644614,T,TGT,F I,34,91.58
2025-10-20,10:14:51.506647543,T,TGT,F I,14,91.58
2025-10-20,10:14:51.506993357,T,TGT,F I,25,91.59
2025-10-20,10:14:51.507038495,T,TGT,F I,9,91.59
2025-10-20,10:14:51.507264118,T,TGT,F,200,91.6
2025-10-20,10:14:51.507642893,T,TGT,F I,62,91.6
2025-10-20,10:15:11.134684179,T,TGT,F I,6,91.61
2025-10-20,10:15:11.134774251,T,TGT,F I,2,91.61
2025-10-20,10:15:11.134960677,T,TGT,F,100,91.6
2025-10-20,10:15:11.134966959,T,TGT,F,100,91.6
2025-10-20,10:15:11.134966959,T,TGT,F,100,91.6
2025-10-20,10:15:11.150348506,T,TGT,I,18,91.6
2025-10-20,10:15:11.151244592,T,TGT,F,100,91.6
2025-10-20,10:15:11.151244592,T,TGT,F,100,91.6
2025-10-20,10:15:11.151247532,T,TGT,F,100,91.6
2025-10-20,10:15:11.151250673,T,TGT,F I,92,91.6
2025-10-20,10:15:11.151265579,T,TGT,I,1,91.6
2025-10-20,10:15:11.151268596,T,TGT,F I,35,91.6
2025-10-20,10:15:14.530539642,T,TGT,F,100,91.63
2025-10-20,10:15:14.530542661,T,TGT,F I,5,91.63
2025-10-20,10:15:14.530545675,T,TGT,F I,58,91.63
2025-10-20,10:15:14.557495898,T,TGT,I,9,91.65
2025-10-20,10:15:15.525405909,T,TGT,I,18,91.64
2025-10-20,10:15:15.951614288,T,TGT,I,35,91.64
2025-10-20,10:15:23.887392335,T,TGT,F I,4,91.65
2025-10-20,10:15:23.887506476,T,TGT,F I,12,91.65
2025-10-20,10:15:23.887506476,T,TGT,F I,4,91.65
2025-10-20,10:15:26.267638031,T,TGT,I,9,91.65
2025-10-20,10:15:27.888746297,T,TGT,F I,20,91.64
2025-10-20,10:15:34.310062027,T,TGT,F I,1,91.67
2025-10-20,10:15:34.310260847,T,TGT,F I,10,91.68
2025-10-20,10:15:34.310263461,T,TGT,F,100,91.68
2025-10-20,10:15:34.310266460,T,TGT,F I,12,91.68
2025-10-20,10:15:36.268544064,T,TGT,I,9,91.685
2025-10-20,10:15:37.690409620,T,TGT,F I,1,91.71
2025-10-20,10:15:37.690412721,T,TGT,F I,9,91.71
2025-10-20,10:15:37.690412721,T,TGT,F I,18,91.71
2025-10-20,10:15:37.692628890,T,TGT,I,7,91.72
2025-10-20,10:15:37.698877798,T,TGT,F I,1,91.73
2025-10-20,10:15:37.698880794,T,TGT,F I,9,91.73
2025-10-20,10:15:42.963782392,T,TGT,I,30,91.75
2025-10-20,10:15:46.149049367,T,TGT,I,11,91.76
2025-10-20,10:15:46.272330931,T,TGT,I,10,91.76
2025-10-20,10:15:52.548307516,T,TGT,F I,10,91.75
2025-10-20,10:15:52.548313443,T,TGT,F I,1,91.75
2025-10-20,10:15:57.039889510,T,TGT,,100,91.78
2025-10-20,10:15:57.039892462,T,TGT,,100,91.78
2025-10-20,10:15:57.307557297,T,TGT,,100,91.78
2025-10-20,10:15:57.307557297,T,TGT,I,1,91.78
2025-10-20,10:15:57.307602300,T,TGT,,100,91.77
2025-10-20,10:15:59.215422758,T,TGT,I,30,91.79
2025-10-20,10:16:06.035232837,T,TGT,F I,10,91.8
2025-10-20,10:16:06.802628805,T,TGT,F,100,91.81
2025-10-20,10:16:06.802628805,T,TGT,F I,6,91.81
2025-10-20,10:16:06.802634053,T,TGT,F,200,91.81
2025-10-20,10:16:06.802673194,T,TGT,F I,3,91.81
2025-10-20,10:16:06.802874678,T,TGT,F I,96,91.8
2025-10-20,10:16:06.802874678,T,TGT,F I,30,91.8
2025-10-20,10:16:06.803385860,T,TGT,F I,44,91.79
2025-10-20,10:16:09.213261397,T,TGT,I,5,91.8
2025-10-20,10:16:11.924256283,T,TGT,I,25,91.82
2025-10-20,10:16:12.184315835,T,TGT,F I,80,91.84
2025-10-20,10:16:12.204481906,T,TGT,F,122,91.82
2025-10-20,10:16:12.204490947,T,TGT,F I,78,91.82
2025-10-20,10:16:12.204493973,T,TGT,F I,40,91.82
2025-10-20,10:16:12.204493973,T,TGT,F,112,91.82
2025-10-20,10:16:12.204499997,T,TGT,I,1,91.82
2025-10-20,10:16:12.204506074,T,TGT,F,129,91.82
2025-10-20,10:16:12.204506074,T,TGT,F I,25,91.82
2025-10-20,10:16:13.141502287,T,TGT,I,1,91.8
2025-10-20,10:16:23.486749546,T,TGT,F,100,91.79
2025-10-20,10:16:38.901029897,T,TGT,F I,17,91.74
2025-10-20,10:16:38.901032940,T,TGT,F I,20,91.74
2025-10-20,10:16:38.901035861,T,TGT,F I,37,91.74
2025-10-20,10:16:38.925499136,T,TGT,,100,91.73
2025-10-20,10:16:38.932532873,T,TGT,I,80,91.73
2025-10-20,10:16:38.932535950,T,TGT,I,40,91.74
2025-10-20,10:16:49.356992105,T,TGT,,100,91.73
2025-10-20,10:16:49.356992105,T,TGT,,100,91.73
2025-10-20,10:16:57.567360381,T,TGT,F I,10,91.725
2025-10-20,10:16:57.567360381,T,TGT,F I,18,91.74
2025-10-20,10:16:57.567366321,T,TGT,F I,1,91.74
2025-10-20,10:16:57.567366321,T,TGT,F I,95,91.74
2025-10-20,10:16:57.567396387,T,TGT,I,1,91.74
2025-10-20,10:16:57.567450601,T,TGT,I,4,91.74
2025-10-20,10:16:57.567453573,T,TGT,I,5,91.74
2025-10-20,10:17:03.092619294,T,TGT,I,1,91.71
2025-10-20,10:17:03.092643332,T,TGT,F I,1,91.71
2025-10-20,10:17:03.092718580,T,TGT,F I,15,91.71
2025-10-20,10:17:05.298990977,T,TGT,F I,31,91.69
2025-10-20,10:17:14.325999596,T,TGT,F I,50,91.62
2025-10-20,10:17:14.465534967,T,TGT,I,20,91.62
2025-10-20,10:17:23.219625374,T,TGT,I,10,91.63
2025-10-20,10:17:28.045047678,T,TGT,F I,1,91.57
2025-10-20,10:17:28.046256702,T,TGT,,196,91.57
2025-10-20,10:17:28.064047026,T,TGT,F,100,91.57
2025-10-20,10:17:28.115842432,T,TGT,I,5,91.58
2025-10-20,10:17:29.530205267,T,TGT,I,7,91.56
2025-10-20,10:17:31.733996602,T,TGT,I,28,91.55
2025-10-20,10:17:31.734017543,T,TGT,I,21,91.55
2025-10-20,10:17:37.747856498,T,TGT,I,35,91.54
2025-10-20,10:17:37.747874773,T,TGT,F I,40,91.54
2025-10-20,10:17:37.747877534,T,TGT,F I,54,91.54
2025-10-20,10:17:39.293490905,T,TGT,F I,14,91.56
2025-10-20,10:17:39.293514938,T,TGT,F I,76,91.56
2025-10-20,10:17:39.293514938,T,TGT,F I,9,91.56
2025-10-20,10:17:39.293517956,T,TGT,F I,3,91.56
2025-10-20,10:17:42.528809015,T,TGT,I,11,91.56
2025-10-20,10:17:53.032437811,T,TGT,F,100,91.6
2025-10-20,10:17:53.032437811,T,TGT,F I,10,91.6
2025-10-20,10:17:53.034488707,T,TGT,F I,6,91.61
2025-10-20,10:17:53.035261496,T,TGT,I,5,91.61
2025-10-20,10:17:53.035306622,T,TGT,F I,10,91.61
2025-10-20,10:17:53.035375847,T,TGT,F,100,91.61
2025-10-20,10:17:53.045191168,T,TGT,I,1,91.6
2025-10-20,10:17:53.048411866,T,TGT,F I,12,91.61
2025-10-20,10:17:53.048411866,T,TGT,F I,20,91.61
2025-10-20,10:17:53.048553241,T,TGT,,100,91.615
2025-10-20,10:17:53.049052476,T,TGT,I,88,91.615
2025-10-20,10:17:53.049088439,T,TGT,I,88,91.615
2025-10-20,10:17:53.049154618,T,TGT,I,24,91.615
2025-10-20,10:17:53.050724332,T,TGT,I,59,91.61
2025-10-20,10:17:53.284832183,T,TGT,F I,2,91.62
2025-10-20,10:17:53.287493441,T,TGT,I,24,91.61
2025-10-20,10:17:53.287493441,T,TGT,I,12,91.61
2025-10-20,10:17:53.287496532,T,TGT,I,51,91.61
2025-10-20,10:17:53.287515021,T,TGT,F I,49,91.61
2025-10-20,10:17:53.287517737,T,TGT,I,1,91.61
2025-10-20,10:17:53.287517737,T,TGT,I,1,91.61
2025-10-20,10:17:53.287520501,T,TGT,F I,49,91.61
2025-10-20,10:17:53.287523565,T,TGT,F I,29,91.61
2025-10-20,10:17:53.287803226,T,TGT,F I,80,91.6
2025-10-20,10:17:57.374010519,T,TGT,I,51,91.58
2025-10-20,10:17:57.374025590,T,TGT,I,36,91.58
2025-10-20,10:18:02.391858544,T,TGT,I,49,91.54
2025-10-20,10:18:02.392126165,T,TGT,I,51,91.54
2025-10-20,10:18:02.582870577,T,TGT,F I,2,91.55
2025-10-20,10:18:02.582966802,T,TGT,F I,4,91.55
2025-10-20,10:18:02.582996974,T,TGT,I,18,91.55
2025-10-20,10:18:02.937505539,T,TGT,I,1,91.565
2025-10-20,10:18:07.584915940,T,TGT,F I,6,91.51
2025-10-20,10:18:07.584918927,T,TGT,F I,30,91.51
2025-10-20,10:18:07.584922010,T,TGT,F I,83,91.51
2025-10-20,10:18:07.585397116,T,TGT,F I,5,91.5
2025-10-20,10:18:07.587869408,T,TGT,,100,91.5
2025-10-20,10:18:07.587869408,T,TGT,,100,91.5
2025-10-20,10:18:07.635791191,T,TGT,I,40,91.51
2025-10-20,10:18:09.559549449,T,TGT,I,31,91.52
2025-10-20,10:18:09.827242024,T,TGT,F,100,91.51
2025-10-20,10:18:09.827242024,T,TGT,F,100,91.51
2025-10-20,10:18:09.827244608,T,TGT,F,100,91.51
2025-10-20,10:18:09.827247269,T,TGT,F I,27,91.51
2025-10-20,10:18:16.900314710,T,TGT,I,39,91.52
2025-10-20,10:18:16.900314710,T,TGT,I,6,91.52
2025-10-20,10:18:17.507891227,T,TGT,F I,63,91.53
2025-10-20,10:18:17.507912321,T,TGT,F I,37,91.53
2025-10-20,10:18:17.507915274,T,TGT,F I,10,91.53
2025-10-20,10:18:17.509918032,T,TGT,,100,91.54
2025-10-20,10:18:19.426369130,T,TGT,I,5,91.56
2025-10-20,10:18:19.456897861,T,TGT,I,2,91.58
2025-10-20,10:18:19.507619691,T,TGT,I,1,91.59
2025-10-20,10:18:19.507619691,T,TGT,I,14,91.59
2025-10-20,10:18:19.507685762,T,TGT,F I,12,91.58
2025-10-20,10:18:19.507691804,T,TGT,F I,11,91.58
2025-10-20,10:18:19.507694982,T,TGT,F I,1,91.58
2025-10-20,10:18:19.507694982,T,TGT,F I,12,91.58
2025-10-20,10:18:47.442358504,T,TGT,I,45,91.56
2025-10-20,10:18:55.871494812,T,TGT,I,40,91.56
2025-10-20,10:18:55.871540012,T,TGT,,215,91.56
2025-10-20,10:18:55.871542991,T,TGT,,100,91.55
2025-10-20,10:18:55.871546183,T,TGT,I,6,91.55
2025-10-20,10:18:55.871597040,T,TGT,I,12,91.56
2025-10-20,10:18:55.871600227,T,TGT,I,18,91.57
2025-10-20,10:18:55.871600227,T,TGT,I,88,91.57
2025-10-20,10:18:55.871612095,T,TGT,I,12,91.57
2025-10-20,10:18:55.871612095,T,TGT,I,15,91.57
2025-10-20,10:19:00.604209371,T,TGT,F,100,91.56
2025-10-20,10:19:00.604212437,T,TGT,F I,2,91.56
2025-10-20,10:19:00.604218487,T,TGT,F I,10,91.56
2025-10-20,10:19:00.604221668,T,TGT,F,109,91.56
2025-10-20,10:19:00.604221668,T,TGT,F I,23,91.56
2025-10-20,10:19:00.604227457,T,TGT,F I,30,91.56
2025-10-20,10:19:09.603446954,T,TGT,F I,1,91.58
2025-10-20,10:19:09.603507258,T,TGT,F,100,91.59
2025-10-20,10:19:09.603507258,T,TGT,F I,11,91.59
2025-10-20,10:19:09.614023619,T,TGT,F,100,91.595
2025-10-20,10:19:09.614026347,T,TGT,F,146,91.6
2025-10-20,10:19:09.614050245,T,TGT,I,1,91.6
2025-10-20,10:19:09.614083682,T,TGT,I,93,91.6
2025-10-20,10:19:09.614083682,T,TGT,I,6,91.6
2025-10-20,10:19:09.614293843,T,TGT,F,100,91.6
2025-10-20,10:19:09.614296895,T,TGT,F,100,91.6
2025-10-20,10:19:09.614299803,T,TGT,F I,25,91.6
2025-10-20,10:19:11.055928454,T,TGT,I,5,91.575
2025-10-20,10:19:24.470949624,T,TGT,I,6,91.57
2025-10-20,10:19:24.470952642,T,TGT,I,27,91.57
2025-10-20,10:19:24.470992040,T,TGT,F I,2,91.57
2025-10-20,10:19:24.470992040,T,TGT,F I,1,91.57
2025-10-20,10:19:26.005999385,T,TGT,F,100,91.57
2025-10-20,10:19:26.006002760,T,TGT,F I,88,91.57
2025-10-20,10:19:26.006004986,T,TGT,F,176,91.57
2025-10-20,10:19:26.006004986,T,TGT,F,136,91.57
2025-10-20,10:19:26.006019893,T,TGT,F I,21,91.57
2025-10-20,10:19:36.004011989,T,TGT,I,16,91.57
2025-10-20,10:19:36.816947686,T,TGT,F I,1,91.56
2025-10-20,10:19:36.816947686,T,TGT,F I,92,91.56
2025-10-20,10:19:36.816950990,T,TGT,F I,58,91.56
2025-10-20,10:19:36.816950990,T,TGT,F I,50,91.56
2025-10-20,10:19:36.816953809,T,TGT,F I,50,91.56
2025-10-20,10:20:00.327558361,T,TGT,I,18,91.53
2025-10-20,10:20:00.327847044,T,TGT,F I,12,91.53
2025-10-20,10:20:16.327108225,T,TGT,I,52,91.53
2025-10-20,10:20:16.331369396,T,TGT,I,13,91.53
2025-10-20,10:20:16.331372411,T,TGT,I,39,91.53
2025-10-20,10:20:24.509789385,T,TGT,F I,2,91.55
2025-10-20,10:20:30.168124299,T,TGT,F I,1,91.57
2025-10-20,10:20:30.168130413,T,TGT,F I,10,91.57
2025-10-20,10:20:30.168130413,T,TGT,F I,5,91.57
2025-10-20,10:20:30.168130413,T,TGT,F I,1,91.57
2025-10-20,10:20:32.171638474,T,TGT,F,100,91.57
2025-10-20,10:20:32.171641500,T,TGT,F I,89,91.57
2025-10-20,10:20:32.171659520,T,TGT,F I,72,91.57
2025-10-20,10:20:33.156533112,T,TGT,F I,1,91.6
2025-10-20,10:20:33.156662491,T,TGT,F,100,91.6
2025-10-20,10:20:43.415577123,T,TGT,F I,80,91.6
2025-10-20,10:20:46.311951630,T,TGT,I,9,91.575
2025-10-20,10:20:56.312352397,T,TGT,I,8,91.575
2025-10-20,10:20:58.959724730,T,TGT,I,38,91.6
2025-10-20,10:21:09.994716289,T,TGT,I,40,91.6
2025-10-20,10:21:13.073839451,T,TGT,F I,80,91.61
2025-10-20,10:21:13.073854259,T,TGT,I,1,91.61
2025-10-20,10:21:13.073860471,T,TGT,F,119,91.61
2025-10-20,10:21:13.073860471,T,TGT,F I,10,91.61
2025-10-20,10:21:13.073864006,T,TGT,F I,10,91.61
2025-10-20,10:21:15.959766940,T,TGT,F I,63,91.61
2025-10-20,10:21:16.933961875,T,TGT,F I,12,91.59
2025-10-20,10:21:16.933982958,T,TGT,F I,1,91.59
2025-10-20,10:21:32.768914479,T,TGT,F I,79,91.59
2025-10-20,10:21:35.371639481,T,TGT,F I,1,91.56
2025-10-20,10:21:46.134672266,T,TGT,I,26,91.575
2025-10-20,10:21:50.973112688,T,TGT,I,88,91.575
2025-10-20,10:21:50.973166790,T,TGT,I,12,91.575
2025-10-20,10:22:04.335213842,T,TGT,F I,1,91.6
2025-10-20,10:22:04.335216584,T,TGT,F I,14,91.6
2025-10-20,10:22:12.649293008,T,TGT,F I,1,91.57
