DATE,TIME_M,EX,SYM_ROOT,TR_SCOND,SIZE,PRICE
2025-10-22,9:30:44.645900494,T,TGT,,100,94.29
2025-10-22,9:30:44.645903488,T,TGT,Q,100,94.29
2025-10-22,9:30:55.245120601,T,TGT,I,79,94.22
2025-10-22,9:31:02.071272284,T,TGT,I,80,94.27
2025-10-22,9:31:48.809294305,T,TGT,I,9,94.2
2025-10-22,9:31:51.083977558,T,TGT,I,19,94.21
2025-10-22,9:31:51.083977558,T,TGT,I,63,94.19
2025-10-22,9:31:51.083997651,T,TGT,F I,37,94.19
2025-10-22,9:31:51.084000625,T,TGT,F I,20,94.19
2025-10-22,9:31:51.084000625,T,TGT,F I,50,94.19
2025-10-22,9:31:51.085360280,T,TGT,I,25,94.17
2025-10-22,9:31:51.085383889,T,TGT,F I,75,94.17
2025-10-22,9:31:51.085392896,T,TGT,F I,10,94.16
2025-10-22,9:31:51.086542152,T,TGT,F I,15,94.14
2025-10-22,9:31:51.086544754,T,TGT,F I,3,94.14
2025-10-22,9:31:51.086548451,T,TGT,F I,25,94.14
2025-10-22,9:31:51.088643657,T,TGT,F I,45,94.11
2025-10-22,9:31:51.088736879,T,TGT,F I,30,94.1
2025-10-22,9:31:51.088736879,T,TGT,F I,57,94.1
2025-10-22,9:31:51.088761009,T,TGT,F,103,94.1
2025-10-22,9:31:51.088761009,T,TGT,F I,25,94.1
2025-10-22,9:31:51.088809114,T,TGT,F,100,94.12
2025-10-22,9:31:51.089025577,T,TGT,F,100,94.12
2025-10-22,9:31:51.089136892,T,TGT,F I,12,94.1
2025-10-22,9:31:51.089420932,T,TGT,I,4,94.12
2025-10-22,9:31:51.089422609,T,TGT,I,7,94.12
2025-10-22,9:31:51.089626962,T,TGT,,100,94.11
2025-10-22,9:31:51.097093963,T,TGT,F I,7,94.12
2025-10-22,9:31:51.097114806,T,TGT,F I,93,94.12
2025-10-22,9:31:51.097120905,T,TGT,F,100,94.12
2025-10-22,9:31:51.097734442,T,TGT,I,16,94.15
2025-10-22,9:31:51.097767454,T,TGT,F I,50,94.15
2025-10-22,9:31:51.097791523,T,TGT,F I,50,94.15
2025-10-22,9:31:51.103923068,T,TGT,I,45,94.14
2025-10-22,9:31:51.103947124,T,TGT,F I,55,94.14
2025-10-22,9:31:51.164601692,T,TGT,F,100,94.15
2025-10-22,9:31:51.164616948,T,TGT,F I,16,94.14
2025-10-22,9:31:51.164637702,T,TGT,F,100,94.14
2025-10-22,9:31:51.235787180,T,TGT,F I,50,94.12
2025-10-22,9:31:51.462858160,T,TGT,F I,25,94.21
2025-10-22,9:31:51.463164903,T,TGT,F,200,94.21
2025-10-22,9:31:51.463375431,T,TGT,,129,94.21
2025-10-22,9:31:51.463799710,T,TGT,,150,94.19
2025-10-22,9:31:51.463802397,T,TGT,I,18,94.18
2025-10-22,9:31:51.493077211,T,TGT,I,75,94.195
2025-10-22,9:31:51.493122324,T,TGT,I,25,94.195
2025-10-22,9:31:51.498595368,T,TGT,F I,75,94.195
2025-10-22,9:31:51.498631401,T,TGT,F I,25,94.195
2025-10-22,9:31:51.514229555,T,TGT,F I,75,94.24
2025-10-22,9:31:53.765356899,T,TGT,F I,10,94.26
2025-10-22,9:31:53.765356899,T,TGT,F I,65,94.26
2025-10-22,9:31:54.027915256,T,TGT,,200,94.26
2025-10-22,9:31:57.188923095,T,TGT,I,9,94.19
2025-10-22,9:31:57.262141568,T,TGT,F I,14,94.17
2025-10-22,9:31:57.262198732,T,TGT,F I,13,94.17
2025-10-22,9:31:57.262204774,T,TGT,F I,1,94.17
2025-10-22,9:31:57.262219820,T,TGT,F I,75,94.17
2025-10-22,9:31:57.262439274,T,TGT,I,11,94.17
2025-10-22,9:31:57.282981284,T,TGT,F I,12,94.14
2025-10-22,9:31:57.282981284,T,TGT,F I,88,94.14
2025-10-22,9:31:57.283005256,T,TGT,I,1,94.14
2025-10-22,9:31:57.283005256,T,TGT,I,1,94.14
2025-10-22,9:31:57.283014323,T,TGT,F I,10,94.14
2025-10-22,9:31:57.283474456,T,TGT,F I,10,94.14
2025-10-22,9:31:57.283483399,T,TGT,F I,2,94.14
2025-10-22,9:31:58.813330205,T,TGT,I,2,94.225
2025-10-22,9:32:04.465813365,T,TGT,F,100,94.2
2025-10-22,9:32:04.465813365,T,TGT,F,130,94.19
2025-10-22,9:32:04.465815852,T,TGT,F I,25,94.18
2025-10-22,9:32:04.465815852,T,TGT,F I,53,94.17
2025-10-22,9:32:04.486520161,T,TGT,F,100,94.16
2025-10-22,9:32:04.486541352,T,TGT,I,1,94.16
2025-10-22,9:32:04.486541352,T,TGT,I,19,94.16
2025-10-22,9:32:04.486604402,T,TGT,,100,94.16
2025-10-22,9:32:04.487256949,T,TGT,F I,20,94.16
2025-10-22,9:32:04.502818952,T,TGT,F I,1,94.14
2025-10-22,9:32:04.502821996,T,TGT,F I,20,94.14
2025-10-22,9:32:04.502882253,T,TGT,I,1,94.16
2025-10-22,9:32:04.502882253,T,TGT,I,20,94.16
2025-10-22,9:32:04.502984947,T,TGT,F I,7,94.16
2025-10-22,9:32:04.503146769,T,TGT,F I,2,94.16
2025-10-22,9:32:04.531967432,T,TGT,F I,6,94.16
2025-10-22,9:32:04.585501022,T,TGT,F I,6,94.13
2025-10-22,9:32:09.405501339,T,TGT,,100,94.195
2025-10-22,9:32:10.676055292,T,TGT,F I,22,94.28
2025-10-22,9:32:29.277216424,T,TGT,I,24,94.31
2025-10-22,9:32:29.277240471,T,TGT,F I,17,94.31
2025-10-22,9:32:29.277393856,T,TGT,I,30,94.31
2025-10-22,9:32:29.277447886,T,TGT,F I,7,94.31
2025-10-22,9:32:29.277640446,T,TGT,,200,94.3
2025-10-22,9:32:32.856349444,T,TGT,I,7,94.34
2025-10-22,9:32:32.857347870,T,TGT,I,16,94.35
2025-10-22,9:32:32.857786930,T,TGT,I,16,94.35
2025-10-22,9:32:47.410739111,T,TGT,I,38,94.35
2025-10-22,9:32:50.213004320,T,TGT,F I,1,94.28
2025-10-22,9:32:54.947077890,T,TGT,F I,1,94.25
2025-10-22,9:32:56.393975075,T,TGT,F I,10,94.25
2025-10-22,9:32:58.820822857,T,TGT,F I,10,94.25
2025-10-22,9:32:59.224991703,T,TGT,F I,27,94.29
2025-10-22,9:33:02.609380776,T,TGT,F I,9,94.33
2025-10-22,9:33:05.684952166,T,TGT,F I,24,94.36
2025-10-22,9:33:08.933324451,T,TGT,F I,18,94.36
2025-10-22,9:33:08.933865469,T,TGT,F I,1,94.4
2025-10-22,9:33:08.933937592,T,TGT,F I,2,94.41
2025-10-22,9:33:08.934422139,T,TGT,F I,2,94.43
2025-10-22,9:33:08.934948032,T,TGT,F I,50,94.47
2025-10-22,9:33:08.934975055,T,TGT,F,150,94.47
2025-10-22,9:33:08.934975055,T,TGT,F I,25,94.47
2025-10-22,9:33:08.935212759,T,TGT,F,175,94.48
2025-10-22,9:33:08.935212759,T,TGT,F I,80,94.48
2025-10-22,9:33:08.935215636,T,TGT,F I,60,94.49
2025-10-22,9:33:08.935299823,T,TGT,I,90,94.49
2025-10-22,9:33:08.935456242,T,TGT,F I,5,94.45
2025-10-22,9:33:08.935672778,T,TGT,F,100,94.46
2025-10-22,9:33:08.935705845,T,TGT,F,100,94.47
2025-10-22,9:33:08.935856664,T,TGT,F I,95,94.45
2025-10-22,9:33:08.935881013,T,TGT,F,100,94.45
2025-10-22,9:33:08.935881013,T,TGT,F I,2,94.47
2025-10-22,9:33:08.935883739,T,TGT,F,255,94.48
2025-10-22,9:33:08.935886578,T,TGT,F,100,94.49
2025-10-22,9:33:08.935886578,T,TGT,F I,38,94.49
2025-10-22,9:33:08.935955551,T,TGT,F,100,94.46
2025-10-22,9:33:08.936018622,T,TGT,I,38,94.46
2025-10-22,9:33:08.936024717,T,TGT,F I,94,94.46
2025-10-22,9:33:08.936349306,T,TGT,F I,19,94.46
2025-10-22,9:33:08.936379466,T,TGT,F I,6,94.46
2025-10-22,9:33:08.940303793,T,TGT,I,4,94.47
2025-10-22,9:33:08.940321853,T,TGT,F I,96,94.47
2025-10-22,9:33:08.941885565,T,TGT,I,10,94.5
2025-10-22,9:33:08.967004441,T,TGT,F I,75,94.51
2025-10-22,9:33:08.967043484,T,TGT,F I,75,94.51
2025-10-22,9:33:08.967079560,T,TGT,F I,50,94.51
2025-10-22,9:33:14.822602987,T,TGT,I,42,94.52
2025-10-22,9:33:14.822873526,T,TGT,I,17,94.53
2025-10-22,9:33:14.822912639,T,TGT,I,23,94.5
2025-10-22,9:33:14.822918717,T,TGT,I,37,94.5
2025-10-22,9:33:14.822918717,T,TGT,I,25,94.5
2025-10-22,9:33:14.822927835,T,TGT,I,21,94.51
2025-10-22,9:33:14.823096154,T,TGT,F I,21,94.52
2025-10-22,9:33:14.823099069,T,TGT,F I,81,94.52
2025-10-22,9:33:14.823129174,T,TGT,I,19,94.52
2025-10-22,9:33:14.823132233,T,TGT,,100,94.53
2025-10-22,9:33:14.823135243,T,TGT,I,81,94.53
2025-10-22,9:33:14.823150285,T,TGT,I,1,94.53
2025-10-22,9:33:14.823192384,T,TGT,I,18,94.53
2025-10-22,9:33:14.823369778,T,TGT,I,8,94.54
2025-10-22,9:33:14.823968218,T,TGT,,600,94.55
2025-10-22,9:33:18.825779196,T,TGT,I,1,94.5
2025-10-22,9:33:24.502039653,T,TGT,F I,27,94.56
2025-10-22,9:33:24.502042511,T,TGT,F I,7,94.56
2025-10-22,9:33:24.502060515,T,TGT,F I,93,94.56
2025-10-22,9:33:26.777260078,T,TGT,F I,7,94.59
2025-10-22,9:33:26.777560849,T,TGT,F I,5,94.6
2025-10-22,9:33:26.777560849,T,TGT,F I,3,94.6
2025-10-22,9:33:26.777566752,T,TGT,F I,1,94.6
2025-10-22,9:33:26.778415060,T,TGT,F I,1,94.62
2025-10-22,9:33:26.781758747,T,TGT,,100,94.605
2025-10-22,9:33:27.341298866,T,TGT,F I,24,94.62
2025-10-22,9:33:29.783323828,T,TGT,F I,14,94.62
2025-10-22,9:33:34.211626020,T,TGT,,100,94.58
2025-10-22,9:33:34.212861912,T,TGT,I,3,94.58
2025-10-22,9:33:36.103574387,T,TGT,F I,26,94.6
2025-10-22,9:33:39.613545644,T,TGT,F I,1,94.56
2025-10-22,9:33:45.399732971,T,TGT,F I,8,94.59
2025-10-22,9:33:45.399735881,T,TGT,F I,43,94.6
2025-10-22,9:33:45.399799127,T,TGT,I,27,94.56
2025-10-22,9:33:49.243824101,T,TGT,F I,15,94.5
2025-10-22,9:33:49.243827175,T,TGT,F I,50,94.5
2025-10-22,9:33:49.243827175,T,TGT,F I,10,94.5
2025-10-22,9:33:49.244233040,T,TGT,I,25,94.52
2025-10-22,9:33:49.244236345,T,TGT,I,30,94.525
2025-10-22,9:33:49.244238998,T,TGT,I,37,94.525
2025-10-22,9:33:49.244311160,T,TGT,I,25,94.525
2025-10-22,9:33:49.244383413,T,TGT,F I,3,94.5
2025-10-22,9:33:49.244422860,T,TGT,F I,15,94.5
2025-10-22,9:33:49.244425523,T,TGT,F I,15,94.5
2025-10-22,9:33:49.245366866,T,TGT,F I,4,94.5
2025-10-22,9:33:49.245366866,T,TGT,F I,2,94.5
2025-10-22,9:33:49.245405830,T,TGT,I,94,94.5
2025-10-22,9:33:49.245408797,T,TGT,,100,94.5
2025-10-22,9:33:49.251789997,T,TGT,,100,94.495
2025-10-22,9:33:49.256580493,T,TGT,I,21,94.51
2025-10-22,9:33:49.256661629,T,TGT,F I,9,94.505
2025-10-22,9:33:53.646315694,T,TGT,F,100,94.53
2025-10-22,9:33:55.274632005,T,TGT,F I,21,94.51
2025-10-22,9:34:00.720528410,T,TGT,I,35,94.55
2025-10-22,9:34:00.720549910,T,TGT,F I,65,94.55
2025-10-22,9:34:00.720552496,T,TGT,F I,21,94.55
2025-10-22,9:34:00.720555475,T,TGT,F I,18,94.55
2025-10-22,9:34:00.720826254,T,TGT,I,25,94.54
2025-10-22,9:34:00.720826254,T,TGT,I,50,94.54
2025-10-22,9:34:00.720830037,T,TGT,I,25,94.53
2025-10-22,9:34:00.720850217,T,TGT,I,1,94.53
2025-10-22,9:34:00.720916812,T,TGT,F I,25,94.55
2025-10-22,9:34:00.720919426,T,TGT,F I,1,94.55
2025-10-22,9:34:00.721343410,T,TGT,,100,94.55
2025-10-22,9:34:00.721347183,T,TGT,I,8,94.54
2025-10-22,9:34:00.721347183,T,TGT,F I,13,94.55
2025-10-22,9:34:02.643727341,T,TGT,I,13,94.55
2025-10-22,9:34:02.643730454,T,TGT,I,1,94.55
2025-10-22,9:34:02.643730454,T,TGT,I,86,94.55
2025-10-22,9:34:02.643841585,T,TGT,I,14,94.56
2025-10-22,9:34:12.341360317,T,TGT,F I,1,94.47
2025-10-22,9:34:12.341381414,T,TGT,I,1,94.47
2025-10-22,9:34:12.341621940,T,TGT,F I,43,94.47
2025-10-22,9:34:12.341832389,T,TGT,F I,10,94.47
2025-10-22,9:34:12.341916691,T,TGT,I,5,94.47
2025-10-22,9:34:12.341919602,T,TGT,I,8,94.47
2025-10-22,9:34:12.341970782,T,TGT,I,8,94.48
2025-10-22,9:34:12.342097155,T,TGT,,100,94.47
2025-10-22,9:34:12.342100094,T,TGT,I,6,94.47
2025-10-22,9:34:12.342163252,T,TGT,F I,8,94.48
2025-10-22,9:34:12.343730021,T,TGT,F I,5,94.49
2025-10-22,9:34:12.343742020,T,TGT,F,100,94.49
2025-10-22,9:34:12.361279785,T,TGT,F I,24,94.48
2025-10-22,9:34:12.380898535,T,TGT,F I,22,94.49
2025-10-22,9:34:12.393284982,T,TGT,F I,8,94.48
2025-10-22,9:34:12.393287978,T,TGT,F I,5,94.48
2025-10-22,9:34:12.419982958,T,TGT,F I,5,94.46
2025-10-22,9:34:12.419982958,T,TGT,F I,5,94.46
2025-10-22,9:34:12.420337471,T,TGT,F,100,94.47
2025-10-22,9:34:12.420466835,T,TGT,I,11,94.47
2025-10-22,9:34:12.420553986,T,TGT,I,90,94.46
2025-10-22,9:34:12.420572362,T,TGT,I,1,94.46
2025-10-22,9:34:12.420574992,T,TGT,I,1,94.46
2025-10-22,9:34:12.420899817,T,TGT,,100,94.47
2025-10-22,9:34:12.956127313,T,TGT,I,8,94.46
2025-10-22,9:34:12.956127313,T,TGT,I,18,94.46
2025-10-22,9:34:12.956169097,T,TGT,I,82,94.46
2025-10-22,9:34:12.956713682,T,TGT,,100,94.47
2025-10-22,9:34:12.956716965,T,TGT,I,19,94.47
2025-10-22,9:34:14.081332638,T,TGT,F I,3,94.46
2025-10-22,9:34:14.081335657,T,TGT,F I,3,94.46
2025-10-22,9:34:14.081353707,T,TGT,I,1,94.46
2025-10-22,9:34:14.081359747,T,TGT,I,12,94.46
2025-10-22,9:34:14.081359747,T,TGT,I,19,94.46
2025-10-22,9:34:14.081362806,T,TGT,I,22,94.46
2025-10-22,9:34:14.082505473,T,TGT,F I,75,94.46
2025-10-22,9:34:14.082553672,T,TGT,F I,25,94.46
2025-10-22,9:34:14.082556589,T,TGT,F I,50,94.46
2025-10-22,9:34:14.082595729,T,TGT,F I,50,94.46
2025-10-22,9:34:14.089121235,T,TGT,,100,94.45
2025-10-22,9:34:14.090146650,T,TGT,I,25,94.46
2025-10-22,9:34:14.091674310,T,TGT,F,100,94.47
2025-10-22,9:34:18.834164966,T,TGT,I,1,94.46
2025-10-22,9:34:22.264257098,T,TGT,I,1,94.46
2025-10-22,9:34:22.264257098,T,TGT,I,25,94.46
2025-10-22,9:34:30.865874693,T,TGT,I,34,94.43
2025-10-22,9:34:30.865874693,T,TGT,I,66,94.44
2025-10-22,9:34:30.865895660,T,TGT,I,1,94.42
2025-10-22,9:34:30.865898719,T,TGT,F I,34,94.42
2025-10-22,9:34:30.899796076,T,TGT,I,18,94.41
2025-10-22,9:34:30.899798453,T,TGT,I,66,94.41
2025-10-22,9:34:30.900105199,T,TGT,F I,5,94.4
2025-10-22,9:34:30.902038756,T,TGT,F,100,94.39
2025-10-22,9:34:31.717296130,T,TGT,I,2,94.37
2025-10-22,9:34:31.717299124,T,TGT,I,10,94.37
2025-10-22,9:34:31.737774873,T,TGT,F I,1,94.36
2025-10-22,9:34:31.737774873,T,TGT,F I,14,94.36
2025-10-22,9:34:31.870036015,T,TGT,F I,6,94.36
2025-10-22,9:34:31.870053987,T,TGT,F I,1,94.36
2025-10-22,9:34:42.463578398,T,TGT,F I,17,94.37
2025-10-22,9:34:42.464041435,T,TGT,F I,6,94.39
2025-10-22,9:34:42.466820607,T,TGT,I,19,94.4
2025-10-22,9:34:42.466823101,T,TGT,,181,94.4
2025-10-22,9:34:42.466838235,T,TGT,I,1,94.4
2025-10-22,9:34:42.466841182,T,TGT,I,18,94.4
2025-10-22,9:34:42.466862207,T,TGT,F,100,94.41
2025-10-22,9:34:42.467105904,T,TGT,I,50,94.4
2025-10-22,9:34:42.467109006,T,TGT,,100,94.4
2025-10-22,9:34:42.467112092,T,TGT,I,50,94.4
2025-10-22,9:34:42.467454654,T,TGT,I,16,94.4
2025-10-22,9:34:42.467454654,T,TGT,I,50,94.4
2025-10-22,9:34:42.491286368,T,TGT,F I,8,94.4
2025-10-22,9:34:42.491313400,T,TGT,F I,8,94.4
2025-10-22,9:34:42.491334459,T,TGT,F I,8,94.41
2025-10-22,9:34:42.491349848,T,TGT,F I,25,94.42
2025-10-22,9:34:42.491349848,T,TGT,F,100,94.42
2025-10-22,9:34:42.491361605,T,TGT,F I,25,94.42
2025-10-22,9:34:42.491364619,T,TGT,F I,50,94.42
2025-10-22,9:34:42.492706565,T,TGT,,200,94.4
2025-10-22,9:34:42.492706565,T,TGT,,437,94.4
2025-10-22,9:34:42.492711801,T,TGT,,103,94.4
2025-10-22,9:34:42.492841410,T,TGT,F I,4,94.38
2025-10-22,9:34:42.492844071,T,TGT,F I,2,94.38
2025-10-22,9:34:42.492862441,T,TGT,F I,3,94.38
2025-10-22,9:34:42.492862441,T,TGT,F I,3,94.38
2025-10-22,9:34:42.492949909,T,TGT,F I,81,94.38
2025-10-22,9:34:42.495478383,T,TGT,,150,94.37
2025-10-22,9:34:42.495508409,T,TGT,F I,50,94.37
2025-10-22,9:34:42.498022459,T,TGT,I,75,94.37
2025-10-22,9:34:42.501757375,T,TGT,F,138,94.37
2025-10-22,9:34:42.511560693,T,TGT,F I,12,94.35
2025-10-22,9:34:42.511560693,T,TGT,F I,26,94.35
2025-10-22,9:34:42.511563738,T,TGT,F,100,94.35
2025-10-22,9:34:43.789434260,T,TGT,F,100,94.36
2025-10-22,9:34:43.789437786,T,TGT,F,146,94.36
2025-10-22,9:34:43.789437786,T,TGT,F I,16,94.36
2025-10-22,9:34:43.789440234,T,TGT,F I,16,94.36
2025-10-22,9:34:43.790492830,T,TGT,I,50,94.38
2025-10-22,9:34:43.790510782,T,TGT,I,50,94.37
2025-10-22,9:34:50.438012898,T,TGT,F I,11,94.42
2025-10-22,9:34:50.438016015,T,TGT,F I,16,94.42
2025-10-22,9:34:50.438016015,T,TGT,F I,10,94.42
2025-10-22,9:34:50.438019387,T,TGT,F I,1,94.42
2025-10-22,9:34:51.288087141,T,TGT,,209,94.44
2025-10-22,9:34:51.288105408,T,TGT,I,1,94.44
2025-10-22,9:34:51.288114769,T,TGT,,199,94.44
2025-10-22,9:34:51.288114769,T,TGT,I,17,94.45
2025-10-22,9:34:51.288120279,T,TGT,I,1,94.45
2025-10-22,9:34:51.288120279,T,TGT,,101,94.45
2025-10-22,9:34:51.288141290,T,TGT,F,199,94.45
2025-10-22,9:34:51.288213532,T,TGT,,100,94.44
2025-10-22,9:34:51.288234556,T,TGT,I,1,94.44
2025-10-22,9:34:51.288267600,T,TGT,I,18,94.45
2025-10-22,9:34:51.288619421,T,TGT,I,27,94.46
2025-10-22,9:34:52.348774316,T,TGT,I,50,94.46
2025-10-22,9:34:53.548368018,T,TGT,I,13,94.48
2025-10-22,9:34:53.548368018,T,TGT,I,5,94.48
2025-10-22,9:34:53.548392135,T,TGT,F I,95,94.48
2025-10-22,9:34:53.548392135,T,TGT,F,100,94.48
2025-10-22,9:34:53.548395121,T,TGT,F,100,94.48
2025-10-22,9:34:57.660910029,T,TGT,I,23,94.52
2025-10-22,9:34:57.660910029,T,TGT,I,13,94.52
2025-10-22,9:34:57.660915066,T,TGT,I,19,94.52
2025-10-22,9:34:57.660915066,T,TGT,,112,94.52
2025-10-22,9:34:57.660918823,T,TGT,,100,94.52
2025-10-22,9:34:57.660918823,T,TGT,I,1,94.52
2025-10-22,9:34:57.660921416,T,TGT,I,1,94.52
2025-10-22,9:34:57.660921416,T,TGT,I,1,94.52
2025-10-22,9:34:57.660924172,T,TGT,I,1,94.52
2025-10-22,9:34:57.660972272,T,TGT,F I,5,94.53
2025-10-22,9:34:57.661056415,T,TGT,I,19,94.52
2025-10-22,9:34:58.140479709,T,TGT,,100,94.52
2025-10-22,9:34:58.140479709,T,TGT,I,64,94.52
2025-10-22,9:34:58.140482580,T,TGT,I,79,94.52
2025-10-22,9:34:58.394509805,T,TGT,,100,94.52
2025-10-22,9:35:00.562167583,T,TGT,F,100,94.48
2025-10-22,9:35:00.562167583,T,TGT,F I,10,94.48
2025-10-22,9:35:00.562170018,T,TGT,F I,30,94.48
2025-10-22,9:35:00.562170018,T,TGT,F I,70,94.48
2025-10-22,9:35:06.249473501,T,TGT,F I,75,94.44
2025-10-22,9:35:06.249514579,T,TGT,F I,75,94.44
2025-10-22,9:35:06.249556841,T,TGT,F I,50,94.44
2025-10-22,9:35:07.178635218,T,TGT,F I,1,94.46
2025-10-22,9:35:08.842827029,T,TGT,I,1,94.445
2025-10-22,9:35:09.636513922,T,TGT,F I,15,94.47
2025-10-22,9:35:09.636516837,T,TGT,F I,12,94.47
2025-10-22,9:35:12.569109578,T,TGT,,100,94.5
2025-10-22,9:35:13.942481484,T,TGT,,100,94.5
2025-10-22,9:35:13.943028848,T,TGT,I,30,94.5
2025-10-22,9:35:14.938400142,T,TGT,I,21,94.52
2025-10-22,9:35:14.944373501,T,TGT,F,100,94.54
2025-10-22,9:35:14.944375508,T,TGT,F,100,94.54
2025-10-22,9:35:16.362821742,T,TGT,I,24,94.54
2025-10-22,9:35:16.362851870,T,TGT,I,9,94.54
2025-10-22,9:35:16.362854837,T,TGT,I,27,94.54
2025-10-22,9:35:21.011479944,T,TGT,F I,60,94.54
2025-10-22,9:35:21.011512880,T,TGT,I,17,94.55
2025-10-22,9:35:21.011516632,T,TGT,I,18,94.55
2025-10-22,9:35:21.011516632,T,TGT,I,19,94.55
2025-10-22,9:35:21.011519212,T,TGT,I,14,94.55
2025-10-22,9:35:21.011530910,T,TGT,F I,42,94.55
2025-10-22,9:35:21.011534014,T,TGT,F I,90,94.55
2025-10-22,9:35:21.803001539,T,TGT,I,60,94.55
2025-10-22,9:35:21.803007567,T,TGT,,300,94.56
2025-10-22,9:35:21.803007567,T,TGT,I,10,94.56
2025-10-22,9:35:21.803010556,T,TGT,I,25,94.56
2025-10-22,9:35:21.803368557,T,TGT,,100,94.56
2025-10-22,9:35:21.803378061,T,TGT,,100,94.55
2025-10-22,9:35:21.803402050,T,TGT,I,1,94.55
2025-10-22,9:35:21.803413916,T,TGT,F I,27,94.56
2025-10-22,9:35:21.803459106,T,TGT,I,73,94.56
2025-10-22,9:35:21.803503802,T,TGT,I,1,94.56
2025-10-22,9:35:21.803506720,T,TGT,I,27,94.56
2025-10-22,9:35:21.806438719,T,TGT,,100,94.56
2025-10-22,9:35:21.807894209,T,TGT,F I,19,94.58
2025-10-22,9:35:21.807900184,T,TGT,F I,33,94.585
2025-10-22,9:35:21.808177059,T,TGT,F I,6,94.59
2025-10-22,9:35:21.808177059,T,TGT,F I,2,94.59
2025-10-22,9:35:21.808179921,T,TGT,F I,8,94.59
2025-10-22,9:35:21.808185908,T,TGT,F I,59,94.59
2025-10-22,9:35:21.809001170,T,TGT,F I,4,94.61
2025-10-22,9:35:21.809001170,T,TGT,F I,25,94.61
2025-10-22,9:35:21.867775938,T,TGT,I,38,94.6
2025-10-22,9:35:21.867778934,T,TGT,I,2,94.6
2025-10-22,9:35:21.867796984,T,TGT,I,1,94.6
2025-10-22,9:35:21.867812001,T,TGT,I,16,94.6
2025-10-22,9:35:21.974575418,T,TGT,I,11,94.6
2025-10-22,9:35:21.974578290,T,TGT,I,2,94.6
2025-10-22,9:35:21.974593420,T,TGT,F I,58,94.6
2025-10-22,9:35:23.124545042,T,TGT,F I,50,94.6
2025-10-22,9:35:23.124584176,T,TGT,I,50,94.6
2025-10-22,9:35:23.124587176,T,TGT,,100,94.6
2025-10-22,9:35:23.124773543,T,TGT,F,100,94.59
2025-10-22,9:35:26.051706846,T,TGT,I,24,94.58
2025-10-22,9:35:26.051724844,T,TGT,F I,3,94.58
2025-10-22,9:35:26.051727908,T,TGT,F I,40,94.58
2025-10-22,9:35:26.051730853,T,TGT,F I,14,94.58
2025-10-22,9:35:26.061832003,T,TGT,I,10,94.59
2025-10-22,9:35:26.061832003,T,TGT,I,30,94.58
2025-10-22,9:35:31.764714747,T,TGT,I,2,94.595
2025-10-22,9:35:32.029035413,T,TGT,F I,77,94.61
2025-10-22,9:35:32.405830119,T,TGT,F I,33,94.64
2025-10-22,9:35:32.406079698,T,TGT,F I,23,94.64
2025-10-22,9:35:32.406094792,T,TGT,F I,2,94.65
2025-10-22,9:35:32.406097915,T,TGT,F I,1,94.65
2025-10-22,9:35:32.406100830,T,TGT,F I,20,94.65
2025-10-22,9:35:40.072986704,T,TGT,F,100,94.55
2025-10-22,9:35:40.072989796,T,TGT,F I,5,94.55
2025-10-22,9:35:40.073122039,T,TGT,,100,94.56
2025-10-22,9:35:40.244966541,T,TGT,I,50,94.56
2025-10-22,9:35:40.244969453,T,TGT,,100,94.58
2025-10-22,9:35:40.244969453,T,TGT,I,57,94.58
2025-10-22,9:35:40.245450595,T,TGT,F I,2,94.58
2025-10-22,9:35:43.470980268,T,TGT,F I,8,94.62
2025-10-22,9:35:43.470980268,T,TGT,F I,91,94.62
2025-10-22,9:35:43.470983239,T,TGT,F I,9,94.62
2025-10-22,9:35:43.480395661,T,TGT,I,2,94.59
2025-10-22,9:35:43.480420317,T,TGT,I,1,94.59
2025-10-22,9:35:44.959192765,T,TGT,I,50,94.585
2025-10-22,9:35:46.280324256,T,TGT,F I,50,94.58
2025-10-22,9:35:47.768960866,T,TGT,F I,75,94.56
2025-10-22,9:35:47.769005969,T,TGT,F I,25,94.56
2025-10-22,9:35:55.884428387,T,TGT,F,100,94.55
2025-10-22,9:35:55.884489216,T,TGT,F I,5,94.54
2025-10-22,9:35:55.901902971,T,TGT,F I,75,94.52
2025-10-22,9:35:55.901924102,T,TGT,F I,25,94.52
2025-10-22,9:35:55.901927373,T,TGT,F,100,94.51
2025-10-22,9:35:55.901927373,T,TGT,F,200,94.5
2025-10-22,9:35:55.901930431,T,TGT,F I,16,94.5
2025-10-22,9:35:55.901930431,T,TGT,F I,6,94.5
2025-10-22,9:35:55.901945071,T,TGT,I,1,94.5
2025-10-22,9:35:55.901966138,T,TGT,I,77,94.5
2025-10-22,9:35:55.901987227,T,TGT,I,9,94.52
2025-10-22,9:35:55.902014679,T,TGT,F I,9,94.5
2025-10-22,9:35:55.902017254,T,TGT,F I,8,94.51
2025-10-22,9:35:55.902044369,T,TGT,F I,2,94.5
2025-10-22,9:35:55.902050427,T,TGT,F I,7,94.5
2025-10-22,9:35:55.902077762,T,TGT,I,2,94.5
2025-10-22,9:35:55.902077762,T,TGT,F I,6,94.5
2025-10-22,9:35:55.902081043,T,TGT,I,2,94.5
2025-10-22,9:35:55.902083404,T,TGT,I,1,94.5
2025-10-22,9:35:55.902092528,T,TGT,F I,3,94.5
2025-10-22,9:35:55.902829235,T,TGT,I,7,94.5
2025-10-22,9:35:55.902904496,T,TGT,F,100,94.5
2025-10-22,9:35:56.855207217,T,TGT,F,100,94.48
2025-10-22,9:35:56.855219255,T,TGT,F I,25,94.48
2025-10-22,9:35:56.855219255,T,TGT,F I,93,94.48
2025-10-22,9:35:56.855231235,T,TGT,I,7,94.48
2025-10-22,9:35:56.855255361,T,TGT,I,21,94.5
2025-10-22,9:35:56.855270306,T,TGT,I,79,94.5
2025-10-22,9:35:56.855282685,T,TGT,I,35,94.5
2025-10-22,9:35:56.855291355,T,TGT,I,1,94.5
2025-10-22,9:35:56.855321465,T,TGT,F I,21,94.48
2025-10-22,9:35:56.855333515,T,TGT,F I,79,94.48
2025-10-22,9:35:58.452300177,T,TGT,F I,18,94.44
2025-10-22,9:35:58.452321191,T,TGT,I,18,94.44
2025-10-22,9:35:58.452964879,T,TGT,F I,50,94.44
2025-10-22,9:35:58.453130299,T,TGT,F I,25,94.44
2025-10-22,9:35:58.850935842,T,TGT,I,2,94.425
2025-10-22,9:35:59.680068239,T,TGT,F I,3,94.46
2025-10-22,9:35:59.680068239,T,TGT,F I,10,94.46
2025-10-22,9:35:59.680128410,T,TGT,F I,10,94.47
2025-10-22,9:35:59.680128410,T,TGT,F I,21,94.47
2025-10-22,9:35:59.680146434,T,TGT,F I,79,94.47
2025-10-22,9:35:59.680732825,T,TGT,F I,31,94.48
2025-10-22,9:35:59.680738869,T,TGT,F I,23,94.48
2025-10-22,9:36:01.387415898,T,TGT,I,3,94.46
2025-10-22,9:36:06.407097813,T,TGT,F I,6,94.53
2025-10-22,9:36:06.407100851,T,TGT,F I,94,94.53
2025-10-22,9:36:06.408972078,T,TGT,I,3,94.55
2025-10-22,9:36:06.408972078,T,TGT,I,41,94.58
2025-10-22,9:36:06.408975108,T,TGT,I,10,94.59
2025-10-22,9:36:06.408975108,T,TGT,I,25,94.59
2025-10-22,9:36:06.408977329,T,TGT,I,4,94.59
2025-10-22,9:36:06.409031452,T,TGT,I,18,94.54
2025-10-22,9:36:06.409043463,T,TGT,I,18,94.54
2025-10-22,9:36:06.409317093,T,TGT,F I,1,94.59
2025-10-22,9:36:06.409329141,T,TGT,F I,1,94.57
2025-10-22,9:36:06.409329141,T,TGT,F I,1,94.57
2025-10-22,9:36:06.409934246,T,TGT,I,18,94.58
2025-10-22,9:36:06.409936866,T,TGT,I,25,94.58
2025-10-22,9:36:06.409939873,T,TGT,I,20,94.59
2025-10-22,9:36:06.409939873,T,TGT,I,25,94.59
2025-10-22,9:36:06.409942661,T,TGT,I,46,94.59
2025-10-22,9:36:06.409990799,T,TGT,I,32,94.56
2025-10-22,9:36:06.410020893,T,TGT,I,25,94.55
2025-10-22,9:36:06.410126109,T,TGT,I,8,94.57
2025-10-22,9:36:06.410168787,T,TGT,I,17,94.57
2025-10-22,9:36:06.410168787,T,TGT,I,26,94.57
2025-10-22,9:36:06.410285483,T,TGT,I,17,94.56
2025-10-22,9:36:06.410469060,T,TGT,I,6,94.56
2025-10-22,9:36:06.410471839,T,TGT,I,6,94.56
2025-10-22,9:36:06.410477951,T,TGT,I,20,94.56
2025-10-22,9:36:07.338741463,T,TGT,I,4,94.53
2025-10-22,9:36:07.338741463,T,TGT,I,27,94.53
2025-10-22,9:36:16.371719229,T,TGT,I,14,94.49
2025-10-22,9:36:16.371722482,T,TGT,I,27,94.49
2025-10-22,9:36:16.371722482,T,TGT,I,52,94.49
2025-10-22,9:36:16.371733877,T,TGT,I,1,94.49
2025-10-22,9:36:16.371736875,T,TGT,F I,47,94.49
2025-10-22,9:36:16.371736875,T,TGT,F I,1,94.49
2025-10-22,9:36:16.371803027,T,TGT,I,9,94.49
2025-10-22,9:36:16.391947950,T,TGT,I,1,94.45
2025-10-22,9:36:16.399526088,T,TGT,F I,33,94.43
2025-10-22,9:36:16.416949574,T,TGT,F I,96,94.43
2025-10-22,9:36:17.319047747,T,TGT,I,4,94.48
2025-10-22,9:36:17.319092834,T,TGT,I,1,94.48
2025-10-22,9:36:17.319116860,T,TGT,F I,99,94.48
2025-10-22,9:36:17.319141173,T,TGT,I,22,94.45
2025-10-22,9:36:17.319143975,T,TGT,I,47,94.45
2025-10-22,9:36:17.319207128,T,TGT,,150,94.46
2025-10-22,9:36:17.319213275,T,TGT,I,22,94.45
2025-10-22,9:36:17.319270199,T,TGT,I,78,94.45
2025-10-22,9:36:17.319655154,T,TGT,I,29,94.44
2025-10-22,9:36:17.319682853,T,TGT,F I,25,94.44
2025-10-22,9:36:17.321294084,T,TGT,,116,94.45
2025-10-22,9:36:17.900640318,T,TGT,F I,10,94.46
2025-10-22,9:36:17.900642347,T,TGT,F I,28,94.46
2025-10-22,9:36:17.900645813,T,TGT,F,207,94.46
2025-10-22,9:36:17.900648614,T,TGT,F I,65,94.46
2025-10-22,9:36:17.900648614,T,TGT,F I,35,94.46
2025-10-22,9:36:17.900651783,T,TGT,F I,1,94.46
2025-10-22,9:36:17.900708447,T,TGT,F I,11,94.46
2025-10-22,9:36:17.900765586,T,TGT,F I,6,94.47
2025-10-22,9:36:17.900834824,T,TGT,I,8,94.46
2025-10-22,9:36:17.900834824,T,TGT,I,10,94.45
2025-10-22,9:36:17.901625675,T,TGT,F,100,94.48
2025-10-22,9:36:17.901682772,T,TGT,I,6,94.49
2025-10-22,9:36:22.990568646,T,TGT,F I,25,94.52
2025-10-22,9:36:26.369566043,T,TGT,,100,94.45
2025-10-22,9:36:26.369566043,T,TGT,,100,94.45
2025-10-22,9:36:26.369617092,T,TGT,I,10,94.44
2025-10-22,9:36:26.369905744,T,TGT,F,100,94.44
2025-10-22,9:36:28.858989862,T,TGT,F,100,94.41
2025-10-22,9:36:28.858989862,T,TGT,F,100,94.4
2025-10-22,9:36:28.858992921,T,TGT,F I,51,94.4
2025-10-22,9:36:28.858992921,T,TGT,F I,49,94.4
2025-10-22,9:36:28.859037856,T,TGT,F I,10,94.39
2025-10-22,9:36:32.244741018,T,TGT,F I,3,94.43
2025-10-22,9:36:32.245333479,T,TGT,,100,94.43
2025-10-22,9:36:33.317808656,T,TGT,F I,75,94.44
2025-10-22,9:36:33.317808656,T,TGT,I,12,94.44
2025-10-22,9:36:35.763827746,T,TGT,I,25,94.44
2025-10-22,9:36:35.763827746,T,TGT,I,84,94.45
2025-10-22,9:36:35.763830054,T,TGT,I,67,94.45
2025-10-22,9:36:36.968936184,T,TGT,F I,75,94.41
2025-10-22,9:36:36.968967217,T,TGT,F I,25,94.41
2025-10-22,9:36:36.968967217,T,TGT,F I,89,94.4
2025-10-22,9:36:36.968969239,T,TGT,F I,11,94.4
2025-10-22,9:36:36.968975226,T,TGT,F,103,94.4
2025-10-22,9:36:36.968987217,T,TGT,I,1,94.4
2025-10-22,9:36:52.134758462,T,TGT,F I,25,94.42
2025-10-22,9:36:52.134838815,T,TGT,F I,37,94.43
2025-10-22,9:37:00.602695178,T,TGT,,100,94.39
2025-10-22,9:37:00.602695178,T,TGT,,100,94.39
2025-10-22,9:37:00.602697785,T,TGT,I,50,94.39
2025-10-22,9:37:00.602953443,T,TGT,F I,5,94.38
2025-10-22,9:37:00.603185063,T,TGT,F I,8,94.39
2025-10-22,9:37:00.603200024,T,TGT,F,100,94.4
2025-10-22,9:37:00.603221046,T,TGT,I,1,94.4
2025-10-22,9:37:00.603594125,T,TGT,I,8,94.38
2025-10-22,9:37:00.603594125,T,TGT,I,6,94.38
2025-10-22,9:37:00.603597680,T,TGT,I,1,94.38
2025-10-22,9:37:00.603600289,T,TGT,,100,94.38
2025-10-22,9:37:00.603600289,T,TGT,I,20,94.38
2025-10-22,9:37:00.603639019,T,TGT,I,5,94.38
2025-10-22,9:37:00.603639019,T,TGT,I,5,94.38
2025-10-22,9:37:00.603657154,T,TGT,F I,10,94.4
2025-10-22,9:37:00.603660207,T,TGT,F,100,94.39
2025-10-22,9:37:00.603690177,T,TGT,F I,8,94.39
2025-10-22,9:37:00.604255890,T,TGT,F,100,94.42
2025-10-22,9:37:00.604255890,T,TGT,F I,14,94.42
2025-10-22,9:37:00.604258539,T,TGT,F I,11,94.42
2025-10-22,9:37:00.604778797,T,TGT,I,27,94.44
2025-10-22,9:37:00.605533532,T,TGT,F I,10,94.44
2025-10-22,9:37:00.605612378,T,TGT,,100,94.44
2025-10-22,9:37:00.605612378,T,TGT,I,11,94.44
2025-10-22,9:37:00.605666382,T,TGT,F,100,94.44
2025-10-22,9:37:00.605668915,T,TGT,F I,11,94.44
2025-10-22,9:37:00.605693275,T,TGT,F,200,94.44
2025-10-22,9:37:00.605759251,T,TGT,F I,4,94.44
2025-10-22,9:37:00.605759251,T,TGT,F I,2,94.45
2025-10-22,9:37:00.605906421,T,TGT,F I,1,94.45
2025-10-22,9:37:00.605990721,T,TGT,F I,3,94.44
2025-10-22,9:37:00.606014736,T,TGT,F I,3,94.45
2025-10-22,9:37:00.606817640,T,TGT,F I,25,94.43
2025-10-22,9:37:00.606817640,T,TGT,F I,38,94.43
2025-10-22,9:37:00.606838697,T,TGT,F,100,94.43
2025-10-22,9:37:00.613421355,T,TGT,,100,94.43
2025-10-22,9:37:00.613442376,T,TGT,I,1,94.43
2025-10-22,9:37:00.613442376,T,TGT,I,1,94.43
2025-10-22,9:37:00.613535625,T,TGT,F I,57,94.44
2025-10-22,9:37:00.613863369,T,TGT,I,12,94.44
2025-10-22,9:37:00.613920590,T,TGT,F,100,94.45
2025-10-22,9:37:00.613920590,T,TGT,F I,8,94.45
2025-10-22,9:37:00.618241846,T,TGT,I,47,94.46
2025-10-22,9:37:00.666771436,T,TGT,F I,75,94.46
2025-10-22,9:37:01.986059787,T,TGT,F I,1,94.45
2025-10-22,9:37:01.986062584,T,TGT,F I,34,94.45
2025-10-22,9:37:01.986065877,T,TGT,F I,34,94.45
2025-10-22,9:37:01.986065877,T,TGT,F I,1,94.45
2025-10-22,9:37:01.986068677,T,TGT,F I,25,94.45
2025-10-22,9:37:01.986071627,T,TGT,F I,5,94.45
2025-10-22,9:37:01.986083638,T,TGT,I,1,94.45
2025-10-22,9:37:01.986095629,T,TGT,I,24,94.45
2025-10-22,9:37:01.986098680,T,TGT,I,2,94.45
2025-10-22,9:37:01.986107662,T,TGT,F I,24,94.45
2025-10-22,9:37:01.986110710,T,TGT,I,26,94.45
2025-10-22,9:37:01.986200938,T,TGT,F I,1,94.45
2025-10-22,9:37:01.986200938,T,TGT,F I,24,94.45
2025-10-22,9:37:02.186769807,T,TGT,I,38,94.45
2025-10-22,9:37:02.771792560,T,TGT,,100,94.455
2025-10-22,9:37:02.772174446,T,TGT,I,34,94.46
2025-10-22,9:37:02.772177455,T,TGT,I,34,94.46
2025-10-22,9:37:02.786750127,T,TGT,I,29,94.44
2025-10-22,9:37:02.786774219,T,TGT,I,1,94.44
2025-10-22,9:37:04.492723512,T,TGT,F I,30,94.45
2025-10-22,9:37:04.492723512,T,TGT,F I,70,94.44
2025-10-22,9:37:04.814706601,T,TGT,F I,28,94.46
2025-10-22,9:37:06.906216485,T,TGT,I,30,94.45
2025-10-22,9:37:10.968134753,T,TGT,I,28,94.44
2025-10-22,9:37:10.968137744,T,TGT,I,9,94.44
2025-10-22,9:37:10.968155853,T,TGT,I,1,94.44
2025-10-22,9:37:10.968498624,T,TGT,I,22,94.44
2025-10-22,9:37:10.968498624,T,TGT,I,31,94.44
2025-10-22,9:37:10.968501676,T,TGT,I,1,94.44
2025-10-22,9:37:10.968537748,T,TGT,I,8,94.44
2025-10-22,9:37:10.968543801,T,TGT,I,1,94.44
2025-10-22,9:37:18.540541497,T,TGT,I,30,94.45
2025-10-22,9:37:18.540541497,T,TGT,I,12,94.45
2025-10-22,9:37:18.862302035,T,TGT,I,1,94.46
2025-10-22,9:37:20.611392177,T,TGT,F I,63,94.45
2025-10-22,9:37:22.378134328,T,TGT,I,7,94.44
2025-10-22,9:37:22.378152353,T,TGT,F I,21,94.44
2025-10-22,9:37:22.378158322,T,TGT,F I,37,94.44
2025-10-22,9:37:32.535072789,T,TGT,F,105,94.43
2025-10-22,9:37:32.535072789,T,TGT,F I,2,94.43
2025-10-22,9:37:32.535072789,T,TGT,F,115,94.43
2025-10-22,9:37:32.535075659,T,TGT,F I,1,94.43
2025-10-22,9:37:32.535120865,T,TGT,F,115,94.43
2025-10-22,9:37:32.535120865,T,TGT,F,115,94.43
2025-10-22,9:37:32.535139397,T,TGT,F I,47,94.43
2025-10-22,9:37:32.535139397,T,TGT,F I,33,94.43
2025-10-22,9:37:32.535141686,T,TGT,F I,10,94.43
2025-10-22,9:37:32.535144634,T,TGT,F I,5,94.43
2025-10-22,9:37:32.535722108,T,TGT,,100,94.43
2025-10-22,9:37:32.535743130,T,TGT,I,38,94.43
2025-10-22,9:37:32.535758134,T,TGT,,100,94.44
2025-10-22,9:37:32.536855832,T,TGT,I,35,94.44
2025-10-22,9:37:32.537451433,T,TGT,I,35,94.45
2025-10-22,9:37:32.537451433,T,TGT,,116,94.47
2025-10-22,9:37:38.769955622,T,TGT,F,120,94.49
2025-10-22,9:37:38.769973742,T,TGT,I,8,94.49
2025-10-22,9:37:38.769979672,T,TGT,F I,72,94.49
2025-10-22,9:37:38.769979672,T,TGT,F I,4,94.49
2025-10-22,9:37:38.770890854,T,TGT,I,11,94.51
2025-10-22,9:37:39.342820486,T,TGT,,100,94.51
2025-10-22,9:37:39.342838539,T,TGT,F I,35,94.51
2025-10-22,9:37:39.342841550,T,TGT,F,100,94.51
2025-10-22,9:37:39.343337675,T,TGT,F I,50,94.5
2025-10-22,9:37:39.345379547,T,TGT,I,26,94.47
2025-10-22,9:37:42.900713923,T,TGT,I,12,94.48
2025-10-22,9:37:44.967940908,T,TGT,F I,37,94.51
2025-10-22,9:38:04.206334925,T,TGT,F I,75,94.5
2025-10-22,9:38:04.206383018,T,TGT,F I,25,94.5
2025-10-22,9:38:04.223018719,T,TGT,I,10,94.53
2025-10-22,9:38:04.223021859,T,TGT,I,17,94.54
2025-10-22,9:38:04.223021859,T,TGT,I,34,94.54
2025-10-22,9:38:04.223024716,T,TGT,I,10,94.54
2025-10-22,9:38:04.223150966,T,TGT,,100,94.54
2025-10-22,9:38:04.461186290,T,TGT,F I,25,94.52
2025-10-22,9:38:04.461186290,T,TGT,F I,50,94.54
2025-10-22,9:38:05.198314498,T,TGT,F I,25,94.54
2025-10-22,9:38:05.198314498,T,TGT,F I,29,94.54
2025-10-22,9:38:05.198344315,T,TGT,F I,71,94.54
2025-10-22,9:38:05.198347305,T,TGT,F I,4,94.54
2025-10-22,9:38:05.543055643,T,TGT,F I,75,94.54
2025-10-22,9:38:05.543098843,T,TGT,F I,21,94.54
2025-10-22,9:38:05.543100756,T,TGT,F I,25,94.54
2025-10-22,9:38:08.574325397,T,TGT,I,24,94.51
2025-10-22,9:38:10.231561582,T,TGT,I,26,94.54
2025-10-22,9:38:10.231564599,T,TGT,I,74,94.54
2025-10-22,9:38:10.231582705,T,TGT,F I,26,94.54
2025-10-22,9:38:15.692514993,T,TGT,F I,30,94.56
2025-10-22,9:38:18.856902912,T,TGT,F I,32,94.54
2025-10-22,9:38:18.856906142,T,TGT,F,100,94.53
2025-10-22,9:38:18.856906142,T,TGT,F I,52,94.53
2025-10-22,9:38:18.857014083,T,TGT,F,100,94.53
2025-10-22,9:38:19.842973232,T,TGT,F I,2,94.55
2025-10-22,9:38:27.896174279,T,TGT,,100,94.555
2025-10-22,9:38:29.102020215,T,TGT,I,12,94.55
2025-10-22,9:38:29.102023226,T,TGT,I,25,94.56
2025-10-22,9:38:29.102023226,T,TGT,I,28,94.56
2025-10-22,9:38:29.102603505,T,TGT,I,30,94.57
2025-10-22,9:38:29.102606520,T,TGT,I,25,94.57
2025-10-22,9:38:32.122975929,T,TGT,F I,4,94.53
2025-10-22,9:38:32.122978378,T,TGT,F I,4,94.53
2025-10-22,9:38:32.123017875,T,TGT,I,92,94.53
2025-10-22,9:38:32.123017875,T,TGT,I,51,94.53
2025-10-22,9:38:32.165598900,T,TGT,F,100,94.52
2025-10-22,9:38:32.165722264,T,TGT,,100,94.535
2025-10-22,9:38:33.417767159,T,TGT,I,1,94.53
2025-10-22,9:38:41.383231344,T,TGT,F I,6,94.54
2025-10-22,9:38:46.597537264,T,TGT,F I,1,94.58
2025-10-22,9:38:46.597540093,T,TGT,F I,34,94.58
2025-10-22,9:38:47.086012198,T,TGT,F,100,94.6
2025-10-22,9:38:47.086012198,T,TGT,F I,4,94.6
2025-10-22,9:38:47.086014865,T,TGT,F I,5,94.6
2025-10-22,9:38:47.086811629,T,TGT,F I,10,94.61
2025-10-22,9:38:47.086919993,T,TGT,F I,35,94.62
2025-10-22,9:38:58.896803092,T,TGT,I,2,94.6
2025-10-22,9:39:05.078682410,T,TGT,F,100,94.57
2025-10-22,9:39:05.080420222,T,TGT,F,100,94.51
2025-10-22,9:39:05.080420222,T,TGT,F I,5,94.51
2025-10-22,9:39:05.083908467,T,TGT,F I,5,94.5
2025-10-22,9:39:06.446611071,T,TGT,I,75,94.505
2025-10-22,9:39:08.603674174,T,TGT,F,100,94.48
2025-10-22,9:39:08.605550645,T,TGT,F I,50,94.46
2025-10-22,9:39:08.606067835,T,TGT,,100,94.47
2025-10-22,9:39:10.151750314,T,TGT,F,167,94.43
2025-10-22,9:39:10.151801378,T,TGT,F,149,94.44
2025-10-22,9:39:10.151834507,T,TGT,F I,51,94.44
2025-10-22,9:39:11.778978045,T,TGT,I,6,94.42
2025-10-22,9:39:11.779005239,T,TGT,F I,8,94.42
2025-10-22,9:39:12.865442560,T,TGT,,199,94.4
2025-10-22,9:39:12.865463533,T,TGT,I,1,94.4
2025-10-22,9:39:14.933430325,T,TGT,I,13,94.33
2025-10-22,9:39:14.933430325,T,TGT,F I,75,94.33
2025-10-22,9:39:14.934347435,T,TGT,I,12,94.32
2025-10-22,9:39:16.320942035,T,TGT,I,42,94.34
2025-10-22,9:39:16.320963464,T,TGT,F,151,94.34
2025-10-22,9:39:16.320963464,T,TGT,F,400,94.34
2025-10-22,9:39:16.320966037,T,TGT,F I,4,94.34
2025-10-22,9:39:16.515243911,T,TGT,F I,6,94.35
2025-10-22,9:39:16.515246875,T,TGT,F I,8,94.35
2025-10-22,9:39:16.515246875,T,TGT,F I,9,94.35
2025-10-22,9:39:16.515249931,T,TGT,F,100,94.35
2025-10-22,9:39:20.894096480,T,TGT,I,50,94.36
2025-10-22,9:39:20.894099107,T,TGT,,255,94.36
2025-10-22,9:39:20.894117166,T,TGT,F,445,94.36
2025-10-22,9:39:24.193190191,T,TGT,F I,84,94.38
2025-10-22,9:39:24.193190191,T,TGT,F I,10,94.38
2025-10-22,9:39:24.193192989,T,TGT,F I,6,94.38
2025-10-22,9:39:24.193208061,T,TGT,I,1,94.38
2025-10-22,9:39:24.193226186,T,TGT,I,3,94.38
2025-10-22,9:39:24.193226186,T,TGT,I,3,94.38
2025-10-22,9:39:24.193229682,T,TGT,I,3,94.38
2025-10-22,9:39:24.193232124,T,TGT,I,2,94.38
2025-10-22,9:39:24.193638876,T,TGT,F I,8,94.37
2025-10-22,9:39:24.193638876,T,TGT,F I,10,94.37
2025-10-22,9:39:24.248251100,T,TGT,I,30,94.345
2025-10-22,9:39:24.248255016,T,TGT,I,34,94.36
2025-10-22,9:39:24.248257751,T,TGT,,100,94.36
2025-10-22,9:39:24.248260167,T,TGT,I,2,94.36
2025-10-22,9:39:24.248260167,T,TGT,I,18,94.36
2025-10-22,9:39:24.248263133,T,TGT,,770,94.36
2025-10-22,9:39:24.248281273,T,TGT,I,30,94.36
2025-10-22,9:39:36.698843755,T,TGT,F,100,94.33
2025-10-22,9:39:39.099565416,T,TGT,F I,4,94.33
2025-10-22,9:39:39.099568461,T,TGT,F I,31,94.33
2025-10-22,9:39:39.099571499,T,TGT,F I,1,94.33
2025-10-22,9:39:39.099574402,T,TGT,F I,4,94.33
2025-10-22,9:39:39.099586440,T,TGT,I,14,94.33
2025-10-22,9:39:44.719880342,T,TGT,F I,1,94.3
2025-10-22,9:39:44.719883415,T,TGT,F I,2,94.3
2025-10-22,9:39:44.719907400,T,TGT,F I,97,94.3
2025-10-22,9:39:47.869833928,T,TGT,,100,94.3
2025-10-22,9:39:53.071581630,T,TGT,,100,94.29
2025-10-22,9:39:53.071584655,T,TGT,I,1,94.29
2025-10-22,9:39:55.960321330,T,TGT,F I,4,94.31
2025-10-22,9:39:59.633974999,T,TGT,I,76,94.27
2025-10-22,9:40:01.642045002,T,TGT,,100,94.26
2025-10-22,9:40:01.802456186,T,TGT,F I,6,94.25
2025-10-22,9:40:02.055605368,T,TGT,F I,3,94.24
2025-10-22,9:40:02.055614372,T,TGT,F I,3,94.24
2025-10-22,9:40:05.240360799,T,TGT,I,46,94.23
2025-10-22,9:40:07.564435676,T,TGT,I,89,94.23
2025-10-22,9:40:07.564453765,T,TGT,I,1,94.23
2025-10-22,9:40:07.564964961,T,TGT,F I,50,94.23
2025-10-22,9:40:08.502547778,T,TGT,F I,26,94.25
2025-10-22,9:40:08.502547778,T,TGT,F I,25,94.25
2025-10-22,9:40:08.503952063,T,TGT,I,74,94.24
2025-10-22,9:40:10.229057051,T,TGT,I,1,94.235
2025-10-22,9:40:13.362681630,T,TGT,F I,5,94.21
2025-10-22,9:40:13.362681630,T,TGT,F,100,94.21
2025-10-22,9:40:13.363340249,T,TGT,F I,50,94.2
2025-10-22,9:40:18.998472026,T,TGT,F I,1,94.17
2025-10-22,9:40:18.998913572,T,TGT,F,100,94.16
2025-10-22,9:40:25.526893028,T,TGT,F I,13,94.12
2025-10-22,9:40:28.181049824,T,TGT,F I,20,94.08
2025-10-22,9:40:28.562944243,T,TGT,F,100,94.09
2025-10-22,9:40:28.562944243,T,TGT,F I,52,94.09
2025-10-22,9:40:28.562962289,T,TGT,I,1,94.09
2025-10-22,9:40:28.562962289,T,TGT,F I,47,94.09
2025-10-22,9:40:28.823680364,T,TGT,I,43,94.08
2025-10-22,9:40:29.600674581,T,TGT,,100,94.08
2025-10-22,9:40:29.600692512,T,TGT,I,1,94.08
2025-10-22,9:40:29.600701636,T,TGT,I,7,94.08
2025-10-22,9:40:29.600705637,T,TGT,I,7,94.08
2025-10-22,9:40:29.600709190,T,TGT,I,7,94.08
2025-10-22,9:40:29.600709190,T,TGT,I,5,94.08
2025-10-22,9:40:29.600713590,T,TGT,I,33,94.08
2025-10-22,9:40:29.600713590,T,TGT,,400,94.08
2025-10-22,9:40:29.600816492,T,TGT,,100,94.1
2025-10-22,9:40:29.601254885,T,TGT,,265,94.1
2025-10-22,9:40:29.601483472,T,TGT,F,100,94.1
2025-10-22,9:40:29.601543567,T,TGT,F,100,94.1
2025-10-22,9:40:29.610201251,T,TGT,F,100,94.09
2025-10-22,9:40:29.610222273,T,TGT,I,1,94.09
2025-10-22,9:40:29.610264364,T,TGT,,100,94.1
2025-10-22,9:40:29.610267668,T,TGT,I,1,94.1
2025-10-22,9:40:29.610784635,T,TGT,F I,60,94.1
2025-10-22,9:40:29.610814658,T,TGT,I,23,94.11
2025-10-22,9:40:29.746726430,T,TGT,I,1,94.12
2025-10-22,9:40:29.746744533,T,TGT,F I,59,94.12
2025-10-22,9:40:29.746747480,T,TGT,I,1,94.12
2025-10-22,9:40:29.746759523,T,TGT,I,99,94.12
2025-10-22,9:40:29.747183534,T,TGT,F I,1,94.12
2025-10-22,9:40:30.166039507,T,TGT,F I,1,94.12
2025-10-22,9:40:30.166325200,T,TGT,F,137,94.13
2025-10-22,9:40:30.166325200,T,TGT,F I,15,94.13
2025-10-22,9:40:30.166331119,T,TGT,F,185,94.13
2025-10-22,9:40:30.319272502,T,TGT,F,100,94.15
2025-10-22,9:40:30.319275557,T,TGT,F I,40,94.15
2025-10-22,9:40:32.701653508,T,TGT,F,100,94.155
2025-10-22,9:40:32.701656404,T,TGT,F I,15,94.16
2025-10-22,9:40:32.701659324,T,TGT,F I,26,94.16
2025-10-22,9:40:32.701659324,T,TGT,F I,9,94.16
2025-10-22,9:40:32.701839829,T,TGT,F I,10,94.16
2025-10-22,9:40:32.701843239,T,TGT,F I,40,94.17
2025-10-22,9:40:32.701843239,T,TGT,F I,56,94.17
2025-10-22,9:40:32.701845857,T,TGT,F I,9,94.17
2025-10-22,9:40:32.701860910,T,TGT,I,1,94.17
2025-10-22,9:40:32.701876235,T,TGT,I,1,94.17
2025-10-22,9:40:32.701878847,T,TGT,I,1,94.17
2025-10-22,9:40:32.701902976,T,TGT,I,7,94.17
2025-10-22,9:40:32.701984106,T,TGT,I,1,94.16
2025-10-22,9:40:32.702008218,T,TGT,F I,8,94.16
2025-10-22,9:40:32.702008218,T,TGT,F I,23,94.16
2025-10-22,9:40:32.702260795,T,TGT,F I,1,94.17
2025-10-22,9:40:32.702264136,T,TGT,F I,8,94.17
2025-10-22,9:40:32.702267027,T,TGT,F I,6,94.17
2025-10-22,9:40:32.702267027,T,TGT,F I,1,94.17
2025-10-22,9:40:32.702269874,T,TGT,F I,3,94.17
2025-10-22,9:40:34.043558303,T,TGT,F I,65,94.15
2025-10-22,9:40:34.043579406,T,TGT,I,29,94.15
2025-10-22,9:40:34.043579406,T,TGT,I,1,94.15
2025-10-22,9:40:34.043582411,T,TGT,F I,5,94.15
2025-10-22,9:40:39.811428850,T,TGT,F,136,94.13
2025-10-22,9:40:39.811431981,T,TGT,I,14,94.13
2025-10-22,9:40:39.811504318,T,TGT,F I,34,94.14
2025-10-22,9:40:39.811504318,T,TGT,F I,97,94.14
2025-10-22,9:40:39.811507052,T,TGT,F I,5,94.14
2025-10-22,9:40:41.158124337,T,TGT,F I,20,94.16
2025-10-22,9:40:41.158124337,T,TGT,F I,81,94.16
2025-10-22,9:40:41.158349828,T,TGT,F I,4,94.17
2025-10-22,9:40:41.759400767,T,TGT,F I,15,94.15
2025-10-22,9:40:41.759427800,T,TGT,I,81,94.15
2025-10-22,9:40:41.759448943,T,TGT,I,1,94.15
2025-10-22,9:40:41.759912066,T,TGT,F I,13,94.15
2025-10-22,9:40:44.559169978,T,TGT,,100,94.145
2025-10-22,9:40:46.966961461,T,TGT,F I,75,94.13
2025-10-22,9:40:50.326111363,T,TGT,,100,94.145
2025-10-22,9:40:50.349449918,T,TGT,,100,94.14
2025-10-22,9:40:52.408816322,T,TGT,F I,50,94.16
2025-10-22,9:40:55.067125470,T,TGT,F I,1,94.16
2025-10-22,9:40:56.081442025,T,TGT,F,100,94.17
2025-10-22,9:40:56.083456876,T,TGT,F I,2,94.19
2025-10-22,9:40:56.088987075,T,TGT,F I,2,94.19
2025-10-22,9:40:56.088987075,T,TGT,F,100,94.19
2025-10-22,9:40:56.090617442,T,TGT,F I,50,94.2
2025-10-22,9:40:56.090619955,T,TGT,F I,5,94.2
2025-10-22,9:40:56.090622898,T,TGT,F,100,94.2
2025-10-22,9:40:56.090653062,T,TGT,F,100,94.2
2025-10-22,9:40:56.090707193,T,TGT,F I,1,94.21
2025-10-22,9:41:01.001343363,T,TGT,F,100,94.24
2025-10-22,9:41:01.001499763,T,TGT,,100,94.25
2025-10-22,9:41:02.385285490,T,TGT,F I,1,94.26
2025-10-22,9:41:02.385285490,T,TGT,F I,26,94.26
2025-10-22,9:41:04.480575360,T,TGT,F I,75,94.28
2025-10-22,9:41:06.256994458,T,TGT,F I,11,94.28
2025-10-22,9:41:10.721800552,T,TGT,F I,25,94.28
2025-10-22,9:41:10.721800552,T,TGT,F I,50,94.28
2025-10-22,9:41:15.674428617,T,TGT,I,14,94.24
2025-10-22,9:41:15.675890144,T,TGT,,100,94.24
2025-10-22,9:41:20.547430287,T,TGT,I,30,94.27
2025-10-22,9:41:20.547433585,T,TGT,I,5,94.27
2025-10-22,9:41:20.547433585,T,TGT,I,7,94.27
2025-10-22,9:41:25.122190360,T,TGT,F I,14,94.29
2025-10-22,9:41:26.507407649,T,TGT,I,26,94.3
2025-10-22,9:41:26.507407649,T,TGT,I,3,94.31
2025-10-22,9:41:26.507410564,T,TGT,I,31,94.31
2025-10-22,9:41:26.507687232,T,TGT,F I,20,94.31
2025-10-22,9:41:26.508709751,T,TGT,F,100,94.3
2025-10-22,9:41:26.508727806,T,TGT,I,1,94.3
2025-10-22,9:41:26.509726090,T,TGT,F I,1,94.31
2025-10-22,9:41:28.814474105,T,TGT,F I,2,94.35
2025-10-22,9:41:28.814862053,T,TGT,I,16,94.37
2025-10-22,9:41:35.493121641,T,TGT,F I,3,94.4
2025-10-22,9:41:35.493169738,T,TGT,I,13,94.4
2025-10-22,9:41:41.692751920,T,TGT,,100,94.375
2025-10-22,9:41:42.182970716,T,TGT,F I,8,94.37
2025-10-22,9:41:42.183331661,T,TGT,I,6,94.37
2025-10-22,9:41:42.191111184,T,TGT,I,10,94.37
2025-10-22,9:41:42.340840847,T,TGT,I,22,94.38
2025-10-22,9:41:44.637466418,T,TGT,F I,23,94.4
2025-10-22,9:41:49.929573465,T,TGT,I,22,94.37
2025-10-22,9:41:58.582875574,T,TGT,I,52,94.4
2025-10-22,9:41:58.583482799,T,TGT,I,50,94.41
2025-10-22,9:41:58.583485818,T,TGT,I,8,94.41
2025-10-22,9:41:58.786631919,T,TGT,F I,12,94.43
2025-10-22,9:41:58.786875342,T,TGT,F I,3,94.41
2025-10-22,9:41:58.786884358,T,TGT,F I,3,94.41
2025-10-22,9:41:58.787308528,T,TGT,F I,3,94.43
2025-10-22,9:41:58.787311342,T,TGT,F I,2,94.43
2025-10-22,9:41:58.788366888,T,TGT,F I,11,94.41
2025-10-22,9:41:58.789061529,T,TGT,F I,25,94.4
2025-10-22,9:41:58.789548690,T,TGT,F I,21,94.39
2025-10-22,9:41:58.789557704,T,TGT,F I,5,94.39
2025-10-22,9:41:58.789557704,T,TGT,F I,2,94.39
2025-10-22,9:41:58.789573286,T,TGT,F I,23,94.39
2025-10-22,9:41:58.790120183,T,TGT,I,27,94.4
2025-10-22,9:41:58.790123078,T,TGT,I,12,94.4
2025-10-22,9:41:58.790126215,T,TGT,I,32,94.4
2025-10-22,9:41:58.790177194,T,TGT,F,100,94.4
2025-10-22,9:41:58.790180219,T,TGT,F I,1,94.4
2025-10-22,9:41:58.790183276,T,TGT,F I,48,94.4
2025-10-22,9:41:58.791262793,T,TGT,F I,25,94.4
2025-10-22,9:41:58.793094164,T,TGT,,100,94.4
2025-10-22,9:42:01.324967167,T,TGT,F I,32,94.38
2025-10-22,9:42:01.324967167,T,TGT,F I,24,94.38
2025-10-22,9:42:01.324971259,T,TGT,F I,4,94.38
2025-10-22,9:42:01.324971259,T,TGT,F I,8,94.38
2025-10-22,9:42:01.324974392,T,TGT,F I,4,94.38
2025-10-22,9:42:01.324974392,T,TGT,F I,60,94.38
2025-10-22,9:42:01.324976242,T,TGT,F I,1,94.38
2025-10-22,9:42:01.325042393,T,TGT,F I,1,94.38
2025-10-22,9:42:01.354079534,T,TGT,F I,1,94.38
2025-10-22,9:42:01.427649832,T,TGT,F I,30,94.4
2025-10-22,9:42:08.355374596,T,TGT,,100,94.38
2025-10-22,9:42:08.366519137,T,TGT,I,40,94.4
2025-10-22,9:42:08.366519137,T,TGT,I,5,94.4
2025-10-22,9:42:09.826028359,T,TGT,I,16,94.4
2025-10-22,9:42:16.454034951,T,TGT,I,1,94.4
2025-10-22,9:42:16.454034951,T,TGT,I,20,94.4
2025-10-22,9:42:17.046624352,T,TGT,F I,5,94.41
2025-10-22,9:42:17.046647749,T,TGT,F I,53,94.42
2025-10-22,9:42:17.046647749,T,TGT,F I,20,94.42
2025-10-22,9:42:17.047483732,T,TGT,F,100,94.44
2025-10-22,9:42:18.166750244,T,TGT,F,100,94.45
2025-10-22,9:42:18.168675384,T,TGT,,100,94.47
2025-10-22,9:42:18.168675384,T,TGT,I,25,94.48
2025-10-22,9:42:18.168681310,T,TGT,I,25,94.48
2025-10-22,9:42:18.168681310,T,TGT,I,10,94.49
2025-10-22,9:42:18.168683986,T,TGT,I,1,94.49
2025-10-22,9:42:18.168687999,T,TGT,I,25,94.49
2025-10-22,9:42:18.168687999,T,TGT,I,10,94.5
2025-10-22,9:42:18.168690051,T,TGT,I,10,94.5
2025-10-22,9:42:18.168693048,T,TGT,I,5,94.5
2025-10-22,9:42:18.168693048,T,TGT,I,80,94.5
2025-10-22,9:42:18.169228215,T,TGT,,100,94.5
2025-10-22,9:42:21.453635082,T,TGT,F,100,94.48
2025-10-22,9:42:21.453635082,T,TGT,F,100,94.47
2025-10-22,9:42:21.453635082,T,TGT,F,100,94.47
2025-10-22,9:42:21.453637998,T,TGT,F,367,94.47
2025-10-22,9:42:21.453650029,T,TGT,I,1,94.47
2025-10-22,9:42:21.453653232,T,TGT,I,83,94.47
2025-10-22,9:42:21.453653232,T,TGT,I,1,94.47
2025-10-22,9:42:21.453659102,T,TGT,F I,15,94.47
2025-10-22,9:42:21.454687531,T,TGT,F,100,94.47
2025-10-22,9:42:21.465648639,T,TGT,I,48,94.47
2025-10-22,9:42:21.465666642,T,TGT,I,10,94.47
2025-10-22,9:42:21.465672845,T,TGT,F I,42,94.47
2025-10-22,9:42:21.465672845,T,TGT,F,100,94.47
2025-10-22,9:42:21.465675723,T,TGT,F,100,94.47
2025-10-22,9:42:21.465934367,T,TGT,F I,36,94.48
2025-10-22,9:42:23.563446551,T,TGT,F I,10,94.5
2025-10-22,9:42:23.564396781,T,TGT,I,1,94.51
2025-10-22,9:42:27.678744987,T,TGT,F I,17,94.49
2025-10-22,9:42:27.678747936,T,TGT,F I,28,94.49
2025-10-22,9:42:27.678771983,T,TGT,I,12,94.49
2025-10-22,9:42:38.638061289,T,TGT,,100,94.52
2025-10-22,9:42:38.638063810,T,TGT,,100,94.53
2025-10-22,9:42:40.161379019,T,TGT,F I,28,94.54
2025-10-22,9:42:40.161382022,T,TGT,F I,51,94.54
2025-10-22,9:42:40.161385033,T,TGT,F,100,94.54
2025-10-22,9:42:40.161387964,T,TGT,F I,4,94.54
2025-10-22,9:42:40.161415071,T,TGT,F I,10,94.55
2025-10-22,9:42:42.347404416,T,TGT,F,100,94.57
2025-10-22,9:42:42.347407275,T,TGT,F I,52,94.57
2025-10-22,9:42:42.347407275,T,TGT,F,100,94.57
2025-10-22,9:42:42.348194953,T,TGT,,200,94.58
2025-10-22,9:42:47.777669259,T,TGT,F I,45,94.59
2025-10-22,9:42:47.777669259,T,TGT,F I,19,94.59
2025-10-22,9:42:55.167321434,T,TGT,F,100,94.55
2025-10-22,9:42:55.167321434,T,TGT,F I,14,94.55
2025-10-22,9:42:55.202135400,T,TGT,I,58,94.57
2025-10-22,9:42:55.202156433,T,TGT,I,7,94.57
2025-10-22,9:42:55.618239745,T,TGT,I,20,94.59
2025-10-22,9:42:55.618483277,T,TGT,F I,50,94.6
2025-10-22,9:42:55.618486373,T,TGT,F,300,94.6
2025-10-22,9:42:55.619030579,T,TGT,F I,16,94.6
2025-10-22,9:42:55.619072698,T,TGT,I,34,94.6
2025-10-22,9:42:55.619076145,T,TGT,,100,94.6
2025-10-22,9:42:55.619078785,T,TGT,,100,94.59
2025-10-22,9:42:55.619081726,T,TGT,I,6,94.59
2025-10-22,9:42:55.619099940,T,TGT,I,1,94.59
2025-10-22,9:42:55.619099940,T,TGT,I,1,94.59
2025-10-22,9:42:55.619114903,T,TGT,I,38,94.59
2025-10-22,9:42:55.619139547,T,TGT,I,48,94.59
2025-10-22,9:42:55.619141866,T,TGT,I,34,94.59
2025-10-22,9:42:56.326598331,T,TGT,F I,25,94.58
2025-10-22,9:42:57.384948825,T,TGT,F I,94,94.57
2025-10-22,9:42:57.384969844,T,TGT,I,1,94.57
2025-10-22,9:42:57.384973181,T,TGT,I,1,94.57
2025-10-22,9:42:57.384975877,T,TGT,F I,4,94.57
2025-10-22,9:42:57.385878091,T,TGT,I,18,94.57
2025-10-22,9:42:57.385880975,T,TGT,I,36,94.57
2025-10-22,9:42:57.385880975,T,TGT,I,2,94.57
2025-10-22,9:42:58.985806815,T,TGT,I,2,94.58
2025-10-22,9:43:04.257344885,T,TGT,I,7,94.6
2025-10-22,9:43:04.257347844,T,TGT,I,1,94.6
2025-10-22,9:43:08.932848429,T,TGT,F,100,94.61
2025-10-22,9:43:08.932851297,T,TGT,F I,38,94.61
2025-10-22,9:43:08.932851297,T,TGT,F I,14,94.61
2025-10-22,9:43:08.932853952,T,TGT,F I,40,94.61
2025-10-22,9:43:10.829048525,T,TGT,F I,5,94.62
2025-10-22,9:43:10.829992798,T,TGT,F I,1,94.61
2025-10-22,9:43:10.979051862,T,TGT,F I,74,94.6
2025-10-22,9:43:10.979072860,T,TGT,I,1,94.6
2025-10-22,9:43:10.979072860,T,TGT,I,1,94.6
2025-10-22,9:43:10.979090943,T,TGT,I,24,94.6
2025-10-22,9:43:13.440620392,T,TGT,I,1,94.61
2025-10-22,9:43:13.441570780,T,TGT,F I,26,94.6
2025-10-22,9:43:13.441570780,T,TGT,F I,8,94.6
2025-10-22,9:43:18.643913843,T,TGT,F I,26,94.61
2025-10-22,9:43:18.643916843,T,TGT,F I,21,94.61
2025-10-22,9:43:18.643920134,T,TGT,F I,1,94.61
2025-10-22,9:43:18.643920134,T,TGT,F I,21,94.61
2025-10-22,9:43:21.521237878,T,TGT,F I,15,94.62
2025-10-22,9:43:21.521237878,T,TGT,F I,18,94.62
2025-10-22,9:43:21.721626210,T,TGT,F I,54,94.64
2025-10-22,9:43:21.721629304,T,TGT,F,100,94.64
2025-10-22,9:43:21.721650355,T,TGT,I,1,94.64
2025-10-22,9:43:23.014081387,T,TGT,F I,23,94.66
2025-10-22,9:43:23.021163513,T,TGT,F I,25,94.65
2025-10-22,9:43:23.021163513,T,TGT,F I,20,94.65
2025-10-22,9:43:23.021202337,T,TGT,I,10,94.64
2025-10-22,9:43:23.021205417,T,TGT,I,28,94.64
2025-10-22,9:43:23.022375256,T,TGT,I,1,94.65
2025-10-22,9:43:23.022375256,T,TGT,I,25,94.65
2025-10-22,9:43:23.022436533,T,TGT,F I,1,94.64
2025-10-22,9:43:23.022456750,T,TGT,I,11,94.64
2025-10-22,9:43:23.022456750,T,TGT,F I,1,94.64
2025-10-22,9:43:23.022459463,T,TGT,I,1,94.64
2025-10-22,9:43:23.022477814,T,TGT,F I,5,94.65
2025-10-22,9:43:23.022493380,T,TGT,I,86,94.64
2025-10-22,9:43:23.022493380,T,TGT,I,26,94.64
2025-10-22,9:43:23.022498521,T,TGT,I,1,94.64
2025-10-22,9:43:23.022510514,T,TGT,I,1,94.65
2025-10-22,9:43:23.022526344,T,TGT,F I,49,94.65
2025-10-22,9:43:23.022526344,T,TGT,F I,50,94.65
2025-10-22,9:43:23.022529128,T,TGT,F I,5,94.65
2025-10-22,9:43:23.022618808,T,TGT,F I,5,94.65
2025-10-22,9:43:23.022727527,T,TGT,F I,10,94.64
2025-10-22,9:43:23.022730334,T,TGT,F I,20,94.64
2025-10-22,9:43:23.022751105,T,TGT,I,1,94.64
2025-10-22,9:43:23.022820861,T,TGT,F I,5,94.64
2025-10-22,9:43:23.022823246,T,TGT,F I,50,94.64
2025-10-22,9:43:23.023018706,T,TGT,F I,25,94.64
2025-10-22,9:43:23.024777940,T,TGT,F I,26,94.63
2025-10-22,9:43:23.024780884,T,TGT,F I,29,94.63
2025-10-22,9:43:23.024801972,T,TGT,I,1,94.63
2025-10-22,9:43:23.025051621,T,TGT,,126,94.63
2025-10-22,9:43:23.025082198,T,TGT,I,1,94.64
2025-10-22,9:43:23.025087723,T,TGT,I,2,94.64
2025-10-22,9:43:23.025087723,T,TGT,I,19,94.64
2025-10-22,9:43:23.025096703,T,TGT,I,55,94.64
2025-10-22,9:43:23.025105653,T,TGT,F I,45,94.64
2025-10-22,9:43:23.025175608,T,TGT,F I,1,94.64
2025-10-22,9:43:23.025175608,T,TGT,F,165,94.64
2025-10-22,9:43:24.120336005,T,TGT,F I,5,94.64
2025-10-22,9:43:24.120347965,T,TGT,F I,2,94.64
2025-10-22,9:43:24.120357084,T,TGT,I,1,94.64
2025-10-22,9:43:24.120360007,T,TGT,I,71,94.64
2025-10-22,9:43:24.120363250,T,TGT,I,48,94.64
2025-10-22,9:43:24.120378078,T,TGT,I,52,94.64
2025-10-22,9:43:24.120378078,T,TGT,I,10,94.64
2025-10-22,9:43:25.150446169,T,TGT,I,32,94.64
2025-10-22,9:43:25.150452185,T,TGT,I,68,94.64
2025-10-22,9:43:25.150464150,T,TGT,I,1,94.64
2025-10-22,9:43:25.150467190,T,TGT,F I,17,94.64
2025-10-22,9:43:26.151663502,T,TGT,F I,5,94.65
2025-10-22,9:43:26.151669543,T,TGT,F,100,94.65
2025-10-22,9:43:26.151669543,T,TGT,F I,32,94.65
2025-10-22,9:43:36.010224822,T,TGT,F I,14,94.68
2025-10-22,9:43:36.010224822,T,TGT,F I,50,94.68
2025-10-22,9:43:36.010228684,T,TGT,F I,19,94.68
2025-10-22,9:43:36.010231522,T,TGT,F,100,94.68
2025-10-22,9:43:36.010233851,T,TGT,F I,5,94.68
2025-10-22,9:43:45.419417159,T,TGT,F I,13,94.7
2025-10-22,9:43:45.419771383,T,TGT,F I,54,94.7
2025-10-22,9:43:45.420081114,T,TGT,F I,1,94.71
2025-10-22,9:43:47.417355472,T,TGT,I,51,94.695
2025-10-22,9:43:52.180941628,T,TGT,F I,1,94.67
2025-10-22,9:43:52.180944420,T,TGT,F I,6,94.67
2025-10-22,9:43:52.180959448,T,TGT,F I,13,94.67
2025-10-22,9:43:52.189472755,T,TGT,F I,1,94.64
2025-10-22,9:43:52.189475734,T,TGT,F,100,94.64
2025-10-22,9:43:52.190239555,T,TGT,F,100,94.63
2025-10-22,9:43:52.190257687,T,TGT,I,8,94.63
2025-10-22,9:43:52.190263646,T,TGT,I,1,94.63
2025-10-22,9:43:52.190269642,T,TGT,I,9,94.63
2025-10-22,9:43:52.190272673,T,TGT,I,10,94.63
2025-10-22,9:43:52.190272673,T,TGT,I,8,94.63
2025-10-22,9:43:52.456039933,T,TGT,F I,17,94.63
2025-10-22,9:43:52.456547976,T,TGT,,100,94.63
2025-10-22,9:43:55.530306632,T,TGT,I,1,94.64
2025-10-22,9:43:55.530306632,T,TGT,I,5,94.64
2025-10-22,9:43:55.530309032,T,TGT,I,28,94.64
2025-10-22,9:43:55.530642979,T,TGT,I,1,94.63
2025-10-22,9:43:55.530642979,T,TGT,,238,94.63
2025-10-22,9:43:55.530645912,T,TGT,I,54,94.63
2025-10-22,9:43:58.841323329,T,TGT,I,25,94.62
2025-10-22,9:43:58.841323329,T,TGT,I,50,94.62
2025-10-22,9:44:00.197602602,T,TGT,I,12,94.63
2025-10-22,9:44:00.197629728,T,TGT,F I,36,94.63
2025-10-22,9:44:05.424665206,T,TGT,I,30,94.64
2025-10-22,9:44:05.424715723,T,TGT,I,6,94.62
2025-10-22,9:44:05.424941239,T,TGT,F I,34,94.64
2025-10-22,9:44:09.813007517,T,TGT,F I,8,94.64
2025-10-22,9:44:09.813010702,T,TGT,F I,6,94.64
2025-10-22,9:44:10.683987728,T,TGT,I,1,94.64
2025-10-22,9:44:10.801258081,T,TGT,F I,1,94.61
2025-10-22,9:44:13.798871684,T,TGT,,100,94.65
2025-10-22,9:44:15.593321818,T,TGT,I,3,94.66
2025-10-22,9:44:15.593340489,T,TGT,F I,47,94.66
2025-10-22,9:44:15.593342872,T,TGT,F,300,94.66
2025-10-22,9:44:19.425718102,T,TGT,F I,18,94.68
2025-10-22,9:44:20.627362945,T,TGT,I,34,94.68
2025-10-22,9:44:26.594361978,T,TGT,I,1,94.665
2025-10-22,9:44:28.997726803,T,TGT,I,2,94.665
2025-10-22,9:44:35.197618579,T,TGT,F I,49,94.69
2025-10-22,9:44:35.197711873,T,TGT,F I,2,94.69
2025-10-22,9:44:36.522509545,T,TGT,I,1,94.72
2025-10-22,9:44:47.164181722,T,TGT,I,1,94.72
2025-10-22,9:44:47.164184838,T,TGT,I,18,94.72
2025-10-22,9:44:47.164184838,T,TGT,I,7,94.72
2025-10-22,9:44:47.164202255,T,TGT,F I,51,94.72
2025-10-22,9:44:51.113138461,T,TGT,F I,4,94.72
2025-10-22,9:44:52.773315622,T,TGT,F I,75,94.72
2025-10-22,9:44:57.197545996,T,TGT,I,36,94.72
2025-10-22,9:44:57.197564016,T,TGT,F I,64,94.72
2025-10-22,9:44:57.197566990,T,TGT,F I,5,94.72
2025-10-22,9:44:57.198478210,T,TGT,F,100,94.73
2025-10-22,9:44:57.198481163,T,TGT,F,100,94.73
2025-10-22,9:44:57.456760488,T,TGT,F I,23,94.72
2025-10-22,9:44:57.456764241,T,TGT,F I,1,94.71
2025-10-22,9:44:57.456767124,T,TGT,F I,25,94.71
2025-10-22,9:44:57.456767124,T,TGT,F I,10,94.71
2025-10-22,9:44:57.456772637,T,TGT,F I,19,94.71
2025-10-22,9:44:57.456772637,T,TGT,F I,16,94.71
2025-10-22,9:45:00.312454079,T,TGT,I,50,94.71
2025-10-22,9:45:00.929091232,T,TGT,I,33,94.72
2025-10-22,9:45:00.929112769,T,TGT,F I,13,94.72
2025-10-22,9:45:00.929112769,T,TGT,F I,23,94.72
2025-10-22,9:45:00.929115270,T,TGT,F I,1,94.72
2025-10-22,9:45:01.055022247,T,TGT,,100,94.71
2025-10-22,9:45:02.525982600,T,TGT,F I,1,94.69
2025-10-22,9:45:02.528231958,T,TGT,I,25,94.7
2025-10-22,9:45:02.561954932,T,TGT,F I,1,94.71
2025-10-22,9:45:02.561957718,T,TGT,F I,16,94.71
2025-10-22,9:45:02.561957718,T,TGT,F I,25,94.71
2025-10-22,9:45:03.692194273,T,TGT,F I,61,94.71
2025-10-22,9:45:03.694019410,T,TGT,I,1,94.71
2025-10-22,9:45:08.259279681,T,TGT,F I,50,94.68
2025-10-22,9:45:16.085446092,T,TGT,F I,17,94.67
2025-10-22,9:45:16.086261658,T,TGT,F I,89,94.67
2025-10-22,9:45:16.086282872,T,TGT,F I,11,94.67
2025-10-22,9:45:16.086282872,T,TGT,F I,1,94.68
2025-10-22,9:45:16.086286786,T,TGT,F I,49,94.68
2025-10-22,9:45:16.086290986,T,TGT,F I,28,94.68
2025-10-22,9:45:16.086306203,T,TGT,I,1,94.68
2025-10-22,9:45:16.086306203,T,TGT,F I,2,94.68
2025-10-22,9:45:16.086306203,T,TGT,F I,22,94.67
2025-10-22,9:45:16.086315030,T,TGT,F I,7,94.68
2025-10-22,9:45:16.086354146,T,TGT,F I,10,94.68
2025-10-22,9:45:16.086372167,T,TGT,F I,90,94.68
2025-10-22,9:45:17.215601531,T,TGT,I,99,94.66
2025-10-22,9:45:17.215616564,T,TGT,I,1,94.66
2025-10-22,9:45:17.215622592,T,TGT,I,5,94.66
2025-10-22,9:45:17.215625636,T,TGT,I,2,94.66
2025-10-22,9:45:17.215628560,T,TGT,,100,94.66
2025-10-22,9:45:18.187661421,T,TGT,,100,94.62
2025-10-22,9:45:18.187679398,T,TGT,I,1,94.62
2025-10-22,9:45:18.327431394,T,TGT,I,1,94.61
2025-10-22,9:45:19.013022759,T,TGT,I,3,94.59
2025-10-22,9:45:21.632554603,T,TGT,I,5,94.55
2025-10-22,9:45:21.632557693,T,TGT,I,12,94.55
2025-10-22,9:45:21.632852493,T,TGT,F I,55,94.54
2025-10-22,9:45:25.063993760,T,TGT,I,42,94.45
2025-10-22,9:45:25.065446211,T,TGT,,100,94.46
2025-10-22,9:45:25.065506506,T,TGT,,100,94.46
2025-10-22,9:45:26.989021043,T,TGT,I,75,94.455
2025-10-22,9:45:26.989066152,T,TGT,I,25,94.455
2025-10-22,9:45:31.450305806,T,TGT,F I,19,94.44
2025-10-22,9:45:31.450305806,T,TGT,F I,5,94.44
2025-10-22,9:45:31.450333233,T,TGT,F I,94,94.44
2025-10-22,9:45:31.450357613,T,TGT,F I,1,94.44
2025-10-22,9:45:31.450360221,T,TGT,F I,10,94.44
2025-10-22,9:45:31.450363217,T,TGT,F I,2,94.44
2025-10-22,9:45:31.450426003,T,TGT,I,48,94.44
2025-10-22,9:45:31.450432383,T,TGT,I,2,94.44
2025-10-22,9:45:31.450432383,T,TGT,I,20,94.45
2025-10-22,9:45:31.450435178,T,TGT,I,20,94.45
2025-10-22,9:45:31.450438069,T,TGT,I,3,94.45
2025-10-22,9:45:31.450438069,T,TGT,I,10,94.44
2025-10-22,9:45:31.450474128,T,TGT,I,27,94.45
2025-10-22,9:45:31.450474128,T,TGT,I,48,94.45
2025-10-22,9:45:31.450522231,T,TGT,F,100,94.45
2025-10-22,9:45:31.450609501,T,TGT,I,26,94.45
2025-10-22,9:45:31.450618557,T,TGT,F I,1,94.45
2025-10-22,9:45:31.450618557,T,TGT,F I,1,94.45
2025-10-22,9:45:31.450624548,T,TGT,I,3,94.45
2025-10-22,9:45:31.450624548,T,TGT,F I,13,94.44
2025-10-22,9:45:31.450892174,T,TGT,F I,23,94.45
2025-10-22,9:45:31.450907217,T,TGT,F I,7,94.45
2025-10-22,9:45:31.696036786,T,TGT,F I,50,94.44
2025-10-22,9:45:31.696039166,T,TGT,F I,26,94.44
2025-10-22,9:45:31.696045247,T,TGT,F I,4,94.44
2025-10-22,9:45:31.696060257,T,TGT,,100,94.44
2025-10-22,9:45:34.658823749,T,TGT,,100,94.44
2025-10-22,9:45:34.671249721,T,TGT,F I,14,94.44
2025-10-22,9:45:39.018535568,T,TGT,F I,2,94.38
2025-10-22,9:45:39.032915914,T,TGT,I,1,94.36
2025-10-22,9:45:39.034121751,T,TGT,F I,58,94.33
2025-10-22,9:45:39.034169922,T,TGT,F I,42,94.33
2025-10-22,9:45:39.048589223,T,TGT,I,48,94.32
2025-10-22,9:45:39.048589223,T,TGT,I,25,94.32
2025-10-22,9:45:39.048607241,T,TGT,I,1,94.32
2025-10-22,9:45:39.048613329,T,TGT,F I,20,94.32
2025-10-22,9:45:39.790179949,T,TGT,I,50,94.31
2025-10-22,9:45:39.791425176,T,TGT,I,1,94.31
2025-10-22,9:45:39.792251949,T,TGT,I,2,94.31
2025-10-22,9:45:40.064833279,T,TGT,F I,45,94.29
2025-10-22,9:45:40.064884363,T,TGT,I,70,94.29
2025-10-22,9:45:40.064926529,T,TGT,I,50,94.3
2025-10-22,9:45:40.441474624,T,TGT,F I,15,94.32
2025-10-22,9:45:40.441483738,T,TGT,F I,15,94.32
2025-10-22,9:45:40.441495740,T,TGT,F,100,94.33
2025-10-22,9:45:49.500972162,T,TGT,F,100,94.31
2025-10-22,9:45:49.500981195,T,TGT,F I,15,94.31
2025-10-22,9:45:55.953757517,T,TGT,I,20,94.25
2025-10-22,9:45:55.954238625,T,TGT,F,100,94.26
2025-10-22,9:45:55.954891227,T,TGT,F I,8,94.25
2025-10-22,9:45:55.959618414,T,TGT,I,39,94.27
2025-10-22,9:45:55.959639473,T,TGT,F I,61,94.27
2025-10-22,9:46:02.526937624,T,TGT,F I,4,94.22
2025-10-22,9:46:02.526964627,T,TGT,F I,10,94.21
2025-10-22,9:46:02.698252699,T,TGT,F,100,94.18
2025-10-22,9:46:02.698252699,T,TGT,F I,4,94.17
2025-10-22,9:46:06.143010616,T,TGT,I,10,94.19
2025-10-22,9:46:06.431509071,T,TGT,I,6,94.19
2025-10-22,9:46:06.701347808,T,TGT,I,12,94.19
2025-10-22,9:46:06.737238333,T,TGT,F,100,94.21
2025-10-22,9:46:06.737238333,T,TGT,F I,3,94.21
2025-10-22,9:46:06.737242355,T,TGT,F I,18,94.21
2025-10-22,9:46:06.737242355,T,TGT,F I,1,94.21
2025-10-22,9:46:06.737244623,T,TGT,F I,4,94.21
2025-10-22,9:46:06.737247297,T,TGT,F I,6,94.21
2025-10-22,9:46:06.737535989,T,TGT,F I,42,94.22
2025-10-22,9:46:07.042137658,T,TGT,,100,94.22
2025-10-22,9:46:07.042156101,T,TGT,I,1,94.22
2025-10-22,9:46:07.042156101,T,TGT,I,1,94.22
2025-10-22,9:46:07.042161717,T,TGT,,100,94.22
2025-10-22,9:46:07.043893901,T,TGT,F I,15,94.21
2025-10-22,9:46:07.043893901,T,TGT,F I,2,94.21
2025-10-22,9:46:07.044474265,T,TGT,F I,2,94.2
2025-10-22,9:46:07.049219627,T,TGT,,100,94.2
2025-10-22,9:46:07.229502093,T,TGT,F I,75,94.2
2025-10-22,9:46:08.215803904,T,TGT,F I,2,94.19
2025-10-22,9:46:10.447498686,T,TGT,I,63,94.14
2025-10-22,9:46:10.447546871,T,TGT,F I,18,94.14
2025-10-22,9:46:13.184619702,T,TGT,F I,2,94.13
2025-10-22,9:46:13.184622744,T,TGT,F I,12,94.13
2025-10-22,9:46:13.184622744,T,TGT,F I,2,94.13
2025-10-22,9:46:19.760254038,T,TGT,F I,29,94.08
2025-10-22,9:46:19.760458141,T,TGT,I,33,94.09
2025-10-22,9:46:19.845323330,T,TGT,,100,94.115
2025-10-22,9:46:19.977340895,T,TGT,I,58,94.115
2025-10-22,9:46:19.977340895,T,TGT,I,18,94.115
2025-10-22,9:46:22.514139644,T,TGT,F I,5,94.12
2025-10-22,9:46:22.514142561,T,TGT,F I,53,94.12
2025-10-22,9:46:22.714513009,T,TGT,I,8,94.12
2025-10-22,9:46:23.016579751,T,TGT,F I,20,94.13
2025-10-22,9:46:23.016943503,T,TGT,F,100,94.14
2025-10-22,9:46:23.016947760,T,TGT,F,100,94.14
2025-10-22,9:46:23.016947760,T,TGT,F I,7,94.14
2025-10-22,9:46:23.016949519,T,TGT,F I,34,94.14
2025-10-22,9:46:23.016964557,T,TGT,,100,94.14
2025-10-22,9:46:23.515549355,T,TGT,F I,55,94.14
2025-10-22,9:46:23.515555403,T,TGT,F I,37,94.14
2025-10-22,9:46:23.515558361,T,TGT,F,101,94.14
2025-10-22,9:46:23.515570403,T,TGT,F I,7,94.14
2025-10-22,9:46:23.515576419,T,TGT,I,1,94.14
2025-10-22,9:46:23.515594551,T,TGT,F I,8,94.14
2025-10-22,9:46:23.515636587,T,TGT,F I,83,94.14
2025-10-22,9:46:23.515636587,T,TGT,F I,32,94.14
2025-10-22,9:46:23.515675681,T,TGT,I,50,94.14
2025-10-22,9:46:23.869913616,T,TGT,I,25,94.09
2025-10-22,9:46:33.781767964,T,TGT,F I,20,94.06
2025-10-22,9:46:33.781788973,T,TGT,I,1,94.06
2025-10-22,9:46:33.781807054,T,TGT,I,16,94.06
2025-10-22,9:46:34.729929920,T,TGT,F I,20,94.07
2025-10-22,9:46:34.891098924,T,TGT,F I,60,94.08
2025-10-22,9:46:37.060404061,T,TGT,I,3,94.04
2025-10-22,9:46:37.060407133,T,TGT,I,10,94.04
2025-10-22,9:46:37.158500838,T,TGT,I,1,94.05
2025-10-22,9:46:37.158603033,T,TGT,F I,10,94.06
2025-10-22,9:46:40.174852821,T,TGT,F I,5,94.09
2025-10-22,9:46:40.174858217,T,TGT,F,100,94.09
2025-10-22,9:46:40.174858217,T,TGT,F I,50,94.09
2025-10-22,9:46:40.174861010,T,TGT,F,106,94.09
2025-10-22,9:46:40.175309143,T,TGT,F I,14,94.1
2025-10-22,9:46:40.175931558,T,TGT,I,50,94.1
2025-10-22,9:46:40.175961674,T,TGT,F I,50,94.1
2025-10-22,9:46:40.176298459,T,TGT,F,100,94.11
2025-10-22,9:46:40.176319471,T,TGT,F I,16,94.11
2025-10-22,9:46:40.194621164,T,TGT,I,26,94.12
2025-10-22,9:46:41.439845793,T,TGT,F I,75,94.12
2025-10-22,9:46:41.439867503,T,TGT,F I,25,94.12
2025-10-22,9:46:41.439867503,T,TGT,F I,75,94.13
2025-10-22,9:46:41.439870305,T,TGT,F I,25,94.13
2025-10-22,9:46:41.441295268,T,TGT,F,100,94.11
2025-10-22,9:46:41.441914986,T,TGT,F,100,94.11
2025-10-22,9:46:41.441914986,T,TGT,F,198,94.11
2025-10-22,9:46:41.441920755,T,TGT,F I,68,94.11
2025-10-22,9:46:41.443496444,T,TGT,F I,6,94.11
2025-10-22,9:46:41.594837988,T,TGT,,100,94.12
2025-10-22,9:46:42.120457308,T,TGT,I,48,94.11
2025-10-22,9:46:43.322628326,T,TGT,I,8,94.11
2025-10-22,9:46:43.330203434,T,TGT,,100,94.11
2025-10-22,9:46:45.021207147,T,TGT,F I,38,94.11
2025-10-22,9:46:46.902486118,T,TGT,I,18,94.11
2025-10-22,9:46:46.902961288,T,TGT,F I,6,94.12
2025-10-22,9:46:46.903255954,T,TGT,F,181,94.13
2025-10-22,9:46:47.104411331,T,TGT,F I,10,94.14
2025-10-22,9:46:47.104411331,T,TGT,F I,11,94.14
2025-10-22,9:46:51.351609800,T,TGT,I,2,94.13
2025-10-22,9:46:56.327687932,T,TGT,F I,6,94.11
2025-10-22,9:46:56.329486256,T,TGT,,100,94.09
2025-10-22,9:46:56.329507357,T,TGT,I,1,94.09
2025-10-22,9:46:56.330241011,T,TGT,F I,21,94.11
2025-10-22,9:46:56.337160744,T,TGT,,100,94.11
2025-10-22,9:46:56.337163897,T,TGT,I,23,94.11
2025-10-22,9:46:56.337163897,T,TGT,,100,94.11
2025-10-22,9:46:57.344500512,T,TGT,I,20,94.1
2025-10-22,9:47:00.755238371,T,TGT,F I,15,94.12
2025-10-22,9:47:02.474491495,T,TGT,,100,94.1
2025-10-22,9:47:02.474614623,T,TGT,I,50,94.1
2025-10-22,9:47:02.956202933,T,TGT,I,54,94.07
2025-10-22,9:47:12.652053258,T,TGT,I,30,94.06
2025-10-22,9:47:12.652055641,T,TGT,I,4,94.06
2025-10-22,9:47:12.720456564,T,TGT,I,13,94.05
2025-10-22,9:47:19.230979460,T,TGT,F I,5,94.06
2025-10-22,9:47:20.910378550,T,TGT,I,21,94.05
2025-10-22,9:47:20.989536043,T,TGT,F I,75,94.04
2025-10-22,9:47:22.681938087,T,TGT,F I,6,94.07
2025-10-22,9:47:26.632874082,T,TGT,F I,1,94.09
2025-10-22,9:47:26.632877747,T,TGT,F I,4,94.09
2025-10-22,9:47:26.632877747,T,TGT,F I,50,94.09
2025-10-22,9:47:26.632880612,T,TGT,F I,10,94.09
2025-10-22,9:47:26.632882945,T,TGT,F I,53,94.09
2025-10-22,9:47:28.702007494,T,TGT,,200,94.08
2025-10-22,9:47:28.704545600,T,TGT,I,75,94.08
2025-10-22,9:47:32.266349089,T,TGT,I,10,94.1
2025-10-22,9:47:32.266349089,T,TGT,I,50,94.1
2025-10-22,9:47:32.266351390,T,TGT,I,70,94.1
2025-10-22,9:47:32.266367237,T,TGT,I,1,94.1
2025-10-22,9:47:32.266943775,T,TGT,I,1,94.1
2025-10-22,9:47:32.267130285,T,TGT,I,4,94.1
2025-10-22,9:47:32.271523664,T,TGT,F I,1,94.09
2025-10-22,9:47:33.038873786,T,TGT,F I,75,94.08
2025-10-22,9:47:33.038903966,T,TGT,,125,94.08
2025-10-22,9:47:33.046668443,T,TGT,I,1,94.08
2025-10-22,9:47:45.924131151,T,TGT,F I,50,94.08
2025-10-22,9:47:45.928723173,T,TGT,I,6,94.07
2025-10-22,9:47:49.063592826,T,TGT,F I,1,94.06
2025-10-22,9:47:49.063598852,T,TGT,F I,1,94.06
2025-10-22,9:47:49.063601805,T,TGT,F I,4,94.06
2025-10-22,9:47:58.003519432,T,TGT,F I,14,94.03
2025-10-22,9:47:58.003541026,T,TGT,F I,16,94.03
2025-10-22,9:47:58.003546507,T,TGT,F,300,94.03
2025-10-22,9:47:58.004262196,T,TGT,F I,25,94.02
2025-10-22,9:47:58.004265328,T,TGT,F I,5,94.01
2025-10-22,9:47:58.004265328,T,TGT,F I,75,94.01
2025-10-22,9:47:58.005185350,T,TGT,F I,25,94.01
2025-10-22,9:47:58.005185350,T,TGT,F I,5,94.01
2025-10-22,9:47:58.005188368,T,TGT,F I,5,94.01
2025-10-22,9:47:58.005191366,T,TGT,F I,5,94.01
2025-10-22,9:47:58.005194463,T,TGT,F I,5,94.01
2025-10-22,9:47:58.008538371,T,TGT,F I,5,94.0
2025-10-22,9:47:58.008541328,T,TGT,F I,50,94.0
2025-10-22,9:47:58.008545803,T,TGT,F I,3,94.0
2025-10-22,9:47:58.008545803,T,TGT,F I,1,94.0
2025-10-22,9:47:58.008550581,T,TGT,F I,61,94.0
2025-10-22,9:47:58.008556372,T,TGT,F,939,94.0
2025-10-22,9:47:58.008562411,T,TGT,F I,6,94.0
2025-10-22,9:47:58.008562411,T,TGT,F I,1,94.0
2025-10-22,9:47:58.008565394,T,TGT,F I,2,94.0
2025-10-22,9:47:58.008568696,T,TGT,F I,50,94.0
2025-10-22,9:47:58.008571665,T,TGT,F,100,94.0
2025-10-22,9:47:58.008571665,T,TGT,F I,78,94.0
2025-10-22,9:47:58.008574473,T,TGT,F I,5,94.0
2025-10-22,9:47:58.008574473,T,TGT,F I,10,94.0
2025-10-22,9:47:58.008577452,T,TGT,F,100,94.0
2025-10-22,9:47:58.009708216,T,TGT,I,3,93.99
2025-10-22,9:47:58.010571266,T,TGT,F I,1,93.99
2025-10-22,9:47:58.010580292,T,TGT,F I,1,93.99
2025-10-22,9:47:58.010736603,T,TGT,I,1,93.99
2025-10-22,9:47:58.017526754,T,TGT,I,1,93.99
2025-10-22,9:47:58.093941830,T,TGT,I,1,93.96
2025-10-22,9:47:58.791158918,T,TGT,F I,5,93.96
2025-10-22,9:47:58.856531589,T,TGT,F I,30,93.95
2025-10-22,9:47:58.856796314,T,TGT,F I,1,93.93
2025-10-22,9:48:06.528271582,T,TGT,F I,17,93.97
2025-10-22,9:48:06.528842336,T,TGT,F,100,93.97
2025-10-22,9:48:06.528884528,T,TGT,I,10,93.965
2025-10-22,9:48:06.528887534,T,TGT,I,1,93.96
2025-10-22,9:48:06.528890493,T,TGT,,100,93.96
2025-10-22,9:48:06.529155312,T,TGT,F I,20,93.96
2025-10-22,9:48:06.529188160,T,TGT,F I,27,93.97
2025-10-22,9:48:06.529188160,T,TGT,F,100,93.97
2025-10-22,9:48:06.530075384,T,TGT,I,3,93.98
2025-10-22,9:48:06.530075384,T,TGT,I,53,93.98
2025-10-22,9:48:06.530081306,T,TGT,I,9,93.98
2025-10-22,9:48:06.541403303,T,TGT,F,112,93.99
2025-10-22,9:48:06.541403303,T,TGT,F I,11,93.99
2025-10-22,9:48:06.541406343,T,TGT,F I,33,93.99
2025-10-22,9:48:06.541421459,T,TGT,I,1,93.99
2025-10-22,9:48:06.541424456,T,TGT,I,66,93.99
2025-10-22,9:48:06.541424456,T,TGT,I,29,93.99
2025-10-22,9:48:07.358074184,T,TGT,F I,1,93.98
2025-10-22,9:48:07.358074184,T,TGT,F,155,93.98
2025-10-22,9:48:07.358082957,T,TGT,F I,27,93.98
2025-10-22,9:48:07.358082957,T,TGT,F I,1,93.98
2025-10-22,9:48:07.358567106,T,TGT,F I,77,93.97
2025-10-22,9:48:14.082779099,T,TGT,F I,1,93.98
2025-10-22,9:48:14.082782790,T,TGT,F,155,93.98
2025-10-22,9:48:14.082782790,T,TGT,F I,20,93.98
2025-10-22,9:48:14.082797197,T,TGT,F,100,93.98
2025-10-22,9:48:14.082821275,T,TGT,F,154,93.98
2025-10-22,9:48:14.083016695,T,TGT,I,25,94.0
2025-10-22,9:48:14.083016695,T,TGT,I,5,94.0
2025-10-22,9:48:14.083369442,T,TGT,F I,2,94.0
2025-10-22,9:48:14.083369442,T,TGT,F I,63,94.0
2025-10-22,9:48:14.083389660,T,TGT,I,1,94.0
2025-10-22,9:48:14.087103548,T,TGT,I,14,94.01
2025-10-22,9:48:14.313624079,T,TGT,,100,94.025
2025-10-22,9:48:14.313627118,T,TGT,I,1,94.025
2025-10-22,9:48:19.942984584,T,TGT,F I,50,94.04
2025-10-22,9:48:19.943204099,T,TGT,F I,2,94.05
2025-10-22,9:48:19.943309385,T,TGT,F I,4,94.06
2025-10-22,9:48:19.954117131,T,TGT,I,96,94.06
2025-10-22,9:48:24.969396666,T,TGT,F I,36,94.07
2025-10-22,9:48:24.969396666,T,TGT,F I,30,94.07
2025-10-22,9:48:24.969508019,T,TGT,I,92,94.075
2025-10-22,9:48:26.016280828,T,TGT,F I,8,94.08
2025-10-22,9:48:26.016280828,T,TGT,F I,22,94.08
2025-10-22,9:48:26.016310891,T,TGT,I,5,94.09
2025-10-22,9:48:26.220939478,T,TGT,F I,24,94.1
2025-10-22,9:48:26.220939478,T,TGT,F I,88,94.1
2025-10-22,9:48:26.220942615,T,TGT,F I,20,94.1
2025-10-22,9:48:26.220942615,T,TGT,F I,1,94.1
2025-10-22,9:48:26.220975491,T,TGT,F I,4,94.11
2025-10-22,9:48:26.220975491,T,TGT,F I,13,94.11
2025-10-22,9:48:26.221222984,T,TGT,,100,94.1
2025-10-22,9:48:26.221225075,T,TGT,I,25,94.1
2025-10-22,9:48:26.221228090,T,TGT,I,91,94.1
2025-10-22,9:48:26.221243106,T,TGT,I,1,94.1
2025-10-22,9:48:27.493580593,T,TGT,F I,75,94.1
2025-10-22,9:48:31.093354550,T,TGT,F,100,94.1
2025-10-22,9:48:34.059038063,T,TGT,I,5,94.1
2025-10-22,9:48:35.798869157,T,TGT,I,51,94.1
2025-10-22,9:48:51.841095524,T,TGT,F I,20,94.05
2025-10-22,9:48:51.841095524,T,TGT,F I,2,94.05
2025-10-22,9:48:51.841098515,T,TGT,F I,41,94.05
2025-10-22,9:48:51.841119540,T,TGT,F I,10,94.04
2025-10-22,9:48:51.870337159,T,TGT,F I,5,94.01
2025-10-22,9:48:51.870379224,T,TGT,I,13,94.01
2025-10-22,9:48:51.871167151,T,TGT,F I,5,94.01
2025-10-22,9:48:51.871170370,T,TGT,F I,12,94.01
2025-10-22,9:48:51.871173201,T,TGT,F I,5,94.0
2025-10-22,9:48:51.871482870,T,TGT,I,22,94.0
2025-10-22,9:48:51.871482870,T,TGT,I,8,94.0
2025-10-22,9:48:52.080925994,T,TGT,I,41,93.97
2025-10-22,9:48:52.080928954,T,TGT,I,10,93.97
2025-10-22,9:48:56.223048248,T,TGT,F I,20,93.95
2025-10-22,9:48:56.223072844,T,TGT,F I,35,93.94
2025-10-22,9:49:01.754886461,T,TGT,F I,81,93.92
2025-10-22,9:49:01.755484851,T,TGT,F I,14,93.9
2025-10-22,9:49:01.982240100,T,TGT,F I,14,93.88
2025-10-22,9:49:01.982264128,T,TGT,F,186,93.88
2025-10-22,9:49:01.992527687,T,TGT,I,30,93.86
2025-10-22,9:49:07.310709857,T,TGT,F I,25,93.88
2025-10-22,9:49:07.310733852,T,TGT,F I,50,93.88
2025-10-22,9:49:07.310757952,T,TGT,,100,93.89
2025-10-22,9:49:07.310760899,T,TGT,I,20,93.89
2025-10-22,9:49:07.310760899,T,TGT,,200,93.89
2025-10-22,9:49:07.311365379,T,TGT,F I,5,93.9
2025-10-22,9:49:07.315825062,T,TGT,I,50,93.92
2025-10-22,9:49:18.790860485,T,TGT,I,20,93.93
2025-10-22,9:49:18.900489636,T,TGT,I,14,93.94
2025-10-22,9:49:18.900507862,T,TGT,F I,65,93.94
2025-10-22,9:49:20.169732453,T,TGT,,100,93.95
2025-10-22,9:49:20.169753464,T,TGT,F I,2,93.95
2025-10-22,9:49:20.169756749,T,TGT,F I,6,93.95
2025-10-22,9:49:20.169756749,T,TGT,F I,5,93.95
2025-10-22,9:49:20.169759682,T,TGT,F I,32,93.95
2025-10-22,9:49:20.169759682,T,TGT,F I,50,93.95
2025-10-22,9:49:20.196691756,T,TGT,F I,1,93.96
2025-10-22,9:49:20.196691756,T,TGT,F I,8,93.96
2025-10-22,9:49:27.669955793,T,TGT,F,100,93.99
2025-10-22,9:49:27.669991216,T,TGT,F I,2,94.0
2025-10-22,9:49:27.686714041,T,TGT,I,8,94.01
2025-10-22,9:49:27.694292142,T,TGT,F I,40,94.01
2025-10-22,9:49:27.694328433,T,TGT,I,8,94.02
2025-10-22,9:49:27.694385411,T,TGT,I,50,94.02
2025-10-22,9:49:27.694391367,T,TGT,I,76,94.01
2025-10-22,9:49:27.694397413,T,TGT,I,24,94.01
2025-10-22,9:49:27.694400385,T,TGT,I,26,94.01
2025-10-22,9:49:27.694403421,T,TGT,I,76,94.01
2025-10-22,9:49:27.694406606,T,TGT,I,1,94.01
2025-10-22,9:49:27.695055979,T,TGT,F I,25,94.01
2025-10-22,9:49:27.721016954,T,TGT,,100,94.0
2025-10-22,9:49:27.721019798,T,TGT,I,26,94.0
2025-10-22,9:49:27.721022895,T,TGT,,100,94.0
2025-10-22,9:49:36.982971783,T,TGT,F I,1,93.93
2025-10-22,9:49:36.982977866,T,TGT,F I,6,93.92
2025-10-22,9:49:36.982995818,T,TGT,F I,14,93.92
2025-10-22,9:49:38.275748758,T,TGT,I,18,93.91
2025-10-22,9:49:38.275784817,T,TGT,I,2,93.91
2025-10-22,9:49:38.275784817,T,TGT,I,30,93.91
2025-10-22,9:49:41.414034557,T,TGT,,100,93.91
2025-10-22,9:49:41.417017583,T,TGT,,100,93.91
2025-10-22,9:49:46.811654104,T,TGT,I,13,93.89
2025-10-22,9:49:46.811681110,T,TGT,F I,10,93.89
2025-10-22,9:49:46.811927670,T,TGT,F,100,93.88
2025-10-22,9:49:46.811930769,T,TGT,F I,20,93.88
2025-10-22,9:49:46.811958363,T,TGT,I,23,93.89
2025-10-22,9:49:46.811960814,T,TGT,I,26,93.895
2025-10-22,9:49:46.811996993,T,TGT,F I,22,93.89
2025-10-22,9:49:47.905795783,T,TGT,,100,93.9
2025-10-22,9:49:54.450534167,T,TGT,I,5,93.87
2025-10-22,9:49:54.450534167,T,TGT,I,14,93.87
2025-10-22,9:49:54.450555457,T,TGT,F I,9,93.87
2025-10-22,9:49:54.450555457,T,TGT,F I,4,93.87
2025-10-22,9:49:54.501382306,T,TGT,I,5,93.865
2025-10-22,9:50:10.277393737,T,TGT,F I,4,93.84
2025-10-22,9:50:10.277402470,T,TGT,F I,60,93.84
2025-10-22,9:50:10.277700279,T,TGT,F I,16,93.82
2025-10-22,9:50:14.289552073,T,TGT,F I,81,93.81
2025-10-22,9:50:14.289771643,T,TGT,F I,1,93.8
2025-10-22,9:50:14.290346022,T,TGT,I,26,93.8
2025-10-22,9:50:14.290556558,T,TGT,I,4,93.8
2025-10-22,9:50:14.290568531,T,TGT,I,32,93.8
2025-10-22,9:50:14.299755396,T,TGT,I,11,93.8
2025-10-22,9:50:14.314881440,T,TGT,I,20,93.8
2025-10-22,9:50:14.433053998,T,TGT,F I,15,93.8
2025-10-22,9:50:14.433057027,T,TGT,F I,3,93.8
2025-10-22,9:50:14.433075096,T,TGT,F I,42,93.8
2025-10-22,9:50:14.452597552,T,TGT,F I,4,93.81
2025-10-22,9:50:14.453094060,T,TGT,I,1,93.8
2025-10-22,9:50:14.453094060,T,TGT,I,50,93.8
2025-10-22,9:50:14.453120812,T,TGT,F I,9,93.8
2025-10-22,9:50:14.453364418,T,TGT,I,1,93.8
2025-10-22,9:50:21.297008989,T,TGT,I,10,93.795
2025-10-22,9:50:21.755577492,T,TGT,F I,1,93.79
2025-10-22,9:50:23.467871863,T,TGT,I,4,93.77
2025-10-22,9:50:25.143620151,T,TGT,I,45,93.78
2025-10-22,9:50:25.143623552,T,TGT,I,39,93.79
2025-10-22,9:50:25.143626180,T,TGT,I,16,93.79
2025-10-22,9:50:25.143641235,T,TGT,F I,9,93.79
2025-10-22,9:50:28.211261641,T,TGT,,100,93.795
2025-10-22,9:50:28.213850860,T,TGT,,100,93.795
2025-10-22,9:50:29.281481828,T,TGT,I,30,93.78
2025-10-22,9:50:33.281596378,T,TGT,I,1,93.77
2025-10-22,9:50:39.111799922,T,TGT,I,4,93.8
2025-10-22,9:50:40.130897317,T,TGT,I,6,93.81
2025-10-22,9:50:45.182323053,T,TGT,F I,6,93.81
2025-10-22,9:50:45.182338049,T,TGT,I,1,93.82
2025-10-22,9:50:45.182341503,T,TGT,I,5,93.83
2025-10-22,9:50:45.182344913,T,TGT,,124,93.83
2025-10-22,9:50:45.182344913,T,TGT,I,20,93.83
2025-10-22,9:50:45.183303365,T,TGT,F I,74,93.85
2025-10-22,9:50:46.304377224,T,TGT,F I,50,93.84
2025-10-22,9:51:08.633546726,T,TGT,F I,10,93.8
2025-10-22,9:51:11.119058359,T,TGT,I,3,93.795
2025-10-22,9:51:12.084247728,T,TGT,I,5,93.81
2025-10-22,9:51:12.084249834,T,TGT,I,28,93.81
2025-10-22,9:51:12.084268032,T,TGT,F I,24,93.81
2025-10-22,9:51:12.084270874,T,TGT,F,100,93.81
2025-10-22,9:51:12.084273834,T,TGT,F I,20,93.81
2025-10-22,9:51:12.084340062,T,TGT,I,6,93.8
2025-10-22,9:51:12.085040660,T,TGT,F I,3,93.82
2025-10-22,9:51:16.143392410,T,TGT,F,100,93.84
2025-10-22,9:51:21.065994175,T,TGT,F I,75,93.91
2025-10-22,9:51:21.067260162,T,TGT,I,1,93.91
2025-10-22,9:51:21.177505915,T,TGT,,184,93.91
2025-10-22,9:51:21.177505915,T,TGT,I,16,93.92
2025-10-22,9:51:21.177548120,T,TGT,I,84,93.92
2025-10-22,9:51:21.177551009,T,TGT,,100,93.92
2025-10-22,9:51:21.177771168,T,TGT,,100,93.91
2025-10-22,9:51:21.177773469,T,TGT,I,26,93.91
2025-10-22,9:51:21.177785515,T,TGT,I,10,93.91
2025-10-22,9:51:21.177851659,T,TGT,F,100,93.91
2025-10-22,9:51:21.178053204,T,TGT,I,9,93.9
2025-10-22,9:51:21.178666789,T,TGT,F I,3,93.9
2025-10-22,9:51:21.178666789,T,TGT,F,553,93.9
2025-10-22,9:51:21.178666789,T,TGT,F I,3,93.9
2025-10-22,9:51:21.178669876,T,TGT,F I,82,93.9
2025-10-22,9:51:21.178672671,T,TGT,F I,2,93.9
2025-10-22,9:51:21.192234982,T,TGT,I,2,93.91
2025-10-22,9:51:21.220800000,T,TGT,I,21,93.94
2025-10-22,9:51:21.220821203,T,TGT,F I,79,93.94
2025-10-22,9:51:21.220821203,T,TGT,F I,25,93.94
2025-10-22,9:51:21.220842120,T,TGT,I,1,93.94
2025-10-22,9:51:25.697580584,T,TGT,F I,59,93.94
2025-10-22,9:51:33.027104902,T,TGT,I,75,93.945
2025-10-22,9:51:33.027153063,T,TGT,I,25,93.945
2025-10-22,9:51:33.027276318,T,TGT,I,53,93.96
2025-10-22,9:51:33.103056859,T,TGT,F I,50,93.945
2025-10-22,9:51:38.554164861,T,TGT,F I,2,93.97
2025-10-22,9:51:38.554167767,T,TGT,F I,46,93.97
2025-10-22,9:51:38.554176752,T,TGT,F I,5,93.97
2025-10-22,9:51:38.554408370,T,TGT,F,100,93.98
2025-10-22,9:51:38.554411316,T,TGT,F I,5,93.98
2025-10-22,9:51:39.413859167,T,TGT,I,41,93.99
2025-10-22,9:51:39.413876947,T,TGT,F I,59,93.99
2025-10-22,9:51:57.005680059,T,TGT,F I,1,94.06
2025-10-22,9:51:57.005704128,T,TGT,I,52,94.07
2025-10-22,9:52:23.228817744,T,TGT,I,5,94.13
2025-10-22,9:52:25.077874986,T,TGT,I,3,94.13
2025-10-22,9:52:25.077944198,T,TGT,,100,94.13
2025-10-22,9:52:26.038859545,T,TGT,F I,4,94.11
2025-10-22,9:52:30.523666412,T,TGT,,200,94.08
2025-10-22,9:52:30.523666412,T,TGT,I,10,94.08
2025-10-22,9:52:30.523669324,T,TGT,I,3,94.08
2025-10-22,9:52:30.523675250,T,TGT,,100,94.08
2025-10-22,9:52:30.523786522,T,TGT,,100,94.08
2025-10-22,9:52:30.523804666,T,TGT,F,100,94.07
2025-10-22,9:52:30.523804666,T,TGT,F I,5,94.07
2025-10-22,9:52:30.524488036,T,TGT,F I,39,94.07
2025-10-22,9:52:30.540743925,T,TGT,I,3,94.09
2025-10-22,9:52:30.540768101,T,TGT,F I,47,94.09
2025-10-22,9:52:30.540768101,T,TGT,F I,5,94.09
2025-10-22,9:52:30.540771050,T,TGT,F I,8,94.09
2025-10-22,9:52:36.951525193,T,TGT,,100,94.08
2025-10-22,9:52:38.192930702,T,TGT,F I,4,94.1
2025-10-22,9:52:43.286122899,T,TGT,F I,75,94.1
2025-10-22,9:52:43.554587692,T,TGT,F I,4,94.12
2025-10-22,9:52:43.554590431,T,TGT,F I,1,94.12
2025-10-22,9:52:43.555444550,T,TGT,F,100,94.14
2025-10-22,9:52:43.555444550,T,TGT,F I,57,94.14
2025-10-22,9:52:50.546400975,T,TGT,I,2,94.16
2025-10-22,9:52:50.546494238,T,TGT,,100,94.15
2025-10-22,9:52:50.546542257,T,TGT,I,4,94.16
2025-10-22,9:52:54.631438198,T,TGT,I,4,94.16
2025-10-22,9:52:54.631456258,T,TGT,F I,96,94.16
2025-10-22,9:52:54.631480351,T,TGT,I,1,94.16
2025-10-22,9:53:00.336080162,T,TGT,I,47,94.145
2025-10-22,9:53:03.739333161,T,TGT,F I,1,94.12
2025-10-22,9:53:03.739357477,T,TGT,F I,99,94.12
2025-10-22,9:53:03.739357477,T,TGT,F I,38,94.12
2025-10-22,9:53:03.739360206,T,TGT,F I,69,94.12
2025-10-22,9:53:03.739949654,T,TGT,I,65,94.1
2025-10-22,9:53:03.740208215,T,TGT,F I,29,94.11
2025-10-22,9:53:03.742021522,T,TGT,I,49,94.09
2025-10-22,9:53:06.553639045,T,TGT,F I,2,94.08
2025-10-22,9:53:06.553639045,T,TGT,F I,69,94.08
2025-10-22,9:53:06.554478024,T,TGT,F I,2,94.06
2025-10-22,9:53:06.554478024,T,TGT,F I,13,94.06
2025-10-22,9:53:07.026407302,T,TGT,I,49,94.07
2025-10-22,9:53:12.708468583,T,TGT,I,1,94.05
2025-10-22,9:53:31.305876405,T,TGT,F I,42,94.02
2025-10-22,9:53:31.305897443,T,TGT,I,42,94.02
2025-10-22,9:53:49.224528383,T,TGT,I,20,94.05
2025-10-22,9:53:54.234079281,T,TGT,I,40,94.0
2025-10-22,9:53:57.899012713,T,TGT,F I,3,94.0
2025-10-22,9:53:57.899012713,T,TGT,F I,6,94.0
2025-10-22,9:53:57.899349504,T,TGT,I,91,94.0
2025-10-22,9:53:57.899349504,T,TGT,I,2,94.0
2025-10-22,9:53:57.926615808,T,TGT,I,50,94.0
2025-10-22,9:53:57.926618806,T,TGT,I,5,94.0
2025-10-22,9:53:57.926621660,T,TGT,I,90,94.0
2025-10-22,9:53:57.926621660,T,TGT,I,50,94.0
2025-10-22,9:54:05.732303042,T,TGT,I,6,93.99
2025-10-22,9:54:05.732303042,T,TGT,I,5,93.99
2025-10-22,9:54:06.788762119,T,TGT,I,83,94.0
2025-10-22,9:54:06.788767880,T,TGT,,300,94.0
2025-10-22,9:54:20.905756599,T,TGT,I,1,94.0
2025-10-22,9:54:21.006728111,T,TGT,F I,22,94.02
2025-10-22,9:54:30.020201062,T,TGT,F I,9,94.04
2025-10-22,9:54:30.020201062,T,TGT,F I,3,94.04
2025-10-22,9:54:30.020249241,T,TGT,F,100,94.05
2025-10-22,9:54:30.021419027,T,TGT,F I,60,94.06
2025-10-22,9:54:30.036127020,T,TGT,I,5,94.05
2025-10-22,9:54:30.036481845,T,TGT,,100,94.05
2025-10-22,9:54:30.036987138,T,TGT,F I,75,94.055
2025-10-22,9:54:30.037038256,T,TGT,F I,75,94.055
2025-10-22,9:54:30.037050238,T,TGT,,100,94.055
2025-10-22,9:54:30.037074306,T,TGT,F I,50,94.055
2025-10-22,9:54:35.202603896,T,TGT,,100,94.065
2025-10-22,9:54:45.027914936,T,TGT,F I,14,94.065
2025-10-22,9:54:45.027917868,T,TGT,F I,6,94.065
2025-10-22,9:54:45.027920849,T,TGT,F I,2,94.065
2025-10-22,9:54:45.027963068,T,TGT,I,78,94.065
2025-10-22,9:54:45.027963068,T,TGT,I,14,94.07
2025-10-22,9:54:45.028119383,T,TGT,F,100,94.08
2025-10-22,9:54:45.028143780,T,TGT,I,1,94.08
2025-10-22,9:54:45.028143780,T,TGT,I,12,94.08
2025-10-22,9:54:48.929885714,T,TGT,F I,24,94.09
2025-10-22,9:54:48.929887999,T,TGT,F I,1,94.09
2025-10-22,9:54:49.397066073,T,TGT,I,23,94.09
2025-10-22,9:54:49.456737296,T,TGT,I,12,94.08
2025-10-22,9:54:49.456764317,T,TGT,I,1,94.08
2025-10-22,9:54:50.693012599,T,TGT,F I,2,94.07
2025-10-22,9:54:50.693015555,T,TGT,F I,1,94.07
2025-10-22,9:55:06.799884098,T,TGT,F I,5,94.06
2025-10-22,9:55:06.799887053,T,TGT,F,100,94.06
2025-10-22,9:55:06.799890089,T,TGT,F I,27,94.06
2025-10-22,9:55:06.799905122,T,TGT,I,34,94.06
2025-10-22,9:55:06.799911138,T,TGT,I,5,94.06
2025-10-22,9:55:06.800007363,T,TGT,F,100,94.05
2025-10-22,9:55:06.800735023,T,TGT,F I,8,94.05
2025-10-22,9:55:06.801213223,T,TGT,F I,5,94.04
2025-10-22,9:55:06.801862701,T,TGT,F I,5,94.03
2025-10-22,9:55:06.802344183,T,TGT,I,13,94.02
2025-10-22,9:55:06.802344183,T,TGT,I,14,94.02
2025-10-22,9:55:06.802347274,T,TGT,I,14,94.02
2025-10-22,9:55:06.802349917,T,TGT,I,10,94.02
2025-10-22,9:55:06.807258139,T,TGT,F I,53,94.01
2025-10-22,9:55:06.807258139,T,TGT,F I,79,94.01
2025-10-22,9:55:06.807260713,T,TGT,F I,21,94.01
2025-10-22,9:55:06.807290664,T,TGT,I,13,94.01
2025-10-22,9:55:06.807311704,T,TGT,I,10,94.01
2025-10-22,9:55:06.807323770,T,TGT,,100,94.01
2025-10-22,9:55:06.807332728,T,TGT,I,27,94.01
2025-10-22,9:55:07.703708294,T,TGT,F,100,94.0
2025-10-22,9:55:07.703732378,T,TGT,F,100,94.0
2025-10-22,9:55:07.704763845,T,TGT,F,100,94.02
2025-10-22,9:55:07.704763845,T,TGT,F I,20,94.03
2025-10-22,9:55:07.704778916,T,TGT,F I,80,94.03
2025-10-22,9:55:07.704778916,T,TGT,F I,20,94.03
2025-10-22,9:55:12.958066987,T,TGT,F I,6,94.04
2025-10-22,9:55:12.958069758,T,TGT,F I,2,94.04
2025-10-22,9:55:12.958072484,T,TGT,F I,82,94.04
2025-10-22,9:55:13.009095056,T,TGT,I,27,94.05
2025-10-22,9:55:13.009116019,T,TGT,F I,33,94.05
2025-10-22,9:55:22.028979942,T,TGT,I,27,94.05
2025-10-22,9:55:22.028982186,T,TGT,I,20,94.05
2025-10-22,9:55:38.880520837,T,TGT,I,15,94.04
2025-10-22,9:55:51.568787674,T,TGT,F I,1,94.0
2025-10-22,9:55:51.568845436,T,TGT,F,100,93.99
2025-10-22,9:55:51.568865865,T,TGT,I,1,93.99
2025-10-22,9:55:51.568880874,T,TGT,F I,29,93.99
2025-10-22,9:55:51.569070523,T,TGT,F I,62,93.99
2025-10-22,9:55:51.569073428,T,TGT,F I,6,93.99
2025-10-22,9:55:51.569109484,T,TGT,I,1,93.99
2025-10-22,9:55:51.569115438,T,TGT,I,1,93.99
2025-10-22,9:55:51.570483750,T,TGT,F I,16,94.01
2025-10-22,9:55:51.570483750,T,TGT,F I,20,94.01
2025-10-22,9:55:51.571455092,T,TGT,F I,50,94.01
2025-10-22,9:55:52.014389295,T,TGT,I,75,94.025
2025-10-22,9:55:52.014434386,T,TGT,I,25,94.025
2025-10-22,9:55:52.385497395,T,TGT,F I,85,94.02
2025-10-22,9:55:55.988290873,T,TGT,,150,94.01
2025-10-22,9:55:55.988297238,T,TGT,I,62,94.01
2025-10-22,9:55:55.988297238,T,TGT,I,16,94.01
2025-10-22,9:55:55.988299834,T,TGT,I,16,94.01
2025-10-22,9:55:57.456412555,T,TGT,I,13,94.01
2025-10-22,9:55:57.456448556,T,TGT,I,60,94.01
2025-10-22,9:55:57.456728268,T,TGT,,100,94.01
2025-10-22,9:56:37.661271654,T,TGT,I,2,93.98
2025-10-22,9:56:37.661274442,T,TGT,,100,93.98
2025-10-22,9:56:37.661276868,T,TGT,,200,93.98
2025-10-22,9:56:37.661276868,T,TGT,I,5,93.98
2025-10-22,9:56:38.964440482,T,TGT,F I,8,93.97
2025-10-22,9:56:39.589449580,T,TGT,I,8,93.95
2025-10-22,9:56:39.589498097,T,TGT,F I,12,93.95
2025-10-22,9:56:39.589500724,T,TGT,F I,7,93.95
2025-10-22,9:56:40.181936143,T,TGT,F I,2,93.96
2025-10-22,9:56:40.181939256,T,TGT,F,100,93.96
2025-10-22,9:56:40.181939256,T,TGT,F,100,93.96
2025-10-22,9:56:40.778458434,T,TGT,I,1,93.96
2025-10-22,9:56:43.277631407,T,TGT,F I,5,93.95
2025-10-22,9:56:50.063207575,T,TGT,F I,50,93.95
2025-10-22,9:56:50.063207575,T,TGT,F I,10,93.95
2025-10-22,9:56:50.063333898,T,TGT,F I,17,93.94
2025-10-22,9:56:50.063926256,T,TGT,F I,83,93.94
2025-10-22,9:56:56.965801613,T,TGT,I,2,93.92
2025-10-22,9:56:56.965804647,T,TGT,I,5,93.92
2025-10-22,9:56:56.965967374,T,TGT,F I,10,93.91
2025-10-22,9:56:57.019443263,T,TGT,I,10,93.89
2025-10-22,9:56:57.019473327,T,TGT,F I,10,93.89
2025-10-22,9:57:00.007461023,T,TGT,F I,2,93.88
2025-10-22,9:57:05.039331137,T,TGT,,150,93.87
2025-10-22,9:57:05.039334452,T,TGT,I,13,93.88
2025-10-22,9:57:05.039334452,T,TGT,I,34,93.88
2025-10-22,9:57:05.039337129,T,TGT,,100,93.88
2025-10-22,9:57:05.039373270,T,TGT,,100,93.89
2025-10-22,9:57:05.039376358,T,TGT,I,50,93.89
2025-10-22,9:57:05.039379387,T,TGT,,255,93.89
2025-10-22,9:57:05.039397304,T,TGT,I,1,93.88
2025-10-22,9:57:05.039403314,T,TGT,F I,64,93.88
2025-10-22,9:57:05.039613786,T,TGT,F,150,93.88
2025-10-22,9:57:05.039634816,T,TGT,I,1,93.88
2025-10-22,9:57:05.039661893,T,TGT,,101,93.88
2025-10-22,9:57:05.039691940,T,TGT,,150,93.88
2025-10-22,9:57:05.039713430,T,TGT,,200,93.88
2025-10-22,9:57:05.130334193,T,TGT,F,416,93.88
2025-10-22,9:57:05.130336919,T,TGT,F I,20,93.88
2025-10-22,9:57:05.130376355,T,TGT,I,5,93.89
2025-10-22,9:57:05.130376355,T,TGT,I,11,93.89
2025-10-22,9:57:05.130379047,T,TGT,I,74,93.89
2025-10-22,9:57:05.131362393,T,TGT,I,2,93.88
2025-10-22,9:57:05.133789136,T,TGT,F,196,93.88
2025-10-22,9:57:05.133810211,T,TGT,I,1,93.88
2025-10-22,9:57:05.137530066,T,TGT,F I,1,93.88
2025-10-22,9:57:09.655012688,T,TGT,,100,93.88
2025-10-22,9:57:15.354337831,T,TGT,I,75,93.885
2025-10-22,9:57:15.354385973,T,TGT,I,25,93.885
2025-10-22,9:57:15.961688865,T,TGT,F I,75,93.89
2025-10-22,9:57:15.961736940,T,TGT,F I,25,93.89
2025-10-22,9:57:17.843773637,T,TGT,F I,75,93.885
2025-10-22,9:57:22.216515323,T,TGT,F I,7,93.87
2025-10-22,9:57:22.216518341,T,TGT,F,100,93.87
2025-10-22,9:57:23.746356027,T,TGT,F I,4,93.86
2025-10-22,9:57:28.322809291,T,TGT,I,21,93.83
2025-10-22,9:57:28.322809291,T,TGT,I,5,93.83
2025-10-22,9:57:35.177381721,T,TGT,I,28,93.81
2025-10-22,9:57:35.177928994,T,TGT,I,22,93.81
2025-10-22,9:57:45.969178705,T,TGT,F I,53,93.8
2025-10-22,9:57:45.969180520,T,TGT,F I,50,93.8
2025-10-22,9:57:48.772296792,T,TGT,I,43,93.79
2025-10-22,9:57:48.772296792,T,TGT,I,17,93.79
2025-10-22,9:57:48.991437850,T,TGT,I,5,93.76
2025-10-22,9:57:48.991437850,T,TGT,I,20,93.76
2025-10-22,9:57:48.991455965,T,TGT,I,57,93.76
2025-10-22,9:57:48.991455965,T,TGT,I,14,93.76
2025-10-22,9:57:52.584948186,T,TGT,I,25,93.75
2025-10-22,9:57:52.584951208,T,TGT,I,36,93.75
2025-10-22,9:57:52.585678989,T,TGT,,164,93.75
2025-10-22,9:57:52.585681941,T,TGT,I,1,93.75
2025-10-22,9:57:53.844863161,T,TGT,F I,8,93.73
2025-10-22,9:57:53.844914349,T,TGT,F I,6,93.73
2025-10-22,9:57:53.882332108,T,TGT,I,29,93.68
2025-10-22,9:57:55.926650622,T,TGT,I,10,93.68
2025-10-22,9:57:55.959630173,T,TGT,I,2,93.68
2025-10-22,9:57:56.804820743,T,TGT,F I,75,93.675
2025-10-22,9:58:00.379467046,T,TGT,I,59,93.675
2025-10-22,9:58:05.146222509,T,TGT,F I,57,93.7
2025-10-22,9:58:05.146226232,T,TGT,F I,1,93.7
2025-10-22,9:58:05.146228566,T,TGT,F I,5,93.7
2025-10-22,9:58:05.147311050,T,TGT,F I,1,93.73
2025-10-22,9:58:05.147669724,T,TGT,I,15,93.75
2025-10-22,9:58:05.147672277,T,TGT,I,15,93.75
2025-10-22,9:58:05.147672277,T,TGT,I,16,93.75
2025-10-22,9:58:05.147675022,T,TGT,I,11,93.75
2025-10-22,9:58:05.147689954,T,TGT,I,1,93.75
2025-10-22,9:58:05.147711046,T,TGT,,100,93.75
2025-10-22,9:58:05.147711046,T,TGT,I,4,93.75
2025-10-22,9:58:05.147714036,T,TGT,I,74,93.75
2025-10-22,9:58:05.166205115,T,TGT,I,2,93.75
2025-10-22,9:58:11.524637686,T,TGT,F,100,93.78
2025-10-22,9:58:11.524679818,T,TGT,F,100,93.79
2025-10-22,9:58:11.524682689,T,TGT,F I,74,93.79
2025-10-22,9:58:11.525326747,T,TGT,I,6,93.8
2025-10-22,9:58:11.525329501,T,TGT,I,6,93.8
2025-10-22,9:58:11.525329501,T,TGT,I,6,93.8
2025-10-22,9:58:11.525335200,T,TGT,I,5,93.8
2025-10-22,9:58:11.525347297,T,TGT,F I,77,93.8
2025-10-22,9:58:11.811235421,T,TGT,F,100,93.84
2025-10-22,9:58:11.811238386,T,TGT,F,100,93.84
2025-10-22,9:58:11.811935991,T,TGT,F I,75,93.85
2025-10-22,9:58:11.811963065,T,TGT,F I,10,93.85
2025-10-22,9:58:13.173441762,T,TGT,F I,75,93.85
2025-10-22,9:58:13.173483847,T,TGT,F I,75,93.85
2025-10-22,9:58:13.173507879,T,TGT,I,50,93.85
2025-10-22,9:58:15.528403268,T,TGT,,100,93.87
2025-10-22,9:58:15.580619702,T,TGT,I,50,93.84
2025-10-22,9:58:15.583341228,T,TGT,I,5,93.83
2025-10-22,9:58:15.583341228,T,TGT,I,96,93.83
2025-10-22,9:58:15.583365269,T,TGT,F I,4,93.83
2025-10-22,9:58:15.583365269,T,TGT,F I,1,93.83
2025-10-22,9:58:15.583368239,T,TGT,F I,50,93.83
2025-10-22,9:58:15.584444815,T,TGT,I,7,93.82
2025-10-22,9:58:15.585488218,T,TGT,I,20,93.81
2025-10-22,9:58:26.313745519,T,TGT,F,100,93.81
2025-10-22,9:58:26.313745519,T,TGT,F I,20,93.81
2025-10-22,9:58:31.809714268,T,TGT,F,100,93.87
2025-10-22,9:58:31.809738311,T,TGT,F I,50,93.87
2025-10-22,9:58:31.810138193,T,TGT,F I,15,93.88
2025-10-22,9:58:31.810138193,T,TGT,F I,1,93.89
2025-10-22,9:58:40.351564599,T,TGT,I,20,93.85
2025-10-22,9:58:40.351564599,T,TGT,I,5,93.85
2025-10-22,9:58:40.382848049,T,TGT,I,75,93.835
2025-10-22,9:58:40.390074342,T,TGT,I,10,93.82
2025-10-22,9:58:40.390077360,T,TGT,I,5,93.82
2025-10-22,9:58:42.856373068,T,TGT,I,35,93.8
2025-10-22,9:58:47.416567174,T,TGT,F I,5,93.81
2025-10-22,9:58:47.416572430,T,TGT,F I,95,93.81
2025-10-22,9:58:47.416572430,T,TGT,F I,48,93.8
2025-10-22,9:58:47.416593494,T,TGT,F,617,93.8
2025-10-22,9:58:57.083003103,T,TGT,,150,93.8
2025-10-22,9:58:57.083048105,T,TGT,I,50,93.8
2025-10-22,9:58:57.083063245,T,TGT,,100,93.8
2025-10-22,9:58:57.089997715,T,TGT,I,18,93.78
2025-10-22,9:58:57.116914777,T,TGT,I,50,93.77
2025-10-22,9:58:57.116939014,T,TGT,F I,50,93.77
2025-10-22,9:58:57.116939014,T,TGT,F I,5,93.77
2025-10-22,9:58:57.116941938,T,TGT,F I,51,93.77
2025-10-22,9:58:59.064225124,T,TGT,I,1,93.75
2025-10-22,9:59:03.332780777,T,TGT,F,100,93.79
2025-10-22,9:59:03.332784166,T,TGT,F I,20,93.79
2025-10-22,9:59:03.333135563,T,TGT,,100,93.79
2025-10-22,9:59:03.333255831,T,TGT,F,100,93.8
2025-10-22,9:59:03.334810531,T,TGT,F I,1,93.81
2025-10-22,9:59:03.334813515,T,TGT,F I,1,93.81
2025-10-22,9:59:03.334813515,T,TGT,F,100,93.81
2025-10-22,9:59:03.335192453,T,TGT,F,100,93.81
2025-10-22,9:59:03.553052449,T,TGT,I,1,93.81
2025-10-22,9:59:07.577140589,T,TGT,I,22,93.795
2025-10-22,9:59:07.680439653,T,TGT,I,22,93.795
2025-10-22,9:59:07.723520458,T,TGT,I,22,93.795
2025-10-22,9:59:08.077189943,T,TGT,I,3,93.795
2025-10-22,9:59:13.149987423,T,TGT,I,3,93.795
2025-10-22,9:59:13.149987423,T,TGT,I,22,93.795
2025-10-22,9:59:13.206446889,T,TGT,I,3,93.795
2025-10-22,9:59:13.245161972,T,TGT,F,100,93.83
2025-10-22,9:59:13.245161972,T,TGT,F,100,93.83
2025-10-22,9:59:13.245167193,T,TGT,F I,52,93.83
2025-10-22,9:59:13.245167193,T,TGT,F I,20,93.83
2025-10-22,9:59:13.245537073,T,TGT,,100,93.83
2025-10-22,9:59:14.224525527,T,TGT,,100,93.84
2025-10-22,9:59:14.224585579,T,TGT,,100,93.84
2025-10-22,9:59:18.015314734,T,TGT,I,1,93.84
2025-10-22,9:59:18.015314734,T,TGT,I,71,93.83
2025-10-22,9:59:22.549174265,T,TGT,F I,33,93.86
2025-10-22,9:59:22.549177327,T,TGT,F I,22,93.86
2025-10-22,9:59:22.549177327,T,TGT,F I,45,93.87
2025-10-22,9:59:22.549559150,T,TGT,F,100,93.87
2025-10-22,9:59:22.549601319,T,TGT,,100,93.87
2025-10-22,9:59:22.555432177,T,TGT,I,10,93.86
2025-10-22,9:59:22.555432177,T,TGT,I,55,93.86
2025-10-22,9:59:22.555444205,T,TGT,F I,35,93.855
2025-10-22,9:59:22.555447233,T,TGT,F I,65,93.87
2025-10-22,9:59:22.555465254,T,TGT,I,1,93.86
2025-10-22,9:59:22.555486294,T,TGT,F I,99,93.86
2025-10-22,9:59:22.555486294,T,TGT,F I,1,93.86
2025-10-22,9:59:22.555519388,T,TGT,F I,34,93.86
2025-10-22,9:59:33.393192384,T,TGT,I,8,93.88
2025-10-22,9:59:33.393324646,T,TGT,F I,15,93.89
2025-10-22,9:59:33.393387949,T,TGT,,100,93.88
2025-10-22,9:59:38.296263424,T,TGT,I,88,93.9
2025-10-22,9:59:38.296283695,T,TGT,F I,12,93.9
2025-10-22,9:59:38.296289762,T,TGT,F I,5,93.9
2025-10-22,9:59:38.296289762,T,TGT,F I,17,93.9
2025-10-22,9:59:38.296289762,T,TGT,F I,70,93.9
2025-10-22,9:59:38.296548275,T,TGT,F I,1,93.89
2025-10-22,9:59:47.458764990,T,TGT,I,10,93.935
2025-10-22,9:59:51.412401056,T,TGT,I,53,93.93
2025-10-22,9:59:52.219821785,T,TGT,I,75,93.915
2025-10-22,9:59:52.219872838,T,TGT,I,25,93.915
2025-10-22,9:59:59.034771867,T,TGT,F I,20,93.915
2025-10-22,9:59:59.615010247,T,TGT,F I,1,93.89
2025-10-22,10:00:00.240223736,T,TGT,,100,93.915
2025-10-22,10:00:00.263706739,T,TGT,,100,93.915
2025-10-22,10:00:05.570741382,T,TGT,F I,55,93.96
2025-10-22,10:00:05.570741382,T,TGT,F I,11,93.96
2025-10-22,10:00:05.570744652,T,TGT,F I,2,93.96
2025-10-22,10:00:05.570744652,T,TGT,F I,4,93.96
2025-10-22,10:00:05.570748228,T,TGT,F I,20,93.96
2025-10-22,10:00:05.570751060,T,TGT,F I,34,93.96
2025-10-22,10:00:05.570751060,T,TGT,F I,36,93.96
2025-10-22,10:00:05.579432220,T,TGT,I,20,93.94
2025-10-22,10:00:05.579432220,T,TGT,I,25,93.94
2025-10-22,10:00:10.205479279,T,TGT,F I,75,93.92
2025-10-22,10:00:16.262076704,T,TGT,I,75,93.915
2025-10-22,10:00:16.262139988,T,TGT,I,25,93.915
2025-10-22,10:00:21.061152986,T,TGT,F I,75,93.915
2025-10-22,10:00:28.942741268,T,TGT,I,27,93.89
2025-10-22,10:00:29.428217828,T,TGT,F I,5,93.88
2025-10-22,10:00:29.428220832,T,TGT,F I,1,93.88
2025-10-22,10:00:36.110924920,T,TGT,F I,75,93.89
2025-10-22,10:00:38.423771193,T,TGT,I,27,93.88
2025-10-22,10:00:45.520402328,T,TGT,I,22,93.88
2025-10-22,10:00:45.520420445,T,TGT,I,50,93.88
2025-10-22,10:00:45.521355666,T,TGT,I,71,93.91
2025-10-22,10:00:45.521358693,T,TGT,I,35,93.91
2025-10-22,10:00:45.521361762,T,TGT,I,10,93.91
2025-10-22,10:00:45.521364688,T,TGT,I,25,93.91
2025-10-22,10:00:45.522111283,T,TGT,,100,93.91
2025-10-22,10:00:45.522113410,T,TGT,I,50,93.91
2025-10-22,10:00:45.522113410,T,TGT,I,70,93.91
2025-10-22,10:00:45.522116411,T,TGT,I,33,93.91
2025-10-22,10:00:45.522164626,T,TGT,I,41,93.91
2025-10-22,10:00:45.522179643,T,TGT,F I,2,93.91
2025-10-22,10:00:45.524401878,T,TGT,F I,29,93.92
2025-10-22,10:00:45.524401878,T,TGT,F I,2,93.92
2025-10-22,10:00:45.524437937,T,TGT,I,30,93.93
2025-10-22,10:00:49.265314386,T,TGT,I,6,93.92
2025-10-22,10:00:49.347770855,T,TGT,I,25,93.92
2025-10-22,10:00:53.436088993,T,TGT,I,22,93.9
2025-10-22,10:00:53.436107242,T,TGT,F I,28,93.9
2025-10-22,10:00:53.436109971,T,TGT,F I,34,93.9
2025-10-22,10:00:54.209035384,T,TGT,F I,53,93.92
2025-10-22,10:00:54.209038386,T,TGT,F I,11,93.92
2025-10-22,10:00:54.209666896,T,TGT,F I,13,93.92
2025-10-22,10:01:00.835761129,T,TGT,I,2,93.9
2025-10-22,10:01:06.520267582,T,TGT,F I,10,93.87
2025-10-22,10:01:06.520273072,T,TGT,F I,21,93.87
2025-10-22,10:01:06.520273072,T,TGT,F I,5,93.87
2025-10-22,10:01:06.522017217,T,TGT,F I,17,93.85
2025-10-22,10:01:08.675405545,T,TGT,F I,20,93.79
2025-10-22,10:01:09.524415153,T,TGT,I,10,93.79
2025-10-22,10:01:20.811436712,T,TGT,F I,2,93.75
2025-10-22,10:01:20.811439571,T,TGT,F I,1,93.75
2025-10-22,10:01:20.811457618,T,TGT,I,3,93.75
2025-10-22,10:01:20.811460691,T,TGT,I,5,93.75
2025-10-22,10:01:20.811758409,T,TGT,F I,2,93.74
2025-10-22,10:01:20.812125194,T,TGT,I,98,93.74
2025-10-22,10:01:28.982819395,T,TGT,,109,93.71
2025-10-22,10:01:30.652267762,T,TGT,I,14,93.7
2025-10-22,10:01:30.652300839,T,TGT,F I,50,93.7
2025-10-22,10:01:32.003567099,T,TGT,F I,11,93.71
2025-10-22,10:01:39.306712382,T,TGT,I,1,93.67
2025-10-22,10:01:39.438795975,T,TGT,I,10,93.645
2025-10-22,10:01:50.343135044,T,TGT,I,10,93.63
2025-10-22,10:01:50.343156093,T,TGT,I,10,93.63
2025-10-22,10:01:50.736432887,T,TGT,F I,1,93.63
2025-10-22,10:01:55.424737694,T,TGT,F I,59,93.65
2025-10-22,10:01:55.424912081,T,TGT,F,100,93.66
2025-10-22,10:01:55.425227767,T,TGT,,200,93.67
2025-10-22,10:01:55.425239787,T,TGT,I,5,93.67
2025-10-22,10:02:03.740984400,T,TGT,I,37,93.67
2025-10-22,10:02:12.456642648,T,TGT,I,37,93.66
2025-10-22,10:02:15.902218573,T,TGT,,100,93.67
2025-10-22,10:02:17.250405464,T,TGT,I,21,93.67
2025-10-22,10:02:17.250739232,T,TGT,I,35,93.65
2025-10-22,10:02:17.250766428,T,TGT,F I,65,93.65
2025-10-22,10:02:17.250766428,T,TGT,F I,5,93.65
2025-10-22,10:02:17.250769899,T,TGT,F I,5,93.65
2025-10-22,10:02:17.250772635,T,TGT,F I,20,93.65
2025-10-22,10:02:17.250772635,T,TGT,F I,9,93.65
2025-10-22,10:02:17.250790749,T,TGT,I,1,93.65
2025-10-22,10:02:17.250790749,T,TGT,I,36,93.65
2025-10-22,10:02:20.987576953,T,TGT,I,21,93.64
2025-10-22,10:02:25.400349976,T,TGT,I,1,93.67
2025-10-22,10:02:29.459273113,T,TGT,I,43,93.68
2025-10-22,10:02:29.459294163,T,TGT,F I,11,93.68
2025-10-22,10:02:29.459294163,T,TGT,F I,11,93.68
2025-10-22,10:02:29.462947829,T,TGT,,100,93.68
2025-10-22,10:02:29.463483615,T,TGT,,100,93.69
2025-10-22,10:02:29.463486036,T,TGT,I,4,93.69
2025-10-22,10:02:29.495392060,T,TGT,I,4,93.68
2025-10-22,10:02:31.381804428,T,TGT,I,30,93.65
2025-10-22,10:02:39.325746477,T,TGT,F I,50,93.69
2025-10-22,10:02:39.325749415,T,TGT,F I,6,93.69
2025-10-22,10:02:39.326152280,T,TGT,F,100,93.7
2025-10-22,10:02:39.326155897,T,TGT,F I,12,93.7
2025-10-22,10:02:39.326158321,T,TGT,F I,4,93.7
2025-10-22,10:02:39.326197400,T,TGT,F I,1,93.7
2025-10-22,10:02:39.326206483,T,TGT,F I,99,93.7
2025-10-22,10:02:39.326206483,T,TGT,F I,1,93.7
2025-10-22,10:02:39.326350790,T,TGT,F I,83,93.7
2025-10-22,10:02:39.326817580,T,TGT,F I,22,93.7
2025-10-22,10:02:39.326865084,T,TGT,,100,93.7
2025-10-22,10:02:40.951467474,T,TGT,F I,31,93.72
2025-10-22,10:02:40.951482503,T,TGT,I,4,93.72
2025-10-22,10:02:40.951485505,T,TGT,I,27,93.72
2025-10-22,10:02:40.951584749,T,TGT,F I,38,93.72
2025-10-22,10:02:45.607929617,T,TGT,F I,75,93.73
2025-10-22,10:02:45.607956480,T,TGT,I,25,93.73
2025-10-22,10:02:45.608275147,T,TGT,I,10,93.73
2025-10-22,10:02:45.608302268,T,TGT,,100,93.73
2025-10-22,10:02:48.628307322,T,TGT,I,5,93.71
2025-10-22,10:02:48.628310291,T,TGT,I,2,93.71
2025-10-22,10:02:48.628848629,T,TGT,F I,15,93.7
2025-10-22,10:02:49.915756847,T,TGT,I,12,93.67
2025-10-22,10:02:49.915770978,T,TGT,F I,88,93.67
2025-10-22,10:02:49.915773570,T,TGT,F I,27,93.67
2025-10-22,10:02:49.915836689,T,TGT,I,50,93.66
2025-10-22,10:02:49.915839725,T,TGT,I,50,93.67
2025-10-22,10:02:49.915857703,T,TGT,F I,50,93.67
2025-10-22,10:02:49.967132926,T,TGT,F I,75,93.66
2025-10-22,10:02:49.967181018,T,TGT,F I,25,93.66
2025-10-22,10:03:03.424833935,T,TGT,F I,75,93.68
2025-10-22,10:03:03.424866955,T,TGT,F I,50,93.69
2025-10-22,10:03:03.424870203,T,TGT,F I,4,93.69
2025-10-22,10:03:03.424872954,T,TGT,F I,2,93.69
2025-10-22,10:03:09.098559127,T,TGT,F I,7,93.72
2025-10-22,10:03:09.107679789,T,TGT,I,48,93.75
2025-10-22,10:03:09.107679789,T,TGT,I,60,93.75
2025-10-22,10:03:14.286043855,T,TGT,F I,51,93.77
2025-10-22,10:03:14.301533737,T,TGT,I,51,93.77
2025-10-22,10:03:14.336798814,T,TGT,I,20,93.74
2025-10-22,10:03:35.896302710,T,TGT,I,42,93.77
2025-10-22,10:03:35.896347807,T,TGT,I,50,93.78
2025-10-22,10:03:35.896350876,T,TGT,I,20,93.78
2025-10-22,10:03:35.896353867,T,TGT,,200,93.78
2025-10-22,10:03:39.659098207,T,TGT,F I,10,93.79
2025-10-22,10:03:39.659101606,T,TGT,F I,3,93.79
2025-10-22,10:03:39.659101606,T,TGT,F I,39,93.79
2025-10-22,10:03:51.200354377,T,TGT,F I,2,93.75
2025-10-22,10:03:51.200414518,T,TGT,,100,93.76
2025-10-22,10:03:51.200435563,T,TGT,I,1,93.76
2025-10-22,10:03:51.200664124,T,TGT,F I,1,93.75
2025-10-22,10:03:51.200880707,T,TGT,F,100,93.75
2025-10-22,10:03:51.200898646,T,TGT,I,1,93.75
2025-10-22,10:03:51.200901764,T,TGT,F I,24,93.75
2025-10-22,10:03:51.201070207,T,TGT,F,253,93.74
2025-10-22,10:03:51.201070207,T,TGT,F,271,93.74
2025-10-22,10:03:51.316713591,T,TGT,I,30,93.73
2025-10-22,10:03:53.066317962,T,TGT,,100,93.73
2025-10-22,10:03:53.068880109,T,TGT,I,75,93.73
2025-10-22,10:03:53.118868151,T,TGT,I,41,93.73
2025-10-22,10:03:54.093252573,T,TGT,F,100,93.74
2025-10-22,10:03:55.034353649,T,TGT,F,100,93.74
2025-10-22,10:03:55.034392930,T,TGT,I,10,93.73
2025-10-22,10:03:55.034392930,T,TGT,,362,93.73
2025-10-22,10:03:55.034687404,T,TGT,F I,99,93.72
2025-10-22,10:03:55.034714417,T,TGT,F I,1,93.72
2025-10-22,10:03:55.034714417,T,TGT,F I,1,93.72
2025-10-22,10:03:55.044833608,T,TGT,I,6,93.73
2025-10-22,10:03:55.044833608,T,TGT,I,34,93.73
2025-10-22,10:03:55.044836570,T,TGT,I,20,93.73
2025-10-22,10:03:55.044881713,T,TGT,I,40,93.73
2025-10-22,10:03:55.142554417,T,TGT,I,14,93.74
2025-10-22,10:03:55.142614537,T,TGT,F I,6,93.745
