DATE,TIME_M,EX,SYM_ROOT,TR_SCOND,SIZE,PRICE
2025-12-19,9:30:04.078830220,T,TGT,,100,98.91
2025-12-19,9:30:04.078833237,T,TGT,Q,100,98.91
2025-12-19,9:30:04.078869420,T,TGT,I,40,98.99
2025-12-19,9:30:04.078872384,T,TGT,I,6,99.05
2025-12-19,9:30:05.446238848,T,TGT,F,100,98.93
2025-12-19,9:30:15.546815922,T,TGT,,100,98.98
2025-12-19,9:30:15.546861100,T,TGT,I,16,98.99
2025-12-19,9:30:26.745975953,T,TGT,I,35,99.08
2025-12-19,9:30:26.745975953,T,TGT,I,20,99.21
2025-12-19,9:30:26.771022622,T,TGT,I,55,99.21
2025-12-19,9:30:26.799542593,T,TGT,I,55,99.21
2025-12-19,9:30:26.829415816,T,TGT,I,55,99.21
2025-12-19,9:30:26.856029207,T,TGT,I,55,99.21
2025-12-19,9:30:26.883475522,T,TGT,I,55,99.21
2025-12-19,9:30:26.913282575,T,TGT,I,55,99.21
2025-12-19,9:30:26.940674877,T,TGT,I,55,99.21
2025-12-19,9:30:26.965312587,T,TGT,I,55,99.21
2025-12-19,9:30:26.990900550,T,TGT,I,55,99.21
2025-12-19,9:30:27.015396841,T,TGT,I,55,99.21
2025-12-19,9:30:27.060853168,T,TGT,I,55,99.21
2025-12-19,9:30:27.103542877,T,TGT,I,55,99.21
2025-12-19,9:30:27.166846633,T,TGT,I,55,99.21
2025-12-19,9:30:27.252580871,T,TGT,I,16,99.2
2025-12-19,9:30:33.203394823,T,TGT,I,19,99.24
2025-12-19,9:30:33.203397781,T,TGT,I,36,99.24
2025-12-19,9:30:33.204209704,T,TGT,F I,55,99.24
2025-12-19,9:30:33.204218827,T,TGT,F I,55,99.24
2025-12-19,9:30:33.204444294,T,TGT,I,55,99.24
2025-12-19,9:30:33.204570579,T,TGT,F I,55,99.24
2025-12-19,9:30:33.218199045,T,TGT,I,55,99.24
2025-12-19,9:30:33.240728729,T,TGT,I,55,99.24
2025-12-19,9:30:33.465508241,T,TGT,I,55,99.24
2025-12-19,9:30:33.703483213,T,TGT,I,55,99.24
2025-12-19,9:30:33.704583869,T,TGT,I,55,99.24
2025-12-19,9:30:33.705633367,T,TGT,I,55,99.24
2025-12-19,9:30:33.735386253,T,TGT,I,55,99.24
2025-12-19,9:30:33.743532568,T,TGT,I,55,99.24
2025-12-19,9:30:33.745577523,T,TGT,I,55,99.24
2025-12-19,9:30:33.747532115,T,TGT,I,55,99.24
2025-12-19,9:30:51.757973553,T,TGT,,100,99.24
2025-12-19,9:30:51.758024648,T,TGT,I,55,99.24
2025-12-19,9:30:51.759053130,T,TGT,I,55,99.24
2025-12-19,9:30:52.258076919,T,TGT,I,55,99.24
2025-12-19,9:30:53.270411668,T,TGT,I,46,99.24
2025-12-19,9:30:53.349936184,T,TGT,I,55,99.24
2025-12-19,9:30:59.014855825,T,TGT,I,55,99.24
2025-12-19,9:30:59.015923429,T,TGT,I,55,99.24
2025-12-19,9:30:59.017102225,T,TGT,I,55,99.24
2025-12-19,9:30:59.024860717,T,TGT,I,55,99.24
2025-12-19,9:30:59.514911251,T,TGT,I,55,99.235
2025-12-19,9:30:59.515978752,T,TGT,I,30,99.235
2025-12-19,9:30:59.515978752,T,TGT,I,25,99.24
2025-12-19,9:30:59.517244748,T,TGT,I,55,99.24
2025-12-19,9:31:03.172903833,T,TGT,F I,12,99.24
2025-12-19,9:31:08.509750997,T,TGT,F,100,99.135
2025-12-19,9:31:19.782556816,T,TGT,I,19,99.07
2025-12-19,9:31:19.782725202,T,TGT,I,38,99.04
2025-12-19,9:31:19.782857444,T,TGT,F I,18,99.04
2025-12-19,9:31:19.806479142,T,TGT,I,50,99.14
2025-12-19,9:31:19.806502841,T,TGT,F I,50,99.14
2025-12-19,9:31:19.845343388,T,TGT,F I,55,99.25
2025-12-19,9:31:19.845355419,T,TGT,I,11,99.25
2025-12-19,9:31:19.850371259,T,TGT,F I,2,99.26
2025-12-19,9:31:19.851953136,T,TGT,F I,38,99.26
2025-12-19,9:31:29.651750543,T,TGT,F I,50,99.22
2025-12-19,9:31:29.651813713,T,TGT,F I,50,99.22
2025-12-19,9:31:29.652144458,T,TGT,F I,13,99.22
2025-12-19,9:31:29.652207669,T,TGT,F I,12,99.22
2025-12-19,9:31:29.652207669,T,TGT,F I,1,99.2
2025-12-19,9:31:29.652252754,T,TGT,F I,9,99.24
2025-12-19,9:31:29.652261709,T,TGT,F I,12,99.21
2025-12-19,9:31:29.652273749,T,TGT,I,9,99.24
2025-12-19,9:31:29.652288976,T,TGT,F I,91,99.24
2025-12-19,9:31:29.652301055,T,TGT,F I,14,99.29
2025-12-19,9:31:29.652331222,T,TGT,F I,10,99.24
2025-12-19,9:31:29.652336922,T,TGT,F I,4,99.24
2025-12-19,9:31:29.679684037,T,TGT,F I,28,99.27
2025-12-19,9:31:29.679717143,T,TGT,I,28,99.26
2025-12-19,9:31:29.679768280,T,TGT,F I,13,99.23
2025-12-19,9:31:29.680186231,T,TGT,I,24,99.25
2025-12-19,9:31:29.680880888,T,TGT,I,1,99.24
2025-12-19,9:31:29.681470385,T,TGT,F I,2,99.24
2025-12-19,9:31:29.681581565,T,TGT,F I,1,99.25
2025-12-19,9:31:29.681581565,T,TGT,F I,1,99.25
2025-12-19,9:31:30.568162774,T,TGT,,100,99.345
2025-12-19,9:31:30.570809060,T,TGT,,100,99.345
2025-12-19,9:31:30.570833124,T,TGT,F I,50,99.345
2025-12-19,9:31:31.462460313,T,TGT,F I,43,99.48
2025-12-19,9:31:58.399042614,T,TGT,I,25,99.49
2025-12-19,9:31:58.399045534,T,TGT,I,1,99.5
2025-12-19,9:31:58.399553711,T,TGT,I,25,99.45
2025-12-19,9:31:58.399553711,T,TGT,I,75,99.44
2025-12-19,9:32:03.596104841,T,TGT,I,2,99.32
2025-12-19,9:32:03.596107845,T,TGT,,100,99.3
2025-12-19,9:32:03.602188300,T,TGT,I,4,99.29
2025-12-19,9:32:03.602323569,T,TGT,I,2,99.29
2025-12-19,9:32:03.609366483,T,TGT,F I,37,99.23
2025-12-19,9:32:03.613871631,T,TGT,F,100,99.22
2025-12-19,9:32:03.613874134,T,TGT,F I,1,99.22
2025-12-19,9:32:03.613874134,T,TGT,F I,1,99.22
2025-12-19,9:32:03.613877156,T,TGT,F I,1,99.22
2025-12-19,9:32:03.613880127,T,TGT,F I,97,99.22
2025-12-19,9:32:03.613880127,T,TGT,F I,3,99.22
2025-12-19,9:32:03.613883167,T,TGT,F I,10,99.22
2025-12-19,9:32:03.613892351,T,TGT,I,1,99.22
2025-12-19,9:32:03.613895206,T,TGT,F I,13,99.22
2025-12-19,9:32:03.614090972,T,TGT,,100,99.23
2025-12-19,9:32:03.614346299,T,TGT,F I,86,99.22
2025-12-19,9:32:03.614349225,T,TGT,F I,86,99.22
2025-12-19,9:32:03.614394350,T,TGT,I,10,99.22
2025-12-19,9:32:03.614502775,T,TGT,F I,4,99.22
2025-12-19,9:32:03.614502775,T,TGT,F I,82,99.22
2025-12-19,9:32:03.615392810,T,TGT,F I,50,99.245
2025-12-19,9:32:03.615440821,T,TGT,F I,50,99.245
2025-12-19,9:32:03.615473916,T,TGT,F I,50,99.245
2025-12-19,9:32:03.615510051,T,TGT,F I,50,99.245
2025-12-19,9:32:03.618114284,T,TGT,I,5,99.245
2025-12-19,9:32:03.625662251,T,TGT,F I,18,99.26
2025-12-19,9:32:03.625767557,T,TGT,I,12,99.26
2025-12-19,9:32:03.635086631,T,TGT,F I,18,99.22
2025-12-19,9:32:03.635703128,T,TGT,F I,10,99.26
2025-12-19,9:32:03.635703128,T,TGT,F I,22,99.26
2025-12-19,9:32:03.645581685,T,TGT,F I,20,99.22
2025-12-19,9:32:03.645584639,T,TGT,F I,10,99.22
2025-12-19,9:32:03.645587692,T,TGT,F I,15,99.22
2025-12-19,9:32:03.645960951,T,TGT,F I,22,99.26
2025-12-19,9:32:03.658578629,T,TGT,F,100,99.23
2025-12-19,9:32:03.658590638,T,TGT,F I,52,99.23
2025-12-19,9:32:03.670255446,T,TGT,F I,48,99.23
2025-12-19,9:32:03.670258868,T,TGT,F I,22,99.22
2025-12-19,9:32:03.670258868,T,TGT,F I,10,99.22
2025-12-19,9:32:03.670261429,T,TGT,F I,72,99.22
2025-12-19,9:32:03.681553342,T,TGT,F I,18,99.22
2025-12-19,9:32:03.681604626,T,TGT,I,10,99.26
2025-12-19,9:32:03.681607544,T,TGT,F I,10,99.26
2025-12-19,9:32:03.681607544,T,TGT,F I,12,99.26
2025-12-19,9:32:03.693092172,T,TGT,I,10,99.22
2025-12-19,9:32:03.693092172,T,TGT,I,10,99.22
2025-12-19,9:32:03.693097922,T,TGT,I,12,99.22
2025-12-19,9:32:03.693097922,T,TGT,I,2,99.22
2025-12-19,9:32:03.693100940,T,TGT,I,1,99.22
2025-12-19,9:32:03.693100940,T,TGT,I,27,99.22
2025-12-19,9:32:03.693145977,T,TGT,I,22,99.26
2025-12-19,9:32:03.723800994,T,TGT,F I,24,99.245
2025-12-19,9:32:03.735634220,T,TGT,F I,24,99.23
2025-12-19,9:32:03.746628386,T,TGT,F I,24,99.23
2025-12-19,9:32:03.758368406,T,TGT,F I,24,99.23
2025-12-19,9:32:05.455855415,T,TGT,F I,50,99.36
2025-12-19,9:32:06.037868270,T,TGT,I,35,99.41
2025-12-19,9:32:06.037868270,T,TGT,I,29,99.41
2025-12-19,9:32:06.244832976,T,TGT,I,3,99.45
2025-12-19,9:32:07.560142667,T,TGT,F I,1,99.43
2025-12-19,9:32:15.650698073,T,TGT,F I,19,99.49
2025-12-19,9:32:16.228966594,T,TGT,I,88,99.49
2025-12-19,9:32:19.671925919,T,TGT,F I,1,99.36
2025-12-19,9:32:20.638485620,T,TGT,I,8,99.335
2025-12-19,9:32:23.001644436,T,TGT,,100,99.44
2025-12-19,9:32:23.001647472,T,TGT,I,80,99.44
2025-12-19,9:32:37.527134135,T,TGT,,150,99.43
2025-12-19,9:32:37.550202114,T,TGT,I,40,99.45
2025-12-19,9:32:37.550214134,T,TGT,I,14,99.45
2025-12-19,9:32:37.550250225,T,TGT,F I,1,99.45
2025-12-19,9:32:37.550379498,T,TGT,F I,34,99.42
2025-12-19,9:32:37.550656169,T,TGT,I,15,99.45
2025-12-19,9:32:37.550668182,T,TGT,F I,50,99.41
2025-12-19,9:32:37.550725681,T,TGT,F I,14,99.45
2025-12-19,9:32:37.550728342,T,TGT,F I,26,99.45
2025-12-19,9:32:37.550728342,T,TGT,I,24,99.45
2025-12-19,9:32:37.551026001,T,TGT,F I,1,99.44
2025-12-19,9:32:37.551197502,T,TGT,F I,50,99.41
2025-12-19,9:32:37.551218535,T,TGT,F I,44,99.41
2025-12-19,9:32:37.551251734,T,TGT,F I,6,99.41
2025-12-19,9:32:37.551317716,T,TGT,F I,8,99.4
2025-12-19,9:32:37.551335740,T,TGT,F I,92,99.4
2025-12-19,9:32:37.551335740,T,TGT,F I,19,99.39
2025-12-19,9:32:37.551357409,T,TGT,F I,81,99.39
2025-12-19,9:32:37.551359974,T,TGT,F I,11,99.39
2025-12-19,9:32:37.552027416,T,TGT,F I,18,99.39
2025-12-19,9:32:37.552060606,T,TGT,F,131,99.39
2025-12-19,9:32:37.552060606,T,TGT,F I,1,99.39
2025-12-19,9:32:37.552063508,T,TGT,F I,68,99.39
2025-12-19,9:32:37.552066552,T,TGT,F I,82,99.39
2025-12-19,9:32:37.552087550,T,TGT,F I,97,99.39
2025-12-19,9:32:37.552364256,T,TGT,I,22,99.4
2025-12-19,9:32:37.563899772,T,TGT,I,1,99.42
2025-12-19,9:32:37.563989931,T,TGT,I,69,99.42
2025-12-19,9:32:58.526843692,T,TGT,F I,21,99.29
2025-12-19,9:32:58.526846672,T,TGT,F I,1,99.29
2025-12-19,9:32:58.527132315,T,TGT,F I,1,99.24
2025-12-19,9:32:58.527159374,T,TGT,I,1,99.24
2025-12-19,9:32:58.550125167,T,TGT,F I,22,99.24
2025-12-19,9:32:58.562024425,T,TGT,F I,22,99.24
2025-12-19,9:32:58.582578402,T,TGT,F I,22,99.24
2025-12-19,9:32:58.598251785,T,TGT,F I,22,99.24
2025-12-19,9:32:58.608202595,T,TGT,I,11,99.24
2025-12-19,9:32:58.608205444,T,TGT,I,1,99.22
2025-12-19,9:32:58.608223516,T,TGT,I,21,99.22
2025-12-19,9:32:58.774742282,T,TGT,F,100,99.19
2025-12-19,9:32:58.774745223,T,TGT,F,189,99.19
2025-12-19,9:32:58.774763320,T,TGT,I,11,99.19
2025-12-19,9:32:58.774766317,T,TGT,I,48,99.19
2025-12-19,9:32:58.774769248,T,TGT,I,1,99.19
2025-12-19,9:32:58.774790485,T,TGT,I,11,99.19
2025-12-19,9:32:58.774988808,T,TGT,F I,40,99.19
2025-12-19,9:32:58.774991830,T,TGT,F I,10,99.19
2025-12-19,9:32:58.775298521,T,TGT,I,40,99.19
2025-12-19,9:32:58.775626278,T,TGT,F I,50,99.19
2025-12-19,9:32:59.723953525,T,TGT,F I,2,99.07
2025-12-19,9:32:59.754449299,T,TGT,F I,80,99.05
2025-12-19,9:32:59.754449299,T,TGT,F I,21,99.05
2025-12-19,9:32:59.754554452,T,TGT,F,100,99.05
2025-12-19,9:33:00.246204813,T,TGT,F I,1,99.02
2025-12-19,9:33:01.162647010,T,TGT,F I,4,99.0
2025-12-19,9:33:01.163278599,T,TGT,I,8,98.98
2025-12-19,9:33:01.163901042,T,TGT,I,30,98.96
2025-12-19,9:33:11.704384082,T,TGT,F I,25,98.98
2025-12-19,9:33:14.835476536,T,TGT,F I,25,98.92
2025-12-19,9:33:21.204048620,T,TGT,I,1,98.88
2025-12-19,9:33:21.204048620,T,TGT,I,1,98.88
2025-12-19,9:33:21.204118002,T,TGT,I,21,98.92
2025-12-19,9:33:21.204142118,T,TGT,I,4,98.92
2025-12-19,9:33:21.204144837,T,TGT,I,15,98.93
2025-12-19,9:33:42.732501933,T,TGT,I,80,98.89
2025-12-19,9:33:46.867502821,T,TGT,I,6,98.89
2025-12-19,9:33:46.867822484,T,TGT,I,50,98.93
2025-12-19,9:33:46.867822484,T,TGT,I,19,98.93
2025-12-19,9:33:46.867828245,T,TGT,I,20,98.93
2025-12-19,9:33:46.867828245,T,TGT,I,1,98.93
2025-12-19,9:33:46.867830621,T,TGT,I,1,98.93
2025-12-19,9:33:46.867834218,T,TGT,I,1,98.93
2025-12-19,9:33:46.867834218,T,TGT,I,1,98.93
2025-12-19,9:33:46.867836619,T,TGT,I,1,98.93
2025-12-19,9:33:46.867839635,T,TGT,I,1,98.93
2025-12-19,9:33:46.871998561,T,TGT,F I,39,98.92
2025-12-19,9:33:46.873138238,T,TGT,I,40,98.94
2025-12-19,9:33:46.873141642,T,TGT,I,24,98.95
2025-12-19,9:33:47.209991828,T,TGT,F I,27,98.93
2025-12-19,9:33:47.231886933,T,TGT,F I,3,98.92
2025-12-19,9:33:47.231889908,T,TGT,F I,24,98.92
2025-12-19,9:33:49.431480089,T,TGT,F I,25,98.9
2025-12-19,9:33:56.859530477,T,TGT,I,6,98.915
2025-12-19,9:34:06.054463943,T,TGT,F I,22,98.96
2025-12-19,9:34:06.054499975,T,TGT,F I,5,98.97
2025-12-19,9:34:06.054545096,T,TGT,F I,78,98.98
2025-12-19,9:34:06.054548342,T,TGT,F I,22,98.98
2025-12-19,9:34:06.054548342,T,TGT,F I,20,98.98
2025-12-19,9:34:06.054984071,T,TGT,I,19,98.98
2025-12-19,9:34:12.502873201,T,TGT,F I,23,98.97
2025-12-19,9:34:12.502879264,T,TGT,F I,2,98.96
2025-12-19,9:34:15.853202908,T,TGT,F I,19,98.99
2025-12-19,9:34:15.853202908,T,TGT,F I,2,98.99
2025-12-19,9:34:32.559833732,T,TGT,F I,28,99.09
2025-12-19,9:34:37.926960099,T,TGT,F I,5,99.06
2025-12-19,9:34:40.237063570,T,TGT,F I,14,99.13
2025-12-19,9:34:40.237063570,T,TGT,F I,36,99.14
2025-12-19,9:34:40.237078587,T,TGT,I,1,99.14
2025-12-19,9:35:03.923779456,T,TGT,I,4,98.94
2025-12-19,9:35:03.923827581,T,TGT,F I,2,98.94
2025-12-19,9:35:03.923875702,T,TGT,F I,10,98.92
2025-12-19,9:35:03.923881659,T,TGT,F I,5,98.92
2025-12-19,9:35:03.923887678,T,TGT,F I,1,98.92
2025-12-19,9:35:03.924492178,T,TGT,F I,50,98.9
2025-12-19,9:35:03.924738722,T,TGT,I,50,98.9
2025-12-19,9:35:03.924828991,T,TGT,F,100,98.86
2025-12-19,9:35:03.924838015,T,TGT,I,1,98.9
2025-12-19,9:35:03.924844045,T,TGT,I,1,98.86
2025-12-19,9:35:03.924895133,T,TGT,F I,50,98.85
2025-12-19,9:35:03.924952481,T,TGT,F I,11,98.85
2025-12-19,9:35:03.924952481,T,TGT,,100,98.87
2025-12-19,9:35:03.925006413,T,TGT,F I,1,98.86
2025-12-19,9:35:03.925045510,T,TGT,F I,5,98.86
2025-12-19,9:35:03.925073479,T,TGT,F I,2,98.86
2025-12-19,9:35:03.925097497,T,TGT,F I,1,98.86
2025-12-19,9:35:03.925097497,T,TGT,F I,1,98.86
2025-12-19,9:35:03.925099946,T,TGT,F I,2,98.86
2025-12-19,9:35:03.925102583,T,TGT,,100,98.87
2025-12-19,9:35:03.925105573,T,TGT,I,1,98.86
2025-12-19,9:35:03.925108637,T,TGT,F I,1,98.86
2025-12-19,9:35:03.925114628,T,TGT,I,75,98.86
2025-12-19,9:35:03.925222885,T,TGT,I,1,98.86
2025-12-19,9:35:03.925529645,T,TGT,F I,2,98.86
2025-12-19,9:35:37.839782102,T,TGT,,300,98.95
2025-12-19,9:35:37.839824271,T,TGT,F I,10,98.99
2025-12-19,9:35:37.839842245,T,TGT,,100,98.95
2025-12-19,9:35:37.840729829,T,TGT,F I,20,98.99
2025-12-19,9:35:37.840729829,T,TGT,F I,20,98.99
2025-12-19,9:35:37.840732858,T,TGT,F I,10,98.99
2025-12-19,9:35:37.861608150,T,TGT,I,1,98.99
2025-12-19,9:35:37.861608150,T,TGT,I,2,98.98
2025-12-19,9:35:37.861611085,T,TGT,I,2,98.98
2025-12-19,9:35:37.861614169,T,TGT,I,5,98.98
2025-12-19,9:35:37.861632159,T,TGT,F I,1,98.98
2025-12-19,9:35:37.941069380,T,TGT,I,10,98.95
2025-12-19,9:35:37.941069380,T,TGT,I,25,98.95
2025-12-19,9:35:39.011138689,T,TGT,I,6,99.0
2025-12-19,9:35:46.893908190,T,TGT,I,7,98.955
2025-12-19,9:35:47.234926953,T,TGT,F I,50,99.0
2025-12-19,9:35:47.234938649,T,TGT,F I,22,99.01
2025-12-19,9:35:50.261306436,T,TGT,,100,98.99
2025-12-19,9:35:50.261306436,T,TGT,I,6,98.99
2025-12-19,9:35:50.262226676,T,TGT,I,1,98.95
2025-12-19,9:36:01.138267095,T,TGT,I,27,98.94
2025-12-19,9:36:01.138916669,T,TGT,I,1,98.93
2025-12-19,9:36:01.140366095,T,TGT,I,2,98.91
2025-12-19,9:36:03.349741724,T,TGT,F I,1,98.85
2025-12-19,9:36:03.507025422,T,TGT,I,1,98.84
2025-12-19,9:36:04.347560838,T,TGT,I,15,98.82
2025-12-19,9:36:04.347581915,T,TGT,F I,11,98.82
2025-12-19,9:36:04.347639055,T,TGT,,200,98.8
2025-12-19,9:36:04.371982636,T,TGT,I,25,98.8
2025-12-19,9:36:04.371982636,T,TGT,I,30,98.82
2025-12-19,9:36:04.371985478,T,TGT,I,25,98.83
2025-12-19,9:36:04.371985478,T,TGT,I,20,98.83
2025-12-19,9:36:14.527220241,T,TGT,I,45,98.83
2025-12-19,9:36:19.891901770,T,TGT,F I,50,98.87
2025-12-19,9:36:24.295373366,T,TGT,F,142,98.81
2025-12-19,9:36:24.295376336,T,TGT,F I,1,98.81
2025-12-19,9:36:25.805411828,T,TGT,F,100,98.77
2025-12-19,9:36:26.635801453,T,TGT,F I,26,98.68
2025-12-19,9:36:26.635828210,T,TGT,F I,25,98.68
2025-12-19,9:36:26.641887615,T,TGT,I,18,98.7
2025-12-19,9:36:26.641887615,T,TGT,I,11,98.7
2025-12-19,9:36:27.437348643,T,TGT,I,61,98.73
2025-12-19,9:36:27.815033564,T,TGT,I,61,98.74
2025-12-19,9:36:27.815033564,T,TGT,I,54,98.74
2025-12-19,9:36:27.815072790,T,TGT,I,10,98.75
2025-12-19,9:36:27.815093572,T,TGT,F I,3,98.75
2025-12-19,9:36:27.815096760,T,TGT,F I,48,98.75
2025-12-19,9:36:27.815096760,T,TGT,F I,54,98.75
2025-12-19,9:36:27.815162785,T,TGT,F,100,98.75
2025-12-19,9:36:27.815183773,T,TGT,I,1,98.75
2025-12-19,9:36:27.815219932,T,TGT,F I,37,98.75
2025-12-19,9:36:27.815235482,T,TGT,F I,92,98.75
2025-12-19,9:36:27.815235482,T,TGT,F I,70,98.75
2025-12-19,9:36:27.815238780,T,TGT,F I,11,98.75
2025-12-19,9:36:27.816028872,T,TGT,F I,1,98.73
2025-12-19,9:36:27.816482956,T,TGT,F I,1,98.73
2025-12-19,9:36:43.212979867,T,TGT,,100,98.71
2025-12-19,9:36:43.212982873,T,TGT,I,6,98.71
2025-12-19,9:36:43.212985742,T,TGT,I,1,98.71
2025-12-19,9:36:43.229064969,T,TGT,F I,1,98.7
2025-12-19,9:36:43.229068083,T,TGT,F I,2,98.7
2025-12-19,9:36:44.317345646,T,TGT,I,69,98.69
2025-12-19,9:36:45.744591650,T,TGT,F I,20,98.71
2025-12-19,9:36:45.744594064,T,TGT,F I,5,98.72
2025-12-19,9:36:45.744596905,T,TGT,F I,13,98.72
2025-12-19,9:36:46.908859618,T,TGT,I,8,98.71
2025-12-19,9:36:53.518452948,T,TGT,F I,25,98.75
2025-12-19,9:36:53.518465011,T,TGT,F I,25,98.75
2025-12-19,9:36:53.518507247,T,TGT,F I,14,98.77
2025-12-19,9:36:53.518507247,T,TGT,F I,9,98.77
2025-12-19,9:36:53.518528127,T,TGT,F I,27,98.77
2025-12-19,9:36:53.518540222,T,TGT,I,27,98.77
2025-12-19,9:36:53.522082592,T,TGT,I,3,98.77
2025-12-19,9:36:53.535921519,T,TGT,I,15,98.74
2025-12-19,9:36:53.546170003,T,TGT,I,32,98.79
2025-12-19,9:36:53.546170003,T,TGT,I,58,98.79
2025-12-19,9:36:54.528463185,T,TGT,,100,98.69
2025-12-19,9:37:03.340227478,T,TGT,F I,25,98.69
2025-12-19,9:37:03.340227478,T,TGT,F I,38,98.69
2025-12-19,9:37:03.340229780,T,TGT,F I,10,98.7
2025-12-19,9:37:04.208635830,T,TGT,I,1,98.74
2025-12-19,9:37:05.944866987,T,TGT,F I,4,98.75
2025-12-19,9:37:05.944948188,T,TGT,F I,50,98.76
2025-12-19,9:37:05.944981194,T,TGT,F I,50,98.76
2025-12-19,9:37:05.945020344,T,TGT,F I,25,98.76
2025-12-19,9:37:05.945020344,T,TGT,F I,15,98.76
2025-12-19,9:37:06.295848146,T,TGT,F I,20,98.76
2025-12-19,9:37:06.295869261,T,TGT,F I,50,98.76
2025-12-19,9:37:10.548799028,T,TGT,I,9,98.76
2025-12-19,9:37:10.549403505,T,TGT,I,38,98.75
2025-12-19,9:37:10.549538781,T,TGT,F I,42,98.75
2025-12-19,9:37:14.681099699,T,TGT,F I,1,98.69
2025-12-19,9:37:14.681150860,T,TGT,F I,50,98.69
2025-12-19,9:37:14.681156935,T,TGT,F I,1,98.69
2025-12-19,9:37:14.681442513,T,TGT,F I,1,98.69
2025-12-19,9:37:18.403632048,T,TGT,F I,1,98.66
2025-12-19,9:37:18.403635128,T,TGT,F I,5,98.66
2025-12-19,9:37:18.403881646,T,TGT,F I,2,98.63
2025-12-19,9:37:18.403936079,T,TGT,I,2,98.64
2025-12-19,9:37:18.403936079,T,TGT,I,4,98.64
2025-12-19,9:37:18.404197360,T,TGT,,100,98.63
2025-12-19,9:37:18.404215464,T,TGT,I,1,98.63
2025-12-19,9:37:30.194154229,T,TGT,F,100,98.68
2025-12-19,9:37:30.194158332,T,TGT,F I,25,98.68
2025-12-19,9:37:30.194163300,T,TGT,F I,40,98.69
2025-12-19,9:37:30.194163300,T,TGT,F I,50,98.69
2025-12-19,9:37:30.194166667,T,TGT,F I,38,98.69
2025-12-19,9:37:30.194172150,T,TGT,F,100,98.69
2025-12-19,9:37:30.194199224,T,TGT,,100,98.69
2025-12-19,9:37:30.198237834,T,TGT,F I,25,98.65
2025-12-19,9:37:30.198237834,T,TGT,F I,25,98.64
2025-12-19,9:37:30.198246984,T,TGT,F,100,98.64
2025-12-19,9:37:30.198249942,T,TGT,F I,24,98.64
2025-12-19,9:37:30.198304042,T,TGT,F I,50,98.64
2025-12-19,9:37:30.198319642,T,TGT,F I,26,98.64
2025-12-19,9:37:30.198322041,T,TGT,F I,87,98.63
2025-12-19,9:37:30.198349131,T,TGT,F I,13,98.63
2025-12-19,9:37:30.198352149,T,TGT,F I,13,98.63
2025-12-19,9:37:30.198424353,T,TGT,F I,11,98.61
2025-12-19,9:37:30.198424353,T,TGT,F I,8,98.61
2025-12-19,9:37:30.198476138,T,TGT,F I,7,98.6
2025-12-19,9:37:30.198478491,T,TGT,F I,11,98.6
2025-12-19,9:37:30.198550868,T,TGT,F I,14,98.59
2025-12-19,9:37:30.198550868,T,TGT,F I,31,98.59
2025-12-19,9:37:30.198553689,T,TGT,F I,11,98.59
2025-12-19,9:37:30.198917537,T,TGT,F I,33,98.61
2025-12-19,9:37:30.198920585,T,TGT,F I,33,98.61
2025-12-19,9:37:30.198956622,T,TGT,F I,4,98.61
2025-12-19,9:37:30.198959621,T,TGT,F I,26,98.59
2025-12-19,9:37:30.198989663,T,TGT,F I,7,98.59
2025-12-19,9:37:30.198989663,T,TGT,F I,44,98.59
2025-12-19,9:37:30.199341559,T,TGT,F I,56,98.59
2025-12-19,9:37:30.199348194,T,TGT,F,100,98.59
2025-12-19,9:37:30.199350778,T,TGT,F,100,98.59
2025-12-19,9:37:30.199353493,T,TGT,F I,25,98.59
2025-12-19,9:37:30.199356526,T,TGT,F I,50,98.59
2025-12-19,9:37:30.199356526,T,TGT,F I,75,98.59
2025-12-19,9:37:30.199359906,T,TGT,F I,75,98.59
2025-12-19,9:37:30.199359906,T,TGT,F I,50,98.59
2025-12-19,9:37:30.199362818,T,TGT,F,100,98.59
2025-12-19,9:37:30.199362818,T,TGT,F,100,98.59
2025-12-19,9:37:30.199365674,T,TGT,F I,43,98.59
2025-12-19,9:37:30.199365674,T,TGT,F I,47,98.59
2025-12-19,9:37:30.199371841,T,TGT,I,53,98.59
2025-12-19,9:37:30.199371841,T,TGT,I,43,98.59
2025-12-19,9:37:30.199374939,T,TGT,I,42,98.59
2025-12-19,9:37:30.199377886,T,TGT,I,64,98.59
2025-12-19,9:37:30.199380840,T,TGT,,138,98.59
2025-12-19,9:37:30.199380840,T,TGT,F I,36,98.59
2025-12-19,9:37:30.199383669,T,TGT,F I,14,98.59
2025-12-19,9:37:30.199392640,T,TGT,F I,9,98.59
2025-12-19,9:37:30.199876766,T,TGT,I,59,98.6
2025-12-19,9:37:30.202249385,T,TGT,I,50,98.6
2025-12-19,9:37:30.205025809,T,TGT,F I,1,98.56
2025-12-19,9:37:30.205025809,T,TGT,F I,11,98.56
2025-12-19,9:37:30.205031583,T,TGT,F I,50,98.56
2025-12-19,9:37:30.205031583,T,TGT,F,200,98.56
2025-12-19,9:37:30.205037065,T,TGT,F,150,98.56
2025-12-19,9:37:30.205037065,T,TGT,F I,50,98.56
2025-12-19,9:37:30.238299523,T,TGT,I,1,98.52
2025-12-19,9:37:30.238302383,T,TGT,,100,98.52
2025-12-19,9:37:30.238344464,T,TGT,,100,98.52
2025-12-19,9:37:42.022876261,T,TGT,I,50,98.545
2025-12-19,9:37:42.022918576,T,TGT,I,50,98.545
2025-12-19,9:37:46.706961357,T,TGT,F,100,98.51
2025-12-19,9:37:46.706964274,T,TGT,F I,4,98.51
2025-12-19,9:37:46.707625963,T,TGT,I,21,98.52
2025-12-19,9:37:46.707655990,T,TGT,I,75,98.5
2025-12-19,9:37:46.707658928,T,TGT,,100,98.5
2025-12-19,9:37:46.707662735,T,TGT,,100,98.5
2025-12-19,9:37:46.707662735,T,TGT,I,1,98.5
2025-12-19,9:37:46.707665197,T,TGT,I,4,98.52
2025-12-19,9:37:46.707665197,T,TGT,I,42,98.53
2025-12-19,9:37:46.707673976,T,TGT,I,23,98.53
2025-12-19,9:37:46.707707103,T,TGT,F I,24,98.47
2025-12-19,9:37:46.707707103,T,TGT,F I,11,98.47
2025-12-19,9:37:46.818109061,T,TGT,I,3,98.485
2025-12-19,9:37:47.140621474,T,TGT,I,38,98.51
2025-12-19,9:37:47.140624520,T,TGT,I,23,98.51
2025-12-19,9:37:47.140627455,T,TGT,I,23,98.51
2025-12-19,9:37:47.140627455,T,TGT,I,23,98.51
2025-12-19,9:37:47.140642497,T,TGT,F I,35,98.51
2025-12-19,9:37:47.140651649,T,TGT,F I,20,98.52
2025-12-19,9:37:47.140651649,T,TGT,F I,30,98.52
2025-12-19,9:37:47.140675596,T,TGT,F I,23,98.52
2025-12-19,9:37:47.140678645,T,TGT,F I,23,98.52
2025-12-19,9:37:47.140678645,T,TGT,F I,22,98.52
2025-12-19,9:37:47.141352198,T,TGT,I,25,98.52
2025-12-19,9:37:47.141373265,T,TGT,F I,5,98.52
2025-12-19,9:37:47.141415973,T,TGT,I,11,98.53
2025-12-19,9:37:47.141418304,T,TGT,I,23,98.53
2025-12-19,9:37:47.142107038,T,TGT,,284,98.55
2025-12-19,9:37:47.142110193,T,TGT,I,23,98.55
2025-12-19,9:37:47.142110193,T,TGT,I,30,98.55
2025-12-19,9:37:47.142717466,T,TGT,,100,98.52
2025-12-19,9:37:47.142738680,T,TGT,I,1,98.52
2025-12-19,9:37:47.142741479,T,TGT,I,39,98.52
2025-12-19,9:37:47.142783813,T,TGT,I,18,98.51
2025-12-19,9:37:47.142786624,T,TGT,,100,98.51
2025-12-19,9:37:47.142822700,T,TGT,F I,2,98.5
2025-12-19,9:37:47.144107131,T,TGT,F I,61,98.5
2025-12-19,9:37:47.144107131,T,TGT,F,400,98.5
2025-12-19,9:37:50.954728002,T,TGT,I,30,98.47
2025-12-19,9:37:50.954731006,T,TGT,I,82,98.46
2025-12-19,9:37:54.626214105,T,TGT,I,20,98.5
2025-12-19,9:37:54.626214105,T,TGT,I,23,98.5
2025-12-19,9:37:54.626216919,T,TGT,I,38,98.5
2025-12-19,9:37:54.626216919,T,TGT,I,1,98.5
2025-12-19,9:38:00.572273257,T,TGT,F I,1,98.47
2025-12-19,9:38:00.572276280,T,TGT,F I,6,98.47
2025-12-19,9:38:03.070083869,T,TGT,F,100,98.45
2025-12-19,9:38:03.070829623,T,TGT,I,25,98.44
2025-12-19,9:38:03.070832684,T,TGT,I,75,98.445
2025-12-19,9:38:03.853895138,T,TGT,I,20,98.455
2025-12-19,9:38:07.257340385,T,TGT,F I,28,98.5
2025-12-19,9:38:07.257343423,T,TGT,F I,10,98.5
2025-12-19,9:38:07.264353182,T,TGT,,100,98.46
2025-12-19,9:38:24.738779602,T,TGT,,100,98.475
2025-12-19,9:38:29.648856019,T,TGT,F I,10,98.48
2025-12-19,9:38:31.108695781,T,TGT,I,16,98.48
2025-12-19,9:38:49.015942982,T,TGT,F I,10,98.47
2025-12-19,9:38:52.685056332,T,TGT,F I,22,98.43
2025-12-19,9:38:52.685059237,T,TGT,F I,21,98.43
2025-12-19,9:38:52.685062092,T,TGT,F I,10,98.43
2025-12-19,9:38:52.685062092,T,TGT,F I,7,98.42
2025-12-19,9:38:52.685140286,T,TGT,F I,13,98.42
2025-12-19,9:38:52.685140286,T,TGT,F I,40,98.42
2025-12-19,9:38:54.757600068,T,TGT,,100,98.41
2025-12-19,9:38:54.757603093,T,TGT,I,2,98.41
2025-12-19,9:38:54.758038684,T,TGT,F I,80,98.4
2025-12-19,9:38:54.758883647,T,TGT,F I,1,98.38
2025-12-19,9:38:54.759355774,T,TGT,F,100,98.38
2025-12-19,9:38:54.759391939,T,TGT,F,100,98.38
2025-12-19,9:38:54.759930163,T,TGT,I,13,98.34
2025-12-19,9:38:54.759969328,T,TGT,F I,27,98.33
2025-12-19,9:38:54.760561687,T,TGT,,200,98.32
2025-12-19,9:38:54.760615837,T,TGT,I,27,98.32
2025-12-19,9:38:54.760859366,T,TGT,F I,2,98.3
2025-12-19,9:38:54.848812895,T,TGT,F I,31,98.32
2025-12-19,9:38:54.848812895,T,TGT,F I,51,98.32
2025-12-19,9:38:54.848819056,T,TGT,F I,50,98.32
2025-12-19,9:38:54.848819056,T,TGT,F I,2,98.32
2025-12-19,9:38:54.848821980,T,TGT,F I,50,98.33
2025-12-19,9:38:54.848879036,T,TGT,I,31,98.32
2025-12-19,9:38:54.849138003,T,TGT,I,70,98.32
2025-12-19,9:38:54.849140676,T,TGT,I,47,98.32
2025-12-19,9:38:54.849158776,T,TGT,I,1,98.32
2025-12-19,9:38:54.849192355,T,TGT,I,99,98.32
2025-12-19,9:38:54.849192355,T,TGT,I,2,98.32
2025-12-19,9:38:55.748650207,T,TGT,F I,2,98.3
2025-12-19,9:38:55.748650207,T,TGT,F I,60,98.3
2025-12-19,9:38:55.748652632,T,TGT,F I,31,98.3
2025-12-19,9:38:57.348975199,T,TGT,F I,60,98.34
2025-12-19,9:38:57.349029362,T,TGT,I,28,98.34
2025-12-19,9:38:57.349065476,T,TGT,I,12,98.31
2025-12-19,9:38:57.349336514,T,TGT,F I,12,98.34
2025-12-19,9:38:57.349339038,T,TGT,F I,48,98.35
2025-12-19,9:38:57.350322396,T,TGT,I,12,98.31
2025-12-19,9:38:57.359154496,T,TGT,F I,20,98.3
2025-12-19,9:38:57.359154496,T,TGT,F I,11,98.3
2025-12-19,9:38:58.459983992,T,TGT,F I,50,98.3
2025-12-19,9:38:58.460050114,T,TGT,F I,50,98.3
2025-12-19,9:38:58.460083177,T,TGT,F I,50,98.3
2025-12-19,9:38:59.007014182,T,TGT,F I,50,98.3
2025-12-19,9:38:59.007053290,T,TGT,F I,50,98.3
2025-12-19,9:38:59.007778014,T,TGT,F I,50,98.3
2025-12-19,9:38:59.007814007,T,TGT,F I,50,98.3
2025-12-19,9:39:00.947976330,T,TGT,,100,98.28
2025-12-19,9:39:00.947979247,T,TGT,I,10,98.28
2025-12-19,9:39:00.948566188,T,TGT,F,100,98.28
2025-12-19,9:39:00.948568694,T,TGT,F I,5,98.28
2025-12-19,9:39:00.948574744,T,TGT,F I,1,98.28
2025-12-19,9:39:00.948578629,T,TGT,F I,94,98.28
2025-12-19,9:39:00.948589887,T,TGT,F,100,98.29
2025-12-19,9:39:00.948601766,T,TGT,F I,1,98.29
2025-12-19,9:39:00.948613821,T,TGT,F,100,98.28
2025-12-19,9:39:00.948679966,T,TGT,F I,10,98.29
2025-12-19,9:39:00.948679966,T,TGT,F I,79,98.29
2025-12-19,9:39:00.948703996,T,TGT,F I,11,98.3
2025-12-19,9:39:00.948725098,T,TGT,F I,89,98.3
2025-12-19,9:39:00.948731027,T,TGT,,100,98.29
2025-12-19,9:39:00.948755167,T,TGT,,100,98.3
2025-12-19,9:39:00.948972213,T,TGT,,100,98.3
2025-12-19,9:39:00.948974903,T,TGT,I,2,98.3
2025-12-19,9:39:00.948978185,T,TGT,,100,98.3
2025-12-19,9:39:00.948980866,T,TGT,,100,98.29
2025-12-19,9:39:00.948983628,T,TGT,I,2,98.29
2025-12-19,9:39:00.948983628,T,TGT,,100,98.28
2025-12-19,9:39:00.948986817,T,TGT,,100,98.28
2025-12-19,9:39:00.948986817,T,TGT,I,2,98.28
2025-12-19,9:39:00.949242654,T,TGT,F,100,98.29
2025-12-19,9:39:00.949245364,T,TGT,F,100,98.27
2025-12-19,9:39:00.949245364,T,TGT,F I,29,98.27
2025-12-19,9:39:00.949263414,T,TGT,F I,71,98.27
2025-12-19,9:39:00.949263414,T,TGT,F I,2,98.27
2025-12-19,9:39:00.949281374,T,TGT,I,98,98.29
2025-12-19,9:39:00.949318191,T,TGT,F I,58,98.29
2025-12-19,9:39:00.949729506,T,TGT,F I,28,98.3
2025-12-19,9:39:00.949780568,T,TGT,F I,28,98.3
2025-12-19,9:39:00.952883955,T,TGT,I,60,98.29
2025-12-19,9:39:02.837431660,T,TGT,F I,58,98.27
2025-12-19,9:39:02.837431660,T,TGT,F I,35,98.27
2025-12-19,9:39:02.837437527,T,TGT,F I,28,98.27
2025-12-19,9:39:02.837440599,T,TGT,F,100,98.27
2025-12-19,9:39:02.837440599,T,TGT,F I,1,98.27
2025-12-19,9:39:02.838288569,T,TGT,F I,40,98.2
2025-12-19,9:39:02.838346085,T,TGT,I,10,98.23
2025-12-19,9:39:02.838348722,T,TGT,I,25,98.235
2025-12-19,9:39:02.838370304,T,TGT,F I,60,98.2
2025-12-19,9:39:02.838370304,T,TGT,F,286,98.2
2025-12-19,9:39:02.838375823,T,TGT,F I,1,98.2
2025-12-19,9:39:02.838375823,T,TGT,F I,1,98.2
2025-12-19,9:39:02.838378840,T,TGT,F,100,98.2
2025-12-19,9:39:02.838847919,T,TGT,F,300,98.2
2025-12-19,9:39:02.839506459,T,TGT,F,100,98.2
2025-12-19,9:39:03.333604535,T,TGT,F I,17,98.21
2025-12-19,9:39:03.333637705,T,TGT,F,100,98.22
2025-12-19,9:39:08.066944203,T,TGT,F I,40,98.24
2025-12-19,9:39:11.715049128,T,TGT,F I,50,98.22
2025-12-19,9:39:11.715085218,T,TGT,F I,50,98.22
2025-12-19,9:39:12.390815962,T,TGT,F I,50,98.22
2025-12-19,9:39:14.166600558,T,TGT,F I,50,98.22
2025-12-19,9:39:14.166628488,T,TGT,F I,50,98.22
2025-12-19,9:39:14.166633745,T,TGT,F,100,98.21
2025-12-19,9:39:14.166633745,T,TGT,F I,57,98.21
2025-12-19,9:39:14.166646285,T,TGT,I,43,98.21
2025-12-19,9:39:14.166646285,T,TGT,I,6,98.21
2025-12-19,9:39:14.166648909,T,TGT,I,1,98.21
2025-12-19,9:39:14.167166296,T,TGT,,100,98.21
2025-12-19,9:39:14.167210944,T,TGT,F,100,98.21
2025-12-19,9:39:14.167213980,T,TGT,F,100,98.2
2025-12-19,9:39:19.031566613,T,TGT,F I,8,98.15
2025-12-19,9:39:19.031566613,T,TGT,F I,50,98.15
2025-12-19,9:39:20.379795477,T,TGT,F I,2,98.2
2025-12-19,9:39:21.383725345,T,TGT,F I,10,98.17
2025-12-19,9:39:21.383728428,T,TGT,F I,2,98.17
2025-12-19,9:39:26.332744606,T,TGT,F I,2,98.14
2025-12-19,9:39:26.332747588,T,TGT,F I,87,98.14
2025-12-19,9:39:26.332765550,T,TGT,I,1,98.14
2025-12-19,9:39:26.333144517,T,TGT,F I,2,98.14
2025-12-19,9:39:26.409914424,T,TGT,,100,98.175
2025-12-19,9:39:27.907818852,T,TGT,F I,34,98.13
2025-12-19,9:39:27.907818852,T,TGT,F I,66,98.13
2025-12-19,9:39:27.908230822,T,TGT,F I,5,98.12
2025-12-19,9:39:27.908898409,T,TGT,F I,2,98.12
2025-12-19,9:39:27.908967585,T,TGT,F I,1,98.12
2025-12-19,9:39:28.034065661,T,TGT,F I,62,98.1
2025-12-19,9:39:35.934469537,T,TGT,F I,34,98.12
2025-12-19,9:39:35.934469537,T,TGT,F I,8,98.12
2025-12-19,9:39:35.989458248,T,TGT,F I,50,98.18
2025-12-19,9:39:35.989476376,T,TGT,F I,40,98.18
2025-12-19,9:39:35.989512599,T,TGT,F I,10,98.18
2025-12-19,9:39:35.989512599,T,TGT,F I,37,98.18
2025-12-19,9:39:35.989518399,T,TGT,F I,5,98.18
2025-12-19,9:39:35.989518399,T,TGT,F I,48,98.19
2025-12-19,9:39:35.989942460,T,TGT,,150,98.2
2025-12-19,9:39:35.989960478,T,TGT,I,1,98.2
2025-12-19,9:39:35.992330716,T,TGT,F I,31,98.18
2025-12-19,9:39:35.992330716,T,TGT,F I,60,98.18
2025-12-19,9:39:35.992333151,T,TGT,F I,2,98.18
2025-12-19,9:39:36.157140768,T,TGT,I,22,98.19
2025-12-19,9:39:36.409008841,T,TGT,F I,20,98.16
2025-12-19,9:39:36.409011748,T,TGT,F,100,98.16
2025-12-19,9:39:36.409077913,T,TGT,,100,98.16
2025-12-19,9:39:43.040894342,T,TGT,F,100,98.09
2025-12-19,9:39:43.040894342,T,TGT,F,100,98.09
2025-12-19,9:39:43.040897397,T,TGT,F I,4,98.09
2025-12-19,9:39:43.040969820,T,TGT,F,100,98.08
2025-12-19,9:39:43.041023653,T,TGT,F,100,98.07
2025-12-19,9:39:57.799664734,T,TGT,,100,98.09
2025-12-19,9:40:04.465452920,T,TGT,I,40,98.05
2025-12-19,9:40:05.525694817,T,TGT,F I,8,98.02
2025-12-19,9:40:05.525697826,T,TGT,F I,20,98.02
2025-12-19,9:40:05.525746780,T,TGT,F I,1,98.01
2025-12-19,9:40:05.525749038,T,TGT,F I,20,98.01
2025-12-19,9:40:05.525752541,T,TGT,F I,6,98.01
2025-12-19,9:40:05.525755039,T,TGT,F,100,98.01
2025-12-19,9:40:05.525755039,T,TGT,I,47,98.02
2025-12-19,9:40:05.525794087,T,TGT,,100,98.02
2025-12-19,9:40:05.526353977,T,TGT,,100,98.03
2025-12-19,9:40:05.526356501,T,TGT,I,28,98.03
2025-12-19,9:40:05.526374431,T,TGT,F I,5,98.0
2025-12-19,9:40:05.526378628,T,TGT,F I,2,98.0
2025-12-19,9:40:05.526384581,T,TGT,F I,2,98.0
2025-12-19,9:40:05.526384581,T,TGT,F I,2,98.0
2025-12-19,9:40:05.526384581,T,TGT,F I,1,98.0
2025-12-19,9:40:05.526389499,T,TGT,F I,5,98.0
2025-12-19,9:40:05.526389499,T,TGT,F I,1,98.0
2025-12-19,9:40:05.526398707,T,TGT,F I,10,98.0
2025-12-19,9:40:05.526398707,T,TGT,F I,2,98.0
2025-12-19,9:40:05.526398707,T,TGT,F I,4,98.0
2025-12-19,9:40:05.526401756,T,TGT,F I,96,98.0
2025-12-19,9:40:05.526404786,T,TGT,F I,34,98.0
2025-12-19,9:40:05.526408219,T,TGT,I,46,98.0
2025-12-19,9:40:05.526408219,T,TGT,I,6,98.0
2025-12-19,9:40:05.526410668,T,TGT,I,16,98.0
2025-12-19,9:40:05.526564133,T,TGT,I,32,98.01
2025-12-19,9:40:05.526951854,T,TGT,I,5,98.0
2025-12-19,9:40:05.527042073,T,TGT,I,14,98.02
2025-12-19,9:40:05.530395062,T,TGT,F I,8,98.01
2025-12-19,9:40:05.530398120,T,TGT,F I,77,98.01
2025-12-19,9:40:05.530401392,T,TGT,F,113,98.01
2025-12-19,9:40:05.530401392,T,TGT,F I,7,98.01
2025-12-19,9:40:05.539838443,T,TGT,,100,98.01
2025-12-19,9:40:05.539840580,T,TGT,I,2,98.01
2025-12-19,9:40:05.641966914,T,TGT,I,25,98.01
2025-12-19,9:40:05.641966914,T,TGT,I,77,98.02
2025-12-19,9:40:05.641985207,T,TGT,I,1,98.02
2025-12-19,9:40:05.641996942,T,TGT,I,22,98.02
2025-12-19,9:40:05.641996942,T,TGT,I,2,98.02
2025-12-19,9:40:05.841871116,T,TGT,,100,98.03
2025-12-19,9:40:06.691262650,T,TGT,F I,28,98.06
2025-12-19,9:40:06.691265639,T,TGT,F I,14,98.06
2025-12-19,9:40:06.692101556,T,TGT,,100,98.08
2025-12-19,9:40:06.692372354,T,TGT,F,100,98.08
2025-12-19,9:40:06.692372354,T,TGT,F,100,98.08
2025-12-19,9:40:06.692378235,T,TGT,F I,30,98.08
2025-12-19,9:40:06.692390307,T,TGT,F,100,98.07
2025-12-19,9:40:06.692444413,T,TGT,,400,98.07
2025-12-19,9:40:06.692507547,T,TGT,F,336,98.07
2025-12-19,9:40:06.692573764,T,TGT,,336,98.07
2025-12-19,9:40:06.692679272,T,TGT,F,100,98.06
2025-12-19,9:40:06.692679272,T,TGT,F,100,98.06
2025-12-19,9:40:06.692769228,T,TGT,F,100,98.04
2025-12-19,9:40:06.692769228,T,TGT,F I,11,98.04
2025-12-19,9:40:06.692856380,T,TGT,I,20,98.06
2025-12-19,9:40:06.693000994,T,TGT,I,80,98.06
2025-12-19,9:40:06.693003699,T,TGT,I,34,98.06
2025-12-19,9:40:06.694270227,T,TGT,F I,60,98.04
2025-12-19,9:40:06.694270227,T,TGT,F I,15,98.04
2025-12-19,9:40:06.694272760,T,TGT,F I,14,98.04
2025-12-19,9:40:06.694272760,T,TGT,F I,15,98.04
2025-12-19,9:40:06.694275964,T,TGT,F I,11,98.04
2025-12-19,9:40:06.694279072,T,TGT,F,100,98.04
2025-12-19,9:40:06.694282060,T,TGT,F I,18,98.04
2025-12-19,9:40:06.694282060,T,TGT,F I,26,98.04
2025-12-19,9:40:06.694285707,T,TGT,F I,17,98.04
2025-12-19,9:40:06.694285707,T,TGT,F I,18,98.04
2025-12-19,9:40:06.694291549,T,TGT,F,100,98.03
2025-12-19,9:40:06.694296825,T,TGT,F,100,98.03
2025-12-19,9:40:06.694296825,T,TGT,F I,11,98.03
2025-12-19,9:40:06.694612634,T,TGT,F I,18,98.02
2025-12-19,9:40:06.694615636,T,TGT,F I,82,98.02
2025-12-19,9:40:06.695024712,T,TGT,F I,28,98.01
2025-12-19,9:40:06.695024712,T,TGT,F I,14,98.01
2025-12-19,9:40:06.695028081,T,TGT,F I,57,98.01
2025-12-19,9:40:06.695030623,T,TGT,F I,14,98.01
2025-12-19,9:40:06.695328350,T,TGT,I,1,98.02
2025-12-19,9:40:06.695347107,T,TGT,I,99,98.02
2025-12-19,9:40:06.695347107,T,TGT,I,4,98.02
2025-12-19,9:40:06.695349685,T,TGT,I,7,98.02
2025-12-19,9:40:06.695352397,T,TGT,I,1,98.02
2025-12-19,9:40:06.695358358,T,TGT,I,79,98.02
2025-12-19,9:40:06.695891260,T,TGT,I,5,98.02
2025-12-19,9:40:06.695891260,T,TGT,I,14,98.02
2025-12-19,9:40:06.695896616,T,TGT,I,11,98.02
2025-12-19,9:40:06.695896616,T,TGT,I,10,98.02
2025-12-19,9:40:06.695896616,T,TGT,I,1,98.02
2025-12-19,9:40:06.696422962,T,TGT,F I,4,98.01
2025-12-19,9:40:07.215426366,T,TGT,I,34,98.05
2025-12-19,9:40:07.215444422,T,TGT,I,34,98.05
2025-12-19,9:40:07.215453394,T,TGT,F I,46,98.05
2025-12-19,9:40:07.462705580,T,TGT,F I,25,98.09
2025-12-19,9:40:14.159925066,T,TGT,F I,50,98.1
2025-12-19,9:40:14.159927681,T,TGT,F I,50,98.1
2025-12-19,9:40:14.159927681,T,TGT,F I,3,98.11
2025-12-19,9:40:14.159933562,T,TGT,F I,37,98.11
2025-12-19,9:40:14.159933562,T,TGT,F I,3,98.11
2025-12-19,9:40:14.160096208,T,TGT,F I,34,98.11
2025-12-19,9:40:14.160096208,T,TGT,F I,36,98.11
2025-12-19,9:40:14.160101943,T,TGT,F I,1,98.11
2025-12-19,9:40:14.160101943,T,TGT,F I,1,98.11
2025-12-19,9:40:14.160360572,T,TGT,,675,98.1
2025-12-19,9:40:14.160375769,T,TGT,F I,70,98.09
2025-12-19,9:40:14.160375769,T,TGT,F I,55,98.09
2025-12-19,9:40:14.160396721,T,TGT,I,1,98.09
2025-12-19,9:40:14.160400697,T,TGT,F I,44,98.09
2025-12-19,9:40:14.160400697,T,TGT,F I,58,98.09
2025-12-19,9:40:14.160402811,T,TGT,F I,10,98.09
2025-12-19,9:40:14.178352399,T,TGT,F I,50,98.07
2025-12-19,9:40:14.178364494,T,TGT,I,25,98.07
2025-12-19,9:40:15.950591624,T,TGT,I,25,98.07
2025-12-19,9:40:19.080189348,T,TGT,,100,98.05
2025-12-19,9:40:19.080205084,T,TGT,I,1,98.05
2025-12-19,9:40:19.080207471,T,TGT,F I,99,98.05
2025-12-19,9:40:19.282721884,T,TGT,F I,30,98.04
2025-12-19,9:40:19.290702869,T,TGT,F,100,98.0
2025-12-19,9:40:19.290711907,T,TGT,F,100,98.0
2025-12-19,9:40:19.290735994,T,TGT,F,100,98.0
2025-12-19,9:40:19.290759979,T,TGT,F,100,98.0
2025-12-19,9:40:19.365794769,T,TGT,I,15,98.015
2025-12-19,9:40:20.129139294,T,TGT,F,100,97.99
2025-12-19,9:40:20.129142349,T,TGT,F,100,97.99
2025-12-19,9:40:20.130585991,T,TGT,F,100,97.97
2025-12-19,9:40:20.130588720,T,TGT,F I,1,97.97
2025-12-19,9:40:24.706825108,T,TGT,F I,40,97.95
2025-12-19,9:40:24.706846044,T,TGT,F I,60,97.95
2025-12-19,9:40:24.706849011,T,TGT,F,100,97.95
2025-12-19,9:40:24.707402535,T,TGT,,100,97.95
2025-12-19,9:40:24.707402535,T,TGT,I,11,97.955
2025-12-19,9:40:24.707405341,T,TGT,,100,97.96
2025-12-19,9:40:24.707408298,T,TGT,I,37,97.96
2025-12-19,9:40:24.707408298,T,TGT,I,25,97.96
2025-12-19,9:40:24.707417305,T,TGT,F I,3,97.94
2025-12-19,9:40:24.707427260,T,TGT,I,1,97.96
2025-12-19,9:40:24.707427260,T,TGT,F I,4,97.96
2025-12-19,9:40:24.707430378,T,TGT,F I,6,97.96
2025-12-19,9:40:24.707438404,T,TGT,I,3,97.95
2025-12-19,9:40:24.707444610,T,TGT,F I,11,97.96
2025-12-19,9:40:24.707447391,T,TGT,F I,2,97.96
2025-12-19,9:40:24.707477504,T,TGT,F I,1,97.96
2025-12-19,9:40:24.708157093,T,TGT,F I,30,97.97
2025-12-19,9:40:25.131060643,T,TGT,F I,9,98.0
2025-12-19,9:40:25.131063672,T,TGT,F I,38,98.0
2025-12-19,9:40:25.131066557,T,TGT,F I,19,98.0
2025-12-19,9:40:25.131066557,T,TGT,F I,50,98.0
2025-12-19,9:40:25.132107095,T,TGT,F I,18,98.02
2025-12-19,9:40:25.132167187,T,TGT,F,100,98.03
2025-12-19,9:40:25.133231847,T,TGT,I,79,98.01
2025-12-19,9:40:25.133252801,T,TGT,I,1,98.01
2025-12-19,9:40:25.133779126,T,TGT,I,79,98.02
2025-12-19,9:40:25.136377299,T,TGT,I,65,98.02
2025-12-19,9:40:25.138696332,T,TGT,F I,20,98.01
2025-12-19,9:40:25.138777010,T,TGT,,400,98.01
2025-12-19,9:40:25.138843166,T,TGT,,100,98.03
2025-12-19,9:40:25.480932229,T,TGT,F I,52,98.01
2025-12-19,9:40:25.480944483,T,TGT,F I,48,98.01
2025-12-19,9:40:25.480944483,T,TGT,F I,6,98.01
2025-12-19,9:40:25.480947205,T,TGT,F,100,98.01
2025-12-19,9:40:25.481037324,T,TGT,F I,70,98.0
2025-12-19,9:40:29.126096296,T,TGT,F I,10,97.98
2025-12-19,9:40:29.126099283,T,TGT,F,100,97.98
2025-12-19,9:40:45.084189758,T,TGT,F I,25,97.97
2025-12-19,9:40:52.404460160,T,TGT,,100,98.005
2025-12-19,9:40:52.404463155,T,TGT,I,11,98.005
2025-12-19,9:41:00.677550530,T,TGT,F I,2,98.02
2025-12-19,9:41:00.677554092,T,TGT,F I,50,98.02
2025-12-19,9:41:00.677574613,T,TGT,F I,20,98.03
2025-12-19,9:41:00.678242194,T,TGT,F I,80,98.05
2025-12-19,9:41:00.678245161,T,TGT,F I,50,98.06
2025-12-19,9:41:00.678254219,T,TGT,I,50,98.06
2025-12-19,9:41:00.678257283,T,TGT,,400,98.06
2025-12-19,9:41:00.678344511,T,TGT,,100,98.06
2025-12-19,9:41:01.273841153,T,TGT,F,100,98.05
2025-12-19,9:41:01.273853187,T,TGT,,100,98.04
2025-12-19,9:41:01.273892256,T,TGT,F I,33,98.03
2025-12-19,9:41:01.273913555,T,TGT,F I,1,98.03
2025-12-19,9:41:01.273913555,T,TGT,F I,66,98.03
2025-12-19,9:41:01.273916734,T,TGT,F I,68,98.03
2025-12-19,9:41:01.273919303,T,TGT,F I,32,98.03
2025-12-19,9:41:01.772522191,T,TGT,F,100,98.0
2025-12-19,9:41:01.772597502,T,TGT,F I,60,97.99
2025-12-19,9:41:01.772597502,T,TGT,F,100,97.99
2025-12-19,9:41:01.773316078,T,TGT,F I,50,97.98
2025-12-19,9:41:11.196704041,T,TGT,I,50,98.025
2025-12-19,9:41:11.196718816,T,TGT,F I,7,98.025
2025-12-19,9:41:11.196760891,T,TGT,F I,7,98.025
2025-12-19,9:41:11.196760891,T,TGT,F I,36,98.025
2025-12-19,9:41:11.196763863,T,TGT,F I,7,98.03
2025-12-19,9:41:17.502017280,T,TGT,F I,50,98.0
2025-12-19,9:41:18.181263430,T,TGT,,100,98.02
2025-12-19,9:41:19.655167790,T,TGT,I,19,98.025
2025-12-19,9:41:19.655222027,T,TGT,F I,23,98.025
2025-12-19,9:41:19.736779219,T,TGT,F I,11,98.06
2025-12-19,9:41:20.904491193,T,TGT,F I,50,98.08
2025-12-19,9:41:20.904891276,T,TGT,F I,50,98.08
2025-12-19,9:41:20.904936243,T,TGT,F I,12,98.05
2025-12-19,9:41:20.904939760,T,TGT,F I,20,98.05
2025-12-19,9:41:20.904942332,T,TGT,F I,11,98.05
2025-12-19,9:41:20.904960377,T,TGT,I,21,98.05
2025-12-19,9:41:20.904987369,T,TGT,I,49,98.06
2025-12-19,9:41:20.905008879,T,TGT,F,301,98.05
2025-12-19,9:41:20.905294148,T,TGT,F I,32,98.05
2025-12-19,9:41:20.905312126,T,TGT,F I,68,98.05
2025-12-19,9:41:20.905333678,T,TGT,I,1,98.05
2025-12-19,9:41:20.905354231,T,TGT,F I,22,98.08
2025-12-19,9:41:20.905372764,T,TGT,I,99,98.05
2025-12-19,9:41:20.905372764,T,TGT,,100,98.05
2025-12-19,9:41:20.905375484,T,TGT,I,50,98.05
2025-12-19,9:41:20.905379271,T,TGT,I,75,98.05
2025-12-19,9:41:20.905383101,T,TGT,,100,98.05
2025-12-19,9:41:20.905383101,T,TGT,I,50,98.05
2025-12-19,9:41:20.905387701,T,TGT,I,43,98.05
2025-12-19,9:41:20.905387701,T,TGT,,100,98.05
2025-12-19,9:41:20.905387701,T,TGT,I,7,98.05
2025-12-19,9:41:20.905390301,T,TGT,I,65,98.05
2025-12-19,9:41:20.905417649,T,TGT,F I,23,98.07
2025-12-19,9:41:20.905427156,T,TGT,F I,77,98.07
2025-12-19,9:41:20.905429536,T,TGT,F I,23,98.07
2025-12-19,9:41:20.905432467,T,TGT,F I,77,98.07
2025-12-19,9:41:20.905432467,T,TGT,I,6,98.06
2025-12-19,9:41:20.905573731,T,TGT,F I,24,98.08
2025-12-19,9:41:20.905573731,T,TGT,F I,11,98.08
2025-12-19,9:41:20.905818352,T,TGT,,100,98.08
2025-12-19,9:41:20.905821354,T,TGT,I,18,98.08
2025-12-19,9:41:20.905823448,T,TGT,I,22,98.08
2025-12-19,9:41:20.905826409,T,TGT,,100,98.08
2025-12-19,9:41:20.905826409,T,TGT,,100,98.08
2025-12-19,9:41:20.905961730,T,TGT,F I,55,98.08
2025-12-19,9:41:20.905961730,T,TGT,F I,30,98.08
2025-12-19,9:41:20.906148131,T,TGT,F I,2,98.08
2025-12-19,9:41:20.906151629,T,TGT,F I,2,98.08
2025-12-19,9:41:20.907874219,T,TGT,F I,60,98.07
2025-12-19,9:41:20.907874219,T,TGT,F I,30,98.07
2025-12-19,9:41:20.907922384,T,TGT,I,24,98.08
2025-12-19,9:41:20.907934521,T,TGT,,100,98.08
2025-12-19,9:41:20.908096755,T,TGT,F I,40,98.06
2025-12-19,9:41:20.914441908,T,TGT,F I,50,98.04
2025-12-19,9:41:20.914444992,T,TGT,F I,11,98.04
2025-12-19,9:41:20.914444992,T,TGT,F I,30,98.04
2025-12-19,9:41:20.915115501,T,TGT,F I,30,98.03
2025-12-19,9:41:20.915130878,T,TGT,F I,40,98.02
2025-12-19,9:41:20.915130878,T,TGT,F I,11,98.02
2025-12-19,9:41:20.915488366,T,TGT,F I,4,98.02
2025-12-19,9:41:20.915506978,T,TGT,F I,4,98.02
2025-12-19,9:41:20.915509395,T,TGT,F I,4,98.02
2025-12-19,9:41:20.915578645,T,TGT,I,5,98.03
2025-12-19,9:41:20.915647830,T,TGT,,100,98.03
2025-12-19,9:41:20.996020297,T,TGT,,100,98.015
2025-12-19,9:41:23.953253535,T,TGT,F I,84,97.96
2025-12-19,9:41:23.953265492,T,TGT,F I,16,97.96
2025-12-19,9:41:23.953265492,T,TGT,F I,40,97.96
2025-12-19,9:41:23.953827893,T,TGT,F I,30,97.95
2025-12-19,9:41:23.953827893,T,TGT,F I,70,97.95
2025-12-19,9:41:23.953875948,T,TGT,F,100,97.94
2025-12-19,9:41:23.969711914,T,TGT,F I,6,97.9
2025-12-19,9:41:23.969714762,T,TGT,F I,1,97.9
2025-12-19,9:41:24.348247691,T,TGT,I,28,97.89
2025-12-19,9:41:24.372229726,T,TGT,I,10,97.87
2025-12-19,9:41:39.410669486,T,TGT,F I,12,97.81
2025-12-19,9:41:39.410672463,T,TGT,F I,6,97.8
2025-12-19,9:41:39.411057393,T,TGT,F I,25,97.81
2025-12-19,9:41:39.411424219,T,TGT,F I,1,97.8
2025-12-19,9:41:39.412185088,T,TGT,I,50,97.83
2025-12-19,9:41:46.824059945,T,TGT,I,24,97.9
2025-12-19,9:41:46.824063345,T,TGT,I,50,97.9
2025-12-19,9:41:46.824065679,T,TGT,I,1,97.9
2025-12-19,9:41:46.824082551,T,TGT,I,40,97.9
2025-12-19,9:41:46.824082551,T,TGT,I,1,97.9
2025-12-19,9:41:46.824155906,T,TGT,,140,97.91
2025-12-19,9:41:46.824158966,T,TGT,,144,97.91
2025-12-19,9:41:46.904122443,T,TGT,F I,31,97.89
2025-12-19,9:41:46.904122443,T,TGT,F I,60,97.89
2025-12-19,9:41:46.904173578,T,TGT,F I,20,97.88
2025-12-19,9:41:46.904630656,T,TGT,I,16,97.87
2025-12-19,9:41:46.925139503,T,TGT,F I,44,97.87
2025-12-19,9:41:46.925214739,T,TGT,,400,97.87
2025-12-19,9:41:50.456713948,T,TGT,I,80,97.9
2025-12-19,9:41:58.050188114,T,TGT,,100,97.91
2025-12-19,9:41:58.050191123,T,TGT,,100,97.91
2025-12-19,9:41:58.050422832,T,TGT,F I,50,97.92
2025-12-19,9:41:58.050473764,T,TGT,F I,50,97.92
2025-12-19,9:41:58.050894853,T,TGT,,409,97.92
2025-12-19,9:41:58.050994045,T,TGT,F I,50,97.92
2025-12-19,9:41:58.057943578,T,TGT,F I,50,97.92
2025-12-19,9:41:58.057982630,T,TGT,F I,50,97.92
2025-12-19,9:41:58.058015787,T,TGT,F I,50,97.92
2025-12-19,9:41:58.138980617,T,TGT,,100,97.915
2025-12-19,9:41:59.670207512,T,TGT,F I,6,97.91
2025-12-19,9:41:59.854245961,T,TGT,F I,50,97.91
2025-12-19,9:41:59.854300378,T,TGT,F,100,97.91
2025-12-19,9:42:01.577582850,T,TGT,F I,50,97.88
2025-12-19,9:42:01.577585589,T,TGT,F I,13,97.88
2025-12-19,9:42:14.746964575,T,TGT,F,100,97.87
2025-12-19,9:42:14.746964575,T,TGT,F I,31,97.87
2025-12-19,9:42:14.747039744,T,TGT,F,100,97.86
2025-12-19,9:42:26.171893707,T,TGT,I,7,97.89
2025-12-19,9:42:26.171896719,T,TGT,I,50,97.89
2025-12-19,9:42:39.560180063,T,TGT,,100,97.895
2025-12-19,9:42:43.672734953,T,TGT,I,11,97.87
2025-12-19,9:42:43.672737912,T,TGT,I,11,97.87
2025-12-19,9:42:43.673197934,T,TGT,F,100,97.85
2025-12-19,9:42:43.673201710,T,TGT,F,100,97.85
2025-12-19,9:42:43.673203991,T,TGT,F I,25,97.85
2025-12-19,9:42:43.673231207,T,TGT,I,5,97.87
2025-12-19,9:42:43.673234097,T,TGT,I,25,97.87
2025-12-19,9:42:43.673234097,T,TGT,I,1,97.88
2025-12-19,9:42:43.673255107,T,TGT,I,6,97.88
2025-12-19,9:42:43.673267258,T,TGT,I,93,97.88
2025-12-19,9:42:43.673267258,T,TGT,I,70,97.88
2025-12-19,9:42:43.673279296,T,TGT,F I,10,97.86
2025-12-19,9:42:43.673285376,T,TGT,F I,5,97.85
2025-12-19,9:42:43.673285376,T,TGT,F I,25,97.84
2025-12-19,9:42:43.673288174,T,TGT,,193,97.87
2025-12-19,9:42:43.673291227,T,TGT,I,1,97.87
2025-12-19,9:42:43.673339282,T,TGT,I,5,97.86
2025-12-19,9:42:43.673339282,T,TGT,I,4,97.87
2025-12-19,9:42:43.673357313,T,TGT,F I,9,97.85
2025-12-19,9:42:43.673381400,T,TGT,F I,61,97.85
2025-12-19,9:42:43.673408785,T,TGT,I,11,97.86
2025-12-19,9:42:43.673429629,T,TGT,,100,97.85
2025-12-19,9:42:43.673444951,T,TGT,F I,5,97.85
2025-12-19,9:42:43.673451106,T,TGT,I,9,97.86
2025-12-19,9:42:43.673471564,T,TGT,I,5,97.85
2025-12-19,9:42:43.673489666,T,TGT,I,95,97.86
2025-12-19,9:42:43.673501645,T,TGT,F I,5,97.86
2025-12-19,9:42:43.673501645,T,TGT,F I,9,97.86
2025-12-19,9:42:43.673505265,T,TGT,F I,5,97.85
2025-12-19,9:42:43.673507642,T,TGT,F I,9,97.85
2025-12-19,9:42:43.673507642,T,TGT,F I,12,97.84
2025-12-19,9:42:43.673814828,T,TGT,F I,3,97.84
2025-12-19,9:42:43.673817762,T,TGT,F I,18,97.84
2025-12-19,9:42:43.673817762,T,TGT,F I,19,97.84
2025-12-19,9:42:43.674169246,T,TGT,I,3,97.84
2025-12-19,9:42:43.674578289,T,TGT,I,25,97.83
2025-12-19,9:42:43.675140668,T,TGT,I,31,97.8
2025-12-19,9:42:43.675525637,T,TGT,I,11,97.81
2025-12-19,9:42:43.675540592,T,TGT,F I,6,97.81
2025-12-19,9:42:43.675567823,T,TGT,I,19,97.8
2025-12-19,9:42:43.675567823,T,TGT,I,4,97.8
2025-12-19,9:42:43.675994634,T,TGT,I,35,97.8
2025-12-19,9:42:43.677408020,T,TGT,I,80,97.81
2025-12-19,9:42:43.677468325,T,TGT,I,20,97.81
2025-12-19,9:42:43.679762838,T,TGT,I,2,97.8
2025-12-19,9:42:43.679762838,T,TGT,I,21,97.8
2025-12-19,9:42:43.841785665,T,TGT,F,100,97.78
2025-12-19,9:42:43.841785665,T,TGT,F I,31,97.78
2025-12-19,9:42:43.842222392,T,TGT,F I,1,97.76
2025-12-19,9:42:43.842224670,T,TGT,F I,19,97.76
2025-12-19,9:42:43.842257761,T,TGT,F I,11,97.75
2025-12-19,9:42:43.842257761,T,TGT,F I,9,97.75
2025-12-19,9:42:43.842260755,T,TGT,F I,1,97.75
2025-12-19,9:42:43.842994529,T,TGT,F I,18,97.75
2025-12-19,9:42:48.368142051,T,TGT,F I,65,97.77
2025-12-19,9:42:48.368154255,T,TGT,F I,35,97.77
2025-12-19,9:42:48.368154255,T,TGT,F I,24,97.77
2025-12-19,9:42:48.368157431,T,TGT,F I,41,97.77
2025-12-19,9:42:48.368160017,T,TGT,F I,59,97.77
2025-12-19,9:42:48.438936577,T,TGT,I,1,97.77
2025-12-19,9:42:48.506672952,T,TGT,F I,16,97.75
2025-12-19,9:42:48.506678996,T,TGT,F I,51,97.74
2025-12-19,9:42:48.506697319,T,TGT,F I,10,97.74
2025-12-19,9:42:48.864348215,T,TGT,F I,17,97.7
2025-12-19,9:42:48.864832330,T,TGT,F I,10,97.68
2025-12-19,9:42:50.452434391,T,TGT,I,10,97.66
2025-12-19,9:42:50.453077950,T,TGT,F I,13,97.65
2025-12-19,9:42:50.453108680,T,TGT,F I,50,97.65
2025-12-19,9:42:50.453111105,T,TGT,I,50,97.65
2025-12-19,9:42:50.454169584,T,TGT,,100,97.65
2025-12-19,9:42:53.419055919,T,TGT,F I,50,97.66
2025-12-19,9:42:56.981928883,T,TGT,I,12,97.655
2025-12-19,9:42:56.982007120,T,TGT,I,88,97.655
2025-12-19,9:43:00.877189810,T,TGT,I,62,97.65
2025-12-19,9:43:00.877192862,T,TGT,I,38,97.65
2025-12-19,9:43:08.100500150,T,TGT,F I,1,97.62
2025-12-19,9:43:08.100500150,T,TGT,F I,2,97.62
2025-12-19,9:43:08.100509192,T,TGT,F I,80,97.62
2025-12-19,9:43:08.100512181,T,TGT,F I,20,97.61
2025-12-19,9:43:13.056255503,T,TGT,F I,25,97.65
2025-12-19,9:43:13.333197287,T,TGT,F,100,97.69
2025-12-19,9:43:13.333200917,T,TGT,F I,20,97.7
2025-12-19,9:43:13.333200917,T,TGT,F I,20,97.7
2025-12-19,9:43:13.333203570,T,TGT,F,100,97.7
2025-12-19,9:43:13.333206324,T,TGT,F I,5,97.7
2025-12-19,9:43:13.333206324,T,TGT,F,400,97.7
2025-12-19,9:43:13.333702401,T,TGT,I,4,97.71
2025-12-19,9:43:13.333711470,T,TGT,F I,6,97.71
2025-12-19,9:43:13.333711470,T,TGT,F I,4,97.71
2025-12-19,9:43:13.333714492,T,TGT,I,10,97.71
2025-12-19,9:43:13.333723505,T,TGT,F I,6,97.71
2025-12-19,9:43:13.333726525,T,TGT,F I,6,97.71
2025-12-19,9:43:13.333729540,T,TGT,I,10,97.71
2025-12-19,9:43:13.333738530,T,TGT,F I,6,97.71
2025-12-19,9:43:13.333906978,T,TGT,,601,97.71
2025-12-19,9:43:13.333979083,T,TGT,F I,50,97.71
2025-12-19,9:43:13.334003220,T,TGT,F,218,97.71
2025-12-19,9:43:13.334003220,T,TGT,F I,99,97.71
2025-12-19,9:43:13.334009143,T,TGT,,367,97.71
2025-12-19,9:43:13.334012239,T,TGT,F,367,97.71
2025-12-19,9:43:13.334027174,T,TGT,,291,97.71
2025-12-19,9:43:13.334135503,T,TGT,I,6,97.71
2025-12-19,9:43:13.334135503,T,TGT,I,74,97.71
2025-12-19,9:43:13.334186618,T,TGT,I,6,97.71
2025-12-19,9:43:13.334400096,T,TGT,I,20,97.72
2025-12-19,9:43:13.334403130,T,TGT,I,20,97.72
2025-12-19,9:43:13.334406126,T,TGT,,400,97.72
2025-12-19,9:43:13.334421323,T,TGT,I,80,97.72
2025-12-19,9:43:13.336213641,T,TGT,F I,25,97.73
2025-12-19,9:43:13.336213641,T,TGT,F I,6,97.72
2025-12-19,9:43:13.336216736,T,TGT,F I,75,97.72
2025-12-19,9:43:13.336220028,T,TGT,F I,25,97.72
2025-12-19,9:43:13.336220028,T,TGT,F I,57,97.71
2025-12-19,9:43:13.336261903,T,TGT,F I,9,97.71
2025-12-19,9:43:13.336270620,T,TGT,I,6,97.72
2025-12-19,9:43:13.336306659,T,TGT,F I,91,97.71
2025-12-19,9:43:13.336309622,T,TGT,F I,15,97.71
2025-12-19,9:43:13.336351739,T,TGT,F,200,97.71
2025-12-19,9:43:13.336387834,T,TGT,F I,50,97.71
2025-12-19,9:43:13.336420970,T,TGT,F I,28,97.71
2025-12-19,9:43:13.336451065,T,TGT,,100,97.72
2025-12-19,9:43:13.336676506,T,TGT,I,63,97.73
2025-12-19,9:43:13.337704950,T,TGT,F I,10,97.7
2025-12-19,9:43:13.337816257,T,TGT,I,6,97.72
2025-12-19,9:43:13.337816257,T,TGT,I,94,97.72
2025-12-19,9:43:13.338008707,T,TGT,F I,24,97.7
2025-12-19,9:43:13.338012033,T,TGT,F I,26,97.7
2025-12-19,9:43:13.338012033,T,TGT,F I,1,97.7
2025-12-19,9:43:13.338014669,T,TGT,F I,23,97.7
2025-12-19,9:43:13.338116964,T,TGT,F I,70,97.69
2025-12-19,9:43:13.338120057,T,TGT,F I,2,97.69
2025-12-19,9:43:13.338174941,T,TGT,I,24,97.71
2025-12-19,9:43:13.338177062,T,TGT,I,24,97.71
2025-12-19,9:43:13.338180127,T,TGT,I,63,97.71
2025-12-19,9:43:13.365543047,T,TGT,F I,8,97.71
2025-12-19,9:43:13.365543047,T,TGT,F I,5,97.71
2025-12-19,9:43:13.365546231,T,TGT,F I,24,97.73
2025-12-19,9:43:13.365548318,T,TGT,F I,2,97.73
2025-12-19,9:43:13.365551294,T,TGT,F I,11,97.73
2025-12-19,9:43:13.365551294,T,TGT,F I,24,97.74
2025-12-19,9:43:13.365554633,T,TGT,F I,2,97.74
2025-12-19,9:43:13.365554633,T,TGT,F I,11,97.74
2025-12-19,9:43:13.365557380,T,TGT,F I,68,97.75
2025-12-19,9:43:13.365569459,T,TGT,,200,97.71
2025-12-19,9:43:13.365578865,T,TGT,F I,2,97.75
2025-12-19,9:43:13.365578865,T,TGT,F I,11,97.75
2025-12-19,9:43:13.365581396,T,TGT,F I,25,97.75
2025-12-19,9:43:13.367163191,T,TGT,F I,91,97.78
2025-12-19,9:43:13.367172199,T,TGT,F I,9,97.78
2025-12-19,9:43:14.349002391,T,TGT,F,100,97.87
2025-12-19,9:43:14.349005225,T,TGT,F,100,97.88
2025-12-19,9:43:14.349008330,T,TGT,F,100,97.88
2025-12-19,9:43:14.349023730,T,TGT,I,1,97.88
2025-12-19,9:43:14.349065370,T,TGT,I,99,97.88
2025-12-19,9:43:14.349495464,T,TGT,F I,25,97.87
2025-12-19,9:43:14.349525535,T,TGT,F I,50,97.87
2025-12-19,9:43:17.050232933,T,TGT,F,163,97.88
2025-12-19,9:43:17.050232933,T,TGT,F,367,97.88
2025-12-19,9:43:17.050236409,T,TGT,F,147,97.88
2025-12-19,9:43:17.050236409,T,TGT,F,200,97.88
2025-12-19,9:43:17.051456462,T,TGT,F I,50,97.91
2025-12-19,9:43:17.133149117,T,TGT,,100,97.91
2025-12-19,9:43:17.856811161,T,TGT,,100,97.91
2025-12-19,9:43:21.347121295,T,TGT,I,50,97.915
2025-12-19,9:43:21.347163396,T,TGT,I,50,97.915
2025-12-19,9:43:23.128856956,T,TGT,F,250,97.915
2025-12-19,9:43:23.128859957,T,TGT,F I,25,97.93
2025-12-19,9:43:23.128863019,T,TGT,F I,83,97.94
2025-12-19,9:43:23.128863019,T,TGT,I,17,97.94
2025-12-19,9:43:23.128866002,T,TGT,,200,97.94
2025-12-19,9:43:23.128866002,T,TGT,I,7,97.94
2025-12-19,9:43:23.129163704,T,TGT,,100,97.95
2025-12-19,9:43:23.129413292,T,TGT,F,371,97.95
2025-12-19,9:43:23.627044809,T,TGT,F I,5,98.0
2025-12-19,9:43:25.543681936,T,TGT,F,100,97.99
2025-12-19,9:43:25.543684964,T,TGT,F I,42,97.99
2025-12-19,9:43:25.543684964,T,TGT,F,100,97.99
2025-12-19,9:43:25.543742448,T,TGT,F I,1,97.98
2025-12-19,9:43:25.543745110,T,TGT,F I,1,97.98
2025-12-19,9:43:25.543766046,T,TGT,F I,18,97.98
2025-12-19,9:43:43.466458105,T,TGT,F I,6,97.89
2025-12-19,9:43:43.466461271,T,TGT,F I,10,97.89
2025-12-19,9:43:43.466464019,T,TGT,F,100,97.89
2025-12-19,9:43:43.466467115,T,TGT,F I,81,97.89
2025-12-19,9:43:43.467134705,T,TGT,F,100,97.86
2025-12-19,9:43:45.730588089,T,TGT,F,100,97.84
2025-12-19,9:43:45.730590959,T,TGT,F,100,97.84
2025-12-19,9:43:45.730645147,T,TGT,,100,97.84
2025-12-19,9:43:45.731481244,T,TGT,I,50,97.85
2025-12-19,9:43:45.731484408,T,TGT,I,24,97.85
2025-12-19,9:43:45.731487126,T,TGT,F I,20,97.83
2025-12-19,9:43:45.731502069,T,TGT,I,1,97.85
2025-12-19,9:43:45.733011762,T,TGT,,200,97.84
2025-12-19,9:43:52.581275006,T,TGT,F,100,97.83
2025-12-19,9:43:52.581280601,T,TGT,F I,20,97.82
2025-12-19,9:43:52.589147318,T,TGT,,100,97.825
2025-12-19,9:43:54.512743030,T,TGT,,100,97.86
2025-12-19,9:43:56.905146593,T,TGT,I,80,97.81
2025-12-19,9:44:03.941285139,T,TGT,F I,80,97.83
2025-12-19,9:44:03.941288173,T,TGT,F I,2,97.84
2025-12-19,9:44:03.942070061,T,TGT,I,4,97.84
2025-12-19,9:44:03.942070061,T,TGT,I,10,97.84
2025-12-19,9:44:03.942891112,T,TGT,F,500,97.87
2025-12-19,9:44:03.942984165,T,TGT,F,100,97.88
2025-12-19,9:44:03.946538653,T,TGT,I,73,97.89
2025-12-19,9:44:06.649416859,T,TGT,F,100,97.96
2025-12-19,9:44:06.649416859,T,TGT,F I,2,97.97
2025-12-19,9:44:06.649479987,T,TGT,F,100,97.97
2025-12-19,9:44:06.699919121,T,TGT,I,55,98.04
2025-12-19,9:44:06.699937208,T,TGT,F,297,98.05
2025-12-19,9:44:06.699943170,T,TGT,F I,2,98.05
2025-12-19,9:44:06.699943170,T,TGT,F,101,98.05
2025-12-19,9:44:07.035554787,T,TGT,I,12,98.095
2025-12-19,9:44:07.962834884,T,TGT,,100,98.095
2025-12-19,9:44:08.564210491,T,TGT,F,200,98.16
2025-12-19,9:44:08.564210491,T,TGT,F,100,98.16
2025-12-19,9:44:15.255634898,T,TGT,F I,12,98.2
2025-12-19,9:44:16.449521398,T,TGT,F I,50,98.18
2025-12-19,9:44:21.092997637,T,TGT,F I,50,98.15
2025-12-19,9:44:21.093042751,T,TGT,F I,50,98.15
2025-12-19,9:44:21.096636138,T,TGT,F,100,98.13
2025-12-19,9:44:21.096687531,T,TGT,,100,98.13
2025-12-19,9:44:21.110393937,T,TGT,F,100,98.09
2025-12-19,9:44:24.257273924,T,TGT,F I,6,98.01
2025-12-19,9:44:24.257278174,T,TGT,F I,12,98.01
2025-12-19,9:44:24.345537180,T,TGT,I,80,98.0
2025-12-19,9:44:24.359075405,T,TGT,I,10,98.0
2025-12-19,9:44:31.079137083,T,TGT,F I,10,98.0
2025-12-19,9:44:32.276484594,T,TGT,F,100,98.04
2025-12-19,9:44:32.276484594,T,TGT,F,100,98.04
2025-12-19,9:44:32.921166379,T,TGT,,200,98.05
2025-12-19,9:44:33.504535157,T,TGT,I,10,98.05
2025-12-19,9:44:33.590194151,T,TGT,F I,1,97.97
2025-12-19,9:44:33.590251361,T,TGT,F I,50,97.97
2025-12-19,9:44:33.602773074,T,TGT,F I,11,97.96
2025-12-19,9:44:33.765662354,T,TGT,F I,12,97.89
2025-12-19,9:44:33.765704342,T,TGT,F I,6,97.88
2025-12-19,9:44:33.765800516,T,TGT,,154,97.89
2025-12-19,9:44:33.765839646,T,TGT,,150,97.89
2025-12-19,9:44:37.049097602,T,TGT,F I,22,97.85
2025-12-19,9:44:37.049097602,T,TGT,F I,10,97.85
2025-12-19,9:44:37.049100530,T,TGT,F I,11,97.84
2025-12-19,9:44:37.049103514,T,TGT,F I,39,97.84
2025-12-19,9:44:42.924572948,T,TGT,,100,97.88
2025-12-19,9:44:42.925090954,T,TGT,F,100,97.89
2025-12-19,9:44:42.925090954,T,TGT,F,100,97.9
2025-12-19,9:44:42.925544611,T,TGT,F I,50,97.91
2025-12-19,9:44:42.925965241,T,TGT,F I,50,97.91
2025-12-19,9:44:50.378953766,T,TGT,F,204,97.94
2025-12-19,9:44:50.378962770,T,TGT,F I,10,97.93
2025-12-19,9:45:00.841972967,T,TGT,F,100,97.88
2025-12-19,9:45:00.841972967,T,TGT,F I,1,97.88
2025-12-19,9:45:00.841975494,T,TGT,F I,6,97.88
2025-12-19,9:45:00.842185915,T,TGT,F I,50,97.86
2025-12-19,9:45:00.842687999,T,TGT,I,50,97.86
2025-12-19,9:45:00.842799293,T,TGT,I,1,97.88
2025-12-19,9:45:14.125518263,T,TGT,F,100,97.81
2025-12-19,9:45:14.125518263,T,TGT,F I,20,97.81
2025-12-19,9:45:14.125542341,T,TGT,F,100,97.8
2025-12-19,9:45:14.126246129,T,TGT,F,100,97.77
2025-12-19,9:45:14.126249023,T,TGT,F I,10,97.77
2025-12-19,9:45:14.415742642,T,TGT,F I,18,97.76
2025-12-19,9:45:14.415746294,T,TGT,F I,31,97.76
2025-12-19,9:45:14.415749989,T,TGT,F I,4,97.76
2025-12-19,9:45:14.415751794,T,TGT,F I,18,97.77
2025-12-19,9:45:14.415754960,T,TGT,F I,47,97.77
2025-12-19,9:45:14.415758605,T,TGT,F I,7,97.77
2025-12-19,9:45:14.415758605,T,TGT,F I,61,97.78
2025-12-19,9:45:14.415760713,T,TGT,F I,11,97.78
2025-12-19,9:45:14.415775753,T,TGT,I,28,97.78
2025-12-19,9:45:14.415787930,T,TGT,F I,11,97.82
2025-12-19,9:45:14.416079486,T,TGT,I,7,97.78
2025-12-19,9:45:14.416704982,T,TGT,F I,15,97.82
2025-12-19,9:45:14.416708025,T,TGT,F I,73,97.82
2025-12-19,9:45:14.416710925,T,TGT,F,100,97.82
2025-12-19,9:45:14.416710925,T,TGT,F I,7,97.82
2025-12-19,9:45:14.416713987,T,TGT,F I,15,97.82
2025-12-19,9:45:14.416717632,T,TGT,F,553,97.82
2025-12-19,9:45:14.417056812,T,TGT,F,175,97.82
2025-12-19,9:45:14.417062828,T,TGT,F,100,97.82
2025-12-19,9:45:14.417077836,T,TGT,F,100,97.82
2025-12-19,9:45:14.417216229,T,TGT,F,200,97.83
2025-12-19,9:45:14.417267439,T,TGT,,110,97.82
2025-12-19,9:45:14.417282396,T,TGT,I,83,97.82
2025-12-19,9:45:14.509866970,T,TGT,F I,50,97.86
2025-12-19,9:45:14.509905952,T,TGT,F I,50,97.86
2025-12-19,9:45:14.510269889,T,TGT,F I,29,97.88
2025-12-19,9:45:14.510272933,T,TGT,F I,21,97.88
2025-12-19,9:45:14.510317939,T,TGT,F I,4,97.88
2025-12-19,9:45:14.510324416,T,TGT,F,171,97.89
2025-12-19,9:45:14.510324416,T,TGT,F,100,97.89
2025-12-19,9:45:14.510327116,T,TGT,F I,18,97.89
2025-12-19,9:45:14.510327116,T,TGT,F,300,97.89
2025-12-19,9:45:14.510696887,T,TGT,F I,15,97.91
2025-12-19,9:45:14.510711962,T,TGT,F I,85,97.91
2025-12-19,9:45:14.512621524,T,TGT,,138,97.89
2025-12-19,9:45:14.548689388,T,TGT,F I,31,97.9
2025-12-19,9:45:14.821024175,T,TGT,F I,50,97.91
2025-12-19,9:45:15.114734184,T,TGT,I,30,97.92
2025-12-19,9:45:15.114734184,T,TGT,I,70,97.92
2025-12-19,9:45:15.193536677,T,TGT,F I,50,97.88
2025-12-19,9:45:15.193572710,T,TGT,F I,50,97.88
2025-12-19,9:45:17.400073441,T,TGT,I,13,97.92
2025-12-19,9:45:17.403913554,T,TGT,F I,50,97.95
2025-12-19,9:45:17.403922600,T,TGT,F I,15,97.95
2025-12-19,9:45:17.403934609,T,TGT,F I,15,97.95
2025-12-19,9:45:17.403970850,T,TGT,F I,15,97.96
2025-12-19,9:45:17.404386387,T,TGT,F I,10,98.0
2025-12-19,9:45:18.102351514,T,TGT,F I,6,98.01
2025-12-19,9:45:18.102414611,T,TGT,F I,6,98.0
2025-12-19,9:45:18.102459856,T,TGT,I,24,98.03
2025-12-19,9:45:18.103091226,T,TGT,I,24,98.02
2025-12-19,9:45:19.447296597,T,TGT,F I,50,97.98
2025-12-19,9:45:19.447338750,T,TGT,F I,50,97.98
2025-12-19,9:45:19.447347733,T,TGT,F,100,97.98
2025-12-19,9:45:19.447353766,T,TGT,F I,76,97.98
2025-12-19,9:45:19.447380940,T,TGT,F,100,97.97
2025-12-19,9:45:19.447426024,T,TGT,F I,10,97.96
2025-12-19,9:45:19.447429271,T,TGT,F I,66,97.96
2025-12-19,9:45:27.222262596,T,TGT,F I,2,98.0
2025-12-19,9:45:27.222265819,T,TGT,F,100,98.0
2025-12-19,9:45:27.222268259,T,TGT,F I,1,98.0
2025-12-19,9:45:32.628758450,T,TGT,,100,97.95
2025-12-19,9:45:32.659933673,T,TGT,,100,97.95
2025-12-19,9:45:33.841332008,T,TGT,F I,18,97.93
2025-12-19,9:45:33.841349611,T,TGT,F,100,97.93
2025-12-19,9:45:33.841349611,T,TGT,F I,50,97.93
2025-12-19,9:45:33.841352282,T,TGT,F I,50,97.93
2025-12-19,9:45:33.841367360,T,TGT,F,100,97.93
2025-12-19,9:45:33.841367360,T,TGT,I,1,97.93
2025-12-19,9:45:33.841373353,T,TGT,F I,49,97.93
2025-12-19,9:45:44.488288994,T,TGT,F,100,97.93
2025-12-19,9:45:44.488307044,T,TGT,I,1,97.93
2025-12-19,9:45:44.570955958,T,TGT,F I,1,97.96
2025-12-19,9:45:44.571722729,T,TGT,I,14,97.96
2025-12-19,9:45:45.525468944,T,TGT,,100,97.98
2025-12-19,9:45:47.316259182,T,TGT,I,18,98.03
2025-12-19,9:45:47.316295230,T,TGT,F,100,98.04
2025-12-19,9:45:47.316556879,T,TGT,F,100,98.07
2025-12-19,9:45:47.327061216,T,TGT,F I,50,98.11
2025-12-19,9:45:47.327085063,T,TGT,F I,50,98.11
2025-12-19,9:45:47.327088200,T,TGT,F I,1,98.12
2025-12-19,9:45:47.327090999,T,TGT,F I,1,98.12
2025-12-19,9:45:47.327090999,T,TGT,F,189,98.12
2025-12-19,9:45:47.327106049,T,TGT,I,1,98.12
2025-12-19,9:45:47.327142575,T,TGT,F,209,98.12
2025-12-19,9:45:47.327145363,T,TGT,F I,51,98.12
2025-12-19,9:45:47.327145363,T,TGT,I,49,98.12
2025-12-19,9:45:52.549169689,T,TGT,F,100,98.11
2025-12-19,9:45:52.549226907,T,TGT,,100,98.11
2025-12-19,9:45:52.549647885,T,TGT,I,4,98.11
2025-12-19,9:45:52.549732112,T,TGT,,100,98.11
2025-12-19,9:45:52.549732112,T,TGT,I,2,98.12
2025-12-19,9:45:52.549798217,T,TGT,I,34,98.11
2025-12-19,9:45:52.549855325,T,TGT,I,7,98.12
2025-12-19,9:45:52.549861348,T,TGT,I,7,98.12
2025-12-19,9:45:52.549874321,T,TGT,I,20,98.12
2025-12-19,9:45:52.552020493,T,TGT,I,12,98.11
2025-12-19,9:45:52.588714007,T,TGT,F I,16,98.15
2025-12-19,9:45:52.588732262,T,TGT,F I,84,98.15
2025-12-19,9:45:52.588732262,T,TGT,F I,9,98.15
2025-12-19,9:46:00.559788781,T,TGT,F,100,98.1
2025-12-19,9:46:00.803122462,T,TGT,I,70,98.06
2025-12-19,9:46:00.989461407,T,TGT,I,30,98.06
2025-12-19,9:46:03.559732674,T,TGT,,100,98.04
2025-12-19,9:46:03.559735626,T,TGT,I,50,98.03
2025-12-19,9:46:14.636275872,T,TGT,,100,98.08
2025-12-19,9:46:14.636275872,T,TGT,I,20,98.08
2025-12-19,9:46:14.636718454,T,TGT,F I,15,98.09
2025-12-19,9:46:14.636718454,T,TGT,F,100,98.09
2025-12-19,9:46:14.636720857,T,TGT,F I,2,98.09
2025-12-19,9:46:14.636784014,T,TGT,,100,98.09
2025-12-19,9:46:14.636811154,T,TGT,F I,1,98.1
2025-12-19,9:46:14.636811154,T,TGT,F,200,98.1
2025-12-19,9:46:14.639397290,T,TGT,F I,50,98.08
2025-12-19,9:46:14.639448363,T,TGT,F I,50,98.08
2025-12-19,9:46:14.639842324,T,TGT,F,100,98.07
2025-12-19,9:46:21.242185418,T,TGT,I,12,98.0
2025-12-19,9:46:25.128969007,T,TGT,F I,40,97.98
2025-12-19,9:46:25.128969007,T,TGT,F I,60,97.97
2025-12-19,9:46:26.397835939,T,TGT,,200,98.02
2025-12-19,9:46:26.398470377,T,TGT,I,38,98.015
2025-12-19,9:46:26.398702808,T,TGT,F I,37,98.02
2025-12-19,9:46:26.398780463,T,TGT,I,23,98.04
2025-12-19,9:46:26.398780463,T,TGT,I,6,98.04
2025-12-19,9:46:26.398786210,T,TGT,I,38,98.04
2025-12-19,9:46:26.848445039,T,TGT,F I,3,98.06
2025-12-19,9:46:27.865942468,T,TGT,,100,98.09
2025-12-19,9:46:27.866363460,T,TGT,,150,98.09
2025-12-19,9:46:27.866450649,T,TGT,I,50,98.09
2025-12-19,9:46:30.704723409,T,TGT,F I,64,98.05
2025-12-19,9:46:30.704753458,T,TGT,F,100,98.04
2025-12-19,9:46:30.704970001,T,TGT,,137,98.06
2025-12-19,9:46:32.349939823,T,TGT,F I,60,98.01
2025-12-19,9:46:32.349963923,T,TGT,F I,6,98.0
2025-12-19,9:46:32.350141385,T,TGT,F I,2,98.0
2025-12-19,9:46:32.350144406,T,TGT,F I,92,98.0
2025-12-19,9:46:33.755004623,T,TGT,F I,29,97.98
2025-12-19,9:46:33.755004623,T,TGT,F I,37,97.98
2025-12-19,9:46:57.903325962,T,TGT,F I,40,97.99
2025-12-19,9:47:15.060502265,T,TGT,F,100,97.94
2025-12-19,9:47:15.060505189,T,TGT,F I,5,97.94
2025-12-19,9:47:15.060508228,T,TGT,F I,1,97.94
2025-12-19,9:47:15.060508228,T,TGT,F I,6,97.94
2025-12-19,9:47:15.060532951,T,TGT,F I,28,97.93
2025-12-19,9:47:15.060535610,T,TGT,F I,5,97.93
2025-12-19,9:47:15.060580440,T,TGT,F I,25,97.92
2025-12-19,9:47:15.060628467,T,TGT,F I,10,97.91
2025-12-19,9:47:15.061804288,T,TGT,F I,30,97.89
2025-12-19,9:47:17.217583153,T,TGT,F I,25,97.92
2025-12-19,9:47:17.217586114,T,TGT,F I,37,97.92
2025-12-19,9:47:17.804656834,T,TGT,F I,44,97.92
2025-12-19,9:47:20.809078311,T,TGT,F,100,97.87
2025-12-19,9:47:20.810233067,T,TGT,I,26,97.84
2025-12-19,9:47:21.904251446,T,TGT,I,30,97.835
2025-12-19,9:47:43.539801711,T,TGT,I,40,97.79
2025-12-19,9:47:47.401379257,T,TGT,I,4,97.81
2025-12-19,9:47:47.401379257,T,TGT,I,80,97.81
2025-12-19,9:47:52.239777042,T,TGT,F,100,97.79
2025-12-19,9:47:53.639302232,T,TGT,F I,27,97.755
2025-12-19,9:48:03.956789162,T,TGT,I,40,97.78
2025-12-19,9:48:03.956813638,T,TGT,F I,99,97.78
2025-12-19,9:48:03.956816233,T,TGT,F I,51,97.78
2025-12-19,9:48:03.956816233,T,TGT,F I,36,97.79
2025-12-19,9:48:03.956837226,T,TGT,F I,59,97.79
2025-12-19,9:48:03.956837226,T,TGT,F I,4,97.79
2025-12-19,9:48:03.956858317,T,TGT,I,1,97.79
2025-12-19,9:48:04.869502500,T,TGT,F I,60,97.75
2025-12-19,9:48:07.996363764,T,TGT,F I,8,97.75
2025-12-19,9:48:09.001069330,T,TGT,F I,40,97.77
2025-12-19,9:48:09.001084377,T,TGT,I,40,97.77
2025-12-19,9:48:09.001090398,T,TGT,F I,40,97.77
2025-12-19,9:48:09.682709136,T,TGT,F I,40,97.79
2025-12-19,9:48:09.682715181,T,TGT,F,100,97.8
2025-12-19,9:48:12.710162716,T,TGT,F I,6,97.76
2025-12-19,9:48:12.710162716,T,TGT,F I,40,97.76
2025-12-19,9:48:12.710165582,T,TGT,F I,40,97.75
2025-12-19,9:48:15.489888950,T,TGT,I,10,97.7
2025-12-19,9:48:15.489888950,T,TGT,I,20,97.7
2025-12-19,9:48:15.490929374,T,TGT,F I,35,97.73
2025-12-19,9:48:15.490929374,T,TGT,F I,40,97.73
2025-12-19,9:48:19.974394595,T,TGT,F I,12,97.71
2025-12-19,9:48:19.974397505,T,TGT,F I,80,97.71
2025-12-19,9:48:32.482663602,T,TGT,,100,97.7
2025-12-19,9:48:48.249390337,T,TGT,F I,50,97.72
2025-12-19,9:48:48.249435479,T,TGT,F I,50,97.72
2025-12-19,9:48:51.620018318,T,TGT,F I,50,97.72
2025-12-19,9:48:57.946012042,T,TGT,F I,50,97.72
2025-12-19,9:48:57.948120033,T,TGT,F,300,97.71
2025-12-19,9:48:57.948120033,T,TGT,F I,1,97.71
2025-12-19,9:48:57.948123092,T,TGT,F I,10,97.71
2025-12-19,9:48:57.952787131,T,TGT,,100,97.69
2025-12-19,9:48:57.952790200,T,TGT,I,5,97.69
2025-12-19,9:48:57.990469967,T,TGT,,100,97.69
2025-12-19,9:49:02.339481752,T,TGT,I,50,97.715
2025-12-19,9:49:02.339544915,T,TGT,I,50,97.715
2025-12-19,9:49:04.721621912,T,TGT,F I,2,97.67
2025-12-19,9:49:04.721642906,T,TGT,F,102,97.67
2025-12-19,9:49:04.721775200,T,TGT,F,100,97.66
2025-12-19,9:49:04.722229327,T,TGT,F I,5,97.65
2025-12-19,9:49:04.740149063,T,TGT,I,1,97.64
2025-12-19,9:49:16.260342082,T,TGT,F I,38,97.66
2025-12-19,9:49:16.260342082,T,TGT,F I,12,97.66
2025-12-19,9:49:16.260411212,T,TGT,F I,7,97.66
2025-12-19,9:49:28.205390246,T,TGT,F I,2,97.61
2025-12-19,9:49:41.011209482,T,TGT,F I,2,97.64
2025-12-19,9:49:41.011212200,T,TGT,F I,1,97.64
2025-12-19,9:49:43.953346434,T,TGT,F I,1,97.66
2025-12-19,9:49:43.953424653,T,TGT,F I,1,97.66
2025-12-19,9:49:43.953463730,T,TGT,F I,1,97.66
2025-12-19,9:49:53.536318394,T,TGT,F I,6,97.62
2025-12-19,9:49:53.536712312,T,TGT,F,200,97.6
2025-12-19,9:49:53.591554017,T,TGT,F I,2,97.55
2025-12-19,9:49:53.591875769,T,TGT,I,56,97.53
2025-12-19,9:49:53.591878778,T,TGT,I,11,97.53
2025-12-19,9:49:54.535881732,T,TGT,,100,97.54
2025-12-19,9:49:57.623980626,T,TGT,I,1,97.53
2025-12-19,9:49:57.885411382,T,TGT,I,1,97.55
2025-12-19,9:49:57.885417465,T,TGT,,104,97.55
2025-12-19,9:49:57.885417465,T,TGT,,100,97.55
2025-12-19,9:49:57.885426865,T,TGT,I,1,97.55
2025-12-19,9:49:57.885432957,T,TGT,F I,79,97.55
2025-12-19,9:49:58.294337587,T,TGT,F I,1,97.55
2025-12-19,9:49:58.294340740,T,TGT,F I,10,97.55
2025-12-19,9:49:58.294343644,T,TGT,F I,1,97.55
2025-12-19,9:49:58.294343644,T,TGT,F I,11,97.55
2025-12-19,9:49:58.294349677,T,TGT,F I,10,97.54
2025-12-19,9:49:58.845571868,T,TGT,,150,97.535
2025-12-19,9:50:01.111629516,T,TGT,I,10,97.5
2025-12-19,9:50:01.111633173,T,TGT,I,50,97.5
2025-12-19,9:50:01.111635554,T,TGT,I,20,97.5
2025-12-19,9:50:01.111642060,T,TGT,I,1,97.5
2025-12-19,9:50:01.111642060,T,TGT,I,67,97.5
2025-12-19,9:50:01.111966262,T,TGT,F I,5,97.49
2025-12-19,9:50:01.638526717,T,TGT,F,100,97.52
2025-12-19,9:50:01.638526717,T,TGT,F I,1,97.52
2025-12-19,9:50:01.638529726,T,TGT,F I,80,97.52
2025-12-19,9:50:01.638722138,T,TGT,F,100,97.54
2025-12-19,9:50:01.639113091,T,TGT,F,100,97.57
2025-12-19,9:50:01.639113091,T,TGT,F I,11,97.57
2025-12-19,9:50:01.644216234,T,TGT,,1300,97.58
2025-12-19,9:50:01.644265232,T,TGT,F,100,97.59
2025-12-19,9:50:01.644265232,T,TGT,F I,11,97.59
2025-12-19,9:50:01.644267350,T,TGT,,100,97.58
2025-12-19,9:50:01.644285361,T,TGT,F,100,97.59
2025-12-19,9:50:01.644294445,T,TGT,F,100,97.58
2025-12-19,9:50:06.873488116,T,TGT,F,100,97.68
2025-12-19,9:50:06.873491095,T,TGT,F,100,97.69
2025-12-19,9:50:06.873494107,T,TGT,F,100,97.69
2025-12-19,9:50:06.873494107,T,TGT,F I,1,97.69
2025-12-19,9:50:06.873864557,T,TGT,F I,3,97.7
2025-12-19,9:50:06.873888119,T,TGT,F I,20,97.71
2025-12-19,9:50:06.873888119,T,TGT,F I,20,97.71
2025-12-19,9:50:11.497808821,T,TGT,F,100,97.73
2025-12-19,9:50:11.497811900,T,TGT,F I,1,97.73
2025-12-19,9:50:11.497947164,T,TGT,F,100,97.74
2025-12-19,9:50:11.497950235,T,TGT,F I,1,97.74
2025-12-19,9:50:11.498398253,T,TGT,F,100,97.75
2025-12-19,9:50:13.503322794,T,TGT,F I,44,97.72
2025-12-19,9:50:13.503322794,T,TGT,F I,6,97.72
2025-12-19,9:50:13.503340848,T,TGT,F I,4,97.72
2025-12-19,9:50:13.503340848,T,TGT,F I,9,97.71
2025-12-19,9:50:13.503388978,T,TGT,F I,4,97.71
2025-12-19,9:50:13.503620911,T,TGT,F,100,97.7
2025-12-19,9:50:13.503623428,T,TGT,F I,12,97.7
2025-12-19,9:50:13.503644504,T,TGT,I,1,97.7
2025-12-19,9:50:13.503647453,T,TGT,F I,55,97.7
2025-12-19,9:50:13.503647453,T,TGT,F I,6,97.7
2025-12-19,9:50:13.503668528,T,TGT,F I,33,97.7
2025-12-19,9:50:13.503806894,T,TGT,I,24,97.7
2025-12-19,9:50:13.503819625,T,TGT,F I,37,97.7
2025-12-19,9:50:13.503821916,T,TGT,F I,24,97.7
2025-12-19,9:50:13.506979385,T,TGT,F I,76,97.7
2025-12-19,9:50:19.043806119,T,TGT,I,30,97.71
2025-12-19,9:50:19.043833124,T,TGT,F I,50,97.71
2025-12-19,9:50:27.751615095,T,TGT,I,10,97.65
2025-12-19,9:50:27.752715721,T,TGT,F I,11,97.6
2025-12-19,9:50:27.752718736,T,TGT,F,100,97.6
2025-12-19,9:50:27.752736717,T,TGT,I,1,97.6
2025-12-19,9:50:27.752778905,T,TGT,F I,2,97.6
2025-12-19,9:50:27.752782161,T,TGT,F I,97,97.6
2025-12-19,9:50:27.752782161,T,TGT,F I,2,97.6
2025-12-19,9:50:27.752784902,T,TGT,F I,1,97.6
2025-12-19,9:50:27.752824557,T,TGT,I,97,97.6
2025-12-19,9:50:27.752824557,T,TGT,,100,97.6
2025-12-19,9:50:27.752826929,T,TGT,,641,97.6
2025-12-19,9:50:31.813274477,T,TGT,F I,50,97.6
2025-12-19,9:50:31.813284315,T,TGT,F I,3,97.6
2025-12-19,9:50:31.813286552,T,TGT,F I,50,97.61
2025-12-19,9:50:31.813289559,T,TGT,F I,30,97.61
2025-12-19,9:50:37.719070967,T,TGT,,100,97.605
2025-12-19,9:50:37.993730297,T,TGT,,100,97.6
2025-12-19,9:50:42.824841714,T,TGT,I,11,97.54
2025-12-19,9:50:43.853078286,T,TGT,F I,40,97.49
2025-12-19,9:50:43.853081350,T,TGT,F,100,97.49
2025-12-19,9:50:43.853159592,T,TGT,F I,22,97.48
2025-12-19,9:50:43.853159592,T,TGT,F,200,97.48
2025-12-19,9:50:43.853216660,T,TGT,,100,97.49
2025-12-19,9:50:43.853237732,T,TGT,I,1,97.49
2025-12-19,9:50:43.853385055,T,TGT,,100,97.48
2025-12-19,9:50:45.578817639,T,TGT,F I,1,97.46
2025-12-19,9:50:45.578820623,T,TGT,F I,1,97.46
2025-12-19,9:50:45.578820623,T,TGT,F I,10,97.46
2025-12-19,9:50:48.598076556,T,TGT,I,50,97.44
2025-12-19,9:50:48.598211893,T,TGT,F I,2,97.43
2025-12-19,9:50:48.598263007,T,TGT,F I,39,97.42
2025-12-19,9:50:49.083492938,T,TGT,F I,50,97.42
2025-12-19,9:50:49.083538059,T,TGT,F I,50,97.42
2025-12-19,9:50:49.083574392,T,TGT,F I,50,97.42
2025-12-19,9:50:49.083607292,T,TGT,F I,50,97.42
2025-12-19,9:50:55.372973741,T,TGT,F I,15,97.44
2025-12-19,9:50:55.372976658,T,TGT,F I,10,97.44
2025-12-19,9:50:55.372976658,T,TGT,F I,62,97.44
2025-12-19,9:50:55.376654454,T,TGT,F I,8,97.41
2025-12-19,9:50:57.585999992,T,TGT,F I,46,97.36
2025-12-19,9:51:10.439037248,T,TGT,I,1,97.47
2025-12-19,9:51:10.439037248,T,TGT,I,50,97.47
2025-12-19,9:51:10.439289874,T,TGT,F I,50,97.48
2025-12-19,9:51:10.439289874,T,TGT,F I,13,97.48
2025-12-19,9:51:10.439293065,T,TGT,F,124,97.48
2025-12-19,9:51:10.439295807,T,TGT,F I,1,97.48
2025-12-19,9:51:10.439933409,T,TGT,F,100,97.49
2025-12-19,9:51:10.445370289,T,TGT,F I,13,97.47
2025-12-19,9:51:10.445376371,T,TGT,F,100,97.46
2025-12-19,9:51:10.445376371,T,TGT,F I,50,97.46
2025-12-19,9:51:10.445415482,T,TGT,F,100,97.45
2025-12-19,9:51:10.445418484,T,TGT,F I,10,97.45
2025-12-19,9:51:12.734778499,T,TGT,I,7,97.43
2025-12-19,9:51:14.292868332,T,TGT,F I,50,97.43
2025-12-19,9:51:14.293502829,T,TGT,F I,50,97.42
2025-12-19,9:51:21.984758128,T,TGT,F I,43,97.44
2025-12-19,9:51:21.984758128,T,TGT,F I,7,97.44
2025-12-19,9:51:21.984815300,T,TGT,F I,5,97.44
2025-12-19,9:51:21.985046779,T,TGT,I,3,97.47
2025-12-19,9:51:21.985049984,T,TGT,I,10,97.47
2025-12-19,9:51:21.985049984,T,TGT,I,29,97.47
2025-12-19,9:51:21.985053535,T,TGT,I,22,97.49
2025-12-19,9:51:21.985053535,T,TGT,I,18,97.49
2025-12-19,9:51:21.985058822,T,TGT,,100,97.49
2025-12-19,9:51:21.985085874,T,TGT,,100,97.49
2025-12-19,9:51:21.985771761,T,TGT,F I,29,97.52
2025-12-19,9:51:21.985771761,T,TGT,F I,11,97.53
2025-12-19,9:51:21.985774562,T,TGT,F I,20,97.53
2025-12-19,9:51:21.985801913,T,TGT,F I,29,97.53
2025-12-19,9:51:21.985804598,T,TGT,F I,82,97.54
2025-12-19,9:51:21.985882770,T,TGT,F I,13,97.54
2025-12-19,9:51:21.985909902,T,TGT,F I,1,97.54
2025-12-19,9:51:21.985915947,T,TGT,F I,4,97.54
2025-12-19,9:51:21.985915947,T,TGT,F I,13,97.54
2025-12-19,9:51:21.986183591,T,TGT,I,12,97.52
2025-12-19,9:51:22.150031902,T,TGT,F I,50,97.565
2025-12-19,9:51:22.150068000,T,TGT,F I,50,97.565
2025-12-19,9:51:27.306365039,T,TGT,F I,50,97.59
2025-12-19,9:51:38.008790011,T,TGT,F I,25,97.59
2025-12-19,9:51:39.726830842,T,TGT,F I,50,97.64
2025-12-19,9:51:39.726878987,T,TGT,F I,50,97.64
2025-12-19,9:51:40.790852738,T,TGT,F I,21,97.66
2025-12-19,9:51:40.790874053,T,TGT,F I,39,97.66
2025-12-19,9:51:40.790876799,T,TGT,F,100,97.66
2025-12-19,9:51:55.480154736,T,TGT,F I,50,97.78
2025-12-19,9:51:55.480452450,T,TGT,F I,50,97.78
2025-12-19,9:52:01.009006528,T,TGT,F I,37,97.75
2025-12-19,9:52:01.009009507,T,TGT,F I,13,97.75
2025-12-19,9:52:01.009069624,T,TGT,F I,5,97.75
2025-12-19,9:52:01.009189922,T,TGT,F,100,97.74
2025-12-19,9:52:01.009189922,T,TGT,F,100,97.74
2025-12-19,9:52:01.009192913,T,TGT,F I,12,97.74
2025-12-19,9:52:01.009211614,T,TGT,I,1,97.74
2025-12-19,9:52:01.009235028,T,TGT,F,100,97.74
2025-12-19,9:52:01.009244088,T,TGT,F I,41,97.74
2025-12-19,9:52:01.009259588,T,TGT,F I,12,97.74
2025-12-19,9:52:01.009268084,T,TGT,I,88,97.74
2025-12-19,9:52:01.009274173,T,TGT,F I,10,97.73
2025-12-19,9:52:01.009277158,T,TGT,F I,2,97.73
2025-12-19,9:52:01.011691869,T,TGT,I,80,97.74
2025-12-19,9:52:01.025272256,T,TGT,I,33,97.74
2025-12-19,9:52:01.029361931,T,TGT,I,12,97.765
2025-12-19,9:52:01.029361931,T,TGT,I,21,97.77
2025-12-19,9:52:02.233394409,T,TGT,,100,97.81
2025-12-19,9:52:03.938125716,T,TGT,I,2,97.86
2025-12-19,9:52:13.248359954,T,TGT,F I,14,97.79
2025-12-19,9:52:13.248362813,T,TGT,F,100,97.79
2025-12-19,9:52:13.248365886,T,TGT,F I,28,97.79
2025-12-19,9:52:13.248365886,T,TGT,F I,91,97.79
2025-12-19,9:52:13.248368893,T,TGT,F I,9,97.79
2025-12-19,9:52:13.248371885,T,TGT,F,100,97.79
2025-12-19,9:52:13.248374814,T,TGT,F I,58,97.79
2025-12-19,9:52:13.248374814,T,TGT,F I,42,97.79
2025-12-19,9:52:13.248377833,T,TGT,F I,40,97.79
2025-12-19,9:52:13.259726907,T,TGT,F I,5,97.73
2025-12-19,9:52:13.259955430,T,TGT,F I,30,97.71
2025-12-19,9:52:13.280608592,T,TGT,,100,97.705
2025-12-19,9:52:23.177222355,T,TGT,F I,46,97.8
2025-12-19,9:52:23.177224786,T,TGT,F I,4,97.8
2025-12-19,9:52:23.177249344,T,TGT,F I,4,97.8
2025-12-19,9:52:23.177254831,T,TGT,F,100,97.8
2025-12-19,9:52:23.177257849,T,TGT,F I,32,97.81
2025-12-19,9:52:23.177260874,T,TGT,F I,21,97.81
2025-12-19,9:52:23.177270230,T,TGT,F I,4,97.81
2025-12-19,9:52:23.177275972,T,TGT,F,100,97.81
2025-12-19,9:52:23.177339032,T,TGT,,100,97.81
2025-12-19,9:52:23.638199319,T,TGT,F,100,97.8
2025-12-19,9:52:23.638199319,T,TGT,F I,21,97.8
2025-12-19,9:52:23.638202017,T,TGT,F I,10,97.8
2025-12-19,9:52:24.057701400,T,TGT,F I,86,97.72
2025-12-19,9:52:24.307876409,T,TGT,I,40,97.72
2025-12-19,9:52:24.307951604,T,TGT,,159,97.72
2025-12-19,9:52:25.271209474,T,TGT,I,60,97.765
2025-12-19,9:52:32.238700397,T,TGT,I,40,97.785
2025-12-19,9:52:32.969360047,T,TGT,F I,12,97.84
2025-12-19,9:52:32.969375187,T,TGT,F I,88,97.84
2025-12-19,9:52:32.969378101,T,TGT,F I,12,97.85
2025-12-19,9:52:42.791061830,T,TGT,,100,97.83
2025-12-19,9:52:50.915845611,T,TGT,F I,10,97.78
2025-12-19,9:52:50.915848058,T,TGT,F I,5,97.78
2025-12-19,9:52:50.915850919,T,TGT,F I,5,97.78
2025-12-19,9:52:50.915905045,T,TGT,F I,1,97.77
2025-12-19,9:52:50.959966152,T,TGT,,100,97.745
2025-12-19,9:52:57.563671277,T,TGT,F I,12,97.745
2025-12-19,9:53:16.368563100,T,TGT,F I,7,97.67
2025-12-19,9:53:16.368608470,T,TGT,F,156,97.67
2025-12-19,9:53:16.368608470,T,TGT,F I,10,97.67
2025-12-19,9:53:16.368611251,T,TGT,F I,1,97.67
2025-12-19,9:53:16.368656924,T,TGT,F I,5,97.66
2025-12-19,9:53:16.369299847,T,TGT,F I,1,97.66
2025-12-19,9:53:16.369302820,T,TGT,F I,4,97.66
2025-12-19,9:53:16.369856194,T,TGT,I,14,97.66
2025-12-19,9:53:16.369985578,T,TGT,I,13,97.66
2025-12-19,9:53:16.369985578,T,TGT,I,1,97.66
2025-12-19,9:53:16.486702495,T,TGT,F I,26,97.65
2025-12-19,9:53:20.499766131,T,TGT,F I,11,97.68
2025-12-19,9:53:20.499781165,T,TGT,F I,69,97.68
2025-12-19,9:53:20.499781165,T,TGT,F I,11,97.69
2025-12-19,9:53:20.499784149,T,TGT,F I,21,97.7
2025-12-19,9:53:20.973506420,T,TGT,F I,79,97.7
2025-12-19,9:53:20.973508810,T,TGT,F I,1,97.7
2025-12-19,9:53:20.973511865,T,TGT,F I,33,97.7
2025-12-19,9:53:20.973511865,T,TGT,F I,43,97.7
2025-12-19,9:53:59.278446365,T,TGT,F I,5,97.65
2025-12-19,9:53:59.278464427,T,TGT,I,5,97.65
2025-12-19,9:54:04.176551329,T,TGT,F I,1,97.61
2025-12-19,9:54:04.176554462,T,TGT,F I,2,97.61
2025-12-19,9:54:04.176554462,T,TGT,F I,1,97.61
2025-12-19,9:54:04.177306147,T,TGT,F I,15,97.6
2025-12-19,9:54:04.177817383,T,TGT,F I,5,97.59
2025-12-19,9:54:04.177946698,T,TGT,F I,28,97.58
2025-12-19,9:54:04.251089966,T,TGT,I,5,97.56
2025-12-19,9:54:04.251234264,T,TGT,F I,5,97.55
2025-12-19,9:54:04.375033186,T,TGT,I,44,97.57
2025-12-19,9:54:04.375345887,T,TGT,F,100,97.59
2025-12-19,9:54:04.375349037,T,TGT,F I,13,97.59
2025-12-19,9:54:04.375351933,T,TGT,F,100,97.59
2025-12-19,9:54:04.375351933,T,TGT,F I,1,97.59
2025-12-19,9:54:04.375400087,T,TGT,,100,97.59
2025-12-19,9:54:05.231100595,T,TGT,I,44,97.58
2025-12-19,9:54:15.840814722,T,TGT,F I,50,97.565
2025-12-19,9:54:15.840865902,T,TGT,F I,50,97.565
2025-12-19,9:54:19.286808265,T,TGT,F I,80,97.59
2025-12-19,9:54:19.286812080,T,TGT,F I,31,97.6
2025-12-19,9:54:19.286812080,T,TGT,F I,22,97.6
2025-12-19,9:54:19.286817186,T,TGT,F I,34,97.61
2025-12-19,9:54:19.287000620,T,TGT,I,10,97.61
2025-12-19,9:54:19.287003650,T,TGT,I,10,97.61
2025-12-19,9:54:19.287046367,T,TGT,F,100,97.62
2025-12-19,9:54:19.287049469,T,TGT,F I,25,97.62
2025-12-19,9:54:19.287052245,T,TGT,F I,21,97.62
2025-12-19,9:54:19.287054799,T,TGT,F,100,97.62
2025-12-19,9:54:19.287054799,T,TGT,F I,18,97.62
2025-12-19,9:54:23.453558957,T,TGT,F I,12,97.57
2025-12-19,9:54:23.453558957,T,TGT,F I,5,97.57
2025-12-19,9:54:23.453561965,T,TGT,F I,38,97.56
2025-12-19,9:54:23.453585927,T,TGT,F I,15,97.55
2025-12-19,9:54:40.599831403,T,TGT,F I,6,97.53
2025-12-19,9:54:40.599834417,T,TGT,F I,5,97.53
2025-12-19,9:54:46.718132439,T,TGT,I,79,97.51
2025-12-19,9:54:48.815668347,T,TGT,F,100,97.51
2025-12-19,9:54:48.815668347,T,TGT,F,100,97.51
2025-12-19,9:54:48.815671446,T,TGT,F I,1,97.51
2025-12-19,9:54:54.618135837,T,TGT,,114,97.5
2025-12-19,9:54:54.618466721,T,TGT,I,1,97.51
2025-12-19,9:54:54.618466721,T,TGT,I,5,97.51
2025-12-19,9:54:56.450593373,T,TGT,I,1,97.48
2025-12-19,9:55:00.087860673,T,TGT,,100,97.46
2025-12-19,9:55:04.274738377,T,TGT,F I,50,97.49
2025-12-19,9:55:04.274744384,T,TGT,F I,95,97.51
2025-12-19,9:55:04.274750646,T,TGT,F I,13,97.51
2025-12-19,9:55:04.274750646,T,TGT,F I,24,97.51
2025-12-19,9:55:04.274750646,T,TGT,F,200,97.51
2025-12-19,9:55:04.274753665,T,TGT,F I,10,97.51
2025-12-19,9:55:04.274757003,T,TGT,F I,11,97.51
2025-12-19,9:55:04.274757003,T,TGT,F I,1,97.51
2025-12-19,9:55:04.275595424,T,TGT,F I,12,97.51
2025-12-19,9:55:04.275625809,T,TGT,F I,2,97.52
2025-12-19,9:55:04.275625809,T,TGT,F,100,97.52
2025-12-19,9:55:04.275640481,T,TGT,F I,40,97.52
2025-12-19,9:55:04.275646547,T,TGT,F I,62,97.52
2025-12-19,9:55:04.275649520,T,TGT,I,4,97.52
2025-12-19,9:55:04.275908091,T,TGT,F I,11,97.52
2025-12-19,9:55:04.275908091,T,TGT,F I,12,97.52
2025-12-19,9:55:04.275911127,T,TGT,F I,2,97.52
2025-12-19,9:55:10.176138434,T,TGT,I,6,97.52
2025-12-19,9:55:17.554546532,T,TGT,F I,1,97.49
2025-12-19,9:55:24.496055306,T,TGT,F,100,97.47
2025-12-19,9:55:24.496058658,T,TGT,F,100,97.47
2025-12-19,9:55:24.496064416,T,TGT,F I,11,97.47
2025-12-19,9:55:24.496268910,T,TGT,I,50,97.46
2025-12-19,9:55:24.789741026,T,TGT,,100,97.45
2025-12-19,9:55:24.789741026,T,TGT,I,44,97.48
2025-12-19,9:55:28.726047713,T,TGT,F I,1,97.41
2025-12-19,9:55:28.726058731,T,TGT,F I,7,97.4
2025-12-19,9:55:28.727908223,T,TGT,F,200,97.36
2025-12-19,9:55:28.727968948,T,TGT,,100,97.35
2025-12-19,9:55:28.728172798,T,TGT,F I,41,97.36
2025-12-19,9:55:36.483588934,T,TGT,F I,50,97.39
2025-12-19,9:55:36.483639996,T,TGT,F I,50,97.39
2025-12-19,9:55:38.733245459,T,TGT,I,13,97.405
2025-12-19,9:55:45.768698309,T,TGT,I,4,97.405
2025-12-19,9:55:55.003061783,T,TGT,I,12,97.4
2025-12-19,9:55:59.632251700,T,TGT,F I,37,97.45
2025-12-19,9:56:00.516610027,T,TGT,,100,97.4
2025-12-19,9:56:00.888984225,T,TGT,F,100,97.45
2025-12-19,9:56:00.888987553,T,TGT,F I,10,97.46
2025-12-19,9:56:00.888990205,T,TGT,F I,27,97.46
2025-12-19,9:56:00.888990205,T,TGT,F I,17,97.46
2025-12-19,9:56:00.889132649,T,TGT,I,83,97.46
2025-12-19,9:56:00.889134810,T,TGT,I,2,97.46
2025-12-19,9:56:00.889137550,T,TGT,I,15,97.46
2025-12-19,9:56:00.889372104,T,TGT,F,100,97.46
2025-12-19,9:56:00.889387072,T,TGT,F I,41,97.45
2025-12-19,9:56:00.889417165,T,TGT,,100,97.45
2025-12-19,9:56:00.889696916,T,TGT,F I,6,97.45
2025-12-19,9:56:00.890599006,T,TGT,I,2,97.46
2025-12-19,9:56:00.890818519,T,TGT,F I,2,97.46
2025-12-19,9:56:00.892150659,T,TGT,F I,8,97.46
2025-12-19,9:56:00.892153705,T,TGT,F I,2,97.46
2025-12-19,9:56:00.892159730,T,TGT,F I,12,97.46
2025-12-19,9:56:00.892162770,T,TGT,F I,80,97.46
2025-12-19,9:56:10.550094299,T,TGT,F I,50,97.41
2025-12-19,9:56:10.551405529,T,TGT,I,13,97.41
2025-12-19,9:56:10.658301067,T,TGT,F I,50,97.41
2025-12-19,9:56:11.299638895,T,TGT,F I,12,97.36
2025-12-19,9:56:11.300053979,T,TGT,F I,18,97.37
2025-12-19,9:56:11.300059976,T,TGT,F I,4,97.37
2025-12-19,9:56:11.300063011,T,TGT,F I,2,97.37
2025-12-19,9:56:11.300066325,T,TGT,F I,4,97.37
2025-12-19,9:56:11.300068932,T,TGT,F I,34,97.37
2025-12-19,9:56:11.300087807,T,TGT,F I,6,97.37
2025-12-19,9:56:11.300231406,T,TGT,I,6,97.37
2025-12-19,9:56:11.320256043,T,TGT,F I,4,97.395
2025-12-19,9:56:13.487759706,T,TGT,F I,10,97.41
2025-12-19,9:56:14.522994140,T,TGT,I,80,97.4
2025-12-19,9:56:14.522994140,T,TGT,I,20,97.39
2025-12-19,9:56:14.523012130,T,TGT,F I,1,97.39
2025-12-19,9:56:16.613279786,T,TGT,F I,80,97.41
2025-12-19,9:56:16.613282807,T,TGT,F I,27,97.39
2025-12-19,9:56:16.614530843,T,TGT,F I,80,97.39
2025-12-19,9:56:18.137716522,T,TGT,F I,22,97.39
2025-12-19,9:56:32.599550938,T,TGT,I,10,97.36
2025-12-19,9:56:32.599550938,T,TGT,I,5,97.36
2025-12-19,9:56:32.599554345,T,TGT,I,5,97.36
2025-12-19,9:56:32.599554345,T,TGT,I,1,97.36
2025-12-19,9:56:32.599556591,T,TGT,I,1,97.36
2025-12-19,9:56:33.149993904,T,TGT,I,21,97.36
2025-12-19,9:56:33.150748726,T,TGT,F I,1,97.37
2025-12-19,9:56:33.150769763,T,TGT,F I,9,97.37
2025-12-19,9:56:38.052621617,T,TGT,F I,2,97.35
2025-12-19,9:56:38.052853230,T,TGT,F,100,97.34
2025-12-19,9:56:38.053409583,T,TGT,I,6,97.33
2025-12-19,9:56:38.440491694,T,TGT,I,10,97.34
2025-12-19,9:56:38.640955295,T,TGT,F I,50,97.34
2025-12-19,9:56:40.794021577,T,TGT,I,28,97.34
2025-12-19,9:56:40.794024552,T,TGT,,137,97.34
2025-12-19,9:56:46.597352156,T,TGT,F I,30,97.36
2025-12-19,9:56:46.597358211,T,TGT,F I,22,97.36
2025-12-19,9:56:51.650867323,T,TGT,I,10,97.37
2025-12-19,9:56:55.409921749,T,TGT,F,100,97.41
2025-12-19,9:56:55.409924852,T,TGT,F I,15,97.41
2025-12-19,9:56:55.409927710,T,TGT,F I,46,97.41
2025-12-19,9:56:55.409948759,T,TGT,F I,1,97.42
2025-12-19,9:56:55.409981839,T,TGT,F I,9,97.42
2025-12-19,9:56:55.410559251,T,TGT,F I,20,97.44
2025-12-19,9:56:55.410998261,T,TGT,F I,10,97.43
2025-12-19,9:56:55.426575367,T,TGT,,100,97.45
2025-12-19,9:56:55.942045431,T,TGT,F,100,97.43
2025-12-19,9:56:55.942045431,T,TGT,F I,1,97.43
2025-12-19,9:56:55.942129584,T,TGT,,100,97.43
2025-12-19,9:57:09.651114320,T,TGT,,100,97.43
2025-12-19,9:57:11.199707489,T,TGT,F,100,97.435
2025-12-19,9:57:11.199710900,T,TGT,F,100,97.46
2025-12-19,9:57:11.199710900,T,TGT,F,100,97.47
2025-12-19,9:57:11.199713533,T,TGT,F I,27,97.47
2025-12-19,9:57:11.199716562,T,TGT,F I,10,97.47
2025-12-19,9:57:11.205845480,T,TGT,I,2,97.47
2025-12-19,9:57:11.205845480,T,TGT,I,23,97.47
2025-12-19,9:57:11.205902418,T,TGT,I,77,97.47
2025-12-19,9:57:11.205905871,T,TGT,,100,97.47
2025-12-19,9:57:11.205908606,T,TGT,,100,97.47
2025-12-19,9:57:11.205911355,T,TGT,,100,97.47
2025-12-19,9:57:11.205911355,T,TGT,,100,97.47
2025-12-19,9:57:11.205914899,T,TGT,,100,97.47
2025-12-19,9:57:11.275073120,T,TGT,I,10,97.46
2025-12-19,9:57:11.520659161,T,TGT,,100,97.48
2025-12-19,9:57:17.130060833,T,TGT,I,12,97.45
2025-12-19,9:57:17.193373577,T,TGT,I,39,97.45
2025-12-19,9:57:19.009869149,T,TGT,F,100,97.49
2025-12-19,9:57:19.009872141,T,TGT,F,100,97.49
2025-12-19,9:57:19.031875697,T,TGT,I,5,97.505
2025-12-19,9:57:21.317019506,T,TGT,F I,50,97.49
2025-12-19,9:57:22.698495763,T,TGT,,100,97.49
2025-12-19,9:57:25.942167235,T,TGT,I,1,97.485
2025-12-19,9:57:32.588009120,T,TGT,F I,10,97.41
2025-12-19,9:57:32.588011903,T,TGT,F I,5,97.41
2025-12-19,9:57:32.588132241,T,TGT,,100,97.41
2025-12-19,9:57:32.689082776,T,TGT,I,27,97.41
2025-12-19,9:57:32.689085843,T,TGT,I,30,97.41
2025-12-19,9:57:32.689085843,T,TGT,I,43,97.41
2025-12-19,9:57:35.031393047,T,TGT,F I,15,97.4
2025-12-19,9:57:35.031675925,T,TGT,F I,12,97.39
2025-12-19,9:57:35.031678579,T,TGT,F,100,97.39
2025-12-19,9:57:35.031931137,T,TGT,I,50,97.41
2025-12-19,9:57:35.032153738,T,TGT,F I,12,97.38
2025-12-19,9:57:35.032162745,T,TGT,I,62,97.38
2025-12-19,9:57:35.032171777,T,TGT,F I,26,97.38
2025-12-19,9:57:35.032216859,T,TGT,I,23,97.4
2025-12-19,9:57:35.032240871,T,TGT,F I,2,97.38
2025-12-19,9:57:35.032271025,T,TGT,F I,40,97.38
2025-12-19,9:57:35.032283055,T,TGT,I,39,97.385
2025-12-19,9:57:35.032442403,T,TGT,I,2,97.37
2025-12-19,9:57:35.032497294,T,TGT,I,30,97.39
2025-12-19,9:57:35.032583785,T,TGT,I,14,97.38
2025-12-19,9:57:35.033080514,T,TGT,F I,8,97.38
2025-12-19,9:57:35.033080514,T,TGT,F I,39,97.38
2025-12-19,9:57:35.033083318,T,TGT,F I,39,97.38
2025-12-19,9:57:35.033083318,T,TGT,F I,29,97.38
2025-12-19,9:57:35.033098855,T,TGT,F I,10,97.38
2025-12-19,9:57:35.033134044,T,TGT,I,23,97.4
2025-12-19,9:57:35.033215184,T,TGT,,100,97.39
2025-12-19,9:57:35.033317506,T,TGT,F I,2,97.39
2025-12-19,9:57:35.033368691,T,TGT,I,3,97.4
2025-12-19,9:57:35.033371590,T,TGT,I,2,97.4
2025-12-19,9:57:35.033371590,T,TGT,I,1,97.4
2025-12-19,9:57:35.033449830,T,TGT,I,52,97.4
2025-12-19,9:57:35.033452837,T,TGT,I,1,97.4
2025-12-19,9:57:35.033518989,T,TGT,I,1,97.4
2025-12-19,9:57:35.033522000,T,TGT,I,51,97.4
2025-12-19,9:57:35.033730448,T,TGT,I,31,97.4
2025-12-19,9:57:35.033730448,T,TGT,I,23,97.4
2025-12-19,9:57:35.033730448,T,TGT,I,46,97.41
2025-12-19,9:57:35.132890736,T,TGT,,100,97.47
2025-12-19,9:57:36.287226788,T,TGT,F I,70,97.42
2025-12-19,9:57:36.287230710,T,TGT,F I,46,97.41
2025-12-19,9:57:36.287233333,T,TGT,F,100,97.41
2025-12-19,9:57:39.817646376,T,TGT,F I,13,97.42
2025-12-19,9:57:42.198947722,T,TGT,F I,50,97.38
2025-12-19,9:57:42.198965557,T,TGT,F I,50,97.38
2025-12-19,9:57:42.198968511,T,TGT,F I,64,97.37
2025-12-19,9:57:42.198986617,T,TGT,I,1,97.37
2025-12-19,9:57:42.199022651,T,TGT,,105,97.42
2025-12-19,9:57:42.199040674,T,TGT,I,1,97.4
2025-12-19,9:57:42.199139946,T,TGT,,100,97.4
2025-12-19,9:57:44.583736897,T,TGT,F I,95,97.37
2025-12-19,9:57:45.332009525,T,TGT,F,100,97.35
2025-12-19,9:57:45.332009525,T,TGT,F I,46,97.38
2025-12-19,9:57:45.332108777,T,TGT,F,100,97.39
2025-12-19,9:57:45.332130370,T,TGT,F,100,97.39
2025-12-19,9:57:45.332169002,T,TGT,,100,97.39
2025-12-19,9:57:45.332172481,T,TGT,,100,97.395
2025-12-19,9:57:45.332172481,T,TGT,I,46,97.4
2025-12-19,9:57:45.332195982,T,TGT,I,30,97.4
2025-12-19,9:57:45.332195982,T,TGT,I,16,97.4
2025-12-19,9:57:47.276544682,T,TGT,F I,5,97.33
2025-12-19,9:57:47.276565255,T,TGT,F I,2,97.33
2025-12-19,9:57:48.775747798,T,TGT,F I,20,97.3
2025-12-19,9:57:48.776448749,T,TGT,F I,54,97.31
2025-12-19,9:57:48.776448749,T,TGT,F I,10,97.31
2025-12-19,9:57:48.776451474,T,TGT,F I,1,97.31
2025-12-19,9:57:48.776454409,T,TGT,F,100,97.31
2025-12-19,9:57:48.776508585,T,TGT,F I,3,97.3
2025-12-19,9:57:48.779272143,T,TGT,I,20,97.29
2025-12-19,9:57:48.782113939,T,TGT,F I,23,97.28
2025-12-19,9:57:50.477559041,T,TGT,F I,10,97.28
2025-12-19,9:57:52.000435198,T,TGT,F I,10,97.27
2025-12-19,9:57:53.682992098,T,TGT,F,100,97.25
2025-12-19,9:57:53.682994564,T,TGT,F I,6,97.25
2025-12-19,9:57:53.872220403,T,TGT,I,47,97.26
2025-12-19,9:57:57.498132618,T,TGT,I,2,97.22
2025-12-19,9:57:57.498252931,T,TGT,I,5,97.21
2025-12-19,9:58:00.168265816,T,TGT,F I,21,97.16
2025-12-19,9:58:00.168605645,T,TGT,I,18,97.16
2025-12-19,9:58:00.168999918,T,TGT,F I,13,97.15
2025-12-19,9:58:00.168999918,T,TGT,F I,19,97.17
2025-12-19,9:58:00.169023602,T,TGT,F I,81,97.17
2025-12-19,9:58:00.169026638,T,TGT,F I,19,97.18
2025-12-19,9:58:00.169068680,T,TGT,I,19,97.16
2025-12-19,9:58:00.169099101,T,TGT,F I,13,97.16
2025-12-19,9:58:00.188534698,T,TGT,F I,3,97.18
2025-12-19,9:58:00.188537086,T,TGT,F I,1,97.18
2025-12-19,9:58:00.188561800,T,TGT,F I,16,97.18
2025-12-19,9:58:00.188561800,T,TGT,F I,24,97.18
2025-12-19,9:58:07.256632716,T,TGT,I,50,97.185
2025-12-19,9:58:11.075548548,T,TGT,I,10,97.185
2025-12-19,9:58:11.075553722,T,TGT,,100,97.185
2025-12-19,9:58:11.075553722,T,TGT,,100,97.22
2025-12-19,9:58:11.075556690,T,TGT,I,15,97.23
2025-12-19,9:58:11.075556690,T,TGT,I,54,97.23
2025-12-19,9:58:11.075613854,T,TGT,F I,12,97.19
2025-12-19,9:58:15.072402609,T,TGT,F I,1,97.16
2025-12-19,9:58:20.110343747,T,TGT,F I,2,97.2
2025-12-19,9:58:20.110364779,T,TGT,F I,6,97.2
2025-12-19,9:58:20.110404247,T,TGT,F I,13,97.2
2025-12-19,9:58:20.110407097,T,TGT,F I,22,97.2
2025-12-19,9:58:20.110957237,T,TGT,F I,16,97.19
2025-12-19,9:58:20.110966265,T,TGT,F I,80,97.19
2025-12-19,9:58:20.111200731,T,TGT,I,41,97.19
2025-12-19,9:58:20.986117188,T,TGT,F I,1,97.14
2025-12-19,9:58:20.986120197,T,TGT,I,1,97.14
2025-12-19,9:58:20.986877968,T,TGT,I,16,97.13
2025-12-19,9:58:20.986896595,T,TGT,,359,97.13
2025-12-19,9:58:20.987238852,T,TGT,I,5,97.12
2025-12-19,9:58:20.987241875,T,TGT,I,23,97.12
2025-12-19,9:58:22.911496054,T,TGT,I,11,97.11
2025-12-19,9:58:22.911917065,T,TGT,I,60,97.1
2025-12-19,9:58:22.912614700,T,TGT,F I,5,97.11
2025-12-19,9:58:25.312897046,T,TGT,F I,50,97.16
2025-12-19,9:58:32.987859515,T,TGT,F,100,97.17
2025-12-19,9:58:32.987862530,T,TGT,F,100,97.17
2025-12-19,9:58:32.987862530,T,TGT,F I,15,97.17
2025-12-19,9:58:32.987865478,T,TGT,F I,4,97.17
2025-12-19,9:58:32.987865478,T,TGT,F,100,97.17
2025-12-19,9:58:32.987868578,T,TGT,F I,10,97.17
2025-12-19,9:58:32.988782697,T,TGT,I,14,97.17
2025-12-19,9:58:32.988782697,T,TGT,,100,97.17
2025-12-19,9:58:36.994316297,T,TGT,,100,97.22
2025-12-19,9:58:36.994319323,T,TGT,I,43,97.22
2025-12-19,9:58:36.994319323,T,TGT,,104,97.22
2025-12-19,9:58:36.994322211,T,TGT,,200,97.22
2025-12-19,9:58:37.842922843,T,TGT,,100,97.225
2025-12-19,9:58:50.878528070,T,TGT,F I,17,97.25
2025-12-19,9:58:50.932031556,T,TGT,F I,83,97.25
2025-12-19,9:58:50.932052514,T,TGT,,2019,97.25
2025-12-19,9:58:50.932061563,T,TGT,,950,97.25
2025-12-19,9:58:50.932073596,T,TGT,I,1,97.25
2025-12-19,9:58:50.932076583,T,TGT,F,219,97.25
2025-12-19,9:58:50.932076583,T,TGT,F I,16,97.25
2025-12-19,9:58:57.931028661,T,TGT,F I,1,97.2
2025-12-19,9:58:57.931028661,T,TGT,I,80,97.2
2025-12-19,9:58:57.931822569,T,TGT,I,8,97.17
2025-12-19,9:58:57.932348724,T,TGT,I,2,97.17
2025-12-19,9:59:06.976016027,T,TGT,F I,1,97.14
2025-12-19,9:59:08.195270734,T,TGT,F I,50,97.11
2025-12-19,9:59:08.195309802,T,TGT,F I,50,97.11
2025-12-19,9:59:08.198449322,T,TGT,I,22,97.11
2025-12-19,9:59:08.198452348,T,TGT,I,28,97.11
2025-12-19,9:59:10.823087115,T,TGT,,100,97.11
2025-12-19,9:59:10.883116088,T,TGT,I,25,97.11
2025-12-19,9:59:18.094355659,T,TGT,F I,50,97.14
2025-12-19,9:59:27.836536570,T,TGT,F I,6,97.14
2025-12-19,9:59:27.836539093,T,TGT,F I,6,97.14
2025-12-19,9:59:27.836542013,T,TGT,F I,6,97.14
2025-12-19,9:59:27.836566081,T,TGT,F I,21,97.14
2025-12-19,9:59:30.424408129,T,TGT,F I,50,97.14
2025-12-19,9:59:31.170960779,T,TGT,F I,50,97.14
2025-12-19,9:59:36.007385872,T,TGT,F I,50,97.14
2025-12-19,9:59:36.007452024,T,TGT,F I,50,97.14
2025-12-19,9:59:47.900906291,T,TGT,I,50,97.135
2025-12-19,9:59:57.377325339,T,TGT,F I,2,97.1
2025-12-19,9:59:57.377331418,T,TGT,F,1714,97.1
2025-12-19,9:59:57.377331418,T,TGT,F I,60,97.1
2025-12-19,9:59:57.377583950,T,TGT,F I,5,97.08
2025-12-19,9:59:57.378128730,T,TGT,I,80,97.08
2025-12-19,9:59:57.378128730,T,TGT,I,34,97.09
2025-12-19,9:59:57.378131348,T,TGT,I,18,97.09
2025-12-19,9:59:57.378155305,T,TGT,,205,97.1
2025-12-19,9:59:57.378176373,T,TGT,F I,1,97.1
2025-12-19,9:59:57.378206465,T,TGT,I,21,97.1
2025-12-19,9:59:57.773738944,T,TGT,I,15,97.06
2025-12-19,9:59:57.773768824,T,TGT,,208,97.05
2025-12-19,9:59:57.773771875,T,TGT,I,30,97.05
2025-12-19,9:59:59.003686853,T,TGT,F I,63,97.02
2025-12-19,9:59:59.003686853,T,TGT,F I,37,97.02
2025-12-19,9:59:59.003780159,T,TGT,F,124,97.01
2025-12-19,9:59:59.003846262,T,TGT,F,176,97.01
2025-12-19,9:59:59.004192613,T,TGT,I,5,97.0
2025-12-19,9:59:59.004192613,T,TGT,I,1,97.0
2025-12-19,9:59:59.004198829,T,TGT,,100,97.0
2025-12-19,9:59:59.004198829,T,TGT,I,1,97.0
2025-12-19,9:59:59.004201989,T,TGT,I,1,97.0
2025-12-19,9:59:59.004201989,T,TGT,I,20,97.0
2025-12-19,9:59:59.004207529,T,TGT,,100,97.0
2025-12-19,9:59:59.004207529,T,TGT,I,50,97.0
2025-12-19,9:59:59.004207529,T,TGT,I,20,97.0
2025-12-19,9:59:59.004261286,T,TGT,I,22,97.01
2025-12-19,9:59:59.004586079,T,TGT,F I,94,97.02
2025-12-19,9:59:59.004607185,T,TGT,I,1,97.02
2025-12-19,9:59:59.006736478,T,TGT,F,164,97.0
2025-12-19,9:59:59.006739190,T,TGT,F I,4,97.0
2025-12-19,9:59:59.008354069,T,TGT,I,5,97.0
2025-12-19,9:59:59.008354069,T,TGT,I,95,97.0
2025-12-19,9:59:59.010741653,T,TGT,F I,5,97.0
2025-12-19,9:59:59.010741653,T,TGT,F I,80,97.0
2025-12-19,9:59:59.012682138,T,TGT,F I,30,96.98
2025-12-19,9:59:59.012682138,T,TGT,F I,95,96.97
2025-12-19,9:59:59.012684323,T,TGT,F I,81,96.97
2025-12-19,9:59:59.059993086,T,TGT,I,14,96.995
2025-12-19,9:59:59.138825869,T,TGT,I,53,96.985
2025-12-19,9:59:59.795076369,T,TGT,I,50,96.97
2025-12-19,9:59:59.795079387,T,TGT,I,12,96.95
2025-12-19,9:59:59.795304844,T,TGT,I,20,96.97
2025-12-19,9:59:59.795367973,T,TGT,F I,67,96.98
2025-12-19,9:59:59.798775181,T,TGT,I,67,96.95
2025-12-19,9:59:59.798775181,T,TGT,I,29,96.95
2025-12-19,10:00:00.030913173,T,TGT,F I,10,96.91
2025-12-19,10:00:00.185069349,T,TGT,I,21,96.945
2025-12-19,10:00:09.839149407,T,TGT,F I,70,96.98
2025-12-19,10:00:09.839151777,T,TGT,F I,41,96.98
2025-12-19,10:00:09.839157785,T,TGT,F,100,96.99
2025-12-19,10:00:09.839161604,T,TGT,F I,7,96.99
2025-12-19,10:00:09.839161604,T,TGT,F I,10,96.99
2025-12-19,10:00:09.839161604,T,TGT,F I,39,96.99
2025-12-19,10:00:09.839166913,T,TGT,F I,61,96.99
2025-12-19,10:00:09.839166913,T,TGT,F I,3,96.99
2025-12-19,10:00:09.839166913,T,TGT,F I,10,96.99
2025-12-19,10:00:09.839172838,T,TGT,F I,37,96.99
2025-12-19,10:00:09.839172838,T,TGT,F,111,96.99
2025-12-19,10:00:09.839215460,T,TGT,F I,2,97.0
2025-12-19,10:00:09.839284190,T,TGT,F I,5,97.01
2025-12-19,10:00:09.839629995,T,TGT,F,200,97.0
2025-12-19,10:00:09.839633005,T,TGT,F,200,97.02
2025-12-19,10:00:09.839741215,T,TGT,F,200,97.02
2025-12-19,10:00:09.839984804,T,TGT,F I,10,97.01
2025-12-19,10:00:09.839996863,T,TGT,F I,35,97.01
2025-12-19,10:00:09.840345625,T,TGT,I,44,97.01
2025-12-19,10:00:09.840508026,T,TGT,F I,9,97.02
2025-12-19,10:00:09.841765054,T,TGT,I,10,97.03
2025-12-19,10:00:09.845764619,T,TGT,I,10,97.03
2025-12-19,10:00:10.186819042,T,TGT,I,5,97.04
2025-12-19,10:00:10.193573324,T,TGT,I,36,97.02
2025-12-19,10:00:10.193573324,T,TGT,I,64,97.02
2025-12-19,10:00:10.193591197,T,TGT,I,1,97.02
2025-12-19,10:00:10.193657365,T,TGT,F I,5,97.02
2025-12-19,10:00:11.312039700,T,TGT,,100,97.0
2025-12-19,10:00:11.312114872,T,TGT,F,100,96.99
2025-12-19,10:00:11.312138968,T,TGT,F I,69,96.98
2025-12-19,10:00:11.312337449,T,TGT,I,10,97.0
2025-12-19,10:00:13.315283172,T,TGT,I,1,96.94
2025-12-19,10:00:30.348200503,T,TGT,F I,2,96.95
2025-12-19,10:00:30.348200503,T,TGT,F I,4,96.95
2025-12-19,10:00:31.998078090,T,TGT,F I,1,96.91
2025-12-19,10:00:31.998376281,T,TGT,F I,1,96.9
2025-12-19,10:00:31.998379443,T,TGT,F I,2,96.9
2025-12-19,10:00:31.998441893,T,TGT,F I,7,96.9
2025-12-19,10:00:31.998652766,T,TGT,I,45,96.92
2025-12-19,10:00:32.000682318,T,TGT,F I,34,96.9
2025-12-19,10:00:32.000682318,T,TGT,F I,16,96.915
2025-12-19,10:00:32.013504770,T,TGT,I,80,96.9
2025-12-19,10:00:32.014915133,T,TGT,I,42,96.915
2025-12-19,10:00:33.959158049,T,TGT,I,4,96.92
2025-12-19,10:00:44.632786351,T,TGT,F I,5,96.89
2025-12-19,10:00:44.634064398,T,TGT,I,5,96.89
2025-12-19,10:00:44.878068680,T,TGT,F I,2,96.89
2025-12-19,10:00:44.878068680,T,TGT,F I,5,96.88
2025-12-19,10:00:44.878071692,T,TGT,F I,98,96.88
2025-12-19,10:00:44.878086674,T,TGT,F I,2,96.88
2025-12-19,10:00:44.879563184,T,TGT,I,42,96.88
2025-12-19,10:00:48.933467046,T,TGT,F I,2,96.84
2025-12-19,10:00:49.812217492,T,TGT,F I,10,96.85
2025-12-19,10:00:53.727022048,T,TGT,F I,1,96.86
2025-12-19,10:00:53.727067111,T,TGT,I,20,96.89
2025-12-19,10:00:53.727070120,T,TGT,I,22,96.89
2025-12-19,10:00:53.727079097,T,TGT,,100,96.89
2025-12-19,10:00:53.727085174,T,TGT,,100,96.89
2025-12-19,10:00:53.727088731,T,TGT,,200,96.89
2025-12-19,10:00:53.727803841,T,TGT,F I,1,96.9
2025-12-19,10:00:53.728056436,T,TGT,I,3,96.89
2025-12-19,10:00:53.728059517,T,TGT,I,14,96.89
2025-12-19,10:00:53.728062699,T,TGT,I,6,96.89
2025-12-19,10:00:53.728062699,T,TGT,I,77,96.89
2025-12-19,10:00:53.728161683,T,TGT,F I,1,96.9
2025-12-19,10:00:53.728183001,T,TGT,F I,2,96.9
2025-12-19,10:00:53.728183001,T,TGT,F I,14,96.9
2025-12-19,10:00:53.728203808,T,TGT,,100,96.9
2025-12-19,10:00:53.733060372,T,TGT,I,2,96.89
2025-12-19,10:00:53.733063337,T,TGT,I,29,96.88
2025-12-19,10:01:00.148652514,T,TGT,,100,96.92
2025-12-19,10:01:00.148667538,T,TGT,I,19,96.92
2025-12-19,10:01:00.148670627,T,TGT,I,1,96.92
2025-12-19,10:01:00.148670627,T,TGT,I,50,96.92
2025-12-19,10:01:00.148709623,T,TGT,I,90,96.93
2025-12-19,10:01:00.148730936,T,TGT,F I,10,96.93
2025-12-19,10:01:00.148730936,T,TGT,F,100,96.93
2025-12-19,10:01:00.148739652,T,TGT,,100,96.93
2025-12-19,10:01:00.149040399,T,TGT,I,5,96.92
2025-12-19,10:01:02.546237340,T,TGT,I,50,96.92
2025-12-19,10:01:02.557956264,T,TGT,I,4,96.91
2025-12-19,10:01:02.557959270,T,TGT,I,8,96.91
2025-12-19,10:01:03.773969239,T,TGT,F I,7,96.9
2025-12-19,10:01:03.773972299,T,TGT,F I,4,96.9
2025-12-19,10:01:06.437703252,T,TGT,,100,96.92
2025-12-19,10:01:06.437949796,T,TGT,F,100,96.94
2025-12-19,10:01:06.437949796,T,TGT,F,100,96.94
2025-12-19,10:01:06.437961791,T,TGT,F,100,96.94
2025-12-19,10:01:06.437982883,T,TGT,F,100,96.94
2025-12-19,10:01:06.438061216,T,TGT,F,100,96.94
2025-12-19,10:01:06.438587327,T,TGT,F,100,96.95
2025-12-19,10:01:07.286586592,T,TGT,F I,22,96.98
2025-12-19,10:01:09.469468938,T,TGT,I,6,96.95
2025-12-19,10:01:09.469523020,T,TGT,F,100,96.95
2025-12-19,10:01:09.469529055,T,TGT,F,100,96.94
2025-12-19,10:01:09.469568163,T,TGT,F,100,96.93
2025-12-19,10:01:09.469595161,T,TGT,F,100,96.95
2025-12-19,10:01:11.908306081,T,TGT,,100,96.92
2025-12-19,10:01:11.918891252,T,TGT,,100,96.92
2025-12-19,10:01:11.920172376,T,TGT,F I,50,96.94
2025-12-19,10:01:11.920791833,T,TGT,F I,50,96.98
2025-12-19,10:01:11.920827866,T,TGT,F I,50,96.98
2025-12-19,10:01:11.921579687,T,TGT,F I,11,97.01
2025-12-19,10:01:11.921643040,T,TGT,F,100,97.02
2025-12-19,10:01:11.921645891,T,TGT,F I,3,97.02
2025-12-19,10:01:11.921648804,T,TGT,F I,11,97.02
2025-12-19,10:01:11.921757154,T,TGT,,100,96.99
2025-12-19,10:01:11.921760071,T,TGT,,100,96.99
2025-12-19,10:01:11.922063892,T,TGT,I,50,96.99
2025-12-19,10:01:11.922105902,T,TGT,F I,3,97.0
