DATE,TIME_M,EX,SYM_ROOT,TR_SCOND,SIZE,PRICE
2025-11-07,9:30:01.260120632,T,TGT,F I,11,89.25
2025-11-07,9:30:01.260120632,T,TGT,F I,20,89.25
2025-11-07,9:30:01.260147691,T,TGT,Q,11,89.25
2025-11-07,9:30:01.357387335,T,TGT,F I,6,89.3
2025-11-07,9:30:01.449590028,T,TGT,,100,89.31
2025-11-07,9:30:01.485026441,T,TGT,F,100,89.35
2025-11-07,9:30:01.485029785,T,TGT,F,100,89.35
2025-11-07,9:30:01.485032481,T,TGT,F,100,89.36
2025-11-07,9:30:01.485032481,T,TGT,F I,4,89.36
2025-11-07,9:30:01.485084133,T,TGT,,100,89.36
2025-11-07,9:30:02.907709891,T,TGT,I,1,89.34
2025-11-07,9:30:05.289732454,T,TGT,I,1,89.26
2025-11-07,9:30:10.087437270,T,TGT,F I,4,89.26
2025-11-07,9:30:10.087437270,T,TGT,F I,2,89.24
2025-11-07,9:30:15.502828814,T,TGT,F I,3,89.17
2025-11-07,9:30:16.981180783,T,TGT,I,2,89.24
2025-11-07,9:30:25.739468134,T,TGT,I,2,89.17
2025-11-07,9:30:30.711624911,T,TGT,,100,89.17
2025-11-07,9:30:30.711627880,T,TGT,I,1,89.16
2025-11-07,9:30:30.711630761,T,TGT,,100,89.16
2025-11-07,9:30:30.711682417,T,TGT,,100,89.16
2025-11-07,9:30:30.711922423,T,TGT,F,200,89.16
2025-11-07,9:30:30.711922423,T,TGT,F I,31,89.15
2025-11-07,9:30:30.711965047,T,TGT,F,160,89.15
2025-11-07,9:30:30.711965047,T,TGT,F I,5,89.15
2025-11-07,9:30:30.711967534,T,TGT,F I,10,89.15
2025-11-07,9:30:30.711967534,T,TGT,F I,25,89.15
2025-11-07,9:30:30.712018653,T,TGT,,100,89.16
2025-11-07,9:30:30.712049032,T,TGT,F,100,89.15
2025-11-07,9:30:30.712049032,T,TGT,F I,30,89.15
2025-11-07,9:30:30.712054739,T,TGT,F,100,89.15
2025-11-07,9:30:30.712054739,T,TGT,F I,1,89.15
2025-11-07,9:30:30.712114846,T,TGT,,100,89.17
2025-11-07,9:30:30.712130538,T,TGT,I,70,89.17
2025-11-07,9:30:30.712256332,T,TGT,F I,4,89.15
2025-11-07,9:30:30.712256332,T,TGT,F I,13,89.13
2025-11-07,9:30:30.712259169,T,TGT,F I,36,89.13
2025-11-07,9:30:30.712280205,T,TGT,F I,4,89.13
2025-11-07,9:30:30.712430663,T,TGT,I,8,89.17
2025-11-07,9:30:30.712614463,T,TGT,I,14,89.15
2025-11-07,9:30:30.712617218,T,TGT,,1000,89.15
2025-11-07,9:30:30.712617218,T,TGT,I,25,89.15
2025-11-07,9:30:30.712620115,T,TGT,,100,89.15
2025-11-07,9:30:30.934867519,T,TGT,I,50,89.24
2025-11-07,9:30:30.935126228,T,TGT,I,3,89.26
2025-11-07,9:30:31.062792212,T,TGT,I,44,89.285
2025-11-07,9:30:31.345216046,T,TGT,F,100,89.31
2025-11-07,9:30:31.345591943,T,TGT,F I,50,89.35
2025-11-07,9:30:31.345594952,T,TGT,F I,1,89.35
2025-11-07,9:30:31.345850604,T,TGT,F I,56,89.37
2025-11-07,9:30:31.345875336,T,TGT,F,500,89.38
2025-11-07,9:30:31.345877580,T,TGT,F I,50,89.38
2025-11-07,9:30:31.346154358,T,TGT,F I,6,89.38
2025-11-07,9:30:31.346166328,T,TGT,F I,49,89.38
2025-11-07,9:30:31.346169283,T,TGT,F I,76,89.38
2025-11-07,9:30:31.346385839,T,TGT,F,100,89.38
2025-11-07,9:30:31.391321921,T,TGT,I,35,89.375
2025-11-07,9:30:31.446286855,T,TGT,I,24,89.38
2025-11-07,9:30:31.446289860,T,TGT,I,11,89.38
2025-11-07,9:30:40.873713444,T,TGT,F I,22,89.39
2025-11-07,9:30:40.873752232,T,TGT,F I,1,89.4
2025-11-07,9:30:40.874155160,T,TGT,F,100,89.41
2025-11-07,9:30:40.874218306,T,TGT,I,51,89.4
2025-11-07,9:30:40.874308607,T,TGT,I,49,89.4
2025-11-07,9:30:40.874937435,T,TGT,I,25,89.4
2025-11-07,9:31:01.008882223,T,TGT,F I,22,89.43
2025-11-07,9:31:01.008887518,T,TGT,F I,9,89.44
2025-11-07,9:31:01.008893393,T,TGT,F I,5,89.44
2025-11-07,9:31:01.009260250,T,TGT,F I,23,89.47
2025-11-07,9:31:01.009440643,T,TGT,I,8,89.43
2025-11-07,9:31:01.009672982,T,TGT,F I,8,89.47
2025-11-07,9:31:01.128425187,T,TGT,I,10,89.44
2025-11-07,9:31:01.171698194,T,TGT,I,10,89.43
2025-11-07,9:31:01.171776389,T,TGT,F,164,89.43
2025-11-07,9:31:06.474405192,T,TGT,F I,70,89.4
2025-11-07,9:31:06.474405192,T,TGT,F I,30,89.39
2025-11-07,9:31:06.474453402,T,TGT,I,70,89.39
2025-11-07,9:31:07.944926366,T,TGT,,100,89.34
2025-11-07,9:31:08.349624589,T,TGT,F I,10,89.335
2025-11-07,9:31:11.820180587,T,TGT,F I,2,89.32
2025-11-07,9:31:11.820508403,T,TGT,I,2,89.3
2025-11-07,9:31:19.374736236,T,TGT,I,50,89.3
2025-11-07,9:31:26.432186570,T,TGT,F,100,89.22
2025-11-07,9:31:26.432234708,T,TGT,F,100,89.21
2025-11-07,9:31:57.136634697,T,TGT,I,50,89.29
2025-11-07,9:32:04.051641725,T,TGT,I,80,89.38
2025-11-07,9:32:04.051663432,T,TGT,F,220,89.38
2025-11-07,9:32:04.051665739,T,TGT,F,100,89.38
2025-11-07,9:32:04.052432598,T,TGT,I,25,89.4
2025-11-07,9:32:04.052480629,T,TGT,F I,25,89.385
2025-11-07,9:32:04.052495663,T,TGT,I,50,89.37
2025-11-07,9:32:04.053301664,T,TGT,F I,27,89.44
2025-11-07,9:32:04.229816263,T,TGT,F I,25,89.45
2025-11-07,9:32:06.695690711,T,TGT,F I,1,89.47
2025-11-07,9:32:11.452185428,T,TGT,I,50,89.49
2025-11-07,9:32:11.452212423,T,TGT,F,100,89.5
2025-11-07,9:32:11.452215504,T,TGT,F I,4,89.5
2025-11-07,9:32:11.452233516,T,TGT,I,1,89.5
2025-11-07,9:32:11.452266587,T,TGT,I,2,89.5
2025-11-07,9:32:11.452272578,T,TGT,,100,89.5
2025-11-07,9:32:11.452645454,T,TGT,I,7,89.5
2025-11-07,9:32:11.474612855,T,TGT,I,99,89.51
2025-11-07,9:32:11.602312400,T,TGT,I,1,89.51
2025-11-07,9:32:11.602312400,T,TGT,I,99,89.51
2025-11-07,9:32:11.602315025,T,TGT,I,40,89.51
2025-11-07,9:32:14.116686169,T,TGT,F I,70,89.52
2025-11-07,9:32:16.983827794,T,TGT,I,1,89.58
2025-11-07,9:32:16.983872819,T,TGT,F I,19,89.58
2025-11-07,9:32:16.984026921,T,TGT,F I,21,89.56
2025-11-07,9:32:16.984041243,T,TGT,F I,40,89.56
2025-11-07,9:32:20.601283889,T,TGT,F I,19,89.55
2025-11-07,9:32:23.043609314,T,TGT,I,27,89.52
2025-11-07,9:32:23.043609314,T,TGT,I,50,89.51
2025-11-07,9:32:23.043630343,T,TGT,F I,27,89.51
2025-11-07,9:32:23.043633321,T,TGT,F I,2,89.51
2025-11-07,9:32:23.044325013,T,TGT,I,76,89.53
2025-11-07,9:32:23.119904125,T,TGT,F I,22,89.52
2025-11-07,9:32:24.072155618,T,TGT,I,70,89.54
2025-11-07,9:32:24.072161631,T,TGT,,127,89.55
2025-11-07,9:32:24.072161631,T,TGT,I,53,89.55
2025-11-07,9:32:27.091787456,T,TGT,F I,50,89.5
2025-11-07,9:32:27.091790460,T,TGT,F I,25,89.5
2025-11-07,9:32:39.447713702,T,TGT,F I,75,89.51
2025-11-07,9:32:39.447761853,T,TGT,F I,25,89.51
2025-11-07,9:32:44.453634604,T,TGT,I,7,89.56
2025-11-07,9:32:45.656608486,T,TGT,F I,5,89.59
2025-11-07,9:32:45.656614591,T,TGT,F I,24,89.6
2025-11-07,9:32:45.656617529,T,TGT,F I,10,89.6
2025-11-07,9:32:45.656620724,T,TGT,F I,1,89.6
2025-11-07,9:32:45.656620724,T,TGT,F I,2,89.6
2025-11-07,9:32:45.656626543,T,TGT,F,100,89.6
2025-11-07,9:32:45.656942315,T,TGT,F I,3,89.62
2025-11-07,9:32:52.580775219,T,TGT,I,1,89.63
2025-11-07,9:32:56.489291680,T,TGT,F I,75,89.64
2025-11-07,9:32:56.489339733,T,TGT,F I,75,89.64
2025-11-07,9:32:56.489375884,T,TGT,F I,75,89.64
2025-11-07,9:32:56.489408869,T,TGT,F I,25,89.64
2025-11-07,9:33:02.995859628,T,TGT,F I,32,89.7
2025-11-07,9:33:02.995859628,T,TGT,F I,1,89.7
2025-11-07,9:33:02.995964755,T,TGT,F I,4,89.71
2025-11-07,9:33:02.995964755,T,TGT,F I,4,89.71
2025-11-07,9:33:02.995967782,T,TGT,F I,3,89.71
2025-11-07,9:33:02.996082007,T,TGT,F I,6,89.72
2025-11-07,9:33:03.454368020,T,TGT,I,1,89.79
2025-11-07,9:33:03.454368020,T,TGT,I,99,89.79
2025-11-07,9:33:03.454385835,T,TGT,I,1,89.79
2025-11-07,9:33:03.996349027,T,TGT,F I,75,89.74
2025-11-07,9:33:03.996370050,T,TGT,F I,25,89.74
2025-11-07,9:33:03.996370050,T,TGT,F I,25,89.74
2025-11-07,9:33:03.996382034,T,TGT,F I,50,89.73
2025-11-07,9:33:03.996466261,T,TGT,,100,89.73
2025-11-07,9:33:03.997572941,T,TGT,I,15,89.73
2025-11-07,9:33:04.454240986,T,TGT,I,20,89.77
2025-11-07,9:33:05.361360938,T,TGT,F I,75,89.72
2025-11-07,9:33:05.361412096,T,TGT,F I,25,89.72
2025-11-07,9:33:06.678444703,T,TGT,I,38,89.7
2025-11-07,9:33:06.678462711,T,TGT,F I,12,89.7
2025-11-07,9:33:06.678486777,T,TGT,F,100,89.7
2025-11-07,9:33:07.454516306,T,TGT,I,37,89.75
2025-11-07,9:33:07.454594407,T,TGT,I,63,89.75
2025-11-07,9:33:07.454596811,T,TGT,I,16,89.76
2025-11-07,9:33:07.454599675,T,TGT,I,8,89.79
2025-11-07,9:33:09.713286794,T,TGT,I,1,89.74
2025-11-07,9:33:09.713286794,T,TGT,,100,89.74
2025-11-07,9:33:09.713289956,T,TGT,I,87,89.74
2025-11-07,9:33:09.713289956,T,TGT,I,1,89.74
2025-11-07,9:33:09.713412888,T,TGT,I,60,89.74
2025-11-07,9:33:10.455734296,T,TGT,I,24,89.77
2025-11-07,9:33:13.205839988,T,TGT,I,87,89.735
2025-11-07,9:33:15.456443917,T,TGT,I,10,89.8
2025-11-07,9:33:15.458257207,T,TGT,I,37,89.8
2025-11-07,9:33:16.660262836,T,TGT,F I,25,89.74
2025-11-07,9:33:19.521600616,T,TGT,I,4,89.71
2025-11-07,9:33:21.438168696,T,TGT,F I,75,89.705
2025-11-07,9:33:23.457091708,T,TGT,I,25,89.74
2025-11-07,9:33:23.457091708,T,TGT,I,75,89.75
2025-11-07,9:33:23.457109710,T,TGT,I,1,89.75
2025-11-07,9:33:24.320667879,T,TGT,F I,25,89.705
2025-11-07,9:33:24.320679918,T,TGT,F I,44,89.71
2025-11-07,9:33:24.320713065,T,TGT,I,56,89.71
2025-11-07,9:33:24.323215040,T,TGT,F I,50,89.64
2025-11-07,9:33:24.323236646,T,TGT,,100,89.66
2025-11-07,9:33:24.624935802,T,TGT,F I,7,89.57
2025-11-07,9:33:24.624935802,T,TGT,F I,2,89.57
2025-11-07,9:33:24.624947882,T,TGT,F I,4,89.57
2025-11-07,9:33:24.625380830,T,TGT,,187,89.57
2025-11-07,9:33:28.780066893,T,TGT,F I,25,89.58
2025-11-07,9:33:42.097236312,T,TGT,F I,2,89.53
2025-11-07,9:33:42.097239244,T,TGT,F I,1,89.53
2025-11-07,9:33:42.097254339,T,TGT,F I,47,89.53
2025-11-07,9:33:42.104802318,T,TGT,F I,12,89.5
2025-11-07,9:33:42.104802318,T,TGT,F I,10,89.5
2025-11-07,9:33:44.876974606,T,TGT,F I,21,89.46
2025-11-07,9:34:00.180820954,T,TGT,F I,2,89.4
2025-11-07,9:34:14.467729524,T,TGT,F,100,89.5
2025-11-07,9:34:14.467734155,T,TGT,F I,1,89.51
2025-11-07,9:34:14.468092627,T,TGT,I,26,89.51
2025-11-07,9:34:15.748849211,T,TGT,F,174,89.51
2025-11-07,9:34:15.749261253,T,TGT,F I,74,89.47
2025-11-07,9:34:18.793533628,T,TGT,I,2,89.51
2025-11-07,9:34:41.162612576,T,TGT,F,100,89.56
2025-11-07,9:34:41.162612576,T,TGT,F,300,89.56
2025-11-07,9:34:41.162660623,T,TGT,,100,89.55
2025-11-07,9:34:41.162874189,T,TGT,I,5,89.57
2025-11-07,9:34:45.786169490,T,TGT,I,61,89.6
2025-11-07,9:34:45.913110933,T,TGT,I,33,89.6
2025-11-07,9:34:46.502927032,T,TGT,F I,3,89.65
2025-11-07,9:34:46.506821352,T,TGT,F I,18,89.66
2025-11-07,9:34:48.845815083,T,TGT,F I,11,89.65
2025-11-07,9:34:48.845815083,T,TGT,F I,50,89.65
2025-11-07,9:34:48.845832715,T,TGT,F,100,89.65
2025-11-07,9:34:49.928937962,T,TGT,F I,7,89.63
2025-11-07,9:34:49.928977085,T,TGT,,100,89.62
2025-11-07,9:34:54.825530407,T,TGT,I,2,89.58
2025-11-07,9:35:11.224522671,T,TGT,I,1,89.615
2025-11-07,9:35:17.053832068,T,TGT,I,1,89.625
2025-11-07,9:35:17.053856091,T,TGT,F I,9,89.625
2025-11-07,9:35:20.552027331,T,TGT,I,5,89.6
2025-11-07,9:35:20.552030031,T,TGT,I,8,89.6
2025-11-07,9:35:39.135411754,T,TGT,F I,2,89.69
2025-11-07,9:35:39.135420993,T,TGT,F I,1,89.69
2025-11-07,9:35:39.135423967,T,TGT,F,112,89.69
2025-11-07,9:35:39.135423967,T,TGT,F I,85,89.69
2025-11-07,9:35:39.135532047,T,TGT,F I,10,89.7
2025-11-07,9:35:39.136127452,T,TGT,I,4,89.72
2025-11-07,9:35:41.022488437,T,TGT,I,70,89.74
2025-11-07,9:35:44.210199617,T,TGT,F I,50,89.74
2025-11-07,9:35:45.953359471,T,TGT,F,100,89.75
2025-11-07,9:35:45.953362737,T,TGT,F I,25,89.77
2025-11-07,9:35:45.953386866,T,TGT,F I,45,89.77
2025-11-07,9:35:45.953386866,T,TGT,F I,44,89.78
2025-11-07,9:35:45.953389514,T,TGT,F I,3,89.78
2025-11-07,9:35:45.953389514,T,TGT,F I,5,89.78
2025-11-07,9:35:45.953396176,T,TGT,F I,48,89.78
2025-11-07,9:35:45.953396176,T,TGT,F I,52,89.79
2025-11-07,9:35:45.953398548,T,TGT,F I,1,89.79
2025-11-07,9:35:45.953413572,T,TGT,I,17,89.79
2025-11-07,9:35:45.953416551,T,TGT,I,30,89.79
2025-11-07,9:35:45.953960868,T,TGT,I,17,89.79
2025-11-07,9:35:45.953960868,T,TGT,I,83,89.79
2025-11-07,9:35:45.953978979,T,TGT,I,1,89.79
2025-11-07,9:35:45.955216071,T,TGT,F I,16,89.79
2025-11-07,9:35:45.955220906,T,TGT,F,250,89.79
2025-11-07,9:35:45.955220906,T,TGT,F I,7,89.79
2025-11-07,9:35:47.792821024,T,TGT,F,150,89.8
2025-11-07,9:35:49.809235530,T,TGT,F I,5,89.85
2025-11-07,9:35:50.431841721,T,TGT,,500,89.84
2025-11-07,9:35:50.431844704,T,TGT,I,70,89.84
2025-11-07,9:35:54.511983052,T,TGT,F I,19,89.77
2025-11-07,9:35:54.512001407,T,TGT,F I,81,89.77
2025-11-07,9:35:54.512004123,T,TGT,F,100,89.77
2025-11-07,9:35:58.034352560,T,TGT,F,250,89.785
2025-11-07,9:35:58.034355546,T,TGT,F I,37,89.76
2025-11-07,9:35:58.953071292,T,TGT,I,2,89.82
2025-11-07,9:35:58.953116414,T,TGT,,100,89.83
2025-11-07,9:36:03.688533880,T,TGT,I,1,89.83
2025-11-07,9:36:07.519285063,T,TGT,I,2,89.72
2025-11-07,9:36:07.519336252,T,TGT,F I,2,89.71
2025-11-07,9:36:07.519336252,T,TGT,F,100,89.71
2025-11-07,9:36:07.519381194,T,TGT,I,9,89.74
2025-11-07,9:36:07.520535995,T,TGT,F I,2,89.69
2025-11-07,9:36:07.520560091,T,TGT,F I,17,89.69
2025-11-07,9:36:07.520563750,T,TGT,F I,9,89.68
2025-11-07,9:36:07.520848773,T,TGT,I,21,89.7
2025-11-07,9:36:07.520914952,T,TGT,F,100,89.7
2025-11-07,9:36:07.520987019,T,TGT,,100,89.71
2025-11-07,9:36:20.419586252,T,TGT,I,5,89.65
2025-11-07,9:36:20.470491080,T,TGT,I,23,89.64
2025-11-07,9:36:20.470494034,T,TGT,I,2,89.64
2025-11-07,9:36:23.659357002,T,TGT,F I,9,89.76
2025-11-07,9:36:24.255855063,T,TGT,F I,1,89.79
2025-11-07,9:36:24.258979858,T,TGT,I,21,89.87
2025-11-07,9:36:24.258979858,T,TGT,F I,29,89.87
2025-11-07,9:36:24.277118680,T,TGT,F I,70,89.87
2025-11-07,9:36:24.277136717,T,TGT,I,22,89.87
2025-11-07,9:36:24.277187850,T,TGT,F I,14,89.87
2025-11-07,9:36:24.277353249,T,TGT,I,6,89.86
2025-11-07,9:36:24.277479644,T,TGT,I,94,89.86
2025-11-07,9:36:24.278029887,T,TGT,F I,76,89.85
2025-11-07,9:36:24.278090099,T,TGT,F I,24,89.85
2025-11-07,9:36:24.278090099,T,TGT,F I,5,89.84
2025-11-07,9:36:24.660463142,T,TGT,F I,5,89.86
2025-11-07,9:36:24.660463142,T,TGT,F I,22,89.86
2025-11-07,9:36:24.660465954,T,TGT,F I,25,89.86
2025-11-07,9:36:24.660541260,T,TGT,,100,89.87
2025-11-07,9:36:24.955832667,T,TGT,,100,89.87
2025-11-07,9:36:24.955832667,T,TGT,I,45,89.88
2025-11-07,9:36:24.955934954,T,TGT,,100,89.88
2025-11-07,9:36:24.955952901,T,TGT,I,1,89.88
2025-11-07,9:36:24.955958980,T,TGT,I,1,89.88
2025-11-07,9:36:33.137833092,T,TGT,I,10,89.785
2025-11-07,9:36:43.559301737,T,TGT,I,75,89.775
2025-11-07,9:36:44.704228368,T,TGT,I,70,89.84
2025-11-07,9:36:45.476618565,T,TGT,F,146,89.85
2025-11-07,9:36:45.476621827,T,TGT,F I,2,89.85
2025-11-07,9:36:45.476621827,T,TGT,F I,52,89.85
2025-11-07,9:36:45.476627637,T,TGT,F I,1,89.85
2025-11-07,9:36:45.476627637,T,TGT,F I,10,89.85
2025-11-07,9:36:45.478341687,T,TGT,F I,1,89.88
2025-11-07,9:36:45.478365770,T,TGT,F,760,89.88
2025-11-07,9:36:45.478386740,T,TGT,F I,92,89.88
2025-11-07,9:36:45.539615587,T,TGT,F I,9,89.9
2025-11-07,9:36:45.547407195,T,TGT,F I,50,89.9
2025-11-07,9:36:45.567573214,T,TGT,I,70,89.91
2025-11-07,9:36:45.567573214,T,TGT,I,30,89.93
2025-11-07,9:36:50.173553232,T,TGT,F I,75,89.8
2025-11-07,9:36:52.075963448,T,TGT,I,2,89.85
2025-11-07,9:36:59.910537269,T,TGT,F I,20,89.83
2025-11-07,9:37:01.263719042,T,TGT,F I,20,89.83
2025-11-07,9:37:04.298086004,T,TGT,F I,60,89.85
2025-11-07,9:37:04.298167859,T,TGT,F I,20,89.85
2025-11-07,9:37:04.298170253,T,TGT,F I,20,89.85
2025-11-07,9:37:04.298188235,T,TGT,F I,22,89.82
2025-11-07,9:37:04.298224399,T,TGT,I,78,89.82
2025-11-07,9:37:04.298224399,T,TGT,I,20,89.81
2025-11-07,9:37:04.298230326,T,TGT,F I,22,89.81
2025-11-07,9:37:04.298251407,T,TGT,F I,22,89.81
2025-11-07,9:37:04.298332668,T,TGT,I,16,89.81
2025-11-07,9:37:04.298347566,T,TGT,F I,1,89.81
2025-11-07,9:37:04.298362689,T,TGT,I,1,89.81
2025-11-07,9:37:04.298377656,T,TGT,I,15,89.83
2025-11-07,9:37:04.298389754,T,TGT,I,10,89.83
2025-11-07,9:37:04.298389754,T,TGT,I,4,89.81
2025-11-07,9:37:04.298402176,T,TGT,I,9,89.81
2025-11-07,9:37:04.309296734,T,TGT,I,40,89.84
2025-11-07,9:37:04.309296734,T,TGT,I,17,89.86
2025-11-07,9:37:04.309299675,T,TGT,I,50,89.86
2025-11-07,9:37:04.317013191,T,TGT,,100,89.87
2025-11-07,9:37:04.317016126,T,TGT,I,20,89.88
2025-11-07,9:37:04.317016126,T,TGT,I,36,89.88
2025-11-07,9:37:04.317019065,T,TGT,I,50,89.88
2025-11-07,9:37:04.325309959,T,TGT,I,1,89.89
2025-11-07,9:37:04.325309959,T,TGT,I,6,89.89
2025-11-07,9:37:04.325313018,T,TGT,,100,89.89
2025-11-07,9:37:04.325313018,T,TGT,I,25,89.89
2025-11-07,9:37:04.325342947,T,TGT,,100,89.89
2025-11-07,9:37:04.325397005,T,TGT,I,5,89.89
2025-11-07,9:37:04.851166603,T,TGT,,100,89.835
2025-11-07,9:37:05.416471390,T,TGT,I,75,89.835
2025-11-07,9:37:05.797473025,T,TGT,F I,75,89.835
2025-11-07,9:37:05.797509092,T,TGT,I,75,89.835
2025-11-07,9:37:06.614143713,T,TGT,I,75,89.835
2025-11-07,9:37:23.014540165,T,TGT,I,48,89.845
2025-11-07,9:37:23.300608753,T,TGT,F,100,89.89
2025-11-07,9:37:23.300810254,T,TGT,F,100,89.89
2025-11-07,9:37:23.300858350,T,TGT,I,1,89.89
2025-11-07,9:37:23.301468740,T,TGT,I,9,89.89
2025-11-07,9:37:23.301730363,T,TGT,F,100,89.89
2025-11-07,9:37:23.303077633,T,TGT,F I,19,89.88
2025-11-07,9:37:23.303110742,T,TGT,F,100,89.9
2025-11-07,9:37:23.304629376,T,TGT,I,2,89.88
2025-11-07,9:37:23.304725578,T,TGT,I,73,89.88
2025-11-07,9:37:23.346426455,T,TGT,,100,89.86
2025-11-07,9:37:23.346426455,T,TGT,I,27,89.86
2025-11-07,9:37:23.346428850,T,TGT,I,27,89.86
2025-11-07,9:37:23.346492052,T,TGT,I,30,89.87
2025-11-07,9:37:23.346495069,T,TGT,I,70,89.88
2025-11-07,9:37:23.346522118,T,TGT,I,1,89.86
2025-11-07,9:37:23.501496272,T,TGT,I,2,89.865
2025-11-07,9:37:23.960726504,T,TGT,I,97,89.9
2025-11-07,9:37:25.136623825,T,TGT,,500,89.91
2025-11-07,9:37:25.136792185,T,TGT,,100,89.89
2025-11-07,9:37:25.136792185,T,TGT,I,29,89.89
2025-11-07,9:37:25.136795266,T,TGT,I,9,89.89
2025-11-07,9:37:25.957122488,T,TGT,,100,89.93
2025-11-07,9:37:25.957381327,T,TGT,I,1,89.91
2025-11-07,9:37:25.957381327,T,TGT,I,29,89.91
2025-11-07,9:37:25.957384079,T,TGT,I,9,89.91
2025-11-07,9:37:25.957429208,T,TGT,I,22,89.91
2025-11-07,9:37:25.957501366,T,TGT,,100,89.9
2025-11-07,9:37:25.957705829,T,TGT,I,78,89.9
2025-11-07,9:37:25.957747986,T,TGT,F I,1,89.92
2025-11-07,9:37:25.963675142,T,TGT,I,1,89.93
2025-11-07,9:37:25.963675142,T,TGT,I,1,89.96
2025-11-07,9:37:25.963678158,T,TGT,I,25,89.96
2025-11-07,9:37:26.330964313,T,TGT,I,25,89.94
2025-11-07,9:37:26.330964313,T,TGT,I,57,89.95
2025-11-07,9:37:27.433318340,T,TGT,F I,12,89.89
2025-11-07,9:37:27.433318340,T,TGT,F I,50,89.89
2025-11-07,9:37:27.433396466,T,TGT,,100,89.89
2025-11-07,9:37:27.433402547,T,TGT,F I,6,89.88
2025-11-07,9:37:29.472837135,T,TGT,I,12,89.84
2025-11-07,9:37:29.472837135,T,TGT,I,1,89.84
2025-11-07,9:37:29.956840183,T,TGT,I,2,89.86
2025-11-07,9:37:37.570240170,T,TGT,F I,25,89.84
2025-11-07,9:37:40.279788252,T,TGT,F I,1,89.81
2025-11-07,9:37:40.279788252,T,TGT,F I,1,89.81
2025-11-07,9:37:40.279791302,T,TGT,F I,50,89.81
2025-11-07,9:37:40.279857477,T,TGT,I,2,89.81
2025-11-07,9:37:40.280482922,T,TGT,F I,1,89.81
2025-11-07,9:37:40.280898341,T,TGT,I,5,89.8
2025-11-07,9:37:40.280900992,T,TGT,I,50,89.8
2025-11-07,9:37:40.281132545,T,TGT,,100,89.79
2025-11-07,9:37:40.281135443,T,TGT,I,50,89.79
2025-11-07,9:37:43.574780124,T,TGT,F I,75,89.75
2025-11-07,9:37:46.134330908,T,TGT,F I,2,89.72
2025-11-07,9:37:46.134336921,T,TGT,F I,25,89.74
2025-11-07,9:37:46.134340360,T,TGT,F I,25,89.72
2025-11-07,9:37:46.134344239,T,TGT,F I,25,89.72
2025-11-07,9:37:46.134344239,T,TGT,F I,25,89.72
2025-11-07,9:37:46.134346661,T,TGT,F I,2,89.72
2025-11-07,9:37:46.134352187,T,TGT,F I,2,89.72
2025-11-07,9:37:46.134369995,T,TGT,F I,71,89.72
2025-11-07,9:37:46.134369995,T,TGT,F I,29,89.72
2025-11-07,9:37:46.134385271,T,TGT,I,41,89.72
2025-11-07,9:37:46.134388333,T,TGT,F I,3,89.7
2025-11-07,9:37:46.134391820,T,TGT,F I,1,89.7
2025-11-07,9:37:51.827860937,T,TGT,I,70,89.78
2025-11-07,9:37:54.110722507,T,TGT,F I,96,89.7
2025-11-07,9:37:55.919219031,T,TGT,I,1,89.69
2025-11-07,9:37:55.959921039,T,TGT,I,23,89.67
2025-11-07,9:37:55.997504509,T,TGT,I,1,89.65
2025-11-07,9:37:55.997937591,T,TGT,F I,24,89.69
2025-11-07,9:37:56.138375172,T,TGT,F I,42,89.73
2025-11-07,9:37:56.138375172,T,TGT,F I,50,89.73
2025-11-07,9:37:58.398310046,T,TGT,F I,37,89.73
2025-11-07,9:38:03.912357466,T,TGT,,100,89.7
2025-11-07,9:38:03.912360425,T,TGT,I,42,89.7
2025-11-07,9:38:03.912441630,T,TGT,F,100,89.7
2025-11-07,9:38:03.912484070,T,TGT,F,100,89.73
2025-11-07,9:38:03.912486695,T,TGT,F I,9,89.73
2025-11-07,9:38:03.912504832,T,TGT,I,1,89.73
2025-11-07,9:38:03.912973937,T,TGT,,100,89.71
2025-11-07,9:38:06.259746767,T,TGT,F I,25,89.72
2025-11-07,9:38:06.315123752,T,TGT,I,51,89.71
2025-11-07,9:38:06.478629242,T,TGT,F I,1,89.71
2025-11-07,9:38:06.478629242,T,TGT,F I,50,89.71
2025-11-07,9:38:08.745733245,T,TGT,I,4,89.68
2025-11-07,9:38:10.496633339,T,TGT,F I,1,89.69
2025-11-07,9:38:12.931606332,T,TGT,F I,10,89.73
2025-11-07,9:38:14.435455971,T,TGT,F I,21,89.72
2025-11-07,9:38:14.664523705,T,TGT,F I,4,89.75
2025-11-07,9:38:14.739820195,T,TGT,F I,96,89.75
2025-11-07,9:38:14.739820195,T,TGT,F I,4,89.75
2025-11-07,9:38:15.418104116,T,TGT,,100,89.76
2025-11-07,9:38:15.418161520,T,TGT,,100,89.76
2025-11-07,9:38:15.418194192,T,TGT,F I,45,89.76
2025-11-07,9:38:15.418582117,T,TGT,F I,62,89.76
2025-11-07,9:38:15.418582117,T,TGT,F I,5,89.76
2025-11-07,9:38:15.426897006,T,TGT,I,50,89.77
2025-11-07,9:38:15.426981272,T,TGT,I,50,89.77
2025-11-07,9:38:15.427054118,T,TGT,,100,89.76
2025-11-07,9:38:15.427056286,T,TGT,I,50,89.76
2025-11-07,9:38:15.427110770,T,TGT,F I,3,89.78
2025-11-07,9:38:15.427296966,T,TGT,F I,6,89.77
2025-11-07,9:38:15.427299958,T,TGT,F I,50,89.76
2025-11-07,9:38:15.427336041,T,TGT,I,50,89.76
2025-11-07,9:38:15.427336041,T,TGT,,100,89.76
2025-11-07,9:38:15.427348033,T,TGT,I,44,89.76
2025-11-07,9:38:15.427444310,T,TGT,F I,7,89.78
2025-11-07,9:38:15.427459255,T,TGT,F I,93,89.78
2025-11-07,9:38:15.427526127,T,TGT,I,50,89.76
2025-11-07,9:38:15.427573569,T,TGT,I,1,89.77
2025-11-07,9:38:15.427591593,T,TGT,I,1,89.77
2025-11-07,9:38:15.427757067,T,TGT,F I,10,89.77
2025-11-07,9:38:15.427759986,T,TGT,F I,5,89.77
2025-11-07,9:38:15.427841211,T,TGT,F I,23,89.77
2025-11-07,9:38:15.427841211,T,TGT,F I,2,89.77
2025-11-07,9:38:15.427844246,T,TGT,F I,15,89.77
2025-11-07,9:38:15.427934433,T,TGT,F I,35,89.77
2025-11-07,9:38:15.427979732,T,TGT,I,50,89.76
2025-11-07,9:38:15.427982495,T,TGT,,100,89.76
2025-11-07,9:38:15.428027665,T,TGT,,100,89.77
2025-11-07,9:38:15.428445633,T,TGT,,100,89.77
2025-11-07,9:38:15.432911281,T,TGT,I,3,89.78
2025-11-07,9:38:15.432935311,T,TGT,I,26,89.78
2025-11-07,9:38:15.437316886,T,TGT,I,1,89.78
2025-11-07,9:38:15.443361154,T,TGT,I,1,89.78
2025-11-07,9:38:16.252724430,T,TGT,F I,1,89.75
2025-11-07,9:38:16.252724430,T,TGT,F I,50,89.75
2025-11-07,9:38:16.403152022,T,TGT,I,25,89.74
2025-11-07,9:38:16.403152022,T,TGT,I,25,89.76
2025-11-07,9:38:16.403154964,T,TGT,I,50,89.77
2025-11-07,9:38:16.404282492,T,TGT,I,3,89.77
2025-11-07,9:38:16.579813615,T,TGT,F I,19,89.72
2025-11-07,9:38:17.066718994,T,TGT,I,1,89.72
2025-11-07,9:38:17.269945746,T,TGT,F I,8,89.72
2025-11-07,9:38:26.156530708,T,TGT,I,58,89.74
2025-11-07,9:38:26.838744927,T,TGT,F I,30,89.74
2025-11-07,9:38:26.838747956,T,TGT,F I,70,89.75
2025-11-07,9:38:26.838768991,T,TGT,I,1,89.75
2025-11-07,9:38:26.838772066,T,TGT,F,129,89.75
2025-11-07,9:38:27.218835546,T,TGT,I,1,89.74
2025-11-07,9:38:28.031193874,T,TGT,I,1,89.735
2025-11-07,9:38:28.344756811,T,TGT,I,18,89.72
2025-11-07,9:38:37.071276646,T,TGT,I,1,89.74
2025-11-07,9:38:37.072578697,T,TGT,I,2,89.74
2025-11-07,9:38:39.465818307,T,TGT,F I,1,89.69
2025-11-07,9:38:39.465932549,T,TGT,I,4,89.68
2025-11-07,9:38:39.472325738,T,TGT,I,25,89.68
2025-11-07,9:38:40.916224757,T,TGT,I,10,89.655
2025-11-07,9:38:44.957080409,T,TGT,F I,49,89.64
2025-11-07,9:38:45.101652890,T,TGT,,100,89.615
2025-11-07,9:38:45.543642850,T,TGT,I,28,89.6
2025-11-07,9:38:45.772936092,T,TGT,,100,89.57
2025-11-07,9:38:47.484779391,T,TGT,F I,1,89.56
2025-11-07,9:38:47.484782262,T,TGT,F I,9,89.56
2025-11-07,9:38:52.157368035,T,TGT,I,1,89.57
2025-11-07,9:38:52.322160593,T,TGT,I,1,89.57
2025-11-07,9:38:59.309045025,T,TGT,F I,7,89.57
2025-11-07,9:38:59.309045025,T,TGT,F,100,89.61
2025-11-07,9:38:59.309047966,T,TGT,F I,93,89.61
2025-11-07,9:38:59.309060024,T,TGT,I,1,89.61
2025-11-07,9:38:59.309072622,T,TGT,I,1,89.61
2025-11-07,9:38:59.309078030,T,TGT,I,2,89.61
2025-11-07,9:38:59.309081010,T,TGT,I,2,89.61
2025-11-07,9:38:59.309084083,T,TGT,I,1,89.61
2025-11-07,9:38:59.331003288,T,TGT,F I,1,89.61
2025-11-07,9:38:59.331006285,T,TGT,F I,2,89.59
2025-11-07,9:38:59.331021275,T,TGT,F I,1,89.59
2025-11-07,9:38:59.331024371,T,TGT,F I,1,89.58
2025-11-07,9:38:59.343588288,T,TGT,F I,97,89.59
2025-11-07,9:39:02.875929554,T,TGT,F I,75,89.65
2025-11-07,9:39:03.682977269,T,TGT,F I,10,89.65
2025-11-07,9:39:03.683295994,T,TGT,F I,5,89.67
2025-11-07,9:39:04.003276223,T,TGT,I,63,89.7
2025-11-07,9:39:04.003306396,T,TGT,I,1,89.7
2025-11-07,9:39:04.003375510,T,TGT,I,36,89.7
2025-11-07,9:39:04.003375510,T,TGT,I,10,89.7
2025-11-07,9:39:05.806344732,T,TGT,I,7,89.68
2025-11-07,9:39:05.806375965,T,TGT,I,4,89.68
2025-11-07,9:39:06.043297236,T,TGT,I,3,89.61
2025-11-07,9:39:06.086720707,T,TGT,I,5,89.61
2025-11-07,9:39:06.087277034,T,TGT,F I,7,89.64
2025-11-07,9:39:06.963303073,T,TGT,I,25,89.71
2025-11-07,9:39:06.963303073,T,TGT,I,25,89.7
2025-11-07,9:39:06.964566129,T,TGT,I,25,89.7
2025-11-07,9:39:06.964569063,T,TGT,I,75,89.7
2025-11-07,9:39:06.964584133,T,TGT,I,1,89.7
2025-11-07,9:39:06.964593332,T,TGT,I,24,89.7
2025-11-07,9:39:06.964596184,T,TGT,I,1,89.7
2025-11-07,9:39:06.964605132,T,TGT,I,69,89.7
2025-11-07,9:39:12.515105549,T,TGT,F,100,89.68
2025-11-07,9:39:15.464721710,T,TGT,I,2,89.64
2025-11-07,9:39:15.464721710,T,TGT,I,4,89.64
2025-11-07,9:39:23.847389920,T,TGT,I,20,89.62
2025-11-07,9:39:23.847759829,T,TGT,I,20,89.61
2025-11-07,9:39:23.848255970,T,TGT,F,100,89.6
2025-11-07,9:39:23.848433434,T,TGT,F,100,89.6
2025-11-07,9:39:23.848496599,T,TGT,F,100,89.62
2025-11-07,9:39:26.572133214,T,TGT,F I,14,89.62
2025-11-07,9:39:28.920361555,T,TGT,F I,40,89.61
2025-11-07,9:39:28.920361555,T,TGT,F I,38,89.6
2025-11-07,9:39:29.965603711,T,TGT,I,2,89.59
2025-11-07,9:39:29.965609665,T,TGT,I,28,89.59
2025-11-07,9:39:35.420223547,T,TGT,I,10,89.595
2025-11-07,9:39:41.908565078,T,TGT,F I,50,89.56
2025-11-07,9:39:41.908730616,T,TGT,I,60,89.55
2025-11-07,9:39:41.908733461,T,TGT,I,3,89.55
2025-11-07,9:39:41.910423527,T,TGT,I,1,89.56
2025-11-07,9:39:43.350611554,T,TGT,I,3,89.56
2025-11-07,9:39:43.538090151,T,TGT,I,50,89.58
2025-11-07,9:39:43.538333804,T,TGT,F,100,89.59
2025-11-07,9:39:44.236618329,T,TGT,I,1,89.585
2025-11-07,9:39:45.927429511,T,TGT,F I,25,89.6
2025-11-07,9:39:45.927429511,T,TGT,F I,25,89.6
2025-11-07,9:39:47.122545664,T,TGT,I,1,89.61
2025-11-07,9:39:48.487088532,T,TGT,F I,14,89.61
2025-11-07,9:39:48.487091428,T,TGT,F I,30,89.61
2025-11-07,9:39:48.487091428,T,TGT,F I,23,89.62
2025-11-07,9:39:48.487115587,T,TGT,I,44,89.62
2025-11-07,9:39:49.463671041,T,TGT,I,1,89.59
2025-11-07,9:39:49.514323698,T,TGT,,100,89.57
2025-11-07,9:39:49.514326670,T,TGT,I,11,89.57
2025-11-07,9:39:49.514341732,T,TGT,I,1,89.57
2025-11-07,9:39:49.514344778,T,TGT,F I,1,89.57
2025-11-07,9:39:50.827681618,T,TGT,,100,89.54
2025-11-07,9:39:59.779046852,T,TGT,I,10,89.58
2025-11-07,9:39:59.779049836,T,TGT,I,25,89.6
2025-11-07,9:39:59.779049836,T,TGT,I,23,89.61
2025-11-07,9:40:01.019261527,T,TGT,F I,10,89.58
2025-11-07,9:40:05.260589766,T,TGT,I,1,89.54
2025-11-07,9:40:05.261708386,T,TGT,I,52,89.53
2025-11-07,9:40:05.261711491,T,TGT,I,48,89.53
2025-11-07,9:40:05.261714419,T,TGT,I,1,89.53
2025-11-07,9:40:05.270708826,T,TGT,I,26,89.57
2025-11-07,9:40:05.270711925,T,TGT,I,31,89.57
2025-11-07,9:40:05.270738917,T,TGT,I,1,89.57
2025-11-07,9:40:06.732834272,T,TGT,F I,4,89.55
2025-11-07,9:40:06.732838064,T,TGT,F I,32,89.55
2025-11-07,9:40:06.732838064,T,TGT,F I,26,89.55
2025-11-07,9:40:06.732840215,T,TGT,F I,1,89.55
2025-11-07,9:40:06.732903342,T,TGT,F I,1,89.55
2025-11-07,9:40:06.737910258,T,TGT,I,4,89.53
2025-11-07,9:40:06.738577837,T,TGT,I,1,89.52
2025-11-07,9:40:06.739173854,T,TGT,F I,5,89.5
2025-11-07,9:40:06.739177113,T,TGT,F I,5,89.49
2025-11-07,9:40:06.739177113,T,TGT,F I,50,89.49
2025-11-07,9:40:07.317291596,T,TGT,F I,25,89.46
2025-11-07,9:40:09.538554255,T,TGT,F I,1,89.41
2025-11-07,9:40:09.538656573,T,TGT,F I,2,89.4
2025-11-07,9:40:10.545280701,T,TGT,I,10,89.375
2025-11-07,9:40:10.555790664,T,TGT,I,1,89.375
2025-11-07,9:40:11.074643705,T,TGT,F I,12,89.38
2025-11-07,9:40:11.324367748,T,TGT,F I,25,89.4
2025-11-07,9:40:11.324367748,T,TGT,F I,25,89.4
2025-11-07,9:40:20.712607840,T,TGT,I,75,89.375
2025-11-07,9:40:23.999690836,T,TGT,F I,10,89.42
2025-11-07,9:40:23.999720942,T,TGT,F I,10,89.43
2025-11-07,9:40:23.999720942,T,TGT,F I,26,89.43
2025-11-07,9:40:23.999892706,T,TGT,I,9,89.44
2025-11-07,9:40:23.999895340,T,TGT,I,9,89.44
2025-11-07,9:40:23.999902006,T,TGT,I,10,89.44
2025-11-07,9:40:23.999902006,T,TGT,I,6,89.44
2025-11-07,9:40:23.999922434,T,TGT,F I,66,89.44
2025-11-07,9:40:23.999926164,T,TGT,F I,18,89.44
2025-11-07,9:40:23.999926164,T,TGT,F I,10,89.44
2025-11-07,9:40:23.999928429,T,TGT,F I,10,89.44
2025-11-07,9:40:24.000442691,T,TGT,I,25,89.44
2025-11-07,9:40:24.000442691,T,TGT,I,75,89.425
2025-11-07,9:40:24.000445630,T,TGT,I,10,89.42
2025-11-07,9:40:24.007181734,T,TGT,I,14,89.42
2025-11-07,9:40:28.174591656,T,TGT,I,2,89.49
2025-11-07,9:40:28.174594711,T,TGT,I,61,89.49
2025-11-07,9:40:28.174612040,T,TGT,F I,39,89.49
2025-11-07,9:40:28.174672137,T,TGT,F I,10,89.5
2025-11-07,9:40:28.174705676,T,TGT,F I,50,89.51
2025-11-07,9:40:28.174762371,T,TGT,I,21,89.48
2025-11-07,9:40:28.174846591,T,TGT,I,50,89.48
2025-11-07,9:40:28.174894654,T,TGT,F I,1,89.49
2025-11-07,9:40:28.174912797,T,TGT,I,10,89.47
2025-11-07,9:40:28.174912797,T,TGT,I,21,89.47
2025-11-07,9:40:28.174939890,T,TGT,,100,89.49
2025-11-07,9:40:28.174966876,T,TGT,I,81,89.47
2025-11-07,9:40:28.175003837,T,TGT,F I,5,89.49
2025-11-07,9:40:28.175003837,T,TGT,F I,10,89.49
2025-11-07,9:40:28.175003837,T,TGT,F I,1,89.49
2025-11-07,9:40:28.175006030,T,TGT,F I,10,89.49
2025-11-07,9:40:28.175048104,T,TGT,I,21,89.475
2025-11-07,9:40:28.179243029,T,TGT,F,100,89.49
2025-11-07,9:40:28.274359661,T,TGT,I,16,89.49
2025-11-07,9:40:28.274943039,T,TGT,I,26,89.48
2025-11-07,9:40:37.459538217,T,TGT,I,10,89.475
2025-11-07,9:40:40.255942333,T,TGT,I,75,89.52
2025-11-07,9:40:40.255942333,T,TGT,I,25,89.52
2025-11-07,9:40:40.673935134,T,TGT,F I,21,89.55
2025-11-07,9:40:40.673938179,T,TGT,F I,25,89.55
2025-11-07,9:40:40.674560681,T,TGT,I,5,89.55
2025-11-07,9:40:40.674653873,T,TGT,,100,89.56
2025-11-07,9:40:40.674674956,T,TGT,I,1,89.56
2025-11-07,9:40:40.674723074,T,TGT,I,24,89.56
2025-11-07,9:40:40.674729003,T,TGT,F I,9,89.56
2025-11-07,9:40:40.674753061,T,TGT,F I,24,89.56
2025-11-07,9:40:44.681639977,T,TGT,F I,1,89.5
2025-11-07,9:40:44.681639977,T,TGT,F I,50,89.48
2025-11-07,9:40:44.681642976,T,TGT,F I,10,89.48
2025-11-07,9:40:44.681642976,T,TGT,F I,44,89.48
2025-11-07,9:40:45.946742053,T,TGT,I,10,89.475
2025-11-07,9:40:46.950133481,T,TGT,I,5,89.48
2025-11-07,9:40:46.950133481,T,TGT,I,1,89.48
2025-11-07,9:40:46.950136442,T,TGT,I,5,89.48
2025-11-07,9:40:46.950160519,T,TGT,I,1,89.48
2025-11-07,9:40:46.950181610,T,TGT,I,44,89.48
2025-11-07,9:40:46.950392070,T,TGT,F I,1,89.5
2025-11-07,9:40:55.142947732,T,TGT,F I,75,89.43
2025-11-07,9:40:55.143588286,T,TGT,F,100,89.42
2025-11-07,9:40:55.143591302,T,TGT,F I,75,89.42
2025-11-07,9:40:55.146036332,T,TGT,I,60,89.405
2025-11-07,9:40:55.146036332,T,TGT,I,17,89.42
2025-11-07,9:40:55.146042093,T,TGT,I,15,89.42
2025-11-07,9:40:56.288833708,T,TGT,F I,50,89.47
2025-11-07,9:40:57.291837161,T,TGT,F I,10,89.5
2025-11-07,9:40:57.292011620,T,TGT,I,10,89.5
2025-11-07,9:40:57.391867476,T,TGT,I,1,89.47
2025-11-07,9:41:00.416385990,T,TGT,I,7,89.45
2025-11-07,9:41:01.326022974,T,TGT,I,7,89.42
2025-11-07,9:41:01.427220100,T,TGT,F I,12,89.4
2025-11-07,9:41:01.458458542,T,TGT,F I,50,89.44
2025-11-07,9:41:02.458470092,T,TGT,F I,4,89.45
2025-11-07,9:41:02.458470092,T,TGT,F I,28,89.45
2025-11-07,9:41:05.121545322,T,TGT,F I,10,89.42
2025-11-07,9:41:06.121556675,T,TGT,F I,20,89.43
2025-11-07,9:41:07.094434387,T,TGT,I,2,89.415
2025-11-07,9:41:08.450160971,T,TGT,F I,20,89.46
2025-11-07,9:41:08.450214290,T,TGT,I,10,89.47
2025-11-07,9:41:08.450217646,T,TGT,I,12,89.47
2025-11-07,9:41:08.450220368,T,TGT,I,14,89.47
2025-11-07,9:41:08.450223776,T,TGT,,147,89.47
2025-11-07,9:41:08.450274422,T,TGT,F I,12,89.47
2025-11-07,9:41:08.450307534,T,TGT,F I,75,89.47
2025-11-07,9:41:08.450343616,T,TGT,I,50,89.47
2025-11-07,9:41:08.450361662,T,TGT,F I,13,89.47
2025-11-07,9:41:08.450388757,T,TGT,,100,89.47
2025-11-07,9:41:08.450466878,T,TGT,F I,40,89.46
2025-11-07,9:41:08.450548055,T,TGT,I,1,89.46
2025-11-07,9:41:08.450551118,T,TGT,,100,89.46
2025-11-07,9:41:15.183631252,T,TGT,F,100,89.48
2025-11-07,9:41:15.183631252,T,TGT,F I,10,89.48
2025-11-07,9:41:15.183633725,T,TGT,F I,45,89.48
2025-11-07,9:41:15.183895267,T,TGT,,100,89.51
2025-11-07,9:41:15.183917005,T,TGT,I,1,89.51
2025-11-07,9:41:15.184394604,T,TGT,F I,2,89.52
2025-11-07,9:41:15.184394604,T,TGT,F I,8,89.52
2025-11-07,9:41:15.184394604,T,TGT,F I,32,89.52
2025-11-07,9:41:15.184418549,T,TGT,I,68,89.52
2025-11-07,9:41:15.184493707,T,TGT,F I,1,89.51
2025-11-07,9:41:15.184493707,T,TGT,F I,20,89.51
2025-11-07,9:41:15.184496918,T,TGT,F I,50,89.51
2025-11-07,9:41:15.184496918,T,TGT,F I,5,89.51
2025-11-07,9:41:15.184574975,T,TGT,F I,5,89.52
2025-11-07,9:41:15.187618242,T,TGT,F I,4,89.5
2025-11-07,9:41:15.188084335,T,TGT,F I,19,89.49
2025-11-07,9:41:15.188150404,T,TGT,I,78,89.48
2025-11-07,9:41:16.365674791,T,TGT,F,100,89.49
2025-11-07,9:41:16.365674791,T,TGT,F I,4,89.49
2025-11-07,9:41:16.365677689,T,TGT,F I,24,89.49
2025-11-07,9:41:16.365680784,T,TGT,F I,19,89.49
2025-11-07,9:41:16.365705059,T,TGT,F I,50,89.5
2025-11-07,9:41:16.365705059,T,TGT,F I,10,89.5
2025-11-07,9:41:16.365737843,T,TGT,I,6,89.5
2025-11-07,9:41:16.366092756,T,TGT,I,4,89.52
2025-11-07,9:41:16.366276155,T,TGT,F I,20,89.52
2025-11-07,9:41:20.838043335,T,TGT,F I,23,89.52
2025-11-07,9:41:20.838103692,T,TGT,F,100,89.53
2025-11-07,9:41:20.838106580,T,TGT,F I,20,89.53
2025-11-07,9:41:20.838106580,T,TGT,F I,23,89.53
2025-11-07,9:41:21.058697550,T,TGT,F I,20,89.6
2025-11-07,9:41:21.058700088,T,TGT,F I,21,89.6
2025-11-07,9:41:31.422599443,T,TGT,F I,25,89.58
2025-11-07,9:41:32.380805169,T,TGT,F,100,89.62
2025-11-07,9:41:32.380808203,T,TGT,F I,38,89.63
2025-11-07,9:41:32.380808203,T,TGT,F I,7,89.63
2025-11-07,9:41:32.380811196,T,TGT,F I,2,89.63
2025-11-07,9:41:32.380820226,T,TGT,F I,1,89.63
2025-11-07,9:41:32.380850314,T,TGT,F I,2,89.63
2025-11-07,9:41:32.380853885,T,TGT,F I,16,89.63
2025-11-07,9:41:32.380856259,T,TGT,F I,10,89.63
2025-11-07,9:41:32.380862537,T,TGT,F I,77,89.63
2025-11-07,9:41:32.380862537,T,TGT,F I,23,89.63
2025-11-07,9:41:32.380865310,T,TGT,F,100,89.63
2025-11-07,9:41:32.380892652,T,TGT,F I,10,89.64
2025-11-07,9:41:32.380892652,T,TGT,F I,50,89.64
2025-11-07,9:41:32.380895389,T,TGT,F I,4,89.64
2025-11-07,9:41:32.381346470,T,TGT,I,21,89.61
2025-11-07,9:41:32.381367531,T,TGT,F I,79,89.61
2025-11-07,9:41:32.381439718,T,TGT,I,25,89.61
2025-11-07,9:41:32.381448699,T,TGT,I,75,89.61
2025-11-07,9:41:32.381448699,T,TGT,,100,89.61
2025-11-07,9:41:32.389626146,T,TGT,F I,48,89.64
2025-11-07,9:41:32.389631381,T,TGT,F,153,89.64
2025-11-07,9:41:32.389631381,T,TGT,F I,25,89.64
2025-11-07,9:41:32.389631381,T,TGT,F I,23,89.64
2025-11-07,9:41:32.389634284,T,TGT,F I,17,89.64
2025-11-07,9:41:33.016014409,T,TGT,I,5,89.65
2025-11-07,9:41:34.067851375,T,TGT,I,75,89.65
2025-11-07,9:41:35.805017866,T,TGT,F I,25,89.66
2025-11-07,9:41:36.257123962,T,TGT,F I,8,89.67
2025-11-07,9:41:36.383190937,T,TGT,F I,26,89.68
2025-11-07,9:41:36.383190937,T,TGT,F I,40,89.68
2025-11-07,9:41:36.383193319,T,TGT,F I,25,89.68
2025-11-07,9:41:38.324384006,T,TGT,I,25,89.68
2025-11-07,9:41:38.324384006,T,TGT,I,3,89.69
2025-11-07,9:41:38.324387439,T,TGT,I,13,89.69
2025-11-07,9:41:38.324387439,T,TGT,I,26,89.69
2025-11-07,9:41:38.325310144,T,TGT,I,8,89.7
2025-11-07,9:41:38.325673971,T,TGT,I,88,89.7
2025-11-07,9:41:39.012678650,T,TGT,F I,2,89.705
2025-11-07,9:41:43.484815831,T,TGT,I,25,89.7
2025-11-07,9:41:43.484933030,T,TGT,I,50,89.705
2025-11-07,9:41:45.838036052,T,TGT,I,6,89.72
2025-11-07,9:41:47.295776853,T,TGT,F I,25,89.72
2025-11-07,9:41:47.295779813,T,TGT,F I,15,89.73
2025-11-07,9:41:47.295839991,T,TGT,I,1,89.73
2025-11-07,9:41:47.295842987,T,TGT,I,3,89.73
2025-11-07,9:41:48.235368389,T,TGT,F I,8,89.71
2025-11-07,9:41:48.235383702,T,TGT,F I,50,89.71
2025-11-07,9:41:48.235386403,T,TGT,F,100,89.71
2025-11-07,9:41:48.331847259,T,TGT,I,5,89.69
2025-11-07,9:41:48.865934766,T,TGT,F I,25,89.68
2025-11-07,9:41:48.865934766,T,TGT,F I,3,89.7
2025-11-07,9:41:52.098936681,T,TGT,F I,24,89.71
2025-11-07,9:41:52.528146168,T,TGT,I,24,89.71
2025-11-07,9:41:52.528167235,T,TGT,I,16,89.71
2025-11-07,9:41:52.729788572,T,TGT,I,22,89.7
2025-11-07,9:41:52.730435121,T,TGT,I,60,89.7
2025-11-07,9:41:52.730438114,T,TGT,I,22,89.71
2025-11-07,9:41:53.132196049,T,TGT,F I,25,89.7
2025-11-07,9:41:53.132201746,T,TGT,F,100,89.69
2025-11-07,9:41:53.132201746,T,TGT,F I,25,89.68
2025-11-07,9:41:53.132205029,T,TGT,F I,50,89.67
2025-11-07,9:41:53.132207247,T,TGT,F I,10,89.67
2025-11-07,9:41:53.132210348,T,TGT,F,125,89.67
2025-11-07,9:41:53.132210348,T,TGT,F,127,89.67
2025-11-07,9:41:53.132217161,T,TGT,F,100,89.66
2025-11-07,9:41:53.132217161,T,TGT,F I,20,89.66
2025-11-07,9:41:53.132222855,T,TGT,F I,50,89.66
2025-11-07,9:41:53.132277100,T,TGT,,100,89.66
2025-11-07,9:41:53.132456894,T,TGT,F,100,89.67
2025-11-07,9:41:53.174990173,T,TGT,F I,4,89.66
2025-11-07,9:41:53.292401841,T,TGT,F I,25,89.66
2025-11-07,9:41:53.292404852,T,TGT,F I,14,89.66
2025-11-07,9:41:53.317740260,T,TGT,,100,89.67
2025-11-07,9:41:54.184528194,T,TGT,F I,25,89.68
2025-11-07,9:41:57.065102910,T,TGT,I,1,89.65
2025-11-07,9:41:57.151796429,T,TGT,F,100,89.67
2025-11-07,9:41:57.152367748,T,TGT,F I,25,89.68
2025-11-07,9:41:57.152367748,T,TGT,F I,25,89.68
2025-11-07,9:41:57.859641486,T,TGT,I,13,89.71
2025-11-07,9:41:57.859641486,T,TGT,I,2,89.71
2025-11-07,9:41:57.859643654,T,TGT,I,40,89.71
2025-11-07,9:41:57.860374586,T,TGT,I,50,89.75
2025-11-07,9:41:57.860374586,T,TGT,I,14,89.75
2025-11-07,9:41:59.799183343,T,TGT,F I,30,89.77
2025-11-07,9:41:59.799183343,T,TGT,F I,10,89.77
2025-11-07,9:41:59.799222467,T,TGT,F I,10,89.78
2025-11-07,9:41:59.799288699,T,TGT,F I,2,89.79
2025-11-07,9:42:02.072467343,T,TGT,I,75,89.785
2025-11-07,9:42:02.927352780,T,TGT,,100,89.785
2025-11-07,9:42:05.744695758,T,TGT,,100,89.775
2025-11-07,9:42:05.747275854,T,TGT,I,75,89.775
2025-11-07,9:42:06.032733941,T,TGT,I,18,89.775
2025-11-07,9:42:11.531592158,T,TGT,I,13,89.775
2025-11-07,9:42:12.597989728,T,TGT,I,10,89.775
2025-11-07,9:42:15.227249735,T,TGT,I,16,89.75
2025-11-07,9:42:15.414950895,T,TGT,I,1,89.75
2025-11-07,9:42:15.414956907,T,TGT,I,1,89.75
2025-11-07,9:42:16.296221369,T,TGT,I,1,89.75
2025-11-07,9:42:17.335455194,T,TGT,F I,21,89.75
2025-11-07,9:42:17.335455194,T,TGT,F I,4,89.75
2025-11-07,9:42:20.117875989,T,TGT,F,100,89.7
2025-11-07,9:42:22.509702330,T,TGT,F I,12,89.7
2025-11-07,9:42:22.509705285,T,TGT,F I,16,89.7
2025-11-07,9:42:26.386658648,T,TGT,I,1,89.72
2025-11-07,9:42:26.417497155,T,TGT,I,8,89.72
2025-11-07,9:42:26.417497155,T,TGT,I,9,89.7
2025-11-07,9:42:26.448100995,T,TGT,I,16,89.7
2025-11-07,9:42:28.969391708,T,TGT,F I,1,89.735
2025-11-07,9:42:30.676450625,T,TGT,I,25,89.74
2025-11-07,9:42:32.241661501,T,TGT,F,100,89.77
2025-11-07,9:42:32.241665410,T,TGT,F I,11,89.77
2025-11-07,9:42:32.241665410,T,TGT,F I,10,89.77
2025-11-07,9:42:34.259444568,T,TGT,F I,20,89.86
2025-11-07,9:42:34.259444568,T,TGT,F I,14,89.86
2025-11-07,9:42:34.259507662,T,TGT,F I,2,89.87
2025-11-07,9:42:38.729161062,T,TGT,I,25,89.86
2025-11-07,9:42:39.402227705,T,TGT,F I,25,89.84
2025-11-07,9:42:41.359825259,T,TGT,I,5,89.86
2025-11-07,9:42:45.831021094,T,TGT,I,16,89.88
2025-11-07,9:42:45.831027228,T,TGT,F I,9,89.88
2025-11-07,9:42:45.831033387,T,TGT,F,2000,89.9
2025-11-07,9:42:45.831033387,T,TGT,F I,13,89.9
2025-11-07,9:42:45.831036233,T,TGT,F I,7,89.9
2025-11-07,9:42:45.831036233,T,TGT,F I,1,89.9
2025-11-07,9:42:45.831360929,T,TGT,I,8,89.9
2025-11-07,9:42:46.125855719,T,TGT,F I,10,89.9
2025-11-07,9:42:46.125855719,T,TGT,F I,68,89.92
2025-11-07,9:42:47.967636276,T,TGT,,100,89.93
2025-11-07,9:42:47.967680585,T,TGT,,100,89.93
2025-11-07,9:42:49.730468035,T,TGT,I,25,89.96
2025-11-07,9:42:49.730468035,T,TGT,I,1,89.98
2025-11-07,9:42:49.730468035,T,TGT,I,31,89.98
2025-11-07,9:42:49.730964178,T,TGT,I,19,89.95
2025-11-07,9:42:49.730964178,T,TGT,I,20,89.95
2025-11-07,9:42:51.406303376,T,TGT,I,2,89.92
2025-11-07,9:42:52.365224830,T,TGT,I,3,89.87
2025-11-07,9:42:52.365531554,T,TGT,I,3,89.83
2025-11-07,9:42:52.436611865,T,TGT,,100,89.87
2025-11-07,9:43:00.458757435,T,TGT,F I,25,89.88
2025-11-07,9:43:02.445097417,T,TGT,F I,62,89.91
2025-11-07,9:43:02.445100544,T,TGT,F I,38,89.91
2025-11-07,9:43:02.445100544,T,TGT,F I,86,89.91
2025-11-07,9:43:02.445103461,T,TGT,F I,5,89.91
2025-11-07,9:43:02.445118480,T,TGT,I,1,89.91
2025-11-07,9:43:02.445136695,T,TGT,F I,22,89.91
2025-11-07,9:43:05.723125834,T,TGT,I,50,89.91
2025-11-07,9:43:05.793721931,T,TGT,I,17,89.9
2025-11-07,9:43:09.505816970,T,TGT,F I,25,89.92
2025-11-07,9:43:09.505816970,T,TGT,F I,10,89.91
2025-11-07,9:43:09.505822435,T,TGT,F I,1,89.91
2025-11-07,9:43:09.505822435,T,TGT,F I,70,89.91
2025-11-07,9:43:09.505826155,T,TGT,F,127,89.9
2025-11-07,9:43:09.505826155,T,TGT,F I,2,89.89
2025-11-07,9:43:09.505828637,T,TGT,F I,3,89.89
2025-11-07,9:43:09.505831371,T,TGT,F I,20,89.89
2025-11-07,9:43:09.505831371,T,TGT,F I,38,89.89
2025-11-07,9:43:09.506595204,T,TGT,F I,6,89.91
2025-11-07,9:43:22.490176806,T,TGT,F I,25,89.9
2025-11-07,9:43:22.802419619,T,TGT,I,25,89.94
2025-11-07,9:43:22.802422671,T,TGT,I,52,89.94
2025-11-07,9:43:23.328393643,T,TGT,F I,1,89.96
2025-11-07,9:43:23.328393643,T,TGT,F I,50,89.96
2025-11-07,9:43:23.328396645,T,TGT,F I,7,89.96
2025-11-07,9:43:26.312132176,T,TGT,F I,12,89.98
2025-11-07,9:43:26.312132176,T,TGT,F I,69,89.98
2025-11-07,9:43:26.312136306,T,TGT,F I,6,89.98
2025-11-07,9:43:26.312141100,T,TGT,F I,2,89.98
2025-11-07,9:43:26.312156090,T,TGT,F I,23,89.98
2025-11-07,9:43:26.312216235,T,TGT,F I,1,89.99
2025-11-07,9:43:26.312237262,T,TGT,,100,89.98
2025-11-07,9:43:26.312252275,T,TGT,F I,99,89.99
2025-11-07,9:43:26.312276328,T,TGT,,100,89.98
2025-11-07,9:43:26.338086893,T,TGT,,100,89.98
2025-11-07,9:43:26.338925963,T,TGT,,100,89.99
2025-11-07,9:43:29.961638541,T,TGT,I,51,89.97
2025-11-07,9:43:29.962101685,T,TGT,I,1,89.96
2025-11-07,9:43:29.977462266,T,TGT,I,12,89.96
2025-11-07,9:43:30.711944154,T,TGT,I,2,89.96
2025-11-07,9:43:31.341199386,T,TGT,,100,89.965
2025-11-07,9:43:31.349820919,T,TGT,F,100,89.99
2025-11-07,9:43:34.318288794,T,TGT,,100,89.9
2025-11-07,9:43:34.318409267,T,TGT,,100,89.9
2025-11-07,9:43:34.954848299,T,TGT,F I,25,89.88
2025-11-07,9:43:34.955603114,T,TGT,,100,89.9
2025-11-07,9:43:37.301561808,T,TGT,F I,12,89.9
2025-11-07,9:43:37.301564161,T,TGT,F I,11,89.9
2025-11-07,9:43:38.512071207,T,TGT,I,58,89.94
2025-11-07,9:43:43.152678726,T,TGT,I,75,89.9
2025-11-07,9:43:46.851448593,T,TGT,I,25,89.92
2025-11-07,9:43:46.851451556,T,TGT,I,51,89.92
2025-11-07,9:43:48.541174129,T,TGT,I,43,89.87
2025-11-07,9:43:48.541192420,T,TGT,F I,57,89.87
2025-11-07,9:43:48.541192420,T,TGT,F I,5,89.87
2025-11-07,9:43:48.541195175,T,TGT,F I,50,89.87
2025-11-07,9:43:48.541457018,T,TGT,F I,20,89.86
2025-11-07,9:43:48.541457018,T,TGT,F I,23,89.86
2025-11-07,9:43:48.573837998,T,TGT,F I,12,89.89
2025-11-07,9:43:48.574529569,T,TGT,F I,12,89.9
2025-11-07,9:43:48.574529569,T,TGT,F I,12,89.9
2025-11-07,9:43:48.585033698,T,TGT,F I,11,89.89
2025-11-07,9:43:48.585045700,T,TGT,F,100,89.89
2025-11-07,9:43:52.408342295,T,TGT,F I,26,89.82
2025-11-07,9:43:52.408408429,T,TGT,,100,89.82
2025-11-07,9:43:52.599994864,T,TGT,I,18,89.82
2025-11-07,9:43:57.702451839,T,TGT,I,25,89.82
2025-11-07,9:43:57.702454772,T,TGT,,127,89.83
2025-11-07,9:44:09.198127725,T,TGT,F I,50,89.8
2025-11-07,9:44:09.198127725,T,TGT,F,100,89.8
2025-11-07,9:44:09.198130970,T,TGT,F I,1,89.8
2025-11-07,9:44:09.198130970,T,TGT,F,100,89.8
2025-11-07,9:44:09.198133567,T,TGT,F I,70,89.8
2025-11-07,9:44:18.610235938,T,TGT,F,100,89.84
2025-11-07,9:44:18.610235938,T,TGT,F I,19,89.84
2025-11-07,9:44:18.610241770,T,TGT,F,100,89.84
2025-11-07,9:44:18.610241770,T,TGT,F I,16,89.84
2025-11-07,9:44:18.610244696,T,TGT,F,161,89.84
2025-11-07,9:44:18.610247306,T,TGT,F I,11,89.84
2025-11-07,9:44:18.619506318,T,TGT,I,8,89.87
2025-11-07,9:44:18.619530400,T,TGT,F I,75,89.87
2025-11-07,9:44:18.619566514,T,TGT,I,17,89.87
2025-11-07,9:44:18.619569511,T,TGT,,100,89.87
2025-11-07,9:44:18.634860925,T,TGT,I,11,89.88
2025-11-07,9:44:19.128294490,T,TGT,I,70,89.85
2025-11-07,9:44:20.319907311,T,TGT,,100,89.83
2025-11-07,9:44:20.319925369,T,TGT,F I,3,89.83
2025-11-07,9:44:21.482019793,T,TGT,I,3,89.83
2025-11-07,9:44:21.493681635,T,TGT,I,3,89.83
2025-11-07,9:44:23.572452870,T,TGT,I,3,89.83
2025-11-07,9:44:25.472944495,T,TGT,I,1,89.83
2025-11-07,9:44:25.786387280,T,TGT,I,4,89.83
2025-11-07,9:44:25.832625433,T,TGT,I,10,89.83
2025-11-07,9:44:27.142239259,T,TGT,I,1,89.83
2025-11-07,9:44:27.368095775,T,TGT,I,7,89.83
2025-11-07,9:44:27.368095775,T,TGT,I,12,89.83
2025-11-07,9:44:30.831957614,T,TGT,F,178,89.8
2025-11-07,9:44:30.831978638,T,TGT,I,1,89.8
2025-11-07,9:44:30.831978638,T,TGT,F I,3,89.8
2025-11-07,9:44:30.890089108,T,TGT,I,17,89.8
2025-11-07,9:44:33.625351492,T,TGT,,100,89.78
2025-11-07,9:44:33.625432590,T,TGT,I,20,89.77
2025-11-07,9:44:34.629028599,T,TGT,I,29,89.77
2025-11-07,9:44:38.421633884,T,TGT,I,12,89.77
2025-11-07,9:44:38.883173463,T,TGT,,100,89.73
2025-11-07,9:44:39.897423761,T,TGT,I,10,89.73
2025-11-07,9:44:40.003856335,T,TGT,I,3,89.73
2025-11-07,9:44:42.185374209,T,TGT,F I,10,89.68
2025-11-07,9:44:42.185374209,T,TGT,F I,2,89.68
2025-11-07,9:44:42.400575125,T,TGT,F I,70,89.69
2025-11-07,9:44:42.400578159,T,TGT,F I,30,89.68
2025-11-07,9:44:45.273436271,T,TGT,I,3,89.7
2025-11-07,9:44:45.274052743,T,TGT,I,21,89.67
2025-11-07,9:44:45.274055775,T,TGT,I,76,89.67
2025-11-07,9:44:45.274073827,T,TGT,I,1,89.67
2025-11-07,9:44:45.274118937,T,TGT,I,23,89.67
2025-11-07,9:44:45.275360927,T,TGT,I,3,89.67
2025-11-07,9:44:46.207985033,T,TGT,F I,8,89.67
2025-11-07,9:44:46.207985033,T,TGT,F I,11,89.67
2025-11-07,9:44:46.207987752,T,TGT,F I,10,89.67
2025-11-07,9:44:46.507636637,T,TGT,F I,59,89.69
2025-11-07,9:44:46.507666633,T,TGT,I,1,89.69
2025-11-07,9:44:46.507675975,T,TGT,I,40,89.69
2025-11-07,9:44:46.507679016,T,TGT,I,52,89.69
2025-11-07,9:44:46.507681646,T,TGT,F I,41,89.69
2025-11-07,9:44:48.501774313,T,TGT,F,100,89.73
2025-11-07,9:44:48.610323983,T,TGT,I,1,89.73
2025-11-07,9:44:48.703302431,T,TGT,I,9,89.73
2025-11-07,9:44:49.342195482,T,TGT,F I,25,89.72
2025-11-07,9:44:54.857108928,T,TGT,F I,25,89.72
2025-11-07,9:45:00.053521708,T,TGT,F,100,89.72
2025-11-07,9:45:03.254088649,T,TGT,F I,1,89.71
2025-11-07,9:45:04.411591245,T,TGT,F I,24,89.75
2025-11-07,9:45:09.813501386,T,TGT,I,1,89.735
2025-11-07,9:45:11.095440438,T,TGT,I,15,89.73
2025-11-07,9:45:16.181222711,T,TGT,F I,69,89.76
2025-11-07,9:45:16.181225636,T,TGT,F I,14,89.76
2025-11-07,9:45:16.185204099,T,TGT,F I,5,89.74
2025-11-07,9:45:16.185207133,T,TGT,F I,50,89.74
2025-11-07,9:45:16.185207133,T,TGT,F I,10,89.74
2025-11-07,9:45:16.185577012,T,TGT,F I,17,89.72
2025-11-07,9:45:16.185579986,T,TGT,F I,34,89.72
2025-11-07,9:45:16.185579986,T,TGT,F I,50,89.72
2025-11-07,9:45:16.185880892,T,TGT,F I,17,89.71
2025-11-07,9:45:16.187496216,T,TGT,F,100,89.7
2025-11-07,9:45:16.187498640,T,TGT,F I,10,89.7
2025-11-07,9:45:16.187516638,T,TGT,F I,90,89.7
2025-11-07,9:45:16.189104434,T,TGT,,100,89.69
2025-11-07,9:45:16.189168632,T,TGT,I,24,89.7
2025-11-07,9:45:16.189168632,T,TGT,I,34,89.7
2025-11-07,9:45:16.189168632,T,TGT,I,43,89.7
2025-11-07,9:45:16.189170818,T,TGT,,100,89.7
2025-11-07,9:45:16.238106184,T,TGT,I,88,89.68
2025-11-07,9:45:16.238127265,T,TGT,F I,12,89.68
2025-11-07,9:45:16.238130245,T,TGT,F,100,89.68
2025-11-07,9:45:16.238142228,T,TGT,,100,89.68
2025-11-07,9:45:17.608807651,T,TGT,F I,26,89.68
2025-11-07,9:45:17.686338566,T,TGT,F I,70,89.7
2025-11-07,9:45:17.686353456,T,TGT,I,22,89.71
2025-11-07,9:45:17.686357647,T,TGT,I,43,89.71
2025-11-07,9:45:17.686357647,T,TGT,I,43,89.71
2025-11-07,9:45:17.686362408,T,TGT,I,94,89.71
2025-11-07,9:45:17.686362408,T,TGT,I,50,89.71
2025-11-07,9:45:17.686362408,T,TGT,I,20,89.71
2025-11-07,9:45:17.897760379,T,TGT,F I,4,89.74
2025-11-07,9:45:17.897763367,T,TGT,F I,43,89.74
2025-11-07,9:45:17.897766074,T,TGT,F I,16,89.74
2025-11-07,9:45:18.120374377,T,TGT,F I,22,89.73
2025-11-07,9:45:28.100262737,T,TGT,F I,1,89.705
2025-11-07,9:45:28.100445914,T,TGT,I,14,89.71
2025-11-07,9:45:28.306394753,T,TGT,,100,89.74
2025-11-07,9:45:28.306394753,T,TGT,I,27,89.74
2025-11-07,9:45:28.306394753,T,TGT,I,60,89.74
2025-11-07,9:45:28.306397710,T,TGT,I,10,89.74
2025-11-07,9:45:28.306397710,T,TGT,I,28,89.74
2025-11-07,9:45:30.911419766,T,TGT,F,100,89.75
2025-11-07,9:45:30.911419766,T,TGT,F,100,89.74
2025-11-07,9:45:30.911422814,T,TGT,F I,1,89.74
2025-11-07,9:45:31.326351190,T,TGT,I,10,89.74
2025-11-07,9:45:31.326721098,T,TGT,I,74,89.74
2025-11-07,9:45:31.326739142,T,TGT,I,1,89.74
2025-11-07,9:45:31.326757186,T,TGT,F I,25,89.74
2025-11-07,9:45:45.269447278,T,TGT,F,100,89.78
2025-11-07,9:45:45.269450353,T,TGT,F I,59,89.78
2025-11-07,9:45:45.269452978,T,TGT,F,100,89.78
2025-11-07,9:45:45.269759725,T,TGT,F I,4,89.8
2025-11-07,9:45:49.172003104,T,TGT,F I,1,89.76
2025-11-07,9:45:49.172003104,T,TGT,F I,1,89.76
2025-11-07,9:45:49.172048182,T,TGT,F I,20,89.75
2025-11-07,9:45:49.172057218,T,TGT,I,3,89.76
2025-11-07,9:45:49.172120399,T,TGT,F,100,89.74
2025-11-07,9:45:49.172150488,T,TGT,,100,89.74
2025-11-07,9:45:49.172174521,T,TGT,,100,89.74
2025-11-07,9:46:04.264370590,T,TGT,F I,50,89.66
2025-11-07,9:46:04.264373913,T,TGT,F I,28,89.65
2025-11-07,9:46:04.264373913,T,TGT,F I,50,89.65
2025-11-07,9:46:04.264378994,T,TGT,F I,50,89.65
2025-11-07,9:46:04.264391025,T,TGT,F I,33,89.64
2025-11-07,9:46:04.264415165,T,TGT,F I,67,89.64
2025-11-07,9:46:04.264415165,T,TGT,F I,20,89.64
2025-11-07,9:46:04.266174458,T,TGT,,100,89.63
2025-11-07,9:46:08.294908171,T,TGT,I,75,89.59
2025-11-07,9:46:20.780948428,T,TGT,I,46,89.62
2025-11-07,9:46:20.781074813,T,TGT,I,54,89.62
2025-11-07,9:46:20.781116824,T,TGT,I,51,89.63
2025-11-07,9:46:20.781141718,T,TGT,F I,49,89.63
2025-11-07,9:46:20.781144215,T,TGT,F,102,89.63
2025-11-07,9:46:20.781147403,T,TGT,F I,12,89.63
2025-11-07,9:46:20.781147403,T,TGT,F I,17,89.63
2025-11-07,9:46:20.781150063,T,TGT,F,100,89.63
2025-11-07,9:46:20.781152963,T,TGT,F,100,89.63
2025-11-07,9:46:20.781183385,T,TGT,F I,3,89.64
2025-11-07,9:46:20.781183385,T,TGT,F I,25,89.64
2025-11-07,9:46:20.781961881,T,TGT,I,20,89.66
2025-11-07,9:46:21.906755606,T,TGT,F I,70,89.65
2025-11-07,9:46:24.213569240,T,TGT,I,70,89.66
2025-11-07,9:46:24.213572921,T,TGT,I,10,89.67
2025-11-07,9:46:24.213575365,T,TGT,I,1,89.67
2025-11-07,9:46:24.213575365,T,TGT,I,30,89.67
2025-11-07,9:46:24.213611899,T,TGT,I,70,89.67
2025-11-07,9:46:35.926534258,T,TGT,I,25,89.67
2025-11-07,9:46:35.926537260,T,TGT,I,40,89.67
2025-11-07,9:46:35.926540416,T,TGT,I,1,89.67
2025-11-07,9:46:35.926561314,T,TGT,F I,59,89.67
2025-11-07,9:46:35.926561314,T,TGT,F I,11,89.67
2025-11-07,9:46:35.926566983,T,TGT,F I,11,89.67
2025-11-07,9:46:35.926566983,T,TGT,F,100,89.67
2025-11-07,9:46:35.926570130,T,TGT,F I,52,89.67
2025-11-07,9:46:35.926570130,T,TGT,F I,55,89.67
2025-11-07,9:46:37.072714509,T,TGT,I,70,89.69
2025-11-07,9:46:37.072717814,T,TGT,,100,89.7
2025-11-07,9:46:37.072720720,T,TGT,I,56,89.71
2025-11-07,9:46:37.072757045,T,TGT,I,44,89.71
2025-11-07,9:46:37.072757045,T,TGT,I,26,89.71
2025-11-07,9:46:37.072759488,T,TGT,,100,89.71
2025-11-07,9:46:37.072777514,T,TGT,I,39,89.71
2025-11-07,9:46:37.072781179,T,TGT,I,1,89.71
2025-11-07,9:46:37.072790250,T,TGT,F I,4,89.72
2025-11-07,9:46:48.522967020,T,TGT,I,61,89.72
2025-11-07,9:46:50.160689661,T,TGT,F I,44,89.72
2025-11-07,9:46:50.160692758,T,TGT,F I,11,89.72
2025-11-07,9:46:50.160692758,T,TGT,F I,50,89.72
2025-11-07,9:46:50.160695623,T,TGT,F I,13,89.72
2025-11-07,9:46:50.160710647,T,TGT,I,1,89.72
2025-11-07,9:46:50.160717804,T,TGT,I,52,89.72
2025-11-07,9:47:02.846363446,T,TGT,I,35,89.75
2025-11-07,9:47:02.846468716,T,TGT,I,65,89.75
2025-11-07,9:47:02.846522807,T,TGT,I,11,89.74
2025-11-07,9:47:02.846679157,T,TGT,I,50,89.73
2025-11-07,9:47:02.847187412,T,TGT,I,50,89.72
2025-11-07,9:47:02.847686595,T,TGT,F I,50,89.71
2025-11-07,9:47:02.848134613,T,TGT,F I,33,89.71
2025-11-07,9:47:02.848164725,T,TGT,I,1,89.71
2025-11-07,9:47:02.848176751,T,TGT,I,16,89.71
2025-11-07,9:47:02.848192170,T,TGT,F,100,89.7
2025-11-07,9:47:02.848192170,T,TGT,F,100,89.7
2025-11-07,9:47:02.848194819,T,TGT,F I,50,89.7
2025-11-07,9:47:02.848198184,T,TGT,F,100,89.7
2025-11-07,9:47:02.848198184,T,TGT,F,100,89.7
2025-11-07,9:47:02.848330246,T,TGT,F,100,89.7
2025-11-07,9:47:02.848330246,T,TGT,F,100,89.71
2025-11-07,9:47:02.848333183,T,TGT,F I,15,89.71
2025-11-07,9:47:02.848336202,T,TGT,F I,3,89.71
2025-11-07,9:47:02.848983313,T,TGT,F,100,89.7
2025-11-07,9:47:02.848983313,T,TGT,F,100,89.7
2025-11-07,9:47:02.848986209,T,TGT,F,125,89.7
2025-11-07,9:47:02.848991673,T,TGT,F I,50,89.7
2025-11-07,9:47:02.848991673,T,TGT,F,100,89.7
2025-11-07,9:47:02.848991673,T,TGT,F,100,89.7
2025-11-07,9:47:03.185159938,T,TGT,F I,10,89.7
2025-11-07,9:47:03.185162545,T,TGT,F I,20,89.705
2025-11-07,9:47:03.450000818,T,TGT,F,100,89.69
2025-11-07,9:47:03.450000818,T,TGT,F I,15,89.68
2025-11-07,9:47:03.450003569,T,TGT,F I,5,89.68
2025-11-07,9:47:03.450018576,T,TGT,F I,80,89.68
2025-11-07,9:47:09.026202952,T,TGT,I,23,89.71
2025-11-07,9:47:09.026218033,T,TGT,I,19,89.71
2025-11-07,9:47:09.026302768,T,TGT,I,58,89.71
2025-11-07,9:47:09.026305891,T,TGT,I,20,89.71
2025-11-07,9:47:09.026308239,T,TGT,I,50,89.71
2025-11-07,9:47:09.026311475,T,TGT,I,5,89.71
2025-11-07,9:47:09.026350261,T,TGT,F,100,89.71
2025-11-07,9:47:09.027625384,T,TGT,F I,5,89.71
2025-11-07,9:47:09.027625384,T,TGT,F I,5,89.71
2025-11-07,9:47:09.027628361,T,TGT,F I,6,89.71
2025-11-07,9:47:09.060719133,T,TGT,I,1,89.71
2025-11-07,9:47:10.649969320,T,TGT,F I,16,89.71
2025-11-07,9:47:10.649969320,T,TGT,F I,59,89.71
2025-11-07,9:47:11.877265187,T,TGT,I,8,89.72
2025-11-07,9:47:11.877280202,T,TGT,I,14,89.72
2025-11-07,9:47:11.877286213,T,TGT,I,8,89.72
2025-11-07,9:47:11.877286213,T,TGT,I,1,89.72
2025-11-07,9:47:11.949349893,T,TGT,F I,8,89.715
2025-11-07,9:47:15.618577283,T,TGT,F,110,89.7
2025-11-07,9:47:15.618595447,T,TGT,I,1,89.7
2025-11-07,9:47:15.618595447,T,TGT,F I,99,89.7
2025-11-07,9:47:15.699337721,T,TGT,F,100,89.69
2025-11-07,9:47:15.699343714,T,TGT,F,100,89.69
2025-11-07,9:47:15.699343714,T,TGT,F,100,89.69
2025-11-07,9:47:15.699389464,T,TGT,I,9,89.69
2025-11-07,9:47:15.699409845,T,TGT,I,6,89.69
2025-11-07,9:47:18.286644569,T,TGT,I,4,89.66
2025-11-07,9:47:18.286662691,T,TGT,I,4,89.66
2025-11-07,9:47:18.286672344,T,TGT,I,1,89.66
2025-11-07,9:47:18.286716713,T,TGT,I,28,89.66
2025-11-07,9:47:18.781605797,T,TGT,I,6,89.7
2025-11-07,9:47:20.231657527,T,TGT,I,50,89.7
2025-11-07,9:47:22.381157199,T,TGT,F I,10,89.67
2025-11-07,9:47:22.381163352,T,TGT,F I,3,89.67
2025-11-07,9:47:22.381166150,T,TGT,F I,48,89.67
2025-11-07,9:47:22.381166150,T,TGT,F I,39,89.67
2025-11-07,9:47:22.381175192,T,TGT,F I,61,89.67
2025-11-07,9:47:22.381178250,T,TGT,F I,5,89.67
2025-11-07,9:47:22.381509582,T,TGT,I,35,89.66
2025-11-07,9:47:22.381530009,T,TGT,F I,65,89.66
2025-11-07,9:47:22.381533114,T,TGT,F I,52,89.66
2025-11-07,9:47:22.381536334,T,TGT,F I,3,89.66
2025-11-07,9:47:22.381539077,T,TGT,F,100,89.66
2025-11-07,9:47:22.381566107,T,TGT,F I,49,89.65
2025-11-07,9:47:22.383436657,T,TGT,F,100,89.65
2025-11-07,9:47:22.503269075,T,TGT,,100,89.64
2025-11-07,9:47:25.636926684,T,TGT,F I,50,89.64
2025-11-07,9:47:27.163011326,T,TGT,I,2,89.64
2025-11-07,9:47:27.429208457,T,TGT,I,11,89.64
2025-11-07,9:47:27.429211491,T,TGT,I,9,89.65
2025-11-07,9:47:30.953184023,T,TGT,F I,1,89.62
2025-11-07,9:47:30.953184023,T,TGT,F I,20,89.62
2025-11-07,9:47:31.141519711,T,TGT,I,13,89.62
2025-11-07,9:47:31.141522936,T,TGT,I,19,89.63
2025-11-07,9:47:31.141522936,T,TGT,I,6,89.64
2025-11-07,9:47:31.141525734,T,TGT,I,30,89.64
2025-11-07,9:47:31.141549746,T,TGT,I,1,89.64
2025-11-07,9:47:31.141609835,T,TGT,F I,2,89.63
2025-11-07,9:47:41.126844249,T,TGT,I,2,89.65
2025-11-07,9:47:41.743857124,T,TGT,F I,6,89.61
2025-11-07,9:47:41.743857124,T,TGT,F I,3,89.61
2025-11-07,9:47:41.763914902,T,TGT,I,49,89.58
2025-11-07,9:47:47.466706954,T,TGT,I,75,89.585
2025-11-07,9:47:57.128379627,T,TGT,,100,89.62
2025-11-07,9:47:57.128382657,T,TGT,I,50,89.62
2025-11-07,9:47:57.128382657,T,TGT,,100,89.62
2025-11-07,9:47:57.128385583,T,TGT,I,16,89.62
2025-11-07,9:47:57.128385583,T,TGT,I,10,89.62
2025-11-07,9:47:57.128863712,T,TGT,I,54,89.62
2025-11-07,9:47:57.129483236,T,TGT,F I,24,89.64
2025-11-07,9:47:57.186935015,T,TGT,,100,89.67
2025-11-07,9:47:57.187214756,T,TGT,I,21,89.67
2025-11-07,9:47:57.187311562,T,TGT,F I,26,89.67
2025-11-07,9:47:57.187353116,T,TGT,I,24,89.67
2025-11-07,9:47:57.187819134,T,TGT,F I,50,89.69
2025-11-07,9:47:57.187819134,T,TGT,F I,50,89.7
2025-11-07,9:47:57.187822246,T,TGT,F I,10,89.7
2025-11-07,9:47:57.187852289,T,TGT,,100,89.68
2025-11-07,9:47:57.226277837,T,TGT,I,24,89.69
2025-11-07,9:47:57.226307923,T,TGT,I,22,89.69
2025-11-07,9:48:05.909689662,T,TGT,F I,48,89.7
2025-11-07,9:48:05.909707743,T,TGT,F I,52,89.7
2025-11-07,9:48:05.909710821,T,TGT,F I,1,89.7
2025-11-07,9:48:05.909710821,T,TGT,F I,5,89.7
2025-11-07,9:48:05.910203983,T,TGT,F I,12,89.71
2025-11-07,9:48:05.910291703,T,TGT,I,11,89.72
2025-11-07,9:48:05.910291703,T,TGT,I,11,89.72
2025-11-07,9:48:05.910294273,T,TGT,I,12,89.72
2025-11-07,9:48:05.910297196,T,TGT,I,8,89.72
2025-11-07,9:48:05.910357289,T,TGT,I,22,89.72
2025-11-07,9:48:06.034372803,T,TGT,I,10,89.78
2025-11-07,9:48:13.765094247,T,TGT,F I,50,89.75
2025-11-07,9:48:13.765097132,T,TGT,F I,20,89.75
2025-11-07,9:48:16.207774438,T,TGT,I,28,89.79
2025-11-07,9:48:16.207774438,T,TGT,I,5,89.79
2025-11-07,9:48:19.458109880,T,TGT,,100,89.74
2025-11-07,9:48:19.458109880,T,TGT,,100,89.74
2025-11-07,9:48:19.458114446,T,TGT,F I,21,89.74
2025-11-07,9:48:19.458114446,T,TGT,F,100,89.74
2025-11-07,9:48:19.458119089,T,TGT,I,1,89.74
2025-11-07,9:48:19.458119089,T,TGT,I,28,89.74
2025-11-07,9:48:19.458121873,T,TGT,F,100,89.74
2025-11-07,9:48:19.458121873,T,TGT,F I,21,89.74
2025-11-07,9:48:19.458154915,T,TGT,F,100,89.74
2025-11-07,9:48:19.458197450,T,TGT,F,100,89.74
2025-11-07,9:48:19.458197450,T,TGT,F I,12,89.74
2025-11-07,9:48:19.458203062,T,TGT,F I,83,89.74
2025-11-07,9:48:19.458218771,T,TGT,I,46,89.74
2025-11-07,9:48:19.458248342,T,TGT,I,9,89.74
2025-11-07,9:48:19.467302723,T,TGT,,100,89.74
2025-11-07,9:48:20.136992286,T,TGT,I,18,89.74
2025-11-07,9:48:20.136992286,T,TGT,I,77,89.75
2025-11-07,9:48:20.137013277,T,TGT,I,1,89.75
2025-11-07,9:48:20.137016208,T,TGT,I,17,89.75
2025-11-07,9:48:20.137160675,T,TGT,F I,34,89.76
2025-11-07,9:48:20.137166580,T,TGT,F I,91,89.76
2025-11-07,9:48:20.137166580,T,TGT,F I,20,89.76
2025-11-07,9:48:20.138264219,T,TGT,F I,24,89.79
2025-11-07,9:48:20.138333422,T,TGT,F I,8,89.8
2025-11-07,9:48:20.138919808,T,TGT,I,12,89.79
2025-11-07,9:48:20.159732409,T,TGT,F I,30,89.81
2025-11-07,9:48:22.099479547,T,TGT,F I,14,89.84
2025-11-07,9:48:22.099482627,T,TGT,F I,9,89.84
2025-11-07,9:48:22.099524751,T,TGT,F I,15,89.85
2025-11-07,9:48:22.099527742,T,TGT,F I,20,89.85
2025-11-07,9:48:22.099614874,T,TGT,F I,20,89.86
2025-11-07,9:48:22.099617930,T,TGT,F I,50,89.86
2025-11-07,9:48:22.099617930,T,TGT,F I,19,89.86
2025-11-07,9:48:22.100066093,T,TGT,F I,16,89.87
2025-11-07,9:48:22.100066093,T,TGT,F I,50,89.87
2025-11-07,9:48:22.100189278,T,TGT,F I,20,89.88
2025-11-07,9:48:22.100670436,T,TGT,I,27,89.87
2025-11-07,9:48:22.100700447,T,TGT,I,50,89.87
2025-11-07,9:48:26.310700234,T,TGT,I,13,89.89
2025-11-07,9:48:26.311058117,T,TGT,I,13,89.89
2025-11-07,9:48:26.311064177,T,TGT,,100,89.89
2025-11-07,9:48:26.311100271,T,TGT,F,100,89.89
2025-11-07,9:48:26.311112532,T,TGT,F I,75,89.88
2025-11-07,9:48:26.311115547,T,TGT,F I,25,89.88
2025-11-07,9:48:26.311118775,T,TGT,F I,75,89.88
2025-11-07,9:48:26.311124333,T,TGT,,200,89.9
2025-11-07,9:48:26.311124333,T,TGT,I,26,89.9
2025-11-07,9:48:26.311139386,T,TGT,I,25,89.88
2025-11-07,9:48:26.311148328,T,TGT,F,100,89.89
2025-11-07,9:48:26.311163432,T,TGT,F I,41,89.89
2025-11-07,9:48:26.311509207,T,TGT,F,100,89.88
2025-11-07,9:48:27.257908863,T,TGT,F,100,89.85
2025-11-07,9:48:27.257944919,T,TGT,F I,20,89.84
2025-11-07,9:48:28.948440293,T,TGT,F,100,89.84
2025-11-07,9:48:28.948581625,T,TGT,I,23,89.84
2025-11-07,9:48:30.339229603,T,TGT,F I,43,89.85
2025-11-07,9:48:30.339229603,T,TGT,F I,17,89.85
2025-11-07,9:48:31.450018952,T,TGT,,100,89.86
2025-11-07,9:48:31.450018952,T,TGT,I,10,89.86
2025-11-07,9:48:31.450036940,T,TGT,F I,81,89.86
2025-11-07,9:48:31.450040126,T,TGT,F I,13,89.86
2025-11-07,9:48:31.450042990,T,TGT,I,1,89.86
2025-11-07,9:48:31.450042990,T,TGT,I,19,89.86
2025-11-07,9:48:36.102237352,T,TGT,F I,11,89.89
2025-11-07,9:48:36.102237352,T,TGT,F,100,89.89
2025-11-07,9:48:36.659431687,T,TGT,I,16,89.9
2025-11-07,9:48:36.661199875,T,TGT,F I,30,89.91
2025-11-07,9:48:36.661341242,T,TGT,F I,52,89.91
2025-11-07,9:48:36.661386377,T,TGT,I,48,89.91
2025-11-07,9:48:36.661825444,T,TGT,I,2,89.91
2025-11-07,9:48:39.597003965,T,TGT,F I,13,89.89
2025-11-07,9:48:42.008283587,T,TGT,I,12,89.89
2025-11-07,9:48:43.583532351,T,TGT,I,2,89.92
2025-11-07,9:48:43.583550308,T,TGT,I,2,89.92
2025-11-07,9:48:43.651761811,T,TGT,I,24,89.92
2025-11-07,9:48:43.659141985,T,TGT,F I,25,89.91
2025-11-07,9:48:43.659144483,T,TGT,F I,50,89.91
2025-11-07,9:48:43.659183523,T,TGT,I,10,89.9
2025-11-07,9:48:48.667627460,T,TGT,F I,1,89.88
2025-11-07,9:48:48.667627460,T,TGT,F,100,89.87
2025-11-07,9:48:48.667630426,T,TGT,F I,14,89.87
2025-11-07,9:48:48.675665633,T,TGT,,100,89.855
2025-11-07,9:48:48.675665633,T,TGT,I,19,89.87
2025-11-07,9:48:51.909368445,T,TGT,F,100,89.84
2025-11-07,9:48:51.909371402,T,TGT,F,100,89.84
2025-11-07,9:48:54.509145980,T,TGT,F I,3,89.78
2025-11-07,9:48:54.509224337,T,TGT,F I,10,89.77
2025-11-07,9:48:54.509473772,T,TGT,F I,21,89.76
2025-11-07,9:49:07.178644258,T,TGT,I,1,89.735
2025-11-07,9:49:09.149605753,T,TGT,F I,10,89.7
2025-11-07,9:49:09.149608802,T,TGT,F I,12,89.7
2025-11-07,9:49:09.149612381,T,TGT,F I,21,89.7
2025-11-07,9:49:12.422852703,T,TGT,F I,22,89.66
2025-11-07,9:49:12.422852703,T,TGT,F I,20,89.66
2025-11-07,9:49:12.424377422,T,TGT,I,75,89.66
2025-11-07,9:49:12.424446538,T,TGT,,100,89.665
2025-11-07,9:49:13.592684771,T,TGT,I,53,89.69
2025-11-07,9:49:16.804817082,T,TGT,F I,17,89.68
2025-11-07,9:49:16.804820015,T,TGT,F I,11,89.68
2025-11-07,9:49:18.611019178,T,TGT,I,20,89.69
2025-11-07,9:49:20.810946143,T,TGT,I,2,89.69
2025-11-07,9:49:23.804015791,T,TGT,F I,15,89.67
2025-11-07,9:49:23.804015791,T,TGT,F I,11,89.67
2025-11-07,9:49:24.540061194,T,TGT,F I,1,89.66
2025-11-07,9:49:26.615299206,T,TGT,I,17,89.65
2025-11-07,9:49:26.615299206,T,TGT,I,83,89.67
2025-11-07,9:49:29.470358122,T,TGT,I,12,89.6
2025-11-07,9:49:29.470358122,T,TGT,I,45,89.6
2025-11-07,9:49:34.175330974,T,TGT,I,75,89.575
2025-11-07,9:49:34.175397116,T,TGT,I,25,89.575
2025-11-07,9:49:42.732403246,T,TGT,,127,89.57
2025-11-07,9:49:42.740276719,T,TGT,I,22,89.59
2025-11-07,9:49:42.740276719,T,TGT,I,13,89.59
2025-11-07,9:49:42.740279062,T,TGT,I,25,89.59
2025-11-07,9:49:42.740625136,T,TGT,,100,89.6
2025-11-07,9:49:42.740628041,T,TGT,,100,89.6
2025-11-07,9:49:42.740631320,T,TGT,I,96,89.6
2025-11-07,9:49:42.740631320,T,TGT,I,12,89.6
2025-11-07,9:49:42.740633902,T,TGT,,106,89.6
2025-11-07,9:49:42.742907523,T,TGT,F,100,89.62
2025-11-07,9:49:42.742907523,T,TGT,F I,51,89.62
2025-11-07,9:49:42.743162930,T,TGT,,100,89.62
2025-11-07,9:49:43.110818844,T,TGT,I,61,89.66
2025-11-07,9:49:43.111224823,T,TGT,F I,39,89.66
2025-11-07,9:49:43.111745025,T,TGT,I,1,89.68
2025-11-07,9:49:43.111745025,T,TGT,I,1,89.68
2025-11-07,9:49:43.111748112,T,TGT,I,1,89.68
2025-11-07,9:49:43.111748112,T,TGT,I,1,89.68
2025-11-07,9:49:53.449719851,T,TGT,F I,22,89.64
2025-11-07,9:50:00.613061490,T,TGT,F I,20,89.67
2025-11-07,9:50:00.613067539,T,TGT,F,100,89.67
2025-11-07,9:50:00.613070804,T,TGT,F I,8,89.67
2025-11-07,9:50:00.613070804,T,TGT,F I,6,89.67
2025-11-07,9:50:00.613073462,T,TGT,F I,1,89.67
2025-11-07,9:50:00.613076536,T,TGT,F I,3,89.67
2025-11-07,9:50:02.269551784,T,TGT,F I,5,89.72
2025-11-07,9:50:02.269648014,T,TGT,I,20,89.73
2025-11-07,9:50:02.269648014,T,TGT,I,21,89.73
2025-11-07,9:50:02.269720133,T,TGT,I,1,89.73
2025-11-07,9:50:02.269738179,T,TGT,F I,78,89.73
2025-11-07,9:50:02.269990816,T,TGT,,100,89.73
2025-11-07,9:50:02.470337106,T,TGT,F,100,89.75
2025-11-07,9:50:06.245500800,T,TGT,F I,75,89.765
2025-11-07,9:50:06.399326271,T,TGT,F I,31,89.785
2025-11-07,9:50:21.813056827,T,TGT,F I,1,89.77
2025-11-07,9:50:23.650404165,T,TGT,I,32,89.79
2025-11-07,9:50:24.209992210,T,TGT,F I,50,89.77
2025-11-07,9:50:27.238224642,T,TGT,F I,3,89.77
2025-11-07,9:50:27.623767125,T,TGT,F,100,89.8
2025-11-07,9:50:27.623770098,T,TGT,F I,50,89.8
2025-11-07,9:50:27.623773189,T,TGT,F I,13,89.8
2025-11-07,9:50:27.623854325,T,TGT,F I,1,89.81
2025-11-07,9:50:27.623857374,T,TGT,F I,20,89.81
2025-11-07,9:50:27.624314435,T,TGT,F I,1,89.81
2025-11-07,9:50:28.467518206,T,TGT,F I,50,89.85
2025-11-07,9:50:28.467518206,T,TGT,F I,1,89.85
2025-11-07,9:50:28.467520336,T,TGT,F I,20,89.85
2025-11-07,9:50:30.748851304,T,TGT,F I,8,89.81
2025-11-07,9:50:30.748854368,T,TGT,F I,3,89.8
2025-11-07,9:50:30.748854368,T,TGT,F I,33,89.8
2025-11-07,9:50:30.748950538,T,TGT,F I,59,89.8
2025-11-07,9:50:30.748974663,T,TGT,I,8,89.8
2025-11-07,9:50:30.748974663,T,TGT,I,7,89.8
2025-11-07,9:50:30.749524918,T,TGT,F I,20,89.8
2025-11-07,9:50:35.699088462,T,TGT,F,200,89.83
2025-11-07,9:50:35.721540373,T,TGT,I,21,89.86
2025-11-07,9:50:35.721542922,T,TGT,I,32,89.87
2025-11-07,9:50:45.316739185,T,TGT,I,75,89.835
2025-11-07,9:50:47.632087202,T,TGT,I,56,89.85
2025-11-07,9:50:48.847360425,T,TGT,I,81,89.85
2025-11-07,9:50:50.353615860,T,TGT,,127,89.84
2025-11-07,9:50:51.394320220,T,TGT,I,76,89.86
2025-11-07,9:50:51.394338191,T,TGT,F I,24,89.86
2025-11-07,9:50:51.394341276,T,TGT,F I,20,89.86
2025-11-07,9:50:51.394377489,T,TGT,,100,89.87
2025-11-07,9:50:51.394380288,T,TGT,I,20,89.87
2025-11-07,9:50:51.394380288,T,TGT,I,55,89.87
2025-11-07,9:50:51.394410378,T,TGT,F I,10,89.88
2025-11-07,9:50:51.395282543,T,TGT,F I,60,89.9
2025-11-07,9:50:51.395841779,T,TGT,,100,89.915
2025-11-07,9:50:51.396371041,T,TGT,F I,2,89.93
2025-11-07,9:50:51.396371041,T,TGT,F I,30,89.93
2025-11-07,9:50:51.486237141,T,TGT,,100,89.93
2025-11-07,9:50:52.656093244,T,TGT,F I,11,89.98
2025-11-07,9:50:55.162303410,T,TGT,F I,1,90.0
2025-11-07,9:50:55.162303410,T,TGT,F I,1,90.0
2025-11-07,9:50:55.162306285,T,TGT,F I,10,90.0
2025-11-07,9:50:55.162306285,T,TGT,F I,3,90.0
2025-11-07,9:50:55.162309893,T,TGT,F I,99,90.0
2025-11-07,9:50:55.162309893,T,TGT,F I,10,90.0
2025-11-07,9:50:55.162315698,T,TGT,F,206,90.0
2025-11-07,9:50:55.162326972,T,TGT,F I,3,90.0
2025-11-07,9:50:55.162333908,T,TGT,I,20,90.0
2025-11-07,9:50:55.162333908,T,TGT,F,171,90.0
2025-11-07,9:50:55.162333908,T,TGT,F I,50,90.0
2025-11-07,9:50:55.162339145,T,TGT,F I,25,90.0
2025-11-07,9:50:55.162342814,T,TGT,F I,1,90.0
2025-11-07,9:50:55.162345025,T,TGT,F,125,90.0
2025-11-07,9:50:55.162348451,T,TGT,F,360,90.0
2025-11-07,9:50:55.162351192,T,TGT,F I,5,90.0
2025-11-07,9:50:55.162354063,T,TGT,F I,20,90.0
2025-11-07,9:50:55.162850230,T,TGT,F I,20,90.01
2025-11-07,9:50:55.162850230,T,TGT,F I,20,90.01
2025-11-07,9:50:56.581290420,T,TGT,,100,90.04
2025-11-07,9:50:56.581302466,T,TGT,I,1,90.04
2025-11-07,9:50:59.387356369,T,TGT,I,1,90.05
2025-11-07,9:50:59.387404539,T,TGT,F,100,90.06
2025-11-07,9:50:59.387407502,T,TGT,F I,74,90.06
2025-11-07,9:51:00.192723088,T,TGT,I,70,90.04
2025-11-07,9:51:00.192726144,T,TGT,I,30,90.035
2025-11-07,9:51:02.030750024,T,TGT,,100,90.09
2025-11-07,9:51:02.030750024,T,TGT,I,52,90.09
2025-11-07,9:51:02.030752961,T,TGT,I,20,90.09
2025-11-07,9:51:02.031279234,T,TGT,I,1,90.1
2025-11-07,9:51:02.031282330,T,TGT,I,1,90.1
2025-11-07,9:51:02.031285923,T,TGT,I,3,90.1
2025-11-07,9:51:02.031285923,T,TGT,I,5,90.1
2025-11-07,9:51:02.031288531,T,TGT,I,6,90.1
2025-11-07,9:51:02.031291556,T,TGT,I,3,90.1
2025-11-07,9:51:02.031294230,T,TGT,F,100,90.1
2025-11-07,9:51:02.031294230,T,TGT,I,33,90.1
2025-11-07,9:51:02.049493647,T,TGT,F I,70,90.1
2025-11-07,9:51:02.049502575,T,TGT,F I,36,90.09
2025-11-07,9:51:17.214354686,T,TGT,I,10,90.1
2025-11-07,9:51:17.214357774,T,TGT,I,28,90.1
2025-11-07,9:51:17.261579289,T,TGT,I,3,90.12
2025-11-07,9:51:17.261582690,T,TGT,I,5,90.12
2025-11-07,9:51:17.261585085,T,TGT,I,1,90.12
2025-11-07,9:51:17.261952037,T,TGT,F I,50,90.1
2025-11-07,9:51:17.261952037,T,TGT,F I,10,90.1
2025-11-07,9:51:17.261988052,T,TGT,,100,90.11
2025-11-07,9:51:17.262006112,T,TGT,I,1,90.11
2025-11-07,9:51:17.262024219,T,TGT,F I,13,90.09
2025-11-07,9:51:17.262024219,T,TGT,F I,26,90.09
2025-11-07,9:51:17.566869438,T,TGT,F I,3,90.1
2025-11-07,9:51:17.566872661,T,TGT,F I,13,90.1
2025-11-07,9:51:17.566872661,T,TGT,F I,26,90.1
2025-11-07,9:51:17.566875957,T,TGT,F I,24,90.1
2025-11-07,9:51:17.566875957,T,TGT,F I,33,90.1
2025-11-07,9:51:17.567380637,T,TGT,,127,90.1
2025-11-07,9:51:20.103418553,T,TGT,I,70,90.09
2025-11-07,9:51:20.103421517,T,TGT,I,30,90.1
2025-11-07,9:51:22.155347887,T,TGT,F I,1,90.06
2025-11-07,9:51:22.155347887,T,TGT,F I,50,90.06
2025-11-07,9:51:22.155353932,T,TGT,F I,70,90.06
2025-11-07,9:51:25.399115708,T,TGT,F,100,90.09
2025-11-07,9:51:25.399131559,T,TGT,I,1,90.09
2025-11-07,9:51:25.400210456,T,TGT,F I,6,90.08
2025-11-07,9:51:25.400213531,T,TGT,F I,2,90.08
2025-11-07,9:51:25.400412211,T,TGT,F I,26,90.07
2025-11-07,9:51:25.400426922,T,TGT,I,4,90.07
2025-11-07,9:51:25.400435794,T,TGT,I,1,90.07
2025-11-07,9:51:25.424857002,T,TGT,I,26,90.07
2025-11-07,9:51:25.424857002,T,TGT,I,84,90.07
2025-11-07,9:51:25.424881058,T,TGT,I,70,90.07
2025-11-07,9:51:25.425714029,T,TGT,I,30,90.07
2025-11-07,9:51:28.367577617,T,TGT,I,75,90.075
2025-11-07,9:51:28.891849699,T,TGT,I,4,90.1
2025-11-07,9:51:28.891849699,T,TGT,I,6,90.1
2025-11-07,9:51:28.892207617,T,TGT,I,70,90.09
2025-11-07,9:51:28.892207617,T,TGT,I,24,90.1
2025-11-07,9:51:28.936710520,T,TGT,,100,90.1
2025-11-07,9:51:30.935738540,T,TGT,F I,50,90.09
2025-11-07,9:51:30.935738540,T,TGT,F I,70,90.08
2025-11-07,9:51:30.935741098,T,TGT,F I,24,90.08
2025-11-07,9:51:30.935807248,T,TGT,F I,24,90.07
2025-11-07,9:51:30.935807248,T,TGT,F I,20,90.07
2025-11-07,9:51:30.935810195,T,TGT,F,100,90.07
2025-11-07,9:51:30.935828326,T,TGT,F I,70,90.07
2025-11-07,9:51:30.935909521,T,TGT,,100,90.07
2025-11-07,9:51:30.935924724,T,TGT,F I,19,90.07
2025-11-07,9:51:30.935951584,T,TGT,F,100,90.08
2025-11-07,9:51:30.935960614,T,TGT,I,4,90.07
2025-11-07,9:51:30.935972622,T,TGT,I,96,90.07
2025-11-07,9:51:31.037581745,T,TGT,F I,24,90.07
2025-11-07,9:51:32.500996999,T,TGT,I,24,90.075
2025-11-07,9:51:34.367703114,T,TGT,I,24,90.08
2025-11-07,9:51:34.367703114,T,TGT,I,70,90.08
2025-11-07,9:51:34.834123608,T,TGT,I,12,90.06
2025-11-07,9:51:34.834126292,T,TGT,I,10,90.06
2025-11-07,9:51:34.834177421,T,TGT,F,100,90.05
2025-11-07,9:51:34.834177421,T,TGT,F,578,90.05
2025-11-07,9:51:34.834186477,T,TGT,I,22,90.05
2025-11-07,9:51:34.834186477,T,TGT,,100,90.05
2025-11-07,9:51:34.834192415,T,TGT,I,20,90.05
2025-11-07,9:51:34.834217120,T,TGT,F I,20,90.04
2025-11-07,9:51:34.834890068,T,TGT,F I,33,90.06
2025-11-07,9:51:34.834905242,T,TGT,I,28,90.06
2025-11-07,9:51:35.172426179,T,TGT,I,33,90.05
2025-11-07,9:51:36.941429764,T,TGT,I,6,90.06
2025-11-07,9:51:36.941814713,T,TGT,I,6,90.06
2025-11-07,9:51:38.329365281,T,TGT,,300,90.08
2025-11-07,9:51:38.610496031,T,TGT,I,92,90.085
2025-11-07,9:51:39.638495048,T,TGT,F I,33,90.07
2025-11-07,9:51:39.638498436,T,TGT,F,100,90.07
2025-11-07,9:51:39.638501220,T,TGT,F I,50,90.05
2025-11-07,9:51:39.638501220,T,TGT,F I,20,90.05
2025-11-07,9:51:42.033072987,T,TGT,F I,62,90.04
2025-11-07,9:51:42.033367480,T,TGT,I,88,90.02
2025-11-07,9:51:42.038527815,T,TGT,F I,72,89.99
2025-11-07,9:51:42.038981873,T,TGT,I,61,90.0
2025-11-07,9:51:45.383670126,T,TGT,F I,55,89.97
2025-11-07,9:51:45.383670126,T,TGT,F I,25,89.97
2025-11-07,9:51:50.785039402,T,TGT,F I,55,89.95
2025-11-07,9:51:55.033969793,T,TGT,I,22,89.98
2025-11-07,9:51:55.112270482,T,TGT,F,100,90.01
2025-11-07,9:51:55.112270482,T,TGT,F,100,90.01
2025-11-07,9:51:55.112273316,T,TGT,F I,13,90.01
2025-11-07,9:51:55.112273316,T,TGT,F I,15,90.01
2025-11-07,9:51:55.113653529,T,TGT,I,75,90.03
2025-11-07,9:52:00.163731581,T,TGT,F I,55,90.02
2025-11-07,9:52:00.225252177,T,TGT,F I,55,90.02
2025-11-07,9:52:02.193841566,T,TGT,F I,55,90.02
2025-11-07,9:52:02.194505832,T,TGT,I,55,90.03
2025-11-07,9:52:04.078397678,T,TGT,F I,55,90.02
2025-11-07,9:52:10.210120573,T,TGT,I,25,90.07
2025-11-07,9:52:10.210125799,T,TGT,,100,90.07
2025-11-07,9:52:10.210125799,T,TGT,I,69,90.07
2025-11-07,9:52:10.210125799,T,TGT,,100,90.07
2025-11-07,9:52:15.361463775,T,TGT,I,1,90.05
2025-11-07,9:52:15.361482353,T,TGT,F I,54,90.05
2025-11-07,9:52:15.361485633,T,TGT,F I,1,90.05
2025-11-07,9:52:15.361487840,T,TGT,F I,15,90.05
2025-11-07,9:52:24.761667019,T,TGT,F,100,90.03
2025-11-07,9:52:26.008349634,T,TGT,I,10,90.01
2025-11-07,9:52:26.008349634,T,TGT,I,12,90.03
2025-11-07,9:52:37.105233374,T,TGT,I,20,89.98
2025-11-07,9:52:37.105826351,T,TGT,F I,12,89.96
2025-11-07,9:52:37.105826351,T,TGT,F I,20,89.96
2025-11-07,9:52:37.113608380,T,TGT,I,30,89.955
2025-11-07,9:52:37.235645089,T,TGT,I,1,89.945
2025-11-07,9:52:39.391646435,T,TGT,I,70,89.96
2025-11-07,9:52:39.391649705,T,TGT,I,49,89.97
2025-11-07,9:52:39.391670792,T,TGT,F I,51,89.97
2025-11-07,9:52:39.391670792,T,TGT,F,100,89.97
2025-11-07,9:52:39.391673486,T,TGT,F I,4,89.97
2025-11-07,9:52:39.391676518,T,TGT,F I,1,89.97
2025-11-07,9:52:39.392200166,T,TGT,F I,19,89.98
2025-11-07,9:52:39.392461379,T,TGT,I,3,89.98
2025-11-07,9:52:39.392461379,T,TGT,I,5,89.98
2025-11-07,9:52:39.393140956,T,TGT,F I,15,89.98
2025-11-07,9:52:40.530985656,T,TGT,I,2,89.985
2025-11-07,9:52:40.646072939,T,TGT,I,2,89.985
2025-11-07,9:52:43.793352862,T,TGT,I,2,90.0
2025-11-07,9:52:44.918191779,T,TGT,I,2,90.0
2025-11-07,9:52:57.782869891,T,TGT,I,70,90.01
2025-11-07,9:52:57.813762411,T,TGT,I,1,90.03
2025-11-07,9:53:07.636152829,T,TGT,F I,1,89.91
2025-11-07,9:53:07.717394454,T,TGT,I,5,89.915
2025-11-07,9:53:07.717397495,T,TGT,I,60,89.92
2025-11-07,9:53:07.717397495,T,TGT,I,9,89.93
2025-11-07,9:53:09.003940412,T,TGT,I,5,89.92
2025-11-07,9:53:09.003940412,T,TGT,I,40,89.92
2025-11-07,9:53:09.003946451,T,TGT,I,1,89.92
2025-11-07,9:53:09.003946451,T,TGT,I,4,89.94
2025-11-07,9:53:09.004271169,T,TGT,I,12,89.92
2025-11-07,9:53:09.962621810,T,TGT,F I,2,89.89
2025-11-07,9:53:09.962867850,T,TGT,I,10,89.89
2025-11-07,9:53:27.108066764,T,TGT,I,2,89.875
2025-11-07,9:53:27.108373538,T,TGT,I,75,89.875
2025-11-07,9:53:27.108388506,T,TGT,I,23,89.875
2025-11-07,9:53:27.108391545,T,TGT,I,30,89.875
2025-11-07,9:53:27.108395355,T,TGT,I,19,89.875
2025-11-07,9:53:27.108397639,T,TGT,I,21,89.875
2025-11-07,9:53:27.108529924,T,TGT,,100,89.9
2025-11-07,9:53:27.108533130,T,TGT,,100,89.9
2025-11-07,9:53:27.108535903,T,TGT,I,12,89.9
2025-11-07,9:53:27.108535903,T,TGT,,100,89.9
2025-11-07,9:53:27.108538882,T,TGT,,100,89.9
2025-11-07,9:53:27.108538882,T,TGT,I,50,89.9
2025-11-07,9:53:27.108547978,T,TGT,I,1,89.9
2025-11-07,9:53:27.108565939,T,TGT,I,1,89.9
2025-11-07,9:53:27.108565939,T,TGT,I,1,89.9
2025-11-07,9:53:27.108569395,T,TGT,I,7,89.9
2025-11-07,9:53:27.108569395,T,TGT,I,1,89.9
2025-11-07,9:53:27.108572270,T,TGT,I,1,89.9
2025-11-07,9:53:27.108572270,T,TGT,I,1,89.9
2025-11-07,9:53:27.108581145,T,TGT,I,27,89.9
2025-11-07,9:53:27.114541234,T,TGT,I,10,89.9
2025-11-07,9:53:27.206304795,T,TGT,F I,2,89.89
2025-11-07,9:53:27.206304795,T,TGT,F,100,89.89
2025-11-07,9:53:29.122070199,T,TGT,I,5,89.89
2025-11-07,9:53:29.122070199,T,TGT,I,30,89.89
2025-11-07,9:53:29.169279392,T,TGT,I,2,89.9
2025-11-07,9:53:30.825953137,T,TGT,I,75,89.895
2025-11-07,9:53:31.744142869,T,TGT,F I,75,89.89
2025-11-07,9:53:31.744190971,T,TGT,F I,25,89.89
2025-11-07,9:53:32.738169899,T,TGT,F,600,89.92
2025-11-07,9:53:33.169694890,T,TGT,F I,7,89.93
2025-11-07,9:53:33.169698260,T,TGT,F,100,89.93
2025-11-07,9:53:33.169698260,T,TGT,F I,51,89.93
2025-11-07,9:53:33.169734463,T,TGT,F I,11,89.94
2025-11-07,9:53:33.169736974,T,TGT,F I,20,89.94
2025-11-07,9:53:33.170236256,T,TGT,F I,29,89.94
2025-11-07,9:53:33.170470696,T,TGT,F,100,89.95
2025-11-07,9:53:35.994745359,T,TGT,I,13,89.945
2025-11-07,9:53:35.994745359,T,TGT,I,6,89.945
2025-11-07,9:53:35.994748468,T,TGT,I,6,89.945
2025-11-07,9:53:35.997283322,T,TGT,I,7,89.945
2025-11-07,9:53:45.283983610,T,TGT,F,100,89.94
2025-11-07,9:53:45.283986623,T,TGT,F,118,89.94
2025-11-07,9:53:45.284008273,T,TGT,I,1,89.94
2025-11-07,9:53:45.284031751,T,TGT,I,5,89.94
2025-11-07,9:53:45.284079815,T,TGT,F I,94,89.94
2025-11-07,9:53:45.284079815,T,TGT,F I,6,89.94
2025-11-07,9:53:45.284092119,T,TGT,I,94,89.94
2025-11-07,9:53:45.284092119,T,TGT,I,6,89.94
2025-11-07,9:53:45.284098312,T,TGT,,194,89.94
2025-11-07,9:53:45.284344450,T,TGT,,100,89.95
2025-11-07,9:53:45.284900842,T,TGT,,100,89.95
2025-11-07,9:53:45.284967167,T,TGT,I,82,89.94
2025-11-07,9:53:45.284967167,T,TGT,I,18,89.94
2025-11-07,9:53:53.497060149,T,TGT,I,3,89.97
2025-11-07,9:53:53.592549522,T,TGT,I,3,89.97
2025-11-07,9:53:57.520269703,T,TGT,I,70,89.96
2025-11-07,9:53:57.548792611,T,TGT,F I,50,89.96
2025-11-07,9:53:57.552900499,T,TGT,I,3,89.95
2025-11-07,9:54:07.253046691,T,TGT,I,1,89.955
2025-11-07,9:54:07.432184135,T,TGT,I,75,89.98
2025-11-07,9:54:07.432184135,T,TGT,I,25,89.99
2025-11-07,9:54:07.432544266,T,TGT,I,31,89.99
2025-11-07,9:54:07.432562342,T,TGT,I,44,89.99
2025-11-07,9:54:07.432568345,T,TGT,I,30,89.99
2025-11-07,9:54:07.433001672,T,TGT,F I,50,89.98
2025-11-07,9:54:07.433001672,T,TGT,F I,8,89.97
2025-11-07,9:54:07.433004405,T,TGT,F I,19,89.97
2025-11-07,9:54:07.433016385,T,TGT,F I,50,89.97
2025-11-07,9:54:07.435894231,T,TGT,I,21,89.97
2025-11-07,9:54:09.626381968,T,TGT,F,100,89.94
2025-11-07,9:54:09.626381968,T,TGT,F I,50,89.93
2025-11-07,9:54:09.626385059,T,TGT,F I,20,89.93
2025-11-07,9:54:09.626385059,T,TGT,F I,21,89.93
2025-11-07,9:54:12.189844927,T,TGT,I,27,89.92
2025-11-07,9:54:12.189848142,T,TGT,I,47,89.92
2025-11-07,9:54:12.189851005,T,TGT,I,4,89.92
2025-11-07,9:54:12.189851005,T,TGT,I,38,89.92
2025-11-07,9:54:12.189854281,T,TGT,I,63,89.92
2025-11-07,9:54:14.922070055,T,TGT,F I,10,89.97
2025-11-07,9:54:14.922070055,T,TGT,F I,10,89.97
2025-11-07,9:54:14.922073022,T,TGT,F I,10,89.98
2025-11-07,9:54:14.924508894,T,TGT,I,9,89.99
2025-11-07,9:54:15.082709746,T,TGT,F,100,90.0
2025-11-07,9:54:15.245211020,T,TGT,,100,89.98
2025-11-07,9:54:23.245013197,T,TGT,F I,3,90.02
2025-11-07,9:54:23.245091380,T,TGT,F I,1,90.03
2025-11-07,9:54:23.245599529,T,TGT,F I,1,90.03
2025-11-07,9:54:25.085857718,T,TGT,I,58,90.05
2025-11-07,9:54:25.668646114,T,TGT,I,60,90.04
2025-11-07,9:54:25.668646114,T,TGT,I,8,90.05
2025-11-07,9:54:25.668667129,T,TGT,I,30,90.05
2025-11-07,9:54:25.668667129,T,TGT,I,1,90.05
2025-11-07,9:54:25.668670157,T,TGT,I,12,90.05
2025-11-07,9:54:25.668670157,T,TGT,I,50,90.05
2025-11-07,9:54:25.668685128,T,TGT,I,41,90.05
2025-11-07,9:54:33.415206031,T,TGT,I,7,90.07
2025-11-07,9:54:33.427803084,T,TGT,I,12,90.07
2025-11-07,9:54:33.427806044,T,TGT,I,13,90.07
2025-11-07,9:54:33.428350317,T,TGT,F I,24,90.07
2025-11-07,9:54:33.429748629,T,TGT,F I,5,90.07
2025-11-07,9:54:33.433525698,T,TGT,F I,34,90.06
2025-11-07,9:54:33.452464896,T,TGT,I,4,90.06
2025-11-07,9:54:33.452467830,T,TGT,I,50,90.06
2025-11-07,9:54:33.452470846,T,TGT,I,4,90.06
2025-11-07,9:54:34.138263756,T,TGT,F I,50,90.09
2025-11-07,9:54:34.138263756,T,TGT,F I,1,90.09
2025-11-07,9:54:34.138266568,T,TGT,F I,35,90.09
2025-11-07,9:54:34.138278602,T,TGT,I,1,90.09
2025-11-07,9:54:34.402623436,T,TGT,I,16,90.06
2025-11-07,9:54:35.298163023,T,TGT,,100,90.065
2025-11-07,9:54:36.181454234,T,TGT,I,75,90.065
2025-11-07,9:54:37.258169379,T,TGT,I,1,90.065
2025-11-07,9:54:38.256238205,T,TGT,F I,42,90.1
2025-11-07,9:54:38.256241187,T,TGT,F I,15,90.1
2025-11-07,9:54:38.256893707,T,TGT,F I,10,90.1
2025-11-07,9:54:38.256908753,T,TGT,I,10,90.1
2025-11-07,9:54:38.256929799,T,TGT,I,8,90.1
2025-11-07,9:54:38.861580274,T,TGT,,100,90.15
2025-11-07,9:54:38.861580274,T,TGT,I,16,90.15
2025-11-07,9:54:38.861617327,T,TGT,F I,1,90.16
2025-11-07,9:54:38.861622367,T,TGT,F I,20,90.16
2025-11-07,9:54:38.987875144,T,TGT,I,30,90.15
2025-11-07,9:54:38.987899203,T,TGT,F I,17,90.15
2025-11-07,9:54:40.018090484,T,TGT,I,7,90.15
2025-11-07,9:54:40.018141659,T,TGT,I,9,90.15
2025-11-07,9:54:40.019269371,T,TGT,F I,75,90.15
2025-11-07,9:54:40.019314464,T,TGT,F I,75,90.15
2025-11-07,9:54:40.019353742,T,TGT,,100,90.15
2025-11-07,9:54:40.019357616,T,TGT,I,8,90.14
2025-11-07,9:54:40.019357616,T,TGT,I,20,90.14
2025-11-07,9:54:40.019359523,T,TGT,I,70,90.14
2025-11-07,9:54:41.894615118,T,TGT,F,100,90.15
2025-11-07,9:54:41.894618764,T,TGT,F I,58,90.14
2025-11-07,9:54:41.894621206,T,TGT,F,400,90.14
2025-11-07,9:54:41.894624255,T,TGT,F,137,90.14
2025-11-07,9:54:41.894624255,T,TGT,F I,32,90.14
2025-11-07,9:54:41.894627158,T,TGT,F I,50,90.14
2025-11-07,9:54:41.894630173,T,TGT,F I,22,90.14
2025-11-07,9:54:41.894633213,T,TGT,I,1,90.14
2025-11-07,9:54:41.894642802,T,TGT,F I,77,90.14
2025-11-07,9:54:41.894642802,T,TGT,F I,12,90.14
2025-11-07,9:54:41.894645226,T,TGT,F I,27,90.14
2025-11-07,9:54:41.894648279,T,TGT,F I,2,90.14
2025-11-07,9:54:42.399653383,T,TGT,,100,90.145
2025-11-07,9:54:52.513913687,T,TGT,I,1,90.12
2025-11-07,9:54:52.513913687,T,TGT,I,26,90.12
2025-11-07,9:54:52.513916091,T,TGT,I,73,90.12
2025-11-07,9:54:52.513931218,T,TGT,I,1,90.12
2025-11-07,9:54:52.513934079,T,TGT,F I,26,90.12
2025-11-07,9:54:52.513946123,T,TGT,I,26,90.12
2025-11-07,9:54:53.793283990,T,TGT,F I,14,90.12
2025-11-07,9:54:53.793287004,T,TGT,F,100,90.12
2025-11-07,9:54:53.793530597,T,TGT,F I,14,90.12
2025-11-07,9:54:53.813212438,T,TGT,I,17,90.14
2025-11-07,9:54:53.986034246,T,TGT,F I,91,90.16
2025-11-07,9:54:55.275683712,T,TGT,I,35,90.16
2025-11-07,9:55:03.716255113,T,TGT,I,65,90.16
2025-11-07,9:55:03.716276093,T,TGT,I,10,90.16
2025-11-07,9:55:03.716609941,T,TGT,F,200,90.16
2025-11-07,9:55:03.716730562,T,TGT,I,75,90.16
2025-11-07,9:55:03.716730562,T,TGT,,100,90.15
2025-11-07,9:55:03.716754289,T,TGT,I,1,90.15
2025-11-07,9:55:03.716979822,T,TGT,F I,1,90.16
2025-11-07,9:55:09.410146004,T,TGT,I,10,90.13
2025-11-07,9:55:09.410173381,T,TGT,F I,51,90.12
2025-11-07,9:55:09.410173381,T,TGT,F I,22,90.12
2025-11-07,9:55:21.406992725,T,TGT,I,32,90.12
2025-11-07,9:55:21.407738507,T,TGT,I,18,90.12
2025-11-07,9:55:30.251011925,T,TGT,F I,22,90.13
2025-11-07,9:55:30.251018031,T,TGT,F,100,90.13
2025-11-07,9:55:30.251018031,T,TGT,F I,12,90.13
2025-11-07,9:55:30.251020425,T,TGT,F I,7,90.13
2025-11-07,9:55:30.251020425,T,TGT,F I,13,90.13
2025-11-07,9:55:30.251164770,T,TGT,F,100,90.14
2025-11-07,9:55:30.251167831,T,TGT,F I,8,90.14
2025-11-07,9:55:30.251167831,T,TGT,F I,3,90.14
2025-11-07,9:55:30.252475925,T,TGT,F I,5,90.14
2025-11-07,9:55:30.652777657,T,TGT,I,10,90.15
2025-11-07,9:55:30.706509657,T,TGT,I,75,90.15
2025-11-07,9:55:32.030663190,T,TGT,I,61,90.15
2025-11-07,9:55:32.030984921,T,TGT,,100,90.16
2025-11-07,9:55:37.408272537,T,TGT,I,1,90.17
2025-11-07,9:55:37.417567569,T,TGT,I,30,90.17
2025-11-07,9:55:37.508723715,T,TGT,I,7,90.18
2025-11-07,9:55:39.609216023,T,TGT,F I,3,90.15
2025-11-07,9:55:44.640384990,T,TGT,,100,90.15
2025-11-07,9:55:44.646582732,T,TGT,I,71,90.145
2025-11-07,9:55:45.356399729,T,TGT,I,3,90.145
2025-11-07,9:55:52.302527967,T,TGT,F I,7,90.15
2025-11-07,9:55:54.303092130,T,TGT,F I,5,90.14
2025-11-07,9:55:54.444895031,T,TGT,F I,1,90.12
2025-11-07,9:55:54.448804305,T,TGT,I,3,90.11
2025-11-07,9:55:55.775402782,T,TGT,F I,11,90.1
2025-11-07,9:56:01.776448341,T,TGT,F I,14,90.06
2025-11-07,9:56:01.776451354,T,TGT,F,100,90.06
2025-11-07,9:56:01.776974630,T,TGT,I,93,90.06
2025-11-07,9:56:01.777016765,T,TGT,I,11,90.07
2025-11-07,9:56:06.924617441,T,TGT,F I,46,90.05
2025-11-07,9:56:06.924620201,T,TGT,F I,54,90.05
2025-11-07,9:56:06.924623575,T,TGT,F I,4,90.05
2025-11-07,9:56:06.924623575,T,TGT,F I,9,90.05
2025-11-07,9:56:09.523552550,T,TGT,,100,90.045
2025-11-07,9:56:11.571575648,T,TGT,F I,96,90.03
2025-11-07,9:56:11.571578971,T,TGT,F,100,90.03
2025-11-07,9:56:11.571581651,T,TGT,,100,90.03
2025-11-07,9:56:11.571581651,T,TGT,F,196,90.03
2025-11-07,9:56:11.571593780,T,TGT,I,1,90.03
2025-11-07,9:56:11.571597187,T,TGT,F I,99,90.03
2025-11-07,9:56:11.571597187,T,TGT,F I,51,90.03
2025-11-07,9:56:11.571599642,T,TGT,I,53,90.03
2025-11-07,9:56:16.860272088,T,TGT,I,40,90.06
2025-11-07,9:56:16.860302191,T,TGT,I,60,90.06
2025-11-07,9:56:16.860302191,T,TGT,,100,90.06
2025-11-07,9:56:16.860314253,T,TGT,I,10,90.06
2025-11-07,9:56:16.860317193,T,TGT,I,19,90.06
2025-11-07,9:56:16.860362360,T,TGT,I,19,90.06
2025-11-07,9:56:17.586153441,T,TGT,F I,7,90.07
2025-11-07,9:56:24.828213611,T,TGT,I,75,90.05
2025-11-07,9:56:24.828240698,T,TGT,F I,25,90.05
2025-11-07,9:56:25.947597451,T,TGT,F I,11,90.08
2025-11-07,9:56:25.947604074,T,TGT,F,100,90.08
2025-11-07,9:56:30.686569460,T,TGT,F,100,90.1
2025-11-07,9:56:30.686572421,T,TGT,F I,5,90.1
2025-11-07,9:56:30.686587490,T,TGT,I,1,90.1
2025-11-07,9:56:30.686590410,T,TGT,I,6,90.1
2025-11-07,9:56:30.686629545,T,TGT,I,3,90.1
2025-11-07,9:56:32.918985815,T,TGT,I,7,90.1
2025-11-07,9:56:44.466971313,T,TGT,I,1,90.05
2025-11-07,9:56:44.467247972,T,TGT,F I,40,90.05
2025-11-07,9:56:47.280239589,T,TGT,I,2,90.06
2025-11-07,9:56:53.362882300,T,TGT,F I,2,90.05
2025-11-07,9:56:53.362882300,T,TGT,F I,50,90.05
2025-11-07,9:56:53.362884758,T,TGT,F I,27,90.05
2025-11-07,9:56:53.362899863,T,TGT,I,1,90.05
2025-11-07,9:57:01.652773494,T,TGT,I,75,90.055
2025-11-07,9:57:01.652821546,T,TGT,I,25,90.055
2025-11-07,9:57:02.791722110,T,TGT,I,5,90.07
2025-11-07,9:57:02.791724833,T,TGT,I,20,90.07
2025-11-07,9:57:03.707872530,T,TGT,I,26,90.05
2025-11-07,9:57:03.707911598,T,TGT,I,31,90.04
2025-11-07,9:57:03.709105425,T,TGT,F I,26,90.03
2025-11-07,9:57:03.709165512,T,TGT,,400,90.02
2025-11-07,9:57:03.709165512,T,TGT,I,15,90.02
2025-11-07,9:57:03.709574502,T,TGT,F I,10,90.01
2025-11-07,9:57:03.709595856,T,TGT,F I,20,90.01
2025-11-07,9:57:03.709598535,T,TGT,F I,10,90.01
2025-11-07,9:57:05.899093766,T,TGT,F I,12,90.015
2025-11-07,9:57:05.899123958,T,TGT,I,75,90.015
2025-11-07,9:57:05.900471096,T,TGT,F I,17,90.01
2025-11-07,9:57:07.387146777,T,TGT,I,75,90.015
2025-11-07,9:57:07.679257125,T,TGT,F,100,90.03
2025-11-07,9:57:07.679265670,T,TGT,I,10,90.03
2025-11-07,9:57:07.679785904,T,TGT,,100,90.03
2025-11-07,9:57:07.679891321,T,TGT,I,1,90.03
2025-11-07,9:57:14.621415276,T,TGT,I,50,90.01
2025-11-07,9:57:14.621433299,T,TGT,F I,50,90.01
2025-11-07,9:57:14.621956477,T,TGT,F I,25,90.0
2025-11-07,9:57:14.621962569,T,TGT,F I,23,90.0
2025-11-07,9:57:14.621962569,T,TGT,F,100,90.0
2025-11-07,9:57:20.517300146,T,TGT,I,7,89.975
2025-11-07,9:57:21.258469769,T,TGT,I,75,89.965
2025-11-07,9:57:22.702434886,T,TGT,F I,7,89.92
2025-11-07,9:57:22.722567759,T,TGT,I,20,89.91
2025-11-07,9:57:31.053167671,T,TGT,F I,14,89.95
2025-11-07,9:57:50.800684899,T,TGT,F I,30,89.91
2025-11-07,9:57:58.213720313,T,TGT,I,10,89.9
2025-11-07,9:57:58.214974316,T,TGT,I,70,89.9
2025-11-07,9:57:58.214974316,T,TGT,I,30,89.9
2025-11-07,9:58:00.578085581,T,TGT,F I,50,89.92
2025-11-07,9:58:00.578088286,T,TGT,F I,20,89.92
2025-11-07,9:58:00.578091112,T,TGT,F I,20,89.92
2025-11-07,9:58:00.578109162,T,TGT,I,20,89.92
2025-11-07,9:58:11.614257090,T,TGT,I,29,89.93
2025-11-07,9:58:11.614353610,T,TGT,I,9,89.93
2025-11-07,9:58:13.269051455,T,TGT,I,9,89.95
2025-11-07,9:58:16.385841623,T,TGT,F I,75,89.96
2025-11-07,9:58:16.385895752,T,TGT,F I,25,89.96
2025-11-07,9:58:16.385922821,T,TGT,F,100,89.97
2025-11-07,9:58:16.385926173,T,TGT,F,100,89.97
2025-11-07,9:58:16.385926173,T,TGT,F I,8,89.97
2025-11-07,9:58:16.386157845,T,TGT,F,100,89.97
2025-11-07,9:58:16.386160423,T,TGT,F I,2,89.96
2025-11-07,9:58:16.447184779,T,TGT,I,23,89.96
2025-11-07,9:58:16.649007573,T,TGT,F I,20,89.98
2025-11-07,9:58:16.649017320,T,TGT,F,100,89.98
2025-11-07,9:58:16.649017320,T,TGT,F I,5,89.98
2025-11-07,9:58:16.649452677,T,TGT,I,6,90.0
2025-11-07,9:58:16.649477377,T,TGT,I,44,90.0
2025-11-07,9:58:16.649480176,T,TGT,I,30,90.0
2025-11-07,9:58:20.426974109,T,TGT,F I,30,90.01
2025-11-07,9:58:20.426980669,T,TGT,F,174,90.01
2025-11-07,9:58:20.426989191,T,TGT,F I,26,90.01
2025-11-07,9:58:20.426989191,T,TGT,F I,32,90.01
2025-11-07,9:58:20.426992147,T,TGT,F I,5,90.01
2025-11-07,9:58:20.427512321,T,TGT,F I,30,90.02
2025-11-07,9:58:20.431024619,T,TGT,F,100,90.02
2025-11-07,9:58:33.343005932,T,TGT,I,11,90.02
2025-11-07,9:58:39.185478053,T,TGT,I,4,90.01
2025-11-07,9:58:39.185775784,T,TGT,I,3,90.01
2025-11-07,9:58:39.185778934,T,TGT,I,3,90.01
2025-11-07,9:58:39.185781898,T,TGT,I,4,90.01
2025-11-07,9:58:39.185781898,T,TGT,I,2,90.01
2025-11-07,9:58:39.187137987,T,TGT,,100,90.0
2025-11-07,9:58:39.187141391,T,TGT,,100,90.0
2025-11-07,9:58:39.187159134,T,TGT,F I,45,90.0
2025-11-07,9:58:39.187162970,T,TGT,F I,36,90.0
2025-11-07,9:58:39.187162970,T,TGT,F,100,90.0
2025-11-07,9:58:39.187165923,T,TGT,I,1,90.0
2025-11-07,9:58:39.187168063,T,TGT,I,16,90.0
2025-11-07,9:58:39.187174045,T,TGT,I,16,90.0
2025-11-07,9:58:39.187174045,T,TGT,I,18,90.0
2025-11-07,9:58:39.187177348,T,TGT,I,10,90.0
2025-11-07,9:58:39.187177348,T,TGT,F I,40,90.0
2025-11-07,9:58:39.187180608,T,TGT,F,141,90.0
2025-11-07,9:58:39.187186124,T,TGT,I,81,90.0
2025-11-07,9:58:39.187276846,T,TGT,F,100,90.01
2025-11-07,9:58:39.187313925,T,TGT,F I,21,90.02
2025-11-07,9:58:39.187313925,T,TGT,F I,11,90.02
2025-11-07,9:58:39.187318433,T,TGT,F,100,90.02
2025-11-07,9:58:39.187318433,T,TGT,F,100,90.02
2025-11-07,9:58:39.187321477,T,TGT,F I,50,90.02
2025-11-07,9:58:39.187378736,T,TGT,I,21,90.03
2025-11-07,9:58:39.187400157,T,TGT,I,9,90.02
2025-11-07,9:58:39.187402815,T,TGT,I,7,90.02
2025-11-07,9:58:39.187402815,T,TGT,I,20,90.02
2025-11-07,9:58:39.187448182,T,TGT,F I,50,90.03
2025-11-07,9:58:39.187448182,T,TGT,F I,11,90.04
2025-11-07,9:58:39.187454690,T,TGT,F I,22,90.04
2025-11-07,9:58:39.187454690,T,TGT,F I,20,90.04
2025-11-07,9:58:39.187457470,T,TGT,F I,7,90.04
2025-11-07,9:58:39.252480729,T,TGT,I,69,90.02
2025-11-07,9:58:39.252498735,T,TGT,F I,31,90.02
2025-11-07,9:58:45.823501530,T,TGT,I,21,90.04
2025-11-07,9:58:47.332608315,T,TGT,,100,90.05
2025-11-07,9:58:47.332941542,T,TGT,I,91,90.05
2025-11-07,9:58:47.332959563,T,TGT,I,1,90.05
2025-11-07,9:58:47.332980723,T,TGT,I,8,90.05
2025-11-07,9:58:47.332980723,T,TGT,I,10,90.05
2025-11-07,9:58:47.332983583,T,TGT,,100,90.05
2025-11-07,9:58:47.333031781,T,TGT,I,45,90.05
2025-11-07,9:58:47.333142961,T,TGT,I,55,90.05
2025-11-07,9:58:47.338519788,T,TGT,,100,90.05
2025-11-07,9:58:59.508762422,T,TGT,F I,15,90.06
2025-11-07,9:58:59.508762422,T,TGT,F I,77,90.06
2025-11-07,9:58:59.508765496,T,TGT,F I,29,90.06
2025-11-07,9:58:59.508765496,T,TGT,F I,22,90.06
2025-11-07,9:59:00.268212735,T,TGT,F I,49,90.05
2025-11-07,9:59:00.790397788,T,TGT,I,60,90.07
2025-11-07,9:59:00.790400848,T,TGT,I,70,90.08
2025-11-07,9:59:00.790536194,T,TGT,I,20,90.09
2025-11-07,9:59:00.790536194,T,TGT,I,22,90.09
2025-11-07,9:59:01.311653651,T,TGT,F I,29,90.07
2025-11-07,9:59:01.312083653,T,TGT,F I,28,90.06
2025-11-07,9:59:01.312110730,T,TGT,F I,72,90.06
2025-11-07,9:59:01.312110730,T,TGT,F I,6,90.06
2025-11-07,9:59:01.321168462,T,TGT,,100,90.055
2025-11-07,9:59:01.321172259,T,TGT,I,30,90.08
2025-11-07,9:59:01.321172259,T,TGT,I,23,90.09
2025-11-07,9:59:01.321175390,T,TGT,I,12,90.09
2025-11-07,9:59:01.321175390,T,TGT,I,50,90.09
2025-11-07,9:59:01.321177994,T,TGT,I,20,90.09
2025-11-07,9:59:01.321177994,T,TGT,,100,90.09
2025-11-07,9:59:02.434483535,T,TGT,I,7,90.1
2025-11-07,9:59:02.434486794,T,TGT,,100,90.1
2025-11-07,9:59:02.434490732,T,TGT,,100,90.11
2025-11-07,9:59:02.434492734,T,TGT,I,20,90.11
2025-11-07,9:59:02.434492734,T,TGT,I,10,90.11
2025-11-07,9:59:02.434525874,T,TGT,F,100,90.11
2025-11-07,9:59:02.434553317,T,TGT,F I,12,90.09
2025-11-07,9:59:02.434555789,T,TGT,F I,23,90.09
2025-11-07,9:59:02.434631456,T,TGT,I,48,90.08
2025-11-07,9:59:02.434631456,T,TGT,,100,90.08
2025-11-07,9:59:02.434658042,T,TGT,F I,10,90.08
2025-11-07,9:59:02.434781297,T,TGT,F I,10,90.08
2025-11-07,9:59:02.435506377,T,TGT,F I,12,90.06
2025-11-07,9:59:02.435513047,T,TGT,F I,23,90.06
2025-11-07,9:59:02.435513047,T,TGT,F I,48,90.06
2025-11-07,9:59:02.435539332,T,TGT,F I,50,90.05
2025-11-07,9:59:02.435542105,T,TGT,F I,20,90.05
2025-11-07,9:59:02.435737644,T,TGT,I,50,90.05
2025-11-07,9:59:02.440170793,T,TGT,,150,90.05
2025-11-07,9:59:02.440170793,T,TGT,I,20,90.05
2025-11-07,9:59:02.440176200,T,TGT,I,4,90.05
2025-11-07,9:59:02.440176200,T,TGT,I,19,90.05
2025-11-07,9:59:02.440176200,T,TGT,I,1,90.05
2025-11-07,9:59:02.440179139,T,TGT,I,56,90.05
2025-11-07,9:59:03.555199542,T,TGT,F I,14,90.06
2025-11-07,9:59:03.555488510,T,TGT,F,100,90.05
2025-11-07,9:59:03.560237400,T,TGT,I,32,90.06
2025-11-07,9:59:03.560240634,T,TGT,I,29,90.06
2025-11-07,9:59:03.560242672,T,TGT,I,29,90.06
2025-11-07,9:59:03.560242672,T,TGT,I,29,90.06
2025-11-07,9:59:03.560248626,T,TGT,,100,90.06
2025-11-07,9:59:03.560248626,T,TGT,I,50,90.06
2025-11-07,9:59:03.560248626,T,TGT,I,40,90.06
2025-11-07,9:59:03.981074289,T,TGT,F I,30,90.05
2025-11-07,9:59:03.981074289,T,TGT,F I,30,90.05
2025-11-07,9:59:03.981077240,T,TGT,F I,1,90.05
2025-11-07,9:59:04.733885436,T,TGT,F,100,90.07
2025-11-07,9:59:04.733885436,T,TGT,F I,28,90.07
2025-11-07,9:59:04.733887643,T,TGT,F I,29,90.07
2025-11-07,9:59:04.733890557,T,TGT,F I,28,90.07
2025-11-07,9:59:04.734828980,T,TGT,I,4,90.07
2025-11-07,9:59:04.734949033,T,TGT,,100,90.06
2025-11-07,9:59:04.734988426,T,TGT,I,11,90.05
2025-11-07,9:59:04.734991464,T,TGT,I,23,90.05
2025-11-07,9:59:04.734991464,T,TGT,I,50,90.05
2025-11-07,9:59:04.739405833,T,TGT,I,56,90.06
2025-11-07,9:59:04.739405833,T,TGT,I,89,90.06
2025-11-07,9:59:04.739408691,T,TGT,I,9,90.06
2025-11-07,9:59:04.739411820,T,TGT,I,28,90.06
2025-11-07,9:59:04.739411820,T,TGT,I,28,90.06
2025-11-07,9:59:04.739414737,T,TGT,I,5,90.06
2025-11-07,9:59:04.836019807,T,TGT,F I,55,90.05
2025-11-07,9:59:05.707366702,T,TGT,F I,37,90.04
2025-11-07,9:59:05.711015118,T,TGT,,100,90.045
2025-11-07,9:59:05.711017853,T,TGT,I,23,90.06
2025-11-07,9:59:05.711020448,T,TGT,I,11,90.06
2025-11-07,9:59:05.711020448,T,TGT,I,32,90.06
2025-11-07,9:59:05.711023475,T,TGT,I,10,90.06
2025-11-07,9:59:05.711023475,T,TGT,I,28,90.06
2025-11-07,9:59:05.716634957,T,TGT,I,54,90.06
2025-11-07,9:59:05.716634957,T,TGT,I,14,90.06
2025-11-07,9:59:05.716638399,T,TGT,,100,90.06
2025-11-07,9:59:05.716638399,T,TGT,,100,90.06
2025-11-07,9:59:05.716640861,T,TGT,,100,90.06
2025-11-07,9:59:05.716643821,T,TGT,I,30,90.06
2025-11-07,9:59:05.716818211,T,TGT,F,100,90.05
2025-11-07,9:59:05.716821342,T,TGT,F I,32,90.05
2025-11-07,9:59:05.716821342,T,TGT,F I,11,90.05
2025-11-07,9:59:05.716824228,T,TGT,F I,50,90.05
2025-11-07,9:59:06.144055234,T,TGT,I,32,90.06
2025-11-07,9:59:06.144058334,T,TGT,I,1,90.06
2025-11-07,9:59:06.144058334,T,TGT,I,10,90.06
2025-11-07,9:59:06.498317100,T,TGT,I,4,90.06
2025-11-07,9:59:06.503435274,T,TGT,I,96,90.06
2025-11-07,9:59:06.503438507,T,TGT,,100,90.06
2025-11-07,9:59:06.503438507,T,TGT,I,5,90.07
2025-11-07,9:59:07.547916844,T,TGT,F I,11,90.03
2025-11-07,9:59:07.547920420,T,TGT,F,100,90.03
2025-11-07,9:59:07.547922689,T,TGT,F I,20,90.03
2025-11-07,9:59:07.547922689,T,TGT,F,100,90.03
2025-11-07,9:59:07.547970636,T,TGT,F I,20,90.02
2025-11-07,9:59:07.550473513,T,TGT,I,99,90.04
2025-11-07,9:59:07.550473513,T,TGT,,100,90.04
2025-11-07,9:59:07.550475705,T,TGT,I,50,90.04
2025-11-07,9:59:07.550479596,T,TGT,I,6,90.04
2025-11-07,9:59:07.550484699,T,TGT,,100,90.06
2025-11-07,9:59:07.550484699,T,TGT,I,48,90.06
2025-11-07,9:59:07.550484699,T,TGT,I,42,90.06
2025-11-07,9:59:07.550484699,T,TGT,I,50,90.06
2025-11-07,9:59:07.556411759,T,TGT,F I,75,90.05
2025-11-07,9:59:07.556429841,T,TGT,F I,25,90.05
2025-11-07,9:59:07.556454074,T,TGT,F I,32,90.05
2025-11-07,9:59:07.556454074,T,TGT,F I,29,90.05
2025-11-07,9:59:07.556462891,T,TGT,F I,29,90.05
2025-11-07,9:59:07.556469718,T,TGT,I,16,90.05
2025-11-07,9:59:07.563093775,T,TGT,,100,90.05
2025-11-07,9:59:07.563096805,T,TGT,I,16,90.06
2025-11-07,9:59:07.563100073,T,TGT,I,50,90.06
2025-11-07,9:59:07.563100073,T,TGT,I,16,90.06
2025-11-07,9:59:07.563105777,T,TGT,I,2,90.06
2025-11-07,9:59:07.563114785,T,TGT,I,1,90.06
2025-11-07,9:59:07.563373339,T,TGT,F I,7,90.05
2025-11-07,9:59:07.644732372,T,TGT,F I,50,90.03
2025-11-07,9:59:07.644735552,T,TGT,F I,20,90.03
2025-11-07,9:59:07.644735552,T,TGT,F I,29,90.03
2025-11-07,9:59:07.644738264,T,TGT,F I,19,90.03
2025-11-07,9:59:07.645207321,T,TGT,I,29,90.02
2025-11-07,9:59:07.646958091,T,TGT,F I,23,90.04
2025-11-07,9:59:07.646958091,T,TGT,F I,11,90.04
2025-11-07,9:59:07.646963490,T,TGT,F I,66,90.04
2025-11-07,9:59:07.646963490,T,TGT,F I,33,90.04
2025-11-07,9:59:07.647059714,T,TGT,I,29,90.03
2025-11-07,9:59:07.647059714,T,TGT,I,11,90.03
2025-11-07,9:59:07.647366487,T,TGT,I,50,90.02
2025-11-07,9:59:07.647369479,T,TGT,I,7,90.02
2025-11-07,9:59:07.647405633,T,TGT,I,50,90.01
2025-11-07,9:59:07.647405633,T,TGT,I,70,90.01
2025-11-07,9:59:07.648019083,T,TGT,F I,70,90.01
2025-11-07,9:59:08.831897409,T,TGT,,100,90.02
2025-11-07,9:59:08.831900396,T,TGT,I,70,90.02
2025-11-07,9:59:10.442432272,T,TGT,I,50,90.05
2025-11-07,9:59:10.442435389,T,TGT,,100,90.05
2025-11-07,9:59:10.442438289,T,TGT,I,50,90.06
2025-11-07,9:59:10.442495776,T,TGT,F I,1,90.03
2025-11-07,9:59:10.442501476,T,TGT,F I,1,90.03
2025-11-07,9:59:10.442504500,T,TGT,F I,20,90.03
2025-11-07,9:59:10.442513665,T,TGT,F I,20,90.03
2025-11-07,9:59:10.453862994,T,TGT,I,20,90.04
2025-11-07,9:59:10.453862994,T,TGT,I,1,90.06
2025-11-07,9:59:10.453865645,T,TGT,I,1,90.06
2025-11-07,9:59:10.453868892,T,TGT,I,20,90.06
2025-11-07,9:59:10.453868892,T,TGT,I,50,90.06
2025-11-07,9:59:10.453872259,T,TGT,I,1,90.06
2025-11-07,9:59:10.453872259,T,TGT,I,20,90.06
2025-11-07,9:59:10.453875366,T,TGT,I,34,90.06
2025-11-07,9:59:10.453878218,T,TGT,I,10,90.06
2025-11-07,9:59:10.453878218,T,TGT,,100,90.06
2025-11-07,9:59:10.453881388,T,TGT,I,5,90.06
2025-11-07,9:59:10.453881388,T,TGT,I,26,90.06
2025-11-07,9:59:10.526130690,T,TGT,,100,90.03
2025-11-07,9:59:10.526130690,T,TGT,I,30,90.03
2025-11-07,9:59:10.529433217,T,TGT,,100,90.04
2025-11-07,9:59:10.529433217,T,TGT,,100,90.05
2025-11-07,9:59:10.529436668,T,TGT,I,19,90.05
2025-11-07,9:59:10.529436668,T,TGT,I,28,90.05
2025-11-07,9:59:10.529438568,T,TGT,I,20,90.05
2025-11-07,9:59:10.529489728,T,TGT,,100,90.03
2025-11-07,9:59:10.529489728,T,TGT,,100,90.03
2025-11-07,9:59:10.529511748,T,TGT,F I,18,90.03
2025-11-07,9:59:10.529514494,T,TGT,F I,1,90.03
2025-11-07,9:59:10.529517733,T,TGT,F I,34,90.03
2025-11-07,9:59:10.529517733,T,TGT,F I,18,90.03
2025-11-07,9:59:10.529519843,T,TGT,F I,10,90.03
2025-11-07,9:59:10.529570839,T,TGT,I,22,90.02
2025-11-07,9:59:10.529570839,T,TGT,I,11,90.02
2025-11-07,9:59:10.530794759,T,TGT,I,22,90.01
2025-11-07,9:59:10.530797808,T,TGT,I,47,90.01
2025-11-07,9:59:10.535188483,T,TGT,I,19,90.02
2025-11-07,9:59:10.535191891,T,TGT,I,11,90.02
2025-11-07,9:59:10.535191891,T,TGT,I,28,90.02
2025-11-07,9:59:10.535195215,T,TGT,I,28,90.02
2025-11-07,9:59:10.535195215,T,TGT,,100,90.02
2025-11-07,9:59:10.535197886,T,TGT,I,77,90.02
2025-11-07,9:59:10.535200263,T,TGT,I,19,90.02
2025-11-07,9:59:11.120574860,T,TGT,I,13,90.01
2025-11-07,9:59:11.738751674,T,TGT,,100,90.04
2025-11-07,9:59:11.738754841,T,TGT,I,19,90.04
2025-11-07,9:59:11.738758687,T,TGT,I,28,90.04
2025-11-07,9:59:11.738758687,T,TGT,I,50,90.04
2025-11-07,9:59:11.738763903,T,TGT,I,20,90.04
2025-11-07,9:59:11.740216066,T,TGT,F,100,90.02
2025-11-07,9:59:11.746609336,T,TGT,I,28,90.03
2025-11-07,9:59:11.746613275,T,TGT,I,46,90.04
2025-11-07,9:59:11.746613275,T,TGT,,100,90.04
2025-11-07,9:59:11.746616069,T,TGT,I,11,90.04
2025-11-07,9:59:11.746618279,T,TGT,I,22,90.04
2025-11-07,9:59:12.858472760,T,TGT,,100,90.05
2025-11-07,9:59:12.858475537,T,TGT,I,28,90.06
2025-11-07,9:59:12.858478414,T,TGT,I,5,90.06
2025-11-07,9:59:12.858478414,T,TGT,I,50,90.07
2025-11-07,9:59:12.858481209,T,TGT,I,20,90.07
2025-11-07,9:59:12.858481209,T,TGT,I,50,90.08
2025-11-07,9:59:12.858484434,T,TGT,I,10,90.08
2025-11-07,9:59:12.858484434,T,TGT,I,50,90.09
2025-11-07,9:59:12.858490197,T,TGT,I,20,90.09
2025-11-07,9:59:12.859368623,T,TGT,I,11,90.05
2025-11-07,9:59:12.859368623,T,TGT,I,20,90.05
2025-11-07,9:59:12.865722431,T,TGT,,100,90.05
2025-11-07,9:59:12.865725388,T,TGT,,100,90.05
2025-11-07,9:59:12.865728421,T,TGT,,100,90.05
2025-11-07,9:59:13.417398637,T,TGT,F I,50,90.02
2025-11-07,9:59:13.419611935,T,TGT,I,20,90.02
2025-11-07,9:59:13.911641239,T,TGT,F I,1,90.045
2025-11-07,9:59:13.911767511,T,TGT,I,6,90.035
2025-11-07,9:59:13.911818723,T,TGT,F I,50,90.04
2025-11-07,9:59:13.911858111,T,TGT,I,25,90.04
2025-11-07,9:59:13.911866814,T,TGT,I,50,90.02
2025-11-07,9:59:13.911890905,T,TGT,I,8,90.03
2025-11-07,9:59:13.911964004,T,TGT,I,11,90.01
