DATE,TIME_M,EX,SYM_ROOT,TR_SCOND,SIZE,PRICE
2025-12-08,9:30:00.524315212,T,TGT,,100,92.605
2025-12-08,9:30:00.524336286,T,TGT,Q,100,92.605
2025-12-08,9:30:01.364715466,T,TGT,F,100,92.71
2025-12-08,9:30:01.364718477,T,TGT,F I,8,92.78
2025-12-08,9:30:04.744990600,T,TGT,F I,39,92.57
2025-12-08,9:30:05.476970376,T,TGT,I,1,92.47
2025-12-08,9:30:12.824507138,T,TGT,I,38,92.57
2025-12-08,9:30:12.847316453,T,TGT,F I,62,92.59
2025-12-08,9:30:12.847466811,T,TGT,F I,1,92.59
2025-12-08,9:30:12.882611487,T,TGT,I,6,92.63
2025-12-08,9:30:12.882614605,T,TGT,,100,92.63
2025-12-08,9:30:12.882614605,T,TGT,I,7,92.63
2025-12-08,9:30:12.882629642,T,TGT,I,1,92.63
2025-12-08,9:30:13.114145188,T,TGT,F I,8,92.63
2025-12-08,9:30:15.591143377,T,TGT,F I,10,92.68
2025-12-08,9:30:15.969721264,T,TGT,I,17,92.7
2025-12-08,9:30:15.970061055,T,TGT,F I,48,92.73
2025-12-08,9:30:15.973561422,T,TGT,I,5,92.74
2025-12-08,9:30:15.974743244,T,TGT,I,54,92.78
2025-12-08,9:30:16.337852333,T,TGT,F I,4,92.8
2025-12-08,9:30:24.376041405,T,TGT,I,50,92.675
2025-12-08,9:30:27.052424340,T,TGT,F,321,92.8
2025-12-08,9:30:27.052424340,T,TGT,F I,36,92.8
2025-12-08,9:30:27.052424340,T,TGT,F I,1,92.8
2025-12-08,9:30:27.052426908,T,TGT,F,600,92.8
2025-12-08,9:30:27.052429614,T,TGT,F I,1,92.8
2025-12-08,9:30:27.052439333,T,TGT,F,100,92.8
2025-12-08,9:30:27.052480804,T,TGT,I,66,92.76
2025-12-08,9:30:27.052501790,T,TGT,I,1,92.76
2025-12-08,9:30:27.052552951,T,TGT,F I,33,92.76
2025-12-08,9:30:27.052730354,T,TGT,F I,66,92.76
2025-12-08,9:30:27.052730354,T,TGT,F I,1,92.76
2025-12-08,9:30:27.052733386,T,TGT,F I,33,92.76
2025-12-08,9:30:27.240109788,T,TGT,F I,2,92.81
2025-12-08,9:30:28.126814181,T,TGT,F I,1,92.82
2025-12-08,9:30:31.128815135,T,TGT,F I,8,92.82
2025-12-08,9:30:31.130222555,T,TGT,F I,50,92.755
2025-12-08,9:30:31.130354879,T,TGT,F I,31,92.755
2025-12-08,9:30:31.495800399,T,TGT,,100,92.7
2025-12-08,9:30:38.197242423,T,TGT,F I,60,92.56
2025-12-08,9:30:38.197244851,T,TGT,F,166,92.55
2025-12-08,9:30:38.197248799,T,TGT,I,34,92.55
2025-12-08,9:30:38.197248799,T,TGT,I,23,92.55
2025-12-08,9:30:38.197253883,T,TGT,I,2,92.55
2025-12-08,9:30:38.197253883,T,TGT,I,1,92.55
2025-12-08,9:30:38.198243681,T,TGT,F I,1,92.5
2025-12-08,9:30:38.198246238,T,TGT,F I,11,92.5
2025-12-08,9:30:38.198249295,T,TGT,F,100,92.5
2025-12-08,9:30:38.198297859,T,TGT,F I,6,92.49
2025-12-08,9:30:38.198300427,T,TGT,F I,10,92.49
2025-12-08,9:30:38.198300427,T,TGT,F I,20,92.49
2025-12-08,9:30:38.198303474,T,TGT,F I,6,92.48
2025-12-08,9:30:38.198306452,T,TGT,F I,20,92.48
2025-12-08,9:30:38.199085346,T,TGT,F I,5,92.44
2025-12-08,9:30:38.199088205,T,TGT,F I,20,92.44
2025-12-08,9:30:38.199091527,T,TGT,F I,2,92.44
2025-12-08,9:30:38.199091527,T,TGT,F I,1,92.44
2025-12-08,9:30:38.199091527,T,TGT,F I,2,92.44
2025-12-08,9:30:38.200381372,T,TGT,I,18,92.43
2025-12-08,9:30:38.201752599,T,TGT,F I,4,92.36
2025-12-08,9:30:38.202035326,T,TGT,F I,4,92.35
2025-12-08,9:30:39.032743394,T,TGT,I,75,92.41
2025-12-08,9:30:39.032761946,T,TGT,I,1,92.41
2025-12-08,9:30:39.032782442,T,TGT,F,524,92.41
2025-12-08,9:30:59.294652457,T,TGT,I,25,92.45
2025-12-08,9:30:59.294655424,T,TGT,,200,92.41
2025-12-08,9:30:59.294658240,T,TGT,I,75,92.41
2025-12-08,9:30:59.294658240,T,TGT,F I,25,92.41
2025-12-08,9:30:59.294751434,T,TGT,F I,2,92.37
2025-12-08,9:30:59.294796512,T,TGT,F I,2,92.36
2025-12-08,9:30:59.294847654,T,TGT,F I,2,92.35
2025-12-08,9:30:59.298916405,T,TGT,I,80,92.34
2025-12-08,9:30:59.303282746,T,TGT,I,1,92.3
2025-12-08,9:30:59.545895523,T,TGT,I,1,92.26
2025-12-08,9:30:59.545895523,T,TGT,I,20,92.25
2025-12-08,9:30:59.545900770,T,TGT,I,20,92.25
2025-12-08,9:30:59.545900770,T,TGT,,307,92.25
2025-12-08,9:30:59.545906787,T,TGT,,193,92.25
2025-12-08,9:30:59.545990974,T,TGT,F,100,92.28
2025-12-08,9:30:59.546057122,T,TGT,F I,50,92.27
2025-12-08,9:30:59.546105288,T,TGT,F I,50,92.27
2025-12-08,9:30:59.547638924,T,TGT,,100,92.28
2025-12-08,9:31:04.978872210,T,TGT,I,35,92.22
2025-12-08,9:31:04.978875215,T,TGT,,100,92.22
2025-12-08,9:31:04.979151944,T,TGT,F,100,92.21
2025-12-08,9:31:04.979154923,T,TGT,F,271,92.21
2025-12-08,9:31:04.979203094,T,TGT,F,100,92.2
2025-12-08,9:31:04.979206102,T,TGT,F I,2,92.2
2025-12-08,9:31:04.979206102,T,TGT,F I,5,92.2
2025-12-08,9:31:04.979569885,T,TGT,,100,92.2
2025-12-08,9:31:04.979714226,T,TGT,F I,1,92.19
2025-12-08,9:31:05.022698950,T,TGT,F,100,92.1
2025-12-08,9:31:05.022704702,T,TGT,F I,20,92.1
2025-12-08,9:31:05.022716727,T,TGT,I,1,92.1
2025-12-08,9:31:05.573683329,T,TGT,F I,40,92.11
2025-12-08,9:31:06.572326498,T,TGT,,150,92.08
2025-12-08,9:31:06.632945138,T,TGT,I,77,92.0
2025-12-08,9:31:06.632945138,T,TGT,I,10,92.0
2025-12-08,9:31:06.632948582,T,TGT,I,1,92.0
2025-12-08,9:31:06.632950926,T,TGT,I,32,92.0
2025-12-08,9:31:06.632963475,T,TGT,I,62,92.0
2025-12-08,9:31:06.632978065,T,TGT,I,1,92.0
2025-12-08,9:31:06.633029072,T,TGT,F I,5,92.0
2025-12-08,9:31:06.633032472,T,TGT,F I,5,92.0
2025-12-08,9:31:06.633035107,T,TGT,F I,1,92.0
2025-12-08,9:31:06.633035107,T,TGT,F I,10,92.0
2025-12-08,9:31:06.633910193,T,TGT,F I,66,92.03
2025-12-08,9:31:06.633916255,T,TGT,F I,34,92.03
2025-12-08,9:31:06.633919262,T,TGT,F I,16,92.04
2025-12-08,9:31:06.633928440,T,TGT,F I,29,92.04
2025-12-08,9:31:06.633928440,T,TGT,F I,21,92.04
2025-12-08,9:31:06.633937296,T,TGT,F I,50,92.04
2025-12-08,9:31:06.633967344,T,TGT,I,16,92.0
2025-12-08,9:31:06.633982344,T,TGT,I,16,92.0
2025-12-08,9:31:06.633994545,T,TGT,I,13,92.0
2025-12-08,9:31:06.633997412,T,TGT,I,2,92.0
2025-12-08,9:31:06.634012469,T,TGT,F I,5,92.03
2025-12-08,9:31:06.634036481,T,TGT,F I,5,92.02
2025-12-08,9:31:06.634048610,T,TGT,F I,22,92.02
2025-12-08,9:31:06.634060533,T,TGT,I,5,92.0
2025-12-08,9:31:06.634117909,T,TGT,I,22,92.01
2025-12-08,9:31:06.634355250,T,TGT,I,2,92.01
2025-12-08,9:31:06.634388375,T,TGT,I,44,92.01
2025-12-08,9:31:06.634439528,T,TGT,F,100,92.02
2025-12-08,9:31:06.641196580,T,TGT,I,32,92.02
2025-12-08,9:31:06.641196580,T,TGT,I,5,92.02
2025-12-08,9:31:06.683594619,T,TGT,F I,2,92.07
2025-12-08,9:31:06.683624661,T,TGT,I,2,92.07
2025-12-08,9:31:16.327600372,T,TGT,,100,91.99
2025-12-08,9:31:17.563346332,T,TGT,F I,50,92.0
2025-12-08,9:31:22.760047964,T,TGT,F I,1,91.94
2025-12-08,9:31:22.760493550,T,TGT,F I,11,91.96
2025-12-08,9:31:22.760499596,T,TGT,F I,75,91.96
2025-12-08,9:31:22.760511049,T,TGT,F I,11,91.96
2025-12-08,9:31:22.760544182,T,TGT,F I,11,91.98
2025-12-08,9:31:22.760607339,T,TGT,F I,50,91.98
2025-12-08,9:31:22.760962131,T,TGT,,100,91.98
2025-12-08,9:31:22.761001336,T,TGT,I,1,91.98
2025-12-08,9:31:22.761001336,T,TGT,I,10,91.98
2025-12-08,9:31:22.761732168,T,TGT,F,100,91.98
2025-12-08,9:31:24.002181216,T,TGT,F I,50,92.01
2025-12-08,9:31:24.002184175,T,TGT,F I,50,92.01
2025-12-08,9:31:24.002196241,T,TGT,F I,20,92.01
2025-12-08,9:31:24.002196241,T,TGT,F I,30,92.02
2025-12-08,9:31:24.002247370,T,TGT,F I,20,92.02
2025-12-08,9:31:27.381130173,T,TGT,,100,92.005
2025-12-08,9:31:40.249038700,T,TGT,F I,60,91.98
2025-12-08,9:31:40.249041737,T,TGT,F I,10,91.99
2025-12-08,9:31:40.249041737,T,TGT,F I,50,91.99
2025-12-08,9:31:40.249096115,T,TGT,I,12,91.95
2025-12-08,9:31:40.249096115,T,TGT,,100,91.95
2025-12-08,9:31:40.249098794,T,TGT,I,38,91.94
2025-12-08,9:31:40.369520678,T,TGT,,100,91.935
2025-12-08,9:31:40.370639394,T,TGT,,100,91.935
2025-12-08,9:31:48.249725441,T,TGT,F,100,91.925
2025-12-08,9:31:48.249725441,T,TGT,F,600,91.97
2025-12-08,9:31:48.249728392,T,TGT,F,600,91.97
2025-12-08,9:31:48.249737439,T,TGT,F,100,91.97
2025-12-08,9:31:48.249794592,T,TGT,F I,30,91.97
2025-12-08,9:31:48.249968990,T,TGT,F I,6,91.94
2025-12-08,9:31:48.249972731,T,TGT,F I,33,91.94
2025-12-08,9:31:48.250041307,T,TGT,I,26,91.94
2025-12-08,9:31:48.251457596,T,TGT,F I,50,91.9
2025-12-08,9:31:48.251460589,T,TGT,F,200,91.9
2025-12-08,9:31:48.251473479,T,TGT,F,150,91.9
2025-12-08,9:31:50.161638657,T,TGT,F I,38,91.9
2025-12-08,9:31:50.161638657,T,TGT,F I,50,91.9
2025-12-08,9:31:51.277527847,T,TGT,F I,36,91.9
2025-12-08,9:31:51.277530845,T,TGT,F I,2,91.9
2025-12-08,9:31:52.524668060,T,TGT,,100,91.87
2025-12-08,9:31:52.524881521,T,TGT,F I,50,91.87
2025-12-08,9:31:52.524932612,T,TGT,F I,50,91.87
2025-12-08,9:31:53.335745292,T,TGT,F I,50,91.85
2025-12-08,9:31:54.019818114,T,TGT,I,60,91.87
2025-12-08,9:32:02.730093485,T,TGT,F I,3,91.87
2025-12-08,9:32:06.571565218,T,TGT,I,99,91.89
2025-12-08,9:32:06.571568274,T,TGT,,255,91.89
2025-12-08,9:32:07.201018896,T,TGT,F I,50,91.9
2025-12-08,9:32:15.867101400,T,TGT,F I,5,91.8
2025-12-08,9:32:15.872105109,T,TGT,F I,60,91.77
2025-12-08,9:32:15.872107966,T,TGT,F I,50,91.77
2025-12-08,9:32:15.872195079,T,TGT,,100,91.77
2025-12-08,9:32:15.873305232,T,TGT,F I,50,91.82
2025-12-08,9:32:15.873361863,T,TGT,I,3,91.8
2025-12-08,9:32:15.873364773,T,TGT,I,72,91.79
2025-12-08,9:32:15.873383509,T,TGT,I,1,91.79
2025-12-08,9:32:15.873395515,T,TGT,I,1,91.79
2025-12-08,9:32:15.873403894,T,TGT,I,1,91.79
2025-12-08,9:32:15.873403894,T,TGT,I,74,91.79
2025-12-08,9:32:19.041499880,T,TGT,F I,27,91.79
2025-12-08,9:32:19.041499880,T,TGT,F I,35,91.79
2025-12-08,9:32:19.041505999,T,TGT,F I,10,91.79
2025-12-08,9:32:19.041505999,T,TGT,F I,4,91.79
2025-12-08,9:32:19.041508782,T,TGT,F I,4,91.79
2025-12-08,9:32:19.041511776,T,TGT,F I,19,91.79
2025-12-08,9:32:19.041511776,T,TGT,F I,1,91.79
2025-12-08,9:32:19.041520669,T,TGT,F I,8,91.79
2025-12-08,9:32:21.374965845,T,TGT,F I,20,91.73
2025-12-08,9:32:21.375022986,T,TGT,F,100,91.73
2025-12-08,9:32:21.375350780,T,TGT,F I,7,91.75
2025-12-08,9:32:22.052720467,T,TGT,F I,25,91.79
2025-12-08,9:32:22.052723976,T,TGT,F,475,91.8
2025-12-08,9:32:22.052750508,T,TGT,F I,25,91.8
2025-12-08,9:32:24.010258467,T,TGT,F I,25,91.77
2025-12-08,9:32:24.010258467,T,TGT,F,100,91.75
2025-12-08,9:32:24.010261599,T,TGT,F I,25,91.74
2025-12-08,9:32:24.010264174,T,TGT,F I,1,91.7
2025-12-08,9:32:24.010267158,T,TGT,F I,20,91.7
2025-12-08,9:32:24.010270549,T,TGT,F I,20,91.69
2025-12-08,9:32:24.010270549,T,TGT,F I,20,91.69
2025-12-08,9:32:24.010273197,T,TGT,F,1000,91.68
2025-12-08,9:32:24.010273197,T,TGT,F I,20,91.68
2025-12-08,9:32:24.010276173,T,TGT,F I,33,91.67
2025-12-08,9:32:24.010871575,T,TGT,F,100,91.75
2025-12-08,9:32:24.010874593,T,TGT,F I,7,91.76
2025-12-08,9:32:24.011022665,T,TGT,I,25,91.77
2025-12-08,9:32:24.011262513,T,TGT,I,59,91.77
2025-12-08,9:32:24.011533192,T,TGT,F I,1,91.77
2025-12-08,9:32:24.011590339,T,TGT,F I,1,91.77
2025-12-08,9:32:24.011614393,T,TGT,I,1,91.77
2025-12-08,9:32:24.011617375,T,TGT,F I,3,91.79
2025-12-08,9:32:24.011620360,T,TGT,F I,3,91.79
2025-12-08,9:32:24.011629355,T,TGT,F I,17,91.79
2025-12-08,9:32:24.011827842,T,TGT,I,78,91.79
2025-12-08,9:32:24.011845878,T,TGT,I,1,91.79
2025-12-08,9:32:24.012384722,T,TGT,F,721,91.79
2025-12-08,9:32:24.012387560,T,TGT,F I,75,91.79
2025-12-08,9:32:24.012390264,T,TGT,F,240,91.79
2025-12-08,9:32:24.012390264,T,TGT,F I,3,91.79
2025-12-08,9:32:24.012393175,T,TGT,F,100,91.79
2025-12-08,9:32:24.012393175,T,TGT,F I,38,91.79
2025-12-08,9:32:27.449440599,T,TGT,F,100,91.73
2025-12-08,9:32:27.449458648,T,TGT,I,1,91.73
2025-12-08,9:32:29.284379408,T,TGT,F I,40,91.74
2025-12-08,9:32:29.284382842,T,TGT,F I,49,91.74
2025-12-08,9:32:29.284382842,T,TGT,F I,40,91.73
2025-12-08,9:32:29.284385093,T,TGT,F I,60,91.73
2025-12-08,9:32:29.385864900,T,TGT,I,27,91.72
2025-12-08,9:32:29.385894960,T,TGT,F I,25,91.72
2025-12-08,9:32:29.386466307,T,TGT,I,48,91.72
2025-12-08,9:32:34.643482600,T,TGT,I,25,91.68
2025-12-08,9:32:34.643485673,T,TGT,,942,91.67
2025-12-08,9:32:34.643491720,T,TGT,I,25,91.67
2025-12-08,9:32:34.643500621,T,TGT,I,40,91.67
2025-12-08,9:32:34.643578902,T,TGT,,100,91.67
2025-12-08,9:32:35.111520690,T,TGT,F I,50,91.75
2025-12-08,9:32:37.006298757,T,TGT,F I,50,91.78
2025-12-08,9:32:37.007913777,T,TGT,F,134,91.8
2025-12-08,9:32:37.007937668,T,TGT,I,1,91.8
2025-12-08,9:32:53.207507386,T,TGT,F I,25,91.68
2025-12-08,9:32:53.207507386,T,TGT,F I,7,91.68
2025-12-08,9:32:55.052700384,T,TGT,I,25,91.655
2025-12-08,9:32:55.057869701,T,TGT,F,200,91.655
2025-12-08,9:33:01.873845020,T,TGT,F I,10,91.66
2025-12-08,9:33:04.603968936,T,TGT,F I,10,91.6
2025-12-08,9:33:04.603971278,T,TGT,F I,40,91.6
2025-12-08,9:33:04.612631839,T,TGT,I,60,91.6
2025-12-08,9:33:04.835246212,T,TGT,I,50,91.645
2025-12-08,9:33:04.835285284,T,TGT,I,50,91.645
2025-12-08,9:33:04.835616067,T,TGT,,100,91.61
2025-12-08,9:33:04.837618873,T,TGT,,100,91.6
2025-12-08,9:33:04.838493992,T,TGT,I,10,91.56
2025-12-08,9:33:16.465508107,T,TGT,F I,39,91.59
2025-12-08,9:33:16.719297663,T,TGT,I,61,91.59
2025-12-08,9:33:17.330585012,T,TGT,I,10,91.55
2025-12-08,9:33:17.331817948,T,TGT,F,150,91.5
2025-12-08,9:33:17.331820962,T,TGT,F I,50,91.5
2025-12-08,9:33:19.261725865,T,TGT,F I,1,91.47
2025-12-08,9:33:19.627138327,T,TGT,F I,25,91.5
2025-12-08,9:33:26.454531898,T,TGT,F I,50,91.52
2025-12-08,9:33:26.454570948,T,TGT,F I,50,91.52
2025-12-08,9:33:26.518536375,T,TGT,I,6,91.52
2025-12-08,9:33:26.559202213,T,TGT,I,16,91.52
2025-12-08,9:33:28.627998983,T,TGT,I,50,91.53
2025-12-08,9:33:33.784491795,T,TGT,F,400,91.58
2025-12-08,9:33:33.784494865,T,TGT,F,500,91.58
2025-12-08,9:33:33.784494865,T,TGT,F I,10,91.58
2025-12-08,9:33:34.789982217,T,TGT,F I,50,91.61
2025-12-08,9:33:34.790313253,T,TGT,F I,25,91.61
2025-12-08,9:33:34.790316367,T,TGT,F I,25,91.61
2025-12-08,9:33:34.790634808,T,TGT,I,45,91.65
2025-12-08,9:33:34.791786541,T,TGT,F I,34,91.62
2025-12-08,9:33:34.791792602,T,TGT,F I,10,91.61
2025-12-08,9:33:34.791960944,T,TGT,,100,91.62
2025-12-08,9:33:34.791979996,T,TGT,I,1,91.62
2025-12-08,9:33:34.791982085,T,TGT,I,24,91.62
2025-12-08,9:33:34.792243635,T,TGT,F I,40,91.6
2025-12-08,9:33:34.792330832,T,TGT,,100,91.61
2025-12-08,9:33:34.802107178,T,TGT,I,3,91.6
2025-12-08,9:33:40.809086186,T,TGT,I,50,91.585
2025-12-08,9:33:42.897098604,T,TGT,F I,50,91.585
2025-12-08,9:33:42.897137773,T,TGT,F I,50,91.585
2025-12-08,9:33:53.179606597,T,TGT,F I,40,91.62
2025-12-08,9:33:53.179609619,T,TGT,F I,34,91.62
2025-12-08,9:33:54.414279231,T,TGT,,100,91.68
2025-12-08,9:33:55.085321800,T,TGT,I,4,91.68
2025-12-08,9:33:58.444333245,T,TGT,F I,25,91.64
2025-12-08,9:34:03.672513820,T,TGT,,120,91.68
2025-12-08,9:34:20.687036998,T,TGT,I,73,91.64
2025-12-08,9:34:20.687040026,T,TGT,I,29,91.63
2025-12-08,9:34:24.644098252,T,TGT,F I,8,91.63
2025-12-08,9:34:29.776121772,T,TGT,F,108,91.59
2025-12-08,9:34:29.776482718,T,TGT,F I,3,91.58
2025-12-08,9:34:29.776937249,T,TGT,F I,3,91.57
2025-12-08,9:34:29.777039042,T,TGT,F I,1,91.57
2025-12-08,9:34:29.795436858,T,TGT,I,54,91.56
2025-12-08,9:34:31.001258550,T,TGT,F I,1,91.52
2025-12-08,9:34:31.001820921,T,TGT,F I,6,91.54
2025-12-08,9:34:31.001826938,T,TGT,F I,4,91.54
2025-12-08,9:34:31.001829861,T,TGT,F I,10,91.54
2025-12-08,9:34:31.001829861,T,TGT,F I,3,91.54
2025-12-08,9:34:31.194634287,T,TGT,F I,6,91.52
2025-12-08,9:34:31.197154231,T,TGT,F I,40,91.54
2025-12-08,9:34:31.199572040,T,TGT,I,29,91.56
2025-12-08,9:34:31.199572040,T,TGT,I,2,91.56
2025-12-08,9:34:31.511754804,T,TGT,I,1,91.57
2025-12-08,9:34:35.323567065,T,TGT,F,600,91.61
2025-12-08,9:34:35.323569998,T,TGT,F I,98,91.61
2025-12-08,9:34:35.323569998,T,TGT,F I,2,91.61
2025-12-08,9:34:35.323982048,T,TGT,I,70,91.61
2025-12-08,9:34:35.325196898,T,TGT,F I,30,91.61
2025-12-08,9:34:35.325196898,T,TGT,F,100,91.61
2025-12-08,9:34:35.325199959,T,TGT,F,100,91.61
2025-12-08,9:34:35.325199959,T,TGT,F I,29,91.61
2025-12-08,9:34:47.167707405,T,TGT,I,10,91.66
2025-12-08,9:34:49.420870449,T,TGT,F,353,91.7
2025-12-08,9:34:49.420885310,T,TGT,I,1,91.7
2025-12-08,9:34:49.420888373,T,TGT,F,146,91.7
2025-12-08,9:35:07.454440374,T,TGT,F I,56,91.78
2025-12-08,9:35:07.454455458,T,TGT,F I,44,91.78
2025-12-08,9:35:07.454464458,T,TGT,F I,17,91.78
2025-12-08,9:35:07.454464458,T,TGT,F I,8,91.78
2025-12-08,9:35:12.351577310,T,TGT,F I,50,91.75
2025-12-08,9:35:16.933422022,T,TGT,F I,3,91.8
2025-12-08,9:35:22.745242019,T,TGT,F I,50,91.73
2025-12-08,9:35:25.366352497,T,TGT,F I,2,91.78
2025-12-08,9:35:28.480710253,T,TGT,F,100,91.71
2025-12-08,9:35:28.480728374,T,TGT,I,1,91.71
2025-12-08,9:35:28.480731224,T,TGT,F I,15,91.71
2025-12-08,9:35:28.480734232,T,TGT,I,54,91.71
2025-12-08,9:35:28.480755296,T,TGT,I,30,91.71
2025-12-08,9:35:28.480863625,T,TGT,F,300,91.7
2025-12-08,9:35:28.484751883,T,TGT,,100,91.66
2025-12-08,9:35:28.484751883,T,TGT,I,50,91.67
2025-12-08,9:35:28.484808949,T,TGT,I,50,91.67
2025-12-08,9:35:31.497431247,T,TGT,,100,91.635
2025-12-08,9:35:31.497431247,T,TGT,,255,91.65
2025-12-08,9:35:31.497434233,T,TGT,,255,91.66
2025-12-08,9:35:35.100167413,T,TGT,I,4,91.635
2025-12-08,9:35:38.016770947,T,TGT,I,56,91.59
2025-12-08,9:35:38.016789010,T,TGT,F I,44,91.59
2025-12-08,9:35:38.016797987,T,TGT,F,100,91.59
2025-12-08,9:35:38.016834066,T,TGT,I,40,91.58
2025-12-08,9:35:41.541958339,T,TGT,F I,32,91.59
2025-12-08,9:35:45.103297764,T,TGT,I,4,91.58
2025-12-08,9:35:45.106193747,T,TGT,,100,91.56
2025-12-08,9:35:45.106211760,T,TGT,F I,21,91.56
2025-12-08,9:35:45.106214753,T,TGT,I,1,91.56
2025-12-08,9:35:45.106220716,T,TGT,F I,50,91.56
2025-12-08,9:35:45.106256821,T,TGT,,128,91.56
2025-12-08,9:35:45.106262914,T,TGT,I,4,91.55
2025-12-08,9:35:45.229042392,T,TGT,I,6,91.55
2025-12-08,9:35:46.181865333,T,TGT,F,100,91.5
2025-12-08,9:35:46.192904705,T,TGT,I,1,91.47
2025-12-08,9:35:46.267564115,T,TGT,F I,1,91.5
2025-12-08,9:35:46.267566600,T,TGT,F I,50,91.5
2025-12-08,9:35:46.267572512,T,TGT,,108,91.5
2025-12-08,9:35:46.267584640,T,TGT,F I,42,91.5
2025-12-08,9:35:46.267593617,T,TGT,I,2,91.505
2025-12-08,9:35:46.268107863,T,TGT,F I,98,91.48
2025-12-08,9:35:46.268125911,T,TGT,,108,91.49
2025-12-08,9:35:46.268128845,T,TGT,F I,94,91.49
2025-12-08,9:35:46.268400133,T,TGT,F I,8,91.5
2025-12-08,9:35:46.268400133,T,TGT,F I,3,91.5
2025-12-08,9:35:46.268420623,T,TGT,,189,91.5
2025-12-08,9:35:46.268426640,T,TGT,F,100,91.51
2025-12-08,9:35:46.268441592,T,TGT,F I,3,91.5
2025-12-08,9:35:46.268445204,T,TGT,F I,8,91.5
2025-12-08,9:35:46.268447957,T,TGT,I,1,91.51
2025-12-08,9:35:46.269295680,T,TGT,F I,1,91.5
2025-12-08,9:35:46.269298704,T,TGT,F I,19,91.5
2025-12-08,9:35:49.075548238,T,TGT,F,219,91.45
2025-12-08,9:35:49.075843137,T,TGT,I,81,91.45
2025-12-08,9:35:49.157449745,T,TGT,,100,91.44
2025-12-08,9:35:49.157449745,T,TGT,I,32,91.44
2025-12-08,9:35:49.157466931,T,TGT,F I,13,91.44
2025-12-08,9:35:49.157472548,T,TGT,F I,55,91.44
2025-12-08,9:35:49.157472548,T,TGT,F I,19,91.44
2025-12-08,9:35:56.147162508,T,TGT,F I,10,91.45
2025-12-08,9:35:56.147565446,T,TGT,F I,10,91.49
2025-12-08,9:35:56.147568895,T,TGT,F,100,91.51
2025-12-08,9:35:56.147571543,T,TGT,F I,10,91.52
2025-12-08,9:35:56.147571543,T,TGT,F,449,91.52
2025-12-08,9:36:10.916471005,T,TGT,F I,50,91.5
2025-12-08,9:36:10.916471005,T,TGT,F I,1,91.5
2025-12-08,9:36:10.916473821,T,TGT,F I,30,91.5
2025-12-08,9:36:10.916951917,T,TGT,I,10,91.49
2025-12-08,9:36:10.917947291,T,TGT,I,10,91.49
2025-12-08,9:36:11.592845092,T,TGT,F I,51,91.52
2025-12-08,9:36:11.592848116,T,TGT,F I,9,91.52
2025-12-08,9:36:11.592848116,T,TGT,F I,11,91.52
2025-12-08,9:36:11.621518425,T,TGT,F I,50,91.54
2025-12-08,9:36:11.621527538,T,TGT,F I,30,91.54
2025-12-08,9:36:13.014629329,T,TGT,I,15,91.52
2025-12-08,9:36:14.181291859,T,TGT,F I,7,91.54
2025-12-08,9:36:14.181357987,T,TGT,I,43,91.54
2025-12-08,9:36:14.181884273,T,TGT,I,75,91.54
2025-12-08,9:36:14.181884273,T,TGT,I,33,91.54
2025-12-08,9:36:14.183147298,T,TGT,I,8,91.54
2025-12-08,9:36:14.212166379,T,TGT,I,8,91.535
2025-12-08,9:36:15.523599798,T,TGT,F I,14,91.525
2025-12-08,9:36:15.523638877,T,TGT,I,63,91.525
2025-12-08,9:36:15.999748105,T,TGT,F I,25,91.5
2025-12-08,9:36:16.002644054,T,TGT,,100,91.49
2025-12-08,9:36:16.002662123,T,TGT,F I,15,91.49
2025-12-08,9:36:16.002665013,T,TGT,I,1,91.49
2025-12-08,9:36:16.002677108,T,TGT,F I,50,91.49
2025-12-08,9:36:16.002731233,T,TGT,F I,34,91.49
2025-12-08,9:36:16.940202595,T,TGT,F,100,91.46
2025-12-08,9:36:20.068868369,T,TGT,F I,3,91.44
2025-12-08,9:36:20.068883417,T,TGT,F I,15,91.44
2025-12-08,9:36:20.068895525,T,TGT,I,15,91.44
2025-12-08,9:36:20.068907488,T,TGT,I,15,91.44
2025-12-08,9:36:20.068910524,T,TGT,I,15,91.44
2025-12-08,9:36:20.068916586,T,TGT,F I,50,91.44
2025-12-08,9:36:20.069130025,T,TGT,F I,5,91.44
2025-12-08,9:36:20.156843118,T,TGT,I,5,91.42
2025-12-08,9:36:20.156845972,T,TGT,I,21,91.42
2025-12-08,9:36:20.156867073,T,TGT,F I,79,91.42
2025-12-08,9:36:20.457655650,T,TGT,I,10,91.37
2025-12-08,9:36:23.500451805,T,TGT,F I,1,91.35
2025-12-08,9:36:25.110385261,T,TGT,I,4,91.38
2025-12-08,9:36:25.782696965,T,TGT,F I,5,91.34
2025-12-08,9:36:25.782700035,T,TGT,F I,26,91.34
2025-12-08,9:36:29.212488154,T,TGT,F,200,91.3
2025-12-08,9:36:29.212509492,T,TGT,F I,50,91.3
2025-12-08,9:36:29.212509492,T,TGT,F I,5,91.3
2025-12-08,9:36:30.188625763,T,TGT,I,48,91.31
2025-12-08,9:36:33.105806579,T,TGT,F I,25,91.28
2025-12-08,9:36:33.105809593,T,TGT,F I,41,91.27
2025-12-08,9:36:33.630045480,T,TGT,F,127,91.26
2025-12-08,9:36:34.166469498,T,TGT,F,115,91.26
2025-12-08,9:36:34.708592067,T,TGT,,100,91.285
2025-12-08,9:36:34.716488794,T,TGT,I,52,91.285
2025-12-08,9:36:41.922668182,T,TGT,F,100,91.275
2025-12-08,9:36:41.922668182,T,TGT,F I,20,91.3
2025-12-08,9:36:41.922670784,T,TGT,F,300,91.3
2025-12-08,9:36:41.922688897,T,TGT,I,1,91.3
2025-12-08,9:36:41.922694909,T,TGT,I,99,91.3
2025-12-08,9:36:41.922694909,T,TGT,I,1,91.3
2025-12-08,9:36:42.041111314,T,TGT,I,12,91.31
2025-12-08,9:36:42.041111314,T,TGT,I,7,91.32
2025-12-08,9:36:42.041114010,T,TGT,I,25,91.32
2025-12-08,9:36:43.074199157,T,TGT,F I,46,91.4
2025-12-08,9:36:43.074199157,T,TGT,F I,37,91.4
2025-12-08,9:36:43.074201165,T,TGT,F I,9,91.4
2025-12-08,9:36:43.074222716,T,TGT,F I,30,91.4
2025-12-08,9:36:43.074222716,T,TGT,F I,25,91.4
2025-12-08,9:36:45.354822674,T,TGT,I,9,91.38
2025-12-08,9:36:45.354831559,T,TGT,I,19,91.38
2025-12-08,9:36:47.171806134,T,TGT,I,8,91.38
2025-12-08,9:36:47.171808415,T,TGT,I,13,91.38
2025-12-08,9:36:47.171847435,T,TGT,,100,91.38
2025-12-08,9:36:48.170562722,T,TGT,I,11,91.38
2025-12-08,9:36:48.170571756,T,TGT,I,31,91.38
2025-12-08,9:36:48.542870726,T,TGT,I,8,91.38
2025-12-08,9:36:48.542876775,T,TGT,I,11,91.38
2025-12-08,9:36:50.405033144,T,TGT,F,100,91.44
2025-12-08,9:36:50.405051498,T,TGT,I,1,91.44
2025-12-08,9:36:50.405491236,T,TGT,I,9,91.44
2025-12-08,9:36:50.405491236,T,TGT,I,5,91.44
2025-12-08,9:36:50.405491236,T,TGT,I,65,91.44
2025-12-08,9:36:50.405520348,T,TGT,F,335,91.44
2025-12-08,9:36:50.405523299,T,TGT,F I,8,91.44
2025-12-08,9:36:50.405592462,T,TGT,,100,91.43
2025-12-08,9:36:50.405613533,T,TGT,I,1,91.44
2025-12-08,9:36:50.405619695,T,TGT,I,24,91.44
2025-12-08,9:36:50.405619695,T,TGT,I,76,91.42
2025-12-08,9:36:50.405649744,T,TGT,I,24,91.42
2025-12-08,9:36:50.405667671,T,TGT,F I,24,91.42
2025-12-08,9:36:50.405698754,T,TGT,I,30,91.42
2025-12-08,9:36:50.405704579,T,TGT,F I,29,91.41
2025-12-08,9:36:50.405704579,T,TGT,F,100,91.41
2025-12-08,9:36:50.405709757,T,TGT,I,10,91.41
2025-12-08,9:36:50.405721803,T,TGT,I,70,91.42
2025-12-08,9:36:50.405778899,T,TGT,F I,15,91.4
2025-12-08,9:36:50.405827055,T,TGT,F I,62,91.39
2025-12-08,9:36:50.405878184,T,TGT,,100,91.39
2025-12-08,9:36:50.406067551,T,TGT,F I,38,91.39
2025-12-08,9:36:50.406067551,T,TGT,F I,62,91.39
2025-12-08,9:36:51.793284480,T,TGT,I,6,91.41
2025-12-08,9:36:51.793287453,T,TGT,I,3,91.41
2025-12-08,9:36:51.857418269,T,TGT,F I,14,91.44
2025-12-08,9:36:51.857421674,T,TGT,F I,37,91.44
2025-12-08,9:36:51.857427341,T,TGT,F I,37,91.44
2025-12-08,9:36:51.857430349,T,TGT,F,112,91.44
2025-12-08,9:36:51.857440241,T,TGT,F,225,91.44
2025-12-08,9:36:51.857442481,T,TGT,F I,1,91.44
2025-12-08,9:36:51.857445901,T,TGT,F I,1,91.44
2025-12-08,9:36:51.857445901,T,TGT,F I,1,91.44
2025-12-08,9:36:51.857448387,T,TGT,F I,5,91.44
2025-12-08,9:36:53.200096120,T,TGT,I,11,91.47
2025-12-08,9:37:03.657717161,T,TGT,I,5,91.465
2025-12-08,9:37:09.697994548,T,TGT,I,5,91.465
2025-12-08,9:37:19.450035678,T,TGT,F I,5,91.46
2025-12-08,9:37:20.256683511,T,TGT,,100,91.455
2025-12-08,9:37:20.746535492,T,TGT,F I,5,91.44
2025-12-08,9:37:24.105366669,T,TGT,I,13,91.46
2025-12-08,9:37:24.105366669,T,TGT,I,38,91.46
2025-12-08,9:37:24.105372525,T,TGT,I,39,91.46
2025-12-08,9:37:24.105372525,T,TGT,I,8,91.46
2025-12-08,9:37:24.105375551,T,TGT,I,1,91.46
2025-12-08,9:37:24.106650655,T,TGT,,100,91.47
2025-12-08,9:37:24.106671659,T,TGT,I,6,91.47
2025-12-08,9:37:24.106674680,T,TGT,I,13,91.47
2025-12-08,9:37:24.106674680,T,TGT,I,40,91.47
2025-12-08,9:37:30.067214114,T,TGT,F,100,91.485
2025-12-08,9:37:32.502407031,T,TGT,F I,11,91.52
2025-12-08,9:37:32.502407031,T,TGT,F I,5,91.52
2025-12-08,9:37:32.502409649,T,TGT,F I,10,91.52
2025-12-08,9:37:32.502412692,T,TGT,F,100,91.52
2025-12-08,9:37:32.515211137,T,TGT,I,5,91.54
2025-12-08,9:37:32.515863696,T,TGT,F I,5,91.55
2025-12-08,9:37:34.096766077,T,TGT,,100,91.545
2025-12-08,9:37:34.189266395,T,TGT,I,5,91.545
2025-12-08,9:37:34.189924989,T,TGT,F I,50,91.52
2025-12-08,9:37:34.189949122,T,TGT,F I,1,91.52
2025-12-08,9:37:34.189976123,T,TGT,F I,49,91.52
2025-12-08,9:37:34.189979107,T,TGT,F I,1,91.51
2025-12-08,9:37:41.816893420,T,TGT,F I,1,91.48
2025-12-08,9:37:41.816920462,T,TGT,I,1,91.48
2025-12-08,9:37:41.816923528,T,TGT,I,1,91.48
2025-12-08,9:37:41.817034759,T,TGT,I,38,91.48
2025-12-08,9:37:45.160833155,T,TGT,I,33,91.47
2025-12-08,9:37:45.186318761,T,TGT,I,33,91.47
2025-12-08,9:37:45.698974134,T,TGT,F I,5,91.47
2025-12-08,9:37:45.698974134,T,TGT,F,100,91.46
2025-12-08,9:37:45.698977149,T,TGT,F I,2,91.46
2025-12-08,9:37:45.698977149,T,TGT,F I,95,91.46
2025-12-08,9:37:45.698989126,T,TGT,I,1,91.46
2025-12-08,9:37:45.698995568,T,TGT,I,2,91.46
2025-12-08,9:37:45.698998118,T,TGT,I,2,91.46
2025-12-08,9:37:45.699271829,T,TGT,F I,60,91.45
2025-12-08,9:37:45.729728315,T,TGT,F I,25,91.38
2025-12-08,9:37:45.729728315,T,TGT,F I,25,91.37
2025-12-08,9:37:45.735686677,T,TGT,F,100,91.34
2025-12-08,9:37:45.735686677,T,TGT,F I,20,91.33
2025-12-08,9:37:45.735689575,T,TGT,F,354,91.33
2025-12-08,9:37:45.735691530,T,TGT,F I,35,91.33
2025-12-08,9:37:45.735695143,T,TGT,F I,13,91.33
2025-12-08,9:37:45.735695143,T,TGT,F I,72,91.33
2025-12-08,9:37:45.735698236,T,TGT,F I,1,91.33
2025-12-08,9:37:45.735698236,T,TGT,F,100,91.33
2025-12-08,9:37:45.735700781,T,TGT,F I,13,91.33
2025-12-08,9:37:45.735700781,T,TGT,F I,87,91.33
2025-12-08,9:37:45.736710929,T,TGT,F I,40,91.31
2025-12-08,9:37:45.736713955,T,TGT,F I,50,91.31
2025-12-08,9:37:45.737047810,T,TGT,F I,1,91.29
2025-12-08,9:37:45.737553103,T,TGT,F I,1,91.27
2025-12-08,9:37:45.737555979,T,TGT,F,150,91.26
2025-12-08,9:37:45.737899179,T,TGT,F,150,91.26
2025-12-08,9:37:45.737901861,T,TGT,F I,35,91.26
2025-12-08,9:37:50.061948331,T,TGT,F I,25,91.31
2025-12-08,9:37:52.027337714,T,TGT,F I,25,91.29
2025-12-08,9:37:52.027524163,T,TGT,F I,25,91.29
2025-12-08,9:37:52.028399235,T,TGT,F I,95,91.26
2025-12-08,9:37:58.856613838,T,TGT,,150,91.29
2025-12-08,9:38:07.667689151,T,TGT,F I,5,91.26
2025-12-08,9:38:07.667689151,T,TGT,F I,66,91.26
2025-12-08,9:38:07.667692099,T,TGT,F I,50,91.26
2025-12-08,9:38:07.667737255,T,TGT,F I,84,91.26
2025-12-08,9:38:07.667737255,T,TGT,F I,11,91.25
2025-12-08,9:38:07.667743300,T,TGT,F,226,91.25
2025-12-08,9:38:07.667761267,T,TGT,I,5,91.25
2025-12-08,9:38:07.667764305,T,TGT,I,24,91.25
2025-12-08,9:38:07.667768210,T,TGT,I,1,91.25
2025-12-08,9:38:07.667768210,T,TGT,I,44,91.25
2025-12-08,9:38:07.667770454,T,TGT,I,9,91.25
2025-12-08,9:38:07.667770454,T,TGT,I,1,91.25
2025-12-08,9:38:09.253797265,T,TGT,I,5,91.28
2025-12-08,9:38:09.253800191,T,TGT,I,5,91.28
2025-12-08,9:38:09.253800191,T,TGT,I,6,91.28
2025-12-08,9:38:11.527399618,T,TGT,F,500,91.27
2025-12-08,9:38:11.527402451,T,TGT,F,185,91.27
2025-12-08,9:38:11.527405508,T,TGT,,315,91.27
2025-12-08,9:38:11.529318007,T,TGT,I,25,91.27
2025-12-08,9:38:11.529342076,T,TGT,F I,25,91.26
2025-12-08,9:38:11.531356941,T,TGT,F,100,91.25
2025-12-08,9:38:11.531360116,T,TGT,F I,45,91.25
2025-12-08,9:38:11.531360116,T,TGT,F I,2,91.25
2025-12-08,9:38:13.263636818,T,TGT,F I,50,91.24
2025-12-08,9:38:13.263681889,T,TGT,F I,50,91.24
2025-12-08,9:38:13.926139131,T,TGT,I,5,91.25
2025-12-08,9:38:13.926530096,T,TGT,I,40,91.24
2025-12-08,9:38:13.926557163,T,TGT,I,9,91.24
2025-12-08,9:38:14.852523121,T,TGT,I,51,91.24
2025-12-08,9:38:14.852523121,T,TGT,I,49,91.24
2025-12-08,9:38:14.852541221,T,TGT,I,8,91.24
2025-12-08,9:38:14.852553197,T,TGT,F I,43,91.24
2025-12-08,9:38:15.963550066,T,TGT,F I,50,91.23
2025-12-08,9:38:15.963589194,T,TGT,F I,50,91.23
2025-12-08,9:38:15.963622224,T,TGT,F I,5,91.23
2025-12-08,9:38:16.553925630,T,TGT,F,100,91.23
2025-12-08,9:38:16.555209708,T,TGT,,100,91.24
2025-12-08,9:38:16.555314917,T,TGT,F I,1,91.22
2025-12-08,9:38:16.555444221,T,TGT,I,1,91.24
2025-12-08,9:38:16.555588530,T,TGT,I,57,91.24
2025-12-08,9:38:16.555588530,T,TGT,I,40,91.24
2025-12-08,9:38:16.555949398,T,TGT,I,1,91.25
2025-12-08,9:38:16.556475662,T,TGT,I,28,91.23
2025-12-08,9:38:17.015949276,T,TGT,I,36,91.245
2025-12-08,9:38:24.251818088,T,TGT,I,5,91.23
2025-12-08,9:38:24.251818088,T,TGT,I,95,91.23
2025-12-08,9:38:24.989246948,T,TGT,F I,50,91.22
2025-12-08,9:38:24.989291999,T,TGT,F I,50,91.22
2025-12-08,9:38:26.421815165,T,TGT,F,100,91.21
2025-12-08,9:38:26.421815165,T,TGT,F I,1,91.21
2025-12-08,9:38:26.422518478,T,TGT,F I,1,91.2
2025-12-08,9:38:26.422521524,T,TGT,F I,1,91.2
2025-12-08,9:38:26.422659861,T,TGT,,100,91.21
2025-12-08,9:38:26.422677875,T,TGT,F I,8,91.21
2025-12-08,9:38:26.422684460,T,TGT,I,1,91.21
2025-12-08,9:38:26.422684460,T,TGT,I,59,91.21
2025-12-08,9:38:26.422900410,T,TGT,F I,5,91.21
2025-12-08,9:38:27.094349089,T,TGT,F,100,91.21
2025-12-08,9:38:27.947740299,T,TGT,F I,40,91.19
2025-12-08,9:38:27.947740299,T,TGT,F I,6,91.19
2025-12-08,9:38:28.147304574,T,TGT,,150,91.14
2025-12-08,9:38:28.187170563,T,TGT,,100,91.14
2025-12-08,9:38:28.412121553,T,TGT,I,50,91.14
2025-12-08,9:38:28.412124645,T,TGT,F I,50,91.14
2025-12-08,9:38:28.412124645,T,TGT,F I,5,91.13
2025-12-08,9:38:28.412145531,T,TGT,F I,45,91.13
2025-12-08,9:38:29.287528105,T,TGT,I,39,91.12
2025-12-08,9:38:29.287552122,T,TGT,I,21,91.12
2025-12-08,9:38:29.287588177,T,TGT,I,2,91.12
2025-12-08,9:38:31.686706774,T,TGT,F,199,91.12
2025-12-08,9:38:31.686728342,T,TGT,F I,1,91.12
2025-12-08,9:38:31.686728342,T,TGT,F I,15,91.12
2025-12-08,9:38:31.686730930,T,TGT,I,1,91.12
2025-12-08,9:38:31.686733939,T,TGT,F I,12,91.12
2025-12-08,9:38:31.686733939,T,TGT,F I,87,91.12
2025-12-08,9:38:32.094827114,T,TGT,I,27,91.12
2025-12-08,9:38:32.655224220,T,TGT,I,40,91.13
2025-12-08,9:38:32.655248286,T,TGT,F I,50,91.13
2025-12-08,9:38:33.117623822,T,TGT,F I,1,91.12
2025-12-08,9:38:33.136689188,T,TGT,F,1100,91.11
2025-12-08,9:38:33.151072520,T,TGT,I,1,91.1
2025-12-08,9:38:33.151072520,T,TGT,I,1,91.1
2025-12-08,9:38:35.523770368,T,TGT,F I,38,91.1
2025-12-08,9:38:35.523773421,T,TGT,F I,54,91.1
2025-12-08,9:38:35.523773421,T,TGT,F I,2,91.1
2025-12-08,9:38:35.523806430,T,TGT,I,7,91.11
2025-12-08,9:38:35.523827328,T,TGT,F I,18,91.11
2025-12-08,9:38:35.523830676,T,TGT,F I,6,91.11
2025-12-08,9:38:35.523878886,T,TGT,F I,3,91.11
2025-12-08,9:38:35.523881541,T,TGT,F,500,91.11
2025-12-08,9:38:35.523884510,T,TGT,F I,46,91.11
2025-12-08,9:38:37.216295640,T,TGT,F I,6,91.125
2025-12-08,9:38:37.216298412,T,TGT,F I,25,91.12
2025-12-08,9:38:37.216301527,T,TGT,F I,71,91.11
2025-12-08,9:38:41.178838839,T,TGT,I,1,91.1
2025-12-08,9:38:41.179208711,T,TGT,I,80,91.1
2025-12-08,9:38:43.732793339,T,TGT,F I,3,91.1
2025-12-08,9:38:56.049085606,T,TGT,F,100,91.1
2025-12-08,9:38:56.049088582,T,TGT,F I,32,91.1
2025-12-08,9:38:56.050165179,T,TGT,F,100,91.09
2025-12-08,9:38:57.683163682,T,TGT,F I,1,91.07
2025-12-08,9:38:57.683581694,T,TGT,F I,50,91.07
2025-12-08,9:38:57.683659787,T,TGT,,100,91.07
2025-12-08,9:38:57.684384458,T,TGT,F I,49,91.07
2025-12-08,9:38:57.687458362,T,TGT,F,100,91.07
2025-12-08,9:38:57.687460809,T,TGT,F I,6,91.07
2025-12-08,9:38:57.691024342,T,TGT,I,40,91.05
2025-12-08,9:38:59.109458569,T,TGT,I,3,91.03
2025-12-08,9:38:59.109611909,T,TGT,,100,91.03
2025-12-08,9:39:00.797295692,T,TGT,F,100,91.02
2025-12-08,9:39:00.797295692,T,TGT,F I,18,91.02
2025-12-08,9:39:00.850326922,T,TGT,I,13,91.02
2025-12-08,9:39:02.414046438,T,TGT,F I,3,91.03
2025-12-08,9:39:02.414049492,T,TGT,F I,5,91.03
2025-12-08,9:39:02.414052633,T,TGT,F I,5,91.03
2025-12-08,9:39:03.623566959,T,TGT,F,100,91.015
2025-12-08,9:39:03.623569951,T,TGT,F,100,91.01
2025-12-08,9:39:03.623569951,T,TGT,F I,42,91.01
2025-12-08,9:39:03.623573020,T,TGT,F,295,91.0
2025-12-08,9:39:03.623585021,T,TGT,I,5,91.0
2025-12-08,9:39:03.623585021,T,TGT,I,1,91.0
2025-12-08,9:39:03.624027108,T,TGT,,150,91.01
2025-12-08,9:39:03.624027108,T,TGT,I,86,91.0
2025-12-08,9:39:03.624045121,T,TGT,I,19,91.0
2025-12-08,9:39:03.624066180,T,TGT,,100,91.02
2025-12-08,9:39:03.624084244,T,TGT,I,39,91.02
2025-12-08,9:39:03.624099381,T,TGT,I,8,91.01
2025-12-08,9:39:03.624138286,T,TGT,F I,40,91.01
2025-12-08,9:39:03.624153323,T,TGT,F I,60,91.01
2025-12-08,9:39:07.436834699,T,TGT,,100,91.01
2025-12-08,9:39:07.436837653,T,TGT,,100,91.01
2025-12-08,9:39:07.436837653,T,TGT,,100,91.01
2025-12-08,9:39:07.436840733,T,TGT,I,2,91.01
2025-12-08,9:39:07.436853061,T,TGT,F,100,91.01
2025-12-08,9:39:07.438214994,T,TGT,I,5,91.02
2025-12-08,9:39:07.438214994,T,TGT,I,95,91.02
2025-12-08,9:39:07.450051118,T,TGT,,100,91.02
2025-12-08,9:39:07.723886688,T,TGT,F I,21,91.01
2025-12-08,9:39:07.724265476,T,TGT,F I,24,91.0
2025-12-08,9:39:07.724274721,T,TGT,F I,25,91.0
2025-12-08,9:39:07.724277628,T,TGT,F I,50,91.0
2025-12-08,9:39:07.724277628,T,TGT,F I,2,91.0
2025-12-08,9:39:07.724280909,T,TGT,F I,2,91.0
2025-12-08,9:39:07.725158592,T,TGT,F I,2,90.99
2025-12-08,9:39:11.353936728,T,TGT,F,150,90.98
2025-12-08,9:39:20.553056624,T,TGT,F,100,91.0
2025-12-08,9:39:20.553059682,T,TGT,F,500,91.0
2025-12-08,9:39:20.553059682,T,TGT,F I,5,91.0
2025-12-08,9:39:20.553074685,T,TGT,I,1,91.0
2025-12-08,9:39:20.553077747,T,TGT,I,24,91.0
2025-12-08,9:39:20.603970998,T,TGT,,100,91.0
2025-12-08,9:39:22.022137516,T,TGT,F I,2,90.99
2025-12-08,9:39:22.022140541,T,TGT,F I,10,90.99
2025-12-08,9:39:22.812351219,T,TGT,F,146,90.98
2025-12-08,9:39:22.812354204,T,TGT,F,146,90.98
2025-12-08,9:39:22.812372265,T,TGT,F I,8,90.98
2025-12-08,9:39:22.812718042,T,TGT,I,40,90.99
2025-12-08,9:39:22.838913490,T,TGT,F I,39,90.97
2025-12-08,9:39:23.028265631,T,TGT,I,8,90.97
2025-12-08,9:39:29.961436139,T,TGT,F,100,90.98
2025-12-08,9:39:29.961442077,T,TGT,F I,2,90.98
2025-12-08,9:39:29.961793886,T,TGT,F I,13,90.97
2025-12-08,9:39:32.594018889,T,TGT,I,12,90.95
2025-12-08,9:39:36.113814501,T,TGT,I,2,90.94
2025-12-08,9:39:44.770342749,T,TGT,F I,14,90.91
2025-12-08,9:39:44.770357721,T,TGT,I,14,90.91
2025-12-08,9:39:44.770911052,T,TGT,F I,25,90.92
2025-12-08,9:39:46.889560453,T,TGT,I,1,90.92
2025-12-08,9:39:49.652669314,T,TGT,I,6,90.92
2025-12-08,9:39:51.784730754,T,TGT,F I,1,90.91
2025-12-08,9:39:51.784734484,T,TGT,F,100,90.9
2025-12-08,9:39:51.784736846,T,TGT,F,101,90.9
2025-12-08,9:39:51.784736846,T,TGT,F I,1,90.9
2025-12-08,9:39:51.784751822,T,TGT,I,1,90.9
2025-12-08,9:39:51.784751822,T,TGT,I,4,90.9
2025-12-08,9:39:51.784754917,T,TGT,I,1,90.9
2025-12-08,9:39:51.784757804,T,TGT,I,62,90.9
2025-12-08,9:39:52.028019639,T,TGT,F,100,90.9
2025-12-08,9:39:52.028070488,T,TGT,,100,90.91
2025-12-08,9:39:52.028088826,T,TGT,I,1,90.91
2025-12-08,9:39:52.028088826,T,TGT,I,99,90.91
2025-12-08,9:39:52.028091582,T,TGT,I,1,90.91
2025-12-08,9:39:52.028097491,T,TGT,I,45,90.91
2025-12-08,9:39:52.028097491,T,TGT,I,55,90.91
2025-12-08,9:39:54.890208197,T,TGT,I,20,90.92
2025-12-08,9:39:54.890229195,T,TGT,F,473,90.92
2025-12-08,9:39:54.890247259,T,TGT,I,80,90.92
2025-12-08,9:39:54.890265291,T,TGT,,500,90.93
2025-12-08,9:39:56.619742935,T,TGT,F,100,90.94
2025-12-08,9:39:56.619742935,T,TGT,F I,7,90.94
2025-12-08,9:39:56.619742935,T,TGT,F I,40,90.94
2025-12-08,9:39:56.619844871,T,TGT,F I,50,90.95
2025-12-08,9:40:00.470645566,T,TGT,I,56,90.96
2025-12-08,9:40:00.470645566,T,TGT,I,1,90.96
2025-12-08,9:40:00.470647987,T,TGT,I,6,90.96
2025-12-08,9:40:00.471462915,T,TGT,F I,2,91.0
2025-12-08,9:40:09.154523394,T,TGT,I,10,91.045
2025-12-08,9:40:15.419393734,T,TGT,I,6,91.045
2025-12-08,9:40:16.579647926,T,TGT,F I,50,91.05
2025-12-08,9:40:16.579675089,T,TGT,I,50,91.05
2025-12-08,9:40:18.498044513,T,TGT,F,100,91.07
2025-12-08,9:40:20.001866982,T,TGT,F I,1,91.07
2025-12-08,9:40:22.760104224,T,TGT,F I,25,91.06
2025-12-08,9:40:22.760507148,T,TGT,F,100,91.05
2025-12-08,9:40:22.760510162,T,TGT,F I,2,91.05
2025-12-08,9:40:22.760534252,T,TGT,I,1,91.05
2025-12-08,9:40:22.760534252,T,TGT,I,10,91.05
2025-12-08,9:40:22.760537467,T,TGT,I,5,91.05
2025-12-08,9:40:22.760543769,T,TGT,F I,84,91.05
2025-12-08,9:40:22.760546286,T,TGT,F I,18,91.05
2025-12-08,9:40:25.702512228,T,TGT,I,10,91.045
2025-12-08,9:40:25.702512228,T,TGT,I,10,91.045
2025-12-08,9:40:25.702515159,T,TGT,I,5,91.045
2025-12-08,9:40:37.279348738,T,TGT,F I,3,91.04
2025-12-08,9:40:38.026944819,T,TGT,F I,10,91.04
2025-12-08,9:40:38.698540847,T,TGT,I,25,91.04
2025-12-08,9:41:06.437276431,T,TGT,,500,91.08
2025-12-08,9:41:06.437279598,T,TGT,I,5,91.08
2025-12-08,9:41:06.437279598,T,TGT,I,1,91.08
2025-12-08,9:41:06.437282360,T,TGT,I,61,91.08
2025-12-08,9:41:06.437285390,T,TGT,I,41,91.08
2025-12-08,9:41:06.438130500,T,TGT,I,7,91.09
2025-12-08,9:41:08.455985777,T,TGT,I,8,91.09
2025-12-08,9:41:12.369791926,T,TGT,I,16,91.09
2025-12-08,9:41:19.001891294,T,TGT,I,6,91.095
2025-12-08,9:41:19.199407838,T,TGT,F I,50,91.07
2025-12-08,9:41:19.199452988,T,TGT,F I,50,91.07
2025-12-08,9:41:19.199516274,T,TGT,F I,50,91.07
2025-12-08,9:41:19.199522126,T,TGT,F I,50,91.07
2025-12-08,9:41:19.199552221,T,TGT,F I,50,91.07
2025-12-08,9:41:19.199618361,T,TGT,,100,91.07
2025-12-08,9:41:20.211372734,T,TGT,F I,50,91.07
2025-12-08,9:41:20.211411803,T,TGT,F I,50,91.07
2025-12-08,9:41:20.211505052,T,TGT,I,50,91.07
2025-12-08,9:41:20.448042523,T,TGT,F,100,91.06
2025-12-08,9:41:20.448042523,T,TGT,F I,1,91.06
2025-12-08,9:41:33.842337057,T,TGT,I,5,91.04
2025-12-08,9:41:33.842337057,T,TGT,I,95,91.04
2025-12-08,9:41:33.842355387,T,TGT,I,5,91.04
2025-12-08,9:41:33.843398671,T,TGT,I,20,91.08
2025-12-08,9:41:33.843398671,T,TGT,I,12,91.08
2025-12-08,9:41:33.843401587,T,TGT,I,68,91.08
2025-12-08,9:41:33.843419564,T,TGT,I,1,91.08
2025-12-08,9:41:37.231471302,T,TGT,F,100,91.04
2025-12-08,9:41:44.638378486,T,TGT,F I,1,91.05
2025-12-08,9:41:45.123512242,T,TGT,I,90,91.06
2025-12-08,9:41:45.123515250,T,TGT,,100,91.06
2025-12-08,9:41:45.123533298,T,TGT,I,1,91.06
2025-12-08,9:41:45.123840107,T,TGT,,100,91.05
2025-12-08,9:41:45.123873348,T,TGT,I,50,91.05
2025-12-08,9:41:45.123873348,T,TGT,I,50,91.05
2025-12-08,9:41:45.124141386,T,TGT,I,25,91.06
2025-12-08,9:41:45.124143824,T,TGT,I,75,91.05
2025-12-08,9:41:47.345364584,T,TGT,F I,25,91.06
2025-12-08,9:41:47.620375989,T,TGT,F I,5,91.08
2025-12-08,9:41:47.620375989,T,TGT,F,113,91.08
2025-12-08,9:41:47.620381839,T,TGT,F,387,91.08
2025-12-08,9:41:47.620381839,T,TGT,F I,32,91.08
2025-12-08,9:41:47.620385681,T,TGT,F,118,91.08
2025-12-08,9:41:47.620385681,T,TGT,F I,82,91.08
2025-12-08,9:41:47.620390800,T,TGT,F I,25,91.08
2025-12-08,9:41:49.893052188,T,TGT,,100,91.11
2025-12-08,9:41:49.893052188,T,TGT,I,29,91.11
2025-12-08,9:41:49.893728858,T,TGT,I,7,91.11
2025-12-08,9:41:53.384147328,T,TGT,F I,50,91.11
2025-12-08,9:42:22.920854400,T,TGT,,100,91.1
2025-12-08,9:42:28.846306280,T,TGT,F I,28,91.13
2025-12-08,9:42:28.846306280,T,TGT,F,100,91.13
2025-12-08,9:42:28.846309104,T,TGT,F I,4,91.13
2025-12-08,9:42:28.846312133,T,TGT,F I,5,91.13
2025-12-08,9:42:28.846312133,T,TGT,F I,16,91.13
2025-12-08,9:42:28.846324193,T,TGT,F I,25,91.14
2025-12-08,9:42:30.362115709,T,TGT,F I,10,91.16
2025-12-08,9:42:30.362118411,T,TGT,F I,27,91.17
2025-12-08,9:42:30.362121423,T,TGT,F I,7,91.17
2025-12-08,9:42:30.362124559,T,TGT,F I,13,91.17
2025-12-08,9:42:30.562278209,T,TGT,F I,50,91.16
2025-12-08,9:42:33.500256693,T,TGT,I,24,91.18
2025-12-08,9:42:33.500271683,T,TGT,I,12,91.18
2025-12-08,9:42:33.598356403,T,TGT,F I,17,91.18
2025-12-08,9:42:33.598476609,T,TGT,F I,17,91.18
2025-12-08,9:42:35.176756772,T,TGT,I,7,91.18
2025-12-08,9:42:35.176792861,T,TGT,I,93,91.18
2025-12-08,9:42:35.358145848,T,TGT,F I,55,91.2
2025-12-08,9:42:35.358503788,T,TGT,I,45,91.2
2025-12-08,9:42:35.358503788,T,TGT,I,25,91.2
2025-12-08,9:42:35.358506879,T,TGT,I,19,91.2
2025-12-08,9:42:35.358509807,T,TGT,F,110,91.2
2025-12-08,9:42:35.359075112,T,TGT,F,100,91.2
2025-12-08,9:42:35.359099147,T,TGT,I,1,91.2
2025-12-08,9:42:35.359102209,T,TGT,I,5,91.2
2025-12-08,9:42:35.359120228,T,TGT,F I,62,91.2
2025-12-08,9:42:35.359180409,T,TGT,F I,32,91.2
2025-12-08,9:42:35.359180409,T,TGT,F I,21,91.2
2025-12-08,9:42:35.359874987,T,TGT,I,1,91.2
2025-12-08,9:42:35.359926162,T,TGT,I,80,91.2
2025-12-08,9:42:39.212187795,T,TGT,I,60,91.215
2025-12-08,9:42:39.973246967,T,TGT,F I,50,91.21
2025-12-08,9:42:40.156506485,T,TGT,F I,5,91.23
2025-12-08,9:42:44.536068561,T,TGT,F,100,91.2
2025-12-08,9:42:44.536101404,T,TGT,I,1,91.2
2025-12-08,9:42:44.536104428,T,TGT,I,62,91.2
2025-12-08,9:42:44.536113373,T,TGT,I,5,91.2
2025-12-08,9:42:44.536456427,T,TGT,F,100,91.2
2025-12-08,9:42:44.546785851,T,TGT,F,100,91.22
2025-12-08,9:42:44.566798536,T,TGT,F I,58,91.23
2025-12-08,9:42:44.566798536,T,TGT,F,100,91.23
2025-12-08,9:42:44.566816723,T,TGT,F I,25,91.23
2025-12-08,9:42:44.566819768,T,TGT,I,1,91.23
2025-12-08,9:42:44.567066158,T,TGT,F,500,91.23
2025-12-08,9:42:44.567072709,T,TGT,F,174,91.23
2025-12-08,9:42:44.587547931,T,TGT,F I,10,91.22
2025-12-08,9:42:44.587547931,T,TGT,F I,74,91.22
2025-12-08,9:42:48.291637592,T,TGT,,100,91.22
2025-12-08,9:42:48.292112757,T,TGT,I,28,91.22
2025-12-08,9:42:57.678317386,T,TGT,F,100,91.21
2025-12-08,9:42:57.678320637,T,TGT,F,100,91.2
2025-12-08,9:42:57.678323331,T,TGT,F I,58,91.2
2025-12-08,9:42:57.678338418,T,TGT,I,5,91.2
2025-12-08,9:42:57.678341567,T,TGT,F I,95,91.2
2025-12-08,9:42:57.678344633,T,TGT,F I,25,91.2
2025-12-08,9:42:57.679288864,T,TGT,F,100,91.19
2025-12-08,9:42:57.681207292,T,TGT,F I,3,91.15
2025-12-08,9:42:57.709898647,T,TGT,F,100,91.12
2025-12-08,9:42:57.718303640,T,TGT,,140,91.11
2025-12-08,9:42:57.718306630,T,TGT,I,60,91.13
2025-12-08,9:42:57.810371009,T,TGT,F I,40,91.1
2025-12-08,9:42:58.402622927,T,TGT,I,25,91.09
2025-12-08,9:42:58.447522907,T,TGT,F I,25,91.09
2025-12-08,9:42:59.086839948,T,TGT,F I,19,91.09
2025-12-08,9:42:59.096210213,T,TGT,I,54,91.07
2025-12-08,9:42:59.096255460,T,TGT,I,46,91.06
2025-12-08,9:43:09.178329847,T,TGT,I,76,91.08
2025-12-08,9:43:09.178329847,T,TGT,I,5,91.08
2025-12-08,9:43:09.178332945,T,TGT,,300,91.08
2025-12-08,9:43:09.178335964,T,TGT,,200,91.08
2025-12-08,9:43:09.178338888,T,TGT,I,25,91.08
2025-12-08,9:43:09.185089880,T,TGT,F,100,91.09
2025-12-08,9:43:09.190235192,T,TGT,F I,5,91.11
2025-12-08,9:43:09.190238260,T,TGT,F I,1,91.11
2025-12-08,9:43:09.190572603,T,TGT,F,100,91.12
2025-12-08,9:43:09.190575064,T,TGT,F I,1,91.12
2025-12-08,9:43:09.195928777,T,TGT,F I,19,91.13
2025-12-08,9:43:09.195928777,T,TGT,F,100,91.13
2025-12-08,9:43:09.195933811,T,TGT,F I,20,91.13
2025-12-08,9:43:09.195933811,T,TGT,F I,1,91.13
2025-12-08,9:43:09.216825104,T,TGT,I,16,91.09
2025-12-08,9:43:09.216827597,T,TGT,I,9,91.08
2025-12-08,9:43:09.236422262,T,TGT,I,75,91.11
2025-12-08,9:43:09.236425222,T,TGT,,100,91.11
2025-12-08,9:43:09.296343003,T,TGT,F,100,91.1
2025-12-08,9:43:09.298414880,T,TGT,,100,91.08
2025-12-08,9:43:09.320319101,T,TGT,F,200,91.08
2025-12-08,9:43:10.839710009,T,TGT,F I,50,91.04
2025-12-08,9:43:11.015992877,T,TGT,F,100,91.03
2025-12-08,9:43:11.016089145,T,TGT,F,100,91.02
2025-12-08,9:43:11.093929858,T,TGT,I,25,91.03
2025-12-08,9:43:11.093929858,T,TGT,I,40,91.03
2025-12-08,9:43:12.465388996,T,TGT,I,30,91.01
2025-12-08,9:43:12.465388996,T,TGT,I,71,91.03
2025-12-08,9:43:12.465409981,T,TGT,I,1,91.03
2025-12-08,9:43:15.247978110,T,TGT,F,100,91.01
2025-12-08,9:43:15.247993765,T,TGT,I,1,91.01
2025-12-08,9:43:15.307525990,T,TGT,F,300,91.01
2025-12-08,9:43:15.307541007,T,TGT,F I,1,91.01
2025-12-08,9:43:15.307697389,T,TGT,F I,84,91.01
2025-12-08,9:43:15.307730495,T,TGT,I,5,91.01
2025-12-08,9:43:15.307928945,T,TGT,I,10,91.01
2025-12-08,9:43:16.058893712,T,TGT,,100,91.03
2025-12-08,9:43:16.058893712,T,TGT,I,3,91.03
2025-12-08,9:43:26.116886191,T,TGT,F I,68,91.08
2025-12-08,9:43:26.116889387,T,TGT,F I,29,91.08
2025-12-08,9:43:26.116889387,T,TGT,F I,25,91.08
2025-12-08,9:43:26.116892377,T,TGT,F,500,91.08
2025-12-08,9:43:26.116895226,T,TGT,F I,1,91.08
2025-12-08,9:43:26.116898317,T,TGT,F I,1,91.08
2025-12-08,9:43:26.116898317,T,TGT,F I,1,91.08
2025-12-08,9:43:26.116901206,T,TGT,F I,5,91.08
2025-12-08,9:43:26.116904707,T,TGT,F I,1,91.08
2025-12-08,9:43:26.117584267,T,TGT,I,27,91.11
2025-12-08,9:43:26.117584267,T,TGT,,100,91.11
2025-12-08,9:43:26.118735527,T,TGT,F I,23,91.1
2025-12-08,9:43:26.125089691,T,TGT,F I,58,91.08
2025-12-08,9:43:26.127302918,T,TGT,I,1,91.08
2025-12-08,9:43:26.127305952,T,TGT,I,58,91.08
2025-12-08,9:43:30.856144121,T,TGT,I,19,91.1
2025-12-08,9:43:30.857142591,T,TGT,I,3,91.14
2025-12-08,9:43:30.857142591,T,TGT,I,20,91.14
2025-12-08,9:43:30.857653541,T,TGT,,100,91.16
2025-12-08,9:43:30.857675082,T,TGT,I,61,91.16
2025-12-08,9:43:30.857677621,T,TGT,I,1,91.16
2025-12-08,9:43:30.857680854,T,TGT,I,1,91.16
2025-12-08,9:43:30.857680854,T,TGT,F I,31,91.16
2025-12-08,9:43:31.652323788,T,TGT,F,100,91.17
2025-12-08,9:43:31.652504282,T,TGT,F,100,91.17
2025-12-08,9:43:31.657478120,T,TGT,F,100,91.17
2025-12-08,9:43:31.657499086,T,TGT,I,62,91.17
2025-12-08,9:43:31.657502074,T,TGT,I,1,91.17
2025-12-08,9:43:31.657520399,T,TGT,F I,37,91.17
2025-12-08,9:43:31.657520399,T,TGT,F I,1,91.17
2025-12-08,9:43:31.657532229,T,TGT,F I,99,91.17
2025-12-08,9:43:31.658016298,T,TGT,,100,91.18
2025-12-08,9:43:31.658157629,T,TGT,F I,4,91.17
2025-12-08,9:43:31.658353336,T,TGT,F I,5,91.17
2025-12-08,9:43:38.190807011,T,TGT,I,25,91.2
2025-12-08,9:43:39.794356272,T,TGT,I,14,91.21
2025-12-08,9:43:39.794356272,T,TGT,I,85,91.21
2025-12-08,9:43:39.794359246,T,TGT,I,5,91.21
2025-12-08,9:43:39.796771008,T,TGT,F I,50,91.21
2025-12-08,9:43:39.796816188,T,TGT,F I,50,91.2
2025-12-08,9:43:39.796852197,T,TGT,F I,50,91.2
2025-12-08,9:43:45.970076852,T,TGT,F I,54,91.24
2025-12-08,9:43:45.970079656,T,TGT,F I,42,91.24
2025-12-08,9:43:45.970082540,T,TGT,F I,21,91.24
2025-12-08,9:43:45.970082540,T,TGT,F I,50,91.24
2025-12-08,9:43:45.970097404,T,TGT,I,62,91.24
2025-12-08,9:43:45.970100331,T,TGT,F I,38,91.24
2025-12-08,9:43:45.970298888,T,TGT,F I,36,91.25
2025-12-08,9:43:47.229464656,T,TGT,F I,41,91.23
2025-12-08,9:43:53.743319261,T,TGT,I,25,91.22
2025-12-08,9:43:53.743319261,T,TGT,,100,91.21
2025-12-08,9:43:53.743322156,T,TGT,I,75,91.21
2025-12-08,9:43:55.188526204,T,TGT,I,6,91.22
2025-12-08,9:43:59.513685422,T,TGT,F,100,91.2
2025-12-08,9:43:59.513685422,T,TGT,F I,17,91.2
2025-12-08,9:43:59.513700641,T,TGT,I,1,91.2
2025-12-08,9:43:59.513703632,T,TGT,F I,82,91.2
2025-12-08,9:43:59.513706580,T,TGT,F,100,91.2
2025-12-08,9:43:59.513706580,T,TGT,F I,1,91.2
2025-12-08,9:43:59.513727961,T,TGT,I,62,91.2
2025-12-08,9:43:59.513727961,T,TGT,F I,37,91.2
2025-12-08,9:44:07.352331272,T,TGT,I,29,91.17
2025-12-08,9:44:07.352860450,T,TGT,I,40,91.16
2025-12-08,9:44:08.840441674,T,TGT,I,40,91.17
2025-12-08,9:44:08.840685058,T,TGT,F I,6,91.18
2025-12-08,9:44:08.840685058,T,TGT,F I,8,91.18
2025-12-08,9:44:08.840688675,T,TGT,F,492,91.18
2025-12-08,9:44:08.840805358,T,TGT,I,4,91.18
2025-12-08,9:44:08.840808442,T,TGT,I,1,91.17
2025-12-08,9:44:08.840808442,T,TGT,I,55,91.17
2025-12-08,9:44:08.840895579,T,TGT,I,55,91.18
2025-12-08,9:44:08.893469793,T,TGT,I,60,91.195
2025-12-08,9:44:15.111049590,T,TGT,F,100,91.17
2025-12-08,9:44:15.111070541,T,TGT,I,5,91.17
2025-12-08,9:44:15.111073601,T,TGT,I,1,91.17
2025-12-08,9:44:18.917629331,T,TGT,F,100,91.16
2025-12-08,9:44:18.917641350,T,TGT,F,400,91.16
2025-12-08,9:44:21.477504952,T,TGT,F,100,91.15
2025-12-08,9:44:21.477504952,T,TGT,F I,1,91.15
2025-12-08,9:44:21.477507956,T,TGT,F,100,91.15
2025-12-08,9:44:21.477553055,T,TGT,I,3,91.14
2025-12-08,9:44:21.478536348,T,TGT,I,9,91.13
2025-12-08,9:44:28.249199758,T,TGT,F I,24,91.05
2025-12-08,9:44:28.249217783,T,TGT,F I,76,91.05
2025-12-08,9:44:28.249810169,T,TGT,F I,1,91.04
2025-12-08,9:44:28.250339512,T,TGT,F,100,91.03
2025-12-08,9:44:28.250360541,T,TGT,I,22,91.03
2025-12-08,9:44:28.261108114,T,TGT,I,5,91.03
2025-12-08,9:44:34.680773779,T,TGT,F I,10,91.055
2025-12-08,9:44:34.680778272,T,TGT,F I,25,91.04
2025-12-08,9:44:34.680778272,T,TGT,F,100,91.03
2025-12-08,9:44:34.680781351,T,TGT,F I,65,91.03
2025-12-08,9:44:34.680790302,T,TGT,I,35,91.03
2025-12-08,9:44:34.680793330,T,TGT,I,52,91.03
2025-12-08,9:44:34.680799715,T,TGT,I,5,91.03
2025-12-08,9:44:34.680799715,T,TGT,I,1,91.03
2025-12-08,9:44:34.680842279,T,TGT,I,35,91.03
2025-12-08,9:44:39.293918658,T,TGT,,100,91.04
2025-12-08,9:44:41.366071555,T,TGT,F I,30,91.05
2025-12-08,9:44:41.366074268,T,TGT,F I,67,91.05
2025-12-08,9:44:41.366077249,T,TGT,F,433,91.05
2025-12-08,9:44:41.366913305,T,TGT,I,1,91.06
2025-12-08,9:44:41.366913305,T,TGT,I,5,91.06
2025-12-08,9:44:41.370332369,T,TGT,I,6,91.08
2025-12-08,9:44:42.654289256,T,TGT,I,12,91.1
2025-12-08,9:44:42.654719391,T,TGT,F I,25,91.1
2025-12-08,9:44:42.654773420,T,TGT,I,75,91.1
2025-12-08,9:44:42.654785849,T,TGT,F I,51,91.09
2025-12-08,9:44:42.654788524,T,TGT,F I,88,91.09
2025-12-08,9:44:45.196801522,T,TGT,I,7,91.095
2025-12-08,9:44:51.240440873,T,TGT,F I,85,91.12
2025-12-08,9:44:51.241505466,T,TGT,F I,84,91.14
2025-12-08,9:44:55.198431451,T,TGT,I,6,91.165
2025-12-08,9:44:57.495748484,T,TGT,F,100,91.13
2025-12-08,9:44:57.495763519,T,TGT,F I,22,91.13
2025-12-08,9:44:57.495769696,T,TGT,I,5,91.13
2025-12-08,9:44:57.495769696,T,TGT,I,1,91.13
2025-12-08,9:44:57.495769696,T,TGT,I,4,91.13
2025-12-08,9:44:57.495796642,T,TGT,,100,91.13
2025-12-08,9:45:02.059508264,T,TGT,F,100,91.12
2025-12-08,9:45:02.059529260,T,TGT,I,1,91.12
2025-12-08,9:45:02.059529260,T,TGT,I,5,91.12
2025-12-08,9:45:06.003605617,T,TGT,F,100,91.12
2025-12-08,9:45:06.003626617,T,TGT,I,5,91.12
2025-12-08,9:45:06.003626617,T,TGT,I,1,91.12
2025-12-08,9:45:16.645244841,T,TGT,F,100,91.08
2025-12-08,9:45:16.645247228,T,TGT,F I,6,91.08
2025-12-08,9:45:16.645247228,T,TGT,F I,1,91.08
2025-12-08,9:45:16.645268223,T,TGT,I,1,91.08
2025-12-08,9:45:16.645271322,T,TGT,I,5,91.08
2025-12-08,9:45:16.645271322,T,TGT,F I,32,91.08
2025-12-08,9:45:16.910707573,T,TGT,I,3,91.06
2025-12-08,9:45:16.924041421,T,TGT,I,56,91.06
2025-12-08,9:45:21.138730345,T,TGT,F I,5,91.06
2025-12-08,9:45:21.138979000,T,TGT,I,48,91.07
2025-12-08,9:45:21.138979000,T,TGT,I,6,91.07
2025-12-08,9:45:21.138981994,T,TGT,,100,91.07
2025-12-08,9:45:21.139057220,T,TGT,I,97,91.07
2025-12-08,9:45:24.385005414,T,TGT,F I,18,91.09
2025-12-08,9:45:24.385008334,T,TGT,F I,18,91.09
2025-12-08,9:45:25.203065261,T,TGT,I,7,91.08
2025-12-08,9:45:25.635883430,T,TGT,F I,50,91.08
2025-12-08,9:45:26.464188761,T,TGT,F I,74,91.06
2025-12-08,9:45:26.464194816,T,TGT,F I,26,91.06
2025-12-08,9:45:26.464197764,T,TGT,F I,1,91.06
2025-12-08,9:45:26.464209778,T,TGT,I,5,91.06
2025-12-08,9:45:26.464212830,T,TGT,I,1,91.06
2025-12-08,9:45:26.464212830,T,TGT,F I,27,91.06
2025-12-08,9:45:26.464245906,T,TGT,I,2,91.06
2025-12-08,9:45:26.464248869,T,TGT,I,27,91.06
2025-12-08,9:45:26.464263974,T,TGT,F I,20,91.06
2025-12-08,9:45:26.464315033,T,TGT,F I,4,91.06
2025-12-08,9:45:35.578972702,T,TGT,F I,6,91.04
2025-12-08,9:45:35.578972702,T,TGT,F I,20,91.03
2025-12-08,9:45:35.578975760,T,TGT,F I,94,91.03
2025-12-08,9:45:35.578990787,T,TGT,I,1,91.03
2025-12-08,9:45:35.578993772,T,TGT,I,5,91.03
2025-12-08,9:45:35.586325300,T,TGT,,100,91.01
2025-12-08,9:45:35.586328250,T,TGT,I,1,91.01
2025-12-08,9:45:35.721031190,T,TGT,F I,1,91.0
2025-12-08,9:45:35.721034619,T,TGT,F I,1,91.0
2025-12-08,9:45:35.721037302,T,TGT,F I,99,91.0
2025-12-08,9:45:35.721040172,T,TGT,F,210,91.0
2025-12-08,9:45:35.721043171,T,TGT,F I,2,91.0
2025-12-08,9:45:35.721061312,T,TGT,I,62,91.0
2025-12-08,9:45:35.721064896,T,TGT,,236,91.0
2025-12-08,9:45:35.721127450,T,TGT,F I,19,91.0
2025-12-08,9:45:35.721253731,T,TGT,F I,19,91.0
2025-12-08,9:45:35.721353002,T,TGT,I,20,90.98
2025-12-08,9:45:35.721404101,T,TGT,F I,65,90.99
2025-12-08,9:45:35.721563481,T,TGT,F I,17,90.99
2025-12-08,9:45:35.732587706,T,TGT,I,1,90.99
2025-12-08,9:45:36.263574756,T,TGT,,100,90.97
2025-12-08,9:45:40.333443931,T,TGT,F,500,90.98
2025-12-08,9:45:51.243616090,T,TGT,F I,50,90.99
2025-12-08,9:45:51.243733448,T,TGT,F I,50,90.99
2025-12-08,9:45:51.244412977,T,TGT,F,100,90.98
2025-12-08,9:45:51.244412977,T,TGT,F I,86,90.98
2025-12-08,9:45:51.244434052,T,TGT,I,1,90.98
2025-12-08,9:45:51.244437077,T,TGT,I,5,90.98
2025-12-08,9:45:51.244446127,T,TGT,I,8,90.98
2025-12-08,9:45:52.203503330,T,TGT,F I,1,90.97
2025-12-08,9:45:52.203503330,T,TGT,F I,10,90.97
2025-12-08,9:45:52.203557693,T,TGT,,150,90.97
2025-12-08,9:45:52.203993116,T,TGT,I,6,90.97
2025-12-08,9:45:52.210100659,T,TGT,I,5,90.97
2025-12-08,9:45:52.546145225,T,TGT,I,2,90.97
2025-12-08,9:45:52.546172520,T,TGT,,100,90.96
2025-12-08,9:45:52.546638391,T,TGT,F I,15,90.96
2025-12-08,9:45:55.876679020,T,TGT,I,3,90.98
2025-12-08,9:46:01.382123791,T,TGT,F,100,90.95
2025-12-08,9:46:01.382123791,T,TGT,F I,4,90.95
2025-12-08,9:46:01.382126102,T,TGT,F I,20,90.95
2025-12-08,9:46:01.382129215,T,TGT,F I,56,90.95
2025-12-08,9:46:01.382129215,T,TGT,F I,44,90.95
2025-12-08,9:46:01.382132035,T,TGT,F I,44,90.95
2025-12-08,9:46:01.382144175,T,TGT,F,106,90.95
2025-12-08,9:46:01.870008297,T,TGT,,100,90.94
2025-12-08,9:46:06.967693191,T,TGT,F I,8,90.96
2025-12-08,9:46:06.967695937,T,TGT,F I,5,90.96
2025-12-08,9:46:06.968555993,T,TGT,I,35,90.96
2025-12-08,9:46:07.099262624,T,TGT,I,14,90.98
2025-12-08,9:46:07.099400693,T,TGT,I,1,90.98
2025-12-08,9:46:07.115946082,T,TGT,F I,45,90.98
2025-12-08,9:46:07.115949124,T,TGT,F,150,90.98
2025-12-08,9:46:07.115955137,T,TGT,F I,66,90.99
2025-12-08,9:46:07.115958188,T,TGT,F I,43,90.99
2025-12-08,9:46:07.115970174,T,TGT,I,1,90.99
2025-12-08,9:46:07.115991158,T,TGT,I,65,90.99
2025-12-08,9:46:07.116024316,T,TGT,F I,5,90.98
2025-12-08,9:46:07.116055003,T,TGT,I,14,90.97
2025-12-08,9:46:07.685665365,T,TGT,F I,14,90.98
2025-12-08,9:46:07.685725476,T,TGT,F,391,90.99
2025-12-08,9:46:07.685728507,T,TGT,F I,5,90.99
2025-12-08,9:46:07.685728507,T,TGT,F I,40,90.99
2025-12-08,9:46:07.704496224,T,TGT,I,1,90.98
2025-12-08,9:46:07.704499264,T,TGT,I,99,90.98
2025-12-08,9:46:07.704517344,T,TGT,I,1,90.98
2025-12-08,9:46:16.146030339,T,TGT,F,100,90.98
2025-12-08,9:46:16.146030339,T,TGT,F I,1,90.98
2025-12-08,9:46:16.146034438,T,TGT,F I,1,90.98
2025-12-08,9:46:16.146034438,T,TGT,F I,8,90.98
2025-12-08,9:46:16.146037076,T,TGT,F,100,90.98
2025-12-08,9:46:16.146048346,T,TGT,I,5,90.98
2025-12-08,9:46:16.146054373,T,TGT,I,1,90.98
2025-12-08,9:46:24.934176149,T,TGT,I,37,91.0
2025-12-08,9:46:24.976998183,T,TGT,F I,5,91.02
2025-12-08,9:46:29.023925680,T,TGT,F,113,91.01
2025-12-08,9:46:29.024238991,T,TGT,,100,91.0
2025-12-08,9:46:29.024241441,T,TGT,I,3,91.0
2025-12-08,9:46:29.024244366,T,TGT,I,10,91.0
2025-12-08,9:46:29.024253391,T,TGT,,100,91.0
2025-12-08,9:46:29.030282818,T,TGT,,100,90.99
2025-12-08,9:46:35.217414982,T,TGT,F I,50,90.99
2025-12-08,9:46:35.217418125,T,TGT,F,100,90.99
2025-12-08,9:46:35.217418125,T,TGT,F I,6,90.99
2025-12-08,9:46:35.217436118,T,TGT,F,136,90.99
2025-12-08,9:46:35.217436118,T,TGT,I,1,90.99
2025-12-08,9:46:35.217466052,T,TGT,I,7,90.99
2025-12-08,9:46:35.217472048,T,TGT,I,4,91.0
2025-12-08,9:46:35.217472048,T,TGT,I,1,91.0
2025-12-08,9:46:35.217778882,T,TGT,,100,91.0
2025-12-08,9:46:35.217778882,T,TGT,I,1,91.0
2025-12-08,9:46:35.217781861,T,TGT,,200,91.0
2025-12-08,9:46:41.457307776,T,TGT,,100,91.02
2025-12-08,9:46:41.499504272,T,TGT,F I,12,91.04
2025-12-08,9:46:41.499528348,T,TGT,F I,5,91.05
2025-12-08,9:46:41.499528348,T,TGT,F,100,91.05
2025-12-08,9:46:41.499744842,T,TGT,F I,20,91.06
2025-12-08,9:46:41.500174892,T,TGT,I,1,91.06
2025-12-08,9:46:41.500231986,T,TGT,I,17,91.05
2025-12-08,9:46:41.500280108,T,TGT,I,12,91.05
2025-12-08,9:46:41.693527071,T,TGT,F I,17,91.06
2025-12-08,9:46:41.693529528,T,TGT,F I,12,91.06
2025-12-08,9:46:41.693532546,T,TGT,F I,2,91.06
2025-12-08,9:46:44.589711377,T,TGT,F I,14,91.07
2025-12-08,9:46:45.214967028,T,TGT,I,6,91.08
2025-12-08,9:46:53.150158346,T,TGT,F,100,91.05
2025-12-08,9:46:53.150158346,T,TGT,F,100,91.05
2025-12-08,9:46:53.150161606,T,TGT,F I,13,91.05
2025-12-08,9:46:53.150161606,T,TGT,F I,48,91.05
2025-12-08,9:46:53.150163799,T,TGT,F I,52,91.05
2025-12-08,9:46:53.150208868,T,TGT,F I,18,91.04
2025-12-08,9:46:53.182674217,T,TGT,I,12,91.05
2025-12-08,9:46:55.217938028,T,TGT,I,7,91.05
2025-12-08,9:47:04.503958930,T,TGT,,100,91.05
2025-12-08,9:47:05.221919501,T,TGT,F I,5,91.06
2025-12-08,9:47:05.307500771,T,TGT,I,16,91.05
2025-12-08,9:47:05.307506392,T,TGT,,100,91.04
2025-12-08,9:47:05.307506392,T,TGT,,100,91.04
2025-12-08,9:47:05.307509407,T,TGT,I,86,91.04
2025-12-08,9:47:05.307524910,T,TGT,F I,14,91.04
2025-12-08,9:47:05.307527428,T,TGT,F I,2,91.04
2025-12-08,9:47:05.308448528,T,TGT,F I,25,91.02
2025-12-08,9:47:05.308448528,T,TGT,F,100,91.02
2025-12-08,9:47:05.308448528,T,TGT,F I,3,91.02
2025-12-08,9:47:05.308450667,T,TGT,F I,44,91.02
2025-12-08,9:47:05.308453557,T,TGT,F I,54,91.02
2025-12-08,9:47:05.308477645,T,TGT,F I,2,91.02
2025-12-08,9:47:05.308480686,T,TGT,F I,14,91.02
2025-12-08,9:47:05.308490072,T,TGT,I,41,91.02
2025-12-08,9:47:05.308712202,T,TGT,F I,45,91.02
2025-12-08,9:47:07.030346850,T,TGT,F,100,91.05
2025-12-08,9:47:07.030349870,T,TGT,F,100,91.05
2025-12-08,9:47:07.030352903,T,TGT,F,400,91.06
2025-12-08,9:47:07.030367890,T,TGT,I,1,91.06
2025-12-08,9:47:07.030398882,T,TGT,I,99,91.06
2025-12-08,9:47:07.030401778,T,TGT,I,4,91.06
2025-12-08,9:47:07.030403999,T,TGT,I,25,91.06
2025-12-08,9:47:07.030446111,T,TGT,,100,91.05
2025-12-08,9:47:07.030467088,T,TGT,I,5,91.05
2025-12-08,9:47:07.030467088,T,TGT,I,1,91.05
2025-12-08,9:47:07.030674568,T,TGT,I,18,91.035
2025-12-08,9:47:07.030909133,T,TGT,,100,91.04
2025-12-08,9:47:07.030912144,T,TGT,I,52,91.03
2025-12-08,9:47:07.030996423,T,TGT,F,100,91.04
2025-12-08,9:47:07.030999876,T,TGT,I,48,91.03
2025-12-08,9:47:07.031029429,T,TGT,,100,91.03
2025-12-08,9:47:07.031080630,T,TGT,I,4,91.03
2025-12-08,9:47:07.031083572,T,TGT,,148,91.03
2025-12-08,9:47:07.031101677,T,TGT,I,4,91.03
2025-12-08,9:47:07.031185821,T,TGT,,100,91.02
2025-12-08,9:47:07.031185821,T,TGT,,100,91.02
2025-12-08,9:47:07.031501809,T,TGT,I,1,91.02
2025-12-08,9:47:07.031501809,T,TGT,,100,91.02
2025-12-08,9:47:07.031543951,T,TGT,I,71,91.02
2025-12-08,9:47:07.031853463,T,TGT,,100,91.02
2025-12-08,9:47:07.041611632,T,TGT,F,443,91.03
2025-12-08,9:47:07.041629733,T,TGT,I,62,91.03
2025-12-08,9:47:07.041641723,T,TGT,I,5,91.03
2025-12-08,9:47:07.041662790,T,TGT,F I,33,91.03
2025-12-08,9:47:12.201508619,T,TGT,F,200,91.08
2025-12-08,9:47:12.201536414,T,TGT,F I,11,91.09
2025-12-08,9:47:12.201536414,T,TGT,F I,5,91.09
2025-12-08,9:47:12.349274767,T,TGT,F I,50,91.12
2025-12-08,9:47:12.349295643,T,TGT,I,50,91.12
2025-12-08,9:47:12.349323008,T,TGT,F I,50,91.12
2025-12-08,9:47:12.349323008,T,TGT,F I,13,91.13
2025-12-08,9:47:24.958798640,T,TGT,F I,51,91.17
2025-12-08,9:47:24.958798640,T,TGT,F,200,91.17
2025-12-08,9:47:24.958801588,T,TGT,F I,5,91.17
2025-12-08,9:47:26.404092790,T,TGT,F,200,91.17
2025-12-08,9:47:26.404095768,T,TGT,F I,11,91.16
2025-12-08,9:47:35.825099357,T,TGT,F,500,91.17
2025-12-08,9:47:35.825099357,T,TGT,F I,10,91.17
2025-12-08,9:47:39.671458119,T,TGT,F,100,91.17
2025-12-08,9:47:39.671458119,T,TGT,F I,32,91.17
2025-12-08,9:47:39.671460917,T,TGT,F I,3,91.17
2025-12-08,9:47:39.671463944,T,TGT,F,100,91.17
2025-12-08,9:47:39.671472930,T,TGT,F,500,91.17
2025-12-08,9:47:52.531767128,T,TGT,F I,5,91.175
2025-12-08,9:47:52.531767128,T,TGT,I,95,91.175
2025-12-08,9:47:52.531821242,T,TGT,F I,5,91.18
2025-12-08,9:47:53.745106696,T,TGT,F I,13,91.16
2025-12-08,9:47:54.564465795,T,TGT,F I,97,91.17
2025-12-08,9:48:01.066736700,T,TGT,F I,2,91.15
2025-12-08,9:48:01.066736700,T,TGT,F I,58,91.15
2025-12-08,9:48:01.066754704,T,TGT,F I,42,91.15
2025-12-08,9:48:01.764221443,T,TGT,,100,91.14
2025-12-08,9:48:01.764239385,T,TGT,F I,11,91.14
2025-12-08,9:48:01.764476956,T,TGT,F,100,91.13
2025-12-08,9:48:01.764495023,T,TGT,F I,50,91.13
2025-12-08,9:48:01.817541411,T,TGT,,100,91.12
2025-12-08,9:48:01.817550400,T,TGT,F,100,91.12
2025-12-08,9:48:04.100965402,T,TGT,F I,5,91.13
2025-12-08,9:48:04.100968933,T,TGT,F I,13,91.13
2025-12-08,9:48:04.100968933,T,TGT,F I,20,91.13
2025-12-08,9:48:04.100971909,T,TGT,F I,5,91.13
2025-12-08,9:48:04.117718464,T,TGT,I,13,91.16
2025-12-08,9:48:04.117718464,T,TGT,,100,91.16
2025-12-08,9:48:09.332658610,T,TGT,F I,6,91.21
2025-12-08,9:48:09.332658610,T,TGT,F I,15,91.21
2025-12-08,9:48:09.332947493,T,TGT,F I,20,91.22
2025-12-08,9:48:09.332947493,T,TGT,F I,30,91.22
2025-12-08,9:48:09.332950110,T,TGT,F I,50,91.22
2025-12-08,9:48:09.332953027,T,TGT,F I,50,91.22
2025-12-08,9:48:09.512655148,T,TGT,I,10,91.22
2025-12-08,9:48:09.512655148,T,TGT,I,90,91.21
2025-12-08,9:48:18.804444056,T,TGT,F,100,91.24
2025-12-08,9:48:18.804465059,T,TGT,F,100,91.24
2025-12-08,9:48:18.804465059,T,TGT,I,1,91.24
2025-12-08,9:48:18.804470989,T,TGT,F I,99,91.24
2025-12-08,9:48:18.804528146,T,TGT,F I,26,91.25
2025-12-08,9:48:21.100943221,T,TGT,F,100,91.3
2025-12-08,9:48:21.100946097,T,TGT,F,166,91.31
2025-12-08,9:48:21.101042396,T,TGT,,334,91.31
2025-12-08,9:48:21.101153578,T,TGT,,100,91.3
2025-12-08,9:48:21.101156685,T,TGT,I,45,91.3
2025-12-08,9:48:21.101294921,T,TGT,,100,91.3
2025-12-08,9:48:21.101472377,T,TGT,F,100,91.3
2025-12-08,9:48:21.101667966,T,TGT,,100,91.28
2025-12-08,9:48:21.101905376,T,TGT,F I,41,91.3
2025-12-08,9:48:21.101908449,T,TGT,F I,50,91.3
2025-12-08,9:48:21.101908449,T,TGT,F I,9,91.31
2025-12-08,9:48:21.104456131,T,TGT,,150,91.3
2025-12-08,9:48:21.104456131,T,TGT,I,8,91.31
2025-12-08,9:48:21.104461695,T,TGT,I,33,91.31
2025-12-08,9:48:21.104461695,T,TGT,,100,91.31
2025-12-08,9:48:21.104714078,T,TGT,,100,91.3
2025-12-08,9:48:21.104714078,T,TGT,I,45,91.3
2025-12-08,9:48:21.104717112,T,TGT,I,17,91.3
2025-12-08,9:48:21.104723157,T,TGT,I,33,91.3
2025-12-08,9:48:21.104723157,T,TGT,I,40,91.31
2025-12-08,9:48:21.105839771,T,TGT,,100,91.3
2025-12-08,9:48:21.105842040,T,TGT,I,11,91.3
2025-12-08,9:48:21.105844798,T,TGT,I,47,91.3
2025-12-08,9:48:21.105862821,T,TGT,F,187,91.3
2025-12-08,9:48:21.105865870,T,TGT,F,150,91.3
2025-12-08,9:48:21.105868854,T,TGT,F I,46,91.3
2025-12-08,9:48:27.354130711,T,TGT,I,12,91.305
2025-12-08,9:48:27.358343796,T,TGT,F I,35,91.3
2025-12-08,9:48:30.730433474,T,TGT,F,100,91.32
2025-12-08,9:48:30.730436450,T,TGT,F I,1,91.32
2025-12-08,9:48:30.730454817,T,TGT,F I,12,91.32
2025-12-08,9:48:30.730454817,T,TGT,I,1,91.32
2025-12-08,9:48:30.733672187,T,TGT,F I,10,91.35
2025-12-08,9:48:31.104581740,T,TGT,I,42,91.36
2025-12-08,9:48:35.257710156,T,TGT,I,6,91.38
2025-12-08,9:48:46.009765833,T,TGT,F,100,91.35
2025-12-08,9:48:46.009769233,T,TGT,F I,11,91.35
2025-12-08,9:48:46.009769233,T,TGT,F,100,91.35
2025-12-08,9:48:46.009771769,T,TGT,F,211,91.35
2025-12-08,9:48:46.009784132,T,TGT,I,8,91.35
2025-12-08,9:48:46.009784132,T,TGT,I,5,91.35
2025-12-08,9:48:46.009789804,T,TGT,I,1,91.35
2025-12-08,9:48:46.009816847,T,TGT,I,26,91.35
2025-12-08,9:48:46.009822878,T,TGT,I,1,91.35
2025-12-08,9:48:46.009949146,T,TGT,F I,48,91.35
2025-12-08,9:48:52.763582904,T,TGT,F,100,91.33
2025-12-08,9:48:56.960243084,T,TGT,,100,91.365
2025-12-08,9:48:56.960315221,T,TGT,,100,91.365
2025-12-08,9:48:56.962865268,T,TGT,,100,91.365
2025-12-08,9:48:58.533609534,T,TGT,I,13,91.36
2025-12-08,9:49:03.111238170,T,TGT,F I,66,91.33
2025-12-08,9:49:03.111259220,T,TGT,F I,34,91.33
2025-12-08,9:49:03.111259220,T,TGT,F I,7,91.33
2025-12-08,9:49:03.111265141,T,TGT,F,100,91.33
2025-12-08,9:49:03.111268927,T,TGT,F I,52,91.33
2025-12-08,9:49:03.111268927,T,TGT,I,1,91.33
2025-12-08,9:49:03.111272378,T,TGT,I,47,91.33
2025-12-08,9:49:03.111272378,T,TGT,I,94,91.33
2025-12-08,9:49:03.549039099,T,TGT,F I,50,91.31
2025-12-08,9:49:05.240223225,T,TGT,I,5,91.315
2025-12-08,9:49:07.121369883,T,TGT,,100,91.3
2025-12-08,9:49:07.142311687,T,TGT,,100,91.3
2025-12-08,9:49:07.376467762,T,TGT,F I,2,91.28
2025-12-08,9:49:07.376474173,T,TGT,F I,3,91.27
2025-12-08,9:49:07.376474173,T,TGT,F I,20,91.27
2025-12-08,9:49:07.376476578,T,TGT,F I,20,91.27
2025-12-08,9:49:07.376545706,T,TGT,F I,2,91.26
2025-12-08,9:49:07.376555227,T,TGT,F,136,91.25
2025-12-08,9:49:07.376557837,T,TGT,F I,64,91.25
2025-12-08,9:49:07.376560782,T,TGT,F I,60,91.25
2025-12-08,9:49:07.376560782,T,TGT,F I,10,91.25
2025-12-08,9:49:07.377426859,T,TGT,,100,91.26
2025-12-08,9:49:12.929190305,T,TGT,F I,1,91.22
2025-12-08,9:49:14.310140292,T,TGT,F I,99,91.22
2025-12-08,9:49:14.310143326,T,TGT,F I,1,91.21
2025-12-08,9:49:14.517806021,T,TGT,F I,99,91.21
2025-12-08,9:49:14.517809051,T,TGT,F I,1,91.21
2025-12-08,9:49:14.517830697,T,TGT,F I,9,91.21
2025-12-08,9:49:14.517833180,T,TGT,F,100,91.21
2025-12-08,9:49:14.517833180,T,TGT,F I,46,91.21
2025-12-08,9:49:14.517836070,T,TGT,I,1,91.21
2025-12-08,9:49:14.517854148,T,TGT,I,48,91.21
2025-12-08,9:49:14.517899577,T,TGT,I,5,91.21
2025-12-08,9:49:14.517899577,T,TGT,I,20,91.2
2025-12-08,9:49:14.517902264,T,TGT,I,20,91.2
2025-12-08,9:49:27.003612072,T,TGT,,150,91.19
2025-12-08,9:49:27.003618496,T,TGT,I,5,91.19
2025-12-08,9:49:27.003618496,T,TGT,I,45,91.19
2025-12-08,9:49:27.193121194,T,TGT,I,3,91.22
2025-12-08,9:49:27.193123832,T,TGT,,500,91.22
2025-12-08,9:49:27.193240911,T,TGT,F I,50,91.23
2025-12-08,9:49:27.193319053,T,TGT,F I,50,91.23
2025-12-08,9:49:27.502338568,T,TGT,,100,91.245
2025-12-08,9:49:27.502341598,T,TGT,I,80,91.26
2025-12-08,9:49:27.502341598,T,TGT,,150,91.26
2025-12-08,9:49:27.502344330,T,TGT,,170,91.27
2025-12-08,9:49:28.623896239,T,TGT,F,100,91.24
2025-12-08,9:49:28.625850923,T,TGT,F I,3,91.24
2025-12-08,9:49:35.244309720,T,TGT,I,6,91.235
2025-12-08,9:49:35.697119453,T,TGT,F I,50,91.23
2025-12-08,9:49:35.892374690,T,TGT,F,1200,91.2
2025-12-08,9:49:35.892374690,T,TGT,F,100,91.2
2025-12-08,9:49:35.893330942,T,TGT,F I,1,91.17
2025-12-08,9:49:35.893388092,T,TGT,F I,1,91.17
2025-12-08,9:49:35.893562468,T,TGT,F I,1,91.17
2025-12-08,9:49:35.893742881,T,TGT,F I,1,91.17
2025-12-08,9:49:35.893914348,T,TGT,F I,1,91.17
2025-12-08,9:49:35.894139861,T,TGT,F I,1,91.17
2025-12-08,9:49:35.894190929,T,TGT,F I,1,91.17
2025-12-08,9:49:35.894272155,T,TGT,F I,1,91.17
2025-12-08,9:49:35.894275161,T,TGT,I,92,91.17
2025-12-08,9:49:35.894314201,T,TGT,I,1,91.16
2025-12-08,9:49:56.560476293,T,TGT,I,50,91.175
2025-12-08,9:50:00.069145273,T,TGT,I,50,91.18
2025-12-08,9:50:00.069145273,T,TGT,I,50,91.18
2025-12-08,9:50:00.785764738,T,TGT,F I,5,91.2
2025-12-08,9:50:00.785767620,T,TGT,F,200,91.2
2025-12-08,9:50:00.785771290,T,TGT,F,500,91.2
2025-12-08,9:50:00.785771290,T,TGT,F I,5,91.2
2025-12-08,9:50:00.785773595,T,TGT,F,339,91.2
2025-12-08,9:50:00.785785692,T,TGT,F,161,91.2
2025-12-08,9:50:00.785785692,T,TGT,F I,44,91.2
2025-12-08,9:50:00.785818685,T,TGT,F I,5,91.2
2025-12-08,9:50:01.571527601,T,TGT,,100,91.21
2025-12-08,9:50:01.875404598,T,TGT,F I,69,91.2
2025-12-08,9:50:01.875423424,T,TGT,I,5,91.2
2025-12-08,9:50:01.875425996,T,TGT,I,1,91.2
2025-12-08,9:50:01.875428644,T,TGT,F I,25,91.2
2025-12-08,9:50:02.099152691,T,TGT,F I,50,91.21
2025-12-08,9:50:05.119298893,T,TGT,F,100,91.2
2025-12-08,9:50:05.119313999,T,TGT,I,5,91.2
2025-12-08,9:50:05.119319938,T,TGT,I,1,91.2
2025-12-08,9:50:05.119377122,T,TGT,F I,14,91.2
2025-12-08,9:50:05.119461287,T,TGT,F I,14,91.2
2025-12-08,9:50:08.219498671,T,TGT,I,5,91.195
2025-12-08,9:50:08.219501673,T,TGT,I,9,91.19
2025-12-08,9:50:08.219561849,T,TGT,I,5,91.19
2025-12-08,9:50:15.266394321,T,TGT,I,5,91.19
2025-12-08,9:50:18.037715614,T,TGT,F I,1,91.18
2025-12-08,9:50:18.078303248,T,TGT,F I,1,91.17
2025-12-08,9:50:18.078324411,T,TGT,I,1,91.17
2025-12-08,9:50:20.423939448,T,TGT,I,3,91.19
2025-12-08,9:50:22.156066173,T,TGT,F I,74,91.22
2025-12-08,9:50:22.156153787,T,TGT,F I,5,91.23
2025-12-08,9:50:22.156156560,T,TGT,F I,9,91.23
2025-12-08,9:50:29.578589480,T,TGT,F,100,91.2
2025-12-08,9:50:29.851233994,T,TGT,F I,40,91.19
2025-12-08,9:50:29.851255067,T,TGT,F I,60,91.19
2025-12-08,9:50:29.851261078,T,TGT,F I,60,91.19
2025-12-08,9:50:29.851261078,T,TGT,F I,12,91.19
2025-12-08,9:50:29.851264282,T,TGT,F,100,91.19
2025-12-08,9:50:29.851264282,T,TGT,F I,10,91.19
2025-12-08,9:50:31.692048552,T,TGT,F,500,91.21
2025-12-08,9:50:31.692379550,T,TGT,F,528,91.22
2025-12-08,9:50:31.692932675,T,TGT,F I,5,91.23
2025-12-08,9:50:31.703175039,T,TGT,,100,91.24
2025-12-08,9:50:31.703196095,T,TGT,F I,8,91.25
2025-12-08,9:50:53.171071074,T,TGT,,100,91.27
2025-12-08,9:50:57.105136552,T,TGT,,100,91.285
2025-12-08,9:50:59.789373756,T,TGT,,100,91.27
2025-12-08,9:50:59.789376517,T,TGT,,100,91.26
2025-12-08,9:50:59.789376517,T,TGT,I,1,91.26
2025-12-08,9:50:59.789379495,T,TGT,I,1,91.26
2025-12-08,9:50:59.789394471,T,TGT,F,100,91.26
2025-12-08,9:50:59.789926779,T,TGT,F I,10,91.25
2025-12-08,9:50:59.790410868,T,TGT,F I,13,91.25
2025-12-08,9:51:00.068486410,T,TGT,I,1,91.25
2025-12-08,9:51:00.068847262,T,TGT,F I,14,91.24
2025-12-08,9:51:02.973647581,T,TGT,I,7,91.25
2025-12-08,9:51:02.973716776,T,TGT,,100,91.25
2025-12-08,9:51:03.376048312,T,TGT,F I,3,91.26
2025-12-08,9:51:03.707245394,T,TGT,,100,91.24
2025-12-08,9:51:05.134710187,T,TGT,,100,91.25
2025-12-08,9:51:05.375502754,T,TGT,,100,91.25
2025-12-08,9:51:05.376801971,T,TGT,F,600,91.27
2025-12-08,9:51:05.377394286,T,TGT,F I,7,91.29
2025-12-08,9:51:11.593690232,T,TGT,F I,5,91.31
2025-12-08,9:51:11.593690232,T,TGT,F,100,91.31
2025-12-08,9:51:11.593693360,T,TGT,F,100,91.31
2025-12-08,9:51:11.593693360,T,TGT,F I,1,91.31
2025-12-08,9:51:11.593696109,T,TGT,F I,99,91.31
2025-12-08,9:51:11.593699061,T,TGT,F I,15,91.31
2025-12-08,9:51:11.594129034,T,TGT,F I,50,91.31
2025-12-08,9:51:11.594138070,T,TGT,I,88,91.31
2025-12-08,9:51:11.644532123,T,TGT,I,10,91.33
2025-12-08,9:51:11.647163355,T,TGT,,100,91.33
2025-12-08,9:51:24.326405308,T,TGT,F,100,91.37
2025-12-08,9:51:24.326411751,T,TGT,F,500,91.37
2025-12-08,9:51:24.326411751,T,TGT,F I,2,91.37
2025-12-08,9:51:24.326414629,T,TGT,F I,1,91.37
2025-12-08,9:51:24.383472231,T,TGT,,500,91.43
2025-12-08,9:51:24.383475283,T,TGT,I,12,91.43
2025-12-08,9:51:24.383475283,T,TGT,,100,91.43
2025-12-08,9:51:24.383494778,T,TGT,F,100,91.43
2025-12-08,9:51:24.383494778,T,TGT,F I,12,91.43
2025-12-08,9:51:24.383499393,T,TGT,I,1,91.43
2025-12-08,9:51:24.383541402,T,TGT,F I,1,91.43
2025-12-08,9:51:24.383545181,T,TGT,F I,99,91.43
2025-12-08,9:51:24.383547801,T,TGT,F I,1,91.43
2025-12-08,9:51:24.384639083,T,TGT,I,13,91.43
2025-12-08,9:51:24.384678181,T,TGT,I,87,91.43
2025-12-08,9:51:24.440283609,T,TGT,,100,91.43
2025-12-08,9:51:24.440301682,T,TGT,I,62,91.43
2025-12-08,9:51:25.014805591,T,TGT,F,100,91.43
2025-12-08,9:51:25.014808434,T,TGT,F I,10,91.43
2025-12-08,9:51:25.014823428,T,TGT,I,1,91.43
2025-12-08,9:51:25.014826361,T,TGT,F I,25,91.43
2025-12-08,9:51:25.014829479,T,TGT,I,5,91.43
2025-12-08,9:51:25.014832379,T,TGT,I,54,91.43
2025-12-08,9:51:25.280524367,T,TGT,I,5,91.425
2025-12-08,9:51:26.000812484,T,TGT,I,8,91.425
2025-12-08,9:51:48.822211979,T,TGT,F,100,91.39
2025-12-08,9:51:48.822215286,T,TGT,F I,14,91.39
2025-12-08,9:51:48.822215286,T,TGT,F I,60,91.39
2025-12-08,9:51:48.841142031,T,TGT,F I,3,91.37
2025-12-08,9:51:55.297153835,T,TGT,F,100,91.32
2025-12-08,9:51:56.807559227,T,TGT,F I,1,91.24
2025-12-08,9:51:56.807562149,T,TGT,F I,10,91.24
2025-12-08,9:51:56.808813190,T,TGT,I,54,91.23
2025-12-08,9:52:04.138968431,T,TGT,,100,91.23
2025-12-08,9:52:04.138989579,T,TGT,I,65,91.24
2025-12-08,9:52:04.139046613,T,TGT,F I,3,91.25
2025-12-08,9:52:04.216225548,T,TGT,I,16,91.25
2025-12-08,9:52:04.216225548,T,TGT,I,25,91.245
2025-12-08,9:52:04.216228516,T,TGT,I,59,91.245
2025-12-08,9:52:06.971954768,T,TGT,I,5,91.245
2025-12-08,9:52:07.310387819,T,TGT,,700,91.27
2025-12-08,9:52:07.310390329,T,TGT,I,61,91.27
2025-12-08,9:52:07.310393216,T,TGT,I,5,91.27
2025-12-08,9:52:07.310393216,T,TGT,F I,60,91.27
2025-12-08,9:52:07.311238151,T,TGT,I,5,91.28
2025-12-08,9:52:07.314001684,T,TGT,I,5,91.295
2025-12-08,9:52:07.379151980,T,TGT,,200,91.305
2025-12-08,9:52:17.570197026,T,TGT,F I,88,91.27
2025-12-08,9:52:17.570214995,T,TGT,F I,12,91.27
2025-12-08,9:52:17.570479659,T,TGT,F I,17,91.26
2025-12-08,9:52:23.461294823,T,TGT,,100,91.245
2025-12-08,9:52:23.482525359,T,TGT,I,50,91.27
2025-12-08,9:52:23.482528456,T,TGT,I,1,91.27
2025-12-08,9:52:23.486552023,T,TGT,F I,5,91.29
2025-12-08,9:52:23.486555082,T,TGT,F I,50,91.29
2025-12-08,9:52:23.487189531,T,TGT,I,20,91.3
2025-12-08,9:52:23.487679749,T,TGT,I,5,91.3
2025-12-08,9:52:23.499338456,T,TGT,I,25,91.31
2025-12-08,9:52:25.942872989,T,TGT,I,3,91.355
2025-12-08,9:52:36.207305036,T,TGT,F I,5,91.375
2025-12-08,9:52:42.705473991,T,TGT,I,5,91.38
2025-12-08,9:52:42.705555191,T,TGT,F I,3,91.39
2025-12-08,9:52:44.701599820,T,TGT,,120,91.39
2025-12-08,9:52:44.701599820,T,TGT,I,10,91.38
2025-12-08,9:52:44.701602778,T,TGT,I,11,91.38
2025-12-08,9:52:44.701605560,T,TGT,I,59,91.38
2025-12-08,9:52:44.701623904,T,TGT,I,5,91.38
2025-12-08,9:52:44.701623904,T,TGT,I,1,91.38
2025-12-08,9:52:44.701671748,T,TGT,I,35,91.38
2025-12-08,9:52:44.701675713,T,TGT,I,14,91.38
2025-12-08,9:52:44.701680737,T,TGT,I,1,91.38
2025-12-08,9:52:44.701680737,T,TGT,,100,91.38
2025-12-08,9:52:44.704997666,T,TGT,F,100,91.38
2025-12-08,9:52:44.705000736,T,TGT,F,100,91.38
2025-12-08,9:52:51.884039967,T,TGT,I,5,91.375
2025-12-08,9:52:55.138083327,T,TGT,,200,91.375
2025-12-08,9:52:55.220849596,T,TGT,F I,11,91.37
2025-12-08,9:52:55.291295413,T,TGT,I,5,91.375
2025-12-08,9:52:57.430155971,T,TGT,,100,91.375
2025-12-08,9:53:03.260079169,T,TGT,I,10,91.4
2025-12-08,9:53:03.260082131,T,TGT,,207,91.4
2025-12-08,9:53:03.260100209,T,TGT,F,393,91.4
2025-12-08,9:53:03.260103199,T,TGT,F I,4,91.4
2025-12-08,9:53:03.260376933,T,TGT,F I,5,91.41
2025-12-08,9:53:03.260379885,T,TGT,F I,5,91.41
2025-12-08,9:53:03.261005598,T,TGT,,100,91.41
2025-12-08,9:53:03.261057056,T,TGT,F I,18,91.4
2025-12-08,9:53:03.261062493,T,TGT,F I,98,91.39
2025-12-08,9:53:03.261071540,T,TGT,F I,2,91.39
2025-12-08,9:53:03.261098614,T,TGT,I,1,91.39
2025-12-08,9:53:03.261101709,T,TGT,I,99,91.39
2025-12-08,9:53:03.261125722,T,TGT,I,1,91.39
2025-12-08,9:53:03.261125722,T,TGT,I,14,91.39
2025-12-08,9:53:03.261128704,T,TGT,F I,1,91.39
2025-12-08,9:53:03.261150166,T,TGT,F I,31,91.37
2025-12-08,9:53:03.261158758,T,TGT,F I,10,91.38
2025-12-08,9:53:03.261162652,T,TGT,F I,59,91.37
2025-12-08,9:53:03.261203921,T,TGT,F I,10,91.37
2025-12-08,9:53:03.261339192,T,TGT,I,3,91.38
2025-12-08,9:53:03.261955696,T,TGT,I,11,91.38
2025-12-08,9:53:03.261965313,T,TGT,I,15,91.38
2025-12-08,9:53:03.261968397,T,TGT,,100,91.38
2025-12-08,9:53:03.261971091,T,TGT,I,24,91.38
2025-12-08,9:53:03.262003720,T,TGT,I,59,91.38
2025-12-08,9:53:03.262007149,T,TGT,,177,91.38
2025-12-08,9:53:03.262012764,T,TGT,I,50,91.38
2025-12-08,9:53:03.262012764,T,TGT,,100,91.38
2025-12-08,9:53:03.262012764,T,TGT,,100,91.38
2025-12-08,9:53:03.262016102,T,TGT,I,50,91.38
2025-12-08,9:53:03.262027772,T,TGT,,148,91.38
2025-12-08,9:53:03.262984070,T,TGT,F,113,91.38
2025-12-08,9:53:03.263552510,T,TGT,F,150,91.39
2025-12-08,9:53:09.693840990,T,TGT,I,25,91.395
2025-12-08,9:53:10.242098145,T,TGT,,106,91.39
2025-12-08,9:53:22.938074891,T,TGT,I,60,91.42
2025-12-08,9:53:22.938129010,T,TGT,F,600,91.43
2025-12-08,9:53:22.938141051,T,TGT,F I,40,91.43
2025-12-08,9:53:22.941692580,T,TGT,I,6,91.45
2025-12-08,9:53:22.941695564,T,TGT,I,5,91.45
2025-12-08,9:53:22.941719931,T,TGT,I,5,91.45
2025-12-08,9:53:25.297216339,T,TGT,I,5,91.46
2025-12-08,9:53:25.298485360,T,TGT,I,15,91.46
2025-12-08,9:53:25.298524518,T,TGT,I,14,91.46
2025-12-08,9:53:25.298614666,T,TGT,I,6,91.46
2025-12-08,9:53:34.512232118,T,TGT,F I,90,91.43
2025-12-08,9:53:34.512235493,T,TGT,F I,1,91.43
2025-12-08,9:53:34.512235493,T,TGT,F I,9,91.43
2025-12-08,9:53:34.512238353,T,TGT,F I,60,91.43
2025-12-08,9:53:34.512241381,T,TGT,F I,1,91.43
2025-12-08,9:53:34.514427312,T,TGT,I,10,91.41
2025-12-08,9:53:37.301773959,T,TGT,F I,12,91.38
2025-12-08,9:53:38.105721312,T,TGT,F I,80,91.34
2025-12-08,9:53:38.105721312,T,TGT,F I,10,91.34
2025-12-08,9:53:39.171027299,T,TGT,F,100,91.32
2025-12-08,9:53:41.761921748,T,TGT,F I,50,91.355
2025-12-08,9:53:47.021346840,T,TGT,F I,50,91.34
2025-12-08,9:53:52.093467481,T,TGT,F I,50,91.33
2025-12-08,9:53:52.093467481,T,TGT,F I,30,91.33
2025-12-08,9:53:52.394719237,T,TGT,F I,6,91.32
2025-12-08,9:53:52.394722174,T,TGT,F I,2,91.32
2025-12-08,9:53:52.394725255,T,TGT,F I,12,91.32
2025-12-08,9:53:52.394740410,T,TGT,F I,18,91.32
2025-12-08,9:53:57.018294407,T,TGT,F I,60,91.31
2025-12-08,9:53:57.018297930,T,TGT,F I,54,91.31
2025-12-08,9:53:57.018297930,T,TGT,F I,6,91.31
2025-12-08,9:53:57.018300362,T,TGT,F,100,91.31
2025-12-08,9:54:03.983214516,T,TGT,F I,3,91.3
2025-12-08,9:54:05.296927243,T,TGT,F,100,91.29
2025-12-08,9:54:05.296927243,T,TGT,F,100,91.29
2025-12-08,9:54:05.296930291,T,TGT,F I,11,91.29
2025-12-08,9:54:05.296930291,T,TGT,F I,3,91.29
2025-12-08,9:54:06.437112276,T,TGT,F I,10,91.28
2025-12-08,9:54:06.437114790,T,TGT,F I,7,91.28
2025-12-08,9:54:13.384036914,T,TGT,F I,41,91.28
2025-12-08,9:54:13.384079076,T,TGT,I,3,91.29
2025-12-08,9:54:16.058088564,T,TGT,F I,5,91.31
2025-12-08,9:54:17.370745817,T,TGT,F I,50,91.33
2025-12-08,9:54:20.486255188,T,TGT,F I,11,91.33
2025-12-08,9:54:23.637829460,T,TGT,,100,91.3
2025-12-08,9:54:23.637832483,T,TGT,,100,91.3
2025-12-08,9:54:24.475694654,T,TGT,F I,20,91.29
2025-12-08,9:54:25.310594640,T,TGT,I,6,91.29
2025-12-08,9:54:35.802001415,T,TGT,F I,50,91.3
2025-12-08,9:54:35.870778242,T,TGT,I,7,91.31
2025-12-08,9:54:45.276418153,T,TGT,F,600,91.33
2025-12-08,9:54:45.276418153,T,TGT,F I,1,91.33
2025-12-08,9:54:45.276421117,T,TGT,F I,5,91.33
2025-12-08,9:54:45.277218047,T,TGT,I,12,91.34
2025-12-08,9:54:45.277218047,T,TGT,I,2,91.34
2025-12-08,9:54:45.277236133,T,TGT,F I,4,91.34
2025-12-08,9:54:45.277239052,T,TGT,I,2,91.34
2025-12-08,9:54:45.277458820,T,TGT,,100,91.34
2025-12-08,9:54:45.277473713,T,TGT,I,17,91.34
2025-12-08,9:54:50.396864543,T,TGT,F I,20,91.33
2025-12-08,9:54:50.396867098,T,TGT,F I,36,91.33
2025-12-08,9:54:50.396870100,T,TGT,F I,1,91.33
2025-12-08,9:54:50.396888433,T,TGT,F I,23,91.33
2025-12-08,9:54:50.396888433,T,TGT,F I,20,91.33
2025-12-08,9:54:50.396891107,T,TGT,F I,54,91.33
2025-12-08,9:54:50.482225500,T,TGT,F I,24,91.34
2025-12-08,9:54:50.655350931,T,TGT,F,100,91.31
2025-12-08,9:54:59.948950009,T,TGT,F I,3,91.3
2025-12-08,9:54:59.948952927,T,TGT,F,100,91.3
2025-12-08,9:55:03.027678739,T,TGT,F I,3,91.32
2025-12-08,9:55:03.029456007,T,TGT,F I,5,91.33
2025-12-08,9:55:06.335634603,T,TGT,F I,39,91.335
2025-12-08,9:55:06.335962376,T,TGT,I,50,91.335
2025-12-08,9:55:06.336551835,T,TGT,I,50,91.335
2025-12-08,9:55:15.307728760,T,TGT,I,5,91.335
2025-12-08,9:55:15.694209430,T,TGT,I,50,91.335
2025-12-08,9:55:15.694218409,T,TGT,I,45,91.335
2025-12-08,9:55:33.474423816,T,TGT,F I,9,91.31
2025-12-08,9:55:33.474423816,T,TGT,F I,54,91.31
2025-12-08,9:55:33.474425709,T,TGT,F I,3,91.31
2025-12-08,9:55:33.474428665,T,TGT,F,100,91.31
2025-12-08,9:55:33.475430044,T,TGT,I,20,91.3
2025-12-08,9:55:33.475433083,T,TGT,I,60,91.3
2025-12-08,9:55:33.971284399,T,TGT,F I,50,91.31
2025-12-08,9:55:41.377457669,T,TGT,F I,1,91.3
2025-12-08,9:55:41.377460672,T,TGT,F I,19,91.3
2025-12-08,9:55:41.377460672,T,TGT,F I,1,91.3
2025-12-08,9:55:41.377487842,T,TGT,I,19,91.3
2025-12-08,9:55:44.746946032,T,TGT,I,8,91.31
2025-12-08,9:55:44.754824792,T,TGT,I,25,91.3
2025-12-08,9:55:44.754824792,T,TGT,I,9,91.3
2025-12-08,9:55:44.754827961,T,TGT,I,3,91.3
2025-12-08,9:55:44.754882093,T,TGT,,100,91.29
2025-12-08,9:55:44.754884984,T,TGT,,100,91.29
2025-12-08,9:55:45.323347279,T,TGT,I,5,91.29
2025-12-08,9:55:55.346120540,T,TGT,I,6,91.29
2025-12-08,9:56:02.181528312,T,TGT,F I,50,91.3
2025-12-08,9:56:03.929746211,T,TGT,F I,10,91.3
2025-12-08,9:56:03.929851470,T,TGT,F I,14,91.32
2025-12-08,9:56:03.929851470,T,TGT,F I,4,91.32
2025-12-08,9:56:03.930341673,T,TGT,I,32,91.32
2025-12-08,9:56:03.930615366,T,TGT,,100,91.32
2025-12-08,9:56:05.348451119,T,TGT,I,5,91.32
2025-12-08,9:56:05.369444135,T,TGT,,100,91.32
2025-12-08,9:56:05.694907557,T,TGT,I,1,91.3
2025-12-08,9:56:05.694910642,T,TGT,,100,91.3
2025-12-08,9:56:05.694912507,T,TGT,,100,91.3
2025-12-08,9:56:05.694915604,T,TGT,I,99,91.3
2025-12-08,9:56:05.694927612,T,TGT,I,1,91.3
2025-12-08,9:56:06.856369546,T,TGT,F I,10,91.3
2025-12-08,9:56:09.893698649,T,TGT,,100,91.3
2025-12-08,9:56:09.893698649,T,TGT,I,99,91.3
2025-12-08,9:56:09.893713706,T,TGT,I,1,91.3
2025-12-08,9:56:09.893717210,T,TGT,I,1,91.3
2025-12-08,9:56:09.893717210,T,TGT,I,3,91.3
2025-12-08,9:56:09.893719716,T,TGT,I,1,91.3
2025-12-08,9:56:09.897436641,T,TGT,F I,4,91.31
2025-12-08,9:56:09.897948093,T,TGT,F I,11,91.32
2025-12-08,9:56:09.897948093,T,TGT,F I,24,91.32
2025-12-08,9:56:09.897948093,T,TGT,F I,4,91.32
2025-12-08,9:56:09.905062752,T,TGT,I,30,91.32
2025-12-08,9:56:18.193114460,T,TGT,F I,99,91.33
2025-12-08,9:56:18.193138387,T,TGT,F,501,91.33
2025-12-08,9:56:18.193141349,T,TGT,F I,8,91.33
2025-12-08,9:56:18.193147271,T,TGT,I,1,91.33
2025-12-08,9:56:18.194705027,T,TGT,F I,11,91.33
2025-12-08,9:56:18.194707973,T,TGT,F I,24,91.33
2025-12-08,9:56:18.296043470,T,TGT,,150,91.33
2025-12-08,9:56:36.377659326,T,TGT,F,150,91.35
2025-12-08,9:56:36.377661812,T,TGT,F I,6,91.35
2025-12-08,9:56:36.377665109,T,TGT,F I,9,91.35
2025-12-08,9:56:36.377665109,T,TGT,F I,1,91.35
2025-12-08,9:56:37.490123092,T,TGT,I,5,91.355
2025-12-08,9:56:38.877752006,T,TGT,F I,50,91.34
2025-12-08,9:56:45.157561985,T,TGT,,100,91.365
2025-12-08,9:56:45.157565033,T,TGT,,100,91.36
2025-12-08,9:56:45.157598034,T,TGT,,100,91.35
2025-12-08,9:56:45.157601092,T,TGT,,100,91.35
2025-12-08,9:56:45.157622243,T,TGT,I,5,91.35
2025-12-08,9:56:45.157625126,T,TGT,I,1,91.35
2025-12-08,9:56:45.157640150,T,TGT,I,94,91.35
2025-12-08,9:56:45.157959177,T,TGT,F,100,91.36
2025-12-08,9:56:45.158055251,T,TGT,,100,91.36
2025-12-08,9:56:45.158055251,T,TGT,,100,91.36
2025-12-08,9:56:45.158058114,T,TGT,I,61,91.36
2025-12-08,9:56:45.158283703,T,TGT,F I,37,91.37
2025-12-08,9:56:45.158283703,T,TGT,F I,18,91.37
2025-12-08,9:56:45.158296055,T,TGT,F I,15,91.36
2025-12-08,9:56:45.158296055,T,TGT,F I,7,91.36
2025-12-08,9:56:45.158304850,T,TGT,I,22,91.36
2025-12-08,9:56:45.158304850,T,TGT,I,1,91.37
2025-12-08,9:56:45.158386002,T,TGT,,161,91.36
2025-12-08,9:56:45.158388951,T,TGT,,121,91.36
2025-12-08,9:56:45.158578414,T,TGT,I,9,91.35
2025-12-08,9:56:46.495299011,T,TGT,F I,80,91.36
2025-12-08,9:56:46.495302467,T,TGT,F I,9,91.36
2025-12-08,9:56:46.495305725,T,TGT,F I,37,91.36
2025-12-08,9:56:46.495305725,T,TGT,F I,37,91.36
2025-12-08,9:56:46.495326096,T,TGT,F I,63,91.36
2025-12-08,9:56:46.495326096,T,TGT,F,100,91.36
2025-12-08,9:56:46.495332101,T,TGT,F I,40,91.36
2025-12-08,9:57:04.072886827,T,TGT,F,100,91.34
2025-12-08,9:57:04.072928939,T,TGT,F,400,91.33
2025-12-08,9:57:04.072928939,T,TGT,F,100,91.33
2025-12-08,9:57:04.082136890,T,TGT,F I,41,91.28
2025-12-08,9:57:04.082136890,T,TGT,F I,5,91.28
2025-12-08,9:57:04.082476605,T,TGT,F I,40,91.27
2025-12-08,9:57:04.082479619,T,TGT,F I,20,91.27
2025-12-08,9:57:10.038231526,T,TGT,F I,1,91.21
2025-12-08,9:57:11.103195077,T,TGT,,100,91.23
2025-12-08,9:57:11.103195077,T,TGT,I,3,91.24
2025-12-08,9:57:11.104839648,T,TGT,,104,91.25
2025-12-08,9:57:11.105742220,T,TGT,I,25,91.235
2025-12-08,9:57:11.105742220,T,TGT,,100,91.25
2025-12-08,9:57:11.105744806,T,TGT,I,65,91.25
2025-12-08,9:57:11.105784268,T,TGT,,190,91.25
2025-12-08,9:57:11.105784268,T,TGT,I,1,91.26
2025-12-08,9:57:11.105786875,T,TGT,,100,91.26
2025-12-08,9:57:11.105786875,T,TGT,I,15,91.26
2025-12-08,9:57:11.105805018,T,TGT,I,34,91.25
2025-12-08,9:57:11.105832078,T,TGT,F I,66,91.25
2025-12-08,9:57:11.105834995,T,TGT,F I,19,91.26
2025-12-08,9:57:11.105834995,T,TGT,I,1,91.26
2025-12-08,9:57:18.903751649,T,TGT,I,7,91.23
2025-12-08,9:57:18.904978570,T,TGT,F,100,91.23
2025-12-08,9:57:19.966372202,T,TGT,,100,91.24
2025-12-08,9:57:21.303946923,T,TGT,F,579,91.26
2025-12-08,9:57:21.303953535,T,TGT,F I,21,91.26
2025-12-08,9:57:21.303953535,T,TGT,F I,2,91.26
2025-12-08,9:57:34.772755848,T,TGT,,100,91.265
2025-12-08,9:57:35.099255719,T,TGT,F,100,91.29
2025-12-08,9:57:35.099258657,T,TGT,F I,20,91.29
2025-12-08,9:57:35.099276782,T,TGT,I,1,91.29
2025-12-08,9:57:35.099288792,T,TGT,F I,59,91.29
2025-12-08,9:57:39.522698172,T,TGT,F I,50,91.33
2025-12-08,9:57:39.522701133,T,TGT,F I,20,91.33
2025-12-08,9:57:39.523025800,T,TGT,F I,46,91.34
2025-12-08,9:57:39.525542840,T,TGT,F,162,91.38
2025-12-08,9:57:39.525545840,T,TGT,F I,38,91.38
2025-12-08,9:57:39.529028168,T,TGT,F I,9,91.4
2025-12-08,9:57:39.529034115,T,TGT,F,191,91.4
2025-12-08,9:57:39.530357368,T,TGT,I,36,91.4
2025-12-08,9:57:50.130070133,T,TGT,I,92,91.41
2025-12-08,9:57:50.130094122,T,TGT,F I,8,91.41
2025-12-08,9:57:50.130097242,T,TGT,F I,32,91.41
2025-12-08,9:57:50.130097242,T,TGT,F I,1,91.41
2025-12-08,9:57:50.130100785,T,TGT,F I,13,91.41
2025-12-08,9:57:50.130100785,T,TGT,I,5,91.41
2025-12-08,9:57:50.130103162,T,TGT,I,1,91.41
2025-12-08,9:57:59.112081712,T,TGT,F,288,91.43
2025-12-08,9:57:59.112099754,T,TGT,I,1,91.43
2025-12-08,9:57:59.112120828,T,TGT,F,311,91.43
2025-12-08,9:57:59.112869611,T,TGT,F,100,91.42
2025-12-08,9:57:59.112869611,T,TGT,F I,40,91.42
2025-12-08,9:57:59.112873783,T,TGT,F I,21,91.41
2025-12-08,9:57:59.112878687,T,TGT,F I,60,91.41
2025-12-08,9:57:59.113465096,T,TGT,F I,8,91.39
2025-12-08,9:57:59.115675279,T,TGT,F I,6,91.38
2025-12-08,9:57:59.115678351,T,TGT,F I,20,91.38
2025-12-08,9:57:59.126392790,T,TGT,F,100,91.36
2025-12-08,9:57:59.126395905,T,TGT,F,100,91.36
2025-12-08,9:58:00.107311784,T,TGT,F I,93,91.36
2025-12-08,9:58:00.107336521,T,TGT,F I,7,91.36
2025-12-08,9:58:00.107336521,T,TGT,F I,30,91.36
2025-12-08,9:58:00.107338829,T,TGT,F I,2,91.36
2025-12-08,9:58:00.107344817,T,TGT,F I,40,91.36
2025-12-08,9:58:00.107344817,T,TGT,F I,23,91.36
2025-12-08,9:58:00.107347870,T,TGT,F I,8,91.36
2025-12-08,9:58:13.947490205,T,TGT,I,50,91.385
2025-12-08,9:58:13.950353044,T,TGT,I,50,91.385
2025-12-08,9:58:13.958761042,T,TGT,I,25,91.385
2025-12-08,9:58:13.962144127,T,TGT,I,75,91.385
2025-12-08,9:58:13.970558168,T,TGT,I,50,91.385
2025-12-08,9:58:13.970603343,T,TGT,I,50,91.385
2025-12-08,9:58:14.061771517,T,TGT,I,6,91.385
2025-12-08,9:58:15.057617989,T,TGT,I,10,91.385
2025-12-08,9:58:15.060955937,T,TGT,I,90,91.385
2025-12-08,9:58:15.150148370,T,TGT,I,20,91.41
2025-12-08,9:58:17.621466040,T,TGT,I,50,91.385
2025-12-08,9:58:21.856106440,T,TGT,,150,91.39
2025-12-08,9:58:27.680764071,T,TGT,I,14,91.41
2025-12-08,9:58:27.680770148,T,TGT,I,9,91.41
2025-12-08,9:58:27.680806248,T,TGT,I,60,91.41
2025-12-08,9:58:27.682219625,T,TGT,I,1,91.42
2025-12-08,9:58:27.682258714,T,TGT,I,8,91.42
2025-12-08,9:58:27.682288765,T,TGT,I,60,91.42
2025-12-08,9:58:27.682327835,T,TGT,F,100,91.42
2025-12-08,9:58:27.682345979,T,TGT,I,5,91.42
2025-12-08,9:58:27.682345979,T,TGT,I,1,91.42
2025-12-08,9:58:27.682360933,T,TGT,I,24,91.42
2025-12-08,9:58:29.744210937,T,TGT,I,5,91.405
2025-12-08,9:58:29.960723847,T,TGT,I,9,91.405
2025-12-08,9:58:30.248981526,T,TGT,F I,50,91.38
2025-12-08,9:58:30.249026682,T,TGT,F I,13,91.37
2025-12-08,9:58:30.249056789,T,TGT,I,87,91.37
2025-12-08,9:58:30.249077803,T,TGT,I,18,91.37
2025-12-08,9:58:30.249095843,T,TGT,I,82,91.37
2025-12-08,9:58:30.249098866,T,TGT,,100,91.37
2025-12-08,9:58:30.249102595,T,TGT,,100,91.37
2025-12-08,9:58:30.249102595,T,TGT,,100,91.37
2025-12-08,9:58:30.249104913,T,TGT,,100,91.37
2025-12-08,9:58:30.250650524,T,TGT,F I,42,91.38
2025-12-08,9:58:30.250653532,T,TGT,F I,3,91.38
2025-12-08,9:58:30.250674650,T,TGT,F I,3,91.38
2025-12-08,9:58:30.353114700,T,TGT,,100,91.38
2025-12-08,9:58:30.353119888,T,TGT,I,42,91.38
2025-12-08,9:58:30.353119888,T,TGT,,200,91.38
2025-12-08,9:58:30.353122767,T,TGT,I,14,91.38
2025-12-08,9:58:30.353122767,T,TGT,I,98,91.38
2025-12-08,9:58:30.353125757,T,TGT,,100,91.38
2025-12-08,9:58:30.353125757,T,TGT,I,80,91.38
2025-12-08,9:58:30.354196229,T,TGT,,100,91.36
2025-12-08,9:58:30.354475871,T,TGT,F,100,91.36
2025-12-08,9:58:35.514667628,T,TGT,F I,1,91.31
2025-12-08,9:58:35.514671169,T,TGT,F I,29,91.31
2025-12-08,9:58:35.514697628,T,TGT,I,37,91.31
2025-12-08,9:58:35.514715660,T,TGT,I,34,91.31
2025-12-08,9:58:35.514715660,T,TGT,,100,91.31
2025-12-08,9:58:35.514718646,T,TGT,I,28,91.31
2025-12-08,9:58:35.514727674,T,TGT,I,72,91.31
2025-12-08,9:58:35.514727674,T,TGT,,100,91.31
2025-12-08,9:58:35.519458007,T,TGT,I,1,91.3
2025-12-08,9:58:37.393910791,T,TGT,F,183,91.33
2025-12-08,9:58:37.393914169,T,TGT,F,183,91.33
2025-12-08,9:58:37.393931813,T,TGT,F,234,91.33
2025-12-08,9:58:37.394912151,T,TGT,I,9,91.34
2025-12-08,9:58:37.703065362,T,TGT,,100,91.35
2025-12-08,9:58:39.103438594,T,TGT,I,6,91.38
2025-12-08,9:58:45.390724685,T,TGT,I,5,91.4
2025-12-08,9:58:55.538244061,T,TGT,I,8,91.395
2025-12-08,9:58:55.547226362,T,TGT,I,5,91.395
2025-12-08,9:58:57.940944075,T,TGT,I,2,91.42
2025-12-08,9:59:05.511095163,T,TGT,,265,91.39
2025-12-08,9:59:05.511110885,T,TGT,I,1,91.39
2025-12-08,9:59:05.511116985,T,TGT,I,5,91.39
2025-12-08,9:59:05.511206435,T,TGT,,100,91.39
2025-12-08,9:59:05.609489643,T,TGT,F I,1,91.36
2025-12-08,9:59:05.609489643,T,TGT,F,100,91.36
2025-12-08,9:59:05.626287603,T,TGT,I,7,91.375
2025-12-08,9:59:05.626892083,T,TGT,F I,5,91.38
2025-12-08,9:59:08.572881627,T,TGT,I,3,91.37
2025-12-08,9:59:08.572914625,T,TGT,,100,91.36
2025-12-08,9:59:10.109091431,T,TGT,,100,91.35
2025-12-08,9:59:10.109094481,T,TGT,,100,91.35
2025-12-08,9:59:10.109109525,T,TGT,I,5,91.35
2025-12-08,9:59:10.109115605,T,TGT,I,1,91.35
2025-12-08,9:59:10.109115605,T,TGT,I,62,91.35
2025-12-08,9:59:10.109136538,T,TGT,I,32,91.35
2025-12-08,9:59:10.109136538,T,TGT,I,68,91.35
2025-12-08,9:59:10.109151891,T,TGT,I,32,91.35
2025-12-08,9:59:10.109154627,T,TGT,,100,91.35
2025-12-08,9:59:10.109157560,T,TGT,,100,91.35
2025-12-08,9:59:15.395174946,T,TGT,I,5,91.35
2025-12-08,9:59:23.257559238,T,TGT,F,100,91.32
2025-12-08,9:59:23.257562232,T,TGT,F,100,91.32
2025-12-08,9:59:23.257583263,T,TGT,I,5,91.32
2025-12-08,9:59:23.257583263,T,TGT,I,1,91.32
2025-12-08,9:59:23.257604268,T,TGT,I,94,91.32
2025-12-08,9:59:23.594897533,T,TGT,I,40,91.3
2025-12-08,9:59:23.594899806,T,TGT,I,3,91.3
2025-12-08,9:59:23.604432610,T,TGT,,100,91.28
2025-12-08,9:59:26.098487420,T,TGT,F I,50,91.3
2025-12-08,9:59:26.098529528,T,TGT,F I,50,91.3
2025-12-08,9:59:26.101115611,T,TGT,,100,91.3
2025-12-08,9:59:27.295772056,T,TGT,,255,91.31
2025-12-08,9:59:27.295775929,T,TGT,,133,91.31
2025-12-08,9:59:27.295778390,T,TGT,I,5,91.32
2025-12-08,9:59:27.295778390,T,TGT,,107,91.32
2025-12-08,9:59:34.230409695,T,TGT,F,600,91.31
2025-12-08,9:59:34.230412740,T,TGT,F I,5,91.31
2025-12-08,9:59:35.202219975,T,TGT,I,50,91.325
2025-12-08,9:59:38.437415270,T,TGT,F I,60,91.32
2025-12-08,9:59:38.437415270,T,TGT,F,328,91.33
2025-12-08,9:59:38.437417505,T,TGT,F,372,91.33
2025-12-08,9:59:38.437420516,T,TGT,F,100,91.33
2025-12-08,9:59:38.437513836,T,TGT,F I,3,91.34
2025-12-08,9:59:38.437733324,T,TGT,F I,2,91.35
2025-12-08,9:59:43.872972174,T,TGT,F I,6,91.36
2025-12-08,9:59:45.842006088,T,TGT,F I,5,91.36
2025-12-08,9:59:58.437841206,T,TGT,F,100,91.35
2025-12-08,9:59:58.437841206,T,TGT,F,200,91.35
2025-12-08,9:59:58.437844269,T,TGT,F I,4,91.35
2025-12-08,9:59:58.438869671,T,TGT,F I,60,91.37
2025-12-08,9:59:58.801076648,T,TGT,F I,5,91.39
2025-12-08,9:59:58.999399079,T,TGT,,100,91.39
2025-12-08,10:00:00.332787679,T,TGT,F I,2,91.36
2025-12-08,10:00:00.332838864,T,TGT,F,100,91.36
2025-12-08,10:00:00.333038529,T,TGT,,100,91.36
2025-12-08,10:00:04.733853765,T,TGT,F I,50,91.43
2025-12-08,10:00:04.733863057,T,TGT,F,100,91.43
2025-12-08,10:00:10.710012308,T,TGT,F,100,91.38
2025-12-08,10:00:10.710358289,T,TGT,F,100,91.37
2025-12-08,10:00:10.711762536,T,TGT,I,20,91.38
2025-12-08,10:00:11.081360997,T,TGT,,100,91.36
2025-12-08,10:00:11.081360997,T,TGT,I,2,91.36
2025-12-08,10:00:11.081364240,T,TGT,I,21,91.36
2025-12-08,10:00:11.081379470,T,TGT,I,1,91.36
2025-12-08,10:00:11.081382997,T,TGT,I,99,91.36
2025-12-08,10:00:11.081382997,T,TGT,I,23,91.36
2025-12-08,10:00:11.081385826,T,TGT,I,5,91.36
2025-12-08,10:00:11.081388370,T,TGT,F I,72,91.36
2025-12-08,10:00:11.081388370,T,TGT,F I,28,91.36
2025-12-08,10:00:11.081403149,T,TGT,I,42,91.36
2025-12-08,10:00:11.081409175,T,TGT,I,30,91.36
2025-12-08,10:00:11.081409175,T,TGT,I,70,91.36
2025-12-08,10:00:11.093627244,T,TGT,F,100,91.36
2025-12-08,10:00:11.093648279,T,TGT,I,30,91.36
2025-12-08,10:00:11.093648279,T,TGT,I,32,91.36
2025-12-08,10:00:11.093657313,T,TGT,F I,30,91.36
2025-12-08,10:00:11.093660354,T,TGT,I,4,91.36
2025-12-08,10:00:11.093699461,T,TGT,I,34,91.36
2025-12-08,10:00:11.093729519,T,TGT,,100,91.36
2025-12-08,10:00:11.093732457,T,TGT,,100,91.36
2025-12-08,10:00:11.093750521,T,TGT,I,1,91.36
2025-12-08,10:00:11.093831725,T,TGT,F,100,91.36
2025-12-08,10:00:11.094484556,T,TGT,F I,5,91.36
2025-12-08,10:00:11.283187262,T,TGT,F I,39,91.36
2025-12-08,10:00:11.283219939,T,TGT,I,80,91.36
2025-12-08,10:00:11.283950651,T,TGT,F,100,91.37
2025-12-08,10:00:23.300591038,T,TGT,I,5,91.39
2025-12-08,10:00:23.300594471,T,TGT,,800,91.39
2025-12-08,10:00:23.300594471,T,TGT,,100,91.39
2025-12-08,10:00:23.300597440,T,TGT,I,73,91.39
2025-12-08,10:00:23.300597440,T,TGT,,100,91.39
2025-12-08,10:00:23.300997021,T,TGT,F I,50,91.4
2025-12-08,10:00:23.301060290,T,TGT,F I,10,91.4
2025-12-08,10:00:23.301490224,T,TGT,I,21,91.4
2025-12-08,10:00:23.301526313,T,TGT,F I,50,91.4
2025-12-08,10:00:23.301532297,T,TGT,,150,91.4
2025-12-08,10:00:35.425194653,T,TGT,I,4,91.43
2025-12-08,10:00:37.950764579,T,TGT,F I,50,91.41
2025-12-08,10:00:38.218796133,T,TGT,F I,46,91.41
2025-12-08,10:00:39.742841989,T,TGT,F I,16,91.44
2025-12-08,10:00:39.742841989,T,TGT,F I,39,91.45
2025-12-08,10:00:39.742845124,T,TGT,F I,14,91.45
2025-12-08,10:00:45.766336281,T,TGT,I,5,91.445
2025-12-08,10:00:53.716731245,T,TGT,F I,50,91.44
2025-12-08,10:00:57.097066539,T,TGT,,100,91.45
2025-12-08,10:00:57.099628634,T,TGT,F I,50,91.44
2025-12-08,10:00:57.099670775,T,TGT,F I,50,91.44
2025-12-08,10:00:57.099694827,T,TGT,F,100,91.44
2025-12-08,10:00:57.099706827,T,TGT,F I,50,91.44
2025-12-08,10:00:57.099730880,T,TGT,I,50,91.44
2025-12-08,10:00:57.099734076,T,TGT,I,83,91.43
2025-12-08,10:00:57.099734076,T,TGT,I,17,91.43
2025-12-08,10:00:57.100085714,T,TGT,F,100,91.42
2025-12-08,10:00:57.100575920,T,TGT,,100,91.42
2025-12-08,10:00:57.106082022,T,TGT,F,200,91.39
2025-12-08,10:00:57.149779108,T,TGT,,100,91.4
2025-12-08,10:00:57.149812487,T,TGT,I,20,91.4
2025-12-08,10:00:57.149815266,T,TGT,I,80,91.4
2025-12-08,10:00:57.149989659,T,TGT,F,100,91.41
2025-12-08,10:00:57.149992824,T,TGT,F I,10,91.41
2025-12-08,10:00:57.150387243,T,TGT,I,54,91.42
2025-12-08,10:00:57.150389685,T,TGT,I,50,91.42
2025-12-08,10:00:57.150392599,T,TGT,,100,91.42
2025-12-08,10:00:57.150392599,T,TGT,,187,91.42
2025-12-08,10:00:57.178843422,T,TGT,F,100,91.43
2025-12-08,10:00:57.179177186,T,TGT,F,100,91.44
2025-12-08,10:00:57.253397058,T,TGT,F,100,91.45
2025-12-08,10:00:57.253397058,T,TGT,F I,5,91.45
2025-12-08,10:00:58.172416462,T,TGT,,100,91.45
2025-12-08,10:00:58.178036847,T,TGT,F,100,91.45
2025-12-08,10:00:58.178036847,T,TGT,F I,11,91.44
2025-12-08,10:00:58.178133065,T,TGT,,100,91.44
2025-12-08,10:00:58.178151097,T,TGT,I,1,91.44
2025-12-08,10:00:58.178191210,T,TGT,I,60,91.44
2025-12-08,10:00:58.178191210,T,TGT,I,39,91.44
2025-12-08,10:00:58.178193466,T,TGT,,100,91.44
2025-12-08,10:00:58.178196222,T,TGT,I,37,91.44
2025-12-08,10:00:58.178208325,T,TGT,I,63,91.44
2025-12-08,10:00:58.178211501,T,TGT,I,35,91.44
2025-12-08,10:00:58.178211501,T,TGT,I,95,91.44
2025-12-08,10:00:58.188207070,T,TGT,F,100,91.44
2025-12-08,10:00:58.188210118,T,TGT,F,100,91.44
2025-12-08,10:01:00.127659659,T,TGT,,100,91.43
2025-12-08,10:01:00.127677676,T,TGT,I,1,91.43
2025-12-08,10:01:00.127683721,T,TGT,F I,66,91.43
2025-12-08,10:01:00.127909287,T,TGT,F I,34,91.43
2025-12-08,10:01:04.658322498,T,TGT,I,50,91.405
2025-12-08,10:01:09.448960818,T,TGT,F,100,91.43
2025-12-08,10:01:09.448963819,T,TGT,F I,7,91.43
2025-12-08,10:01:09.448963819,T,TGT,F I,60,91.43
2025-12-08,10:01:09.448966575,T,TGT,F I,60,91.43
2025-12-08,10:01:16.046546554,T,TGT,I,12,91.47
2025-12-08,10:01:16.046549548,T,TGT,I,40,91.47
2025-12-08,10:01:16.046549548,T,TGT,I,36,91.48
2025-12-08,10:01:16.046552612,T,TGT,I,20,91.48
2025-12-08,10:01:21.049487454,T,TGT,F I,50,91.47
2025-12-08,10:01:21.521236405,T,TGT,I,10,91.47
2025-12-08,10:01:22.286782211,T,TGT,F I,56,91.46
2025-12-08,10:01:22.286957740,T,TGT,F,100,91.45
2025-12-08,10:01:22.286959685,T,TGT,F I,88,91.45
2025-12-08,10:01:22.286962732,T,TGT,F I,12,91.45
2025-12-08,10:01:22.286962732,T,TGT,F,100,91.45
2025-12-08,10:01:23.024325407,T,TGT,F,100,91.46
2025-12-08,10:01:25.670756192,T,TGT,F I,10,91.48
2025-12-08,10:01:25.670759166,T,TGT,F I,20,91.48
2025-12-08,10:01:27.683036334,T,TGT,F I,99,91.47
2025-12-08,10:01:33.003627123,T,TGT,F I,54,91.46
2025-12-08,10:01:33.003630134,T,TGT,F,100,91.46
2025-12-08,10:01:33.003633205,T,TGT,F,100,91.46
2025-12-08,10:01:33.003633205,T,TGT,F,200,91.46
2025-12-08,10:01:33.003636071,T,TGT,F,100,91.46
2025-12-08,10:01:38.814929970,T,TGT,I,5,91.46
2025-12-08,10:01:38.814932868,T,TGT,I,10,91.46
2025-12-08,10:01:38.814935891,T,TGT,I,30,91.47
2025-12-08,10:01:38.814975059,T,TGT,I,70,91.47
2025-12-08,10:01:39.032302797,T,TGT,F I,43,91.46
2025-12-08,10:01:39.032675700,T,TGT,F,100,91.45
2025-12-08,10:01:39.032678695,T,TGT,F,100,91.45
2025-12-08,10:01:39.032678695,T,TGT,F,200,91.45
2025-12-08,10:01:39.032696667,T,TGT,I,1,91.45
2025-12-08,10:01:39.032723801,T,TGT,I,99,91.45
2025-12-08,10:01:39.032991407,T,TGT,,100,91.45
2025-12-08,10:01:39.034188236,T,TGT,,100,91.45
2025-12-08,10:01:39.043892355,T,TGT,F I,42,91.46
2025-12-08,10:01:39.043892355,T,TGT,F,100,91.46
2025-12-08,10:01:39.043895441,T,TGT,F,100,91.46
2025-12-08,10:01:39.043898360,T,TGT,F,100,91.46
2025-12-08,10:01:39.043898360,T,TGT,F,150,91.46
2025-12-08,10:01:39.136600227,T,TGT,F I,10,91.47
2025-12-08,10:01:44.743933070,T,TGT,I,2,91.47
2025-12-08,10:01:45.841226349,T,TGT,F I,47,91.47
2025-12-08,10:01:47.082911473,T,TGT,F I,5,91.465
2025-12-08,10:01:47.082914468,T,TGT,F I,5,91.46
2025-12-08,10:01:47.082917471,T,TGT,F I,37,91.46
2025-12-08,10:01:47.082950590,T,TGT,I,5,91.46
2025-12-08,10:01:47.648303530,T,TGT,F,100,91.45
2025-12-08,10:01:47.648303530,T,TGT,F,100,91.45
2025-12-08,10:01:47.648321675,T,TGT,I,1,91.45
2025-12-08,10:01:47.648342600,T,TGT,I,99,91.45
2025-12-08,10:01:47.649091509,T,TGT,F,100,91.45
2025-12-08,10:01:47.649091509,T,TGT,F,100,91.45
2025-12-08,10:01:47.649271737,T,TGT,F,100,91.46
2025-12-08,10:01:47.660449374,T,TGT,I,39,91.47
2025-12-08,10:01:47.660732048,T,TGT,,100,91.47
2025-12-08,10:01:47.661282465,T,TGT,F,100,91.47
2025-12-08,10:01:47.661282465,T,TGT,F,100,91.47
2025-12-08,10:01:47.661625228,T,TGT,F,100,91.48
2025-12-08,10:01:47.661922922,T,TGT,I,39,91.47
2025-12-08,10:01:47.661926037,T,TGT,,100,91.47
2025-12-08,10:01:47.661926037,T,TGT,I,5,91.47
2025-12-08,10:01:47.661929870,T,TGT,I,39,91.47
2025-12-08,10:01:47.661931911,T,TGT,I,1,91.47
2025-12-08,10:01:47.661934981,T,TGT,I,2,91.47
2025-12-08,10:01:47.662067415,T,TGT,F I,39,91.48
2025-12-08,10:01:47.662067415,T,TGT,F I,5,91.48
2025-12-08,10:01:47.662073873,T,TGT,F,100,91.48
2025-12-08,10:01:47.662073873,T,TGT,F I,44,91.48
2025-12-08,10:01:47.662073873,T,TGT,F I,39,91.48
2025-12-08,10:01:47.662319823,T,TGT,F I,39,91.46
2025-12-08,10:01:47.662319823,T,TGT,F I,39,91.46
2025-12-08,10:01:49.688279567,T,TGT,,500,91.46
2025-12-08,10:01:49.688279567,T,TGT,I,6,91.46
2025-12-08,10:01:49.688282516,T,TGT,,100,91.46
2025-12-08,10:01:49.688282516,T,TGT,,100,91.46
2025-12-08,10:01:49.688300572,T,TGT,F I,39,91.47
2025-12-08,10:01:49.688300572,T,TGT,F,100,91.47
2025-12-08,10:01:49.688303950,T,TGT,F I,20,91.47
2025-12-08,10:01:50.216566129,T,TGT,I,99,91.47
2025-12-08,10:01:50.216569103,T,TGT,,100,91.47
2025-12-08,10:01:50.216572035,T,TGT,,100,91.47
2025-12-08,10:01:50.216572035,T,TGT,I,1,91.47
2025-12-08,10:01:50.216584134,T,TGT,I,1,91.47
2025-12-08,10:01:54.709685544,T,TGT,F I,98,91.47
2025-12-08,10:01:54.709685544,T,TGT,F,100,91.47
2025-12-08,10:01:54.709687783,T,TGT,F,100,91.47
2025-12-08,10:01:54.709700133,T,TGT,I,1,91.47
2025-12-08,10:01:54.709720961,T,TGT,F I,99,91.47
2025-12-08,10:01:54.709720961,T,TGT,F,100,91.47
2025-12-08,10:01:54.710758009,T,TGT,I,8,91.47
2025-12-08,10:01:59.117883579,T,TGT,F,100,91.48
2025-12-08,10:01:59.117887012,T,TGT,F I,5,91.48
2025-12-08,10:01:59.117889558,T,TGT,F,100,91.48
2025-12-08,10:01:59.117889558,T,TGT,F I,10,91.48
2025-12-08,10:01:59.118331628,T,TGT,F,100,91.49
2025-12-08,10:01:59.118728569,T,TGT,I,5,91.49
2025-12-08,10:02:05.130543398,T,TGT,,100,91.48
2025-12-08,10:02:05.130546517,T,TGT,,100,91.48
2025-12-08,10:02:05.130546517,T,TGT,,100,91.48
2025-12-08,10:02:05.130561066,T,TGT,I,1,91.48
