DATE,TIME_M,EX,SYM_ROOT,TR_SCOND,SIZE,PRICE
2025-10-29,9:30:00.526578028,T,TGT,TI,5,96.58
2025-10-29,9:30:00.526578028,T,TGT,TI,72,96.56
2025-10-29,9:30:00.526580059,T,TGT,TI,10,96.54
2025-10-29,9:30:03.451345008,T,TGT,I,2,96.61
2025-10-29,9:30:03.451347965,T,TGT,I,7,96.55
2025-10-29,9:30:03.451353999,T,TGT,Q,2,96.61
2025-10-29,9:30:03.451384048,T,TGT,I,3,96.55
2025-10-29,9:30:03.451971477,T,TGT,I,75,96.5
2025-10-29,9:30:03.451973676,T,TGT,I,10,96.5
2025-10-29,9:30:03.451973676,T,TGT,I,1,96.5
2025-10-29,9:30:03.451976464,T,TGT,I,1,96.5
2025-10-29,9:30:03.451979527,T,TGT,I,11,96.5
2025-10-29,9:30:03.451991819,T,TGT,I,1,96.5
2025-10-29,9:30:03.451998229,T,TGT,I,88,96.5
2025-10-29,9:30:03.452000916,T,TGT,I,10,96.5
2025-10-29,9:30:03.452003562,T,TGT,I,23,96.5
2025-10-29,9:30:03.452192991,T,TGT,F,150,96.49
2025-10-29,9:30:03.452192991,T,TGT,F I,50,96.49
2025-10-29,9:30:03.452914677,T,TGT,I,1,96.41
2025-10-29,9:30:04.402327558,T,TGT,F I,1,96.46
2025-10-29,9:30:04.894377716,T,TGT,I,60,96.48
2025-10-29,9:30:05.518186758,T,TGT,I,10,96.415
2025-10-29,9:30:10.080648288,T,TGT,F,100,96.35
2025-10-29,9:30:10.080650224,T,TGT,F,233,96.34
2025-10-29,9:30:10.080653168,T,TGT,F I,94,96.34
2025-10-29,9:30:10.080665242,T,TGT,I,1,96.34
2025-10-29,9:30:10.080680217,T,TGT,F I,74,96.34
2025-10-29,9:30:10.080701287,T,TGT,F I,25,96.33
2025-10-29,9:30:10.396592720,T,TGT,I,80,96.33
2025-10-29,9:30:10.396592720,T,TGT,,100,96.33
2025-10-29,9:30:10.396594879,T,TGT,I,1,96.32
2025-10-29,9:30:10.396594879,T,TGT,I,66,96.32
2025-10-29,9:30:10.431126314,T,TGT,,100,96.33
2025-10-29,9:30:10.431126314,T,TGT,I,34,96.32
2025-10-29,9:30:10.431129078,T,TGT,,100,96.32
2025-10-29,9:30:10.469828308,T,TGT,I,80,96.33
2025-10-29,9:30:10.469828308,T,TGT,I,20,96.33
2025-10-29,9:30:10.509892799,T,TGT,,100,96.33
2025-10-29,9:30:10.534698837,T,TGT,,100,96.32
2025-10-29,9:30:10.585519948,T,TGT,F I,6,96.31
2025-10-29,9:30:10.585519948,T,TGT,F I,1,96.31
2025-10-29,9:30:12.013589150,T,TGT,F,100,96.28
2025-10-29,9:30:13.389553175,T,TGT,F I,75,96.28
2025-10-29,9:30:13.460916387,T,TGT,I,25,96.28
2025-10-29,9:30:13.460916387,T,TGT,I,75,96.27
2025-10-29,9:30:13.460937242,T,TGT,I,1,96.27
2025-10-29,9:30:13.793075484,T,TGT,F I,75,96.28
2025-10-29,9:30:13.793078569,T,TGT,F I,25,96.28
2025-10-29,9:30:13.793087553,T,TGT,F I,25,96.28
2025-10-29,9:30:13.976722995,T,TGT,F I,25,96.28
2025-10-29,9:30:14.016913832,T,TGT,F I,25,96.28
2025-10-29,9:30:14.133405258,T,TGT,F I,24,96.28
2025-10-29,9:30:14.218017948,T,TGT,F I,24,96.28
2025-10-29,9:30:14.262268318,T,TGT,F I,24,96.28
2025-10-29,9:30:14.307917105,T,TGT,F I,24,96.28
2025-10-29,9:30:14.550862910,T,TGT,F I,2,96.28
2025-10-29,9:30:15.187647887,T,TGT,F I,24,96.28
2025-10-29,9:30:15.187840345,T,TGT,I,2,96.28
2025-10-29,9:30:15.187843356,T,TGT,I,22,96.27
2025-10-29,9:30:15.187867700,T,TGT,F I,2,96.27
2025-10-29,9:30:15.187867700,T,TGT,F I,22,96.27
2025-10-29,9:30:15.187870485,T,TGT,I,16,96.27
2025-10-29,9:30:15.190288221,T,TGT,F I,62,96.27
2025-10-29,9:30:15.388800061,T,TGT,I,2,96.25
2025-10-29,9:30:15.388803161,T,TGT,I,3,96.25
2025-10-29,9:30:15.388875271,T,TGT,F I,5,96.24
2025-10-29,9:30:15.388989542,T,TGT,I,25,96.26
2025-10-29,9:30:15.388989542,T,TGT,I,75,96.26
2025-10-29,9:30:15.388992577,T,TGT,I,50,96.27
2025-10-29,9:30:15.389266240,T,TGT,F I,50,96.27
2025-10-29,9:30:18.229866538,T,TGT,F I,75,96.26
2025-10-29,9:30:18.381731345,T,TGT,F I,4,96.23
2025-10-29,9:30:21.006799280,T,TGT,F I,75,96.2
2025-10-29,9:30:23.605289831,T,TGT,F I,16,96.36
2025-10-29,9:30:23.605313811,T,TGT,F I,17,96.4
2025-10-29,9:30:23.605352920,T,TGT,I,25,96.4
2025-10-29,9:30:23.605359016,T,TGT,,200,96.36
2025-10-29,9:30:23.605365011,T,TGT,,250,96.36
2025-10-29,9:30:26.005316523,T,TGT,F I,25,96.48
2025-10-29,9:30:32.124886594,T,TGT,F I,75,96.52
2025-10-29,9:30:33.753214903,T,TGT,I,1,96.45
2025-10-29,9:30:39.866866895,T,TGT,F I,25,96.52
2025-10-29,9:30:39.866927708,T,TGT,F I,75,96.53
2025-10-29,9:30:39.866996165,T,TGT,F I,75,96.535
2025-10-29,9:30:39.867032326,T,TGT,F I,75,96.535
2025-10-29,9:30:41.291748559,T,TGT,F I,75,96.535
2025-10-29,9:30:41.291796585,T,TGT,F I,25,96.535
2025-10-29,9:30:44.184153242,T,TGT,F I,75,96.61
2025-10-29,9:30:44.184171329,T,TGT,F I,16,96.61
2025-10-29,9:30:44.184180588,T,TGT,F I,9,96.61
2025-10-29,9:30:44.184180588,T,TGT,F I,16,96.62
2025-10-29,9:30:44.184183326,T,TGT,F I,45,96.63
2025-10-29,9:30:44.184186413,T,TGT,I,25,96.63
2025-10-29,9:30:44.184619334,T,TGT,F I,75,96.61
2025-10-29,9:30:44.184655436,T,TGT,F I,25,96.61
2025-10-29,9:30:47.711944792,T,TGT,F I,75,96.615
2025-10-29,9:30:47.711995902,T,TGT,F I,75,96.615
2025-10-29,9:30:47.712028964,T,TGT,F I,75,96.615
2025-10-29,9:30:47.712062116,T,TGT,F I,25,96.615
2025-10-29,9:30:50.468997101,T,TGT,F I,75,96.615
2025-10-29,9:30:50.469264721,T,TGT,I,75,96.615
2025-10-29,9:30:54.532692358,T,TGT,I,75,96.615
2025-10-29,9:30:54.532767492,T,TGT,I,75,96.615
2025-10-29,9:30:55.679555571,T,TGT,,100,96.615
2025-10-29,9:30:56.014039373,T,TGT,I,75,96.615
2025-10-29,9:31:00.862087299,T,TGT,I,6,96.61
2025-10-29,9:31:00.862105308,T,TGT,F I,24,96.61
2025-10-29,9:31:03.625129754,T,TGT,I,25,96.56
2025-10-29,9:31:03.625132831,T,TGT,,127,96.54
2025-10-29,9:31:03.625132831,T,TGT,I,49,96.53
2025-10-29,9:31:06.975597754,T,TGT,I,75,96.615
2025-10-29,9:31:06.975648844,T,TGT,I,75,96.615
2025-10-29,9:31:06.975681931,T,TGT,I,75,96.615
2025-10-29,9:31:09.724522208,T,TGT,F I,10,96.72
2025-10-29,9:31:09.724524960,T,TGT,F I,50,96.72
2025-10-29,9:31:09.724524960,T,TGT,F I,2,96.72
2025-10-29,9:31:09.724659955,T,TGT,F I,13,96.75
2025-10-29,9:31:09.725084064,T,TGT,F,100,96.7
2025-10-29,9:31:15.907184905,T,TGT,F I,25,96.88
2025-10-29,9:31:15.907187922,T,TGT,F I,50,96.9
2025-10-29,9:31:15.907217945,T,TGT,F I,15,96.9
2025-10-29,9:31:15.907416496,T,TGT,F I,5,96.92
2025-10-29,9:31:15.907419515,T,TGT,F I,10,96.92
2025-10-29,9:31:15.907723139,T,TGT,F I,1,96.97
2025-10-29,9:31:15.907930678,T,TGT,F,397,97.0
2025-10-29,9:31:15.908047939,T,TGT,F I,71,97.0
2025-10-29,9:31:15.908102031,T,TGT,F I,32,97.0
2025-10-29,9:31:15.908105049,T,TGT,F,100,97.0
2025-10-29,9:31:15.908105049,T,TGT,F I,42,97.0
2025-10-29,9:31:15.908183233,T,TGT,I,58,97.0
2025-10-29,9:31:15.908187004,T,TGT,I,30,97.0
2025-10-29,9:31:15.948668784,T,TGT,,100,97.03
2025-10-29,9:31:16.502654492,T,TGT,F I,2,97.03
2025-10-29,9:31:16.523289787,T,TGT,I,25,97.0
2025-10-29,9:31:16.523289787,T,TGT,I,80,96.97
2025-10-29,9:31:16.523292680,T,TGT,I,77,96.96
2025-10-29,9:31:16.523310743,T,TGT,F I,23,96.96
2025-10-29,9:31:16.523313792,T,TGT,F I,82,96.96
2025-10-29,9:31:16.523371392,T,TGT,,100,96.96
2025-10-29,9:31:16.523542430,T,TGT,,100,97.0
2025-10-29,9:31:16.679911810,T,TGT,,250,96.99
2025-10-29,9:31:24.445910275,T,TGT,I,3,96.99
2025-10-29,9:31:25.456723298,T,TGT,F I,75,97.07
2025-10-29,9:31:25.456765447,T,TGT,F I,75,97.07
2025-10-29,9:31:25.456801504,T,TGT,F I,75,97.07
2025-10-29,9:31:25.456831613,T,TGT,F I,75,97.07
2025-10-29,9:31:25.456867620,T,TGT,F I,24,97.07
2025-10-29,9:31:25.467254901,T,TGT,F I,32,97.01
2025-10-29,9:31:25.467254901,T,TGT,F I,32,97.01
2025-10-29,9:31:25.467260617,T,TGT,I,11,97.01
2025-10-29,9:31:25.467263384,T,TGT,I,21,97.0
2025-10-29,9:31:25.467269398,T,TGT,F I,11,97.0
2025-10-29,9:31:25.467269398,T,TGT,F I,21,97.0
2025-10-29,9:31:25.467275484,T,TGT,F I,55,96.99
2025-10-29,9:31:25.467278469,T,TGT,F I,40,96.99
2025-10-29,9:31:25.468052199,T,TGT,F I,25,96.94
2025-10-29,9:31:25.468052199,T,TGT,F,100,96.93
2025-10-29,9:31:25.468054307,T,TGT,F I,15,96.93
2025-10-29,9:31:25.468063311,T,TGT,F I,25,96.93
2025-10-29,9:31:25.468063311,T,TGT,F I,45,96.92
2025-10-29,9:31:25.468067064,T,TGT,F I,15,96.92
2025-10-29,9:31:25.468574495,T,TGT,F I,52,96.93
2025-10-29,9:31:25.468574495,T,TGT,F I,48,96.93
2025-10-29,9:31:25.468607592,T,TGT,I,25,96.94
2025-10-29,9:31:25.468610633,T,TGT,,100,96.94
2025-10-29,9:31:25.468610633,T,TGT,I,8,96.95
2025-10-29,9:31:25.468613607,T,TGT,I,14,96.95
2025-10-29,9:31:35.185130927,T,TGT,F I,25,96.88
2025-10-29,9:31:48.778102439,T,TGT,F I,25,96.88
2025-10-29,9:31:51.176177529,T,TGT,F I,75,96.92
2025-10-29,9:31:55.225712032,T,TGT,F I,75,96.93
2025-10-29,9:31:55.225751156,T,TGT,F I,75,96.93
2025-10-29,9:31:55.225787181,T,TGT,F I,75,96.93
2025-10-29,9:31:55.225820306,T,TGT,F I,25,96.93
2025-10-29,9:31:55.959093264,T,TGT,F I,75,96.935
2025-10-29,9:31:55.959135285,T,TGT,I,25,96.935
2025-10-29,9:32:01.107896744,T,TGT,I,70,96.86
2025-10-29,9:32:01.504526600,T,TGT,F I,40,96.83
2025-10-29,9:32:01.505097922,T,TGT,F I,15,96.74
2025-10-29,9:32:01.505143078,T,TGT,F I,2,96.74
2025-10-29,9:32:01.505215225,T,TGT,F I,30,96.74
2025-10-29,9:32:01.505245253,T,TGT,F,100,96.75
2025-10-29,9:32:01.506030663,T,TGT,,100,96.74
2025-10-29,9:32:01.506081314,T,TGT,I,12,96.77
2025-10-29,9:32:04.593912723,T,TGT,I,25,96.85
2025-10-29,9:32:04.593915485,T,TGT,I,25,96.85
2025-10-29,9:32:25.036921115,T,TGT,I,10,96.86
2025-10-29,9:32:25.758944545,T,TGT,I,1,96.87
2025-10-29,9:32:25.758947298,T,TGT,I,6,96.87
2025-10-29,9:32:25.758947298,T,TGT,I,14,96.87
2025-10-29,9:32:25.758965302,T,TGT,F I,86,96.87
2025-10-29,9:32:26.146210071,T,TGT,F I,25,96.85
2025-10-29,9:32:26.146210071,T,TGT,F I,25,96.85
2025-10-29,9:32:26.146432561,T,TGT,F I,12,96.83
2025-10-29,9:32:26.672953890,T,TGT,F I,75,96.75
2025-10-29,9:32:26.672974956,T,TGT,F I,25,96.74
2025-10-29,9:32:26.672993016,T,TGT,F I,25,96.74
2025-10-29,9:32:26.673985361,T,TGT,F,100,96.73
2025-10-29,9:32:28.852567827,T,TGT,F I,2,96.58
2025-10-29,9:32:28.852570476,T,TGT,F,100,96.58
2025-10-29,9:32:28.852573459,T,TGT,F I,29,96.58
2025-10-29,9:32:34.859756789,T,TGT,F I,25,96.52
2025-10-29,9:32:34.859810986,T,TGT,F I,75,96.52
2025-10-29,9:32:34.859816903,T,TGT,F I,25,96.5
2025-10-29,9:32:38.860770601,T,TGT,F I,30,96.46
2025-10-29,9:32:38.860773698,T,TGT,F,103,96.46
2025-10-29,9:32:46.896571796,T,TGT,F I,75,96.47
2025-10-29,9:32:46.896620025,T,TGT,F I,75,96.47
2025-10-29,9:33:08.042366750,T,TGT,F I,75,96.44
2025-10-29,9:33:08.042417922,T,TGT,F I,25,96.44
2025-10-29,9:33:08.134395014,T,TGT,I,50,96.44
2025-10-29,9:33:34.968572108,T,TGT,I,30,96.445
2025-10-29,9:33:34.968572108,T,TGT,I,70,96.445
2025-10-29,9:33:34.969991076,T,TGT,I,13,96.445
2025-10-29,9:33:36.004467569,T,TGT,I,2,96.4
2025-10-29,9:33:38.796496217,T,TGT,F I,11,96.5
2025-10-29,9:33:38.797166948,T,TGT,F I,29,96.48
2025-10-29,9:33:38.797166948,T,TGT,F I,5,96.45
2025-10-29,9:33:38.797200002,T,TGT,F,100,96.45
2025-10-29,9:33:38.797205953,T,TGT,I,37,96.47
2025-10-29,9:33:38.797209600,T,TGT,,100,96.48
2025-10-29,9:33:38.797212087,T,TGT,F I,15,96.48
2025-10-29,9:33:38.797216843,T,TGT,F,100,96.45
2025-10-29,9:33:38.797221064,T,TGT,I,1,96.45
2025-10-29,9:33:38.797224339,T,TGT,F,100,96.45
2025-10-29,9:33:38.797236028,T,TGT,F,185,96.45
2025-10-29,9:33:38.797236028,T,TGT,F,100,96.45
2025-10-29,9:33:38.797278125,T,TGT,I,34,96.45
2025-10-29,9:33:38.797645019,T,TGT,F I,40,96.46
2025-10-29,9:33:38.797693239,T,TGT,,100,96.46
2025-10-29,9:33:38.797714398,T,TGT,I,1,96.46
2025-10-29,9:33:38.797717145,T,TGT,I,2,96.46
2025-10-29,9:33:38.797888560,T,TGT,,100,96.43
2025-10-29,9:33:38.797939708,T,TGT,F I,4,96.45
2025-10-29,9:33:38.797957693,T,TGT,F I,22,96.46
2025-10-29,9:33:38.798141300,T,TGT,I,4,96.45
2025-10-29,9:33:38.800751344,T,TGT,I,17,96.45
2025-10-29,9:33:38.800787546,T,TGT,I,58,96.45
2025-10-29,9:33:38.800787546,T,TGT,I,27,96.45
2025-10-29,9:33:40.030383954,T,TGT,F I,25,96.48
2025-10-29,9:33:40.491947578,T,TGT,I,14,96.47
2025-10-29,9:33:40.491962603,T,TGT,I,1,96.47
2025-10-29,9:33:40.491989676,T,TGT,F I,2,96.47
2025-10-29,9:33:42.505370149,T,TGT,I,9,96.46
2025-10-29,9:33:43.238005623,T,TGT,F I,50,96.46
2025-10-29,9:33:53.794742625,T,TGT,F,100,96.45
2025-10-29,9:33:53.794742625,T,TGT,F I,50,96.45
2025-10-29,9:33:53.794805790,T,TGT,F I,10,96.47
2025-10-29,9:33:53.794805790,T,TGT,F I,2,96.47
2025-10-29,9:33:55.414978532,T,TGT,I,52,96.41
2025-10-29,9:33:55.415727354,T,TGT,F I,2,96.38
2025-10-29,9:33:55.415779396,T,TGT,F,100,96.37
2025-10-29,9:33:55.418517985,T,TGT,F I,31,96.32
2025-10-29,9:33:55.418936002,T,TGT,I,69,96.32
2025-10-29,9:33:55.504898823,T,TGT,I,34,96.32
2025-10-29,9:33:57.852465904,T,TGT,,250,96.405
2025-10-29,9:33:57.852465904,T,TGT,,127,96.405
2025-10-29,9:33:57.852468942,T,TGT,I,30,96.405
2025-10-29,9:33:57.852471584,T,TGT,I,93,96.41
2025-10-29,9:34:04.180095192,T,TGT,F I,39,96.42
2025-10-29,9:34:04.193101111,T,TGT,F I,1,96.49
2025-10-29,9:34:04.193152251,T,TGT,I,16,96.46
2025-10-29,9:34:04.193221491,T,TGT,F I,16,96.49
2025-10-29,9:34:04.193278540,T,TGT,I,33,96.46
2025-10-29,9:34:04.203990120,T,TGT,F I,75,96.48
2025-10-29,9:34:04.204029221,T,TGT,F I,25,96.48
2025-10-29,9:34:04.204029221,T,TGT,F I,50,96.48
2025-10-29,9:34:04.221976414,T,TGT,F I,16,96.49
2025-10-29,9:34:04.221979606,T,TGT,F I,33,96.49
2025-10-29,9:34:04.221979606,T,TGT,F I,33,96.49
2025-10-29,9:34:04.221982006,T,TGT,F I,1,96.49
2025-10-29,9:34:06.970944942,T,TGT,I,75,96.485
2025-10-29,9:34:06.986122130,T,TGT,F I,75,96.49
2025-10-29,9:34:06.986185311,T,TGT,F I,25,96.49
2025-10-29,9:34:15.014363273,T,TGT,F I,75,96.48
2025-10-29,9:34:15.237774569,T,TGT,I,16,96.46
2025-10-29,9:34:15.238204692,T,TGT,F,100,96.45
2025-10-29,9:34:36.162960850,T,TGT,F I,1,96.41
2025-10-29,9:34:36.162960850,T,TGT,F I,54,96.41
2025-10-29,9:34:36.162963913,T,TGT,F I,6,96.4
2025-10-29,9:34:36.163303645,T,TGT,F I,10,96.39
2025-10-29,9:34:36.163544297,T,TGT,I,50,96.4
2025-10-29,9:34:39.191166179,T,TGT,F I,16,96.32
2025-10-29,9:34:39.191166179,T,TGT,F I,5,96.32
2025-10-29,9:34:43.421626720,T,TGT,F I,1,96.28
2025-10-29,9:34:43.421674819,T,TGT,F I,7,96.26
2025-10-29,9:34:43.421678382,T,TGT,F,306,96.26
2025-10-29,9:34:43.421695822,T,TGT,F,1094,96.26
2025-10-29,9:34:43.423491056,T,TGT,I,1,96.22
2025-10-29,9:34:43.424865414,T,TGT,I,33,96.2
2025-10-29,9:34:43.424895453,T,TGT,I,32,96.2
2025-10-29,9:34:44.422074136,T,TGT,F I,25,96.2
2025-10-29,9:34:52.028960493,T,TGT,F I,22,96.22
2025-10-29,9:34:52.028975547,T,TGT,F I,60,96.22
2025-10-29,9:34:53.142221634,T,TGT,F I,29,96.25
2025-10-29,9:35:04.749325058,T,TGT,F I,1,96.31
2025-10-29,9:35:04.920934752,T,TGT,F I,25,96.26
2025-10-29,9:35:08.876128490,T,TGT,I,25,96.25
2025-10-29,9:35:08.879150733,T,TGT,F I,2,96.24
2025-10-29,9:35:08.879689212,T,TGT,,100,96.2
2025-10-29,9:35:08.881724869,T,TGT,I,10,96.17
2025-10-29,9:35:09.653200709,T,TGT,F I,1,96.19
2025-10-29,9:35:09.653212853,T,TGT,F I,39,96.19
2025-10-29,9:35:09.653212853,T,TGT,F I,1,96.2
2025-10-29,9:35:09.653216476,T,TGT,F I,75,96.2
2025-10-29,9:35:09.653218836,T,TGT,F I,25,96.2
2025-10-29,9:35:09.653261123,T,TGT,F I,1,96.2
2025-10-29,9:35:09.653281982,T,TGT,F I,39,96.2
2025-10-29,9:35:09.653712010,T,TGT,I,2,96.19
2025-10-29,9:35:09.653712010,T,TGT,I,32,96.19
2025-10-29,9:35:09.653955843,T,TGT,F I,2,96.2
2025-10-29,9:35:09.654698331,T,TGT,F I,6,96.2
2025-10-29,9:35:09.654698331,T,TGT,F I,6,96.2
2025-10-29,9:35:09.654722688,T,TGT,F I,12,96.21
2025-10-29,9:35:09.655068313,T,TGT,I,12,96.19
2025-10-29,9:35:09.655071249,T,TGT,I,40,96.19
2025-10-29,9:35:11.591965080,T,TGT,F,250,96.2
2025-10-29,9:35:11.591965080,T,TGT,F I,30,96.2
2025-10-29,9:35:11.591967902,T,TGT,F,127,96.2
2025-10-29,9:35:11.591967902,T,TGT,F,127,96.21
2025-10-29,9:35:11.591970742,T,TGT,F I,10,96.23
2025-10-29,9:35:11.591994802,T,TGT,F I,25,96.19
2025-10-29,9:35:16.182235342,T,TGT,F I,25,96.21
2025-10-29,9:35:22.680172852,T,TGT,,100,96.21
2025-10-29,9:35:28.371766169,T,TGT,I,6,96.215
2025-10-29,9:35:28.847322123,T,TGT,I,75,96.215
2025-10-29,9:35:36.945293491,T,TGT,F,400,96.13
2025-10-29,9:35:36.945296468,T,TGT,F I,8,96.13
2025-10-29,9:35:36.945849782,T,TGT,F,100,96.12
2025-10-29,9:35:36.945867858,T,TGT,F I,25,96.14
2025-10-29,9:35:36.945870990,T,TGT,F I,75,96.14
2025-10-29,9:35:36.945882884,T,TGT,F I,6,96.11
2025-10-29,9:35:36.945886651,T,TGT,F I,60,96.11
2025-10-29,9:35:36.946225647,T,TGT,F I,34,96.115
2025-10-29,9:35:36.946288812,T,TGT,F I,34,96.115
2025-10-29,9:35:36.949332127,T,TGT,F,100,96.15
2025-10-29,9:35:36.949341058,T,TGT,F I,84,96.16
2025-10-29,9:35:36.995143209,T,TGT,I,31,96.15
2025-10-29,9:35:36.995155277,T,TGT,I,31,96.15
2025-10-29,9:35:37.746393010,T,TGT,F,100,96.19
2025-10-29,9:35:37.746451200,T,TGT,,100,96.19
2025-10-29,9:35:37.746774859,T,TGT,F,100,96.19
2025-10-29,9:35:37.746807924,T,TGT,,100,96.18
2025-10-29,9:35:37.746886140,T,TGT,F,100,96.19
2025-10-29,9:35:37.746898179,T,TGT,F I,24,96.19
2025-10-29,9:35:37.746922204,T,TGT,,100,96.18
2025-10-29,9:35:37.747135738,T,TGT,F,100,96.19
2025-10-29,9:35:37.747204942,T,TGT,I,25,96.18
2025-10-29,9:35:37.747222979,T,TGT,F I,27,96.19
2025-10-29,9:35:37.747457537,T,TGT,F I,33,96.19
2025-10-29,9:35:37.747511617,T,TGT,,100,96.18
2025-10-29,9:35:40.736163724,T,TGT,F I,25,96.21
2025-10-29,9:35:44.942798388,T,TGT,F I,75,96.2
2025-10-29,9:35:44.942846453,T,TGT,F I,25,96.2
2025-10-29,9:35:45.240273058,T,TGT,I,25,96.16
2025-10-29,9:35:45.240276137,T,TGT,I,3,96.16
2025-10-29,9:35:45.362069283,T,TGT,I,23,96.15
2025-10-29,9:35:45.362069283,T,TGT,I,5,96.15
2025-10-29,9:35:45.508039993,T,TGT,F,159,96.175
2025-10-29,9:35:53.560876764,T,TGT,F I,25,96.2
2025-10-29,9:35:53.560894836,T,TGT,F I,50,96.21
2025-10-29,9:35:58.107600743,T,TGT,F I,25,96.14
2025-10-29,9:35:58.107766164,T,TGT,I,75,96.145
2025-10-29,9:35:58.107841350,T,TGT,I,25,96.145
2025-10-29,9:36:00.309891609,T,TGT,F I,1,96.15
2025-10-29,9:36:00.309910341,T,TGT,F I,24,96.15
2025-10-29,9:36:00.309910341,T,TGT,F I,1,96.16
2025-10-29,9:36:00.309913184,T,TGT,F I,75,96.16
2025-10-29,9:36:00.309913184,T,TGT,F I,25,96.16
2025-10-29,9:36:00.441202457,T,TGT,I,1,96.16
2025-10-29,9:36:01.920321084,T,TGT,F I,23,96.12
2025-10-29,9:36:04.364372569,T,TGT,F I,75,96.16
2025-10-29,9:36:04.364432692,T,TGT,,125,96.16
2025-10-29,9:36:04.364435675,T,TGT,I,2,96.16
2025-10-29,9:36:05.356923131,T,TGT,I,18,96.16
2025-10-29,9:36:05.409990928,T,TGT,F I,19,96.19
2025-10-29,9:36:05.409990928,T,TGT,F I,29,96.19
2025-10-29,9:36:05.410424694,T,TGT,I,10,96.18
2025-10-29,9:36:05.410424694,T,TGT,I,23,96.18
2025-10-29,9:36:05.410426601,T,TGT,I,7,96.18
2025-10-29,9:36:06.182630311,T,TGT,F I,5,96.19
2025-10-29,9:36:07.971489988,T,TGT,F I,1,96.23
2025-10-29,9:36:07.971489988,T,TGT,F I,21,96.23
2025-10-29,9:36:07.971947027,T,TGT,F,100,96.24
2025-10-29,9:36:07.972172630,T,TGT,I,7,96.26
2025-10-29,9:36:07.972175691,T,TGT,I,7,96.26
2025-10-29,9:36:07.972175691,T,TGT,I,6,96.26
2025-10-29,9:36:07.972181621,T,TGT,I,4,96.26
2025-10-29,9:36:14.929679751,T,TGT,F I,6,96.22
2025-10-29,9:36:14.929686096,T,TGT,F I,7,96.22
2025-10-29,9:36:14.929686096,T,TGT,F I,75,96.22
2025-10-29,9:36:14.929697814,T,TGT,F I,7,96.22
2025-10-29,9:36:14.929703826,T,TGT,F I,3,96.22
2025-10-29,9:36:14.929706892,T,TGT,I,2,96.22
2025-10-29,9:36:14.929713796,T,TGT,I,2,96.22
2025-10-29,9:36:14.929716679,T,TGT,F I,7,96.22
2025-10-29,9:36:14.929716679,T,TGT,I,2,96.22
2025-10-29,9:36:14.929718908,T,TGT,I,1,96.22
2025-10-29,9:36:14.929724913,T,TGT,I,49,96.22
2025-10-29,9:36:14.929730892,T,TGT,,313,96.22
2025-10-29,9:36:19.969957554,T,TGT,F I,25,96.24
2025-10-29,9:36:20.763067183,T,TGT,F I,13,96.26
2025-10-29,9:36:20.763067183,T,TGT,F,100,96.26
2025-10-29,9:36:20.773372567,T,TGT,I,25,96.26
2025-10-29,9:36:20.773375617,T,TGT,I,1,96.26
2025-10-29,9:36:23.315905835,T,TGT,I,75,96.28
2025-10-29,9:36:28.269186536,T,TGT,F I,25,96.28
2025-10-29,9:36:28.269303620,T,TGT,F I,13,96.3
2025-10-29,9:36:28.269306768,T,TGT,F,100,96.3
2025-10-29,9:36:28.269890037,T,TGT,I,4,96.33
2025-10-29,9:36:28.269890037,T,TGT,I,3,96.33
2025-10-29,9:36:28.269894137,T,TGT,I,3,96.33
2025-10-29,9:36:28.269896309,T,TGT,I,2,96.33
2025-10-29,9:36:28.269911072,T,TGT,F I,28,96.33
2025-10-29,9:36:28.270031453,T,TGT,I,24,96.32
2025-10-29,9:36:28.270091508,T,TGT,I,24,96.31
2025-10-29,9:36:28.270169942,T,TGT,,100,96.3
2025-10-29,9:36:28.270193747,T,TGT,I,1,96.3
2025-10-29,9:36:28.270308599,T,TGT,,100,96.31
2025-10-29,9:36:28.270308599,T,TGT,I,24,96.31
2025-10-29,9:36:28.270311632,T,TGT,I,48,96.31
2025-10-29,9:36:28.270311632,T,TGT,,100,96.31
2025-10-29,9:36:28.272091272,T,TGT,F I,9,96.31
2025-10-29,9:36:29.106768782,T,TGT,F I,28,96.32
2025-10-29,9:36:31.159080346,T,TGT,F,100,96.34
2025-10-29,9:36:31.159080346,T,TGT,F I,12,96.34
2025-10-29,9:36:31.159083215,T,TGT,F,100,96.34
2025-10-29,9:36:43.636766580,T,TGT,F I,75,96.37
2025-10-29,9:36:48.091420217,T,TGT,F I,25,96.3
2025-10-29,9:36:48.091423195,T,TGT,F,240,96.3
2025-10-29,9:36:48.091423195,T,TGT,F I,1,96.3
2025-10-29,9:36:48.091480390,T,TGT,I,1,96.3
2025-10-29,9:36:48.091480390,T,TGT,I,25,96.3
2025-10-29,9:36:48.091615637,T,TGT,,100,96.3
2025-10-29,9:36:48.091619324,T,TGT,I,1,96.3
2025-10-29,9:36:48.091619324,T,TGT,,100,96.3
2025-10-29,9:36:48.091622217,T,TGT,I,25,96.3
2025-10-29,9:36:48.091663692,T,TGT,F I,1,96.3
2025-10-29,9:36:48.091675798,T,TGT,I,1,96.3
2025-10-29,9:36:48.091961412,T,TGT,F I,52,96.29
2025-10-29,9:36:48.092051681,T,TGT,F I,48,96.29
2025-10-29,9:36:49.035832150,T,TGT,F I,10,96.31
2025-10-29,9:36:49.046023352,T,TGT,,400,96.325
2025-10-29,9:36:49.046273011,T,TGT,F I,29,96.34
2025-10-29,9:36:49.085321036,T,TGT,F,100,96.38
2025-10-29,9:36:49.085321036,T,TGT,F I,10,96.38
2025-10-29,9:36:49.085375073,T,TGT,I,16,96.38
2025-10-29,9:36:49.085384104,T,TGT,I,84,96.38
2025-10-29,9:36:49.085717884,T,TGT,F I,26,96.39
2025-10-29,9:36:49.085787428,T,TGT,I,35,96.38
2025-10-29,9:36:49.085787428,T,TGT,I,26,96.38
2025-10-29,9:36:49.085790236,T,TGT,I,35,96.38
2025-10-29,9:36:49.085790236,T,TGT,I,4,96.38
2025-10-29,9:36:49.085796108,T,TGT,F I,18,96.4
2025-10-29,9:36:49.740287321,T,TGT,F I,80,96.41
2025-10-29,9:36:49.740287321,T,TGT,F I,25,96.41
2025-10-29,9:36:49.740290463,T,TGT,F I,75,96.4
2025-10-29,9:36:49.740293663,T,TGT,F,138,96.39
2025-10-29,9:36:49.740296327,T,TGT,F I,26,96.39
2025-10-29,9:36:49.740296327,T,TGT,F I,1,96.39
2025-10-29,9:36:49.740479811,T,TGT,I,80,96.4
2025-10-29,9:36:50.822707050,T,TGT,F,100,96.4
2025-10-29,9:36:50.822722140,T,TGT,F I,20,96.4
2025-10-29,9:36:50.822761152,T,TGT,I,1,96.4
2025-10-29,9:36:50.822845551,T,TGT,I,10,96.4
2025-10-29,9:36:50.822857487,T,TGT,I,47,96.4
2025-10-29,9:36:50.822914787,T,TGT,I,43,96.4
2025-10-29,9:36:50.822917718,T,TGT,I,80,96.4
2025-10-29,9:36:50.822917718,T,TGT,I,25,96.4
2025-10-29,9:36:50.822929655,T,TGT,I,20,96.41
2025-10-29,9:36:55.978754677,T,TGT,F,100,96.36
2025-10-29,9:36:55.978764178,T,TGT,F I,11,96.35
2025-10-29,9:36:55.982233913,T,TGT,F,100,96.35
2025-10-29,9:36:55.982233913,T,TGT,F,100,96.35
2025-10-29,9:36:59.075637703,T,TGT,F I,50,96.4
2025-10-29,9:36:59.075920300,T,TGT,I,10,96.4
2025-10-29,9:36:59.286911983,T,TGT,F I,25,96.43
2025-10-29,9:37:17.297110801,T,TGT,I,4,96.4
2025-10-29,9:37:17.297110801,T,TGT,I,4,96.4
2025-10-29,9:37:17.297113195,T,TGT,I,4,96.4
2025-10-29,9:37:21.826698883,T,TGT,F,100,96.34
2025-10-29,9:37:21.936484398,T,TGT,F I,10,96.35
2025-10-29,9:37:21.942582915,T,TGT,F I,75,96.36
2025-10-29,9:37:32.060279937,T,TGT,I,10,96.41
2025-10-29,9:37:32.060358151,T,TGT,F I,10,96.42
2025-10-29,9:37:32.060361185,T,TGT,F I,10,96.42
2025-10-29,9:37:32.060364120,T,TGT,F,100,96.42
2025-10-29,9:37:32.060418341,T,TGT,,100,96.42
2025-10-29,9:37:32.061189075,T,TGT,F,100,96.43
2025-10-29,9:37:32.061189075,T,TGT,F I,26,96.43
2025-10-29,9:37:32.161774798,T,TGT,I,45,96.465
2025-10-29,9:37:33.766911747,T,TGT,F I,30,96.47
2025-10-29,9:37:33.792157533,T,TGT,F I,3,96.48
2025-10-29,9:37:33.792159883,T,TGT,F I,10,96.48
2025-10-29,9:37:42.498901576,T,TGT,F I,39,96.57
2025-10-29,9:37:42.499448969,T,TGT,F,100,96.59
2025-10-29,9:37:42.499448969,T,TGT,F I,14,96.59
2025-10-29,9:37:42.499481985,T,TGT,I,20,96.6
2025-10-29,9:37:42.499487993,T,TGT,I,19,96.6
2025-10-29,9:37:42.499487993,T,TGT,I,17,96.6
2025-10-29,9:37:42.499491036,T,TGT,I,12,96.6
2025-10-29,9:37:42.499512083,T,TGT,F,132,96.6
2025-10-29,9:37:42.511970735,T,TGT,I,10,96.63
2025-10-29,9:37:42.687150018,T,TGT,F I,75,96.63
2025-10-29,9:37:42.687198243,T,TGT,F I,25,96.63
2025-10-29,9:37:42.687847731,T,TGT,F I,1,96.64
2025-10-29,9:37:42.688380842,T,TGT,,127,96.63
2025-10-29,9:37:42.688380842,T,TGT,I,25,96.62
2025-10-29,9:37:42.688382981,T,TGT,I,2,96.62
2025-10-29,9:37:42.688422048,T,TGT,I,72,96.64
2025-10-29,9:37:42.696995566,T,TGT,I,7,96.62
2025-10-29,9:37:43.783399633,T,TGT,I,57,96.62
2025-10-29,9:37:46.151951144,T,TGT,F I,1,96.66
2025-10-29,9:37:46.151953534,T,TGT,F I,1,96.66
2025-10-29,9:37:46.151956395,T,TGT,F I,23,96.66
2025-10-29,9:37:46.286307477,T,TGT,I,14,96.7
2025-10-29,9:37:47.910894811,T,TGT,F I,25,96.705
2025-10-29,9:38:08.348851804,T,TGT,I,49,96.64
2025-10-29,9:38:08.348887526,T,TGT,,127,96.63
2025-10-29,9:38:08.349434909,T,TGT,F,100,96.63
2025-10-29,9:38:08.349437823,T,TGT,F I,10,96.64
2025-10-29,9:38:08.349573776,T,TGT,F I,1,96.64
2025-10-29,9:38:08.349609333,T,TGT,F I,13,96.635
2025-10-29,9:38:08.349618345,T,TGT,I,31,96.635
2025-10-29,9:38:08.349627385,T,TGT,F I,11,96.635
2025-10-29,9:38:08.349633845,T,TGT,I,3,96.63
2025-10-29,9:38:08.349654614,T,TGT,I,10,96.63
2025-10-29,9:38:08.349720603,T,TGT,F I,10,96.63
2025-10-29,9:38:08.349726513,T,TGT,F,100,96.63
2025-10-29,9:38:08.349747571,T,TGT,I,58,96.63
2025-10-29,9:38:08.349789731,T,TGT,F I,3,96.62
2025-10-29,9:38:08.349813829,T,TGT,I,80,96.62
2025-10-29,9:38:08.349867922,T,TGT,F I,20,96.62
2025-10-29,9:38:08.351474178,T,TGT,F,100,96.62
2025-10-29,9:38:08.351477036,T,TGT,F I,3,96.62
2025-10-29,9:38:08.351477036,T,TGT,F I,13,96.63
2025-10-29,9:38:08.354914891,T,TGT,F I,87,96.63
2025-10-29,9:38:08.354916963,T,TGT,F,100,96.63
2025-10-29,9:38:08.355401068,T,TGT,F I,11,96.64
2025-10-29,9:38:08.355404121,T,TGT,F,100,96.64
2025-10-29,9:38:08.355404121,T,TGT,F I,7,96.64
2025-10-29,9:38:08.355422174,T,TGT,F I,4,96.64
2025-10-29,9:38:08.356101782,T,TGT,,100,96.65
2025-10-29,9:38:08.369772369,T,TGT,F I,75,96.65
2025-10-29,9:38:08.369784371,T,TGT,F I,25,96.65
2025-10-29,9:38:21.198316587,T,TGT,F I,40,96.64
2025-10-29,9:38:21.198316587,T,TGT,F I,25,96.66
2025-10-29,9:38:21.198325583,T,TGT,F I,25,96.66
2025-10-29,9:38:21.198329163,T,TGT,F I,5,96.66
2025-10-29,9:38:21.198329163,T,TGT,F I,10,96.66
2025-10-29,9:38:21.198331536,T,TGT,F I,10,96.67
2025-10-29,9:38:21.198334594,T,TGT,F I,52,96.67
2025-10-29,9:38:21.198352665,T,TGT,I,10,96.65
2025-10-29,9:38:21.198394679,T,TGT,F I,30,96.65
2025-10-29,9:38:21.198566150,T,TGT,I,9,96.64
2025-10-29,9:38:21.198638368,T,TGT,F I,9,96.67
2025-10-29,9:38:22.078636743,T,TGT,I,49,96.62
2025-10-29,9:38:22.545156206,T,TGT,I,11,96.61
2025-10-29,9:38:22.545180279,T,TGT,F I,89,96.61
2025-10-29,9:38:22.643300984,T,TGT,I,44,96.605
2025-10-29,9:38:24.015190302,T,TGT,F I,25,96.59
2025-10-29,9:38:24.015217351,T,TGT,F,600,96.58
2025-10-29,9:38:24.015238384,T,TGT,I,25,96.58
2025-10-29,9:38:24.015292835,T,TGT,F I,75,96.57
2025-10-29,9:38:24.015328604,T,TGT,F I,25,96.57
2025-10-29,9:38:27.914501817,T,TGT,I,50,96.52
2025-10-29,9:38:27.914577055,T,TGT,F I,10,96.52
2025-10-29,9:38:28.288953928,T,TGT,F I,10,96.54
2025-10-29,9:38:28.288956935,T,TGT,F,100,96.54
2025-10-29,9:38:28.289011865,T,TGT,,100,96.55
2025-10-29,9:38:28.289014028,T,TGT,I,10,96.55
2025-10-29,9:38:29.794653069,T,TGT,I,14,96.58
2025-10-29,9:38:30.858545613,T,TGT,F I,2,96.59
2025-10-29,9:38:31.063886830,T,TGT,I,20,96.55
2025-10-29,9:38:41.098435615,T,TGT,F I,26,96.6
2025-10-29,9:38:41.098537900,T,TGT,F I,16,96.63
2025-10-29,9:38:41.098537900,T,TGT,F I,10,96.63
2025-10-29,9:38:41.099885134,T,TGT,F I,1,96.66
2025-10-29,9:38:41.099888096,T,TGT,F,100,96.66
2025-10-29,9:38:41.099912202,T,TGT,F I,35,96.67
2025-10-29,9:38:44.445701088,T,TGT,F I,25,96.69
2025-10-29,9:38:44.445701088,T,TGT,F I,50,96.69
2025-10-29,9:38:44.445710088,T,TGT,F I,45,96.69
2025-10-29,9:38:44.445740162,T,TGT,F I,5,96.69
2025-10-29,9:38:44.445740162,T,TGT,F I,35,96.7
2025-10-29,9:38:44.445743117,T,TGT,F I,5,96.7
2025-10-29,9:38:54.548052453,T,TGT,I,8,96.64
2025-10-29,9:38:54.548082729,T,TGT,F I,17,96.64
2025-10-29,9:38:54.548085560,T,TGT,F I,17,96.64
2025-10-29,9:38:54.549751436,T,TGT,F I,75,96.66
2025-10-29,9:38:54.549760461,T,TGT,F I,25,96.66
2025-10-29,9:38:54.549760461,T,TGT,F I,5,96.67
2025-10-29,9:39:00.188731429,T,TGT,I,26,96.64
2025-10-29,9:39:00.188731429,T,TGT,I,5,96.64
2025-10-29,9:39:10.017966279,T,TGT,I,3,96.495
2025-10-29,9:39:15.169548336,T,TGT,I,10,96.45
2025-10-29,9:39:23.322487540,T,TGT,I,1,96.4
2025-10-29,9:39:23.323185327,T,TGT,I,6,96.39
2025-10-29,9:39:23.323221355,T,TGT,F I,94,96.39
2025-10-29,9:39:25.557956182,T,TGT,I,30,96.37
2025-10-29,9:39:25.560250665,T,TGT,F I,1,96.365
2025-10-29,9:39:25.560380137,T,TGT,I,1,96.36
2025-10-29,9:39:25.560990502,T,TGT,F,100,96.38
2025-10-29,9:39:25.560993474,T,TGT,F I,23,96.38
2025-10-29,9:39:25.560996423,T,TGT,F,100,96.38
2025-10-29,9:39:25.560999504,T,TGT,F I,10,96.38
2025-10-29,9:39:25.561008538,T,TGT,I,1,96.38
2025-10-29,9:39:25.561014539,T,TGT,I,25,96.38
2025-10-29,9:39:25.561056670,T,TGT,I,60,96.39
2025-10-29,9:39:25.561056670,T,TGT,I,10,96.39
2025-10-29,9:39:25.561146795,T,TGT,I,18,96.38
2025-10-29,9:39:25.567398745,T,TGT,F,100,96.4
2025-10-29,9:39:25.581327913,T,TGT,I,42,96.38
2025-10-29,9:39:26.959011998,T,TGT,I,5,96.38
2025-10-29,9:39:27.094659225,T,TGT,F I,60,96.39
2025-10-29,9:39:27.094698224,T,TGT,I,10,96.4
2025-10-29,9:39:28.063348008,T,TGT,F I,40,96.41
2025-10-29,9:39:28.063387624,T,TGT,I,10,96.42
2025-10-29,9:39:28.063390122,T,TGT,I,10,96.42
2025-10-29,9:39:28.064235216,T,TGT,F I,14,96.44
2025-10-29,9:39:28.064262255,T,TGT,F,100,96.45
2025-10-29,9:39:28.064932867,T,TGT,F I,2,96.45
2025-10-29,9:39:32.996227868,T,TGT,F I,1,96.32
2025-10-29,9:39:32.996519744,T,TGT,F I,5,96.3
2025-10-29,9:39:32.996519744,T,TGT,F I,1,96.3
2025-10-29,9:39:32.997590113,T,TGT,,200,96.24
2025-10-29,9:39:32.997614101,T,TGT,I,1,96.25
2025-10-29,9:39:33.557566139,T,TGT,F I,25,96.25
2025-10-29,9:39:36.263529826,T,TGT,F I,60,96.22
2025-10-29,9:39:36.263532812,T,TGT,F I,2,96.22
2025-10-29,9:39:41.320936365,T,TGT,F I,75,96.24
2025-10-29,9:39:43.012469701,T,TGT,F I,10,96.26
2025-10-29,9:39:43.012472284,T,TGT,F,134,96.26
2025-10-29,9:39:43.012496248,T,TGT,F I,66,96.26
2025-10-29,9:39:43.012499225,T,TGT,F I,49,96.26
2025-10-29,9:39:48.427487754,T,TGT,I,6,96.27
2025-10-29,9:39:55.622458996,T,TGT,I,10,96.275
2025-10-29,9:40:00.083454742,T,TGT,I,75,96.275
2025-10-29,9:40:00.980085909,T,TGT,F I,53,96.3
2025-10-29,9:40:00.980085909,T,TGT,F I,10,96.3
2025-10-29,9:40:00.980110606,T,TGT,I,75,96.3
2025-10-29,9:40:00.980110606,T,TGT,I,25,96.3
2025-10-29,9:40:00.980112945,T,TGT,I,1,96.3
2025-10-29,9:40:01.771346016,T,TGT,F,100,96.31
2025-10-29,9:40:01.771348824,T,TGT,F I,10,96.31
2025-10-29,9:40:01.771373652,T,TGT,F I,10,96.32
2025-10-29,9:40:01.772386624,T,TGT,F I,10,96.35
2025-10-29,9:40:01.772386624,T,TGT,F I,34,96.35
2025-10-29,9:40:01.815367796,T,TGT,F I,75,96.39
2025-10-29,9:40:01.815415850,T,TGT,F I,25,96.39
2025-10-29,9:40:24.454667313,T,TGT,F I,2,96.38
2025-10-29,9:40:33.835296477,T,TGT,F I,10,96.39
2025-10-29,9:40:33.835296477,T,TGT,F I,1,96.39
2025-10-29,9:40:33.835308750,T,TGT,F I,10,96.4
2025-10-29,9:40:33.835308750,T,TGT,F I,32,96.4
2025-10-29,9:40:33.835314935,T,TGT,F I,8,96.4
2025-10-29,9:40:33.835314935,T,TGT,F I,31,96.4
2025-10-29,9:40:33.835318215,T,TGT,F I,31,96.4
2025-10-29,9:40:33.835320649,T,TGT,F,138,96.4
2025-10-29,9:40:33.835324254,T,TGT,F I,12,96.4
2025-10-29,9:40:33.835350557,T,TGT,I,3,96.4
2025-10-29,9:40:33.835540047,T,TGT,F I,10,96.41
2025-10-29,9:40:34.058671576,T,TGT,F I,68,96.45
2025-10-29,9:40:34.058674839,T,TGT,F I,25,96.45
2025-10-29,9:40:34.058674839,T,TGT,F I,10,96.45
2025-10-29,9:40:34.058683889,T,TGT,F I,10,96.46
2025-10-29,9:40:34.058729088,T,TGT,F I,39,96.47
2025-10-29,9:40:34.058729088,T,TGT,F I,41,96.47
2025-10-29,9:40:34.058731772,T,TGT,F I,10,96.48
2025-10-29,9:40:34.058734772,T,TGT,F I,11,96.48
2025-10-29,9:40:34.069810141,T,TGT,I,25,96.46
2025-10-29,9:40:34.069810141,T,TGT,I,15,96.46
2025-10-29,9:40:45.902438882,T,TGT,I,1,96.47
2025-10-29,9:40:59.144215913,T,TGT,F I,75,96.41
2025-10-29,9:40:59.144236779,T,TGT,F I,25,96.41
2025-10-29,9:40:59.144236779,T,TGT,F I,80,96.41
2025-10-29,9:40:59.144239803,T,TGT,F I,15,96.4
2025-10-29,9:40:59.144326967,T,TGT,I,5,96.4
2025-10-29,9:40:59.145048713,T,TGT,F I,3,96.39
2025-10-29,9:40:59.145181035,T,TGT,F I,75,96.39
2025-10-29,9:40:59.145830528,T,TGT,F I,25,96.39
2025-10-29,9:40:59.146931197,T,TGT,,100,96.39
2025-10-29,9:40:59.879750020,T,TGT,F,103,96.37
2025-10-29,9:41:05.145953045,T,TGT,I,17,96.37
2025-10-29,9:41:08.884056476,T,TGT,F I,1,96.39
2025-10-29,9:41:08.884056476,T,TGT,F I,11,96.39
2025-10-29,9:41:08.884402312,T,TGT,I,25,96.38
2025-10-29,9:41:10.551877931,T,TGT,F I,11,96.43
2025-10-29,9:41:14.967847258,T,TGT,F I,19,96.45
2025-10-29,9:41:15.432324782,T,TGT,F I,25,96.44
2025-10-29,9:41:18.173902137,T,TGT,F I,25,96.45
2025-10-29,9:41:23.054454270,T,TGT,I,4,96.43
2025-10-29,9:41:23.067183585,T,TGT,I,1,96.39
2025-10-29,9:41:24.556442924,T,TGT,F I,21,96.46
2025-10-29,9:41:25.467276394,T,TGT,F I,19,96.47
2025-10-29,9:41:25.467279405,T,TGT,F,100,96.47
2025-10-29,9:41:25.467282376,T,TGT,F I,10,96.47
2025-10-29,9:41:25.467432781,T,TGT,I,16,96.46
2025-10-29,9:41:25.467508016,T,TGT,I,13,96.47
2025-10-29,9:41:25.523916403,T,TGT,F I,21,96.49
2025-10-29,9:41:25.524355389,T,TGT,F I,80,96.5
2025-10-29,9:41:25.524355389,T,TGT,F I,22,96.5
2025-10-29,9:41:27.438406254,T,TGT,I,75,96.465
2025-10-29,9:41:30.677624399,T,TGT,F I,11,96.5
2025-10-29,9:41:30.677648926,T,TGT,F I,10,96.51
2025-10-29,9:41:30.678075437,T,TGT,F,100,96.52
2025-10-29,9:41:30.687731524,T,TGT,F I,10,96.53
2025-10-29,9:41:31.372391190,T,TGT,F I,10,96.57
2025-10-29,9:41:34.547964979,T,TGT,F I,21,96.58
2025-10-29,9:41:34.547967943,T,TGT,F I,10,96.58
2025-10-29,9:41:34.547986038,T,TGT,F I,25,96.58
2025-10-29,9:41:35.636257530,T,TGT,F I,75,96.57
2025-10-29,9:41:39.469778433,T,TGT,I,4,96.54
2025-10-29,9:41:39.659503516,T,TGT,I,25,96.5
2025-10-29,9:41:40.456308992,T,TGT,F I,25,96.54
2025-10-29,9:41:40.456311910,T,TGT,F I,25,96.54
2025-10-29,9:41:40.456311910,T,TGT,F I,25,96.55
2025-10-29,9:41:40.456365863,T,TGT,F I,75,96.55
2025-10-29,9:41:48.462435430,T,TGT,I,3,96.52
2025-10-29,9:41:52.742330594,T,TGT,F I,75,96.52
2025-10-29,9:41:53.865028376,T,TGT,F I,75,96.55
2025-10-29,9:41:53.865031318,T,TGT,F I,17,96.56
2025-10-29,9:41:53.865046354,T,TGT,F I,83,96.56
2025-10-29,9:41:53.865050203,T,TGT,F I,10,96.56
2025-10-29,9:41:53.865052350,T,TGT,F I,10,96.56
2025-10-29,9:41:53.865142509,T,TGT,,100,96.54
2025-10-29,9:41:53.865167370,T,TGT,I,1,96.54
2025-10-29,9:41:53.865581550,T,TGT,I,40,96.52
2025-10-29,9:41:56.810097525,T,TGT,F I,1,96.47
2025-10-29,9:41:56.810305066,T,TGT,F I,3,96.46
2025-10-29,9:41:56.822655338,T,TGT,I,23,96.47
2025-10-29,9:42:03.672085204,T,TGT,I,75,96.475
2025-10-29,9:42:05.318489594,T,TGT,F I,30,96.48
2025-10-29,9:42:11.145252014,T,TGT,I,40,96.49
2025-10-29,9:42:11.145273122,T,TGT,F I,7,96.49
2025-10-29,9:42:11.145273122,T,TGT,F I,10,96.49
2025-10-29,9:42:11.145393363,T,TGT,F I,55,96.49
2025-10-29,9:42:11.166305155,T,TGT,F I,10,96.5
2025-10-29,9:42:11.707968200,T,TGT,F,100,96.53
2025-10-29,9:42:11.707970626,T,TGT,F I,54,96.53
2025-10-29,9:42:11.707973673,T,TGT,F I,22,96.53
2025-10-29,9:42:15.266543445,T,TGT,F I,25,96.57
2025-10-29,9:42:15.990104062,T,TGT,I,10,96.57
2025-10-29,9:42:15.990106309,T,TGT,I,10,96.57
2025-10-29,9:42:15.990112490,T,TGT,,127,96.555
2025-10-29,9:42:15.990115530,T,TGT,,250,96.555
2025-10-29,9:42:15.990115530,T,TGT,I,25,96.55
2025-10-29,9:42:15.990118440,T,TGT,,127,96.55
2025-10-29,9:42:15.990118440,T,TGT,I,80,96.54
2025-10-29,9:42:15.990122688,T,TGT,,127,96.54
2025-10-29,9:42:15.990122688,T,TGT,I,25,96.54
2025-10-29,9:42:15.990122688,T,TGT,I,25,96.54
2025-10-29,9:42:15.990127360,T,TGT,I,75,96.54
2025-10-29,9:42:15.990127360,T,TGT,,100,96.53
2025-10-29,9:42:15.990127360,T,TGT,,100,96.53
2025-10-29,9:42:15.990138023,T,TGT,I,47,96.52
2025-10-29,9:42:15.990138023,T,TGT,I,2,96.52
2025-10-29,9:42:15.990143965,T,TGT,,100,96.52
2025-10-29,9:42:15.990173374,T,TGT,I,80,96.52
2025-10-29,9:42:15.990178605,T,TGT,F I,20,96.52
2025-10-29,9:42:15.990289831,T,TGT,,100,96.54
2025-10-29,9:42:15.990343957,T,TGT,I,10,96.54
2025-10-29,9:42:15.998331233,T,TGT,F I,18,96.59
2025-10-29,9:42:15.998331233,T,TGT,F I,38,96.59
2025-10-29,9:42:15.998818678,T,TGT,F I,44,96.6
2025-10-29,9:42:17.540083161,T,TGT,F I,25,96.61
2025-10-29,9:42:17.540083161,T,TGT,F I,52,96.6
2025-10-29,9:42:17.540088895,T,TGT,F,444,96.6
2025-10-29,9:42:17.540088895,T,TGT,F,456,96.6
2025-10-29,9:42:17.540091866,T,TGT,F,105,96.6
2025-10-29,9:42:17.540104309,T,TGT,F,1116,96.6
2025-10-29,9:42:17.540104309,T,TGT,F,200,96.6
2025-10-29,9:42:17.540107077,T,TGT,F I,5,96.6
2025-10-29,9:42:17.540110382,T,TGT,F I,5,96.6
2025-10-29,9:42:17.540113665,T,TGT,F I,23,96.6
2025-10-29,9:42:17.540113665,T,TGT,F I,23,96.6
2025-10-29,9:42:17.540116271,T,TGT,F I,6,96.6
2025-10-29,9:42:17.540116271,T,TGT,F I,6,96.6
2025-10-29,9:42:17.540120159,T,TGT,F I,25,96.6
2025-10-29,9:42:17.540120159,T,TGT,F I,25,96.6
2025-10-29,9:42:17.540122097,T,TGT,F I,6,96.6
2025-10-29,9:42:17.540790289,T,TGT,F I,3,96.58
2025-10-29,9:42:17.540792630,T,TGT,F I,29,96.58
2025-10-29,9:42:17.540949004,T,TGT,I,7,96.6
2025-10-29,9:42:17.540949004,T,TGT,I,10,96.6
2025-10-29,9:42:17.560348226,T,TGT,F I,23,96.61
2025-10-29,9:42:17.560348226,T,TGT,F,100,96.61
2025-10-29,9:42:17.560351136,T,TGT,F I,45,96.61
2025-10-29,9:42:17.560390320,T,TGT,F,100,96.62
2025-10-29,9:42:17.560393698,T,TGT,F I,10,96.62
2025-10-29,9:42:17.567342879,T,TGT,F I,20,96.65
2025-10-29,9:42:17.567345880,T,TGT,F I,85,96.65
2025-10-29,9:42:17.567388104,T,TGT,F I,10,96.66
2025-10-29,9:42:17.567388104,T,TGT,F I,1,96.66
2025-10-29,9:42:18.454787017,T,TGT,I,25,96.68
2025-10-29,9:42:18.454787017,T,TGT,,100,96.67
2025-10-29,9:42:18.454790105,T,TGT,I,4,96.67
2025-10-29,9:42:18.454805083,T,TGT,I,1,96.68
2025-10-29,9:42:19.012011512,T,TGT,I,4,96.675
2025-10-29,9:42:19.012014543,T,TGT,I,2,96.67
2025-10-29,9:42:19.012032586,T,TGT,I,1,96.67
2025-10-29,9:42:19.976733890,T,TGT,I,5,96.67
2025-10-29,9:42:22.787488058,T,TGT,F I,25,96.68
2025-10-29,9:42:23.381637528,T,TGT,I,17,96.67
2025-10-29,9:42:23.381667633,T,TGT,I,7,96.67
2025-10-29,9:42:23.381670744,T,TGT,I,4,96.67
2025-10-29,9:42:23.381673715,T,TGT,I,2,96.67
2025-10-29,9:42:23.381677323,T,TGT,I,1,96.67
2025-10-29,9:42:23.381677323,T,TGT,I,5,96.67
2025-10-29,9:42:27.987319981,T,TGT,F,100,96.71
2025-10-29,9:42:27.987322969,T,TGT,F I,10,96.71
2025-10-29,9:42:27.987322969,T,TGT,F I,4,96.71
2025-10-29,9:42:27.987383112,T,TGT,I,55,96.71
2025-10-29,9:42:27.987419146,T,TGT,F I,10,96.72
2025-10-29,9:42:27.987419146,T,TGT,F I,10,96.72
2025-10-29,9:42:27.987446230,T,TGT,I,45,96.71
2025-10-29,9:42:27.987446230,T,TGT,I,20,96.71
2025-10-29,9:42:27.987449426,T,TGT,I,15,96.71
2025-10-29,9:42:27.987764966,T,TGT,F I,20,96.72
2025-10-29,9:42:27.995989568,T,TGT,F I,25,96.73
2025-10-29,9:42:30.243020789,T,TGT,I,11,96.73
2025-10-29,9:42:30.243023872,T,TGT,I,10,96.73
2025-10-29,9:42:30.243050877,T,TGT,F I,75,96.71
2025-10-29,9:42:30.243095990,T,TGT,F I,4,96.71
2025-10-29,9:42:39.996730661,T,TGT,I,2,96.75
2025-10-29,9:42:39.996751708,T,TGT,F I,12,96.75
2025-10-29,9:42:40.110717280,T,TGT,F I,3,96.76
2025-10-29,9:42:44.605480939,T,TGT,F I,28,96.82
2025-10-29,9:42:44.605489408,T,TGT,F I,75,96.82
2025-10-29,9:42:46.875723894,T,TGT,F I,18,96.86
2025-10-29,9:42:46.877831890,T,TGT,F I,19,96.87
2025-10-29,9:42:46.880330929,T,TGT,I,11,96.87
2025-10-29,9:42:47.713053739,T,TGT,I,75,96.9
2025-10-29,9:42:47.713059780,T,TGT,,125,96.9
2025-10-29,9:42:53.092109596,T,TGT,F I,31,96.84
2025-10-29,9:42:53.092158622,T,TGT,F,300,96.83
2025-10-29,9:42:53.092158622,T,TGT,F I,52,96.83
2025-10-29,9:42:53.092158622,T,TGT,F I,13,96.83
2025-10-29,9:42:53.092163739,T,TGT,F I,48,96.83
2025-10-29,9:42:53.092163739,T,TGT,F I,11,96.83
2025-10-29,9:42:53.092179123,T,TGT,I,1,96.83
2025-10-29,9:42:53.092179123,T,TGT,I,30,96.83
2025-10-29,9:42:53.093138111,T,TGT,I,14,96.81
2025-10-29,9:42:53.093141355,T,TGT,I,38,96.81
2025-10-29,9:42:53.093141355,T,TGT,I,2,96.81
2025-10-29,9:42:53.093162698,T,TGT,I,1,96.81
2025-10-29,9:43:04.767815404,T,TGT,F I,4,96.8
2025-10-29,9:43:04.767866791,T,TGT,I,96,96.8
2025-10-29,9:43:04.767869477,T,TGT,I,1,96.8
2025-10-29,9:43:04.767887525,T,TGT,I,1,96.8
2025-10-29,9:43:04.767887525,T,TGT,I,70,96.8
2025-10-29,9:43:05.589628249,T,TGT,F I,2,96.79
2025-10-29,9:43:05.622758186,T,TGT,F I,25,96.82
2025-10-29,9:43:05.622761185,T,TGT,F I,25,96.82
2025-10-29,9:43:10.012574742,T,TGT,I,12,96.79
2025-10-29,9:43:10.012592373,T,TGT,F I,86,96.79
2025-10-29,9:43:10.012595700,T,TGT,F I,31,96.79
2025-10-29,9:43:10.113398484,T,TGT,F I,1,96.81
2025-10-29,9:43:10.113401435,T,TGT,F I,40,96.81
2025-10-29,9:43:10.113413528,T,TGT,F I,50,96.81
2025-10-29,9:43:10.113452623,T,TGT,I,25,96.8
2025-10-29,9:43:10.113452623,T,TGT,I,8,96.79
2025-10-29,9:43:10.113585053,T,TGT,I,72,96.8
2025-10-29,9:43:10.113585053,T,TGT,I,31,96.79
2025-10-29,9:43:10.113587928,T,TGT,I,68,96.79
2025-10-29,9:43:10.113609341,T,TGT,I,32,96.79
2025-10-29,9:43:10.113609341,T,TGT,I,40,96.79
2025-10-29,9:43:10.113639043,T,TGT,I,24,96.79
2025-10-29,9:43:10.114502084,T,TGT,I,10,96.79
2025-10-29,9:43:11.730585816,T,TGT,F I,19,96.79
2025-10-29,9:43:11.730588192,T,TGT,F,100,96.79
2025-10-29,9:43:11.730591208,T,TGT,F I,2,96.79
2025-10-29,9:43:11.730600285,T,TGT,F I,50,96.79
2025-10-29,9:43:11.730627783,T,TGT,,100,96.79
2025-10-29,9:43:11.730630857,T,TGT,,100,96.78
2025-10-29,9:43:11.730654334,T,TGT,I,80,96.78
2025-10-29,9:43:11.730673192,T,TGT,F I,75,96.79
2025-10-29,9:43:11.730723570,T,TGT,,100,96.77
2025-10-29,9:43:11.730723570,T,TGT,I,40,96.77
2025-10-29,9:43:11.733120274,T,TGT,F I,5,96.75
2025-10-29,9:43:11.733120274,T,TGT,F,100,96.75
2025-10-29,9:43:13.544744196,T,TGT,F I,1,96.72
2025-10-29,9:43:13.544750215,T,TGT,F I,52,96.71
2025-10-29,9:43:13.544753130,T,TGT,F I,13,96.71
2025-10-29,9:43:13.545195269,T,TGT,I,11,96.69
2025-10-29,9:43:13.545195269,T,TGT,I,10,96.69
2025-10-29,9:43:13.545198535,T,TGT,I,9,96.69
2025-10-29,9:43:13.545201249,T,TGT,I,6,96.69
2025-10-29,9:43:15.353733869,T,TGT,F I,1,96.65
2025-10-29,9:43:25.281648730,T,TGT,F I,75,96.6
2025-10-29,9:43:25.281756967,T,TGT,I,72,96.595
2025-10-29,9:43:26.526178615,T,TGT,I,41,96.595
2025-10-29,9:43:28.112063829,T,TGT,I,22,96.595
2025-10-29,9:43:28.192364158,T,TGT,I,12,96.595
2025-10-29,9:43:28.274068784,T,TGT,I,7,96.595
2025-10-29,9:43:31.106059578,T,TGT,I,4,96.595
2025-10-29,9:43:31.106059578,T,TGT,I,4,96.595
2025-10-29,9:43:31.188185291,T,TGT,I,2,96.595
2025-10-29,9:43:35.588548322,T,TGT,I,10,96.64
2025-10-29,9:43:35.588550862,T,TGT,I,56,96.64
2025-10-29,9:43:35.588572359,T,TGT,F I,55,96.64
2025-10-29,9:43:35.588572359,T,TGT,F I,10,96.64
2025-10-29,9:43:35.588577490,T,TGT,F,106,96.64
2025-10-29,9:43:35.588580532,T,TGT,F I,25,96.64
2025-10-29,9:43:37.381855321,T,TGT,F I,1,96.66
2025-10-29,9:43:37.381855321,T,TGT,F I,10,96.66
2025-10-29,9:43:46.048715284,T,TGT,I,51,96.7
2025-10-29,9:43:46.048715284,T,TGT,I,13,96.7
2025-10-29,9:43:47.723618515,T,TGT,I,22,96.7
2025-10-29,9:43:47.723756781,T,TGT,I,8,96.7
2025-10-29,9:43:47.724364249,T,TGT,I,7,96.7
2025-10-29,9:43:58.475003064,T,TGT,I,1,96.68
2025-10-29,9:43:58.576203182,T,TGT,I,1,96.7
2025-10-29,9:43:58.602798443,T,TGT,I,20,96.71
2025-10-29,9:43:58.603986370,T,TGT,I,12,96.7
2025-10-29,9:43:58.978041446,T,TGT,F I,25,96.69
2025-10-29,9:44:02.822225701,T,TGT,F I,25,96.64
2025-10-29,9:44:08.465280454,T,TGT,I,25,96.66
2025-10-29,9:44:08.465280454,T,TGT,I,35,96.66
2025-10-29,9:44:08.469225829,T,TGT,I,60,96.67
2025-10-29,9:44:12.992256393,T,TGT,F I,5,96.61
2025-10-29,9:44:12.992259353,T,TGT,F I,13,96.61
2025-10-29,9:44:12.992385679,T,TGT,F I,1,96.6
2025-10-29,9:44:13.057965849,T,TGT,I,12,96.61
2025-10-29,9:44:14.219925144,T,TGT,I,81,96.62
2025-10-29,9:44:22.533191455,T,TGT,F I,3,96.635
2025-10-29,9:44:22.696585728,T,TGT,F I,12,96.63
2025-10-29,9:44:24.713217052,T,TGT,I,6,96.635
2025-10-29,9:44:27.641557506,T,TGT,I,10,96.635
2025-10-29,9:44:29.513817865,T,TGT,I,75,96.635
2025-10-29,9:44:29.513863050,T,TGT,I,25,96.635
2025-10-29,9:44:29.513866008,T,TGT,I,2,96.635
2025-10-29,9:44:32.474921313,T,TGT,F I,25,96.64
2025-10-29,9:44:32.511524500,T,TGT,I,1,96.66
2025-10-29,9:44:32.539055285,T,TGT,I,10,96.68
2025-10-29,9:44:32.539199881,T,TGT,F I,39,96.66
2025-10-29,9:44:32.540333189,T,TGT,I,12,96.67
2025-10-29,9:44:39.995487514,T,TGT,F,100,96.58
2025-10-29,9:44:39.995487514,T,TGT,F I,11,96.58
2025-10-29,9:44:39.995580675,T,TGT,,100,96.59
2025-10-29,9:44:39.995583403,T,TGT,I,9,96.6
2025-10-29,9:44:40.862118747,T,TGT,F I,30,96.6
2025-10-29,9:44:40.862122817,T,TGT,F I,8,96.6
2025-10-29,9:44:40.862124997,T,TGT,I,17,96.6
2025-10-29,9:44:40.862127845,T,TGT,I,13,96.6
2025-10-29,9:44:45.600826129,T,TGT,F I,4,96.615
2025-10-29,9:44:48.995809161,T,TGT,I,10,96.63
2025-10-29,9:44:53.209405726,T,TGT,F I,11,96.67
2025-10-29,9:44:53.209405726,T,TGT,F I,22,96.67
2025-10-29,9:44:53.209408443,T,TGT,F I,37,96.67
2025-10-29,9:44:53.209519671,T,TGT,I,9,96.67
2025-10-29,9:44:53.210620340,T,TGT,I,10,96.67
2025-10-29,9:44:53.210695803,T,TGT,I,23,96.67
2025-10-29,9:44:53.210695803,T,TGT,,104,96.67
2025-10-29,9:44:53.214511632,T,TGT,I,10,96.67
2025-10-29,9:44:53.215010822,T,TGT,I,3,96.67
2025-10-29,9:45:00.174953954,T,TGT,I,10,96.66
2025-10-29,9:45:01.187905176,T,TGT,F I,15,96.6
2025-10-29,9:45:01.188323897,T,TGT,F I,2,96.6
2025-10-29,9:45:01.188326079,T,TGT,F I,2,96.6
2025-10-29,9:45:01.188347186,T,TGT,I,1,96.6
2025-10-29,9:45:06.155629057,T,TGT,I,1,96.64
2025-10-29,9:45:06.155631994,T,TGT,I,35,96.64
2025-10-29,9:45:06.155650094,T,TGT,I,36,96.64
2025-10-29,9:45:06.155656071,T,TGT,I,1,96.64
2025-10-29,9:45:06.155659124,T,TGT,I,2,96.64
2025-10-29,9:45:10.280709483,T,TGT,I,8,96.68
2025-10-29,9:45:10.280727531,T,TGT,F I,25,96.68
2025-10-29,9:45:12.912531454,T,TGT,I,1,96.69
2025-10-29,9:45:12.912531454,T,TGT,I,2,96.69
2025-10-29,9:45:13.742692277,T,TGT,F I,10,96.72
2025-10-29,9:45:13.742722375,T,TGT,F I,18,96.73
2025-10-29,9:45:13.742725355,T,TGT,F I,32,96.73
2025-10-29,9:45:13.742728344,T,TGT,F I,41,96.73
2025-10-29,9:45:13.959830587,T,TGT,F I,10,96.73
2025-10-29,9:45:13.959830587,T,TGT,F I,11,96.73
2025-10-29,9:45:17.761433355,T,TGT,F I,29,96.74
2025-10-29,9:45:17.761433355,T,TGT,F I,20,96.74
2025-10-29,9:45:17.761520497,T,TGT,F I,47,96.75
2025-10-29,9:45:22.506230108,T,TGT,F I,33,96.74
2025-10-29,9:45:23.604874371,T,TGT,F,141,96.72
2025-10-29,9:45:23.604876452,T,TGT,F I,1,96.72
2025-10-29,9:45:23.604879431,T,TGT,F I,16,96.72
2025-10-29,9:45:23.604927575,T,TGT,I,62,96.74
2025-10-29,9:45:23.604957596,T,TGT,I,1,96.74
2025-10-29,9:45:23.807381891,T,TGT,I,7,96.72
2025-10-29,9:45:23.807384931,T,TGT,I,6,96.72
2025-10-29,9:45:24.010459089,T,TGT,F I,1,96.7
2025-10-29,9:45:24.010459089,T,TGT,F I,24,96.7
2025-10-29,9:45:25.472027715,T,TGT,F I,17,96.7
2025-10-29,9:45:28.813047109,T,TGT,I,2,96.67
2025-10-29,9:45:34.669694715,T,TGT,I,10,96.67
2025-10-29,9:45:38.558126203,T,TGT,I,2,96.675
2025-10-29,9:45:41.496357325,T,TGT,F I,50,96.675
2025-10-29,9:45:41.496360258,T,TGT,F I,22,96.675
2025-10-29,9:45:41.496375304,T,TGT,F I,20,96.68
2025-10-29,9:45:41.496378273,T,TGT,F I,40,96.68
2025-10-29,9:45:49.899811140,T,TGT,I,21,96.71
2025-10-29,9:45:49.900373438,T,TGT,I,11,96.72
2025-10-29,9:45:49.900983986,T,TGT,I,21,96.72
2025-10-29,9:45:50.334072730,T,TGT,I,11,96.72
2025-10-29,9:45:50.334072730,T,TGT,I,10,96.72
2025-10-29,9:45:56.068698674,T,TGT,I,75,96.695
2025-10-29,9:45:56.068740775,T,TGT,I,25,96.695
2025-10-29,9:45:58.147860993,T,TGT,I,75,96.685
2025-10-29,9:45:58.147906153,T,TGT,I,25,96.685
2025-10-29,9:45:58.619068482,T,TGT,F I,75,96.69
2025-10-29,9:46:07.876301841,T,TGT,I,75,96.675
2025-10-29,9:46:11.201852573,T,TGT,I,75,96.675
2025-10-29,9:46:11.201903660,T,TGT,I,25,96.675
2025-10-29,9:46:12.853772001,T,TGT,F I,49,96.68
2025-10-29,9:46:12.853778227,T,TGT,F I,1,96.68
2025-10-29,9:46:12.853778227,T,TGT,F I,33,96.68
2025-10-29,9:46:14.784332416,T,TGT,F I,2,96.68
2025-10-29,9:46:24.996664876,T,TGT,F I,2,96.68
2025-10-29,9:46:24.996664876,T,TGT,F I,3,96.68
2025-10-29,9:46:28.552413969,T,TGT,I,2,96.68
2025-10-29,9:46:29.676687318,T,TGT,I,60,96.68
2025-10-29,9:46:31.085652001,T,TGT,F I,11,96.68
2025-10-29,9:46:31.387162360,T,TGT,F I,18,96.65
2025-10-29,9:46:31.387162360,T,TGT,F I,5,96.65
2025-10-29,9:46:31.387240485,T,TGT,F,100,96.64
2025-10-29,9:46:31.387243480,T,TGT,F I,18,96.64
2025-10-29,9:46:31.388849320,T,TGT,F I,51,96.61
2025-10-29,9:46:31.388849320,T,TGT,F I,10,96.61
2025-10-29,9:46:31.388852389,T,TGT,F I,5,96.61
2025-10-29,9:46:31.389667300,T,TGT,F I,5,96.6
2025-10-29,9:46:31.389923171,T,TGT,I,50,96.6
2025-10-29,9:46:31.389926122,T,TGT,,100,96.61
2025-10-29,9:46:31.389926122,T,TGT,I,13,96.61
2025-10-29,9:46:31.389944029,T,TGT,I,38,96.61
2025-10-29,9:46:31.389946962,T,TGT,I,1,96.61
2025-10-29,9:46:31.390004075,T,TGT,I,4,96.6
2025-10-29,9:46:31.390007586,T,TGT,I,4,96.6
2025-10-29,9:46:31.390010098,T,TGT,I,2,96.6
2025-10-29,9:46:31.390013121,T,TGT,I,3,96.6
2025-10-29,9:46:31.718124794,T,TGT,,100,96.62
2025-10-29,9:46:48.210603734,T,TGT,I,3,96.6
2025-10-29,9:46:48.210621837,T,TGT,I,7,96.6
2025-10-29,9:46:48.210651913,T,TGT,I,64,96.6
2025-10-29,9:46:49.015447165,T,TGT,F I,5,96.62
2025-10-29,9:46:49.015465388,T,TGT,F I,45,96.62
2025-10-29,9:46:49.015465388,T,TGT,F I,10,96.62
2025-10-29,9:46:49.015468186,T,TGT,F I,6,96.62
2025-10-29,9:46:49.015549480,T,TGT,F I,50,96.61
2025-10-29,9:46:49.015552686,T,TGT,F I,13,96.6
2025-10-29,9:46:49.015588627,T,TGT,I,40,96.6
2025-10-29,9:46:49.015717804,T,TGT,F I,32,96.6
2025-10-29,9:46:49.015904217,T,TGT,F I,1,96.6
2025-10-29,9:46:49.015916265,T,TGT,F I,14,96.6
2025-10-29,9:46:49.054875179,T,TGT,F I,18,96.6
2025-10-29,9:46:49.054875179,T,TGT,F I,4,96.6
2025-10-29,9:46:49.054877268,T,TGT,F I,78,96.6
2025-10-29,9:46:49.210618144,T,TGT,,100,96.59
2025-10-29,9:46:49.210618144,T,TGT,,100,96.59
2025-10-29,9:46:50.015591389,T,TGT,I,8,96.56
2025-10-29,9:46:50.082918324,T,TGT,I,13,96.57
2025-10-29,9:46:50.102808217,T,TGT,I,60,96.58
2025-10-29,9:46:50.102828691,T,TGT,F I,40,96.58
2025-10-29,9:46:50.102828691,T,TGT,F I,13,96.58
2025-10-29,9:46:50.102831737,T,TGT,F I,12,96.58
2025-10-29,9:46:58.222126862,T,TGT,F I,16,96.64
2025-10-29,9:46:58.319682292,T,TGT,F I,21,96.65
2025-10-29,9:47:00.518301302,T,TGT,F I,27,96.67
2025-10-29,9:47:00.518301302,T,TGT,F I,12,96.67
2025-10-29,9:47:00.518304309,T,TGT,F I,30,96.67
2025-10-29,9:47:00.518340417,T,TGT,F I,16,96.68
2025-10-29,9:47:00.518641080,T,TGT,I,13,96.67
2025-10-29,9:47:00.518978503,T,TGT,I,2,96.67
2025-10-29,9:47:00.518978503,T,TGT,I,2,96.67
2025-10-29,9:47:00.518981123,T,TGT,I,2,96.67
2025-10-29,9:47:00.533718986,T,TGT,I,2,96.68
2025-10-29,9:47:00.574219481,T,TGT,I,2,96.67
2025-10-29,9:47:04.012388330,T,TGT,I,14,96.63
2025-10-29,9:47:28.714795678,T,TGT,F,100,96.57
2025-10-29,9:47:32.673772380,T,TGT,I,9,96.59
2025-10-29,9:47:37.692897794,T,TGT,I,22,96.61
2025-10-29,9:47:37.692897794,T,TGT,I,3,96.61
2025-10-29,9:47:38.701507016,T,TGT,F I,10,96.62
2025-10-29,9:47:38.701560674,T,TGT,I,14,96.6
2025-10-29,9:47:38.701615190,T,TGT,F I,9,96.62
2025-10-29,9:47:38.701615190,T,TGT,F I,9,96.62
2025-10-29,9:47:38.701620933,T,TGT,F I,31,96.62
2025-10-29,9:47:38.701957671,T,TGT,I,12,96.62
2025-10-29,9:47:39.088769215,T,TGT,F I,11,96.62
2025-10-29,9:47:39.088769215,T,TGT,F I,3,96.62
2025-10-29,9:47:39.088943605,T,TGT,I,8,96.62
2025-10-29,9:47:39.088946738,T,TGT,I,5,96.61
2025-10-29,9:47:39.088946738,T,TGT,I,1,96.61
2025-10-29,9:47:39.088967678,T,TGT,I,8,96.61
2025-10-29,9:47:42.852632087,T,TGT,I,12,96.62
2025-10-29,9:47:42.852665157,T,TGT,F I,12,96.61
2025-10-29,9:47:42.852677655,T,TGT,F I,38,96.61
2025-10-29,9:47:42.852680787,T,TGT,F I,2,96.62
2025-10-29,9:47:42.852683149,T,TGT,F I,10,96.62
2025-10-29,9:47:45.291784954,T,TGT,F I,4,96.6
2025-10-29,9:47:49.794165265,T,TGT,F I,75,96.61
2025-10-29,9:47:51.858243636,T,TGT,I,12,96.65
2025-10-29,9:48:02.747810666,T,TGT,F I,38,96.58
2025-10-29,9:48:02.748246646,T,TGT,F I,22,96.56
2025-10-29,9:48:03.142275742,T,TGT,F I,1,96.55
2025-10-29,9:48:03.142275742,T,TGT,F I,23,96.545
2025-10-29,9:48:03.142564677,T,TGT,I,7,96.54
2025-10-29,9:48:03.142567203,T,TGT,I,1,96.54
2025-10-29,9:48:03.142570147,T,TGT,I,6,96.54
2025-10-29,9:48:03.142570147,T,TGT,I,6,96.54
2025-10-29,9:48:03.142573399,T,TGT,I,3,96.54
2025-10-29,9:48:05.397645547,T,TGT,I,9,96.52
2025-10-29,9:48:05.397645547,T,TGT,I,10,96.52
2025-10-29,9:48:05.461219919,T,TGT,F I,16,96.5
2025-10-29,9:48:05.461286091,T,TGT,F I,9,96.49
2025-10-29,9:48:05.461295148,T,TGT,F I,1,96.49
2025-10-29,9:48:05.461295148,T,TGT,F I,5,96.49
2025-10-29,9:48:05.555079638,T,TGT,F I,10,96.47
2025-10-29,9:48:08.197276178,T,TGT,F I,50,96.45
2025-10-29,9:48:17.694276501,T,TGT,F I,1,96.48
2025-10-29,9:48:17.694279625,T,TGT,F I,31,96.48
2025-10-29,9:48:17.694282541,T,TGT,F I,10,96.48
2025-10-29,9:48:23.885173462,T,TGT,I,38,96.45
2025-10-29,9:48:23.885185541,T,TGT,F I,62,96.45
2025-10-29,9:48:36.818769911,T,TGT,F I,10,96.41
2025-10-29,9:48:36.919332488,T,TGT,F I,75,96.42
2025-10-29,9:48:37.012022324,T,TGT,F,100,96.38
2025-10-29,9:48:37.012587659,T,TGT,F I,13,96.37
2025-10-29,9:48:38.321807624,T,TGT,F I,10,96.39
2025-10-29,9:48:38.321831931,T,TGT,F I,10,96.4
2025-10-29,9:48:38.321835078,T,TGT,F I,9,96.4
2025-10-29,9:48:38.321954997,T,TGT,F,100,96.41
2025-10-29,9:48:38.322036196,T,TGT,,100,96.4
2025-10-29,9:48:38.322039321,T,TGT,I,75,96.4
2025-10-29,9:48:38.322042481,T,TGT,I,41,96.39
2025-10-29,9:48:38.322087324,T,TGT,F I,41,96.4
2025-10-29,9:48:38.322090397,T,TGT,F I,59,96.41
2025-10-29,9:48:38.322096420,T,TGT,I,59,96.39
2025-10-29,9:48:38.322099374,T,TGT,I,40,96.39
2025-10-29,9:48:38.322117429,T,TGT,I,1,96.39
2025-10-29,9:48:42.305536432,T,TGT,F I,59,96.41
2025-10-29,9:48:42.307785846,T,TGT,I,10,96.44
2025-10-29,9:48:42.337445448,T,TGT,I,11,96.43
2025-10-29,9:48:50.525388500,T,TGT,F I,75,96.44
2025-10-29,9:48:58.543708894,T,TGT,I,5,96.415
2025-10-29,9:49:01.141790392,T,TGT,F I,1,96.4
2025-10-29,9:49:01.344915296,T,TGT,F I,19,96.38
2025-10-29,9:49:03.545675232,T,TGT,F I,13,96.35
2025-10-29,9:49:08.557658601,T,TGT,F I,51,96.35
2025-10-29,9:49:16.236133715,T,TGT,I,40,96.335
2025-10-29,9:49:16.236133715,T,TGT,I,35,96.335
2025-10-29,9:49:22.870827813,T,TGT,F,100,96.31
2025-10-29,9:49:22.870827813,T,TGT,F I,10,96.31
2025-10-29,9:49:22.870830745,T,TGT,F I,7,96.3
2025-10-29,9:49:22.871390308,T,TGT,F I,15,96.29
2025-10-29,9:49:22.871390308,T,TGT,F I,1,96.29
2025-10-29,9:49:27.693104188,T,TGT,F I,13,96.285
2025-10-29,9:49:27.693603740,T,TGT,F,266,96.31
2025-10-29,9:49:27.693603740,T,TGT,I,57,96.31
2025-10-29,9:49:27.693606605,T,TGT,F I,75,96.31
2025-10-29,9:49:27.693606605,T,TGT,I,54,96.31
2025-10-29,9:49:27.693615352,T,TGT,,448,96.31
2025-10-29,9:49:27.693615352,T,TGT,,1067,96.31
2025-10-29,9:49:27.693624454,T,TGT,,520,96.31
2025-10-29,9:49:27.693693717,T,TGT,F,100,96.3
2025-10-29,9:49:27.693693717,T,TGT,F,184,96.31
2025-10-29,9:49:27.693699555,T,TGT,F,100,96.31
2025-10-29,9:49:27.693892003,T,TGT,I,75,96.31
2025-10-29,9:49:33.663506767,T,TGT,F I,30,96.33
2025-10-29,9:49:33.664554049,T,TGT,F I,12,96.36
2025-10-29,9:49:33.665019415,T,TGT,I,9,96.36
2025-10-29,9:49:33.665031374,T,TGT,I,6,96.36
2025-10-29,9:49:33.665046430,T,TGT,F I,8,96.36
2025-10-29,9:49:33.665118599,T,TGT,,100,96.36
2025-10-29,9:49:33.665118599,T,TGT,I,47,96.35
2025-10-29,9:49:33.665265971,T,TGT,I,2,96.36
2025-10-29,9:49:33.665265971,T,TGT,I,9,96.36
2025-10-29,9:49:33.665458377,T,TGT,F I,9,96.36
2025-10-29,9:49:33.665705397,T,TGT,,100,96.36
2025-10-29,9:49:33.667620625,T,TGT,I,17,96.38
2025-10-29,9:49:33.667620625,T,TGT,,100,96.38
2025-10-29,9:49:33.667623587,T,TGT,I,40,96.38
2025-10-29,9:49:33.667623587,T,TGT,I,10,96.38
2025-10-29,9:49:33.668255099,T,TGT,F I,15,96.39
2025-10-29,9:49:33.668258112,T,TGT,F I,62,96.39
2025-10-29,9:49:33.669154371,T,TGT,F I,9,96.42
2025-10-29,9:49:33.669157224,T,TGT,F I,60,96.42
2025-10-29,9:49:33.669239165,T,TGT,I,6,96.41
2025-10-29,9:49:33.669239165,T,TGT,I,18,96.41
2025-10-29,9:49:33.670604093,T,TGT,F I,10,96.42
2025-10-29,9:49:33.670604093,T,TGT,F I,7,96.42
2025-10-29,9:49:33.670606738,T,TGT,F I,1,96.42
2025-10-29,9:49:33.782930305,T,TGT,F,100,96.43
2025-10-29,9:49:33.782960441,T,TGT,F I,34,96.44
2025-10-29,9:49:33.782963640,T,TGT,F I,42,96.44
2025-10-29,9:49:33.782963640,T,TGT,F I,10,96.44
2025-10-29,9:49:33.792688563,T,TGT,F I,17,96.44
2025-10-29,9:49:33.792691507,T,TGT,F I,2,96.44
2025-10-29,9:49:35.270273642,T,TGT,F I,5,96.44
2025-10-29,9:49:35.270297756,T,TGT,F I,70,96.44
2025-10-29,9:49:37.837167985,T,TGT,I,75,96.44
2025-10-29,9:49:38.548744174,T,TGT,I,6,96.455
2025-10-29,9:49:48.140785847,T,TGT,I,4,96.455
2025-10-29,9:49:51.353994951,T,TGT,,100,96.43
2025-10-29,9:49:51.354037053,T,TGT,F I,2,96.42
2025-10-29,9:49:51.354076491,T,TGT,F I,40,96.42
2025-10-29,9:49:58.091242929,T,TGT,F I,20,96.43
2025-10-29,9:49:58.091245463,T,TGT,F I,23,96.43
2025-10-29,9:50:02.126405792,T,TGT,F I,42,96.46
2025-10-29,9:50:02.126405792,T,TGT,F I,10,96.46
2025-10-29,9:50:02.126408830,T,TGT,F I,61,96.46
2025-10-29,9:50:02.126408830,T,TGT,F I,1,96.46
2025-10-29,9:50:02.126417710,T,TGT,F I,75,96.46
2025-10-29,9:50:02.126435902,T,TGT,F I,10,96.47
2025-10-29,9:50:02.126439595,T,TGT,F I,40,96.47
2025-10-29,9:50:02.126439595,T,TGT,F I,10,96.47
2025-10-29,9:50:02.126441862,T,TGT,F I,10,96.47
2025-10-29,9:50:02.126453796,T,TGT,,100,96.46
2025-10-29,9:50:02.126631231,T,TGT,,100,96.45
2025-10-29,9:50:02.126715415,T,TGT,F I,5,96.46
2025-10-29,9:50:02.126715415,T,TGT,F,100,96.47
2025-10-29,9:50:02.126748569,T,TGT,F I,40,96.46
2025-10-29,9:50:02.126811723,T,TGT,F I,21,96.47
2025-10-29,9:50:02.126814711,T,TGT,F I,68,96.48
2025-10-29,9:50:02.126817760,T,TGT,F I,77,96.48
2025-10-29,9:50:02.126856786,T,TGT,I,10,96.48
2025-10-29,9:50:02.126955990,T,TGT,I,90,96.48
2025-10-29,9:50:02.126955990,T,TGT,I,5,96.47
2025-10-29,9:50:02.126959041,T,TGT,F I,40,96.48
2025-10-29,9:50:02.127031202,T,TGT,F,100,96.47
2025-10-29,9:50:02.127175520,T,TGT,I,75,96.47
2025-10-29,9:50:02.127289892,T,TGT,F I,28,96.48
2025-10-29,9:50:02.127293272,T,TGT,F I,14,96.48
2025-10-29,9:50:02.127295853,T,TGT,F I,40,96.48
2025-10-29,9:50:02.127343954,T,TGT,I,1,96.49
2025-10-29,9:50:02.127479243,T,TGT,I,20,96.48
2025-10-29,9:50:02.127515327,T,TGT,I,36,96.48
2025-10-29,9:50:02.131060877,T,TGT,F I,10,96.52
2025-10-29,9:50:02.131211210,T,TGT,I,21,96.51
2025-10-29,9:50:02.131214190,T,TGT,,104,96.51
2025-10-29,9:50:02.286381127,T,TGT,F I,21,96.53
2025-10-29,9:50:02.286381127,T,TGT,F I,10,96.53
2025-10-29,9:50:02.286492144,T,TGT,F,100,96.54
2025-10-29,9:50:02.298650296,T,TGT,I,21,96.54
2025-10-29,9:50:02.298653136,T,TGT,I,51,96.54
2025-10-29,9:50:04.421744130,T,TGT,F,100,96.54
2025-10-29,9:50:04.421744130,T,TGT,F I,20,96.54
2025-10-29,9:50:04.421747074,T,TGT,I,75,96.54
2025-10-29,9:50:04.421816314,T,TGT,I,17,96.55
2025-10-29,9:50:04.473145572,T,TGT,I,11,96.55
2025-10-29,9:50:04.477740432,T,TGT,I,37,96.52
2025-10-29,9:50:04.522237471,T,TGT,I,37,96.52
2025-10-29,9:50:04.522264521,T,TGT,I,63,96.52
2025-10-29,9:50:08.716978878,T,TGT,F I,7,96.53
2025-10-29,9:50:08.717499053,T,TGT,F I,72,96.55
2025-10-29,9:50:08.725600368,T,TGT,F I,27,96.57
2025-10-29,9:50:08.725603353,T,TGT,F I,10,96.57
2025-10-29,9:50:12.712240067,T,TGT,I,1,96.61
2025-10-29,9:50:12.797646514,T,TGT,I,14,96.61
2025-10-29,9:50:12.797694599,T,TGT,F I,26,96.61
2025-10-29,9:50:12.798169725,T,TGT,,100,96.6
2025-10-29,9:50:12.798169725,T,TGT,I,20,96.6
2025-10-29,9:50:12.882229004,T,TGT,F I,33,96.6
2025-10-29,9:50:13.566256571,T,TGT,F I,40,96.57
2025-10-29,9:50:13.566761785,T,TGT,F I,40,96.55
2025-10-29,9:50:16.801941144,T,TGT,I,75,96.575
2025-10-29,9:50:18.555511704,T,TGT,I,4,96.58
2025-10-29,9:50:18.555553855,T,TGT,F I,10,96.58
2025-10-29,9:50:22.409815649,T,TGT,F I,5,96.62
2025-10-29,9:50:22.409815649,T,TGT,F I,15,96.62
2025-10-29,9:50:22.409845117,T,TGT,I,20,96.62
2025-10-29,9:50:25.820294013,T,TGT,I,75,96.655
2025-10-29,9:50:25.820321082,T,TGT,I,25,96.655
2025-10-29,9:50:26.407415812,T,TGT,F I,11,96.65
2025-10-29,9:50:26.407418838,T,TGT,F I,12,96.65
2025-10-29,9:50:27.583857506,T,TGT,F I,5,96.66
2025-10-29,9:50:30.909579543,T,TGT,F I,75,96.65
2025-10-29,9:50:30.909618616,T,TGT,F I,25,96.65
2025-10-29,9:50:35.187066041,T,TGT,I,17,96.62
2025-10-29,9:50:35.187069112,T,TGT,I,16,96.62
2025-10-29,9:50:35.187072477,T,TGT,I,15,96.62
2025-10-29,9:50:35.187072477,T,TGT,I,9,96.62
2025-10-29,9:50:35.187087129,T,TGT,I,10,96.62
2025-10-29,9:50:35.187111206,T,TGT,F I,33,96.62
2025-10-29,9:50:36.273025148,T,TGT,F I,17,96.62
2025-10-29,9:50:37.152732353,T,TGT,I,10,96.63
2025-10-29,9:50:37.152732353,T,TGT,I,68,96.63
2025-10-29,9:50:37.841444783,T,TGT,F I,75,96.61
2025-10-29,9:50:37.841580226,T,TGT,F I,25,96.61
2025-10-29,9:50:38.606482347,T,TGT,I,3,96.61
2025-10-29,9:50:41.022410998,T,TGT,I,10,96.61
2025-10-29,9:51:12.018743585,T,TGT,I,21,96.6
2025-10-29,9:51:17.036299416,T,TGT,I,4,96.59
2025-10-29,9:51:17.036446617,T,TGT,I,96,96.59
2025-10-29,9:51:17.036446617,T,TGT,I,10,96.59
2025-10-29,9:51:17.036449702,T,TGT,I,15,96.59
2025-10-29,9:51:17.132089474,T,TGT,I,22,96.58
2025-10-29,9:51:17.132113512,T,TGT,I,50,96.58
2025-10-29,9:51:19.089885671,T,TGT,F I,10,96.6
2025-10-29,9:51:19.089888900,T,TGT,F I,1,96.6
2025-10-29,9:51:19.089891654,T,TGT,F I,17,96.6
2025-10-29,9:51:19.114739904,T,TGT,I,19,96.6
2025-10-29,9:51:20.623710826,T,TGT,I,12,96.58
2025-10-29,9:51:26.736403724,T,TGT,I,10,96.56
2025-10-29,9:51:26.736403724,T,TGT,I,7,96.56
2025-10-29,9:51:29.827494676,T,TGT,F I,50,96.6
2025-10-29,9:51:29.827497632,T,TGT,F I,25,96.6
2025-10-29,9:51:29.827554730,T,TGT,F I,75,96.6
2025-10-29,9:51:34.463789998,T,TGT,I,5,96.6
2025-10-29,9:51:35.174611447,T,TGT,I,32,96.58
2025-10-29,9:51:35.671133333,T,TGT,I,50,96.585
2025-10-29,9:51:41.944664150,T,TGT,F I,18,96.62
2025-10-29,9:51:41.945990245,T,TGT,F I,14,96.62
2025-10-29,9:51:41.946627821,T,TGT,I,19,96.62
2025-10-29,9:51:41.952046755,T,TGT,I,9,96.6
2025-10-29,9:51:46.898088972,T,TGT,I,59,96.59
2025-10-29,9:51:46.898137022,T,TGT,I,5,96.61
2025-10-29,9:51:46.898161164,T,TGT,F I,6,96.61
2025-10-29,9:51:49.899578538,T,TGT,F I,94,96.61
2025-10-29,9:51:49.899581527,T,TGT,F I,10,96.61
2025-10-29,9:51:50.051647838,T,TGT,F I,33,96.63
2025-10-29,9:51:58.026172049,T,TGT,I,4,96.625
2025-10-29,9:52:08.575878157,T,TGT,I,3,96.625
2025-10-29,9:52:18.563993418,T,TGT,I,3,96.625
2025-10-29,9:52:19.601732639,T,TGT,I,18,96.625
2025-10-29,9:52:19.601795801,T,TGT,I,75,96.625
2025-10-29,9:52:27.399532295,T,TGT,F I,5,96.61
2025-10-29,9:52:27.399535165,T,TGT,F I,32,96.61
2025-10-29,9:52:27.399535165,T,TGT,F I,87,96.6
2025-10-29,9:52:27.399564969,T,TGT,F I,13,96.6
2025-10-29,9:52:27.399564969,T,TGT,F I,18,96.6
2025-10-29,9:52:27.400455006,T,TGT,F I,24,96.58
2025-10-29,9:52:27.400764675,T,TGT,F I,6,96.57
2025-10-29,9:52:27.400767666,T,TGT,F I,19,96.57
2025-10-29,9:52:27.403209752,T,TGT,F I,28,96.52
2025-10-29,9:52:27.403468144,T,TGT,F I,64,96.51
2025-10-29,9:52:27.405837796,T,TGT,,200,96.5
2025-10-29,9:52:27.405949015,T,TGT,I,1,96.49
2025-10-29,9:52:27.405952069,T,TGT,I,5,96.49
2025-10-29,9:52:27.405952069,T,TGT,I,37,96.49
2025-10-29,9:52:27.405955049,T,TGT,I,39,96.48
2025-10-29,9:52:27.406436255,T,TGT,F I,22,96.5
2025-10-29,9:52:27.406436255,T,TGT,F I,20,96.5
2025-10-29,9:52:27.406754932,T,TGT,F I,22,96.51
2025-10-29,9:52:27.604316770,T,TGT,F,100,96.51
2025-10-29,9:52:27.604316770,T,TGT,F,400,96.51
2025-10-29,9:52:27.604322634,T,TGT,F I,26,96.51
2025-10-29,9:52:27.604322634,T,TGT,F I,74,96.51
2025-10-29,9:52:27.604326114,T,TGT,F I,27,96.51
2025-10-29,9:52:27.604326114,T,TGT,F,100,96.51
2025-10-29,9:52:27.604328908,T,TGT,F,100,96.51
2025-10-29,9:52:27.604328908,T,TGT,F I,2,96.51
2025-10-29,9:52:27.604374092,T,TGT,F I,15,96.51
2025-10-29,9:52:27.604376753,T,TGT,F,100,96.5
2025-10-29,9:52:27.604380151,T,TGT,F I,5,96.5
2025-10-29,9:52:27.604380151,T,TGT,I,8,96.5
2025-10-29,9:52:27.604383319,T,TGT,I,7,96.5
2025-10-29,9:52:29.698791498,T,TGT,F,961,96.48
2025-10-29,9:52:29.698794463,T,TGT,F I,20,96.48
2025-10-29,9:52:29.698806503,T,TGT,F I,50,96.48
2025-10-29,9:52:29.698845600,T,TGT,I,7,96.5
2025-10-29,9:52:32.135000374,T,TGT,I,16,96.455
2025-10-29,9:52:32.135063500,T,TGT,I,4,96.48
2025-10-29,9:52:32.135087563,T,TGT,I,1,96.48
2025-10-29,9:52:41.196945227,T,TGT,F I,7,96.42
2025-10-29,9:52:41.196972229,T,TGT,F I,28,96.41
2025-10-29,9:52:41.196999317,T,TGT,F I,13,96.41
2025-10-29,9:52:41.197074532,T,TGT,I,59,96.41
2025-10-29,9:52:45.373784944,T,TGT,F I,16,96.43
2025-10-29,9:52:47.702403539,T,TGT,I,21,96.42
2025-10-29,9:52:51.297128650,T,TGT,F I,50,96.43
2025-10-29,9:52:57.413842005,T,TGT,F I,25,96.4
2025-10-29,9:53:14.900847582,T,TGT,F I,2,96.43
2025-10-29,9:53:14.950866142,T,TGT,F I,34,96.47
2025-10-29,9:53:14.950871734,T,TGT,F I,25,96.47
2025-10-29,9:53:24.794925678,T,TGT,F I,10,96.49
2025-10-29,9:53:24.795030947,T,TGT,F,100,96.5
2025-10-29,9:53:24.820360270,T,TGT,F I,27,96.5
2025-10-29,9:53:24.820414513,T,TGT,F I,71,96.505
2025-10-29,9:53:24.820426433,T,TGT,F I,29,96.505
2025-10-29,9:53:24.820429710,T,TGT,F I,50,96.505
2025-10-29,9:53:24.820429710,T,TGT,F I,5,96.51
2025-10-29,9:53:24.820432712,T,TGT,F I,26,96.51
2025-10-29,9:53:24.821196293,T,TGT,F I,48,96.5
2025-10-29,9:53:24.821280557,T,TGT,F I,14,96.52
2025-10-29,9:53:24.821280557,T,TGT,F I,18,96.52
2025-10-29,9:53:24.821376746,T,TGT,I,5,96.51
2025-10-29,9:53:29.104862583,T,TGT,F I,5,96.52
2025-10-29,9:53:29.104862583,T,TGT,F,100,96.52
2025-10-29,9:53:29.104877587,T,TGT,F I,30,96.53
2025-10-29,9:53:29.104880649,T,TGT,F I,40,96.53
2025-10-29,9:53:33.077404566,T,TGT,F I,75,96.54
2025-10-29,9:53:33.077521864,T,TGT,I,25,96.54
2025-10-29,9:53:34.109418210,T,TGT,F I,26,96.55
2025-10-29,9:53:34.109421162,T,TGT,F I,11,96.55
2025-10-29,9:54:07.845884588,T,TGT,F I,75,96.5
2025-10-29,9:54:07.845932691,T,TGT,F I,25,96.5
2025-10-29,9:54:09.694253011,T,TGT,I,40,96.5
2025-10-29,9:54:12.501657233,T,TGT,I,40,96.48
2025-10-29,9:54:14.822583563,T,TGT,I,40,96.5
2025-10-29,9:54:14.822583563,T,TGT,I,20,96.5
2025-10-29,9:54:14.822586589,T,TGT,I,1,96.5
2025-10-29,9:54:14.822589605,T,TGT,I,13,96.5
2025-10-29,9:54:15.038386670,T,TGT,I,1,96.52
2025-10-29,9:54:18.415922260,T,TGT,F I,75,96.52
2025-10-29,9:54:18.415967329,T,TGT,F I,25,96.52
2025-10-29,9:54:22.208837323,T,TGT,I,4,96.525
2025-10-29,9:54:22.208840942,T,TGT,I,50,96.52
2025-10-29,9:54:22.208843388,T,TGT,I,22,96.51
2025-10-29,9:54:25.194401087,T,TGT,F I,22,96.55
2025-10-29,9:54:25.194407314,T,TGT,F I,25,96.55
2025-10-29,9:54:25.194410109,T,TGT,F I,7,96.55
2025-10-29,9:54:25.194479294,T,TGT,F I,13,96.56
2025-10-29,9:54:25.194479294,T,TGT,F I,10,96.56
2025-10-29,9:54:25.194482311,T,TGT,F I,10,96.56
2025-10-29,9:54:25.194984734,T,TGT,F I,28,96.57
2025-10-29,9:54:25.194984734,T,TGT,F I,4,96.57
2025-10-29,9:54:25.197802215,T,TGT,I,25,96.58
2025-10-29,9:54:25.245718318,T,TGT,I,9,96.56
2025-10-29,9:54:25.245751479,T,TGT,I,91,96.56
2025-10-29,9:54:25.245751479,T,TGT,I,20,96.56
2025-10-29,9:54:25.245772483,T,TGT,I,1,96.56
2025-10-29,9:54:25.245775448,T,TGT,I,23,96.56
2025-10-29,9:54:27.434127979,T,TGT,F I,20,96.59
2025-10-29,9:54:27.434127979,T,TGT,F I,20,96.59
2025-10-29,9:54:31.171801492,T,TGT,I,96,96.56
2025-10-29,9:54:46.087549201,T,TGT,I,40,96.53
2025-10-29,9:54:56.479240976,T,TGT,I,21,96.52
2025-10-29,9:55:04.076074372,T,TGT,F I,7,96.48
2025-10-29,9:55:04.076871266,T,TGT,I,18,96.48
2025-10-29,9:55:07.566210241,T,TGT,F I,16,96.5
2025-10-29,9:55:07.566210241,T,TGT,F I,13,96.5
2025-10-29,9:55:07.566213770,T,TGT,F I,11,96.5
2025-10-29,9:55:07.566216132,T,TGT,F I,73,96.5
2025-10-29,9:55:07.567013098,T,TGT,I,75,96.51
2025-10-29,9:55:07.567434057,T,TGT,I,75,96.51
2025-10-29,9:55:07.567458159,T,TGT,F I,25,96.515
2025-10-29,9:55:07.701358077,T,TGT,I,55,96.52
2025-10-29,9:55:10.015695643,T,TGT,F I,4,96.5
2025-10-29,9:55:24.843017697,T,TGT,I,44,96.53
2025-10-29,9:55:27.675408634,T,TGT,F I,28,96.52
2025-10-29,9:55:30.774736415,T,TGT,I,75,96.505
2025-10-29,9:55:30.774790534,T,TGT,I,25,96.505
2025-10-29,9:55:57.543610229,T,TGT,F I,31,96.53
2025-10-29,9:55:57.543612854,T,TGT,F I,50,96.53
2025-10-29,9:55:57.543673431,T,TGT,F I,23,96.54
2025-10-29,9:55:57.543676185,T,TGT,F I,16,96.54
2025-10-29,9:55:57.543676185,T,TGT,F I,20,96.54
2025-10-29,9:55:57.544304509,T,TGT,F I,34,96.56
2025-10-29,9:55:57.544304509,T,TGT,F I,34,96.56
2025-10-29,9:55:57.544430800,T,TGT,F I,23,96.55
2025-10-29,9:55:57.544875847,T,TGT,F I,15,96.55
2025-10-29,9:55:57.545423175,T,TGT,I,16,96.55
2025-10-29,9:55:57.545459255,T,TGT,I,16,96.55
2025-10-29,9:55:57.545838146,T,TGT,F I,22,96.56
2025-10-29,9:55:57.545841174,T,TGT,F I,40,96.56
2025-10-29,9:55:57.565553058,T,TGT,I,24,96.56
2025-10-29,9:55:57.565577214,T,TGT,F,102,96.56
2025-10-29,9:56:32.891645177,T,TGT,F I,29,96.53
2025-10-29,9:56:32.891657197,T,TGT,F I,71,96.53
2025-10-29,9:56:33.089209907,T,TGT,I,17,96.49
2025-10-29,9:56:33.089233975,T,TGT,I,10,96.49
2025-10-29,9:56:34.023084665,T,TGT,I,11,96.48
2025-10-29,9:56:34.065524852,T,TGT,F I,1,96.48
2025-10-29,9:56:34.363032598,T,TGT,I,8,96.48
2025-10-29,9:56:36.136691045,T,TGT,I,7,96.48
2025-10-29,9:56:36.500624151,T,TGT,I,26,96.5
2025-10-29,9:56:51.452548177,T,TGT,F I,23,96.43
2025-10-29,9:56:51.452548177,T,TGT,F I,40,96.43
2025-10-29,9:56:51.452842746,T,TGT,,100,96.44
2025-10-29,9:56:51.452851788,T,TGT,I,40,96.44
2025-10-29,9:56:51.454451610,T,TGT,F,100,96.42
2025-10-29,9:56:51.454451610,T,TGT,F I,19,96.42
2025-10-29,9:56:51.460748579,T,TGT,F I,75,96.42
2025-10-29,9:56:52.222340060,T,TGT,I,80,96.42
2025-10-29,9:56:52.840122923,T,TGT,I,70,96.42
2025-10-29,9:56:52.840126084,T,TGT,I,23,96.43
2025-10-29,9:56:52.840128906,T,TGT,F I,77,96.43
2025-10-29,9:56:52.840131760,T,TGT,F I,20,96.44
2025-10-29,9:56:52.840137818,T,TGT,F I,20,96.44
2025-10-29,9:56:52.840137818,T,TGT,F I,50,96.44
2025-10-29,9:56:52.840261132,T,TGT,F,100,96.44
2025-10-29,9:56:52.840393429,T,TGT,F I,23,96.42
2025-10-29,9:56:52.840460180,T,TGT,I,11,96.44
2025-10-29,9:56:52.840462608,T,TGT,I,23,96.44
2025-10-29,9:56:52.840826517,T,TGT,F,100,96.43
2025-10-29,9:56:52.840826517,T,TGT,F I,37,96.42
2025-10-29,9:56:52.841803809,T,TGT,F I,8,96.43
2025-10-29,9:56:52.842504425,T,TGT,F I,40,96.42
2025-10-29,9:56:52.842811145,T,TGT,F I,23,96.42
2025-10-29,9:57:05.459512717,T,TGT,F I,10,96.44
2025-10-29,9:57:17.912369371,T,TGT,I,1,96.48
2025-10-29,9:57:17.912372440,T,TGT,I,22,96.48
2025-10-29,9:57:17.912372440,T,TGT,I,50,96.48
2025-10-29,9:57:17.912375358,T,TGT,I,1,96.48
2025-10-29,9:57:17.912375358,T,TGT,I,26,96.48
2025-10-29,9:57:17.912390366,T,TGT,F I,24,96.48
2025-10-29,9:57:17.912393420,T,TGT,F I,40,96.48
2025-10-29,9:57:20.854241899,T,TGT,I,10,96.47
2025-10-29,9:57:27.642094246,T,TGT,F I,3,96.51
2025-10-29,9:57:27.642094246,T,TGT,F I,1,96.51
2025-10-29,9:57:27.642096971,T,TGT,F I,23,96.51
2025-10-29,9:57:27.642166666,T,TGT,F I,28,96.52
2025-10-29,9:57:27.642166666,T,TGT,F I,21,96.52
2025-10-29,9:57:27.642184086,T,TGT,I,16,96.52
2025-10-29,9:57:27.642190156,T,TGT,I,7,96.52
2025-10-29,9:57:36.936639756,T,TGT,I,75,96.495
2025-10-29,9:57:46.029663686,T,TGT,I,24,96.49
2025-10-29,9:58:01.375009052,T,TGT,I,6,96.52
2025-10-29,9:58:01.375009052,T,TGT,I,5,96.52
2025-10-29,9:58:01.375012071,T,TGT,I,5,96.52
2025-10-29,9:58:01.375012071,T,TGT,I,3,96.52
2025-10-29,9:58:01.375042163,T,TGT,F I,6,96.52
2025-10-29,9:58:01.375048223,T,TGT,F I,5,96.52
2025-10-29,9:58:01.375051821,T,TGT,F I,1,96.52
2025-10-29,9:58:01.375054198,T,TGT,F I,10,96.53
2025-10-29,9:58:01.375899315,T,TGT,I,7,96.55
2025-10-29,9:58:01.375899315,T,TGT,I,1,96.56
2025-10-29,9:58:01.375902536,T,TGT,I,8,96.56
2025-10-29,9:58:01.375905287,T,TGT,I,7,96.56
2025-10-29,9:58:01.375905287,T,TGT,I,4,96.56
2025-10-29,9:58:01.377595267,T,TGT,F I,11,96.54
2025-10-29,9:58:01.377595267,T,TGT,F I,3,96.54
2025-10-29,9:58:01.482190378,T,TGT,I,1,96.52
2025-10-29,9:58:07.230998828,T,TGT,F I,75,96.525
2025-10-29,9:58:07.231049697,T,TGT,I,25,96.525
2025-10-29,9:58:21.737930947,T,TGT,F I,7,96.56
2025-10-29,9:58:54.687861587,T,TGT,I,5,96.55
2025-10-29,9:58:56.432395728,T,TGT,I,1,96.54
2025-10-29,9:58:57.011560474,T,TGT,F I,50,96.53
2025-10-29,9:58:59.083791485,T,TGT,I,2,96.52
2025-10-29,9:58:59.083794299,T,TGT,I,45,96.52
2025-10-29,9:58:59.268485500,T,TGT,F I,50,96.54
2025-10-29,9:58:59.268488360,T,TGT,I,22,96.54
2025-10-29,9:58:59.268966511,T,TGT,F I,34,96.55
2025-10-29,9:58:59.268966511,T,TGT,F I,5,96.55
2025-10-29,9:58:59.269023625,T,TGT,I,95,96.55
2025-10-29,9:58:59.294208660,T,TGT,F I,33,96.56
2025-10-29,9:59:14.198312508,T,TGT,I,10,96.545
2025-10-29,9:59:18.685341418,T,TGT,F I,56,96.57
2025-10-29,9:59:18.685341418,T,TGT,F I,29,96.57
2025-10-29,9:59:18.685344256,T,TGT,F I,22,96.57
2025-10-29,9:59:18.685347257,T,TGT,F I,2,96.57
2025-10-29,9:59:18.685347257,T,TGT,F I,1,96.57
2025-10-29,9:59:18.799114599,T,TGT,I,10,96.58
2025-10-29,9:59:18.801120254,T,TGT,I,8,96.58
2025-10-29,9:59:18.801120254,T,TGT,I,4,96.58
2025-10-29,9:59:18.802055355,T,TGT,F I,1,96.57
2025-10-29,9:59:18.819881805,T,TGT,I,13,96.6
2025-10-29,9:59:18.819881805,T,TGT,I,23,96.6
2025-10-29,9:59:18.819935864,T,TGT,F I,10,96.6
2025-10-29,9:59:20.675650883,T,TGT,F I,40,96.59
2025-10-29,9:59:38.458919225,T,TGT,F I,31,96.56
2025-10-29,9:59:38.458931175,T,TGT,F,100,96.56
2025-10-29,9:59:38.458931175,T,TGT,F I,2,96.56
2025-10-29,9:59:38.458937335,T,TGT,F I,30,96.56
2025-10-29,9:59:38.459382211,T,TGT,I,10,96.57
2025-10-29,9:59:38.459412259,T,TGT,I,10,96.57
2025-10-29,9:59:38.459415360,T,TGT,I,40,96.57
2025-10-29,9:59:38.459415360,T,TGT,I,53,96.57
2025-10-29,9:59:44.628495351,T,TGT,F I,2,96.51
2025-10-29,9:59:44.628495351,T,TGT,F I,9,96.51
2025-10-29,9:59:44.628498560,T,TGT,F,100,96.51
2025-10-29,9:59:44.628723900,T,TGT,F,100,96.5
2025-10-29,9:59:44.628726856,T,TGT,F I,25,96.5
2025-10-29,9:59:44.628726856,T,TGT,F I,9,96.5
2025-10-29,9:59:44.628778040,T,TGT,F,100,96.5
2025-10-29,9:59:44.972259271,T,TGT,F I,28,96.52
2025-10-29,9:59:44.972262286,T,TGT,F I,10,96.52
2025-10-29,9:59:44.972343441,T,TGT,F I,90,96.53
2025-10-29,9:59:44.972364479,T,TGT,F I,10,96.53
2025-10-29,9:59:44.973390110,T,TGT,I,29,96.54
2025-10-29,9:59:46.804575522,T,TGT,I,40,96.56
2025-10-29,9:59:46.804578560,T,TGT,I,10,96.56
2025-10-29,9:59:54.188008559,T,TGT,I,1,96.55
2025-10-29,9:59:59.635360226,T,TGT,I,33,96.57
2025-10-29,9:59:59.635363200,T,TGT,I,20,96.57
2025-10-29,9:59:59.635366251,T,TGT,I,49,96.57
2025-10-29,9:59:59.635381611,T,TGT,I,1,96.57
2025-10-29,10:00:08.782194375,T,TGT,I,13,96.53
2025-10-29,10:00:10.053208522,T,TGT,F I,20,96.57
2025-10-29,10:00:10.053212204,T,TGT,F I,20,96.57
2025-10-29,10:00:10.053212204,T,TGT,F I,1,96.57
2025-10-29,10:00:10.053217404,T,TGT,F,100,96.57
2025-10-29,10:00:10.053220395,T,TGT,F I,36,96.57
2025-10-29,10:00:10.053223929,T,TGT,F I,5,96.57
2025-10-29,10:00:10.053227104,T,TGT,F I,2,96.57
2025-10-29,10:00:10.053286636,T,TGT,I,13,96.56
2025-10-29,10:00:10.053452071,T,TGT,I,40,96.56
2025-10-29,10:00:10.261003961,T,TGT,I,12,96.57
2025-10-29,10:00:10.261006444,T,TGT,I,21,96.58
2025-10-29,10:00:10.261009419,T,TGT,,100,96.58
2025-10-29,10:00:10.261009419,T,TGT,I,10,96.58
2025-10-29,10:00:10.261063534,T,TGT,I,10,96.56
2025-10-29,10:00:10.261298128,T,TGT,F I,12,96.58
2025-10-29,10:00:10.298620023,T,TGT,I,21,96.58
2025-10-29,10:00:10.298623061,T,TGT,I,10,96.58
2025-10-29,10:00:10.298623061,T,TGT,I,14,96.58
2025-10-29,10:00:10.298641065,T,TGT,F I,8,96.58
2025-10-29,10:00:13.579625575,T,TGT,F I,21,96.59
2025-10-29,10:00:13.579703774,T,TGT,F I,26,96.58
2025-10-29,10:00:13.579712780,T,TGT,I,4,96.58
2025-10-29,10:00:13.580088658,T,TGT,I,19,96.57
2025-10-29,10:00:13.580118783,T,TGT,I,81,96.57
2025-10-29,10:00:13.580723208,T,TGT,,100,96.56
2025-10-29,10:00:13.580732217,T,TGT,,100,96.56
2025-10-29,10:00:17.145421621,T,TGT,I,11,96.55
2025-10-29,10:00:18.708960425,T,TGT,I,4,96.55
2025-10-29,10:00:18.709020565,T,TGT,I,5,96.55
2025-10-29,10:00:18.709047679,T,TGT,I,14,96.55
2025-10-29,10:00:18.709107785,T,TGT,F I,6,96.55
2025-10-29,10:00:18.709128935,T,TGT,F I,94,96.55
2025-10-29,10:00:18.709131905,T,TGT,F I,21,96.55
2025-10-29,10:00:18.709174709,T,TGT,I,40,96.54
2025-10-29,10:00:18.709177019,T,TGT,I,20,96.54
2025-10-29,10:00:19.962484865,T,TGT,F I,38,96.52
2025-10-29,10:00:19.962487774,T,TGT,F,100,96.52
2025-10-29,10:00:19.963209876,T,TGT,F I,5,96.5
2025-10-29,10:00:19.965335584,T,TGT,F I,15,96.49
2025-10-29,10:00:19.971599510,T,TGT,,100,96.49
2025-10-29,10:00:21.353629444,T,TGT,F I,20,96.52
2025-10-29,10:00:21.353629444,T,TGT,F I,11,96.52
2025-10-29,10:00:21.355812293,T,TGT,F I,25,96.53
2025-10-29,10:00:21.356050612,T,TGT,,100,96.52
2025-10-29,10:00:21.356050612,T,TGT,I,22,96.51
2025-10-29,10:00:21.356053327,T,TGT,I,74,96.51
2025-10-29,10:00:21.357550420,T,TGT,F I,24,96.53
2025-10-29,10:00:21.357553385,T,TGT,F I,8,96.53
2025-10-29,10:00:21.357557030,T,TGT,F I,1,96.53
2025-10-29,10:00:21.357557030,T,TGT,F I,40,96.53
2025-10-29,10:00:21.357559704,T,TGT,F I,1,96.53
2025-10-29,10:00:21.357559704,T,TGT,F I,7,96.53
2025-10-29,10:00:21.357562409,T,TGT,F I,22,96.53
2025-10-29,10:00:21.357565453,T,TGT,F I,7,96.53
2025-10-29,10:00:21.357565453,T,TGT,F I,8,96.53
2025-10-29,10:00:21.373124504,T,TGT,,200,96.55
2025-10-29,10:00:24.980233023,T,TGT,F I,75,96.545
2025-10-29,10:00:26.174510052,T,TGT,,250,96.525
2025-10-29,10:00:27.161909696,T,TGT,I,50,96.5
2025-10-29,10:00:27.163262643,T,TGT,I,50,96.5
2025-10-29,10:00:27.166564563,T,TGT,I,69,96.49
2025-10-29,10:00:27.492835833,T,TGT,I,40,96.47
2025-10-29,10:00:27.492835833,T,TGT,I,24,96.47
2025-10-29,10:00:27.492839223,T,TGT,I,6,96.47
2025-10-29,10:00:27.492839223,T,TGT,I,10,96.47
2025-10-29,10:00:27.493145592,T,TGT,I,5,96.46
2025-10-29,10:00:27.493145592,T,TGT,I,5,96.46
2025-10-29,10:00:27.493167521,T,TGT,F,295,96.46
2025-10-29,10:00:27.493301867,T,TGT,F I,12,96.465
2025-10-29,10:00:27.494255838,T,TGT,,400,96.44
2025-10-29,10:00:27.494258914,T,TGT,,100,96.44
2025-10-29,10:00:27.494258914,T,TGT,,100,96.44
2025-10-29,10:00:27.494270267,T,TGT,F I,1,96.46
2025-10-29,10:00:27.494286264,T,TGT,,100,96.45
2025-10-29,10:00:27.494286264,T,TGT,I,27,96.45
2025-10-29,10:00:27.494289090,T,TGT,F I,73,96.45
2025-10-29,10:00:27.494289090,T,TGT,F I,24,96.45
2025-10-29,10:00:27.494294287,T,TGT,F I,2,96.46
2025-10-29,10:00:27.494387498,T,TGT,I,40,96.45
2025-10-29,10:00:27.494435608,T,TGT,I,8,96.45
2025-10-29,10:00:27.494730303,T,TGT,,123,96.45
2025-10-29,10:00:27.494730303,T,TGT,I,3,96.45
2025-10-29,10:00:27.494778632,T,TGT,I,57,96.45
2025-10-29,10:00:27.494841629,T,TGT,,100,96.45
2025-10-29,10:00:27.494841629,T,TGT,I,2,96.45
2025-10-29,10:00:27.496558637,T,TGT,F I,2,96.45
2025-10-29,10:00:27.496561748,T,TGT,F I,9,96.45
2025-10-29,10:00:27.506319974,T,TGT,F,100,96.47
2025-10-29,10:00:37.022084798,T,TGT,I,5,96.45
2025-10-29,10:00:37.022102848,T,TGT,I,18,96.45
2025-10-29,10:00:37.022112083,T,TGT,I,5,96.45
2025-10-29,10:00:37.023146780,T,TGT,F I,2,96.47
2025-10-29,10:00:37.023149321,T,TGT,F I,10,96.47
2025-10-29,10:00:37.023209441,T,TGT,,100,96.47
2025-10-29,10:00:37.023230425,T,TGT,I,1,96.47
2025-10-29,10:00:37.489175566,T,TGT,I,7,96.47
2025-10-29,10:00:37.489178550,T,TGT,I,1,96.47
2025-10-29,10:00:39.051406357,T,TGT,F I,69,96.48
2025-10-29,10:00:39.051427384,T,TGT,I,1,96.48
2025-10-29,10:00:44.388346857,T,TGT,F I,50,96.46
2025-10-29,10:00:46.043841833,T,TGT,I,6,96.44
2025-10-29,10:00:46.043850879,T,TGT,I,6,96.44
2025-10-29,10:00:46.043902003,T,TGT,I,38,96.44
2025-10-29,10:00:46.043904984,T,TGT,I,6,96.46
2025-10-29,10:00:46.043908025,T,TGT,I,6,96.46
2025-10-29,10:00:46.043917085,T,TGT,I,4,96.46
2025-10-29,10:00:46.043917085,T,TGT,I,2,96.46
2025-10-29,10:00:46.043944096,T,TGT,F I,11,96.44
2025-10-29,10:00:46.044121500,T,TGT,F I,6,96.43
2025-10-29,10:00:46.751505757,T,TGT,F I,25,96.41
2025-10-29,10:00:47.044232171,T,TGT,I,14,96.44
2025-10-29,10:00:50.584569554,T,TGT,I,24,96.41
2025-10-29,10:00:50.585018586,T,TGT,F I,97,96.4
2025-10-29,10:00:50.585018586,T,TGT,F I,39,96.4
2025-10-29,10:00:50.585032806,T,TGT,F,253,96.4
2025-10-29,10:00:50.585065776,T,TGT,F,208,96.4
2025-10-29,10:00:50.585071785,T,TGT,F I,24,96.4
2025-10-29,10:00:50.585225190,T,TGT,F I,27,96.39
2025-10-29,10:00:50.585667294,T,TGT,F I,28,96.38
2025-10-29,10:00:50.585667294,T,TGT,F I,1,96.38
2025-10-29,10:00:50.598486787,T,TGT,I,75,96.385
2025-10-29,10:00:58.297774161,T,TGT,F I,33,96.37
2025-10-29,10:00:58.297780184,T,TGT,F,138,96.37
2025-10-29,10:00:58.297783181,T,TGT,F,100,96.37
2025-10-29,10:00:58.298571099,T,TGT,F I,40,96.36
2025-10-29,10:00:58.298571099,T,TGT,F I,5,96.37
2025-10-29,10:00:58.298761332,T,TGT,F I,30,96.37
2025-10-29,10:00:58.298763468,T,TGT,F I,40,96.37
2025-10-29,10:00:58.298766455,T,TGT,F I,49,96.37
2025-10-29,10:00:58.298784610,T,TGT,I,1,96.37
2025-10-29,10:00:58.299031587,T,TGT,I,39,96.37
2025-10-29,10:00:59.214589338,T,TGT,F I,6,96.36
2025-10-29,10:01:04.599659528,T,TGT,F I,1,96.34
2025-10-29,10:01:04.599659528,T,TGT,F I,26,96.34
2025-10-29,10:01:05.460156616,T,TGT,F I,6,96.33
2025-10-29,10:01:05.460159538,T,TGT,F I,26,96.33
2025-10-29,10:01:14.131765440,T,TGT,F I,75,96.3
2025-10-29,10:01:14.470272972,T,TGT,I,16,96.3
2025-10-29,10:01:14.470272972,T,TGT,I,5,96.3
2025-10-29,10:01:15.485620835,T,TGT,F I,1,96.32
2025-10-29,10:01:15.485626889,T,TGT,F I,50,96.32
2025-10-29,10:01:20.611440453,T,TGT,F I,50,96.3
2025-10-29,10:01:20.611467616,T,TGT,F I,70,96.28
2025-10-29,10:01:20.611470515,T,TGT,F I,66,96.28
2025-10-29,10:01:20.611470515,T,TGT,F I,34,96.28
2025-10-29,10:01:20.611473704,T,TGT,F I,24,96.28
2025-10-29,10:01:20.611476795,T,TGT,F I,20,96.28
2025-10-29,10:01:20.611476795,T,TGT,F I,1,96.28
2025-10-29,10:01:20.611479492,T,TGT,F I,1,96.28
2025-10-29,10:01:20.611656941,T,TGT,F I,21,96.28
2025-10-29,10:01:25.775213497,T,TGT,F,100,96.26
2025-10-29,10:01:25.775216521,T,TGT,F I,20,96.26
2025-10-29,10:01:26.737981355,T,TGT,F I,4,96.26
2025-10-29,10:01:26.738883376,T,TGT,F I,16,96.26
2025-10-29,10:01:26.738886983,T,TGT,F I,50,96.26
2025-10-29,10:01:26.738886983,T,TGT,F I,5,96.27
2025-10-29,10:01:26.738892337,T,TGT,F I,10,96.27
2025-10-29,10:01:26.738892337,T,TGT,F I,26,96.27
2025-10-29,10:01:26.738931846,T,TGT,F I,14,96.27
2025-10-29,10:01:26.739235190,T,TGT,F I,11,96.28
2025-10-29,10:01:26.739238181,T,TGT,F I,5,96.28
2025-10-29,10:01:26.739848665,T,TGT,F I,12,96.28
2025-10-29,10:01:26.739872733,T,TGT,F I,17,96.28
2025-10-29,10:01:26.739875699,T,TGT,I,1,96.28
2025-10-29,10:01:26.739881731,T,TGT,I,4,96.28
2025-10-29,10:01:26.741614025,T,TGT,F I,55,96.29
2025-10-29,10:01:26.741614025,T,TGT,F I,28,96.29
2025-10-29,10:01:26.742016839,T,TGT,I,75,96.3
2025-10-29,10:01:26.742061925,T,TGT,F I,25,96.3
2025-10-29,10:01:26.752783273,T,TGT,F I,5,96.29
2025-10-29,10:01:26.752783273,T,TGT,F I,46,96.29
2025-10-29,10:01:26.752785499,T,TGT,F I,2,96.29
2025-10-29,10:01:26.752788501,T,TGT,F I,11,96.29
2025-10-29,10:01:35.909907513,T,TGT,I,1,96.23
2025-10-29,10:01:35.909907513,T,TGT,I,3,96.23
2025-10-29,10:01:35.910559757,T,TGT,I,45,96.23
2025-10-29,10:01:35.910571723,T,TGT,I,10,96.23
2025-10-29,10:01:35.938637734,T,TGT,I,1,96.21
2025-10-29,10:01:35.938685779,T,TGT,F I,1,96.2
2025-10-29,10:01:35.938688797,T,TGT,F I,25,96.2
2025-10-29,10:01:35.938688797,T,TGT,F I,10,96.2
2025-10-29,10:01:35.938914235,T,TGT,F I,4,96.19
2025-10-29,10:01:38.433167522,T,TGT,F I,50,96.16
2025-10-29,10:01:45.464191160,T,TGT,F,200,96.15
2025-10-29,10:01:45.464209007,T,TGT,F I,27,96.15
2025-10-29,10:01:45.464212080,T,TGT,I,1,96.15
2025-10-29,10:01:45.464215151,T,TGT,F,472,96.15
2025-10-29,10:01:45.464218012,T,TGT,F,227,96.15
2025-10-29,10:01:45.662645749,T,TGT,F I,15,96.13
2025-10-29,10:01:47.810293206,T,TGT,F I,1,96.1
2025-10-29,10:01:47.810293206,T,TGT,F I,11,96.1
2025-10-29,10:01:47.810308234,T,TGT,I,30,96.1
2025-10-29,10:01:47.810314231,T,TGT,I,11,96.1
2025-10-29,10:01:51.592464062,T,TGT,I,50,96.095
2025-10-29,10:01:51.592466638,T,TGT,I,20,96.1
2025-10-29,10:01:51.592469700,T,TGT,I,1,96.1
2025-10-29,10:01:51.592487730,T,TGT,F I,39,96.1
2025-10-29,10:01:51.592487730,T,TGT,F I,11,96.1
2025-10-29,10:01:51.592750207,T,TGT,F I,37,96.11
2025-10-29,10:01:51.592752430,T,TGT,F I,10,96.11
2025-10-29,10:02:06.714818751,T,TGT,F I,33,96.08
2025-10-29,10:02:10.063639002,T,TGT,F I,28,96.07
2025-10-29,10:02:10.063639002,T,TGT,F I,10,96.07
2025-10-29,10:02:14.120637221,T,TGT,I,14,96.1
2025-10-29,10:02:18.316939626,T,TGT,F I,16,96.14
2025-10-29,10:02:18.316960297,T,TGT,F I,2,96.14
2025-10-29,10:02:18.324821028,T,TGT,F I,10,96.15
2025-10-29,10:02:18.330077473,T,TGT,I,10,96.16
2025-10-29,10:02:18.330363132,T,TGT,F I,34,96.17
2025-10-29,10:02:18.330366178,T,TGT,F I,40,96.17
2025-10-29,10:02:18.330369221,T,TGT,F I,20,96.17
2025-10-29,10:02:18.330441414,T,TGT,F I,41,96.18
2025-10-29,10:02:18.330687920,T,TGT,F I,8,96.18
2025-10-29,10:02:18.330691214,T,TGT,F I,4,96.18
2025-10-29,10:02:18.330691214,T,TGT,F I,5,96.18
2025-10-29,10:02:18.330973683,T,TGT,I,10,96.19
2025-10-29,10:02:18.330979655,T,TGT,I,10,96.19
2025-10-29,10:02:18.330979655,T,TGT,I,9,96.19
2025-10-29,10:02:18.330988711,T,TGT,I,6,96.19
2025-10-29,10:02:18.331004000,T,TGT,I,9,96.19
2025-10-29,10:02:18.331006678,T,TGT,I,31,96.19
2025-10-29,10:02:18.331785610,T,TGT,F I,1,96.16
2025-10-29,10:02:18.331809628,T,TGT,I,22,96.16
2025-10-29,10:02:18.331809628,T,TGT,I,40,96.16
2025-10-29,10:02:18.331830718,T,TGT,F I,5,96.17
2025-10-29,10:02:18.333998879,T,TGT,,100,96.18
2025-10-29,10:02:18.333998879,T,TGT,I,23,96.18
2025-10-29,10:02:18.836995205,T,TGT,I,5,96.17
2025-10-29,10:03:12.411194000,T,TGT,I,10,96.145
2025-10-29,10:03:29.519399123,T,TGT,I,4,96.18
2025-10-29,10:03:49.926460328,T,TGT,F,100,96.14
2025-10-29,10:03:49.926460328,T,TGT,F I,40,96.14
2025-10-29,10:03:49.926463092,T,TGT,F I,41,96.14
2025-10-29,10:03:49.926484151,T,TGT,F I,28,96.15
2025-10-29,10:03:49.926503269,T,TGT,F I,28,96.16
2025-10-29,10:03:49.926506120,T,TGT,F I,5,96.16
2025-10-29,10:03:49.926508154,T,TGT,F I,10,96.16
2025-10-29,10:03:49.926553310,T,TGT,F I,5,96.17
2025-10-29,10:03:49.926902172,T,TGT,F I,38,96.18
2025-10-29,10:03:49.927040676,T,TGT,F I,3,96.19
2025-10-29,10:03:49.927244949,T,TGT,I,5,96.18
2025-10-29,10:03:49.927275272,T,TGT,I,65,96.18
2025-10-29,10:03:49.927437404,T,TGT,F I,3,96.19
2025-10-29,10:03:49.927458480,T,TGT,F I,2,96.19
2025-10-29,10:03:51.876720287,T,TGT,I,80,96.16
2025-10-29,10:04:03.836110260,T,TGT,I,5,96.2
2025-10-29,10:04:03.836110260,T,TGT,I,33,96.2
2025-10-29,10:04:03.836112982,T,TGT,I,28,96.2
2025-10-29,10:04:03.836116041,T,TGT,I,1,96.2
2025-10-29,10:04:03.836149028,T,TGT,F I,5,96.21
2025-10-29,10:04:03.836149028,T,TGT,F I,29,96.21
2025-10-29,10:04:03.836152059,T,TGT,F I,5,96.21
2025-10-29,10:04:03.836152059,T,TGT,F I,5,96.21
2025-10-29,10:04:03.836161123,T,TGT,F I,13,96.21
2025-10-29,10:04:03.836164076,T,TGT,F I,21,96.21
2025-10-29,10:04:03.836189749,T,TGT,F I,12,96.2
2025-10-29,10:04:03.836738586,T,TGT,F I,10,96.22
2025-10-29,10:04:03.836741692,T,TGT,F I,2,96.22
2025-10-29,10:04:03.836741692,T,TGT,F I,25,96.22
2025-10-29,10:04:03.836744661,T,TGT,F I,2,96.22
2025-10-29,10:04:03.836744661,T,TGT,F I,4,96.22
2025-10-29,10:04:03.836918922,T,TGT,F I,24,96.21
2025-10-29,10:04:04.117655775,T,TGT,I,50,96.2
2025-10-29,10:04:22.263684222,T,TGT,F I,75,96.22
2025-10-29,10:04:22.328121749,T,TGT,F I,1,96.23
2025-10-29,10:04:22.328185011,T,TGT,F I,50,96.24
2025-10-29,10:04:22.328191188,T,TGT,F I,51,96.24
2025-10-29,10:04:22.328193928,T,TGT,F I,10,96.24
2025-10-29,10:04:22.328217988,T,TGT,I,1,96.23
2025-10-29,10:04:22.328217988,T,TGT,F I,5,96.23
2025-10-29,10:04:22.328759232,T,TGT,F I,92,96.24
2025-10-29,10:04:22.421055148,T,TGT,F I,12,96.27
2025-10-29,10:04:22.422745141,T,TGT,I,54,96.27
2025-10-29,10:04:24.213544466,T,TGT,F I,20,96.28
2025-10-29,10:04:37.386673660,T,TGT,F I,4,96.27
2025-10-29,10:05:01.320204025,T,TGT,I,6,96.23
2025-10-29,10:05:01.320209774,T,TGT,I,20,96.23
2025-10-29,10:05:01.320209774,T,TGT,I,68,96.23
2025-10-29,10:05:01.320224325,T,TGT,F I,32,96.23
2025-10-29,10:05:01.320228474,T,TGT,F I,6,96.23
2025-10-29,10:05:01.320230891,T,TGT,F I,92,96.23
2025-10-29,10:05:01.320233880,T,TGT,I,1,96.23
2025-10-29,10:05:01.320236380,T,TGT,F I,7,96.23
2025-10-29,10:05:01.320236380,T,TGT,F I,17,96.23
2025-10-29,10:05:01.320239220,T,TGT,I,9,96.23
2025-10-29,10:05:01.320891829,T,TGT,I,33,96.25
2025-10-29,10:05:01.320891829,T,TGT,I,20,96.25
2025-10-29,10:05:07.196042415,T,TGT,F I,11,96.2
2025-10-29,10:05:07.196049174,T,TGT,F,1989,96.2
2025-10-29,10:05:07.196051948,T,TGT,F I,42,96.2
2025-10-29,10:05:07.196096582,T,TGT,I,59,96.22
2025-10-29,10:05:07.196111587,T,TGT,I,41,96.22
2025-10-29,10:05:07.245017067,T,TGT,I,65,96.19
2025-10-29,10:05:07.245023233,T,TGT,,100,96.18
2025-10-29,10:05:07.245023233,T,TGT,I,52,96.18
2025-10-29,10:05:07.245026140,T,TGT,I,2,96.18
2025-10-29,10:05:07.245059588,T,TGT,I,11,96.18
2025-10-29,10:05:07.245059588,T,TGT,I,11,96.18
2025-10-29,10:05:07.245062672,T,TGT,I,10,96.18
2025-10-29,10:05:07.245065238,T,TGT,I,6,96.18
2025-10-29,10:05:09.638948341,T,TGT,F I,23,96.19
2025-10-29,10:05:09.638958435,T,TGT,I,24,96.19
2025-10-29,10:05:09.639068672,T,TGT,F I,16,96.2
2025-10-29,10:05:09.639086630,T,TGT,I,7,96.2
2025-10-29,10:05:13.521137184,T,TGT,F I,60,96.2
2025-10-29,10:05:14.093572044,T,TGT,F I,1,96.21
2025-10-29,10:05:14.093581083,T,TGT,F I,40,96.21
2025-10-29,10:05:14.093834052,T,TGT,I,10,96.22
2025-10-29,10:05:14.093872732,T,TGT,F I,2,96.22
2025-10-29,10:05:16.910593049,T,TGT,I,1,96.2
2025-10-29,10:05:16.910623381,T,TGT,I,29,96.19
2025-10-29,10:05:17.302919732,T,TGT,F,100,96.12
2025-10-29,10:05:17.302937972,T,TGT,F I,14,96.12
2025-10-29,10:05:17.302940790,T,TGT,I,1,96.12
2025-10-29,10:05:17.302967831,T,TGT,F I,15,96.12
2025-10-29,10:05:17.302970888,T,TGT,F I,70,96.12
2025-10-29,10:05:17.303701609,T,TGT,I,7,96.125
2025-10-29,10:05:41.477698674,T,TGT,F,100,96.1
2025-10-29,10:05:41.477776860,T,TGT,F I,2,96.09
2025-10-29,10:05:41.477779863,T,TGT,F I,10,96.09
2025-10-29,10:05:41.477782826,T,TGT,F I,10,96.09
2025-10-29,10:05:41.478176805,T,TGT,F I,1,96.08
2025-10-29,10:05:41.478200831,T,TGT,F I,4,96.08
2025-10-29,10:05:42.079221759,T,TGT,F I,6,96.04
2025-10-29,10:05:42.080565909,T,TGT,I,95,96.045
2025-10-29,10:05:43.745557667,T,TGT,F,127,96.06
2025-10-29,10:05:43.745561292,T,TGT,F,100,96.07
2025-10-29,10:05:43.745561292,T,TGT,F,127,96.07
2025-10-29,10:05:43.745566581,T,TGT,F,125,96.08
2025-10-29,10:05:43.745566581,T,TGT,F,127,96.08
2025-10-29,10:05:43.745566581,T,TGT,F I,50,96.08
2025-10-29,10:05:43.745572892,T,TGT,F I,10,96.09
2025-10-29,10:05:43.745578524,T,TGT,F I,90,96.09
2025-10-29,10:05:43.745591436,T,TGT,F I,69,96.09
2025-10-29,10:05:43.745593581,T,TGT,F,100,96.09
2025-10-29,10:05:43.745629654,T,TGT,I,50,96.09
2025-10-29,10:05:43.745638726,T,TGT,I,50,96.09
2025-10-29,10:05:43.745753501,T,TGT,I,25,96.09
2025-10-29,10:05:43.745756887,T,TGT,I,25,96.09
2025-10-29,10:05:43.745759653,T,TGT,,100,96.09
2025-10-29,10:05:43.745759653,T,TGT,,100,96.09
2025-10-29,10:05:43.745761922,T,TGT,I,40,96.09
2025-10-29,10:05:43.746111431,T,TGT,I,75,96.09
2025-10-29,10:05:43.746111431,T,TGT,,100,96.09
2025-10-29,10:05:43.746113825,T,TGT,I,75,96.09
2025-10-29,10:05:43.746116929,T,TGT,,372,96.09
2025-10-29,10:05:43.746119795,T,TGT,I,57,96.09
2025-10-29,10:05:43.746119795,T,TGT,I,45,96.09
2025-10-29,10:05:43.746188969,T,TGT,F I,10,96.1
2025-10-29,10:05:43.746191996,T,TGT,F I,5,96.1
2025-10-29,10:05:43.746195505,T,TGT,F I,50,96.1
2025-10-29,10:05:43.746201779,T,TGT,F I,16,96.1
2025-10-29,10:05:43.746292244,T,TGT,I,5,96.09
2025-10-29,10:05:43.746292244,T,TGT,I,75,96.09
2025-10-29,10:05:43.746330328,T,TGT,F I,5,96.1
2025-10-29,10:05:43.746399522,T,TGT,F I,43,96.11
2025-10-29,10:05:43.746673138,T,TGT,F I,35,96.12
2025-10-29,10:05:43.746800063,T,TGT,I,5,96.1
2025-10-29,10:05:43.746802713,T,TGT,I,8,96.1
2025-10-29,10:05:43.746895633,T,TGT,I,22,96.11
2025-10-29,10:05:43.747028034,T,TGT,F I,5,96.12
2025-10-29,10:05:43.747028034,T,TGT,F I,8,96.12
2025-10-29,10:05:43.747039978,T,TGT,F I,1,96.12
2025-10-29,10:05:43.747042983,T,TGT,F I,9,96.12
2025-10-29,10:05:43.747052066,T,TGT,I,1,96.12
2025-10-29,10:05:43.748134659,T,TGT,,100,96.12
2025-10-29,10:05:43.750317801,T,TGT,I,22,96.13
2025-10-29,10:05:56.642192863,T,TGT,F I,18,96.14
2025-10-29,10:05:56.642192863,T,TGT,F I,13,96.14
2025-10-29,10:05:56.642195910,T,TGT,F I,2,96.14
2025-10-29,10:05:56.642538764,T,TGT,F I,6,96.16
2025-10-29,10:05:56.642538764,T,TGT,F I,15,96.16
2025-10-29,10:05:56.642902591,T,TGT,F I,1,96.16
2025-10-29,10:05:56.643034908,T,TGT,F I,23,96.16
2025-10-29,10:05:56.643062009,T,TGT,F I,9,96.17
2025-10-29,10:05:56.643062009,T,TGT,F I,4,96.17
2025-10-29,10:05:56.643066100,T,TGT,F I,25,96.17
2025-10-29,10:05:56.643066100,T,TGT,F I,3,96.17
2025-10-29,10:05:56.643068131,T,TGT,F I,1,96.17
2025-10-29,10:05:56.643068131,T,TGT,F I,10,96.17
2025-10-29,10:05:56.645576175,T,TGT,I,1,96.18
2025-10-29,10:05:56.645576175,T,TGT,I,34,96.18
2025-10-29,10:05:56.645576175,T,TGT,I,72,96.18
2025-10-29,10:05:56.645663426,T,TGT,I,34,96.19
2025-10-29,10:05:56.645663426,T,TGT,I,1,96.19
2025-10-29,10:05:56.645666189,T,TGT,I,65,96.19
2025-10-29,10:05:58.762793816,T,TGT,I,8,96.175
2025-10-29,10:06:00.229625233,T,TGT,I,75,96.175
2025-10-29,10:06:05.576348316,T,TGT,F,100,96.2
2025-10-29,10:06:05.576348316,T,TGT,F I,1,96.2
2025-10-29,10:06:05.576351136,T,TGT,F I,54,96.2
2025-10-29,10:06:05.576351136,T,TGT,F I,10,96.2
2025-10-29,10:06:05.576402204,T,TGT,F I,4,96.21
2025-10-29,10:06:05.576607060,T,TGT,F I,4,96.22
2025-10-29,10:06:05.576607060,T,TGT,F I,33,96.22
2025-10-29,10:06:05.576826189,T,TGT,I,75,96.22
2025-10-29,10:06:05.576838231,T,TGT,F I,25,96.22
2025-10-29,10:06:05.577112045,T,TGT,I,1,96.22
2025-10-29,10:06:07.223639497,T,TGT,I,4,96.24
2025-10-29,10:06:07.230715377,T,TGT,I,75,96.22
2025-10-29,10:06:10.578149243,T,TGT,I,25,96.21
2025-10-29,10:06:10.915874838,T,TGT,I,25,96.2
2025-10-29,10:06:10.968145330,T,TGT,I,2,96.19
2025-10-29,10:06:11.103380678,T,TGT,,127,96.18
2025-10-29,10:06:11.103380678,T,TGT,I,7,96.18
2025-10-29,10:06:23.487463249,T,TGT,I,75,96.19
2025-10-29,10:06:23.487463249,T,TGT,I,38,96.18
2025-10-29,10:06:29.654799141,T,TGT,I,8,96.215
2025-10-29,10:06:33.583671579,T,TGT,I,50,96.22
2025-10-29,10:06:33.583671579,T,TGT,I,18,96.23
2025-10-29,10:06:35.944325121,T,TGT,I,16,96.215
2025-10-29,10:06:39.960735543,T,TGT,I,73,96.19
2025-10-29,10:06:39.960757108,T,TGT,I,27,96.19
2025-10-29,10:06:39.960757108,T,TGT,I,73,96.19
2025-10-29,10:06:39.960759585,T,TGT,I,1,96.19
2025-10-29,10:06:39.960762635,T,TGT,F I,26,96.19
2025-10-29,10:06:44.577201758,T,TGT,I,10,96.2
2025-10-29,10:06:54.167923297,T,TGT,I,11,96.2
2025-10-29,10:07:06.069301644,T,TGT,I,2,96.175
2025-10-29,10:07:08.017556357,T,TGT,F I,1,96.2
2025-10-29,10:07:08.017556357,T,TGT,F I,63,96.2
2025-10-29,10:07:10.357487537,T,TGT,F I,20,96.22
2025-10-29,10:07:10.368842669,T,TGT,I,10,96.24
2025-10-29,10:07:10.368980974,T,TGT,,100,96.23
2025-10-29,10:07:10.368999934,T,TGT,I,1,96.23
2025-10-29,10:07:10.368999934,T,TGT,I,99,96.23
2025-10-29,10:07:10.369002059,T,TGT,I,1,96.23
2025-10-29,10:07:10.369044166,T,TGT,I,41,96.22
2025-10-29,10:07:10.369044166,T,TGT,I,10,96.22
2025-10-29,10:07:10.369134447,T,TGT,F I,5,96.23
2025-10-29,10:07:10.369239656,T,TGT,I,5,96.22
2025-10-29,10:07:10.369239656,T,TGT,I,30,96.22
2025-10-29,10:07:10.369362997,T,TGT,I,10,96.23
2025-10-29,10:07:10.369362997,T,TGT,I,23,96.22
2025-10-29,10:07:10.369459339,T,TGT,I,26,96.22
2025-10-29,10:07:10.369477441,T,TGT,F I,2,96.23
2025-10-29,10:07:10.369480135,T,TGT,F I,10,96.23
2025-10-29,10:07:10.369537296,T,TGT,,100,96.23
2025-10-29,10:07:10.369726722,T,TGT,I,3,96.23
2025-10-29,10:07:10.389216191,T,TGT,I,3,96.23
2025-10-29,10:07:10.389216191,T,TGT,I,1,96.23
2025-10-29,10:07:10.414999648,T,TGT,I,16,96.24
2025-10-29,10:07:14.179021898,T,TGT,F I,84,96.24
2025-10-29,10:07:16.039301685,T,TGT,I,7,96.25
2025-10-29,10:07:16.039325788,T,TGT,F I,3,96.25
2025-10-29,10:07:16.039328886,T,TGT,F,200,96.25
2025-10-29,10:07:16.039328886,T,TGT,F I,1,96.25
2025-10-29,10:07:16.039331806,T,TGT,F I,20,96.25
2025-10-29,10:07:20.199235260,T,TGT,I,9,96.26
2025-10-29,10:07:21.379835808,T,TGT,I,10,96.27
2025-10-29,10:07:27.236522970,T,TGT,F I,1,96.28
2025-10-29,10:07:27.236522970,T,TGT,F I,10,96.28
2025-10-29,10:07:27.236528705,T,TGT,F I,50,96.28
2025-10-29,10:07:27.236528705,T,TGT,F I,33,96.28
2025-10-29,10:07:27.236531689,T,TGT,F I,10,96.28
2025-10-29,10:07:40.414851587,T,TGT,F I,12,96.3
2025-10-29,10:07:40.414854162,T,TGT,F I,2,96.3
2025-10-29,10:07:49.425256083,T,TGT,F I,30,96.3
2025-10-29,10:07:49.428891739,T,TGT,,100,96.33
2025-10-29,10:07:49.428891739,T,TGT,I,10,96.33
2025-10-29,10:07:50.666035920,T,TGT,,100,96.33
2025-10-29,10:07:58.829599482,T,TGT,I,7,96.325
2025-10-29,10:08:03.529457200,T,TGT,F,100,96.3
2025-10-29,10:08:03.529457200,T,TGT,F I,10,96.3
2025-10-29,10:08:03.535309077,T,TGT,I,10,96.31
2025-10-29,10:08:03.535309077,T,TGT,I,10,96.31
2025-10-29,10:08:03.535312073,T,TGT,I,36,96.31
2025-10-29,10:08:06.835004126,T,TGT,I,1,96.26
2025-10-29,10:08:12.650041760,T,TGT,F I,50,96.32
2025-10-29,10:08:12.650547026,T,TGT,F I,2,96.34
2025-10-29,10:08:12.650550301,T,TGT,F I,20,96.34
2025-10-29,10:08:12.650550301,T,TGT,F I,15,96.34
2025-10-29,10:08:12.650552895,T,TGT,F I,10,96.34
2025-10-29,10:08:12.650646165,T,TGT,F I,52,96.35
2025-10-29,10:08:12.650646165,T,TGT,F I,32,96.35
2025-10-29,10:08:12.650649218,T,TGT,F I,5,96.35
2025-10-29,10:08:12.651241568,T,TGT,F I,3,96.36
2025-10-29,10:08:12.651244638,T,TGT,F I,36,96.36
2025-10-29,10:08:12.651548283,T,TGT,,100,96.36
2025-10-29,10:08:12.659628613,T,TGT,F I,22,96.37
2025-10-29,10:08:12.660368343,T,TGT,I,5,96.37
2025-10-29,10:08:12.909896829,T,TGT,F I,3,96.38
2025-10-29,10:08:13.040374667,T,TGT,I,39,96.37
2025-10-29,10:08:16.606735989,T,TGT,F I,57,96.39
2025-10-29,10:08:16.670256591,T,TGT,I,13,96.42
2025-10-29,10:08:16.670259359,T,TGT,I,10,96.42
2025-10-29,10:08:17.480001395,T,TGT,F,126,96.44
2025-10-29,10:08:17.480019662,T,TGT,F I,74,96.44
2025-10-29,10:08:17.480022427,T,TGT,F I,34,96.44
2025-10-29,10:08:31.370432835,T,TGT,,100,96.42
2025-10-29,10:08:31.370730527,T,TGT,,100,96.41
2025-10-29,10:08:31.370850779,T,TGT,,100,96.41
2025-10-29,10:08:31.371852187,T,TGT,I,35,96.42
2025-10-29,10:08:31.372357315,T,TGT,F I,60,96.4
2025-10-29,10:08:31.372357315,T,TGT,F I,5,96.39
2025-10-29,10:08:31.372496322,T,TGT,I,5,96.42
2025-10-29,10:08:31.372498750,T,TGT,I,10,96.42
2025-10-29,10:08:31.372958832,T,TGT,F I,22,96.4
2025-10-29,10:08:31.372964842,T,TGT,F I,18,96.4
2025-10-29,10:08:33.931381741,T,TGT,F,100,96.35
2025-10-29,10:08:33.931385239,T,TGT,F I,20,96.35
2025-10-29,10:08:33.931451012,T,TGT,F I,44,96.34
2025-10-29,10:08:33.931454027,T,TGT,F I,20,96.34
2025-10-29,10:08:34.032834459,T,TGT,,100,96.345
2025-10-29,10:08:34.899911432,T,TGT,I,75,96.345
2025-10-29,10:08:35.734218839,T,TGT,I,11,96.35
2025-10-29,10:08:35.734227908,T,TGT,I,11,96.35
2025-10-29,10:08:41.633237523,T,TGT,I,75,96.36
2025-10-29,10:08:41.633261598,T,TGT,I,1,96.36
2025-10-29,10:08:41.633261598,T,TGT,I,1,96.36
2025-10-29,10:08:41.633267627,T,TGT,F I,3,96.36
2025-10-29,10:08:41.634428290,T,TGT,,100,96.36
2025-10-29,10:08:41.634449339,T,TGT,I,1,96.36
2025-10-29,10:08:48.026453395,T,TGT,I,88,96.32
2025-10-29,10:08:48.026471771,T,TGT,I,1,96.32
2025-10-29,10:08:48.026471771,T,TGT,I,1,96.32
2025-10-29,10:08:48.026480543,T,TGT,I,4,96.32
2025-10-29,10:08:48.026483533,T,TGT,I,3,96.32
2025-10-29,10:08:48.026489533,T,TGT,I,3,96.32
2025-10-29,10:08:48.674446160,T,TGT,F I,2,96.31
2025-10-29,10:08:48.720864812,T,TGT,F I,1,96.31
2025-10-29,10:08:48.720885837,T,TGT,I,1,96.31
2025-10-29,10:08:48.720915892,T,TGT,I,8,96.31
2025-10-29,10:08:48.720918966,T,TGT,I,7,96.31
2025-10-29,10:08:48.720922574,T,TGT,I,7,96.31
2025-10-29,10:08:48.720924929,T,TGT,I,4,96.31
2025-10-29,10:08:49.615790802,T,TGT,I,15,96.31
2025-10-29,10:08:49.616244866,T,TGT,,100,96.31
2025-10-29,10:08:49.616263559,T,TGT,I,1,96.31
2025-10-29,10:08:49.616269011,T,TGT,F I,29,96.31
2025-10-29,10:09:00.390751647,T,TGT,I,75,96.285
2025-10-29,10:09:00.394095630,T,TGT,I,14,96.285
2025-10-29,10:09:11.594170327,T,TGT,F I,80,96.27
2025-10-29,10:09:21.357100195,T,TGT,I,10,96.26
2025-10-29,10:09:21.360161512,T,TGT,I,5,96.26
2025-10-29,10:09:32.330079665,T,TGT,I,10,96.26
2025-10-29,10:09:34.380412281,T,TGT,F I,28,96.27
2025-10-29,10:09:34.380461335,T,TGT,I,1,96.28
2025-10-29,10:09:34.380461335,T,TGT,I,20,96.28
2025-10-29,10:09:34.380466574,T,TGT,I,60,96.28
2025-10-29,10:09:34.380469433,T,TGT,I,16,96.28
2025-10-29,10:09:34.380484565,T,TGT,F I,34,96.28
2025-10-29,10:09:34.380899506,T,TGT,I,49,96.28
2025-10-29,10:09:34.380908547,T,TGT,I,51,96.28
2025-10-29,10:09:34.381536997,T,TGT,I,12,96.29
2025-10-29,10:09:34.382288805,T,TGT,F,100,96.31
2025-10-29,10:09:34.382291769,T,TGT,F,100,96.31
2025-10-29,10:09:35.051469984,T,TGT,I,44,96.3
2025-10-29,10:09:37.632389719,T,TGT,F I,4,96.35
2025-10-29,10:09:49.521209898,T,TGT,,127,96.3
2025-10-29,10:09:54.681329268,T,TGT,I,3,96.285
2025-10-29,10:09:58.807209604,T,TGT,I,27,96.26
