DATE,TIME_M,EX,SYM_ROOT,TR_SCOND,SIZE,PRICE
2025-12-01,9:30:02.016839234,T,TGT,I,1,90.48
2025-12-01,9:30:02.016848165,T,TGT,Q,1,90.48
2025-12-01,9:30:02.490170173,T,TGT,F,100,90.46
2025-12-01,9:30:02.490170173,T,TGT,F I,67,90.48
2025-12-01,9:30:02.490187834,T,TGT,I,1,90.48
2025-12-01,9:30:03.097009573,T,TGT,I,1,90.41
2025-12-01,9:30:03.269822280,T,TGT,I,50,90.44
2025-12-01,9:30:03.269888438,T,TGT,,100,90.44
2025-12-01,9:30:03.269891471,T,TGT,,150,90.44
2025-12-01,9:30:03.475364946,T,TGT,I,3,90.48
2025-12-01,9:30:03.480176426,T,TGT,I,3,90.48
2025-12-01,9:30:03.517702837,T,TGT,I,3,90.48
2025-12-01,9:30:06.043946308,T,TGT,I,1,90.44
2025-12-01,9:30:06.698299396,T,TGT,I,1,90.44
2025-12-01,9:30:06.932007117,T,TGT,I,1,90.44
2025-12-01,9:30:09.367007229,T,TGT,,100,90.43
2025-12-01,9:30:18.312878800,T,TGT,I,75,90.435
2025-12-01,9:30:23.109585481,T,TGT,F I,6,90.37
2025-12-01,9:30:23.109591455,T,TGT,F I,2,90.37
2025-12-01,9:30:23.109600457,T,TGT,I,92,90.37
2025-12-01,9:30:23.109606492,T,TGT,,100,90.37
2025-12-01,9:30:23.109606492,T,TGT,I,2,90.37
2025-12-01,9:30:23.109606492,T,TGT,,100,90.37
2025-12-01,9:30:23.110613953,T,TGT,F I,76,90.34
2025-12-01,9:30:23.111185318,T,TGT,I,4,90.34
2025-12-01,9:30:23.111473983,T,TGT,F,100,90.31
2025-12-01,9:30:23.111516056,T,TGT,F I,1,90.3
2025-12-01,9:30:23.111627309,T,TGT,F I,99,90.31
2025-12-01,9:30:23.111630323,T,TGT,F I,1,90.31
2025-12-01,9:30:23.111756582,T,TGT,F I,30,90.29
2025-12-01,9:30:26.919205463,T,TGT,I,50,90.355
2025-12-01,9:30:28.902457413,T,TGT,F I,44,90.36
2025-12-01,9:30:38.627088289,T,TGT,I,50,90.415
2025-12-01,9:30:38.693480457,T,TGT,,100,90.37
2025-12-01,9:30:38.693483510,T,TGT,I,8,90.36
2025-12-01,9:30:38.693528737,T,TGT,I,92,90.36
2025-12-01,9:30:38.693531685,T,TGT,,200,90.36
2025-12-01,9:30:38.693534570,T,TGT,,100,90.36
2025-12-01,9:30:52.601492081,T,TGT,F I,25,90.31
2025-12-01,9:30:52.639340240,T,TGT,I,24,90.23
2025-12-01,9:30:52.639340240,T,TGT,I,90,90.23
2025-12-01,9:30:52.682318632,T,TGT,F I,1,90.21
2025-12-01,9:30:52.697742414,T,TGT,F I,1,90.21
2025-12-01,9:30:52.722834195,T,TGT,F I,1,90.22
2025-12-01,9:30:52.737052081,T,TGT,F I,1,90.225
2025-12-01,9:30:52.748034162,T,TGT,F I,1,90.22
2025-12-01,9:30:52.760417705,T,TGT,F I,1,90.23
2025-12-01,9:30:52.771658433,T,TGT,F I,1,90.21
2025-12-01,9:30:52.782752073,T,TGT,F I,1,90.21
2025-12-01,9:30:52.792904264,T,TGT,F I,1,90.21
2025-12-01,9:30:52.814624853,T,TGT,F I,1,90.21
2025-12-01,9:30:52.843286169,T,TGT,F I,1,90.21
2025-12-01,9:30:52.870088975,T,TGT,F I,1,90.21
2025-12-01,9:30:52.888065824,T,TGT,F I,1,90.21
2025-12-01,9:30:52.902620549,T,TGT,F I,1,90.21
2025-12-01,9:30:52.916736068,T,TGT,F I,1,90.21
2025-12-01,9:30:52.940222031,T,TGT,F I,1,90.21
2025-12-01,9:30:52.953453672,T,TGT,F I,1,90.21
2025-12-01,9:30:52.965743816,T,TGT,F I,1,90.2
2025-12-01,9:30:52.973803095,T,TGT,F I,1,90.18
2025-12-01,9:31:02.883323492,T,TGT,I,1,90.17
2025-12-01,9:31:02.884917295,T,TGT,I,2,90.22
2025-12-01,9:31:02.884953584,T,TGT,F I,6,90.22
2025-12-01,9:31:02.884956863,T,TGT,F I,6,90.22
2025-12-01,9:31:02.884960351,T,TGT,F I,2,90.22
2025-12-01,9:31:02.885232985,T,TGT,I,11,90.19
2025-12-01,9:31:02.885356768,T,TGT,I,30,90.19
2025-12-01,9:31:02.885359916,T,TGT,I,2,90.17
2025-12-01,9:31:02.885359916,T,TGT,I,9,90.17
2025-12-01,9:31:02.885362314,T,TGT,I,4,90.17
2025-12-01,9:31:02.885389820,T,TGT,I,7,90.17
2025-12-01,9:31:02.885389820,T,TGT,I,6,90.17
2025-12-01,9:31:02.885392417,T,TGT,I,4,90.17
2025-12-01,9:31:02.923024117,T,TGT,I,4,90.22
2025-12-01,9:31:02.923403012,T,TGT,I,26,90.17
2025-12-01,9:31:02.923469163,T,TGT,F I,4,90.21
2025-12-01,9:31:07.905997560,T,TGT,F I,25,90.25
2025-12-01,9:31:07.905997560,T,TGT,F I,11,90.26
2025-12-01,9:31:07.906000463,T,TGT,F I,98,90.28
2025-12-01,9:31:07.906003533,T,TGT,F I,17,90.28
2025-12-01,9:31:07.906003533,T,TGT,F I,10,90.28
2025-12-01,9:31:07.906974942,T,TGT,F I,1,90.33
2025-12-01,9:31:07.906974942,T,TGT,F I,99,90.33
2025-12-01,9:31:07.906980799,T,TGT,F,100,90.33
2025-12-01,9:31:07.907025927,T,TGT,,100,90.3
2025-12-01,9:31:07.907065010,T,TGT,F I,17,90.38
2025-12-01,9:31:07.907065010,T,TGT,F,200,90.38
2025-12-01,9:31:07.907149370,T,TGT,F,100,90.38
2025-12-01,9:31:07.907203331,T,TGT,I,4,90.33
2025-12-01,9:31:07.907203331,T,TGT,I,19,90.32
2025-12-01,9:31:07.907242429,T,TGT,F I,50,90.38
2025-12-01,9:31:07.907338699,T,TGT,F I,50,90.38
2025-12-01,9:31:07.907374830,T,TGT,I,18,90.32
2025-12-01,9:31:07.907642473,T,TGT,I,3,90.38
2025-12-01,9:31:07.907642473,T,TGT,I,4,90.38
2025-12-01,9:31:07.934890462,T,TGT,F I,20,90.5
2025-12-01,9:31:16.214332278,T,TGT,I,18,90.51
2025-12-01,9:31:16.214789382,T,TGT,F I,18,90.5
2025-12-01,9:31:18.384440598,T,TGT,F I,25,90.45
2025-12-01,9:31:32.741863530,T,TGT,F I,75,90.59
2025-12-01,9:31:32.741867371,T,TGT,F I,25,90.59
2025-12-01,9:31:32.741869500,T,TGT,F I,75,90.59
2025-12-01,9:31:32.741869500,T,TGT,F I,50,90.59
2025-12-01,9:31:32.741908592,T,TGT,F I,18,90.6
2025-12-01,9:31:32.741908592,T,TGT,F I,50,90.6
2025-12-01,9:31:32.741911689,T,TGT,F I,50,90.6
2025-12-01,9:31:32.741911689,T,TGT,F I,30,90.6
2025-12-01,9:31:32.741957161,T,TGT,F I,77,90.61
2025-12-01,9:31:32.742206338,T,TGT,F I,26,90.58
2025-12-01,9:31:32.742236482,T,TGT,I,1,90.58
2025-12-01,9:31:32.742254457,T,TGT,F I,26,90.59
2025-12-01,9:31:32.742261293,T,TGT,F I,53,90.59
2025-12-01,9:31:32.742263401,T,TGT,F I,47,90.575
2025-12-01,9:31:32.742275547,T,TGT,I,26,90.58
2025-12-01,9:31:32.742296558,T,TGT,F I,74,90.58
2025-12-01,9:31:32.742882959,T,TGT,I,24,90.64
2025-12-01,9:31:32.743169176,T,TGT,I,1,90.65
2025-12-01,9:31:32.743171957,T,TGT,I,3,90.65
2025-12-01,9:31:32.743175079,T,TGT,I,5,90.65
2025-12-01,9:31:32.743175079,T,TGT,I,3,90.65
2025-12-01,9:31:32.743177697,T,TGT,I,3,90.65
2025-12-01,9:31:32.743177697,T,TGT,I,1,90.65
2025-12-01,9:31:32.743228718,T,TGT,F I,15,90.67
2025-12-01,9:31:32.743243833,T,TGT,F,285,90.67
2025-12-01,9:31:32.743346847,T,TGT,F,100,90.65
2025-12-01,9:31:32.743346847,T,TGT,F I,26,90.64
2025-12-01,9:31:32.743376157,T,TGT,F,200,90.64
2025-12-01,9:31:32.743394114,T,TGT,I,1,90.64
2025-12-01,9:31:32.743403214,T,TGT,F I,50,90.64
2025-12-01,9:31:32.743786154,T,TGT,F I,2,90.67
2025-12-01,9:31:32.743788223,T,TGT,F,100,90.67
2025-12-01,9:31:32.743791110,T,TGT,F,100,90.67
2025-12-01,9:31:32.743791110,T,TGT,F,100,90.67
2025-12-01,9:31:32.770921755,T,TGT,I,16,90.66
2025-12-01,9:31:32.770933705,T,TGT,I,16,90.66
2025-12-01,9:31:32.771201363,T,TGT,F I,50,90.66
2025-12-01,9:31:32.771246657,T,TGT,F I,50,90.66
2025-12-01,9:31:32.771249475,T,TGT,F I,16,90.66
2025-12-01,9:31:32.771282642,T,TGT,F I,16,90.66
2025-12-01,9:31:32.771312692,T,TGT,F I,16,90.66
2025-12-01,9:31:32.771315631,T,TGT,F I,50,90.66
2025-12-01,9:31:32.771333695,T,TGT,I,16,90.66
2025-12-01,9:31:32.771345735,T,TGT,F I,4,90.66
2025-12-01,9:31:32.771345735,T,TGT,F I,12,90.65
2025-12-01,9:31:32.771366768,T,TGT,F I,4,90.65
2025-12-01,9:31:33.021710254,T,TGT,,100,90.65
2025-12-01,9:31:33.745366214,T,TGT,I,20,90.7
2025-12-01,9:31:33.745366214,T,TGT,I,5,90.7
2025-12-01,9:31:34.532701950,T,TGT,I,50,90.695
2025-12-01,9:31:34.532756067,T,TGT,F I,50,90.695
2025-12-01,9:31:34.532795184,T,TGT,I,50,90.695
2025-12-01,9:31:34.532831322,T,TGT,I,50,90.695
2025-12-01,9:31:34.618051353,T,TGT,I,5,90.72
2025-12-01,9:31:34.618282905,T,TGT,F I,3,90.75
2025-12-01,9:31:34.618872297,T,TGT,F,200,90.78
2025-12-01,9:31:34.619606053,T,TGT,I,5,90.77
2025-12-01,9:31:34.619642486,T,TGT,I,95,90.77
2025-12-01,9:31:34.619645094,T,TGT,,100,90.76
2025-12-01,9:31:34.653623032,T,TGT,I,2,90.74
2025-12-01,9:31:45.536550478,T,TGT,F I,50,90.68
2025-12-01,9:31:52.556935059,T,TGT,F,157,90.73
2025-12-01,9:31:52.556937805,T,TGT,F,100,90.73
2025-12-01,9:31:52.556940842,T,TGT,F,100,90.73
2025-12-01,9:31:52.556943898,T,TGT,F,200,90.73
2025-12-01,9:31:54.460364571,T,TGT,F I,50,90.77
2025-12-01,9:32:00.927337472,T,TGT,,100,90.755
2025-12-01,9:32:01.540161427,T,TGT,,100,90.755
2025-12-01,9:32:01.542555268,T,TGT,I,75,90.73
2025-12-01,9:32:01.542555268,T,TGT,I,50,90.72
2025-12-01,9:32:01.542558151,T,TGT,I,25,90.72
2025-12-01,9:32:01.542579252,T,TGT,I,1,90.72
2025-12-01,9:32:01.542585231,T,TGT,F I,74,90.72
2025-12-01,9:32:01.542657485,T,TGT,,100,90.72
2025-12-01,9:32:01.551435430,T,TGT,I,66,90.71
2025-12-01,9:32:01.551706022,T,TGT,F I,34,90.71
2025-12-01,9:32:01.551769111,T,TGT,I,36,90.73
2025-12-01,9:32:01.551772162,T,TGT,I,64,90.74
2025-12-01,9:32:01.552298484,T,TGT,I,36,90.74
2025-12-01,9:32:03.150377708,T,TGT,I,25,90.73
2025-12-01,9:32:03.150377708,T,TGT,I,86,90.72
2025-12-01,9:32:03.150399072,T,TGT,I,2,90.72
2025-12-01,9:32:03.150399072,T,TGT,I,50,90.72
2025-12-01,9:32:03.150404788,T,TGT,,100,90.72
2025-12-01,9:32:03.150404788,T,TGT,I,2,90.72
2025-12-01,9:32:03.161675635,T,TGT,I,50,90.695
2025-12-01,9:32:05.096337785,T,TGT,I,50,90.67
2025-12-01,9:32:19.160120216,T,TGT,F I,2,90.72
2025-12-01,9:32:20.233530574,T,TGT,F I,25,90.73
2025-12-01,9:32:24.153095560,T,TGT,I,75,90.67
2025-12-01,9:32:24.153095560,T,TGT,I,25,90.67
2025-12-01,9:32:24.422435275,T,TGT,I,75,90.66
2025-12-01,9:32:24.432551356,T,TGT,I,66,90.64
2025-12-01,9:32:25.609155526,T,TGT,F I,25,90.7
2025-12-01,9:32:36.107012546,T,TGT,F I,50,90.64
2025-12-01,9:32:36.107075689,T,TGT,F I,25,90.64
2025-12-01,9:32:54.536623479,T,TGT,I,3,90.63
2025-12-01,9:32:54.536626357,T,TGT,I,20,90.63
2025-12-01,9:32:54.666680604,T,TGT,,109,90.68
2025-12-01,9:33:02.021518357,T,TGT,F I,30,90.68
2025-12-01,9:33:02.021539414,T,TGT,F I,30,90.68
2025-12-01,9:33:02.021548687,T,TGT,F I,31,90.68
2025-12-01,9:33:02.021551429,T,TGT,F I,9,90.68
2025-12-01,9:33:02.021551429,T,TGT,F I,22,90.69
2025-12-01,9:33:02.021626600,T,TGT,F I,8,90.69
2025-12-01,9:33:02.021674831,T,TGT,F I,18,90.7
2025-12-01,9:33:02.021728848,T,TGT,F I,13,90.7
2025-12-01,9:33:02.022068670,T,TGT,F I,32,90.7
2025-12-01,9:33:02.022158901,T,TGT,I,72,90.7
2025-12-01,9:33:02.022432568,T,TGT,I,32,90.7
2025-12-01,9:33:02.022453572,T,TGT,F I,5,90.7
2025-12-01,9:33:02.022456634,T,TGT,F I,20,90.7
2025-12-01,9:33:02.022456634,T,TGT,F I,1,90.7
2025-12-01,9:33:02.022736261,T,TGT,F I,26,90.7
2025-12-01,9:33:02.084852232,T,TGT,I,25,90.79
2025-12-01,9:33:02.084855307,T,TGT,I,75,90.8
2025-12-01,9:33:02.084873350,T,TGT,I,1,90.8
2025-12-01,9:33:02.085005674,T,TGT,F I,24,90.8
2025-12-01,9:33:02.416407155,T,TGT,I,27,90.81
2025-12-01,9:33:02.503224048,T,TGT,F I,54,90.83
2025-12-01,9:33:02.648406916,T,TGT,I,20,90.84
2025-12-01,9:33:04.300909821,T,TGT,I,50,90.835
2025-12-01,9:33:04.300966989,T,TGT,I,50,90.835
2025-12-01,9:33:07.502896208,T,TGT,I,50,90.835
2025-12-01,9:33:26.727956199,T,TGT,F I,25,90.76
2025-12-01,9:33:26.728130417,T,TGT,I,11,90.78
2025-12-01,9:33:26.728437230,T,TGT,I,56,90.78
2025-12-01,9:33:26.728437230,T,TGT,I,8,90.78
2025-12-01,9:33:26.728458211,T,TGT,I,30,90.78
2025-12-01,9:33:26.728536406,T,TGT,I,31,90.78
2025-12-01,9:33:26.728803987,T,TGT,I,5,90.78
2025-12-01,9:33:26.729164868,T,TGT,I,5,90.78
2025-12-01,9:33:26.729167944,T,TGT,I,3,90.78
2025-12-01,9:33:26.742074595,T,TGT,I,3,90.78
2025-12-01,9:33:29.747281267,T,TGT,,100,90.75
2025-12-01,9:33:29.747281267,T,TGT,I,23,90.74
2025-12-01,9:33:29.747287216,T,TGT,I,77,90.74
2025-12-01,9:33:29.748048140,T,TGT,F I,23,90.73
2025-12-01,9:33:29.776998053,T,TGT,F,100,90.74
2025-12-01,9:33:34.069565722,T,TGT,,100,90.74
2025-12-01,9:33:34.069565722,T,TGT,I,1,90.74
2025-12-01,9:33:34.069574701,T,TGT,I,1,90.74
2025-12-01,9:33:34.069578274,T,TGT,I,2,90.74
2025-12-01,9:33:53.834886691,T,TGT,F I,4,90.7
2025-12-01,9:33:53.834952750,T,TGT,I,4,90.7
2025-12-01,9:33:53.835048988,T,TGT,F,134,90.7
2025-12-01,9:33:53.835184394,T,TGT,F I,4,90.7
2025-12-01,9:33:53.835419073,T,TGT,I,4,90.7
2025-12-01,9:33:53.836663869,T,TGT,,100,90.7
2025-12-01,9:33:57.268382662,T,TGT,F,498,90.7
2025-12-01,9:33:57.268698376,T,TGT,,100,90.7
2025-12-01,9:33:57.268753006,T,TGT,,498,90.7
2025-12-01,9:33:57.268764513,T,TGT,,498,90.7
2025-12-01,9:33:57.270132815,T,TGT,,100,90.7
2025-12-01,9:33:57.270183964,T,TGT,,498,90.7
2025-12-01,9:33:57.671772739,T,TGT,,462,90.7
2025-12-01,9:33:57.671772739,T,TGT,I,4,90.69
2025-12-01,9:33:57.671775628,T,TGT,I,32,90.69
2025-12-01,9:33:57.671793732,T,TGT,F,362,90.69
2025-12-01,9:33:57.671796766,T,TGT,F,100,90.69
2025-12-01,9:33:57.676045865,T,TGT,F,200,90.6
2025-12-01,9:33:58.322754586,T,TGT,,100,90.61
2025-12-01,9:33:58.524784889,T,TGT,,100,90.61
2025-12-01,9:33:58.925943537,T,TGT,,100,90.61
2025-12-01,9:33:58.926099916,T,TGT,,100,90.61
2025-12-01,9:33:58.926244273,T,TGT,,100,90.61
2025-12-01,9:33:59.502648584,T,TGT,,100,90.61
2025-12-01,9:33:59.502816926,T,TGT,,100,90.61
2025-12-01,9:33:59.502943208,T,TGT,,100,90.61
2025-12-01,9:33:59.777455212,T,TGT,,100,90.61
2025-12-01,9:33:59.777617610,T,TGT,,100,90.61
2025-12-01,9:34:00.241027681,T,TGT,,100,90.61
2025-12-01,9:34:00.241193035,T,TGT,,100,90.61
2025-12-01,9:34:00.577391014,T,TGT,,100,90.61
2025-12-01,9:34:00.577496335,T,TGT,,100,90.61
2025-12-01,9:34:01.051840410,T,TGT,,100,90.61
2025-12-01,9:34:01.052005783,T,TGT,,100,90.61
2025-12-01,9:34:01.052123103,T,TGT,,100,90.61
2025-12-01,9:34:01.248581067,T,TGT,,100,90.61
2025-12-01,9:34:01.614507915,T,TGT,,100,90.61
2025-12-01,9:34:01.614643137,T,TGT,,100,90.61
2025-12-01,9:34:02.378688487,T,TGT,,100,90.61
2025-12-01,9:34:02.601296748,T,TGT,I,99,90.61
2025-12-01,9:34:06.271504723,T,TGT,I,1,90.58
2025-12-01,9:34:06.966493513,T,TGT,F I,75,90.51
2025-12-01,9:34:06.966493513,T,TGT,F I,54,90.5
2025-12-01,9:34:06.966496612,T,TGT,I,75,90.5
2025-12-01,9:34:11.778954609,T,TGT,F I,25,90.43
2025-12-01,9:34:11.779044833,T,TGT,F I,37,90.45
2025-12-01,9:34:11.779050877,T,TGT,F I,5,90.46
2025-12-01,9:34:13.127310017,T,TGT,F I,21,90.44
2025-12-01,9:34:13.444872547,T,TGT,I,3,90.42
2025-12-01,9:34:13.547155232,T,TGT,F I,60,90.45
2025-12-01,9:34:21.949193285,T,TGT,F I,5,90.5
2025-12-01,9:34:25.144777419,T,TGT,F I,50,90.52
2025-12-01,9:34:43.546545126,T,TGT,F,108,90.54
2025-12-01,9:34:43.546545126,T,TGT,F I,60,90.54
2025-12-01,9:34:43.546761366,T,TGT,F I,1,90.56
2025-12-01,9:34:50.881544769,T,TGT,F,100,90.59
2025-12-01,9:35:29.031089366,T,TGT,I,5,90.72
2025-12-01,9:35:37.170229655,T,TGT,F I,56,90.76
2025-12-01,9:35:37.170235051,T,TGT,F,100,90.76
2025-12-01,9:35:37.170235051,T,TGT,F I,11,90.76
2025-12-01,9:35:37.192208329,T,TGT,I,2,90.77
2025-12-01,9:35:41.771629411,T,TGT,F,100,90.73
2025-12-01,9:35:41.772041356,T,TGT,,100,90.73
2025-12-01,9:35:41.773929910,T,TGT,F I,12,90.61
2025-12-01,9:35:41.773929910,T,TGT,F I,17,90.61
2025-12-01,9:35:51.399243390,T,TGT,I,75,90.57
2025-12-01,9:35:51.399243390,T,TGT,I,25,90.57
2025-12-01,9:35:55.195195762,T,TGT,I,1,90.595
2025-12-01,9:35:59.591411619,T,TGT,I,30,90.54
2025-12-01,9:36:00.256956957,T,TGT,F I,24,90.52
2025-12-01,9:36:00.256959938,T,TGT,F I,50,90.52
2025-12-01,9:36:10.630566947,T,TGT,F I,50,90.56
2025-12-01,9:36:17.389595614,T,TGT,I,1,90.6
2025-12-01,9:36:17.389613669,T,TGT,F I,49,90.6
2025-12-01,9:36:23.453380148,T,TGT,F I,50,90.54
2025-12-01,9:36:23.453407215,T,TGT,F,100,90.54
2025-12-01,9:36:23.453416188,T,TGT,F I,1,90.54
2025-12-01,9:36:23.454225094,T,TGT,F,100,90.54
2025-12-01,9:36:23.454246140,T,TGT,I,70,90.54
2025-12-01,9:36:23.454249165,T,TGT,I,1,90.54
2025-12-01,9:36:23.455476069,T,TGT,I,25,90.51
2025-12-01,9:36:23.673694012,T,TGT,F I,4,90.48
2025-12-01,9:36:23.679464700,T,TGT,I,96,90.48
2025-12-01,9:36:23.679467740,T,TGT,,100,90.48
2025-12-01,9:36:23.679467740,T,TGT,,100,90.48
2025-12-01,9:36:23.679485746,T,TGT,I,24,90.48
2025-12-01,9:36:23.683614728,T,TGT,I,76,90.48
2025-12-01,9:36:23.683614728,T,TGT,I,24,90.48
2025-12-01,9:36:23.688567389,T,TGT,I,76,90.48
2025-12-01,9:36:55.395740529,T,TGT,F I,33,90.52
2025-12-01,9:36:55.395761565,T,TGT,F I,17,90.52
2025-12-01,9:36:55.395764598,T,TGT,F,100,90.52
2025-12-01,9:37:22.813233147,T,TGT,I,78,90.56
2025-12-01,9:37:22.813251126,T,TGT,F I,22,90.56
2025-12-01,9:37:22.815437340,T,TGT,I,25,90.56
2025-12-01,9:37:22.822465035,T,TGT,I,33,90.53
2025-12-01,9:37:25.206839575,T,TGT,I,1,90.535
2025-12-01,9:37:25.585549819,T,TGT,F I,60,90.51
2025-12-01,9:37:25.585570986,T,TGT,F I,40,90.51
2025-12-01,9:37:25.586352764,T,TGT,I,80,90.51
2025-12-01,9:37:25.586352764,T,TGT,I,20,90.53
2025-12-01,9:37:25.586373823,T,TGT,F,151,90.53
2025-12-01,9:37:25.586394824,T,TGT,I,25,90.52
2025-12-01,9:37:25.593218152,T,TGT,F I,25,90.53
2025-12-01,9:37:25.593251224,T,TGT,I,75,90.535
2025-12-01,9:37:25.593302356,T,TGT,I,25,90.535
2025-12-01,9:37:35.208619870,T,TGT,I,1,90.54
2025-12-01,9:37:43.421822886,T,TGT,I,25,90.54
2025-12-01,9:37:43.421822886,T,TGT,I,55,90.53
2025-12-01,9:37:43.429311444,T,TGT,F I,30,90.57
2025-12-01,9:37:45.042934075,T,TGT,F I,25,90.58
2025-12-01,9:37:45.806383899,T,TGT,F I,20,90.61
2025-12-01,9:37:45.806387395,T,TGT,F,100,90.61
2025-12-01,9:37:45.807616755,T,TGT,F I,60,90.65
2025-12-01,9:37:51.627511165,T,TGT,F I,40,90.69
2025-12-01,9:37:51.627530221,T,TGT,I,25,90.69
2025-12-01,9:37:51.627595491,T,TGT,,100,90.7
2025-12-01,9:38:02.628731460,T,TGT,I,50,90.655
2025-12-01,9:38:02.628791611,T,TGT,I,50,90.655
2025-12-01,9:38:29.020642607,T,TGT,F I,1,90.63
2025-12-01,9:38:34.419669158,T,TGT,F I,1,90.65
2025-12-01,9:38:34.419687132,T,TGT,F I,54,90.65
2025-12-01,9:38:39.735782289,T,TGT,F I,1,90.6
2025-12-01,9:38:49.788323470,T,TGT,F I,1,90.66
2025-12-01,9:38:50.054307122,T,TGT,F I,49,90.63
2025-12-01,9:38:50.054346272,T,TGT,F I,51,90.63
2025-12-01,9:39:04.360557650,T,TGT,F I,50,90.64
2025-12-01,9:39:04.360560435,T,TGT,F I,49,90.65
2025-12-01,9:39:04.360578495,T,TGT,F I,51,90.65
2025-12-01,9:39:44.278843970,T,TGT,F I,50,90.69
2025-12-01,9:39:44.278901123,T,TGT,F I,50,90.69
2025-12-01,9:39:46.232400112,T,TGT,F I,25,90.69
2025-12-01,9:39:46.232442487,T,TGT,I,75,90.69
2025-12-01,9:39:46.232445193,T,TGT,I,10,90.72
2025-12-01,9:39:46.232833161,T,TGT,F I,1,90.7
2025-12-01,9:40:05.118029128,T,TGT,F I,4,90.73
2025-12-01,9:40:40.942172624,T,TGT,I,69,90.71
2025-12-01,9:40:40.942184684,T,TGT,I,31,90.71
2025-12-01,9:40:42.983285385,T,TGT,F I,25,90.7
2025-12-01,9:40:48.765635224,T,TGT,F I,2,90.73
2025-12-01,9:40:48.765650264,T,TGT,F I,27,90.73
2025-12-01,9:40:48.765653294,T,TGT,F I,25,90.73
2025-12-01,9:40:48.765653294,T,TGT,F I,27,90.73
2025-12-01,9:40:51.154767053,T,TGT,F I,60,90.75
2025-12-01,9:40:53.140099898,T,TGT,F I,20,90.76
2025-12-01,9:40:53.140102926,T,TGT,F,100,90.76
2025-12-01,9:40:53.140163061,T,TGT,F,100,90.77
2025-12-01,9:40:53.140566097,T,TGT,F I,40,90.77
2025-12-01,9:40:53.140587118,T,TGT,F I,60,90.77
2025-12-01,9:40:53.140896816,T,TGT,,100,90.77
2025-12-01,9:40:53.710174048,T,TGT,F I,2,90.77
2025-12-01,9:40:53.710177076,T,TGT,F I,21,90.77
2025-12-01,9:40:58.712558749,T,TGT,I,2,90.76
2025-12-01,9:41:12.376382534,T,TGT,F I,2,90.8
2025-12-01,9:41:12.376400572,T,TGT,I,2,90.8
2025-12-01,9:41:12.376427575,T,TGT,I,98,90.8
2025-12-01,9:41:12.377618509,T,TGT,I,18,90.8
2025-12-01,9:41:12.377639560,T,TGT,F I,84,90.8
2025-12-01,9:41:21.935204625,T,TGT,I,1,90.79
2025-12-01,9:41:21.935204625,T,TGT,I,1,90.79
2025-12-01,9:41:22.543655998,T,TGT,I,1,90.805
2025-12-01,9:41:52.031897268,T,TGT,I,4,90.88
2025-12-01,9:41:52.060019760,T,TGT,,100,90.89
2025-12-01,9:41:52.060022759,T,TGT,,100,90.89
2025-12-01,9:41:52.060272422,T,TGT,,100,90.88
2025-12-01,9:41:52.060272422,T,TGT,,100,90.88
2025-12-01,9:41:52.060293675,T,TGT,I,1,90.88
2025-12-01,9:41:52.060300162,T,TGT,I,79,90.88
2025-12-01,9:41:52.060302449,T,TGT,I,93,90.87
2025-12-01,9:41:52.060311535,T,TGT,I,7,90.87
2025-12-01,9:41:52.060500915,T,TGT,,100,90.87
2025-12-01,9:41:52.061135467,T,TGT,F I,38,90.87
2025-12-01,9:41:52.109027509,T,TGT,I,20,90.87
2025-12-01,9:41:52.109307190,T,TGT,I,10,90.86
2025-12-01,9:41:52.204210368,T,TGT,F I,5,90.86
2025-12-01,9:41:55.133750560,T,TGT,I,50,90.85
2025-12-01,9:41:55.133771612,T,TGT,F I,50,90.85
2025-12-01,9:41:55.134159602,T,TGT,F I,1,90.84
2025-12-01,9:41:55.134199090,T,TGT,F I,50,90.84
2025-12-01,9:41:55.134252741,T,TGT,I,70,90.84
2025-12-01,9:41:55.134288925,T,TGT,F I,25,90.84
2025-12-01,9:41:55.134303869,T,TGT,F I,50,90.84
2025-12-01,9:41:55.134370044,T,TGT,F I,1,90.84
2025-12-01,9:41:55.134388124,T,TGT,F I,1,90.84
2025-12-01,9:41:56.432860610,T,TGT,I,35,90.84
2025-12-01,9:42:00.372251695,T,TGT,F I,50,90.84
2025-12-01,9:42:13.992002688,T,TGT,F I,38,90.88
2025-12-01,9:42:13.992023682,T,TGT,I,38,90.88
2025-12-01,9:42:14.036981201,T,TGT,F I,50,90.9
2025-12-01,9:42:14.036981201,T,TGT,F I,98,90.9
2025-12-01,9:42:14.038216809,T,TGT,I,34,90.89
2025-12-01,9:42:14.038252881,T,TGT,I,25,90.88
2025-12-01,9:42:14.038252881,T,TGT,I,9,90.88
2025-12-01,9:42:16.196233498,T,TGT,F I,40,90.91
2025-12-01,9:42:16.197673501,T,TGT,I,6,90.9
2025-12-01,9:42:16.197706674,T,TGT,I,6,90.9
2025-12-01,9:42:27.392483130,T,TGT,F I,4,90.91
2025-12-01,9:42:39.173605526,T,TGT,F I,3,90.95
2025-12-01,9:42:39.173605526,T,TGT,F I,50,90.95
2025-12-01,9:42:39.173623542,T,TGT,I,53,90.95
2025-12-01,9:42:39.174128869,T,TGT,I,60,90.95
2025-12-01,9:42:39.285718565,T,TGT,I,60,90.96
2025-12-01,9:42:39.285718565,T,TGT,I,40,90.96
2025-12-01,9:42:39.285736603,T,TGT,I,1,90.96
2025-12-01,9:42:39.285763719,T,TGT,F I,9,90.96
2025-12-01,9:42:39.285835921,T,TGT,,100,90.96
2025-12-01,9:42:39.285838869,T,TGT,I,1,90.96
2025-12-01,9:42:39.285853892,T,TGT,I,1,90.96
2025-12-01,9:42:39.286016281,T,TGT,F I,10,90.95
2025-12-01,9:42:47.424341135,T,TGT,F I,1,90.96
2025-12-01,9:42:49.209986238,T,TGT,F I,12,90.98
2025-12-01,9:42:49.209989262,T,TGT,F I,25,90.98
2025-12-01,9:42:49.798289815,T,TGT,F,200,90.99
2025-12-01,9:42:49.798292846,T,TGT,F I,3,91.0
2025-12-01,9:42:49.798295798,T,TGT,F,100,91.0
2025-12-01,9:42:49.798298808,T,TGT,F I,2,91.0
2025-12-01,9:42:49.798298808,T,TGT,F I,52,91.0
2025-12-01,9:42:49.798307879,T,TGT,I,1,91.0
2025-12-01,9:42:49.798311739,T,TGT,I,47,91.0
2025-12-01,9:42:49.798311739,T,TGT,I,10,91.0
2025-12-01,9:42:49.798317693,T,TGT,I,1,91.0
2025-12-01,9:42:49.798317693,T,TGT,I,1,91.0
2025-12-01,9:42:49.798317693,T,TGT,I,11,91.0
2025-12-01,9:42:49.798338064,T,TGT,F I,7,91.0
2025-12-01,9:42:49.798338064,T,TGT,F I,10,91.0
2025-12-01,9:42:49.798340898,T,TGT,F I,10,91.0
2025-12-01,9:42:49.799685086,T,TGT,,100,91.02
2025-12-01,9:42:49.799706153,T,TGT,I,25,91.02
2025-12-01,9:42:51.705388218,T,TGT,F I,36,91.05
2025-12-01,9:43:07.966586639,T,TGT,F I,25,91.05
2025-12-01,9:43:20.115274738,T,TGT,F,100,91.08
2025-12-01,9:43:20.115278164,T,TGT,F I,50,91.08
2025-12-01,9:43:20.116535070,T,TGT,F I,70,91.08
2025-12-01,9:43:20.116535070,T,TGT,F I,80,91.09
2025-12-01,9:43:20.116555852,T,TGT,I,1,91.09
2025-12-01,9:43:24.566942522,T,TGT,I,2,91.08
2025-12-01,9:43:24.567264319,T,TGT,,100,91.1
2025-12-01,9:43:24.567285297,T,TGT,I,1,91.1
2025-12-01,9:43:24.567294317,T,TGT,F I,99,91.1
2025-12-01,9:43:27.070048907,T,TGT,F I,1,91.07
2025-12-01,9:43:27.070070453,T,TGT,I,1,91.07
2025-12-01,9:43:27.070102928,T,TGT,F I,1,91.07
2025-12-01,9:43:27.070566132,T,TGT,I,2,91.07
2025-12-01,9:43:30.646595607,T,TGT,I,4,91.055
2025-12-01,9:43:35.001667133,T,TGT,F I,25,91.08
2025-12-01,9:43:35.001670116,T,TGT,F I,15,91.09
2025-12-01,9:43:35.001688158,T,TGT,F I,25,91.09
2025-12-01,9:43:37.291225693,T,TGT,I,10,91.07
2025-12-01,9:43:38.930759154,T,TGT,I,8,91.1
2025-12-01,9:43:38.930759154,T,TGT,I,59,91.1
2025-12-01,9:43:45.467597186,T,TGT,I,40,91.14
2025-12-01,9:43:46.291184315,T,TGT,F I,6,91.13
2025-12-01,9:43:46.291205348,T,TGT,I,6,91.13
2025-12-01,9:43:51.910467691,T,TGT,F,100,91.13
2025-12-01,9:43:54.111284940,T,TGT,I,50,91.14
2025-12-01,9:43:54.111284940,T,TGT,I,52,91.13
2025-12-01,9:43:59.158858322,T,TGT,F I,1,91.145
2025-12-01,9:43:59.158861351,T,TGT,F,103,91.16
2025-12-01,9:43:59.158864307,T,TGT,F I,80,91.16
2025-12-01,9:44:08.476193026,T,TGT,F I,11,91.175
2025-12-01,9:44:09.819390954,T,TGT,I,75,91.175
2025-12-01,9:44:09.984045216,T,TGT,I,75,91.175
2025-12-01,9:44:19.025135797,T,TGT,F I,5,91.2
2025-12-01,9:44:22.206243492,T,TGT,I,2,91.25
2025-12-01,9:44:23.060551880,T,TGT,I,1,91.21
2025-12-01,9:44:31.059422384,T,TGT,F I,50,91.16
2025-12-01,9:44:31.059497507,T,TGT,F I,25,91.16
2025-12-01,9:44:31.059497507,T,TGT,F I,50,91.16
2025-12-01,9:44:31.059546118,T,TGT,F I,50,91.16
2025-12-01,9:44:31.059602796,T,TGT,F I,25,91.16
2025-12-01,9:44:31.059641912,T,TGT,F I,25,91.15
2025-12-01,9:44:36.293469979,T,TGT,F,100,91.1
2025-12-01,9:44:54.775014335,T,TGT,I,4,91.07
2025-12-01,9:44:55.276711494,T,TGT,I,1,91.07
2025-12-01,9:45:01.026954254,T,TGT,F I,10,91.06
2025-12-01,9:45:01.026959923,T,TGT,I,10,91.06
2025-12-01,9:45:01.026965991,T,TGT,F I,9,91.06
2025-12-01,9:45:01.026981054,T,TGT,F I,2,91.07
2025-12-01,9:45:01.027272702,T,TGT,F I,48,91.07
2025-12-01,9:45:01.027275762,T,TGT,F I,73,91.07
2025-12-01,9:45:01.027414051,T,TGT,I,36,91.07
2025-12-01,9:45:01.027802621,T,TGT,F I,10,91.07
2025-12-01,9:45:01.027805628,T,TGT,F I,24,91.07
2025-12-01,9:45:01.027807981,T,TGT,F I,16,91.07
2025-12-01,9:45:01.027807981,T,TGT,F I,20,91.07
2025-12-01,9:45:01.027832038,T,TGT,,179,91.07
2025-12-01,9:45:01.027931283,T,TGT,I,10,91.08
2025-12-01,9:45:01.030517479,T,TGT,F,100,91.08
2025-12-01,9:45:01.030520466,T,TGT,F,100,91.08
2025-12-01,9:45:07.251507089,T,TGT,I,1,91.05
2025-12-01,9:45:18.778710557,T,TGT,I,5,91.0
2025-12-01,9:45:26.555273493,T,TGT,F I,50,91.01
2025-12-01,9:45:26.555273493,T,TGT,F I,50,91.01
2025-12-01,9:45:26.555285580,T,TGT,F I,30,91.01
2025-12-01,9:45:26.556557568,T,TGT,F I,72,91.01
2025-12-01,9:45:26.556557568,T,TGT,F I,2,91.01
2025-12-01,9:45:26.556587595,T,TGT,I,75,91.0
2025-12-01,9:45:26.745326325,T,TGT,F I,50,90.99
2025-12-01,9:45:26.745344696,T,TGT,F I,19,90.99
2025-12-01,9:45:31.916671697,T,TGT,F,127,90.97
2025-12-01,9:45:31.916674709,T,TGT,F I,73,90.96
2025-12-01,9:45:32.192227156,T,TGT,I,50,90.995
2025-12-01,9:45:32.192281380,T,TGT,I,50,90.995
2025-12-01,9:45:35.298832450,T,TGT,I,1,91.0
2025-12-01,9:45:35.781662744,T,TGT,I,4,91.0
2025-12-01,9:45:45.052449631,T,TGT,I,4,91.045
2025-12-01,9:46:02.100764845,T,TGT,F,100,91.02
2025-12-01,9:46:02.100764845,T,TGT,F I,10,91.02
2025-12-01,9:46:02.119448059,T,TGT,I,4,90.98
2025-12-01,9:46:03.935883876,T,TGT,,250,91.015
2025-12-01,9:46:21.231203624,T,TGT,,100,91.05
2025-12-01,9:46:21.247526481,T,TGT,,100,91.05
2025-12-01,9:46:21.248125020,T,TGT,,158,91.05
2025-12-01,9:46:22.813314764,T,TGT,,100,91.05
2025-12-01,9:46:39.687114861,T,TGT,I,20,91.03
2025-12-01,9:46:39.687114861,T,TGT,I,80,91.03
2025-12-01,9:46:39.687132953,T,TGT,F,320,91.03
2025-12-01,9:47:01.444760761,T,TGT,,100,91.045
2025-12-01,9:47:01.445798233,T,TGT,I,16,91.045
2025-12-01,9:47:03.509407488,T,TGT,I,1,91.07
2025-12-01,9:47:03.509825540,T,TGT,F,200,91.1
2025-12-01,9:47:03.509849561,T,TGT,F I,17,91.11
2025-12-01,9:47:03.509852576,T,TGT,F I,3,91.11
2025-12-01,9:47:03.510282605,T,TGT,I,9,91.07
2025-12-01,9:47:03.510285908,T,TGT,I,35,91.07
2025-12-01,9:47:03.510285908,T,TGT,I,18,91.07
2025-12-01,9:47:03.510289108,T,TGT,,100,91.07
2025-12-01,9:47:03.510292279,T,TGT,I,35,91.07
2025-12-01,9:47:03.510292279,T,TGT,I,37,91.07
2025-12-01,9:47:03.510297663,T,TGT,,100,91.07
2025-12-01,9:47:03.510300766,T,TGT,,127,91.07
2025-12-01,9:47:03.511106564,T,TGT,,1009,91.06
2025-12-01,9:47:03.512261959,T,TGT,F,557,91.065
2025-12-01,9:47:03.512264402,T,TGT,F I,26,91.06
2025-12-01,9:47:03.783230861,T,TGT,F,250,91.035
2025-12-01,9:47:03.783233967,T,TGT,F I,36,91.05
2025-12-01,9:47:03.783233967,T,TGT,F I,43,91.05
2025-12-01,9:47:03.783237297,T,TGT,F I,1,91.05
2025-12-01,9:47:03.783237297,T,TGT,F,389,91.05
2025-12-01,9:47:03.783239907,T,TGT,F,100,91.05
2025-12-01,9:47:03.783242950,T,TGT,F,150,91.05
2025-12-01,9:47:03.783248973,T,TGT,I,1,91.05
2025-12-01,9:47:03.784093973,T,TGT,F I,7,91.03
2025-12-01,9:47:03.784346610,T,TGT,F I,49,91.03
2025-12-01,9:47:03.784373625,T,TGT,F I,7,91.03
2025-12-01,9:47:04.020998626,T,TGT,,100,91.04
2025-12-01,9:47:04.020998626,T,TGT,,100,91.04
2025-12-01,9:47:06.053916661,T,TGT,,400,91.06
2025-12-01,9:47:06.053952717,T,TGT,I,58,91.05
2025-12-01,9:47:06.053967735,T,TGT,I,42,91.05
2025-12-01,9:47:06.053967735,T,TGT,I,58,91.05
2025-12-01,9:47:06.053973763,T,TGT,F I,42,91.05
2025-12-01,9:47:06.053976763,T,TGT,F I,42,91.05
2025-12-01,9:47:06.053979725,T,TGT,F I,42,91.05
2025-12-01,9:47:06.053991754,T,TGT,I,58,91.05
2025-12-01,9:47:06.053995129,T,TGT,,100,91.05
2025-12-01,9:47:06.053995129,T,TGT,I,58,91.05
2025-12-01,9:47:08.685780790,T,TGT,I,7,91.08
2025-12-01,9:47:13.183322684,T,TGT,F I,1,91.08
2025-12-01,9:47:28.464095424,T,TGT,,200,91.1
2025-12-01,9:47:29.961272322,T,TGT,,200,91.1
2025-12-01,9:47:30.678243387,T,TGT,I,3,91.15
2025-12-01,9:47:30.678243387,T,TGT,I,27,91.15
2025-12-01,9:47:30.678450966,T,TGT,F I,20,91.16
2025-12-01,9:47:30.678453966,T,TGT,F I,60,91.16
2025-12-01,9:47:30.679148526,T,TGT,F I,80,91.15
2025-12-01,9:47:30.679148526,T,TGT,F I,50,91.14
2025-12-01,9:47:30.679196750,T,TGT,I,50,91.14
2025-12-01,9:47:30.679232769,T,TGT,I,32,91.15
2025-12-01,9:47:30.679265853,T,TGT,F,126,91.14
2025-12-01,9:47:30.679286930,T,TGT,F,400,91.14
2025-12-01,9:47:30.679292960,T,TGT,F,126,91.14
2025-12-01,9:47:30.679292960,T,TGT,,148,91.14
2025-12-01,9:47:30.679295903,T,TGT,,200,91.14
2025-12-01,9:47:30.679311000,T,TGT,F,400,91.135
2025-12-01,9:47:30.679326051,T,TGT,F I,13,91.14
2025-12-01,9:47:30.679440222,T,TGT,I,6,91.14
2025-12-01,9:47:30.679449247,T,TGT,I,6,91.14
2025-12-01,9:47:30.679452283,T,TGT,F I,6,91.14
2025-12-01,9:47:30.679458620,T,TGT,F I,6,91.14
2025-12-01,9:47:30.679464750,T,TGT,F I,6,91.14
2025-12-01,9:47:30.684931309,T,TGT,I,11,91.16
2025-12-01,9:47:30.685003496,T,TGT,,100,91.16
2025-12-01,9:47:30.687042522,T,TGT,F I,1,91.15
2025-12-01,9:47:30.687045411,T,TGT,F I,80,91.15
2025-12-01,9:47:30.687111512,T,TGT,F I,1,91.16
2025-12-01,9:47:30.687674201,T,TGT,F,100,91.15
2025-12-01,9:47:30.687674201,T,TGT,F I,50,91.15
2025-12-01,9:47:30.687676833,T,TGT,F I,2,91.15
2025-12-01,9:47:30.687712971,T,TGT,,100,91.14
2025-12-01,9:47:30.687725071,T,TGT,I,48,91.16
2025-12-01,9:47:30.687728084,T,TGT,I,2,91.16
2025-12-01,9:47:30.687728084,T,TGT,I,50,91.17
2025-12-01,9:47:30.687758639,T,TGT,F I,30,91.15
2025-12-01,9:47:30.687761190,T,TGT,I,1,91.15
2025-12-01,9:47:30.687791738,T,TGT,I,50,91.17
2025-12-01,9:47:30.687875408,T,TGT,I,59,91.16
2025-12-01,9:47:30.687899380,T,TGT,I,1,91.16
2025-12-01,9:47:30.687902436,T,TGT,I,58,91.16
2025-12-01,9:47:30.688359481,T,TGT,F I,49,91.15
2025-12-01,9:47:30.688362567,T,TGT,F I,17,91.15
2025-12-01,9:47:30.688365523,T,TGT,F I,50,91.15
2025-12-01,9:47:30.688365523,T,TGT,F I,24,91.15
2025-12-01,9:47:30.688368973,T,TGT,F I,1,91.15
2025-12-01,9:47:30.688371852,T,TGT,F I,7,91.15
2025-12-01,9:47:30.688371852,T,TGT,F I,51,91.15
2025-12-01,9:47:30.688374560,T,TGT,F I,24,91.15
2025-12-01,9:47:30.688416633,T,TGT,I,1,91.16
2025-12-01,9:47:30.688416633,T,TGT,I,24,91.16
2025-12-01,9:47:30.688576372,T,TGT,I,4,91.16
2025-12-01,9:47:30.688576372,T,TGT,I,1,91.16
2025-12-01,9:47:30.688579028,T,TGT,I,1,91.16
2025-12-01,9:47:30.688685257,T,TGT,I,24,91.17
2025-12-01,9:47:30.688900966,T,TGT,F I,24,91.16
2025-12-01,9:47:30.688900966,T,TGT,F I,1,91.16
2025-12-01,9:47:30.688904159,T,TGT,F I,17,91.16
2025-12-01,9:47:30.688904159,T,TGT,F I,1,91.16
2025-12-01,9:47:30.688906783,T,TGT,F I,3,91.16
2025-12-01,9:47:30.688948951,T,TGT,,100,91.17
2025-12-01,9:47:30.689430030,T,TGT,F I,12,91.16
2025-12-01,9:47:30.699248409,T,TGT,I,1,91.16
2025-12-01,9:47:30.699248409,T,TGT,I,8,91.16
2025-12-01,9:47:30.699822787,T,TGT,F I,15,91.17
2025-12-01,9:47:30.699822787,T,TGT,F I,1,91.17
2025-12-01,9:47:30.701768407,T,TGT,I,13,91.17
2025-12-01,9:47:30.734967522,T,TGT,I,11,91.15
2025-12-01,9:47:33.394401401,T,TGT,,300,91.125
2025-12-01,9:47:35.711683089,T,TGT,I,10,91.13
2025-12-01,9:47:45.792034511,T,TGT,F I,1,91.125
2025-12-01,9:47:46.845570475,T,TGT,F I,40,91.15
2025-12-01,9:47:46.846698248,T,TGT,F I,1,91.16
2025-12-01,9:47:46.846701140,T,TGT,F,400,91.16
2025-12-01,9:47:46.846704122,T,TGT,F,294,91.16
2025-12-01,9:47:46.846719180,T,TGT,F,106,91.16
2025-12-01,9:47:46.846722165,T,TGT,F,100,91.16
2025-12-01,9:47:46.854612968,T,TGT,F I,50,91.16
2025-12-01,9:47:46.854612968,T,TGT,F,127,91.16
2025-12-01,9:47:46.854616578,T,TGT,F I,21,91.15
2025-12-01,9:47:46.854619615,T,TGT,F I,40,91.15
2025-12-01,9:47:46.854619615,T,TGT,F I,22,91.15
2025-12-01,9:47:46.854622026,T,TGT,F I,22,91.15
2025-12-01,9:47:46.854625020,T,TGT,F I,25,91.15
2025-12-01,9:48:15.314881731,T,TGT,I,1,91.17
2025-12-01,9:48:21.028986928,T,TGT,F,100,91.19
2025-12-01,9:48:21.028989980,T,TGT,F I,44,91.2
2025-12-01,9:48:21.028996083,T,TGT,F I,56,91.2
2025-12-01,9:48:21.029002809,T,TGT,F,100,91.2
2025-12-01,9:48:21.029044617,T,TGT,F I,40,91.21
2025-12-01,9:48:21.029380889,T,TGT,F I,7,91.23
2025-12-01,9:48:21.029723757,T,TGT,F,109,91.21
2025-12-01,9:48:21.029750831,T,TGT,F,100,91.21
2025-12-01,9:48:21.029762818,T,TGT,F,100,91.21
2025-12-01,9:48:21.029774846,T,TGT,F,100,91.21
2025-12-01,9:48:21.029774846,T,TGT,F,100,91.21
2025-12-01,9:48:21.029780850,T,TGT,F I,1,91.2
2025-12-01,9:48:21.030740178,T,TGT,F I,13,91.18
2025-12-01,9:48:21.030740178,T,TGT,F I,26,91.18
2025-12-01,9:48:21.030905485,T,TGT,F,700,91.18
2025-12-01,9:48:21.030923595,T,TGT,F I,13,91.18
2025-12-01,9:48:21.030926542,T,TGT,F I,26,91.18
2025-12-01,9:48:21.060851666,T,TGT,F,100,91.22
2025-12-01,9:48:21.060853882,T,TGT,F I,33,91.23
2025-12-01,9:48:21.068254496,T,TGT,F I,1,91.24
2025-12-01,9:48:21.081083103,T,TGT,F I,26,91.19
2025-12-01,9:48:21.081089101,T,TGT,F I,55,91.19
2025-12-01,9:48:21.081092046,T,TGT,F I,17,91.19
2025-12-01,9:48:21.081107169,T,TGT,I,1,91.19
2025-12-01,9:48:21.081317688,T,TGT,F I,26,91.21
2025-12-01,9:48:21.081317688,T,TGT,F I,33,91.21
2025-12-01,9:48:21.098717491,T,TGT,F I,12,91.21
2025-12-01,9:48:21.098735110,T,TGT,F I,22,91.22
2025-12-01,9:48:21.106003461,T,TGT,I,13,91.22
2025-12-01,9:48:21.127408471,T,TGT,F I,50,91.2
2025-12-01,9:48:21.127412687,T,TGT,F I,26,91.19
2025-12-01,9:48:21.127412687,T,TGT,F I,17,91.19
2025-12-01,9:48:21.127417506,T,TGT,F,127,91.19
2025-12-01,9:48:21.127417506,T,TGT,F I,66,91.18
2025-12-01,9:48:21.127453817,T,TGT,I,50,91.19
2025-12-01,9:48:21.127456910,T,TGT,I,34,91.18
2025-12-01,9:48:21.127456910,T,TGT,I,17,91.18
2025-12-01,9:48:21.127462759,T,TGT,F I,11,91.2
2025-12-01,9:48:21.127465750,T,TGT,F I,26,91.21
2025-12-01,9:48:21.127468568,T,TGT,F I,89,91.21
2025-12-01,9:48:21.127483620,T,TGT,I,1,91.19
2025-12-01,9:48:21.127502091,T,TGT,F I,99,91.19
2025-12-01,9:48:21.127502091,T,TGT,F I,1,91.19
2025-12-01,9:48:21.127507658,T,TGT,I,25,91.19
2025-12-01,9:48:21.128202412,T,TGT,F I,17,91.18
2025-12-01,9:48:21.128202412,T,TGT,F I,26,91.18
2025-12-01,9:48:21.128229692,T,TGT,I,11,91.21
2025-12-01,9:48:21.128232931,T,TGT,I,26,91.21
2025-12-01,9:48:21.128572628,T,TGT,I,17,91.22
2025-12-01,9:48:21.128843050,T,TGT,I,13,91.24
2025-12-01,9:48:21.128845912,T,TGT,I,17,91.24
2025-12-01,9:48:21.129128509,T,TGT,I,26,91.25
2025-12-01,9:48:21.129131644,T,TGT,I,17,91.25
2025-12-01,9:48:21.129134589,T,TGT,I,13,91.25
2025-12-01,9:48:21.129173633,T,TGT,F,100,91.25
2025-12-01,9:48:21.138809617,T,TGT,F,100,91.2
2025-12-01,9:48:21.138811762,T,TGT,F I,26,91.19
2025-12-01,9:48:21.138814927,T,TGT,F I,17,91.19
2025-12-01,9:48:21.138814927,T,TGT,F I,26,91.19
2025-12-01,9:48:21.138817615,T,TGT,F I,34,91.19
2025-12-01,9:48:21.151047772,T,TGT,F I,28,91.18
2025-12-01,9:48:21.151050763,T,TGT,F I,52,91.17
2025-12-01,9:48:21.151102068,T,TGT,F I,18,91.16
2025-12-01,9:48:21.151102068,T,TGT,F I,34,91.16
2025-12-01,9:48:21.151104863,T,TGT,F,127,91.16
2025-12-01,9:48:21.151108653,T,TGT,F I,55,91.15
2025-12-01,9:48:21.151110940,T,TGT,F I,26,91.15
2025-12-01,9:48:21.151114453,T,TGT,F I,17,91.15
2025-12-01,9:48:21.151249446,T,TGT,I,66,91.18
2025-12-01,9:48:21.151348860,T,TGT,I,33,91.19
2025-12-01,9:48:21.151351854,T,TGT,I,33,91.19
2025-12-01,9:48:21.151475054,T,TGT,I,22,91.2
2025-12-01,9:48:21.151478059,T,TGT,I,26,91.2
2025-12-01,9:48:21.151480813,T,TGT,I,19,91.2
2025-12-01,9:48:21.151721363,T,TGT,I,11,91.19
2025-12-01,9:48:21.151724380,T,TGT,I,6,91.2
2025-12-01,9:48:21.151940841,T,TGT,I,86,91.18
2025-12-01,9:48:21.151955921,T,TGT,I,14,91.18
2025-12-01,9:48:21.151955921,T,TGT,I,26,91.18
2025-12-01,9:48:21.151980443,T,TGT,F,100,91.16
2025-12-01,9:48:21.151983046,T,TGT,F I,13,91.16
2025-12-01,9:48:21.151986809,T,TGT,F I,26,91.16
2025-12-01,9:48:21.151986809,T,TGT,F I,17,91.16
2025-12-01,9:48:21.152013451,T,TGT,I,1,91.19
2025-12-01,9:48:21.152019093,T,TGT,I,24,91.19
2025-12-01,9:48:21.152271689,T,TGT,I,17,91.19
2025-12-01,9:48:21.152406990,T,TGT,I,17,91.21
2025-12-01,9:48:21.152503244,T,TGT,F I,24,91.2
2025-12-01,9:48:21.152506815,T,TGT,F I,1,91.2
2025-12-01,9:48:21.152509404,T,TGT,F,173,91.2
2025-12-01,9:48:21.152512359,T,TGT,F I,14,91.2
2025-12-01,9:48:21.152512359,T,TGT,F I,1,91.19
2025-12-01,9:48:21.152551537,T,TGT,F,163,91.2
2025-12-01,9:48:21.152560411,T,TGT,,100,91.21
2025-12-01,9:48:21.152662855,T,TGT,,100,91.2
2025-12-01,9:48:21.152662855,T,TGT,I,1,91.2
2025-12-01,9:48:21.152666074,T,TGT,I,57,91.2
2025-12-01,9:48:21.152666074,T,TGT,I,1,91.2
2025-12-01,9:48:21.152758835,T,TGT,,100,91.2
2025-12-01,9:48:21.152780590,T,TGT,I,13,91.2
2025-12-01,9:48:21.152797938,T,TGT,I,33,91.2
2025-12-01,9:48:21.152807161,T,TGT,I,6,91.2
2025-12-01,9:48:21.152809964,T,TGT,I,11,91.2
2025-12-01,9:48:21.152828054,T,TGT,I,17,91.2
2025-12-01,9:48:21.152912154,T,TGT,F I,1,91.2
2025-12-01,9:48:21.152915298,T,TGT,F I,7,91.2
2025-12-01,9:48:21.152936219,T,TGT,F I,6,91.2
2025-12-01,9:48:21.152990633,T,TGT,I,11,91.2
2025-12-01,9:48:21.152990633,T,TGT,I,6,91.2
2025-12-01,9:48:21.152993586,T,TGT,I,83,91.21
2025-12-01,9:48:21.153008402,T,TGT,F I,1,91.21
2025-12-01,9:48:21.153074548,T,TGT,F,100,91.2
2025-12-01,9:48:21.153074548,T,TGT,F I,30,91.18
2025-12-01,9:48:21.153197904,T,TGT,I,16,91.2
2025-12-01,9:48:21.153201113,T,TGT,I,13,91.2
2025-12-01,9:48:21.153201113,T,TGT,I,33,91.2
2025-12-01,9:48:21.153309461,T,TGT,I,17,91.2
2025-12-01,9:48:21.153312216,T,TGT,I,18,91.2
2025-12-01,9:48:21.153312216,T,TGT,I,28,91.2
2025-12-01,9:48:21.153315147,T,TGT,I,2,91.2
2025-12-01,9:48:21.153676416,T,TGT,I,17,91.2
2025-12-01,9:48:21.153841762,T,TGT,I,24,91.19
2025-12-01,9:48:21.153841762,T,TGT,I,14,91.19
2025-12-01,9:48:21.153844779,T,TGT,I,13,91.19
2025-12-01,9:48:21.153890423,T,TGT,F I,26,91.17
2025-12-01,9:48:21.153890423,T,TGT,F I,13,91.17
2025-12-01,9:48:21.153893333,T,TGT,F I,17,91.17
2025-12-01,9:48:21.153947763,T,TGT,I,25,91.19
2025-12-01,9:48:21.153947763,T,TGT,I,4,91.19
2025-12-01,9:48:21.154045947,T,TGT,I,19,91.18
2025-12-01,9:48:21.154145447,T,TGT,I,15,91.18
2025-12-01,9:48:21.154392245,T,TGT,I,9,91.19
2025-12-01,9:48:21.154397782,T,TGT,I,26,91.19
2025-12-01,9:48:21.154539120,T,TGT,F I,26,91.17
2025-12-01,9:48:21.154539120,T,TGT,F I,29,91.17
2025-12-01,9:48:21.154545384,T,TGT,F I,17,91.17
2025-12-01,9:48:21.154545384,T,TGT,F I,13,91.16
2025-12-01,9:48:21.154545384,T,TGT,F I,17,91.16
2025-12-01,9:48:21.154545384,T,TGT,F I,13,91.15
2025-12-01,9:48:21.154548149,T,TGT,F I,17,91.15
2025-12-01,9:48:21.154647332,T,TGT,,100,91.18
2025-12-01,9:48:21.154647332,T,TGT,I,5,91.18
2025-12-01,9:48:21.154731497,T,TGT,I,6,91.18
2025-12-01,9:48:21.154731497,T,TGT,I,5,91.18
2025-12-01,9:48:21.154819222,T,TGT,F I,18,91.17
2025-12-01,9:48:21.154819222,T,TGT,F I,8,91.17
2025-12-01,9:48:21.154827798,T,TGT,F I,10,91.17
2025-12-01,9:48:21.154827798,T,TGT,I,26,91.19
2025-12-01,9:48:21.154827798,T,TGT,I,17,91.19
2025-12-01,9:48:21.154903336,T,TGT,F I,5,91.18
2025-12-01,9:48:21.154903336,T,TGT,F I,8,91.18
2025-12-01,9:48:21.154906077,T,TGT,F I,10,91.18
2025-12-01,9:48:21.154909469,T,TGT,F I,15,91.18
2025-12-01,9:48:21.154909469,T,TGT,F I,2,91.18
2025-12-01,9:48:21.154911961,T,TGT,F I,12,91.18
2025-12-01,9:48:21.154927043,T,TGT,I,8,91.18
2025-12-01,9:48:21.155020176,T,TGT,I,14,91.18
2025-12-01,9:48:21.155020176,T,TGT,I,7,91.18
2025-12-01,9:48:21.155023907,T,TGT,I,7,91.18
2025-12-01,9:48:21.155026331,T,TGT,I,8,91.18
2025-12-01,9:48:21.155026331,T,TGT,I,8,91.18
2025-12-01,9:48:21.155224668,T,TGT,F I,18,91.17
2025-12-01,9:48:21.155255191,T,TGT,F I,8,91.17
2025-12-01,9:48:21.155257956,T,TGT,F I,9,91.17
2025-12-01,9:48:21.155260794,T,TGT,F I,7,91.17
2025-12-01,9:48:21.155260794,T,TGT,F I,2,91.17
2025-12-01,9:48:21.155264302,T,TGT,,100,91.19
2025-12-01,9:48:21.155279455,T,TGT,F I,6,91.17
2025-12-01,9:48:21.155279455,T,TGT,F I,9,91.17
2025-12-01,9:48:21.155308941,T,TGT,F,100,91.18
2025-12-01,9:48:21.155314929,T,TGT,I,17,91.19
2025-12-01,9:48:21.155384082,T,TGT,I,26,91.19
2025-12-01,9:48:21.155387201,T,TGT,I,17,91.19
2025-12-01,9:48:21.155495352,T,TGT,I,13,91.19
2025-12-01,9:48:21.155690826,T,TGT,F I,1,91.18
2025-12-01,9:48:21.155739634,T,TGT,,100,91.19
2025-12-01,9:48:21.155774980,T,TGT,F I,1,91.18
2025-12-01,9:48:21.155784454,T,TGT,I,19,91.19
2025-12-01,9:48:21.155823178,T,TGT,F I,13,91.18
2025-12-01,9:48:21.155826125,T,TGT,F,100,91.18
2025-12-01,9:48:21.155829278,T,TGT,F I,19,91.18
2025-12-01,9:48:21.155832115,T,TGT,F I,18,91.18
2025-12-01,9:48:21.155832115,T,TGT,F I,17,91.17
2025-12-01,9:48:21.155877220,T,TGT,F I,1,91.18
2025-12-01,9:48:21.155970611,T,TGT,I,26,91.17
2025-12-01,9:48:21.156012600,T,TGT,I,26,91.18
2025-12-01,9:48:21.156122383,T,TGT,,100,91.19
2025-12-01,9:48:21.156151336,T,TGT,F I,50,91.18
2025-12-01,9:48:21.156165976,T,TGT,F I,1,91.18
2025-12-01,9:48:21.156211409,T,TGT,F I,2,91.18
2025-12-01,9:48:21.156211409,T,TGT,F I,13,91.18
2025-12-01,9:48:21.156214964,T,TGT,F I,34,91.18
2025-12-01,9:48:21.156214964,T,TGT,F I,66,91.18
2025-12-01,9:48:21.156217067,T,TGT,F I,19,91.18
2025-12-01,9:48:21.156241126,T,TGT,F I,15,91.18
2025-12-01,9:48:21.156241126,T,TGT,F I,17,91.18
2025-12-01,9:48:21.156244170,T,TGT,F I,73,91.18
2025-12-01,9:48:21.156271360,T,TGT,I,1,91.19
2025-12-01,9:48:21.156271360,T,TGT,I,17,91.19
2025-12-01,9:48:21.156274593,T,TGT,F I,1,91.18
2025-12-01,9:48:21.156349374,T,TGT,F I,18,91.18
2025-12-01,9:48:21.156349374,T,TGT,F I,21,91.18
2025-12-01,9:48:21.156352766,T,TGT,F I,1,91.18
2025-12-01,9:48:21.156352766,T,TGT,F I,17,91.18
2025-12-01,9:48:21.156355616,T,TGT,F I,13,91.15
2025-12-01,9:48:21.156355616,T,TGT,F I,17,91.15
2025-12-01,9:48:21.156400505,T,TGT,I,10,91.17
2025-12-01,9:48:21.156403560,T,TGT,I,10,91.17
2025-12-01,9:48:21.156406584,T,TGT,I,3,91.17
2025-12-01,9:48:21.156526877,T,TGT,I,17,91.19
2025-12-01,9:48:21.156692627,T,TGT,I,17,91.19
2025-12-01,9:48:21.156695179,T,TGT,I,28,91.19
2025-12-01,9:48:21.156695179,T,TGT,I,5,91.19
2025-12-01,9:48:21.156923824,T,TGT,F I,17,91.17
2025-12-01,9:48:21.156923824,T,TGT,F,100,91.16
2025-12-01,9:48:21.156926811,T,TGT,F I,17,91.16
2025-12-01,9:48:21.156980951,T,TGT,I,11,91.18
2025-12-01,9:48:21.157004899,T,TGT,I,13,91.18
2025-12-01,9:48:21.157023463,T,TGT,I,4,91.18
2025-12-01,9:48:21.157023463,T,TGT,I,26,91.19
2025-12-01,9:48:21.157026068,T,TGT,,100,91.19
2025-12-01,9:48:21.157026068,T,TGT,I,13,91.19
2025-12-01,9:48:21.157558232,T,TGT,F I,17,91.16
2025-12-01,9:48:21.157561319,T,TGT,F I,22,91.16
2025-12-01,9:48:21.157630418,T,TGT,I,24,91.17
2025-12-01,9:48:21.158307083,T,TGT,F I,1,91.16
2025-12-01,9:48:21.158310285,T,TGT,F I,17,91.16
2025-12-01,9:48:21.158313110,T,TGT,F I,17,91.16
2025-12-01,9:48:21.158313110,T,TGT,F I,8,91.16
2025-12-01,9:48:21.158316074,T,TGT,F I,25,91.16
2025-12-01,9:48:21.158320126,T,TGT,F I,42,91.16
2025-12-01,9:48:21.158320126,T,TGT,F I,33,91.16
2025-12-01,9:48:21.158322044,T,TGT,F I,34,91.16
2025-12-01,9:48:21.158326438,T,TGT,F I,16,91.16
2025-12-01,9:48:21.158326438,T,TGT,F I,33,91.16
2025-12-01,9:48:21.158326438,T,TGT,F I,26,91.16
2025-12-01,9:48:21.158428456,T,TGT,I,26,91.17
2025-12-01,9:48:21.158430342,T,TGT,I,75,91.175
2025-12-01,9:48:21.158433362,T,TGT,,100,91.18
2025-12-01,9:48:21.158436426,T,TGT,I,26,91.18
2025-12-01,9:48:21.158436426,T,TGT,I,67,91.18
2025-12-01,9:48:21.158466503,T,TGT,I,33,91.18
2025-12-01,9:48:21.158469457,T,TGT,I,26,91.18
2025-12-01,9:48:21.158679994,T,TGT,F I,4,91.17
2025-12-01,9:48:21.158932562,T,TGT,I,1,91.18
2025-12-01,9:48:21.159005477,T,TGT,F I,5,91.18
2025-12-01,9:48:21.159005477,T,TGT,F I,22,91.18
2025-12-01,9:48:21.159010716,T,TGT,F,100,91.18
2025-12-01,9:48:21.159010716,T,TGT,F I,27,91.18
2025-12-01,9:48:21.159010716,T,TGT,F,100,91.18
2025-12-01,9:48:21.159031736,T,TGT,F I,96,91.17
2025-12-01,9:48:21.159035758,T,TGT,F I,17,91.17
2025-12-01,9:48:21.159035758,T,TGT,F,100,91.17
2025-12-01,9:48:21.159041310,T,TGT,F I,33,91.17
2025-12-01,9:48:21.159041310,T,TGT,F,100,91.16
2025-12-01,9:48:21.159041310,T,TGT,F I,17,91.16
2025-12-01,9:48:21.159212223,T,TGT,I,11,91.18
2025-12-01,9:48:21.159296463,T,TGT,I,17,91.18
2025-12-01,9:48:21.159359933,T,TGT,,100,91.18
2025-12-01,9:48:21.159359933,T,TGT,I,26,91.19
2025-12-01,9:48:21.159362673,T,TGT,,100,91.19
2025-12-01,9:48:21.159362673,T,TGT,I,17,91.19
2025-12-01,9:48:21.159365541,T,TGT,,100,91.19
2025-12-01,9:48:21.159766226,T,TGT,F I,22,91.18
2025-12-01,9:48:21.159768665,T,TGT,F,100,91.18
2025-12-01,9:48:21.159771819,T,TGT,F I,17,91.18
2025-12-01,9:48:21.159771819,T,TGT,F I,24,91.17
2025-12-01,9:48:21.159774703,T,TGT,F I,33,91.17
2025-12-01,9:48:21.159774703,T,TGT,F,100,91.17
2025-12-01,9:48:21.159778565,T,TGT,F I,17,91.17
2025-12-01,9:48:21.159778565,T,TGT,F I,11,91.16
2025-12-01,9:48:21.159783585,T,TGT,F I,17,91.16
2025-12-01,9:48:21.159783585,T,TGT,F I,13,91.15
2025-12-01,9:48:21.159783585,T,TGT,F I,17,91.15
2025-12-01,9:48:21.160851173,T,TGT,I,33,91.16
2025-12-01,9:48:21.160911280,T,TGT,I,43,91.17
2025-12-01,9:48:21.160926251,T,TGT,,100,91.17
2025-12-01,9:48:21.160971365,T,TGT,I,26,91.18
2025-12-01,9:48:21.160971365,T,TGT,I,37,91.18
2025-12-01,9:48:21.161254193,T,TGT,I,17,91.18
2025-12-01,9:48:21.161257997,T,TGT,,176,91.18
2025-12-01,9:48:21.161257997,T,TGT,I,26,91.18
2025-12-01,9:48:21.161344612,T,TGT,F,100,91.17
2025-12-01,9:48:21.161347947,T,TGT,F I,6,91.17
2025-12-01,9:48:21.161347947,T,TGT,F I,5,91.17
2025-12-01,9:48:21.161350314,T,TGT,F I,26,91.16
2025-12-01,9:48:21.161350314,T,TGT,F,100,91.16
2025-12-01,9:48:21.161353343,T,TGT,F I,33,91.16
2025-12-01,9:48:21.161428499,T,TGT,F I,17,91.16
2025-12-01,9:48:21.161518762,T,TGT,,100,91.17
2025-12-01,9:48:21.161518762,T,TGT,,100,91.17
2025-12-01,9:48:21.161726202,T,TGT,F I,7,91.17
2025-12-01,9:48:21.161729165,T,TGT,F I,2,91.17
2025-12-01,9:48:21.161802529,T,TGT,I,2,91.17
2025-12-01,9:48:21.161802529,T,TGT,I,13,91.17
2025-12-01,9:48:21.162240905,T,TGT,I,6,91.17
2025-12-01,9:48:21.162240905,T,TGT,I,5,91.17
2025-12-01,9:48:21.162243480,T,TGT,I,19,91.16
2025-12-01,9:48:21.162267760,T,TGT,F I,8,91.17
2025-12-01,9:48:21.162270920,T,TGT,F I,81,91.16
2025-12-01,9:48:21.162270920,T,TGT,F I,33,91.16
2025-12-01,9:48:21.162273475,T,TGT,F I,26,91.15
2025-12-01,9:48:21.162273475,T,TGT,F I,17,91.15
2025-12-01,9:48:21.164646185,T,TGT,I,36,91.16
2025-12-01,9:48:21.164832576,T,TGT,F I,16,91.15
2025-12-01,9:48:21.164832576,T,TGT,F I,26,91.15
2025-12-01,9:48:21.164883837,T,TGT,I,24,91.16
2025-12-01,9:48:21.165449035,T,TGT,I,17,91.17
2025-12-01,9:48:21.165815947,T,TGT,I,40,91.17
2025-12-01,9:48:21.165849628,T,TGT,I,22,91.17
2025-12-01,9:48:21.165870057,T,TGT,F I,19,91.17
2025-12-01,9:48:21.166021183,T,TGT,F I,33,91.16
2025-12-01,9:48:21.166023630,T,TGT,F I,17,91.16
2025-12-01,9:48:21.166023630,T,TGT,F I,19,91.16
2025-12-01,9:48:21.166027861,T,TGT,F,100,91.15
2025-12-01,9:48:21.166027861,T,TGT,F I,26,91.15
2025-12-01,9:48:21.166032467,T,TGT,F I,17,91.15
2025-12-01,9:48:21.166032467,T,TGT,F I,5,91.15
2025-12-01,9:48:21.168729953,T,TGT,I,2,91.15
2025-12-01,9:48:21.168940428,T,TGT,I,1,91.16
2025-12-01,9:48:21.168944127,T,TGT,I,17,91.16
2025-12-01,9:48:21.169298918,T,TGT,I,26,91.17
2025-12-01,9:48:21.169298918,T,TGT,,100,91.17
2025-12-01,9:48:21.169301264,T,TGT,I,17,91.17
2025-12-01,9:48:21.169394865,T,TGT,I,26,91.18
2025-12-01,9:48:21.169397491,T,TGT,I,17,91.18
2025-12-01,9:48:21.169433992,T,TGT,F I,24,91.17
2025-12-01,9:48:21.169433992,T,TGT,F,100,91.16
2025-12-01,9:48:21.169439867,T,TGT,F I,41,91.16
2025-12-01,9:48:21.169439867,T,TGT,F I,55,91.16
2025-12-01,9:48:21.169442640,T,TGT,F I,17,91.16
2025-12-01,9:48:21.169442640,T,TGT,F I,31,91.16
2025-12-01,9:48:21.169446083,T,TGT,F I,26,91.16
2025-12-01,9:48:21.169496717,T,TGT,F I,28,91.18
2025-12-01,9:48:21.169499949,T,TGT,F I,24,91.18
2025-12-01,9:48:21.169499949,T,TGT,F I,13,91.18
2025-12-01,9:48:21.169502727,T,TGT,F I,17,91.18
2025-12-01,9:48:21.169506010,T,TGT,F,127,91.18
2025-12-01,9:48:21.169506010,T,TGT,F I,97,91.19
2025-12-01,9:48:21.169563027,T,TGT,F I,29,91.16
2025-12-01,9:48:21.169563027,T,TGT,F I,17,91.16
2025-12-01,9:48:21.169563027,T,TGT,F I,26,91.16
2025-12-01,9:48:21.169565884,T,TGT,F I,13,91.15
2025-12-01,9:48:21.169565884,T,TGT,F I,26,91.15
2025-12-01,9:48:21.169611291,T,TGT,I,29,91.17
2025-12-01,9:48:21.169613970,T,TGT,I,71,91.18
2025-12-01,9:48:21.169689184,T,TGT,I,6,91.17
2025-12-01,9:48:21.169692153,T,TGT,I,29,91.18
2025-12-01,9:48:21.169692153,T,TGT,I,26,91.18
2025-12-01,9:48:21.169695206,T,TGT,,100,91.18
2025-12-01,9:48:21.169698471,T,TGT,I,17,91.18
2025-12-01,9:48:21.169698471,T,TGT,I,16,91.18
2025-12-01,9:48:21.169833460,T,TGT,I,19,91.17
2025-12-01,9:48:21.169837329,T,TGT,I,3,91.17
2025-12-01,9:48:21.169839599,T,TGT,I,16,91.17
2025-12-01,9:48:21.169842517,T,TGT,I,6,91.17
2025-12-01,9:48:21.169842517,T,TGT,I,17,91.17
2025-12-01,9:48:21.169842517,T,TGT,I,2,91.17
2025-12-01,9:48:21.169923681,T,TGT,I,14,91.17
2025-12-01,9:48:21.170080369,T,TGT,I,7,91.17
2025-12-01,9:48:21.257450538,T,TGT,F I,17,91.16
2025-12-01,9:48:21.257450538,T,TGT,F I,24,91.16
2025-12-01,9:48:21.257453227,T,TGT,F,100,91.16
2025-12-01,9:48:21.270499264,T,TGT,F I,75,91.16
2025-12-01,9:48:21.270499264,T,TGT,F I,3,91.17
2025-12-01,9:48:21.270501943,T,TGT,F I,33,91.17
2025-12-01,9:48:21.270504480,T,TGT,F I,13,91.17
2025-12-01,9:48:21.270504480,T,TGT,F I,1,91.17
2025-12-01,9:48:22.578581798,T,TGT,F I,50,91.15
2025-12-01,9:48:22.578614985,T,TGT,I,50,91.15
2025-12-01,9:48:22.578650964,T,TGT,I,5,91.14
2025-12-01,9:48:25.420782070,T,TGT,I,60,91.14
2025-12-01,9:48:25.420824187,T,TGT,I,40,91.14
2025-12-01,9:48:25.421618042,T,TGT,F I,63,91.13
2025-12-01,9:48:25.421624092,T,TGT,F I,37,91.13
2025-12-01,9:48:28.422239040,T,TGT,F I,35,91.13
2025-12-01,9:48:32.779526628,T,TGT,,100,91.1
2025-12-01,9:48:40.055297502,T,TGT,I,3,91.13
2025-12-01,9:48:40.337958864,T,TGT,,100,91.12
2025-12-01,9:48:40.337976977,T,TGT,I,1,91.12
2025-12-01,9:48:40.337986381,T,TGT,F I,50,91.12
2025-12-01,9:48:40.337988946,T,TGT,I,75,91.12
2025-12-01,9:48:40.337995035,T,TGT,I,74,91.12
2025-12-01,9:48:40.338043084,T,TGT,I,12,91.11
2025-12-01,9:48:40.338043084,T,TGT,I,13,91.11
2025-12-01,9:48:40.338064184,T,TGT,F I,13,91.11
2025-12-01,9:48:40.338358859,T,TGT,F I,50,91.11
2025-12-01,9:48:40.338400914,T,TGT,F I,50,91.11
2025-12-01,9:48:41.002021896,T,TGT,F I,50,91.11
2025-12-01,9:48:42.227688069,T,TGT,I,11,91.12
2025-12-01,9:48:42.227714975,T,TGT,F I,50,91.11
2025-12-01,9:48:42.381639702,T,TGT,F I,50,91.11
2025-12-01,9:48:42.381687854,T,TGT,F I,50,91.11
2025-12-01,9:48:42.381723922,T,TGT,F I,50,91.11
2025-12-01,9:48:42.381759983,T,TGT,F I,50,91.11
2025-12-01,9:48:42.381802103,T,TGT,F I,50,91.11
2025-12-01,9:48:42.381838255,T,TGT,F I,50,91.11
2025-12-01,9:48:42.381877266,T,TGT,F I,50,91.11
2025-12-01,9:48:47.963198318,T,TGT,F,100,91.09
2025-12-01,9:48:47.964100475,T,TGT,F I,35,91.07
2025-12-01,9:48:47.984080279,T,TGT,I,5,91.0
2025-12-01,9:48:47.989502044,T,TGT,I,9,90.995
2025-12-01,9:48:51.290814957,T,TGT,F,100,91.0
2025-12-01,9:48:51.291091645,T,TGT,I,66,90.99
2025-12-01,9:49:06.663111065,T,TGT,F I,10,90.95
2025-12-01,9:49:06.689928934,T,TGT,I,5,90.94
2025-12-01,9:49:06.689931873,T,TGT,,100,90.94
2025-12-01,9:49:09.871277327,T,TGT,I,2,90.91
2025-12-01,9:49:09.871277327,T,TGT,F I,98,90.91
2025-12-01,9:49:09.871313245,T,TGT,I,43,90.92
2025-12-01,9:49:09.871331302,T,TGT,I,26,90.92
2025-12-01,9:49:11.516622983,T,TGT,I,11,90.9
2025-12-01,9:49:16.454257303,T,TGT,F I,46,90.92
2025-12-01,9:49:16.465768716,T,TGT,I,18,90.94
2025-12-01,9:49:16.465831831,T,TGT,I,75,90.94
2025-12-01,9:49:21.887968404,T,TGT,I,3,90.94
2025-12-01,9:49:21.912991109,T,TGT,I,10,90.94
2025-12-01,9:49:29.249939607,T,TGT,I,3,90.94
2025-12-01,9:49:29.314437289,T,TGT,I,14,90.94
2025-12-01,9:49:37.837640138,T,TGT,F I,1,90.94
2025-12-01,9:49:37.837640138,T,TGT,F I,49,90.94
2025-12-01,9:49:37.837643061,T,TGT,I,51,90.94
2025-12-01,9:49:58.631940651,T,TGT,F,100,90.92
2025-12-01,9:49:58.631940651,T,TGT,F I,16,90.92
2025-12-01,9:49:58.902591154,T,TGT,I,5,90.895
2025-12-01,9:49:58.902615239,T,TGT,I,50,90.895
2025-12-01,9:50:02.250178836,T,TGT,I,40,90.96
2025-12-01,9:50:02.250182258,T,TGT,I,20,90.97
2025-12-01,9:50:02.250182258,T,TGT,I,20,90.97
2025-12-01,9:50:02.250184576,T,TGT,I,20,90.97
2025-12-01,9:50:02.250229601,T,TGT,I,80,90.97
2025-12-01,9:50:02.250229601,T,TGT,I,1,90.97
2025-12-01,9:50:02.250250944,T,TGT,I,1,90.97
2025-12-01,9:50:02.250644759,T,TGT,I,18,90.95
2025-12-01,9:50:02.251008443,T,TGT,I,20,90.96
2025-12-01,9:50:02.251011510,T,TGT,I,43,90.96
2025-12-01,9:50:02.251204003,T,TGT,F I,9,90.94
2025-12-01,9:50:02.251321284,T,TGT,,100,90.94
2025-12-01,9:50:02.251490268,T,TGT,I,9,90.94
2025-12-01,9:50:02.251490268,T,TGT,I,18,90.94
2025-12-01,9:50:02.257948991,T,TGT,,100,90.95
2025-12-01,9:50:02.263235814,T,TGT,F,100,90.95
2025-12-01,9:50:02.263238619,T,TGT,F I,37,90.95
2025-12-01,9:50:02.263259713,T,TGT,I,5,90.95
2025-12-01,9:50:02.268801907,T,TGT,F I,75,90.97
2025-12-01,9:50:02.268801907,T,TGT,F I,68,90.98
2025-12-01,9:50:02.269087518,T,TGT,I,17,90.94
2025-12-01,9:50:06.460635590,T,TGT,I,3,90.93
2025-12-01,9:50:06.463179592,T,TGT,I,4,90.93
2025-12-01,9:50:15.676673858,T,TGT,I,1,90.945
2025-12-01,9:50:35.420436316,T,TGT,F,100,90.99
2025-12-01,9:50:35.420457332,T,TGT,F,100,91.0
2025-12-01,9:50:35.420457332,T,TGT,F I,27,91.0
2025-12-01,9:50:35.420562639,T,TGT,F I,5,91.01
2025-12-01,9:50:35.420566087,T,TGT,F I,5,91.01
2025-12-01,9:50:35.420566087,T,TGT,F I,19,91.01
2025-12-01,9:50:35.420568997,T,TGT,F I,5,91.01
2025-12-01,9:50:35.420679898,T,TGT,F I,1,91.02
2025-12-01,9:50:35.421633205,T,TGT,F I,22,91.01
2025-12-01,9:50:35.703904461,T,TGT,F,100,91.05
2025-12-01,9:50:35.703904461,T,TGT,F I,4,91.05
2025-12-01,9:50:35.703906616,T,TGT,F I,16,91.05
2025-12-01,9:50:36.576690938,T,TGT,F I,1,91.08
2025-12-01,9:50:36.576709044,T,TGT,I,1,91.08
2025-12-01,9:50:36.577536005,T,TGT,I,6,91.09
2025-12-01,9:50:46.655175170,T,TGT,I,40,91.09
2025-12-01,9:50:46.655178234,T,TGT,I,60,91.09
2025-12-01,9:50:47.600086777,T,TGT,F I,13,91.1
2025-12-01,9:50:49.780512001,T,TGT,F I,5,91.11
2025-12-01,9:50:51.560013596,T,TGT,,100,91.11
2025-12-01,9:51:03.960181623,T,TGT,I,25,91.07
2025-12-01,9:51:03.960521387,T,TGT,F I,50,91.08
2025-12-01,9:51:03.960528009,T,TGT,F I,10,91.08
2025-12-01,9:51:03.960557812,T,TGT,F I,19,91.08
2025-12-01,9:51:03.960557812,T,TGT,F I,31,91.09
2025-12-01,9:51:03.960560885,T,TGT,F I,9,91.1
2025-12-01,9:51:03.960560885,T,TGT,F I,17,91.1
2025-12-01,9:51:03.960563458,T,TGT,F,100,91.1
2025-12-01,9:51:03.960629686,T,TGT,,100,91.1
2025-12-01,9:51:04.057141675,T,TGT,I,25,91.1
2025-12-01,9:51:06.021550481,T,TGT,I,83,91.09
2025-12-01,9:51:06.021562598,T,TGT,F,117,91.09
2025-12-01,9:51:06.021569824,T,TGT,F I,2,91.09
2025-12-01,9:51:06.021569824,T,TGT,F I,9,91.09
2025-12-01,9:51:06.021575212,T,TGT,F,100,91.09
2025-12-01,9:51:06.021575212,T,TGT,F I,17,91.09
2025-12-01,9:51:06.022131230,T,TGT,F I,10,91.09
2025-12-01,9:51:06.022133878,T,TGT,F I,40,91.09
2025-12-01,9:51:06.022137069,T,TGT,F I,97,91.1
2025-12-01,9:51:06.022554954,T,TGT,F I,3,91.1
2025-12-01,9:51:08.676157830,T,TGT,I,76,91.1
2025-12-01,9:51:08.676175906,T,TGT,F I,21,91.1
2025-12-01,9:51:08.676175906,T,TGT,F I,3,91.1
2025-12-01,9:51:31.062832883,T,TGT,I,5,91.09
2025-12-01,9:51:31.065392126,T,TGT,F I,50,91.09
2025-12-01,9:51:31.065394997,T,TGT,F I,26,91.09
2025-12-01,9:51:31.712491639,T,TGT,F,100,91.12
2025-12-01,9:51:31.712491639,T,TGT,F I,26,91.12
2025-12-01,9:51:33.935411556,T,TGT,I,60,91.13
2025-12-01,9:51:33.935414922,T,TGT,I,12,91.14
2025-12-01,9:51:33.935417544,T,TGT,I,28,91.14
2025-12-01,9:51:33.935450672,T,TGT,I,72,91.14
2025-12-01,9:51:33.935453644,T,TGT,I,2,91.14
2025-12-01,9:51:33.935471641,T,TGT,I,1,91.14
2025-12-01,9:51:36.691179904,T,TGT,I,10,91.13
2025-12-01,9:51:39.137502064,T,TGT,F I,50,91.14
2025-12-01,9:51:39.137520813,T,TGT,I,40,91.14
2025-12-01,9:51:39.162915542,T,TGT,I,1,91.15
2025-12-01,9:51:41.739339664,T,TGT,I,59,91.15
2025-12-01,9:51:41.739372935,T,TGT,I,41,91.15
2025-12-01,9:51:41.739375767,T,TGT,I,34,91.15
2025-12-01,9:51:41.739378735,T,TGT,F I,50,91.15
2025-12-01,9:51:41.739412445,T,TGT,I,16,91.15
2025-12-01,9:51:41.739414855,T,TGT,,100,91.14
2025-12-01,9:51:41.739417893,T,TGT,,100,91.14
2025-12-01,9:51:41.739676439,T,TGT,F,100,91.15
2025-12-01,9:51:42.088838248,T,TGT,F I,2,91.14
2025-12-01,9:51:42.088844319,T,TGT,F,100,91.14
2025-12-01,9:51:42.342059567,T,TGT,,100,91.14
2025-12-01,9:51:44.392422364,T,TGT,F I,10,91.13
2025-12-01,9:51:44.423447303,T,TGT,I,1,91.12
2025-12-01,9:52:09.019116039,T,TGT,,100,91.15
2025-12-01,9:52:11.204389276,T,TGT,,100,91.15
2025-12-01,9:52:15.457653281,T,TGT,F,100,91.145
2025-12-01,9:52:15.457656628,T,TGT,F I,49,91.14
2025-12-01,9:52:15.457656628,T,TGT,F I,10,91.14
2025-12-01,9:52:15.457659695,T,TGT,F I,10,91.14
2025-12-01,9:52:15.457662362,T,TGT,F I,80,91.14
2025-12-01,9:52:15.457662362,T,TGT,F I,36,91.11
2025-12-01,9:52:15.457668337,T,TGT,F I,1,91.11
2025-12-01,9:52:15.459900093,T,TGT,F,100,91.1
2025-12-01,9:52:15.459902583,T,TGT,F,100,91.1
2025-12-01,9:52:15.459905618,T,TGT,F I,80,91.1
2025-12-01,9:52:15.460025865,T,TGT,I,10,91.12
2025-12-01,9:52:15.462203100,T,TGT,F I,9,91.14
2025-12-01,9:52:15.462278274,T,TGT,I,22,91.15
2025-12-01,9:52:25.304600585,T,TGT,F I,50,91.15
2025-12-01,9:52:25.305839527,T,TGT,F I,50,91.15
2025-12-01,9:52:25.305854712,T,TGT,I,20,91.15
2025-12-01,9:52:25.305854712,T,TGT,I,10,91.14
2025-12-01,9:52:25.305860532,T,TGT,I,18,91.14
2025-12-01,9:52:25.305860532,T,TGT,I,4,91.14
2025-12-01,9:52:25.330221583,T,TGT,,100,91.14
2025-12-01,9:52:25.841638057,T,TGT,F I,10,91.15
2025-12-01,9:52:25.846241939,T,TGT,I,58,91.17
2025-12-01,9:52:25.846266089,T,TGT,I,58,91.17
2025-12-01,9:52:25.856270873,T,TGT,I,30,91.175
2025-12-01,9:52:25.874611606,T,TGT,F I,21,91.2
2025-12-01,9:52:25.875375373,T,TGT,F I,80,91.2
2025-12-01,9:52:25.875378429,T,TGT,F I,47,91.19
2025-12-01,9:52:25.876169230,T,TGT,I,46,91.19
2025-12-01,9:52:25.880625950,T,TGT,F I,50,91.17
2025-12-01,9:52:25.881155188,T,TGT,I,10,91.16
2025-12-01,9:52:25.881158394,T,TGT,I,19,91.16
2025-12-01,9:52:25.881158394,T,TGT,I,46,91.16
2025-12-01,9:52:25.881161439,T,TGT,F,100,91.16
2025-12-01,9:52:25.881164607,T,TGT,F I,19,91.15
2025-12-01,9:52:25.881164607,T,TGT,F,100,91.15
2025-12-01,9:52:25.881167258,T,TGT,F I,17,91.15
2025-12-01,9:52:25.885999773,T,TGT,I,24,91.17
2025-12-01,9:52:25.885999773,T,TGT,I,10,91.17
2025-12-01,9:52:25.887434197,T,TGT,F I,10,91.15
2025-12-01,9:52:25.887434197,T,TGT,F I,19,91.15
2025-12-01,9:52:25.887437349,T,TGT,F,100,91.15
2025-12-01,9:52:25.887440450,T,TGT,F I,40,91.15
2025-12-01,9:52:25.887440450,T,TGT,F I,17,91.15
2025-12-01,9:52:25.887443100,T,TGT,F I,40,91.15
2025-12-01,9:52:25.887497312,T,TGT,,100,91.16
2025-12-01,9:52:25.887515268,T,TGT,I,1,91.16
2025-12-01,9:52:25.888631680,T,TGT,F,100,91.15
2025-12-01,9:52:25.888631680,T,TGT,F I,3,91.15
2025-12-01,9:52:25.888634395,T,TGT,F I,6,91.15
2025-12-01,9:52:25.896341472,T,TGT,F I,41,91.16
2025-12-01,9:52:25.896344325,T,TGT,F I,23,91.16
2025-12-01,9:52:25.896347402,T,TGT,F I,10,91.16
2025-12-01,9:52:25.896347402,T,TGT,F I,24,91.16
2025-12-01,9:52:25.898647811,T,TGT,F I,23,91.15
2025-12-01,9:52:25.898647811,T,TGT,F I,23,91.15
2025-12-01,9:52:29.435500074,T,TGT,I,3,91.17
2025-12-01,9:52:34.037913903,T,TGT,,127,91.17
2025-12-01,9:52:34.037916835,T,TGT,I,75,91.17
2025-12-01,9:52:34.037916835,T,TGT,,100,91.17
2025-12-01,9:52:34.037931950,T,TGT,F,105,91.17
2025-12-01,9:52:34.122544523,T,TGT,I,15,91.16
2025-12-01,9:52:34.971073049,T,TGT,I,9,91.135
2025-12-01,9:52:55.337583153,T,TGT,I,36,91.18
2025-12-01,9:53:08.658530031,T,TGT,I,1,91.15
2025-12-01,9:53:08.818652527,T,TGT,F I,21,91.15
2025-12-01,9:53:16.049475200,T,TGT,F I,10,91.12
2025-12-01,9:53:16.059125520,T,TGT,F I,50,91.13
2025-12-01,9:53:16.059128239,T,TGT,F I,9,91.13
2025-12-01,9:53:16.059176400,T,TGT,I,11,91.14
2025-12-01,9:53:16.071409419,T,TGT,,100,91.16
2025-12-01,9:53:36.443822724,T,TGT,I,70,91.16
2025-12-01,9:53:36.466620071,T,TGT,F,100,91.18
2025-12-01,9:53:36.466620071,T,TGT,F,100,91.17
2025-12-01,9:53:36.466623082,T,TGT,F I,11,91.17
2025-12-01,9:53:36.466623082,T,TGT,F I,15,91.17
2025-12-01,9:53:36.466626336,T,TGT,F I,3,91.17
2025-12-01,9:53:36.466626336,T,TGT,F I,31,91.17
2025-12-01,9:53:36.467140809,T,TGT,I,30,91.18
2025-12-01,9:53:36.467146311,T,TGT,I,60,91.18
2025-12-01,9:53:36.467146311,T,TGT,I,20,91.19
2025-12-01,9:53:36.467152290,T,TGT,F I,80,91.19
2025-12-01,9:53:36.467152290,T,TGT,F I,10,91.19
2025-12-01,9:53:36.467299647,T,TGT,F I,12,91.17
2025-12-01,9:53:36.467302949,T,TGT,F I,10,91.17
2025-12-01,9:53:36.467305674,T,TGT,F I,3,91.17
2025-12-01,9:53:36.467305674,T,TGT,F I,27,91.17
2025-12-01,9:53:36.467417125,T,TGT,I,9,91.19
2025-12-01,9:53:36.467417125,T,TGT,I,3,91.19
2025-12-01,9:53:36.472417791,T,TGT,I,30,91.195
2025-12-01,9:53:36.474805482,T,TGT,F I,32,91.19
2025-12-01,9:53:36.475037122,T,TGT,I,10,91.19
2025-12-01,9:53:36.475109248,T,TGT,I,10,91.2
2025-12-01,9:53:36.479917675,T,TGT,F I,10,91.2
2025-12-01,9:53:36.479917675,T,TGT,F,100,91.2
2025-12-01,9:53:36.479920692,T,TGT,F,133,91.2
2025-12-01,9:53:36.480338668,T,TGT,F,100,91.19
2025-12-01,9:53:36.481159623,T,TGT,F I,35,91.16
2025-12-01,9:53:36.481159623,T,TGT,F I,10,91.16
2025-12-01,9:53:36.481286029,T,TGT,F,100,91.18
2025-12-01,9:53:36.481310029,T,TGT,I,1,91.18
2025-12-01,9:53:36.481571668,T,TGT,F I,9,91.17
2025-12-01,9:53:36.484266039,T,TGT,,250,91.18
2025-12-01,9:53:36.486657138,T,TGT,F,177,91.18
2025-12-01,9:53:36.489450411,T,TGT,F I,88,91.18
2025-12-01,9:53:36.489826366,T,TGT,I,10,91.2
2025-12-01,9:53:36.489838348,T,TGT,F,100,91.2
2025-12-01,9:53:36.490650482,T,TGT,F,100,91.19
2025-12-01,9:53:36.490650482,T,TGT,F I,12,91.19
2025-12-01,9:53:36.490653658,T,TGT,F,100,91.19
2025-12-01,9:53:36.490656302,T,TGT,F I,1,91.19
2025-12-01,9:53:36.491841080,T,TGT,F,100,91.175
2025-12-01,9:53:36.491844220,T,TGT,F I,73,91.16
2025-12-01,9:53:36.491844220,T,TGT,F,127,91.16
2025-12-01,9:53:36.492325281,T,TGT,I,41,91.18
2025-12-01,9:53:36.492328898,T,TGT,I,5,91.18
2025-12-01,9:53:36.492328898,T,TGT,I,22,91.18
2025-12-01,9:53:36.492332385,T,TGT,I,25,91.18
2025-12-01,9:53:36.492334300,T,TGT,I,52,91.18
2025-12-01,9:53:36.492391537,T,TGT,I,11,91.18
2025-12-01,9:53:36.492455305,T,TGT,,100,91.17
2025-12-01,9:53:36.492455305,T,TGT,I,41,91.17
2025-12-01,9:53:36.492457999,T,TGT,I,89,91.17
2025-12-01,9:53:36.492463673,T,TGT,I,10,91.16
2025-12-01,9:53:36.492463673,T,TGT,,100,91.16
2025-12-01,9:53:36.492463673,T,TGT,,100,91.16
2025-12-01,9:53:36.492463673,T,TGT,I,41,91.16
2025-12-01,9:53:36.492466914,T,TGT,I,16,91.16
2025-12-01,9:53:36.492466914,T,TGT,I,16,91.16
2025-12-01,9:53:36.492469960,T,TGT,I,14,91.16
2025-12-01,9:53:36.492472844,T,TGT,I,20,91.16
2025-12-01,9:53:36.492472844,T,TGT,I,5,91.16
2025-12-01,9:53:36.492476245,T,TGT,I,11,91.16
2025-12-01,9:53:36.492539540,T,TGT,I,31,91.16
2025-12-01,9:53:36.492541753,T,TGT,I,17,91.18
2025-12-01,9:53:36.492611576,T,TGT,I,17,91.18
2025-12-01,9:53:36.492881562,T,TGT,I,32,91.18
2025-12-01,9:53:36.492971861,T,TGT,,100,91.18
2025-12-01,9:53:36.493350706,T,TGT,F,100,91.17
2025-12-01,9:53:36.493353926,T,TGT,F I,12,91.17
2025-12-01,9:53:36.493356765,T,TGT,F I,6,91.17
2025-12-01,9:53:36.493356765,T,TGT,F I,26,91.17
2025-12-01,9:53:36.493366509,T,TGT,F I,14,91.17
2025-12-01,9:53:36.493366509,T,TGT,I,5,91.19
2025-12-01,9:53:36.493366509,T,TGT,I,10,91.19
2025-12-01,9:53:36.493370065,T,TGT,I,17,91.19
2025-12-01,9:53:36.493401826,T,TGT,I,59,91.18
2025-12-01,9:53:36.493422855,T,TGT,F I,41,91.18
2025-12-01,9:53:36.493464926,T,TGT,F I,17,91.17
2025-12-01,9:53:36.493464926,T,TGT,F I,14,91.17
2025-12-01,9:53:36.493467947,T,TGT,F,100,91.17
2025-12-01,9:53:36.493467947,T,TGT,F I,59,91.17
2025-12-01,9:53:36.493474056,T,TGT,F I,5,91.17
2025-12-01,9:53:36.493474056,T,TGT,F I,41,91.17
2025-12-01,9:53:36.493690546,T,TGT,I,73,91.19
2025-12-01,9:53:36.493690546,T,TGT,I,17,91.19
2025-12-01,9:53:36.493994216,T,TGT,I,17,91.19
2025-12-01,9:53:36.494018287,T,TGT,I,80,91.19
2025-12-01,9:53:36.494090532,T,TGT,F I,20,91.19
2025-12-01,9:53:36.494093779,T,TGT,F I,21,91.19
2025-12-01,9:53:36.494093779,T,TGT,F I,17,91.18
2025-12-01,9:53:36.494183881,T,TGT,F I,17,91.17
2025-12-01,9:53:36.494187006,T,TGT,F I,12,91.17
2025-12-01,9:53:36.494190766,T,TGT,F,100,91.16
2025-12-01,9:53:36.494190766,T,TGT,F I,17,91.16
2025-12-01,9:53:36.494285926,T,TGT,I,17,91.18
2025-12-01,9:53:36.494285926,T,TGT,I,10,91.19
2025-12-01,9:53:36.494881362,T,TGT,I,13,91.18
2025-12-01,9:53:36.494962609,T,TGT,F,100,91.16
2025-12-01,9:53:36.494966281,T,TGT,F I,10,91.16
2025-12-01,9:53:36.494966281,T,TGT,F I,12,91.16
2025-12-01,9:53:36.494968824,T,TGT,F I,17,91.16
2025-12-01,9:53:36.494968824,T,TGT,F I,13,91.16
2025-12-01,9:53:36.495016710,T,TGT,,100,91.17
2025-12-01,9:53:36.495145944,T,TGT,I,17,91.18
2025-12-01,9:53:36.495437682,T,TGT,F,100,91.18
2025-12-01,9:53:36.495437682,T,TGT,F,100,91.18
2025-12-01,9:53:36.495515942,T,TGT,F,100,91.18
2025-12-01,9:53:36.495873698,T,TGT,I,1,91.18
2025-12-01,9:53:36.495886177,T,TGT,I,5,91.19
2025-12-01,9:53:36.495886177,T,TGT,I,10,91.19
2025-12-01,9:53:36.495889046,T,TGT,I,17,91.19
2025-12-01,9:53:36.495889046,T,TGT,,100,91.19
2025-12-01,9:53:36.497717668,T,TGT,F I,5,91.16
2025-12-01,9:53:36.497717668,T,TGT,F I,12,91.16
2025-12-01,9:53:36.497720153,T,TGT,F I,17,91.16
2025-12-01,9:53:36.498083953,T,TGT,I,10,91.18
2025-12-01,9:53:36.498083953,T,TGT,I,17,91.18
2025-12-01,9:53:36.520454859,T,TGT,I,60,91.18
2025-12-01,9:53:36.520457255,T,TGT,I,1,91.17
2025-12-01,9:53:36.520547538,T,TGT,F I,45,91.18
2025-12-01,9:53:36.520754980,T,TGT,I,17,91.19
2025-12-01,9:53:36.520848224,T,TGT,F I,12,91.18
2025-12-01,9:53:36.523882464,T,TGT,F I,14,91.19
2025-12-01,9:53:36.524297452,T,TGT,F I,12,91.17
2025-12-01,9:53:36.524300439,T,TGT,F I,10,91.16
2025-12-01,9:53:36.524303453,T,TGT,F I,17,91.16
2025-12-01,9:53:36.524387605,T,TGT,I,12,91.17
2025-12-01,9:53:36.524423691,T,TGT,F I,88,91.17
2025-12-01,9:53:36.524454398,T,TGT,I,14,91.18
2025-12-01,9:53:36.524454398,T,TGT,I,17,91.18
2025-12-01,9:53:36.524531999,T,TGT,I,17,91.18
2025-12-01,9:53:36.524697356,T,TGT,I,10,91.19
2025-12-01,9:53:36.524898904,T,TGT,I,46,91.2
2025-12-01,9:53:36.524949949,T,TGT,F I,41,91.19
2025-12-01,9:53:36.524953574,T,TGT,F I,53,91.19
2025-12-01,9:53:36.524956261,T,TGT,F I,13,91.19
2025-12-01,9:53:36.524958963,T,TGT,F I,1,91.19
2025-12-01,9:53:36.524958963,T,TGT,F I,3,91.19
2025-12-01,9:53:36.524962853,T,TGT,F,100,91.19
2025-12-01,9:53:36.524965415,T,TGT,F I,17,91.19
2025-12-01,9:53:36.524965415,T,TGT,F I,12,91.19
2025-12-01,9:53:36.524968698,T,TGT,F I,12,91.18
2025-12-01,9:53:36.524968698,T,TGT,F I,17,91.18
2025-12-01,9:53:36.524971426,T,TGT,F I,17,91.17
2025-12-01,9:53:36.524971426,T,TGT,F I,10,91.16
2025-12-01,9:53:36.524977075,T,TGT,F I,17,91.16
2025-12-01,9:53:36.524977075,T,TGT,F,100,91.15
2025-12-01,9:53:36.524980040,T,TGT,F I,17,91.15
2025-12-01,9:53:36.525100337,T,TGT,I,40,91.18
2025-12-01,9:53:36.525124406,T,TGT,F I,25,91.18
2025-12-01,9:53:36.525124406,T,TGT,F I,12,91.18
2025-12-01,9:53:36.525684176,T,TGT,F I,22,91.18
2025-12-01,9:53:36.525684176,T,TGT,F I,25,91.18
2025-12-01,9:53:36.525687594,T,TGT,F I,14,91.17
2025-12-01,9:53:36.525687594,T,TGT,F I,20,91.17
2025-12-01,9:53:36.525690261,T,TGT,F I,10,91.17
2025-12-01,9:53:36.525690261,T,TGT,F I,22,91.17
2025-12-01,9:53:36.525695731,T,TGT,F I,22,91.17
2025-12-01,9:53:36.526414534,T,TGT,,100,91.19
2025-12-01,9:53:36.526417643,T,TGT,I,17,91.19
2025-12-01,9:53:36.526842099,T,TGT,F,100,91.18
2025-12-01,9:53:36.526842099,T,TGT,F I,10,91.16
2025-12-01,9:53:36.526844616,T,TGT,F I,17,91.16
2025-12-01,9:53:36.526896033,T,TGT,I,17,91.17
2025-12-01,9:53:36.526896033,T,TGT,I,10,91.18
2025-12-01,9:53:36.526899208,T,TGT,I,17,91.19
2025-12-01,9:53:36.526899208,T,TGT,I,12,91.19
2025-12-01,9:53:36.526901659,T,TGT,,100,91.19
2025-12-01,9:53:36.527009893,T,TGT,,106,91.17
2025-12-01,9:53:36.527223391,T,TGT,I,5,91.17
2025-12-01,9:53:36.527223391,T,TGT,I,19,91.17
2025-12-01,9:53:36.527478970,T,TGT,F I,13,91.17
2025-12-01,9:53:36.527482031,T,TGT,F I,5,91.17
2025-12-01,9:53:36.527484994,T,TGT,F I,17,91.17
2025-12-01,9:53:36.527584254,T,TGT,I,17,91.18
2025-12-01,9:53:36.528237346,T,TGT,F I,6,91.18
2025-12-01,9:53:36.528237346,T,TGT,F I,2,91.18
2025-12-01,9:53:36.528239928,T,TGT,F I,4,91.18
2025-12-01,9:53:36.529319378,T,TGT,F I,17,91.16
2025-12-01,9:53:36.529319378,T,TGT,F I,46,91.16
2025-12-01,9:53:36.529416103,T,TGT,I,2,91.17
2025-12-01,9:53:36.529418676,T,TGT,,100,91.17
2025-12-01,9:53:36.529848628,T,TGT,I,10,91.18
2025-12-01,9:53:36.529848628,T,TGT,I,17,91.18
2025-12-01,9:53:36.529940030,T,TGT,F I,38,91.17
2025-12-01,9:53:36.529943218,T,TGT,F I,53,91.17
2025-12-01,9:53:36.529943218,T,TGT,F,100,91.16
2025-12-01,9:53:36.529947889,T,TGT,F,100,91.16
2025-12-01,9:53:36.529947889,T,TGT,F I,17,91.16
2025-12-01,9:53:36.529947889,T,TGT,F I,10,91.16
2025-12-01,9:53:36.530116801,T,TGT,I,15,91.18
2025-12-01,9:53:36.530120040,T,TGT,I,14,91.18
2025-12-01,9:53:36.530120040,T,TGT,I,2,91.18
2025-12-01,9:53:36.530122445,T,TGT,I,1,91.18
2025-12-01,9:53:36.530122445,T,TGT,I,6,91.18
2025-12-01,9:53:36.530125594,T,TGT,I,17,91.18
2025-12-01,9:53:36.530125594,T,TGT,I,2,91.18
2025-12-01,9:53:36.530570336,T,TGT,I,10,91.19
2025-12-01,9:53:36.530574154,T,TGT,I,17,91.19
2025-12-01,9:53:36.530574154,T,TGT,,100,91.19
2025-12-01,9:53:36.530616100,T,TGT,F,100,91.18
2025-12-01,9:53:36.530616100,T,TGT,F I,12,91.18
2025-12-01,9:53:36.530621508,T,TGT,F I,33,91.18
2025-12-01,9:53:36.530621508,T,TGT,F I,33,91.17
2025-12-01,9:53:36.530625144,T,TGT,F I,17,91.17
2025-12-01,9:53:36.530625144,T,TGT,F I,10,91.17
2025-12-01,9:53:36.530628519,T,TGT,F,100,91.16
2025-12-01,9:53:36.530628519,T,TGT,F I,10,91.16
2025-12-01,9:53:36.530630514,T,TGT,F I,17,91.16
2025-12-01,9:53:36.530856073,T,TGT,I,10,91.18
2025-12-01,9:53:36.530863227,T,TGT,I,12,91.18
2025-12-01,9:53:36.530865099,T,TGT,I,33,91.18
2025-12-01,9:53:36.530868294,T,TGT,I,3,91.18
2025-12-01,9:53:36.530868294,T,TGT,I,3,91.18
2025-12-01,9:53:36.530871097,T,TGT,I,3,91.18
2025-12-01,9:53:36.530919380,T,TGT,I,3,91.18
2025-12-01,9:53:36.530919380,T,TGT,I,14,91.18
2025-12-01,9:53:36.530922800,T,TGT,I,17,91.18
2025-12-01,9:53:36.530922800,T,TGT,I,14,91.18
2025-12-01,9:53:36.531034207,T,TGT,,100,91.18
2025-12-01,9:53:36.531036825,T,TGT,I,17,91.18
2025-12-01,9:53:36.531120647,T,TGT,I,17,91.18
2025-12-01,9:53:36.531319569,T,TGT,I,17,91.18
2025-12-01,9:53:36.531487577,T,TGT,F I,14,91.17
2025-12-01,9:53:36.531490573,T,TGT,F I,17,91.17
2025-12-01,9:53:36.531490573,T,TGT,F I,6,91.17
2025-12-01,9:53:36.531601836,T,TGT,I,12,91.18
2025-12-01,9:53:36.531806310,T,TGT,F I,16,91.17
2025-12-01,9:53:36.531866519,T,TGT,I,17,91.18
2025-12-01,9:53:36.531866519,T,TGT,I,12,91.18
2025-12-01,9:53:36.531881530,T,TGT,F I,6,91.17
2025-12-01,9:53:36.531953905,T,TGT,I,17,91.18
2025-12-01,9:53:36.532055903,T,TGT,F I,8,91.17
2025-12-01,9:53:36.532058941,T,TGT,F I,8,91.17
2025-12-01,9:53:36.532098478,T,TGT,F I,6,91.17
2025-12-01,9:53:36.532101853,T,TGT,F I,14,91.17
2025-12-01,9:53:36.532101853,T,TGT,F I,17,91.17
2025-12-01,9:53:36.532104146,T,TGT,F I,8,91.17
2025-12-01,9:53:36.532107764,T,TGT,F I,6,91.17
2025-12-01,9:53:36.532278479,T,TGT,F I,7,91.17
2025-12-01,9:53:36.532330362,T,TGT,I,41,91.17
2025-12-01,9:53:36.532404709,T,TGT,F I,12,91.17
2025-12-01,9:53:36.532431788,T,TGT,F I,2,91.17
2025-12-01,9:53:36.532453185,T,TGT,F I,17,91.17
2025-12-01,9:53:36.532455904,T,TGT,F I,21,91.17
2025-12-01,9:53:36.532615206,T,TGT,I,17,91.18
2025-12-01,9:53:36.532621305,T,TGT,F I,24,91.17
2025-12-01,9:53:36.532621305,T,TGT,F I,8,91.17
2025-12-01,9:53:36.532660312,T,TGT,F I,17,91.17
2025-12-01,9:53:36.532774587,T,TGT,I,1,91.17
2025-12-01,9:53:36.532778980,T,TGT,I,17,91.17
2025-12-01,9:53:36.532778980,T,TGT,F I,10,91.15
2025-12-01,9:53:36.532780740,T,TGT,F I,17,91.15
2025-12-01,9:53:36.532900981,T,TGT,,100,91.16
2025-12-01,9:53:36.533054301,T,TGT,I,41,91.16
2025-12-01,9:53:36.533057261,T,TGT,I,17,91.16
2025-12-01,9:53:36.533226030,T,TGT,I,17,91.17
2025-12-01,9:53:36.533400158,T,TGT,F,100,91.17
2025-12-01,9:53:36.533400158,T,TGT,F I,1,91.17
2025-12-01,9:53:36.533403198,T,TGT,F I,25,91.17
2025-12-01,9:53:36.533406873,T,TGT,F,100,91.17
2025-12-01,9:53:36.533406873,T,TGT,F I,17,91.17
2025-12-01,9:53:36.533526429,T,TGT,I,12,91.16
2025-12-01,9:53:36.533962466,T,TGT,F I,17,91.15
2025-12-01,9:53:36.534034767,T,TGT,I,10,91.16
2025-12-01,9:53:36.587754576,T,TGT,I,27,91.15
2025-12-01,9:53:36.588170378,T,TGT,F I,5,91.16
2025-12-01,9:53:41.014583082,T,TGT,,100,91.14
2025-12-01,9:53:41.014601244,T,TGT,I,1,91.14
2025-12-01,9:53:41.014604381,T,TGT,I,99,91.14
2025-12-01,9:53:41.014607207,T,TGT,I,1,91.14
2025-12-01,9:53:43.513623827,T,TGT,I,72,91.12
2025-12-01,9:53:43.513638894,T,TGT,I,1,91.12
2025-12-01,9:53:43.513678417,T,TGT,I,4,91.12
2025-12-01,9:53:45.199343903,T,TGT,,100,91.15
2025-12-01,9:53:45.202705888,T,TGT,I,23,91.15
2025-12-01,9:53:45.202708992,T,TGT,I,11,91.15
2025-12-01,9:53:45.211261348,T,TGT,I,24,91.14
2025-12-01,9:53:45.652352196,T,TGT,I,5,91.135
2025-12-01,9:53:49.558995383,T,TGT,F,100,91.11
2025-12-01,9:54:02.008477965,T,TGT,F,100,91.08
2025-12-01,9:54:02.008481277,T,TGT,F,100,91.08
2025-12-01,9:54:02.008481277,T,TGT,F I,15,91.08
2025-12-01,9:54:02.038835326,T,TGT,I,22,91.06
2025-12-01,9:54:04.420320009,T,TGT,I,7,91.06
2025-12-01,9:54:04.934127104,T,TGT,I,3,91.06
2025-12-01,9:54:16.361263961,T,TGT,F I,1,91.05
2025-12-01,9:54:25.371973109,T,TGT,I,1,91.04
2025-12-01,9:54:31.906017834,T,TGT,F I,3,91.04
2025-12-01,9:54:35.991298903,T,TGT,F,100,91.02
2025-12-01,9:54:35.991298903,T,TGT,F I,70,91.01
2025-12-01,9:54:35.991301749,T,TGT,F,221,91.01
2025-12-01,9:54:35.991373865,T,TGT,F I,2,91.03
2025-12-01,9:54:35.991376885,T,TGT,F I,89,91.03
2025-12-01,9:54:35.991394886,T,TGT,I,1,91.03
2025-12-01,9:54:35.991397944,T,TGT,F I,8,91.03
2025-12-01,9:54:35.991422006,T,TGT,,473,91.03
2025-12-01,9:54:35.991482128,T,TGT,I,54,91.05
2025-12-01,9:54:35.991708230,T,TGT,I,2,91.03
2025-12-01,9:54:35.991710892,T,TGT,I,89,91.03
2025-12-01,9:54:35.991713709,T,TGT,I,1,91.03
2025-12-01,9:54:35.991713709,T,TGT,I,8,91.03
2025-12-01,9:54:35.992459501,T,TGT,I,63,91.04
2025-12-01,9:54:35.992754725,T,TGT,F I,75,91.03
2025-12-01,9:54:35.992757556,T,TGT,F I,17,91.03
2025-12-01,9:54:35.992760278,T,TGT,F,100,91.01
2025-12-01,9:54:35.992760278,T,TGT,F I,24,91.01
2025-12-01,9:54:35.992763244,T,TGT,F I,17,91.01
2025-12-01,9:54:35.992763244,T,TGT,F I,9,91.0
2025-12-01,9:54:35.992826385,T,TGT,F I,12,91.02
2025-12-01,9:54:36.019313638,T,TGT,I,40,91.03
2025-12-01,9:55:18.495884857,T,TGT,F I,1,91.12
2025-12-01,9:55:18.495978393,T,TGT,F I,5,91.13
2025-12-01,9:55:18.495978393,T,TGT,F I,17,91.13
2025-12-01,9:55:18.495980989,T,TGT,F I,4,91.13
2025-12-01,9:55:18.495984096,T,TGT,F I,1,91.13
2025-12-01,9:55:18.496435145,T,TGT,F,344,91.1
2025-12-01,9:55:18.496492516,T,TGT,F I,11,91.1
2025-12-01,9:55:18.496492516,T,TGT,F I,14,91.1
2025-12-01,9:55:18.496495303,T,TGT,F I,25,91.1
2025-12-01,9:55:18.496850145,T,TGT,I,6,91.095
2025-12-01,9:55:18.498104118,T,TGT,I,11,91.09
2025-12-01,9:55:18.498194679,T,TGT,,100,91.09
2025-12-01,9:55:18.498194679,T,TGT,,100,91.09
2025-12-01,9:55:18.498201156,T,TGT,I,2,91.09
2025-12-01,9:55:18.498201156,T,TGT,,100,91.09
2025-12-01,9:55:18.498201156,T,TGT,,100,91.09
2025-12-01,9:55:18.498203295,T,TGT,,100,91.09
2025-12-01,9:55:18.498206866,T,TGT,,960,91.09
2025-12-01,9:55:18.498218374,T,TGT,I,1,91.09
2025-12-01,9:55:18.498269961,T,TGT,I,75,91.11
2025-12-01,9:55:18.498269961,T,TGT,I,11,91.12
2025-12-01,9:55:18.498272652,T,TGT,,100,91.12
2025-12-01,9:55:18.498272652,T,TGT,I,25,91.12
2025-12-01,9:55:18.500119022,T,TGT,I,75,91.105
2025-12-01,9:55:18.500119022,T,TGT,I,91,91.105
2025-12-01,9:55:18.500272208,T,TGT,I,17,91.105
2025-12-01,9:55:18.522266706,T,TGT,F I,50,91.105
2025-12-01,9:55:18.522308749,T,TGT,I,50,91.105
2025-12-01,9:55:19.122707178,T,TGT,I,75,91.12
2025-12-01,9:55:23.330894470,T,TGT,I,2,91.15
2025-12-01,9:55:23.330947942,T,TGT,F,765,91.15
2025-12-01,9:55:23.331083263,T,TGT,F I,18,91.15
2025-12-01,9:55:23.336712689,T,TGT,I,75,91.17
2025-12-01,9:55:23.337900454,T,TGT,,100,91.15
2025-12-01,9:55:23.362044960,T,TGT,,250,91.16
2025-12-01,9:55:23.372552047,T,TGT,I,73,91.16
2025-12-01,9:55:23.813450397,T,TGT,,250,91.16
2025-12-01,9:55:23.817422846,T,TGT,I,30,91.16
2025-12-01,9:55:27.413164406,T,TGT,F I,1,91.24
2025-12-01,9:55:27.418035996,T,TGT,,100,91.3
2025-12-01,9:55:27.418039038,T,TGT,,154,91.3
2025-12-01,9:55:27.418195440,T,TGT,F,100,91.29
2025-12-01,9:55:27.418243607,T,TGT,,100,91.3
2025-12-01,9:55:27.418330693,T,TGT,I,14,91.3
2025-12-01,9:55:27.418333685,T,TGT,,100,91.3
2025-12-01,9:55:27.418375781,T,TGT,F I,14,91.29
2025-12-01,9:55:27.418423905,T,TGT,,100,91.3
2025-12-01,9:55:27.418427061,T,TGT,F I,11,91.29
2025-12-01,9:55:27.418508145,T,TGT,,100,91.29
2025-12-01,9:55:27.418511114,T,TGT,I,3,91.29
2025-12-01,9:55:27.418514108,T,TGT,I,11,91.29
2025-12-01,9:55:27.418526182,T,TGT,I,29,91.29
2025-12-01,9:55:27.418619351,T,TGT,F I,16,91.29
2025-12-01,9:55:27.418619351,T,TGT,F I,34,91.29
2025-12-01,9:55:27.418676576,T,TGT,I,57,91.3
2025-12-01,9:55:27.418760757,T,TGT,I,23,91.3
2025-12-01,9:55:27.418760757,T,TGT,I,34,91.31
2025-12-01,9:55:27.418905732,T,TGT,I,22,91.31
2025-12-01,9:55:27.418905732,T,TGT,I,1,91.31
2025-12-01,9:55:27.419157621,T,TGT,F I,7,91.31
2025-12-01,9:55:27.419163706,T,TGT,F I,3,91.31
2025-12-01,9:55:27.419170328,T,TGT,F I,61,91.31
2025-12-01,9:55:27.419172719,T,TGT,F I,36,91.31
2025-12-01,9:55:27.419226832,T,TGT,I,75,91.31
2025-12-01,9:55:27.419274945,T,TGT,F I,17,91.3
2025-12-01,9:55:27.419305917,T,TGT,,100,91.3
2025-12-01,9:55:27.419305917,T,TGT,I,50,91.3
2025-12-01,9:55:27.419308892,T,TGT,I,75,91.3
2025-12-01,9:55:27.419308892,T,TGT,I,31,91.31
2025-12-01,9:55:27.419440458,T,TGT,I,12,91.3
2025-12-01,9:55:27.419468048,T,TGT,I,70,91.3
2025-12-01,9:55:27.419470593,T,TGT,,330,91.3
2025-12-01,9:55:27.419473482,T,TGT,I,2,91.3
2025-12-01,9:55:27.419482696,T,TGT,F I,17,91.29
2025-12-01,9:55:27.420808632,T,TGT,I,59,91.3
2025-12-01,9:55:27.821330064,T,TGT,F I,30,91.275
2025-12-01,9:55:27.821330064,T,TGT,F I,82,91.275
2025-12-01,9:55:28.572408224,T,TGT,F I,50,91.31
2025-12-01,9:55:28.572432198,T,TGT,F I,37,91.31
2025-12-01,9:55:31.573016795,T,TGT,,100,91.29
2025-12-01,9:55:32.573052340,T,TGT,I,75,91.29
2025-12-01,9:55:32.573052340,T,TGT,I,25,91.29
2025-12-01,9:55:33.166040986,T,TGT,F I,1,91.25
2025-12-01,9:55:33.166040986,T,TGT,F I,12,91.24
2025-12-01,9:55:33.166068124,T,TGT,F,100,91.23
2025-12-01,9:55:33.166080231,T,TGT,F I,17,91.22
2025-12-01,9:55:33.166080231,T,TGT,F I,3,91.22
2025-12-01,9:55:33.166084001,T,TGT,F I,11,91.21
2025-12-01,9:55:33.166086161,T,TGT,F I,17,91.21
2025-12-01,9:55:33.174229740,T,TGT,F,100,91.15
2025-12-01,9:55:33.174232866,T,TGT,F,100,91.15
2025-12-01,9:55:33.174232866,T,TGT,F,120,91.15
2025-12-01,9:55:33.174235902,T,TGT,F I,6,91.15
2025-12-01,9:55:33.174235902,T,TGT,F I,25,91.15
2025-12-01,9:55:33.174304701,T,TGT,,100,91.17
2025-12-01,9:55:33.174328809,T,TGT,I,1,91.17
2025-12-01,9:55:33.191283130,T,TGT,,100,91.17
2025-12-01,9:55:33.191875532,T,TGT,I,10,91.14
2025-12-01,9:55:33.191896868,T,TGT,F I,90,91.14
2025-12-01,9:55:33.191917628,T,TGT,I,1,91.14
2025-12-01,9:55:33.192627418,T,TGT,I,14,91.16
2025-12-01,9:55:35.412606232,T,TGT,I,2,91.14
2025-12-01,9:55:35.721402911,T,TGT,F I,12,91.14
2025-12-01,9:55:35.740901390,T,TGT,,100,91.14
2025-12-01,9:55:37.155306080,T,TGT,I,70,91.15
2025-12-01,9:55:37.155306080,T,TGT,I,30,91.15
2025-12-01,9:55:43.078746033,T,TGT,I,50,91.15
2025-12-01,9:55:48.733799690,T,TGT,,100,91.16
2025-12-01,9:55:48.735056656,T,TGT,I,3,91.16
2025-12-01,9:55:48.735760724,T,TGT,F I,3,91.15
2025-12-01,9:55:48.743103861,T,TGT,,190,91.175
2025-12-01,9:55:48.745632821,T,TGT,,100,91.18
2025-12-01,9:55:48.745635884,T,TGT,I,80,91.15
2025-12-01,9:55:48.745635884,T,TGT,,132,91.15
2025-12-01,9:55:48.747566411,T,TGT,,100,91.19
2025-12-01,9:55:48.747584514,T,TGT,I,15,91.15
2025-12-01,9:55:48.781815035,T,TGT,F,127,91.17
2025-12-01,9:55:48.781815035,T,TGT,F,127,91.16
2025-12-01,9:55:48.781815035,T,TGT,F I,80,91.16
2025-12-01,9:55:48.781818896,T,TGT,F,100,91.15
2025-12-01,9:55:48.781818896,T,TGT,F,100,91.15
2025-12-01,9:55:48.781821257,T,TGT,F I,11,91.15
2025-12-01,9:55:48.781902287,T,TGT,,100,91.17
2025-12-01,9:55:48.781941383,T,TGT,,100,91.18
2025-12-01,9:55:48.782503661,T,TGT,F,100,91.18
2025-12-01,9:55:48.782506684,T,TGT,F,150,91.18
2025-12-01,9:55:48.782542788,T,TGT,I,17,91.17
2025-12-01,9:55:48.782924929,T,TGT,F,100,91.16
2025-12-01,9:55:48.782924929,T,TGT,F I,17,91.16
2025-12-01,9:55:48.782924929,T,TGT,F,100,91.16
2025-12-01,9:55:48.783348650,T,TGT,F,100,91.16
2025-12-01,9:55:48.783348650,T,TGT,F,100,91.15
2025-12-01,9:55:48.783754696,T,TGT,F,100,91.16
2025-12-01,9:55:48.784840390,T,TGT,F I,40,91.15
2025-12-01,9:55:48.791395903,T,TGT,I,30,91.15
2025-12-01,9:55:48.892529852,T,TGT,I,17,91.17
2025-12-01,9:55:48.896784961,T,TGT,I,51,91.17
2025-12-01,9:55:48.896808978,T,TGT,,100,91.17
2025-12-01,9:55:48.896830071,T,TGT,I,1,91.17
2025-12-01,9:55:48.897046615,T,TGT,,100,91.17
2025-12-01,9:55:48.897786297,T,TGT,,200,91.15
2025-12-01,9:55:48.897786297,T,TGT,F,200,91.15
2025-12-01,9:55:48.897807366,T,TGT,I,1,91.15
2025-12-01,9:55:48.897819453,T,TGT,I,11,91.15
2025-12-01,9:55:48.898378780,T,TGT,F,188,91.15
2025-12-01,9:55:48.898396789,T,TGT,I,9,91.15
2025-12-01,9:55:48.902868473,T,TGT,F I,17,91.15
2025-12-01,9:55:48.902871430,T,TGT,F,100,91.15
2025-12-01,9:55:48.902922936,T,TGT,I,14,91.17
2025-12-01,9:55:48.902922936,T,TGT,I,86,91.17
2025-12-01,9:55:48.903313543,T,TGT,F,100,91.15
2025-12-01,9:55:48.903316550,T,TGT,F I,14,91.15
2025-12-01,9:55:48.903319478,T,TGT,F,100,91.15
2025-12-01,9:56:04.131659518,T,TGT,I,30,91.18
2025-12-01,9:56:04.139375917,T,TGT,,100,91.15
2025-12-01,9:56:06.511938216,T,TGT,I,12,91.14
2025-12-01,9:56:19.104237338,T,TGT,,250,91.155
2025-12-01,9:56:19.106877483,T,TGT,I,88,91.14
2025-12-01,9:56:19.106880441,T,TGT,I,12,91.14
2025-12-01,9:56:19.106898929,T,TGT,I,5,91.14
2025-12-01,9:56:19.106901596,T,TGT,I,1,91.14
2025-12-01,9:56:19.106919505,T,TGT,I,82,91.14
2025-12-01,9:56:19.106922780,T,TGT,I,19,91.14
2025-12-01,9:56:19.106922780,T,TGT,I,29,91.14
2025-12-01,9:56:19.106973976,T,TGT,I,23,91.16
2025-12-01,9:56:19.106997805,T,TGT,F,100,91.16
2025-12-01,9:56:19.106997805,T,TGT,F I,25,91.16
2025-12-01,9:56:19.107220205,T,TGT,,100,91.17
2025-12-01,9:56:19.108203646,T,TGT,I,12,91.17
2025-12-01,9:56:19.109322263,T,TGT,,100,91.185
2025-12-01,9:56:19.111773130,T,TGT,I,50,91.185
2025-12-01,9:56:19.134320933,T,TGT,F I,17,91.17
2025-12-01,9:56:19.134324549,T,TGT,F I,3,91.17
2025-12-01,9:56:19.134324549,T,TGT,F I,49,91.17
2025-12-01,9:56:19.134326854,T,TGT,F I,51,91.17
2025-12-01,9:56:19.134330386,T,TGT,F,200,91.17
2025-12-01,9:56:19.134330386,T,TGT,F I,50,91.17
2025-12-01,9:56:19.134333238,T,TGT,F,100,91.17
2025-12-01,9:56:19.134333238,T,TGT,F,200,91.17
2025-12-01,9:56:19.134335813,T,TGT,F I,7,91.17
2025-12-01,9:56:19.140972635,T,TGT,F I,5,91.17
2025-12-01,9:56:19.140975728,T,TGT,F,100,91.17
2025-12-01,9:56:19.140975728,T,TGT,F,100,91.17
2025-12-01,9:56:19.140978799,T,TGT,F,100,91.17
2025-12-01,9:56:19.140978799,T,TGT,F I,1,91.17
2025-12-01,9:56:30.578322610,T,TGT,,100,91.17
2025-12-01,9:56:30.578322610,T,TGT,I,17,91.19
2025-12-01,9:56:30.584207177,T,TGT,,100,91.19
2025-12-01,9:56:30.584231250,T,TGT,I,1,91.19
2025-12-01,9:56:30.584252276,T,TGT,F I,99,91.19
2025-12-01,9:56:30.584258235,T,TGT,F,100,91.17
2025-12-01,9:56:30.584261754,T,TGT,F I,24,91.17
2025-12-01,9:56:30.584264536,T,TGT,F,200,91.165
2025-12-01,9:56:30.584264536,T,TGT,F I,58,91.16
2025-12-01,9:56:30.584267973,T,TGT,I,99,91.19
2025-12-01,9:56:30.584267973,T,TGT,I,1,91.19
2025-12-01,9:56:30.584270298,T,TGT,I,26,91.19
2025-12-01,9:56:30.584282462,T,TGT,I,1,91.18
2025-12-01,9:56:30.584285583,T,TGT,I,24,91.19
2025-12-01,9:56:30.584543979,T,TGT,F,100,91.19
2025-12-01,9:56:30.586225406,T,TGT,F,100,91.19
2025-12-01,9:56:30.586228168,T,TGT,F I,34,91.19
2025-12-01,9:56:30.586230936,T,TGT,F,100,91.19
2025-12-01,9:56:30.586673041,T,TGT,,100,91.2
2025-12-01,9:56:30.586958677,T,TGT,F I,15,91.2
2025-12-01,9:56:30.587000854,T,TGT,I,75,91.2
2025-12-01,9:56:30.587271411,T,TGT,F,100,91.2
2025-12-01,9:56:30.587274507,T,TGT,F I,25,91.2
2025-12-01,9:56:30.588308901,T,TGT,I,4,91.2
2025-12-01,9:56:30.588317993,T,TGT,I,4,91.2
2025-12-01,9:56:30.588354041,T,TGT,F,100,91.2
2025-12-01,9:56:30.594768546,T,TGT,F,100,91.19
2025-12-01,9:56:30.594768546,T,TGT,F,100,91.19
2025-12-01,9:56:30.594771378,T,TGT,F I,15,91.19
2025-12-01,9:56:30.594945794,T,TGT,F,100,91.19
2025-12-01,9:56:30.595081293,T,TGT,I,18,91.2
2025-12-01,9:56:30.595081293,T,TGT,,100,91.2
2025-12-01,9:56:30.599944140,T,TGT,F I,18,91.19
2025-12-01,9:56:30.599944140,T,TGT,F I,14,91.19
2025-12-01,9:56:30.599946624,T,TGT,F I,11,91.19
2025-12-01,9:56:30.601164742,T,TGT,F I,22,91.16
2025-12-01,9:56:30.601164742,T,TGT,F I,25,91.15
2025-12-01,9:56:30.601167730,T,TGT,F I,22,91.15
2025-12-01,9:56:30.601167730,T,TGT,F I,3,91.15
2025-12-01,9:56:30.601221639,T,TGT,I,15,91.17
2025-12-01,9:56:30.601221639,T,TGT,I,9,91.18
2025-12-01,9:56:30.601245710,T,TGT,I,13,91.17
2025-12-01,9:56:30.601251789,T,TGT,I,9,91.17
2025-12-01,9:56:30.601456721,T,TGT,I,22,91.19
2025-12-01,9:56:30.601460348,T,TGT,I,11,91.19
2025-12-01,9:56:30.601754005,T,TGT,F I,22,91.17
2025-12-01,9:56:30.601756947,T,TGT,F I,30,91.17
2025-12-01,9:56:30.602150879,T,TGT,F I,50,91.17
2025-12-01,9:56:30.605735591,T,TGT,I,20,91.17
2025-12-01,9:56:30.605735591,T,TGT,I,9,91.17
2025-12-01,9:56:30.605738566,T,TGT,I,15,91.17
2025-12-01,9:56:30.605738566,T,TGT,I,11,91.17
2025-12-01,9:56:30.610592051,T,TGT,F I,30,91.16
2025-12-01,9:56:30.610595034,T,TGT,F I,22,91.15
2025-12-01,9:56:30.610595034,T,TGT,F I,98,91.15
2025-12-01,9:56:30.610823586,T,TGT,I,15,91.17
2025-12-01,9:56:30.610823586,T,TGT,I,22,91.17
2025-12-01,9:56:30.611957280,T,TGT,F,100,91.15
2025-12-01,9:56:30.611963628,T,TGT,F I,22,91.15
2025-12-01,9:56:30.611963628,T,TGT,F,100,91.15
2025-12-01,9:56:30.611966306,T,TGT,F I,15,91.15
2025-12-01,9:56:30.611969303,T,TGT,F I,24,91.15
2025-12-01,9:56:30.611987284,T,TGT,I,11,91.18
2025-12-01,9:56:30.612107643,T,TGT,,100,91.16
2025-12-01,9:56:30.612134743,T,TGT,I,22,91.19
2025-12-01,9:56:30.612137898,T,TGT,I,17,91.19
2025-12-01,9:56:30.612137898,T,TGT,I,22,91.19
2025-12-01,9:56:30.612483528,T,TGT,F I,22,91.17
2025-12-01,9:56:30.612483528,T,TGT,F I,21,91.17
2025-12-01,9:56:30.612630898,T,TGT,,100,91.19
2025-12-01,9:56:30.618940671,T,TGT,I,80,91.2
2025-12-01,9:56:30.618940671,T,TGT,I,42,91.21
2025-12-01,9:56:30.618960904,T,TGT,F I,58,91.21
2025-12-01,9:56:30.618965699,T,TGT,F I,11,91.21
2025-12-01,9:56:30.618965699,T,TGT,F I,11,91.21
2025-12-01,9:56:30.620654038,T,TGT,I,4,91.21
2025-12-01,9:56:30.621051071,T,TGT,F I,27,91.21
2025-12-01,9:56:30.621051071,T,TGT,F I,28,91.21
2025-12-01,9:56:30.621114120,T,TGT,I,20,91.23
2025-12-01,9:56:30.622377216,T,TGT,F I,27,91.21
2025-12-01,9:56:30.622380914,T,TGT,F I,28,91.21
2025-12-01,9:56:30.622380914,T,TGT,F,100,91.21
2025-12-01,9:56:30.622653711,T,TGT,F,100,91.21
2025-12-01,9:56:30.622668721,T,TGT,,100,91.22
2025-12-01,9:56:30.631296350,T,TGT,F I,22,91.2
2025-12-01,9:56:30.631296350,T,TGT,F,100,91.2
2025-12-01,9:56:30.631299775,T,TGT,F I,28,91.2
2025-12-01,9:56:30.631299775,T,TGT,F I,1,91.2
2025-12-01,9:56:30.631299775,T,TGT,F,100,91.2
2025-12-01,9:56:30.637704655,T,TGT,F I,70,91.16
2025-12-01,9:56:30.637704655,T,TGT,F,120,91.15
2025-12-01,9:56:30.637707640,T,TGT,F,100,91.15
2025-12-01,9:56:30.637734685,T,TGT,F I,50,91.16
2025-12-01,9:56:30.637746705,T,TGT,F I,50,91.16
2025-12-01,9:56:30.639012699,T,TGT,F I,50,91.16
2025-12-01,9:56:30.639012699,T,TGT,F I,50,91.16
2025-12-01,9:56:30.639054840,T,TGT,I,18,91.17
2025-12-01,9:56:30.639077429,T,TGT,F I,82,91.17
2025-12-01,9:56:30.639077429,T,TGT,F I,18,91.17
2025-12-01,9:56:30.639081885,T,TGT,F I,6,91.17
2025-12-01,9:56:30.639523976,T,TGT,,100,91.18
2025-12-01,9:56:30.639789422,T,TGT,I,11,91.2
2025-12-01,9:56:30.639789422,T,TGT,I,22,91.2
2025-12-01,9:56:30.639793624,T,TGT,I,46,91.2
2025-12-01,9:56:30.639793624,T,TGT,I,17,91.2
2025-12-01,9:56:30.639797903,T,TGT,I,40,91.2
2025-12-01,9:56:30.640110421,T,TGT,F I,28,91.19
2025-12-01,9:56:30.640110421,T,TGT,F I,22,91.19
2025-12-01,9:56:30.640113538,T,TGT,F I,28,91.19
2025-12-01,9:56:30.640113538,T,TGT,F I,66,91.19
2025-12-01,9:56:30.642501003,T,TGT,I,13,91.2
2025-12-01,9:56:30.642525030,T,TGT,I,34,91.2
2025-12-01,9:56:30.646133657,T,TGT,I,9,91.2
2025-12-01,9:56:30.648337914,T,TGT,F I,34,91.19
2025-12-01,9:56:30.648340889,T,TGT,F I,22,91.18
2025-12-01,9:56:30.648340889,T,TGT,F,100,91.18
2025-12-01,9:56:30.650130214,T,TGT,I,40,91.16
2025-12-01,9:56:31.720999397,T,TGT,F I,9,91.19
2025-12-01,9:56:31.722824789,T,TGT,I,30,91.205
2025-12-01,9:56:31.725200399,T,TGT,I,42,91.19
2025-12-01,9:56:31.725937451,T,TGT,F I,18,91.18
2025-12-01,9:56:31.725940684,T,TGT,F I,28,91.18
2025-12-01,9:56:31.725943200,T,TGT,F I,28,91.18
2025-12-01,9:56:31.725946296,T,TGT,F,127,91.18
2025-12-01,9:56:31.725946296,T,TGT,F I,22,91.17
2025-12-01,9:56:31.725949160,T,TGT,F,100,91.17
2025-12-01,9:56:31.727176187,T,TGT,F,100,91.16
2025-12-01,9:56:31.727179520,T,TGT,F,120,91.16
2025-12-01,9:56:31.727182173,T,TGT,F,100,91.16
2025-12-01,9:56:31.727182173,T,TGT,F,100,91.16
2025-12-01,9:56:31.727185276,T,TGT,F I,9,91.16
2025-12-01,9:56:31.727185276,T,TGT,F I,22,91.16
2025-12-01,9:56:31.727209257,T,TGT,I,18,91.17
2025-12-01,9:56:31.727233213,T,TGT,I,82,91.17
2025-12-01,9:56:31.727693512,T,TGT,F I,18,91.17
2025-12-01,9:56:31.727693512,T,TGT,F I,82,91.17
2025-12-01,9:56:31.727696310,T,TGT,F I,9,91.17
2025-12-01,9:56:31.727699424,T,TGT,F I,86,91.17
2025-12-01,9:56:31.728144982,T,TGT,F,100,91.16
2025-12-01,9:56:31.728147469,T,TGT,F,100,91.16
2025-12-01,9:56:31.728574819,T,TGT,F,100,91.16
2025-12-01,9:56:31.728577513,T,TGT,F,200,91.15
2025-12-01,9:56:31.728580489,T,TGT,F,100,91.15
2025-12-01,9:56:31.728635342,T,TGT,F,100,91.16
2025-12-01,9:56:31.728661916,T,TGT,F I,20,91.16
2025-12-01,9:56:31.728661916,T,TGT,F,100,91.17
2025-12-01,9:56:31.729137280,T,TGT,F,100,91.16
2025-12-01,9:56:31.729137280,T,TGT,F,100,91.16
2025-12-01,9:56:31.729143275,T,TGT,F,100,91.16
2025-12-01,9:56:31.729143275,T,TGT,F,100,91.16
2025-12-01,9:56:31.729147182,T,TGT,F,100,91.16
2025-12-01,9:56:31.729147182,T,TGT,F,100,91.16
2025-12-01,9:56:31.729149512,T,TGT,F I,3,91.16
2025-12-01,9:56:31.729151865,T,TGT,F I,9,91.16
2025-12-01,9:56:31.730051587,T,TGT,F I,4,91.17
2025-12-01,9:56:31.730055292,T,TGT,F,145,91.17
2025-12-01,9:56:31.730060499,T,TGT,F I,29,91.17
2025-12-01,9:56:31.730060499,T,TGT,F,100,91.17
2025-12-01,9:56:31.733031118,T,TGT,I,22,91.18
2025-12-01,9:56:31.733031118,T,TGT,,100,91.18
2025-12-01,9:56:31.742693106,T,TGT,F I,28,91.16
2025-12-01,9:56:31.742693106,T,TGT,F I,42,91.16
2025-12-01,9:56:31.842820183,T,TGT,I,22,91.14
2025-12-01,9:56:31.842823005,T,TGT,I,28,91.14
2025-12-01,9:56:31.842823005,T,TGT,I,50,91.14
2025-12-01,9:56:31.842837729,T,TGT,I,1,91.14
2025-12-01,9:56:31.843216545,T,TGT,I,61,91.17
2025-12-01,9:56:31.846461289,T,TGT,I,61,91.18
2025-12-01,9:56:31.878051888,T,TGT,F I,22,91.15
2025-12-01,9:56:31.878054948,T,TGT,F I,28,91.15
2025-12-01,9:56:31.878057596,T,TGT,F,100,91.15
2025-12-01,9:56:31.878057596,T,TGT,F I,19,91.15
2025-12-01,9:56:31.878421476,T,TGT,I,6,91.17
2025-12-01,9:56:31.879019845,T,TGT,,100,91.18
2025-12-01,9:56:31.879019845,T,TGT,,100,91.18
2025-12-01,9:56:31.883924674,T,TGT,F I,17,91.16
2025-12-01,9:56:31.883927665,T,TGT,F I,28,91.16
2025-12-01,9:56:31.883930990,T,TGT,F I,31,91.16
2025-12-01,9:56:31.883930990,T,TGT,F I,45,91.16
2025-12-01,9:56:31.883933563,T,TGT,F I,11,91.15
2025-12-01,9:56:31.884406229,T,TGT,I,17,91.18
2025-12-01,9:56:31.884408714,T,TGT,I,11,91.18
2025-12-01,9:56:31.889000604,T,TGT,F I,11,91.15
2025-12-01,9:56:31.889003620,T,TGT,F I,22,91.15
2025-12-01,9:56:31.889006679,T,TGT,F I,28,91.15
2025-12-01,9:56:33.175871558,T,TGT,F I,22,91.15
2025-12-01,9:56:33.175874568,T,TGT,F I,2,91.15
2025-12-01,9:56:33.175931820,T,TGT,I,17,91.17
2025-12-01,9:56:33.176274605,T,TGT,F I,17,91.15
2025-12-01,9:56:35.032221098,T,TGT,I,3,91.15
2025-12-01,9:56:38.207013734,T,TGT,I,31,91.18
2025-12-01,9:56:38.207079923,T,TGT,I,44,91.18
2025-12-01,9:56:38.207082926,T,TGT,,127,91.185
2025-12-01,9:56:38.209705470,T,TGT,F I,2,91.16
2025-12-01,9:56:38.209705470,T,TGT,F I,17,91.16
2025-12-01,9:56:38.210108063,T,TGT,F I,11,91.16
2025-12-01,9:56:38.211094724,T,TGT,I,12,91.16
2025-12-01,9:56:38.211097406,T,TGT,I,23,91.16
2025-12-01,9:56:38.211097406,T,TGT,I,8,91.16
2025-12-01,9:56:38.211148623,T,TGT,I,7,91.16
2025-12-01,9:56:38.211341036,T,TGT,I,8,91.17
2025-12-01,9:56:38.211353052,T,TGT,I,8,91.17
2025-12-01,9:56:38.211365140,T,TGT,I,8,91.17
2025-12-01,9:56:38.211729155,T,TGT,I,11,91.19
2025-12-01,9:56:38.211731927,T,TGT,I,21,91.19
2025-12-01,9:56:38.211734980,T,TGT,I,17,91.19
2025-12-01,9:56:38.215816064,T,TGT,F I,13,91.18
2025-12-01,9:56:38.215816064,T,TGT,F I,13,91.18
2025-12-01,9:56:38.215818654,T,TGT,F I,3,91.18
2025-12-01,9:56:38.215821761,T,TGT,F I,21,91.17
2025-12-01,9:56:38.215821761,T,TGT,F,100,91.17
2025-12-01,9:56:38.215824930,T,TGT,F I,11,91.17
2025-12-01,9:56:38.215827681,T,TGT,F I,21,91.17
2025-12-01,9:56:38.215827681,T,TGT,F I,11,91.17
2025-12-01,9:56:40.743818491,T,TGT,I,70,91.18
2025-12-01,9:56:40.744278567,T,TGT,I,21,91.19
2025-12-01,9:56:40.748094652,T,TGT,I,97,91.19
2025-12-01,9:56:40.748371281,T,TGT,I,69,91.19
2025-12-01,9:56:40.748371281,T,TGT,I,6,91.19
2025-12-01,9:56:40.748479510,T,TGT,F I,24,91.18
2025-12-01,9:56:40.748485614,T,TGT,F I,72,91.19
2025-12-01,9:56:40.748747496,T,TGT,F I,12,91.19
2025-12-01,9:56:40.748996749,T,TGT,F I,50,91.18
2025-12-01,9:56:40.749102103,T,TGT,F I,3,91.19
2025-12-01,9:56:40.754157104,T,TGT,F I,10,91.19
2025-12-01,9:56:40.754334515,T,TGT,F I,7,91.18
2025-12-01,9:56:40.754334515,T,TGT,F I,18,91.18
2025-12-01,9:56:40.754337533,T,TGT,F I,25,91.17
2025-12-01,9:56:40.754340852,T,TGT,F I,25,91.17
2025-12-01,9:56:40.754340852,T,TGT,F I,21,91.15
2025-12-01,9:56:40.754343571,T,TGT,F I,11,91.15
2025-12-01,9:56:40.754686408,T,TGT,F I,22,91.17
2025-12-01,9:56:40.754686408,T,TGT,F I,21,91.17
2025-12-01,9:56:40.755167502,T,TGT,F I,17,91.15
2025-12-01,9:56:40.755167502,T,TGT,F I,17,91.15
2025-12-01,9:56:40.755177022,T,TGT,I,3,91.17
2025-12-01,9:56:40.755177022,T,TGT,I,19,91.17
2025-12-01,9:56:40.755182546,T,TGT,,100,91.18
2025-12-01,9:56:40.755194519,T,TGT,I,18,91.16
2025-12-01,9:56:40.755194519,T,TGT,I,4,91.17
2025-12-01,9:56:40.755212554,T,TGT,F I,17,91.16
2025-12-01,9:56:40.756684112,T,TGT,F I,4,91.16
2025-12-01,9:56:40.756684112,T,TGT,F I,17,91.16
2025-12-01,9:56:40.756686194,T,TGT,F I,5,91.16
2025-12-01,9:56:40.756689553,T,TGT,F,100,91.15
2025-12-01,9:56:40.756689553,T,TGT,F I,21,91.15
2025-12-01,9:56:40.756692510,T,TGT,F I,8,91.15
2025-12-01,9:56:40.756692510,T,TGT,F,100,91.15
2025-12-01,9:56:43.729231832,T,TGT,I,75,91.155
2025-12-01,9:56:44.605053443,T,TGT,I,21,91.17
2025-12-01,9:56:44.605080458,T,TGT,,100,91.18
2025-12-01,9:56:44.662496264,T,TGT,I,75,91.195
2025-12-01,9:56:44.692206993,T,TGT,I,29,91.195
2025-12-01,9:56:49.265517467,T,TGT,I,12,91.23
2025-12-01,9:56:49.365132777,T,TGT,I,12,91.23
2025-12-01,9:56:50.318924173,T,TGT,,100,91.2
2025-12-01,9:56:50.318954204,T,TGT,I,66,91.2
2025-12-01,9:56:50.392867336,T,TGT,F I,13,91.2
2025-12-01,9:56:57.059344562,T,TGT,,100,91.16
2025-12-01,9:56:57.059395597,T,TGT,I,18,91.18
2025-12-01,9:56:57.059395597,T,TGT,I,82,91.18
2025-12-01,9:56:57.059411345,T,TGT,I,26,91.17
2025-12-01,9:56:57.059428755,T,TGT,F I,18,91.16
2025-12-01,9:56:57.059540293,T,TGT,I,44,91.165
2025-12-01,9:56:57.060745840,T,TGT,F I,44,91.17
2025-12-01,9:56:57.067650315,T,TGT,I,4,91.18
2025-12-01,9:57:00.443812248,T,TGT,I,44,91.16
2025-12-01,9:57:00.443815045,T,TGT,I,1,91.16
2025-12-01,9:57:00.443817787,T,TGT,I,14,91.16
2025-12-01,9:57:00.443851347,T,TGT,F I,13,91.16
2025-12-01,9:57:00.769325193,T,TGT,,100,91.13
2025-12-01,9:57:04.154857069,T,TGT,,100,91.14
2025-12-01,9:57:04.154857069,T,TGT,I,6,91.14
2025-12-01,9:57:04.867693115,T,TGT,I,6,91.14
2025-12-01,9:57:04.869232814,T,TGT,I,6,91.14
2025-12-01,9:57:05.255421828,T,TGT,I,6,91.14
2025-12-01,9:57:06.006088269,T,TGT,I,1,91.14
2025-12-01,9:57:07.514938883,T,TGT,I,6,91.14
2025-12-01,9:57:07.515492231,T,TGT,I,69,91.14
2025-12-01,9:57:10.104182607,T,TGT,F,120,91.11
2025-12-01,9:57:10.107367130,T,TGT,F,100,91.12
2025-12-01,9:57:10.107388177,T,TGT,I,1,91.12
2025-12-01,9:57:10.108392586,T,TGT,F,100,91.13
2025-12-01,9:57:32.564124162,T,TGT,,100,91.19
2025-12-01,9:57:58.202235406,T,TGT,F I,1,91.23
2025-12-01,9:57:58.203230750,T,TGT,I,3,91.24
2025-12-01,9:57:58.204295237,T,TGT,I,5,91.25
2025-12-01,9:57:58.205329690,T,TGT,I,68,91.25
2025-12-01,9:57:58.206484506,T,TGT,I,32,91.255
2025-12-01,9:57:58.206487614,T,TGT,I,75,91.255
2025-12-01,9:57:58.206487614,T,TGT,I,46,91.255
2025-12-01,9:58:05.437971858,T,TGT,I,42,91.25
2025-12-01,9:58:08.754961190,T,TGT,I,10,91.26
2025-12-01,9:58:08.754964250,T,TGT,I,19,91.26
2025-12-01,9:58:08.754988267,T,TGT,F I,39,91.26
2025-12-01,9:58:08.755000338,T,TGT,,100,91.27
2025-12-01,9:58:20.118120701,T,TGT,F I,4,91.29
2025-12-01,9:58:20.147723843,T,TGT,F,100,91.25
2025-12-01,9:58:20.147723843,T,TGT,F I,6,91.24
2025-12-01,9:58:20.147726251,T,TGT,F I,20,91.24
2025-12-01,9:58:20.147729264,T,TGT,F I,80,91.24
2025-12-01,9:58:20.165369506,T,TGT,F,100,91.18
2025-12-01,9:58:20.165369506,T,TGT,F,100,91.18
2025-12-01,9:58:20.165745238,T,TGT,,100,91.19
2025-12-01,9:58:20.165826393,T,TGT,,100,91.19
2025-12-01,9:58:20.166048887,T,TGT,F,100,91.19
2025-12-01,9:58:20.166051947,T,TGT,F,100,91.19
2025-12-01,9:58:20.166087984,T,TGT,,100,91.18
2025-12-01,9:58:20.166166194,T,TGT,I,28,91.19
2025-12-01,9:58:20.166235315,T,TGT,F I,1,91.18
2025-12-01,9:58:20.166239028,T,TGT,F I,23,91.17
2025-12-01,9:58:20.166239028,T,TGT,F I,25,91.17
2025-12-01,9:58:20.166241419,T,TGT,F I,11,91.16
2025-12-01,9:58:20.166244471,T,TGT,F I,23,91.16
2025-12-01,9:58:20.166244471,T,TGT,F I,17,91.16
2025-12-01,9:58:20.166707805,T,TGT,F I,83,91.16
2025-12-01,9:58:20.166707805,T,TGT,F I,17,91.16
2025-12-01,9:58:20.166761634,T,TGT,I,18,91.17
2025-12-01,9:58:20.166824815,T,TGT,I,25,91.17
2025-12-01,9:58:20.166969454,T,TGT,F I,11,91.17
2025-12-01,9:58:20.166969454,T,TGT,F I,1,91.17
2025-12-01,9:58:20.166972212,T,TGT,F I,83,91.16
2025-12-01,9:58:20.166975172,T,TGT,F I,88,91.16
2025-12-01,9:58:20.167056299,T,TGT,I,8,91.17
2025-12-01,9:58:20.168574964,T,TGT,I,1,91.17
2025-12-01,9:58:20.169149250,T,TGT,F I,11,91.16
2025-12-01,9:58:20.169155680,T,TGT,F I,29,91.16
2025-12-01,9:58:20.169158325,T,TGT,F I,60,91.17
2025-12-01,9:58:20.169173326,T,TGT,I,40,91.17
2025-12-01,9:58:20.169218428,T,TGT,I,17,91.17
2025-12-01,9:58:20.170469468,T,TGT,F I,23,91.15
2025-12-01,9:58:20.179340662,T,TGT,F I,22,91.15
2025-12-01,9:58:20.179343642,T,TGT,F I,78,91.15
2025-12-01,9:58:20.179364582,T,TGT,I,1,91.15
2025-12-01,9:58:20.179863932,T,TGT,I,21,91.15
2025-12-01,9:58:20.179863932,T,TGT,I,79,91.15
2025-12-01,9:58:20.179978056,T,TGT,I,23,91.17
2025-12-01,9:58:20.209854676,T,TGT,,117,91.2
2025-12-01,9:58:23.996839536,T,TGT,F I,10,91.3
2025-12-01,9:58:35.279879210,T,TGT,F I,4,91.28
2025-12-01,9:58:35.279882118,T,TGT,F I,50,91.28
2025-12-01,9:58:35.279939300,T,TGT,,100,91.27
2025-12-01,9:58:35.280432507,T,TGT,I,75,91.28
2025-12-01,9:58:35.280435465,T,TGT,I,25,91.28
2025-12-01,9:58:35.382474574,T,TGT,F I,40,91.24
2025-12-01,9:58:35.382525726,T,TGT,F I,40,91.23
2025-12-01,9:58:46.184742121,T,TGT,F I,75,91.24
2025-12-01,9:58:46.184744188,T,TGT,F I,4,91.25
2025-12-01,9:58:46.184747457,T,TGT,F I,25,91.25
2025-12-01,9:58:46.184750112,T,TGT,F I,75,91.25
2025-12-01,9:58:46.184753023,T,TGT,F I,29,91.25
2025-12-01,9:58:46.184762109,T,TGT,I,31,91.25
2025-12-01,9:58:46.184888380,T,TGT,F I,1,91.26
2025-12-01,9:58:46.185441677,T,TGT,F I,17,91.3
2025-12-01,9:58:46.186978396,T,TGT,F I,17,91.32
2025-12-01,9:59:25.454619607,T,TGT,I,1,91.31
2025-12-01,9:59:59.180183361,T,TGT,,100,91.35
2025-12-01,9:59:59.180186428,T,TGT,I,49,91.35
2025-12-01,9:59:59.244167363,T,TGT,,100,91.36
2025-12-01,9:59:59.244167363,T,TGT,,100,91.37
2025-12-01,9:59:59.244170046,T,TGT,I,12,91.37
2025-12-01,9:59:59.244170046,T,TGT,I,17,91.37
2025-12-01,9:59:59.247522747,T,TGT,I,80,91.39
2025-12-01,9:59:59.247526142,T,TGT,I,1,91.4
2025-12-01,9:59:59.247526142,T,TGT,I,17,91.4
2025-12-01,9:59:59.247528819,T,TGT,I,2,91.4
2025-12-01,9:59:59.247531892,T,TGT,I,36,91.41
2025-12-01,9:59:59.247531892,T,TGT,I,38,91.41
