DATE,TIME_M,EX,SYM_ROOT,TR_SCOND,SIZE,PRICE
2025-12-04,9:30:01.131307942,T,TGT,I,54,91.14
2025-12-04,9:30:01.131320264,T,TGT,Q,54,91.14
2025-12-04,9:30:01.131564107,T,TGT,F I,46,91.17
2025-12-04,9:30:01.822161749,T,TGT,I,11,91.19
2025-12-04,9:30:02.963828825,T,TGT,I,44,91.29
2025-12-04,9:30:03.202065305,T,TGT,,100,91.38
2025-12-04,9:30:03.202089369,T,TGT,F I,50,91.38
2025-12-04,9:30:03.202095384,T,TGT,I,58,91.38
2025-12-04,9:30:04.891420889,T,TGT,I,1,91.22
2025-12-04,9:30:05.898438805,T,TGT,F I,4,91.4
2025-12-04,9:30:22.734182475,T,TGT,I,54,91.46
2025-12-04,9:30:22.734182475,T,TGT,I,54,91.46
2025-12-04,9:30:22.734218587,T,TGT,I,42,91.46
2025-12-04,9:30:31.576694539,T,TGT,F I,50,91.46
2025-12-04,9:30:31.576760697,T,TGT,F I,50,91.46
2025-12-04,9:30:31.576793827,T,TGT,F I,50,91.46
2025-12-04,9:30:35.565775999,T,TGT,I,2,91.38
2025-12-04,9:30:35.567005911,T,TGT,,100,91.37
2025-12-04,9:30:35.567012340,T,TGT,,116,91.33
2025-12-04,9:30:35.567012340,T,TGT,,100,91.33
2025-12-04,9:30:35.567027001,T,TGT,F,100,91.33
2025-12-04,9:30:39.606424290,T,TGT,F I,50,91.43
2025-12-04,9:30:52.675721979,T,TGT,F I,5,91.3
2025-12-04,9:30:52.882801267,T,TGT,F I,5,91.29
2025-12-04,9:30:58.900816630,T,TGT,F I,38,91.4
2025-12-04,9:30:58.900816630,T,TGT,F I,6,91.4
2025-12-04,9:31:00.525440123,T,TGT,I,6,91.38
2025-12-04,9:31:00.526453324,T,TGT,I,12,91.37
2025-12-04,9:31:02.860719348,T,TGT,F I,26,91.4
2025-12-04,9:31:12.978311279,T,TGT,F,100,91.34
2025-12-04,9:31:12.978314269,T,TGT,F I,24,91.34
2025-12-04,9:31:12.978314269,T,TGT,F I,6,91.34
2025-12-04,9:31:15.212279409,T,TGT,I,20,91.4
2025-12-04,9:31:44.107316752,T,TGT,F I,2,91.32
2025-12-04,9:31:44.107581364,T,TGT,I,2,91.31
2025-12-04,9:31:44.108071557,T,TGT,F I,5,91.29
2025-12-04,9:31:44.108582797,T,TGT,I,29,91.27
2025-12-04,9:31:44.109493979,T,TGT,F I,50,91.28
2025-12-04,9:31:44.109981096,T,TGT,F I,21,91.28
2025-12-04,9:31:44.177425829,T,TGT,I,80,91.27
2025-12-04,9:31:44.177425829,T,TGT,I,80,91.3
2025-12-04,9:31:44.177449850,T,TGT,F I,50,91.3
2025-12-04,9:31:44.177485911,T,TGT,F I,50,91.3
2025-12-04,9:31:44.177522026,T,TGT,F I,16,91.3
2025-12-04,9:31:46.572361376,T,TGT,I,2,91.19
2025-12-04,9:31:46.584537220,T,TGT,I,75,91.17
2025-12-04,9:31:46.584561319,T,TGT,F I,25,91.17
2025-12-04,9:31:46.673705722,T,TGT,I,50,91.205
2025-12-04,9:31:46.673741748,T,TGT,F I,50,91.205
2025-12-04,9:31:48.065321965,T,TGT,F I,37,91.08
2025-12-04,9:31:48.065321965,T,TGT,F I,13,91.08
2025-12-04,9:31:48.065373137,T,TGT,F I,37,91.08
2025-12-04,9:31:48.065373137,T,TGT,F I,13,91.08
2025-12-04,9:31:48.065409270,T,TGT,F I,26,91.08
2025-12-04,9:31:48.566502007,T,TGT,I,86,91.2
2025-12-04,9:31:50.635788744,T,TGT,F I,50,91.18
2025-12-04,9:31:55.083679172,T,TGT,,100,91.2
2025-12-04,9:31:56.108117829,T,TGT,,100,91.2
2025-12-04,9:32:17.418335387,T,TGT,F I,7,91.27
2025-12-04,9:32:17.466603344,T,TGT,I,1,91.27
2025-12-04,9:32:23.091582083,T,TGT,F I,18,91.34
2025-12-04,9:32:23.091585191,T,TGT,F,100,91.34
2025-12-04,9:32:23.091702434,T,TGT,F I,50,91.35
2025-12-04,9:32:23.091762666,T,TGT,F I,50,91.35
2025-12-04,9:32:23.091930925,T,TGT,,100,91.34
2025-12-04,9:32:23.091949437,T,TGT,I,2,91.34
2025-12-04,9:32:23.091951997,T,TGT,I,1,91.34
2025-12-04,9:32:23.652857480,T,TGT,F I,2,91.29
2025-12-04,9:32:23.652857480,T,TGT,F I,20,91.29
2025-12-04,9:32:23.652860243,T,TGT,F I,2,91.28
2025-12-04,9:32:23.652866246,T,TGT,F,100,91.28
2025-12-04,9:32:23.652866246,T,TGT,F I,20,91.28
2025-12-04,9:32:23.652920419,T,TGT,I,8,91.34
2025-12-04,9:32:23.652959514,T,TGT,F I,8,91.28
2025-12-04,9:32:23.653091874,T,TGT,F I,20,91.33
2025-12-04,9:32:23.653091874,T,TGT,F I,2,91.34
2025-12-04,9:32:23.653115880,T,TGT,F I,28,91.34
2025-12-04,9:32:23.653122651,T,TGT,I,45,91.34
2025-12-04,9:32:23.653124884,T,TGT,I,5,91.34
2025-12-04,9:32:26.163779198,T,TGT,I,75,91.33
2025-12-04,9:32:26.163779198,T,TGT,I,44,91.36
2025-12-04,9:32:28.607091133,T,TGT,I,36,91.18
2025-12-04,9:32:28.607091133,T,TGT,I,64,91.12
2025-12-04,9:32:28.641279525,T,TGT,I,63,91.12
2025-12-04,9:32:28.641279525,T,TGT,I,37,91.11
2025-12-04,9:32:28.669435668,T,TGT,,100,91.1
2025-12-04,9:32:28.761006800,T,TGT,,100,91.1
2025-12-04,9:32:28.761133061,T,TGT,,100,91.1
2025-12-04,9:32:28.994098076,T,TGT,,100,91.1
2025-12-04,9:32:29.041066937,T,TGT,,100,91.09
2025-12-04,9:32:48.613706364,T,TGT,F I,6,91.16
2025-12-04,9:32:48.613708867,T,TGT,F I,10,91.16
2025-12-04,9:32:48.613895260,T,TGT,F I,25,91.16
2025-12-04,9:32:48.642168797,T,TGT,I,80,91.15
2025-12-04,9:32:48.642171775,T,TGT,I,68,91.12
2025-12-04,9:32:48.642171775,T,TGT,I,22,91.12
2025-12-04,9:32:48.642189761,T,TGT,I,1,91.14
2025-12-04,9:32:48.642240863,T,TGT,I,68,91.16
2025-12-04,9:32:48.642258847,T,TGT,I,1,91.16
2025-12-04,9:32:49.831613727,T,TGT,F I,5,91.25
2025-12-04,9:32:49.831742718,T,TGT,F I,2,91.27
2025-12-04,9:32:49.832043493,T,TGT,F I,3,91.29
2025-12-04,9:32:49.832046497,T,TGT,F I,86,91.3
2025-12-04,9:32:49.832058511,T,TGT,F I,3,91.3
2025-12-04,9:32:49.832067531,T,TGT,F I,11,91.3
2025-12-04,9:32:49.832073496,T,TGT,F,100,91.3
2025-12-04,9:33:04.037652331,T,TGT,I,23,91.33
2025-12-04,9:33:04.037655121,T,TGT,I,57,91.33
2025-12-04,9:33:04.037676342,T,TGT,F I,18,91.33
2025-12-04,9:33:06.369431307,T,TGT,I,30,91.38
2025-12-04,9:33:06.370171035,T,TGT,I,30,91.37
2025-12-04,9:33:06.454919121,T,TGT,I,30,91.37
2025-12-04,9:33:06.454919121,T,TGT,I,30,91.36
2025-12-04,9:33:06.567053035,T,TGT,I,30,91.37
2025-12-04,9:33:06.616815599,T,TGT,I,30,91.37
2025-12-04,9:33:07.114420096,T,TGT,I,10,91.37
2025-12-04,9:33:07.114423109,T,TGT,I,20,91.35
2025-12-04,9:33:07.114456194,T,TGT,I,10,91.35
2025-12-04,9:33:07.115743310,T,TGT,F,100,91.33
2025-12-04,9:33:07.157443555,T,TGT,F I,50,91.26
2025-12-04,9:33:07.791732736,T,TGT,F I,40,91.18
2025-12-04,9:33:07.791732736,T,TGT,F I,86,91.17
2025-12-04,9:33:09.248565489,T,TGT,,100,91.23
2025-12-04,9:33:10.460542783,T,TGT,F I,50,91.24
2025-12-04,9:33:12.457663680,T,TGT,F I,18,91.31
2025-12-04,9:33:50.582331530,T,TGT,F I,50,91.385
2025-12-04,9:33:50.582379706,T,TGT,F I,50,91.385
2025-12-04,9:33:50.582412787,T,TGT,F I,50,91.385
2025-12-04,9:33:50.582448896,T,TGT,F I,50,91.385
2025-12-04,9:33:50.583579608,T,TGT,,100,91.385
2025-12-04,9:33:51.550283609,T,TGT,F I,24,91.34
2025-12-04,9:33:51.550346783,T,TGT,F I,2,91.31
2025-12-04,9:33:51.550485372,T,TGT,F,100,91.29
2025-12-04,9:33:51.551245936,T,TGT,F I,40,91.29
2025-12-04,9:33:51.551248891,T,TGT,F I,8,91.28
2025-12-04,9:33:51.551330078,T,TGT,F I,3,91.28
2025-12-04,9:33:53.360978834,T,TGT,F I,89,91.28
2025-12-04,9:33:53.360981276,T,TGT,F,117,91.28
2025-12-04,9:33:53.360984351,T,TGT,F I,20,91.28
2025-12-04,9:33:53.361047474,T,TGT,,100,91.31
2025-12-04,9:33:53.361068503,T,TGT,I,1,91.29
2025-12-04,9:33:53.361510826,T,TGT,F,200,91.25
2025-12-04,9:33:53.361510826,T,TGT,F I,34,91.25
2025-12-04,9:33:53.361799995,T,TGT,I,66,91.25
2025-12-04,9:33:53.363059286,T,TGT,F I,57,91.25
2025-12-04,9:33:53.363062249,T,TGT,F I,23,91.25
2025-12-04,9:33:53.363065321,T,TGT,F I,34,91.25
2025-12-04,9:33:53.363083347,T,TGT,F I,66,91.25
2025-12-04,9:33:53.363083347,T,TGT,F I,31,91.26
2025-12-04,9:33:53.363086312,T,TGT,F I,3,91.27
2025-12-04,9:33:53.363104993,T,TGT,F I,78,91.27
2025-12-04,9:33:53.363104993,T,TGT,F I,7,91.27
2025-12-04,9:33:53.556504084,T,TGT,F I,9,91.25
2025-12-04,9:34:02.973086921,T,TGT,F,100,91.22
2025-12-04,9:34:03.068729732,T,TGT,,100,91.26
2025-12-04,9:34:03.068753759,T,TGT,F I,50,91.26
2025-12-04,9:34:03.075604081,T,TGT,,100,91.26
2025-12-04,9:34:04.142170710,T,TGT,,100,91.26
2025-12-04,9:34:04.142170710,T,TGT,,100,91.29
2025-12-04,9:34:04.142173222,T,TGT,I,26,91.29
2025-12-04,9:34:04.142485762,T,TGT,F I,13,91.3
2025-12-04,9:34:04.142489807,T,TGT,F,100,91.3
2025-12-04,9:34:08.455531935,T,TGT,,100,91.305
2025-12-04,9:34:08.461227491,T,TGT,,100,91.305
2025-12-04,9:34:14.083692250,T,TGT,I,35,91.23
2025-12-04,9:34:14.083692250,T,TGT,I,23,91.23
2025-12-04,9:34:14.083692250,T,TGT,I,42,91.22
2025-12-04,9:34:14.083707180,T,TGT,I,5,91.22
2025-12-04,9:34:14.083998922,T,TGT,F I,53,91.22
2025-12-04,9:34:14.084029050,T,TGT,F I,53,91.22
2025-12-04,9:34:14.084041175,T,TGT,I,27,91.22
2025-12-04,9:34:14.084588318,T,TGT,I,73,91.22
2025-12-04,9:34:19.555299380,T,TGT,I,6,91.22
2025-12-04,9:34:19.557389408,T,TGT,F I,1,91.25
2025-12-04,9:34:19.557392432,T,TGT,F I,49,91.25
2025-12-04,9:34:19.557440495,T,TGT,F I,50,91.25
2025-12-04,9:34:34.878427981,T,TGT,F I,6,91.2
2025-12-04,9:34:34.878430634,T,TGT,F,100,91.18
2025-12-04,9:34:35.217368110,T,TGT,I,35,91.17
2025-12-04,9:34:35.217401172,T,TGT,I,36,91.17
2025-12-04,9:34:35.217407255,T,TGT,I,29,91.17
2025-12-04,9:34:39.700938601,T,TGT,F I,38,91.16
2025-12-04,9:34:39.700938601,T,TGT,F I,12,91.16
2025-12-04,9:34:43.175073291,T,TGT,F I,39,91.16
2025-12-04,9:34:43.175076305,T,TGT,F I,19,91.16
2025-12-04,9:34:43.175079599,T,TGT,F I,3,91.15
2025-12-04,9:34:43.175079599,T,TGT,F I,1,91.15
2025-12-04,9:34:43.175082297,T,TGT,F I,66,91.15
2025-12-04,9:34:43.175094370,T,TGT,I,1,91.15
2025-12-04,9:34:43.175118367,T,TGT,F I,33,91.15
2025-12-04,9:34:43.183775992,T,TGT,F I,20,91.15
2025-12-04,9:34:44.372300497,T,TGT,F I,50,91.17
2025-12-04,9:34:44.372345584,T,TGT,F I,50,91.17
2025-12-04,9:34:52.822708290,T,TGT,F I,1,91.16
2025-12-04,9:34:52.822732361,T,TGT,F I,24,91.15
2025-12-04,9:35:00.746279214,T,TGT,F,100,91.1
2025-12-04,9:35:00.753646799,T,TGT,I,10,91.09
2025-12-04,9:35:00.846679357,T,TGT,I,10,91.09
2025-12-04,9:35:00.893876882,T,TGT,I,10,91.12
2025-12-04,9:35:00.946616524,T,TGT,I,10,91.13
2025-12-04,9:35:01.254225378,T,TGT,I,10,91.13
2025-12-04,9:35:01.281572565,T,TGT,I,50,91.12
2025-12-04,9:35:01.342924737,T,TGT,I,50,91.12
2025-12-04,9:35:01.387845760,T,TGT,I,27,91.12
2025-12-04,9:35:01.387848706,T,TGT,I,23,91.12
2025-12-04,9:35:01.426541850,T,TGT,I,50,91.12
2025-12-04,9:35:01.457416422,T,TGT,I,50,91.1
2025-12-04,9:35:01.457443493,T,TGT,I,25,91.1
2025-12-04,9:35:02.453067408,T,TGT,I,15,91.09
2025-12-04,9:35:04.563991391,T,TGT,I,8,91.14
2025-12-04,9:35:06.615289657,T,TGT,F I,33,91.12
2025-12-04,9:35:06.615292698,T,TGT,F I,17,91.12
2025-12-04,9:35:06.615307351,T,TGT,I,6,91.14
2025-12-04,9:35:07.496427629,T,TGT,F I,80,91.06
2025-12-04,9:35:07.496433597,T,TGT,F,100,91.05
2025-12-04,9:35:07.496433597,T,TGT,F I,50,91.05
2025-12-04,9:35:07.496436557,T,TGT,F I,7,91.05
2025-12-04,9:35:07.496439615,T,TGT,F,100,91.04
2025-12-04,9:35:16.868447036,T,TGT,F,100,91.02
2025-12-04,9:35:16.868567289,T,TGT,I,35,91.01
2025-12-04,9:35:16.868852977,T,TGT,F I,5,91.0
2025-12-04,9:35:16.868856011,T,TGT,F I,50,91.0
2025-12-04,9:35:16.869240929,T,TGT,,100,91.01
2025-12-04,9:35:16.869869500,T,TGT,I,50,91.01
2025-12-04,9:35:16.870296486,T,TGT,I,30,91.01
2025-12-04,9:35:16.872031575,T,TGT,,100,90.97
2025-12-04,9:35:16.872035171,T,TGT,,110,90.96
2025-12-04,9:35:16.872095263,T,TGT,F I,18,90.99
2025-12-04,9:35:16.872097727,T,TGT,F,100,90.99
2025-12-04,9:35:16.872398474,T,TGT,I,25,90.985
2025-12-04,9:35:16.872398474,T,TGT,I,18,90.98
2025-12-04,9:35:16.872401565,T,TGT,I,20,90.98
2025-12-04,9:35:16.872404414,T,TGT,I,5,90.98
2025-12-04,9:35:16.875005680,T,TGT,F I,6,91.01
2025-12-04,9:35:17.068516682,T,TGT,I,25,91.01
2025-12-04,9:35:17.068516682,T,TGT,I,6,91.01
2025-12-04,9:35:21.564344319,T,TGT,F,100,90.98
2025-12-04,9:35:21.564518754,T,TGT,F I,80,90.96
2025-12-04,9:35:23.856098090,T,TGT,F,100,90.99
2025-12-04,9:35:34.135171471,T,TGT,F I,20,91.09
2025-12-04,9:35:45.840070798,T,TGT,F,108,91.0
2025-12-04,9:35:45.840089475,T,TGT,I,1,91.0
2025-12-04,9:35:45.840115992,T,TGT,F I,91,91.0
2025-12-04,9:35:54.582528443,T,TGT,F,100,90.96
2025-12-04,9:35:54.582585679,T,TGT,I,25,90.96
2025-12-04,9:35:54.582585679,T,TGT,I,25,90.97
2025-12-04,9:35:54.582589289,T,TGT,I,25,90.98
2025-12-04,9:35:54.582591559,T,TGT,I,25,90.98
2025-12-04,9:35:54.582603860,T,TGT,I,12,90.98
2025-12-04,9:35:54.582603860,T,TGT,I,3,90.98
2025-12-04,9:35:54.585021298,T,TGT,,100,90.975
2025-12-04,9:35:54.585307032,T,TGT,I,50,90.975
2025-12-04,9:35:54.590467256,T,TGT,I,50,90.975
2025-12-04,9:35:58.491652494,T,TGT,I,1,91.0
2025-12-04,9:35:58.491652494,T,TGT,I,30,91.0
2025-12-04,9:35:58.491673659,T,TGT,I,31,91.0
2025-12-04,9:35:59.649732130,T,TGT,I,36,91.0
2025-12-04,9:36:05.882617939,T,TGT,F I,1,91.05
2025-12-04,9:36:08.381571414,T,TGT,F I,6,91.08
2025-12-04,9:36:08.481833356,T,TGT,F,100,91.09
2025-12-04,9:36:08.582098298,T,TGT,F,161,91.14
2025-12-04,9:36:08.582101169,T,TGT,F I,59,91.14
2025-12-04,9:36:08.602411478,T,TGT,I,6,91.15
2025-12-04,9:36:08.602414522,T,TGT,I,2,91.15
2025-12-04,9:36:08.602432565,T,TGT,I,8,91.15
2025-12-04,9:36:08.604696937,T,TGT,F,100,91.11
2025-12-04,9:36:08.709481611,T,TGT,I,50,91.105
2025-12-04,9:36:09.960422899,T,TGT,F I,25,91.07
2025-12-04,9:36:09.960431813,T,TGT,F I,65,91.07
2025-12-04,9:36:10.379164485,T,TGT,F I,25,91.08
2025-12-04,9:36:14.105161027,T,TGT,I,80,91.09
2025-12-04,9:36:15.370350210,T,TGT,F I,16,91.1
2025-12-04,9:36:25.468019611,T,TGT,I,11,91.13
2025-12-04,9:36:25.468278234,T,TGT,I,11,91.12
2025-12-04,9:36:30.025097439,T,TGT,F I,30,91.1
2025-12-04,9:36:30.025100284,T,TGT,F I,20,91.1
2025-12-04,9:36:30.025151478,T,TGT,F I,9,91.1
2025-12-04,9:36:37.110439236,T,TGT,F I,10,91.07
2025-12-04,9:36:53.284254877,T,TGT,I,25,90.99
2025-12-04,9:36:53.284257955,T,TGT,I,36,90.99
2025-12-04,9:36:53.284260902,T,TGT,I,39,90.98
2025-12-04,9:36:53.284513565,T,TGT,I,61,90.98
2025-12-04,9:36:59.811229581,T,TGT,I,8,91.0
2025-12-04,9:37:06.333410865,T,TGT,F,100,90.96
2025-12-04,9:37:06.333449953,T,TGT,F I,1,90.95
2025-12-04,9:37:06.334499650,T,TGT,,100,90.94
2025-12-04,9:37:06.334707019,T,TGT,,100,90.92
2025-12-04,9:37:06.334734015,T,TGT,,100,90.92
2025-12-04,9:37:06.334776147,T,TGT,F I,22,90.92
2025-12-04,9:37:06.385290541,T,TGT,F I,3,90.91
2025-12-04,9:37:06.465849462,T,TGT,,300,90.9
2025-12-04,9:37:06.465885628,T,TGT,,100,90.91
2025-12-04,9:37:06.465888998,T,TGT,I,6,90.91
2025-12-04,9:37:06.465900514,T,TGT,I,94,90.905
2025-12-04,9:37:06.465906530,T,TGT,I,1,90.905
2025-12-04,9:37:06.465912559,T,TGT,I,15,90.9
2025-12-04,9:37:06.466108043,T,TGT,F I,94,90.91
2025-12-04,9:37:06.466111628,T,TGT,F I,15,90.91
2025-12-04,9:37:06.466114077,T,TGT,F I,1,90.91
2025-12-04,9:37:06.466135230,T,TGT,,100,90.91
2025-12-04,9:37:06.466135230,T,TGT,F I,80,90.9
2025-12-04,9:37:06.466222602,T,TGT,F I,15,90.9
2025-12-04,9:37:06.466222602,T,TGT,F I,17,90.9
2025-12-04,9:37:06.966713807,T,TGT,F,100,90.91
2025-12-04,9:37:06.966713807,T,TGT,F I,6,90.91
2025-12-04,9:37:06.966719910,T,TGT,F I,26,90.91
2025-12-04,9:37:06.966719910,T,TGT,F I,6,90.91
2025-12-04,9:37:06.966722643,T,TGT,F,100,90.91
2025-12-04,9:37:06.966725716,T,TGT,F I,27,90.91
2025-12-04,9:37:06.966870073,T,TGT,F I,75,90.92
2025-12-04,9:37:06.966891083,T,TGT,F I,25,90.92
2025-12-04,9:37:17.776813175,T,TGT,F I,80,90.95
2025-12-04,9:37:17.776813175,T,TGT,F I,20,90.94
2025-12-04,9:37:19.971279222,T,TGT,F,100,90.93
2025-12-04,9:37:47.783469780,T,TGT,I,50,91.02
2025-12-04,9:37:47.783469780,T,TGT,,124,91.02
2025-12-04,9:37:47.783692252,T,TGT,F I,11,91.02
2025-12-04,9:37:47.783714101,T,TGT,F I,89,91.02
2025-12-04,9:37:47.784314678,T,TGT,I,15,91.01
2025-12-04,9:37:47.784549975,T,TGT,F I,15,91.02
2025-12-04,9:37:47.988847010,T,TGT,I,6,91.03
2025-12-04,9:37:51.645149541,T,TGT,I,50,91.015
2025-12-04,9:37:54.730115116,T,TGT,,100,91.015
2025-12-04,9:37:56.585400031,T,TGT,I,58,91.01
2025-12-04,9:37:56.961361736,T,TGT,,100,90.99
2025-12-04,9:37:56.961382747,T,TGT,I,1,90.99
2025-12-04,9:37:56.961382747,T,TGT,I,40,90.99
2025-12-04,9:37:56.965749191,T,TGT,,100,90.99
2025-12-04,9:37:58.625529368,T,TGT,F,100,90.95
2025-12-04,9:37:58.625532628,T,TGT,F I,80,90.95
2025-12-04,9:37:58.625535345,T,TGT,F I,4,90.94
2025-12-04,9:37:58.625535345,T,TGT,F I,16,90.94
2025-12-04,9:37:58.625890277,T,TGT,I,80,90.94
2025-12-04,9:37:58.626104008,T,TGT,,100,90.95
2025-12-04,9:37:58.626110515,T,TGT,I,30,90.96
2025-12-04,9:37:58.626374741,T,TGT,F I,30,90.94
2025-12-04,9:37:58.626422520,T,TGT,,100,90.95
2025-12-04,9:37:58.628620755,T,TGT,I,25,90.945
2025-12-04,9:38:04.481599583,T,TGT,I,45,90.88
2025-12-04,9:38:04.516732374,T,TGT,,100,90.87
2025-12-04,9:38:04.516735554,T,TGT,,100,90.87
2025-12-04,9:38:04.516735554,T,TGT,I,80,90.87
2025-12-04,9:38:04.517839003,T,TGT,,100,90.87
2025-12-04,9:38:04.520993529,T,TGT,F I,9,90.89
2025-12-04,9:38:04.521005494,T,TGT,F I,91,90.89
2025-12-04,9:38:04.521008499,T,TGT,F I,6,90.89
2025-12-04,9:38:04.521366350,T,TGT,F,100,90.9
2025-12-04,9:38:04.551408816,T,TGT,F,100,90.92
2025-12-04,9:38:04.551410941,T,TGT,F,100,90.92
2025-12-04,9:38:04.580694723,T,TGT,I,2,90.94
2025-12-04,9:38:04.621276428,T,TGT,F I,50,90.93
2025-12-04,9:38:04.621297761,T,TGT,F I,50,90.93
2025-12-04,9:38:04.621297761,T,TGT,F I,76,90.93
2025-12-04,9:38:04.621300487,T,TGT,F I,17,90.93
2025-12-04,9:38:10.237726748,T,TGT,I,2,90.9
2025-12-04,9:38:11.362899368,T,TGT,F I,2,90.94
2025-12-04,9:38:11.362917520,T,TGT,F I,2,90.95
2025-12-04,9:38:11.364126239,T,TGT,I,20,90.95
2025-12-04,9:38:11.368564828,T,TGT,,300,90.96
2025-12-04,9:38:11.368585994,T,TGT,I,73,90.96
2025-12-04,9:38:11.368588861,T,TGT,I,1,90.96
2025-12-04,9:38:11.368606905,T,TGT,F,113,90.96
2025-12-04,9:38:11.368612975,T,TGT,,113,90.96
2025-12-04,9:38:11.368631035,T,TGT,I,87,90.96
2025-12-04,9:38:11.371036712,T,TGT,,144,90.96
2025-12-04,9:38:11.371045819,T,TGT,,143,90.96
2025-12-04,9:38:11.371084985,T,TGT,I,80,90.96
2025-12-04,9:38:11.386896579,T,TGT,,150,90.94
2025-12-04,9:38:11.387591135,T,TGT,I,50,90.94
2025-12-04,9:38:12.783754304,T,TGT,,100,90.92
2025-12-04,9:38:26.822284988,T,TGT,I,50,90.915
2025-12-04,9:38:43.059380738,T,TGT,,100,90.91
2025-12-04,9:38:43.059720853,T,TGT,I,2,90.9
2025-12-04,9:38:43.059720853,T,TGT,I,20,90.9
2025-12-04,9:38:45.108717934,T,TGT,I,16,90.92
2025-12-04,9:38:45.108717934,T,TGT,I,1,90.92
2025-12-04,9:38:55.216506347,T,TGT,F I,25,90.89
2025-12-04,9:38:55.216506347,T,TGT,F I,75,90.88
2025-12-04,9:38:55.216518304,T,TGT,F I,25,90.88
2025-12-04,9:39:04.225272389,T,TGT,I,5,90.83
2025-12-04,9:39:04.589406978,T,TGT,I,2,90.85
2025-12-04,9:39:04.589406978,T,TGT,I,3,90.85
2025-12-04,9:39:27.139039086,T,TGT,F,100,90.83
2025-12-04,9:39:27.139042695,T,TGT,F,100,90.83
2025-12-04,9:39:27.139102280,T,TGT,F,241,90.82
2025-12-04,9:39:27.139195463,T,TGT,F,200,90.82
2025-12-04,9:39:27.139288724,T,TGT,F I,14,90.82
2025-12-04,9:39:27.139312801,T,TGT,F,1545,90.82
2025-12-04,9:39:27.139393924,T,TGT,I,14,90.83
2025-12-04,9:39:27.139393924,T,TGT,I,80,90.83
2025-12-04,9:39:27.139397302,T,TGT,,100,90.83
2025-12-04,9:39:27.139397302,T,TGT,I,6,90.83
2025-12-04,9:39:27.139499594,T,TGT,F I,14,90.82
2025-12-04,9:39:27.139532291,T,TGT,,400,90.82
2025-12-04,9:39:27.139553306,T,TGT,I,1,90.82
2025-12-04,9:39:27.139556912,T,TGT,I,99,90.82
2025-12-04,9:39:27.139556912,T,TGT,I,1,90.82
2025-12-04,9:39:27.139583497,T,TGT,I,93,90.82
2025-12-04,9:39:27.139583497,T,TGT,I,4,90.82
2025-12-04,9:39:27.145155702,T,TGT,F,115,90.8
2025-12-04,9:39:27.145159231,T,TGT,F I,2,90.8
2025-12-04,9:39:27.145159231,T,TGT,F I,6,90.8
2025-12-04,9:39:27.145162659,T,TGT,F I,8,90.8
2025-12-04,9:39:27.145179755,T,TGT,I,5,90.8
2025-12-04,9:39:27.145182736,T,TGT,F I,87,90.8
2025-12-04,9:39:27.178610362,T,TGT,F I,60,90.77
2025-12-04,9:39:27.178677154,T,TGT,I,80,90.78
2025-12-04,9:39:27.178679579,T,TGT,I,41,90.79
2025-12-04,9:39:27.258327381,T,TGT,I,22,90.77
2025-12-04,9:39:27.258333809,T,TGT,I,1,90.77
2025-12-04,9:39:27.258336587,T,TGT,I,7,90.77
2025-12-04,9:39:27.258336587,T,TGT,I,6,90.77
2025-12-04,9:39:28.002859021,T,TGT,I,20,90.76
2025-12-04,9:39:34.189142915,T,TGT,F,100,90.73
2025-12-04,9:39:34.189146313,T,TGT,F I,63,90.73
2025-12-04,9:39:34.189167022,T,TGT,I,32,90.73
2025-12-04,9:39:34.189167022,T,TGT,F I,5,90.73
2025-12-04,9:39:34.269076399,T,TGT,F I,25,90.73
2025-12-04,9:39:34.269076399,T,TGT,F I,75,90.74
2025-12-04,9:39:34.269095360,T,TGT,F I,25,90.74
2025-12-04,9:39:34.269097793,T,TGT,F I,17,90.74
2025-12-04,9:39:34.269100505,T,TGT,I,1,90.74
2025-12-04,9:39:37.786805887,T,TGT,F I,2,90.79
2025-12-04,9:39:37.807567298,T,TGT,,100,90.82
2025-12-04,9:39:38.346309734,T,TGT,F I,2,90.9
2025-12-04,9:39:38.346312760,T,TGT,F,100,90.9
2025-12-04,9:39:38.494764421,T,TGT,F,100,90.93
2025-12-04,9:39:38.694951341,T,TGT,F,100,90.98
2025-12-04,9:39:38.694954333,T,TGT,F I,1,90.98
2025-12-04,9:39:38.695736196,T,TGT,I,25,90.99
2025-12-04,9:39:38.696042991,T,TGT,I,25,90.99
2025-12-04,9:39:38.696067177,T,TGT,F I,50,90.99
2025-12-04,9:39:38.696070056,T,TGT,F,425,91.0
2025-12-04,9:39:38.696220436,T,TGT,I,75,91.0
2025-12-04,9:39:38.696430939,T,TGT,I,12,91.01
2025-12-04,9:39:38.696433933,T,TGT,I,75,91.01
2025-12-04,9:39:43.412268891,T,TGT,I,75,90.96
2025-12-04,9:39:43.412316967,T,TGT,I,75,90.96
2025-12-04,9:39:46.839046531,T,TGT,,192,90.945
2025-12-04,9:39:46.839900530,T,TGT,F I,25,90.94
2025-12-04,9:39:51.335598993,T,TGT,F I,14,90.89
2025-12-04,9:39:51.335614058,T,TGT,F I,86,90.89
2025-12-04,9:39:51.335641079,T,TGT,F,100,90.88
2025-12-04,9:39:51.335929788,T,TGT,F,100,90.87
2025-12-04,9:39:56.316686708,T,TGT,F I,3,90.87
2025-12-04,9:40:13.134014667,T,TGT,F I,1,90.93
2025-12-04,9:40:13.134047730,T,TGT,I,2,90.94
2025-12-04,9:40:13.134050745,T,TGT,I,5,90.94
2025-12-04,9:40:13.507228428,T,TGT,F,100,90.95
2025-12-04,9:40:13.507228428,T,TGT,F I,1,90.95
2025-12-04,9:40:13.507230750,T,TGT,F I,1,90.95
2025-12-04,9:40:13.507233733,T,TGT,F I,20,90.95
2025-12-04,9:40:13.507579642,T,TGT,F I,1,90.95
2025-12-04,9:40:13.507579642,T,TGT,I,1,90.95
2025-12-04,9:40:13.507600665,T,TGT,F I,1,90.95
2025-12-04,9:40:13.507609689,T,TGT,F I,1,90.95
2025-12-04,9:40:13.507618962,T,TGT,F I,26,90.95
2025-12-04,9:40:13.507618962,T,TGT,F I,3,90.95
2025-12-04,9:40:13.507624803,T,TGT,F I,1,90.95
2025-12-04,9:40:13.507624803,T,TGT,I,2,90.95
2025-12-04,9:40:13.507624803,T,TGT,I,3,90.95
2025-12-04,9:40:16.857557376,T,TGT,I,40,90.98
2025-12-04,9:40:17.276771503,T,TGT,F I,11,90.99
2025-12-04,9:40:17.276771503,T,TGT,F I,60,90.99
2025-12-04,9:40:19.732078556,T,TGT,,100,90.99
2025-12-04,9:40:19.732099563,T,TGT,I,1,90.98
2025-12-04,9:40:56.708133115,T,TGT,F,100,90.81
2025-12-04,9:40:56.709741641,T,TGT,F,186,90.74
2025-12-04,9:40:56.709744668,T,TGT,F I,14,90.74
2025-12-04,9:40:56.709825844,T,TGT,F I,40,90.73
2025-12-04,9:40:56.757684815,T,TGT,I,32,90.71
2025-12-04,9:40:56.757694864,T,TGT,F I,12,90.7
2025-12-04,9:40:56.757696920,T,TGT,F I,20,90.7
2025-12-04,9:40:56.757699939,T,TGT,F I,32,90.7
2025-12-04,9:40:56.858133135,T,TGT,I,1,90.68
2025-12-04,9:40:56.858160291,T,TGT,,1000,90.67
2025-12-04,9:40:56.859155596,T,TGT,F I,4,90.65
2025-12-04,9:40:56.859447259,T,TGT,F I,50,90.66
2025-12-04,9:40:56.972697842,T,TGT,I,80,90.62
2025-12-04,9:40:56.972700216,T,TGT,,120,90.61
2025-12-04,9:40:56.973148215,T,TGT,I,46,90.61
2025-12-04,9:41:07.560795878,T,TGT,I,8,90.76
2025-12-04,9:41:07.685939120,T,TGT,F I,50,90.73
2025-12-04,9:41:07.685939120,T,TGT,F I,12,90.73
2025-12-04,9:41:09.266480403,T,TGT,I,2,90.75
2025-12-04,9:41:25.828370706,T,TGT,I,4,90.755
2025-12-04,9:41:25.828692479,T,TGT,I,4,90.77
2025-12-04,9:41:25.920988279,T,TGT,I,50,90.77
2025-12-04,9:41:28.786993128,T,TGT,F,100,90.8
2025-12-04,9:41:28.786993128,T,TGT,F,115,90.8
2025-12-04,9:41:28.786996084,T,TGT,I,25,90.8
2025-12-04,9:41:28.788081643,T,TGT,I,50,90.81
2025-12-04,9:41:31.006785563,T,TGT,F I,50,90.795
2025-12-04,9:41:31.006818505,T,TGT,I,26,90.795
2025-12-04,9:41:33.476906094,T,TGT,I,2,90.83
2025-12-04,9:41:33.547793938,T,TGT,I,2,90.84
2025-12-04,9:41:33.547823974,T,TGT,I,27,90.84
2025-12-04,9:41:33.548040467,T,TGT,F I,5,90.82
2025-12-04,9:41:33.548040467,T,TGT,F I,50,90.82
2025-12-04,9:41:33.548049685,T,TGT,F I,25,90.82
2025-12-04,9:41:33.548644967,T,TGT,F I,84,90.81
2025-12-04,9:41:33.580548566,T,TGT,I,75,90.82
2025-12-04,9:41:33.580551710,T,TGT,I,5,90.82
2025-12-04,9:41:33.580554125,T,TGT,,100,90.82
2025-12-04,9:41:33.580557004,T,TGT,I,76,90.82
2025-12-04,9:41:33.580557004,T,TGT,I,38,90.82
2025-12-04,9:41:33.580572000,T,TGT,I,1,90.82
2025-12-04,9:41:33.580578159,T,TGT,F I,24,90.82
2025-12-04,9:41:39.863987378,T,TGT,F I,50,90.83
2025-12-04,9:41:39.869361242,T,TGT,F,100,90.81
2025-12-04,9:41:39.869622834,T,TGT,F,100,90.8
2025-12-04,9:41:39.869911500,T,TGT,I,25,90.81
2025-12-04,9:41:39.869911500,T,TGT,I,15,90.82
2025-12-04,9:41:39.869947552,T,TGT,I,10,90.82
2025-12-04,9:41:39.869983695,T,TGT,I,15,90.8
2025-12-04,9:41:39.870004767,T,TGT,I,10,90.8
2025-12-04,9:41:39.870008057,T,TGT,I,1,90.8
2025-12-04,9:41:39.870251296,T,TGT,I,20,90.82
2025-12-04,9:41:40.869911182,T,TGT,I,13,90.82
2025-12-04,9:41:40.869911182,T,TGT,I,1,90.82
2025-12-04,9:41:40.869913852,T,TGT,I,12,90.82
2025-12-04,9:41:40.869940969,T,TGT,F I,14,90.82
2025-12-04,9:41:43.127178479,T,TGT,F I,50,90.82
2025-12-04,9:41:43.127193537,T,TGT,F I,25,90.82
2025-12-04,9:41:43.127193537,T,TGT,F I,80,90.82
2025-12-04,9:41:43.147660282,T,TGT,F I,81,90.8
2025-12-04,9:41:43.147663355,T,TGT,F I,19,90.8
2025-12-04,9:41:46.402203011,T,TGT,F I,25,90.75
2025-12-04,9:41:46.402206049,T,TGT,F I,25,90.75
2025-12-04,9:41:46.402206049,T,TGT,I,50,90.75
2025-12-04,9:41:46.402464390,T,TGT,F I,25,90.77
2025-12-04,9:41:46.402530621,T,TGT,F I,25,90.77
2025-12-04,9:41:52.092569323,T,TGT,I,12,90.8
2025-12-04,9:41:53.349052812,T,TGT,I,50,90.77
2025-12-04,9:41:54.548285878,T,TGT,F I,27,90.82
2025-12-04,9:41:54.548291885,T,TGT,F I,53,90.82
2025-12-04,9:41:54.548295048,T,TGT,F I,30,90.83
2025-12-04,9:41:54.548295048,T,TGT,F I,27,90.83
2025-12-04,9:41:54.548297930,T,TGT,F I,53,90.83
2025-12-04,9:41:54.549470641,T,TGT,F I,18,90.83
2025-12-04,9:41:58.933040870,T,TGT,,100,90.82
2025-12-04,9:41:58.957209476,T,TGT,F I,17,90.82
2025-12-04,9:42:00.753626438,T,TGT,F I,12,90.86
2025-12-04,9:42:00.753626438,T,TGT,F I,61,90.86
2025-12-04,9:42:00.753629110,T,TGT,F I,73,90.86
2025-12-04,9:42:00.753638091,T,TGT,I,73,90.86
2025-12-04,9:42:00.753647150,T,TGT,,100,90.86
2025-12-04,9:42:00.753650188,T,TGT,I,1,90.86
2025-12-04,9:42:00.753653240,T,TGT,F I,25,90.86
2025-12-04,9:42:00.753656317,T,TGT,F I,25,90.86
2025-12-04,9:42:00.753812591,T,TGT,,100,90.875
2025-12-04,9:42:00.831153858,T,TGT,I,75,90.86
2025-12-04,9:42:07.479963620,T,TGT,I,75,90.855
2025-12-04,9:42:07.499988306,T,TGT,I,50,90.87
2025-12-04,9:42:07.500027484,T,TGT,F I,25,90.86
2025-12-04,9:42:07.500310433,T,TGT,I,7,90.88
2025-12-04,9:42:07.500310433,T,TGT,I,22,90.88
2025-12-04,9:42:07.500478496,T,TGT,F I,20,90.86
2025-12-04,9:42:07.500593526,T,TGT,F I,1,90.88
2025-12-04,9:42:07.500595798,T,TGT,F,100,90.88
2025-12-04,9:42:07.500598796,T,TGT,F I,20,90.88
2025-12-04,9:42:07.500598796,T,TGT,F I,20,90.88
2025-12-04,9:42:07.500617499,T,TGT,I,1,90.88
2025-12-04,9:42:07.500617499,T,TGT,F I,20,90.86
2025-12-04,9:42:07.500764572,T,TGT,I,80,90.86
2025-12-04,9:42:07.500767278,T,TGT,I,1,90.86
2025-12-04,9:42:07.501561297,T,TGT,F I,23,90.85
2025-12-04,9:42:07.501561297,T,TGT,F I,30,90.85
2025-12-04,9:42:07.501600226,T,TGT,I,23,90.84
2025-12-04,9:42:07.552487472,T,TGT,F,328,90.83
2025-12-04,9:42:07.552493472,T,TGT,I,99,90.84
2025-12-04,9:42:07.552496434,T,TGT,I,40,90.84
2025-12-04,9:42:07.552499564,T,TGT,,100,90.84
2025-12-04,9:42:07.552499564,T,TGT,I,85,90.84
2025-12-04,9:42:07.552505671,T,TGT,I,1,90.83
2025-12-04,9:42:07.552505671,T,TGT,I,5,90.83
2025-12-04,9:42:07.552514543,T,TGT,F,2229,90.83
2025-12-04,9:42:07.552523533,T,TGT,I,20,90.83
2025-12-04,9:42:07.552526492,T,TGT,I,5,90.84
2025-12-04,9:42:07.552652828,T,TGT,,100,90.84
2025-12-04,9:42:07.552655863,T,TGT,,100,90.84
2025-12-04,9:42:07.552659750,T,TGT,,100,90.84
2025-12-04,9:42:07.552659750,T,TGT,I,3,90.84
2025-12-04,9:42:07.552662064,T,TGT,I,20,90.84
2025-12-04,9:42:07.552662064,T,TGT,I,1,90.84
2025-12-04,9:42:07.552694875,T,TGT,I,49,90.84
2025-12-04,9:42:07.552694875,T,TGT,I,25,90.84
2025-12-04,9:42:10.241872477,T,TGT,F I,47,90.85
2025-12-04,9:42:10.241872477,T,TGT,F I,13,90.85
2025-12-04,9:42:10.241887499,T,TGT,F I,4,90.85
2025-12-04,9:42:10.241915259,T,TGT,I,36,90.85
2025-12-04,9:42:10.241915259,T,TGT,I,26,90.85
2025-12-04,9:42:10.241917547,T,TGT,,100,90.85
2025-12-04,9:42:13.492135886,T,TGT,I,1,90.835
2025-12-04,9:42:17.905167249,T,TGT,F I,18,90.835
2025-12-04,9:42:17.905263462,T,TGT,F I,57,90.835
2025-12-04,9:42:17.905263462,T,TGT,F I,25,90.83
2025-12-04,9:42:17.909320112,T,TGT,F I,50,90.85
2025-12-04,9:42:17.909320112,T,TGT,F I,27,90.85
2025-12-04,9:42:17.909332075,T,TGT,F I,8,90.85
2025-12-04,9:42:17.909335134,T,TGT,F I,40,90.85
2025-12-04,9:42:20.917530797,T,TGT,F,100,90.82
2025-12-04,9:42:20.917530797,T,TGT,F,100,90.82
2025-12-04,9:42:21.104182401,T,TGT,F I,50,90.82
2025-12-04,9:42:21.104182401,T,TGT,F I,29,90.82
2025-12-04,9:42:21.213026834,T,TGT,F I,50,90.84
2025-12-04,9:42:21.213026834,T,TGT,F I,17,90.84
2025-12-04,9:42:21.243703311,T,TGT,I,25,90.83
2025-12-04,9:42:21.243703311,T,TGT,I,25,90.82
2025-12-04,9:42:27.478717853,T,TGT,I,3,90.89
2025-12-04,9:42:27.478862218,T,TGT,I,40,90.92
2025-12-04,9:42:27.478892320,T,TGT,F I,21,90.91
2025-12-04,9:42:27.478901271,T,TGT,I,20,90.92
2025-12-04,9:42:27.533349497,T,TGT,F,100,90.93
2025-12-04,9:42:27.533352331,T,TGT,F I,19,90.93
2025-12-04,9:42:27.533352331,T,TGT,F I,38,90.93
2025-12-04,9:42:31.335905114,T,TGT,F,200,90.95
2025-12-04,9:42:31.336229825,T,TGT,,100,90.96
2025-12-04,9:42:31.336232899,T,TGT,I,69,90.96
2025-12-04,9:42:31.336698963,T,TGT,F I,20,90.94
2025-12-04,9:42:31.336711026,T,TGT,F I,2,90.93
2025-12-04,9:42:31.336738087,T,TGT,F I,98,90.93
2025-12-04,9:42:31.337243393,T,TGT,I,2,90.93
2025-12-04,9:42:31.337243393,T,TGT,I,98,90.93
2025-12-04,9:42:31.337246405,T,TGT,I,40,90.93
2025-12-04,9:42:31.337246405,T,TGT,I,55,90.93
2025-12-04,9:42:35.174324570,T,TGT,F I,25,90.91
2025-12-04,9:42:39.763020413,T,TGT,F I,77,90.88
2025-12-04,9:42:39.763022550,T,TGT,F I,23,90.88
2025-12-04,9:42:39.763025525,T,TGT,F I,54,90.88
2025-12-04,9:42:39.763031558,T,TGT,F I,46,90.88
2025-12-04,9:42:39.763076641,T,TGT,I,25,90.9
2025-12-04,9:42:39.763079640,T,TGT,I,19,90.92
2025-12-04,9:42:42.086790645,T,TGT,F I,48,90.86
2025-12-04,9:42:42.086790645,T,TGT,F I,2,90.86
2025-12-04,9:42:42.086796591,T,TGT,I,45,90.86
2025-12-04,9:42:42.086796591,T,TGT,I,35,90.86
2025-12-04,9:42:42.086841718,T,TGT,F I,23,90.86
2025-12-04,9:42:44.541078655,T,TGT,F I,75,90.87
2025-12-04,9:42:44.541082149,T,TGT,F,100,90.85
2025-12-04,9:42:44.541084848,T,TGT,F I,19,90.85
2025-12-04,9:42:44.541084848,T,TGT,F I,80,90.85
2025-12-04,9:42:44.542356658,T,TGT,I,59,90.85
2025-12-04,9:42:44.542841389,T,TGT,F I,16,90.85
2025-12-04,9:42:50.518917928,T,TGT,F,100,90.81
2025-12-04,9:42:50.518921315,T,TGT,F I,3,90.81
2025-12-04,9:42:50.518921315,T,TGT,F,100,90.8
2025-12-04,9:42:50.518924105,T,TGT,F,100,90.8
2025-12-04,9:42:50.518924105,T,TGT,F I,25,90.8
2025-12-04,9:42:50.518984200,T,TGT,I,25,90.82
2025-12-04,9:42:50.518984200,T,TGT,I,17,90.82
2025-12-04,9:42:50.518987578,T,TGT,I,58,90.83
2025-12-04,9:42:50.519017215,T,TGT,F I,42,90.82
2025-12-04,9:42:50.519077596,T,TGT,F I,1,90.82
2025-12-04,9:42:50.519080409,T,TGT,F I,41,90.83
2025-12-04,9:42:50.519101456,T,TGT,F I,1,90.83
2025-12-04,9:42:50.519209639,T,TGT,I,75,90.86
2025-12-04,9:42:50.519209639,T,TGT,I,46,90.87
2025-12-04,9:42:50.519212715,T,TGT,I,99,90.87
2025-12-04,9:42:50.519227711,T,TGT,I,1,90.87
2025-12-04,9:42:50.519257761,T,TGT,I,10,90.87
2025-12-04,9:42:50.519270283,T,TGT,I,58,90.83
2025-12-04,9:42:50.519270283,T,TGT,I,41,90.83
2025-12-04,9:42:50.519272982,T,TGT,I,1,90.83
2025-12-04,9:42:50.529776796,T,TGT,I,75,90.83
2025-12-04,9:42:58.802846746,T,TGT,F,127,90.82
2025-12-04,9:42:58.802846746,T,TGT,F,127,90.81
2025-12-04,9:42:58.802849361,T,TGT,F I,22,90.81
2025-12-04,9:42:58.847526706,T,TGT,I,55,90.82
2025-12-04,9:43:03.666844051,T,TGT,I,7,90.85
2025-12-04,9:43:13.339805502,T,TGT,I,4,90.92
2025-12-04,9:43:14.864191283,T,TGT,F I,7,90.9
2025-12-04,9:43:14.864194651,T,TGT,F I,30,90.9
2025-12-04,9:43:14.864194651,T,TGT,F I,30,90.9
2025-12-04,9:43:14.864197152,T,TGT,F I,91,90.89
2025-12-04,9:43:14.864245330,T,TGT,I,9,90.89
2025-12-04,9:43:14.864257307,T,TGT,I,9,90.89
2025-12-04,9:43:14.871624910,T,TGT,I,7,90.89
2025-12-04,9:43:14.960892545,T,TGT,I,7,90.89
2025-12-04,9:43:15.064720899,T,TGT,I,7,90.89
2025-12-04,9:43:15.064744937,T,TGT,I,7,90.89
2025-12-04,9:43:15.317701577,T,TGT,I,7,90.89
2025-12-04,9:43:15.425111475,T,TGT,I,7,90.89
2025-12-04,9:43:15.591130979,T,TGT,I,7,90.89
2025-12-04,9:43:15.944460696,T,TGT,I,7,90.89
2025-12-04,9:43:16.010958124,T,TGT,I,2,90.89
2025-12-04,9:43:16.010961175,T,TGT,I,5,90.89
2025-12-04,9:43:17.059884044,T,TGT,I,7,90.89
2025-12-04,9:43:17.083574520,T,TGT,I,7,90.9
2025-12-04,9:43:17.441033039,T,TGT,I,6,90.92
2025-12-04,9:43:18.449473612,T,TGT,I,5,90.92
2025-12-04,9:43:20.022151791,T,TGT,F I,7,90.89
2025-12-04,9:43:20.022151791,T,TGT,F I,29,90.89
2025-12-04,9:43:20.022154561,T,TGT,F I,1,90.89
2025-12-04,9:43:20.022196247,T,TGT,F I,29,90.89
2025-12-04,9:43:20.022205334,T,TGT,F I,1,90.89
2025-12-04,9:43:20.022235983,T,TGT,,100,90.88
2025-12-04,9:43:20.022235983,T,TGT,,100,90.88
2025-12-04,9:43:20.022238442,T,TGT,F I,1,90.88
2025-12-04,9:43:20.356063714,T,TGT,I,50,90.87
2025-12-04,9:43:20.421117646,T,TGT,I,50,90.88
2025-12-04,9:43:20.650771749,T,TGT,,162,90.88
2025-12-04,9:43:27.815914705,T,TGT,,100,90.85
2025-12-04,9:43:27.815917715,T,TGT,,100,90.85
2025-12-04,9:43:31.247867751,T,TGT,I,80,90.84
2025-12-04,9:43:31.254273002,T,TGT,I,20,90.835
2025-12-04,9:43:31.254288075,T,TGT,I,41,90.83
2025-12-04,9:43:31.254624899,T,TGT,F I,40,90.8
2025-12-04,9:43:31.254666973,T,TGT,F I,12,90.79
2025-12-04,9:43:31.254666973,T,TGT,F I,5,90.79
2025-12-04,9:43:31.254670028,T,TGT,F I,1,90.79
2025-12-04,9:43:31.254673025,T,TGT,,138,90.82
2025-12-04,9:43:31.254691040,T,TGT,I,1,90.82
2025-12-04,9:43:31.254760263,T,TGT,I,12,90.8
2025-12-04,9:43:31.254763239,T,TGT,F I,66,90.8
2025-12-04,9:43:31.254772298,T,TGT,I,1,90.79
2025-12-04,9:43:31.254826386,T,TGT,I,13,90.79
2025-12-04,9:43:31.341604107,T,TGT,F I,25,90.82
2025-12-04,9:43:31.341604107,T,TGT,F I,75,90.82
2025-12-04,9:43:37.871730311,T,TGT,,100,90.83
2025-12-04,9:43:37.879578955,T,TGT,,100,90.83
2025-12-04,9:43:41.482492364,T,TGT,F I,99,90.8
2025-12-04,9:43:41.482495531,T,TGT,F I,1,90.8
2025-12-04,9:43:41.482498446,T,TGT,F I,25,90.8
2025-12-04,9:43:41.483084769,T,TGT,F I,82,90.79
2025-12-04,9:43:41.483235167,T,TGT,F I,18,90.79
2025-12-04,9:43:41.483238142,T,TGT,F,100,90.79
2025-12-04,9:43:41.487147527,T,TGT,I,80,90.79
2025-12-04,9:43:41.487295224,T,TGT,F I,4,90.79
2025-12-04,9:43:41.487297822,T,TGT,F I,2,90.79
2025-12-04,9:43:41.545249078,T,TGT,,100,90.79
2025-12-04,9:43:41.545249078,T,TGT,I,67,90.79
2025-12-04,9:43:41.545251963,T,TGT,,117,90.79
2025-12-04,9:43:42.131594782,T,TGT,F,100,90.79
2025-12-04,9:43:42.131844391,T,TGT,F,100,90.8
2025-12-04,9:43:49.717626447,T,TGT,,100,90.8
2025-12-04,9:43:51.360942412,T,TGT,I,50,90.83
2025-12-04,9:43:51.360957426,T,TGT,I,30,90.83
2025-12-04,9:43:51.360981489,T,TGT,F I,44,90.83
2025-12-04,9:43:51.361408592,T,TGT,I,26,90.83
2025-12-04,9:43:51.361447739,T,TGT,F I,44,90.84
2025-12-04,9:43:51.361450672,T,TGT,F I,50,90.84
2025-12-04,9:43:51.361468697,T,TGT,I,44,90.84
2025-12-04,9:43:51.361486721,T,TGT,F I,6,90.84
2025-12-04,9:43:51.362112224,T,TGT,,100,90.84
2025-12-04,9:43:51.389714983,T,TGT,,100,90.85
2025-12-04,9:43:51.389736027,T,TGT,I,26,90.85
2025-12-04,9:43:51.389736027,T,TGT,I,1,90.85
2025-12-04,9:43:51.389772190,T,TGT,I,73,90.85
2025-12-04,9:43:51.447584810,T,TGT,I,30,90.84
2025-12-04,9:43:52.065136098,T,TGT,I,2,90.86
2025-12-04,9:43:52.065617828,T,TGT,I,8,90.84
2025-12-04,9:43:52.065896961,T,TGT,I,25,90.83
2025-12-04,9:43:52.065899937,T,TGT,,100,90.83
2025-12-04,9:43:52.067897602,T,TGT,F I,18,90.82
2025-12-04,9:43:52.067902695,T,TGT,F I,26,90.82
2025-12-04,9:43:52.067902695,T,TGT,F I,7,90.82
2025-12-04,9:43:52.067905679,T,TGT,F I,47,90.82
2025-12-04,9:43:52.067905679,T,TGT,F I,2,90.82
2025-12-04,9:43:52.067929777,T,TGT,I,19,90.82
2025-12-04,9:43:52.067929777,T,TGT,I,3,90.82
2025-12-04,9:43:56.681313556,T,TGT,,400,90.82
2025-12-04,9:43:56.681313556,T,TGT,I,25,90.82
2025-12-04,9:43:56.681328771,T,TGT,I,1,90.82
2025-12-04,9:43:56.681331610,T,TGT,I,62,90.82
2025-12-04,9:43:57.226253803,T,TGT,F I,25,90.81
2025-12-04,9:44:02.845013674,T,TGT,F I,25,90.79
2025-12-04,9:44:02.845017003,T,TGT,F I,25,90.78
2025-12-04,9:44:02.845017003,T,TGT,F I,30,90.78
2025-12-04,9:44:02.845019766,T,TGT,F,100,90.77
2025-12-04,9:44:02.845023414,T,TGT,F I,3,90.77
2025-12-04,9:44:02.845023414,T,TGT,F,100,90.77
2025-12-04,9:44:02.851367826,T,TGT,I,92,90.77
2025-12-04,9:44:06.862705304,T,TGT,F I,50,90.77
2025-12-04,9:44:18.207566480,T,TGT,I,8,90.79
2025-12-04,9:44:18.521164962,T,TGT,I,75,90.78
2025-12-04,9:44:18.521167872,T,TGT,I,38,90.79
2025-12-04,9:44:21.154812129,T,TGT,F I,25,90.79
2025-12-04,9:44:21.154815289,T,TGT,F I,63,90.8
2025-12-04,9:44:21.154815289,T,TGT,F I,10,90.8
2025-12-04,9:44:21.154827432,T,TGT,F I,3,90.8
2025-12-04,9:44:21.154827432,T,TGT,F I,37,90.8
2025-12-04,9:44:21.154830182,T,TGT,F I,6,90.8
2025-12-04,9:44:21.154833260,T,TGT,F I,25,90.8
2025-12-04,9:44:21.154836566,T,TGT,F I,48,90.8
2025-12-04,9:44:21.154836566,T,TGT,F I,4,90.8
2025-12-04,9:44:21.154917423,T,TGT,F I,7,90.8
2025-12-04,9:44:34.729247236,T,TGT,,100,90.78
2025-12-04,9:44:34.729352524,T,TGT,,100,90.77
2025-12-04,9:44:39.124584612,T,TGT,F I,6,90.76
2025-12-04,9:44:39.124590692,T,TGT,F,300,90.76
2025-12-04,9:44:39.124590692,T,TGT,F I,99,90.76
2025-12-04,9:44:39.124593604,T,TGT,I,25,90.76
2025-12-04,9:44:39.164534806,T,TGT,I,25,90.76
2025-12-04,9:44:39.164537741,T,TGT,I,36,90.76
2025-12-04,9:44:39.164913691,T,TGT,I,19,90.78
2025-12-04,9:44:47.014195486,T,TGT,I,90,90.775
2025-12-04,9:44:51.154991398,T,TGT,I,75,90.78
2025-12-04,9:44:51.154991398,T,TGT,I,25,90.78
2025-12-04,9:44:51.166529917,T,TGT,F I,80,90.8
2025-12-04,9:44:51.166780249,T,TGT,,100,90.81
2025-12-04,9:44:51.166783408,T,TGT,,100,90.81
2025-12-04,9:44:51.166785485,T,TGT,,110,90.81
2025-12-04,9:44:51.166785485,T,TGT,,100,90.81
2025-12-04,9:44:51.172526217,T,TGT,F I,50,90.81
2025-12-04,9:44:51.172583393,T,TGT,F I,30,90.81
2025-12-04,9:44:52.270790530,T,TGT,I,13,90.82
2025-12-04,9:44:53.738178454,T,TGT,I,14,90.82
2025-12-04,9:44:53.754417076,T,TGT,I,10,90.82
2025-12-04,9:44:53.754420077,T,TGT,I,13,90.83
2025-12-04,9:44:53.754423407,T,TGT,I,1,90.83
2025-12-04,9:44:53.754423407,T,TGT,I,1,90.83
2025-12-04,9:44:55.845301296,T,TGT,I,50,90.84
2025-12-04,9:44:55.845583970,T,TGT,F,200,90.85
2025-12-04,9:44:55.845583970,T,TGT,F I,15,90.85
2025-12-04,9:44:55.845586946,T,TGT,F I,21,90.85
2025-12-04,9:44:55.847352289,T,TGT,F,100,90.83
2025-12-04,9:44:55.847427591,T,TGT,,100,90.83
2025-12-04,9:44:55.847941549,T,TGT,I,80,90.84
2025-12-04,9:44:55.848534042,T,TGT,I,20,90.84
2025-12-04,9:45:00.011910719,T,TGT,F I,30,90.83
2025-12-04,9:45:00.012746666,T,TGT,F I,17,90.84
2025-12-04,9:45:00.012755697,T,TGT,F,100,90.84
2025-12-04,9:45:01.390521022,T,TGT,F I,7,90.85
2025-12-04,9:45:01.390524094,T,TGT,F I,48,90.85
2025-12-04,9:45:06.083215718,T,TGT,F I,50,90.83
2025-12-04,9:45:06.555421638,T,TGT,F,100,90.81
2025-12-04,9:45:06.555421638,T,TGT,F I,34,90.81
2025-12-04,9:45:06.555424711,T,TGT,F I,66,90.81
2025-12-04,9:45:06.555896780,T,TGT,F I,80,90.8
2025-12-04,9:45:06.556344873,T,TGT,I,47,90.8
2025-12-04,9:45:06.578104706,T,TGT,F,100,90.79
2025-12-04,9:45:06.718801845,T,TGT,I,80,90.76
2025-12-04,9:45:06.718803903,T,TGT,I,20,90.745
2025-12-04,9:45:09.230420625,T,TGT,,100,90.79
2025-12-04,9:45:09.230423809,T,TGT,I,5,90.79
2025-12-04,9:45:09.230423809,T,TGT,I,84,90.79
2025-12-04,9:45:09.230426456,T,TGT,I,12,90.79
2025-12-04,9:45:09.230444592,T,TGT,F,133,90.79
2025-12-04,9:45:09.230456582,T,TGT,F I,67,90.79
2025-12-04,9:45:15.131351550,T,TGT,I,5,90.76
2025-12-04,9:45:15.132686728,T,TGT,I,61,90.76
2025-12-04,9:45:15.189609378,T,TGT,I,25,90.76
2025-12-04,9:45:15.189612441,T,TGT,I,90,90.76
2025-12-04,9:45:22.059030820,T,TGT,,100,90.72
2025-12-04,9:45:22.059157101,T,TGT,F,100,90.72
2025-12-04,9:45:22.059157101,T,TGT,F,168,90.73
2025-12-04,9:45:22.059163696,T,TGT,F,100,90.73
2025-12-04,9:45:22.059163696,T,TGT,F I,13,90.73
2025-12-04,9:45:22.059349687,T,TGT,F I,24,90.73
2025-12-04,9:45:22.059349687,T,TGT,F I,4,90.73
2025-12-04,9:45:22.059466890,T,TGT,F I,8,90.73
2025-12-04,9:45:22.071784244,T,TGT,F,100,90.73
2025-12-04,9:45:22.320912710,T,TGT,F I,1,90.73
2025-12-04,9:45:22.745864082,T,TGT,F I,80,90.72
2025-12-04,9:45:22.745867047,T,TGT,F I,20,90.71
2025-12-04,9:45:22.745882124,T,TGT,I,27,90.71
2025-12-04,9:45:22.746179825,T,TGT,F I,53,90.71
2025-12-04,9:45:22.746203899,T,TGT,I,10,90.71
2025-12-04,9:45:22.746222309,T,TGT,I,70,90.71
2025-12-04,9:45:22.746245967,T,TGT,F,100,90.72
2025-12-04,9:45:22.746248992,T,TGT,F I,39,90.72
2025-12-04,9:45:22.746270368,T,TGT,F I,21,90.71
2025-12-04,9:45:22.746324165,T,TGT,,100,90.72
2025-12-04,9:45:22.746378368,T,TGT,F I,2,90.72
2025-12-04,9:45:22.746414809,T,TGT,I,2,90.72
2025-12-04,9:45:22.746414809,T,TGT,I,20,90.72
2025-12-04,9:45:22.746685000,T,TGT,,100,90.72
2025-12-04,9:45:22.757146942,T,TGT,F,135,90.71
2025-12-04,9:45:22.757146942,T,TGT,F I,65,90.72
2025-12-04,9:45:22.757168000,T,TGT,F I,35,90.72
2025-12-04,9:45:22.757168000,T,TGT,F,100,90.72
2025-12-04,9:45:23.576845766,T,TGT,F I,20,90.75
2025-12-04,9:45:23.576845766,T,TGT,F,100,90.75
2025-12-04,9:45:23.577504376,T,TGT,F I,11,90.75
2025-12-04,9:45:25.827287185,T,TGT,I,30,90.79
2025-12-04,9:45:26.327507877,T,TGT,I,43,90.8
2025-12-04,9:45:26.327522862,T,TGT,I,43,90.8
2025-12-04,9:45:26.327528874,T,TGT,I,29,90.8
2025-12-04,9:45:26.327534886,T,TGT,I,2,90.8
2025-12-04,9:45:30.852453868,T,TGT,,100,90.77
2025-12-04,9:45:31.414134959,T,TGT,,100,90.8
2025-12-04,9:45:31.414137929,T,TGT,I,1,90.81
2025-12-04,9:45:31.414153070,T,TGT,F,100,90.81
2025-12-04,9:45:31.414156023,T,TGT,F,100,90.81
2025-12-04,9:45:51.505663211,T,TGT,I,10,90.78
2025-12-04,9:45:53.125532374,T,TGT,I,75,90.86
2025-12-04,9:45:53.125532374,T,TGT,I,53,90.86
2025-12-04,9:45:53.125760938,T,TGT,I,47,90.86
2025-12-04,9:45:53.125763919,T,TGT,,100,90.86
2025-12-04,9:45:53.125833469,T,TGT,F I,2,90.87
2025-12-04,9:45:53.125836444,T,TGT,F I,6,90.87
2025-12-04,9:45:53.125836444,T,TGT,F,100,90.87
2025-12-04,9:45:53.125839235,T,TGT,F I,20,90.87
2025-12-04,9:45:53.125839235,T,TGT,F,100,90.87
2025-12-04,9:45:53.126142867,T,TGT,,100,90.87
2025-12-04,9:45:55.152382110,T,TGT,I,80,90.87
2025-12-04,9:45:55.152382110,T,TGT,I,6,90.88
2025-12-04,9:45:55.152385091,T,TGT,I,52,90.88
2025-12-04,9:45:55.152400654,T,TGT,F I,48,90.88
2025-12-04,9:45:55.152403119,T,TGT,F I,32,90.88
2025-12-04,9:45:55.152409115,T,TGT,I,80,90.88
2025-12-04,9:45:55.152424181,T,TGT,I,20,90.88
2025-12-04,9:45:55.153615087,T,TGT,F I,10,90.9
2025-12-04,9:46:04.309602909,T,TGT,F,100,90.89
2025-12-04,9:46:04.309606003,T,TGT,F,100,90.89
2025-12-04,9:46:04.309684102,T,TGT,F,100,90.88
2025-12-04,9:46:10.688035604,T,TGT,F,100,90.84
2025-12-04,9:46:10.688035604,T,TGT,F,100,90.84
2025-12-04,9:46:10.738090232,T,TGT,,100,90.84
2025-12-04,9:46:10.738092840,T,TGT,I,8,90.85
2025-12-04,9:46:10.738092840,T,TGT,I,28,90.85
2025-12-04,9:46:10.738110889,T,TGT,F I,33,90.85
2025-12-04,9:46:10.738113910,T,TGT,F I,67,90.85
2025-12-04,9:46:10.738477869,T,TGT,I,40,90.85
2025-12-04,9:46:10.738489932,T,TGT,F I,60,90.85
2025-12-04,9:46:10.738489932,T,TGT,F I,40,90.85
2025-12-04,9:46:10.738504821,T,TGT,F I,43,90.85
2025-12-04,9:46:10.738504821,T,TGT,F I,40,90.85
2025-12-04,9:46:10.738510912,T,TGT,I,60,90.85
2025-12-04,9:46:10.738510912,T,TGT,I,83,90.85
2025-12-04,9:46:10.738516858,T,TGT,F I,17,90.85
2025-12-04,9:46:10.738559000,T,TGT,I,80,90.85
2025-12-04,9:46:10.738565011,T,TGT,F I,20,90.85
2025-12-04,9:46:10.738565011,T,TGT,F I,30,90.85
2025-12-04,9:46:10.738574009,T,TGT,F I,70,90.85
2025-12-04,9:46:10.738589435,T,TGT,I,57,90.85
2025-12-04,9:46:10.738592062,T,TGT,F I,50,90.85
2025-12-04,9:46:10.743187001,T,TGT,F I,9,90.87
2025-12-04,9:46:10.743187001,T,TGT,F I,5,90.87
2025-12-04,9:46:11.799068537,T,TGT,I,16,90.85
2025-12-04,9:46:14.806437897,T,TGT,F I,5,90.87
2025-12-04,9:46:14.806440237,T,TGT,F,500,90.87
2025-12-04,9:46:14.835332935,T,TGT,F I,5,90.88
2025-12-04,9:46:14.835336035,T,TGT,F I,5,90.88
2025-12-04,9:46:14.835375108,T,TGT,F I,13,90.87
2025-12-04,9:46:14.845563379,T,TGT,,100,90.87
2025-12-04,9:46:14.912761474,T,TGT,I,43,90.87
2025-12-04,9:46:14.913002110,T,TGT,F I,13,90.88
2025-12-04,9:46:14.913005328,T,TGT,F I,3,90.88
2025-12-04,9:46:14.913005328,T,TGT,F I,11,90.88
2025-12-04,9:46:14.913008039,T,TGT,F I,13,90.88
2025-12-04,9:46:14.913011068,T,TGT,F I,13,90.88
2025-12-04,9:46:15.731347614,T,TGT,,100,90.87
2025-12-04,9:46:20.802385789,T,TGT,I,28,90.88
2025-12-04,9:46:20.802388640,T,TGT,I,26,90.88
2025-12-04,9:46:20.802391584,T,TGT,I,46,90.9
2025-12-04,9:46:27.607797556,T,TGT,,100,90.87
2025-12-04,9:46:27.607797556,T,TGT,,100,90.87
2025-12-04,9:46:27.607799494,T,TGT,,200,90.87
2025-12-04,9:46:27.608824951,T,TGT,F I,2,90.85
2025-12-04,9:46:27.688743523,T,TGT,I,37,90.87
2025-12-04,9:46:27.688743523,T,TGT,,100,90.87
2025-12-04,9:46:27.688746578,T,TGT,,100,90.87
2025-12-04,9:46:27.688746578,T,TGT,I,43,90.87
2025-12-04,9:46:27.688770514,T,TGT,F I,71,90.88
2025-12-04,9:46:27.688773569,T,TGT,F I,29,90.88
2025-12-04,9:46:27.688776334,T,TGT,F I,20,90.88
2025-12-04,9:46:27.689480015,T,TGT,I,44,90.88
2025-12-04,9:46:27.689489031,T,TGT,I,18,90.88
2025-12-04,9:46:30.112655946,T,TGT,F I,50,90.87
2025-12-04,9:46:30.112701014,T,TGT,F I,30,90.87
2025-12-04,9:46:34.744004476,T,TGT,I,26,90.88
2025-12-04,9:46:34.744121877,T,TGT,F,100,90.85
2025-12-04,9:46:34.744121877,T,TGT,F I,37,90.85
2025-12-04,9:46:34.744124712,T,TGT,F,100,90.85
2025-12-04,9:46:34.744127778,T,TGT,F I,20,90.85
2025-12-04,9:46:34.744127778,T,TGT,F,100,90.85
2025-12-04,9:46:35.227962390,T,TGT,F,100,90.83
2025-12-04,9:46:35.228308259,T,TGT,I,20,90.82
2025-12-04,9:46:35.228308259,T,TGT,I,20,90.82
2025-12-04,9:46:38.732018317,T,TGT,F I,20,90.78
2025-12-04,9:46:38.732021367,T,TGT,F,100,90.78
2025-12-04,9:46:42.041047807,T,TGT,F I,35,90.78
2025-12-04,9:46:42.041047807,T,TGT,F I,15,90.78
2025-12-04,9:46:45.155234745,T,TGT,F,100,90.74
2025-12-04,9:46:45.155234745,T,TGT,F,100,90.74
2025-12-04,9:46:45.156099811,T,TGT,,100,90.75
2025-12-04,9:46:45.156885204,T,TGT,F I,91,90.76
2025-12-04,9:46:45.156938831,T,TGT,,100,90.74
2025-12-04,9:46:45.157056082,T,TGT,F I,50,90.74
2025-12-04,9:46:45.157398979,T,TGT,F I,50,90.74
2025-12-04,9:46:45.158779217,T,TGT,F,100,90.77
2025-12-04,9:46:45.158782177,T,TGT,F I,20,90.77
2025-12-04,9:46:45.159269427,T,TGT,F I,50,90.77
2025-12-04,9:46:45.159281444,T,TGT,I,10,90.77
2025-12-04,9:46:45.159828750,T,TGT,,100,90.77
2025-12-04,9:46:45.162011964,T,TGT,I,38,90.76
2025-12-04,9:46:45.163521515,T,TGT,,100,90.76
2025-12-04,9:46:45.167481990,T,TGT,F I,19,90.77
2025-12-04,9:46:45.170429241,T,TGT,F I,38,90.75
2025-12-04,9:46:45.170429241,T,TGT,F I,38,90.75
2025-12-04,9:46:45.173565708,T,TGT,F I,38,90.74
2025-12-04,9:46:45.173565708,T,TGT,F I,62,90.74
2025-12-04,9:46:45.173697895,T,TGT,I,38,90.74
2025-12-04,9:46:45.173872152,T,TGT,I,25,90.745
2025-12-04,9:46:45.199529366,T,TGT,I,44,90.75
2025-12-04,9:46:45.219024788,T,TGT,,100,90.76
2025-12-04,9:46:45.219027883,T,TGT,I,38,90.76
2025-12-04,9:46:45.219027883,T,TGT,,100,90.76
2025-12-04,9:46:45.227827138,T,TGT,F I,38,90.77
2025-12-04,9:46:45.227829695,T,TGT,F,100,90.77
2025-12-04,9:46:45.227832742,T,TGT,F,100,90.77
2025-12-04,9:46:46.757916966,T,TGT,I,46,90.76
2025-12-04,9:46:55.826480567,T,TGT,F I,20,90.79
2025-12-04,9:46:55.826487271,T,TGT,F I,5,90.79
2025-12-04,9:46:55.826489884,T,TGT,F I,23,90.79
2025-12-04,9:46:55.826489884,T,TGT,F I,3,90.79
2025-12-04,9:46:55.827539076,T,TGT,F,100,90.82
2025-12-04,9:46:55.827771036,T,TGT,I,5,90.81
2025-12-04,9:46:55.831906082,T,TGT,F I,50,90.84
2025-12-04,9:46:55.956690767,T,TGT,I,24,90.81
2025-12-04,9:46:55.984831864,T,TGT,I,15,90.81
2025-12-04,9:46:58.352829325,T,TGT,I,25,90.835
2025-12-04,9:47:05.937820492,T,TGT,I,14,90.83
2025-12-04,9:47:05.939227830,T,TGT,I,11,90.83
2025-12-04,9:47:10.988749979,T,TGT,F,200,90.8
2025-12-04,9:47:10.988749979,T,TGT,F I,20,90.8
2025-12-04,9:47:10.988755534,T,TGT,F I,41,90.8
2025-12-04,9:47:10.988755534,T,TGT,F I,39,90.8
2025-12-04,9:47:10.988764828,T,TGT,I,5,90.8
2025-12-04,9:47:10.988764828,T,TGT,I,1,90.8
2025-12-04,9:47:10.988770660,T,TGT,I,55,90.8
2025-12-04,9:47:10.989221646,T,TGT,I,23,90.815
2025-12-04,9:47:10.989221646,T,TGT,I,47,90.815
2025-12-04,9:47:10.989232114,T,TGT,F I,80,90.815
2025-12-04,9:47:10.989236724,T,TGT,F I,70,90.82
2025-12-04,9:47:10.989239740,T,TGT,F I,11,90.82
2025-12-04,9:47:10.989257762,T,TGT,I,1,90.82
2025-12-04,9:47:10.989577147,T,TGT,F I,26,90.81
2025-12-04,9:47:10.989580448,T,TGT,F I,20,90.8
2025-12-04,9:47:10.989580448,T,TGT,F I,3,90.8
2025-12-04,9:47:10.989582657,T,TGT,F I,71,90.8
2025-12-04,9:47:10.989588671,T,TGT,F I,3,90.8
2025-12-04,9:47:10.989630642,T,TGT,,100,90.8
2025-12-04,9:47:10.989693893,T,TGT,F I,4,90.8
2025-12-04,9:47:10.989744987,T,TGT,I,10,90.82
2025-12-04,9:47:10.989748359,T,TGT,I,48,90.82
2025-12-04,9:47:10.989751174,T,TGT,I,79,90.82
2025-12-04,9:47:10.989751174,T,TGT,I,19,90.83
2025-12-04,9:47:10.989753907,T,TGT,I,2,90.83
2025-12-04,9:47:10.989871199,T,TGT,I,37,90.83
2025-12-04,9:47:10.989997580,T,TGT,I,6,90.83
2025-12-04,9:47:10.990045706,T,TGT,F I,10,90.83
2025-12-04,9:47:10.990078778,T,TGT,F I,10,90.83
2025-12-04,9:47:10.990084888,T,TGT,F I,50,90.83
2025-12-04,9:47:10.990084888,T,TGT,F I,10,90.83
2025-12-04,9:47:10.990091336,T,TGT,,100,90.83
2025-12-04,9:47:10.990094542,T,TGT,I,25,90.83
2025-12-04,9:47:10.990094542,T,TGT,I,53,90.83
2025-12-04,9:47:10.990172017,T,TGT,F I,96,90.81
2025-12-04,9:47:10.990202160,T,TGT,I,10,90.82
2025-12-04,9:47:10.990202160,T,TGT,I,62,90.83
2025-12-04,9:47:10.990259228,T,TGT,I,10,90.83
2025-12-04,9:47:10.990259228,T,TGT,I,20,90.83
2025-12-04,9:47:10.990331785,T,TGT,F,100,90.84
2025-12-04,9:47:10.990331785,T,TGT,F I,39,90.84
2025-12-04,9:47:10.990337408,T,TGT,F I,19,90.84
2025-12-04,9:47:10.990337408,T,TGT,F I,24,90.84
2025-12-04,9:47:10.990340365,T,TGT,F I,20,90.84
2025-12-04,9:47:10.990373669,T,TGT,F,100,90.83
2025-12-04,9:47:10.990376498,T,TGT,F I,52,90.83
2025-12-04,9:47:10.990406530,T,TGT,F I,10,90.83
2025-12-04,9:47:10.990430581,T,TGT,F I,7,90.83
2025-12-04,9:47:10.990445650,T,TGT,,100,90.84
2025-12-04,9:47:10.990463773,T,TGT,F I,63,90.83
2025-12-04,9:47:10.990467059,T,TGT,F I,7,90.83
2025-12-04,9:47:10.990502939,T,TGT,,100,90.84
2025-12-04,9:47:10.990788976,T,TGT,I,20,90.83
2025-12-04,9:47:10.990788976,T,TGT,I,3,90.84
2025-12-04,9:47:10.990791462,T,TGT,I,3,90.84
2025-12-04,9:47:10.990881663,T,TGT,I,15,90.83
2025-12-04,9:47:11.991031329,T,TGT,I,8,90.85
2025-12-04,9:47:11.991957529,T,TGT,F I,5,90.87
2025-12-04,9:47:11.991957529,T,TGT,F I,56,90.87
2025-12-04,9:47:11.992775589,T,TGT,F I,39,90.85
2025-12-04,9:47:11.992799626,T,TGT,,100,90.85
2025-12-04,9:47:11.992820573,T,TGT,,100,90.85
2025-12-04,9:47:12.299241594,T,TGT,,100,90.845
2025-12-04,9:47:13.319037206,T,TGT,,100,90.84
2025-12-04,9:47:13.319070375,T,TGT,,100,90.84
2025-12-04,9:47:13.319073254,T,TGT,I,3,90.85
2025-12-04,9:47:13.319073254,T,TGT,I,21,90.85
2025-12-04,9:47:13.319091835,T,TGT,I,9,90.84
2025-12-04,9:47:13.319091835,T,TGT,I,43,90.84
2025-12-04,9:47:13.319109275,T,TGT,F I,57,90.84
2025-12-04,9:47:13.319112458,T,TGT,F I,52,90.85
2025-12-04,9:47:13.319112458,T,TGT,F I,31,90.85
2025-12-04,9:47:13.319115363,T,TGT,,161,90.85
2025-12-04,9:47:13.319130406,T,TGT,F I,9,90.85
2025-12-04,9:47:13.319145367,T,TGT,F I,39,90.85
2025-12-04,9:47:13.319148436,T,TGT,F I,70,90.85
2025-12-04,9:47:13.319397976,T,TGT,I,26,90.85
2025-12-04,9:47:13.447010265,T,TGT,F I,48,90.85
2025-12-04,9:47:13.447010265,T,TGT,F I,39,90.85
2025-12-04,9:47:13.447010265,T,TGT,F I,50,90.85
2025-12-04,9:47:13.447013062,T,TGT,F,100,90.85
2025-12-04,9:47:13.479875895,T,TGT,I,2,90.83
2025-12-04,9:47:13.479878697,T,TGT,I,80,90.83
2025-12-04,9:47:13.479881289,T,TGT,I,27,90.83
2025-12-04,9:47:13.479881289,T,TGT,I,9,90.83
2025-12-04,9:47:13.480720360,T,TGT,F I,57,90.82
2025-12-04,9:47:13.481282662,T,TGT,F,100,90.82
2025-12-04,9:47:13.482629877,T,TGT,,100,90.82
2025-12-04,9:47:13.482629877,T,TGT,I,9,90.82
2025-12-04,9:47:13.493107534,T,TGT,I,67,90.82
2025-12-04,9:47:13.493107534,T,TGT,I,26,90.82
2025-12-04,9:47:13.493109838,T,TGT,I,80,90.82
2025-12-04,9:47:13.493261297,T,TGT,F I,28,90.83
2025-12-04,9:47:13.494703899,T,TGT,I,28,90.82
2025-12-04,9:47:13.494706713,T,TGT,I,10,90.82
2025-12-04,9:47:13.494709676,T,TGT,I,3,90.82
2025-12-04,9:47:13.494709676,T,TGT,I,19,90.82
2025-12-04,9:47:13.495164447,T,TGT,F,100,90.84
2025-12-04,9:47:13.495164447,T,TGT,F I,20,90.84
2025-12-04,9:47:15.981742981,T,TGT,F I,11,90.83
2025-12-04,9:47:15.981742981,T,TGT,F I,77,90.83
2025-12-04,9:47:15.981745757,T,TGT,F I,23,90.83
2025-12-04,9:47:15.981745757,T,TGT,F I,32,90.83
2025-12-04,9:47:17.418105537,T,TGT,,100,90.815
2025-12-04,9:47:18.171129623,T,TGT,F I,36,90.83
2025-12-04,9:47:20.403441562,T,TGT,F I,9,90.85
2025-12-04,9:47:20.403443728,T,TGT,F I,27,90.85
2025-12-04,9:47:20.403446714,T,TGT,F I,3,90.85
2025-12-04,9:47:20.490669561,T,TGT,I,9,90.84
2025-12-04,9:47:20.490690581,T,TGT,F I,7,90.84
2025-12-04,9:47:21.360921735,T,TGT,I,28,90.87
2025-12-04,9:47:21.360924803,T,TGT,I,52,90.87
2025-12-04,9:47:21.362193935,T,TGT,I,25,90.84
2025-12-04,9:47:26.111790081,T,TGT,I,72,90.81
2025-12-04,9:47:30.453798260,T,TGT,I,60,90.79
2025-12-04,9:47:30.453801421,T,TGT,I,60,90.79
2025-12-04,9:47:30.453804319,T,TGT,,100,90.79
2025-12-04,9:47:35.632384581,T,TGT,I,22,90.755
2025-12-04,9:47:40.580883656,T,TGT,I,22,90.75
2025-12-04,9:47:40.580904792,T,TGT,I,22,90.75
2025-12-04,9:47:40.581933126,T,TGT,F I,5,90.75
2025-12-04,9:47:40.582116601,T,TGT,I,6,90.74
2025-12-04,9:47:40.582152928,T,TGT,F I,7,90.74
2025-12-04,9:47:40.592425171,T,TGT,I,80,90.74
2025-12-04,9:47:40.601083327,T,TGT,I,8,90.74
2025-12-04,9:47:40.601086020,T,TGT,I,38,90.76
2025-12-04,9:47:40.601088747,T,TGT,,100,90.76
2025-12-04,9:47:40.601088747,T,TGT,I,67,90.76
2025-12-04,9:47:40.601103793,T,TGT,F I,8,90.76
2025-12-04,9:47:40.601106779,T,TGT,F I,80,90.76
2025-12-04,9:47:42.602879751,T,TGT,,200,90.79
2025-12-04,9:47:42.602879751,T,TGT,I,30,90.79
2025-12-04,9:47:42.602897838,T,TGT,F I,30,90.79
2025-12-04,9:47:42.602900900,T,TGT,I,1,90.79
2025-12-04,9:47:42.602900900,T,TGT,I,38,90.79
2025-12-04,9:47:52.883643236,T,TGT,I,25,90.795
2025-12-04,9:47:52.883643236,T,TGT,I,40,90.795
2025-12-04,9:47:58.385207934,T,TGT,I,5,90.82
2025-12-04,9:47:58.385211528,T,TGT,I,63,90.82
2025-12-04,9:47:58.385211528,T,TGT,I,37,90.82
2025-12-04,9:47:58.385213996,T,TGT,I,3,90.82
2025-12-04,9:48:00.588241389,T,TGT,F,100,90.81
2025-12-04,9:48:00.588244454,T,TGT,F,100,90.81
2025-12-04,9:48:01.270924827,T,TGT,I,7,90.8
2025-12-04,9:48:02.151392485,T,TGT,I,82,90.81
2025-12-04,9:48:02.151392485,T,TGT,I,18,90.81
2025-12-04,9:48:02.158029167,T,TGT,I,12,90.81
2025-12-04,9:48:02.880322915,T,TGT,I,8,90.82
2025-12-04,9:48:10.528504230,T,TGT,F,100,90.79
2025-12-04,9:48:10.528506848,T,TGT,F I,38,90.79
2025-12-04,9:48:10.528506848,T,TGT,F I,23,90.79
2025-12-04,9:48:10.528510060,T,TGT,F I,77,90.79
2025-12-04,9:48:10.528819359,T,TGT,F I,34,90.78
2025-12-04,9:48:10.528933834,T,TGT,F I,66,90.78
2025-12-04,9:48:13.593164734,T,TGT,F I,10,90.77
2025-12-04,9:48:13.593164734,T,TGT,F,100,90.77
2025-12-04,9:48:13.593182908,T,TGT,I,1,90.77
2025-12-04,9:48:13.593182908,T,TGT,I,79,90.77
2025-12-04,9:48:13.653160657,T,TGT,,100,90.76
2025-12-04,9:48:13.653750062,T,TGT,F,143,90.75
2025-12-04,9:48:13.653753125,T,TGT,F,100,90.75
2025-12-04,9:48:21.728163248,T,TGT,F,100,90.72
2025-12-04,9:48:21.728166185,T,TGT,F,100,90.72
2025-12-04,9:48:21.728169281,T,TGT,F I,50,90.72
2025-12-04,9:48:21.728184606,T,TGT,I,5,90.72
2025-12-04,9:48:21.728187659,T,TGT,I,36,90.72
2025-12-04,9:48:21.728187659,T,TGT,I,9,90.72
2025-12-04,9:48:21.728268482,T,TGT,I,30,90.72
2025-12-04,9:48:21.728587254,T,TGT,I,12,90.71
2025-12-04,9:48:21.728623342,T,TGT,F I,13,90.71
2025-12-04,9:48:21.728651125,T,TGT,I,75,90.71
2025-12-04,9:48:21.729032285,T,TGT,F I,7,90.73
2025-12-04,9:48:21.729032285,T,TGT,F I,2,90.72
2025-12-04,9:48:21.729326991,T,TGT,F I,43,90.73
2025-12-04,9:48:21.729435219,T,TGT,I,40,90.73
2025-12-04,9:48:21.729558613,T,TGT,I,4,90.73
2025-12-04,9:48:21.730770557,T,TGT,F I,18,90.74
2025-12-04,9:48:21.730770557,T,TGT,F I,36,90.74
2025-12-04,9:48:21.731769307,T,TGT,I,50,90.74
2025-12-04,9:48:21.731769307,T,TGT,I,96,90.74
2025-12-04,9:48:21.731769307,T,TGT,I,26,90.74
2025-12-04,9:48:21.731771888,T,TGT,I,28,90.74
2025-12-04,9:48:21.803823509,T,TGT,I,80,90.74
2025-12-04,9:48:23.194264089,T,TGT,F I,28,90.74
2025-12-04,9:48:24.673804093,T,TGT,I,18,90.74
2025-12-04,9:48:25.382075292,T,TGT,F I,60,90.73
2025-12-04,9:48:25.382078347,T,TGT,F I,14,90.72
2025-12-04,9:48:25.382078347,T,TGT,F I,6,90.72
2025-12-04,9:48:25.382081229,T,TGT,F I,36,90.72
2025-12-04,9:48:25.382084221,T,TGT,F I,18,90.72
2025-12-04,9:48:25.416835022,T,TGT,F,100,90.71
2025-12-04,9:48:25.417695158,T,TGT,F,1182,90.7
2025-12-04,9:48:25.417710505,T,TGT,F,1860,90.7
2025-12-04,9:48:25.417716114,T,TGT,F,331,90.7
2025-12-04,9:48:25.417734353,T,TGT,F I,27,90.7
2025-12-04,9:48:25.417737143,T,TGT,F I,80,90.7
2025-12-04,9:48:25.418900981,T,TGT,I,16,90.69
2025-12-04,9:48:31.441943963,T,TGT,F I,50,90.69
2025-12-04,9:48:33.621554852,T,TGT,F,100,90.68
2025-12-04,9:48:33.621557624,T,TGT,F I,52,90.68
2025-12-04,9:48:33.641107641,T,TGT,I,5,90.68
2025-12-04,9:48:33.641107641,T,TGT,I,31,90.68
2025-12-04,9:48:33.641110185,T,TGT,F I,50,90.68
2025-12-04,9:48:33.641152342,T,TGT,F I,8,90.68
2025-12-04,9:48:36.516070334,T,TGT,F,100,90.66
2025-12-04,9:48:38.302389005,T,TGT,F I,50,90.64
2025-12-04,9:48:38.302434042,T,TGT,F I,16,90.64
2025-12-04,9:48:38.302434042,T,TGT,F I,15,90.64
2025-12-04,9:48:43.318657741,T,TGT,F I,1,90.63
2025-12-04,9:48:43.318663579,T,TGT,F I,30,90.63
2025-12-04,9:48:43.318666577,T,TGT,F I,70,90.63
2025-12-04,9:48:43.318669506,T,TGT,F,200,90.63
2025-12-04,9:48:43.527517067,T,TGT,F I,2,90.6
2025-12-04,9:48:43.527520157,T,TGT,F I,16,90.6
2025-12-04,9:48:43.527520157,T,TGT,F I,1,90.6
2025-12-04,9:48:43.527523912,T,TGT,F I,5,90.6
2025-12-04,9:48:43.527526071,T,TGT,F I,20,90.6
2025-12-04,9:48:43.527529108,T,TGT,F,200,90.6
2025-12-04,9:48:43.527589204,T,TGT,,100,90.61
2025-12-04,9:48:43.527589204,T,TGT,I,20,90.61
2025-12-04,9:48:43.527610500,T,TGT,I,1,90.61
2025-12-04,9:48:44.072577600,T,TGT,F,100,90.59
2025-12-04,9:48:44.073324027,T,TGT,F I,8,90.6
2025-12-04,9:48:48.742183279,T,TGT,F I,50,90.61
2025-12-04,9:48:56.655731101,T,TGT,F I,1,90.59
2025-12-04,9:48:56.664960628,T,TGT,F I,7,90.59
2025-12-04,9:48:56.664963078,T,TGT,F I,4,90.59
2025-12-04,9:48:56.664966181,T,TGT,F,100,90.59
2025-12-04,9:48:56.767844210,T,TGT,F I,45,90.58
2025-12-04,9:48:56.767847251,T,TGT,F,100,90.58
2025-12-04,9:48:56.854252090,T,TGT,F I,20,90.55
2025-12-04,9:48:56.854736198,T,TGT,F I,69,90.55
2025-12-04,9:48:56.854739184,T,TGT,F I,19,90.55
2025-12-04,9:48:56.854760527,T,TGT,I,5,90.55
2025-12-04,9:48:56.854760527,T,TGT,I,1,90.55
2025-12-04,9:48:56.854760527,T,TGT,I,21,90.55
2025-12-04,9:48:57.711230670,T,TGT,I,4,90.54
2025-12-04,9:49:00.378260512,T,TGT,I,16,90.54
2025-12-04,9:49:02.265839372,T,TGT,F I,20,90.52
2025-12-04,9:49:03.863840388,T,TGT,I,8,90.54
2025-12-04,9:49:08.542218232,T,TGT,I,4,90.5
2025-12-04,9:49:08.542224429,T,TGT,,200,90.5
2025-12-04,9:49:08.542224429,T,TGT,I,1,90.5
2025-12-04,9:49:08.542227792,T,TGT,,150,90.5
2025-12-04,9:49:08.542227792,T,TGT,I,20,90.5
2025-12-04,9:49:08.542229914,T,TGT,,200,90.5
2025-12-04,9:49:08.542783279,T,TGT,I,75,90.505
2025-12-04,9:49:08.542822328,T,TGT,I,9,90.51
2025-12-04,9:49:08.543006299,T,TGT,I,91,90.51
2025-12-04,9:49:08.543006299,T,TGT,,100,90.51
2025-12-04,9:49:08.543011887,T,TGT,,100,90.51
2025-12-04,9:49:08.543011887,T,TGT,,100,90.51
2025-12-04,9:49:08.543014848,T,TGT,I,9,90.51
2025-12-04,9:49:08.543027520,T,TGT,F I,91,90.51
2025-12-04,9:49:08.543092997,T,TGT,F I,9,90.51
2025-12-04,9:49:08.543345592,T,TGT,F I,89,90.51
2025-12-04,9:49:08.543381701,T,TGT,F I,2,90.51
2025-12-04,9:49:08.543511089,T,TGT,F,100,90.51
2025-12-04,9:49:08.550268169,T,TGT,F I,17,90.5
2025-12-04,9:49:08.553046809,T,TGT,F I,71,90.51
2025-12-04,9:49:08.606992204,T,TGT,F,100,90.52
2025-12-04,9:49:08.606995638,T,TGT,F,100,90.52
2025-12-04,9:49:08.606998873,T,TGT,F I,17,90.52
2025-12-04,9:49:08.606998873,T,TGT,F I,49,90.52
2025-12-04,9:49:08.607001305,T,TGT,F,100,90.52
2025-12-04,9:49:10.396606717,T,TGT,F I,1,90.55
2025-12-04,9:49:10.396606717,T,TGT,F I,3,90.55
2025-12-04,9:49:10.403442015,T,TGT,F,400,90.58
2025-12-04,9:49:10.403466130,T,TGT,I,1,90.58
2025-12-04,9:49:10.403466130,T,TGT,I,79,90.58
2025-12-04,9:49:10.403802863,T,TGT,,440,90.58
2025-12-04,9:49:10.482990564,T,TGT,I,21,90.57
2025-12-04,9:49:12.876792433,T,TGT,I,21,90.58
2025-12-04,9:49:12.876795432,T,TGT,I,4,90.58
2025-12-04,9:49:13.304580466,T,TGT,I,21,90.57
2025-12-04,9:49:13.304582601,T,TGT,I,21,90.57
2025-12-04,9:49:15.727905838,T,TGT,F I,25,90.57
2025-12-04,9:49:17.446422045,T,TGT,I,50,90.575
2025-12-04,9:49:20.474242442,T,TGT,I,1,90.59
2025-12-04,9:49:21.319484071,T,TGT,I,50,90.575
2025-12-04,9:49:21.319493224,T,TGT,I,50,90.575
2025-12-04,9:49:21.319610370,T,TGT,I,1,90.59
2025-12-04,9:49:27.438666239,T,TGT,,127,90.58
2025-12-04,9:49:27.438666239,T,TGT,I,6,90.58
2025-12-04,9:49:32.133213240,T,TGT,I,14,90.54
2025-12-04,9:49:32.133345639,T,TGT,I,86,90.54
2025-12-04,9:49:32.133351584,T,TGT,I,14,90.54
2025-12-04,9:49:32.133369626,T,TGT,I,31,90.54
2025-12-04,9:49:32.133372787,T,TGT,I,69,90.54
2025-12-04,9:49:32.133372787,T,TGT,I,1,90.54
2025-12-04,9:49:32.133388032,T,TGT,,130,90.54
2025-12-04,9:49:32.133391194,T,TGT,I,1,90.54
2025-12-04,9:49:32.133391194,T,TGT,,100,90.54
2025-12-04,9:49:32.133394295,T,TGT,I,1,90.54
2025-12-04,9:49:32.133396895,T,TGT,I,2,90.54
2025-12-04,9:49:32.133399681,T,TGT,I,1,90.54
2025-12-04,9:49:32.133399681,T,TGT,I,1,90.54
2025-12-04,9:49:32.133402720,T,TGT,I,14,90.54
2025-12-04,9:49:32.133402720,T,TGT,I,70,90.54
2025-12-04,9:49:32.133541071,T,TGT,F I,19,90.54
2025-12-04,9:49:32.133559098,T,TGT,F I,4,90.55
2025-12-04,9:49:32.134344033,T,TGT,I,20,90.54
2025-12-04,9:49:32.134344033,T,TGT,I,28,90.54
2025-12-04,9:49:32.134578538,T,TGT,I,33,90.54
2025-12-04,9:49:32.183856922,T,TGT,I,49,90.56
2025-12-04,9:49:32.183859982,T,TGT,,100,90.56
2025-12-04,9:49:32.183877923,T,TGT,F I,80,90.56
2025-12-04,9:49:32.248391391,T,TGT,F,100,90.58
2025-12-04,9:49:32.248393678,T,TGT,F,100,90.58
2025-12-04,9:49:32.250005494,T,TGT,F,100,90.6
2025-12-04,9:49:32.250011497,T,TGT,F I,72,90.6
2025-12-04,9:49:33.395575843,T,TGT,I,4,90.63
2025-12-04,9:49:33.395578635,T,TGT,,200,90.63
2025-12-04,9:49:33.395690261,T,TGT,I,2,90.64
2025-12-04,9:49:33.395690261,T,TGT,I,1,90.64
2025-12-04,9:49:33.396159547,T,TGT,F I,7,90.64
2025-12-04,9:49:34.002033478,T,TGT,,200,90.62
2025-12-04,9:49:34.002081641,T,TGT,,100,90.62
2025-12-04,9:49:35.864634863,T,TGT,I,1,90.62
2025-12-04,9:49:41.397810898,T,TGT,I,39,90.63
2025-12-04,9:49:41.397813842,T,TGT,F I,39,90.64
2025-12-04,9:49:41.397813842,T,TGT,F I,39,90.64
2025-12-04,9:49:43.479908223,T,TGT,F,100,90.6
2025-12-04,9:49:43.750189176,T,TGT,F,100,90.59
2025-12-04,9:49:43.750192154,T,TGT,F I,99,90.59
2025-12-04,9:49:43.750210201,T,TGT,I,1,90.59
2025-12-04,9:49:51.400321721,T,TGT,F,100,90.57
2025-12-04,9:49:51.400321721,T,TGT,F,100,90.57
2025-12-04,9:49:52.518758011,T,TGT,F,100,90.55
2025-12-04,9:50:01.791282487,T,TGT,F,100,90.54
2025-12-04,9:50:01.870397952,T,TGT,I,8,90.53
2025-12-04,9:50:10.085299838,T,TGT,,100,90.535
2025-12-04,9:50:21.928919593,T,TGT,F I,80,90.55
2025-12-04,9:50:21.928919593,T,TGT,F I,5,90.56
2025-12-04,9:50:21.928925584,T,TGT,F I,1,90.56
2025-12-04,9:50:21.928925584,T,TGT,F,100,90.56
2025-12-04,9:50:21.928928895,T,TGT,F I,20,90.56
2025-12-04,9:50:21.928938005,T,TGT,I,1,90.56
2025-12-04,9:50:21.928940694,T,TGT,F I,79,90.56
2025-12-04,9:50:21.928943573,T,TGT,F I,1,90.56
2025-12-04,9:50:21.929232252,T,TGT,F,100,90.57
2025-12-04,9:50:21.929232252,T,TGT,F I,1,90.57
2025-12-04,9:50:21.929325461,T,TGT,,100,90.56
2025-12-04,9:50:21.929593179,T,TGT,F I,27,90.57
2025-12-04,9:50:21.929596126,T,TGT,F I,87,90.57
2025-12-04,9:50:22.008143336,T,TGT,I,13,90.57
2025-12-04,9:50:22.008143336,T,TGT,I,13,90.57
2025-12-04,9:50:22.008149627,T,TGT,,100,90.57
2025-12-04,9:50:22.008149627,T,TGT,I,16,90.57
2025-12-04,9:50:22.008149627,T,TGT,I,2,90.57
2025-12-04,9:50:22.008152265,T,TGT,I,3,90.57
2025-12-04,9:50:22.013932053,T,TGT,,100,90.58
2025-12-04,9:50:22.090975667,T,TGT,I,39,90.6
2025-12-04,9:50:27.189871861,T,TGT,F,100,90.66
2025-12-04,9:50:27.189874858,T,TGT,F,318,90.66
2025-12-04,9:50:27.189878084,T,TGT,F I,2,90.66
2025-12-04,9:50:27.189878084,T,TGT,F I,80,90.66
2025-12-04,9:50:27.189880896,T,TGT,F I,10,90.66
2025-12-04,9:50:27.189983234,T,TGT,F I,14,90.67
2025-12-04,9:50:27.726894221,T,TGT,F,400,90.7
2025-12-04,9:50:27.727192019,T,TGT,F,100,90.69
2025-12-04,9:50:27.727195102,T,TGT,F I,27,90.69
2025-12-04,9:50:27.727198286,T,TGT,F I,19,90.69
2025-12-04,9:50:27.727198286,T,TGT,F I,73,90.69
2025-12-04,9:50:27.727201158,T,TGT,F I,80,90.69
2025-12-04,9:50:27.727222077,T,TGT,I,27,90.7
2025-12-04,9:50:27.727231069,T,TGT,I,13,90.68
2025-12-04,9:50:27.727237111,T,TGT,I,87,90.68
2025-12-04,9:50:27.727237111,T,TGT,,100,90.68
2025-12-04,9:50:27.727240135,T,TGT,I,16,90.68
2025-12-04,9:50:27.727516774,T,TGT,F I,15,90.67
2025-12-04,9:50:27.727519719,T,TGT,F I,32,90.67
2025-12-04,9:50:27.728205702,T,TGT,F,200,90.66
2025-12-04,9:50:27.742342062,T,TGT,F I,41,90.65
2025-12-04,9:50:27.742342062,T,TGT,F I,15,90.65
2025-12-04,9:50:27.742345644,T,TGT,F,303,90.65
2025-12-04,9:50:27.742345644,T,TGT,F I,19,90.65
2025-12-04,9:50:27.742348121,T,TGT,F I,22,90.65
2025-12-04,9:50:27.742366119,T,TGT,F I,78,90.65
2025-12-04,9:50:27.742369087,T,TGT,F,100,90.65
2025-12-04,9:50:27.742375111,T,TGT,F I,41,90.65
2025-12-04,9:50:31.902179239,T,TGT,I,41,90.67
2025-12-04,9:50:34.509956763,T,TGT,F I,41,90.7
2025-12-04,9:50:34.509956763,T,TGT,F I,1,90.7
2025-12-04,9:50:34.509962218,T,TGT,F I,3,90.7
2025-12-04,9:50:34.509962218,T,TGT,F I,1,90.7
2025-12-04,9:50:34.509973930,T,TGT,I,36,90.7
2025-12-04,9:50:34.510013005,T,TGT,F I,46,90.7
2025-12-04,9:50:41.009183516,T,TGT,I,50,90.715
2025-12-04,9:50:41.009228609,T,TGT,I,50,90.715
2025-12-04,9:50:42.923157605,T,TGT,F,100,90.68
2025-12-04,9:50:42.923162232,T,TGT,F,100,90.68
2025-12-04,9:50:42.923162232,T,TGT,F I,98,90.68
2025-12-04,9:50:42.923165252,T,TGT,F I,2,90.68
2025-12-04,9:50:42.923168253,T,TGT,F I,70,90.68
2025-12-04,9:50:42.923643391,T,TGT,F,158,90.67
2025-12-04,9:50:42.923932746,T,TGT,F I,42,90.67
2025-12-04,9:50:42.924040578,T,TGT,I,13,90.68
2025-12-04,9:50:42.924040578,T,TGT,I,34,90.68
2025-12-04,9:50:42.924046382,T,TGT,I,25,90.68
2025-12-04,9:50:42.924070456,T,TGT,F I,13,90.67
2025-12-04,9:50:42.924701874,T,TGT,F I,13,90.67
2025-12-04,9:50:42.930391431,T,TGT,,100,90.68
2025-12-04,9:50:42.930394567,T,TGT,I,4,90.68
2025-12-04,9:50:42.930397475,T,TGT,I,36,90.68
2025-12-04,9:50:42.930397475,T,TGT,I,60,90.68
2025-12-04,9:50:42.930409528,T,TGT,I,1,90.68
2025-12-04,9:50:42.930413149,T,TGT,I,39,90.68
2025-12-04,9:50:42.930415828,T,TGT,I,30,90.68
2025-12-04,9:50:42.930442586,T,TGT,I,9,90.68
2025-12-04,9:50:42.949854205,T,TGT,I,9,90.68
2025-12-04,9:50:42.949856834,T,TGT,,100,90.68
2025-12-04,9:50:42.949856834,T,TGT,,100,90.68
2025-12-04,9:50:48.142537637,T,TGT,I,61,90.69
2025-12-04,9:50:48.142537637,T,TGT,I,34,90.69
2025-12-04,9:50:57.873318033,T,TGT,F I,33,90.67
2025-12-04,9:50:57.873318033,T,TGT,F I,17,90.67
2025-12-04,9:51:00.051445946,T,TGT,F I,24,90.65
2025-12-04,9:51:00.051449258,T,TGT,F I,76,90.65
2025-12-04,9:51:00.051449258,T,TGT,F,100,90.65
2025-12-04,9:51:00.051897030,T,TGT,F I,14,90.64
2025-12-04,9:51:00.051921542,T,TGT,I,26,90.64
2025-12-04,9:51:00.051924086,T,TGT,I,60,90.64
2025-12-04,9:51:00.051927135,T,TGT,I,40,90.64
2025-12-04,9:51:02.038333486,T,TGT,F,100,90.63
2025-12-04,9:51:02.039097292,T,TGT,F,100,90.62
2025-12-04,9:51:02.885253075,T,TGT,I,53,90.63
2025-12-04,9:51:05.734865933,T,TGT,I,40,90.61
2025-12-04,9:51:05.734868921,T,TGT,I,60,90.6
2025-12-04,9:51:05.734905131,T,TGT,,100,90.6
2025-12-04,9:51:05.734905131,T,TGT,I,40,90.6
2025-12-04,9:51:05.735052331,T,TGT,I,49,90.6
2025-12-04,9:51:08.195309739,T,TGT,,100,90.59
2025-12-04,9:51:08.205678337,T,TGT,I,7,90.59
2025-12-04,9:51:17.473015451,T,TGT,I,3,90.6
2025-12-04,9:51:36.756275088,T,TGT,,127,90.575
2025-12-04,9:51:36.756278141,T,TGT,I,44,90.575
2025-12-04,9:51:36.954989261,T,TGT,I,6,90.57
2025-12-04,9:51:36.954991685,T,TGT,I,31,90.59
2025-12-04,9:51:36.954991685,T,TGT,I,80,90.59
2025-12-04,9:51:36.955030632,T,TGT,I,75,90.59
2025-12-04,9:51:40.562656359,T,TGT,,100,90.61
2025-12-04,9:51:58.097313187,T,TGT,F I,46,90.585
2025-12-04,9:51:58.097313187,T,TGT,F I,19,90.59
2025-12-04,9:51:58.097643970,T,TGT,I,46,90.59
2025-12-04,9:51:58.097647007,T,TGT,,100,90.59
2025-12-04,9:51:58.097668043,T,TGT,F I,25,90.59
2025-12-04,9:51:58.098269532,T,TGT,I,9,90.59
2025-12-04,9:51:58.098314630,T,TGT,I,60,90.59
2025-12-04,9:51:58.098336281,T,TGT,F I,40,90.59
2025-12-04,9:52:00.610286044,T,TGT,F I,94,90.57
2025-12-04,9:52:00.610292011,T,TGT,F I,6,90.57
2025-12-04,9:52:00.610295037,T,TGT,F,190,90.57
2025-12-04,9:52:00.610307092,T,TGT,I,1,90.57
2025-12-04,9:52:00.610307092,T,TGT,F I,9,90.57
2025-12-04,9:52:00.610310042,T,TGT,F,100,90.57
2025-12-04,9:52:00.610412363,T,TGT,F I,91,90.56
2025-12-04,9:52:00.610445358,T,TGT,I,80,90.58
2025-12-04,9:52:00.610448674,T,TGT,,127,90.58
2025-12-04,9:52:00.610448674,T,TGT,,100,90.58
2025-12-04,9:52:00.610451452,T,TGT,I,9,90.59
2025-12-04,9:52:00.610451452,T,TGT,I,19,90.59
2025-12-04,9:52:00.610478623,T,TGT,I,7,90.57
2025-12-04,9:52:00.610515000,T,TGT,I,8,90.57
2025-12-04,9:52:00.610517701,T,TGT,F I,3,90.57
2025-12-04,9:52:00.610520727,T,TGT,F I,9,90.56
2025-12-04,9:52:00.610520727,T,TGT,F I,94,90.56
2025-12-04,9:52:00.610767224,T,TGT,I,60,90.58
2025-12-04,9:52:00.610776202,T,TGT,I,16,90.57
2025-12-04,9:52:00.610863343,T,TGT,I,15,90.58
2025-12-04,9:52:00.610863343,T,TGT,I,81,90.59
2025-12-04,9:52:00.610866457,T,TGT,,100,90.59
2025-12-04,9:52:00.610866457,T,TGT,I,15,90.59
2025-12-04,9:52:00.763347657,T,TGT,F I,81,90.57
2025-12-04,9:52:00.763350688,T,TGT,F I,19,90.57
2025-12-04,9:52:00.763392873,T,TGT,I,6,90.56
2025-12-04,9:52:00.763392873,T,TGT,I,20,90.56
2025-12-04,9:52:00.763395766,T,TGT,,100,90.56
2025-12-04,9:52:00.763780716,T,TGT,F I,62,90.55
2025-12-04,9:52:00.764300922,T,TGT,F,138,90.55
2025-12-04,9:52:01.564600550,T,TGT,F,100,90.54
2025-12-04,9:52:01.564600550,T,TGT,F I,49,90.54
2025-12-04,9:52:01.564618540,T,TGT,I,51,90.54
2025-12-04,9:52:01.565858478,T,TGT,F I,15,90.55
2025-12-04,9:52:01.565860492,T,TGT,F I,17,90.55
2025-12-04,9:52:02.581848998,T,TGT,F I,6,90.56
2025-12-04,9:52:07.255081259,T,TGT,F I,40,90.61
2025-12-04,9:52:07.255144415,T,TGT,I,75,90.61
2025-12-04,9:52:07.255153397,T,TGT,F,100,90.62
2025-12-04,9:52:07.255177505,T,TGT,I,1,90.62
2025-12-04,9:52:07.255634586,T,TGT,F I,99,90.62
2025-12-04,9:52:07.256185603,T,TGT,F I,1,90.62
2025-12-04,9:52:07.256185603,T,TGT,F I,40,90.62
2025-12-04,9:52:07.256185603,T,TGT,F I,1,90.62
2025-12-04,9:52:07.256636402,T,TGT,F I,1,90.62
2025-12-04,9:52:13.194717615,T,TGT,F I,1,90.63
2025-12-04,9:52:15.894672966,T,TGT,F I,50,90.62
2025-12-04,9:52:16.175415699,T,TGT,I,1,90.62
2025-12-04,9:52:18.491578703,T,TGT,F I,16,90.63
2025-12-04,9:52:18.492002696,T,TGT,F I,1,90.64
2025-12-04,9:52:18.492018433,T,TGT,F I,1,90.64
2025-12-04,9:52:18.492018433,T,TGT,F I,59,90.64
2025-12-04,9:52:18.492023756,T,TGT,F I,41,90.64
2025-12-04,9:52:18.492204194,T,TGT,I,1,90.64
2025-12-04,9:52:18.492847701,T,TGT,F I,50,90.64
2025-12-04,9:52:18.493235674,T,TGT,I,75,90.645
2025-12-04,9:52:18.493286900,T,TGT,I,75,90.645
2025-12-04,9:52:20.796873692,T,TGT,F I,50,90.64
2025-12-04,9:52:23.266329795,T,TGT,,100,90.64
2025-12-04,9:52:23.266329795,T,TGT,I,2,90.64
2025-12-04,9:52:23.266474274,T,TGT,F,102,90.64
2025-12-04,9:52:23.266474274,T,TGT,F,102,90.64
2025-12-04,9:52:23.266772021,T,TGT,I,50,90.64
2025-12-04,9:52:23.266844023,T,TGT,,111,90.64
2025-12-04,9:52:23.268086092,T,TGT,F,255,90.64
2025-12-04,9:52:24.200102576,T,TGT,I,20,90.62
2025-12-04,9:52:24.200102576,T,TGT,I,80,90.62
2025-12-04,9:52:32.195529332,T,TGT,F I,2,90.63
2025-12-04,9:52:32.195601426,T,TGT,I,5,90.63
2025-12-04,9:52:37.022352433,T,TGT,,100,90.62
2025-12-04,9:52:37.870655376,T,TGT,F I,26,90.61
2025-12-04,9:52:37.871040501,T,TGT,F,100,90.6
2025-12-04,9:52:37.871040501,T,TGT,F I,20,90.59
2025-12-04,9:52:37.871043601,T,TGT,F I,1,90.59
2025-12-04,9:52:37.871046380,T,TGT,F I,29,90.59
2025-12-04,9:52:37.871070368,T,TGT,F I,51,90.59
2025-12-04,9:52:37.871086138,T,TGT,I,20,90.59
2025-12-04,9:52:37.871088417,T,TGT,,100,90.59
2025-12-04,9:52:37.871344072,T,TGT,I,13,90.61
2025-12-04,9:52:37.871347364,T,TGT,,100,90.61
2025-12-04,9:52:37.871350014,T,TGT,I,27,90.61
2025-12-04,9:52:37.871350014,T,TGT,I,7,90.61
2025-12-04,9:52:37.959974183,T,TGT,I,1,90.62
2025-12-04,9:52:37.959974183,T,TGT,I,80,90.62
2025-12-04,9:52:37.960013322,T,TGT,I,19,90.63
2025-12-04,9:52:40.956378779,T,TGT,F I,87,90.65
2025-12-04,9:52:40.956394063,T,TGT,F I,8,90.65
2025-12-04,9:52:40.956396748,T,TGT,F I,1,90.65
2025-12-04,9:52:40.956399791,T,TGT,F I,33,90.65
2025-12-04,9:52:40.956468977,T,TGT,F I,93,90.66
2025-12-04,9:52:40.956490004,T,TGT,F I,7,90.66
2025-12-04,9:52:40.956502005,T,TGT,F I,67,90.66
2025-12-04,9:52:42.516179699,T,TGT,I,52,90.67
2025-12-04,9:52:42.521111731,T,TGT,F I,27,90.68
2025-12-04,9:52:42.521111731,T,TGT,F I,13,90.68
2025-12-04,9:52:42.521114509,T,TGT,F I,39,90.68
2025-12-04,9:52:42.521114509,T,TGT,F I,21,90.68
2025-12-04,9:52:42.521135629,T,TGT,I,2,90.68
2025-12-04,9:52:42.521135629,T,TGT,I,3,90.68
2025-12-04,9:52:42.521138558,T,TGT,,100,90.68
2025-12-04,9:52:42.521141582,T,TGT,I,1,90.68
2025-12-04,9:52:42.521159583,T,TGT,I,57,90.68
2025-12-04,9:52:42.521159583,T,TGT,,100,90.68
2025-12-04,9:52:42.521162636,T,TGT,,100,90.68
2025-12-04,9:52:42.521162636,T,TGT,,100,90.68
2025-12-04,9:52:44.690597070,T,TGT,,100,90.695
2025-12-04,9:53:08.399744023,T,TGT,F I,9,90.71
2025-12-04,9:53:08.399761898,T,TGT,F I,80,90.71
2025-12-04,9:53:22.281295041,T,TGT,F I,60,90.66
2025-12-04,9:53:22.281297868,T,TGT,F,100,90.66
2025-12-04,9:53:22.281301158,T,TGT,F,100,90.66
2025-12-04,9:53:22.281301158,T,TGT,F,109,90.66
2025-12-04,9:53:22.281303833,T,TGT,F I,7,90.66
2025-12-04,9:53:22.281306885,T,TGT,F,193,90.66
2025-12-04,9:53:28.027709292,T,TGT,F I,10,90.68
2025-12-04,9:53:28.027711885,T,TGT,F I,5,90.68
2025-12-04,9:53:28.027723940,T,TGT,F I,10,90.68
2025-12-04,9:53:28.038791033,T,TGT,F I,10,90.685
2025-12-04,9:53:28.038793490,T,TGT,F I,3,90.69
2025-12-04,9:53:28.038796271,T,TGT,F I,10,90.69
2025-12-04,9:53:37.881334692,T,TGT,,100,90.67
2025-12-04,9:53:37.881352994,T,TGT,I,5,90.67
2025-12-04,9:53:37.881352994,T,TGT,I,87,90.67
2025-12-04,9:53:37.909920831,T,TGT,I,35,90.68
2025-12-04,9:53:37.909948258,T,TGT,F I,50,90.68
2025-12-04,9:53:40.539349915,T,TGT,F I,35,90.67
2025-12-04,9:53:40.539349915,T,TGT,F,100,90.67
2025-12-04,9:53:46.787974398,T,TGT,I,3,90.69
2025-12-04,9:53:47.016621058,T,TGT,,100,90.69
2025-12-04,9:53:48.056702973,T,TGT,F,100,90.71
2025-12-04,9:53:48.058131392,T,TGT,F I,5,90.72
2025-12-04,9:53:48.058281709,T,TGT,I,15,90.71
2025-12-04,9:53:48.058549502,T,TGT,I,80,90.71
2025-12-04,9:53:48.058549502,T,TGT,I,20,90.71
2025-12-04,9:53:48.058582412,T,TGT,I,80,90.71
2025-12-04,9:53:49.795256092,T,TGT,I,15,90.72
2025-12-04,9:53:49.795256092,T,TGT,,185,90.72
2025-12-04,9:53:49.795274093,T,TGT,I,1,90.72
2025-12-04,9:53:49.795274093,T,TGT,F I,14,90.72
2025-12-04,9:53:55.283826657,T,TGT,F I,20,90.67
2025-12-04,9:53:55.283829643,T,TGT,F I,40,90.67
2025-12-04,9:53:55.283832565,T,TGT,F I,60,90.67
2025-12-04,9:53:58.964748883,T,TGT,I,67,90.65
2025-12-04,9:53:58.964767731,T,TGT,I,1,90.65
2025-12-04,9:53:58.964770162,T,TGT,I,5,90.65
2025-12-04,9:53:58.964773414,T,TGT,I,13,90.65
2025-12-04,9:53:58.964793974,T,TGT,I,14,90.65
2025-12-04,9:53:58.965067663,T,TGT,I,33,90.65
2025-12-04,9:53:58.965160869,T,TGT,F I,20,90.67
2025-12-04,9:53:58.965184935,T,TGT,F I,12,90.67
2025-12-04,9:53:58.965184935,T,TGT,F I,16,90.67
2025-12-04,9:53:58.965191054,T,TGT,F I,33,90.67
2025-12-04,9:53:58.965193955,T,TGT,F I,22,90.67
2025-12-04,9:53:58.965196963,T,TGT,F I,54,90.67
2025-12-04,9:53:58.965229996,T,TGT,F,100,90.68
2025-12-04,9:53:58.965621897,T,TGT,I,16,90.68
2025-12-04,9:53:58.965621897,T,TGT,I,32,90.68
2025-12-04,9:53:58.965623977,T,TGT,I,12,90.67
2025-12-04,9:53:59.166362017,T,TGT,I,66,90.67
2025-12-04,9:53:59.166364418,T,TGT,I,1,90.67
2025-12-04,9:53:59.166367269,T,TGT,I,9,90.67
2025-12-04,9:54:10.931960597,T,TGT,F,251,90.67
2025-12-04,9:54:10.931963105,T,TGT,F I,12,90.67
2025-12-04,9:54:10.931966587,T,TGT,F I,1,90.67
2025-12-04,9:54:10.931966587,T,TGT,F I,2,90.67
2025-12-04,9:54:10.931980963,T,TGT,I,1,90.67
2025-12-04,9:54:10.931984881,T,TGT,F I,2,90.67
2025-12-04,9:54:10.931984881,T,TGT,F I,15,90.67
2025-12-04,9:54:10.931987223,T,TGT,I,66,90.67
2025-12-04,9:54:10.931987223,T,TGT,F I,2,90.67
2025-12-04,9:54:10.932119377,T,TGT,I,10,90.67
2025-12-04,9:54:10.932122297,T,TGT,I,90,90.67
2025-12-04,9:54:10.932266720,T,TGT,,100,90.67
2025-12-04,9:54:15.772844936,T,TGT,F,100,90.65
2025-12-04,9:54:15.772844936,T,TGT,F I,56,90.65
2025-12-04,9:54:15.772847680,T,TGT,F,144,90.65
2025-12-04,9:54:15.777845569,T,TGT,F I,42,90.65
2025-12-04,9:54:15.777863573,T,TGT,F I,58,90.65
2025-12-04,9:54:15.822860404,T,TGT,I,80,90.64
2025-12-04,9:54:15.822860404,T,TGT,I,4,90.64
2025-12-04,9:54:15.822863195,T,TGT,I,47,90.64
2025-12-04,9:54:15.822863195,T,TGT,,200,90.64
2025-12-04,9:54:15.822871831,T,TGT,,200,90.64
2025-12-04,9:54:16.788063288,T,TGT,I,1,90.65
2025-12-04,9:54:22.151012794,T,TGT,F I,3,90.63
2025-12-04,9:54:22.151012794,T,TGT,F I,20,90.63
2025-12-04,9:54:22.151019059,T,TGT,F,100,90.63
2025-12-04,9:54:22.151046803,T,TGT,,100,90.63
2025-12-04,9:54:22.151048854,T,TGT,I,1,90.63
2025-12-04,9:54:22.151051835,T,TGT,I,5,90.63
2025-12-04,9:54:22.296015178,T,TGT,I,4,90.63
2025-12-04,9:54:24.971432015,T,TGT,F I,98,90.62
2025-12-04,9:54:26.788041857,T,TGT,I,1,90.64
2025-12-04,9:54:29.003263252,T,TGT,I,5,90.64
2025-12-04,9:54:30.779053760,T,TGT,I,6,90.65
2025-12-04,9:54:31.142809454,T,TGT,F I,3,90.68
2025-12-04,9:54:31.143152238,T,TGT,,112,90.69
2025-12-04,9:54:31.143173264,T,TGT,I,1,90.69
2025-12-04,9:54:31.143206364,T,TGT,F I,50,90.69
2025-12-04,9:54:31.143236472,T,TGT,F,112,90.69
2025-12-04,9:54:31.143260659,T,TGT,F I,50,90.69
2025-12-04,9:54:31.143729618,T,TGT,F I,50,90.69
2025-12-04,9:54:31.143777623,T,TGT,F I,37,90.69
2025-12-04,9:54:31.707515730,T,TGT,I,25,90.685
2025-12-04,9:54:31.707536746,T,TGT,F I,50,90.685
2025-12-04,9:54:32.392815469,T,TGT,F I,25,90.685
2025-12-04,9:54:54.844559262,T,TGT,F I,50,90.69
2025-12-04,9:54:54.844561943,T,TGT,I,50,90.69
2025-12-04,9:54:54.844850602,T,TGT,,1626,90.7
2025-12-04,9:54:54.844868678,T,TGT,I,1,90.7
2025-12-04,9:54:54.844872324,T,TGT,F,3373,90.7
2025-12-04,9:54:54.845004004,T,TGT,,100,90.7
2025-12-04,9:54:54.845220567,T,TGT,F I,50,90.71
2025-12-04,9:54:54.845557736,T,TGT,F I,50,90.72
2025-12-04,9:54:54.845557736,T,TGT,F,100,90.72
2025-12-04,9:54:54.845560797,T,TGT,F I,50,90.72
2025-12-04,9:54:54.845570247,T,TGT,F I,35,90.72
2025-12-04,9:54:54.845578400,T,TGT,F I,55,90.72
2025-12-04,9:54:54.847367637,T,TGT,F I,58,90.72
2025-12-04,9:54:54.847370700,T,TGT,F,267,90.72
2025-12-04,9:54:54.847391677,T,TGT,,100,90.72
2025-12-04,9:54:56.189792768,T,TGT,I,80,90.7
2025-12-04,9:54:56.189792768,T,TGT,I,20,90.7
2025-12-04,9:55:04.432188974,T,TGT,F I,50,90.73
2025-12-04,9:55:04.432188974,T,TGT,F I,50,90.73
2025-12-04,9:55:04.432191996,T,TGT,F I,4,90.73
2025-12-04,9:55:04.432191996,T,TGT,F I,5,90.73
2025-12-04,9:55:04.749162189,T,TGT,F I,50,90.75
2025-12-04,9:55:04.752656477,T,TGT,I,10,90.76
2025-12-04,9:55:04.752659542,T,TGT,,400,90.76
2025-12-04,9:55:04.753122571,T,TGT,F,102,90.76
2025-12-04,9:55:04.753390304,T,TGT,I,3,90.76
2025-12-04,9:55:04.833883018,T,TGT,,100,90.775
2025-12-04,9:55:06.266438864,T,TGT,F I,2,90.79
2025-12-04,9:55:06.634130805,T,TGT,F I,17,90.81
2025-12-04,9:55:06.634169895,T,TGT,I,33,90.81
2025-12-04,9:55:11.273400298,T,TGT,F,200,90.81
2025-12-04,9:55:11.273400298,T,TGT,F I,3,90.81
2025-12-04,9:55:22.968129216,T,TGT,F I,3,90.85
2025-12-04,9:55:37.722545611,T,TGT,I,1,90.83
2025-12-04,9:55:37.722548549,T,TGT,,100,90.83
2025-12-04,9:55:37.722551607,T,TGT,I,16,90.83
2025-12-04,9:55:37.722569604,T,TGT,I,84,90.83
2025-12-04,9:55:37.722569604,T,TGT,I,16,90.83
2025-12-04,9:55:37.722572638,T,TGT,I,1,90.83
2025-12-04,9:55:37.722587624,T,TGT,,138,90.83
2025-12-04,9:55:37.722599637,T,TGT,I,9,90.83
2025-12-04,9:55:37.722973080,T,TGT,F I,91,90.83
2025-12-04,9:55:37.722975772,T,TGT,F I,80,90.83
2025-12-04,9:55:37.722978533,T,TGT,F I,80,90.83
2025-12-04,9:55:37.723017770,T,TGT,F I,16,90.84
2025-12-04,9:55:37.723546927,T,TGT,F I,40,90.82
2025-12-04,9:55:37.729016940,T,TGT,F I,1,90.83
2025-12-04,9:55:41.463749455,T,TGT,F I,40,90.82
2025-12-04,9:56:03.078496541,T,TGT,I,50,90.835
2025-12-04,9:56:10.181469252,T,TGT,F,100,90.86
2025-12-04,9:56:10.181469252,T,TGT,F I,4,90.86
2025-12-04,9:56:10.181830166,T,TGT,F I,80,90.87
2025-12-04,9:56:10.181851203,T,TGT,F I,20,90.87
2025-12-04,9:56:18.148586907,T,TGT,I,28,90.89
2025-12-04,9:56:18.148586907,T,TGT,I,3,90.89
2025-12-04,9:56:19.667111489,T,TGT,,100,90.905
2025-12-04,9:56:27.002201389,T,TGT,F I,50,90.89
2025-12-04,9:56:36.109100439,T,TGT,F,100,90.88
2025-12-04,9:56:36.109100439,T,TGT,F,100,90.88
2025-12-04,9:56:36.109103364,T,TGT,F,100,90.88
2025-12-04,9:56:36.109103364,T,TGT,F I,64,90.88
2025-12-04,9:56:36.109118459,T,TGT,F I,16,90.88
2025-12-04,9:56:36.109118459,T,TGT,F,100,90.88
2025-12-04,9:56:36.157034585,T,TGT,F I,58,90.87
2025-12-04,9:56:36.157056462,T,TGT,F I,42,90.87
2025-12-04,9:56:36.157056462,T,TGT,F,100,90.87
2025-12-04,9:56:36.157470568,T,TGT,F I,13,90.86
2025-12-04,9:56:36.157485683,T,TGT,F I,7,90.86
2025-12-04,9:56:44.720653268,T,TGT,I,75,90.89
2025-12-04,9:56:44.720653268,T,TGT,I,25,90.89
2025-12-04,9:56:55.718571241,T,TGT,F I,12,90.93
2025-12-04,9:56:55.718571241,T,TGT,F I,12,90.93
2025-12-04,9:56:55.718580250,T,TGT,I,12,90.93
2025-12-04,9:56:55.720637136,T,TGT,,312,90.94
2025-12-04,9:56:55.818607524,T,TGT,I,6,90.96
2025-12-04,9:56:55.818706777,T,TGT,I,6,90.95
2025-12-04,9:56:55.819323217,T,TGT,I,14,90.95
2025-12-04,9:56:55.819323217,T,TGT,I,20,90.95
2025-12-04,9:56:56.176249588,T,TGT,F I,50,90.95
2025-12-04,9:57:00.358108276,T,TGT,F I,64,90.97
2025-12-04,9:57:00.358129415,T,TGT,I,38,90.97
2025-12-04,9:57:00.358445364,T,TGT,,100,90.97
2025-12-04,9:57:00.358445364,T,TGT,I,39,90.98
2025-12-04,9:57:00.358448187,T,TGT,I,15,90.98
2025-12-04,9:57:00.358457163,T,TGT,F,100,90.98
2025-12-04,9:57:00.359455497,T,TGT,F I,18,90.98
2025-12-04,9:57:00.359455497,T,TGT,F I,10,90.98
2025-12-04,9:57:00.811161630,T,TGT,,100,90.95
2025-12-04,9:57:07.577335044,T,TGT,I,7,90.98
2025-12-04,9:57:07.577338065,T,TGT,,100,90.98
2025-12-04,9:57:07.577386157,T,TGT,I,13,90.98
2025-12-04,9:57:07.577392152,T,TGT,I,16,90.98
2025-12-04,9:57:07.577392152,T,TGT,I,1,90.98
2025-12-04,9:57:24.559146073,T,TGT,I,10,91.0
2025-12-04,9:57:24.559148778,T,TGT,I,3,91.0
2025-12-04,9:57:24.559151874,T,TGT,I,4,91.0
2025-12-04,9:57:24.559151874,T,TGT,I,2,91.0
2025-12-04,9:57:24.559161369,T,TGT,I,19,91.0
2025-12-04,9:57:24.759573216,T,TGT,I,14,91.0
2025-12-04,9:57:25.451717211,T,TGT,I,75,91.005
2025-12-04,9:57:25.451717211,T,TGT,I,25,91.005
2025-12-04,9:57:39.269949179,T,TGT,F I,8,90.96
2025-12-04,9:57:39.269961138,T,TGT,F I,92,90.96
2025-12-04,9:57:39.269964559,T,TGT,F,100,90.96
2025-12-04,9:57:39.269964559,T,TGT,F,100,90.96
2025-12-04,9:57:40.874364452,T,TGT,I,80,90.96
2025-12-04,9:57:43.711783167,T,TGT,I,1,90.96
2025-12-04,9:57:44.782496028,T,TGT,F I,1,90.97
2025-12-04,9:57:46.320555240,T,TGT,F,100,90.95
2025-12-04,9:57:46.320558290,T,TGT,F,200,90.95
2025-12-04,9:57:46.427544313,T,TGT,F,100,90.94
2025-12-04,9:57:46.427544313,T,TGT,F I,5,90.94
2025-12-04,9:57:55.768580826,T,TGT,F I,40,90.93
2025-12-04,9:57:55.768583944,T,TGT,F I,5,90.93
2025-12-04,9:57:55.768583944,T,TGT,F I,3,90.93
2025-12-04,9:57:55.768586886,T,TGT,F I,70,90.93
2025-12-04,9:57:55.768590844,T,TGT,F I,40,90.92
2025-12-04,9:57:55.768590844,T,TGT,F,151,90.92
2025-12-04,9:57:55.768599061,T,TGT,F I,49,90.92
2025-12-04,9:57:55.768599061,T,TGT,F,100,90.92
2025-12-04,9:57:55.768599061,T,TGT,F I,30,90.92
2025-12-04,9:57:55.768610954,T,TGT,I,70,90.92
2025-12-04,9:57:55.840512274,T,TGT,,100,90.91
2025-12-04,9:57:55.840512274,T,TGT,,200,90.91
2025-12-04,9:57:55.840656590,T,TGT,F I,20,90.9
2025-12-04,9:57:55.841715023,T,TGT,,100,90.89
2025-12-04,9:57:55.841856472,T,TGT,F I,38,90.89
2025-12-04,9:57:55.841898561,T,TGT,F I,1,90.89
2025-12-04,9:57:55.841985734,T,TGT,F,100,90.9
2025-12-04,9:57:55.842018820,T,TGT,F,100,90.91
2025-12-04,9:57:56.912340641,T,TGT,,100,90.915
2025-12-04,9:58:05.980206608,T,TGT,,100,90.915
2025-12-04,9:58:10.499586512,T,TGT,F,100,90.92
2025-12-04,9:58:10.499586512,T,TGT,F I,4,90.92
2025-12-04,9:58:10.499589492,T,TGT,F I,71,90.92
2025-12-04,9:58:10.499589492,T,TGT,F I,48,90.93
2025-12-04,9:58:10.499595859,T,TGT,F I,52,90.93
2025-12-04,9:58:10.499595859,T,TGT,F I,4,90.93
2025-12-04,9:58:10.501183244,T,TGT,,100,90.93
2025-12-04,9:58:10.501186239,T,TGT,I,17,90.93
2025-12-04,9:58:10.501204369,T,TGT,I,1,90.93
2025-12-04,9:58:10.501210404,T,TGT,I,6,90.93
2025-12-04,9:58:10.501210404,T,TGT,I,5,90.93
2025-12-04,9:58:10.501210404,T,TGT,I,68,90.93
2025-12-04,9:58:10.503679183,T,TGT,F I,22,90.91
2025-12-04,9:58:10.503682529,T,TGT,F I,44,90.91
2025-12-04,9:58:10.503682529,T,TGT,F,100,90.91
2025-12-04,9:58:10.503850661,T,TGT,,100,90.91
2025-12-04,9:58:10.503907797,T,TGT,F,100,90.91
2025-12-04,9:58:10.507808107,T,TGT,F I,20,90.9
2025-12-04,9:58:10.507811114,T,TGT,F I,60,90.9
2025-12-04,9:58:10.507811114,T,TGT,F I,59,90.9
2025-12-04,9:58:10.507853462,T,TGT,I,1,90.9
2025-12-04,9:58:10.507856191,T,TGT,,100,90.9
2025-12-04,9:58:10.507859234,T,TGT,,100,90.9
2025-12-04,9:58:10.507859234,T,TGT,,200,90.9
2025-12-04,9:58:10.556461101,T,TGT,F I,20,90.88
2025-12-04,9:58:10.556463927,T,TGT,F,100,90.88
2025-12-04,9:58:10.588598566,T,TGT,I,40,90.87
2025-12-04,9:58:10.588646598,T,TGT,F I,20,90.86
2025-12-04,9:58:10.589133856,T,TGT,I,80,90.86
2025-12-04,9:58:10.589163838,T,TGT,I,18,90.86
2025-12-04,9:58:10.717338588,T,TGT,F I,30,90.85
2025-12-04,9:58:10.717344271,T,TGT,,111,90.855
2025-12-04,9:58:10.724928385,T,TGT,,100,90.84
2025-12-04,9:58:12.583331701,T,TGT,I,44,90.83
2025-12-04,9:58:12.583335407,T,TGT,I,22,90.83
2025-12-04,9:58:12.583337719,T,TGT,I,1,90.84
2025-12-04,9:58:12.583761740,T,TGT,,100,90.84
2025-12-04,9:58:15.196804064,T,TGT,I,34,90.85
2025-12-04,9:58:15.217174610,T,TGT,,100,90.86
2025-12-04,9:58:48.840619692,T,TGT,,100,90.83
2025-12-04,9:58:48.840622761,T,TGT,I,60,90.83
2025-12-04,9:58:48.840622761,T,TGT,I,20,90.83
2025-12-04,9:58:49.742666442,T,TGT,F,100,90.82
2025-12-04,9:58:49.742669443,T,TGT,F,100,90.82
2025-12-04,9:58:49.743258838,T,TGT,,100,90.81
2025-12-04,9:58:49.748852339,T,TGT,F I,1,90.81
2025-12-04,9:58:49.748852339,T,TGT,F I,1,90.81
2025-12-04,9:59:00.196603550,T,TGT,I,62,90.835
2025-12-04,9:59:00.196603550,T,TGT,I,43,90.835
2025-12-04,9:59:00.196609489,T,TGT,I,24,90.835
2025-12-04,9:59:01.322143230,T,TGT,,100,90.79
2025-12-04,9:59:01.322146211,T,TGT,I,2,90.79
2025-12-04,9:59:01.322146211,T,TGT,,100,90.79
2025-12-04,9:59:01.322148984,T,TGT,,200,90.79
2025-12-04,9:59:04.180462074,T,TGT,F,100,90.805
2025-12-04,9:59:04.180464646,T,TGT,F I,75,90.805
2025-12-04,9:59:04.180467446,T,TGT,F I,8,90.805
2025-12-04,9:59:08.376736440,T,TGT,,100,90.79
2025-12-04,9:59:08.377361883,T,TGT,I,2,90.78
2025-12-04,9:59:08.377364903,T,TGT,,100,90.78
2025-12-04,9:59:18.644064044,T,TGT,F I,3,90.8
2025-12-04,9:59:18.644085046,T,TGT,F I,1,90.8
2025-12-04,9:59:19.336406476,T,TGT,I,1,90.8
2025-12-04,9:59:21.234453449,T,TGT,I,20,90.8
2025-12-04,9:59:21.234715989,T,TGT,F I,26,90.79
2025-12-04,9:59:29.312219604,T,TGT,F,100,90.78
2025-12-04,9:59:29.312222656,T,TGT,F,100,90.78
2025-12-04,9:59:32.404811310,T,TGT,F I,6,90.77
2025-12-04,9:59:32.404814379,T,TGT,F I,11,90.77
2025-12-04,9:59:36.680478594,T,TGT,F I,8,90.76
2025-12-04,9:59:36.680601821,T,TGT,F I,35,90.77
2025-12-04,9:59:36.681058893,T,TGT,,100,90.76
2025-12-04,9:59:36.681810681,T,TGT,I,1,90.76
2025-12-04,9:59:36.689376688,T,TGT,I,1,90.77
2025-12-04,9:59:36.689376688,T,TGT,I,26,90.77
2025-12-04,9:59:48.657204343,T,TGT,F I,20,90.75
2025-12-04,9:59:48.657204343,T,TGT,F I,40,90.74
2025-12-04,10:00:00.076994483,T,TGT,F I,50,90.77
2025-12-04,10:00:00.077057616,T,TGT,F I,50,90.77
2025-12-04,10:00:00.077102720,T,TGT,F I,50,90.77
2025-12-04,10:00:00.077141788,T,TGT,F I,50,90.77
2025-12-04,10:00:00.267209570,T,TGT,F I,35,90.78
2025-12-04,10:00:00.489457416,T,TGT,I,28,90.76
2025-12-04,10:00:00.489460351,T,TGT,I,70,90.76
2025-12-04,10:00:00.489463103,T,TGT,I,2,90.76
2025-12-04,10:00:00.495597755,T,TGT,F I,28,90.78
2025-12-04,10:00:00.495597755,T,TGT,F I,10,90.78
2025-12-04,10:00:03.179973666,T,TGT,F I,3,90.81
2025-12-04,10:00:03.179978874,T,TGT,F,100,90.81
2025-12-04,10:00:03.180399837,T,TGT,F I,35,90.83
2025-12-04,10:00:03.180402924,T,TGT,F I,5,90.83
2025-12-04,10:00:03.180402924,T,TGT,F I,2,90.83
2025-12-04,10:00:03.979204882,T,TGT,F,100,90.87
2025-12-04,10:00:03.979207961,T,TGT,F I,40,90.88
2025-12-04,10:00:03.979216874,T,TGT,F I,35,90.88
2025-12-04,10:00:03.979220382,T,TGT,F I,65,90.88
2025-12-04,10:00:06.626420467,T,TGT,,100,90.89
2025-12-04,10:00:06.626442422,T,TGT,I,1,90.89
2025-12-04,10:00:06.626442422,T,TGT,I,5,90.89
2025-12-04,10:00:06.626444637,T,TGT,I,69,90.89
2025-12-04,10:00:11.156120787,T,TGT,F,100,90.87
2025-12-04,10:00:15.451553972,T,TGT,,100,90.855
2025-12-04,10:00:15.452429099,T,TGT,,100,90.855
2025-12-04,10:00:23.000753864,T,TGT,I,29,90.865
2025-12-04,10:00:27.583193951,T,TGT,F I,79,90.84
2025-12-04,10:00:27.583524742,T,TGT,,100,90.83
2025-12-04,10:00:27.583527748,T,TGT,,100,90.83
2025-12-04,10:00:27.583581897,T,TGT,,100,90.84
2025-12-04,10:00:27.583626965,T,TGT,,100,90.84
2025-12-04,10:00:27.584742626,T,TGT,F I,30,90.84
2025-12-04,10:00:27.585031310,T,TGT,I,50,90.84
2025-12-04,10:00:45.243665176,T,TGT,F I,13,90.83
2025-12-04,10:00:45.243683227,T,TGT,F I,87,90.83
2025-12-04,10:00:45.243685677,T,TGT,F,100,90.83
2025-12-04,10:00:45.243688606,T,TGT,F I,5,90.83
2025-12-04,10:00:47.548478864,T,TGT,F I,6,90.83
2025-12-04,10:00:47.548481527,T,TGT,F I,3,90.83
2025-12-04,10:00:47.548481527,T,TGT,F I,50,90.83
2025-12-04,10:00:47.548487447,T,TGT,F I,80,90.83
2025-12-04,10:00:47.548953583,T,TGT,I,4,90.84
2025-12-04,10:00:47.549311405,T,TGT,I,20,90.83
2025-12-04,10:00:52.969168817,T,TGT,I,8,90.84
2025-12-04,10:00:52.969168817,T,TGT,I,20,90.84
2025-12-04,10:00:52.969171473,T,TGT,I,22,90.84
2025-12-04,10:00:52.969174444,T,TGT,I,50,90.84
2025-12-04,10:00:53.334030625,T,TGT,F I,5,90.85
2025-12-04,10:00:53.334030625,T,TGT,F I,30,90.85
2025-12-04,10:00:56.738131426,T,TGT,F I,30,90.86
2025-12-04,10:00:56.738552406,T,TGT,F I,13,90.87
2025-12-04,10:00:59.424885200,T,TGT,I,50,90.88
2025-12-04,10:00:59.425189129,T,TGT,F,100,90.89
2025-12-04,10:00:59.425189129,T,TGT,F I,17,90.89
2025-12-04,10:00:59.425192298,T,TGT,F I,30,90.89
2025-12-04,10:00:59.425192298,T,TGT,F,100,90.89
2025-12-04,10:01:01.409785011,T,TGT,F,100,90.87
2025-12-04,10:01:01.409845503,T,TGT,F I,60,90.87
2025-12-04,10:01:01.409845503,T,TGT,F I,21,90.87
2025-12-04,10:01:01.409845503,T,TGT,F,179,90.87
2025-12-04,10:01:01.410371437,T,TGT,F,100,90.86
2025-12-04,10:01:01.543956106,T,TGT,F,100,90.85
2025-12-04,10:01:01.543958685,T,TGT,F,100,90.85
2025-12-04,10:01:01.543958685,T,TGT,F I,70,90.85
2025-12-04,10:01:05.020995209,T,TGT,,100,90.81
2025-12-04,10:01:05.021284232,T,TGT,I,46,90.8
2025-12-04,10:01:05.021286855,T,TGT,I,80,90.8
2025-12-04,10:01:05.021289886,T,TGT,,200,90.8
2025-12-04,10:01:05.021289886,T,TGT,,100,90.8
2025-12-04,10:01:05.021307977,T,TGT,I,73,90.8
2025-12-04,10:01:05.021340938,T,TGT,,127,90.8
2025-12-04,10:01:05.021344050,T,TGT,I,5,90.8
2025-12-04,10:01:05.021344050,T,TGT,,132,90.8
2025-12-04,10:01:05.021350068,T,TGT,I,68,90.8
2025-12-04,10:01:05.557683771,T,TGT,F I,80,90.78
2025-12-04,10:01:05.557704805,T,TGT,I,20,90.78
2025-12-04,10:01:05.557707830,T,TGT,I,10,90.78
2025-12-04,10:01:05.557710779,T,TGT,I,1,90.78
2025-12-04,10:01:07.531093475,T,TGT,,200,90.77
2025-12-04,10:01:07.531093475,T,TGT,,100,90.77
2025-12-04,10:01:07.531111234,T,TGT,F,100,90.77
2025-12-04,10:01:07.531111234,T,TGT,I,69,90.77
2025-12-04,10:01:07.531117469,T,TGT,I,31,90.77
2025-12-04,10:01:07.531117469,T,TGT,I,13,90.77
2025-12-04,10:01:07.531120278,T,TGT,I,1,90.77
2025-12-04,10:01:07.531135230,T,TGT,I,86,90.77
2025-12-04,10:01:07.533423776,T,TGT,,200,90.77
2025-12-04,10:01:07.782080105,T,TGT,I,1,90.77
2025-12-04,10:01:07.782564661,T,TGT,F I,4,90.78
2025-12-04,10:01:07.782564661,T,TGT,F I,4,90.78
2025-12-04,10:01:07.782687524,T,TGT,F I,13,90.79
2025-12-04,10:01:08.855223426,T,TGT,F I,5,90.8
2025-12-04,10:01:18.834716779,T,TGT,F I,26,90.8
2025-12-04,10:01:18.834737772,T,TGT,F I,74,90.8
2025-12-04,10:01:18.834737772,T,TGT,F I,74,90.8
2025-12-04,10:01:18.834744131,T,TGT,F I,26,90.8
2025-12-04,10:01:18.834744131,T,TGT,F I,48,90.8
2025-12-04,10:01:18.834752979,T,TGT,,100,90.79
2025-12-04,10:01:18.834755784,T,TGT,I,1,90.8
2025-12-04,10:01:18.834773828,T,TGT,I,3,90.8
2025-12-04,10:01:18.834785853,T,TGT,F I,28,90.8
2025-12-04,10:01:18.835056538,T,TGT,I,26,90.8
2025-12-04,10:01:18.835077647,T,TGT,I,42,90.8
2025-12-04,10:01:18.835077647,T,TGT,I,31,90.8
2025-12-04,10:01:19.912812131,T,TGT,F,100,90.78
2025-12-04,10:01:19.912812131,T,TGT,F,100,90.78
2025-12-04,10:01:19.912827730,T,TGT,F I,50,90.78
2025-12-04,10:01:19.912890905,T,TGT,I,22,90.79
2025-12-04,10:01:19.912890905,T,TGT,,100,90.79
2025-12-04,10:01:19.912893729,T,TGT,,100,90.79
2025-12-04,10:01:19.912893729,T,TGT,I,28,90.79
2025-12-04,10:01:19.912896388,T,TGT,I,50,90.79
2025-12-04,10:01:19.912899317,T,TGT,I,6,90.79
2025-12-04,10:01:19.912902409,T,TGT,I,19,90.79
2025-12-04,10:01:19.912917428,T,TGT,I,4,90.79
2025-12-04,10:01:19.912920408,T,TGT,I,46,90.79
2025-12-04,10:01:19.912926375,T,TGT,F I,69,90.79
2025-12-04,10:01:19.912956470,T,TGT,I,11,90.79
2025-12-04,10:01:19.912959681,T,TGT,I,27,90.79
2025-12-04,10:01:19.912959681,T,TGT,I,48,90.79
2025-12-04,10:01:19.912962512,T,TGT,I,14,90.79
2025-12-04,10:01:19.912980534,T,TGT,F I,50,90.79
2025-12-04,10:01:19.913046703,T,TGT,F I,50,90.79
2025-12-04,10:01:19.913091801,T,TGT,F I,28,90.79
2025-12-04,10:01:19.913091801,T,TGT,F I,22,90.78
2025-12-04,10:01:25.537688635,T,TGT,F I,3,90.78
2025-12-04,10:01:25.537688635,T,TGT,F I,77,90.78
2025-12-04,10:01:25.537706697,T,TGT,F I,23,90.78
2025-12-04,10:01:25.537709641,T,TGT,F,100,90.78
2025-12-04,10:01:25.681975370,T,TGT,F,100,90.77
2025-12-04,10:01:40.982065638,T,TGT,F I,2,90.78
2025-12-04,10:01:41.417076036,T,TGT,F I,21,90.8
2025-12-04,10:01:41.417076036,T,TGT,F I,40,90.8
2025-12-04,10:01:41.417078980,T,TGT,F I,5,90.8
2025-12-04,10:01:41.417094091,T,TGT,I,8,90.8
2025-12-04,10:01:41.417097444,T,TGT,I,1,90.8
2025-12-04,10:01:48.039386686,T,TGT,F,100,90.75
2025-12-04,10:01:48.039386686,T,TGT,F I,20,90.75
2025-12-04,10:01:48.039476950,T,TGT,F I,30,90.74
2025-12-04,10:01:48.090328101,T,TGT,F I,36,90.73
2025-12-04,10:01:48.091242263,T,TGT,I,20,90.72
2025-12-04,10:01:48.714131207,T,TGT,,100,90.71
2025-12-04,10:01:48.714498041,T,TGT,I,20,90.7
2025-12-04,10:01:53.146769350,T,TGT,I,10,90.715
2025-12-04,10:01:53.147052096,T,TGT,I,40,90.715
2025-12-04,10:02:10.524208684,T,TGT,I,50,90.725
2025-12-04,10:02:34.175939565,T,TGT,,100,90.725
2025-12-04,10:02:34.314380423,T,TGT,,100,90.725
2025-12-04,10:02:34.360892268,T,TGT,F,100,90.76
2025-12-04,10:02:34.360896968,T,TGT,F I,4,90.76
2025-12-04,10:02:34.360901613,T,TGT,F,100,90.76
2025-12-04,10:02:34.360901613,T,TGT,F I,3,90.76
2025-12-04,10:02:34.360901613,T,TGT,F I,3,90.76
2025-12-04,10:02:34.360910232,T,TGT,I,1,90.76
2025-12-04,10:02:34.360913299,T,TGT,I,52,90.76
2025-12-04,10:02:34.365685672,T,TGT,,100,90.79
2025-12-04,10:02:34.366392375,T,TGT,F I,50,90.78
2025-12-04,10:02:34.366437436,T,TGT,F I,20,90.78
2025-12-04,10:02:34.366717101,T,TGT,I,10,90.785
2025-12-04,10:02:34.385138981,T,TGT,I,80,90.78
2025-12-04,10:02:34.416452621,T,TGT,,100,90.77
2025-12-04,10:02:34.416452621,T,TGT,,200,90.77
2025-12-04,10:02:34.416927665,T,TGT,F,100,90.76
2025-12-04,10:02:34.417201369,T,TGT,I,34,90.76
2025-12-04,10:02:35.252014656,T,TGT,F,100,90.72
2025-12-04,10:02:35.252017759,T,TGT,F,100,90.72
2025-12-04,10:02:35.252020532,T,TGT,F,100,90.72
2025-12-04,10:02:35.252020532,T,TGT,F I,20,90.72
2025-12-04,10:02:35.252023158,T,TGT,F,200,90.72
2025-12-04,10:02:35.252023158,T,TGT,F I,80,90.72
2025-12-04,10:02:35.279175406,T,TGT,F I,20,90.69
2025-12-04,10:02:35.279178105,T,TGT,F I,92,90.69
2025-12-04,10:02:35.279178105,T,TGT,F I,65,90.69
2025-12-04,10:02:35.279198883,T,TGT,I,1,90.69
2025-12-04,10:02:35.279281141,T,TGT,I,6,90.7
2025-12-04,10:02:35.279283114,T,TGT,I,94,90.7
2025-12-04,10:02:35.279304605,T,TGT,F,306,90.7
2025-12-04,10:02:35.458065180,T,TGT,F,100,90.7
2025-12-04,10:02:35.458065180,T,TGT,F,200,90.7
2025-12-04,10:02:35.458068585,T,TGT,F I,98,90.7
2025-12-04,10:02:35.458071014,T,TGT,F,102,90.7
2025-12-04,10:02:35.458570351,T,TGT,I,34,90.69
2025-12-04,10:02:35.458591249,T,TGT,I,2,90.69
2025-12-04,10:02:35.458675518,T,TGT,I,33,90.69
2025-12-04,10:02:40.755584654,T,TGT,,100,90.74
2025-12-04,10:02:51.443010131,T,TGT,F I,80,90.72
2025-12-04,10:02:51.443012909,T,TGT,F I,20,90.72
2025-12-04,10:02:51.443015992,T,TGT,F,100,90.72
2025-12-04,10:03:01.757460140,T,TGT,F,100,90.7
2025-12-04,10:03:01.757460140,T,TGT,F I,20,90.7
2025-12-04,10:03:01.757462770,T,TGT,F,100,90.7
2025-12-04,10:03:01.829481779,T,TGT,I,20,90.68
2025-12-04,10:03:01.829963147,T,TGT,,100,90.67
2025-12-04,10:03:01.830566893,T,TGT,F I,20,90.66
2025-12-04,10:03:02.160013738,T,TGT,F I,4,90.66
2025-12-04,10:03:02.545923442,T,TGT,F,100,90.67
2025-12-04,10:03:02.545926099,T,TGT,F,100,90.67
2025-12-04,10:03:02.546498010,T,TGT,,100,90.665
2025-12-04,10:03:02.546503793,T,TGT,,100,90.66
2025-12-04,10:03:02.546503793,T,TGT,I,35,90.66
2025-12-04,10:03:02.546503793,T,TGT,I,26,90.66
2025-12-04,10:03:02.546515578,T,TGT,I,1,90.66
2025-12-04,10:03:02.546587767,T,TGT,F I,5,90.67
2025-12-04,10:03:02.546590729,T,TGT,F I,45,90.67
2025-12-04,10:03:02.546593788,T,TGT,F I,1,90.67
2025-12-04,10:03:02.546593788,T,TGT,F,100,90.67
2025-12-04,10:03:02.546596734,T,TGT,F I,35,90.67
2025-12-04,10:03:02.547396670,T,TGT,F I,26,90.67
2025-12-04,10:03:02.547396670,T,TGT,F I,37,90.67
2025-12-04,10:03:06.895873217,T,TGT,,100,90.7
2025-12-04,10:03:16.716453683,T,TGT,F I,5,90.74
2025-12-04,10:03:17.723342276,T,TGT,F,100,90.735
2025-12-04,10:03:17.723342276,T,TGT,F I,16,90.75
2025-12-04,10:03:17.723348403,T,TGT,F I,24,90.75
2025-12-04,10:03:17.723348403,T,TGT,F I,2,90.75
2025-12-04,10:03:17.723351251,T,TGT,F I,24,90.75
2025-12-04,10:03:17.723363288,T,TGT,I,45,90.75
2025-12-04,10:03:17.723366308,T,TGT,I,5,90.75
2025-12-04,10:03:17.724611202,T,TGT,I,5,90.76
2025-12-04,10:03:21.822188135,T,TGT,F I,50,90.77
2025-12-04,10:03:21.822506969,T,TGT,F,100,90.76
2025-12-04,10:03:27.074991252,T,TGT,I,5,90.785
2025-12-04,10:03:31.768663193,T,TGT,,100,90.785
2025-12-04,10:03:45.143954990,T,TGT,F I,46,90.77
2025-12-04,10:03:45.143972970,T,TGT,F I,54,90.77
2025-12-04,10:03:45.143975921,T,TGT,F I,14,90.77
2025-12-04,10:03:45.143978996,T,TGT,F,100,90.77
2025-12-04,10:03:52.989113890,T,TGT,F,100,90.76
2025-12-04,10:03:52.989649283,T,TGT,I,6,90.77
2025-12-04,10:03:52.996785209,T,TGT,I,15,90.76
2025-12-04,10:03:52.996788901,T,TGT,I,6,90.76
2025-12-04,10:03:52.996788901,T,TGT,I,10,90.76
2025-12-04,10:03:52.996791468,T,TGT,I,27,90.76
2025-12-04,10:03:52.996794131,T,TGT,I,42,90.76
2025-12-04,10:03:52.996827281,T,TGT,I,12,90.76
2025-12-04,10:03:52.996830485,T,TGT,I,38,90.76
2025-12-04,10:03:52.996833281,T,TGT,I,62,90.75
2025-12-04,10:03:59.625023098,T,TGT,I,7,90.76
2025-12-04,10:03:59.817553690,T,TGT,,100,90.75
2025-12-04,10:04:14.665435742,T,TGT,F I,50,90.74
2025-12-04,10:04:14.665480854,T,TGT,F I,50,90.74
2025-12-04,10:04:14.665517074,T,TGT,F I,2,90.74
2025-12-04,10:04:14.665517074,T,TGT,F I,48,90.74
2025-12-04,10:04:14.666199519,T,TGT,I,2,90.74
2025-12-04,10:04:14.666199519,T,TGT,I,2,90.74
2025-12-04,10:04:15.305525755,T,TGT,F I,80,90.73
2025-12-04,10:04:15.305525755,T,TGT,F I,58,90.73
2025-12-04,10:04:15.305529809,T,TGT,F I,42,90.73
2025-12-04,10:04:15.305871439,T,TGT,F,100,90.72
2025-12-04,10:04:15.373418479,T,TGT,I,4,90.72
2025-12-04,10:04:29.459703097,T,TGT,,100,90.72
2025-12-04,10:04:47.737697802,T,TGT,I,3,90.74
2025-12-04,10:04:47.738485727,T,TGT,I,6,90.75
2025-12-04,10:04:47.738485727,T,TGT,,100,90.75
2025-12-04,10:04:47.738488722,T,TGT,I,94,90.75
2025-12-04,10:04:47.738506673,T,TGT,F I,7,90.75
