DATE,TIME_M,EX,SYM_ROOT,TR_SCOND,SIZE,PRICE
2025-11-04,9:30:13.733976655,T,TGT,F I,75,90.84
2025-11-04,9:30:13.733982568,T,TGT,Q,75,90.84
2025-11-04,9:30:25.406209065,T,TGT,I,75,90.91
2025-11-04,9:30:25.406212093,T,TGT,I,25,90.96
2025-11-04,9:30:25.982219383,T,TGT,I,50,90.96
2025-11-04,9:30:25.982222389,T,TGT,I,50,90.98
2025-11-04,9:30:25.982234649,T,TGT,F I,50,90.98
2025-11-04,9:30:25.982234649,T,TGT,F I,50,90.98
2025-11-04,9:30:25.982480957,T,TGT,,100,90.99
2025-11-04,9:30:30.275024901,T,TGT,F I,25,91.09
2025-11-04,9:30:30.277974384,T,TGT,F I,25,91.1
2025-11-04,9:30:30.282882100,T,TGT,I,37,91.03
2025-11-04,9:30:30.282963293,T,TGT,F I,37,91.02
2025-11-04,9:30:32.546573157,T,TGT,F I,6,91.08
2025-11-04,9:30:32.547192574,T,TGT,I,13,91.02
2025-11-04,9:30:42.518798482,T,TGT,F I,6,91.06
2025-11-04,9:30:42.811275142,T,TGT,F I,40,91.14
2025-11-04,9:30:53.283318285,T,TGT,,100,91.13
2025-11-04,9:30:58.925495048,T,TGT,I,40,91.19
2025-11-04,9:30:58.925525132,T,TGT,I,40,91.19
2025-11-04,9:30:58.925576344,T,TGT,F I,40,91.19
2025-11-04,9:30:58.925624432,T,TGT,F I,1,91.19
2025-11-04,9:30:58.960727068,T,TGT,I,40,91.2
2025-11-04,9:30:59.284625664,T,TGT,,100,91.26
2025-11-04,9:31:18.718535161,T,TGT,I,24,91.19
2025-11-04,9:31:18.718553184,T,TGT,F I,4,91.26
2025-11-04,9:31:18.718893052,T,TGT,I,47,91.27
2025-11-04,9:31:46.650720854,T,TGT,,100,91.09
2025-11-04,9:31:46.650759837,T,TGT,F I,20,91.09
2025-11-04,9:31:46.650759837,T,TGT,F I,30,91.09
2025-11-04,9:32:00.106553287,T,TGT,I,50,91.04
2025-11-04,9:32:00.108074938,T,TGT,I,50,91.04
2025-11-04,9:32:01.880446313,T,TGT,I,21,91.04
2025-11-04,9:32:01.880449782,T,TGT,I,50,91.03
2025-11-04,9:32:01.880485423,T,TGT,,100,90.99
2025-11-04,9:32:01.880485423,T,TGT,I,10,90.99
2025-11-04,9:32:01.880503562,T,TGT,I,1,90.99
2025-11-04,9:32:01.880506511,T,TGT,I,49,90.99
2025-11-04,9:32:01.880509526,T,TGT,I,1,90.99
2025-11-04,9:32:09.286932269,T,TGT,,240,91.015
2025-11-04,9:32:12.356543203,T,TGT,I,23,90.99
2025-11-04,9:32:37.428816300,T,TGT,I,25,91.02
2025-11-04,9:32:43.451600720,T,TGT,I,50,91.0
2025-11-04,9:32:43.525005523,T,TGT,I,50,91.0
2025-11-04,9:32:43.525655268,T,TGT,I,27,91.0
2025-11-04,9:32:46.617654342,T,TGT,I,50,90.97
2025-11-04,9:32:46.618700875,T,TGT,I,50,90.97
2025-11-04,9:32:46.619729296,T,TGT,I,50,90.97
2025-11-04,9:32:47.650200319,T,TGT,I,50,90.97
2025-11-04,9:32:48.150535486,T,TGT,I,40,90.97
2025-11-04,9:32:48.150535486,T,TGT,I,10,90.96
2025-11-04,9:32:48.151584734,T,TGT,I,50,90.96
2025-11-04,9:32:48.390738527,T,TGT,I,50,90.94
2025-11-04,9:32:50.283411558,T,TGT,I,33,90.89
2025-11-04,9:33:00.959319458,T,TGT,I,10,90.85
2025-11-04,9:33:01.517340865,T,TGT,I,10,90.84
2025-11-04,9:33:01.517358863,T,TGT,I,90,90.84
2025-11-04,9:33:01.517361837,T,TGT,I,3,90.84
2025-11-04,9:33:01.517662548,T,TGT,,100,90.87
2025-11-04,9:33:01.517698689,T,TGT,,100,90.87
2025-11-04,9:33:01.517704675,T,TGT,,100,90.88
2025-11-04,9:33:01.517785946,T,TGT,F,109,90.88
2025-11-04,9:33:01.517788950,T,TGT,,200,90.88
2025-11-04,9:33:01.517806884,T,TGT,I,91,90.88
2025-11-04,9:33:01.517824933,T,TGT,,307,90.88
2025-11-04,9:33:01.518104693,T,TGT,I,21,90.88
2025-11-04,9:33:01.518167789,T,TGT,,100,90.88
2025-11-04,9:33:01.518513625,T,TGT,I,20,90.86
2025-11-04,9:33:01.523586681,T,TGT,F I,21,90.88
2025-11-04,9:33:01.528004498,T,TGT,F I,34,90.91
2025-11-04,9:33:01.528007307,T,TGT,F I,66,90.94
2025-11-04,9:33:01.528025910,T,TGT,I,1,90.94
2025-11-04,9:33:01.528028512,T,TGT,F I,33,90.94
2025-11-04,9:33:01.528602712,T,TGT,,233,90.94
2025-11-04,9:33:01.528626701,T,TGT,F,467,90.94
2025-11-04,9:33:01.528786806,T,TGT,F I,24,90.93
2025-11-04,9:33:01.528789494,T,TGT,F I,17,90.93
2025-11-04,9:33:01.528792164,T,TGT,F I,50,90.93
2025-11-04,9:33:01.530728824,T,TGT,F,100,90.98
2025-11-04,9:33:01.530731871,T,TGT,F I,50,90.98
2025-11-04,9:33:01.530731871,T,TGT,F,273,90.98
2025-11-04,9:33:01.534496759,T,TGT,,100,90.965
2025-11-04,9:33:01.536204750,T,TGT,I,60,90.965
2025-11-04,9:33:01.539858484,T,TGT,F I,26,91.0
2025-11-04,9:33:01.553120064,T,TGT,I,11,91.09
2025-11-04,9:33:01.553141110,T,TGT,F I,71,91.09
2025-11-04,9:33:01.559047180,T,TGT,I,70,91.13
2025-11-04,9:33:01.560114722,T,TGT,I,60,91.11
2025-11-04,9:33:01.563170011,T,TGT,I,50,91.09
2025-11-04,9:33:01.594991828,T,TGT,I,87,91.05
2025-11-04,9:33:01.601333964,T,TGT,,127,91.03
2025-11-04,9:33:01.601391012,T,TGT,I,40,91.03
2025-11-04,9:33:01.998417987,T,TGT,I,35,91.01
2025-11-04,9:33:02.001539377,T,TGT,I,22,91.01
2025-11-04,9:33:02.087330809,T,TGT,F I,50,91.01
2025-11-04,9:33:02.145381087,T,TGT,F I,15,91.01
2025-11-04,9:33:02.549159054,T,TGT,I,50,91.0
2025-11-04,9:33:02.797355296,T,TGT,I,24,91.0
2025-11-04,9:33:02.797382403,T,TGT,I,30,91.0
2025-11-04,9:33:03.114184074,T,TGT,I,16,91.0
2025-11-04,9:33:03.114208131,T,TGT,I,30,91.0
2025-11-04,9:33:03.114211131,T,TGT,I,20,90.99
2025-11-04,9:33:03.114265309,T,TGT,I,30,90.99
2025-11-04,9:33:03.115113432,T,TGT,I,50,90.955
2025-11-04,9:33:03.115143456,T,TGT,F I,43,90.955
2025-11-04,9:33:03.142400385,T,TGT,F I,50,90.94
2025-11-04,9:33:03.142430422,T,TGT,I,50,90.88
2025-11-04,9:33:03.142755223,T,TGT,F I,50,90.88
2025-11-04,9:33:03.143088934,T,TGT,F I,50,90.87
2025-11-04,9:33:03.144959438,T,TGT,I,75,90.94
2025-11-04,9:33:03.144959438,T,TGT,I,25,90.94
2025-11-04,9:33:04.601512466,T,TGT,I,1,90.93
2025-11-04,9:33:04.967878264,T,TGT,F I,31,90.86
2025-11-04,9:33:04.968753405,T,TGT,F,100,90.84
2025-11-04,9:33:04.968756424,T,TGT,F I,20,90.84
2025-11-04,9:33:04.968756424,T,TGT,F I,5,90.84
2025-11-04,9:33:04.969072132,T,TGT,F I,25,90.83
2025-11-04,9:33:04.970214833,T,TGT,F I,6,90.82
2025-11-04,9:33:04.970218182,T,TGT,,100,90.84
2025-11-04,9:33:04.970269013,T,TGT,I,1,90.81
2025-11-04,9:33:04.970311112,T,TGT,F I,99,90.81
2025-11-04,9:33:04.970326138,T,TGT,,100,90.8
2025-11-04,9:33:04.970329139,T,TGT,I,1,90.8
2025-11-04,9:33:04.972957443,T,TGT,F I,5,90.79
2025-11-04,9:33:04.974052037,T,TGT,I,70,90.79
2025-11-04,9:33:04.974121151,T,TGT,F I,30,90.8
2025-11-04,9:33:04.974572198,T,TGT,F I,1,90.75
2025-11-04,9:33:04.974572198,T,TGT,F I,2,90.75
2025-11-04,9:33:04.975651746,T,TGT,F I,1,90.75
2025-11-04,9:33:04.975669793,T,TGT,I,20,90.77
2025-11-04,9:33:04.975889316,T,TGT,I,9,90.76
2025-11-04,9:33:04.975898427,T,TGT,I,7,90.76
2025-11-04,9:33:04.977287695,T,TGT,F I,1,90.74
2025-11-04,9:33:05.005052813,T,TGT,,110,90.77
2025-11-04,9:33:05.051092491,T,TGT,I,70,90.83
2025-11-04,9:33:05.051095490,T,TGT,,100,90.83
2025-11-04,9:33:05.051606698,T,TGT,I,25,90.82
2025-11-04,9:33:06.556575150,T,TGT,F I,75,90.905
2025-11-04,9:33:06.556623286,T,TGT,F I,35,90.905
2025-11-04,9:33:11.123525287,T,TGT,F I,75,90.97
2025-11-04,9:33:11.123579350,T,TGT,F I,75,90.97
2025-11-04,9:33:11.130122962,T,TGT,F I,1,90.97
2025-11-04,9:33:11.795765034,T,TGT,I,50,90.94
2025-11-04,9:33:11.795767770,T,TGT,,100,90.94
2025-11-04,9:33:11.795770771,T,TGT,,100,90.93
2025-11-04,9:33:11.796865359,T,TGT,F I,50,90.91
2025-11-04,9:33:11.796865359,T,TGT,F,200,90.91
2025-11-04,9:33:13.811936176,T,TGT,F I,75,90.86
2025-11-04,9:33:15.804077006,T,TGT,F,200,90.83
2025-11-04,9:33:15.804079969,T,TGT,F I,5,90.83
2025-11-04,9:33:15.804083324,T,TGT,F I,10,90.83
2025-11-04,9:33:15.804083324,T,TGT,F I,50,90.83
2025-11-04,9:33:15.830323548,T,TGT,F I,3,90.78
2025-11-04,9:33:16.963669579,T,TGT,I,25,90.71
2025-11-04,9:33:16.963756710,T,TGT,F I,1,90.7
2025-11-04,9:33:16.963762708,T,TGT,F I,10,90.7
2025-11-04,9:33:16.964040382,T,TGT,F I,10,90.69
2025-11-04,9:33:16.964040382,T,TGT,F I,10,90.69
2025-11-04,9:33:17.213919670,T,TGT,I,25,90.61
2025-11-04,9:33:17.239994811,T,TGT,F I,40,90.58
2025-11-04,9:33:19.075345358,T,TGT,I,27,90.67
2025-11-04,9:33:19.075369353,T,TGT,I,36,90.67
2025-11-04,9:33:19.075468751,T,TGT,I,24,90.65
2025-11-04,9:33:20.719307798,T,TGT,F I,2,90.61
2025-11-04,9:33:20.719322818,T,TGT,F,100,90.59
2025-11-04,9:33:23.575223678,T,TGT,F I,33,90.57
2025-11-04,9:33:23.575223678,T,TGT,F I,5,90.57
2025-11-04,9:33:23.575229627,T,TGT,F I,50,90.57
2025-11-04,9:33:23.575229627,T,TGT,F I,10,90.57
2025-11-04,9:33:23.575256726,T,TGT,F,300,90.55
2025-11-04,9:33:23.575386121,T,TGT,,100,90.58
2025-11-04,9:33:23.575407123,T,TGT,I,1,90.58
2025-11-04,9:33:23.575921669,T,TGT,,100,90.54
2025-11-04,9:33:23.575924458,T,TGT,I,2,90.54
2025-11-04,9:33:23.575930329,T,TGT,I,70,90.57
2025-11-04,9:33:23.575933348,T,TGT,I,25,90.58
2025-11-04,9:33:23.575966964,T,TGT,F I,23,90.56
2025-11-04,9:33:23.576029603,T,TGT,I,23,90.54
2025-11-04,9:33:23.576047752,T,TGT,I,75,90.55
2025-11-04,9:33:23.576086854,T,TGT,I,23,90.54
2025-11-04,9:33:23.576089914,T,TGT,I,23,90.54
2025-11-04,9:33:23.576089914,T,TGT,I,1,90.54
2025-11-04,9:33:23.576092947,T,TGT,I,2,90.54
2025-11-04,9:33:23.576095978,T,TGT,F I,2,90.55
2025-11-04,9:33:23.576095978,T,TGT,F I,23,90.55
2025-11-04,9:33:23.576152827,T,TGT,F I,20,90.56
2025-11-04,9:33:23.576161864,T,TGT,F I,23,90.56
2025-11-04,9:33:23.576164842,T,TGT,F I,23,90.56
2025-11-04,9:33:23.576171232,T,TGT,I,1,90.56
2025-11-04,9:33:23.576171232,T,TGT,I,23,90.56
2025-11-04,9:33:23.576173921,T,TGT,I,11,90.56
2025-11-04,9:33:23.576191941,T,TGT,F I,2,90.56
2025-11-04,9:33:23.576237658,T,TGT,F I,1,90.56
2025-11-04,9:33:23.576237658,T,TGT,F I,1,90.56
2025-11-04,9:33:23.576324281,T,TGT,I,18,90.55
2025-11-04,9:33:23.576441852,T,TGT,I,18,90.54
2025-11-04,9:33:23.576441852,T,TGT,I,2,90.54
2025-11-04,9:33:23.576444508,T,TGT,I,1,90.54
2025-11-04,9:33:23.576447555,T,TGT,I,1,90.54
2025-11-04,9:33:23.576450592,T,TGT,I,1,90.54
2025-11-04,9:33:23.576450592,T,TGT,I,2,90.54
2025-11-04,9:33:23.576501636,T,TGT,F I,25,90.54
2025-11-04,9:33:23.576501636,T,TGT,F I,1,90.56
2025-11-04,9:33:23.576504667,T,TGT,F I,17,90.54
2025-11-04,9:33:23.576549842,T,TGT,F I,1,90.56
2025-11-04,9:33:23.576558853,T,TGT,,100,90.55
2025-11-04,9:33:23.576606933,T,TGT,F I,11,90.55
2025-11-04,9:33:23.576622037,T,TGT,,100,90.55
2025-11-04,9:33:23.576622037,T,TGT,I,1,90.55
2025-11-04,9:33:23.576624936,T,TGT,I,10,90.55
2025-11-04,9:33:23.576763475,T,TGT,I,9,90.55
2025-11-04,9:33:23.576763475,T,TGT,I,2,90.55
2025-11-04,9:33:23.576766361,T,TGT,I,22,90.55
2025-11-04,9:33:23.576826442,T,TGT,I,5,90.56
2025-11-04,9:33:23.576868893,T,TGT,F I,1,90.56
2025-11-04,9:33:23.577057970,T,TGT,F I,1,90.56
2025-11-04,9:33:23.577067068,T,TGT,F I,2,90.56
2025-11-04,9:33:23.577443066,T,TGT,,100,90.55
2025-11-04,9:33:23.577443066,T,TGT,I,7,90.55
2025-11-04,9:33:23.578369104,T,TGT,I,22,90.55
2025-11-04,9:33:36.188430851,T,TGT,F I,50,90.66
2025-11-04,9:33:36.397446823,T,TGT,,100,90.64
2025-11-04,9:33:36.397470845,T,TGT,F I,75,90.64
2025-11-04,9:33:36.397552083,T,TGT,F I,75,90.63
2025-11-04,9:33:41.118574166,T,TGT,F I,75,90.62
2025-11-04,9:33:47.752104972,T,TGT,F I,2,90.68
2025-11-04,9:33:47.752769207,T,TGT,F I,1,90.685
2025-11-04,9:33:47.753000710,T,TGT,F I,30,90.71
2025-11-04,9:33:47.755223050,T,TGT,F I,14,90.75
2025-11-04,9:33:47.755226070,T,TGT,F I,8,90.75
2025-11-04,9:33:47.760909610,T,TGT,,100,90.78
2025-11-04,9:33:52.820760868,T,TGT,F I,41,90.84
2025-11-04,9:33:52.820763888,T,TGT,F I,34,90.84
2025-11-04,9:33:52.820779721,T,TGT,I,1,90.84
2025-11-04,9:33:52.820782424,T,TGT,F I,65,90.84
2025-11-04,9:33:52.820809727,T,TGT,F I,22,90.85
2025-11-04,9:33:52.820812688,T,TGT,F I,5,90.85
2025-11-04,9:33:52.822023839,T,TGT,I,1,90.91
2025-11-04,9:33:52.822333718,T,TGT,F I,51,90.925
2025-11-04,9:33:52.831511605,T,TGT,F I,75,90.93
2025-11-04,9:33:52.831682853,T,TGT,I,49,90.93
2025-11-04,9:33:53.381377513,T,TGT,F I,75,90.92
2025-11-04,9:33:53.381425644,T,TGT,F I,75,90.92
2025-11-04,9:34:11.143490142,T,TGT,F I,54,90.89
2025-11-04,9:34:14.114378821,T,TGT,F I,75,90.89
2025-11-04,9:34:14.114429864,T,TGT,F I,25,90.89
2025-11-04,9:34:14.131895520,T,TGT,F I,5,90.87
2025-11-04,9:34:14.131907481,T,TGT,I,64,90.955
2025-11-04,9:34:14.131910530,T,TGT,I,70,90.955
2025-11-04,9:34:14.131913516,T,TGT,F I,66,90.955
2025-11-04,9:34:14.131992538,T,TGT,F I,5,90.86
2025-11-04,9:34:14.132003826,T,TGT,I,21,90.92
2025-11-04,9:34:14.132031601,T,TGT,I,15,90.92
2025-11-04,9:34:14.132031601,T,TGT,I,2,90.92
2025-11-04,9:34:14.132036821,T,TGT,,127,90.92
2025-11-04,9:34:18.807756114,T,TGT,I,22,90.87
2025-11-04,9:34:18.808336421,T,TGT,I,53,90.87
2025-11-04,9:34:19.025104921,T,TGT,F I,1,90.95
2025-11-04,9:34:19.229922857,T,TGT,F I,70,91.03
2025-11-04,9:34:19.231709371,T,TGT,,100,91.075
2025-11-04,9:34:19.231709371,T,TGT,I,75,91.03
2025-11-04,9:34:19.231712433,T,TGT,I,50,91.03
2025-11-04,9:34:19.231712433,T,TGT,,100,91.03
2025-11-04,9:34:19.396158824,T,TGT,I,50,91.06
2025-11-04,9:34:19.396158824,T,TGT,I,50,91.06
2025-11-04,9:34:37.649395597,T,TGT,I,10,91.075
2025-11-04,9:34:40.997469919,T,TGT,F I,27,91.14
2025-11-04,9:34:41.012965774,T,TGT,F I,5,91.15
2025-11-04,9:34:41.012965774,T,TGT,F I,22,91.15
2025-11-04,9:34:41.013014247,T,TGT,F I,50,91.15
2025-11-04,9:34:41.013014247,T,TGT,F I,25,91.15
2025-11-04,9:34:41.013025998,T,TGT,I,50,91.15
2025-11-04,9:34:41.013028995,T,TGT,I,25,91.15
2025-11-04,9:34:41.048095530,T,TGT,F I,5,91.17
2025-11-04,9:34:41.048098498,T,TGT,F I,2,91.17
2025-11-04,9:34:41.049719508,T,TGT,F I,4,91.14
2025-11-04,9:34:41.998197106,T,TGT,F I,4,91.17
2025-11-04,9:34:41.998199937,T,TGT,F I,2,91.17
2025-11-04,9:34:43.015770275,T,TGT,F I,22,91.19
2025-11-04,9:34:43.015806315,T,TGT,F I,10,91.19
2025-11-04,9:34:43.015974940,T,TGT,F I,1,91.2
2025-11-04,9:34:43.015974940,T,TGT,F I,74,91.2
2025-11-04,9:34:43.016001799,T,TGT,F I,75,91.2
2025-11-04,9:34:43.016007724,T,TGT,F I,51,91.2
2025-11-04,9:34:43.016094990,T,TGT,I,38,91.17
2025-11-04,9:34:43.076505885,T,TGT,F I,25,91.24
2025-11-04,9:34:43.076836706,T,TGT,F I,4,91.25
2025-11-04,9:34:43.076839706,T,TGT,F I,3,91.25
2025-11-04,9:34:43.076839706,T,TGT,F I,10,91.25
2025-11-04,9:34:43.077714796,T,TGT,F,300,91.27
2025-11-04,9:34:43.092976138,T,TGT,I,4,91.25
2025-11-04,9:34:43.093036287,T,TGT,F I,5,91.23
2025-11-04,9:34:43.093451274,T,TGT,F I,7,91.23
2025-11-04,9:34:43.093454371,T,TGT,F I,75,91.23
2025-11-04,9:34:43.093454371,T,TGT,F I,7,91.23
2025-11-04,9:34:43.093472292,T,TGT,I,1,91.23
2025-11-04,9:34:43.093487374,T,TGT,I,67,91.23
2025-11-04,9:34:44.757591796,T,TGT,F I,5,91.21
2025-11-04,9:34:44.757724339,T,TGT,F I,75,91.21
2025-11-04,9:34:44.760241187,T,TGT,I,75,91.21
2025-11-04,9:34:44.760271181,T,TGT,I,30,91.21
2025-11-04,9:34:44.764472277,T,TGT,I,75,91.21
2025-11-04,9:34:44.764493268,T,TGT,F I,15,91.21
2025-11-04,9:34:44.765227066,T,TGT,F,200,91.17
2025-11-04,9:34:44.765227066,T,TGT,F I,5,91.17
2025-11-04,9:34:44.765284169,T,TGT,I,75,91.18
2025-11-04,9:34:44.765287242,T,TGT,I,25,91.19
2025-11-04,9:34:44.765608964,T,TGT,F I,75,91.19
2025-11-04,9:34:44.765608964,T,TGT,F I,2,91.19
2025-11-04,9:34:44.765666055,T,TGT,I,25,91.19
2025-11-04,9:34:44.765693146,T,TGT,I,75,91.19
2025-11-04,9:34:44.765705710,T,TGT,I,75,91.19
2025-11-04,9:34:44.765711247,T,TGT,F,221,91.19
2025-11-04,9:35:00.942904095,T,TGT,F,100,91.15
2025-11-04,9:35:00.942904095,T,TGT,F I,5,91.15
2025-11-04,9:35:00.942907090,T,TGT,F,375,91.15
2025-11-04,9:35:00.942913096,T,TGT,F I,62,91.15
2025-11-04,9:35:00.942919109,T,TGT,I,1,91.15
2025-11-04,9:35:00.942922120,T,TGT,F,357,91.15
2025-11-04,9:35:00.942970328,T,TGT,F I,2,91.17
2025-11-04,9:35:00.942973276,T,TGT,F I,1,91.17
2025-11-04,9:35:00.942976324,T,TGT,F I,35,91.17
2025-11-04,9:35:00.943274185,T,TGT,F I,24,91.2
2025-11-04,9:35:00.943274185,T,TGT,F I,1,91.2
2025-11-04,9:35:00.954463767,T,TGT,I,96,91.19
2025-11-04,9:35:00.954478963,T,TGT,F I,4,91.19
2025-11-04,9:35:00.954481667,T,TGT,F I,96,91.18
2025-11-04,9:35:00.954496748,T,TGT,I,4,91.18
2025-11-04,9:35:00.954950928,T,TGT,F I,5,91.17
2025-11-04,9:35:00.954974904,T,TGT,F I,33,91.17
2025-11-04,9:35:07.589019602,T,TGT,F I,24,91.195
2025-11-04,9:35:07.589314218,T,TGT,F I,5,91.195
2025-11-04,9:35:13.725432700,T,TGT,,100,91.22
2025-11-04,9:35:13.725453656,T,TGT,F,100,91.22
2025-11-04,9:35:13.730547847,T,TGT,F I,56,91.225
2025-11-04,9:35:13.739825329,T,TGT,F I,44,91.225
2025-11-04,9:35:13.739825329,T,TGT,F I,12,91.2
2025-11-04,9:35:13.740096267,T,TGT,F I,38,91.2
2025-11-04,9:35:13.740098615,T,TGT,F I,54,91.2
2025-11-04,9:35:15.138047955,T,TGT,F I,36,91.25
2025-11-04,9:35:15.154861019,T,TGT,F I,5,91.25
2025-11-04,9:35:15.154885093,T,TGT,F I,45,91.26
2025-11-04,9:35:15.156752606,T,TGT,F,100,91.24
2025-11-04,9:35:15.156752606,T,TGT,F,100,91.23
2025-11-04,9:35:15.156776584,T,TGT,F,100,91.23
2025-11-04,9:35:17.216687083,T,TGT,F I,75,91.22
2025-11-04,9:35:17.216756261,T,TGT,F I,25,91.22
2025-11-04,9:35:19.309493032,T,TGT,F I,33,91.17
2025-11-04,9:35:34.322991422,T,TGT,F I,5,91.14
2025-11-04,9:35:34.322991422,T,TGT,F I,20,91.14
2025-11-04,9:35:34.323000465,T,TGT,F I,10,91.14
2025-11-04,9:35:34.323577879,T,TGT,I,37,91.19
2025-11-04,9:35:34.323577879,T,TGT,,100,91.19
2025-11-04,9:35:34.324708455,T,TGT,F I,84,91.2
2025-11-04,9:35:34.324732609,T,TGT,F I,16,91.2
2025-11-04,9:35:34.324732609,T,TGT,F,100,91.2
2025-11-04,9:35:34.842860937,T,TGT,I,37,91.18
2025-11-04,9:35:34.842860937,T,TGT,I,10,91.18
2025-11-04,9:35:34.842879229,T,TGT,I,4,91.18
2025-11-04,9:35:34.842881940,T,TGT,I,71,91.18
2025-11-04,9:35:34.842885017,T,TGT,I,4,91.18
2025-11-04,9:35:34.843119551,T,TGT,I,39,91.21
2025-11-04,9:35:34.843122539,T,TGT,I,1,91.21
2025-11-04,9:35:34.843272872,T,TGT,F I,39,91.18
2025-11-04,9:35:34.843272872,T,TGT,F I,35,91.18
2025-11-04,9:35:34.843291093,T,TGT,I,1,91.18
2025-11-04,9:35:34.844111906,T,TGT,I,7,91.18
2025-11-04,9:35:34.845465488,T,TGT,I,56,91.18
2025-11-04,9:35:34.845468228,T,TGT,I,9,91.18
2025-11-04,9:35:34.845471081,T,TGT,I,28,91.18
2025-11-04,9:35:34.845471081,T,TGT,I,10,91.18
2025-11-04,9:35:48.290504941,T,TGT,I,1,91.23
2025-11-04,9:35:49.757345488,T,TGT,F,100,91.14
2025-11-04,9:35:49.757387634,T,TGT,F I,32,91.13
2025-11-04,9:35:49.769019411,T,TGT,F I,22,91.1
2025-11-04,9:35:49.769022313,T,TGT,F I,32,91.1
2025-11-04,9:35:51.144457674,T,TGT,F I,25,91.01
2025-11-04,9:35:51.144460098,T,TGT,F I,31,91.01
2025-11-04,9:35:51.144463436,T,TGT,F,100,91.0
2025-11-04,9:35:51.144463436,T,TGT,F I,25,91.0
2025-11-04,9:35:58.861640181,T,TGT,I,75,91.035
2025-11-04,9:35:59.424458030,T,TGT,I,25,91.04
2025-11-04,9:35:59.962319471,T,TGT,F I,10,91.0
2025-11-04,9:36:02.624474803,T,TGT,F,100,91.01
2025-11-04,9:36:02.624477862,T,TGT,F I,1,91.01
2025-11-04,9:36:02.624477862,T,TGT,F I,92,91.01
2025-11-04,9:36:02.624481424,T,TGT,F I,8,91.01
2025-11-04,9:36:02.624483914,T,TGT,F,100,91.01
2025-11-04,9:36:02.624483914,T,TGT,F I,5,91.01
2025-11-04,9:36:06.323033956,T,TGT,F,100,90.94
2025-11-04,9:36:06.323037060,T,TGT,F I,5,90.94
2025-11-04,9:36:06.323039953,T,TGT,F I,25,90.94
2025-11-04,9:36:17.547048507,T,TGT,F,300,90.95
2025-11-04,9:36:18.314648242,T,TGT,F I,70,90.91
2025-11-04,9:36:18.314651228,T,TGT,F I,30,90.9
2025-11-04,9:36:18.314732500,T,TGT,F I,70,90.9
2025-11-04,9:36:18.674741106,T,TGT,F I,10,90.9
2025-11-04,9:36:20.403701070,T,TGT,F I,70,90.9
2025-11-04,9:36:30.140697065,T,TGT,F I,5,90.94
2025-11-04,9:36:30.416574421,T,TGT,F I,33,90.91
2025-11-04,9:36:35.201462690,T,TGT,I,75,90.945
2025-11-04,9:36:35.201513764,T,TGT,I,25,90.945
2025-11-04,9:36:35.967952698,T,TGT,I,75,90.945
2025-11-04,9:36:38.612780809,T,TGT,I,25,90.935
2025-11-04,9:36:38.613207663,T,TGT,F I,6,90.9
2025-11-04,9:36:38.621642943,T,TGT,F I,1,90.87
2025-11-04,9:36:38.621663751,T,TGT,I,1,90.87
2025-11-04,9:36:39.396195213,T,TGT,I,70,90.88
2025-11-04,9:36:39.498929098,T,TGT,F,200,90.84
2025-11-04,9:36:39.498932044,T,TGT,F I,40,90.84
2025-11-04,9:36:39.499070095,T,TGT,,100,90.86
2025-11-04,9:36:39.499091220,T,TGT,I,1,90.86
2025-11-04,9:36:39.499388851,T,TGT,F I,10,90.83
2025-11-04,9:36:39.499524324,T,TGT,F I,90,90.83
2025-11-04,9:36:39.499524324,T,TGT,F,100,90.83
2025-11-04,9:36:40.152518184,T,TGT,F I,50,90.85
2025-11-04,9:36:41.320079360,T,TGT,F I,10,90.8
2025-11-04,9:37:07.716376842,T,TGT,I,4,90.83
2025-11-04,9:37:09.205960549,T,TGT,F,200,90.79
2025-11-04,9:37:09.205960549,T,TGT,F I,5,90.79
2025-11-04,9:37:09.217568373,T,TGT,I,5,90.76
2025-11-04,9:37:09.217571214,T,TGT,I,5,90.76
2025-11-04,9:37:09.217574238,T,TGT,I,5,90.76
2025-11-04,9:37:09.217574238,T,TGT,I,5,90.76
2025-11-04,9:37:09.223017168,T,TGT,F I,5,90.75
2025-11-04,9:37:09.228429996,T,TGT,I,70,90.75
2025-11-04,9:37:09.228454078,T,TGT,I,30,90.71
2025-11-04,9:37:11.281427157,T,TGT,I,4,90.71
2025-11-04,9:37:25.934104896,T,TGT,I,25,90.64
2025-11-04,9:37:25.934107987,T,TGT,I,1,90.63
2025-11-04,9:37:27.115075474,T,TGT,F I,75,90.68
2025-11-04,9:37:27.115114520,T,TGT,F I,75,90.68
2025-11-04,9:37:27.115150643,T,TGT,F I,50,90.68
2025-11-04,9:37:30.184292344,T,TGT,,100,90.715
2025-11-04,9:37:35.124278249,T,TGT,F I,25,90.77
2025-11-04,9:37:41.327210209,T,TGT,F I,4,90.72
2025-11-04,9:37:41.327212783,T,TGT,F I,7,90.72
2025-11-04,9:37:41.327678884,T,TGT,F I,16,90.71
2025-11-04,9:37:41.327684947,T,TGT,F I,88,90.71
2025-11-04,9:37:41.327697075,T,TGT,F I,1,90.71
2025-11-04,9:37:43.925718359,T,TGT,F I,75,90.71
2025-11-04,9:37:43.925763454,T,TGT,F I,75,90.71
2025-11-04,9:37:43.925799574,T,TGT,F I,75,90.71
2025-11-04,9:37:45.013079059,T,TGT,F,100,90.67
2025-11-04,9:37:45.013079059,T,TGT,F I,5,90.67
2025-11-04,9:37:45.013081855,T,TGT,F,200,90.67
2025-11-04,9:37:45.013653262,T,TGT,F I,3,90.65
2025-11-04,9:37:45.013656245,T,TGT,F I,9,90.65
2025-11-04,9:37:45.167791435,T,TGT,,100,90.68
2025-11-04,9:37:46.269571257,T,TGT,I,3,90.685
2025-11-04,9:37:46.269637519,T,TGT,I,75,90.685
2025-11-04,9:37:47.460630842,T,TGT,I,25,90.685
2025-11-04,9:37:49.765135233,T,TGT,F I,2,90.6
2025-11-04,9:37:49.765138038,T,TGT,F I,5,90.6
2025-11-04,9:37:50.261849357,T,TGT,F I,7,90.56
2025-11-04,9:37:50.261903422,T,TGT,I,23,90.56
2025-11-04,9:37:50.399589470,T,TGT,I,1,90.54
2025-11-04,9:37:56.247801964,T,TGT,I,4,90.58
2025-11-04,9:38:03.953497549,T,TGT,F I,75,90.53
2025-11-04,9:38:03.953500993,T,TGT,F I,25,90.53
2025-11-04,9:38:03.953500993,T,TGT,F I,75,90.52
2025-11-04,9:38:03.953506634,T,TGT,F I,25,90.52
2025-11-04,9:38:03.997065322,T,TGT,I,70,90.53
2025-11-04,9:38:03.997095462,T,TGT,I,30,90.54
2025-11-04,9:38:04.003239149,T,TGT,F I,70,90.54
2025-11-04,9:38:04.003239149,T,TGT,F I,5,90.54
2025-11-04,9:38:04.003287150,T,TGT,F I,75,90.54
2025-11-04,9:38:04.003323312,T,TGT,F I,20,90.54
2025-11-04,9:38:19.156703072,T,TGT,F,100,90.61
2025-11-04,9:38:19.157439892,T,TGT,F,100,90.65
2025-11-04,9:38:19.157530315,T,TGT,I,11,90.67
2025-11-04,9:38:19.157533215,T,TGT,I,11,90.67
2025-11-04,9:38:19.157533215,T,TGT,I,12,90.67
2025-11-04,9:38:19.157536102,T,TGT,I,8,90.67
2025-11-04,9:38:19.157554494,T,TGT,F I,10,90.67
2025-11-04,9:38:19.158011282,T,TGT,F I,25,90.67
2025-11-04,9:38:19.158041358,T,TGT,I,25,90.67
2025-11-04,9:38:19.158191702,T,TGT,F I,1,90.68
2025-11-04,9:38:19.158242744,T,TGT,I,11,90.66
2025-11-04,9:38:19.158288016,T,TGT,F I,2,90.66
2025-11-04,9:38:19.158344997,T,TGT,F I,2,90.66
2025-11-04,9:38:19.158450241,T,TGT,F I,2,90.65
2025-11-04,9:38:19.158994635,T,TGT,I,2,90.64
2025-11-04,9:38:19.158997533,T,TGT,,100,90.64
2025-11-04,9:38:19.159424592,T,TGT,F I,5,90.64
2025-11-04,9:38:19.161589979,T,TGT,I,60,90.64
2025-11-04,9:38:19.161589979,T,TGT,I,2,90.64
2025-11-04,9:38:19.161592710,T,TGT,I,38,90.64
2025-11-04,9:38:19.193883729,T,TGT,F,200,90.62
2025-11-04,9:38:19.193904847,T,TGT,I,10,90.62
2025-11-04,9:38:19.193904847,T,TGT,I,1,90.62
2025-11-04,9:38:20.144965501,T,TGT,F I,9,90.63
2025-11-04,9:38:20.145034678,T,TGT,I,9,90.63
2025-11-04,9:38:20.145401599,T,TGT,F I,9,90.63
2025-11-04,9:38:20.145401599,T,TGT,F I,91,90.64
2025-11-04,9:38:23.578668903,T,TGT,F I,75,90.61
2025-11-04,9:38:26.758567606,T,TGT,I,2,90.615
2025-11-04,9:38:27.484076067,T,TGT,,100,90.615
2025-11-04,9:38:27.484142212,T,TGT,I,8,90.615
2025-11-04,9:38:27.484142212,T,TGT,I,67,90.615
2025-11-04,9:38:27.970731351,T,TGT,F I,32,90.64
2025-11-04,9:38:27.971017616,T,TGT,I,9,90.64
2025-11-04,9:38:27.971020050,T,TGT,I,9,90.64
2025-11-04,9:38:27.971026065,T,TGT,I,9,90.64
2025-11-04,9:38:27.971026065,T,TGT,I,5,90.64
2025-11-04,9:38:27.982011659,T,TGT,I,9,90.64
2025-11-04,9:38:27.982011659,T,TGT,I,9,90.64
2025-11-04,9:38:27.982014528,T,TGT,I,9,90.64
2025-11-04,9:38:27.982017300,T,TGT,I,5,90.64
2025-11-04,9:38:28.941031951,T,TGT,F I,75,90.63
2025-11-04,9:38:37.334998500,T,TGT,I,17,90.62
2025-11-04,9:38:39.639980753,T,TGT,F I,2,90.65
2025-11-04,9:38:39.640019842,T,TGT,I,2,90.65
2025-11-04,9:38:40.564139442,T,TGT,F I,75,90.665
2025-11-04,9:38:40.564190568,T,TGT,F I,25,90.665
2025-11-04,9:38:40.564190568,T,TGT,F I,1,90.65
2025-11-04,9:38:41.971871081,T,TGT,F I,75,90.665
2025-11-04,9:38:41.971925218,T,TGT,F I,25,90.665
2025-11-04,9:38:42.594823167,T,TGT,,100,90.665
2025-11-04,9:38:55.086928852,T,TGT,I,14,90.65
2025-11-04,9:38:55.090191623,T,TGT,I,25,90.66
2025-11-04,9:38:55.113467180,T,TGT,I,5,90.63
2025-11-04,9:39:05.998808916,T,TGT,F I,1,90.62
2025-11-04,9:39:05.998920178,T,TGT,F I,3,90.61
2025-11-04,9:39:05.999076593,T,TGT,I,15,90.59
2025-11-04,9:39:05.999079894,T,TGT,I,5,90.59
2025-11-04,9:39:05.999082573,T,TGT,I,49,90.61
2025-11-04,9:39:07.754613904,T,TGT,F I,1,90.62
2025-11-04,9:39:07.754658966,T,TGT,F I,2,90.62
2025-11-04,9:39:09.865384431,T,TGT,F I,10,90.58
2025-11-04,9:39:09.875638879,T,TGT,F I,25,90.54
2025-11-04,9:39:09.875641925,T,TGT,F I,1,90.54
2025-11-04,9:39:09.875641925,T,TGT,F I,4,90.54
2025-11-04,9:39:09.876071915,T,TGT,F I,40,90.53
2025-11-04,9:39:09.881072790,T,TGT,I,9,90.53
2025-11-04,9:39:09.881635241,T,TGT,,100,90.51
2025-11-04,9:39:09.882140912,T,TGT,F I,50,90.5
2025-11-04,9:39:09.882144292,T,TGT,F I,2,90.5
2025-11-04,9:39:09.882144292,T,TGT,F I,1,90.5
2025-11-04,9:39:09.882147148,T,TGT,F I,1,90.5
2025-11-04,9:39:09.882149403,T,TGT,F,100,90.5
2025-11-04,9:39:09.882152936,T,TGT,F I,3,90.5
2025-11-04,9:39:09.882152936,T,TGT,F,750,90.5
2025-11-04,9:39:09.882155398,T,TGT,F I,1,90.5
2025-11-04,9:39:09.882158844,T,TGT,F I,1,90.5
2025-11-04,9:39:09.882158844,T,TGT,F,500,90.5
2025-11-04,9:39:09.882161785,T,TGT,F,500,90.5
2025-11-04,9:39:09.882161785,T,TGT,F I,10,90.5
2025-11-04,9:39:09.882290684,T,TGT,F I,1,90.49
2025-11-04,9:39:09.882714771,T,TGT,,110,90.48
2025-11-04,9:39:09.882714771,T,TGT,I,33,90.48
2025-11-04,9:39:18.838897449,T,TGT,I,75,90.61
2025-11-04,9:39:18.838900536,T,TGT,I,25,90.59
2025-11-04,9:39:19.878624504,T,TGT,F I,93,90.56
2025-11-04,9:39:19.878627920,T,TGT,F I,1,90.56
2025-11-04,9:39:19.878627920,T,TGT,F I,5,90.56
2025-11-04,9:39:22.049315809,T,TGT,I,2,90.54
2025-11-04,9:39:40.127971566,T,TGT,F I,30,90.61
2025-11-04,9:39:41.329703554,T,TGT,I,25,90.58
2025-11-04,9:39:41.329703554,T,TGT,I,70,90.58
2025-11-04,9:39:42.529213230,T,TGT,I,2,90.59
2025-11-04,9:39:43.282249143,T,TGT,F I,75,90.59
2025-11-04,9:39:57.058852911,T,TGT,I,5,90.65
2025-11-04,9:39:57.058855983,T,TGT,I,1,90.65
2025-11-04,9:39:57.058907102,T,TGT,F I,5,90.65
2025-11-04,9:39:57.064004236,T,TGT,I,79,90.67
2025-11-04,9:39:57.064007226,T,TGT,I,4,90.67
2025-11-04,9:39:57.119624742,T,TGT,I,65,90.69
2025-11-04,9:39:57.126583330,T,TGT,I,5,90.705
2025-11-04,9:39:57.155001036,T,TGT,I,8,90.71
2025-11-04,9:39:58.097214900,T,TGT,F I,2,90.69
2025-11-04,9:39:58.097214900,T,TGT,F I,5,90.69
2025-11-04,9:39:58.097217797,T,TGT,F I,4,90.69
2025-11-04,9:39:58.097220841,T,TGT,F I,1,90.69
2025-11-04,9:40:02.240151718,T,TGT,I,1,90.68
2025-11-04,9:40:02.477561337,T,TGT,F I,75,90.65
2025-11-04,9:40:06.878729433,T,TGT,F I,25,90.65
2025-11-04,9:40:07.069518961,T,TGT,F,140,90.62
2025-11-04,9:40:07.070123438,T,TGT,F,100,90.6
2025-11-04,9:40:07.070126430,T,TGT,F I,1,90.6
2025-11-04,9:40:07.070129356,T,TGT,F I,19,90.6
2025-11-04,9:40:07.070144364,T,TGT,I,1,90.6
2025-11-04,9:40:07.940980021,T,TGT,I,5,90.54
2025-11-04,9:40:10.195445040,T,TGT,F I,1,90.51
2025-11-04,9:40:10.195451016,T,TGT,F,100,90.51
2025-11-04,9:40:10.195451016,T,TGT,F I,11,90.51
2025-11-04,9:40:10.195463041,T,TGT,I,1,90.51
2025-11-04,9:40:10.195463041,T,TGT,I,38,90.51
2025-11-04,9:40:10.195484360,T,TGT,I,27,90.51
2025-11-04,9:40:10.195484360,T,TGT,I,23,90.51
2025-11-04,9:40:10.196900430,T,TGT,I,11,90.52
2025-11-04,9:40:10.920616612,T,TGT,F I,9,90.51
2025-11-04,9:40:10.920616612,T,TGT,F I,7,90.51
2025-11-04,9:40:18.979750477,T,TGT,I,6,90.46
2025-11-04,9:40:18.979778302,T,TGT,F I,75,90.46
2025-11-04,9:40:18.979778302,T,TGT,F I,19,90.46
2025-11-04,9:40:19.836921508,T,TGT,F I,1,90.42
2025-11-04,9:40:19.836921508,T,TGT,F I,5,90.42
2025-11-04,9:40:19.839991768,T,TGT,I,6,90.42
2025-11-04,9:40:19.839991768,T,TGT,I,25,90.42
2025-11-04,9:40:19.839995040,T,TGT,I,50,90.42
2025-11-04,9:40:23.505373013,T,TGT,F I,14,90.4
2025-11-04,9:40:23.615748005,T,TGT,,100,90.425
2025-11-04,9:40:24.615834618,T,TGT,I,22,90.425
2025-11-04,9:40:37.036793853,T,TGT,I,75,90.42
2025-11-04,9:40:38.115147883,T,TGT,F I,1,90.38
2025-11-04,9:40:42.985301344,T,TGT,F I,75,90.36
2025-11-04,9:40:42.985831215,T,TGT,F I,11,90.34
2025-11-04,9:40:43.373626134,T,TGT,F I,14,90.33
2025-11-04,9:40:43.374034355,T,TGT,F I,2,90.32
2025-11-04,9:40:43.390123066,T,TGT,F I,1,90.3
2025-11-04,9:40:43.390125729,T,TGT,F I,7,90.3
2025-11-04,9:40:43.390125729,T,TGT,F I,1,90.3
2025-11-04,9:40:43.390128700,T,TGT,F I,70,90.3
2025-11-04,9:40:43.605348403,T,TGT,I,75,90.25
2025-11-04,9:40:43.605351784,T,TGT,I,10,90.25
2025-11-04,9:40:44.750121642,T,TGT,F I,22,90.28
2025-11-04,9:40:45.896726395,T,TGT,I,8,90.28
2025-11-04,9:40:45.896726395,T,TGT,I,12,90.27
2025-11-04,9:40:48.016743933,T,TGT,I,75,90.295
2025-11-04,9:40:48.081629520,T,TGT,F I,25,90.295
2025-11-04,9:40:50.402213037,T,TGT,F I,10,90.27
2025-11-04,9:40:51.718893762,T,TGT,I,75,90.255
2025-11-04,9:40:51.718893762,T,TGT,I,9,90.255
2025-11-04,9:40:51.719329911,T,TGT,I,25,90.255
2025-11-04,9:40:55.988348120,T,TGT,I,11,90.26
2025-11-04,9:41:04.648487670,T,TGT,F I,25,90.32
2025-11-04,9:41:06.251266967,T,TGT,F I,1,90.35
2025-11-04,9:41:06.251266967,T,TGT,F I,4,90.35
2025-11-04,9:41:06.251279071,T,TGT,F I,10,90.35
2025-11-04,9:41:06.260162220,T,TGT,I,70,90.36
2025-11-04,9:41:09.410647824,T,TGT,I,75,90.42
2025-11-04,9:41:10.126250571,T,TGT,F I,75,90.415
2025-11-04,9:41:10.126301703,T,TGT,I,25,90.415
2025-11-04,9:41:10.447659254,T,TGT,I,1,90.37
2025-11-04,9:41:10.829563190,T,TGT,F I,5,90.36
2025-11-04,9:41:10.829563190,T,TGT,F I,23,90.36
2025-11-04,9:41:10.829566164,T,TGT,F I,77,90.36
2025-11-04,9:41:12.066954063,T,TGT,F I,75,90.355
2025-11-04,9:41:12.067002191,T,TGT,F I,25,90.355
2025-11-04,9:41:12.078907610,T,TGT,I,1,90.355
2025-11-04,9:41:12.078934643,T,TGT,F I,75,90.355
2025-11-04,9:41:15.888023211,T,TGT,F I,2,90.39
2025-11-04,9:41:15.888023211,T,TGT,F I,10,90.39
2025-11-04,9:41:15.888025372,T,TGT,F I,69,90.39
2025-11-04,9:41:15.888076348,T,TGT,I,13,90.39
2025-11-04,9:41:15.888076348,T,TGT,I,17,90.39
2025-11-04,9:41:15.888151545,T,TGT,F I,6,90.39
2025-11-04,9:41:16.300373656,T,TGT,I,46,90.375
2025-11-04,9:41:20.508920882,T,TGT,F I,10,90.44
2025-11-04,9:41:25.202695146,T,TGT,F I,2,90.44
2025-11-04,9:41:25.202926629,T,TGT,F I,5,90.45
2025-11-04,9:41:25.202926629,T,TGT,F I,32,90.45
2025-11-04,9:41:28.100122103,T,TGT,F I,75,90.43
2025-11-04,9:41:28.100122103,T,TGT,F I,30,90.43
2025-11-04,9:41:28.100124961,T,TGT,F I,50,90.42
2025-11-04,9:41:28.100124961,T,TGT,F I,41,90.42
2025-11-04,9:41:28.111819379,T,TGT,F I,75,90.46
2025-11-04,9:41:28.111840752,T,TGT,F I,2,90.46
2025-11-04,9:41:28.112193516,T,TGT,I,1,90.46
2025-11-04,9:41:28.112193516,T,TGT,I,1,90.46
2025-11-04,9:41:28.112204528,T,TGT,F I,2,90.47
2025-11-04,9:41:29.320612464,T,TGT,I,4,90.49
2025-11-04,9:41:30.008477193,T,TGT,F I,5,90.475
2025-11-04,9:41:30.008847111,T,TGT,F I,5,90.475
2025-11-04,9:41:33.594327959,T,TGT,I,5,90.49
2025-11-04,9:41:34.217484640,T,TGT,F I,4,90.52
2025-11-04,9:41:34.218344667,T,TGT,I,10,90.52
2025-11-04,9:41:35.117733231,T,TGT,I,7,90.52
2025-11-04,9:41:35.118466990,T,TGT,,100,90.52
2025-11-04,9:41:35.118479064,T,TGT,I,1,90.52
2025-11-04,9:41:35.118515113,T,TGT,I,5,90.52
2025-11-04,9:41:35.118897073,T,TGT,F I,17,90.52
2025-11-04,9:41:35.272184207,T,TGT,F I,4,90.5
2025-11-04,9:41:54.154664140,T,TGT,,100,90.54
2025-11-04,9:41:54.157292366,T,TGT,,100,90.54
2025-11-04,9:41:54.185156949,T,TGT,F I,6,90.5
2025-11-04,9:41:54.185159677,T,TGT,F I,1,90.5
2025-11-04,9:41:58.383500834,T,TGT,F I,4,90.58
2025-11-04,9:41:58.383500834,T,TGT,F I,5,90.58
2025-11-04,9:41:58.383503676,T,TGT,F I,32,90.58
2025-11-04,9:42:01.194378202,T,TGT,F I,55,90.56
2025-11-04,9:42:01.194414449,T,TGT,F I,55,90.55
2025-11-04,9:42:01.194420352,T,TGT,F I,55,90.55
2025-11-04,9:42:01.194507524,T,TGT,I,41,90.54
2025-11-04,9:42:01.194510718,T,TGT,I,8,90.54
2025-11-04,9:42:01.194513477,T,TGT,I,1,90.54
2025-11-04,9:42:01.194516719,T,TGT,I,5,90.54
2025-11-04,9:42:01.194519570,T,TGT,I,55,90.54
2025-11-04,9:42:01.194531693,T,TGT,I,7,90.54
2025-11-04,9:42:01.194817254,T,TGT,F I,2,90.54
2025-11-04,9:42:01.194943776,T,TGT,,100,90.55
2025-11-04,9:42:01.194946533,T,TGT,I,37,90.55
2025-11-04,9:42:01.194964757,T,TGT,I,1,90.55
2025-11-04,9:42:01.194979593,T,TGT,I,1,90.55
2025-11-04,9:42:01.195905894,T,TGT,I,14,90.55
2025-11-04,9:42:01.195930430,T,TGT,F I,86,90.55
2025-11-04,9:42:01.195930430,T,TGT,F I,44,90.55
2025-11-04,9:42:01.195933237,T,TGT,F I,75,90.55
2025-11-04,9:42:01.195935927,T,TGT,F I,7,90.55
2025-11-04,9:42:02.545060985,T,TGT,F I,2,90.56
2025-11-04,9:42:04.129632274,T,TGT,I,13,90.55
2025-11-04,9:42:04.129632274,T,TGT,I,4,90.55
2025-11-04,9:42:04.129653086,T,TGT,I,17,90.55
2025-11-04,9:42:06.689961938,T,TGT,F I,25,90.6
2025-11-04,9:42:06.689965573,T,TGT,F I,2,90.6
2025-11-04,9:42:06.689967697,T,TGT,F I,49,90.6
2025-11-04,9:42:07.799677339,T,TGT,F I,1,90.62
2025-11-04,9:42:07.799680447,T,TGT,F I,6,90.62
2025-11-04,9:42:09.277250462,T,TGT,I,7,90.61
2025-11-04,9:42:09.330477295,T,TGT,I,5,90.615
2025-11-04,9:42:10.192611333,T,TGT,F I,1,90.64
2025-11-04,9:42:10.192611333,T,TGT,F I,6,90.64
2025-11-04,9:42:10.192613193,T,TGT,F I,2,90.64
2025-11-04,9:42:10.192616180,T,TGT,F I,25,90.64
2025-11-04,9:42:10.299069898,T,TGT,F I,25,90.66
2025-11-04,9:42:10.299088026,T,TGT,F I,75,90.66
2025-11-04,9:42:10.299108961,T,TGT,I,1,90.66
2025-11-04,9:42:10.299117912,T,TGT,F I,9,90.66
2025-11-04,9:42:11.691645404,T,TGT,I,30,90.64
2025-11-04,9:42:11.691645404,T,TGT,I,70,90.64
2025-11-04,9:42:11.883830284,T,TGT,I,2,90.645
2025-11-04,9:42:11.960131028,T,TGT,I,2,90.645
2025-11-04,9:42:12.692727380,T,TGT,,100,90.645
2025-11-04,9:42:13.047714043,T,TGT,I,2,90.645
2025-11-04,9:42:14.112595982,T,TGT,I,2,90.645
2025-11-04,9:42:14.587628783,T,TGT,I,2,90.645
2025-11-04,9:42:21.270777407,T,TGT,F I,25,90.72
2025-11-04,9:42:21.273880813,T,TGT,I,1,90.73
2025-11-04,9:42:21.273883817,T,TGT,I,2,90.73
2025-11-04,9:42:21.591536543,T,TGT,I,30,90.75
2025-11-04,9:42:21.591536543,T,TGT,I,35,90.75
2025-11-04,9:42:21.591560639,T,TGT,F,215,90.75
2025-11-04,9:42:21.591951559,T,TGT,I,22,90.76
2025-11-04,9:42:24.510139732,T,TGT,I,50,90.745
2025-11-04,9:42:25.518661935,T,TGT,F,100,90.71
2025-11-04,9:42:25.518664785,T,TGT,F,105,90.7
2025-11-04,9:42:25.518664785,T,TGT,F I,95,90.7
2025-11-04,9:42:25.518667334,T,TGT,F I,5,90.7
2025-11-04,9:42:25.548173678,T,TGT,F I,20,90.73
2025-11-04,9:42:25.548176705,T,TGT,F I,80,90.73
2025-11-04,9:42:25.548194657,T,TGT,I,1,90.73
2025-11-04,9:42:29.116634055,T,TGT,F I,2,90.73
2025-11-04,9:42:33.264596000,T,TGT,I,15,90.78
2025-11-04,9:42:33.264620556,T,TGT,I,10,90.78
2025-11-04,9:42:33.264622999,T,TGT,I,10,90.77
2025-11-04,9:42:33.658792994,T,TGT,F,100,90.84
2025-11-04,9:42:33.658811212,T,TGT,I,1,90.84
2025-11-04,9:42:33.664368341,T,TGT,,150,90.82
2025-11-04,9:42:33.664368341,T,TGT,I,22,90.82
2025-11-04,9:42:33.664398367,T,TGT,F I,85,90.81
2025-11-04,9:42:33.664401397,T,TGT,F I,6,90.81
2025-11-04,9:42:33.664416472,T,TGT,F I,14,90.81
2025-11-04,9:42:33.664419486,T,TGT,F I,6,90.81
2025-11-04,9:42:33.664422448,T,TGT,F I,5,90.81
2025-11-04,9:42:33.664985767,T,TGT,F I,68,90.81
2025-11-04,9:42:33.664987801,T,TGT,F,100,90.81
2025-11-04,9:42:33.669360246,T,TGT,F I,11,90.79
2025-11-04,9:42:33.669360246,T,TGT,F I,26,90.79
2025-11-04,9:42:39.195532492,T,TGT,I,14,90.79
2025-11-04,9:42:39.195535485,T,TGT,I,15,90.79
2025-11-04,9:42:39.195538499,T,TGT,I,10,90.79
2025-11-04,9:42:39.195583587,T,TGT,I,2,90.8
2025-11-04,9:42:39.195586969,T,TGT,I,10,90.8
2025-11-04,9:42:39.195589666,T,TGT,I,14,90.8
2025-11-04,9:42:39.195592661,T,TGT,I,11,90.8
2025-11-04,9:42:40.077617896,T,TGT,I,3,90.805
2025-11-04,9:42:43.796625991,T,TGT,F I,25,90.86
2025-11-04,9:42:43.812476800,T,TGT,F I,10,90.88
2025-11-04,9:42:44.704705388,T,TGT,I,2,90.9
2025-11-04,9:42:46.572033997,T,TGT,F I,75,90.9
2025-11-04,9:42:46.627922182,T,TGT,I,1,90.9
2025-11-04,9:42:50.041122558,T,TGT,I,44,90.9
2025-11-04,9:42:51.449242223,T,TGT,F,200,90.83
2025-11-04,9:42:51.449248272,T,TGT,F,100,90.83
2025-11-04,9:42:51.449251210,T,TGT,F I,5,90.83
2025-11-04,9:42:51.452625274,T,TGT,,100,90.82
2025-11-04,9:42:54.758686555,T,TGT,F I,1,90.85
2025-11-04,9:42:54.758686555,T,TGT,F I,2,90.85
2025-11-04,9:42:55.564200507,T,TGT,F I,25,90.9
2025-11-04,9:42:55.564209490,T,TGT,F I,10,90.91
2025-11-04,9:42:55.564212591,T,TGT,F I,11,90.91
2025-11-04,9:42:55.564946425,T,TGT,F I,5,90.92
2025-11-04,9:43:03.322735148,T,TGT,I,5,90.925
2025-11-04,9:43:09.293378430,T,TGT,I,23,90.945
2025-11-04,9:43:11.304064573,T,TGT,I,12,90.945
2025-11-04,9:43:11.314806134,T,TGT,I,25,90.92
2025-11-04,9:43:11.329475160,T,TGT,F I,3,90.91
2025-11-04,9:43:11.329478101,T,TGT,F I,1,90.91
2025-11-04,9:43:11.329544217,T,TGT,F I,4,90.91
2025-11-04,9:43:11.439504191,T,TGT,I,53,90.92
2025-11-04,9:43:11.439525247,T,TGT,F I,25,90.92
2025-11-04,9:43:15.473966787,T,TGT,I,3,90.89
2025-11-04,9:43:15.474026927,T,TGT,I,32,90.89
2025-11-04,9:43:15.474029995,T,TGT,I,1,90.89
2025-11-04,9:43:15.474029995,T,TGT,I,2,90.89
2025-11-04,9:43:15.474081168,T,TGT,F I,18,90.91
2025-11-04,9:43:15.474291634,T,TGT,I,18,90.89
2025-11-04,9:43:15.474294602,T,TGT,I,2,90.89
2025-11-04,9:43:15.474294602,T,TGT,I,43,90.89
2025-11-04,9:43:15.474466819,T,TGT,F I,17,90.9
2025-11-04,9:43:15.474466819,T,TGT,F I,1,90.91
2025-11-04,9:43:15.474716089,T,TGT,I,1,90.89
2025-11-04,9:43:15.474716089,T,TGT,I,3,90.89
2025-11-04,9:43:15.474718553,T,TGT,I,4,90.89
2025-11-04,9:43:15.474832904,T,TGT,I,75,90.89
2025-11-04,9:43:15.474878358,T,TGT,F,100,90.89
2025-11-04,9:43:15.474880976,T,TGT,F I,41,90.89
2025-11-04,9:43:15.474892995,T,TGT,I,1,90.89
2025-11-04,9:43:15.474898943,T,TGT,F I,29,90.89
2025-11-04,9:43:15.474977691,T,TGT,I,40,90.89
2025-11-04,9:43:15.474977691,T,TGT,I,11,90.89
2025-11-04,9:43:15.474980241,T,TGT,I,1,90.89
2025-11-04,9:43:15.475440325,T,TGT,F I,1,90.89
2025-11-04,9:43:16.322883222,T,TGT,I,8,90.91
2025-11-04,9:43:17.636024678,T,TGT,F I,1,90.9
2025-11-04,9:43:19.217507258,T,TGT,I,1,90.89
2025-11-04,9:43:19.243877124,T,TGT,I,1,90.87
2025-11-04,9:43:19.311306664,T,TGT,I,25,90.84
2025-11-04,9:43:19.311309677,T,TGT,,100,90.83
2025-11-04,9:43:19.311312686,T,TGT,I,85,90.83
2025-11-04,9:43:19.311327797,T,TGT,I,1,90.83
2025-11-04,9:43:19.311327797,T,TGT,,100,90.83
2025-11-04,9:43:19.311333736,T,TGT,I,14,90.83
2025-11-04,9:43:19.312022386,T,TGT,I,2,90.85
2025-11-04,9:43:40.033473133,T,TGT,F I,1,90.94
2025-11-04,9:43:40.033536379,T,TGT,F I,2,90.94
2025-11-04,9:43:48.512777066,T,TGT,F,100,90.87
2025-11-04,9:43:48.512780063,T,TGT,F,400,90.86
2025-11-04,9:43:48.512795214,T,TGT,F I,15,90.86
2025-11-04,9:43:48.512798016,T,TGT,F I,85,90.86
2025-11-04,9:43:49.624263991,T,TGT,I,70,90.84
2025-11-04,9:43:49.624263991,T,TGT,I,40,90.83
2025-11-04,9:43:52.445558432,T,TGT,I,15,90.88
2025-11-04,9:43:53.079604070,T,TGT,F I,75,90.88
2025-11-04,9:43:55.100316079,T,TGT,I,13,90.885
2025-11-04,9:43:55.106219153,T,TGT,I,15,90.85
2025-11-04,9:43:56.324628833,T,TGT,I,8,90.875
2025-11-04,9:43:56.873430310,T,TGT,I,35,90.85
2025-11-04,9:43:56.873433337,T,TGT,I,8,90.85
2025-11-04,9:43:56.898588205,T,TGT,I,5,90.83
2025-11-04,9:43:56.910436417,T,TGT,,200,90.82
2025-11-04,9:43:56.910457566,T,TGT,I,1,90.82
2025-11-04,9:43:56.910863411,T,TGT,I,1,90.82
2025-11-04,9:43:56.913660122,T,TGT,F I,4,90.83
2025-11-04,9:43:56.913708200,T,TGT,F I,57,90.84
2025-11-04,9:43:56.913711299,T,TGT,I,4,90.82
2025-11-04,9:43:56.914318728,T,TGT,F I,2,90.83
2025-11-04,9:43:56.914321676,T,TGT,F I,1,90.83
2025-11-04,9:43:56.925379109,T,TGT,I,20,90.805
2025-11-04,9:44:13.565957841,T,TGT,I,10,90.83
2025-11-04,9:44:13.613793547,T,TGT,I,5,90.82
2025-11-04,9:44:13.613795807,T,TGT,I,1,90.82
2025-11-04,9:44:13.614893827,T,TGT,F I,1,90.84
2025-11-04,9:44:13.614908527,T,TGT,F I,50,90.84
2025-11-04,9:44:13.614908527,T,TGT,F I,25,90.84
2025-11-04,9:44:13.614915034,T,TGT,F I,19,90.85
2025-11-04,9:44:13.614917475,T,TGT,F I,10,90.85
2025-11-04,9:44:13.797671817,T,TGT,F I,75,90.87
2025-11-04,9:44:20.146262242,T,TGT,F I,1,90.92
2025-11-04,9:44:20.146264516,T,TGT,F I,5,90.92
2025-11-04,9:44:20.471832114,T,TGT,I,45,90.94
2025-11-04,9:44:20.474724989,T,TGT,I,3,90.95
2025-11-04,9:44:20.474755196,T,TGT,I,3,90.95
2025-11-04,9:44:20.474755196,T,TGT,I,1,90.95
2025-11-04,9:44:21.586239045,T,TGT,F,100,90.93
2025-11-04,9:44:25.154756496,T,TGT,I,75,90.95
2025-11-04,9:44:25.154759558,T,TGT,I,25,90.96
2025-11-04,9:44:29.530724613,T,TGT,,100,90.92
2025-11-04,9:44:29.924455724,T,TGT,,100,90.935
2025-11-04,9:44:31.324558153,T,TGT,F I,1,90.91
2025-11-04,9:44:31.324561155,T,TGT,F,100,90.91
2025-11-04,9:44:31.324618449,T,TGT,F I,1,90.91
2025-11-04,9:44:31.324645440,T,TGT,F I,44,90.9
2025-11-04,9:44:31.324669471,T,TGT,F I,56,90.9
2025-11-04,9:44:32.501565347,T,TGT,,100,90.91
2025-11-04,9:44:32.501568255,T,TGT,,100,90.91
2025-11-04,9:44:32.503552930,T,TGT,I,57,90.92
2025-11-04,9:44:32.503573969,T,TGT,F I,43,90.92
2025-11-04,9:44:32.562989544,T,TGT,F,172,90.92
2025-11-04,9:44:35.338361463,T,TGT,I,75,90.905
2025-11-04,9:44:38.110464499,T,TGT,I,1,90.87
2025-11-04,9:44:38.110467585,T,TGT,I,10,90.87
2025-11-04,9:44:38.146833210,T,TGT,I,37,90.84
2025-11-04,9:44:38.160338306,T,TGT,I,75,90.81
2025-11-04,9:44:38.160464685,T,TGT,I,15,90.79
2025-11-04,9:44:38.173813485,T,TGT,F,500,90.76
2025-11-04,9:44:42.870339195,T,TGT,I,50,90.67
2025-11-04,9:44:47.290145604,T,TGT,,100,90.69
2025-11-04,9:44:49.454305662,T,TGT,I,10,90.67
2025-11-04,9:44:49.545666086,T,TGT,I,10,90.65
2025-11-04,9:44:49.661499067,T,TGT,F,100,90.63
2025-11-04,9:44:52.812772529,T,TGT,I,1,90.61
2025-11-04,9:44:52.812875280,T,TGT,I,1,90.58
2025-11-04,9:44:52.812877808,T,TGT,I,10,90.58
2025-11-04,9:44:52.812928907,T,TGT,I,10,90.57
2025-11-04,9:44:52.813019071,T,TGT,I,2,90.56
2025-11-04,9:44:52.813443143,T,TGT,I,75,90.56
2025-11-04,9:44:52.813464129,T,TGT,I,1,90.56
2025-11-04,9:44:52.813503303,T,TGT,F I,5,90.58
2025-11-04,9:44:52.813515267,T,TGT,F I,25,90.58
2025-11-04,9:44:52.813587610,T,TGT,I,35,90.58
2025-11-04,9:44:52.813587610,T,TGT,I,1,90.58
2025-11-04,9:44:52.813590893,T,TGT,I,75,90.58
2025-11-04,9:44:52.813596462,T,TGT,,100,90.57
2025-11-04,9:44:52.813596462,T,TGT,I,11,90.57
2025-11-04,9:44:52.813596462,T,TGT,I,5,90.56
2025-11-04,9:44:52.813599442,T,TGT,,127,90.56
2025-11-04,9:44:52.813822242,T,TGT,I,5,90.59
2025-11-04,9:44:52.813822242,T,TGT,I,6,90.59
2025-11-04,9:44:52.813864162,T,TGT,I,13,90.6
2025-11-04,9:44:52.815379727,T,TGT,,562,90.6
2025-11-04,9:44:52.815397844,T,TGT,I,69,90.6
2025-11-04,9:44:52.815410266,T,TGT,I,1,90.6
2025-11-04,9:44:52.815410266,T,TGT,,100,90.59
2025-11-04,9:44:52.815413072,T,TGT,I,1,90.59
2025-11-04,9:44:52.815413072,T,TGT,I,1,90.59
2025-11-04,9:44:52.815451945,T,TGT,F I,1,90.59
2025-11-04,9:44:52.825874691,T,TGT,F I,2,90.58
2025-11-04,9:44:52.825901845,T,TGT,I,2,90.57
2025-11-04,9:44:52.825904841,T,TGT,I,13,90.57
2025-11-04,9:44:52.829949470,T,TGT,I,75,90.57
2025-11-04,9:44:52.829973436,T,TGT,F I,25,90.57
2025-11-04,9:44:52.831041085,T,TGT,I,70,90.58
2025-11-04,9:44:52.831043996,T,TGT,I,5,90.58
2025-11-04,9:44:53.534221217,T,TGT,F I,2,90.56
2025-11-04,9:44:55.359972910,T,TGT,I,64,90.51
2025-11-04,9:44:55.360240517,T,TGT,F,300,90.5
2025-11-04,9:44:55.360718616,T,TGT,,100,90.51
2025-11-04,9:45:00.806846239,T,TGT,F I,75,90.51
2025-11-04,9:45:13.341743772,T,TGT,F I,9,90.48
2025-11-04,9:45:13.341746868,T,TGT,F I,25,90.47
2025-11-04,9:45:13.341749776,T,TGT,F I,5,90.47
2025-11-04,9:45:13.341749776,T,TGT,F I,86,90.47
2025-11-04,9:45:13.341752834,T,TGT,F I,1,90.47
2025-11-04,9:45:13.341752834,T,TGT,F I,74,90.47
2025-11-04,9:45:13.341755770,T,TGT,F I,15,90.47
2025-11-04,9:45:20.597348347,T,TGT,F I,75,90.49
2025-11-04,9:45:20.597378403,T,TGT,I,10,90.49
2025-11-04,9:45:20.597390515,T,TGT,F I,10,90.5
2025-11-04,9:45:20.597402596,T,TGT,I,10,90.5
2025-11-04,9:45:20.597432624,T,TGT,I,7,90.51
2025-11-04,9:45:20.597457114,T,TGT,I,98,90.51
2025-11-04,9:45:20.597459681,T,TGT,I,37,90.51
2025-11-04,9:45:20.597459681,T,TGT,I,10,90.51
2025-11-04,9:45:21.799988395,T,TGT,I,10,90.46
2025-11-04,9:45:29.065224726,T,TGT,F I,70,90.51
2025-11-04,9:45:29.065344947,T,TGT,F I,10,90.54
2025-11-04,9:45:29.065378098,T,TGT,F I,21,90.55
2025-11-04,9:45:29.065381067,T,TGT,F I,10,90.55
2025-11-04,9:45:29.065399859,T,TGT,F I,65,90.56
2025-11-04,9:45:29.065402257,T,TGT,F I,12,90.56
2025-11-04,9:45:29.065405218,T,TGT,F I,33,90.56
2025-11-04,9:45:29.065408224,T,TGT,F I,1,90.56
2025-11-04,9:45:29.065408224,T,TGT,F I,15,90.56
2025-11-04,9:45:29.065417192,T,TGT,F I,1,90.56
2025-11-04,9:45:29.065420221,T,TGT,F I,3,90.56
2025-11-04,9:45:29.065423189,T,TGT,I,1,90.56
2025-11-04,9:45:29.065444259,T,TGT,I,31,90.56
2025-11-04,9:45:29.065456245,T,TGT,I,6,90.56
2025-11-04,9:45:29.065790595,T,TGT,I,23,90.56
2025-11-04,9:45:29.065790595,T,TGT,I,8,90.56
2025-11-04,9:45:29.065793032,T,TGT,I,10,90.525
2025-11-04,9:45:29.065826410,T,TGT,I,75,90.55
2025-11-04,9:45:29.065826410,T,TGT,I,75,90.56
2025-11-04,9:45:29.065841238,T,TGT,I,10,90.525
2025-11-04,9:45:29.065910313,T,TGT,I,19,90.53
2025-11-04,9:45:29.066045641,T,TGT,I,6,90.55
2025-11-04,9:45:29.066048694,T,TGT,I,38,90.55
2025-11-04,9:45:29.066099787,T,TGT,I,6,90.53
2025-11-04,9:45:31.134406985,T,TGT,I,10,90.49
2025-11-04,9:45:31.134688940,T,TGT,F I,11,90.49
2025-11-04,9:45:31.215410253,T,TGT,,100,90.45
2025-11-04,9:45:32.317078794,T,TGT,F I,50,90.48
2025-11-04,9:45:34.807134165,T,TGT,F,100,90.5
2025-11-04,9:45:34.807134165,T,TGT,F I,29,90.51
2025-11-04,9:45:34.807155380,T,TGT,F I,71,90.51
2025-11-04,9:45:34.807155380,T,TGT,F I,19,90.51
2025-11-04,9:45:34.807158143,T,TGT,F I,10,90.51
2025-11-04,9:45:34.807161089,T,TGT,F I,26,90.51
2025-11-04,9:45:34.807191164,T,TGT,I,24,90.48
2025-11-04,9:45:34.807209144,T,TGT,,100,90.48
2025-11-04,9:45:34.807230277,T,TGT,I,1,90.48
2025-11-04,9:45:34.807834674,T,TGT,I,24,90.5
2025-11-04,9:45:34.807837684,T,TGT,I,17,90.5
2025-11-04,9:45:34.808189986,T,TGT,I,14,90.51
2025-11-04,9:45:34.808189986,T,TGT,,100,90.51
2025-11-04,9:45:34.808192466,T,TGT,I,17,90.51
2025-11-04,9:45:36.936909909,T,TGT,I,2,90.46
2025-11-04,9:45:46.280154016,T,TGT,F,100,90.45
2025-11-04,9:45:46.280154016,T,TGT,F I,2,90.44
2025-11-04,9:45:46.280412388,T,TGT,F I,38,90.44
2025-11-04,9:45:46.280434063,T,TGT,F I,60,90.44
2025-11-04,9:45:46.280439500,T,TGT,F I,2,90.44
2025-11-04,9:45:47.327790077,T,TGT,F I,5,90.36
2025-11-04,9:45:47.327792662,T,TGT,F I,25,90.36
2025-11-04,9:45:47.335376752,T,TGT,F,100,90.35
2025-11-04,9:45:47.335397764,T,TGT,I,1,90.35
2025-11-04,9:45:47.335401147,T,TGT,I,50,90.35
2025-11-04,9:45:47.335403769,T,TGT,F I,49,90.35
2025-11-04,9:45:47.335406779,T,TGT,F I,51,90.35
2025-11-04,9:45:47.335479006,T,TGT,,100,90.35
2025-11-04,9:45:47.335497043,T,TGT,I,69,90.35
2025-11-04,9:45:47.335524090,T,TGT,I,31,90.35
2025-11-04,9:45:47.335524090,T,TGT,I,68,90.35
2025-11-04,9:45:47.335650361,T,TGT,F I,32,90.35
2025-11-04,9:45:47.335650361,T,TGT,F I,68,90.35
2025-11-04,9:45:47.335674573,T,TGT,I,32,90.35
2025-11-04,9:45:47.335674573,T,TGT,I,37,90.35
2025-11-04,9:45:47.335722609,T,TGT,F I,20,90.35
2025-11-04,9:45:47.335927068,T,TGT,I,13,90.35
2025-11-04,9:45:47.337084828,T,TGT,I,30,90.35
2025-11-04,9:45:47.337084828,T,TGT,I,70,90.35
2025-11-04,9:45:47.358931846,T,TGT,I,8,90.35
2025-11-04,9:45:47.358952963,T,TGT,F I,22,90.35
2025-11-04,9:45:47.358956290,T,TGT,F,100,90.35
2025-11-04,9:45:47.358956290,T,TGT,F I,22,90.35
2025-11-04,9:45:47.358967929,T,TGT,F,100,90.35
2025-11-04,9:45:47.358967929,T,TGT,F I,47,90.35
2025-11-04,9:45:47.359006973,T,TGT,I,70,90.35
2025-11-04,9:45:47.359028031,T,TGT,F I,30,90.35
2025-11-04,9:45:47.359259606,T,TGT,,100,90.35
2025-11-04,9:45:47.359263195,T,TGT,,555,90.35
2025-11-04,9:45:47.359286689,T,TGT,F,100,90.35
2025-11-04,9:45:47.359289680,T,TGT,I,75,90.35
2025-11-04,9:45:47.362543455,T,TGT,,100,90.35
2025-11-04,9:45:47.363484681,T,TGT,F,100,90.35
2025-11-04,9:45:47.363511770,T,TGT,F,100,90.35
2025-11-04,9:45:47.363532790,T,TGT,I,6,90.35
2025-11-04,9:45:47.363545137,T,TGT,F I,94,90.35
2025-11-04,9:45:47.363545137,T,TGT,F I,6,90.35
2025-11-04,9:45:47.363547879,T,TGT,I,75,90.35
2025-11-04,9:45:47.363557000,T,TGT,I,19,90.35
2025-11-04,9:45:47.363559867,T,TGT,,100,90.35
2025-11-04,9:45:47.363562888,T,TGT,,1150,90.35
2025-11-04,9:45:47.393045160,T,TGT,F I,1,90.335
2025-11-04,9:45:47.683657480,T,TGT,I,68,90.3
2025-11-04,9:45:47.684202434,T,TGT,F I,6,90.31
2025-11-04,9:45:47.684213819,T,TGT,F I,94,90.31
2025-11-04,9:45:47.684213819,T,TGT,F I,6,90.32
2025-11-04,9:45:47.766146970,T,TGT,I,6,90.31
2025-11-04,9:45:47.766775489,T,TGT,I,94,90.3
2025-11-04,9:45:50.173718706,T,TGT,,100,90.325
2025-11-04,9:45:51.466552709,T,TGT,I,75,90.325
2025-11-04,9:45:52.103818965,T,TGT,F,138,90.3
2025-11-04,9:45:55.897910021,T,TGT,I,8,90.29
2025-11-04,9:45:57.499257987,T,TGT,I,12,90.285
2025-11-04,9:45:57.608905121,T,TGT,I,4,90.28
2025-11-04,9:45:57.608905121,T,TGT,I,8,90.28
2025-11-04,9:46:00.164841354,T,TGT,I,18,90.3
2025-11-04,9:46:00.164841354,T,TGT,I,82,90.31
2025-11-04,9:46:00.164859416,T,TGT,F I,18,90.31
2025-11-04,9:46:00.164886459,T,TGT,I,13,90.31
2025-11-04,9:46:06.249835019,T,TGT,F I,5,90.34
2025-11-04,9:46:06.249865080,T,TGT,I,14,90.34
2025-11-04,9:46:06.249868098,T,TGT,I,41,90.34
2025-11-04,9:46:08.081261088,T,TGT,F I,64,90.36
2025-11-04,9:46:08.081264092,T,TGT,F I,82,90.36
2025-11-04,9:46:08.081264092,T,TGT,F I,1,90.36
2025-11-04,9:46:08.081267094,T,TGT,F I,2,90.36
2025-11-04,9:46:08.081276092,T,TGT,F I,10,90.36
2025-11-04,9:46:08.081751252,T,TGT,F I,15,90.37
2025-11-04,9:46:08.094134749,T,TGT,I,50,90.37
2025-11-04,9:46:08.094179790,T,TGT,F I,75,90.37
2025-11-04,9:46:08.101138391,T,TGT,,100,90.37
2025-11-04,9:46:08.132070063,T,TGT,I,3,90.37
2025-11-04,9:46:08.132130223,T,TGT,I,50,90.36
2025-11-04,9:46:08.272847501,T,TGT,F I,50,90.35
2025-11-04,9:46:08.272886628,T,TGT,I,50,90.35
2025-11-04,9:46:11.768910423,T,TGT,F I,10,90.37
2025-11-04,9:46:11.768937478,T,TGT,F I,75,90.37
2025-11-04,9:46:11.946585846,T,TGT,F,100,90.38
2025-11-04,9:46:11.946585846,T,TGT,F I,50,90.38
2025-11-04,9:46:11.946618980,T,TGT,I,1,90.39
2025-11-04,9:46:11.946621733,T,TGT,I,1,90.39
2025-11-04,9:46:11.946627759,T,TGT,I,1,90.39
2025-11-04,9:46:11.946627759,T,TGT,I,1,90.39
2025-11-04,9:46:11.946654834,T,TGT,F I,60,90.39
2025-11-04,9:46:11.946654834,T,TGT,F I,8,90.39
2025-11-04,9:46:11.946657851,T,TGT,F I,45,90.39
2025-11-04,9:46:11.946657851,T,TGT,F I,57,90.39
2025-11-04,9:46:18.731797328,T,TGT,F I,12,90.42
2025-11-04,9:46:18.735890069,T,TGT,I,12,90.435
2025-11-04,9:46:19.946129367,T,TGT,I,50,90.42
2025-11-04,9:46:19.946258651,T,TGT,I,70,90.43
2025-11-04,9:46:21.546512746,T,TGT,I,5,90.4
2025-11-04,9:46:21.546515003,T,TGT,I,34,90.4
2025-11-04,9:46:25.226354660,T,TGT,F I,50,90.38
2025-11-04,9:46:28.495878816,T,TGT,F,100,90.32
2025-11-04,9:46:28.508728398,T,TGT,F,100,90.3
2025-11-04,9:46:28.508728398,T,TGT,F I,4,90.3
2025-11-04,9:46:28.712779486,T,TGT,F,150,90.27
2025-11-04,9:46:28.713290714,T,TGT,F I,75,90.27
2025-11-04,9:46:28.713341830,T,TGT,F I,25,90.27
2025-11-04,9:46:28.745380160,T,TGT,,100,90.26
2025-11-04,9:46:28.745383154,T,TGT,,122,90.25
2025-11-04,9:46:28.745401238,T,TGT,I,1,90.25
2025-11-04,9:46:28.745834327,T,TGT,F,377,90.25
2025-11-04,9:46:28.745837266,T,TGT,F I,1,90.25
2025-11-04,9:46:28.745840335,T,TGT,F I,10,90.25
2025-11-04,9:46:28.745840335,T,TGT,F I,5,90.25
2025-11-04,9:46:28.745858319,T,TGT,I,70,90.25
2025-11-04,9:46:28.745988225,T,TGT,F,100,90.25
2025-11-04,9:46:28.745988225,T,TGT,F I,7,90.26
2025-11-04,9:46:28.745991769,T,TGT,F I,38,90.26
2025-11-04,9:46:28.745991769,T,TGT,I,62,90.26
2025-11-04,9:46:28.745994591,T,TGT,I,1,90.26
2025-11-04,9:46:28.745994591,T,TGT,I,19,90.26
2025-11-04,9:46:28.746026973,T,TGT,I,1,90.27
2025-11-04,9:46:28.746165083,T,TGT,F I,6,90.26
2025-11-04,9:46:28.746168028,T,TGT,F I,10,90.26
2025-11-04,9:46:29.364813940,T,TGT,I,9,90.27
2025-11-04,9:46:30.917557124,T,TGT,I,16,90.27
2025-11-04,9:46:40.610780776,T,TGT,I,6,90.26
2025-11-04,9:46:40.610997663,T,TGT,F I,8,90.26
2025-11-04,9:46:40.610997663,T,TGT,F I,7,90.26
2025-11-04,9:46:40.611000314,T,TGT,F I,4,90.26
2025-11-04,9:46:40.611004119,T,TGT,F I,4,90.26
2025-11-04,9:46:40.611004119,T,TGT,F I,15,90.26
2025-11-04,9:46:40.611006329,T,TGT,F I,1,90.26
2025-11-04,9:46:40.611024380,T,TGT,I,75,90.26
2025-11-04,9:46:40.611084514,T,TGT,,100,90.27
2025-11-04,9:46:40.611204829,T,TGT,I,25,90.285
2025-11-04,9:46:40.611463525,T,TGT,I,72,90.27
2025-11-04,9:46:40.611463525,T,TGT,I,51,90.27
2025-11-04,9:46:40.611463525,T,TGT,I,75,90.27
2025-11-04,9:46:40.611502495,T,TGT,I,3,90.27
2025-11-04,9:46:40.611502495,T,TGT,I,7,90.27
2025-11-04,9:46:40.612702328,T,TGT,F I,65,90.27
2025-11-04,9:46:48.147440834,T,TGT,I,1,90.21
2025-11-04,9:46:48.147443814,T,TGT,I,3,90.21
2025-11-04,9:46:48.431211841,T,TGT,I,13,90.26
2025-11-04,9:46:51.510815478,T,TGT,F I,50,90.25
2025-11-04,9:46:51.510818708,T,TGT,F,103,90.25
2025-11-04,9:46:54.055622144,T,TGT,I,15,90.25
2025-11-04,9:46:57.429161464,T,TGT,F,340,90.29
2025-11-04,9:46:57.429164532,T,TGT,F,137,90.29
2025-11-04,9:46:57.429167387,T,TGT,F I,23,90.29
2025-11-04,9:46:57.429170178,T,TGT,F I,44,90.29
2025-11-04,9:46:57.430075285,T,TGT,I,91,90.33
2025-11-04,9:46:57.430075285,T,TGT,,100,90.33
2025-11-04,9:46:57.430120375,T,TGT,F I,22,90.31
2025-11-04,9:46:57.430123459,T,TGT,F I,79,90.31
2025-11-04,9:46:57.430144503,T,TGT,I,1,90.31
2025-11-04,9:46:57.441679959,T,TGT,F I,50,90.34
2025-11-04,9:46:57.458483939,T,TGT,F I,22,90.33
2025-11-04,9:47:00.014949404,T,TGT,F I,20,90.34
2025-11-04,9:47:00.014979569,T,TGT,I,2,90.34
2025-11-04,9:47:00.015030978,T,TGT,F,100,90.35
2025-11-04,9:47:00.015030978,T,TGT,F I,14,90.35
2025-11-04,9:47:00.015033579,T,TGT,I,46,90.35
2025-11-04,9:47:00.015036580,T,TGT,I,58,90.35
2025-11-04,9:47:00.216002954,T,TGT,F I,25,90.4
2025-11-04,9:47:00.216612808,T,TGT,F I,51,90.41
2025-11-04,9:47:00.216838434,T,TGT,I,75,90.4
2025-11-04,9:47:00.216842263,T,TGT,I,58,90.4
2025-11-04,9:47:00.217361596,T,TGT,I,21,90.38
2025-11-04,9:47:00.217367730,T,TGT,,100,90.38
2025-11-04,9:47:00.217367730,T,TGT,I,1,90.38
2025-11-04,9:47:01.332090328,T,TGT,I,30,90.38
2025-11-04,9:47:01.528208458,T,TGT,F I,21,90.41
2025-11-04,9:47:04.125586443,T,TGT,I,75,90.43
2025-11-04,9:47:04.125604390,T,TGT,F I,25,90.43
2025-11-04,9:47:04.125607445,T,TGT,F I,5,90.425
2025-11-04,9:47:04.125643497,T,TGT,F I,17,90.42
2025-11-04,9:47:04.125643497,T,TGT,F I,3,90.42
2025-11-04,9:47:04.130723736,T,TGT,F I,7,90.44
2025-11-04,9:47:11.122929601,T,TGT,I,75,90.435
2025-11-04,9:47:11.125512784,T,TGT,F I,75,90.45
2025-11-04,9:47:12.193107201,T,TGT,I,57,90.44
2025-11-04,9:47:13.965090679,T,TGT,I,4,90.49
2025-11-04,9:47:13.965111651,T,TGT,F I,96,90.49
2025-11-04,9:47:13.965683057,T,TGT,F I,50,90.48
2025-11-04,9:47:13.965731811,T,TGT,I,9,90.48
2025-11-04,9:47:17.081072045,T,TGT,I,75,90.465
2025-11-04,9:47:21.483882689,T,TGT,I,2,90.48
2025-11-04,9:47:21.483882689,T,TGT,I,10,90.48
2025-11-04,9:47:21.483885065,T,TGT,I,7,90.48
2025-11-04,9:47:21.483888085,T,TGT,I,34,90.48
2025-11-04,9:47:23.447978097,T,TGT,I,3,90.48
2025-11-04,9:47:25.658114499,T,TGT,I,3,90.48
2025-11-04,9:47:27.866575842,T,TGT,I,11,90.475
2025-11-04,9:47:28.017315899,T,TGT,I,1,90.48
2025-11-04,9:47:29.391241087,T,TGT,I,1,90.475
2025-11-04,9:47:35.119380590,T,TGT,I,3,90.47
2025-11-04,9:47:35.241303107,T,TGT,F,100,90.475
2025-11-04,9:47:35.242148124,T,TGT,,100,90.44
2025-11-04,9:47:35.242500624,T,TGT,F,100,90.46
2025-11-04,9:47:35.242500624,T,TGT,F I,14,90.46
2025-11-04,9:47:35.242508993,T,TGT,F I,7,90.46
2025-11-04,9:47:35.242512290,T,TGT,F I,10,90.46
2025-11-04,9:47:35.242512290,T,TGT,I,50,90.46
2025-11-04,9:47:35.242764497,T,TGT,I,15,90.47
2025-11-04,9:47:35.242764497,T,TGT,,100,90.47
2025-11-04,9:47:35.243705739,T,TGT,I,42,90.47
2025-11-04,9:47:35.243913229,T,TGT,,1413,90.47
2025-11-04,9:47:35.244076269,T,TGT,,545,90.47
2025-11-04,9:47:35.244076269,T,TGT,,500,90.47
2025-11-04,9:47:35.244081734,T,TGT,I,42,90.47
2025-11-04,9:47:35.244081734,T,TGT,,110,90.47
2025-11-04,9:47:35.244103073,T,TGT,,100,90.47
2025-11-04,9:47:35.244103073,T,TGT,I,3,90.47
2025-11-04,9:47:35.244106391,T,TGT,I,15,90.47
2025-11-04,9:47:35.244109489,T,TGT,F I,5,90.46
2025-11-04,9:47:35.246526471,T,TGT,F I,15,90.48
2025-11-04,9:47:35.246568601,T,TGT,F,100,90.49
2025-11-04,9:47:35.246568601,T,TGT,F I,13,90.49
2025-11-04,9:47:35.246592642,T,TGT,F I,2,90.49
2025-11-04,9:47:35.260621130,T,TGT,,100,90.51
2025-11-04,9:47:35.275181748,T,TGT,I,3,90.535
2025-11-04,9:47:35.300727629,T,TGT,I,50,90.51
2025-11-04,9:47:36.241964001,T,TGT,F I,50,90.51
2025-11-04,9:47:36.241966935,T,TGT,F I,19,90.51
2025-11-04,9:47:36.241985060,T,TGT,F,100,90.52
2025-11-04,9:47:38.396257282,T,TGT,I,2,90.49
2025-11-04,9:47:39.603579503,T,TGT,I,2,90.52
2025-11-04,9:47:42.695278262,T,TGT,I,14,90.52
2025-11-04,9:47:42.695281182,T,TGT,,100,90.52
2025-11-04,9:47:42.695284065,T,TGT,I,50,90.52
2025-11-04,9:47:42.695284065,T,TGT,,100,90.52
2025-11-04,9:47:42.695293055,T,TGT,I,70,90.52
2025-11-04,9:47:43.240100975,T,TGT,I,4,90.54
2025-11-04,9:47:43.244401448,T,TGT,F I,4,90.56
2025-11-04,9:47:43.244404277,T,TGT,F I,85,90.56
2025-11-04,9:47:43.244422632,T,TGT,I,69,90.56
2025-11-04,9:47:43.244422632,T,TGT,I,1,90.56
2025-11-04,9:47:43.245559064,T,TGT,F I,50,90.57
2025-11-04,9:47:45.020134700,T,TGT,I,75,90.56
2025-11-04,9:47:49.685770920,T,TGT,F I,11,90.555
2025-11-04,9:47:49.908349134,T,TGT,I,75,90.55
2025-11-04,9:47:52.889967374,T,TGT,I,25,90.58
2025-11-04,9:47:58.802545528,T,TGT,I,11,90.56
2025-11-04,9:47:58.802545528,T,TGT,I,3,90.55
2025-11-04,9:47:58.802548365,T,TGT,I,11,90.55
2025-11-04,9:48:03.726439745,T,TGT,F,100,90.59
2025-11-04,9:48:03.726454865,T,TGT,I,1,90.59
2025-11-04,9:48:03.726461120,T,TGT,I,46,90.59
2025-11-04,9:48:03.726461120,T,TGT,I,12,90.59
2025-11-04,9:48:03.726463866,T,TGT,I,11,90.59
2025-11-04,9:48:03.733822368,T,TGT,I,22,90.58
2025-11-04,9:48:05.649605459,T,TGT,I,50,90.57
2025-11-04,9:48:05.649608536,T,TGT,I,22,90.57
2025-11-04,9:48:05.649623553,T,TGT,I,1,90.57
2025-11-04,9:48:05.649623553,T,TGT,,100,90.59
2025-11-04,9:48:05.660289978,T,TGT,F I,27,90.57
2025-11-04,9:48:06.817918773,T,TGT,I,2,90.6
2025-11-04,9:48:06.817918773,T,TGT,I,8,90.6
2025-11-04,9:48:06.817939841,T,TGT,I,2,90.6
2025-11-04,9:48:18.326991505,T,TGT,F I,30,90.57
2025-11-04,9:48:18.328025962,T,TGT,F I,30,90.57
2025-11-04,9:48:18.331440104,T,TGT,F I,20,90.56
2025-11-04,9:48:18.337706021,T,TGT,F I,1,90.53
2025-11-04,9:48:18.337706021,T,TGT,F I,2,90.53
2025-11-04,9:48:18.337709006,T,TGT,F I,5,90.53
2025-11-04,9:48:18.338235295,T,TGT,,100,90.57
2025-11-04,9:48:18.769517436,T,TGT,F,100,90.56
2025-11-04,9:48:18.769517436,T,TGT,F I,70,90.55
2025-11-04,9:48:18.769520032,T,TGT,I,30,90.55
2025-11-04,9:48:18.769520032,T,TGT,I,20,90.55
2025-11-04,9:48:18.775188329,T,TGT,F I,50,90.53
2025-11-04,9:48:18.775191368,T,TGT,F,100,90.53
2025-11-04,9:48:18.775191368,T,TGT,F I,20,90.53
2025-11-04,9:48:30.954296182,T,TGT,,100,90.485
2025-11-04,9:48:31.062638560,T,TGT,I,25,90.45
2025-11-04,9:48:31.062638560,T,TGT,I,18,90.45
2025-11-04,9:48:31.062641303,T,TGT,I,10,90.45
2025-11-04,9:48:31.062710560,T,TGT,F,100,90.485
2025-11-04,9:48:31.071611722,T,TGT,,100,90.48
2025-11-04,9:48:31.071635799,T,TGT,F I,75,90.48
2025-11-04,9:48:31.071692909,T,TGT,F I,25,90.48
2025-11-04,9:48:39.882976127,T,TGT,,102,90.53
2025-11-04,9:48:39.882976127,T,TGT,I,54,90.53
2025-11-04,9:48:39.882978830,T,TGT,I,43,90.53
2025-11-04,9:48:39.882978830,T,TGT,I,1,90.53
2025-11-04,9:48:39.882990479,T,TGT,I,1,90.53
2025-11-04,9:48:39.883047658,T,TGT,I,3,90.53
2025-11-04,9:48:39.883051097,T,TGT,I,9,90.53
2025-11-04,9:48:39.883051097,T,TGT,I,40,90.53
2025-11-04,9:48:39.883053978,T,TGT,I,11,90.53
2025-11-04,9:48:39.883119735,T,TGT,,100,90.53
2025-11-04,9:48:39.883125764,T,TGT,,111,90.53
2025-11-04,9:48:39.883164901,T,TGT,F,100,90.525
2025-11-04,9:48:39.883167899,T,TGT,F,100,90.52
2025-11-04,9:48:39.883171107,T,TGT,F I,11,90.52
2025-11-04,9:48:39.883176948,T,TGT,F I,93,90.52
2025-11-04,9:48:39.883188957,T,TGT,F,196,90.52
2025-11-04,9:48:39.883979981,T,TGT,I,5,90.51
2025-11-04,9:48:39.883982912,T,TGT,I,40,90.51
2025-11-04,9:48:39.935348321,T,TGT,I,1,90.5
2025-11-04,9:48:43.789287781,T,TGT,F,100,90.5
2025-11-04,9:48:43.789302797,T,TGT,I,1,90.5
2025-11-04,9:48:43.789305763,T,TGT,F I,3,90.5
2025-11-04,9:48:43.789308909,T,TGT,F I,4,90.5
2025-11-04,9:48:43.789308909,T,TGT,F I,25,90.5
2025-11-04,9:48:43.789344891,T,TGT,I,3,90.5
2025-11-04,9:48:43.789344891,T,TGT,I,21,90.5
2025-11-04,9:49:00.144904530,T,TGT,F,186,90.56
2025-11-04,9:49:00.144925537,T,TGT,F,314,90.56
2025-11-04,9:49:00.164697638,T,TGT,F I,1,90.56
2025-11-04,9:49:00.164700718,T,TGT,F I,3,90.55
2025-11-04,9:49:00.164700718,T,TGT,F I,3,90.55
2025-11-04,9:49:00.164703775,T,TGT,F I,22,90.55
2025-11-04,9:49:00.164703775,T,TGT,F I,11,90.55
2025-11-04,9:49:00.189594001,T,TGT,F I,22,90.55
2025-11-04,9:49:00.218826621,T,TGT,I,50,90.54
2025-11-04,9:49:00.218871698,T,TGT,F I,50,90.54
2025-11-04,9:49:00.218874727,T,TGT,F I,28,90.54
2025-11-04,9:49:00.218877742,T,TGT,F,100,90.54
2025-11-04,9:49:04.675236396,T,TGT,,100,90.515
2025-11-04,9:49:05.198967105,T,TGT,I,75,90.51
2025-11-04,9:49:05.198970055,T,TGT,I,25,90.52
2025-11-04,9:49:06.697731636,T,TGT,F I,75,90.47
2025-11-04,9:49:11.114350501,T,TGT,I,4,90.435
2025-11-04,9:49:11.114410645,T,TGT,I,21,90.435
2025-11-04,9:49:11.114819665,T,TGT,F I,4,90.43
2025-11-04,9:49:11.114828665,T,TGT,F,100,90.435
2025-11-04,9:49:11.138756721,T,TGT,I,2,90.42
2025-11-04,9:49:11.207440667,T,TGT,F I,25,90.44
2025-11-04,9:49:11.207443384,T,TGT,F I,32,90.44
2025-11-04,9:49:11.207443384,T,TGT,F I,2,90.44
2025-11-04,9:49:11.207446352,T,TGT,F I,41,90.44
2025-11-04,9:49:11.207485425,T,TGT,I,14,90.44
2025-11-04,9:49:11.207485425,T,TGT,I,50,90.44
2025-11-04,9:49:11.207488481,T,TGT,I,18,90.44
2025-11-04,9:49:11.207488481,T,TGT,I,32,90.44
2025-11-04,9:49:11.219023962,T,TGT,I,3,90.44
2025-11-04,9:49:19.476062196,T,TGT,I,8,90.45
2025-11-04,9:49:19.476065248,T,TGT,I,97,90.45
2025-11-04,9:49:19.476068371,T,TGT,I,8,90.45
2025-11-04,9:49:19.476083192,T,TGT,F I,92,90.45
2025-11-04,9:49:19.476086233,T,TGT,I,1,90.45
2025-11-04,9:49:19.476468074,T,TGT,F I,75,90.45
2025-11-04,9:49:19.476561385,T,TGT,F I,70,90.46
2025-11-04,9:49:19.476561385,T,TGT,F I,66,90.47
2025-11-04,9:49:19.476585369,T,TGT,I,1,90.47
2025-11-04,9:49:19.476630657,T,TGT,I,33,90.47
2025-11-04,9:49:19.476630657,T,TGT,I,26,90.47
2025-11-04,9:49:19.476633542,T,TGT,I,10,90.47
2025-11-04,9:49:19.477234967,T,TGT,I,4,90.48
2025-11-04,9:49:19.478916484,T,TGT,F,100,90.495
2025-11-04,9:49:19.478916484,T,TGT,F,100,90.48
2025-11-04,9:49:19.478919675,T,TGT,F,100,90.48
2025-11-04,9:49:19.478922155,T,TGT,F,837,90.48
2025-11-04,9:49:19.478922155,T,TGT,F,2000,90.48
2025-11-04,9:49:19.478925005,T,TGT,F,300,90.48
2025-11-04,9:49:19.478936996,T,TGT,F,100,90.48
2025-11-04,9:49:20.341996069,T,TGT,F I,50,90.46
2025-11-04,9:49:21.158146463,T,TGT,F,200,90.48
2025-11-04,9:49:21.158167538,T,TGT,F I,13,90.48
2025-11-04,9:49:42.373319591,T,TGT,I,1,90.44
2025-11-04,9:49:43.849570391,T,TGT,I,20,90.43
2025-11-04,9:49:43.849573174,T,TGT,I,1,90.43
2025-11-04,9:49:43.849578524,T,TGT,I,2,90.43
2025-11-04,9:49:43.849578524,T,TGT,F I,23,90.43
2025-11-04,9:49:43.919949205,T,TGT,F I,39,90.46
2025-11-04,9:49:43.919952641,T,TGT,F I,62,90.46
2025-11-04,9:49:43.919952641,T,TGT,F I,10,90.46
2025-11-04,9:49:43.919955187,T,TGT,F I,89,90.46
2025-11-04,9:49:43.919970704,T,TGT,I,1,90.46
2025-11-04,9:49:43.919998029,T,TGT,I,50,90.44
2025-11-04,9:49:43.920000280,T,TGT,I,39,90.43
2025-11-04,9:49:43.920003299,T,TGT,,100,90.43
2025-11-04,9:49:43.920003299,T,TGT,I,1,90.46
2025-11-04,9:49:43.920027537,T,TGT,F I,24,90.45
2025-11-04,9:49:43.920027537,T,TGT,F I,38,90.45
2025-11-04,9:49:43.942325497,T,TGT,I,2,90.48
2025-11-04,9:49:44.540970704,T,TGT,I,1,90.46
2025-11-04,9:49:44.540970704,T,TGT,I,32,90.46
2025-11-04,9:49:44.541698480,T,TGT,,100,90.48
2025-11-04,9:49:44.541734545,T,TGT,I,9,90.48
2025-11-04,9:49:44.543538843,T,TGT,F I,15,90.48
2025-11-04,9:49:44.610766970,T,TGT,I,28,90.48
2025-11-04,9:49:44.615016073,T,TGT,I,25,90.48
2025-11-04,9:49:44.615019117,T,TGT,I,3,90.48
2025-11-04,9:49:44.680557200,T,TGT,I,75,90.485
2025-11-04,9:49:45.805122835,T,TGT,F I,18,90.51
2025-11-04,9:49:49.572332090,T,TGT,F I,24,90.5
2025-11-04,9:49:49.572335181,T,TGT,F I,9,90.5
2025-11-04,9:49:49.572335181,T,TGT,F I,35,90.5
2025-11-04,9:49:49.572347200,T,TGT,F,100,90.515
2025-11-04,9:49:49.684685853,T,TGT,,100,90.5
2025-11-04,9:49:49.815885435,T,TGT,F I,70,90.49
2025-11-04,9:49:51.251720001,T,TGT,F I,60,90.49
2025-11-04,9:49:51.251720001,T,TGT,F I,53,90.49
2025-11-04,9:49:51.251721984,T,TGT,I,47,90.49
2025-11-04,9:49:51.251725022,T,TGT,,800,90.49
2025-11-04,9:49:55.150889239,T,TGT,F,100,90.5
2025-11-04,9:49:55.150889239,T,TGT,F I,48,90.5
2025-11-04,9:49:55.150892278,T,TGT,F I,1,90.5
2025-11-04,9:49:55.151568826,T,TGT,F I,2,90.52
2025-11-04,9:49:55.159913704,T,TGT,I,50,90.5
2025-11-04,9:49:55.220754676,T,TGT,I,11,90.47
2025-11-04,9:50:06.716773332,T,TGT,F I,11,90.49
2025-11-04,9:50:06.716773332,T,TGT,F I,1,90.49
2025-11-04,9:50:06.716978022,T,TGT,F I,44,90.5
2025-11-04,9:50:11.025786872,T,TGT,F I,45,90.53
2025-11-04,9:50:11.025796384,T,TGT,F I,75,90.53
2025-11-04,9:50:11.025807906,T,TGT,F I,80,90.53
2025-11-04,9:50:16.417003738,T,TGT,I,42,90.55
2025-11-04,9:50:16.417024717,T,TGT,I,18,90.55
2025-11-04,9:50:16.417024717,T,TGT,I,14,90.55
2025-11-04,9:50:16.417066846,T,TGT,I,87,90.55
2025-11-04,9:50:16.417069856,T,TGT,I,10,90.55
2025-11-04,9:50:16.417069856,T,TGT,I,5,90.55
2025-11-04,9:50:16.503616008,T,TGT,I,23,90.55
2025-11-04,9:50:20.456307801,T,TGT,F,400,90.58
2025-11-04,9:50:20.456310803,T,TGT,F I,13,90.58
2025-11-04,9:50:20.456346864,T,TGT,I,10,90.59
2025-11-04,9:50:21.661732526,T,TGT,I,20,90.6
2025-11-04,9:50:26.251811660,T,TGT,I,20,90.63
2025-11-04,9:50:26.251811660,T,TGT,I,30,90.63
2025-11-04,9:50:26.251814036,T,TGT,I,14,90.63
2025-11-04,9:50:26.251816845,T,TGT,I,50,90.63
2025-11-04,9:50:26.253055764,T,TGT,F I,27,90.65
2025-11-04,9:50:26.253061770,T,TGT,F I,23,90.65
2025-11-04,9:50:32.291477319,T,TGT,F I,1,90.62
2025-11-04,9:50:32.915021898,T,TGT,F I,38,90.62
2025-11-04,9:50:32.915024888,T,TGT,F I,21,90.62
2025-11-04,9:50:33.387357071,T,TGT,I,2,90.64
2025-11-04,9:50:34.460695239,T,TGT,I,2,90.64
2025-11-04,9:50:36.031225795,T,TGT,I,2,90.62
2025-11-04,9:50:36.074974038,T,TGT,I,5,90.625
2025-11-04,9:50:37.028374353,T,TGT,F I,6,90.61
2025-11-04,9:50:37.029508054,T,TGT,F I,64,90.6
2025-11-04,9:50:37.029532053,T,TGT,,100,90.62
2025-11-04,9:50:38.522862739,T,TGT,F I,1,90.56
2025-11-04,9:50:48.971639497,T,TGT,I,61,90.6
2025-11-04,9:50:48.971663543,T,TGT,F I,39,90.6
2025-11-04,9:50:48.971663543,T,TGT,F I,11,90.6
2025-11-04,9:50:48.971672576,T,TGT,I,14,90.6
2025-11-04,9:50:48.971675477,T,TGT,I,11,90.6
2025-11-04,9:50:48.971675477,T,TGT,I,17,90.6
2025-11-04,9:50:48.971678578,T,TGT,,100,90.6
2025-11-04,9:50:48.972434582,T,TGT,F,100,90.59
2025-11-04,9:50:48.972434582,T,TGT,F I,29,90.59
2025-11-04,9:50:48.972434582,T,TGT,F I,10,90.59
2025-11-04,9:50:48.972595772,T,TGT,I,29,90.6
2025-11-04,9:50:48.974466188,T,TGT,F I,5,90.58
2025-11-04,9:50:48.975167099,T,TGT,F I,2,90.58
2025-11-04,9:50:48.975398785,T,TGT,I,2,90.58
2025-11-04,9:50:48.975401445,T,TGT,F I,1,90.57
2025-11-04,9:50:49.928335625,T,TGT,I,7,90.57
2025-11-04,9:50:49.928338591,T,TGT,I,51,90.57
2025-11-04,9:50:49.928356652,T,TGT,I,14,90.57
2025-11-04,9:50:49.928359683,T,TGT,I,34,90.57
2025-11-04,9:51:10.280873717,T,TGT,I,57,90.62
2025-11-04,9:51:10.281613474,T,TGT,F I,75,90.61
2025-11-04,9:51:10.281667522,T,TGT,F I,25,90.61
2025-11-04,9:51:19.079475071,T,TGT,I,31,90.625
2025-11-04,9:51:19.079481047,T,TGT,,100,90.625
2025-11-04,9:51:19.863677639,T,TGT,F I,11,90.65
2025-11-04,9:51:19.863683547,T,TGT,F I,18,90.65
2025-11-04,9:51:19.863683547,T,TGT,F I,80,90.65
2025-11-04,9:51:19.863686283,T,TGT,F I,37,90.65
2025-11-04,9:51:19.863686283,T,TGT,F I,63,90.65
2025-11-04,9:51:19.863701430,T,TGT,F I,10,90.65
2025-11-04,9:51:19.923159090,T,TGT,F I,23,90.68
2025-11-04,9:51:19.923159090,T,TGT,F I,7,90.68
2025-11-04,9:51:20.393792313,T,TGT,I,1,90.69
2025-11-04,9:51:20.393792313,T,TGT,I,9,90.69
2025-11-04,9:51:20.393945621,T,TGT,F I,16,90.69
2025-11-04,9:51:20.394396703,T,TGT,I,50,90.69
2025-11-04,9:51:20.395846141,T,TGT,,100,90.695
2025-11-04,9:51:25.203784408,T,TGT,,100,90.71
2025-11-04,9:51:25.203898597,T,TGT,I,50,90.7
2025-11-04,9:51:25.204085126,T,TGT,,100,90.69
2025-11-04,9:51:25.204091057,T,TGT,,100,90.69
2025-11-04,9:51:25.204094082,T,TGT,I,25,90.69
2025-11-04,9:51:25.204094082,T,TGT,I,1,90.69
2025-11-04,9:51:25.204109542,T,TGT,F I,7,90.69
2025-11-04,9:51:25.204115472,T,TGT,I,8,90.69
2025-11-04,9:51:25.204115472,T,TGT,I,62,90.69
2025-11-04,9:51:25.204699450,T,TGT,F I,2,90.69
2025-11-04,9:51:25.204699450,T,TGT,F I,3,90.69
2025-11-04,9:51:25.205832205,T,TGT,F I,62,90.67
2025-11-04,9:51:25.205832205,T,TGT,F I,59,90.67
2025-11-04,9:51:25.205835218,T,TGT,F I,5,90.67
2025-11-04,9:51:25.205835218,T,TGT,F I,3,90.67
2025-11-04,9:51:25.205838228,T,TGT,F I,1,90.67
2025-11-04,9:51:25.276287078,T,TGT,,100,90.665
2025-11-04,9:51:25.276326821,T,TGT,I,97,90.67
2025-11-04,9:51:25.276326821,T,TGT,I,1,90.67
2025-11-04,9:51:25.276329529,T,TGT,I,70,90.67
2025-11-04,9:51:25.276332164,T,TGT,I,75,90.665
2025-11-04,9:51:26.363551608,T,TGT,,100,90.68
2025-11-04,9:51:26.363566590,T,TGT,I,1,90.68
2025-11-04,9:51:26.363569458,T,TGT,F I,28,90.68
2025-11-04,9:51:26.363572416,T,TGT,F I,25,90.68
2025-11-04,9:51:27.039534767,T,TGT,F I,75,90.685
2025-11-04,9:51:27.039646186,T,TGT,F I,25,90.685
2025-11-04,9:51:27.039649020,T,TGT,F I,50,90.68
2025-11-04,9:51:33.074245619,T,TGT,I,25,90.71
2025-11-04,9:51:33.074248688,T,TGT,I,7,90.71
2025-11-04,9:51:33.074261212,T,TGT,F I,38,90.71
2025-11-04,9:51:33.074261212,T,TGT,F I,10,90.71
2025-11-04,9:51:33.074263669,T,TGT,F I,7,90.71
2025-11-04,9:51:33.075749288,T,TGT,F I,79,90.72
2025-11-04,9:51:33.075776284,T,TGT,I,1,90.72
2025-11-04,9:51:33.075776284,T,TGT,F I,20,90.72
2025-11-04,9:51:33.075779302,T,TGT,F I,6,90.72
2025-11-04,9:51:58.814015763,T,TGT,F I,37,90.73
2025-11-04,9:51:58.814018773,T,TGT,F,100,90.73
2025-11-04,9:51:58.814021788,T,TGT,F I,97,90.73
2025-11-04,9:51:58.814021788,T,TGT,F I,10,90.73
2025-11-04,9:51:58.814024712,T,TGT,F I,17,90.73
2025-11-04,9:51:58.814556982,T,TGT,F,100,90.74
2025-11-04,9:51:58.814578010,T,TGT,I,5,90.74
2025-11-04,9:51:59.906585005,T,TGT,I,5,90.75
2025-11-04,9:52:05.168117434,T,TGT,F I,1,90.73
2025-11-04,9:52:05.168123423,T,TGT,,100,90.735
2025-11-04,9:52:05.168126811,T,TGT,I,27,90.73
2025-11-04,9:52:05.168126811,T,TGT,I,72,90.73
2025-11-04,9:52:05.168132541,T,TGT,F I,1,90.72
2025-11-04,9:52:05.394265266,T,TGT,,100,90.7
2025-11-04,9:52:05.394265266,T,TGT,,100,90.7
2025-11-04,9:52:05.394599058,T,TGT,F I,2,90.69
2025-11-04,9:52:05.394611072,T,TGT,F I,3,90.69
2025-11-04,9:52:05.394613994,T,TGT,F I,3,90.69
2025-11-04,9:52:05.399392490,T,TGT,I,25,90.69
2025-11-04,9:52:05.399392490,T,TGT,I,70,90.69
2025-11-04,9:52:07.043177498,T,TGT,F I,13,90.69
2025-11-04,9:52:07.043177498,T,TGT,F I,12,90.69
2025-11-04,9:52:07.043180549,T,TGT,F I,7,90.69
2025-11-04,9:52:07.043189533,T,TGT,F,100,90.69
2025-11-04,9:52:07.043207762,T,TGT,F I,48,90.68
2025-11-04,9:52:15.371741248,T,TGT,F I,5,90.7
2025-11-04,9:52:22.248554276,T,TGT,F I,47,90.67
2025-11-04,9:52:22.248560221,T,TGT,,100,90.685
2025-11-04,9:52:24.934447962,T,TGT,I,50,90.67
2025-11-04,9:52:24.934447962,T,TGT,I,46,90.67
2025-11-04,9:52:24.934478134,T,TGT,I,4,90.66
2025-11-04,9:52:24.934484173,T,TGT,I,4,90.66
2025-11-04,9:52:24.934484173,T,TGT,I,4,90.66
2025-11-04,9:52:24.934487151,T,TGT,I,3,90.66
2025-11-04,9:52:24.934814875,T,TGT,F,100,90.675
2025-11-04,9:52:24.936460483,T,TGT,F I,5,90.65
2025-11-04,9:52:24.936460483,T,TGT,F I,5,90.65
2025-11-04,9:52:24.936463784,T,TGT,F I,20,90.65
2025-11-04,9:52:24.936463784,T,TGT,F I,5,90.65
2025-11-04,9:52:24.936778977,T,TGT,F I,40,90.64
2025-11-04,9:52:24.936778977,T,TGT,F I,5,90.64
2025-11-04,9:52:24.936781912,T,TGT,F I,5,90.64
2025-11-04,9:52:24.937292745,T,TGT,F I,4,90.63
2025-11-04,9:52:24.937292745,T,TGT,F I,42,90.63
2025-11-04,9:52:25.093849141,T,TGT,I,35,90.63
2025-11-04,9:52:25.132078779,T,TGT,I,65,90.63
2025-11-04,9:52:25.575479161,T,TGT,I,11,90.6
2025-11-04,9:52:25.576787342,T,TGT,I,3,90.6
2025-11-04,9:52:25.576787342,T,TGT,I,16,90.6
2025-11-04,9:52:26.667094744,T,TGT,F,100,90.63
2025-11-04,9:52:26.667115796,T,TGT,F I,52,90.64
2025-11-04,9:52:26.667118745,T,TGT,F I,11,90.64
2025-11-04,9:52:52.898659727,T,TGT,F I,25,90.64
2025-11-04,9:52:52.898659727,T,TGT,F I,16,90.64
2025-11-04,9:52:52.898704729,T,TGT,I,54,90.64
2025-11-04,9:52:55.164489399,T,TGT,,100,90.66
2025-11-04,9:52:55.164489399,T,TGT,,100,90.66
2025-11-04,9:52:55.164509667,T,TGT,I,1,90.66
2025-11-04,9:52:55.164509667,T,TGT,F I,23,90.66
2025-11-04,9:53:03.739486680,T,TGT,F I,77,90.68
2025-11-04,9:53:03.739486680,T,TGT,F I,18,90.68
2025-11-04,9:53:03.739489591,T,TGT,F I,10,90.68
2025-11-04,9:53:03.777680311,T,TGT,I,23,90.685
2025-11-04,9:53:04.063941191,T,TGT,F,100,90.71
2025-11-04,9:53:05.283752292,T,TGT,F I,6,90.73
2025-11-04,9:53:05.283764332,T,TGT,F I,40,90.73
2025-11-04,9:53:07.412779430,T,TGT,,100,90.735
2025-11-04,9:53:07.596165328,T,TGT,F I,9,90.75
2025-11-04,9:53:07.823997019,T,TGT,,100,90.75
2025-11-04,9:53:07.824015053,T,TGT,F I,17,90.75
2025-11-04,9:53:09.424358680,T,TGT,,100,90.75
2025-11-04,9:53:10.150654981,T,TGT,,100,90.76
2025-11-04,9:53:10.150676079,T,TGT,F,100,90.76
2025-11-04,9:53:11.095081938,T,TGT,I,20,90.78
2025-11-04,9:53:20.869210436,T,TGT,I,17,90.76
2025-11-04,9:53:20.870879429,T,TGT,F,100,90.75
2025-11-04,9:53:21.239016630,T,TGT,I,1,90.74
2025-11-04,9:53:21.363263469,T,TGT,I,33,90.75
2025-11-04,9:53:26.595187800,T,TGT,I,26,90.77
2025-11-04,9:53:30.142823490,T,TGT,I,8,90.78
2025-11-04,9:53:30.142826517,T,TGT,I,92,90.79
2025-11-04,9:53:35.286671014,T,TGT,F I,8,90.79
2025-11-04,9:53:35.286674149,T,TGT,F I,13,90.79
2025-11-04,9:53:35.286674149,T,TGT,F I,26,90.79
2025-11-04,9:53:36.214297204,T,TGT,F I,50,90.78
2025-11-04,9:53:36.214297204,T,TGT,F I,10,90.77
2025-11-04,9:53:42.049268941,T,TGT,,100,90.74
2025-11-04,9:53:45.121035925,T,TGT,,100,90.745
2025-11-04,9:53:54.398338696,T,TGT,,100,90.735
2025-11-04,9:53:56.431428218,T,TGT,I,9,90.73
2025-11-04,9:53:58.135585081,T,TGT,F I,9,90.75
2025-11-04,9:53:58.166038695,T,TGT,I,1,90.75
2025-11-04,9:54:01.762600972,T,TGT,F,100,90.74
2025-11-04,9:54:14.177714205,T,TGT,F,100,90.735
2025-11-04,9:54:14.177900705,T,TGT,F I,16,90.7
2025-11-04,9:54:14.177903708,T,TGT,F I,5,90.7
2025-11-04,9:54:14.177903708,T,TGT,F I,4,90.7
2025-11-04,9:54:14.234919556,T,TGT,I,10,90.68
2025-11-04,9:54:14.236095302,T,TGT,F I,2,90.67
2025-11-04,9:54:14.459317141,T,TGT,,100,90.68
2025-11-04,9:54:15.888336603,T,TGT,I,75,90.655
2025-11-04,9:54:15.888387757,T,TGT,I,25,90.655
2025-11-04,9:54:19.795863711,T,TGT,,100,90.655
2025-11-04,9:54:21.697937025,T,TGT,F I,1,90.62
2025-11-04,9:54:21.708946273,T,TGT,F I,1,90.61
2025-11-04,9:54:21.708967349,T,TGT,F I,5,90.61
2025-11-04,9:54:21.717357280,T,TGT,F I,1,90.61
2025-11-04,9:54:22.860605971,T,TGT,F I,24,90.61
2025-11-04,9:54:22.860608946,T,TGT,F I,76,90.62
2025-11-04,9:54:22.860623960,T,TGT,I,1,90.62
2025-11-04,9:54:22.860645057,T,TGT,I,23,90.62
2025-11-04,9:54:27.011060804,T,TGT,F I,17,90.65
2025-11-04,9:54:54.464177750,T,TGT,F I,25,90.68
2025-11-04,9:55:04.661970643,T,TGT,F,100,90.69
2025-11-04,9:55:04.661970643,T,TGT,F,102,90.69
2025-11-04,9:55:04.661974080,T,TGT,F I,20,90.69
2025-11-04,9:55:04.661974080,T,TGT,F I,19,90.69
2025-11-04,9:55:06.499988404,T,TGT,F I,16,90.7
2025-11-04,9:55:14.752600249,T,TGT,F I,75,90.69
2025-11-04,9:55:14.752654345,T,TGT,F I,25,90.69
2025-11-04,9:55:15.179644526,T,TGT,,100,90.71
2025-11-04,9:55:15.179662601,T,TGT,I,1,90.71
2025-11-04,9:55:15.190669148,T,TGT,I,1,90.69
2025-11-04,9:55:17.315386692,T,TGT,F I,46,90.7
2025-11-04,9:55:17.315389722,T,TGT,F I,38,90.7
2025-11-04,9:55:17.375415778,T,TGT,F I,5,90.67
2025-11-04,9:55:17.376552457,T,TGT,,100,90.675
2025-11-04,9:55:17.383739520,T,TGT,F I,7,90.66
2025-11-04,9:55:17.383760624,T,TGT,I,93,90.66
2025-11-04,9:55:17.383763626,T,TGT,I,2,90.66
2025-11-04,9:55:17.921781397,T,TGT,F,100,90.65
2025-11-04,9:55:17.921784305,T,TGT,F I,43,90.63
2025-11-04,9:55:17.922106066,T,TGT,F I,54,90.63
2025-11-04,9:55:17.922512117,T,TGT,F I,3,90.63
2025-11-04,9:55:17.922512117,T,TGT,F I,30,90.63
2025-11-04,9:55:20.839190656,T,TGT,F I,35,90.63
2025-11-04,9:55:20.839235817,T,TGT,I,25,90.64
2025-11-04,9:55:20.839260036,T,TGT,F I,54,90.64
2025-11-04,9:55:20.839260036,T,TGT,F,100,90.64
2025-11-04,9:55:20.839278216,T,TGT,I,10,90.64
2025-11-04,9:55:23.558818752,T,TGT,F I,8,90.66
2025-11-04,9:55:24.013459858,T,TGT,F I,44,90.66
2025-11-04,9:55:24.013462860,T,TGT,F I,28,90.66
2025-11-04,9:55:24.014145565,T,TGT,,100,90.665
2025-11-04,9:55:25.149677774,T,TGT,,100,90.66
2025-11-04,9:55:25.149695809,T,TGT,I,1,90.66
2025-11-04,9:55:25.149891945,T,TGT,F I,14,90.66
2025-11-04,9:55:25.149894254,T,TGT,F I,11,90.66
2025-11-04,9:55:31.357544057,T,TGT,F I,41,90.67
2025-11-04,9:55:31.819997773,T,TGT,I,48,90.67
2025-11-04,9:55:36.365997011,T,TGT,I,1,90.64
2025-11-04,9:55:39.033895896,T,TGT,I,20,90.625
2025-11-04,9:55:50.148894886,T,TGT,F I,15,90.65
2025-11-04,9:55:50.148894886,T,TGT,F I,35,90.65
2025-11-04,9:55:50.148897956,T,TGT,F I,18,90.65
2025-11-04,9:55:50.148897956,T,TGT,F I,16,90.65
2025-11-04,9:55:50.149827353,T,TGT,I,11,90.65
2025-11-04,9:55:50.149851030,T,TGT,,100,90.655
2025-11-04,9:55:50.149878059,T,TGT,F I,47,90.65
2025-11-04,9:55:53.709623643,T,TGT,I,75,90.655
2025-11-04,9:55:53.709692862,T,TGT,I,25,90.655
2025-11-04,9:56:01.634138782,T,TGT,F I,36,90.69
2025-11-04,9:56:01.634142075,T,TGT,F I,15,90.69
2025-11-04,9:56:01.634142075,T,TGT,F I,11,90.69
2025-11-04,9:56:01.635071081,T,TGT,F I,12,90.71
2025-11-04,9:56:01.635073858,T,TGT,F I,20,90.71
2025-11-04,9:56:01.635618199,T,TGT,F I,7,90.72
2025-11-04,9:56:01.635621232,T,TGT,F I,24,90.72
2025-11-04,9:56:12.235790525,T,TGT,F I,1,90.75
2025-11-04,9:56:12.235790525,T,TGT,F I,36,90.75
2025-11-04,9:56:12.629028272,T,TGT,I,20,90.76
2025-11-04,9:56:15.091465759,T,TGT,F I,16,90.76
2025-11-04,9:56:15.093245987,T,TGT,I,26,90.77
2025-11-04,9:56:15.099840670,T,TGT,F I,10,90.78
2025-11-04,9:56:15.846390258,T,TGT,F I,11,90.78
2025-11-04,9:56:15.846411317,T,TGT,F I,22,90.78
2025-11-04,9:56:15.846411317,T,TGT,F I,50,90.78
2025-11-04,9:56:16.099307870,T,TGT,F I,12,90.79
2025-11-04,9:56:16.195134068,T,TGT,I,6,90.8
2025-11-04,9:56:18.367109529,T,TGT,,100,90.805
2025-11-04,9:56:18.367587768,T,TGT,I,50,90.79
2025-11-04,9:56:18.367587768,T,TGT,I,1,90.79
2025-11-04,9:56:18.367608684,T,TGT,I,18,90.79
2025-11-04,9:56:22.552294143,T,TGT,I,24,90.78
2025-11-04,9:56:23.435807984,T,TGT,I,90,90.77
2025-11-04,9:56:27.434112359,T,TGT,,100,90.785
2025-11-04,9:56:27.943041877,T,TGT,F I,2,90.77
2025-11-04,9:56:27.943065921,T,TGT,I,30,90.77
2025-11-04,9:56:27.943068897,T,TGT,F I,2,90.77
2025-11-04,9:56:27.944283825,T,TGT,I,11,90.77
2025-11-04,9:56:27.944377053,T,TGT,I,17,90.77
2025-11-04,9:56:30.409941956,T,TGT,I,1,90.76
2025-11-04,9:56:30.409944972,T,TGT,I,1,90.76
2025-11-04,9:56:43.043612781,T,TGT,I,11,90.78
2025-11-04,9:56:45.232178725,T,TGT,F,257,90.81
2025-11-04,9:56:45.232214838,T,TGT,F I,2,90.81
2025-11-04,9:56:45.232238944,T,TGT,F I,50,90.81
2025-11-04,9:56:45.232286988,T,TGT,I,91,90.81
2025-11-04,9:56:45.232286988,T,TGT,I,9,90.81
2025-11-04,9:56:45.232371187,T,TGT,I,3,90.81
2025-11-04,9:56:50.773666495,T,TGT,I,5,90.83
2025-11-04,9:56:50.773684596,T,TGT,I,11,90.83
2025-11-04,9:56:50.773687550,T,TGT,I,22,90.83
2025-11-04,9:56:50.781325753,T,TGT,,100,90.83
2025-11-04,9:56:56.467389159,T,TGT,I,9,90.825
2025-11-04,9:57:00.162189341,T,TGT,F I,50,90.8
2025-11-04,9:57:00.162237531,T,TGT,,100,90.82
2025-11-04,9:57:00.162252919,T,TGT,F I,4,90.79
2025-11-04,9:57:00.162273749,T,TGT,F I,28,90.79
2025-11-04,9:57:00.162273749,T,TGT,F I,5,90.79
2025-11-04,9:57:00.162276685,T,TGT,F I,5,90.79
2025-11-04,9:57:00.162279567,T,TGT,F I,10,90.79
2025-11-04,9:57:02.861031946,T,TGT,F,100,90.79
2025-11-04,9:57:02.861035470,T,TGT,F,100,90.79
2025-11-04,9:57:02.861068072,T,TGT,F,100,90.79
2025-11-04,9:57:05.119448587,T,TGT,F I,10,90.79
2025-11-04,9:57:05.119448587,T,TGT,F I,24,90.79
2025-11-04,9:57:09.974042768,T,TGT,F I,25,90.8
2025-11-04,9:57:16.238621080,T,TGT,,100,90.805
2025-11-04,9:57:16.396404025,T,TGT,I,23,90.78
2025-11-04,9:57:18.651428305,T,TGT,F I,47,90.77
2025-11-04,9:57:18.652649239,T,TGT,I,26,90.77
2025-11-04,9:57:18.653097224,T,TGT,I,44,90.77
2025-11-04,9:57:22.930382230,T,TGT,F I,60,90.77
2025-11-04,9:57:22.930382230,T,TGT,F I,40,90.77
2025-11-04,9:57:22.930511569,T,TGT,F I,50,90.76
2025-11-04,9:57:22.938131773,T,TGT,F I,3,90.75
2025-11-04,9:57:22.938134721,T,TGT,F I,79,90.75
2025-11-04,9:57:22.938137903,T,TGT,F I,21,90.75
2025-11-04,9:57:23.060126317,T,TGT,I,13,90.75
2025-11-04,9:57:23.060126317,T,TGT,I,12,90.75
2025-11-04,9:57:25.787101046,T,TGT,I,3,90.74
2025-11-04,9:57:32.988245710,T,TGT,F I,21,90.71
2025-11-04,9:57:32.988693731,T,TGT,F I,79,90.71
2025-11-04,9:57:35.983192403,T,TGT,F I,40,90.72
2025-11-04,9:57:35.983197714,T,TGT,F I,11,90.72
2025-11-04,9:57:35.983197714,T,TGT,F I,11,90.72
2025-11-04,9:57:35.983200755,T,TGT,F I,90,90.72
2025-11-04,9:57:35.983236864,T,TGT,I,10,90.73
2025-11-04,9:57:35.983236864,T,TGT,I,17,90.73
2025-11-04,9:57:39.676380485,T,TGT,F I,2,90.74
2025-11-04,9:57:55.081618926,T,TGT,F,100,90.76
2025-11-04,9:57:55.082506130,T,TGT,F I,14,90.77
2025-11-04,9:57:55.091864377,T,TGT,I,50,90.76
2025-11-04,9:57:55.118504806,T,TGT,F I,50,90.75
2025-11-04,9:58:17.479157906,T,TGT,F I,16,90.75
2025-11-04,9:58:17.479161596,T,TGT,F I,12,90.75
2025-11-04,9:58:17.479163969,T,TGT,F I,14,90.75
2025-11-04,9:58:17.479163969,T,TGT,F I,10,90.75
2025-11-04,9:58:35.079928016,T,TGT,F I,5,90.76
2025-11-04,9:58:35.079930774,T,TGT,F I,5,90.76
2025-11-04,9:58:35.079933111,T,TGT,F I,22,90.77
2025-11-04,9:58:35.079936161,T,TGT,F,100,90.77
2025-11-04,9:58:35.079939231,T,TGT,F I,27,90.77
2025-11-04,9:58:35.079939231,T,TGT,F I,50,90.77
2025-11-04,9:58:35.079942251,T,TGT,F I,5,90.77
2025-11-04,9:58:35.079969219,T,TGT,I,5,90.77
2025-11-04,9:58:36.697213108,T,TGT,F,100,90.785
2025-11-04,9:58:36.697213108,T,TGT,F I,32,90.77
2025-11-04,9:58:36.697261496,T,TGT,F I,2,90.77
2025-11-04,9:58:36.697261496,T,TGT,F I,75,90.77
2025-11-04,9:58:36.697264543,T,TGT,F I,5,90.77
2025-11-04,9:58:37.444403197,T,TGT,I,4,90.775
2025-11-04,9:58:40.784908352,T,TGT,I,10,90.79
2025-11-04,9:58:42.598087157,T,TGT,F,100,90.78
2025-11-04,9:58:42.598087157,T,TGT,F I,50,90.78
2025-11-04,9:58:44.471087238,T,TGT,F I,15,90.78
2025-11-04,9:58:55.090583654,T,TGT,F I,10,90.81
2025-11-04,9:58:56.860074165,T,TGT,I,50,90.815
2025-11-04,9:58:57.916761617,T,TGT,F I,1,90.83
2025-11-04,9:58:58.783107614,T,TGT,I,50,90.83
2025-11-04,9:59:18.824470263,T,TGT,I,75,90.825
2025-11-04,9:59:18.824531086,T,TGT,I,25,90.825
2025-11-04,9:59:27.431226779,T,TGT,F,100,90.85
2025-11-04,9:59:27.431229742,T,TGT,F I,50,90.85
2025-11-04,9:59:27.431229742,T,TGT,F I,9,90.85
2025-11-04,9:59:27.431235859,T,TGT,F I,14,90.85
2025-11-04,9:59:27.431235859,T,TGT,F I,10,90.85
2025-11-04,9:59:27.431238640,T,TGT,F I,5,90.85
2025-11-04,9:59:27.431241959,T,TGT,F I,9,90.85
2025-11-04,9:59:27.431241959,T,TGT,F I,38,90.85
2025-11-04,9:59:27.431244649,T,TGT,F I,2,90.85
2025-11-04,9:59:27.433175174,T,TGT,F I,11,90.86
2025-11-04,9:59:27.504950264,T,TGT,F I,50,90.86
2025-11-04,9:59:27.504953193,T,TGT,F I,50,90.86
2025-11-04,9:59:31.024411876,T,TGT,I,19,90.86
2025-11-04,9:59:31.024523129,T,TGT,I,51,90.86
2025-11-04,9:59:34.859631699,T,TGT,F I,16,90.86
2025-11-04,9:59:35.654025531,T,TGT,F I,1,90.85
2025-11-04,9:59:35.654028637,T,TGT,F I,4,90.85
2025-11-04,9:59:35.654032751,T,TGT,F I,93,90.85
2025-11-04,9:59:35.654032751,T,TGT,F I,2,90.85
2025-11-04,9:59:35.654037298,T,TGT,F I,10,90.85
2025-11-04,9:59:35.654238696,T,TGT,F I,20,90.84
2025-11-04,9:59:35.654241702,T,TGT,F I,3,90.84
2025-11-04,9:59:35.654536400,T,TGT,F I,1,90.84
2025-11-04,9:59:35.654578491,T,TGT,F I,13,90.84
2025-11-04,9:59:35.670047342,T,TGT,I,18,90.84
2025-11-04,9:59:35.670047342,T,TGT,I,4,90.85
2025-11-04,9:59:36.278754542,T,TGT,F I,4,90.83
2025-11-04,9:59:43.697314311,T,TGT,F,100,90.85
2025-11-04,9:59:43.697314311,T,TGT,F I,1,90.85
2025-11-04,9:59:43.697317191,T,TGT,F I,30,90.85
2025-11-04,9:59:43.697332337,T,TGT,I,1,90.85
2025-11-04,9:59:43.697332337,T,TGT,I,9,90.85
2025-11-04,9:59:45.234053180,T,TGT,I,4,90.86
2025-11-04,9:59:50.504992544,T,TGT,I,50,90.86
2025-11-04,9:59:50.505022669,T,TGT,I,50,90.87
2025-11-04,9:59:52.904366860,T,TGT,I,16,90.89
2025-11-04,10:00:02.361019798,T,TGT,F I,10,90.87
2025-11-04,10:00:02.361049792,T,TGT,F I,1,90.86
2025-11-04,10:00:02.361052875,T,TGT,F I,10,90.86
2025-11-04,10:00:02.361621145,T,TGT,F I,1,90.85
2025-11-04,10:00:02.362012136,T,TGT,I,1,90.83
2025-11-04,10:00:12.905752095,T,TGT,I,50,90.85
2025-11-04,10:00:12.905752095,T,TGT,I,13,90.85
2025-11-04,10:00:12.905785242,T,TGT,F I,87,90.85
2025-11-04,10:00:12.906022768,T,TGT,F I,30,90.84
2025-11-04,10:00:12.910548542,T,TGT,F,100,90.83
2025-11-04,10:00:17.091898960,T,TGT,F I,75,90.84
2025-11-04,10:00:17.880449587,T,TGT,F I,50,90.82
2025-11-04,10:00:22.069913372,T,TGT,F I,3,90.78
2025-11-04,10:00:48.084387934,T,TGT,I,50,90.78
2025-11-04,10:00:48.097496148,T,TGT,F I,5,90.77
2025-11-04,10:00:48.097499210,T,TGT,F I,50,90.77
2025-11-04,10:00:48.108145203,T,TGT,F,100,90.76
2025-11-04,10:00:48.108147725,T,TGT,F I,50,90.76
2025-11-04,10:00:48.108169006,T,TGT,I,70,90.76
2025-11-04,10:00:48.108583626,T,TGT,I,75,90.77
2025-11-04,10:00:48.108610667,T,TGT,F I,25,90.77
2025-11-04,10:00:48.128683436,T,TGT,I,4,90.76
2025-11-04,10:00:48.140661149,T,TGT,I,24,90.77
2025-11-04,10:00:48.140661149,T,TGT,I,40,90.77
2025-11-04,10:00:48.140664087,T,TGT,I,59,90.77
2025-11-04,10:00:48.140700207,T,TGT,I,1,90.78
2025-11-04,10:00:48.140700207,T,TGT,I,10,90.78
2025-11-04,10:00:48.144672611,T,TGT,I,40,90.78
2025-11-04,10:00:48.144675614,T,TGT,I,24,90.78
2025-11-04,10:00:48.145150728,T,TGT,I,24,90.77
2025-11-04,10:00:49.213821717,T,TGT,F I,24,90.78
2025-11-04,10:01:04.383668762,T,TGT,F I,1,90.8
2025-11-04,10:01:04.383689770,T,TGT,F I,57,90.8
2025-11-04,10:01:04.383692825,T,TGT,F,100,90.8
2025-11-04,10:01:06.866479524,T,TGT,F I,50,90.81
2025-11-04,10:01:06.866551805,T,TGT,,100,90.82
2025-11-04,10:01:06.866572842,T,TGT,I,1,90.82
2025-11-04,10:01:06.866927589,T,TGT,F,100,90.81
2025-11-04,10:01:06.866933596,T,TGT,F I,24,90.81
2025-11-04,10:01:06.866936648,T,TGT,F I,28,90.81
2025-11-04,10:01:06.866949311,T,TGT,I,1,90.81
2025-11-04,10:01:07.474212471,T,TGT,F I,28,90.82
2025-11-04,10:01:07.474215422,T,TGT,F,100,90.82
2025-11-04,10:01:07.474218426,T,TGT,F I,24,90.82
2025-11-04,10:01:07.474218426,T,TGT,F I,22,90.82
2025-11-04,10:01:15.783178555,T,TGT,F I,50,90.82
2025-11-04,10:01:22.127798550,T,TGT,F I,5,90.83
2025-11-04,10:01:28.052588524,T,TGT,F I,5,90.83
2025-11-04,10:01:29.039094753,T,TGT,F,100,90.84
2025-11-04,10:01:29.039130900,T,TGT,F I,50,90.85
2025-11-04,10:01:29.039130900,T,TGT,F I,10,90.85
2025-11-04,10:01:29.039461945,T,TGT,F I,5,90.85
2025-11-04,10:01:29.042399675,T,TGT,F I,3,90.86
2025-11-04,10:01:33.383995806,T,TGT,F I,39,90.85
2025-11-04,10:01:33.384004869,T,TGT,F,100,90.84
2025-11-04,10:01:33.384007857,T,TGT,F I,5,90.84
2025-11-04,10:01:33.384031936,T,TGT,I,1,90.84
2025-11-04,10:01:33.384510021,T,TGT,F I,1,90.84
2025-11-04,10:01:33.414437713,T,TGT,F,100,90.8
2025-11-04,10:01:33.414437713,T,TGT,F,100,90.8
2025-11-04,10:01:33.415601082,T,TGT,,100,90.8
2025-11-04,10:01:33.415622168,T,TGT,I,1,90.8
2025-11-04,10:01:33.416196522,T,TGT,I,1,90.81
2025-11-04,10:01:33.416196522,T,TGT,I,58,90.81
2025-11-04,10:01:33.416254019,T,TGT,F I,6,90.8
2025-11-04,10:01:33.416313854,T,TGT,F I,4,90.8
2025-11-04,10:01:33.416313854,T,TGT,F I,1,90.8
2025-11-04,10:01:33.416494479,T,TGT,F I,26,90.79
2025-11-04,10:01:33.416494479,T,TGT,F I,1,90.79
2025-11-04,10:01:33.417896568,T,TGT,,100,90.79
2025-11-04,10:01:33.417896568,T,TGT,I,65,90.79
2025-11-04,10:01:33.417898892,T,TGT,,100,90.79
2025-11-04,10:01:33.417898892,T,TGT,I,22,90.79
2025-11-04,10:01:33.417934624,T,TGT,,100,90.8
2025-11-04,10:01:33.417937891,T,TGT,I,1,90.8
2025-11-04,10:01:33.417937891,T,TGT,I,26,90.8
2025-11-04,10:01:33.417983503,T,TGT,F,100,90.8
2025-11-04,10:01:33.426511062,T,TGT,F I,26,90.79
2025-11-04,10:01:43.243804330,T,TGT,F I,62,90.76
2025-11-04,10:01:43.243807303,T,TGT,F I,5,90.76
2025-11-04,10:01:43.276438041,T,TGT,I,26,90.77
2025-11-04,10:01:43.276438041,T,TGT,I,50,90.77
2025-11-04,10:01:45.537458653,T,TGT,I,1,90.78
2025-11-04,10:01:48.913995902,T,TGT,,100,90.8
2025-11-04,10:01:48.913995902,T,TGT,I,9,90.8
2025-11-04,10:01:48.913998848,T,TGT,I,26,90.8
2025-11-04,10:01:48.914104141,T,TGT,F I,2,90.81
2025-11-04,10:01:48.914107042,T,TGT,F I,2,90.81
2025-11-04,10:01:48.914107042,T,TGT,F,100,90.81
2025-11-04,10:01:50.231774485,T,TGT,,100,90.83
2025-11-04,10:01:56.807988150,T,TGT,I,3,90.81
2025-11-04,10:02:02.178515768,T,TGT,F I,40,90.82
2025-11-04,10:02:04.186378168,T,TGT,,100,90.84
2025-11-04,10:02:04.186387256,T,TGT,I,50,90.84
2025-11-04,10:02:04.194115643,T,TGT,I,18,90.84
2025-11-04,10:02:04.194118633,T,TGT,I,42,90.84
2025-11-04,10:02:04.194145684,T,TGT,F I,26,90.83
2025-11-04,10:02:04.194149647,T,TGT,F,100,90.83
2025-11-04,10:02:04.194149647,T,TGT,F I,14,90.83
2025-11-04,10:02:04.194152219,T,TGT,F I,1,90.83
2025-11-04,10:02:04.194152219,T,TGT,F I,4,90.83
2025-11-04,10:02:04.194154664,T,TGT,F I,35,90.83
2025-11-04,10:02:06.584781024,T,TGT,F I,75,90.85
2025-11-04,10:02:09.055954842,T,TGT,I,38,90.87
2025-11-04,10:02:09.055990327,T,TGT,I,2,90.88
2025-11-04,10:02:09.055993387,T,TGT,I,26,90.88
2025-11-04,10:02:09.055993387,T,TGT,I,10,90.88
2025-11-04,10:02:27.176211269,T,TGT,F I,4,90.91
2025-11-04,10:02:27.176211269,T,TGT,F I,51,90.91
2025-11-04,10:02:29.340978859,T,TGT,F I,6,90.93
2025-11-04,10:02:31.519590580,T,TGT,F I,17,90.92
2025-11-04,10:02:31.519609013,T,TGT,F I,2,90.92
2025-11-04,10:02:31.519611704,T,TGT,F I,19,90.92
2025-11-04,10:02:31.519614637,T,TGT,F I,2,90.92
2025-11-04,10:02:42.245296665,T,TGT,I,4,90.95
2025-11-04,10:02:42.245296665,T,TGT,I,10,90.95
2025-11-04,10:02:49.045992278,T,TGT,F I,26,90.96
2025-11-04,10:02:49.045998388,T,TGT,F I,41,90.96
2025-11-04,10:02:55.013971251,T,TGT,F,100,90.93
2025-11-04,10:02:55.013974246,T,TGT,F I,23,90.92
2025-11-04,10:02:55.098451518,T,TGT,I,30,90.925
2025-11-04,10:02:55.098454537,T,TGT,I,70,90.925
2025-11-04,10:02:55.504833601,T,TGT,F,100,90.9
2025-11-04,10:02:55.504836848,T,TGT,F I,33,90.9
2025-11-04,10:02:55.504836848,T,TGT,F I,10,90.9
2025-11-04,10:03:19.017014307,T,TGT,F I,50,90.9
2025-11-04,10:03:19.017017193,T,TGT,F I,10,90.9
2025-11-04,10:03:19.017017193,T,TGT,F I,50,90.9
2025-11-04,10:03:19.017020219,T,TGT,F I,10,90.9
2025-11-04,10:03:19.017023582,T,TGT,F I,60,90.9
2025-11-04,10:03:19.126811996,T,TGT,F I,62,90.88
2025-11-04,10:03:19.126811996,T,TGT,F I,17,90.88
2025-11-04,10:03:19.126814746,T,TGT,F I,1,90.88
2025-11-04,10:03:19.126956178,T,TGT,F I,5,90.87
2025-11-04,10:03:19.126959174,T,TGT,F I,10,90.87
2025-11-04,10:03:19.223419909,T,TGT,F I,5,90.84
2025-11-04,10:03:19.223422976,T,TGT,F I,15,90.84
2025-11-04,10:03:20.569393485,T,TGT,F I,27,90.83
2025-11-04,10:03:36.719549062,T,TGT,F,100,90.82
2025-11-04,10:03:36.719552085,T,TGT,F I,10,90.82
2025-11-04,10:03:36.719660265,T,TGT,,100,90.83
2025-11-04,10:03:45.401773223,T,TGT,F I,3,90.81
2025-11-04,10:03:45.402876851,T,TGT,F I,7,90.82
2025-11-04,10:03:45.402903846,T,TGT,F I,1,90.83
2025-11-04,10:03:45.402961066,T,TGT,F I,10,90.83
2025-11-04,10:03:45.440830205,T,TGT,I,20,90.825
2025-11-04,10:03:46.447481493,T,TGT,F,100,90.85
2025-11-04,10:03:46.447710035,T,TGT,I,50,90.845
2025-11-04,10:03:46.458265122,T,TGT,,100,90.86
2025-11-04,10:03:46.458286191,T,TGT,F I,2,90.86
2025-11-04,10:03:46.458289139,T,TGT,F I,11,90.86
2025-11-04,10:03:53.574740076,T,TGT,I,70,90.86
2025-11-04,10:03:53.574740076,T,TGT,I,1,90.85
2025-11-04,10:03:53.574776201,T,TGT,I,29,90.85
2025-11-04,10:03:59.706901136,T,TGT,I,19,90.845
2025-11-04,10:03:59.706904082,T,TGT,I,56,90.845
2025-11-04,10:04:06.621757787,T,TGT,F I,20,90.87
2025-11-04,10:04:06.621818404,T,TGT,F I,20,90.88
2025-11-04,10:04:06.621872067,T,TGT,F I,20,90.89
2025-11-04,10:04:07.278504319,T,TGT,I,75,90.885
2025-11-04,10:04:07.278531453,T,TGT,I,25,90.885
2025-11-04,10:04:10.730238557,T,TGT,I,9,90.885
2025-11-04,10:04:12.116054079,T,TGT,F I,44,90.88
2025-11-04,10:04:16.543628111,T,TGT,I,9,90.875
2025-11-04,10:04:17.867823817,T,TGT,F I,10,90.85
2025-11-04,10:04:17.867826862,T,TGT,F,100,90.85
2025-11-04,10:04:32.116807799,T,TGT,F I,1,90.8
2025-11-04,10:04:32.116810769,T,TGT,F,364,90.8
2025-11-04,10:04:32.629294775,T,TGT,I,50,90.78
2025-11-04,10:04:32.629294775,T,TGT,I,27,90.77
2025-11-04,10:04:32.629315948,T,TGT,F I,43,90.77
2025-11-04,10:04:32.629318768,T,TGT,F I,10,90.77
2025-11-04,10:04:32.629321730,T,TGT,F,100,90.77
2025-11-04,10:04:32.629333869,T,TGT,I,1,90.77
2025-11-04,10:04:35.750331034,T,TGT,F I,10,90.81
2025-11-04,10:04:35.750346534,T,TGT,F,100,90.82
2025-11-04,10:04:35.750346534,T,TGT,F I,10,90.82
2025-11-04,10:04:36.546273326,T,TGT,I,75,90.835
2025-11-04,10:04:36.546321395,T,TGT,I,75,90.835
2025-11-04,10:04:47.784430659,T,TGT,I,6,90.795
2025-11-04,10:04:47.784433808,T,TGT,,100,90.82
2025-11-04,10:04:47.784436776,T,TGT,I,25,90.83
2025-11-04,10:04:47.784436776,T,TGT,I,10,90.83
2025-11-04,10:04:47.784443161,T,TGT,I,2,90.83
2025-11-04,10:04:47.784443161,T,TGT,,100,90.84
2025-11-04,10:04:47.784445839,T,TGT,I,20,90.84
2025-11-04,10:04:47.784445839,T,TGT,I,92,90.84
2025-11-04,10:04:47.791410678,T,TGT,I,89,90.79
2025-11-04,10:04:47.791410678,T,TGT,I,1,90.79
2025-11-04,10:04:47.791413338,T,TGT,I,10,90.79
2025-11-04,10:04:47.791434380,T,TGT,I,1,90.79
2025-11-04,10:04:47.791437373,T,TGT,I,69,90.79
2025-11-04,10:04:47.928846760,T,TGT,I,28,90.79
2025-11-04,10:04:47.928849768,T,TGT,I,72,90.79
2025-11-04,10:04:47.928865129,T,TGT,I,1,90.79
2025-11-04,10:04:47.928927911,T,TGT,I,17,90.79
2025-11-04,10:04:47.929574518,T,TGT,I,14,90.79
2025-11-04,10:04:47.941362551,T,TGT,F,100,90.79
2025-11-04,10:04:47.941365570,T,TGT,F,100,90.79
2025-11-04,10:04:49.305986632,T,TGT,I,2,90.77
2025-11-04,10:04:51.419370461,T,TGT,I,98,90.77
2025-11-04,10:04:55.500140328,T,TGT,,100,90.78
2025-11-04,10:04:55.512581084,T,TGT,F I,70,90.77
2025-11-04,10:04:55.512581084,T,TGT,F I,30,90.76
2025-11-04,10:04:55.512599027,T,TGT,F I,70,90.76
2025-11-04,10:04:55.590544731,T,TGT,I,11,90.75
2025-11-04,10:04:55.760067516,T,TGT,I,11,90.75
2025-11-04,10:04:56.079629950,T,TGT,F I,1,90.72
2025-11-04,10:04:56.079629950,T,TGT,F I,10,90.72
2025-11-04,10:04:56.079723077,T,TGT,F I,10,90.71
2025-11-04,10:04:56.079726039,T,TGT,F,100,90.71
2025-11-04,10:04:56.806560742,T,TGT,F I,1,90.69
2025-11-04,10:04:56.806560742,T,TGT,F I,3,90.69
2025-11-04,10:04:56.806572747,T,TGT,F I,10,90.69
2025-11-04,10:05:00.237990591,T,TGT,F I,4,90.67
2025-11-04,10:05:20.611211868,T,TGT,I,26,90.72
2025-11-04,10:05:20.654018839,T,TGT,I,15,90.7
2025-11-04,10:05:20.654021798,T,TGT,I,40,90.7
2025-11-04,10:05:20.654025090,T,TGT,I,10,90.7
2025-11-04,10:05:20.654307676,T,TGT,I,14,90.72
2025-11-04,10:05:20.654310581,T,TGT,I,26,90.72
2025-11-04,10:05:20.654454896,T,TGT,I,14,90.7
2025-11-04,10:05:20.682472567,T,TGT,I,7,90.7
2025-11-04,10:05:26.215260781,T,TGT,I,4,90.7
2025-11-04,10:05:28.508629374,T,TGT,I,23,90.705
2025-11-04,10:05:28.734900481,T,TGT,F I,24,90.71
2025-11-04,10:05:28.734900481,T,TGT,F I,1,90.71
2025-11-04,10:05:32.939568361,T,TGT,I,70,90.68
2025-11-04,10:05:32.939568361,T,TGT,I,2,90.68
2025-11-04,10:05:32.939583402,T,TGT,I,1,90.68
2025-11-04,10:05:32.939601407,T,TGT,F I,75,90.68
2025-11-04,10:05:33.209560601,T,TGT,F,100,90.67
2025-11-04,10:05:33.209560601,T,TGT,F,100,90.67
2025-11-04,10:05:33.209563530,T,TGT,F I,4,90.67
2025-11-04,10:05:33.209563530,T,TGT,F I,2,90.67
2025-11-04,10:05:33.210252192,T,TGT,F,100,90.65
2025-11-04,10:05:33.219262498,T,TGT,F I,1,90.63
2025-11-04,10:05:33.315287034,T,TGT,I,26,90.64
2025-11-04,10:05:33.442224817,T,TGT,I,26,90.64
2025-11-04,10:05:52.641394836,T,TGT,I,3,90.62
2025-11-04,10:05:52.641957171,T,TGT,F I,13,90.64
2025-11-04,10:05:52.642098569,T,TGT,,100,90.64
2025-11-04,10:05:56.167162476,T,TGT,F I,97,90.62
2025-11-04,10:05:56.167162476,T,TGT,F I,13,90.62
2025-11-04,10:05:56.572642573,T,TGT,I,1,90.64
2025-11-04,10:05:56.572645466,T,TGT,I,10,90.64
2025-11-04,10:05:59.116014673,T,TGT,F I,1,90.64
2025-11-04,10:06:06.624997072,T,TGT,F,100,90.67
2025-11-04,10:06:06.624997072,T,TGT,F,100,90.67
2025-11-04,10:06:06.625003213,T,TGT,F I,9,90.67
2025-11-04,10:06:06.625003213,T,TGT,F,100,90.67
2025-11-04,10:06:06.625003213,T,TGT,F I,32,90.67
2025-11-04,10:06:06.625005974,T,TGT,F I,1,90.67
2025-11-04,10:06:06.625005974,T,TGT,F I,1,90.67
2025-11-04,10:06:06.625213278,T,TGT,F I,1,90.69
2025-11-04,10:06:06.625216361,T,TGT,F I,5,90.69
2025-11-04,10:06:06.626091352,T,TGT,F,100,90.7
2025-11-04,10:06:06.653901684,T,TGT,F,100,90.71
2025-11-04,10:06:06.654208366,T,TGT,F I,4,90.72
2025-11-04,10:06:06.654211404,T,TGT,F I,4,90.72
2025-11-04,10:06:06.726948742,T,TGT,I,70,90.72
2025-11-04,10:06:08.229024148,T,TGT,F I,4,90.73
2025-11-04,10:06:08.229027495,T,TGT,F I,17,90.73
2025-11-04,10:06:08.229027495,T,TGT,F I,1,90.73
2025-11-04,10:06:08.229033203,T,TGT,F I,4,90.73
2025-11-04,10:06:08.229033203,T,TGT,F,100,90.73
2025-11-04,10:06:08.229072382,T,TGT,I,22,90.74
2025-11-04,10:06:08.229072382,T,TGT,I,4,90.74
2025-11-04,10:06:12.343507430,T,TGT,F I,1,90.73
2025-11-04,10:06:12.345967255,T,TGT,F I,38,90.72
2025-11-04,10:06:12.345982378,T,TGT,F I,62,90.72
2025-11-04,10:06:18.338039503,T,TGT,I,64,90.75
2025-11-04,10:06:18.338132742,T,TGT,F I,57,90.75
2025-11-04,10:06:18.338493561,T,TGT,F I,43,90.75
2025-11-04,10:06:32.377857247,T,TGT,F I,9,90.71
2025-11-04,10:06:32.402627312,T,TGT,I,40,90.7
2025-11-04,10:06:35.564458862,T,TGT,I,16,90.72
2025-11-04,10:06:36.581553961,T,TGT,I,10,90.72
2025-11-04,10:06:45.830619443,T,TGT,I,6,90.72
2025-11-04,10:06:45.941520671,T,TGT,I,16,90.72
2025-11-04,10:06:46.582155386,T,TGT,I,10,90.72
2025-11-04,10:06:49.560080356,T,TGT,F I,3,90.69
2025-11-04,10:06:49.560080356,T,TGT,F I,3,90.69
2025-11-04,10:06:49.560083472,T,TGT,F I,10,90.69
2025-11-04,10:07:00.078039977,T,TGT,F,100,90.63
2025-11-04,10:07:00.078148456,T,TGT,F I,1,90.62
2025-11-04,10:07:00.078148456,T,TGT,F I,2,90.62
2025-11-04,10:07:00.078151282,T,TGT,F I,1,90.62
2025-11-04,10:07:00.078662509,T,TGT,F I,29,90.61
2025-11-04,10:07:00.129859487,T,TGT,I,1,90.6
2025-11-04,10:07:00.129859487,T,TGT,I,10,90.6
2025-11-04,10:07:00.129862646,T,TGT,I,23,90.6
2025-11-04,10:07:00.129880541,T,TGT,F I,22,90.6
2025-11-04,10:07:00.129883626,T,TGT,F I,10,90.6
2025-11-04,10:07:00.129887546,T,TGT,F I,6,90.6
2025-11-04,10:07:00.129887546,T,TGT,F I,1,90.6
2025-11-04,10:07:28.987941658,T,TGT,F I,75,90.63
2025-11-04,10:07:29.170672603,T,TGT,F I,1,90.65
2025-11-04,10:07:29.170675562,T,TGT,F I,1,90.65
2025-11-04,10:07:29.170699090,T,TGT,I,9,90.65
2025-11-04,10:07:29.171165186,T,TGT,F,100,90.66
2025-11-04,10:07:29.171168134,T,TGT,F I,3,90.66
2025-11-04,10:07:29.171171126,T,TGT,F,100,90.66
2025-11-04,10:07:29.171171126,T,TGT,F I,1,90.66
2025-11-04,10:07:29.171174246,T,TGT,F I,30,90.66
2025-11-04,10:07:29.171240344,T,TGT,F I,13,90.66
2025-11-04,10:07:29.171252317,T,TGT,I,40,90.66
2025-11-04,10:07:29.171703452,T,TGT,I,10,90.66
2025-11-04,10:07:29.171712445,T,TGT,I,10,90.66
2025-11-04,10:07:29.171802653,T,TGT,F I,12,90.66
2025-11-04,10:07:29.171826704,T,TGT,F I,50,90.66
2025-11-04,10:07:29.171826704,T,TGT,F I,3,90.66
2025-11-04,10:07:29.171829730,T,TGT,F I,11,90.66
2025-11-04,10:07:29.171871859,T,TGT,F I,10,90.66
2025-11-04,10:07:29.171910884,T,TGT,F I,26,90.66
2025-11-04,10:07:29.171910884,T,TGT,F I,14,90.66
2025-11-04,10:07:32.179628372,T,TGT,F I,47,90.66
2025-11-04,10:07:39.890670848,T,TGT,I,47,90.62
2025-11-04,10:07:39.917636113,T,TGT,I,14,90.62
2025-11-04,10:07:45.490287096,T,TGT,F I,12,90.64
2025-11-04,10:08:00.203096220,T,TGT,F I,3,90.64
2025-11-04,10:08:00.203117300,T,TGT,F,239,90.64
2025-11-04,10:08:00.203120290,T,TGT,F I,9,90.64
2025-11-04,10:08:01.157985066,T,TGT,I,71,90.63
2025-11-04,10:08:01.158000154,T,TGT,I,1,90.63
2025-11-04,10:08:01.158003096,T,TGT,F I,36,90.63
2025-11-04,10:08:01.158006198,T,TGT,F I,1,90.63
