DATE,TIME_M,EX,SYM_ROOT,TR_SCOND,SIZE,PRICE
2025-10-17,9:30:08.494386549,T,TGT,I,6,90.0
2025-10-17,9:30:08.494398519,T,TGT,Q,6,90.0
2025-10-17,9:30:19.953859292,T,TGT,,100,90.01
2025-10-17,9:30:19.991560156,T,TGT,,100,89.925
2025-10-17,9:30:20.020855887,T,TGT,,100,89.925
2025-10-17,9:30:47.087856967,T,TGT,F I,6,90.02
2025-10-17,9:30:51.570741995,T,TGT,I,6,89.96
2025-10-17,9:31:49.658169672,T,TGT,F I,1,90.08
2025-10-17,9:31:49.658193736,T,TGT,F I,9,90.11
2025-10-17,9:31:49.660385931,T,TGT,I,82,90.19
2025-10-17,9:31:49.660397971,T,TGT,I,1,90.19
2025-10-17,9:31:49.660404027,T,TGT,,117,90.19
2025-10-17,9:31:49.667594125,T,TGT,F I,40,90.31
2025-10-17,9:31:49.667627271,T,TGT,F I,13,90.31
2025-10-17,9:31:49.667648299,T,TGT,F I,5,90.31
2025-10-17,9:31:49.667648299,T,TGT,F I,1,90.31
2025-10-17,9:31:49.667654281,T,TGT,F I,1,90.31
2025-10-17,9:31:49.668515120,T,TGT,F I,23,90.32
2025-10-17,9:31:49.668515120,T,TGT,F I,1,90.32
2025-10-17,9:31:49.668517363,T,TGT,F,100,90.32
2025-10-17,9:31:49.668541349,T,TGT,,991,90.33
2025-10-17,9:31:49.668562427,T,TGT,,129,90.33
2025-10-17,9:31:49.668568427,T,TGT,F,380,90.33
2025-10-17,9:31:49.668649677,T,TGT,F I,1,90.35
2025-10-17,9:31:49.669356312,T,TGT,,200,90.35
2025-10-17,9:31:49.671172649,T,TGT,F,100,90.37
2025-10-17,9:31:49.671214742,T,TGT,F,100,90.38
2025-10-17,9:31:49.671263603,T,TGT,F I,20,90.39
2025-10-17,9:31:49.671268853,T,TGT,F,280,90.39
2025-10-17,9:31:49.671268853,T,TGT,F,200,90.39
2025-10-17,9:31:49.679180736,T,TGT,F I,1,90.45
2025-10-17,9:31:49.679668739,T,TGT,F,100,90.48
2025-10-17,9:31:49.679671622,T,TGT,F I,50,90.49
2025-10-17,9:31:49.680497930,T,TGT,F I,1,90.46
2025-10-17,9:31:49.680912816,T,TGT,F I,2,90.44
2025-10-17,9:31:50.729739527,T,TGT,F,100,90.37
2025-10-17,9:31:54.206589615,T,TGT,I,30,90.37
2025-10-17,9:31:58.790473202,T,TGT,I,1,90.46
2025-10-17,9:32:02.001379006,T,TGT,,100,90.385
2025-10-17,9:32:06.958601938,T,TGT,I,4,90.415
2025-10-17,9:32:07.047959793,T,TGT,,100,90.415
2025-10-17,9:32:08.910669535,T,TGT,I,5,90.42
2025-10-17,9:32:09.042434384,T,TGT,I,9,90.42
2025-10-17,9:32:09.051786670,T,TGT,I,1,90.42
2025-10-17,9:32:09.740352163,T,TGT,F,200,90.44
2025-10-17,9:32:09.740352163,T,TGT,I,50,90.49
2025-10-17,9:32:09.740586630,T,TGT,F I,2,90.46
2025-10-17,9:32:09.740661870,T,TGT,F I,2,90.47
2025-10-17,9:32:09.740743079,T,TGT,I,5,90.5
2025-10-17,9:32:09.740743079,T,TGT,I,2,90.5
2025-10-17,9:32:09.740746135,T,TGT,,100,90.5
2025-10-17,9:32:09.740750125,T,TGT,I,17,90.5
2025-10-17,9:32:09.740750125,T,TGT,I,5,90.5
2025-10-17,9:32:09.740767054,T,TGT,I,1,90.5
2025-10-17,9:32:09.740809422,T,TGT,I,9,90.5
2025-10-17,9:32:09.740854402,T,TGT,F,100,90.5
2025-10-17,9:32:09.740882380,T,TGT,F,100,90.5
2025-10-17,9:32:09.740884332,T,TGT,F,100,90.51
2025-10-17,9:32:09.740899415,T,TGT,F,100,90.5
2025-10-17,9:32:09.740899415,T,TGT,F,100,90.51
2025-10-17,9:32:09.741624130,T,TGT,F,100,90.52
2025-10-17,9:32:09.741991038,T,TGT,I,1,90.54
2025-10-17,9:32:09.741994558,T,TGT,I,37,90.54
2025-10-17,9:32:09.741994558,T,TGT,I,84,90.54
2025-10-17,9:32:09.742030415,T,TGT,F,100,90.54
2025-10-17,9:32:09.742592478,T,TGT,F I,50,90.54
2025-10-17,9:32:09.742622493,T,TGT,I,2,90.54
2025-10-17,9:32:09.742766814,T,TGT,F I,2,90.56
2025-10-17,9:32:09.850387249,T,TGT,I,15,90.53
2025-10-17,9:32:09.850417326,T,TGT,F I,59,90.53
2025-10-17,9:32:09.850417326,T,TGT,F,100,90.53
2025-10-17,9:32:09.850420305,T,TGT,F,200,90.53
2025-10-17,9:32:09.850471513,T,TGT,,100,90.53
2025-10-17,9:32:09.850615782,T,TGT,F I,2,90.54
2025-10-17,9:32:11.046246218,T,TGT,F I,2,90.56
2025-10-17,9:32:11.046751712,T,TGT,I,10,90.56
2025-10-17,9:32:11.112882005,T,TGT,F I,25,90.48
2025-10-17,9:32:11.112951113,T,TGT,F,143,90.48
2025-10-17,9:32:15.185135725,T,TGT,F I,2,90.53
2025-10-17,9:32:15.185166653,T,TGT,F I,2,90.54
2025-10-17,9:32:17.345320117,T,TGT,F I,50,90.58
2025-10-17,9:32:17.345341451,T,TGT,I,50,90.58
2025-10-17,9:32:17.345401362,T,TGT,F I,1,90.6
2025-10-17,9:32:32.958441778,T,TGT,,100,90.605
2025-10-17,9:32:32.960985806,T,TGT,,100,90.605
2025-10-17,9:32:38.262261413,T,TGT,F I,1,90.61
2025-10-17,9:32:50.006627032,T,TGT,I,1,90.62
2025-10-17,9:32:57.901037523,T,TGT,F,100,90.53
2025-10-17,9:32:57.901239053,T,TGT,I,7,90.55
2025-10-17,9:32:57.901242176,T,TGT,I,7,90.55
2025-10-17,9:32:57.901244985,T,TGT,I,34,90.55
2025-10-17,9:32:57.901290057,T,TGT,I,13,90.55
2025-10-17,9:32:57.901293097,T,TGT,,150,90.56
2025-10-17,9:32:57.901296152,T,TGT,F I,19,90.565
2025-10-17,9:32:57.901305186,T,TGT,F I,18,90.565
2025-10-17,9:32:57.901305186,T,TGT,F I,1,90.52
2025-10-17,9:32:57.901314252,T,TGT,F I,18,90.52
2025-10-17,9:32:57.901371534,T,TGT,F I,18,90.53
2025-10-17,9:32:57.901497567,T,TGT,I,32,90.55
2025-10-17,9:32:57.901530750,T,TGT,I,1,90.53
2025-10-17,9:32:57.901548713,T,TGT,F I,12,90.55
2025-10-17,9:32:57.901556421,T,TGT,F I,52,90.53
2025-10-17,9:32:57.901606155,T,TGT,I,28,90.55
2025-10-17,9:32:57.901609647,T,TGT,I,25,90.58
2025-10-17,9:32:57.901635979,T,TGT,F,100,90.52
2025-10-17,9:32:57.901813402,T,TGT,F I,22,90.53
2025-10-17,9:32:57.902114117,T,TGT,I,7,90.55
2025-10-17,9:32:57.902598231,T,TGT,,100,90.53
2025-10-17,9:32:57.902601266,T,TGT,,100,90.54
2025-10-17,9:32:57.902601266,T,TGT,I,43,90.54
2025-10-17,9:32:57.902604281,T,TGT,I,6,90.54
2025-10-17,9:32:57.902604281,T,TGT,,112,90.54
2025-10-17,9:32:57.902622349,T,TGT,I,1,90.54
2025-10-17,9:32:57.903100482,T,TGT,F,100,90.52
2025-10-17,9:32:57.981310991,T,TGT,I,1,90.53
2025-10-17,9:32:57.981313740,T,TGT,I,44,90.59
2025-10-17,9:32:59.142674642,T,TGT,F,100,90.6
2025-10-17,9:33:01.130007173,T,TGT,F I,25,90.6
2025-10-17,9:33:08.397433352,T,TGT,I,1,90.7
2025-10-17,9:33:08.397433352,T,TGT,I,5,90.7
2025-10-17,9:33:08.397442031,T,TGT,I,6,90.71
2025-10-17,9:33:08.397553274,T,TGT,I,4,90.71
2025-10-17,9:33:08.397796835,T,TGT,F I,2,90.72
2025-10-17,9:33:08.397971235,T,TGT,F I,1,90.73
2025-10-17,9:33:08.920613401,T,TGT,F I,3,90.8
2025-10-17,9:33:10.048681905,T,TGT,F,100,90.78
2025-10-17,9:33:21.497304864,T,TGT,F,100,90.79
2025-10-17,9:33:31.076551430,T,TGT,F I,1,90.85
2025-10-17,9:33:31.076843041,T,TGT,F I,1,90.85
2025-10-17,9:33:33.393782026,T,TGT,I,50,90.8
2025-10-17,9:33:33.393782026,T,TGT,I,25,90.8
2025-10-17,9:33:33.393784999,T,TGT,,100,90.8
2025-10-17,9:33:33.393787943,T,TGT,,200,90.79
2025-10-17,9:33:33.393857133,T,TGT,F,100,90.79
2025-10-17,9:33:33.394371307,T,TGT,F,100,90.79
2025-10-17,9:33:33.394443534,T,TGT,F I,22,90.78
2025-10-17,9:33:33.394994125,T,TGT,F I,10,90.77
2025-10-17,9:33:35.792617861,T,TGT,F I,18,90.74
2025-10-17,9:33:35.792620857,T,TGT,I,14,90.8
2025-10-17,9:33:35.792660487,T,TGT,F I,1,90.73
2025-10-17,9:33:35.792927661,T,TGT,F I,20,90.72
2025-10-17,9:33:35.792927661,T,TGT,F I,2,90.72
2025-10-17,9:33:35.792933705,T,TGT,F I,98,90.72
2025-10-17,9:33:35.793226049,T,TGT,I,10,90.72
2025-10-17,9:33:35.793231903,T,TGT,F I,3,90.71
2025-10-17,9:33:35.793231903,T,TGT,F,129,90.71
2025-10-17,9:33:35.796614379,T,TGT,F I,4,90.69
2025-10-17,9:33:35.796614379,T,TGT,F,100,90.69
2025-10-17,9:33:35.799510323,T,TGT,F,100,90.695
2025-10-17,9:33:35.843604839,T,TGT,I,25,90.68
2025-10-17,9:33:35.843604839,T,TGT,,100,90.67
2025-10-17,9:33:35.843607532,T,TGT,,100,90.66
2025-10-17,9:33:35.843607532,T,TGT,I,1,90.66
2025-10-17,9:33:35.843625469,T,TGT,I,1,90.66
2025-10-17,9:33:35.844088480,T,TGT,F I,11,90.66
2025-10-17,9:33:35.844145796,T,TGT,I,67,90.7
2025-10-17,9:33:35.844166735,T,TGT,I,1,90.695
2025-10-17,9:33:35.844202826,T,TGT,F I,67,90.695
2025-10-17,9:33:43.019585592,T,TGT,I,38,90.73
2025-10-17,9:33:43.019585592,T,TGT,I,50,90.7
2025-10-17,9:33:43.019588266,T,TGT,I,25,90.7
2025-10-17,9:33:43.019591265,T,TGT,I,91,90.67
2025-10-17,9:33:46.302772526,T,TGT,F I,67,90.66
2025-10-17,9:33:46.302772526,T,TGT,F I,35,90.66
2025-10-17,9:34:06.460764202,T,TGT,I,25,90.75
2025-10-17,9:34:07.893711103,T,TGT,F,100,90.72
2025-10-17,9:34:07.946309408,T,TGT,I,2,90.71
2025-10-17,9:34:13.280381227,T,TGT,I,10,90.78
2025-10-17,9:34:13.280624778,T,TGT,F I,1,90.79
2025-10-17,9:34:13.280675959,T,TGT,,1486,90.8
2025-10-17,9:34:13.280732980,T,TGT,,100,90.8
2025-10-17,9:34:16.035244340,T,TGT,F I,1,90.85
2025-10-17,9:34:16.036167514,T,TGT,F I,4,90.9
2025-10-17,9:34:16.036171116,T,TGT,F I,25,90.9
2025-10-17,9:34:16.036426153,T,TGT,F I,1,90.91
2025-10-17,9:34:16.036712343,T,TGT,,100,90.91
2025-10-17,9:34:16.237671536,T,TGT,I,2,90.87
2025-10-17,9:34:16.655324623,T,TGT,I,98,90.86
2025-10-17,9:34:37.114016064,T,TGT,F,100,90.81
2025-10-17,9:34:37.114310812,T,TGT,F,2600,90.8
2025-10-17,9:34:37.114470148,T,TGT,F I,2,90.77
2025-10-17,9:34:37.114825508,T,TGT,F I,2,90.76
2025-10-17,9:34:37.114858146,T,TGT,F I,6,90.75
2025-10-17,9:34:37.115035928,T,TGT,F I,1,90.76
2025-10-17,9:34:37.115053943,T,TGT,I,1,90.76
2025-10-17,9:34:37.115053943,T,TGT,I,99,90.77
2025-10-17,9:34:37.115056591,T,TGT,I,2,90.76
2025-10-17,9:34:37.115119691,T,TGT,I,1,90.76
2025-10-17,9:34:37.115288273,T,TGT,F I,99,90.76
2025-10-17,9:34:37.115306135,T,TGT,I,1,90.76
2025-10-17,9:34:37.115318137,T,TGT,I,1,90.77
2025-10-17,9:34:37.115318137,T,TGT,,100,90.77
2025-10-17,9:34:37.115603852,T,TGT,F I,1,90.75
2025-10-17,9:34:37.372845713,T,TGT,I,18,90.78
2025-10-17,9:34:39.637935042,T,TGT,I,6,90.78
2025-10-17,9:34:40.484698382,T,TGT,F,100,90.75
2025-10-17,9:34:46.224977889,T,TGT,I,18,90.78
2025-10-17,9:34:53.988270040,T,TGT,I,6,90.755
2025-10-17,9:34:57.019088674,T,TGT,I,3,90.755
2025-10-17,9:34:58.990161569,T,TGT,I,5,90.76
2025-10-17,9:35:02.895686005,T,TGT,F I,1,90.66
2025-10-17,9:35:02.895688995,T,TGT,F I,1,90.66
2025-10-17,9:35:02.895692184,T,TGT,,198,90.66
2025-10-17,9:35:02.895728173,T,TGT,F I,1,90.65
2025-10-17,9:35:13.057029709,T,TGT,I,21,90.72
2025-10-17,9:35:13.057089433,T,TGT,F I,33,90.72
2025-10-17,9:35:13.057116570,T,TGT,F,100,90.73
2025-10-17,9:35:13.057116570,T,TGT,F I,1,90.73
2025-10-17,9:35:13.057156235,T,TGT,F I,91,90.73
2025-10-17,9:35:13.057158635,T,TGT,F I,3,90.73
2025-10-17,9:35:13.057168270,T,TGT,F I,6,90.73
2025-10-17,9:35:13.057233841,T,TGT,F,100,90.7
2025-10-17,9:35:13.057242788,T,TGT,F I,1,90.7
2025-10-17,9:35:13.057263865,T,TGT,F I,1,90.7
2025-10-17,9:35:13.057354038,T,TGT,F,100,90.68
2025-10-17,9:35:13.057354038,T,TGT,F I,59,90.67
2025-10-17,9:35:13.057763052,T,TGT,,100,90.72
2025-10-17,9:35:13.059350827,T,TGT,F,100,90.66
2025-10-17,9:35:13.059350827,T,TGT,F,100,90.66
2025-10-17,9:35:20.255816604,T,TGT,F I,85,90.65
2025-10-17,9:35:20.256012054,T,TGT,,100,90.65
2025-10-17,9:35:20.693864149,T,TGT,F,100,90.59
2025-10-17,9:35:20.694125751,T,TGT,F,100,90.59
2025-10-17,9:35:20.694128827,T,TGT,F I,29,90.6
2025-10-17,9:35:20.845525187,T,TGT,F I,5,90.55
2025-10-17,9:35:20.845525187,T,TGT,F I,1,90.55
2025-10-17,9:35:20.845572603,T,TGT,F I,5,90.55
2025-10-17,9:35:20.845620683,T,TGT,F I,5,90.55
2025-10-17,9:35:20.845668819,T,TGT,F I,5,90.55
2025-10-17,9:35:20.845713863,T,TGT,F I,5,90.55
2025-10-17,9:35:20.845759021,T,TGT,F I,5,90.55
2025-10-17,9:35:20.845804164,T,TGT,F I,5,90.55
2025-10-17,9:35:20.845849268,T,TGT,F I,5,90.55
2025-10-17,9:35:23.253863578,T,TGT,F I,1,90.54
2025-10-17,9:35:23.253866242,T,TGT,F I,4,90.54
2025-10-17,9:35:28.994076471,T,TGT,I,5,90.54
2025-10-17,9:35:29.473481687,T,TGT,I,25,90.56
2025-10-17,9:35:29.473481687,T,TGT,I,75,90.58
2025-10-17,9:35:38.996028133,T,TGT,I,5,90.54
2025-10-17,9:35:41.715328527,T,TGT,F I,10,90.54
2025-10-17,9:35:45.680256275,T,TGT,,100,90.58
2025-10-17,9:35:52.057859887,T,TGT,F I,1,90.5
2025-10-17,9:35:52.057859887,T,TGT,F,100,90.5
2025-10-17,9:35:52.057862211,T,TGT,F I,5,90.5
2025-10-17,9:35:52.057916560,T,TGT,,100,90.5
2025-10-17,9:35:52.058343350,T,TGT,F,100,90.49
2025-10-17,9:35:52.058533650,T,TGT,F I,3,90.48
2025-10-17,9:35:52.058536120,T,TGT,F I,3,90.48
2025-10-17,9:35:52.058538864,T,TGT,F I,3,90.48
2025-10-17,9:35:52.058641129,T,TGT,F I,3,90.47
2025-10-17,9:35:52.058641129,T,TGT,F I,3,90.47
2025-10-17,9:35:52.058905671,T,TGT,F I,2,90.45
2025-10-17,9:35:52.058905671,T,TGT,F I,3,90.45
2025-10-17,9:35:52.303625795,T,TGT,,100,90.44
2025-10-17,9:35:52.313871222,T,TGT,I,50,90.38
2025-10-17,9:35:57.731467002,T,TGT,,100,90.445
2025-10-17,9:36:02.979744354,T,TGT,F I,63,90.38
2025-10-17,9:36:02.979750440,T,TGT,F I,1,90.38
2025-10-17,9:36:02.979789475,T,TGT,F I,36,90.38
2025-10-17,9:36:09.442895108,T,TGT,F I,5,90.43
2025-10-17,9:36:09.442895108,T,TGT,F I,53,90.43
2025-10-17,9:36:09.442955241,T,TGT,F I,2,90.44
2025-10-17,9:36:09.443611205,T,TGT,I,53,90.46
2025-10-17,9:36:09.443611205,T,TGT,I,25,90.46
2025-10-17,9:36:12.241603458,T,TGT,F I,5,90.48
2025-10-17,9:36:12.241606434,T,TGT,F I,24,90.48
2025-10-17,9:36:12.241608705,T,TGT,F,100,90.48
2025-10-17,9:36:12.241611730,T,TGT,F,200,90.48
2025-10-17,9:36:12.241626809,T,TGT,I,25,90.48
2025-10-17,9:36:12.241897457,T,TGT,,100,90.48
2025-10-17,9:36:12.241897457,T,TGT,,100,90.48
2025-10-17,9:36:12.241918418,T,TGT,I,1,90.48
2025-10-17,9:36:12.242462758,T,TGT,I,50,90.48
2025-10-17,9:36:12.242528977,T,TGT,I,5,90.49
2025-10-17,9:36:12.243404018,T,TGT,F I,1,90.5
2025-10-17,9:36:12.243692750,T,TGT,F I,1,90.5
2025-10-17,9:36:12.243978376,T,TGT,F I,1,90.51
2025-10-17,9:36:14.993942881,T,TGT,F,100,90.57
2025-10-17,9:36:14.993942881,T,TGT,F I,5,90.58
2025-10-17,9:36:14.993960924,T,TGT,F I,95,90.58
2025-10-17,9:36:14.993963952,T,TGT,F I,5,90.58
2025-10-17,9:36:14.993987906,T,TGT,I,1,90.58
2025-10-17,9:36:14.993991352,T,TGT,I,8,90.58
2025-10-17,9:36:21.213203619,T,TGT,I,65,90.49
2025-10-17,9:36:22.445695805,T,TGT,I,13,90.46
2025-10-17,9:36:22.445795035,T,TGT,F I,87,90.46
2025-10-17,9:36:24.154616124,T,TGT,F I,12,90.49
2025-10-17,9:36:28.398693178,T,TGT,F I,5,90.54
2025-10-17,9:36:29.005926909,T,TGT,I,5,90.55
2025-10-17,9:36:31.664708104,T,TGT,F,100,90.47
2025-10-17,9:36:31.664825839,T,TGT,F,100,90.49
2025-10-17,9:36:31.664828638,T,TGT,F I,5,90.49
2025-10-17,9:36:31.664897619,T,TGT,,100,90.49
2025-10-17,9:37:20.215503702,T,TGT,I,2,90.51
2025-10-17,9:37:20.215801633,T,TGT,F I,5,90.52
2025-10-17,9:37:20.215804413,T,TGT,F I,16,90.53
2025-10-17,9:37:20.215807715,T,TGT,F I,4,90.53
2025-10-17,9:37:20.216213377,T,TGT,I,4,90.51
2025-10-17,9:37:20.216219421,T,TGT,F I,5,90.52
2025-10-17,9:37:20.216231469,T,TGT,I,6,90.52
2025-10-17,9:37:20.216234500,T,TGT,I,5,90.52
2025-10-17,9:37:20.216243932,T,TGT,F I,11,90.51
2025-10-17,9:37:20.216246487,T,TGT,F I,6,90.51
2025-10-17,9:37:20.216246487,T,TGT,F I,1,90.51
2025-10-17,9:37:20.216288799,T,TGT,F I,16,90.51
2025-10-17,9:37:20.216292872,T,TGT,F I,11,90.51
2025-10-17,9:37:20.216292872,T,TGT,F I,11,90.51
2025-10-17,9:37:20.216298131,T,TGT,F I,44,90.51
2025-10-17,9:37:20.216298131,T,TGT,F I,11,90.52
2025-10-17,9:37:20.216298131,T,TGT,F I,17,90.52
2025-10-17,9:37:20.216300828,T,TGT,F I,17,90.52
2025-10-17,9:37:20.216300828,T,TGT,I,25,90.51
2025-10-17,9:37:20.216375790,T,TGT,F I,4,90.52
2025-10-17,9:37:20.216411927,T,TGT,F I,11,90.52
2025-10-17,9:37:20.216426885,T,TGT,F I,14,90.52
2025-10-17,9:37:20.216475043,T,TGT,F I,11,90.52
2025-10-17,9:37:20.754570941,T,TGT,F I,5,90.59
2025-10-17,9:37:21.301820742,T,TGT,F I,85,90.66
2025-10-17,9:37:21.301820742,T,TGT,F I,8,90.66
2025-10-17,9:37:21.301826715,T,TGT,F I,2,90.66
2025-10-17,9:37:21.301932085,T,TGT,I,25,90.64
2025-10-17,9:37:21.301935117,T,TGT,I,48,90.63
2025-10-17,9:37:21.301935117,T,TGT,I,17,90.63
2025-10-17,9:37:21.302235693,T,TGT,F I,7,90.64
2025-10-17,9:37:21.302283809,T,TGT,I,48,90.64
2025-10-17,9:37:21.302286846,T,TGT,I,16,90.64
2025-10-17,9:37:22.337581260,T,TGT,F I,42,90.64
2025-10-17,9:37:28.297365836,T,TGT,I,31,90.65
2025-10-17,9:37:28.297365836,T,TGT,I,11,90.65
2025-10-17,9:37:31.306809456,T,TGT,F,100,90.7
2025-10-17,9:37:39.087717610,T,TGT,,100,90.78
2025-10-17,9:37:39.650060273,T,TGT,,100,90.73
2025-10-17,9:37:40.241650667,T,TGT,F I,4,90.73
2025-10-17,9:37:43.650458167,T,TGT,F I,50,90.68
2025-10-17,9:37:43.650460718,T,TGT,F,100,90.67
2025-10-17,9:37:43.650463724,T,TGT,F I,50,90.67
2025-10-17,9:37:43.650482344,T,TGT,I,50,90.67
2025-10-17,9:37:47.351636399,T,TGT,F I,5,90.72
2025-10-17,9:37:49.354879956,T,TGT,I,1,90.68
2025-10-17,9:37:57.800783227,T,TGT,I,10,90.695
2025-10-17,9:37:59.864155417,T,TGT,F I,5,90.74
2025-10-17,9:37:59.864158333,T,TGT,F I,12,90.7
2025-10-17,9:37:59.864158333,T,TGT,F I,8,90.7
2025-10-17,9:38:07.076324184,T,TGT,F I,1,90.79
2025-10-17,9:38:07.076324184,T,TGT,F I,1,90.79
2025-10-17,9:38:07.076610154,T,TGT,I,6,90.8
2025-10-17,9:38:07.076612796,T,TGT,,103,90.8
2025-10-17,9:38:07.076615825,T,TGT,I,6,90.8
2025-10-17,9:38:07.076634139,T,TGT,I,1,90.8
2025-10-17,9:38:07.077683439,T,TGT,F I,1,90.84
2025-10-17,9:38:10.747416066,T,TGT,F I,4,90.83
2025-10-17,9:38:10.748661128,T,TGT,,100,90.82
2025-10-17,9:38:10.751535957,T,TGT,F,164,90.83
2025-10-17,9:38:14.623184662,T,TGT,F I,5,90.88
2025-10-17,9:38:14.623214791,T,TGT,I,4,90.88
2025-10-17,9:38:14.688686773,T,TGT,F I,5,90.86
2025-10-17,9:38:14.688918305,T,TGT,F I,5,90.85
2025-10-17,9:38:14.688921296,T,TGT,F I,25,90.83
2025-10-17,9:38:14.688921296,T,TGT,F I,45,90.83
2025-10-17,9:38:18.375464187,T,TGT,F I,10,90.89
2025-10-17,9:38:18.986080809,T,TGT,I,2,90.92
2025-10-17,9:38:18.986147013,T,TGT,,449,90.92
2025-10-17,9:38:18.986393612,T,TGT,F,250,90.93
2025-10-17,9:38:18.986420643,T,TGT,F,174,90.93
2025-10-17,9:38:18.986429675,T,TGT,,1176,90.93
2025-10-17,9:38:21.474097199,T,TGT,F,299,90.88
2025-10-17,9:38:21.474097199,T,TGT,F,150,90.88
2025-10-17,9:38:21.474112186,T,TGT,I,1,90.88
2025-10-17,9:38:21.474118969,T,TGT,I,50,90.88
2025-10-17,9:38:21.474118969,T,TGT,I,50,90.88
2025-10-17,9:38:21.474121820,T,TGT,I,1,90.88
2025-10-17,9:38:21.474199493,T,TGT,,100,90.88
2025-10-17,9:38:36.529855842,T,TGT,I,3,90.895
2025-10-17,9:38:39.820652721,T,TGT,I,1,90.895
2025-10-17,9:38:42.370442265,T,TGT,I,4,90.895
2025-10-17,9:38:44.178265258,T,TGT,I,2,90.86
2025-10-17,9:38:47.553731861,T,TGT,I,41,90.91
2025-10-17,9:38:55.492022932,T,TGT,I,5,90.895
2025-10-17,9:38:57.065449835,T,TGT,F I,9,90.86
2025-10-17,9:38:57.065449835,T,TGT,F I,3,90.86
2025-10-17,9:38:57.065470567,T,TGT,F I,7,90.86
2025-10-17,9:38:57.065470567,T,TGT,F I,20,90.86
2025-10-17,9:38:57.614100549,T,TGT,F I,3,90.84
2025-10-17,9:38:57.614100549,T,TGT,F,100,90.84
2025-10-17,9:38:57.614164111,T,TGT,I,7,90.84
2025-10-17,9:38:57.614653913,T,TGT,I,93,90.84
2025-10-17,9:38:58.996945002,T,TGT,I,4,90.88
2025-10-17,9:39:00.439039674,T,TGT,,200,90.88
2025-10-17,9:39:00.443009131,T,TGT,,100,90.91
2025-10-17,9:39:00.443012105,T,TGT,,100,90.91
2025-10-17,9:39:05.446927454,T,TGT,F,100,90.89
2025-10-17,9:39:05.723884158,T,TGT,F,100,90.87
2025-10-17,9:39:07.444748966,T,TGT,I,23,90.85
2025-10-17,9:39:07.444770286,T,TGT,I,1,90.85
2025-10-17,9:39:07.444775996,T,TGT,F I,41,90.85
2025-10-17,9:39:07.444848146,T,TGT,F I,81,90.84
2025-10-17,9:39:07.444851357,T,TGT,F I,5,90.84
2025-10-17,9:39:07.444851357,T,TGT,F I,4,90.84
2025-10-17,9:39:07.444872323,T,TGT,I,1,90.84
2025-10-17,9:39:14.524900808,T,TGT,F I,3,90.82
2025-10-17,9:39:14.524903669,T,TGT,F I,3,90.82
2025-10-17,9:39:14.753418104,T,TGT,F I,8,90.82
2025-10-17,9:39:15.461451848,T,TGT,I,16,90.82
2025-10-17,9:39:19.209446642,T,TGT,F I,4,90.8
2025-10-17,9:39:19.209494138,T,TGT,I,1,90.8
2025-10-17,9:39:19.209581360,T,TGT,I,17,90.8
2025-10-17,9:39:19.209584384,T,TGT,I,3,90.8
2025-10-17,9:39:19.211860806,T,TGT,I,9,90.79
2025-10-17,9:39:21.498484407,T,TGT,,100,90.78
2025-10-17,9:39:29.837197358,T,TGT,I,17,90.85
2025-10-17,9:39:42.318991836,T,TGT,I,10,90.81
2025-10-17,9:39:45.464978750,T,TGT,F I,25,90.86
2025-10-17,9:39:48.626341362,T,TGT,I,65,90.855
2025-10-17,9:39:52.149393654,T,TGT,I,10,90.855
2025-10-17,9:39:59.840171019,T,TGT,I,15,90.91
2025-10-17,9:40:00.886279213,T,TGT,F,100,90.85
2025-10-17,9:40:09.030645552,T,TGT,F I,33,90.9
2025-10-17,9:40:09.030645552,T,TGT,F I,8,90.9
2025-10-17,9:40:09.030645552,T,TGT,F I,2,90.9
2025-10-17,9:40:10.095575398,T,TGT,I,25,90.93
2025-10-17,9:40:10.095620524,T,TGT,I,75,90.93
2025-10-17,9:40:10.095623424,T,TGT,I,18,90.93
2025-10-17,9:40:13.436414552,T,TGT,F I,1,90.95
2025-10-17,9:40:19.844570446,T,TGT,F I,1,90.93
2025-10-17,9:40:19.844570446,T,TGT,F I,1,90.93
2025-10-17,9:40:19.844573188,T,TGT,F I,99,90.93
2025-10-17,9:40:23.282240068,T,TGT,F I,24,90.93
2025-10-17,9:40:36.043141556,T,TGT,F,100,90.89
2025-10-17,9:40:36.043186620,T,TGT,F I,10,90.89
2025-10-17,9:40:36.043694782,T,TGT,F,100,90.9
2025-10-17,9:40:36.262739696,T,TGT,I,18,90.91
2025-10-17,9:40:36.262742679,T,TGT,I,20,90.91
2025-10-17,9:40:36.262817792,T,TGT,F I,10,90.91
2025-10-17,9:40:39.014282950,T,TGT,I,4,90.9
2025-10-17,9:40:39.339853622,T,TGT,F I,5,90.88
2025-10-17,9:40:39.339973921,T,TGT,I,8,90.87
2025-10-17,9:40:39.339976876,T,TGT,,100,90.87
2025-10-17,9:40:42.403991432,T,TGT,I,85,90.85
2025-10-17,9:40:42.404223022,T,TGT,I,50,90.85
2025-10-17,9:40:43.781573365,T,TGT,I,1,90.83
2025-10-17,9:40:43.781934247,T,TGT,I,1,90.83
2025-10-17,9:40:44.551437524,T,TGT,I,1,90.81
2025-10-17,9:40:56.380590095,T,TGT,F I,4,90.77
2025-10-17,9:40:56.380686357,T,TGT,F I,5,90.75
2025-10-17,9:40:56.381002120,T,TGT,F I,57,90.74
2025-10-17,9:40:59.611400519,T,TGT,F,100,90.72
2025-10-17,9:40:59.611403178,T,TGT,F I,1,90.72
2025-10-17,9:40:59.611403178,T,TGT,F,200,90.72
2025-10-17,9:40:59.611496430,T,TGT,I,76,90.72
2025-10-17,9:40:59.611496430,T,TGT,I,25,90.72
2025-10-17,9:40:59.612037664,T,TGT,F,100,90.72
2025-10-17,9:40:59.614449417,T,TGT,I,27,90.72
2025-10-17,9:40:59.614479465,T,TGT,F I,14,90.72
2025-10-17,9:41:00.273770148,T,TGT,I,10,90.7
2025-10-17,9:41:28.688299425,T,TGT,F I,40,90.69
2025-10-17,9:41:28.689159499,T,TGT,F I,25,90.72
2025-10-17,9:41:28.689661716,T,TGT,I,25,90.705
2025-10-17,9:41:29.023664466,T,TGT,I,3,90.71
2025-10-17,9:41:29.023727604,T,TGT,F I,97,90.71
2025-10-17,9:41:33.017314046,T,TGT,I,1,90.71
2025-10-17,9:41:43.977582615,T,TGT,F,100,90.66
2025-10-17,9:41:43.977585623,T,TGT,F I,11,90.66
2025-10-17,9:41:43.977627717,T,TGT,F I,1,90.65
2025-10-17,9:41:45.650230594,T,TGT,I,4,90.64
2025-10-17,9:41:50.385747333,T,TGT,I,18,90.62
2025-10-17,9:41:52.483734649,T,TGT,F I,1,90.59
2025-10-17,9:41:52.484095439,T,TGT,I,35,90.59
2025-10-17,9:41:52.509307455,T,TGT,I,14,90.59
2025-10-17,9:41:52.509334581,T,TGT,F I,14,90.59
2025-10-17,9:41:52.707434538,T,TGT,F I,14,90.6
2025-10-17,9:41:52.707434538,T,TGT,F I,41,90.6
2025-10-17,9:42:18.168011332,T,TGT,I,7,90.55
2025-10-17,9:42:18.168059378,T,TGT,F I,32,90.55
2025-10-17,9:42:18.168420275,T,TGT,F,100,90.56
2025-10-17,9:42:18.168444297,T,TGT,F I,26,90.56
2025-10-17,9:42:18.170985452,T,TGT,I,25,90.58
2025-10-17,9:42:19.003049626,T,TGT,F I,7,90.59
2025-10-17,9:42:19.581709228,T,TGT,F I,5,90.6
2025-10-17,9:42:19.581709228,T,TGT,F I,12,90.6
2025-10-17,9:42:19.582331680,T,TGT,F I,10,90.62
2025-10-17,9:42:19.582352781,T,TGT,F I,2,90.63
2025-10-17,9:42:19.582445988,T,TGT,,150,90.61
2025-10-17,9:42:19.582449239,T,TGT,I,21,90.61
2025-10-17,9:42:19.582452113,T,TGT,I,5,90.61
2025-10-17,9:42:19.582452113,T,TGT,,100,90.61
2025-10-17,9:42:19.582455039,T,TGT,I,35,90.61
2025-10-17,9:42:19.582836895,T,TGT,I,5,90.63
2025-10-17,9:42:19.583005374,T,TGT,F,100,90.63
2025-10-17,9:42:20.445736748,T,TGT,F I,2,90.64
2025-10-17,9:42:20.451218750,T,TGT,F,144,90.63
2025-10-17,9:42:20.451224785,T,TGT,F,208,90.63
2025-10-17,9:42:20.451242949,T,TGT,F,636,90.63
2025-10-17,9:42:20.451245805,T,TGT,F I,55,90.63
2025-10-17,9:42:21.073100308,T,TGT,F,100,90.62
2025-10-17,9:42:21.099361839,T,TGT,I,10,90.62
2025-10-17,9:42:21.682760731,T,TGT,F I,86,90.66
2025-10-17,9:42:30.914147553,T,TGT,F,100,90.61
2025-10-17,9:42:30.922077451,T,TGT,F,100,90.58
2025-10-17,9:42:33.509973855,T,TGT,I,5,90.56
2025-10-17,9:42:33.511242847,T,TGT,I,11,90.56
2025-10-17,9:42:45.882106140,T,TGT,I,5,90.54
2025-10-17,9:42:45.890285635,T,TGT,I,24,90.55
2025-10-17,9:42:58.361275157,T,TGT,I,2,90.54
2025-10-17,9:42:58.687747948,T,TGT,I,25,90.56
2025-10-17,9:42:58.687750925,T,TGT,I,21,90.57
2025-10-17,9:42:58.687750925,T,TGT,I,75,90.57
2025-10-17,9:42:58.687765948,T,TGT,I,1,90.57
2025-10-17,9:42:58.687790016,T,TGT,F I,18,90.57
2025-10-17,9:42:58.687793089,T,TGT,F I,6,90.57
2025-10-17,9:42:58.687913729,T,TGT,F I,5,90.58
2025-10-17,9:42:58.687913729,T,TGT,F I,50,90.58
2025-10-17,9:42:58.688123874,T,TGT,,100,90.58
2025-10-17,9:42:58.688226113,T,TGT,F,100,90.58
2025-10-17,9:42:58.688325314,T,TGT,F I,67,90.58
2025-10-17,9:42:58.762069957,T,TGT,F I,5,90.6
2025-10-17,9:42:59.904404438,T,TGT,I,3,90.6
2025-10-17,9:43:04.341830183,T,TGT,F I,10,90.57
2025-10-17,9:43:09.088154717,T,TGT,I,2,90.535
2025-10-17,9:43:22.142814079,T,TGT,I,3,90.555
2025-10-17,9:43:25.965906143,T,TGT,F I,24,90.51
2025-10-17,9:43:25.966218943,T,TGT,F I,1,90.5
2025-10-17,9:43:25.966218943,T,TGT,F I,5,90.5
2025-10-17,9:43:25.966222181,T,TGT,F I,4,90.5
2025-10-17,9:43:25.966226039,T,TGT,F I,11,90.5
2025-10-17,9:43:25.966226039,T,TGT,F I,1,90.5
2025-10-17,9:43:25.966227961,T,TGT,F I,1,90.5
2025-10-17,9:43:25.966231483,T,TGT,F I,1,90.5
2025-10-17,9:43:25.966375357,T,TGT,,100,90.52
2025-10-17,9:43:25.966375357,T,TGT,I,28,90.52
2025-10-17,9:43:25.966378571,T,TGT,I,25,90.52
2025-10-17,9:43:25.966396308,T,TGT,I,1,90.52
2025-10-17,9:43:25.966420432,T,TGT,I,24,90.52
2025-10-17,9:43:25.966420432,T,TGT,I,12,90.53
2025-10-17,9:43:25.966423371,T,TGT,I,24,90.53
2025-10-17,9:43:25.966426489,T,TGT,I,40,90.53
2025-10-17,9:43:25.966426489,T,TGT,,200,90.53
2025-10-17,9:43:25.966429586,T,TGT,F I,24,90.5
2025-10-17,9:43:25.966429586,T,TGT,F,100,90.5
2025-10-17,9:43:25.966432539,T,TGT,F I,25,90.5
2025-10-17,9:43:25.966435876,T,TGT,F I,28,90.5
2025-10-17,9:43:25.966456740,T,TGT,I,1,90.52
2025-10-17,9:43:25.966522571,T,TGT,I,24,90.51
2025-10-17,9:43:25.966522571,T,TGT,I,76,90.51
2025-10-17,9:43:25.966579708,T,TGT,F I,5,90.52
2025-10-17,9:43:25.966582888,T,TGT,F I,1,90.53
2025-10-17,9:43:25.966588795,T,TGT,F I,1,90.52
2025-10-17,9:43:25.966696996,T,TGT,F I,66,90.52
2025-10-17,9:43:25.966724530,T,TGT,I,1,90.52
2025-10-17,9:43:25.967033808,T,TGT,I,12,90.52
2025-10-17,9:43:25.967067313,T,TGT,F I,21,90.52
2025-10-17,9:43:25.967070683,T,TGT,F,100,90.52
2025-10-17,9:43:25.967070683,T,TGT,F I,6,90.52
2025-10-17,9:43:25.967075900,T,TGT,F I,30,90.52
2025-10-17,9:43:25.967075900,T,TGT,F I,30,90.52
2025-10-17,9:43:25.967075900,T,TGT,F I,25,90.52
2025-10-17,9:43:25.967169155,T,TGT,I,13,90.52
2025-10-17,9:43:25.967169155,T,TGT,I,1,90.52
2025-10-17,9:43:25.967319464,T,TGT,I,2,90.53
2025-10-17,9:43:25.967343568,T,TGT,F I,2,90.53
2025-10-17,9:43:25.968625502,T,TGT,I,2,90.53
2025-10-17,9:43:25.968625502,T,TGT,I,3,90.53
2025-10-17,9:43:25.968627623,T,TGT,I,24,90.53
2025-10-17,9:43:25.969520808,T,TGT,F I,2,90.53
2025-10-17,9:43:34.913215092,T,TGT,I,5,90.52
2025-10-17,9:43:34.913215092,T,TGT,I,28,90.52
2025-10-17,9:43:34.913239199,T,TGT,F I,25,90.52
2025-10-17,9:43:34.913239199,T,TGT,F I,75,90.51
2025-10-17,9:43:34.913257249,T,TGT,I,1,90.51
2025-10-17,9:43:34.913278799,T,TGT,F I,24,90.51
2025-10-17,9:43:34.913281319,T,TGT,F I,18,90.51
2025-10-17,9:43:39.063649006,T,TGT,F I,13,90.55
2025-10-17,9:43:54.486110504,T,TGT,F I,1,90.5
2025-10-17,9:43:54.486110504,T,TGT,F I,4,90.5
2025-10-17,9:43:54.486116390,T,TGT,F,200,90.5
2025-10-17,9:43:54.486116390,T,TGT,F,109,90.5
2025-10-17,9:43:54.749529092,T,TGT,F I,1,90.48
2025-10-17,9:43:54.749553012,T,TGT,I,1,90.48
2025-10-17,9:43:54.749823919,T,TGT,F I,2,90.48
2025-10-17,9:43:54.749935231,T,TGT,F I,1,90.49
2025-10-17,9:43:54.749938253,T,TGT,F I,24,90.49
2025-10-17,9:43:54.751189056,T,TGT,I,1,90.48
2025-10-17,9:43:54.751189056,T,TGT,I,24,90.48
2025-10-17,9:43:54.751192516,T,TGT,I,25,90.48
2025-10-17,9:44:09.069957546,T,TGT,I,3,90.5
2025-10-17,9:44:09.129664902,T,TGT,F I,1,90.51
2025-10-17,9:44:09.129664902,T,TGT,F I,10,90.51
2025-10-17,9:44:09.129737128,T,TGT,I,7,90.51
2025-10-17,9:44:09.129740017,T,TGT,F I,2,90.51
2025-10-17,9:44:09.130485753,T,TGT,F I,5,90.53
2025-10-17,9:44:09.130485753,T,TGT,F I,1,90.53
2025-10-17,9:44:18.685434348,T,TGT,F I,5,90.52
2025-10-17,9:44:18.685446371,T,TGT,F I,25,90.52
2025-10-17,9:44:18.685503573,T,TGT,F I,2,90.52
2025-10-17,9:44:33.348637768,T,TGT,I,1,90.53
2025-10-17,9:44:33.348706998,T,TGT,I,4,90.53
2025-10-17,9:44:33.348728035,T,TGT,I,5,90.53
2025-10-17,9:44:33.348761116,T,TGT,I,8,90.53
2025-10-17,9:44:33.348764469,T,TGT,I,8,90.53
2025-10-17,9:44:33.348764469,T,TGT,I,7,90.53
2025-10-17,9:44:33.348767154,T,TGT,I,4,90.53
2025-10-17,9:44:33.348920451,T,TGT,I,13,90.525
2025-10-17,9:44:33.348929514,T,TGT,I,12,90.525
2025-10-17,9:44:33.348929514,T,TGT,I,13,90.525
2025-10-17,9:44:33.348932494,T,TGT,I,8,90.525
2025-10-17,9:44:34.594837517,T,TGT,I,4,90.49
2025-10-17,9:44:34.594839763,T,TGT,I,1,90.49
2025-10-17,9:44:34.606745076,T,TGT,I,1,90.48
2025-10-17,9:44:34.606745076,T,TGT,I,4,90.48
2025-10-17,9:44:41.249983217,T,TGT,F I,2,90.51
2025-10-17,9:44:41.249983217,T,TGT,F I,1,90.51
2025-10-17,9:44:42.562147042,T,TGT,F I,4,90.47
2025-10-17,9:44:42.562165032,T,TGT,F I,35,90.47
2025-10-17,9:44:42.562168121,T,TGT,F I,40,90.47
2025-10-17,9:44:42.562525954,T,TGT,F,100,90.46
2025-10-17,9:44:42.562525954,T,TGT,F I,13,90.46
2025-10-17,9:44:43.081815001,T,TGT,F I,15,90.46
2025-10-17,9:44:43.081815001,T,TGT,F I,19,90.46
2025-10-17,9:44:45.618355110,T,TGT,,100,90.48
2025-10-17,9:44:50.335224592,T,TGT,F I,5,90.49
2025-10-17,9:44:50.335287733,T,TGT,,100,90.49
2025-10-17,9:44:59.091280691,T,TGT,I,2,90.48
2025-10-17,9:45:10.203592480,T,TGT,F I,11,90.49
2025-10-17,9:45:10.203598749,T,TGT,F I,11,90.49
2025-10-17,9:45:10.203598749,T,TGT,F I,2,90.49
2025-10-17,9:45:10.203600898,T,TGT,F I,5,90.5
2025-10-17,9:45:10.203603739,T,TGT,F I,47,90.5
2025-10-17,9:45:10.203603739,T,TGT,F I,25,90.5
2025-10-17,9:45:10.203630787,T,TGT,I,1,90.5
2025-10-17,9:45:10.204418684,T,TGT,F,197,90.51
2025-10-17,9:45:10.204993018,T,TGT,F I,5,90.52
2025-10-17,9:45:10.222864593,T,TGT,,100,90.52
2025-10-17,9:45:10.223048085,T,TGT,F I,62,90.53
2025-10-17,9:45:14.442974412,T,TGT,F I,4,90.55
2025-10-17,9:45:19.532684177,T,TGT,F I,14,90.57
2025-10-17,9:45:19.532684177,T,TGT,F I,21,90.57
2025-10-17,9:45:19.532690188,T,TGT,F I,5,90.57
2025-10-17,9:45:19.532690188,T,TGT,F I,10,90.57
2025-10-17,9:45:20.633333299,T,TGT,I,41,90.58
2025-10-17,9:45:20.633333299,T,TGT,I,37,90.58
2025-10-17,9:45:20.641401569,T,TGT,I,2,90.575
2025-10-17,9:45:22.431903502,T,TGT,F,200,90.55
2025-10-17,9:45:22.431903502,T,TGT,F,100,90.55
2025-10-17,9:45:22.432366337,T,TGT,F I,5,90.54
2025-10-17,9:45:22.432366337,T,TGT,F I,5,90.54
2025-10-17,9:45:22.883287596,T,TGT,I,1,90.53
2025-10-17,9:45:22.883290570,T,TGT,I,99,90.53
2025-10-17,9:45:24.004710295,T,TGT,F I,27,90.54
2025-10-17,9:45:24.004710295,T,TGT,F I,14,90.54
2025-10-17,9:45:26.336537535,T,TGT,I,25,90.55
2025-10-17,9:45:26.336540620,T,TGT,,150,90.55
2025-10-17,9:45:29.096094863,T,TGT,I,3,90.55
2025-10-17,9:45:41.080588529,T,TGT,I,84,90.565
2025-10-17,9:45:47.308702465,T,TGT,F I,1,90.53
2025-10-17,9:45:47.308825850,T,TGT,F I,1,90.52
2025-10-17,9:45:50.706557719,T,TGT,I,24,90.52
2025-10-17,9:45:50.706578338,T,TGT,F I,76,90.52
2025-10-17,9:45:50.706578338,T,TGT,F I,5,90.52
2025-10-17,9:45:53.060174836,T,TGT,I,5,90.51
2025-10-17,9:45:53.060174836,T,TGT,I,20,90.51
2025-10-17,9:45:53.060180619,T,TGT,I,27,90.51
2025-10-17,9:45:53.060180619,T,TGT,I,15,90.51
2025-10-17,9:45:58.959770711,T,TGT,F I,50,90.48
2025-10-17,9:46:01.132467817,T,TGT,F I,25,90.49
2025-10-17,9:46:01.132470892,T,TGT,F I,12,90.5
2025-10-17,9:46:01.132470892,T,TGT,F I,63,90.5
2025-10-17,9:46:01.132488895,T,TGT,F I,37,90.5
2025-10-17,9:46:03.674387781,T,TGT,F I,5,90.47
2025-10-17,9:46:03.674390729,T,TGT,F I,5,90.47
2025-10-17,9:46:03.841519929,T,TGT,F I,4,90.45
2025-10-17,9:46:03.841519929,T,TGT,F I,4,90.45
2025-10-17,9:46:03.842407176,T,TGT,I,10,90.45
2025-10-17,9:46:03.842407176,T,TGT,I,90,90.46
2025-10-17,9:46:03.842464177,T,TGT,I,2,90.45
2025-10-17,9:46:03.842512231,T,TGT,I,1,90.45
2025-10-17,9:46:03.842569380,T,TGT,I,97,90.45
2025-10-17,9:46:03.842569380,T,TGT,I,1,90.45
2025-10-17,9:46:03.851085715,T,TGT,I,17,90.45
2025-10-17,9:46:06.288771138,T,TGT,I,23,90.48
2025-10-17,9:46:06.288786256,T,TGT,F I,1,90.48
2025-10-17,9:46:19.608241230,T,TGT,I,5,90.505
2025-10-17,9:46:21.444875853,T,TGT,,100,90.49
2025-10-17,9:46:21.445916253,T,TGT,,100,90.47
2025-10-17,9:46:26.846566716,T,TGT,I,1,90.48
2025-10-17,9:46:38.486024459,T,TGT,I,10,90.46
2025-10-17,9:46:38.486024459,T,TGT,I,25,90.46
2025-10-17,9:46:38.486024459,T,TGT,I,28,90.46
2025-10-17,9:46:47.111437486,T,TGT,F I,1,90.49
2025-10-17,9:46:51.823209717,T,TGT,F I,1,90.49
2025-10-17,9:46:53.232222577,T,TGT,F I,85,90.48
2025-10-17,9:46:53.232225639,T,TGT,F I,15,90.49
2025-10-17,9:46:53.232270700,T,TGT,I,85,90.49
2025-10-17,9:46:55.017395549,T,TGT,F I,29,90.5
2025-10-17,9:46:55.017395549,T,TGT,F I,5,90.5
2025-10-17,9:46:58.458466466,T,TGT,I,2,90.485
2025-10-17,9:47:03.995248377,T,TGT,I,11,90.5
2025-10-17,9:47:03.995248377,T,TGT,I,10,90.5
2025-10-17,9:47:04.065450901,T,TGT,F I,36,90.55
2025-10-17,9:47:04.065450901,T,TGT,F I,25,90.55
2025-10-17,9:47:04.166028080,T,TGT,I,2,90.57
2025-10-17,9:47:22.857012036,T,TGT,F I,10,90.55
2025-10-17,9:47:25.317446802,T,TGT,F I,2,90.58
2025-10-17,9:47:25.317479917,T,TGT,F I,2,90.59
2025-10-17,9:47:25.317482841,T,TGT,F,134,90.59
2025-10-17,9:47:25.317500893,T,TGT,I,1,90.59
2025-10-17,9:47:25.317537001,T,TGT,F I,69,90.59
2025-10-17,9:47:25.317540029,T,TGT,F I,5,90.59
2025-10-17,9:47:25.322883766,T,TGT,I,17,90.59
2025-10-17,9:47:25.322883766,T,TGT,,383,90.6
2025-10-17,9:47:25.323665604,T,TGT,I,4,90.59
2025-10-17,9:47:25.366866559,T,TGT,I,1,90.57
2025-10-17,9:47:25.367702562,T,TGT,I,24,90.57
2025-10-17,9:47:25.378359853,T,TGT,I,23,90.56
2025-10-17,9:47:35.016195282,T,TGT,I,4,90.57
2025-10-17,9:47:35.016198222,T,TGT,I,23,90.57
2025-10-17,9:47:39.116908785,T,TGT,I,3,90.57
2025-10-17,9:47:39.794762550,T,TGT,F,117,90.6
2025-10-17,9:47:39.794765947,T,TGT,F I,6,90.6
2025-10-17,9:47:39.794765947,T,TGT,F I,11,90.6
2025-10-17,9:47:39.794780644,T,TGT,I,1,90.6
2025-10-17,9:47:40.423530556,T,TGT,I,77,90.62
2025-10-17,9:47:43.927186682,T,TGT,F I,1,90.62
2025-10-17,9:47:43.927246831,T,TGT,I,2,90.62
2025-10-17,9:47:43.927286035,T,TGT,,100,90.62
2025-10-17,9:47:43.927288904,T,TGT,I,10,90.62
2025-10-17,9:47:47.393947702,T,TGT,I,5,90.6
2025-10-17,9:47:49.119852470,T,TGT,I,3,90.6
2025-10-17,9:47:51.935102435,T,TGT,F I,97,90.6
2025-10-17,9:47:53.037895737,T,TGT,I,23,90.6
2025-10-17,9:48:03.888216565,T,TGT,F I,2,90.63
2025-10-17,9:48:03.888216565,T,TGT,F I,25,90.62
2025-10-17,9:48:03.888219446,T,TGT,F I,50,90.62
2025-10-17,9:48:03.959374946,T,TGT,I,35,90.61
2025-10-17,9:48:03.959675651,T,TGT,I,63,90.64
2025-10-17,9:48:12.665347457,T,TGT,I,13,90.68
2025-10-17,9:48:12.668038294,T,TGT,I,2,90.69
2025-10-17,9:48:13.777799167,T,TGT,F I,3,90.69
2025-10-17,9:48:13.778698299,T,TGT,F I,2,90.72
2025-10-17,9:48:14.121063872,T,TGT,F I,13,90.74
2025-10-17,9:48:16.212113966,T,TGT,F I,1,90.79
2025-10-17,9:48:17.360423263,T,TGT,,100,90.775
2025-10-17,9:48:22.207087859,T,TGT,F I,5,90.76
2025-10-17,9:48:22.207090977,T,TGT,F I,1,90.76
2025-10-17,9:48:22.207151076,T,TGT,I,5,90.75
2025-10-17,9:48:22.207154023,T,TGT,I,5,90.75
2025-10-17,9:48:22.207157052,T,TGT,,100,90.75
2025-10-17,9:48:22.247296717,T,TGT,,100,90.74
2025-10-17,9:48:22.249353668,T,TGT,,100,90.72
2025-10-17,9:48:22.852506521,T,TGT,I,12,90.74
2025-10-17,9:48:30.031242131,T,TGT,F I,50,90.76
2025-10-17,9:48:32.483578453,T,TGT,,100,90.755
2025-10-17,9:48:32.483629605,T,TGT,,100,90.755
2025-10-17,9:48:35.034402738,T,TGT,F I,16,90.79
2025-10-17,9:48:35.034405492,T,TGT,F I,5,90.79
2025-10-17,9:48:37.478887323,T,TGT,F I,3,90.8
2025-10-17,9:48:37.478887323,T,TGT,F I,30,90.8
2025-10-17,9:48:37.478893152,T,TGT,F I,32,90.8
2025-10-17,9:48:37.478893152,T,TGT,F I,6,90.8
2025-10-17,9:48:37.478893152,T,TGT,I,4,90.8
2025-10-17,9:48:37.479040537,T,TGT,F I,6,90.81
2025-10-17,9:48:37.479082652,T,TGT,F I,4,90.81
2025-10-17,9:48:40.617314023,T,TGT,F I,1,90.8
2025-10-17,9:48:44.922932712,T,TGT,F I,18,90.82
2025-10-17,9:48:52.012671394,T,TGT,F,100,90.81
2025-10-17,9:48:52.012674245,T,TGT,F I,40,90.81
2025-10-17,9:48:52.012674245,T,TGT,F I,1,90.81
2025-10-17,9:48:52.014084872,T,TGT,F I,1,90.77
2025-10-17,9:49:00.062402148,T,TGT,I,52,90.8
2025-10-17,9:49:00.062407952,T,TGT,I,48,90.8
2025-10-17,9:49:00.062422769,T,TGT,F I,52,90.8
2025-10-17,9:49:00.062426042,T,TGT,F I,15,90.8
2025-10-17,9:49:00.062426042,T,TGT,F I,11,90.8
2025-10-17,9:49:00.062428687,T,TGT,F I,10,90.8
2025-10-17,9:49:02.727269424,T,TGT,F,100,90.78
2025-10-17,9:49:08.825221028,T,TGT,F,100,90.75
2025-10-17,9:49:08.826682553,T,TGT,I,16,90.75
2025-10-17,9:49:09.732503530,T,TGT,F I,3,90.75
2025-10-17,9:49:10.358492929,T,TGT,I,18,90.75
2025-10-17,9:49:19.134213318,T,TGT,I,3,90.76
2025-10-17,9:49:46.166126565,T,TGT,F I,1,90.72
2025-10-17,9:49:46.173403878,T,TGT,I,73,90.76
2025-10-17,9:49:55.858697969,T,TGT,F I,26,90.71
2025-10-17,9:49:55.858800227,T,TGT,F I,2,90.7
2025-10-17,9:49:55.858800227,T,TGT,F I,3,90.7
2025-10-17,9:49:57.716857845,T,TGT,F,100,90.71
2025-10-17,9:49:58.823079252,T,TGT,F I,4,90.71
2025-10-17,9:50:00.799519873,T,TGT,F I,3,90.71
2025-10-17,9:50:06.147902844,T,TGT,,100,90.69
2025-10-17,9:50:09.392966763,T,TGT,I,5,90.71
2025-10-17,9:50:15.272369853,T,TGT,,150,90.71
2025-10-17,9:50:15.272369853,T,TGT,I,50,90.71
2025-10-17,9:50:21.081462365,T,TGT,I,1,90.745
2025-10-17,9:50:37.748673749,T,TGT,F I,1,90.79
2025-10-17,9:50:37.749990208,T,TGT,F I,10,90.81
2025-10-17,9:50:37.784539526,T,TGT,F,100,90.82
2025-10-17,9:50:37.784578889,T,TGT,I,19,90.81
2025-10-17,9:50:37.784581635,T,TGT,,100,90.81
2025-10-17,9:50:39.595087630,T,TGT,,100,90.83
2025-10-17,9:50:39.595090258,T,TGT,,100,90.83
2025-10-17,9:50:39.595092926,T,TGT,,100,90.83
2025-10-17,9:50:39.597871556,T,TGT,F I,1,90.84
2025-10-17,9:50:39.598479101,T,TGT,F I,5,90.85
2025-10-17,9:50:39.598509080,T,TGT,F I,20,90.85
2025-10-17,9:50:43.018770631,T,TGT,F,100,90.82
2025-10-17,9:50:43.018854679,T,TGT,,100,90.82
2025-10-17,9:50:43.018875781,T,TGT,I,1,90.82
2025-10-17,9:50:43.860141970,T,TGT,I,90,90.83
2025-10-17,9:50:43.860166010,T,TGT,F I,10,90.83
2025-10-17,9:50:50.527127345,T,TGT,F,100,90.79
2025-10-17,9:50:57.129266036,T,TGT,I,5,90.8
2025-10-17,9:51:10.008739910,T,TGT,,100,90.83
2025-10-17,9:51:10.008760870,T,TGT,I,1,90.83
2025-10-17,9:51:10.008766874,T,TGT,I,99,90.83
2025-10-17,9:51:10.008818018,T,TGT,I,2,90.84
2025-10-17,9:51:13.203966009,T,TGT,,100,90.85
2025-10-17,9:51:15.917550549,T,TGT,F I,4,90.79
2025-10-17,9:51:15.917550549,T,TGT,F I,22,90.79
2025-10-17,9:51:19.147656147,T,TGT,I,3,90.815
2025-10-17,9:51:34.276642427,T,TGT,I,24,90.77
2025-10-17,9:51:37.877643490,T,TGT,F,100,90.81
2025-10-17,9:51:53.751011001,T,TGT,F I,5,90.88
2025-10-17,9:51:55.616532696,T,TGT,I,1,90.88
2025-10-17,9:51:55.616535391,T,TGT,I,30,90.85
2025-10-17,9:51:55.616553410,T,TGT,I,1,90.85
2025-10-17,9:51:55.616583530,T,TGT,F I,25,90.85
2025-10-17,9:51:59.171292168,T,TGT,I,4,90.855
2025-10-17,9:52:18.680405289,T,TGT,F,100,90.86
2025-10-17,9:52:18.804751498,T,TGT,F I,51,90.88
2025-10-17,9:52:18.804782109,T,TGT,F I,49,90.88
2025-10-17,9:52:18.804784634,T,TGT,F I,50,90.88
2025-10-17,9:52:18.805190540,T,TGT,I,60,90.87
2025-10-17,9:52:18.805563488,T,TGT,,100,90.855
2025-10-17,9:52:18.806167944,T,TGT,I,21,90.83
2025-10-17,9:52:19.325027287,T,TGT,,100,90.86
2025-10-17,9:52:19.325027287,T,TGT,,100,90.86
2025-10-17,9:52:23.060333957,T,TGT,F,100,90.84
2025-10-17,9:52:23.061630064,T,TGT,F,100,90.82
2025-10-17,9:52:23.062222506,T,TGT,F,100,90.82
2025-10-17,9:52:23.239921795,T,TGT,F I,32,90.825
2025-10-17,9:52:23.239925254,T,TGT,F I,68,90.825
2025-10-17,9:52:23.239927899,T,TGT,F I,31,90.82
2025-10-17,9:52:23.239948875,T,TGT,I,1,90.82
2025-10-17,9:52:23.239954954,T,TGT,F I,99,90.82
2025-10-17,9:52:23.239960905,T,TGT,,100,90.83
2025-10-17,9:52:23.239990945,T,TGT,I,1,90.83
2025-10-17,9:52:23.239990945,T,TGT,I,4,90.82
2025-10-17,9:52:23.240156421,T,TGT,F I,96,90.82
2025-10-17,9:52:23.240156421,T,TGT,F I,1,90.82
2025-10-17,9:52:25.816240815,T,TGT,F I,50,90.81
2025-10-17,9:52:31.219164413,T,TGT,I,14,90.77
2025-10-17,9:52:31.219182473,T,TGT,I,65,90.77
2025-10-17,9:52:31.219206534,T,TGT,I,97,90.77
2025-10-17,9:52:34.432725416,T,TGT,F I,40,90.79
2025-10-17,9:52:34.432731347,T,TGT,F,100,90.79
2025-10-17,9:52:34.432749420,T,TGT,I,1,90.79
2025-10-17,9:52:47.217133730,T,TGT,I,25,90.73
2025-10-17,9:52:47.217422578,T,TGT,I,5,90.72
2025-10-17,9:52:47.217422578,T,TGT,I,95,90.72
2025-10-17,9:52:47.217485982,T,TGT,F I,2,90.72
2025-10-17,9:52:47.217488595,T,TGT,I,98,90.72
2025-10-17,9:52:47.217569731,T,TGT,,100,90.72
2025-10-17,9:52:47.217954636,T,TGT,F I,13,90.73
2025-10-17,9:52:47.221572297,T,TGT,I,5,90.72
2025-10-17,9:52:47.221593338,T,TGT,I,1,90.72
2025-10-17,9:52:47.221626406,T,TGT,F I,1,90.73
2025-10-17,9:52:47.221632546,T,TGT,I,94,90.72
2025-10-17,9:52:47.221635442,T,TGT,,100,90.72
2025-10-17,9:52:47.221653684,T,TGT,I,1,90.72
2025-10-17,9:52:47.221665471,T,TGT,F I,3,90.73
2025-10-17,9:52:47.221774063,T,TGT,I,3,90.72
2025-10-17,9:52:55.661371121,T,TGT,I,4,90.73
2025-10-17,9:52:55.661374231,T,TGT,,100,90.73
2025-10-17,9:52:55.661374231,T,TGT,I,1,90.73
2025-10-17,9:52:55.661413310,T,TGT,F I,10,90.73
2025-10-17,9:52:55.662113945,T,TGT,I,3,90.73
2025-10-17,9:52:55.662143997,T,TGT,I,97,90.73
2025-10-17,9:52:56.663204893,T,TGT,I,4,90.73
2025-10-17,9:52:56.663207875,T,TGT,I,4,90.73
2025-10-17,9:52:56.663207875,T,TGT,,118,90.73
2025-10-17,9:52:56.663229024,T,TGT,I,82,90.73
2025-10-17,9:52:56.664071038,T,TGT,F I,4,90.73
2025-10-17,9:52:56.664071038,T,TGT,F I,8,90.74
2025-10-17,9:52:56.664281475,T,TGT,F I,8,90.73
2025-10-17,9:52:56.679368380,T,TGT,I,27,90.71
2025-10-17,9:52:56.679657539,T,TGT,F I,5,90.71
2025-10-17,9:52:56.679657539,T,TGT,F,100,90.71
2025-10-17,9:52:56.679660124,T,TGT,F,200,90.71
2025-10-17,9:52:59.817548772,T,TGT,I,3,90.71
2025-10-17,9:52:59.817570277,T,TGT,I,1,90.71
2025-10-17,9:52:59.817608886,T,TGT,F I,34,90.71
2025-10-17,9:53:00.890129171,T,TGT,I,1,90.7
2025-10-17,9:53:00.890129171,T,TGT,I,94,90.7
2025-10-17,9:53:00.890150072,T,TGT,F I,5,90.7
2025-10-17,9:53:02.018877222,T,TGT,F I,1,90.69
2025-10-17,9:53:02.018877222,T,TGT,F I,99,90.69
2025-10-17,9:53:02.018886547,T,TGT,F I,2,90.68
2025-10-17,9:53:02.018886547,T,TGT,F I,3,90.68
2025-10-17,9:53:02.018886547,T,TGT,F I,95,90.68
2025-10-17,9:53:02.019141859,T,TGT,F I,15,90.67
2025-10-17,9:53:04.845566528,T,TGT,F,100,90.68
2025-10-17,9:53:04.845566528,T,TGT,F I,32,90.68
2025-10-17,9:53:04.845894322,T,TGT,I,50,90.68
2025-10-17,9:53:04.845915305,T,TGT,F I,50,90.68
2025-10-17,9:53:04.845954398,T,TGT,I,5,90.69
2025-10-17,9:53:04.846071863,T,TGT,,100,90.69
2025-10-17,9:53:11.519381121,T,TGT,F I,3,90.68
2025-10-17,9:53:16.682324210,T,TGT,F,100,90.66
2025-10-17,9:53:16.682327237,T,TGT,F,100,90.66
2025-10-17,9:53:25.653780637,T,TGT,I,3,90.665
2025-10-17,9:53:25.653783677,T,TGT,I,58,90.65
2025-10-17,9:53:28.413112473,T,TGT,F I,50,90.69
2025-10-17,9:53:28.420101171,T,TGT,I,50,90.69
2025-10-17,9:53:28.420101171,T,TGT,I,50,90.7
2025-10-17,9:53:28.421343125,T,TGT,F I,50,90.7
2025-10-17,9:53:28.422449765,T,TGT,I,10,90.71
2025-10-17,9:53:28.458129800,T,TGT,F I,25,90.72
2025-10-17,9:53:28.556515155,T,TGT,F I,1,90.73
2025-10-17,9:53:34.641905940,T,TGT,I,50,90.72
2025-10-17,9:53:46.074052626,T,TGT,F,100,90.69
2025-10-17,9:54:04.731885790,T,TGT,I,10,90.64
2025-10-17,9:54:07.187199243,T,TGT,,100,90.67
2025-10-17,9:54:07.187217398,T,TGT,F I,94,90.67
2025-10-17,9:54:07.194632984,T,TGT,I,99,90.67
2025-10-17,9:54:23.086741217,T,TGT,I,7,90.69
2025-10-17,9:54:23.086741217,T,TGT,I,1,90.69
2025-10-17,9:54:28.724879373,T,TGT,F I,1,90.66
2025-10-17,9:54:28.724885379,T,TGT,F,100,90.66
2025-10-17,9:54:28.724885379,T,TGT,F I,68,90.66
2025-10-17,9:54:37.340182302,T,TGT,I,2,90.62
2025-10-17,9:54:37.402027639,T,TGT,I,30,90.61
2025-10-17,9:54:42.277997132,T,TGT,F,100,90.64
2025-10-17,9:54:43.478006049,T,TGT,I,11,90.61
2025-10-17,9:54:43.478039467,T,TGT,I,7,90.61
2025-10-17,9:54:43.478042077,T,TGT,I,7,90.61
2025-10-17,9:54:43.478045378,T,TGT,I,7,90.61
2025-10-17,9:54:43.478048055,T,TGT,I,4,90.61
2025-10-17,9:54:43.478213532,T,TGT,I,38,90.62
2025-10-17,9:54:43.478369848,T,TGT,I,62,90.62
2025-10-17,9:54:43.478372915,T,TGT,I,1,90.61
2025-10-17,9:54:43.478397360,T,TGT,I,27,90.61
2025-10-17,9:54:43.478397360,T,TGT,I,10,90.61
2025-10-17,9:54:43.478481717,T,TGT,,100,90.63
2025-10-17,9:54:43.478481717,T,TGT,I,20,90.63
2025-10-17,9:54:43.478484297,T,TGT,I,24,90.63
2025-10-17,9:54:43.478505233,T,TGT,I,21,90.63
2025-10-17,9:54:49.222008382,T,TGT,I,3,90.65
2025-10-17,9:54:49.908047857,T,TGT,F I,1,90.63
2025-10-17,9:54:50.704245611,T,TGT,I,20,90.62
2025-10-17,9:54:50.704245611,T,TGT,I,12,90.62
2025-10-17,9:54:50.704269936,T,TGT,F I,61,90.62
2025-10-17,9:54:50.704273258,T,TGT,F I,92,90.62
2025-10-17,9:54:50.704275746,T,TGT,F I,1,90.62
2025-10-17,9:54:50.704275746,T,TGT,F I,50,90.62
2025-10-17,9:54:50.704278706,T,TGT,F I,49,90.62
2025-10-17,9:54:50.715116572,T,TGT,I,5,90.62
2025-10-17,9:54:53.472674238,T,TGT,F I,1,90.61
2025-10-17,9:54:56.209644660,T,TGT,F I,2,90.6
2025-10-17,9:54:56.209644660,T,TGT,F I,8,90.6
2025-10-17,9:54:56.210429707,T,TGT,F I,50,90.59
2025-10-17,9:54:57.101256832,T,TGT,I,7,90.55
2025-10-17,9:54:58.345804833,T,TGT,F,100,90.6
2025-10-17,9:54:58.345807789,T,TGT,F I,5,90.61
2025-10-17,9:54:58.345807789,T,TGT,F I,41,90.61
2025-10-17,9:54:58.345855874,T,TGT,F I,59,90.61
2025-10-17,9:54:58.345858932,T,TGT,F I,1,90.61
2025-10-17,9:55:03.056338086,T,TGT,F I,7,90.64
2025-10-17,9:55:03.056647903,T,TGT,F I,1,90.64
2025-10-17,9:55:03.056738074,T,TGT,F I,2,90.64
2025-10-17,9:55:03.057098883,T,TGT,F I,12,90.64
2025-10-17,9:55:03.065522045,T,TGT,F I,77,90.64
2025-10-17,9:55:09.187001628,T,TGT,I,27,90.65
2025-10-17,9:55:09.187031758,T,TGT,F I,1,90.65
2025-10-17,9:55:09.187034812,T,TGT,F I,72,90.65
2025-10-17,9:55:21.715509372,T,TGT,I,30,90.62
2025-10-17,9:55:27.902470753,T,TGT,F I,1,90.62
2025-10-17,9:55:30.274945235,T,TGT,I,1,90.62
2025-10-17,9:55:30.280968594,T,TGT,I,5,90.62
2025-10-17,9:55:30.281080273,T,TGT,F I,95,90.62
2025-10-17,9:55:30.281080273,T,TGT,F I,40,90.61
2025-10-17,9:55:30.281085986,T,TGT,F,100,90.61
2025-10-17,9:55:30.281085986,T,TGT,F I,45,90.61
2025-10-17,9:55:30.281100940,T,TGT,I,1,90.61
2025-10-17,9:55:30.281164012,T,TGT,I,54,90.61
2025-10-17,9:55:30.281164012,T,TGT,I,29,90.61
2025-10-17,9:55:30.281167020,T,TGT,I,11,90.61
2025-10-17,9:55:30.282192537,T,TGT,I,10,90.595
2025-10-17,9:55:33.439922509,T,TGT,,138,90.595
2025-10-17,9:55:33.439922509,T,TGT,,100,90.595
2025-10-17,9:55:33.439926617,T,TGT,,255,90.595
2025-10-17,9:55:33.439926617,T,TGT,I,40,90.57
2025-10-17,9:55:33.439928591,T,TGT,,100,90.57
2025-10-17,9:55:33.439931491,T,TGT,,100,90.57
2025-10-17,9:55:33.439943543,T,TGT,F,267,90.57
2025-10-17,9:55:46.410059370,T,TGT,F I,3,90.595
2025-10-17,9:55:49.298013479,T,TGT,I,3,90.595
2025-10-17,9:55:49.299519974,T,TGT,I,1,90.595
2025-10-17,9:56:00.038133357,T,TGT,I,96,90.585
2025-10-17,9:56:03.867120451,T,TGT,F I,1,90.56
2025-10-17,9:56:03.867122450,T,TGT,F I,6,90.56
2025-10-17,9:56:03.867483348,T,TGT,I,9,90.56
2025-10-17,9:56:03.867486367,T,TGT,,100,90.56
2025-10-17,9:56:03.868147987,T,TGT,F I,43,90.55
2025-10-17,9:56:03.868361413,T,TGT,,100,90.56
2025-10-17,9:56:03.868364545,T,TGT,I,10,90.56
2025-10-17,9:56:03.868364545,T,TGT,I,6,90.56
2025-10-17,9:56:04.150259190,T,TGT,F I,61,90.56
2025-10-17,9:56:04.150263105,T,TGT,F I,13,90.56
2025-10-17,9:56:04.150268056,T,TGT,F I,22,90.56
2025-10-17,9:56:04.150268056,T,TGT,F I,9,90.56
2025-10-17,9:56:04.150268056,T,TGT,F I,7,90.56
2025-10-17,9:56:13.666496269,T,TGT,I,16,90.5
2025-10-17,9:56:13.666781912,T,TGT,F I,26,90.52
2025-10-17,9:56:13.666790998,T,TGT,I,55,90.5
2025-10-17,9:56:13.666875225,T,TGT,F,100,90.51
2025-10-17,9:56:20.875595011,T,TGT,,100,90.485
2025-10-17,9:56:20.879540458,T,TGT,I,5,90.46
2025-10-17,9:56:25.237604092,T,TGT,F I,13,90.5
2025-10-17,9:56:25.237607113,T,TGT,F I,1,90.5
2025-10-17,9:56:25.237889710,T,TGT,F I,1,90.51
2025-10-17,9:56:25.241417160,T,TGT,F I,5,90.53
2025-10-17,9:56:27.936169940,T,TGT,I,14,90.55
2025-10-17,9:56:27.936281240,T,TGT,F I,42,90.55
2025-10-17,9:56:27.936281240,T,TGT,F,100,90.55
2025-10-17,9:56:27.936897747,T,TGT,F,100,90.55
2025-10-17,9:56:27.937150311,T,TGT,F,100,90.56
2025-10-17,9:56:29.255015944,T,TGT,I,3,90.57
2025-10-17,9:56:30.638870855,T,TGT,I,1,90.565
2025-10-17,9:56:34.621586137,T,TGT,I,14,90.54
2025-10-17,9:56:39.304203922,T,TGT,I,3,90.565
2025-10-17,9:56:40.418854391,T,TGT,I,20,90.52
2025-10-17,9:56:40.419221326,T,TGT,,100,90.52
2025-10-17,9:56:40.438575347,T,TGT,F I,5,90.54
2025-10-17,9:57:05.737552763,T,TGT,,100,90.535
2025-10-17,9:57:08.504531875,T,TGT,F,150,90.58
2025-10-17,9:57:08.504534830,T,TGT,F I,19,90.58
2025-10-17,9:57:28.598499162,T,TGT,F I,5,90.6
2025-10-17,9:57:28.598501965,T,TGT,F I,86,90.6
2025-10-17,9:57:28.598520335,T,TGT,I,1,90.6
2025-10-17,9:57:39.784695489,T,TGT,F I,19,90.56
2025-10-17,9:57:39.784704568,T,TGT,F I,43,90.56
2025-10-17,9:57:58.767671917,T,TGT,I,5,90.59
2025-10-17,9:57:58.767674907,T,TGT,I,40,90.59
2025-10-17,9:57:59.108606128,T,TGT,F I,1,90.59
2025-10-17,9:58:20.245500484,T,TGT,F,150,90.51
2025-10-17,9:58:20.245503286,T,TGT,F I,36,90.51
2025-10-17,9:58:20.245503286,T,TGT,F I,5,90.51
2025-10-17,9:58:20.245506070,T,TGT,F I,59,90.51
2025-10-17,9:58:20.245683559,T,TGT,F,100,90.5
2025-10-17,9:58:20.245824892,T,TGT,F,100,90.5
2025-10-17,9:58:25.745516247,T,TGT,F,100,90.47
2025-10-17,9:58:25.745519227,T,TGT,F,100,90.47
2025-10-17,9:58:28.644608872,T,TGT,I,4,90.49
2025-10-17,9:58:30.123923213,T,TGT,F,100,90.49
2025-10-17,9:58:34.982228421,T,TGT,I,5,90.49
2025-10-17,9:58:36.807814653,T,TGT,F,100,90.49
2025-10-17,9:58:38.015924812,T,TGT,I,2,90.45
2025-10-17,9:58:38.015943844,T,TGT,F I,3,90.45
2025-10-17,9:58:38.015948871,T,TGT,F,100,90.45
2025-10-17,9:58:38.016258537,T,TGT,F,100,90.45
2025-10-17,9:58:38.016562274,T,TGT,I,5,90.45
2025-10-17,9:58:38.016613454,T,TGT,I,10,90.45
2025-10-17,9:58:38.016616439,T,TGT,I,90,90.46
2025-10-17,9:58:38.016634449,T,TGT,I,1,90.46
2025-10-17,9:58:38.016637527,T,TGT,F I,9,90.46
2025-10-17,9:58:42.515701017,T,TGT,I,48,90.48
2025-10-17,9:58:46.341409223,T,TGT,F I,1,90.46
2025-10-17,9:58:46.341430283,T,TGT,I,47,90.46
2025-10-17,9:58:46.341433367,T,TGT,I,17,90.46
2025-10-17,9:58:46.341436545,T,TGT,I,16,90.46
2025-10-17,9:58:46.341436545,T,TGT,I,15,90.46
2025-10-17,9:58:46.341439281,T,TGT,I,1,90.46
2025-10-17,9:58:48.320459962,T,TGT,I,1,90.435
2025-10-17,9:58:48.332157814,T,TGT,F I,24,90.43
2025-10-17,9:58:50.005464264,T,TGT,I,2,90.43
2025-10-17,9:58:50.257308275,T,TGT,I,49,90.46
2025-10-17,9:58:50.257329363,T,TGT,I,1,90.46
2025-10-17,9:59:02.197406965,T,TGT,F I,24,90.42
2025-10-17,9:59:09.284375734,T,TGT,I,3,90.42
2025-10-17,9:59:10.498334850,T,TGT,F I,10,90.4
2025-10-17,9:59:10.498686669,T,TGT,I,1,90.4
2025-10-17,9:59:10.498689763,T,TGT,I,15,90.39
2025-10-17,9:59:10.498689763,T,TGT,I,2,90.39
2025-10-17,9:59:10.498692722,T,TGT,I,1,90.39
2025-10-17,9:59:10.498852141,T,TGT,I,63,90.4
2025-10-17,9:59:10.500190228,T,TGT,I,1,90.41
2025-10-17,9:59:10.500467148,T,TGT,F I,1,90.41
2025-10-17,9:59:10.500470287,T,TGT,F I,6,90.4
2025-10-17,9:59:10.500473714,T,TGT,F I,1,90.4
2025-10-17,9:59:10.500473714,T,TGT,F I,31,90.4
2025-10-17,9:59:10.500476021,T,TGT,F I,15,90.4
2025-10-17,9:59:10.500478938,T,TGT,F I,97,90.4
2025-10-17,9:59:12.184142083,T,TGT,I,1,90.38
2025-10-17,9:59:24.426214049,T,TGT,I,3,90.345
2025-10-17,9:59:24.549922775,T,TGT,I,1,90.345
2025-10-17,9:59:30.346168660,T,TGT,,100,90.325
2025-10-17,9:59:30.346168660,T,TGT,I,14,90.34
2025-10-17,9:59:30.346168660,T,TGT,,182,90.34
2025-10-17,9:59:30.346180601,T,TGT,I,1,90.34
2025-10-17,9:59:30.346204670,T,TGT,I,99,90.34
2025-10-17,9:59:30.346685825,T,TGT,,100,90.34
2025-10-17,9:59:30.346706896,T,TGT,I,1,90.34
2025-10-17,9:59:30.346730907,T,TGT,F I,99,90.34
2025-10-17,9:59:31.415146228,T,TGT,I,1,90.34
2025-10-17,9:59:38.215908082,T,TGT,F,100,90.31
2025-10-17,9:59:38.222493742,T,TGT,F I,13,90.29
2025-10-17,9:59:38.230484792,T,TGT,F I,87,90.29
2025-10-17,9:59:38.230484792,T,TGT,F I,13,90.28
2025-10-17,9:59:38.230486841,T,TGT,F I,13,90.28
2025-10-17,9:59:38.235604973,T,TGT,F I,68,90.28
2025-10-17,9:59:38.235626055,T,TGT,I,1,90.28
2025-10-17,9:59:38.235647122,T,TGT,I,18,90.28
2025-10-17,9:59:38.235740431,T,TGT,I,33,90.29
2025-10-17,9:59:41.047156177,T,TGT,F,114,90.29
2025-10-17,9:59:41.047159164,T,TGT,F I,86,90.29
2025-10-17,9:59:41.047712695,T,TGT,F I,14,90.29
2025-10-17,9:59:41.047712695,T,TGT,F I,33,90.29
2025-10-17,9:59:41.047716108,T,TGT,F I,73,90.29
2025-10-17,9:59:41.047716108,T,TGT,F,100,90.29
2025-10-17,9:59:41.047720016,T,TGT,F I,27,90.29
2025-10-17,9:59:41.047720016,T,TGT,F,100,90.29
2025-10-17,9:59:41.047724710,T,TGT,F,100,90.29
2025-10-17,9:59:41.047724710,T,TGT,F,100,90.29
2025-10-17,9:59:41.047727519,T,TGT,F I,14,90.29
2025-10-17,9:59:41.047733519,T,TGT,F,100,90.29
2025-10-17,9:59:41.047736892,T,TGT,F,100,90.29
2025-10-17,9:59:41.047736892,T,TGT,F I,36,90.29
2025-10-17,9:59:41.047739689,T,TGT,F,100,90.29
2025-10-17,9:59:41.049889662,T,TGT,F I,8,90.28
2025-10-17,9:59:44.906542789,T,TGT,F I,3,90.29
2025-10-17,9:59:44.906619803,T,TGT,I,1,90.29
2025-10-17,9:59:44.906625918,T,TGT,F I,1,90.3
2025-10-17,10:00:00.048085389,T,TGT,F I,12,90.27
2025-10-17,10:00:00.049740019,T,TGT,I,36,90.26
2025-10-17,10:00:00.050885111,T,TGT,F,100,90.27
2025-10-17,10:00:00.051149748,T,TGT,I,45,90.27
2025-10-17,10:00:00.051194811,T,TGT,F I,55,90.27
2025-10-17,10:00:00.053441239,T,TGT,,100,90.26
2025-10-17,10:00:00.056418314,T,TGT,F I,5,90.27
2025-10-17,10:00:00.056422119,T,TGT,F I,95,90.27
2025-10-17,10:00:00.057386557,T,TGT,F I,5,90.27
2025-10-17,10:00:01.142305393,T,TGT,F I,15,90.27
2025-10-17,10:00:01.142365475,T,TGT,F I,4,90.28
2025-10-17,10:00:01.145811739,T,TGT,I,80,90.28
2025-10-17,10:00:01.213716474,T,TGT,I,6,90.27
2025-10-17,10:00:01.694913838,T,TGT,I,23,90.26
2025-10-17,10:00:01.737853950,T,TGT,F I,7,90.26
2025-10-17,10:00:01.737853950,T,TGT,F I,1,90.25
2025-10-17,10:00:01.738418555,T,TGT,I,7,90.25
2025-10-17,10:00:03.606922868,T,TGT,F I,13,90.24
2025-10-17,10:00:03.621426544,T,TGT,F I,1,90.25
2025-10-17,10:00:03.621426544,T,TGT,F I,1,90.25
2025-10-17,10:00:03.621433061,T,TGT,F I,98,90.25
2025-10-17,10:00:03.621435433,T,TGT,F I,1,90.26
2025-10-17,10:00:03.621715113,T,TGT,F,100,90.26
2025-10-17,10:00:03.621718908,T,TGT,F I,11,90.26
2025-10-17,10:00:03.621718908,T,TGT,F I,3,90.26
2025-10-17,10:00:03.621721159,T,TGT,F I,1,90.26
2025-10-17,10:00:03.621736188,T,TGT,F I,85,90.26
2025-10-17,10:00:03.621736188,T,TGT,F I,15,90.26
2025-10-17,10:00:03.621739172,T,TGT,F I,85,90.26
2025-10-17,10:00:06.453691150,T,TGT,F I,14,90.23
2025-10-17,10:00:06.453691150,T,TGT,F I,1,90.23
2025-10-17,10:00:06.741681142,T,TGT,I,11,90.2
2025-10-17,10:00:06.741684017,T,TGT,,100,90.2
2025-10-17,10:00:06.750119087,T,TGT,F I,1,90.18
2025-10-17,10:00:06.750479968,T,TGT,I,99,90.18
2025-10-17,10:00:06.750540127,T,TGT,I,41,90.19
2025-10-17,10:00:06.750576221,T,TGT,F I,2,90.19
2025-10-17,10:00:06.789864925,T,TGT,I,1,90.19
2025-10-17,10:00:06.789867801,T,TGT,I,12,90.19
2025-10-17,10:00:09.294931859,T,TGT,I,2,90.235
2025-10-17,10:00:12.117435043,T,TGT,F,100,90.24
2025-10-17,10:00:15.262688198,T,TGT,,148,90.2
2025-10-17,10:00:15.262713146,T,TGT,F I,22,90.2
2025-10-17,10:00:15.262713146,T,TGT,F I,50,90.2
2025-10-17,10:00:15.262715230,T,TGT,F,210,90.2
2025-10-17,10:00:15.263223476,T,TGT,F,100,90.19
2025-10-17,10:00:15.617602788,T,TGT,F I,15,90.2
2025-10-17,10:00:30.090130692,T,TGT,F I,1,90.24
2025-10-17,10:00:30.090133595,T,TGT,F,100,90.24
2025-10-17,10:00:30.090178656,T,TGT,F,100,90.25
2025-10-17,10:00:30.090401867,T,TGT,I,50,90.24
2025-10-17,10:00:30.090404280,T,TGT,I,50,90.24
2025-10-17,10:00:31.139396342,T,TGT,F,100,90.29
2025-10-17,10:00:31.139399393,T,TGT,F I,2,90.29
2025-10-17,10:00:31.139399393,T,TGT,F I,1,90.29
2025-10-17,10:00:31.139408300,T,TGT,F I,2,90.29
2025-10-17,10:00:31.600899805,T,TGT,I,1,90.305
2025-10-17,10:00:32.482534266,T,TGT,I,6,90.31
2025-10-17,10:00:32.832011809,T,TGT,F,100,90.32
2025-10-17,10:00:32.832014812,T,TGT,F I,31,90.32
2025-10-17,10:00:32.832014812,T,TGT,F I,11,90.32
2025-10-17,10:00:32.832029824,T,TGT,F I,50,90.32
2025-10-17,10:00:35.344298827,T,TGT,,100,90.315
2025-10-17,10:00:39.299742099,T,TGT,I,1,90.335
2025-10-17,10:00:49.302075537,T,TGT,I,2,90.335
2025-10-17,10:01:03.163589710,T,TGT,F I,50,90.36
2025-10-17,10:01:03.163592758,T,TGT,F,100,90.36
2025-10-17,10:01:03.163692371,T,TGT,F,100,90.37
2025-10-17,10:01:03.163692371,T,TGT,F I,40,90.37
2025-10-17,10:01:03.163694939,T,TGT,F I,60,90.38
2025-10-17,10:01:03.163709955,T,TGT,F,140,90.38
2025-10-17,10:01:03.164176113,T,TGT,F I,1,90.38
2025-10-17,10:01:03.166539738,T,TGT,F I,70,90.37
2025-10-17,10:01:03.166684154,T,TGT,F I,30,90.37
2025-10-17,10:01:03.166684154,T,TGT,F I,10,90.36
2025-10-17,10:01:03.166741280,T,TGT,F I,53,90.36
2025-10-17,10:01:03.166756419,T,TGT,F I,37,90.36
2025-10-17,10:01:03.166759229,T,TGT,F I,23,90.36
2025-10-17,10:01:05.355409401,T,TGT,F I,25,90.35
2025-10-17,10:01:05.355409401,T,TGT,F I,75,90.34
2025-10-17,10:01:05.355427448,T,TGT,F I,25,90.34
2025-10-17,10:01:05.355430446,T,TGT,F I,50,90.34
2025-10-17,10:01:09.815959988,T,TGT,F I,28,90.36
2025-10-17,10:01:15.328296275,T,TGT,,100,90.355
2025-10-17,10:01:31.411232853,T,TGT,F I,1,90.3
2025-10-17,10:01:31.411253924,T,TGT,F I,26,90.3
2025-10-17,10:01:31.411256917,T,TGT,F I,6,90.3
2025-10-17,10:01:31.411259815,T,TGT,F,100,90.3
2025-10-17,10:01:32.011742496,T,TGT,I,62,90.31
2025-10-17,10:01:34.683442413,T,TGT,I,25,90.29
2025-10-17,10:01:35.438523329,T,TGT,I,14,90.27
2025-10-17,10:01:35.438526271,T,TGT,,100,90.27
2025-10-17,10:01:35.439253997,T,TGT,I,16,90.26
2025-10-17,10:01:35.439368424,T,TGT,I,10,90.26
2025-10-17,10:01:47.939196363,T,TGT,I,1,90.27
2025-10-17,10:01:49.312228483,T,TGT,I,1,90.27
2025-10-17,10:01:49.903755811,T,TGT,I,5,90.275
2025-10-17,10:01:50.066843418,T,TGT,I,48,90.275
2025-10-17,10:01:50.722077337,T,TGT,F I,5,90.29
2025-10-17,10:01:50.722116441,T,TGT,F I,24,90.29
2025-10-17,10:01:50.722116441,T,TGT,F I,1,90.29
2025-10-17,10:01:50.722119467,T,TGT,F I,1,90.29
2025-10-17,10:01:50.722125393,T,TGT,F I,1,90.29
2025-10-17,10:01:50.722128400,T,TGT,F I,1,90.29
2025-10-17,10:01:50.722141108,T,TGT,I,5,90.29
2025-10-17,10:01:50.865790197,T,TGT,F I,1,90.3
2025-10-17,10:01:50.866126571,T,TGT,F I,33,90.31
2025-10-17,10:01:50.866129593,T,TGT,F I,33,90.31
2025-10-17,10:01:50.866132495,T,TGT,F I,5,90.31
2025-10-17,10:01:50.866992519,T,TGT,I,5,90.32
2025-10-17,10:02:04.163376312,T,TGT,,100,90.345
2025-10-17,10:02:05.001782724,T,TGT,F,100,90.36
2025-10-17,10:02:05.003051733,T,TGT,,100,90.35
2025-10-17,10:02:13.413277942,T,TGT,F I,2,90.36
2025-10-17,10:02:13.413292926,T,TGT,F I,22,90.36
2025-10-17,10:02:13.413620726,T,TGT,F I,5,90.37
2025-10-17,10:02:13.414213296,T,TGT,I,14,90.36
2025-10-17,10:02:13.414360855,T,TGT,F I,9,90.37
2025-10-17,10:02:13.414432710,T,TGT,F I,5,90.38
2025-10-17,10:02:13.414510886,T,TGT,I,7,90.37
2025-10-17,10:02:13.414628131,T,TGT,I,92,90.37
2025-10-17,10:02:13.414631681,T,TGT,I,30,90.37
2025-10-17,10:02:13.414634459,T,TGT,I,78,90.37
2025-10-17,10:02:13.420167417,T,TGT,F I,7,90.37
2025-10-17,10:02:27.632909285,T,TGT,F I,3,90.48
2025-10-17,10:02:27.632978452,T,TGT,F I,22,90.48
2025-10-17,10:02:27.633657993,T,TGT,I,13,90.48
2025-10-17,10:02:28.009691936,T,TGT,I,1,90.495
2025-10-17,10:02:39.203445565,T,TGT,I,1,90.51
2025-10-17,10:02:42.580505939,T,TGT,I,1,90.53
2025-10-17,10:02:45.981683836,T,TGT,I,65,90.57
2025-10-17,10:02:48.007989153,T,TGT,,150,90.53
2025-10-17,10:02:48.008031313,T,TGT,I,50,90.53
2025-10-17,10:02:49.208226679,T,TGT,I,80,90.56
2025-10-17,10:02:54.279225516,T,TGT,I,5,90.58
2025-10-17,10:02:54.280226868,T,TGT,I,50,90.58
2025-10-17,10:02:55.101808121,T,TGT,F I,20,90.6
2025-10-17,10:02:55.106234796,T,TGT,I,2,90.62
2025-10-17,10:02:59.324332765,T,TGT,I,2,90.62
2025-10-17,10:03:05.792730844,T,TGT,F I,7,90.58
2025-10-17,10:03:05.792730844,T,TGT,F I,11,90.58
2025-10-17,10:03:05.792779005,T,TGT,F,200,90.57
2025-10-17,10:03:05.792782544,T,TGT,F,100,90.57
2025-10-17,10:03:05.792782544,T,TGT,F I,83,90.57
2025-10-17,10:03:05.792799946,T,TGT,F I,7,90.58
2025-10-17,10:03:05.792799946,T,TGT,F,200,90.57
2025-10-17,10:03:05.792803056,T,TGT,F I,93,90.57
2025-10-17,10:03:05.792808972,T,TGT,I,1,90.57
2025-10-17,10:03:05.792815057,T,TGT,I,23,90.57
2025-10-17,10:03:05.793311381,T,TGT,F I,29,90.56
2025-10-17,10:03:05.793392357,T,TGT,F I,1,90.57
2025-10-17,10:03:05.793434506,T,TGT,I,75,90.57
2025-10-17,10:03:05.793455614,T,TGT,I,1,90.57
2025-10-17,10:03:05.793473630,T,TGT,I,23,90.57
2025-10-17,10:03:05.793479602,T,TGT,I,36,90.57
2025-10-17,10:03:05.793479602,T,TGT,,100,90.57
2025-10-17,10:03:05.793987803,T,TGT,F I,25,90.56
2025-10-17,10:03:05.794011929,T,TGT,F I,75,90.56
2025-10-17,10:03:05.794011929,T,TGT,F,100,90.56
2025-10-17,10:03:05.818914263,T,TGT,F I,10,90.555
2025-10-17,10:03:05.819250962,T,TGT,I,10,90.555
2025-10-17,10:03:05.819365241,T,TGT,F I,10,90.56
2025-10-17,10:03:05.819455508,T,TGT,I,10,90.56
2025-10-17,10:03:05.862548111,T,TGT,I,4,90.58
2025-10-17,10:03:23.793492228,T,TGT,I,1,90.635
2025-10-17,10:03:27.224245500,T,TGT,I,2,90.635
2025-10-17,10:03:27.240385196,T,TGT,I,1,90.63
2025-10-17,10:03:27.240388156,T,TGT,I,50,90.6
2025-10-17,10:03:27.240388156,T,TGT,I,6,90.6
2025-10-17,10:03:27.240391043,T,TGT,I,25,90.6
2025-10-17,10:03:27.582973121,T,TGT,I,28,90.6
2025-10-17,10:03:27.582973121,T,TGT,I,6,90.59
2025-10-17,10:03:27.582977099,T,TGT,I,25,90.59
2025-10-17,10:03:27.582977099,T,TGT,,100,90.59
2025-10-17,10:03:27.582980148,T,TGT,,100,90.59
2025-10-17,10:03:27.582980148,T,TGT,I,38,90.59
2025-10-17,10:03:27.582982159,T,TGT,I,28,90.59
2025-10-17,10:03:27.583604712,T,TGT,I,28,90.58
2025-10-17,10:03:27.583676972,T,TGT,I,32,90.57
2025-10-17,10:03:27.584437710,T,TGT,I,53,90.575
2025-10-17,10:03:29.964996087,T,TGT,F I,17,90.56
2025-10-17,10:03:29.965002107,T,TGT,F I,5,90.56
2025-10-17,10:03:29.965008040,T,TGT,F I,2,90.56
2025-10-17,10:03:29.965032155,T,TGT,F I,7,90.56
2025-10-17,10:03:29.965125331,T,TGT,F I,40,90.55
2025-10-17,10:03:29.965615548,T,TGT,F,100,90.54
2025-10-17,10:03:29.993261343,T,TGT,F I,38,90.54
2025-10-17,10:03:38.006754783,T,TGT,F I,12,90.5
2025-10-17,10:03:38.006757602,T,TGT,F I,10,90.5
2025-10-17,10:03:38.131636136,T,TGT,I,8,90.49
2025-10-17,10:03:38.131660143,T,TGT,F I,4,90.48
2025-10-17,10:03:39.828536785,T,TGT,F I,3,90.44
2025-10-17,10:03:39.828969838,T,TGT,F I,1,90.43
2025-10-17,10:03:39.828973044,T,TGT,F I,10,90.43
2025-10-17,10:03:39.828975838,T,TGT,F I,1,90.43
2025-10-17,10:03:39.834623332,T,TGT,I,80,90.44
2025-10-17,10:03:39.835110485,T,TGT,I,60,90.44
2025-10-17,10:03:39.835290947,T,TGT,F I,40,90.44
2025-10-17,10:03:39.835293855,T,TGT,F I,20,90.44
2025-10-17,10:03:39.835693871,T,TGT,I,7,90.45
2025-10-17,10:03:39.835751349,T,TGT,F I,7,90.44
2025-10-17,10:03:39.835757489,T,TGT,F I,48,90.44
2025-10-17,10:03:39.878816643,T,TGT,I,7,90.44
2025-10-17,10:03:39.882870291,T,TGT,I,40,90.445
2025-10-17,10:03:40.123798596,T,TGT,I,3,90.45
2025-10-17,10:03:40.123801414,T,TGT,,100,90.45
2025-10-17,10:03:40.124354553,T,TGT,F I,7,90.44
2025-10-17,10:03:40.124931891,T,TGT,I,1,90.45
2025-10-17,10:03:40.125235637,T,TGT,I,30,90.47
2025-10-17,10:03:40.126098704,T,TGT,F I,7,90.46
2025-10-17,10:03:40.126101725,T,TGT,F,100,90.46
2025-10-17,10:03:40.375843706,T,TGT,F I,30,90.48
2025-10-17,10:03:40.375846708,T,TGT,F I,2,90.48
2025-10-17,10:03:40.375846708,T,TGT,F I,68,90.48
2025-10-17,10:03:40.375849695,T,TGT,F I,18,90.48
2025-10-17,10:03:58.889976245,T,TGT,F I,36,90.43
2025-10-17,10:03:58.947665563,T,TGT,F I,11,90.42
2025-10-17,10:04:03.330432811,T,TGT,I,7,90.39
2025-10-17,10:04:03.330499049,T,TGT,I,19,90.38
2025-10-17,10:04:05.786468030,T,TGT,I,16,90.37
2025-10-17,10:04:05.786576289,T,TGT,F I,89,90.37
2025-10-17,10:04:08.011276377,T,TGT,I,10,90.36
2025-10-17,10:04:10.198735588,T,TGT,I,2,90.34
2025-10-17,10:04:11.778149340,T,TGT,F I,5,90.4
2025-10-17,10:04:19.153568232,T,TGT,F,100,90.4
2025-10-17,10:04:19.153568232,T,TGT,F I,2,90.4
2025-10-17,10:04:19.153571243,T,TGT,F,100,90.4
2025-10-17,10:04:26.882975301,T,TGT,F I,6,90.41
2025-10-17,10:04:26.883038653,T,TGT,I,6,90.41
2025-10-17,10:04:26.883041443,T,TGT,I,5,90.41
2025-10-17,10:04:37.506236788,T,TGT,I,80,90.37
2025-10-17,10:05:17.415809981,T,TGT,F,100,90.42
2025-10-17,10:05:17.416390416,T,TGT,F I,5,90.43
2025-10-17,10:05:17.943173443,T,TGT,I,75,90.42
2025-10-17,10:05:24.375449359,T,TGT,I,2,90.425
2025-10-17,10:05:26.427655425,T,TGT,F,100,90.45
2025-10-17,10:05:26.427703753,T,TGT,F I,80,90.46
2025-10-17,10:05:26.427703753,T,TGT,F,100,90.46
2025-10-17,10:05:26.427706541,T,TGT,F I,32,90.46
2025-10-17,10:05:26.427743588,T,TGT,I,10,90.47
2025-10-17,10:05:26.427743588,T,TGT,I,10,90.47
2025-10-17,10:05:26.427745583,T,TGT,I,9,90.47
2025-10-17,10:05:27.281705053,T,TGT,I,2,90.46
2025-10-17,10:05:40.267936130,T,TGT,,100,90.465
2025-10-17,10:05:41.471577582,T,TGT,I,80,90.47
2025-10-17,10:05:44.738934263,T,TGT,F I,5,90.49
2025-10-17,10:05:44.738934263,T,TGT,F,100,90.49
2025-10-17,10:05:44.738936637,T,TGT,F,100,90.49
2025-10-17,10:05:44.738939725,T,TGT,F I,27,90.49
2025-10-17,10:05:44.738939725,T,TGT,F I,73,90.49
2025-10-17,10:05:44.738942732,T,TGT,F,391,90.49
2025-10-17,10:05:44.738963722,T,TGT,F I,9,90.49
2025-10-17,10:05:44.766416092,T,TGT,I,2,90.515
2025-10-17,10:05:48.349277755,T,TGT,,100,90.505
2025-10-17,10:05:49.706329850,T,TGT,I,3,90.505
2025-10-17,10:05:59.382166022,T,TGT,I,2,90.52
2025-10-17,10:05:59.383558346,T,TGT,I,1,90.52
2025-10-17,10:06:02.424477843,T,TGT,I,33,90.5
2025-10-17,10:06:11.232602814,T,TGT,,100,90.54
2025-10-17,10:06:11.232711095,T,TGT,F I,14,90.54
2025-10-17,10:06:18.731198641,T,TGT,,100,90.48
2025-10-17,10:06:18.731201106,T,TGT,I,6,90.48
2025-10-17,10:06:18.731222240,T,TGT,I,1,90.48
2025-10-17,10:06:18.731222240,T,TGT,I,93,90.48
2025-10-17,10:06:27.446287824,T,TGT,I,2,90.51
2025-10-17,10:06:27.446290725,T,TGT,I,40,90.51
2025-10-17,10:06:27.477799785,T,TGT,I,5,90.52
2025-10-17,10:06:32.324226722,T,TGT,F I,22,90.54
2025-10-17,10:06:32.324232733,T,TGT,F I,22,90.54
2025-10-17,10:06:32.324250756,T,TGT,I,6,90.54
2025-10-17,10:06:32.324253800,T,TGT,I,6,90.54
2025-10-17,10:06:32.324259736,T,TGT,I,6,90.54
2025-10-17,10:06:32.324259736,T,TGT,I,4,90.54
2025-10-17,10:06:32.324337987,T,TGT,F I,22,90.54
2025-10-17,10:06:32.324343967,T,TGT,F I,5,90.54
2025-10-17,10:06:32.324346964,T,TGT,F I,13,90.54
2025-10-17,10:06:32.324422219,T,TGT,F I,2,90.54
2025-10-17,10:06:32.324641712,T,TGT,F I,5,90.55
2025-10-17,10:06:36.934263438,T,TGT,I,7,90.55
2025-10-17,10:06:36.934266422,T,TGT,I,1,90.55
2025-10-17,10:06:39.110418785,T,TGT,I,18,90.57
2025-10-17,10:06:39.153917489,T,TGT,I,14,90.57
2025-10-17,10:06:39.390587282,T,TGT,I,2,90.55
2025-10-17,10:06:39.814149335,T,TGT,F I,62,90.53
2025-10-17,10:06:39.814210457,T,TGT,F,100,90.52
2025-10-17,10:06:39.814210457,T,TGT,F I,3,90.52
2025-10-17,10:06:39.814210457,T,TGT,F I,3,90.52
2025-10-17,10:06:39.814212645,T,TGT,F I,9,90.52
2025-10-17,10:06:39.814726733,T,TGT,F I,6,90.51
2025-10-17,10:06:40.975630421,T,TGT,I,17,90.5
2025-10-17,10:06:40.975658007,T,TGT,F I,83,90.5
2025-10-17,10:06:40.975658007,T,TGT,F,100,90.5
2025-10-17,10:06:40.975660404,T,TGT,F,100,90.5
2025-10-17,10:06:40.975663426,T,TGT,F,100,90.5
2025-10-17,10:06:43.833082909,T,TGT,I,6,90.51
2025-10-17,10:06:43.833103951,T,TGT,F I,6,90.51
2025-10-17,10:06:55.543764904,T,TGT,I,6,90.51
2025-10-17,10:06:59.392775777,T,TGT,I,3,90.495
2025-10-17,10:07:02.848453169,T,TGT,F I,13,90.47
2025-10-17,10:07:02.848456353,T,TGT,F I,18,90.47
2025-10-17,10:07:02.848458726,T,TGT,F I,1,90.47
2025-10-17,10:07:02.849202122,T,TGT,F I,12,90.46
2025-10-17,10:07:02.849204555,T,TGT,F I,9,90.46
2025-10-17,10:07:02.849231547,T,TGT,I,5,90.45
2025-10-17,10:07:02.858445568,T,TGT,F I,14,90.44
2025-10-17,10:07:02.858445568,T,TGT,F I,5,90.44
2025-10-17,10:07:02.858448547,T,TGT,F I,70,90.44
2025-10-17,10:07:02.864493005,T,TGT,F I,26,90.43
2025-10-17,10:07:02.864604205,T,TGT,I,1,90.43
2025-10-17,10:07:02.870729799,T,TGT,I,55,90.44
2025-10-17,10:07:02.870753899,T,TGT,F I,45,90.44
2025-10-17,10:07:02.870756937,T,TGT,F,100,90.44
2025-10-17,10:07:02.870756937,T,TGT,F I,57,90.44
2025-10-17,10:07:02.880494131,T,TGT,F,100,90.43
2025-10-17,10:07:04.150548585,T,TGT,I,41,90.44
2025-10-17,10:07:04.150593682,T,TGT,I,11,90.45
2025-10-17,10:07:17.676926417,T,TGT,F,100,90.43
2025-10-17,10:07:19.612409409,T,TGT,I,41,90.43
2025-10-17,10:07:20.796164507,T,TGT,I,1,90.42
2025-10-17,10:07:20.796182461,T,TGT,I,1,90.42
2025-10-17,10:07:20.796314874,T,TGT,I,58,90.415
2025-10-17,10:07:20.796429146,T,TGT,I,8,90.41
2025-10-17,10:07:20.842453754,T,TGT,I,7,90.4
2025-10-17,10:07:20.842471750,T,TGT,I,1,90.4
2025-10-17,10:07:20.842549996,T,TGT,,100,90.41
2025-10-17,10:07:20.842586251,T,TGT,I,29,90.42
2025-10-17,10:07:20.842589128,T,TGT,I,80,90.42
2025-10-17,10:07:20.842646209,T,TGT,I,40,90.43
2025-10-17,10:07:20.842983026,T,TGT,I,23,90.43
2025-10-17,10:07:20.842983026,T,TGT,I,33,90.43
2025-10-17,10:07:20.842986022,T,TGT,I,33,90.43
2025-10-17,10:07:20.843028125,T,TGT,F,100,90.43
2025-10-17,10:07:20.843049150,T,TGT,I,1,90.43
2025-10-17,10:07:20.843127425,T,TGT,,100,90.42
2025-10-17,10:07:20.843263756,T,TGT,I,1,90.43
2025-10-17,10:07:20.843263756,T,TGT,I,37,90.43
2025-10-17,10:07:20.843268738,T,TGT,I,40,90.43
2025-10-17,10:07:20.843271774,T,TGT,,100,90.43
2025-10-17,10:07:20.918210244,T,TGT,F I,10,90.42
2025-10-17,10:07:20.918216213,T,TGT,F I,7,90.42
2025-10-17,10:07:20.918219360,T,TGT,F I,40,90.42
2025-10-17,10:07:20.918222506,T,TGT,F,100,90.42
2025-10-17,10:07:20.918222506,T,TGT,F I,38,90.42
2025-10-17,10:07:20.918225383,T,TGT,F I,38,90.42
2025-10-17,10:07:20.918228689,T,TGT,F I,38,90.42
2025-10-17,10:07:20.918228689,T,TGT,F I,38,90.42
2025-10-17,10:07:20.918233220,T,TGT,F I,29,90.42
2025-10-17,10:07:20.918233220,T,TGT,F I,8,90.42
2025-10-17,10:07:20.918237284,T,TGT,F I,8,90.42
2025-10-17,10:07:20.918237284,T,TGT,F I,24,90.42
2025-10-17,10:07:30.238653880,T,TGT,I,6,90.435
2025-10-17,10:07:31.511090232,T,TGT,I,9,90.45
2025-10-17,10:07:31.511288717,T,TGT,I,37,90.46
2025-10-17,10:07:32.610347112,T,TGT,I,8,90.45
2025-10-17,10:07:32.813285644,T,TGT,I,7,90.45
2025-10-17,10:07:33.602798461,T,TGT,I,8,90.46
2025-10-17,10:07:33.603321699,T,TGT,I,26,90.47
2025-10-17,10:07:35.072661138,T,TGT,,100,90.48
2025-10-17,10:07:35.072661138,T,TGT,,100,90.48
2025-10-17,10:07:39.777146939,T,TGT,I,13,90.455
2025-10-17,10:07:44.599799105,T,TGT,I,13,90.46
2025-10-17,10:07:44.599823062,T,TGT,F I,67,90.46
2025-10-17,10:08:01.053849518,T,TGT,I,20,90.42
2025-10-17,10:08:01.053849518,T,TGT,I,10,90.42
2025-10-17,10:08:01.053930713,T,TGT,F I,90,90.42
2025-10-17,10:08:01.053934263,T,TGT,F I,1,90.42
2025-10-17,10:08:01.053939799,T,TGT,F,100,90.42
2025-10-17,10:08:01.053987844,T,TGT,I,1,90.42
2025-10-17,10:08:01.054057095,T,TGT,I,1,90.42
2025-10-17,10:08:01.054135247,T,TGT,F I,80,90.42
2025-10-17,10:08:01.054183311,T,TGT,,100,90.43
2025-10-17,10:08:01.054204349,T,TGT,F I,18,90.42
2025-10-17,10:08:01.054280098,T,TGT,I,1,90.43
2025-10-17,10:08:01.054282560,T,TGT,I,1,90.43
2025-10-17,10:08:01.054351733,T,TGT,I,38,90.43
2025-10-17,10:08:01.054360855,T,TGT,,100,90.43
2025-10-17,10:08:01.054926155,T,TGT,,100,90.42
2025-10-17,10:08:01.055245056,T,TGT,,100,90.43
2025-10-17,10:08:01.055247824,T,TGT,I,7,90.43
2025-10-17,10:08:01.908407383,T,TGT,I,5,90.43
2025-10-17,10:08:02.359013156,T,TGT,F I,7,90.43
2025-10-17,10:08:02.359016216,T,TGT,F I,7,90.43
2025-10-17,10:08:02.359016216,T,TGT,F I,40,90.43
2025-10-17,10:08:02.359037559,T,TGT,F,100,90.43
2025-10-17,10:08:02.359061561,T,TGT,I,1,90.43
2025-10-17,10:08:02.738162163,T,TGT,F I,15,90.41
2025-10-17,10:08:04.001538114,T,TGT,I,80,90.41
2025-10-17,10:08:04.020630483,T,TGT,I,15,90.4
2025-10-17,10:08:04.020654651,T,TGT,I,74,90.4
2025-10-17,10:08:04.020754179,T,TGT,I,1,90.39
2025-10-17,10:08:04.020754179,T,TGT,I,8,90.39
2025-10-17,10:08:05.238050866,T,TGT,F I,6,90.38
2025-10-17,10:08:05.238050866,T,TGT,F I,74,90.38
2025-10-17,10:08:05.264104875,T,TGT,F I,7,90.36
2025-10-17,10:08:05.268747992,T,TGT,F I,1,90.35
2025-10-17,10:08:08.078404532,T,TGT,I,7,90.35
2025-10-17,10:08:08.078426483,T,TGT,I,92,90.35
2025-10-17,10:08:08.078426483,T,TGT,I,1,90.35
2025-10-17,10:08:08.078428596,T,TGT,I,33,90.35
2025-10-17,10:08:11.541406759,T,TGT,I,8,90.34
2025-10-17,10:08:16.146334429,T,TGT,F,132,90.35
2025-10-17,10:08:16.146334429,T,TGT,F I,11,90.35
2025-10-17,10:08:16.146334429,T,TGT,F I,4,90.35
2025-10-17,10:08:29.320600186,T,TGT,F I,47,90.37
2025-10-17,10:08:32.107736339,T,TGT,I,57,90.37
2025-10-17,10:08:32.107763793,T,TGT,F I,43,90.37
2025-10-17,10:08:32.107763793,T,TGT,F,100,90.37
2025-10-17,10:08:32.107769310,T,TGT,F,100,90.37
2025-10-17,10:08:32.107769310,T,TGT,F I,5,90.37
2025-10-17,10:08:32.107772224,T,TGT,F I,63,90.37
2025-10-17,10:08:32.107775229,T,TGT,F,200,90.37
2025-10-17,10:08:32.107865523,T,TGT,F I,13,90.36
2025-10-17,10:08:32.108016942,T,TGT,,100,90.37
2025-10-17,10:08:32.108021915,T,TGT,I,72,90.37
2025-10-17,10:08:32.108021915,T,TGT,,100,90.38
2025-10-17,10:08:32.108061013,T,TGT,,100,90.39
2025-10-17,10:08:32.108064227,T,TGT,I,34,90.39
2025-10-17,10:08:32.108064227,T,TGT,I,40,90.39
2025-10-17,10:08:32.108070020,T,TGT,,200,90.39
2025-10-17,10:08:32.108121072,T,TGT,F,100,90.39
2025-10-17,10:08:32.108124069,T,TGT,F,100,90.39
2025-10-17,10:08:38.344525566,T,TGT,,150,90.4
2025-10-17,10:08:38.352145691,T,TGT,I,39,90.41
2025-10-17,10:08:42.891823969,T,TGT,F,100,90.43
2025-10-17,10:08:44.653962535,T,TGT,F,100,90.42
2025-10-17,10:08:44.653965538,T,TGT,F I,1,90.41
2025-10-17,10:08:44.653968192,T,TGT,F,100,90.41
2025-10-17,10:08:44.653968192,T,TGT,F,112,90.41
2025-10-17,10:08:44.653972248,T,TGT,F,100,90.41
2025-10-17,10:08:44.653972248,T,TGT,F,100,90.41
2025-10-17,10:08:44.653974496,T,TGT,F I,50,90.41
2025-10-17,10:08:44.653974496,T,TGT,F I,41,90.41
2025-10-17,10:08:44.653980039,T,TGT,F I,59,90.41
2025-10-17,10:08:44.653980039,T,TGT,F I,40,90.41
2025-10-17,10:08:44.653980039,T,TGT,F I,1,90.41
2025-10-17,10:08:49.485049407,T,TGT,I,2,90.415
2025-10-17,10:08:54.982013177,T,TGT,F,100,90.42
2025-10-17,10:09:04.240650426,T,TGT,I,2,90.42
2025-10-17,10:09:13.170577240,T,TGT,F I,5,90.45
2025-10-17,10:09:13.170580290,T,TGT,F I,45,90.45
2025-10-17,10:09:13.190947786,T,TGT,F I,48,90.44
2025-10-17,10:09:13.190947786,T,TGT,F I,14,90.44
2025-10-17,10:09:13.191007949,T,TGT,F I,36,90.44
2025-10-17,10:09:24.215731520,T,TGT,I,2,90.455
2025-10-17,10:09:26.014009676,T,TGT,F I,80,90.44
2025-10-17,10:09:26.864944537,T,TGT,I,1,90.42
2025-10-17,10:09:26.864944537,T,TGT,I,9,90.42
2025-10-17,10:09:26.864961939,T,TGT,F I,91,90.42
2025-10-17,10:09:26.864961939,T,TGT,F I,3,90.42
2025-10-17,10:09:26.864964915,T,TGT,F,100,90.42
2025-10-17,10:09:34.846231389,T,TGT,F,100,90.38
2025-10-17,10:09:49.277188784,T,TGT,F I,50,90.4
2025-10-17,10:09:49.556190471,T,TGT,I,3,90.39
2025-10-17,10:09:56.982878657,T,TGT,F I,76,90.42
2025-10-17,10:09:59.448169870,T,TGT,I,2,90.4
2025-10-17,10:10:03.296597203,T,TGT,I,50,90.37
2025-10-17,10:10:03.297054202,T,TGT,F,100,90.38
2025-10-17,10:10:03.299451684,T,TGT,F I,40,90.38
2025-10-17,10:10:03.299453920,T,TGT,F I,60,90.37
2025-10-17,10:10:12.240510647,T,TGT,F I,10,90.4
2025-10-17,10:10:13.472936771,T,TGT,F I,5,90.42
2025-10-17,10:10:13.473011962,T,TGT,F I,8,90.42
2025-10-17,10:10:13.473014975,T,TGT,F I,80,90.42
2025-10-17,10:10:13.473676831,T,TGT,,100,90.41
2025-10-17,10:10:13.473679533,T,TGT,I,70,90.41
2025-10-17,10:10:13.473814830,T,TGT,,100,90.42
2025-10-17,10:10:13.473877993,T,TGT,F I,32,90.42
2025-10-17,10:10:13.474154689,T,TGT,I,7,90.41
2025-10-17,10:10:13.559020359,T,TGT,I,14,90.41
2025-10-17,10:10:13.559022892,T,TGT,I,34,90.41
2025-10-17,10:10:18.466131223,T,TGT,I,5,90.415
2025-10-17,10:10:22.570369023,T,TGT,I,17,90.43
2025-10-17,10:10:22.570690815,T,TGT,F I,10,90.44
2025-10-17,10:10:22.602070579,T,TGT,I,8,90.45
2025-10-17,10:10:22.602124894,T,TGT,I,92,90.45
2025-10-17,10:10:22.602124894,T,TGT,I,2,90.45
2025-10-17,10:10:23.538399240,T,TGT,F I,5,90.47
2025-10-17,10:10:24.523654420,T,TGT,I,2,90.465
2025-10-17,10:10:30.245887811,T,TGT,F,100,90.45
2025-10-17,10:10:33.004594075,T,TGT,I,51,90.49
2025-10-17,10:10:33.004624122,T,TGT,F I,21,90.49
2025-10-17,10:10:33.004648176,T,TGT,F I,28,90.49
2025-10-17,10:10:33.011212795,T,TGT,I,80,90.49
2025-10-17,10:10:43.870632651,T,TGT,I,11,90.5
2025-10-17,10:10:43.870632651,T,TGT,I,10,90.5
2025-10-17,10:10:43.870635671,T,TGT,I,30,90.5
2025-10-17,10:10:43.870710771,T,TGT,I,10,90.5
2025-10-17,10:10:43.870710771,T,TGT,I,29,90.5
2025-10-17,10:10:43.870999559,T,TGT,,100,90.5
2025-10-17,10:10:43.871002509,T,TGT,I,5,90.5
2025-10-17,10:10:43.871026620,T,TGT,I,1,90.5
2025-10-17,10:10:44.411083204,T,TGT,F,100,90.47
2025-10-17,10:10:56.978888111,T,TGT,F I,71,90.46
2025-10-17,10:10:57.976145260,T,TGT,I,1,90.44
2025-10-17,10:10:57.976150987,T,TGT,,100,90.44
2025-10-17,10:10:57.976150987,T,TGT,,200,90.44
2025-10-17,10:10:57.976154023,T,TGT,,100,90.44
2025-10-17,10:10:57.976154023,T,TGT,I,1,90.44
2025-10-17,10:10:57.976472750,T,TGT,F I,8,90.43
2025-10-17,10:10:57.976475694,T,TGT,F I,18,90.43
2025-10-17,10:10:57.977005061,T,TGT,I,1,90.43
2025-10-17,10:10:57.977336008,T,TGT,I,2,90.43
2025-10-17,10:10:57.977393663,T,TGT,F I,8,90.42
2025-10-17,10:10:57.977396048,T,TGT,F I,41,90.42
2025-10-17,10:10:57.977398904,T,TGT,F I,2,90.42
2025-10-17,10:10:57.995715529,T,TGT,I,13,90.44
2025-10-17,10:10:58.161699022,T,TGT,I,42,90.45
2025-10-17,10:11:07.075312401,T,TGT,,100,90.46
2025-10-17,10:11:07.075315565,T,TGT,I,23,90.46
2025-10-17,10:11:07.075315565,T,TGT,I,5,90.46
2025-10-17,10:11:07.075330505,T,TGT,F I,42,90.45
2025-10-17,10:11:07.075333448,T,TGT,I,1,90.45
2025-10-17,10:11:07.075817667,T,TGT,I,2,90.47
2025-10-17,10:11:07.075892846,T,TGT,I,20,90.46
2025-10-17,10:11:07.075898808,T,TGT,I,15,90.46
2025-10-17,10:11:07.075940886,T,TGT,,104,90.47
2025-10-17,10:11:07.075992253,T,TGT,,100,90.46
2025-10-17,10:11:07.076016066,T,TGT,I,1,90.46
2025-10-17,10:11:07.076052162,T,TGT,I,79,90.46
2025-10-17,10:11:07.076052162,T,TGT,I,21,90.45
2025-10-17,10:11:07.159269416,T,TGT,F I,25,90.43
2025-10-17,10:11:08.341974989,T,TGT,F I,8,90.44
2025-10-17,10:11:08.341974989,T,TGT,F I,43,90.44
2025-10-17,10:11:08.342104298,T,TGT,F,100,90.45
2025-10-17,10:11:08.384177557,T,TGT,,100,90.44
2025-10-17,10:11:08.384177557,T,TGT,I,8,90.44
2025-10-17,10:11:08.409479835,T,TGT,F,100,90.43
2025-10-17,10:11:09.382889900,T,TGT,F,100,90.4
2025-10-17,10:11:09.382892898,T,TGT,F,100,90.4
2025-10-17,10:11:09.382916884,T,TGT,I,1,90.4
2025-10-17,10:11:09.387190067,T,TGT,I,25,90.38
2025-10-17,10:11:09.387190067,T,TGT,I,35,90.38
2025-10-17,10:11:09.390113023,T,TGT,I,10,90.39
2025-10-17,10:11:09.447685262,T,TGT,I,2,90.4
2025-10-17,10:11:13.235627107,T,TGT,F I,80,90.37
2025-10-17,10:11:13.235627107,T,TGT,F I,30,90.37
2025-10-17,10:11:13.235629473,T,TGT,F I,57,90.37
2025-10-17,10:11:13.235644547,T,TGT,I,1,90.37
2025-10-17,10:11:13.235770821,T,TGT,F I,34,90.37
2025-10-17,10:11:13.238880242,T,TGT,F I,33,90.36
2025-10-17,10:11:15.078627147,T,TGT,F I,67,90.35
2025-10-17,10:11:15.078645143,T,TGT,I,1,90.35
2025-10-17,10:11:15.078732462,T,TGT,F I,32,90.35
2025-10-17,10:11:15.248333404,T,TGT,F I,33,90.34
2025-10-17,10:11:15.248610082,T,TGT,F I,25,90.33
2025-10-17,10:11:15.248610082,T,TGT,F I,9,90.33
2025-10-17,10:11:15.248613039,T,TGT,F,200,90.33
2025-10-17,10:11:15.264524036,T,TGT,I,23,90.33
2025-10-17,10:11:15.264560131,T,TGT,F I,25,90.34
2025-10-17,10:11:15.992982482,T,TGT,I,47,90.33
2025-10-17,10:11:19.799733462,T,TGT,I,21,90.32
2025-10-17,10:11:20.382837666,T,TGT,F,100,90.31
2025-10-17,10:11:23.931056896,T,TGT,I,12,90.32
2025-10-17,10:11:29.168210593,T,TGT,I,23,90.3
2025-10-17,10:11:30.938098200,T,TGT,I,2,90.3
2025-10-17,10:11:33.542062002,T,TGT,I,1,90.31
2025-10-17,10:11:33.596380349,T,TGT,I,1,90.33
2025-10-17,10:11:33.596401392,T,TGT,F I,11,90.33
2025-10-17,10:11:33.596404405,T,TGT,F I,9,90.33
2025-10-17,10:11:39.489619203,T,TGT,F I,11,90.33
2025-10-17,10:11:45.860536870,T,TGT,I,40,90.36
2025-10-17,10:11:48.973706870,T,TGT,F I,5,90.37
2025-10-17,10:11:48.973706870,T,TGT,F I,50,90.37
2025-10-17,10:11:53.644632357,T,TGT,F,100,90.37
2025-10-17,10:11:55.879283049,T,TGT,F I,30,90.39
2025-10-17,10:11:55.879286103,T,TGT,F I,50,90.41
2025-10-17,10:11:55.879511603,T,TGT,I,20,90.41
2025-10-17,10:11:55.879511603,T,TGT,I,24,90.41
2025-10-17,10:11:55.881027188,T,TGT,F I,31,90.41
2025-10-17,10:11:55.892568690,T,TGT,I,1,90.43
2025-10-17,10:11:55.892571692,T,TGT,I,9,90.43
2025-10-17,10:11:55.896625365,T,TGT,I,1,90.42
2025-10-17,10:11:57.044631292,T,TGT,F I,70,90.38
2025-10-17,10:11:57.044631292,T,TGT,F,100,90.38
2025-10-17,10:12:03.871110381,T,TGT,I,21,90.38
2025-10-17,10:12:03.871128858,T,TGT,F I,79,90.38
2025-10-17,10:12:03.871131476,T,TGT,F I,1,90.38
2025-10-17,10:12:03.871585607,T,TGT,I,2,90.4
2025-10-17,10:12:12.924635110,T,TGT,,100,90.34
2025-10-17,10:12:12.930589299,T,TGT,I,1,90.33
2025-10-17,10:12:17.326356602,T,TGT,F I,1,90.36
2025-10-17,10:12:17.326377670,T,TGT,I,1,90.36
2025-10-17,10:12:17.326404690,T,TGT,I,8,90.36
2025-10-17,10:12:17.326404690,T,TGT,I,5,90.36
2025-10-17,10:12:19.484038945,T,TGT,I,2,90.37
2025-10-17,10:12:23.915113193,T,TGT,I,3,90.32
2025-10-17,10:12:23.915708694,T,TGT,F I,3,90.31
2025-10-17,10:12:23.915711693,T,TGT,F I,6,90.31
2025-10-17,10:12:26.690735429,T,TGT,F I,4,90.31
2025-10-17,10:12:26.690737714,T,TGT,F I,1,90.31
2025-10-17,10:12:26.706895260,T,TGT,I,47,90.3
2025-10-17,10:12:26.707174986,T,TGT,F I,53,90.3
2025-10-17,10:12:26.712536679,T,TGT,F I,12,90.29
2025-10-17,10:12:29.665818364,T,TGT,F I,14,90.28
2025-10-17,10:12:29.665944705,T,TGT,F I,2,90.28
2025-10-17,10:12:29.672355963,T,TGT,,100,90.28
2025-10-17,10:12:38.945897056,T,TGT,I,1,90.26
2025-10-17,10:12:38.945899972,T,TGT,I,1,90.26
2025-10-17,10:12:38.945939113,T,TGT,F I,1,90.26
2025-10-17,10:12:38.945978211,T,TGT,F I,1,90.26
2025-10-17,10:12:38.983113639,T,TGT,F,100,90.24
2025-10-17,10:12:38.983119605,T,TGT,,100,90.24
2025-10-17,10:12:40.703355901,T,TGT,,100,90.24
2025-10-17,10:13:14.203365865,T,TGT,F I,8,90.27
2025-10-17,10:13:14.203371793,T,TGT,F I,5,90.27
2025-10-17,10:13:14.203371793,T,TGT,F I,25,90.27
2025-10-17,10:13:14.378322633,T,TGT,I,1,90.29
2025-10-17,10:13:19.905806062,T,TGT,F I,23,90.335
2025-10-17,10:13:21.094321726,T,TGT,,100,90.33
2025-10-17,10:13:28.515620701,T,TGT,I,25,90.33
2025-10-17,10:13:28.516065714,T,TGT,F I,6,90.33
2025-10-17,10:13:28.516207917,T,TGT,F I,6,90.35
2025-10-17,10:13:28.516210055,T,TGT,F I,25,90.35
2025-10-17,10:13:28.516213080,T,TGT,F I,11,90.35
2025-10-17,10:13:28.516462660,T,TGT,I,8,90.34
2025-10-17,10:13:28.516466928,T,TGT,I,2,90.34
2025-10-17,10:13:28.516466928,T,TGT,I,94,90.34
2025-10-17,10:13:28.516468765,T,TGT,I,28,90.34
2025-10-17,10:13:28.516655215,T,TGT,F I,1,90.35
2025-10-17,10:13:28.516691372,T,TGT,,253,90.35
2025-10-17,10:13:28.516691372,T,TGT,I,8,90.35
2025-10-17,10:13:28.516760405,T,TGT,,100,90.36
2025-10-17,10:13:28.516760405,T,TGT,I,22,90.36
2025-10-17,10:13:28.516775420,T,TGT,,100,90.35
2025-10-17,10:13:28.518853421,T,TGT,F,100,90.36
2025-10-17,10:13:28.520405063,T,TGT,,200,90.36
2025-10-17,10:13:28.520429174,T,TGT,I,1,90.36
2025-10-17,10:13:28.796162043,T,TGT,F I,26,90.36
2025-10-17,10:13:28.803676961,T,TGT,F I,14,90.38
2025-10-17,10:13:28.817542943,T,TGT,I,6,90.39
2025-10-17,10:13:28.845807300,T,TGT,I,29,90.39
2025-10-17,10:13:28.905273953,T,TGT,I,35,90.39
2025-10-17,10:13:33.681721345,T,TGT,F I,5,90.37
2025-10-17,10:13:33.681721345,T,TGT,F I,1,90.37
2025-10-17,10:13:45.214677072,T,TGT,I,3,90.36
2025-10-17,10:13:45.214977801,T,TGT,I,12,90.36
2025-10-17,10:13:45.215001869,T,TGT,I,12,90.36
2025-10-17,10:13:45.215116159,T,TGT,F I,25,90.37
2025-10-17,10:13:45.215904070,T,TGT,I,18,90.37
2025-10-17,10:13:45.215907896,T,TGT,I,1,90.37
2025-10-17,10:13:45.215907896,T,TGT,I,50,90.37
2025-10-17,10:13:45.215907896,T,TGT,I,25,90.37
2025-10-17,10:13:45.215913059,T,TGT,I,34,90.37
2025-10-17,10:13:45.215913059,T,TGT,I,26,90.37
2025-10-17,10:13:45.217058785,T,TGT,F I,8,90.37
2025-10-17,10:13:45.217061762,T,TGT,F I,7,90.37
2025-10-17,10:13:45.217064797,T,TGT,F I,12,90.37
2025-10-17,10:13:51.127573821,T,TGT,,100,90.375
2025-10-17,10:13:56.763820392,T,TGT,I,18,90.35
2025-10-17,10:13:56.764897033,T,TGT,I,1,90.37
2025-10-17,10:14:03.429425226,T,TGT,I,36,90.375
2025-10-17,10:14:03.494464138,T,TGT,F I,9,90.39
2025-10-17,10:14:03.494467202,T,TGT,F I,2,90.39
2025-10-17,10:14:05.556558494,T,TGT,F I,70,90.4
2025-10-17,10:14:05.556558494,T,TGT,F I,5,90.4
2025-10-17,10:14:06.903659039,T,TGT,F I,1,90.39
2025-10-17,10:14:08.494181231,T,TGT,F I,5,90.41
2025-10-17,10:14:09.000626804,T,TGT,F I,18,90.43
2025-10-17,10:14:09.591248769,T,TGT,,100,90.445
2025-10-17,10:14:12.383815757,T,TGT,,100,90.44
2025-10-17,10:14:12.723282426,T,TGT,F I,1,90.45
2025-10-17,10:14:14.232545134,T,TGT,I,50,90.48
2025-10-17,10:14:14.232548122,T,TGT,,100,90.48
2025-10-17,10:14:14.232548122,T,TGT,I,40,90.47
2025-10-17,10:14:14.232590650,T,TGT,I,60,90.47
2025-10-17,10:14:14.232590650,T,TGT,I,8,90.47
2025-10-17,10:14:14.232593243,T,TGT,I,8,90.48
2025-10-17,10:14:14.232617256,T,TGT,I,25,90.47
2025-10-17,10:14:14.232653474,T,TGT,,100,90.48
2025-10-17,10:14:14.232722549,T,TGT,I,8,90.48
2025-10-17,10:14:20.313187386,T,TGT,I,1,90.5
2025-10-17,10:14:24.337822533,T,TGT,I,5,90.51
2025-10-17,10:14:35.557708223,T,TGT,I,2,90.51
2025-10-17,10:14:42.021156385,T,TGT,F I,1,90.54
2025-10-17,10:14:42.021503532,T,TGT,F,100,90.55
2025-10-17,10:14:42.033100860,T,TGT,I,3,90.565
2025-10-17,10:14:42.359167731,T,TGT,I,16,90.54
2025-10-17,10:14:43.161903050,T,TGT,I,2,90.53
2025-10-17,10:14:52.327631103,T,TGT,I,19,90.52
2025-10-17,10:14:52.327643058,T,TGT,F,100,90.51
2025-10-17,10:14:52.328833972,T,TGT,I,3,90.5
2025-10-17,10:14:52.328836903,T,TGT,I,18,90.5
2025-10-17,10:14:52.378617526,T,TGT,F I,73,90.49
2025-10-17,10:14:53.305732259,T,TGT,F I,1,90.47
2025-10-17,10:14:53.305732259,T,TGT,F I,4,90.47
2025-10-17,10:14:53.305735303,T,TGT,F I,15,90.47
2025-10-17,10:14:53.307554674,T,TGT,F I,6,90.47
2025-10-17,10:15:04.246847788,T,TGT,F I,5,90.5
2025-10-17,10:15:04.246856835,T,TGT,I,2,90.5
2025-10-17,10:15:04.246868851,T,TGT,I,5,90.5
2025-10-17,10:15:04.247004178,T,TGT,I,5,90.5
2025-10-17,10:15:04.247608585,T,TGT,I,36,90.48
2025-10-17,10:15:04.247608585,T,TGT,I,25,90.48
2025-10-17,10:15:04.247611625,T,TGT,I,40,90.48
2025-10-17,10:15:07.166876330,T,TGT,F I,36,90.5
2025-10-17,10:15:07.166888394,T,TGT,F I,88,90.5
2025-10-17,10:15:09.527428042,T,TGT,I,3,90.52
2025-10-17,10:15:17.049109250,T,TGT,F I,2,90.48
2025-10-17,10:15:17.049112335,T,TGT,F I,1,90.48
2025-10-17,10:15:17.049112335,T,TGT,F I,4,90.48
2025-10-17,10:15:17.049115314,T,TGT,F I,14,90.48
2025-10-17,10:15:17.049229660,T,TGT,F I,40,90.48
2025-10-17,10:15:17.049233016,T,TGT,F,100,90.48
2025-10-17,10:15:17.049233016,T,TGT,F I,27,90.48
2025-10-17,10:15:17.049236332,T,TGT,F I,3,90.48
2025-10-17,10:15:17.049236332,T,TGT,F,100,90.48
2025-10-17,10:15:48.894962984,T,TGT,F I,8,90.51
2025-10-17,10:15:48.894962984,T,TGT,F I,81,90.51
2025-10-17,10:15:48.894986922,T,TGT,I,19,90.51
2025-10-17,10:15:48.894990328,T,TGT,I,2,90.51
2025-10-17,10:15:48.894990328,T,TGT,I,5,90.51
2025-10-17,10:15:48.894992930,T,TGT,I,23,90.51
2025-10-17,10:16:10.480708700,T,TGT,F,100,90.55
2025-10-17,10:16:10.790503738,T,TGT,F,100,90.55
2025-10-17,10:16:19.863674080,T,TGT,I,8,90.57
2025-10-17,10:16:26.821009798,T,TGT,F,100,90.57
2025-10-17,10:16:30.026141581,T,TGT,I,1,90.565
2025-10-17,10:16:32.095494538,T,TGT,I,2,90.565
2025-10-17,10:16:32.095497511,T,TGT,I,5,90.56
2025-10-17,10:16:34.079224589,T,TGT,F I,2,90.56
2025-10-17,10:16:34.923521935,T,TGT,F I,1,90.55
2025-10-17,10:16:34.924187037,T,TGT,F I,25,90.54
2025-10-17,10:16:34.924192743,T,TGT,F,100,90.54
2025-10-17,10:16:34.924192743,T,TGT,F I,1,90.54
2025-10-17,10:16:34.924192743,T,TGT,F,100,90.54
2025-10-17,10:16:34.924195512,T,TGT,F I,1,90.54
2025-10-17,10:16:34.925254121,T,TGT,F I,25,90.53
2025-10-17,10:16:34.925254121,T,TGT,F I,78,90.53
2025-10-17,10:16:34.925260604,T,TGT,F,122,90.53
2025-10-17,10:16:34.925263799,T,TGT,F I,25,90.53
2025-10-17,10:16:34.925263799,T,TGT,F I,1,90.53
2025-10-17,10:16:34.931514992,T,TGT,I,1,90.52
2025-10-17,10:16:35.027954977,T,TGT,,100,90.52
2025-10-17,10:16:35.027954977,T,TGT,I,11,90.52
2025-10-17,10:16:35.027972801,T,TGT,F I,89,90.52
2025-10-17,10:16:35.027976320,T,TGT,F I,3,90.52
2025-10-17,10:16:35.027978817,T,TGT,F I,97,90.52
2025-10-17,10:16:35.027981909,T,TGT,F,100,90.52
2025-10-17,10:16:35.027984912,T,TGT,F,100,90.52
2025-10-17,10:16:35.027984912,T,TGT,F,500,90.52
2025-10-17,10:16:35.230995438,T,TGT,F I,25,90.51
2025-10-17,10:16:35.237584159,T,TGT,F I,59,90.5
2025-10-17,10:16:36.406694382,T,TGT,,100,90.51
2025-10-17,10:16:36.407437157,T,TGT,F I,1,90.51
2025-10-17,10:16:36.410669898,T,TGT,,100,90.51
2025-10-17,10:16:36.410687843,T,TGT,F I,12,90.49
2025-10-17,10:16:36.410754052,T,TGT,I,25,90.49
2025-10-17,10:16:36.987624356,T,TGT,F I,35,90.49
2025-10-17,10:16:36.995265520,T,TGT,F I,5,90.48
2025-10-17,10:16:37.004368213,T,TGT,,100,90.49
2025-10-17,10:16:38.297091271,T,TGT,F I,25,90.47
2025-10-17,10:16:38.297091271,T,TGT,F I,3,90.47
2025-10-17,10:16:40.746555547,T,TGT,I,12,90.51
2025-10-17,10:16:40.746555547,T,TGT,I,18,90.51
2025-10-17,10:16:49.137710799,T,TGT,F,100,90.46
2025-10-17,10:16:49.137713184,T,TGT,F I,50,90.46
2025-10-17,10:17:00.251909150,T,TGT,F,100,90.46
2025-10-17,10:17:11.033888380,T,TGT,,100,90.48
2025-10-17,10:17:20.917556553,T,TGT,F I,8,90.43
2025-10-17,10:17:20.917558884,T,TGT,F I,23,90.43
2025-10-17,10:17:27.545042219,T,TGT,F I,1,90.42
2025-10-17,10:17:27.973205244,T,TGT,I,25,90.41
2025-10-17,10:17:33.421588575,T,TGT,I,14,90.42
2025-10-17,10:17:33.656060764,T,TGT,I,5,90.45
2025-10-17,10:17:33.656081221,T,TGT,F I,76,90.45
2025-10-17,10:17:33.656085250,T,TGT,F I,34,90.45
2025-10-17,10:17:33.656085250,T,TGT,F I,5,90.45
2025-10-17,10:17:33.656087164,T,TGT,F I,10,90.45
2025-10-17,10:17:38.989726050,T,TGT,F,100,90.45
2025-10-17,10:17:41.308105305,T,TGT,F I,2,90.45
2025-10-17,10:17:49.266760612,T,TGT,I,20,90.47
2025-10-17,10:18:04.544979636,T,TGT,F I,50,90.4
2025-10-17,10:18:04.545310497,T,TGT,F I,1,90.39
2025-10-17,10:18:06.985127942,T,TGT,I,14,90.37
2025-10-17,10:18:07.015401018,T,TGT,F,100,90.35
2025-10-17,10:18:07.015407018,T,TGT,F I,60,90.34
2025-10-17,10:18:11.123689253,T,TGT,F I,4,90.35
2025-10-17,10:18:11.123716352,T,TGT,F I,5,90.36
2025-10-17,10:18:11.123719388,T,TGT,F I,6,90.36
2025-10-17,10:18:11.124065183,T,TGT,F I,1,90.36
2025-10-17,10:18:13.105488551,T,TGT,F I,5,90.38
2025-10-17,10:18:13.105491611,T,TGT,F I,1,90.38
2025-10-17,10:18:29.949288229,T,TGT,F I,7,90.31
2025-10-17,10:18:38.280404848,T,TGT,I,8,90.3
2025-10-17,10:18:38.280407906,T,TGT,I,9,90.3
2025-10-17,10:18:38.280425890,T,TGT,I,91,90.3
2025-10-17,10:18:38.280425890,T,TGT,I,5,90.3
2025-10-17,10:18:38.280432209,T,TGT,,200,90.3
2025-10-17,10:18:38.280432209,T,TGT,I,16,90.3
2025-10-17,10:18:38.284290128,T,TGT,F I,1,90.29
2025-10-17,10:18:38.419540465,T,TGT,I,8,90.29
2025-10-17,10:18:49.904167803,T,TGT,I,50,90.26
2025-10-17,10:18:49.904173759,T,TGT,I,2,90.25
2025-10-17,10:18:49.904176827,T,TGT,I,17,90.25
2025-10-17,10:19:09.216930575,T,TGT,I,80,90.23
2025-10-17,10:19:15.442872909,T,TGT,F I,14,90.22
2025-10-17,10:19:15.443149559,T,TGT,F I,5,90.21
2025-10-17,10:19:16.662849366,T,TGT,I,9,90.21
2025-10-17,10:19:16.670553812,T,TGT,F I,80,90.21
2025-10-17,10:19:16.670553812,T,TGT,F I,14,90.2
2025-10-17,10:19:16.670553812,T,TGT,F I,24,90.2
2025-10-17,10:19:16.670623827,T,TGT,I,76,90.2
2025-10-17,10:19:16.670623827,T,TGT,I,4,90.2
2025-10-17,10:19:16.670628934,T,TGT,F I,7,90.21
2025-10-17,10:19:16.711274072,T,TGT,I,7,90.2
2025-10-17,10:19:16.711276837,T,TGT,I,30,90.2
2025-10-17,10:19:27.700173642,T,TGT,I,10,90.18
2025-10-17,10:19:27.700173642,T,TGT,I,18,90.18
2025-10-17,10:19:34.017143239,T,TGT,F I,27,90.18
2025-10-17,10:19:34.017212325,T,TGT,F I,73,90.18
2025-10-17,10:19:34.017579288,T,TGT,I,1,90.185
2025-10-17,10:19:50.044019738,T,TGT,F I,10,90.15
2025-10-17,10:19:53.807885682,T,TGT,I,36,90.16
2025-10-17,10:19:53.807888610,T,TGT,I,28,90.16
2025-10-17,10:19:53.807888610,T,TGT,I,1,90.16
2025-10-17,10:19:53.808062991,T,TGT,,100,90.17
2025-10-17,10:19:53.808066060,T,TGT,I,6,90.17
2025-10-17,10:19:57.622948386,T,TGT,F I,1,90.19
2025-10-17,10:20:04.572210097,T,TGT,I,1,90.18
2025-10-17,10:20:09.572218643,T,TGT,I,1,90.175
2025-10-17,10:20:19.573303596,T,TGT,I,2,90.175
2025-10-17,10:20:22.703442747,T,TGT,I,5,90.175
2025-10-17,10:20:27.842045452,T,TGT,F I,38,90.2
2025-10-17,10:20:27.842051478,T,TGT,F I,15,90.2
2025-10-17,10:20:27.842051478,T,TGT,F I,5,90.2
2025-10-17,10:20:46.520729887,T,TGT,,100,90.245
2025-10-17,10:20:53.340331659,T,TGT,I,2,90.27
2025-10-17,10:20:57.092500239,T,TGT,F I,49,90.24
2025-10-17,10:20:57.092515659,T,TGT,F I,9,90.24
2025-10-17,10:20:57.367134800,T,TGT,,100,90.23
2025-10-17,10:20:58.679882244,T,TGT,F,100,90.25
2025-10-17,10:20:58.679885223,T,TGT,F I,11,90.25
2025-10-17,10:20:58.679888229,T,TGT,F I,72,90.25
2025-10-17,10:21:01.003962964,T,TGT,,100,90.265
2025-10-17,10:21:01.406264999,T,TGT,I,12,90.29
2025-10-17,10:21:01.406333559,T,TGT,F I,12,90.29
2025-10-17,10:21:15.459936468,T,TGT,F I,10,90.25
2025-10-17,10:21:15.459957445,T,TGT,F I,90,90.25
2025-10-17,10:21:15.459960156,T,TGT,F,100,90.25
2025-10-17,10:21:26.889724985,T,TGT,I,1,90.26
2025-10-17,10:21:30.479668536,T,TGT,I,2,90.255
2025-10-17,10:21:37.167592654,T,TGT,F I,3,90.21
2025-10-17,10:21:37.693091610,T,TGT,I,25,90.25
2025-10-17,10:21:37.693091610,T,TGT,I,4,90.25
2025-10-17,10:21:37.693139871,T,TGT,I,46,90.25
2025-10-17,10:21:37.693142945,T,TGT,I,21,90.25
2025-10-17,10:21:37.693145701,T,TGT,I,16,90.25
2025-10-17,10:21:37.693148722,T,TGT,,100,90.25
2025-10-17,10:21:38.098333993,T,TGT,I,2,90.25
2025-10-17,10:21:38.098333993,T,TGT,I,98,90.25
2025-10-17,10:21:38.103055228,T,TGT,F I,7,90.26
2025-10-17,10:21:38.103061619,T,TGT,F,100,90.27
2025-10-17,10:21:38.103061619,T,TGT,F I,26,90.27
2025-10-17,10:21:38.103065140,T,TGT,F I,50,90.27
2025-10-17,10:21:38.103067336,T,TGT,F,100,90.27
2025-10-17,10:21:38.103118443,T,TGT,I,7,90.26
2025-10-17,10:21:38.103163544,T,TGT,F I,4,90.27
2025-10-17,10:21:38.103172550,T,TGT,F I,7,90.27
2025-10-17,10:21:39.876711116,T,TGT,F I,7,90.26
2025-10-17,10:21:39.876711116,T,TGT,F I,4,90.26
2025-10-17,10:21:39.876713766,T,TGT,F I,2,90.26
2025-10-17,10:21:50.590987061,T,TGT,,100,90.265
2025-10-17,10:22:00.169427291,T,TGT,I,24,90.22
2025-10-17,10:22:00.169941490,T,TGT,,100,90.21
2025-10-17,10:22:00.170377575,T,TGT,I,1,90.2
2025-10-17,10:22:01.920096185,T,TGT,I,4,90.21
2025-10-17,10:22:05.762250210,T,TGT,I,1,90.19
2025-10-17,10:22:09.173249288,T,TGT,F I,2,90.17
2025-10-17,10:22:11.974534193,T,TGT,I,1,90.175
2025-10-17,10:22:11.974534193,T,TGT,I,9,90.175
2025-10-17,10:22:13.080938628,T,TGT,I,20,90.2
2025-10-17,10:22:13.350082820,T,TGT,I,80,90.19
2025-10-17,10:22:20.695932289,T,TGT,I,1,90.195
2025-10-17,10:22:33.915864885,T,TGT,I,18,90.17
2025-10-17,10:22:34.275584828,T,TGT,I,5,90.2
2025-10-17,10:22:41.866957235,T,TGT,I,1,90.185
2025-10-17,10:22:42.238390379,T,TGT,F I,1,90.16
2025-10-17,10:22:42.238390379,T,TGT,F I,17,90.16
2025-10-17,10:22:42.239361403,T,TGT,F I,1,90.15
2025-10-17,10:22:42.239364379,T,TGT,F,100,90.15
2025-10-17,10:22:43.238281175,T,TGT,F I,2,90.14
2025-10-17,10:22:43.239315565,T,TGT,F I,30,90.13
2025-10-17,10:22:43.239315565,T,TGT,F I,12,90.13
2025-10-17,10:22:43.239336695,T,TGT,F,588,90.13
2025-10-17,10:22:43.239791383,T,TGT,F,100,90.14
2025-10-17,10:22:43.239791383,T,TGT,F,100,90.14
2025-10-17,10:22:43.239793716,T,TGT,F,100,90.14
2025-10-17,10:22:43.239796791,T,TGT,F,100,90.14
2025-10-17,10:22:43.239801095,T,TGT,F I,3,90.14
2025-10-17,10:22:43.239801095,T,TGT,I,67,90.13
2025-10-17,10:22:43.239803739,T,TGT,,133,90.13
2025-10-17,10:22:43.239803739,T,TGT,,500,90.13
2025-10-17,10:22:43.239805770,T,TGT,I,50,90.13
2025-10-17,10:22:43.239824584,T,TGT,I,22,90.13
2025-10-17,10:22:43.239824584,T,TGT,I,82,90.13
2025-10-17,10:22:43.239826864,T,TGT,F I,7,90.14
2025-10-17,10:22:43.240088476,T,TGT,F I,17,90.15
2025-10-17,10:22:43.240088476,T,TGT,F I,25,90.15
2025-10-17,10:22:43.240091528,T,TGT,F I,15,90.15
2025-10-17,10:22:58.323052393,T,TGT,F I,56,90.21
2025-10-17,10:22:58.323205728,T,TGT,F I,70,90.22
2025-10-17,10:22:58.324564992,T,TGT,F,100,90.23
2025-10-17,10:22:59.662852122,T,TGT,I,1,90.215
2025-10-17,10:23:09.718631389,T,TGT,F I,82,90.23
2025-10-17,10:23:09.718631389,T,TGT,F I,18,90.24
2025-10-17,10:23:09.719271985,T,TGT,F I,52,90.24
2025-10-17,10:23:09.719271985,T,TGT,F I,5,90.24
2025-10-17,10:23:09.719275003,T,TGT,F I,28,90.24
2025-10-17,10:23:12.922933082,T,TGT,F I,5,90.25
2025-10-17,10:23:15.945033733,T,TGT,I,24,90.23
2025-10-17,10:23:15.945033733,T,TGT,I,17,90.23
2025-10-17,10:23:15.945054875,T,TGT,F I,83,90.23
2025-10-17,10:23:15.945078850,T,TGT,I,1,90.23
2025-10-17,10:23:15.945078850,T,TGT,I,23,90.23
2025-10-17,10:23:19.617911894,T,TGT,I,1,90.26
2025-10-17,10:23:31.731617193,T,TGT,I,5,90.26
2025-10-17,10:23:34.778875977,T,TGT,F I,5,90.28
2025-10-17,10:23:34.784902480,T,TGT,F I,5,90.29
2025-10-17,10:23:39.533933299,T,TGT,I,1,90.31
2025-10-17,10:23:39.620723106,T,TGT,I,1,90.31
2025-10-17,10:23:48.779411380,T,TGT,I,2,90.33
2025-10-17,10:23:50.181269998,T,TGT,I,1,90.315
2025-10-17,10:24:13.746956550,T,TGT,I,7,90.34
2025-10-17,10:24:13.746989628,T,TGT,F I,1,90.35
2025-10-17,10:24:13.746989628,T,TGT,F I,5,90.35
2025-10-17,10:24:14.447015425,T,TGT,F I,1,90.35
2025-10-17,10:24:14.447015425,T,TGT,F I,50,90.35
2025-10-17,10:24:14.447024396,T,TGT,F I,18,90.34
2025-10-17,10:24:14.447024396,T,TGT,F I,25,90.34
2025-10-17,10:24:14.969260510,T,TGT,F I,18,90.33
2025-10-17,10:24:15.670991330,T,TGT,F I,1,90.32
2025-10-17,10:24:15.671012372,T,TGT,F I,29,90.32
2025-10-17,10:24:15.671015390,T,TGT,F I,18,90.32
2025-10-17,10:24:22.491624110,T,TGT,I,32,90.34
2025-10-17,10:24:22.492348799,T,TGT,F I,22,90.35
2025-10-17,10:24:25.392484898,T,TGT,F I,20,90.38
2025-10-17,10:24:25.398872077,T,TGT,F I,15,90.37
2025-10-17,10:24:36.811727455,T,TGT,F,100,90.35
2025-10-17,10:24:36.811730473,T,TGT,F,100,90.35
2025-10-17,10:24:36.811730473,T,TGT,F I,77,90.35
2025-10-17,10:24:36.811739446,T,TGT,F I,23,90.35
2025-10-17,10:24:36.918424632,T,TGT,I,35,90.32
2025-10-17,10:24:46.035370564,T,TGT,F I,5,90.26
2025-10-17,10:24:46.035394588,T,TGT,F I,1,90.25
2025-10-17,10:25:20.578330992,T,TGT,I,18,90.34
2025-10-17,10:25:20.578364205,T,TGT,F I,32,90.34
2025-10-17,10:25:20.578364205,T,TGT,F I,60,90.34
2025-10-17,10:25:20.578385573,T,TGT,I,1,90.34
2025-10-17,10:25:20.578388154,T,TGT,I,1,90.34
2025-10-17,10:25:20.578409473,T,TGT,I,38,90.34
2025-10-17,10:25:20.578412542,T,TGT,I,7,90.34
2025-10-17,10:25:20.584002641,T,TGT,I,1,90.34
2025-10-17,10:25:24.605038178,T,TGT,F,100,90.37
2025-10-17,10:25:57.635807717,T,TGT,F I,48,90.33
2025-10-17,10:25:57.635807717,T,TGT,F I,1,90.33
2025-10-17,10:25:57.635807717,T,TGT,F I,2,90.33
2025-10-17,10:25:57.635810345,T,TGT,F,100,90.33
2025-10-17,10:25:57.636216211,T,TGT,F I,48,90.32
2025-10-17,10:25:57.636444546,T,TGT,F I,33,90.31
2025-10-17,10:25:57.636637002,T,TGT,F I,1,90.32
2025-10-17,10:25:57.636805477,T,TGT,I,1,90.3
2025-10-17,10:25:57.649465676,T,TGT,F I,6,90.31
2025-10-17,10:25:57.649468614,T,TGT,F I,34,90.31
2025-10-17,10:26:15.354571320,T,TGT,F,100,90.375
2025-10-17,10:26:17.386773706,T,TGT,I,9,90.42
2025-10-17,10:26:17.386794753,T,TGT,I,1,90.42
2025-10-17,10:26:19.653092916,T,TGT,I,1,90.41
2025-10-17,10:26:20.568323272,T,TGT,F I,6,90.42
2025-10-17,10:26:20.568326474,T,TGT,F I,5,90.42
2025-10-17,10:26:20.568326474,T,TGT,F I,58,90.42
2025-10-17,10:26:20.568765290,T,TGT,F I,7,90.4
2025-10-17,10:26:20.568771356,T,TGT,F I,7,90.4
2025-10-17,10:26:20.568789338,T,TGT,F I,6,90.4
2025-10-17,10:26:20.568792419,T,TGT,F I,68,90.4
2025-10-17,10:26:28.342091970,T,TGT,I,23,90.42
2025-10-17,10:26:28.343159555,T,TGT,I,3,90.4
2025-10-17,10:26:28.343198612,T,TGT,,200,90.4
2025-10-17,10:26:34.654352002,T,TGT,I,2,90.4
2025-10-17,10:26:34.654391049,T,TGT,I,1,90.4
2025-10-17,10:26:34.654391049,T,TGT,I,14,90.4
2025-10-17,10:26:34.655124795,T,TGT,F I,3,90.39
2025-10-17,10:26:34.655127776,T,TGT,F I,33,90.39
2025-10-17,10:26:34.655410497,T,TGT,,100,90.38
2025-10-17,10:26:34.663466725,T,TGT,F I,1,90.37
2025-10-17,10:26:34.772987533,T,TGT,I,3,90.38
2025-10-17,10:26:34.772990612,T,TGT,I,40,90.38
2025-10-17,10:26:41.104385254,T,TGT,I,18,90.38
2025-10-17,10:26:41.128454639,T,TGT,F,100,90.39
2025-10-17,10:26:41.128454639,T,TGT,F I,28,90.39
2025-10-17,10:26:41.128457576,T,TGT,F I,6,90.39
2025-10-17,10:26:56.840730694,T,TGT,,100,90.43
2025-10-17,10:27:01.913597122,T,TGT,I,24,90.45
2025-10-17,10:27:01.913678325,T,TGT,F I,1,90.45
2025-10-17,10:27:01.913756507,T,TGT,I,80,90.45
2025-10-17,10:27:01.913783517,T,TGT,F I,20,90.455
2025-10-17,10:27:01.923502632,T,TGT,,100,90.445
2025-10-17,10:27:02.139032188,T,TGT,I,19,90.44
2025-10-17,10:27:02.197392360,T,TGT,F,100,90.44
