DATE,TIME_M,EX,SYM_ROOT,TR_SCOND,SIZE,PRICE
2025-10-15,9:30:14.062339863,T,TGT,I,3,89.16
2025-10-15,9:30:14.062346403,T,TGT,Q,3,89.16
2025-10-15,9:30:29.446130445,T,TGT,I,2,89.03
2025-10-15,9:30:30.595628166,T,TGT,F,100,89.2
2025-10-15,9:30:30.595631133,T,TGT,F I,35,89.22
2025-10-15,9:30:30.597149729,T,TGT,,200,89.085
2025-10-15,9:30:58.986391386,T,TGT,I,47,89.09
2025-10-15,9:30:58.986412405,T,TGT,F,145,89.08
2025-10-15,9:30:58.986418413,T,TGT,F I,77,89.08
2025-10-15,9:30:58.986421417,T,TGT,F,123,89.09
2025-10-15,9:30:58.986439695,T,TGT,I,1,89.09
2025-10-15,9:30:58.986439695,T,TGT,F,125,89.09
2025-10-15,9:30:58.986463528,T,TGT,,105,89.09
2025-10-15,9:30:58.986466478,T,TGT,,105,89.09
2025-10-15,9:30:58.987140090,T,TGT,I,80,89.04
2025-10-15,9:30:58.993476238,T,TGT,,100,89.08
2025-10-15,9:30:58.993479204,T,TGT,,394,89.09
2025-10-15,9:30:59.000561085,T,TGT,,100,89.09
2025-10-15,9:31:03.337003585,T,TGT,F I,4,89.02
2025-10-15,9:31:03.341875252,T,TGT,F I,21,89.05
2025-10-15,9:31:03.342251192,T,TGT,,100,89.15
2025-10-15,9:31:03.342254118,T,TGT,I,54,89.16
2025-10-15,9:31:03.347369477,T,TGT,,100,89.22
2025-10-15,9:31:03.347369477,T,TGT,I,20,89.22
2025-10-15,9:31:03.349020239,T,TGT,I,20,89.23
2025-10-15,9:31:03.349765950,T,TGT,I,15,89.15
2025-10-15,9:31:03.349777991,T,TGT,I,15,89.15
2025-10-15,9:31:03.350412972,T,TGT,F I,15,89.15
2025-10-15,9:31:03.352144919,T,TGT,I,50,89.15
2025-10-15,9:31:03.352147644,T,TGT,I,50,89.19
2025-10-15,9:31:03.352192769,T,TGT,F I,25,89.19
2025-10-15,9:31:03.353221333,T,TGT,I,25,89.19
2025-10-15,9:31:03.354342854,T,TGT,F I,41,89.19
2025-10-15,9:31:03.355257043,T,TGT,I,1,89.19
2025-10-15,9:31:06.276982085,T,TGT,I,4,89.23
2025-10-15,9:31:06.276985200,T,TGT,I,2,89.23
2025-10-15,9:31:07.482452072,T,TGT,I,7,89.15
2025-10-15,9:31:08.393746342,T,TGT,I,93,89.15
2025-10-15,9:31:21.227867454,T,TGT,F,100,89.2
2025-10-15,9:31:26.624290610,T,TGT,F,100,89.23
2025-10-15,9:31:26.624290610,T,TGT,F,100,89.23
2025-10-15,9:31:26.624567191,T,TGT,F,100,89.25
2025-10-15,9:31:26.624570802,T,TGT,F I,10,89.25
2025-10-15,9:31:26.624588180,T,TGT,I,25,89.25
2025-10-15,9:31:26.624822754,T,TGT,I,30,89.28
2025-10-15,9:31:26.624825715,T,TGT,I,4,89.28
2025-10-15,9:31:26.624924934,T,TGT,F I,6,89.29
2025-10-15,9:31:26.624927951,T,TGT,F I,6,89.29
2025-10-15,9:31:26.625147676,T,TGT,F I,14,89.3
2025-10-15,9:31:26.625147676,T,TGT,I,12,89.3
2025-10-15,9:31:26.625162576,T,TGT,I,15,89.27
2025-10-15,9:31:27.661197175,T,TGT,,139,89.27
2025-10-15,9:31:27.661197175,T,TGT,I,1,89.27
2025-10-15,9:31:27.661253875,T,TGT,,100,89.27
2025-10-15,9:31:28.683746954,T,TGT,F I,2,89.28
2025-10-15,9:31:39.292566177,T,TGT,F I,26,89.35
2025-10-15,9:31:39.295874104,T,TGT,,100,89.32
2025-10-15,9:31:44.651176941,T,TGT,I,1,89.295
2025-10-15,9:31:48.730972956,T,TGT,I,6,89.31
2025-10-15,9:31:50.883038282,T,TGT,F,100,89.26
2025-10-15,9:31:50.883576446,T,TGT,,500,89.23
2025-10-15,9:31:50.883814102,T,TGT,F I,38,89.22
2025-10-15,9:31:50.883814102,T,TGT,F,100,89.22
2025-10-15,9:31:51.260229869,T,TGT,F,100,89.22
2025-10-15,9:31:51.260229869,T,TGT,F I,19,89.21
2025-10-15,9:31:51.260332095,T,TGT,I,13,89.24
2025-10-15,9:31:51.260335076,T,TGT,,100,89.24
2025-10-15,9:31:51.260350252,T,TGT,I,1,89.24
2025-10-15,9:31:51.260380146,T,TGT,F I,19,89.225
2025-10-15,9:31:51.260461375,T,TGT,F I,13,89.22
2025-10-15,9:31:51.260512905,T,TGT,,100,89.23
2025-10-15,9:31:51.260608907,T,TGT,I,2,89.24
2025-10-15,9:31:51.260608907,T,TGT,,100,89.24
2025-10-15,9:31:51.260623819,T,TGT,I,2,89.23
2025-10-15,9:31:51.260765081,T,TGT,I,4,89.23
2025-10-15,9:31:51.262070198,T,TGT,I,2,89.25
2025-10-15,9:31:51.262145595,T,TGT,F I,15,89.24
2025-10-15,9:31:51.262152236,T,TGT,F I,31,89.24
2025-10-15,9:31:51.262157456,T,TGT,F I,15,89.24
2025-10-15,9:31:51.262157456,T,TGT,F I,30,89.24
2025-10-15,9:31:51.262350368,T,TGT,I,5,89.25
2025-10-15,9:31:51.262350368,T,TGT,I,1,89.25
2025-10-15,9:31:51.262353688,T,TGT,I,10,89.25
2025-10-15,9:31:51.262353688,T,TGT,I,30,89.25
2025-10-15,9:31:51.262356399,T,TGT,I,15,89.25
2025-10-15,9:31:51.282137057,T,TGT,I,2,89.25
2025-10-15,9:31:51.291308870,T,TGT,I,11,89.24
2025-10-15,9:31:51.291311837,T,TGT,I,15,89.24
2025-10-15,9:31:51.291363032,T,TGT,I,6,89.2
2025-10-15,9:31:51.291363032,T,TGT,I,25,89.2
2025-10-15,9:31:53.837063054,T,TGT,I,2,89.23
2025-10-15,9:31:53.837063054,T,TGT,I,15,89.23
2025-10-15,9:31:53.837147436,T,TGT,,100,89.23
2025-10-15,9:31:55.991476983,T,TGT,,100,89.23
2025-10-15,9:31:55.991480386,T,TGT,I,2,89.23
2025-10-15,9:31:55.991480386,T,TGT,,200,89.23
2025-10-15,9:31:55.991483053,T,TGT,I,50,89.23
2025-10-15,9:31:55.991485949,T,TGT,I,56,89.23
2025-10-15,9:31:55.991485949,T,TGT,,100,89.23
2025-10-15,9:31:55.991537110,T,TGT,I,30,89.23
2025-10-15,9:31:55.991567215,T,TGT,I,70,89.23
2025-10-15,9:32:00.813690810,T,TGT,F I,2,89.26
2025-10-15,9:32:00.817612236,T,TGT,I,5,89.285
2025-10-15,9:32:09.623892003,T,TGT,F I,59,89.29
2025-10-15,9:32:25.336254377,T,TGT,F,100,89.26
2025-10-15,9:32:25.336258040,T,TGT,F,100,89.26
2025-10-15,9:32:25.336260532,T,TGT,F I,50,89.24
2025-10-15,9:32:25.336260532,T,TGT,F,100,89.24
2025-10-15,9:32:25.336263400,T,TGT,F,100,89.23
2025-10-15,9:32:33.992010648,T,TGT,I,7,89.25
2025-10-15,9:32:33.992010648,T,TGT,I,50,89.25
2025-10-15,9:32:36.115691149,T,TGT,I,30,89.29
2025-10-15,9:32:36.118262255,T,TGT,I,30,89.29
2025-10-15,9:32:40.206421108,T,TGT,I,30,89.285
2025-10-15,9:32:49.498210770,T,TGT,I,2,89.28
2025-10-15,9:32:49.498243777,T,TGT,F I,2,89.27
2025-10-15,9:32:49.498246995,T,TGT,F I,21,89.27
2025-10-15,9:32:59.277759785,T,TGT,F I,1,89.33
2025-10-15,9:32:59.277759785,T,TGT,F,100,89.33
2025-10-15,9:33:09.964993612,T,TGT,F I,1,89.3
2025-10-15,9:33:20.305595001,T,TGT,F I,4,89.41
2025-10-15,9:33:20.306049240,T,TGT,F I,1,89.42
2025-10-15,9:33:22.526343890,T,TGT,I,30,89.405
2025-10-15,9:33:26.522736345,T,TGT,F,100,89.37
2025-10-15,9:33:26.522856555,T,TGT,F I,38,89.35
2025-10-15,9:33:26.526266683,T,TGT,I,14,89.36
2025-10-15,9:33:26.537513579,T,TGT,I,1,89.37
2025-10-15,9:33:30.309330638,T,TGT,I,30,89.37
2025-10-15,9:33:30.311898859,T,TGT,I,30,89.37
2025-10-15,9:33:30.362055355,T,TGT,I,30,89.37
2025-10-15,9:33:30.900665588,T,TGT,F I,30,89.4
2025-10-15,9:33:31.786359638,T,TGT,,150,89.41
2025-10-15,9:33:31.786413841,T,TGT,I,5,89.44
2025-10-15,9:33:31.786416827,T,TGT,,100,89.41
2025-10-15,9:33:31.786846866,T,TGT,I,30,89.42
2025-10-15,9:33:31.786846866,T,TGT,I,70,89.44
2025-10-15,9:33:33.350124432,T,TGT,I,9,89.39
2025-10-15,9:33:33.350124432,T,TGT,I,53,89.37
2025-10-15,9:33:33.350142355,T,TGT,F I,17,89.37
2025-10-15,9:33:38.301038819,T,TGT,I,94,89.33
2025-10-15,9:33:38.301059807,T,TGT,F I,6,89.33
2025-10-15,9:33:38.301062787,T,TGT,F I,3,89.33
2025-10-15,9:33:42.880417997,T,TGT,I,30,89.385
2025-10-15,9:33:42.983906650,T,TGT,I,30,89.385
2025-10-15,9:33:43.090997712,T,TGT,I,30,89.385
2025-10-15,9:33:43.916927521,T,TGT,I,30,89.385
2025-10-15,9:33:44.155726404,T,TGT,I,30,89.385
2025-10-15,9:33:44.566492996,T,TGT,I,30,89.385
2025-10-15,9:33:44.587639793,T,TGT,I,30,89.385
2025-10-15,9:33:49.691312227,T,TGT,F I,30,89.385
2025-10-15,9:33:49.691312227,T,TGT,F I,44,89.4
2025-10-15,9:33:49.691335931,T,TGT,F I,1,89.4
2025-10-15,9:33:49.691366044,T,TGT,I,14,89.4
2025-10-15,9:33:49.691366044,T,TGT,I,25,89.4
2025-10-15,9:33:49.692938745,T,TGT,F I,30,89.42
2025-10-15,9:33:51.738105378,T,TGT,F I,2,89.44
2025-10-15,9:33:51.738192541,T,TGT,,100,89.44
2025-10-15,9:33:51.738210578,T,TGT,F,200,89.44
2025-10-15,9:33:53.111341979,T,TGT,F I,1,89.42
2025-10-15,9:33:56.755297631,T,TGT,F I,13,89.44
2025-10-15,9:33:56.755318738,T,TGT,I,1,89.44
2025-10-15,9:33:56.755357805,T,TGT,I,86,89.44
2025-10-15,9:33:59.252837951,T,TGT,I,10,89.47
2025-10-15,9:33:59.253325130,T,TGT,I,30,89.49
2025-10-15,9:33:59.258187778,T,TGT,I,4,89.48
2025-10-15,9:34:03.178381465,T,TGT,F I,90,89.49
2025-10-15,9:34:03.178679208,T,TGT,I,8,89.49
2025-10-15,9:34:03.178704036,T,TGT,F I,5,89.5
2025-10-15,9:34:03.178706764,T,TGT,F I,2,89.5
2025-10-15,9:34:03.178709658,T,TGT,F I,25,89.5
2025-10-15,9:34:03.178709658,T,TGT,F I,20,89.5
2025-10-15,9:34:03.178715346,T,TGT,F I,8,89.5
2025-10-15,9:34:04.339399602,T,TGT,I,30,89.49
2025-10-15,9:34:04.341979738,T,TGT,I,30,89.49
2025-10-15,9:34:05.086006469,T,TGT,I,50,89.51
2025-10-15,9:34:05.086006469,T,TGT,I,50,89.51
2025-10-15,9:34:05.086009343,T,TGT,I,5,89.51
2025-10-15,9:34:05.432699320,T,TGT,F I,30,89.52
2025-10-15,9:34:06.908862283,T,TGT,I,63,89.55
2025-10-15,9:34:07.343535928,T,TGT,F I,4,89.58
2025-10-15,9:34:15.852007189,T,TGT,F I,1,89.62
2025-10-15,9:34:15.852019206,T,TGT,F I,6,89.62
2025-10-15,9:34:15.852280806,T,TGT,F I,4,89.63
2025-10-15,9:34:15.852283788,T,TGT,F,600,89.63
2025-10-15,9:34:15.853107768,T,TGT,,100,89.64
2025-10-15,9:34:21.598364804,T,TGT,I,30,89.64
2025-10-15,9:34:23.371488162,T,TGT,F I,1,89.7
2025-10-15,9:34:23.373457884,T,TGT,F I,94,89.71
2025-10-15,9:34:23.373478950,T,TGT,I,6,89.71
2025-10-15,9:34:23.374874258,T,TGT,F I,4,89.72
2025-10-15,9:34:24.123023664,T,TGT,F I,53,89.69
2025-10-15,9:34:24.123045137,T,TGT,,200,89.72
2025-10-15,9:34:24.123045137,T,TGT,,247,89.69
2025-10-15,9:34:24.123050722,T,TGT,I,1,89.69
2025-10-15,9:34:24.123050722,T,TGT,I,1,89.69
2025-10-15,9:34:24.123053769,T,TGT,,154,89.69
2025-10-15,9:34:24.123053769,T,TGT,I,1,89.69
2025-10-15,9:34:24.123062985,T,TGT,I,1,89.69
2025-10-15,9:34:24.123090093,T,TGT,,145,89.69
2025-10-15,9:34:24.123153047,T,TGT,I,30,89.69
2025-10-15,9:34:24.123267239,T,TGT,I,30,89.69
2025-10-15,9:34:24.123420633,T,TGT,F I,22,89.69
2025-10-15,9:34:24.123420633,T,TGT,F I,18,89.69
2025-10-15,9:34:24.123643226,T,TGT,F I,60,89.69
2025-10-15,9:34:24.123664203,T,TGT,,125,89.69
2025-10-15,9:34:24.123667285,T,TGT,,125,89.69
2025-10-15,9:34:24.123670222,T,TGT,I,1,89.69
2025-10-15,9:34:24.123685330,T,TGT,F I,89,89.69
2025-10-15,9:34:24.124115264,T,TGT,I,11,89.69
2025-10-15,9:34:24.124142363,T,TGT,I,60,89.69
2025-10-15,9:34:24.141803834,T,TGT,,100,89.69
2025-10-15,9:34:24.779499720,T,TGT,I,6,89.7
2025-10-15,9:34:25.428773654,T,TGT,,194,89.7
2025-10-15,9:34:25.935441790,T,TGT,F I,30,89.7
2025-10-15,9:34:34.263501152,T,TGT,I,5,89.71
2025-10-15,9:34:34.263537238,T,TGT,F I,95,89.71
2025-10-15,9:34:35.691462334,T,TGT,F I,30,89.785
2025-10-15,9:34:35.691465350,T,TGT,F I,70,89.81
2025-10-15,9:34:35.691465350,T,TGT,F I,30,89.81
2025-10-15,9:34:35.696144462,T,TGT,I,15,89.79
2025-10-15,9:34:35.696156913,T,TGT,I,15,89.79
2025-10-15,9:34:35.696162501,T,TGT,I,21,89.81
2025-10-15,9:34:35.696198586,T,TGT,I,3,89.8
2025-10-15,9:34:35.696205198,T,TGT,,100,89.79
2025-10-15,9:34:35.696205198,T,TGT,I,21,89.79
2025-10-15,9:34:35.696205198,T,TGT,I,70,89.79
2025-10-15,9:34:35.696210664,T,TGT,,100,89.78
2025-10-15,9:34:35.696210664,T,TGT,I,1,89.78
2025-10-15,9:34:36.188266901,T,TGT,I,30,89.805
2025-10-15,9:34:37.622203233,T,TGT,I,30,89.805
2025-10-15,9:34:37.624765326,T,TGT,I,30,89.805
2025-10-15,9:34:39.478910846,T,TGT,I,30,89.815
2025-10-15,9:34:40.486491320,T,TGT,I,19,89.835
2025-10-15,9:34:41.659107937,T,TGT,F,300,89.86
2025-10-15,9:34:41.659210172,T,TGT,F I,10,89.87
2025-10-15,9:34:41.659396644,T,TGT,I,21,89.86
2025-10-15,9:34:41.659429887,T,TGT,I,21,89.86
2025-10-15,9:34:41.659453817,T,TGT,I,21,89.85
2025-10-15,9:34:41.659483900,T,TGT,I,17,89.87
2025-10-15,9:34:41.659550068,T,TGT,F I,3,89.86
2025-10-15,9:34:41.659889837,T,TGT,,100,89.85
2025-10-15,9:34:42.437530659,T,TGT,F I,1,89.84
2025-10-15,9:34:42.437975661,T,TGT,I,1,89.84
2025-10-15,9:34:43.941010626,T,TGT,F I,2,89.85
2025-10-15,9:34:43.941031628,T,TGT,I,4,89.86
2025-10-15,9:34:43.941046715,T,TGT,F I,2,89.86
2025-10-15,9:34:43.941326337,T,TGT,F I,5,89.85
2025-10-15,9:34:43.941623988,T,TGT,F I,1,89.85
2025-10-15,9:34:49.387929772,T,TGT,I,3,89.87
2025-10-15,9:34:54.651538224,T,TGT,,102,89.81
2025-10-15,9:34:54.651556210,T,TGT,I,1,89.81
2025-10-15,9:35:01.435208248,T,TGT,I,10,89.86
2025-10-15,9:35:02.476066104,T,TGT,F I,5,89.88
2025-10-15,9:35:02.476168251,T,TGT,F I,1,89.89
2025-10-15,9:35:02.476249550,T,TGT,F I,30,89.88
2025-10-15,9:35:02.476643394,T,TGT,F,100,89.89
2025-10-15,9:35:06.133705258,T,TGT,I,16,89.94
2025-10-15,9:35:06.133705258,T,TGT,I,17,89.94
2025-10-15,9:35:06.133707894,T,TGT,I,16,89.94
2025-10-15,9:35:06.133707894,T,TGT,I,11,89.94
2025-10-15,9:35:06.133722500,T,TGT,I,64,89.94
2025-10-15,9:35:06.133728479,T,TGT,I,11,89.94
2025-10-15,9:35:06.133978814,T,TGT,I,41,89.94
2025-10-15,9:35:06.133981519,T,TGT,I,44,89.94
2025-10-15,9:35:06.133984057,T,TGT,I,41,89.94
2025-10-15,9:35:06.133984057,T,TGT,I,28,89.94
2025-10-15,9:35:06.134489243,T,TGT,F,211,89.94
2025-10-15,9:35:06.134543402,T,TGT,,100,89.94
2025-10-15,9:35:06.134606551,T,TGT,I,12,89.94
2025-10-15,9:35:06.134747916,T,TGT,F I,4,89.93
2025-10-15,9:35:06.135165925,T,TGT,I,14,89.93
2025-10-15,9:35:06.880049850,T,TGT,I,2,89.95
2025-10-15,9:35:06.880049850,T,TGT,I,10,89.95
2025-10-15,9:35:06.880049850,T,TGT,I,7,89.95
2025-10-15,9:35:06.882404158,T,TGT,F I,1,89.95
2025-10-15,9:35:13.322607824,T,TGT,I,30,89.935
2025-10-15,9:35:16.126322722,T,TGT,I,30,89.94
2025-10-15,9:35:16.128890818,T,TGT,I,30,89.94
2025-10-15,9:35:16.641678601,T,TGT,F I,30,89.94
2025-10-15,9:35:21.421419132,T,TGT,I,1,89.97
2025-10-15,9:35:21.421422199,T,TGT,,100,89.97
2025-10-15,9:35:21.421425192,T,TGT,,200,89.97
2025-10-15,9:35:21.442667732,T,TGT,F I,51,89.98
2025-10-15,9:35:21.442667732,T,TGT,F I,1,89.98
2025-10-15,9:35:21.451755394,T,TGT,F,200,89.99
2025-10-15,9:35:21.451782555,T,TGT,F I,25,89.99
2025-10-15,9:35:21.452200525,T,TGT,F I,5,90.0
2025-10-15,9:35:21.452200525,T,TGT,F I,20,90.0
2025-10-15,9:35:21.452206648,T,TGT,F,200,90.0
2025-10-15,9:35:21.452206648,T,TGT,F I,1,90.0
2025-10-15,9:35:21.452209963,T,TGT,F I,1,90.0
2025-10-15,9:35:21.452209963,T,TGT,F I,1,90.0
2025-10-15,9:35:21.452212535,T,TGT,F I,40,90.0
2025-10-15,9:35:21.452215991,T,TGT,F,116,90.0
2025-10-15,9:35:21.452215991,T,TGT,F I,21,90.0
2025-10-15,9:35:21.452218687,T,TGT,F I,1,90.0
2025-10-15,9:35:21.452222135,T,TGT,F I,5,90.0
2025-10-15,9:35:21.452222135,T,TGT,F I,31,90.0
2025-10-15,9:35:21.452225179,T,TGT,F I,1,90.0
2025-10-15,9:35:21.452227566,T,TGT,F I,9,90.0
2025-10-15,9:35:21.452233608,T,TGT,F I,5,90.0
2025-10-15,9:35:21.452233608,T,TGT,F,100,90.0
2025-10-15,9:35:21.452237750,T,TGT,F I,15,90.0
2025-10-15,9:35:21.452239620,T,TGT,F I,10,90.0
2025-10-15,9:35:21.452243012,T,TGT,F I,1,90.0
2025-10-15,9:35:21.452248780,T,TGT,F I,20,90.0
2025-10-15,9:35:21.452248780,T,TGT,F I,8,90.0
2025-10-15,9:35:21.452248780,T,TGT,F I,25,90.0
2025-10-15,9:35:21.452251771,T,TGT,F I,14,90.0
2025-10-15,9:35:21.452251771,T,TGT,F I,2,90.0
2025-10-15,9:35:21.452254704,T,TGT,F I,7,90.0
2025-10-15,9:35:21.452254704,T,TGT,F I,40,90.0
2025-10-15,9:35:21.452258438,T,TGT,F I,4,90.0
2025-10-15,9:35:21.452263800,T,TGT,F I,1,90.0
2025-10-15,9:35:21.452263800,T,TGT,F I,1,90.0
2025-10-15,9:35:21.452263800,T,TGT,F I,20,90.0
2025-10-15,9:35:21.452267056,T,TGT,F I,20,90.0
2025-10-15,9:35:21.452274869,T,TGT,F I,1,90.0
2025-10-15,9:35:21.452274869,T,TGT,F I,6,90.0
2025-10-15,9:35:21.452279655,T,TGT,F I,1,90.0
2025-10-15,9:35:21.452279655,T,TGT,F I,1,90.0
2025-10-15,9:35:21.452283333,T,TGT,F I,10,90.0
2025-10-15,9:35:21.452288733,T,TGT,F I,19,90.0
2025-10-15,9:35:21.452288733,T,TGT,F I,10,90.0
2025-10-15,9:35:21.452288733,T,TGT,F I,1,90.0
2025-10-15,9:35:21.452288733,T,TGT,F I,10,90.0
2025-10-15,9:35:21.452293793,T,TGT,F I,50,90.0
2025-10-15,9:35:21.452293793,T,TGT,F,100,90.0
2025-10-15,9:35:21.452293793,T,TGT,F I,20,90.0
2025-10-15,9:35:21.452297024,T,TGT,F I,1,90.0
2025-10-15,9:35:21.452299844,T,TGT,F I,30,90.0
2025-10-15,9:35:21.452299844,T,TGT,F I,20,90.0
2025-10-15,9:35:21.452299844,T,TGT,F,100,90.0
2025-10-15,9:35:21.452303276,T,TGT,F I,60,90.0
2025-10-15,9:35:21.452448703,T,TGT,F I,55,90.0
2025-10-15,9:35:21.452448703,T,TGT,F,100,90.0
2025-10-15,9:35:21.452448703,T,TGT,F I,20,90.0
2025-10-15,9:35:21.452453104,T,TGT,F,200,90.0
2025-10-15,9:35:21.452453104,T,TGT,F,125,90.0
2025-10-15,9:35:21.452453104,T,TGT,F,400,90.0
2025-10-15,9:35:21.452453104,T,TGT,F I,3,90.0
2025-10-15,9:35:21.452456293,T,TGT,F I,40,90.0
2025-10-15,9:35:21.452456293,T,TGT,F I,10,90.0
2025-10-15,9:35:21.452456293,T,TGT,F I,5,90.0
2025-10-15,9:35:21.453087618,T,TGT,I,5,90.01
2025-10-15,9:35:21.453087618,T,TGT,I,1,90.01
2025-10-15,9:35:21.457063139,T,TGT,I,34,90.025
2025-10-15,9:35:21.493970126,T,TGT,I,10,90.0
2025-10-15,9:35:21.493970126,T,TGT,I,30,90.0
2025-10-15,9:35:21.493973027,T,TGT,I,1,90.0
2025-10-15,9:35:21.493982100,T,TGT,I,41,90.0
2025-10-15,9:35:21.494604568,T,TGT,,100,90.0
2025-10-15,9:35:21.494628605,T,TGT,I,25,89.99
2025-10-15,9:35:23.486135261,T,TGT,I,44,90.0
2025-10-15,9:35:27.615351100,T,TGT,F,100,90.005
2025-10-15,9:35:27.615372054,T,TGT,,100,90.005
2025-10-15,9:35:27.615405653,T,TGT,,100,90.0
2025-10-15,9:35:27.615426207,T,TGT,I,1,90.0
2025-10-15,9:35:27.615432205,T,TGT,I,24,90.0
2025-10-15,9:35:27.615907373,T,TGT,F,100,89.98
2025-10-15,9:35:27.615913432,T,TGT,F I,2,89.98
2025-10-15,9:35:27.615916367,T,TGT,F I,9,89.98
2025-10-15,9:35:27.615962480,T,TGT,F,100,89.98
2025-10-15,9:35:27.615962480,T,TGT,F I,5,89.99
2025-10-15,9:35:27.615962480,T,TGT,F,100,90.0
2025-10-15,9:35:27.615964685,T,TGT,F,100,90.0
2025-10-15,9:35:27.615967541,T,TGT,F I,11,90.01
2025-10-15,9:35:27.615997787,T,TGT,I,56,89.99
2025-10-15,9:35:27.616012684,T,TGT,F I,44,89.99
2025-10-15,9:35:27.616015586,T,TGT,F I,6,89.99
2025-10-15,9:35:27.616021610,T,TGT,I,7,89.99
2025-10-15,9:35:27.616036640,T,TGT,I,87,89.99
2025-10-15,9:35:27.616042720,T,TGT,I,10,89.98
2025-10-15,9:35:27.616045828,T,TGT,I,25,89.98
2025-10-15,9:35:27.616048814,T,TGT,I,5,89.98
2025-10-15,9:35:27.616051846,T,TGT,I,50,89.98
2025-10-15,9:35:27.616051846,T,TGT,I,10,89.98
2025-10-15,9:35:27.616063710,T,TGT,I,10,89.98
2025-10-15,9:35:27.616103053,T,TGT,F I,5,89.99
2025-10-15,9:35:27.616123921,T,TGT,I,90,89.98
2025-10-15,9:35:27.616307323,T,TGT,F I,25,89.97
2025-10-15,9:35:27.616331366,T,TGT,I,1,89.97
2025-10-15,9:35:27.616334449,T,TGT,I,1,89.98
2025-10-15,9:35:27.616358429,T,TGT,F I,33,89.97
2025-10-15,9:35:27.616566057,T,TGT,F I,28,89.96
2025-10-15,9:35:27.616568918,T,TGT,F,100,89.96
2025-10-15,9:35:27.616800542,T,TGT,F I,65,89.95
2025-10-15,9:35:27.616825156,T,TGT,I,1,89.95
2025-10-15,9:35:27.616825156,T,TGT,F I,34,89.95
2025-10-15,9:35:27.617101270,T,TGT,F I,94,89.94
2025-10-15,9:35:27.617281631,T,TGT,I,6,89.94
2025-10-15,9:35:28.762323163,T,TGT,I,3,89.95
2025-10-15,9:35:28.762323163,T,TGT,I,1,89.95
2025-10-15,9:35:28.762326739,T,TGT,I,6,89.95
2025-10-15,9:35:28.762340731,T,TGT,F I,94,89.95
2025-10-15,9:35:29.292239288,T,TGT,F,100,89.96
2025-10-15,9:35:40.514180156,T,TGT,F,200,89.93
2025-10-15,9:35:45.374130885,T,TGT,,100,89.89
2025-10-15,9:35:55.643110486,T,TGT,F I,8,89.87
2025-10-15,9:35:57.246759102,T,TGT,F I,1,89.84
2025-10-15,9:35:59.003472471,T,TGT,I,30,89.86
2025-10-15,9:35:59.297437874,T,TGT,I,30,89.855
2025-10-15,9:35:59.297446805,T,TGT,I,28,89.855
2025-10-15,9:36:00.450126124,T,TGT,I,30,89.855
2025-10-15,9:36:00.684315015,T,TGT,I,1,89.855
2025-10-15,9:36:02.959977661,T,TGT,I,14,89.87
2025-10-15,9:36:02.959977661,T,TGT,I,28,89.87
2025-10-15,9:36:02.959986824,T,TGT,F I,47,89.87
2025-10-15,9:36:02.959986824,T,TGT,F I,42,89.87
2025-10-15,9:36:02.959998804,T,TGT,I,28,89.87
2025-10-15,9:36:03.435795440,T,TGT,F I,9,89.865
2025-10-15,9:36:03.435795440,T,TGT,F I,88,89.88
2025-10-15,9:36:03.435816459,T,TGT,I,1,89.88
2025-10-15,9:36:03.436126089,T,TGT,,100,89.88
2025-10-15,9:36:03.436144840,T,TGT,F I,11,89.88
2025-10-15,9:36:03.436147144,T,TGT,I,7,89.88
2025-10-15,9:36:03.436171255,T,TGT,F I,3,89.88
2025-10-15,9:36:03.436658363,T,TGT,,100,89.88
2025-10-15,9:36:03.436679462,T,TGT,I,1,89.88
2025-10-15,9:36:03.437217751,T,TGT,I,1,89.88
2025-10-15,9:36:03.521616852,T,TGT,I,26,89.88
2025-10-15,9:36:05.139781051,T,TGT,I,10,89.885
2025-10-15,9:36:05.139781051,T,TGT,I,90,89.9
2025-10-15,9:36:05.139799177,T,TGT,F I,10,89.9
2025-10-15,9:36:05.966378420,T,TGT,I,14,89.92
2025-10-15,9:36:06.137287633,T,TGT,I,8,89.925
2025-10-15,9:36:08.800591841,T,TGT,I,22,89.93
2025-10-15,9:36:09.734289486,T,TGT,I,30,89.915
2025-10-15,9:36:11.742972987,T,TGT,F I,10,89.95
2025-10-15,9:36:19.158376129,T,TGT,I,25,89.93
2025-10-15,9:36:19.269259251,T,TGT,,100,89.94
2025-10-15,9:36:22.881186032,T,TGT,F I,6,89.89
2025-10-15,9:36:27.994192239,T,TGT,F,100,89.88
2025-10-15,9:36:27.994264362,T,TGT,F I,10,89.87
2025-10-15,9:36:27.994276357,T,TGT,F I,5,89.87
2025-10-15,9:36:28.003682926,T,TGT,I,47,89.88
2025-10-15,9:36:28.003772993,T,TGT,F I,10,89.88
2025-10-15,9:36:28.004106767,T,TGT,I,90,89.88
2025-10-15,9:36:28.725525575,T,TGT,I,5,89.88
2025-10-15,9:36:30.640578132,T,TGT,I,89,89.91
2025-10-15,9:36:30.640638329,T,TGT,F I,21,89.92
2025-10-15,9:36:30.640752499,T,TGT,F I,1,89.93
2025-10-15,9:36:37.527499046,T,TGT,F I,3,89.98
2025-10-15,9:36:37.527932130,T,TGT,F I,3,89.98
2025-10-15,9:36:37.527935102,T,TGT,F I,3,89.98
2025-10-15,9:36:37.527962134,T,TGT,F I,3,89.98
2025-10-15,9:36:37.527983308,T,TGT,F I,42,89.98
2025-10-15,9:36:44.708595960,T,TGT,I,30,89.965
2025-10-15,9:36:53.840452591,T,TGT,I,8,90.0
2025-10-15,9:36:53.840455556,T,TGT,I,1,90.0
2025-10-15,9:36:54.152166207,T,TGT,I,1,90.01
2025-10-15,9:36:54.152169220,T,TGT,,100,90.01
2025-10-15,9:37:01.383618114,T,TGT,,100,89.99
2025-10-15,9:37:05.702237180,T,TGT,F,221,90.0
2025-10-15,9:37:05.702261155,T,TGT,F,279,90.0
2025-10-15,9:37:05.702264232,T,TGT,F I,60,90.0
2025-10-15,9:37:05.702264232,T,TGT,F I,7,90.0
2025-10-15,9:37:05.702267174,T,TGT,I,1,90.0
2025-10-15,9:37:05.702285271,T,TGT,I,9,90.0
2025-10-15,9:37:05.702721203,T,TGT,,100,90.0
2025-10-15,9:37:05.702733350,T,TGT,,100,90.0
2025-10-15,9:37:05.702772387,T,TGT,,100,89.99
2025-10-15,9:37:05.703268509,T,TGT,F I,56,90.0
2025-10-15,9:37:05.982973911,T,TGT,F I,1,89.98
2025-10-15,9:37:05.982973911,T,TGT,F I,5,89.98
2025-10-15,9:37:05.982994954,T,TGT,F I,51,89.98
2025-10-15,9:37:05.982997990,T,TGT,F,100,89.98
2025-10-15,9:37:05.984191903,T,TGT,,100,89.97
2025-10-15,9:37:06.025808032,T,TGT,F I,3,89.97
2025-10-15,9:37:06.025816961,T,TGT,F I,3,89.97
2025-10-15,9:37:06.025828987,T,TGT,F I,94,89.97
2025-10-15,9:37:06.657074905,T,TGT,,500,89.97
2025-10-15,9:37:08.686932055,T,TGT,F,100,89.96
2025-10-15,9:37:08.687488366,T,TGT,F I,1,89.95
2025-10-15,9:37:08.687491374,T,TGT,F I,59,89.95
2025-10-15,9:37:08.687521447,T,TGT,F,151,89.95
2025-10-15,9:37:08.703877367,T,TGT,,100,89.96
2025-10-15,9:37:11.391732326,T,TGT,I,30,89.97
2025-10-15,9:37:12.659191863,T,TGT,F I,17,89.98
2025-10-15,9:37:12.659218955,T,TGT,F I,7,89.98
2025-10-15,9:37:12.659218955,T,TGT,F I,13,89.98
2025-10-15,9:37:19.307572538,T,TGT,I,1,89.92
2025-10-15,9:37:19.307590506,T,TGT,F,186,89.92
2025-10-15,9:37:19.307638669,T,TGT,F,137,89.91
2025-10-15,9:37:19.307662743,T,TGT,I,1,89.91
2025-10-15,9:37:19.307668737,T,TGT,I,15,89.91
2025-10-15,9:37:19.307671782,T,TGT,I,16,89.91
2025-10-15,9:37:19.307677925,T,TGT,I,15,89.91
2025-10-15,9:37:19.307681419,T,TGT,I,9,89.91
2025-10-15,9:37:20.014974837,T,TGT,F I,12,89.865
2025-10-15,9:37:23.142275706,T,TGT,I,80,89.885
2025-10-15,9:37:23.163701571,T,TGT,I,60,89.88
2025-10-15,9:37:25.119753929,T,TGT,I,1,89.88
2025-10-15,9:37:33.528895425,T,TGT,I,6,89.91
2025-10-15,9:37:33.528898439,T,TGT,I,50,89.91
2025-10-15,9:37:36.532803301,T,TGT,I,1,89.9
2025-10-15,9:37:36.532821299,T,TGT,F I,99,89.9
2025-10-15,9:37:36.532824293,T,TGT,F,100,89.9
2025-10-15,9:37:37.166854799,T,TGT,I,54,89.93
2025-10-15,9:37:37.166899944,T,TGT,,100,89.93
2025-10-15,9:37:37.270903317,T,TGT,,100,89.94
2025-10-15,9:37:37.271182399,T,TGT,F I,49,89.94
2025-10-15,9:37:37.271224513,T,TGT,I,51,89.94
2025-10-15,9:37:41.435996931,T,TGT,I,22,89.935
2025-10-15,9:37:58.851653423,T,TGT,I,6,89.93
2025-10-15,9:38:03.030276842,T,TGT,I,6,89.925
2025-10-15,9:38:03.030276842,T,TGT,I,1,89.94
2025-10-15,9:38:03.030280140,T,TGT,I,8,89.94
2025-10-15,9:38:03.030280140,T,TGT,I,7,89.94
2025-10-15,9:38:03.030282920,T,TGT,I,6,89.94
2025-10-15,9:38:03.030297896,T,TGT,I,5,89.94
2025-10-15,9:38:03.030315966,T,TGT,I,1,89.94
2025-10-15,9:38:03.030538648,T,TGT,,100,89.93
2025-10-15,9:38:03.030538648,T,TGT,I,28,89.93
2025-10-15,9:38:03.030574581,T,TGT,I,10,89.92
2025-10-15,9:38:03.649208441,T,TGT,F I,45,89.93
2025-10-15,9:38:03.649208441,T,TGT,F I,28,89.93
2025-10-15,9:38:03.649229461,T,TGT,I,10,89.93
2025-10-15,9:38:07.625678482,T,TGT,F I,2,89.95
2025-10-15,9:38:07.625693321,T,TGT,I,2,89.95
2025-10-15,9:38:15.378388919,T,TGT,I,7,90.0
2025-10-15,9:38:15.378395017,T,TGT,I,7,90.0
2025-10-15,9:38:15.378395017,T,TGT,I,7,90.0
2025-10-15,9:38:15.378398017,T,TGT,I,4,90.0
2025-10-15,9:38:18.158007457,T,TGT,,100,90.0
2025-10-15,9:38:19.299821750,T,TGT,I,23,90.0
2025-10-15,9:38:28.855531973,T,TGT,I,24,90.01
2025-10-15,9:38:32.672626171,T,TGT,,100,90.02
2025-10-15,9:38:32.672626171,T,TGT,,100,90.02
2025-10-15,9:38:32.672652176,T,TGT,I,1,90.03
2025-10-15,9:38:32.672658218,T,TGT,I,1,90.03
2025-10-15,9:38:32.672670313,T,TGT,I,28,90.03
2025-10-15,9:38:32.672670313,T,TGT,I,2,90.03
2025-10-15,9:38:32.672691376,T,TGT,I,3,90.03
2025-10-15,9:38:32.672712340,T,TGT,I,11,90.03
2025-10-15,9:38:32.672754473,T,TGT,,100,90.03
2025-10-15,9:38:32.672775570,T,TGT,I,1,90.03
2025-10-15,9:38:32.672817622,T,TGT,F I,99,90.03
2025-10-15,9:38:34.150439011,T,TGT,F I,71,90.02
2025-10-15,9:38:34.150460407,T,TGT,F,129,90.02
2025-10-15,9:38:34.150460407,T,TGT,F,100,90.02
2025-10-15,9:38:34.150463141,T,TGT,F I,1,90.02
2025-10-15,9:38:37.402161160,T,TGT,F I,1,90.04
2025-10-15,9:38:37.916082561,T,TGT,F I,4,90.09
2025-10-15,9:38:48.439699829,T,TGT,F,100,90.08
2025-10-15,9:38:48.439699829,T,TGT,F I,22,90.09
2025-10-15,9:38:48.439717883,T,TGT,I,10,90.09
2025-10-15,9:38:48.439756981,T,TGT,I,68,90.09
2025-10-15,9:38:48.439760051,T,TGT,I,4,90.1
2025-10-15,9:38:48.439760051,T,TGT,I,38,90.1
2025-10-15,9:38:48.439762973,T,TGT,,132,90.1
2025-10-15,9:38:48.439784074,T,TGT,F I,68,90.1
2025-10-15,9:38:48.439784074,T,TGT,F I,10,90.1
2025-10-15,9:38:48.675004514,T,TGT,I,1,90.09
2025-10-15,9:38:51.108777897,T,TGT,F I,35,90.11
2025-10-15,9:38:51.109138775,T,TGT,F,100,90.12
2025-10-15,9:38:56.567566409,T,TGT,I,26,90.16
2025-10-15,9:38:56.567614524,T,TGT,I,7,90.17
2025-10-15,9:38:58.617517381,T,TGT,F I,2,90.17
2025-10-15,9:38:58.816062425,T,TGT,I,1,90.18
2025-10-15,9:38:58.816062425,T,TGT,I,34,90.18
2025-10-15,9:38:58.816095488,T,TGT,I,32,90.18
2025-10-15,9:38:58.816119608,T,TGT,I,12,90.18
2025-10-15,9:39:00.201706841,T,TGT,I,10,90.16
2025-10-15,9:39:00.434139507,T,TGT,I,6,90.19
2025-10-15,9:39:08.354722038,T,TGT,F I,1,90.19
2025-10-15,9:39:08.354722038,T,TGT,F I,20,90.19
2025-10-15,9:39:08.355158068,T,TGT,F,250,90.2
2025-10-15,9:39:08.355173258,T,TGT,I,1,90.2
2025-10-15,9:39:08.355179184,T,TGT,F,279,90.2
2025-10-15,9:39:08.355203639,T,TGT,I,70,90.2
2025-10-15,9:39:08.355206719,T,TGT,I,10,90.2
2025-10-15,9:39:08.355206719,T,TGT,I,1,90.2
2025-10-15,9:39:08.355209401,T,TGT,I,10,90.2
2025-10-15,9:39:08.355212290,T,TGT,I,38,90.2
2025-10-15,9:39:08.368906874,T,TGT,F I,1,90.21
2025-10-15,9:39:29.073838902,T,TGT,F I,14,90.22
2025-10-15,9:39:29.073838902,T,TGT,F I,2,90.22
2025-10-15,9:39:32.103006826,T,TGT,F I,1,90.21
2025-10-15,9:39:32.103006826,T,TGT,F,100,90.21
2025-10-15,9:39:32.103106082,T,TGT,F I,1,90.2
2025-10-15,9:39:32.103463880,T,TGT,F I,99,90.2
2025-10-15,9:39:32.103466893,T,TGT,F I,99,90.2
2025-10-15,9:39:32.444666060,T,TGT,F,200,90.18
2025-10-15,9:39:32.444686852,T,TGT,I,1,90.18
2025-10-15,9:39:32.444689986,T,TGT,I,99,90.18
2025-10-15,9:39:32.444939450,T,TGT,F,100,90.17
2025-10-15,9:39:32.444939450,T,TGT,F I,96,90.17
2025-10-15,9:39:34.959575494,T,TGT,I,30,90.155
2025-10-15,9:39:35.252154604,T,TGT,I,30,90.155
2025-10-15,9:39:35.264225329,T,TGT,I,30,90.155
2025-10-15,9:39:35.326822531,T,TGT,I,30,90.155
2025-10-15,9:39:36.544829696,T,TGT,F I,1,90.15
2025-10-15,9:39:36.544829696,T,TGT,F I,1,90.15
2025-10-15,9:39:39.615794481,T,TGT,F I,50,90.13
2025-10-15,9:39:39.615817944,T,TGT,F,150,90.13
2025-10-15,9:39:39.615821026,T,TGT,F I,58,90.13
2025-10-15,9:39:39.906682980,T,TGT,F I,1,90.12
2025-10-15,9:39:39.906686035,T,TGT,F I,1,90.12
2025-10-15,9:39:39.906737051,T,TGT,F I,1,90.11
2025-10-15,9:39:39.906740117,T,TGT,F I,67,90.11
2025-10-15,9:39:40.650652414,T,TGT,F I,4,90.09
2025-10-15,9:39:43.018562980,T,TGT,F I,4,90.08
2025-10-15,9:39:43.018590474,T,TGT,F I,2,90.08
2025-10-15,9:39:43.018590474,T,TGT,F I,25,90.08
2025-10-15,9:39:45.009005363,T,TGT,F I,10,90.075
2025-10-15,9:39:45.009011908,T,TGT,F,100,90.09
2025-10-15,9:39:45.009011908,T,TGT,F,100,90.09
2025-10-15,9:39:45.009014129,T,TGT,F I,10,90.09
2025-10-15,9:39:53.315229639,T,TGT,F I,1,90.07
2025-10-15,9:39:53.315800955,T,TGT,F I,63,90.06
2025-10-15,9:39:53.316826412,T,TGT,F I,6,90.05
2025-10-15,9:39:53.318275897,T,TGT,,100,90.05
2025-10-15,9:39:54.489620596,T,TGT,I,2,90.07
2025-10-15,9:39:57.862871343,T,TGT,F I,6,90.13
2025-10-15,9:39:57.862892314,T,TGT,F I,15,90.13
2025-10-15,9:39:59.643512634,T,TGT,F I,2,90.17
2025-10-15,9:39:59.643512634,T,TGT,F I,25,90.17
2025-10-15,9:40:02.023764522,T,TGT,I,9,90.21
2025-10-15,9:40:02.025797353,T,TGT,,100,90.2
2025-10-15,9:40:04.053766390,T,TGT,F I,25,90.17
2025-10-15,9:40:04.053766390,T,TGT,F I,10,90.17
2025-10-15,9:40:04.053769322,T,TGT,F I,1,90.17
2025-10-15,9:40:04.053772031,T,TGT,F I,10,90.17
2025-10-15,9:40:12.413484912,T,TGT,F I,1,90.16
2025-10-15,9:40:12.413484912,T,TGT,F I,1,90.16
2025-10-15,9:40:12.413487840,T,TGT,F I,15,90.16
2025-10-15,9:40:12.413506726,T,TGT,F I,85,90.16
2025-10-15,9:40:12.413509145,T,TGT,F I,85,90.16
2025-10-15,9:40:13.616964144,T,TGT,F I,10,90.15
2025-10-15,9:40:18.873641086,T,TGT,I,1,90.14
2025-10-15,9:40:25.301217748,T,TGT,F I,1,90.12
2025-10-15,9:40:25.301217748,T,TGT,F I,51,90.12
2025-10-15,9:40:25.301269440,T,TGT,F,100,90.11
2025-10-15,9:40:25.301269440,T,TGT,F I,11,90.11
2025-10-15,9:40:26.387694276,T,TGT,F I,55,90.11
2025-10-15,9:40:26.387715442,T,TGT,F I,45,90.11
2025-10-15,9:40:26.387715442,T,TGT,F,100,90.11
2025-10-15,9:40:27.267455155,T,TGT,F I,7,90.12
2025-10-15,9:40:27.267458167,T,TGT,F I,1,90.12
2025-10-15,9:40:27.267476177,T,TGT,I,29,90.12
2025-10-15,9:40:27.267503258,T,TGT,F I,70,90.12
2025-10-15,9:40:27.267503258,T,TGT,F I,4,90.12
2025-10-15,9:40:30.023497402,T,TGT,F I,5,90.12
2025-10-15,9:40:33.009683969,T,TGT,F I,62,90.1
2025-10-15,9:40:33.009704958,T,TGT,F I,38,90.1
2025-10-15,9:40:33.009704958,T,TGT,F I,10,90.1
2025-10-15,9:40:33.010718415,T,TGT,F I,30,90.08
2025-10-15,9:40:33.025621913,T,TGT,F I,8,90.06
2025-10-15,9:40:36.451928030,T,TGT,F I,1,90.04
2025-10-15,9:40:42.005381987,T,TGT,F I,26,90.03
2025-10-15,9:40:42.005381987,T,TGT,F I,2,90.03
2025-10-15,9:40:42.005475750,T,TGT,F I,4,90.03
2025-10-15,9:40:42.005475750,T,TGT,F I,5,90.03
2025-10-15,9:40:42.005478260,T,TGT,I,24,90.03
2025-10-15,9:40:46.404852141,T,TGT,F,150,90.0
2025-10-15,9:40:46.404852141,T,TGT,F I,41,90.0
2025-10-15,9:40:46.404855157,T,TGT,F I,87,90.0
2025-10-15,9:40:46.404855157,T,TGT,,213,90.0
2025-10-15,9:40:55.440948042,T,TGT,F I,1,90.0
2025-10-15,9:40:55.440948042,T,TGT,F I,17,90.0
2025-10-15,9:40:55.440966037,T,TGT,F I,10,90.0
2025-10-15,9:40:55.441838158,T,TGT,I,1,90.01
2025-10-15,9:41:09.035018597,T,TGT,F I,48,89.98
2025-10-15,9:41:09.035037122,T,TGT,F I,1,89.98
2025-10-15,9:41:09.035039601,T,TGT,F I,51,89.98
2025-10-15,9:41:09.035075715,T,TGT,I,5,89.99
2025-10-15,9:41:09.035671176,T,TGT,F,100,89.99
2025-10-15,9:41:10.512005532,T,TGT,I,5,89.99
2025-10-15,9:41:25.897143796,T,TGT,F I,1,90.01
2025-10-15,9:41:25.897146359,T,TGT,F I,5,90.01
2025-10-15,9:41:26.698543633,T,TGT,F,127,90.06
2025-10-15,9:41:26.698624869,T,TGT,F I,3,90.06
2025-10-15,9:41:26.698627915,T,TGT,F I,5,90.06
2025-10-15,9:41:26.698994716,T,TGT,,100,90.06
2025-10-15,9:41:57.424553898,T,TGT,I,5,90.1
2025-10-15,9:41:57.425140951,T,TGT,F I,5,90.12
2025-10-15,9:41:59.195845984,T,TGT,F,100,90.11
2025-10-15,9:42:00.431889938,T,TGT,F I,1,90.14
2025-10-15,9:42:00.431913902,T,TGT,F I,5,90.15
2025-10-15,9:42:00.431931895,T,TGT,I,5,90.15
2025-10-15,9:42:00.432536562,T,TGT,I,22,90.14
2025-10-15,9:42:00.432540006,T,TGT,,100,90.14
2025-10-15,9:42:00.432554432,T,TGT,I,1,90.14
2025-10-15,9:42:00.432575450,T,TGT,I,75,90.14
2025-10-15,9:42:00.432683762,T,TGT,F,100,90.15
2025-10-15,9:42:00.432683762,T,TGT,F I,10,90.15
2025-10-15,9:42:00.432705468,T,TGT,I,23,90.15
2025-10-15,9:42:00.432743840,T,TGT,I,47,90.15
2025-10-15,9:42:00.432756566,T,TGT,I,53,90.15
2025-10-15,9:42:00.432756566,T,TGT,I,8,90.15
2025-10-15,9:42:00.433053660,T,TGT,I,7,90.15
2025-10-15,9:42:00.433294434,T,TGT,I,1,90.14
2025-10-15,9:42:06.513212572,T,TGT,F,100,90.12
2025-10-15,9:42:06.513212572,T,TGT,F I,9,90.12
2025-10-15,9:42:06.513467980,T,TGT,F I,1,90.1
2025-10-15,9:42:06.513470985,T,TGT,F I,25,90.1
2025-10-15,9:42:11.886609313,T,TGT,F I,2,90.12
2025-10-15,9:42:11.887012316,T,TGT,I,5,90.13
2025-10-15,9:42:14.662568032,T,TGT,,100,90.14
2025-10-15,9:42:18.279005201,T,TGT,F I,1,90.18
2025-10-15,9:42:18.279005201,T,TGT,F I,1,90.19
2025-10-15,9:42:28.748505556,T,TGT,I,1,90.2
2025-10-15,9:42:28.748536053,T,TGT,F I,9,90.2
2025-10-15,9:42:28.748538704,T,TGT,F I,5,90.2
2025-10-15,9:42:28.748541588,T,TGT,F I,10,90.2
2025-10-15,9:42:54.620185417,T,TGT,F,100,90.2
2025-10-15,9:42:57.537607481,T,TGT,,100,90.22
2025-10-15,9:42:57.537607481,T,TGT,I,25,90.2
2025-10-15,9:42:57.537610173,T,TGT,,100,90.2
2025-10-15,9:42:57.537613018,T,TGT,,100,90.2
2025-10-15,9:42:57.537853700,T,TGT,,100,90.2
2025-10-15,9:42:57.537856670,T,TGT,I,80,90.2
2025-10-15,9:42:57.725416531,T,TGT,F,100,90.2
2025-10-15,9:42:58.147294693,T,TGT,F I,1,90.24
2025-10-15,9:42:58.147294693,T,TGT,F I,90,90.24
2025-10-15,9:42:58.154800547,T,TGT,F I,11,90.24
2025-10-15,9:42:58.934182400,T,TGT,I,24,90.24
2025-10-15,9:42:59.349150057,T,TGT,F I,1,90.23
2025-10-15,9:42:59.349703334,T,TGT,I,11,90.23
2025-10-15,9:42:59.836822423,T,TGT,I,50,90.25
2025-10-15,9:42:59.836822423,T,TGT,I,5,90.25
2025-10-15,9:42:59.836824951,T,TGT,I,45,90.25
2025-10-15,9:42:59.836840010,T,TGT,I,1,90.25
2025-10-15,9:42:59.836843110,T,TGT,I,26,90.25
2025-10-15,9:42:59.836845966,T,TGT,F,153,90.25
2025-10-15,9:42:59.836849164,T,TGT,F,160,90.25
2025-10-15,9:42:59.836849164,T,TGT,F I,1,90.25
2025-10-15,9:42:59.836906061,T,TGT,F,100,90.25
2025-10-15,9:42:59.836939216,T,TGT,I,5,90.25
2025-10-15,9:42:59.836966226,T,TGT,I,7,90.25
2025-10-15,9:42:59.836975287,T,TGT,I,87,90.25
2025-10-15,9:42:59.836978312,T,TGT,I,5,90.25
2025-10-15,9:42:59.841395807,T,TGT,,100,90.25
2025-10-15,9:43:03.293807057,T,TGT,I,1,90.28
2025-10-15,9:43:05.139691872,T,TGT,I,99,90.28
2025-10-15,9:43:05.139694820,T,TGT,I,1,90.28
2025-10-15,9:43:05.139710540,T,TGT,I,1,90.28
2025-10-15,9:43:05.139710540,T,TGT,I,15,90.28
2025-10-15,9:43:05.139712978,T,TGT,I,46,90.28
2025-10-15,9:43:08.942031915,T,TGT,F I,11,90.28
2025-10-15,9:43:08.942131148,T,TGT,,100,90.27
2025-10-15,9:43:11.902438034,T,TGT,,100,90.27
2025-10-15,9:43:11.902513574,T,TGT,F,100,90.27
2025-10-15,9:43:11.902516194,T,TGT,F,200,90.26
2025-10-15,9:43:11.902519219,T,TGT,F I,4,90.26
2025-10-15,9:43:11.902543260,T,TGT,F,100,90.26
2025-10-15,9:43:11.902555262,T,TGT,F,300,90.26
2025-10-15,9:43:11.902558241,T,TGT,F,100,90.26
2025-10-15,9:43:11.903208089,T,TGT,F,400,90.26
2025-10-15,9:43:11.903258926,T,TGT,F,100,90.26
2025-10-15,9:43:11.903568688,T,TGT,F,100,90.26
2025-10-15,9:43:11.904053038,T,TGT,F,100,90.26
2025-10-15,9:43:11.904076903,T,TGT,I,1,90.26
2025-10-15,9:43:22.650366267,T,TGT,I,1,90.3
2025-10-15,9:43:22.650383800,T,TGT,I,13,90.3
2025-10-15,9:43:22.650389821,T,TGT,F I,11,90.3
2025-10-15,9:43:22.650405761,T,TGT,F I,52,90.3
2025-10-15,9:43:22.650405761,T,TGT,F I,50,90.3
2025-10-15,9:43:22.650410844,T,TGT,F I,5,90.3
2025-10-15,9:43:22.650886092,T,TGT,F I,1,90.31
2025-10-15,9:43:23.157493966,T,TGT,I,6,90.31
2025-10-15,9:43:23.158543558,T,TGT,F I,1,90.3
2025-10-15,9:43:35.853862851,T,TGT,,147,90.305
2025-10-15,9:43:36.347116018,T,TGT,F I,10,90.3
2025-10-15,9:43:40.132486701,T,TGT,,100,90.305
2025-10-15,9:43:40.132733450,T,TGT,F I,1,90.31
2025-10-15,9:43:45.158496010,T,TGT,,100,90.3
2025-10-15,9:43:45.158499002,T,TGT,,100,90.3
2025-10-15,9:43:51.520393170,T,TGT,I,1,90.29
2025-10-15,9:43:51.521136570,T,TGT,F,100,90.28
2025-10-15,9:43:51.521138937,T,TGT,F,100,90.28
2025-10-15,9:43:51.521611016,T,TGT,F I,11,90.27
2025-10-15,9:43:51.956892093,T,TGT,F I,73,90.25
2025-10-15,9:43:51.956913097,T,TGT,I,1,90.25
2025-10-15,9:43:51.956913097,T,TGT,F I,47,90.25
2025-10-15,9:43:51.957379312,T,TGT,F I,1,90.24
2025-10-15,9:43:51.957709992,T,TGT,F,100,90.24
2025-10-15,9:43:57.634259319,T,TGT,I,5,90.26
2025-10-15,9:44:10.164100335,T,TGT,F I,2,90.24
2025-10-15,9:44:10.164145432,T,TGT,I,2,90.24
2025-10-15,9:44:10.449606636,T,TGT,F I,1,90.23
2025-10-15,9:44:22.235213602,T,TGT,F I,1,90.22
2025-10-15,9:44:22.235548018,T,TGT,F,112,90.21
2025-10-15,9:44:22.235548018,T,TGT,F,100,90.21
2025-10-15,9:44:25.891697187,T,TGT,F I,5,90.22
2025-10-15,9:44:30.629689511,T,TGT,I,20,90.25
2025-10-15,9:44:31.408875804,T,TGT,I,92,90.29
2025-10-15,9:44:31.408902995,T,TGT,F,108,90.29
2025-10-15,9:44:31.408902995,T,TGT,F I,19,90.29
2025-10-15,9:44:31.408905884,T,TGT,F I,1,90.29
2025-10-15,9:44:31.409044185,T,TGT,F I,10,90.3
2025-10-15,9:44:31.409738819,T,TGT,F I,15,90.31
2025-10-15,9:44:31.993600829,T,TGT,I,1,90.35
2025-10-15,9:44:31.993622330,T,TGT,F I,2,90.35
2025-10-15,9:44:31.993624833,T,TGT,F I,74,90.35
2025-10-15,9:44:35.744632810,T,TGT,I,19,90.39
2025-10-15,9:44:35.744632810,T,TGT,I,1,90.39
2025-10-15,9:44:35.744650923,T,TGT,I,18,90.39
2025-10-15,9:44:35.829320386,T,TGT,,100,90.38
2025-10-15,9:44:36.785953525,T,TGT,F,300,90.38
2025-10-15,9:44:38.176466357,T,TGT,I,18,90.42
2025-10-15,9:44:38.176487447,T,TGT,F I,82,90.42
2025-10-15,9:44:38.176697869,T,TGT,I,6,90.41
2025-10-15,9:44:38.176697869,T,TGT,I,35,90.41
2025-10-15,9:44:38.177085838,T,TGT,I,27,90.4
2025-10-15,9:44:40.136581792,T,TGT,I,12,90.41
2025-10-15,9:44:40.136581792,T,TGT,I,27,90.41
2025-10-15,9:44:40.136584553,T,TGT,I,6,90.41
2025-10-15,9:44:40.136584553,T,TGT,I,55,90.41
2025-10-15,9:44:40.136602362,T,TGT,I,20,90.41
2025-10-15,9:44:40.136602362,T,TGT,I,56,90.41
2025-10-15,9:44:40.136621135,T,TGT,I,1,90.41
2025-10-15,9:44:40.136629477,T,TGT,I,43,90.41
2025-10-15,9:44:40.136632463,T,TGT,I,8,90.41
2025-10-15,9:44:43.889558752,T,TGT,F,100,90.42
2025-10-15,9:44:43.998830145,T,TGT,I,26,90.42
2025-10-15,9:44:49.001684267,T,TGT,I,26,90.42
2025-10-15,9:44:58.799122437,T,TGT,F I,5,90.44
2025-10-15,9:44:58.799122437,T,TGT,F I,45,90.44
2025-10-15,9:44:58.835900032,T,TGT,I,1,90.44
2025-10-15,9:44:58.835924598,T,TGT,I,3,90.44
2025-10-15,9:44:58.835927105,T,TGT,I,5,90.44
2025-10-15,9:44:58.835930101,T,TGT,I,24,90.44
2025-10-15,9:44:58.835930101,T,TGT,I,7,90.44
2025-10-15,9:44:58.835963406,T,TGT,I,69,90.44
2025-10-15,9:44:58.835966247,T,TGT,I,26,90.44
2025-10-15,9:44:58.835987606,T,TGT,F I,74,90.44
2025-10-15,9:44:58.840128129,T,TGT,,100,90.44
2025-10-15,9:44:58.840128129,T,TGT,I,1,90.44
2025-10-15,9:44:58.840131121,T,TGT,I,1,90.44
2025-10-15,9:45:01.267327916,T,TGT,F I,21,90.41
2025-10-15,9:45:01.267379594,T,TGT,F I,33,90.4
2025-10-15,9:45:01.267382305,T,TGT,F I,42,90.4
2025-10-15,9:45:01.267403822,T,TGT,I,1,90.4
2025-10-15,9:45:01.267406087,T,TGT,I,57,90.4
2025-10-15,9:45:01.267409102,T,TGT,I,7,90.4
2025-10-15,9:45:01.267412754,T,TGT,I,10,90.4
2025-10-15,9:45:01.267412754,T,TGT,I,20,90.4
2025-10-15,9:45:01.267412754,T,TGT,I,6,90.4
2025-10-15,9:45:01.267416026,T,TGT,I,6,90.4
2025-10-15,9:45:01.268554961,T,TGT,F I,18,90.42
2025-10-15,9:45:01.268554961,T,TGT,F I,7,90.42
2025-10-15,9:45:01.268579125,T,TGT,F I,27,90.42
2025-10-15,9:45:01.268579125,T,TGT,F I,20,90.42
2025-10-15,9:45:01.268581870,T,TGT,F I,14,90.42
2025-10-15,9:45:01.268602958,T,TGT,I,6,90.41
2025-10-15,9:45:01.268618348,T,TGT,I,50,90.4
2025-10-15,9:45:01.268618348,T,TGT,I,5,90.4
2025-10-15,9:45:02.174839328,T,TGT,I,5,90.43
2025-10-15,9:45:02.174857129,T,TGT,F I,6,90.43
2025-10-15,9:45:02.239736654,T,TGT,F I,50,90.44
2025-10-15,9:45:02.239739721,T,TGT,F,100,90.44
2025-10-15,9:45:02.239742664,T,TGT,F I,84,90.43
2025-10-15,9:45:02.239757669,T,TGT,F I,18,90.43
2025-10-15,9:45:02.239775895,T,TGT,I,98,90.43
2025-10-15,9:45:02.239779005,T,TGT,I,34,90.43
2025-10-15,9:45:02.239779005,T,TGT,I,18,90.43
2025-10-15,9:45:02.244253374,T,TGT,F I,6,90.43
2025-10-15,9:45:02.244256391,T,TGT,F,100,90.43
2025-10-15,9:45:02.244256391,T,TGT,F I,37,90.43
2025-10-15,9:45:02.244259769,T,TGT,F I,43,90.43
2025-10-15,9:45:02.244262433,T,TGT,F I,12,90.43
2025-10-15,9:45:03.053415238,T,TGT,I,1,90.44
2025-10-15,9:45:03.345176391,T,TGT,F I,30,90.44
2025-10-15,9:45:04.259495718,T,TGT,,100,90.43
2025-10-15,9:45:05.122945931,T,TGT,I,74,90.44
2025-10-15,9:45:05.122945931,T,TGT,I,26,90.44
2025-10-15,9:45:12.880392876,T,TGT,I,15,90.44
2025-10-15,9:45:13.585873666,T,TGT,F,100,90.43
2025-10-15,9:45:21.511045297,T,TGT,F I,9,90.45
2025-10-15,9:45:21.511048558,T,TGT,F,100,90.45
2025-10-15,9:45:21.511048558,T,TGT,F I,5,90.45
2025-10-15,9:45:21.511051365,T,TGT,F I,21,90.45
2025-10-15,9:45:21.511054472,T,TGT,F I,13,90.45
2025-10-15,9:45:21.511054472,T,TGT,F I,10,90.45
2025-10-15,9:45:21.512230044,T,TGT,F,176,90.47
2025-10-15,9:45:21.523735615,T,TGT,I,1,90.49
2025-10-15,9:45:21.523735615,T,TGT,,100,90.49
2025-10-15,9:45:21.523868122,T,TGT,I,6,90.48
2025-10-15,9:45:21.523868122,T,TGT,I,34,90.48
2025-10-15,9:45:21.523897769,T,TGT,I,10,90.48
2025-10-15,9:45:21.523930915,T,TGT,I,56,90.48
2025-10-15,9:45:21.524207603,T,TGT,F,100,90.49
2025-10-15,9:45:21.524210753,T,TGT,F I,34,90.49
2025-10-15,9:45:21.524231668,T,TGT,F I,6,90.49
2025-10-15,9:45:21.524304059,T,TGT,I,6,90.49
2025-10-15,9:45:21.524382172,T,TGT,F I,1,90.5
2025-10-15,9:45:21.524382172,T,TGT,F I,7,90.5
2025-10-15,9:45:21.524400047,T,TGT,F,493,90.5
2025-10-15,9:45:21.524406019,T,TGT,F I,5,90.5
2025-10-15,9:45:21.524406019,T,TGT,F I,20,90.5
2025-10-15,9:45:21.524412223,T,TGT,F I,50,90.5
2025-10-15,9:45:21.524412223,T,TGT,F I,13,90.5
2025-10-15,9:45:21.524415788,T,TGT,F I,2,90.5
2025-10-15,9:45:21.524415788,T,TGT,F I,30,90.5
2025-10-15,9:45:21.524418350,T,TGT,F I,39,90.5
2025-10-15,9:45:21.524421832,T,TGT,F I,22,90.5
2025-10-15,9:45:21.524421832,T,TGT,F I,2,90.5
2025-10-15,9:45:21.524421832,T,TGT,F I,2,90.5
2025-10-15,9:45:21.524424714,T,TGT,F,100,90.5
2025-10-15,9:45:21.524424714,T,TGT,F I,60,90.5
2025-10-15,9:45:21.524427167,T,TGT,F I,10,90.5
2025-10-15,9:45:21.524430801,T,TGT,F I,5,90.5
2025-10-15,9:45:21.524433657,T,TGT,F,1594,90.5
2025-10-15,9:45:21.524436172,T,TGT,F,100,90.5
2025-10-15,9:45:21.524436172,T,TGT,F,100,90.5
2025-10-15,9:45:21.524439125,T,TGT,F I,5,90.5
2025-10-15,9:45:21.524439125,T,TGT,F I,1,90.5
2025-10-15,9:45:21.524766865,T,TGT,I,6,90.49
2025-10-15,9:45:21.524766865,T,TGT,I,94,90.49
2025-10-15,9:45:21.524784909,T,TGT,I,1,90.49
2025-10-15,9:45:21.559349576,T,TGT,I,1,90.51
2025-10-15,9:45:21.559352514,T,TGT,I,5,90.51
2025-10-15,9:45:21.559352514,T,TGT,I,56,90.51
2025-10-15,9:45:21.559659012,T,TGT,F I,44,90.51
2025-10-15,9:45:21.728929259,T,TGT,I,49,90.52
2025-10-15,9:45:21.788008070,T,TGT,F I,1,90.53
2025-10-15,9:45:21.788008070,T,TGT,F I,46,90.53
2025-10-15,9:45:22.671618322,T,TGT,,100,90.51
2025-10-15,9:45:22.671618322,T,TGT,,100,90.51
2025-10-15,9:45:22.672610662,T,TGT,F,103,90.5
2025-10-15,9:45:23.633330511,T,TGT,I,54,90.505
2025-10-15,9:45:23.646396580,T,TGT,I,54,90.51
2025-10-15,9:45:23.671310962,T,TGT,F,100,90.49
2025-10-15,9:45:23.671310962,T,TGT,F I,1,90.49
2025-10-15,9:45:23.673867060,T,TGT,F I,4,90.48
2025-10-15,9:45:23.679385349,T,TGT,F,100,90.48
2025-10-15,9:45:23.679385349,T,TGT,F I,26,90.47
2025-10-15,9:45:23.679409281,T,TGT,I,1,90.47
2025-10-15,9:45:24.486066119,T,TGT,F I,99,90.47
2025-10-15,9:45:24.486069095,T,TGT,F I,1,90.47
2025-10-15,9:45:24.487428314,T,TGT,F I,7,90.47
2025-10-15,9:45:26.104531131,T,TGT,F,100,90.49
2025-10-15,9:45:26.104786744,T,TGT,,100,90.49
2025-10-15,9:45:26.105138595,T,TGT,F I,32,90.49
2025-10-15,9:45:28.313146060,T,TGT,I,23,90.49
2025-10-15,9:45:40.515038037,T,TGT,F,269,90.54
2025-10-15,9:45:40.515050009,T,TGT,F I,31,90.54
2025-10-15,9:45:40.515053072,T,TGT,F I,51,90.54
2025-10-15,9:45:40.515886071,T,TGT,I,10,90.54
2025-10-15,9:45:40.515898115,T,TGT,I,10,90.54
2025-10-15,9:45:40.515910057,T,TGT,F I,10,90.54
2025-10-15,9:45:40.516066506,T,TGT,F I,7,90.54
2025-10-15,9:45:40.516081643,T,TGT,I,18,90.54
2025-10-15,9:45:40.516084816,T,TGT,F I,75,90.54
2025-10-15,9:45:40.516087455,T,TGT,F I,5,90.55
2025-10-15,9:45:40.516165690,T,TGT,I,5,90.55
2025-10-15,9:45:40.516246892,T,TGT,I,41,90.54
2025-10-15,9:45:40.516568858,T,TGT,I,41,90.53
2025-10-15,9:45:40.516803191,T,TGT,F,100,90.53
2025-10-15,9:45:40.516806624,T,TGT,F,100,90.54
2025-10-15,9:45:40.516875891,T,TGT,I,14,90.53
2025-10-15,9:45:40.516875891,T,TGT,I,12,90.53
2025-10-15,9:45:40.516878390,T,TGT,I,17,90.53
2025-10-15,9:45:40.516878390,T,TGT,I,57,90.53
2025-10-15,9:45:40.516899820,T,TGT,I,1,90.53
2025-10-15,9:45:40.547112470,T,TGT,I,7,90.54
2025-10-15,9:45:40.547115461,T,TGT,I,17,90.54
2025-10-15,9:45:40.547118760,T,TGT,I,12,90.54
2025-10-15,9:45:40.547118760,T,TGT,I,1,90.54
2025-10-15,9:45:40.547121504,T,TGT,I,43,90.54
2025-10-15,9:45:40.547121504,T,TGT,I,3,90.55
2025-10-15,9:45:40.547145529,T,TGT,I,3,90.54
2025-10-15,9:45:41.132790986,T,TGT,I,1,90.55
2025-10-15,9:45:41.132793827,T,TGT,I,51,90.55
2025-10-15,9:45:42.584725398,T,TGT,F I,7,90.54
2025-10-15,9:45:42.584725398,T,TGT,F I,10,90.54
2025-10-15,9:45:42.584728016,T,TGT,F I,42,90.54
2025-10-15,9:45:43.444169546,T,TGT,F,100,90.52
2025-10-15,9:45:43.444169546,T,TGT,F I,1,90.52
2025-10-15,9:45:43.444172621,T,TGT,F,100,90.52
2025-10-15,9:45:44.673591604,T,TGT,F I,24,90.52
2025-10-15,9:45:46.143584528,T,TGT,I,10,90.52
2025-10-15,9:45:46.143584528,T,TGT,I,4,90.52
2025-10-15,9:45:46.143587314,T,TGT,I,30,90.535
2025-10-15,9:45:46.143587314,T,TGT,I,35,90.535
2025-10-15,9:45:46.144019895,T,TGT,I,30,90.535
2025-10-15,9:45:52.149183941,T,TGT,F I,7,90.49
2025-10-15,9:45:52.149189408,T,TGT,F,100,90.49
2025-10-15,9:45:52.149189408,T,TGT,F,101,90.49
2025-10-15,9:45:52.149189408,T,TGT,F,100,90.49
2025-10-15,9:45:52.149333422,T,TGT,F,100,90.48
2025-10-15,9:45:52.149354484,T,TGT,F I,14,90.48
2025-10-15,9:45:53.189631943,T,TGT,F I,3,90.5
2025-10-15,9:45:55.365658277,T,TGT,F,100,90.52
2025-10-15,9:45:55.365688365,T,TGT,F I,4,90.52
2025-10-15,9:45:56.745844532,T,TGT,I,86,90.52
2025-10-15,9:45:56.745853587,T,TGT,I,50,90.52
2025-10-15,9:46:00.147506859,T,TGT,F I,1,90.53
2025-10-15,9:46:05.056278891,T,TGT,F I,3,90.58
2025-10-15,9:46:05.056278891,T,TGT,F I,26,90.58
2025-10-15,9:46:08.307838652,T,TGT,,140,90.585
2025-10-15,9:46:10.142669106,T,TGT,,100,90.59
2025-10-15,9:46:12.173106536,T,TGT,F I,50,90.6
2025-10-15,9:46:12.173130618,T,TGT,I,50,90.6
2025-10-15,9:46:12.173130618,T,TGT,I,50,90.6
2025-10-15,9:46:12.173133757,T,TGT,F I,25,90.6
2025-10-15,9:46:12.173148646,T,TGT,I,1,90.6
2025-10-15,9:46:12.173335160,T,TGT,I,24,90.6
2025-10-15,9:46:12.173338314,T,TGT,,500,90.6
2025-10-15,9:46:12.173338314,T,TGT,I,1,90.6
2025-10-15,9:46:12.659160604,T,TGT,I,50,90.6
2025-10-15,9:46:12.659193669,T,TGT,F I,87,90.59
2025-10-15,9:46:12.659206045,T,TGT,F,113,90.59
2025-10-15,9:46:12.659206045,T,TGT,F I,8,90.58
2025-10-15,9:46:12.659208694,T,TGT,F I,66,90.58
2025-10-15,9:46:12.659506512,T,TGT,F I,2,90.59
2025-10-15,9:46:12.659506512,T,TGT,F I,11,90.59
2025-10-15,9:46:12.659954470,T,TGT,I,58,90.57
2025-10-15,9:46:12.659978563,T,TGT,I,1,90.57
2025-10-15,9:46:12.659996583,T,TGT,I,41,90.57
2025-10-15,9:46:12.659999580,T,TGT,I,8,90.57
2025-10-15,9:46:12.661049078,T,TGT,I,1,90.56
2025-10-15,9:46:12.661683643,T,TGT,F I,11,90.55
2025-10-15,9:46:12.661852259,T,TGT,,100,90.54
2025-10-15,9:46:12.661852259,T,TGT,,101,90.54
2025-10-15,9:46:12.661855066,T,TGT,,100,90.54
2025-10-15,9:46:12.663130104,T,TGT,,100,90.52
2025-10-15,9:46:12.663524017,T,TGT,,300,90.5
2025-10-15,9:46:12.663527418,T,TGT,,101,90.5
2025-10-15,9:46:12.663786592,T,TGT,,100,90.52
2025-10-15,9:46:12.663786592,T,TGT,,100,90.52
2025-10-15,9:46:12.663788561,T,TGT,I,41,90.52
2025-10-15,9:46:12.663791794,T,TGT,I,21,90.52
2025-10-15,9:46:12.663815661,T,TGT,I,41,90.51
2025-10-15,9:46:12.663815661,T,TGT,I,65,90.51
2025-10-15,9:46:12.663885101,T,TGT,F,100,90.525
2025-10-15,9:46:12.663890893,T,TGT,F,150,90.52
2025-10-15,9:46:12.663890893,T,TGT,F,100,90.52
2025-10-15,9:46:12.663908940,T,TGT,F,100,90.52
2025-10-15,9:46:12.663908940,T,TGT,I,1,90.52
2025-10-15,9:46:12.664020191,T,TGT,I,12,90.52
2025-10-15,9:46:12.664077418,T,TGT,I,41,90.53
2025-10-15,9:46:12.664080283,T,TGT,,100,90.53
2025-10-15,9:46:12.664182591,T,TGT,I,21,90.53
2025-10-15,9:46:12.664185614,T,TGT,I,15,90.53
2025-10-15,9:46:12.664206629,T,TGT,I,36,90.53
2025-10-15,9:46:12.664219026,T,TGT,I,19,90.53
2025-10-15,9:46:12.664219026,T,TGT,I,17,90.53
2025-10-15,9:46:12.664239756,T,TGT,I,83,90.53
2025-10-15,9:46:12.664239756,T,TGT,,109,90.53
2025-10-15,9:46:12.664378075,T,TGT,,100,90.52
2025-10-15,9:46:12.664381055,T,TGT,I,51,90.52
2025-10-15,9:46:12.664486334,T,TGT,F I,5,90.53
2025-10-15,9:46:12.664759956,T,TGT,I,99,90.52
2025-10-15,9:46:12.664763988,T,TGT,I,75,90.52
2025-10-15,9:46:12.664763988,T,TGT,I,95,90.53
2025-10-15,9:46:12.664766680,T,TGT,I,41,90.53
2025-10-15,9:46:12.664769017,T,TGT,,100,90.53
2025-10-15,9:46:12.664769017,T,TGT,I,1,90.52
2025-10-15,9:46:12.664814024,T,TGT,F I,8,90.53
2025-10-15,9:46:12.664973386,T,TGT,I,75,90.52
2025-10-15,9:46:12.664976423,T,TGT,I,24,90.52
2025-10-15,9:46:12.664976423,T,TGT,I,1,90.52
2025-10-15,9:46:12.665079248,T,TGT,I,35,90.52
2025-10-15,9:46:12.665081901,T,TGT,I,55,90.52
2025-10-15,9:46:12.665081901,T,TGT,I,1,90.52
2025-10-15,9:46:12.665169410,T,TGT,I,35,90.52
2025-10-15,9:46:12.665169410,T,TGT,I,36,90.52
2025-10-15,9:46:12.665173079,T,TGT,,100,90.52
2025-10-15,9:46:12.665173079,T,TGT,I,65,90.52
2025-10-15,9:46:12.665175175,T,TGT,I,35,90.52
2025-10-15,9:46:12.665178329,T,TGT,I,35,90.52
2025-10-15,9:46:12.665180971,T,TGT,I,16,90.52
2025-10-15,9:46:12.665235089,T,TGT,I,8,90.52
2025-10-15,9:46:12.665568860,T,TGT,I,21,90.52
2025-10-15,9:46:12.665592881,T,TGT,I,8,90.52
2025-10-15,9:46:12.665932905,T,TGT,I,35,90.51
2025-10-15,9:46:12.665935780,T,TGT,,100,90.51
2025-10-15,9:46:12.665938761,T,TGT,I,20,90.51
2025-10-15,9:46:12.665956806,T,TGT,I,1,90.51
2025-10-15,9:46:12.665965782,T,TGT,F I,79,90.51
2025-10-15,9:46:14.288595633,T,TGT,,100,90.555
2025-10-15,9:46:19.632453332,T,TGT,F I,1,90.52
2025-10-15,9:46:20.166185949,T,TGT,F I,47,90.52
2025-10-15,9:46:20.166207009,T,TGT,F I,53,90.52
2025-10-15,9:46:21.170822430,T,TGT,F,132,90.51
2025-10-15,9:46:26.691474308,T,TGT,F I,50,90.51
2025-10-15,9:46:34.026342457,T,TGT,,100,90.42
2025-10-15,9:46:34.027211629,T,TGT,I,28,90.42
2025-10-15,9:46:34.864013230,T,TGT,I,24,90.4
2025-10-15,9:46:34.864015468,T,TGT,I,76,90.4
2025-10-15,9:46:34.864033274,T,TGT,I,24,90.4
2025-10-15,9:46:34.874275720,T,TGT,I,1,90.4
2025-10-15,9:46:40.477678915,T,TGT,,100,90.4
2025-10-15,9:46:40.477682216,T,TGT,I,24,90.39
2025-10-15,9:46:40.477682216,T,TGT,I,45,90.39
2025-10-15,9:46:40.477684901,T,TGT,,100,90.39
2025-10-15,9:46:40.944956485,T,TGT,F I,20,90.4
2025-10-15,9:46:40.944959131,T,TGT,F,100,90.4
2025-10-15,9:46:40.947491172,T,TGT,I,1,90.4
2025-10-15,9:46:40.948415141,T,TGT,F I,99,90.4
2025-10-15,9:46:40.948415141,T,TGT,F I,50,90.4
2025-10-15,9:46:40.948417385,T,TGT,F I,51,90.41
2025-10-15,9:46:40.948769164,T,TGT,I,49,90.41
2025-10-15,9:46:40.948769164,T,TGT,,100,90.41
2025-10-15,9:46:40.950444216,T,TGT,,100,90.41
2025-10-15,9:46:40.951590223,T,TGT,I,11,90.41
2025-10-15,9:46:40.952543179,T,TGT,I,89,90.41
2025-10-15,9:46:40.958506394,T,TGT,,100,90.42
2025-10-15,9:46:40.965464984,T,TGT,I,25,90.42
2025-10-15,9:46:40.965464984,T,TGT,I,75,90.42
2025-10-15,9:46:40.967539901,T,TGT,F,139,90.41
2025-10-15,9:46:40.967795551,T,TGT,F I,61,90.41
2025-10-15,9:46:40.977424400,T,TGT,,100,90.41
2025-10-15,9:46:40.977514651,T,TGT,F,100,90.41
2025-10-15,9:46:40.977577801,T,TGT,I,25,90.41
2025-10-15,9:46:40.991477083,T,TGT,,100,90.42
2025-10-15,9:46:40.991549150,T,TGT,F I,22,90.42
2025-10-15,9:46:46.701246257,T,TGT,F I,78,90.41
2025-10-15,9:46:47.982532982,T,TGT,F,100,90.39
2025-10-15,9:46:47.982532982,T,TGT,F I,20,90.39
2025-10-15,9:46:49.936994379,T,TGT,F I,18,90.36
2025-10-15,9:46:49.937018513,T,TGT,I,18,90.36
2025-10-15,9:46:52.114203086,T,TGT,F I,9,90.37
2025-10-15,9:46:52.114203086,T,TGT,F I,91,90.37
2025-10-15,9:46:52.114205535,T,TGT,F I,9,90.37
2025-10-15,9:46:52.114271742,T,TGT,F I,20,90.38
2025-10-15,9:46:52.114990669,T,TGT,F I,1,90.39
2025-10-15,9:46:52.114990669,T,TGT,F,199,90.39
2025-10-15,9:46:52.115014439,T,TGT,F,101,90.39
2025-10-15,9:46:52.115014439,T,TGT,F I,1,90.39
2025-10-15,9:46:52.115435481,T,TGT,,100,90.39
2025-10-15,9:46:53.383093664,T,TGT,,100,90.405
2025-10-15,9:46:57.899181070,T,TGT,,192,90.395
2025-10-15,9:46:57.899776555,T,TGT,I,58,90.395
2025-10-15,9:47:03.124030246,T,TGT,,100,90.42
2025-10-15,9:47:03.124054285,T,TGT,F,400,90.43
2025-10-15,9:47:03.124066319,T,TGT,I,5,90.43
2025-10-15,9:47:03.124388072,T,TGT,F I,5,90.44
2025-10-15,9:47:03.124932380,T,TGT,,100,90.44
2025-10-15,9:47:05.772933053,T,TGT,,250,90.465
2025-10-15,9:47:06.700405783,T,TGT,F I,1,90.44
2025-10-15,9:47:06.700408890,T,TGT,F I,9,90.44
2025-10-15,9:47:06.700411837,T,TGT,F I,12,90.44
2025-10-15,9:47:08.321315710,T,TGT,,300,90.45
2025-10-15,9:47:15.391784812,T,TGT,F I,1,90.41
2025-10-15,9:47:15.555106964,T,TGT,,100,90.425
2025-10-15,9:47:17.023779025,T,TGT,I,1,90.425
2025-10-15,9:47:25.141646773,T,TGT,F,100,90.44
2025-10-15,9:47:26.817208745,T,TGT,I,30,90.46
2025-10-15,9:47:30.451087489,T,TGT,I,1,90.48
2025-10-15,9:47:35.203378694,T,TGT,I,25,90.485
2025-10-15,9:47:35.205643086,T,TGT,I,78,90.47
2025-10-15,9:47:35.205712320,T,TGT,F,100,90.46
2025-10-15,9:47:42.195424408,T,TGT,F I,17,90.46
2025-10-15,9:47:42.195424408,T,TGT,F I,83,90.44
2025-10-15,9:47:42.195442177,T,TGT,I,1,90.44
2025-10-15,9:47:42.195445212,T,TGT,I,16,90.44
2025-10-15,9:47:42.211978656,T,TGT,I,73,90.45
2025-10-15,9:47:42.387518835,T,TGT,,100,90.45
2025-10-15,9:47:42.388072520,T,TGT,,100,90.45
2025-10-15,9:47:42.388072520,T,TGT,,100,90.45
2025-10-15,9:47:42.388075149,T,TGT,I,6,90.45
2025-10-15,9:47:42.388120311,T,TGT,I,6,90.45
2025-10-15,9:47:42.388171416,T,TGT,,100,90.45
2025-10-15,9:47:50.131512588,T,TGT,,100,90.46
2025-10-15,9:47:50.131532988,T,TGT,F,200,90.46
2025-10-15,9:47:50.131782478,T,TGT,,100,90.46
2025-10-15,9:47:50.132396077,T,TGT,F I,61,90.47
2025-10-15,9:47:50.132399043,T,TGT,F I,18,90.47
2025-10-15,9:47:50.132429025,T,TGT,I,21,90.47
2025-10-15,9:47:50.133619877,T,TGT,I,50,90.49
2025-10-15,9:47:51.049199204,T,TGT,I,20,90.5
2025-10-15,9:47:51.049199204,T,TGT,I,77,90.5
2025-10-15,9:47:51.049211229,T,TGT,F,818,90.5
2025-10-15,9:47:51.049214262,T,TGT,I,1,90.5
2025-10-15,9:47:51.049238240,T,TGT,,104,90.5
2025-10-15,9:47:51.049241332,T,TGT,I,60,90.5
2025-10-15,9:47:51.049241332,T,TGT,I,7,90.5
2025-10-15,9:47:51.049244255,T,TGT,I,7,90.5
2025-10-15,9:47:55.133505812,T,TGT,,100,90.485
2025-10-15,9:48:00.787958492,T,TGT,,100,90.495
2025-10-15,9:48:01.853171242,T,TGT,,100,90.495
2025-10-15,9:48:01.853240406,T,TGT,,100,90.495
2025-10-15,9:48:03.090839410,T,TGT,I,10,90.5
2025-10-15,9:48:03.090841995,T,TGT,I,1,90.5
2025-10-15,9:48:03.090844996,T,TGT,I,10,90.5
2025-10-15,9:48:03.090844996,T,TGT,I,5,90.5
2025-10-15,9:48:05.678925066,T,TGT,I,1,90.48
2025-10-15,9:48:05.678928442,T,TGT,I,1,90.48
2025-10-15,9:48:05.678931075,T,TGT,,100,90.48
2025-10-15,9:48:05.678934009,T,TGT,I,12,90.48
2025-10-15,9:48:05.679039318,T,TGT,I,41,90.48
2025-10-15,9:48:05.679282829,T,TGT,F,100,90.47
2025-10-15,9:48:05.679282829,T,TGT,F I,1,90.47
2025-10-15,9:48:06.628257072,T,TGT,F I,3,90.48
2025-10-15,9:48:06.628257072,T,TGT,F,100,90.48
2025-10-15,9:48:09.352729709,T,TGT,,100,90.485
2025-10-15,9:48:09.353204908,T,TGT,,102,90.485
2025-10-15,9:48:10.472687959,T,TGT,F,100,90.47
2025-10-15,9:48:10.565567262,T,TGT,I,1,90.44
2025-10-15,9:48:10.565684510,T,TGT,I,5,90.44
2025-10-15,9:48:10.565687736,T,TGT,I,3,90.44
2025-10-15,9:48:10.565687736,T,TGT,,100,90.44
2025-10-15,9:48:10.566228936,T,TGT,F,100,90.44
2025-10-15,9:48:10.566234858,T,TGT,F,100,90.44
2025-10-15,9:48:10.567678321,T,TGT,I,1,90.44
2025-10-15,9:48:16.499301530,T,TGT,I,1,90.45
2025-10-15,9:48:16.499301530,T,TGT,,100,90.45
2025-10-15,9:48:16.507752243,T,TGT,F,100,90.45
2025-10-15,9:48:24.120956647,T,TGT,F,100,90.44
2025-10-15,9:48:24.120956647,T,TGT,F I,27,90.44
2025-10-15,9:48:24.121067861,T,TGT,F I,5,90.43
2025-10-15,9:48:24.286422898,T,TGT,F I,13,90.42
2025-10-15,9:48:24.287087411,T,TGT,F I,32,90.41
2025-10-15,9:48:24.287177671,T,TGT,F,200,90.4
2025-10-15,9:48:24.287189737,T,TGT,F I,49,90.4
2025-10-15,9:48:24.287198676,T,TGT,F I,1,90.4
2025-10-15,9:48:24.287746285,T,TGT,F I,8,90.38
2025-10-15,9:48:24.287770178,T,TGT,I,4,90.38
2025-10-15,9:48:24.287773075,T,TGT,,300,90.38
2025-10-15,9:48:24.288070847,T,TGT,F I,4,90.37
2025-10-15,9:48:26.842684447,T,TGT,I,56,90.33
2025-10-15,9:48:26.842687162,T,TGT,I,44,90.33
2025-10-15,9:48:26.842690273,T,TGT,I,11,90.33
2025-10-15,9:48:26.842768342,T,TGT,,100,90.33
2025-10-15,9:48:26.842786462,T,TGT,I,13,90.32
2025-10-15,9:48:26.842786462,T,TGT,I,14,90.32
2025-10-15,9:48:26.842792442,T,TGT,I,11,90.32
2025-10-15,9:48:26.843120180,T,TGT,I,84,90.34
2025-10-15,9:48:26.843123129,T,TGT,I,20,90.34
2025-10-15,9:48:26.843171313,T,TGT,F,100,90.33
2025-10-15,9:48:26.843427654,T,TGT,I,19,90.35
2025-10-15,9:48:26.843427654,T,TGT,,100,90.35
2025-10-15,9:48:26.843430023,T,TGT,,100,90.35
2025-10-15,9:48:26.843432965,T,TGT,,100,90.35
2025-10-15,9:48:26.843432965,T,TGT,,100,90.35
2025-10-15,9:48:26.843529388,T,TGT,F I,19,90.34
2025-10-15,9:48:26.843595340,T,TGT,,100,90.35
2025-10-15,9:48:26.843598302,T,TGT,I,38,90.35
2025-10-15,9:48:26.843616618,T,TGT,I,17,90.35
2025-10-15,9:48:26.843739581,T,TGT,I,90,90.34
2025-10-15,9:48:26.843760652,T,TGT,F I,16,90.36
2025-10-15,9:48:26.843778708,T,TGT,I,1,90.34
2025-10-15,9:48:26.843980242,T,TGT,I,17,90.35
2025-10-15,9:48:26.846013119,T,TGT,I,74,90.35
2025-10-15,9:48:27.069899585,T,TGT,I,1,90.34
2025-10-15,9:48:28.770267643,T,TGT,F I,1,90.35
2025-10-15,9:48:28.770291656,T,TGT,F I,1,90.36
2025-10-15,9:48:29.992150948,T,TGT,,100,90.36
2025-10-15,9:48:29.993639239,T,TGT,F I,32,90.33
2025-10-15,9:48:29.993690390,T,TGT,I,68,90.33
2025-10-15,9:48:29.993693378,T,TGT,I,1,90.33
2025-10-15,9:48:29.994018737,T,TGT,I,3,90.33
2025-10-15,9:48:29.994018737,T,TGT,I,4,90.33
2025-10-15,9:48:29.994021109,T,TGT,I,3,90.33
2025-10-15,9:48:29.994024172,T,TGT,I,3,90.33
2025-10-15,9:48:30.185860273,T,TGT,F,100,90.33
2025-10-15,9:48:30.185863206,T,TGT,F I,1,90.33
2025-10-15,9:48:30.185866273,T,TGT,F I,89,90.33
2025-10-15,9:48:30.185866273,T,TGT,F,190,90.33
2025-10-15,9:48:30.185888238,T,TGT,F,118,90.33
2025-10-15,9:48:30.185888238,T,TGT,F I,72,90.33
2025-10-15,9:48:30.185890838,T,TGT,I,1,90.33
2025-10-15,9:48:30.185890838,T,TGT,I,27,90.33
2025-10-15,9:48:30.185893554,T,TGT,I,45,90.33
2025-10-15,9:48:30.185893554,T,TGT,I,32,90.33
2025-10-15,9:48:37.274306370,T,TGT,F I,1,90.32
2025-10-15,9:48:37.274439681,T,TGT,I,18,90.32
2025-10-15,9:48:37.274439681,T,TGT,I,1,90.32
2025-10-15,9:48:40.349673439,T,TGT,F I,26,90.31
2025-10-15,9:48:41.047287504,T,TGT,F I,1,90.32
2025-10-15,9:48:41.047305610,T,TGT,F I,32,90.32
2025-10-15,9:48:41.047308923,T,TGT,F,300,90.32
2025-10-15,9:48:41.047308923,T,TGT,F I,77,90.32
2025-10-15,9:48:41.048427184,T,TGT,F I,1,90.33
2025-10-15,9:48:50.278185023,T,TGT,F I,90,90.36
2025-10-15,9:48:50.278199962,T,TGT,I,1,90.36
2025-10-15,9:48:50.278206028,T,TGT,F I,9,90.36
2025-10-15,9:48:50.278208967,T,TGT,F I,3,90.36
2025-10-15,9:48:57.162709189,T,TGT,F,200,90.32
2025-10-15,9:48:57.162712216,T,TGT,F,100,90.32
2025-10-15,9:48:57.162712216,T,TGT,F,100,90.32
2025-10-15,9:49:00.883789849,T,TGT,,100,90.29
2025-10-15,9:49:00.883807924,T,TGT,I,1,90.29
2025-10-15,9:49:02.273938652,T,TGT,F I,1,90.28
2025-10-15,9:49:03.183834523,T,TGT,I,6,90.26
2025-10-15,9:49:03.184184213,T,TGT,I,11,90.27
2025-10-15,9:49:03.184184213,T,TGT,I,20,90.27
2025-10-15,9:49:04.164527918,T,TGT,I,11,90.26
2025-10-15,9:49:04.164546048,T,TGT,,100,90.26
2025-10-15,9:49:04.165363894,T,TGT,,118,90.25
2025-10-15,9:49:09.060182823,T,TGT,F I,20,90.22
2025-10-15,9:49:09.060200781,T,TGT,F I,7,90.22
2025-10-15,9:49:10.397863825,T,TGT,,100,90.25
2025-10-15,9:49:10.397863825,T,TGT,I,56,90.26
2025-10-15,9:49:10.397865895,T,TGT,I,10,90.26
2025-10-15,9:49:10.398079311,T,TGT,,100,90.26
2025-10-15,9:49:11.979887032,T,TGT,F I,20,90.26
2025-10-15,9:49:11.979905034,T,TGT,F I,53,90.26
2025-10-15,9:49:26.760250939,T,TGT,F I,1,90.25
2025-10-15,9:49:26.760253963,T,TGT,F,100,90.25
2025-10-15,9:49:34.515840033,T,TGT,,100,90.24
2025-10-15,9:49:34.515840033,T,TGT,I,11,90.25
2025-10-15,9:49:34.515843245,T,TGT,,100,90.26
2025-10-15,9:49:34.515843245,T,TGT,I,10,90.26
2025-10-15,9:49:34.515846624,T,TGT,I,19,90.26
2025-10-15,9:49:34.515905961,T,TGT,I,30,90.26
2025-10-15,9:49:34.515929620,T,TGT,F I,70,90.26
2025-10-15,9:49:34.516657330,T,TGT,,100,90.26
2025-10-15,9:49:34.516660900,T,TGT,,100,90.26
2025-10-15,9:49:36.841363861,T,TGT,I,20,90.2
2025-10-15,9:49:36.841366872,T,TGT,,100,90.2
2025-10-15,9:49:36.841370592,T,TGT,,100,90.2
2025-10-15,9:49:36.841817979,T,TGT,,100,90.2
2025-10-15,9:49:36.842110016,T,TGT,F I,1,90.2
2025-10-15,9:49:36.846620540,T,TGT,F I,70,90.2
2025-10-15,9:49:36.846620540,T,TGT,F I,30,90.21
2025-10-15,9:49:36.846981238,T,TGT,F I,70,90.21
2025-10-15,9:49:36.848725456,T,TGT,I,30,90.21
2025-10-15,9:49:38.385332501,T,TGT,,100,90.22
2025-10-15,9:49:38.408592902,T,TGT,,100,90.22
2025-10-15,9:49:42.529743481,T,TGT,F I,1,90.2
2025-10-15,9:49:42.529743481,T,TGT,I,99,90.2
2025-10-15,9:49:42.530053168,T,TGT,,100,90.2
2025-10-15,9:49:42.530501278,T,TGT,I,20,90.21
2025-10-15,9:49:44.490074875,T,TGT,,100,90.23
2025-10-15,9:49:48.348880292,T,TGT,F I,5,90.22
2025-10-15,9:50:03.086019216,T,TGT,,400,90.23
2025-10-15,9:50:03.426117617,T,TGT,I,1,90.23
2025-10-15,9:50:04.046769757,T,TGT,I,1,90.25
2025-10-15,9:50:04.046772151,T,TGT,I,20,90.25
2025-10-15,9:50:04.254813788,T,TGT,F I,11,90.24
2025-10-15,9:50:04.254816839,T,TGT,F,100,90.24
2025-10-15,9:50:04.254835094,T,TGT,I,1,90.24
2025-10-15,9:50:04.254837903,T,TGT,I,48,90.24
2025-10-15,9:50:04.255159650,T,TGT,,100,90.24
2025-10-15,9:50:04.255162722,T,TGT,I,11,90.24
2025-10-15,9:50:04.255183769,T,TGT,I,1,90.24
2025-10-15,9:50:10.039305286,T,TGT,,100,90.255
2025-10-15,9:50:13.259404143,T,TGT,F I,1,90.26
2025-10-15,9:50:13.267276867,T,TGT,I,1,90.27
2025-10-15,9:50:15.660808466,T,TGT,F I,3,90.26
2025-10-15,9:50:15.834406133,T,TGT,F I,1,90.28
2025-10-15,9:50:15.834406133,T,TGT,F,100,90.28
2025-10-15,9:50:15.834409101,T,TGT,F I,1,90.28
2025-10-15,9:50:18.865697137,T,TGT,I,20,90.3
2025-10-15,9:50:18.865715114,T,TGT,F I,50,90.3
2025-10-15,9:50:21.944747891,T,TGT,I,1,90.31
2025-10-15,9:50:22.286851872,T,TGT,F I,14,90.31
2025-10-15,9:50:25.640727458,T,TGT,F I,8,90.28
2025-10-15,9:50:25.640745603,T,TGT,I,1,90.28
2025-10-15,9:50:25.640760644,T,TGT,F I,91,90.28
2025-10-15,9:50:25.640760644,T,TGT,F I,1,90.28
2025-10-15,9:50:25.640802706,T,TGT,I,1,90.27
2025-10-15,9:50:25.640805636,T,TGT,I,1,90.27
2025-10-15,9:50:25.640808719,T,TGT,I,5,90.27
2025-10-15,9:50:25.641088334,T,TGT,F,100,90.28
2025-10-15,9:50:25.641145524,T,TGT,I,56,90.28
2025-10-15,9:50:25.641172574,T,TGT,I,44,90.28
2025-10-15,9:50:25.641227061,T,TGT,I,35,90.29
2025-10-15,9:50:25.641227061,T,TGT,,100,90.29
2025-10-15,9:50:25.641229673,T,TGT,I,20,90.29
2025-10-15,9:50:25.641262785,T,TGT,F,100,90.28
2025-10-15,9:50:25.641286820,T,TGT,I,1,90.28
2025-10-15,9:50:25.642709201,T,TGT,I,1,90.29
2025-10-15,9:50:26.188088524,T,TGT,I,1,90.28
2025-10-15,9:50:26.495784619,T,TGT,,100,90.3
2025-10-15,9:50:26.495805719,T,TGT,,100,90.3
2025-10-15,9:50:32.726542339,T,TGT,F I,35,90.3
2025-10-15,9:50:32.726548318,T,TGT,F I,32,90.3
2025-10-15,9:50:32.726548318,T,TGT,F,100,90.3
2025-10-15,9:50:32.726552040,T,TGT,F I,25,90.3
2025-10-15,9:50:32.726552040,T,TGT,F,100,90.3
2025-10-15,9:50:32.726554357,T,TGT,F I,92,90.3
2025-10-15,9:50:32.726566424,T,TGT,I,1,90.3
2025-10-15,9:50:32.726569427,T,TGT,I,7,90.3
2025-10-15,9:50:32.726773879,T,TGT,,100,90.3
2025-10-15,9:50:32.726797908,T,TGT,I,25,90.31
2025-10-15,9:50:32.726797908,T,TGT,I,10,90.31
2025-10-15,9:50:32.726939338,T,TGT,,100,90.3
2025-10-15,9:50:45.527728999,T,TGT,F,108,90.28
2025-10-15,9:50:45.527728999,T,TGT,F,100,90.28
2025-10-15,9:51:04.326374384,T,TGT,F I,99,90.22
2025-10-15,9:51:04.981671570,T,TGT,F I,53,90.2
2025-10-15,9:51:04.981698599,T,TGT,F I,16,90.2
2025-10-15,9:51:04.981698599,T,TGT,F I,3,90.2
2025-10-15,9:51:04.981704613,T,TGT,F I,28,90.2
2025-10-15,9:51:05.011364260,T,TGT,,200,90.185
2025-10-15,9:51:14.939268390,T,TGT,F I,1,90.16
2025-10-15,9:51:14.939301502,T,TGT,I,5,90.16
2025-10-15,9:51:14.939305134,T,TGT,I,5,90.16
2025-10-15,9:51:14.939307802,T,TGT,I,5,90.16
2025-10-15,9:51:14.939310504,T,TGT,I,4,90.16
2025-10-15,9:51:14.939394640,T,TGT,F I,82,90.16
2025-10-15,9:51:14.939469820,T,TGT,F I,4,90.17
2025-10-15,9:51:14.939665387,T,TGT,I,26,90.17
2025-10-15,9:51:27.549912371,T,TGT,F I,29,90.16
2025-10-15,9:51:27.549915080,T,TGT,F I,1,90.16
2025-10-15,9:51:27.549915080,T,TGT,F I,43,90.16
2025-10-15,9:51:27.549917983,T,TGT,F I,57,90.16
2025-10-15,9:51:30.466217967,T,TGT,,100,90.12
2025-10-15,9:51:30.466223985,T,TGT,I,95,90.12
2025-10-15,9:51:30.517742850,T,TGT,I,36,90.14
2025-10-15,9:51:30.517745855,T,TGT,I,30,90.14
2025-10-15,9:51:30.517745855,T,TGT,I,20,90.14
2025-10-15,9:51:30.517748755,T,TGT,,100,90.14
2025-10-15,9:51:40.128460015,T,TGT,F I,60,90.14
2025-10-15,9:51:40.128514093,T,TGT,I,40,90.14
2025-10-15,9:51:40.128514093,T,TGT,I,60,90.15
2025-10-15,9:51:40.161201998,T,TGT,,100,90.15
2025-10-15,9:51:40.161205041,T,TGT,,100,90.15
2025-10-15,9:51:40.161226121,T,TGT,I,1,90.15
2025-10-15,9:51:40.161241291,T,TGT,F I,98,90.15
2025-10-15,9:51:43.245244700,T,TGT,I,1,90.14
2025-10-15,9:51:44.224822512,T,TGT,I,1,90.14
2025-10-15,9:51:44.226139700,T,TGT,F I,39,90.14
2025-10-15,9:51:44.226142701,T,TGT,F,100,90.14
2025-10-15,9:51:44.239338076,T,TGT,I,1,90.155
2025-10-15,9:51:44.239668845,T,TGT,I,1,90.155
2025-10-15,9:51:44.240923449,T,TGT,F I,76,90.17
2025-10-15,9:51:44.240946891,T,TGT,I,1,90.17
2025-10-15,9:51:44.240949955,T,TGT,F I,23,90.17
2025-10-15,9:51:44.245084728,T,TGT,F I,40,90.17
2025-10-15,9:51:45.770090172,T,TGT,F,100,90.17
2025-10-15,9:51:48.490750093,T,TGT,F,400,90.18
2025-10-15,9:51:50.125459686,T,TGT,F,100,90.19
2025-10-15,9:51:52.412438435,T,TGT,F,100,90.2
2025-10-15,9:51:53.939293066,T,TGT,F,100,90.21
2025-10-15,9:51:57.889158749,T,TGT,F I,1,90.24
2025-10-15,9:51:57.889606820,T,TGT,F I,1,90.25
2025-10-15,9:51:57.889609837,T,TGT,F,150,90.25
2025-10-15,9:51:57.889612819,T,TGT,F I,5,90.25
2025-10-15,9:51:57.889612819,T,TGT,F I,1,90.25
2025-10-15,9:51:57.890481878,T,TGT,,100,90.25
2025-10-15,9:52:00.125490722,T,TGT,,100,90.3
2025-10-15,9:52:05.763091178,T,TGT,F I,55,90.31
2025-10-15,9:52:05.763115212,T,TGT,F,100,90.32
2025-10-15,9:52:07.833818622,T,TGT,F,100,90.35
2025-10-15,9:52:07.833869916,T,TGT,F I,20,90.36
2025-10-15,9:52:07.834059231,T,TGT,,100,90.36
2025-10-15,9:52:09.943011683,T,TGT,F I,36,90.35
2025-10-15,9:52:09.943011683,T,TGT,F I,24,90.35
2025-10-15,9:52:09.943013742,T,TGT,F I,21,90.35
2025-10-15,9:52:09.943028850,T,TGT,I,1,90.35
2025-10-15,9:52:09.943028850,T,TGT,F I,1,90.35
2025-10-15,9:52:16.158525122,T,TGT,,100,90.365
2025-10-15,9:52:23.449437624,T,TGT,F I,8,90.4
2025-10-15,9:52:32.132673704,T,TGT,F,100,90.39
2025-10-15,9:52:32.132679408,T,TGT,F I,9,90.39
2025-10-15,9:52:32.132679408,T,TGT,F I,12,90.39
2025-10-15,9:52:32.132682862,T,TGT,I,8,90.39
2025-10-15,9:52:32.132682862,T,TGT,I,1,90.39
2025-10-15,9:52:32.132983031,T,TGT,F I,18,90.38
2025-10-15,9:52:32.133166594,T,TGT,I,82,90.38
2025-10-15,9:52:32.133166594,T,TGT,I,12,90.38
2025-10-15,9:52:35.801846937,T,TGT,F I,11,90.4
2025-10-15,9:52:40.267119330,T,TGT,,100,90.4
2025-10-15,9:52:41.471007792,T,TGT,F,100,90.39
2025-10-15,9:52:41.471206170,T,TGT,I,88,90.38
2025-10-15,9:52:41.471269304,T,TGT,F I,50,90.38
2025-10-15,9:52:41.636398661,T,TGT,I,61,90.375
2025-10-15,9:52:43.958122102,T,TGT,I,53,90.36
2025-10-15,9:52:51.161613364,T,TGT,,100,90.36
2025-10-15,9:52:51.173223998,T,TGT,F,100,90.35
2025-10-15,9:52:53.775389541,T,TGT,,100,90.335
2025-10-15,9:52:57.443715269,T,TGT,F,100,90.38
2025-10-15,9:52:57.443733317,T,TGT,I,1,90.38
2025-10-15,9:52:57.443751754,T,TGT,I,9,90.38
2025-10-15,9:52:57.443751754,T,TGT,I,53,90.38
2025-10-15,9:52:57.443757378,T,TGT,,100,90.38
2025-10-15,9:53:08.497733280,T,TGT,I,4,90.42
2025-10-15,9:53:08.497733280,T,TGT,I,29,90.42
2025-10-15,9:53:08.497751418,T,TGT,I,71,90.42
2025-10-15,9:53:08.497757351,T,TGT,I,32,90.42
2025-10-15,9:53:08.497775451,T,TGT,,100,90.42
2025-10-15,9:53:08.499197784,T,TGT,F I,9,90.41
2025-10-15,9:53:08.499197784,T,TGT,F I,8,90.41
2025-10-15,9:53:08.499200884,T,TGT,F I,1,90.41
2025-10-15,9:53:08.637984468,T,TGT,,100,90.41
2025-10-15,9:53:08.637984468,T,TGT,I,3,90.41
2025-10-15,9:53:08.637987450,T,TGT,I,8,90.41
2025-10-15,9:53:22.015596457,T,TGT,F I,27,90.44
2025-10-15,9:53:22.015614474,T,TGT,I,2,90.44
2025-10-15,9:53:22.016624923,T,TGT,F,100,90.45
2025-10-15,9:53:22.016624923,T,TGT,F I,2,90.45
2025-10-15,9:53:23.411029054,T,TGT,F,100,90.5
2025-10-15,9:53:23.411044033,T,TGT,I,1,90.5
2025-10-15,9:53:23.411056083,T,TGT,F I,55,90.5
2025-10-15,9:53:23.411062184,T,TGT,,100,90.48
2025-10-15,9:53:23.411086167,T,TGT,I,25,90.48
2025-10-15,9:53:23.411089669,T,TGT,I,50,90.48
2025-10-15,9:53:23.411092308,T,TGT,I,17,90.48
2025-10-15,9:53:23.411092308,T,TGT,I,1,90.48
2025-10-15,9:53:24.167129388,T,TGT,I,80,90.485
2025-10-15,9:53:29.034712377,T,TGT,I,1,90.49
2025-10-15,9:53:29.814776885,T,TGT,I,42,90.5
2025-10-15,9:53:29.814803910,T,TGT,F I,89,90.5
2025-10-15,9:53:29.814821992,T,TGT,I,1,90.5
2025-10-15,9:53:29.816163223,T,TGT,,191,90.5
2025-10-15,9:53:29.816184156,T,TGT,,378,90.5
2025-10-15,9:53:29.816208489,T,TGT,,143,90.5
2025-10-15,9:53:29.816211434,T,TGT,,100,90.5
2025-10-15,9:53:29.816214875,T,TGT,,100,90.5
2025-10-15,9:53:29.816214875,T,TGT,I,55,90.5
2025-10-15,9:53:29.816217303,T,TGT,,100,90.5
2025-10-15,9:53:30.129518733,T,TGT,,100,90.51
2025-10-15,9:53:31.889639271,T,TGT,F I,1,90.5
2025-10-15,9:53:31.889642273,T,TGT,F,100,90.5
2025-10-15,9:53:31.889663356,T,TGT,I,50,90.5
2025-10-15,9:53:37.331244710,T,TGT,I,1,90.48
2025-10-15,9:53:37.331269142,T,TGT,,199,90.48
2025-10-15,9:53:37.331272353,T,TGT,,100,90.48
2025-10-15,9:53:37.331275181,T,TGT,I,2,90.48
2025-10-15,9:53:37.331275181,T,TGT,,100,90.48
2025-10-15,9:53:37.331277992,T,TGT,I,11,90.48
2025-10-15,9:53:37.331280748,T,TGT,,100,90.48
2025-10-15,9:53:37.331280748,T,TGT,F,100,90.48
2025-10-15,9:53:40.557442094,T,TGT,,300,90.46
2025-10-15,9:53:40.558073666,T,TGT,F,1400,90.47
2025-10-15,9:53:43.538393236,T,TGT,,100,90.48
2025-10-15,9:53:52.477622744,T,TGT,,100,90.475
2025-10-15,9:53:53.558127041,T,TGT,F,100,90.46
2025-10-15,9:53:53.558142521,T,TGT,F I,29,90.46
2025-10-15,9:53:53.558148102,T,TGT,I,68,90.46
2025-10-15,9:53:53.558151117,T,TGT,I,1,90.46
2025-10-15,9:53:53.558563481,T,TGT,F I,2,90.46
2025-10-15,9:53:53.558566096,T,TGT,I,16,90.46
2025-10-15,9:53:53.558569163,T,TGT,I,23,90.46
2025-10-15,9:53:55.408242966,T,TGT,,100,90.455
2025-10-15,9:53:57.233315203,T,TGT,F,100,90.46
2025-10-15,9:53:59.040064615,T,TGT,,100,90.46
2025-10-15,9:54:00.131827847,T,TGT,F,100,90.47
2025-10-15,9:54:04.176930071,T,TGT,,100,90.45
2025-10-15,9:54:04.176930071,T,TGT,I,48,90.45
2025-10-15,9:54:04.178908884,T,TGT,,100,90.445
2025-10-15,9:54:04.827632330,T,TGT,F,100,90.44
2025-10-15,9:54:05.668200980,T,TGT,,161,90.44
2025-10-15,9:54:05.668772353,T,TGT,I,89,90.44
2025-10-15,9:54:13.202287659,T,TGT,,100,90.41
2025-10-15,9:54:13.202296951,T,TGT,I,10,90.4
2025-10-15,9:54:13.202296951,T,TGT,I,62,90.4
2025-10-15,9:54:13.202317761,T,TGT,I,1,90.4
2025-10-15,9:54:13.202386953,T,TGT,F I,8,90.41
2025-10-15,9:54:13.202389965,T,TGT,F I,2,90.41
2025-10-15,9:54:13.202435005,T,TGT,F,100,90.41
2025-10-15,9:54:13.202435005,T,TGT,F I,90,90.41
2025-10-15,9:54:13.202603391,T,TGT,F I,1,90.41
2025-10-15,9:54:13.210055181,T,TGT,F I,7,90.41
2025-10-15,9:54:15.045126258,T,TGT,I,1,90.41
2025-10-15,9:54:15.045141322,T,TGT,F I,1,90.41
2025-10-15,9:54:28.077545679,T,TGT,,100,90.415
2025-10-15,9:54:38.269677879,T,TGT,F I,17,90.4
2025-10-15,9:54:38.269677879,T,TGT,F I,1,90.4
2025-10-15,9:54:38.269680408,T,TGT,F,100,90.4
2025-10-15,9:54:38.269698727,T,TGT,I,1,90.4
2025-10-15,9:54:38.269701413,T,TGT,I,88,90.4
2025-10-15,9:54:38.948556853,T,TGT,I,39,90.4
2025-10-15,9:54:39.628651211,T,TGT,I,2,90.41
2025-10-15,9:54:39.628651211,T,TGT,I,98,90.41
2025-10-15,9:54:39.628663165,T,TGT,I,2,90.41
2025-10-15,9:54:40.180721503,T,TGT,F I,8,90.4
2025-10-15,9:54:41.271886139,T,TGT,,100,90.395
2025-10-15,9:54:41.271952561,T,TGT,F,100,90.4
2025-10-15,9:54:41.292686755,T,TGT,I,61,90.405
2025-10-15,9:54:41.302917101,T,TGT,F,108,90.42
2025-10-15,9:54:41.302926157,T,TGT,F I,18,90.42
2025-10-15,9:54:41.303001308,T,TGT,F,174,90.42
2025-10-15,9:54:41.303001308,T,TGT,F I,5,90.42
2025-10-15,9:54:42.238373815,T,TGT,F I,13,90.43
2025-10-15,9:54:42.238376836,T,TGT,F,100,90.43
2025-10-15,9:54:42.238379909,T,TGT,F I,1,90.43
2025-10-15,9:54:42.238379909,T,TGT,F,100,90.43
2025-10-15,9:54:42.238394877,T,TGT,F,100,90.43
2025-10-15,9:54:42.242108726,T,TGT,I,76,90.44
2025-10-15,9:54:45.064329639,T,TGT,,178,90.44
2025-10-15,9:54:49.258825035,T,TGT,I,61,90.44
2025-10-15,9:54:49.258825035,T,TGT,I,39,90.43
2025-10-15,9:55:03.264588371,T,TGT,F I,3,90.45
2025-10-15,9:55:03.264592136,T,TGT,F,200,90.45
2025-10-15,9:55:03.264594923,T,TGT,F,100,90.45
2025-10-15,9:55:03.264594923,T,TGT,F I,2,90.45
2025-10-15,9:55:03.264597415,T,TGT,F I,36,90.45
2025-10-15,9:55:03.264672583,T,TGT,,100,90.45
2025-10-15,9:55:03.369550482,T,TGT,I,1,90.46
2025-10-15,9:55:03.369586609,T,TGT,F I,11,90.46
2025-10-15,9:55:03.369589559,T,TGT,F,100,90.46
2025-10-15,9:55:03.470723858,T,TGT,I,2,90.46
2025-10-15,9:55:03.470723858,T,TGT,I,21,90.46
2025-10-15,9:55:16.446993313,T,TGT,F I,35,90.45
2025-10-15,9:55:16.446997264,T,TGT,F I,98,90.45
2025-10-15,9:55:16.446999483,T,TGT,F I,1,90.45
2025-10-15,9:55:16.446999483,T,TGT,F I,1,90.45
2025-10-15,9:55:18.048927786,T,TGT,I,2,90.44
2025-10-15,9:55:18.048930975,T,TGT,I,19,90.44
2025-10-15,9:55:18.048930975,T,TGT,I,61,90.44
2025-10-15,9:55:18.048933762,T,TGT,,103,90.44
2025-10-15,9:55:20.155214988,T,TGT,F I,1,90.43
2025-10-15,9:55:20.155377302,T,TGT,I,6,90.42
2025-10-15,9:55:20.155380302,T,TGT,I,6,90.42
2025-10-15,9:55:20.155380302,T,TGT,I,6,90.42
2025-10-15,9:55:20.155386359,T,TGT,I,3,90.42
2025-10-15,9:55:20.156492953,T,TGT,F I,15,90.42
2025-10-15,9:55:30.932336290,T,TGT,,100,90.45
2025-10-15,9:55:30.933091080,T,TGT,F,203,90.46
2025-10-15,9:55:30.933142268,T,TGT,F I,68,90.47
2025-10-15,9:55:31.099342159,T,TGT,,229,90.47
2025-10-15,9:55:31.099342159,T,TGT,I,1,90.47
2025-10-15,9:55:31.099345212,T,TGT,,100,90.47
2025-10-15,9:55:31.441677816,T,TGT,F I,5,90.47
2025-10-15,9:55:31.441681148,T,TGT,F I,2,90.47
2025-10-15,9:55:31.441681148,T,TGT,F I,8,90.47
2025-10-15,9:55:35.328639398,T,TGT,F I,1,90.47
2025-10-15,9:55:45.906950898,T,TGT,F I,35,90.47
2025-10-15,9:55:45.906950898,T,TGT,F I,30,90.47
2025-10-15,9:55:45.906953975,T,TGT,F I,1,90.47
2025-10-15,9:55:45.908123786,T,TGT,,100,90.47
2025-10-15,9:55:45.946961267,T,TGT,,150,90.475
2025-10-15,9:55:45.959606375,T,TGT,,100,90.47
2025-10-15,9:55:49.605496423,T,TGT,F,150,90.47
2025-10-15,9:55:49.605499222,T,TGT,F,255,90.46
2025-10-15,9:55:49.605499222,T,TGT,F I,54,90.45
2025-10-15,9:55:49.605501854,T,TGT,F I,25,90.45
2025-10-15,9:55:49.605501854,T,TGT,F I,52,90.45
2025-10-15,9:55:49.605505401,T,TGT,F I,1,90.45
2025-10-15,9:55:49.605505401,T,TGT,F,100,90.45
2025-10-15,9:55:49.605507785,T,TGT,F,200,90.45
2025-10-15,9:55:49.613386462,T,TGT,F,200,90.45
2025-10-15,9:55:49.613389537,T,TGT,F I,25,90.45
2025-10-15,9:55:49.613407558,T,TGT,I,1,90.45
2025-10-15,9:55:49.614315791,T,TGT,F I,10,90.46
2025-10-15,9:55:49.620615781,T,TGT,I,21,90.46
2025-10-15,9:55:49.628530536,T,TGT,F I,53,90.46
2025-10-15,9:55:55.751565558,T,TGT,F,100,90.49
2025-10-15,9:55:55.848153039,T,TGT,I,13,90.5
2025-10-15,9:55:55.848156492,T,TGT,I,3,90.5
2025-10-15,9:55:55.848159171,T,TGT,I,30,90.5
2025-10-15,9:55:55.848159171,T,TGT,,100,90.5
2025-10-15,9:55:55.848164666,T,TGT,I,50,90.5
2025-10-15,9:55:55.848164666,T,TGT,I,10,90.5
2025-10-15,9:55:55.848164666,T,TGT,I,1,90.5
2025-10-15,9:55:55.848167635,T,TGT,,100,90.5
2025-10-15,9:55:55.848321029,T,TGT,I,50,90.51
2025-10-15,9:55:55.848321029,T,TGT,I,4,90.51
2025-10-15,9:55:55.852825838,T,TGT,I,10,90.52
2025-10-15,9:55:57.630396855,T,TGT,I,29,90.53
2025-10-15,9:55:57.630411985,T,TGT,I,6,90.53
2025-10-15,9:55:57.632453906,T,TGT,,100,90.54
2025-10-15,9:55:58.340475666,T,TGT,I,51,90.55
2025-10-15,9:55:58.341434878,T,TGT,I,49,90.55
2025-10-15,9:55:58.550432798,T,TGT,I,25,90.55
2025-10-15,9:56:00.226100263,T,TGT,I,13,90.54
2025-10-15,9:56:00.226100263,T,TGT,I,1,90.54
2025-10-15,9:56:00.226118337,T,TGT,I,4,90.54
2025-10-15,9:56:00.226130369,T,TGT,I,2,90.54
2025-10-15,9:56:00.226169360,T,TGT,,192,90.55
2025-10-15,9:56:00.226190475,T,TGT,F,208,90.55
2025-10-15,9:56:00.226190475,T,TGT,F I,49,90.55
2025-10-15,9:56:00.226464705,T,TGT,,100,90.55
2025-10-15,9:56:00.226464705,T,TGT,I,49,90.55
2025-10-15,9:56:00.226467095,T,TGT,I,37,90.55
2025-10-15,9:56:00.226485423,T,TGT,F I,9,90.55
2025-10-15,9:56:00.226488204,T,TGT,F I,10,90.55
2025-10-15,9:56:00.226515192,T,TGT,F I,1,90.54
2025-10-15,9:56:00.227056551,T,TGT,I,1,90.55
2025-10-15,9:56:00.227263983,T,TGT,I,1,90.55
2025-10-15,9:56:00.227267208,T,TGT,I,1,90.55
2025-10-15,9:56:00.227267208,T,TGT,I,98,90.55
2025-10-15,9:56:00.245024420,T,TGT,,100,90.56
2025-10-15,9:56:00.245036428,T,TGT,I,7,90.56
2025-10-15,9:56:00.245036428,T,TGT,I,8,90.56
2025-10-15,9:56:00.245039410,T,TGT,I,7,90.56
2025-10-15,9:56:00.245042686,T,TGT,I,5,90.56
2025-10-15,9:56:00.245042686,T,TGT,F I,79,90.56
2025-10-15,9:56:00.245045374,T,TGT,I,1,90.56
2025-10-15,9:56:00.245054452,T,TGT,F I,93,90.56
2025-10-15,9:56:00.245054452,T,TGT,F I,3,90.56
2025-10-15,9:56:00.245307059,T,TGT,,100,90.56
2025-10-15,9:56:00.245307059,T,TGT,,250,90.56
2025-10-15,9:56:00.245412328,T,TGT,F I,1,90.57
2025-10-15,9:56:00.245415250,T,TGT,F I,8,90.57
2025-10-15,9:56:00.245415250,T,TGT,F I,46,90.57
2025-10-15,9:56:00.296281429,T,TGT,F I,1,90.56
2025-10-15,9:56:06.401471930,T,TGT,I,10,90.575
2025-10-15,9:56:07.325892296,T,TGT,F I,10,90.59
2025-10-15,9:56:07.325892296,T,TGT,F,100,90.59
2025-10-15,9:56:07.325946532,T,TGT,,100,90.6
2025-10-15,9:56:07.325949823,T,TGT,I,98,90.6
2025-10-15,9:56:07.325949823,T,TGT,,100,90.6
2025-10-15,9:56:07.325974208,T,TGT,I,18,90.6
2025-10-15,9:56:07.326003614,T,TGT,F I,50,90.6
2025-10-15,9:56:07.326024693,T,TGT,I,39,90.59
2025-10-15,9:56:07.326027687,T,TGT,I,19,90.59
2025-10-15,9:56:07.326235126,T,TGT,,100,90.59
2025-10-15,9:56:07.326238231,T,TGT,,100,90.59
2025-10-15,9:56:07.326328528,T,TGT,I,39,90.58
2025-10-15,9:56:07.326331463,T,TGT,I,19,90.58
2025-10-15,9:56:07.326331463,T,TGT,,100,90.58
2025-10-15,9:56:07.326334773,T,TGT,,100,90.58
2025-10-15,9:56:07.326334773,T,TGT,I,33,90.58
2025-10-15,9:56:07.326466761,T,TGT,I,44,90.59
2025-10-15,9:56:07.326469665,T,TGT,F I,8,90.59
2025-10-15,9:56:07.334348485,T,TGT,F I,44,90.58
2025-10-15,9:56:07.334348485,T,TGT,F I,59,90.58
2025-10-15,9:56:09.068838801,T,TGT,I,15,90.57
2025-10-15,9:56:09.259875014,T,TGT,F I,13,90.56
2025-10-15,9:56:09.259875014,T,TGT,F I,55,90.56
2025-10-15,9:56:09.259878354,T,TGT,F I,1,90.56
2025-10-15,9:56:09.259881020,T,TGT,F I,31,90.56
2025-10-15,9:56:09.259989266,T,TGT,I,2,90.56
2025-10-15,9:56:09.929916385,T,TGT,,100,90.55
2025-10-15,9:56:10.165483430,T,TGT,I,38,90.55
2025-10-15,9:56:10.165483430,T,TGT,I,49,90.55
2025-10-15,9:56:10.165485591,T,TGT,I,13,90.55
2025-10-15,9:56:10.165500696,T,TGT,I,1,90.55
2025-10-15,9:56:13.393947323,T,TGT,F I,6,90.53
2025-10-15,9:56:13.393953398,T,TGT,F I,8,90.53
2025-10-15,9:56:13.393980361,T,TGT,I,86,90.53
2025-10-15,9:56:13.393983473,T,TGT,,300,90.53
2025-10-15,9:56:13.395345677,T,TGT,F I,29,90.53
2025-10-15,9:56:13.395345677,T,TGT,F I,86,90.53
2025-10-15,9:56:13.395387724,T,TGT,I,1,90.53
2025-10-15,9:56:13.395426883,T,TGT,I,99,90.53
2025-10-15,9:56:13.492471114,T,TGT,I,32,90.53
2025-10-15,9:56:13.492471114,T,TGT,I,7,90.53
2025-10-15,9:56:13.492501126,T,TGT,I,25,90.53
2025-10-15,9:56:13.492504124,T,TGT,I,32,90.53
2025-10-15,9:56:14.488200477,T,TGT,F I,10,90.54
2025-10-15,9:56:19.071708547,T,TGT,I,15,90.55
2025-10-15,9:56:20.878415979,T,TGT,F I,50,90.55
2025-10-15,9:56:30.100309971,T,TGT,F I,5,90.6
2025-10-15,9:56:30.100313734,T,TGT,F I,45,90.6
2025-10-15,9:56:30.100337090,T,TGT,F I,8,90.6
2025-10-15,9:56:30.100358326,T,TGT,I,47,90.6
2025-10-15,9:56:33.684462306,T,TGT,F I,1,90.58
2025-10-15,9:56:33.684462306,T,TGT,F I,39,90.58
2025-10-15,9:56:33.684480293,T,TGT,F I,12,90.58
2025-10-15,9:56:36.678271944,T,TGT,F I,47,90.56
2025-10-15,9:56:36.682148230,T,TGT,,255,90.555
2025-10-15,9:56:36.682151154,T,TGT,I,45,90.56
2025-10-15,9:56:36.706094131,T,TGT,I,37,90.56
2025-10-15,9:56:36.706178387,T,TGT,F I,11,90.57
2025-10-15,9:56:37.282336027,T,TGT,I,1,90.56
2025-10-15,9:56:41.655378768,T,TGT,F I,68,90.59
2025-10-15,9:56:41.655384735,T,TGT,I,32,90.59
2025-10-15,9:56:43.453798617,T,TGT,I,1,90.595
2025-10-15,9:56:43.548599346,T,TGT,F I,5,90.6
2025-10-15,9:56:46.475502602,T,TGT,F I,21,90.59
2025-10-15,9:56:46.475505541,T,TGT,F I,4,90.59
2025-10-15,9:56:46.475527029,T,TGT,F I,6,90.59
2025-10-15,9:56:46.475529645,T,TGT,F I,57,90.59
2025-10-15,9:56:46.475529645,T,TGT,F I,36,90.59
2025-10-15,9:56:50.551142602,T,TGT,F I,1,90.58
2025-10-15,9:56:50.551142602,T,TGT,F I,34,90.58
2025-10-15,9:56:53.547833217,T,TGT,F,100,90.56
2025-10-15,9:56:55.983582344,T,TGT,I,1,90.56
2025-10-15,9:57:07.192610574,T,TGT,F I,67,90.55
2025-10-15,9:57:07.192613562,T,TGT,F I,10,90.55
2025-10-15,9:57:07.192634831,T,TGT,F I,38,90.55
2025-10-15,9:57:07.192637852,T,TGT,F I,35,90.55
2025-10-15,9:57:07.192637852,T,TGT,F I,35,90.55
2025-10-15,9:57:07.192640694,T,TGT,I,33,90.55
2025-10-15,9:57:09.721858502,T,TGT,I,2,90.54
2025-10-15,9:57:09.753072801,T,TGT,,100,90.51
2025-10-15,9:57:09.753075840,T,TGT,I,29,90.51
2025-10-15,9:57:09.753376556,T,TGT,,1000,90.5
2025-10-15,9:57:09.753421692,T,TGT,I,4,90.49
2025-10-15,9:57:09.753466832,T,TGT,F I,5,90.48
2025-10-15,9:57:09.753469792,T,TGT,F I,5,90.48
2025-10-15,9:57:09.753523976,T,TGT,I,24,90.48
2025-10-15,9:57:09.753674318,T,TGT,I,69,90.48
2025-10-15,9:57:09.818241111,T,TGT,I,29,90.49
2025-10-15,9:57:09.818241111,T,TGT,I,21,90.49
2025-10-15,9:57:09.818244190,T,TGT,I,13,90.49
2025-10-15,9:57:09.825130521,T,TGT,F I,29,90.5
2025-10-15,9:57:09.825130521,T,TGT,F I,71,90.5
2025-10-15,9:57:09.825274913,T,TGT,F I,29,90.5
2025-10-15,9:57:09.825274913,T,TGT,F I,45,90.5
2025-10-15,9:57:09.825476324,T,TGT,F I,50,90.5
2025-10-15,9:57:09.830281802,T,TGT,I,2,90.51
2025-10-15,9:57:09.854970600,T,TGT,I,98,90.51
2025-10-15,9:57:09.854973658,T,TGT,I,29,90.51
2025-10-15,9:57:09.988320273,T,TGT,I,1,90.52
2025-10-15,9:57:09.988344366,T,TGT,I,1,90.52
2025-10-15,9:57:11.370494301,T,TGT,I,2,90.51
2025-10-15,9:57:11.370494301,T,TGT,I,1,90.51
2025-10-15,9:57:13.825786964,T,TGT,F I,20,90.5
2025-10-15,9:57:13.825790064,T,TGT,F I,35,90.5
2025-10-15,9:57:13.825799329,T,TGT,F I,8,90.5
2025-10-15,9:57:13.825799329,T,TGT,F I,55,90.5
2025-10-15,9:57:13.826063638,T,TGT,F I,16,90.5
2025-10-15,9:57:13.826102811,T,TGT,F I,14,90.5
2025-10-15,9:57:15.195674106,T,TGT,F I,19,90.49
2025-10-15,9:57:15.195677037,T,TGT,F I,35,90.49
2025-10-15,9:57:15.195679727,T,TGT,F I,2,90.49
2025-10-15,9:57:15.196927645,T,TGT,I,29,90.49
2025-10-15,9:57:16.481140339,T,TGT,F I,34,90.47
2025-10-15,9:57:16.481140339,T,TGT,F I,5,90.47
2025-10-15,9:57:16.481143327,T,TGT,F I,4,90.47
2025-10-15,9:57:16.481143327,T,TGT,F I,15,90.47
2025-10-15,9:57:16.481161678,T,TGT,F I,21,90.47
2025-10-15,9:57:16.481161678,T,TGT,F I,11,90.47
2025-10-15,9:57:16.481209657,T,TGT,I,37,90.47
2025-10-15,9:57:19.279637695,T,TGT,I,14,90.47
2025-10-15,9:57:24.493522676,T,TGT,,100,90.48
2025-10-15,9:57:58.210867702,T,TGT,F,100,90.5
2025-10-15,9:57:58.210867702,T,TGT,F I,2,90.5
2025-10-15,9:57:58.212506609,T,TGT,F,100,90.52
2025-10-15,9:57:58.215633997,T,TGT,I,1,90.53
2025-10-15,9:57:58.215655038,T,TGT,I,70,90.53
2025-10-15,9:57:58.232663623,T,TGT,F I,1,90.54
2025-10-15,9:57:59.364593378,T,TGT,F I,7,90.52
2025-10-15,9:58:00.144522501,T,TGT,I,37,90.53
2025-10-15,9:58:00.144525698,T,TGT,I,1,90.54
2025-10-15,9:58:00.144525698,T,TGT,I,62,90.54
2025-10-15,9:58:00.464975019,T,TGT,I,30,90.53
2025-10-15,9:58:02.822745508,T,TGT,F I,1,90.52
2025-10-15,9:58:02.822748485,T,TGT,F I,47,90.52
2025-10-15,9:58:02.822751575,T,TGT,F I,60,90.52
2025-10-15,9:58:02.822751575,T,TGT,F I,69,90.52
2025-10-15,9:58:02.822754474,T,TGT,F I,30,90.52
2025-10-15,9:58:02.822757555,T,TGT,F,100,90.52
2025-10-15,9:58:02.822757555,T,TGT,F I,1,90.52
2025-10-15,9:58:02.822832526,T,TGT,F I,15,90.52
2025-10-15,9:58:02.822952780,T,TGT,F I,2,90.51
2025-10-15,9:58:02.822955884,T,TGT,F I,49,90.51
2025-10-15,9:58:02.823650450,T,TGT,I,12,90.51
2025-10-15,9:58:02.986900460,T,TGT,,100,90.505
2025-10-15,9:58:03.606905559,T,TGT,,100,90.51
2025-10-15,9:58:03.608183569,T,TGT,I,25,90.51
2025-10-15,9:58:04.766741880,T,TGT,F I,4,90.48
2025-10-15,9:58:12.513910190,T,TGT,,100,90.53
2025-10-15,9:58:15.032645366,T,TGT,F I,11,90.52
2025-10-15,9:58:15.032645366,T,TGT,F I,21,90.52
2025-10-15,9:58:15.032645366,T,TGT,F I,70,90.52
2025-10-15,9:58:15.032648094,T,TGT,F I,15,90.52
2025-10-15,9:58:15.032666165,T,TGT,I,1,90.52
2025-10-15,9:58:15.132639339,T,TGT,I,11,90.52
2025-10-15,9:58:15.132639339,T,TGT,I,17,90.52
2025-10-15,9:58:35.189566850,T,TGT,I,51,90.55
2025-10-15,9:58:35.189629797,T,TGT,F I,49,90.55
2025-10-15,9:58:35.189636065,T,TGT,F,100,90.55
2025-10-15,9:58:35.189636065,T,TGT,F I,23,90.55
2025-10-15,9:58:35.189636065,T,TGT,F I,10,90.55
2025-10-15,9:58:35.190406098,T,TGT,F I,2,90.55
2025-10-15,9:58:39.912700515,T,TGT,F,100,90.57
2025-10-15,9:58:44.308050500,T,TGT,I,1,90.59
2025-10-15,9:58:55.225991896,T,TGT,I,48,90.61
2025-10-15,9:58:55.226018520,T,TGT,I,70,90.61
2025-10-15,9:58:55.226021256,T,TGT,F I,66,90.61
2025-10-15,9:58:55.226040125,T,TGT,I,1,90.61
2025-10-15,9:58:55.226040125,T,TGT,F I,15,90.61
2025-10-15,9:58:55.226045219,T,TGT,F I,16,90.61
2025-10-15,9:58:55.226980436,T,TGT,I,27,90.61
2025-10-15,9:58:55.227001487,T,TGT,,581,90.61
2025-10-15,9:58:55.227022612,T,TGT,F,189,90.61
2025-10-15,9:58:55.227025576,T,TGT,F I,25,90.61
2025-10-15,9:58:55.227076822,T,TGT,,100,90.61
2025-10-15,9:58:55.227079693,T,TGT,I,50,90.61
2025-10-15,9:58:55.227148905,T,TGT,I,50,90.61
2025-10-15,9:58:55.227452582,T,TGT,,100,90.61
2025-10-15,9:58:55.308736213,T,TGT,F,144,90.62
2025-10-15,9:58:57.027372846,T,TGT,F I,6,90.62
2025-10-15,9:58:57.027372846,T,TGT,F I,16,90.62
2025-10-15,9:58:57.027394451,T,TGT,I,13,90.62
2025-10-15,9:59:03.831383258,T,TGT,F I,5,90.64
2025-10-15,9:59:03.831383258,T,TGT,F I,1,90.64
2025-10-15,9:59:03.831695891,T,TGT,F I,89,90.65
2025-10-15,9:59:03.831716940,T,TGT,I,1,90.65
2025-10-15,9:59:03.831726864,T,TGT,I,16,90.65
2025-10-15,9:59:03.831729278,T,TGT,I,17,90.65
2025-10-15,9:59:03.831732448,T,TGT,I,16,90.65
2025-10-15,9:59:03.831732448,T,TGT,I,11,90.65
2025-10-15,9:59:03.831741056,T,TGT,I,9,90.65
2025-10-15,9:59:03.831771062,T,TGT,,442,90.65
2025-10-15,9:59:04.815107887,T,TGT,F I,7,90.645
2025-10-15,9:59:04.816313747,T,TGT,I,37,90.645
2025-10-15,9:59:04.816313747,T,TGT,I,20,90.64
2025-10-15,9:59:04.816316722,T,TGT,I,56,90.64
2025-10-15,9:59:04.816334748,T,TGT,I,1,90.64
2025-10-15,9:59:19.795207624,T,TGT,F I,10,90.64
2025-10-15,9:59:24.464143238,T,TGT,F I,15,90.635
2025-10-15,9:59:24.464143238,T,TGT,F I,50,90.62
2025-10-15,9:59:24.464146940,T,TGT,F I,14,90.62
2025-10-15,9:59:24.464152267,T,TGT,F,100,90.62
2025-10-15,9:59:24.464152267,T,TGT,F,100,90.62
2025-10-15,9:59:24.464155337,T,TGT,F I,36,90.62
2025-10-15,9:59:24.464158270,T,TGT,F,100,90.62
2025-10-15,9:59:24.464158270,T,TGT,F I,85,90.62
2025-10-15,9:59:24.464168101,T,TGT,I,15,90.62
2025-10-15,9:59:24.464168101,T,TGT,,100,90.62
2025-10-15,9:59:29.179665950,T,TGT,F I,74,90.62
2025-10-15,9:59:55.116683458,T,TGT,F I,1,90.62
2025-10-15,9:59:55.116683458,T,TGT,F I,53,90.62
2025-10-15,9:59:55.116686112,T,TGT,F I,63,90.62
2025-10-15,9:59:55.116686112,T,TGT,F I,1,90.62
2025-10-15,9:59:55.116688611,T,TGT,F I,8,90.62
2025-10-15,9:59:55.116691555,T,TGT,F,100,90.62
2025-10-15,9:59:55.116727702,T,TGT,F I,9,90.62
2025-10-15,9:59:55.116731072,T,TGT,I,3,90.62
2025-10-15,9:59:55.117127646,T,TGT,F I,8,90.61
2025-10-15,9:59:55.117202734,T,TGT,I,2,90.61
2025-10-15,9:59:55.117211841,T,TGT,I,26,90.61
2025-10-15,9:59:55.117214796,T,TGT,I,28,90.61
2025-10-15,9:59:55.117217864,T,TGT,I,14,90.61
2025-10-15,9:59:55.117221589,T,TGT,I,30,90.61
2025-10-15,9:59:55.117223887,T,TGT,I,19,90.61
2025-10-15,9:59:55.117290002,T,TGT,I,83,90.61
2025-10-15,9:59:55.117293024,T,TGT,I,3,90.61
2025-10-15,9:59:55.136265244,T,TGT,F I,50,90.61
2025-10-15,10:00:01.082310760,T,TGT,I,83,90.62
2025-10-15,10:00:01.082313805,T,TGT,,200,90.62
2025-10-15,10:00:01.083131663,T,TGT,,100,90.63
2025-10-15,10:00:01.083194821,T,TGT,I,80,90.635
2025-10-15,10:00:01.132849146,T,TGT,,100,90.64
2025-10-15,10:00:01.143371252,T,TGT,I,7,90.64
2025-10-15,10:00:09.028273621,T,TGT,F,100,90.64
2025-10-15,10:00:09.028273621,T,TGT,F,700,90.65
2025-10-15,10:00:09.028279545,T,TGT,F I,26,90.65
2025-10-15,10:00:09.028294872,T,TGT,I,16,90.65
2025-10-15,10:00:09.028294872,T,TGT,I,1,90.65
2025-10-15,10:00:09.028297814,T,TGT,I,17,90.65
2025-10-15,10:00:09.028297814,T,TGT,I,10,90.65
2025-10-15,10:00:09.028300743,T,TGT,I,16,90.65
2025-10-15,10:00:09.028300743,T,TGT,I,14,90.65
2025-10-15,10:00:09.028844940,T,TGT,I,6,90.66
2025-10-15,10:00:09.028844940,T,TGT,I,29,90.66
2025-10-15,10:00:09.028865948,T,TGT,I,35,90.66
2025-10-15,10:00:09.028905074,T,TGT,I,96,90.66
2025-10-15,10:00:09.029112610,T,TGT,F,200,90.66
2025-10-15,10:00:09.029130580,T,TGT,I,65,90.66
2025-10-15,10:00:09.029485426,T,TGT,F I,4,90.66
2025-10-15,10:00:09.039923293,T,TGT,F,100,90.66
2025-10-15,10:00:10.031211019,T,TGT,F I,6,90.69
2025-10-15,10:00:10.031214080,T,TGT,F I,25,90.69
2025-10-15,10:00:10.031782458,T,TGT,I,55,90.68
2025-10-15,10:00:10.032098270,T,TGT,I,7,90.69
2025-10-15,10:00:10.032098270,T,TGT,I,7,90.69
2025-10-15,10:00:10.032131264,T,TGT,I,8,90.69
2025-10-15,10:00:10.032131264,T,TGT,I,5,90.69
2025-10-15,10:00:10.033830248,T,TGT,I,10,90.68
2025-10-15,10:00:10.033833287,T,TGT,I,20,90.68
2025-10-15,10:00:19.351688863,T,TGT,F I,10,90.69
2025-10-15,10:00:19.351688863,T,TGT,F I,4,90.69
2025-10-15,10:00:19.351694828,T,TGT,I,4,90.69
2025-10-15,10:00:19.351700840,T,TGT,I,4,90.69
2025-10-15,10:00:19.351700840,T,TGT,I,4,90.69
2025-10-15,10:00:19.351704200,T,TGT,I,2,90.69
2025-10-15,10:00:19.351704200,T,TGT,I,13,90.69
2025-10-15,10:00:19.351736978,T,TGT,I,23,90.69
2025-10-15,10:00:19.352043757,T,TGT,F I,10,90.7
2025-10-15,10:00:19.352049716,T,TGT,F,100,90.7
2025-10-15,10:00:19.352049716,T,TGT,F I,6,90.7
2025-10-15,10:00:19.352052683,T,TGT,F,100,90.7
2025-10-15,10:00:19.352052683,T,TGT,F I,20,90.7
2025-10-15,10:00:19.356254112,T,TGT,F I,40,90.73
2025-10-15,10:00:19.356254112,T,TGT,F I,11,90.73
2025-10-15,10:00:19.356256838,T,TGT,F,100,90.73
2025-10-15,10:00:19.356476260,T,TGT,,100,90.72
2025-10-15,10:00:19.356476260,T,TGT,I,20,90.72
2025-10-15,10:00:19.356479237,T,TGT,,100,90.72
2025-10-15,10:00:19.356495259,T,TGT,I,1,90.72
2025-10-15,10:00:19.356825153,T,TGT,,100,90.72
2025-10-15,10:00:19.356828368,T,TGT,I,33,90.71
2025-10-15,10:00:19.356831158,T,TGT,I,68,90.71
2025-10-15,10:00:19.356831158,T,TGT,,100,90.71
2025-10-15,10:00:19.356846748,T,TGT,I,4,90.71
2025-10-15,10:00:19.356861127,T,TGT,I,46,90.71
2025-10-15,10:00:19.356891386,T,TGT,F I,7,90.72
2025-10-15,10:00:19.356891386,T,TGT,F I,34,90.72
2025-10-15,10:00:19.357138011,T,TGT,,100,90.72
2025-10-15,10:00:19.357270099,T,TGT,I,15,90.71
2025-10-15,10:00:24.480642507,T,TGT,I,20,90.72
2025-10-15,10:00:24.480645653,T,TGT,I,62,90.72
2025-10-15,10:00:24.480645653,T,TGT,I,11,90.72
2025-10-15,10:00:24.480649112,T,TGT,I,1,90.72
2025-10-15,10:00:24.480649112,T,TGT,I,6,90.72
2025-10-15,10:00:24.480651649,T,TGT,I,20,90.72
2025-10-15,10:00:24.480654460,T,TGT,I,10,90.72
2025-10-15,10:00:28.385075760,T,TGT,I,25,90.73
2025-10-15,10:00:28.385097093,T,TGT,F I,27,90.73
2025-10-15,10:00:28.385099735,T,TGT,F I,48,90.73
2025-10-15,10:00:28.385794594,T,TGT,I,1,90.74
2025-10-15,10:00:28.386717591,T,TGT,I,50,90.74
2025-10-15,10:00:28.387057419,T,TGT,I,50,90.74
2025-10-15,10:00:28.387289014,T,TGT,,100,90.74
2025-10-15,10:00:28.387291989,T,TGT,,149,90.74
2025-10-15,10:00:28.387577642,T,TGT,F I,1,90.74
2025-10-15,10:00:28.406937743,T,TGT,I,1,90.75
2025-10-15,10:00:28.406937743,T,TGT,I,75,90.75
2025-10-15,10:00:28.406958835,T,TGT,I,1,90.75
2025-10-15,10:00:28.407229451,T,TGT,F I,24,90.75
2025-10-15,10:00:28.481972622,T,TGT,,100,90.755
2025-10-15,10:00:28.481972622,T,TGT,I,3,90.75
2025-10-15,10:00:28.481987698,T,TGT,I,13,90.75
2025-10-15,10:00:28.481987698,T,TGT,I,1,90.75
2025-10-15,10:00:28.481990592,T,TGT,I,86,90.75
2025-10-15,10:00:28.487409517,T,TGT,F I,50,90.72
2025-10-15,10:00:29.250874509,T,TGT,I,80,90.73
2025-10-15,10:00:29.250943636,T,TGT,,100,90.73
2025-10-15,10:00:29.410843571,T,TGT,F,100,90.73
2025-10-15,10:00:29.410870649,T,TGT,I,60,90.73
2025-10-15,10:00:29.578631342,T,TGT,F,100,90.73
2025-10-15,10:00:29.578631342,T,TGT,F I,22,90.72
2025-10-15,10:00:29.578923081,T,TGT,I,78,90.72
2025-10-15,10:00:29.578923081,T,TGT,I,22,90.72
2025-10-15,10:00:30.377635072,T,TGT,F I,33,90.73
2025-10-15,10:00:30.377635072,T,TGT,F I,68,90.73
2025-10-15,10:00:30.377638019,T,TGT,F,100,90.73
2025-10-15,10:00:30.377656243,T,TGT,F,100,90.73
2025-10-15,10:00:30.377656243,T,TGT,F I,30,90.73
2025-10-15,10:00:31.922872402,T,TGT,F I,8,90.74
2025-10-15,10:00:31.922890583,T,TGT,I,2,90.74
2025-10-15,10:00:31.922893521,T,TGT,I,7,90.74
2025-10-15,10:00:31.922941637,T,TGT,F I,50,90.74
2025-10-15,10:00:31.923004808,T,TGT,I,43,90.74
2025-10-15,10:00:32.602909672,T,TGT,F I,8,90.75
2025-10-15,10:00:32.603186235,T,TGT,I,34,90.75
2025-10-15,10:00:32.603893060,T,TGT,I,58,90.75
2025-10-15,10:00:32.603898945,T,TGT,,231,90.75
2025-10-15,10:00:32.604641762,T,TGT,I,19,90.75
2025-10-15,10:00:32.771924512,T,TGT,F,100,90.74
2025-10-15,10:00:32.771924512,T,TGT,F I,1,90.74
2025-10-15,10:00:32.771927796,T,TGT,F I,54,90.74
2025-10-15,10:00:32.771927796,T,TGT,F I,5,90.74
2025-10-15,10:00:32.771948333,T,TGT,I,1,90.74
2025-10-15,10:00:40.518284028,T,TGT,F,200,90.72
2025-10-15,10:00:40.518287528,T,TGT,F,100,90.72
2025-10-15,10:00:40.518287528,T,TGT,F,100,90.72
2025-10-15,10:00:40.518290743,T,TGT,F,100,90.72
2025-10-15,10:00:40.518293351,T,TGT,F I,1,90.72
2025-10-15,10:00:40.518293351,T,TGT,F I,2,90.72
2025-10-15,10:00:40.518302229,T,TGT,F I,98,90.72
2025-10-15,10:00:42.354428445,T,TGT,F,100,90.73
2025-10-15,10:00:42.354434392,T,TGT,F,200,90.73
2025-10-15,10:00:42.355276450,T,TGT,,100,90.73
2025-10-15,10:00:48.173866109,T,TGT,F I,10,90.76
2025-10-15,10:00:48.173869159,T,TGT,F,100,90.76
2025-10-15,10:00:48.173869159,T,TGT,F I,25,90.76
2025-10-15,10:00:51.627017125,T,TGT,F I,4,90.77
2025-10-15,10:00:51.807961253,T,TGT,I,5,90.77
2025-10-15,10:00:57.241568145,T,TGT,F I,85,90.78
2025-10-15,10:00:57.241582812,T,TGT,I,1,90.78
2025-10-15,10:00:57.241603934,T,TGT,I,34,90.78
2025-10-15,10:00:57.241639959,T,TGT,F I,50,90.78
2025-10-15,10:00:57.242271682,T,TGT,F I,30,90.78
2025-10-15,10:00:57.242271682,T,TGT,F,100,90.78
2025-10-15,10:00:57.242274484,T,TGT,F,100,90.78
2025-10-15,10:00:57.242569250,T,TGT,I,46,90.79
2025-10-15,10:00:59.229971088,T,TGT,F I,3,90.785
2025-10-15,10:00:59.230010154,T,TGT,I,97,90.785
2025-10-15,10:00:59.230013255,T,TGT,,114,90.78
2025-10-15,10:00:59.230016322,T,TGT,I,1,90.78
2025-10-15,10:00:59.230016322,T,TGT,I,1,90.78
2025-10-15,10:00:59.230022149,T,TGT,I,50,90.78
2025-10-15,10:00:59.230025168,T,TGT,I,67,90.78
2025-10-15,10:00:59.230031176,T,TGT,I,1,90.78
2025-10-15,10:01:01.255786552,T,TGT,,100,90.78
2025-10-15,10:01:03.000621584,T,TGT,,100,90.78
2025-10-15,10:01:03.012758522,T,TGT,F,100,90.79
2025-10-15,10:01:03.012758522,T,TGT,F,100,90.79
2025-10-15,10:01:03.022237087,T,TGT,F,100,90.79
2025-10-15,10:01:03.555617836,T,TGT,,100,90.78
2025-10-15,10:01:03.555617836,T,TGT,,100,90.78
2025-10-15,10:01:03.555638901,T,TGT,F,100,90.78
2025-10-15,10:01:03.555642160,T,TGT,F I,31,90.78
2025-10-15,10:01:03.555644900,T,TGT,I,1,90.78
2025-10-15,10:01:03.613388526,T,TGT,F I,25,90.79
2025-10-15,10:01:03.613391581,T,TGT,F I,75,90.79
2025-10-15,10:01:03.613719995,T,TGT,,400,90.79
2025-10-15,10:01:03.613746361,T,TGT,,100,90.79
2025-10-15,10:01:03.613746361,T,TGT,I,80,90.79
2025-10-15,10:01:03.614004978,T,TGT,I,1,90.79
2025-10-15,10:01:03.868384030,T,TGT,F I,8,90.78
2025-10-15,10:01:03.868411134,T,TGT,F I,92,90.78
2025-10-15,10:01:03.868411134,T,TGT,F I,53,90.78
2025-10-15,10:01:04.281354897,T,TGT,F I,50,90.76
2025-10-15,10:01:04.281357971,T,TGT,F I,8,90.76
2025-10-15,10:01:04.281409037,T,TGT,I,19,90.76
2025-10-15,10:01:04.761881750,T,TGT,I,1,90.76
2025-10-15,10:01:05.226332349,T,TGT,I,8,90.76
2025-10-15,10:01:06.276599493,T,TGT,I,10,90.77
2025-10-15,10:01:06.366543820,T,TGT,I,19,90.77
2025-10-15,10:01:07.206011781,T,TGT,F,100,90.78
2025-10-15,10:01:07.206014798,T,TGT,F,100,90.78
2025-10-15,10:01:07.206014798,T,TGT,F,251,90.78
2025-10-15,10:01:07.206018013,T,TGT,F I,49,90.78
2025-10-15,10:01:07.206018013,T,TGT,F I,51,90.78
2025-10-15,10:01:07.206020768,T,TGT,F I,49,90.78
2025-10-15,10:01:07.206026981,T,TGT,I,1,90.78
2025-10-15,10:01:08.960789247,T,TGT,I,68,90.77
2025-10-15,10:01:08.960791507,T,TGT,,100,90.77
2025-10-15,10:01:08.960830630,T,TGT,,100,90.76
2025-10-15,10:01:08.960851867,T,TGT,F I,14,90.76
2025-10-15,10:01:08.960851867,T,TGT,I,1,90.76
2025-10-15,10:01:08.960854692,T,TGT,I,45,90.76
2025-10-15,10:01:11.710085653,T,TGT,F,100,90.77
2025-10-15,10:01:11.710435208,T,TGT,F I,11,90.78
2025-10-15,10:01:11.710435208,T,TGT,F I,14,90.78
2025-10-15,10:01:11.710437502,T,TGT,F I,25,90.78
2025-10-15,10:01:11.710440531,T,TGT,F,100,90.78
2025-10-15,10:01:11.710849542,T,TGT,F,100,90.78
2025-10-15,10:01:11.710861484,T,TGT,F,100,90.78
2025-10-15,10:01:11.710864482,T,TGT,F,2200,90.78
2025-10-15,10:01:11.710867596,T,TGT,,100,90.78
2025-10-15,10:01:11.710888569,T,TGT,F I,50,90.78
2025-10-15,10:01:11.710891558,T,TGT,I,69,90.78
2025-10-15,10:01:11.710906578,T,TGT,I,12,90.78
2025-10-15,10:01:11.710916178,T,TGT,I,31,90.78
2025-10-15,10:01:11.710918747,T,TGT,,100,90.78
2025-10-15,10:01:11.710918747,T,TGT,I,30,90.78
2025-10-15,10:01:11.710921619,T,TGT,I,10,90.77
2025-10-15,10:01:11.710937537,T,TGT,I,51,90.77
2025-10-15,10:01:11.710937537,T,TGT,I,30,90.77
2025-10-15,10:01:11.710937537,T,TGT,I,20,90.77
2025-10-15,10:01:11.710939955,T,TGT,I,1,90.77
2025-10-15,10:01:11.710942764,T,TGT,,100,90.77
2025-10-15,10:01:11.710945777,T,TGT,I,1,90.77
2025-10-15,10:01:11.710975783,T,TGT,,100,90.77
2025-10-15,10:01:11.710975783,T,TGT,I,38,90.78
2025-10-15,10:01:11.710979237,T,TGT,I,86,90.78
2025-10-15,10:01:11.711030040,T,TGT,I,18,90.77
2025-10-15,10:01:11.711736853,T,TGT,,100,90.76
2025-10-15,10:01:12.594174046,T,TGT,I,1,90.76
2025-10-15,10:01:13.133626262,T,TGT,I,17,90.76
2025-10-15,10:01:13.133629422,T,TGT,I,30,90.76
2025-10-15,10:01:13.133632286,T,TGT,I,53,90.76
2025-10-15,10:01:13.133647300,T,TGT,I,7,90.76
2025-10-15,10:01:13.133647300,T,TGT,I,1,90.76
2025-10-15,10:01:13.498945557,T,TGT,F I,8,90.76
2025-10-15,10:01:16.343395441,T,TGT,I,17,90.77
2025-10-15,10:01:16.343398404,T,TGT,I,1,90.77
2025-10-15,10:01:16.343398404,T,TGT,I,82,90.77
2025-10-15,10:01:16.343401426,T,TGT,F I,18,90.77
2025-10-15,10:01:17.162763769,T,TGT,F I,14,90.78
2025-10-15,10:01:17.162763769,T,TGT,F I,17,90.78
2025-10-15,10:01:17.162770132,T,TGT,F,100,90.78
2025-10-15,10:01:17.162770132,T,TGT,F I,69,90.78
2025-10-15,10:01:17.162772730,T,TGT,F I,31,90.78
2025-10-15,10:01:17.162775609,T,TGT,F,100,90.78
2025-10-15,10:01:17.162779188,T,TGT,F,2169,90.78
2025-10-15,10:01:17.162781618,T,TGT,I,1,90.78
2025-10-15,10:01:17.162784591,T,TGT,I,4,90.78
2025-10-15,10:01:17.162796601,T,TGT,I,31,90.78
2025-10-15,10:01:17.162805639,T,TGT,F I,64,90.78
2025-10-15,10:01:17.162805639,T,TGT,F I,36,90.78
2025-10-15,10:01:17.162808627,T,TGT,F I,50,90.78
2025-10-15,10:01:17.162865835,T,TGT,I,14,90.78
2025-10-15,10:01:17.162871845,T,TGT,I,86,90.78
2025-10-15,10:01:17.162890233,T,TGT,I,14,90.78
2025-10-15,10:01:17.162890233,T,TGT,,100,90.78
2025-10-15,10:01:17.162893597,T,TGT,I,49,90.78
2025-10-15,10:01:17.162893597,T,TGT,I,5,90.78
2025-10-15,10:01:17.162995068,T,TGT,F,100,90.78
2025-10-15,10:01:17.163103401,T,TGT,,1373,90.78
2025-10-15,10:01:17.213771061,T,TGT,I,40,90.78
2025-10-15,10:01:17.213897332,T,TGT,F,100,90.78
