DATE,TIME_M,EX,SYM_ROOT,TR_SCOND,SIZE,PRICE
2025-12-09,9:30:01.159817755,T,TGT,I,1,92.84
2025-12-09,9:30:01.159968079,T,TGT,Q,1,92.84
2025-12-09,9:30:02.132175300,T,TGT,I,50,92.54
2025-12-09,9:30:02.686724194,T,TGT,F I,40,92.49
2025-12-09,9:30:02.686820142,T,TGT,I,1,92.5
2025-12-09,9:30:02.686820142,T,TGT,I,60,92.49
2025-12-09,9:30:02.686822633,T,TGT,I,39,92.48
2025-12-09,9:30:02.687839132,T,TGT,I,4,92.535
2025-12-09,9:30:02.788242275,T,TGT,F,100,92.51
2025-12-09,9:30:02.788245324,T,TGT,F I,61,92.48
2025-12-09,9:30:02.788642215,T,TGT,,100,92.46
2025-12-09,9:30:02.788666284,T,TGT,I,1,92.46
2025-12-09,9:30:02.788708448,T,TGT,F I,82,92.46
2025-12-09,9:30:02.788729742,T,TGT,I,1,92.46
2025-12-09,9:30:02.788729742,T,TGT,I,17,92.46
2025-12-09,9:30:03.521752764,T,TGT,I,99,92.46
2025-12-09,9:30:03.521752764,T,TGT,I,1,92.46
2025-12-09,9:30:03.521873055,T,TGT,I,99,92.46
2025-12-09,9:30:03.946791213,T,TGT,,100,92.37
2025-12-09,9:30:03.946791213,T,TGT,I,35,92.37
2025-12-09,9:30:03.946809298,T,TGT,I,1,92.37
2025-12-09,9:30:03.946845350,T,TGT,I,2,92.37
2025-12-09,9:30:05.270950718,T,TGT,I,1,92.34
2025-12-09,9:30:21.456250816,T,TGT,I,1,92.56
2025-12-09,9:30:21.456250816,T,TGT,I,15,92.56
2025-12-09,9:30:21.456539506,T,TGT,F I,30,92.57
2025-12-09,9:30:21.456686914,T,TGT,F I,30,92.57
2025-12-09,9:30:21.457068787,T,TGT,I,15,92.58
2025-12-09,9:30:21.457072879,T,TGT,I,70,92.59
2025-12-09,9:30:21.457075671,T,TGT,I,15,92.59
2025-12-09,9:30:21.457558988,T,TGT,I,15,92.59
2025-12-09,9:30:21.457558988,T,TGT,I,50,92.59
2025-12-09,9:30:21.457871778,T,TGT,,100,92.59
2025-12-09,9:30:21.457874784,T,TGT,,100,92.59
2025-12-09,9:30:21.457877693,T,TGT,,100,92.59
2025-12-09,9:30:21.457892715,T,TGT,I,1,92.59
2025-12-09,9:30:21.457892715,T,TGT,I,99,92.59
2025-12-09,9:30:23.292494474,T,TGT,F I,50,92.6
2025-12-09,9:30:23.292545667,T,TGT,F I,50,92.6
2025-12-09,9:30:48.203260156,T,TGT,I,1,92.46
2025-12-09,9:30:48.203262916,T,TGT,,100,92.45
2025-12-09,9:30:48.203262916,T,TGT,I,14,92.45
2025-12-09,9:30:48.203280291,T,TGT,I,1,92.45
2025-12-09,9:31:01.004002243,T,TGT,I,17,92.45
2025-12-09,9:31:03.859418879,T,TGT,F,237,92.6
2025-12-09,9:31:03.859433929,T,TGT,F I,31,92.6
2025-12-09,9:31:03.859485069,T,TGT,F I,69,92.6
2025-12-09,9:31:09.154872606,T,TGT,F,200,92.75
2025-12-09,9:31:09.154917701,T,TGT,,100,92.74
2025-12-09,9:31:09.154941680,T,TGT,I,1,92.73
2025-12-09,9:31:09.936581815,T,TGT,F I,2,92.725
2025-12-09,9:31:20.040686550,T,TGT,I,50,92.795
2025-12-09,9:31:47.253780987,T,TGT,I,50,92.74
2025-12-09,9:32:03.990841691,T,TGT,F I,1,92.79
2025-12-09,9:32:03.990865719,T,TGT,I,1,92.79
2025-12-09,9:32:03.990890696,T,TGT,F I,49,92.79
2025-12-09,9:32:18.495362652,T,TGT,,100,92.93
2025-12-09,9:32:18.495362652,T,TGT,I,20,92.93
2025-12-09,9:32:18.495365682,T,TGT,I,59,92.94
2025-12-09,9:32:18.495384129,T,TGT,F I,41,92.94
2025-12-09,9:32:28.046564153,T,TGT,I,61,92.82
2025-12-09,9:32:28.049749078,T,TGT,F,100,92.795
2025-12-09,9:32:28.049749078,T,TGT,F I,39,92.82
2025-12-09,9:32:28.049751858,T,TGT,F,100,92.83
2025-12-09,9:32:28.049754677,T,TGT,F,158,92.83
2025-12-09,9:32:28.049770289,T,TGT,I,1,92.83
2025-12-09,9:32:28.049770289,T,TGT,F I,41,92.83
2025-12-09,9:32:28.049775777,T,TGT,F I,40,92.83
2025-12-09,9:32:28.049775777,T,TGT,F I,57,92.83
2025-12-09,9:32:28.050079449,T,TGT,I,62,92.83
2025-12-09,9:32:28.050103586,T,TGT,F I,38,92.83
2025-12-09,9:32:28.050124610,T,TGT,I,50,92.83
2025-12-09,9:32:28.050145653,T,TGT,I,50,92.83
2025-12-09,9:32:28.050149091,T,TGT,I,14,92.83
2025-12-09,9:32:28.050151691,T,TGT,F I,36,92.83
2025-12-09,9:32:28.050298971,T,TGT,,100,92.83
2025-12-09,9:32:34.649048672,T,TGT,I,55,92.76
2025-12-09,9:32:34.674892137,T,TGT,I,20,92.75
2025-12-09,9:32:34.674895152,T,TGT,I,10,92.75
2025-12-09,9:32:34.675192908,T,TGT,,100,92.75
2025-12-09,9:32:34.676759631,T,TGT,F I,50,92.77
2025-12-09,9:32:34.676810791,T,TGT,F I,50,92.77
2025-12-09,9:32:37.668527095,T,TGT,I,25,92.775
2025-12-09,9:32:51.716587972,T,TGT,I,57,92.68
2025-12-09,9:33:02.384027631,T,TGT,F I,5,92.8
2025-12-09,9:33:02.387458831,T,TGT,F I,50,92.83
2025-12-09,9:33:02.388234673,T,TGT,I,1,92.83
2025-12-09,9:33:03.197131701,T,TGT,F I,9,92.83
2025-12-09,9:33:03.197131701,T,TGT,F I,41,92.83
2025-12-09,9:33:08.726681144,T,TGT,I,34,92.76
2025-12-09,9:33:08.726738264,T,TGT,I,66,92.76
2025-12-09,9:33:08.792426795,T,TGT,F I,32,92.74
2025-12-09,9:33:08.818462798,T,TGT,I,7,92.7
2025-12-09,9:33:09.042285955,T,TGT,I,60,92.69
2025-12-09,9:33:09.137616067,T,TGT,,100,92.68
2025-12-09,9:33:09.137637438,T,TGT,I,10,92.68
2025-12-09,9:33:09.137652228,T,TGT,,100,92.68
2025-12-09,9:33:09.137676463,T,TGT,I,51,92.68
2025-12-09,9:33:09.188220722,T,TGT,I,2,92.67
2025-12-09,9:33:11.436668334,T,TGT,F I,60,92.68
2025-12-09,9:33:21.881439622,T,TGT,,100,92.69
2025-12-09,9:33:40.932982285,T,TGT,F I,25,92.77
2025-12-09,9:33:40.932985408,T,TGT,F I,2,92.79
2025-12-09,9:33:40.932985408,T,TGT,F I,50,92.79
2025-12-09,9:33:40.932988266,T,TGT,F I,72,92.79
2025-12-09,9:33:40.932997280,T,TGT,F I,50,92.79
2025-12-09,9:33:40.933000467,T,TGT,I,28,92.79
2025-12-09,9:33:40.933406290,T,TGT,F I,25,92.83
2025-12-09,9:33:41.840390982,T,TGT,I,8,92.85
2025-12-09,9:33:41.841010495,T,TGT,I,14,92.83
2025-12-09,9:33:45.209930496,T,TGT,I,2,92.8
2025-12-09,9:33:45.209930496,T,TGT,I,50,92.8
2025-12-09,9:33:45.209948512,T,TGT,I,25,92.8
2025-12-09,9:34:10.764561908,T,TGT,F I,30,92.75
2025-12-09,9:34:11.023800518,T,TGT,I,7,92.74
2025-12-09,9:34:11.023815527,T,TGT,F I,23,92.74
2025-12-09,9:34:11.119753102,T,TGT,I,20,92.74
2025-12-09,9:34:11.120258290,T,TGT,F,100,92.73
2025-12-09,9:34:11.120258290,T,TGT,F I,9,92.73
2025-12-09,9:34:11.120288363,T,TGT,,100,92.71
2025-12-09,9:34:11.120679270,T,TGT,F I,1,92.7
2025-12-09,9:34:11.121397969,T,TGT,F I,26,92.71
2025-12-09,9:34:11.121482172,T,TGT,F I,3,92.71
2025-12-09,9:34:11.121551531,T,TGT,,100,92.71
2025-12-09,9:34:11.121551531,T,TGT,,100,92.71
2025-12-09,9:34:11.121611479,T,TGT,,100,92.71
2025-12-09,9:34:18.288092655,T,TGT,F I,20,92.76
2025-12-09,9:34:18.288092655,T,TGT,F I,3,92.76
2025-12-09,9:34:18.288095653,T,TGT,F,197,92.76
2025-12-09,9:34:18.288110784,T,TGT,F,100,92.76
2025-12-09,9:34:18.288883615,T,TGT,F I,60,92.75
2025-12-09,9:34:25.649380910,T,TGT,I,2,92.74
2025-12-09,9:34:25.649693726,T,TGT,F I,2,92.74
2025-12-09,9:34:25.649711762,T,TGT,F I,25,92.74
2025-12-09,9:34:25.649714715,T,TGT,F I,31,92.74
2025-12-09,9:34:25.677515924,T,TGT,,100,92.71
2025-12-09,9:34:47.623770052,T,TGT,F I,50,92.765
2025-12-09,9:34:47.623881254,T,TGT,I,50,92.765
2025-12-09,9:34:53.380944485,T,TGT,F I,10,92.7
2025-12-09,9:34:53.381145322,T,TGT,F I,1,92.69
2025-12-09,9:34:53.381305324,T,TGT,F,100,92.68
2025-12-09,9:34:53.381307682,T,TGT,F I,1,92.68
2025-12-09,9:34:53.381337711,T,TGT,,100,92.68
2025-12-09,9:34:53.381343780,T,TGT,,100,92.68
2025-12-09,9:34:53.383075881,T,TGT,F I,2,92.68
2025-12-09,9:34:53.431689635,T,TGT,I,55,92.69
2025-12-09,9:34:53.461623029,T,TGT,I,34,92.69
2025-12-09,9:34:53.461758350,T,TGT,I,3,92.71
2025-12-09,9:35:11.183108907,T,TGT,F I,10,92.63
2025-12-09,9:35:11.183108907,T,TGT,F I,81,92.63
2025-12-09,9:35:32.922641520,T,TGT,,100,92.61
2025-12-09,9:35:32.922641520,T,TGT,I,1,92.61
2025-12-09,9:35:32.922701536,T,TGT,F I,6,92.6
2025-12-09,9:35:32.922743680,T,TGT,F I,22,92.6
2025-12-09,9:35:32.922900036,T,TGT,F I,22,92.6
2025-12-09,9:35:32.922948723,T,TGT,F I,16,92.6
2025-12-09,9:35:32.922951089,T,TGT,F I,6,92.59
2025-12-09,9:35:32.923006091,T,TGT,F I,7,92.59
2025-12-09,9:35:32.923008324,T,TGT,F I,9,92.59
2025-12-09,9:35:32.925657609,T,TGT,F I,1,92.58
2025-12-09,9:35:32.925660599,T,TGT,F I,3,92.58
2025-12-09,9:35:32.925660599,T,TGT,F I,63,92.58
2025-12-09,9:35:32.925687792,T,TGT,I,37,92.58
2025-12-09,9:35:34.067601354,T,TGT,I,50,92.61
2025-12-09,9:35:34.067604113,T,TGT,I,50,92.61
2025-12-09,9:35:34.067634219,T,TGT,I,50,92.62
2025-12-09,9:35:34.067649220,T,TGT,,100,92.61
2025-12-09,9:35:34.067670309,T,TGT,I,1,92.62
2025-12-09,9:35:34.067697295,T,TGT,I,99,92.62
2025-12-09,9:35:34.067856730,T,TGT,F I,16,92.61
2025-12-09,9:35:34.100803237,T,TGT,I,50,92.63
2025-12-09,9:35:42.691820450,T,TGT,I,10,92.68
2025-12-09,9:35:42.691820450,T,TGT,I,90,92.7
2025-12-09,9:35:42.691823187,T,TGT,F I,10,92.7
2025-12-09,9:35:46.090772679,T,TGT,F I,2,92.64
2025-12-09,9:35:46.090775727,T,TGT,F,152,92.64
2025-12-09,9:35:46.091533499,T,TGT,F I,1,92.6
2025-12-09,9:36:01.512959941,T,TGT,F I,1,92.63
2025-12-09,9:36:03.914820991,T,TGT,I,29,92.66
2025-12-09,9:36:09.789045497,T,TGT,F I,50,92.67
2025-12-09,9:36:12.618516407,T,TGT,F,100,92.64
2025-12-09,9:36:13.991007164,T,TGT,F I,2,92.63
2025-12-09,9:36:13.991031295,T,TGT,F I,98,92.63
2025-12-09,9:36:13.991031295,T,TGT,F I,4,92.63
2025-12-09,9:36:13.991034240,T,TGT,F I,2,92.63
2025-12-09,9:36:13.991049231,T,TGT,I,1,92.63
2025-12-09,9:36:13.991055281,T,TGT,I,14,92.63
2025-12-09,9:36:22.969485196,T,TGT,I,9,92.69
2025-12-09,9:36:22.969488266,T,TGT,I,50,92.69
2025-12-09,9:36:23.000004986,T,TGT,F,100,92.73
2025-12-09,9:36:23.000004986,T,TGT,F,100,92.73
2025-12-09,9:36:23.000007951,T,TGT,F,100,92.73
2025-12-09,9:36:23.000245540,T,TGT,I,5,92.74
2025-12-09,9:36:23.000645509,T,TGT,I,1,92.74
2025-12-09,9:36:23.170454078,T,TGT,I,2,92.78
2025-12-09,9:36:23.170463050,T,TGT,F I,2,92.78
2025-12-09,9:36:23.170469015,T,TGT,F I,2,92.78
2025-12-09,9:36:23.375771149,T,TGT,F,100,92.76
2025-12-09,9:36:23.964997928,T,TGT,F,100,92.75
2025-12-09,9:36:39.275417997,T,TGT,F I,1,92.66
2025-12-09,9:36:41.011306436,T,TGT,F I,3,92.62
2025-12-09,9:36:41.012698780,T,TGT,F I,50,92.61
2025-12-09,9:36:45.228427660,T,TGT,F I,10,92.61
2025-12-09,9:36:45.228427660,T,TGT,F I,22,92.6
2025-12-09,9:36:45.228502415,T,TGT,I,78,92.6
2025-12-09,9:36:45.228502415,T,TGT,I,14,92.6
2025-12-09,9:36:45.228505414,T,TGT,I,1,92.6
2025-12-09,9:36:45.228827238,T,TGT,F I,11,92.61
2025-12-09,9:36:45.309317108,T,TGT,I,50,92.65
2025-12-09,9:36:45.309317108,T,TGT,I,50,92.65
2025-12-09,9:36:45.352569017,T,TGT,I,50,92.68
2025-12-09,9:36:45.352632113,T,TGT,F I,75,92.68
2025-12-09,9:36:45.352689335,T,TGT,F I,25,92.68
2025-12-09,9:36:45.352695256,T,TGT,F I,35,92.68
2025-12-09,9:36:49.035187348,T,TGT,F,100,92.66
2025-12-09,9:36:49.035211429,T,TGT,I,49,92.66
2025-12-09,9:36:49.035304554,T,TGT,I,51,92.66
2025-12-09,9:36:49.036528475,T,TGT,F I,49,92.65
2025-12-09,9:36:49.135536381,T,TGT,I,12,92.67
2025-12-09,9:36:49.135539427,T,TGT,I,2,92.67
2025-12-09,9:36:52.434389491,T,TGT,F I,12,92.65
2025-12-09,9:36:57.518611028,T,TGT,I,16,92.69
2025-12-09,9:37:05.750602412,T,TGT,I,3,92.73
2025-12-09,9:37:05.798365510,T,TGT,I,75,92.73
2025-12-09,9:37:05.798365510,T,TGT,I,25,92.73
2025-12-09,9:37:07.943219049,T,TGT,,100,92.74
2025-12-09,9:37:09.935588650,T,TGT,I,4,92.71
2025-12-09,9:37:09.935672874,T,TGT,F I,96,92.71
2025-12-09,9:37:09.935877358,T,TGT,F I,2,92.69
2025-12-09,9:37:09.935964569,T,TGT,F I,2,92.68
2025-12-09,9:37:21.497605396,T,TGT,,100,92.64
2025-12-09,9:37:21.529156635,T,TGT,I,1,92.62
2025-12-09,9:37:26.250668996,T,TGT,F I,25,92.65
2025-12-09,9:38:03.278049681,T,TGT,I,80,92.59
2025-12-09,9:38:19.526512478,T,TGT,F I,48,92.65
2025-12-09,9:38:19.526512478,T,TGT,F I,2,92.65
2025-12-09,9:38:19.529480524,T,TGT,F,100,92.66
2025-12-09,9:38:19.529480524,T,TGT,F,100,92.66
2025-12-09,9:38:19.529561702,T,TGT,F I,2,92.68
2025-12-09,9:38:19.529591833,T,TGT,F I,2,92.69
2025-12-09,9:38:19.529594806,T,TGT,F I,20,92.69
2025-12-09,9:38:19.530325493,T,TGT,F I,1,92.71
2025-12-09,9:38:19.530355616,T,TGT,F I,1,92.71
2025-12-09,9:38:19.552034296,T,TGT,I,7,92.71
2025-12-09,9:38:19.552034296,T,TGT,I,6,92.71
2025-12-09,9:38:19.552037219,T,TGT,I,1,92.71
2025-12-09,9:38:19.860413025,T,TGT,,200,92.8
2025-12-09,9:38:19.860431032,T,TGT,F I,2,92.8
2025-12-09,9:38:19.860464129,T,TGT,I,58,92.8
2025-12-09,9:38:19.860467705,T,TGT,I,42,92.8
2025-12-09,9:38:23.283275447,T,TGT,F,100,92.76
2025-12-09,9:38:47.227820070,T,TGT,I,1,92.8
2025-12-09,9:38:47.230508463,T,TGT,F,100,92.82
2025-12-09,9:38:47.360042236,T,TGT,I,16,92.83
2025-12-09,9:38:49.932956741,T,TGT,,100,92.91
2025-12-09,9:38:50.565047527,T,TGT,I,14,92.92
2025-12-09,9:39:05.956718133,T,TGT,F,124,92.87
2025-12-09,9:39:05.956790322,T,TGT,F,105,92.87
2025-12-09,9:39:05.956811297,T,TGT,,100,92.87
2025-12-09,9:39:05.956850409,T,TGT,,100,92.87
2025-12-09,9:39:05.956865481,T,TGT,F I,71,92.87
2025-12-09,9:39:05.956868468,T,TGT,F I,11,92.87
2025-12-09,9:39:05.956938025,T,TGT,I,89,92.87
2025-12-09,9:39:05.956940668,T,TGT,I,6,92.87
2025-12-09,9:39:05.956970810,T,TGT,I,94,92.87
2025-12-09,9:39:05.956970810,T,TGT,I,30,92.87
2025-12-09,9:39:05.957096971,T,TGT,I,30,92.86
2025-12-09,9:39:05.957133089,T,TGT,I,70,92.86
2025-12-09,9:39:05.957136064,T,TGT,I,24,92.86
2025-12-09,9:39:05.966350605,T,TGT,F I,1,92.88
2025-12-09,9:39:05.966353000,T,TGT,F I,2,92.88
2025-12-09,9:39:05.966356687,T,TGT,F I,34,92.88
2025-12-09,9:39:05.966356687,T,TGT,F I,66,92.88
2025-12-09,9:39:05.966359057,T,TGT,F I,25,92.88
2025-12-09,9:39:17.379840591,T,TGT,F I,4,92.92
2025-12-09,9:39:17.379843102,T,TGT,F I,52,92.97
2025-12-09,9:39:20.806566891,T,TGT,I,1,92.92
2025-12-09,9:39:28.097252990,T,TGT,F I,2,92.94
2025-12-09,9:39:28.097295033,T,TGT,I,2,92.95
2025-12-09,9:39:29.368606702,T,TGT,F I,1,92.93
2025-12-09,9:39:32.271365189,T,TGT,F,100,92.89
2025-12-09,9:39:32.278813972,T,TGT,I,1,92.88
2025-12-09,9:39:32.278813972,T,TGT,I,2,92.89
2025-12-09,9:39:32.286782956,T,TGT,F I,2,92.9
2025-12-09,9:39:47.172471156,T,TGT,,100,92.88
2025-12-09,9:39:47.172471156,T,TGT,I,29,92.87
2025-12-09,9:39:47.172483089,T,TGT,I,71,92.87
2025-12-09,9:39:47.172483089,T,TGT,I,29,92.87
2025-12-09,9:39:47.172486193,T,TGT,I,29,92.87
2025-12-09,9:39:47.172510229,T,TGT,I,1,92.87
2025-12-09,9:39:47.172522285,T,TGT,I,70,92.87
2025-12-09,9:39:47.243503288,T,TGT,F I,2,92.86
2025-12-09,9:40:02.874703581,T,TGT,F I,25,92.84
2025-12-09,9:40:02.874703581,T,TGT,F I,75,92.84
2025-12-09,9:40:03.754064558,T,TGT,F I,98,92.84
2025-12-09,9:40:03.754079613,T,TGT,F I,2,92.84
2025-12-09,9:40:03.754262988,T,TGT,,100,92.83
2025-12-09,9:40:03.754311118,T,TGT,I,9,92.82
2025-12-09,9:40:05.545291132,T,TGT,F I,80,92.84
2025-12-09,9:40:06.966747330,T,TGT,F I,3,92.87
2025-12-09,9:40:17.306210715,T,TGT,I,20,92.91
2025-12-09,9:40:17.390805234,T,TGT,F,200,92.93
2025-12-09,9:40:17.491545227,T,TGT,I,12,92.96
2025-12-09,9:40:21.567085662,T,TGT,,105,92.93
2025-12-09,9:40:22.875247137,T,TGT,F I,98,92.91
2025-12-09,9:40:22.875247137,T,TGT,F I,2,92.91
2025-12-09,9:40:22.875346420,T,TGT,F I,5,92.9
2025-12-09,9:40:22.875529804,T,TGT,F I,1,92.89
2025-12-09,9:40:29.544162914,T,TGT,F I,50,92.91
2025-12-09,9:40:29.544166120,T,TGT,F I,25,92.91
2025-12-09,9:40:29.544169314,T,TGT,F I,5,92.91
2025-12-09,9:40:29.544169314,T,TGT,F I,2,92.91
2025-12-09,9:40:29.544205126,T,TGT,,100,92.92
2025-12-09,9:40:29.544205126,T,TGT,I,50,92.92
2025-12-09,9:40:29.544208097,T,TGT,I,89,92.92
2025-12-09,9:40:29.544229119,T,TGT,F I,11,92.92
2025-12-09,9:40:33.708949958,T,TGT,I,12,92.97
2025-12-09,9:40:33.708953001,T,TGT,,100,92.97
2025-12-09,9:40:33.709007160,T,TGT,I,20,92.97
2025-12-09,9:40:33.709022163,T,TGT,I,80,92.97
2025-12-09,9:40:33.709064239,T,TGT,,100,92.97
2025-12-09,9:40:33.712444503,T,TGT,F I,25,92.98
2025-12-09,9:40:33.712444503,T,TGT,F I,25,92.98
2025-12-09,9:40:33.712540571,T,TGT,I,2,92.97
2025-12-09,9:40:33.712582990,T,TGT,I,38,92.97
2025-12-09,9:40:33.717382466,T,TGT,F,100,92.99
2025-12-09,9:40:33.717386005,T,TGT,F I,30,92.99
2025-12-09,9:40:33.717388156,T,TGT,F I,11,92.99
2025-12-09,9:40:33.717388156,T,TGT,F,100,92.99
2025-12-09,9:40:33.717839131,T,TGT,F,100,92.99
2025-12-09,9:40:33.912327686,T,TGT,I,1,93.0
2025-12-09,9:40:33.912330675,T,TGT,I,30,93.0
2025-12-09,9:40:33.912330675,T,TGT,,100,93.0
2025-12-09,9:40:33.950996630,T,TGT,,100,92.99
2025-12-09,9:40:35.863913881,T,TGT,F,100,92.93
2025-12-09,9:40:52.587183706,T,TGT,,100,92.89
2025-12-09,9:40:52.587186720,T,TGT,I,8,92.89
2025-12-09,9:40:52.598761283,T,TGT,F I,1,92.89
2025-12-09,9:40:52.599344732,T,TGT,F I,25,92.9
2025-12-09,9:40:52.637189863,T,TGT,F,100,92.91
2025-12-09,9:40:53.067223326,T,TGT,,100,92.88
2025-12-09,9:40:53.070639496,T,TGT,F,100,92.83
2025-12-09,9:40:54.841167617,T,TGT,I,25,92.87
2025-12-09,9:40:54.841170730,T,TGT,,100,92.86
2025-12-09,9:40:54.841170730,T,TGT,I,25,92.86
2025-12-09,9:40:54.841173629,T,TGT,I,2,92.85
2025-12-09,9:40:54.946496479,T,TGT,,100,92.86
2025-12-09,9:40:54.946496479,T,TGT,I,48,92.85
2025-12-09,9:40:54.946517546,T,TGT,F I,50,92.85
2025-12-09,9:40:54.946517546,T,TGT,F I,25,92.85
2025-12-09,9:40:54.946520582,T,TGT,F I,25,92.85
2025-12-09,9:40:54.946682897,T,TGT,,100,92.85
2025-12-09,9:40:56.320003704,T,TGT,,100,92.8
2025-12-09,9:40:56.320009696,T,TGT,,100,92.8
2025-12-09,9:41:11.921866608,T,TGT,F,100,92.86
2025-12-09,9:41:11.921869256,T,TGT,F I,68,92.86
2025-12-09,9:41:11.921872604,T,TGT,F I,84,92.86
2025-12-09,9:41:11.921875320,T,TGT,I,48,92.86
2025-12-09,9:41:11.921875320,T,TGT,I,1,92.86
2025-12-09,9:41:15.192827655,T,TGT,,100,92.84
2025-12-09,9:41:16.841547495,T,TGT,F I,25,92.85
2025-12-09,9:41:16.841547495,T,TGT,F I,56,92.84
2025-12-09,9:41:16.908526113,T,TGT,I,20,92.87
2025-12-09,9:41:21.764828528,T,TGT,F I,25,92.79
2025-12-09,9:41:21.764855623,T,TGT,F I,75,92.79
2025-12-09,9:41:21.767246879,T,TGT,F I,23,92.8
2025-12-09,9:41:21.767246879,T,TGT,F I,50,92.8
2025-12-09,9:41:21.767252321,T,TGT,F I,25,92.8
2025-12-09,9:41:21.767252321,T,TGT,F I,3,92.81
2025-12-09,9:41:21.767447781,T,TGT,F I,7,92.8
2025-12-09,9:41:21.767516991,T,TGT,F I,4,92.8
2025-12-09,9:41:21.767824010,T,TGT,F I,71,92.8
2025-12-09,9:41:21.767826705,T,TGT,F I,29,92.795
2025-12-09,9:41:21.767847743,T,TGT,F I,78,92.8
2025-12-09,9:41:21.768626728,T,TGT,F I,54,92.79
2025-12-09,9:41:21.768626728,T,TGT,F,146,92.79
2025-12-09,9:41:21.768858469,T,TGT,F I,1,92.8
2025-12-09,9:41:21.768861146,T,TGT,F I,50,92.8
2025-12-09,9:41:21.768942535,T,TGT,I,30,92.8
2025-12-09,9:41:21.769826448,T,TGT,F I,2,92.8
2025-12-09,9:41:21.769829581,T,TGT,F,100,92.8
2025-12-09,9:41:21.769829581,T,TGT,F I,8,92.8
2025-12-09,9:41:21.769832532,T,TGT,F I,2,92.8
2025-12-09,9:41:21.770352788,T,TGT,F I,21,92.81
2025-12-09,9:41:22.662000930,T,TGT,I,1,92.8
2025-12-09,9:41:22.662000930,T,TGT,,100,92.8
2025-12-09,9:41:22.662003931,T,TGT,I,21,92.8
2025-12-09,9:41:22.662025041,T,TGT,,100,92.8
2025-12-09,9:41:22.662049032,T,TGT,I,1,92.81
2025-12-09,9:41:27.474870942,T,TGT,F I,3,92.78
2025-12-09,9:41:27.474874058,T,TGT,F I,97,92.78
2025-12-09,9:41:27.474892100,T,TGT,F I,3,92.78
2025-12-09,9:41:27.474895068,T,TGT,,100,92.78
2025-12-09,9:41:27.474901108,T,TGT,F,100,92.78
2025-12-09,9:41:27.474913098,T,TGT,F,100,92.78
2025-12-09,9:41:28.851232036,T,TGT,F,100,92.75
2025-12-09,9:41:28.851232036,T,TGT,F I,25,92.75
2025-12-09,9:41:30.835939330,T,TGT,I,1,92.755
2025-12-09,9:41:43.218082035,T,TGT,F I,50,92.755
2025-12-09,9:41:45.122844275,T,TGT,I,2,92.8
2025-12-09,9:41:45.122846962,T,TGT,,200,92.8
2025-12-09,9:41:45.122904210,T,TGT,,100,92.8
2025-12-09,9:41:45.122928074,T,TGT,I,1,92.8
2025-12-09,9:41:45.122934144,T,TGT,F I,24,92.8
2025-12-09,9:41:52.393580414,T,TGT,F,100,92.8
2025-12-09,9:41:53.413072243,T,TGT,F,100,92.83
2025-12-09,9:41:53.413072243,T,TGT,F,127,92.83
2025-12-09,9:41:53.413093375,T,TGT,I,64,92.83
2025-12-09,9:41:53.413096512,T,TGT,I,5,92.83
2025-12-09,9:41:53.413096512,T,TGT,I,1,92.83
2025-12-09,9:41:53.413105473,T,TGT,F I,3,92.83
2025-12-09,9:41:53.413105473,T,TGT,F I,97,92.83
2025-12-09,9:41:53.413108321,T,TGT,I,3,92.83
2025-12-09,9:42:15.126715901,T,TGT,,100,92.86
2025-12-09,9:42:15.126719067,T,TGT,,150,92.86
2025-12-09,9:42:15.126721974,T,TGT,I,2,92.86
2025-12-09,9:42:15.126812198,T,TGT,F I,3,92.86
2025-12-09,9:42:15.126833251,T,TGT,F I,97,92.86
2025-12-09,9:42:15.128766890,T,TGT,F,100,92.83
2025-12-09,9:42:16.589553958,T,TGT,I,71,92.9
2025-12-09,9:42:16.589578044,T,TGT,F I,29,92.9
2025-12-09,9:43:19.909842971,T,TGT,F I,5,92.89
2025-12-09,9:43:19.909846125,T,TGT,F I,39,92.89
2025-12-09,9:43:19.909849653,T,TGT,F I,50,92.89
2025-12-09,9:43:19.909849653,T,TGT,F I,1,92.89
2025-12-09,9:43:19.909851949,T,TGT,F I,1,92.89
2025-12-09,9:43:19.910149610,T,TGT,I,41,92.89
2025-12-09,9:43:19.911096950,T,TGT,F I,9,92.87
2025-12-09,9:43:19.911208624,T,TGT,F I,33,92.85
2025-12-09,9:43:19.911208624,T,TGT,F,100,92.85
2025-12-09,9:43:19.911211307,T,TGT,F I,16,92.85
2025-12-09,9:43:19.911602051,T,TGT,F I,1,92.85
2025-12-09,9:43:19.912447176,T,TGT,,100,92.87
2025-12-09,9:43:20.021868769,T,TGT,,100,92.89
2025-12-09,9:43:20.021910863,T,TGT,I,12,92.89
2025-12-09,9:43:20.131808120,T,TGT,I,1,92.88
2025-12-09,9:43:20.131810726,T,TGT,I,8,92.88
2025-12-09,9:43:20.131849764,T,TGT,I,7,92.88
2025-12-09,9:43:20.148190990,T,TGT,I,1,92.88
2025-12-09,9:43:20.148190990,T,TGT,I,7,92.88
2025-12-09,9:43:20.148196762,T,TGT,I,1,92.88
2025-12-09,9:43:20.148196762,T,TGT,I,16,92.88
2025-12-09,9:43:20.148199752,T,TGT,I,41,92.88
2025-12-09,9:43:20.201201307,T,TGT,I,1,92.88
2025-12-09,9:43:20.201201307,T,TGT,I,80,92.88
2025-12-09,9:43:20.201207015,T,TGT,,150,92.86
2025-12-09,9:43:20.201207015,T,TGT,I,25,92.86
2025-12-09,9:43:22.235424264,T,TGT,F I,20,92.9
2025-12-09,9:43:22.235427281,T,TGT,F I,11,92.9
2025-12-09,9:43:31.331143709,T,TGT,F,100,92.85
2025-12-09,9:43:31.331143709,T,TGT,F,100,92.85
2025-12-09,9:43:31.331145801,T,TGT,F I,60,92.85
2025-12-09,9:43:31.331163646,T,TGT,I,1,92.85
2025-12-09,9:43:31.331167286,T,TGT,I,79,92.85
2025-12-09,9:43:31.331169702,T,TGT,I,20,92.85
2025-12-09,9:43:40.899397656,T,TGT,F I,50,92.875
2025-12-09,9:43:40.899445840,T,TGT,F I,50,92.875
2025-12-09,9:43:51.938853919,T,TGT,F I,78,92.93
2025-12-09,9:43:51.938866020,T,TGT,F I,22,92.93
2025-12-09,9:43:51.938869007,T,TGT,F I,20,92.93
2025-12-09,9:43:51.938869007,T,TGT,F I,78,92.93
2025-12-09,9:43:51.939208792,T,TGT,I,2,92.93
2025-12-09,9:44:06.052488732,T,TGT,F I,2,92.97
2025-12-09,9:44:06.052551918,T,TGT,F,100,92.98
2025-12-09,9:44:06.052555053,T,TGT,F,100,92.98
2025-12-09,9:44:06.283880981,T,TGT,I,51,92.98
2025-12-09,9:44:06.284028658,T,TGT,F I,1,92.96
2025-12-09,9:44:06.284028658,T,TGT,F I,99,92.96
2025-12-09,9:44:06.284290043,T,TGT,I,80,92.97
2025-12-09,9:44:07.511658163,T,TGT,F,100,92.91
2025-12-09,9:44:10.586426304,T,TGT,F I,50,92.94
2025-12-09,9:44:10.586441235,T,TGT,F I,10,92.94
2025-12-09,9:44:30.589486734,T,TGT,,100,92.98
2025-12-09,9:44:30.589859630,T,TGT,,100,92.98
2025-12-09,9:44:33.347549576,T,TGT,,100,92.97
2025-12-09,9:44:33.347549576,T,TGT,,100,92.96
2025-12-09,9:44:33.347552335,T,TGT,I,80,92.96
2025-12-09,9:44:33.350586645,T,TGT,F I,50,92.96
2025-12-09,9:44:55.983021412,T,TGT,F,160,92.93
2025-12-09,9:44:55.983036408,T,TGT,F I,25,92.93
2025-12-09,9:44:55.983117606,T,TGT,I,22,92.93
2025-12-09,9:44:55.983649841,T,TGT,,100,92.93
2025-12-09,9:44:55.983944612,T,TGT,F I,5,92.93
2025-12-09,9:44:58.162147868,T,TGT,,100,92.93
2025-12-09,9:44:58.334891417,T,TGT,,100,92.93
2025-12-09,9:44:59.196744554,T,TGT,F I,50,92.93
2025-12-09,9:44:59.201622224,T,TGT,I,38,92.93
2025-12-09,9:44:59.201625230,T,TGT,I,62,92.93
2025-12-09,9:44:59.201634249,T,TGT,I,38,92.93
2025-12-09,9:44:59.640063695,T,TGT,F I,33,92.91
2025-12-09,9:44:59.640069760,T,TGT,F I,67,92.91
2025-12-09,9:44:59.640069760,T,TGT,F I,60,92.91
2025-12-09,9:44:59.640072848,T,TGT,F I,33,92.91
2025-12-09,9:44:59.640072848,T,TGT,F I,33,92.91
2025-12-09,9:44:59.640081741,T,TGT,I,67,92.91
2025-12-09,9:44:59.640307353,T,TGT,F I,80,92.91
2025-12-09,9:44:59.640337397,T,TGT,,100,92.91
2025-12-09,9:44:59.640863654,T,TGT,F,100,92.92
2025-12-09,9:44:59.640944823,T,TGT,,100,92.92
2025-12-09,9:44:59.641041059,T,TGT,F,100,92.92
2025-12-09,9:44:59.642908503,T,TGT,F,100,92.93
2025-12-09,9:44:59.647362164,T,TGT,F I,9,92.93
2025-12-09,9:44:59.648002708,T,TGT,F I,1,92.93
2025-12-09,9:44:59.651722761,T,TGT,F,100,92.94
2025-12-09,9:44:59.651722761,T,TGT,F I,28,92.94
2025-12-09,9:44:59.651726044,T,TGT,F,100,92.94
2025-12-09,9:45:00.725902674,T,TGT,I,9,92.92
2025-12-09,9:45:02.836793697,T,TGT,I,1,92.965
2025-12-09,9:45:02.836793697,T,TGT,,100,92.965
2025-12-09,9:45:08.176169877,T,TGT,F I,41,92.91
2025-12-09,9:45:08.176224089,T,TGT,F I,59,92.91
2025-12-09,9:45:08.176278126,T,TGT,,100,92.91
2025-12-09,9:45:08.176299209,T,TGT,F I,50,92.91
2025-12-09,9:45:08.176314175,T,TGT,I,50,92.91
2025-12-09,9:45:08.176314175,T,TGT,,100,92.91
2025-12-09,9:45:08.177480947,T,TGT,I,1,92.91
2025-12-09,9:45:18.390174300,T,TGT,F I,32,92.91
2025-12-09,9:45:18.390628336,T,TGT,F,100,92.9
2025-12-09,9:45:18.390652448,T,TGT,I,1,92.9
2025-12-09,9:45:18.390652448,T,TGT,I,18,92.9
2025-12-09,9:45:18.390691492,T,TGT,I,81,92.9
2025-12-09,9:45:18.391509460,T,TGT,I,18,92.9
2025-12-09,9:45:18.391524501,T,TGT,F,132,92.905
2025-12-09,9:45:18.392285326,T,TGT,F,100,92.92
2025-12-09,9:45:18.392549969,T,TGT,F,126,92.92
2025-12-09,9:45:18.392649213,T,TGT,F,141,92.92
2025-12-09,9:45:18.392661272,T,TGT,F I,59,92.92
2025-12-09,9:45:18.392802773,T,TGT,,100,92.92
2025-12-09,9:45:18.392805536,T,TGT,F I,96,92.92
2025-12-09,9:45:19.371556244,T,TGT,F I,2,92.94
2025-12-09,9:45:19.602169663,T,TGT,F,100,92.95
2025-12-09,9:45:19.602169663,T,TGT,F I,3,92.95
2025-12-09,9:45:28.232926371,T,TGT,F I,10,92.96
2025-12-09,9:45:32.365103659,T,TGT,,100,92.96
2025-12-09,9:45:32.365993751,T,TGT,I,36,92.96
2025-12-09,9:45:43.291953366,T,TGT,I,24,92.93
2025-12-09,9:45:43.293213453,T,TGT,,100,92.92
2025-12-09,9:45:43.295676232,T,TGT,I,26,92.92
2025-12-09,9:45:43.296620530,T,TGT,I,80,92.92
2025-12-09,9:45:43.296662641,T,TGT,I,29,92.91
2025-12-09,9:45:43.296662641,T,TGT,,100,92.91
2025-12-09,9:45:43.296987910,T,TGT,F I,1,92.92
2025-12-09,9:45:43.297360244,T,TGT,I,4,92.93
2025-12-09,9:45:43.300274399,T,TGT,I,11,92.93
2025-12-09,9:45:43.321547446,T,TGT,I,89,92.93
2025-12-09,9:45:43.321550059,T,TGT,,100,92.93
2025-12-09,9:45:43.321550059,T,TGT,I,52,92.93
2025-12-09,9:45:47.524269416,T,TGT,F I,50,92.92
2025-12-09,9:45:47.524288300,T,TGT,F I,50,92.92
2025-12-09,9:45:47.524290469,T,TGT,F I,65,92.91
2025-12-09,9:45:47.524311503,T,TGT,I,1,92.91
2025-12-09,9:45:47.524314579,T,TGT,F I,34,92.91
2025-12-09,9:45:47.524314579,T,TGT,F I,15,92.91
2025-12-09,9:45:54.331920594,T,TGT,F,100,92.9
2025-12-09,9:45:54.335490125,T,TGT,F,300,92.9
2025-12-09,9:45:54.335526650,T,TGT,,100,92.89
2025-12-09,9:46:05.894253609,T,TGT,F I,1,92.86
2025-12-09,9:46:05.894253609,T,TGT,F,111,92.86
2025-12-09,9:46:05.894460806,T,TGT,F,100,92.86
2025-12-09,9:46:05.895741846,T,TGT,F I,2,92.87
2025-12-09,9:46:05.895745127,T,TGT,F I,16,92.87
2025-12-09,9:46:05.895747875,T,TGT,F I,27,92.87
2025-12-09,9:46:05.895759812,T,TGT,F I,13,92.87
2025-12-09,9:46:05.895774841,T,TGT,F I,80,92.87
2025-12-09,9:46:06.104634517,T,TGT,F,100,92.87
2025-12-09,9:46:06.104637437,T,TGT,F I,63,92.87
2025-12-09,9:46:06.104655571,T,TGT,I,1,92.87
2025-12-09,9:46:06.104673563,T,TGT,,336,92.87
2025-12-09,9:46:06.104676616,T,TGT,I,60,92.87
2025-12-09,9:46:06.105031465,T,TGT,F I,2,92.87
2025-12-09,9:46:14.259393249,T,TGT,F,100,92.88
2025-12-09,9:46:14.259393249,T,TGT,F I,5,92.88
2025-12-09,9:46:14.259397007,T,TGT,F I,12,92.88
2025-12-09,9:46:14.259397007,T,TGT,F I,14,92.88
2025-12-09,9:46:17.001806655,T,TGT,,100,92.86
2025-12-09,9:46:17.001824633,T,TGT,F,100,92.86
2025-12-09,9:46:17.002411123,T,TGT,F I,3,92.85
2025-12-09,9:46:17.002432147,T,TGT,F I,97,92.85
2025-12-09,9:46:17.006239233,T,TGT,I,80,92.85
2025-12-09,9:46:17.007003024,T,TGT,F I,20,92.85
2025-12-09,9:46:21.315117492,T,TGT,F I,2,92.84
2025-12-09,9:46:21.315117492,T,TGT,F I,6,92.84
2025-12-09,9:46:21.947316671,T,TGT,I,5,92.835
2025-12-09,9:46:26.910076578,T,TGT,F I,15,92.84
2025-12-09,9:46:26.910076578,T,TGT,F I,17,92.84
2025-12-09,9:46:26.910076578,T,TGT,F I,50,92.84
2025-12-09,9:46:26.910079434,T,TGT,F I,3,92.84
2025-12-09,9:46:28.274643183,T,TGT,F I,3,92.86
2025-12-09,9:46:30.907769729,T,TGT,F I,20,92.88
2025-12-09,9:46:31.019825838,T,TGT,,100,92.89
2025-12-09,9:46:31.019825838,T,TGT,I,5,92.89
2025-12-09,9:46:31.019828856,T,TGT,I,10,92.89
2025-12-09,9:46:31.019831678,T,TGT,,100,92.89
2025-12-09,9:46:31.019843850,T,TGT,F,100,92.89
2025-12-09,9:46:31.019843850,T,TGT,F I,36,92.89
2025-12-09,9:46:31.019847424,T,TGT,I,5,92.89
2025-12-09,9:46:31.019852797,T,TGT,I,1,92.89
2025-12-09,9:46:31.019852797,T,TGT,I,46,92.89
2025-12-09,9:46:31.019852797,T,TGT,F I,12,92.89
2025-12-09,9:46:31.019882822,T,TGT,,100,92.89
2025-12-09,9:46:31.390756361,T,TGT,F I,40,92.92
2025-12-09,9:46:32.603118639,T,TGT,I,3,92.93
2025-12-09,9:46:32.603121639,T,TGT,I,36,92.92
2025-12-09,9:46:32.603202843,T,TGT,I,10,92.92
2025-12-09,9:46:32.603224191,T,TGT,F I,54,92.92
2025-12-09,9:46:32.604184170,T,TGT,F,100,92.91
2025-12-09,9:46:32.604184170,T,TGT,F,100,92.91
2025-12-09,9:46:32.604186344,T,TGT,F,100,92.91
2025-12-09,9:46:40.076086960,T,TGT,I,5,92.935
2025-12-09,9:46:40.084209416,T,TGT,F I,5,92.95
2025-12-09,9:46:47.149352162,T,TGT,I,96,92.965
2025-12-09,9:46:54.771163186,T,TGT,I,6,92.975
2025-12-09,9:47:10.656017945,T,TGT,F I,6,92.98
2025-12-09,9:47:10.656021122,T,TGT,F I,2,92.98
2025-12-09,9:47:10.656092844,T,TGT,F I,1,92.98
2025-12-09,9:47:10.656357508,T,TGT,I,9,93.0
2025-12-09,9:47:10.656357508,T,TGT,I,2,93.0
2025-12-09,9:47:10.656649170,T,TGT,F I,3,93.01
2025-12-09,9:47:10.656682391,T,TGT,,118,93.02
2025-12-09,9:47:10.656685289,T,TGT,I,14,93.02
2025-12-09,9:47:10.657389596,T,TGT,F I,3,93.03
2025-12-09,9:47:10.657533272,T,TGT,,200,93.04
2025-12-09,9:47:10.657677577,T,TGT,F I,25,93.04
2025-12-09,9:47:10.657695680,T,TGT,F,242,93.05
2025-12-09,9:47:10.657728790,T,TGT,F,258,93.05
2025-12-09,9:47:10.657993344,T,TGT,I,21,93.05
2025-12-09,9:47:10.658215849,T,TGT,F I,97,93.06
2025-12-09,9:47:10.658221938,T,TGT,,203,93.06
2025-12-09,9:47:10.658612870,T,TGT,I,1,93.06
2025-12-09,9:47:10.658619299,T,TGT,F,100,93.05
2025-12-09,9:47:10.658621820,T,TGT,,150,93.06
2025-12-09,9:47:10.658648881,T,TGT,,100,93.06
2025-12-09,9:47:10.663246870,T,TGT,I,40,93.065
2025-12-09,9:47:10.742491867,T,TGT,F,100,93.05
2025-12-09,9:47:10.742491867,T,TGT,F,100,93.04
2025-12-09,9:47:10.742494731,T,TGT,F,100,93.04
2025-12-09,9:47:10.742509849,T,TGT,I,1,93.04
2025-12-09,9:47:10.742536831,T,TGT,F I,37,93.04
2025-12-09,9:47:10.742551829,T,TGT,F I,62,93.04
2025-12-09,9:47:11.490171856,T,TGT,F,100,93.04
2025-12-09,9:47:11.736422614,T,TGT,F,100,93.04
2025-12-09,9:47:11.736894678,T,TGT,,100,93.05
2025-12-09,9:47:13.510550781,T,TGT,F,100,93.04
2025-12-09,9:47:13.510553187,T,TGT,F,100,93.04
2025-12-09,9:47:13.510613277,T,TGT,,100,93.04
2025-12-09,9:47:13.510637362,T,TGT,I,1,93.04
2025-12-09,9:47:13.510640403,T,TGT,I,5,93.04
2025-12-09,9:47:13.510640403,T,TGT,F I,50,93.04
2025-12-09,9:47:13.510823867,T,TGT,,100,93.06
2025-12-09,9:47:13.511142612,T,TGT,I,71,93.06
2025-12-09,9:47:13.511500492,T,TGT,,100,93.05
2025-12-09,9:47:13.511656849,T,TGT,,100,93.05
2025-12-09,9:47:13.511708115,T,TGT,I,2,93.06
2025-12-09,9:47:13.511710975,T,TGT,I,24,93.06
2025-12-09,9:47:13.512095835,T,TGT,F,100,93.07
2025-12-09,9:47:13.513304872,T,TGT,I,10,93.08
2025-12-09,9:47:13.514014375,T,TGT,I,10,93.08
2025-12-09,9:47:13.526244576,T,TGT,F I,18,93.09
2025-12-09,9:47:13.526244576,T,TGT,F I,19,93.09
2025-12-09,9:47:13.526247712,T,TGT,F I,19,93.09
2025-12-09,9:47:13.526250645,T,TGT,F,100,93.09
2025-12-09,9:47:13.526271652,T,TGT,,102,93.09
2025-12-09,9:47:13.529856201,T,TGT,I,1,93.1
2025-12-09,9:47:13.529859221,T,TGT,I,69,93.1
2025-12-09,9:47:13.933523517,T,TGT,F I,23,93.09
2025-12-09,9:47:13.933525991,T,TGT,F I,4,93.09
2025-12-09,9:47:13.933531926,T,TGT,F I,22,93.09
2025-12-09,9:47:13.933531926,T,TGT,F I,2,93.09
2025-12-09,9:47:13.933534851,T,TGT,F,191,93.09
2025-12-09,9:47:13.933538581,T,TGT,F,113,93.09
2025-12-09,9:47:13.933538581,T,TGT,F I,2,93.09
2025-12-09,9:47:13.933540952,T,TGT,F I,6,93.09
2025-12-09,9:47:13.933547084,T,TGT,F I,94,93.09
2025-12-09,9:47:13.933547084,T,TGT,F I,1,93.09
2025-12-09,9:47:13.933555923,T,TGT,F I,95,93.09
2025-12-09,9:47:13.933565312,T,TGT,,131,93.09
2025-12-09,9:47:13.933568761,T,TGT,I,76,93.09
2025-12-09,9:47:13.933571285,T,TGT,I,22,93.09
2025-12-09,9:47:13.933573965,T,TGT,,111,93.09
2025-12-09,9:47:13.933573965,T,TGT,I,15,93.09
2025-12-09,9:47:13.933703336,T,TGT,F,100,93.08
2025-12-09,9:47:13.999319818,T,TGT,F,100,93.03
2025-12-09,9:47:13.999319818,T,TGT,F I,23,93.03
2025-12-09,9:47:14.001893775,T,TGT,F,100,93.03
2025-12-09,9:47:20.079135019,T,TGT,I,14,93.01
2025-12-09,9:47:24.604303699,T,TGT,,100,92.99
2025-12-09,9:47:24.604303699,T,TGT,I,25,92.99
2025-12-09,9:47:24.604309634,T,TGT,I,1,92.99
2025-12-09,9:47:24.604309634,T,TGT,I,1,92.99
2025-12-09,9:47:24.604312744,T,TGT,I,2,92.99
2025-12-09,9:47:24.604312744,T,TGT,I,1,92.99
2025-12-09,9:47:24.604315884,T,TGT,I,1,92.99
2025-12-09,9:47:24.604319068,T,TGT,,100,92.99
2025-12-09,9:47:24.604319068,T,TGT,I,1,92.99
2025-12-09,9:47:24.604321756,T,TGT,I,1,92.99
2025-12-09,9:47:24.604321756,T,TGT,I,1,92.99
2025-12-09,9:47:24.604370043,T,TGT,F I,1,92.99
2025-12-09,9:47:24.604370043,T,TGT,F I,15,92.99
2025-12-09,9:47:24.604932127,T,TGT,,100,92.98
2025-12-09,9:47:30.213329304,T,TGT,F I,2,93.0
2025-12-09,9:47:30.213332243,T,TGT,F,119,93.0
2025-12-09,9:47:30.231693964,T,TGT,,100,92.98
2025-12-09,9:47:33.764227815,T,TGT,F,296,93.0
2025-12-09,9:47:33.764230790,T,TGT,F I,16,93.0
2025-12-09,9:47:37.214927700,T,TGT,F I,30,93.03
2025-12-09,9:47:37.217616046,T,TGT,I,19,93.04
2025-12-09,9:47:38.236762176,T,TGT,I,20,93.02
2025-12-09,9:47:38.236762176,T,TGT,I,3,93.02
2025-12-09,9:47:38.238103289,T,TGT,F,100,93.01
2025-12-09,9:47:45.577920360,T,TGT,F I,8,93.03
2025-12-09,9:48:03.649564114,T,TGT,F I,11,93.09
2025-12-09,9:48:03.649564114,T,TGT,F I,2,93.09
2025-12-09,9:48:03.649566753,T,TGT,F I,26,93.09
2025-12-09,9:48:03.650138375,T,TGT,F,100,93.1
2025-12-09,9:48:03.650138375,T,TGT,F,100,93.1
2025-12-09,9:48:03.655827661,T,TGT,I,11,93.12
2025-12-09,9:48:03.655830618,T,TGT,I,1,93.12
2025-12-09,9:48:04.422159093,T,TGT,F I,80,93.11
2025-12-09,9:48:04.422164262,T,TGT,F,100,93.1
2025-12-09,9:48:04.422164262,T,TGT,F,100,93.1
2025-12-09,9:48:04.422167602,T,TGT,F I,3,93.1
2025-12-09,9:48:04.422167602,T,TGT,F I,20,93.1
2025-12-09,9:48:04.422176314,T,TGT,F I,80,93.1
2025-12-09,9:48:04.429297357,T,TGT,F I,68,93.08
2025-12-09,9:48:04.429300339,T,TGT,F I,1,93.08
2025-12-09,9:48:04.429318305,T,TGT,I,1,93.08
2025-12-09,9:48:04.429360489,T,TGT,I,30,93.08
2025-12-09,9:48:04.470270024,T,TGT,I,55,93.05
2025-12-09,9:48:04.522609559,T,TGT,I,5,93.04
2025-12-09,9:48:14.325694130,T,TGT,I,51,93.095
2025-12-09,9:48:16.054837600,T,TGT,F I,3,93.095
2025-12-09,9:48:29.872332866,T,TGT,I,50,93.095
2025-12-09,9:48:30.691213683,T,TGT,I,21,93.1
2025-12-09,9:48:32.165578237,T,TGT,F I,50,93.11
2025-12-09,9:48:32.165623885,T,TGT,F I,50,93.11
2025-12-09,9:48:32.166889347,T,TGT,I,1,93.11
2025-12-09,9:48:32.269553951,T,TGT,I,80,93.07
2025-12-09,9:48:32.269556938,T,TGT,I,20,93.06
2025-12-09,9:48:32.269695517,T,TGT,I,16,93.08
2025-12-09,9:48:32.279799425,T,TGT,F,100,93.07
2025-12-09,9:48:32.279802324,T,TGT,F I,19,93.07
2025-12-09,9:48:32.279802324,T,TGT,F I,16,93.07
2025-12-09,9:48:32.279820343,T,TGT,I,80,93.07
2025-12-09,9:48:32.279862502,T,TGT,I,3,93.08
2025-12-09,9:48:32.279862502,T,TGT,I,16,93.08
2025-12-09,9:48:32.280223467,T,TGT,F I,15,93.08
2025-12-09,9:48:32.280226308,T,TGT,F,100,93.09
2025-12-09,9:48:32.280232362,T,TGT,I,9,93.08
2025-12-09,9:48:32.280481958,T,TGT,I,50,93.1
2025-12-09,9:48:33.450951534,T,TGT,,300,93.08
2025-12-09,9:48:33.450951534,T,TGT,I,24,93.08
2025-12-09,9:48:33.450957420,T,TGT,,100,93.08
2025-12-09,9:49:09.493744447,T,TGT,F,100,93.04
2025-12-09,9:49:14.371307645,T,TGT,F I,50,93.04
2025-12-09,9:49:14.414812279,T,TGT,,100,93.03
2025-12-09,9:49:14.414812279,T,TGT,I,1,93.03
2025-12-09,9:49:14.414815690,T,TGT,F I,60,93.03
2025-12-09,9:49:41.299001319,T,TGT,I,70,93.08
2025-12-09,9:49:41.299001319,T,TGT,I,4,93.08
2025-12-09,9:49:44.688532323,T,TGT,I,1,93.085
2025-12-09,9:49:44.688553452,T,TGT,I,20,93.09
2025-12-09,9:50:05.533629622,T,TGT,F I,17,93.12
2025-12-09,9:50:05.533631984,T,TGT,F I,1,93.12
2025-12-09,9:50:05.533794996,T,TGT,F I,60,93.13
2025-12-09,9:50:05.533797563,T,TGT,F,182,93.13
2025-12-09,9:50:05.533890560,T,TGT,F,100,93.14
2025-12-09,9:50:07.286276524,T,TGT,I,60,93.14
2025-12-09,9:50:08.690688268,T,TGT,F,100,93.12
2025-12-09,9:50:08.690688268,T,TGT,F,100,93.12
2025-12-09,9:50:08.690709233,T,TGT,F,100,93.12
2025-12-09,9:50:08.691055134,T,TGT,F,100,93.11
2025-12-09,9:50:08.694943508,T,TGT,F I,20,93.1
2025-12-09,9:50:08.694943508,T,TGT,F,100,93.1
2025-12-09,9:50:19.084292559,T,TGT,F I,1,93.1
2025-12-09,9:50:19.084295534,T,TGT,F I,10,93.1
2025-12-09,9:50:24.608086227,T,TGT,F I,20,93.09
2025-12-09,9:50:24.608089326,T,TGT,F I,50,93.09
2025-12-09,9:50:31.312612894,T,TGT,F I,20,93.1
2025-12-09,9:50:44.096320274,T,TGT,F I,9,93.14
2025-12-09,9:50:52.784973872,T,TGT,F I,15,93.14
2025-12-09,9:50:54.905421579,T,TGT,F I,60,93.15
2025-12-09,9:50:54.905424856,T,TGT,F I,12,93.15
2025-12-09,9:50:54.905427810,T,TGT,F,100,93.15
2025-12-09,9:50:54.905427810,T,TGT,F I,2,93.15
2025-12-09,9:50:54.905499766,T,TGT,F,100,93.16
2025-12-09,9:50:54.905502707,T,TGT,F I,5,93.16
2025-12-09,9:50:54.905544795,T,TGT,F I,97,93.16
2025-12-09,9:50:54.905547831,T,TGT,F I,3,93.16
2025-12-09,9:50:54.905547831,T,TGT,F I,97,93.16
2025-12-09,9:50:54.906019978,T,TGT,F I,3,93.16
2025-12-09,9:50:54.906023019,T,TGT,F,100,93.16
2025-12-09,9:50:54.906023019,T,TGT,F I,2,93.16
2025-12-09,9:50:54.906843942,T,TGT,F I,50,93.15
2025-12-09,9:50:54.906865649,T,TGT,F I,50,93.15
2025-12-09,9:50:54.906865649,T,TGT,F I,13,93.14
2025-12-09,9:50:54.906865649,T,TGT,F I,50,93.14
2025-12-09,9:50:54.906883205,T,TGT,F I,50,93.14
2025-12-09,9:50:54.907009368,T,TGT,F I,7,93.13
2025-12-09,9:50:54.907012379,T,TGT,F I,15,93.13
2025-12-09,9:50:54.907015297,T,TGT,F I,17,93.13
2025-12-09,9:50:54.926895699,T,TGT,I,83,93.13
2025-12-09,9:50:55.471381893,T,TGT,I,92,93.09
2025-12-09,9:50:55.471397270,T,TGT,F,100,93.09
2025-12-09,9:50:55.475044655,T,TGT,F,100,93.07
2025-12-09,9:50:55.475531869,T,TGT,,100,93.08
2025-12-09,9:50:55.475534728,T,TGT,I,46,93.08
2025-12-09,9:50:55.475555863,T,TGT,I,5,93.08
2025-12-09,9:50:55.475555863,T,TGT,I,1,93.08
2025-12-09,9:50:55.475594900,T,TGT,F,100,93.08
2025-12-09,9:50:55.475621974,T,TGT,I,57,93.08
2025-12-09,9:50:55.475624997,T,TGT,I,43,93.08
2025-12-09,9:50:55.475633958,T,TGT,I,57,93.08
2025-12-09,9:50:55.497917197,T,TGT,I,2,93.06
2025-12-09,9:50:55.497920087,T,TGT,,100,93.06
2025-12-09,9:50:55.497932167,T,TGT,F I,42,93.06
2025-12-09,9:50:55.497941513,T,TGT,I,18,93.06
2025-12-09,9:50:55.528503012,T,TGT,I,2,93.05
2025-12-09,9:50:55.529203673,T,TGT,F I,7,93.05
2025-12-09,9:50:55.529206618,T,TGT,F I,14,93.05
2025-12-09,9:50:55.529206618,T,TGT,F I,1,93.05
2025-12-09,9:50:57.818401318,T,TGT,,100,93.01
2025-12-09,9:50:57.818473551,T,TGT,,100,93.01
2025-12-09,9:50:57.819432751,T,TGT,F I,50,93.01
2025-12-09,9:51:01.251773815,T,TGT,I,10,92.99
2025-12-09,9:51:01.257361230,T,TGT,I,10,93.01
2025-12-09,9:51:05.288209344,T,TGT,F,200,92.97
2025-12-09,9:51:05.288212243,T,TGT,F I,15,92.97
2025-12-09,9:51:05.288212243,T,TGT,F,100,92.97
2025-12-09,9:51:05.292846174,T,TGT,,157,92.96
2025-12-09,9:51:06.472806231,T,TGT,F I,1,92.96
2025-12-09,9:51:08.890491117,T,TGT,F I,1,92.97
2025-12-09,9:51:08.890509210,T,TGT,F I,10,92.97
2025-12-09,9:51:08.890509210,T,TGT,F I,40,92.97
2025-12-09,9:51:08.890527232,T,TGT,I,10,92.97
2025-12-09,9:51:09.778202958,T,TGT,I,1,92.98
2025-12-09,9:51:11.391125571,T,TGT,,100,92.97
2025-12-09,9:51:11.400029802,T,TGT,I,3,92.96
2025-12-09,9:51:13.412520236,T,TGT,,100,92.95
2025-12-09,9:51:16.063627152,T,TGT,I,10,92.99
2025-12-09,9:51:16.063627152,T,TGT,I,40,93.0
2025-12-09,9:51:28.451889513,T,TGT,I,1,93.005
2025-12-09,9:51:34.352904817,T,TGT,F I,11,93.04
2025-12-09,9:51:34.352904817,T,TGT,F I,28,93.04
2025-12-09,9:51:34.353000998,T,TGT,F I,15,93.05
2025-12-09,9:51:34.353007013,T,TGT,F I,1,93.05
2025-12-09,9:51:34.353202545,T,TGT,F I,84,93.05
2025-12-09,9:51:34.689132833,T,TGT,I,15,93.06
2025-12-09,9:51:34.689599427,T,TGT,,100,93.05
2025-12-09,9:51:34.689599427,T,TGT,I,18,93.05
2025-12-09,9:51:34.689604923,T,TGT,I,1,93.05
2025-12-09,9:51:34.689611563,T,TGT,I,80,93.05
2025-12-09,9:51:34.689613966,T,TGT,I,15,93.06
2025-12-09,9:51:34.689692277,T,TGT,I,18,93.06
2025-12-09,9:51:34.689692277,T,TGT,I,1,93.06
2025-12-09,9:51:34.689698431,T,TGT,I,18,93.06
2025-12-09,9:51:34.689698431,T,TGT,I,2,93.06
2025-12-09,9:51:34.689701232,T,TGT,I,13,93.06
2025-12-09,9:51:34.689701232,T,TGT,I,50,93.06
2025-12-09,9:51:34.689704255,T,TGT,I,35,93.07
2025-12-09,9:51:34.689704255,T,TGT,,100,93.05
2025-12-09,9:51:34.689716998,T,TGT,I,15,93.06
2025-12-09,9:51:34.689725240,T,TGT,F I,3,93.06
2025-12-09,9:51:34.689752305,T,TGT,I,97,93.06
2025-12-09,9:51:34.690068031,T,TGT,F I,3,93.06
2025-12-09,9:51:34.690227475,T,TGT,I,16,93.06
2025-12-09,9:51:34.690230808,T,TGT,I,18,93.06
2025-12-09,9:51:34.690233746,T,TGT,I,2,93.06
2025-12-09,9:51:34.690233746,T,TGT,I,43,93.06
2025-12-09,9:51:34.690236508,T,TGT,I,5,93.06
2025-12-09,9:51:38.521934967,T,TGT,F,100,93.06
2025-12-09,9:51:39.016324724,T,TGT,F,100,93.04
2025-12-09,9:51:54.652378581,T,TGT,,100,93.0
2025-12-09,9:51:55.239025169,T,TGT,I,20,93.0
2025-12-09,9:51:57.768278815,T,TGT,,100,93.0
2025-12-09,9:51:57.768299826,T,TGT,I,80,93.01
2025-12-09,9:51:58.979024063,T,TGT,F I,80,92.98
2025-12-09,9:51:58.979026904,T,TGT,,100,92.96
2025-12-09,9:51:58.979585813,T,TGT,F I,14,92.98
2025-12-09,9:51:58.979585813,T,TGT,F I,50,92.98
2025-12-09,9:52:00.445968936,T,TGT,F I,13,92.99
2025-12-09,9:52:06.192972459,T,TGT,,100,93.025
2025-12-09,9:52:06.389878819,T,TGT,F I,2,93.07
2025-12-09,9:52:06.389881898,T,TGT,F,100,93.07
2025-12-09,9:52:06.389881898,T,TGT,F I,14,93.07
2025-12-09,9:52:06.390431969,T,TGT,I,17,93.07
2025-12-09,9:52:06.390465366,T,TGT,I,1,93.07
2025-12-09,9:52:06.390465366,T,TGT,I,14,93.07
2025-12-09,9:52:06.390486039,T,TGT,F I,40,93.09
2025-12-09,9:52:06.390507204,T,TGT,I,19,93.08
2025-12-09,9:52:08.849468217,T,TGT,,100,93.11
2025-12-09,9:52:10.708626408,T,TGT,I,2,93.11
2025-12-09,9:52:20.228508217,T,TGT,I,13,93.12
2025-12-09,9:52:45.413075252,T,TGT,F I,7,93.16
2025-12-09,9:52:45.413141994,T,TGT,I,1,93.15
2025-12-09,9:52:45.413141994,T,TGT,I,22,93.14
2025-12-09,9:52:45.413144409,T,TGT,,100,93.14
2025-12-09,9:52:45.413147396,T,TGT,I,23,93.14
2025-12-09,9:52:45.413159517,T,TGT,I,1,93.15
2025-12-09,9:52:45.413186509,T,TGT,I,34,93.15
2025-12-09,9:52:45.426255695,T,TGT,,100,93.12
2025-12-09,9:52:45.426538309,T,TGT,,100,93.11
2025-12-09,9:52:45.979607430,T,TGT,F I,99,93.11
2025-12-09,9:52:45.979610036,T,TGT,F I,1,93.11
2025-12-09,9:52:45.979610036,T,TGT,F I,39,93.11
2025-12-09,9:52:47.735105062,T,TGT,,100,93.12
2025-12-09,9:52:47.735619358,T,TGT,I,22,93.12
2025-12-09,9:52:58.469577539,T,TGT,F I,3,93.145
2025-12-09,9:52:58.469577539,T,TGT,F I,19,93.16
2025-12-09,9:53:00.054458374,T,TGT,,100,93.145
2025-12-09,9:53:04.501218128,T,TGT,,100,93.145
2025-12-09,9:53:09.673107728,T,TGT,F I,9,93.17
2025-12-09,9:53:09.673107728,T,TGT,F I,3,93.17
2025-12-09,9:53:09.673152567,T,TGT,F I,5,93.18
2025-12-09,9:53:09.673748303,T,TGT,F I,77,93.19
2025-12-09,9:53:09.673750995,T,TGT,F I,23,93.19
2025-12-09,9:53:15.010201296,T,TGT,F I,20,93.22
2025-12-09,9:53:24.066228436,T,TGT,F I,5,93.23
2025-12-09,9:53:24.066255062,T,TGT,,100,93.25
2025-12-09,9:53:30.115247037,T,TGT,F I,24,93.26
2025-12-09,9:53:31.794101630,T,TGT,F I,69,93.25
2025-12-09,9:53:31.794122698,T,TGT,F I,3,93.25
2025-12-09,9:53:31.794125767,T,TGT,F,100,93.25
2025-12-09,9:53:31.794129220,T,TGT,F,100,93.25
2025-12-09,9:53:31.794129220,T,TGT,I,25,93.25
2025-12-09,9:53:31.794131874,T,TGT,I,1,93.25
2025-12-09,9:53:31.794134836,T,TGT,I,30,93.25
2025-12-09,9:53:31.794134836,T,TGT,I,2,93.25
2025-12-09,9:53:31.794147362,T,TGT,I,22,93.25
2025-12-09,9:53:31.794149821,T,TGT,I,11,93.25
2025-12-09,9:53:35.486890576,T,TGT,F,100,93.24
2025-12-09,9:53:35.486890576,T,TGT,F,100,93.24
2025-12-09,9:53:56.735124369,T,TGT,F I,23,93.28
2025-12-09,9:53:56.735467552,T,TGT,F I,15,93.28
2025-12-09,9:53:56.735623560,T,TGT,I,1,93.3
2025-12-09,9:53:58.918142174,T,TGT,F I,4,93.31
2025-12-09,9:53:59.383028671,T,TGT,,100,93.32
2025-12-09,9:53:59.420705444,T,TGT,F I,1,93.32
2025-12-09,9:54:13.762792257,T,TGT,I,1,93.33
2025-12-09,9:54:13.762794557,T,TGT,I,2,93.33
2025-12-09,9:54:13.763353943,T,TGT,I,95,93.34
2025-12-09,9:54:13.763356904,T,TGT,I,5,93.34
2025-12-09,9:54:13.763377936,T,TGT,I,15,93.34
2025-12-09,9:54:14.477901264,T,TGT,F,200,93.35
2025-12-09,9:54:14.477916295,T,TGT,I,1,93.35
2025-12-09,9:54:29.759678017,T,TGT,F I,40,93.33
2025-12-09,9:54:32.219844986,T,TGT,F,100,93.28
2025-12-09,9:54:32.219847992,T,TGT,F I,19,93.28
2025-12-09,9:54:32.219866761,T,TGT,I,36,93.28
2025-12-09,9:54:32.219868987,T,TGT,I,45,93.28
2025-12-09,9:54:32.219986272,T,TGT,I,37,93.295
2025-12-09,9:54:32.220590739,T,TGT,I,40,93.28
2025-12-09,9:54:32.220590739,T,TGT,I,60,93.27
2025-12-09,9:54:32.248855119,T,TGT,I,40,93.27
2025-12-09,9:54:34.563108508,T,TGT,I,9,93.24
2025-12-09,9:54:36.994337602,T,TGT,F,100,93.23
2025-12-09,9:54:37.236080541,T,TGT,I,24,93.21
2025-12-09,9:54:37.236080541,T,TGT,F I,28,93.21
2025-12-09,9:54:37.236700043,T,TGT,I,28,93.21
2025-12-09,9:54:37.322831217,T,TGT,I,24,93.2
2025-12-09,9:54:38.240253807,T,TGT,I,14,93.17
2025-12-09,9:54:38.240310949,T,TGT,I,16,93.2
2025-12-09,9:54:38.240325999,T,TGT,I,23,93.2
2025-12-09,9:54:38.240328934,T,TGT,I,16,93.2
2025-12-09,9:54:38.240602671,T,TGT,I,16,93.17
2025-12-09,9:54:38.240605770,T,TGT,I,7,93.17
2025-12-09,9:54:38.240608806,T,TGT,I,23,93.17
2025-12-09,9:54:38.255551357,T,TGT,I,30,93.17
2025-12-09,9:54:38.323023050,T,TGT,I,14,93.16
2025-12-09,9:54:38.742540446,T,TGT,I,4,93.15
2025-12-09,9:54:43.014932933,T,TGT,I,1,93.14
2025-12-09,9:54:43.014951038,T,TGT,F I,99,93.14
2025-12-09,9:54:43.030287415,T,TGT,I,10,93.16
2025-12-09,9:54:43.030287415,T,TGT,I,90,93.17
2025-12-09,9:55:28.929247536,T,TGT,I,50,93.22
2025-12-09,9:55:28.929253631,T,TGT,I,7,93.22
2025-12-09,9:55:28.929554961,T,TGT,F I,5,93.23
2025-12-09,9:55:28.929557276,T,TGT,F I,2,93.23
2025-12-09,9:55:28.930071484,T,TGT,I,5,93.23
2025-12-09,9:55:29.078393909,T,TGT,I,1,93.23
2025-12-09,9:55:29.078393909,T,TGT,I,19,93.23
2025-12-09,9:55:58.879823856,T,TGT,F I,40,93.25
2025-12-09,9:56:00.147875797,T,TGT,F,100,93.23
2025-12-09,9:56:00.147884792,T,TGT,F,100,93.23
2025-12-09,9:56:00.147890867,T,TGT,F I,12,93.23
2025-12-09,9:56:00.147896825,T,TGT,I,1,93.23
2025-12-09,9:56:00.147902832,T,TGT,I,29,93.23
2025-12-09,9:56:00.147911878,T,TGT,F I,12,93.23
2025-12-09,9:56:00.147920881,T,TGT,F I,46,93.23
2025-12-09,9:56:00.559361080,T,TGT,F,100,93.22
2025-12-09,9:56:00.559364225,T,TGT,F,100,93.22
2025-12-09,9:56:24.723161100,T,TGT,F I,50,93.23
2025-12-09,9:56:24.723182067,T,TGT,I,6,93.23
2025-12-09,9:56:38.398712283,T,TGT,F I,54,93.22
2025-12-09,9:56:38.398739296,T,TGT,F I,46,93.22
2025-12-09,9:56:38.398742372,T,TGT,F I,54,93.22
2025-12-09,9:56:38.398754372,T,TGT,I,46,93.22
2025-12-09,9:56:38.405234817,T,TGT,I,1,93.23
2025-12-09,9:56:38.405234817,T,TGT,I,19,93.23
2025-12-09,9:56:38.606817322,T,TGT,I,18,93.24
2025-12-09,9:56:38.606817322,T,TGT,I,14,93.24
2025-12-09,9:56:41.036750178,T,TGT,,100,93.26
2025-12-09,9:56:41.036769251,T,TGT,I,5,93.26
2025-12-09,9:56:41.036769251,T,TGT,I,1,93.26
2025-12-09,9:56:41.036771081,T,TGT,I,64,93.26
2025-12-09,9:56:41.036798195,T,TGT,I,30,93.26
2025-12-09,9:56:50.425155746,T,TGT,F I,19,93.28
2025-12-09,9:56:50.425155746,T,TGT,F I,1,93.28
2025-12-09,9:56:53.621861863,T,TGT,,100,93.26
2025-12-09,9:56:53.621876471,T,TGT,I,1,93.26
2025-12-09,9:56:53.621909493,T,TGT,F I,4,93.26
2025-12-09,9:56:53.621912572,T,TGT,F I,1,93.26
2025-12-09,9:56:53.621912572,T,TGT,F I,50,93.26
2025-12-09,9:57:01.975246174,T,TGT,I,50,93.225
2025-12-09,9:57:01.975279305,T,TGT,I,48,93.225
2025-12-09,9:57:01.975303286,T,TGT,F I,2,93.225
2025-12-09,9:57:09.039122906,T,TGT,F I,50,93.23
2025-12-09,9:57:09.039176995,T,TGT,F I,50,93.23
2025-12-09,9:57:11.616870097,T,TGT,F,100,93.22
2025-12-09,9:57:11.665634236,T,TGT,I,40,93.205
2025-12-09,9:57:11.831650794,T,TGT,F,100,93.22
2025-12-09,9:57:11.831653779,T,TGT,F I,2,93.22
2025-12-09,9:57:11.831704953,T,TGT,,100,93.225
2025-12-09,9:57:11.832053765,T,TGT,I,40,93.22
2025-12-09,9:57:14.612333426,T,TGT,F I,90,93.21
2025-12-09,9:57:14.612348441,T,TGT,I,1,93.21
2025-12-09,9:57:14.612360428,T,TGT,I,9,93.21
2025-12-09,9:57:20.038328045,T,TGT,F I,2,93.2
2025-12-09,9:57:20.038361057,T,TGT,,100,93.19
2025-12-09,9:57:20.038586588,T,TGT,F,100,93.18
2025-12-09,9:57:20.038893409,T,TGT,F I,25,93.18
2025-12-09,9:57:20.053273636,T,TGT,I,40,93.185
2025-12-09,9:57:24.839386075,T,TGT,F,100,93.16
2025-12-09,9:57:24.839386075,T,TGT,F,100,93.16
2025-12-09,9:57:24.840140878,T,TGT,,100,93.15
2025-12-09,9:57:24.866228102,T,TGT,F I,50,93.12
2025-12-09,9:57:24.998383918,T,TGT,F I,6,93.12
2025-12-09,9:57:30.103405666,T,TGT,F I,44,93.12
2025-12-09,9:57:30.103405666,T,TGT,F I,6,93.12
2025-12-09,9:57:31.032147341,T,TGT,I,3,93.12
2025-12-09,9:57:35.459700397,T,TGT,I,50,93.13
2025-12-09,9:57:35.631782359,T,TGT,,100,93.14
2025-12-09,9:57:35.631801216,T,TGT,I,64,93.14
2025-12-09,9:57:35.631806432,T,TGT,I,1,93.14
2025-12-09,9:57:35.631806432,T,TGT,I,5,93.14
2025-12-09,9:57:35.631815632,T,TGT,F I,10,93.14
2025-12-09,9:57:35.631839551,T,TGT,,100,93.14
2025-12-09,9:57:35.631875617,T,TGT,F I,51,93.135
2025-12-09,9:57:35.631944731,T,TGT,F I,30,93.13
2025-12-09,9:57:35.631968861,T,TGT,F I,20,93.13
2025-12-09,9:57:35.631968861,T,TGT,F I,31,93.13
2025-12-09,9:57:35.631972038,T,TGT,F I,1,93.13
2025-12-09,9:57:35.632019957,T,TGT,I,8,93.13
2025-12-09,9:57:35.632023189,T,TGT,,100,93.12
2025-12-09,9:57:35.632026068,T,TGT,I,7,93.12
2025-12-09,9:57:35.632026068,T,TGT,I,6,93.12
2025-12-09,9:57:35.632040982,T,TGT,I,8,93.12
2025-12-09,9:57:35.632080430,T,TGT,I,6,93.13
2025-12-09,9:57:35.632083193,T,TGT,I,2,93.13
2025-12-09,9:57:35.632083193,T,TGT,I,92,93.13
2025-12-09,9:57:35.632098846,T,TGT,I,8,93.13
2025-12-09,9:57:35.632101097,T,TGT,I,16,93.13
2025-12-09,9:57:35.632101097,T,TGT,I,50,93.13
2025-12-09,9:57:35.691660975,T,TGT,I,4,93.12
2025-12-09,9:57:35.691660975,T,TGT,I,2,93.12
2025-12-09,9:57:35.691664024,T,TGT,I,5,93.12
2025-12-09,9:57:35.691685432,T,TGT,F I,11,93.12
2025-12-09,9:57:35.691688106,T,TGT,F I,2,93.12
2025-12-09,9:57:35.691691190,T,TGT,F I,22,93.12
2025-12-09,9:57:35.691691190,T,TGT,F I,2,93.12
2025-12-09,9:57:35.691697878,T,TGT,F I,22,93.12
2025-12-09,9:57:35.691697878,T,TGT,F I,8,93.12
2025-12-09,9:57:35.691697878,T,TGT,F I,15,93.12
2025-12-09,9:57:35.691700264,T,TGT,F I,1,93.12
2025-12-09,9:57:35.691718492,T,TGT,I,6,93.11
2025-12-09,9:57:35.691721192,T,TGT,,100,93.11
2025-12-09,9:57:35.692848900,T,TGT,F,100,93.1
2025-12-09,9:57:43.423768710,T,TGT,F,100,93.09
2025-12-09,9:57:43.431581739,T,TGT,I,7,93.11
2025-12-09,9:57:43.431584383,T,TGT,I,14,93.11
2025-12-09,9:57:48.753546191,T,TGT,I,5,93.14
2025-12-09,9:57:48.785001169,T,TGT,I,5,93.15
2025-12-09,9:57:52.902975900,T,TGT,F,100,93.15
2025-12-09,9:57:52.902978991,T,TGT,F I,32,93.15
2025-12-09,9:57:52.902978991,T,TGT,F I,1,93.15
2025-12-09,9:57:52.902981634,T,TGT,F,100,93.15
2025-12-09,9:57:55.071495827,T,TGT,I,3,93.16
2025-12-09,9:57:55.425824016,T,TGT,F I,37,93.12
2025-12-09,9:58:03.413017394,T,TGT,I,5,93.125
2025-12-09,9:58:03.982884070,T,TGT,F I,6,93.13
2025-12-09,9:58:05.603483888,T,TGT,I,1,93.07
2025-12-09,9:58:05.618477693,T,TGT,I,50,93.085
2025-12-09,9:58:11.976455640,T,TGT,I,50,93.085
2025-12-09,9:58:18.244348063,T,TGT,I,5,93.1
2025-12-09,9:58:37.975873881,T,TGT,,100,93.07
2025-12-09,9:58:37.975876688,T,TGT,,100,93.07
2025-12-09,9:58:37.975970014,T,TGT,F,100,93.06
2025-12-09,9:58:37.976009083,T,TGT,F,100,93.06
2025-12-09,9:58:37.976189516,T,TGT,F,100,93.06
2025-12-09,9:58:37.976701538,T,TGT,,100,93.06
2025-12-09,9:58:37.976704424,T,TGT,I,1,93.06
2025-12-09,9:58:37.976704424,T,TGT,I,23,93.06
2025-12-09,9:58:37.977175834,T,TGT,I,26,93.06
2025-12-09,9:58:37.977443545,T,TGT,I,3,93.06
2025-12-09,9:58:37.977488608,T,TGT,I,46,93.07
2025-12-09,9:58:37.977500600,T,TGT,I,19,93.07
2025-12-09,9:58:37.977551703,T,TGT,I,19,93.06
2025-12-09,9:58:37.998262427,T,TGT,I,22,93.08
2025-12-09,9:58:37.998262427,T,TGT,I,5,93.08
2025-12-09,9:58:37.998265411,T,TGT,,100,93.08
2025-12-09,9:58:37.998268115,T,TGT,,100,93.08
2025-12-09,9:58:44.953036308,T,TGT,F,160,93.13
2025-12-09,9:58:44.953039055,T,TGT,F I,5,93.13
2025-12-09,9:58:44.953039055,T,TGT,F I,20,93.13
2025-12-09,9:58:44.953135106,T,TGT,,100,93.13
2025-12-09,9:58:44.953153174,T,TGT,I,22,93.12
2025-12-09,9:58:45.121160936,T,TGT,F I,31,93.11
2025-12-09,9:58:45.121175562,T,TGT,I,45,93.11
2025-12-09,9:58:45.121190489,T,TGT,I,24,93.11
2025-12-09,9:58:45.121190489,T,TGT,I,45,93.11
2025-12-09,9:58:45.122642941,T,TGT,F I,19,93.12
2025-12-09,9:58:45.125692263,T,TGT,,105,93.14
2025-12-09,9:58:45.125692263,T,TGT,I,45,93.14
2025-12-09,9:58:45.531379714,T,TGT,F I,80,93.15
2025-12-09,9:58:51.044967136,T,TGT,I,2,93.185
2025-12-09,9:58:51.909442694,T,TGT,I,60,93.19
2025-12-09,9:58:51.910561759,T,TGT,,150,93.19
2025-12-09,9:58:51.910561759,T,TGT,I,2,93.19
2025-12-09,9:58:51.910564302,T,TGT,I,47,93.19
2025-12-09,9:58:51.910585390,T,TGT,I,22,93.19
2025-12-09,9:58:51.910585390,T,TGT,I,1,93.19
2025-12-09,9:58:51.912798689,T,TGT,F,100,93.19
2025-12-09,9:58:55.206007213,T,TGT,,100,93.16
2025-12-09,9:58:55.206010906,T,TGT,,100,93.16
2025-12-09,9:58:55.206061425,T,TGT,,100,93.18
2025-12-09,9:58:55.206076473,T,TGT,I,19,93.17
2025-12-09,9:58:55.206083117,T,TGT,I,1,93.17
2025-12-09,9:58:55.206083117,T,TGT,I,5,93.17
2025-12-09,9:58:56.971573606,T,TGT,,283,93.18
2025-12-09,9:58:56.971573606,T,TGT,,100,93.18
2025-12-09,9:58:56.971576567,T,TGT,I,34,93.18
2025-12-09,9:58:56.971579498,T,TGT,I,1,93.18
2025-12-09,9:58:56.971582447,T,TGT,I,1,93.18
2025-12-09,9:58:56.971588468,T,TGT,I,60,93.18
2025-12-09,9:59:36.558752068,T,TGT,F,100,93.15
2025-12-09,9:59:36.558752068,T,TGT,F I,35,93.15
2025-12-09,9:59:36.558754603,T,TGT,F I,65,93.15
2025-12-09,9:59:36.558770336,T,TGT,F I,35,93.15
2025-12-09,9:59:36.558770336,T,TGT,F I,1,93.15
2025-12-09,9:59:36.558775878,T,TGT,F I,1,93.15
2025-12-09,9:59:36.558775878,T,TGT,F I,20,93.15
2025-12-09,9:59:36.558778652,T,TGT,F I,1,93.15
2025-12-09,9:59:36.558778652,T,TGT,F I,1,93.15
2025-12-09,9:59:36.558787573,T,TGT,I,25,93.15
2025-12-09,9:59:36.558943980,T,TGT,F I,4,93.15
2025-12-09,9:59:36.559073267,T,TGT,I,29,93.15
2025-12-09,9:59:36.570233537,T,TGT,F,100,93.14
2025-12-09,9:59:36.570235935,T,TGT,F I,99,93.14
2025-12-09,9:59:36.570257888,T,TGT,F I,1,93.14
2025-12-09,9:59:36.570257888,T,TGT,F,100,93.14
2025-12-09,9:59:36.570262963,T,TGT,F I,99,93.14
2025-12-09,9:59:36.570262963,T,TGT,I,1,93.14
2025-12-09,10:00:01.061245483,T,TGT,F I,14,93.12
2025-12-09,10:00:01.061245483,T,TGT,F I,86,93.11
2025-12-09,10:00:01.061726555,T,TGT,I,5,93.11
2025-12-09,10:00:01.063855638,T,TGT,I,1,93.12
2025-12-09,10:00:01.070910441,T,TGT,I,99,93.12
2025-12-09,10:00:01.070913505,T,TGT,,201,93.11
2025-12-09,10:00:01.071530000,T,TGT,F,100,93.11
2025-12-09,10:00:02.923272528,T,TGT,F,100,93.12
2025-12-09,10:00:02.923272528,T,TGT,F I,81,93.12
2025-12-09,10:00:04.123808026,T,TGT,F I,81,93.11
2025-12-09,10:00:04.123810787,T,TGT,F,100,93.11
2025-12-09,10:00:04.123813549,T,TGT,F,100,93.11
2025-12-09,10:00:04.124159378,T,TGT,F,100,93.08
2025-12-09,10:00:04.124225605,T,TGT,,179,93.11
2025-12-09,10:00:04.135935510,T,TGT,F I,33,93.12
2025-12-09,10:00:04.137944232,T,TGT,F,100,93.13
2025-12-09,10:00:04.137944232,T,TGT,F,100,93.13
2025-12-09,10:00:04.138578759,T,TGT,F,100,93.12
2025-12-09,10:00:04.140656713,T,TGT,,100,93.11
2025-12-09,10:00:04.140705093,T,TGT,F,100,93.11
2025-12-09,10:00:04.140705093,T,TGT,F,100,93.11
2025-12-09,10:00:04.140903342,T,TGT,F I,3,93.11
2025-12-09,10:00:04.172517567,T,TGT,I,3,93.11
2025-12-09,10:00:04.172517567,T,TGT,I,3,93.11
2025-12-09,10:00:04.174897288,T,TGT,I,34,93.11
2025-12-09,10:00:04.174899304,T,TGT,I,57,93.11
2025-12-09,10:00:04.174917813,T,TGT,I,1,93.11
2025-12-09,10:00:04.174920321,T,TGT,I,5,93.11
2025-12-09,10:00:04.174923329,T,TGT,F I,37,93.11
2025-12-09,10:00:04.180498607,T,TGT,I,5,93.12
2025-12-09,10:00:04.180796293,T,TGT,F I,14,93.12
2025-12-09,10:00:05.124176827,T,TGT,F I,40,93.12
2025-12-09,10:00:08.018611392,T,TGT,I,20,93.14
2025-12-09,10:00:08.018662508,T,TGT,F,500,93.15
2025-12-09,10:00:08.018867056,T,TGT,,100,93.14
2025-12-09,10:00:08.018879081,T,TGT,I,39,93.14
2025-12-09,10:00:08.018948161,T,TGT,F,100,93.14
2025-12-09,10:00:09.019630231,T,TGT,,250,93.2
2025-12-09,10:00:09.040689451,T,TGT,I,9,93.21
2025-12-09,10:00:09.040689451,T,TGT,I,10,93.21
2025-12-09,10:00:09.040692335,T,TGT,I,11,93.21
2025-12-09,10:00:09.070223432,T,TGT,I,9,93.22
2025-12-09,10:00:09.070553480,T,TGT,I,39,93.22
2025-12-09,10:00:09.238885578,T,TGT,F,100,93.2
2025-12-09,10:00:09.238906583,T,TGT,I,22,93.2
2025-12-09,10:00:09.508261335,T,TGT,I,3,93.22
2025-12-09,10:00:09.508318438,T,TGT,,100,93.22
2025-12-09,10:00:09.508324480,T,TGT,,100,93.22
2025-12-09,10:00:09.519992205,T,TGT,F I,31,93.24
2025-12-09,10:00:09.566903967,T,TGT,I,15,93.25
2025-12-09,10:00:09.566903967,T,TGT,I,1,93.25
2025-12-09,10:00:09.567436850,T,TGT,I,31,93.25
2025-12-09,10:00:10.116162624,T,TGT,I,17,93.27
2025-12-09,10:00:12.277011421,T,TGT,I,4,93.27
2025-12-09,10:00:12.508635240,T,TGT,I,14,93.27
2025-12-09,10:00:13.022394491,T,TGT,F I,16,93.25
2025-12-09,10:00:13.022394491,T,TGT,F I,84,93.25
2025-12-09,10:00:13.022415284,T,TGT,F I,16,93.25
2025-12-09,10:00:13.469616850,T,TGT,,100,93.23
2025-12-09,10:00:13.469616850,T,TGT,,100,93.23
2025-12-09,10:00:13.470070735,T,TGT,F,284,93.23
2025-12-09,10:00:13.470314376,T,TGT,F,100,93.23
2025-12-09,10:00:13.470332321,T,TGT,F I,69,93.24
2025-12-09,10:00:13.470368555,T,TGT,I,16,93.24
2025-12-09,10:00:13.470518858,T,TGT,F I,15,93.24
2025-12-09,10:00:13.470885763,T,TGT,F I,30,93.25
2025-12-09,10:00:13.470888731,T,TGT,F,100,93.25
2025-12-09,10:00:13.470910100,T,TGT,I,1,93.25
2025-12-09,10:00:13.471324807,T,TGT,F I,68,93.25
2025-12-09,10:00:13.471324807,T,TGT,F I,16,93.25
2025-12-09,10:00:13.471327709,T,TGT,F I,15,93.25
2025-12-09,10:00:13.471330798,T,TGT,F I,37,93.25
2025-12-09,10:00:13.471330798,T,TGT,F I,63,93.25
2025-12-09,10:00:15.524133417,T,TGT,F,100,93.22
2025-12-09,10:00:15.524133417,T,TGT,F I,30,93.22
2025-12-09,10:00:15.524138262,T,TGT,F,100,93.22
2025-12-09,10:00:15.524159280,T,TGT,I,1,93.22
2025-12-09,10:00:15.524159280,T,TGT,I,39,93.22
2025-12-09,10:00:15.524195413,T,TGT,I,67,93.22
2025-12-09,10:00:19.713857858,T,TGT,I,30,93.23
2025-12-09,10:00:19.713860768,T,TGT,I,30,93.21
2025-12-09,10:00:19.713860768,T,TGT,I,75,93.21
2025-12-09,10:00:22.588270674,T,TGT,F I,6,93.21
2025-12-09,10:00:25.083810965,T,TGT,F,100,93.19
2025-12-09,10:00:31.831066477,T,TGT,,100,93.15
2025-12-09,10:00:31.831090515,T,TGT,,100,93.15
2025-12-09,10:00:33.366271896,T,TGT,F,100,93.17
2025-12-09,10:00:34.537054085,T,TGT,F I,40,93.17
2025-12-09,10:00:37.383981579,T,TGT,F I,5,93.18
2025-12-09,10:00:37.383981579,T,TGT,F I,40,93.18
2025-12-09,10:00:37.383999562,T,TGT,F I,60,93.18
2025-12-09,10:00:38.705708371,T,TGT,,100,93.19
2025-12-09,10:00:58.671573305,T,TGT,F I,40,93.15
2025-12-09,10:01:03.411555830,T,TGT,,100,93.14
2025-12-09,10:01:03.411555830,T,TGT,I,2,93.14
2025-12-09,10:01:09.027801600,T,TGT,I,5,93.15
2025-12-09,10:01:15.003322519,T,TGT,F I,51,93.13
2025-12-09,10:01:15.003337586,T,TGT,F I,49,93.13
2025-12-09,10:01:15.003367680,T,TGT,F I,50,93.13
2025-12-09,10:01:15.003548186,T,TGT,F I,49,93.13
2025-12-09,10:01:15.007878384,T,TGT,,100,93.13
2025-12-09,10:01:17.464319436,T,TGT,F I,1,93.12
2025-12-09,10:01:37.352987515,T,TGT,I,80,93.12
2025-12-09,10:01:41.070525085,T,TGT,I,2,93.12
2025-12-09,10:01:49.588961148,T,TGT,I,5,93.12
2025-12-09,10:01:51.073216133,T,TGT,I,3,93.12
2025-12-09,10:01:56.681321671,T,TGT,F I,24,93.18
2025-12-09,10:01:56.681321671,T,TGT,F I,80,93.18
2025-12-09,10:01:56.685345347,T,TGT,I,80,93.2
2025-12-09,10:01:56.687600697,T,TGT,F I,60,93.23
2025-12-09,10:01:56.687600697,T,TGT,F I,9,93.24
2025-12-09,10:01:56.687603660,T,TGT,F I,9,93.24
2025-12-09,10:01:56.687606659,T,TGT,F,255,93.24
2025-12-09,10:01:56.688725397,T,TGT,F I,22,93.22
2025-12-09,10:01:56.688921226,T,TGT,F,100,93.23
2025-12-09,10:01:56.688921226,T,TGT,F,100,93.23
2025-12-09,10:01:56.688927117,T,TGT,F I,20,93.24
2025-12-09,10:01:56.688927117,T,TGT,F,100,93.24
2025-12-09,10:01:56.688929796,T,TGT,F I,24,93.24
2025-12-09,10:01:56.688929796,T,TGT,F I,56,93.24
2025-12-09,10:01:56.688944927,T,TGT,I,1,93.24
2025-12-09,10:01:56.688984005,T,TGT,F,100,93.23
2025-12-09,10:01:56.689005090,T,TGT,I,1,93.23
2025-12-09,10:01:56.689023123,T,TGT,I,5,93.23
2025-12-09,10:01:56.689832317,T,TGT,F I,10,93.21
2025-12-09,10:01:56.689832317,T,TGT,F I,20,93.21
2025-12-09,10:01:56.689907555,T,TGT,I,20,93.2
2025-12-09,10:01:56.689911951,T,TGT,I,10,93.2
2025-12-09,10:01:56.690235046,T,TGT,I,20,93.2
2025-12-09,10:01:56.690235046,T,TGT,I,80,93.2
2025-12-09,10:01:56.690640874,T,TGT,F I,20,93.2
2025-12-09,10:01:56.690640874,T,TGT,F I,10,93.2
2025-12-09,10:01:56.690643952,T,TGT,F I,70,93.2
2025-12-09,10:01:56.691711498,T,TGT,F I,30,93.2
2025-12-09,10:01:56.691714478,T,TGT,F I,30,93.2
2025-12-09,10:01:56.691762660,T,TGT,I,7,93.2
2025-12-09,10:01:56.694336723,T,TGT,F I,4,93.21
2025-12-09,10:01:56.698594930,T,TGT,F I,20,93.22
2025-12-09,10:01:56.698594930,T,TGT,F,100,93.22
2025-12-09,10:01:56.698639973,T,TGT,F,100,93.21
2025-12-09,10:01:56.698652920,T,TGT,F I,45,93.21
2025-12-09,10:01:56.698652920,T,TGT,F I,8,93.21
2025-12-09,10:01:56.698658248,T,TGT,F I,4,93.21
2025-12-09,10:01:56.699518074,T,TGT,F,100,93.22
2025-12-09,10:01:56.699521374,T,TGT,F I,41,93.22
2025-12-09,10:01:56.699521374,T,TGT,F I,4,93.22
2025-12-09,10:01:56.699524041,T,TGT,F I,4,93.22
2025-12-09,10:01:56.699524041,T,TGT,F I,4,93.22
2025-12-09,10:01:56.699527489,T,TGT,F I,2,93.22
2025-12-09,10:01:56.699527489,T,TGT,F I,2,93.22
2025-12-09,10:01:56.699579001,T,TGT,F I,2,93.22
2025-12-09,10:01:56.699579001,T,TGT,F I,4,93.22
2025-12-09,10:01:56.699581859,T,TGT,F I,5,93.22
2025-12-09,10:01:56.699581859,T,TGT,F I,15,93.22
2025-12-09,10:01:56.699584177,T,TGT,F I,48,93.22
2025-12-09,10:01:56.700681839,T,TGT,F I,24,93.2
2025-12-09,10:01:56.700684897,T,TGT,F I,8,93.2
2025-12-09,10:01:56.700687877,T,TGT,F I,20,93.2
2025-12-09,10:01:56.707965529,T,TGT,,100,93.21
2025-12-09,10:01:56.707965529,T,TGT,I,20,93.22
2025-12-09,10:01:56.707968986,T,TGT,I,24,93.22
2025-12-09,10:01:56.707968986,T,TGT,I,8,93.22
2025-12-09,10:01:56.707971165,T,TGT,I,24,93.22
2025-12-09,10:01:59.232028821,T,TGT,I,5,93.195
2025-12-09,10:01:59.232031464,T,TGT,I,95,93.18
2025-12-09,10:01:59.232049464,T,TGT,I,1,93.18
2025-12-09,10:01:59.232064504,T,TGT,I,4,93.18
2025-12-09,10:01:59.232064504,T,TGT,I,20,93.18
2025-12-09,10:02:01.410574487,T,TGT,I,10,93.195
2025-12-09,10:02:02.518080052,T,TGT,,100,93.16
2025-12-09,10:02:11.075158040,T,TGT,I,3,93.15
2025-12-09,10:02:16.621003224,T,TGT,F I,5,93.18
2025-12-09,10:02:28.429126562,T,TGT,F,150,93.2
2025-12-09,10:02:28.429129559,T,TGT,F,135,93.2
2025-12-09,10:02:28.435059762,T,TGT,I,6,93.215
2025-12-09,10:02:42.478928408,T,TGT,F,100,93.19
2025-12-09,10:02:42.478928408,T,TGT,F I,5,93.19
2025-12-09,10:02:43.758500790,T,TGT,F I,25,93.185
2025-12-09,10:02:53.824958822,T,TGT,I,50,93.175
2025-12-09,10:02:55.010792007,T,TGT,,100,93.15
2025-12-09,10:02:55.010813351,T,TGT,I,1,93.16
2025-12-09,10:03:00.008073316,T,TGT,,100,93.14
2025-12-09,10:03:00.012731406,T,TGT,,100,93.13
2025-12-09,10:03:00.012791595,T,TGT,,100,93.13
2025-12-09,10:03:00.013723766,T,TGT,F,100,93.12
2025-12-09,10:03:00.014595937,T,TGT,F,100,93.13
2025-12-09,10:03:00.014595937,T,TGT,F I,20,93.14
2025-12-09,10:03:00.014619891,T,TGT,F I,80,93.14
2025-12-09,10:03:00.014622991,T,TGT,F I,20,93.14
2025-12-09,10:03:00.014695207,T,TGT,,100,93.14
2025-12-09,10:03:00.014698087,T,TGT,I,75,93.14
2025-12-09,10:03:00.014716501,T,TGT,,225,93.14
2025-12-09,10:03:00.014716501,T,TGT,I,2,93.14
2025-12-09,10:03:00.014743194,T,TGT,F I,5,93.14
2025-12-09,10:03:00.014746274,T,TGT,F,100,93.14
2025-12-09,10:03:00.017542920,T,TGT,F I,5,93.15
2025-12-09,10:03:00.027036480,T,TGT,F I,5,93.14
2025-12-09,10:03:02.548191742,T,TGT,,100,93.14
2025-12-09,10:03:02.548194653,T,TGT,,100,93.14
2025-12-09,10:03:02.548405150,T,TGT,F I,5,93.15
2025-12-09,10:03:02.548718399,T,TGT,I,19,93.14
2025-12-09,10:03:02.548721796,T,TGT,I,24,93.14
2025-12-09,10:03:02.548721796,T,TGT,I,80,93.14
2025-12-09,10:03:02.548724211,T,TGT,I,29,93.14
2025-12-09,10:03:02.548781057,T,TGT,F I,19,93.15
2025-12-09,10:03:02.548886497,T,TGT,F,100,93.15
2025-12-09,10:03:24.185667060,T,TGT,F I,50,93.18
2025-12-09,10:03:29.907774277,T,TGT,,100,93.17
2025-12-09,10:03:29.907774277,T,TGT,I,19,93.17
2025-12-09,10:03:29.907795328,T,TGT,,100,93.17
2025-12-09,10:03:38.612793062,T,TGT,F I,5,93.17
2025-12-09,10:03:38.612793062,T,TGT,F,100,93.17
2025-12-09,10:03:39.305631373,T,TGT,F,100,93.19
2025-12-09,10:03:39.305634392,T,TGT,F I,40,93.19
2025-12-09,10:03:39.306741098,T,TGT,I,20,93.19
2025-12-09,10:03:39.306741098,T,TGT,I,10,93.19
2025-12-09,10:03:41.089357950,T,TGT,I,1,93.19
2025-12-09,10:03:41.089357950,T,TGT,I,2,93.19
2025-12-09,10:03:41.726413547,T,TGT,F,100,93.2
2025-12-09,10:03:41.726464765,T,TGT,F I,5,93.21
2025-12-09,10:03:50.253735838,T,TGT,F I,20,93.22
2025-12-09,10:03:54.769293596,T,TGT,F I,10,93.23
2025-12-09,10:03:55.136928408,T,TGT,I,16,93.24
2025-12-09,10:03:55.136934409,T,TGT,I,7,93.24
2025-12-09,10:03:55.136934409,T,TGT,,100,93.24
2025-12-09,10:04:02.221043359,T,TGT,I,17,93.25
2025-12-09,10:04:02.221046433,T,TGT,I,44,93.25
2025-12-09,10:04:06.078287738,T,TGT,F I,50,93.29
2025-12-09,10:04:06.677029214,T,TGT,F I,1,93.3
2025-12-09,10:04:06.677032184,T,TGT,F I,10,93.3
2025-12-09,10:04:06.677071486,T,TGT,I,90,93.3
2025-12-09,10:04:06.677071486,T,TGT,I,1,93.29
2025-12-09,10:04:06.677074311,T,TGT,I,26,93.29
2025-12-09,10:04:06.677347911,T,TGT,I,6,93.3
2025-12-09,10:04:12.632140453,T,TGT,I,5,93.305
2025-12-09,10:04:15.868318125,T,TGT,I,6,93.31
2025-12-09,10:04:15.868321183,T,TGT,I,3,93.31
2025-12-09,10:04:21.102416675,T,TGT,I,4,93.305
2025-12-09,10:04:27.137338135,T,TGT,F I,6,93.33
2025-12-09,10:04:32.272732485,T,TGT,F I,50,93.33
2025-12-09,10:04:52.231611738,T,TGT,I,3,93.335
2025-12-09,10:04:53.396470573,T,TGT,,100,93.33
2025-12-09,10:04:53.396470573,T,TGT,I,6,93.33
2025-12-09,10:04:53.396472987,T,TGT,I,1,93.33
2025-12-09,10:04:53.414125042,T,TGT,I,10,93.33
2025-12-09,10:05:02.534983088,T,TGT,F I,60,93.3
2025-12-09,10:05:02.534986134,T,TGT,F,100,93.3
2025-12-09,10:05:02.535265774,T,TGT,F,100,93.3
2025-12-09,10:05:02.535274809,T,TGT,,100,93.29
2025-12-09,10:05:02.535289883,T,TGT,,100,93.29
2025-12-09,10:05:02.535298907,T,TGT,I,26,93.29
2025-12-09,10:05:02.535311286,T,TGT,I,74,93.29
2025-12-09,10:05:02.535311286,T,TGT,I,26,93.29
2025-12-09,10:05:02.535313903,T,TGT,I,30,93.29
2025-12-09,10:05:02.535328915,T,TGT,I,44,93.29
2025-12-09,10:05:02.535713829,T,TGT,,224,93.3
2025-12-09,10:05:02.545378849,T,TGT,I,76,93.295
2025-12-09,10:05:03.634375236,T,TGT,F,100,93.28
2025-12-09,10:05:03.634375236,T,TGT,F,100,93.28
2025-12-09,10:05:03.634396877,T,TGT,,100,93.28
2025-12-09,10:05:03.634411612,T,TGT,I,8,93.29
2025-12-09,10:05:03.635063956,T,TGT,F I,92,93.29
2025-12-09,10:05:03.635081993,T,TGT,I,1,93.29
2025-12-09,10:05:03.635088012,T,TGT,I,8,93.29
2025-12-09,10:05:03.635268449,T,TGT,F I,2,93.29
2025-12-09,10:05:03.635364624,T,TGT,F I,50,93.29
2025-12-09,10:05:03.635412772,T,TGT,F I,50,93.29
2025-12-09,10:05:05.882747687,T,TGT,I,99,93.3
2025-12-09,10:05:08.088926793,T,TGT,,100,93.29
2025-12-09,10:05:08.088926793,T,TGT,I,92,93.29
2025-12-09,10:05:08.088929594,T,TGT,I,3,93.29
2025-12-09,10:05:08.746455169,T,TGT,,100,93.28
2025-12-09,10:05:08.746455169,T,TGT,,150,93.28
2025-12-09,10:05:11.329762490,T,TGT,F,100,93.27
2025-12-09,10:05:24.051342114,T,TGT,,100,93.285
2025-12-09,10:05:59.126026786,T,TGT,F,100,93.23
2025-12-09,10:05:59.126026786,T,TGT,F I,28,93.23
2025-12-09,10:05:59.126041845,T,TGT,I,1,93.23
2025-12-09,10:05:59.126044952,T,TGT,F I,71,93.23
2025-12-09,10:05:59.126047842,T,TGT,F I,1,93.23
2025-12-09,10:06:42.006145918,T,TGT,I,5,93.255
2025-12-09,10:06:42.501452968,T,TGT,F I,5,93.28
2025-12-09,10:06:42.501452968,T,TGT,F I,17,93.28
2025-12-09,10:06:42.501455944,T,TGT,F,100,93.28
2025-12-09,10:06:42.501771648,T,TGT,F I,15,93.29
2025-12-09,10:06:43.215816769,T,TGT,I,10,93.28
2025-12-09,10:06:57.997565319,T,TGT,,100,93.24
2025-12-09,10:06:57.998560804,T,TGT,F I,1,93.24
2025-12-09,10:06:57.998563736,T,TGT,F I,99,93.24
2025-12-09,10:06:57.998575852,T,TGT,F I,70,93.24
2025-12-09,10:07:24.760451521,T,TGT,,100,93.255
2025-12-09,10:07:26.300830026,T,TGT,I,1,93.22
2025-12-09,10:07:26.300830026,T,TGT,,100,93.22
2025-12-09,10:07:26.300835089,T,TGT,I,1,93.22
2025-12-09,10:07:26.300844108,T,TGT,F,100,93.22
2025-12-09,10:07:26.301126876,T,TGT,F,100,93.21
2025-12-09,10:07:27.759688566,T,TGT,I,50,93.23
2025-12-09,10:07:36.050936377,T,TGT,,100,93.22
2025-12-09,10:07:36.050939408,T,TGT,,100,93.22
2025-12-09,10:07:54.915373422,T,TGT,I,4,93.165
2025-12-09,10:08:01.145014808,T,TGT,I,2,93.16
2025-12-09,10:08:07.367784602,T,TGT,,100,93.18
2025-12-09,10:08:08.098456351,T,TGT,I,5,93.165
2025-12-09,10:08:11.146593098,T,TGT,I,3,93.165
2025-12-09,10:08:26.968664070,T,TGT,F I,5,93.2
2025-12-09,10:08:27.678261684,T,TGT,F,100,93.21
2025-12-09,10:08:27.678841962,T,TGT,F I,50,93.22
2025-12-09,10:08:31.148814784,T,TGT,I,2,93.21
2025-12-09,10:08:31.943145144,T,TGT,F,100,93.23
2025-12-09,10:08:31.943160107,T,TGT,I,1,93.23
2025-12-09,10:08:31.943163184,T,TGT,I,1,93.23
2025-12-09,10:08:43.105061874,T,TGT,I,3,93.225
2025-12-09,10:08:46.278465256,T,TGT,,100,93.24
2025-12-09,10:08:46.404189378,T,TGT,F,100,93.25
2025-12-09,10:08:46.404191927,T,TGT,F I,5,93.25
2025-12-09,10:08:51.152609075,T,TGT,I,3,93.26
2025-12-09,10:08:52.926120240,T,TGT,F,100,93.27
2025-12-09,10:08:57.594851133,T,TGT,F I,9,93.29
2025-12-09,10:08:57.594851133,T,TGT,F I,13,93.29
2025-12-09,10:08:57.595275232,T,TGT,F I,12,93.3
2025-12-09,10:08:57.595277862,T,TGT,F I,4,93.3
2025-12-09,10:08:57.595283935,T,TGT,F I,25,93.3
2025-12-09,10:08:57.595299241,T,TGT,F I,30,93.3
2025-12-09,10:08:57.595539715,T,TGT,I,30,93.3
2025-12-09,10:08:57.595578589,T,TGT,I,3,93.3
2025-12-09,10:08:57.597293017,T,TGT,F I,17,93.31
2025-12-09,10:08:57.597293017,T,TGT,F I,1,93.31
2025-12-09,10:08:57.597295743,T,TGT,F I,19,93.31
2025-12-09,10:09:01.154584423,T,TGT,I,3,93.32
2025-12-09,10:09:01.210289132,T,TGT,F I,50,93.32
2025-12-09,10:09:02.731406034,T,TGT,F,100,93.31
2025-12-09,10:09:02.731408999,T,TGT,F I,32,93.31
2025-12-09,10:09:04.287258648,T,TGT,F,100,93.3
2025-12-09,10:09:04.287261652,T,TGT,F,100,93.3
2025-12-09,10:09:04.809642197,T,TGT,F I,30,93.29
2025-12-09,10:09:05.691643419,T,TGT,F,100,93.3
2025-12-09,10:09:07.586488186,T,TGT,F,101,93.32
2025-12-09,10:09:07.586490605,T,TGT,F I,23,93.33
2025-12-09,10:09:07.586509352,T,TGT,F I,77,93.33
2025-12-09,10:09:07.586509352,T,TGT,F I,2,93.33
2025-12-09,10:09:07.586511970,T,TGT,F I,21,93.33
2025-12-09,10:09:07.586514638,T,TGT,F I,1,93.33
2025-12-09,10:09:07.586794378,T,TGT,I,80,93.32
2025-12-09,10:09:07.586968824,T,TGT,I,20,93.32
2025-12-09,10:09:07.881318990,T,TGT,F I,60,93.35
2025-12-09,10:09:12.113701196,T,TGT,I,6,93.345
2025-12-09,10:09:31.279309623,T,TGT,F,100,93.36
2025-12-09,10:09:31.279314785,T,TGT,F I,2,93.37
2025-12-09,10:09:31.279314785,T,TGT,F I,5,93.37
2025-12-09,10:09:31.279314785,T,TGT,F I,7,93.37
2025-12-09,10:09:31.279317659,T,TGT,F I,93,93.37
2025-12-09,10:09:31.279320674,T,TGT,F I,2,93.37
2025-12-09,10:09:31.279320674,T,TGT,F I,5,93.37
2025-12-09,10:09:35.547121119,T,TGT,I,40,93.37
2025-12-09,10:09:37.937476847,T,TGT,F I,29,93.38
2025-12-09,10:09:37.937494785,T,TGT,F I,21,93.38
2025-12-09,10:09:37.937497972,T,TGT,F,100,93.38
2025-12-09,10:09:37.937497972,T,TGT,F I,5,93.38
2025-12-09,10:09:40.974848467,T,TGT,I,1,93.39
2025-12-09,10:09:40.974848467,T,TGT,I,35,93.39
2025-12-09,10:09:40.974869246,T,TGT,F I,65,93.39
2025-12-09,10:09:40.974872651,T,TGT,F I,1,93.39
2025-12-09,10:09:40.980486565,T,TGT,I,3,93.39
2025-12-09,10:09:40.982119526,T,TGT,I,6,93.395
2025-12-09,10:09:42.266289607,T,TGT,,100,93.36
2025-12-09,10:09:42.268993091,T,TGT,F,100,93.35
2025-12-09,10:09:42.268996187,T,TGT,F,100,93.35
2025-12-09,10:09:42.268996187,T,TGT,F I,6,93.35
2025-12-09,10:09:42.269002134,T,TGT,F,206,93.35
2025-12-09,10:09:42.269005155,T,TGT,F,100,93.35
2025-12-09,10:09:42.269008950,T,TGT,,206,93.35
2025-12-09,10:09:42.269011196,T,TGT,F,206,93.35
2025-12-09,10:10:02.109832217,T,TGT,I,12,93.39
2025-12-09,10:10:09.334493150,T,TGT,F I,2,93.41
2025-12-09,10:10:09.334493150,T,TGT,F I,1,93.41
2025-12-09,10:10:09.334496037,T,TGT,F,100,93.41
2025-12-09,10:10:13.240170721,T,TGT,F,110,93.44
2025-12-09,10:10:13.240514003,T,TGT,F,100,93.45
2025-12-09,10:10:13.240516532,T,TGT,F,600,93.45
2025-12-09,10:10:13.240556000,T,TGT,F I,77,93.45
2025-12-09,10:10:13.240570714,T,TGT,F I,20,93.45
2025-12-09,10:10:13.240585774,T,TGT,F I,3,93.45
2025-12-09,10:10:13.240703022,T,TGT,F,100,93.45
2025-12-09,10:10:13.240793345,T,TGT,I,11,93.44
2025-12-09,10:10:13.240796290,T,TGT,I,89,93.44
2025-12-09,10:10:13.240836154,T,TGT,I,11,93.44
2025-12-09,10:10:13.240845448,T,TGT,,100,93.44
2025-12-09,10:10:13.240845448,T,TGT,I,8,93.44
2025-12-09,10:10:13.240850839,T,TGT,I,12,93.44
2025-12-09,10:10:13.240850839,T,TGT,,150,93.44
2025-12-09,10:10:13.240850839,T,TGT,,100,93.44
2025-12-09,10:10:13.240853622,T,TGT,I,28,93.43
2025-12-09,10:10:13.240856455,T,TGT,I,35,93.43
2025-12-09,10:10:13.240859868,T,TGT,,100,93.43
2025-12-09,10:10:13.240859868,T,TGT,I,80,93.43
2025-12-09,10:10:13.240859868,T,TGT,I,5,93.44
2025-12-09,10:10:13.240865489,T,TGT,I,1,93.44
2025-12-09,10:10:13.240868397,T,TGT,I,89,93.44
2025-12-09,10:10:13.240874464,T,TGT,I,11,93.445
2025-12-09,10:10:13.240890474,T,TGT,F,100,93.45
2025-12-09,10:10:13.240892514,T,TGT,I,11,93.44
2025-12-09,10:10:13.240913481,T,TGT,I,23,93.45
2025-12-09,10:10:13.240913481,T,TGT,I,41,93.45
2025-12-09,10:10:13.241184145,T,TGT,F I,9,93.44
2025-12-09,10:10:13.241187167,T,TGT,F,100,93.44
2025-12-09,10:10:14.197381225,T,TGT,F I,99,93.42
2025-12-09,10:10:14.197399296,T,TGT,I,1,93.42
2025-12-09,10:10:18.300990437,T,TGT,I,31,93.415
2025-12-09,10:10:20.169657303,T,TGT,I,13,93.43
2025-12-09,10:10:20.169657303,T,TGT,I,9,93.43
2025-12-09,10:10:20.169660369,T,TGT,I,23,93.43
2025-12-09,10:10:20.169663679,T,TGT,I,55,93.43
2025-12-09,10:10:20.169681793,T,TGT,F I,45,93.43
2025-12-09,10:10:20.169681793,T,TGT,F I,5,93.43
2025-12-09,10:10:20.169684413,T,TGT,F I,1,93.43
2025-12-09,10:10:20.169684413,T,TGT,F I,1,93.43
2025-12-09,10:10:20.169687328,T,TGT,F I,1,93.43
2025-12-09,10:10:20.169693623,T,TGT,I,23,93.43
2025-12-09,10:10:20.169693623,T,TGT,I,50,93.43
2025-12-09,10:10:21.452676470,T,TGT,F I,4,93.43
2025-12-09,10:10:21.452678993,T,TGT,F I,30,93.44
2025-12-09,10:10:31.171000720,T,TGT,I,4,93.43
2025-12-09,10:10:41.180761683,T,TGT,I,4,93.43
2025-12-09,10:10:43.579200701,T,TGT,F I,45,93.45
2025-12-09,10:10:43.579221641,T,TGT,F I,14,93.45
2025-12-09,10:10:43.579227989,T,TGT,F,100,93.45
2025-12-09,10:10:43.579227989,T,TGT,F I,26,93.45
2025-12-09,10:10:43.579227989,T,TGT,F I,1,93.45
2025-12-09,10:10:43.579230710,T,TGT,F I,1,93.45
2025-12-09,10:10:51.146314473,T,TGT,F,100,93.48
2025-12-09,10:10:51.146317280,T,TGT,F,100,93.48
2025-12-09,10:10:51.146333261,T,TGT,I,1,93.48
2025-12-09,10:10:51.146551903,T,TGT,F I,99,93.48
2025-12-09,10:10:51.146554871,T,TGT,F,100,93.48
2025-12-09,10:10:51.146567342,T,TGT,F,100,93.48
2025-12-09,10:10:51.146570349,T,TGT,F,100,93.48
2025-12-09,10:10:51.146572982,T,TGT,F I,99,93.48
2025-12-09,10:10:51.146572982,T,TGT,,100,93.48
2025-12-09,10:10:51.146579942,T,TGT,I,80,93.48
2025-12-09,10:10:51.146759358,T,TGT,F,200,93.47
2025-12-09,10:10:51.146759358,T,TGT,F I,12,93.47
2025-12-09,10:10:51.146762380,T,TGT,F,100,93.47
2025-12-09,10:10:51.146786532,T,TGT,,100,93.47
2025-12-09,10:10:51.146798488,T,TGT,,100,93.46
2025-12-09,10:10:51.146801429,T,TGT,,100,93.46
2025-12-09,10:10:51.146831513,T,TGT,F,100,93.46
2025-12-09,10:10:51.147132505,T,TGT,,100,93.45
2025-12-09,10:10:51.147136164,T,TGT,I,38,93.45
2025-12-09,10:10:51.147136164,T,TGT,I,19,93.45
2025-12-09,10:10:51.147138410,T,TGT,,100,93.45
2025-12-09,10:10:51.147141345,T,TGT,,100,93.45
2025-12-09,10:10:51.148759356,T,TGT,F I,50,93.44
2025-12-09,10:10:51.148762427,T,TGT,F I,10,93.44
2025-12-09,10:10:51.148762427,T,TGT,F,100,93.44
2025-12-09,10:10:51.150334925,T,TGT,F I,1,93.42
2025-12-09,10:10:51.150440204,T,TGT,F,257,93.41
2025-12-09,10:10:51.150491326,T,TGT,F I,43,93.41
2025-12-09,10:10:51.157071313,T,TGT,F,150,93.41
2025-12-09,10:10:51.157071313,T,TGT,F I,9,93.42
2025-12-09,10:10:51.157077013,T,TGT,F I,40,93.42
2025-12-09,10:10:51.157077013,T,TGT,F I,50,93.42
2025-12-09,10:10:51.157080231,T,TGT,F I,19,93.42
2025-12-09,10:10:51.157080231,T,TGT,F,380,93.42
2025-12-09,10:10:51.157083082,T,TGT,F,100,93.42
2025-12-09,10:10:51.157086346,T,TGT,F,200,93.42
2025-12-09,10:10:51.157086346,T,TGT,F,100,93.42
2025-12-09,10:10:51.157086346,T,TGT,F,497,93.42
2025-12-09,10:10:51.157089054,T,TGT,F I,60,93.42
2025-12-09,10:10:51.157125746,T,TGT,I,48,93.42
2025-12-09,10:10:51.157125746,T,TGT,,150,93.41
2025-12-09,10:10:51.157146101,T,TGT,I,1,93.42
2025-12-09,10:10:51.157173225,T,TGT,I,17,93.42
2025-12-09,10:10:51.157188285,T,TGT,I,99,93.42
2025-12-09,10:10:51.157209694,T,TGT,F I,51,93.42
2025-12-09,10:10:51.157212325,T,TGT,I,51,93.42
2025-12-09,10:10:51.157227290,T,TGT,I,99,93.42
2025-12-09,10:10:51.157263557,T,TGT,I,9,93.42
2025-12-09,10:10:51.157263557,T,TGT,,100,93.42
2025-12-09,10:10:51.157308562,T,TGT,I,9,93.42
2025-12-09,10:10:51.157344724,T,TGT,,100,93.42
2025-12-09,10:10:51.157392697,T,TGT,I,7,93.42
2025-12-09,10:10:51.157419747,T,TGT,I,9,93.42
2025-12-09,10:10:51.157419747,T,TGT,,150,93.42
2025-12-09,10:10:51.157422795,T,TGT,I,9,93.42
2025-12-09,10:10:51.157446807,T,TGT,I,17,93.42
2025-12-09,10:10:51.157564087,T,TGT,I,26,93.42
2025-12-09,10:10:51.157567195,T,TGT,I,2,93.42
2025-12-09,10:10:51.157693473,T,TGT,I,6,93.43
2025-12-09,10:11:02.953896265,T,TGT,,100,93.445
2025-12-09,10:11:04.528961612,T,TGT,I,1,93.44
2025-12-09,10:11:06.656828013,T,TGT,F,100,93.42
2025-12-09,10:11:06.660897175,T,TGT,F,100,93.41
2025-12-09,10:11:07.616663641,T,TGT,I,11,93.43
2025-12-09,10:11:39.781646394,T,TGT,I,50,93.435
2025-12-09,10:12:26.192308660,T,TGT,I,7,93.43
2025-12-09,10:12:34.000509624,T,TGT,I,30,93.41
2025-12-09,10:12:34.001002793,T,TGT,,100,93.4
2025-12-09,10:12:34.001026922,T,TGT,I,1,93.4
2025-12-09,10:12:34.001111114,T,TGT,I,9,93.4
2025-12-09,10:12:34.001348634,T,TGT,,100,93.39
2025-12-09,10:12:34.001351633,T,TGT,I,1,93.39
2025-12-09,10:12:34.001382356,T,TGT,I,54,93.39
2025-12-09,10:12:34.001463543,T,TGT,I,45,93.39
2025-12-09,10:12:34.001465917,T,TGT,I,54,93.39
2025-12-09,10:12:34.001667379,T,TGT,,100,93.4
2025-12-09,10:12:34.001670484,T,TGT,I,19,93.4
2025-12-09,10:12:34.002825130,T,TGT,F I,15,93.41
2025-12-09,10:12:34.002825130,T,TGT,F I,29,93.41
2025-12-09,10:12:34.002909313,T,TGT,,300,93.41
2025-12-09,10:12:34.003285546,T,TGT,F I,29,93.42
2025-12-09,10:12:34.003285546,T,TGT,F I,15,93.42
2025-12-09,10:12:34.003309286,T,TGT,F,100,93.42
2025-12-09,10:12:34.027363550,T,TGT,F I,54,93.41
2025-12-09,10:12:34.027363550,T,TGT,F I,19,93.41
2025-12-09,10:12:34.027367564,T,TGT,F I,24,93.41
2025-12-09,10:12:34.027367564,T,TGT,F I,30,93.41
2025-12-09,10:12:34.027369889,T,TGT,F I,37,93.41
2025-12-09,10:12:34.261393299,T,TGT,I,4,93.41
2025-12-09,10:12:36.393274141,T,TGT,F I,19,93.42
2025-12-09,10:12:36.594339185,T,TGT,F I,5,93.43
2025-12-09,10:12:43.943268062,T,TGT,F I,11,93.43
2025-12-09,10:12:48.757163420,T,TGT,I,10,93.41
2025-12-09,10:12:48.763713022,T,TGT,,100,93.4
2025-12-09,10:12:48.763734135,T,TGT,I,1,93.4
2025-12-09,10:12:48.763743142,T,TGT,F I,50,93.4
2025-12-09,10:12:48.763797257,T,TGT,F I,29,93.4
2025-12-09,10:12:48.764894947,T,TGT,I,12,93.4
2025-12-09,10:12:48.814702578,T,TGT,,100,93.39
2025-12-09,10:12:48.814708520,T,TGT,F I,46,93.39
2025-12-09,10:12:48.815054388,T,TGT,F I,12,93.38
2025-12-09,10:12:48.815087463,T,TGT,I,88,93.38
2025-12-09,10:12:48.815087463,T,TGT,I,88,93.38
2025-12-09,10:12:48.815090502,T,TGT,I,12,93.38
2025-12-09,10:12:48.815586642,T,TGT,I,70,93.38
2025-12-09,10:12:48.827311966,T,TGT,F I,80,93.37
2025-12-09,10:12:48.827314693,T,TGT,F,300,93.37
2025-12-09,10:12:48.827314693,T,TGT,F,100,93.37
2025-12-09,10:12:51.050183349,T,TGT,I,1,93.4
2025-12-09,10:13:00.495156787,T,TGT,,100,93.37
2025-12-09,10:13:00.495231892,T,TGT,F I,50,93.36
2025-12-09,10:13:38.890565738,T,TGT,F I,50,93.36
2025-12-09,10:13:38.890590168,T,TGT,I,30,93.36
2025-12-09,10:13:38.890593073,T,TGT,,100,93.35
2025-12-09,10:13:38.890593073,T,TGT,I,22,93.35
2025-12-09,10:13:38.890613981,T,TGT,F I,28,93.35
2025-12-09,10:13:38.890613981,T,TGT,F I,2,93.35
2025-12-09,10:13:38.890632080,T,TGT,,100,93.35
2025-12-09,10:13:38.901262218,T,TGT,,100,93.34
2025-12-09,10:13:38.901286445,T,TGT,I,1,93.34
2025-12-09,10:13:38.901550935,T,TGT,I,29,93.34
2025-12-09,10:13:40.218135572,T,TGT,I,24,93.32
2025-12-09,10:13:42.455225036,T,TGT,,100,93.3
2025-12-09,10:14:09.451815949,T,TGT,F I,1,93.31
2025-12-09,10:14:09.452412042,T,TGT,F I,5,93.32
2025-12-09,10:14:09.452414775,T,TGT,F,100,93.32
2025-12-09,10:14:09.452417323,T,TGT,F I,2,93.32
2025-12-09,10:14:09.458094897,T,TGT,,100,93.33
2025-12-09,10:14:09.458097925,T,TGT,,200,93.33
2025-12-09,10:14:09.458143039,T,TGT,F,100,93.34
2025-12-09,10:14:09.458419724,T,TGT,F,100,93.34
2025-12-09,10:14:09.458419724,T,TGT,F I,5,93.34
2025-12-09,10:14:09.460972899,T,TGT,,100,93.34
2025-12-09,10:14:10.552338846,T,TGT,F I,50,93.34
2025-12-09,10:14:28.955994372,T,TGT,,100,93.32
2025-12-09,10:14:28.956015391,T,TGT,I,1,93.32
2025-12-09,10:14:33.138337092,T,TGT,I,10,93.31
2025-12-09,10:14:33.138355197,T,TGT,F I,90,93.31
2025-12-09,10:14:47.967688963,T,TGT,I,30,93.325
2025-12-09,10:14:54.447950283,T,TGT,F I,5,93.34
2025-12-09,10:14:54.447950283,T,TGT,F I,5,93.34
2025-12-09,10:14:54.448266127,T,TGT,I,80,93.34
2025-12-09,10:14:55.323492101,T,TGT,F,100,93.34
2025-12-09,10:14:55.323495205,T,TGT,F I,29,93.34
2025-12-09,10:14:55.323510242,T,TGT,I,1,93.34
2025-12-09,10:14:55.323543237,T,TGT,I,99,93.34
2025-12-09,10:15:01.047593453,T,TGT,F I,50,93.35
2025-12-09,10:15:15.036869644,T,TGT,I,3,93.335
2025-12-09,10:15:15.037101569,T,TGT,F I,10,93.36
2025-12-09,10:15:15.037105594,T,TGT,F,100,93.36
2025-12-09,10:15:15.037105594,T,TGT,F I,4,93.36
2025-12-09,10:15:15.037107352,T,TGT,F I,5,93.36
2025-12-09,10:15:15.037110315,T,TGT,F I,16,93.36
2025-12-09,10:15:22.698267004,T,TGT,F I,50,93.41
2025-12-09,10:15:22.698267004,T,TGT,F I,13,93.41
2025-12-09,10:15:31.020482533,T,TGT,I,4,93.4
2025-12-09,10:15:47.880067162,T,TGT,F I,4,93.4
2025-12-09,10:15:47.880208490,T,TGT,F I,50,93.41
2025-12-09,10:15:47.880220590,T,TGT,F I,50,93.41
2025-12-09,10:15:47.880235590,T,TGT,I,48,93.41
2025-12-09,10:15:51.814571571,T,TGT,F I,3,93.41
2025-12-09,10:15:51.815802115,T,TGT,F,100,93.42
2025-12-09,10:15:51.815804579,T,TGT,F I,1,93.42
2025-12-09,10:15:51.815825567,T,TGT,I,22,93.42
2025-12-09,10:15:51.815825567,T,TGT,I,1,93.42
2025-12-09,10:15:51.893236189,T,TGT,I,86,93.43
2025-12-09,10:15:55.597003777,T,TGT,,300,93.4
2025-12-09,10:15:55.597003777,T,TGT,I,20,93.4
2025-12-09,10:15:55.597025338,T,TGT,I,1,93.4
2025-12-09,10:15:55.597025338,T,TGT,I,36,93.4
2025-12-09,10:15:55.597078901,T,TGT,I,63,93.4
2025-12-09,10:16:01.222722345,T,TGT,I,4,93.41
2025-12-09,10:16:01.222752394,T,TGT,I,5,93.41
2025-12-09,10:16:12.528613627,T,TGT,I,3,93.43
2025-12-09,10:16:12.578962366,T,TGT,I,15,93.44
2025-12-09,10:16:12.578962366,T,TGT,I,5,93.44
2025-12-09,10:16:17.902132869,T,TGT,I,3,93.43
2025-12-09,10:16:39.035766843,T,TGT,F I,10,93.45
2025-12-09,10:16:39.035766843,T,TGT,F I,42,93.45
2025-12-09,10:17:20.671831101,T,TGT,F I,50,93.43
2025-12-09,10:17:20.736867060,T,TGT,F I,80,93.43
2025-12-09,10:17:21.235881955,T,TGT,I,3,93.425
2025-12-09,10:17:22.281632322,T,TGT,F I,86,93.425
2025-12-09,10:17:28.403620194,T,TGT,F I,5,93.44
2025-12-09,10:17:28.403620194,T,TGT,F I,20,93.44
2025-12-09,10:17:28.403623093,T,TGT,F I,60,93.44
2025-12-09,10:17:28.403623093,T,TGT,F I,42,93.44
2025-12-09,10:17:28.577882351,T,TGT,I,1,93.44
2025-12-09,10:17:35.744466238,T,TGT,F I,86,93.43
2025-12-09,10:17:35.744468747,T,TGT,F I,11,93.43
2025-12-09,10:17:35.744471701,T,TGT,F,100,93.43
2025-12-09,10:17:35.744597999,T,TGT,I,1,93.43
2025-12-09,10:17:35.744597999,T,TGT,,100,93.43
2025-12-09,10:17:35.757089791,T,TGT,,100,93.43
2025-12-09,10:17:35.757676219,T,TGT,I,2,93.43
2025-12-09,10:17:35.757712243,T,TGT,,100,93.43
2025-12-09,10:17:35.757712243,T,TGT,I,58,93.43
2025-12-09,10:17:35.758716640,T,TGT,F I,27,93.44
2025-12-09,10:17:35.758716640,T,TGT,F I,10,93.44
2025-12-09,10:17:37.312996473,T,TGT,I,42,93.44
2025-12-09,10:17:37.313023892,T,TGT,,100,93.44
2025-12-09,10:17:37.313023892,T,TGT,I,2,93.44
2025-12-09,10:17:37.313035639,T,TGT,I,98,93.44
2025-12-09,10:17:37.313035639,T,TGT,I,89,93.435
2025-12-09,10:17:41.240458097,T,TGT,I,3,93.43
2025-12-09,10:17:41.240488228,T,TGT,I,24,93.43
2025-12-09,10:17:41.240497241,T,TGT,I,24,93.43
2025-12-09,10:17:41.240626567,T,TGT,F I,76,93.43
2025-12-09,10:17:41.240648163,T,TGT,I,1,93.43
2025-12-09,10:17:41.240650574,T,TGT,F I,23,93.43
2025-12-09,10:17:46.143868121,T,TGT,I,1,93.45
2025-12-09,10:17:46.143871151,T,TGT,,100,93.45
2025-12-09,10:17:46.143874747,T,TGT,I,5,93.45
2025-12-09,10:17:46.143874747,T,TGT,,100,93.45
2025-12-09,10:17:46.143876878,T,TGT,I,4,93.45
2025-12-09,10:17:46.143891930,T,TGT,F,100,93.45
2025-12-09,10:17:46.143891930,T,TGT,F,145,93.45
2025-12-09,10:17:46.143894922,T,TGT,I,1,93.45
2025-12-09,10:17:46.143900942,T,TGT,F,100,93.45
2025-12-09,10:17:46.143907028,T,TGT,F I,54,93.45
2025-12-09,10:17:46.145293325,T,TGT,F,100,93.46
2025-12-09,10:17:46.145293325,T,TGT,F,100,93.46
2025-12-09,10:17:46.145302523,T,TGT,F,100,93.46
2025-12-09,10:17:46.145312242,T,TGT,F,100,93.46
2025-12-09,10:17:46.145317788,T,TGT,I,64,93.46
2025-12-09,10:17:46.145332354,T,TGT,F,100,93.46
2025-12-09,10:17:46.145341379,T,TGT,,100,93.46
2025-12-09,10:17:46.145344414,T,TGT,,136,93.46
2025-12-09,10:17:46.340503426,T,TGT,I,43,93.45
2025-12-09,10:17:46.340524464,T,TGT,I,26,93.45
2025-12-09,10:17:46.340548448,T,TGT,,100,93.45
2025-12-09,10:17:46.633425236,T,TGT,F,100,93.45
2025-12-09,10:17:47.098308877,T,TGT,F I,50,93.44
2025-12-09,10:17:51.241747986,T,TGT,I,4,93.44
2025-12-09,10:17:52.783184436,T,TGT,F I,5,93.46
2025-12-09,10:17:52.783187079,T,TGT,F,294,93.46
2025-12-09,10:17:52.783202224,T,TGT,I,1,93.46
2025-12-09,10:17:52.783205173,T,TGT,F I,5,93.46
2025-12-09,10:17:52.783289389,T,TGT,I,89,93.455
2025-12-09,10:17:55.892405477,T,TGT,I,30,93.465
2025-12-09,10:18:01.072862250,T,TGT,,100,93.48
2025-12-09,10:18:01.072865488,T,TGT,,100,93.48
2025-12-09,10:18:01.072883295,T,TGT,I,1,93.48
2025-12-09,10:18:01.072907318,T,TGT,F I,99,93.48
2025-12-09,10:18:01.072931824,T,TGT,F I,1,93.48
2025-12-09,10:18:01.073076110,T,TGT,F I,99,93.48
2025-12-09,10:18:01.073076110,T,TGT,F I,1,93.48
2025-12-09,10:18:01.073093698,T,TGT,F I,99,93.48
2025-12-09,10:18:01.073096726,T,TGT,F I,1,93.48
2025-12-09,10:18:01.073123876,T,TGT,F I,99,93.48
2025-12-09,10:18:01.073123876,T,TGT,F I,1,93.48
2025-12-09,10:18:01.074056036,T,TGT,I,5,93.47
2025-12-09,10:18:01.074059085,T,TGT,I,1,93.47
2025-12-09,10:18:01.074062462,T,TGT,I,11,93.47
2025-12-09,10:18:01.074062462,T,TGT,,100,93.47
2025-12-09,10:18:01.074065338,T,TGT,,100,93.47
2025-12-09,10:18:01.074729593,T,TGT,,200,93.47
2025-12-09,10:18:01.075553663,T,TGT,F I,99,93.48
2025-12-09,10:18:01.895586234,T,TGT,I,60,93.49
2025-12-09,10:18:01.895974167,T,TGT,F I,14,93.5
2025-12-09,10:18:01.895980162,T,TGT,F I,12,93.5
2025-12-09,10:18:01.896461256,T,TGT,I,6,93.49
2025-12-09,10:18:01.903615330,T,TGT,F I,50,93.48
2025-12-09,10:18:01.903669419,T,TGT,F I,50,93.48
2025-12-09,10:18:01.912182735,T,TGT,,100,93.485
2025-12-09,10:18:02.181486353,T,TGT,F,100,93.485
2025-12-09,10:18:07.040801922,T,TGT,F,100,93.48
2025-12-09,10:18:07.717940135,T,TGT,F I,12,93.48
2025-12-09,10:18:12.390676500,T,TGT,F,100,93.47
2025-12-09,10:18:12.390676500,T,TGT,F I,1,93.47
2025-12-09,10:18:12.390721431,T,TGT,I,5,93.47
2025-12-09,10:18:12.390724459,T,TGT,,100,93.47
2025-12-09,10:18:12.403168149,T,TGT,F,100,93.46
2025-12-09,10:18:12.403441769,T,TGT,F I,2,93.45
2025-12-09,10:18:25.697832562,T,TGT,,100,93.44
2025-12-09,10:18:25.697835345,T,TGT,I,3,93.44
2025-12-09,10:18:25.697837988,T,TGT,I,4,93.44
2025-12-09,10:18:26.771831648,T,TGT,,100,93.42
2025-12-09,10:18:26.771853219,T,TGT,I,1,93.42
2025-12-09,10:18:26.771855873,T,TGT,I,54,93.42
2025-12-09,10:18:26.771873787,T,TGT,F I,45,93.42
2025-12-09,10:18:30.441844096,T,TGT,I,10,93.435
2025-12-09,10:18:30.496460137,T,TGT,I,10,93.435
2025-12-09,10:18:41.250010062,T,TGT,I,4,93.435
2025-12-09,10:18:41.253155466,T,TGT,,100,93.45
2025-12-09,10:18:41.253158492,T,TGT,I,5,93.45
2025-12-09,10:18:41.253185546,T,TGT,I,1,93.45
2025-12-09,10:18:41.253206623,T,TGT,I,99,93.45
2025-12-09,10:18:41.253507539,T,TGT,I,43,93.44
2025-12-09,10:18:41.253507539,T,TGT,I,44,93.44
2025-12-09,10:18:41.253510530,T,TGT,,304,93.44
2025-12-09,10:18:41.253513306,T,TGT,I,5,93.44
2025-12-09,10:18:41.253528431,T,TGT,I,1,93.44
2025-12-09,10:18:41.253552476,T,TGT,I,74,93.44
2025-12-09,10:18:41.253555602,T,TGT,I,18,93.43
2025-12-09,10:18:41.253555602,T,TGT,I,40,93.43
2025-12-09,10:18:41.253558475,T,TGT,,100,93.43
2025-12-09,10:18:41.253558475,T,TGT,I,35,93.43
2025-12-09,10:18:41.253561487,T,TGT,,100,93.43
2025-12-09,10:18:41.253877271,T,TGT,,100,93.43
2025-12-09,10:18:41.254096695,T,TGT,I,1,93.43
2025-12-09,10:18:41.254096695,T,TGT,I,33,93.43
2025-12-09,10:18:41.254120797,T,TGT,,100,93.43
2025-12-09,10:18:41.254120797,T,TGT,I,41,93.44
2025-12-09,10:18:41.254124466,T,TGT,,100,93.44
2025-12-09,10:18:41.254127219,T,TGT,I,21,93.44
2025-12-09,10:18:41.254130087,T,TGT,,100,93.44
2025-12-09,10:18:41.254130087,T,TGT,I,1,93.44
2025-12-09,10:18:41.254130087,T,TGT,I,10,93.44
2025-12-09,10:18:41.342513435,T,TGT,F,100,93.45
2025-12-09,10:18:41.342516877,T,TGT,F,100,93.45
2025-12-09,10:18:41.342519341,T,TGT,F,100,93.45
2025-12-09,10:18:41.342519341,T,TGT,F I,80,93.45
2025-12-09,10:18:41.343334365,T,TGT,F,100,93.46
2025-12-09,10:18:41.414667325,T,TGT,,100,93.48
2025-12-09,10:18:41.414667325,T,TGT,I,5,93.48
2025-12-09,10:18:41.414688278,T,TGT,I,1,93.48
2025-12-09,10:18:41.414715397,T,TGT,F I,99,93.48
2025-12-09,10:18:41.657946800,T,TGT,F I,5,93.47
2025-12-09,10:18:41.657949925,T,TGT,F I,1,93.47
2025-12-09,10:18:41.657949925,T,TGT,F,100,93.47
2025-12-09,10:18:51.627628991,T,TGT,,100,93.48
2025-12-09,10:18:51.627646231,T,TGT,F I,6,93.48
2025-12-09,10:18:51.627652411,T,TGT,I,6,93.48
2025-12-09,10:18:51.627655207,T,TGT,I,1,93.48
2025-12-09,10:18:51.627670219,T,TGT,F I,93,93.48
2025-12-09,10:18:51.627670219,T,TGT,F I,7,93.48
2025-12-09,10:18:51.627895764,T,TGT,I,93,93.48
2025-12-09,10:18:51.628263039,T,TGT,F I,5,93.48
2025-12-09,10:18:51.645235098,T,TGT,F I,5,93.49
2025-12-09,10:18:51.645241113,T,TGT,I,95,93.49
2025-12-09,10:18:51.645247199,T,TGT,,100,93.48
2025-12-09,10:18:51.645247199,T,TGT,I,3,93.48
2025-12-09,10:18:51.645247199,T,TGT,I,50,93.48
2025-12-09,10:18:51.645250456,T,TGT,,100,93.48
2025-12-09,10:18:51.645253182,T,TGT,,100,93.48
2025-12-09,10:18:51.645253182,T,TGT,I,5,93.48
2025-12-09,10:18:51.645286375,T,TGT,I,50,93.48
2025-12-09,10:18:51.645439568,T,TGT,I,20,93.48
2025-12-09,10:18:51.645830592,T,TGT,I,1,93.48
2025-12-09,10:18:52.336116014,T,TGT,I,28,93.48
2025-12-09,10:18:53.976926996,T,TGT,I,19,93.48
2025-12-09,10:18:53.976930007,T,TGT,I,1,93.48
2025-12-09,10:18:55.294919137,T,TGT,,200,93.48
2025-12-09,10:18:55.294919137,T,TGT,,100,93.48
2025-12-09,10:18:58.605999203,T,TGT,F I,1,93.48
2025-12-09,10:19:00.286838554,T,TGT,F I,1,93.47
2025-12-09,10:19:00.286880712,T,TGT,I,73,93.47
2025-12-09,10:19:00.286892809,T,TGT,I,26,93.47
2025-12-09,10:19:00.286895697,T,TGT,,100,93.47
2025-12-09,10:19:00.290155488,T,TGT,I,6,93.48
2025-12-09,10:19:00.488865856,T,TGT,F I,5,93.49
2025-12-09,10:19:00.489452312,T,TGT,F I,38,93.5
2025-12-09,10:19:00.489452312,T,TGT,F I,56,93.5
2025-12-09,10:19:00.489467337,T,TGT,F,315,93.5
2025-12-09,10:19:00.489470324,T,TGT,I,1,93.5
2025-12-09,10:19:00.489506919,T,TGT,F I,28,93.5
2025-12-09,10:19:00.489506919,T,TGT,F I,1,93.5
2025-12-09,10:19:00.489512397,T,TGT,F I,75,93.5
2025-12-09,10:19:00.489512397,T,TGT,F I,26,93.5
2025-12-09,10:19:00.489515706,T,TGT,F,600,93.5
2025-12-09,10:19:00.489515706,T,TGT,F,100,93.5
2025-12-09,10:19:00.489521393,T,TGT,F I,3,93.5
2025-12-09,10:19:00.489521393,T,TGT,F I,10,93.5
2025-12-09,10:19:00.489521393,T,TGT,F I,2,93.5
2025-12-09,10:19:00.489524483,T,TGT,F I,3,93.5
2025-12-09,10:19:00.489527662,T,TGT,F,100,93.5
2025-12-09,10:19:00.490077748,T,TGT,,100,93.5
2025-12-09,10:19:00.490080823,T,TGT,I,18,93.5
2025-12-09,10:19:00.490083745,T,TGT,I,12,93.5
2025-12-09,10:19:00.490101767,T,TGT,I,1,93.5
2025-12-09,10:19:00.490116816,T,TGT,I,79,93.5
2025-12-09,10:19:00.490119857,T,TGT,,100,93.49
2025-12-09,10:19:00.490122862,T,TGT,,100,93.49
2025-12-09,10:19:00.490294257,T,TGT,F,100,93.49
2025-12-09,10:19:00.491999490,T,TGT,F I,43,93.5
2025-12-09,10:19:00.492002335,T,TGT,F I,20,93.5
2025-12-09,10:19:00.597060665,T,TGT,,100,93.49
2025-12-09,10:19:00.597132809,T,TGT,I,10,93.5
2025-12-09,10:19:00.597211121,T,TGT,F,100,93.48
2025-12-09,10:19:00.597211121,T,TGT,F,168,93.48
2025-12-09,10:19:00.597262212,T,TGT,F I,32,93.48
2025-12-09,10:19:00.597265175,T,TGT,F I,20,93.48
2025-12-09,10:19:01.462192043,T,TGT,F,100,93.46
2025-12-09,10:19:01.462192043,T,TGT,F,100,93.46
2025-12-09,10:19:01.462194727,T,TGT,F I,3,93.46
2025-12-09,10:19:01.463214108,T,TGT,F I,1,93.45
2025-12-09,10:19:01.900726690,T,TGT,F I,6,93.46
2025-12-09,10:19:01.900726690,T,TGT,F I,53,93.46
2025-12-09,10:19:01.900729471,T,TGT,F I,5,93.46
2025-12-09,10:19:01.900774538,T,TGT,I,20,93.45
2025-12-09,10:19:01.903607338,T,TGT,F I,1,93.44
2025-12-09,10:19:02.156470764,T,TGT,,100,93.44
2025-12-09,10:19:02.162930047,T,TGT,F I,35,93.43
2025-12-09,10:19:13.315215894,T,TGT,F I,20,93.46
2025-12-09,10:19:13.315215894,T,TGT,F I,4,93.46
2025-12-09,10:19:21.884060154,T,TGT,I,1,93.44
2025-12-09,10:19:21.884063225,T,TGT,,100,93.44
2025-12-09,10:19:21.884063225,T,TGT,I,1,93.44
2025-12-09,10:19:21.884078511,T,TGT,F I,1,93.44
2025-12-09,10:19:21.884084143,T,TGT,I,1,93.44
2025-12-09,10:19:24.970318794,T,TGT,F,100,93.43
2025-12-09,10:19:24.970318794,T,TGT,F I,3,93.43
2025-12-09,10:19:24.970322296,T,TGT,F,100,93.43
2025-12-09,10:19:24.970324836,T,TGT,,100,93.43
2025-12-09,10:19:24.971031556,T,TGT,I,8,93.42
2025-12-09,10:19:24.971332499,T,TGT,I,4,93.42
2025-12-09,10:19:24.971335221,T,TGT,I,25,93.42
2025-12-09,10:19:24.971801386,T,TGT,I,3,93.42
2025-12-09,10:19:24.971804344,T,TGT,I,3,93.42
2025-12-09,10:19:44.115251885,T,TGT,,100,93.43
2025-12-09,10:19:54.349488642,T,TGT,F I,13,93.44
2025-12-09,10:20:01.282240997,T,TGT,I,4,93.44
2025-12-09,10:20:01.357242996,T,TGT,F I,15,93.46
2025-12-09,10:20:01.357245912,T,TGT,F I,5,93.46
2025-12-09,10:20:01.357249388,T,TGT,F,100,93.46
2025-12-09,10:20:01.357249388,T,TGT,F I,17,93.46
2025-12-09,10:20:01.357251762,T,TGT,F I,5,93.46
2025-12-09,10:20:01.357263731,T,TGT,I,1,93.46
2025-12-09,10:20:01.368002523,T,TGT,,277,93.46
2025-12-09,10:20:01.368099003,T,TGT,I,96,93.455
2025-12-09,10:20:01.368099003,T,TGT,,100,93.45
2025-12-09,10:20:01.368104568,T,TGT,,100,93.45
2025-12-09,10:20:01.368107696,T,TGT,I,15,93.45
2025-12-09,10:20:01.368110601,T,TGT,,100,93.45
2025-12-09,10:20:01.368110601,T,TGT,I,30,93.45
2025-12-09,10:20:01.368110601,T,TGT,I,24,93.45
2025-12-09,10:20:01.368125674,T,TGT,I,1,93.45
2025-12-09,10:20:01.368155702,T,TGT,I,15,93.46
2025-12-09,10:20:01.368171176,T,TGT,I,80,93.45
2025-12-09,10:20:01.368173731,T,TGT,I,15,93.46
2025-12-09,10:20:01.368173731,T,TGT,I,2,93.46
2025-12-09,10:20:01.368185855,T,TGT,,100,93.46
2025-12-09,10:20:01.368375157,T,TGT,I,15,93.45
2025-12-09,10:20:01.369614117,T,TGT,F I,1,93.45
2025-12-09,10:20:01.369614117,T,TGT,F I,1,93.45
2025-12-09,10:20:01.369644558,T,TGT,F I,18,93.45
2025-12-09,10:20:01.369644558,T,TGT,F I,15,93.45
2025-12-09,10:20:01.369647472,T,TGT,F I,30,93.45
2025-12-09,10:20:01.369650253,T,TGT,F I,2,93.45
2025-12-09,10:20:01.369650253,T,TGT,F I,20,93.45
2025-12-09,10:20:01.369653686,T,TGT,F,100,93.45
2025-12-09,10:20:01.369653686,T,TGT,F I,12,93.45
2025-12-09,10:20:01.369656598,T,TGT,F I,1,93.45
2025-12-09,10:20:01.369656598,T,TGT,F I,1,93.45
2025-12-09,10:20:01.369683298,T,TGT,I,4,93.45
2025-12-09,10:20:11.272954565,T,TGT,I,4,93.46
2025-12-09,10:20:12.413334310,T,TGT,F I,3,93.47
2025-12-09,10:20:12.413932823,T,TGT,F I,97,93.47
2025-12-09,10:20:30.182360622,T,TGT,F I,5,93.46
2025-12-09,10:20:30.182360622,T,TGT,F,100,93.46
2025-12-09,10:20:34.717982181,T,TGT,I,51,93.465
2025-12-09,10:20:41.294836594,T,TGT,I,4,93.465
2025-12-09,10:20:51.253908786,T,TGT,,100,93.47
2025-12-09,10:20:51.253911785,T,TGT,I,5,93.48
2025-12-09,10:20:51.253914778,T,TGT,,100,93.48
2025-12-09,10:20:51.253926829,T,TGT,I,1,93.48
2025-12-09,10:20:51.254399004,T,TGT,I,7,93.47
2025-12-09,10:20:51.254399004,T,TGT,I,93,93.47
2025-12-09,10:20:53.930071431,T,TGT,F I,5,93.48
2025-12-09,10:20:54.763386654,T,TGT,F I,8,93.48
2025-12-09,10:20:59.321135814,T,TGT,I,6,93.47
2025-12-09,10:20:59.321141122,T,TGT,,100,93.47
2025-12-09,10:20:59.321141122,T,TGT,,200,93.47
2025-12-09,10:20:59.414005171,T,TGT,,100,93.46
2025-12-09,10:21:01.878776470,T,TGT,F I,86,93.48
2025-12-09,10:21:01.878779115,T,TGT,F,100,93.48
2025-12-09,10:21:01.878782243,T,TGT,F,100,93.48
2025-12-09,10:21:01.878782243,T,TGT,F,300,93.48
2025-12-09,10:21:01.878785232,T,TGT,F I,1,93.48
2025-12-09,10:21:01.878797197,T,TGT,I,36,93.48
2025-12-09,10:21:01.878800784,T,TGT,I,1,93.48
2025-12-09,10:21:01.878818698,T,TGT,F I,63,93.48
2025-12-09,10:21:01.878821859,T,TGT,F,100,93.48
2025-12-09,10:21:01.878824271,T,TGT,F I,1,93.48
2025-12-09,10:21:01.878842270,T,TGT,F I,3,93.48
2025-12-09,10:21:03.331603353,T,TGT,F,100,93.46
2025-12-09,10:21:15.734498495,T,TGT,F I,26,93.47
2025-12-09,10:21:15.737839691,T,TGT,F,100,93.48
2025-12-09,10:21:15.737839691,T,TGT,F I,5,93.48
2025-12-09,10:21:15.737842836,T,TGT,F,100,93.48
2025-12-09,10:21:15.737845512,T,TGT,F,100,93.48
2025-12-09,10:21:15.737863543,T,TGT,I,1,93.48
2025-12-09,10:21:15.737863543,T,TGT,I,20,93.48
2025-12-09,10:21:15.737881665,T,TGT,F I,79,93.48
2025-12-09,10:21:15.737884610,T,TGT,F I,20,93.48
2025-12-09,10:21:15.737896578,T,TGT,F I,1,93.48
2025-12-09,10:21:15.737896578,T,TGT,F I,79,93.48
2025-12-09,10:21:15.737902624,T,TGT,F I,21,93.48
2025-12-09,10:21:15.737902624,T,TGT,F I,79,93.48
2025-12-09,10:21:28.628674208,T,TGT,I,20,93.49
2025-12-09,10:21:28.628749382,T,TGT,I,28,93.48
2025-12-09,10:21:28.628764480,T,TGT,I,72,93.48
2025-12-09,10:21:28.628767477,T,TGT,,100,93.48
2025-12-09,10:21:28.628770390,T,TGT,F,100,93.48
2025-12-09,10:21:28.633148907,T,TGT,F I,6,93.49
2025-12-09,10:21:28.636847682,T,TGT,I,14,93.49
2025-12-09,10:21:28.636847682,T,TGT,I,27,93.49
2025-12-09,10:21:28.636886754,T,TGT,F I,1,93.49
2025-12-09,10:21:28.636919911,T,TGT,I,80,93.49
2025-12-09,10:21:28.954115577,T,TGT,F I,6,93.49
2025-12-09,10:21:28.954172631,T,TGT,,100,93.485
2025-12-09,10:21:28.954175651,T,TGT,I,80,93.48
2025-12-09,10:21:30.227661567,T,TGT,I,41,93.47
2025-12-09,10:21:30.227664619,T,TGT,,100,93.47
2025-12-09,10:21:30.227669274,T,TGT,I,14,93.47
2025-12-09,10:21:30.227670644,T,TGT,I,28,93.47
2025-12-09,10:21:30.227679654,T,TGT,I,1,93.47
2025-12-09,10:21:30.227685662,T,TGT,I,16,93.47
2025-12-09,10:21:30.227715747,T,TGT,I,83,93.47
2025-12-09,10:21:30.227718846,T,TGT,I,17,93.47
2025-12-09,10:21:30.227718846,T,TGT,I,83,93.47
2025-12-09,10:21:30.227730762,T,TGT,I,10,93.47
2025-12-09,10:21:30.402621453,T,TGT,F I,4,93.47
2025-12-09,10:21:35.027513674,T,TGT,F I,45,93.47
2025-12-09,10:21:35.027516612,T,TGT,F,100,93.47
2025-12-09,10:21:35.027534606,T,TGT,I,1,93.47
2025-12-09,10:21:35.027543878,T,TGT,I,4,93.47
2025-12-09,10:21:45.037743413,T,TGT,,100,93.48
2025-12-09,10:21:45.037743413,T,TGT,I,5,93.48
2025-12-09,10:21:45.037758915,T,TGT,F,100,93.48
2025-12-09,10:21:45.037758915,T,TGT,F I,16,93.48
2025-12-09,10:21:45.037764506,T,TGT,I,1,93.48
2025-12-09,10:21:45.038041128,T,TGT,F,100,93.48
2025-12-09,10:21:45.038188562,T,TGT,,100,93.48
2025-12-09,10:21:45.038191469,T,TGT,,778,93.48
2025-12-09,10:21:45.038209590,T,TGT,I,28,93.48
2025-12-09,10:21:45.038408153,T,TGT,F I,72,93.48
2025-12-09,10:21:45.038411039,T,TGT,F I,5,93.48
2025-12-09,10:21:45.550537167,T,TGT,,100,93.49
2025-12-09,10:21:45.550537167,T,TGT,F I,60,93.49
2025-12-09,10:21:45.621849103,T,TGT,I,4,93.51
2025-12-09,10:21:47.011932115,T,TGT,,101,93.53
2025-12-09,10:21:47.011934741,T,TGT,I,10,93.53
2025-12-09,10:21:49.717363190,T,TGT,I,1,93.55
2025-12-09,10:21:49.717366135,T,TGT,I,4,93.55
2025-12-09,10:21:49.717369048,T,TGT,I,14,93.55
2025-12-09,10:21:49.717859123,T,TGT,F I,39,93.56
