DATE,TIME_M,EX,SYM_ROOT,TR_SCOND,SIZE,PRICE
2025-11-21,9:30:00.771430729,T,TGT,TI,1,84.4
2025-11-21,9:30:00.771433672,T,TGT,TI,40,84.4
2025-11-21,9:30:00.771436701,T,TGT,TI,70,84.4
2025-11-21,9:30:00.771436701,T,TGT,TI,89,84.44
2025-11-21,9:30:02.275154154,T,TGT,I,57,84.44
2025-11-21,9:30:02.275160134,T,TGT,Q,57,84.44
2025-11-21,9:30:02.275999145,T,TGT,I,50,84.44
2025-11-21,9:30:02.277947805,T,TGT,F I,4,84.44
2025-11-21,9:30:02.298546845,T,TGT,F I,1,84.45
2025-11-21,9:30:02.298549911,T,TGT,F I,1,84.45
2025-11-21,9:31:09.468033067,T,TGT,I,3,84.35
2025-11-21,9:31:09.469936593,T,TGT,I,3,84.35
2025-11-21,9:31:10.275360433,T,TGT,,100,84.36
2025-11-21,9:31:10.275387496,T,TGT,I,2,84.34
2025-11-21,9:31:10.275390452,T,TGT,I,1,84.34
2025-11-21,9:31:10.401559014,T,TGT,F I,73,84.36
2025-11-21,9:31:14.230421763,T,TGT,I,2,84.34
2025-11-21,9:31:14.274909739,T,TGT,,100,84.36
2025-11-21,9:31:14.274909739,T,TGT,,100,84.37
2025-11-21,9:31:14.275237527,T,TGT,I,9,84.38
2025-11-21,9:31:14.275237527,T,TGT,I,50,84.38
2025-11-21,9:31:14.276386312,T,TGT,I,9,84.34
2025-11-21,9:31:14.276386312,T,TGT,I,91,84.34
2025-11-21,9:31:15.485320371,T,TGT,,147,84.34
2025-11-21,9:31:15.485320371,T,TGT,I,5,84.34
2025-11-21,9:31:18.192706373,T,TGT,I,10,84.34
2025-11-21,9:31:18.192733500,T,TGT,,100,84.35
2025-11-21,9:31:38.762193650,T,TGT,I,14,84.42
2025-11-21,9:31:39.139364263,T,TGT,I,70,84.38
2025-11-21,9:31:39.139364263,T,TGT,I,30,84.37
2025-11-21,9:31:39.148828124,T,TGT,I,40,84.44
2025-11-21,9:31:39.149209634,T,TGT,F I,5,84.5
2025-11-21,9:31:39.149672843,T,TGT,F I,1,84.53
2025-11-21,9:31:39.149763344,T,TGT,F I,1,84.55
2025-11-21,9:31:39.150045686,T,TGT,I,14,84.53
2025-11-21,9:31:39.150051745,T,TGT,I,12,84.52
2025-11-21,9:31:39.150087806,T,TGT,I,43,84.52
2025-11-21,9:31:39.150301426,T,TGT,F I,1,84.59
2025-11-21,9:31:39.150358382,T,TGT,F I,6,84.59
2025-11-21,9:31:39.150361452,T,TGT,F I,1,84.59
2025-11-21,9:31:39.150716317,T,TGT,F I,10,84.6
2025-11-21,9:31:39.152628835,T,TGT,,288,84.59
2025-11-21,9:31:39.153122009,T,TGT,F I,10,84.52
2025-11-21,9:31:39.153125330,T,TGT,F I,10,84.47
2025-11-21,9:31:39.153125330,T,TGT,F I,14,84.47
2025-11-21,9:31:39.163653036,T,TGT,F,100,84.56
2025-11-21,9:31:39.163704652,T,TGT,,100,84.56
2025-11-21,9:31:39.223928692,T,TGT,F,100,84.62
2025-11-21,9:31:39.224018871,T,TGT,F I,1,84.63
2025-11-21,9:31:39.244115809,T,TGT,F I,1,84.65
2025-11-21,9:31:39.244495144,T,TGT,F,100,84.66
2025-11-21,9:31:39.244495144,T,TGT,F I,1,84.67
2025-11-21,9:31:39.244498664,T,TGT,F,200,84.67
2025-11-21,9:31:39.244498664,T,TGT,F,100,84.67
2025-11-21,9:31:39.244500682,T,TGT,F,100,84.67
2025-11-21,9:31:39.271102073,T,TGT,I,50,84.68
2025-11-21,9:31:39.271321643,T,TGT,F,100,84.68
2025-11-21,9:31:39.271321643,T,TGT,F,100,84.69
2025-11-21,9:31:39.271339658,T,TGT,I,1,84.69
2025-11-21,9:31:39.271447898,T,TGT,I,60,84.65
2025-11-21,9:31:39.271447898,T,TGT,I,40,84.63
2025-11-21,9:31:39.303567403,T,TGT,I,8,84.69
2025-11-21,9:31:39.332959462,T,TGT,I,3,84.69
2025-11-21,9:31:40.551327032,T,TGT,F,100,84.68
2025-11-21,9:31:40.551330031,T,TGT,F I,12,84.68
2025-11-21,9:31:40.551333242,T,TGT,F I,20,84.68
2025-11-21,9:31:40.551360146,T,TGT,I,56,84.64
2025-11-21,9:31:40.551360146,T,TGT,I,20,84.63
2025-11-21,9:31:40.551372089,T,TGT,F I,11,84.63
2025-11-21,9:31:40.551396240,T,TGT,I,30,84.63
2025-11-21,9:31:40.551507515,T,TGT,F,112,84.67
2025-11-21,9:31:40.551510548,T,TGT,F I,20,84.67
2025-11-21,9:31:40.551721880,T,TGT,,100,84.64
2025-11-21,9:31:40.551727680,T,TGT,F I,20,84.69
2025-11-21,9:31:40.551727680,T,TGT,I,13,84.64
2025-11-21,9:31:40.551730144,T,TGT,I,13,84.64
2025-11-21,9:31:40.551732968,T,TGT,I,13,84.64
2025-11-21,9:31:40.551742022,T,TGT,I,1,84.64
2025-11-21,9:31:40.551748015,T,TGT,I,1,84.64
2025-11-21,9:31:40.551787569,T,TGT,I,11,84.64
2025-11-21,9:31:40.551790373,T,TGT,I,13,84.64
2025-11-21,9:31:40.551790373,T,TGT,I,13,84.64
2025-11-21,9:31:40.551796165,T,TGT,F I,8,84.67
2025-11-21,9:31:40.551802197,T,TGT,F I,3,84.67
2025-11-21,9:31:40.551811221,T,TGT,F I,1,84.67
2025-11-21,9:31:40.551835210,T,TGT,F I,2,84.64
2025-11-21,9:31:40.551853301,T,TGT,F I,23,84.64
2025-11-21,9:31:40.551889718,T,TGT,I,1,84.64
2025-11-21,9:31:40.551889718,T,TGT,I,8,84.64
2025-11-21,9:31:40.551892356,T,TGT,I,67,84.63
2025-11-21,9:31:40.551931418,T,TGT,F I,11,84.69
2025-11-21,9:31:40.552070405,T,TGT,I,3,84.64
2025-11-21,9:31:40.552072871,T,TGT,I,13,84.64
2025-11-21,9:31:40.552151180,T,TGT,F I,9,84.67
2025-11-21,9:31:40.552199559,T,TGT,I,14,84.64
2025-11-21,9:31:40.552199559,T,TGT,I,6,84.64
2025-11-21,9:31:40.552358497,T,TGT,I,9,84.67
2025-11-21,9:31:40.552581047,T,TGT,F I,3,84.64
2025-11-21,9:31:40.552584112,T,TGT,F I,3,84.64
2025-11-21,9:31:40.552586979,T,TGT,F I,94,84.64
2025-11-21,9:31:40.553450123,T,TGT,F I,3,84.67
2025-11-21,9:31:40.553453058,T,TGT,F I,39,84.69
2025-11-21,9:31:40.554376715,T,TGT,,100,84.67
2025-11-21,9:31:40.554379891,T,TGT,F I,10,84.7
2025-11-21,9:31:40.554379891,T,TGT,F I,1,84.7
2025-11-21,9:31:40.554661961,T,TGT,,100,84.67
2025-11-21,9:31:40.554797263,T,TGT,,100,84.65
2025-11-21,9:31:40.554803295,T,TGT,I,4,84.65
2025-11-21,9:31:40.558132496,T,TGT,I,3,84.67
2025-11-21,9:31:40.558132496,T,TGT,,100,84.67
2025-11-21,9:31:40.558135294,T,TGT,,100,84.67
2025-11-21,9:31:40.558153271,T,TGT,I,1,84.67
2025-11-21,9:31:40.558183311,T,TGT,I,13,84.64
2025-11-21,9:31:40.558634791,T,TGT,F,100,84.64
2025-11-21,9:31:40.558691561,T,TGT,I,4,84.61
2025-11-21,9:31:40.558715586,T,TGT,I,14,84.61
2025-11-21,9:31:40.559932148,T,TGT,F I,60,84.61
2025-11-21,9:31:40.559934426,T,TGT,F I,4,84.6
2025-11-21,9:31:40.559939592,T,TGT,F I,51,84.6
2025-11-21,9:31:40.559939592,T,TGT,F I,49,84.6
2025-11-21,9:31:40.559939592,T,TGT,F I,4,84.6
2025-11-21,9:31:40.559943406,T,TGT,F I,2,84.6
2025-11-21,9:31:40.559946736,T,TGT,F I,40,84.6
2025-11-21,9:31:40.559946736,T,TGT,F I,60,84.6
2025-11-21,9:31:40.560252300,T,TGT,F,100,84.62
2025-11-21,9:31:40.560255544,T,TGT,F I,13,84.62
2025-11-21,9:31:40.560255544,T,TGT,F I,35,84.62
2025-11-21,9:31:40.560258860,T,TGT,F I,8,84.59
2025-11-21,9:31:40.560258860,T,TGT,F I,16,84.59
2025-11-21,9:31:40.560264843,T,TGT,F,100,84.62
2025-11-21,9:31:40.560264843,T,TGT,F I,38,84.59
2025-11-21,9:31:40.560264843,T,TGT,F I,13,84.6
2025-11-21,9:31:40.560276375,T,TGT,I,13,84.6
2025-11-21,9:31:40.560303368,T,TGT,F I,50,84.6
2025-11-21,9:31:40.560321434,T,TGT,F I,2,84.6
2025-11-21,9:31:40.560342463,T,TGT,I,48,84.6
2025-11-21,9:31:40.560513893,T,TGT,I,17,84.6
2025-11-21,9:31:40.560601259,T,TGT,I,16,84.6
2025-11-21,9:31:40.560601259,T,TGT,I,6,84.6
2025-11-21,9:31:40.560712619,T,TGT,I,9,84.6
2025-11-21,9:31:40.560715367,T,TGT,I,91,84.59
2025-11-21,9:31:40.560868787,T,TGT,I,9,84.59
2025-11-21,9:31:40.563722923,T,TGT,I,62,84.59
2025-11-21,9:31:40.564291286,T,TGT,,100,84.53
2025-11-21,9:31:40.564291286,T,TGT,,100,84.53
2025-11-21,9:31:40.566419950,T,TGT,F I,75,84.505
2025-11-21,9:31:40.566465050,T,TGT,F I,75,84.505
2025-11-21,9:31:40.566516178,T,TGT,F I,75,84.505
2025-11-21,9:31:40.641496982,T,TGT,F I,24,84.53
2025-11-21,9:31:40.641496982,T,TGT,F I,64,84.53
2025-11-21,9:31:40.641499925,T,TGT,F I,16,84.53
2025-11-21,9:31:40.641503261,T,TGT,F I,75,84.54
2025-11-21,9:31:40.641503261,T,TGT,F I,3,84.55
2025-11-21,9:31:40.641506264,T,TGT,F I,3,84.55
2025-11-21,9:31:40.641506264,T,TGT,F I,6,84.55
2025-11-21,9:31:41.959897778,T,TGT,F,100,84.53
2025-11-21,9:31:41.959897778,T,TGT,F,100,84.53
2025-11-21,9:31:41.960144356,T,TGT,F,100,84.53
2025-11-21,9:31:41.960571395,T,TGT,F I,7,84.53
2025-11-21,9:31:41.960577502,T,TGT,F I,2,84.53
2025-11-21,9:31:41.960577502,T,TGT,F I,91,84.53
2025-11-21,9:31:42.375518741,T,TGT,F I,1,84.47
2025-11-21,9:31:42.375521319,T,TGT,F I,1,84.47
2025-11-21,9:31:42.375523923,T,TGT,F,100,84.47
2025-11-21,9:31:42.375523923,T,TGT,F,100,84.47
2025-11-21,9:31:42.375605175,T,TGT,,100,84.49
2025-11-21,9:31:42.375968973,T,TGT,F,100,84.47
2025-11-21,9:31:42.375972038,T,TGT,F,100,84.47
2025-11-21,9:31:42.376297435,T,TGT,F,100,84.47
2025-11-21,9:31:42.376365922,T,TGT,F I,53,84.42
2025-11-21,9:31:42.376420184,T,TGT,I,9,84.46
2025-11-21,9:31:42.376585493,T,TGT,I,70,84.47
2025-11-21,9:31:42.376585493,T,TGT,I,30,84.47
2025-11-21,9:31:42.376856689,T,TGT,F I,9,84.44
2025-11-21,9:31:42.376940334,T,TGT,I,38,84.47
2025-11-21,9:31:42.377406539,T,TGT,F I,51,84.45
2025-11-21,9:31:42.377409431,T,TGT,F I,44,84.45
2025-11-21,9:31:42.377680058,T,TGT,F I,3,84.46
2025-11-21,9:31:42.382985547,T,TGT,I,95,84.45
2025-11-21,9:31:42.382985547,T,TGT,I,22,84.45
2025-11-21,9:31:42.382987752,T,TGT,,100,84.45
2025-11-21,9:31:42.383186194,T,TGT,,100,84.46
2025-11-21,9:31:42.384064311,T,TGT,F,100,84.45
2025-11-21,9:31:42.384064311,T,TGT,F,100,84.45
2025-11-21,9:31:42.442857933,T,TGT,F I,2,84.44
2025-11-21,9:31:42.442857933,T,TGT,F,100,84.44
2025-11-21,9:31:42.442861169,T,TGT,F I,14,84.44
2025-11-21,9:31:42.442861169,T,TGT,F I,86,84.44
2025-11-21,9:31:42.443137105,T,TGT,,100,84.44
2025-11-21,9:31:42.443143005,T,TGT,I,10,84.45
2025-11-21,9:31:42.443389628,T,TGT,I,10,84.45
2025-11-21,9:31:42.443443767,T,TGT,,100,84.44
2025-11-21,9:31:42.443555039,T,TGT,F,100,84.44
2025-11-21,9:31:42.444559400,T,TGT,,100,84.44
2025-11-21,9:31:42.444977444,T,TGT,,100,84.44
2025-11-21,9:31:42.570502882,T,TGT,I,10,84.45
2025-11-21,9:31:42.570505468,T,TGT,I,47,84.46
2025-11-21,9:31:42.976860495,T,TGT,F,100,84.47
2025-11-21,9:31:46.079577412,T,TGT,I,15,84.47
2025-11-21,9:31:49.007111853,T,TGT,F I,10,84.41
2025-11-21,9:31:49.007174945,T,TGT,F,300,84.4
2025-11-21,9:31:49.007183967,T,TGT,I,14,84.42
2025-11-21,9:31:49.007187151,T,TGT,F I,16,84.4
2025-11-21,9:31:49.007187151,T,TGT,F I,5,84.4
2025-11-21,9:31:49.007190294,T,TGT,F I,50,84.4
2025-11-21,9:31:49.007194243,T,TGT,F I,2,84.4
2025-11-21,9:31:49.007194243,T,TGT,F I,1,84.4
2025-11-21,9:31:49.007204994,T,TGT,F I,26,84.4
2025-11-21,9:31:49.007204994,T,TGT,F I,72,84.4
2025-11-21,9:31:49.007208572,T,TGT,F I,28,84.4
2025-11-21,9:31:49.007211589,T,TGT,F I,14,84.4
2025-11-21,9:31:49.007238125,T,TGT,I,14,84.42
2025-11-21,9:31:49.007241129,T,TGT,I,72,84.42
2025-11-21,9:31:49.007362094,T,TGT,F I,14,84.42
2025-11-21,9:31:49.007362094,T,TGT,F,100,84.42
2025-11-21,9:31:49.007364437,T,TGT,F I,14,84.42
2025-11-21,9:31:49.007448575,T,TGT,I,58,84.42
2025-11-21,9:31:49.007448575,T,TGT,I,42,84.42
2025-11-21,9:31:49.007466690,T,TGT,I,30,84.42
2025-11-21,9:31:49.007469686,T,TGT,I,28,84.42
2025-11-21,9:31:49.007472785,T,TGT,I,1,84.42
2025-11-21,9:31:49.007538875,T,TGT,I,13,84.42
2025-11-21,9:31:49.007538875,T,TGT,,100,84.41
2025-11-21,9:31:49.007548426,T,TGT,I,17,84.43
2025-11-21,9:31:49.007602045,T,TGT,I,8,84.41
2025-11-21,9:31:49.007617010,T,TGT,I,14,84.43
2025-11-21,9:31:49.009364145,T,TGT,F I,70,84.43
2025-11-21,9:31:49.009478435,T,TGT,F I,70,84.44
2025-11-21,9:31:51.008298331,T,TGT,I,2,84.47
2025-11-21,9:32:00.257628651,T,TGT,I,64,84.49
2025-11-21,9:32:00.257649715,T,TGT,F I,50,84.49
2025-11-21,9:32:00.259360753,T,TGT,F I,16,84.54
2025-11-21,9:32:00.259366751,T,TGT,F I,5,84.54
2025-11-21,9:32:00.259375743,T,TGT,F I,2,84.54
2025-11-21,9:32:00.259393805,T,TGT,F I,1,84.54
2025-11-21,9:32:00.259787751,T,TGT,F I,1,84.56
2025-11-21,9:32:00.260232784,T,TGT,I,14,84.6
2025-11-21,9:32:00.261186066,T,TGT,I,70,84.59
2025-11-21,9:32:00.261225184,T,TGT,I,30,84.58
2025-11-21,9:32:00.261258470,T,TGT,I,44,84.62
2025-11-21,9:32:00.261258470,T,TGT,I,14,84.62
2025-11-21,9:32:00.261264326,T,TGT,,150,84.63
2025-11-21,9:32:00.263913783,T,TGT,F I,17,84.59
2025-11-21,9:32:00.263913783,T,TGT,F I,25,84.59
2025-11-21,9:32:00.616353616,T,TGT,F I,74,84.56
2025-11-21,9:32:00.616356547,T,TGT,F I,26,84.56
2025-11-21,9:32:00.616359268,T,TGT,F,100,84.56
2025-11-21,9:32:00.616362294,T,TGT,F,322,84.56
2025-11-21,9:32:00.616362294,T,TGT,F,112,84.56
2025-11-21,9:32:00.616365304,T,TGT,F,112,84.56
2025-11-21,9:32:00.616371311,T,TGT,F I,54,84.56
2025-11-21,9:32:00.617357643,T,TGT,I,2,84.54
2025-11-21,9:32:03.303323531,T,TGT,I,2,84.495
2025-11-21,9:32:05.618067126,T,TGT,I,50,84.46
2025-11-21,9:32:05.618071002,T,TGT,I,5,84.45
2025-11-21,9:32:05.618071002,T,TGT,,100,84.45
2025-11-21,9:32:05.618073202,T,TGT,I,2,84.45
2025-11-21,9:32:05.618076077,T,TGT,,250,84.45
2025-11-21,9:32:05.618088101,T,TGT,F I,50,84.45
2025-11-21,9:32:05.618334743,T,TGT,F I,20,84.45
2025-11-21,9:32:05.618337793,T,TGT,F I,80,84.45
2025-11-21,9:32:05.734420350,T,TGT,F,150,84.45
2025-11-21,9:32:05.734423794,T,TGT,F I,70,84.45
2025-11-21,9:32:05.734423794,T,TGT,F I,34,84.46
2025-11-21,9:32:05.734426350,T,TGT,F I,30,84.46
2025-11-21,9:32:05.734441713,T,TGT,F,150,84.46
2025-11-21,9:32:05.734441713,T,TGT,F I,58,84.46
2025-11-21,9:32:05.734444631,T,TGT,F I,12,84.46
2025-11-21,9:32:05.734444631,T,TGT,F,150,84.46
2025-11-21,9:32:05.734510501,T,TGT,,100,84.43
2025-11-21,9:32:05.734528531,T,TGT,I,1,84.445
2025-11-21,9:32:05.734916507,T,TGT,,100,84.43
2025-11-21,9:32:05.734937552,T,TGT,I,74,84.445
2025-11-21,9:32:05.734940577,T,TGT,I,26,84.43
2025-11-21,9:32:05.734982996,T,TGT,F,100,84.46
2025-11-21,9:32:05.734985680,T,TGT,F I,17,84.46
2025-11-21,9:32:05.735037597,T,TGT,I,49,84.435
2025-11-21,9:32:05.735037597,T,TGT,I,51,84.43
2025-11-21,9:32:05.735039920,T,TGT,I,49,84.43
2025-11-21,9:32:05.735043296,T,TGT,I,21,84.43
2025-11-21,9:32:05.735046265,T,TGT,I,17,84.43
2025-11-21,9:32:05.735046265,T,TGT,I,13,84.43
2025-11-21,9:32:05.735085165,T,TGT,I,13,84.43
2025-11-21,9:32:05.735085165,T,TGT,I,89,84.43
2025-11-21,9:32:05.735087849,T,TGT,I,11,84.43
2025-11-21,9:32:05.735090930,T,TGT,F I,4,84.46
2025-11-21,9:32:05.735119151,T,TGT,I,17,84.41
2025-11-21,9:32:05.735124086,T,TGT,,100,84.41
2025-11-21,9:32:05.735127402,T,TGT,I,27,84.41
2025-11-21,9:32:05.735130062,T,TGT,I,21,84.44
2025-11-21,9:32:05.735130062,T,TGT,I,17,84.45
2025-11-21,9:32:05.735133495,T,TGT,F I,13,84.46
2025-11-21,9:32:05.735133495,T,TGT,F I,9,84.46
2025-11-21,9:32:05.735136917,T,TGT,F I,9,84.45
2025-11-21,9:32:05.735136917,T,TGT,F I,4,84.46
2025-11-21,9:32:05.735142398,T,TGT,I,28,84.45
2025-11-21,9:32:05.735142398,T,TGT,F I,17,84.43
2025-11-21,9:32:05.735151175,T,TGT,F I,55,84.43
2025-11-21,9:32:05.735151175,T,TGT,F I,21,84.44
2025-11-21,9:32:05.735154308,T,TGT,F I,7,84.445
2025-11-21,9:32:05.735157142,T,TGT,F I,17,84.445
2025-11-21,9:32:05.735187168,T,TGT,,100,84.43
2025-11-21,9:32:05.735208169,T,TGT,F I,2,84.46
2025-11-21,9:32:05.735274458,T,TGT,,100,84.44
2025-11-21,9:32:05.735278140,T,TGT,I,25,84.44
2025-11-21,9:32:05.735278140,T,TGT,I,9,84.44
2025-11-21,9:32:05.735281209,T,TGT,I,12,84.44
2025-11-21,9:32:05.735337468,T,TGT,I,12,84.44
2025-11-21,9:32:05.735391654,T,TGT,I,5,84.44
2025-11-21,9:32:05.735394676,T,TGT,,100,84.44
2025-11-21,9:32:05.735394676,T,TGT,I,4,84.44
2025-11-21,9:32:05.735503363,T,TGT,I,2,84.44
2025-11-21,9:32:05.735503363,T,TGT,I,2,84.44
2025-11-21,9:32:05.735505900,T,TGT,I,7,84.44
2025-11-21,9:32:05.735511942,T,TGT,I,2,84.44
2025-11-21,9:32:05.735529979,T,TGT,I,34,84.44
2025-11-21,9:32:06.235546256,T,TGT,F I,70,84.45
2025-11-21,9:32:07.683775300,T,TGT,F I,18,84.44
2025-11-21,9:32:07.683781729,T,TGT,F I,1,84.44
2025-11-21,9:32:07.683784755,T,TGT,F I,19,84.44
2025-11-21,9:32:07.683788236,T,TGT,F I,8,84.44
2025-11-21,9:32:07.683791423,T,TGT,F I,2,84.44
2025-11-21,9:32:07.683791423,T,TGT,F I,6,84.44
2025-11-21,9:32:07.683796438,T,TGT,F I,4,84.44
2025-11-21,9:32:07.683796438,T,TGT,F I,49,84.44
2025-11-21,9:32:07.683796438,T,TGT,F,100,84.44
2025-11-21,9:32:07.783884214,T,TGT,,100,84.4
2025-11-21,9:32:07.783886955,T,TGT,,100,84.4
2025-11-21,9:32:07.783907820,T,TGT,I,1,84.4
2025-11-21,9:32:07.783907820,T,TGT,F,121,84.4
2025-11-21,9:32:07.783919944,T,TGT,F I,28,84.4
2025-11-21,9:32:10.873224881,T,TGT,,120,84.32
2025-11-21,9:32:10.873690874,T,TGT,I,6,84.3
2025-11-21,9:32:10.874484800,T,TGT,,100,84.3
2025-11-21,9:32:11.020891565,T,TGT,I,3,84.31
2025-11-21,9:32:11.020912582,T,TGT,F I,47,84.31
2025-11-21,9:32:11.073754490,T,TGT,F I,50,84.32
2025-11-21,9:32:11.073811573,T,TGT,I,16,84.31
2025-11-21,9:32:11.073967950,T,TGT,F I,16,84.32
2025-11-21,9:32:11.074025092,T,TGT,I,16,84.3
2025-11-21,9:32:11.074028107,T,TGT,I,10,84.3
2025-11-21,9:32:11.074052598,T,TGT,F I,22,84.33
2025-11-21,9:32:11.074518346,T,TGT,F I,10,84.32
2025-11-21,9:32:15.024344211,T,TGT,F,100,84.34
2025-11-21,9:32:15.024461553,T,TGT,,100,84.33
2025-11-21,9:32:15.025360611,T,TGT,F I,12,84.33
2025-11-21,9:32:15.025384721,T,TGT,F I,75,84.33
2025-11-21,9:32:22.021837921,T,TGT,F I,75,84.38
2025-11-21,9:32:25.073971247,T,TGT,F I,11,84.32
2025-11-21,9:32:25.073971247,T,TGT,F I,20,84.32
2025-11-21,9:32:25.074046634,T,TGT,F I,81,84.31
2025-11-21,9:32:25.074052487,T,TGT,F I,19,84.31
2025-11-21,9:32:25.074112640,T,TGT,F I,31,84.31
2025-11-21,9:32:25.074121855,T,TGT,F I,11,84.31
2025-11-21,9:32:25.074124600,T,TGT,F I,3,84.31
2025-11-21,9:32:25.074130646,T,TGT,F I,1,84.31
2025-11-21,9:32:25.074136639,T,TGT,F I,1,84.31
2025-11-21,9:32:25.074238843,T,TGT,I,53,84.31
2025-11-21,9:32:25.074635902,T,TGT,F I,3,84.3
2025-11-21,9:32:25.076734813,T,TGT,I,1,84.3
2025-11-21,9:32:26.639497939,T,TGT,F,100,84.29
2025-11-21,9:32:26.639497939,T,TGT,F I,1,84.29
2025-11-21,9:32:26.639546126,T,TGT,I,4,84.28
2025-11-21,9:32:26.639940033,T,TGT,F,100,84.29
2025-11-21,9:32:26.639943489,T,TGT,F I,13,84.29
2025-11-21,9:32:26.639946061,T,TGT,F I,50,84.29
2025-11-21,9:32:26.639946061,T,TGT,F I,15,84.29
2025-11-21,9:32:26.639961108,T,TGT,I,1,84.29
2025-11-21,9:32:26.639967559,T,TGT,F I,11,84.29
2025-11-21,9:32:26.639970093,T,TGT,F,100,84.29
2025-11-21,9:32:26.639982388,T,TGT,I,15,84.29
2025-11-21,9:32:26.640000178,T,TGT,I,13,84.29
2025-11-21,9:32:26.640137081,T,TGT,I,49,84.29
2025-11-21,9:32:26.640137081,T,TGT,,250,84.29
2025-11-21,9:32:26.640141475,T,TGT,I,22,84.29
2025-11-21,9:32:26.640246799,T,TGT,F I,50,84.29
2025-11-21,9:32:26.640412120,T,TGT,I,8,84.29
2025-11-21,9:32:26.640685950,T,TGT,F,100,84.29
2025-11-21,9:32:26.640746408,T,TGT,I,8,84.29
2025-11-21,9:32:26.640749017,T,TGT,I,2,84.29
2025-11-21,9:32:26.642229007,T,TGT,F I,2,84.28
2025-11-21,9:32:26.642231499,T,TGT,F I,27,84.28
2025-11-21,9:32:26.642252550,T,TGT,F,112,84.28
2025-11-21,9:32:26.642264569,T,TGT,F I,2,84.28
2025-11-21,9:32:26.642351739,T,TGT,F I,7,84.28
2025-11-21,9:32:26.647560191,T,TGT,I,22,84.25
2025-11-21,9:32:26.647789076,T,TGT,F I,11,84.27
2025-11-21,9:32:26.647789076,T,TGT,F I,10,84.27
2025-11-21,9:32:26.647791740,T,TGT,F I,11,84.27
2025-11-21,9:32:29.011549145,T,TGT,I,50,84.28
2025-11-21,9:32:29.011552122,T,TGT,I,18,84.28
2025-11-21,9:32:29.011567046,T,TGT,F I,82,84.28
2025-11-21,9:32:29.011567046,T,TGT,I,68,84.28
2025-11-21,9:32:29.012466234,T,TGT,I,75,84.28
2025-11-21,9:32:29.012466234,T,TGT,I,9,84.28
2025-11-21,9:32:31.679414939,T,TGT,I,2,84.305
2025-11-21,9:32:34.492629091,T,TGT,I,75,84.315
2025-11-21,9:32:43.028988046,T,TGT,I,50,84.36
2025-11-21,9:32:43.028988046,T,TGT,I,25,84.36
2025-11-21,9:32:43.029006443,T,TGT,I,1,84.36
2025-11-21,9:32:43.029006443,T,TGT,I,68,84.36
2025-11-21,9:32:43.029015395,T,TGT,F I,75,84.36
2025-11-21,9:32:43.030079566,T,TGT,I,14,84.38
2025-11-21,9:32:43.033267116,T,TGT,,109,84.38
2025-11-21,9:32:43.034448911,T,TGT,F,100,84.39
2025-11-21,9:32:43.034448911,T,TGT,F I,25,84.39
2025-11-21,9:32:43.034470017,T,TGT,I,8,84.39
2025-11-21,9:32:43.034473021,T,TGT,F,100,84.4
2025-11-21,9:32:43.034509083,T,TGT,,100,84.38
2025-11-21,9:32:43.034533148,T,TGT,I,1,84.38
2025-11-21,9:32:43.034554148,T,TGT,F I,75,84.4
2025-11-21,9:32:43.034644914,T,TGT,F I,25,84.4
2025-11-21,9:32:43.034692543,T,TGT,,100,84.39
2025-11-21,9:32:43.034767674,T,TGT,F I,9,84.4
2025-11-21,9:32:43.036376640,T,TGT,F I,68,84.4
2025-11-21,9:32:43.036376640,T,TGT,F I,8,84.4
2025-11-21,9:32:44.150419481,T,TGT,I,70,84.44
2025-11-21,9:32:44.923585655,T,TGT,,100,84.43
2025-11-21,9:32:44.923708893,T,TGT,,100,84.45
2025-11-21,9:32:44.923708893,T,TGT,I,25,84.45
2025-11-21,9:32:44.923729977,T,TGT,I,69,84.45
2025-11-21,9:32:44.923732789,T,TGT,I,1,84.45
2025-11-21,9:32:44.923835097,T,TGT,I,12,84.43
2025-11-21,9:32:44.923838063,T,TGT,,100,84.43
2025-11-21,9:32:44.923895260,T,TGT,I,12,84.45
2025-11-21,9:32:44.923925362,T,TGT,,100,84.43
2025-11-21,9:32:44.923973392,T,TGT,,100,84.43
2025-11-21,9:32:44.923973392,T,TGT,I,12,84.45
2025-11-21,9:32:44.924238068,T,TGT,,100,84.44
2025-11-21,9:32:44.927149105,T,TGT,F,100,84.43
2025-11-21,9:32:44.927149105,T,TGT,F I,9,84.43
2025-11-21,9:32:44.927153178,T,TGT,F I,75,84.43
2025-11-21,9:32:44.927158079,T,TGT,F I,12,84.43
2025-11-21,9:32:44.927158079,T,TGT,F I,32,84.43
2025-11-21,9:32:44.927158079,T,TGT,F I,32,84.43
2025-11-21,9:32:44.927161365,T,TGT,F I,65,84.43
2025-11-21,9:32:44.927161365,T,TGT,F I,35,84.43
2025-11-21,9:32:44.927185294,T,TGT,F,100,84.42
2025-11-21,9:32:44.927413582,T,TGT,F,100,84.42
2025-11-21,9:32:44.927417161,T,TGT,I,25,84.42
2025-11-21,9:32:44.927417161,T,TGT,I,25,84.42
2025-11-21,9:32:44.927422596,T,TGT,I,21,84.43
2025-11-21,9:32:44.927438477,T,TGT,I,8,84.42
2025-11-21,9:32:44.927441219,T,TGT,I,62,84.42
2025-11-21,9:32:44.927489609,T,TGT,F,100,84.42
2025-11-21,9:32:44.927491864,T,TGT,F I,25,84.42
2025-11-21,9:32:44.927557981,T,TGT,I,13,84.42
2025-11-21,9:32:44.927561137,T,TGT,I,75,84.42
2025-11-21,9:32:44.927563945,T,TGT,I,12,84.42
2025-11-21,9:32:44.927579020,T,TGT,I,68,84.42
2025-11-21,9:32:44.927582471,T,TGT,F I,20,84.42
2025-11-21,9:32:44.927585309,T,TGT,F I,62,84.42
2025-11-21,9:32:44.927585309,T,TGT,F I,93,84.42
2025-11-21,9:32:44.927612329,T,TGT,I,7,84.42
2025-11-21,9:32:44.927615072,T,TGT,I,7,84.42
2025-11-21,9:32:44.928210564,T,TGT,F I,1,84.43
2025-11-21,9:32:44.928237710,T,TGT,,100,84.44
2025-11-21,9:32:44.928297761,T,TGT,F I,1,84.44
2025-11-21,9:32:44.928297761,T,TGT,F,100,84.44
2025-11-21,9:32:44.928300752,T,TGT,F I,11,84.44
2025-11-21,9:32:44.928327777,T,TGT,I,84,84.44
2025-11-21,9:32:44.928330854,T,TGT,,100,84.44
2025-11-21,9:32:44.928330854,T,TGT,I,18,84.44
2025-11-21,9:32:44.928881228,T,TGT,F,100,84.43
2025-11-21,9:32:44.928884636,T,TGT,F I,12,84.43
2025-11-21,9:32:44.928884636,T,TGT,F I,88,84.43
2025-11-21,9:32:44.928887088,T,TGT,F I,24,84.43
2025-11-21,9:32:44.928902124,T,TGT,F I,36,84.43
2025-11-21,9:32:44.929151867,T,TGT,F,100,84.43
2025-11-21,9:32:44.930989828,T,TGT,F I,14,84.39
2025-11-21,9:32:44.930992693,T,TGT,F I,11,84.39
2025-11-21,9:32:44.930992693,T,TGT,F,100,84.39
2025-11-21,9:32:44.930995203,T,TGT,F,100,84.39
2025-11-21,9:32:44.930995203,T,TGT,F,100,84.39
2025-11-21,9:32:44.931088510,T,TGT,I,75,84.4
2025-11-21,9:32:44.931091428,T,TGT,I,25,84.41
2025-11-21,9:32:44.931115420,T,TGT,I,1,84.41
2025-11-21,9:32:44.931127478,T,TGT,I,74,84.41
2025-11-21,9:32:44.931127478,T,TGT,I,17,84.41
2025-11-21,9:32:44.931131018,T,TGT,I,83,84.41
2025-11-21,9:32:44.931133493,T,TGT,I,70,84.41
2025-11-21,9:32:44.931140030,T,TGT,I,75,84.4
2025-11-21,9:32:44.931142556,T,TGT,I,99,84.4
2025-11-21,9:32:44.931158485,T,TGT,I,25,84.4
2025-11-21,9:32:44.931158485,T,TGT,I,1,84.4
2025-11-21,9:32:44.931163547,T,TGT,F I,1,84.4
2025-11-21,9:32:44.931163547,T,TGT,F I,21,84.39
2025-11-21,9:32:44.931208656,T,TGT,I,74,84.4
2025-11-21,9:32:44.931331948,T,TGT,I,2,84.38
2025-11-21,9:32:44.931509369,T,TGT,F I,18,84.39
2025-11-21,9:32:44.931512398,T,TGT,F I,3,84.39
2025-11-21,9:32:44.933428451,T,TGT,,127,84.42
2025-11-21,9:32:44.933430913,T,TGT,I,30,84.42
2025-11-21,9:32:44.933430913,T,TGT,I,7,84.42
2025-11-21,9:32:44.933461078,T,TGT,I,70,84.42
2025-11-21,9:32:44.939556865,T,TGT,F,100,84.39
2025-11-21,9:32:44.939556865,T,TGT,F,100,84.38
2025-11-21,9:32:44.939559684,T,TGT,F,300,84.38
2025-11-21,9:32:44.939559684,T,TGT,F I,25,84.38
2025-11-21,9:32:44.939566125,T,TGT,F,100,84.38
2025-11-21,9:32:44.939566125,T,TGT,F I,25,84.38
2025-11-21,9:32:44.939584058,T,TGT,F,100,84.38
2025-11-21,9:32:44.939586730,T,TGT,F,200,84.38
2025-11-21,9:32:44.939586730,T,TGT,F,200,84.38
2025-11-21,9:32:44.939593047,T,TGT,I,1,84.38
2025-11-21,9:32:44.939595605,T,TGT,I,99,84.38
2025-11-21,9:32:44.939658765,T,TGT,I,12,84.39
2025-11-21,9:33:00.848699807,T,TGT,,100,84.42
2025-11-21,9:33:00.848702703,T,TGT,I,50,84.42
2025-11-21,9:33:00.848720755,T,TGT,I,1,84.44
2025-11-21,9:33:00.848739563,T,TGT,I,49,84.44
2025-11-21,9:33:00.848742167,T,TGT,I,33,84.435
2025-11-21,9:33:00.848841143,T,TGT,I,50,84.43
2025-11-21,9:33:00.848841143,T,TGT,I,5,84.43
2025-11-21,9:33:00.848856051,T,TGT,,100,84.45
2025-11-21,9:33:00.848941318,T,TGT,,100,84.44
2025-11-21,9:33:00.849012438,T,TGT,,100,84.43
2025-11-21,9:33:00.849012438,T,TGT,I,1,84.45
2025-11-21,9:33:00.849069609,T,TGT,I,86,84.45
2025-11-21,9:33:00.849111690,T,TGT,I,14,84.45
2025-11-21,9:33:00.849133611,T,TGT,I,1,84.45
2025-11-21,9:33:00.849133611,T,TGT,,100,84.44
2025-11-21,9:33:00.849213898,T,TGT,I,8,84.45
2025-11-21,9:33:00.849216934,T,TGT,I,1,84.45
2025-11-21,9:33:00.849238013,T,TGT,,100,84.45
2025-11-21,9:33:00.849376299,T,TGT,I,2,84.44
2025-11-21,9:33:00.849382365,T,TGT,I,2,84.43
2025-11-21,9:33:00.849382365,T,TGT,I,98,84.43
2025-11-21,9:33:00.849640911,T,TGT,I,2,84.43
2025-11-21,9:33:00.849640911,T,TGT,,100,84.43
2025-11-21,9:33:00.849827827,T,TGT,I,2,84.44
2025-11-21,9:33:00.849827827,T,TGT,I,1,84.44
2025-11-21,9:33:00.849830619,T,TGT,I,62,84.44
2025-11-21,9:33:00.849830619,T,TGT,I,10,84.44
2025-11-21,9:33:00.849858388,T,TGT,I,1,84.44
2025-11-21,9:33:00.849878438,T,TGT,F I,61,84.44
2025-11-21,9:33:00.849981460,T,TGT,I,2,84.44
2025-11-21,9:33:00.849984654,T,TGT,,100,84.44
2025-11-21,9:33:00.849984654,T,TGT,I,2,84.44
2025-11-21,9:33:00.849986712,T,TGT,I,26,84.44
2025-11-21,9:33:00.850291051,T,TGT,I,48,84.44
2025-11-21,9:33:00.850291051,T,TGT,I,59,84.44
2025-11-21,9:33:00.850344641,T,TGT,I,38,84.44
2025-11-21,9:33:00.859615666,T,TGT,F I,2,84.45
2025-11-21,9:33:00.859672793,T,TGT,F I,1,84.44
2025-11-21,9:33:02.983783222,T,TGT,I,10,84.47
2025-11-21,9:33:03.122641955,T,TGT,I,10,84.48
2025-11-21,9:33:03.122660118,T,TGT,I,10,84.48
2025-11-21,9:33:03.122930917,T,TGT,I,16,84.46
2025-11-21,9:33:03.122930917,T,TGT,I,2,84.46
2025-11-21,9:33:03.123381843,T,TGT,F I,3,84.46
2025-11-21,9:33:03.123384827,T,TGT,F I,16,84.46
2025-11-21,9:33:03.123432856,T,TGT,I,13,84.46
2025-11-21,9:33:03.123505080,T,TGT,I,17,84.46
2025-11-21,9:33:03.123565257,T,TGT,I,17,84.46
2025-11-21,9:33:03.123637349,T,TGT,F I,23,84.46
2025-11-21,9:33:03.123721566,T,TGT,I,4,84.45
2025-11-21,9:33:03.688975439,T,TGT,F I,15,84.46
2025-11-21,9:33:03.688975439,T,TGT,F I,4,84.46
2025-11-21,9:33:03.688979182,T,TGT,F I,3,84.46
2025-11-21,9:33:03.688981525,T,TGT,F I,16,84.46
2025-11-21,9:33:03.688984183,T,TGT,F I,8,84.46
2025-11-21,9:33:03.689011353,T,TGT,I,24,84.46
2025-11-21,9:33:03.709892996,T,TGT,,100,84.475
2025-11-21,9:33:03.735980175,T,TGT,,100,84.475
2025-11-21,9:33:03.792517914,T,TGT,F,1000,84.5
2025-11-21,9:33:03.792517914,T,TGT,F I,5,84.5
2025-11-21,9:33:03.792575065,T,TGT,I,1,84.51
2025-11-21,9:33:03.792584006,T,TGT,,150,84.5
2025-11-21,9:33:03.792587231,T,TGT,I,50,84.49
2025-11-21,9:33:03.792599027,T,TGT,I,16,84.49
2025-11-21,9:33:03.792662281,T,TGT,I,84,84.49
2025-11-21,9:33:03.792680237,T,TGT,I,1,84.49
2025-11-21,9:33:03.793080243,T,TGT,,100,84.53
2025-11-21,9:33:03.799653889,T,TGT,I,1,84.51
2025-11-21,9:33:04.333037819,T,TGT,,200,84.57
2025-11-21,9:33:11.091031624,T,TGT,F I,10,84.65
2025-11-21,9:33:11.124035317,T,TGT,F I,2,84.7
2025-11-21,9:33:11.125045709,T,TGT,I,9,84.72
2025-11-21,9:33:12.045289005,T,TGT,F I,75,84.72
2025-11-21,9:33:12.045325120,T,TGT,I,2,84.72
2025-11-21,9:33:15.354519797,T,TGT,,127,84.705
2025-11-21,9:33:15.355698598,T,TGT,,127,84.705
2025-11-21,9:33:15.359547945,T,TGT,I,2,84.68
2025-11-21,9:33:15.359550788,T,TGT,I,2,84.68
2025-11-21,9:33:15.359998849,T,TGT,F I,2,84.66
2025-11-21,9:33:15.359998849,T,TGT,F,100,84.66
2025-11-21,9:33:18.438092972,T,TGT,I,1,84.66
2025-11-21,9:33:18.438462872,T,TGT,I,51,84.66
2025-11-21,9:33:18.438613313,T,TGT,I,75,84.66
2025-11-21,9:33:18.438739561,T,TGT,I,16,84.66
2025-11-21,9:33:18.445806404,T,TGT,I,6,84.65
2025-11-21,9:33:18.545021742,T,TGT,I,37,84.61
2025-11-21,9:33:18.545024747,T,TGT,,100,84.61
2025-11-21,9:33:18.545042794,T,TGT,I,1,84.61
2025-11-21,9:33:18.645130272,T,TGT,,100,84.6
2025-11-21,9:33:18.645133276,T,TGT,,100,84.6
2025-11-21,9:33:31.299914766,T,TGT,I,25,84.61
2025-11-21,9:33:31.299914766,T,TGT,I,37,84.61
2025-11-21,9:33:32.777466816,T,TGT,I,51,84.63
2025-11-21,9:33:32.824071866,T,TGT,I,50,84.6
2025-11-21,9:33:32.824071866,T,TGT,I,1,84.6
2025-11-21,9:33:33.738884821,T,TGT,F I,70,84.61
2025-11-21,9:33:33.899190213,T,TGT,F,100,84.59
2025-11-21,9:33:33.899190213,T,TGT,I,70,84.59
2025-11-21,9:33:37.144002061,T,TGT,I,50,84.62
2025-11-21,9:33:37.144005085,T,TGT,I,70,84.61
2025-11-21,9:33:37.144008599,T,TGT,I,30,84.61
2025-11-21,9:33:37.144091934,T,TGT,,100,84.6
2025-11-21,9:33:37.144112900,T,TGT,I,1,84.6
2025-11-21,9:33:37.144182046,T,TGT,I,18,84.62
2025-11-21,9:33:37.144185213,T,TGT,I,18,84.62
2025-11-21,9:33:37.144212110,T,TGT,I,82,84.62
2025-11-21,9:33:37.144233609,T,TGT,I,18,84.6
2025-11-21,9:33:37.144287536,T,TGT,I,18,84.61
2025-11-21,9:33:37.144551920,T,TGT,I,3,84.61
2025-11-21,9:33:37.144551920,T,TGT,I,1,84.61
2025-11-21,9:33:37.144735366,T,TGT,I,22,84.62
2025-11-21,9:33:37.144762476,T,TGT,I,1,84.62
2025-11-21,9:33:37.144783498,T,TGT,F I,77,84.62
2025-11-21,9:33:37.144837602,T,TGT,,100,84.62
2025-11-21,9:33:37.144915862,T,TGT,I,37,84.62
2025-11-21,9:33:37.144915862,T,TGT,I,3,84.63
2025-11-21,9:33:37.144948922,T,TGT,I,18,84.61
2025-11-21,9:33:37.144952387,T,TGT,I,43,84.6
2025-11-21,9:33:37.144954996,T,TGT,,100,84.59
2025-11-21,9:33:37.144954996,T,TGT,I,2,84.59
2025-11-21,9:33:37.144957918,T,TGT,I,39,84.59
2025-11-21,9:33:37.376236349,T,TGT,F I,43,84.63
2025-11-21,9:33:37.376239315,T,TGT,F I,18,84.63
2025-11-21,9:33:37.376239315,T,TGT,F I,35,84.63
2025-11-21,9:33:39.987885893,T,TGT,I,50,84.65
2025-11-21,9:33:39.987903972,T,TGT,I,2,84.66
2025-11-21,9:33:39.987906961,T,TGT,I,2,84.66
2025-11-21,9:33:39.987928009,T,TGT,I,4,84.66
2025-11-21,9:33:39.988249737,T,TGT,I,2,84.65
2025-11-21,9:33:39.988252839,T,TGT,I,4,84.65
2025-11-21,9:33:39.988252839,T,TGT,I,61,84.65
2025-11-21,9:33:39.988950486,T,TGT,I,2,84.66
2025-11-21,9:33:39.989642163,T,TGT,F I,2,84.65
2025-11-21,9:33:39.989645142,T,TGT,F I,2,84.65
2025-11-21,9:33:39.989867696,T,TGT,F I,2,84.64
2025-11-21,9:33:40.058930173,T,TGT,F I,70,84.67
2025-11-21,9:33:40.058930173,T,TGT,F I,30,84.68
2025-11-21,9:33:40.058942204,T,TGT,F I,19,84.68
2025-11-21,9:33:40.058951239,T,TGT,I,18,84.68
2025-11-21,9:33:40.058966213,T,TGT,I,30,84.68
2025-11-21,9:33:40.058966213,T,TGT,I,22,84.68
2025-11-21,9:33:40.058972273,T,TGT,I,37,84.68
2025-11-21,9:33:40.058972273,T,TGT,F I,70,84.68
2025-11-21,9:33:40.058975334,T,TGT,I,43,84.68
2025-11-21,9:33:40.059017333,T,TGT,,100,84.67
2025-11-21,9:33:40.059035472,T,TGT,I,13,84.67
2025-11-21,9:33:44.366774010,T,TGT,I,10,84.65
2025-11-21,9:33:45.754192256,T,TGT,F I,13,84.68
2025-11-21,9:33:45.754195260,T,TGT,F I,2,84.68
2025-11-21,9:33:45.754198506,T,TGT,F I,9,84.68
2025-11-21,9:33:45.754198506,T,TGT,F I,75,84.68
2025-11-21,9:33:45.754202013,T,TGT,F I,2,84.68
2025-11-21,9:33:45.754202013,T,TGT,F I,75,84.68
2025-11-21,9:33:45.754205298,T,TGT,F,200,84.68
2025-11-21,9:33:45.754205298,T,TGT,F I,7,84.68
2025-11-21,9:33:45.754207657,T,TGT,F I,68,84.68
2025-11-21,9:33:45.754210409,T,TGT,F I,2,84.68
2025-11-21,9:33:47.042070518,T,TGT,I,4,84.74
2025-11-21,9:33:47.042073593,T,TGT,F I,4,84.74
2025-11-21,9:33:47.042112656,T,TGT,I,1,84.75
2025-11-21,9:33:47.042115692,T,TGT,I,1,84.75
2025-11-21,9:33:47.042115692,T,TGT,I,2,84.75
2025-11-21,9:33:47.078183572,T,TGT,F I,1,84.77
2025-11-21,9:33:47.078655731,T,TGT,F I,28,84.77
2025-11-21,9:33:47.078664740,T,TGT,F I,72,84.77
2025-11-21,9:33:47.078668297,T,TGT,F I,19,84.75
2025-11-21,9:33:47.078670724,T,TGT,F I,7,84.75
2025-11-21,9:33:47.078670724,T,TGT,F I,2,84.75
2025-11-21,9:33:47.078673950,T,TGT,F I,2,84.75
2025-11-21,9:33:47.078676736,T,TGT,F,148,84.75
2025-11-21,9:33:47.078728567,T,TGT,I,19,84.77
2025-11-21,9:33:47.078730824,T,TGT,I,82,84.77
2025-11-21,9:33:47.078887189,T,TGT,F I,28,84.75
2025-11-21,9:33:47.079224222,T,TGT,I,19,84.77
2025-11-21,9:33:47.079230087,T,TGT,I,13,84.77
2025-11-21,9:33:50.615005917,T,TGT,F I,10,84.8
2025-11-21,9:33:50.615005917,T,TGT,F,290,84.8
2025-11-21,9:33:50.615026640,T,TGT,I,10,84.8
2025-11-21,9:33:50.615026640,T,TGT,I,27,84.8
2025-11-21,9:33:50.615029611,T,TGT,I,31,84.8
2025-11-21,9:33:50.615032636,T,TGT,I,1,84.8
2025-11-21,9:33:50.619095333,T,TGT,I,70,84.79
2025-11-21,9:33:50.646686042,T,TGT,I,2,84.79
2025-11-21,9:33:50.717477667,T,TGT,I,2,84.79
2025-11-21,9:33:50.727942604,T,TGT,F I,50,84.79
2025-11-21,9:33:50.728098952,T,TGT,F I,2,84.79
2025-11-21,9:33:50.728120010,T,TGT,F I,4,84.79
2025-11-21,9:33:50.728122998,T,TGT,F I,4,84.79
2025-11-21,9:33:50.728595208,T,TGT,F I,31,84.77
2025-11-21,9:33:50.728598132,T,TGT,F,100,84.77
2025-11-21,9:33:50.729353337,T,TGT,F I,9,84.74
2025-11-21,9:33:52.218389560,T,TGT,F I,1,84.71
2025-11-21,9:33:52.218389560,T,TGT,F I,2,84.71
2025-11-21,9:33:52.218410432,T,TGT,F,150,84.7
2025-11-21,9:33:52.218978719,T,TGT,I,24,84.73
2025-11-21,9:33:52.218981739,T,TGT,I,31,84.73
2025-11-21,9:33:52.218981739,T,TGT,I,4,84.73
2025-11-21,9:33:53.715803784,T,TGT,F I,30,84.765
2025-11-21,9:33:53.715803784,T,TGT,F I,8,84.765
2025-11-21,9:34:11.029530453,T,TGT,F I,50,84.75
2025-11-21,9:34:11.029533489,T,TGT,F I,24,84.75
2025-11-21,9:34:15.298464603,T,TGT,F I,10,84.68
2025-11-21,9:34:15.298464603,T,TGT,F I,2,84.68
2025-11-21,9:34:15.298467620,T,TGT,F,102,84.68
2025-11-21,9:34:15.298482687,T,TGT,F,198,84.68
2025-11-21,9:34:15.299243515,T,TGT,I,30,84.665
2025-11-21,9:34:15.301351497,T,TGT,,100,84.67
2025-11-21,9:34:15.861198322,T,TGT,,100,84.675
2025-11-21,9:34:16.237132866,T,TGT,,100,84.68
2025-11-21,9:34:16.467695140,T,TGT,I,25,84.75
2025-11-21,9:34:22.986848251,T,TGT,,100,84.78
2025-11-21,9:34:22.986851353,T,TGT,I,1,84.79
2025-11-21,9:34:23.018294165,T,TGT,F,101,84.78
2025-11-21,9:34:27.603221172,T,TGT,I,3,84.71
2025-11-21,9:34:27.603221172,T,TGT,I,50,84.71
2025-11-21,9:34:36.955748191,T,TGT,F,100,84.63
2025-11-21,9:34:39.214074220,T,TGT,I,75,84.665
2025-11-21,9:34:39.214083260,T,TGT,I,25,84.665
2025-11-21,9:34:39.717650913,T,TGT,I,51,84.72
2025-11-21,9:34:39.717687071,T,TGT,,100,84.68
2025-11-21,9:34:44.796640377,T,TGT,F I,20,84.61
2025-11-21,9:34:44.796640377,T,TGT,F I,50,84.61
2025-11-21,9:34:44.796974066,T,TGT,F,100,84.59
2025-11-21,9:34:44.796976658,T,TGT,F,600,84.59
2025-11-21,9:34:55.163285128,T,TGT,F I,75,84.65
2025-11-21,9:34:55.163312223,T,TGT,I,75,84.65
2025-11-21,9:34:55.163345319,T,TGT,F I,50,84.65
2025-11-21,9:34:55.167657629,T,TGT,,154,84.65
2025-11-21,9:34:55.170715942,T,TGT,I,46,84.65
2025-11-21,9:34:55.225861482,T,TGT,F,100,84.65
2025-11-21,9:34:55.236659947,T,TGT,I,59,84.65
2025-11-21,9:34:58.300403957,T,TGT,I,2,84.72
2025-11-21,9:34:58.300731678,T,TGT,F I,25,84.75
2025-11-21,9:34:58.301540627,T,TGT,I,50,84.76
2025-11-21,9:35:00.034367881,T,TGT,F,100,84.7
2025-11-21,9:35:00.034370846,T,TGT,F I,50,84.7
2025-11-21,9:35:00.040060423,T,TGT,,100,84.69
2025-11-21,9:35:00.060800930,T,TGT,,100,84.69
2025-11-21,9:35:00.060824881,T,TGT,I,1,84.69
2025-11-21,9:35:00.060839978,T,TGT,I,99,84.69
2025-11-21,9:35:00.061113489,T,TGT,,100,84.68
2025-11-21,9:35:00.061116508,T,TGT,I,14,84.68
2025-11-21,9:35:00.061137567,T,TGT,I,1,84.68
2025-11-21,9:35:00.061245812,T,TGT,I,69,84.68
2025-11-21,9:35:00.063251578,T,TGT,F I,31,84.68
2025-11-21,9:35:00.067846550,T,TGT,F I,20,84.72
2025-11-21,9:35:00.067849803,T,TGT,F I,14,84.72
2025-11-21,9:35:00.070721484,T,TGT,,100,84.69
2025-11-21,9:35:00.439255440,T,TGT,I,40,84.68
2025-11-21,9:35:00.439258429,T,TGT,I,20,84.68
2025-11-21,9:35:00.440151524,T,TGT,I,30,84.67
2025-11-21,9:35:01.084920578,T,TGT,I,4,84.68
2025-11-21,9:35:01.296489663,T,TGT,I,14,84.66
2025-11-21,9:35:02.610322691,T,TGT,F I,17,84.62
2025-11-21,9:35:04.188377135,T,TGT,F I,2,84.62
2025-11-21,9:35:18.330616434,T,TGT,F I,50,84.73
2025-11-21,9:35:18.330616434,T,TGT,F I,1,84.73
2025-11-21,9:35:18.338297468,T,TGT,F,200,84.71
2025-11-21,9:35:18.338297468,T,TGT,F I,2,84.71
2025-11-21,9:35:18.338299592,T,TGT,F,202,84.71
2025-11-21,9:35:18.338302988,T,TGT,,202,84.71
2025-11-21,9:35:18.338306111,T,TGT,,200,84.71
2025-11-21,9:35:18.338309415,T,TGT,I,2,84.71
2025-11-21,9:35:18.338309415,T,TGT,,202,84.71
2025-11-21,9:35:18.338317797,T,TGT,I,1,84.71
2025-11-21,9:35:18.338320702,T,TGT,I,42,84.71
2025-11-21,9:35:18.338392857,T,TGT,,100,84.71
2025-11-21,9:35:18.338422886,T,TGT,I,57,84.71
2025-11-21,9:35:18.338434965,T,TGT,F I,92,84.71
2025-11-21,9:35:18.551306175,T,TGT,,100,84.69
2025-11-21,9:35:20.551864175,T,TGT,I,75,84.69
2025-11-21,9:35:20.551867106,T,TGT,I,60,84.69
2025-11-21,9:35:22.017700266,T,TGT,I,75,84.685
2025-11-21,9:35:24.043539655,T,TGT,F,100,84.71
2025-11-21,9:35:24.058518341,T,TGT,F I,56,84.75
2025-11-21,9:35:26.410698027,T,TGT,F I,50,84.73
2025-11-21,9:35:26.410698027,T,TGT,F I,2,84.73
2025-11-21,9:35:32.610851175,T,TGT,I,1,84.71
2025-11-21,9:35:32.610911311,T,TGT,I,50,84.7
2025-11-21,9:35:32.610914362,T,TGT,I,13,84.7
2025-11-21,9:35:32.611124891,T,TGT,I,50,84.7
2025-11-21,9:35:35.776384664,T,TGT,F I,13,84.71
2025-11-21,9:35:35.776387882,T,TGT,F,100,84.71
2025-11-21,9:35:35.776387882,T,TGT,F I,7,84.71
2025-11-21,9:35:35.776393662,T,TGT,F I,1,84.71
2025-11-21,9:35:35.776393662,T,TGT,F,100,84.72
2025-11-21,9:35:35.776814735,T,TGT,I,70,84.71
2025-11-21,9:35:35.776823664,T,TGT,I,30,84.71
2025-11-21,9:35:35.777227411,T,TGT,,628,84.72
2025-11-21,9:35:35.777229691,T,TGT,,100,84.72
2025-11-21,9:35:35.777241744,T,TGT,I,36,84.72
2025-11-21,9:35:35.777247666,T,TGT,F,431,84.72
2025-11-21,9:35:35.796761248,T,TGT,I,20,84.72
2025-11-21,9:35:36.247020912,T,TGT,F,370,84.72
2025-11-21,9:35:36.247075007,T,TGT,,100,84.71
2025-11-21,9:35:36.247075007,T,TGT,,100,84.71
2025-11-21,9:35:39.538524465,T,TGT,F,100,84.71
2025-11-21,9:35:46.390318059,T,TGT,,100,84.66
2025-11-21,9:35:51.349125802,T,TGT,F,100,84.69
2025-11-21,9:35:51.349125802,T,TGT,F I,20,84.69
2025-11-21,9:35:51.349128695,T,TGT,F I,80,84.69
2025-11-21,9:35:51.351302825,T,TGT,F,1549,84.71
2025-11-21,9:35:51.351321017,T,TGT,F,851,84.71
2025-11-21,9:35:51.351335965,T,TGT,I,70,84.69
2025-11-21,9:35:51.351335965,T,TGT,I,32,84.69
2025-11-21,9:35:51.351429129,T,TGT,I,75,84.71
2025-11-21,9:35:51.351429129,T,TGT,I,25,84.7
2025-11-21,9:35:51.351447409,T,TGT,F I,60,84.7
2025-11-21,9:35:51.351447409,T,TGT,F I,6,84.7
2025-11-21,9:35:51.351477414,T,TGT,I,9,84.7
2025-11-21,9:35:51.351540610,T,TGT,I,70,84.7
2025-11-21,9:35:51.351540610,T,TGT,,100,84.69
2025-11-21,9:35:51.351546414,T,TGT,I,30,84.69
2025-11-21,9:35:51.351567474,T,TGT,I,1,84.69
2025-11-21,9:35:51.590071753,T,TGT,F I,75,84.69
2025-11-21,9:35:51.590122834,T,TGT,F I,25,84.69
2025-11-21,9:35:53.014875070,T,TGT,I,2,84.69
2025-11-21,9:35:53.125980821,T,TGT,,100,84.68
2025-11-21,9:35:53.125984518,T,TGT,I,25,84.68
2025-11-21,9:35:53.125984518,T,TGT,I,32,84.68
2025-11-21,9:35:53.125984518,T,TGT,I,6,84.68
2025-11-21,9:35:53.125987011,T,TGT,,100,84.68
2025-11-21,9:36:02.269248407,T,TGT,F I,3,84.64
2025-11-21,9:36:02.269248407,T,TGT,F I,5,84.63
2025-11-21,9:36:02.269449923,T,TGT,F I,3,84.63
2025-11-21,9:36:02.271013526,T,TGT,F I,14,84.59
2025-11-21,9:36:02.291035963,T,TGT,I,31,84.61
2025-11-21,9:36:02.291035963,T,TGT,I,1,84.61
2025-11-21,9:36:02.291059692,T,TGT,F I,8,84.61
2025-11-21,9:36:02.291062338,T,TGT,F,100,84.61
2025-11-21,9:36:02.291065471,T,TGT,F I,25,84.61
2025-11-21,9:36:02.291068962,T,TGT,F I,60,84.61
2025-11-21,9:36:02.291068962,T,TGT,F I,6,84.61
2025-11-21,9:36:02.291071388,T,TGT,I,58,84.61
2025-11-21,9:36:04.777343587,T,TGT,F,100,84.69
2025-11-21,9:36:04.777343587,T,TGT,F I,53,84.69
2025-11-21,9:36:04.777809642,T,TGT,,130,84.68
2025-11-21,9:36:04.877473106,T,TGT,,2600,84.71
2025-11-21,9:36:04.877476095,T,TGT,,200,84.71
2025-11-21,9:36:04.877497121,T,TGT,F I,47,84.72
2025-11-21,9:36:04.879163064,T,TGT,F I,36,84.75
2025-11-21,9:36:05.154300599,T,TGT,F I,96,84.8
2025-11-21,9:36:11.239901987,T,TGT,,100,84.83
2025-11-21,9:36:11.239901987,T,TGT,I,13,84.83
2025-11-21,9:36:11.240725498,T,TGT,F I,2,84.84
2025-11-21,9:36:11.241946513,T,TGT,,100,84.81
2025-11-21,9:36:11.242099781,T,TGT,I,1,84.81
2025-11-21,9:36:11.242102807,T,TGT,F I,50,84.81
2025-11-21,9:36:11.242102807,T,TGT,F I,25,84.81
2025-11-21,9:36:11.242346436,T,TGT,I,1,84.81
2025-11-21,9:36:11.242358477,T,TGT,F I,75,84.81
2025-11-21,9:36:11.242466697,T,TGT,F I,24,84.81
2025-11-21,9:36:11.242466697,T,TGT,F I,75,84.81
2025-11-21,9:36:11.242553894,T,TGT,F I,50,84.82
2025-11-21,9:36:11.242559911,T,TGT,F I,2,84.8
2025-11-21,9:36:11.242611027,T,TGT,F I,50,84.8
2025-11-21,9:36:11.242674183,T,TGT,F I,30,84.81
2025-11-21,9:36:11.242746390,T,TGT,F I,2,84.82
2025-11-21,9:36:11.242938870,T,TGT,F I,30,84.81
2025-11-21,9:36:11.244144681,T,TGT,F I,60,84.82
2025-11-21,9:36:11.247010567,T,TGT,F,100,84.815
2025-11-21,9:36:11.247010567,T,TGT,F I,12,84.81
2025-11-21,9:36:11.247031617,T,TGT,F I,88,84.81
2025-11-21,9:36:11.247034951,T,TGT,F,100,84.81
2025-11-21,9:36:11.247040604,T,TGT,I,52,84.82
2025-11-21,9:36:11.247058653,T,TGT,F I,48,84.82
2025-11-21,9:36:13.085816275,T,TGT,,100,84.81
2025-11-21,9:36:13.085819297,T,TGT,I,2,84.81
2025-11-21,9:36:13.085831510,T,TGT,I,1,84.81
2025-11-21,9:36:13.085876423,T,TGT,I,50,84.81
2025-11-21,9:36:20.982404442,T,TGT,I,1,84.85
2025-11-21,9:36:20.982404442,T,TGT,I,1,84.85
2025-11-21,9:36:20.982409792,T,TGT,,300,84.85
2025-11-21,9:36:20.982412931,T,TGT,,100,84.85
2025-11-21,9:36:20.982415810,T,TGT,I,1,84.85
2025-11-21,9:36:20.982415810,T,TGT,I,19,84.85
2025-11-21,9:36:20.982418742,T,TGT,,100,84.85
2025-11-21,9:36:20.982725562,T,TGT,,100,84.85
2025-11-21,9:36:20.983236833,T,TGT,F I,2,84.88
2025-11-21,9:36:20.983239704,T,TGT,F,100,84.88
2025-11-21,9:36:20.983254783,T,TGT,F I,12,84.88
2025-11-21,9:36:20.983260800,T,TGT,I,58,84.88
2025-11-21,9:36:20.983513435,T,TGT,,100,84.88
2025-11-21,9:36:20.984262131,T,TGT,F,100,84.88
2025-11-21,9:36:20.984322279,T,TGT,I,98,84.89
2025-11-21,9:36:21.307743629,T,TGT,F I,86,84.89
2025-11-21,9:36:21.307763847,T,TGT,I,1,84.89
2025-11-21,9:36:21.311586024,T,TGT,I,3,84.88
2025-11-21,9:36:21.311619015,T,TGT,I,4,84.88
2025-11-21,9:36:21.363691268,T,TGT,F I,98,84.87
2025-11-21,9:36:21.363691268,T,TGT,F I,2,84.87
2025-11-21,9:36:21.363697117,T,TGT,F,100,84.87
2025-11-21,9:36:21.363697117,T,TGT,F I,41,84.87
2025-11-21,9:36:21.363751209,T,TGT,I,62,84.86
2025-11-21,9:36:21.364481981,T,TGT,I,25,84.85
2025-11-21,9:36:24.656298392,T,TGT,F I,70,84.86
2025-11-21,9:36:24.656319420,T,TGT,F I,30,84.86
2025-11-21,9:36:24.656319420,T,TGT,F I,3,84.86
2025-11-21,9:36:24.656322471,T,TGT,F,100,84.86
2025-11-21,9:36:24.656325462,T,TGT,F I,24,84.86
2025-11-21,9:36:24.657122295,T,TGT,F I,81,84.86
2025-11-21,9:36:26.869372821,T,TGT,F,100,84.88
2025-11-21,9:36:28.809790841,T,TGT,F,100,84.84
2025-11-21,9:36:28.809793818,T,TGT,F I,15,84.84
2025-11-21,9:36:28.809793818,T,TGT,F I,27,84.84
2025-11-21,9:36:29.337484668,T,TGT,I,45,84.82
2025-11-21,9:36:29.337743558,T,TGT,F I,33,84.81
2025-11-21,9:36:29.337743558,T,TGT,F I,12,84.81
2025-11-21,9:36:29.338065105,T,TGT,,100,84.8
2025-11-21,9:36:29.338086480,T,TGT,I,1,84.8
2025-11-21,9:36:29.338089087,T,TGT,I,68,84.8
2025-11-21,9:36:29.338251547,T,TGT,F,113,84.8
2025-11-21,9:36:29.338480094,T,TGT,F I,18,84.8
2025-11-21,9:36:29.338480094,T,TGT,F,100,84.8
2025-11-21,9:36:32.988726461,T,TGT,F I,75,84.75
2025-11-21,9:36:32.988744537,T,TGT,I,1,84.75
2025-11-21,9:36:32.988786555,T,TGT,F,150,84.75
2025-11-21,9:36:32.989727899,T,TGT,I,60,84.75
2025-11-21,9:36:32.991565317,T,TGT,I,89,84.75
2025-11-21,9:36:32.991565317,T,TGT,I,22,84.74
2025-11-21,9:36:32.991589213,T,TGT,F I,78,84.74
2025-11-21,9:36:32.991589213,T,TGT,F I,11,84.74
2025-11-21,9:36:36.706393635,T,TGT,F I,17,84.77
2025-11-21,9:36:36.706393635,T,TGT,F I,5,84.77
2025-11-21,9:36:36.706399491,T,TGT,F I,78,84.77
2025-11-21,9:36:36.706402402,T,TGT,F,100,84.77
2025-11-21,9:36:36.707536163,T,TGT,I,75,84.79
2025-11-21,9:36:41.950562991,T,TGT,I,3,84.795
2025-11-21,9:36:49.364133899,T,TGT,I,45,84.79
2025-11-21,9:36:50.318129575,T,TGT,,200,84.79
2025-11-21,9:36:52.019159065,T,TGT,F,100,84.82
2025-11-21,9:36:52.019159065,T,TGT,F,100,84.82
2025-11-21,9:36:55.631394686,T,TGT,F I,40,84.84
2025-11-21,9:36:56.634223777,T,TGT,I,11,84.84
2025-11-21,9:36:56.634226807,T,TGT,I,3,84.83
2025-11-21,9:36:58.001187440,T,TGT,I,11,84.83
2025-11-21,9:37:00.987963091,T,TGT,F,100,84.85
2025-11-21,9:37:05.838452657,T,TGT,I,2,84.88
2025-11-21,9:37:05.838455632,T,TGT,I,21,84.88
2025-11-21,9:37:05.838780536,T,TGT,I,30,84.86
2025-11-21,9:37:05.838783439,T,TGT,I,2,84.86
2025-11-21,9:37:05.838789454,T,TGT,I,32,84.87
2025-11-21,9:37:05.839767083,T,TGT,F I,37,84.84
2025-11-21,9:37:05.839767083,T,TGT,F I,18,84.84
2025-11-21,9:37:05.839772749,T,TGT,F,100,84.84
2025-11-21,9:37:05.839775917,T,TGT,F I,52,84.84
2025-11-21,9:37:05.839775917,T,TGT,F,121,84.83
2025-11-21,9:37:05.839782125,T,TGT,F I,30,84.84
2025-11-21,9:37:05.839815610,T,TGT,I,5,84.82
2025-11-21,9:37:05.839815610,T,TGT,I,5,84.82
2025-11-21,9:37:05.839817926,T,TGT,I,5,84.82
2025-11-21,9:37:05.839820854,T,TGT,I,3,84.82
2025-11-21,9:37:05.840326510,T,TGT,I,37,84.8
2025-11-21,9:37:05.840326510,T,TGT,I,45,84.8
2025-11-21,9:37:05.840329092,T,TGT,I,30,84.8
2025-11-21,9:37:05.840347225,T,TGT,I,1,84.8
2025-11-21,9:37:05.840380248,T,TGT,I,3,84.8
2025-11-21,9:37:05.985523953,T,TGT,F I,4,84.8
2025-11-21,9:37:05.985575139,T,TGT,F I,27,84.79
2025-11-21,9:37:05.986645800,T,TGT,I,1,84.79
2025-11-21,9:37:05.986649256,T,TGT,I,1,84.79
2025-11-21,9:37:05.986649256,T,TGT,I,1,84.79
2025-11-21,9:37:05.986652100,T,TGT,I,1,84.79
2025-11-21,9:37:05.986652100,T,TGT,I,95,84.79
2025-11-21,9:37:05.986655340,T,TGT,I,1,84.79
2025-11-21,9:37:05.986657762,T,TGT,I,27,84.79
2025-11-21,9:37:10.989165494,T,TGT,I,29,84.78
2025-11-21,9:37:14.775846713,T,TGT,F I,75,84.76
2025-11-21,9:37:14.775885902,T,TGT,,129,84.76
2025-11-21,9:37:14.775915867,T,TGT,F I,44,84.76
2025-11-21,9:37:14.775952010,T,TGT,F,145,84.76
2025-11-21,9:37:14.775985471,T,TGT,F I,7,84.76
2025-11-21,9:37:14.775988601,T,TGT,F I,8,84.75
2025-11-21,9:37:14.775991548,T,TGT,F,500,84.75
2025-11-21,9:37:14.775991548,T,TGT,F,100,84.75
2025-11-21,9:37:14.775994052,T,TGT,F I,93,84.75
2025-11-21,9:37:14.776177490,T,TGT,I,7,84.75
2025-11-21,9:37:17.703152650,T,TGT,,100,84.76
2025-11-21,9:37:17.703152650,T,TGT,I,1,84.76
2025-11-21,9:37:17.703168038,T,TGT,F I,1,84.76
2025-11-21,9:37:17.703170951,T,TGT,I,68,84.76
2025-11-21,9:37:17.703173693,T,TGT,I,1,84.76
2025-11-21,9:37:21.584523893,T,TGT,I,75,84.79
2025-11-21,9:37:21.584523893,T,TGT,I,19,84.79
2025-11-21,9:37:21.585173234,T,TGT,I,60,84.82
2025-11-21,9:37:21.834054952,T,TGT,F I,10,84.81
2025-11-21,9:37:32.467652309,T,TGT,I,22,84.79
2025-11-21,9:37:32.467655439,T,TGT,I,1,84.79
2025-11-21,9:37:32.467658242,T,TGT,I,2,84.79
2025-11-21,9:37:32.467946928,T,TGT,I,1,84.78
2025-11-21,9:37:32.467949857,T,TGT,I,1,84.78
2025-11-21,9:37:32.467949857,T,TGT,I,2,84.78
2025-11-21,9:37:32.467952920,T,TGT,I,1,84.78
2025-11-21,9:37:32.468055125,T,TGT,I,2,84.77
2025-11-21,9:37:32.497447208,T,TGT,I,13,84.78
2025-11-21,9:37:32.498226065,T,TGT,F I,75,84.8
2025-11-21,9:37:44.202996075,T,TGT,I,1,84.83
2025-11-21,9:37:44.203017130,T,TGT,I,1,84.83
2025-11-21,9:37:44.204022080,T,TGT,F,200,84.83
2025-11-21,9:37:44.204022080,T,TGT,F I,13,84.82
2025-11-21,9:37:44.204024513,T,TGT,F I,4,84.82
2025-11-21,9:37:44.204027531,T,TGT,F I,30,84.82
2025-11-21,9:37:44.205315493,T,TGT,I,40,84.82
2025-11-21,9:37:44.205317677,T,TGT,I,6,84.83
2025-11-21,9:37:44.207299377,T,TGT,I,1,84.83
2025-11-21,9:37:44.214077566,T,TGT,I,1,84.83
2025-11-21,9:37:44.214077566,T,TGT,I,1,84.83
2025-11-21,9:37:45.023775258,T,TGT,I,19,84.83
2025-11-21,9:37:45.023777568,T,TGT,I,81,84.84
2025-11-21,9:37:45.023798542,T,TGT,I,1,84.84
2025-11-21,9:37:45.030949608,T,TGT,I,18,84.84
2025-11-21,9:37:45.034781435,T,TGT,,100,84.82
2025-11-21,9:37:45.034781435,T,TGT,I,37,84.82
2025-11-21,9:37:45.034784055,T,TGT,I,39,84.82
2025-11-21,9:37:45.034784055,T,TGT,,100,84.82
2025-11-21,9:37:45.034804805,T,TGT,,100,84.82
2025-11-21,9:37:45.147230677,T,TGT,F I,39,84.82
2025-11-21,9:37:45.147230677,T,TGT,F I,39,84.82
2025-11-21,9:37:45.147233634,T,TGT,F I,37,84.82
2025-11-21,9:37:47.860354266,T,TGT,F,100,84.84
2025-11-21,9:37:47.860393447,T,TGT,I,13,84.84
2025-11-21,9:37:47.884685249,T,TGT,I,2,84.85
2025-11-21,9:37:55.714276258,T,TGT,F I,37,84.87
2025-11-21,9:37:55.714279285,T,TGT,F I,53,84.87
2025-11-21,9:37:55.714282305,T,TGT,F I,2,84.87
2025-11-21,9:38:07.897386933,T,TGT,,100,84.87
2025-11-21,9:38:08.692237494,T,TGT,,100,84.89
2025-11-21,9:38:09.246445871,T,TGT,I,4,84.925
2025-11-21,9:38:09.246563175,T,TGT,I,1,84.93
2025-11-21,9:38:09.246581147,T,TGT,I,1,84.93
2025-11-21,9:38:09.247210653,T,TGT,F,100,84.92
2025-11-21,9:38:09.247210653,T,TGT,F I,13,84.92
2025-11-21,9:38:09.247215669,T,TGT,F I,3,84.92
2025-11-21,9:38:09.247763040,T,TGT,F I,31,84.92
2025-11-21,9:38:09.248809482,T,TGT,I,30,84.92
2025-11-21,9:38:09.248812472,T,TGT,,106,84.92
2025-11-21,9:38:09.248812472,T,TGT,I,2,84.92
2025-11-21,9:38:09.325239562,T,TGT,F I,57,84.92
2025-11-21,9:38:11.068670088,T,TGT,I,4,84.92
2025-11-21,9:38:13.591128074,T,TGT,I,88,84.9
2025-11-21,9:38:13.591133519,T,TGT,,100,84.9
2025-11-21,9:38:13.591136499,T,TGT,I,18,84.9
2025-11-21,9:38:22.445072910,T,TGT,F I,50,84.88
2025-11-21,9:38:22.445090855,T,TGT,F,100,84.88
2025-11-21,9:38:29.724608362,T,TGT,F I,75,84.91
2025-11-21,9:38:29.725044505,T,TGT,,100,84.92
2025-11-21,9:38:29.725062471,T,TGT,I,1,84.92
2025-11-21,9:38:29.725065475,T,TGT,I,8,84.92
2025-11-21,9:38:29.726003715,T,TGT,I,1,84.94
2025-11-21,9:38:29.726497038,T,TGT,F I,1,84.95
2025-11-21,9:38:29.726499894,T,TGT,F,130,84.95
2025-11-21,9:38:29.726508920,T,TGT,F,100,84.95
2025-11-21,9:38:29.726526961,T,TGT,F I,70,84.95
2025-11-21,9:38:29.727637262,T,TGT,I,1,84.97
2025-11-21,9:38:29.727639591,T,TGT,,247,84.97
2025-11-21,9:38:29.727669668,T,TGT,I,13,84.96
2025-11-21,9:38:29.727688573,T,TGT,I,87,84.96
2025-11-21,9:38:29.727693773,T,TGT,F,100,84.96
2025-11-21,9:38:29.727702743,T,TGT,I,32,84.96
2025-11-21,9:38:29.727702743,T,TGT,I,68,84.96
2025-11-21,9:38:29.727712231,T,TGT,I,1,84.96
2025-11-21,9:38:29.727722181,T,TGT,F I,13,84.96
2025-11-21,9:38:29.727722181,T,TGT,I,18,84.96
2025-11-21,9:38:29.727724282,T,TGT,I,2,84.96
2025-11-21,9:38:29.727724282,T,TGT,I,12,84.96
2025-11-21,9:38:29.727729895,T,TGT,I,26,84.96
2025-11-21,9:38:29.727760562,T,TGT,I,70,84.96
2025-11-21,9:38:31.759899288,T,TGT,,100,84.96
2025-11-21,9:38:31.759932690,T,TGT,,100,84.96
2025-11-21,9:38:31.759932690,T,TGT,I,30,84.96
2025-11-21,9:38:31.759939141,T,TGT,,100,84.96
2025-11-21,9:38:31.759939141,T,TGT,I,5,84.96
2025-11-21,9:38:31.759941414,T,TGT,I,59,84.96
2025-11-21,9:38:31.759941414,T,TGT,I,42,84.96
2025-11-21,9:38:31.759944403,T,TGT,I,27,84.96
2025-11-21,9:38:31.759947407,T,TGT,I,60,84.97
2025-11-21,9:38:31.760061663,T,TGT,I,40,84.97
2025-11-21,9:38:31.760714231,T,TGT,F,1500,84.99
2025-11-21,9:38:31.760714231,T,TGT,F,200,84.99
2025-11-21,9:38:31.765249350,T,TGT,F I,1,85.0
2025-11-21,9:38:31.765252086,T,TGT,F I,5,85.0
2025-11-21,9:38:31.765255010,T,TGT,F I,94,85.0
2025-11-21,9:38:31.765270140,T,TGT,,906,85.0
2025-11-21,9:38:31.765273608,T,TGT,I,5,85.0
2025-11-21,9:38:31.765275994,T,TGT,I,2,85.0
2025-11-21,9:38:31.765279076,T,TGT,I,1,85.0
2025-11-21,9:38:31.765282681,T,TGT,I,25,85.0
2025-11-21,9:38:31.765282681,T,TGT,,100,85.0
2025-11-21,9:38:31.765286334,T,TGT,I,20,85.0
2025-11-21,9:38:31.765286334,T,TGT,,150,85.0
2025-11-21,9:38:31.765291345,T,TGT,,100,85.0
2025-11-21,9:38:31.765291345,T,TGT,I,50,85.0
2025-11-21,9:38:31.765291345,T,TGT,I,50,85.0
2025-11-21,9:38:31.765294190,T,TGT,I,50,85.0
2025-11-21,9:38:31.765297158,T,TGT,,300,85.0
2025-11-21,9:38:31.765297158,T,TGT,,981,85.0
2025-11-21,9:38:31.765315164,T,TGT,,100,84.99
2025-11-21,9:38:31.765315164,T,TGT,I,65,84.99
2025-11-21,9:38:31.765330229,T,TGT,I,35,84.99
2025-11-21,9:38:31.765342169,T,TGT,I,32,84.99
2025-11-21,9:38:31.765402350,T,TGT,I,32,85.0
2025-11-21,9:38:31.765414329,T,TGT,I,33,85.0
2025-11-21,9:38:31.765450399,T,TGT,I,67,85.0
2025-11-21,9:38:31.765718033,T,TGT,F I,11,85.0
2025-11-21,9:38:31.765724242,T,TGT,F,100,84.995
2025-11-21,9:38:31.765727534,T,TGT,F,100,84.99
2025-11-21,9:38:31.765727534,T,TGT,F,100,84.99
2025-11-21,9:38:31.765730078,T,TGT,F I,2,84.99
2025-11-21,9:38:31.765742517,T,TGT,F I,11,84.99
2025-11-21,9:38:31.765883435,T,TGT,F I,2,85.0
2025-11-21,9:38:31.766117986,T,TGT,I,18,85.0
2025-11-21,9:38:31.766121027,T,TGT,I,19,85.0
2025-11-21,9:38:31.783845445,T,TGT,F I,5,85.01
2025-11-21,9:38:31.783845445,T,TGT,F I,25,85.01
2025-11-21,9:38:31.783851298,T,TGT,F,100,85.01
2025-11-21,9:38:31.783851298,T,TGT,F,100,85.01
2025-11-21,9:38:32.565948524,T,TGT,F I,1,85.05
2025-11-21,9:38:32.565948524,T,TGT,F I,99,85.05
2025-11-21,9:38:32.565966639,T,TGT,I,1,85.05
2025-11-21,9:38:33.345174340,T,TGT,F I,4,85.03
2025-11-21,9:38:33.345177304,T,TGT,F,100,85.03
2025-11-21,9:38:33.345180046,T,TGT,F,100,85.01
2025-11-21,9:38:33.345183305,T,TGT,F I,2,85.01
2025-11-21,9:38:33.345183305,T,TGT,F I,14,85.01
2025-11-21,9:38:33.345186124,T,TGT,F I,10,85.01
2025-11-21,9:38:33.345189536,T,TGT,F,100,85.01
2025-11-21,9:38:33.345189536,T,TGT,F I,70,85.01
2025-11-21,9:38:33.345258151,T,TGT,F I,2,85.01
2025-11-21,9:38:33.365132944,T,TGT,I,24,85.01
2025-11-21,9:38:33.365761024,T,TGT,F,100,85.03
2025-11-21,9:38:33.369817703,T,TGT,F,200,85.05
2025-11-21,9:38:37.556535907,T,TGT,I,16,85.06
2025-11-21,9:38:40.188487466,T,TGT,I,3,85.05
2025-11-21,9:38:40.188490215,T,TGT,I,38,85.05
2025-11-21,9:38:47.309136350,T,TGT,F I,75,85.04
2025-11-21,9:38:51.035385561,T,TGT,I,3,85.06
2025-11-21,9:38:51.037650006,T,TGT,I,9,85.06
2025-11-21,9:38:51.370630217,T,TGT,I,33,85.07
2025-11-21,9:38:54.405746551,T,TGT,F I,38,85.06
2025-11-21,9:38:54.405748989,T,TGT,F I,38,85.06
2025-11-21,9:38:54.405752009,T,TGT,F I,32,85.06
2025-11-21,9:38:54.407809033,T,TGT,F I,1,85.06
2025-11-21,9:38:54.407809033,T,TGT,F I,3,85.07
2025-11-21,9:38:57.555273018,T,TGT,F I,3,85.06
2025-11-21,9:38:57.555275971,T,TGT,F I,4,85.06
2025-11-21,9:38:57.555281649,T,TGT,F,200,85.06
2025-11-21,9:38:57.555284401,T,TGT,F I,28,85.06
2025-11-21,9:38:57.555287396,T,TGT,F I,14,85.06
2025-11-21,9:38:57.555287396,T,TGT,F I,24,85.06
2025-11-21,9:38:57.556102320,T,TGT,,100,85.045
2025-11-21,9:39:05.574801656,T,TGT,F I,1,85.04
2025-11-21,9:39:05.576615133,T,TGT,,100,85.04
2025-11-21,9:39:05.576618948,T,TGT,I,25,85.02
2025-11-21,9:39:05.576618948,T,TGT,I,12,85.02
2025-11-21,9:39:05.576622041,T,TGT,I,1,85.02
2025-11-21,9:39:05.576622041,T,TGT,I,62,85.02
2025-11-21,9:39:05.576639028,T,TGT,I,38,85.02
2025-11-21,9:39:05.576639028,T,TGT,I,22,85.02
2025-11-21,9:39:08.162905457,T,TGT,F I,17,85.03
2025-11-21,9:39:20.052026524,T,TGT,,100,85.04
2025-11-21,9:39:20.052029524,T,TGT,I,3,85.04
2025-11-21,9:39:20.052038627,T,TGT,F,103,85.04
2025-11-21,9:39:20.052351320,T,TGT,I,87,85.05
2025-11-21,9:39:20.052354342,T,TGT,I,13,85.05
2025-11-21,9:39:20.052369402,T,TGT,I,10,85.05
2025-11-21,9:39:20.052955886,T,TGT,F I,5,85.06
2025-11-21,9:39:20.052955886,T,TGT,F,156,85.06
2025-11-21,9:39:20.052991825,T,TGT,I,43,85.06
2025-11-21,9:39:20.053000935,T,TGT,I,14,85.06
2025-11-21,9:39:20.053013058,T,TGT,I,43,85.06
2025-11-21,9:39:20.053028470,T,TGT,I,28,85.06
2025-11-21,9:39:20.054934546,T,TGT,I,1,85.06
2025-11-21,9:39:21.868852847,T,TGT,F,200,85.09
2025-11-21,9:39:21.868909989,T,TGT,,300,85.1
2025-11-21,9:39:21.873724469,T,TGT,I,1,85.15
2025-11-21,9:39:21.873724469,T,TGT,,188,85.16
2025-11-21,9:39:21.873775625,T,TGT,F I,12,85.16
2025-11-21,9:39:21.874963448,T,TGT,F I,3,85.16
2025-11-21,9:39:21.876340731,T,TGT,I,4,85.17
2025-11-21,9:39:21.877525577,T,TGT,I,35,85.17
2025-11-21,9:39:25.589893814,T,TGT,,100,85.17
2025-11-21,9:39:25.589896734,T,TGT,I,2,85.17
2025-11-21,9:39:25.589911807,T,TGT,I,1,85.17
2025-11-21,9:39:26.574953581,T,TGT,F I,1,85.18
2025-11-21,9:39:26.574956683,T,TGT,F I,2,85.18
2025-11-21,9:39:26.575034816,T,TGT,F I,25,85.19
2025-11-21,9:39:26.576478138,T,TGT,F I,35,85.2
2025-11-21,9:39:26.576484536,T,TGT,F I,4,85.2
2025-11-21,9:39:26.576490264,T,TGT,F I,57,85.19
2025-11-21,9:39:26.576490264,T,TGT,F I,41,85.19
2025-11-21,9:39:26.576490264,T,TGT,F I,35,85.19
2025-11-21,9:39:26.576493704,T,TGT,F I,24,85.19
2025-11-21,9:39:26.576496519,T,TGT,F I,32,85.19
2025-11-21,9:39:26.576499866,T,TGT,F I,2,85.19
2025-11-21,9:39:36.993123740,T,TGT,F I,70,85.18
2025-11-21,9:39:36.993171782,T,TGT,F I,70,85.19
2025-11-21,9:39:36.993181477,T,TGT,F I,2,85.21
2025-11-21,9:39:36.993181477,T,TGT,F I,16,85.21
2025-11-21,9:39:36.993204985,T,TGT,I,13,85.19
2025-11-21,9:39:36.993211160,T,TGT,F I,2,85.21
2025-11-21,9:39:36.993213919,T,TGT,F I,82,85.21
2025-11-21,9:39:36.993226614,T,TGT,F I,2,85.2
2025-11-21,9:39:36.993229915,T,TGT,I,67,85.19
2025-11-21,9:39:36.993229915,T,TGT,I,20,85.18
2025-11-21,9:39:36.993250075,T,TGT,F I,20,85.2
2025-11-21,9:39:36.993262059,T,TGT,F I,2,85.2
2025-11-21,9:39:36.993265641,T,TGT,F I,6,85.2
2025-11-21,9:39:36.993268049,T,TGT,F I,2,85.2
2025-11-21,9:39:36.993271535,T,TGT,F I,1,85.2
2025-11-21,9:39:36.993442700,T,TGT,F I,32,85.2
2025-11-21,9:39:36.993451484,T,TGT,F I,31,85.19
2025-11-21,9:39:36.993455279,T,TGT,F I,73,85.18
2025-11-21,9:39:36.993469674,T,TGT,I,1,85.18
2025-11-21,9:39:36.993475586,T,TGT,I,24,85.19
2025-11-21,9:39:36.993500104,T,TGT,I,24,85.19
2025-11-21,9:39:36.993505601,T,TGT,I,13,85.19
2025-11-21,9:39:36.993505601,T,TGT,I,1,85.19
2025-11-21,9:39:36.993511641,T,TGT,I,10,85.19
2025-11-21,9:39:36.993511641,T,TGT,I,8,85.19
2025-11-21,9:39:36.993518101,T,TGT,I,1,85.19
2025-11-21,9:39:36.993518101,T,TGT,I,20,85.19
2025-11-21,9:39:36.993521581,T,TGT,I,52,85.19
2025-11-21,9:39:36.993521581,T,TGT,I,47,85.19
2025-11-21,9:39:36.993523802,T,TGT,F I,26,85.18
2025-11-21,9:39:36.993527284,T,TGT,F I,10,85.18
2025-11-21,9:39:36.993527284,T,TGT,I,37,85.19
2025-11-21,9:39:36.993532941,T,TGT,I,37,85.19
2025-11-21,9:39:36.993532941,T,TGT,I,19,85.19
2025-11-21,9:39:36.993535973,T,TGT,I,19,85.19
2025-11-21,9:39:36.993535973,T,TGT,I,37,85.19
2025-11-21,9:39:36.993535973,T,TGT,F I,4,85.18
2025-11-21,9:39:36.993538677,T,TGT,F I,23,85.18
2025-11-21,9:39:36.993638017,T,TGT,F I,66,85.18
2025-11-21,9:39:36.993659823,T,TGT,I,2,85.19
2025-11-21,9:39:36.993662007,T,TGT,I,2,85.2
2025-11-21,9:39:36.993665041,T,TGT,,100,85.2
2025-11-21,9:39:36.993683206,T,TGT,I,28,85.19
2025-11-21,9:39:36.993683206,T,TGT,I,32,85.19
2025-11-21,9:39:36.993704561,T,TGT,I,40,85.19
2025-11-21,9:39:36.993719356,T,TGT,F I,11,85.18
2025-11-21,9:39:36.993722636,T,TGT,F I,14,85.18
2025-11-21,9:39:36.993725448,T,TGT,I,32,85.21
2025-11-21,9:39:36.993761260,T,TGT,I,26,85.2
2025-11-21,9:39:36.993791747,T,TGT,I,20,85.2
2025-11-21,9:39:36.993791747,T,TGT,I,20,85.2
2025-11-21,9:39:36.993833398,T,TGT,I,32,85.21
2025-11-21,9:39:36.993848412,T,TGT,F I,13,85.19
2025-11-21,9:39:36.993851673,T,TGT,F I,26,85.18
2025-11-21,9:39:36.993851673,T,TGT,F I,13,85.18
2025-11-21,9:39:36.993854422,T,TGT,F I,14,85.18
2025-11-21,9:39:36.993854422,T,TGT,F I,13,85.19
2025-11-21,9:39:36.993863426,T,TGT,F I,1,85.19
2025-11-21,9:39:36.993887499,T,TGT,,100,85.2
2025-11-21,9:39:36.993911605,T,TGT,I,13,85.2
2025-11-21,9:39:36.993944726,T,TGT,I,13,85.2
2025-11-21,9:39:36.993974699,T,TGT,I,8,85.2
2025-11-21,9:39:36.993999165,T,TGT,,100,85.2
2025-11-21,9:39:36.994043968,T,TGT,I,46,85.19
2025-11-21,9:39:36.994064932,T,TGT,I,14,85.19
2025-11-21,9:39:36.994131121,T,TGT,I,13,85.19
2025-11-21,9:39:36.994209245,T,TGT,F I,60,85.2
2025-11-21,9:39:36.994967115,T,TGT,F I,12,85.18
2025-11-21,9:39:36.994970149,T,TGT,F I,4,85.18
2025-11-21,9:39:36.994983000,T,TGT,F I,1,85.18
2025-11-21,9:39:36.994983000,T,TGT,F I,1,85.18
2025-11-21,9:39:36.994991213,T,TGT,I,1,85.18
2025-11-21,9:39:36.995000176,T,TGT,I,7,85.18
2025-11-21,9:39:36.995247513,T,TGT,I,4,85.19
2025-11-21,9:39:36.995247513,T,TGT,I,13,85.19
2025-11-21,9:39:36.995247513,T,TGT,I,2,85.19
2025-11-21,9:39:36.995250759,T,TGT,I,32,85.2
2025-11-21,9:39:36.995250759,T,TGT,I,7,85.21
2025-11-21,9:39:36.996278257,T,TGT,I,19,85.21
2025-11-21,9:39:36.996281186,T,TGT,I,21,85.21
2025-11-21,9:39:36.997294670,T,TGT,I,2,85.22
2025-11-21,9:39:36.997294670,T,TGT,I,14,85.22
2025-11-21,9:39:36.997950422,T,TGT,F I,26,85.2
2025-11-21,9:39:37.011244891,T,TGT,,100,85.18
2025-11-21,9:39:37.011244891,T,TGT,I,29,85.19
2025-11-21,9:39:38.767991101,T,TGT,I,27,85.2
2025-11-21,9:39:38.767994181,T,TGT,I,2,85.2
2025-11-21,9:39:38.767997150,T,TGT,,100,85.2
2025-11-21,9:39:39.611723872,T,TGT,I,35,85.22
2025-11-21,9:39:39.611744315,T,TGT,F I,65,85.22
2025-11-21,9:39:39.611744315,T,TGT,F I,7,85.22
2025-11-21,9:39:47.166883601,T,TGT,F I,2,85.18
2025-11-21,9:39:47.167033939,T,TGT,,100,85.18
2025-11-21,9:39:47.167681109,T,TGT,F,100,85.17
2025-11-21,9:39:47.167681109,T,TGT,F,100,85.17
2025-11-21,9:39:55.053135445,T,TGT,F I,21,85.12
2025-11-21,9:39:55.053207633,T,TGT,F I,33,85.12
2025-11-21,9:39:58.459978891,T,TGT,F I,6,85.1
2025-11-21,9:39:59.948642363,T,TGT,F I,52,85.06
2025-11-21,9:39:59.980827995,T,TGT,I,2,85.06
2025-11-21,9:39:59.981874510,T,TGT,,100,85.08
2025-11-21,9:39:59.981922601,T,TGT,I,28,85.06
2025-11-21,9:39:59.981934747,T,TGT,I,8,85.06
2025-11-21,9:40:02.691182062,T,TGT,F,100,85.07
2025-11-21,9:40:02.691200079,T,TGT,I,1,85.07
2025-11-21,9:40:02.691218853,T,TGT,I,35,85.07
2025-11-21,9:40:02.691221126,T,TGT,I,2,85.08
2025-11-21,9:40:06.500422990,T,TGT,F I,23,85.08
2025-11-21,9:40:06.564971768,T,TGT,F,100,85.04
2025-11-21,9:40:06.564998977,T,TGT,I,1,85.04
2025-11-21,9:40:06.621286989,T,TGT,F,100,85.06
2025-11-21,9:40:17.684009464,T,TGT,F,100,85.03
2025-11-21,9:40:17.684013026,T,TGT,F I,1,85.03
2025-11-21,9:40:17.684013026,T,TGT,F I,25,85.03
2025-11-21,9:40:17.684015530,T,TGT,F,100,85.03
2025-11-21,9:40:18.522331700,T,TGT,F,150,85.0
2025-11-21,9:40:19.322020862,T,TGT,F I,35,84.99
2025-11-21,9:40:32.729240371,T,TGT,,100,84.99
2025-11-21,9:40:32.729245878,T,TGT,I,13,84.99
2025-11-21,9:40:32.729248833,T,TGT,I,23,84.99
2025-11-21,9:40:32.729570590,T,TGT,I,36,84.98
2025-11-21,9:40:32.729570590,T,TGT,I,4,84.98
2025-11-21,9:40:32.729625172,T,TGT,,100,84.97
2025-11-21,9:40:32.729627813,T,TGT,I,22,84.97
2025-11-21,9:40:32.729943510,T,TGT,I,2,84.98
2025-11-21,9:40:32.730154020,T,TGT,I,10,84.98
2025-11-21,9:40:32.730238190,T,TGT,I,25,84.98
2025-11-21,9:40:32.730352619,T,TGT,I,1,84.98
2025-11-21,9:40:32.730355532,T,TGT,I,31,84.98
2025-11-21,9:40:32.730412660,T,TGT,I,4,84.98
2025-11-21,9:40:32.731260689,T,TGT,F,165,84.98
2025-11-21,9:40:32.731263862,T,TGT,F,100,84.98
2025-11-21,9:40:32.731263862,T,TGT,F I,2,84.98
2025-11-21,9:40:32.731266644,T,TGT,F I,41,84.98
2025-11-21,9:40:32.980590698,T,TGT,F I,23,84.98
2025-11-21,9:40:38.219855413,T,TGT,I,1,84.91
2025-11-21,9:40:49.860861964,T,TGT,F,100,84.89
2025-11-21,9:40:49.860861964,T,TGT,F I,2,84.89
2025-11-21,9:40:49.860876583,T,TGT,F,100,84.89
2025-11-21,9:40:49.860923335,T,TGT,F I,5,84.9
2025-11-21,9:40:49.860923335,T,TGT,F I,2,84.9
2025-11-21,9:40:49.861811897,T,TGT,I,12,84.9
2025-11-21,9:40:55.072634930,T,TGT,F I,70,84.92
2025-11-21,9:40:55.072634930,T,TGT,F I,44,84.93
2025-11-21,9:40:55.072749340,T,TGT,I,56,84.93
2025-11-21,9:40:55.072752260,T,TGT,I,12,84.93
2025-11-21,9:40:55.072752260,T,TGT,I,2,84.93
2025-11-21,9:40:55.072839424,T,TGT,I,28,84.93
2025-11-21,9:40:55.074965442,T,TGT,I,24,84.93
2025-11-21,9:40:55.075076724,T,TGT,I,10,84.94
2025-11-21,9:40:55.075461681,T,TGT,F I,9,84.94
2025-11-21,9:40:55.423582954,T,TGT,F I,12,84.94
2025-11-21,9:40:58.666187082,T,TGT,F I,2,84.91
2025-11-21,9:41:00.192557433,T,TGT,I,5,84.875
2025-11-21,9:41:00.933029547,T,TGT,F,100,84.91
2025-11-21,9:41:12.437143390,T,TGT,F,100,84.93
2025-11-21,9:41:14.231163960,T,TGT,I,20,84.93
2025-11-21,9:41:14.231163960,T,TGT,I,13,84.93
2025-11-21,9:41:14.231166355,T,TGT,I,42,84.93
2025-11-21,9:41:14.231208482,T,TGT,I,18,84.93
2025-11-21,9:41:19.236774620,T,TGT,I,8,84.915
2025-11-21,9:41:32.478082992,T,TGT,F I,9,84.915
2025-11-21,9:41:32.478082992,T,TGT,F I,12,84.89
2025-11-21,9:41:32.478088843,T,TGT,F I,27,84.89
2025-11-21,9:41:32.478088843,T,TGT,F I,11,84.89
2025-11-21,9:41:32.478094556,T,TGT,F,100,84.89
2025-11-21,9:41:32.478094556,T,TGT,F I,91,84.89
2025-11-21,9:41:32.478097602,T,TGT,F I,9,84.89
2025-11-21,9:41:32.486343260,T,TGT,I,75,84.865
2025-11-21,9:41:32.675184057,T,TGT,,100,84.89
2025-11-21,9:41:37.966379812,T,TGT,F I,2,84.85
2025-11-21,9:41:37.966382804,T,TGT,F I,31,84.85
2025-11-21,9:41:37.966385906,T,TGT,F I,11,84.85
2025-11-21,9:41:37.966400891,T,TGT,F I,58,84.85
2025-11-21,9:41:37.974231580,T,TGT,I,1,84.84
2025-11-21,9:41:38.098198929,T,TGT,I,30,84.825
2025-11-21,9:41:38.316119081,T,TGT,F I,35,84.81
2025-11-21,9:41:38.316221272,T,TGT,F I,50,84.8
2025-11-21,9:41:38.316224372,T,TGT,F I,8,84.8
2025-11-21,9:41:39.682784991,T,TGT,F I,49,84.83
2025-11-21,9:41:43.325314854,T,TGT,F,100,84.85
2025-11-21,9:41:43.325345372,T,TGT,F I,2,84.86
2025-11-21,9:41:43.325345372,T,TGT,F I,49,84.86
2025-11-21,9:41:43.846871503,T,TGT,I,4,84.895
2025-11-21,9:41:46.130226283,T,TGT,F,100,84.91
2025-11-21,9:41:49.455536454,T,TGT,F I,75,84.94
2025-11-21,9:41:49.485809642,T,TGT,I,20,84.94
2025-11-21,9:41:52.645602451,T,TGT,F I,4,84.94
2025-11-21,9:42:01.156451258,T,TGT,I,4,84.94
2025-11-21,9:42:04.226044105,T,TGT,I,32,84.945
2025-11-21,9:42:07.203681015,T,TGT,F,100,84.945
2025-11-21,9:42:07.203681015,T,TGT,F,127,84.945
2025-11-21,9:42:07.203683730,T,TGT,F I,21,84.945
2025-11-21,9:42:07.203683730,T,TGT,F I,57,84.94
2025-11-21,9:42:07.204045055,T,TGT,F I,3,84.91
2025-11-21,9:42:07.204048263,T,TGT,F I,70,84.91
2025-11-21,9:42:07.204050658,T,TGT,F I,77,84.91
2025-11-21,9:42:07.204959130,T,TGT,F,100,84.91
2025-11-21,9:42:07.204962598,T,TGT,F,100,84.91
2025-11-21,9:42:07.204962598,T,TGT,F,100,84.91
2025-11-21,9:42:07.204964825,T,TGT,F,450,84.91
2025-11-21,9:42:07.204982869,T,TGT,I,1,84.92
2025-11-21,9:42:07.205097118,T,TGT,F I,6,84.92
2025-11-21,9:42:07.205479060,T,TGT,F I,50,84.92
2025-11-21,9:42:07.205482293,T,TGT,F I,6,84.92
2025-11-21,9:42:07.205482293,T,TGT,F,100,84.91
2025-11-21,9:42:07.205485230,T,TGT,F I,1,84.91
2025-11-21,9:42:07.205485230,T,TGT,F,100,84.9
2025-11-21,9:42:14.669109940,T,TGT,I,75,84.92
2025-11-21,9:42:14.703184103,T,TGT,I,75,84.91
2025-11-21,9:42:14.709063265,T,TGT,I,28,84.89
2025-11-21,9:42:14.709063265,T,TGT,I,14,84.89
2025-11-21,9:42:14.710194617,T,TGT,F I,12,84.93
2025-11-21,9:42:14.710197017,T,TGT,F I,22,84.93
2025-11-21,9:42:14.710199783,T,TGT,F I,14,84.93
2025-11-21,9:42:14.710199783,T,TGT,F I,24,84.93
2025-11-21,9:42:14.710202924,T,TGT,F I,12,84.93
2025-11-21,9:42:14.710227377,T,TGT,I,57,84.93
2025-11-21,9:42:14.710590676,T,TGT,F I,16,84.94
2025-11-21,9:42:14.710614826,T,TGT,I,9,84.94
2025-11-21,9:42:14.711180185,T,TGT,I,24,84.93
2025-11-21,9:42:14.711183082,T,TGT,I,28,84.93
2025-11-21,9:42:15.400322922,T,TGT,I,28,84.91
2025-11-21,9:42:15.400325995,T,TGT,I,35,84.91
2025-11-21,9:42:19.853181418,T,TGT,I,35,84.88
2025-11-21,9:42:19.853181418,T,TGT,I,27,84.88
2025-11-21,9:42:19.853202329,T,TGT,I,54,84.88
2025-11-21,9:42:20.688180520,T,TGT,I,5,84.88
2025-11-21,9:42:20.776720489,T,TGT,I,41,84.88
2025-11-21,9:42:21.126011789,T,TGT,I,4,84.885
2025-11-21,9:42:23.614650487,T,TGT,I,75,84.885
2025-11-21,9:42:31.426529579,T,TGT,I,34,84.89
2025-11-21,9:42:31.449519157,T,TGT,I,52,84.89
2025-11-21,9:42:32.542364728,T,TGT,F I,75,84.89
2025-11-21,9:42:42.461300453,T,TGT,I,10,84.9
2025-11-21,9:42:51.317660504,T,TGT,I,50,84.88
2025-11-21,9:42:51.317663678,T,TGT,I,32,84.88
2025-11-21,9:42:51.317663678,T,TGT,I,2,84.88
2025-11-21,9:42:52.083284538,T,TGT,I,36,84.85
2025-11-21,9:42:52.083290549,T,TGT,,100,84.85
2025-11-21,9:42:52.083293557,T,TGT,I,59,84.85
2025-11-21,9:42:52.093626166,T,TGT,I,14,84.8
2025-11-21,9:42:57.228025189,T,TGT,F I,75,84.815
2025-11-21,9:43:07.256054619,T,TGT,I,70,84.8
2025-11-21,9:43:08.416886138,T,TGT,F,151,84.86
2025-11-21,9:43:08.416888998,T,TGT,F,256,84.86
2025-11-21,9:43:08.416892077,T,TGT,F I,1,84.86
2025-11-21,9:43:08.418050090,T,TGT,F I,4,84.88
2025-11-21,9:43:08.418050090,T,TGT,F I,2,84.88
2025-11-21,9:43:08.418155026,T,TGT,F I,9,84.87
2025-11-21,9:43:11.732071311,T,TGT,F I,12,84.86
2025-11-21,9:43:11.732071311,T,TGT,F I,27,84.86
2025-11-21,9:43:12.123435306,T,TGT,I,4,84.87
2025-11-21,9:43:17.019026440,T,TGT,F I,50,84.83
2025-11-21,9:43:33.145973158,T,TGT,F I,5,84.83
2025-11-21,9:43:33.147052842,T,TGT,I,5,84.83
2025-11-21,9:43:33.147149416,T,TGT,F I,5,84.83
2025-11-21,9:43:33.269745043,T,TGT,I,23,84.85
2025-11-21,9:43:33.427654240,T,TGT,I,75,84.85
2025-11-21,9:43:33.427684310,T,TGT,F I,40,84.85
2025-11-21,9:43:35.585676623,T,TGT,F I,31,84.83
2025-11-21,9:43:36.511747857,T,TGT,F,100,84.8
2025-11-21,9:43:36.511750860,T,TGT,F I,17,84.8
2025-11-21,9:43:36.511803711,T,TGT,F I,1,84.79
2025-11-21,9:43:36.511803711,T,TGT,F I,7,84.79
2025-11-21,9:43:36.511808917,T,TGT,F I,3,84.79
2025-11-21,9:43:36.511808917,T,TGT,F I,1,84.79
2025-11-21,9:43:36.511822999,T,TGT,F I,89,84.79
2025-11-21,9:43:36.511943271,T,TGT,I,13,84.78
2025-11-21,9:43:36.522929452,T,TGT,I,1,84.75
2025-11-21,9:43:36.522931456,T,TGT,,100,84.75
2025-11-21,9:43:38.736183366,T,TGT,F I,23,84.71
2025-11-21,9:43:38.736195643,T,TGT,F I,77,84.71
2025-11-21,9:43:38.736198379,T,TGT,F I,2,84.71
2025-11-21,9:43:40.346020640,T,TGT,,100,84.71
2025-11-21,9:43:41.137319701,T,TGT,I,3,84.71
2025-11-21,9:43:55.598594840,T,TGT,F I,75,84.71
2025-11-21,9:43:55.641943119,T,TGT,F I,75,84.71
2025-11-21,9:43:55.641943119,T,TGT,I,70,84.71
2025-11-21,9:43:55.641988279,T,TGT,F I,75,84.71
2025-11-21,9:43:55.642036346,T,TGT,F I,3,84.71
2025-11-21,9:43:55.642283113,T,TGT,F,100,84.74
2025-11-21,9:43:55.642283113,T,TGT,F I,1,84.74
2025-11-21,9:43:55.642285987,T,TGT,F I,30,84.74
2025-11-21,9:44:07.434766574,T,TGT,I,3,84.79
2025-11-21,9:44:07.434811960,T,TGT,I,69,84.76
2025-11-21,9:44:07.434814741,T,TGT,I,22,84.75
2025-11-21,9:44:07.434817191,T,TGT,I,9,84.75
2025-11-21,9:44:07.435069940,T,TGT,F I,22,84.79
2025-11-21,9:44:07.435069940,T,TGT,F I,69,84.79
2025-11-21,9:44:14.417846069,T,TGT,F I,75,84.73
2025-11-21,9:44:14.417900156,T,TGT,F I,25,84.73
2025-11-21,9:44:24.292527864,T,TGT,I,4,84.71
2025-11-21,9:44:24.292530945,T,TGT,I,16,84.67
2025-11-21,9:44:24.292630099,T,TGT,I,4,84.67
2025-11-21,9:44:24.292630099,T,TGT,I,96,84.67
2025-11-21,9:44:24.292723366,T,TGT,I,70,84.68
2025-11-21,9:44:24.292777473,T,TGT,F I,21,84.7
2025-11-21,9:44:34.516660515,T,TGT,F I,22,84.75
2025-11-21,9:44:34.516669949,T,TGT,F I,78,84.75
2025-11-21,9:44:34.516672467,T,TGT,F I,51,84.75
2025-11-21,9:44:34.536336422,T,TGT,I,40,84.75
2025-11-21,9:44:34.615514978,T,TGT,I,12,84.74
2025-11-21,9:44:59.553981497,T,TGT,F,100,84.72
2025-11-21,9:45:00.003495406,T,TGT,I,10,84.73
2025-11-21,9:45:00.003528508,T,TGT,,101,84.73
2025-11-21,9:45:00.004295306,T,TGT,F I,70,84.73
2025-11-21,9:45:00.146882945,T,TGT,F I,70,84.74
2025-11-21,9:45:00.472158908,T,TGT,F I,1,84.79
2025-11-21,9:45:00.472158908,T,TGT,F,100,84.79
2025-11-21,9:45:00.472496092,T,TGT,I,56,84.77
2025-11-21,9:45:00.472498792,T,TGT,I,44,84.77
2025-11-21,9:45:00.472516859,T,TGT,I,56,84.77
2025-11-21,9:45:00.477036677,T,TGT,F I,44,84.8
2025-11-21,9:45:00.477036677,T,TGT,F I,56,84.8
2025-11-21,9:45:00.480215134,T,TGT,I,70,84.81
2025-11-21,9:45:01.485955141,T,TGT,F,100,84.87
2025-11-21,9:45:01.490381683,T,TGT,I,48,84.88
2025-11-21,9:45:01.490399775,T,TGT,F,152,84.88
2025-11-21,9:45:01.496510358,T,TGT,I,19,84.86
2025-11-21,9:45:01.496543404,T,TGT,I,81,84.86
2025-11-21,9:45:01.496543404,T,TGT,I,1,84.86
2025-11-21,9:45:01.496546483,T,TGT,I,2,84.86
2025-11-21,9:45:05.551027668,T,TGT,,142,84.865
2025-11-21,9:45:09.025727790,T,TGT,F I,80,84.89
2025-11-21,9:45:13.286900524,T,TGT,F,100,84.9
2025-11-21,9:45:13.286903585,T,TGT,F I,28,84.9
2025-11-21,9:45:13.300207230,T,TGT,I,28,84.92
2025-11-21,9:45:13.300652389,T,TGT,I,41,84.9
2025-11-21,9:45:13.301097340,T,TGT,I,1,84.9
2025-11-21,9:45:13.301148497,T,TGT,,100,84.89
2025-11-21,9:45:13.301497417,T,TGT,I,14,84.89
2025-11-21,9:45:13.301671769,T,TGT,I,5,84.88
2025-11-21,9:45:13.301734931,T,TGT,F I,3,84.88
2025-11-21,9:45:13.301759100,T,TGT,F I,1,84.88
2025-11-21,9:45:13.301771002,T,TGT,F I,27,84.88
2025-11-21,9:45:13.301771002,T,TGT,F I,31,84.88
2025-11-21,9:45:13.301780068,T,TGT,F I,24,84.88
2025-11-21,9:45:13.301804125,T,TGT,I,30,84.88
2025-11-21,9:45:13.301804125,T,TGT,I,70,84.88
2025-11-21,9:45:13.301822099,T,TGT,F,100,84.89
2025-11-21,9:45:13.431783887,T,TGT,I,2,84.91
2025-11-21,9:45:13.431783887,T,TGT,I,16,84.91
2025-11-21,9:45:13.481205487,T,TGT,I,5,84.93
2025-11-21,9:45:14.447163756,T,TGT,I,5,84.95
2025-11-21,9:45:14.448360665,T,TGT,F I,36,84.95
2025-11-21,9:45:22.303437523,T,TGT,F,100,84.97
2025-11-21,9:45:22.303437523,T,TGT,F I,3,84.97
2025-11-21,9:45:26.843410459,T,TGT,,100,84.98
2025-11-21,9:45:26.844180552,T,TGT,I,14,85.0
2025-11-21,9:45:26.844184033,T,TGT,F,186,85.0
2025-11-21,9:45:26.844186299,T,TGT,F I,5,85.0
2025-11-21,9:45:26.884743928,T,TGT,I,33,85.0
2025-11-21,9:45:26.903505679,T,TGT,F I,67,85.0
2025-11-21,9:45:26.903508709,T,TGT,F I,33,85.02
2025-11-21,9:45:26.903944748,T,TGT,F I,41,85.0
2025-11-21,9:45:27.620353438,T,TGT,I,16,84.99
2025-11-21,9:45:27.620413565,T,TGT,F I,21,84.99
2025-11-21,9:45:27.620600162,T,TGT,F I,70,84.98
2025-11-21,9:45:27.922582561,T,TGT,I,41,84.99
2025-11-21,9:45:27.922582561,T,TGT,I,2,84.99
2025-11-21,9:45:28.009958628,T,TGT,F I,2,85.0
2025-11-21,9:45:28.010009766,T,TGT,I,17,84.99
2025-11-21,9:45:28.010013102,T,TGT,I,26,84.99
2025-11-21,9:45:28.010013102,T,TGT,I,22,84.99
2025-11-21,9:45:28.010048949,T,TGT,F I,8,84.99
2025-11-21,9:45:28.699958502,T,TGT,I,22,85.0
2025-11-21,9:45:28.699958502,T,TGT,I,2,85.0
2025-11-21,9:45:29.840212046,T,TGT,F I,15,84.99
2025-11-21,9:45:35.002788922,T,TGT,,100,85.02
2025-11-21,9:45:35.010351263,T,TGT,I,23,85.02
2025-11-21,9:45:35.758371438,T,TGT,F I,1,84.99
2025-11-21,9:45:36.831186344,T,TGT,F I,12,84.99
2025-11-21,9:45:36.831186344,T,TGT,F I,17,84.99
2025-11-21,9:45:37.724106614,T,TGT,,100,84.96
2025-11-21,9:45:37.724106614,T,TGT,I,14,84.96
2025-11-21,9:45:37.724112481,T,TGT,I,2,84.96
2025-11-21,9:45:37.724112481,T,TGT,I,37,84.96
2025-11-21,9:45:37.724115661,T,TGT,I,14,84.96
2025-11-21,9:45:44.788717005,T,TGT,F I,20,84.94
2025-11-21,9:45:44.788720008,T,TGT,F I,55,84.94
2025-11-21,9:45:44.788780193,T,TGT,F I,5,84.94
2025-11-21,9:45:45.118840445,T,TGT,F I,22,84.91
2025-11-21,9:45:45.119286028,T,TGT,F I,98,84.91
2025-11-21,9:45:45.119289473,T,TGT,F,100,84.91
2025-11-21,9:45:45.119289473,T,TGT,F I,1,84.91
2025-11-21,9:45:45.119291541,T,TGT,F I,58,84.91
2025-11-21,9:45:45.119360726,T,TGT,,100,84.92
2025-11-21,9:45:46.206333224,T,TGT,F I,3,84.92
2025-11-21,9:45:46.762628525,T,TGT,I,6,84.945
2025-11-21,9:45:46.922742026,T,TGT,,100,84.91
2025-11-21,9:45:46.922745034,T,TGT,I,10,84.91
2025-11-21,9:45:46.922745034,T,TGT,I,5,84.91
2025-11-21,9:45:46.922760009,T,TGT,I,1,84.91
2025-11-21,9:45:46.922781136,T,TGT,F I,19,84.91
2025-11-21,9:45:46.923000914,T,TGT,,100,84.92
2025-11-21,9:45:46.923000914,T,TGT,I,25,84.92
2025-11-21,9:45:46.923250208,T,TGT,F I,25,84.91
2025-11-21,9:45:46.923253297,T,TGT,F I,23,84.91
2025-11-21,9:45:46.923253297,T,TGT,F I,4,84.91
2025-11-21,9:45:46.923256868,T,TGT,F I,1,84.91
2025-11-21,9:45:46.923313378,T,TGT,F I,2,84.92
2025-11-21,9:45:46.923858155,T,TGT,F I,1,84.91
2025-11-21,9:45:46.923860711,T,TGT,F I,2,84.92
2025-11-21,9:45:46.924393018,T,TGT,I,1,84.92
2025-11-21,9:45:46.924420076,T,TGT,F I,7,84.92
2025-11-21,9:45:46.924441058,T,TGT,F I,13,84.92
2025-11-21,9:45:46.924444891,T,TGT,F I,27,84.92
2025-11-21,9:45:46.924448014,T,TGT,F I,27,84.92
2025-11-21,9:45:46.924450156,T,TGT,F I,7,84.92
2025-11-21,9:45:46.924453947,T,TGT,F I,20,84.92
2025-11-21,9:45:46.924453947,T,TGT,F I,27,84.92
2025-11-21,9:45:46.924456714,T,TGT,F I,27,84.92
2025-11-21,9:45:46.924456714,T,TGT,F I,2,84.92
2025-11-21,9:45:46.925069553,T,TGT,F I,2,84.92
2025-11-21,9:45:46.925096880,T,TGT,F I,25,84.91
2025-11-21,9:45:46.925096880,T,TGT,F I,4,84.91
2025-11-21,9:45:46.925169308,T,TGT,F I,25,84.92
2025-11-21,9:45:46.925171787,T,TGT,F I,4,84.92
2025-11-21,9:45:46.925692302,T,TGT,F I,2,84.91
2025-11-21,9:45:46.925692302,T,TGT,F I,12,84.91
2025-11-21,9:45:46.925737270,T,TGT,F I,12,84.92
2025-11-21,9:45:46.925737270,T,TGT,F I,2,84.92
2025-11-21,9:45:46.926303140,T,TGT,F I,24,84.91
2025-11-21,9:45:46.926305797,T,TGT,F I,4,84.91
2025-11-21,9:45:46.926308819,T,TGT,F I,2,84.91
2025-11-21,9:45:46.926311523,T,TGT,F I,2,84.91
2025-11-21,9:45:46.926348413,T,TGT,F I,20,84.92
2025-11-21,9:45:46.926348413,T,TGT,F I,2,84.92
2025-11-21,9:45:46.926351728,T,TGT,F I,4,84.92
2025-11-21,9:45:46.926353634,T,TGT,F I,2,84.92
2025-11-21,9:45:46.926425748,T,TGT,F I,2,84.92
2025-11-21,9:45:46.926443880,T,TGT,F,100,84.93
2025-11-21,9:45:46.926726733,T,TGT,,100,84.92
2025-11-21,9:45:46.926726733,T,TGT,I,8,84.92
2025-11-21,9:45:46.926729667,T,TGT,I,2,84.92
2025-11-21,9:45:46.926729667,T,TGT,I,2,84.92
2025-11-21,9:45:46.926786658,T,TGT,F I,4,84.93
2025-11-21,9:45:46.926792731,T,TGT,F,100,84.93
2025-11-21,9:45:46.926798743,T,TGT,F I,25,84.93
2025-11-21,9:45:46.926822793,T,TGT,I,4,84.93
2025-11-21,9:45:46.926825784,T,TGT,I,4,84.93
2025-11-21,9:45:46.926825784,T,TGT,I,25,84.93
2025-11-21,9:45:46.926837838,T,TGT,F I,75,84.93
2025-11-21,9:45:46.926913111,T,TGT,F I,17,84.92
2025-11-21,9:45:46.926913111,T,TGT,F I,4,84.92
2025-11-21,9:45:46.926913111,T,TGT,F I,4,84.92
2025-11-21,9:45:46.926916268,T,TGT,F I,25,84.92
2025-11-21,9:45:46.927012214,T,TGT,F I,6,84.93
2025-11-21,9:45:46.927015219,T,TGT,F I,21,84.93
2025-11-21,9:45:46.927063356,T,TGT,F I,4,84.93
2025-11-21,9:45:46.927502303,T,TGT,F I,22,84.93
2025-11-21,9:45:46.927553802,T,TGT,F I,2,84.94
2025-11-21,9:45:46.927926581,T,TGT,I,8,84.94
2025-11-21,9:45:46.927926581,T,TGT,I,8,84.94
2025-11-21,9:45:46.927929413,T,TGT,,144,84.94
2025-11-21,9:45:46.928392621,T,TGT,I,4,84.94
2025-11-21,9:45:46.928392621,T,TGT,I,4,84.94
2025-11-21,9:45:46.928396187,T,TGT,I,22,84.94
2025-11-21,9:45:46.929742725,T,TGT,F I,5,84.94
2025-11-21,9:45:46.929742725,T,TGT,F I,21,84.94
2025-11-21,9:45:46.929748789,T,TGT,F I,27,84.94
2025-11-21,9:45:46.929748789,T,TGT,F I,52,84.94
2025-11-21,9:45:46.929748789,T,TGT,F I,27,84.94
2025-11-21,9:45:46.929751767,T,TGT,F I,8,84.94
2025-11-21,9:45:46.929754774,T,TGT,F I,15,84.94
2025-11-21,9:45:48.875287718,T,TGT,I,1,84.98
2025-11-21,9:45:48.875345136,T,TGT,F I,99,84.98
2025-11-21,9:45:48.875345136,T,TGT,F,100,84.98
2025-11-21,9:45:48.875347912,T,TGT,F I,3,84.98
2025-11-21,9:45:48.875350846,T,TGT,F,100,84.98
2025-11-21,9:45:48.875368879,T,TGT,I,1,84.98
2025-11-21,9:45:48.875392999,T,TGT,I,59,84.98
2025-11-21,9:45:54.617828497,T,TGT,I,2,85.03
2025-11-21,9:45:54.618042075,T,TGT,,100,85.01
2025-11-21,9:45:54.618165278,T,TGT,I,47,85.03
2025-11-21,9:45:54.618727682,T,TGT,I,39,85.03
2025-11-21,9:45:54.618971202,T,TGT,I,14,85.03
2025-11-21,9:45:54.618971202,T,TGT,I,34,85.03
2025-11-21,9:45:55.645006594,T,TGT,,100,85.07
2025-11-21,9:45:56.606111972,T,TGT,F I,3,85.05
2025-11-21,9:45:56.606114995,T,TGT,F I,30,85.05
2025-11-21,9:46:05.460934397,T,TGT,F I,6,85.12
2025-11-21,9:46:05.461051715,T,TGT,I,94,85.12
2025-11-21,9:46:05.461051715,T,TGT,I,2,85.12
2025-11-21,9:46:05.464188050,T,TGT,F I,34,85.12
2025-11-21,9:46:05.464194046,T,TGT,F I,41,85.12
2025-11-21,9:46:05.464209125,T,TGT,F I,2,85.12
2025-11-21,9:46:22.857622385,T,TGT,F I,75,85.11
2025-11-21,9:46:22.857673534,T,TGT,F I,75,85.11
2025-11-21,9:46:37.723620088,T,TGT,F I,1,85.15
2025-11-21,9:46:37.723620088,T,TGT,F I,5,85.15
2025-11-21,9:46:37.724368704,T,TGT,F,100,85.18
2025-11-21,9:46:37.727817985,T,TGT,F,242,85.18
2025-11-21,9:46:38.320379632,T,TGT,F I,75,85.195
2025-11-21,9:46:38.320430759,T,TGT,I,25,85.195
2025-11-21,9:46:41.170182083,T,TGT,F I,8,85.19
2025-11-21,9:46:41.210892991,T,TGT,,100,85.15
2025-11-21,9:46:43.069034816,T,TGT,I,45,85.16
2025-11-21,9:46:43.069473866,T,TGT,I,70,85.17
2025-11-21,9:46:53.720590890,T,TGT,F I,70,85.19
2025-11-21,9:46:59.890846710,T,TGT,I,75,85.205
2025-11-21,9:46:59.890867822,T,TGT,F I,25,85.205
2025-11-21,9:46:59.890871040,T,TGT,F I,5,85.205
2025-11-21,9:46:59.890873831,T,TGT,F I,20,85.2
2025-11-21,9:46:59.892837503,T,TGT,F I,6,85.21
2025-11-21,9:46:59.892837503,T,TGT,F I,70,85.21
2025-11-21,9:47:00.135882552,T,TGT,I,57,85.21
2025-11-21,9:47:00.136983101,T,TGT,I,70,85.21
2025-11-21,9:47:00.137025271,T,TGT,,100,85.21
2025-11-21,9:47:01.138633578,T,TGT,I,70,85.21
2025-11-21,9:47:01.138657544,T,TGT,F I,6,85.2
2025-11-21,9:47:01.138657544,T,TGT,F I,50,85.2
2025-11-21,9:47:01.169105005,T,TGT,I,5,85.205
2025-11-21,9:47:01.460866085,T,TGT,I,75,85.205
2025-11-21,9:47:02.109463369,T,TGT,F I,1,85.205
2025-11-21,9:47:07.456065907,T,TGT,F I,36,85.23
2025-11-21,9:47:07.456111038,T,TGT,F I,6,85.24
2025-11-21,9:47:07.456634270,T,TGT,F I,1,85.25
2025-11-21,9:47:07.456637267,T,TGT,F I,1,85.25
2025-11-21,9:47:07.456637267,T,TGT,F I,33,85.25
2025-11-21,9:47:07.461000670,T,TGT,F I,1,85.27
2025-11-21,9:47:07.539156888,T,TGT,I,10,85.28
2025-11-21,9:47:11.059932617,T,TGT,F I,1,85.26
2025-11-21,9:47:11.059944703,T,TGT,F I,20,85.26
2025-11-21,9:47:13.397512740,T,TGT,F I,3,85.23
2025-11-21,9:47:13.397557657,T,TGT,I,61,85.22
2025-11-21,9:47:13.398532071,T,TGT,I,75,85.205
2025-11-21,9:47:15.858392258,T,TGT,F I,10,85.18
2025-11-21,9:47:18.820878988,T,TGT,F I,2,85.2
2025-11-21,9:47:30.789960870,T,TGT,F I,75,85.235
2025-11-21,9:47:30.789972817,T,TGT,I,25,85.235
2025-11-21,9:47:30.790300664,T,TGT,I,75,85.235
2025-11-21,9:47:59.927625688,T,TGT,F,300,85.26
2025-11-21,9:47:59.927625688,T,TGT,F I,75,85.25
2025-11-21,9:47:59.927628295,T,TGT,F I,3,85.25
2025-11-21,9:47:59.927631359,T,TGT,F,100,85.24
2025-11-21,9:47:59.927631359,T,TGT,F I,48,85.24
2025-11-21,9:47:59.928695897,T,TGT,F I,75,85.23
2025-11-21,9:47:59.928695897,T,TGT,F I,2,85.22
2025-11-21,9:47:59.928698920,T,TGT,F,100,85.22
2025-11-21,9:47:59.929099098,T,TGT,,100,85.27
2025-11-21,9:47:59.929101769,T,TGT,I,29,85.27
2025-11-21,9:47:59.929805584,T,TGT,I,1,85.26
2025-11-21,9:47:59.929808458,T,TGT,I,15,85.25
2025-11-21,9:47:59.930055161,T,TGT,I,60,85.25
2025-11-21,9:47:59.930055161,T,TGT,,308,85.24
2025-11-21,9:47:59.930058740,T,TGT,F I,25,85.24
2025-11-21,9:47:59.930058740,T,TGT,F I,17,85.24
2025-11-21,9:47:59.930061661,T,TGT,F I,18,85.24
2025-11-21,9:47:59.930244506,T,TGT,F I,27,85.26
2025-11-21,9:47:59.930250538,T,TGT,F I,9,85.26
2025-11-21,9:47:59.930250538,T,TGT,F I,3,85.26
2025-11-21,9:47:59.930259593,T,TGT,F I,1,85.26
2025-11-21,9:47:59.930265582,T,TGT,I,17,85.26
2025-11-21,9:47:59.930337760,T,TGT,F I,14,85.27
2025-11-21,9:47:59.930340829,T,TGT,F,100,85.27
2025-11-21,9:47:59.930566740,T,TGT,I,12,85.28
2025-11-21,9:47:59.930683595,T,TGT,I,11,85.28
2025-11-21,9:47:59.930686562,T,TGT,I,12,85.28
2025-11-21,9:47:59.930788889,T,TGT,I,45,85.28
2025-11-21,9:47:59.930791870,T,TGT,,155,85.28
2025-11-21,9:47:59.931080521,T,TGT,F I,42,85.28
2025-11-21,9:47:59.931086549,T,TGT,I,15,85.28
2025-11-21,9:47:59.931086549,T,TGT,I,17,85.28
2025-11-21,9:47:59.931215939,T,TGT,I,7,85.27
2025-11-21,9:47:59.931222205,T,TGT,I,1,85.27
2025-11-21,9:47:59.931327285,T,TGT,I,14,85.27
2025-11-21,9:47:59.931417298,T,TGT,F I,12,85.27
2025-11-21,9:47:59.931447619,T,TGT,I,2,85.27
2025-11-21,9:47:59.931447619,T,TGT,I,14,85.27
2025-11-21,9:47:59.933492260,T,TGT,F I,14,85.24
2025-11-21,9:47:59.933495308,T,TGT,F I,3,85.24
2025-11-21,9:47:59.933537375,T,TGT,F I,40,85.26
2025-11-21,9:47:59.940589219,T,TGT,F I,14,85.31
2025-11-21,9:47:59.941521466,T,TGT,I,85,85.34
2025-11-21,9:47:59.952548721,T,TGT,F I,15,85.34
2025-11-21,9:47:59.953210341,T,TGT,F I,1,85.35
2025-11-21,9:47:59.953210341,T,TGT,F I,15,85.35
2025-11-21,9:48:00.012776156,T,TGT,I,17,85.34
2025-11-21,9:48:00.012776156,T,TGT,I,22,85.34
2025-11-21,9:48:18.658228396,T,TGT,F I,94,85.37
2025-11-21,9:48:18.658234398,T,TGT,F I,6,85.37
2025-11-21,9:48:18.658234398,T,TGT,F I,1,85.37
2025-11-21,9:48:18.658315651,T,TGT,F I,1,85.38
2025-11-21,9:48:18.662128799,T,TGT,I,75,85.4
2025-11-21,9:48:18.662973765,T,TGT,I,4,85.38
2025-11-21,9:48:18.662991751,T,TGT,I,14,85.38
2025-11-21,9:48:18.662994751,T,TGT,I,18,85.38
2025-11-21,9:48:20.741510584,T,TGT,I,1,85.42
2025-11-21,9:48:20.742367628,T,TGT,I,6,85.44
2025-11-21,9:48:20.742641717,T,TGT,I,34,85.42
2025-11-21,9:48:20.742644286,T,TGT,I,18,85.42
2025-11-21,9:48:20.742677343,T,TGT,I,14,85.41
2025-11-21,9:48:20.750065983,T,TGT,I,70,85.43
2025-11-21,9:48:38.437197060,T,TGT,F I,50,85.42
2025-11-21,9:48:38.437197060,T,TGT,F I,13,85.42
2025-11-21,9:48:38.437201832,T,TGT,F I,5,85.42
2025-11-21,9:48:38.447239780,T,TGT,I,32,85.44
2025-11-21,9:48:44.365290691,T,TGT,I,3,85.44
2025-11-21,9:48:44.365290691,T,TGT,I,89,85.44
2025-11-21,9:48:47.922616726,T,TGT,F I,3,85.49
2025-11-21,9:48:47.922621652,T,TGT,F I,70,85.49
2025-11-21,9:48:47.922672858,T,TGT,I,36,85.47
2025-11-21,9:48:47.922687838,T,TGT,I,14,85.47
2025-11-21,9:48:47.922730261,T,TGT,I,40,85.46
2025-11-21,9:48:47.922753977,T,TGT,I,29,85.46
2025-11-21,9:48:47.922826241,T,TGT,,100,85.46
2025-11-21,9:48:47.922928385,T,TGT,I,47,85.45
2025-11-21,9:48:47.922931459,T,TGT,I,14,85.45
2025-11-21,9:48:47.922956102,T,TGT,,100,85.45
2025-11-21,9:48:47.923187018,T,TGT,I,2,85.45
2025-11-21,9:48:47.923665211,T,TGT,F I,75,85.45
2025-11-21,9:48:47.923689227,T,TGT,F I,69,85.45
2025-11-21,9:48:47.923689227,T,TGT,I,1,85.45
2025-11-21,9:48:47.923692209,T,TGT,I,30,85.45
2025-11-21,9:48:47.923734328,T,TGT,,100,85.45
2025-11-21,9:48:48.657181741,T,TGT,F I,12,85.45
2025-11-21,9:48:48.657185030,T,TGT,F I,2,85.45
2025-11-21,9:48:48.657185030,T,TGT,F I,62,85.45
2025-11-21,9:48:48.657188135,T,TGT,F,100,85.45
2025-11-21,9:48:49.159179577,T,TGT,F I,7,85.45
2025-11-21,9:48:50.578558039,T,TGT,F I,1,85.5
2025-11-21,9:48:50.578558039,T,TGT,F I,1,85.5
2025-11-21,9:48:50.578561045,T,TGT,F I,50,85.5
2025-11-21,9:48:50.578564047,T,TGT,F I,14,85.5
2025-11-21,9:48:50.578564047,T,TGT,F I,1,85.5
2025-11-21,9:48:51.841230284,T,TGT,I,32,85.49
2025-11-21,9:48:53.335300621,T,TGT,F I,15,85.54
2025-11-21,9:49:01.096758153,T,TGT,I,13,85.54
2025-11-21,9:49:01.096899482,T,TGT,F I,1,85.55
2025-11-21,9:49:01.505714468,T,TGT,,100,85.56
2025-11-21,9:49:01.505729459,T,TGT,I,1,85.56
2025-11-21,9:49:01.505732473,T,TGT,F I,3,85.56
2025-11-21,9:49:01.624735119,T,TGT,F I,15,85.6
2025-11-21,9:49:01.624738017,T,TGT,F I,2,85.6
2025-11-21,9:49:01.624879315,T,TGT,F I,96,85.63
2025-11-21,9:49:01.701144048,T,TGT,F,154,85.63
2025-11-21,9:49:01.778331934,T,TGT,F I,1,85.65
2025-11-21,9:49:12.191185148,T,TGT,F I,75,85.64
2025-11-21,9:49:12.191239226,T,TGT,F I,25,85.64
2025-11-21,9:49:13.061861391,T,TGT,F I,1,85.63
2025-11-21,9:49:13.061882586,T,TGT,,100,85.64
2025-11-21,9:49:13.263034622,T,TGT,F,200,85.59
2025-11-21,9:49:15.151284016,T,TGT,F I,60,85.58
2025-11-21,9:49:17.285035436,T,TGT,I,62,85.55
2025-11-21,9:49:19.391286258,T,TGT,,100,85.575
2025-11-21,9:49:19.403296955,T,TGT,F,145,85.54
2025-11-21,9:49:20.366783306,T,TGT,F I,75,85.565
2025-11-21,9:49:20.719932629,T,TGT,I,22,85.565
2025-11-21,9:49:20.719962768,T,TGT,I,75,85.54
2025-11-21,9:49:20.719962768,T,TGT,I,25,85.53
2025-11-21,9:49:20.719966310,T,TGT,,178,85.55
2025-11-21,9:49:20.719971728,T,TGT,,100,85.53
2025-11-21,9:49:20.720004863,T,TGT,I,6,85.54
2025-11-21,9:49:20.720004863,T,TGT,I,15,85.53
2025-11-21,9:49:20.720008115,T,TGT,I,70,85.53
2025-11-21,9:49:20.720074286,T,TGT,I,75,85.53
2025-11-21,9:49:20.720074286,T,TGT,I,25,85.52
2025-11-21,9:49:20.720091951,T,TGT,F I,75,85.52
2025-11-21,9:49:20.720128024,T,TGT,F I,12,85.53
2025-11-21,9:49:22.834871146,T,TGT,F,120,85.5
2025-11-21,9:49:24.684613985,T,TGT,I,5,85.51
2025-11-21,9:49:24.684613985,T,TGT,I,58,85.51
2025-11-21,9:49:25.697514172,T,TGT,,100,85.5
2025-11-21,9:49:25.697526306,T,TGT,I,21,85.5
2025-11-21,9:49:25.697526306,T,TGT,I,4,85.5
2025-11-21,9:49:25.697535798,T,TGT,I,69,85.5
2025-11-21,9:49:25.697667375,T,TGT,I,24,85.51
2025-11-21,9:49:25.698148572,T,TGT,,100,85.51
2025-11-21,9:49:25.698203423,T,TGT,I,15,85.49
2025-11-21,9:49:25.698265936,T,TGT,F I,1,85.49
2025-11-21,9:49:25.698422251,T,TGT,,100,85.5
2025-11-21,9:49:25.698446244,T,TGT,,100,85.5
2025-11-21,9:49:25.698504160,T,TGT,I,6,85.49
2025-11-21,9:49:25.698555398,T,TGT,I,6,85.5
2025-11-21,9:49:25.698555398,T,TGT,I,23,85.5
2025-11-21,9:49:25.698559290,T,TGT,I,6,85.5
2025-11-21,9:49:25.698572516,T,TGT,I,11,85.5
2025-11-21,9:49:25.698575535,T,TGT,I,8,85.5
2025-11-21,9:49:25.698858276,T,TGT,I,14,85.5
2025-11-21,9:49:25.698924373,T,TGT,F,100,85.5
2025-11-21,9:49:25.699020599,T,TGT,I,1,85.5
2025-11-21,9:49:25.699024193,T,TGT,I,15,85.49
2025-11-21,9:49:25.699065684,T,TGT,,100,85.5
2025-11-21,9:49:25.699077740,T,TGT,F I,20,85.5
2025-11-21,9:49:25.699140910,T,TGT,I,24,85.5
2025-11-21,9:49:25.699171029,T,TGT,I,2,85.5
2025-11-21,9:49:25.699195658,T,TGT,I,74,85.5
2025-11-21,9:49:25.699198328,T,TGT,I,24,85.49
2025-11-21,9:49:25.699198328,T,TGT,I,10,85.49
2025-11-21,9:49:25.699204014,T,TGT,I,21,85.49
2025-11-21,9:49:25.699204014,T,TGT,I,15,85.49
2025-11-21,9:49:25.699327871,T,TGT,,100,85.5
2025-11-21,9:49:25.699435645,T,TGT,I,14,85.5
2025-11-21,9:49:25.699483731,T,TGT,I,12,85.49
2025-11-21,9:49:25.699525891,T,TGT,,100,85.49
2025-11-21,9:49:25.703441199,T,TGT,F I,24,85.52
2025-11-21,9:49:25.703820016,T,TGT,F I,14,85.52
2025-11-21,9:49:31.376636939,T,TGT,F,109,85.54
2025-11-21,9:49:31.376645895,T,TGT,F I,24,85.54
2025-11-21,9:49:35.380859400,T,TGT,I,32,85.535
2025-11-21,9:49:37.582133725,T,TGT,F I,3,85.48
2025-11-21,9:49:39.913413919,T,TGT,F I,4,85.47
2025-11-21,9:49:39.913416871,T,TGT,F I,2,85.47
2025-11-21,9:49:39.913594129,T,TGT,F I,75,85.47
2025-11-21,9:49:39.913603212,T,TGT,F I,6,85.47
2025-11-21,9:49:39.913804630,T,TGT,F I,6,85.47
2025-11-21,9:49:39.913840782,T,TGT,I,13,85.47
2025-11-21,9:49:44.657383654,T,TGT,,150,85.48
2025-11-21,9:49:44.895397667,T,TGT,I,14,85.51
2025-11-21,9:49:51.933355618,T,TGT,F I,50,85.45
2025-11-21,9:49:51.933355618,T,TGT,F I,10,85.45
2025-11-21,9:49:53.149934120,T,TGT,F I,20,85.43
2025-11-21,9:49:53.149937025,T,TGT,F I,80,85.43
2025-11-21,9:49:57.428463889,T,TGT,I,22,85.43
2025-11-21,9:50:05.948280146,T,TGT,F I,6,85.42
2025-11-21,9:50:05.948346205,T,TGT,I,16,85.42
2025-11-21,9:50:05.948367232,T,TGT,F I,1,85.41
2025-11-21,9:50:05.948370311,T,TGT,F I,80,85.41
2025-11-21,9:50:05.948370311,T,TGT,F I,75,85.41
2025-11-21,9:50:05.948388309,T,TGT,I,1,85.42
2025-11-21,9:50:05.948412351,T,TGT,I,31,85.42
2025-11-21,9:50:05.948421639,T,TGT,F I,13,85.44
2025-11-21,9:50:05.948421639,T,TGT,F I,16,85.44
2025-11-21,9:50:05.948424400,T,TGT,F,100,85.44
2025-11-21,9:50:19.036857232,T,TGT,I,16,85.43
2025-11-21,9:50:19.036860008,T,TGT,I,26,85.43
2025-11-21,9:50:19.036860008,T,TGT,I,5,85.43
2025-11-21,9:50:19.430428668,T,TGT,F I,75,85.42
2025-11-21,9:50:19.489278882,T,TGT,F I,25,85.42
2025-11-21,9:50:19.489281872,T,TGT,F I,38,85.4
2025-11-21,9:50:19.489302931,T,TGT,F I,12,85.4
2025-11-21,9:50:19.489302931,T,TGT,F I,13,85.4
2025-11-21,9:50:19.489308943,T,TGT,I,63,85.4
2025-11-21,9:50:19.489323942,T,TGT,I,37,85.4
2025-11-21,9:50:19.490415548,T,TGT,F I,50,85.41
2025-11-21,9:50:19.490437118,T,TGT,F I,42,85.42
2025-11-21,9:50:19.490437118,T,TGT,F I,54,85.42
2025-11-21,9:50:19.490440185,T,TGT,F,100,85.42
2025-11-21,9:50:19.490556861,T,TGT,F I,12,85.43
2025-11-21,9:50:19.490563107,T,TGT,F I,2,85.43
2025-11-21,9:50:19.490565981,T,TGT,F I,7,85.43
2025-11-21,9:50:19.490565981,T,TGT,F I,11,85.43
2025-11-21,9:50:19.491510470,T,TGT,F I,3,85.46
2025-11-21,9:50:19.491513165,T,TGT,F I,7,85.46
2025-11-21,9:50:19.649374234,T,TGT,F,100,85.49
2025-11-21,9:50:19.649377254,T,TGT,F I,22,85.49
2025-11-21,9:50:19.649524585,T,TGT,F I,50,85.5
2025-11-21,9:50:19.649958334,T,TGT,I,60,85.5
2025-11-21,9:50:19.649961193,T,TGT,I,12,85.49
2025-11-21,9:50:19.649963920,T,TGT,I,17,85.49
2025-11-21,9:50:19.649963920,T,TGT,I,14,85.49
2025-11-21,9:50:19.649969942,T,TGT,I,7,85.49
2025-11-21,9:50:19.649969942,T,TGT,I,33,85.49
2025-11-21,9:50:19.649982651,T,TGT,F I,2,85.49
2025-11-21,9:50:19.650763629,T,TGT,F I,4,85.5
2025-11-21,9:50:21.727014991,T,TGT,I,22,85.51
2025-11-21,9:50:23.964357252,T,TGT,I,50,85.47
2025-11-21,9:50:23.964357252,T,TGT,I,4,85.47
2025-11-21,9:50:23.964567686,T,TGT,F I,50,85.5
2025-11-21,9:50:25.725644248,T,TGT,I,50,85.47
2025-11-21,9:50:25.725644248,T,TGT,I,6,85.47
2025-11-21,9:50:26.541136066,T,TGT,F I,8,85.47
2025-11-21,9:50:34.820024435,T,TGT,F,100,85.39
2025-11-21,9:50:40.276343505,T,TGT,F I,75,85.37
2025-11-21,9:50:40.276343505,T,TGT,F I,28,85.36
2025-11-21,9:50:40.276391629,T,TGT,F I,75,85.36
2025-11-21,9:50:40.276412702,T,TGT,I,1,85.36
2025-11-21,9:50:40.277341884,T,TGT,F,100,85.38
2025-11-21,9:50:40.277444137,T,TGT,I,1,85.37
2025-11-21,9:50:40.284330496,T,TGT,I,4,85.4
2025-11-21,9:50:46.353449413,T,TGT,F I,10,85.42
2025-11-21,9:50:48.917098992,T,TGT,F I,1,85.46
2025-11-21,9:50:52.044056573,T,TGT,I,22,85.48
2025-11-21,9:50:58.822433342,T,TGT,I,12,85.495
2025-11-21,9:50:59.183013280,T,TGT,I,63,85.495
2025-11-21,9:51:03.367061163,T,TGT,I,13,85.49
2025-11-21,9:51:08.541079696,T,TGT,I,3,85.47
2025-11-21,9:51:08.542333610,T,TGT,I,1,85.47
2025-11-21,9:51:19.033499080,T,TGT,F I,1,85.5
2025-11-21,9:51:24.068805979,T,TGT,F I,50,85.52
2025-11-21,9:51:24.752565931,T,TGT,I,20,85.48
2025-11-21,9:51:33.386123084,T,TGT,I,1,85.45
2025-11-21,9:51:33.386128399,T,TGT,I,10,85.45
2025-11-21,9:51:33.386128399,T,TGT,I,3,85.44
2025-11-21,9:51:33.386155535,T,TGT,I,23,85.44
2025-11-21,9:51:33.386164784,T,TGT,I,22,85.44
2025-11-21,9:51:33.386167528,T,TGT,I,24,85.44
2025-11-21,9:51:33.386173475,T,TGT,I,17,85.44
2025-11-21,9:51:33.386182540,T,TGT,F I,31,85.44
2025-11-21,9:51:33.386185530,T,TGT,F I,5,85.44
2025-11-21,9:51:33.386185530,T,TGT,F I,2,85.44
2025-11-21,9:51:33.386188584,T,TGT,F I,10,85.44
2025-11-21,9:51:33.386188584,T,TGT,F I,22,85.44
2025-11-21,9:51:38.285695182,T,TGT,I,70,85.475
2025-11-21,9:51:38.285725212,T,TGT,F I,30,85.475
2025-11-21,9:51:46.639898650,T,TGT,I,16,85.42
2025-11-21,9:51:46.639898650,T,TGT,I,2,85.42
2025-11-21,9:51:46.639901649,T,TGT,I,82,85.42
2025-11-21,9:51:46.651352469,T,TGT,I,42,85.42
2025-11-21,9:51:46.651367645,T,TGT,F I,1,85.42
2025-11-21,9:51:53.094971597,T,TGT,I,10,85.46
2025-11-21,9:51:53.095527896,T,TGT,,112,85.46
2025-11-21,9:51:53.096481145,T,TGT,F I,1,85.46
2025-11-21,9:51:57.375750947,T,TGT,F,100,85.52
2025-11-21,9:51:57.375850188,T,TGT,I,75,85.5
2025-11-21,9:51:57.375850188,T,TGT,I,56,85.49
2025-11-21,9:51:57.375862281,T,TGT,I,17,85.5
2025-11-21,9:51:57.375880189,T,TGT,I,8,85.5
2025-11-21,9:51:57.375883289,T,TGT,I,14,85.49
2025-11-21,9:51:57.375883289,T,TGT,I,27,85.49
2025-11-21,9:51:57.379146046,T,TGT,,100,85.51
2025-11-21,9:51:58.974416514,T,TGT,F,100,85.52
2025-11-21,9:52:04.472529100,T,TGT,F I,6,85.48
2025-11-21,9:52:10.549436602,T,TGT,F I,75,85.49
2025-11-21,9:52:10.549487665,T,TGT,F I,25,85.49
2025-11-21,9:52:11.236050408,T,TGT,I,6,85.49
2025-11-21,9:52:13.538912754,T,TGT,I,2,85.44
2025-11-21,9:52:13.538915656,T,TGT,I,34,85.44
2025-11-21,9:52:13.538915656,T,TGT,I,1,85.44
2025-11-21,9:52:13.539393703,T,TGT,F I,75,85.43
2025-11-21,9:52:45.752313436,T,TGT,I,75,85.46
2025-11-21,9:52:52.763949675,T,TGT,F I,48,85.49
2025-11-21,9:52:52.763952731,T,TGT,F I,2,85.49
2025-11-21,9:52:52.763952731,T,TGT,F I,1,85.49
2025-11-21,9:52:52.764388740,T,TGT,F I,5,85.5
2025-11-21,9:52:59.089125590,T,TGT,I,75,85.505
2025-11-21,9:53:00.163176369,T,TGT,F,100,85.53
2025-11-21,9:53:00.163762703,T,TGT,F I,14,85.54
2025-11-21,9:53:00.164279926,T,TGT,I,49,85.54
2025-11-21,9:53:00.164325112,T,TGT,I,14,85.54
2025-11-21,9:53:00.164424578,T,TGT,I,18,85.54
2025-11-21,9:53:00.164445401,T,TGT,F,142,85.54
2025-11-21,9:53:00.164448512,T,TGT,F I,51,85.54
2025-11-21,9:53:00.164451362,T,TGT,F,100,85.54
2025-11-21,9:53:01.463958312,T,TGT,F,100,85.57
2025-11-21,9:53:01.466009295,T,TGT,I,60,85.58
2025-11-21,9:53:02.827816009,T,TGT,F I,3,85.56
2025-11-21,9:53:02.827818442,T,TGT,F I,3,85.56
2025-11-21,9:53:02.827824483,T,TGT,F I,4,85.56
2025-11-21,9:53:02.827836514,T,TGT,F I,11,85.56
2025-11-21,9:53:02.827872615,T,TGT,F,100,85.55
2025-11-21,9:53:02.827872615,T,TGT,F I,1,85.55
2025-11-21,9:53:02.827875572,T,TGT,F I,11,85.55
2025-11-21,9:53:07.565344020,T,TGT,F I,2,85.52
2025-11-21,9:53:07.565428182,T,TGT,,100,85.51
2025-11-21,9:53:07.565431473,T,TGT,,100,85.51
2025-11-21,9:53:07.565437246,T,TGT,,100,85.51
2025-11-21,9:53:07.565446270,T,TGT,I,1,85.51
2025-11-21,9:53:07.565446270,T,TGT,I,16,85.51
2025-11-21,9:53:07.565888325,T,TGT,F I,35,85.51
2025-11-21,9:53:08.566110195,T,TGT,I,64,85.53
2025-11-21,9:53:10.342640462,T,TGT,I,3,85.53
2025-11-21,9:53:16.573818712,T,TGT,I,1,85.51
2025-11-21,9:53:16.574053079,T,TGT,F I,1,85.51
2025-11-21,9:53:16.574269661,T,TGT,F I,10,85.51
2025-11-21,9:53:16.933923529,T,TGT,F I,70,85.51
2025-11-21,9:53:18.854812857,T,TGT,F I,58,85.51
2025-11-21,9:53:18.855098538,T,TGT,I,10,85.49
2025-11-21,9:53:18.855101581,T,TGT,I,22,85.49
2025-11-21,9:53:20.259934451,T,TGT,I,70,85.5
2025-11-21,9:53:20.259967454,T,TGT,I,30,85.52
2025-11-21,9:53:24.488073495,T,TGT,F I,12,85.52
2025-11-21,9:53:31.179368725,T,TGT,I,47,85.53
2025-11-21,9:53:38.454838734,T,TGT,I,75,85.48
2025-11-21,9:53:38.454842128,T,TGT,,118,85.47
2025-11-21,9:53:38.454845224,T,TGT,I,25,85.47
2025-11-21,9:53:38.454845224,T,TGT,F I,75,85.47
2025-11-21,9:53:38.454848049,T,TGT,F,143,85.47
2025-11-21,9:53:38.454848049,T,TGT,I,57,85.47
2025-11-21,9:53:38.455022125,T,TGT,I,2,85.47
2025-11-21,9:53:38.455142455,T,TGT,I,18,85.485
2025-11-21,9:53:38.455208986,T,TGT,I,3,85.485
2025-11-21,9:53:38.455536403,T,TGT,I,29,85.49
2025-11-21,9:53:38.455566475,T,TGT,F I,17,85.49
2025-11-21,9:53:39.845703267,T,TGT,F I,70,85.48
2025-11-21,9:53:41.241084552,T,TGT,I,6,85.48
2025-11-21,9:53:45.407784095,T,TGT,I,46,85.49
2025-11-21,9:53:54.768481798,T,TGT,I,64,85.47
2025-11-21,9:53:54.768491396,T,TGT,F I,11,85.47
2025-11-21,9:53:54.768491396,T,TGT,F I,7,85.46
2025-11-21,9:53:54.768493815,T,TGT,F I,1,85.46
2025-11-21,9:53:54.768496863,T,TGT,F I,6,85.46
2025-11-21,9:53:54.768496863,T,TGT,F I,39,85.46
2025-11-21,9:53:54.768508849,T,TGT,I,11,85.46
2025-11-21,9:53:54.769438661,T,TGT,F,100,85.48
2025-11-21,9:53:54.769621512,T,TGT,I,8,85.47
2025-11-21,9:53:54.769621512,T,TGT,I,4,85.47
2025-11-21,9:53:54.769624619,T,TGT,I,21,85.47
2025-11-21,9:53:54.769628945,T,TGT,I,18,85.47
2025-11-21,9:53:54.769633497,T,TGT,,127,85.46
2025-11-21,9:53:54.769633497,T,TGT,I,30,85.46
2025-11-21,9:53:54.769877175,T,TGT,I,10,85.47
2025-11-21,9:53:54.769880362,T,TGT,I,7,85.47
2025-11-21,9:53:54.769883739,T,TGT,I,22,85.47
2025-11-21,9:53:54.769883739,T,TGT,I,3,85.47
2025-11-21,9:53:54.770085126,T,TGT,F I,18,85.48
2025-11-21,9:53:54.770108952,T,TGT,F I,3,85.48
2025-11-21,9:53:54.770108952,T,TGT,F I,2,85.48
2025-11-21,9:53:54.770111853,T,TGT,F I,13,85.48
2025-11-21,9:53:54.770114784,T,TGT,F I,66,85.48
2025-11-21,9:53:54.770114784,T,TGT,F I,21,85.48
2025-11-21,9:53:54.770138714,T,TGT,F I,47,85.48
2025-11-21,9:53:54.770153739,T,TGT,F I,3,85.48
2025-11-21,9:53:54.770157342,T,TGT,F I,16,85.48
2025-11-21,9:53:54.770661968,T,TGT,F I,17,85.5
2025-11-21,9:53:54.770661968,T,TGT,F,100,85.5
2025-11-21,9:53:54.770665266,T,TGT,F,100,85.5
2025-11-21,9:53:54.770665266,T,TGT,F I,14,85.5
2025-11-21,9:53:54.770894379,T,TGT,F,940,85.5
2025-11-21,9:53:54.770902792,T,TGT,I,48,85.49
2025-11-21,9:53:54.770902792,T,TGT,,146,85.49
2025-11-21,9:53:54.770902792,T,TGT,I,16,85.49
2025-11-21,9:53:54.770924094,T,TGT,I,84,85.49
2025-11-21,9:53:54.770926679,T,TGT,I,5,85.49
2025-11-21,9:53:54.770926679,T,TGT,I,11,85.49
2025-11-21,9:53:54.770929622,T,TGT,I,1,85.49
2025-11-21,9:53:54.770929622,T,TGT,I,13,85.49
2025-11-21,9:53:54.770956738,T,TGT,,100,85.49
2025-11-21,9:53:54.770971851,T,TGT,I,16,85.49
2025-11-21,9:53:54.770971851,T,TGT,I,84,85.49
2025-11-21,9:53:54.770977694,T,TGT,I,16,85.49
2025-11-21,9:53:54.770977694,T,TGT,I,84,85.49
2025-11-21,9:53:54.770983745,T,TGT,I,14,85.49
2025-11-21,9:53:54.771053047,T,TGT,F,124,85.5
2025-11-21,9:53:54.771073943,T,TGT,,346,85.5
2025-11-21,9:53:54.771609186,T,TGT,F,100,85.49
2025-11-21,9:53:54.772090367,T,TGT,,120,85.48
2025-11-21,9:53:54.772117405,T,TGT,,100,85.48
2025-11-21,9:53:54.785836191,T,TGT,I,70,85.49
2025-11-21,9:53:54.785965398,T,TGT,I,70,85.49
2025-11-21,9:53:54.786726273,T,TGT,I,81,85.48
2025-11-21,9:53:54.786726273,T,TGT,,100,85.48
2025-11-21,9:53:55.399926153,T,TGT,F,1248,85.5
2025-11-21,9:53:55.399944215,T,TGT,I,1,85.5
2025-11-21,9:53:55.399944215,T,TGT,F,1381,85.5
2025-11-21,9:53:55.399947144,T,TGT,F,1100,85.5
2025-11-21,9:53:55.399959678,T,TGT,,212,85.5
2025-11-21,9:53:55.399965233,T,TGT,F I,58,85.5
2025-11-21,9:53:55.400497442,T,TGT,F,100,85.51
2025-11-21,9:53:55.404632701,T,TGT,I,17,85.5
2025-11-21,9:53:55.404632701,T,TGT,I,14,85.5
2025-11-21,9:53:55.404927071,T,TGT,I,19,85.5
2025-11-21,9:54:02.210783053,T,TGT,F,537,85.51
2025-11-21,9:54:02.210861222,T,TGT,I,1,85.51
2025-11-21,9:54:02.210861222,T,TGT,F I,77,85.51
2025-11-21,9:54:08.299899472,T,TGT,F,100,85.51
2025-11-21,9:54:08.299899472,T,TGT,F I,19,85.51
