DATE,TIME_M,EX,SYM_ROOT,TR_SCOND,SIZE,PRICE
2025-10-21,9:30:12.299091308,T,TGT,I,1,91.88
2025-10-21,9:30:12.299097388,T,TGT,Q,1,91.88
2025-10-21,9:30:21.607347976,T,TGT,F I,43,91.8
2025-10-21,9:30:32.493957168,T,TGT,F I,15,91.78
2025-10-21,9:31:13.324948141,T,TGT,,100,91.795
2025-10-21,9:31:18.984067867,T,TGT,,100,91.78
2025-10-21,9:31:18.984146391,T,TGT,F I,15,91.77
2025-10-21,9:31:18.984149433,T,TGT,F I,16,91.77
2025-10-21,9:31:18.984149433,T,TGT,F I,15,91.77
2025-10-21,9:31:18.984152077,T,TGT,F I,15,91.77
2025-10-21,9:31:18.984188135,T,TGT,,100,91.77
2025-10-21,9:31:18.984203163,T,TGT,F I,15,91.77
2025-10-21,9:31:18.984209605,T,TGT,F I,15,91.77
2025-10-21,9:31:18.984212140,T,TGT,F I,14,91.77
2025-10-21,9:31:18.984251231,T,TGT,F I,15,91.77
2025-10-21,9:31:18.984263280,T,TGT,F I,15,91.77
2025-10-21,9:31:18.984470754,T,TGT,F I,15,91.77
2025-10-21,9:31:18.984582096,T,TGT,I,15,91.77
2025-10-21,9:31:19.170749571,T,TGT,I,15,91.77
2025-10-21,9:31:26.000128458,T,TGT,,100,91.81
2025-10-21,9:31:37.140548220,T,TGT,,100,91.81
2025-10-21,9:31:37.140743629,T,TGT,I,2,91.79
2025-10-21,9:31:37.145113076,T,TGT,I,13,91.79
2025-10-21,9:31:37.145146175,T,TGT,I,13,91.79
2025-10-21,9:31:42.891190974,T,TGT,I,15,91.79
2025-10-21,9:31:43.459944986,T,TGT,,240,91.8
2025-10-21,9:31:43.459969012,T,TGT,F I,43,91.8
2025-10-21,9:31:43.459972329,T,TGT,,217,91.8
2025-10-21,9:31:43.460020176,T,TGT,I,15,91.79
2025-10-21,9:31:43.460146504,T,TGT,,100,91.79
2025-10-21,9:31:43.460648640,T,TGT,F,105,91.8
2025-10-21,9:31:43.460651633,T,TGT,,395,91.8
2025-10-21,9:31:43.460702763,T,TGT,I,15,91.79
2025-10-21,9:31:43.888381753,T,TGT,,100,91.79
2025-10-21,9:31:50.438939286,T,TGT,I,15,91.76
2025-10-21,9:31:50.438969338,T,TGT,I,30,91.76
2025-10-21,9:31:50.444340172,T,TGT,F,100,91.78
2025-10-21,9:31:50.444358565,T,TGT,F I,14,91.79
2025-10-21,9:31:50.444358565,T,TGT,F I,2,91.79
2025-10-21,9:31:50.444379287,T,TGT,I,7,91.79
2025-10-21,9:31:50.444400322,T,TGT,I,93,91.79
2025-10-21,9:31:50.444409269,T,TGT,I,2,91.77
2025-10-21,9:31:50.444412344,T,TGT,I,12,91.76
2025-10-21,9:31:50.444442421,T,TGT,F I,14,91.77
2025-10-21,9:31:50.444472505,T,TGT,I,2,91.77
2025-10-21,9:31:50.444701005,T,TGT,I,30,91.76
2025-10-21,9:31:51.130815896,T,TGT,F I,12,91.79
2025-10-21,9:31:51.130815896,T,TGT,F I,2,91.79
2025-10-21,9:31:54.764110826,T,TGT,I,1,91.81
2025-10-21,9:32:02.354452615,T,TGT,I,30,91.75
2025-10-21,9:32:02.354452615,T,TGT,I,15,91.75
2025-10-21,9:32:02.365185225,T,TGT,F I,30,91.735
2025-10-21,9:32:02.365188028,T,TGT,F I,70,91.77
2025-10-21,9:32:02.368048184,T,TGT,F I,5,91.78
2025-10-21,9:32:02.368051217,T,TGT,F I,71,91.78
2025-10-21,9:32:02.368051217,T,TGT,F I,24,91.79
2025-10-21,9:32:02.368234327,T,TGT,F I,30,91.775
2025-10-21,9:32:02.368237331,T,TGT,F I,70,91.79
2025-10-21,9:32:02.371028585,T,TGT,I,10,91.745
2025-10-21,9:32:02.371052148,T,TGT,I,25,91.745
2025-10-21,9:32:02.371052148,T,TGT,I,73,91.74
2025-10-21,9:32:02.371073062,T,TGT,I,25,91.74
2025-10-21,9:32:02.371551269,T,TGT,F,100,91.74
2025-10-21,9:32:02.371551269,T,TGT,F I,45,91.74
2025-10-21,9:32:02.371770747,T,TGT,I,8,91.73
2025-10-21,9:32:02.373102940,T,TGT,I,6,91.71
2025-10-21,9:32:02.373130030,T,TGT,I,7,91.71
2025-10-21,9:32:02.373130030,T,TGT,I,27,91.71
2025-10-21,9:32:02.373800600,T,TGT,I,1,91.7
2025-10-21,9:32:02.373818672,T,TGT,I,49,91.7
2025-10-21,9:32:02.376013893,T,TGT,F I,16,91.72
2025-10-21,9:32:02.376017055,T,TGT,F I,16,91.72
2025-10-21,9:32:02.376017055,T,TGT,F I,2,91.73
2025-10-21,9:32:02.390400081,T,TGT,F I,29,91.775
2025-10-21,9:32:02.414009420,T,TGT,F I,29,91.775
2025-10-21,9:32:02.456876475,T,TGT,F I,29,91.79
2025-10-21,9:32:02.460268856,T,TGT,F I,2,91.8
2025-10-21,9:32:02.460268856,T,TGT,F I,11,91.8
2025-10-21,9:32:02.460274951,T,TGT,F I,16,91.8
2025-10-21,9:32:02.460292603,T,TGT,F I,5,91.81
2025-10-21,9:32:02.460295667,T,TGT,F I,40,91.81
2025-10-21,9:32:02.460298971,T,TGT,F,100,91.81
2025-10-21,9:32:02.463098659,T,TGT,F I,1,91.84
2025-10-21,9:32:02.463098659,T,TGT,F I,1,91.84
2025-10-21,9:32:02.465810794,T,TGT,F,200,91.9
2025-10-21,9:32:02.465810794,T,TGT,F I,16,91.9
2025-10-21,9:32:02.465813817,T,TGT,F I,26,91.9
2025-10-21,9:32:02.465831806,T,TGT,I,1,91.9
2025-10-21,9:32:02.466048317,T,TGT,F I,4,91.9
2025-10-21,9:32:02.466216730,T,TGT,,100,91.89
2025-10-21,9:32:02.466219702,T,TGT,,287,91.89
2025-10-21,9:32:02.466237867,T,TGT,I,1,91.89
2025-10-21,9:32:02.466246831,T,TGT,F I,2,91.89
2025-10-21,9:32:02.466249780,T,TGT,F I,2,91.89
2025-10-21,9:32:02.466502545,T,TGT,F,100,91.89
2025-10-21,9:32:02.466502545,T,TGT,F,100,91.89
2025-10-21,9:32:02.472462585,T,TGT,I,30,91.88
2025-10-21,9:32:02.474910449,T,TGT,I,70,91.88
2025-10-21,9:32:02.474982685,T,TGT,F I,30,91.885
2025-10-21,9:32:02.475054750,T,TGT,F I,30,91.885
2025-10-21,9:32:02.475090915,T,TGT,I,40,91.885
2025-10-21,9:32:02.475096887,T,TGT,I,28,91.89
2025-10-21,9:32:02.475099888,T,TGT,I,2,91.89
2025-10-21,9:32:02.477713103,T,TGT,F I,95,91.92
2025-10-21,9:32:02.477716153,T,TGT,F I,5,91.86
2025-10-21,9:32:02.785740010,T,TGT,F I,3,91.92
2025-10-21,9:32:02.817312280,T,TGT,F I,25,91.93
2025-10-21,9:32:02.817417413,T,TGT,I,38,91.93
2025-10-21,9:32:02.848749145,T,TGT,F I,15,91.95
2025-10-21,9:32:08.586307800,T,TGT,F,114,91.92
2025-10-21,9:32:08.586311060,T,TGT,F I,2,91.92
2025-10-21,9:32:16.349856473,T,TGT,F I,78,91.98
2025-10-21,9:32:16.350206219,T,TGT,F I,35,91.99
2025-10-21,9:32:16.350208267,T,TGT,F I,43,91.99
2025-10-21,9:32:17.130411156,T,TGT,F I,2,91.99
2025-10-21,9:32:17.130748410,T,TGT,F I,5,92.0
2025-10-21,9:32:17.130751060,T,TGT,F I,1,92.0
2025-10-21,9:32:17.130753886,T,TGT,F I,12,92.0
2025-10-21,9:32:17.130757387,T,TGT,F I,1,92.0
2025-10-21,9:32:17.130757387,T,TGT,F I,10,92.0
2025-10-21,9:32:17.130762914,T,TGT,F,150,92.0
2025-10-21,9:32:17.130762914,T,TGT,F,100,92.0
2025-10-21,9:32:17.130856242,T,TGT,F,100,91.99
2025-10-21,9:32:17.130874181,T,TGT,I,1,91.99
2025-10-21,9:32:17.131051689,T,TGT,,100,92.0
2025-10-21,9:32:17.131070463,T,TGT,I,1,92.0
2025-10-21,9:32:17.131072925,T,TGT,F I,6,92.0
2025-10-21,9:32:17.131075688,T,TGT,F,100,92.0
2025-10-21,9:32:17.131421512,T,TGT,F I,1,91.99
2025-10-21,9:32:17.131424628,T,TGT,F I,6,91.99
2025-10-21,9:32:17.131424628,T,TGT,F I,5,91.99
2025-10-21,9:32:17.131460623,T,TGT,,255,91.98
2025-10-21,9:32:17.132155221,T,TGT,F,100,92.0
2025-10-21,9:32:17.132155221,T,TGT,F I,25,92.0
2025-10-21,9:32:17.132260567,T,TGT,F I,1,91.99
2025-10-21,9:32:17.138316979,T,TGT,F,100,91.96
2025-10-21,9:32:17.138319952,T,TGT,F,100,91.96
2025-10-21,9:32:19.698649933,T,TGT,F I,15,91.96
2025-10-21,9:32:22.387151394,T,TGT,F I,10,91.93
2025-10-21,9:32:42.057101495,T,TGT,F I,88,91.85
2025-10-21,9:32:42.057146623,T,TGT,F I,1,91.83
2025-10-21,9:32:42.057152629,T,TGT,F I,1,91.83
2025-10-21,9:32:42.057336060,T,TGT,F,222,91.81
2025-10-21,9:32:42.057895429,T,TGT,F,133,91.81
2025-10-21,9:32:42.057898439,T,TGT,F I,2,91.81
2025-10-21,9:32:42.058689238,T,TGT,I,3,91.8
2025-10-21,9:32:42.058692321,T,TGT,I,97,91.8
2025-10-21,9:32:42.058767966,T,TGT,I,3,91.8
2025-10-21,9:32:42.058767966,T,TGT,I,4,91.79
2025-10-21,9:32:42.058770485,T,TGT,I,9,91.79
2025-10-21,9:32:42.059895090,T,TGT,F I,88,91.78
2025-10-21,9:32:59.295265991,T,TGT,I,10,91.79
2025-10-21,9:33:00.235837894,T,TGT,F I,10,91.79
2025-10-21,9:33:02.239454707,T,TGT,I,17,91.83
2025-10-21,9:33:02.239457876,T,TGT,I,19,91.83
2025-10-21,9:33:02.239460598,T,TGT,,100,91.83
2025-10-21,9:33:02.239464199,T,TGT,I,1,91.83
2025-10-21,9:33:02.239464199,T,TGT,I,1,91.83
2025-10-21,9:33:02.239464199,T,TGT,I,1,91.83
2025-10-21,9:33:02.239466383,T,TGT,I,5,91.83
2025-10-21,9:33:02.239953549,T,TGT,I,10,91.86
2025-10-21,9:33:02.280712640,T,TGT,I,6,91.86
2025-10-21,9:33:02.280715697,T,TGT,I,20,91.86
2025-10-21,9:33:02.280715697,T,TGT,I,74,91.86
2025-10-21,9:33:05.636281277,T,TGT,,255,91.865
2025-10-21,9:33:05.636281277,T,TGT,I,30,91.865
2025-10-21,9:33:14.900753613,T,TGT,,255,91.865
2025-10-21,9:33:19.089736716,T,TGT,F I,3,91.865
2025-10-21,9:33:33.609680231,T,TGT,F I,1,91.9
2025-10-21,9:33:37.649297583,T,TGT,F I,1,91.865
2025-10-21,9:33:39.638260185,T,TGT,F,100,91.81
2025-10-21,9:33:39.639679575,T,TGT,I,4,91.76
2025-10-21,9:33:39.639679575,T,TGT,I,4,91.76
2025-10-21,9:33:39.663003170,T,TGT,F I,88,91.77
2025-10-21,9:33:39.669134789,T,TGT,,161,91.78
2025-10-21,9:33:40.614716634,T,TGT,I,55,91.79
2025-10-21,9:33:40.614720383,T,TGT,I,6,91.79
2025-10-21,9:34:10.260574389,T,TGT,I,16,91.81
2025-10-21,9:34:10.260595462,T,TGT,F I,84,91.81
2025-10-21,9:34:10.260595462,T,TGT,F I,39,91.81
2025-10-21,9:34:10.260598383,T,TGT,F,133,91.81
2025-10-21,9:34:11.845250655,T,TGT,F I,14,91.84
2025-10-21,9:34:11.845253677,T,TGT,F I,21,91.84
2025-10-21,9:34:11.845951280,T,TGT,F,100,91.88
2025-10-21,9:34:11.845954323,T,TGT,F I,16,91.88
2025-10-21,9:34:11.845957329,T,TGT,F I,87,91.88
2025-10-21,9:34:11.866072255,T,TGT,F I,25,91.93
2025-10-21,9:34:31.962275978,T,TGT,F,100,91.96
2025-10-21,9:34:31.962275978,T,TGT,F I,41,91.96
2025-10-21,9:34:42.404892356,T,TGT,I,3,91.95
2025-10-21,9:34:43.818025010,T,TGT,F I,12,91.97
2025-10-21,9:34:45.277350917,T,TGT,F I,3,92.01
2025-10-21,9:34:45.277402519,T,TGT,F I,1,92.02
2025-10-21,9:34:45.277450279,T,TGT,F I,24,92.03
2025-10-21,9:34:45.277456784,T,TGT,F I,7,92.03
2025-10-21,9:34:45.277456784,T,TGT,F I,72,92.03
2025-10-21,9:34:49.997988744,T,TGT,F I,34,92.04
2025-10-21,9:34:49.998006772,T,TGT,F I,2,92.04
2025-10-21,9:34:56.816418471,T,TGT,F I,16,92.08
2025-10-21,9:34:56.816566609,T,TGT,F I,16,92.08
2025-10-21,9:35:00.089864390,T,TGT,F,100,91.94
2025-10-21,9:35:00.089880046,T,TGT,I,1,91.94
2025-10-21,9:35:00.090471839,T,TGT,F I,8,91.94
2025-10-21,9:35:00.091879195,T,TGT,I,24,91.91
2025-10-21,9:35:03.044987163,T,TGT,F I,41,91.88
2025-10-21,9:35:03.044987163,T,TGT,F I,47,91.88
2025-10-21,9:35:03.045080095,T,TGT,F I,53,91.88
2025-10-21,9:35:05.283511079,T,TGT,I,2,91.875
2025-10-21,9:35:12.320666935,T,TGT,I,2,91.875
2025-10-21,9:35:24.070058763,T,TGT,I,9,91.9
2025-10-21,9:35:24.070080476,T,TGT,F I,91,91.9
2025-10-21,9:35:24.070080476,T,TGT,F I,3,91.9
2025-10-21,9:35:24.070082822,T,TGT,F I,3,91.9
2025-10-21,9:35:24.072873895,T,TGT,F I,2,91.9
2025-10-21,9:35:41.084388036,T,TGT,F I,5,92.0
2025-10-21,9:35:42.699626259,T,TGT,F I,1,92.04
2025-10-21,9:35:42.699632506,T,TGT,F I,16,92.05
2025-10-21,9:35:42.700760003,T,TGT,F I,19,92.09
2025-10-21,9:35:42.709465773,T,TGT,F,100,92.09
2025-10-21,9:35:42.709468959,T,TGT,F,787,92.11
2025-10-21,9:35:42.709468959,T,TGT,F I,30,92.11
2025-10-21,9:35:42.709472353,T,TGT,F I,83,92.11
2025-10-21,9:35:42.709477817,T,TGT,F,100,92.11
2025-10-21,9:35:44.425676231,T,TGT,F I,55,92.13
2025-10-21,9:35:44.965115812,T,TGT,I,88,92.125
2025-10-21,9:35:46.007320745,T,TGT,,100,92.1
2025-10-21,9:35:46.007386910,T,TGT,,200,92.09
2025-10-21,9:35:46.007423132,T,TGT,,200,92.09
2025-10-21,9:35:52.810901079,T,TGT,F,100,91.99
2025-10-21,9:35:55.114656809,T,TGT,F I,20,92.0
2025-10-21,9:36:12.218701647,T,TGT,F I,88,92.0
2025-10-21,9:36:12.218752699,T,TGT,F I,12,92.0
2025-10-21,9:36:12.368046358,T,TGT,I,5,92.025
2025-10-21,9:36:24.505061586,T,TGT,,255,92.025
2025-10-21,9:36:24.507229661,T,TGT,I,2,92.03
2025-10-21,9:36:24.510393281,T,TGT,I,25,92.02
2025-10-21,9:36:30.749706303,T,TGT,I,5,92.05
2025-10-21,9:36:39.686999461,T,TGT,F I,5,92.08
2025-10-21,9:36:40.076285903,T,TGT,I,1,92.08
2025-10-21,9:36:40.076285903,T,TGT,I,99,92.08
2025-10-21,9:36:46.373616169,T,TGT,,150,92.085
2025-10-21,9:36:46.696871286,T,TGT,I,29,92.1
2025-10-21,9:36:46.696889354,T,TGT,F I,71,92.1
2025-10-21,9:36:46.697084810,T,TGT,F,100,92.1
2025-10-21,9:36:50.003152454,T,TGT,,200,92.095
2025-10-21,9:37:07.852183244,T,TGT,I,55,92.11
2025-10-21,9:37:07.852207339,T,TGT,F I,4,92.11
2025-10-21,9:37:07.852486960,T,TGT,I,4,92.12
2025-10-21,9:37:07.852818062,T,TGT,F I,1,92.12
2025-10-21,9:37:07.852818062,T,TGT,F I,1,92.12
2025-10-21,9:37:07.852820928,T,TGT,F I,1,92.12
2025-10-21,9:37:07.852820928,T,TGT,F I,2,92.13
2025-10-21,9:37:07.852832852,T,TGT,F I,3,92.13
2025-10-21,9:37:20.454701590,T,TGT,I,5,92.11
2025-10-21,9:37:22.038120815,T,TGT,I,5,92.125
2025-10-21,9:37:22.298138434,T,TGT,F,100,92.11
2025-10-21,9:37:22.298141382,T,TGT,F I,25,92.11
2025-10-21,9:37:22.298303665,T,TGT,I,25,92.09
2025-10-21,9:37:22.298378904,T,TGT,I,25,92.1
2025-10-21,9:37:22.298387924,T,TGT,I,25,92.1
2025-10-21,9:37:22.298475161,T,TGT,I,50,92.1
2025-10-21,9:37:24.194841254,T,TGT,F I,23,92.1
2025-10-21,9:37:26.935543753,T,TGT,F,100,92.09
2025-10-21,9:37:26.935820415,T,TGT,F,200,92.08
2025-10-21,9:37:26.935979822,T,TGT,F,150,92.08
2025-10-21,9:37:26.936000887,T,TGT,I,1,92.08
2025-10-21,9:37:26.936010390,T,TGT,F I,49,92.08
2025-10-21,9:37:26.936010390,T,TGT,F I,31,92.08
2025-10-21,9:37:26.936012959,T,TGT,F I,50,92.08
2025-10-21,9:37:26.936018903,T,TGT,,119,92.08
2025-10-21,9:37:26.936021948,T,TGT,,500,92.08
2025-10-21,9:37:27.181093861,T,TGT,F,112,92.05
2025-10-21,9:37:27.181099873,T,TGT,F I,88,92.05
2025-10-21,9:37:27.181103564,T,TGT,F I,46,92.05
2025-10-21,9:37:27.181106382,T,TGT,F I,84,92.05
2025-10-21,9:37:27.181106382,T,TGT,F I,10,92.05
2025-10-21,9:37:27.181108804,T,TGT,F I,14,92.05
2025-10-21,9:37:30.929807088,T,TGT,F,100,92.07
2025-10-21,9:37:30.930450588,T,TGT,I,5,92.07
2025-10-21,9:37:33.050851413,T,TGT,,100,92.07
2025-10-21,9:37:33.050851413,T,TGT,I,25,92.06
2025-10-21,9:37:33.050853427,T,TGT,,100,92.05
2025-10-21,9:37:33.050857021,T,TGT,,100,92.04
2025-10-21,9:37:33.050857021,T,TGT,,100,92.04
2025-10-21,9:37:33.050859465,T,TGT,I,50,92.04
2025-10-21,9:37:42.467356131,T,TGT,F,100,92.07
2025-10-21,9:37:42.467359073,T,TGT,F I,3,92.07
2025-10-21,9:37:42.467653848,T,TGT,I,5,92.07
2025-10-21,9:37:48.157855601,T,TGT,F I,19,92.05
2025-10-21,9:38:09.623185103,T,TGT,F I,88,92.045
2025-10-21,9:38:11.658238526,T,TGT,F I,50,92.06
2025-10-21,9:38:11.658241856,T,TGT,F I,25,92.06
2025-10-21,9:38:11.658241856,T,TGT,F I,40,92.07
2025-10-21,9:38:11.658244565,T,TGT,F I,60,92.07
2025-10-21,9:38:11.658247564,T,TGT,F,100,92.08
2025-10-21,9:38:11.658256870,T,TGT,F,100,92.08
2025-10-21,9:38:11.658259987,T,TGT,F,100,92.08
2025-10-21,9:38:11.658259987,T,TGT,F I,5,92.09
2025-10-21,9:38:11.658262719,T,TGT,F I,10,92.09
2025-10-21,9:38:11.658280861,T,TGT,F,100,92.09
2025-10-21,9:38:11.658283883,T,TGT,F,100,92.12
2025-10-21,9:38:11.658283883,T,TGT,F,100,92.12
2025-10-21,9:38:11.659152723,T,TGT,F,100,92.12
2025-10-21,9:38:11.659156168,T,TGT,F,100,92.12
2025-10-21,9:38:11.659158998,T,TGT,F,100,92.12
2025-10-21,9:38:11.659161752,T,TGT,F,100,92.12
2025-10-21,9:38:11.659164964,T,TGT,F,100,92.12
2025-10-21,9:38:11.659225499,T,TGT,F I,25,92.14
2025-10-21,9:38:11.659501551,T,TGT,F I,10,92.15
2025-10-21,9:38:11.659505066,T,TGT,F I,3,92.15
2025-10-21,9:38:11.659507588,T,TGT,F I,9,92.15
2025-10-21,9:38:11.659525598,T,TGT,I,43,92.13
2025-10-21,9:38:11.659541299,T,TGT,I,41,92.13
2025-10-21,9:38:11.659541299,T,TGT,I,2,92.13
2025-10-21,9:38:11.659591925,T,TGT,I,43,92.13
2025-10-21,9:38:11.659695046,T,TGT,F I,22,92.15
2025-10-21,9:38:11.659703083,T,TGT,F,233,92.15
2025-10-21,9:38:11.659706178,T,TGT,F I,41,92.15
2025-10-21,9:38:11.659706178,T,TGT,F I,41,92.15
2025-10-21,9:38:11.659754124,T,TGT,I,41,92.13
2025-10-21,9:38:11.659836237,T,TGT,F,300,92.13
2025-10-21,9:38:11.659841416,T,TGT,I,22,92.12
2025-10-21,9:38:11.659841416,T,TGT,I,44,92.12
2025-10-21,9:38:11.659859388,T,TGT,F I,66,92.12
2025-10-21,9:38:11.659859388,T,TGT,I,1,92.12
2025-10-21,9:38:11.659884105,T,TGT,F,100,92.12
2025-10-21,9:38:11.659925560,T,TGT,F I,75,92.12
2025-10-21,9:38:11.659931572,T,TGT,F I,7,92.12
2025-10-21,9:38:11.659979766,T,TGT,F,100,92.12
2025-10-21,9:38:11.660042894,T,TGT,F I,37,92.12
2025-10-21,9:38:11.660253522,T,TGT,I,7,92.12
2025-10-21,9:38:11.660253522,T,TGT,I,10,92.12
2025-10-21,9:38:11.660256677,T,TGT,I,6,92.12
2025-10-21,9:38:11.660259434,T,TGT,I,25,92.13
2025-10-21,9:38:11.660259434,T,TGT,I,40,92.13
2025-10-21,9:38:11.660277484,T,TGT,I,60,92.12
2025-10-21,9:38:11.660295469,T,TGT,F I,25,92.12
2025-10-21,9:38:11.679911204,T,TGT,,100,92.11
2025-10-21,9:38:11.724369151,T,TGT,I,9,92.13
2025-10-21,9:38:22.666843116,T,TGT,F,100,92.14
2025-10-21,9:38:22.666845330,T,TGT,F I,5,92.14
2025-10-21,9:38:22.666848454,T,TGT,F I,5,92.14
2025-10-21,9:38:22.666848454,T,TGT,F I,3,92.14
2025-10-21,9:38:22.692334071,T,TGT,F I,5,92.17
2025-10-21,9:38:22.692337235,T,TGT,F,300,92.17
2025-10-21,9:38:22.692337235,T,TGT,F I,12,92.17
2025-10-21,9:38:22.692340057,T,TGT,F I,1,92.17
2025-10-21,9:38:22.708004443,T,TGT,F I,6,92.18
2025-10-21,9:38:26.151364269,T,TGT,F,100,92.18
2025-10-21,9:38:26.151445885,T,TGT,F I,90,92.19
2025-10-21,9:38:26.151466451,T,TGT,I,10,92.19
2025-10-21,9:38:38.580450359,T,TGT,F I,18,92.2
2025-10-21,9:38:38.580450359,T,TGT,F I,1,92.2
2025-10-21,9:38:38.580453299,T,TGT,F I,50,92.2
2025-10-21,9:38:38.580456343,T,TGT,F I,80,92.2
2025-10-21,9:38:38.580456343,T,TGT,F I,1,92.2
2025-10-21,9:38:38.616458151,T,TGT,F I,1,92.25
2025-10-21,9:38:38.616461670,T,TGT,F I,3,92.25
2025-10-21,9:38:38.616464194,T,TGT,F I,1,92.25
2025-10-21,9:38:38.616464194,T,TGT,F I,26,92.25
2025-10-21,9:38:38.616467081,T,TGT,F,100,92.25
2025-10-21,9:38:38.617736155,T,TGT,F I,1,92.27
2025-10-21,9:38:38.617811311,T,TGT,I,11,92.255
2025-10-21,9:38:38.617844390,T,TGT,I,11,92.255
2025-10-21,9:38:38.617892522,T,TGT,I,11,92.26
2025-10-21,9:38:38.618548071,T,TGT,I,11,92.26
2025-10-21,9:38:38.767216307,T,TGT,,100,92.28
2025-10-21,9:38:38.767965105,T,TGT,F,100,92.26
2025-10-21,9:38:39.286418945,T,TGT,F I,10,92.24
2025-10-21,9:38:44.923636787,T,TGT,F I,41,92.28
2025-10-21,9:38:52.393331268,T,TGT,I,48,92.24
2025-10-21,9:38:52.393343174,T,TGT,I,2,92.24
2025-10-21,9:38:54.899856751,T,TGT,F I,59,92.24
2025-10-21,9:38:54.899859790,T,TGT,F I,5,92.24
2025-10-21,9:38:56.426561136,T,TGT,I,1,92.25
2025-10-21,9:38:58.820426423,T,TGT,I,20,92.27
2025-10-21,9:38:58.820444460,T,TGT,I,52,92.27
2025-10-21,9:38:59.241826479,T,TGT,F I,2,92.28
2025-10-21,9:38:59.241826479,T,TGT,F I,5,92.28
2025-10-21,9:39:00.998224060,T,TGT,F I,9,92.29
2025-10-21,9:39:00.998254038,T,TGT,F I,12,92.29
2025-10-21,9:39:01.002686683,T,TGT,I,7,92.28
2025-10-21,9:39:01.003694020,T,TGT,,100,92.29
2025-10-21,9:39:03.145249340,T,TGT,I,1,92.3
2025-10-21,9:39:03.145252369,T,TGT,I,19,92.3
2025-10-21,9:39:03.145252369,T,TGT,I,1,92.3
2025-10-21,9:39:03.145255238,T,TGT,I,18,92.3
2025-10-21,9:39:03.145258332,T,TGT,I,50,92.3
2025-10-21,9:39:03.145261327,T,TGT,,100,92.3
2025-10-21,9:39:03.145264738,T,TGT,I,1,92.3
2025-10-21,9:39:04.081662236,T,TGT,I,9,92.305
2025-10-21,9:39:05.626132904,T,TGT,F I,8,92.33
2025-10-21,9:39:05.626148848,T,TGT,F I,42,92.33
2025-10-21,9:39:05.626148848,T,TGT,F I,37,92.33
2025-10-21,9:39:05.686264224,T,TGT,F I,1,92.35
2025-10-21,9:39:10.279013285,T,TGT,F I,24,92.37
2025-10-21,9:39:10.279013285,T,TGT,F I,22,92.37
2025-10-21,9:39:10.283797577,T,TGT,I,12,92.35
2025-10-21,9:39:10.348015592,T,TGT,F I,3,92.36
2025-10-21,9:39:10.385824670,T,TGT,I,9,92.36
2025-10-21,9:39:10.415761085,T,TGT,I,12,92.37
2025-10-21,9:39:10.416570839,T,TGT,I,12,92.35
2025-10-21,9:39:10.418296075,T,TGT,I,7,92.36
2025-10-21,9:39:10.418299772,T,TGT,I,12,92.36
2025-10-21,9:39:10.418299772,T,TGT,I,50,92.36
2025-10-21,9:39:10.418303024,T,TGT,I,25,92.36
2025-10-21,9:39:10.418303024,T,TGT,I,4,92.37
2025-10-21,9:39:10.418305805,T,TGT,I,10,92.37
2025-10-21,9:39:10.418528118,T,TGT,,100,92.36
2025-10-21,9:39:10.418528118,T,TGT,I,1,92.36
2025-10-21,9:39:10.418531072,T,TGT,I,2,92.36
2025-10-21,9:39:10.418531072,T,TGT,I,12,92.36
2025-10-21,9:39:10.418533782,T,TGT,I,25,92.36
2025-10-21,9:39:10.418545646,T,TGT,I,1,92.37
2025-10-21,9:39:10.418897566,T,TGT,I,25,92.36
2025-10-21,9:39:10.418900516,T,TGT,I,40,92.36
2025-10-21,9:39:10.418906488,T,TGT,I,60,92.36
2025-10-21,9:39:10.418906488,T,TGT,I,5,92.35
2025-10-21,9:39:10.418930630,T,TGT,I,1,92.35
2025-10-21,9:39:10.418951674,T,TGT,,200,92.365
2025-10-21,9:39:10.418954758,T,TGT,I,40,92.35
2025-10-21,9:39:10.418957660,T,TGT,,100,92.35
2025-10-21,9:39:10.418957660,T,TGT,,150,92.35
2025-10-21,9:39:11.460681553,T,TGT,F,100,92.38
2025-10-21,9:39:11.460681553,T,TGT,F I,70,92.38
2025-10-21,9:39:11.460702578,T,TGT,I,30,92.38
2025-10-21,9:39:11.460702578,T,TGT,I,7,92.38
2025-10-21,9:39:11.461036531,T,TGT,I,1,92.37
2025-10-21,9:39:11.461039917,T,TGT,I,15,92.37
2025-10-21,9:39:12.035083020,T,TGT,F I,1,92.38
2025-10-21,9:39:12.035086045,T,TGT,F I,2,92.38
2025-10-21,9:39:12.035227306,T,TGT,F I,3,92.38
2025-10-21,9:39:12.511493079,T,TGT,F I,3,92.37
2025-10-21,9:39:12.511688499,T,TGT,F I,3,92.37
2025-10-21,9:39:13.490700936,T,TGT,F I,2,92.37
2025-10-21,9:39:13.490700936,T,TGT,F I,10,92.37
2025-10-21,9:39:13.490706999,T,TGT,F I,31,92.37
2025-10-21,9:39:13.490706999,T,TGT,F I,20,92.39
2025-10-21,9:39:13.490710012,T,TGT,F I,4,92.39
2025-10-21,9:39:13.655189867,T,TGT,,100,92.37
2025-10-21,9:39:15.528533117,T,TGT,F I,50,92.38
2025-10-21,9:39:15.529215736,T,TGT,F I,88,92.36
2025-10-21,9:39:15.529254800,T,TGT,F I,25,92.36
2025-10-21,9:39:16.454839000,T,TGT,F I,88,92.36
2025-10-21,9:39:17.206678374,T,TGT,I,25,92.38
2025-10-21,9:39:17.206678374,T,TGT,,255,92.385
2025-10-21,9:39:17.232512779,T,TGT,,100,92.39
2025-10-21,9:39:17.232536795,T,TGT,F I,58,92.39
2025-10-21,9:39:17.235132009,T,TGT,,100,92.395
2025-10-21,9:39:18.179171104,T,TGT,F I,50,92.36
2025-10-21,9:39:18.179171104,T,TGT,F I,38,92.36
2025-10-21,9:39:18.880026936,T,TGT,F I,88,92.37
2025-10-21,9:39:21.073227231,T,TGT,F I,50,92.36
2025-10-21,9:39:21.073227231,T,TGT,F I,25,92.36
2025-10-21,9:39:21.942929536,T,TGT,F,100,92.35
2025-10-21,9:39:21.942929536,T,TGT,F,100,92.35
2025-10-21,9:39:22.696494621,T,TGT,,100,92.355
2025-10-21,9:39:28.644651000,T,TGT,I,50,92.36
2025-10-21,9:39:28.644654094,T,TGT,I,50,92.34
2025-10-21,9:39:28.644654094,T,TGT,I,25,92.34
2025-10-21,9:39:28.644656962,T,TGT,,100,92.34
2025-10-21,9:39:28.644656962,T,TGT,,100,92.33
2025-10-21,9:39:28.644675080,T,TGT,,100,92.34
2025-10-21,9:39:28.644675080,T,TGT,I,1,92.34
2025-10-21,9:39:30.189269022,T,TGT,,100,92.34
2025-10-21,9:39:30.189292996,T,TGT,,100,92.34
2025-10-21,9:39:32.592171191,T,TGT,F,100,92.32
2025-10-21,9:39:32.592192901,T,TGT,I,1,92.32
2025-10-21,9:39:32.592192901,T,TGT,F,199,92.32
2025-10-21,9:39:32.592194840,T,TGT,F I,1,92.32
2025-10-21,9:39:32.592197853,T,TGT,F,116,92.32
2025-10-21,9:39:33.236997938,T,TGT,I,11,92.29
2025-10-21,9:39:33.236997938,T,TGT,I,10,92.29
2025-10-21,9:39:33.237000224,T,TGT,I,10,92.29
2025-10-21,9:39:33.237000224,T,TGT,I,6,92.29
2025-10-21,9:39:33.237027200,T,TGT,F I,50,92.29
2025-10-21,9:39:33.237030160,T,TGT,I,13,92.29
2025-10-21,9:39:42.108288793,T,TGT,I,2,92.255
2025-10-21,9:39:51.283033580,T,TGT,F I,1,92.26
2025-10-21,9:39:51.303049226,T,TGT,F I,60,92.29
2025-10-21,9:39:51.303070278,T,TGT,F I,40,92.29
2025-10-21,9:39:51.303073833,T,TGT,F I,1,92.29
2025-10-21,9:39:51.303073833,T,TGT,F I,5,92.29
2025-10-21,9:39:51.303076321,T,TGT,F I,82,92.29
2025-10-21,9:40:00.571767756,T,TGT,I,88,92.285
2025-10-21,9:40:00.571818923,T,TGT,I,12,92.285
2025-10-21,9:40:01.177188204,T,TGT,F,225,92.26
2025-10-21,9:40:01.178983501,T,TGT,I,5,92.25
2025-10-21,9:40:01.178986517,T,TGT,I,29,92.25
2025-10-21,9:40:01.179266119,T,TGT,,100,92.24
2025-10-21,9:40:01.228183681,T,TGT,F I,1,92.23
2025-10-21,9:40:01.228364798,T,TGT,,100,92.22
2025-10-21,9:40:01.228923561,T,TGT,F,100,92.21
2025-10-21,9:40:01.228944807,T,TGT,F,119,92.21
2025-10-21,9:40:01.229879736,T,TGT,F I,20,92.22
2025-10-21,9:40:01.229906799,T,TGT,F I,2,92.22
2025-10-21,9:40:01.229909803,T,TGT,F I,29,92.22
2025-10-21,9:40:01.229909803,T,TGT,F,100,92.22
2025-10-21,9:40:05.042690770,T,TGT,F,100,92.22
2025-10-21,9:40:05.042690770,T,TGT,F I,59,92.22
2025-10-21,9:40:05.042708652,T,TGT,I,16,92.22
2025-10-21,9:40:05.042711618,T,TGT,I,1,92.22
2025-10-21,9:40:05.042714734,T,TGT,I,1,92.22
2025-10-21,9:40:05.042741768,T,TGT,I,4,92.22
2025-10-21,9:40:05.042748026,T,TGT,I,4,92.22
2025-10-21,9:40:05.042748026,T,TGT,I,4,92.22
2025-10-21,9:40:05.042751278,T,TGT,I,2,92.22
2025-10-21,9:40:08.869920967,T,TGT,F I,50,92.28
2025-10-21,9:40:15.833356103,T,TGT,,100,92.22
2025-10-21,9:40:19.470987942,T,TGT,F,100,92.22
2025-10-21,9:40:19.470990753,T,TGT,F I,20,92.22
2025-10-21,9:40:19.470993701,T,TGT,F I,40,92.23
2025-10-21,9:40:19.470993701,T,TGT,F,100,92.23
2025-10-21,9:40:19.471015277,T,TGT,F I,24,92.23
2025-10-21,9:40:19.471030454,T,TGT,F,100,92.23
2025-10-21,9:40:19.471240547,T,TGT,,100,92.22
2025-10-21,9:40:19.471240547,T,TGT,,300,92.22
2025-10-21,9:40:19.471258379,T,TGT,I,1,92.22
2025-10-21,9:40:19.471258379,T,TGT,I,20,92.22
2025-10-21,9:40:19.471375636,T,TGT,I,69,92.23
2025-10-21,9:40:19.471409556,T,TGT,F I,31,92.23
2025-10-21,9:40:19.471411827,T,TGT,F I,63,92.23
2025-10-21,9:40:19.472022235,T,TGT,F I,24,92.23
2025-10-21,9:40:19.473571312,T,TGT,F,200,92.23
2025-10-21,9:40:19.475805198,T,TGT,F I,24,92.26
2025-10-21,9:40:19.475889459,T,TGT,F I,36,92.25
2025-10-21,9:40:19.475919478,T,TGT,,195,92.25
2025-10-21,9:40:19.475919478,T,TGT,I,1,92.25
2025-10-21,9:40:19.475922480,T,TGT,I,24,92.25
2025-10-21,9:40:19.480132575,T,TGT,F I,9,92.26
2025-10-21,9:40:19.480132575,T,TGT,F I,36,92.26
2025-10-21,9:40:19.480135484,T,TGT,F,100,92.27
2025-10-21,9:40:19.480544595,T,TGT,I,8,92.27
2025-10-21,9:40:19.480547601,T,TGT,F I,24,92.28
2025-10-21,9:40:19.480601693,T,TGT,F,100,92.27
2025-10-21,9:40:19.480857246,T,TGT,,100,92.28
2025-10-21,9:40:19.481022770,T,TGT,,100,92.27
2025-10-21,9:40:19.500957139,T,TGT,F I,3,92.29
2025-10-21,9:40:19.505161180,T,TGT,I,27,92.32
2025-10-21,9:40:19.681050251,T,TGT,I,40,92.35
2025-10-21,9:40:19.681053268,T,TGT,I,10,92.35
2025-10-21,9:40:19.681374915,T,TGT,,500,92.36
2025-10-21,9:40:19.681377980,T,TGT,I,1,92.36
2025-10-21,9:40:20.006536709,T,TGT,I,24,92.37
2025-10-21,9:40:21.127261769,T,TGT,F I,90,92.39
2025-10-21,9:40:21.127279850,T,TGT,I,1,92.39
2025-10-21,9:40:21.127297843,T,TGT,I,46,92.39
2025-10-21,9:40:21.127316127,T,TGT,I,31,92.39
2025-10-21,9:40:21.127321871,T,TGT,I,61,92.39
2025-10-21,9:40:21.127337001,T,TGT,F I,39,92.39
2025-10-21,9:40:26.217925382,T,TGT,I,4,92.385
2025-10-21,9:40:26.217994358,T,TGT,F I,5,92.39
2025-10-21,9:40:26.217997328,T,TGT,F I,31,92.39
2025-10-21,9:40:26.218421331,T,TGT,F I,20,92.4
2025-10-21,9:40:26.218421331,T,TGT,F I,1,92.4
2025-10-21,9:40:26.218424349,T,TGT,F I,7,92.4
2025-10-21,9:40:26.659837026,T,TGT,F I,3,92.41
2025-10-21,9:40:27.056746686,T,TGT,F I,16,92.41
2025-10-21,9:40:27.056752674,T,TGT,F,115,92.41
2025-10-21,9:40:27.057212803,T,TGT,F I,10,92.42
2025-10-21,9:40:27.057212803,T,TGT,F I,38,92.42
2025-10-21,9:40:27.078094496,T,TGT,I,4,92.43
2025-10-21,9:40:27.078578690,T,TGT,F I,25,92.44
2025-10-21,9:40:27.127354806,T,TGT,F I,1,92.45
2025-10-21,9:40:27.134496856,T,TGT,F I,1,92.46
2025-10-21,9:40:27.134499845,T,TGT,F I,14,92.46
2025-10-21,9:40:27.350760148,T,TGT,F I,1,92.49
2025-10-21,9:40:27.350856381,T,TGT,F I,37,92.49
2025-10-21,9:40:27.351257780,T,TGT,F I,1,92.5
2025-10-21,9:40:27.351262262,T,TGT,F I,1,92.5
2025-10-21,9:40:27.351262262,T,TGT,F I,1,92.5
2025-10-21,9:40:27.351265868,T,TGT,F I,21,92.5
2025-10-21,9:40:27.351265868,T,TGT,F I,10,92.5
2025-10-21,9:40:27.351272462,T,TGT,F,100,92.5
2025-10-21,9:40:27.351272462,T,TGT,F I,17,92.5
2025-10-21,9:40:27.351272462,T,TGT,F I,26,92.5
2025-10-21,9:40:27.351277925,T,TGT,F I,80,92.5
2025-10-21,9:40:27.351277925,T,TGT,F I,16,92.5
2025-10-21,9:40:27.351277925,T,TGT,F I,5,92.5
2025-10-21,9:40:27.351277925,T,TGT,F I,10,92.5
2025-10-21,9:40:27.351280995,T,TGT,F I,10,92.5
2025-10-21,9:40:27.351286511,T,TGT,F I,10,92.5
2025-10-21,9:40:27.351286511,T,TGT,F I,5,92.5
2025-10-21,9:40:27.351289904,T,TGT,F,100,92.5
2025-10-21,9:40:27.351292422,T,TGT,F,250,92.5
2025-10-21,9:40:27.351292422,T,TGT,F,1000,92.5
2025-10-21,9:40:27.351295430,T,TGT,F I,24,92.5
2025-10-21,9:40:27.351566067,T,TGT,,100,92.49
2025-10-21,9:40:27.351590042,T,TGT,,100,92.5
2025-10-21,9:40:27.351590042,T,TGT,I,1,92.49
2025-10-21,9:40:27.351590042,T,TGT,I,1,92.49
2025-10-21,9:40:27.351599126,T,TGT,I,25,92.49
2025-10-21,9:40:27.351602632,T,TGT,I,75,92.49
2025-10-21,9:40:27.351623145,T,TGT,,100,92.49
2025-10-21,9:40:27.351662310,T,TGT,I,49,92.5
2025-10-21,9:40:27.351674950,T,TGT,F I,3,92.5
2025-10-21,9:40:27.352790751,T,TGT,F I,75,92.5
2025-10-21,9:40:27.352790751,T,TGT,F,100,92.5
2025-10-21,9:40:27.357327788,T,TGT,F I,1,92.51
2025-10-21,9:40:27.357327788,T,TGT,F I,50,92.51
2025-10-21,9:40:27.401725610,T,TGT,F I,12,92.5
2025-10-21,9:40:27.401725610,T,TGT,F I,15,92.49
2025-10-21,9:40:27.402056273,T,TGT,F I,20,92.49
2025-10-21,9:40:27.402480293,T,TGT,F I,13,92.48
2025-10-21,9:40:27.561682728,T,TGT,F I,1,92.52
2025-10-21,9:40:27.561685580,T,TGT,F I,10,92.52
2025-10-21,9:40:27.561689060,T,TGT,F I,18,92.52
2025-10-21,9:40:29.170112637,T,TGT,F I,30,92.52
2025-10-21,9:40:35.691777427,T,TGT,F I,25,92.49
2025-10-21,9:40:35.691792441,T,TGT,F I,25,92.49
2025-10-21,9:40:35.691801419,T,TGT,I,25,92.49
2025-10-21,9:40:35.691822503,T,TGT,F I,25,92.49
2025-10-21,9:40:35.691840672,T,TGT,I,25,92.49
2025-10-21,9:40:35.692177289,T,TGT,F I,60,92.48
2025-10-21,9:40:35.692237582,T,TGT,I,15,92.48
2025-10-21,9:40:35.692237582,T,TGT,I,15,92.48
2025-10-21,9:40:35.692240437,T,TGT,I,10,92.48
2025-10-21,9:40:35.692258648,T,TGT,F I,25,92.48
2025-10-21,9:40:35.692258648,T,TGT,F I,3,92.48
2025-10-21,9:40:35.692261474,T,TGT,F I,37,92.48
2025-10-21,9:40:35.692271007,T,TGT,I,25,92.48
2025-10-21,9:40:35.692351706,T,TGT,F I,35,92.48
2025-10-21,9:40:35.692700565,T,TGT,F I,37,92.48
2025-10-21,9:40:36.462958704,T,TGT,I,56,92.49
2025-10-21,9:40:36.464603576,T,TGT,I,10,92.5
2025-10-21,9:40:36.464603576,T,TGT,I,5,92.5
2025-10-21,9:40:40.380903226,T,TGT,F I,13,92.54
2025-10-21,9:40:40.380909081,T,TGT,F I,36,92.54
2025-10-21,9:40:40.380936156,T,TGT,F I,1,92.55
2025-10-21,9:40:40.380939280,T,TGT,F I,10,92.55
2025-10-21,9:40:40.381805218,T,TGT,F I,1,92.56
2025-10-21,9:40:40.974252690,T,TGT,F I,22,92.58
2025-10-21,9:40:41.920610366,T,TGT,F,100,92.59
2025-10-21,9:40:41.920613375,T,TGT,F I,29,92.59
2025-10-21,9:40:41.920613375,T,TGT,F I,25,92.59
2025-10-21,9:40:41.921103527,T,TGT,F I,1,92.6
2025-10-21,9:40:41.921103527,T,TGT,F I,22,92.6
2025-10-21,9:40:41.921106850,T,TGT,F I,1,92.6
2025-10-21,9:40:41.921106850,T,TGT,F I,1,92.6
2025-10-21,9:40:41.921109547,T,TGT,F I,40,92.6
2025-10-21,9:40:41.921127672,T,TGT,,108,92.6
2025-10-21,9:40:41.921145709,T,TGT,I,52,92.6
2025-10-21,9:40:41.921482413,T,TGT,,100,92.6
2025-10-21,9:40:42.363977723,T,TGT,I,25,92.56
2025-10-21,9:40:42.600614464,T,TGT,,100,92.54
2025-10-21,9:40:43.210599815,T,TGT,F I,24,92.49
2025-10-21,9:40:43.266331528,T,TGT,,100,92.46
2025-10-21,9:40:43.267531376,T,TGT,I,80,92.46
2025-10-21,9:40:45.146540032,T,TGT,I,34,92.51
2025-10-21,9:40:50.756516651,T,TGT,,100,92.5
2025-10-21,9:40:51.284033524,T,TGT,I,50,92.5
2025-10-21,9:40:51.284036436,T,TGT,I,50,92.5
2025-10-21,9:40:51.284054438,T,TGT,I,48,92.5
2025-10-21,9:40:51.646516994,T,TGT,I,12,92.53
2025-10-21,9:40:51.646520061,T,TGT,I,46,92.53
2025-10-21,9:40:51.646529001,T,TGT,I,42,92.535
2025-10-21,9:40:51.646604159,T,TGT,I,58,92.535
2025-10-21,9:40:51.673668749,T,TGT,F I,6,92.535
2025-10-21,9:40:51.730877034,T,TGT,I,30,92.545
2025-10-21,9:40:55.654189486,T,TGT,F,100,92.54
2025-10-21,9:40:55.654189486,T,TGT,F I,23,92.54
2025-10-21,9:40:55.654192415,T,TGT,F I,1,92.54
2025-10-21,9:40:55.654192415,T,TGT,I,25,92.54
2025-10-21,9:40:55.654592251,T,TGT,F,100,92.53
2025-10-21,9:40:55.654592251,T,TGT,F,1000,92.53
2025-10-21,9:40:55.654595248,T,TGT,F I,24,92.53
2025-10-21,9:40:55.654595248,T,TGT,F,100,92.53
2025-10-21,9:40:55.655235802,T,TGT,F I,5,92.53
2025-10-21,9:40:55.655259855,T,TGT,F,100,92.53
2025-10-21,9:40:55.655280880,T,TGT,F,100,92.53
2025-10-21,9:40:55.656456769,T,TGT,F,100,92.525
2025-10-21,9:40:55.656456769,T,TGT,F I,38,92.53
2025-10-21,9:40:55.657085154,T,TGT,F I,29,92.54
2025-10-21,9:40:55.657088169,T,TGT,F I,22,92.54
2025-10-21,9:40:55.657145273,T,TGT,F I,1,92.54
2025-10-21,9:40:55.657169353,T,TGT,I,1,92.54
2025-10-21,9:40:55.657172405,T,TGT,F I,4,92.54
2025-10-21,9:40:55.676887337,T,TGT,,100,92.54
2025-10-21,9:40:56.193716665,T,TGT,F,100,92.53
2025-10-21,9:40:56.193740733,T,TGT,F I,25,92.52
2025-10-21,9:40:56.193740733,T,TGT,F I,2,92.52
2025-10-21,9:40:56.193993433,T,TGT,,100,92.52
2025-10-21,9:40:56.194213271,T,TGT,F,100,92.54
2025-10-21,9:40:56.194213271,T,TGT,F,100,92.54
2025-10-21,9:40:56.194215833,T,TGT,F I,19,92.54
2025-10-21,9:40:56.194218820,T,TGT,F,100,92.54
2025-10-21,9:40:56.194672952,T,TGT,F,100,92.55
2025-10-21,9:40:56.196507297,T,TGT,F I,2,92.56
2025-10-21,9:40:56.196531418,T,TGT,F I,88,92.56
2025-10-21,9:40:56.196540400,T,TGT,,112,92.56
2025-10-21,9:40:56.201790916,T,TGT,I,59,92.57
2025-10-21,9:40:56.205074932,T,TGT,F I,91,92.59
2025-10-21,9:40:56.205078048,T,TGT,F,150,92.58
2025-10-21,9:40:56.205078048,T,TGT,F,678,92.57
2025-10-21,9:40:56.205096831,T,TGT,I,1,92.57
2025-10-21,9:40:56.205098794,T,TGT,,100,92.57
2025-10-21,9:40:56.205101786,T,TGT,I,1,92.57
2025-10-21,9:40:56.205113915,T,TGT,I,20,92.57
2025-10-21,9:40:56.205117127,T,TGT,I,19,92.57
2025-10-21,9:40:56.205119789,T,TGT,,100,92.57
2025-10-21,9:40:56.205486987,T,TGT,F I,10,92.57
2025-10-21,9:40:57.364399720,T,TGT,F I,28,92.57
2025-10-21,9:40:57.364402822,T,TGT,F,149,92.57
2025-10-21,9:40:57.364406125,T,TGT,F I,1,92.57
2025-10-21,9:40:57.364409649,T,TGT,F,100,92.57
2025-10-21,9:40:57.364412824,T,TGT,F,100,92.57
2025-10-21,9:40:57.364412824,T,TGT,F,150,92.57
2025-10-21,9:40:57.364415593,T,TGT,F I,50,92.57
2025-10-21,9:40:57.364417861,T,TGT,F I,50,92.57
2025-10-21,9:40:57.364417861,T,TGT,F,100,92.57
2025-10-21,9:40:57.364420862,T,TGT,F,100,92.57
2025-10-21,9:40:57.364420862,T,TGT,F I,46,92.57
2025-10-21,9:40:59.738941084,T,TGT,,150,92.555
2025-10-21,9:40:59.740255234,T,TGT,F,100,92.55
2025-10-21,9:40:59.741572346,T,TGT,,100,92.555
2025-10-21,9:41:00.719075187,T,TGT,F I,88,92.56
2025-10-21,9:41:04.526482297,T,TGT,F I,5,92.54
2025-10-21,9:41:04.526482297,T,TGT,F,100,92.54
2025-10-21,9:41:04.526545444,T,TGT,F,100,92.53
2025-10-21,9:41:04.526545444,T,TGT,F,100,92.53
2025-10-21,9:41:04.527035531,T,TGT,F I,88,92.52
2025-10-21,9:41:04.554229317,T,TGT,,100,92.55
2025-10-21,9:41:04.554229317,T,TGT,I,22,92.55
2025-10-21,9:41:04.554232330,T,TGT,I,10,92.55
2025-10-21,9:41:04.560364048,T,TGT,,200,92.55
2025-10-21,9:41:04.560364048,T,TGT,I,28,92.55
2025-10-21,9:41:04.669199223,T,TGT,,100,92.565
2025-10-21,9:41:04.722886133,T,TGT,,100,92.565
2025-10-21,9:41:04.782533236,T,TGT,I,88,92.565
2025-10-21,9:41:04.782582045,T,TGT,I,12,92.565
2025-10-21,9:41:04.785125401,T,TGT,,100,92.565
2025-10-21,9:41:05.569463246,T,TGT,I,1,92.56
2025-10-21,9:41:06.038069567,T,TGT,I,7,92.565
2025-10-21,9:41:06.190126836,T,TGT,,100,92.565
2025-10-21,9:41:07.139690189,T,TGT,,100,92.56
2025-10-21,9:41:07.142276365,T,TGT,,120,92.55
2025-10-21,9:41:07.862020120,T,TGT,F,100,92.58
2025-10-21,9:41:07.862212904,T,TGT,I,16,92.57
2025-10-21,9:41:07.862212904,T,TGT,I,10,92.57
2025-10-21,9:41:07.862216511,T,TGT,I,28,92.57
2025-10-21,9:41:07.862221570,T,TGT,I,37,92.57
2025-10-21,9:41:07.862221570,T,TGT,I,56,92.57
2025-10-21,9:41:07.862227538,T,TGT,I,21,92.58
2025-10-21,9:41:07.862239570,T,TGT,I,46,92.57
2025-10-21,9:41:07.862258354,T,TGT,I,48,92.57
2025-10-21,9:41:07.862261291,T,TGT,,150,92.57
2025-10-21,9:41:07.862263743,T,TGT,,255,92.57
2025-10-21,9:41:07.862263743,T,TGT,,100,92.56
2025-10-21,9:41:07.862270042,T,TGT,I,21,92.56
2025-10-21,9:41:07.862270042,T,TGT,I,46,92.56
2025-10-21,9:41:07.862273050,T,TGT,I,19,92.56
2025-10-21,9:41:07.862276230,T,TGT,I,25,92.56
2025-10-21,9:41:07.862276230,T,TGT,,100,92.56
2025-10-21,9:41:07.862278784,T,TGT,I,25,92.56
2025-10-21,9:41:07.862278784,T,TGT,,600,92.56
2025-10-21,9:41:07.862281751,T,TGT,I,50,92.56
2025-10-21,9:41:07.862405001,T,TGT,F I,69,92.58
2025-10-21,9:41:07.862411717,T,TGT,I,31,92.58
2025-10-21,9:41:07.862411717,T,TGT,I,23,92.58
2025-10-21,9:41:07.862414035,T,TGT,,100,92.58
2025-10-21,9:41:07.862579493,T,TGT,F I,6,92.58
2025-10-21,9:41:07.862579493,T,TGT,F I,50,92.58
2025-10-21,9:41:07.862582474,T,TGT,F I,7,92.59
2025-10-21,9:41:07.862735799,T,TGT,F I,16,92.59
2025-10-21,9:41:07.862739369,T,TGT,F I,7,92.59
2025-10-21,9:41:07.862739369,T,TGT,F I,93,92.59
2025-10-21,9:41:07.862744860,T,TGT,F I,7,92.59
2025-10-21,9:41:07.863048586,T,TGT,F I,1,92.58
2025-10-21,9:41:07.863593055,T,TGT,I,1,92.59
2025-10-21,9:41:07.863593055,T,TGT,,494,92.59
2025-10-21,9:41:07.865502402,T,TGT,F I,19,92.59
2025-10-21,9:41:07.867283186,T,TGT,F I,18,92.6
2025-10-21,9:41:07.867297601,T,TGT,F I,25,92.6
2025-10-21,9:41:07.867297601,T,TGT,F I,99,92.61
2025-10-21,9:41:07.867300629,T,TGT,F,184,92.61
2025-10-21,9:41:07.867315688,T,TGT,F,145,92.61
2025-10-21,9:41:14.877744052,T,TGT,F,100,92.63
2025-10-21,9:41:14.877744052,T,TGT,F I,5,92.63
2025-10-21,9:41:14.877764988,T,TGT,I,1,92.63
2025-10-21,9:41:14.877767980,T,TGT,F I,20,92.63
2025-10-21,9:41:14.878011547,T,TGT,F I,4,92.63
2025-10-21,9:41:14.881851644,T,TGT,F I,2,92.65
2025-10-21,9:41:14.886104392,T,TGT,F,100,92.65
2025-10-21,9:41:14.886107115,T,TGT,F,150,92.65
2025-10-21,9:41:14.886107115,T,TGT,F I,27,92.64
2025-10-21,9:41:14.886110228,T,TGT,F I,34,92.64
2025-10-21,9:41:14.886113446,T,TGT,F I,25,92.64
2025-10-21,9:41:14.886113446,T,TGT,F I,50,92.64
2025-10-21,9:41:14.886115810,T,TGT,F I,26,92.64
2025-10-21,9:41:19.784798831,T,TGT,F I,88,92.63
2025-10-21,9:41:19.786296372,T,TGT,F I,12,92.63
2025-10-21,9:41:23.606571108,T,TGT,I,88,92.65
2025-10-21,9:41:23.606595225,T,TGT,I,12,92.645
2025-10-21,9:41:24.609057598,T,TGT,F I,1,92.67
2025-10-21,9:41:24.609060507,T,TGT,F I,9,92.67
2025-10-21,9:41:24.609063579,T,TGT,F,100,92.67
2025-10-21,9:41:24.609244099,T,TGT,F I,2,92.68
2025-10-21,9:41:24.609249998,T,TGT,F I,6,92.68
2025-10-21,9:41:24.609249998,T,TGT,F I,38,92.68
2025-10-21,9:41:24.609268091,T,TGT,F I,62,92.68
2025-10-21,9:41:24.609268091,T,TGT,F I,18,92.68
2025-10-21,9:41:24.609415453,T,TGT,I,25,92.68
2025-10-21,9:41:24.609415453,T,TGT,I,5,92.67
2025-10-21,9:41:24.609427395,T,TGT,I,30,92.68
2025-10-21,9:41:24.609488138,T,TGT,I,25,92.67
2025-10-21,9:41:24.609508623,T,TGT,I,1,92.67
2025-10-21,9:41:24.609515020,T,TGT,I,4,92.67
2025-10-21,9:41:24.609515020,T,TGT,,150,92.67
2025-10-21,9:41:24.609517642,T,TGT,,146,92.67
2025-10-21,9:41:24.609550979,T,TGT,I,24,92.66
2025-10-21,9:41:24.609553761,T,TGT,I,50,92.66
2025-10-21,9:41:24.609571739,T,TGT,I,1,92.67
2025-10-21,9:41:24.609601900,T,TGT,F I,24,92.67
2025-10-21,9:41:24.916044066,T,TGT,F,200,92.62
2025-10-21,9:41:24.916044066,T,TGT,F I,30,92.62
2025-10-21,9:41:24.916068039,T,TGT,I,32,92.62
2025-10-21,9:41:24.916077011,T,TGT,F,100,92.62
2025-10-21,9:41:24.916079990,T,TGT,F I,39,92.62
2025-10-21,9:41:24.916089222,T,TGT,F I,29,92.62
2025-10-21,9:41:24.916092101,T,TGT,F,147,92.62
2025-10-21,9:41:24.916095344,T,TGT,I,53,92.62
2025-10-21,9:41:24.916095344,T,TGT,,115,92.62
2025-10-21,9:41:24.916101544,T,TGT,F,168,92.62
2025-10-21,9:41:24.916101544,T,TGT,F,200,92.62
2025-10-21,9:41:24.916104704,T,TGT,F,168,92.62
2025-10-21,9:41:24.916107102,T,TGT,I,1,92.62
2025-10-21,9:41:24.916107102,T,TGT,I,48,92.62
2025-10-21,9:41:24.916224356,T,TGT,I,50,92.63
2025-10-21,9:41:24.916284546,T,TGT,I,1,92.62
2025-10-21,9:41:24.916308525,T,TGT,I,50,92.62
2025-10-21,9:41:24.917201920,T,TGT,F I,88,92.61
2025-10-21,9:41:24.917204842,T,TGT,F I,12,92.61
2025-10-21,9:41:24.917207723,T,TGT,F I,88,92.6
2025-10-21,9:41:24.917228794,T,TGT,I,1,92.6
2025-10-21,9:41:24.917255840,T,TGT,F I,11,92.6
2025-10-21,9:41:25.206340542,T,TGT,F I,30,92.58
2025-10-21,9:41:25.512902932,T,TGT,F I,1,92.59
2025-10-21,9:41:32.292401944,T,TGT,F I,29,92.58
2025-10-21,9:41:32.292411084,T,TGT,F I,50,92.58
2025-10-21,9:41:32.292501193,T,TGT,F,181,92.57
2025-10-21,9:41:32.292519313,T,TGT,I,1,92.57
2025-10-21,9:41:32.292528542,T,TGT,I,18,92.57
2025-10-21,9:41:32.292528542,T,TGT,I,10,92.57
2025-10-21,9:41:32.292528542,T,TGT,I,12,92.57
2025-10-21,9:41:32.292531653,T,TGT,I,1,92.57
2025-10-21,9:41:32.292531653,T,TGT,I,1,92.57
2025-10-21,9:41:32.292600402,T,TGT,F I,74,92.57
2025-10-21,9:41:32.293000372,T,TGT,F I,24,92.57
2025-10-21,9:41:32.312628850,T,TGT,F I,23,92.58
2025-10-21,9:41:32.312751464,T,TGT,F I,23,92.59
2025-10-21,9:41:32.313031126,T,TGT,F I,25,92.61
2025-10-21,9:41:34.240990409,T,TGT,I,23,92.59
2025-10-21,9:41:34.241020570,T,TGT,I,23,92.58
2025-10-21,9:41:34.241053657,T,TGT,,100,92.58
2025-10-21,9:41:34.819616960,T,TGT,F I,50,92.6
2025-10-21,9:41:36.005841202,T,TGT,I,7,92.62
2025-10-21,9:41:37.941958908,T,TGT,,100,92.62
2025-10-21,9:41:37.942415947,T,TGT,F I,61,92.62
2025-10-21,9:41:44.182688331,T,TGT,F I,88,92.58
2025-10-21,9:41:46.514840584,T,TGT,F I,6,92.57
2025-10-21,9:41:46.514849797,T,TGT,F I,88,92.57
2025-10-21,9:41:48.006075455,T,TGT,I,6,92.57
2025-10-21,9:41:48.011530400,T,TGT,F,100,92.56
2025-10-21,9:41:48.011533490,T,TGT,F,100,92.56
2025-10-21,9:41:54.681860391,T,TGT,F,100,92.56
2025-10-21,9:41:54.681860391,T,TGT,F I,5,92.56
2025-10-21,9:41:54.681932521,T,TGT,,100,92.56
2025-10-21,9:41:54.681950544,T,TGT,I,1,92.56
2025-10-21,9:41:54.681956617,T,TGT,,100,92.56
2025-10-21,9:41:54.682091952,T,TGT,,300,92.55
2025-10-21,9:41:54.682112947,T,TGT,F I,91,92.55
2025-10-21,9:41:54.682128884,T,TGT,,100,92.56
2025-10-21,9:41:54.682128884,T,TGT,I,30,92.56
2025-10-21,9:41:54.682134667,T,TGT,I,1,92.56
2025-10-21,9:41:54.682134667,T,TGT,I,19,92.56
2025-10-21,9:41:54.682137121,T,TGT,F I,46,92.55
2025-10-21,9:41:54.682137121,T,TGT,F I,25,92.56
2025-10-21,9:41:54.682197236,T,TGT,I,30,92.55
2025-10-21,9:41:54.682200181,T,TGT,I,1,92.55
2025-10-21,9:41:54.682221298,T,TGT,I,1,92.55
2025-10-21,9:41:54.682251388,T,TGT,I,99,92.55
2025-10-21,9:41:54.682594148,T,TGT,,143,92.55
2025-10-21,9:41:54.686082417,T,TGT,I,25,92.56
2025-10-21,9:42:00.122525213,T,TGT,F I,2,92.55
2025-10-21,9:42:00.122527685,T,TGT,F,100,92.55
2025-10-21,9:42:00.122530595,T,TGT,F I,19,92.55
2025-10-21,9:42:00.122545659,T,TGT,I,1,92.55
2025-10-21,9:42:01.103618054,T,TGT,F I,17,92.57
2025-10-21,9:42:01.105536613,T,TGT,F I,40,92.59
2025-10-21,9:42:01.105539620,T,TGT,F I,67,92.59
2025-10-21,9:42:11.794999006,T,TGT,F I,5,92.6
2025-10-21,9:42:11.794999006,T,TGT,F I,12,92.6
2025-10-21,9:42:15.400062995,T,TGT,I,20,92.65
2025-10-21,9:42:15.400065986,T,TGT,I,11,92.65
2025-10-21,9:42:15.400123176,T,TGT,I,31,92.64
2025-10-21,9:42:15.400153170,T,TGT,I,31,92.64
2025-10-21,9:42:15.400330676,T,TGT,I,31,92.63
2025-10-21,9:42:15.400333821,T,TGT,I,25,92.63
2025-10-21,9:42:15.400333821,T,TGT,I,10,92.63
2025-10-21,9:42:15.400351741,T,TGT,I,1,92.63
2025-10-21,9:42:15.400444970,T,TGT,I,50,92.64
2025-10-21,9:42:15.400447870,T,TGT,I,15,92.63
2025-10-21,9:42:15.400447870,T,TGT,I,50,92.63
2025-10-21,9:42:15.400502516,T,TGT,I,25,92.64
2025-10-21,9:42:15.400547622,T,TGT,I,50,92.63
2025-10-21,9:42:15.400757695,T,TGT,F,100,92.64
2025-10-21,9:42:15.400757695,T,TGT,F I,24,92.64
2025-10-21,9:42:15.400761105,T,TGT,F I,32,92.64
2025-10-21,9:42:15.400761105,T,TGT,F I,6,92.64
2025-10-21,9:42:15.400772916,T,TGT,I,1,92.64
2025-10-21,9:42:15.400808928,T,TGT,I,1,92.63
2025-10-21,9:42:15.400811912,T,TGT,I,6,92.63
2025-10-21,9:42:15.400811912,T,TGT,I,1,92.63
2025-10-21,9:42:15.400835824,T,TGT,F I,8,92.63
2025-10-21,9:42:15.400835824,T,TGT,F I,1,92.63
2025-10-21,9:42:15.400862854,T,TGT,F I,1,92.64
2025-10-21,9:42:15.400893018,T,TGT,F I,1,92.64
2025-10-21,9:42:15.400947166,T,TGT,I,24,92.63
2025-10-21,9:42:15.401274932,T,TGT,F I,17,92.61
2025-10-21,9:42:15.401280931,T,TGT,I,37,92.61
2025-10-21,9:42:15.401283926,T,TGT,I,4,92.61
2025-10-21,9:42:15.401792355,T,TGT,I,17,92.61
2025-10-21,9:42:15.402513799,T,TGT,F I,6,92.62
2025-10-21,9:42:15.402516890,T,TGT,F I,27,92.63
2025-10-21,9:42:15.402555905,T,TGT,I,62,92.63
2025-10-21,9:42:15.402576967,T,TGT,I,9,92.63
2025-10-21,9:42:15.402628058,T,TGT,,100,92.63
2025-10-21,9:42:15.402649137,T,TGT,I,1,92.63
2025-10-21,9:42:15.402679252,T,TGT,,382,92.63
2025-10-21,9:42:15.405842913,T,TGT,I,1,92.64
2025-10-21,9:42:15.405842913,T,TGT,I,24,92.64
2025-10-21,9:42:15.408501112,T,TGT,I,1,92.63
2025-10-21,9:42:15.408504066,T,TGT,I,9,92.63
2025-10-21,9:42:15.408525178,T,TGT,I,1,92.63
2025-10-21,9:42:15.408531170,T,TGT,I,7,92.63
2025-10-21,9:42:15.413805692,T,TGT,F,100,92.62
2025-10-21,9:42:15.413808716,T,TGT,F I,25,92.62
2025-10-21,9:42:16.331017989,T,TGT,I,12,92.6
2025-10-21,9:42:23.284006303,T,TGT,I,28,92.58
2025-10-21,9:42:25.645195749,T,TGT,I,1,92.575
2025-10-21,9:42:31.215399672,T,TGT,F,100,92.55
2025-10-21,9:42:31.216064222,T,TGT,F I,88,92.56
2025-10-21,9:42:31.216322831,T,TGT,I,11,92.55
2025-10-21,9:42:35.669142600,T,TGT,F I,95,92.56
2025-10-21,9:42:35.669158120,T,TGT,F I,5,92.56
2025-10-21,9:42:35.669158120,T,TGT,F,100,92.56
2025-10-21,9:42:35.669160783,T,TGT,I,1,92.56
2025-10-21,9:42:35.669163633,T,TGT,I,99,92.56
2025-10-21,9:42:36.609188278,T,TGT,I,13,92.55
2025-10-21,9:42:37.482465851,T,TGT,I,50,92.58
2025-10-21,9:42:46.768917611,T,TGT,I,7,92.575
2025-10-21,9:42:46.769001914,T,TGT,F I,88,92.58
2025-10-21,9:42:49.058575737,T,TGT,F I,5,92.59
2025-10-21,9:42:49.059826691,T,TGT,F I,1,92.6
2025-10-21,9:42:49.059854055,T,TGT,I,5,92.6
2025-10-21,9:42:49.068102429,T,TGT,I,5,92.61
2025-10-21,9:42:49.446054952,T,TGT,,145,92.625
2025-10-21,9:42:49.446054952,T,TGT,I,50,92.61
2025-10-21,9:42:49.446127308,T,TGT,I,45,92.61
2025-10-21,9:42:49.446130379,T,TGT,I,44,92.61
2025-10-21,9:42:49.446148103,T,TGT,I,1,92.61
2025-10-21,9:42:49.446154121,T,TGT,I,1,92.61
2025-10-21,9:42:49.446193301,T,TGT,I,54,92.61
2025-10-21,9:42:49.446472995,T,TGT,F,100,92.61
2025-10-21,9:42:49.449585323,T,TGT,,958,92.63
2025-10-21,9:42:52.963499202,T,TGT,I,68,92.665
2025-10-21,9:42:55.502189485,T,TGT,I,85,92.665
2025-10-21,9:43:02.841881605,T,TGT,F,149,92.65
2025-10-21,9:43:02.841890942,T,TGT,F I,51,92.65
2025-10-21,9:43:02.841890942,T,TGT,F,100,92.65
2025-10-21,9:43:02.841896208,T,TGT,F I,8,92.65
2025-10-21,9:43:02.841896208,T,TGT,F I,45,92.65
2025-10-21,9:43:02.841900083,T,TGT,F I,55,92.65
2025-10-21,9:43:02.841900083,T,TGT,F,149,92.65
2025-10-21,9:43:02.841905185,T,TGT,F,601,92.65
2025-10-21,9:43:02.841908915,T,TGT,F,100,92.65
2025-10-21,9:43:02.841908915,T,TGT,F I,6,92.65
2025-10-21,9:43:02.841911385,T,TGT,F,200,92.65
2025-10-21,9:43:02.841914932,T,TGT,F,100,92.65
2025-10-21,9:43:02.841914932,T,TGT,F,348,92.65
2025-10-21,9:43:02.841914932,T,TGT,I,1,92.65
2025-10-21,9:43:02.841918287,T,TGT,,100,92.65
2025-10-21,9:43:02.841920307,T,TGT,I,1,92.65
2025-10-21,9:43:02.841923238,T,TGT,F I,50,92.65
2025-10-21,9:43:02.841923238,T,TGT,F,100,92.65
2025-10-21,9:43:02.841923238,T,TGT,F,500,92.65
2025-10-21,9:43:08.782519616,T,TGT,F I,15,92.64
2025-10-21,9:43:08.828589451,T,TGT,I,24,92.655
2025-10-21,9:43:12.044796838,T,TGT,I,4,92.63
2025-10-21,9:43:15.359967141,T,TGT,I,7,92.64
2025-10-21,9:43:17.633744384,T,TGT,I,80,92.65
2025-10-21,9:43:17.633900762,T,TGT,F,100,92.65
2025-10-21,9:43:25.491669712,T,TGT,I,1,92.645
2025-10-21,9:43:26.444604020,T,TGT,I,9,92.645
2025-10-21,9:43:29.008740968,T,TGT,F I,4,92.66
2025-10-21,9:43:31.486906208,T,TGT,F I,88,92.66
2025-10-21,9:43:31.486957403,T,TGT,F I,12,92.66
2025-10-21,9:43:38.353555783,T,TGT,I,10,92.65
2025-10-21,9:43:38.353558891,T,TGT,I,40,92.65
2025-10-21,9:43:38.354773723,T,TGT,I,19,92.65
2025-10-21,9:43:38.354885020,T,TGT,I,10,92.65
2025-10-21,9:43:38.357239595,T,TGT,I,26,92.65
2025-10-21,9:43:43.214748598,T,TGT,I,14,92.65
2025-10-21,9:43:44.707631304,T,TGT,F I,5,92.68
2025-10-21,9:43:44.707634240,T,TGT,F,100,92.68
2025-10-21,9:43:46.242389577,T,TGT,I,5,92.7
2025-10-21,9:43:46.242392859,T,TGT,I,1,92.7
2025-10-21,9:43:46.242397802,T,TGT,I,23,92.7
2025-10-21,9:43:46.242397802,T,TGT,I,1,92.7
2025-10-21,9:43:46.242401066,T,TGT,,500,92.7
2025-10-21,9:43:46.242409778,T,TGT,F I,5,92.7
2025-10-21,9:43:46.242563140,T,TGT,I,79,92.7
2025-10-21,9:43:46.252495837,T,TGT,F,100,92.71
2025-10-21,9:43:48.972470081,T,TGT,F I,88,92.71
2025-10-21,9:43:52.968291037,T,TGT,F I,16,92.69
2025-10-21,9:43:52.968300051,T,TGT,F I,34,92.69
2025-10-21,9:43:52.968303057,T,TGT,F I,30,92.69
2025-10-21,9:43:52.968306094,T,TGT,F,187,92.69
2025-10-21,9:43:52.968312141,T,TGT,I,13,92.69
2025-10-21,9:43:52.968315167,T,TGT,,100,92.69
2025-10-21,9:43:52.968453652,T,TGT,F,200,92.68
2025-10-21,9:43:52.968453652,T,TGT,F I,10,92.68
2025-10-21,9:43:52.968513603,T,TGT,F I,30,92.68
2025-10-21,9:43:52.968562286,T,TGT,F,170,92.68
2025-10-21,9:43:52.968715259,T,TGT,F,200,92.68
2025-10-21,9:43:52.968715259,T,TGT,F,100,92.68
2025-10-21,9:43:52.968760427,T,TGT,F,100,92.68
2025-10-21,9:43:52.968784256,T,TGT,F,100,92.68
2025-10-21,9:43:52.968784256,T,TGT,F,100,92.68
2025-10-21,9:43:52.968793221,T,TGT,F,200,92.68
2025-10-21,9:43:52.968796309,T,TGT,F,390,92.68
2025-10-21,9:43:52.968892478,T,TGT,,100,92.69
2025-10-21,9:43:52.968895529,T,TGT,,100,92.69
2025-10-21,9:43:52.968895529,T,TGT,I,49,92.69
2025-10-21,9:43:52.968916541,T,TGT,I,1,92.69
2025-10-21,9:43:52.968949661,T,TGT,F I,49,92.68
2025-10-21,9:43:52.968949661,T,TGT,F I,49,92.68
2025-10-21,9:43:52.968982843,T,TGT,F,100,92.68
2025-10-21,9:43:52.969211255,T,TGT,,100,92.68
2025-10-21,9:43:52.969283822,T,TGT,I,1,92.69
2025-10-21,9:43:52.969286782,T,TGT,I,29,92.69
2025-10-21,9:43:52.969286782,T,TGT,,100,92.69
2025-10-21,9:43:52.969352611,T,TGT,F I,16,92.69
2025-10-21,9:43:52.969394647,T,TGT,I,3,92.69
2025-10-21,9:43:52.969404370,T,TGT,I,15,92.68
2025-10-21,9:43:52.969648392,T,TGT,I,85,92.68
2025-10-21,9:43:52.969648392,T,TGT,,100,92.68
2025-10-21,9:43:52.969648392,T,TGT,I,1,92.68
2025-10-21,9:43:52.970086429,T,TGT,F I,53,92.69
2025-10-21,9:43:52.970089369,T,TGT,F I,3,92.69
2025-10-21,9:43:52.970089369,T,TGT,F I,1,92.69
2025-10-21,9:43:52.970853353,T,TGT,F I,30,92.69
2025-10-21,9:43:52.972125212,T,TGT,F I,25,92.69
2025-10-21,9:43:52.972660417,T,TGT,I,25,92.69
2025-10-21,9:43:52.973039339,T,TGT,I,7,92.69
2025-10-21,9:43:52.973051416,T,TGT,F I,1,92.69
2025-10-21,9:43:52.973250440,T,TGT,F I,15,92.69
2025-10-21,9:43:52.973252840,T,TGT,F I,3,92.68
2025-10-21,9:43:52.973840215,T,TGT,F I,29,92.68
2025-10-21,9:43:52.974789574,T,TGT,F I,39,92.67
2025-10-21,9:43:52.974994108,T,TGT,I,29,92.68
2025-10-21,9:43:52.974996995,T,TGT,I,77,92.68
2025-10-21,9:43:52.975000378,T,TGT,I,39,92.68
2025-10-21,9:43:52.975003938,T,TGT,,114,92.68
2025-10-21,9:43:52.975054170,T,TGT,F I,48,92.68
2025-10-21,9:43:52.976326165,T,TGT,F I,48,92.67
2025-10-21,9:43:52.976326165,T,TGT,F I,7,92.67
2025-10-21,9:43:52.976883312,T,TGT,F,100,92.68
2025-10-21,9:43:52.976883312,T,TGT,F I,30,92.68
2025-10-21,9:43:52.976885756,T,TGT,F I,71,92.68
2025-10-21,9:43:52.976888519,T,TGT,F I,20,92.67
2025-10-21,9:43:52.976888519,T,TGT,F I,5,92.67
2025-10-21,9:43:52.976955203,T,TGT,F,100,92.69
2025-10-21,9:43:52.976957709,T,TGT,F,100,92.69
2025-10-21,9:43:52.976957709,T,TGT,F I,30,92.69
2025-10-21,9:43:52.977144148,T,TGT,F I,30,92.68
2025-10-21,9:43:52.979164923,T,TGT,F,100,92.66
2025-10-21,9:43:52.979294758,T,TGT,F,100,92.66
2025-10-21,9:43:52.979294758,T,TGT,F I,29,92.67
2025-10-21,9:43:52.979297280,T,TGT,F I,49,92.67
2025-10-21,9:43:52.979303273,T,TGT,I,79,92.67
2025-10-21,9:43:52.979348533,T,TGT,F I,27,92.67
2025-10-21,9:43:52.979351462,T,TGT,F I,23,92.67
2025-10-21,9:43:52.980530298,T,TGT,F,100,92.67
2025-10-21,9:43:52.980530298,T,TGT,F,106,92.67
2025-10-21,9:43:52.980659533,T,TGT,F I,15,92.67
2025-10-21,9:43:52.980803881,T,TGT,I,46,92.67
2025-10-21,9:43:52.990390733,T,TGT,,100,92.66
2025-10-21,9:43:53.018375445,T,TGT,I,14,92.66
2025-10-21,9:43:53.605274803,T,TGT,F,100,92.65
2025-10-21,9:43:53.605277816,T,TGT,F I,66,92.65
2025-10-21,9:43:53.605292859,T,TGT,I,1,92.65
2025-10-21,9:43:53.605295828,T,TGT,F I,33,92.65
2025-10-21,9:43:53.605725910,T,TGT,F I,1,92.66
2025-10-21,9:43:53.605728872,T,TGT,F I,48,92.66
2025-10-21,9:43:53.605731882,T,TGT,F I,29,92.66
2025-10-21,9:43:53.605734931,T,TGT,F I,49,92.66
2025-10-21,9:43:54.789330678,T,TGT,F,100,92.66
2025-10-21,9:43:54.789333595,T,TGT,F,500,92.66
2025-10-21,9:43:54.789337208,T,TGT,F I,1,92.66
2025-10-21,9:43:54.789337208,T,TGT,F I,2,92.66
2025-10-21,9:43:54.789340074,T,TGT,F I,22,92.66
2025-10-21,9:43:54.789342631,T,TGT,F I,55,92.66
2025-10-21,9:44:00.277381820,T,TGT,F I,18,92.64
2025-10-21,9:44:02.444994037,T,TGT,F I,1,92.66
2025-10-21,9:44:02.444997327,T,TGT,F I,2,92.66
2025-10-21,9:44:13.348879383,T,TGT,F,100,92.7
2025-10-21,9:44:13.348882554,T,TGT,F,100,92.7
2025-10-21,9:44:13.348882554,T,TGT,F I,20,92.7
2025-10-21,9:44:13.349312455,T,TGT,I,25,92.7
2025-10-21,9:44:13.349316785,T,TGT,,100,92.7
2025-10-21,9:44:13.349318412,T,TGT,I,10,92.695
2025-10-21,9:44:13.349321478,T,TGT,,107,92.69
2025-10-21,9:44:13.349336494,T,TGT,I,1,92.69
2025-10-21,9:44:13.349375676,T,TGT,I,92,92.69
2025-10-21,9:44:13.349375676,T,TGT,I,42,92.69
2025-10-21,9:44:13.349423767,T,TGT,F,107,92.69
2025-10-21,9:44:13.349429720,T,TGT,F I,1,92.69
2025-10-21,9:44:13.349447813,T,TGT,F I,1,92.69
2025-10-21,9:44:13.349450749,T,TGT,I,28,92.69
2025-10-21,9:44:13.349462737,T,TGT,I,63,92.69
2025-10-21,9:44:13.349528940,T,TGT,,100,92.69
2025-10-21,9:44:13.550100780,T,TGT,F I,4,92.69
2025-10-21,9:44:16.447672294,T,TGT,I,16,92.675
2025-10-21,9:44:22.876009693,T,TGT,F I,48,92.67
2025-10-21,9:44:24.925088756,T,TGT,F I,14,92.68
2025-10-21,9:44:27.604378997,T,TGT,I,10,92.665
2025-10-21,9:44:30.807754956,T,TGT,F I,88,92.66
2025-10-21,9:44:30.807802992,T,TGT,F I,88,92.66
2025-10-21,9:44:30.807995483,T,TGT,F I,1,92.66
2025-10-21,9:44:30.807995483,T,TGT,F I,24,92.66
2025-10-21,9:44:35.794364429,T,TGT,I,12,92.68
2025-10-21,9:44:44.394662612,T,TGT,F I,18,92.68
2025-10-21,9:44:44.394662612,T,TGT,F I,15,92.68
2025-10-21,9:44:45.406488990,T,TGT,I,8,92.67
2025-10-21,9:44:46.467858631,T,TGT,F I,18,92.68
2025-10-21,9:44:46.467861855,T,TGT,F I,11,92.68
2025-10-21,9:44:46.467861855,T,TGT,F I,50,92.68
2025-10-21,9:44:46.467864659,T,TGT,F I,73,92.68
2025-10-21,9:44:48.295757631,T,TGT,F I,14,92.68
2025-10-21,9:44:50.460248486,T,TGT,I,10,92.67
2025-10-21,9:44:50.860363703,T,TGT,F I,52,92.66
2025-10-21,9:44:50.860381702,T,TGT,I,52,92.66
2025-10-21,9:44:50.860399791,T,TGT,F I,50,92.66
2025-10-21,9:44:50.860956098,T,TGT,F I,67,92.66
2025-10-21,9:44:50.860959112,T,TGT,F I,34,92.65
2025-10-21,9:44:59.657585885,T,TGT,I,1,92.66
2025-10-21,9:45:00.530782259,T,TGT,I,51,92.66
2025-10-21,9:45:00.575778463,T,TGT,F I,88,92.66
2025-10-21,9:45:00.662017973,T,TGT,F I,1,92.65
2025-10-21,9:45:00.662017973,T,TGT,F I,1,92.65
2025-10-21,9:45:00.662023881,T,TGT,F I,99,92.65
2025-10-21,9:45:00.662023881,T,TGT,F I,3,92.64
2025-10-21,9:45:00.662026891,T,TGT,F I,1,92.64
2025-10-21,9:45:00.662105142,T,TGT,I,99,92.64
2025-10-21,9:45:00.662126123,T,TGT,I,1,92.64
2025-10-21,9:45:00.670101217,T,TGT,I,9,92.63
2025-10-21,9:45:00.670104224,T,TGT,I,2,92.63
2025-10-21,9:45:00.670107139,T,TGT,,100,92.63
2025-10-21,9:45:00.670113171,T,TGT,,100,92.63
2025-10-21,9:45:00.670113171,T,TGT,I,1,92.63
2025-10-21,9:45:02.205811863,T,TGT,F I,9,92.64
2025-10-21,9:45:02.205815073,T,TGT,F I,8,92.64
2025-10-21,9:45:02.205815073,T,TGT,F I,8,92.64
2025-10-21,9:45:05.992650694,T,TGT,F,247,92.62
2025-10-21,9:45:05.992650694,T,TGT,F I,1,92.62
2025-10-21,9:45:05.992652997,T,TGT,F I,12,92.62
2025-10-21,9:45:05.992656051,T,TGT,F I,5,92.62
2025-10-21,9:45:05.992869505,T,TGT,F I,1,92.6
2025-10-21,9:45:05.992899536,T,TGT,F I,50,92.6
2025-10-21,9:45:05.993362676,T,TGT,F I,1,92.6
2025-10-21,9:45:05.993396276,T,TGT,F I,1,92.6
2025-10-21,9:45:05.993422791,T,TGT,F I,1,92.58
2025-10-21,9:45:05.993467953,T,TGT,F I,3,92.58
2025-10-21,9:45:05.995175996,T,TGT,F I,26,92.59
2025-10-21,9:45:05.995179227,T,TGT,F I,10,92.59
2025-10-21,9:45:05.995179227,T,TGT,F I,11,92.59
2025-10-21,9:45:05.995182023,T,TGT,F I,40,92.59
2025-10-21,9:45:05.995215142,T,TGT,I,4,92.59
2025-10-21,9:45:05.995261013,T,TGT,F,100,92.58
2025-10-21,9:45:05.995261013,T,TGT,F I,29,92.58
2025-10-21,9:45:05.995266203,T,TGT,F I,26,92.58
2025-10-21,9:45:05.995353377,T,TGT,I,10,92.57
2025-10-21,9:45:05.995401544,T,TGT,F I,1,92.57
2025-10-21,9:45:06.004880080,T,TGT,F I,26,92.59
2025-10-21,9:45:06.080609573,T,TGT,I,15,92.58
2025-10-21,9:45:08.188219919,T,TGT,I,7,92.585
2025-10-21,9:45:08.188295040,T,TGT,,100,92.59
2025-10-21,9:45:08.664545736,T,TGT,F I,10,92.59
2025-10-21,9:45:10.133608744,T,TGT,,100,92.59
2025-10-21,9:45:10.133626682,T,TGT,I,1,92.59
2025-10-21,9:45:10.133653800,T,TGT,I,10,92.59
2025-10-21,9:45:13.204967202,T,TGT,I,19,92.59
2025-10-21,9:45:14.005269918,T,TGT,F I,10,92.57
2025-10-21,9:45:14.005269918,T,TGT,F,300,92.57
2025-10-21,9:45:14.005272865,T,TGT,F I,36,92.57
2025-10-21,9:45:14.005290864,T,TGT,I,1,92.57
2025-10-21,9:45:14.005423274,T,TGT,I,99,92.57
2025-10-21,9:45:14.005426283,T,TGT,I,1,92.57
2025-10-21,9:45:14.006087776,T,TGT,F I,11,92.57
2025-10-21,9:45:14.006093972,T,TGT,F I,88,92.57
2025-10-21,9:45:14.034559669,T,TGT,I,50,92.56
2025-10-21,9:45:14.034598690,T,TGT,,250,92.56
2025-10-21,9:45:14.035545957,T,TGT,F,100,92.56
2025-10-21,9:45:14.035964046,T,TGT,F I,10,92.56
2025-10-21,9:45:14.035967038,T,TGT,F I,10,92.56
2025-10-21,9:45:14.035967038,T,TGT,F I,30,92.57
2025-10-21,9:45:14.036493296,T,TGT,F I,30,92.57
2025-10-21,9:45:14.983590658,T,TGT,F I,50,92.58
2025-10-21,9:45:14.983593636,T,TGT,F,100,92.58
2025-10-21,9:45:14.983593636,T,TGT,F,100,92.58
2025-10-21,9:45:14.983596601,T,TGT,F I,17,92.58
2025-10-21,9:45:14.983638734,T,TGT,F I,10,92.59
2025-10-21,9:45:15.024217590,T,TGT,F I,27,92.58
2025-10-21,9:45:15.024220500,T,TGT,F,100,92.58
2025-10-21,9:45:15.024241515,T,TGT,F,100,92.58
2025-10-21,9:45:17.537515217,T,TGT,F I,27,92.58
2025-10-21,9:45:17.537518223,T,TGT,F I,26,92.58
2025-10-21,9:45:17.537518223,T,TGT,F I,43,92.58
2025-10-21,9:45:17.554343362,T,TGT,I,17,92.585
2025-10-21,9:45:19.368577766,T,TGT,I,22,92.585
2025-10-21,9:45:20.152822095,T,TGT,F I,1,92.57
2025-10-21,9:45:20.152825141,T,TGT,F,100,92.57
2025-10-21,9:45:28.482108415,T,TGT,I,1,92.58
2025-10-21,9:45:28.482144585,T,TGT,F I,7,92.58
2025-10-21,9:45:32.966780331,T,TGT,F,100,92.57
2025-10-21,9:45:32.966780331,T,TGT,F,100,92.57
2025-10-21,9:45:32.967156063,T,TGT,F I,88,92.56
2025-10-21,9:45:32.967516935,T,TGT,F I,12,92.56
2025-10-21,9:45:32.968903230,T,TGT,F I,19,92.56
2025-10-21,9:45:32.968906573,T,TGT,F I,37,92.56
2025-10-21,9:45:32.968906573,T,TGT,F I,20,92.56
2025-10-21,9:45:32.968909443,T,TGT,F I,11,92.56
2025-10-21,9:45:32.968909443,T,TGT,F I,50,92.56
2025-10-21,9:45:32.969279107,T,TGT,F I,35,92.55
2025-10-21,9:45:32.969682301,T,TGT,F I,28,92.57
2025-10-21,9:45:32.969685088,T,TGT,F,100,92.57
2025-10-21,9:45:32.969688071,T,TGT,F I,45,92.57
2025-10-21,9:45:32.969688071,T,TGT,F I,55,92.57
2025-10-21,9:45:32.969691012,T,TGT,F I,88,92.57
2025-10-21,9:45:32.969706142,T,TGT,I,1,92.57
2025-10-21,9:45:32.969892756,T,TGT,I,1,92.56
2025-10-21,9:45:32.969892756,T,TGT,,145,92.56
2025-10-21,9:45:32.969896267,T,TGT,I,28,92.55
2025-10-21,9:45:32.969898834,T,TGT,,100,92.55
2025-10-21,9:45:32.969898834,T,TGT,,100,92.55
2025-10-21,9:45:32.970124106,T,TGT,F,100,92.56
2025-10-21,9:45:32.970124106,T,TGT,F I,11,92.56
2025-10-21,9:45:32.970127280,T,TGT,F I,10,92.57
2025-10-21,9:45:32.970193273,T,TGT,,100,92.55
2025-10-21,9:45:32.970196471,T,TGT,I,28,92.55
2025-10-21,9:45:32.970196471,T,TGT,I,14,92.55
2025-10-21,9:45:32.970698422,T,TGT,,100,92.55
2025-10-21,9:45:33.313722769,T,TGT,,100,92.565
2025-10-21,9:45:34.745123993,T,TGT,F I,2,92.56
2025-10-21,9:45:34.745123993,T,TGT,F,166,92.55
2025-10-21,9:45:34.745142454,T,TGT,I,1,92.55
2025-10-21,9:45:34.745280417,T,TGT,I,1,92.55
2025-10-21,9:45:34.746008178,T,TGT,I,10,92.54
2025-10-21,9:45:34.748344888,T,TGT,I,30,92.545
2025-10-21,9:45:34.748344888,T,TGT,,255,92.545
2025-10-21,9:45:34.748383909,T,TGT,I,1,92.55
2025-10-21,9:45:34.748386830,T,TGT,I,20,92.55
2025-10-21,9:45:34.748440940,T,TGT,I,29,92.55
2025-10-21,9:45:34.748444083,T,TGT,I,28,92.55
2025-10-21,9:45:34.748444083,T,TGT,,100,92.55
2025-10-21,9:45:34.748922095,T,TGT,I,21,92.55
2025-10-21,9:45:34.748922095,T,TGT,I,32,92.55
2025-10-21,9:45:34.748928048,T,TGT,I,47,92.55
2025-10-21,9:45:34.748928048,T,TGT,I,29,92.55
2025-10-21,9:45:34.749141574,T,TGT,I,47,92.55
2025-10-21,9:45:34.749162676,T,TGT,I,53,92.55
2025-10-21,9:45:35.126510949,T,TGT,I,47,92.54
2025-10-21,9:45:35.126510949,T,TGT,I,53,92.54
2025-10-21,9:45:35.126787438,T,TGT,I,4,92.53
2025-10-21,9:45:35.126790359,T,TGT,I,8,92.53
2025-10-21,9:45:35.126796391,T,TGT,I,8,92.53
2025-10-21,9:45:35.126799569,T,TGT,I,12,92.53
2025-10-21,9:45:35.126799569,T,TGT,I,4,92.53
2025-10-21,9:45:36.837127303,T,TGT,F I,20,92.53
2025-10-21,9:45:36.837650546,T,TGT,,100,92.53
2025-10-21,9:45:36.839235301,T,TGT,I,9,92.53
2025-10-21,9:45:36.839235301,T,TGT,I,17,92.53
2025-10-21,9:45:36.904505791,T,TGT,I,9,92.53
2025-10-21,9:45:37.334019286,T,TGT,F I,9,92.52
2025-10-21,9:45:37.334019286,T,TGT,F I,1,92.52
2025-10-21,9:45:37.334025037,T,TGT,I,10,92.52
2025-10-21,9:45:37.334040128,T,TGT,I,3,92.52
2025-10-21,9:45:37.334046852,T,TGT,I,3,92.52
2025-10-21,9:45:37.334046852,T,TGT,I,3,92.52
2025-10-21,9:45:37.334049806,T,TGT,I,1,92.52
2025-10-21,9:45:37.334292686,T,TGT,F I,10,92.52
2025-10-21,9:45:37.335288056,T,TGT,I,15,92.52
2025-10-21,9:45:37.335805389,T,TGT,I,94,92.52
2025-10-21,9:45:40.115589141,T,TGT,I,78,92.51
2025-10-21,9:45:45.860497190,T,TGT,F I,88,92.5
2025-10-21,9:45:46.515325561,T,TGT,I,23,92.5
2025-10-21,9:45:57.506755124,T,TGT,F I,88,92.5
2025-10-21,9:45:57.506803282,T,TGT,F I,12,92.5
2025-10-21,9:46:04.343907463,T,TGT,I,12,92.495
2025-10-21,9:46:04.343907463,T,TGT,I,18,92.495
2025-10-21,9:46:04.344009703,T,TGT,,100,92.495
2025-10-21,9:46:15.365896141,T,TGT,I,12,92.49
2025-10-21,9:46:15.366160746,T,TGT,F,100,92.5
2025-10-21,9:46:15.366160746,T,TGT,F,100,92.5
2025-10-21,9:46:15.366166879,T,TGT,F I,11,92.5
2025-10-21,9:46:15.366166879,T,TGT,F,100,92.5
2025-10-21,9:46:15.366169722,T,TGT,F I,50,92.5
2025-10-21,9:46:15.366169722,T,TGT,F,100,92.5
2025-10-21,9:46:15.383948118,T,TGT,F,100,92.56
2025-10-21,9:46:15.383951176,T,TGT,F I,1,92.56
2025-10-21,9:46:15.385087841,T,TGT,I,88,92.56
2025-10-21,9:46:15.405040351,T,TGT,,100,92.56
2025-10-21,9:46:15.428893210,T,TGT,I,2,92.56
2025-10-21,9:46:25.383344336,T,TGT,I,6,92.57
2025-10-21,9:46:27.583773904,T,TGT,F I,94,92.59
2025-10-21,9:46:27.583776849,T,TGT,F I,34,92.59
2025-10-21,9:46:27.584077680,T,TGT,I,29,92.59
2025-10-21,9:46:27.584077680,T,TGT,I,91,92.59
2025-10-21,9:46:27.584414383,T,TGT,F I,12,92.6
2025-10-21,9:46:27.585734844,T,TGT,F,100,92.6
2025-10-21,9:46:27.585737417,T,TGT,F I,4,92.6
2025-10-21,9:46:27.585737417,T,TGT,F I,21,92.6
2025-10-21,9:46:29.752934816,T,TGT,F,100,92.6
2025-10-21,9:46:29.752934816,T,TGT,I,1,92.6
2025-10-21,9:46:29.957259611,T,TGT,I,12,92.6
2025-10-21,9:46:30.791693599,T,TGT,I,88,92.615
2025-10-21,9:46:34.666984332,T,TGT,I,69,92.63
2025-10-21,9:46:34.667005390,T,TGT,I,1,92.63
2025-10-21,9:46:38.622774079,T,TGT,F I,6,92.65
2025-10-21,9:46:38.622777067,T,TGT,F I,14,92.65
2025-10-21,9:46:38.631314357,T,TGT,F I,8,92.66
2025-10-21,9:46:38.635933405,T,TGT,F I,38,92.67
2025-10-21,9:46:38.635970026,T,TGT,I,70,92.68
2025-10-21,9:46:38.640793002,T,TGT,F I,38,92.68
2025-10-21,9:46:38.640795920,T,TGT,F,100,92.68
2025-10-21,9:46:38.917187532,T,TGT,I,9,92.67
2025-10-21,9:46:41.393476229,T,TGT,F I,12,92.68
2025-10-21,9:46:41.393479149,T,TGT,F I,31,92.68
2025-10-21,9:46:42.199399610,T,TGT,I,10,92.67
2025-10-21,9:46:42.199402204,T,TGT,,100,92.67
2025-10-21,9:46:42.199405225,T,TGT,,485,92.67
2025-10-21,9:46:42.745566676,T,TGT,F I,64,92.65
2025-10-21,9:46:42.746168020,T,TGT,F I,34,92.65
2025-10-21,9:46:42.746330585,T,TGT,F I,66,92.65
2025-10-21,9:46:47.465723244,T,TGT,F,100,92.67
2025-10-21,9:46:47.465723244,T,TGT,F I,10,92.67
2025-10-21,9:46:47.465726248,T,TGT,F,100,92.67
2025-10-21,9:46:47.476506938,T,TGT,I,4,92.67
2025-10-21,9:46:55.325970145,T,TGT,,100,92.655
2025-10-21,9:46:55.638811345,T,TGT,F I,32,92.64
2025-10-21,9:46:55.638814401,T,TGT,F I,2,92.64
2025-10-21,9:46:55.638817377,T,TGT,F,100,92.64
2025-10-21,9:46:55.638832404,T,TGT,I,1,92.64
2025-10-21,9:46:55.638862500,T,TGT,F I,88,92.64
2025-10-21,9:46:55.638946663,T,TGT,I,11,92.64
2025-10-21,9:47:00.137520429,T,TGT,I,1,92.63
2025-10-21,9:47:00.137523458,T,TGT,I,99,92.63
2025-10-21,9:47:00.137541455,T,TGT,I,1,92.63
2025-10-21,9:47:00.137547552,T,TGT,F I,1,92.63
2025-10-21,9:47:00.137550530,T,TGT,F I,12,92.63
2025-10-21,9:47:02.675218908,T,TGT,F,200,92.64
2025-10-21,9:47:02.675218908,T,TGT,F I,15,92.64
2025-10-21,9:47:02.675218908,T,TGT,F I,11,92.64
2025-10-21,9:47:02.675221550,T,TGT,F I,6,92.64
2025-10-21,9:47:02.675263511,T,TGT,I,40,92.66
2025-10-21,9:47:02.675266569,T,TGT,I,20,92.66
2025-10-21,9:47:02.675269927,T,TGT,,100,92.64
2025-10-21,9:47:02.675293915,T,TGT,I,34,92.64
2025-10-21,9:47:02.675300280,T,TGT,I,66,92.64
2025-10-21,9:47:02.675300280,T,TGT,I,1,92.64
2025-10-21,9:47:02.675302656,T,TGT,I,1,92.64
2025-10-21,9:47:02.675516171,T,TGT,I,10,92.64
2025-10-21,9:47:02.676102569,T,TGT,F I,5,92.64
2025-10-21,9:47:05.894995523,T,TGT,,100,92.645
2025-10-21,9:47:06.700927558,T,TGT,F I,28,92.64
2025-10-21,9:47:07.022185990,T,TGT,I,5,92.63
2025-10-21,9:47:10.596991955,T,TGT,I,17,92.635
2025-10-21,9:47:10.597030933,T,TGT,I,75,92.635
2025-10-21,9:47:10.597045932,T,TGT,I,25,92.635
2025-10-21,9:47:10.597049034,T,TGT,I,34,92.64
2025-10-21,9:47:11.751009252,T,TGT,I,88,92.635
2025-10-21,9:47:15.372994666,T,TGT,I,7,92.635
2025-10-21,9:47:22.848607063,T,TGT,I,1,92.635
2025-10-21,9:47:23.485578601,T,TGT,,100,92.635
2025-10-21,9:47:23.514748070,T,TGT,F I,88,92.635
2025-10-21,9:47:23.514796185,T,TGT,I,12,92.635
2025-10-21,9:47:24.597949854,T,TGT,F I,6,92.62
2025-10-21,9:47:24.598082252,T,TGT,F I,1,92.61
2025-10-21,9:47:24.598127296,T,TGT,F I,88,92.61
2025-10-21,9:47:24.598259606,T,TGT,F I,12,92.61
2025-10-21,9:47:24.598259606,T,TGT,F I,76,92.61
2025-10-21,9:47:24.598274671,T,TGT,F I,1,92.61
2025-10-21,9:47:24.599165827,T,TGT,F I,31,92.61
2025-10-21,9:47:24.599168035,T,TGT,F I,4,92.6
2025-10-21,9:47:24.599170809,T,TGT,F I,69,92.6
2025-10-21,9:47:24.599188792,T,TGT,I,1,92.6
2025-10-21,9:47:24.599194885,T,TGT,I,30,92.6
2025-10-21,9:47:24.622894307,T,TGT,I,4,92.59
2025-10-21,9:47:25.123884961,T,TGT,F I,2,92.58
2025-10-21,9:47:25.433812355,T,TGT,I,6,92.555
2025-10-21,9:47:25.594154327,T,TGT,I,2,92.55
2025-10-21,9:47:25.594154327,T,TGT,I,8,92.55
2025-10-21,9:47:35.436519643,T,TGT,I,13,92.56
2025-10-21,9:47:39.768652638,T,TGT,F I,12,92.56
2025-10-21,9:47:39.769010513,T,TGT,I,48,92.55
2025-10-21,9:47:39.844815103,T,TGT,,100,92.545
2025-10-21,9:47:51.722167972,T,TGT,F I,20,92.56
2025-10-21,9:47:51.722167972,T,TGT,F I,10,92.56
2025-10-21,9:47:51.722170500,T,TGT,F I,12,92.56
2025-10-21,9:47:51.722173505,T,TGT,F I,13,92.56
2025-10-21,9:47:51.722591569,T,TGT,I,36,92.56
2025-10-21,9:47:51.723415520,T,TGT,F I,5,92.57
2025-10-21,9:47:52.110368389,T,TGT,I,11,92.58
2025-10-21,9:47:55.154379722,T,TGT,F I,6,92.6
2025-10-21,9:47:56.583814428,T,TGT,F I,3,92.6
2025-10-21,9:47:57.229518806,T,TGT,I,5,92.62
2025-10-21,9:47:58.388200246,T,TGT,I,10,92.64
2025-10-21,9:48:00.137942841,T,TGT,,100,92.65
2025-10-21,9:48:00.137961428,T,TGT,I,1,92.65
2025-10-21,9:48:00.137966912,T,TGT,F I,15,92.65
2025-10-21,9:48:02.662379266,T,TGT,F I,50,92.67
2025-10-21,9:48:02.662379266,T,TGT,F I,10,92.67
2025-10-21,9:48:02.662382269,T,TGT,F I,20,92.67
2025-10-21,9:48:02.663335612,T,TGT,I,6,92.68
2025-10-21,9:48:02.663549086,T,TGT,F,300,92.69
2025-10-21,9:48:02.663621180,T,TGT,,100,92.7
2025-10-21,9:48:02.663624303,T,TGT,,100,92.7
2025-10-21,9:48:02.663624303,T,TGT,I,10,92.7
2025-10-21,9:48:02.664117994,T,TGT,I,30,92.695
2025-10-21,9:48:02.664117994,T,TGT,,100,92.69
2025-10-21,9:48:02.664120745,T,TGT,I,24,92.69
2025-10-21,9:48:02.664120745,T,TGT,I,21,92.69
2025-10-21,9:48:02.664138476,T,TGT,I,1,92.7
2025-10-21,9:48:02.664162576,T,TGT,I,51,92.7
2025-10-21,9:48:02.664165565,T,TGT,I,31,92.695
2025-10-21,9:48:02.664219694,T,TGT,,100,92.7
2025-10-21,9:48:02.664394521,T,TGT,F,100,92.7
2025-10-21,9:48:02.664398458,T,TGT,F I,49,92.7
2025-10-21,9:48:02.664398458,T,TGT,I,51,92.7
2025-10-21,9:48:02.664502288,T,TGT,I,50,92.71
2025-10-21,9:48:02.664502288,T,TGT,I,24,92.71
2025-10-21,9:48:02.664839375,T,TGT,,100,92.71
2025-10-21,9:48:02.664941417,T,TGT,F I,33,92.71
2025-10-21,9:48:02.667217838,T,TGT,F I,25,92.72
2025-10-21,9:48:02.667217838,T,TGT,F I,33,92.72
2025-10-21,9:48:02.817429276,T,TGT,F I,1,92.75
2025-10-21,9:48:02.817429276,T,TGT,F I,50,92.75
2025-10-21,9:48:02.817432026,T,TGT,F I,1,92.75
2025-10-21,9:48:02.817432026,T,TGT,F I,1,92.75
2025-10-21,9:48:02.817435191,T,TGT,F,136,92.75
2025-10-21,9:48:02.817435191,T,TGT,F I,6,92.75
2025-10-21,9:48:02.817437873,T,TGT,F I,25,92.75
2025-10-21,9:48:02.817437873,T,TGT,F I,40,92.75
2025-10-21,9:48:02.817440667,T,TGT,F I,5,92.75
2025-10-21,9:48:02.854392807,T,TGT,I,29,92.75
2025-10-21,9:48:02.854392807,T,TGT,I,5,92.75
2025-10-21,9:48:02.854419890,T,TGT,F I,24,92.74
2025-10-21,9:48:02.854434863,T,TGT,F I,30,92.74
2025-10-21,9:48:03.453293773,T,TGT,F I,50,92.73
2025-10-21,9:48:03.453293773,T,TGT,F I,30,92.73
2025-10-21,9:48:04.848335826,T,TGT,F I,16,92.71
2025-10-21,9:48:04.848338620,T,TGT,F I,55,92.71
2025-10-21,9:48:04.848347321,T,TGT,F I,4,92.71
2025-10-21,9:48:04.848575897,T,TGT,F I,2,92.7
2025-10-21,9:48:04.849029967,T,TGT,I,24,92.71
2025-10-21,9:48:04.849056987,T,TGT,,100,92.71
2025-10-21,9:48:04.849150238,T,TGT,F I,1,92.71
2025-10-21,9:48:04.849222423,T,TGT,,100,92.71
2025-10-21,9:48:04.849778747,T,TGT,,150,92.71
2025-10-21,9:48:04.849827301,T,TGT,,149,92.71
2025-10-21,9:48:04.849827301,T,TGT,I,42,92.71
2025-10-21,9:48:04.849829798,T,TGT,,100,92.71
2025-10-21,9:48:08.463121689,T,TGT,F,100,92.73
2025-10-21,9:48:08.463121689,T,TGT,F I,10,92.73
2025-10-21,9:48:08.463125186,T,TGT,F I,30,92.73
2025-10-21,9:48:08.463125186,T,TGT,F I,12,92.73
2025-10-21,9:48:08.463127698,T,TGT,F I,10,92.73
2025-10-21,9:48:08.463934364,T,TGT,F I,8,92.74
2025-10-21,9:48:08.500305048,T,TGT,I,24,92.77
2025-10-21,9:48:08.500307966,T,TGT,I,46,92.77
2025-10-21,9:48:08.500326033,T,TGT,I,1,92.77
2025-10-21,9:48:09.961792980,T,TGT,,100,92.77
2025-10-21,9:48:11.954340182,T,TGT,F I,24,92.8
2025-10-21,9:48:11.954340182,T,TGT,F I,2,92.8
2025-10-21,9:48:11.954340182,T,TGT,F I,3,92.8
2025-10-21,9:48:11.954385297,T,TGT,I,2,92.8
2025-10-21,9:48:11.954388272,T,TGT,,100,92.8
2025-10-21,9:48:11.954388272,T,TGT,I,12,92.8
2025-10-21,9:48:11.954418396,T,TGT,I,24,92.79
2025-10-21,9:48:11.954421387,T,TGT,I,9,92.79
2025-10-21,9:48:11.954442351,T,TGT,I,91,92.79
2025-10-21,9:48:11.954445396,T,TGT,,100,92.79
2025-10-21,9:48:11.954457459,T,TGT,I,33,92.79
2025-10-21,9:48:12.165049194,T,TGT,F,100,92.8
2025-10-21,9:48:12.165049194,T,TGT,F I,33,92.8
2025-10-21,9:48:12.381011758,T,TGT,F I,24,92.81
2025-10-21,9:48:12.381014662,T,TGT,F I,5,92.82
2025-10-21,9:48:13.952204265,T,TGT,F I,50,92.8
2025-10-21,9:48:13.952204265,T,TGT,F,100,92.8
2025-10-21,9:48:13.952207294,T,TGT,F I,60,92.79
2025-10-21,9:48:13.952210183,T,TGT,F I,50,92.79
2025-10-21,9:48:13.952222741,T,TGT,F,150,92.79
2025-10-21,9:48:13.952225409,T,TGT,F,612,92.79
2025-10-21,9:48:13.952225409,T,TGT,I,1,92.79
2025-10-21,9:48:13.952228275,T,TGT,I,1,92.79
2025-10-21,9:48:13.952267422,T,TGT,F,200,92.79
2025-10-21,9:48:13.952324479,T,TGT,F,200,92.79
2025-10-21,9:48:13.952372645,T,TGT,,200,92.79
2025-10-21,9:48:13.952399720,T,TGT,F I,86,92.79
2025-10-21,9:48:13.957878742,T,TGT,,100,92.79
2025-10-21,9:48:13.957881765,T,TGT,I,30,92.79
2025-10-21,9:48:13.957884793,T,TGT,,100,92.79
2025-10-21,9:48:13.957908848,T,TGT,F I,33,92.79
2025-10-21,9:48:13.957921005,T,TGT,I,34,92.8
2025-10-21,9:48:13.957921005,T,TGT,I,24,92.8
2025-10-21,9:48:13.957923898,T,TGT,I,50,92.8
2025-10-21,9:48:13.957923898,T,TGT,,100,92.8
2025-10-21,9:48:14.209981396,T,TGT,,150,92.785
2025-10-21,9:48:14.209981396,T,TGT,,150,92.785
2025-10-21,9:48:14.451023610,T,TGT,F,100,92.8
2025-10-21,9:48:14.451026577,T,TGT,F I,6,92.8
2025-10-21,9:48:14.451643398,T,TGT,F I,3,92.82
2025-10-21,9:48:14.451646124,T,TGT,F I,4,92.82
2025-10-21,9:48:14.452172353,T,TGT,F I,33,92.83
2025-10-21,9:48:14.452220471,T,TGT,F I,1,92.83
2025-10-21,9:48:14.452271725,T,TGT,F I,24,92.83
2025-10-21,9:48:14.452271725,T,TGT,F I,2,92.82
2025-10-21,9:48:14.452274541,T,TGT,F I,5,92.82
2025-10-21,9:48:14.452322698,T,TGT,I,20,92.81
2025-10-21,9:48:14.453820230,T,TGT,F I,24,92.8
2025-10-21,9:48:14.656259516,T,TGT,I,2,92.81
2025-10-21,9:48:14.656259516,T,TGT,I,51,92.81
2025-10-21,9:48:14.656262497,T,TGT,I,24,92.81
2025-10-21,9:48:14.656262497,T,TGT,I,5,92.81
2025-10-21,9:48:14.656265524,T,TGT,,100,92.81
2025-10-21,9:48:17.783015878,T,TGT,F,100,92.77
2025-10-21,9:48:17.783019141,T,TGT,F I,50,92.77
2025-10-21,9:48:17.783036880,T,TGT,F I,50,92.77
2025-10-21,9:48:17.783036880,T,TGT,I,50,92.77
2025-10-21,9:48:17.783039885,T,TGT,I,52,92.77
2025-10-21,9:48:17.783043269,T,TGT,I,1,92.77
2025-10-21,9:48:17.783094004,T,TGT,F I,1,92.77
2025-10-21,9:48:17.783100576,T,TGT,I,99,92.77
2025-10-21,9:48:17.783100576,T,TGT,I,1,92.77
2025-10-21,9:48:17.783103115,T,TGT,F I,3,92.77
2025-10-21,9:48:17.783106067,T,TGT,,100,92.77
2025-10-21,9:48:17.783121466,T,TGT,F I,1,92.77
2025-10-21,9:48:17.783134118,T,TGT,I,99,92.77
2025-10-21,9:48:17.783134118,T,TGT,I,2,92.77
2025-10-21,9:48:17.783136116,T,TGT,I,2,92.77
2025-10-21,9:48:17.783139116,T,TGT,I,2,92.77
2025-10-21,9:48:17.783512068,T,TGT,I,94,92.77
2025-10-21,9:48:17.783515082,T,TGT,,100,92.77
2025-10-21,9:48:17.785024594,T,TGT,I,24,92.78
2025-10-21,9:48:17.785027630,T,TGT,I,5,92.78
2025-10-21,9:48:21.951132367,T,TGT,I,50,92.82
2025-10-21,9:48:21.951168532,T,TGT,F I,8,92.82
2025-10-21,9:48:21.951168532,T,TGT,F I,16,92.82
2025-10-21,9:48:21.951926301,T,TGT,F I,1,92.81
2025-10-21,9:48:24.469614618,T,TGT,F I,25,92.82
2025-10-21,9:48:26.400253260,T,TGT,F,100,92.82
2025-10-21,9:48:26.400563058,T,TGT,F,100,92.8
2025-10-21,9:48:26.775884363,T,TGT,I,12,92.8
2025-10-21,9:48:26.775887266,T,TGT,I,12,92.8
2025-10-21,9:48:29.241831347,T,TGT,F I,8,92.82
2025-10-21,9:48:29.338424494,T,TGT,,100,92.825
2025-10-21,9:48:29.990651329,T,TGT,F I,88,92.84
2025-10-21,9:48:29.990699456,T,TGT,F I,14,92.84
2025-10-21,9:48:30.700468520,T,TGT,F I,1,92.85
2025-10-21,9:48:30.700474449,T,TGT,F,479,92.85
2025-10-21,9:48:30.700474449,T,TGT,F,240,92.85
2025-10-21,9:48:30.700492569,T,TGT,F I,50,92.85
2025-10-21,9:48:30.700492569,T,TGT,F I,6,92.85
2025-10-21,9:48:30.700498496,T,TGT,F,100,92.85
2025-10-21,9:48:30.700498496,T,TGT,F I,14,92.85
2025-10-21,9:48:34.100272348,T,TGT,F,100,92.87
2025-10-21,9:48:34.100942984,T,TGT,F,100,92.86
2025-10-21,9:48:34.100942984,T,TGT,F I,14,92.86
2025-10-21,9:48:34.101631536,T,TGT,I,1,92.85
2025-10-21,9:48:36.658262837,T,TGT,F I,51,92.84
2025-10-21,9:48:36.658274757,T,TGT,F I,51,92.84
2025-10-21,9:48:36.658277736,T,TGT,F I,49,92.84
2025-10-21,9:48:37.141868909,T,TGT,I,13,92.83
2025-10-21,9:48:37.141868909,T,TGT,I,7,92.84
2025-10-21,9:48:39.413468961,T,TGT,F,100,92.82
2025-10-21,9:48:39.413471908,T,TGT,F,100,92.82
2025-10-21,9:48:39.413486974,T,TGT,I,1,92.82
2025-10-21,9:48:39.413486974,T,TGT,I,99,92.82
2025-10-21,9:48:42.210192146,T,TGT,F I,25,92.8
2025-10-21,9:48:42.210351778,T,TGT,I,75,92.8
2025-10-21,9:48:42.210351778,T,TGT,I,45,92.8
2025-10-21,9:48:42.210853605,T,TGT,I,23,92.79
2025-10-21,9:48:42.210853605,T,TGT,I,10,92.79
2025-10-21,9:48:42.210856674,T,TGT,I,12,92.79
2025-10-21,9:48:44.632995425,T,TGT,F,100,92.79
2025-10-21,9:48:44.633025546,T,TGT,F I,25,92.78
2025-10-21,9:48:44.633025546,T,TGT,F I,11,92.78
2025-10-21,9:48:44.633028437,T,TGT,F I,50,92.78
2025-10-21,9:48:44.633308182,T,TGT,F,100,92.77
2025-10-21,9:48:44.633356780,T,TGT,F I,88,92.77
2025-10-21,9:48:44.633768202,T,TGT,F I,1,92.77
2025-10-21,9:48:44.633792840,T,TGT,,100,92.77
2025-10-21,9:48:44.633792840,T,TGT,I,99,92.77
2025-10-21,9:48:44.633795253,T,TGT,,100,92.77
2025-10-21,9:48:44.633795253,T,TGT,I,1,92.77
2025-10-21,9:48:44.633816319,T,TGT,I,11,92.77
2025-10-21,9:48:44.636288156,T,TGT,,303,92.76
2025-10-21,9:48:44.636309268,T,TGT,I,1,92.76
2025-10-21,9:48:44.636318283,T,TGT,F,196,92.76
2025-10-21,9:48:44.653234301,T,TGT,F I,24,92.75
2025-10-21,9:48:44.653236524,T,TGT,F,100,92.75
2025-10-21,9:48:44.722347258,T,TGT,F I,13,92.74
2025-10-21,9:48:44.722347258,T,TGT,F I,12,92.74
2025-10-21,9:48:44.749685381,T,TGT,F I,2,92.74
2025-10-21,9:48:44.749814662,T,TGT,I,12,92.74
2025-10-21,9:48:44.749814662,T,TGT,I,15,92.74
2025-10-21,9:48:44.797529365,T,TGT,,200,92.75
2025-10-21,9:48:50.235231545,T,TGT,F,100,92.74
2025-10-21,9:48:50.235237575,T,TGT,F I,21,92.74
2025-10-21,9:48:50.235252626,T,TGT,I,1,92.74
2025-10-21,9:48:50.235252626,T,TGT,I,1,92.74
2025-10-21,9:48:50.236930618,T,TGT,F I,88,92.73
2025-10-21,9:48:50.524039602,T,TGT,F I,12,92.73
2025-10-21,9:48:53.147135112,T,TGT,I,5,92.73
2025-10-21,9:48:53.147688516,T,TGT,F I,2,92.72
2025-10-21,9:48:53.147706490,T,TGT,F I,2,92.72
2025-10-21,9:48:58.203303290,T,TGT,I,9,92.7
2025-10-21,9:48:58.203360503,T,TGT,F I,1,92.7
2025-10-21,9:48:58.204199493,T,TGT,F I,15,92.69
2025-10-21,9:48:58.204202477,T,TGT,F I,14,92.69
2025-10-21,9:48:58.204202477,T,TGT,F I,1,92.69
2025-10-21,9:48:58.204205471,T,TGT,F I,30,92.69
2025-10-21,9:48:58.204208532,T,TGT,F,100,92.69
2025-10-21,9:48:58.816942330,T,TGT,I,5,92.69
2025-10-21,9:48:58.817002583,T,TGT,F I,5,92.69
2025-10-21,9:48:58.817002583,T,TGT,F I,12,92.69
2025-10-21,9:48:58.823762675,T,TGT,I,5,92.7
2025-10-21,9:49:07.944321070,T,TGT,I,6,92.7
2025-10-21,9:49:07.944351096,T,TGT,F,100,92.7
2025-10-21,9:49:07.945364587,T,TGT,F I,88,92.69
2025-10-21,9:49:07.947463527,T,TGT,F I,25,92.66
2025-10-21,9:49:07.947466667,T,TGT,F I,34,92.66
2025-10-21,9:49:07.947466667,T,TGT,F I,54,92.66
2025-10-21,9:49:07.947505645,T,TGT,F I,2,92.66
2025-10-21,9:49:07.947577787,T,TGT,I,1,92.66
2025-10-21,9:49:07.948888952,T,TGT,,100,92.68
2025-10-21,9:49:07.948892291,T,TGT,I,30,92.68
2025-10-21,9:49:07.948895439,T,TGT,I,20,92.68
2025-10-21,9:49:07.948898499,T,TGT,,100,92.68
2025-10-21,9:49:07.948900946,T,TGT,I,14,92.68
2025-10-21,9:49:07.949078378,T,TGT,I,1,92.68
2025-10-21,9:49:07.949096378,T,TGT,I,7,92.68
2025-10-21,9:49:07.957853334,T,TGT,F I,11,92.68
2025-10-21,9:49:07.957853334,T,TGT,F I,5,92.68
2025-10-21,9:49:07.968081497,T,TGT,I,2,92.67
2025-10-21,9:49:07.968081497,T,TGT,I,90,92.67
2025-10-21,9:49:07.968137741,T,TGT,F I,9,92.67
2025-10-21,9:49:11.597692112,T,TGT,F I,1,92.67
2025-10-21,9:49:11.597692112,T,TGT,F I,28,92.67
2025-10-21,9:49:11.597827451,T,TGT,F,100,92.66
2025-10-21,9:49:11.598134122,T,TGT,F I,55,92.66
2025-10-21,9:49:11.598134122,T,TGT,F I,62,92.66
2025-10-21,9:49:11.929337260,T,TGT,F I,13,92.67
2025-10-21,9:49:11.929337260,T,TGT,F I,12,92.68
2025-10-21,9:49:11.929340204,T,TGT,F I,57,92.68
2025-10-21,9:49:11.929725100,T,TGT,F,100,92.69
2025-10-21,9:49:11.929932656,T,TGT,F I,44,92.69
2025-10-21,9:49:11.929944729,T,TGT,F I,56,92.69
2025-10-21,9:49:11.930750565,T,TGT,F I,12,92.69
2025-10-21,9:49:11.930754128,T,TGT,F I,12,92.69
2025-10-21,9:49:11.930867891,T,TGT,F I,29,92.68
2025-10-21,9:49:21.633622398,T,TGT,I,10,92.68
2025-10-21,9:49:23.915046878,T,TGT,F I,22,92.68
2025-10-21,9:49:31.051261652,T,TGT,,100,92.67
2025-10-21,9:49:31.051264750,T,TGT,I,16,92.67
2025-10-21,9:49:31.073803905,T,TGT,F I,38,92.66
2025-10-21,9:49:31.073806784,T,TGT,F,100,92.66
2025-10-21,9:49:31.073806784,T,TGT,F I,11,92.65
2025-10-21,9:49:31.073953812,T,TGT,I,13,92.65
2025-10-21,9:49:31.074004858,T,TGT,,100,92.65
2025-10-21,9:49:31.074311634,T,TGT,F I,2,92.66
2025-10-21,9:49:31.074314595,T,TGT,F I,29,92.66
2025-10-21,9:49:31.074317637,T,TGT,F I,29,92.66
2025-10-21,9:49:31.074386779,T,TGT,,100,92.66
2025-10-21,9:49:31.074389979,T,TGT,I,58,92.66
2025-10-21,9:49:31.074389979,T,TGT,I,2,92.66
2025-10-21,9:49:31.166415009,T,TGT,F I,21,92.66
2025-10-21,9:49:34.079247789,T,TGT,I,12,92.65
2025-10-21,9:49:34.903063564,T,TGT,F,100,92.68
2025-10-21,9:49:34.903081638,T,TGT,F,100,92.68
2025-10-21,9:49:37.329640739,T,TGT,F I,5,92.7
2025-10-21,9:49:37.329646772,T,TGT,F,100,92.7
2025-10-21,9:49:37.329646772,T,TGT,F I,7,92.7
2025-10-21,9:49:41.477449815,T,TGT,I,17,92.715
2025-10-21,9:49:45.300966327,T,TGT,I,82,92.68
2025-10-21,9:49:45.300984240,T,TGT,I,1,92.68
2025-10-21,9:49:45.300996315,T,TGT,,117,92.68
2025-10-21,9:49:45.300999374,T,TGT,,100,92.68
2025-10-21,9:49:45.934954841,T,TGT,F I,14,92.69
2025-10-21,9:49:45.934954841,T,TGT,F I,7,92.69
2025-10-21,9:49:54.768377337,T,TGT,F I,17,92.72
2025-10-21,9:49:54.768383152,T,TGT,F I,20,92.72
2025-10-21,9:49:54.769189378,T,TGT,I,79,92.75
2025-10-21,9:49:54.769189378,T,TGT,I,10,92.75
2025-10-21,9:49:54.769192154,T,TGT,I,5,92.75
2025-10-21,9:49:54.769192154,T,TGT,I,11,92.75
2025-10-21,9:49:55.723266134,T,TGT,I,20,92.76
2025-10-21,9:49:55.724114165,T,TGT,I,30,92.76
2025-10-21,9:49:55.724207387,T,TGT,I,14,92.75
2025-10-21,9:49:55.724238330,T,TGT,I,10,92.765
2025-10-21,9:49:55.724238330,T,TGT,I,11,92.75
2025-10-21,9:49:55.724244135,T,TGT,I,21,92.75
2025-10-21,9:49:55.724325867,T,TGT,I,21,92.76
2025-10-21,9:49:55.724325867,T,TGT,I,4,92.76
2025-10-21,9:49:55.724325867,T,TGT,I,23,92.76
2025-10-21,9:49:55.724328005,T,TGT,I,52,92.765
2025-10-21,9:49:57.403029186,T,TGT,F I,3,92.76
2025-10-21,9:49:57.403032655,T,TGT,F I,3,92.76
2025-10-21,9:49:57.403035258,T,TGT,F I,3,92.76
2025-10-21,9:49:57.403362981,T,TGT,I,36,92.76
2025-10-21,9:49:57.403384205,T,TGT,I,1,92.76
2025-10-21,9:49:57.406667999,T,TGT,I,70,92.79
2025-10-21,9:49:57.406667999,T,TGT,I,25,92.79
2025-10-21,9:49:57.406670950,T,TGT,I,20,92.79
2025-10-21,9:49:57.406691987,T,TGT,I,1,92.79
2025-10-21,9:49:59.610134535,T,TGT,F I,50,92.8
2025-10-21,9:49:59.610137554,T,TGT,F I,38,92.79
2025-10-21,9:49:59.610215802,T,TGT,F I,62,92.79
2025-10-21,9:49:59.772509460,T,TGT,F I,88,92.78
2025-10-21,9:50:04.883161440,T,TGT,I,1,92.76
2025-10-21,9:50:04.884204945,T,TGT,I,12,92.76
2025-10-21,9:50:04.886613704,T,TGT,I,88,92.76
2025-10-21,9:50:04.886616703,T,TGT,,100,92.76
2025-10-21,9:50:05.373302155,T,TGT,F I,15,92.75
2025-10-21,9:50:07.189046243,T,TGT,I,7,92.77
2025-10-21,9:50:09.341421163,T,TGT,F I,3,92.74
2025-10-21,9:50:09.341424830,T,TGT,F I,5,92.74
2025-10-21,9:50:09.341442312,T,TGT,F I,75,92.74
2025-10-21,9:50:09.341445144,T,TGT,F,100,92.74
2025-10-21,9:50:09.341448260,T,TGT,F I,6,92.74
2025-10-21,9:50:09.363322278,T,TGT,I,36,92.73
2025-10-21,9:50:09.366651265,T,TGT,F I,64,92.73
2025-10-21,9:50:09.383196684,T,TGT,F I,50,92.72
2025-10-21,9:50:12.975946362,T,TGT,I,5,92.72
2025-10-21,9:50:13.000980931,T,TGT,I,10,92.72
2025-10-21,9:50:16.972377809,T,TGT,F I,23,92.71
2025-10-21,9:50:16.972389718,T,TGT,F I,2,92.71
2025-10-21,9:50:16.972396098,T,TGT,F I,2,92.71
2025-10-21,9:50:16.972398794,T,TGT,F I,2,92.71
2025-10-21,9:50:16.972401833,T,TGT,F I,2,92.71
2025-10-21,9:50:16.972413959,T,TGT,F I,4,92.71
2025-10-21,9:50:16.973631682,T,TGT,I,12,92.71
2025-10-21,9:50:17.698443228,T,TGT,I,30,92.745
2025-10-21,9:50:17.698448831,T,TGT,,100,92.75
2025-10-21,9:50:17.698451750,T,TGT,I,20,92.76
2025-10-21,9:50:17.698451750,T,TGT,I,5,92.76
2025-10-21,9:50:17.698454859,T,TGT,,100,92.76
2025-10-21,9:50:17.698454859,T,TGT,,255,92.76
2025-10-21,9:50:17.698458377,T,TGT,I,50,92.76
2025-10-21,9:50:17.698458377,T,TGT,,100,92.78
2025-10-21,9:50:17.698460756,T,TGT,I,43,92.79
2025-10-21,9:50:17.698464582,T,TGT,I,20,92.79
2025-10-21,9:50:17.698464582,T,TGT,,100,92.79
2025-10-21,9:50:17.698466864,T,TGT,I,10,92.79
2025-10-21,9:50:17.698466864,T,TGT,,100,92.79
2025-10-21,9:50:17.698488609,T,TGT,F,100,92.79
2025-10-21,9:50:17.698491315,T,TGT,F,100,92.78
2025-10-21,9:50:17.699035208,T,TGT,I,30,92.77
2025-10-21,9:50:17.699035208,T,TGT,,100,92.77
2025-10-21,9:50:17.708002567,T,TGT,,100,92.76
2025-10-21,9:50:17.708002567,T,TGT,I,28,92.77
2025-10-21,9:50:17.708005887,T,TGT,,100,92.77
2025-10-21,9:50:17.708005887,T,TGT,I,39,92.77
2025-10-21,9:50:17.708024061,T,TGT,I,1,92.77
2025-10-21,9:50:17.708041622,T,TGT,I,60,92.77
2025-10-21,9:50:17.708044574,T,TGT,I,60,92.77
2025-10-21,9:50:25.125528523,T,TGT,,100,92.76
2025-10-21,9:50:25.144741282,T,TGT,I,23,92.76
2025-10-21,9:50:27.299867830,T,TGT,,100,92.77
2025-10-21,9:50:30.126004158,T,TGT,F,100,92.76
2025-10-21,9:50:30.126846032,T,TGT,I,50,92.75
2025-10-21,9:50:30.126870112,T,TGT,,100,92.75
2025-10-21,9:50:30.127164832,T,TGT,I,46,92.75
2025-10-21,9:50:35.930511583,T,TGT,F I,5,92.76
2025-10-21,9:50:35.930514190,T,TGT,F,100,92.76
2025-10-21,9:50:35.930514190,T,TGT,F I,13,92.76
2025-10-21,9:50:35.930517147,T,TGT,F,200,92.76
2025-10-21,9:50:35.930517147,T,TGT,F I,13,92.76
2025-10-21,9:50:37.765504016,T,TGT,F I,10,92.79
2025-10-21,9:50:37.765528044,T,TGT,I,45,92.79
2025-10-21,9:50:37.765693611,T,TGT,F I,43,92.8
2025-10-21,9:50:37.765693611,T,TGT,F I,1,92.8
2025-10-21,9:50:37.830687329,T,TGT,F I,36,92.79
2025-10-21,9:50:37.830687329,T,TGT,F I,54,92.79
2025-10-21,9:50:37.830708485,T,TGT,I,1,92.79
2025-10-21,9:50:37.830708485,T,TGT,F I,45,92.79
2025-10-21,9:50:37.830711390,T,TGT,F I,11,92.79
2025-10-21,9:50:37.830726757,T,TGT,F I,44,92.79
2025-10-21,9:50:37.830726757,T,TGT,F,100,92.79
2025-10-21,9:50:37.830729415,T,TGT,F I,73,92.79
2025-10-21,9:50:37.931084463,T,TGT,I,36,92.79
2025-10-21,9:50:37.931165637,T,TGT,I,5,92.8
2025-10-21,9:50:37.931247112,T,TGT,I,33,92.82
2025-10-21,9:50:37.931247112,T,TGT,I,20,92.82
2025-10-21,9:50:37.931250499,T,TGT,I,75,92.82
2025-10-21,9:50:37.931664868,T,TGT,I,27,92.82
2025-10-21,9:50:37.931691964,T,TGT,F I,73,92.82
2025-10-21,9:50:37.931917525,T,TGT,F I,36,92.81
2025-10-21,9:50:37.931917525,T,TGT,F,100,92.81
2025-10-21,9:50:37.932082870,T,TGT,F I,51,92.81
2025-10-21,9:50:39.427064597,T,TGT,F I,1,92.81
2025-10-21,9:50:39.427085601,T,TGT,F,149,92.81
2025-10-21,9:50:39.427088630,T,TGT,F I,36,92.81
2025-10-21,9:50:39.427175851,T,TGT,I,60,92.83
2025-10-21,9:50:39.427175851,T,TGT,,1000,92.83
2025-10-21,9:50:41.777283966,T,TGT,F,100,92.85
2025-10-21,9:50:41.777286972,T,TGT,F I,13,92.85
2025-10-21,9:50:48.665888853,T,TGT,F I,40,92.87
2025-10-21,9:50:48.665891926,T,TGT,F I,2,92.87
2025-10-21,9:50:49.835681833,T,TGT,F I,12,92.88
2025-10-21,9:50:49.835685234,T,TGT,F,100,92.88
2025-10-21,9:50:49.835687909,T,TGT,F I,66,92.88
2025-10-21,9:50:49.835705937,T,TGT,F I,84,92.88
2025-10-21,9:50:49.835705937,T,TGT,F I,17,92.88
2025-10-21,9:50:55.999359244,T,TGT,F I,4,92.9
2025-10-21,9:50:55.999362393,T,TGT,F I,25,92.9
2025-10-21,9:50:55.999364861,T,TGT,F,112,92.9
2025-10-21,9:50:55.999367586,T,TGT,F I,50,92.9
2025-10-21,9:50:55.999367586,T,TGT,F I,11,92.9
2025-10-21,9:50:55.999960168,T,TGT,I,1,92.92
2025-10-21,9:50:55.999963667,T,TGT,I,48,92.92
2025-10-21,9:50:56.000017131,T,TGT,I,35,92.92
2025-10-21,9:50:56.000024072,T,TGT,I,17,92.92
2025-10-21,9:50:56.000024072,T,TGT,I,17,92.92
2025-10-21,9:50:56.000024072,T,TGT,I,3,92.92
2025-10-21,9:50:56.000026999,T,TGT,I,30,92.92
2025-10-21,9:50:56.000029222,T,TGT,I,20,92.92
2025-10-21,9:50:56.000068413,T,TGT,F I,61,92.92
2025-10-21,9:50:56.000068413,T,TGT,F I,1,92.92
2025-10-21,9:50:56.000071217,T,TGT,F I,70,92.92
2025-10-21,9:50:56.000218599,T,TGT,F I,30,92.92
2025-10-21,9:50:57.170355010,T,TGT,,200,92.93
2025-10-21,9:50:57.170357439,T,TGT,I,5,92.93
2025-10-21,9:50:57.170357439,T,TGT,I,17,92.93
2025-10-21,9:50:57.190641530,T,TGT,F I,1,92.95
2025-10-21,9:50:57.190641530,T,TGT,F I,1,92.95
2025-10-21,9:50:57.190641530,T,TGT,F I,1,92.95
2025-10-21,9:50:57.190773274,T,TGT,F I,16,92.96
2025-10-21,9:50:57.226949258,T,TGT,I,50,92.955
2025-10-21,9:50:57.226997365,T,TGT,,100,92.955
2025-10-21,9:50:57.226997365,T,TGT,,200,92.955
2025-10-21,9:50:57.227012537,T,TGT,,100,92.955
2025-10-21,9:50:57.302871137,T,TGT,F I,25,92.955
2025-10-21,9:50:57.387564892,T,TGT,F I,25,92.97
2025-10-21,9:50:57.393488967,T,TGT,I,1,92.98
2025-10-21,9:50:57.393855941,T,TGT,I,1,92.98
2025-10-21,9:50:57.393858951,T,TGT,,100,92.98
2025-10-21,9:50:57.394463328,T,TGT,I,1,92.98
2025-10-21,9:50:57.394854227,T,TGT,I,49,92.98
2025-10-21,9:50:57.394857296,T,TGT,I,51,92.98
2025-10-21,9:50:57.395224139,T,TGT,I,1,92.98
2025-10-21,9:50:57.407153525,T,TGT,I,48,92.98
2025-10-21,9:50:58.172443903,T,TGT,I,30,92.98
2025-10-21,9:50:58.181534520,T,TGT,F I,6,92.99
2025-10-21,9:50:58.181618767,T,TGT,I,39,92.98
2025-10-21,9:50:58.181684913,T,TGT,F I,31,92.97
2025-10-21,9:50:58.181705967,T,TGT,I,1,92.97
2025-10-21,9:50:58.181718037,T,TGT,I,19,92.97
2025-10-21,9:50:58.181733551,T,TGT,F I,4,92.99
2025-10-21,9:50:58.181733551,T,TGT,F I,25,92.99
2025-10-21,9:50:58.181736457,T,TGT,F I,9,92.99
2025-10-21,9:50:58.181738981,T,TGT,F I,1,92.99
2025-10-21,9:50:58.181742032,T,TGT,F I,6,92.99
2025-10-21,9:50:58.232668404,T,TGT,F I,5,92.96
2025-10-21,9:50:58.339062036,T,TGT,F I,88,92.96
2025-10-21,9:50:58.339122006,T,TGT,F I,12,92.96
2025-10-21,9:50:58.339122006,T,TGT,F I,76,92.95
2025-10-21,9:50:58.339140030,T,TGT,F I,24,92.95
2025-10-21,9:50:58.339146072,T,TGT,F I,46,92.94
2025-10-21,9:50:58.339164137,T,TGT,I,1,92.94
2025-10-21,9:50:58.339182092,T,TGT,F I,3,92.94
2025-10-21,9:50:58.339182092,T,TGT,F I,12,92.94
2025-10-21,9:50:58.339416636,T,TGT,F I,6,92.95
2025-10-21,9:50:58.345025013,T,TGT,I,7,92.95
2025-10-21,9:50:58.345067174,T,TGT,I,19,92.95
2025-10-21,9:50:58.345067174,T,TGT,I,29,92.95
2025-10-21,9:50:58.345070168,T,TGT,I,8,92.95
2025-10-21,9:50:58.358773768,T,TGT,,100,92.97
2025-10-21,9:50:58.381983124,T,TGT,,100,92.95
2025-10-21,9:50:58.381989153,T,TGT,I,13,92.95
2025-10-21,9:50:58.381989153,T,TGT,I,6,92.95
2025-10-21,9:50:58.381992115,T,TGT,I,13,92.95
2025-10-21,9:50:58.381992115,T,TGT,I,8,92.95
2025-10-21,9:50:58.381995092,T,TGT,I,21,92.95
2025-10-21,9:50:58.482966781,T,TGT,F I,6,92.94
2025-10-21,9:50:58.482972730,T,TGT,F I,3,92.94
2025-10-21,9:50:58.482987712,T,TGT,I,1,92.94
2025-10-21,9:50:58.482996719,T,TGT,I,22,92.94
2025-10-21,9:50:59.044055580,T,TGT,F I,9,92.93
2025-10-21,9:50:59.044055580,T,TGT,F I,6,92.93
2025-10-21,9:50:59.044058494,T,TGT,F I,3,92.93
2025-10-21,9:50:59.044080331,T,TGT,F,182,92.93
2025-10-21,9:50:59.044082804,T,TGT,F I,8,92.93
2025-10-21,9:50:59.044082804,T,TGT,F I,51,92.93
2025-10-21,9:50:59.044085650,T,TGT,F I,9,92.93
2025-10-21,9:50:59.044085650,T,TGT,F I,91,92.93
2025-10-21,9:50:59.045159475,T,TGT,I,39,92.9
2025-10-21,9:50:59.045159475,T,TGT,I,25,92.9
2025-10-21,9:50:59.983000679,T,TGT,F I,88,92.89
2025-10-21,9:50:59.983072774,T,TGT,F I,12,92.89
2025-10-21,9:50:59.984302773,T,TGT,I,10,92.86
2025-10-21,9:50:59.985207881,T,TGT,F I,32,92.86
2025-10-21,9:51:00.012810611,T,TGT,,100,92.87
2025-10-21,9:51:00.013544362,T,TGT,F I,88,92.87
2025-10-21,9:51:00.402274794,T,TGT,F I,57,92.84
2025-10-21,9:51:00.402277593,T,TGT,F I,25,92.84
2025-10-21,9:51:00.402277593,T,TGT,F I,10,92.84
2025-10-21,9:51:00.402776691,T,TGT,F I,1,92.83
2025-10-21,9:51:00.402776691,T,TGT,F I,59,92.83
2025-10-21,9:51:00.403720900,T,TGT,I,11,92.83
2025-10-21,9:51:01.229259794,T,TGT,I,20,92.845
2025-10-21,9:51:01.390299420,T,TGT,I,20,92.845
2025-10-21,9:51:02.369335840,T,TGT,I,72,92.85
2025-10-21,9:51:02.401440341,T,TGT,F I,88,92.85
2025-10-21,9:51:03.871447581,T,TGT,F I,5,92.86
2025-10-21,9:51:03.872689610,T,TGT,I,17,92.87
2025-10-21,9:51:03.873266994,T,TGT,I,5,92.88
2025-10-21,9:51:05.122527159,T,TGT,,100,92.88
2025-10-21,9:51:05.122542812,T,TGT,I,1,92.88
2025-10-21,9:51:05.122545246,T,TGT,I,6,92.88
2025-10-21,9:51:05.122548235,T,TGT,I,50,92.88
2025-10-21,9:51:05.160140798,T,TGT,F I,1,92.87
2025-10-21,9:51:05.437229933,T,TGT,I,7,92.86
2025-10-21,9:51:10.074509176,T,TGT,I,17,92.855
2025-10-21,9:51:13.170517389,T,TGT,,100,92.83
2025-10-21,9:51:13.170517389,T,TGT,I,1,92.83
2025-10-21,9:51:13.170616586,T,TGT,F,100,92.82
2025-10-21,9:51:13.170887246,T,TGT,F I,63,92.82
2025-10-21,9:51:13.171070684,T,TGT,F I,37,92.82
2025-10-21,9:51:13.171070684,T,TGT,F I,26,92.81
2025-10-21,9:51:13.197930766,T,TGT,I,1,92.8
2025-10-21,9:51:13.197930766,T,TGT,I,23,92.8
2025-10-21,9:51:13.198213335,T,TGT,F I,7,92.82
2025-10-21,9:51:13.198249405,T,TGT,I,43,92.82
2025-10-21,9:51:13.198823849,T,TGT,I,10,92.83
2025-10-21,9:51:13.840191912,T,TGT,I,7,92.83
2025-10-21,9:51:15.449939096,T,TGT,I,6,92.83
2025-10-21,9:51:17.731295195,T,TGT,F I,34,92.85
2025-10-21,9:51:17.731297347,T,TGT,F I,16,92.85
2025-10-21,9:51:17.731300412,T,TGT,F,100,92.85
2025-10-21,9:51:17.731489921,T,TGT,I,12,92.86
2025-10-21,9:51:17.731489921,T,TGT,I,50,92.86
2025-10-21,9:51:17.731492861,T,TGT,,100,92.86
2025-10-21,9:51:17.731492861,T,TGT,I,11,92.86
2025-10-21,9:51:17.731760500,T,TGT,F I,50,92.86
2025-10-21,9:51:19.207986639,T,TGT,I,29,92.87
2025-10-21,9:51:19.207989565,T,TGT,I,34,92.88
2025-10-21,9:51:19.207992649,T,TGT,I,25,92.88
2025-10-21,9:51:19.207992649,T,TGT,I,20,92.88
2025-10-21,9:51:19.208016633,T,TGT,F,100,92.88
2025-10-21,9:51:19.208032143,T,TGT,F I,7,92.88
2025-10-21,9:51:19.208032143,T,TGT,F I,93,92.88
2025-10-21,9:51:19.208035565,T,TGT,I,7,92.88
2025-10-21,9:51:19.208038324,T,TGT,I,93,92.88
2025-10-21,9:51:19.208040745,T,TGT,I,44,92.88
2025-10-21,9:51:19.208043782,T,TGT,I,1,92.88
2025-10-21,9:51:19.208058926,T,TGT,I,31,92.88
2025-10-21,9:51:19.208070925,T,TGT,,100,92.88
2025-10-21,9:51:19.208073731,T,TGT,I,49,92.88
2025-10-21,9:51:29.427784135,T,TGT,F I,50,92.865
2025-10-21,9:51:34.686978054,T,TGT,F,100,92.84
2025-10-21,9:51:36.844589523,T,TGT,I,7,92.835
2025-10-21,9:51:36.844591790,T,TGT,I,4,92.85
2025-10-21,9:51:36.844597573,T,TGT,,100,92.85
2025-10-21,9:51:36.844597573,T,TGT,I,11,92.85
2025-10-21,9:51:36.844597573,T,TGT,I,8,92.85
2025-10-21,9:51:36.844609713,T,TGT,F I,4,92.85
2025-10-21,9:51:36.844609713,T,TGT,I,1,92.85
2025-10-21,9:51:36.844642697,T,TGT,I,2,92.85
2025-10-21,9:51:39.325655554,T,TGT,I,5,92.88
2025-10-21,9:51:39.325658638,T,TGT,I,11,92.88
2025-10-21,9:51:39.327925996,T,TGT,,100,92.88
2025-10-21,9:51:39.327925996,T,TGT,I,4,92.88
2025-10-21,9:51:39.327947344,T,TGT,I,1,92.88
2025-10-21,9:51:39.327947344,T,TGT,I,49,92.88
2025-10-21,9:51:39.331639841,T,TGT,I,10,92.88
2025-10-21,9:51:45.426425463,T,TGT,I,7,92.85
2025-10-21,9:51:46.213397414,T,TGT,I,19,92.85
2025-10-21,9:51:48.751134609,T,TGT,,100,92.845
2025-10-21,9:51:48.751134609,T,TGT,I,24,92.83
2025-10-21,9:51:48.752397648,T,TGT,I,17,92.83
2025-10-21,9:51:50.314956319,T,TGT,F,176,92.82
2025-10-21,9:51:50.314977475,T,TGT,F I,6,92.82
2025-10-21,9:51:50.314980783,T,TGT,F I,66,92.82
2025-10-21,9:51:50.314983619,T,TGT,F I,72,92.82
2025-10-21,9:51:50.314986836,T,TGT,F I,72,92.82
2025-10-21,9:51:50.314986836,T,TGT,I,27,92.82
2025-10-21,9:51:50.328305162,T,TGT,F,100,92.8
2025-10-21,9:51:50.328305162,T,TGT,F I,46,92.8
2025-10-21,9:51:50.328597068,T,TGT,F I,9,92.8
2025-10-21,9:51:59.832677084,T,TGT,,100,92.775
2025-10-21,9:51:59.864474940,T,TGT,F I,6,92.75
2025-10-21,9:51:59.864516952,T,TGT,I,1,92.74
2025-10-21,9:52:01.428910045,T,TGT,F I,9,92.74
2025-10-21,9:52:01.428928106,T,TGT,F I,3,92.74
2025-10-21,9:52:01.428931067,T,TGT,F I,10,92.74
2025-10-21,9:52:02.038263791,T,TGT,F I,5,92.74
2025-10-21,9:52:02.038314891,T,TGT,F I,5,92.74
2025-10-21,9:52:02.038359997,T,TGT,F I,5,92.74
2025-10-21,9:52:02.038423324,T,TGT,F I,5,92.73
2025-10-21,9:52:10.815512599,T,TGT,I,1,92.75
2025-10-21,9:52:10.815993535,T,TGT,F I,5,92.76
2025-10-21,9:52:10.815996987,T,TGT,F I,1,92.76
2025-10-21,9:52:10.815996987,T,TGT,F I,10,92.76
2025-10-21,9:52:10.815999636,T,TGT,F I,8,92.76
2025-10-21,9:52:10.881110681,T,TGT,,100,92.77
2025-10-21,9:52:10.881405446,T,TGT,F,100,92.76
2025-10-21,9:52:37.894809381,T,TGT,F,100,92.8
2025-10-21,9:52:37.894812351,T,TGT,F I,68,92.8
2025-10-21,9:52:37.894902691,T,TGT,F,100,92.79
2025-10-21,9:52:37.894902691,T,TGT,F I,20,92.79
2025-10-21,9:52:46.033532054,T,TGT,F I,5,92.81
2025-10-21,9:52:46.033579778,T,TGT,F I,10,92.82
2025-10-21,9:52:46.033582775,T,TGT,F,100,92.82
2025-10-21,9:52:46.033585815,T,TGT,F I,4,92.82
2025-10-21,9:52:46.034695367,T,TGT,F I,5,92.84
2025-10-21,9:52:46.034830769,T,TGT,F,200,92.85
2025-10-21,9:52:46.034905863,T,TGT,F I,50,92.85
2025-10-21,9:52:46.123662370,T,TGT,F I,25,92.87
2025-10-21,9:52:46.123665407,T,TGT,I,75,92.87
2025-10-21,9:52:46.123669031,T,TGT,F I,25,92.88
2025-10-21,9:52:46.123671394,T,TGT,F,100,92.88
2025-10-21,9:52:46.123728662,T,TGT,,100,92.88
2025-10-21,9:52:46.123731507,T,TGT,,100,92.88
2025-10-21,9:52:46.124017206,T,TGT,I,26,92.87
2025-10-21,9:52:46.124020247,T,TGT,,100,92.87
2025-10-21,9:52:52.159606844,T,TGT,F I,62,92.85
2025-10-21,9:52:52.159627907,T,TGT,,126,92.85
2025-10-21,9:52:52.159645918,T,TGT,I,1,92.85
2025-10-21,9:52:52.159648949,T,TGT,,311,92.85
2025-10-21,9:52:52.159651997,T,TGT,I,26,92.85
2025-10-21,9:52:52.159679035,T,TGT,F I,19,92.85
2025-10-21,9:52:57.233794065,T,TGT,F I,50,92.86
2025-10-21,9:53:00.179871013,T,TGT,F I,10,92.88
2025-10-21,9:53:00.179871013,T,TGT,F,100,92.88
2025-10-21,9:53:06.042073642,T,TGT,F I,63,92.9
2025-10-21,9:53:13.507645737,T,TGT,F I,12,92.91
2025-10-21,9:53:13.507651230,T,TGT,F,196,92.91
2025-10-21,9:53:13.507651230,T,TGT,F I,5,92.91
2025-10-21,9:53:13.507885753,T,TGT,I,35,92.92
2025-10-21,9:53:20.573546526,T,TGT,I,45,92.93
2025-10-21,9:53:20.573549404,T,TGT,I,10,92.93
2025-10-21,9:53:20.633776888,T,TGT,F I,38,92.95
2025-10-21,9:53:20.633800980,T,TGT,F,162,92.95
2025-10-21,9:53:20.633804045,T,TGT,F I,31,92.95
2025-10-21,9:53:20.634417426,T,TGT,I,4,92.96
2025-10-21,9:53:25.116581804,T,TGT,I,8,92.96
2025-10-21,9:53:25.116581804,T,TGT,I,92,92.96
2025-10-21,9:53:25.116602171,T,TGT,F I,8,92.96
2025-10-21,9:53:25.116602171,T,TGT,F I,92,92.96
2025-10-21,9:53:25.116605426,T,TGT,I,1,92.96
2025-10-21,9:53:25.116605426,T,TGT,I,1,92.96
2025-10-21,9:53:25.116923935,T,TGT,I,4,92.97
2025-10-21,9:53:25.166466893,T,TGT,I,30,92.98
2025-10-21,9:53:25.166494268,T,TGT,I,3,92.98
2025-10-21,9:53:25.166496936,T,TGT,I,5,92.99
2025-10-21,9:53:25.167089516,T,TGT,F I,1,93.0
2025-10-21,9:53:25.167093359,T,TGT,F I,1,93.0
2025-10-21,9:53:25.167099010,T,TGT,F I,1,93.0
2025-10-21,9:53:25.167099010,T,TGT,F I,2,93.0
2025-10-21,9:53:25.167101813,T,TGT,F I,1,93.0
2025-10-21,9:53:25.167101813,T,TGT,F I,94,93.0
2025-10-21,9:53:25.167105084,T,TGT,F,100,93.0
2025-10-21,9:53:25.167134612,T,TGT,F I,6,93.0
2025-10-21,9:53:25.167134612,T,TGT,F I,11,93.0
2025-10-21,9:53:25.167138115,T,TGT,F I,11,93.0
2025-10-21,9:53:25.167138115,T,TGT,F I,10,93.0
2025-10-21,9:53:25.167143596,T,TGT,F I,5,93.0
2025-10-21,9:53:25.167143596,T,TGT,F I,26,93.0
2025-10-21,9:53:25.167150457,T,TGT,F I,6,93.0
2025-10-21,9:53:25.167150457,T,TGT,F I,3,93.0
2025-10-21,9:53:25.167156251,T,TGT,F I,10,93.0
2025-10-21,9:53:25.167156251,T,TGT,F I,4,93.0
2025-10-21,9:53:25.167156251,T,TGT,F I,1,93.0
2025-10-21,9:53:25.167159937,T,TGT,F I,1,93.0
2025-10-21,9:53:25.167162968,T,TGT,F I,3,93.0
2025-10-21,9:53:25.167162968,T,TGT,F I,3,93.0
2025-10-21,9:53:25.167168073,T,TGT,F I,1,93.0
2025-10-21,9:53:25.167168073,T,TGT,F I,3,93.0
2025-10-21,9:53:25.167168073,T,TGT,F I,1,93.0
2025-10-21,9:53:25.167171181,T,TGT,F I,9,93.0
2025-10-21,9:53:25.167171181,T,TGT,F I,15,93.0
2025-10-21,9:53:25.167171181,T,TGT,F I,22,93.0
2025-10-21,9:53:25.167173555,T,TGT,F I,10,93.0
2025-10-21,9:53:25.167176723,T,TGT,F I,1,93.0
2025-10-21,9:53:25.167179579,T,TGT,F I,2,93.0
2025-10-21,9:53:25.167179579,T,TGT,F I,25,93.0
2025-10-21,9:53:25.167183449,T,TGT,F I,1,93.0
2025-10-21,9:53:25.167183449,T,TGT,F I,16,93.0
2025-10-21,9:53:25.167189084,T,TGT,F I,30,93.0
2025-10-21,9:53:25.167189084,T,TGT,F I,10,93.0
2025-10-21,9:53:25.167192133,T,TGT,F I,3,93.0
2025-10-21,9:53:25.167194640,T,TGT,F I,30,93.0
2025-10-21,9:53:25.167194640,T,TGT,F,300,93.0
2025-10-21,9:53:25.167197651,T,TGT,F I,1,93.0
2025-10-21,9:53:25.167203907,T,TGT,F I,24,93.0
2025-10-21,9:53:25.167207217,T,TGT,F,300,93.0
2025-10-21,9:53:25.167207217,T,TGT,F I,50,93.0
2025-10-21,9:53:25.167210638,T,TGT,F I,2,93.0
2025-10-21,9:53:25.167210638,T,TGT,F,164,93.0
2025-10-21,9:53:25.167213123,T,TGT,F,100,93.0
2025-10-21,9:53:25.167213123,T,TGT,F I,5,93.0
2025-10-21,9:53:25.167216247,T,TGT,F I,1,93.0
2025-10-21,9:53:25.167216247,T,TGT,F I,6,93.0
2025-10-21,9:53:25.167218677,T,TGT,F I,8,93.0
2025-10-21,9:53:25.167218677,T,TGT,F,410,93.0
2025-10-21,9:53:25.167766556,T,TGT,F I,22,93.0
2025-10-21,9:53:25.167766556,T,TGT,F,107,93.0
2025-10-21,9:53:25.167768984,T,TGT,F I,20,93.0
2025-10-21,9:53:25.167773225,T,TGT,F I,1,93.0
2025-10-21,9:53:25.167773225,T,TGT,F I,1,93.0
2025-10-21,9:53:25.167778929,T,TGT,F I,10,93.0
2025-10-21,9:53:25.167778929,T,TGT,F I,12,93.0
2025-10-21,9:53:25.167778929,T,TGT,F I,55,93.0
2025-10-21,9:53:25.167778929,T,TGT,F I,65,93.0
2025-10-21,9:53:25.167781321,T,TGT,F,380,93.0
2025-10-21,9:53:25.167781321,T,TGT,F I,40,93.0
2025-10-21,9:53:25.167784231,T,TGT,F,150,93.0
2025-10-21,9:53:25.167784231,T,TGT,F I,5,93.0
2025-10-21,9:53:25.167784231,T,TGT,F,100,93.0
2025-10-21,9:53:25.167784231,T,TGT,F,100,93.0
2025-10-21,9:53:25.167787064,T,TGT,F I,36,93.0
2025-10-21,9:53:25.167787064,T,TGT,I,1,93.0
2025-10-21,9:53:25.167790095,T,TGT,I,63,93.0
2025-10-21,9:53:25.168060681,T,TGT,F I,1,93.01
2025-10-21,9:53:25.168063725,T,TGT,F I,5,93.01
2025-10-21,9:53:25.168063725,T,TGT,F I,6,93.01
2025-10-21,9:53:25.169350781,T,TGT,F I,15,93.02
2025-10-21,9:53:25.171233327,T,TGT,I,33,93.01
2025-10-21,9:53:27.973104602,T,TGT,,100,93.03
2025-10-21,9:53:27.973141209,T,TGT,I,50,93.03
2025-10-21,9:53:27.973143684,T,TGT,I,25,93.04
2025-10-21,9:53:27.973143684,T,TGT,I,2,93.04
