DATE,TIME_M,EX,SYM_ROOT,TR_SCOND,SIZE,PRICE
2025-10-30,9:30:00.593596269,T,TGT,FTI,4,93.28
2025-10-30,9:30:24.007828121,T,TGT,F I,5,93.55
2025-10-30,9:30:24.007833370,T,TGT,Q,5,93.55
2025-10-30,9:30:32.870935457,T,TGT,I,1,93.35
2025-10-30,9:30:32.876005537,T,TGT,F I,1,93.51
2025-10-30,9:30:33.876020021,T,TGT,F I,5,93.55
2025-10-30,9:30:34.876040386,T,TGT,F I,5,93.56
2025-10-30,9:30:35.876063892,T,TGT,F I,3,93.64
2025-10-30,9:30:37.237220579,T,TGT,,100,93.6
2025-10-30,9:30:37.237253655,T,TGT,I,25,93.55
2025-10-30,9:30:37.237253655,T,TGT,I,25,93.53
2025-10-30,9:30:37.268774775,T,TGT,I,50,93.53
2025-10-30,9:30:40.059492317,T,TGT,I,50,93.6
2025-10-30,9:30:40.237348047,T,TGT,I,50,93.54
2025-10-30,9:30:40.271596677,T,TGT,I,50,93.54
2025-10-30,9:30:40.509189722,T,TGT,I,50,93.52
2025-10-30,9:31:06.001085825,T,TGT,F I,10,93.6
2025-10-30,9:31:26.768362980,T,TGT,I,3,93.55
2025-10-30,9:31:26.768402065,T,TGT,I,47,93.55
2025-10-30,9:31:26.769466690,T,TGT,I,3,93.48
2025-10-30,9:31:26.769466690,T,TGT,I,50,93.48
2025-10-30,9:31:26.770492121,T,TGT,I,50,93.34
2025-10-30,9:31:26.772479852,T,TGT,I,50,93.33
2025-10-30,9:31:26.800274988,T,TGT,I,76,93.3
2025-10-30,9:31:27.617162217,T,TGT,I,50,93.37
2025-10-30,9:31:27.618214715,T,TGT,I,21,93.34
2025-10-30,9:31:33.374170479,T,TGT,I,60,93.38
2025-10-30,9:31:33.387125418,T,TGT,I,50,93.34
2025-10-30,9:31:33.387125418,T,TGT,I,10,93.34
2025-10-30,9:31:37.472055076,T,TGT,I,7,93.31
2025-10-30,9:31:37.472055076,T,TGT,I,26,93.27
2025-10-30,9:31:37.472060191,T,TGT,I,10,93.27
2025-10-30,9:31:37.472060191,T,TGT,I,43,93.27
2025-10-30,9:31:37.472072219,T,TGT,I,1,93.27
2025-10-30,9:31:37.472108237,T,TGT,I,6,93.27
2025-10-30,9:31:37.472177751,T,TGT,F I,75,93.25
2025-10-30,9:31:37.472177751,T,TGT,F I,75,93.25
2025-10-30,9:31:37.473124616,T,TGT,I,25,93.26
2025-10-30,9:31:37.474243381,T,TGT,I,25,93.25
2025-10-30,9:31:37.474871802,T,TGT,I,55,93.25
2025-10-30,9:32:08.862863621,T,TGT,I,55,93.22
2025-10-30,9:32:08.862863621,T,TGT,I,45,93.2
2025-10-30,9:32:08.862902743,T,TGT,,136,93.2
2025-10-30,9:32:08.862918131,T,TGT,I,19,93.2
2025-10-30,9:32:08.862918131,T,TGT,I,10,93.2
2025-10-30,9:32:08.862920851,T,TGT,I,10,93.2
2025-10-30,9:32:08.863853018,T,TGT,I,27,93.2
2025-10-30,9:32:11.507423999,T,TGT,I,32,93.21
2025-10-30,9:32:11.511967872,T,TGT,I,10,93.18
2025-10-30,9:32:11.511970861,T,TGT,I,50,93.18
2025-10-30,9:32:11.713595213,T,TGT,I,50,93.18
2025-10-30,9:32:11.713595213,T,TGT,I,10,93.18
2025-10-30,9:32:14.285800154,T,TGT,I,17,93.2
2025-10-30,9:32:15.536666141,T,TGT,I,60,93.2
2025-10-30,9:32:15.537829947,T,TGT,I,50,93.2
2025-10-30,9:32:15.539041822,T,TGT,I,25,93.2
2025-10-30,9:32:28.726214385,T,TGT,,100,93.2
2025-10-30,9:32:28.726241428,T,TGT,I,60,93.2
2025-10-30,9:32:34.787941779,T,TGT,I,50,93.18
2025-10-30,9:32:34.787941779,T,TGT,I,10,93.18
2025-10-30,9:32:34.790031710,T,TGT,I,60,93.16
2025-10-30,9:32:34.800457534,T,TGT,I,6,93.11
2025-10-30,9:32:34.801122045,T,TGT,,133,93.09
2025-10-30,9:32:36.893606308,T,TGT,I,25,93.08
2025-10-30,9:32:36.893606308,T,TGT,I,89,93.07
2025-10-30,9:33:13.390935253,T,TGT,,100,93.18
2025-10-30,9:33:30.009970927,T,TGT,I,1,93.24
2025-10-30,9:33:41.710912945,T,TGT,,110,93.12
2025-10-30,9:33:41.710940470,T,TGT,I,17,93.12
2025-10-30,9:33:41.710943060,T,TGT,,127,93.11
2025-10-30,9:33:41.710945932,T,TGT,,100,93.1
2025-10-30,9:33:41.710945932,T,TGT,,127,93.1
2025-10-30,9:33:41.710948941,T,TGT,I,29,93.05
2025-10-30,9:33:41.729461118,T,TGT,,300,93.12
2025-10-30,9:33:41.733845568,T,TGT,F I,50,93.175
2025-10-30,9:33:41.739913923,T,TGT,F I,5,93.22
2025-10-30,9:33:41.759668078,T,TGT,I,20,93.285
2025-10-30,9:33:41.774727913,T,TGT,I,25,93.28
2025-10-30,9:33:41.833527010,T,TGT,F I,1,93.285
2025-10-30,9:33:41.833529955,T,TGT,F I,50,93.285
2025-10-30,9:33:41.833674359,T,TGT,F I,25,93.285
2025-10-30,9:33:41.906916784,T,TGT,F I,42,93.285
2025-10-30,9:33:41.907322867,T,TGT,I,8,93.295
2025-10-30,9:33:41.907322867,T,TGT,I,46,93.295
2025-10-30,9:33:41.927849708,T,TGT,F I,25,93.295
2025-10-30,9:33:41.976707084,T,TGT,I,87,93.295
2025-10-30,9:33:42.168440893,T,TGT,I,42,93.295
2025-10-30,9:33:42.730957996,T,TGT,F I,75,93.33
2025-10-30,9:33:42.730979026,T,TGT,F I,42,93.34
2025-10-30,9:33:47.815836353,T,TGT,F,1241,93.5
2025-10-30,9:33:47.815836353,T,TGT,F,100,93.5
2025-10-30,9:33:47.815841204,T,TGT,F I,5,93.5
2025-10-30,9:33:47.815841204,T,TGT,F I,80,93.5
2025-10-30,9:33:47.815841204,T,TGT,F I,1,93.5
2025-10-30,9:33:47.815877607,T,TGT,F I,5,93.51
2025-10-30,9:33:47.815880193,T,TGT,F,100,93.51
2025-10-30,9:33:47.815883786,T,TGT,F,100,93.52
2025-10-30,9:33:47.815892228,T,TGT,F,100,93.5
2025-10-30,9:33:47.815904256,T,TGT,F,100,93.52
2025-10-30,9:33:47.815904256,T,TGT,F,100,93.53
2025-10-30,9:33:47.815907209,T,TGT,F I,84,93.53
2025-10-30,9:33:47.815910217,T,TGT,F,100,93.53
2025-10-30,9:33:47.815937282,T,TGT,F I,16,93.53
2025-10-30,9:33:47.815982389,T,TGT,F I,42,93.54
2025-10-30,9:33:47.815982389,T,TGT,F I,42,93.54
2025-10-30,9:33:47.815985403,T,TGT,F I,12,93.55
2025-10-30,9:33:47.815988456,T,TGT,F I,88,93.55
2025-10-30,9:33:47.816036537,T,TGT,I,20,93.5
2025-10-30,9:33:47.816427520,T,TGT,F I,42,93.55
2025-10-30,9:33:47.816482598,T,TGT,F,136,93.55
2025-10-30,9:33:47.816484863,T,TGT,F,112,93.55
2025-10-30,9:33:47.816487852,T,TGT,F,152,93.55
2025-10-30,9:33:47.816800411,T,TGT,F I,2,93.55
2025-10-30,9:33:47.816845523,T,TGT,F I,2,93.58
2025-10-30,9:33:47.816875525,T,TGT,,404,93.58
2025-10-30,9:33:47.925840672,T,TGT,F,100,93.59
2025-10-30,9:33:47.925843323,T,TGT,F,304,93.6
2025-10-30,9:33:47.925861206,T,TGT,I,1,93.6
2025-10-30,9:33:47.925864277,T,TGT,F I,99,93.6
2025-10-30,9:33:48.083782424,T,TGT,I,82,93.61
2025-10-30,9:33:56.205531449,T,TGT,I,25,93.56
2025-10-30,9:33:56.205558503,T,TGT,F I,75,93.555
2025-10-30,9:33:56.225763558,T,TGT,I,30,93.555
2025-10-30,9:34:04.202266611,T,TGT,F,100,93.67
2025-10-30,9:34:04.202266611,T,TGT,F I,6,93.68
2025-10-30,9:34:04.202314662,T,TGT,F I,94,93.68
2025-10-30,9:34:04.202314662,T,TGT,F I,12,93.69
2025-10-30,9:34:04.202339565,T,TGT,F I,88,93.69
2025-10-30,9:34:04.202339565,T,TGT,F I,1,93.69
2025-10-30,9:34:04.202341881,T,TGT,F I,5,93.69
2025-10-30,9:34:04.202408334,T,TGT,F I,10,93.69
2025-10-30,9:34:04.202675506,T,TGT,F I,40,93.7
2025-10-30,9:34:04.203051377,T,TGT,F I,30,93.73
2025-10-30,9:34:04.203340151,T,TGT,F I,1,93.75
2025-10-30,9:34:04.203340151,T,TGT,F I,1,93.75
2025-10-30,9:34:09.133249006,T,TGT,,100,93.725
2025-10-30,9:34:09.460085607,T,TGT,F I,1,93.77
2025-10-30,9:34:09.460392312,T,TGT,F I,2,93.77
2025-10-30,9:34:09.460620864,T,TGT,I,15,93.79
2025-10-30,9:34:10.061295832,T,TGT,,100,93.725
2025-10-30,9:34:10.063079180,T,TGT,I,75,93.725
2025-10-30,9:34:10.087331863,T,TGT,I,25,93.725
2025-10-30,9:34:10.557667427,T,TGT,I,25,93.76
2025-10-30,9:34:10.557670373,T,TGT,I,25,93.77
2025-10-30,9:34:10.557673402,T,TGT,I,42,93.79
2025-10-30,9:34:11.710217269,T,TGT,F I,2,93.65
2025-10-30,9:34:11.710605166,T,TGT,F I,25,93.64
2025-10-30,9:34:17.819553932,T,TGT,I,92,93.6
2025-10-30,9:34:17.819572575,T,TGT,I,1,93.6
2025-10-30,9:34:17.819572575,T,TGT,F I,7,93.6
2025-10-30,9:34:17.819575043,T,TGT,F I,1,93.6
2025-10-30,9:34:17.819623336,T,TGT,F,100,93.59
2025-10-30,9:34:17.819671291,T,TGT,,100,93.59
2025-10-30,9:34:17.819701320,T,TGT,I,12,93.59
2025-10-30,9:34:17.819713293,T,TGT,F I,88,93.59
2025-10-30,9:34:17.819957492,T,TGT,I,1,93.59
2025-10-30,9:34:17.819959978,T,TGT,I,11,93.6
2025-10-30,9:34:17.819962962,T,TGT,I,17,93.6
2025-10-30,9:34:17.819980973,T,TGT,I,29,93.61
2025-10-30,9:34:17.819999571,T,TGT,F I,1,93.59
2025-10-30,9:34:17.820035071,T,TGT,F I,1,93.6
2025-10-30,9:34:17.820038110,T,TGT,I,25,93.64
2025-10-30,9:34:17.820038110,T,TGT,I,75,93.66
2025-10-30,9:34:17.820059130,T,TGT,I,1,93.6
2025-10-30,9:34:17.820062933,T,TGT,F I,49,93.6
2025-10-30,9:34:17.820062933,T,TGT,I,49,93.6
2025-10-30,9:34:17.820065146,T,TGT,I,28,93.6
2025-10-30,9:34:17.820207095,T,TGT,,100,93.61
2025-10-30,9:34:17.820207095,T,TGT,,100,93.61
2025-10-30,9:34:17.820257670,T,TGT,F I,65,93.59
2025-10-30,9:34:17.820269801,T,TGT,F I,14,93.59
2025-10-30,9:34:17.820272746,T,TGT,F I,21,93.59
2025-10-30,9:34:17.821268085,T,TGT,,100,93.62
2025-10-30,9:34:25.476512779,T,TGT,I,24,93.7
2025-10-30,9:34:25.476530654,T,TGT,I,1,93.73
2025-10-30,9:34:25.476539660,T,TGT,F I,14,93.75
2025-10-30,9:34:25.477126126,T,TGT,F I,10,93.8
2025-10-30,9:34:25.477126126,T,TGT,F I,4,93.8
2025-10-30,9:34:25.491349991,T,TGT,I,25,93.79
2025-10-30,9:34:25.491352928,T,TGT,I,13,93.77
2025-10-30,9:34:25.491374056,T,TGT,F I,25,93.77
2025-10-30,9:34:25.491374056,T,TGT,F I,38,93.77
2025-10-30,9:34:25.491377073,T,TGT,I,1,93.77
2025-10-30,9:34:32.003935381,T,TGT,F I,2,93.85
2025-10-30,9:34:32.004178950,T,TGT,F I,2,93.85
2025-10-30,9:34:32.023860823,T,TGT,I,19,93.83
2025-10-30,9:34:35.389376714,T,TGT,F I,19,93.85
2025-10-30,9:34:35.389380091,T,TGT,F I,1,93.85
2025-10-30,9:34:35.390137641,T,TGT,F I,2,93.85
2025-10-30,9:34:37.073130061,T,TGT,F I,50,93.85
2025-10-30,9:34:37.073148078,T,TGT,F I,4,93.85
2025-10-30,9:34:37.401449406,T,TGT,F I,40,93.9
2025-10-30,9:34:37.401449406,T,TGT,F I,2,93.9
2025-10-30,9:34:37.401452252,T,TGT,F I,5,93.9
2025-10-30,9:34:37.402826534,T,TGT,I,25,93.88
2025-10-30,9:34:38.432232920,T,TGT,I,1,93.8
2025-10-30,9:34:48.401887191,T,TGT,I,75,93.86
2025-10-30,9:34:48.401893230,T,TGT,I,25,93.875
2025-10-30,9:34:50.538886335,T,TGT,F I,1,93.79
2025-10-30,9:34:50.538892374,T,TGT,F I,1,93.79
2025-10-30,9:34:50.538908017,T,TGT,F I,1,93.79
2025-10-30,9:34:50.538919446,T,TGT,F I,1,93.79
2025-10-30,9:34:50.538931498,T,TGT,F I,12,93.79
2025-10-30,9:34:50.538931498,T,TGT,F I,10,93.79
2025-10-30,9:34:50.538967624,T,TGT,F,100,93.77
2025-10-30,9:34:50.538994599,T,TGT,I,20,93.79
2025-10-30,9:34:50.539058289,T,TGT,F I,20,93.77
2025-10-30,9:34:50.539061480,T,TGT,F I,16,93.73
2025-10-30,9:34:50.539064261,T,TGT,F,100,93.72
2025-10-30,9:34:50.539068422,T,TGT,F,100,93.68
2025-10-30,9:34:50.539068422,T,TGT,F I,5,93.68
2025-10-30,9:34:50.539073586,T,TGT,F,100,93.65
2025-10-30,9:34:50.539073586,T,TGT,F I,16,93.65
2025-10-30,9:34:50.539073586,T,TGT,F I,16,93.6
2025-10-30,9:34:50.539077183,T,TGT,F,200,93.57
2025-10-30,9:34:50.539077183,T,TGT,F I,50,93.5
2025-10-30,9:34:50.539081873,T,TGT,F I,12,93.27
2025-10-30,9:34:50.539081873,T,TGT,F I,40,93.27
2025-10-30,9:34:50.539081873,T,TGT,F I,11,93.2
2025-10-30,9:34:50.539084850,T,TGT,F I,40,93.2
2025-10-30,9:34:50.539084850,T,TGT,F,489,93.2
2025-10-30,9:34:50.539087915,T,TGT,F I,40,93.17
2025-10-30,9:34:50.539087915,T,TGT,F I,40,93.17
2025-10-30,9:34:50.539118078,T,TGT,I,5,93.79
2025-10-30,9:34:50.539118078,T,TGT,I,15,93.79
2025-10-30,9:34:50.539298395,T,TGT,F I,7,93.52
2025-10-30,9:34:50.539328416,T,TGT,I,5,93.52
2025-10-30,9:34:50.539538928,T,TGT,I,5,93.52
2025-10-30,9:34:50.539538928,T,TGT,I,2,93.52
2025-10-30,9:34:50.539551020,T,TGT,F I,17,93.53
2025-10-30,9:34:50.539571966,T,TGT,F I,2,93.53
2025-10-30,9:34:50.539571966,T,TGT,F I,5,93.53
2025-10-30,9:34:50.539578010,T,TGT,F I,2,93.57
2025-10-30,9:34:50.539785592,T,TGT,F I,4,93.72
2025-10-30,9:34:50.539824639,T,TGT,F I,25,93.67
2025-10-30,9:34:50.539827643,T,TGT,F I,13,93.72
2025-10-30,9:34:50.539881724,T,TGT,F I,15,93.72
2025-10-30,9:34:50.539894402,T,TGT,I,25,93.72
2025-10-30,9:34:50.539896909,T,TGT,I,25,93.55
2025-10-30,9:34:50.539896909,T,TGT,I,25,93.52
2025-10-30,9:34:50.539899851,T,TGT,I,30,93.5
2025-10-30,9:34:50.540041110,T,TGT,F I,17,93.54
2025-10-30,9:34:50.540206523,T,TGT,F I,50,93.54
2025-10-30,9:34:50.540227580,T,TGT,F I,4,93.53
2025-10-30,9:34:50.540359909,T,TGT,F I,13,93.53
2025-10-30,9:34:50.540363606,T,TGT,F I,19,93.5
2025-10-30,9:34:50.540363606,T,TGT,F I,43,93.5
2025-10-30,9:34:50.540365976,T,TGT,F I,17,93.48
2025-10-30,9:34:50.540365976,T,TGT,F I,46,93.48
2025-10-30,9:34:50.540426775,T,TGT,F I,17,93.6
2025-10-30,9:34:50.540426775,T,TGT,F I,6,93.6
2025-10-30,9:34:50.540429026,T,TGT,F I,20,93.61
2025-10-30,9:34:50.540433661,T,TGT,F I,47,93.61
2025-10-30,9:34:50.540433661,T,TGT,F I,6,93.61
2025-10-30,9:34:50.540438245,T,TGT,F I,27,93.61
2025-10-30,9:34:50.540438245,T,TGT,F I,13,93.62
2025-10-30,9:34:50.540459177,T,TGT,F I,6,93.58
2025-10-30,9:34:50.540711703,T,TGT,F I,13,93.49
2025-10-30,9:34:50.541541662,T,TGT,F I,75,93.5
2025-10-30,9:34:50.543024723,T,TGT,I,40,93.58
2025-10-30,9:34:50.543024723,T,TGT,I,4,93.58
2025-10-30,9:34:50.543027596,T,TGT,I,13,93.58
2025-10-30,9:34:50.543027596,T,TGT,I,28,93.58
2025-10-30,9:34:50.543120410,T,TGT,I,56,93.58
2025-10-30,9:34:50.543568558,T,TGT,I,13,93.58
2025-10-30,9:34:50.543568558,T,TGT,I,13,93.58
2025-10-30,9:34:50.875830484,T,TGT,F I,1,93.73
2025-10-30,9:34:50.875830484,T,TGT,F I,69,93.73
2025-10-30,9:34:50.875833171,T,TGT,F I,60,93.73
2025-10-30,9:34:50.875899426,T,TGT,,100,93.76
2025-10-30,9:34:50.875929351,T,TGT,F I,6,93.74
2025-10-30,9:34:50.875932888,T,TGT,F I,26,93.73
2025-10-30,9:34:50.875935420,T,TGT,F I,74,93.73
2025-10-30,9:34:50.875935420,T,TGT,F I,20,93.73
2025-10-30,9:34:50.875938322,T,TGT,F I,6,93.73
2025-10-30,9:34:50.875950642,T,TGT,I,1,93.74
2025-10-30,9:34:50.876648045,T,TGT,I,91,93.76
2025-10-30,9:34:50.882009882,T,TGT,F I,13,93.75
2025-10-30,9:34:51.057683000,T,TGT,,200,93.75
2025-10-30,9:34:51.750111943,T,TGT,I,9,93.81
2025-10-30,9:34:51.750202202,T,TGT,F I,9,93.81
2025-10-30,9:34:51.750205147,T,TGT,F I,7,93.81
2025-10-30,9:34:51.750226249,T,TGT,F I,9,93.81
2025-10-30,9:34:51.750232454,T,TGT,F I,16,93.81
2025-10-30,9:34:51.750248193,T,TGT,F I,7,93.82
2025-10-30,9:34:51.750292434,T,TGT,F I,9,93.82
2025-10-30,9:34:54.048686014,T,TGT,,100,93.76
2025-10-30,9:34:54.070298557,T,TGT,I,6,93.71
2025-10-30,9:34:57.024701935,T,TGT,F I,75,93.84
2025-10-30,9:34:57.024753096,T,TGT,F I,25,93.84
2025-10-30,9:34:57.024753096,T,TGT,F I,50,93.83
2025-10-30,9:34:57.024792148,T,TGT,F I,75,93.83
2025-10-30,9:34:57.024825269,T,TGT,F I,75,93.83
2025-10-30,9:35:01.191203152,T,TGT,F I,25,93.79
2025-10-30,9:35:01.191206129,T,TGT,F I,50,93.79
2025-10-30,9:35:01.191278363,T,TGT,F I,50,93.79
2025-10-30,9:35:06.464641490,T,TGT,F I,1,93.855
2025-10-30,9:35:10.077986778,T,TGT,I,75,93.855
2025-10-30,9:35:11.741089949,T,TGT,F I,1,93.92
2025-10-30,9:35:11.741120005,T,TGT,I,1,93.93
2025-10-30,9:35:11.741168101,T,TGT,F I,1,93.92
2025-10-30,9:35:11.741174138,T,TGT,F I,1,93.92
2025-10-30,9:35:11.741186089,T,TGT,I,28,93.92
2025-10-30,9:35:11.758567577,T,TGT,I,22,93.96
2025-10-30,9:35:11.758585633,T,TGT,F I,78,93.96
2025-10-30,9:35:11.759132847,T,TGT,F,150,93.97
2025-10-30,9:35:11.759135875,T,TGT,F I,8,93.97
2025-10-30,9:35:11.760928215,T,TGT,F,100,93.99
2025-10-30,9:35:11.760982266,T,TGT,F,100,93.99
2025-10-30,9:35:11.760985329,T,TGT,F,100,93.99
2025-10-30,9:35:11.761334138,T,TGT,F I,1,94.0
2025-10-30,9:35:11.761553618,T,TGT,F I,24,94.0
2025-10-30,9:35:11.761556661,T,TGT,F I,29,94.0
2025-10-30,9:35:11.761560487,T,TGT,I,29,94.0
2025-10-30,9:35:11.761565779,T,TGT,I,32,94.0
2025-10-30,9:35:11.761565779,T,TGT,I,32,94.0
2025-10-30,9:35:11.761569281,T,TGT,I,15,94.0
2025-10-30,9:35:11.761598820,T,TGT,F I,63,94.0
2025-10-30,9:35:11.761598820,T,TGT,F I,2,94.0
2025-10-30,9:35:11.761601775,T,TGT,F I,47,94.0
2025-10-30,9:35:11.780083834,T,TGT,I,24,94.005
2025-10-30,9:35:12.180998978,T,TGT,I,1,94.02
2025-10-30,9:35:12.703502683,T,TGT,F I,75,94.025
2025-10-30,9:35:12.703553860,T,TGT,F I,75,94.025
2025-10-30,9:35:12.773602730,T,TGT,F I,1,94.03
2025-10-30,9:35:12.773759127,T,TGT,I,46,94.05
2025-10-30,9:35:12.773909500,T,TGT,F I,8,94.06
2025-10-30,9:35:12.810275119,T,TGT,F I,1,94.09
2025-10-30,9:35:12.810275119,T,TGT,F I,11,94.09
2025-10-30,9:35:12.810278053,T,TGT,F I,2,94.09
2025-10-30,9:35:12.810314182,T,TGT,F,870,94.1
2025-10-30,9:35:12.810332279,T,TGT,I,38,94.1
2025-10-30,9:35:12.810335360,T,TGT,I,1,94.1
2025-10-30,9:35:12.810338242,T,TGT,F I,91,94.1
2025-10-30,9:35:12.810342194,T,TGT,F,100,94.1
2025-10-30,9:35:12.810342194,T,TGT,F I,7,94.1
2025-10-30,9:35:12.810344580,T,TGT,F I,42,94.1
2025-10-30,9:35:12.810347389,T,TGT,F I,4,94.1
2025-10-30,9:35:12.810750546,T,TGT,F I,9,94.12
2025-10-30,9:35:12.810750546,T,TGT,F,112,94.12
2025-10-30,9:35:12.812981872,T,TGT,I,11,94.14
2025-10-30,9:35:12.813002602,T,TGT,I,29,94.14
2025-10-30,9:35:13.241048413,T,TGT,I,2,94.14
2025-10-30,9:35:13.241051380,T,TGT,I,1,94.14
2025-10-30,9:35:13.241403163,T,TGT,I,1,94.14
2025-10-30,9:35:14.460994678,T,TGT,F I,3,94.14
2025-10-30,9:35:17.779463537,T,TGT,F I,75,94.04
2025-10-30,9:35:17.780152474,T,TGT,F,100,94.02
2025-10-30,9:35:17.780152474,T,TGT,F I,51,94.02
2025-10-30,9:35:17.780209245,T,TGT,I,75,94.02
2025-10-30,9:35:17.780230266,T,TGT,F I,25,94.02
2025-10-30,9:35:17.780275534,T,TGT,F I,34,94.02
2025-10-30,9:35:18.752305161,T,TGT,F I,75,94.07
2025-10-30,9:35:19.930208526,T,TGT,I,19,94.04
2025-10-30,9:35:19.931769060,T,TGT,I,1,94.02
2025-10-30,9:35:19.936842632,T,TGT,I,1,94.02
2025-10-30,9:35:19.936962436,T,TGT,I,2,94.02
2025-10-30,9:35:19.937082713,T,TGT,I,14,94.02
2025-10-30,9:35:19.937464669,T,TGT,I,11,94.02
2025-10-30,9:35:22.199643038,T,TGT,F I,25,94.03
2025-10-30,9:35:22.861898770,T,TGT,F,100,93.97
2025-10-30,9:35:22.861940763,T,TGT,F,100,93.96
2025-10-30,9:35:22.861943800,T,TGT,F I,25,93.96
2025-10-30,9:35:22.862440159,T,TGT,I,25,93.94
2025-10-30,9:35:22.862440159,T,TGT,I,75,93.96
2025-10-30,9:35:22.862458173,T,TGT,I,1,93.96
2025-10-30,9:35:29.180781034,T,TGT,F,100,93.81
2025-10-30,9:35:29.181884285,T,TGT,I,25,93.79
2025-10-30,9:35:29.181887223,T,TGT,I,25,93.79
2025-10-30,9:35:29.181890240,T,TGT,I,9,93.82
2025-10-30,9:35:29.182819451,T,TGT,I,14,93.77
2025-10-30,9:35:29.182948779,T,TGT,I,6,93.77
2025-10-30,9:35:29.483111917,T,TGT,I,66,93.76
2025-10-30,9:35:29.483232153,T,TGT,I,25,93.76
2025-10-30,9:35:29.910941104,T,TGT,F,100,93.71
2025-10-30,9:35:29.911440341,T,TGT,F I,18,93.66
2025-10-30,9:35:29.911695894,T,TGT,I,75,93.66
2025-10-30,9:35:29.911695894,T,TGT,I,25,93.665
2025-10-30,9:35:41.607898601,T,TGT,I,66,93.51
2025-10-30,9:35:41.607916673,T,TGT,I,1,93.51
2025-10-30,9:35:41.607934658,T,TGT,F I,33,93.51
2025-10-30,9:35:41.608331642,T,TGT,F I,75,93.5
2025-10-30,9:35:45.698940985,T,TGT,I,1,93.39
2025-10-30,9:35:58.032460984,T,TGT,F I,50,93.4
2025-10-30,9:36:06.262762510,T,TGT,F I,31,93.48
2025-10-30,9:36:06.262765498,T,TGT,F I,7,93.48
2025-10-30,9:36:06.262852756,T,TGT,F I,12,93.48
2025-10-30,9:36:11.744913045,T,TGT,F I,6,93.46
2025-10-30,9:36:13.659165500,T,TGT,I,16,93.5
2025-10-30,9:36:13.659168507,T,TGT,I,9,93.5
2025-10-30,9:36:13.659902160,T,TGT,F I,45,93.45
2025-10-30,9:36:13.670613757,T,TGT,I,17,93.4
2025-10-30,9:36:13.670649859,T,TGT,F,100,93.4
2025-10-30,9:36:13.670661817,T,TGT,,100,93.4
2025-10-30,9:36:13.670670861,T,TGT,,100,93.39
2025-10-30,9:36:13.670986632,T,TGT,F,167,93.39
2025-10-30,9:36:13.671004671,T,TGT,F I,45,93.39
2025-10-30,9:36:13.671031727,T,TGT,I,18,93.42
2025-10-30,9:36:13.671065220,T,TGT,F I,47,93.4
2025-10-30,9:36:13.671179300,T,TGT,I,53,93.4
2025-10-30,9:36:13.671179300,T,TGT,I,18,93.4
2025-10-30,9:36:13.671182037,T,TGT,I,39,93.4
2025-10-30,9:36:13.721383662,T,TGT,I,19,93.4
2025-10-30,9:36:16.063345046,T,TGT,I,83,93.41
2025-10-30,9:36:16.063363075,T,TGT,I,1,93.41
2025-10-30,9:36:23.289524489,T,TGT,F I,99,93.44
2025-10-30,9:36:23.289602670,T,TGT,I,85,93.43
2025-10-30,9:36:23.289611744,T,TGT,F I,1,93.43
2025-10-30,9:36:23.297821291,T,TGT,I,30,93.42
2025-10-30,9:36:23.297917492,T,TGT,I,30,93.42
2025-10-30,9:36:23.297929574,T,TGT,F I,30,93.42
2025-10-30,9:36:23.297986833,T,TGT,I,10,93.42
2025-10-30,9:36:23.297989628,T,TGT,I,6,93.41
2025-10-30,9:36:23.298073926,T,TGT,I,10,93.41
2025-10-30,9:36:23.298101466,T,TGT,I,2,93.4
2025-10-30,9:36:23.298103986,T,TGT,I,10,93.4
2025-10-30,9:36:23.298140004,T,TGT,,100,93.42
2025-10-30,9:36:23.298155079,T,TGT,I,1,93.41
2025-10-30,9:36:23.298188191,T,TGT,F,100,93.43
2025-10-30,9:36:23.298191152,T,TGT,,100,93.4
2025-10-30,9:36:23.298266353,T,TGT,,100,93.42
2025-10-30,9:36:23.348909979,T,TGT,,100,93.42
2025-10-30,9:36:24.496413821,T,TGT,F I,21,93.48
2025-10-30,9:36:27.867123066,T,TGT,I,21,93.48
2025-10-30,9:36:35.039260780,T,TGT,F I,50,93.48
2025-10-30,9:36:35.984064407,T,TGT,F I,1,93.49
2025-10-30,9:36:35.984069925,T,TGT,F I,2,93.49
2025-10-30,9:36:35.984069925,T,TGT,F I,16,93.49
2025-10-30,9:36:35.984072626,T,TGT,F I,2,93.49
2025-10-30,9:36:35.984081874,T,TGT,F I,78,93.49
2025-10-30,9:36:35.984084749,T,TGT,F I,61,93.49
2025-10-30,9:36:35.984445590,T,TGT,F I,25,93.5
2025-10-30,9:36:36.392668103,T,TGT,F,100,93.5
2025-10-30,9:36:36.392668103,T,TGT,F I,34,93.5
2025-10-30,9:36:36.392683126,T,TGT,I,1,93.5
2025-10-30,9:36:36.392698418,T,TGT,I,15,93.5
2025-10-30,9:36:36.392701231,T,TGT,I,1,93.5
2025-10-30,9:36:37.607322196,T,TGT,F,100,93.39
2025-10-30,9:36:37.607339917,T,TGT,F,100,93.39
2025-10-30,9:36:37.608142779,T,TGT,I,25,93.41
2025-10-30,9:36:37.608145845,T,TGT,I,25,93.42
2025-10-30,9:36:37.608149096,T,TGT,I,40,93.43
2025-10-30,9:36:37.608149096,T,TGT,I,10,93.44
2025-10-30,9:36:37.627442828,T,TGT,,194,93.43
2025-10-30,9:36:37.627463843,T,TGT,I,4,93.43
2025-10-30,9:36:37.708897849,T,TGT,F I,93,93.4
2025-10-30,9:36:37.708897849,T,TGT,F I,7,93.4
2025-10-30,9:36:41.105186140,T,TGT,,127,93.37
2025-10-30,9:36:41.105186140,T,TGT,,127,93.38
2025-10-30,9:36:41.105189065,T,TGT,I,46,93.38
2025-10-30,9:36:41.894001374,T,TGT,,100,93.36
2025-10-30,9:36:42.377216569,T,TGT,I,21,93.35
2025-10-30,9:36:47.371448587,T,TGT,F I,50,93.3
2025-10-30,9:36:49.681497963,T,TGT,F I,10,93.25
2025-10-30,9:36:53.090798452,T,TGT,,100,93.33
2025-10-30,9:36:53.461331999,T,TGT,,100,93.345
2025-10-30,9:36:55.719746026,T,TGT,F I,50,93.31
2025-10-30,9:36:55.719746026,T,TGT,F,100,93.29
2025-10-30,9:36:55.719748317,T,TGT,F I,10,93.29
2025-10-30,9:36:55.719763355,T,TGT,I,1,93.29
2025-10-30,9:37:03.049527588,T,TGT,F I,6,93.42
2025-10-30,9:37:03.998218707,T,TGT,I,50,93.39
2025-10-30,9:37:10.123421098,T,TGT,I,51,93.405
2025-10-30,9:37:14.024473879,T,TGT,F I,24,93.48
2025-10-30,9:37:14.024477229,T,TGT,F I,1,93.48
2025-10-30,9:37:14.024480261,T,TGT,F I,48,93.48
2025-10-30,9:37:14.024480261,T,TGT,F I,44,93.48
2025-10-30,9:37:14.024651360,T,TGT,F I,40,93.51
2025-10-30,9:37:14.024654863,T,TGT,F,100,93.51
2025-10-30,9:37:14.025045313,T,TGT,F,100,93.51
2025-10-30,9:37:14.026882693,T,TGT,F I,5,93.54
2025-10-30,9:37:14.312220634,T,TGT,I,6,93.52
2025-10-30,9:37:14.312220634,T,TGT,I,50,93.52
2025-10-30,9:37:15.280930317,T,TGT,F I,75,93.53
2025-10-30,9:37:15.280975331,T,TGT,F I,25,93.53
2025-10-30,9:37:19.490115058,T,TGT,,100,93.43
2025-10-30,9:37:19.490115058,T,TGT,I,50,93.43
2025-10-30,9:37:19.490145205,T,TGT,,100,93.42
2025-10-30,9:37:19.490175197,T,TGT,F I,75,93.43
2025-10-30,9:37:19.490175197,T,TGT,I,25,93.43
2025-10-30,9:37:19.490193262,T,TGT,I,1,93.42
2025-10-30,9:37:19.490905924,T,TGT,F,100,93.39
2025-10-30,9:37:19.491026296,T,TGT,I,6,93.4
2025-10-30,9:37:19.491038292,T,TGT,I,6,93.4
2025-10-30,9:37:19.491092451,T,TGT,I,6,93.39
2025-10-30,9:37:19.491711849,T,TGT,,100,93.39
2025-10-30,9:37:20.451186829,T,TGT,F,100,93.35
2025-10-30,9:37:20.451225823,T,TGT,I,40,93.34
2025-10-30,9:37:20.452013650,T,TGT,,500,93.3
2025-10-30,9:37:20.461765929,T,TGT,F I,75,93.26
2025-10-30,9:37:20.461807950,T,TGT,F I,25,93.26
2025-10-30,9:37:27.681741522,T,TGT,I,33,93.28
2025-10-30,9:37:34.127369378,T,TGT,F I,50,93.26
2025-10-30,9:37:43.831220451,T,TGT,F I,27,93.26
2025-10-30,9:37:43.839517234,T,TGT,I,50,93.28
2025-10-30,9:37:44.507188947,T,TGT,F I,50,93.26
2025-10-30,9:37:54.434526388,T,TGT,,100,93.22
2025-10-30,9:37:54.547526615,T,TGT,,100,93.22
2025-10-30,9:37:54.547529625,T,TGT,I,50,93.21
2025-10-30,9:37:54.547583820,T,TGT,I,50,93.21
2025-10-30,9:37:54.547640869,T,TGT,I,29,93.24
2025-10-30,9:37:54.548079958,T,TGT,I,29,93.21
2025-10-30,9:37:54.548082944,T,TGT,I,50,93.21
2025-10-30,9:37:56.632851017,T,TGT,F I,25,93.22
2025-10-30,9:37:56.632851017,T,TGT,F I,22,93.24
2025-10-30,9:37:56.632854314,T,TGT,F I,17,93.24
2025-10-30,9:37:56.632857065,T,TGT,F I,26,93.24
2025-10-30,9:37:56.632860596,T,TGT,F I,29,93.24
2025-10-30,9:37:56.632860596,T,TGT,F I,26,93.24
2025-10-30,9:37:56.632863649,T,TGT,F I,26,93.24
2025-10-30,9:37:56.632863649,T,TGT,F I,26,93.24
2025-10-30,9:37:56.632868697,T,TGT,F I,17,93.24
2025-10-30,9:37:56.632868697,T,TGT,F I,2,93.24
2025-10-30,9:37:56.632868697,T,TGT,F I,25,93.24
2025-10-30,9:37:56.632871681,T,TGT,F I,75,93.24
2025-10-30,9:37:56.632874718,T,TGT,F I,5,93.24
2025-10-30,9:37:56.632886716,T,TGT,I,3,93.24
2025-10-30,9:37:56.632929563,T,TGT,F I,2,93.24
2025-10-30,9:37:56.716720432,T,TGT,I,75,93.265
2025-10-30,9:37:56.716759572,T,TGT,F I,75,93.265
2025-10-30,9:37:57.241109754,T,TGT,F I,75,93.265
2025-10-30,9:37:57.241151841,T,TGT,F I,25,93.265
2025-10-30,9:37:57.458482593,T,TGT,F I,25,93.3
2025-10-30,9:38:01.811136214,T,TGT,I,30,93.25
2025-10-30,9:38:01.811232421,T,TGT,,100,93.25
2025-10-30,9:38:05.151861115,T,TGT,F I,24,93.25
2025-10-30,9:38:05.151864436,T,TGT,F I,76,93.25
2025-10-30,9:38:05.151864436,T,TGT,F I,25,93.25
2025-10-30,9:38:05.151873183,T,TGT,F I,5,93.25
2025-10-30,9:38:05.351993978,T,TGT,F I,12,93.28
2025-10-30,9:38:05.351999968,T,TGT,F I,25,93.28
2025-10-30,9:38:07.870259445,T,TGT,F I,21,93.3
2025-10-30,9:38:07.870286494,T,TGT,F I,1,93.3
2025-10-30,9:38:08.622690969,T,TGT,F I,30,93.315
2025-10-30,9:38:08.622690969,T,TGT,F I,45,93.315
2025-10-30,9:38:15.263522871,T,TGT,I,1,93.29
2025-10-30,9:38:15.527380544,T,TGT,,100,93.29
2025-10-30,9:38:15.527630081,T,TGT,F I,3,93.3
2025-10-30,9:38:15.527660229,T,TGT,I,2,93.3
2025-10-30,9:38:15.527663210,T,TGT,I,18,93.3
2025-10-30,9:38:15.527744357,T,TGT,F I,1,93.33
2025-10-30,9:38:15.527744357,T,TGT,F I,70,93.34
2025-10-30,9:38:15.527751175,T,TGT,F I,73,93.35
2025-10-30,9:38:15.527751175,T,TGT,F I,27,93.35
2025-10-30,9:38:15.527751175,T,TGT,F I,74,93.35
2025-10-30,9:38:15.527756423,T,TGT,,100,93.35
2025-10-30,9:38:15.529169731,T,TGT,F I,26,93.35
2025-10-30,9:38:15.529169731,T,TGT,F,100,93.35
2025-10-30,9:38:15.529172739,T,TGT,F I,48,93.35
2025-10-30,9:38:15.534020330,T,TGT,I,46,93.37
2025-10-30,9:38:30.505966240,T,TGT,,100,93.345
2025-10-30,9:38:35.487712489,T,TGT,F,127,93.39
2025-10-30,9:38:35.487716223,T,TGT,F I,28,93.4
2025-10-30,9:38:35.487716223,T,TGT,F I,22,93.4
2025-10-30,9:38:35.487718758,T,TGT,F I,17,93.4
2025-10-30,9:38:35.487722219,T,TGT,F I,75,93.4
2025-10-30,9:38:35.487736554,T,TGT,I,1,93.4
2025-10-30,9:38:35.487769853,T,TGT,F I,24,93.4
2025-10-30,9:38:35.487773753,T,TGT,F I,76,93.4
2025-10-30,9:38:35.487799745,T,TGT,I,7,93.4
2025-10-30,9:38:35.487805718,T,TGT,I,17,93.4
2025-10-30,9:38:35.487808884,T,TGT,I,1,93.4
2025-10-30,9:38:35.487808884,T,TGT,I,1,93.4
2025-10-30,9:38:35.487812876,T,TGT,,100,93.4
2025-10-30,9:38:35.487812876,T,TGT,I,7,93.4
2025-10-30,9:38:35.487818049,T,TGT,I,11,93.4
2025-10-30,9:38:35.487821586,T,TGT,F I,82,93.4
2025-10-30,9:38:35.487826840,T,TGT,F,100,93.4
2025-10-30,9:38:35.488040328,T,TGT,I,6,93.4
2025-10-30,9:38:35.488506412,T,TGT,I,30,93.4
2025-10-30,9:38:35.488506412,T,TGT,,185,93.4
2025-10-30,9:38:35.488596578,T,TGT,,100,93.4
2025-10-30,9:38:35.488618195,T,TGT,,100,93.4
2025-10-30,9:38:35.488620685,T,TGT,F I,15,93.4
2025-10-30,9:38:35.534362673,T,TGT,I,1,93.4
2025-10-30,9:38:40.969324709,T,TGT,I,75,93.405
2025-10-30,9:38:46.889567893,T,TGT,I,8,93.415
2025-10-30,9:38:51.035710460,T,TGT,F I,51,93.425
2025-10-30,9:38:51.035914985,T,TGT,F I,10,93.425
2025-10-30,9:38:51.035918010,T,TGT,F I,1,93.44
2025-10-30,9:38:51.035920972,T,TGT,F I,40,93.44
2025-10-30,9:38:51.035969178,T,TGT,I,10,93.44
2025-10-30,9:38:51.036119499,T,TGT,I,15,93.44
2025-10-30,9:38:51.036278798,T,TGT,I,27,93.46
2025-10-30,9:38:51.036278798,T,TGT,I,7,93.46
2025-10-30,9:38:51.037063681,T,TGT,F I,28,93.48
2025-10-30,9:38:58.925934693,T,TGT,F I,30,93.5
2025-10-30,9:38:58.925937888,T,TGT,F I,1,93.5
2025-10-30,9:38:58.925937888,T,TGT,F I,25,93.5
2025-10-30,9:38:58.926000853,T,TGT,F I,23,93.5
2025-10-30,9:38:58.926548346,T,TGT,I,51,93.54
2025-10-30,9:38:58.926548346,T,TGT,I,30,93.54
2025-10-30,9:38:58.926551263,T,TGT,I,1,93.54
2025-10-30,9:38:59.439609487,T,TGT,F I,51,93.56
2025-10-30,9:38:59.439612532,T,TGT,F I,18,93.56
2025-10-30,9:38:59.439925197,T,TGT,F,100,93.58
2025-10-30,9:38:59.439967421,T,TGT,F I,38,93.59
2025-10-30,9:38:59.954947172,T,TGT,F I,75,93.58
2025-10-30,9:38:59.954989344,T,TGT,F I,25,93.58
2025-10-30,9:39:02.292881948,T,TGT,F I,30,93.6
2025-10-30,9:39:05.223712301,T,TGT,F I,94,93.6
2025-10-30,9:39:08.059714683,T,TGT,F,100,93.6
2025-10-30,9:39:08.059718766,T,TGT,F I,50,93.6
2025-10-30,9:39:08.059718766,T,TGT,F I,5,93.61
2025-10-30,9:39:08.059720749,T,TGT,I,25,93.58
2025-10-30,9:39:08.059723878,T,TGT,I,95,93.61
2025-10-30,9:39:08.059723878,T,TGT,I,35,93.61
2025-10-30,9:39:08.059745095,T,TGT,I,20,93.61
2025-10-30,9:39:08.059745095,T,TGT,I,40,93.61
2025-10-30,9:39:08.059765821,T,TGT,I,18,93.57
2025-10-30,9:39:12.879919136,T,TGT,F I,25,93.56
2025-10-30,9:39:19.727222994,T,TGT,F I,5,93.61
2025-10-30,9:39:19.727225979,T,TGT,F I,20,93.61
2025-10-30,9:39:19.727225979,T,TGT,F I,1,93.61
2025-10-30,9:39:19.728098047,T,TGT,F,100,93.64
2025-10-30,9:39:19.728125122,T,TGT,I,1,93.64
2025-10-30,9:39:19.728152206,T,TGT,F I,3,93.64
2025-10-30,9:39:19.728155283,T,TGT,I,6,93.64
2025-10-30,9:39:19.728173332,T,TGT,F I,90,93.64
2025-10-30,9:39:19.728681468,T,TGT,I,7,93.64
2025-10-30,9:39:20.148920675,T,TGT,F I,75,93.65
2025-10-30,9:39:20.235611139,T,TGT,I,75,93.655
2025-10-30,9:39:20.235647361,T,TGT,I,75,93.655
2025-10-30,9:39:20.737888827,T,TGT,F I,75,93.66
2025-10-30,9:39:21.195230371,T,TGT,I,18,93.665
2025-10-30,9:39:27.598033215,T,TGT,,100,93.715
2025-10-30,9:39:27.598442190,T,TGT,I,27,93.715
2025-10-30,9:39:27.598445159,T,TGT,I,30,93.715
2025-10-30,9:39:35.796248511,T,TGT,F I,2,93.79
2025-10-30,9:39:35.796413911,T,TGT,I,5,93.8
2025-10-30,9:39:35.796434936,T,TGT,F I,95,93.8
2025-10-30,9:39:35.796639413,T,TGT,F I,31,93.75
2025-10-30,9:39:35.796642586,T,TGT,F I,7,93.74
2025-10-30,9:39:35.796642586,T,TGT,F I,89,93.74
2025-10-30,9:39:35.796654700,T,TGT,F I,4,93.74
2025-10-30,9:39:35.796657518,T,TGT,F I,26,93.74
2025-10-30,9:39:35.796666468,T,TGT,I,1,93.74
2025-10-30,9:39:35.796744636,T,TGT,,200,93.75
2025-10-30,9:39:35.797313084,T,TGT,,145,93.75
2025-10-30,9:39:35.797352161,T,TGT,I,31,93.76
2025-10-30,9:39:35.797376214,T,TGT,,114,93.76
2025-10-30,9:39:35.822434929,T,TGT,F I,1,93.74
2025-10-30,9:39:35.822440857,T,TGT,F,100,93.74
2025-10-30,9:39:35.847165843,T,TGT,F I,10,93.73
2025-10-30,9:39:35.847228923,T,TGT,F I,75,93.73
2025-10-30,9:39:35.847265098,T,TGT,F I,65,93.73
2025-10-30,9:39:35.936033571,T,TGT,F I,75,93.73
2025-10-30,9:39:35.936066554,T,TGT,F I,25,93.73
2025-10-30,9:39:38.423662270,T,TGT,,100,93.78
2025-10-30,9:39:38.423662270,T,TGT,,200,93.78
2025-10-30,9:39:38.423998817,T,TGT,I,24,93.8
2025-10-30,9:39:38.424458858,T,TGT,,100,93.81
2025-10-30,9:39:38.424537196,T,TGT,I,12,93.82
2025-10-30,9:39:38.424537196,T,TGT,I,25,93.82
2025-10-30,9:39:38.424834762,T,TGT,F I,76,93.82
2025-10-30,9:39:38.425354958,T,TGT,F I,1,93.82
2025-10-30,9:39:38.426200321,T,TGT,F,100,93.82
2025-10-30,9:39:38.426206038,T,TGT,F I,40,93.82
2025-10-30,9:39:38.426756337,T,TGT,,100,93.85
2025-10-30,9:39:38.426759390,T,TGT,I,40,93.85
2025-10-30,9:39:38.426807493,T,TGT,I,5,93.82
2025-10-30,9:39:38.426828457,T,TGT,I,1,93.82
2025-10-30,9:39:38.561290812,T,TGT,F I,6,93.87
2025-10-30,9:39:41.378775157,T,TGT,F I,75,93.86
2025-10-30,9:39:41.378841280,T,TGT,F I,25,93.86
2025-10-30,9:39:41.378940508,T,TGT,,100,93.85
2025-10-30,9:39:41.479942194,T,TGT,,100,93.83
2025-10-30,9:39:41.479996889,T,TGT,,100,93.83
2025-10-30,9:39:41.761045901,T,TGT,I,25,93.86
2025-10-30,9:39:46.916729560,T,TGT,F I,6,93.97
2025-10-30,9:39:49.093281908,T,TGT,F I,25,93.95
2025-10-30,9:40:00.967343279,T,TGT,I,10,93.9
2025-10-30,9:40:00.967343279,T,TGT,I,3,93.9
2025-10-30,9:40:00.967376354,T,TGT,,100,93.88
2025-10-30,9:40:00.967647066,T,TGT,,100,93.88
2025-10-30,9:40:03.750861632,T,TGT,I,1,93.84
2025-10-30,9:40:08.363295128,T,TGT,F I,75,93.86
2025-10-30,9:40:11.019448116,T,TGT,F,282,93.84
2025-10-30,9:40:11.019451065,T,TGT,F,318,93.84
2025-10-30,9:40:11.019466129,T,TGT,I,1,93.84
2025-10-30,9:40:11.019475155,T,TGT,F I,74,93.84
2025-10-30,9:40:11.019478196,T,TGT,F I,25,93.84
2025-10-30,9:40:14.430059383,T,TGT,F,100,93.8
2025-10-30,9:40:14.430062384,T,TGT,F I,50,93.8
2025-10-30,9:40:14.430480460,T,TGT,I,33,93.81
2025-10-30,9:40:26.014347423,T,TGT,I,75,93.77
2025-10-30,9:40:26.014395498,T,TGT,I,25,93.77
2025-10-30,9:40:26.186847306,T,TGT,,100,93.82
2025-10-30,9:40:26.191171742,T,TGT,I,75,93.79
2025-10-30,9:40:26.191174632,T,TGT,I,25,93.78
2025-10-30,9:40:27.792937659,T,TGT,F I,75,93.78
2025-10-30,9:40:44.769107090,T,TGT,F,100,93.72
2025-10-30,9:40:44.769909972,T,TGT,F I,1,93.71
2025-10-30,9:40:44.769909972,T,TGT,F I,30,93.71
2025-10-30,9:40:44.769967166,T,TGT,,109,93.71
2025-10-30,9:40:44.769988161,T,TGT,I,1,93.71
2025-10-30,9:40:44.770066307,T,TGT,F I,90,93.71
2025-10-30,9:40:44.770069398,T,TGT,F I,50,93.71
2025-10-30,9:40:44.770189676,T,TGT,I,50,93.68
2025-10-30,9:40:44.770950417,T,TGT,F I,10,93.67
2025-10-30,9:40:44.775614562,T,TGT,F I,3,93.66
2025-10-30,9:40:44.775617693,T,TGT,F I,3,93.66
2025-10-30,9:40:44.775617693,T,TGT,F I,2,93.66
2025-10-30,9:40:46.718146300,T,TGT,F I,75,93.64
2025-10-30,9:40:58.685309463,T,TGT,F I,1,93.66
2025-10-30,9:40:58.685586268,T,TGT,F I,1,93.67
2025-10-30,9:40:58.685649486,T,TGT,F I,27,93.67
2025-10-30,9:40:58.685655295,T,TGT,F,100,93.68
2025-10-30,9:40:58.685655295,T,TGT,F I,29,93.68
2025-10-30,9:40:58.685658395,T,TGT,F I,73,93.68
2025-10-30,9:40:58.685676337,T,TGT,F I,27,93.68
2025-10-30,9:40:58.685697421,T,TGT,F,100,93.68
2025-10-30,9:40:59.721954245,T,TGT,F,100,93.7
2025-10-30,9:40:59.721972280,T,TGT,I,1,93.7
2025-10-30,9:40:59.721978248,T,TGT,I,76,93.7
2025-10-30,9:40:59.721996437,T,TGT,F I,23,93.7
2025-10-30,9:40:59.721996437,T,TGT,F I,77,93.7
2025-10-30,9:40:59.722002714,T,TGT,I,1,93.7
2025-10-30,9:40:59.722005411,T,TGT,F I,22,93.7
2025-10-30,9:40:59.722005411,T,TGT,F I,28,93.7
2025-10-30,9:40:59.722011367,T,TGT,F I,72,93.7
2025-10-30,9:40:59.722014318,T,TGT,F I,27,93.7
2025-10-30,9:40:59.722017391,T,TGT,F I,12,93.7
2025-10-30,9:40:59.722017391,T,TGT,F I,61,93.7
2025-10-30,9:40:59.722420288,T,TGT,,161,93.7
2025-10-30,9:40:59.722444311,T,TGT,F I,10,93.7
2025-10-30,9:40:59.722474462,T,TGT,,100,93.7
2025-10-30,9:40:59.722480492,T,TGT,F,190,93.7
2025-10-30,9:41:01.027126632,T,TGT,I,22,93.62
2025-10-30,9:41:04.001774335,T,TGT,I,30,93.63
2025-10-30,9:41:05.087697389,T,TGT,F I,75,93.65
2025-10-30,9:41:05.087748456,T,TGT,F I,25,93.65
2025-10-30,9:41:05.118346442,T,TGT,F I,4,93.66
2025-10-30,9:41:09.787597500,T,TGT,F I,7,93.71
2025-10-30,9:41:09.787754056,T,TGT,I,8,93.72
2025-10-30,9:41:11.880677055,T,TGT,F I,2,93.73
2025-10-30,9:41:13.674176720,T,TGT,,100,93.68
2025-10-30,9:41:17.613895659,T,TGT,F I,2,93.725
2025-10-30,9:41:24.370344053,T,TGT,F I,50,93.7
2025-10-30,9:41:25.425972873,T,TGT,I,6,93.7
2025-10-30,9:41:25.425979090,T,TGT,,100,93.67
2025-10-30,9:41:25.425981953,T,TGT,I,14,93.67
2025-10-30,9:41:25.428255394,T,TGT,F I,31,93.62
2025-10-30,9:41:25.699510733,T,TGT,I,1,93.58
2025-10-30,9:41:28.723692315,T,TGT,F I,75,93.53
2025-10-30,9:41:29.101461227,T,TGT,F I,75,93.56
2025-10-30,9:41:29.101545427,T,TGT,F I,50,93.58
2025-10-30,9:41:29.101548458,T,TGT,F I,20,93.58
2025-10-30,9:41:29.190752923,T,TGT,F I,75,93.64
2025-10-30,9:41:29.190755986,T,TGT,F I,5,93.64
2025-10-30,9:41:35.939382672,T,TGT,,100,93.49
2025-10-30,9:41:35.939939029,T,TGT,F I,73,93.48
2025-10-30,9:41:35.939987131,T,TGT,F,100,93.48
2025-10-30,9:41:35.940008175,T,TGT,I,27,93.48
2025-10-30,9:41:44.868859195,T,TGT,F I,75,93.48
2025-10-30,9:41:51.771909533,T,TGT,F I,9,93.42
2025-10-30,9:41:51.771945599,T,TGT,I,91,93.42
2025-10-30,9:41:54.857665897,T,TGT,F I,33,93.41
2025-10-30,9:42:00.448167524,T,TGT,F I,3,93.46
2025-10-30,9:42:00.448167524,T,TGT,F I,10,93.46
2025-10-30,9:42:00.449139092,T,TGT,F I,9,93.48
2025-10-30,9:42:01.307218046,T,TGT,F I,75,93.5
2025-10-30,9:42:01.307242905,T,TGT,F I,25,93.5
2025-10-30,9:42:01.307245168,T,TGT,F I,18,93.51
2025-10-30,9:42:01.307252429,T,TGT,F I,82,93.51
2025-10-30,9:42:01.307252429,T,TGT,F I,18,93.51
2025-10-30,9:42:01.307257183,T,TGT,F I,82,93.51
2025-10-30,9:42:08.589264660,T,TGT,I,75,93.495
2025-10-30,9:42:08.589328429,T,TGT,F,100,93.52
2025-10-30,9:42:08.589328429,T,TGT,F I,63,93.53
2025-10-30,9:42:08.589328429,T,TGT,F I,10,93.53
2025-10-30,9:42:08.589331088,T,TGT,F I,3,93.53
2025-10-30,9:42:08.589331088,T,TGT,F I,1,93.53
2025-10-30,9:42:08.589333775,T,TGT,F,100,93.53
2025-10-30,9:42:08.589372867,T,TGT,F I,8,93.54
2025-10-30,9:42:08.589375937,T,TGT,F I,44,93.54
2025-10-30,9:42:14.725398402,T,TGT,,100,93.5
2025-10-30,9:42:14.725398402,T,TGT,,100,93.49
2025-10-30,9:42:16.939738409,T,TGT,F I,75,93.37
2025-10-30,9:42:16.939786586,T,TGT,F I,25,93.37
2025-10-30,9:42:18.338021653,T,TGT,F I,20,93.3
2025-10-30,9:42:18.338079067,T,TGT,I,12,93.3
2025-10-30,9:42:18.338223169,T,TGT,I,4,93.28
2025-10-30,9:42:18.338232124,T,TGT,I,10,93.28
2025-10-30,9:42:18.338578041,T,TGT,I,88,93.28
2025-10-30,9:42:18.338581019,T,TGT,I,16,93.28
2025-10-30,9:42:24.500771504,T,TGT,I,2,93.33
2025-10-30,9:42:30.736604629,T,TGT,F I,43,93.31
2025-10-30,9:42:30.736611298,T,TGT,F I,7,93.31
2025-10-30,9:42:30.736611298,T,TGT,F I,28,93.31
2025-10-30,9:42:30.736613795,T,TGT,F I,25,93.31
2025-10-30,9:42:30.736616746,T,TGT,F I,6,93.31
2025-10-30,9:42:33.641570264,T,TGT,F I,11,93.37
2025-10-30,9:42:33.641798802,T,TGT,F I,11,93.37
2025-10-30,9:42:45.323552195,T,TGT,I,62,93.32
2025-10-30,9:42:49.798510271,T,TGT,F I,11,93.38
2025-10-30,9:42:49.821133220,T,TGT,F,100,93.4
2025-10-30,9:42:49.821136163,T,TGT,F I,15,93.41
2025-10-30,9:42:49.821136163,T,TGT,F I,48,93.41
2025-10-30,9:42:49.821154305,T,TGT,I,1,93.41
2025-10-30,9:42:49.821178280,T,TGT,I,99,93.41
2025-10-30,9:42:49.826524985,T,TGT,I,21,93.37
2025-10-30,9:42:49.826524985,T,TGT,I,11,93.37
2025-10-30,9:42:50.040490776,T,TGT,F I,21,93.38
2025-10-30,9:42:53.984286392,T,TGT,I,26,93.33
2025-10-30,9:42:53.984286392,T,TGT,I,29,93.33
2025-10-30,9:42:53.984290352,T,TGT,I,29,93.33
2025-10-30,9:42:53.984290352,T,TGT,I,16,93.33
2025-10-30,9:42:56.195909615,T,TGT,F I,50,93.32
2025-10-30,9:42:56.195909615,T,TGT,F I,75,93.32
2025-10-30,9:42:56.195912243,T,TGT,F I,27,93.33
2025-10-30,9:42:56.196369735,T,TGT,F I,32,93.33
2025-10-30,9:42:56.196369735,T,TGT,F I,21,93.33
2025-10-30,9:42:56.196372367,T,TGT,F I,72,93.33
2025-10-30,9:42:56.207937993,T,TGT,F I,50,93.35
2025-10-30,9:42:59.738321574,T,TGT,F I,25,93.3
2025-10-30,9:43:07.469975210,T,TGT,F I,75,93.28
2025-10-30,9:43:18.114822161,T,TGT,F I,25,93.23
2025-10-30,9:43:18.114825905,T,TGT,F I,50,93.24
2025-10-30,9:43:18.114879344,T,TGT,F I,25,93.24
2025-10-30,9:43:21.672264396,T,TGT,I,75,93.255
2025-10-30,9:43:21.672318519,T,TGT,F I,25,93.255
2025-10-30,9:43:23.640588493,T,TGT,F I,1,93.29
2025-10-30,9:43:23.640591985,T,TGT,F I,1,93.29
2025-10-30,9:43:23.640591985,T,TGT,F I,60,93.29
2025-10-30,9:43:23.640594494,T,TGT,F I,58,93.29
2025-10-30,9:43:23.641102897,T,TGT,F I,41,93.31
2025-10-30,9:43:23.641102897,T,TGT,F I,42,93.31
2025-10-30,9:43:23.641105759,T,TGT,F I,49,93.31
2025-10-30,9:43:23.641108738,T,TGT,F,100,93.31
2025-10-30,9:43:23.641295185,T,TGT,F I,75,93.31
2025-10-30,9:43:23.641334331,T,TGT,F I,25,93.31
2025-10-30,9:43:24.415895600,T,TGT,F I,75,93.33
2025-10-30,9:43:24.415940693,T,TGT,F I,75,93.33
2025-10-30,9:43:28.100778750,T,TGT,I,25,93.27
2025-10-30,9:43:28.100778750,T,TGT,I,25,93.28
2025-10-30,9:43:28.100781313,T,TGT,I,57,93.29
2025-10-30,9:43:28.594260111,T,TGT,I,3,93.29
2025-10-30,9:43:29.610044524,T,TGT,,100,93.22
2025-10-30,9:43:29.610044524,T,TGT,I,10,93.22
2025-10-30,9:43:29.610113276,T,TGT,F,100,93.2
2025-10-30,9:43:29.610116248,T,TGT,F I,15,93.2
2025-10-30,9:43:29.610119227,T,TGT,F I,1,93.2
2025-10-30,9:43:29.610119227,T,TGT,F I,20,93.2
2025-10-30,9:43:29.610726633,T,TGT,,100,93.18
2025-10-30,9:43:29.642256757,T,TGT,F,100,93.15
2025-10-30,9:43:29.642259826,T,TGT,I,35,93.19
2025-10-30,9:43:29.642262771,T,TGT,I,18,93.19
2025-10-30,9:43:31.093553181,T,TGT,F I,72,93.2
2025-10-30,9:43:31.093556239,T,TGT,F I,72,93.2
2025-10-30,9:43:31.093896067,T,TGT,I,65,93.18
2025-10-30,9:43:31.098205280,T,TGT,I,25,93.17
2025-10-30,9:43:31.098208249,T,TGT,I,40,93.17
2025-10-30,9:43:31.160429579,T,TGT,F I,19,93.18
2025-10-30,9:43:31.483561385,T,TGT,F I,19,93.19
2025-10-30,9:43:31.483582372,T,TGT,I,19,93.19
2025-10-30,9:43:32.567397409,T,TGT,F I,10,93.22
2025-10-30,9:43:33.747291461,T,TGT,F I,25,93.19
2025-10-30,9:43:33.975117290,T,TGT,F I,75,93.2
2025-10-30,9:43:36.051771584,T,TGT,F I,54,93.27
2025-10-30,9:43:36.051771584,T,TGT,F I,27,93.27
2025-10-30,9:43:36.051774780,T,TGT,F I,27,93.28
2025-10-30,9:43:36.051774780,T,TGT,F I,27,93.28
2025-10-30,9:43:44.191668922,T,TGT,I,9,93.33
2025-10-30,9:43:47.714889407,T,TGT,I,23,93.36
2025-10-30,9:43:47.714892452,T,TGT,I,6,93.36
2025-10-30,9:43:47.714898530,T,TGT,I,16,93.36
2025-10-30,9:43:47.714907503,T,TGT,F I,55,93.36
2025-10-30,9:43:47.714910588,T,TGT,F,100,93.37
2025-10-30,9:43:47.714949551,T,TGT,I,22,93.37
2025-10-30,9:43:47.714982680,T,TGT,I,78,93.37
2025-10-30,9:43:47.715145654,T,TGT,I,13,93.35
2025-10-30,9:43:47.715148114,T,TGT,,100,93.34
2025-10-30,9:43:47.715148114,T,TGT,I,40,93.34
2025-10-30,9:43:47.715151064,T,TGT,I,9,93.34
2025-10-30,9:43:47.715211170,T,TGT,F,100,93.35
2025-10-30,9:43:47.715235309,T,TGT,I,1,93.35
2025-10-30,9:43:47.715250366,T,TGT,I,99,93.35
2025-10-30,9:43:47.715319505,T,TGT,F I,66,93.37
2025-10-30,9:43:47.715340476,T,TGT,I,1,93.36
2025-10-30,9:43:47.715809670,T,TGT,I,16,93.34
2025-10-30,9:43:47.715812649,T,TGT,,100,93.33
2025-10-30,9:43:47.715881829,T,TGT,I,60,93.33
2025-10-30,9:43:47.715897522,T,TGT,F I,74,93.33
2025-10-30,9:43:47.715897522,T,TGT,F I,38,93.33
2025-10-30,9:43:47.715902924,T,TGT,F I,46,93.33
2025-10-30,9:43:47.715902924,T,TGT,F I,22,93.33
2025-10-30,9:43:47.715905925,T,TGT,I,1,93.33
2025-10-30,9:43:47.715914877,T,TGT,F I,77,93.33
2025-10-30,9:43:47.716182821,T,TGT,,100,93.33
2025-10-30,9:43:47.716182821,T,TGT,,100,93.33
2025-10-30,9:43:47.716185625,T,TGT,I,22,93.33
2025-10-30,9:43:57.989906392,T,TGT,F I,29,93.37
2025-10-30,9:43:57.990080768,T,TGT,I,5,93.39
2025-10-30,9:43:57.990105566,T,TGT,F I,52,93.39
2025-10-30,9:43:57.990110836,T,TGT,F I,59,93.39
2025-10-30,9:43:57.990110836,T,TGT,F,150,93.39
2025-10-30,9:43:57.990110836,T,TGT,F I,2,93.39
2025-10-30,9:43:57.990113862,T,TGT,F I,35,93.39
2025-10-30,9:44:04.056875089,T,TGT,F I,35,93.41
2025-10-30,9:44:04.056920242,T,TGT,F,200,93.42
2025-10-30,9:44:04.056923251,T,TGT,F,106,93.42
2025-10-30,9:44:04.056926192,T,TGT,F I,1,93.42
2025-10-30,9:44:04.056941422,T,TGT,I,1,93.42
2025-10-30,9:44:04.056953250,T,TGT,F I,1,93.42
2025-10-30,9:44:04.056962343,T,TGT,I,5,93.42
2025-10-30,9:44:04.056983990,T,TGT,I,12,93.42
2025-10-30,9:44:04.056986609,T,TGT,I,13,93.42
2025-10-30,9:44:04.056989374,T,TGT,I,13,93.42
2025-10-30,9:44:04.056989374,T,TGT,I,7,93.42
2025-10-30,9:44:04.057999822,T,TGT,,100,93.42
2025-10-30,9:44:04.058020856,T,TGT,I,1,93.42
2025-10-30,9:44:04.058051018,T,TGT,F I,48,93.42
2025-10-30,9:44:04.058051018,T,TGT,F,146,93.42
2025-10-30,9:44:04.058291494,T,TGT,I,25,93.41
2025-10-30,9:44:04.058294456,T,TGT,I,25,93.4
2025-10-30,9:44:04.058294456,T,TGT,I,83,93.39
2025-10-30,9:44:04.058309504,T,TGT,I,1,93.39
2025-10-30,9:44:04.058441872,T,TGT,F I,16,93.39
2025-10-30,9:44:09.887778384,T,TGT,F,200,93.33
2025-10-30,9:44:09.887901825,T,TGT,,100,93.33
2025-10-30,9:44:09.887947073,T,TGT,I,2,93.34
2025-10-30,9:44:09.887947073,T,TGT,I,62,93.34
2025-10-30,9:44:09.887968219,T,TGT,I,1,93.34
2025-10-30,9:44:09.908837561,T,TGT,I,1,93.3
2025-10-30,9:44:09.908861773,T,TGT,F I,50,93.275
2025-10-30,9:44:11.011209794,T,TGT,I,49,93.265
2025-10-30,9:44:11.024408245,T,TGT,,100,93.24
2025-10-30,9:44:11.035859533,T,TGT,,100,93.23
2025-10-30,9:44:13.401712766,T,TGT,I,1,93.32
2025-10-30,9:44:13.401737563,T,TGT,F I,36,93.32
2025-10-30,9:44:13.401737563,T,TGT,F I,93,93.32
2025-10-30,9:44:13.401739870,T,TGT,F I,50,93.32
2025-10-30,9:44:13.401758076,T,TGT,I,1,93.32
2025-10-30,9:44:13.401803010,T,TGT,,100,93.32
2025-10-30,9:44:34.012632586,T,TGT,F,100,93.38
2025-10-30,9:44:34.012635915,T,TGT,F I,1,93.39
2025-10-30,9:44:34.012635915,T,TGT,F I,8,93.39
2025-10-30,9:44:34.012639955,T,TGT,F,143,93.39
2025-10-30,9:44:34.012654018,T,TGT,F I,57,93.39
2025-10-30,9:44:34.012657569,T,TGT,F I,37,93.39
2025-10-30,9:44:34.012657569,T,TGT,F I,1,93.39
2025-10-30,9:44:34.012662922,T,TGT,F I,1,93.39
2025-10-30,9:44:34.012662922,T,TGT,F I,1,93.39
2025-10-30,9:44:34.012666524,T,TGT,F I,1,93.39
2025-10-30,9:44:34.012666524,T,TGT,F I,1,93.39
2025-10-30,9:44:34.012669360,T,TGT,F I,1,93.39
2025-10-30,9:44:34.014295583,T,TGT,I,58,93.42
2025-10-30,9:44:34.015988649,T,TGT,,219,93.42
2025-10-30,9:44:34.015991650,T,TGT,I,81,93.42
2025-10-30,9:44:34.016009719,T,TGT,I,19,93.42
2025-10-30,9:44:34.017074212,T,TGT,F,100,93.41
2025-10-30,9:44:34.017077371,T,TGT,F I,50,93.41
2025-10-30,9:44:34.017080210,T,TGT,F I,13,93.41
2025-10-30,9:44:34.026330274,T,TGT,F I,19,93.39
2025-10-30,9:44:34.026333264,T,TGT,F I,3,93.39
2025-10-30,9:44:34.026333264,T,TGT,F I,21,93.39
2025-10-30,9:44:34.742002285,T,TGT,,100,93.36
2025-10-30,9:44:34.742005357,T,TGT,I,3,93.36
2025-10-30,9:44:34.742083487,T,TGT,,100,93.36
2025-10-30,9:44:34.742131563,T,TGT,I,25,93.36
2025-10-30,9:44:34.744814139,T,TGT,I,75,93.36
2025-10-30,9:44:34.744814139,T,TGT,I,25,93.37
2025-10-30,9:44:39.423480429,T,TGT,F I,69,93.37
2025-10-30,9:44:39.423489437,T,TGT,I,31,93.37
2025-10-30,9:44:52.532842626,T,TGT,F I,75,93.36
2025-10-30,9:44:52.532851663,T,TGT,F I,25,93.36
2025-10-30,9:44:52.922273418,T,TGT,F I,1,93.4
2025-10-30,9:44:52.922276661,T,TGT,F I,8,93.4
2025-10-30,9:44:52.922276661,T,TGT,F I,3,93.4
2025-10-30,9:44:52.922312537,T,TGT,I,1,93.4
2025-10-30,9:44:52.922459915,T,TGT,I,7,93.39
2025-10-30,9:44:52.922556084,T,TGT,I,44,93.4
2025-10-30,9:44:52.934290045,T,TGT,F,100,93.39
2025-10-30,9:44:52.934293022,T,TGT,F,100,93.39
2025-10-30,9:44:52.934293022,T,TGT,F I,19,93.39
2025-10-30,9:44:52.934296048,T,TGT,F I,1,93.39
2025-10-30,9:44:52.934299036,T,TGT,F I,15,93.39
2025-10-30,9:44:52.934299036,T,TGT,F I,12,93.39
2025-10-30,9:44:55.987921062,T,TGT,F I,1,93.35
2025-10-30,9:45:04.870948698,T,TGT,F,100,93.3
2025-10-30,9:45:04.870948698,T,TGT,F I,1,93.3
2025-10-30,9:45:04.870951964,T,TGT,I,7,93.3
2025-10-30,9:45:04.870996774,T,TGT,I,21,93.3
2025-10-30,9:45:04.871005888,T,TGT,F I,1,93.3
2025-10-30,9:45:04.871213203,T,TGT,I,80,93.29
2025-10-30,9:45:04.871438756,T,TGT,F I,4,93.29
2025-10-30,9:45:04.871980083,T,TGT,I,7,93.26
2025-10-30,9:45:04.904250027,T,TGT,I,14,93.26
2025-10-30,9:45:04.904252912,T,TGT,I,9,93.27
2025-10-30,9:45:04.904953593,T,TGT,F I,34,93.24
2025-10-30,9:45:04.921138146,T,TGT,F I,17,93.24
2025-10-30,9:45:04.921141223,T,TGT,F I,34,93.24
2025-10-30,9:45:04.921168238,T,TGT,F I,1,93.25
2025-10-30,9:45:05.641666777,T,TGT,I,14,93.23
2025-10-30,9:45:05.641690748,T,TGT,F I,75,93.225
2025-10-30,9:45:05.641735874,T,TGT,I,11,93.225
2025-10-30,9:45:05.980192259,T,TGT,I,10,93.2
2025-10-30,9:45:07.567168998,T,TGT,I,7,93.2
2025-10-30,9:45:11.360099151,T,TGT,F I,75,93.2
2025-10-30,9:45:15.108622697,T,TGT,F I,2,93.25
2025-10-30,9:45:15.108626392,T,TGT,F I,57,93.25
2025-10-30,9:45:15.108628698,T,TGT,F,219,93.25
2025-10-30,9:45:15.108631569,T,TGT,F I,18,93.25
2025-10-30,9:45:15.109497702,T,TGT,F I,46,93.25
2025-10-30,9:45:15.119598974,T,TGT,F I,75,93.33
2025-10-30,9:45:15.119598974,T,TGT,F I,25,93.34
2025-10-30,9:45:15.119941486,T,TGT,I,29,93.31
2025-10-30,9:45:15.122311234,T,TGT,I,6,93.27
2025-10-30,9:45:15.122314239,T,TGT,I,94,93.26
2025-10-30,9:45:15.124731945,T,TGT,,100,93.275
2025-10-30,9:45:15.165554272,T,TGT,I,21,93.32
2025-10-30,9:45:15.165575273,T,TGT,I,1,93.32
2025-10-30,9:45:15.165644381,T,TGT,I,7,93.32
2025-10-30,9:45:15.165668541,T,TGT,I,12,93.32
2025-10-30,9:45:15.165957504,T,TGT,I,33,93.28
2025-10-30,9:45:15.165957504,T,TGT,,100,93.28
2025-10-30,9:45:15.173297637,T,TGT,I,22,93.28
2025-10-30,9:45:15.661510829,T,TGT,F I,47,93.31
2025-10-30,9:45:15.661525866,T,TGT,F I,53,93.31
2025-10-30,9:45:15.918063960,T,TGT,F I,78,93.3
2025-10-30,9:45:15.918063960,T,TGT,F I,13,93.3
2025-10-30,9:45:15.918066997,T,TGT,F I,21,93.3
2025-10-30,9:45:18.159568041,T,TGT,I,3,93.23
2025-10-30,9:45:22.954843048,T,TGT,F I,33,93.27
2025-10-30,9:45:22.954888212,T,TGT,F,121,93.28
2025-10-30,9:45:22.954897252,T,TGT,F I,43,93.28
2025-10-30,9:45:32.011327559,T,TGT,F,100,93.44
2025-10-30,9:45:32.011369113,T,TGT,F,100,93.44
2025-10-30,9:45:32.011405126,T,TGT,F,100,93.44
2025-10-30,9:45:32.011844149,T,TGT,F,100,93.45
2025-10-30,9:45:32.012409643,T,TGT,I,1,93.46
2025-10-30,9:45:32.012412516,T,TGT,I,45,93.46
2025-10-30,9:45:32.012442824,T,TGT,I,2,93.46
2025-10-30,9:45:32.012445977,T,TGT,F I,5,93.46
2025-10-30,9:45:32.012445977,T,TGT,F I,1,93.46
2025-10-30,9:45:43.309730558,T,TGT,I,75,93.42
2025-10-30,9:45:43.309730558,T,TGT,I,50,93.42
2025-10-30,9:45:43.309733021,T,TGT,I,16,93.41
2025-10-30,9:45:43.309781354,T,TGT,I,30,93.44
2025-10-30,9:45:43.309781354,T,TGT,,100,93.41
2025-10-30,9:45:43.309787113,T,TGT,I,25,93.41
2025-10-30,9:45:43.309805230,T,TGT,I,1,93.41
2025-10-30,9:45:43.309808491,T,TGT,F I,33,93.41
2025-10-30,9:45:43.309832234,T,TGT,I,67,93.41
2025-10-30,9:45:43.310058111,T,TGT,F,100,93.42
2025-10-30,9:45:43.310058111,T,TGT,F I,11,93.42
2025-10-30,9:45:43.310060776,T,TGT,I,13,93.44
2025-10-30,9:45:43.310073492,T,TGT,,126,93.42
2025-10-30,9:45:43.310078843,T,TGT,F I,26,93.42
2025-10-30,9:45:43.310100465,T,TGT,,100,93.43
2025-10-30,9:45:43.310100465,T,TGT,I,26,93.43
2025-10-30,9:45:43.310214108,T,TGT,F,174,93.43
2025-10-30,9:45:44.853671944,T,TGT,F I,29,93.43
2025-10-30,9:45:44.853671944,T,TGT,F I,25,93.43
2025-10-30,9:45:44.853677187,T,TGT,F I,26,93.43
2025-10-30,9:45:44.853677187,T,TGT,F I,26,93.43
2025-10-30,9:45:45.028489600,T,TGT,F I,50,93.42
2025-10-30,9:45:52.444006052,T,TGT,F,200,93.41
2025-10-30,9:45:55.846056095,T,TGT,I,26,93.4
2025-10-30,9:45:55.847045400,T,TGT,I,26,93.4
2025-10-30,9:45:56.521359816,T,TGT,I,31,93.38
2025-10-30,9:45:56.521410934,T,TGT,F I,69,93.38
2025-10-30,9:46:09.838421066,T,TGT,F I,1,93.39
2025-10-30,9:46:11.499725801,T,TGT,F I,27,93.45
2025-10-30,9:46:11.499728820,T,TGT,F I,1,93.45
2025-10-30,9:46:11.499773871,T,TGT,F,100,93.46
2025-10-30,9:46:11.742566292,T,TGT,F I,26,93.47
2025-10-30,9:46:13.441376603,T,TGT,F,100,93.54
2025-10-30,9:46:13.656148237,T,TGT,F,100,93.57
2025-10-30,9:46:34.572171917,T,TGT,,500,93.55
2025-10-30,9:46:34.572171917,T,TGT,I,2,93.55
2025-10-30,9:46:34.572244899,T,TGT,F I,40,93.57
2025-10-30,9:46:35.796893661,T,TGT,F I,75,93.57
2025-10-30,9:46:35.796935731,T,TGT,F I,25,93.57
2025-10-30,9:46:36.671118385,T,TGT,F I,75,93.57
2025-10-30,9:46:36.671184510,T,TGT,F I,25,93.57
2025-10-30,9:46:38.091588404,T,TGT,I,75,93.595
2025-10-30,9:46:38.091630463,T,TGT,I,75,93.595
2025-10-30,9:46:39.049135594,T,TGT,I,16,93.61
2025-10-30,9:46:41.139965817,T,TGT,F I,9,93.69
2025-10-30,9:46:41.139968802,T,TGT,F I,9,93.69
2025-10-30,9:46:41.139971725,T,TGT,F I,9,93.69
2025-10-30,9:46:41.140019923,T,TGT,F I,9,93.69
2025-10-30,9:46:41.140050020,T,TGT,F I,9,93.69
2025-10-30,9:46:41.140077017,T,TGT,F I,9,93.69
2025-10-30,9:46:41.140086055,T,TGT,F I,9,93.69
2025-10-30,9:46:41.140149215,T,TGT,F I,9,93.69
2025-10-30,9:46:41.140170277,T,TGT,F I,9,93.69
2025-10-30,9:46:41.140206323,T,TGT,F I,9,93.69
2025-10-30,9:46:41.140209986,T,TGT,F I,9,93.69
2025-10-30,9:46:41.140218390,T,TGT,F I,1,93.69
2025-10-30,9:46:41.140218390,T,TGT,F I,8,93.7
2025-10-30,9:46:41.140269499,T,TGT,F I,1,93.7
2025-10-30,9:46:43.170673703,T,TGT,F I,75,93.71
2025-10-30,9:46:43.170676620,T,TGT,F I,25,93.71
2025-10-30,9:47:18.153558952,T,TGT,F I,1,93.73
2025-10-30,9:47:18.153558952,T,TGT,F I,1,93.73
2025-10-30,9:47:18.153561747,T,TGT,F I,2,93.73
2025-10-30,9:47:18.153561747,T,TGT,F I,2,93.73
2025-10-30,9:47:18.153958608,T,TGT,F I,2,93.74
2025-10-30,9:47:18.153961765,T,TGT,F,100,93.74
2025-10-30,9:47:18.153964593,T,TGT,F,100,93.74
2025-10-30,9:47:18.153964593,T,TGT,F,100,93.75
2025-10-30,9:47:18.153967680,T,TGT,F,100,93.75
2025-10-30,9:47:18.153979696,T,TGT,F I,90,93.76
2025-10-30,9:47:18.153985716,T,TGT,F I,10,93.76
2025-10-30,9:47:18.154755533,T,TGT,F I,57,93.76
2025-10-30,9:47:18.200157737,T,TGT,F I,40,93.79
2025-10-30,9:47:20.886511711,T,TGT,F I,23,93.82
2025-10-30,9:47:20.886515310,T,TGT,F I,9,93.82
2025-10-30,9:47:20.886515310,T,TGT,F I,32,93.82
2025-10-30,9:47:20.896582540,T,TGT,F I,2,93.85
2025-10-30,9:47:23.168443992,T,TGT,F I,5,93.82
2025-10-30,9:47:23.567016555,T,TGT,,100,93.79
2025-10-30,9:47:23.567067815,T,TGT,,100,93.79
2025-10-30,9:47:23.567398540,T,TGT,F,100,93.77
2025-10-30,9:47:23.567401421,T,TGT,F I,1,93.76
2025-10-30,9:47:23.567443571,T,TGT,F I,1,93.76
2025-10-30,9:47:23.567458585,T,TGT,F I,32,93.76
2025-10-30,9:47:23.567489560,T,TGT,I,18,93.76
2025-10-30,9:47:23.567489560,T,TGT,I,20,93.76
2025-10-30,9:47:23.567494573,T,TGT,I,20,93.76
2025-10-30,9:47:23.567497615,T,TGT,I,9,93.76
2025-10-30,9:47:23.568029914,T,TGT,I,1,93.75
2025-10-30,9:47:23.568126798,T,TGT,,100,93.76
2025-10-30,9:47:23.568132617,T,TGT,I,24,93.76
2025-10-30,9:47:23.568135291,T,TGT,I,50,93.76
2025-10-30,9:47:23.568135291,T,TGT,I,2,93.76
2025-10-30,9:47:23.568138212,T,TGT,I,35,93.76
2025-10-30,9:47:23.568180310,T,TGT,F I,65,93.76
2025-10-30,9:47:23.568231353,T,TGT,I,2,93.77
2025-10-30,9:47:23.568384705,T,TGT,F,100,93.78
2025-10-30,9:47:23.568384705,T,TGT,F I,2,93.78
2025-10-30,9:47:23.568387748,T,TGT,F I,40,93.78
2025-10-30,9:47:23.568589528,T,TGT,I,26,93.77
2025-10-30,9:47:23.568589528,T,TGT,I,11,93.77
2025-10-30,9:47:23.568592210,T,TGT,I,11,93.76
2025-10-30,9:47:29.824173325,T,TGT,F I,24,93.72
2025-10-30,9:47:29.852076886,T,TGT,F I,4,93.69
2025-10-30,9:47:29.924612641,T,TGT,I,11,93.72
2025-10-30,9:47:29.924615672,T,TGT,I,26,93.72
2025-10-30,9:47:29.924618633,T,TGT,I,2,93.72
2025-10-30,9:47:31.963560172,T,TGT,F,100,93.72
2025-10-30,9:47:31.963563501,T,TGT,F I,2,93.72
2025-10-30,9:47:31.963644834,T,TGT,,100,93.72
2025-10-30,9:47:31.964606612,T,TGT,I,2,93.74
2025-10-30,9:47:31.981615167,T,TGT,I,10,93.73
2025-10-30,9:47:41.324002186,T,TGT,F I,75,93.765
2025-10-30,9:48:00.211955505,T,TGT,I,5,93.75
2025-10-30,9:48:00.211955505,T,TGT,I,9,93.74
2025-10-30,9:48:00.211989300,T,TGT,I,1,93.74
2025-10-30,9:48:00.211989300,T,TGT,I,1,93.74
2025-10-30,9:48:00.211994276,T,TGT,I,1,93.74
2025-10-30,9:48:00.211994276,T,TGT,I,2,93.74
2025-10-30,9:48:05.406326120,T,TGT,F I,19,93.66
2025-10-30,9:48:05.406326120,T,TGT,F I,5,93.66
2025-10-30,9:48:05.998833964,T,TGT,I,75,93.655
2025-10-30,9:48:05.998990297,T,TGT,F I,1,93.65
2025-10-30,9:48:05.998996362,T,TGT,F I,5,93.65
2025-10-30,9:48:05.999020416,T,TGT,F I,1,93.65
2025-10-30,9:48:05.999026433,T,TGT,F I,75,93.65
2025-10-30,9:48:06.761083889,T,TGT,F I,50,93.68
2025-10-30,9:48:06.761083889,T,TGT,F I,10,93.7
2025-10-30,9:48:06.761138045,T,TGT,I,25,93.67
2025-10-30,9:48:06.761415208,T,TGT,I,25,93.7
2025-10-30,9:48:06.761420723,T,TGT,I,1,93.71
2025-10-30,9:48:06.761420723,T,TGT,I,2,93.71
2025-10-30,9:48:06.761420723,T,TGT,I,1,93.71
2025-10-30,9:48:06.761423632,T,TGT,I,50,93.71
2025-10-30,9:48:06.761423632,T,TGT,I,21,93.71
2025-10-30,9:48:13.847153358,T,TGT,,100,93.73
2025-10-30,9:48:30.987141095,T,TGT,I,22,93.7
2025-10-30,9:48:30.987174165,T,TGT,I,78,93.7
2025-10-30,9:48:30.987174165,T,TGT,I,20,93.7
2025-10-30,9:48:33.475368334,T,TGT,I,75,93.69
2025-10-30,9:48:33.475473243,T,TGT,F,100,93.68
2025-10-30,9:48:33.475704794,T,TGT,I,75,93.665
2025-10-30,9:48:33.475713737,T,TGT,I,25,93.665
2025-10-30,9:48:33.475713737,T,TGT,I,75,93.68
2025-10-30,9:48:33.475731830,T,TGT,I,1,93.68
2025-10-30,9:48:33.475731830,T,TGT,I,24,93.68
2025-10-30,9:48:33.924006840,T,TGT,I,75,93.67
2025-10-30,9:48:33.924304531,T,TGT,I,16,93.67
2025-10-30,9:48:33.993018184,T,TGT,I,26,93.66
2025-10-30,9:48:33.993754937,T,TGT,F I,7,93.67
2025-10-30,9:48:38.701491453,T,TGT,F I,2,93.675
2025-10-30,9:48:51.221636830,T,TGT,F I,90,93.72
2025-10-30,9:48:51.221642516,T,TGT,F,110,93.72
2025-10-30,9:48:51.221642516,T,TGT,F I,1,93.72
2025-10-30,9:48:51.221645211,T,TGT,F I,12,93.72
2025-10-30,9:48:51.222207510,T,TGT,,100,93.73
2025-10-30,9:49:03.197423809,T,TGT,I,5,93.64
2025-10-30,9:49:03.197535053,T,TGT,I,5,93.63
2025-10-30,9:49:03.197781676,T,TGT,F I,1,93.64
2025-10-30,9:49:03.197907937,T,TGT,,400,93.64
2025-10-30,9:49:03.197965415,T,TGT,F,100,93.65
2025-10-30,9:49:03.197989147,T,TGT,F I,27,93.65
2025-10-30,9:49:03.198112469,T,TGT,I,1,93.65
2025-10-30,9:49:05.195835367,T,TGT,F I,27,93.64
2025-10-30,9:49:05.195835367,T,TGT,F I,2,93.64
2025-10-30,9:49:05.195838228,T,TGT,F I,9,93.64
2025-10-30,9:49:05.195838228,T,TGT,F I,26,93.64
2025-10-30,9:49:05.195840825,T,TGT,F I,26,93.64
2025-10-30,9:49:05.195843798,T,TGT,F I,12,93.64
2025-10-30,9:49:05.195859248,T,TGT,F I,13,93.64
2025-10-30,9:49:05.195859248,T,TGT,F I,26,93.64
2025-10-30,9:49:05.195862237,T,TGT,F I,17,93.64
2025-10-30,9:49:05.195862237,T,TGT,F I,22,93.64
2025-10-30,9:49:05.195864928,T,TGT,F I,1,93.64
2025-10-30,9:49:09.749448282,T,TGT,I,2,93.61
2025-10-30,9:49:09.749496519,T,TGT,I,23,93.61
2025-10-30,9:49:09.749499327,T,TGT,I,5,93.61
2025-10-30,9:49:09.749502361,T,TGT,I,15,93.61
2025-10-30,9:49:11.836630614,T,TGT,F I,24,93.61
2025-10-30,9:49:12.091268238,T,TGT,F I,20,93.6
2025-10-30,9:49:15.367215748,T,TGT,I,29,93.58
2025-10-30,9:49:15.367242792,T,TGT,I,1,93.57
2025-10-30,9:49:15.367684924,T,TGT,I,41,93.6
2025-10-30,9:49:15.368078805,T,TGT,I,31,93.6
2025-10-30,9:49:15.368175449,T,TGT,I,1,93.56
2025-10-30,9:49:15.368175449,T,TGT,I,5,93.56
2025-10-30,9:49:15.368175449,T,TGT,I,3,93.56
2025-10-30,9:49:15.368178271,T,TGT,I,5,93.56
2025-10-30,9:49:15.368235128,T,TGT,I,14,93.555
2025-10-30,9:49:15.368382597,T,TGT,I,10,93.59
2025-10-30,9:49:15.368647155,T,TGT,F I,20,93.6
2025-10-30,9:49:15.368653160,T,TGT,F,100,93.6
2025-10-30,9:49:15.368677278,T,TGT,I,85,93.61
2025-10-30,9:49:15.368716330,T,TGT,I,20,93.62
2025-10-30,9:49:15.368744063,T,TGT,F I,21,93.63
2025-10-30,9:49:15.368746785,T,TGT,F I,43,93.63
2025-10-30,9:49:15.368749365,T,TGT,F,100,93.63
2025-10-30,9:49:15.369107668,T,TGT,I,99,93.63
2025-10-30,9:49:15.369111335,T,TGT,I,76,93.62
2025-10-30,9:49:15.369113268,T,TGT,I,25,93.62
2025-10-30,9:49:15.369116503,T,TGT,,300,93.62
2025-10-30,9:49:15.369116503,T,TGT,I,26,93.62
2025-10-30,9:49:15.369116503,T,TGT,I,26,93.62
2025-10-30,9:49:15.369158902,T,TGT,F I,26,93.62
2025-10-30,9:49:15.369161378,T,TGT,I,25,93.63
2025-10-30,9:49:15.369564365,T,TGT,,100,93.62
2025-10-30,9:49:15.369564365,T,TGT,I,12,93.62
2025-10-30,9:49:15.369567322,T,TGT,I,40,93.62
2025-10-30,9:49:15.404694021,T,TGT,I,51,93.6
2025-10-30,9:49:15.910520191,T,TGT,I,75,93.595
2025-10-30,9:49:20.636986276,T,TGT,F I,10,93.6
2025-10-30,9:49:20.636988265,T,TGT,F I,10,93.6
2025-10-30,9:49:20.637033379,T,TGT,F I,10,93.61
2025-10-30,9:49:20.939554158,T,TGT,I,10,93.61
2025-10-30,9:49:20.939554158,T,TGT,F I,10,93.61
2025-10-30,9:49:20.939560091,T,TGT,F I,10,93.61
2025-10-30,9:49:20.939704500,T,TGT,F I,1,93.61
2025-10-30,9:49:20.939857810,T,TGT,I,10,93.61
2025-10-30,9:49:20.939905953,T,TGT,I,5,93.62
2025-10-30,9:49:20.939905953,T,TGT,I,5,93.62
2025-10-30,9:49:22.324554719,T,TGT,F,100,93.66
2025-10-30,9:49:22.324557702,T,TGT,F I,12,93.68
2025-10-30,9:49:22.631607301,T,TGT,I,19,93.62
2025-10-30,9:49:22.631610208,T,TGT,I,40,93.62
2025-10-30,9:49:22.631613335,T,TGT,I,10,93.62
2025-10-30,9:49:22.631616363,T,TGT,I,25,93.62
2025-10-30,9:49:22.631616363,T,TGT,I,6,93.62
2025-10-30,9:49:22.631628807,T,TGT,I,1,93.62
2025-10-30,9:49:22.631631397,T,TGT,I,1,93.62
2025-10-30,9:49:25.610630417,T,TGT,F I,2,93.66
2025-10-30,9:49:25.610633437,T,TGT,F I,2,93.66
2025-10-30,9:49:25.610633437,T,TGT,F I,12,93.66
2025-10-30,9:49:34.177006739,T,TGT,I,9,93.59
2025-10-30,9:49:34.177006739,T,TGT,I,4,93.59
2025-10-30,9:49:34.177025115,T,TGT,I,1,93.59
2025-10-30,9:49:34.177051969,T,TGT,F I,20,93.59
2025-10-30,9:49:34.177051969,T,TGT,F I,1,93.59
2025-10-30,9:49:34.177054723,T,TGT,F I,4,93.59
2025-10-30,9:49:36.138709129,T,TGT,I,12,93.58
2025-10-30,9:49:46.702753478,T,TGT,I,15,93.485
2025-10-30,9:49:46.717756265,T,TGT,F I,1,93.52
2025-10-30,9:49:46.717759283,T,TGT,F,100,93.52
2025-10-30,9:49:46.717762438,T,TGT,F I,55,93.52
2025-10-30,9:49:46.717762438,T,TGT,F I,40,93.52
2025-10-30,9:49:46.717765287,T,TGT,F I,9,93.52
2025-10-30,9:49:46.717780293,T,TGT,I,1,93.52
2025-10-30,9:49:46.725926697,T,TGT,I,25,93.51
2025-10-30,9:49:46.725929790,T,TGT,I,14,93.5
2025-10-30,9:49:46.725929790,T,TGT,I,26,93.5
2025-10-30,9:49:46.726398818,T,TGT,I,14,93.52
2025-10-30,9:49:46.726398818,T,TGT,I,26,93.52
2025-10-30,9:49:46.726402446,T,TGT,I,40,93.52
2025-10-30,9:49:46.752473977,T,TGT,I,1,93.5
2025-10-30,9:49:51.023116223,T,TGT,F I,10,93.48
2025-10-30,9:49:51.023116223,T,TGT,F I,5,93.48
2025-10-30,9:49:51.023122216,T,TGT,F I,75,93.48
2025-10-30,9:49:51.023125226,T,TGT,F I,50,93.48
2025-10-30,9:49:52.385957047,T,TGT,F I,5,93.52
2025-10-30,9:49:56.693728829,T,TGT,F I,50,93.52
2025-10-30,9:50:03.456444169,T,TGT,I,22,93.49
2025-10-30,9:50:03.456462024,T,TGT,F I,78,93.49
2025-10-30,9:50:08.057107916,T,TGT,F I,1,93.53
2025-10-30,9:50:08.057113413,T,TGT,F,100,93.53
2025-10-30,9:50:08.057185559,T,TGT,I,1,93.53
2025-10-30,9:50:08.066513836,T,TGT,F,100,93.53
2025-10-30,9:50:09.304617341,T,TGT,F I,2,93.57
2025-10-30,9:50:09.304617341,T,TGT,F I,12,93.57
2025-10-30,9:50:11.343889613,T,TGT,I,31,93.54
2025-10-30,9:50:11.343892899,T,TGT,,200,93.54
2025-10-30,9:50:11.343917182,T,TGT,I,20,93.54
2025-10-30,9:50:11.343917182,T,TGT,I,1,93.54
2025-10-30,9:50:11.343919850,T,TGT,I,49,93.54
2025-10-30,9:50:11.344728622,T,TGT,I,51,93.54
2025-10-30,9:50:11.344728622,T,TGT,I,31,93.54
2025-10-30,9:50:11.344749676,T,TGT,I,50,93.54
2025-10-30,9:50:11.344764983,T,TGT,I,2,93.55
2025-10-30,9:50:11.344764983,T,TGT,I,2,93.55
2025-10-30,9:50:12.157778757,T,TGT,,100,93.55
2025-10-30,9:50:15.093989153,T,TGT,F I,93,93.58
2025-10-30,9:50:15.094012712,T,TGT,I,7,93.58
2025-10-30,9:50:15.094015721,T,TGT,I,43,93.58
2025-10-30,9:50:15.094015721,T,TGT,I,1,93.58
2025-10-30,9:50:15.094018712,T,TGT,F I,7,93.58
2025-10-30,9:50:15.094021796,T,TGT,F I,7,93.58
2025-10-30,9:50:15.094021796,T,TGT,F I,1,93.58
2025-10-30,9:50:15.094024763,T,TGT,F I,7,93.58
2025-10-30,9:50:15.094042744,T,TGT,F I,4,93.58
2025-10-30,9:50:15.094051785,T,TGT,F I,30,93.58
2025-10-30,9:50:15.094054873,T,TGT,F I,70,93.58
2025-10-30,9:50:15.094057880,T,TGT,I,30,93.58
2025-10-30,9:50:15.094057880,T,TGT,,100,93.58
2025-10-30,9:50:15.246184320,T,TGT,F,100,93.59
2025-10-30,9:50:15.246202364,T,TGT,F I,89,93.59
2025-10-30,9:50:15.246238357,T,TGT,I,11,93.59
2025-10-30,9:50:15.246461174,T,TGT,F I,12,93.6
2025-10-30,9:50:15.246463896,T,TGT,F I,6,93.6
2025-10-30,9:50:15.246463896,T,TGT,F,100,93.6
2025-10-30,9:50:15.246497020,T,TGT,F,100,93.6
2025-10-30,9:50:15.246710665,T,TGT,F I,50,93.6
2025-10-30,9:50:15.252670699,T,TGT,F I,50,93.6
2025-10-30,9:50:15.617764904,T,TGT,F I,2,93.63
2025-10-30,9:50:15.617764904,T,TGT,F I,10,93.63
2025-10-30,9:50:17.315221489,T,TGT,F I,16,93.69
2025-10-30,9:50:17.315275688,T,TGT,F I,16,93.7
2025-10-30,9:50:17.317603168,T,TGT,,100,93.695
2025-10-30,9:50:24.776570181,T,TGT,F I,10,93.81
2025-10-30,9:50:24.785143592,T,TGT,F I,1,93.825
2025-10-30,9:50:25.400352336,T,TGT,F I,1,93.83
2025-10-30,9:50:25.427534024,T,TGT,F I,57,93.845
2025-10-30,9:50:34.496605828,T,TGT,F I,5,93.82
2025-10-30,9:50:39.687265904,T,TGT,,100,93.865
2025-10-30,9:50:39.687524470,T,TGT,F I,48,93.87
2025-10-30,9:50:44.371970603,T,TGT,F I,19,93.82
2025-10-30,9:50:44.379341136,T,TGT,F,100,93.79
2025-10-30,9:50:50.106434404,T,TGT,I,2,93.83
2025-10-30,9:50:50.106434404,T,TGT,I,28,93.83
2025-10-30,9:50:50.106879205,T,TGT,,100,93.8
2025-10-30,9:50:50.107622251,T,TGT,F,300,93.79
2025-10-30,9:50:50.107625043,T,TGT,F I,27,93.8
2025-10-30,9:50:50.107625043,T,TGT,F,836,93.82
2025-10-30,9:50:50.107628023,T,TGT,F,639,93.82
2025-10-30,9:50:50.107646638,T,TGT,,100,93.82
2025-10-30,9:50:50.107649160,T,TGT,,227,93.82
2025-10-30,9:50:50.107649160,T,TGT,,100,93.82
2025-10-30,9:50:50.107652104,T,TGT,I,1,93.82
2025-10-30,9:50:50.109113599,T,TGT,F,100,93.84
2025-10-30,9:50:50.109224787,T,TGT,F,102,93.83
2025-10-30,9:50:50.109823577,T,TGT,F I,75,93.84
2025-10-30,9:50:50.109826415,T,TGT,F I,27,93.84
2025-10-30,9:50:50.109829222,T,TGT,F I,46,93.84
2025-10-30,9:50:50.109829222,T,TGT,F,150,93.84
2025-10-30,9:50:50.109832242,T,TGT,F I,75,93.84
2025-10-30,9:50:50.109868300,T,TGT,F I,25,93.84
2025-10-30,9:50:50.110094002,T,TGT,F I,50,93.84
2025-10-30,9:50:50.110094002,T,TGT,F I,12,93.84
2025-10-30,9:50:50.110114997,T,TGT,F,138,93.84
2025-10-30,9:50:50.110638136,T,TGT,I,63,93.84
2025-10-30,9:50:50.748511820,T,TGT,F I,16,93.88
2025-10-30,9:50:51.145983762,T,TGT,F,100,93.87
2025-10-30,9:50:51.276455515,T,TGT,F I,27,93.87
2025-10-30,9:50:51.276458537,T,TGT,F I,48,93.86
2025-10-30,9:50:51.374642515,T,TGT,F I,75,93.86
2025-10-30,9:50:51.374663672,T,TGT,F I,25,93.86
2025-10-30,9:50:57.119796507,T,TGT,F I,20,93.8
2025-10-30,9:50:58.780036995,T,TGT,I,1,93.77
2025-10-30,9:50:58.780039911,T,TGT,I,16,93.75
2025-10-30,9:50:58.780039911,T,TGT,I,10,93.75
2025-10-30,9:50:58.780043027,T,TGT,I,40,93.75
2025-10-30,9:50:58.780043027,T,TGT,I,10,93.74
2025-10-30,9:50:58.780045843,T,TGT,I,23,93.74
2025-10-30,9:50:59.520566157,T,TGT,F I,75,93.75
2025-10-30,9:50:59.520620215,T,TGT,F I,25,93.75
2025-10-30,9:51:00.553728545,T,TGT,F I,75,93.75
2025-10-30,9:51:00.553770629,T,TGT,F I,25,93.75
2025-10-30,9:51:03.957345213,T,TGT,F I,14,93.82
2025-10-30,9:51:03.958223360,T,TGT,F I,2,93.83
2025-10-30,9:51:03.958226294,T,TGT,F I,2,93.83
2025-10-30,9:51:18.350619499,T,TGT,F I,75,93.76
2025-10-30,9:51:18.350643488,T,TGT,I,25,93.76
2025-10-30,9:51:18.351055506,T,TGT,,100,93.76
2025-10-30,9:51:18.351100667,T,TGT,,200,93.75
2025-10-30,9:51:18.351103625,T,TGT,I,13,93.75
2025-10-30,9:51:18.351125008,T,TGT,I,1,93.75
2025-10-30,9:51:18.351196906,T,TGT,F,100,93.75
2025-10-30,9:51:18.351217903,T,TGT,I,1,93.75
2025-10-30,9:51:18.351239012,T,TGT,I,85,93.75
2025-10-30,9:51:18.355569259,T,TGT,F I,10,93.72
2025-10-30,9:51:18.355572246,T,TGT,F,100,93.72
2025-10-30,9:51:18.406414395,T,TGT,I,50,93.7
2025-10-30,9:51:18.791385485,T,TGT,F,100,93.69
2025-10-30,9:51:18.791445829,T,TGT,I,5,93.68
2025-10-30,9:51:18.791449417,T,TGT,I,6,93.68
2025-10-30,9:51:18.791449417,T,TGT,I,6,93.68
2025-10-30,9:51:18.791451830,T,TGT,I,2,93.68
2025-10-30,9:51:18.954109160,T,TGT,F,100,93.73
2025-10-30,9:51:19.962769188,T,TGT,I,10,93.69
2025-10-30,9:51:20.131808614,T,TGT,F I,8,93.65
2025-10-30,9:51:20.131811002,T,TGT,F I,1,93.65
2025-10-30,9:51:20.723662978,T,TGT,I,5,93.6
2025-10-30,9:51:20.724592611,T,TGT,I,95,93.575
2025-10-30,9:51:20.724592611,T,TGT,I,5,93.6
2025-10-30,9:51:20.724610232,T,TGT,F I,80,93.6
2025-10-30,9:51:20.724613216,T,TGT,F I,15,93.6
2025-10-30,9:51:21.608490875,T,TGT,I,28,93.59
2025-10-30,9:51:28.942792967,T,TGT,F I,72,93.59
2025-10-30,9:51:30.269920638,T,TGT,I,75,93.575
2025-10-30,9:51:32.895066674,T,TGT,F I,50,93.58
2025-10-30,9:51:35.309894638,T,TGT,F I,50,93.58
2025-10-30,9:51:35.971564045,T,TGT,F,119,93.57
2025-10-30,9:51:35.971585125,T,TGT,F I,81,93.57
2025-10-30,9:51:46.530006146,T,TGT,I,30,93.53
2025-10-30,9:51:46.530027039,T,TGT,I,1,93.53
2025-10-30,9:51:46.530069089,T,TGT,F I,20,93.53
2025-10-30,9:51:46.530751688,T,TGT,F I,12,93.52
2025-10-30,9:51:46.530755277,T,TGT,F I,14,93.52
2025-10-30,9:51:46.530757729,T,TGT,F,100,93.52
2025-10-30,9:51:46.530962190,T,TGT,,100,93.49
2025-10-30,9:51:46.532002709,T,TGT,I,6,93.51
2025-10-30,9:51:48.606383673,T,TGT,F I,3,93.56
2025-10-30,9:51:48.611447742,T,TGT,F I,3,93.56
2025-10-30,9:51:48.611513813,T,TGT,,100,93.56
2025-10-30,9:51:48.611516856,T,TGT,,300,93.55
2025-10-30,9:51:48.611534842,T,TGT,F,100,93.55
2025-10-30,9:51:53.592655700,T,TGT,I,10,93.495
2025-10-30,9:51:57.280491554,T,TGT,I,9,93.45
2025-10-30,9:52:00.009619381,T,TGT,I,15,93.45
2025-10-30,9:52:00.746326542,T,TGT,,125,93.445
2025-10-30,9:52:01.932998574,T,TGT,F I,20,93.42
2025-10-30,9:52:01.933007614,T,TGT,F I,75,93.42
2025-10-30,9:52:03.605237436,T,TGT,F I,40,93.45
2025-10-30,9:52:03.605288714,T,TGT,F I,8,93.46
2025-10-30,9:52:03.605291939,T,TGT,F I,32,93.46
2025-10-30,9:52:03.605294552,T,TGT,F I,10,93.46
2025-10-30,9:52:03.611594566,T,TGT,F I,29,93.48
2025-10-30,9:52:03.685901609,T,TGT,F I,24,93.48
2025-10-30,9:52:03.685952764,T,TGT,I,9,93.48
2025-10-30,9:52:03.685991944,T,TGT,I,67,93.48
2025-10-30,9:52:03.685991944,T,TGT,,100,93.48
2025-10-30,9:52:03.686927039,T,TGT,F I,46,93.47
2025-10-30,9:52:05.086196638,T,TGT,F I,3,93.47
2025-10-30,9:52:05.147602947,T,TGT,F,400,93.45
2025-10-30,9:52:05.147636202,T,TGT,F I,23,93.44
2025-10-30,9:52:05.147642440,T,TGT,I,1,93.46
2025-10-30,9:52:05.147648071,T,TGT,I,25,93.47
2025-10-30,9:52:05.147657174,T,TGT,I,74,93.45
2025-10-30,9:52:05.147669851,T,TGT,I,23,93.45
2025-10-30,9:52:05.148018018,T,TGT,I,3,93.45
2025-10-30,9:52:05.148018018,T,TGT,I,72,93.46
2025-10-30,9:52:05.151963385,T,TGT,F I,50,93.44
2025-10-30,9:52:08.451087047,T,TGT,I,90,93.41
2025-10-30,9:52:08.451102111,T,TGT,F I,10,93.41
2025-10-30,9:52:08.451348654,T,TGT,F I,19,93.4
2025-10-30,9:52:08.452217686,T,TGT,I,23,93.38
2025-10-30,9:52:09.624118653,T,TGT,F I,3,93.36
2025-10-30,9:52:09.624118653,T,TGT,F I,23,93.36
2025-10-30,9:52:09.624163790,T,TGT,F I,1,93.35
2025-10-30,9:52:09.624232867,T,TGT,,100,93.37
2025-10-30,9:52:09.624256943,T,TGT,I,75,93.37
2025-10-30,9:52:09.624260144,T,TGT,F I,75,93.34
2025-10-30,9:52:09.624272542,T,TGT,I,25,93.34
2025-10-30,9:52:09.624272542,T,TGT,I,19,93.34
2025-10-30,9:52:09.624293574,T,TGT,I,33,93.37
2025-10-30,9:52:09.624506536,T,TGT,I,19,93.36
2025-10-30,9:52:09.624629916,T,TGT,I,20,93.365
2025-10-30,9:52:09.626106397,T,TGT,F I,36,93.36
2025-10-30,9:52:12.330698730,T,TGT,F,100,93.36
2025-10-30,9:52:12.330701758,T,TGT,F I,19,93.36
2025-10-30,9:52:12.330701758,T,TGT,F I,12,93.36
2025-10-30,9:52:12.330999435,T,TGT,,100,93.33
2025-10-30,9:52:12.331002476,T,TGT,I,25,93.36
2025-10-30,9:52:12.622225240,T,TGT,F I,3,93.36
2025-10-30,9:52:12.622228292,T,TGT,F,101,93.36
2025-10-30,9:52:13.766911296,T,TGT,F I,22,93.39
2025-10-30,9:52:14.494299177,T,TGT,,100,93.4
2025-10-30,9:52:14.494302216,T,TGT,I,22,93.4
2025-10-30,9:52:14.494305390,T,TGT,,100,93.4
2025-10-30,9:52:14.494305390,T,TGT,I,20,93.4
2025-10-30,9:52:14.494308263,T,TGT,,100,93.4
2025-10-30,9:52:14.495499058,T,TGT,,100,93.41
2025-10-30,9:52:14.495499058,T,TGT,I,10,93.41
2025-10-30,9:52:14.495502713,T,TGT,I,22,93.41
2025-10-30,9:52:14.495520092,T,TGT,F I,42,93.41
2025-10-30,9:52:14.495535179,T,TGT,I,58,93.41
2025-10-30,9:52:14.495538233,T,TGT,F I,22,93.41
2025-10-30,9:52:14.495574422,T,TGT,F I,2,93.42
2025-10-30,9:52:14.495577482,T,TGT,F I,21,93.42
2025-10-30,9:52:14.495580475,T,TGT,I,79,93.42
2025-10-30,9:52:14.495580475,T,TGT,,100,93.42
2025-10-30,9:52:15.354441374,T,TGT,F I,3,93.44
2025-10-30,9:52:15.354444343,T,TGT,F I,4,93.44
2025-10-30,9:52:15.354525590,T,TGT,I,25,93.44
2025-10-30,9:52:15.354525590,T,TGT,I,12,93.44
2025-10-30,9:52:21.536175698,T,TGT,I,8,93.41
2025-10-30,9:52:21.536319996,T,TGT,F I,11,93.43
2025-10-30,9:52:21.536560583,T,TGT,F I,12,93.44
2025-10-30,9:52:21.536566521,T,TGT,F I,9,93.44
2025-10-30,9:52:21.536638714,T,TGT,F I,1,93.44
2025-10-30,9:52:21.536659750,T,TGT,I,9,93.44
2025-10-30,9:52:21.536701957,T,TGT,F I,11,93.43
2025-10-30,9:52:21.536734936,T,TGT,F,100,93.43
2025-10-30,9:52:21.536804134,T,TGT,F I,11,93.43
2025-10-30,9:52:21.536810183,T,TGT,F I,11,93.43
2025-10-30,9:52:21.536810183,T,TGT,F I,78,93.42
2025-10-30,9:52:21.536873352,T,TGT,I,38,93.44
2025-10-30,9:52:21.536879320,T,TGT,F I,62,93.44
2025-10-30,9:52:21.536999705,T,TGT,I,80,93.45
2025-10-30,9:52:21.539348156,T,TGT,F,100,93.43
2025-10-30,9:52:35.056409865,T,TGT,I,50,93.42
2025-10-30,9:52:35.056437203,T,TGT,,250,93.42
2025-10-30,9:52:35.056437203,T,TGT,I,28,93.42
2025-10-30,9:52:35.056439916,T,TGT,I,1,93.42
2025-10-30,9:52:35.056620551,T,TGT,,100,93.43
2025-10-30,9:52:35.056620551,T,TGT,I,31,93.43
2025-10-30,9:52:35.056629358,T,TGT,I,10,93.43
2025-10-30,9:52:35.056897174,T,TGT,I,27,93.43
2025-10-30,9:52:35.060571853,T,TGT,I,11,93.42
2025-10-30,9:52:35.061010981,T,TGT,F I,20,93.42
2025-10-30,9:52:35.061010981,T,TGT,F I,29,93.42
2025-10-30,9:52:36.093652981,T,TGT,I,23,93.41
2025-10-30,9:52:36.093655945,T,TGT,I,22,93.41
2025-10-30,9:52:36.093680000,T,TGT,I,91,93.4
2025-10-30,9:52:36.093698218,T,TGT,I,1,93.4
2025-10-30,9:52:36.093812700,T,TGT,I,8,93.4
2025-10-30,9:52:36.095294991,T,TGT,I,60,93.39
2025-10-30,9:52:38.340179048,T,TGT,F I,75,93.38
2025-10-30,9:52:38.340182109,T,TGT,F I,25,93.38
2025-10-30,9:52:38.340182109,T,TGT,F I,23,93.39
2025-10-30,9:52:38.340200047,T,TGT,F,177,93.39
2025-10-30,9:52:38.340203413,T,TGT,F,100,93.39
2025-10-30,9:52:38.340203413,T,TGT,F I,31,93.39
2025-10-30,9:52:38.340233617,T,TGT,F I,28,93.4
2025-10-30,9:52:38.340233617,T,TGT,F I,20,93.4
2025-10-30,9:52:43.267772335,T,TGT,I,37,93.38
2025-10-30,9:52:43.268127209,T,TGT,F,100,93.37
2025-10-30,9:52:43.268232406,T,TGT,,100,93.37
2025-10-30,9:52:50.286929622,T,TGT,I,70,93.33
2025-10-30,9:52:50.286944695,T,TGT,I,1,93.33
2025-10-30,9:52:50.287031838,T,TGT,I,29,93.33
2025-10-30,9:52:50.287034825,T,TGT,I,71,93.33
2025-10-30,9:52:50.287038116,T,TGT,I,29,93.33
2025-10-30,9:52:50.287038116,T,TGT,I,5,93.33
2025-10-30,9:52:50.287125036,T,TGT,I,19,93.34
2025-10-30,9:52:50.287871600,T,TGT,I,1,93.34
2025-10-30,9:52:50.287871600,T,TGT,I,5,93.34
2025-10-30,9:52:50.287873849,T,TGT,I,9,93.34
2025-10-30,9:52:50.831136164,T,TGT,F I,51,93.37
2025-10-30,9:52:50.831154141,T,TGT,F,149,93.37
2025-10-30,9:52:50.831662362,T,TGT,F I,29,93.38
2025-10-30,9:52:50.831665335,T,TGT,F I,5,93.38
2025-10-30,9:52:50.932131732,T,TGT,F I,75,93.385
2025-10-30,9:52:50.932167807,T,TGT,I,25,93.385
2025-10-30,9:52:53.592711241,T,TGT,F I,75,93.39
2025-10-30,9:52:53.980439902,T,TGT,I,25,93.39
2025-10-30,9:52:56.829845196,T,TGT,I,50,93.36
2025-10-30,9:52:56.874047562,T,TGT,,100,93.35
2025-10-30,9:52:56.874627927,T,TGT,I,50,93.36
2025-10-30,9:52:56.874630914,T,TGT,I,62,93.36
2025-10-30,9:52:59.720626107,T,TGT,I,5,93.33
2025-10-30,9:52:59.720677291,T,TGT,I,22,93.33
2025-10-30,9:52:59.720677291,T,TGT,,500,93.33
2025-10-30,9:52:59.720851641,T,TGT,I,33,93.34
2025-10-30,9:53:00.067165747,T,TGT,F I,33,93.33
2025-10-30,9:53:00.067168766,T,TGT,F I,2,93.33
2025-10-30,9:53:00.952733525,T,TGT,F I,13,93.345
2025-10-30,9:53:01.506175055,T,TGT,F I,75,93.345
2025-10-30,9:53:01.506229110,T,TGT,I,12,93.345
2025-10-30,9:53:02.371938151,T,TGT,F I,2,93.36
2025-10-30,9:53:02.371938151,T,TGT,F,400,93.37
2025-10-30,9:53:02.371941058,T,TGT,F I,1,93.37
2025-10-30,9:53:02.980377314,T,TGT,I,26,93.36
2025-10-30,9:53:02.980377314,T,TGT,I,58,93.36
2025-10-30,9:53:02.980398744,T,TGT,F I,58,93.36
2025-10-30,9:53:02.980398744,T,TGT,I,1,93.36
2025-10-30,9:53:04.754089673,T,TGT,I,27,93.33
2025-10-30,9:53:14.424498097,T,TGT,I,15,93.33
2025-10-30,9:53:14.424864998,T,TGT,I,13,93.34
2025-10-30,9:53:14.425063837,T,TGT,,100,93.34
2025-10-30,9:53:14.425066436,T,TGT,I,25,93.35
2025-10-30,9:53:14.425198767,T,TGT,F I,29,93.34
2025-10-30,9:53:14.425202078,T,TGT,F I,29,93.34
2025-10-30,9:53:14.425205037,T,TGT,F I,8,93.34
2025-10-30,9:53:14.425205037,T,TGT,F I,34,93.32
2025-10-30,9:53:14.425280136,T,TGT,F I,66,93.32
2025-10-30,9:53:14.425280136,T,TGT,F I,20,93.32
2025-10-30,9:53:14.425352230,T,TGT,F I,1,93.31
2025-10-30,9:53:14.425352230,T,TGT,F I,1,93.31
2025-10-30,9:53:14.425358155,T,TGT,F I,4,93.31
2025-10-30,9:53:14.425358155,T,TGT,F I,10,93.31
2025-10-30,9:53:14.425406296,T,TGT,F I,7,93.32
2025-10-30,9:53:14.425427281,T,TGT,I,2,93.32
2025-10-30,9:53:14.425427281,T,TGT,F I,66,93.32
2025-10-30,9:53:14.425529615,T,TGT,F I,25,93.31
2025-10-30,9:53:14.425532543,T,TGT,F I,18,93.31
2025-10-30,9:53:14.425560795,T,TGT,F I,25,93.33
2025-10-30,9:53:14.425560795,T,TGT,F,100,93.34
2025-10-30,9:53:14.425565660,T,TGT,F I,73,93.34
2025-10-30,9:53:14.425565660,T,TGT,F I,10,93.34
2025-10-30,9:53:14.425565660,T,TGT,F I,1,93.34
2025-10-30,9:53:14.425680404,T,TGT,I,88,93.34
2025-10-30,9:53:14.425683790,T,TGT,I,24,93.34
2025-10-30,9:53:14.425686179,T,TGT,I,23,93.34
2025-10-30,9:53:14.425688960,T,TGT,I,38,93.34
2025-10-30,9:53:14.425731021,T,TGT,F I,25,93.32
2025-10-30,9:53:14.425779868,T,TGT,F,100,93.32
2025-10-30,9:53:14.425779868,T,TGT,F,100,93.32
2025-10-30,9:53:14.425782275,T,TGT,F I,11,93.32
2025-10-30,9:53:14.425785532,T,TGT,F I,23,93.32
2025-10-30,9:53:14.425785532,T,TGT,F I,24,93.32
2025-10-30,9:53:14.425788226,T,TGT,F I,18,93.31
2025-10-30,9:53:14.426085916,T,TGT,F I,40,93.32
2025-10-30,9:53:14.426106876,T,TGT,I,1,93.32
2025-10-30,9:53:14.426152643,T,TGT,F I,23,93.32
2025-10-30,9:53:14.426155447,T,TGT,F I,9,93.32
2025-10-30,9:53:14.426158112,T,TGT,F I,1,93.32
2025-10-30,9:53:14.426158112,T,TGT,F I,3,93.32
2025-10-30,9:53:14.426287368,T,TGT,F I,6,93.32
2025-10-30,9:53:14.426287368,T,TGT,F I,38,93.32
2025-10-30,9:53:14.426290370,T,TGT,F I,8,93.32
2025-10-30,9:53:14.426654678,T,TGT,F I,7,93.31
2025-10-30,9:53:14.426906864,T,TGT,F I,2,93.31
2025-10-30,9:53:14.427237654,T,TGT,F I,52,93.3
2025-10-30,9:53:14.427240656,T,TGT,F I,48,93.3
2025-10-30,9:53:14.427243646,T,TGT,F I,64,93.3
2025-10-30,9:53:14.427258632,T,TGT,I,1,93.3
2025-10-30,9:53:14.427327831,T,TGT,F I,35,93.3
2025-10-30,9:53:14.427327831,T,TGT,F I,77,93.3
2025-10-30,9:53:14.427336918,T,TGT,F I,23,93.3
2025-10-30,9:53:14.427361084,T,TGT,,100,93.31
2025-10-30,9:53:14.427361084,T,TGT,I,42,93.31
2025-10-30,9:53:14.427364278,T,TGT,,100,93.31
2025-10-30,9:53:15.076872277,T,TGT,F,100,93.31
2025-10-30,9:53:15.076890388,T,TGT,I,1,93.31
2025-10-30,9:53:15.076890388,T,TGT,I,17,93.31
2025-10-30,9:53:16.364416657,T,TGT,I,13,93.315
2025-10-30,9:53:16.364479884,T,TGT,F I,75,93.315
2025-10-30,9:53:16.364485797,T,TGT,F I,12,93.315
2025-10-30,9:53:16.364485797,T,TGT,F I,27,93.33
2025-10-30,9:53:16.751550004,T,TGT,F,100,93.3
2025-10-30,9:53:16.989834783,T,TGT,,100,93.29
2025-10-30,9:53:16.989834783,T,TGT,I,75,93.29
2025-10-30,9:53:16.989855684,T,TGT,I,25,93.29
2025-10-30,9:53:16.989855684,T,TGT,I,51,93.29
2025-10-30,9:53:16.989858834,T,TGT,F I,27,93.29
2025-10-30,9:53:16.989858834,T,TGT,F I,22,93.29
2025-10-30,9:53:16.990216593,T,TGT,F,100,93.28
2025-10-30,9:53:16.990219581,T,TGT,F,100,93.28
2025-10-30,9:53:18.418718819,T,TGT,F I,25,93.26
2025-10-30,9:53:19.315638653,T,TGT,F I,16,93.26
2025-10-30,9:53:19.315792141,T,TGT,F I,25,93.25
2025-10-30,9:53:19.315792141,T,TGT,F,100,93.25
2025-10-30,9:53:19.321373211,T,TGT,F I,25,93.25
2025-10-30,9:53:19.321373211,T,TGT,F I,17,93.25
2025-10-30,9:53:19.321707053,T,TGT,F,100,93.26
2025-10-30,9:53:21.492386420,T,TGT,I,75,93.265
2025-10-30,9:53:22.345139982,T,TGT,I,48,93.26
2025-10-30,9:53:22.401247622,T,TGT,F I,1,93.28
2025-10-30,9:53:22.401337844,T,TGT,F I,3,93.28
2025-10-30,9:53:22.405463687,T,TGT,,100,93.28
2025-10-30,9:53:22.823901532,T,TGT,F I,2,93.31
2025-10-30,9:53:25.747253049,T,TGT,F I,48,93.34
2025-10-30,9:53:25.747253049,T,TGT,F I,20,93.34
2025-10-30,9:53:25.747893649,T,TGT,F I,48,93.34
2025-10-30,9:53:25.747917845,T,TGT,I,60,93.34
2025-10-30,9:53:25.747917845,T,TGT,,200,93.34
2025-10-30,9:53:25.749222808,T,TGT,,100,93.34
2025-10-30,9:53:25.749243994,T,TGT,F I,59,93.34
2025-10-30,9:53:25.749243994,T,TGT,I,33,93.34
2025-10-30,9:53:25.749246789,T,TGT,I,3,93.34
2025-10-30,9:53:29.277381949,T,TGT,I,1,93.34
2025-10-30,9:53:29.277399135,T,TGT,F,100,93.34
2025-10-30,9:53:29.277411103,T,TGT,I,26,93.34
2025-10-30,9:53:29.277426512,T,TGT,F I,32,93.35
2025-10-30,9:53:29.277459264,T,TGT,F I,68,93.35
2025-10-30,9:53:29.277459264,T,TGT,F I,12,93.35
2025-10-30,9:53:29.278096812,T,TGT,I,1,93.35
2025-10-30,9:53:29.278241186,T,TGT,F I,10,93.37
2025-10-30,9:53:30.708746236,T,TGT,F I,75,93.38
2025-10-30,9:53:34.714354991,T,TGT,,100,93.36
2025-10-30,9:53:34.714376807,T,TGT,I,1,93.36
2025-10-30,9:53:34.714403152,T,TGT,I,1,93.36
2025-10-30,9:53:34.714406081,T,TGT,,398,93.36
2025-10-30,9:53:36.889319455,T,TGT,F I,22,93.35
2025-10-30,9:53:42.270606716,T,TGT,F I,24,93.3
2025-10-30,9:53:42.270606716,T,TGT,F,100,93.3
2025-10-30,9:53:43.348912646,T,TGT,,100,93.28
2025-10-30,9:53:43.348927609,T,TGT,I,1,93.28
2025-10-30,9:53:43.348927609,T,TGT,I,1,93.28
2025-10-30,9:53:43.348931510,T,TGT,F I,18,93.28
2025-10-30,9:53:44.386973819,T,TGT,F,100,93.29
2025-10-30,9:53:44.387310508,T,TGT,F,100,93.29
2025-10-30,9:53:44.387310508,T,TGT,F I,18,93.29
2025-10-30,9:53:44.387481886,T,TGT,F,100,93.3
2025-10-30,9:53:44.387484898,T,TGT,F I,2,93.3
2025-10-30,9:53:44.387575104,T,TGT,F,500,93.31
2025-10-30,9:53:44.387798031,T,TGT,,100,93.29
2025-10-30,9:53:44.387801696,T,TGT,I,26,93.29
2025-10-30,9:53:44.387804556,T,TGT,,100,93.29
2025-10-30,9:53:44.387807022,T,TGT,I,40,93.29
2025-10-30,9:53:44.387809743,T,TGT,,100,93.29
2025-10-30,9:53:44.387836777,T,TGT,,100,93.3
2025-10-30,9:53:44.388059323,T,TGT,I,53,93.31
2025-10-30,9:53:44.388062296,T,TGT,,100,93.31
2025-10-30,9:53:45.697531959,T,TGT,F I,26,93.33
2025-10-30,9:53:46.821008464,T,TGT,F I,75,93.33
2025-10-30,9:53:46.821056541,T,TGT,F I,25,93.33
2025-10-30,9:53:46.941559636,T,TGT,F I,91,93.32
2025-10-30,9:53:46.941580694,T,TGT,F I,9,93.32
2025-10-30,9:53:49.564552555,T,TGT,F I,24,93.37
2025-10-30,9:53:49.565024698,T,TGT,,217,93.37
2025-10-30,9:53:49.576382752,T,TGT,F,100,93.35
2025-10-30,9:53:49.576385782,T,TGT,F I,33,93.35
2025-10-30,9:53:49.576403756,T,TGT,I,1,93.35
2025-10-30,9:53:49.576407001,T,TGT,I,1,93.35
2025-10-30,9:53:49.576410902,T,TGT,F I,65,93.35
2025-10-30,9:53:49.576415832,T,TGT,I,75,93.36
2025-10-30,9:53:49.576415832,T,TGT,I,75,93.36
2025-10-30,9:53:49.576418798,T,TGT,,196,93.37
2025-10-30,9:53:49.576436831,T,TGT,I,75,93.355
2025-10-30,9:53:49.576439863,T,TGT,I,25,93.36
2025-10-30,9:53:49.576446041,T,TGT,I,1,93.36
2025-10-30,9:53:49.576449181,T,TGT,I,50,93.36
2025-10-30,9:53:49.576449181,T,TGT,I,45,93.37
2025-10-30,9:53:49.576452438,T,TGT,I,55,93.37
2025-10-30,9:53:49.576466976,T,TGT,I,26,93.36
2025-10-30,9:53:49.577050373,T,TGT,F I,2,93.36
2025-10-30,9:53:49.577053532,T,TGT,F I,2,93.36
2025-10-30,9:53:49.577053532,T,TGT,F I,40,93.36
2025-10-30,9:53:49.577056389,T,TGT,F I,9,93.36
2025-10-30,9:53:53.176830745,T,TGT,,100,93.35
2025-10-30,9:53:53.176941523,T,TGT,I,31,93.36
2025-10-30,9:53:53.177118970,T,TGT,I,27,93.36
2025-10-30,9:53:53.177122032,T,TGT,I,40,93.37
2025-10-30,9:53:53.177122032,T,TGT,I,10,93.37
2025-10-30,9:53:53.177124959,T,TGT,I,4,93.37
2025-10-30,9:53:53.179705096,T,TGT,F I,31,93.38
2025-10-30,9:53:53.179963734,T,TGT,F I,2,93.39
2025-10-30,9:53:53.179963734,T,TGT,F I,31,93.39
2025-10-30,9:53:53.180727536,T,TGT,I,25,93.37
2025-10-30,9:53:53.180730594,T,TGT,,100,93.37
2025-10-30,9:53:53.180730594,T,TGT,I,25,93.36
2025-10-30,9:53:53.180733592,T,TGT,I,50,93.36
2025-10-30,9:53:53.181199707,T,TGT,,100,93.38
2025-10-30,9:53:53.181202675,T,TGT,I,12,93.38
2025-10-30,9:53:53.181202675,T,TGT,I,40,93.38
2025-10-30,9:53:53.181205691,T,TGT,I,31,93.38
2025-10-30,9:53:53.403353989,T,TGT,F,100,93.37
2025-10-30,9:53:53.403356962,T,TGT,F,100,93.37
2025-10-30,9:53:53.403789963,T,TGT,F I,75,93.37
2025-10-30,9:53:53.403838172,T,TGT,F I,25,93.37
2025-10-30,9:53:57.005263619,T,TGT,F I,75,93.355
2025-10-30,9:53:57.005392462,T,TGT,F I,25,93.355
2025-10-30,9:53:58.784572034,T,TGT,I,75,93.355
2025-10-30,9:53:59.199335112,T,TGT,F I,25,93.355
2025-10-30,9:53:59.206841291,T,TGT,F I,50,93.38
2025-10-30,9:53:59.206850035,T,TGT,F I,24,93.38
2025-10-30,9:53:59.206853284,T,TGT,F I,22,93.38
2025-10-30,9:53:59.206853284,T,TGT,F I,20,93.38
2025-10-30,9:53:59.210464667,T,TGT,I,75,93.38
2025-10-30,9:53:59.210801472,T,TGT,I,25,93.37
2025-10-30,9:54:02.630605736,T,TGT,I,75,93.365
2025-10-30,9:54:04.711043146,T,TGT,F,100,93.36
2025-10-30,9:54:04.711046557,T,TGT,F I,10,93.37
2025-10-30,9:54:04.711046557,T,TGT,F I,2,93.37
2025-10-30,9:54:04.711049316,T,TGT,F I,1,93.37
2025-10-30,9:54:04.711052378,T,TGT,F,100,93.37
2025-10-30,9:54:04.711061226,T,TGT,F I,65,93.37
2025-10-30,9:54:04.711064179,T,TGT,F I,35,93.37
2025-10-30,9:54:05.668512189,T,TGT,F,100,93.4
2025-10-30,9:54:05.668512189,T,TGT,F I,25,93.4
2025-10-30,9:54:08.026330956,T,TGT,,100,93.43
2025-10-30,9:54:08.026333871,T,TGT,,100,93.44
2025-10-30,9:54:08.026333871,T,TGT,I,10,93.44
2025-10-30,9:54:08.026351685,T,TGT,I,1,93.44
2025-10-30,9:54:08.026354656,T,TGT,I,89,93.44
2025-10-30,9:54:08.026354656,T,TGT,I,10,93.44
2025-10-30,9:54:08.026357502,T,TGT,I,1,93.44
2025-10-30,9:54:08.026361085,T,TGT,F I,60,93.44
2025-10-30,9:54:08.026361085,T,TGT,I,39,93.44
2025-10-30,9:54:08.026363488,T,TGT,I,1,93.44
2025-10-30,9:54:08.635978847,T,TGT,F I,1,93.45
2025-10-30,9:54:09.052883122,T,TGT,F,100,93.46
2025-10-30,9:54:09.052886027,T,TGT,F,100,93.46
2025-10-30,9:54:09.052928222,T,TGT,F I,22,93.47
2025-10-30,9:54:22.324355579,T,TGT,F I,75,93.44
2025-10-30,9:54:22.324642171,T,TGT,I,75,93.46
2025-10-30,9:54:22.324642171,T,TGT,,100,93.47
2025-10-30,9:54:22.324647895,T,TGT,,100,93.47
2025-10-30,9:54:22.324647895,T,TGT,I,25,93.47
2025-10-30,9:54:22.324662665,T,TGT,F I,75,93.47
2025-10-30,9:54:23.591884318,T,TGT,F I,9,93.48
2025-10-30,9:54:23.591887719,T,TGT,I,91,93.48
2025-10-30,9:54:23.591887719,T,TGT,,100,93.48
2025-10-30,9:54:23.592329363,T,TGT,F I,9,93.49
2025-10-30,9:54:23.592356431,T,TGT,F I,30,93.5
2025-10-30,9:54:23.592356431,T,TGT,F I,20,93.5
2025-10-30,9:54:23.593075150,T,TGT,F,100,93.51
2025-10-30,9:54:23.760096069,T,TGT,F I,36,93.49
2025-10-30,9:54:23.760099057,T,TGT,F I,20,93.49
2025-10-30,9:54:24.659400542,T,TGT,I,14,93.5
2025-10-30,9:54:24.659421553,T,TGT,F I,22,93.5
2025-10-30,9:54:24.659424643,T,TGT,F I,19,93.5
2025-10-30,9:54:24.678291486,T,TGT,I,47,93.51
2025-10-30,9:54:24.678312607,T,TGT,F I,53,93.51
2025-10-30,9:54:25.178307707,T,TGT,F I,75,93.54
2025-10-30,9:54:33.588245237,T,TGT,I,26,93.55
2025-10-30,9:54:33.588263295,T,TGT,F I,4,93.55
2025-10-30,9:54:45.374443213,T,TGT,F,100,93.5
2025-10-30,9:54:45.374446539,T,TGT,F,100,93.5
2025-10-30,9:54:45.374446539,T,TGT,F I,11,93.5
2025-10-30,9:54:45.374446539,T,TGT,F I,3,93.5
2025-10-30,9:54:45.374608680,T,TGT,I,4,93.49
2025-10-30,9:54:45.374611865,T,TGT,I,4,93.49
2025-10-30,9:54:45.374611865,T,TGT,I,3,93.49
2025-10-30,9:54:45.374617720,T,TGT,I,4,93.49
2025-10-30,9:54:45.374617720,T,TGT,I,11,93.49
2025-10-30,9:54:47.783317049,T,TGT,F I,20,93.46
2025-10-30,9:54:53.577860797,T,TGT,F I,75,93.48
2025-10-30,9:54:53.577894799,T,TGT,F,200,93.49
2025-10-30,9:54:53.577894799,T,TGT,F,200,93.49
2025-10-30,9:54:55.569662413,T,TGT,I,37,93.49
2025-10-30,9:54:55.569662413,T,TGT,,100,93.48
2025-10-30,9:54:55.570350750,T,TGT,F,100,93.47
2025-10-30,9:54:55.570371811,T,TGT,,100,93.47
2025-10-30,9:54:55.570374827,T,TGT,I,8,93.47
2025-10-30,9:54:55.570374827,T,TGT,I,1,93.47
2025-10-30,9:54:56.763142357,T,TGT,F,116,93.45
2025-10-30,9:54:56.763145408,T,TGT,F I,29,93.45
2025-10-30,9:54:56.763160477,T,TGT,I,1,93.45
2025-10-30,9:54:56.763169663,T,TGT,I,14,93.45
2025-10-30,9:54:56.763169663,T,TGT,I,15,93.45
2025-10-30,9:54:56.763175427,T,TGT,I,16,93.45
2025-10-30,9:54:56.763175427,T,TGT,I,8,93.45
2025-10-30,9:54:56.763178496,T,TGT,F I,1,93.45
2025-10-30,9:54:59.854861927,T,TGT,I,23,93.46
2025-10-30,9:55:00.165703816,T,TGT,I,77,93.46
2025-10-30,9:55:00.165706518,T,TGT,,100,93.46
2025-10-30,9:55:00.165709376,T,TGT,I,1,93.46
2025-10-30,9:55:00.165712492,T,TGT,,122,93.46
2025-10-30,9:55:00.165728360,T,TGT,F I,78,93.46
2025-10-30,9:55:00.165728360,T,TGT,F,100,93.46
2025-10-30,9:55:00.165731354,T,TGT,F,166,93.46
2025-10-30,9:55:00.165731354,T,TGT,,100,93.46
2025-10-30,9:55:00.165739505,T,TGT,I,1,93.46
2025-10-30,9:55:00.165739505,T,TGT,I,76,93.46
2025-10-30,9:55:00.165742835,T,TGT,I,38,93.46
2025-10-30,9:55:00.165745586,T,TGT,I,2,93.46
2025-10-30,9:55:00.175389544,T,TGT,I,60,93.46
2025-10-30,9:55:00.175389544,T,TGT,I,40,93.46
2025-10-30,9:55:00.175410535,T,TGT,I,60,93.46
2025-10-30,9:55:00.175413527,T,TGT,,100,93.46
2025-10-30,9:55:00.175413527,T,TGT,I,68,93.46
2025-10-30,9:55:00.175443656,T,TGT,I,32,93.46
2025-10-30,9:55:00.175443656,T,TGT,,100,93.46
2025-10-30,9:55:00.175476663,T,TGT,F,100,93.46
2025-10-30,9:55:00.175506749,T,TGT,F,100,93.46
2025-10-30,9:55:00.175548916,T,TGT,F,100,93.46
2025-10-30,9:55:00.175675184,T,TGT,F,100,93.46
2025-10-30,9:55:00.175678235,T,TGT,F,100,93.46
2025-10-30,9:55:00.175693188,T,TGT,I,76,93.46
2025-10-30,9:55:00.175714226,T,TGT,F I,24,93.46
2025-10-30,9:55:00.175747683,T,TGT,,100,93.46
2025-10-30,9:55:00.175747683,T,TGT,I,24,93.46
2025-10-30,9:55:00.175774448,T,TGT,F,100,93.46
2025-10-30,9:55:00.175774448,T,TGT,I,5,93.46
2025-10-30,9:55:00.176309695,T,TGT,F,100,93.46
2025-10-30,9:55:00.176330774,T,TGT,I,76,93.46
2025-10-30,9:55:00.176352037,T,TGT,I,24,93.46
2025-10-30,9:55:00.176356185,T,TGT,I,75,93.46
2025-10-30,9:55:00.176356185,T,TGT,F I,24,93.46
2025-10-30,9:55:00.176360804,T,TGT,F I,1,93.46
2025-10-30,9:55:00.176360804,T,TGT,F I,25,93.46
2025-10-30,9:55:00.176381847,T,TGT,F I,75,93.46
2025-10-30,9:55:00.176547244,T,TGT,I,24,93.46
2025-10-30,9:55:00.176568348,T,TGT,F I,1,93.46
2025-10-30,9:55:00.178550050,T,TGT,F,100,93.46
2025-10-30,9:55:00.178571038,T,TGT,I,56,93.46
2025-10-30,9:55:01.171166888,T,TGT,F I,5,93.52
2025-10-30,9:55:01.171166888,T,TGT,F I,20,93.52
2025-10-30,9:55:02.738049695,T,TGT,F I,75,93.505
2025-10-30,9:55:02.738169933,T,TGT,I,25,93.505
2025-10-30,9:55:02.839592976,T,TGT,F,168,93.53
2025-10-30,9:55:02.839595630,T,TGT,F I,2,93.53
2025-10-30,9:55:02.839598595,T,TGT,F I,10,93.53
2025-10-30,9:55:02.845513857,T,TGT,,100,93.525
2025-10-30,9:55:02.845516729,T,TGT,I,11,93.54
2025-10-30,9:55:02.845519725,T,TGT,,100,93.54
2025-10-30,9:55:02.845519725,T,TGT,,100,93.54
2025-10-30,9:55:02.845534777,T,TGT,F,100,93.54
2025-10-30,9:55:02.847360318,T,TGT,F I,70,93.55
2025-10-30,9:55:02.847360318,T,TGT,F I,60,93.57
2025-10-30,9:55:04.316407874,T,TGT,F I,8,93.53
2025-10-30,9:55:04.317210784,T,TGT,F I,3,93.52
2025-10-30,9:55:08.671133515,T,TGT,F I,22,93.5
2025-10-30,9:55:08.762238533,T,TGT,F I,76,93.49
2025-10-30,9:55:08.762244554,T,TGT,F I,24,93.49
2025-10-30,9:55:14.438059463,T,TGT,F I,10,93.45
2025-10-30,9:55:14.438558676,T,TGT,F I,26,93.44
2025-10-30,9:55:14.438579685,T,TGT,I,1,93.44
2025-10-30,9:55:14.438603744,T,TGT,F I,73,93.44
2025-10-30,9:55:14.438603744,T,TGT,F I,80,93.44
2025-10-30,9:55:14.438621804,T,TGT,I,1,93.44
2025-10-30,9:55:14.438652280,T,TGT,F I,19,93.44
2025-10-30,9:55:14.438655237,T,TGT,F I,20,93.44
2025-10-30,9:55:14.438655237,T,TGT,F I,20,93.44
2025-10-30,9:55:14.438657843,T,TGT,F I,41,93.44
2025-10-30,9:55:14.438672875,T,TGT,I,59,93.44
2025-10-30,9:55:14.438675902,T,TGT,I,17,93.44
2025-10-30,9:55:14.438709198,T,TGT,I,83,93.44
2025-10-30,9:55:15.268584094,T,TGT,F I,75,93.43
2025-10-30,9:55:26.097024600,T,TGT,I,75,93.425
2025-10-30,9:55:29.658718804,T,TGT,I,25,93.435
2025-10-30,9:55:29.658722366,T,TGT,I,75,93.435
2025-10-30,9:55:34.389517462,T,TGT,F,100,93.48
2025-10-30,9:55:34.389697929,T,TGT,F I,26,93.47
2025-10-30,9:55:34.389703945,T,TGT,F,100,93.47
2025-10-30,9:55:34.390801513,T,TGT,I,36,93.49
2025-10-30,9:55:34.390804629,T,TGT,,100,93.49
2025-10-30,9:55:34.390804629,T,TGT,I,20,93.49
2025-10-30,9:55:37.434301140,T,TGT,I,48,93.49
2025-10-30,9:55:37.434301140,T,TGT,I,36,93.49
2025-10-30,9:55:37.434304204,T,TGT,,500,93.49
2025-10-30,9:55:37.434319525,T,TGT,I,1,93.49
2025-10-30,9:55:37.434322219,T,TGT,I,12,93.49
2025-10-30,9:55:46.078962835,T,TGT,F I,29,93.47
2025-10-30,9:55:46.078965824,T,TGT,F,100,93.47
2025-10-30,9:55:46.093192797,T,TGT,F I,28,93.45
2025-10-30,9:55:55.063791949,T,TGT,F,100,93.48
2025-10-30,9:55:55.611832584,T,TGT,F I,9,93.53
2025-10-30,9:55:55.611832584,T,TGT,F I,10,93.53
2025-10-30,9:55:55.611967957,T,TGT,F I,14,93.54
2025-10-30,9:55:55.612764949,T,TGT,I,36,93.54
2025-10-30,9:55:55.612764949,T,TGT,I,28,93.55
2025-10-30,9:55:55.615305876,T,TGT,I,75,93.55
2025-10-30,9:55:59.724815101,T,TGT,,127,93.57
2025-10-30,9:55:59.724818137,T,TGT,I,33,93.57
2025-10-30,9:55:59.724869202,T,TGT,F I,20,93.58
2025-10-30,9:56:02.014542120,T,TGT,F I,20,93.67
2025-10-30,9:56:02.014542120,T,TGT,F,100,93.67
2025-10-30,9:56:02.014545158,T,TGT,F I,1,93.67
2025-10-30,9:56:02.014651081,T,TGT,F I,3,93.68
2025-10-30,9:56:02.014651081,T,TGT,F I,6,93.68
2025-10-30,9:56:02.014722530,T,TGT,F,200,93.69
2025-10-30,9:56:02.015222336,T,TGT,F I,1,93.69
2025-10-30,9:56:02.015230736,T,TGT,F I,1,93.69
2025-10-30,9:56:02.902930574,T,TGT,I,75,93.695
2025-10-30,9:56:05.411230252,T,TGT,F I,28,93.67
2025-10-30,9:56:05.411230252,T,TGT,F I,33,93.67
2025-10-30,9:56:05.411242792,T,TGT,F I,67,93.67
2025-10-30,9:56:06.507314625,T,TGT,F I,99,93.67
2025-10-30,9:56:06.507317573,T,TGT,F I,2,93.67
2025-10-30,9:56:06.507320601,T,TGT,F I,26,93.67
2025-10-30,9:56:06.507320601,T,TGT,F I,13,93.67
2025-10-30,9:56:06.507323623,T,TGT,F I,18,93.67
2025-10-30,9:56:06.996480957,T,TGT,F I,17,93.72
2025-10-30,9:56:06.996514049,T,TGT,F I,75,93.72
2025-10-30,9:56:06.997338035,T,TGT,I,8,93.72
2025-10-30,9:56:06.997341033,T,TGT,I,9,93.72
2025-10-30,9:56:07.226402705,T,TGT,F I,17,93.73
2025-10-30,9:56:07.502270982,T,TGT,I,10,93.73
2025-10-30,9:56:09.120074206,T,TGT,I,75,93.72
2025-10-30,9:56:09.120152324,T,TGT,I,41,93.72
2025-10-30,9:56:09.700354628,T,TGT,F I,10,93.62
2025-10-30,9:56:09.700354628,T,TGT,F I,25,93.62
2025-10-30,9:56:11.409383110,T,TGT,F I,28,93.64
2025-10-30,9:56:16.170917914,T,TGT,F I,50,93.64
2025-10-30,9:56:16.335202698,T,TGT,,100,93.62
2025-10-30,9:56:16.335202698,T,TGT,,100,93.62
2025-10-30,9:56:24.718036315,T,TGT,F I,10,93.62
2025-10-30,9:56:24.718039335,T,TGT,F I,11,93.62
2025-10-30,9:56:24.718042461,T,TGT,F I,18,93.62
2025-10-30,9:56:24.718042461,T,TGT,F I,10,93.62
2025-10-30,9:56:24.718045688,T,TGT,F I,10,93.62
2025-10-30,9:56:30.839010958,T,TGT,I,28,93.61
2025-10-30,9:56:30.839013820,T,TGT,I,2,93.61
2025-10-30,9:56:30.839065005,T,TGT,,100,93.6
2025-10-30,9:56:30.839067994,T,TGT,I,10,93.59
2025-10-30,9:56:30.839067994,T,TGT,I,71,93.59
2025-10-30,9:56:30.839083068,T,TGT,I,1,93.59
2025-10-30,9:56:30.839651382,T,TGT,I,28,93.59
2025-10-30,9:56:30.839654427,T,TGT,I,31,93.59
2025-10-30,9:56:30.839654427,T,TGT,I,41,93.59
2025-10-30,9:56:30.839675493,T,TGT,I,1,93.59
2025-10-30,9:56:30.986326719,T,TGT,I,58,93.59
2025-10-30,9:56:30.986326719,T,TGT,,100,93.59
2025-10-30,9:56:30.986346815,T,TGT,I,38,93.59
2025-10-30,9:56:30.986509266,T,TGT,,100,93.61
2025-10-30,9:56:30.986509266,T,TGT,,100,93.61
2025-10-30,9:56:30.986554396,T,TGT,F I,27,93.62
2025-10-30,9:56:30.986557369,T,TGT,F I,10,93.62
2025-10-30,9:56:30.986605475,T,TGT,F I,46,93.63
2025-10-30,9:56:30.986605475,T,TGT,F I,20,93.63
2025-10-30,9:56:30.986638571,T,TGT,,100,93.63
2025-10-30,9:56:30.986960396,T,TGT,F,100,93.62
2025-10-30,9:56:30.987360494,T,TGT,,100,93.615
2025-10-30,9:56:30.987363299,T,TGT,I,75,93.62
2025-10-30,9:56:30.987363299,T,TGT,,100,93.62
2025-10-30,9:56:30.987366561,T,TGT,I,11,93.62
2025-10-30,9:56:30.987366561,T,TGT,,225,93.62
2025-10-30,9:56:30.987369251,T,TGT,I,44,93.62
2025-10-30,9:56:30.987381710,T,TGT,F,191,93.62
2025-10-30,9:56:30.987408466,T,TGT,F,100,93.62
2025-10-30,9:56:31.010759043,T,TGT,F I,42,93.63
2025-10-30,9:56:31.011104852,T,TGT,F I,4,93.63
2025-10-30,9:56:31.011128907,T,TGT,F I,5,93.63
2025-10-30,9:56:31.011405604,T,TGT,I,9,93.62
2025-10-30,9:56:31.011405604,T,TGT,I,12,93.62
2025-10-30,9:56:31.011456960,T,TGT,F I,9,93.63
2025-10-30,9:56:31.011465699,T,TGT,F I,2,93.63
2025-10-30,9:56:31.057066325,T,TGT,I,18,93.62
2025-10-30,9:56:31.057105370,T,TGT,I,18,93.63
2025-10-30,9:56:31.527067952,T,TGT,F,100,93.6
2025-10-30,9:56:31.527071043,T,TGT,F I,17,93.6
2025-10-30,9:56:36.626253111,T,TGT,F I,75,93.615
2025-10-30,9:56:36.626304246,T,TGT,I,75,93.615
2025-10-30,9:56:42.793778394,T,TGT,I,28,93.61
2025-10-30,9:56:42.793781468,T,TGT,I,30,93.61
2025-10-30,9:56:43.750835542,T,TGT,F I,27,93.61
2025-10-30,9:56:52.956814548,T,TGT,F I,31,93.66
2025-10-30,9:56:53.457110459,T,TGT,F I,19,93.71
2025-10-30,9:56:53.457137925,T,TGT,F I,50,93.71
2025-10-30,9:56:53.457164586,T,TGT,F I,7,93.71
2025-10-30,9:57:02.922679971,T,TGT,F I,1,93.75
2025-10-30,9:57:02.922679971,T,TGT,F I,19,93.75
2025-10-30,9:57:02.922685719,T,TGT,F I,10,93.75
2025-10-30,9:57:02.922685719,T,TGT,F I,1,93.75
2025-10-30,9:57:11.295734503,T,TGT,F I,75,93.78
2025-10-30,9:57:11.295893843,T,TGT,F I,25,93.78
2025-10-30,9:57:13.036007451,T,TGT,F I,24,93.77
2025-10-30,9:57:14.159995433,T,TGT,F I,25,93.76
2025-10-30,9:57:14.159995433,T,TGT,F I,24,93.76
2025-10-30,9:57:25.612211642,T,TGT,I,14,93.745
2025-10-30,9:57:27.212717584,T,TGT,F I,75,93.71
2025-10-30,9:57:27.212846868,T,TGT,F I,25,93.71
2025-10-30,9:57:30.799957722,T,TGT,F I,1,93.7
2025-10-30,9:57:30.799978746,T,TGT,I,1,93.7
2025-10-30,9:57:34.555021721,T,TGT,F I,24,93.69
2025-10-30,9:57:34.564497228,T,TGT,F I,46,93.68
2025-10-30,9:57:34.564500281,T,TGT,F I,11,93.68
2025-10-30,9:57:34.564680695,T,TGT,F I,20,93.67
2025-10-30,9:57:37.481446428,T,TGT,I,2,93.68
2025-10-30,9:57:45.120440391,T,TGT,F I,11,93.68
2025-10-30,9:57:45.120729100,T,TGT,F I,12,93.68
2025-10-30,9:57:49.685721548,T,TGT,I,75,93.66
2025-10-30,9:57:49.685721548,T,TGT,I,25,93.66
2025-10-30,9:57:55.325594869,T,TGT,I,75,93.665
2025-10-30,9:57:55.325643056,T,TGT,I,75,93.665
2025-10-30,9:57:55.652212007,T,TGT,F I,10,93.66
2025-10-30,9:57:56.019564720,T,TGT,F I,10,93.62
2025-10-30,9:57:56.019567273,T,TGT,F I,2,93.62
2025-10-30,9:57:56.019567273,T,TGT,F I,54,93.62
2025-10-30,9:57:56.019585315,T,TGT,F I,2,93.62
2025-10-30,9:57:56.019588461,T,TGT,I,19,93.62
2025-10-30,9:57:56.019588461,T,TGT,I,47,93.62
2025-10-30,9:57:56.285042675,T,TGT,F,100,93.61
2025-10-30,9:57:56.285096810,T,TGT,F I,2,93.6
2025-10-30,9:57:56.285099746,T,TGT,F I,9,93.6
2025-10-30,9:57:56.285815554,T,TGT,F I,5,93.6
2025-10-30,9:57:56.285815554,T,TGT,F I,10,93.6
2025-10-30,9:57:56.867948278,T,TGT,I,30,93.6
2025-10-30,9:58:03.334259475,T,TGT,F I,52,93.64
2025-10-30,9:58:03.334268770,T,TGT,F I,18,93.64
2025-10-30,9:58:03.334271534,T,TGT,F I,5,93.64
2025-10-30,9:58:03.334271534,T,TGT,F I,1,93.64
2025-10-30,9:58:03.334436946,T,TGT,F I,1,93.65
2025-10-30,9:58:04.937180197,T,TGT,F I,5,93.7
2025-10-30,9:58:04.937183245,T,TGT,F I,40,93.7
2025-10-30,9:58:06.131809504,T,TGT,F I,5,93.73
2025-10-30,9:58:06.131809504,T,TGT,F I,13,93.73
2025-10-30,9:58:06.132110070,T,TGT,I,33,93.73
2025-10-30,9:58:06.132224345,T,TGT,I,33,93.74
2025-10-30,9:58:06.132588387,T,TGT,F I,34,93.74
2025-10-30,9:58:06.132864783,T,TGT,,100,93.71
2025-10-30,9:58:06.133090473,T,TGT,I,10,93.71
2025-10-30,9:58:07.221981461,T,TGT,I,23,93.75
2025-10-30,9:58:19.458382396,T,TGT,F I,75,93.69
2025-10-30,9:58:19.458511691,T,TGT,I,25,93.69
2025-10-30,9:58:20.294446254,T,TGT,F,100,93.68
2025-10-30,9:58:20.294446254,T,TGT,F I,2,93.68
2025-10-30,9:58:20.294449162,T,TGT,F I,98,93.68
2025-10-30,9:58:20.294846195,T,TGT,F,100,93.67
2025-10-30,9:58:24.337475976,T,TGT,I,75,93.655
2025-10-30,9:58:25.094295077,T,TGT,F I,75,93.65
2025-10-30,9:58:25.094340166,T,TGT,F I,25,93.65
2025-10-30,9:58:25.996772054,T,TGT,F I,22,93.66
2025-10-30,9:58:25.996772054,T,TGT,F I,41,93.66
2025-10-30,9:58:30.958271423,T,TGT,F I,27,93.69
2025-10-30,9:58:30.958298895,T,TGT,F I,14,93.7
2025-10-30,9:58:30.958307906,T,TGT,I,34,93.7
2025-10-30,9:58:30.958310531,T,TGT,I,13,93.7
2025-10-30,9:58:30.958310531,T,TGT,I,10,93.7
2025-10-30,9:58:30.958313404,T,TGT,I,17,93.71
2025-10-30,9:58:30.958313404,T,TGT,I,5,93.71
2025-10-30,9:58:30.958316418,T,TGT,I,10,93.71
2025-10-30,9:58:31.234382952,T,TGT,F I,52,93.74
2025-10-30,9:58:46.340658557,T,TGT,F I,12,93.75
2025-10-30,9:58:46.340661560,T,TGT,F I,51,93.75
2025-10-30,9:58:46.340664605,T,TGT,F I,5,93.75
2025-10-30,9:58:46.341290283,T,TGT,F I,12,93.76
2025-10-30,9:58:46.341539659,T,TGT,I,34,93.75
2025-10-30,9:58:46.341578939,T,TGT,I,58,93.75
2025-10-30,9:58:49.972705352,T,TGT,F I,50,93.74
2025-10-30,9:59:01.211695879,T,TGT,I,75,93.705
2025-10-30,9:59:01.211750288,T,TGT,I,25,93.705
2025-10-30,9:59:02.631522630,T,TGT,,100,93.68
2025-10-30,9:59:02.631540532,T,TGT,I,1,93.68
2025-10-30,9:59:02.631540532,T,TGT,I,76,93.68
2025-10-30,9:59:02.631555569,T,TGT,F I,23,93.68
2025-10-30,9:59:02.632929834,T,TGT,F,100,93.67
2025-10-30,9:59:02.632941887,T,TGT,F,100,93.67
2025-10-30,9:59:02.633474137,T,TGT,I,1,93.65
2025-10-30,9:59:04.221378124,T,TGT,F I,20,93.66
2025-10-30,9:59:04.221378124,T,TGT,F I,2,93.66
2025-10-30,9:59:04.221380388,T,TGT,F I,1,93.66
2025-10-30,9:59:04.221458271,T,TGT,F I,2,93.66
2025-10-30,9:59:04.222180062,T,TGT,F I,5,93.67
2025-10-30,9:59:10.004409537,T,TGT,F I,5,93.68
2025-10-30,9:59:10.010965172,T,TGT,F I,50,93.69
2025-10-30,9:59:10.010968108,T,TGT,F I,16,93.69
2025-10-30,9:59:10.027711981,T,TGT,F I,7,93.7
2025-10-30,9:59:12.654292534,T,TGT,F I,75,93.72
2025-10-30,9:59:16.381146854,T,TGT,F I,12,93.73
2025-10-30,9:59:16.381149248,T,TGT,F I,21,93.73
2025-10-30,9:59:16.381152326,T,TGT,F I,1,93.73
2025-10-30,9:59:16.381230517,T,TGT,F I,16,93.73
2025-10-30,9:59:16.381260610,T,TGT,I,6,93.74
