DATE,TIME_M,EX,SYM_ROOT,TR_SCOND,SIZE,PRICE
2025-12-31,9:30:01.090491085,T,TGT,,100,97.34
2025-12-31,9:30:01.090626332,T,TGT,Q,100,97.34
2025-12-31,9:30:02.747690921,T,TGT,I,1,97.36
2025-12-31,9:30:10.397588806,T,TGT,I,25,97.35
2025-12-31,9:30:10.397588806,T,TGT,I,10,97.35
2025-12-31,9:30:10.397591469,T,TGT,I,25,97.35
2025-12-31,9:30:10.397594784,T,TGT,I,7,97.35
2025-12-31,9:30:10.397597495,T,TGT,I,7,97.35
2025-12-31,9:30:15.421982929,T,TGT,I,16,97.4
2025-12-31,9:30:15.421985432,T,TGT,I,15,97.4
2025-12-31,9:30:15.421988123,T,TGT,I,1,97.4
2025-12-31,9:30:17.450296329,T,TGT,I,20,97.4
2025-12-31,9:30:17.450299435,T,TGT,I,12,97.4
2025-12-31,9:30:18.944447765,T,TGT,I,28,97.41
2025-12-31,9:30:18.944450783,T,TGT,I,4,97.41
2025-12-31,9:30:19.010536229,T,TGT,,100,97.42
2025-12-31,9:30:45.480469038,T,TGT,I,3,97.28
2025-12-31,9:30:45.616747646,T,TGT,I,2,97.27
2025-12-31,9:31:01.246079754,T,TGT,F I,2,97.34
2025-12-31,9:31:07.396148111,T,TGT,I,1,97.335
2025-12-31,9:31:09.250739244,T,TGT,,100,97.26
2025-12-31,9:31:09.250741279,T,TGT,,100,97.25
2025-12-31,9:31:09.250756296,T,TGT,F,100,97.25
2025-12-31,9:31:09.250759410,T,TGT,I,1,97.25
2025-12-31,9:31:09.250759410,T,TGT,F I,99,97.25
2025-12-31,9:31:09.250762423,T,TGT,F I,1,97.25
2025-12-31,9:31:09.250765730,T,TGT,I,99,97.25
2025-12-31,9:31:09.250765730,T,TGT,I,1,97.25
2025-12-31,9:31:09.250771420,T,TGT,I,99,97.25
2025-12-31,9:31:09.250771420,T,TGT,I,1,97.25
2025-12-31,9:31:09.251228508,T,TGT,F I,50,97.25
2025-12-31,9:31:09.251439092,T,TGT,F I,49,97.25
2025-12-31,9:31:09.251441952,T,TGT,F I,1,97.25
2025-12-31,9:31:09.251757733,T,TGT,F I,50,97.25
2025-12-31,9:31:09.253243276,T,TGT,I,49,97.25
2025-12-31,9:31:09.253246248,T,TGT,,100,97.25
2025-12-31,9:31:15.298346596,T,TGT,I,31,97.25
2025-12-31,9:31:15.298349614,T,TGT,I,18,97.25
2025-12-31,9:31:15.304427076,T,TGT,I,1,97.29
2025-12-31,9:31:17.942398551,T,TGT,I,2,97.255
2025-12-31,9:31:20.511322604,T,TGT,I,47,97.29
2025-12-31,9:31:20.511322604,T,TGT,I,5,97.29
2025-12-31,9:31:21.827940144,T,TGT,I,52,97.29
2025-12-31,9:31:26.018711869,T,TGT,I,2,97.25
2025-12-31,9:31:29.991163567,T,TGT,F,100,97.2
2025-12-31,9:31:29.991186147,T,TGT,I,1,97.2
2025-12-31,9:31:29.991200878,T,TGT,F I,99,97.2
2025-12-31,9:31:29.991200878,T,TGT,F I,1,97.2
2025-12-31,9:31:29.991202757,T,TGT,F I,99,97.2
2025-12-31,9:31:29.991205653,T,TGT,I,99,97.2
2025-12-31,9:31:29.991223728,T,TGT,I,1,97.2
2025-12-31,9:31:29.991226821,T,TGT,I,98,97.2
2025-12-31,9:31:29.993247518,T,TGT,F I,2,97.2
2025-12-31,9:31:29.993250611,T,TGT,F I,2,97.2
2025-12-31,9:31:29.993259531,T,TGT,F I,2,97.2
2025-12-31,9:31:29.993262533,T,TGT,F I,2,97.2
2025-12-31,9:31:29.993274648,T,TGT,I,94,97.2
2025-12-31,9:31:29.993274648,T,TGT,I,6,97.2
2025-12-31,9:31:29.993307753,T,TGT,I,2,97.2
2025-12-31,9:31:29.993455010,T,TGT,F I,2,97.2
2025-12-31,9:31:29.993515173,T,TGT,F I,2,97.2
2025-12-31,9:31:29.995241330,T,TGT,I,88,97.2
2025-12-31,9:31:30.576580312,T,TGT,I,12,97.22
2025-12-31,9:31:37.429140369,T,TGT,I,45,97.23
2025-12-31,9:31:37.429143283,T,TGT,I,8,97.23
2025-12-31,9:31:37.503348040,T,TGT,I,48,97.28
2025-12-31,9:31:37.503351081,T,TGT,I,5,97.28
2025-12-31,9:31:38.994498776,T,TGT,I,48,97.28
2025-12-31,9:31:38.994498776,T,TGT,I,5,97.28
2025-12-31,9:31:38.994501522,T,TGT,I,47,97.28
2025-12-31,9:31:40.142020227,T,TGT,I,49,97.28
2025-12-31,9:31:40.142020227,T,TGT,I,4,97.28
2025-12-31,9:31:42.369535165,T,TGT,I,50,97.28
2025-12-31,9:31:42.369535165,T,TGT,I,3,97.28
2025-12-31,9:31:42.386311863,T,TGT,F I,7,97.29
2025-12-31,9:31:42.386317870,T,TGT,F,100,97.29
2025-12-31,9:31:53.169770520,T,TGT,F I,1,97.28
2025-12-31,9:32:20.997272600,T,TGT,,100,97.35
2025-12-31,9:32:23.379247098,T,TGT,,100,97.36
2025-12-31,9:32:23.379250166,T,TGT,I,20,97.36
2025-12-31,9:32:35.505693010,T,TGT,F I,6,97.39
2025-12-31,9:33:34.266150517,T,TGT,F,239,97.43
2025-12-31,9:33:34.266153549,T,TGT,F I,57,97.43
2025-12-31,9:33:34.266193017,T,TGT,F I,51,97.43
2025-12-31,9:33:34.266195668,T,TGT,F I,1,97.43
2025-12-31,9:33:34.266445260,T,TGT,F,100,97.43
2025-12-31,9:33:34.266445260,T,TGT,F,200,97.44
2025-12-31,9:33:34.266448286,T,TGT,F I,7,97.44
2025-12-31,9:33:34.266947479,T,TGT,,100,97.43
2025-12-31,9:33:34.266950775,T,TGT,,100,97.43
2025-12-31,9:33:34.266953511,T,TGT,F I,1,97.43
2025-12-31,9:33:34.266968634,T,TGT,,100,97.44
2025-12-31,9:33:34.267127874,T,TGT,I,3,97.45
2025-12-31,9:33:34.267133846,T,TGT,I,12,97.45
2025-12-31,9:33:34.267209062,T,TGT,F I,38,97.43
2025-12-31,9:33:34.267405167,T,TGT,F I,18,97.43
2025-12-31,9:33:34.267407502,T,TGT,,100,97.44
2025-12-31,9:33:34.267444067,T,TGT,I,38,97.43
2025-12-31,9:33:34.267458883,T,TGT,I,62,97.43
2025-12-31,9:33:34.267458883,T,TGT,I,38,97.43
2025-12-31,9:33:34.267609001,T,TGT,F,100,97.45
2025-12-31,9:33:34.267886391,T,TGT,F I,27,97.44
2025-12-31,9:33:34.267909994,T,TGT,F I,50,97.44
2025-12-31,9:33:34.267909994,T,TGT,I,23,97.44
2025-12-31,9:33:34.806610024,T,TGT,F I,41,97.46
2025-12-31,9:33:36.665091547,T,TGT,I,20,97.45
2025-12-31,9:33:37.790370458,T,TGT,I,89,97.5
2025-12-31,9:33:37.790370458,T,TGT,I,20,97.5
2025-12-31,9:33:37.790375756,T,TGT,I,5,97.5
2025-12-31,9:33:37.790375756,T,TGT,I,10,97.5
2025-12-31,9:33:37.790375756,T,TGT,I,22,97.5
2025-12-31,9:33:37.790380090,T,TGT,I,10,97.5
2025-12-31,9:33:37.790384238,T,TGT,,100,97.5
2025-12-31,9:33:37.790384238,T,TGT,,100,97.5
2025-12-31,9:33:38.656459550,T,TGT,F I,25,97.57
2025-12-31,9:33:42.364779934,T,TGT,I,25,97.55
2025-12-31,9:33:42.383228936,T,TGT,,100,97.545
2025-12-31,9:33:52.924818484,T,TGT,F I,8,97.59
2025-12-31,9:33:52.924818484,T,TGT,F I,25,97.59
2025-12-31,9:33:52.924821337,T,TGT,F I,67,97.59
2025-12-31,9:34:04.778003266,T,TGT,I,1,97.555
2025-12-31,9:34:40.304741237,T,TGT,,100,97.59
2025-12-31,9:34:40.304744147,T,TGT,I,49,97.6
2025-12-31,9:34:40.304747249,T,TGT,,400,97.6
2025-12-31,9:34:40.304750387,T,TGT,I,5,97.6
2025-12-31,9:34:40.304753755,T,TGT,F I,95,97.6
2025-12-31,9:34:40.304753755,T,TGT,F I,5,97.6
2025-12-31,9:34:40.305174280,T,TGT,F I,59,97.61
2025-12-31,9:34:40.305180259,T,TGT,F I,59,97.61
2025-12-31,9:34:40.305315522,T,TGT,,1342,97.61
2025-12-31,9:34:40.305480928,T,TGT,F,100,97.61
2025-12-31,9:34:40.319079338,T,TGT,,100,97.63
2025-12-31,9:34:40.319101139,T,TGT,I,28,97.63
2025-12-31,9:34:40.319106549,T,TGT,F I,12,97.63
2025-12-31,9:34:40.319106549,T,TGT,F I,28,97.63
2025-12-31,9:34:40.319106549,T,TGT,I,1,97.63
2025-12-31,9:34:40.319115488,T,TGT,F I,40,97.63
2025-12-31,9:34:40.319133470,T,TGT,F I,31,97.63
2025-12-31,9:34:40.319182188,T,TGT,,100,97.64
2025-12-31,9:34:40.319203193,T,TGT,I,1,97.64
2025-12-31,9:34:40.319419197,T,TGT,F I,60,97.65
2025-12-31,9:34:40.319602618,T,TGT,,100,97.65
2025-12-31,9:34:49.206945224,T,TGT,,100,97.605
2025-12-31,9:35:01.962318784,T,TGT,F,100,97.66
2025-12-31,9:35:01.963362336,T,TGT,F I,2,97.7
2025-12-31,9:35:01.963429271,T,TGT,F I,10,97.71
2025-12-31,9:35:01.987383490,T,TGT,I,51,97.66
2025-12-31,9:35:02.018468551,T,TGT,,100,97.645
2025-12-31,9:35:02.450011650,T,TGT,,100,97.645
2025-12-31,9:35:12.801064155,T,TGT,,100,97.58
2025-12-31,9:35:12.808789522,T,TGT,F I,25,97.59
2025-12-31,9:35:12.816217209,T,TGT,,100,97.64
2025-12-31,9:35:41.719640465,T,TGT,,100,97.655
2025-12-31,9:35:41.719640465,T,TGT,I,64,97.63
2025-12-31,9:35:41.719644428,T,TGT,I,8,97.63
2025-12-31,9:35:41.719644428,T,TGT,I,26,97.63
2025-12-31,9:35:41.719646467,T,TGT,I,2,97.63
2025-12-31,9:35:46.443380802,T,TGT,F,100,97.63
2025-12-31,9:35:46.443383821,T,TGT,F,100,97.63
2025-12-31,9:35:46.443386879,T,TGT,F,100,97.62
2025-12-31,9:35:46.443404871,T,TGT,I,60,97.62
2025-12-31,9:35:46.443404871,T,TGT,I,1,97.62
2025-12-31,9:35:46.443411055,T,TGT,F I,39,97.62
2025-12-31,9:35:46.443417106,T,TGT,F,100,97.62
2025-12-31,9:35:46.443417106,T,TGT,F I,57,97.62
2025-12-31,9:35:46.443417106,T,TGT,F I,4,97.62
2025-12-31,9:35:46.443419991,T,TGT,F I,12,97.62
2025-12-31,9:35:46.443424066,T,TGT,F,188,97.62
2025-12-31,9:35:46.443424066,T,TGT,,100,97.62
2025-12-31,9:35:46.443425957,T,TGT,,100,97.62
2025-12-31,9:35:46.443447454,T,TGT,I,51,97.62
2025-12-31,9:35:46.443450068,T,TGT,F,100,97.63
2025-12-31,9:35:46.443456073,T,TGT,I,25,97.62
2025-12-31,9:35:46.443471246,T,TGT,I,1,97.62
2025-12-31,9:35:46.443474168,T,TGT,F I,99,97.62
2025-12-31,9:35:46.443474168,T,TGT,F I,1,97.62
2025-12-31,9:35:46.443480719,T,TGT,I,24,97.62
2025-12-31,9:35:46.443495170,T,TGT,F I,24,97.63
2025-12-31,9:35:46.443504161,T,TGT,F I,76,97.63
2025-12-31,9:35:46.443510179,T,TGT,I,76,97.62
2025-12-31,9:35:46.443934225,T,TGT,F I,18,97.62
2025-12-31,9:35:46.444400611,T,TGT,F I,8,97.62
2025-12-31,9:35:46.444403368,T,TGT,F I,8,97.62
2025-12-31,9:35:46.444406339,T,TGT,F I,4,97.62
2025-12-31,9:35:46.444520700,T,TGT,,100,97.62
2025-12-31,9:35:46.444523634,T,TGT,,100,97.62
2025-12-31,9:35:46.444809238,T,TGT,F,100,97.63
2025-12-31,9:35:46.444812881,T,TGT,F I,10,97.63
2025-12-31,9:35:46.445425739,T,TGT,F I,65,97.63
2025-12-31,9:35:46.445425739,T,TGT,F I,2,97.63
2025-12-31,9:35:46.461210269,T,TGT,I,2,97.62
2025-12-31,9:35:46.890600320,T,TGT,,100,97.65
2025-12-31,9:35:46.890618273,T,TGT,F I,10,97.65
2025-12-31,9:36:03.231291918,T,TGT,I,40,97.645
2025-12-31,9:36:07.455398048,T,TGT,I,1,97.645
2025-12-31,9:36:10.822026566,T,TGT,I,67,97.61
2025-12-31,9:36:10.822026566,T,TGT,I,5,97.61
2025-12-31,9:36:10.822029494,T,TGT,,128,97.61
2025-12-31,9:36:10.822327880,T,TGT,F I,72,97.61
2025-12-31,9:36:10.822330393,T,TGT,F,100,97.6
2025-12-31,9:36:10.822333353,T,TGT,F I,28,97.6
2025-12-31,9:36:10.822351495,T,TGT,I,1,97.6
2025-12-31,9:36:10.822591834,T,TGT,I,71,97.6
2025-12-31,9:36:10.822594841,T,TGT,I,29,97.6
2025-12-31,9:36:10.822636956,T,TGT,I,71,97.6
2025-12-31,9:36:10.822636956,T,TGT,,100,97.6
2025-12-31,9:36:11.360558442,T,TGT,,100,97.6
2025-12-31,9:36:11.361019294,T,TGT,F,100,97.57
2025-12-31,9:36:11.361021522,T,TGT,F I,16,97.57
2025-12-31,9:36:11.361036566,T,TGT,F,100,97.56
2025-12-31,9:36:11.361039747,T,TGT,F I,16,97.56
2025-12-31,9:36:11.361069673,T,TGT,F,100,97.56
2025-12-31,9:36:11.361090691,T,TGT,F,100,97.56
2025-12-31,9:36:11.361093764,T,TGT,F,100,97.56
2025-12-31,9:36:11.361099675,T,TGT,F,100,97.56
2025-12-31,9:36:11.361117762,T,TGT,F,100,97.56
2025-12-31,9:36:11.361235097,T,TGT,I,69,97.56
2025-12-31,9:36:11.361250131,T,TGT,F I,31,97.56
2025-12-31,9:36:19.844549971,T,TGT,F I,40,97.58
2025-12-31,9:36:19.844553141,T,TGT,F I,10,97.58
2025-12-31,9:36:19.845160703,T,TGT,F I,10,97.62
2025-12-31,9:36:19.845235610,T,TGT,F I,40,97.62
2025-12-31,9:36:19.845268765,T,TGT,,100,97.63
2025-12-31,9:36:19.845614626,T,TGT,I,1,97.63
2025-12-31,9:36:19.845822247,T,TGT,I,10,97.64
2025-12-31,9:36:19.845861104,T,TGT,F I,35,97.64
2025-12-31,9:36:19.845897573,T,TGT,F I,34,97.64
2025-12-31,9:36:19.845900225,T,TGT,F I,69,97.64
2025-12-31,9:36:19.845900225,T,TGT,F,100,97.64
2025-12-31,9:36:19.845984404,T,TGT,F I,99,97.63
2025-12-31,9:36:19.845984404,T,TGT,F I,16,97.63
2025-12-31,9:36:20.255908981,T,TGT,I,25,97.67
2025-12-31,9:36:20.264085499,T,TGT,F I,45,97.67
2025-12-31,9:36:20.264085499,T,TGT,F I,2,97.67
2025-12-31,9:36:20.948603256,T,TGT,I,70,97.67
2025-12-31,9:36:20.948606203,T,TGT,I,2,97.67
2025-12-31,9:36:21.004088453,T,TGT,I,70,97.67
2025-12-31,9:36:21.059185754,T,TGT,I,70,97.67
2025-12-31,9:36:21.113038049,T,TGT,I,43,97.67
2025-12-31,9:36:21.113065083,T,TGT,F I,27,97.67
2025-12-31,9:36:21.193516097,T,TGT,I,70,97.67
2025-12-31,9:36:21.193516097,T,TGT,I,2,97.67
2025-12-31,9:36:21.193795365,T,TGT,F I,10,97.69
2025-12-31,9:36:21.551903542,T,TGT,I,47,97.72
2025-12-31,9:36:21.883335200,T,TGT,I,32,97.72
2025-12-31,9:36:21.883335200,T,TGT,I,17,97.72
2025-12-31,9:36:27.339492068,T,TGT,F,200,97.73
2025-12-31,9:36:27.339492068,T,TGT,F I,30,97.73
2025-12-31,9:36:27.339495002,T,TGT,F I,70,97.73
2025-12-31,9:36:27.339498069,T,TGT,F,100,97.73
2025-12-31,9:36:27.339498069,T,TGT,F,100,97.73
2025-12-31,9:36:27.339557513,T,TGT,I,15,97.75
2025-12-31,9:36:27.339572622,T,TGT,F I,15,97.75
2025-12-31,9:36:27.339602698,T,TGT,F I,85,97.75
2025-12-31,9:36:29.478688691,T,TGT,I,25,97.75
2025-12-31,9:36:29.478688691,T,TGT,I,75,97.77
2025-12-31,9:36:46.871806595,T,TGT,I,2,97.725
2025-12-31,9:36:49.442180049,T,TGT,I,10,97.77
2025-12-31,9:36:49.442180049,T,TGT,I,1,97.77
2025-12-31,9:36:49.442198163,T,TGT,F I,99,97.77
2025-12-31,9:36:49.442201153,T,TGT,F,100,97.77
2025-12-31,9:36:49.443371028,T,TGT,,100,97.8
2025-12-31,9:36:49.443371028,T,TGT,,100,97.8
2025-12-31,9:36:55.147618209,T,TGT,I,18,97.83
2025-12-31,9:36:55.348250173,T,TGT,,100,97.84
2025-12-31,9:36:55.348250173,T,TGT,I,45,97.84
2025-12-31,9:36:55.348268253,T,TGT,F I,55,97.84
2025-12-31,9:36:55.348349429,T,TGT,I,2,97.85
2025-12-31,9:36:55.352282793,T,TGT,I,2,97.865
2025-12-31,9:36:56.288641573,T,TGT,I,1,97.86
2025-12-31,9:37:04.196944553,T,TGT,,100,97.855
2025-12-31,9:37:04.993497628,T,TGT,I,25,97.81
2025-12-31,9:37:04.993497628,T,TGT,,100,97.8
2025-12-31,9:37:04.993500263,T,TGT,I,77,97.79
2025-12-31,9:37:04.993578375,T,TGT,F I,23,97.79
2025-12-31,9:37:04.993578375,T,TGT,F I,2,97.79
2025-12-31,9:37:04.994048072,T,TGT,F I,69,97.79
2025-12-31,9:37:04.994048072,T,TGT,F,100,97.78
2025-12-31,9:37:04.994050529,T,TGT,F I,33,97.78
2025-12-31,9:37:04.994071956,T,TGT,F I,67,97.78
2025-12-31,9:37:04.994071956,T,TGT,F I,2,97.78
2025-12-31,9:37:04.994077560,T,TGT,F I,33,97.78
2025-12-31,9:37:04.994077560,T,TGT,I,1,97.78
2025-12-31,9:37:04.994095695,T,TGT,F I,66,97.78
2025-12-31,9:37:04.994095695,T,TGT,F I,1,97.78
2025-12-31,9:37:04.994119917,T,TGT,I,99,97.78
2025-12-31,9:37:04.994119917,T,TGT,,100,97.78
2025-12-31,9:37:04.994122720,T,TGT,,100,97.78
2025-12-31,9:37:04.994125727,T,TGT,,100,97.78
2025-12-31,9:37:04.995758597,T,TGT,,100,97.785
2025-12-31,9:37:10.020943107,T,TGT,,100,97.84
2025-12-31,9:37:11.212408592,T,TGT,I,25,97.85
2025-12-31,9:37:27.548590167,T,TGT,F,100,97.77
2025-12-31,9:37:27.548590167,T,TGT,F,100,97.77
2025-12-31,9:37:27.548595598,T,TGT,F,100,97.77
2025-12-31,9:37:27.548608866,T,TGT,F,100,97.77
2025-12-31,9:37:27.548608866,T,TGT,F,100,97.77
2025-12-31,9:37:27.548613768,T,TGT,I,60,97.77
2025-12-31,9:37:27.548613768,T,TGT,I,1,97.77
2025-12-31,9:37:27.548617134,T,TGT,F I,25,97.77
2025-12-31,9:37:27.548643775,T,TGT,,100,97.77
2025-12-31,9:37:27.548643775,T,TGT,I,37,97.77
2025-12-31,9:37:27.548649813,T,TGT,I,77,97.77
2025-12-31,9:37:27.548701120,T,TGT,F,100,97.76
2025-12-31,9:37:27.548743009,T,TGT,F,100,97.76
2025-12-31,9:37:27.548761041,T,TGT,I,45,97.78
2025-12-31,9:37:27.549088775,T,TGT,F I,4,97.76
2025-12-31,9:37:27.549109865,T,TGT,F I,12,97.76
2025-12-31,9:37:27.549124935,T,TGT,I,12,97.76
2025-12-31,9:37:27.549124935,T,TGT,I,12,97.76
2025-12-31,9:37:27.549133944,T,TGT,F I,13,97.76
2025-12-31,9:37:27.549151960,T,TGT,F I,8,97.76
2025-12-31,9:37:27.549161075,T,TGT,F I,8,97.76
2025-12-31,9:37:27.549170029,T,TGT,I,59,97.76
2025-12-31,9:37:27.549459593,T,TGT,I,8,97.77
2025-12-31,9:37:27.549459593,T,TGT,I,4,97.77
2025-12-31,9:37:27.549512843,T,TGT,F I,12,97.77
2025-12-31,9:37:27.553365643,T,TGT,F I,8,97.77
2025-12-31,9:37:27.553365643,T,TGT,F I,20,97.77
2025-12-31,9:37:27.553368137,T,TGT,F I,55,97.78
2025-12-31,9:37:27.553368137,T,TGT,F I,68,97.78
2025-12-31,9:37:27.553371002,T,TGT,F I,22,97.78
2025-12-31,9:37:27.553960413,T,TGT,,100,97.79
2025-12-31,9:37:29.803157314,T,TGT,F,100,97.77
2025-12-31,9:37:29.803174821,T,TGT,I,1,97.77
2025-12-31,9:37:29.803189756,T,TGT,F I,99,97.77
2025-12-31,9:37:29.803192769,T,TGT,F I,1,97.77
2025-12-31,9:37:29.803205084,T,TGT,F I,99,97.77
2025-12-31,9:37:29.803210920,T,TGT,I,99,97.77
2025-12-31,9:37:29.803213877,T,TGT,F I,1,97.77
2025-12-31,9:37:29.803213877,T,TGT,F I,99,97.77
2025-12-31,9:37:29.803219823,T,TGT,F I,1,97.77
2025-12-31,9:37:51.221258523,T,TGT,F,100,97.7
2025-12-31,9:37:51.228102876,T,TGT,F I,50,97.67
2025-12-31,9:37:51.228150956,T,TGT,F I,50,97.67
2025-12-31,9:37:52.371594994,T,TGT,I,3,97.69
2025-12-31,9:38:24.067954931,T,TGT,I,30,97.695
2025-12-31,9:38:24.067957909,T,TGT,,170,97.695
2025-12-31,9:38:27.512721529,T,TGT,I,1,97.695
2025-12-31,9:38:30.591404906,T,TGT,,100,97.65
2025-12-31,9:38:30.592174699,T,TGT,I,55,97.65
2025-12-31,9:38:30.592174699,T,TGT,I,9,97.65
2025-12-31,9:38:44.192010940,T,TGT,I,80,97.71
2025-12-31,9:38:44.192013920,T,TGT,I,45,97.73
2025-12-31,9:38:44.206282889,T,TGT,I,1,97.69
2025-12-31,9:38:44.206282889,T,TGT,I,1,97.69
2025-12-31,9:38:45.161424497,T,TGT,,100,97.74
2025-12-31,9:38:45.161424497,T,TGT,I,10,97.74
2025-12-31,9:38:45.161427299,T,TGT,I,15,97.74
2025-12-31,9:38:45.162570063,T,TGT,I,10,97.75
2025-12-31,9:38:45.162570063,T,TGT,I,38,97.75
2025-12-31,9:38:45.162615436,T,TGT,F I,43,97.73
2025-12-31,9:38:45.162630153,T,TGT,F,100,97.72
2025-12-31,9:38:45.164810382,T,TGT,,100,97.7
2025-12-31,9:38:45.164814066,T,TGT,,100,97.69
2025-12-31,9:38:45.164814066,T,TGT,I,28,97.69
2025-12-31,9:38:45.164819405,T,TGT,I,29,97.69
2025-12-31,9:38:45.164861610,T,TGT,F I,71,97.69
2025-12-31,9:38:45.164861610,T,TGT,F I,16,97.69
2025-12-31,9:38:45.164861610,T,TGT,I,84,97.69
2025-12-31,9:38:45.166232727,T,TGT,,100,97.7
2025-12-31,9:38:45.166250815,T,TGT,I,26,97.7
2025-12-31,9:38:45.166253797,T,TGT,F I,5,97.7
2025-12-31,9:38:45.166295969,T,TGT,F I,50,97.7
2025-12-31,9:38:45.166302869,T,TGT,F,100,97.7
2025-12-31,9:38:45.166304990,T,TGT,F,100,97.7
2025-12-31,9:38:45.166307942,T,TGT,F,100,97.7
2025-12-31,9:38:46.163369298,T,TGT,I,42,97.72
2025-12-31,9:38:46.163369298,T,TGT,I,28,97.72
2025-12-31,9:39:03.787731898,T,TGT,I,41,97.71
2025-12-31,9:39:03.787731898,T,TGT,I,59,97.69
2025-12-31,9:39:10.469575268,T,TGT,F I,40,97.74
2025-12-31,9:39:10.469578703,T,TGT,F I,1,97.74
2025-12-31,9:39:10.469581204,T,TGT,F I,10,97.74
2025-12-31,9:39:21.442085646,T,TGT,F I,2,97.75
2025-12-31,9:39:21.442088245,T,TGT,F I,37,97.75
2025-12-31,9:39:21.442554317,T,TGT,I,25,97.73
2025-12-31,9:39:25.476418887,T,TGT,I,37,97.76
2025-12-31,9:39:25.476421389,T,TGT,,100,97.76
2025-12-31,9:39:25.476424395,T,TGT,,200,97.76
2025-12-31,9:39:25.476424395,T,TGT,I,1,97.76
2025-12-31,9:39:25.476451415,T,TGT,F I,1,97.76
2025-12-31,9:39:25.476457436,T,TGT,F I,31,97.77
2025-12-31,9:39:25.476478494,T,TGT,F I,37,97.76
2025-12-31,9:39:25.682087302,T,TGT,,100,97.78
2025-12-31,9:39:25.682108422,T,TGT,F I,50,97.78
2025-12-31,9:39:26.680561978,T,TGT,F I,40,97.8
2025-12-31,9:39:26.680568389,T,TGT,F I,55,97.8
2025-12-31,9:39:26.680571050,T,TGT,F I,5,97.8
2025-12-31,9:39:26.680574273,T,TGT,F,295,97.8
2025-12-31,9:39:26.680574273,T,TGT,F I,11,97.8
2025-12-31,9:39:26.680577325,T,TGT,F I,20,97.8
2025-12-31,9:39:26.796903211,T,TGT,I,2,97.83
2025-12-31,9:39:26.796936274,T,TGT,I,18,97.83
2025-12-31,9:39:26.880793998,T,TGT,,100,97.82
2025-12-31,9:39:26.880797046,T,TGT,I,12,97.82
2025-12-31,9:39:39.934583646,T,TGT,I,60,97.78
2025-12-31,9:39:39.934583646,T,TGT,I,1,97.78
2025-12-31,9:39:39.934586539,T,TGT,I,1,97.78
2025-12-31,9:39:39.969836407,T,TGT,,100,97.8
2025-12-31,9:39:40.142982932,T,TGT,I,60,97.8
2025-12-31,9:39:40.142982932,T,TGT,I,40,97.8
2025-12-31,9:39:56.123211939,T,TGT,I,5,97.79
2025-12-31,9:39:56.575278904,T,TGT,F I,1,97.8
2025-12-31,9:39:56.576022232,T,TGT,F I,39,97.82
2025-12-31,9:39:56.576034111,T,TGT,I,61,97.82
2025-12-31,9:39:56.576036741,T,TGT,I,10,97.82
2025-12-31,9:39:56.594909740,T,TGT,I,8,97.82
2025-12-31,9:39:57.855918726,T,TGT,,100,97.82
2025-12-31,9:40:02.396640193,T,TGT,I,1,97.83
2025-12-31,9:40:05.450433265,T,TGT,F,110,97.83
2025-12-31,9:40:09.583085618,T,TGT,I,78,97.85
2025-12-31,9:40:09.583092435,T,TGT,I,26,97.85
2025-12-31,9:40:09.583092435,T,TGT,I,4,97.85
2025-12-31,9:40:37.953753431,T,TGT,I,4,97.865
2025-12-31,9:40:53.711467259,T,TGT,I,38,97.84
2025-12-31,9:40:53.712522781,T,TGT,I,62,97.84
2025-12-31,9:40:53.712526163,T,TGT,I,39,97.83
2025-12-31,9:40:53.712526163,T,TGT,I,41,97.83
2025-12-31,9:40:53.712535628,T,TGT,I,20,97.83
2025-12-31,9:40:53.712537833,T,TGT,I,1,97.83
2025-12-31,9:40:59.068182742,T,TGT,I,1,97.815
2025-12-31,9:41:01.956578778,T,TGT,I,56,97.84
2025-12-31,9:41:01.956582205,T,TGT,I,12,97.84
2025-12-31,9:41:01.956584869,T,TGT,I,12,97.84
2025-12-31,9:41:01.957327576,T,TGT,I,84,97.85
2025-12-31,9:41:01.957631338,T,TGT,I,30,97.855
2025-12-31,9:41:01.957631338,T,TGT,I,1,97.85
2025-12-31,9:41:01.957640321,T,TGT,I,99,97.85
2025-12-31,9:41:02.147103707,T,TGT,I,56,97.85
2025-12-31,9:41:03.919063144,T,TGT,I,55,97.85
2025-12-31,9:41:07.914862646,T,TGT,F I,10,97.89
2025-12-31,9:41:07.914865300,T,TGT,F I,8,97.9
2025-12-31,9:41:08.208027706,T,TGT,I,28,97.91
2025-12-31,9:41:08.252864525,T,TGT,I,20,97.92
2025-12-31,9:41:08.304202912,T,TGT,,100,97.93
2025-12-31,9:41:08.304205923,T,TGT,,100,97.93
2025-12-31,9:41:08.313275453,T,TGT,F I,45,97.94
2025-12-31,9:41:08.314003201,T,TGT,F I,1,97.95
2025-12-31,9:41:08.336069783,T,TGT,F I,16,97.96
2025-12-31,9:41:17.664701605,T,TGT,I,33,97.945
2025-12-31,9:41:17.665032383,T,TGT,F I,50,97.93
2025-12-31,9:41:17.665068425,T,TGT,F I,50,97.93
2025-12-31,9:41:22.530614791,T,TGT,F I,50,97.93
2025-12-31,9:41:22.530662904,T,TGT,F I,50,97.93
2025-12-31,9:41:27.844120351,T,TGT,F I,21,97.95
2025-12-31,9:41:27.845999987,T,TGT,F I,14,97.93
2025-12-31,9:41:27.846003234,T,TGT,F,100,97.93
2025-12-31,9:41:27.846006662,T,TGT,F I,9,97.93
2025-12-31,9:41:27.846006662,T,TGT,F I,44,97.93
2025-12-31,9:41:27.846017880,T,TGT,I,1,97.93
2025-12-31,9:41:27.846023963,T,TGT,F I,55,97.93
2025-12-31,9:41:27.846027031,T,TGT,F,100,97.93
2025-12-31,9:41:27.846029985,T,TGT,F,152,97.93
2025-12-31,9:41:27.846029985,T,TGT,F,307,97.93
2025-12-31,9:41:27.846081057,T,TGT,,1330,97.93
2025-12-31,9:41:27.846282565,T,TGT,I,38,97.92
2025-12-31,9:41:27.846303643,T,TGT,F I,84,97.93
2025-12-31,9:41:27.846342698,T,TGT,I,66,97.93
2025-12-31,9:41:27.846345827,T,TGT,,100,97.93
2025-12-31,9:41:27.846348908,T,TGT,I,80,97.93
2025-12-31,9:41:27.846348908,T,TGT,I,62,97.92
2025-12-31,9:41:27.846351865,T,TGT,I,22,97.92
2025-12-31,9:41:27.846393777,T,TGT,F I,9,97.94
2025-12-31,9:41:28.759212558,T,TGT,F I,25,97.94
2025-12-31,9:41:28.759212558,T,TGT,F I,25,97.94
2025-12-31,9:41:28.767419419,T,TGT,,100,97.94
2025-12-31,9:41:28.767422401,T,TGT,,113,97.94
2025-12-31,9:41:28.767425289,T,TGT,I,1,97.94
2025-12-31,9:41:28.767425289,T,TGT,,100,97.94
2025-12-31,9:41:28.767427952,T,TGT,I,79,97.94
2025-12-31,9:41:28.767431110,T,TGT,I,21,97.94
2025-12-31,9:41:28.767431110,T,TGT,,100,97.94
2025-12-31,9:41:28.767434038,T,TGT,I,60,97.94
2025-12-31,9:41:28.767434038,T,TGT,I,5,97.94
2025-12-31,9:41:28.767440013,T,TGT,I,1,97.94
2025-12-31,9:41:28.767440013,T,TGT,F I,74,97.94
2025-12-31,9:41:28.767443018,T,TGT,F I,15,97.93
2025-12-31,9:41:36.357840868,T,TGT,I,2,97.92
2025-12-31,9:41:38.579726263,T,TGT,F,100,97.925
2025-12-31,9:41:38.579726263,T,TGT,F I,66,97.925
2025-12-31,9:41:46.845665248,T,TGT,,100,97.93
2025-12-31,9:41:46.846098395,T,TGT,I,4,97.94
2025-12-31,9:41:50.166611774,T,TGT,,100,97.94
2025-12-31,9:41:50.166614802,T,TGT,I,33,97.94
2025-12-31,9:41:50.166629847,T,TGT,I,1,97.94
2025-12-31,9:41:50.166635847,T,TGT,I,1,97.94
2025-12-31,9:41:54.422897598,T,TGT,I,10,97.96
2025-12-31,9:41:54.432466562,T,TGT,F I,8,97.97
2025-12-31,9:41:54.433019694,T,TGT,F I,20,97.98
2025-12-31,9:41:54.441385830,T,TGT,F I,1,98.0
2025-12-31,9:41:54.441389407,T,TGT,F I,10,98.0
2025-12-31,9:41:54.441389407,T,TGT,F I,1,98.0
2025-12-31,9:41:54.441395837,T,TGT,F I,1,98.0
2025-12-31,9:41:54.441395837,T,TGT,F I,10,98.0
2025-12-31,9:41:54.441395837,T,TGT,F I,1,98.0
2025-12-31,9:41:54.441401279,T,TGT,F I,1,98.0
2025-12-31,9:41:54.441401279,T,TGT,F I,1,98.0
2025-12-31,9:41:54.441404562,T,TGT,F I,54,98.0
2025-12-31,9:41:54.441407743,T,TGT,F I,1,98.0
2025-12-31,9:41:54.441412836,T,TGT,F I,1,98.0
2025-12-31,9:41:54.441412836,T,TGT,F I,1,98.0
2025-12-31,9:41:54.441412836,T,TGT,F I,1,98.0
2025-12-31,9:41:54.441412836,T,TGT,F I,1,98.0
2025-12-31,9:41:54.441415910,T,TGT,F I,3,98.0
2025-12-31,9:41:54.441415910,T,TGT,F I,30,98.0
2025-12-31,9:41:54.441418915,T,TGT,F I,8,98.0
2025-12-31,9:41:54.441422003,T,TGT,F,100,98.0
2025-12-31,9:41:54.441422003,T,TGT,F I,10,98.0
2025-12-31,9:41:54.441422003,T,TGT,F I,11,98.0
2025-12-31,9:41:54.441437201,T,TGT,F I,9,98.0
2025-12-31,9:41:54.441593187,T,TGT,F I,21,98.01
2025-12-31,9:41:54.669797793,T,TGT,F,200,98.04
2025-12-31,9:41:54.670134625,T,TGT,F I,1,98.05
2025-12-31,9:41:54.670134625,T,TGT,F I,1,98.05
2025-12-31,9:41:54.670594722,T,TGT,F I,30,98.06
2025-12-31,9:41:54.670603690,T,TGT,I,21,98.06
2025-12-31,9:41:55.308275853,T,TGT,I,27,98.09
2025-12-31,9:41:55.314178983,T,TGT,I,50,98.1
2025-12-31,9:41:56.312392024,T,TGT,I,13,98.1
2025-12-31,9:41:58.026649906,T,TGT,,100,98.12
2025-12-31,9:41:58.584340664,T,TGT,F I,40,98.165
2025-12-31,9:41:59.927273820,T,TGT,F I,50,98.15
2025-12-31,9:41:59.944694305,T,TGT,F,100,98.15
2025-12-31,9:41:59.944715436,T,TGT,I,1,98.15
2025-12-31,9:41:59.944730815,T,TGT,I,99,98.15
2025-12-31,9:41:59.944730815,T,TGT,I,1,98.15
2025-12-31,9:41:59.944736504,T,TGT,F I,33,98.15
2025-12-31,9:41:59.945356229,T,TGT,I,1,98.15
2025-12-31,9:42:05.579521516,T,TGT,F I,2,98.12
2025-12-31,9:42:05.579521516,T,TGT,F I,32,98.12
2025-12-31,9:42:05.579578616,T,TGT,F I,50,98.12
2025-12-31,9:42:08.009884189,T,TGT,F I,21,98.14
2025-12-31,9:42:08.009893178,T,TGT,F I,1,98.14
2025-12-31,9:42:08.395450642,T,TGT,F I,25,98.13
2025-12-31,9:42:10.762822678,T,TGT,F I,50,98.13
2025-12-31,9:42:10.762870682,T,TGT,F I,4,98.13
2025-12-31,9:42:10.763285575,T,TGT,F I,24,98.12
2025-12-31,9:42:10.763306786,T,TGT,F I,17,98.12
2025-12-31,9:42:10.763306786,T,TGT,F I,7,98.12
2025-12-31,9:42:10.763309686,T,TGT,F I,5,98.12
2025-12-31,9:42:13.471101473,T,TGT,F,100,98.1
2025-12-31,9:42:13.471101473,T,TGT,F I,1,98.1
2025-12-31,9:42:13.471105285,T,TGT,F I,30,98.1
2025-12-31,9:42:13.471108299,T,TGT,F I,20,98.1
2025-12-31,9:42:13.471108299,T,TGT,F I,4,98.1
2025-12-31,9:42:20.791218188,T,TGT,F,100,98.09
2025-12-31,9:42:25.355507152,T,TGT,F,100,98.07
2025-12-31,9:42:25.355537065,T,TGT,I,1,98.06
2025-12-31,9:42:25.357013338,T,TGT,F I,16,98.04
2025-12-31,9:42:25.357016309,T,TGT,F,100,98.04
2025-12-31,9:42:25.357019585,T,TGT,F,200,98.04
2025-12-31,9:42:25.554175009,T,TGT,F,100,98.06
2025-12-31,9:42:25.554178428,T,TGT,F I,32,98.06
2025-12-31,9:42:25.554181049,T,TGT,F I,10,98.06
2025-12-31,9:42:27.781936750,T,TGT,F,100,98.1
2025-12-31,9:42:27.781939301,T,TGT,F I,20,98.1
2025-12-31,9:42:28.727006718,T,TGT,F,100,98.11
2025-12-31,9:42:30.193937848,T,TGT,I,1,98.14
2025-12-31,9:42:30.193937848,T,TGT,I,1,98.14
2025-12-31,9:42:30.193943488,T,TGT,I,1,98.14
2025-12-31,9:42:30.193943488,T,TGT,I,1,98.14
2025-12-31,9:42:30.193946788,T,TGT,I,1,98.14
2025-12-31,9:42:30.193946788,T,TGT,I,1,98.14
2025-12-31,9:42:30.193949521,T,TGT,I,10,98.14
2025-12-31,9:42:31.901988623,T,TGT,F I,50,98.15
2025-12-31,9:42:32.282809776,T,TGT,F I,50,98.15
2025-12-31,9:42:32.282809776,T,TGT,F I,50,98.14
2025-12-31,9:42:32.282830930,T,TGT,F I,50,98.14
2025-12-31,9:42:32.282830930,T,TGT,F I,11,98.14
2025-12-31,9:42:32.282833905,T,TGT,F I,11,98.14
2025-12-31,9:42:32.282836836,T,TGT,F,100,98.14
2025-12-31,9:42:32.283633711,T,TGT,F I,2,98.13
2025-12-31,9:42:32.292904820,T,TGT,I,1,98.12
2025-12-31,9:42:32.292928936,T,TGT,F I,54,98.12
2025-12-31,9:42:32.292931933,T,TGT,F I,50,98.12
2025-12-31,9:42:32.294264074,T,TGT,F,100,98.13
2025-12-31,9:42:32.295608326,T,TGT,F I,54,98.13
2025-12-31,9:42:32.296209836,T,TGT,F I,3,98.12
2025-12-31,9:42:32.296269899,T,TGT,F I,50,98.12
2025-12-31,9:42:32.298125302,T,TGT,,100,98.12
2025-12-31,9:42:33.365079069,T,TGT,F,100,98.13
2025-12-31,9:42:33.365232512,T,TGT,F,100,98.14
2025-12-31,9:42:33.587025919,T,TGT,,300,98.14
2025-12-31,9:42:42.638454320,T,TGT,F I,11,98.16
2025-12-31,9:42:42.638454320,T,TGT,F I,13,98.16
2025-12-31,9:42:42.638469347,T,TGT,F I,87,98.16
2025-12-31,9:42:46.488093381,T,TGT,I,39,98.19
2025-12-31,9:42:46.488096391,T,TGT,I,25,98.19
2025-12-31,9:42:49.810753963,T,TGT,F I,1,98.2
2025-12-31,9:42:49.810757215,T,TGT,F I,1,98.2
2025-12-31,9:42:49.810760474,T,TGT,F I,3,98.2
2025-12-31,9:42:49.810760474,T,TGT,F I,14,98.2
2025-12-31,9:42:49.810772014,T,TGT,F I,86,98.2
2025-12-31,9:42:49.810775110,T,TGT,F I,23,98.2
2025-12-31,9:42:56.073446804,T,TGT,F I,15,98.2
2025-12-31,9:42:56.073597184,T,TGT,F,100,98.19
2025-12-31,9:42:56.074812165,T,TGT,F,100,98.19
2025-12-31,9:42:56.074815432,T,TGT,F,100,98.19
2025-12-31,9:42:58.675536748,T,TGT,,300,98.19
2025-12-31,9:42:58.675558030,T,TGT,I,14,98.19
2025-12-31,9:42:58.675558030,T,TGT,I,67,98.19
2025-12-31,9:42:58.675561085,T,TGT,I,1,98.19
2025-12-31,9:42:58.675561085,T,TGT,F I,14,98.19
2025-12-31,9:42:58.675566903,T,TGT,I,4,98.19
2025-12-31,9:42:58.675566903,T,TGT,,496,98.2
2025-12-31,9:42:58.675572882,T,TGT,F I,14,98.19
2025-12-31,9:42:58.675575942,T,TGT,I,4,98.19
2025-12-31,9:42:58.675587888,T,TGT,I,1,98.2
2025-12-31,9:42:58.675742123,T,TGT,F I,4,98.19
2025-12-31,9:42:58.675744934,T,TGT,F I,4,98.19
2025-12-31,9:42:58.675948812,T,TGT,F I,14,98.19
2025-12-31,9:42:58.675978853,T,TGT,I,7,98.19
2025-12-31,9:42:58.912020123,T,TGT,F I,3,98.2
2025-12-31,9:42:58.912056636,T,TGT,I,14,98.19
2025-12-31,9:42:58.912059290,T,TGT,I,30,98.19
2025-12-31,9:42:59.126227210,T,TGT,,100,98.2
2025-12-31,9:42:59.126232477,T,TGT,,100,98.19
2025-12-31,9:42:59.126530409,T,TGT,I,60,98.2
2025-12-31,9:42:59.127014725,T,TGT,F I,20,98.21
2025-12-31,9:42:59.127014725,T,TGT,F I,40,98.21
2025-12-31,9:42:59.127426291,T,TGT,F I,1,98.22
2025-12-31,9:43:00.781517837,T,TGT,F,100,98.22
2025-12-31,9:43:00.781517837,T,TGT,F,100,98.22
2025-12-31,9:43:00.781520519,T,TGT,F,100,98.22
2025-12-31,9:43:00.781522963,T,TGT,F I,92,98.22
2025-12-31,9:43:00.781529818,T,TGT,F I,8,98.22
2025-12-31,9:43:00.781529818,T,TGT,F,100,98.22
2025-12-31,9:43:00.781535006,T,TGT,F,100,98.22
2025-12-31,9:43:00.781535006,T,TGT,F,1337,98.22
2025-12-31,9:43:00.781535006,T,TGT,F,100,98.22
2025-12-31,9:43:00.781538263,T,TGT,F,100,98.22
2025-12-31,9:43:00.781538263,T,TGT,F,182,98.22
2025-12-31,9:43:00.781544503,T,TGT,F,218,98.22
2025-12-31,9:43:00.781548164,T,TGT,F I,33,98.22
2025-12-31,9:43:00.781550466,T,TGT,I,1,98.22
2025-12-31,9:43:00.781550466,T,TGT,F I,66,98.22
2025-12-31,9:43:00.782025160,T,TGT,,100,98.23
2025-12-31,9:43:00.782046175,T,TGT,I,1,98.23
2025-12-31,9:43:00.782055367,T,TGT,I,99,98.23
2025-12-31,9:43:00.782055367,T,TGT,I,1,98.23
2025-12-31,9:43:00.782112571,T,TGT,,100,98.23
2025-12-31,9:43:00.787690620,T,TGT,F,100,98.23
2025-12-31,9:43:00.787693616,T,TGT,F I,99,98.23
2025-12-31,9:43:00.787696638,T,TGT,F,100,98.23
2025-12-31,9:43:00.787696638,T,TGT,F I,1,98.23
2025-12-31,9:43:00.787699616,T,TGT,F,100,98.23
2025-12-31,9:43:00.787699616,T,TGT,F I,1,98.23
2025-12-31,9:43:05.624906368,T,TGT,F I,1,98.24
2025-12-31,9:43:05.625168866,T,TGT,F I,1,98.25
2025-12-31,9:43:05.625168866,T,TGT,F I,50,98.25
2025-12-31,9:43:05.625171167,T,TGT,F I,50,98.25
2025-12-31,9:43:05.625174102,T,TGT,F I,10,98.25
2025-12-31,9:43:05.785483201,T,TGT,I,30,98.24
2025-12-31,9:43:05.785483201,T,TGT,I,12,98.24
2025-12-31,9:43:05.785510076,T,TGT,F I,50,98.24
2025-12-31,9:43:05.785528044,T,TGT,I,50,98.24
2025-12-31,9:43:05.785534112,T,TGT,I,30,98.24
2025-12-31,9:43:05.785537133,T,TGT,I,70,98.25
2025-12-31,9:43:05.785555100,T,TGT,I,1,98.25
2025-12-31,9:43:05.911684701,T,TGT,F I,25,98.24
2025-12-31,9:43:05.911690572,T,TGT,F,300,98.24
2025-12-31,9:43:05.911690572,T,TGT,F,600,98.24
2025-12-31,9:43:05.911983071,T,TGT,F,248,98.24
2025-12-31,9:43:05.911985278,T,TGT,,100,98.24
2025-12-31,9:43:05.911988289,T,TGT,,100,98.24
2025-12-31,9:43:05.912006353,T,TGT,F,100,98.24
2025-12-31,9:43:05.912042471,T,TGT,I,55,98.24
2025-12-31,9:43:05.912042471,T,TGT,I,30,98.24
2025-12-31,9:43:05.912150776,T,TGT,F,100,98.24
2025-12-31,9:43:05.931553010,T,TGT,I,80,98.22
2025-12-31,9:43:05.931553010,T,TGT,I,20,98.22
2025-12-31,9:43:09.041279450,T,TGT,I,25,98.17
2025-12-31,9:43:09.041282369,T,TGT,I,75,98.15
2025-12-31,9:43:09.041297376,T,TGT,I,1,98.15
2025-12-31,9:43:09.041309375,T,TGT,I,24,98.15
2025-12-31,9:43:09.041312889,T,TGT,I,1,98.15
2025-12-31,9:43:09.041571014,T,TGT,,100,98.16
2025-12-31,9:43:09.041592454,T,TGT,I,1,98.16
2025-12-31,9:43:09.041595065,T,TGT,I,29,98.16
2025-12-31,9:43:09.045880303,T,TGT,I,70,98.17
2025-12-31,9:43:09.045979584,T,TGT,,100,98.17
2025-12-31,9:43:12.432349966,T,TGT,,100,98.205
2025-12-31,9:43:13.023970862,T,TGT,I,10,98.18
2025-12-31,9:43:13.023973443,T,TGT,,425,98.18
2025-12-31,9:43:13.023976420,T,TGT,I,3,98.18
2025-12-31,9:43:13.024027512,T,TGT,,100,98.19
2025-12-31,9:43:13.024442518,T,TGT,F,100,98.17
2025-12-31,9:43:13.024442518,T,TGT,F,100,98.17
2025-12-31,9:43:15.009432351,T,TGT,,102,98.18
2025-12-31,9:43:15.009447786,T,TGT,I,1,98.18
2025-12-31,9:43:15.030350208,T,TGT,,100,98.16
2025-12-31,9:43:17.352404099,T,TGT,I,25,98.09
2025-12-31,9:43:17.354993521,T,TGT,,100,98.08
2025-12-31,9:43:17.354993521,T,TGT,I,14,98.08
2025-12-31,9:43:26.535459154,T,TGT,F,100,98.05
2025-12-31,9:43:27.213288916,T,TGT,,100,98.04
2025-12-31,9:43:27.713425362,T,TGT,F,100,98.04
2025-12-31,9:43:27.713425362,T,TGT,F I,28,98.03
2025-12-31,9:43:27.713446520,T,TGT,F I,72,98.03
2025-12-31,9:43:27.713446520,T,TGT,F I,28,98.03
2025-12-31,9:43:27.714240269,T,TGT,F,100,98.01
2025-12-31,9:43:29.086508557,T,TGT,I,25,98.01
2025-12-31,9:43:30.911213571,T,TGT,F I,10,98.02
2025-12-31,9:43:30.957992977,T,TGT,F,100,98.04
2025-12-31,9:43:30.957992977,T,TGT,F I,76,98.04
2025-12-31,9:43:34.460729359,T,TGT,F,100,98.07
2025-12-31,9:43:34.460731717,T,TGT,F I,23,98.07
2025-12-31,9:43:34.460734720,T,TGT,F I,35,98.07
2025-12-31,9:43:34.460734720,T,TGT,F I,20,98.07
2025-12-31,9:43:34.630750724,T,TGT,I,1,98.08
2025-12-31,9:43:45.519225618,T,TGT,I,25,98.095
2025-12-31,9:43:45.519228483,T,TGT,I,98,98.095
2025-12-31,9:43:46.451991225,T,TGT,F I,14,98.11
2025-12-31,9:43:46.451991225,T,TGT,F I,1,98.11
2025-12-31,9:43:46.451996691,T,TGT,F,100,98.11
2025-12-31,9:43:46.452420677,T,TGT,F I,3,98.14
2025-12-31,9:43:46.453025147,T,TGT,I,17,98.12
2025-12-31,9:43:46.453040181,T,TGT,F I,1,98.12
2025-12-31,9:43:46.453058192,T,TGT,I,1,98.12
2025-12-31,9:43:46.453061226,T,TGT,I,80,98.12
2025-12-31,9:43:46.453076213,T,TGT,F I,19,98.12
2025-12-31,9:43:47.932074795,T,TGT,F I,25,98.11
2025-12-31,9:43:51.101977561,T,TGT,F,100,98.1
2025-12-31,9:43:51.101995701,T,TGT,I,1,98.1
2025-12-31,9:43:51.102374415,T,TGT,,100,98.1
2025-12-31,9:43:53.158357839,T,TGT,F,100,98.15
2025-12-31,9:43:53.158360390,T,TGT,F I,25,98.16
2025-12-31,9:43:53.159626397,T,TGT,F I,10,98.17
2025-12-31,9:43:53.159626397,T,TGT,F I,10,98.17
2025-12-31,9:43:53.159629431,T,TGT,F I,41,98.17
2025-12-31,9:43:53.160191747,T,TGT,I,24,98.2
2025-12-31,9:43:56.167711215,T,TGT,F,100,98.21
2025-12-31,9:43:56.167713747,T,TGT,F I,20,98.21
2025-12-31,9:43:56.167716574,T,TGT,F I,4,98.21
2025-12-31,9:43:57.168058792,T,TGT,I,80,98.215
2025-12-31,9:44:01.031810483,T,TGT,,100,98.21
2025-12-31,9:44:01.041228897,T,TGT,I,3,98.2
2025-12-31,9:44:04.195533405,T,TGT,I,97,98.2
2025-12-31,9:44:04.195536813,T,TGT,I,27,98.2
2025-12-31,9:44:04.195536813,T,TGT,I,26,98.2
2025-12-31,9:44:15.366603555,T,TGT,F I,10,98.25
2025-12-31,9:44:15.366606553,T,TGT,F,100,98.25
2025-12-31,9:44:15.367746193,T,TGT,,150,98.26
2025-12-31,9:44:15.367887643,T,TGT,I,50,98.26
2025-12-31,9:44:22.040631216,T,TGT,I,33,98.28
2025-12-31,9:44:22.241160958,T,TGT,,100,98.26
2025-12-31,9:44:22.241166923,T,TGT,F,100,98.26
2025-12-31,9:44:26.003487618,T,TGT,F,100,98.26
2025-12-31,9:44:26.003487618,T,TGT,F I,35,98.26
2025-12-31,9:44:26.003493030,T,TGT,F I,19,98.26
2025-12-31,9:44:26.003493030,T,TGT,F I,80,98.25
2025-12-31,9:44:26.003508091,T,TGT,F I,53,98.25
2025-12-31,9:44:26.004413255,T,TGT,,100,98.245
2025-12-31,9:44:39.311327602,T,TGT,F,100,98.29
2025-12-31,9:44:39.311327602,T,TGT,F I,60,98.3
2025-12-31,9:44:39.311330624,T,TGT,F I,16,98.3
2025-12-31,9:44:39.311342683,T,TGT,I,1,98.3
2025-12-31,9:44:39.311393714,T,TGT,F I,39,98.3
2025-12-31,9:44:39.311396776,T,TGT,F I,10,98.3
2025-12-31,9:44:39.311977127,T,TGT,F I,10,98.33
2025-12-31,9:44:39.312292921,T,TGT,I,77,98.33
2025-12-31,9:44:39.312368208,T,TGT,I,4,98.34
2025-12-31,9:44:39.312368208,T,TGT,I,1,98.34
2025-12-31,9:44:39.312371078,T,TGT,I,29,98.34
2025-12-31,9:44:39.312425171,T,TGT,I,3,98.33
2025-12-31,9:44:39.312431429,T,TGT,I,24,98.32
2025-12-31,9:44:39.312431429,T,TGT,I,61,98.32
2025-12-31,9:44:39.312546064,T,TGT,I,90,98.34
2025-12-31,9:44:39.312548453,T,TGT,I,10,98.34
2025-12-31,9:44:39.312677776,T,TGT,I,19,98.34
2025-12-31,9:44:39.312680878,T,TGT,I,72,98.34
2025-12-31,9:44:39.312680878,T,TGT,I,9,98.34
2025-12-31,9:44:39.312768004,T,TGT,I,52,98.34
2025-12-31,9:44:39.312771029,T,TGT,I,37,98.34
2025-12-31,9:44:39.312771029,T,TGT,I,11,98.34
2025-12-31,9:44:39.318610995,T,TGT,I,15,98.32
2025-12-31,9:44:39.346770045,T,TGT,I,1,98.275
2025-12-31,9:44:39.971343020,T,TGT,I,84,98.28
2025-12-31,9:44:41.144118855,T,TGT,,100,98.28
2025-12-31,9:44:41.144133880,T,TGT,I,16,98.28
2025-12-31,9:44:41.144323385,T,TGT,F I,84,98.27
2025-12-31,9:44:43.036445985,T,TGT,F I,13,98.28
2025-12-31,9:44:43.036448989,T,TGT,F I,15,98.28
2025-12-31,9:44:43.036647487,T,TGT,I,25,98.29
2025-12-31,9:44:43.036647487,T,TGT,I,75,98.29
2025-12-31,9:44:43.036752697,T,TGT,,100,98.29
2025-12-31,9:44:52.356988477,T,TGT,F I,50,98.3
2025-12-31,9:44:52.356994757,T,TGT,F I,50,98.3
2025-12-31,9:44:52.357174920,T,TGT,I,16,98.29
2025-12-31,9:44:52.357187007,T,TGT,I,84,98.29
2025-12-31,9:44:52.357268190,T,TGT,,100,98.285
2025-12-31,9:44:52.357304251,T,TGT,I,16,98.285
2025-12-31,9:44:56.883792714,T,TGT,,100,98.26
2025-12-31,9:44:56.883796245,T,TGT,I,10,98.25
2025-12-31,9:44:56.884087487,T,TGT,I,90,98.25
2025-12-31,9:44:56.884087487,T,TGT,I,10,98.25
2025-12-31,9:44:56.884712956,T,TGT,I,25,98.25
2025-12-31,9:44:56.885401556,T,TGT,I,75,98.25
2025-12-31,9:44:57.187504300,T,TGT,F I,59,98.26
2025-12-31,9:44:57.187504300,T,TGT,F I,63,98.27
2025-12-31,9:45:00.353572813,T,TGT,I,24,98.3
2025-12-31,9:45:01.721291119,T,TGT,I,10,98.305
2025-12-31,9:45:09.770696456,T,TGT,F,100,98.34
2025-12-31,9:45:09.770699390,T,TGT,F,122,98.34
2025-12-31,9:45:15.030749488,T,TGT,,100,98.34
2025-12-31,9:45:15.097415316,T,TGT,I,22,98.35
2025-12-31,9:45:15.097418330,T,TGT,,200,98.35
2025-12-31,9:45:15.097421781,T,TGT,,100,98.35
2025-12-31,9:45:15.097421781,T,TGT,I,10,98.35
2025-12-31,9:45:15.097484445,T,TGT,,100,98.34
2025-12-31,9:45:15.097740096,T,TGT,I,80,98.33
2025-12-31,9:45:15.097743411,T,TGT,,100,98.33
2025-12-31,9:45:15.097743411,T,TGT,I,37,98.32
2025-12-31,9:45:15.097782122,T,TGT,I,19,98.34
2025-12-31,9:45:15.097791139,T,TGT,I,81,98.34
2025-12-31,9:45:15.097848304,T,TGT,,100,98.33
2025-12-31,9:45:15.097851263,T,TGT,I,32,98.33
2025-12-31,9:45:15.097854333,T,TGT,I,48,98.32
2025-12-31,9:45:15.098772113,T,TGT,F I,19,98.33
2025-12-31,9:45:15.098774662,T,TGT,F I,30,98.33
2025-12-31,9:45:15.098777526,T,TGT,F I,32,98.33
2025-12-31,9:45:15.098777526,T,TGT,F I,40,98.33
2025-12-31,9:45:15.099087288,T,TGT,I,1,98.33
2025-12-31,9:45:15.099090202,T,TGT,I,41,98.33
2025-12-31,9:45:15.111557937,T,TGT,F I,58,98.33
2025-12-31,9:45:15.111557937,T,TGT,F I,32,98.33
2025-12-31,9:45:15.112390997,T,TGT,F I,40,98.34
2025-12-31,9:45:15.112390997,T,TGT,F I,32,98.34
2025-12-31,9:45:16.023567643,T,TGT,F I,10,98.35
2025-12-31,9:45:16.024021683,T,TGT,F I,20,98.36
2025-12-31,9:45:19.279454233,T,TGT,,100,98.34
2025-12-31,9:45:19.279457217,T,TGT,I,30,98.33
2025-12-31,9:45:19.279815903,T,TGT,I,70,98.33
2025-12-31,9:45:19.279818328,T,TGT,I,30,98.33
2025-12-31,9:45:19.280067691,T,TGT,F I,50,98.33
2025-12-31,9:45:19.280109745,T,TGT,I,98,98.33
2025-12-31,9:45:19.282350164,T,TGT,F I,5,98.33
2025-12-31,9:45:23.701525067,T,TGT,I,10,98.34
2025-12-31,9:45:23.701528093,T,TGT,I,20,98.34
2025-12-31,9:45:28.772551642,T,TGT,F I,2,98.36
2025-12-31,9:45:28.772554110,T,TGT,F I,1,98.36
2025-12-31,9:45:28.772557076,T,TGT,F I,36,98.37
2025-12-31,9:45:28.772560105,T,TGT,F,258,98.37
2025-12-31,9:45:28.772863852,T,TGT,F I,15,98.38
2025-12-31,9:45:31.946456460,T,TGT,I,80,98.37
2025-12-31,9:45:31.946480519,T,TGT,F I,20,98.365
2025-12-31,9:45:32.207520390,T,TGT,,100,98.365
2025-12-31,9:45:33.778289006,T,TGT,F,100,98.395
2025-12-31,9:45:33.778292281,T,TGT,F,100,98.41
2025-12-31,9:45:33.778292281,T,TGT,F I,40,98.42
2025-12-31,9:45:33.778411785,T,TGT,F I,20,98.4
2025-12-31,9:45:33.778718451,T,TGT,I,1,98.4
2025-12-31,9:45:33.778721624,T,TGT,,100,98.4
2025-12-31,9:45:33.778724824,T,TGT,I,20,98.4
2025-12-31,9:45:33.778724824,T,TGT,,100,98.4
2025-12-31,9:45:33.779951489,T,TGT,F I,16,98.4
2025-12-31,9:45:35.596937084,T,TGT,F I,14,98.4
2025-12-31,9:45:35.596937084,T,TGT,F I,67,98.4
2025-12-31,9:45:35.596940134,T,TGT,F,100,98.4
2025-12-31,9:45:35.596943044,T,TGT,F I,27,98.4
2025-12-31,9:45:35.596955149,T,TGT,I,1,98.4
2025-12-31,9:45:35.596970245,T,TGT,F I,32,98.4
2025-12-31,9:45:35.596970245,T,TGT,F,100,98.4
2025-12-31,9:45:35.647566303,T,TGT,I,27,98.38
2025-12-31,9:45:35.647566303,T,TGT,I,48,98.38
2025-12-31,9:45:35.647568676,T,TGT,I,28,98.38
2025-12-31,9:45:38.316062875,T,TGT,,200,98.39
2025-12-31,9:45:38.316086890,T,TGT,I,1,98.39
2025-12-31,9:45:38.316086890,T,TGT,I,99,98.39
2025-12-31,9:45:41.145371135,T,TGT,,170,98.38
2025-12-31,9:45:41.145371135,T,TGT,I,80,98.38
2025-12-31,9:45:43.589816652,T,TGT,F,100,98.38
2025-12-31,9:45:43.589816652,T,TGT,F I,17,98.38
2025-12-31,9:45:43.589819645,T,TGT,F I,6,98.38
2025-12-31,9:45:44.119636788,T,TGT,I,15,98.375
2025-12-31,9:45:45.006124684,T,TGT,I,29,98.37
2025-12-31,9:45:45.006145789,T,TGT,F I,21,98.37
2025-12-31,9:45:45.006148706,T,TGT,F,120,98.37
2025-12-31,9:45:45.006148706,T,TGT,F I,10,98.37
2025-12-31,9:45:45.123268807,T,TGT,I,56,98.345
2025-12-31,9:45:48.158700282,T,TGT,F,100,98.32
2025-12-31,9:45:48.158703380,T,TGT,F I,1,98.32
2025-12-31,9:45:48.158712134,T,TGT,F,100,98.32
2025-12-31,9:45:48.159000870,T,TGT,F,120,98.3
2025-12-31,9:45:48.159000870,T,TGT,F I,16,98.3
2025-12-31,9:45:49.238464374,T,TGT,,100,98.265
2025-12-31,9:45:53.155863985,T,TGT,F,100,98.25
2025-12-31,9:45:53.240819399,T,TGT,F I,48,98.27
2025-12-31,9:45:53.240819399,T,TGT,F I,1,98.27
2025-12-31,9:46:00.137112422,T,TGT,I,34,98.27
2025-12-31,9:46:03.720747408,T,TGT,F,100,98.24
2025-12-31,9:46:03.720747408,T,TGT,F I,13,98.24
2025-12-31,9:46:03.720750401,T,TGT,F I,16,98.24
2025-12-31,9:46:03.721642886,T,TGT,I,80,98.23
2025-12-31,9:46:03.739929496,T,TGT,I,1,98.245
2025-12-31,9:46:03.746785872,T,TGT,F I,32,98.27
2025-12-31,9:46:03.746788873,T,TGT,F I,18,98.27
2025-12-31,9:46:03.746812928,T,TGT,F I,4,98.27
2025-12-31,9:46:03.746812928,T,TGT,F I,28,98.28
2025-12-31,9:46:03.746816080,T,TGT,F I,39,98.28
2025-12-31,9:46:03.746816080,T,TGT,F I,23,98.28
2025-12-31,9:46:03.746830880,T,TGT,I,1,98.28
2025-12-31,9:46:03.746849531,T,TGT,F I,4,98.28
2025-12-31,9:46:03.746849531,T,TGT,F I,31,98.28
2025-12-31,9:46:03.748857780,T,TGT,I,10,98.3
2025-12-31,9:46:03.748860714,T,TGT,I,15,98.3
2025-12-31,9:46:03.748860714,T,TGT,I,75,98.3
2025-12-31,9:46:08.723579120,T,TGT,,100,98.28
2025-12-31,9:46:08.742049249,T,TGT,I,15,98.28
2025-12-31,9:46:09.915961793,T,TGT,I,1,98.27
2025-12-31,9:46:18.172858234,T,TGT,F I,10,98.27
2025-12-31,9:46:18.172861858,T,TGT,F I,5,98.29
2025-12-31,9:46:18.172861858,T,TGT,F I,10,98.29
2025-12-31,9:46:18.172864299,T,TGT,F I,9,98.3
2025-12-31,9:46:18.174409938,T,TGT,F I,15,98.3
2025-12-31,9:46:25.968010690,T,TGT,I,24,98.3
2025-12-31,9:46:27.569948022,T,TGT,F I,10,98.31
2025-12-31,9:46:27.570257780,T,TGT,F I,25,98.31
2025-12-31,9:46:27.570498378,T,TGT,F I,25,98.3
2025-12-31,9:46:27.570543480,T,TGT,I,56,98.3
2025-12-31,9:46:27.570573905,T,TGT,F I,22,98.29
2025-12-31,9:46:27.570573905,T,TGT,F I,11,98.29
2025-12-31,9:46:27.570576548,T,TGT,F I,93,98.29
2025-12-31,9:46:27.570594623,T,TGT,I,1,98.29
2025-12-31,9:46:27.570603599,T,TGT,F I,6,98.29
2025-12-31,9:46:27.570606623,T,TGT,F I,1,98.29
2025-12-31,9:46:27.571033589,T,TGT,F I,6,98.29
2025-12-31,9:46:27.571055247,T,TGT,F I,40,98.29
2025-12-31,9:46:29.844916396,T,TGT,I,6,98.29
2025-12-31,9:46:29.844918744,T,TGT,I,21,98.29
2025-12-31,9:46:29.844937165,T,TGT,F I,79,98.29
2025-12-31,9:46:29.844940101,T,TGT,F I,17,98.29
2025-12-31,9:46:29.844940101,T,TGT,F I,14,98.29
2025-12-31,9:46:29.844949351,T,TGT,,100,98.29
2025-12-31,9:46:30.496184118,T,TGT,F I,80,98.33
2025-12-31,9:46:30.496184118,T,TGT,F I,11,98.33
2025-12-31,9:46:30.496189474,T,TGT,F I,22,98.33
2025-12-31,9:46:34.271202655,T,TGT,I,2,98.32
2025-12-31,9:46:36.340931874,T,TGT,I,31,98.31
2025-12-31,9:46:52.940807614,T,TGT,,100,98.34
2025-12-31,9:46:53.503168493,T,TGT,,100,98.34
2025-12-31,9:46:53.503168493,T,TGT,I,49,98.33
2025-12-31,9:46:53.503171432,T,TGT,F I,51,98.33
2025-12-31,9:46:53.503174302,T,TGT,F I,12,98.33
2025-12-31,9:46:53.503177290,T,TGT,F I,37,98.33
2025-12-31,9:46:53.503177290,T,TGT,F I,49,98.33
2025-12-31,9:46:53.503186370,T,TGT,F,100,98.33
2025-12-31,9:46:53.503192746,T,TGT,I,1,98.33
2025-12-31,9:46:53.505637257,T,TGT,,100,98.34
2025-12-31,9:46:54.467138758,T,TGT,I,28,98.36
2025-12-31,9:46:56.949453482,T,TGT,I,2,98.36
2025-12-31,9:46:57.839889706,T,TGT,F I,10,98.38
2025-12-31,9:46:57.839892730,T,TGT,F I,1,98.38
2025-12-31,9:47:09.936141063,T,TGT,I,2,98.4
2025-12-31,9:47:17.304384428,T,TGT,,244,98.4
2025-12-31,9:47:17.307319424,T,TGT,F I,50,98.4
2025-12-31,9:47:17.307367623,T,TGT,F I,4,98.4
2025-12-31,9:47:18.548406107,T,TGT,F,100,98.39
2025-12-31,9:47:18.548409277,T,TGT,F,100,98.39
2025-12-31,9:47:18.548412127,T,TGT,F I,10,98.39
2025-12-31,9:47:18.548412127,T,TGT,F I,50,98.39
2025-12-31,9:47:18.548415562,T,TGT,,200,98.4
2025-12-31,9:47:18.548439988,T,TGT,I,1,98.4
2025-12-31,9:47:18.548559464,T,TGT,I,6,98.39
2025-12-31,9:47:18.548562480,T,TGT,I,1,98.39
2025-12-31,9:47:18.548845723,T,TGT,F I,22,98.39
2025-12-31,9:47:18.548845723,T,TGT,F,100,98.39
2025-12-31,9:47:18.549681578,T,TGT,I,6,98.39
2025-12-31,9:47:18.549681578,T,TGT,I,94,98.39
2025-12-31,9:47:18.556744958,T,TGT,F,100,98.39
2025-12-31,9:47:21.282339213,T,TGT,I,10,98.39
2025-12-31,9:47:21.283169186,T,TGT,I,16,98.4
2025-12-31,9:47:32.639877546,T,TGT,I,51,98.39
2025-12-31,9:47:33.971401923,T,TGT,I,28,98.39
2025-12-31,9:47:33.971401923,T,TGT,I,24,98.39
2025-12-31,9:47:34.994659250,T,TGT,I,31,98.39
2025-12-31,9:47:34.994661487,T,TGT,I,21,98.39
2025-12-31,9:47:36.182455800,T,TGT,I,35,98.39
2025-12-31,9:47:36.182458286,T,TGT,I,17,98.39
2025-12-31,9:47:36.955392605,T,TGT,F I,38,98.4
2025-12-31,9:47:40.180356587,T,TGT,F I,10,98.41
2025-12-31,9:47:40.180356587,T,TGT,F I,81,98.41
2025-12-31,9:47:40.180359545,T,TGT,F I,24,98.41
2025-12-31,9:47:40.260256828,T,TGT,F I,52,98.42
2025-12-31,9:47:40.260259872,T,TGT,F I,24,98.42
2025-12-31,9:47:41.778243122,T,TGT,F I,25,98.44
2025-12-31,9:47:47.252243987,T,TGT,F I,50,98.43
2025-12-31,9:47:47.252280539,T,TGT,,100,98.435
2025-12-31,9:47:47.252280539,T,TGT,I,50,98.43
2025-12-31,9:47:47.252283062,T,TGT,I,61,98.42
2025-12-31,9:47:47.252301364,T,TGT,F I,39,98.42
2025-12-31,9:47:47.252307188,T,TGT,F I,11,98.42
2025-12-31,9:47:47.252310187,T,TGT,F,100,98.42
2025-12-31,9:47:50.572601142,T,TGT,,100,98.375
2025-12-31,9:48:06.621781462,T,TGT,,100,98.34
2025-12-31,9:48:06.622286550,T,TGT,F I,50,98.34
2025-12-31,9:48:06.622328674,T,TGT,F I,30,98.34
2025-12-31,9:48:06.624154860,T,TGT,F,100,98.33
2025-12-31,9:48:06.624157047,T,TGT,F I,13,98.33
2025-12-31,9:48:10.244896722,T,TGT,,100,98.32
2025-12-31,9:48:10.244896722,T,TGT,I,1,98.29
2025-12-31,9:48:15.462590925,T,TGT,F I,89,98.35
2025-12-31,9:48:15.462611947,T,TGT,F,2984,98.35
2025-12-31,9:48:15.462611947,T,TGT,I,1,98.35
2025-12-31,9:48:15.462635944,T,TGT,I,97,98.35
2025-12-31,9:48:15.462635944,T,TGT,I,43,98.35
2025-12-31,9:48:15.462681057,T,TGT,I,40,98.36
2025-12-31,9:48:15.462717226,T,TGT,F I,2,98.36
2025-12-31,9:48:15.678054206,T,TGT,,100,98.34
2025-12-31,9:48:15.678057411,T,TGT,I,16,98.34
2025-12-31,9:48:15.678057411,T,TGT,I,10,98.34
2025-12-31,9:48:15.678060233,T,TGT,I,13,98.34
2025-12-31,9:48:17.489506600,T,TGT,,100,98.33
2025-12-31,9:48:17.489524688,T,TGT,I,1,98.33
2025-12-31,9:48:17.489644976,T,TGT,I,99,98.33
2025-12-31,9:48:17.617885619,T,TGT,I,4,98.34
2025-12-31,9:48:22.733835294,T,TGT,F I,50,98.34
2025-12-31,9:48:36.957179748,T,TGT,F I,10,98.32
2025-12-31,9:48:39.092004728,T,TGT,I,1,98.325
2025-12-31,9:48:50.219362939,T,TGT,I,36,98.34
2025-12-31,9:48:50.219366449,T,TGT,I,10,98.34
2025-12-31,9:48:50.219366449,T,TGT,I,2,98.35
2025-12-31,9:48:50.219368850,T,TGT,I,52,98.35
2025-12-31,9:48:50.219383847,T,TGT,I,29,98.35
2025-12-31,9:48:50.219483093,T,TGT,I,53,98.35
2025-12-31,9:48:50.219486157,T,TGT,I,11,98.35
2025-12-31,9:48:50.867490969,T,TGT,I,1,98.355
2025-12-31,9:48:50.867490969,T,TGT,I,52,98.35
2025-12-31,9:48:50.870892022,T,TGT,,100,98.34
2025-12-31,9:49:00.573873758,T,TGT,I,1,98.345
2025-12-31,9:49:05.945216025,T,TGT,F,170,98.37
2025-12-31,9:49:05.945222114,T,TGT,F I,96,98.37
2025-12-31,9:49:05.945222114,T,TGT,F I,10,98.37
2025-12-31,9:49:05.945225079,T,TGT,F I,15,98.37
2025-12-31,9:49:06.194771605,T,TGT,I,1,98.355
2025-12-31,9:49:07.644242673,T,TGT,I,4,98.355
2025-12-31,9:49:09.509824147,T,TGT,F I,10,98.38
2025-12-31,9:49:09.509824147,T,TGT,F I,15,98.38
2025-12-31,9:49:20.618465298,T,TGT,F I,50,98.38
2025-12-31,9:49:23.042940148,T,TGT,F I,50,98.37
2025-12-31,9:49:23.052472935,T,TGT,,100,98.38
2025-12-31,9:49:23.052536084,T,TGT,,100,98.38
2025-12-31,9:49:23.052800783,T,TGT,I,36,98.36
2025-12-31,9:49:23.052800783,T,TGT,I,28,98.36
2025-12-31,9:49:23.052803663,T,TGT,I,87,98.35
2025-12-31,9:49:23.052822377,T,TGT,I,1,98.35
2025-12-31,9:49:23.052840079,T,TGT,I,12,98.35
2025-12-31,9:49:23.052842863,T,TGT,I,1,98.35
2025-12-31,9:49:23.052842863,T,TGT,I,50,98.35
2025-12-31,9:49:23.097865962,T,TGT,F I,1,98.31
2025-12-31,9:49:27.710290156,T,TGT,,100,98.33
2025-12-31,9:49:30.563944704,T,TGT,F I,78,98.28
2025-12-31,9:49:30.563962382,T,TGT,F I,22,98.28
2025-12-31,9:49:30.563965435,T,TGT,I,1,98.28
2025-12-31,9:49:30.564416429,T,TGT,I,99,98.28
2025-12-31,9:49:42.281319832,T,TGT,F I,10,98.32
2025-12-31,9:49:42.281319832,T,TGT,F I,1,98.32
2025-12-31,9:49:42.801285592,T,TGT,F I,40,98.31
2025-12-31,9:49:42.801330653,T,TGT,F,100,98.3
2025-12-31,9:49:42.801330653,T,TGT,F I,5,98.3
2025-12-31,9:49:42.803071778,T,TGT,I,11,98.3
2025-12-31,9:49:43.398400085,T,TGT,F,100,98.29
2025-12-31,9:49:43.398403050,T,TGT,F I,53,98.29
2025-12-31,9:49:43.398418526,T,TGT,I,1,98.29
2025-12-31,9:49:43.398421100,T,TGT,I,46,98.29
2025-12-31,9:49:43.398433102,T,TGT,I,5,98.28
2025-12-31,9:49:43.398436095,T,TGT,,100,98.28
2025-12-31,9:49:43.398472256,T,TGT,F I,50,98.28
2025-12-31,9:49:43.399001471,T,TGT,I,50,98.275
2025-12-31,9:49:43.606246197,T,TGT,F I,50,98.28
2025-12-31,9:49:43.606306407,T,TGT,I,58,98.28
2025-12-31,9:49:43.606351457,T,TGT,,100,98.28
2025-12-31,9:49:43.606483738,T,TGT,I,92,98.28
2025-12-31,9:49:45.244726550,T,TGT,F,100,98.26
2025-12-31,9:49:45.244729650,T,TGT,I,1,98.26
2025-12-31,9:49:45.884115829,T,TGT,F,115,98.2
2025-12-31,9:49:45.884137221,T,TGT,I,1,98.2
2025-12-31,9:49:45.884137221,T,TGT,F I,84,98.2
2025-12-31,9:49:45.884320306,T,TGT,F I,1,98.21
2025-12-31,9:49:45.884383452,T,TGT,I,3,98.2
2025-12-31,9:49:45.884579286,T,TGT,I,97,98.2
2025-12-31,9:49:45.884581994,T,TGT,I,1,98.2
2025-12-31,9:49:45.884584958,T,TGT,I,27,98.2
2025-12-31,9:49:45.885225431,T,TGT,I,54,98.19
2025-12-31,9:49:45.887162164,T,TGT,F I,27,98.2
2025-12-31,9:49:45.887162164,T,TGT,F I,2,98.2
2025-12-31,9:49:45.887165068,T,TGT,F I,1,98.2
2025-12-31,9:49:45.887165068,T,TGT,F,119,98.2
2025-12-31,9:49:47.852058608,T,TGT,F,100,98.2
2025-12-31,9:49:47.852058608,T,TGT,F I,2,98.19
2025-12-31,9:49:47.852061159,T,TGT,F I,27,98.19
2025-12-31,9:49:47.852064257,T,TGT,F I,1,98.19
2025-12-31,9:49:47.852064257,T,TGT,F I,1,98.19
2025-12-31,9:49:47.852067180,T,TGT,F I,4,98.19
2025-12-31,9:49:47.852076103,T,TGT,F,100,98.19
2025-12-31,9:49:48.656835356,T,TGT,I,30,98.195
2025-12-31,9:49:54.428674771,T,TGT,F,100,98.19
2025-12-31,9:49:54.428674771,T,TGT,F I,93,98.19
2025-12-31,9:49:54.428695861,T,TGT,I,1,98.19
2025-12-31,9:49:54.428704818,T,TGT,F I,50,98.19
2025-12-31,9:49:54.428713868,T,TGT,I,49,98.19
2025-12-31,9:49:54.429183017,T,TGT,F,100,98.18
2025-12-31,9:49:54.429185987,T,TGT,F I,2,98.18
2025-12-31,9:49:54.432908778,T,TGT,F,100,98.19
2025-12-31,9:49:54.432908778,T,TGT,F,214,98.19
2025-12-31,9:50:03.021095571,T,TGT,I,1,98.16
2025-12-31,9:50:03.158354629,T,TGT,I,17,98.16
2025-12-31,9:50:18.742913096,T,TGT,I,10,98.17
2025-12-31,9:50:18.742919125,T,TGT,I,80,98.175
2025-12-31,9:50:18.742968020,T,TGT,,100,98.17
2025-12-31,9:50:18.742968020,T,TGT,I,2,98.18
2025-12-31,9:50:18.742973514,T,TGT,I,1,98.18
2025-12-31,9:50:20.418183158,T,TGT,I,10,98.19
2025-12-31,9:50:20.419289714,T,TGT,I,85,98.18
2025-12-31,9:50:20.419310824,T,TGT,F I,15,98.18
2025-12-31,9:50:20.493798268,T,TGT,,100,98.18
2025-12-31,9:50:38.926492929,T,TGT,F I,10,98.21
2025-12-31,9:50:38.926492929,T,TGT,F I,21,98.21
2025-12-31,9:50:38.928898673,T,TGT,,100,98.22
2025-12-31,9:50:38.936771330,T,TGT,,100,98.23
2025-12-31,9:50:38.982570577,T,TGT,F,100,98.22
2025-12-31,9:50:38.982570577,T,TGT,F I,2,98.22
2025-12-31,9:50:39.083791597,T,TGT,F,100,98.21
2025-12-31,9:50:39.083795072,T,TGT,F I,2,98.21
2025-12-31,9:50:39.083797657,T,TGT,F I,50,98.21
2025-12-31,9:50:39.084140405,T,TGT,F I,2,98.2
2025-12-31,9:50:39.084687877,T,TGT,I,13,98.2
2025-12-31,9:50:39.084750890,T,TGT,F I,50,98.2
2025-12-31,9:50:46.402660990,T,TGT,I,80,98.21
2025-12-31,9:50:46.402663489,T,TGT,I,20,98.2
2025-12-31,9:50:46.402678693,T,TGT,F I,80,98.2
2025-12-31,9:50:47.869137168,T,TGT,F I,40,98.15
2025-12-31,9:50:47.869143170,T,TGT,F I,14,98.15
2025-12-31,9:50:47.869143170,T,TGT,F I,12,98.15
2025-12-31,9:50:49.060575528,T,TGT,I,50,98.13
2025-12-31,9:50:49.394352724,T,TGT,I,10,98.15
2025-12-31,9:50:57.665217537,T,TGT,I,14,98.12
2025-12-31,9:50:57.665220617,T,TGT,I,14,98.12
2025-12-31,9:50:57.666405394,T,TGT,F,100,98.1
2025-12-31,9:50:57.667412852,T,TGT,I,40,98.1
2025-12-31,9:50:58.752178034,T,TGT,I,5,98.12
2025-12-31,9:50:58.752202143,T,TGT,F I,50,98.12
2025-12-31,9:50:58.752208159,T,TGT,I,3,98.12
2025-12-31,9:51:04.341786244,T,TGT,I,1,98.14
2025-12-31,9:51:04.772896275,T,TGT,F I,10,98.14
2025-12-31,9:51:05.704389421,T,TGT,I,2,98.155
2025-12-31,9:51:10.339111759,T,TGT,F,100,98.13
2025-12-31,9:51:10.339127245,T,TGT,F,100,98.13
2025-12-31,9:51:23.173537535,T,TGT,F I,50,98.12
2025-12-31,9:51:23.173582550,T,TGT,F I,50,98.12
2025-12-31,9:51:32.332646473,T,TGT,F I,50,98.1
2025-12-31,9:51:32.332691621,T,TGT,F I,50,98.1
2025-12-31,9:51:32.333013435,T,TGT,F,100,98.09
2025-12-31,9:51:32.333013435,T,TGT,F I,1,98.09
2025-12-31,9:51:32.333100514,T,TGT,F I,11,98.09
2025-12-31,9:51:32.479125405,T,TGT,I,33,98.08
2025-12-31,9:51:32.479143512,T,TGT,F I,67,98.08
2025-12-31,9:51:35.381131907,T,TGT,F I,50,98.07
2025-12-31,9:51:45.511828482,T,TGT,F I,50,98.02
2025-12-31,9:51:45.512354741,T,TGT,I,50,98.02
2025-12-31,9:51:45.752118876,T,TGT,F,100,98.02
2025-12-31,9:51:46.772091853,T,TGT,F I,1,98.0
2025-12-31,9:51:46.773123223,T,TGT,,100,98.01
2025-12-31,9:51:48.443648016,T,TGT,I,25,98.03
2025-12-31,9:52:05.690242906,T,TGT,F,100,98.01
2025-12-31,9:52:05.690242906,T,TGT,F,100,98.0
2025-12-31,9:52:05.690244894,T,TGT,F,100,98.0
2025-12-31,9:52:05.690284004,T,TGT,I,1,98.0
2025-12-31,9:52:06.109016528,T,TGT,I,7,98.0
2025-12-31,9:52:07.435022499,T,TGT,F I,2,97.98
2025-12-31,9:52:07.712472387,T,TGT,I,80,98.0
2025-12-31,9:52:14.885448708,T,TGT,F,100,97.97
2025-12-31,9:52:14.890609009,T,TGT,,100,97.955
2025-12-31,9:52:24.926625032,T,TGT,I,68,97.93
2025-12-31,9:52:37.816899690,T,TGT,F,100,97.93
2025-12-31,9:52:37.825013037,T,TGT,,100,97.93
2025-12-31,9:52:37.830642455,T,TGT,,100,97.93
2025-12-31,9:52:39.543390746,T,TGT,,100,97.93
2025-12-31,9:52:39.549008153,T,TGT,,100,97.93
2025-12-31,9:52:41.080111756,T,TGT,,100,97.93
2025-12-31,9:52:41.088264098,T,TGT,,100,97.93
2025-12-31,9:52:42.872522764,T,TGT,,100,97.93
2025-12-31,9:52:42.873262740,T,TGT,F,100,97.92
2025-12-31,9:52:42.873265564,T,TGT,F I,50,97.92
2025-12-31,9:52:42.873395043,T,TGT,,100,97.93
2025-12-31,9:52:42.893867635,T,TGT,I,20,97.9
2025-12-31,9:52:42.893867635,T,TGT,I,80,97.9
2025-12-31,9:52:43.601573636,T,TGT,F I,20,97.9
2025-12-31,9:52:43.601573636,T,TGT,F I,74,97.89
2025-12-31,9:52:43.601591717,T,TGT,F I,26,97.89
2025-12-31,9:52:59.835965421,T,TGT,F,150,97.89
2025-12-31,9:52:59.835983391,T,TGT,F,100,97.89
2025-12-31,9:52:59.836052474,T,TGT,F,100,97.88
2025-12-31,9:52:59.836669848,T,TGT,F I,46,97.88
2025-12-31,9:52:59.836669848,T,TGT,F I,1,97.88
2025-12-31,9:52:59.836669848,T,TGT,F I,50,97.88
2025-12-31,9:52:59.836672137,T,TGT,F I,1,97.88
2025-12-31,9:53:04.940064019,T,TGT,F I,50,97.87
2025-12-31,9:53:04.940066905,T,TGT,F I,50,97.86
2025-12-31,9:53:05.298457823,T,TGT,I,12,97.9
2025-12-31,9:53:05.541277233,T,TGT,I,19,97.9
2025-12-31,9:53:06.360173166,T,TGT,F I,10,97.91
2025-12-31,9:53:06.360176182,T,TGT,F I,2,97.91
2025-12-31,9:53:06.430074612,T,TGT,I,11,97.905
2025-12-31,9:53:07.642160170,T,TGT,I,6,97.905
2025-12-31,9:53:08.737071702,T,TGT,I,4,97.89
2025-12-31,9:53:19.195052885,T,TGT,I,3,97.94
2025-12-31,9:53:28.059931858,T,TGT,,100,97.96
2025-12-31,9:53:28.256444015,T,TGT,F,100,97.94
2025-12-31,9:53:33.430444051,T,TGT,F I,50,97.9
2025-12-31,9:53:45.828205561,T,TGT,I,8,97.93
2025-12-31,9:53:50.042379056,T,TGT,I,30,97.94
2025-12-31,9:53:50.042442170,T,TGT,F I,1,97.95
2025-12-31,9:53:50.042445173,T,TGT,F I,1,97.95
2025-12-31,9:53:50.068809003,T,TGT,I,14,97.96
2025-12-31,9:53:50.068809003,T,TGT,I,7,97.96
2025-12-31,9:53:50.069151783,T,TGT,F I,2,97.97
2025-12-31,9:53:50.069191282,T,TGT,I,2,97.98
2025-12-31,9:53:50.069193861,T,TGT,I,98,97.98
2025-12-31,9:53:50.069215039,T,TGT,F I,2,97.98
2025-12-31,9:53:50.069215039,T,TGT,F I,16,97.98
2025-12-31,9:53:50.069221025,T,TGT,F I,1,97.98
2025-12-31,9:53:50.069221025,T,TGT,F I,1,97.98
2025-12-31,9:53:50.069224333,T,TGT,F I,2,97.98
2025-12-31,9:53:50.069224333,T,TGT,F I,1,97.98
2025-12-31,9:53:50.069226910,T,TGT,F I,7,97.98
2025-12-31,9:53:50.069885586,T,TGT,F I,1,97.97
2025-12-31,9:53:50.069930610,T,TGT,F I,50,97.97
2025-12-31,9:53:50.070511008,T,TGT,I,6,97.97
2025-12-31,9:53:50.261339619,T,TGT,I,10,97.98
2025-12-31,9:53:50.261875610,T,TGT,F I,40,97.99
2025-12-31,9:53:50.261878650,T,TGT,F I,20,97.99
2025-12-31,9:53:50.261880901,T,TGT,F I,20,97.99
2025-12-31,9:53:50.263760356,T,TGT,,100,98.0
2025-12-31,9:53:50.263760356,T,TGT,,100,98.0
2025-12-31,9:53:55.963036862,T,TGT,F I,40,98.01
2025-12-31,9:53:55.963036862,T,TGT,F I,20,98.01
2025-12-31,9:53:55.963064622,T,TGT,F,100,98.02
2025-12-31,9:53:55.963109027,T,TGT,F I,40,98.03
2025-12-31,9:53:55.963391754,T,TGT,F I,20,98.04
2025-12-31,9:53:55.963397725,T,TGT,F I,6,98.04
2025-12-31,9:53:55.963863925,T,TGT,F I,18,98.04
2025-12-31,9:53:55.963876298,T,TGT,F I,82,98.04
2025-12-31,9:53:55.963878898,T,TGT,F I,2,98.06
2025-12-31,9:53:55.971895970,T,TGT,F I,1,98.07
2025-12-31,9:53:55.971898978,T,TGT,F I,99,98.08
2025-12-31,9:53:55.975312099,T,TGT,F I,1,98.08
2025-12-31,9:53:56.303679385,T,TGT,I,6,98.06
2025-12-31,9:53:57.436917148,T,TGT,I,5,98.06
2025-12-31,9:54:06.964081885,T,TGT,I,80,98.08
2025-12-31,9:54:08.207832907,T,TGT,F I,1,98.09
2025-12-31,9:54:08.207872011,T,TGT,F I,1,98.08
2025-12-31,9:54:13.515050361,T,TGT,F I,1,98.08
2025-12-31,9:54:13.515050361,T,TGT,F I,99,98.08
2025-12-31,9:54:23.385055912,T,TGT,I,10,98.08
2025-12-31,9:54:27.986179164,T,TGT,F I,10,98.1
2025-12-31,9:54:37.243968571,T,TGT,F I,50,98.1
2025-12-31,9:54:37.244196693,T,TGT,F I,50,98.1
2025-12-31,9:54:45.194392639,T,TGT,I,2,98.05
2025-12-31,9:54:52.839301238,T,TGT,I,53,98.11
2025-12-31,9:54:52.845258397,T,TGT,I,53,98.12
2025-12-31,9:54:52.851501290,T,TGT,I,20,98.13
2025-12-31,9:54:52.851501290,T,TGT,I,33,98.13
2025-12-31,9:54:52.857067613,T,TGT,I,51,98.09
2025-12-31,9:54:52.857067613,T,TGT,I,1,98.09
2025-12-31,9:54:52.858225280,T,TGT,I,53,98.1
2025-12-31,9:54:56.050729995,T,TGT,I,1,98.085
2025-12-31,9:54:56.050729995,T,TGT,I,1,98.085
2025-12-31,9:54:56.050756998,T,TGT,I,50,98.085
2025-12-31,9:54:56.053270879,T,TGT,I,50,98.085
2025-12-31,9:54:56.444442893,T,TGT,I,55,98.085
2025-12-31,9:54:57.521864575,T,TGT,I,55,98.085
2025-12-31,9:54:57.733556928,T,TGT,I,7,98.085
2025-12-31,9:54:58.367572368,T,TGT,I,1,98.085
2025-12-31,9:55:43.333142993,T,TGT,F,100,98.06
2025-12-31,9:55:43.333145769,T,TGT,F I,50,98.06
2025-12-31,9:55:43.333145769,T,TGT,F I,50,98.06
2025-12-31,9:55:43.333148672,T,TGT,,100,98.06
2025-12-31,9:55:47.200830851,T,TGT,I,80,98.03
2025-12-31,9:55:52.360240272,T,TGT,,102,98.03
2025-12-31,9:55:52.360279963,T,TGT,,198,98.03
2025-12-31,9:55:52.360279963,T,TGT,,100,98.02
2025-12-31,9:55:52.360282267,T,TGT,I,1,98.02
2025-12-31,9:55:52.360285313,T,TGT,I,1,98.02
2025-12-31,9:55:52.360757470,T,TGT,F I,49,98.02
2025-12-31,9:55:52.360761239,T,TGT,F,100,98.02
2025-12-31,9:55:52.360764054,T,TGT,F I,71,98.02
2025-12-31,9:55:52.360767551,T,TGT,F,100,98.02
2025-12-31,9:55:52.360767551,T,TGT,F I,6,98.02
2025-12-31,9:55:52.360772988,T,TGT,F,100,98.02
2025-12-31,9:55:52.360772988,T,TGT,F I,85,98.02
2025-12-31,9:55:52.360772988,T,TGT,F I,15,98.02
2025-12-31,9:55:52.360775584,T,TGT,F I,15,98.02
2025-12-31,9:55:52.360779474,T,TGT,F I,36,98.02
2025-12-31,9:55:52.360779474,T,TGT,F I,49,98.02
2025-12-31,9:55:52.360779474,T,TGT,F,100,98.02
2025-12-31,9:55:52.360785475,T,TGT,F,100,98.02
2025-12-31,9:55:52.360785475,T,TGT,F,182,98.02
2025-12-31,9:55:52.360790821,T,TGT,,100,98.03
2025-12-31,9:55:52.360790821,T,TGT,I,12,98.03
2025-12-31,9:55:52.360793516,T,TGT,F I,69,98.02
2025-12-31,9:55:52.360805554,T,TGT,I,1,98.03
2025-12-31,9:55:52.361765127,T,TGT,I,80,98.02
2025-12-31,9:55:52.361765127,T,TGT,I,87,98.03
2025-12-31,9:55:52.361767892,T,TGT,I,2,98.03
2025-12-31,9:55:52.361767892,T,TGT,I,31,98.03
2025-12-31,9:55:52.370774301,T,TGT,F,100,98.01
2025-12-31,9:55:52.370777274,T,TGT,F I,36,98.01
2025-12-31,9:55:53.296613976,T,TGT,F,100,97.99
2025-12-31,9:55:53.296632640,T,TGT,I,1,97.99
2025-12-31,9:55:53.296637960,T,TGT,F I,34,97.99
2025-12-31,9:55:57.535782949,T,TGT,F I,50,97.93
2025-12-31,9:56:03.848253331,T,TGT,F,100,97.91
2025-12-31,9:56:03.848253331,T,TGT,F,100,97.91
2025-12-31,9:56:03.848259349,T,TGT,F I,34,97.91
2025-12-31,9:56:03.848782613,T,TGT,I,50,97.91
2025-12-31,9:56:03.848785523,T,TGT,I,50,97.92
2025-12-31,9:56:06.731339119,T,TGT,I,10,97.92
2025-12-31,9:56:06.731339119,T,TGT,I,20,97.92
2025-12-31,9:56:06.731342051,T,TGT,I,1,97.92
2025-12-31,9:56:06.731862465,T,TGT,I,34,97.94
2025-12-31,9:56:06.731864998,T,TGT,I,50,97.94
2025-12-31,9:56:09.499947333,T,TGT,F I,24,97.97
2025-12-31,9:56:16.339613308,T,TGT,F I,11,97.98
2025-12-31,9:56:16.339627830,T,TGT,F I,9,97.98
2025-12-31,9:56:16.339630757,T,TGT,F I,1,97.98
2025-12-31,9:56:16.340400715,T,TGT,F I,73,97.99
2025-12-31,9:56:16.340418631,T,TGT,F I,27,97.99
2025-12-31,9:56:19.564480423,T,TGT,F I,10,98.01
2025-12-31,9:56:19.564714945,T,TGT,F I,40,98.02
2025-12-31,9:56:19.564714945,T,TGT,F I,13,98.02
2025-12-31,9:56:19.620708380,T,TGT,I,80,98.0
2025-12-31,9:56:19.620708380,T,TGT,I,51,98.0
2025-12-31,9:56:25.159829292,T,TGT,,100,97.99
2025-12-31,9:56:25.159847362,T,TGT,I,1,97.99
2025-12-31,9:56:25.160082370,T,TGT,I,50,97.99
2025-12-31,9:56:25.190457593,T,TGT,F I,43,98.0
2025-12-31,9:56:25.198510502,T,TGT,F,100,98.01
2025-12-31,9:56:25.198510502,T,TGT,F,100,98.01
2025-12-31,9:56:25.198513451,T,TGT,F I,11,98.01
2025-12-31,9:56:25.273479036,T,TGT,I,32,98.01
2025-12-31,9:56:29.462796050,T,TGT,F,100,98.01
2025-12-31,9:56:29.462798359,T,TGT,F,100,98.0
2025-12-31,9:56:29.462801349,T,TGT,F I,9,98.0
2025-12-31,9:56:29.462816369,T,TGT,F I,20,98.0
2025-12-31,9:56:33.494142368,T,TGT,I,50,97.99
2025-12-31,9:56:49.845906500,T,TGT,I,16,97.97
2025-12-31,9:56:49.845906500,T,TGT,I,16,97.97
2025-12-31,9:56:50.118490901,T,TGT,F I,48,97.965
2025-12-31,9:56:50.118602167,T,TGT,,100,97.96
2025-12-31,9:56:50.118621308,T,TGT,I,1,97.96
2025-12-31,9:56:50.118623201,T,TGT,I,44,97.96
2025-12-31,9:56:50.118632251,T,TGT,I,4,97.96
2025-12-31,9:56:54.485560508,T,TGT,,100,97.95
2025-12-31,9:56:54.485563541,T,TGT,,100,97.95
2025-12-31,9:56:54.485581788,T,TGT,I,1,97.95
2025-12-31,9:57:07.592354194,T,TGT,,100,97.91
2025-12-31,9:57:09.285249043,T,TGT,I,24,97.9
2025-12-31,9:57:09.285264041,T,TGT,F I,76,97.9
2025-12-31,9:57:16.461097211,T,TGT,F,100,97.92
2025-12-31,9:57:17.696725983,T,TGT,F I,10,97.96
2025-12-31,9:57:27.728176931,T,TGT,F I,34,97.96
2025-12-31,9:57:32.575839688,T,TGT,I,2,97.96
2025-12-31,9:57:38.357130672,T,TGT,F,100,97.98
2025-12-31,9:57:38.357134128,T,TGT,F I,1,97.98
2025-12-31,9:57:38.357136675,T,TGT,F I,10,97.98
2025-12-31,9:57:41.513263641,T,TGT,,100,97.98
2025-12-31,9:57:41.513263641,T,TGT,I,15,97.98
2025-12-31,9:57:41.513281627,T,TGT,I,1,97.98
2025-12-31,9:57:41.513311709,T,TGT,,100,97.98
2025-12-31,9:57:48.973944478,T,TGT,I,14,97.97
2025-12-31,9:58:06.011723881,T,TGT,F I,14,98.0
2025-12-31,9:58:18.914063360,T,TGT,I,42,97.985
2025-12-31,9:58:18.920315178,T,TGT,,100,97.97
2025-12-31,9:58:18.920315178,T,TGT,I,1,97.96
2025-12-31,9:58:18.920318295,T,TGT,F I,99,97.96
2025-12-31,9:58:18.920324267,T,TGT,F I,1,97.96
2025-12-31,9:58:21.656073680,T,TGT,I,5,97.96
2025-12-31,9:58:33.865340009,T,TGT,I,51,97.91
2025-12-31,9:58:33.865342947,T,TGT,I,1,97.91
2025-12-31,9:58:33.866043614,T,TGT,F I,50,97.9
2025-12-31,9:58:33.866109883,T,TGT,F I,30,97.9
2025-12-31,9:58:33.866242103,T,TGT,,100,97.875
2025-12-31,9:59:13.526745049,T,TGT,I,1,97.89
2025-12-31,9:59:13.526748127,T,TGT,I,24,97.89
2025-12-31,9:59:19.985940913,T,TGT,I,1,97.895
2025-12-31,9:59:21.879852843,T,TGT,I,40,97.88
2025-12-31,9:59:21.880102463,T,TGT,,100,97.88
2025-12-31,9:59:21.881010602,T,TGT,I,66,97.88
2025-12-31,9:59:21.883344190,T,TGT,I,34,97.88
2025-12-31,9:59:21.884607171,T,TGT,,100,97.87
2025-12-31,9:59:24.902738374,T,TGT,I,1,97.85
2025-12-31,9:59:24.902834547,T,TGT,F I,51,97.84
2025-12-31,9:59:29.954512353,T,TGT,,100,97.81
2025-12-31,9:59:29.954530365,T,TGT,I,1,97.81
2025-12-31,9:59:35.179499073,T,TGT,,100,97.83
2025-12-31,9:59:40.185525077,T,TGT,,100,97.84
2025-12-31,9:59:40.185540104,T,TGT,I,1,97.84
2025-12-31,9:59:47.066830418,T,TGT,I,1,97.83
2025-12-31,9:59:55.995241682,T,TGT,I,1,97.83
2025-12-31,10:00:00.207271132,T,TGT,F I,20,97.84
2025-12-31,10:00:00.517087652,T,TGT,,100,97.85
2025-12-31,10:00:00.517087652,T,TGT,I,56,97.85
2025-12-31,10:00:00.517090250,T,TGT,I,10,97.85
2025-12-31,10:00:01.662106953,T,TGT,I,5,97.83
2025-12-31,10:00:09.575973300,T,TGT,I,9,97.84
2025-12-31,10:00:09.576012409,T,TGT,I,17,97.84
2025-12-31,10:00:09.576015507,T,TGT,,100,97.83
2025-12-31,10:00:09.576018447,T,TGT,,100,97.83
2025-12-31,10:00:09.576018447,T,TGT,,200,97.83
2025-12-31,10:00:09.576066580,T,TGT,I,85,97.83
2025-12-31,10:00:09.576090565,T,TGT,I,1,97.83
2025-12-31,10:00:09.576102690,T,TGT,I,14,97.83
2025-12-31,10:00:10.865183683,T,TGT,F,100,97.82
2025-12-31,10:00:10.865219796,T,TGT,I,26,97.83
2025-12-31,10:00:10.865246818,T,TGT,F I,5,97.82
2025-12-31,10:00:10.865264919,T,TGT,F I,95,97.82
2025-12-31,10:00:10.865947583,T,TGT,F I,5,97.81
2025-12-31,10:00:20.207576147,T,TGT,,100,97.84
2025-12-31,10:00:23.941659023,T,TGT,F I,50,97.84
2025-12-31,10:00:24.946154080,T,TGT,I,50,97.84
2025-12-31,10:00:24.946154080,T,TGT,I,25,97.84
2025-12-31,10:00:26.724587801,T,TGT,I,4,97.85
2025-12-31,10:00:26.724590823,T,TGT,I,96,97.85
2025-12-31,10:00:26.724608840,T,TGT,I,1,97.85
2025-12-31,10:00:36.114704134,T,TGT,I,6,97.83
2025-12-31,10:00:36.114761262,T,TGT,I,25,97.84
2025-12-31,10:00:39.234402590,T,TGT,I,3,97.85
2025-12-31,10:00:39.234405262,T,TGT,I,97,97.85
2025-12-31,10:00:39.234423236,T,TGT,I,1,97.85
2025-12-31,10:00:39.234423236,T,TGT,F I,2,97.85
2025-12-31,10:00:55.895351026,T,TGT,F I,25,97.85
2025-12-31,10:00:55.895354034,T,TGT,F,100,97.85
2025-12-31,10:00:55.895354034,T,TGT,F I,50,97.85
2025-12-31,10:00:55.895356920,T,TGT,F I,1,97.85
2025-12-31,10:00:55.895356920,T,TGT,F,100,97.85
2025-12-31,10:00:55.895377925,T,TGT,F I,6,97.85
2025-12-31,10:01:02.575089154,T,TGT,I,16,97.81
2025-12-31,10:01:25.715210464,T,TGT,F I,12,97.82
2025-12-31,10:01:25.715210464,T,TGT,F I,14,97.83
2025-12-31,10:01:25.715214310,T,TGT,F,100,97.84
2025-12-31,10:01:25.715214310,T,TGT,F,100,97.84
2025-12-31,10:01:25.715216341,T,TGT,F I,56,97.84
2025-12-31,10:01:25.739186478,T,TGT,,100,97.84
2025-12-31,10:01:25.744707634,T,TGT,,100,97.84
2025-12-31,10:01:28.307097076,T,TGT,I,4,97.82
2025-12-31,10:01:28.372773535,T,TGT,I,16,97.82
2025-12-31,10:01:29.336136484,T,TGT,I,3,97.82
2025-12-31,10:01:29.533764355,T,TGT,I,17,97.82
2025-12-31,10:01:30.468989382,T,TGT,I,1,97.82
2025-12-31,10:01:38.762642514,T,TGT,F,100,97.79
2025-12-31,10:01:38.762663654,T,TGT,I,1,97.79
2025-12-31,10:01:38.762687627,T,TGT,I,14,97.79
2025-12-31,10:01:38.763481440,T,TGT,F I,50,97.79
2025-12-31,10:01:38.763487479,T,TGT,I,35,97.79
2025-12-31,10:01:48.017857383,T,TGT,,100,97.79
2025-12-31,10:01:57.984940144,T,TGT,I,47,97.815
2025-12-31,10:01:58.652434676,T,TGT,F I,50,97.82
2025-12-31,10:01:58.652437891,T,TGT,F I,1,97.82
2025-12-31,10:01:58.652440532,T,TGT,F,100,97.83
2025-12-31,10:01:58.652440532,T,TGT,F I,17,97.84
2025-12-31,10:02:05.135967198,T,TGT,F I,40,97.83
2025-12-31,10:02:05.135967198,T,TGT,F I,31,97.83
2025-12-31,10:02:19.677836869,T,TGT,I,50,97.81
2025-12-31,10:02:19.677840033,T,TGT,,100,97.81
2025-12-31,10:02:20.887269767,T,TGT,F,100,97.75
2025-12-31,10:02:21.870206537,T,TGT,,100,97.69
2025-12-31,10:02:21.875183384,T,TGT,I,1,97.66
2025-12-31,10:02:21.875255510,T,TGT,,255,97.66
2025-12-31,10:02:21.903558922,T,TGT,F,100,97.66
2025-12-31,10:02:21.903561980,T,TGT,F,100,97.66
2025-12-31,10:02:21.924849615,T,TGT,,100,97.63
2025-12-31,10:02:21.987296444,T,TGT,I,59,97.68
2025-12-31,10:02:22.994386660,T,TGT,F I,50,97.65
2025-12-31,10:02:22.994527952,T,TGT,,100,97.65
2025-12-31,10:02:24.340769196,T,TGT,,100,97.65
2025-12-31,10:02:24.348756167,T,TGT,,100,97.65
2025-12-31,10:02:26.391829480,T,TGT,,100,97.65
2025-12-31,10:02:27.233185798,T,TGT,F,100,97.64
2025-12-31,10:02:27.233188772,T,TGT,F,200,97.64
2025-12-31,10:02:27.662485568,T,TGT,,100,97.63
2025-12-31,10:02:28.226575409,T,TGT,,100,97.63
2025-12-31,10:02:30.949953372,T,TGT,,100,97.63
2025-12-31,10:02:31.849961365,T,TGT,,100,97.63
2025-12-31,10:02:31.857774159,T,TGT,F,100,97.62
2025-12-31,10:02:45.457222247,T,TGT,I,3,97.61
2025-12-31,10:02:48.657984598,T,TGT,F I,8,97.57
2025-12-31,10:02:48.657987518,T,TGT,F I,4,97.57
2025-12-31,10:02:51.542266863,T,TGT,I,67,97.565
2025-12-31,10:03:04.330707060,T,TGT,,100,97.58
2025-12-31,10:03:04.330977716,T,TGT,F,100,97.57
2025-12-31,10:03:04.331284488,T,TGT,F I,2,97.57
2025-12-31,10:03:04.331302542,T,TGT,F I,48,97.57
2025-12-31,10:03:04.331338621,T,TGT,F I,25,97.57
2025-12-31,10:03:04.331368688,T,TGT,I,7,97.57
2025-12-31,10:03:04.331368688,T,TGT,I,91,97.575
2025-12-31,10:03:06.269732619,T,TGT,,100,97.57
2025-12-31,10:03:06.269735685,T,TGT,I,2,97.56
2025-12-31,10:03:06.269738534,T,TGT,F I,98,97.56
2025-12-31,10:03:06.269741461,T,TGT,F I,2,97.56
2025-12-31,10:03:12.915471828,T,TGT,,100,97.52
2025-12-31,10:03:12.915487478,T,TGT,F,100,97.51
2025-12-31,10:03:15.121647597,T,TGT,I,80,97.54
2025-12-31,10:03:15.121647597,T,TGT,,120,97.54
2025-12-31,10:03:16.890133720,T,TGT,F,100,97.52
2025-12-31,10:03:16.890152009,T,TGT,I,1,97.52
2025-12-31,10:03:16.890205895,T,TGT,I,99,97.52
2025-12-31,10:03:19.115631275,T,TGT,F I,5,97.5
2025-12-31,10:03:19.115633543,T,TGT,F I,1,97.5
2025-12-31,10:03:19.115636502,T,TGT,F I,16,97.5
2025-12-31,10:03:19.115708720,T,TGT,F I,2,97.5
2025-12-31,10:03:40.160867989,T,TGT,F I,40,97.46
2025-12-31,10:03:40.160883016,T,TGT,F I,1,97.46
2025-12-31,10:03:40.181274596,T,TGT,I,18,97.5
2025-12-31,10:03:40.184684771,T,TGT,,100,97.515
2025-12-31,10:03:40.201221125,T,TGT,F I,74,97.5
2025-12-31,10:03:40.201227181,T,TGT,I,26,97.5
2025-12-31,10:03:40.201242120,T,TGT,F I,1,97.49
2025-12-31,10:03:40.201293324,T,TGT,F I,43,97.49
2025-12-31,10:03:40.201293324,T,TGT,F I,30,97.49
2025-12-31,10:03:49.674801186,T,TGT,I,56,97.54
2025-12-31,10:03:49.823535604,T,TGT,I,18,97.51
2025-12-31,10:03:49.914505279,T,TGT,I,18,97.51
2025-12-31,10:03:58.849078256,T,TGT,I,50,97.515
2025-12-31,10:04:00.155543679,T,TGT,,100,97.53
2025-12-31,10:04:02.253657456,T,TGT,,100,97.53
2025-12-31,10:04:02.253657456,T,TGT,I,18,97.54
2025-12-31,10:04:02.253660085,T,TGT,I,20,97.54
2025-12-31,10:04:02.253663115,T,TGT,I,62,97.54
2025-12-31,10:04:02.253675120,T,TGT,I,1,97.54
2025-12-31,10:04:02.260747986,T,TGT,I,17,97.54
2025-12-31,10:04:02.260747986,T,TGT,I,83,97.54
2025-12-31,10:04:02.260787111,T,TGT,I,17,97.54
2025-12-31,10:04:02.260850209,T,TGT,I,20,97.52
2025-12-31,10:04:02.261069722,T,TGT,F I,12,97.52
2025-12-31,10:04:02.261081804,T,TGT,I,12,97.52
2025-12-31,10:04:02.261099830,T,TGT,F I,8,97.52
2025-12-31,10:04:02.349209750,T,TGT,I,40,97.51
2025-12-31,10:04:02.456535410,T,TGT,I,40,97.51
2025-12-31,10:04:03.467799560,T,TGT,I,40,97.51
2025-12-31,10:04:03.598668264,T,TGT,I,40,97.51
2025-12-31,10:04:04.542340466,T,TGT,I,40,97.53
2025-12-31,10:04:04.542340466,T,TGT,I,1,97.53
2025-12-31,10:04:04.543699747,T,TGT,F,100,97.56
2025-12-31,10:04:04.543702755,T,TGT,F,100,97.56
2025-12-31,10:04:04.543705753,T,TGT,F I,60,97.56
2025-12-31,10:04:04.543705753,T,TGT,F,100,97.56
2025-12-31,10:04:04.543708722,T,TGT,F I,52,97.56
2025-12-31,10:04:04.544779623,T,TGT,I,80,97.57
2025-12-31,10:04:04.544782336,T,TGT,,100,97.56
2025-12-31,10:04:04.544782336,T,TGT,I,20,97.56
2025-12-31,10:04:04.544803361,T,TGT,F I,80,97.56
2025-12-31,10:04:04.644199433,T,TGT,I,30,97.56
2025-12-31,10:04:04.644202112,T,TGT,I,10,97.56
2025-12-31,10:04:04.644244249,T,TGT,F I,50,97.56
2025-12-31,10:04:04.739778775,T,TGT,I,4,97.55
2025-12-31,10:04:04.739796866,T,TGT,F I,96,97.55
2025-12-31,10:04:12.972242074,T,TGT,,100,97.565
2025-12-31,10:04:14.678588265,T,TGT,I,56,97.58
2025-12-31,10:04:14.678630375,T,TGT,I,44,97.58
2025-12-31,10:04:14.678943038,T,TGT,I,5,97.58
2025-12-31,10:04:14.678964224,T,TGT,F I,95,97.58
2025-12-31,10:04:14.678985426,T,TGT,I,1,97.58
2025-12-31,10:04:14.679009499,T,TGT,I,95,97.58
2025-12-31,10:04:14.679027297,T,TGT,F I,4,97.58
2025-12-31,10:04:16.119344507,T,TGT,I,3,97.58
2025-12-31,10:04:16.119363221,T,TGT,F I,37,97.58
2025-12-31,10:04:16.119365598,T,TGT,F I,80,97.58
2025-12-31,10:04:16.133442143,T,TGT,I,60,97.595
2025-12-31,10:04:20.757056110,T,TGT,I,10,97.57
2025-12-31,10:04:20.757059053,T,TGT,,100,97.57
2025-12-31,10:04:20.757074128,T,TGT,F,100,97.57
2025-12-31,10:04:27.248669116,T,TGT,F I,2,97.56
2025-12-31,10:04:27.248687189,T,TGT,F I,57,97.56
2025-12-31,10:04:27.248690150,T,TGT,F,100,97.56
2025-12-31,10:04:27.248693182,T,TGT,F,157,97.56
2025-12-31,10:04:27.248699217,T,TGT,I,48,97.56
2025-12-31,10:05:03.665672198,T,TGT,I,40,97.56
2025-12-31,10:05:03.665675165,T,TGT,I,9,97.56
2025-12-31,10:05:03.665846549,T,TGT,,100,97.54
2025-12-31,10:05:03.665846549,T,TGT,,100,97.54
2025-12-31,10:05:03.666144293,T,TGT,,100,97.54
2025-12-31,10:05:03.666168599,T,TGT,I,1,97.55
2025-12-31,10:05:03.666168599,T,TGT,,100,97.56
2025-12-31,10:05:03.666171799,T,TGT,I,99,97.56
2025-12-31,10:05:03.666174341,T,TGT,I,46,97.54
2025-12-31,10:05:03.666187444,T,TGT,,104,97.54
2025-12-31,10:05:03.666187444,T,TGT,I,50,97.54
2025-12-31,10:05:03.666192763,T,TGT,,100,97.54
2025-12-31,10:05:03.666192763,T,TGT,,250,97.54
2025-12-31,10:05:03.666195679,T,TGT,I,1,97.55
2025-12-31,10:05:03.666375862,T,TGT,I,40,97.55
2025-12-31,10:05:03.666378844,T,TGT,,563,97.55
2025-12-31,10:05:03.666405939,T,TGT,I,46,97.55
2025-12-31,10:05:03.666432974,T,TGT,F,104,97.55
2025-12-31,10:05:03.666432974,T,TGT,F I,99,97.55
2025-12-31,10:05:03.666574453,T,TGT,F I,12,97.56
2025-12-31,10:05:03.667542980,T,TGT,F I,13,97.55
2025-12-31,10:05:03.667542980,T,TGT,F I,12,97.55
2025-12-31,10:05:05.579744004,T,TGT,,100,97.545
2025-12-31,10:05:05.579744004,T,TGT,I,8,97.545
2025-12-31,10:05:13.683720528,T,TGT,I,3,97.55
2025-12-31,10:05:20.337377880,T,TGT,F I,28,97.54
2025-12-31,10:05:20.337377880,T,TGT,F I,19,97.54
2025-12-31,10:05:20.337381096,T,TGT,F I,78,97.53
2025-12-31,10:05:20.337392562,T,TGT,F I,22,97.53
2025-12-31,10:05:20.337395638,T,TGT,F I,25,97.53
2025-12-31,10:05:21.123705851,T,TGT,F I,48,97.52
2025-12-31,10:05:21.124030566,T,TGT,,100,97.49
2025-12-31,10:05:21.133088113,T,TGT,I,50,97.49
2025-12-31,10:05:21.133130297,T,TGT,I,50,97.49
2025-12-31,10:05:29.161873275,T,TGT,F I,5,97.53
2025-12-31,10:05:29.182511452,T,TGT,F I,11,97.53
2025-12-31,10:05:29.480031210,T,TGT,F I,12,97.54
2025-12-31,10:05:29.482070034,T,TGT,,150,97.535
2025-12-31,10:05:34.583074345,T,TGT,I,25,97.54
2025-12-31,10:05:48.934878843,T,TGT,,102,97.53
2025-12-31,10:05:50.760916430,T,TGT,F,100,97.5
2025-12-31,10:05:50.760919721,T,TGT,F I,24,97.5
2025-12-31,10:05:50.760922567,T,TGT,F I,50,97.5
2025-12-31,10:05:50.760922567,T,TGT,F I,1,97.5
2025-12-31,10:05:50.760925348,T,TGT,F I,1,97.5
2025-12-31,10:05:50.760925348,T,TGT,F I,1,97.5
2025-12-31,10:05:50.760928109,T,TGT,F I,1,97.5
2025-12-31,10:05:50.760931083,T,TGT,F,178,97.5
2025-12-31,10:05:50.760934632,T,TGT,I,1,97.5
2025-12-31,10:05:50.760949103,T,TGT,F I,4,97.5
2025-12-31,10:05:50.812607357,T,TGT,I,10,97.52
2025-12-31,10:05:50.837688998,T,TGT,,100,97.53
2025-12-31,10:05:50.837691932,T,TGT,I,5,97.53
2025-12-31,10:05:53.076394205,T,TGT,F,100,97.545
2025-12-31,10:05:53.076394205,T,TGT,F I,25,97.53
2025-12-31,10:05:53.076396288,T,TGT,F I,28,97.53
2025-12-31,10:05:53.076399304,T,TGT,F I,50,97.53
2025-12-31,10:05:53.076411372,T,TGT,F I,50,97.53
2025-12-31,10:05:53.305800796,T,TGT,I,50,97.55
2025-12-31,10:06:05.133782800,T,TGT,F I,14,97.56
2025-12-31,10:06:05.133785823,T,TGT,F I,31,97.56
2025-12-31,10:06:05.133788844,T,TGT,F I,45,97.56
2025-12-31,10:06:05.133954189,T,TGT,F I,5,97.55
2025-12-31,10:06:05.133957172,T,TGT,F I,27,97.55
2025-12-31,10:06:17.346239887,T,TGT,I,5,97.55
2025-12-31,10:06:19.201684048,T,TGT,I,1,97.55
2025-12-31,10:06:25.002007268,T,TGT,I,5,97.55
2025-12-31,10:06:25.658471152,T,TGT,F I,5,97.56
2025-12-31,10:06:25.658525317,T,TGT,I,10,97.56
2025-12-31,10:06:27.441972009,T,TGT,F I,17,97.565
2025-12-31,10:06:27.442116317,T,TGT,F I,17,97.565
2025-12-31,10:06:27.442347929,T,TGT,F I,17,97.565
2025-12-31,10:06:27.443256051,T,TGT,F I,3,97.58
2025-12-31,10:06:27.443259108,T,TGT,F I,20,97.58
2025-12-31,10:06:27.443262290,T,TGT,F I,1,97.6
2025-12-31,10:06:27.443262290,T,TGT,F I,16,97.6
2025-12-31,10:06:27.443637934,T,TGT,F I,26,97.595
2025-12-31,10:06:27.465040106,T,TGT,F I,17,97.63
2025-12-31,10:06:27.465043224,T,TGT,F,100,97.63
2025-12-31,10:06:27.714324812,T,TGT,I,17,97.62
2025-12-31,10:06:28.075455171,T,TGT,I,4,97.59
2025-12-31,10:06:28.118385498,T,TGT,I,4,97.59
2025-12-31,10:07:08.178895638,T,TGT,,100,97.595
2025-12-31,10:07:21.415646845,T,TGT,F,100,97.57
2025-12-31,10:07:21.415646845,T,TGT,F I,28,97.57
2025-12-31,10:07:21.415652848,T,TGT,F I,50,97.57
2025-12-31,10:07:21.415652848,T,TGT,F I,1,97.57
2025-12-31,10:07:21.415662491,T,TGT,F,179,97.57
2025-12-31,10:07:21.415667981,T,TGT,I,1,97.57
2025-12-31,10:07:21.415667981,T,TGT,I,20,97.57
2025-12-31,10:07:28.510812820,T,TGT,I,2,97.51
2025-12-31,10:07:31.652742706,T,TGT,F I,38,97.51
2025-12-31,10:07:31.652745741,T,TGT,F I,27,97.51
2025-12-31,10:07:31.652763816,T,TGT,I,1,97.51
2025-12-31,10:07:34.967139640,T,TGT,I,24,97.53
2025-12-31,10:07:34.967142660,T,TGT,I,19,97.53
2025-12-31,10:07:41.260090458,T,TGT,F I,1,97.55
2025-12-31,10:07:41.260093409,T,TGT,F I,10,97.55
2025-12-31,10:07:41.267966410,T,TGT,I,26,97.55
2025-12-31,10:07:41.267966410,T,TGT,I,2,97.55
2025-12-31,10:07:45.709613704,T,TGT,,100,97.54
2025-12-31,10:07:47.535338154,T,TGT,,100,97.51
2025-12-31,10:07:47.535338154,T,TGT,I,10,97.51
2025-12-31,10:07:51.786593019,T,TGT,F I,52,97.535
2025-12-31,10:07:51.786971870,T,TGT,,150,97.535
2025-12-31,10:07:51.786989950,T,TGT,I,98,97.535
2025-12-31,10:07:51.788532752,T,TGT,F,100,97.56
2025-12-31,10:07:51.788532752,T,TGT,F,100,97.56
2025-12-31,10:07:51.788542254,T,TGT,F,100,97.56
2025-12-31,10:07:51.788542254,T,TGT,F,100,97.56
2025-12-31,10:07:51.788548192,T,TGT,F I,16,97.56
2025-12-31,10:07:51.788548192,T,TGT,F,1295,97.56
2025-12-31,10:07:51.788550980,T,TGT,F I,52,97.57
2025-12-31,10:07:51.788550980,T,TGT,F I,16,97.57
2025-12-31,10:07:51.788574657,T,TGT,F I,50,97.56
2025-12-31,10:07:51.788581049,T,TGT,F I,50,97.56
2025-12-31,10:07:51.788601808,T,TGT,F I,20,97.56
2025-12-31,10:07:51.788983623,T,TGT,I,60,97.56
2025-12-31,10:08:00.803111264,T,TGT,,100,97.6
2025-12-31,10:08:28.738326769,T,TGT,I,3,97.59
2025-12-31,10:08:28.739171766,T,TGT,I,10,97.6
2025-12-31,10:08:30.116531106,T,TGT,I,20,97.61
2025-12-31,10:08:30.116531106,T,TGT,I,10,97.62
2025-12-31,10:08:30.116534082,T,TGT,I,60,97.62
2025-12-31,10:08:30.116537126,T,TGT,I,10,97.62
2025-12-31,10:08:30.116552145,T,TGT,F I,9,97.62
2025-12-31,10:08:30.424197014,T,TGT,,100,97.62
2025-12-31,10:08:30.432965911,T,TGT,I,25,97.62
2025-12-31,10:08:30.433401982,T,TGT,I,75,97.62
2025-12-31,10:08:30.433423068,T,TGT,F I,43,97.62
2025-12-31,10:08:30.433444709,T,TGT,,100,97.62
2025-12-31,10:08:33.025700712,T,TGT,,100,97.61
2025-12-31,10:08:33.026148704,T,TGT,F,100,97.6
2025-12-31,10:08:33.026172833,T,TGT,I,1,97.6
2025-12-31,10:08:35.124499735,T,TGT,,100,97.615
2025-12-31,10:08:36.237415015,T,TGT,I,25,97.615
2025-12-31,10:08:50.149518648,T,TGT,I,41,97.63
2025-12-31,10:08:50.149521431,T,TGT,,147,97.63
2025-12-31,10:08:50.149524251,T,TGT,I,12,97.63
2025-12-31,10:08:50.149536265,T,TGT,I,1,97.63
2025-12-31,10:08:50.149762165,T,TGT,I,6,97.63
2025-12-31,10:08:50.149764884,T,TGT,I,3,97.63
2025-12-31,10:08:54.810475087,T,TGT,I,70,97.62
2025-12-31,10:08:54.810496222,T,TGT,I,1,97.62
2025-12-31,10:08:54.810532267,T,TGT,I,29,97.62
2025-12-31,10:08:54.811281013,T,TGT,,100,97.61
2025-12-31,10:08:54.811759247,T,TGT,F I,17,97.61
2025-12-31,10:09:07.227064444,T,TGT,F I,2,97.61
2025-12-31,10:09:12.817577771,T,TGT,F,300,97.6
2025-12-31,10:09:12.818576183,T,TGT,I,44,97.56
2025-12-31,10:09:30.980532719,T,TGT,I,2,97.58
2025-12-31,10:09:34.252895611,T,TGT,I,32,97.61
2025-12-31,10:09:34.252907609,T,TGT,I,8,97.61
2025-12-31,10:09:34.252925622,T,TGT,I,1,97.61
2025-12-31,10:09:34.252964729,T,TGT,F I,59,97.61
2025-12-31,10:09:34.252967771,T,TGT,F I,40,97.61
2025-12-31,10:09:34.252967771,T,TGT,F I,21,97.61
2025-12-31,10:09:37.009848518,T,TGT,I,20,97.63
2025-12-31,10:09:38.563581473,T,TGT,I,17,97.64
2025-12-31,10:09:38.563581473,T,TGT,I,17,97.64
2025-12-31,10:09:38.563587288,T,TGT,I,1,97.64
2025-12-31,10:09:38.563587288,T,TGT,,100,97.64
2025-12-31,10:09:38.563590317,T,TGT,I,17,97.64
2025-12-31,10:09:38.563593147,T,TGT,I,19,97.64
2025-12-31,10:09:38.563896952,T,TGT,I,1,97.64
2025-12-31,10:09:38.563896952,T,TGT,,100,97.64
2025-12-31,10:09:38.564080357,T,TGT,,100,97.64
2025-12-31,10:09:44.824917614,T,TGT,F,100,97.61
2025-12-31,10:09:44.824989759,T,TGT,I,1,97.61
2025-12-31,10:09:57.523705211,T,TGT,F,199,97.65
2025-12-31,10:09:57.523708800,T,TGT,F I,60,97.65
2025-12-31,10:09:57.523711806,T,TGT,F I,17,97.65
2025-12-31,10:09:57.523717228,T,TGT,F I,17,97.65
2025-12-31,10:09:57.523720255,T,TGT,F I,26,97.65
2025-12-31,10:09:57.523720255,T,TGT,F I,56,97.65
2025-12-31,10:09:57.523723355,T,TGT,F I,10,97.65
2025-12-31,10:09:57.523726214,T,TGT,F I,13,97.65
2025-12-31,10:09:57.523732258,T,TGT,I,44,97.65
2025-12-31,10:09:57.523846474,T,TGT,I,59,97.64
2025-12-31,10:09:57.524099078,T,TGT,I,11,97.64
2025-12-31,10:09:57.524099078,T,TGT,I,48,97.64
2025-12-31,10:09:57.524270484,T,TGT,I,36,97.65
2025-12-31,10:09:57.524406150,T,TGT,I,33,97.65
2025-12-31,10:09:57.524444882,T,TGT,F I,1,97.65
2025-12-31,10:09:57.524466355,T,TGT,I,1,97.645
2025-12-31,10:09:57.524468990,T,TGT,I,7,97.645
2025-12-31,10:09:57.524538666,T,TGT,I,8,97.64
2025-12-31,10:09:57.524871954,T,TGT,I,42,97.64
2025-12-31,10:09:57.524917014,T,TGT,F I,10,97.65
2025-12-31,10:09:57.525010834,T,TGT,F I,49,97.65
2025-12-31,10:09:57.525013241,T,TGT,F I,51,97.65
2025-12-31,10:09:57.525076474,T,TGT,F I,8,97.65
2025-12-31,10:09:57.525085552,T,TGT,I,8,97.65
2025-12-31,10:09:57.525109454,T,TGT,F I,15,97.65
2025-12-31,10:09:57.525139934,T,TGT,,100,97.65
2025-12-31,10:09:57.525139934,T,TGT,,100,97.65
2025-12-31,10:09:57.525157772,T,TGT,I,1,97.65
2025-12-31,10:09:57.525254401,T,TGT,I,14,97.66
2025-12-31,10:09:57.525254401,T,TGT,I,29,97.66
2025-12-31,10:09:57.525256872,T,TGT,I,57,97.66
2025-12-31,10:09:57.525332164,T,TGT,I,14,97.65
2025-12-31,10:09:57.525335074,T,TGT,I,25,97.65
2025-12-31,10:09:57.525335074,T,TGT,I,3,97.65
2025-12-31,10:09:57.525551571,T,TGT,I,57,97.65
2025-12-31,10:09:57.525551571,T,TGT,I,2,97.65
2025-12-31,10:09:57.525738019,T,TGT,I,14,97.65
2025-12-31,10:09:57.525738019,T,TGT,I,1,97.65
2025-12-31,10:09:57.525828198,T,TGT,I,1,97.65
2025-12-31,10:09:57.525828198,T,TGT,I,14,97.65
2025-12-31,10:09:57.525832490,T,TGT,I,3,97.65
2025-12-31,10:09:57.525834389,T,TGT,I,29,97.65
2025-12-31,10:09:57.529073061,T,TGT,F I,1,97.65
2025-12-31,10:09:57.529073061,T,TGT,F I,2,97.65
2025-12-31,10:09:57.546514519,T,TGT,F I,29,97.66
2025-12-31,10:09:57.763926451,T,TGT,I,80,97.66
2025-12-31,10:09:57.763926451,T,TGT,I,49,97.65
2025-12-31,10:09:57.763944953,T,TGT,F I,51,97.65
2025-12-31,10:09:57.763947449,T,TGT,F I,29,97.65
2025-12-31,10:09:57.764663318,T,TGT,F I,8,97.66
2025-12-31,10:09:57.764663318,T,TGT,F I,29,97.66
2025-12-31,10:09:57.764666973,T,TGT,F I,29,97.66
2025-12-31,10:09:57.764925823,T,TGT,I,63,97.66
2025-12-31,10:09:57.764928026,T,TGT,I,8,97.66
2025-12-31,10:09:57.764930848,T,TGT,I,57,97.66
2025-12-31,10:09:57.839860379,T,TGT,I,28,97.66
2025-12-31,10:10:01.918004833,T,TGT,I,10,97.66
2025-12-31,10:10:05.144715928,T,TGT,F I,20,97.67
2025-12-31,10:10:05.144718769,T,TGT,F I,46,97.67
2025-12-31,10:10:05.144721762,T,TGT,F I,37,97.67
2025-12-31,10:10:07.895834760,T,TGT,I,1,97.67
2025-12-31,10:10:10.167527808,T,TGT,I,20,97.68
2025-12-31,10:10:10.167530585,T,TGT,I,80,97.68
2025-12-31,10:10:10.167545613,T,TGT,I,1,97.68
2025-12-31,10:10:10.167578984,T,TGT,I,19,97.68
2025-12-31,10:10:10.167578984,T,TGT,I,10,97.68
2025-12-31,10:10:12.601342668,T,TGT,I,1,97.69
2025-12-31,10:10:12.611711459,T,TGT,I,31,97.69
2025-12-31,10:10:14.174056379,T,TGT,F I,29,97.68
2025-12-31,10:10:14.174056379,T,TGT,F I,12,97.68
2025-12-31,10:10:14.174062367,T,TGT,F,100,97.68
2025-12-31,10:10:14.174062367,T,TGT,F,141,97.68
2025-12-31,10:10:14.174077391,T,TGT,I,1,97.68
2025-12-31,10:10:14.174077391,T,TGT,,141,97.68
2025-12-31,10:10:14.174122509,T,TGT,,100,97.68
2025-12-31,10:10:32.961052040,T,TGT,,100,97.685
2025-12-31,10:10:37.965154065,T,TGT,I,30,97.685
2025-12-31,10:10:37.967691518,T,TGT,I,50,97.685
2025-12-31,10:10:37.970250600,T,TGT,I,20,97.685
2025-12-31,10:10:48.633008073,T,TGT,I,30,97.685
2025-12-31,10:10:48.635545969,T,TGT,I,50,97.685
2025-12-31,10:10:53.508543921,T,TGT,I,20,97.685
2025-12-31,10:10:54.420956679,T,TGT,F,100,97.67
2025-12-31,10:10:54.420960131,T,TGT,F,100,97.67
2025-12-31,10:10:54.420962672,T,TGT,F I,2,97.67
2025-12-31,10:10:54.420977704,T,TGT,I,53,97.67
2025-12-31,10:10:54.420980834,T,TGT,F I,45,97.67
2025-12-31,10:10:54.421428826,T,TGT,I,52,97.67
2025-12-31,10:11:00.102771461,T,TGT,I,10,97.65
2025-12-31,10:11:00.102773585,T,TGT,I,46,97.65
2025-12-31,10:11:00.103143419,T,TGT,I,6,97.65
2025-12-31,10:11:04.012068717,T,TGT,F I,40,97.66
2025-12-31,10:11:04.012408556,T,TGT,F I,40,97.66
2025-12-31,10:11:04.012477714,T,TGT,F I,20,97.66
2025-12-31,10:11:04.012477714,T,TGT,F I,20,97.65
2025-12-31,10:11:04.012516834,T,TGT,I,20,97.65
2025-12-31,10:11:05.766511369,T,TGT,F,100,97.62
2025-12-31,10:11:05.788487836,T,TGT,,100,97.61
2025-12-31,10:11:22.496982741,T,TGT,F I,6,97.61
2025-12-31,10:11:39.854541692,T,TGT,F I,10,97.6
2025-12-31,10:11:39.854543865,T,TGT,F I,40,97.6
2025-12-31,10:11:39.854745397,T,TGT,I,60,97.6
2025-12-31,10:11:39.854806030,T,TGT,F,100,97.59
2025-12-31,10:11:39.854806030,T,TGT,F,100,97.59
2025-12-31,10:11:39.854811485,T,TGT,F I,50,97.59
2025-12-31,10:11:39.854811485,T,TGT,F I,1,97.59
2025-12-31,10:11:39.854814599,T,TGT,F I,28,97.59
2025-12-31,10:11:39.854817501,T,TGT,F I,2,97.59
2025-12-31,10:11:39.854892648,T,TGT,I,10,97.595
2025-12-31,10:11:39.855006957,T,TGT,,100,97.6
2025-12-31,10:11:39.855049084,T,TGT,I,10,97.595
2025-12-31,10:11:39.855403922,T,TGT,F I,1,97.58
2025-12-31,10:11:39.856342225,T,TGT,,100,97.58
2025-12-31,10:11:44.444294172,T,TGT,I,10,97.565
2025-12-31,10:12:26.934854267,T,TGT,F,100,97.53
2025-12-31,10:12:26.934875393,T,TGT,I,1,97.53
2025-12-31,10:12:50.578843866,T,TGT,F,100,97.53
2025-12-31,10:12:50.578858827,T,TGT,I,1,97.53
2025-12-31,10:12:50.578862046,T,TGT,F I,99,97.53
2025-12-31,10:12:50.578862046,T,TGT,F I,1,97.53
2025-12-31,10:12:50.578867940,T,TGT,F I,53,97.53
2025-12-31,10:12:50.686921288,T,TGT,,100,97.53
2025-12-31,10:12:50.686921288,T,TGT,I,13,97.53
2025-12-31,10:12:50.686924346,T,TGT,I,2,97.53
2025-12-31,10:12:50.686927290,T,TGT,,100,97.53
2025-12-31,10:12:50.687152852,T,TGT,F I,3,97.53
2025-12-31,10:12:52.940908042,T,TGT,I,1,97.54
2025-12-31,10:12:52.941518484,T,TGT,I,14,97.54
2025-12-31,10:12:54.180367718,T,TGT,I,23,97.54
2025-12-31,10:12:54.657060426,T,TGT,I,77,97.54
2025-12-31,10:12:55.176647724,T,TGT,F I,10,97.55
2025-12-31,10:12:55.176647724,T,TGT,F I,38,97.55
2025-12-31,10:12:55.176650222,T,TGT,F,100,97.55
2025-12-31,10:12:58.893029799,T,TGT,F I,6,97.55
2025-12-31,10:13:02.644418767,T,TGT,,100,97.55
2025-12-31,10:13:03.817970488,T,TGT,F I,50,97.55
2025-12-31,10:13:04.494513309,T,TGT,I,10,97.55
2025-12-31,10:13:08.841994450,T,TGT,F I,50,97.54
2025-12-31,10:13:09.120683340,T,TGT,I,92,97.54
2025-12-31,10:13:09.120806630,T,TGT,I,58,97.54
2025-12-31,10:13:09.179377109,T,TGT,I,67,97.53
2025-12-31,10:13:09.179395182,T,TGT,I,1,97.53
2025-12-31,10:13:09.186561260,T,TGT,I,7,97.54
2025-12-31,10:13:11.741309453,T,TGT,F I,8,97.53
2025-12-31,10:13:11.741463131,T,TGT,I,24,97.53
2025-12-31,10:13:11.741465916,T,TGT,I,35,97.53
2025-12-31,10:13:14.676485112,T,TGT,I,60,97.55
2025-12-31,10:13:14.677952575,T,TGT,,100,97.55
2025-12-31,10:13:27.490131439,T,TGT,F I,50,97.56
2025-12-31,10:13:27.490943436,T,TGT,I,48,97.56
2025-12-31,10:13:34.168101539,T,TGT,F I,34,97.54
2025-12-31,10:13:52.027332938,T,TGT,I,10,97.545
2025-12-31,10:14:12.758150216,T,TGT,I,5,97.545
2025-12-31,10:14:40.863445108,T,TGT,I,6,97.55
2025-12-31,10:14:52.422821180,T,TGT,F,200,97.55
2025-12-31,10:14:52.422932425,T,TGT,F I,3,97.57
2025-12-31,10:14:52.422956890,T,TGT,F I,16,97.57
2025-12-31,10:14:52.422956890,T,TGT,F,250,97.57
2025-12-31,10:14:52.422959490,T,TGT,F I,19,97.57
2025-12-31,10:14:52.422959490,T,TGT,F I,10,97.57
2025-12-31,10:14:54.257392717,T,TGT,,100,97.56
2025-12-31,10:14:54.258478327,T,TGT,,100,97.56
2025-12-31,10:15:03.959021154,T,TGT,F I,1,97.58
2025-12-31,10:15:03.959024093,T,TGT,F I,49,97.58
2025-12-31,10:15:03.959051401,T,TGT,F I,1,97.58
2025-12-31,10:15:03.959051401,T,TGT,F I,58,97.59
2025-12-31,10:15:03.959094258,T,TGT,I,22,97.59
2025-12-31,10:15:03.959096287,T,TGT,,100,97.59
2025-12-31,10:15:03.959099289,T,TGT,I,10,97.59
2025-12-31,10:15:03.959336883,T,TGT,F I,41,97.6
2025-12-31,10:15:03.960452569,T,TGT,F,100,97.6
2025-12-31,10:15:03.960455534,T,TGT,F,500,97.6
2025-12-31,10:15:07.140994571,T,TGT,F I,50,97.61
2025-12-31,10:15:09.603792832,T,TGT,I,25,97.615
2025-12-31,10:15:14.282500892,T,TGT,F,100,97.6
2025-12-31,10:15:14.282810650,T,TGT,F I,50,97.59
2025-12-31,10:15:14.283244819,T,TGT,I,63,97.6
2025-12-31,10:15:14.283244819,T,TGT,I,36,97.6
2025-12-31,10:15:14.283246651,T,TGT,I,1,97.6
2025-12-31,10:15:14.283264806,T,TGT,I,1,97.6
2025-12-31,10:15:14.283291931,T,TGT,I,1,97.6
2025-12-31,10:15:14.283306767,T,TGT,I,36,97.59
2025-12-31,10:15:14.304194663,T,TGT,F,100,97.58
2025-12-31,10:15:14.304197613,T,TGT,F I,63,97.58
2025-12-31,10:15:22.520362016,T,TGT,F I,26,97.54
2025-12-31,10:15:22.531786467,T,TGT,F I,50,97.53
2025-12-31,10:15:22.531888492,T,TGT,I,50,97.53
2025-12-31,10:15:30.496951850,T,TGT,I,9,97.51
2025-12-31,10:15:30.496969874,T,TGT,F I,91,97.51
2025-12-31,10:15:30.802834579,T,TGT,I,2,97.5
2025-12-31,10:15:32.552213168,T,TGT,F I,39,97.52
2025-12-31,10:15:32.552216224,T,TGT,F I,11,97.52
2025-12-31,10:15:32.552258810,T,TGT,I,20,97.53
2025-12-31,10:15:32.552262126,T,TGT,,100,97.53
2025-12-31,10:15:32.552268274,T,TGT,I,40,97.53
2025-12-31,10:15:32.552268274,T,TGT,I,16,97.53
2025-12-31,10:15:32.552268274,T,TGT,I,19,97.53
2025-12-31,10:15:32.552516861,T,TGT,F I,19,97.54
2025-12-31,10:15:32.552628152,T,TGT,F I,46,97.54
2025-12-31,10:15:32.554231039,T,TGT,F I,5,97.55
2025-12-31,10:15:34.915874188,T,TGT,I,25,97.56
2025-12-31,10:15:42.252575632,T,TGT,I,40,97.55
2025-12-31,10:15:42.253095832,T,TGT,I,79,97.55
2025-12-31,10:15:47.166122296,T,TGT,I,9,97.55
2025-12-31,10:15:47.204767287,T,TGT,I,9,97.55
2025-12-31,10:15:55.126621145,T,TGT,I,9,97.56
2025-12-31,10:15:55.126623753,T,TGT,I,41,97.57
2025-12-31,10:15:55.126626780,T,TGT,I,50,97.57
2025-12-31,10:15:55.126642222,T,TGT,F I,50,97.57
2025-12-31,10:15:55.582341347,T,TGT,I,47,97.57
2025-12-31,10:16:06.339761158,T,TGT,I,3,97.57
2025-12-31,10:16:11.685825121,T,TGT,F I,3,97.57
2025-12-31,10:16:11.685828157,T,TGT,F,100,97.56
2025-12-31,10:16:11.685831173,T,TGT,F I,47,97.56
2025-12-31,10:16:11.685843370,T,TGT,I,3,97.56
2025-12-31,10:16:11.685843370,T,TGT,I,9,97.56
2025-12-31,10:16:11.685846195,T,TGT,I,1,97.56
2025-12-31,10:16:11.685864466,T,TGT,I,2,97.56
2025-12-31,10:16:11.685885225,T,TGT,I,3,97.56
2025-12-31,10:16:11.686333294,T,TGT,F I,1,97.56
2025-12-31,10:17:13.203033662,T,TGT,I,50,97.56
2025-12-31,10:17:14.490307453,T,TGT,I,50,97.56
2025-12-31,10:17:15.505775726,T,TGT,I,50,97.56
2025-12-31,10:17:16.571123620,T,TGT,F I,5,97.55
2025-12-31,10:17:16.571123620,T,TGT,F,188,97.55
2025-12-31,10:17:19.415717370,T,TGT,F I,24,97.55
2025-12-31,10:17:19.415720772,T,TGT,F,100,97.55
2025-12-31,10:17:19.415726389,T,TGT,F I,12,97.55
2025-12-31,10:17:19.415834657,T,TGT,F I,50,97.54
2025-12-31,10:17:19.416207645,T,TGT,F,100,97.54
2025-12-31,10:17:19.416267756,T,TGT,F I,3,97.55
2025-12-31,10:17:19.416295213,T,TGT,F I,40,97.54
2025-12-31,10:17:20.882620989,T,TGT,I,26,97.54
2025-12-31,10:17:23.072010936,T,TGT,I,26,97.54
2025-12-31,10:17:26.946831836,T,TGT,I,26,97.54
2025-12-31,10:17:36.940055984,T,TGT,F I,1,97.53
2025-12-31,10:17:36.940058882,T,TGT,F I,3,97.53
2025-12-31,10:17:41.469867301,T,TGT,I,3,97.53
2025-12-31,10:17:41.469903400,T,TGT,I,80,97.53
2025-12-31,10:17:41.559694304,T,TGT,,100,97.52
2025-12-31,10:17:41.559697522,T,TGT,,100,97.52
2025-12-31,10:17:41.559700634,T,TGT,I,5,97.52
2025-12-31,10:17:41.559709738,T,TGT,F,100,97.52
2025-12-31,10:17:41.559712360,T,TGT,F I,1,97.52
2025-12-31,10:17:41.560316797,T,TGT,I,80,97.52
2025-12-31,10:17:41.561910652,T,TGT,I,20,97.52
2025-12-31,10:17:44.521684793,T,TGT,F I,28,97.51
2025-12-31,10:17:44.521702805,T,TGT,F I,72,97.51
2025-12-31,10:17:44.521726971,T,TGT,I,1,97.51
2025-12-31,10:17:47.975545048,T,TGT,I,1,97.5
2025-12-31,10:17:47.975827650,T,TGT,F I,4,97.5
2025-12-31,10:17:47.976122410,T,TGT,F,100,97.5
2025-12-31,10:17:47.976125393,T,TGT,F I,26,97.5
2025-12-31,10:17:49.825789834,T,TGT,F I,9,97.5
2025-12-31,10:17:49.825792836,T,TGT,F I,51,97.5
2025-12-31,10:18:12.560358786,T,TGT,F I,1,97.485
2025-12-31,10:18:12.560361871,T,TGT,F I,34,97.48
2025-12-31,10:18:47.821177018,T,TGT,F I,2,97.51
2025-12-31,10:18:47.821177018,T,TGT,F I,19,97.52
2025-12-31,10:18:47.821182307,T,TGT,F I,91,97.52
2025-12-31,10:18:47.821182307,T,TGT,F I,2,97.52
2025-12-31,10:18:47.821182307,T,TGT,F I,10,97.52
2025-12-31,10:18:47.823816474,T,TGT,F I,15,97.53
2025-12-31,10:18:47.823816474,T,TGT,F I,1,97.53
2025-12-31,10:18:47.823819483,T,TGT,F I,5,97.53
2025-12-31,10:18:59.309093872,T,TGT,F,100,97.54
2025-12-31,10:18:59.309093872,T,TGT,F,100,97.54
2025-12-31,10:18:59.309096716,T,TGT,F I,19,97.54
2025-12-31,10:18:59.309096716,T,TGT,F I,55,97.54
2025-12-31,10:18:59.309141348,T,TGT,I,26,97.56
2025-12-31,10:18:59.309141348,T,TGT,I,16,97.56
2025-12-31,10:18:59.309144438,T,TGT,I,73,97.56
2025-12-31,10:18:59.316499898,T,TGT,F I,14,97.55
2025-12-31,10:18:59.316499898,T,TGT,F I,29,97.55
2025-12-31,10:18:59.316502894,T,TGT,F I,16,97.55
2025-12-31,10:19:01.471773403,T,TGT,F I,4,97.55
2025-12-31,10:19:09.055143458,T,TGT,F I,57,97.54
2025-12-31,10:19:09.055143458,T,TGT,F I,21,97.54
2025-12-31,10:19:09.055161495,T,TGT,I,1,97.54
2025-12-31,10:19:17.266514515,T,TGT,F I,14,97.55
2025-12-31,10:19:23.428310985,T,TGT,I,10,97.57
2025-12-31,10:19:23.428310985,T,TGT,I,29,97.57
2025-12-31,10:19:23.428313796,T,TGT,I,3,97.57
2025-12-31,10:19:23.428323021,T,TGT,I,5,97.57
2025-12-31,10:19:23.428323021,T,TGT,I,37,97.57
2025-12-31,10:19:23.428325835,T,TGT,F I,32,97.57
2025-12-31,10:19:23.428355938,T,TGT,I,31,97.57
2025-12-31,10:19:26.096874182,T,TGT,F I,4,97.58
2025-12-31,10:19:26.096907246,T,TGT,F,143,97.58
2025-12-31,10:19:26.096910329,T,TGT,F I,10,97.58
2025-12-31,10:19:26.107080524,T,TGT,F I,25,97.59
2025-12-31,10:19:26.107083496,T,TGT,F,168,97.58
2025-12-31,10:19:26.107104514,T,TGT,I,1,97.58
2025-12-31,10:19:26.107122596,T,TGT,I,24,97.58
2025-12-31,10:19:26.118637038,T,TGT,F,100,97.57
2025-12-31,10:19:26.118637038,T,TGT,F I,31,97.57
2025-12-31,10:19:26.119370842,T,TGT,F I,24,97.57
2025-12-31,10:19:26.128503529,T,TGT,I,46,97.575
2025-12-31,10:19:28.777141441,T,TGT,I,31,97.56
2025-12-31,10:19:31.339624123,T,TGT,F I,50,97.56
2025-12-31,10:19:47.771249568,T,TGT,I,1,97.54
2025-12-31,10:19:47.771258624,T,TGT,F I,1,97.54
2025-12-31,10:19:48.212313434,T,TGT,F,100,97.53
2025-12-31,10:19:48.217969774,T,TGT,F,100,97.52
2025-12-31,10:19:48.217990802,T,TGT,I,1,97.52
2025-12-31,10:19:48.218011877,T,TGT,F I,76,97.52
2025-12-31,10:19:48.221587374,T,TGT,I,86,97.505
2025-12-31,10:19:48.338851813,T,TGT,I,41,97.5
2025-12-31,10:19:49.205919487,T,TGT,F I,1,97.505
2025-12-31,10:19:56.532179839,T,TGT,F I,50,97.52
2025-12-31,10:20:01.512124726,T,TGT,I,50,97.52
2025-12-31,10:20:01.512199922,T,TGT,,100,97.52
2025-12-31,10:20:01.520048631,T,TGT,I,50,97.52
2025-12-31,10:20:16.763356980,T,TGT,F I,5,97.54
2025-12-31,10:20:28.003651993,T,TGT,I,1,97.53
2025-12-31,10:20:36.650734097,T,TGT,,100,97.53
2025-12-31,10:20:36.650755476,T,TGT,I,1,97.53
2025-12-31,10:20:37.005507293,T,TGT,F I,39,97.54
2025-12-31,10:20:37.005507293,T,TGT,F I,5,97.54
2025-12-31,10:20:53.492401391,T,TGT,,100,97.51
2025-12-31,10:20:53.492404419,T,TGT,,100,97.51
2025-12-31,10:20:53.492407831,T,TGT,I,13,97.51
2025-12-31,10:20:53.492407831,T,TGT,,100,97.51
2025-12-31,10:20:53.492419925,T,TGT,I,1,97.51
2025-12-31,10:20:53.492443485,T,TGT,F I,45,97.51
2025-12-31,10:20:53.492446472,T,TGT,I,46,97.51
2025-12-31,10:20:53.492456062,T,TGT,,100,97.52
2025-12-31,10:20:53.492456062,T,TGT,I,29,97.52
2025-12-31,10:20:53.492462520,T,TGT,I,15,97.52
2025-12-31,10:20:53.492462520,T,TGT,,100,97.52
2025-12-31,10:20:53.492462520,T,TGT,,100,97.52
2025-12-31,10:20:53.492464654,T,TGT,I,9,97.52
2025-12-31,10:20:53.492476498,T,TGT,I,1,97.51
2025-12-31,10:20:53.492527893,T,TGT,I,99,97.51
2025-12-31,10:20:53.492627592,T,TGT,I,46,97.51
2025-12-31,10:20:53.492648013,T,TGT,F I,54,97.51
2025-12-31,10:20:54.010905577,T,TGT,I,19,97.5
2025-12-31,10:21:01.160272928,T,TGT,I,15,97.51
2025-12-31,10:21:01.160275741,T,TGT,I,29,97.51
2025-12-31,10:21:01.160278690,T,TGT,I,1,97.51
2025-12-31,10:21:01.160278690,T,TGT,I,13,97.51
2025-12-31,10:21:01.160293744,T,TGT,F I,43,97.51
2025-12-31,10:21:19.921346869,T,TGT,F,100,97.49
2025-12-31,10:21:19.921346869,T,TGT,F I,2,97.49
2025-12-31,10:21:19.921350074,T,TGT,F I,3,97.49
2025-12-31,10:21:19.921350074,T,TGT,F,105,97.49
2025-12-31,10:21:19.921352460,T,TGT,F I,95,97.49
2025-12-31,10:21:27.477811595,T,TGT,F I,56,97.48
2025-12-31,10:21:27.478326049,T,TGT,F I,35,97.49
2025-12-31,10:21:27.478779781,T,TGT,I,10,97.49
2025-12-31,10:21:45.241012102,T,TGT,,100,97.47
2025-12-31,10:21:45.241015098,T,TGT,I,50,97.47
2025-12-31,10:21:45.242729276,T,TGT,F I,50,97.46
2025-12-31,10:21:45.456204836,T,TGT,F I,4,97.47
2025-12-31,10:21:48.767363018,T,TGT,I,59,97.46
2025-12-31,10:21:50.465752070,T,TGT,,100,97.46
2025-12-31,10:21:51.464094663,T,TGT,F I,31,97.46
2025-12-31,10:21:51.464094663,T,TGT,F I,28,97.46
2025-12-31,10:21:51.464097543,T,TGT,F I,41,97.45
2025-12-31,10:21:51.464112496,T,TGT,F I,59,97.45
2025-12-31,10:21:52.214213497,T,TGT,F,100,97.44
2025-12-31,10:21:52.214231571,T,TGT,I,1,97.44
2025-12-31,10:21:52.214252643,T,TGT,F I,77,97.44
2025-12-31,10:21:52.214288641,T,TGT,I,10,97.43
2025-12-31,10:22:00.868636108,T,TGT,F I,15,97.44
2025-12-31,10:22:00.868636108,T,TGT,F I,10,97.44
2025-12-31,10:22:00.868681252,T,TGT,I,30,97.44
2025-12-31,10:22:00.868684206,T,TGT,I,2,97.44
2025-12-31,10:22:00.868684206,T,TGT,I,2,97.44
2025-12-31,10:22:00.868708301,T,TGT,F I,1,97.44
2025-12-31,10:22:00.868759446,T,TGT,F I,7,97.44
2025-12-31,10:22:00.868777468,T,TGT,F I,22,97.44
2025-12-31,10:22:18.571714403,T,TGT,F I,19,97.45
2025-12-31,10:22:19.948033246,T,TGT,I,19,97.46
2025-12-31,10:22:19.948036490,T,TGT,I,19,97.46
2025-12-31,10:22:19.948036490,T,TGT,I,28,97.46
2025-12-31,10:22:23.525966052,T,TGT,,100,97.48
2025-12-31,10:22:23.525978096,T,TGT,F,100,97.48
2025-12-31,10:22:23.525984438,T,TGT,I,1,97.48
2025-12-31,10:22:23.526507467,T,TGT,F I,24,97.47
2025-12-31,10:22:23.526511534,T,TGT,F,100,97.47
2025-12-31,10:22:23.526516397,T,TGT,F I,12,97.47
2025-12-31,10:22:23.526516397,T,TGT,F I,31,97.47
2025-12-31,10:22:23.526522426,T,TGT,F I,6,97.47
2025-12-31,10:22:23.526525460,T,TGT,F I,23,97.47
