DATE,TIME_M,EX,SYM_ROOT,TR_SCOND,SIZE,PRICE
2025-11-03,9:30:00.458843328,T,TGT,TI,10,92.76
2025-11-03,9:30:00.458845828,T,TGT,TI,5,92.7
2025-11-03,9:30:00.465741276,T,TGT,TI,5,92.7
2025-11-03,9:30:00.465762379,T,TGT,TI,2,92.7
2025-11-03,9:30:00.465765322,T,TGT,TI,3,92.7
2025-11-03,9:30:01.500187995,T,TGT,I,50,92.6
2025-11-03,9:30:01.500202949,T,TGT,Q,50,92.6
2025-11-03,9:30:01.500251073,T,TGT,F I,50,92.58
2025-11-03,9:30:01.500849476,T,TGT,F I,24,92.55
2025-11-03,9:30:01.501640723,T,TGT,F I,1,92.52
2025-11-03,9:30:01.501640723,T,TGT,F I,10,92.52
2025-11-03,9:30:01.501751687,T,TGT,F I,1,92.5
2025-11-03,9:30:01.608608306,T,TGT,F I,2,92.4
2025-11-03,9:30:01.667470577,T,TGT,,100,92.49
2025-11-03,9:30:02.532376086,T,TGT,I,10,92.375
2025-11-03,9:30:02.771313292,T,TGT,,100,92.36
2025-11-03,9:30:02.771445698,T,TGT,I,75,92.355
2025-11-03,9:30:02.981532205,T,TGT,I,1,92.47
2025-11-03,9:30:05.254915487,T,TGT,,100,92.5
2025-11-03,9:30:05.254915487,T,TGT,I,10,92.5
2025-11-03,9:30:05.256015923,T,TGT,F,100,92.465
2025-11-03,9:30:05.506335238,T,TGT,I,1,92.46
2025-11-03,9:30:05.838810592,T,TGT,,100,92.52
2025-11-03,9:30:05.838810592,T,TGT,I,10,92.55
2025-11-03,9:30:05.838816549,T,TGT,I,22,92.58
2025-11-03,9:30:05.838816549,T,TGT,,190,92.58
2025-11-03,9:30:05.838828406,T,TGT,I,1,92.58
2025-11-03,9:30:05.838855462,T,TGT,F I,9,92.58
2025-11-03,9:30:05.838855462,T,TGT,F I,41,92.58
2025-11-03,9:30:05.838886263,T,TGT,I,59,92.58
2025-11-03,9:30:05.839444863,T,TGT,I,22,92.52
2025-11-03,9:30:05.839447902,T,TGT,,119,92.52
2025-11-03,9:30:05.839724745,T,TGT,,100,92.52
2025-11-03,9:30:05.839724745,T,TGT,,100,92.52
2025-11-03,9:30:05.839731529,T,TGT,,100,92.52
2025-11-03,9:30:05.839731529,T,TGT,I,50,92.52
2025-11-03,9:30:05.839733829,T,TGT,,100,92.52
2025-11-03,9:30:05.839737534,T,TGT,,100,92.52
2025-11-03,9:30:05.839743471,T,TGT,,100,92.52
2025-11-03,9:30:05.839743471,T,TGT,,100,92.52
2025-11-03,9:30:05.839743471,T,TGT,,100,92.52
2025-11-03,9:30:05.839750784,T,TGT,,100,92.52
2025-11-03,9:30:05.839750784,T,TGT,I,8,92.52
2025-11-03,9:30:05.839750784,T,TGT,,100,92.52
2025-11-03,9:30:05.839750784,T,TGT,,100,92.52
2025-11-03,9:30:05.839754610,T,TGT,,100,92.52
2025-11-03,9:30:05.839754610,T,TGT,,100,92.52
2025-11-03,9:30:05.839757648,T,TGT,,100,92.51
2025-11-03,9:30:05.839986121,T,TGT,,100,92.52
2025-11-03,9:30:05.844406745,T,TGT,I,50,92.55
2025-11-03,9:30:06.847323071,T,TGT,I,1,92.555
2025-11-03,9:30:10.083134327,T,TGT,F I,50,92.49
2025-11-03,9:30:10.399307496,T,TGT,F I,30,92.47
2025-11-03,9:30:10.404663279,T,TGT,F I,1,92.4
2025-11-03,9:30:14.923577336,T,TGT,I,75,92.275
2025-11-03,9:30:15.803335392,T,TGT,I,70,92.2
2025-11-03,9:30:15.803353450,T,TGT,I,1,92.2
2025-11-03,9:30:15.803624183,T,TGT,I,29,92.2
2025-11-03,9:30:15.803627125,T,TGT,I,30,92.2
2025-11-03,9:30:15.803627125,T,TGT,I,1,92.2
2025-11-03,9:30:17.203720643,T,TGT,I,75,92.235
2025-11-03,9:30:18.352033513,T,TGT,F I,75,92.235
2025-11-03,9:30:23.275417194,T,TGT,F I,79,92.14
2025-11-03,9:30:23.275420265,T,TGT,F,100,92.14
2025-11-03,9:30:23.275420265,T,TGT,F I,1,92.14
2025-11-03,9:30:23.275453275,T,TGT,F,149,92.14
2025-11-03,9:30:23.381705326,T,TGT,,100,92.17
2025-11-03,9:30:32.231435538,T,TGT,F I,75,92.12
2025-11-03,9:30:32.231465794,T,TGT,F I,25,92.12
2025-11-03,9:30:32.231471517,T,TGT,F I,1,92.11
2025-11-03,9:30:32.231471517,T,TGT,F I,6,92.11
2025-11-03,9:30:32.231471517,T,TGT,F I,69,92.11
2025-11-03,9:30:32.231489564,T,TGT,F I,25,92.11
2025-11-03,9:30:32.232181139,T,TGT,F I,1,92.06
2025-11-03,9:30:32.232235370,T,TGT,F I,1,92.06
2025-11-03,9:30:32.717714886,T,TGT,,100,92.04
2025-11-03,9:30:34.190338353,T,TGT,F I,75,92.04
2025-11-03,9:30:34.190362387,T,TGT,F I,13,92.04
2025-11-03,9:30:34.190395434,T,TGT,F I,12,92.04
2025-11-03,9:30:46.264861101,T,TGT,I,5,92.12
2025-11-03,9:30:50.419872116,T,TGT,F I,19,92.04
2025-11-03,9:30:50.759038145,T,TGT,F I,13,92.04
2025-11-03,9:30:51.030248258,T,TGT,F I,13,92.04
2025-11-03,9:30:56.265014897,T,TGT,I,6,92.12
2025-11-03,9:31:00.132784600,T,TGT,F I,13,92.04
2025-11-03,9:31:00.132784600,T,TGT,F I,13,92.04
2025-11-03,9:31:00.132787605,T,TGT,F I,13,92.04
2025-11-03,9:31:00.132808753,T,TGT,F I,13,92.03
2025-11-03,9:31:00.132812273,T,TGT,F I,6,92.02
2025-11-03,9:31:00.132814716,T,TGT,F I,32,92.01
2025-11-03,9:31:00.132871830,T,TGT,F I,61,92.01
2025-11-03,9:31:00.149516484,T,TGT,I,19,92.02
2025-11-03,9:31:00.149519525,T,TGT,I,60,92.02
2025-11-03,9:31:00.149958576,T,TGT,F I,22,92.02
2025-11-03,9:31:00.150187056,T,TGT,F I,18,92.02
2025-11-03,9:31:00.150190113,T,TGT,F I,4,92.01
2025-11-03,9:31:00.150211215,T,TGT,I,3,92.01
2025-11-03,9:31:00.150215111,T,TGT,I,5,92.01
2025-11-03,9:31:00.150215111,T,TGT,I,5,92.01
2025-11-03,9:31:00.150218473,T,TGT,I,5,92.01
2025-11-03,9:31:00.150277351,T,TGT,F I,1,92.0
2025-11-03,9:31:00.150280393,T,TGT,F I,2,92.0
2025-11-03,9:31:00.150280393,T,TGT,F I,1,92.0
2025-11-03,9:31:00.150286366,T,TGT,F I,10,92.0
2025-11-03,9:31:00.150289401,T,TGT,F I,1,92.0
2025-11-03,9:31:00.150293006,T,TGT,F I,10,92.0
2025-11-03,9:31:00.150293006,T,TGT,F I,2,92.0
2025-11-03,9:31:00.150295544,T,TGT,F I,4,92.0
2025-11-03,9:31:00.150299245,T,TGT,F I,1,92.0
2025-11-03,9:31:00.150299245,T,TGT,F I,5,92.0
2025-11-03,9:31:00.150301760,T,TGT,F I,1,92.0
2025-11-03,9:31:00.150301760,T,TGT,F I,10,92.0
2025-11-03,9:31:00.150304423,T,TGT,F I,6,92.0
2025-11-03,9:31:00.151910169,T,TGT,F I,10,92.025
2025-11-03,9:31:00.151919213,T,TGT,F I,20,92.04
2025-11-03,9:31:00.151922497,T,TGT,F I,30,92.04
2025-11-03,9:31:00.151925765,T,TGT,F I,5,92.04
2025-11-03,9:31:00.151925765,T,TGT,F I,46,91.99
2025-11-03,9:31:00.151949487,T,TGT,I,25,92.01
2025-11-03,9:31:00.151991366,T,TGT,F I,55,92.04
2025-11-03,9:31:00.152039504,T,TGT,F I,40,92.04
2025-11-03,9:31:00.152039504,T,TGT,I,25,92.05
2025-11-03,9:31:00.152093891,T,TGT,F I,25,92.06
2025-11-03,9:31:00.277339097,T,TGT,F I,75,92.07
2025-11-03,9:31:00.277342840,T,TGT,F I,25,92.08
2025-11-03,9:31:00.277345682,T,TGT,F I,25,92.09
2025-11-03,9:31:00.277351191,T,TGT,F,100,92.09
2025-11-03,9:31:00.277351191,T,TGT,F I,73,92.09
2025-11-03,9:31:00.277354675,T,TGT,F I,77,92.09
2025-11-03,9:31:00.277354675,T,TGT,F I,7,92.09
2025-11-03,9:31:00.277357070,T,TGT,F I,28,92.09
2025-11-03,9:31:00.277357070,T,TGT,F I,30,92.09
2025-11-03,9:31:00.277360064,T,TGT,F I,70,92.09
2025-11-03,9:31:00.277360064,T,TGT,F,100,92.09
2025-11-03,9:31:00.638863443,T,TGT,F I,40,92.06
2025-11-03,9:31:00.638893774,T,TGT,F I,35,92.06
2025-11-03,9:31:00.638896713,T,TGT,F I,25,92.08
2025-11-03,9:31:00.638896713,T,TGT,F I,15,92.08
2025-11-03,9:31:00.638977723,T,TGT,F I,10,92.08
2025-11-03,9:31:06.323092657,T,TGT,F I,5,92.08
2025-11-03,9:31:09.069740822,T,TGT,F I,95,92.0
2025-11-03,9:31:09.069839718,T,TGT,F I,5,92.0
2025-11-03,9:31:09.069839718,T,TGT,F I,49,91.99
2025-11-03,9:31:09.069866674,T,TGT,F I,5,91.99
2025-11-03,9:31:09.070122300,T,TGT,F I,9,92.03
2025-11-03,9:31:09.070272668,T,TGT,F I,9,92.03
2025-11-03,9:31:09.070374915,T,TGT,F I,6,92.03
2025-11-03,9:31:09.070441042,T,TGT,F I,6,92.03
2025-11-03,9:31:09.070489212,T,TGT,F I,6,92.03
2025-11-03,9:31:09.070540276,T,TGT,F I,6,92.03
2025-11-03,9:31:09.070588432,T,TGT,F I,6,92.03
2025-11-03,9:31:09.070636493,T,TGT,F I,6,92.03
2025-11-03,9:31:09.070684714,T,TGT,F I,6,92.03
2025-11-03,9:31:09.070729807,T,TGT,F I,6,92.03
2025-11-03,9:31:09.070777832,T,TGT,F I,6,92.03
2025-11-03,9:31:09.070853051,T,TGT,F I,37,92.03
2025-11-03,9:31:10.113491114,T,TGT,F I,6,92.03
2025-11-03,9:31:10.113566205,T,TGT,F I,6,92.03
2025-11-03,9:31:10.113617395,T,TGT,F I,6,92.03
2025-11-03,9:31:10.113665493,T,TGT,F I,6,92.03
2025-11-03,9:31:10.113713616,T,TGT,F I,6,92.03
2025-11-03,9:31:10.113761763,T,TGT,F I,6,92.03
2025-11-03,9:31:10.113809805,T,TGT,F I,6,92.03
2025-11-03,9:31:10.113857890,T,TGT,F I,6,92.03
2025-11-03,9:31:10.113906087,T,TGT,F I,6,92.03
2025-11-03,9:31:10.113954150,T,TGT,F I,6,92.03
2025-11-03,9:31:10.114002247,T,TGT,F I,6,92.03
2025-11-03,9:31:11.112269591,T,TGT,F I,6,92.03
2025-11-03,9:31:11.112347787,T,TGT,F I,6,92.03
2025-11-03,9:31:11.112401858,T,TGT,F I,6,92.03
2025-11-03,9:31:11.112438129,T,TGT,I,16,92.03
2025-11-03,9:31:11.112438129,T,TGT,I,6,92.04
2025-11-03,9:31:13.065173296,T,TGT,I,2,92.02
2025-11-03,9:31:16.268329626,T,TGT,I,6,92.055
2025-11-03,9:31:24.141726860,T,TGT,I,1,91.85
2025-11-03,9:31:24.141729760,T,TGT,I,10,91.85
2025-11-03,9:31:24.161023792,T,TGT,F,150,91.84
2025-11-03,9:31:24.169831731,T,TGT,I,1,91.8
2025-11-03,9:31:24.194054903,T,TGT,I,4,91.76
2025-11-03,9:31:24.194057973,T,TGT,I,30,91.76
2025-11-03,9:31:24.194105594,T,TGT,I,12,91.8
2025-11-03,9:31:24.194120557,T,TGT,I,37,91.79
2025-11-03,9:31:24.194127071,T,TGT,I,37,91.79
2025-11-03,9:31:24.194598713,T,TGT,F I,37,91.77
2025-11-03,9:31:24.194601789,T,TGT,F I,54,91.77
2025-11-03,9:31:24.194622738,T,TGT,I,1,91.77
2025-11-03,9:31:24.194707344,T,TGT,F I,12,91.77
2025-11-03,9:31:24.194710878,T,TGT,F,100,91.77
2025-11-03,9:31:24.204841137,T,TGT,F I,75,91.8
2025-11-03,9:31:24.204871481,T,TGT,F I,25,91.8
2025-11-03,9:31:24.204871481,T,TGT,F,100,91.8
2025-11-03,9:31:24.204874225,T,TGT,F I,12,91.81
2025-11-03,9:31:24.204892314,T,TGT,I,25,91.81
2025-11-03,9:31:24.204895253,T,TGT,,100,91.81
2025-11-03,9:31:24.245416789,T,TGT,F I,3,91.91
2025-11-03,9:31:26.270901294,T,TGT,I,8,91.87
2025-11-03,9:31:30.363426510,T,TGT,F I,30,91.91
2025-11-03,9:31:31.328702271,T,TGT,I,1,91.91
2025-11-03,9:31:32.418956471,T,TGT,I,70,91.85
2025-11-03,9:31:32.418958848,T,TGT,I,30,91.82
2025-11-03,9:31:37.623398058,T,TGT,F I,75,91.81
2025-11-03,9:31:39.883988769,T,TGT,F I,20,91.81
2025-11-03,9:31:40.370608070,T,TGT,I,25,91.81
2025-11-03,9:31:40.410225271,T,TGT,I,30,91.81
2025-11-03,9:31:40.410227469,T,TGT,I,30,91.81
2025-11-03,9:31:43.245622676,T,TGT,,100,91.81
2025-11-03,9:31:44.059451652,T,TGT,F I,25,91.92
2025-11-03,9:31:44.059469665,T,TGT,I,75,91.92
2025-11-03,9:31:44.059911649,T,TGT,F I,25,91.94
2025-11-03,9:31:44.059962735,T,TGT,F I,25,91.94
2025-11-03,9:31:44.060152263,T,TGT,I,33,91.92
2025-11-03,9:31:44.064990795,T,TGT,I,50,91.94
2025-11-03,9:31:44.066106379,T,TGT,F I,1,91.93
2025-11-03,9:31:44.066193846,T,TGT,I,49,91.93
2025-11-03,9:31:44.066193846,T,TGT,I,2,91.93
2025-11-03,9:31:44.066518364,T,TGT,F I,2,91.88
2025-11-03,9:32:01.841924918,T,TGT,,100,91.97
2025-11-03,9:32:07.666967221,T,TGT,I,2,92.03
2025-11-03,9:32:07.666970480,T,TGT,I,2,92.03
2025-11-03,9:32:07.666970480,T,TGT,F I,4,92.03
2025-11-03,9:32:07.666976210,T,TGT,F I,4,92.03
2025-11-03,9:32:07.666979238,T,TGT,I,4,92.03
2025-11-03,9:32:07.666988254,T,TGT,I,4,92.03
2025-11-03,9:32:07.667003202,T,TGT,F I,4,92.03
2025-11-03,9:32:07.667027282,T,TGT,I,80,92.03
2025-11-03,9:32:07.668816612,T,TGT,F I,4,92.08
2025-11-03,9:32:07.668819532,T,TGT,F I,2,92.08
2025-11-03,9:32:07.668840629,T,TGT,I,75,92.13
2025-11-03,9:32:07.668843655,T,TGT,,127,92.15
2025-11-03,9:32:07.668847049,T,TGT,,100,92.15
2025-11-03,9:32:07.668847049,T,TGT,,127,92.16
2025-11-03,9:32:07.668847049,T,TGT,I,1,92.17
2025-11-03,9:32:07.669180873,T,TGT,F I,75,92.16
2025-11-03,9:32:07.669186505,T,TGT,F,100,92.18
2025-11-03,9:32:07.669186505,T,TGT,F,200,92.19
2025-11-03,9:32:07.669186505,T,TGT,F I,15,92.19
2025-11-03,9:32:07.669201613,T,TGT,I,1,92.19
2025-11-03,9:32:07.669205048,T,TGT,,184,92.19
2025-11-03,9:32:07.669205048,T,TGT,I,1,92.19
2025-11-03,9:32:07.670166771,T,TGT,F I,75,92.19
2025-11-03,9:32:07.670166771,T,TGT,F,100,92.19
2025-11-03,9:32:07.670220885,T,TGT,I,14,92.15
2025-11-03,9:32:07.670232964,T,TGT,I,29,92.15
2025-11-03,9:32:07.670241932,T,TGT,I,1,92.15
2025-11-03,9:32:07.670263023,T,TGT,I,29,92.15
2025-11-03,9:32:07.670293099,T,TGT,F I,45,92.15
2025-11-03,9:32:07.670296205,T,TGT,I,77,92.12
2025-11-03,9:32:07.670308116,T,TGT,F I,14,92.15
2025-11-03,9:32:07.670591835,T,TGT,I,75,92.13
2025-11-03,9:32:07.670591835,T,TGT,I,23,92.12
2025-11-03,9:32:07.670596766,T,TGT,I,2,92.11
2025-11-03,9:32:07.670614965,T,TGT,I,98,92.11
2025-11-03,9:32:07.670633002,T,TGT,I,1,92.11
2025-11-03,9:32:07.670671951,T,TGT,F I,28,92.15
2025-11-03,9:32:07.670723089,T,TGT,F I,29,92.15
2025-11-03,9:32:07.670732135,T,TGT,F I,14,92.15
2025-11-03,9:32:07.670744118,T,TGT,F,483,92.15
2025-11-03,9:32:07.670789434,T,TGT,I,2,92.15
2025-11-03,9:32:07.670789434,T,TGT,,319,92.15
2025-11-03,9:32:07.670792292,T,TGT,I,9,92.15
2025-11-03,9:32:07.671039261,T,TGT,I,75,92.13
2025-11-03,9:32:07.671039261,T,TGT,I,4,92.11
2025-11-03,9:32:07.671062983,T,TGT,I,1,92.11
2025-11-03,9:32:07.671628329,T,TGT,F I,14,92.15
2025-11-03,9:32:07.671682367,T,TGT,I,75,92.15
2025-11-03,9:32:07.672232725,T,TGT,F I,2,92.2
2025-11-03,9:32:07.673417485,T,TGT,I,1,92.2
2025-11-03,9:32:07.673438614,T,TGT,I,1,92.2
2025-11-03,9:32:07.673498706,T,TGT,I,17,92.2
2025-11-03,9:32:07.673552871,T,TGT,F I,2,92.21
2025-11-03,9:32:07.673579951,T,TGT,I,2,92.21
2025-11-03,9:32:07.680339996,T,TGT,F,100,92.27
2025-11-03,9:32:07.680692413,T,TGT,F,127,92.22
2025-11-03,9:32:07.680692413,T,TGT,F,125,92.22
2025-11-03,9:32:07.680694837,T,TGT,F I,10,92.22
2025-11-03,9:32:07.680965564,T,TGT,F I,4,92.21
2025-11-03,9:32:07.680968904,T,TGT,F I,75,92.21
2025-11-03,9:32:07.680968904,T,TGT,F I,75,92.21
2025-11-03,9:32:07.680971551,T,TGT,F,100,92.21
2025-11-03,9:32:07.680974571,T,TGT,F I,8,92.21
2025-11-03,9:32:07.680990156,T,TGT,I,1,92.21
2025-11-03,9:32:07.683975672,T,TGT,F I,33,92.22
2025-11-03,9:32:07.683978672,T,TGT,F I,67,92.22
2025-11-03,9:32:07.879053466,T,TGT,,100,92.21
2025-11-03,9:32:08.656044594,T,TGT,F I,2,92.24
2025-11-03,9:32:08.656128777,T,TGT,F I,2,92.24
2025-11-03,9:32:08.656179848,T,TGT,F I,2,92.24
2025-11-03,9:32:08.656231000,T,TGT,F I,2,92.24
2025-11-03,9:32:08.656248989,T,TGT,I,92,92.24
2025-11-03,9:32:08.656279108,T,TGT,F I,2,92.26
2025-11-03,9:32:16.277777902,T,TGT,I,8,92.235
2025-11-03,9:32:35.679124728,T,TGT,F I,25,91.96
2025-11-03,9:32:35.679124728,T,TGT,F I,5,91.96
2025-11-03,9:32:40.265390117,T,TGT,F I,8,91.99
2025-11-03,9:32:47.156680172,T,TGT,I,10,91.995
2025-11-03,9:32:50.014120883,T,TGT,F I,1,92.0
2025-11-03,9:32:54.041222223,T,TGT,,250,92.08
2025-11-03,9:32:54.041222223,T,TGT,,100,92.08
2025-11-03,9:32:54.042028124,T,TGT,F,986,92.1
2025-11-03,9:32:54.042034141,T,TGT,F I,14,92.1
2025-11-03,9:32:54.042746797,T,TGT,I,1,92.13
2025-11-03,9:32:54.043228001,T,TGT,F I,2,92.11
2025-11-03,9:32:54.043228001,T,TGT,F I,2,92.09
2025-11-03,9:32:54.043231589,T,TGT,I,96,92.09
2025-11-03,9:32:54.043261037,T,TGT,I,1,92.11
2025-11-03,9:32:54.043265235,T,TGT,I,2,92.12
2025-11-03,9:32:54.043267074,T,TGT,I,5,92.13
2025-11-03,9:32:54.043784318,T,TGT,,100,92.13
2025-11-03,9:32:54.047919431,T,TGT,I,8,92.16
2025-11-03,9:32:54.047919431,T,TGT,I,75,92.12
2025-11-03,9:32:54.047922168,T,TGT,,127,92.12
2025-11-03,9:32:54.047925151,T,TGT,I,17,92.11
2025-11-03,9:32:54.053040329,T,TGT,I,75,92.13
2025-11-03,9:32:54.053040329,T,TGT,I,72,92.11
2025-11-03,9:32:55.301720197,T,TGT,,100,92.12
2025-11-03,9:32:57.336887968,T,TGT,,200,92.15
2025-11-03,9:32:57.336909047,T,TGT,I,20,92.15
2025-11-03,9:32:58.730435008,T,TGT,,100,92.16
2025-11-03,9:32:58.732037774,T,TGT,,139,92.16
2025-11-03,9:33:17.897631702,T,TGT,F,100,92.02
2025-11-03,9:33:17.897649728,T,TGT,F,150,92.0
2025-11-03,9:33:17.897689435,T,TGT,I,45,92.06
2025-11-03,9:33:17.897692018,T,TGT,I,45,92.06
2025-11-03,9:33:17.897707099,T,TGT,I,10,92.06
2025-11-03,9:33:17.897767007,T,TGT,I,27,92.06
2025-11-03,9:33:17.897767007,T,TGT,I,3,92.06
2025-11-03,9:33:22.790137849,T,TGT,F I,75,91.97
2025-11-03,9:33:22.790387423,T,TGT,I,10,91.97
2025-11-03,9:33:23.815421500,T,TGT,I,78,91.965
2025-11-03,9:33:28.958054535,T,TGT,F I,88,91.99
2025-11-03,9:33:28.958057589,T,TGT,,112,91.99
2025-11-03,9:33:38.519454035,T,TGT,F I,3,92.0
2025-11-03,9:33:45.778664648,T,TGT,I,10,91.975
2025-11-03,9:33:53.852344996,T,TGT,F I,2,92.02
2025-11-03,9:33:53.852543447,T,TGT,F I,25,92.02
2025-11-03,9:33:53.852726819,T,TGT,F I,2,92.02
2025-11-03,9:33:53.854392676,T,TGT,I,73,92.02
2025-11-03,9:33:54.386341956,T,TGT,,100,91.995
2025-11-03,9:33:55.326149998,T,TGT,F I,17,91.98
2025-11-03,9:33:55.440214800,T,TGT,F I,75,91.96
2025-11-03,9:33:56.385919888,T,TGT,I,75,91.98
2025-11-03,9:33:56.385941016,T,TGT,F I,25,91.98
2025-11-03,9:33:59.189719079,T,TGT,I,3,91.99
2025-11-03,9:33:59.189719079,T,TGT,I,1,91.99
2025-11-03,9:33:59.189724708,T,TGT,,100,91.99
2025-11-03,9:33:59.846751048,T,TGT,I,1,91.99
2025-11-03,9:34:03.512911483,T,TGT,F I,2,91.96
2025-11-03,9:34:03.512914490,T,TGT,F I,16,91.96
2025-11-03,9:34:07.724607476,T,TGT,I,1,91.97
2025-11-03,9:34:07.724607476,T,TGT,I,9,91.97
2025-11-03,9:34:07.724622595,T,TGT,I,1,91.97
2025-11-03,9:34:09.756392088,T,TGT,I,75,91.965
2025-11-03,9:34:09.756410145,T,TGT,I,25,92.0
2025-11-03,9:34:11.327566331,T,TGT,F I,75,91.94
2025-11-03,9:34:11.327707784,T,TGT,,100,91.94
2025-11-03,9:34:11.358185300,T,TGT,F I,14,91.94
2025-11-03,9:34:11.358185300,T,TGT,F I,4,91.92
2025-11-03,9:34:11.358428837,T,TGT,F I,3,91.91
2025-11-03,9:34:11.358432092,T,TGT,F I,15,91.91
2025-11-03,9:34:11.358615965,T,TGT,F I,10,91.9
2025-11-03,9:34:11.358618308,T,TGT,F I,15,91.9
2025-11-03,9:34:11.358825829,T,TGT,I,16,91.92
2025-11-03,9:34:11.358940868,T,TGT,I,38,91.91
2025-11-03,9:34:11.359036315,T,TGT,I,16,91.91
2025-11-03,9:34:11.359090437,T,TGT,I,16,91.93
2025-11-03,9:34:11.359204833,T,TGT,I,30,91.93
2025-11-03,9:34:11.360798571,T,TGT,F I,2,91.9
2025-11-03,9:34:11.360852660,T,TGT,I,16,91.92
2025-11-03,9:34:11.360852660,T,TGT,I,4,91.92
2025-11-03,9:34:11.362368303,T,TGT,F I,13,91.9
2025-11-03,9:34:11.362371265,T,TGT,F I,14,91.9
2025-11-03,9:34:11.362398361,T,TGT,F I,1,91.9
2025-11-03,9:34:11.362404364,T,TGT,F I,1,91.9
2025-11-03,9:34:20.177792394,T,TGT,,100,91.94
2025-11-03,9:34:20.177792394,T,TGT,I,81,91.94
2025-11-03,9:34:20.177813579,T,TGT,I,2,91.94
2025-11-03,9:34:20.177813579,T,TGT,I,2,91.94
2025-11-03,9:34:20.177816486,T,TGT,I,3,91.94
2025-11-03,9:34:20.178502044,T,TGT,I,1,91.96
2025-11-03,9:34:20.178920037,T,TGT,F I,2,91.94
2025-11-03,9:34:20.179641807,T,TGT,I,2,91.93
2025-11-03,9:34:20.195279059,T,TGT,I,65,91.93
2025-11-03,9:34:20.195303674,T,TGT,I,35,91.93
2025-11-03,9:34:20.195303674,T,TGT,I,3,91.93
2025-11-03,9:34:20.195307119,T,TGT,I,3,91.93
2025-11-03,9:34:20.195307119,T,TGT,,200,91.93
2025-11-03,9:34:20.195309110,T,TGT,I,1,91.93
2025-11-03,9:34:20.195312165,T,TGT,I,1,91.93
2025-11-03,9:34:26.756701257,T,TGT,F I,3,91.93
2025-11-03,9:34:26.756704306,T,TGT,F I,15,91.93
2025-11-03,9:34:26.756704306,T,TGT,F I,75,91.93
2025-11-03,9:34:26.756707420,T,TGT,F I,30,91.93
2025-11-03,9:34:26.756710332,T,TGT,F I,45,91.92
2025-11-03,9:34:26.756803493,T,TGT,I,8,91.95
2025-11-03,9:34:26.780647676,T,TGT,F I,8,91.94
2025-11-03,9:34:26.780650694,T,TGT,F I,2,91.94
2025-11-03,9:34:26.780653553,T,TGT,F I,75,91.94
2025-11-03,9:34:26.780653553,T,TGT,F I,15,91.94
2025-11-03,9:34:26.780915011,T,TGT,I,8,91.94
2025-11-03,9:34:26.780917958,T,TGT,I,75,91.94
2025-11-03,9:34:33.876118399,T,TGT,I,1,91.99
2025-11-03,9:34:33.876121361,T,TGT,,100,92.02
2025-11-03,9:34:33.876121361,T,TGT,I,30,92.03
2025-11-03,9:34:33.877041367,T,TGT,I,70,92.03
2025-11-03,9:34:33.877107468,T,TGT,F I,1,92.04
2025-11-03,9:34:33.887966314,T,TGT,F I,1,92.06
2025-11-03,9:34:33.887969316,T,TGT,F I,1,92.06
2025-11-03,9:34:33.888020755,T,TGT,I,3,92.06
2025-11-03,9:34:33.888023539,T,TGT,I,6,92.06
2025-11-03,9:34:33.888363791,T,TGT,,100,92.05
2025-11-03,9:34:33.888387321,T,TGT,F I,2,92.05
2025-11-03,9:34:33.888387321,T,TGT,F I,2,92.05
2025-11-03,9:34:33.888597863,T,TGT,F I,2,92.04
2025-11-03,9:34:33.889051911,T,TGT,,100,92.04
2025-11-03,9:34:33.889073428,T,TGT,I,1,92.04
2025-11-03,9:34:33.889076198,T,TGT,I,2,92.04
2025-11-03,9:34:33.889076198,T,TGT,,400,92.04
2025-11-03,9:34:33.889082003,T,TGT,I,1,92.04
2025-11-03,9:34:33.889551120,T,TGT,,100,92.02
2025-11-03,9:34:33.890744980,T,TGT,I,11,92.04
2025-11-03,9:34:33.894774583,T,TGT,F I,2,92.02
2025-11-03,9:34:33.895018147,T,TGT,F I,2,92.01
2025-11-03,9:34:34.274321134,T,TGT,,100,91.99
2025-11-03,9:34:34.274344861,T,TGT,F I,75,91.99
2025-11-03,9:34:34.274365913,T,TGT,,325,91.99
2025-11-03,9:34:35.431763435,T,TGT,,100,92.03
2025-11-03,9:34:35.431781468,T,TGT,I,13,92.03
2025-11-03,9:34:41.619001215,T,TGT,F I,80,92.01
2025-11-03,9:34:41.619016359,T,TGT,I,1,92.01
2025-11-03,9:34:41.619025251,T,TGT,F I,19,92.01
2025-11-03,9:34:41.619028302,T,TGT,F I,6,92.01
2025-11-03,9:34:41.619046532,T,TGT,I,4,92.01
2025-11-03,9:34:41.621031063,T,TGT,I,10,91.96
2025-11-03,9:34:46.828826261,T,TGT,F I,25,92.0
2025-11-03,9:34:46.828829341,T,TGT,F I,50,92.0
2025-11-03,9:34:50.010406177,T,TGT,I,7,91.995
2025-11-03,9:34:53.703321489,T,TGT,,100,91.995
2025-11-03,9:34:53.705940663,T,TGT,,180,91.995
2025-11-03,9:34:53.716862710,T,TGT,,150,91.995
2025-11-03,9:34:53.730852077,T,TGT,,150,91.995
2025-11-03,9:34:53.733414075,T,TGT,,140,91.995
2025-11-03,9:34:53.744062499,T,TGT,,150,91.995
2025-11-03,9:34:53.746621561,T,TGT,,154,91.995
2025-11-03,9:34:53.772059170,T,TGT,,150,91.995
2025-11-03,9:34:53.774615259,T,TGT,,214,91.995
2025-11-03,9:34:53.998811408,T,TGT,,257,91.995
2025-11-03,9:34:54.146357978,T,TGT,,169,91.995
2025-11-03,9:34:58.050123401,T,TGT,,150,91.995
2025-11-03,9:34:58.052715612,T,TGT,,278,91.995
2025-11-03,9:34:58.183449062,T,TGT,,100,91.995
2025-11-03,9:34:58.186402095,T,TGT,,186,91.995
2025-11-03,9:34:58.191457215,T,TGT,,100,91.995
2025-11-03,9:34:58.199317845,T,TGT,,100,91.995
2025-11-03,9:34:58.201876968,T,TGT,,372,91.995
2025-11-03,9:34:58.210351148,T,TGT,,100,91.995
2025-11-03,9:34:58.219589656,T,TGT,,100,91.995
2025-11-03,9:34:58.222151244,T,TGT,,371,91.995
2025-11-03,9:35:00.205292120,T,TGT,,127,92.0
2025-11-03,9:35:00.205295126,T,TGT,,127,91.99
2025-11-03,9:35:00.842964247,T,TGT,I,19,91.97
2025-11-03,9:35:08.451285721,T,TGT,F I,1,92.02
2025-11-03,9:35:08.451310597,T,TGT,F I,74,92.02
2025-11-03,9:35:08.451310597,T,TGT,F I,1,92.02
2025-11-03,9:35:08.451724728,T,TGT,I,1,92.05
2025-11-03,9:35:08.451778924,T,TGT,I,2,92.05
2025-11-03,9:35:08.451784955,T,TGT,I,2,92.05
2025-11-03,9:35:08.451803016,T,TGT,I,2,92.05
2025-11-03,9:35:08.451833010,T,TGT,I,12,92.04
2025-11-03,9:35:08.457697006,T,TGT,I,6,92.05
2025-11-03,9:35:08.457724105,T,TGT,F I,25,92.05
2025-11-03,9:35:08.457772172,T,TGT,,300,92.05
2025-11-03,9:35:08.457790186,T,TGT,I,1,92.05
2025-11-03,9:35:08.457811235,T,TGT,I,1,92.05
2025-11-03,9:35:08.457991667,T,TGT,,100,92.04
2025-11-03,9:35:08.460589940,T,TGT,I,70,92.05
2025-11-03,9:35:08.460589940,T,TGT,I,30,92.05
2025-11-03,9:35:09.194115494,T,TGT,I,75,92.0
2025-11-03,9:35:09.596825913,T,TGT,F,100,91.97
2025-11-03,9:35:09.815464819,T,TGT,I,4,91.97
2025-11-03,9:35:09.815464819,T,TGT,I,44,91.96
2025-11-03,9:35:10.259250113,T,TGT,I,31,91.95
2025-11-03,9:35:12.254912609,T,TGT,I,17,91.96
2025-11-03,9:35:12.754513881,T,TGT,,100,91.98
2025-11-03,9:35:12.754544153,T,TGT,F,235,91.99
2025-11-03,9:35:12.755001041,T,TGT,F,100,92.02
2025-11-03,9:35:12.755325811,T,TGT,F,100,92.02
2025-11-03,9:35:12.755373957,T,TGT,F,100,92.02
2025-11-03,9:35:12.755404028,T,TGT,F,100,92.02
2025-11-03,9:35:12.755647624,T,TGT,,100,92.02
2025-11-03,9:35:12.803545802,T,TGT,,100,92.01
2025-11-03,9:35:12.803593846,T,TGT,,100,92.02
2025-11-03,9:35:14.094371092,T,TGT,I,60,91.96
2025-11-03,9:35:14.094374254,T,TGT,I,69,91.95
2025-11-03,9:35:14.094374254,T,TGT,I,25,91.95
2025-11-03,9:35:14.094380064,T,TGT,I,62,91.95
2025-11-03,9:35:14.094380064,T,TGT,,115,91.95
2025-11-03,9:35:16.314867242,T,TGT,I,7,91.98
2025-11-03,9:35:23.517040756,T,TGT,F I,25,91.94
2025-11-03,9:35:23.517043771,T,TGT,F I,25,91.94
2025-11-03,9:35:23.517046871,T,TGT,F I,1,91.94
2025-11-03,9:35:23.517049778,T,TGT,F I,2,91.94
2025-11-03,9:35:23.517052881,T,TGT,F I,33,91.94
2025-11-03,9:35:24.641681720,T,TGT,I,5,91.9
2025-11-03,9:35:24.641684147,T,TGT,,100,91.9
2025-11-03,9:35:24.641687155,T,TGT,I,5,91.9
2025-11-03,9:35:25.231199655,T,TGT,F I,25,91.85
2025-11-03,9:35:25.231202697,T,TGT,F I,75,91.85
2025-11-03,9:35:25.231218068,T,TGT,F,275,91.85
2025-11-03,9:35:29.176900005,T,TGT,I,11,91.83
2025-11-03,9:35:29.176900005,T,TGT,I,10,91.83
2025-11-03,9:35:29.176903070,T,TGT,I,10,91.83
2025-11-03,9:35:29.176903070,T,TGT,I,7,91.83
2025-11-03,9:35:29.176915489,T,TGT,I,10,91.83
2025-11-03,9:35:33.451139066,T,TGT,F,195,91.82
2025-11-03,9:35:33.451154102,T,TGT,I,1,91.82
2025-11-03,9:35:33.451175151,T,TGT,I,7,91.82
2025-11-03,9:35:33.451211189,T,TGT,,214,91.82
2025-11-03,9:35:33.451244302,T,TGT,,138,91.82
2025-11-03,9:35:39.226428323,T,TGT,I,10,91.82
2025-11-03,9:35:39.229023530,T,TGT,I,30,91.82
2025-11-03,9:35:39.230851958,T,TGT,F I,1,91.81
2025-11-03,9:35:39.230851958,T,TGT,F I,50,91.8
2025-11-03,9:35:39.230854829,T,TGT,F,100,91.8
2025-11-03,9:35:39.231591580,T,TGT,F I,25,91.82
2025-11-03,9:35:39.695603124,T,TGT,F I,1,91.85
2025-11-03,9:35:39.700510776,T,TGT,F,100,91.86
2025-11-03,9:35:40.906491952,T,TGT,,100,91.9
2025-11-03,9:35:40.906543101,T,TGT,,100,91.91
2025-11-03,9:35:46.318951954,T,TGT,I,9,91.94
2025-11-03,9:35:56.396952241,T,TGT,F I,75,91.89
2025-11-03,9:35:56.397664949,T,TGT,I,25,91.89
2025-11-03,9:35:57.185364570,T,TGT,F I,75,91.87
2025-11-03,9:35:57.185463802,T,TGT,I,25,91.87
2025-11-03,9:35:59.417751177,T,TGT,F,100,91.84
2025-11-03,9:35:59.908769976,T,TGT,F,100,91.82
2025-11-03,9:35:59.908842059,T,TGT,F,100,91.81
2025-11-03,9:36:00.029874467,T,TGT,I,10,91.825
2025-11-03,9:36:00.029874467,T,TGT,I,65,91.825
2025-11-03,9:36:00.029926250,T,TGT,F I,75,91.825
2025-11-03,9:36:00.029961653,T,TGT,F I,10,91.825
2025-11-03,9:36:04.700710457,T,TGT,F I,75,91.825
2025-11-03,9:36:04.700764501,T,TGT,F I,25,91.825
2025-11-03,9:36:05.426525668,T,TGT,F,100,91.87
2025-11-03,9:36:05.426528743,T,TGT,F I,3,91.87
2025-11-03,9:36:05.433219619,T,TGT,F,100,91.87
2025-11-03,9:36:05.443934084,T,TGT,F,246,91.87
2025-11-03,9:36:05.443940660,T,TGT,F I,45,91.87
2025-11-03,9:36:05.443943162,T,TGT,I,9,91.87
2025-11-03,9:36:09.340587764,T,TGT,F,100,91.85
2025-11-03,9:36:09.340605872,T,TGT,I,1,91.85
2025-11-03,9:36:09.340605872,T,TGT,I,3,91.85
2025-11-03,9:36:29.322220898,T,TGT,F,246,91.86
2025-11-03,9:36:32.190141673,T,TGT,F I,75,91.84
2025-11-03,9:36:36.105680159,T,TGT,F I,5,91.85
2025-11-03,9:36:36.107141716,T,TGT,F,100,91.84
2025-11-03,9:36:36.107141716,T,TGT,F I,2,91.84
2025-11-03,9:36:36.107144652,T,TGT,F I,93,91.84
2025-11-03,9:36:36.107162703,T,TGT,I,1,91.84
2025-11-03,9:36:36.107183742,T,TGT,I,2,91.85
2025-11-03,9:36:36.107207780,T,TGT,F I,6,91.84
2025-11-03,9:36:36.107593162,T,TGT,I,3,91.84
2025-11-03,9:36:36.107596227,T,TGT,I,3,91.84
2025-11-03,9:36:36.107598728,T,TGT,I,3,91.84
2025-11-03,9:36:36.107598728,T,TGT,I,1,91.84
2025-11-03,9:36:36.108188160,T,TGT,F I,5,91.83
2025-11-03,9:36:36.108191143,T,TGT,F I,10,91.83
2025-11-03,9:36:36.328135110,T,TGT,I,9,91.83
2025-11-03,9:36:38.568247122,T,TGT,,100,91.8
2025-11-03,9:36:38.568250128,T,TGT,,200,91.8
2025-11-03,9:36:41.227155032,T,TGT,I,5,91.78
2025-11-03,9:36:41.227155032,T,TGT,I,5,91.78
2025-11-03,9:36:41.227157794,T,TGT,I,2,91.78
2025-11-03,9:36:41.227455529,T,TGT,F I,13,91.78
2025-11-03,9:36:41.227458977,T,TGT,F,100,91.78
2025-11-03,9:36:41.227461617,T,TGT,F,100,91.78
2025-11-03,9:36:41.227509620,T,TGT,,100,91.79
2025-11-03,9:36:41.227527716,T,TGT,I,1,91.79
2025-11-03,9:36:41.227603271,T,TGT,F,100,91.8
2025-11-03,9:36:41.227626899,T,TGT,I,25,91.8
2025-11-03,9:36:41.227630533,T,TGT,I,2,91.8
2025-11-03,9:36:41.227630533,T,TGT,F I,23,91.8
2025-11-03,9:36:41.227633743,T,TGT,I,17,91.8
2025-11-03,9:36:41.227636826,T,TGT,I,15,91.8
2025-11-03,9:36:41.227642262,T,TGT,I,16,91.8
2025-11-03,9:36:41.227644969,T,TGT,I,13,91.8
2025-11-03,9:36:41.227654106,T,TGT,F I,14,91.8
2025-11-03,9:36:41.227657071,T,TGT,F I,75,91.8
2025-11-03,9:36:41.227861673,T,TGT,I,20,91.79
2025-11-03,9:36:41.227865030,T,TGT,,100,91.79
2025-11-03,9:36:41.227867572,T,TGT,I,93,91.79
2025-11-03,9:36:41.342599924,T,TGT,F I,7,91.79
2025-11-03,9:36:41.342602901,T,TGT,F,100,91.79
2025-11-03,9:36:47.128979694,T,TGT,F I,45,91.81
2025-11-03,9:36:47.158765966,T,TGT,F I,23,91.84
2025-11-03,9:36:47.158768574,T,TGT,F,100,91.84
2025-11-03,9:36:47.158788224,T,TGT,I,1,91.84
2025-11-03,9:36:52.047981893,T,TGT,I,23,91.82
2025-11-03,9:36:52.047981893,T,TGT,I,38,91.82
2025-11-03,9:36:52.048011957,T,TGT,I,62,91.82
2025-11-03,9:36:55.755322394,T,TGT,I,38,91.84
2025-11-03,9:36:55.755496851,T,TGT,I,17,91.85
2025-11-03,9:36:55.755520935,T,TGT,,283,91.85
2025-11-03,9:36:55.755520935,T,TGT,I,12,91.85
2025-11-03,9:36:55.755523930,T,TGT,,100,91.85
2025-11-03,9:37:13.032958420,T,TGT,,100,91.955
2025-11-03,9:37:13.396250947,T,TGT,F I,10,91.99
2025-11-03,9:37:13.396268983,T,TGT,I,10,91.99
2025-11-03,9:37:13.396494535,T,TGT,F I,13,91.99
2025-11-03,9:37:13.396512548,T,TGT,I,13,91.99
2025-11-03,9:37:13.396518563,T,TGT,I,13,91.99
2025-11-03,9:37:13.396533656,T,TGT,I,13,91.99
2025-11-03,9:37:13.396539645,T,TGT,I,6,91.99
2025-11-03,9:37:13.396705100,T,TGT,I,13,91.99
2025-11-03,9:37:13.396780211,T,TGT,I,19,91.99
2025-11-03,9:37:13.397039409,T,TGT,I,5,92.0
2025-11-03,9:37:13.397039409,T,TGT,I,4,92.0
2025-11-03,9:37:13.397041862,T,TGT,I,1,92.0
2025-11-03,9:37:13.397044822,T,TGT,I,3,92.0
2025-11-03,9:37:13.401248858,T,TGT,F I,25,92.0
2025-11-03,9:37:13.401248858,T,TGT,F I,26,91.99
2025-11-03,9:37:15.993460836,T,TGT,I,30,92.05
2025-11-03,9:37:16.126025524,T,TGT,F I,75,92.12
2025-11-03,9:37:16.126076606,T,TGT,F I,25,92.12
2025-11-03,9:37:16.336355567,T,TGT,I,8,92.16
2025-11-03,9:37:17.972195891,T,TGT,I,10,92.09
2025-11-03,9:37:18.366997518,T,TGT,I,25,92.12
2025-11-03,9:37:18.367024570,T,TGT,F I,75,92.13
2025-11-03,9:37:18.367075667,T,TGT,F I,75,92.13
2025-11-03,9:37:18.367108698,T,TGT,F I,25,92.13
2025-11-03,9:37:21.443344679,T,TGT,F,100,92.06
2025-11-03,9:37:21.443344679,T,TGT,F I,3,92.06
2025-11-03,9:37:21.443488997,T,TGT,I,75,92.06
2025-11-03,9:37:21.443492009,T,TGT,I,75,92.08
2025-11-03,9:37:21.443492009,T,TGT,I,26,92.08
2025-11-03,9:37:26.335748473,T,TGT,I,7,92.04
2025-11-03,9:37:27.126837120,T,TGT,I,1,92.0
2025-11-03,9:37:27.439326651,T,TGT,I,4,91.99
2025-11-03,9:37:36.338755992,T,TGT,I,7,91.995
2025-11-03,9:37:38.598730522,T,TGT,F I,1,91.96
2025-11-03,9:37:38.599325617,T,TGT,F I,25,91.95
2025-11-03,9:37:38.599376759,T,TGT,F I,25,91.95
2025-11-03,9:37:38.599400869,T,TGT,I,50,91.95
2025-11-03,9:37:38.599403874,T,TGT,I,50,91.95
2025-11-03,9:37:38.609153101,T,TGT,F I,40,91.94
2025-11-03,9:37:41.230104284,T,TGT,,100,91.96
2025-11-03,9:37:51.102300180,T,TGT,I,8,91.955
2025-11-03,9:37:53.733680903,T,TGT,I,44,91.91
2025-11-03,9:37:53.733698421,T,TGT,F I,56,91.91
2025-11-03,9:37:56.381852511,T,TGT,I,42,91.9
2025-11-03,9:37:56.381943360,T,TGT,I,58,91.9
2025-11-03,9:37:56.381945773,T,TGT,I,42,91.9
2025-11-03,9:37:56.381963821,T,TGT,I,1,91.9
2025-11-03,9:37:56.382408950,T,TGT,I,28,91.9
2025-11-03,9:37:59.373779673,T,TGT,F,100,91.88
2025-11-03,9:37:59.374137622,T,TGT,,100,91.9
2025-11-03,9:37:59.374140577,T,TGT,I,23,91.9
2025-11-03,9:37:59.374167700,T,TGT,F I,2,91.9
2025-11-03,9:38:00.511612632,T,TGT,,100,91.9
2025-11-03,9:38:00.511615637,T,TGT,I,14,91.9
2025-11-03,9:38:00.511630697,T,TGT,I,1,91.9
2025-11-03,9:38:00.732115980,T,TGT,F I,71,91.9
2025-11-03,9:38:01.977451847,T,TGT,,100,91.88
2025-11-03,9:38:02.445808985,T,TGT,F I,17,91.85
2025-11-03,9:38:02.445808985,T,TGT,F I,24,91.85
2025-11-03,9:38:08.120857505,T,TGT,F,100,91.91
2025-11-03,9:38:08.120860261,T,TGT,F,100,91.91
2025-11-03,9:38:08.121591092,T,TGT,F I,1,91.93
2025-11-03,9:38:08.121591092,T,TGT,F I,4,91.93
2025-11-03,9:38:08.121675683,T,TGT,F I,75,91.93
2025-11-03,9:38:08.124246451,T,TGT,F I,60,91.91
2025-11-03,9:38:08.302652954,T,TGT,I,25,91.9
2025-11-03,9:38:08.302655359,T,TGT,I,18,91.9
2025-11-03,9:38:08.317092828,T,TGT,I,32,91.9
2025-11-03,9:38:09.932225734,T,TGT,I,12,91.89
2025-11-03,9:38:09.934276692,T,TGT,F I,4,91.91
2025-11-03,9:38:11.102223248,T,TGT,F I,3,91.9
2025-11-03,9:38:11.102256289,T,TGT,F,100,91.9
2025-11-03,9:38:13.938908594,T,TGT,I,90,91.91
2025-11-03,9:38:13.938923834,T,TGT,I,1,91.91
2025-11-03,9:38:13.938926561,T,TGT,I,1,91.91
2025-11-03,9:38:13.938993381,T,TGT,I,70,91.92
2025-11-03,9:38:13.938996048,T,TGT,I,30,91.93
2025-11-03,9:38:13.938998824,T,TGT,I,25,91.93
2025-11-03,9:38:13.938998824,T,TGT,I,75,91.93
2025-11-03,9:38:13.939176166,T,TGT,F I,8,91.91
2025-11-03,9:38:13.939425861,T,TGT,F I,60,91.92
2025-11-03,9:38:17.797194967,T,TGT,F,100,91.92
2025-11-03,9:38:17.797196742,T,TGT,F I,14,91.92
2025-11-03,9:38:17.797199750,T,TGT,F,114,91.92
2025-11-03,9:38:17.797212056,T,TGT,F I,44,91.92
2025-11-03,9:38:17.797212056,T,TGT,F I,1,91.92
2025-11-03,9:38:17.797212056,T,TGT,F I,4,91.92
2025-11-03,9:38:17.797217848,T,TGT,F I,25,91.92
2025-11-03,9:38:17.797217848,T,TGT,F I,75,91.92
2025-11-03,9:38:18.233927136,T,TGT,F I,25,91.92
2025-11-03,9:38:18.233951208,T,TGT,,275,91.92
2025-11-03,9:38:18.233954288,T,TGT,I,1,91.92
2025-11-03,9:38:18.234310044,T,TGT,,100,91.91
2025-11-03,9:38:18.234310044,T,TGT,,100,91.91
2025-11-03,9:38:18.234315296,T,TGT,I,19,91.91
2025-11-03,9:38:18.234315296,T,TGT,I,10,91.91
2025-11-03,9:38:18.234411320,T,TGT,,100,91.91
2025-11-03,9:38:18.234456435,T,TGT,I,1,91.91
2025-11-03,9:38:18.234471489,T,TGT,I,99,91.91
2025-11-03,9:38:18.234471489,T,TGT,I,1,91.91
2025-11-03,9:38:18.234501497,T,TGT,I,18,91.91
2025-11-03,9:38:18.234561648,T,TGT,F,100,91.91
2025-11-03,9:38:18.234766120,T,TGT,,100,91.93
2025-11-03,9:38:18.235012706,T,TGT,I,59,91.91
2025-11-03,9:38:18.235045872,T,TGT,I,41,91.91
2025-11-03,9:38:18.235045872,T,TGT,I,30,91.91
2025-11-03,9:38:18.235051832,T,TGT,,100,91.91
2025-11-03,9:38:18.238317948,T,TGT,I,59,91.92
2025-11-03,9:38:18.238317948,T,TGT,I,41,91.92
2025-11-03,9:38:18.238321145,T,TGT,I,19,91.92
2025-11-03,9:38:18.238323604,T,TGT,I,29,91.92
2025-11-03,9:38:18.238323604,T,TGT,,100,91.92
2025-11-03,9:38:18.238368735,T,TGT,I,70,91.92
2025-11-03,9:38:18.361244454,T,TGT,,100,91.92
2025-11-03,9:38:18.361259564,T,TGT,I,1,91.92
2025-11-03,9:38:18.361262517,T,TGT,I,28,91.92
2025-11-03,9:38:22.283591265,T,TGT,F I,10,91.91
2025-11-03,9:38:23.374016193,T,TGT,I,2,91.89
2025-11-03,9:38:26.346925945,T,TGT,I,8,91.87
2025-11-03,9:38:32.988059181,T,TGT,F I,60,91.88
2025-11-03,9:38:33.444585637,T,TGT,I,60,91.89
2025-11-03,9:38:35.296716177,T,TGT,F I,75,91.87
2025-11-03,9:38:37.548580230,T,TGT,F I,10,91.86
2025-11-03,9:38:37.548580230,T,TGT,F I,20,91.86
2025-11-03,9:38:38.359786831,T,TGT,F I,50,91.86
2025-11-03,9:38:42.047195853,T,TGT,F,100,91.84
2025-11-03,9:38:42.047213989,T,TGT,F I,10,91.84
2025-11-03,9:38:42.047216932,T,TGT,I,1,91.84
2025-11-03,9:38:42.047226121,T,TGT,F I,10,91.84
2025-11-03,9:38:42.065665943,T,TGT,I,71,91.84
2025-11-03,9:38:44.431134447,T,TGT,I,6,91.85
2025-11-03,9:38:46.350778931,T,TGT,I,8,91.845
2025-11-03,9:38:47.903609657,T,TGT,F I,50,91.84
2025-11-03,9:38:47.903609657,T,TGT,F,100,91.84
2025-11-03,9:38:47.991704368,T,TGT,F I,5,91.83
2025-11-03,9:38:48.762867882,T,TGT,F,100,91.81
2025-11-03,9:38:48.762871240,T,TGT,F I,5,91.81
2025-11-03,9:38:50.299423291,T,TGT,F,127,91.8
2025-11-03,9:38:50.299441368,T,TGT,I,1,91.8
2025-11-03,9:38:50.299450833,T,TGT,F,872,91.8
2025-11-03,9:38:50.299453718,T,TGT,F I,2,91.8
2025-11-03,9:38:50.299453718,T,TGT,F I,5,91.8
2025-11-03,9:38:50.299456426,T,TGT,F I,6,91.8
2025-11-03,9:38:50.299459479,T,TGT,F I,1,91.8
2025-11-03,9:38:50.299462475,T,TGT,F I,4,91.8
2025-11-03,9:38:50.299490037,T,TGT,F,100,91.8
2025-11-03,9:38:50.300187169,T,TGT,I,5,91.79
2025-11-03,9:38:52.835602615,T,TGT,I,1,91.78
2025-11-03,9:38:52.835656737,T,TGT,F I,10,91.78
2025-11-03,9:38:56.336988470,T,TGT,I,2,91.79
2025-11-03,9:38:56.336991526,T,TGT,I,7,91.79
2025-11-03,9:38:58.858769420,T,TGT,I,7,91.8
2025-11-03,9:38:58.916675379,T,TGT,F I,25,91.79
2025-11-03,9:38:58.923167869,T,TGT,I,34,91.78
2025-11-03,9:38:58.923270144,T,TGT,F I,22,91.77
2025-11-03,9:38:58.923273165,T,TGT,F,100,91.77
2025-11-03,9:38:58.923276129,T,TGT,F I,10,91.77
2025-11-03,9:39:02.273203127,T,TGT,I,75,91.77
2025-11-03,9:39:02.273356492,T,TGT,I,5,91.765
2025-11-03,9:39:02.682971765,T,TGT,,100,91.76
2025-11-03,9:39:02.685428258,T,TGT,I,10,91.75
2025-11-03,9:39:02.686910782,T,TGT,F I,6,91.73
2025-11-03,9:39:06.383557941,T,TGT,F I,5,91.77
2025-11-03,9:39:06.383557941,T,TGT,F I,22,91.77
2025-11-03,9:39:06.496094972,T,TGT,,100,91.8
2025-11-03,9:39:06.496094972,T,TGT,I,75,91.8
2025-11-03,9:39:06.496318028,T,TGT,F I,18,91.81
2025-11-03,9:39:06.496395703,T,TGT,F I,82,91.81
2025-11-03,9:39:06.496398654,T,TGT,F I,60,91.81
2025-11-03,9:39:06.496672406,T,TGT,F I,75,91.82
2025-11-03,9:39:12.190900531,T,TGT,I,6,91.78
2025-11-03,9:39:12.190900531,T,TGT,I,77,91.78
2025-11-03,9:39:12.190918615,T,TGT,I,1,91.78
2025-11-03,9:39:12.190954644,T,TGT,I,22,91.78
2025-11-03,9:39:12.227251302,T,TGT,,100,91.77
2025-11-03,9:39:22.450707880,T,TGT,,100,91.81
2025-11-03,9:39:22.460706655,T,TGT,,100,91.805
2025-11-03,9:39:24.731618688,T,TGT,F,100,91.77
2025-11-03,9:39:24.731620938,T,TGT,F,100,91.77
2025-11-03,9:39:24.731623928,T,TGT,F I,10,91.77
2025-11-03,9:39:24.732429895,T,TGT,F,100,91.76
2025-11-03,9:39:25.118817487,T,TGT,F,100,91.76
2025-11-03,9:39:25.501542224,T,TGT,F,100,91.74
2025-11-03,9:39:25.501560337,T,TGT,I,1,91.74
2025-11-03,9:39:25.501581395,T,TGT,I,99,91.74
2025-11-03,9:39:25.503941933,T,TGT,F I,3,91.76
2025-11-03,9:39:25.505241041,T,TGT,I,75,91.76
2025-11-03,9:39:25.518953799,T,TGT,I,24,91.75
2025-11-03,9:39:25.518953799,T,TGT,I,13,91.75
2025-11-03,9:39:25.518953799,T,TGT,I,50,91.75
2025-11-03,9:39:25.518956722,T,TGT,I,2,91.75
2025-11-03,9:39:25.518971734,T,TGT,,145,91.74
2025-11-03,9:39:25.518983806,T,TGT,I,2,91.74
2025-11-03,9:39:27.628425393,T,TGT,F I,25,91.76
2025-11-03,9:39:27.628446539,T,TGT,I,75,91.76
2025-11-03,9:39:27.628449545,T,TGT,I,1,91.76
2025-11-03,9:39:27.628464593,T,TGT,I,1,91.76
2025-11-03,9:39:27.628485629,T,TGT,I,98,91.76
2025-11-03,9:39:27.628485629,T,TGT,I,14,91.76
2025-11-03,9:39:27.828654508,T,TGT,I,33,91.76
2025-11-03,9:39:27.965844313,T,TGT,I,75,91.76
2025-11-03,9:39:27.965916508,T,TGT,I,75,91.76
2025-11-03,9:39:28.009610601,T,TGT,F I,75,91.76
2025-11-03,9:39:28.578021787,T,TGT,I,21,91.76
2025-11-03,9:39:28.917479597,T,TGT,,127,91.76
2025-11-03,9:39:28.917593897,T,TGT,I,75,91.76
2025-11-03,9:39:28.917651023,T,TGT,I,75,91.76
2025-11-03,9:39:28.917693025,T,TGT,I,75,91.76
2025-11-03,9:39:28.917735218,T,TGT,I,75,91.76
2025-11-03,9:39:28.917774309,T,TGT,I,75,91.76
2025-11-03,9:39:28.917813422,T,TGT,I,75,91.76
2025-11-03,9:39:28.917852479,T,TGT,I,42,91.76
2025-11-03,9:39:28.917903701,T,TGT,,127,91.76
2025-11-03,9:39:28.917903701,T,TGT,F I,75,91.76
2025-11-03,9:39:28.920826597,T,TGT,I,70,91.76
2025-11-03,9:39:29.224029906,T,TGT,I,60,91.76
2025-11-03,9:39:29.224426880,T,TGT,F I,75,91.76
2025-11-03,9:39:29.378381617,T,TGT,I,40,91.76
2025-11-03,9:39:29.380429615,T,TGT,I,19,91.76
2025-11-03,9:39:29.725934672,T,TGT,F I,75,91.76
2025-11-03,9:39:29.920582375,T,TGT,I,9,91.76
2025-11-03,9:39:30.097196160,T,TGT,F I,75,91.76
2025-11-03,9:39:30.097289570,T,TGT,F I,75,91.76
2025-11-03,9:39:30.097325495,T,TGT,,247,91.76
2025-11-03,9:39:30.097340499,T,TGT,,800,91.76
2025-11-03,9:39:30.097641214,T,TGT,F,100,91.76
2025-11-03,9:39:30.097653293,T,TGT,F I,59,91.76
2025-11-03,9:39:30.107546867,T,TGT,I,79,91.75
2025-11-03,9:39:30.107567888,T,TGT,I,1,91.75
2025-11-03,9:39:30.107823456,T,TGT,F I,20,91.75
2025-11-03,9:39:30.130049503,T,TGT,F,100,91.74
2025-11-03,9:39:30.130049503,T,TGT,F I,70,91.74
2025-11-03,9:39:30.130109561,T,TGT,,100,91.73
2025-11-03,9:39:30.131255584,T,TGT,F I,15,91.72
2025-11-03,9:39:30.136015648,T,TGT,I,42,91.71
2025-11-03,9:39:30.136496970,T,TGT,F I,1,91.7
2025-11-03,9:39:30.136499858,T,TGT,F I,5,91.7
2025-11-03,9:39:30.164027426,T,TGT,F I,75,91.72
2025-11-03,9:39:30.164027426,T,TGT,F I,25,91.72
2025-11-03,9:39:31.608401518,T,TGT,,100,91.69
2025-11-03,9:39:31.932901682,T,TGT,I,6,91.69
2025-11-03,9:39:32.619873367,T,TGT,I,5,91.69
2025-11-03,9:39:35.692148852,T,TGT,I,42,91.69
2025-11-03,9:39:37.231402016,T,TGT,I,1,91.705
2025-11-03,9:39:49.514074801,T,TGT,F I,29,91.69
2025-11-03,9:39:49.514077822,T,TGT,F I,5,91.69
2025-11-03,9:39:51.787710560,T,TGT,I,14,91.66
2025-11-03,9:39:52.987010254,T,TGT,F I,62,91.65
2025-11-03,9:39:52.987048969,T,TGT,,100,91.66
2025-11-03,9:39:53.147694694,T,TGT,I,2,91.64
2025-11-03,9:39:53.147694694,T,TGT,I,2,91.64
2025-11-03,9:39:53.147697594,T,TGT,I,96,91.64
2025-11-03,9:39:53.214155982,T,TGT,F,100,91.66
2025-11-03,9:39:53.214159290,T,TGT,F I,24,91.66
2025-11-03,9:39:53.214192025,T,TGT,I,17,91.67
2025-11-03,9:39:53.214198120,T,TGT,,106,91.67
2025-11-03,9:39:53.214198120,T,TGT,,114,91.67
2025-11-03,9:39:53.214961936,T,TGT,F I,26,91.67
2025-11-03,9:39:53.215004233,T,TGT,F I,1,91.67
2025-11-03,9:39:53.533011653,T,TGT,I,30,91.67
2025-11-03,9:39:53.533062775,T,TGT,,100,91.67
2025-11-03,9:39:53.533080816,T,TGT,I,1,91.67
2025-11-03,9:39:53.533769414,T,TGT,I,2,91.66
2025-11-03,9:39:53.701716597,T,TGT,F I,4,91.66
2025-11-03,9:39:55.674596850,T,TGT,F I,8,91.64
2025-11-03,9:39:55.675288459,T,TGT,F I,25,91.64
2025-11-03,9:39:55.678617376,T,TGT,F,100,91.645
2025-11-03,9:39:55.679456516,T,TGT,F,100,91.65
2025-11-03,9:39:55.679459654,T,TGT,F I,28,91.65
2025-11-03,9:39:55.679492515,T,TGT,,100,91.65
2025-11-03,9:39:55.679495461,T,TGT,I,46,91.65
2025-11-03,9:39:55.679498633,T,TGT,I,84,91.66
2025-11-03,9:39:56.346677803,T,TGT,I,10,91.655
2025-11-03,9:39:58.454362439,T,TGT,F I,2,91.64
2025-11-03,9:39:58.455348752,T,TGT,F I,20,91.63
2025-11-03,9:40:00.063252455,T,TGT,I,4,91.62
2025-11-03,9:40:00.125642132,T,TGT,F I,1,91.6
2025-11-03,9:40:00.125645154,T,TGT,F I,5,91.6
2025-11-03,9:40:00.125645154,T,TGT,F I,5,91.6
2025-11-03,9:40:00.125648214,T,TGT,F I,15,91.6
2025-11-03,9:40:00.125837616,T,TGT,I,98,91.6
2025-11-03,9:40:00.129049223,T,TGT,I,67,91.595
2025-11-03,9:40:00.663705006,T,TGT,I,2,91.58
2025-11-03,9:40:00.663705006,T,TGT,I,1,91.58
2025-11-03,9:40:01.219059140,T,TGT,F I,25,91.59
2025-11-03,9:40:01.220505644,T,TGT,I,75,91.595
2025-11-03,9:40:03.017502766,T,TGT,F I,7,91.6
2025-11-03,9:40:03.017502766,T,TGT,F I,3,91.6
2025-11-03,9:40:03.018170352,T,TGT,F I,33,91.6
2025-11-03,9:40:03.020173235,T,TGT,I,70,91.6
2025-11-03,9:40:04.087340752,T,TGT,F,100,91.61
2025-11-03,9:40:04.531363503,T,TGT,,100,91.6
2025-11-03,9:40:04.531381540,T,TGT,I,1,91.6
2025-11-03,9:40:04.863126657,T,TGT,I,33,91.62
2025-11-03,9:40:04.863126657,T,TGT,I,29,91.62
2025-11-03,9:40:04.863129721,T,TGT,I,30,91.62
2025-11-03,9:40:04.863129721,T,TGT,I,8,91.62
2025-11-03,9:40:04.863131987,T,TGT,I,15,91.62
2025-11-03,9:40:04.863134910,T,TGT,I,4,91.62
2025-11-03,9:40:04.863321415,T,TGT,,100,91.62
2025-11-03,9:40:04.863325062,T,TGT,I,13,91.62
2025-11-03,9:40:04.863886683,T,TGT,,100,91.62
2025-11-03,9:40:05.309386132,T,TGT,,100,91.61
2025-11-03,9:40:06.364939905,T,TGT,I,9,91.6
2025-11-03,9:40:08.967165479,T,TGT,F I,50,91.59
2025-11-03,9:40:08.967168996,T,TGT,F I,90,91.58
2025-11-03,9:40:08.967171660,T,TGT,F,100,91.58
2025-11-03,9:40:08.967174699,T,TGT,F I,1,91.58
2025-11-03,9:40:08.967174699,T,TGT,F I,75,91.58
2025-11-03,9:40:08.967174699,T,TGT,F I,25,91.58
2025-11-03,9:40:08.967821143,T,TGT,I,30,91.59
2025-11-03,9:40:08.967845285,T,TGT,I,10,91.59
2025-11-03,9:40:13.350264054,T,TGT,I,1,91.56
2025-11-03,9:40:14.246420174,T,TGT,F I,14,91.54
2025-11-03,9:40:14.263365919,T,TGT,F,100,91.53
2025-11-03,9:40:14.263371501,T,TGT,F I,94,91.53
2025-11-03,9:40:14.263383668,T,TGT,F I,6,91.53
2025-11-03,9:40:14.263395924,T,TGT,I,72,91.54
2025-11-03,9:40:14.356590581,T,TGT,F I,4,91.52
2025-11-03,9:40:14.566668129,T,TGT,,100,91.525
2025-11-03,9:40:14.936095306,T,TGT,I,19,91.51
2025-11-03,9:40:16.365349406,T,TGT,I,11,91.525
2025-11-03,9:40:16.677661566,T,TGT,I,1,91.51
2025-11-03,9:40:16.678208931,T,TGT,I,2,91.525
2025-11-03,9:40:16.678211929,T,TGT,I,2,91.525
2025-11-03,9:40:16.678214879,T,TGT,I,2,91.525
2025-11-03,9:40:16.678214879,T,TGT,I,2,91.525
2025-11-03,9:40:16.678253932,T,TGT,I,81,91.525
2025-11-03,9:40:16.678380213,T,TGT,I,11,91.54
2025-11-03,9:40:19.996768130,T,TGT,F,770,91.51
2025-11-03,9:40:19.996771235,T,TGT,F I,17,91.51
2025-11-03,9:40:19.996771235,T,TGT,F I,10,91.51
2025-11-03,9:40:19.996825847,T,TGT,I,25,91.51
2025-11-03,9:40:19.996825847,T,TGT,I,75,91.52
2025-11-03,9:40:19.996849886,T,TGT,I,25,91.52
2025-11-03,9:40:19.996849886,T,TGT,I,25,91.52
2025-11-03,9:40:19.996852500,T,TGT,I,50,91.52
2025-11-03,9:40:19.996856109,T,TGT,I,1,91.52
2025-11-03,9:40:19.996879961,T,TGT,F I,75,91.51
2025-11-03,9:40:19.996889084,T,TGT,I,49,91.52
2025-11-03,9:40:19.996889084,T,TGT,I,26,91.52
2025-11-03,9:40:19.996895027,T,TGT,I,25,91.52
2025-11-03,9:40:19.996897663,T,TGT,I,25,91.51
2025-11-03,9:40:19.996900572,T,TGT,I,2,91.51
2025-11-03,9:40:19.997126187,T,TGT,,100,91.52
2025-11-03,9:40:19.997130003,T,TGT,I,2,91.52
2025-11-03,9:40:19.997130003,T,TGT,I,6,91.52
2025-11-03,9:40:19.997132114,T,TGT,I,15,91.52
2025-11-03,9:40:19.997136332,T,TGT,I,1,91.52
2025-11-03,9:40:19.997136332,T,TGT,I,1,91.5
2025-11-03,9:40:19.997141319,T,TGT,I,75,91.5
2025-11-03,9:40:19.997141319,T,TGT,I,1,91.5
2025-11-03,9:40:19.997145174,T,TGT,I,50,91.5
2025-11-03,9:40:19.997145174,T,TGT,I,1,91.5
2025-11-03,9:40:19.997151262,T,TGT,I,1,91.5
2025-11-03,9:40:19.997151262,T,TGT,I,1,91.5
2025-11-03,9:40:19.997151262,T,TGT,I,1,91.5
2025-11-03,9:40:19.997156426,T,TGT,,100,91.5
2025-11-03,9:40:19.997156426,T,TGT,I,25,91.5
2025-11-03,9:40:19.997156426,T,TGT,,1000,91.5
2025-11-03,9:40:19.997160211,T,TGT,I,1,91.5
2025-11-03,9:40:19.997160211,T,TGT,I,50,91.5
2025-11-03,9:40:19.997165990,T,TGT,I,5,91.5
2025-11-03,9:40:19.997165990,T,TGT,I,15,91.5
2025-11-03,9:40:19.997171505,T,TGT,,100,91.5
2025-11-03,9:40:19.997171505,T,TGT,I,20,91.5
2025-11-03,9:40:19.997174146,T,TGT,I,10,91.5
2025-11-03,9:40:19.997174146,T,TGT,I,5,91.5
2025-11-03,9:40:19.997177981,T,TGT,I,30,91.52
2025-11-03,9:40:19.997177981,T,TGT,I,24,91.52
2025-11-03,9:40:19.997177981,T,TGT,I,69,91.52
2025-11-03,9:40:19.997180688,T,TGT,I,64,91.51
2025-11-03,9:40:19.997180688,T,TGT,,100,91.52
2025-11-03,9:40:19.997183881,T,TGT,I,1,91.52
2025-11-03,9:40:19.997183881,T,TGT,F I,36,91.51
2025-11-03,9:40:19.997195483,T,TGT,I,23,91.51
2025-11-03,9:40:19.997207170,T,TGT,I,77,91.51
2025-11-03,9:40:19.997309499,T,TGT,,100,91.51
2025-11-03,9:40:19.997775520,T,TGT,F I,35,91.5
2025-11-03,9:40:20.013599231,T,TGT,F I,2,91.49
2025-11-03,9:40:20.036261272,T,TGT,F I,5,91.47
2025-11-03,9:40:20.092137487,T,TGT,F I,13,91.47
2025-11-03,9:40:20.092137487,T,TGT,F I,19,91.47
2025-11-03,9:40:20.092140346,T,TGT,F I,2,91.47
2025-11-03,9:40:20.092144036,T,TGT,F I,30,91.47
2025-11-03,9:40:20.092144036,T,TGT,F I,75,91.46
2025-11-03,9:40:20.092146408,T,TGT,F,100,91.46
2025-11-03,9:40:20.092261126,T,TGT,F I,45,91.48
2025-11-03,9:40:20.092263719,T,TGT,F I,12,91.48
2025-11-03,9:40:20.092299811,T,TGT,I,24,91.49
2025-11-03,9:40:20.092720944,T,TGT,F I,34,91.46
2025-11-03,9:40:20.093433446,T,TGT,F I,31,91.46
2025-11-03,9:40:21.271039157,T,TGT,I,1,91.44
2025-11-03,9:40:21.271039157,T,TGT,I,21,91.44
2025-11-03,9:40:21.271108759,T,TGT,F I,25,91.45
2025-11-03,9:40:21.271111297,T,TGT,F I,7,91.46
2025-11-03,9:40:21.271123697,T,TGT,F I,7,91.46
2025-11-03,9:40:21.271126797,T,TGT,F I,18,91.46
2025-11-03,9:40:21.271129506,T,TGT,F I,7,91.46
2025-11-03,9:40:21.271132479,T,TGT,F I,13,91.46
2025-11-03,9:40:21.271135445,T,TGT,I,1,91.46
2025-11-03,9:40:21.271216465,T,TGT,F I,35,91.47
2025-11-03,9:40:21.271478089,T,TGT,F I,32,91.46
2025-11-03,9:40:21.271586457,T,TGT,I,32,91.45
2025-11-03,9:40:21.271586457,T,TGT,I,5,91.45
2025-11-03,9:40:21.271838950,T,TGT,I,95,91.45
2025-11-03,9:40:21.271842213,T,TGT,I,30,91.45
2025-11-03,9:40:21.271842213,T,TGT,I,41,91.45
2025-11-03,9:40:21.271844979,T,TGT,I,22,91.45
2025-11-03,9:40:21.272765225,T,TGT,,100,91.44
2025-11-03,9:40:21.273839053,T,TGT,F I,32,91.46
2025-11-03,9:40:21.273839053,T,TGT,F I,30,91.46
2025-11-03,9:40:21.273842395,T,TGT,F I,20,91.46
2025-11-03,9:40:21.273851524,T,TGT,F I,12,91.46
2025-11-03,9:40:21.273853726,T,TGT,F I,40,91.46
2025-11-03,9:40:21.273860834,T,TGT,I,75,91.46
2025-11-03,9:40:21.273865746,T,TGT,I,25,91.46
2025-11-03,9:40:21.273865746,T,TGT,I,1,91.46
2025-11-03,9:40:21.273865746,T,TGT,I,1,91.46
2025-11-03,9:40:21.273874884,T,TGT,I,52,91.46
2025-11-03,9:40:21.274013106,T,TGT,I,15,91.44
2025-11-03,9:40:21.274163637,T,TGT,I,30,91.44
2025-11-03,9:40:21.274163637,T,TGT,I,33,91.44
2025-11-03,9:40:21.274223648,T,TGT,I,2,91.44
2025-11-03,9:40:21.275579856,T,TGT,I,13,91.44
2025-11-03,9:40:21.275895639,T,TGT,I,87,91.44
2025-11-03,9:40:22.271525819,T,TGT,F,100,91.46
2025-11-03,9:40:22.271525819,T,TGT,F I,95,91.46
2025-11-03,9:40:22.271528794,T,TGT,F I,11,91.46
2025-11-03,9:40:22.271528794,T,TGT,F,143,91.46
2025-11-03,9:40:22.271540761,T,TGT,I,69,91.46
2025-11-03,9:40:22.542976481,T,TGT,F I,32,91.44
2025-11-03,9:40:22.543051561,T,TGT,F I,50,91.44
2025-11-03,9:40:22.543060602,T,TGT,F I,75,91.44
2025-11-03,9:40:23.854849086,T,TGT,I,1,91.42
2025-11-03,9:40:23.854849086,T,TGT,I,3,91.42
2025-11-03,9:40:23.854851917,T,TGT,I,9,91.42
2025-11-03,9:40:24.487718626,T,TGT,F I,25,91.43
2025-11-03,9:40:26.408800602,T,TGT,F I,75,91.43
2025-11-03,9:40:27.045868354,T,TGT,F I,10,91.43
2025-11-03,9:40:27.611837796,T,TGT,,100,91.415
2025-11-03,9:40:27.615677916,T,TGT,I,57,91.4
2025-11-03,9:40:27.615696010,T,TGT,I,9,91.39
2025-11-03,9:40:27.615698986,T,TGT,,164,91.4
2025-11-03,9:40:27.615747081,T,TGT,F I,3,91.41
2025-11-03,9:40:27.627838910,T,TGT,,100,91.4
2025-11-03,9:40:27.634719418,T,TGT,I,1,91.39
2025-11-03,9:40:27.634722357,T,TGT,,100,91.39
2025-11-03,9:40:27.660099756,T,TGT,I,1,91.35
2025-11-03,9:40:27.660102795,T,TGT,I,25,91.35
2025-11-03,9:40:27.700092039,T,TGT,F I,30,91.33
2025-11-03,9:40:27.700108094,T,TGT,F I,70,91.33
2025-11-03,9:40:27.700108094,T,TGT,F I,10,91.33
2025-11-03,9:40:27.700110629,T,TGT,F I,30,91.34
2025-11-03,9:40:27.700110629,T,TGT,F I,40,91.34
2025-11-03,9:40:27.715948780,T,TGT,F I,30,91.32
2025-11-03,9:40:27.715948780,T,TGT,F I,10,91.32
2025-11-03,9:40:27.715954799,T,TGT,F I,46,91.32
2025-11-03,9:40:27.715954799,T,TGT,F I,32,91.31
2025-11-03,9:40:27.715957861,T,TGT,F,100,91.31
2025-11-03,9:40:27.715957861,T,TGT,F I,30,91.31
2025-11-03,9:40:27.716650060,T,TGT,F I,1,91.3
2025-11-03,9:40:27.716652715,T,TGT,F I,1,91.3
2025-11-03,9:40:27.716652715,T,TGT,F I,1,91.28
2025-11-03,9:40:27.716655576,T,TGT,F I,2,91.28
2025-11-03,9:40:27.716655576,T,TGT,F I,30,91.28
2025-11-03,9:40:27.716658571,T,TGT,F I,10,91.28
2025-11-03,9:40:27.716758389,T,TGT,I,53,91.3
2025-11-03,9:40:27.716971250,T,TGT,I,47,91.3
2025-11-03,9:40:27.717344133,T,TGT,,100,91.29
2025-11-03,9:40:27.717738040,T,TGT,F I,1,91.3
2025-11-03,9:40:27.718110995,T,TGT,F,100,91.3
2025-11-03,9:40:27.718114597,T,TGT,F I,37,91.3
2025-11-03,9:40:27.770222171,T,TGT,I,68,91.33
2025-11-03,9:40:27.770222171,T,TGT,I,30,91.33
2025-11-03,9:40:27.770246910,T,TGT,F I,25,91.33
2025-11-03,9:40:27.770270197,T,TGT,I,32,91.34
2025-11-03,9:40:36.558218826,T,TGT,,100,91.39
2025-11-03,9:40:36.558221033,T,TGT,,135,91.39
2025-11-03,9:40:36.558227003,T,TGT,,132,91.39
2025-11-03,9:40:36.558227003,T,TGT,I,20,91.39
2025-11-03,9:40:36.558230011,T,TGT,I,10,91.39
2025-11-03,9:40:36.558230011,T,TGT,,200,91.39
2025-11-03,9:40:36.558533728,T,TGT,F I,4,91.41
2025-11-03,9:40:38.337061043,T,TGT,I,75,91.445
2025-11-03,9:40:40.340788641,T,TGT,F I,75,91.43
2025-11-03,9:40:42.183654209,T,TGT,F I,43,91.41
2025-11-03,9:40:42.183654209,T,TGT,F I,63,91.41
2025-11-03,9:40:42.183657334,T,TGT,F,100,91.41
2025-11-03,9:40:42.183660274,T,TGT,F I,1,91.41
2025-11-03,9:40:42.184559458,T,TGT,F I,75,91.38
2025-11-03,9:40:42.185233040,T,TGT,F I,24,91.38
2025-11-03,9:40:42.185897625,T,TGT,F I,35,91.38
2025-11-03,9:40:42.188008643,T,TGT,,100,91.39
2025-11-03,9:40:44.186931004,T,TGT,F I,23,91.41
2025-11-03,9:40:53.851467231,T,TGT,F,100,91.4
2025-11-03,9:41:00.370737918,T,TGT,I,46,91.36
2025-11-03,9:41:00.370789377,T,TGT,I,54,91.36
2025-11-03,9:41:00.370789377,T,TGT,I,10,91.36
2025-11-03,9:41:00.370792179,T,TGT,I,51,91.36
2025-11-03,9:41:03.895381175,T,TGT,F I,1,91.32
2025-11-03,9:41:03.895384193,T,TGT,F,100,91.32
2025-11-03,9:41:03.895678807,T,TGT,F I,3,91.3
2025-11-03,9:41:03.895961532,T,TGT,F I,4,91.29
2025-11-03,9:41:03.896202104,T,TGT,F,100,91.3
2025-11-03,9:41:05.737488861,T,TGT,I,1,91.26
2025-11-03,9:41:05.737488861,T,TGT,I,5,91.26
2025-11-03,9:41:05.737491886,T,TGT,I,1,91.26
2025-11-03,9:41:05.737494871,T,TGT,I,10,91.26
2025-11-03,9:41:05.737494871,T,TGT,I,23,91.26
2025-11-03,9:41:05.921714287,T,TGT,F I,25,91.27
2025-11-03,9:41:05.921714287,T,TGT,F I,13,91.28
2025-11-03,9:41:05.921719731,T,TGT,F,100,91.28
2025-11-03,9:41:05.988097042,T,TGT,F I,75,91.28
2025-11-03,9:41:05.988148044,T,TGT,F I,25,91.28
2025-11-03,9:41:06.238419437,T,TGT,F I,8,91.28
2025-11-03,9:41:06.238422308,T,TGT,F I,25,91.27
2025-11-03,9:41:06.238425634,T,TGT,F I,13,91.26
2025-11-03,9:41:06.238425634,T,TGT,F I,21,91.26
2025-11-03,9:41:06.238428341,T,TGT,F,100,91.26
2025-11-03,9:41:06.238431260,T,TGT,F I,25,91.26
2025-11-03,9:41:06.402081227,T,TGT,I,11,91.27
2025-11-03,9:41:09.740382861,T,TGT,,100,91.29
2025-11-03,9:41:09.740382861,T,TGT,I,50,91.3
2025-11-03,9:41:09.740385473,T,TGT,,100,91.3
2025-11-03,9:41:09.740388439,T,TGT,I,2,91.3
2025-11-03,9:41:09.740403680,T,TGT,I,1,91.3
2025-11-03,9:41:09.740406838,T,TGT,I,69,91.3
2025-11-03,9:41:09.740410384,T,TGT,I,1,91.3
2025-11-03,9:41:09.740418728,T,TGT,F I,29,91.3
2025-11-03,9:41:09.740421681,T,TGT,F,100,91.3
2025-11-03,9:41:09.740424635,T,TGT,F I,10,91.3
2025-11-03,9:41:09.983262159,T,TGT,F I,1,91.3
2025-11-03,9:41:09.983265577,T,TGT,F I,25,91.3
2025-11-03,9:41:09.983265577,T,TGT,F I,48,91.3
2025-11-03,9:41:09.983298282,T,TGT,I,93,91.31
2025-11-03,9:41:09.983304378,T,TGT,,207,91.31
2025-11-03,9:41:09.983304378,T,TGT,I,10,91.31
2025-11-03,9:41:11.970642954,T,TGT,I,3,91.28
2025-11-03,9:41:15.200060883,T,TGT,I,6,91.26
2025-11-03,9:41:15.710641784,T,TGT,F,1497,91.25
2025-11-03,9:41:15.710641784,T,TGT,F I,75,91.25
2025-11-03,9:41:15.710644826,T,TGT,F I,3,91.25
2025-11-03,9:41:15.710647705,T,TGT,F I,4,91.25
2025-11-03,9:41:15.710647705,T,TGT,F I,10,91.25
2025-11-03,9:41:15.710650338,T,TGT,F I,15,91.25
2025-11-03,9:41:15.711122386,T,TGT,I,1,91.24
2025-11-03,9:41:19.037828168,T,TGT,F I,75,91.26
2025-11-03,9:41:21.485133697,T,TGT,F,100,91.29
2025-11-03,9:41:21.485133697,T,TGT,F,300,91.3
2025-11-03,9:41:21.485154730,T,TGT,,100,91.3
2025-11-03,9:41:21.485158043,T,TGT,I,1,91.3
2025-11-03,9:41:21.485158043,T,TGT,I,74,91.3
2025-11-03,9:41:21.486234412,T,TGT,,100,91.305
2025-11-03,9:41:21.488889661,T,TGT,,400,91.33
2025-11-03,9:41:21.490841451,T,TGT,I,22,91.32
2025-11-03,9:41:26.210483674,T,TGT,F I,20,91.36
2025-11-03,9:41:30.699290114,T,TGT,I,12,91.34
2025-11-03,9:41:33.358414220,T,TGT,F I,75,91.34
2025-11-03,9:41:39.132882607,T,TGT,F,100,91.32
2025-11-03,9:41:39.133053953,T,TGT,F,100,91.31
2025-11-03,9:41:40.267861615,T,TGT,,100,91.3
2025-11-03,9:41:42.289223368,T,TGT,F I,75,91.28
2025-11-03,9:41:45.033402224,T,TGT,F I,2,91.3
2025-11-03,9:41:45.033579690,T,TGT,F,100,91.31
2025-11-03,9:41:45.033583081,T,TGT,F I,50,91.31
2025-11-03,9:41:45.033583081,T,TGT,F I,4,91.31
2025-11-03,9:41:45.033585640,T,TGT,F I,1,91.31
2025-11-03,9:41:45.033612742,T,TGT,I,1,91.31
2025-11-03,9:41:45.034012640,T,TGT,F I,9,91.31
2025-11-03,9:41:57.414253009,T,TGT,F I,3,91.27
2025-11-03,9:41:57.440533094,T,TGT,F I,47,91.26
2025-11-03,9:41:57.440725012,T,TGT,I,25,91.23
2025-11-03,9:41:57.440827304,T,TGT,F I,14,91.25
2025-11-03,9:41:59.735065195,T,TGT,F I,14,91.24
2025-11-03,9:41:59.735068184,T,TGT,F I,33,91.23
2025-11-03,9:42:00.355115408,T,TGT,I,1,91.22
2025-11-03,9:42:00.387126632,T,TGT,I,46,91.21
2025-11-03,9:42:00.387199146,T,TGT,I,1,91.2
2025-11-03,9:42:00.387199146,T,TGT,I,15,91.2
2025-11-03,9:42:00.387201897,T,TGT,I,9,91.2
2025-11-03,9:42:00.403632974,T,TGT,F I,25,91.22
2025-11-03,9:42:00.403702158,T,TGT,,100,91.23
2025-11-03,9:42:00.403705168,T,TGT,I,34,91.23
2025-11-03,9:42:01.029117182,T,TGT,I,14,91.225
2025-11-03,9:42:01.068053943,T,TGT,I,6,91.225
2025-11-03,9:42:01.411544323,T,TGT,F I,58,91.25
2025-11-03,9:42:01.411544323,T,TGT,F I,50,91.25
2025-11-03,9:42:01.411550313,T,TGT,F,100,91.25
2025-11-03,9:42:01.658164846,T,TGT,I,3,91.26
2025-11-03,9:42:14.759327569,T,TGT,I,2,91.25
2025-11-03,9:42:19.100891378,T,TGT,I,75,91.29
2025-11-03,9:42:19.100891378,T,TGT,I,10,91.29
2025-11-03,9:42:19.101134707,T,TGT,,100,91.3
2025-11-03,9:42:19.101146877,T,TGT,F,100,91.3
2025-11-03,9:42:19.101146877,T,TGT,F,100,91.3
2025-11-03,9:42:19.101231684,T,TGT,I,25,91.3
2025-11-03,9:42:19.101231684,T,TGT,,100,91.29
2025-11-03,9:42:19.101233874,T,TGT,I,44,91.29
2025-11-03,9:42:19.101237211,T,TGT,I,9,91.29
2025-11-03,9:42:19.101252031,T,TGT,I,1,91.29
2025-11-03,9:42:19.101252031,T,TGT,I,9,91.29
2025-11-03,9:42:19.101269969,T,TGT,I,15,91.29
2025-11-03,9:42:19.101269969,T,TGT,I,10,91.29
2025-11-03,9:42:19.101276142,T,TGT,F I,44,91.3
2025-11-03,9:42:19.101276142,T,TGT,F I,75,91.3
2025-11-03,9:42:19.101333270,T,TGT,F,100,91.29
2025-11-03,9:42:19.101345158,T,TGT,,100,91.28
2025-11-03,9:42:19.101345158,T,TGT,I,10,91.28
2025-11-03,9:42:19.101354241,T,TGT,,100,91.29
2025-11-03,9:42:19.101363190,T,TGT,I,5,91.28
2025-11-03,9:42:19.101366306,T,TGT,I,4,91.29
2025-11-03,9:42:19.101369397,T,TGT,I,1,91.29
2025-11-03,9:42:19.101378324,T,TGT,I,99,91.29
2025-11-03,9:42:19.101691006,T,TGT,I,49,91.29
2025-11-03,9:42:19.101709264,T,TGT,I,51,91.29
2025-11-03,9:42:19.101709264,T,TGT,I,1,91.29
2025-11-03,9:42:19.101712156,T,TGT,I,33,91.29
2025-11-03,9:42:19.102830773,T,TGT,F I,26,91.28
2025-11-03,9:42:19.156673958,T,TGT,I,74,91.28
2025-11-03,9:42:19.156971818,T,TGT,F I,30,91.26
2025-11-03,9:42:19.157413795,T,TGT,I,18,91.27
2025-11-03,9:42:21.558003051,T,TGT,I,75,91.245
2025-11-03,9:42:26.590113723,T,TGT,F I,75,91.26
2025-11-03,9:42:34.732880506,T,TGT,F I,24,91.25
2025-11-03,9:42:47.759480602,T,TGT,I,50,91.245
2025-11-03,9:42:49.467703363,T,TGT,F I,52,91.29
2025-11-03,9:42:49.467706406,T,TGT,F,100,91.29
2025-11-03,9:42:49.467709359,T,TGT,F I,3,91.29
2025-11-03,9:42:49.467724377,T,TGT,F I,3,91.29
2025-11-03,9:42:49.467730553,T,TGT,I,97,91.29
2025-11-03,9:42:49.467730553,T,TGT,I,3,91.29
2025-11-03,9:42:49.467733871,T,TGT,I,1,91.29
2025-11-03,9:42:49.467745522,T,TGT,I,6,91.29
2025-11-03,9:42:49.467992086,T,TGT,F I,20,91.3
2025-11-03,9:42:49.468644565,T,TGT,,600,91.33
2025-11-03,9:42:49.469553154,T,TGT,I,5,91.34
2025-11-03,9:42:49.469553154,T,TGT,I,4,91.34
2025-11-03,9:42:49.469555952,T,TGT,I,4,91.34
2025-11-03,9:42:49.469558745,T,TGT,I,3,91.34
2025-11-03,9:42:49.469832486,T,TGT,I,62,91.34
2025-11-03,9:42:49.476201659,T,TGT,I,75,91.33
2025-11-03,9:42:49.670067472,T,TGT,I,75,91.33
2025-11-03,9:42:50.230106724,T,TGT,F I,11,91.34
2025-11-03,9:42:50.230106724,T,TGT,F I,23,91.34
2025-11-03,9:42:50.236656354,T,TGT,,300,91.37
2025-11-03,9:42:50.237161606,T,TGT,I,25,91.39
2025-11-03,9:42:50.237164605,T,TGT,,100,91.39
2025-11-03,9:42:50.237194673,T,TGT,I,20,91.4
2025-11-03,9:42:50.237200681,T,TGT,I,17,91.4
2025-11-03,9:42:50.237200681,T,TGT,I,18,91.4
2025-11-03,9:42:50.237203765,T,TGT,I,14,91.4
2025-11-03,9:42:50.237206702,T,TGT,F I,21,91.4
2025-11-03,9:42:50.237215673,T,TGT,,210,91.4
2025-11-03,9:42:50.237541162,T,TGT,F,100,91.4
2025-11-03,9:42:50.237618685,T,TGT,,100,91.39
2025-11-03,9:42:50.237678870,T,TGT,I,75,91.39
2025-11-03,9:42:50.237684851,T,TGT,,100,91.39
2025-11-03,9:42:50.237778487,T,TGT,F I,25,91.39
2025-11-03,9:42:50.237853218,T,TGT,,100,91.39
2025-11-03,9:42:50.238220091,T,TGT,F I,25,91.39
2025-11-03,9:42:50.266349082,T,TGT,F I,13,91.4
2025-11-03,9:42:50.751152228,T,TGT,I,3,91.41
2025-11-03,9:42:50.751308523,T,TGT,I,28,91.41
2025-11-03,9:42:52.790641067,T,TGT,I,75,91.415
2025-11-03,9:42:54.557329179,T,TGT,I,14,91.415
2025-11-03,9:42:54.723668323,T,TGT,I,13,91.4
2025-11-03,9:42:54.723670426,T,TGT,I,20,91.4
2025-11-03,9:42:54.782520622,T,TGT,,100,91.38
2025-11-03,9:43:01.151956444,T,TGT,F,100,91.45
2025-11-03,9:43:01.151956444,T,TGT,F I,1,91.45
2025-11-03,9:43:01.151959418,T,TGT,F,146,91.46
2025-11-03,9:43:01.151983490,T,TGT,F I,54,91.46
2025-11-03,9:43:01.152269155,T,TGT,F I,10,91.47
2025-11-03,9:43:01.759292289,T,TGT,F I,75,91.48
2025-11-03,9:43:06.544250144,T,TGT,I,50,91.49
2025-11-03,9:43:06.544250144,T,TGT,I,8,91.49
2025-11-03,9:43:07.544093222,T,TGT,I,70,91.49
2025-11-03,9:43:07.544096881,T,TGT,,100,91.5
2025-11-03,9:43:07.544096881,T,TGT,I,49,91.5
2025-11-03,9:43:07.544108172,T,TGT,I,1,91.5
2025-11-03,9:43:07.544195355,T,TGT,I,3,91.5
2025-11-03,9:43:07.544198734,T,TGT,I,3,91.5
2025-11-03,9:43:07.544201421,T,TGT,I,3,91.5
2025-11-03,9:43:07.544201421,T,TGT,I,1,91.5
2025-11-03,9:43:07.544276661,T,TGT,I,60,91.5
2025-11-03,9:43:07.544279572,T,TGT,I,40,91.51
2025-11-03,9:43:07.544321904,T,TGT,F I,1,91.51
2025-11-03,9:43:10.807537171,T,TGT,F I,22,91.48
2025-11-03,9:43:11.439760390,T,TGT,F I,59,91.5
2025-11-03,9:43:11.602186349,T,TGT,F I,59,91.51
2025-11-03,9:43:15.702542314,T,TGT,I,1,91.475
2025-11-03,9:43:17.519720543,T,TGT,F I,1,91.51
2025-11-03,9:43:17.519750578,T,TGT,F I,10,91.51
2025-11-03,9:43:17.519756623,T,TGT,F I,65,91.51
2025-11-03,9:43:17.519777692,T,TGT,F I,35,91.51
2025-11-03,9:43:17.519781700,T,TGT,F I,6,91.52
2025-11-03,9:43:17.519783721,T,TGT,F I,65,91.52
2025-11-03,9:43:18.451911521,T,TGT,I,35,91.52
2025-11-03,9:43:18.451911521,T,TGT,I,50,91.52
2025-11-03,9:43:18.451917940,T,TGT,I,1,91.52
2025-11-03,9:43:18.451920709,T,TGT,,100,91.52
2025-11-03,9:43:18.451920709,T,TGT,,100,91.52
2025-11-03,9:43:23.710518817,T,TGT,I,10,91.49
2025-11-03,9:43:28.286935790,T,TGT,I,3,91.52
2025-11-03,9:43:32.702120804,T,TGT,I,1,91.5
2025-11-03,9:43:42.681371998,T,TGT,I,11,91.49
2025-11-03,9:43:47.404773220,T,TGT,I,4,91.51
2025-11-03,9:43:47.404797300,T,TGT,F I,96,91.51
2025-11-03,9:43:47.404797300,T,TGT,F I,5,91.51
2025-11-03,9:43:47.404800267,T,TGT,F,100,91.51
2025-11-03,9:43:47.404803254,T,TGT,F I,7,91.51
2025-11-03,9:43:47.405338557,T,TGT,I,12,91.52
2025-11-03,9:43:48.158218253,T,TGT,F I,3,91.5
2025-11-03,9:43:48.158266373,T,TGT,F I,20,91.49
2025-11-03,9:43:51.879488045,T,TGT,I,7,91.47
2025-11-03,9:43:56.078379613,T,TGT,I,9,91.475
2025-11-03,9:43:56.889823916,T,TGT,I,9,91.475
2025-11-03,9:43:57.057455277,T,TGT,I,9,91.475
2025-11-03,9:43:57.148361833,T,TGT,I,9,91.475
2025-11-03,9:43:57.328530123,T,TGT,I,2,91.475
2025-11-03,9:43:57.328530123,T,TGT,I,7,91.47
2025-11-03,9:43:57.328614340,T,TGT,I,1,91.47
2025-11-03,9:43:57.328614340,T,TGT,I,1,91.47
2025-11-03,9:43:57.406596147,T,TGT,,100,91.48
2025-11-03,9:43:57.406614230,T,TGT,I,1,91.48
2025-11-03,9:43:57.406650489,T,TGT,I,12,91.48
2025-11-03,9:43:57.406650489,T,TGT,I,30,91.48
2025-11-03,9:43:59.290873849,T,TGT,I,1,91.47
2025-11-03,9:43:59.290873849,T,TGT,I,12,91.47
2025-11-03,9:43:59.290876245,T,TGT,I,10,91.47
2025-11-03,9:44:01.323448990,T,TGT,F,100,91.45
2025-11-03,9:44:01.323448990,T,TGT,F,100,91.44
2025-11-03,9:44:01.323451761,T,TGT,F I,10,91.44
2025-11-03,9:44:01.323469860,T,TGT,F I,90,91.44
2025-11-03,9:44:01.323469860,T,TGT,F I,5,91.44
2025-11-03,9:44:04.434600995,T,TGT,I,5,91.42
2025-11-03,9:44:04.434604541,T,TGT,I,24,91.42
2025-11-03,9:44:04.434604541,T,TGT,I,25,91.42
2025-11-03,9:44:04.434607324,T,TGT,I,26,91.42
2025-11-03,9:44:04.434607324,T,TGT,I,20,91.42
2025-11-03,9:44:04.454757931,T,TGT,I,19,91.41
2025-11-03,9:44:04.454788022,T,TGT,I,23,91.41
2025-11-03,9:44:04.454791089,T,TGT,I,20,91.41
2025-11-03,9:44:04.454794642,T,TGT,I,21,91.41
2025-11-03,9:44:04.454794642,T,TGT,I,17,91.41
2025-11-03,9:44:04.455064732,T,TGT,I,13,91.42
2025-11-03,9:44:04.456048071,T,TGT,F I,68,91.45
2025-11-03,9:44:07.152930831,T,TGT,F,100,91.47
2025-11-03,9:44:07.152933288,T,TGT,F I,4,91.47
2025-11-03,9:44:07.152933288,T,TGT,F,100,91.47
2025-11-03,9:44:07.153008737,T,TGT,F I,5,91.48
2025-11-03,9:44:07.153011356,T,TGT,F I,42,91.48
2025-11-03,9:44:07.153023400,T,TGT,F I,11,91.48
2025-11-03,9:44:07.153191855,T,TGT,F I,47,91.48
2025-11-03,9:44:07.156409564,T,TGT,I,16,91.49
2025-11-03,9:44:07.156457714,T,TGT,I,52,91.5
2025-11-03,9:44:07.156460684,T,TGT,I,47,91.5
2025-11-03,9:44:07.156460684,T,TGT,I,1,91.5
2025-11-03,9:44:07.156463826,T,TGT,I,35,91.5
2025-11-03,9:44:07.156463826,T,TGT,I,46,91.5
2025-11-03,9:44:07.156478724,T,TGT,,219,91.5
2025-11-03,9:44:07.156478724,T,TGT,I,70,91.5
2025-11-03,9:44:07.696760824,T,TGT,F,600,91.5
2025-11-03,9:44:07.696764167,T,TGT,F,100,91.5
2025-11-03,9:44:07.696767264,T,TGT,F,100,91.5
2025-11-03,9:44:07.696767264,T,TGT,F,100,91.5
2025-11-03,9:44:07.696769998,T,TGT,F I,32,91.5
2025-11-03,9:44:07.696772888,T,TGT,F I,5,91.5
2025-11-03,9:44:07.696808946,T,TGT,I,3,91.48
2025-11-03,9:44:07.696812226,T,TGT,I,3,91.48
2025-11-03,9:44:07.696815200,T,TGT,I,3,91.48
2025-11-03,9:44:07.696815200,T,TGT,I,1,91.48
2025-11-03,9:44:07.761926096,T,TGT,I,60,91.49
2025-11-03,9:44:08.876444445,T,TGT,I,68,91.46
2025-11-03,9:44:09.144563132,T,TGT,I,47,91.45
2025-11-03,9:44:10.167068144,T,TGT,I,36,91.45
2025-11-03,9:44:14.184591660,T,TGT,F I,14,91.44
2025-11-03,9:44:20.447131966,T,TGT,F I,60,91.47
2025-11-03,9:44:20.447727466,T,TGT,,100,91.49
2025-11-03,9:44:20.447727466,T,TGT,,300,91.49
2025-11-03,9:44:20.447730516,T,TGT,,100,91.49
2025-11-03,9:44:20.447733162,T,TGT,I,56,91.49
2025-11-03,9:44:20.447733162,T,TGT,I,10,91.49
2025-11-03,9:44:20.467815049,T,TGT,I,10,91.48
2025-11-03,9:44:20.467818184,T,TGT,I,3,91.48
2025-11-03,9:44:20.467818184,T,TGT,I,21,91.48
2025-11-03,9:44:23.217130177,T,TGT,I,10,91.47
2025-11-03,9:44:28.857412901,T,TGT,F I,5,91.44
2025-11-03,9:44:28.857415870,T,TGT,F I,1,91.44
2025-11-03,9:44:32.446857548,T,TGT,F I,75,91.46
2025-11-03,9:44:34.287329380,T,TGT,,200,91.49
2025-11-03,9:44:34.287332329,T,TGT,,100,91.49
2025-11-03,9:44:34.984823097,T,TGT,I,1,91.47
2025-11-03,9:44:35.159232571,T,TGT,F,100,91.47
2025-11-03,9:44:35.159232571,T,TGT,F I,26,91.47
2025-11-03,9:44:35.159250953,T,TGT,I,1,91.47
2025-11-03,9:44:35.159253692,T,TGT,I,37,91.47
2025-11-03,9:44:50.324025933,T,TGT,F I,47,91.5
2025-11-03,9:44:50.324056024,T,TGT,I,1,91.5
2025-11-03,9:44:50.324059092,T,TGT,I,1,91.5
2025-11-03,9:44:50.324059092,T,TGT,I,1,91.5
2025-11-03,9:44:50.324464966,T,TGT,F I,13,91.49
2025-11-03,9:44:50.324495606,T,TGT,I,6,91.49
2025-11-03,9:44:50.324495606,T,TGT,I,5,91.49
2025-11-03,9:44:50.324498068,T,TGT,I,5,91.49
2025-11-03,9:44:50.324501079,T,TGT,I,4,91.49
2025-11-03,9:44:50.327409585,T,TGT,I,13,91.5
2025-11-03,9:44:50.327412220,T,TGT,I,13,91.5
2025-11-03,9:44:50.327412220,T,TGT,I,8,91.5
2025-11-03,9:44:52.983697461,T,TGT,F,100,91.45
2025-11-03,9:45:01.713829558,T,TGT,I,51,91.41
2025-11-03,9:45:01.713829558,T,TGT,I,1,91.41
2025-11-03,9:45:01.714214740,T,TGT,I,5,91.4
2025-11-03,9:45:01.714214740,T,TGT,I,4,91.4
2025-11-03,9:45:01.714217594,T,TGT,I,8,91.4
2025-11-03,9:45:01.714220492,T,TGT,I,8,91.4
2025-11-03,9:45:01.714220492,T,TGT,I,5,91.4
2025-11-03,9:45:02.416886633,T,TGT,I,75,91.42
2025-11-03,9:45:02.416886633,T,TGT,I,25,91.42
2025-11-03,9:45:03.211009532,T,TGT,I,1,91.42
2025-11-03,9:45:06.813442115,T,TGT,F I,12,91.42
2025-11-03,9:45:17.239680923,T,TGT,,140,91.38
2025-11-03,9:45:17.239680923,T,TGT,I,2,91.38
2025-11-03,9:45:17.239705180,T,TGT,I,25,91.37
2025-11-03,9:45:17.239708089,T,TGT,I,10,91.37
2025-11-03,9:45:17.239735106,T,TGT,,100,91.38
2025-11-03,9:45:17.239750497,T,TGT,I,11,91.38
2025-11-03,9:45:17.239750497,T,TGT,I,4,91.395
2025-11-03,9:45:17.239762190,T,TGT,I,6,91.385
2025-11-03,9:45:17.239765145,T,TGT,I,43,91.39
2025-11-03,9:45:17.647046503,T,TGT,F I,98,91.36
2025-11-03,9:45:17.647064605,T,TGT,I,1,91.36
2025-11-03,9:45:17.647067600,T,TGT,F I,26,91.36
2025-11-03,9:45:17.647070556,T,TGT,F I,1,91.36
2025-11-03,9:45:17.647073566,T,TGT,I,24,91.36
2025-11-03,9:45:17.647076615,T,TGT,I,27,91.36
2025-11-03,9:45:17.647079598,T,TGT,I,8,91.36
2025-11-03,9:45:17.655746254,T,TGT,F I,75,91.335
2025-11-03,9:45:17.655785416,T,TGT,I,25,91.335
2025-11-03,9:45:29.416330103,T,TGT,F I,20,91.31
2025-11-03,9:45:29.416333158,T,TGT,F,100,91.31
2025-11-03,9:45:29.416336168,T,TGT,F I,35,91.31
2025-11-03,9:45:29.416339155,T,TGT,F I,25,91.31
2025-11-03,9:45:29.416348211,T,TGT,I,1,91.31
2025-11-03,9:45:29.416348211,T,TGT,I,24,91.31
2025-11-03,9:45:29.416369244,T,TGT,I,15,91.31
2025-11-03,9:45:29.416372250,T,TGT,I,10,91.31
2025-11-03,9:45:29.416736089,T,TGT,I,13,91.3
2025-11-03,9:45:29.416736089,T,TGT,I,11,91.3
2025-11-03,9:45:29.416739287,T,TGT,I,11,91.3
2025-11-03,9:45:29.416739287,T,TGT,I,9,91.3
2025-11-03,9:45:29.416835366,T,TGT,F I,24,91.3
2025-11-03,9:45:29.416865451,T,TGT,I,9,91.3
2025-11-03,9:45:29.416868909,T,TGT,I,8,91.3
2025-11-03,9:45:29.416868909,T,TGT,I,8,91.3
2025-11-03,9:45:29.416871426,T,TGT,I,7,91.3
2025-11-03,9:45:29.417401041,T,TGT,I,2,91.29
2025-11-03,9:45:29.417403743,T,TGT,I,2,91.29
2025-11-03,9:45:29.417403743,T,TGT,I,2,91.29
2025-11-03,9:45:29.976441632,T,TGT,F I,75,91.29
2025-11-03,9:45:29.976486692,T,TGT,F I,75,91.29
2025-11-03,9:45:31.881868459,T,TGT,I,1,91.26
2025-11-03,9:45:31.881868459,T,TGT,I,6,91.26
2025-11-03,9:45:35.748808200,T,TGT,I,6,91.27
2025-11-03,9:45:35.748811039,T,TGT,F I,32,91.27
2025-11-03,9:45:35.748811039,T,TGT,F I,6,91.26
2025-11-03,9:45:35.748814736,T,TGT,F I,68,91.26
2025-11-03,9:45:35.748814736,T,TGT,I,32,91.26
2025-11-03,9:45:35.749800266,T,TGT,I,2,91.26
2025-11-03,9:45:35.749962647,T,TGT,I,5,91.26
2025-11-03,9:45:35.749965649,T,TGT,I,10,91.26
2025-11-03,9:45:35.750227299,T,TGT,F I,7,91.27
2025-11-03,9:45:35.750263337,T,TGT,I,93,91.27
2025-11-03,9:45:35.750266337,T,TGT,I,13,91.27
2025-11-03,9:45:35.750332614,T,TGT,I,2,91.26
2025-11-03,9:45:35.750976014,T,TGT,F I,37,91.28
2025-11-03,9:45:35.750976014,T,TGT,F I,2,91.28
2025-11-03,9:45:35.827409175,T,TGT,F,100,91.3
2025-11-03,9:45:35.827412133,T,TGT,F I,30,91.3
2025-11-03,9:45:35.827484313,T,TGT,F I,50,91.31
2025-11-03,9:45:35.830789238,T,TGT,I,42,91.33
2025-11-03,9:45:35.830793844,T,TGT,I,37,91.33
2025-11-03,9:45:35.830793844,T,TGT,I,21,91.33
2025-11-03,9:45:35.830795276,T,TGT,I,17,91.33
2025-11-03,9:45:35.830798294,T,TGT,I,30,91.33
2025-11-03,9:45:35.830810344,T,TGT,I,3,91.33
2025-11-03,9:45:36.066602024,T,TGT,I,7,91.32
2025-11-03,9:45:36.219483218,T,TGT,I,8,91.32
2025-11-03,9:45:36.957324165,T,TGT,I,12,91.32
2025-11-03,9:45:37.017235860,T,TGT,I,10,91.32
2025-11-03,9:45:37.018402608,T,TGT,I,10,91.32
2025-11-03,9:45:37.099623160,T,TGT,F,100,91.3
2025-11-03,9:45:39.043908273,T,TGT,I,13,91.3
2025-11-03,9:45:40.116780410,T,TGT,F I,2,91.3
2025-11-03,9:45:42.183769903,T,TGT,I,4,91.28
2025-11-03,9:45:42.183790935,T,TGT,I,5,91.28
2025-11-03,9:45:42.649660799,T,TGT,I,10,91.295
2025-11-03,9:45:44.833000525,T,TGT,I,10,91.28
2025-11-03,9:45:45.362926056,T,TGT,F,300,91.31
2025-11-03,9:45:45.363299366,T,TGT,F,100,91.32
2025-11-03,9:45:45.363299366,T,TGT,F I,1,91.32
2025-11-03,9:45:45.363301875,T,TGT,F I,4,91.32
2025-11-03,9:45:45.363380047,T,TGT,I,6,91.34
2025-11-03,9:45:47.057550430,T,TGT,I,37,91.315
2025-11-03,9:45:47.057574477,T,TGT,I,75,91.315
2025-11-03,9:45:47.346656088,T,TGT,F I,34,91.34
2025-11-03,9:45:47.346674190,T,TGT,I,60,91.34
2025-11-03,9:45:47.346696000,T,TGT,I,69,91.34
2025-11-03,9:45:47.346696000,T,TGT,I,60,91.34
2025-11-03,9:45:48.014592491,T,TGT,F I,37,91.32
2025-11-03,9:45:49.004027702,T,TGT,,100,91.31
2025-11-03,9:45:49.004030741,T,TGT,I,45,91.31
2025-11-03,9:45:49.004030741,T,TGT,I,55,91.31
2025-11-03,9:45:57.075802345,T,TGT,F I,40,91.29
2025-11-03,9:45:57.075802345,T,TGT,F I,6,91.28
2025-11-03,9:45:57.075804261,T,TGT,F I,85,91.28
2025-11-03,9:45:57.075825360,T,TGT,I,1,91.28
2025-11-03,9:45:57.075840357,T,TGT,I,7,91.28
2025-11-03,9:45:57.075903563,T,TGT,I,7,91.28
2025-11-03,9:45:57.075906904,T,TGT,I,2,91.28
2025-11-03,9:45:57.075906904,T,TGT,I,8,91.28
2025-11-03,9:45:57.075909944,T,TGT,I,8,91.28
2025-11-03,9:45:57.075912553,T,TGT,I,7,91.28
2025-11-03,9:45:57.075937256,T,TGT,I,40,91.28
2025-11-03,9:46:01.498648757,T,TGT,F I,22,91.25
2025-11-03,9:46:01.498648757,T,TGT,F I,3,91.25
2025-11-03,9:46:01.498651590,T,TGT,F I,75,91.25
2025-11-03,9:46:01.498666470,T,TGT,I,1,91.25
2025-11-03,9:46:01.498682364,T,TGT,I,37,91.25
2025-11-03,9:46:01.498682364,T,TGT,I,15,91.25
2025-11-03,9:46:01.498687505,T,TGT,,100,91.25
2025-11-03,9:46:01.498687505,T,TGT,I,45,91.25
2025-11-03,9:46:01.498834977,T,TGT,I,20,91.25
2025-11-03,9:46:01.499625784,T,TGT,F I,20,91.25
2025-11-03,9:46:01.883162639,T,TGT,F I,33,91.24
2025-11-03,9:46:01.883436567,T,TGT,I,1,91.23
2025-11-03,9:46:01.883436567,T,TGT,I,2,91.23
2025-11-03,9:46:01.883439704,T,TGT,F I,6,91.23
2025-11-03,9:46:01.888864203,T,TGT,F I,1,91.23
2025-11-03,9:46:01.888888272,T,TGT,I,1,91.23
2025-11-03,9:46:01.888975386,T,TGT,F I,1,91.23
2025-11-03,9:46:01.890830909,T,TGT,I,3,91.24
2025-11-03,9:46:02.008907457,T,TGT,F I,3,91.23
2025-11-03,9:46:02.008910155,T,TGT,F I,6,91.23
2025-11-03,9:46:05.438677486,T,TGT,F I,1,91.25
2025-11-03,9:46:05.438680510,T,TGT,F I,1,91.25
2025-11-03,9:46:05.438698531,T,TGT,F I,85,91.25
2025-11-03,9:46:05.438701488,T,TGT,F I,52,91.25
2025-11-03,9:46:06.431541013,T,TGT,F I,5,91.27
2025-11-03,9:46:06.431562506,T,TGT,I,95,91.27
2025-11-03,9:46:06.431568063,T,TGT,,100,91.27
2025-11-03,9:46:06.431572128,T,TGT,,100,91.27
2025-11-03,9:46:06.431572128,T,TGT,I,2,91.27
2025-11-03,9:46:10.484311494,T,TGT,I,5,91.365
2025-11-03,9:46:10.487709472,T,TGT,I,75,91.375
2025-11-03,9:46:14.943389095,T,TGT,I,5,91.345
2025-11-03,9:46:14.943389095,T,TGT,I,95,91.345
2025-11-03,9:46:15.941686400,T,TGT,I,2,91.345
2025-11-03,9:46:21.803149549,T,TGT,,500,91.39
2025-11-03,9:46:21.803149549,T,TGT,I,1,91.39
2025-11-03,9:46:21.803154923,T,TGT,I,10,91.39
2025-11-03,9:46:21.803157937,T,TGT,,100,91.39
2025-11-03,9:46:24.167324516,T,TGT,F,100,91.45
2025-11-03,9:46:24.167523006,T,TGT,,100,91.46
2025-11-03,9:46:26.092838922,T,TGT,F I,75,91.48
2025-11-03,9:46:26.092908194,T,TGT,F I,25,91.48
2025-11-03,9:46:26.462843446,T,TGT,I,13,91.465
2025-11-03,9:46:27.078440091,T,TGT,I,12,91.445
2025-11-03,9:46:27.153995081,T,TGT,I,2,91.44
2025-11-03,9:46:27.154013272,T,TGT,I,2,91.44
2025-11-03,9:46:27.154016072,T,TGT,I,98,91.44
2025-11-03,9:46:27.154040108,T,TGT,I,10,91.43
2025-11-03,9:46:27.154043114,T,TGT,I,5,91.43
2025-11-03,9:46:27.154052888,T,TGT,F I,2,91.44
2025-11-03,9:46:27.154064169,T,TGT,I,2,91.44
2025-11-03,9:46:27.154091286,T,TGT,,100,91.43
2025-11-03,9:46:38.854168031,T,TGT,F I,12,91.45
2025-11-03,9:46:49.138607179,T,TGT,I,11,91.455
2025-11-03,9:46:49.138610101,T,TGT,I,88,91.42
2025-11-03,9:46:49.138622159,T,TGT,I,1,91.42
2025-11-03,9:46:49.138655178,T,TGT,I,53,91.45
2025-11-03,9:46:59.561793707,T,TGT,,100,91.49
2025-11-03,9:46:59.561793707,T,TGT,I,53,91.49
2025-11-03,9:46:59.561796723,T,TGT,I,14,91.49
2025-11-03,9:46:59.561796723,T,TGT,I,3,91.49
2025-11-03,9:46:59.585968369,T,TGT,I,30,91.55
2025-11-03,9:47:00.126034047,T,TGT,F I,4,91.58
2025-11-03,9:47:01.573045480,T,TGT,F I,24,91.56
2025-11-03,9:47:03.556580178,T,TGT,I,24,91.56
2025-11-03,9:47:06.336096202,T,TGT,I,19,91.56
2025-11-03,9:47:06.336640534,T,TGT,I,15,91.58
2025-11-03,9:47:06.336643491,T,TGT,I,10,91.58
2025-11-03,9:47:06.337085504,T,TGT,I,1,91.58
2025-11-03,9:47:06.337088543,T,TGT,I,38,91.58
2025-11-03,9:47:06.337169717,T,TGT,F I,42,91.57
2025-11-03,9:47:06.337413357,T,TGT,I,1,91.58
2025-11-03,9:47:06.338664383,T,TGT,I,15,91.58
2025-11-03,9:47:06.382451623,T,TGT,I,13,91.58
2025-11-03,9:47:07.194783011,T,TGT,F I,1,91.58
2025-11-03,9:47:09.021313609,T,TGT,F I,1,91.6
2025-11-03,9:47:09.021376723,T,TGT,F I,2,91.61
2025-11-03,9:47:19.001352794,T,TGT,F I,30,91.6
2025-11-03,9:47:19.001352794,T,TGT,F I,10,91.6
2025-11-03,9:47:19.001355570,T,TGT,F I,6,91.6
2025-11-03,9:47:19.001487887,T,TGT,F I,5,91.59
2025-11-03,9:47:19.001487887,T,TGT,F I,10,91.59
2025-11-03,9:47:19.001494374,T,TGT,F I,90,91.59
2025-11-03,9:47:19.002020250,T,TGT,I,13,91.6
2025-11-03,9:47:19.002681767,T,TGT,I,13,91.59
2025-11-03,9:47:19.002681767,T,TGT,I,11,91.59
2025-11-03,9:47:19.025145266,T,TGT,F I,2,91.59
2025-11-03,9:47:20.992203699,T,TGT,F I,11,91.58
2025-11-03,9:47:28.459377799,T,TGT,I,20,91.58
2025-11-03,9:47:28.518805404,T,TGT,I,70,91.58
2025-11-03,9:47:33.212818095,T,TGT,I,2,91.57
2025-11-03,9:47:33.212838724,T,TGT,F I,38,91.57
2025-11-03,9:47:33.212838724,T,TGT,F I,10,91.57
2025-11-03,9:47:33.347884566,T,TGT,I,16,91.57
2025-11-03,9:47:33.347884566,T,TGT,I,16,91.57
2025-11-03,9:47:34.305164060,T,TGT,I,84,91.585
2025-11-03,9:47:37.914609374,T,TGT,F I,10,91.605
2025-11-03,9:47:37.914609374,T,TGT,F I,12,91.63
2025-11-03,9:47:37.914648495,T,TGT,I,1,91.63
2025-11-03,9:47:37.914672457,T,TGT,I,7,91.63
2025-11-03,9:47:37.914759745,T,TGT,F I,2,91.63
2025-11-03,9:47:37.924096958,T,TGT,I,70,91.63
2025-11-03,9:47:37.924099919,T,TGT,I,75,91.63
2025-11-03,9:47:37.924099919,T,TGT,I,1,91.64
2025-11-03,9:47:42.886666886,T,TGT,I,31,91.59
2025-11-03,9:47:42.891736902,T,TGT,F I,15,91.6
2025-11-03,9:47:46.476027281,T,TGT,I,11,91.62
2025-11-03,9:47:46.848028821,T,TGT,F I,3,91.6
2025-11-03,9:47:46.848034553,T,TGT,F,100,91.6
2025-11-03,9:47:46.848034553,T,TGT,F,121,91.6
2025-11-03,9:47:46.848037518,T,TGT,F I,50,91.6
2025-11-03,9:47:46.848091629,T,TGT,F I,1,91.6
2025-11-03,9:47:46.849069001,T,TGT,F I,69,91.59
2025-11-03,9:47:47.666611683,T,TGT,F I,2,91.58
2025-11-03,9:47:47.666611683,T,TGT,F I,5,91.58
2025-11-03,9:47:47.666623757,T,TGT,F,100,91.58
2025-11-03,9:47:51.498328594,T,TGT,F I,11,91.58
2025-11-03,9:47:51.498331573,T,TGT,F I,20,91.58
2025-11-03,9:47:51.498334578,T,TGT,F I,20,91.58
2025-11-03,9:47:51.498334578,T,TGT,F I,49,91.57
2025-11-03,9:47:59.331364726,T,TGT,F,100,91.63
2025-11-03,9:47:59.331370853,T,TGT,F I,14,91.63
2025-11-03,9:47:59.331370853,T,TGT,F,100,91.63
2025-11-03,9:47:59.331370853,T,TGT,F I,24,91.63
2025-11-03,9:47:59.331375408,T,TGT,F I,50,91.63
2025-11-03,9:47:59.331375408,T,TGT,F I,24,91.63
2025-11-03,9:47:59.332148190,T,TGT,I,37,91.63
2025-11-03,9:47:59.344778922,T,TGT,I,3,91.63
2025-11-03,9:47:59.344781444,T,TGT,I,30,91.63
2025-11-03,9:47:59.344784263,T,TGT,I,10,91.63
2025-11-03,9:47:59.344784263,T,TGT,I,16,91.63
2025-11-03,9:48:03.891592804,T,TGT,F I,1,91.59
2025-11-03,9:48:03.891592804,T,TGT,F I,10,91.59
2025-11-03,9:48:03.891692155,T,TGT,,100,91.59
2025-11-03,9:48:03.891713735,T,TGT,I,1,91.59
2025-11-03,9:48:03.891713735,T,TGT,I,1,91.59
2025-11-03,9:48:03.891716178,T,TGT,F I,53,91.59
2025-11-03,9:48:03.891914671,T,TGT,F I,20,91.58
2025-11-03,9:48:03.891998792,T,TGT,F I,80,91.58
2025-11-03,9:48:03.892094998,T,TGT,I,32,91.57
2025-11-03,9:48:03.892194377,T,TGT,F I,44,91.57
2025-11-03,9:48:03.892194377,T,TGT,F I,43,91.57
2025-11-03,9:48:03.892239402,T,TGT,I,45,91.57
2025-11-03,9:48:03.892934087,T,TGT,I,23,91.57
2025-11-03,9:48:03.939259453,T,TGT,F I,70,91.57
2025-11-03,9:48:03.939262378,T,TGT,F I,1,91.58
2025-11-03,9:48:03.939262378,T,TGT,I,55,91.58
2025-11-03,9:48:03.939292537,T,TGT,I,1,91.58
2025-11-03,9:48:03.939301770,T,TGT,I,14,91.58
2025-11-03,9:48:03.939304650,T,TGT,I,1,91.58
2025-11-03,9:48:04.574934853,T,TGT,F I,32,91.57
2025-11-03,9:48:06.191709784,T,TGT,,500,91.52
2025-11-03,9:48:06.191851130,T,TGT,I,5,91.5
2025-11-03,9:48:07.750879442,T,TGT,F,100,91.48
2025-11-03,9:48:07.751147547,T,TGT,F I,1,91.47
2025-11-03,9:48:07.751150210,T,TGT,F I,53,91.47
2025-11-03,9:48:07.752121315,T,TGT,I,26,91.47
2025-11-03,9:48:07.852458440,T,TGT,I,40,91.475
2025-11-03,9:48:09.229709737,T,TGT,,100,91.49
2025-11-03,9:48:09.229725090,T,TGT,I,1,91.49
2025-11-03,9:48:09.229728495,T,TGT,F I,20,91.49
2025-11-03,9:48:09.229730929,T,TGT,I,24,91.49
2025-11-03,9:48:09.229730929,T,TGT,I,25,91.49
2025-11-03,9:48:09.230302255,T,TGT,F I,26,91.5
2025-11-03,9:48:09.230305117,T,TGT,I,26,91.5
2025-11-03,9:48:12.892505065,T,TGT,I,75,91.505
2025-11-03,9:48:14.074678536,T,TGT,F I,83,91.51
2025-11-03,9:48:14.074696524,T,TGT,I,1,91.51
2025-11-03,9:48:14.074699539,T,TGT,I,82,91.51
2025-11-03,9:48:14.074774685,T,TGT,I,8,91.52
2025-11-03,9:48:14.717865970,T,TGT,I,15,91.525
2025-11-03,9:48:14.717865970,T,TGT,I,54,91.525
2025-11-03,9:48:14.968816783,T,TGT,I,32,91.52
2025-11-03,9:48:14.968819733,T,TGT,I,21,91.52
2025-11-03,9:48:14.968835213,T,TGT,I,19,91.52
2025-11-03,9:48:14.968837766,T,TGT,I,8,91.52
2025-11-03,9:48:15.457017924,T,TGT,,100,91.52
2025-11-03,9:48:16.480043210,T,TGT,I,36,91.52
2025-11-03,9:48:19.078130967,T,TGT,I,78,91.51
2025-11-03,9:48:19.078146080,T,TGT,F,1256,91.51
2025-11-03,9:48:19.078176245,T,TGT,,100,91.52
2025-11-03,9:48:19.078176245,T,TGT,I,53,91.52
2025-11-03,9:48:19.078188115,T,TGT,I,30,91.52
2025-11-03,9:48:19.078201067,T,TGT,I,1,91.52
2025-11-03,9:48:19.078201067,T,TGT,I,16,91.52
2025-11-03,9:48:19.078203355,T,TGT,I,1,91.52
2025-11-03,9:48:19.078979023,T,TGT,F I,73,91.51
2025-11-03,9:48:19.079634573,T,TGT,I,27,91.51
2025-11-03,9:48:19.079637714,T,TGT,I,1,91.51
2025-11-03,9:48:19.079640613,T,TGT,I,53,91.51
2025-11-03,9:48:19.079640613,T,TGT,I,19,91.51
2025-11-03,9:48:19.086524897,T,TGT,F I,11,91.51
2025-11-03,9:48:19.086524897,T,TGT,F I,1,91.51
2025-11-03,9:48:19.086526995,T,TGT,F I,5,91.51
2025-11-03,9:48:19.319272542,T,TGT,F I,1,91.53
2025-11-03,9:48:19.319735629,T,TGT,F I,74,91.53
2025-11-03,9:48:19.319735629,T,TGT,F I,61,91.53
2025-11-03,9:48:19.319738585,T,TGT,F I,45,91.53
2025-11-03,9:48:21.231877220,T,TGT,F I,11,91.53
2025-11-03,9:48:21.231877220,T,TGT,F I,20,91.52
2025-11-03,9:48:21.294507431,T,TGT,I,36,91.5
2025-11-03,9:48:31.928189710,T,TGT,I,20,91.56
2025-11-03,9:48:35.674082302,T,TGT,F I,89,91.56
2025-11-03,9:48:36.943619883,T,TGT,F I,61,91.58
2025-11-03,9:48:36.943643830,T,TGT,I,39,91.58
2025-11-03,9:48:36.943643830,T,TGT,I,10,91.58
2025-11-03,9:48:36.943647156,T,TGT,I,50,91.58
2025-11-03,9:48:36.943652884,T,TGT,,200,91.58
2025-11-03,9:48:36.943652884,T,TGT,I,59,91.58
2025-11-03,9:48:36.943655917,T,TGT,I,65,91.58
2025-11-03,9:48:36.944392680,T,TGT,I,39,91.59
2025-11-03,9:48:40.411593064,T,TGT,I,60,91.59
2025-11-03,9:48:40.411593064,T,TGT,I,4,91.58
2025-11-03,9:48:40.442386547,T,TGT,I,1,91.57
2025-11-03,9:48:40.442389449,T,TGT,I,6,91.57
2025-11-03,9:48:41.121061306,T,TGT,I,4,91.59
2025-11-03,9:48:41.627711423,T,TGT,I,4,91.57
2025-11-03,9:48:44.556852053,T,TGT,,100,91.59
2025-11-03,9:48:44.897190735,T,TGT,F I,40,91.58
2025-11-03,9:48:45.558234680,T,TGT,,100,91.59
2025-11-03,9:48:45.560847865,T,TGT,,115,91.59
2025-11-03,9:48:45.570398601,T,TGT,,100,91.59
2025-11-03,9:48:45.643057726,T,TGT,,100,91.59
2025-11-03,9:48:45.645625928,T,TGT,,108,91.59
2025-11-03,9:48:45.653234017,T,TGT,,100,91.59
2025-11-03,9:48:45.974757000,T,TGT,,166,91.59
2025-11-03,9:48:46.020489992,T,TGT,F I,75,91.62
2025-11-03,9:48:46.099749755,T,TGT,,100,91.59
2025-11-03,9:48:46.103202069,T,TGT,,192,91.6
2025-11-03,9:48:50.141237572,T,TGT,F,100,91.63
2025-11-03,9:48:50.141240566,T,TGT,F I,79,91.63
2025-11-03,9:48:50.141243521,T,TGT,F I,49,91.63
2025-11-03,9:48:50.141243521,T,TGT,F I,51,91.63
2025-11-03,9:48:50.141246400,T,TGT,F I,25,91.63
2025-11-03,9:48:50.141246400,T,TGT,F I,25,91.63
2025-11-03,9:48:50.141249479,T,TGT,F I,2,91.63
2025-11-03,9:48:50.141255578,T,TGT,I,98,91.63
2025-11-03,9:48:50.142040317,T,TGT,I,20,91.63
2025-11-03,9:48:56.821123809,T,TGT,I,21,91.62
2025-11-03,9:48:56.821145473,T,TGT,F I,22,91.62
2025-11-03,9:49:05.558449013,T,TGT,,161,91.625
2025-11-03,9:49:07.838544246,T,TGT,I,40,91.63
2025-11-03,9:49:07.921036890,T,TGT,I,1,91.61
2025-11-03,9:49:07.921039949,T,TGT,I,2,91.61
2025-11-03,9:49:07.921039949,T,TGT,I,28,91.61
2025-11-03,9:49:07.923656045,T,TGT,I,58,91.61
2025-11-03,9:49:07.923737162,T,TGT,I,14,91.61
2025-11-03,9:49:09.207772621,T,TGT,F I,3,91.6
2025-11-03,9:49:09.207778418,T,TGT,F,100,91.6
2025-11-03,9:49:09.207778418,T,TGT,F I,60,91.6
2025-11-03,9:49:09.207781431,T,TGT,F I,5,91.6
2025-11-03,9:49:09.207781431,T,TGT,F,288,91.6
2025-11-03,9:49:09.208033974,T,TGT,,112,91.6
2025-11-03,9:49:09.208770740,T,TGT,I,1,91.59
2025-11-03,9:49:09.404314657,T,TGT,I,1,91.56
2025-11-03,9:49:12.929724684,T,TGT,I,1,91.55
2025-11-03,9:49:12.930185116,T,TGT,I,50,91.54
2025-11-03,9:49:12.930187851,T,TGT,,100,91.54
2025-11-03,9:49:12.930187851,T,TGT,I,4,91.54
2025-11-03,9:49:12.930191377,T,TGT,I,5,91.54
2025-11-03,9:49:12.930229967,T,TGT,I,2,91.53
2025-11-03,9:49:12.930284086,T,TGT,,100,91.55
2025-11-03,9:49:12.930302057,T,TGT,I,1,91.55
2025-11-03,9:49:12.930323156,T,TGT,I,2,91.55
2025-11-03,9:49:12.930458405,T,TGT,I,33,91.55
2025-11-03,9:49:12.930464457,T,TGT,I,33,91.55
2025-11-03,9:49:12.930506576,T,TGT,I,25,91.55
2025-11-03,9:49:12.930623807,T,TGT,I,36,91.56
2025-11-03,9:49:12.930623807,T,TGT,,100,91.56
2025-11-03,9:49:12.930948596,T,TGT,F I,8,91.56
2025-11-03,9:49:12.931005738,T,TGT,I,75,91.56
2025-11-03,9:49:12.931084079,T,TGT,I,17,91.56
2025-11-03,9:49:12.931084079,T,TGT,I,2,91.56
2025-11-03,9:49:12.998678926,T,TGT,I,57,91.56
2025-11-03,9:49:12.998719471,T,TGT,I,41,91.56
2025-11-03,9:49:12.998719471,T,TGT,I,62,91.56
2025-11-03,9:49:12.998724131,T,TGT,I,25,91.56
2025-11-03,9:49:12.998724131,T,TGT,,100,91.56
2025-11-03,9:49:12.998754196,T,TGT,I,24,91.56
2025-11-03,9:49:12.998757175,T,TGT,,104,91.56
2025-11-03,9:49:12.998760168,T,TGT,I,1,91.56
2025-11-03,9:49:13.481747139,T,TGT,I,82,91.56
2025-11-03,9:49:13.481747139,T,TGT,I,18,91.56
2025-11-03,9:49:24.147281227,T,TGT,F,100,91.58
2025-11-03,9:49:24.147281227,T,TGT,F I,26,91.58
2025-11-03,9:49:24.147605583,T,TGT,F I,89,91.59
2025-11-03,9:49:24.147605583,T,TGT,F I,26,91.59
2025-11-03,9:49:24.194971489,T,TGT,F I,75,91.62
2025-11-03,9:49:26.491067915,T,TGT,I,12,91.62
2025-11-03,9:49:43.792315887,T,TGT,F,100,91.65
2025-11-03,9:49:43.792315887,T,TGT,F I,8,91.65
2025-11-03,9:49:43.792336945,T,TGT,F I,92,91.65
2025-11-03,9:49:43.792336945,T,TGT,F I,30,91.65
2025-11-03,9:49:43.792343646,T,TGT,F I,59,91.65
2025-11-03,9:49:43.792348996,T,TGT,F I,3,91.65
2025-11-03,9:49:43.792348996,T,TGT,F I,50,91.65
2025-11-03,9:49:43.792352376,T,TGT,F I,8,91.65
2025-11-03,9:49:43.792354975,T,TGT,I,28,91.65
2025-11-03,9:49:43.792358571,T,TGT,I,1,91.65
2025-11-03,9:49:43.792361344,T,TGT,F I,63,91.65
2025-11-03,9:49:43.793163944,T,TGT,I,15,91.66
2025-11-03,9:49:43.908175910,T,TGT,F,100,91.66
2025-11-03,9:49:43.908175910,T,TGT,F I,47,91.66
2025-11-03,9:49:43.908178911,T,TGT,F I,10,91.66
2025-11-03,9:49:44.713993715,T,TGT,I,22,91.64
2025-11-03,9:49:44.714017802,T,TGT,F I,68,91.64
2025-11-03,9:49:44.714017802,T,TGT,F I,7,91.64
2025-11-03,9:49:44.714023872,T,TGT,F,100,91.64
2025-11-03,9:49:44.714023872,T,TGT,F I,10,91.64
2025-11-03,9:49:49.963845257,T,TGT,F I,54,91.62
2025-11-03,9:49:49.963845257,T,TGT,F I,21,91.62
2025-11-03,9:49:49.963901390,T,TGT,F I,18,91.62
2025-11-03,9:49:51.922777251,T,TGT,F I,30,91.6
2025-11-03,9:49:59.800357179,T,TGT,,236,91.61
2025-11-03,9:50:03.784546300,T,TGT,,100,91.62
2025-11-03,9:50:03.788025561,T,TGT,,186,91.62
2025-11-03,9:50:05.185340704,T,TGT,,100,91.62
2025-11-03,9:50:05.355495732,T,TGT,F,100,91.64
2025-11-03,9:50:05.355498140,T,TGT,F I,7,91.64
2025-11-03,9:50:05.355501139,T,TGT,F I,28,91.64
2025-11-03,9:50:05.355519771,T,TGT,I,1,91.64
2025-11-03,9:50:05.355519771,T,TGT,I,1,91.64
2025-11-03,9:50:05.355522544,T,TGT,I,70,91.64
2025-11-03,9:50:05.355525209,T,TGT,,100,91.64
2025-11-03,9:50:05.355525209,T,TGT,I,2,91.64
2025-11-03,9:50:05.355528107,T,TGT,F I,98,91.64
2025-11-03,9:50:05.356451494,T,TGT,I,54,91.66
2025-11-03,9:50:05.356538547,T,TGT,F I,1,91.68
2025-11-03,9:50:05.356629599,T,TGT,I,9,91.67
2025-11-03,9:50:05.356629599,T,TGT,I,32,91.66
2025-11-03,9:50:05.356743087,T,TGT,I,9,91.68
2025-11-03,9:50:05.891392786,T,TGT,I,2,91.66
2025-11-03,9:50:05.891410889,T,TGT,I,1,91.66
2025-11-03,9:50:05.892367281,T,TGT,F I,1,91.66
2025-11-03,9:50:05.892367281,T,TGT,F I,62,91.66
2025-11-03,9:50:05.892385148,T,TGT,I,22,91.66
2025-11-03,9:50:06.511259570,T,TGT,,100,91.64
2025-11-03,9:50:07.744846965,T,TGT,F I,80,91.67
2025-11-03,9:50:07.744867669,T,TGT,F,196,91.67
2025-11-03,9:50:07.744870639,T,TGT,F I,32,91.67
2025-11-03,9:50:09.509745429,T,TGT,I,67,91.68
2025-11-03,9:50:09.509922766,T,TGT,F I,33,91.68
2025-11-03,9:50:14.276933884,T,TGT,I,20,91.655
2025-11-03,9:50:19.291416577,T,TGT,I,10,91.655
2025-11-03,9:50:25.392267594,T,TGT,F,100,91.63
2025-11-03,9:50:25.392270553,T,TGT,F I,1,91.63
2025-11-03,9:50:25.392273621,T,TGT,F I,7,91.63
2025-11-03,9:50:25.392273621,T,TGT,F I,1,91.63
2025-11-03,9:50:38.668101471,T,TGT,I,5,91.6
2025-11-03,9:50:38.668107426,T,TGT,I,1,91.6
2025-11-03,9:50:38.668672836,T,TGT,I,2,91.59
2025-11-03,9:50:38.668672836,T,TGT,I,4,91.59
2025-11-03,9:50:39.060906247,T,TGT,I,75,91.6
2025-11-03,9:50:39.060912354,T,TGT,,100,91.6
2025-11-03,9:50:39.060912354,T,TGT,I,25,91.61
2025-11-03,9:50:39.060993495,T,TGT,I,4,91.61
2025-11-03,9:50:39.064971933,T,TGT,I,24,91.61
2025-11-03,9:50:39.065368927,T,TGT,I,22,91.61
2025-11-03,9:50:39.592404550,T,TGT,I,1,91.58
2025-11-03,9:50:39.592404550,T,TGT,I,23,91.58
2025-11-03,9:50:45.050468002,T,TGT,F I,47,91.62
2025-11-03,9:50:48.710875769,T,TGT,I,12,91.64
2025-11-03,9:50:48.710882026,T,TGT,,100,91.64
2025-11-03,9:50:48.710882026,T,TGT,,100,91.64
2025-11-03,9:50:48.710884802,T,TGT,,100,91.64
2025-11-03,9:50:48.711708860,T,TGT,I,12,91.64
2025-11-03,9:50:48.717410283,T,TGT,I,12,91.66
2025-11-03,9:50:52.839808705,T,TGT,I,10,91.61
2025-11-03,9:50:52.839808705,T,TGT,I,5,91.61
2025-11-03,9:50:52.839829802,T,TGT,I,9,91.61
2025-11-03,9:50:52.840337991,T,TGT,F I,86,91.61
2025-11-03,9:50:52.840340974,T,TGT,F I,1,91.61
2025-11-03,9:50:53.015691755,T,TGT,F I,71,91.61
2025-11-03,9:50:53.015694763,T,TGT,F I,62,91.61
2025-11-03,9:50:56.498703776,T,TGT,I,11,91.63
2025-11-03,9:51:08.829109603,T,TGT,I,52,91.61
2025-11-03,9:51:08.829112404,T,TGT,I,46,91.61
2025-11-03,9:51:08.829118388,T,TGT,I,2,91.61
2025-11-03,9:51:08.829122267,T,TGT,I,3,91.61
2025-11-03,9:51:08.829122267,T,TGT,I,43,91.61
2025-11-03,9:51:08.829124369,T,TGT,I,37,91.61
2025-11-03,9:51:08.829130658,T,TGT,I,10,91.61
2025-11-03,9:51:08.829133419,T,TGT,I,6,91.61
2025-11-03,9:51:08.829139436,T,TGT,I,4,91.61
2025-11-03,9:51:14.589861972,T,TGT,I,2,91.6
2025-11-03,9:51:14.589861972,T,TGT,I,4,91.6
2025-11-03,9:51:14.589879930,T,TGT,I,5,91.6
2025-11-03,9:51:14.589907030,T,TGT,I,41,91.6
2025-11-03,9:51:14.589910081,T,TGT,,150,91.6
2025-11-03,9:51:15.428575179,T,TGT,F,100,91.6
2025-11-03,9:51:15.428575179,T,TGT,F I,12,91.6
2025-11-03,9:51:15.428596347,T,TGT,F I,63,91.6
2025-11-03,9:51:15.428599590,T,TGT,F I,31,91.61
2025-11-03,9:51:15.428719512,T,TGT,F I,11,91.61
2025-11-03,9:51:15.428860873,T,TGT,I,58,91.61
2025-11-03,9:51:15.428867519,T,TGT,I,74,91.61
2025-11-03,9:51:15.428870607,T,TGT,I,22,91.61
2025-11-03,9:51:15.428870607,T,TGT,I,10,91.61
2025-11-03,9:51:16.401519160,T,TGT,I,4,91.6
2025-11-03,9:51:16.492717421,T,TGT,I,24,91.6
2025-11-03,9:51:17.495621778,T,TGT,I,30,91.6
2025-11-03,9:51:17.495687918,T,TGT,F I,75,91.6
2025-11-03,9:51:17.704736977,T,TGT,I,14,91.6
2025-11-03,9:51:21.167522834,T,TGT,,100,91.62
2025-11-03,9:51:21.167522834,T,TGT,I,51,91.62
2025-11-03,9:51:21.167526114,T,TGT,,300,91.62
2025-11-03,9:51:21.167526114,T,TGT,F I,75,91.62
2025-11-03,9:51:21.167586048,T,TGT,F I,2,91.63
2025-11-03,9:51:21.167586048,T,TGT,F I,44,91.63
2025-11-03,9:51:21.167610078,T,TGT,F I,25,91.63
2025-11-03,9:51:21.167649112,T,TGT,F I,31,91.63
2025-11-03,9:51:21.375201342,T,TGT,F,100,91.63
2025-11-03,9:51:21.375201342,T,TGT,F I,11,91.63
2025-11-03,9:51:21.375203694,T,TGT,F I,19,91.63
2025-11-03,9:51:21.376027653,T,TGT,I,44,91.625
2025-11-03,9:51:27.389081564,T,TGT,I,40,91.62
2025-11-03,9:51:27.389213794,T,TGT,I,60,91.62
2025-11-03,9:51:29.545402572,T,TGT,F,100,91.63
2025-11-03,9:51:29.545407924,T,TGT,F,100,91.63
2025-11-03,9:51:29.545407924,T,TGT,F I,50,91.63
2025-11-03,9:51:29.545407924,T,TGT,F,100,91.63
2025-11-03,9:51:29.545411473,T,TGT,F I,81,91.63
2025-11-03,9:51:29.551491378,T,TGT,,100,91.635
2025-11-03,9:51:29.551494306,T,TGT,I,1,91.65
2025-11-03,9:51:29.551542515,T,TGT,,100,91.65
2025-11-03,9:51:29.552017566,T,TGT,I,47,91.65
2025-11-03,9:51:29.552020739,T,TGT,,100,91.65
2025-11-03,9:51:29.552023742,T,TGT,,100,91.65
2025-11-03,9:51:29.552023742,T,TGT,,100,91.65
2025-11-03,9:51:29.552026632,T,TGT,,100,91.65
2025-11-03,9:51:29.552026632,T,TGT,I,20,91.65
2025-11-03,9:51:29.552041710,T,TGT,I,90,91.65
2025-11-03,9:51:29.557063590,T,TGT,I,11,91.665
2025-11-03,9:51:33.766191708,T,TGT,F I,19,91.63
2025-11-03,9:51:33.766501312,T,TGT,,181,91.63
2025-11-03,9:51:36.537058962,T,TGT,I,10,91.635
2025-11-03,9:51:38.391841988,T,TGT,I,1,91.6
2025-11-03,9:51:38.391841988,T,TGT,I,20,91.6
2025-11-03,9:51:46.539429050,T,TGT,I,11,91.605
2025-11-03,9:51:46.848072933,T,TGT,F I,9,91.59
2025-11-03,9:51:46.848075493,T,TGT,F I,6,91.59
2025-11-03,9:51:46.848078464,T,TGT,F,106,91.59
2025-11-03,9:51:49.552631909,T,TGT,,100,91.59
2025-11-03,9:51:50.210596530,T,TGT,F I,4,91.58
2025-11-03,9:51:51.142059693,T,TGT,,100,91.58
2025-11-03,9:51:51.173794345,T,TGT,I,1,91.58
2025-11-03,9:51:51.587809088,T,TGT,I,1,91.57
2025-11-03,9:51:51.587812800,T,TGT,I,1,91.57
2025-11-03,9:51:51.587812800,T,TGT,I,3,91.57
2025-11-03,9:51:51.587815284,T,TGT,I,5,91.57
2025-11-03,9:51:51.587817676,T,TGT,I,3,91.57
2025-11-03,9:51:54.003190204,T,TGT,F I,1,91.6
2025-11-03,9:51:56.132587427,T,TGT,I,40,91.595
2025-11-03,9:51:57.149357773,T,TGT,,100,91.595
2025-11-03,9:51:57.502609416,T,TGT,,100,91.595
2025-11-03,9:51:59.057193196,T,TGT,F I,11,91.595
2025-11-03,9:51:59.057193196,T,TGT,F I,64,91.58
2025-11-03,9:51:59.058206577,T,TGT,I,13,91.58
2025-11-03,9:52:04.624341719,T,TGT,F I,1,91.57
2025-11-03,9:52:04.624344923,T,TGT,F I,3,91.57
2025-11-03,9:52:04.624344923,T,TGT,F I,21,91.57
2025-11-03,9:52:04.624507019,T,TGT,I,12,91.57
2025-11-03,9:52:04.624507019,T,TGT,I,1,91.57
2025-11-03,9:52:04.685627633,T,TGT,I,5,91.57
2025-11-03,9:52:05.203618426,T,TGT,F I,64,91.57
2025-11-03,9:52:05.203620668,T,TGT,F I,11,91.57
2025-11-03,9:52:06.059745356,T,TGT,I,11,91.57
2025-11-03,9:52:06.583809943,T,TGT,I,11,91.57
2025-11-03,9:52:06.704649825,T,TGT,F I,5,91.57
2025-11-03,9:52:08.161840442,T,TGT,I,20,91.6
2025-11-03,9:52:08.176722913,T,TGT,,150,91.58
2025-11-03,9:52:08.179336165,T,TGT,,175,91.58
2025-11-03,9:52:08.183864902,T,TGT,I,25,91.58
2025-11-03,9:52:08.379523126,T,TGT,F,239,91.61
2025-11-03,9:52:08.379526052,T,TGT,F,100,91.61
2025-11-03,9:52:08.379836394,T,TGT,F I,14,91.62
2025-11-03,9:52:08.379839114,T,TGT,I,86,91.62
2025-11-03,9:52:08.379841800,T,TGT,I,3,91.62
2025-11-03,9:52:08.489748080,T,TGT,F,136,91.7
2025-11-03,9:52:09.714451722,T,TGT,,100,91.7
2025-11-03,9:52:09.714451722,T,TGT,,100,91.71
2025-11-03,9:52:09.714454556,T,TGT,I,20,91.71
2025-11-03,9:52:09.714469529,T,TGT,I,1,91.71
2025-11-03,9:52:09.714490549,T,TGT,F I,79,91.71
2025-11-03,9:52:09.714490549,T,TGT,F I,20,91.71
2025-11-03,9:52:09.714502667,T,TGT,,100,91.7
2025-11-03,9:52:09.714523953,T,TGT,I,1,91.7
2025-11-03,9:52:09.714625924,T,TGT,F I,37,91.71
2025-11-03,9:52:09.714634960,T,TGT,F,100,91.71
2025-11-03,9:52:09.714655944,T,TGT,I,1,91.71
2025-11-03,9:52:09.715095220,T,TGT,I,37,91.69
2025-11-03,9:52:09.715098576,T,TGT,I,37,91.69
2025-11-03,9:52:09.715101081,T,TGT,I,52,91.69
2025-11-03,9:52:09.715101081,T,TGT,I,30,91.69
2025-11-03,9:52:09.715119080,T,TGT,I,3,91.69
2025-11-03,9:52:09.715131118,T,TGT,F I,3,91.69
2025-11-03,9:52:09.715155166,T,TGT,I,49,91.69
2025-11-03,9:52:09.817982193,T,TGT,I,19,91.67
2025-11-03,9:52:10.056850215,T,TGT,F I,34,91.7
2025-11-03,9:52:10.056862235,T,TGT,F I,3,91.7
2025-11-03,9:52:10.056862235,T,TGT,F I,10,91.7
2025-11-03,9:52:17.394914789,T,TGT,,100,91.685
2025-11-03,9:52:17.464007328,T,TGT,,100,91.685
2025-11-03,9:52:17.550706873,T,TGT,I,6,91.685
2025-11-03,9:52:17.558811176,T,TGT,,102,91.685
2025-11-03,9:52:18.473614612,T,TGT,,125,91.685
2025-11-03,9:52:18.525725824,T,TGT,,100,91.685
2025-11-03,9:52:18.528290968,T,TGT,,182,91.685
2025-11-03,9:52:18.543266638,T,TGT,,100,91.685
2025-11-03,9:52:18.545822680,T,TGT,,203,91.685
2025-11-03,9:52:18.552907579,T,TGT,,100,91.685
2025-11-03,9:52:19.359281747,T,TGT,,199,91.685
2025-11-03,9:52:20.377026480,T,TGT,,150,91.685
2025-11-03,9:52:20.379600542,T,TGT,,278,91.685
2025-11-03,9:52:20.386835785,T,TGT,,100,91.685
2025-11-03,9:52:20.555718147,T,TGT,,186,91.685
2025-11-03,9:52:21.303581811,T,TGT,,100,91.685
2025-11-03,9:52:21.306173975,T,TGT,,186,91.685
2025-11-03,9:52:34.444817917,T,TGT,I,14,91.685
2025-11-03,9:52:42.809892318,T,TGT,I,75,91.69
2025-11-03,9:52:42.809895339,T,TGT,I,25,91.71
2025-11-03,9:52:42.810090796,T,TGT,I,75,91.71
2025-11-03,9:52:42.810111830,T,TGT,I,1,91.71
2025-11-03,9:52:42.811961316,T,TGT,F I,74,91.705
2025-11-03,9:52:42.816812413,T,TGT,F I,4,91.71
2025-11-03,9:52:42.816814880,T,TGT,F I,70,91.71
2025-11-03,9:52:42.838355809,T,TGT,I,78,91.72
2025-11-03,9:52:42.838376185,T,TGT,F I,22,91.72
2025-11-03,9:52:42.838379372,T,TGT,F,100,91.72
2025-11-03,9:52:42.838646833,T,TGT,F,299,91.72
2025-11-03,9:52:42.838676932,T,TGT,,100,91.72
2025-11-03,9:52:42.839079860,T,TGT,,100,91.71
2025-11-03,9:52:42.839082873,T,TGT,,300,91.71
2025-11-03,9:52:42.860764502,T,TGT,I,42,91.69
2025-11-03,9:52:42.860767521,T,TGT,I,33,91.69
2025-11-03,9:52:42.860785539,T,TGT,I,1,91.69
2025-11-03,9:52:42.861988464,T,TGT,I,3,91.69
2025-11-03,9:52:42.868622664,T,TGT,I,63,91.69
2025-11-03,9:52:42.868622664,T,TGT,I,32,91.66
2025-11-03,9:52:43.999818301,T,TGT,I,5,91.65
2025-11-03,9:52:43.999821429,T,TGT,I,4,91.65
2025-11-03,9:52:43.999821429,T,TGT,I,10,91.65
2025-11-03,9:52:43.999824255,T,TGT,I,18,91.64
2025-11-03,9:52:43.999824255,T,TGT,I,4,91.64
2025-11-03,9:52:43.999827489,T,TGT,I,1,91.64
2025-11-03,9:52:43.999830347,T,TGT,I,3,91.64
2025-11-03,9:52:44.000588107,T,TGT,I,52,91.65
2025-11-03,9:52:44.001159490,T,TGT,I,50,91.64
2025-11-03,9:52:44.268529493,T,TGT,I,50,91.64
2025-11-03,9:52:45.241314136,T,TGT,I,3,91.645
2025-11-03,9:52:45.263741553,T,TGT,I,46,91.64
2025-11-03,9:52:45.983001126,T,TGT,F I,36,91.63
2025-11-03,9:52:46.547557159,T,TGT,I,11,91.64
2025-11-03,9:52:48.666447339,T,TGT,F I,94,91.63
2025-11-03,9:52:48.666453454,T,TGT,I,75,91.64
2025-11-03,9:52:48.666456955,T,TGT,,127,91.65
2025-11-03,9:52:48.666459400,T,TGT,I,52,91.66
2025-11-03,9:52:48.666462916,T,TGT,,100,91.66
2025-11-03,9:52:48.666462916,T,TGT,I,1,91.66
2025-11-03,9:52:48.666465453,T,TGT,I,1,91.66
2025-11-03,9:52:48.666468435,T,TGT,I,29,91.66
2025-11-03,9:52:48.666468435,T,TGT,,100,91.66
2025-11-03,9:52:48.666480374,T,TGT,,127,91.64
2025-11-03,9:52:48.666483898,T,TGT,I,43,91.65
2025-11-03,9:52:48.666490460,T,TGT,,100,91.65
2025-11-03,9:52:48.666490460,T,TGT,I,56,91.65
2025-11-03,9:52:48.666490460,T,TGT,,107,91.66
2025-11-03,9:52:48.666495415,T,TGT,I,1,91.65
2025-11-03,9:52:48.666555627,T,TGT,I,3,91.65
2025-11-03,9:52:48.666744991,T,TGT,F I,55,91.65
2025-11-03,9:52:48.666796748,T,TGT,I,38,91.65
2025-11-03,9:52:48.668161398,T,TGT,F I,32,91.65
2025-11-03,9:52:48.674774106,T,TGT,I,19,91.65
2025-11-03,9:52:48.674777167,T,TGT,I,16,91.64
2025-11-03,9:52:48.674882471,T,TGT,F I,44,91.66
2025-11-03,9:52:49.189499024,T,TGT,I,74,91.67
2025-11-03,9:52:49.189501457,T,TGT,I,77,91.67
2025-11-03,9:52:50.981891750,T,TGT,F I,75,91.67
2025-11-03,9:52:56.549506469,T,TGT,I,10,91.665
2025-11-03,9:52:56.550107857,T,TGT,I,30,91.64
2025-11-03,9:52:56.551488198,T,TGT,I,32,91.64
2025-11-03,9:52:56.551662668,T,TGT,I,38,91.64
2025-11-03,9:52:56.551665670,T,TGT,I,6,91.64
2025-11-03,9:52:56.551707670,T,TGT,,100,91.64
2025-11-03,9:52:56.559571420,T,TGT,I,44,91.66
2025-11-03,9:52:56.876397283,T,TGT,I,22,91.68
2025-11-03,9:53:02.192462755,T,TGT,F I,1,91.675
2025-11-03,9:53:02.192474896,T,TGT,I,99,91.675
2025-11-03,9:53:02.192504891,T,TGT,I,28,91.675
2025-11-03,9:53:02.192508551,T,TGT,I,5,91.67
2025-11-03,9:53:02.192534870,T,TGT,F I,1,91.68
2025-11-03,9:53:02.192640129,T,TGT,F I,1,91.69
2025-11-03,9:53:02.193046108,T,TGT,F I,20,91.69
2025-11-03,9:53:02.193094214,T,TGT,F,200,91.69
2025-11-03,9:53:02.193897174,T,TGT,F I,3,91.69
2025-11-03,9:53:02.193900968,T,TGT,F I,7,91.69
2025-11-03,9:53:02.193900968,T,TGT,F I,44,91.69
2025-11-03,9:53:02.193903521,T,TGT,F I,2,91.68
2025-11-03,9:53:02.193906189,T,TGT,F I,10,91.68
2025-11-03,9:53:02.193906189,T,TGT,F I,99,91.68
2025-11-03,9:53:02.194510628,T,TGT,F I,5,91.69
2025-11-03,9:53:02.194850410,T,TGT,F I,41,91.7
2025-11-03,9:53:02.194901483,T,TGT,F I,41,91.7
2025-11-03,9:53:02.194952802,T,TGT,F I,18,91.7
2025-11-03,9:53:02.194952802,T,TGT,F I,23,91.71
2025-11-03,9:53:02.195352601,T,TGT,F I,15,91.69
2025-11-03,9:53:02.201514302,T,TGT,F I,18,91.71
2025-11-03,9:53:02.201718827,T,TGT,F I,20,91.7
2025-11-03,9:53:02.201718827,T,TGT,F I,10,91.69
2025-11-03,9:53:02.201722483,T,TGT,F I,23,91.69
2025-11-03,9:53:02.201722483,T,TGT,F I,5,91.69
2025-11-03,9:53:02.201754870,T,TGT,I,13,91.69
2025-11-03,9:53:02.201817972,T,TGT,F,100,91.7
2025-11-03,9:53:02.201833061,T,TGT,F I,20,91.7
2025-11-03,9:53:02.201839568,T,TGT,I,10,91.7
2025-11-03,9:53:02.201842320,T,TGT,I,20,91.7
2025-11-03,9:53:02.201842320,T,TGT,I,10,91.7
2025-11-03,9:53:02.225905428,T,TGT,F,200,91.72
2025-11-03,9:53:02.226311389,T,TGT,F I,30,91.75
2025-11-03,9:53:05.196752264,T,TGT,F I,20,91.72
2025-11-03,9:53:05.196752264,T,TGT,F I,25,91.72
2025-11-03,9:53:05.547261443,T,TGT,F I,1,91.71
2025-11-03,9:53:05.547261443,T,TGT,F I,1,91.71
2025-11-03,9:53:05.547303477,T,TGT,I,3,91.7
2025-11-03,9:53:05.547315508,T,TGT,F I,1,91.71
2025-11-03,9:53:05.547333573,T,TGT,F I,1,91.7
