DATE,TIME_M,EX,SYM_ROOT,TR_SCOND,SIZE,PRICE
2025-11-19,9:30:00.533260674,T,TGT,O I,76,86.27
2025-11-19,9:30:00.533269626,T,TGT,Q,76,86.27
2025-11-19,9:30:00.778200237,T,TGT,I,5,86.42
2025-11-19,9:30:00.778200237,T,TGT,I,34,86.3
2025-11-19,9:30:00.778203226,T,TGT,I,34,86.29
2025-11-19,9:30:00.778230287,T,TGT,F I,4,86.24
2025-11-19,9:30:00.778257925,T,TGT,F I,4,86.24
2025-11-19,9:30:00.778528092,T,TGT,I,35,86.24
2025-11-19,9:30:00.828888990,T,TGT,F I,22,86.59
2025-11-19,9:30:00.828913086,T,TGT,F I,78,86.59
2025-11-19,9:30:00.830768492,T,TGT,F,500,86.71
2025-11-19,9:30:00.833114087,T,TGT,,100,86.79
2025-11-19,9:30:00.833947097,T,TGT,F I,78,86.85
2025-11-19,9:30:00.834034303,T,TGT,F,107,86.78
2025-11-19,9:30:00.834160567,T,TGT,F,100,86.72
2025-11-19,9:30:00.834194137,T,TGT,F,100,86.71
2025-11-19,9:30:00.834226710,T,TGT,F I,22,86.7
2025-11-19,9:30:00.834434354,T,TGT,F,100,86.7
2025-11-19,9:30:00.834440257,T,TGT,F,107,86.7
2025-11-19,9:30:00.834440257,T,TGT,F I,4,86.75
2025-11-19,9:30:00.834467901,T,TGT,,100,86.73
2025-11-19,9:30:00.837483457,T,TGT,F,100,86.79
2025-11-19,9:30:00.837483457,T,TGT,F I,66,86.83
2025-11-19,9:30:00.837486474,T,TGT,F I,26,86.83
2025-11-19,9:30:01.549646201,T,TGT,I,29,86.51
2025-11-19,9:30:04.602994239,T,TGT,I,1,86.25
2025-11-19,9:30:10.092545236,T,TGT,,174,86.38
2025-11-19,9:30:10.100445563,T,TGT,I,29,86.4
2025-11-19,9:30:10.100445563,T,TGT,I,50,86.4
2025-11-19,9:30:10.100448097,T,TGT,I,85,86.4
2025-11-19,9:30:10.100451049,T,TGT,I,88,86.4
2025-11-19,9:30:10.100466089,T,TGT,I,1,86.4
2025-11-19,9:30:10.100838949,T,TGT,F I,34,86.36
2025-11-19,9:30:10.100863083,T,TGT,I,75,86.36
2025-11-19,9:30:13.024560376,T,TGT,I,19,86.39
2025-11-19,9:30:14.584571830,T,TGT,,100,86.3
2025-11-19,9:30:14.584571830,T,TGT,,100,86.3
2025-11-19,9:30:14.584583852,T,TGT,I,1,86.3
2025-11-19,9:30:17.978297726,T,TGT,F I,31,86.39
2025-11-19,9:30:17.983166607,T,TGT,I,34,86.32
2025-11-19,9:30:17.983166607,T,TGT,I,66,86.31
2025-11-19,9:30:17.992196845,T,TGT,,100,86.31
2025-11-19,9:30:17.994088354,T,TGT,,100,86.31
2025-11-19,9:30:17.996019002,T,TGT,F,100,86.35
2025-11-19,9:30:17.996034035,T,TGT,F I,38,86.37
2025-11-19,9:30:17.996052093,T,TGT,I,11,86.35
2025-11-19,9:30:17.996064127,T,TGT,I,10,86.37
2025-11-19,9:30:17.996070151,T,TGT,I,24,86.37
2025-11-19,9:30:17.996224048,T,TGT,F I,28,86.37
2025-11-19,9:30:17.996224048,T,TGT,F I,37,86.39
2025-11-19,9:30:17.996227563,T,TGT,F I,1,86.39
2025-11-19,9:30:17.996229438,T,TGT,F,180,86.39
2025-11-19,9:30:17.996232542,T,TGT,F,154,86.39
2025-11-19,9:30:17.996437001,T,TGT,,126,86.35
2025-11-19,9:30:17.996864035,T,TGT,F,100,86.38
2025-11-19,9:30:17.996864035,T,TGT,F,100,86.39
2025-11-19,9:30:17.996867045,T,TGT,F I,11,86.39
2025-11-19,9:30:17.996885016,T,TGT,I,1,86.39
2025-11-19,9:30:17.996888037,T,TGT,I,22,86.39
2025-11-19,9:30:17.996888037,T,TGT,I,1,86.39
2025-11-19,9:30:17.996924102,T,TGT,I,44,86.35
2025-11-19,9:30:17.997477454,T,TGT,F I,34,86.35
2025-11-19,9:30:17.997480476,T,TGT,F I,66,86.35
2025-11-19,9:30:17.997654861,T,TGT,F,100,86.31
2025-11-19,9:30:17.998400683,T,TGT,,100,86.31
2025-11-19,9:30:17.998454918,T,TGT,I,89,86.36
2025-11-19,9:30:17.998457835,T,TGT,I,11,86.37
2025-11-19,9:30:17.998505920,T,TGT,I,28,86.32
2025-11-19,9:30:18.000163193,T,TGT,I,6,86.33
2025-11-19,9:30:18.000166068,T,TGT,I,28,86.31
2025-11-19,9:30:18.000166068,T,TGT,I,2,86.29
2025-11-19,9:30:18.000168861,T,TGT,I,19,86.28
2025-11-19,9:30:18.009338386,T,TGT,F I,27,86.39
2025-11-19,9:30:18.009338386,T,TGT,F,200,86.39
2025-11-19,9:30:18.009340970,T,TGT,F I,31,86.41
2025-11-19,9:30:18.009382871,T,TGT,,100,86.41
2025-11-19,9:30:18.010418682,T,TGT,F,100,86.42
2025-11-19,9:30:18.010418682,T,TGT,F,100,86.42
2025-11-19,9:30:18.010421289,T,TGT,F,100,86.43
2025-11-19,9:30:18.010421289,T,TGT,F,100,86.43
2025-11-19,9:30:18.010423281,T,TGT,F I,22,86.43
2025-11-19,9:30:18.010438324,T,TGT,I,78,86.43
2025-11-19,9:30:18.011401290,T,TGT,I,89,86.37
2025-11-19,9:30:18.011403648,T,TGT,,100,86.37
2025-11-19,9:30:18.016218167,T,TGT,F I,37,86.31
2025-11-19,9:30:18.016446598,T,TGT,F I,37,86.24
2025-11-19,9:30:18.016446598,T,TGT,F I,78,86.24
2025-11-19,9:30:18.016756350,T,TGT,F I,21,86.29
2025-11-19,9:30:18.016804515,T,TGT,F I,34,86.3
2025-11-19,9:30:18.016807549,T,TGT,F I,34,86.3
2025-11-19,9:30:18.016813634,T,TGT,F I,32,86.3
2025-11-19,9:30:18.016900791,T,TGT,I,31,86.35
2025-11-19,9:30:18.017126327,T,TGT,F I,37,86.36
2025-11-19,9:30:18.017129262,T,TGT,F I,31,86.41
2025-11-19,9:30:18.017920976,T,TGT,F I,31,86.26
2025-11-19,9:30:18.017924504,T,TGT,I,37,86.24
2025-11-19,9:30:18.017924504,T,TGT,F I,9,86.34
2025-11-19,9:30:18.017929719,T,TGT,F I,19,86.34
2025-11-19,9:30:18.017950766,T,TGT,I,72,86.34
2025-11-19,9:30:18.017968215,T,TGT,F I,17,86.32
2025-11-19,9:30:18.017995372,T,TGT,F I,70,86.24
2025-11-19,9:30:18.017998741,T,TGT,F I,17,86.24
2025-11-19,9:30:18.018001302,T,TGT,F I,6,86.2
2025-11-19,9:30:18.018001302,T,TGT,F I,13,86.17
2025-11-19,9:30:18.018020117,T,TGT,I,2,86.24
2025-11-19,9:30:18.018023052,T,TGT,I,52,86.24
2025-11-19,9:30:18.018025439,T,TGT,I,16,86.24
2025-11-19,9:30:18.018046608,T,TGT,F I,8,86.23
2025-11-19,9:30:18.018049456,T,TGT,I,22,86.23
2025-11-19,9:30:18.018103622,T,TGT,F I,17,86.29
2025-11-19,9:30:18.018293094,T,TGT,F I,47,86.34
2025-11-19,9:30:18.018293094,T,TGT,F I,43,86.34
2025-11-19,9:30:18.019014732,T,TGT,F I,29,86.32
2025-11-19,9:30:18.019038815,T,TGT,I,28,86.32
2025-11-19,9:30:18.019249388,T,TGT,F I,37,86.37
2025-11-19,9:30:18.019252392,T,TGT,F I,5,86.37
2025-11-19,9:30:18.019430028,T,TGT,F I,72,86.32
2025-11-19,9:30:18.019432722,T,TGT,F,400,86.32
2025-11-19,9:30:18.019432722,T,TGT,F,125,86.32
2025-11-19,9:30:18.019438767,T,TGT,F,100,86.32
2025-11-19,9:30:18.019522979,T,TGT,F I,87,86.33
2025-11-19,9:30:18.020310954,T,TGT,F,100,86.33
2025-11-19,9:30:18.028231700,T,TGT,F I,29,86.37
2025-11-19,9:30:18.028253153,T,TGT,I,44,86.37
2025-11-19,9:30:18.028253153,T,TGT,,100,86.37
2025-11-19,9:30:18.028307535,T,TGT,I,1,86.38
2025-11-19,9:30:18.028336985,T,TGT,,100,86.37
2025-11-19,9:30:18.028336985,T,TGT,F I,4,86.38
2025-11-19,9:30:18.028343016,T,TGT,F I,70,86.38
2025-11-19,9:30:18.028343016,T,TGT,F I,4,86.38
2025-11-19,9:30:18.028357977,T,TGT,I,21,86.38
2025-11-19,9:30:18.028758247,T,TGT,F I,37,86.42
2025-11-19,9:30:18.028758247,T,TGT,F I,5,86.42
2025-11-19,9:30:18.029061758,T,TGT,F I,27,86.38
2025-11-19,9:30:18.029320324,T,TGT,F I,6,86.42
2025-11-19,9:30:18.029470715,T,TGT,I,32,86.38
2025-11-19,9:30:18.029476664,T,TGT,F I,35,86.4
2025-11-19,9:30:18.029494873,T,TGT,I,34,86.38
2025-11-19,9:30:18.029515905,T,TGT,F I,13,86.38
2025-11-19,9:30:18.029540460,T,TGT,F I,18,86.38
2025-11-19,9:30:18.029540460,T,TGT,F I,82,86.38
2025-11-19,9:30:18.029546370,T,TGT,F I,18,86.38
2025-11-19,9:30:18.029546370,T,TGT,F I,2,86.38
2025-11-19,9:30:18.029548905,T,TGT,F I,66,86.38
2025-11-19,9:30:18.029579065,T,TGT,F I,32,86.38
2025-11-19,9:30:18.029579065,T,TGT,F I,66,86.38
2025-11-19,9:30:18.029582688,T,TGT,F I,2,86.38
2025-11-19,9:30:18.029587999,T,TGT,I,30,86.38
2025-11-19,9:30:18.043628379,T,TGT,F I,10,86.42
2025-11-19,9:30:18.069324631,T,TGT,,100,86.49
2025-11-19,9:30:18.069366730,T,TGT,I,25,86.48
2025-11-19,9:30:18.069381821,T,TGT,I,68,86.49
2025-11-19,9:30:18.073594913,T,TGT,,100,86.49
2025-11-19,9:30:18.073597853,T,TGT,,100,86.57
2025-11-19,9:30:18.093860113,T,TGT,I,30,86.51
2025-11-19,9:30:18.093860113,T,TGT,I,60,86.51
2025-11-19,9:30:18.093863043,T,TGT,I,34,86.51
2025-11-19,9:30:18.093866141,T,TGT,I,42,86.5
2025-11-19,9:30:18.160303379,T,TGT,F I,1,86.455
2025-11-19,9:30:18.199408493,T,TGT,I,50,86.58
2025-11-19,9:30:18.199757308,T,TGT,,100,86.7
2025-11-19,9:30:18.199838520,T,TGT,F,100,86.62
2025-11-19,9:30:18.199895692,T,TGT,I,89,86.66
2025-11-19,9:30:18.200208439,T,TGT,,100,86.7
2025-11-19,9:30:18.205723555,T,TGT,,100,86.725
2025-11-19,9:30:18.206198722,T,TGT,,100,86.725
2025-11-19,9:30:18.208517253,T,TGT,,100,86.725
2025-11-19,9:30:18.215773467,T,TGT,F I,1,86.67
2025-11-19,9:30:18.215773467,T,TGT,F,101,86.67
2025-11-19,9:30:18.215776518,T,TGT,F,398,86.67
2025-11-19,9:30:18.215791515,T,TGT,I,2,86.67
2025-11-19,9:30:18.220173052,T,TGT,,100,86.7
2025-11-19,9:30:18.559077421,T,TGT,,100,86.77
2025-11-19,9:30:18.559155736,T,TGT,,100,86.78
2025-11-19,9:30:18.559176660,T,TGT,I,68,86.78
2025-11-19,9:30:18.559179713,T,TGT,I,32,86.78
2025-11-19,9:30:18.559179713,T,TGT,I,68,86.78
2025-11-19,9:30:18.559189439,T,TGT,,100,86.78
2025-11-19,9:30:18.559189439,T,TGT,,100,86.78
2025-11-19,9:30:18.559191654,T,TGT,I,32,86.78
2025-11-19,9:30:18.559194697,T,TGT,I,68,86.78
2025-11-19,9:30:18.559227799,T,TGT,F,100,86.78
2025-11-19,9:30:18.559284929,T,TGT,F I,32,86.78
2025-11-19,9:30:18.559865288,T,TGT,,100,86.8
2025-11-19,9:30:18.559886359,T,TGT,I,26,86.8
2025-11-19,9:30:18.570624896,T,TGT,,100,86.785
2025-11-19,9:30:19.005897077,T,TGT,,100,86.785
2025-11-19,9:30:19.067168041,T,TGT,,100,86.83
2025-11-19,9:30:19.067171048,T,TGT,I,34,86.84
2025-11-19,9:30:19.067171048,T,TGT,I,72,86.85
2025-11-19,9:30:19.067703375,T,TGT,F,182,86.87
2025-11-19,9:30:19.067727339,T,TGT,F I,18,86.87
2025-11-19,9:30:19.067745410,T,TGT,F I,82,86.88
2025-11-19,9:30:19.067772429,T,TGT,F I,18,86.88
2025-11-19,9:30:19.418413766,T,TGT,,100,86.88
2025-11-19,9:30:19.418413766,T,TGT,,500,86.89
2025-11-19,9:30:19.418431815,T,TGT,,191,86.89
2025-11-19,9:30:19.418434787,T,TGT,,100,86.89
2025-11-19,9:30:19.418437835,T,TGT,,200,86.89
2025-11-19,9:30:19.491409976,T,TGT,,100,86.89
2025-11-19,9:30:19.491409976,T,TGT,I,1,86.9
2025-11-19,9:30:19.491412627,T,TGT,,200,86.9
2025-11-19,9:30:19.491430654,T,TGT,I,1,86.9
2025-11-19,9:30:19.491448685,T,TGT,I,68,86.9
2025-11-19,9:30:19.491472733,T,TGT,F I,31,86.9
2025-11-19,9:30:19.491878787,T,TGT,,100,86.9
2025-11-19,9:30:19.493698080,T,TGT,F I,1,86.91
2025-11-19,9:30:19.493767302,T,TGT,I,5,86.9
2025-11-19,9:30:19.493875547,T,TGT,I,95,86.9
2025-11-19,9:30:19.554106011,T,TGT,,100,86.9
2025-11-19,9:30:19.563079651,T,TGT,F I,17,86.91
2025-11-19,9:30:19.563079651,T,TGT,F I,10,86.91
2025-11-19,9:30:19.563082499,T,TGT,F,200,86.92
2025-11-19,9:30:19.563783137,T,TGT,,100,86.95
2025-11-19,9:30:19.830888305,T,TGT,,100,86.95
2025-11-19,9:30:20.053788408,T,TGT,,100,86.96
2025-11-19,9:30:20.053791584,T,TGT,,200,86.97
2025-11-19,9:30:20.053791584,T,TGT,,100,86.97
2025-11-19,9:30:20.053902645,T,TGT,I,72,86.98
2025-11-19,9:30:20.054179325,T,TGT,I,25,86.98
2025-11-19,9:30:20.061955958,T,TGT,I,34,86.89
2025-11-19,9:30:20.245380780,T,TGT,F,100,86.93
2025-11-19,9:30:20.245528152,T,TGT,F,118,86.93
2025-11-19,9:30:20.245540152,T,TGT,I,82,86.93
2025-11-19,9:30:20.245540152,T,TGT,I,18,86.88
2025-11-19,9:30:20.245543526,T,TGT,F I,23,86.88
2025-11-19,9:30:20.245546193,T,TGT,I,59,86.88
2025-11-19,9:30:20.245807814,T,TGT,,100,86.88
2025-11-19,9:30:20.245831883,T,TGT,I,1,86.88
2025-11-19,9:30:20.245931126,T,TGT,,398,86.88
2025-11-19,9:30:20.245949436,T,TGT,I,68,86.88
2025-11-19,9:30:20.245961473,T,TGT,I,32,86.88
2025-11-19,9:30:20.245961473,T,TGT,,100,86.88
2025-11-19,9:30:20.246027364,T,TGT,F,100,86.88
2025-11-19,9:30:20.246433248,T,TGT,F I,23,86.86
2025-11-19,9:30:20.298451262,T,TGT,,100,86.88
2025-11-19,9:30:20.298580548,T,TGT,I,34,86.97
2025-11-19,9:30:20.735425668,T,TGT,,100,86.99
2025-11-19,9:30:20.735429058,T,TGT,,100,86.99
2025-11-19,9:30:20.735429058,T,TGT,I,1,87.0
2025-11-19,9:30:20.735432022,T,TGT,I,2,87.0
2025-11-19,9:30:20.735434947,T,TGT,,474,87.0
2025-11-19,9:30:20.735434947,T,TGT,,200,87.0
2025-11-19,9:30:20.735440321,T,TGT,,100,87.0
2025-11-19,9:30:20.735440321,T,TGT,,500,87.0
2025-11-19,9:30:20.735440321,T,TGT,,1800,87.0
2025-11-19,9:30:20.735479404,T,TGT,,200,87.0
2025-11-19,9:30:20.735548534,T,TGT,,100,87.0
2025-11-19,9:30:20.736129128,T,TGT,F,200,86.99
2025-11-19,9:30:20.996059374,T,TGT,,100,86.87
2025-11-19,9:30:21.039461584,T,TGT,,300,86.86
2025-11-19,9:30:21.064872030,T,TGT,,100,86.86
2025-11-19,9:30:21.119569378,T,TGT,,100,86.855
2025-11-19,9:30:21.236716462,T,TGT,I,75,86.92
2025-11-19,9:30:21.236719794,T,TGT,,100,86.93
2025-11-19,9:30:21.236722637,T,TGT,I,34,86.94
2025-11-19,9:30:21.236722637,T,TGT,I,89,86.96
2025-11-19,9:30:21.331580496,T,TGT,,100,86.96
2025-11-19,9:30:21.331580496,T,TGT,I,25,86.98
2025-11-19,9:30:21.331583455,T,TGT,I,84,86.99
2025-11-19,9:30:21.390463712,T,TGT,I,1,86.96
2025-11-19,9:30:21.504525503,T,TGT,,100,86.97
2025-11-19,9:30:21.504528551,T,TGT,I,25,86.99
2025-11-19,9:30:21.504588623,T,TGT,,100,86.99
2025-11-19,9:30:21.504591642,T,TGT,,100,86.99
2025-11-19,9:30:21.504597611,T,TGT,,100,86.99
2025-11-19,9:30:21.504619226,T,TGT,F,100,87.005
2025-11-19,9:30:21.504619226,T,TGT,F I,55,87.005
2025-11-19,9:30:21.504621721,T,TGT,F,100,87.005
2025-11-19,9:30:21.504648736,T,TGT,F,200,87.005
2025-11-19,9:30:21.504714931,T,TGT,,100,86.94
2025-11-19,9:30:21.677136754,T,TGT,I,1,86.98
2025-11-19,9:30:21.756694185,T,TGT,,100,86.95
2025-11-19,9:30:21.756697202,T,TGT,I,3,86.99
2025-11-19,9:30:21.756697202,T,TGT,,200,86.99
2025-11-19,9:30:21.757398323,T,TGT,I,89,87.0
2025-11-19,9:30:21.757912195,T,TGT,,200,87.02
2025-11-19,9:30:21.835863847,T,TGT,I,47,87.02
2025-11-19,9:30:21.858871648,T,TGT,I,2,87.0
2025-11-19,9:30:21.998530353,T,TGT,,100,87.02
2025-11-19,9:30:22.047959111,T,TGT,I,1,87.0
2025-11-19,9:30:22.088910973,T,TGT,F I,75,86.94
2025-11-19,9:30:22.088913733,T,TGT,F,2089,86.935
2025-11-19,9:30:22.090760145,T,TGT,,200,86.905
2025-11-19,9:30:22.091514883,T,TGT,,308,86.905
2025-11-19,9:30:22.161672805,T,TGT,,100,86.98
2025-11-19,9:30:22.161678179,T,TGT,I,34,87.0
2025-11-19,9:30:22.161678179,T,TGT,,100,87.0
2025-11-19,9:30:22.161681421,T,TGT,I,41,87.02
2025-11-19,9:30:22.161681421,T,TGT,,100,87.02
2025-11-19,9:30:22.161684358,T,TGT,,100,87.02
2025-11-19,9:30:22.161684358,T,TGT,I,23,87.02
2025-11-19,9:30:22.161699206,T,TGT,I,1,87.02
2025-11-19,9:30:22.255417425,T,TGT,I,15,87.03
2025-11-19,9:30:22.256274527,T,TGT,,121,87.02
2025-11-19,9:30:22.259317788,T,TGT,,300,86.99
2025-11-19,9:30:22.259880065,T,TGT,,100,87.03
2025-11-19,9:30:22.303411813,T,TGT,I,21,86.98
2025-11-19,9:30:22.303462998,T,TGT,,210,86.98
2025-11-19,9:30:22.428115932,T,TGT,,100,87.03
2025-11-19,9:30:22.428115932,T,TGT,I,1,87.05
2025-11-19,9:30:22.434482150,T,TGT,I,1,87.05
2025-11-19,9:30:22.435236916,T,TGT,,100,86.99
2025-11-19,9:30:22.435525602,T,TGT,F I,18,86.96
2025-11-19,9:30:22.436211306,T,TGT,,400,86.96
2025-11-19,9:30:22.436308602,T,TGT,F I,43,86.9
2025-11-19,9:30:22.436310516,T,TGT,F I,92,86.9
2025-11-19,9:30:22.436329308,T,TGT,I,1,86.9
2025-11-19,9:30:22.436332079,T,TGT,I,68,86.9
2025-11-19,9:30:22.436355571,T,TGT,F I,31,86.9
2025-11-19,9:30:22.436484877,T,TGT,,100,86.93
2025-11-19,9:30:22.436512021,T,TGT,I,25,86.92
2025-11-19,9:30:22.436731525,T,TGT,F I,25,86.92
2025-11-19,9:30:22.436734909,T,TGT,F I,27,86.92
2025-11-19,9:30:22.436734909,T,TGT,I,25,86.92
2025-11-19,9:30:22.436761550,T,TGT,I,48,86.92
2025-11-19,9:30:22.436770541,T,TGT,F I,73,86.92
2025-11-19,9:30:22.436773640,T,TGT,I,27,86.92
2025-11-19,9:30:22.437314918,T,TGT,I,75,86.855
2025-11-19,9:30:22.438542173,T,TGT,I,13,86.87
2025-11-19,9:30:22.438544809,T,TGT,I,25,86.87
2025-11-19,9:30:22.438604995,T,TGT,,100,86.87
2025-11-19,9:30:22.439910418,T,TGT,I,5,86.9
2025-11-19,9:30:22.439913829,T,TGT,I,93,86.94
2025-11-19,9:30:22.439913829,T,TGT,I,54,86.94
2025-11-19,9:30:22.439916103,T,TGT,I,43,86.94
2025-11-19,9:30:22.448083602,T,TGT,,100,86.94
2025-11-19,9:30:22.448086713,T,TGT,,100,86.95
2025-11-19,9:30:22.448086713,T,TGT,I,13,86.95
2025-11-19,9:30:22.448089613,T,TGT,,100,86.95
2025-11-19,9:30:22.452501105,T,TGT,I,10,87.03
2025-11-19,9:30:22.452507064,T,TGT,,100,87.03
2025-11-19,9:30:22.452570206,T,TGT,F I,34,86.96
2025-11-19,9:30:22.452573404,T,TGT,F I,18,86.95
2025-11-19,9:30:22.452579297,T,TGT,F I,36,86.95
2025-11-19,9:30:22.452657477,T,TGT,F I,18,86.91
2025-11-19,9:30:22.452660423,T,TGT,F I,37,86.91
2025-11-19,9:30:22.452847693,T,TGT,F I,43,86.89
2025-11-19,9:30:22.452847693,T,TGT,F I,92,86.89
2025-11-19,9:30:22.455425068,T,TGT,I,13,86.93
2025-11-19,9:30:22.455425068,T,TGT,I,34,86.93
2025-11-19,9:30:22.455427026,T,TGT,I,13,86.95
2025-11-19,9:30:22.455430860,T,TGT,I,55,86.95
2025-11-19,9:30:22.455430860,T,TGT,I,44,86.95
2025-11-19,9:30:22.455433556,T,TGT,,100,86.95
2025-11-19,9:30:22.455436037,T,TGT,I,34,86.96
2025-11-19,9:30:22.455514272,T,TGT,F I,3,86.89
2025-11-19,9:30:22.458705163,T,TGT,I,12,86.95
2025-11-19,9:30:22.458705163,T,TGT,I,10,86.95
2025-11-19,9:30:22.458707811,T,TGT,I,55,86.95
2025-11-19,9:30:22.459059650,T,TGT,F I,34,86.9
2025-11-19,9:30:22.459063167,T,TGT,F I,18,86.89
2025-11-19,9:30:22.459110877,T,TGT,F I,52,86.89
2025-11-19,9:30:22.462169278,T,TGT,,100,86.93
2025-11-19,9:30:22.462169278,T,TGT,I,56,86.94
2025-11-19,9:30:22.462172929,T,TGT,I,45,86.95
2025-11-19,9:30:22.462172929,T,TGT,I,13,86.95
2025-11-19,9:30:22.462175085,T,TGT,,100,86.95
2025-11-19,9:30:22.463104364,T,TGT,F,100,86.89
2025-11-19,9:30:22.463104364,T,TGT,F I,13,86.88
2025-11-19,9:30:22.464132746,T,TGT,,100,86.94
2025-11-19,9:30:22.467296379,T,TGT,,170,86.94
2025-11-19,9:30:22.467299388,T,TGT,,100,86.94
2025-11-19,9:30:22.468638477,T,TGT,I,13,86.98
2025-11-19,9:30:22.468638477,T,TGT,I,43,87.0
2025-11-19,9:30:22.468643595,T,TGT,I,13,87.0
2025-11-19,9:30:22.468643595,T,TGT,I,18,87.0
2025-11-19,9:30:22.468703833,T,TGT,F,100,87.0
2025-11-19,9:30:22.468724772,T,TGT,F I,52,87.0
2025-11-19,9:30:22.468727782,T,TGT,I,45,87.0
2025-11-19,9:30:22.468730805,T,TGT,F I,45,87.0
2025-11-19,9:30:22.468734211,T,TGT,F I,89,87.0
2025-11-19,9:30:22.468763868,T,TGT,F I,18,87.0
2025-11-19,9:30:22.468769896,T,TGT,F I,43,87.0
2025-11-19,9:30:22.468811939,T,TGT,F,100,87.0
2025-11-19,9:30:22.468893183,T,TGT,F I,89,87.0
2025-11-19,9:30:22.468968309,T,TGT,F,100,87.0
2025-11-19,9:30:22.469061513,T,TGT,F,100,87.0
2025-11-19,9:30:22.469070555,T,TGT,F,100,87.0
2025-11-19,9:30:22.469112714,T,TGT,F I,18,87.0
2025-11-19,9:30:22.469121695,T,TGT,F I,43,87.0
2025-11-19,9:30:22.469205883,T,TGT,F,100,87.0
2025-11-19,9:30:22.470008967,T,TGT,I,3,87.04
2025-11-19,9:30:22.470008967,T,TGT,I,34,87.04
2025-11-19,9:30:22.470078078,T,TGT,F I,93,87.04
2025-11-19,9:30:22.470089945,T,TGT,F I,37,87.04
2025-11-19,9:30:22.470101963,T,TGT,I,89,87.04
2025-11-19,9:30:22.470126071,T,TGT,F I,42,87.04
2025-11-19,9:30:22.470165109,T,TGT,F I,89,87.04
2025-11-19,9:30:22.470201266,T,TGT,,100,87.04
2025-11-19,9:30:22.470480900,T,TGT,I,33,87.02
2025-11-19,9:30:22.470578002,T,TGT,I,24,87.04
2025-11-19,9:30:22.470580125,T,TGT,F I,24,87.04
2025-11-19,9:30:22.470643265,T,TGT,,100,87.01
2025-11-19,9:30:22.470824324,T,TGT,I,33,87.02
2025-11-19,9:30:22.470925999,T,TGT,,200,87.04
2025-11-19,9:30:22.470959602,T,TGT,F I,89,87.04
2025-11-19,9:30:22.471034223,T,TGT,F I,23,87.04
2025-11-19,9:30:22.471295846,T,TGT,F I,89,87.04
2025-11-19,9:30:22.472904742,T,TGT,F I,18,86.97
2025-11-19,9:30:22.472904742,T,TGT,F I,43,86.97
2025-11-19,9:30:22.472907717,T,TGT,F I,13,86.97
2025-11-19,9:30:22.478050001,T,TGT,I,12,87.0
2025-11-19,9:30:22.478050001,T,TGT,I,13,87.0
2025-11-19,9:30:22.478134156,T,TGT,F I,45,87.04
2025-11-19,9:30:22.478134156,T,TGT,F I,12,87.04
2025-11-19,9:30:22.484819073,T,TGT,F I,34,87.04
2025-11-19,9:30:22.548787415,T,TGT,F I,34,87.04
2025-11-19,9:30:22.561658105,T,TGT,F I,74,87.04
2025-11-19,9:30:22.581198666,T,TGT,F I,74,87.04
2025-11-19,9:30:22.598992023,T,TGT,F I,74,87.04
2025-11-19,9:30:22.606031793,T,TGT,F I,34,87.04
2025-11-19,9:30:22.615345063,T,TGT,F I,52,87.04
2025-11-19,9:30:22.632684347,T,TGT,F I,52,87.04
2025-11-19,9:30:22.649323020,T,TGT,F I,52,87.04
2025-11-19,9:30:22.654290823,T,TGT,I,1,87.04
2025-11-19,9:30:22.654290823,T,TGT,I,34,87.06
2025-11-19,9:30:22.654297742,T,TGT,I,34,87.08
2025-11-19,9:30:22.654297742,T,TGT,I,1,87.1
2025-11-19,9:30:22.654297742,T,TGT,I,13,87.1
2025-11-19,9:30:22.654300529,T,TGT,I,34,87.1
2025-11-19,9:30:22.654303624,T,TGT,I,34,87.1
2025-11-19,9:30:22.654303624,T,TGT,I,34,87.1
2025-11-19,9:30:22.654305872,T,TGT,,125,87.1
2025-11-19,9:30:22.654342486,T,TGT,I,28,87.1
2025-11-19,9:30:22.654345301,T,TGT,F,100,87.1
2025-11-19,9:30:22.654345301,T,TGT,,100,87.1
2025-11-19,9:30:22.654351015,T,TGT,,100,87.1
2025-11-19,9:30:22.654351015,T,TGT,,100,87.1
2025-11-19,9:30:22.654354498,T,TGT,F,100,87.1
2025-11-19,9:30:22.654356946,T,TGT,,100,87.1
2025-11-19,9:30:22.654372022,T,TGT,F,100,87.1
2025-11-19,9:30:22.654380954,T,TGT,F,100,87.1
2025-11-19,9:30:22.654417136,T,TGT,F,100,87.1
2025-11-19,9:30:22.654462220,T,TGT,F,100,87.1
2025-11-19,9:30:22.654501273,T,TGT,F,100,87.1
2025-11-19,9:30:22.654510275,T,TGT,F,100,87.1
2025-11-19,9:30:22.654534377,T,TGT,F,100,87.1
2025-11-19,9:30:22.654552366,T,TGT,F,100,87.1
2025-11-19,9:30:22.654561403,T,TGT,,100,87.1
2025-11-19,9:30:22.654570476,T,TGT,F,100,87.1
2025-11-19,9:30:22.654576449,T,TGT,F I,1,87.1
2025-11-19,9:30:22.654594495,T,TGT,,100,87.1
2025-11-19,9:30:22.654594495,T,TGT,,100,87.1
2025-11-19,9:30:22.654609546,T,TGT,F,100,87.1
2025-11-19,9:30:22.654615618,T,TGT,F,100,87.1
2025-11-19,9:30:22.654625012,T,TGT,F,100,87.1
2025-11-19,9:30:22.654628264,T,TGT,,100,87.1
2025-11-19,9:30:22.654663663,T,TGT,F,100,87.1
2025-11-19,9:30:22.654705831,T,TGT,F,100,87.1
2025-11-19,9:30:22.654717810,T,TGT,F,100,87.1
2025-11-19,9:30:22.654747858,T,TGT,F,100,87.1
2025-11-19,9:30:22.654789946,T,TGT,F,100,87.1
2025-11-19,9:30:22.654811405,T,TGT,,100,87.1
2025-11-19,9:30:22.654814050,T,TGT,,100,87.1
2025-11-19,9:30:22.654826576,T,TGT,,100,87.1
2025-11-19,9:30:22.654829135,T,TGT,F I,26,87.1
2025-11-19,9:30:22.654871214,T,TGT,F,100,87.1
2025-11-19,9:30:22.654922276,T,TGT,,100,87.1
2025-11-19,9:30:22.654964539,T,TGT,,100,87.1
2025-11-19,9:30:22.654997438,T,TGT,F,100,87.1
2025-11-19,9:30:22.655045650,T,TGT,,100,87.1
2025-11-19,9:30:22.655117745,T,TGT,,100,87.1
2025-11-19,9:30:22.655123727,T,TGT,F,100,87.1
2025-11-19,9:30:22.655135799,T,TGT,,100,87.1
2025-11-19,9:30:22.655147827,T,TGT,,100,87.1
2025-11-19,9:30:22.655199104,T,TGT,,100,87.1
2025-11-19,9:30:22.655244083,T,TGT,F,100,87.1
2025-11-19,9:30:22.655313278,T,TGT,F,100,87.1
2025-11-19,9:30:22.655875604,T,TGT,F,100,87.1
2025-11-19,9:30:22.656037916,T,TGT,,100,87.1
2025-11-19,9:30:22.656182277,T,TGT,F I,79,87.1
2025-11-19,9:30:22.656203357,T,TGT,F I,21,87.1
2025-11-19,9:30:22.656206535,T,TGT,F I,79,87.1
2025-11-19,9:30:22.656206535,T,TGT,I,21,87.1
2025-11-19,9:30:22.656209361,T,TGT,I,21,87.1
2025-11-19,9:30:22.656218414,T,TGT,,605,87.1
2025-11-19,9:30:22.656218414,T,TGT,,930,87.1
2025-11-19,9:30:22.656230357,T,TGT,,100,87.1
2025-11-19,9:30:22.656273034,T,TGT,,100,87.1
2025-11-19,9:30:22.656437903,T,TGT,F,100,87.1
2025-11-19,9:30:22.656570258,T,TGT,F,100,87.1
2025-11-19,9:30:22.656687881,T,TGT,,499,87.1
2025-11-19,9:30:22.656687881,T,TGT,,100,87.14
2025-11-19,9:30:22.656690922,T,TGT,,100,87.14
2025-11-19,9:30:22.656694478,T,TGT,I,1,87.15
2025-11-19,9:30:22.656694478,T,TGT,I,13,87.15
2025-11-19,9:30:22.656699663,T,TGT,,285,87.18
2025-11-19,9:30:22.656699663,T,TGT,I,13,87.18
2025-11-19,9:30:22.656699663,T,TGT,I,1,87.2
2025-11-19,9:30:22.656699663,T,TGT,I,13,87.2
2025-11-19,9:30:22.656823149,T,TGT,F I,89,87.08
2025-11-19,9:30:22.656846920,T,TGT,I,68,87.1
2025-11-19,9:30:22.657136834,T,TGT,,100,87.085
2025-11-19,9:30:22.657141624,T,TGT,,100,87.14
2025-11-19,9:30:22.657141624,T,TGT,I,89,87.14
2025-11-19,9:30:22.657145666,T,TGT,I,12,87.14
2025-11-19,9:30:22.657151157,T,TGT,,100,87.14
2025-11-19,9:30:22.657151157,T,TGT,I,57,87.14
2025-11-19,9:30:22.657153912,T,TGT,,100,87.14
2025-11-19,9:30:22.657157127,T,TGT,I,54,87.14
2025-11-19,9:30:22.657157127,T,TGT,,400,87.14
2025-11-19,9:30:22.657160598,T,TGT,,100,87.14
2025-11-19,9:30:22.657163518,T,TGT,,103,87.14
2025-11-19,9:30:22.657163518,T,TGT,,103,87.14
2025-11-19,9:30:22.657166881,T,TGT,I,37,87.16
2025-11-19,9:30:22.657166881,T,TGT,I,18,87.2
2025-11-19,9:30:22.657169025,T,TGT,I,37,87.2
2025-11-19,9:30:22.657180653,T,TGT,I,1,87.2
2025-11-19,9:30:22.657264906,T,TGT,F I,10,87.2
2025-11-19,9:30:22.657376185,T,TGT,,100,87.2
2025-11-19,9:30:22.657451293,T,TGT,,100,87.2
2025-11-19,9:30:22.657517477,T,TGT,,100,87.2
2025-11-19,9:30:22.657583666,T,TGT,F I,60,87.2
2025-11-19,9:30:22.657752000,T,TGT,F I,13,87.2
2025-11-19,9:30:22.658001647,T,TGT,,100,87.2
2025-11-19,9:30:22.659120342,T,TGT,,100,87.2
2025-11-19,9:30:22.659138338,T,TGT,,100,87.2
2025-11-19,9:30:22.659634475,T,TGT,F I,18,87.07
2025-11-19,9:30:22.659719067,T,TGT,I,89,87.11
2025-11-19,9:30:22.659722575,T,TGT,,249,87.11
2025-11-19,9:30:22.659725513,T,TGT,,300,87.11
2025-11-19,9:30:22.659763884,T,TGT,F,160,87.11
2025-11-19,9:30:22.659830314,T,TGT,F I,89,87.09
2025-11-19,9:30:22.659842048,T,TGT,F I,12,87.09
2025-11-19,9:30:22.659869080,T,TGT,I,1,87.09
2025-11-19,9:30:22.659935276,T,TGT,I,58,87.09
2025-11-19,9:30:22.659938249,T,TGT,,101,87.09
2025-11-19,9:30:22.659938249,T,TGT,,100,87.09
2025-11-19,9:30:22.659944552,T,TGT,F,100,87.13
2025-11-19,9:30:22.659947314,T,TGT,F,100,87.15
2025-11-19,9:30:22.660079648,T,TGT,F,100,87.09
2025-11-19,9:30:22.660103652,T,TGT,,100,87.09
2025-11-19,9:30:22.660344165,T,TGT,F I,9,87.1
2025-11-19,9:30:22.660368300,T,TGT,I,2,87.1
2025-11-19,9:30:22.670418222,T,TGT,I,22,87.1
2025-11-19,9:30:22.670469356,T,TGT,I,89,87.06
2025-11-19,9:30:22.951161046,T,TGT,I,34,87.02
2025-11-19,9:30:22.951164015,T,TGT,I,34,87.02
2025-11-19,9:30:22.951166981,T,TGT,I,34,87.04
2025-11-19,9:30:22.951170311,T,TGT,I,34,87.04
2025-11-19,9:30:22.951170311,T,TGT,I,36,87.06
2025-11-19,9:30:22.951173312,T,TGT,I,34,87.06
2025-11-19,9:30:22.951173312,T,TGT,,122,87.08
2025-11-19,9:30:23.036830726,T,TGT,,119,87.07
2025-11-19,9:30:23.036835132,T,TGT,,105,87.07
2025-11-19,9:30:23.036835132,T,TGT,,100,87.07
2025-11-19,9:30:23.036835132,T,TGT,,100,87.07
2025-11-19,9:30:23.037325263,T,TGT,F,102,87.07
2025-11-19,9:30:23.037578415,T,TGT,I,37,87.09
2025-11-19,9:30:23.037635052,T,TGT,I,12,87.07
2025-11-19,9:30:23.037644073,T,TGT,F I,12,87.07
2025-11-19,9:30:23.037716245,T,TGT,F I,12,87.07
2025-11-19,9:30:23.037761272,T,TGT,F I,1,87.07
2025-11-19,9:30:23.037764254,T,TGT,F I,11,87.07
2025-11-19,9:30:23.037767300,T,TGT,F I,12,87.07
2025-11-19,9:30:23.037818466,T,TGT,F I,12,87.07
2025-11-19,9:30:23.037818466,T,TGT,F I,12,87.07
2025-11-19,9:30:23.037831152,T,TGT,I,12,87.07
2025-11-19,9:30:23.037887579,T,TGT,F I,12,87.07
2025-11-19,9:30:23.037953774,T,TGT,F I,12,87.07
2025-11-19,9:30:23.038302586,T,TGT,I,17,87.03
2025-11-19,9:30:23.038302586,T,TGT,I,31,87.02
2025-11-19,9:30:23.039806204,T,TGT,F I,17,87.02
2025-11-19,9:30:23.039842309,T,TGT,F I,52,87.02
2025-11-19,9:30:23.040147104,T,TGT,,100,87.02
2025-11-19,9:30:23.040151988,T,TGT,,100,87.02
2025-11-19,9:30:23.040200303,T,TGT,,200,87.02
2025-11-19,9:30:23.040200303,T,TGT,I,39,87.02
2025-11-19,9:30:23.040212195,T,TGT,I,61,87.02
2025-11-19,9:30:23.042647989,T,TGT,,100,87.01
2025-11-19,9:30:23.577869015,T,TGT,F I,34,86.96
2025-11-19,9:30:23.884205763,T,TGT,I,34,87.06
2025-11-19,9:30:23.884208800,T,TGT,I,34,87.08
2025-11-19,9:30:23.884212365,T,TGT,I,34,87.08
2025-11-19,9:30:23.884212365,T,TGT,I,34,87.1
2025-11-19,9:30:23.884215522,T,TGT,I,34,87.1
2025-11-19,9:30:23.884215522,T,TGT,,100,87.11
2025-11-19,9:30:23.884217722,T,TGT,I,2,87.13
2025-11-19,9:30:23.885706329,T,TGT,,100,87.14
2025-11-19,9:30:23.885706329,T,TGT,I,48,87.16
2025-11-19,9:30:23.886019035,T,TGT,I,34,87.02
2025-11-19,9:30:23.964169675,T,TGT,,100,87.01
2025-11-19,9:30:23.964172373,T,TGT,,499,87.02
2025-11-19,9:30:23.964175246,T,TGT,,100,87.02
2025-11-19,9:30:23.964175246,T,TGT,I,1,87.02
2025-11-19,9:30:24.062714022,T,TGT,,100,87.01
2025-11-19,9:30:24.062719985,T,TGT,,141,87.02
2025-11-19,9:30:24.062719985,T,TGT,I,34,87.02
2025-11-19,9:30:24.064879393,T,TGT,F I,1,87.02
2025-11-19,9:30:24.738805661,T,TGT,,100,86.85
2025-11-19,9:30:24.738895865,T,TGT,I,1,86.8
2025-11-19,9:30:24.738928982,T,TGT,I,99,86.79
2025-11-19,9:30:25.583337607,T,TGT,F I,34,87.02
2025-11-19,9:30:25.583340640,T,TGT,F I,34,87.01
2025-11-19,9:30:25.584333035,T,TGT,I,34,87.09
2025-11-19,9:30:25.584336166,T,TGT,,100,87.12
2025-11-19,9:30:25.584339116,T,TGT,I,34,87.13
2025-11-19,9:30:25.584342023,T,TGT,I,34,87.13
2025-11-19,9:30:25.584348653,T,TGT,I,34,87.15
2025-11-19,9:30:25.584348653,T,TGT,I,34,87.16
2025-11-19,9:30:25.584351399,T,TGT,,125,87.18
2025-11-19,9:30:25.584354096,T,TGT,,100,87.18
2025-11-19,9:30:25.591450928,T,TGT,F I,10,86.78
2025-11-19,9:30:25.591472036,T,TGT,F I,64,86.78
2025-11-19,9:30:25.591580248,T,TGT,,100,86.78
2025-11-19,9:30:25.592695968,T,TGT,F I,7,86.78
2025-11-19,9:30:25.692563843,T,TGT,I,34,86.94
2025-11-19,9:30:25.844359466,T,TGT,F I,75,86.89
2025-11-19,9:30:25.905071092,T,TGT,F I,34,86.83
2025-11-19,9:30:25.945235019,T,TGT,F I,1,86.89
2025-11-19,9:30:25.945235019,T,TGT,F I,76,86.87
2025-11-19,9:30:25.945267877,T,TGT,I,1,86.88
2025-11-19,9:30:25.946305361,T,TGT,I,89,86.94
2025-11-19,9:30:25.946452677,T,TGT,F I,28,86.87
2025-11-19,9:30:25.946455722,T,TGT,F I,47,86.86
2025-11-19,9:30:26.029576906,T,TGT,F I,95,86.96
2025-11-19,9:30:26.029600783,T,TGT,I,1,86.96
2025-11-19,9:30:26.029715115,T,TGT,I,99,86.96
2025-11-19,9:30:26.030331562,T,TGT,,100,86.97
2025-11-19,9:30:26.370553060,T,TGT,F I,34,86.985
2025-11-19,9:30:26.370562379,T,TGT,F I,34,86.985
2025-11-19,9:30:26.370631298,T,TGT,F I,34,87.06
2025-11-19,9:30:26.370631298,T,TGT,F I,66,86.98
2025-11-19,9:30:26.370673913,T,TGT,F I,34,86.98
2025-11-19,9:30:26.370685373,T,TGT,I,34,86.99
2025-11-19,9:30:26.370697392,T,TGT,I,66,86.99
2025-11-19,9:30:26.370718488,T,TGT,F I,34,86.98
2025-11-19,9:30:26.372201544,T,TGT,F I,34,86.91
2025-11-19,9:30:26.372204190,T,TGT,F,100,86.96
2025-11-19,9:30:26.372204190,T,TGT,F I,34,86.97
2025-11-19,9:30:26.372206983,T,TGT,F,100,86.97
2025-11-19,9:30:26.372210190,T,TGT,F,100,86.98
2025-11-19,9:30:26.372210190,T,TGT,F,100,86.98
2025-11-19,9:30:26.372210190,T,TGT,F,100,86.98
2025-11-19,9:30:26.372213272,T,TGT,F,100,86.98
2025-11-19,9:30:26.372216314,T,TGT,F,200,86.98
2025-11-19,9:30:26.372216314,T,TGT,F,100,86.98
2025-11-19,9:30:26.372216314,T,TGT,F I,32,86.98
2025-11-19,9:30:26.372414448,T,TGT,F I,87,86.88
2025-11-19,9:30:26.372459633,T,TGT,,100,86.88
2025-11-19,9:30:26.372486614,T,TGT,I,87,86.88
2025-11-19,9:30:26.372508267,T,TGT,I,28,86.88
2025-11-19,9:30:26.372508267,T,TGT,I,72,86.88
2025-11-19,9:30:26.380317374,T,TGT,,100,86.97
2025-11-19,9:30:26.380317374,T,TGT,I,66,86.98
2025-11-19,9:30:26.397683698,T,TGT,F I,12,86.98
2025-11-19,9:30:26.403484492,T,TGT,I,34,86.98
2025-11-19,9:30:26.465684713,T,TGT,I,34,87.09
2025-11-19,9:30:26.465687740,T,TGT,,100,87.09
2025-11-19,9:30:26.465687740,T,TGT,I,34,87.11
2025-11-19,9:30:26.465690682,T,TGT,I,98,87.11
2025-11-19,9:30:26.559857088,T,TGT,I,2,87.11
2025-11-19,9:30:26.593158363,T,TGT,I,12,86.96
2025-11-19,9:30:26.972714352,T,TGT,I,8,86.985
2025-11-19,9:30:26.972716649,T,TGT,I,51,86.87
2025-11-19,9:30:26.973751130,T,TGT,,100,86.82
2025-11-19,9:30:27.181681518,T,TGT,I,34,86.97
2025-11-19,9:30:27.181681518,T,TGT,I,34,86.99
2025-11-19,9:30:27.181684501,T,TGT,I,97,87.0
2025-11-19,9:30:27.182616686,T,TGT,,100,87.01
2025-11-19,9:30:27.736467338,T,TGT,,100,86.96
2025-11-19,9:30:27.736473186,T,TGT,I,3,86.98
2025-11-19,9:30:27.736473186,T,TGT,,100,86.98
2025-11-19,9:30:27.736473186,T,TGT,,100,86.98
2025-11-19,9:30:27.737245996,T,TGT,,100,86.98
2025-11-19,9:30:27.737249257,T,TGT,I,10,86.99
2025-11-19,9:30:27.737249257,T,TGT,I,37,86.99
2025-11-19,9:30:27.737309198,T,TGT,F I,29,86.93
2025-11-19,9:30:27.737330185,T,TGT,I,71,86.93
2025-11-19,9:30:27.737354325,T,TGT,I,34,86.94
2025-11-19,9:30:27.833736940,T,TGT,,100,86.99
2025-11-19,9:30:28.918625533,T,TGT,I,28,86.83
2025-11-19,9:30:29.647397344,T,TGT,I,14,86.85
2025-11-19,9:30:29.647397344,T,TGT,I,1,86.85
2025-11-19,9:30:29.762357638,T,TGT,F I,22,86.71
2025-11-19,9:30:29.763999465,T,TGT,F I,68,86.82
2025-11-19,9:30:29.893518011,T,TGT,,100,86.9
2025-11-19,9:30:29.893518011,T,TGT,,100,86.92
2025-11-19,9:30:29.893584277,T,TGT,F,400,86.92
2025-11-19,9:30:30.060653249,T,TGT,I,70,86.9
2025-11-19,9:30:30.339679692,T,TGT,I,6,86.68
2025-11-19,9:30:30.339724118,T,TGT,F I,48,86.68
2025-11-19,9:30:30.339752128,T,TGT,I,52,86.68
2025-11-19,9:30:30.339802261,T,TGT,F I,1,86.66
2025-11-19,9:30:30.351313734,T,TGT,,113,86.59
2025-11-19,9:30:30.351376821,T,TGT,I,14,86.59
2025-11-19,9:30:30.353031028,T,TGT,I,75,86.55
2025-11-19,9:30:30.353031028,T,TGT,I,34,86.51
2025-11-19,9:30:30.353033843,T,TGT,I,4,86.51
2025-11-19,9:30:30.360172890,T,TGT,I,75,86.51
2025-11-19,9:30:30.360172890,T,TGT,I,38,86.51
2025-11-19,9:30:30.370794260,T,TGT,I,18,86.51
2025-11-19,9:30:30.370794260,T,TGT,I,95,86.51
2025-11-19,9:30:30.371341464,T,TGT,I,13,86.5
2025-11-19,9:30:30.371341464,T,TGT,,100,86.5
2025-11-19,9:30:30.376486636,T,TGT,,100,86.31
2025-11-19,9:30:30.419501172,T,TGT,F I,61,86.35
2025-11-19,9:30:30.681713838,T,TGT,,100,86.46
2025-11-19,9:30:30.681737941,T,TGT,F I,75,86.46
2025-11-19,9:30:30.681780031,T,TGT,F I,25,86.46
2025-11-19,9:30:30.834853764,T,TGT,I,31,86.575
2025-11-19,9:30:30.943532681,T,TGT,I,74,86.43
2025-11-19,9:30:31.483736565,T,TGT,I,61,86.47
2025-11-19,9:30:31.483791695,T,TGT,I,39,86.47
2025-11-19,9:30:31.483791695,T,TGT,I,1,86.42
2025-11-19,9:30:31.483793636,T,TGT,I,62,86.4
2025-11-19,9:30:31.983713713,T,TGT,I,51,86.44
2025-11-19,9:30:31.984068490,T,TGT,I,60,86.39
2025-11-19,9:30:31.984071494,T,TGT,I,60,86.39
2025-11-19,9:30:31.986456156,T,TGT,F I,75,86.36
2025-11-19,9:30:32.335290282,T,TGT,,100,86.27
2025-11-19,9:30:32.335290282,T,TGT,,100,86.24
2025-11-19,9:30:32.335293386,T,TGT,I,13,86.23
2025-11-19,9:30:32.335297169,T,TGT,,100,86.23
2025-11-19,9:30:32.335311329,T,TGT,F,200,86.23
2025-11-19,9:30:32.335360039,T,TGT,F,100,86.23
2025-11-19,9:30:32.335404544,T,TGT,I,60,86.21
2025-11-19,9:30:32.336366738,T,TGT,I,40,86.21
2025-11-19,9:30:32.336369996,T,TGT,I,6,86.21
2025-11-19,9:30:32.336369996,T,TGT,I,40,86.21
2025-11-19,9:30:32.336381793,T,TGT,I,24,86.21
2025-11-19,9:30:32.336381793,T,TGT,I,6,86.2
2025-11-19,9:30:32.556584447,T,TGT,,100,86.12
2025-11-19,9:30:32.556584447,T,TGT,,140,86.12
2025-11-19,9:30:32.669750538,T,TGT,I,70,86.32
2025-11-19,9:30:32.669753580,T,TGT,I,30,86.34
2025-11-19,9:30:32.670036363,T,TGT,F,100,86.35
2025-11-19,9:30:32.670036363,T,TGT,F I,34,86.32
2025-11-19,9:30:32.670038820,T,TGT,F,157,86.3
2025-11-19,9:30:32.670063579,T,TGT,,120,86.3
2025-11-19,9:30:32.670080782,T,TGT,I,1,86.3
2025-11-19,9:30:32.670246305,T,TGT,I,98,86.3
2025-11-19,9:30:33.255332060,T,TGT,I,70,86.16
2025-11-19,9:30:33.255332060,T,TGT,I,68,86.13
2025-11-19,9:30:33.255512495,T,TGT,I,15,86.23
2025-11-19,9:30:34.782845230,T,TGT,I,34,86.32
2025-11-19,9:30:34.782848208,T,TGT,I,66,86.36
2025-11-19,9:30:34.783437541,T,TGT,F,100,86.39
2025-11-19,9:30:34.783437541,T,TGT,F I,32,86.4
2025-11-19,9:30:34.783464694,T,TGT,,100,86.4
2025-11-19,9:30:34.783482653,T,TGT,F I,18,86.4
2025-11-19,9:30:34.783611982,T,TGT,,100,86.39
2025-11-19,9:30:34.783909716,T,TGT,F I,32,86.4
2025-11-19,9:30:34.783912713,T,TGT,F,100,86.4
2025-11-19,9:30:34.783970010,T,TGT,I,87,86.35
2025-11-19,9:30:34.784315687,T,TGT,I,33,86.32
2025-11-19,9:30:34.784318751,T,TGT,I,27,86.32
2025-11-19,9:30:34.784583317,T,TGT,I,60,86.31
2025-11-19,9:30:34.784667690,T,TGT,I,16,86.31
2025-11-19,9:30:34.784818249,T,TGT,F I,16,86.31
2025-11-19,9:30:34.784881918,T,TGT,F I,8,86.31
2025-11-19,9:30:34.784884148,T,TGT,F I,8,86.27
2025-11-19,9:30:34.784890095,T,TGT,F I,8,86.27
2025-11-19,9:30:34.785909451,T,TGT,I,9,86.24
2025-11-19,9:30:34.785918540,T,TGT,I,7,86.24
2025-11-19,9:30:34.785921497,T,TGT,I,16,86.24
2025-11-19,9:30:35.047395240,T,TGT,,144,86.25
2025-11-19,9:30:35.047395240,T,TGT,I,34,86.25
2025-11-19,9:30:35.047397405,T,TGT,,135,86.26
2025-11-19,9:30:35.047890627,T,TGT,I,12,86.26
2025-11-19,9:30:35.048134189,T,TGT,I,88,86.26
2025-11-19,9:30:35.126179232,T,TGT,,100,86.2
2025-11-19,9:30:35.126182183,T,TGT,I,20,86.2
2025-11-19,9:30:35.290583836,T,TGT,I,84,86.14
2025-11-19,9:30:36.021002917,T,TGT,I,30,86.38
2025-11-19,9:30:36.798721766,T,TGT,I,1,86.22
2025-11-19,9:30:36.798725116,T,TGT,I,34,86.21
2025-11-19,9:30:36.798725116,T,TGT,I,31,86.21
2025-11-19,9:30:36.798788152,T,TGT,I,69,86.21
2025-11-19,9:30:36.798793926,T,TGT,,100,86.2
2025-11-19,9:30:36.798793926,T,TGT,I,34,86.2
2025-11-19,9:30:36.798796922,T,TGT,I,97,86.19
2025-11-19,9:30:36.798808914,T,TGT,I,1,86.19
2025-11-19,9:30:36.798835982,T,TGT,,180,86.19
2025-11-19,9:30:36.798854058,T,TGT,F I,22,86.19
2025-11-19,9:30:36.798953271,T,TGT,,100,86.19
2025-11-19,9:30:36.799229896,T,TGT,I,30,86.2
2025-11-19,9:30:36.869639760,T,TGT,I,11,86.285
2025-11-19,9:30:36.884768689,T,TGT,F I,70,86.24
2025-11-19,9:30:36.884772001,T,TGT,F,100,86.2
2025-11-19,9:30:36.884774767,T,TGT,F I,75,86.2
2025-11-19,9:30:36.884774767,T,TGT,F,130,86.19
2025-11-19,9:30:36.884861939,T,TGT,I,93,86.28
2025-11-19,9:30:36.884961193,T,TGT,F I,15,86.28
2025-11-19,9:30:36.884964623,T,TGT,F I,5,86.28
2025-11-19,9:30:36.884967164,T,TGT,F I,1,86.28
2025-11-19,9:30:36.884970217,T,TGT,F I,1,86.28
2025-11-19,9:30:36.885051352,T,TGT,,100,86.28
2025-11-19,9:30:36.885072416,T,TGT,,241,86.28
2025-11-19,9:30:36.885096561,T,TGT,F I,37,86.28
2025-11-19,9:30:36.885096561,T,TGT,F I,93,86.28
2025-11-19,9:30:36.885231779,T,TGT,F I,37,86.28
2025-11-19,9:30:36.885884330,T,TGT,I,25,86.28
2025-11-19,9:30:37.252460687,T,TGT,I,70,86.22
2025-11-19,9:30:37.252463733,T,TGT,I,70,86.19
2025-11-19,9:30:37.252815907,T,TGT,,100,86.19
2025-11-19,9:30:37.252967645,T,TGT,,100,86.16
2025-11-19,9:30:37.252967645,T,TGT,I,13,86.15
2025-11-19,9:30:37.252968940,T,TGT,,271,86.15
2025-11-19,9:30:37.252972534,T,TGT,,129,86.15
2025-11-19,9:30:37.253011061,T,TGT,F I,75,86.19
2025-11-19,9:30:37.253107263,T,TGT,F I,13,86.15
2025-11-19,9:30:37.253814245,T,TGT,I,13,86.19
2025-11-19,9:30:37.253816974,T,TGT,I,12,86.19
2025-11-19,9:30:37.253892110,T,TGT,,100,86.19
2025-11-19,9:30:37.253934222,T,TGT,F I,1,86.19
2025-11-19,9:30:37.253958296,T,TGT,F I,1,86.19
2025-11-19,9:30:37.253961352,T,TGT,I,1,86.19
2025-11-19,9:30:37.253964327,T,TGT,I,1,86.19
2025-11-19,9:30:37.253970245,T,TGT,F I,1,86.19
2025-11-19,9:30:37.253976311,T,TGT,F I,1,86.19
2025-11-19,9:30:37.253976311,T,TGT,F I,4,86.19
2025-11-19,9:30:37.305708510,T,TGT,,199,86.13
2025-11-19,9:30:37.355492203,T,TGT,I,10,86.19
2025-11-19,9:30:37.355543292,T,TGT,,100,86.19
2025-11-19,9:30:37.559296677,T,TGT,I,1,86.11
2025-11-19,9:30:37.559408281,T,TGT,F I,1,86.11
2025-11-19,9:30:37.586213866,T,TGT,,148,86.11
2025-11-19,9:30:37.586213866,T,TGT,I,53,86.11
2025-11-19,9:30:37.655324566,T,TGT,F I,47,86.11
2025-11-19,9:30:37.655328170,T,TGT,F I,1,86.1
2025-11-19,9:30:37.655330527,T,TGT,F,100,86.1
2025-11-19,9:30:37.655330527,T,TGT,F,100,86.1
2025-11-19,9:30:37.863387180,T,TGT,F I,75,86.13
2025-11-19,9:30:37.863432220,T,TGT,F I,75,86.13
2025-11-19,9:30:37.863465316,T,TGT,F I,75,86.13
2025-11-19,9:30:37.863507507,T,TGT,F I,75,86.13
2025-11-19,9:30:37.966571931,T,TGT,F I,75,86.13
2025-11-19,9:30:37.994830333,T,TGT,,225,86.13
2025-11-19,9:30:38.559638930,T,TGT,,200,86.14
2025-11-19,9:30:38.605419950,T,TGT,I,25,86.05
2025-11-19,9:30:38.605419950,T,TGT,I,54,86.03
2025-11-19,9:30:38.891867645,T,TGT,,100,86.02
2025-11-19,9:30:38.891867645,T,TGT,I,80,86.02
2025-11-19,9:30:38.891870392,T,TGT,I,20,86.02
2025-11-19,9:30:38.892093041,T,TGT,F,1000,86.0
2025-11-19,9:30:38.892099934,T,TGT,F I,10,86.0
2025-11-19,9:30:38.892102859,T,TGT,F I,1,86.0
2025-11-19,9:30:38.892108268,T,TGT,F,100,86.0
2025-11-19,9:30:38.892111257,T,TGT,F I,1,86.0
2025-11-19,9:30:38.892114920,T,TGT,F I,1,86.0
2025-11-19,9:30:38.892120635,T,TGT,F I,1,86.0
2025-11-19,9:30:38.892120635,T,TGT,F I,1,86.0
2025-11-19,9:30:38.892124262,T,TGT,F I,10,86.0
2025-11-19,9:30:38.892129021,T,TGT,F I,15,86.0
2025-11-19,9:30:38.892132487,T,TGT,F I,1,86.0
2025-11-19,9:30:38.892134951,T,TGT,F I,1,86.0
2025-11-19,9:30:38.892138861,T,TGT,F I,1,86.0
2025-11-19,9:30:38.892148636,T,TGT,F I,5,86.0
2025-11-19,9:30:38.892153822,T,TGT,F I,1,86.0
2025-11-19,9:30:38.892159150,T,TGT,F I,1,86.0
2025-11-19,9:30:38.892159150,T,TGT,F I,1,86.0
2025-11-19,9:30:38.892163537,T,TGT,F,100,86.0
2025-11-19,9:30:38.892168889,T,TGT,F I,2,86.0
2025-11-19,9:30:38.892833292,T,TGT,I,25,85.99
2025-11-19,9:30:38.892835716,T,TGT,,125,85.99
2025-11-19,9:30:38.892842011,T,TGT,I,62,85.99
2025-11-19,9:30:38.892845302,T,TGT,F,213,85.99
2025-11-19,9:30:38.892847685,T,TGT,F,100,85.99
2025-11-19,9:30:38.893388943,T,TGT,I,14,85.99
2025-11-19,9:30:38.893398047,T,TGT,F I,44,85.99
2025-11-19,9:30:38.893410090,T,TGT,F,142,85.99
2025-11-19,9:30:38.906292716,T,TGT,I,60,85.985
2025-11-19,9:30:38.959375213,T,TGT,,200,86.02
2025-11-19,9:30:39.585662247,T,TGT,I,25,85.99
2025-11-19,9:30:39.585665401,T,TGT,I,34,85.97
2025-11-19,9:30:39.585665401,T,TGT,I,34,85.97
2025-11-19,9:30:39.585668225,T,TGT,I,7,85.96
2025-11-19,9:30:39.996564177,T,TGT,,100,86.07
2025-11-19,9:30:40.733695246,T,TGT,I,25,85.93
2025-11-19,9:30:40.733698232,T,TGT,,100,85.92
2025-11-19,9:30:40.733704240,T,TGT,I,25,85.9
2025-11-19,9:30:40.733800475,T,TGT,,100,85.89
2025-11-19,9:30:40.733827615,T,TGT,F I,25,85.93
2025-11-19,9:30:40.733890765,T,TGT,F I,25,85.89
2025-11-19,9:30:40.733956838,T,TGT,,120,85.89
2025-11-19,9:30:41.045505035,T,TGT,I,70,86.06
2025-11-19,9:30:41.045508116,T,TGT,I,34,86.08
2025-11-19,9:30:41.045511427,T,TGT,I,34,86.1
2025-11-19,9:30:41.045511427,T,TGT,,100,86.11
2025-11-19,9:30:41.045514072,T,TGT,I,10,86.12
2025-11-19,9:30:42.203585588,T,TGT,F I,13,86.18
2025-11-19,9:30:42.203588085,T,TGT,F I,34,86.18
2025-11-19,9:30:42.205377298,T,TGT,I,60,86.14
2025-11-19,9:30:42.528238523,T,TGT,F,101,86.25
2025-11-19,9:30:42.528259529,T,TGT,I,1,86.25
2025-11-19,9:30:42.528744269,T,TGT,F,159,86.25
2025-11-19,9:30:42.528744269,T,TGT,F I,41,86.25
2025-11-19,9:30:42.528788768,T,TGT,,100,86.25
2025-11-19,9:30:42.528794865,T,TGT,F I,6,86.25
2025-11-19,9:30:42.528830942,T,TGT,,100,86.25
2025-11-19,9:30:42.528833875,T,TGT,I,23,86.25
2025-11-19,9:30:42.528897309,T,TGT,,130,86.21
2025-11-19,9:30:42.543022111,T,TGT,I,15,86.185
2025-11-19,9:30:42.543024770,T,TGT,I,13,86.12
2025-11-19,9:30:42.644970631,T,TGT,I,25,86.21
2025-11-19,9:30:42.644970631,T,TGT,I,70,86.23
2025-11-19,9:30:42.644973717,T,TGT,,369,86.25
2025-11-19,9:30:42.644976586,T,TGT,I,10,86.25
2025-11-19,9:30:42.644976586,T,TGT,I,30,86.25
2025-11-19,9:30:42.645608097,T,TGT,,100,86.24
2025-11-19,9:30:42.645740435,T,TGT,,100,86.25
2025-11-19,9:30:43.076841438,T,TGT,I,70,86.22
2025-11-19,9:30:43.076841438,T,TGT,I,2,86.24
2025-11-19,9:30:43.076898623,T,TGT,I,12,86.21
2025-11-19,9:30:43.077533064,T,TGT,I,5,86.25
2025-11-19,9:30:43.077593927,T,TGT,F I,2,86.26
2025-11-19,9:30:43.078243201,T,TGT,I,98,86.26
2025-11-19,9:30:43.078243201,T,TGT,I,10,86.26
2025-11-19,9:30:43.078246272,T,TGT,I,13,86.26
2025-11-19,9:30:43.078248809,T,TGT,,100,86.26
2025-11-19,9:30:43.078576648,T,TGT,I,33,86.17
2025-11-19,9:30:43.078576648,T,TGT,I,13,86.15
2025-11-19,9:30:43.078919862,T,TGT,I,13,86.21
2025-11-19,9:30:43.078919862,T,TGT,I,13,86.22
2025-11-19,9:30:43.078922438,T,TGT,I,74,86.22
2025-11-19,9:30:43.078940468,T,TGT,,100,86.21
2025-11-19,9:30:43.078947108,T,TGT,,100,86.21
2025-11-19,9:30:43.079156928,T,TGT,I,71,86.17
2025-11-19,9:30:43.079160045,T,TGT,,100,86.17
2025-11-19,9:30:43.079283299,T,TGT,,100,86.15
2025-11-19,9:30:43.079457814,T,TGT,I,33,86.13
2025-11-19,9:30:43.079457814,T,TGT,I,13,86.13
2025-11-19,9:30:43.079827639,T,TGT,I,2,86.18
2025-11-19,9:30:43.079852317,T,TGT,I,1,86.18
2025-11-19,9:30:43.080892163,T,TGT,F,100,86.22
2025-11-19,9:30:43.637545246,T,TGT,F I,66,86.29
2025-11-19,9:30:43.637545246,T,TGT,F I,34,86.3
2025-11-19,9:30:43.637563364,T,TGT,I,66,86.3
2025-11-19,9:30:44.992801938,T,TGT,I,25,86.35
2025-11-19,9:30:44.992804939,T,TGT,I,36,86.37
2025-11-19,9:30:44.993304289,T,TGT,F,100,86.38
2025-11-19,9:30:44.993313242,T,TGT,F I,28,86.4
2025-11-19,9:30:44.993325286,T,TGT,F,100,86.39
2025-11-19,9:30:44.993346674,T,TGT,F I,72,86.4
2025-11-19,9:30:44.993346674,T,TGT,F I,15,86.43
2025-11-19,9:30:44.993349301,T,TGT,F I,13,86.43
2025-11-19,9:30:44.993418421,T,TGT,I,40,86.36
2025-11-19,9:30:44.993421618,T,TGT,I,34,86.36
2025-11-19,9:30:44.993421618,T,TGT,I,26,86.35
2025-11-19,9:30:44.993473010,T,TGT,F I,40,86.43
2025-11-19,9:30:44.993473010,T,TGT,F I,34,86.44
2025-11-19,9:30:44.993574868,T,TGT,I,93,86.38
2025-11-19,9:30:44.993695163,T,TGT,I,32,86.35
2025-11-19,9:30:44.993839471,T,TGT,I,12,86.36
2025-11-19,9:30:44.994023244,T,TGT,F I,12,86.39
2025-11-19,9:30:44.994029210,T,TGT,I,12,86.39
2025-11-19,9:30:44.994032172,T,TGT,I,12,86.35
2025-11-19,9:30:44.994032172,T,TGT,I,20,86.34
2025-11-19,9:30:44.994046958,T,TGT,F I,93,86.39
2025-11-19,9:30:44.994095024,T,TGT,I,12,86.35
2025-11-19,9:30:46.460617016,T,TGT,I,75,86.575
2025-11-19,9:30:48.222349072,T,TGT,I,2,86.39
2025-11-19,9:30:48.222373192,T,TGT,F I,1,86.39
2025-11-19,9:30:48.222400163,T,TGT,I,1,86.39
2025-11-19,9:30:48.222400163,T,TGT,I,1,86.39
2025-11-19,9:30:48.222415072,T,TGT,I,1,86.39
2025-11-19,9:30:48.222427110,T,TGT,,100,86.39
2025-11-19,9:30:48.222445639,T,TGT,F I,25,86.39
2025-11-19,9:30:48.222472265,T,TGT,F I,20,86.39
2025-11-19,9:30:48.252174045,T,TGT,I,70,86.39
2025-11-19,9:30:48.252315295,T,TGT,,157,86.39
2025-11-19,9:30:49.341501132,T,TGT,F I,34,86.42
2025-11-19,9:30:49.341501132,T,TGT,F I,70,86.43
2025-11-19,9:30:49.341504143,T,TGT,F I,25,86.45
2025-11-19,9:30:49.341507930,T,TGT,F I,34,86.48
2025-11-19,9:30:49.341507930,T,TGT,F I,34,86.5
2025-11-19,9:30:49.341510201,T,TGT,F I,34,86.5
2025-11-19,9:30:49.341513900,T,TGT,F I,34,86.52
2025-11-19,9:30:49.341513900,T,TGT,F I,34,86.53
2025-11-19,9:30:49.341516810,T,TGT,F,100,86.53
2025-11-19,9:30:49.341516810,T,TGT,F I,51,86.55
2025-11-19,9:30:49.548291742,T,TGT,,100,86.32
2025-11-19,9:30:49.548291742,T,TGT,I,7,86.27
2025-11-19,9:30:49.548481217,T,TGT,F I,99,86.27
2025-11-19,9:30:52.659951903,T,TGT,,120,86.27
2025-11-19,9:30:52.659991095,T,TGT,F I,12,86.27
2025-11-19,9:30:52.660045089,T,TGT,F,149,86.27
2025-11-19,9:30:52.660496260,T,TGT,,100,86.27
2025-11-19,9:30:52.660592427,T,TGT,,100,86.27
2025-11-19,9:30:52.660640502,T,TGT,,100,86.27
2025-11-19,9:30:52.660668016,T,TGT,I,52,86.27
2025-11-19,9:30:52.660682619,T,TGT,F I,5,86.27
2025-11-19,9:30:52.660727767,T,TGT,I,6,86.27
2025-11-19,9:30:52.660727767,T,TGT,I,5,86.26
2025-11-19,9:30:52.660794568,T,TGT,F,100,86.25
2025-11-19,9:30:52.660794568,T,TGT,F,100,86.25
2025-11-19,9:30:52.660796893,T,TGT,F,100,86.25
2025-11-19,9:30:52.661031473,T,TGT,I,22,86.13
2025-11-19,9:30:52.661160849,T,TGT,F I,25,86.25
2025-11-19,9:30:52.661160849,T,TGT,F I,75,86.26
2025-11-19,9:30:52.661178929,T,TGT,I,1,86.26
2025-11-19,9:30:52.661347189,T,TGT,F I,24,86.26
2025-11-19,9:30:52.661446468,T,TGT,I,18,86.25
2025-11-19,9:30:52.940535322,T,TGT,F I,75,86.25
2025-11-19,9:30:52.940550426,T,TGT,I,1,86.25
2025-11-19,9:30:52.940562790,T,TGT,F,124,86.25
2025-11-19,9:30:52.940565395,T,TGT,F I,1,86.25
2025-11-19,9:30:52.940577500,T,TGT,F I,33,86.25
2025-11-19,9:30:52.984341057,T,TGT,I,70,86.26
2025-11-19,9:30:52.984341057,T,TGT,I,25,86.29
2025-11-19,9:30:52.984343859,T,TGT,I,34,86.32
2025-11-19,9:30:52.984346765,T,TGT,I,44,86.33
2025-11-19,9:30:52.985071437,T,TGT,I,34,86.35
2025-11-19,9:30:53.038914689,T,TGT,I,96,86.28
2025-11-19,9:30:53.217104229,T,TGT,I,34,86.25
2025-11-19,9:30:53.217107726,T,TGT,I,25,86.21
2025-11-19,9:30:53.217110473,T,TGT,I,34,86.18
2025-11-19,9:30:53.217110473,T,TGT,I,7,86.16
2025-11-19,9:30:53.217134269,T,TGT,I,71,86.16
2025-11-19,9:30:53.217792841,T,TGT,F I,34,86.12
2025-11-19,9:30:53.217792841,T,TGT,F I,1,86.12
2025-11-19,9:30:53.222316060,T,TGT,F I,1,86.12
2025-11-19,9:30:53.222319241,T,TGT,F I,1,86.12
2025-11-19,9:30:53.222366759,T,TGT,I,60,86.12
2025-11-19,9:30:53.222370008,T,TGT,I,40,86.12
2025-11-19,9:30:53.222372786,T,TGT,I,60,86.12
2025-11-19,9:30:53.222511126,T,TGT,I,40,86.11
2025-11-19,9:30:53.222781822,T,TGT,F,100,86.15
2025-11-19,9:30:54.550387962,T,TGT,,100,86.23
2025-11-19,9:30:54.550387962,T,TGT,I,64,86.24
2025-11-19,9:30:54.550573990,T,TGT,F I,31,86.24
2025-11-19,9:30:54.550703344,T,TGT,I,31,86.25
2025-11-19,9:30:54.550938052,T,TGT,I,25,86.29
2025-11-19,9:30:54.550938052,T,TGT,I,33,86.25
2025-11-19,9:30:55.540566024,T,TGT,F I,70,86.17
2025-11-19,9:30:55.540566024,T,TGT,F I,30,86.13
2025-11-19,9:30:58.777708842,T,TGT,,100,86.26
2025-11-19,9:30:58.777708842,T,TGT,I,11,86.26
2025-11-19,9:30:58.777711526,T,TGT,I,1,86.26
2025-11-19,9:30:58.777727400,T,TGT,I,1,86.25
2025-11-19,9:30:58.777727400,T,TGT,I,69,86.25
2025-11-19,9:30:58.777750642,T,TGT,F I,31,86.26
2025-11-19,9:31:00.137058076,T,TGT,F I,75,86.28
2025-11-19,9:31:00.137106167,T,TGT,F I,25,86.28
2025-11-19,9:31:00.137106167,T,TGT,F I,50,86.28
2025-11-19,9:31:00.137148164,T,TGT,F I,20,86.28
2025-11-19,9:31:01.436207021,T,TGT,I,28,86.17
2025-11-19,9:31:02.515526329,T,TGT,F I,2,86.19
2025-11-19,9:31:03.318932320,T,TGT,I,60,86.22
2025-11-19,9:31:03.318932320,T,TGT,,100,86.26
2025-11-19,9:31:03.318935668,T,TGT,I,12,86.26
2025-11-19,9:31:03.318935668,T,TGT,I,5,86.26
2025-11-19,9:31:03.319804432,T,TGT,,200,86.22
2025-11-19,9:31:03.319804432,T,TGT,I,25,86.25
2025-11-19,9:31:03.320011877,T,TGT,I,17,86.18
2025-11-19,9:31:03.586837605,T,TGT,F I,11,86.35
2025-11-19,9:31:03.586840804,T,TGT,F I,13,86.35
2025-11-19,9:31:03.586840804,T,TGT,F I,1,86.35
2025-11-19,9:31:03.586843993,T,TGT,F,100,86.39
2025-11-19,9:31:03.586843993,T,TGT,F I,13,86.39
2025-11-19,9:31:03.586897748,T,TGT,F I,1,86.4
2025-11-19,9:31:03.586901115,T,TGT,F,190,86.4
2025-11-19,9:31:03.587060175,T,TGT,F,307,86.4
2025-11-19,9:31:03.587087156,T,TGT,I,34,86.32
2025-11-19,9:31:03.587087156,T,TGT,I,34,86.31
2025-11-19,9:31:03.587090218,T,TGT,,127,86.31
2025-11-19,9:31:03.587255951,T,TGT,F I,2,86.4
2025-11-19,9:31:03.587255951,T,TGT,F I,13,86.4
2025-11-19,9:31:03.587418432,T,TGT,I,1,86.35
2025-11-19,9:31:03.587421420,T,TGT,I,83,86.35
2025-11-19,9:31:03.587424003,T,TGT,I,16,86.34
2025-11-19,9:31:03.587574393,T,TGT,I,14,86.39
2025-11-19,9:31:03.587710038,T,TGT,I,84,86.34
2025-11-19,9:31:03.587710038,T,TGT,I,13,86.34
2025-11-19,9:31:03.587710038,T,TGT,I,97,86.34
2025-11-19,9:31:03.587727696,T,TGT,I,1,86.34
2025-11-19,9:31:03.587734458,T,TGT,I,16,86.34
2025-11-19,9:31:03.587734458,T,TGT,F I,59,86.34
2025-11-19,9:31:03.587739685,T,TGT,F I,10,86.34
2025-11-19,9:31:03.587760840,T,TGT,F I,14,86.34
2025-11-19,9:31:03.587760840,T,TGT,F I,11,86.34
2025-11-19,9:31:03.587763750,T,TGT,I,14,86.34
2025-11-19,9:31:03.587773764,T,TGT,F I,24,86.34
2025-11-19,9:31:03.587778840,T,TGT,F I,51,86.34
2025-11-19,9:31:03.587782245,T,TGT,F I,49,86.34
2025-11-19,9:31:03.587796847,T,TGT,F I,20,86.34
2025-11-19,9:31:03.587796847,T,TGT,F I,80,86.39
2025-11-19,9:31:03.587820906,T,TGT,F I,20,86.39
2025-11-19,9:31:04.629199395,T,TGT,F I,34,86.37
2025-11-19,9:31:04.629201856,T,TGT,F I,34,86.38
2025-11-19,9:31:05.893747529,T,TGT,I,75,86.26
2025-11-19,9:31:05.901566435,T,TGT,F I,11,86.3
2025-11-19,9:31:05.911992035,T,TGT,I,10,86.32
2025-11-19,9:31:08.353893515,T,TGT,F I,34,86.29
2025-11-19,9:31:08.467585823,T,TGT,I,34,86.29
2025-11-19,9:31:08.467588376,T,TGT,I,66,86.26
2025-11-19,9:31:08.467657507,T,TGT,I,45,86.26
2025-11-19,9:31:08.468595781,T,TGT,F I,34,86.255
2025-11-19,9:31:08.468625809,T,TGT,F I,25,86.255
2025-11-19,9:31:08.539895637,T,TGT,F I,75,86.43
2025-11-19,9:31:08.539910649,T,TGT,F I,25,86.43
2025-11-19,9:31:08.539917049,T,TGT,I,35,86.46
2025-11-19,9:31:08.539920301,T,TGT,I,11,86.47
2025-11-19,9:31:08.539922761,T,TGT,I,10,86.47
2025-11-19,9:31:08.540021846,T,TGT,I,34,86.46
2025-11-19,9:31:08.540786328,T,TGT,I,1,86.46
2025-11-19,9:31:08.540788712,T,TGT,I,45,86.44
2025-11-19,9:31:08.540812761,T,TGT,F I,1,86.48
2025-11-19,9:31:08.540867039,T,TGT,I,1,86.48
2025-11-19,9:31:08.540867039,T,TGT,I,1,86.48
2025-11-19,9:31:08.540887994,T,TGT,F I,1,86.48
2025-11-19,9:31:08.540960091,T,TGT,F I,1,86.48
2025-11-19,9:31:08.541242815,T,TGT,F I,1,86.48
2025-11-19,9:31:08.565465508,T,TGT,I,27,86.56
2025-11-19,9:31:08.565487963,T,TGT,F I,73,86.56
2025-11-19,9:31:08.565489719,T,TGT,F I,79,86.56
2025-11-19,9:31:08.565495580,T,TGT,F,100,86.56
2025-11-19,9:31:12.552916828,T,TGT,,300,86.44
2025-11-19,9:31:12.555659291,T,TGT,F I,70,86.54
2025-11-19,9:31:12.556050276,T,TGT,F,164,86.54
2025-11-19,9:31:12.556847135,T,TGT,F I,10,86.54
2025-11-19,9:31:12.757710717,T,TGT,I,60,86.65
2025-11-19,9:31:12.848684586,T,TGT,,100,86.6
2025-11-19,9:31:12.848686611,T,TGT,I,63,86.69
2025-11-19,9:31:12.848689479,T,TGT,I,20,86.69
2025-11-19,9:31:12.848710441,T,TGT,F I,98,86.7
2025-11-19,9:31:13.117574960,T,TGT,,169,86.73
2025-11-19,9:31:13.200641903,T,TGT,,100,86.74
2025-11-19,9:31:15.138930656,T,TGT,I,13,86.72
2025-11-19,9:31:18.361837561,T,TGT,I,16,86.615
2025-11-19,9:31:19.951692225,T,TGT,F I,10,86.54
2025-11-19,9:31:19.953671263,T,TGT,F I,1,86.48
2025-11-19,9:31:19.953674063,T,TGT,F,199,86.46
2025-11-19,9:31:19.953719074,T,TGT,F I,1,86.46
2025-11-19,9:31:19.954037793,T,TGT,F I,12,86.46
2025-11-19,9:31:19.954082883,T,TGT,F I,75,86.46
2025-11-19,9:31:19.954311489,T,TGT,F I,17,86.46
2025-11-19,9:31:19.954311489,T,TGT,F I,17,86.46
2025-11-19,9:31:19.954353542,T,TGT,F,302,86.46
2025-11-19,9:31:19.954377593,T,TGT,F,201,86.46
2025-11-19,9:31:19.954431737,T,TGT,F I,12,86.46
2025-11-19,9:31:19.954492506,T,TGT,F I,17,86.46
2025-11-19,9:31:19.954497980,T,TGT,F I,17,86.46
2025-11-19,9:31:19.954506966,T,TGT,F I,75,86.46
2025-11-19,9:31:19.954537118,T,TGT,F,770,86.46
2025-11-19,9:31:19.954570221,T,TGT,F I,6,86.46
2025-11-19,9:31:19.954573044,T,TGT,F I,25,86.46
2025-11-19,9:31:19.954573044,T,TGT,F I,44,86.46
2025-11-19,9:31:19.954582133,T,TGT,F I,56,86.46
2025-11-19,9:31:19.955234634,T,TGT,F I,1,86.46
2025-11-19,9:31:19.955261712,T,TGT,F I,7,86.46
2025-11-19,9:31:19.955261712,T,TGT,I,1,86.46
2025-11-19,9:31:19.955282734,T,TGT,F I,50,86.5
2025-11-19,9:31:19.955292381,T,TGT,I,70,86.48
2025-11-19,9:31:19.955294770,T,TGT,I,39,86.46
2025-11-19,9:31:19.955394646,T,TGT,F I,12,86.54
2025-11-19,9:31:19.955433276,T,TGT,F I,17,86.55
2025-11-19,9:31:19.958375433,T,TGT,F I,70,86.55
2025-11-19,9:31:19.958377180,T,TGT,F I,50,86.54
2025-11-19,9:31:19.958380190,T,TGT,F,283,86.54
2025-11-19,9:31:19.958413276,T,TGT,F I,70,86.54
2025-11-19,9:31:20.731485957,T,TGT,I,25,86.65
2025-11-19,9:31:20.731485957,T,TGT,I,90,86.65
2025-11-19,9:31:20.792179685,T,TGT,,115,86.67
2025-11-19,9:31:20.792239702,T,TGT,F I,2,86.67
2025-11-19,9:31:20.792246010,T,TGT,I,98,86.67
2025-11-19,9:31:21.080178711,T,TGT,I,70,86.72
2025-11-19,9:31:21.080181717,T,TGT,I,5,86.74
2025-11-19,9:31:21.080199760,T,TGT,F,100,86.75
2025-11-19,9:31:21.080223816,T,TGT,F,100,86.76
2025-11-19,9:31:21.080280992,T,TGT,I,25,86.73
2025-11-19,9:31:21.080280992,T,TGT,I,36,86.73
2025-11-19,9:31:21.080283892,T,TGT,I,39,86.71
2025-11-19,9:31:21.080470345,T,TGT,I,61,86.71
2025-11-19,9:31:21.080611660,T,TGT,F,180,86.71
2025-11-19,9:31:21.080680932,T,TGT,I,15,86.71
2025-11-19,9:31:21.080999759,T,TGT,,100,86.66
2025-11-19,9:31:21.081003043,T,TGT,I,25,86.66
2025-11-19,9:31:21.081003043,T,TGT,I,13,86.66
2025-11-19,9:31:21.081258196,T,TGT,I,37,86.7
2025-11-19,9:31:21.081808490,T,TGT,I,29,86.65
2025-11-19,9:31:21.082003986,T,TGT,,209,86.63
2025-11-19,9:31:21.082133297,T,TGT,I,13,86.68
2025-11-19,9:31:21.082190398,T,TGT,I,37,86.64
2025-11-19,9:31:21.082289640,T,TGT,I,13,86.61
2025-11-19,9:31:21.082578361,T,TGT,F I,11,86.64
2025-11-19,9:31:21.082590437,T,TGT,F I,11,86.64
2025-11-19,9:31:21.082608396,T,TGT,F I,13,86.64
2025-11-19,9:31:21.082642010,T,TGT,F I,13,86.64
2025-11-19,9:31:21.082644582,T,TGT,F I,29,86.64
2025-11-19,9:31:21.082716675,T,TGT,I,37,86.63
2025-11-19,9:31:21.082761754,T,TGT,F I,37,86.64
2025-11-19,9:31:21.083143691,T,TGT,I,12,86.6
2025-11-19,9:31:21.083149764,T,TGT,I,12,86.6
2025-11-19,9:31:21.083681990,T,TGT,I,13,86.58
2025-11-19,9:31:21.083763726,T,TGT,I,37,86.62
2025-11-19,9:31:21.083787299,T,TGT,I,13,86.58
2025-11-19,9:31:21.083862422,T,TGT,I,15,86.6
2025-11-19,9:31:21.083994764,T,TGT,I,38,86.6
2025-11-19,9:31:21.084033980,T,TGT,I,13,86.64
2025-11-19,9:31:21.084073645,T,TGT,I,47,86.6
2025-11-19,9:31:21.084073645,T,TGT,I,47,86.6
2025-11-19,9:31:21.084075905,T,TGT,I,8,86.6
2025-11-19,9:31:21.084142053,T,TGT,,100,86.63
2025-11-19,9:31:21.084147218,T,TGT,I,6,86.65
2025-11-19,9:31:21.084211376,T,TGT,,100,86.61
2025-11-19,9:31:21.084340601,T,TGT,I,22,86.62
2025-11-19,9:31:21.084452573,T,TGT,F I,12,86.57
2025-11-19,9:31:21.084454820,T,TGT,F I,13,86.57
2025-11-19,9:31:21.084551101,T,TGT,I,13,86.59
2025-11-19,9:31:21.084806671,T,TGT,I,17,86.62
2025-11-19,9:31:21.084806671,T,TGT,I,30,86.64
2025-11-19,9:31:21.084866855,T,TGT,I,13,86.57
2025-11-19,9:31:21.084932934,T,TGT,I,50,86.6
2025-11-19,9:31:21.085371985,T,TGT,F I,94,86.6
2025-11-19,9:31:21.085393037,T,TGT,I,1,86.6
2025-11-19,9:31:21.085441235,T,TGT,I,13,86.57
2025-11-19,9:31:21.085462719,T,TGT,I,5,86.6
2025-11-19,9:31:21.085462719,T,TGT,I,50,86.6
2025-11-19,9:31:21.085465621,T,TGT,I,45,86.61
2025-11-19,9:31:21.085492258,T,TGT,I,60,86.55
2025-11-19,9:31:21.085531389,T,TGT,I,13,86.57
2025-11-19,9:31:21.085591514,T,TGT,I,8,86.58
2025-11-19,9:31:21.085615662,T,TGT,F I,25,86.58
2025-11-19,9:31:21.085660679,T,TGT,I,13,86.57
2025-11-19,9:31:21.085820111,T,TGT,F I,28,86.58
2025-11-19,9:31:21.085880268,T,TGT,F I,55,86.59
2025-11-19,9:31:21.085880268,T,TGT,I,13,86.57
2025-11-19,9:31:21.085940440,T,TGT,I,1,86.57
2025-11-19,9:31:21.085940440,T,TGT,I,1,86.57
2025-11-19,9:31:21.085943447,T,TGT,I,37,86.57
2025-11-19,9:31:21.086036581,T,TGT,I,7,86.57
2025-11-19,9:31:21.086039619,T,TGT,I,13,86.57
2025-11-19,9:31:21.086096779,T,TGT,I,33,86.57
2025-11-19,9:31:21.086208005,T,TGT,I,13,86.59
2025-11-19,9:31:21.086599331,T,TGT,F I,12,86.59
2025-11-19,9:31:21.086599331,T,TGT,F I,1,86.59
2025-11-19,9:31:21.086626116,T,TGT,I,2,86.55
2025-11-19,9:31:21.086629033,T,TGT,I,13,86.55
2025-11-19,9:31:21.086767351,T,TGT,I,3,86.58
2025-11-19,9:31:21.086890650,T,TGT,F I,75,86.58
2025-11-19,9:31:21.086903009,T,TGT,I,29,86.54
2025-11-19,9:31:21.086906398,T,TGT,I,62,86.54
2025-11-19,9:31:21.086908721,T,TGT,I,13,86.54
2025-11-19,9:31:21.086915273,T,TGT,I,2,86.57
2025-11-19,9:31:21.086929720,T,TGT,I,1,86.56
2025-11-19,9:31:21.087245467,T,TGT,I,13,86.54
2025-11-19,9:31:21.087636565,T,TGT,I,22,86.55
2025-11-19,9:31:21.087639713,T,TGT,I,1,86.55
2025-11-19,9:31:21.087642401,T,TGT,I,2,86.55
2025-11-19,9:31:21.088243900,T,TGT,I,5,86.54
2025-11-19,9:31:21.093936377,T,TGT,F I,25,86.57
2025-11-19,9:31:21.252901135,T,TGT,I,75,86.635
2025-11-19,9:31:21.252937200,T,TGT,F I,75,86.635
2025-11-19,9:31:21.252976461,T,TGT,F I,75,86.635
2025-11-19,9:31:22.793904380,T,TGT,I,34,86.56
2025-11-19,9:31:22.793910476,T,TGT,I,15,86.55
2025-11-19,9:31:22.798932354,T,TGT,F,110,86.74
2025-11-19,9:31:22.799732237,T,TGT,F,110,86.74
2025-11-19,9:31:22.800523589,T,TGT,F I,4,86.74
2025-11-19,9:31:22.800526166,T,TGT,F,106,86.74
2025-11-19,9:31:22.801317126,T,TGT,F I,2,86.74
2025-11-19,9:31:22.801317126,T,TGT,F I,2,86.74
2025-11-19,9:31:22.801356218,T,TGT,F,106,86.74
2025-11-19,9:31:22.802135036,T,TGT,F I,2,86.74
2025-11-19,9:31:22.802153022,T,TGT,F I,2,86.74
2025-11-19,9:31:22.802168116,T,TGT,F,106,86.74
2025-11-19,9:31:22.802925943,T,TGT,F I,2,86.74
2025-11-19,9:31:22.802950085,T,TGT,F I,2,86.74
2025-11-19,9:31:22.802974067,T,TGT,F I,36,86.74
2025-11-19,9:31:22.802976996,T,TGT,F I,70,86.76
2025-11-19,9:31:22.802995063,T,TGT,I,1,86.76
2025-11-19,9:31:22.803723786,T,TGT,F I,2,86.73
2025-11-19,9:31:22.803858146,T,TGT,I,68,86.73
2025-11-19,9:31:22.803858146,T,TGT,I,10,86.76
2025-11-19,9:31:22.803861339,T,TGT,I,22,86.76
2025-11-19,9:31:22.803864124,T,TGT,F I,10,86.76
2025-11-19,9:31:22.803903192,T,TGT,F,100,86.76
2025-11-19,9:31:22.803948341,T,TGT,I,25,86.76
2025-11-19,9:31:22.803948341,T,TGT,I,57,86.76
2025-11-19,9:31:22.803988024,T,TGT,F I,1,86.8
2025-11-19,9:31:22.803991076,T,TGT,F I,1,86.8
2025-11-19,9:31:22.803993943,T,TGT,F I,55,86.8
2025-11-19,9:31:22.803999403,T,TGT,F I,45,86.84
2025-11-19,9:31:22.804020760,T,TGT,F,100,86.78
2025-11-19,9:31:22.804159376,T,TGT,F I,55,86.84
2025-11-19,9:31:22.804162727,T,TGT,F I,13,86.84
2025-11-19,9:31:22.804162727,T,TGT,F I,34,86.86
2025-11-19,9:31:22.804165995,T,TGT,F I,34,86.86
2025-11-19,9:31:22.804169155,T,TGT,F I,12,86.91
2025-11-19,9:31:22.804169155,T,TGT,F I,25,86.91
2025-11-19,9:31:22.804174614,T,TGT,F I,34,86.92
2025-11-19,9:31:22.804174614,T,TGT,F I,28,86.93
2025-11-19,9:31:22.804180024,T,TGT,F I,62,86.93
2025-11-19,9:31:22.804180024,T,TGT,F I,35,86.93
2025-11-19,9:31:22.804183111,T,TGT,F I,1,86.94
2025-11-19,9:31:22.804187590,T,TGT,F I,13,86.94
2025-11-19,9:31:22.804187590,T,TGT,F,140,86.98
2025-11-19,9:31:22.804192083,T,TGT,F I,13,86.98
2025-11-19,9:31:22.804192083,T,TGT,F,878,86.98
2025-11-19,9:31:22.804195277,T,TGT,F I,26,86.83
2025-11-19,9:31:22.804197940,T,TGT,F I,7,86.86
2025-11-19,9:31:22.804237090,T,TGT,F I,62,86.89
2025-11-19,9:31:22.804243184,T,TGT,F I,12,86.9
2025-11-19,9:31:22.804243184,T,TGT,F I,28,86.92
2025-11-19,9:31:22.804246052,T,TGT,F,122,86.98
2025-11-19,9:31:22.804246052,T,TGT,F,200,86.98
2025-11-19,9:31:22.804261065,T,TGT,I,45,86.9
2025-11-19,9:31:22.804264212,T,TGT,I,34,86.9
2025-11-19,9:31:22.804268019,T,TGT,F I,34,86.92
2025-11-19,9:31:22.804270136,T,TGT,F I,79,86.99
2025-11-19,9:31:22.804279287,T,TGT,I,45,86.9
2025-11-19,9:31:22.804315251,T,TGT,I,40,86.9
2025-11-19,9:31:22.804366307,T,TGT,F I,13,86.85
2025-11-19,9:31:22.804370868,T,TGT,F I,1,86.91
2025-11-19,9:31:22.804459574,T,TGT,F I,81,86.9
2025-11-19,9:31:22.804465610,T,TGT,F I,72,86.9
2025-11-19,9:31:22.804480640,T,TGT,F I,8,86.9
2025-11-19,9:31:22.804489851,T,TGT,F I,12,86.85
2025-11-19,9:31:22.804492637,T,TGT,F I,13,86.85
2025-11-19,9:31:22.804492637,T,TGT,F I,1,86.85
2025-11-19,9:31:22.804537732,T,TGT,F I,43,86.89
2025-11-19,9:31:22.804721194,T,TGT,F I,17,86.89
2025-11-19,9:31:22.804724171,T,TGT,F I,14,86.89
2025-11-19,9:31:22.804731078,T,TGT,F,100,86.9
2025-11-19,9:31:22.804731078,T,TGT,F I,12,86.9
2025-11-19,9:31:22.804737092,T,TGT,F I,13,86.9
2025-11-19,9:31:22.804737092,T,TGT,F I,34,86.9
2025-11-19,9:31:22.804737092,T,TGT,F I,33,86.9
2025-11-19,9:31:22.804739225,T,TGT,F,100,86.91
2025-11-19,9:31:22.804742746,T,TGT,F I,13,86.91
2025-11-19,9:31:22.804772245,T,TGT,F I,45,86.84
2025-11-19,9:31:22.804829487,T,TGT,,100,86.89
2025-11-19,9:31:22.804904568,T,TGT,F I,12,86.84
2025-11-19,9:31:22.804907575,T,TGT,F I,1,86.89
2025-11-19,9:31:22.804919646,T,TGT,F I,75,86.85
2025-11-19,9:31:22.804923065,T,TGT,F I,13,86.89
2025-11-19,9:31:22.804955710,T,TGT,I,8,86.82
2025-11-19,9:31:22.804961731,T,TGT,F I,45,86.84
2025-11-19,9:31:22.804965085,T,TGT,F I,44,86.89
2025-11-19,9:31:22.804965085,T,TGT,F I,13,86.89
2025-11-19,9:31:22.805003874,T,TGT,F I,31,86.85
2025-11-19,9:31:22.805006828,T,TGT,F I,79,86.85
2025-11-19,9:31:22.805006828,T,TGT,F I,17,86.89
2025-11-19,9:31:22.805030910,T,TGT,F,134,86.85
2025-11-19,9:31:22.805030910,T,TGT,F I,13,86.89
2025-11-19,9:31:22.805033888,T,TGT,F I,13,86.89
2025-11-19,9:31:22.805133848,T,TGT,F I,13,86.89
2025-11-19,9:31:22.805136149,T,TGT,F I,12,86.9
2025-11-19,9:31:22.805148210,T,TGT,F I,21,86.89
2025-11-19,9:31:22.805202332,T,TGT,I,21,86.85
2025-11-19,9:31:22.805299053,T,TGT,F I,13,86.89
2025-11-19,9:31:22.805299053,T,TGT,F I,85,86.92
2025-11-19,9:31:22.805301532,T,TGT,F I,25,86.95
2025-11-19,9:31:22.805301532,T,TGT,F,708,87.0
2025-11-19,9:31:22.805332668,T,TGT,I,13,86.92
2025-11-19,9:31:22.805452045,T,TGT,F I,85,86.91
2025-11-19,9:31:22.805452045,T,TGT,F I,76,86.91
2025-11-19,9:31:22.805533140,T,TGT,F I,36,86.91
2025-11-19,9:31:22.805602476,T,TGT,F I,25,86.91
2025-11-19,9:31:22.805606049,T,TGT,F I,21,86.91
2025-11-19,9:31:22.805609380,T,TGT,F I,13,86.91
2025-11-19,9:31:22.805609380,T,TGT,F I,83,86.95
2025-11-19,9:31:22.805614336,T,TGT,F,200,86.99
2025-11-19,9:31:22.805614336,T,TGT,F I,94,87.0
2025-11-19,9:31:22.805614336,T,TGT,F I,13,86.88
2025-11-19,9:31:22.805617380,T,TGT,F I,26,86.87
2025-11-19,9:31:22.805626953,T,TGT,I,71,86.91
2025-11-19,9:31:22.805659350,T,TGT,F I,25,86.9
2025-11-19,9:31:22.805927137,T,TGT,F I,22,86.89
2025-11-19,9:31:22.805948135,T,TGT,I,8,86.89
2025-11-19,9:31:22.805975135,T,TGT,I,33,86.89
2025-11-19,9:31:22.806017259,T,TGT,F I,8,86.98
2025-11-19,9:31:22.806038361,T,TGT,F I,17,86.98
2025-11-19,9:31:22.806038361,T,TGT,F I,13,86.98
2025-11-19,9:31:22.806041332,T,TGT,F I,50,87.0
2025-11-19,9:31:22.806050389,T,TGT,F,141,87.0
2025-11-19,9:31:22.806149591,T,TGT,F,626,87.0
2025-11-19,9:31:22.806192403,T,TGT,F I,85,86.95
2025-11-19,9:31:22.806278920,T,TGT,I,37,86.94
2025-11-19,9:31:22.806282007,T,TGT,F I,30,86.89
2025-11-19,9:31:22.806290866,T,TGT,F,100,86.99
2025-11-19,9:31:22.806290866,T,TGT,F I,57,86.99
2025-11-19,9:31:22.806302944,T,TGT,I,13,86.89
2025-11-19,9:31:22.806314977,T,TGT,F I,41,86.96
2025-11-19,9:31:22.807433670,T,TGT,F I,13,86.89
2025-11-19,9:31:22.808934433,T,TGT,F I,25,86.89
2025-11-19,9:31:22.808955271,T,TGT,F I,28,86.89
2025-11-19,9:31:22.808964286,T,TGT,F I,4,86.89
2025-11-19,9:31:22.808964286,T,TGT,F I,8,86.85
2025-11-19,9:31:22.808988354,T,TGT,F I,4,86.85
2025-11-19,9:31:22.808988354,T,TGT,F I,8,86.85
2025-11-19,9:31:22.809222890,T,TGT,F I,12,86.85
2025-11-19,9:31:22.812702222,T,TGT,I,1,86.85
2025-11-19,9:31:22.992966698,T,TGT,,300,86.84
2025-11-19,9:31:23.121697288,T,TGT,I,9,86.86
2025-11-19,9:31:23.121700348,T,TGT,I,65,86.86
2025-11-19,9:31:23.122779925,T,TGT,,100,86.87
2025-11-19,9:31:23.122782950,T,TGT,I,35,86.87
2025-11-19,9:31:23.122782950,T,TGT,I,74,86.88
2025-11-19,9:31:23.610884781,T,TGT,F I,30,86.82
2025-11-19,9:31:23.610917832,T,TGT,I,25,86.85
2025-11-19,9:31:23.611281729,T,TGT,F I,5,86.85
2025-11-19,9:31:24.100626166,T,TGT,F I,34,86.74
2025-11-19,9:31:24.100626166,T,TGT,F I,34,86.72
2025-11-19,9:31:24.100632035,T,TGT,F I,34,86.72
2025-11-19,9:31:24.100634678,T,TGT,F I,34,86.7
2025-11-19,9:31:24.100641245,T,TGT,F I,34,86.7
2025-11-19,9:31:24.100641245,T,TGT,F I,34,86.68
2025-11-19,9:31:24.100641245,T,TGT,F I,34,86.68
2025-11-19,9:31:24.100641245,T,TGT,F I,70,86.67
2025-11-19,9:31:24.100643540,T,TGT,F,100,86.65
2025-11-19,9:31:24.100647327,T,TGT,F I,55,86.63
2025-11-19,9:31:24.100650759,T,TGT,F,117,86.63
2025-11-19,9:31:24.100653399,T,TGT,F,100,86.6
2025-11-19,9:31:24.100655742,T,TGT,F I,5,86.6
2025-11-19,9:31:24.100670865,T,TGT,I,70,86.6
2025-11-19,9:31:24.100679583,T,TGT,F I,30,86.6
2025-11-19,9:31:24.100685797,T,TGT,I,5,86.49
2025-11-19,9:31:24.100694659,T,TGT,I,4,86.49
2025-11-19,9:31:24.100854016,T,TGT,F I,25,86.53
2025-11-19,9:31:24.284925940,T,TGT,F,100,86.7
2025-11-19,9:31:24.284925940,T,TGT,F I,52,86.71
2025-11-19,9:31:24.284982647,T,TGT,,100,86.71
2025-11-19,9:31:24.284988839,T,TGT,F I,34,86.71
2025-11-19,9:31:24.285015828,T,TGT,I,2,86.71
2025-11-19,9:31:24.285019679,T,TGT,I,25,86.68
2025-11-19,9:31:24.285019679,T,TGT,I,33,86.66
2025-11-19,9:31:24.285936266,T,TGT,F I,13,86.76
2025-11-19,9:31:24.285942404,T,TGT,F I,12,86.76
2025-11-19,9:31:24.285942404,T,TGT,F I,50,86.88
2025-11-19,9:31:24.285942404,T,TGT,F I,13,86.88
2025-11-19,9:31:24.285987781,T,TGT,F I,85,86.76
2025-11-19,9:31:24.285996977,T,TGT,F I,26,86.75
2025-11-19,9:31:24.286020364,T,TGT,F,100,86.83
2025-11-19,9:31:24.286044338,T,TGT,I,11,86.71
2025-11-19,9:31:24.286044338,T,TGT,I,85,86.71
2025-11-19,9:31:24.286065248,T,TGT,I,4,86.77
2025-11-19,9:31:24.286065248,T,TGT,I,22,86.76
2025-11-19,9:31:24.286077326,T,TGT,F I,63,86.76
2025-11-19,9:31:24.286092315,T,TGT,F I,23,86.75
2025-11-19,9:31:24.286227724,T,TGT,F I,13,86.71
2025-11-19,9:31:24.286227724,T,TGT,F I,26,86.71
2025-11-19,9:31:24.286252082,T,TGT,F I,13,86.71
2025-11-19,9:31:24.286350985,T,TGT,F I,1,86.71
2025-11-19,9:31:24.286362990,T,TGT,F I,30,86.69
2025-11-19,9:31:24.286362990,T,TGT,F I,13,86.69
2025-11-19,9:31:24.286405035,T,TGT,F I,1,86.68
2025-11-19,9:31:24.286432740,T,TGT,F I,25,86.68
2025-11-19,9:31:24.286435116,T,TGT,F I,9,86.68
2025-11-19,9:31:24.286582462,T,TGT,F I,85,86.69
2025-11-19,9:31:24.286582462,T,TGT,F I,23,86.69
2025-11-19,9:31:24.286835136,T,TGT,I,23,86.69
2025-11-19,9:31:24.286985518,T,TGT,F,100,86.69
2025-11-19,9:31:24.287009552,T,TGT,,117,86.69
2025-11-19,9:31:24.287012606,T,TGT,,200,86.69
2025-11-19,9:31:24.287171910,T,TGT,F I,78,86.71
2025-11-19,9:31:24.287196486,T,TGT,F I,13,86.77
2025-11-19,9:31:24.287196486,T,TGT,F I,26,86.78
2025-11-19,9:31:24.287201985,T,TGT,F I,13,86.78
2025-11-19,9:31:24.287201985,T,TGT,F I,32,86.8
2025-11-19,9:31:24.287201985,T,TGT,F I,16,86.8
2025-11-19,9:31:24.287241591,T,TGT,F I,14,86.8
2025-11-19,9:31:24.287244723,T,TGT,F I,39,86.8
2025-11-19,9:31:24.287244723,T,TGT,F I,13,86.8
2025-11-19,9:31:24.287271179,T,TGT,F I,34,86.8
2025-11-19,9:31:24.287280123,T,TGT,F I,85,86.75
2025-11-19,9:31:24.287310283,T,TGT,F,279,86.75
2025-11-19,9:31:24.287377171,T,TGT,F I,26,86.71
2025-11-19,9:31:24.287379370,T,TGT,F I,2,86.71
2025-11-19,9:31:24.287514775,T,TGT,F I,13,86.8
2025-11-19,9:31:24.287517766,T,TGT,F I,38,86.8
2025-11-19,9:31:24.287520782,T,TGT,F I,7,86.8
2025-11-19,9:31:24.287524375,T,TGT,F I,12,86.8
2025-11-19,9:31:24.287524375,T,TGT,F I,13,86.87
2025-11-19,9:31:24.287527673,T,TGT,F I,13,86.89
2025-11-19,9:31:24.287529931,T,TGT,F I,8,86.89
2025-11-19,9:31:24.287620038,T,TGT,F I,72,86.75
2025-11-19,9:31:24.287644062,T,TGT,I,1,86.75
2025-11-19,9:31:24.287665102,T,TGT,I,27,86.75
2025-11-19,9:31:24.287668059,T,TGT,I,13,86.75
2025-11-19,9:31:24.287782329,T,TGT,F I,71,86.75
2025-11-19,9:31:24.287806384,T,TGT,F I,72,86.75
2025-11-19,9:31:24.287836495,T,TGT,F I,34,86.84
2025-11-19,9:31:24.287836495,T,TGT,F I,67,86.87
2025-11-19,9:31:24.287968927,T,TGT,F I,33,86.87
2025-11-19,9:31:24.287968927,T,TGT,F I,15,86.87
2025-11-19,9:31:24.287971802,T,TGT,F,144,86.88
2025-11-19,9:31:24.288004937,T,TGT,F I,37,86.87
2025-11-19,9:31:24.288004937,T,TGT,F I,26,86.87
2025-11-19,9:31:24.288007905,T,TGT,F I,56,86.88
2025-11-19,9:31:24.288110181,T,TGT,,100,86.8
2025-11-19,9:31:24.288131146,T,TGT,I,13,86.8
2025-11-19,9:31:24.288137208,T,TGT,F I,16,86.79
2025-11-19,9:31:24.288143193,T,TGT,F I,10,86.79
2025-11-19,9:31:24.288146249,T,TGT,F I,13,86.79
2025-11-19,9:31:24.288167252,T,TGT,F I,26,86.89
2025-11-19,9:31:24.288209333,T,TGT,F I,26,86.79
2025-11-19,9:31:24.288263487,T,TGT,F I,26,86.88
2025-11-19,9:31:24.288359901,T,TGT,F I,13,86.81
2025-11-19,9:31:24.288363707,T,TGT,F I,26,86.8
2025-11-19,9:31:24.288363707,T,TGT,F I,21,86.78
2025-11-19,9:31:24.288369660,T,TGT,F I,9,86.78
2025-11-19,9:31:24.288369660,T,TGT,F I,13,86.78
2025-11-19,9:31:24.288371835,T,TGT,F I,26,86.78
2025-11-19,9:31:24.288374774,T,TGT,F I,26,86.77
2025-11-19,9:31:24.288374774,T,TGT,F I,13,86.77
2025-11-19,9:31:24.288378258,T,TGT,F I,13,86.74
2025-11-19,9:31:24.288378258,T,TGT,F I,13,86.74
2025-11-19,9:31:24.288402533,T,TGT,F I,26,86.87
2025-11-19,9:31:24.288405154,T,TGT,F I,26,86.88
2025-11-19,9:31:24.288456980,T,TGT,F I,13,86.84
2025-11-19,9:31:24.288456980,T,TGT,F I,13,86.88
2025-11-19,9:31:24.288458990,T,TGT,F I,52,86.88
2025-11-19,9:31:24.288462013,T,TGT,F I,27,86.89
2025-11-19,9:31:24.288477073,T,TGT,F I,13,86.83
2025-11-19,9:31:24.288477073,T,TGT,F I,37,86.83
2025-11-19,9:31:24.288480211,T,TGT,F I,59,86.86
2025-11-19,9:31:24.288483041,T,TGT,F I,3,86.89
2025-11-19,9:31:24.288483041,T,TGT,F I,64,86.89
2025-11-19,9:31:24.288576199,T,TGT,F I,13,86.83
2025-11-19,9:31:24.288579276,T,TGT,F I,26,86.78
2025-11-19,9:31:24.288579276,T,TGT,F I,30,86.78
2025-11-19,9:31:24.288681729,T,TGT,F I,13,86.85
2025-11-19,9:31:24.288819881,T,TGT,I,13,86.84
2025-11-19,9:31:24.289054393,T,TGT,F I,13,86.87
2025-11-19,9:31:24.289174757,T,TGT,F,100,86.87
2025-11-19,9:31:24.289177751,T,TGT,F I,37,86.87
2025-11-19,9:31:24.289180748,T,TGT,I,28,86.85
2025-11-19,9:31:24.289204728,T,TGT,I,2,86.86
2025-11-19,9:31:24.289214617,T,TGT,I,63,86.85
2025-11-19,9:31:24.289298008,T,TGT,F I,6,86.85
2025-11-19,9:31:24.289298008,T,TGT,F I,6,86.86
2025-11-19,9:31:24.289304246,T,TGT,F,100,86.89
2025-11-19,9:31:24.289304246,T,TGT,F I,13,86.89
2025-11-19,9:31:24.289304246,T,TGT,F I,30,86.9
2025-11-19,9:31:24.289307020,T,TGT,F I,8,86.9
2025-11-19,9:31:24.289313270,T,TGT,F I,6,86.85
2025-11-19,9:31:24.289313270,T,TGT,F I,5,86.9
2025-11-19,9:31:24.289316419,T,TGT,F I,95,86.9
2025-11-19,9:31:24.289325843,T,TGT,F I,5,86.9
2025-11-19,9:31:24.289325843,T,TGT,F I,30,86.91
2025-11-19,9:31:24.289328303,T,TGT,F I,64,86.91
2025-11-19,9:31:24.289328303,T,TGT,F I,13,86.91
2025-11-19,9:31:24.289358960,T,TGT,I,6,86.87
2025-11-19,9:31:24.289418325,T,TGT,F I,13,86.86
2025-11-19,9:31:24.289487379,T,TGT,F I,13,86.87
2025-11-19,9:31:24.289505597,T,TGT,F I,37,86.87
2025-11-19,9:31:24.290434715,T,TGT,F I,13,86.92
2025-11-19,9:31:24.290437691,T,TGT,F,100,86.92
2025-11-19,9:31:24.290567744,T,TGT,F I,13,86.87
2025-11-19,9:31:24.290732390,T,TGT,F I,1,86.84
2025-11-19,9:31:24.290762476,T,TGT,F I,99,86.84
2025-11-19,9:31:24.290765489,T,TGT,F I,26,86.84
2025-11-19,9:31:24.290768587,T,TGT,F I,13,86.84
2025-11-19,9:31:24.290864684,T,TGT,I,13,86.79
2025-11-19,9:31:24.291211209,T,TGT,F I,1,86.85
2025-11-19,9:31:24.291211209,T,TGT,F I,99,86.85
2025-11-19,9:31:24.291213493,T,TGT,F I,34,86.85
2025-11-19,9:31:24.291217572,T,TGT,F I,13,86.85
2025-11-19,9:31:24.291217572,T,TGT,F I,16,86.9
2025-11-19,9:31:24.291223242,T,TGT,F I,13,86.9
2025-11-19,9:31:24.291223242,T,TGT,F,100,86.96
2025-11-19,9:31:24.291223242,T,TGT,F I,13,86.96
2025-11-19,9:31:24.291225528,T,TGT,F I,30,86.98
2025-11-19,9:31:24.291228922,T,TGT,F I,13,86.98
2025-11-19,9:31:24.291228922,T,TGT,F,590,86.99
2025-11-19,9:31:24.291291739,T,TGT,I,85,86.89
2025-11-19,9:31:24.291312784,T,TGT,I,56,86.89
2025-11-19,9:31:24.291360918,T,TGT,F I,11,86.84
2025-11-19,9:31:24.291388456,T,TGT,I,2,86.84
2025-11-19,9:31:24.291770023,T,TGT,F I,11,86.85
2025-11-19,9:31:24.292491587,T,TGT,F I,34,86.85
2025-11-19,9:31:24.292497660,T,TGT,I,13,86.82
2025-11-19,9:31:24.292545724,T,TGT,,100,86.84
2025-11-19,9:31:24.292587849,T,TGT,I,14,86.88
2025-11-19,9:31:24.293099054,T,TGT,F I,10,86.89
2025-11-19,9:31:24.293099054,T,TGT,F I,41,86.89
2025-11-19,9:31:24.293102739,T,TGT,F I,13,86.96
2025-11-19,9:31:24.293102739,T,TGT,F I,14,86.96
2025-11-19,9:31:24.293123039,T,TGT,I,41,86.86
2025-11-19,9:31:24.293144101,T,TGT,I,13,86.9
2025-11-19,9:31:24.293168191,T,TGT,I,31,86.9
2025-11-19,9:31:24.293234388,T,TGT,I,41,86.89
2025-11-19,9:31:24.295195056,T,TGT,I,49,86.8
2025-11-19,9:31:24.296599369,T,TGT,I,15,86.8
2025-11-19,9:31:24.312254627,T,TGT,F I,30,86.75
2025-11-19,9:31:24.312254627,T,TGT,F I,11,86.75
2025-11-19,9:31:24.312275742,T,TGT,F I,2,86.75
2025-11-19,9:31:24.403185594,T,TGT,F I,34,86.7
2025-11-19,9:31:24.403188477,T,TGT,F I,32,86.67
2025-11-19,9:31:24.403191357,T,TGT,F I,39,86.67
2025-11-19,9:31:24.403198031,T,TGT,F I,34,86.67
2025-11-19,9:31:24.403204024,T,TGT,F I,34,86.66
2025-11-19,9:31:24.403204024,T,TGT,F I,34,86.66
2025-11-19,9:31:24.403209400,T,TGT,F I,34,86.66
2025-11-19,9:31:24.403209400,T,TGT,F I,30,86.64
2025-11-19,9:31:24.403215556,T,TGT,F I,13,86.64
2025-11-19,9:31:24.403230447,T,TGT,,100,86.67
2025-11-19,9:31:24.403254500,T,TGT,I,7,86.65
2025-11-19,9:31:24.403275618,T,TGT,I,85,86.67
2025-11-19,9:31:24.403299521,T,TGT,I,30,86.67
2025-11-19,9:31:24.405530915,T,TGT,F,100,86.66
2025-11-19,9:31:24.443968430,T,TGT,I,34,86.72
2025-11-19,9:31:24.510610225,T,TGT,,100,86.67
2025-11-19,9:31:24.679529041,T,TGT,F I,25,86.67
2025-11-19,9:31:24.679531768,T,TGT,F I,34,86.62
2025-11-19,9:31:24.679535033,T,TGT,F I,70,86.61
2025-11-19,9:31:24.679537956,T,TGT,F I,34,86.58
2025-11-19,9:31:24.679541435,T,TGT,F I,87,86.57
2025-11-19,9:31:24.679541435,T,TGT,F I,7,86.57
2025-11-19,9:31:24.679543721,T,TGT,F I,34,86.56
2025-11-19,9:31:24.679546940,T,TGT,F I,34,86.56
2025-11-19,9:31:24.679546940,T,TGT,F I,34,86.56
2025-11-19,9:31:24.679550196,T,TGT,F I,13,86.54
2025-11-19,9:31:24.679552739,T,TGT,F,200,86.5
2025-11-19,9:31:24.679561746,T,TGT,F,2241,86.5
2025-11-19,9:31:24.679564900,T,TGT,F I,60,86.5
2025-11-19,9:31:24.679570792,T,TGT,F I,4,86.5
2025-11-19,9:31:24.679570792,T,TGT,,1054,86.5
2025-11-19,9:31:24.679576720,T,TGT,F I,4,86.5
2025-11-19,9:31:24.679597769,T,TGT,F I,34,86.58
2025-11-19,9:31:24.679654916,T,TGT,F I,25,86.55
2025-11-19,9:31:24.679657950,T,TGT,F I,34,86.58
2025-11-19,9:31:25.691553661,T,TGT,F I,34,86.48
2025-11-19,9:31:25.691556674,T,TGT,F I,10,86.47
2025-11-19,9:31:26.263104343,T,TGT,F I,25,86.57
2025-11-19,9:31:29.160991118,T,TGT,I,25,86.53
2025-11-19,9:31:29.160994111,T,TGT,I,34,86.54
2025-11-19,9:31:29.160997437,T,TGT,I,34,86.54
2025-11-19,9:31:29.160997437,T,TGT,I,34,86.56
2025-11-19,9:31:29.161003492,T,TGT,I,34,86.56
2025-11-19,9:31:29.161003492,T,TGT,I,34,86.56
2025-11-19,9:31:29.161006139,T,TGT,I,34,86.58
2025-11-19,9:31:29.161006139,T,TGT,I,70,86.58
2025-11-19,9:31:29.161009427,T,TGT,I,1,86.59
2025-11-19,9:31:29.161009427,T,TGT,I,30,86.59
2025-11-19,9:31:29.161012365,T,TGT,I,34,86.6
2025-11-19,9:31:29.161015149,T,TGT,I,34,86.6
2025-11-19,9:31:29.161015149,T,TGT,I,73,86.6
2025-11-19,9:31:29.162437548,T,TGT,I,25,86.56
2025-11-19,9:31:29.254535040,T,TGT,I,40,86.61
2025-11-19,9:31:29.254568026,T,TGT,F I,34,86.555
2025-11-19,9:31:29.254571053,T,TGT,F I,34,86.555
2025-11-19,9:31:31.578669968,T,TGT,F I,34,86.52
2025-11-19,9:31:32.079910166,T,TGT,F I,34,86.48
2025-11-19,9:31:32.079910166,T,TGT,F I,34,86.48
2025-11-19,9:31:32.448849938,T,TGT,F I,5,86.44
2025-11-19,9:31:32.448868387,T,TGT,F I,34,86.44
2025-11-19,9:31:32.448874022,T,TGT,F I,34,86.44
2025-11-19,9:31:32.448877122,T,TGT,F I,34,86.42
2025-11-19,9:31:32.448904545,T,TGT,F,100,86.39
2025-11-19,9:31:32.448904545,T,TGT,F,100,86.39
2025-11-19,9:31:32.448907143,T,TGT,F I,13,86.39
2025-11-19,9:31:32.448910128,T,TGT,F I,6,86.39
2025-11-19,9:31:32.448973389,T,TGT,F I,44,86.33
2025-11-19,9:31:32.448976267,T,TGT,F I,13,86.33
2025-11-19,9:31:32.449259558,T,TGT,F,106,86.33
2025-11-19,9:31:32.449262041,T,TGT,F I,6,86.33
2025-11-19,9:31:32.449265147,T,TGT,F I,94,86.33
2025-11-19,9:31:32.449267991,T,TGT,F I,18,86.33
2025-11-19,9:31:32.449385323,T,TGT,F I,18,86.39
2025-11-19,9:31:32.449599285,T,TGT,F I,82,86.33
2025-11-19,9:31:32.449601885,T,TGT,F,100,86.33
2025-11-19,9:31:32.449605524,T,TGT,F,200,86.33
2025-11-19,9:31:32.449605524,T,TGT,F,207,86.33
2025-11-19,9:31:32.449611151,T,TGT,F,702,86.33
2025-11-19,9:31:32.449611151,T,TGT,F,200,86.33
2025-11-19,9:31:32.449611151,T,TGT,F,252,86.33
2025-11-19,9:31:32.449613866,T,TGT,F,100,86.33
2025-11-19,9:31:32.500182753,T,TGT,I,34,86.34
2025-11-19,9:31:32.500182753,T,TGT,I,35,86.38
2025-11-19,9:31:32.500182753,T,TGT,I,25,86.38
2025-11-19,9:31:32.500185334,T,TGT,I,34,86.38
2025-11-19,9:31:32.501135571,T,TGT,I,70,86.38
2025-11-19,9:31:32.501135571,T,TGT,I,82,86.39
2025-11-19,9:31:32.501186717,T,TGT,F I,25,86.38
2025-11-19,9:31:32.520240075,T,TGT,F I,61,86.39
2025-11-19,9:31:32.728807908,T,TGT,I,78,86.38
2025-11-19,9:31:32.728859066,T,TGT,,100,86.38
2025-11-19,9:31:32.729144766,T,TGT,I,10,86.39
2025-11-19,9:31:32.729204880,T,TGT,,100,86.39
2025-11-19,9:31:32.729204880,T,TGT,I,1,86.38
2025-11-19,9:31:32.729271151,T,TGT,F I,1,86.38
2025-11-19,9:31:32.729271151,T,TGT,F I,1,86.38
2025-11-19,9:31:32.729292098,T,TGT,I,1,86.38
2025-11-19,9:31:32.729352238,T,TGT,I,35,86.35
2025-11-19,9:31:32.729518514,T,TGT,I,35,86.35
2025-11-19,9:31:32.729518514,T,TGT,I,25,86.35
2025-11-19,9:31:32.731054296,T,TGT,I,1,86.35
2025-11-19,9:31:33.077332204,T,TGT,I,34,86.5
2025-11-19,9:31:33.077335468,T,TGT,I,34,86.5
2025-11-19,9:31:33.077338388,T,TGT,I,25,86.5
2025-11-19,9:31:33.077338388,T,TGT,I,70,86.51
2025-11-19,9:31:33.077341595,T,TGT,I,34,86.52
2025-11-19,9:31:33.077344705,T,TGT,I,34,86.53
2025-11-19,9:31:33.077344705,T,TGT,I,34,86.54
2025-11-19,9:31:33.077347232,T,TGT,I,6,86.54
2025-11-19,9:31:35.135745032,T,TGT,I,70,86.46
2025-11-19,9:31:35.135748645,T,TGT,,150,86.5
2025-11-19,9:31:35.135751260,T,TGT,I,10,86.5
2025-11-19,9:31:35.135751260,T,TGT,,100,86.5
2025-11-19,9:31:35.135754109,T,TGT,I,34,86.5
2025-11-19,9:31:35.152991218,T,TGT,,100,86.46
2025-11-19,9:31:35.158705263,T,TGT,F I,33,86.45
2025-11-19,9:31:35.158705263,T,TGT,F I,83,86.45
2025-11-19,9:31:35.158707765,T,TGT,F,108,86.45
2025-11-19,9:31:35.158710847,T,TGT,F,541,86.45
2025-11-19,9:31:35.191290476,T,TGT,F I,1,86.4
2025-11-19,9:31:35.191320452,T,TGT,F I,2,86.4
2025-11-19,9:31:35.215537147,T,TGT,I,6,86.4
2025-11-19,9:31:35.218598885,T,TGT,I,87,86.4
2025-11-19,9:31:35.218601564,T,TGT,I,83,86.4
2025-11-19,9:31:35.218601564,T,TGT,I,33,86.4
2025-11-19,9:31:36.194717968,T,TGT,I,85,86.5
2025-11-19,9:31:36.194750946,T,TGT,I,15,86.5
2025-11-19,9:31:40.906129229,T,TGT,F,107,86.33
2025-11-19,9:31:40.906129229,T,TGT,F,193,86.33
2025-11-19,9:31:40.918711229,T,TGT,F I,5,86.22
2025-11-19,9:31:40.918711229,T,TGT,F I,25,86.22
2025-11-19,9:31:40.919881008,T,TGT,I,40,86.16
2025-11-19,9:31:40.928027484,T,TGT,F I,1,86.12
2025-11-19,9:31:40.928030362,T,TGT,F,100,86.12
2025-11-19,9:31:40.928051492,T,TGT,F I,50,86.11
2025-11-19,9:31:40.928051492,T,TGT,F I,13,86.11
2025-11-19,9:31:40.928060407,T,TGT,F I,63,86.11
2025-11-19,9:31:40.928069734,T,TGT,F I,4,86.11
2025-11-19,9:31:40.928072439,T,TGT,I,25,86.11
2025-11-19,9:31:40.928075717,T,TGT,,100,86.12
2025-11-19,9:31:40.928075717,T,TGT,I,10,86.11
2025-11-19,9:31:40.928084481,T,TGT,I,63,86.11
2025-11-19,9:31:40.928087530,T,TGT,F I,13,86.11
2025-11-19,9:31:40.957055498,T,TGT,I,59,86.25
2025-11-19,9:31:40.957823317,T,TGT,,100,86.33
2025-11-19,9:31:40.957825322,T,TGT,,100,86.33
2025-11-19,9:31:40.963993028,T,TGT,,100,86.33
2025-11-19,9:31:40.963999095,T,TGT,F I,66,86.33
2025-11-19,9:31:40.964002128,T,TGT,F I,34,86.33
2025-11-19,9:31:45.351710162,T,TGT,F I,15,86.25
2025-11-19,9:31:53.795324925,T,TGT,F I,40,86.24
2025-11-19,9:31:54.638524708,T,TGT,F,152,86.32
2025-11-19,9:31:54.638527611,T,TGT,F I,15,86.32
2025-11-19,9:31:54.638537070,T,TGT,F,100,86.33
2025-11-19,9:31:54.638540054,T,TGT,F,148,86.34
2025-11-19,9:31:54.638540054,T,TGT,F I,14,86.34
2025-11-19,9:31:54.638596818,T,TGT,,100,86.32
2025-11-19,9:31:54.639348636,T,TGT,I,46,86.33
2025-11-19,9:31:54.641146937,T,TGT,F I,13,86.44
2025-11-19,9:31:54.641414586,T,TGT,F I,77,86.46
2025-11-19,9:31:54.641414586,T,TGT,F I,13,86.46
2025-11-19,9:31:55.325303752,T,TGT,F I,2,86.52
2025-11-19,9:31:55.325327783,T,TGT,F I,18,86.52
2025-11-19,9:31:55.325331576,T,TGT,F I,75,86.52
2025-11-19,9:31:55.325331576,T,TGT,F I,75,86.52
2025-11-19,9:31:55.325333850,T,TGT,F,100,86.52
2025-11-19,9:31:55.325505266,T,TGT,F,140,86.55
2025-11-19,9:31:55.325511307,T,TGT,F I,73,86.55
2025-11-19,9:31:55.558617631,T,TGT,I,1,86.64
2025-11-19,9:31:55.560509166,T,TGT,F I,21,86.72
2025-11-19,9:31:55.561471438,T,TGT,I,41,86.72
2025-11-19,9:31:57.301311476,T,TGT,I,40,86.7
2025-11-19,9:31:57.301311476,T,TGT,I,60,86.72
2025-11-19,9:31:58.356281648,T,TGT,I,17,86.71
2025-11-19,9:31:58.356284936,T,TGT,I,25,86.73
2025-11-19,9:31:58.356287701,T,TGT,,100,86.74
2025-11-19,9:31:58.356287701,T,TGT,,368,86.75
2025-11-19,9:31:58.356299718,T,TGT,I,1,86.75
2025-11-19,9:31:58.356314968,T,TGT,F,131,86.75
2025-11-19,9:31:58.356314968,T,TGT,F I,10,86.75
2025-11-19,9:31:58.356317804,T,TGT,F I,47,86.78
2025-11-19,9:31:58.356320795,T,TGT,F I,13,86.78
2025-11-19,9:31:58.356320795,T,TGT,F,100,86.79
2025-11-19,9:31:58.357613851,T,TGT,I,44,86.71
2025-11-19,9:31:58.357622914,T,TGT,F I,64,86.71
2025-11-19,9:31:58.357622914,T,TGT,F I,36,86.7
2025-11-19,9:31:58.357637865,T,TGT,F I,7,86.7
2025-11-19,9:31:58.357643962,T,TGT,F I,57,86.7
2025-11-19,9:31:58.358426037,T,TGT,F I,37,86.64
2025-11-19,9:31:58.358428821,T,TGT,F I,81,86.64
2025-11-19,9:31:58.358434806,T,TGT,F I,13,86.64
2025-11-19,9:31:58.358510100,T,TGT,I,4,86.62
2025-11-19,9:31:58.358512937,T,TGT,I,96,86.62
2025-11-19,9:31:58.358879844,T,TGT,F I,48,86.61
2025-11-19,9:31:58.358879844,T,TGT,F I,27,86.61
2025-11-19,9:31:58.358946040,T,TGT,F I,20,86.61
2025-11-19,9:31:58.358946040,T,TGT,F I,75,86.61
2025-11-19,9:31:58.358949037,T,TGT,F I,5,86.61
2025-11-19,9:31:58.358976424,T,TGT,I,1,86.61
2025-11-19,9:31:58.407096912,T,TGT,I,13,86.51
2025-11-19,9:31:58.417967617,T,TGT,I,29,86.59
2025-11-19,9:31:58.417994673,T,TGT,I,19,86.59
2025-11-19,9:31:58.417994673,T,TGT,I,47,86.59
2025-11-19,9:31:58.417997689,T,TGT,I,19,86.59
2025-11-19,9:32:02.807640336,T,TGT,F I,34,86.52
2025-11-19,9:32:02.807642713,T,TGT,F I,34,86.52
2025-11-19,9:32:02.807645373,T,TGT,F,228,86.51
2025-11-19,9:32:02.807648840,T,TGT,F I,40,86.51
2025-11-19,9:32:02.807648840,T,TGT,F I,77,86.51
2025-11-19,9:32:02.807651391,T,TGT,F I,75,86.51
2025-11-19,9:32:02.807735585,T,TGT,F I,17,86.51
2025-11-19,9:32:02.807946070,T,TGT,,100,86.46
2025-11-19,9:32:02.807967623,T,TGT,I,1,86.46
2025-11-19,9:32:02.807979194,T,TGT,,179,86.46
2025-11-19,9:32:02.808000741,T,TGT,F I,20,86.46
2025-11-19,9:32:02.808003284,T,TGT,F,100,86.46
2025-11-19,9:32:02.808006754,T,TGT,I,34,86.47
2025-11-19,9:32:02.808006754,T,TGT,I,25,86.49
2025-11-19,9:32:02.808009597,T,TGT,I,34,86.5
2025-11-19,9:32:02.808012312,T,TGT,I,3,86.51
2025-11-19,9:32:02.808033493,T,TGT,F I,3,86.46
2025-11-19,9:32:02.808234989,T,TGT,F I,1,86.46
2025-11-19,9:32:02.808243994,T,TGT,F I,17,86.46
2025-11-19,9:32:02.808246823,T,TGT,F,133,86.46
2025-11-19,9:32:02.808400203,T,TGT,F I,1,86.46
2025-11-19,9:32:02.808478524,T,TGT,F I,5,86.46
2025-11-19,9:32:02.808478524,T,TGT,F I,10,86.49
2025-11-19,9:32:02.808505442,T,TGT,F I,13,86.5
2025-11-19,9:32:02.808827387,T,TGT,F I,13,86.55
2025-11-19,9:32:02.808872306,T,TGT,I,25,86.55
2025-11-19,9:32:02.813301913,T,TGT,F,100,86.57
2025-11-19,9:32:02.813301913,T,TGT,F I,13,86.57
2025-11-19,9:32:02.813316905,T,TGT,F,100,86.59
2025-11-19,9:32:02.813316905,T,TGT,F I,13,86.59
2025-11-19,9:32:02.813395118,T,TGT,F I,15,86.6
2025-11-19,9:32:05.514439032,T,TGT,F I,12,86.68
2025-11-19,9:32:05.514445112,T,TGT,F I,52,86.75
2025-11-19,9:32:05.514448072,T,TGT,F I,13,86.75
2025-11-19,9:32:05.514451694,T,TGT,F,200,86.82
2025-11-19,9:32:05.514453913,T,TGT,F,100,86.82
2025-11-19,9:32:05.514457523,T,TGT,F I,1,86.82
2025-11-19,9:32:05.514457523,T,TGT,I,12,86.82
2025-11-19,9:32:05.514463142,T,TGT,I,57,86.82
2025-11-19,9:32:05.514463142,T,TGT,I,31,86.82
2025-11-19,9:32:05.514463142,T,TGT,F I,26,86.82
2025-11-19,9:32:05.514586688,T,TGT,I,25,86.77
2025-11-19,9:32:05.514586688,T,TGT,I,25,86.77
2025-11-19,9:32:05.514586688,T,TGT,I,50,86.75
2025-11-19,9:32:05.514611007,T,TGT,F I,7,86.75
2025-11-19,9:32:05.514637356,T,TGT,I,1,86.75
2025-11-19,9:32:05.514640405,T,TGT,F I,42,86.75
2025-11-19,9:32:05.514875013,T,TGT,F I,33,86.84
2025-11-19,9:32:05.515416236,T,TGT,F I,84,86.84
2025-11-19,9:32:05.515416236,T,TGT,F,429,86.86
2025-11-19,9:32:05.515441373,T,TGT,F I,71,86.86
2025-11-19,9:32:05.515446363,T,TGT,F,100,86.86
2025-11-19,9:32:05.515488486,T,TGT,F I,34,86.82
2025-11-19,9:32:05.515491862,T,TGT,F I,13,86.82
2025-11-19,9:32:05.515491862,T,TGT,F I,21,86.82
2025-11-19,9:32:05.515503452,T,TGT,F I,12,86.82
2025-11-19,9:32:05.515506455,T,TGT,F I,99,86.82
2025-11-19,9:32:05.515515458,T,TGT,F I,17,86.86
2025-11-19,9:32:05.515548575,T,TGT,F I,10,86.85
2025-11-19,9:32:05.515578692,T,TGT,F I,24,86.85
2025-11-19,9:32:05.515605750,T,TGT,I,2,86.85
2025-11-19,9:32:05.515849257,T,TGT,F I,64,86.85
2025-11-19,9:32:05.515942645,T,TGT,F I,7,86.88
2025-11-19,9:32:05.516180069,T,TGT,F I,7,86.88
2025-11-19,9:32:05.516198106,T,TGT,F I,86,86.88
2025-11-19,9:32:05.517467204,T,TGT,F I,37,86.93
2025-11-19,9:32:05.517515977,T,TGT,F I,22,86.9
2025-11-19,9:32:05.517533322,T,TGT,F I,27,86.9
2025-11-19,9:32:05.517533322,T,TGT,F I,22,86.9
2025-11-19,9:32:05.517540006,T,TGT,F I,18,86.9
2025-11-19,9:32:05.517540006,T,TGT,F I,9,86.9
2025-11-19,9:32:05.517551297,T,TGT,F I,6,86.9
2025-11-19,9:32:05.517596456,T,TGT,F I,27,86.93
2025-11-19,9:32:05.517596456,T,TGT,F I,27,86.93
2025-11-19,9:32:05.517599420,T,TGT,F I,46,86.93
2025-11-19,9:32:05.517680703,T,TGT,I,91,86.9
2025-11-19,9:32:05.517714529,T,TGT,F I,26,86.88
2025-11-19,9:32:05.517714529,T,TGT,F I,50,86.87
2025-11-19,9:32:05.517717595,T,TGT,F I,87,86.87
2025-11-19,9:32:05.517737934,T,TGT,F I,13,86.87
2025-11-19,9:32:05.517737934,T,TGT,F I,13,86.87
2025-11-19,9:32:05.517824961,T,TGT,F,100,86.88
2025-11-19,9:32:05.517888411,T,TGT,F I,26,86.9
2025-11-19,9:32:05.517888411,T,TGT,F I,27,86.9
2025-11-19,9:32:05.517891168,T,TGT,F I,79,86.9
2025-11-19,9:32:05.519566317,T,TGT,F I,50,86.83
2025-11-19,9:32:05.519566317,T,TGT,F I,13,86.83
2025-11-19,9:32:05.519626352,T,TGT,F,100,86.82
2025-11-19,9:32:05.521247286,T,TGT,F I,1,86.79
2025-11-19,9:32:05.521247286,T,TGT,F I,37,86.82
2025-11-19,9:32:05.521250196,T,TGT,F I,5,86.82
2025-11-19,9:32:05.521313282,T,TGT,F I,84,86.82
2025-11-19,9:32:05.521313282,T,TGT,F,100,86.82
2025-11-19,9:32:05.521331308,T,TGT,F I,47,86.82
2025-11-19,9:32:05.521331308,T,TGT,F,100,86.82
2025-11-19,9:32:05.563624100,T,TGT,F I,25,86.89
2025-11-19,9:32:05.563624100,T,TGT,F I,8,86.93
2025-11-19,9:32:05.565485551,T,TGT,I,34,86.82
2025-11-19,9:32:05.571704395,T,TGT,,300,86.82
2025-11-19,9:32:05.718360754,T,TGT,,100,86.94
2025-11-19,9:32:05.718360754,T,TGT,,1000,86.95
2025-11-19,9:32:05.718376277,T,TGT,I,1,86.95
2025-11-19,9:32:05.756284178,T,TGT,F,100,86.94
2025-11-19,9:32:05.756287158,T,TGT,F,100,86.95
2025-11-19,9:32:05.795813287,T,TGT,,100,86.94
2025-11-19,9:32:05.795813287,T,TGT,,299,86.95
2025-11-19,9:32:05.796300442,T,TGT,F I,25,86.89
2025-11-19,9:32:05.796300442,T,TGT,F I,87,86.86
2025-11-19,9:32:05.796303467,T,TGT,F I,38,86.86
2025-11-19,9:32:05.796318794,T,TGT,I,1,86.86
2025-11-19,9:32:05.796327441,T,TGT,F I,34,86.86
2025-11-19,9:32:05.796733432,T,TGT,I,75,86.86
2025-11-19,9:32:05.796922950,T,TGT,F,126,86.86
2025-11-19,9:32:06.333491169,T,TGT,F I,25,86.86
2025-11-19,9:32:06.333494209,T,TGT,F I,25,86.83
2025-11-19,9:32:10.793130641,T,TGT,I,12,86.705
2025-11-19,9:32:12.991924297,T,TGT,I,70,86.79
2025-11-19,9:32:14.392312140,T,TGT,F I,75,86.78
2025-11-19,9:32:14.392357444,T,TGT,F I,25,86.78
2025-11-19,9:32:14.404043093,T,TGT,F I,10,86.81
2025-11-19,9:32:14.404043093,T,TGT,F,300,86.87
2025-11-19,9:32:14.404047155,T,TGT,F I,57,86.87
2025-11-19,9:32:14.404047155,T,TGT,F I,8,86.88
2025-11-19,9:32:14.404073233,T,TGT,F,392,86.88
2025-11-19,9:32:14.404145509,T,TGT,I,34,86.78
2025-11-19,9:32:14.404149267,T,TGT,I,25,86.78
2025-11-19,9:32:14.404151444,T,TGT,I,41,86.76
2025-11-19,9:32:14.660503077,T,TGT,I,5,86.94
2025-11-19,9:32:14.660524180,T,TGT,F I,99,86.95
2025-11-19,9:32:14.660548283,T,TGT,I,1,86.95
2025-11-19,9:32:14.660575281,T,TGT,F I,75,86.95
2025-11-19,9:32:14.660620401,T,TGT,F I,28,86.95
2025-11-19,9:32:14.660623438,T,TGT,F I,47,86.95
2025-11-19,9:32:14.660662683,T,TGT,F I,10,86.95
2025-11-19,9:32:14.660662683,T,TGT,F I,57,86.95
2025-11-19,9:32:14.661263974,T,TGT,F,300,86.99
2025-11-19,9:32:14.661267405,T,TGT,F I,12,86.99
2025-11-19,9:32:14.661588716,T,TGT,F I,1,87.0
2025-11-19,9:32:14.661600712,T,TGT,F,953,87.0
2025-11-19,9:32:14.661712348,T,TGT,,1127,87.0
2025-11-19,9:32:14.661715674,T,TGT,,3000,87.0
2025-11-19,9:32:14.661715674,T,TGT,I,20,87.0
2025-11-19,9:32:14.661718019,T,TGT,I,30,87.0
2025-11-19,9:32:14.661721034,T,TGT,I,50,87.0
2025-11-19,9:32:14.661721034,T,TGT,I,50,87.0
2025-11-19,9:32:14.661732986,T,TGT,F I,55,87.0
2025-11-19,9:32:14.661736002,T,TGT,I,68,87.0
2025-11-19,9:32:14.661751233,T,TGT,,3577,87.0
2025-11-19,9:32:14.661751233,T,TGT,,1654,87.0
2025-11-19,9:32:14.661754577,T,TGT,,946,87.0
2025-11-19,9:32:14.661775115,T,TGT,I,26,86.97
2025-11-19,9:32:14.669314135,T,TGT,I,70,86.99
2025-11-19,9:32:14.685215969,T,TGT,,100,87.02
2025-11-19,9:32:14.903358640,T,TGT,F I,54,87.04
2025-11-19,9:32:15.250932823,T,TGT,F I,3,87.09
2025-11-19,9:32:15.251017318,T,TGT,,150,87.04
2025-11-19,9:32:15.251149236,T,TGT,F I,36,87.0
2025-11-19,9:32:15.251203369,T,TGT,F,100,86.98
2025-11-19,9:32:15.251236502,T,TGT,F I,28,86.99
2025-11-19,9:32:15.251287642,T,TGT,I,26,87.01
2025-11-19,9:32:15.251287642,T,TGT,I,74,87.02
2025-11-19,9:32:15.251413871,T,TGT,,100,86.99
2025-11-19,9:32:15.251534181,T,TGT,I,26,87.02
2025-11-19,9:32:15.251588351,T,TGT,I,24,87.05
2025-11-19,9:32:15.251588351,T,TGT,,100,87.06
2025-11-19,9:32:15.251594301,T,TGT,I,26,86.97
2025-11-19,9:32:15.252255939,T,TGT,I,60,86.98
2025-11-19,9:32:15.252258945,T,TGT,I,16,87.02
2025-11-19,9:32:15.252300994,T,TGT,I,1,87.02
2025-11-19,9:32:15.252352141,T,TGT,I,50,86.98
2025-11-19,9:32:15.252974652,T,TGT,F,100,86.98
2025-11-19,9:32:15.252974652,T,TGT,F I,50,86.98
2025-11-19,9:32:15.252977929,T,TGT,F I,18,86.98
2025-11-19,9:32:15.252977929,T,TGT,F I,32,86.98
2025-11-19,9:32:15.252986628,T,TGT,I,19,86.93
2025-11-19,9:32:15.253013684,T,TGT,I,50,86.95
2025-11-19,9:32:15.253018309,T,TGT,I,26,86.96
2025-11-19,9:32:15.253022767,T,TGT,,100,86.97
2025-11-19,9:32:15.253022767,T,TGT,I,24,86.98
2025-11-19,9:32:15.253067826,T,TGT,F I,6,86.95
2025-11-19,9:32:15.253073931,T,TGT,F I,2,86.95
2025-11-19,9:32:15.253073931,T,TGT,F I,1,86.95
2025-11-19,9:32:15.253110117,T,TGT,I,10,86.95
2025-11-19,9:32:15.261118911,T,TGT,F I,7,86.93
2025-11-19,9:32:15.261118911,T,TGT,F I,7,86.93
2025-11-19,9:32:15.261121497,T,TGT,F I,6,86.93
2025-11-19,9:32:15.261124229,T,TGT,F I,2,86.93
2025-11-19,9:32:15.261127064,T,TGT,F I,1,86.93
2025-11-19,9:32:15.261127064,T,TGT,F I,3,86.93
2025-11-19,9:32:15.279557908,T,TGT,F I,57,86.93
2025-11-19,9:32:15.327405177,T,TGT,I,17,86.98
2025-11-19,9:32:15.327405177,T,TGT,I,25,87.01
2025-11-19,9:32:15.327408166,T,TGT,I,36,87.02
2025-11-19,9:32:15.327410987,T,TGT,I,4,87.02
2025-11-19,9:32:16.447676373,T,TGT,I,10,86.85
2025-11-19,9:32:16.447676373,T,TGT,I,90,86.84
2025-11-19,9:32:16.447690789,T,TGT,I,1,86.84
2025-11-19,9:32:16.447699841,T,TGT,F,109,86.84
2025-11-19,9:32:16.447699841,T,TGT,F,100,86.84
2025-11-19,9:32:16.447790089,T,TGT,,100,86.84
2025-11-19,9:32:16.448238250,T,TGT,,300,86.84
2025-11-19,9:32:16.448292262,T,TGT,I,26,86.845
2025-11-19,9:32:16.460591610,T,TGT,I,74,86.805
2025-11-19,9:32:16.460591610,T,TGT,I,1,86.805
2025-11-19,9:32:16.460639686,T,TGT,I,75,86.805
2025-11-19,9:32:16.460826170,T,TGT,I,14,86.805
2025-11-19,9:32:16.473648653,T,TGT,I,25,86.8
2025-11-19,9:32:16.473675726,T,TGT,F I,65,86.8
2025-11-19,9:32:16.504153311,T,TGT,F I,75,86.86
2025-11-19,9:32:16.504186454,T,TGT,F I,15,86.86
2025-11-19,9:32:18.013091214,T,TGT,I,38,86.965
2025-11-19,9:32:19.630548528,T,TGT,I,12,86.965
2025-11-19,9:32:21.417889665,T,TGT,I,6,86.92
2025-11-19,9:32:22.050660904,T,TGT,F I,4,86.96
2025-11-19,9:32:22.050660904,T,TGT,F I,26,86.98
2025-11-19,9:32:22.050663166,T,TGT,F I,45,86.98
2025-11-19,9:32:22.050720921,T,TGT,F I,4,86.97
2025-11-19,9:32:22.050723331,T,TGT,F I,29,86.98
2025-11-19,9:32:26.013432142,T,TGT,F I,93,86.89
2025-11-19,9:32:26.013438584,T,TGT,F,186,86.89
2025-11-19,9:32:26.013438584,T,TGT,F,186,86.89
2025-11-19,9:32:26.013440985,T,TGT,F,372,86.89
2025-11-19,9:32:26.013453027,T,TGT,I,1,86.89
2025-11-19,9:32:26.013453027,T,TGT,F I,32,86.89
2025-11-19,9:32:26.013744683,T,TGT,F,136,86.84
2025-11-19,9:32:26.013750754,T,TGT,F I,64,86.84
2025-11-19,9:32:26.013750754,T,TGT,F I,1,86.84
2025-11-19,9:32:26.014640865,T,TGT,I,1,86.84
2025-11-19,9:32:26.064758264,T,TGT,I,53,86.84
2025-11-19,9:32:26.064762186,T,TGT,I,98,86.84
2025-11-19,9:32:26.064762186,T,TGT,I,25,86.85
2025-11-19,9:32:26.064764283,T,TGT,,100,86.88
2025-11-19,9:32:26.064767225,T,TGT,I,24,86.89
2025-11-19,9:32:28.854765998,T,TGT,F I,11,86.82
2025-11-19,9:32:28.941032518,T,TGT,I,15,86.82
2025-11-19,9:32:29.279019770,T,TGT,I,65,86.89
2025-11-19,9:32:32.282740745,T,TGT,I,25,86.88
2025-11-19,9:32:32.282744445,T,TGT,I,10,86.91
2025-11-19,9:32:32.282746707,T,TGT,,100,86.91
2025-11-19,9:32:32.282746707,T,TGT,I,75,86.91
2025-11-19,9:32:32.282751110,T,TGT,F I,25,86.91
2025-11-19,9:32:32.282751110,T,TGT,F I,58,86.91
2025-11-19,9:32:32.282753566,T,TGT,F I,42,86.91
2025-11-19,9:32:33.150415838,T,TGT,F I,25,86.89
2025-11-19,9:32:33.734286858,T,TGT,I,70,86.88
2025-11-19,9:32:33.734290077,T,TGT,I,25,86.8
2025-11-19,9:32:33.734292852,T,TGT,I,5,86.795
2025-11-19,9:32:33.738797632,T,TGT,,100,86.795
2025-11-19,9:32:33.892635584,T,TGT,I,2,86.88
2025-11-19,9:32:35.408348119,T,TGT,F I,11,86.99
2025-11-19,9:32:35.408375150,T,TGT,F,100,87.0
2025-11-19,9:32:35.408378595,T,TGT,F I,25,87.0
2025-11-19,9:32:35.408381149,T,TGT,F,100,87.0
2025-11-19,9:32:35.408417277,T,TGT,F I,75,86.99
2025-11-19,9:32:35.408435486,T,TGT,F I,25,86.99
2025-11-19,9:32:35.411872671,T,TGT,F I,20,87.01
2025-11-19,9:32:35.412612278,T,TGT,I,15,87.09
2025-11-19,9:32:35.412858849,T,TGT,F I,34,87.09
2025-11-19,9:32:35.424400346,T,TGT,I,70,87.05
2025-11-19,9:32:35.424427353,T,TGT,F I,30,87.065
2025-11-19,9:32:35.598091602,T,TGT,I,8,87.09
2025-11-19,9:32:35.598094587,T,TGT,I,70,87.09
2025-11-19,9:32:35.598097095,T,TGT,I,1,87.1
2025-11-19,9:32:37.514184260,T,TGT,F,100,87.2
2025-11-19,9:32:37.514184260,T,TGT,F I,10,87.2
2025-11-19,9:32:37.514198948,T,TGT,I,1,87.2
2025-11-19,9:32:37.514343357,T,TGT,F I,56,87.2
2025-11-19,9:32:37.514346333,T,TGT,F I,54,87.2
2025-11-19,9:32:37.514980886,T,TGT,F I,3,87.2
2025-11-19,9:32:37.516012303,T,TGT,F I,3,87.23
2025-11-19,9:32:37.516093500,T,TGT,I,9,87.22
2025-11-19,9:32:37.516463516,T,TGT,F I,9,87.22
2025-11-19,9:32:37.516466432,T,TGT,F I,9,87.22
2025-11-19,9:32:37.516479001,T,TGT,F I,3,87.22
2025-11-19,9:32:37.516479001,T,TGT,F I,6,87.24
2025-11-19,9:32:37.516499463,T,TGT,I,3,87.24
2025-11-19,9:32:37.520223251,T,TGT,I,1,87.25
2025-11-19,9:32:37.520223251,T,TGT,I,50,87.25
2025-11-19,9:32:37.520225348,T,TGT,I,34,87.28
2025-11-19,9:32:37.520228393,T,TGT,I,15,87.29
2025-11-19,9:32:39.963278500,T,TGT,F I,34,87.08
2025-11-19,9:32:40.307268001,T,TGT,I,25,87.2
2025-11-19,9:32:40.307268001,T,TGT,I,70,87.21
2025-11-19,9:32:40.307271268,T,TGT,I,34,87.22
2025-11-19,9:32:40.307274574,T,TGT,I,34,87.22
2025-11-19,9:32:40.307274574,T,TGT,I,34,87.23
2025-11-19,9:32:40.307277052,T,TGT,I,3,87.24
2025-11-19,9:32:40.307941698,T,TGT,F,100,87.24
2025-11-19,9:32:40.395771949,T,TGT,F I,40,87.3
2025-11-19,9:32:40.898296069,T,TGT,F,178,87.33
2025-11-19,9:32:40.898296069,T,TGT,F I,65,87.33
2025-11-19,9:32:40.898314618,T,TGT,I,1,87.33
2025-11-19,9:32:40.898687643,T,TGT,F I,56,87.33
2025-11-19,9:32:40.898690015,T,TGT,F I,19,87.33
2025-11-19,9:32:40.898774175,T,TGT,F I,25,87.33
2025-11-19,9:32:40.899568075,T,TGT,I,1,87.33
2025-11-19,9:32:41.282197628,T,TGT,F I,12,87.33
2025-11-19,9:32:41.282197628,T,TGT,F I,1,87.35
2025-11-19,9:32:41.282199721,T,TGT,F I,3,87.35
2025-11-19,9:32:41.282482325,T,TGT,F I,12,87.35
2025-11-19,9:32:41.288286216,T,TGT,I,98,87.39
2025-11-19,9:32:41.719429627,T,TGT,,100,87.4
2025-11-19,9:32:41.719429627,T,TGT,I,10,87.42
2025-11-19,9:32:41.720511918,T,TGT,I,46,87.42
2025-11-19,9:32:41.766627038,T,TGT,,200,87.385
2025-11-19,9:32:41.787051359,T,TGT,I,65,87.41
2025-11-19,9:32:41.799025948,T,TGT,I,35,87.41
2025-11-19,9:32:41.799025948,T,TGT,I,44,87.42
2025-11-19,9:32:41.799025948,T,TGT,I,10,87.42
2025-11-19,9:32:41.978069633,T,TGT,I,15,87.43
2025-11-19,9:32:41.978072432,T,TGT,I,50,87.43
2025-11-19,9:32:42.070401376,T,TGT,F I,1,87.43
2025-11-19,9:32:42.231597450,T,TGT,I,57,87.44
2025-11-19,9:32:42.231600989,T,TGT,I,1,87.45
2025-11-19,9:32:42.231600989,T,TGT,I,20,87.48
2025-11-19,9:32:42.231603454,T,TGT,I,2,87.49
2025-11-19,9:32:42.942803770,T,TGT,F I,34,87.4
2025-11-19,9:32:43.116527775,T,TGT,,100,87.41
2025-11-19,9:32:43.632298424,T,TGT,,400,87.4
2025-11-19,9:32:43.927773420,T,TGT,I,34,87.28
2025-11-19,9:32:43.927902666,T,TGT,I,18,87.3
2025-11-19,9:32:43.928107207,T,TGT,I,34,87.3
2025-11-19,9:32:43.928570338,T,TGT,,100,87.3
2025-11-19,9:32:44.211436145,T,TGT,F,100,87.37
2025-11-19,9:32:44.211439214,T,TGT,F I,12,87.37
2025-11-19,9:32:44.211439214,T,TGT,F,100,87.37
2025-11-19,9:32:44.211875301,T,TGT,F I,25,87.43
2025-11-19,9:32:44.211875301,T,TGT,F I,34,87.46
2025-11-19,9:32:44.211878190,T,TGT,F I,34,87.46
2025-11-19,9:32:44.211878190,T,TGT,F I,34,87.48
2025-11-19,9:32:44.211881206,T,TGT,F I,10,87.49
2025-11-19,9:32:44.211885050,T,TGT,F I,57,87.49
2025-11-19,9:32:44.590387033,T,TGT,F,1000,87.5
2025-11-19,9:32:44.590387033,T,TGT,F I,2,87.5
2025-11-19,9:32:44.590390267,T,TGT,F I,1,87.5
2025-11-19,9:32:44.590393400,T,TGT,F I,22,87.5
2025-11-19,9:32:44.590393400,T,TGT,F I,20,87.5
2025-11-19,9:32:44.590393400,T,TGT,F I,20,87.5
2025-11-19,9:32:44.590411035,T,TGT,F,100,87.5
2025-11-19,9:32:44.590708884,T,TGT,I,34,87.52
2025-11-19,9:32:44.590708884,T,TGT,I,34,87.5
2025-11-19,9:32:44.931862484,T,TGT,I,30,87.51
2025-11-19,9:32:44.931865426,T,TGT,I,34,87.52
2025-11-19,9:32:44.931872311,T,TGT,,100,87.53
2025-11-19,9:32:44.931872311,T,TGT,,100,87.53
2025-11-19,9:32:44.931874516,T,TGT,I,57,87.53
2025-11-19,9:32:45.083011557,T,TGT,F I,34,87.58
2025-11-19,9:32:45.083071846,T,TGT,F I,1,87.6
2025-11-19,9:32:45.083074714,T,TGT,F I,2,87.6
2025-11-19,9:32:45.083078006,T,TGT,F I,1,87.6
2025-11-19,9:32:45.083078006,T,TGT,F I,1,87.6
2025-11-19,9:32:45.083081154,T,TGT,F I,1,87.6
2025-11-19,9:32:45.083083749,T,TGT,F I,10,87.6
2025-11-19,9:32:45.083086682,T,TGT,F I,99,87.61
2025-11-19,9:32:45.083095774,T,TGT,F I,13,87.61
2025-11-19,9:32:45.083107807,T,TGT,F I,98,87.61
2025-11-19,9:32:45.083107807,T,TGT,F I,13,87.61
2025-11-19,9:32:45.083228113,T,TGT,F I,1,87.65
2025-11-19,9:32:45.083619797,T,TGT,F I,10,87.65
