DATE,TIME_M,EX,SYM_ROOT,TR_SCOND,SIZE,PRICE
2025-10-08,9:30:02.420481212,T,TGT,I,1,89.75
2025-10-08,9:30:02.420487274,T,TGT,Q,1,89.75
2025-10-08,9:30:12.087414394,T,TGT,I,46,89.58
2025-10-08,9:30:12.095392461,T,TGT,,100,89.69
2025-10-08,9:30:12.107592481,T,TGT,F I,1,89.75
2025-10-08,9:30:12.170727859,T,TGT,F I,69,89.8
2025-10-08,9:30:12.170727859,T,TGT,F I,2,89.8
2025-10-08,9:30:12.170754997,T,TGT,F I,1,89.8
2025-10-08,9:30:12.170788005,T,TGT,F,100,89.8
2025-10-08,9:30:25.007016988,T,TGT,I,1,89.8
2025-10-08,9:30:29.900407654,T,TGT,F I,38,89.84
2025-10-08,9:30:29.900410369,T,TGT,F I,62,89.84
2025-10-08,9:30:29.900410369,T,TGT,F I,38,89.85
2025-10-08,9:30:29.900435135,T,TGT,I,12,89.85
2025-10-08,9:30:29.900437438,T,TGT,I,50,89.85
2025-10-08,9:30:29.900542666,T,TGT,,100,89.84
2025-10-08,9:30:29.900996847,T,TGT,,100,89.86
2025-10-08,9:30:29.901002719,T,TGT,F I,38,89.86
2025-10-08,9:30:29.901002719,T,TGT,F I,1,89.86
2025-10-08,9:30:29.901005696,T,TGT,F,100,89.86
2025-10-08,9:30:29.901056895,T,TGT,,100,89.86
2025-10-08,9:30:29.901062827,T,TGT,F I,1,89.87
2025-10-08,9:30:29.901066422,T,TGT,F I,49,89.87
2025-10-08,9:30:29.901071900,T,TGT,F,451,89.87
2025-10-08,9:30:34.014319539,T,TGT,F I,50,89.84
2025-10-08,9:30:45.196680278,T,TGT,F,100,89.86
2025-10-08,9:30:45.196680278,T,TGT,F,100,89.88
2025-10-08,9:30:45.196683252,T,TGT,F,100,89.88
2025-10-08,9:30:45.196686249,T,TGT,F,100,89.88
2025-10-08,9:30:45.196701212,T,TGT,F,100,89.88
2025-10-08,9:30:45.196989986,T,TGT,F I,7,89.9
2025-10-08,9:30:45.201435394,T,TGT,F I,6,89.93
2025-10-08,9:30:45.201435394,T,TGT,F I,1,89.93
2025-10-08,9:30:45.201437498,T,TGT,F,100,89.93
2025-10-08,9:30:46.179689232,T,TGT,I,80,89.88
2025-10-08,9:30:46.179719284,T,TGT,F I,20,89.865
2025-10-08,9:30:46.290999497,T,TGT,I,5,89.845
2025-10-08,9:30:47.960718423,T,TGT,I,10,89.845
2025-10-08,9:30:47.960739485,T,TGT,,190,89.8
2025-10-08,9:30:47.960745483,T,TGT,F,100,89.8
2025-10-08,9:30:47.972792224,T,TGT,F,125,89.845
2025-10-08,9:30:47.972843467,T,TGT,F,125,89.845
2025-10-08,9:30:47.973261290,T,TGT,I,50,89.845
2025-10-08,9:30:59.624246646,T,TGT,,100,89.815
2025-10-08,9:30:59.624246646,T,TGT,I,10,89.815
2025-10-08,9:31:01.369018219,T,TGT,F,100,89.86
2025-10-08,9:31:01.369018219,T,TGT,F I,10,89.86
2025-10-08,9:31:02.041618628,T,TGT,I,10,89.815
2025-10-08,9:31:06.785486684,T,TGT,,100,89.73
2025-10-08,9:31:06.785489832,T,TGT,F I,25,89.73
2025-10-08,9:31:06.785489832,T,TGT,F,100,89.73
2025-10-08,9:31:06.785492735,T,TGT,F,100,89.73
2025-10-08,9:31:06.785495752,T,TGT,I,10,89.73
2025-10-08,9:31:06.785510873,T,TGT,F I,25,89.72
2025-10-08,9:31:06.785510873,T,TGT,F I,25,89.72
2025-10-08,9:31:06.786034014,T,TGT,I,20,89.68
2025-10-08,9:31:06.786085079,T,TGT,F,100,89.68
2025-10-08,9:31:06.794911217,T,TGT,,125,89.645
2025-10-08,9:31:06.794965335,T,TGT,F,125,89.645
2025-10-08,9:31:06.795509608,T,TGT,F I,50,89.645
2025-10-08,9:31:06.795512584,T,TGT,F I,75,89.64
2025-10-08,9:31:06.795551749,T,TGT,F I,25,89.64
2025-10-08,9:31:06.795720033,T,TGT,F I,30,89.63
2025-10-08,9:31:06.795723065,T,TGT,F I,12,89.63
2025-10-08,9:31:07.784310347,T,TGT,F I,50,89.65
2025-10-08,9:31:09.033678985,T,TGT,I,1,89.67
2025-10-08,9:31:09.033711992,T,TGT,F I,2,89.71
2025-10-08,9:31:31.458047352,T,TGT,F I,23,89.92
2025-10-08,9:31:31.458080653,T,TGT,F I,42,89.92
2025-10-08,9:31:31.458080653,T,TGT,F I,49,89.92
2025-10-08,9:31:31.458083466,T,TGT,F I,60,89.92
2025-10-08,9:31:31.458095440,T,TGT,F I,40,89.92
2025-10-08,9:31:31.458435330,T,TGT,,100,89.92
2025-10-08,9:31:31.458453342,T,TGT,F,100,89.89
2025-10-08,9:31:31.458592535,T,TGT,F I,44,89.92
2025-10-08,9:31:31.458624805,T,TGT,F I,6,89.92
2025-10-08,9:31:31.460179397,T,TGT,I,5,89.92
2025-10-08,9:31:31.460209525,T,TGT,F,100,89.9
2025-10-08,9:31:31.462831736,T,TGT,F,100,89.915
2025-10-08,9:31:31.465388322,T,TGT,F,100,89.89
2025-10-08,9:31:35.405230362,T,TGT,,100,89.855
2025-10-08,9:31:35.405257478,T,TGT,F,125,89.855
2025-10-08,9:31:35.417274127,T,TGT,,125,89.855
2025-10-08,9:31:44.072831576,T,TGT,F,100,89.85
2025-10-08,9:31:51.560614917,T,TGT,F I,35,89.92
2025-10-08,9:31:51.560614917,T,TGT,F,100,89.94
2025-10-08,9:31:51.560620046,T,TGT,F I,52,89.95
2025-10-08,9:31:51.560638067,T,TGT,F I,35,89.95
2025-10-08,9:31:51.560641123,T,TGT,F,100,89.95
2025-10-08,9:31:51.560665098,T,TGT,I,57,89.91
2025-10-08,9:31:51.561035051,T,TGT,I,21,89.95
2025-10-08,9:31:51.561693647,T,TGT,I,36,89.95
2025-10-08,9:31:51.561696691,T,TGT,,100,89.95
2025-10-08,9:31:51.562986695,T,TGT,I,1,89.95
2025-10-08,9:31:51.563007780,T,TGT,,100,89.92
2025-10-08,9:31:51.563007780,T,TGT,I,15,89.91
2025-10-08,9:31:51.563032538,T,TGT,I,6,89.91
2025-10-08,9:31:51.563035153,T,TGT,I,94,89.91
2025-10-08,9:31:51.563108002,T,TGT,I,99,89.94
2025-10-08,9:31:51.563110679,T,TGT,I,15,89.95
2025-10-08,9:31:51.563113627,T,TGT,I,6,89.95
2025-10-08,9:31:51.563113627,T,TGT,I,80,89.95
2025-10-08,9:31:51.563927962,T,TGT,I,14,89.95
2025-10-08,9:31:51.563931175,T,TGT,,100,89.95
2025-10-08,9:31:51.563931175,T,TGT,I,63,89.95
2025-10-08,9:31:51.567951456,T,TGT,I,8,89.96
2025-10-08,9:31:51.568134910,T,TGT,F I,10,89.95
2025-10-08,9:31:51.568177093,T,TGT,I,7,89.945
2025-10-08,9:31:51.568177093,T,TGT,I,4,89.94
2025-10-08,9:31:51.568198094,T,TGT,I,1,89.94
2025-10-08,9:31:51.568210090,T,TGT,F I,6,89.94
2025-10-08,9:31:56.621743977,T,TGT,F,100,89.85
2025-10-08,9:31:56.621743977,T,TGT,F I,10,89.85
2025-10-08,9:31:57.801806442,T,TGT,,100,89.85
2025-10-08,9:32:01.792611349,T,TGT,,100,89.845
2025-10-08,9:32:04.215865753,T,TGT,,100,89.845
2025-10-08,9:32:05.534044271,T,TGT,F I,3,89.83
2025-10-08,9:32:08.995919057,T,TGT,I,4,89.83
2025-10-08,9:32:16.397549147,T,TGT,F,100,89.735
2025-10-08,9:32:16.930105909,T,TGT,,100,89.77
2025-10-08,9:32:16.930108981,T,TGT,I,10,89.77
2025-10-08,9:32:21.433716679,T,TGT,F,125,89.76
2025-10-08,9:32:21.433770766,T,TGT,F I,75,89.76
2025-10-08,9:32:24.978274078,T,TGT,F I,2,89.7
2025-10-08,9:32:24.978291488,T,TGT,F I,1,89.7
2025-10-08,9:32:24.978826798,T,TGT,F I,97,89.7
2025-10-08,9:32:24.978826798,T,TGT,F,100,89.7
2025-10-08,9:32:24.978829755,T,TGT,F I,1,89.7
2025-10-08,9:32:24.979596532,T,TGT,F,544,89.65
2025-10-08,9:32:24.979627158,T,TGT,F,500,89.65
2025-10-08,9:32:24.979633086,T,TGT,,956,89.65
2025-10-08,9:32:24.979633086,T,TGT,I,10,89.65
2025-10-08,9:32:24.979692808,T,TGT,,100,89.65
2025-10-08,9:32:24.980032637,T,TGT,I,98,89.65
2025-10-08,9:32:32.275395517,T,TGT,F I,11,89.6
2025-10-08,9:32:32.275395517,T,TGT,F I,4,89.6
2025-10-08,9:32:32.275401600,T,TGT,F I,1,89.6
2025-10-08,9:32:32.275404624,T,TGT,F I,1,89.6
2025-10-08,9:32:32.275420027,T,TGT,F I,23,89.6
2025-10-08,9:32:32.275422704,T,TGT,F I,1,89.6
2025-10-08,9:32:32.275422704,T,TGT,F I,6,89.6
2025-10-08,9:32:32.275437967,T,TGT,I,26,89.6
2025-10-08,9:32:32.275440692,T,TGT,I,26,89.6
2025-10-08,9:32:32.275518813,T,TGT,I,41,89.6
2025-10-08,9:32:40.011476584,T,TGT,,100,89.59
2025-10-08,9:32:40.125664656,T,TGT,I,10,89.59
2025-10-08,9:32:46.034599143,T,TGT,F I,6,89.68
2025-10-08,9:32:46.034601513,T,TGT,F,100,89.68
2025-10-08,9:32:46.034604448,T,TGT,F I,19,89.68
2025-10-08,9:32:46.034607460,T,TGT,F I,81,89.68
2025-10-08,9:32:46.035034463,T,TGT,F,100,89.68
2025-10-08,9:32:46.035082622,T,TGT,F I,1,89.7
2025-10-08,9:32:46.035193863,T,TGT,F,100,89.7
2025-10-08,9:32:46.035311185,T,TGT,I,10,89.685
2025-10-08,9:32:46.035314221,T,TGT,I,90,89.685
2025-10-08,9:32:46.035545849,T,TGT,F,100,89.7
2025-10-08,9:32:47.789559474,T,TGT,,100,89.65
2025-10-08,9:32:47.789559474,T,TGT,I,1,89.64
2025-10-08,9:32:47.789561766,T,TGT,I,1,89.64
2025-10-08,9:32:47.789564627,T,TGT,,150,89.62
2025-10-08,9:32:47.827187228,T,TGT,,100,89.6
2025-10-08,9:33:19.735617074,T,TGT,I,3,89.61
2025-10-08,9:33:19.735644103,T,TGT,,100,89.61
2025-10-08,9:33:19.735644103,T,TGT,I,1,89.61
2025-10-08,9:33:19.736639455,T,TGT,I,1,89.58
2025-10-08,9:33:19.736639455,T,TGT,I,2,89.58
2025-10-08,9:33:26.976090252,T,TGT,I,4,89.58
2025-10-08,9:33:26.976156430,T,TGT,,118,89.58
2025-10-08,9:33:30.973228263,T,TGT,,100,89.6
2025-10-08,9:33:40.752157354,T,TGT,I,2,89.605
2025-10-08,9:33:48.085894664,T,TGT,F,100,89.63
2025-10-08,9:33:48.085897743,T,TGT,F I,6,89.63
2025-10-08,9:33:48.086147484,T,TGT,F I,5,89.65
2025-10-08,9:33:48.086147484,T,TGT,F I,50,89.65
2025-10-08,9:33:48.086216485,T,TGT,I,17,89.64
2025-10-08,9:33:48.086231632,T,TGT,I,83,89.63
2025-10-08,9:33:48.086243577,T,TGT,F I,17,89.64
2025-10-08,9:33:48.086348806,T,TGT,F I,4,89.63
2025-10-08,9:33:48.086402986,T,TGT,F,100,89.63
2025-10-08,9:33:48.086448060,T,TGT,F,100,89.64
2025-10-08,9:33:48.086454075,T,TGT,,100,89.65
2025-10-08,9:33:53.714611895,T,TGT,F I,2,89.67
2025-10-08,9:33:53.714629890,T,TGT,F I,54,89.67
2025-10-08,9:33:53.714632939,T,TGT,F,100,89.67
2025-10-08,9:33:53.714654003,T,TGT,I,1,89.67
2025-10-08,9:33:53.714678072,T,TGT,F I,1,89.67
2025-10-08,9:33:53.714804342,T,TGT,,100,89.67
2025-10-08,9:33:53.715041867,T,TGT,F I,1,89.67
2025-10-08,9:33:53.715099067,T,TGT,I,99,89.67
2025-10-08,9:33:53.715418213,T,TGT,F,100,89.67
2025-10-08,9:33:58.439408459,T,TGT,F I,8,89.68
2025-10-08,9:33:58.439408459,T,TGT,F I,54,89.68
2025-10-08,9:33:58.439414481,T,TGT,F I,1,89.68
2025-10-08,9:33:58.439414481,T,TGT,F I,7,89.69
2025-10-08,9:33:58.439417532,T,TGT,F I,1,89.69
2025-10-08,9:33:58.439417532,T,TGT,I,8,89.69
2025-10-08,9:33:58.439423523,T,TGT,I,8,89.69
2025-10-08,9:33:58.440202290,T,TGT,F I,1,89.7
2025-10-08,9:33:58.453169207,T,TGT,I,2,89.73
2025-10-08,9:33:58.453199328,T,TGT,F,125,89.73
2025-10-08,9:33:58.453235500,T,TGT,F,125,89.73
2025-10-08,9:33:58.453277563,T,TGT,F I,48,89.73
2025-10-08,9:34:05.426840806,T,TGT,I,1,89.72
2025-10-08,9:34:07.817112514,T,TGT,,100,89.72
2025-10-08,9:34:15.016225226,T,TGT,I,76,89.72
2025-10-08,9:34:15.016252336,T,TGT,F I,24,89.72
2025-10-08,9:34:16.088838943,T,TGT,F I,18,89.77
2025-10-08,9:34:16.088853807,T,TGT,F I,18,89.78
2025-10-08,9:34:16.088913931,T,TGT,F I,18,89.79
2025-10-08,9:34:16.104671512,T,TGT,I,6,89.81
2025-10-08,9:34:16.105020306,T,TGT,F I,1,89.84
2025-10-08,9:34:16.108577773,T,TGT,F I,9,89.86
2025-10-08,9:34:16.109624253,T,TGT,,100,89.84
2025-10-08,9:34:18.415361753,T,TGT,,100,89.83
2025-10-08,9:34:18.425577126,T,TGT,,100,89.83
2025-10-08,9:34:18.804052754,T,TGT,,100,89.825
2025-10-08,9:34:18.816102492,T,TGT,,100,89.825
2025-10-08,9:34:19.419745728,T,TGT,F,104,89.85
2025-10-08,9:34:22.445220879,T,TGT,I,90,89.84
2025-10-08,9:34:22.445248028,T,TGT,F I,10,89.83
2025-10-08,9:34:23.490168372,T,TGT,F,100,89.83
2025-10-08,9:34:25.450857845,T,TGT,F,100,89.86
2025-10-08,9:34:27.125186739,T,TGT,F,100,89.83
2025-10-08,9:34:39.692015689,T,TGT,F,100,89.86
2025-10-08,9:34:43.446199086,T,TGT,F I,36,89.89
2025-10-08,9:34:43.446204985,T,TGT,F I,12,89.89
2025-10-08,9:34:43.446220680,T,TGT,F,252,89.89
2025-10-08,9:34:43.446223140,T,TGT,F I,9,89.89
2025-10-08,9:34:43.446746193,T,TGT,I,10,89.865
2025-10-08,9:34:43.446746193,T,TGT,I,90,89.865
2025-10-08,9:34:44.001634184,T,TGT,I,1,89.9
2025-10-08,9:34:44.009997167,T,TGT,I,6,89.91
2025-10-08,9:34:44.009997167,T,TGT,I,80,89.92
2025-10-08,9:34:44.010628635,T,TGT,,100,89.92
2025-10-08,9:34:46.763356877,T,TGT,F I,1,89.97
2025-10-08,9:34:46.763368953,T,TGT,F I,1,89.98
2025-10-08,9:34:46.763372812,T,TGT,F I,7,89.98
2025-10-08,9:34:46.763376155,T,TGT,F,993,89.98
2025-10-08,9:34:46.763380959,T,TGT,F,600,89.98
2025-10-08,9:34:46.763380959,T,TGT,F I,20,89.98
2025-10-08,9:34:46.763383962,T,TGT,F I,8,89.98
2025-10-08,9:34:46.763946332,T,TGT,I,42,89.98
2025-10-08,9:34:46.763949845,T,TGT,,111,89.98
2025-10-08,9:34:46.763965212,T,TGT,F I,15,89.95
2025-10-08,9:34:46.763989078,T,TGT,I,7,89.97
2025-10-08,9:34:46.763997490,T,TGT,I,48,89.965
2025-10-08,9:34:46.764003450,T,TGT,I,3,89.98
2025-10-08,9:34:46.764024479,T,TGT,,100,89.95
2025-10-08,9:34:46.764075717,T,TGT,I,97,89.98
2025-10-08,9:34:46.764078670,T,TGT,,100,89.98
2025-10-08,9:34:46.764162850,T,TGT,F I,9,89.98
2025-10-08,9:34:46.764307307,T,TGT,F I,17,89.97
2025-10-08,9:34:46.764358316,T,TGT,,100,89.98
2025-10-08,9:34:46.764415608,T,TGT,I,17,89.98
2025-10-08,9:34:46.764418464,T,TGT,I,46,89.98
2025-10-08,9:34:46.764500241,T,TGT,I,33,89.98
2025-10-08,9:34:46.765387023,T,TGT,F,100,89.98
2025-10-08,9:34:56.774950748,T,TGT,F I,40,89.95
2025-10-08,9:35:00.243717396,T,TGT,I,10,89.935
2025-10-08,9:35:00.243720435,T,TGT,I,12,89.935
2025-10-08,9:35:00.243720435,T,TGT,I,47,89.935
2025-10-08,9:35:03.264167673,T,TGT,F I,4,89.87
2025-10-08,9:35:03.264173710,T,TGT,F I,1,89.87
2025-10-08,9:35:03.264177378,T,TGT,F,100,89.87
2025-10-08,9:35:03.264177378,T,TGT,F I,10,89.87
2025-10-08,9:35:03.264750948,T,TGT,F I,2,89.85
2025-10-08,9:35:03.265280418,T,TGT,I,60,89.87
2025-10-08,9:35:03.266666697,T,TGT,F I,22,89.85
2025-10-08,9:35:03.266666697,T,TGT,F,100,89.85
2025-10-08,9:35:03.266669515,T,TGT,F,200,89.85
2025-10-08,9:35:03.266669515,T,TGT,F I,27,89.85
2025-10-08,9:35:03.266696630,T,TGT,F,100,89.84
2025-10-08,9:35:03.267725059,T,TGT,F I,16,89.83
2025-10-08,9:35:03.274214698,T,TGT,F,100,89.81
2025-10-08,9:35:03.622549419,T,TGT,F I,2,89.81
2025-10-08,9:35:03.622552627,T,TGT,F I,2,89.81
2025-10-08,9:35:03.622555383,T,TGT,F I,14,89.81
2025-10-08,9:35:03.622555383,T,TGT,F I,14,89.81
2025-10-08,9:35:03.622567779,T,TGT,F I,68,89.81
2025-10-08,9:35:03.622570526,T,TGT,F I,16,89.8
2025-10-08,9:35:03.622570526,T,TGT,F I,16,89.79
2025-10-08,9:35:03.622928393,T,TGT,F I,84,89.79
2025-10-08,9:35:03.623036602,T,TGT,F I,47,89.82
2025-10-08,9:35:03.623096692,T,TGT,F I,47,89.82
2025-10-08,9:35:03.623487593,T,TGT,F,200,89.84
2025-10-08,9:35:03.623773830,T,TGT,F I,16,89.85
2025-10-08,9:35:03.623776785,T,TGT,F I,32,89.85
2025-10-08,9:35:03.623776785,T,TGT,F I,67,89.85
2025-10-08,9:35:03.624455955,T,TGT,F I,74,89.85
2025-10-08,9:35:03.625340051,T,TGT,I,30,89.85
2025-10-08,9:35:03.625340051,T,TGT,I,27,89.85
2025-10-08,9:35:03.625739981,T,TGT,F I,27,89.85
2025-10-08,9:35:08.889940828,T,TGT,I,50,89.9
2025-10-08,9:35:08.889964923,T,TGT,,142,89.9
2025-10-08,9:35:08.890776828,T,TGT,,100,89.9
2025-10-08,9:35:10.603107286,T,TGT,F I,4,89.92
2025-10-08,9:35:10.603128349,T,TGT,F I,29,89.92
2025-10-08,9:35:14.339836899,T,TGT,I,20,89.91
2025-10-08,9:35:14.698639698,T,TGT,I,11,89.91
2025-10-08,9:35:15.404745964,T,TGT,I,13,89.91
2025-10-08,9:35:16.231093755,T,TGT,,100,89.915
2025-10-08,9:35:16.235562389,T,TGT,I,16,89.92
2025-10-08,9:35:19.312592500,T,TGT,,100,89.95
2025-10-08,9:35:19.427297696,T,TGT,F I,1,89.96
2025-10-08,9:35:19.427297696,T,TGT,F I,4,89.96
2025-10-08,9:35:20.123393128,T,TGT,F I,5,89.95
2025-10-08,9:35:20.344777526,T,TGT,,100,89.96
2025-10-08,9:35:20.344780527,T,TGT,I,55,89.98
2025-10-08,9:35:20.344804708,T,TGT,F I,45,89.98
2025-10-08,9:35:20.344807600,T,TGT,F I,10,89.98
2025-10-08,9:35:20.345036096,T,TGT,F I,50,89.99
2025-10-08,9:35:20.345036096,T,TGT,F I,1,89.99
2025-10-08,9:35:20.345042147,T,TGT,F I,1,89.99
2025-10-08,9:35:20.345042147,T,TGT,F I,5,90.0
2025-10-08,9:35:20.345045280,T,TGT,F I,25,90.0
2025-10-08,9:35:20.345045280,T,TGT,F I,11,90.0
2025-10-08,9:35:20.345048120,T,TGT,F,125,90.0
2025-10-08,9:35:20.345051641,T,TGT,F,100,90.0
2025-10-08,9:35:20.345051641,T,TGT,F I,14,90.0
2025-10-08,9:35:20.345055585,T,TGT,F I,3,90.0
2025-10-08,9:35:20.345055585,T,TGT,F I,1,90.0
2025-10-08,9:35:20.345055585,T,TGT,F,100,90.0
2025-10-08,9:35:20.345060168,T,TGT,F I,7,90.0
2025-10-08,9:35:20.345060168,T,TGT,F,200,90.0
2025-10-08,9:35:20.345460108,T,TGT,F I,24,90.01
2025-10-08,9:35:20.345499187,T,TGT,F I,8,90.01
2025-10-08,9:35:20.345526562,T,TGT,F,218,90.01
2025-10-08,9:35:20.345592476,T,TGT,F I,12,90.0
2025-10-08,9:35:20.345887136,T,TGT,F I,8,90.04
2025-10-08,9:35:20.345911821,T,TGT,F I,46,90.01
2025-10-08,9:35:20.345914401,T,TGT,F I,42,90.01
2025-10-08,9:35:20.345932267,T,TGT,F I,12,90.01
2025-10-08,9:35:20.345938219,T,TGT,F I,1,90.01
2025-10-08,9:35:20.346032276,T,TGT,F I,46,90.02
2025-10-08,9:35:20.346034487,T,TGT,F I,42,90.02
2025-10-08,9:35:20.348127422,T,TGT,I,60,90.02
2025-10-08,9:35:20.736120829,T,TGT,F I,26,90.04
2025-10-08,9:35:20.736662757,T,TGT,I,29,90.04
2025-10-08,9:35:21.159998988,T,TGT,,100,90.07
2025-10-08,9:35:21.159998988,T,TGT,I,13,90.07
2025-10-08,9:35:21.160149018,T,TGT,I,10,90.06
2025-10-08,9:35:21.160149018,T,TGT,I,3,90.06
2025-10-08,9:35:21.160152095,T,TGT,I,11,90.06
2025-10-08,9:35:21.160167066,T,TGT,I,24,90.06
2025-10-08,9:35:21.160188128,T,TGT,I,76,90.06
2025-10-08,9:35:21.160278326,T,TGT,,100,90.05
2025-10-08,9:35:21.160278326,T,TGT,,100,90.05
2025-10-08,9:35:21.160419727,T,TGT,F I,2,90.06
2025-10-08,9:35:21.160431720,T,TGT,F I,8,90.06
2025-10-08,9:35:21.160431720,T,TGT,F I,92,90.07
2025-10-08,9:35:21.160609465,T,TGT,I,2,90.05
2025-10-08,9:35:21.160609465,T,TGT,I,21,90.05
2025-10-08,9:35:21.160859699,T,TGT,I,12,90.05
2025-10-08,9:35:21.160861773,T,TGT,I,10,90.05
2025-10-08,9:35:21.162359341,T,TGT,F I,8,90.07
2025-10-08,9:35:21.162359341,T,TGT,F I,28,90.07
2025-10-08,9:35:21.162362317,T,TGT,F I,3,90.07
2025-10-08,9:35:21.162383436,T,TGT,F I,97,90.07
2025-10-08,9:35:21.162383436,T,TGT,F I,20,90.07
2025-10-08,9:35:21.162990969,T,TGT,I,10,90.06
2025-10-08,9:35:21.162993793,T,TGT,I,76,90.06
2025-10-08,9:35:21.188347239,T,TGT,I,10,90.07
2025-10-08,9:35:21.188350276,T,TGT,I,76,90.07
2025-10-08,9:35:21.188350276,T,TGT,I,42,90.07
2025-10-08,9:35:21.212437617,T,TGT,F I,60,90.07
2025-10-08,9:35:21.240698980,T,TGT,,100,90.08
2025-10-08,9:35:22.373082751,T,TGT,,100,90.065
2025-10-08,9:35:28.944741572,T,TGT,F I,36,90.01
2025-10-08,9:35:28.944741572,T,TGT,F I,32,90.01
2025-10-08,9:35:28.944744591,T,TGT,F I,37,90.01
2025-10-08,9:35:28.944760047,T,TGT,F I,10,90.01
2025-10-08,9:35:28.944795690,T,TGT,I,72,90.01
2025-10-08,9:35:28.944819790,T,TGT,I,1,90.01
2025-10-08,9:35:28.944822789,T,TGT,F I,11,90.0
2025-10-08,9:35:28.945192933,T,TGT,F I,8,90.0
2025-10-08,9:35:28.945195648,T,TGT,F I,92,90.0
2025-10-08,9:35:28.945223696,T,TGT,F I,8,90.0
2025-10-08,9:35:35.441263286,T,TGT,F I,19,89.98
2025-10-08,9:35:38.073963654,T,TGT,,100,89.98
2025-10-08,9:35:38.073966680,T,TGT,,255,90.0
2025-10-08,9:35:38.073981698,T,TGT,,145,90.0
2025-10-08,9:35:39.364076329,T,TGT,F I,3,89.97
2025-10-08,9:35:39.364082561,T,TGT,F I,32,89.94
2025-10-08,9:35:47.068900835,T,TGT,F I,12,89.93
2025-10-08,9:35:47.068900835,T,TGT,F I,29,89.93
2025-10-08,9:35:48.076854232,T,TGT,F I,30,89.94
2025-10-08,9:35:48.158694199,T,TGT,F I,4,89.95
2025-10-08,9:35:52.964122014,T,TGT,F I,2,89.93
2025-10-08,9:35:52.964124978,T,TGT,F I,4,89.93
2025-10-08,9:35:52.964155177,T,TGT,I,6,89.93
2025-10-08,9:35:52.964155177,T,TGT,I,6,89.93
2025-10-08,9:35:52.964158118,T,TGT,I,6,89.93
2025-10-08,9:35:55.707909973,T,TGT,F I,2,89.91
2025-10-08,9:35:57.102554646,T,TGT,I,11,89.895
2025-10-08,9:35:57.983263555,T,TGT,F I,1,89.91
2025-10-08,9:35:57.983581632,T,TGT,,100,89.92
2025-10-08,9:35:57.983723033,T,TGT,F I,1,89.92
2025-10-08,9:36:05.846375940,T,TGT,I,21,89.88
2025-10-08,9:36:05.846378779,T,TGT,,100,89.88
2025-10-08,9:36:05.846381578,T,TGT,,100,89.88
2025-10-08,9:36:05.846396581,T,TGT,I,1,89.88
2025-10-08,9:36:10.582551548,T,TGT,F I,10,89.93
2025-10-08,9:36:10.583095621,T,TGT,F I,3,89.96
2025-10-08,9:36:10.583185905,T,TGT,I,30,89.94
2025-10-08,9:36:10.583555690,T,TGT,I,31,89.93
2025-10-08,9:36:10.583555690,T,TGT,I,10,89.93
2025-10-08,9:36:10.583658038,T,TGT,F I,20,89.96
2025-10-08,9:36:10.584587253,T,TGT,F I,31,89.97
2025-10-08,9:36:10.584848836,T,TGT,I,54,89.95
2025-10-08,9:36:10.584900561,T,TGT,F I,54,89.97
2025-10-08,9:36:10.584906012,T,TGT,F I,30,89.97
2025-10-08,9:36:10.584957062,T,TGT,I,30,89.95
2025-10-08,9:36:10.585005246,T,TGT,F I,12,89.96
2025-10-08,9:36:10.585017252,T,TGT,I,30,89.95
2025-10-08,9:36:10.585065320,T,TGT,F,100,89.97
2025-10-08,9:36:10.585068299,T,TGT,I,12,89.95
2025-10-08,9:36:10.585125530,T,TGT,F,100,89.97
2025-10-08,9:36:10.585134516,T,TGT,F I,20,89.97
2025-10-08,9:36:10.585194962,T,TGT,,100,89.98
2025-10-08,9:36:10.585194962,T,TGT,I,31,89.98
2025-10-08,9:36:10.585245712,T,TGT,I,15,89.97
2025-10-08,9:36:10.585323896,T,TGT,F,100,89.98
2025-10-08,9:36:10.585326940,T,TGT,F I,15,89.98
2025-10-08,9:36:10.585408279,T,TGT,,100,89.95
2025-10-08,9:36:10.585408279,T,TGT,I,20,89.95
2025-10-08,9:36:10.585453581,T,TGT,F,100,89.97
2025-10-08,9:36:10.585507399,T,TGT,I,12,89.96
2025-10-08,9:36:10.585585632,T,TGT,I,30,89.95
2025-10-08,9:36:10.585636770,T,TGT,F,100,89.96
2025-10-08,9:36:10.585658015,T,TGT,F I,24,89.96
2025-10-08,9:36:10.585660736,T,TGT,F I,12,89.96
2025-10-08,9:36:10.585675815,T,TGT,F I,12,89.96
2025-10-08,9:36:10.585675815,T,TGT,F I,18,89.96
2025-10-08,9:36:10.585678809,T,TGT,F I,24,89.96
2025-10-08,9:36:10.585720934,T,TGT,F I,76,89.96
2025-10-08,9:36:10.585723888,T,TGT,F I,8,89.96
2025-10-08,9:36:10.585760011,T,TGT,I,24,89.95
2025-10-08,9:36:10.585874300,T,TGT,I,30,89.95
2025-10-08,9:36:10.585901548,T,TGT,F I,14,89.96
2025-10-08,9:36:10.585904296,T,TGT,F I,30,89.96
2025-10-08,9:36:10.585913341,T,TGT,F I,24,89.96
2025-10-08,9:36:10.585937462,T,TGT,I,1,89.96
2025-10-08,9:36:10.585937462,T,TGT,F I,2,89.96
2025-10-08,9:36:10.585979550,T,TGT,I,12,89.95
2025-10-08,9:36:10.586123880,T,TGT,F I,2,89.96
2025-10-08,9:36:10.586123880,T,TGT,F I,10,89.96
2025-10-08,9:36:10.586126893,T,TGT,F I,12,89.96
2025-10-08,9:36:10.586147970,T,TGT,I,1,89.96
2025-10-08,9:36:10.586202293,T,TGT,F I,9,89.96
2025-10-08,9:36:10.586205024,T,TGT,F I,3,89.96
2025-10-08,9:36:10.586220085,T,TGT,F I,2,89.96
2025-10-08,9:36:10.586590367,T,TGT,,100,89.96
2025-10-08,9:36:11.513110539,T,TGT,F,100,89.99
2025-10-08,9:36:11.513112559,T,TGT,F,165,90.0
2025-10-08,9:36:11.513115463,T,TGT,F,900,90.0
2025-10-08,9:36:11.513133537,T,TGT,F,100,90.0
2025-10-08,9:36:11.513139601,T,TGT,F,100,90.0
2025-10-08,9:36:12.499375229,T,TGT,F I,1,90.02
2025-10-08,9:36:13.540389247,T,TGT,F I,31,90.0
2025-10-08,9:36:13.540389247,T,TGT,F I,16,90.0
2025-10-08,9:36:13.540392331,T,TGT,F,100,90.0
2025-10-08,9:36:13.551855588,T,TGT,,100,89.99
2025-10-08,9:36:17.155025185,T,TGT,F,100,90.04
2025-10-08,9:36:21.791877214,T,TGT,I,10,90.05
2025-10-08,9:36:25.491408149,T,TGT,F,100,90.01
2025-10-08,9:36:26.690752615,T,TGT,F,100,89.97
2025-10-08,9:36:35.945129769,T,TGT,,148,90.01
2025-10-08,9:36:42.397936373,T,TGT,I,6,90.015
2025-10-08,9:36:42.526949675,T,TGT,F,100,90.02
2025-10-08,9:36:42.720241267,T,TGT,,100,90.04
2025-10-08,9:36:43.091599206,T,TGT,F,100,90.07
2025-10-08,9:36:43.091599206,T,TGT,F,300,90.07
2025-10-08,9:36:46.909849875,T,TGT,F I,23,90.08
2025-10-08,9:36:46.910424230,T,TGT,F I,23,90.08
2025-10-08,9:36:46.910457875,T,TGT,I,1,90.09
2025-10-08,9:36:46.910457875,T,TGT,I,5,90.09
2025-10-08,9:36:46.910460866,T,TGT,I,2,90.09
2025-10-08,9:36:46.910463457,T,TGT,F I,3,90.09
2025-10-08,9:36:46.910466296,T,TGT,F I,5,90.09
2025-10-08,9:36:46.910466296,T,TGT,F I,1,90.09
2025-10-08,9:36:46.910472611,T,TGT,F I,5,90.09
2025-10-08,9:36:46.910472611,T,TGT,F I,1,90.09
2025-10-08,9:36:46.910472611,T,TGT,F I,1,90.1
2025-10-08,9:36:46.910476878,T,TGT,F I,1,90.1
2025-10-08,9:36:46.910476878,T,TGT,F I,1,90.1
2025-10-08,9:36:46.910478299,T,TGT,F I,8,90.1
2025-10-08,9:36:46.911525068,T,TGT,F I,1,90.12
2025-10-08,9:36:47.838552489,T,TGT,F I,10,90.13
2025-10-08,9:36:47.838555517,T,TGT,F I,3,90.13
2025-10-08,9:36:47.838573515,T,TGT,F I,89,90.13
2025-10-08,9:36:47.838642704,T,TGT,F I,1,90.13
2025-10-08,9:36:47.838648737,T,TGT,F I,1,90.13
2025-10-08,9:36:47.838658233,T,TGT,F I,21,90.13
2025-10-08,9:36:47.838666775,T,TGT,F I,77,90.13
2025-10-08,9:36:51.589830766,T,TGT,I,27,90.15
2025-10-08,9:36:51.589851821,T,TGT,F,113,90.15
2025-10-08,9:36:51.590720834,T,TGT,I,1,90.18
2025-10-08,9:36:51.590944135,T,TGT,I,1,90.19
2025-10-08,9:36:51.590946576,T,TGT,I,9,90.19
2025-10-08,9:36:51.590949354,T,TGT,I,11,90.19
2025-10-08,9:36:51.590949354,T,TGT,I,10,90.19
2025-10-08,9:36:51.590952453,T,TGT,I,6,90.19
2025-10-08,9:36:51.591114827,T,TGT,F I,10,90.185
2025-10-08,9:36:51.591653092,T,TGT,I,1,90.2
2025-10-08,9:36:51.591656176,T,TGT,I,1,90.2
2025-10-08,9:36:51.591656176,T,TGT,I,1,90.2
2025-10-08,9:36:51.591944750,T,TGT,I,95,90.18
2025-10-08,9:36:51.591956786,T,TGT,I,25,90.18
2025-10-08,9:36:51.591965793,T,TGT,I,25,90.18
2025-10-08,9:36:51.591965793,T,TGT,I,23,90.18
2025-10-08,9:36:51.591968845,T,TGT,I,16,90.18
2025-10-08,9:36:51.592125315,T,TGT,F I,9,90.18
2025-10-08,9:36:51.597204273,T,TGT,I,80,90.18
2025-10-08,9:36:51.597207326,T,TGT,I,4,90.2
2025-10-08,9:36:51.597210297,T,TGT,,100,90.2
2025-10-08,9:36:51.597210297,T,TGT,I,28,90.2
2025-10-08,9:36:51.597213285,T,TGT,I,20,90.2
2025-10-08,9:36:51.597228670,T,TGT,I,1,90.2
2025-10-08,9:36:51.597232084,T,TGT,F I,79,90.2
2025-10-08,9:36:51.597232084,T,TGT,F I,1,90.2
2025-10-08,9:36:54.127173879,T,TGT,F I,6,90.19
2025-10-08,9:36:54.127197900,T,TGT,F I,94,90.19
2025-10-08,9:36:54.127200921,T,TGT,F I,28,90.19
2025-10-08,9:36:54.127483643,T,TGT,F I,8,90.2
2025-10-08,9:36:54.127489637,T,TGT,F I,2,90.2
2025-10-08,9:36:54.127504650,T,TGT,F I,1,90.2
2025-10-08,9:36:54.934970480,T,TGT,F I,89,90.2
2025-10-08,9:36:54.934973395,T,TGT,F I,1,90.2
2025-10-08,9:36:54.935009553,T,TGT,F I,19,90.21
2025-10-08,9:36:54.935412495,T,TGT,F I,5,90.22
2025-10-08,9:36:54.935752371,T,TGT,,100,90.235
2025-10-08,9:36:54.935767287,T,TGT,I,2,90.23
2025-10-08,9:36:54.935770390,T,TGT,I,98,90.22
2025-10-08,9:36:54.935809460,T,TGT,I,2,90.22
2025-10-08,9:36:56.760875541,T,TGT,F I,13,90.24
2025-10-08,9:36:56.760878560,T,TGT,F I,4,90.24
2025-10-08,9:36:56.760884619,T,TGT,F I,1,90.24
2025-10-08,9:36:56.760896845,T,TGT,F I,3,90.24
2025-10-08,9:36:56.760896845,T,TGT,F I,29,90.24
2025-10-08,9:36:56.760902662,T,TGT,F I,4,90.24
2025-10-08,9:36:56.760902662,T,TGT,F I,5,90.24
2025-10-08,9:36:56.760921434,T,TGT,F I,1,90.25
2025-10-08,9:36:56.760923849,T,TGT,F I,2,90.25
2025-10-08,9:36:56.760929767,T,TGT,F,100,90.25
2025-10-08,9:36:58.999874861,T,TGT,,100,90.235
2025-10-08,9:36:59.623500675,T,TGT,F I,1,90.28
2025-10-08,9:36:59.623500675,T,TGT,F,3300,90.28
2025-10-08,9:36:59.624529183,T,TGT,I,1,90.29
2025-10-08,9:36:59.624646444,T,TGT,I,67,90.29
2025-10-08,9:36:59.624646444,T,TGT,I,33,90.29
2025-10-08,9:37:00.037347217,T,TGT,F I,1,90.3
2025-10-08,9:37:00.037350437,T,TGT,F I,8,90.3
2025-10-08,9:37:00.037352833,T,TGT,F I,3,90.3
2025-10-08,9:37:00.037352833,T,TGT,F I,1,90.3
2025-10-08,9:37:00.037380127,T,TGT,I,15,90.3
2025-10-08,9:37:00.037382707,T,TGT,I,5,90.3
2025-10-08,9:37:03.173852296,T,TGT,F I,30,90.32
2025-10-08,9:37:03.179580887,T,TGT,F,125,90.33
2025-10-08,9:37:03.179584024,T,TGT,F,125,90.33
2025-10-08,9:37:03.179602006,T,TGT,F,250,90.33
2025-10-08,9:37:04.038866083,T,TGT,F I,1,90.35
2025-10-08,9:37:04.038869179,T,TGT,F I,1,90.35
2025-10-08,9:37:04.038872495,T,TGT,F I,5,90.35
2025-10-08,9:37:04.038872495,T,TGT,F,100,90.35
2025-10-08,9:37:04.039784100,T,TGT,F I,5,90.36
2025-10-08,9:37:04.039786296,T,TGT,F I,5,90.36
2025-10-08,9:37:04.039789352,T,TGT,F I,5,90.36
2025-10-08,9:37:04.039789352,T,TGT,F I,15,90.36
2025-10-08,9:37:04.039795321,T,TGT,F I,1,90.37
2025-10-08,9:37:04.039795321,T,TGT,F I,11,90.37
2025-10-08,9:37:04.040823836,T,TGT,I,1,90.38
2025-10-08,9:37:04.041903328,T,TGT,I,1,90.39
2025-10-08,9:37:05.335375275,T,TGT,F I,12,90.4
2025-10-08,9:37:05.335375275,T,TGT,F I,4,90.4
2025-10-08,9:37:05.335396048,T,TGT,F I,84,90.4
2025-10-08,9:37:05.335396048,T,TGT,F I,20,90.4
2025-10-08,9:37:05.335532130,T,TGT,F I,1,90.41
2025-10-08,9:37:05.335537365,T,TGT,F,600,90.41
2025-10-08,9:37:05.335537365,T,TGT,F,100,90.41
2025-10-08,9:37:05.336256074,T,TGT,,100,90.41
2025-10-08,9:37:05.336626008,T,TGT,,100,90.41
2025-10-08,9:37:05.337594353,T,TGT,F,200,90.41
2025-10-08,9:37:05.814798253,T,TGT,F,100,90.42
2025-10-08,9:37:10.140484084,T,TGT,,100,90.44
2025-10-08,9:37:10.140502160,T,TGT,I,1,90.44
2025-10-08,9:37:10.140505063,T,TGT,I,7,90.44
2025-10-08,9:37:11.212475008,T,TGT,,100,90.435
2025-10-08,9:37:12.402900196,T,TGT,F I,10,90.41
2025-10-08,9:37:12.403552789,T,TGT,F,250,90.4
2025-10-08,9:37:12.403573789,T,TGT,F I,50,90.4
2025-10-08,9:37:12.403576875,T,TGT,F,100,90.4
2025-10-08,9:37:15.690991042,T,TGT,F,100,90.41
2025-10-08,9:37:16.625125043,T,TGT,I,1,90.45
2025-10-08,9:37:16.625125043,T,TGT,I,12,90.45
2025-10-08,9:37:16.625128087,T,TGT,,100,90.45
2025-10-08,9:37:16.625131276,T,TGT,I,10,90.45
2025-10-08,9:37:16.625131276,T,TGT,I,25,90.45
2025-10-08,9:37:16.625133576,T,TGT,I,27,90.45
2025-10-08,9:37:16.625136534,T,TGT,,1000,90.45
2025-10-08,9:37:16.625289945,T,TGT,F I,1,90.46
2025-10-08,9:37:16.625341010,T,TGT,,100,90.46
2025-10-08,9:37:16.625380126,T,TGT,,100,90.45
2025-10-08,9:37:16.625380126,T,TGT,I,10,90.45
2025-10-08,9:37:16.625723027,T,TGT,F I,2,90.45
2025-10-08,9:37:16.625750068,T,TGT,F I,1,90.46
2025-10-08,9:37:16.626955874,T,TGT,,100,90.45
2025-10-08,9:37:16.627602420,T,TGT,F,100,90.445
2025-10-08,9:37:16.627605407,T,TGT,F I,25,90.44
2025-10-08,9:37:16.627626547,T,TGT,I,1,90.44
2025-10-08,9:37:17.290616395,T,TGT,F I,1,90.45
2025-10-08,9:37:19.983146987,T,TGT,I,4,90.435
2025-10-08,9:37:19.983146987,T,TGT,I,96,90.435
2025-10-08,9:37:20.644996752,T,TGT,I,33,90.46
2025-10-08,9:37:23.888593579,T,TGT,F I,22,90.42
2025-10-08,9:37:23.888599666,T,TGT,F,100,90.42
2025-10-08,9:37:24.102060616,T,TGT,F I,22,90.39
2025-10-08,9:37:24.102063195,T,TGT,F I,2,90.39
2025-10-08,9:37:24.102075258,T,TGT,F I,10,90.39
2025-10-08,9:37:24.102574427,T,TGT,,100,90.4
2025-10-08,9:37:24.158721156,T,TGT,,125,90.375
2025-10-08,9:37:24.158763274,T,TGT,,125,90.375
2025-10-08,9:37:24.535359838,T,TGT,F I,40,90.38
2025-10-08,9:37:24.535386585,T,TGT,F I,60,90.38
2025-10-08,9:37:25.136828457,T,TGT,F,100,90.38
2025-10-08,9:37:26.310458658,T,TGT,I,31,90.4
2025-10-08,9:37:26.310480365,T,TGT,F I,69,90.4
2025-10-08,9:37:26.310483186,T,TGT,F I,56,90.4
2025-10-08,9:37:26.310485570,T,TGT,F,100,90.4
2025-10-08,9:37:31.329034185,T,TGT,,100,90.44
2025-10-08,9:37:31.329296370,T,TGT,,100,90.44
2025-10-08,9:37:31.329319859,T,TGT,I,1,90.44
2025-10-08,9:37:31.359073237,T,TGT,F I,1,90.46
2025-10-08,9:37:31.359078784,T,TGT,I,1,90.46
2025-10-08,9:37:32.665048249,T,TGT,F,100,90.4
2025-10-08,9:37:36.261066639,T,TGT,F I,1,90.34
2025-10-08,9:37:36.261085034,T,TGT,F I,87,90.34
2025-10-08,9:37:36.261093678,T,TGT,F I,12,90.34
2025-10-08,9:37:36.261093678,T,TGT,F I,87,90.34
2025-10-08,9:37:36.261102744,T,TGT,I,13,90.34
2025-10-08,9:37:36.261102744,T,TGT,I,14,90.34
2025-10-08,9:37:36.261106222,T,TGT,I,28,90.34
2025-10-08,9:37:36.261109791,T,TGT,I,26,90.34
2025-10-08,9:37:36.261109791,T,TGT,I,18,90.34
2025-10-08,9:37:36.261111735,T,TGT,I,1,90.34
2025-10-08,9:37:36.261114735,T,TGT,F I,13,90.34
2025-10-08,9:37:36.261436505,T,TGT,I,1,90.33
2025-10-08,9:37:37.642103856,T,TGT,I,1,90.355
2025-10-08,9:37:38.046377980,T,TGT,F,100,90.355
2025-10-08,9:37:38.046380970,T,TGT,I,27,90.37
2025-10-08,9:37:38.046525404,T,TGT,,100,90.38
2025-10-08,9:37:38.378320852,T,TGT,I,52,90.33
2025-10-08,9:37:38.378326942,T,TGT,I,48,90.33
2025-10-08,9:37:55.146207262,T,TGT,F I,5,90.32
2025-10-08,9:37:55.146210269,T,TGT,F I,10,90.32
2025-10-08,9:37:55.146212606,T,TGT,F I,2,90.32
2025-10-08,9:37:55.146215609,T,TGT,I,4,90.32
2025-10-08,9:37:55.146215609,T,TGT,I,4,90.32
2025-10-08,9:37:59.837744222,T,TGT,F,100,90.16
2025-10-08,9:37:59.837747063,T,TGT,F I,99,90.16
2025-10-08,9:38:07.078530354,T,TGT,I,9,90.16
2025-10-08,9:38:07.078530354,T,TGT,I,1,90.16
2025-10-08,9:38:09.971743920,T,TGT,I,1,90.18
2025-10-08,9:38:10.408345076,T,TGT,F,100,90.18
2025-10-08,9:38:10.521149872,T,TGT,F I,8,90.21
2025-10-08,9:38:10.521153221,T,TGT,F,100,90.21
2025-10-08,9:38:10.521155875,T,TGT,F,200,90.21
2025-10-08,9:38:12.166116975,T,TGT,I,30,90.21
2025-10-08,9:38:12.166116975,T,TGT,I,50,90.21
2025-10-08,9:38:12.166119968,T,TGT,,255,90.21
2025-10-08,9:38:12.166146988,T,TGT,,199,90.21
2025-10-08,9:38:12.166153024,T,TGT,F,100,90.21
2025-10-08,9:38:16.608107930,T,TGT,F,100,90.22
2025-10-08,9:38:16.608107930,T,TGT,F I,25,90.22
2025-10-08,9:38:16.608164975,T,TGT,F I,5,90.22
2025-10-08,9:38:17.790461894,T,TGT,F,100,90.21
2025-10-08,9:38:24.537615726,T,TGT,,100,90.16
2025-10-08,9:38:25.293674085,T,TGT,F I,19,90.13
2025-10-08,9:38:25.293704478,T,TGT,F I,81,90.13
2025-10-08,9:38:25.293707717,T,TGT,F I,20,90.13
2025-10-08,9:38:25.293710124,T,TGT,F I,10,90.13
2025-10-08,9:38:25.305579427,T,TGT,,100,90.11
2025-10-08,9:38:26.289658890,T,TGT,F I,1,90.13
2025-10-08,9:38:26.289661911,T,TGT,F,100,90.13
2025-10-08,9:38:26.573442293,T,TGT,F,100,90.16
2025-10-08,9:38:26.573442293,T,TGT,F I,25,90.16
2025-10-08,9:38:26.945653768,T,TGT,I,3,90.15
2025-10-08,9:38:26.946213121,T,TGT,I,30,90.15
2025-10-08,9:38:26.946958986,T,TGT,F,100,90.15
2025-10-08,9:38:28.005435721,T,TGT,F,100,90.145
2025-10-08,9:38:28.671101702,T,TGT,I,40,90.13
2025-10-08,9:38:29.103141035,T,TGT,I,2,90.14
2025-10-08,9:38:29.103171663,T,TGT,F I,98,90.14
2025-10-08,9:38:29.103174294,T,TGT,F I,27,90.14
2025-10-08,9:38:29.103228232,T,TGT,F,125,90.14
2025-10-08,9:38:32.204718476,T,TGT,F,100,90.14
2025-10-08,9:38:40.336512099,T,TGT,,100,90.1
2025-10-08,9:38:40.547251496,T,TGT,F I,5,90.1
2025-10-08,9:38:40.547251496,T,TGT,F,100,90.1
2025-10-08,9:38:40.547374472,T,TGT,,100,90.09
2025-10-08,9:38:40.547374472,T,TGT,I,55,90.08
2025-10-08,9:38:41.257092338,T,TGT,F,100,90.11
2025-10-08,9:38:41.810242283,T,TGT,F I,6,90.13
2025-10-08,9:38:41.810975958,T,TGT,F I,2,90.13
2025-10-08,9:38:43.576629634,T,TGT,I,40,90.1
2025-10-08,9:38:49.235232072,T,TGT,F I,47,90.13
2025-10-08,9:38:49.235917704,T,TGT,F I,15,90.16
2025-10-08,9:38:49.235938681,T,TGT,F I,85,90.16
2025-10-08,9:38:57.176188013,T,TGT,F I,3,90.17
2025-10-08,9:39:05.014732107,T,TGT,,100,90.165
2025-10-08,9:39:09.779611282,T,TGT,I,10,90.145
2025-10-08,9:39:17.142734640,T,TGT,I,1,90.16
2025-10-08,9:39:17.142860949,T,TGT,I,39,90.14
2025-10-08,9:39:17.142863999,T,TGT,I,29,90.14
2025-10-08,9:39:17.142866965,T,TGT,I,32,90.14
2025-10-08,9:39:17.142882028,T,TGT,I,1,90.14
2025-10-08,9:39:17.142885082,T,TGT,F I,18,90.14
2025-10-08,9:39:17.142906022,T,TGT,,150,90.15
2025-10-08,9:39:17.142909055,T,TGT,I,82,90.14
2025-10-08,9:39:17.143143658,T,TGT,F I,39,90.15
2025-10-08,9:39:17.143143658,T,TGT,F I,12,90.15
2025-10-08,9:39:17.143215822,T,TGT,F I,3,90.15
2025-10-08,9:39:17.143426316,T,TGT,I,43,90.15
2025-10-08,9:39:17.143426316,T,TGT,I,2,90.15
2025-10-08,9:39:17.297636691,T,TGT,I,88,90.15
2025-10-08,9:39:19.223602213,T,TGT,F I,2,90.17
2025-10-08,9:39:19.223623954,T,TGT,F I,28,90.17
2025-10-08,9:39:19.223626686,T,TGT,F I,13,90.17
2025-10-08,9:39:19.223629346,T,TGT,F,100,90.17
2025-10-08,9:39:19.223632295,T,TGT,F I,13,90.17
2025-10-08,9:39:19.223662401,T,TGT,I,40,90.18
2025-10-08,9:39:19.223665444,T,TGT,I,2,90.18
2025-10-08,9:39:19.223725546,T,TGT,,100,90.17
2025-10-08,9:39:19.223949021,T,TGT,I,24,90.18
2025-10-08,9:39:19.223949021,T,TGT,I,25,90.18
2025-10-08,9:39:19.223951119,T,TGT,I,22,90.18
2025-10-08,9:39:19.223954059,T,TGT,I,15,90.18
2025-10-08,9:39:19.224035948,T,TGT,F I,1,90.18
2025-10-08,9:39:19.224035948,T,TGT,I,22,90.17
2025-10-08,9:39:21.999699173,T,TGT,I,5,90.16
2025-10-08,9:39:23.193504350,T,TGT,,100,90.155
2025-10-08,9:39:25.039049339,T,TGT,I,3,90.16
2025-10-08,9:39:25.351397530,T,TGT,I,3,90.15
2025-10-08,9:39:25.351409510,T,TGT,I,47,90.15
2025-10-08,9:39:28.919683886,T,TGT,F I,18,90.16
2025-10-08,9:39:28.919695848,T,TGT,F,100,90.16
2025-10-08,9:39:28.919774070,T,TGT,,128,90.16
2025-10-08,9:39:30.146775395,T,TGT,F I,1,90.17
2025-10-08,9:39:30.146820497,T,TGT,F I,13,90.18
2025-10-08,9:39:31.741742471,T,TGT,I,8,90.18
2025-10-08,9:39:31.741745379,T,TGT,,100,90.18
2025-10-08,9:39:31.748836369,T,TGT,,100,90.17
2025-10-08,9:39:34.807847274,T,TGT,,100,90.16
2025-10-08,9:39:34.808923924,T,TGT,I,11,90.13
2025-10-08,9:39:34.808926886,T,TGT,I,9,90.13
2025-10-08,9:39:34.808929953,T,TGT,I,2,90.13
2025-10-08,9:39:34.808932968,T,TGT,I,10,90.13
2025-10-08,9:39:34.808932968,T,TGT,I,8,90.13
2025-10-08,9:39:34.820260899,T,TGT,F,100,90.11
2025-10-08,9:39:34.820260899,T,TGT,F I,10,90.11
2025-10-08,9:39:34.820547453,T,TGT,I,1,90.1
2025-10-08,9:39:34.820547453,T,TGT,I,2,90.1
2025-10-08,9:39:34.820549540,T,TGT,I,3,90.1
2025-10-08,9:39:34.820552638,T,TGT,I,2,90.1
2025-10-08,9:39:34.820552638,T,TGT,I,3,90.1
2025-10-08,9:39:35.235875060,T,TGT,I,1,90.105
2025-10-08,9:39:50.150213842,T,TGT,F I,2,90.15
2025-10-08,9:39:56.802870571,T,TGT,I,90,90.13
2025-10-08,9:39:56.802951871,T,TGT,I,60,90.13
2025-10-08,9:39:56.802987953,T,TGT,I,46,90.13
2025-10-08,9:40:00.984435087,T,TGT,F I,1,90.12
2025-10-08,9:40:00.984441159,T,TGT,I,4,90.12
2025-10-08,9:40:02.537253640,T,TGT,I,30,90.12
2025-10-08,9:40:03.226988848,T,TGT,I,35,90.1
2025-10-08,9:40:13.365228943,T,TGT,F I,10,90.08
2025-10-08,9:40:13.365228943,T,TGT,F I,5,90.08
2025-10-08,9:40:13.365232015,T,TGT,F I,1,90.08
2025-10-08,9:40:13.365484741,T,TGT,F,100,90.07
2025-10-08,9:40:13.365487585,T,TGT,F I,10,90.07
2025-10-08,9:40:13.367884567,T,TGT,I,3,90.05
2025-10-08,9:40:13.367884567,T,TGT,I,3,90.05
2025-10-08,9:40:13.367887663,T,TGT,I,3,90.05
2025-10-08,9:40:13.367890265,T,TGT,I,1,90.05
2025-10-08,9:40:13.386005511,T,TGT,I,1,90.07
2025-10-08,9:40:16.608961033,T,TGT,F I,86,90.11
2025-10-08,9:40:16.608979222,T,TGT,I,1,90.11
2025-10-08,9:40:16.609015112,T,TGT,I,13,90.11
2025-10-08,9:40:20.361406126,T,TGT,I,30,90.085
2025-10-08,9:40:20.361406126,T,TGT,I,20,90.085
2025-10-08,9:40:20.826455115,T,TGT,F,100,90.12
2025-10-08,9:40:20.826455115,T,TGT,F,100,90.12
2025-10-08,9:40:20.826539497,T,TGT,F I,2,90.13
2025-10-08,9:40:20.826539497,T,TGT,F I,3,90.13
2025-10-08,9:40:20.826542912,T,TGT,F I,5,90.13
2025-10-08,9:40:20.826545285,T,TGT,F I,8,90.13
2025-10-08,9:40:20.827197824,T,TGT,I,1,90.15
2025-10-08,9:40:20.827197824,T,TGT,I,1,90.15
2025-10-08,9:40:20.827200929,T,TGT,I,1,90.15
2025-10-08,9:40:21.031002440,T,TGT,F I,5,90.12
2025-10-08,9:40:25.789672074,T,TGT,,100,90.09
2025-10-08,9:40:27.181569069,T,TGT,F,100,90.05
2025-10-08,9:40:27.181569069,T,TGT,F I,10,90.05
2025-10-08,9:40:27.181574027,T,TGT,F I,10,90.05
2025-10-08,9:40:27.182283616,T,TGT,I,10,90.05
2025-10-08,9:40:34.287103641,T,TGT,I,10,90.065
2025-10-08,9:40:34.288306544,T,TGT,F,100,90.06
2025-10-08,9:40:35.269096280,T,TGT,F,125,90.05
2025-10-08,9:40:41.524813359,T,TGT,F I,4,90.05
2025-10-08,9:40:48.895674178,T,TGT,,100,90.045
2025-10-08,9:40:49.576493241,T,TGT,I,2,90.045
2025-10-08,9:40:55.311194943,T,TGT,F,100,90.07
2025-10-08,9:40:56.005871045,T,TGT,F I,10,90.1
2025-10-08,9:40:58.876233515,T,TGT,F,100,90.11
2025-10-08,9:40:59.041862208,T,TGT,F,100,90.12
2025-10-08,9:40:59.357238637,T,TGT,F I,5,90.14
2025-10-08,9:41:07.670234800,T,TGT,F I,1,90.16
2025-10-08,9:41:09.616914136,T,TGT,F I,5,90.16
2025-10-08,9:41:09.616916748,T,TGT,F I,2,90.16
2025-10-08,9:41:09.617310754,T,TGT,I,15,90.16
2025-10-08,9:41:13.861129498,T,TGT,F,125,90.16
2025-10-08,9:41:17.311444978,T,TGT,F I,7,90.2
2025-10-08,9:41:17.311448383,T,TGT,F I,3,90.2
2025-10-08,9:41:17.311448383,T,TGT,F I,1,90.2
2025-10-08,9:41:17.311462937,T,TGT,F I,4,90.2
2025-10-08,9:41:17.311465934,T,TGT,F I,40,90.2
2025-10-08,9:41:17.311468880,T,TGT,F,100,90.2
2025-10-08,9:41:17.311812013,T,TGT,F I,40,90.21
2025-10-08,9:41:17.311812013,T,TGT,F I,4,90.21
2025-10-08,9:41:17.312840650,T,TGT,F,100,90.22
2025-10-08,9:41:17.325777019,T,TGT,,100,90.23
2025-10-08,9:41:17.765773712,T,TGT,F I,1,90.25
2025-10-08,9:41:17.765779678,T,TGT,F I,1,90.25
2025-10-08,9:41:17.765782734,T,TGT,F I,25,90.25
2025-10-08,9:41:17.765785240,T,TGT,F,113,90.25
2025-10-08,9:41:17.765785240,T,TGT,F I,8,90.25
2025-10-08,9:41:20.142633098,T,TGT,I,10,90.265
2025-10-08,9:41:22.843292233,T,TGT,F I,12,90.28
2025-10-08,9:41:22.843295557,T,TGT,F I,4,90.28
2025-10-08,9:41:22.843310446,T,TGT,F I,34,90.28
2025-10-08,9:41:22.844496015,T,TGT,F I,5,90.3
2025-10-08,9:41:23.847237173,T,TGT,I,7,90.33
2025-10-08,9:41:23.852887591,T,TGT,I,2,90.36
2025-10-08,9:41:26.031927185,T,TGT,F,100,90.34
2025-10-08,9:41:26.031930065,T,TGT,F I,25,90.34
2025-10-08,9:41:26.031933075,T,TGT,F I,75,90.34
2025-10-08,9:41:26.031945144,T,TGT,F I,80,90.34
2025-10-08,9:41:27.505804585,T,TGT,,100,90.34
2025-10-08,9:41:27.505804585,T,TGT,I,44,90.34
2025-10-08,9:41:29.131841504,T,TGT,I,3,90.34
2025-10-08,9:41:37.078667458,T,TGT,I,75,90.3
2025-10-08,9:41:37.078856841,T,TGT,F I,10,90.29
2025-10-08,9:41:37.504105970,T,TGT,,125,90.275
2025-10-08,9:41:47.616556599,T,TGT,I,4,90.265
2025-10-08,9:41:47.619629904,T,TGT,,100,90.265
2025-10-08,9:41:59.255964050,T,TGT,I,50,90.24
2025-10-08,9:42:01.402222458,T,TGT,F I,10,90.22
2025-10-08,9:42:03.560431295,T,TGT,,100,90.21
2025-10-08,9:42:03.645516032,T,TGT,,100,90.21
2025-10-08,9:42:12.261502821,T,TGT,F I,6,90.24
2025-10-08,9:42:12.261505431,T,TGT,F I,10,90.24
2025-10-08,9:42:14.612551658,T,TGT,F,100,90.24
2025-10-08,9:42:19.072519367,T,TGT,F I,65,90.24
2025-10-08,9:42:19.223430912,T,TGT,I,50,90.23
2025-10-08,9:42:23.300291928,T,TGT,F,100,90.24
2025-10-08,9:42:27.286625212,T,TGT,I,10,90.235
2025-10-08,9:42:36.338770797,T,TGT,I,17,90.19
2025-10-08,9:42:36.338773686,T,TGT,I,18,90.19
2025-10-08,9:42:36.338773686,T,TGT,I,16,90.19
2025-10-08,9:42:36.338779776,T,TGT,I,11,90.19
2025-10-08,9:42:36.338794766,T,TGT,F I,38,90.19
2025-10-08,9:42:36.338797789,T,TGT,F I,10,90.19
2025-10-08,9:42:44.043396763,T,TGT,F I,8,90.22
2025-10-08,9:42:49.125886556,T,TGT,,150,90.23
2025-10-08,9:42:49.125886556,T,TGT,,100,90.23
2025-10-08,9:42:49.125889708,T,TGT,I,27,90.24
2025-10-08,9:42:49.125889708,T,TGT,I,38,90.24
2025-10-08,9:42:49.125892631,T,TGT,,112,90.24
2025-10-08,9:42:49.127997639,T,TGT,I,19,90.25
2025-10-08,9:42:49.143222857,T,TGT,I,1,90.225
2025-10-08,9:42:55.300536544,T,TGT,,100,90.225
2025-10-08,9:43:02.279813390,T,TGT,F,100,90.19
2025-10-08,9:43:02.279816397,T,TGT,F I,15,90.19
2025-10-08,9:43:02.280081008,T,TGT,F I,1,90.18
2025-10-08,9:43:02.280108107,T,TGT,F I,1,90.18
2025-10-08,9:43:02.280324578,T,TGT,I,9,90.18
2025-10-08,9:43:02.280631339,T,TGT,F I,14,90.18
2025-10-08,9:43:09.522454622,T,TGT,F I,17,90.11
2025-10-08,9:43:09.522478853,T,TGT,F I,9,90.11
2025-10-08,9:43:09.522478853,T,TGT,F I,9,90.11
2025-10-08,9:43:09.522487746,T,TGT,F I,1,90.11
2025-10-08,9:43:09.709292746,T,TGT,F I,4,90.09
2025-10-08,9:43:17.443900226,T,TGT,F I,1,90.05
2025-10-08,9:43:17.443900226,T,TGT,F I,3,90.05
2025-10-08,9:43:17.443903270,T,TGT,F I,1,90.05
2025-10-08,9:43:17.443930291,T,TGT,I,2,90.05
2025-10-08,9:43:17.443936281,T,TGT,I,2,90.05
2025-10-08,9:43:17.443936281,T,TGT,I,2,90.05
2025-10-08,9:43:17.926514069,T,TGT,F I,1,90.08
2025-10-08,9:43:17.929424933,T,TGT,F I,34,90.06
2025-10-08,9:43:19.023205870,T,TGT,F I,2,90.08
2025-10-08,9:43:24.563253974,T,TGT,I,32,90.08
2025-10-08,9:43:24.563253974,T,TGT,I,9,90.08
2025-10-08,9:43:25.156889539,T,TGT,,100,90.09
2025-10-08,9:43:25.156889539,T,TGT,,100,90.09
2025-10-08,9:43:26.055225445,T,TGT,F I,2,90.11
2025-10-08,9:43:26.055264560,T,TGT,I,9,90.11
2025-10-08,9:43:27.235053414,T,TGT,F I,2,90.12
2025-10-08,9:43:27.235092503,T,TGT,I,9,90.12
2025-10-08,9:43:31.416684182,T,TGT,,100,90.14
2025-10-08,9:43:33.005254817,T,TGT,F I,2,90.14
2025-10-08,9:43:39.060944166,T,TGT,I,20,90.1
2025-10-08,9:43:46.016921506,T,TGT,,100,90.13
2025-10-08,9:43:53.663698740,T,TGT,F I,50,90.05
2025-10-08,9:43:53.663698740,T,TGT,F I,10,90.05
2025-10-08,9:44:00.475726137,T,TGT,I,10,90.02
2025-10-08,9:44:00.479692633,T,TGT,F I,19,90.03
2025-10-08,9:44:01.073388058,T,TGT,I,21,90.04
2025-10-08,9:44:09.087018886,T,TGT,F,125,90.06
2025-10-08,9:44:09.103109587,T,TGT,F I,2,90.07
2025-10-08,9:44:10.221188337,T,TGT,F,500,90.04
2025-10-08,9:44:10.495622183,T,TGT,,100,90.03
2025-10-08,9:44:10.495625370,T,TGT,I,67,90.04
2025-10-08,9:44:10.495625370,T,TGT,,150,90.05
2025-10-08,9:44:10.495628215,T,TGT,,255,90.06
2025-10-08,9:44:10.496376937,T,TGT,,255,90.06
2025-10-08,9:44:11.508928253,T,TGT,F,100,90.05
2025-10-08,9:44:12.987836750,T,TGT,F I,1,90.06
2025-10-08,9:44:12.987933041,T,TGT,I,2,90.055
2025-10-08,9:44:13.027531312,T,TGT,F I,62,90.07
2025-10-08,9:44:13.232174975,T,TGT,F I,12,90.09
2025-10-08,9:44:13.232177969,T,TGT,F,426,90.09
2025-10-08,9:44:13.233167236,T,TGT,F,100,90.1
2025-10-08,9:44:17.918344525,T,TGT,F I,21,90.11
2025-10-08,9:44:17.918344525,T,TGT,F I,37,90.11
2025-10-08,9:44:17.918949062,T,TGT,,100,90.1
2025-10-08,9:44:17.918952439,T,TGT,I,10,90.1
2025-10-08,9:44:17.918952439,T,TGT,,100,90.1
2025-10-08,9:44:19.149537971,T,TGT,I,1,90.095
2025-10-08,9:44:22.855808027,T,TGT,F I,24,90.1
2025-10-08,9:44:23.570622916,T,TGT,F,100,90.11
2025-10-08,9:44:23.571308591,T,TGT,F I,2,90.1
2025-10-08,9:44:25.161563237,T,TGT,F,100,90.1
2025-10-08,9:44:25.161647436,T,TGT,F,100,90.09
2025-10-08,9:44:25.161686530,T,TGT,F,100,90.08
2025-10-08,9:44:25.161686530,T,TGT,F I,25,90.08
2025-10-08,9:44:25.161725657,T,TGT,F I,75,90.08
2025-10-08,9:44:30.227119854,T,TGT,I,1,90.1
2025-10-08,9:44:30.516069430,T,TGT,F,100,90.12
2025-10-08,9:44:30.516339917,T,TGT,F I,12,90.13
2025-10-08,9:44:30.516473057,T,TGT,I,12,90.12
2025-10-08,9:44:30.516475354,T,TGT,I,30,90.12
2025-10-08,9:44:30.516478296,T,TGT,I,18,90.12
2025-10-08,9:44:30.516511633,T,TGT,I,10,90.12
2025-10-08,9:44:30.516544405,T,TGT,,100,90.11
2025-10-08,9:44:30.516547376,T,TGT,I,20,90.11
2025-10-08,9:44:30.516881240,T,TGT,I,12,90.12
2025-10-08,9:44:30.517611930,T,TGT,F,100,90.11
2025-10-08,9:44:30.530560808,T,TGT,F I,46,90.08
2025-10-08,9:44:30.534680597,T,TGT,F I,20,90.07
2025-10-08,9:44:31.793942647,T,TGT,F I,48,90.09
2025-10-08,9:44:31.793942647,T,TGT,F I,19,90.09
2025-10-08,9:44:31.793963743,T,TGT,F,337,90.09
2025-10-08,9:44:31.793966702,T,TGT,F I,2,90.09
2025-10-08,9:44:31.794829869,T,TGT,,100,90.09
2025-10-08,9:44:36.309777635,T,TGT,F I,2,90.11
2025-10-08,9:44:38.819253890,T,TGT,,100,90.1
2025-10-08,9:44:38.819256689,T,TGT,,100,90.09
2025-10-08,9:44:38.819256689,T,TGT,I,10,90.09
2025-10-08,9:44:40.312966042,T,TGT,,100,90.08
2025-10-08,9:44:44.854656437,T,TGT,I,10,90.1
2025-10-08,9:44:44.854999258,T,TGT,I,10,90.08
2025-10-08,9:44:54.246259744,T,TGT,I,1,90.09
2025-10-08,9:45:00.447255334,T,TGT,I,43,90.09
2025-10-08,9:45:00.447513983,T,TGT,I,17,90.09
2025-10-08,9:45:01.970934412,T,TGT,F,125,90.07
2025-10-08,9:45:01.971135949,T,TGT,F,125,90.07
2025-10-08,9:45:01.971172051,T,TGT,F I,33,90.07
2025-10-08,9:45:02.114547607,T,TGT,F I,70,90.09
2025-10-08,9:45:06.360209791,T,TGT,F I,26,90.06
2025-10-08,9:45:06.676590531,T,TGT,F I,5,90.05
2025-10-08,9:45:06.676641674,T,TGT,F I,11,90.05
2025-10-08,9:45:06.684102358,T,TGT,F I,67,90.06
2025-10-08,9:45:06.684115090,T,TGT,F I,33,90.06
2025-10-08,9:45:06.684115090,T,TGT,F I,92,90.06
2025-10-08,9:45:06.684117482,T,TGT,F I,8,90.06
2025-10-08,9:45:06.684120478,T,TGT,F I,59,90.06
2025-10-08,9:45:08.592403945,T,TGT,F I,2,90.05
2025-10-08,9:45:08.592406855,T,TGT,F I,30,90.05
2025-10-08,9:45:08.593074519,T,TGT,I,10,90.04
2025-10-08,9:45:08.643676054,T,TGT,F,100,90.07
2025-10-08,9:45:08.643676054,T,TGT,F,100,90.07
2025-10-08,9:45:08.643679179,T,TGT,F,100,90.07
2025-10-08,9:45:08.643859510,T,TGT,I,12,90.06
2025-10-08,9:45:08.643958645,T,TGT,I,16,90.06
2025-10-08,9:45:08.644009827,T,TGT,F,100,90.06
2025-10-08,9:45:08.644018810,T,TGT,F I,1,90.06
2025-10-08,9:45:08.644021806,T,TGT,F I,12,90.06
2025-10-08,9:45:08.644036923,T,TGT,F I,12,90.06
2025-10-08,9:45:08.644142223,T,TGT,I,9,90.05
2025-10-08,9:45:08.644145711,T,TGT,I,19,90.05
2025-10-08,9:45:08.644145711,T,TGT,,100,90.05
2025-10-08,9:45:08.644148426,T,TGT,,100,90.05
2025-10-08,9:45:08.644151134,T,TGT,I,9,90.05
2025-10-08,9:45:08.644161002,T,TGT,F,228,90.06
2025-10-08,9:45:08.644163142,T,TGT,F I,10,90.06
2025-10-08,9:45:08.644436890,T,TGT,I,32,90.05
2025-10-08,9:45:08.644445840,T,TGT,I,34,90.05
2025-10-08,9:45:08.644452076,T,TGT,F I,1,90.05
2025-10-08,9:45:08.644455137,T,TGT,I,33,90.05
2025-10-08,9:45:08.644457860,T,TGT,I,29,90.05
2025-10-08,9:45:08.644463920,T,TGT,,100,90.05
2025-10-08,9:45:08.644463920,T,TGT,I,12,90.05
2025-10-08,9:45:08.706751266,T,TGT,I,42,90.06
2025-10-08,9:45:08.710221582,T,TGT,,100,90.06
2025-10-08,9:45:09.341521595,T,TGT,,100,90.06
2025-10-08,9:45:10.028360988,T,TGT,,100,90.06
2025-10-08,9:45:12.372159968,T,TGT,I,45,90.06
2025-10-08,9:45:13.028157927,T,TGT,F,200,90.07
2025-10-08,9:45:17.028107557,T,TGT,,100,90.06
2025-10-08,9:45:17.028242942,T,TGT,F I,69,90.06
2025-10-08,9:45:17.028242942,T,TGT,F I,99,90.06
2025-10-08,9:45:18.903381505,T,TGT,F I,75,90.03
2025-10-08,9:45:18.903381505,T,TGT,F I,10,90.03
2025-10-08,9:45:18.903396545,T,TGT,F I,10,90.03
2025-10-08,9:45:18.904376794,T,TGT,F I,5,90.02
2025-10-08,9:45:19.164541649,T,TGT,I,1,90.01
2025-10-08,9:45:22.493565964,T,TGT,F I,1,90.0
2025-10-08,9:45:22.493565964,T,TGT,F I,22,90.0
2025-10-08,9:45:22.493569210,T,TGT,F I,18,90.0
2025-10-08,9:45:29.152227832,T,TGT,I,14,90.0
2025-10-08,9:45:29.152227832,T,TGT,I,15,90.0
2025-10-08,9:45:29.152231190,T,TGT,I,14,90.0
2025-10-08,9:45:29.152233896,T,TGT,I,9,90.0
2025-10-08,9:45:29.371826204,T,TGT,I,60,89.99
2025-10-08,9:45:29.371829086,T,TGT,I,1,89.99
2025-10-08,9:45:29.373564249,T,TGT,I,29,89.98
2025-10-08,9:45:32.276242057,T,TGT,F I,46,90.01
2025-10-08,9:45:32.276244799,T,TGT,F I,21,90.01
2025-10-08,9:45:35.182320417,T,TGT,F I,10,90.0
2025-10-08,9:45:36.756766573,T,TGT,F I,30,89.97
2025-10-08,9:45:38.189403809,T,TGT,I,21,89.98
2025-10-08,9:45:38.189403809,T,TGT,I,10,89.98
2025-10-08,9:45:38.190528456,T,TGT,I,8,90.0
2025-10-08,9:45:38.190537571,T,TGT,I,9,90.0
2025-10-08,9:45:38.190537571,T,TGT,I,8,90.0
2025-10-08,9:45:38.190543427,T,TGT,I,5,90.0
2025-10-08,9:45:38.190552566,T,TGT,I,1,90.0
2025-10-08,9:45:38.190646153,T,TGT,I,2,90.0
2025-10-08,9:45:38.190646153,T,TGT,I,4,90.0
2025-10-08,9:45:38.190651905,T,TGT,I,7,90.0
2025-10-08,9:45:38.190651905,T,TGT,I,6,90.0
2025-10-08,9:45:38.190654705,T,TGT,I,4,90.0
2025-10-08,9:45:38.191036666,T,TGT,I,17,89.98
2025-10-08,9:45:38.191042663,T,TGT,I,28,89.98
2025-10-08,9:45:38.191042663,T,TGT,I,10,89.98
2025-10-08,9:45:38.191313270,T,TGT,I,6,90.0
2025-10-08,9:45:38.191337427,T,TGT,I,1,90.0
2025-10-08,9:45:38.191364503,T,TGT,I,13,89.99
2025-10-08,9:45:38.191761388,T,TGT,I,2,89.99
2025-10-08,9:45:38.191785383,T,TGT,F I,98,89.99
2025-10-08,9:45:38.191785383,T,TGT,I,1,89.99
2025-10-08,9:45:38.191806462,T,TGT,I,1,89.99
2025-10-08,9:45:38.191824523,T,TGT,I,11,89.99
2025-10-08,9:45:38.191824523,T,TGT,I,20,89.99
2025-10-08,9:45:38.191926827,T,TGT,I,44,89.99
2025-10-08,9:45:38.191957436,T,TGT,I,8,89.98
2025-10-08,9:45:38.191965898,T,TGT,F I,6,89.99
2025-10-08,9:45:38.197926013,T,TGT,I,21,90.0
2025-10-08,9:45:38.197926013,T,TGT,I,8,90.0
2025-10-08,9:45:38.198014039,T,TGT,I,13,89.99
2025-10-08,9:45:38.198638739,T,TGT,I,9,89.99
2025-10-08,9:45:38.198638739,T,TGT,I,8,89.99
2025-10-08,9:45:38.198641770,T,TGT,I,13,89.99
2025-10-08,9:45:38.198744109,T,TGT,I,20,90.0
2025-10-08,9:45:38.198747061,T,TGT,,100,90.0
2025-10-08,9:45:38.198795618,T,TGT,,100,89.99
2025-10-08,9:45:38.198837783,T,TGT,I,11,89.99
2025-10-08,9:45:38.198840542,T,TGT,I,8,89.99
2025-10-08,9:45:38.198840542,T,TGT,I,5,89.99
2025-10-08,9:45:38.199110863,T,TGT,I,74,90.0
2025-10-08,9:45:38.199586156,T,TGT,I,26,90.0
2025-10-08,9:45:38.199586156,T,TGT,I,11,90.0
2025-10-08,9:45:38.199589306,T,TGT,I,42,90.0
2025-10-08,9:45:38.200190983,T,TGT,I,2,89.99
2025-10-08,9:45:38.200190983,T,TGT,I,28,89.99
2025-10-08,9:45:38.200891242,T,TGT,,100,89.99
2025-10-08,9:45:38.200894483,T,TGT,I,56,89.99
2025-10-08,9:45:38.200894483,T,TGT,I,2,89.99
2025-10-08,9:45:38.200897163,T,TGT,I,1,89.99
2025-10-08,9:45:38.200918229,T,TGT,F I,1,89.99
2025-10-08,9:45:38.200918229,T,TGT,I,1,89.99
2025-10-08,9:45:38.200984340,T,TGT,I,18,89.99
2025-10-08,9:45:49.003792964,T,TGT,F I,25,90.0
2025-10-08,9:45:49.003792964,T,TGT,F I,19,90.0
2025-10-08,9:45:49.003799407,T,TGT,F I,7,90.0
2025-10-08,9:45:50.721821918,T,TGT,I,1,89.985
2025-10-08,9:45:51.428634864,T,TGT,F I,3,89.97
2025-10-08,9:45:51.428646898,T,TGT,F I,12,89.97
2025-10-08,9:45:52.331355632,T,TGT,F,100,89.95
2025-10-08,9:45:52.331359163,T,TGT,F I,1,89.95
2025-10-08,9:45:52.331374082,T,TGT,I,1,89.95
2025-10-08,9:45:55.343527013,T,TGT,I,11,89.94
2025-10-08,9:45:55.950721600,T,TGT,I,11,89.95
2025-10-08,9:45:55.974577429,T,TGT,I,11,89.96
2025-10-08,9:45:55.974577429,T,TGT,I,50,89.98
2025-10-08,9:45:55.974580598,T,TGT,I,20,89.98
2025-10-08,9:45:55.974583468,T,TGT,I,10,89.98
2025-10-08,9:45:56.859354421,T,TGT,,100,89.965
2025-10-08,9:45:57.832999228,T,TGT,,100,89.965
2025-10-08,9:46:12.094623724,T,TGT,,100,89.955
2025-10-08,9:46:12.720739492,T,TGT,I,10,89.95
2025-10-08,9:46:13.430138558,T,TGT,F,100,89.94
2025-10-08,9:46:30.408619316,T,TGT,F,100,89.93
2025-10-08,9:46:36.117483499,T,TGT,I,4,89.96
2025-10-08,9:46:43.016547370,T,TGT,F I,26,89.99
2025-10-08,9:46:43.581286819,T,TGT,I,10,89.975
2025-10-08,9:46:45.581920616,T,TGT,F I,20,89.93
2025-10-08,9:46:45.581923248,T,TGT,F I,22,89.93
2025-10-08,9:46:45.582726133,T,TGT,F I,26,89.91
2025-10-08,9:46:45.582726133,T,TGT,F I,2,89.91
2025-10-08,9:46:45.582807363,T,TGT,F I,8,89.91
2025-10-08,9:46:45.686058383,T,TGT,F,166,89.9
2025-10-08,9:46:45.686068211,T,TGT,F I,10,89.9
2025-10-08,9:46:45.686068211,T,TGT,F I,10,89.9
2025-10-08,9:46:45.686512405,T,TGT,F I,2,89.89
2025-10-08,9:46:45.697852414,T,TGT,,100,89.88
2025-10-08,9:46:45.703093980,T,TGT,,100,89.87
2025-10-08,9:46:46.254613937,T,TGT,,100,89.89
2025-10-08,9:46:46.254716135,T,TGT,,100,89.9
2025-10-08,9:46:46.254800406,T,TGT,I,21,89.9
2025-10-08,9:46:46.261894271,T,TGT,,100,89.905
2025-10-08,9:46:46.269932449,T,TGT,I,80,89.89
2025-10-08,9:46:46.273670301,T,TGT,I,20,89.89
2025-10-08,9:46:52.133752830,T,TGT,F,100,89.9
2025-10-08,9:46:54.820756542,T,TGT,I,50,89.89
2025-10-08,9:46:54.821078280,T,TGT,I,10,89.89
2025-10-08,9:47:00.422243867,T,TGT,F,100,89.9
2025-10-08,9:47:02.246251465,T,TGT,I,10,89.86
2025-10-08,9:47:05.884361158,T,TGT,F,200,89.9
2025-10-08,9:47:21.624218726,T,TGT,F I,28,90.0
2025-10-08,9:47:21.624220779,T,TGT,F I,20,90.0
2025-10-08,9:47:21.624350163,T,TGT,I,50,89.975
2025-10-08,9:47:21.624383235,T,TGT,I,50,89.975
2025-10-08,9:47:21.624645078,T,TGT,I,50,89.97
2025-10-08,9:47:21.624648732,T,TGT,I,10,89.97
2025-10-08,9:47:21.624648732,T,TGT,I,20,89.97
2025-10-08,9:47:21.624654106,T,TGT,I,19,89.97
2025-10-08,9:47:21.625017768,T,TGT,I,20,89.97
2025-10-08,9:47:21.625068785,T,TGT,I,38,89.99
2025-10-08,9:47:21.625143968,T,TGT,I,19,89.97
2025-10-08,9:47:21.625252688,T,TGT,I,20,90.0
2025-10-08,9:47:21.625300399,T,TGT,I,14,89.99
2025-10-08,9:47:21.625691264,T,TGT,F I,2,89.99
2025-10-08,9:47:22.822611963,T,TGT,I,20,90.0
2025-10-08,9:47:22.824085455,T,TGT,,100,90.01
2025-10-08,9:47:22.824085455,T,TGT,,100,90.01
2025-10-08,9:47:26.408920247,T,TGT,F,100,89.965
2025-10-08,9:47:33.936974580,T,TGT,F,100,89.9
2025-10-08,9:47:33.936978393,T,TGT,F,100,89.9
2025-10-08,9:47:35.940067808,T,TGT,F I,11,89.89
2025-10-08,9:47:48.115015338,T,TGT,F,100,89.92
2025-10-08,9:47:52.128118804,T,TGT,I,24,89.94
2025-10-08,9:47:52.128118804,T,TGT,I,80,89.94
2025-10-08,9:47:55.487863806,T,TGT,F I,22,89.91
2025-10-08,9:47:56.890838405,T,TGT,F I,30,89.95
2025-10-08,9:48:05.034095524,T,TGT,F I,20,89.96
2025-10-08,9:48:05.034176527,T,TGT,F,100,89.97
2025-10-08,9:48:05.034176527,T,TGT,F,200,89.97
2025-10-08,9:48:05.035063644,T,TGT,F I,28,89.99
2025-10-08,9:48:05.055521380,T,TGT,I,13,89.99
2025-10-08,9:48:05.057963233,T,TGT,I,68,90.0
2025-10-08,9:48:05.058949616,T,TGT,I,55,89.995
2025-10-08,9:48:05.067432782,T,TGT,I,13,90.01
2025-10-08,9:48:05.067450900,T,TGT,I,55,90.01
2025-10-08,9:48:05.067457011,T,TGT,I,1,90.01
2025-10-08,9:48:05.068013199,T,TGT,F I,13,90.01
2025-10-08,9:48:06.153094934,T,TGT,F I,3,90.03
2025-10-08,9:48:06.153094934,T,TGT,F I,20,90.03
2025-10-08,9:48:06.153097385,T,TGT,F I,10,90.03
2025-10-08,9:48:18.293354065,T,TGT,F I,10,90.02
2025-10-08,9:48:21.531534973,T,TGT,F I,20,89.95
2025-10-08,9:48:21.531541213,T,TGT,F I,4,89.95
2025-10-08,9:48:21.540057289,T,TGT,F I,1,89.95
2025-10-08,9:48:21.605481878,T,TGT,F I,25,89.94
2025-10-08,9:48:21.871001763,T,TGT,F I,25,89.92
2025-10-08,9:48:21.871049885,T,TGT,I,75,89.92
2025-10-08,9:48:24.965130422,T,TGT,,100,89.915
2025-10-08,9:48:26.520896006,T,TGT,I,2,89.91
2025-10-08,9:48:31.859806780,T,TGT,F I,1,89.86
2025-10-08,9:48:31.859824763,T,TGT,F I,1,89.86
2025-10-08,9:48:31.859827867,T,TGT,F I,1,89.86
2025-10-08,9:48:33.435392603,T,TGT,I,10,89.85
2025-10-08,9:48:33.560839423,T,TGT,F I,30,89.84
2025-10-08,9:48:38.422531271,T,TGT,F,125,89.83
2025-10-08,9:48:46.171874465,T,TGT,I,19,89.84
2025-10-08,9:48:46.171894902,T,TGT,F,149,89.84
2025-10-08,9:48:46.172252715,T,TGT,,100,89.85
2025-10-08,9:48:46.172526352,T,TGT,,100,89.85
2025-10-08,9:48:50.457525202,T,TGT,,100,89.85
2025-10-08,9:48:51.797953671,T,TGT,,100,89.85
2025-10-08,9:48:52.002398745,T,TGT,,100,89.85
2025-10-08,9:48:52.691608307,T,TGT,F,100,89.85
2025-10-08,9:48:53.640112548,T,TGT,,100,89.85
2025-10-08,9:49:07.371472045,T,TGT,F,100,89.87
2025-10-08,9:49:07.371502142,T,TGT,F I,11,89.88
2025-10-08,9:49:07.371505148,T,TGT,F I,7,89.88
2025-10-08,9:49:08.657537123,T,TGT,,100,89.85
2025-10-08,9:49:08.742964620,T,TGT,F,100,89.85
2025-10-08,9:49:10.431499467,T,TGT,,100,89.86
2025-10-08,9:49:14.738258180,T,TGT,F I,19,89.87
2025-10-08,9:49:14.738276223,T,TGT,F I,81,89.87
2025-10-08,9:49:14.755435126,T,TGT,F,100,89.87
2025-10-08,9:49:15.364238620,T,TGT,F I,1,89.89
2025-10-08,9:49:15.364283728,T,TGT,,100,89.88
2025-10-08,9:49:17.160920144,T,TGT,,100,89.91
2025-10-08,9:49:17.160923187,T,TGT,,100,89.91
2025-10-08,9:49:33.569272758,T,TGT,F,100,89.88
2025-10-08,9:49:33.569898314,T,TGT,F I,10,89.86
2025-10-08,9:49:34.167000794,T,TGT,F,100,89.86
2025-10-08,9:49:48.480066213,T,TGT,F,250,89.85
2025-10-08,9:49:48.480069118,T,TGT,F I,10,89.85
2025-10-08,9:49:48.764886681,T,TGT,F,100,89.815
2025-10-08,9:49:51.988834735,T,TGT,F I,89,89.85
2025-10-08,9:49:51.989424041,T,TGT,F I,13,89.87
2025-10-08,9:49:51.989430528,T,TGT,,100,89.85
2025-10-08,9:49:51.990118701,T,TGT,I,16,89.85
2025-10-08,9:49:51.997615922,T,TGT,F I,84,89.85
2025-10-08,9:49:51.997615922,T,TGT,F I,41,89.85
2025-10-08,9:49:51.997838098,T,TGT,,100,89.85
2025-10-08,9:49:53.635239127,T,TGT,I,1,89.85
2025-10-08,9:50:00.583211521,T,TGT,F,100,89.86
2025-10-08,9:50:00.583214615,T,TGT,F,100,89.86
2025-10-08,9:50:10.104952559,T,TGT,F I,8,89.87
2025-10-08,9:50:10.104977271,T,TGT,F I,7,89.87
2025-10-08,9:50:10.104979779,T,TGT,F I,85,89.87
2025-10-08,9:50:10.104982650,T,TGT,F I,11,89.87
2025-10-08,9:50:10.105069809,T,TGT,F I,11,89.88
2025-10-08,9:50:10.105538941,T,TGT,I,55,89.88
2025-10-08,9:50:10.105559964,T,TGT,I,45,89.88
2025-10-08,9:50:10.340816465,T,TGT,,100,89.89
2025-10-08,9:50:10.341859960,T,TGT,F,100,89.87
2025-10-08,9:50:10.342371159,T,TGT,F,100,89.87
2025-10-08,9:50:17.090989608,T,TGT,I,21,89.84
2025-10-08,9:50:17.090989608,T,TGT,I,21,89.84
2025-10-08,9:50:17.090995488,T,TGT,I,20,89.84
2025-10-08,9:50:17.090995488,T,TGT,I,13,89.84
2025-10-08,9:50:17.377247452,T,TGT,I,20,89.82
2025-10-08,9:50:17.377250521,T,TGT,I,10,89.82
2025-10-08,9:50:22.268556890,T,TGT,F I,22,89.86
2025-10-08,9:50:22.268556890,T,TGT,F I,82,89.86
2025-10-08,9:50:23.950987181,T,TGT,,100,89.88
2025-10-08,9:50:29.037401412,T,TGT,I,1,89.86
2025-10-08,9:50:29.037997658,T,TGT,I,18,89.86
2025-10-08,9:50:29.037999906,T,TGT,I,10,89.86
2025-10-08,9:50:29.085627417,T,TGT,I,27,89.86
2025-10-08,9:50:34.462858579,T,TGT,F I,23,89.81
2025-10-08,9:50:34.463414891,T,TGT,I,10,89.81
2025-10-08,9:50:34.487487147,T,TGT,I,1,89.8
2025-10-08,9:50:34.487490223,T,TGT,I,23,89.8
2025-10-08,9:50:42.147285491,T,TGT,F I,12,89.8
2025-10-08,9:50:42.147288519,T,TGT,F I,14,89.8
2025-10-08,9:50:42.147312632,T,TGT,I,10,89.8
2025-10-08,9:50:42.147856833,T,TGT,F I,23,89.79
2025-10-08,9:50:49.512234191,T,TGT,I,34,89.81
2025-10-08,9:50:52.660594038,T,TGT,F I,10,89.78
2025-10-08,9:51:03.677879281,T,TGT,,100,89.81
2025-10-08,9:51:03.678375490,T,TGT,F I,1,89.83
2025-10-08,9:51:03.721401950,T,TGT,I,41,89.82
2025-10-08,9:51:04.233991255,T,TGT,I,4,89.815
2025-10-08,9:51:05.006246041,T,TGT,F I,3,89.81
2025-10-08,9:51:05.006246041,T,TGT,F I,1,89.81
2025-10-08,9:51:24.806643988,T,TGT,F I,26,89.83
2025-10-08,9:51:24.806779370,T,TGT,F,122,89.84
2025-10-08,9:51:24.806803646,T,TGT,F I,78,89.84
2025-10-08,9:51:24.806806408,T,TGT,F,100,89.84
2025-10-08,9:51:24.806806408,T,TGT,F I,5,89.84
2025-10-08,9:51:24.806947750,T,TGT,I,1,89.85
2025-10-08,9:51:24.806950865,T,TGT,I,1,89.85
2025-10-08,9:51:24.806953787,T,TGT,I,1,89.85
2025-10-08,9:51:24.806953787,T,TGT,I,2,89.85
2025-10-08,9:51:24.807416883,T,TGT,I,4,89.86
2025-10-08,9:51:24.807422883,T,TGT,I,4,89.86
2025-10-08,9:51:24.807422883,T,TGT,I,1,89.86
2025-10-08,9:51:24.807426390,T,TGT,I,3,89.86
2025-10-08,9:51:24.807429036,T,TGT,I,2,89.86
2025-10-08,9:51:24.807429036,T,TGT,I,1,89.86
2025-10-08,9:51:25.128660189,T,TGT,,100,89.85
2025-10-08,9:51:25.128687278,T,TGT,F I,10,89.855
2025-10-08,9:51:26.469870790,T,TGT,I,14,89.84
2025-10-08,9:51:26.469870790,T,TGT,I,12,89.84
2025-10-08,9:51:37.032102633,T,TGT,F,100,89.84
2025-10-08,9:51:37.032247295,T,TGT,F,100,89.85
2025-10-08,9:51:37.032343260,T,TGT,F,125,89.85
2025-10-08,9:51:37.032665061,T,TGT,,100,89.85
2025-10-08,9:51:37.032665061,T,TGT,I,75,89.85
2025-10-08,9:51:37.032667976,T,TGT,,100,89.85
2025-10-08,9:51:39.251197674,T,TGT,I,1,89.85
2025-10-08,9:51:50.412360655,T,TGT,F,125,89.86
2025-10-08,9:51:54.893020950,T,TGT,I,30,89.88
2025-10-08,9:51:54.893020950,T,TGT,I,31,89.88
2025-10-08,9:51:54.893026838,T,TGT,I,28,89.88
2025-10-08,9:51:54.893026838,T,TGT,I,11,89.88
2025-10-08,9:51:54.893029783,T,TGT,I,8,89.88
2025-10-08,9:51:54.893044751,T,TGT,F I,23,89.88
2025-10-08,9:51:54.893050804,T,TGT,F I,75,89.86
2025-10-08,9:51:54.893068947,T,TGT,,111,89.87
2025-10-08,9:51:54.893071789,T,TGT,I,14,89.87
2025-10-08,9:51:54.893074760,T,TGT,,100,89.87
2025-10-08,9:51:54.893074760,T,TGT,I,69,89.88
2025-10-08,9:51:54.893351507,T,TGT,F,100,89.87
2025-10-08,9:51:54.893387506,T,TGT,,100,89.87
2025-10-08,9:51:54.893411605,T,TGT,I,1,89.87
2025-10-08,9:51:54.893498792,T,TGT,I,10,89.88
2025-10-08,9:51:54.893507915,T,TGT,F I,5,89.88
2025-10-08,9:51:54.893574151,T,TGT,F I,3,89.88
2025-10-08,9:51:54.893576967,T,TGT,F I,1,89.88
2025-10-08,9:51:54.893586006,T,TGT,F I,14,89.88
2025-10-08,9:51:54.893613538,T,TGT,I,13,89.88
2025-10-08,9:51:54.893616566,T,TGT,I,13,89.88
2025-10-08,9:51:54.893616566,T,TGT,F I,72,89.88
2025-10-08,9:51:54.893619112,T,TGT,F I,17,89.88
2025-10-08,9:51:54.893916866,T,TGT,F I,1,89.89
2025-10-08,9:51:54.893919939,T,TGT,F I,19,89.89
2025-10-08,9:51:54.894335114,T,TGT,F I,15,89.88
2025-10-08,9:51:54.894337814,T,TGT,F I,39,89.88
2025-10-08,9:51:56.082976875,T,TGT,F I,4,89.9
2025-10-08,9:51:56.083046009,T,TGT,,100,89.9
2025-10-08,9:51:56.126030852,T,TGT,F I,23,89.9
2025-10-08,9:51:56.126033490,T,TGT,F I,58,89.9
2025-10-08,9:51:56.126036452,T,TGT,F I,10,89.9
2025-10-08,9:51:56.126036452,T,TGT,F,100,89.9
2025-10-08,9:51:56.126637904,T,TGT,,100,89.89
2025-10-08,9:51:56.127245356,T,TGT,I,15,89.9
2025-10-08,9:51:56.137217104,T,TGT,,100,89.9
2025-10-08,9:51:56.215556747,T,TGT,F I,1,89.91
2025-10-08,9:51:56.343376249,T,TGT,F I,2,89.93
2025-10-08,9:51:56.343415364,T,TGT,I,2,89.93
2025-10-08,9:51:56.422936803,T,TGT,F I,15,89.92
2025-10-08,9:51:56.422945860,T,TGT,F I,90,89.92
2025-10-08,9:51:58.520097259,T,TGT,F I,46,89.93
2025-10-08,9:51:58.520097259,T,TGT,F I,20,89.93
2025-10-08,9:51:58.529584664,T,TGT,,100,89.91
2025-10-08,9:51:58.673904480,T,TGT,,100,89.91
2025-10-08,9:52:06.814740897,T,TGT,F,125,89.94
2025-10-08,9:52:09.420984065,T,TGT,F I,67,89.95
2025-10-08,9:52:10.796325825,T,TGT,F I,10,89.93
2025-10-08,9:52:11.651373882,T,TGT,F I,10,89.94
2025-10-08,9:52:11.653015853,T,TGT,I,23,89.95
2025-10-08,9:52:11.697302384,T,TGT,I,11,89.95
2025-10-08,9:52:12.342035391,T,TGT,,225,89.94
2025-10-08,9:52:12.342039020,T,TGT,,200,89.95
2025-10-08,9:52:12.342041906,T,TGT,,104,89.95
2025-10-08,9:52:12.342041906,T,TGT,I,17,89.96
2025-10-08,9:52:12.342045406,T,TGT,I,50,89.96
2025-10-08,9:52:12.342045406,T,TGT,,100,89.96
2025-10-08,9:52:12.342047516,T,TGT,,100,89.96
2025-10-08,9:52:12.342687888,T,TGT,F,100,89.93
2025-10-08,9:52:12.342947781,T,TGT,,100,89.93
2025-10-08,9:52:12.342949524,T,TGT,,100,89.93
2025-10-08,9:52:12.342955793,T,TGT,I,82,89.93
2025-10-08,9:52:12.342988617,T,TGT,,1025,89.93
2025-10-08,9:52:12.343037679,T,TGT,I,26,89.93
2025-10-08,9:52:12.343075828,T,TGT,I,8,89.93
2025-10-08,9:52:12.343280619,T,TGT,F I,16,89.92
2025-10-08,9:52:12.343283392,T,TGT,F I,1,89.92
2025-10-08,9:52:12.343496895,T,TGT,I,27,89.91
2025-10-08,9:52:12.343500269,T,TGT,I,13,89.91
2025-10-08,9:52:12.343500269,T,TGT,I,56,89.91
2025-10-08,9:52:12.343502852,T,TGT,I,29,89.91
2025-10-08,9:52:12.343523895,T,TGT,I,1,89.91
2025-10-08,9:52:12.344195355,T,TGT,F,170,89.91
2025-10-08,9:52:12.344212548,T,TGT,F I,12,89.91
2025-10-08,9:52:12.347948860,T,TGT,F,100,89.9
2025-10-08,9:52:12.347953518,T,TGT,F,100,89.9
2025-10-08,9:52:12.347953518,T,TGT,F I,50,89.9
2025-10-08,9:52:12.347956524,T,TGT,F,125,89.9
2025-10-08,9:52:12.347971700,T,TGT,F I,25,89.9
2025-10-08,9:52:12.348987881,T,TGT,F I,10,89.89
2025-10-08,9:52:12.349739785,T,TGT,F I,3,89.89
2025-10-08,9:52:12.482797795,T,TGT,,172,89.89
2025-10-08,9:52:12.482815823,T,TGT,I,1,89.89
2025-10-08,9:52:12.518372789,T,TGT,I,99,89.89
2025-10-08,9:52:12.518375829,T,TGT,I,16,89.89
2025-10-08,9:52:12.518378612,T,TGT,I,1,89.89
2025-10-08,9:52:12.518378612,T,TGT,,959,89.89
2025-10-08,9:52:12.518381541,T,TGT,I,37,89.89
2025-10-08,9:52:12.518393528,T,TGT,I,56,89.89
2025-10-08,9:52:12.518588994,T,TGT,I,7,89.89
2025-10-08,9:52:13.917320499,T,TGT,F,200,89.89
2025-10-08,9:52:13.917323471,T,TGT,F,100,89.89
2025-10-08,9:52:15.009050490,T,TGT,I,7,89.89
2025-10-08,9:52:15.124513530,T,TGT,,100,89.9
2025-10-08,9:52:15.124534580,T,TGT,I,1,89.9
2025-10-08,9:52:15.125671317,T,TGT,I,8,89.9
2025-10-08,9:52:20.222150498,T,TGT,F I,17,89.9
2025-10-08,9:52:20.222225700,T,TGT,I,34,89.91
2025-10-08,9:52:20.222225700,T,TGT,I,5,89.91
2025-10-08,9:52:20.493586462,T,TGT,F,100,89.91
2025-10-08,9:52:20.493875011,T,TGT,I,1,89.91
2025-10-08,9:52:20.494001300,T,TGT,I,99,89.91
2025-10-08,9:52:21.106693020,T,TGT,F I,2,89.91
2025-10-08,9:52:21.106711058,T,TGT,F,108,89.91
2025-10-08,9:52:36.853682746,T,TGT,I,30,89.93
2025-10-08,9:52:36.853686754,T,TGT,I,33,89.93
2025-10-08,9:52:36.853686754,T,TGT,I,28,89.93
2025-10-08,9:52:36.853688667,T,TGT,,100,89.93
2025-10-08,9:52:36.860773573,T,TGT,I,11,89.93
2025-10-08,9:52:37.106245402,T,TGT,,100,89.93
2025-10-08,9:52:38.899252206,T,TGT,I,2,89.94
2025-10-08,9:52:39.650986126,T,TGT,F I,10,89.93
2025-10-08,9:52:45.131613016,T,TGT,,255,89.91
2025-10-08,9:52:45.131615661,T,TGT,I,11,89.92
2025-10-08,9:52:45.131615661,T,TGT,I,34,89.92
2025-10-08,9:52:45.131633929,T,TGT,I,5,89.92
2025-10-08,9:52:45.131633929,T,TGT,I,2,89.92
2025-10-08,9:52:45.131660891,T,TGT,I,4,89.92
2025-10-08,9:52:45.131660891,T,TGT,I,70,89.92
2025-10-08,9:52:45.131685246,T,TGT,F,1130,89.92
2025-10-08,9:52:45.131687621,T,TGT,F I,3,89.92
2025-10-08,9:52:45.131690716,T,TGT,F I,7,89.92
2025-10-08,9:52:45.131699706,T,TGT,F,100,89.92
2025-10-08,9:52:45.131745280,T,TGT,,100,89.92
2025-10-08,9:52:56.748499420,T,TGT,I,12,89.92
2025-10-08,9:52:56.748502397,T,TGT,I,42,89.92
2025-10-08,9:53:14.604966800,T,TGT,F I,7,89.91
2025-10-08,9:53:14.604978792,T,TGT,F I,2,89.91
2025-10-08,9:53:14.605008930,T,TGT,F I,1,89.91
2025-10-08,9:53:14.605011856,T,TGT,F I,29,89.91
2025-10-08,9:53:14.605014887,T,TGT,F I,3,89.91
2025-10-08,9:53:14.605062965,T,TGT,F I,7,89.91
2025-10-08,9:53:14.605066669,T,TGT,F I,2,89.91
2025-10-08,9:53:14.605583251,T,TGT,F,125,89.91
2025-10-08,9:53:14.608948368,T,TGT,I,81,89.91
2025-10-08,9:53:15.158369247,T,TGT,I,1,89.91
2025-10-08,9:53:15.968610571,T,TGT,,100,89.92
2025-10-08,9:53:15.968610571,T,TGT,I,50,89.92
2025-10-08,9:53:15.981147424,T,TGT,F,100,89.92
2025-10-08,9:53:16.693794352,T,TGT,F I,1,89.93
2025-10-08,9:53:19.779617205,T,TGT,I,22,89.92
2025-10-08,9:53:31.145550238,T,TGT,,100,89.915
2025-10-08,9:53:33.844396125,T,TGT,,100,89.91
2025-10-08,9:53:33.845063735,T,TGT,I,10,89.92
2025-10-08,9:53:34.379806726,T,TGT,F I,1,89.93
2025-10-08,9:53:34.379815802,T,TGT,F,200,89.93
2025-10-08,9:53:34.379857869,T,TGT,I,11,89.94
2025-10-08,9:53:34.379864137,T,TGT,,166,89.94
2025-10-08,9:53:34.379864137,T,TGT,,106,89.94
2025-10-08,9:53:34.379864137,T,TGT,,200,89.94
2025-10-08,9:53:34.379869900,T,TGT,,100,89.94
2025-10-08,9:53:34.381256209,T,TGT,I,10,89.94
2025-10-08,9:53:34.381259212,T,TGT,I,9,89.94
2025-10-08,9:53:34.381262188,T,TGT,I,6,89.94
2025-10-08,9:53:34.381286759,T,TGT,I,85,89.94
2025-10-08,9:53:34.381319307,T,TGT,F I,99,89.94
2025-10-08,9:53:34.382023015,T,TGT,F I,1,89.94
2025-10-08,9:53:34.382023015,T,TGT,F I,15,89.94
2025-10-08,9:53:34.382029622,T,TGT,F,103,89.94
2025-10-08,9:53:34.382029622,T,TGT,F,697,89.94
2025-10-08,9:53:34.382032024,T,TGT,F,200,89.94
2025-10-08,9:53:34.382741725,T,TGT,I,25,89.94
2025-10-08,9:53:34.384371754,T,TGT,F I,33,89.93
2025-10-08,9:53:34.384371754,T,TGT,F I,17,89.93
2025-10-08,9:53:34.431075851,T,TGT,F,200,89.92
2025-10-08,9:53:34.431079221,T,TGT,F I,2,89.92
2025-10-08,9:53:34.431079221,T,TGT,F I,17,89.92
2025-10-08,9:53:34.431081930,T,TGT,F I,33,89.92
2025-10-08,9:53:34.441252180,T,TGT,,100,89.92
2025-10-08,9:53:34.528565147,T,TGT,,100,89.92
2025-10-08,9:53:36.630404769,T,TGT,F I,50,89.94
2025-10-08,9:53:36.630516007,T,TGT,,200,89.93
2025-10-08,9:53:36.634235884,T,TGT,,125,89.94
2025-10-08,9:53:36.634247925,T,TGT,I,75,89.94
2025-10-08,9:53:36.715940526,T,TGT,,100,89.96
2025-10-08,9:53:36.716102845,T,TGT,F,100,89.97
2025-10-08,9:53:36.716123990,T,TGT,I,1,89.97
2025-10-08,9:53:36.716162985,T,TGT,F I,44,89.97
2025-10-08,9:53:36.718123673,T,TGT,I,28,89.97
2025-10-08,9:53:36.719242330,T,TGT,F I,4,89.98
2025-10-08,9:53:36.719242330,T,TGT,F,100,89.98
2025-10-08,9:53:36.719618307,T,TGT,,255,89.98
2025-10-08,9:53:36.720523367,T,TGT,I,45,89.98
2025-10-08,9:53:36.817279194,T,TGT,F I,30,89.99
2025-10-08,9:53:36.817285338,T,TGT,F I,30,89.97
2025-10-08,9:53:36.817288129,T,TGT,F I,10,89.97
2025-10-08,9:53:36.817324374,T,TGT,I,18,89.98
2025-10-08,9:53:36.817336024,T,TGT,F I,12,89.98
2025-10-08,9:53:36.938810477,T,TGT,F I,17,89.985
2025-10-08,9:53:36.938816525,T,TGT,F I,4,89.985
2025-10-08,9:53:36.939405948,T,TGT,F I,11,89.98
2025-10-08,9:53:36.939405948,T,TGT,F I,18,89.98
2025-10-08,9:53:36.939790802,T,TGT,I,7,89.98
2025-10-08,9:53:36.940434485,T,TGT,F,100,89.98
2025-10-08,9:53:37.241917673,T,TGT,F I,1,89.99
2025-10-08,9:53:37.241917673,T,TGT,F I,6,89.99
2025-10-08,9:53:39.956746606,T,TGT,I,10,89.975
2025-10-08,9:53:39.956800746,T,TGT,I,10,89.97
2025-10-08,9:53:39.957107471,T,TGT,I,20,89.98
2025-10-08,9:53:39.957107471,T,TGT,I,38,89.99
2025-10-08,9:53:39.957110509,T,TGT,I,80,89.99
2025-10-08,9:53:39.957799096,T,TGT,I,53,89.98
2025-10-08,9:53:39.957805256,T,TGT,I,27,89.98
2025-10-08,9:53:40.491522692,T,TGT,F I,38,89.96
2025-10-08,9:53:40.492451891,T,TGT,F,100,89.95
2025-10-08,9:53:40.492451891,T,TGT,F I,12,89.95
2025-10-08,9:53:40.492455294,T,TGT,F I,52,89.95
2025-10-08,9:53:40.492472929,T,TGT,I,1,89.95
2025-10-08,9:53:42.811231336,T,TGT,F I,4,89.95
2025-10-08,9:53:42.811249430,T,TGT,F I,43,89.95
2025-10-08,9:53:42.811252340,T,TGT,F,100,89.95
2025-10-08,9:53:42.811274888,T,TGT,I,10,89.95
2025-10-08,9:53:42.811312534,T,TGT,F I,3,89.95
2025-10-08,9:53:42.811318495,T,TGT,F I,1,89.95
2025-10-08,9:53:42.811348811,T,TGT,F I,96,89.95
2025-10-08,9:53:42.811348811,T,TGT,F I,1,89.95
2025-10-08,9:53:42.811351605,T,TGT,I,99,89.95
2025-10-08,9:53:42.811760553,T,TGT,F,100,89.95
2025-10-08,9:53:42.812070309,T,TGT,F I,16,89.95
2025-10-08,9:53:42.816448721,T,TGT,F I,3,89.95
2025-10-08,9:53:42.816773740,T,TGT,F I,39,89.96
2025-10-08,9:53:42.816773740,T,TGT,F I,17,89.96
2025-10-08,9:53:42.816776905,T,TGT,F I,29,89.96
2025-10-08,9:53:42.817591738,T,TGT,F I,14,89.95
2025-10-08,9:53:42.817591738,T,TGT,F I,39,89.95
2025-10-08,9:53:42.817594860,T,TGT,F I,43,89.95
2025-10-08,9:53:42.817594860,T,TGT,F I,29,89.95
2025-10-08,9:53:42.817597520,T,TGT,F I,14,89.95
2025-10-08,9:53:42.817612508,T,TGT,I,1,89.95
2025-10-08,9:53:43.022689100,T,TGT,I,2,89.95
2025-10-08,9:53:43.022689100,T,TGT,I,2,89.95
2025-10-08,9:53:43.022692177,T,TGT,I,6,89.95
2025-10-08,9:53:43.022716154,T,TGT,I,24,89.95
2025-10-08,9:53:54.021044508,T,TGT,I,18,89.94
2025-10-08,9:53:54.021739015,T,TGT,I,82,89.92
2025-10-08,9:53:54.021763036,T,TGT,I,1,89.92
2025-10-08,9:53:54.021763036,T,TGT,I,1,89.92
2025-10-08,9:54:03.033314806,T,TGT,F I,2,89.93
2025-10-08,9:54:09.279276636,T,TGT,I,1,89.93
2025-10-08,9:54:13.834580528,T,TGT,I,16,89.92
2025-10-08,9:54:13.835254749,T,TGT,I,10,89.9
2025-10-08,9:54:13.835258188,T,TGT,I,20,89.9
2025-10-08,9:54:13.835258188,T,TGT,I,11,89.9
2025-10-08,9:54:13.835260153,T,TGT,I,59,89.9
2025-10-08,9:54:13.835263111,T,TGT,I,41,89.9
2025-10-08,9:54:13.835269612,T,TGT,,100,89.9
2025-10-08,9:54:13.835269612,T,TGT,,100,89.9
2025-10-08,9:54:13.835272203,T,TGT,I,10,89.9
2025-10-08,9:54:13.855835456,T,TGT,F I,15,89.88
2025-10-08,9:54:17.666757673,T,TGT,I,1,89.86
2025-10-08,9:54:17.666760876,T,TGT,I,44,89.86
2025-10-08,9:54:17.666760876,T,TGT,I,1,89.86
2025-10-08,9:54:17.666764041,T,TGT,I,54,89.86
2025-10-08,9:54:17.666778867,T,TGT,F I,46,89.86
2025-10-08,9:54:17.666781577,T,TGT,F I,14,89.86
2025-10-08,9:54:17.666787558,T,TGT,F I,10,89.86
2025-10-08,9:54:17.667356001,T,TGT,F,100,89.85
2025-10-08,9:54:21.946529884,T,TGT,I,12,89.85
2025-10-08,9:54:21.953933631,T,TGT,F I,10,89.83
2025-10-08,9:54:21.953933631,T,TGT,F,100,89.83
2025-10-08,9:54:21.953937156,T,TGT,F,100,89.83
2025-10-08,9:54:21.953937156,T,TGT,F I,11,89.83
2025-10-08,9:54:21.953939521,T,TGT,F,100,89.83
2025-10-08,9:54:21.953978594,T,TGT,F I,20,89.82
2025-10-08,9:54:21.955160486,T,TGT,I,25,89.83
2025-10-08,9:54:21.955160486,T,TGT,I,3,89.83
2025-10-08,9:54:21.955223575,T,TGT,F I,44,89.84
2025-10-08,9:54:21.956411466,T,TGT,I,1,89.83
2025-10-08,9:54:22.015965546,T,TGT,F I,1,89.81
2025-10-08,9:54:22.016140274,T,TGT,F I,54,89.78
2025-10-08,9:54:22.016142862,T,TGT,F I,20,89.78
2025-10-08,9:54:22.016145749,T,TGT,F I,10,89.78
2025-10-08,9:54:22.016145749,T,TGT,F I,13,89.78
2025-10-08,9:54:22.016160845,T,TGT,I,1,89.78
2025-10-08,9:54:22.187271465,T,TGT,F I,40,89.8
2025-10-08,9:54:22.187271465,T,TGT,F I,10,89.79
2025-10-08,9:54:22.187274464,T,TGT,F I,10,89.79
2025-10-08,9:54:22.189644100,T,TGT,F I,10,89.77
2025-10-08,9:54:22.189944839,T,TGT,I,68,89.79
2025-10-08,9:54:22.190456052,T,TGT,I,16,89.81
2025-10-08,9:54:22.190567747,T,TGT,I,16,89.81
2025-10-08,9:54:22.190570309,T,TGT,I,68,89.81
2025-10-08,9:54:22.252379578,T,TGT,I,65,89.81
2025-10-08,9:54:22.252419544,T,TGT,I,3,89.81
2025-10-08,9:54:22.252419544,T,TGT,,100,89.81
2025-10-08,9:54:22.252421795,T,TGT,,100,89.81
2025-10-08,9:54:22.252812871,T,TGT,,100,89.8
2025-10-08,9:54:22.252812871,T,TGT,I,25,89.8
2025-10-08,9:54:22.252818618,T,TGT,,100,89.8
2025-10-08,9:54:22.252818618,T,TGT,I,17,89.8
2025-10-08,9:54:22.252818618,T,TGT,I,22,89.8
2025-10-08,9:54:27.828589798,T,TGT,F I,13,89.81
2025-10-08,9:54:27.828589798,T,TGT,F I,22,89.81
2025-10-08,9:54:27.828591690,T,TGT,F I,22,89.81
2025-10-08,9:54:27.828595208,T,TGT,F I,25,89.81
2025-10-08,9:54:27.828597703,T,TGT,F I,76,89.81
2025-10-08,9:54:27.828653044,T,TGT,I,24,89.81
2025-10-08,9:54:27.828658665,T,TGT,I,4,89.81
2025-10-08,9:54:27.828658665,T,TGT,I,77,89.81
2025-10-08,9:54:27.828664162,T,TGT,I,39,89.81
2025-10-08,9:54:29.381296068,T,TGT,F I,40,89.83
2025-10-08,9:54:30.122444720,T,TGT,,100,89.84
2025-10-08,9:54:30.542834353,T,TGT,,145,89.85
2025-10-08,9:54:30.542858379,T,TGT,I,1,89.85
2025-10-08,9:54:31.525816244,T,TGT,I,5,89.86
2025-10-08,9:54:34.313601985,T,TGT,F,100,89.85
2025-10-08,9:54:34.313605176,T,TGT,F I,16,89.85
2025-10-08,9:54:34.313605176,T,TGT,F I,10,89.85
2025-10-08,9:54:34.313620580,T,TGT,F I,10,89.85
2025-10-08,9:54:34.314862039,T,TGT,,125,89.83
2025-10-08,9:54:38.369906157,T,TGT,F I,18,89.86
2025-10-08,9:54:42.626577519,T,TGT,I,19,89.86
2025-10-08,9:54:42.626577519,T,TGT,I,12,89.86
2025-10-08,9:54:49.935632021,T,TGT,,100,89.85
2025-10-08,9:54:58.198135183,T,TGT,F I,23,89.87
2025-10-08,9:54:58.198144178,T,TGT,I,38,89.87
2025-10-08,9:55:06.579713085,T,TGT,F I,4,89.88
2025-10-08,9:55:06.579773675,T,TGT,I,96,89.88
2025-10-08,9:55:06.579773675,T,TGT,I,36,89.88
2025-10-08,9:55:06.579777115,T,TGT,I,16,89.88
2025-10-08,9:55:06.579777115,T,TGT,I,4,89.88
2025-10-08,9:55:06.579779234,T,TGT,I,1,89.88
2025-10-08,9:55:06.579782247,T,TGT,,100,89.88
2025-10-08,9:55:06.580425817,T,TGT,I,11,89.88
2025-10-08,9:55:06.580991168,T,TGT,I,2,89.88
2025-10-08,9:55:06.582076703,T,TGT,I,18,89.88
2025-10-08,9:55:06.582097766,T,TGT,I,12,89.88
2025-10-08,9:55:07.145186334,T,TGT,I,19,89.88
2025-10-08,9:55:09.779862223,T,TGT,I,10,89.875
2025-10-08,9:55:11.698177617,T,TGT,F I,18,89.86
2025-10-08,9:55:11.698198651,T,TGT,F I,30,89.85
2025-10-08,9:55:11.698649810,T,TGT,F I,2,89.84
2025-10-08,9:55:11.698652715,T,TGT,F I,11,89.84
2025-10-08,9:55:11.730477545,T,TGT,I,23,89.85
2025-10-08,9:55:11.730477545,T,TGT,I,10,89.85
2025-10-08,9:55:11.730477545,T,TGT,I,33,89.85
2025-10-08,9:55:14.637918525,T,TGT,F I,10,89.86
2025-10-08,9:55:14.638104913,T,TGT,I,90,89.86
2025-10-08,9:55:15.514687264,T,TGT,I,18,89.86
2025-10-08,9:55:15.514687264,T,TGT,I,82,89.86
2025-10-08,9:55:21.496481651,T,TGT,F I,60,89.85
2025-10-08,9:55:29.300380137,T,TGT,F I,1,89.88
2025-10-08,9:55:38.210987404,T,TGT,F I,24,89.88
2025-10-08,9:55:39.499641592,T,TGT,I,23,89.87
2025-10-08,9:55:39.526522668,T,TGT,,100,89.86
2025-10-08,9:55:39.526880506,T,TGT,,100,89.86
2025-10-08,9:55:39.527081951,T,TGT,,100,89.87
2025-10-08,9:55:39.527085067,T,TGT,I,10,89.87
2025-10-08,9:55:39.527085067,T,TGT,I,15,89.87
2025-10-08,9:55:39.527205279,T,TGT,F I,85,89.87
2025-10-08,9:55:39.527205279,T,TGT,F I,40,89.87
2025-10-08,9:55:39.527256427,T,TGT,,154,89.87
2025-10-08,9:55:39.533614686,T,TGT,F I,24,89.87
2025-10-08,9:55:39.533616534,T,TGT,F I,76,89.87
2025-10-08,9:55:40.030222663,T,TGT,F,184,89.87
2025-10-08,9:55:40.030222663,T,TGT,F I,1,89.87
2025-10-08,9:55:40.030689055,T,TGT,,100,89.87
2025-10-08,9:55:40.030691756,T,TGT,I,24,89.87
2025-10-08,9:55:40.031230037,T,TGT,I,23,89.89
2025-10-08,9:55:40.031236490,T,TGT,I,12,89.89
2025-10-08,9:55:40.031236490,T,TGT,I,20,89.89
2025-10-08,9:55:40.031239123,T,TGT,I,21,89.89
2025-10-08,9:55:41.520068198,T,TGT,F I,75,89.9
2025-10-08,9:55:41.520086330,T,TGT,F I,1,89.9
2025-10-08,9:55:41.520089406,T,TGT,I,1,89.9
2025-10-08,9:55:41.520161471,T,TGT,F I,49,89.9
2025-10-08,9:55:41.520441112,T,TGT,F I,99,89.9
2025-10-08,9:55:41.520441112,T,TGT,F I,1,89.9
2025-10-08,9:55:41.520474169,T,TGT,,116,89.9
2025-10-08,9:55:41.596495619,T,TGT,I,1,89.91
2025-10-08,9:55:41.596498964,T,TGT,I,23,89.9
2025-10-08,9:55:41.596501700,T,TGT,I,12,89.9
2025-10-08,9:55:41.596501700,T,TGT,I,65,89.9
2025-10-08,9:55:41.596504343,T,TGT,I,34,89.9
2025-10-08,9:55:41.596519364,T,TGT,I,1,89.9
2025-10-08,9:55:41.721082239,T,TGT,I,20,89.92
2025-10-08,9:55:41.721082239,T,TGT,I,5,89.92
2025-10-08,9:55:41.721082239,T,TGT,I,17,89.92
2025-10-08,9:55:41.736975592,T,TGT,I,23,89.93
2025-10-08,9:55:41.736978031,T,TGT,I,20,89.94
2025-10-08,9:55:41.736978031,T,TGT,I,6,89.94
2025-10-08,9:55:41.737387065,T,TGT,,100,89.93
2025-10-08,9:55:41.737390050,T,TGT,,100,89.93
2025-10-08,9:55:41.737390050,T,TGT,I,20,89.93
2025-10-08,9:55:45.089226526,T,TGT,F I,5,89.94
2025-10-08,9:55:45.089232548,T,TGT,F I,1,89.94
2025-10-08,9:55:45.089257187,T,TGT,F I,1,89.94
2025-10-08,9:55:45.089443286,T,TGT,F I,13,89.94
2025-10-08,9:55:45.089446096,T,TGT,F I,3,89.94
2025-10-08,9:55:45.339742003,T,TGT,F I,10,89.96
2025-10-08,9:55:45.339745245,T,TGT,F I,20,89.96
2025-10-08,9:55:45.339745245,T,TGT,F I,12,89.96
2025-10-08,9:55:45.819645775,T,TGT,F I,11,89.98
2025-10-08,9:55:45.820238202,T,TGT,F I,20,89.99
2025-10-08,9:55:45.820241145,T,TGT,F I,8,89.99
2025-10-08,9:55:46.088308823,T,TGT,F I,33,90.0
2025-10-08,9:55:46.088333791,T,TGT,F,1167,90.0
2025-10-08,9:55:46.088333791,T,TGT,F,100,90.0
2025-10-08,9:55:46.088335926,T,TGT,F,100,90.0
2025-10-08,9:55:46.088798999,T,TGT,F I,10,90.01
2025-10-08,9:55:46.089256070,T,TGT,F I,18,90.01
2025-10-08,9:55:46.089610939,T,TGT,F I,8,90.02
2025-10-08,9:55:46.089839543,T,TGT,,100,90.02
2025-10-08,9:55:46.389885406,T,TGT,F I,20,90.01
2025-10-08,9:55:48.682237831,T,TGT,F I,19,90.04
2025-10-08,9:55:48.682577611,T,TGT,I,20,90.04
2025-10-08,9:55:48.800512590,T,TGT,,100,90.05
2025-10-08,9:55:49.282380645,T,TGT,I,13,90.04
2025-10-08,9:55:51.596700397,T,TGT,,100,90.035
2025-10-08,9:55:56.285110568,T,TGT,F,400,89.99
2025-10-08,9:55:56.285113428,T,TGT,F,100,89.99
2025-10-08,9:55:56.285116718,T,TGT,F I,10,89.99
2025-10-08,9:55:56.285116718,T,TGT,F I,24,89.99
2025-10-08,9:55:56.285125461,T,TGT,F I,76,89.99
2025-10-08,9:55:56.286090850,T,TGT,I,13,89.99
2025-10-08,9:55:58.116681143,T,TGT,F,100,89.99
2025-10-08,9:56:01.568334531,T,TGT,F,100,90.0
2025-10-08,9:56:01.569230753,T,TGT,I,2,90.02
2025-10-08,9:56:01.569260735,T,TGT,F,100,90.02
2025-10-08,9:56:01.569266827,T,TGT,I,2,90.0
2025-10-08,9:56:01.569299843,T,TGT,I,98,90.0
2025-10-08,9:56:01.570150904,T,TGT,,100,90.01
2025-10-08,9:56:02.289560867,T,TGT,F,100,90.0
2025-10-08,9:56:02.289602993,T,TGT,F I,12,89.99
2025-10-08,9:56:04.405467940,T,TGT,F,100,90.0
2025-10-08,9:56:04.448380208,T,TGT,I,10,90.0
2025-10-08,9:56:05.133622671,T,TGT,,100,90.0
2025-10-08,9:56:06.396258950,T,TGT,F,100,90.0
2025-10-08,9:56:06.396691956,T,TGT,F,100,90.0
2025-10-08,9:56:06.527130768,T,TGT,,100,90.01
2025-10-08,9:56:06.527152484,T,TGT,I,16,90.01
2025-10-08,9:56:17.182894732,T,TGT,,157,90.005
2025-10-08,9:56:18.359026870,T,TGT,I,98,90.005
2025-10-08,9:56:18.374595150,T,TGT,F I,30,90.01
2025-10-08,9:56:18.374598193,T,TGT,F I,30,90.01
2025-10-08,9:56:18.374598193,T,TGT,F I,14,90.01
2025-10-08,9:56:18.374670132,T,TGT,F I,10,90.03
2025-10-08,9:56:18.374670132,T,TGT,F I,10,90.03
2025-10-08,9:56:18.375335612,T,TGT,F I,19,90.04
2025-10-08,9:56:19.349797296,T,TGT,I,1,90.05
2025-10-08,9:56:19.349824423,T,TGT,F I,1,90.05
2025-10-08,9:56:19.349824423,T,TGT,F I,13,90.05
2025-10-08,9:56:27.631889238,T,TGT,F I,10,90.03
2025-10-08,9:56:27.631892138,T,TGT,F I,18,90.03
2025-10-08,9:56:31.840382817,T,TGT,I,10,90.015
2025-10-08,9:56:31.840386277,T,TGT,,100,90.0
2025-10-08,9:56:31.840389781,T,TGT,,100,90.0
2025-10-08,9:56:31.840403788,T,TGT,I,90,90.0
2025-10-08,9:56:33.366146309,T,TGT,F I,11,90.025
2025-10-08,9:56:33.366146309,T,TGT,F I,4,90.025
2025-10-08,9:56:33.366149220,T,TGT,F I,79,90.025
2025-10-08,9:56:33.366170021,T,TGT,F I,6,90.025
2025-10-08,9:56:33.366173166,T,TGT,F I,70,90.04
2025-10-08,9:56:33.366173166,T,TGT,F I,3,90.04
2025-10-08,9:56:33.366176393,T,TGT,F I,17,90.04
2025-10-08,9:56:33.366314639,T,TGT,F I,1,90.05
2025-10-08,9:56:33.366341489,T,TGT,F I,7,90.05
2025-10-08,9:56:33.366341489,T,TGT,F I,99,90.05
2025-10-08,9:56:33.366885574,T,TGT,I,10,90.05
2025-10-08,9:56:33.367048039,T,TGT,I,53,90.05
2025-10-08,9:56:33.371258044,T,TGT,F I,21,90.05
2025-10-08,9:56:33.371261069,T,TGT,F,100,90.05
2025-10-08,9:56:38.333837271,T,TGT,F I,19,90.07
2025-10-08,9:56:38.333840294,T,TGT,F I,10,90.07
2025-10-08,9:56:41.439898348,T,TGT,F I,5,90.06
2025-10-08,9:56:44.089886845,T,TGT,F,100,90.07
2025-10-08,9:56:44.090266285,T,TGT,F I,7,90.08
2025-10-08,9:56:45.694210034,T,TGT,F I,32,90.09
2025-10-08,9:56:45.694212648,T,TGT,F I,10,90.09
2025-10-08,9:56:45.695024349,T,TGT,I,10,90.09
2025-10-08,9:56:45.695027009,T,TGT,I,50,90.09
2025-10-08,9:56:45.695114238,T,TGT,I,10,90.09
2025-10-08,9:56:45.883988317,T,TGT,,100,90.085
2025-10-08,9:56:50.001361835,T,TGT,F I,1,90.1
2025-10-08,9:56:50.001370724,T,TGT,F I,1,90.1
2025-10-08,9:56:50.001409866,T,TGT,I,48,90.1
2025-10-08,9:56:50.001969112,T,TGT,F I,83,90.1
2025-10-08,9:56:50.002002619,T,TGT,I,5,90.1
2025-10-08,9:56:50.002006049,T,TGT,I,5,90.1
2025-10-08,9:56:50.002008873,T,TGT,I,4,90.1
2025-10-08,9:56:50.002011293,T,TGT,I,3,90.1
2025-10-08,9:56:56.306914530,T,TGT,F I,56,90.13
2025-10-08,9:56:56.306914530,T,TGT,F I,23,90.13
2025-10-08,9:56:56.306919761,T,TGT,F,100,90.13
2025-10-08,9:56:56.348941561,T,TGT,F,100,90.15
2025-10-08,9:56:56.348941561,T,TGT,F,100,90.16
2025-10-08,9:56:56.349049738,T,TGT,I,21,90.15
2025-10-08,9:56:56.349218650,T,TGT,F I,10,90.15
2025-10-08,9:56:56.349239618,T,TGT,I,90,90.15
2025-10-08,9:56:56.349242218,T,TGT,I,21,90.15
2025-10-08,9:56:56.349311402,T,TGT,,100,90.15
2025-10-08,9:56:56.349311402,T,TGT,I,95,90.15
2025-10-08,9:56:56.349323467,T,TGT,I,5,90.15
2025-10-08,9:56:56.349404710,T,TGT,I,10,90.14
2025-10-08,9:56:56.349408142,T,TGT,I,10,90.14
2025-10-08,9:56:56.349408142,T,TGT,I,20,90.14
2025-10-08,9:56:56.493390784,T,TGT,F I,20,90.15
2025-10-08,9:56:56.493393651,T,TGT,F I,89,90.15
2025-10-08,9:56:56.493507903,T,TGT,F I,9,90.15
2025-10-08,9:56:56.493772534,T,TGT,F I,2,90.15
2025-10-08,9:57:00.369809077,T,TGT,F I,1,90.17
2025-10-08,9:57:00.675959636,T,TGT,I,41,90.2
2025-10-08,9:57:00.675962521,T,TGT,I,11,90.2
2025-10-08,9:57:00.676672342,T,TGT,I,22,90.19
2025-10-08,9:57:00.676672342,T,TGT,I,14,90.19
2025-10-08,9:57:03.780159126,T,TGT,I,2,90.18
2025-10-08,9:57:07.717012586,T,TGT,F I,22,90.19
2025-10-08,9:57:07.717848625,T,TGT,F I,48,90.2
2025-10-08,9:57:07.717848625,T,TGT,F,241,90.2
2025-10-08,9:57:07.717872717,T,TGT,,259,90.2
2025-10-08,9:57:07.717875661,T,TGT,I,7,90.2
2025-10-08,9:57:07.719030472,T,TGT,I,13,90.2
2025-10-08,9:57:07.719054469,T,TGT,I,1,90.2
2025-10-08,9:57:07.719102800,T,TGT,I,10,90.2
2025-10-08,9:57:07.722834456,T,TGT,,100,90.21
2025-10-08,9:57:11.948238048,T,TGT,F I,2,90.25
2025-10-08,9:57:11.949133537,T,TGT,F I,2,90.25
2025-10-08,9:57:11.949298977,T,TGT,I,20,90.26
2025-10-08,9:57:11.949301976,T,TGT,I,6,90.26
2025-10-08,9:57:11.949608681,T,TGT,F I,8,90.25
2025-10-08,9:57:11.949629728,T,TGT,I,1,90.25
2025-10-08,9:57:11.949653725,T,TGT,F I,9,90.25
2025-10-08,9:57:14.359318783,T,TGT,I,2,90.255
2025-10-08,9:57:15.072792598,T,TGT,F I,4,90.26
2025-10-08,9:57:15.072795647,T,TGT,F I,2,90.26
2025-10-08,9:57:16.097258394,T,TGT,F I,10,90.26
2025-10-08,9:57:16.097261774,T,TGT,F I,18,90.25
2025-10-08,9:57:16.097264351,T,TGT,F I,2,90.25
2025-10-08,9:57:16.457032460,T,TGT,F I,12,90.26
2025-10-08,9:57:16.457802315,T,TGT,I,10,90.26
2025-10-08,9:57:17.726684430,T,TGT,I,16,90.26
2025-10-08,9:57:17.726687852,T,TGT,I,6,90.25
2025-10-08,9:57:17.726690520,T,TGT,I,10,90.25
2025-10-08,9:57:17.726690520,T,TGT,I,50,90.25
2025-10-08,9:57:21.822833294,T,TGT,F I,2,90.25
2025-10-08,9:57:21.824075291,T,TGT,F I,9,90.27
2025-10-08,9:57:21.824075291,T,TGT,F I,18,90.27
2025-10-08,9:57:21.824803005,T,TGT,F I,31,90.27
2025-10-08,9:57:21.824806027,T,TGT,I,29,90.27
2025-10-08,9:57:21.824854409,T,TGT,F I,10,90.275
2025-10-08,9:57:21.824854409,T,TGT,F I,40,90.27
2025-10-08,9:57:21.824890205,T,TGT,I,3,90.27
2025-10-08,9:57:21.824890205,T,TGT,I,3,90.27
2025-10-08,9:57:21.824896811,T,TGT,I,3,90.27
2025-10-08,9:57:21.824896811,T,TGT,I,1,90.27
2025-10-08,9:57:21.825058780,T,TGT,F I,18,90.26
2025-10-08,9:57:21.825061653,T,TGT,F I,8,90.26
2025-10-08,9:57:21.825299243,T,TGT,I,10,90.26
2025-10-08,9:57:21.825410437,T,TGT,I,20,90.25
2025-10-08,9:57:25.105592350,T,TGT,I,11,90.25
2025-10-08,9:57:28.121194999,T,TGT,F I,10,90.24
2025-10-08,9:57:28.618745396,T,TGT,I,14,90.24
2025-10-08,9:57:28.618802548,T,TGT,F I,86,90.24
2025-10-08,9:57:28.618805477,T,TGT,F I,14,90.24
2025-10-08,9:57:28.618826598,T,TGT,I,1,90.24
2025-10-08,9:57:28.893218225,T,TGT,I,11,90.24
2025-10-08,9:57:28.893227457,T,TGT,F I,10,90.23
2025-10-08,9:57:28.893227457,T,TGT,F I,1,90.23
2025-10-08,9:57:28.893263463,T,TGT,I,20,90.22
2025-10-08,9:57:28.893266718,T,TGT,I,13,90.22
2025-10-08,9:57:28.893269346,T,TGT,I,34,90.22
2025-10-08,9:57:28.893269346,T,TGT,I,31,90.22
2025-10-08,9:57:28.893272404,T,TGT,I,21,90.22
2025-10-08,9:57:28.893299470,T,TGT,I,1,90.22
2025-10-08,9:57:28.893302464,T,TGT,I,21,90.22
2025-10-08,9:57:28.893305484,T,TGT,F I,79,90.22
2025-10-08,9:57:28.893308525,T,TGT,F I,8,90.22
2025-10-08,9:57:28.893311542,T,TGT,F I,2,90.22
2025-10-08,9:57:29.012578960,T,TGT,I,20,90.18
2025-10-08,9:57:29.012581929,T,TGT,I,19,90.18
2025-10-08,9:57:29.012584829,T,TGT,I,21,90.18
2025-10-08,9:57:29.012584829,T,TGT,I,13,90.18
2025-10-08,9:57:29.012599745,T,TGT,F I,27,90.18
2025-10-08,9:57:29.012614747,T,TGT,F I,3,90.18
2025-10-08,9:57:29.012620834,T,TGT,F I,1,90.18
2025-10-08,9:57:29.012623772,T,TGT,F I,1,90.18
2025-10-08,9:57:29.012647813,T,TGT,F I,95,90.18
2025-10-08,9:57:29.027918178,T,TGT,F,100,90.17
2025-10-08,9:57:29.027918178,T,TGT,F I,25,90.17
2025-10-08,9:57:29.027921158,T,TGT,F,100,90.17
2025-10-08,9:57:29.028540734,T,TGT,I,1,90.15
2025-10-08,9:57:29.904317221,T,TGT,F,125,90.165
2025-10-08,9:57:29.904365335,T,TGT,,125,90.165
2025-10-08,9:57:31.466575199,T,TGT,F,100,90.14
2025-10-08,9:57:31.466578305,T,TGT,F I,20,90.13
2025-10-08,9:57:31.466638386,T,TGT,F I,80,90.13
2025-10-08,9:57:31.466638386,T,TGT,F I,20,90.13
2025-10-08,9:57:31.467224823,T,TGT,F,200,90.13
2025-10-08,9:57:31.467224823,T,TGT,F I,3,90.13
2025-10-08,9:57:31.467720964,T,TGT,F I,63,90.13
2025-10-08,9:57:31.469302744,T,TGT,F I,1,90.13
2025-10-08,9:57:31.469311800,T,TGT,F I,3,90.12
2025-10-08,9:57:31.663183660,T,TGT,,100,90.12
2025-10-08,9:57:32.609481174,T,TGT,F I,15,90.11
2025-10-08,9:57:32.609484139,T,TGT,F,100,90.11
2025-10-08,9:57:33.433290809,T,TGT,F I,56,90.11
2025-10-08,9:57:39.248190649,T,TGT,F,100,90.1
2025-10-08,9:57:39.362739964,T,TGT,I,2,90.1
2025-10-08,9:57:42.829693402,T,TGT,F I,3,90.09
2025-10-08,9:57:42.829693402,T,TGT,F I,10,90.09
2025-10-08,9:57:42.829753614,T,TGT,F I,10,90.1
2025-10-08,9:57:42.829756630,T,TGT,F I,46,90.1
2025-10-08,9:57:43.974550980,T,TGT,I,12,90.1
2025-10-08,9:57:43.974550980,T,TGT,I,11,90.1
2025-10-08,9:57:43.977814641,T,TGT,F I,10,90.08
2025-10-08,9:57:43.977814641,T,TGT,F I,28,90.08
2025-10-08,9:57:43.977816792,T,TGT,F I,11,90.08
2025-10-08,9:57:43.977819937,T,TGT,F I,89,90.08
2025-10-08,9:57:43.977828819,T,TGT,I,15,90.1
2025-10-08,9:57:43.977831836,T,TGT,I,84,90.1
2025-10-08,9:57:43.977852868,T,TGT,I,22,90.09
2025-10-08,9:57:43.977852868,T,TGT,I,17,90.09
2025-10-08,9:57:43.977856292,T,TGT,,100,90.09
2025-10-08,9:57:43.977856292,T,TGT,,107,90.095
2025-10-08,9:57:43.977859704,T,TGT,I,50,90.1
2025-10-08,9:57:43.977859704,T,TGT,,255,90.1
2025-10-08,9:57:43.977867964,T,TGT,I,21,90.09
2025-10-08,9:57:43.978087384,T,TGT,I,9,90.09
2025-10-08,9:57:43.978111506,T,TGT,I,1,90.09
2025-10-08,9:57:43.978286050,T,TGT,F I,11,90.09
2025-10-08,9:57:43.978288858,T,TGT,F I,22,90.09
2025-10-08,9:57:43.978291922,T,TGT,F I,17,90.09
2025-10-08,9:57:43.978294904,T,TGT,F I,21,90.09
2025-10-08,9:57:43.978294904,T,TGT,F I,20,90.09
2025-10-08,9:57:47.017888717,T,TGT,I,2,90.09
2025-10-08,9:57:58.234906959,T,TGT,F,300,90.08
2025-10-08,9:57:59.636281586,T,TGT,,100,90.065
2025-10-08,9:57:59.636287940,T,TGT,F I,30,90.05
2025-10-08,9:57:59.636365808,T,TGT,I,70,90.05
2025-10-08,9:57:59.636432671,T,TGT,F I,20,90.04
2025-10-08,9:57:59.636434942,T,TGT,F I,10,90.04
2025-10-08,9:58:01.889643218,T,TGT,F I,22,90.09
2025-10-08,9:58:01.889661649,T,TGT,F I,78,90.09
2025-10-08,9:58:01.889676366,T,TGT,I,6,90.09
2025-10-08,9:58:01.889685856,T,TGT,I,34,90.09
2025-10-08,9:58:04.489700741,T,TGT,F I,30,90.13
2025-10-08,9:58:04.551488943,T,TGT,F I,14,90.13
2025-10-08,9:58:06.955058326,T,TGT,F,100,90.12
2025-10-08,9:58:07.614962623,T,TGT,I,95,90.12
2025-10-08,9:58:07.629069194,T,TGT,I,10,90.13
2025-10-08,9:58:08.494407818,T,TGT,F,100,90.11
2025-10-08,9:58:08.799207957,T,TGT,F,165,90.115
2025-10-08,9:58:16.830611010,T,TGT,F I,18,90.16
2025-10-08,9:58:17.781758671,T,TGT,F I,2,90.15
2025-10-08,9:58:19.711850720,T,TGT,F I,1,90.21
2025-10-08,9:58:19.711850720,T,TGT,F I,10,90.21
2025-10-08,9:58:19.711914113,T,TGT,F I,1,90.195
2025-10-08,9:58:19.711916513,T,TGT,F I,20,90.19
2025-10-08,9:58:19.711919759,T,TGT,F I,46,90.19
2025-10-08,9:58:19.711940734,T,TGT,F I,1,90.19
2025-10-08,9:58:19.711943325,T,TGT,F I,1,90.19
2025-10-08,9:58:19.718171098,T,TGT,I,17,90.18
2025-10-08,9:58:19.718174079,T,TGT,I,9,90.18
2025-10-08,9:58:20.103076186,T,TGT,F I,14,90.16
2025-10-08,9:58:20.103097158,T,TGT,I,1,90.16
2025-10-08,9:58:20.103109212,T,TGT,F I,5,90.16
2025-10-08,9:58:20.103172383,T,TGT,,100,90.16
2025-10-08,9:58:20.103193766,T,TGT,I,1,90.155
2025-10-08,9:58:20.103193766,T,TGT,I,66,90.155
2025-10-08,9:58:20.931273295,T,TGT,I,60,90.16
2025-10-08,9:58:20.931273295,T,TGT,I,20,90.16
2025-10-08,9:58:21.850665830,T,TGT,I,5,90.18
2025-10-08,9:58:23.769967527,T,TGT,F I,26,90.19
2025-10-08,9:58:23.769973448,T,TGT,F I,4,90.19
2025-10-08,9:58:23.769973448,T,TGT,F I,17,90.19
2025-10-08,9:58:24.483531457,T,TGT,F I,60,90.24
2025-10-08,9:58:24.484818482,T,TGT,I,11,90.24
2025-10-08,9:58:24.484935747,T,TGT,I,11,90.24
2025-10-08,9:58:28.163771557,T,TGT,F I,57,90.19
2025-10-08,9:58:30.310108114,T,TGT,F I,60,90.2
2025-10-08,9:58:32.401185108,T,TGT,F I,40,90.2
2025-10-08,9:58:32.401191096,T,TGT,F I,13,90.21
2025-10-08,9:58:32.401191096,T,TGT,F I,6,90.22
2025-10-08,9:58:33.559548455,T,TGT,F I,1,90.19
2025-10-08,9:58:33.559550756,T,TGT,F I,10,90.19
2025-10-08,9:58:33.559553849,T,TGT,F I,89,90.19
2025-10-08,9:58:33.559565882,T,TGT,F I,11,90.19
2025-10-08,9:58:33.559917626,T,TGT,F I,24,90.19
2025-10-08,9:58:33.595690865,T,TGT,F I,92,90.195
2025-10-08,9:58:33.681040204,T,TGT,F I,5,90.16
2025-10-08,9:58:33.681052260,T,TGT,F I,5,90.16
2025-10-08,9:58:33.681056048,T,TGT,F I,18,90.16
2025-10-08,9:58:33.681058397,T,TGT,F I,11,90.16
2025-10-08,9:58:33.681061246,T,TGT,F I,11,90.16
2025-10-08,9:58:42.509497736,T,TGT,F I,45,90.15
2025-10-08,9:58:45.125523301,T,TGT,,300,90.15
2025-10-08,9:58:45.125547426,T,TGT,,100,90.15
2025-10-08,9:58:45.125547426,T,TGT,F,100,90.15
2025-10-08,9:58:48.542705905,T,TGT,F,1000,90.14
2025-10-08,9:58:48.542708672,T,TGT,F,100,90.14
2025-10-08,9:58:48.542711576,T,TGT,F I,10,90.14
2025-10-08,9:58:58.684418781,T,TGT,F,100,90.14
2025-10-08,9:58:58.684647388,T,TGT,,100,90.14
2025-10-08,9:58:58.684650330,T,TGT,I,20,90.13
2025-10-08,9:59:01.432158175,T,TGT,I,16,90.115
2025-10-08,9:59:07.178040597,T,TGT,F I,21,90.13
2025-10-08,9:59:07.178043612,T,TGT,F,100,90.13
2025-10-08,9:59:07.179736694,T,TGT,F I,16,90.13
2025-10-08,9:59:07.180253881,T,TGT,,100,90.14
2025-10-08,9:59:09.435257344,T,TGT,I,10,90.13
2025-10-08,9:59:20.495157196,T,TGT,F I,20,90.13
2025-10-08,9:59:20.495157196,T,TGT,F I,20,90.13
2025-10-08,9:59:20.495800729,T,TGT,I,10,90.135
2025-10-08,9:59:29.336172608,T,TGT,I,2,90.14
2025-10-08,9:59:39.809564888,T,TGT,F,100,90.13
2025-10-08,9:59:39.809564888,T,TGT,F I,28,90.13
2025-10-08,9:59:39.809567492,T,TGT,F I,18,90.13
2025-10-08,9:59:39.809567492,T,TGT,F,200,90.13
2025-10-08,9:59:48.851286835,T,TGT,F I,11,90.14
2025-10-08,9:59:48.851286835,T,TGT,F I,91,90.14
2025-10-08,9:59:50.049819196,T,TGT,F I,19,90.16
2025-10-08,9:59:50.050438655,T,TGT,F I,48,90.17
2025-10-08,9:59:50.050501851,T,TGT,I,23,90.18
2025-10-08,9:59:50.050505184,T,TGT,I,39,90.18
2025-10-08,9:59:50.050507851,T,TGT,I,46,90.18
2025-10-08,9:59:50.050531894,T,TGT,F I,33,90.18
2025-10-08,9:59:50.050534965,T,TGT,F,100,90.18
2025-10-08,9:59:50.050652187,T,TGT,,100,90.18
2025-10-08,9:59:50.051193511,T,TGT,,100,90.17
2025-10-08,9:59:50.055129923,T,TGT,I,33,90.18
2025-10-08,9:59:50.125139684,T,TGT,F I,10,90.19
2025-10-08,9:59:50.125142717,T,TGT,F I,19,90.2
2025-10-08,9:59:50.125834283,T,TGT,F I,6,90.19
2025-10-08,9:59:50.939182319,T,TGT,F I,6,90.19
2025-10-08,9:59:50.939185172,T,TGT,F,100,90.19
2025-10-08,9:59:51.968432400,T,TGT,F,100,90.18
2025-10-08,9:59:51.968432400,T,TGT,F I,25,90.19
2025-10-08,9:59:52.320342698,T,TGT,I,10,90.18
2025-10-08,9:59:52.320348739,T,TGT,,100,90.16
2025-10-08,9:59:52.320348739,T,TGT,I,9,90.16
2025-10-08,9:59:52.320366768,T,TGT,I,1,90.16
2025-10-08,9:59:52.321184770,T,TGT,I,59,90.18
2025-10-08,9:59:52.321187879,T,TGT,F I,59,90.18
2025-10-08,9:59:52.321187879,T,TGT,F I,41,90.18
2025-10-08,9:59:53.223105453,T,TGT,F I,3,90.17
2025-10-08,9:59:53.223129499,T,TGT,I,1,90.17
2025-10-08,9:59:53.224976265,T,TGT,I,49,90.17
2025-10-08,9:59:53.224978897,T,TGT,I,20,90.17
2025-10-08,9:59:53.224981929,T,TGT,I,12,90.16
2025-10-08,9:59:53.225081231,T,TGT,I,88,90.16
2025-10-08,9:59:53.225081231,T,TGT,,100,90.16
2025-10-08,9:59:53.225436002,T,TGT,,100,90.16
2025-10-08,9:59:53.225451093,T,TGT,,100,90.15
2025-10-08,9:59:53.225466093,T,TGT,,100,90.16
2025-10-08,9:59:53.225475163,T,TGT,I,1,90.15
2025-10-08,9:59:53.225832958,T,TGT,I,98,90.15
2025-10-08,9:59:53.226187785,T,TGT,I,20,90.14
2025-10-08,9:59:53.226208877,T,TGT,I,1,90.14
2025-10-08,9:59:53.228533443,T,TGT,I,99,90.14
2025-10-08,9:59:53.228539449,T,TGT,,100,90.14
2025-10-08,9:59:53.440277069,T,TGT,F,100,90.15
2025-10-08,9:59:53.440764021,T,TGT,,100,90.15
2025-10-08,9:59:54.281338749,T,TGT,I,1,90.13
2025-10-08,9:59:58.471654277,T,TGT,I,10,90.13
2025-10-08,9:59:58.472183547,T,TGT,F,100,90.12
2025-10-08,9:59:58.472186296,T,TGT,F,100,90.12
2025-10-08,10:00:00.076535597,T,TGT,F I,17,90.09
2025-10-08,10:00:00.076580734,T,TGT,F I,50,90.09
2025-10-08,10:00:05.968848785,T,TGT,F,100,90.13
2025-10-08,10:00:07.377841483,T,TGT,,100,90.115
2025-10-08,10:00:07.377844031,T,TGT,,150,90.115
2025-10-08,10:00:07.377844031,T,TGT,,184,90.115
2025-10-08,10:00:14.148258077,T,TGT,F,100,90.13
2025-10-08,10:00:14.962697575,T,TGT,I,30,90.13
2025-10-08,10:00:17.345328056,T,TGT,F I,1,90.12
2025-10-08,10:00:17.508999746,T,TGT,F I,10,90.14
2025-10-08,10:00:18.520121937,T,TGT,F I,41,90.13
2025-10-08,10:00:18.520125013,T,TGT,F I,84,90.13
2025-10-08,10:00:18.520143013,T,TGT,F I,16,90.13
2025-10-08,10:00:19.504153384,T,TGT,F I,3,90.14
2025-10-08,10:00:19.766311923,T,TGT,F I,14,90.14
2025-10-08,10:00:19.766311923,T,TGT,F I,10,90.14
2025-10-08,10:00:22.401784924,T,TGT,,200,90.16
2025-10-08,10:00:22.402777258,T,TGT,,100,90.16
2025-10-08,10:00:22.403005850,T,TGT,I,1,90.16
2025-10-08,10:00:22.404605642,T,TGT,,199,90.16
2025-10-08,10:00:22.404608629,T,TGT,I,20,90.16
2025-10-08,10:00:22.423704345,T,TGT,I,10,90.16
2025-10-08,10:00:22.432370758,T,TGT,I,20,90.18
2025-10-08,10:00:22.451373916,T,TGT,I,10,90.17
2025-10-08,10:00:22.452164640,T,TGT,I,20,90.16
2025-10-08,10:00:22.452164640,T,TGT,I,10,90.16
2025-10-08,10:00:22.515470767,T,TGT,I,10,90.16
2025-10-08,10:00:22.515810583,T,TGT,,100,90.15
2025-10-08,10:00:22.515813624,T,TGT,F I,1,90.16
2025-10-08,10:00:22.516039159,T,TGT,I,89,90.16
2025-10-08,10:00:22.590995683,T,TGT,I,14,90.18
2025-10-08,10:00:22.673007225,T,TGT,,100,90.19
2025-10-08,10:00:22.673007225,T,TGT,,111,90.2
2025-10-08,10:00:22.673139437,T,TGT,I,23,90.19
2025-10-08,10:00:22.673139437,T,TGT,I,10,90.19
2025-10-08,10:00:22.704116233,T,TGT,,100,90.18
2025-10-08,10:00:22.986615295,T,TGT,I,28,90.18
2025-10-08,10:00:23.006642953,T,TGT,F I,30,90.19
2025-10-08,10:00:23.006645935,T,TGT,F I,70,90.2
2025-10-08,10:00:23.006673042,T,TGT,F I,2,90.19
2025-10-08,10:00:23.006721186,T,TGT,F I,10,90.19
2025-10-08,10:00:23.021441197,T,TGT,I,6,90.19
2025-10-08,10:00:23.663076906,T,TGT,F I,4,90.18
2025-10-08,10:00:23.663076906,T,TGT,F,100,90.18
2025-10-08,10:00:23.988987476,T,TGT,F I,8,90.2
2025-10-08,10:00:23.988990467,T,TGT,F I,22,90.2
2025-10-08,10:00:23.990984163,T,TGT,I,40,90.21
2025-10-08,10:00:23.990987164,T,TGT,I,7,90.21
2025-10-08,10:00:23.990990197,T,TGT,I,35,90.21
2025-10-08,10:00:24.925875499,T,TGT,I,23,90.225
2025-10-08,10:00:26.142598204,T,TGT,I,14,90.22
2025-10-08,10:00:26.254503865,T,TGT,I,23,90.22
2025-10-08,10:00:27.226482616,T,TGT,I,7,90.215
2025-10-08,10:00:35.727499293,T,TGT,F I,18,90.25
2025-10-08,10:00:35.727502214,T,TGT,F I,10,90.25
2025-10-08,10:00:35.727505403,T,TGT,F I,10,90.25
2025-10-08,10:00:35.727508589,T,TGT,F I,10,90.25
2025-10-08,10:00:35.727561980,T,TGT,F,100,90.26
2025-10-08,10:00:35.727561980,T,TGT,F I,10,90.26
2025-10-08,10:00:35.728209304,T,TGT,F,13900,90.27
2025-10-08,10:00:35.728211528,T,TGT,F I,20,90.27
2025-10-08,10:00:35.728236200,T,TGT,F I,1,90.28
2025-10-08,10:00:35.728238996,T,TGT,F I,32,90.28
2025-10-08,10:00:35.728242126,T,TGT,F I,1,90.28
2025-10-08,10:00:35.728244553,T,TGT,F I,19,90.28
2025-10-08,10:00:35.728773876,T,TGT,I,6,90.28
2025-10-08,10:00:35.728915301,T,TGT,I,6,90.27
2025-10-08,10:00:35.728942298,T,TGT,,100,90.27
2025-10-08,10:00:37.550462984,T,TGT,,100,90.28
2025-10-08,10:00:37.550865930,T,TGT,I,79,90.29
2025-10-08,10:00:38.897269745,T,TGT,,100,90.29
2025-10-08,10:00:40.584364170,T,TGT,,100,90.275
2025-10-08,10:00:44.618580707,T,TGT,F,100,90.29
2025-10-08,10:00:44.618580707,T,TGT,F I,3,90.3
2025-10-08,10:00:53.205511730,T,TGT,F I,13,90.27
2025-10-08,10:00:53.205511730,T,TGT,F I,10,90.27
2025-10-08,10:00:53.248492973,T,TGT,F,200,90.29
2025-10-08,10:00:53.248496356,T,TGT,F I,25,90.29
2025-10-08,10:00:53.248986660,T,TGT,F I,97,90.3
2025-10-08,10:00:53.248986660,T,TGT,F I,10,90.3
2025-10-08,10:00:53.248989193,T,TGT,F I,10,90.3
2025-10-08,10:00:53.249127573,T,TGT,F I,38,90.3
2025-10-08,10:00:54.192535184,T,TGT,F I,20,90.32
2025-10-08,10:00:54.192550159,T,TGT,F,180,90.32
2025-10-08,10:00:54.192553258,T,TGT,F I,26,90.32
2025-10-08,10:00:57.289403303,T,TGT,,100,90.3
2025-10-08,10:00:57.289403303,T,TGT,,100,90.3
2025-10-08,10:00:59.359830013,T,TGT,I,3,90.285
2025-10-08,10:01:06.548567967,T,TGT,F I,10,90.29
2025-10-08,10:01:06.548643255,T,TGT,F I,86,90.3
2025-10-08,10:01:06.548658161,T,TGT,F I,14,90.3
