DATE,TIME_M,EX,SYM_ROOT,TR_SCOND,SIZE,PRICE
2025-11-12,9:30:03.000819779,T,TGT,I,1,91.84
2025-11-12,9:30:03.000834898,T,TGT,Q,1,91.84
2025-11-12,9:30:09.246690616,T,TGT,F,200,91.85
2025-11-12,9:30:09.246741699,T,TGT,,100,91.82
2025-11-12,9:30:09.246759742,T,TGT,I,1,91.835
2025-11-12,9:30:09.247487880,T,TGT,I,9,91.825
2025-11-12,9:30:09.247487880,T,TGT,I,4,91.825
2025-11-12,9:30:09.247493514,T,TGT,I,3,91.825
2025-11-12,9:30:09.247493514,T,TGT,I,10,91.825
2025-11-12,9:30:09.247929525,T,TGT,I,13,91.83
2025-11-12,9:30:09.272001954,T,TGT,I,20,91.85
2025-11-12,9:30:09.272004896,T,TGT,I,13,91.82
2025-11-12,9:30:09.272007889,T,TGT,,100,91.82
2025-11-12,9:30:10.618853880,T,TGT,F,100,91.76
2025-11-12,9:30:10.618853880,T,TGT,F I,12,91.76
2025-11-12,9:30:10.618898604,T,TGT,F I,1,91.75
2025-11-12,9:30:10.618898604,T,TGT,F I,96,91.75
2025-11-12,9:30:10.618916728,T,TGT,I,1,91.75
2025-11-12,9:30:10.618920132,T,TGT,I,3,91.75
2025-11-12,9:30:10.618922758,T,TGT,I,13,91.75
2025-11-12,9:30:10.620023320,T,TGT,I,21,91.75
2025-11-12,9:30:10.621052155,T,TGT,F,100,91.7
2025-11-12,9:30:10.621052155,T,TGT,F I,75,91.7
2025-11-12,9:30:12.793358091,T,TGT,F,100,91.69
2025-11-12,9:30:12.793358091,T,TGT,F I,12,91.68
2025-11-12,9:30:12.793361247,T,TGT,F I,88,91.68
2025-11-12,9:30:12.793363936,T,TGT,F I,13,91.68
2025-11-12,9:30:12.793379044,T,TGT,F I,87,91.68
2025-11-12,9:30:12.793379044,T,TGT,F I,13,91.68
2025-11-12,9:30:13.794054921,T,TGT,F I,1,91.67
2025-11-12,9:30:14.383356854,T,TGT,F I,26,91.73
2025-11-12,9:30:24.847869982,T,TGT,F,100,91.67
2025-11-12,9:30:24.847873016,T,TGT,F I,13,91.67
2025-11-12,9:30:24.849286892,T,TGT,F I,1,91.6
2025-11-12,9:30:24.849289451,T,TGT,F I,5,91.6
2025-11-12,9:30:24.849340739,T,TGT,F I,16,91.58
2025-11-12,9:30:24.849340739,T,TGT,F I,10,91.58
2025-11-12,9:30:24.849376659,T,TGT,I,1,91.57
2025-11-12,9:31:02.876789423,T,TGT,F I,25,91.63
2025-11-12,9:31:04.121695184,T,TGT,F I,1,91.65
2025-11-12,9:31:04.121695184,T,TGT,F I,88,91.65
2025-11-12,9:31:04.121704254,T,TGT,F I,12,91.65
2025-11-12,9:31:04.121707157,T,TGT,F,100,91.65
2025-11-12,9:31:04.121707157,T,TGT,F I,1,91.65
2025-11-12,9:31:04.121719266,T,TGT,F I,5,91.67
2025-11-12,9:31:04.121803415,T,TGT,F I,2,91.7
2025-11-12,9:31:04.121806442,T,TGT,F I,1,91.7
2025-11-12,9:31:04.122059501,T,TGT,F,100,91.67
2025-11-12,9:31:04.122068099,T,TGT,F,100,91.67
2025-11-12,9:31:04.122068099,T,TGT,F,100,91.67
2025-11-12,9:31:04.122074175,T,TGT,F I,41,91.67
2025-11-12,9:31:04.122086044,T,TGT,F I,59,91.67
2025-11-12,9:31:04.122086044,T,TGT,F,200,91.67
2025-11-12,9:31:04.122404922,T,TGT,F,100,91.67
2025-11-12,9:31:04.122408280,T,TGT,F I,50,91.67
2025-11-12,9:31:04.122408280,T,TGT,F I,25,91.67
2025-11-12,9:31:04.122410878,T,TGT,F I,25,91.67
2025-11-12,9:31:04.129643126,T,TGT,F,100,91.76
2025-11-12,9:31:04.129646302,T,TGT,F I,14,91.77
2025-11-12,9:31:04.129646302,T,TGT,F I,5,91.77
2025-11-12,9:31:04.129697190,T,TGT,F I,81,91.77
2025-11-12,9:31:04.130358832,T,TGT,I,5,91.74
2025-11-12,9:31:04.141374126,T,TGT,F I,70,91.76
2025-11-12,9:31:04.141374126,T,TGT,F I,39,91.77
2025-11-12,9:31:04.141377025,T,TGT,F I,30,91.77
2025-11-12,9:31:04.141395131,T,TGT,I,1,91.77
2025-11-12,9:31:04.141476266,T,TGT,I,2,91.74
2025-11-12,9:31:04.142528813,T,TGT,F I,2,91.77
2025-11-12,9:31:04.143364751,T,TGT,F I,25,91.77
2025-11-12,9:31:04.143364751,T,TGT,F I,39,91.77
2025-11-12,9:31:04.143861004,T,TGT,F,100,91.75
2025-11-12,9:31:04.143861004,T,TGT,F I,2,91.74
2025-11-12,9:31:04.143873032,T,TGT,,100,91.74
2025-11-12,9:31:04.144126002,T,TGT,F I,2,91.75
2025-11-12,9:31:04.144128602,T,TGT,F I,2,91.75
2025-11-12,9:31:04.144135480,T,TGT,F I,3,91.74
2025-11-12,9:31:04.144155626,T,TGT,F I,3,91.74
2025-11-12,9:31:04.144155626,T,TGT,F,100,91.76
2025-11-12,9:31:04.144176752,T,TGT,F,100,91.75
2025-11-12,9:31:04.144312014,T,TGT,F I,1,91.75
2025-11-12,9:31:04.152732047,T,TGT,I,1,91.79
2025-11-12,9:31:04.153150260,T,TGT,F I,75,91.815
2025-11-12,9:31:04.153189269,T,TGT,F I,75,91.815
2025-11-12,9:31:06.687476777,T,TGT,F I,70,91.86
2025-11-12,9:31:06.687479818,T,TGT,F I,30,91.87
2025-11-12,9:31:06.687488858,T,TGT,F I,7,91.87
2025-11-12,9:31:06.712812146,T,TGT,F,100,91.88
2025-11-12,9:31:06.712824546,T,TGT,F I,5,91.89
2025-11-12,9:31:06.712827167,T,TGT,F I,2,91.89
2025-11-12,9:31:06.712846130,T,TGT,F I,64,91.89
2025-11-12,9:31:06.712848271,T,TGT,F I,6,91.89
2025-11-12,9:31:06.723746212,T,TGT,F I,28,91.89
2025-11-12,9:31:06.723746212,T,TGT,F I,2,91.89
2025-11-12,9:31:06.723797499,T,TGT,I,38,91.86
2025-11-12,9:31:06.723998792,T,TGT,F,100,91.84
2025-11-12,9:31:06.724001881,T,TGT,F I,1,91.84
2025-11-12,9:31:06.725896579,T,TGT,F I,76,91.79
2025-11-12,9:31:06.725896579,T,TGT,F I,6,91.79
2025-11-12,9:31:06.726359497,T,TGT,F I,60,91.77
2025-11-12,9:31:06.726401703,T,TGT,F I,52,91.73
2025-11-12,9:31:06.726452626,T,TGT,,100,91.73
2025-11-12,9:31:06.726471725,T,TGT,F I,55,91.67
2025-11-12,9:31:06.726473730,T,TGT,F I,99,91.73
2025-11-12,9:31:06.726476923,T,TGT,F,100,91.73
2025-11-12,9:31:06.726476923,T,TGT,F I,1,91.73
2025-11-12,9:31:06.726479758,T,TGT,F I,24,91.73
2025-11-12,9:31:06.726482697,T,TGT,F I,76,91.73
2025-11-12,9:31:06.726482697,T,TGT,I,38,91.73
2025-11-12,9:31:06.726500799,T,TGT,F I,2,91.7
2025-11-12,9:31:06.736607848,T,TGT,F I,2,91.76
2025-11-12,9:31:06.736610836,T,TGT,F,100,91.76
2025-11-12,9:31:06.749334211,T,TGT,F I,2,91.77
2025-11-12,9:31:06.749448422,T,TGT,F I,38,91.74
2025-11-12,9:31:06.749451506,T,TGT,F I,32,91.74
2025-11-12,9:31:06.749457534,T,TGT,F,100,91.73
2025-11-12,9:31:06.749493548,T,TGT,F I,61,91.72
2025-11-12,9:31:06.749505621,T,TGT,I,39,91.72
2025-11-12,9:31:06.751457277,T,TGT,F I,2,91.75
2025-11-12,9:31:06.751460416,T,TGT,F I,15,91.75
2025-11-12,9:31:06.751460416,T,TGT,F I,38,91.75
2025-11-12,9:31:06.751463413,T,TGT,F,100,91.75
2025-11-12,9:31:06.751463413,T,TGT,F I,75,91.75
2025-11-12,9:31:06.751694773,T,TGT,,100,91.74
2025-11-12,9:31:07.955065956,T,TGT,F I,75,91.67
2025-11-12,9:31:07.955068626,T,TGT,F,100,91.66
2025-11-12,9:31:07.955068626,T,TGT,F,100,91.66
2025-11-12,9:31:07.955071734,T,TGT,F I,25,91.66
2025-11-12,9:31:07.955077897,T,TGT,F I,75,91.66
2025-11-12,9:31:07.955077897,T,TGT,F I,13,91.66
2025-11-12,9:31:07.955080804,T,TGT,F I,12,91.66
2025-11-12,9:31:07.955080804,T,TGT,I,1,91.66
2025-11-12,9:31:07.955083685,T,TGT,I,12,91.66
2025-11-12,9:31:07.955306217,T,TGT,F,100,91.66
2025-11-12,9:31:07.980166721,T,TGT,,100,91.62
2025-11-12,9:31:07.980166721,T,TGT,I,66,91.6
2025-11-12,9:31:07.980169460,T,TGT,,100,91.59
2025-11-12,9:31:07.980172519,T,TGT,I,34,91.59
2025-11-12,9:31:07.980320886,T,TGT,F I,66,91.59
2025-11-12,9:31:07.980322871,T,TGT,F,100,91.59
2025-11-12,9:31:08.520120849,T,TGT,F I,25,91.61
2025-11-12,9:31:08.520168884,T,TGT,F I,75,91.63
2025-11-12,9:31:08.520211030,T,TGT,F I,83,91.65
2025-11-12,9:31:08.520232118,T,TGT,F I,17,91.65
2025-11-12,9:31:08.520313496,T,TGT,,100,91.65
2025-11-12,9:31:13.951411070,T,TGT,F I,75,91.72
2025-11-12,9:31:19.679592648,T,TGT,,100,91.72
2025-11-12,9:31:25.192653697,T,TGT,F I,6,91.75
2025-11-12,9:31:32.012835678,T,TGT,F I,3,91.71
2025-11-12,9:31:41.028785830,T,TGT,F I,4,91.71
2025-11-12,9:31:42.703869485,T,TGT,I,75,91.77
2025-11-12,9:31:52.996598200,T,TGT,F,200,91.8
2025-11-12,9:31:52.996634249,T,TGT,I,1,91.8
2025-11-12,9:31:52.997612205,T,TGT,F I,7,91.8
2025-11-12,9:31:52.997618080,T,TGT,F I,2,91.8
2025-11-12,9:31:52.997629617,T,TGT,F,112,91.8
2025-11-12,9:31:52.997638635,T,TGT,I,1,91.8
2025-11-12,9:31:52.997668751,T,TGT,I,37,91.8
2025-11-12,9:31:53.029734148,T,TGT,F,751,91.8
2025-11-12,9:31:53.061970997,T,TGT,F I,2,91.86
2025-11-12,9:31:53.061974017,T,TGT,F I,5,91.85
2025-11-12,9:31:53.061982964,T,TGT,F I,2,91.85
2025-11-12,9:31:55.199243557,T,TGT,I,12,91.88
2025-11-12,9:31:56.516865645,T,TGT,,100,91.845
2025-11-12,9:31:56.516889676,T,TGT,I,75,91.845
2025-11-12,9:31:59.318977350,T,TGT,F I,2,91.855
2025-11-12,9:31:59.321145508,T,TGT,I,63,91.855
2025-11-12,9:32:00.164179981,T,TGT,F I,2,91.89
2025-11-12,9:32:00.164285160,T,TGT,F I,1,91.9
2025-11-12,9:32:00.165884978,T,TGT,F I,30,91.89
2025-11-12,9:32:00.165888321,T,TGT,F,100,91.88
2025-11-12,9:32:00.165888321,T,TGT,F I,20,91.88
2025-11-12,9:32:00.165897038,T,TGT,F I,30,91.88
2025-11-12,9:32:00.166429226,T,TGT,F,100,91.82
2025-11-12,9:32:00.166433104,T,TGT,F I,1,91.82
2025-11-12,9:32:00.166541026,T,TGT,I,16,91.85
2025-11-12,9:32:00.166565204,T,TGT,I,84,91.85
2025-11-12,9:32:00.166568154,T,TGT,I,33,91.85
2025-11-12,9:32:00.166570993,T,TGT,I,6,91.85
2025-11-12,9:32:00.166952868,T,TGT,F I,13,91.82
2025-11-12,9:32:00.166952868,T,TGT,F I,33,91.82
2025-11-12,9:32:00.166958495,T,TGT,F I,69,91.82
2025-11-12,9:32:00.166958495,T,TGT,F,100,91.82
2025-11-12,9:32:00.167012696,T,TGT,F I,35,91.82
2025-11-12,9:32:01.083632397,T,TGT,F I,75,91.82
2025-11-12,9:32:01.083656697,T,TGT,F,100,91.81
2025-11-12,9:32:01.083659451,T,TGT,F I,50,91.81
2025-11-12,9:32:01.083659451,T,TGT,F I,74,91.81
2025-11-12,9:32:01.083668456,T,TGT,F I,26,91.81
2025-11-12,9:32:14.044224261,T,TGT,F,100,91.79
2025-11-12,9:32:14.044224261,T,TGT,F I,12,91.79
2025-11-12,9:32:14.044227120,T,TGT,F I,88,91.79
2025-11-12,9:32:14.044230161,T,TGT,F,100,91.79
2025-11-12,9:32:14.044278241,T,TGT,I,5,91.83
2025-11-12,9:32:14.044618066,T,TGT,F I,2,91.79
2025-11-12,9:32:14.044636103,T,TGT,F I,2,91.78
2025-11-12,9:32:14.044678324,T,TGT,F I,63,91.77
2025-11-12,9:32:14.044678324,T,TGT,F I,16,91.77
2025-11-12,9:32:14.044681171,T,TGT,F I,2,91.77
2025-11-12,9:32:20.754172780,T,TGT,,100,91.8
2025-11-12,9:32:24.983138754,T,TGT,F,250,91.93
2025-11-12,9:32:24.983379337,T,TGT,F,102,91.92
2025-11-12,9:32:24.983713138,T,TGT,F,100,91.91
2025-11-12,9:32:24.983713138,T,TGT,F I,2,91.91
2025-11-12,9:32:24.983749155,T,TGT,F I,2,91.9
2025-11-12,9:32:24.983752246,T,TGT,F,100,91.9
2025-11-12,9:32:24.983806488,T,TGT,F I,2,91.88
2025-11-12,9:32:24.983809391,T,TGT,F I,2,91.87
2025-11-12,9:32:24.983812314,T,TGT,F I,98,91.87
2025-11-12,9:32:24.983821382,T,TGT,F I,1,91.9
2025-11-12,9:32:24.983827411,T,TGT,F I,2,91.87
2025-11-12,9:32:24.983834205,T,TGT,F I,99,91.9
2025-11-12,9:32:24.983834205,T,TGT,F I,1,91.9
2025-11-12,9:32:24.983839486,T,TGT,F I,99,91.9
2025-11-12,9:32:24.983869479,T,TGT,F,100,91.89
2025-11-12,9:32:24.983890535,T,TGT,,100,91.89
2025-11-12,9:32:24.984140142,T,TGT,F I,1,91.93
2025-11-12,9:32:24.985219664,T,TGT,I,38,91.88
2025-11-12,9:32:24.985219664,T,TGT,I,2,91.88
2025-11-12,9:32:24.985839187,T,TGT,F I,10,91.88
2025-11-12,9:32:24.985869259,T,TGT,I,1,91.88
2025-11-12,9:32:30.960286651,T,TGT,I,1,91.95
2025-11-12,9:32:31.416648468,T,TGT,I,1,91.98
2025-11-12,9:32:31.416702842,T,TGT,I,1,92.0
2025-11-12,9:32:31.416708206,T,TGT,I,1,92.0
2025-11-12,9:32:31.416714047,T,TGT,,750,92.0
2025-11-12,9:32:31.416714047,T,TGT,I,1,92.0
2025-11-12,9:32:31.416717458,T,TGT,I,16,92.0
2025-11-12,9:32:31.416719969,T,TGT,I,2,92.0
2025-11-12,9:32:31.416723376,T,TGT,,529,92.0
2025-11-12,9:32:31.416726489,T,TGT,I,1,91.98
2025-11-12,9:32:31.416726489,T,TGT,F I,33,91.98
2025-11-12,9:32:31.416732331,T,TGT,F I,41,91.98
2025-11-12,9:32:31.416732331,T,TGT,F,290,92.0
2025-11-12,9:32:31.416732331,T,TGT,I,1,92.0
2025-11-12,9:32:31.416750135,T,TGT,I,52,92.0
2025-11-12,9:32:31.417083915,T,TGT,I,75,91.98
2025-11-12,9:32:31.417086995,T,TGT,,378,92.0
2025-11-12,9:32:31.417089909,T,TGT,I,2,92.0
2025-11-12,9:32:31.417107915,T,TGT,I,72,92.0
2025-11-12,9:32:31.428276489,T,TGT,F,100,91.95
2025-11-12,9:32:31.428279619,T,TGT,F I,17,91.94
2025-11-12,9:32:31.428282502,T,TGT,F I,95,91.94
2025-11-12,9:32:31.428282502,T,TGT,F I,6,91.94
2025-11-12,9:32:31.428285866,T,TGT,F I,1,91.94
2025-11-12,9:32:31.428285866,T,TGT,F I,54,91.94
2025-11-12,9:32:31.428291725,T,TGT,F I,46,91.94
2025-11-12,9:32:31.428291725,T,TGT,F,100,91.94
2025-11-12,9:32:31.428294652,T,TGT,F I,2,91.94
2025-11-12,9:32:31.428294652,T,TGT,F I,93,91.94
2025-11-12,9:32:31.428297556,T,TGT,F I,5,91.94
2025-11-12,9:32:31.428297556,T,TGT,F I,2,91.94
2025-11-12,9:32:31.428306610,T,TGT,F I,78,91.94
2025-11-12,9:32:31.428405877,T,TGT,I,3,91.94
2025-11-12,9:32:31.428405877,T,TGT,I,78,91.95
2025-11-12,9:32:31.428433399,T,TGT,I,17,91.95
2025-11-12,9:32:33.564930078,T,TGT,F,100,91.92
2025-11-12,9:32:33.564930078,T,TGT,F I,47,91.92
2025-11-12,9:32:33.564950835,T,TGT,F I,53,91.92
2025-11-12,9:32:33.564972174,T,TGT,F,100,91.91
2025-11-12,9:32:33.568427084,T,TGT,F,100,91.91
2025-11-12,9:32:33.568631575,T,TGT,F,100,91.91
2025-11-12,9:32:33.569049547,T,TGT,F,100,91.91
2025-11-12,9:32:33.575851789,T,TGT,F I,9,91.84
2025-11-12,9:32:33.575854748,T,TGT,F,100,91.84
2025-11-12,9:32:33.576008090,T,TGT,,100,91.81
2025-11-12,9:32:33.576035179,T,TGT,F I,75,91.81
2025-11-12,9:32:33.676705982,T,TGT,I,25,91.84
2025-11-12,9:32:33.676705982,T,TGT,I,25,91.85
2025-11-12,9:32:33.676787246,T,TGT,,100,91.87
2025-11-12,9:32:33.676808392,T,TGT,F I,75,91.87
2025-11-12,9:32:33.676850316,T,TGT,F I,75,91.87
2025-11-12,9:32:33.676883407,T,TGT,F I,24,91.87
2025-11-12,9:32:55.824809428,T,TGT,F I,1,91.75
2025-11-12,9:32:55.824813446,T,TGT,F I,57,91.75
2025-11-12,9:32:55.824813446,T,TGT,F I,2,91.75
2025-11-12,9:32:55.824866503,T,TGT,F I,30,91.72
2025-11-12,9:32:55.825771571,T,TGT,F I,16,91.69
2025-11-12,9:33:10.552744203,T,TGT,I,75,91.705
2025-11-12,9:33:10.552786301,T,TGT,F I,25,91.705
2025-11-12,9:33:14.875016360,T,TGT,I,75,91.7
2025-11-12,9:33:14.875070560,T,TGT,F I,75,91.695
2025-11-12,9:33:14.875106547,T,TGT,F I,75,91.695
2025-11-12,9:33:14.875139642,T,TGT,I,25,91.695
2025-11-12,9:33:15.439043115,T,TGT,F I,75,91.7
2025-11-12,9:33:15.439082132,T,TGT,F I,75,91.7
2025-11-12,9:33:15.439115205,T,TGT,F I,75,91.7
2025-11-12,9:33:15.439148260,T,TGT,F I,25,91.7
2025-11-12,9:33:25.173239282,T,TGT,I,1,91.665
2025-11-12,9:33:26.566226833,T,TGT,F I,5,91.58
2025-11-12,9:33:26.566229868,T,TGT,F I,2,91.58
2025-11-12,9:33:26.566247888,T,TGT,F I,93,91.58
2025-11-12,9:33:26.566251238,T,TGT,F I,1,91.58
2025-11-12,9:33:26.566251238,T,TGT,F I,3,91.58
2025-11-12,9:33:26.566254568,T,TGT,F I,1,91.58
2025-11-12,9:33:26.566257191,T,TGT,F I,4,91.58
2025-11-12,9:33:26.566257191,T,TGT,F I,10,91.58
2025-11-12,9:33:26.597299763,T,TGT,,100,91.48
2025-11-12,9:33:27.948638379,T,TGT,I,43,91.505
2025-11-12,9:33:28.864746883,T,TGT,I,12,91.505
2025-11-12,9:33:28.864746883,T,TGT,I,15,91.505
2025-11-12,9:33:32.230746745,T,TGT,I,15,91.54
2025-11-12,9:33:32.231209826,T,TGT,I,22,91.54
2025-11-12,9:33:34.799653102,T,TGT,F I,44,91.57
2025-11-12,9:33:34.799653102,T,TGT,F I,56,91.57
2025-11-12,9:33:34.799658706,T,TGT,F,100,91.57
2025-11-12,9:33:35.945274079,T,TGT,I,10,91.6
2025-11-12,9:33:37.156968754,T,TGT,I,6,91.61
2025-11-12,9:33:40.015329458,T,TGT,I,14,91.61
2025-11-12,9:33:41.435104993,T,TGT,I,6,91.62
2025-11-12,9:33:41.435123121,T,TGT,I,71,91.62
2025-11-12,9:33:41.435141472,T,TGT,F I,23,91.62
2025-11-12,9:33:41.435144176,T,TGT,F,100,91.62
2025-11-12,9:33:50.217955058,T,TGT,F I,2,91.605
2025-11-12,9:34:00.995436114,T,TGT,I,75,91.57
2025-11-12,9:34:01.005461955,T,TGT,I,70,91.55
2025-11-12,9:34:01.005461955,T,TGT,I,47,91.55
2025-11-12,9:34:05.352266436,T,TGT,F I,1,91.63
2025-11-12,9:34:05.352296566,T,TGT,I,1,91.63
2025-11-12,9:34:05.352317519,T,TGT,I,45,91.63
2025-11-12,9:34:05.402356787,T,TGT,F I,7,91.59
2025-11-12,9:34:05.402366592,T,TGT,F I,16,91.59
2025-11-12,9:34:05.402371781,T,TGT,F,100,91.59
2025-11-12,9:34:05.402371781,T,TGT,F I,2,91.59
2025-11-12,9:34:10.579015405,T,TGT,F I,7,91.63
2025-11-12,9:34:10.579018501,T,TGT,F I,16,91.63
2025-11-12,9:34:10.580037872,T,TGT,I,2,91.69
2025-11-12,9:34:10.609529136,T,TGT,I,1,91.71
2025-11-12,9:34:25.072845745,T,TGT,F I,70,91.66
2025-11-12,9:34:26.107024592,T,TGT,F,100,91.63
2025-11-12,9:34:26.107027547,T,TGT,F I,3,91.63
2025-11-12,9:34:26.107063712,T,TGT,I,2,91.61
2025-11-12,9:34:45.208978761,T,TGT,F I,35,91.57
2025-11-12,9:34:50.163344718,T,TGT,F,100,91.56
2025-11-12,9:34:50.163347925,T,TGT,F I,4,91.56
2025-11-12,9:34:50.163347925,T,TGT,F I,3,91.56
2025-11-12,9:34:50.163383814,T,TGT,F,100,91.55
2025-11-12,9:34:50.327722630,T,TGT,F I,75,91.51
2025-11-12,9:34:50.327725446,T,TGT,F I,25,91.51
2025-11-12,9:34:55.689829825,T,TGT,F I,1,91.5
2025-11-12,9:34:55.689832983,T,TGT,F,100,91.5
2025-11-12,9:34:55.875104249,T,TGT,F I,70,91.47
2025-11-12,9:34:55.875107220,T,TGT,F,100,91.45
2025-11-12,9:34:55.875110239,T,TGT,F I,27,91.44
2025-11-12,9:34:55.875122221,T,TGT,F I,73,91.44
2025-11-12,9:34:55.875140820,T,TGT,I,73,91.43
2025-11-12,9:34:55.875413871,T,TGT,,100,91.49
2025-11-12,9:34:55.875465325,T,TGT,F I,25,91.49
2025-11-12,9:34:55.875480213,T,TGT,I,75,91.49
2025-11-12,9:34:55.875526069,T,TGT,,100,91.49
2025-11-12,9:34:55.875570692,T,TGT,F I,23,91.46
2025-11-12,9:34:55.875570692,T,TGT,F I,83,91.45
2025-11-12,9:34:55.875594402,T,TGT,F I,62,91.47
2025-11-12,9:34:55.875597322,T,TGT,F I,17,91.45
2025-11-12,9:34:55.875636589,T,TGT,F,100,91.46
2025-11-12,9:34:55.875663510,T,TGT,I,6,91.45
2025-11-12,9:35:05.640896655,T,TGT,F I,52,91.6
2025-11-12,9:35:05.640899758,T,TGT,F I,23,91.6
2025-11-12,9:35:08.271678183,T,TGT,F I,75,91.58
2025-11-12,9:35:08.272063131,T,TGT,F I,22,91.56
2025-11-12,9:35:08.272087221,T,TGT,F I,78,91.56
2025-11-12,9:35:08.272090200,T,TGT,F I,1,91.56
2025-11-12,9:35:08.272090200,T,TGT,F I,1,91.56
2025-11-12,9:35:09.666394918,T,TGT,I,1,91.56
2025-11-12,9:35:09.666800771,T,TGT,F I,99,91.57
2025-11-12,9:35:09.667083510,T,TGT,,100,91.56
2025-11-12,9:35:19.015947844,T,TGT,I,5,91.49
2025-11-12,9:35:20.491034064,T,TGT,F I,1,91.39
2025-11-12,9:35:22.184524575,T,TGT,F I,70,91.42
2025-11-12,9:35:23.310295508,T,TGT,F I,50,91.39
2025-11-12,9:35:25.597703992,T,TGT,F I,70,91.43
2025-11-12,9:35:35.925171859,T,TGT,I,3,91.4
2025-11-12,9:35:35.925704133,T,TGT,F I,60,91.4
2025-11-12,9:35:38.705956716,T,TGT,F I,17,91.39
2025-11-12,9:35:45.951388580,T,TGT,F I,75,91.41
2025-11-12,9:35:45.951442068,T,TGT,F I,65,91.41
2025-11-12,9:35:49.144963248,T,TGT,I,75,91.405
2025-11-12,9:35:49.144990357,T,TGT,F I,25,91.405
2025-11-12,9:35:51.854583780,T,TGT,F I,87,91.34
2025-11-12,9:35:51.855398761,T,TGT,I,1,91.31
2025-11-12,9:35:51.855419788,T,TGT,F I,6,91.31
2025-11-12,9:35:51.855690432,T,TGT,I,6,91.33
2025-11-12,9:35:51.855717442,T,TGT,F I,75,91.33
2025-11-12,9:35:51.855736079,T,TGT,I,6,91.33
2025-11-12,9:35:51.855762597,T,TGT,F I,13,91.33
2025-11-12,9:35:51.855789802,T,TGT,I,6,91.34
2025-11-12,9:35:51.856081309,T,TGT,I,35,91.32
2025-11-12,9:35:54.310736016,T,TGT,F I,6,91.31
2025-11-12,9:35:54.835317697,T,TGT,I,75,91.285
2025-11-12,9:36:05.021938668,T,TGT,F I,1,91.35
2025-11-12,9:36:05.021968828,T,TGT,I,1,91.35
2025-11-12,9:36:05.021980779,T,TGT,F I,9,91.35
2025-11-12,9:36:05.021980779,T,TGT,F I,3,91.35
2025-11-12,9:36:05.022007819,T,TGT,F I,1,91.35
2025-11-12,9:36:05.022306322,T,TGT,I,20,91.35
2025-11-12,9:36:05.022311658,T,TGT,I,5,91.35
2025-11-12,9:36:05.023421542,T,TGT,F I,2,91.33
2025-11-12,9:36:05.023421542,T,TGT,F I,16,91.32
2025-11-12,9:36:10.348654773,T,TGT,I,51,91.27
2025-11-12,9:36:13.183303764,T,TGT,I,50,91.29
2025-11-12,9:36:13.183396992,T,TGT,F I,47,91.29
2025-11-12,9:36:15.431959103,T,TGT,F I,30,91.29
2025-11-12,9:36:15.441620906,T,TGT,I,1,91.26
2025-11-12,9:36:15.441650941,T,TGT,I,10,91.25
2025-11-12,9:36:15.441653890,T,TGT,I,2,91.25
2025-11-12,9:36:15.441684513,T,TGT,,100,91.25
2025-11-12,9:36:15.441689988,T,TGT,,100,91.25
2025-11-12,9:36:15.441689988,T,TGT,I,32,91.26
2025-11-12,9:36:16.442185668,T,TGT,F I,25,91.26
2025-11-12,9:36:20.750269908,T,TGT,I,2,91.26
2025-11-12,9:36:21.503588468,T,TGT,F I,1,91.28
2025-11-12,9:36:21.503588468,T,TGT,F I,50,91.28
2025-11-12,9:36:21.503591583,T,TGT,F I,36,91.29
2025-11-12,9:36:21.503600566,T,TGT,F I,64,91.29
2025-11-12,9:36:21.503600566,T,TGT,F I,24,91.29
2025-11-12,9:36:21.503610387,T,TGT,F I,23,91.29
2025-11-12,9:36:21.503612549,T,TGT,F I,1,91.29
2025-11-12,9:36:21.503622249,T,TGT,I,1,91.29
2025-11-12,9:36:21.503622249,T,TGT,I,98,91.29
2025-11-12,9:36:21.503624837,T,TGT,I,2,91.29
2025-11-12,9:36:21.503631349,T,TGT,F,112,91.29
2025-11-12,9:36:21.503631349,T,TGT,F,186,91.29
2025-11-12,9:36:21.503636609,T,TGT,F,100,91.29
2025-11-12,9:36:27.144580266,T,TGT,F I,2,91.36
2025-11-12,9:36:27.146619198,T,TGT,I,1,91.43
2025-11-12,9:36:27.146980170,T,TGT,F I,3,91.43
2025-11-12,9:36:27.147049198,T,TGT,I,50,91.42
2025-11-12,9:36:27.147088432,T,TGT,I,34,91.41
2025-11-12,9:36:27.147091861,T,TGT,I,22,91.41
2025-11-12,9:36:27.147094304,T,TGT,I,50,91.41
2025-11-12,9:36:27.156903665,T,TGT,I,50,91.4
2025-11-12,9:36:31.626361586,T,TGT,F I,22,91.42
2025-11-12,9:36:32.899107672,T,TGT,F I,25,91.44
2025-11-12,9:36:32.899110637,T,TGT,F I,26,91.42
2025-11-12,9:36:34.852699787,T,TGT,F I,24,91.42
2025-11-12,9:36:34.859931925,T,TGT,F I,1,91.4
2025-11-12,9:36:47.135828507,T,TGT,F I,25,91.34
2025-11-12,9:36:47.135828507,T,TGT,F I,25,91.34
2025-11-12,9:36:49.505807632,T,TGT,I,62,91.34
2025-11-12,9:36:49.506270709,T,TGT,I,1,91.29
2025-11-12,9:36:49.506273837,T,TGT,I,45,91.29
2025-11-12,9:36:49.506977617,T,TGT,I,6,91.32
2025-11-12,9:36:49.506977617,T,TGT,I,25,91.32
2025-11-12,9:36:49.509347072,T,TGT,I,10,91.32
2025-11-12,9:36:57.892902786,T,TGT,F I,1,91.31
2025-11-12,9:36:58.382643500,T,TGT,I,50,91.3
2025-11-12,9:37:05.000127590,T,TGT,F,100,91.33
2025-11-12,9:37:05.000130684,T,TGT,F I,1,91.34
2025-11-12,9:37:05.000130684,T,TGT,F I,17,91.34
2025-11-12,9:37:05.000741074,T,TGT,F I,24,91.3
2025-11-12,9:37:05.000744045,T,TGT,F I,50,91.3
2025-11-12,9:37:05.000744045,T,TGT,F I,6,91.3
2025-11-12,9:37:13.231746180,T,TGT,F I,50,91.26
2025-11-12,9:37:13.231749245,T,TGT,F I,1,91.26
2025-11-12,9:37:13.231749245,T,TGT,F I,1,91.26
2025-11-12,9:37:13.231767293,T,TGT,F I,23,91.26
2025-11-12,9:37:13.232070967,T,TGT,F I,3,91.25
2025-11-12,9:37:13.232200350,T,TGT,F I,5,91.24
2025-11-12,9:37:14.633743342,T,TGT,I,24,91.26
2025-11-12,9:37:15.830693848,T,TGT,I,24,91.26
2025-11-12,9:37:16.309461480,T,TGT,I,24,91.27
2025-11-12,9:37:16.585152264,T,TGT,I,24,91.27
2025-11-12,9:37:18.619583003,T,TGT,I,3,91.26
2025-11-12,9:37:18.619586114,T,TGT,I,21,91.27
2025-11-12,9:37:18.760243207,T,TGT,I,24,91.27
2025-11-12,9:37:18.760318327,T,TGT,F I,1,91.27
2025-11-12,9:37:18.760339449,T,TGT,F I,6,91.27
2025-11-12,9:37:18.760339449,T,TGT,F I,17,91.28
2025-11-12,9:37:18.760342422,T,TGT,F I,1,91.28
2025-11-12,9:37:18.760345356,T,TGT,F I,6,91.28
2025-11-12,9:37:19.500155903,T,TGT,I,7,91.3
2025-11-12,9:37:20.760326118,T,TGT,I,1,91.28
2025-11-12,9:37:22.049539460,T,TGT,F I,2,91.27
2025-11-12,9:37:22.049542690,T,TGT,F I,50,91.27
2025-11-12,9:37:22.049542690,T,TGT,F I,10,91.27
2025-11-12,9:37:22.049599595,T,TGT,I,19,91.28
2025-11-12,9:37:23.298989041,T,TGT,F I,10,91.24
2025-11-12,9:37:23.299515301,T,TGT,I,6,91.26
2025-11-12,9:37:27.815518169,T,TGT,I,8,91.22
2025-11-12,9:37:27.815749718,T,TGT,F,100,91.21
2025-11-12,9:37:27.815752746,T,TGT,F I,4,91.21
2025-11-12,9:37:27.815756145,T,TGT,F I,4,91.21
2025-11-12,9:37:27.816023434,T,TGT,I,25,91.22
2025-11-12,9:37:27.816023434,T,TGT,I,75,91.22
2025-11-12,9:37:27.816026450,T,TGT,I,20,91.22
2025-11-12,9:37:27.816531583,T,TGT,I,16,91.22
2025-11-12,9:37:27.851050880,T,TGT,I,40,91.205
2025-11-12,9:37:27.869226171,T,TGT,I,25,91.21
2025-11-12,9:37:27.869247219,T,TGT,F I,15,91.21
2025-11-12,9:37:27.871785207,T,TGT,F I,50,91.18
2025-11-12,9:37:28.623116177,T,TGT,I,60,91.215
2025-11-12,9:37:28.624292053,T,TGT,I,7,91.23
2025-11-12,9:37:28.625025781,T,TGT,,100,91.26
2025-11-12,9:37:28.680896076,T,TGT,F I,25,91.23
2025-11-12,9:37:28.680896076,T,TGT,F I,50,91.22
2025-11-12,9:37:28.680898968,T,TGT,F I,6,91.22
2025-11-12,9:37:28.680898968,T,TGT,F I,6,91.22
2025-11-12,9:37:28.681897163,T,TGT,I,25,91.23
2025-11-12,9:37:29.551412649,T,TGT,I,75,91.27
2025-11-12,9:37:29.551969010,T,TGT,F I,44,91.3
2025-11-12,9:37:29.552257680,T,TGT,F I,56,91.3
2025-11-12,9:37:29.552287926,T,TGT,,100,91.3
2025-11-12,9:37:29.552290702,T,TGT,,100,91.3
2025-11-12,9:37:37.883999735,T,TGT,F I,53,91.36
2025-11-12,9:37:37.884002902,T,TGT,F I,2,91.36
2025-11-12,9:37:37.884027372,T,TGT,F,100,91.36
2025-11-12,9:37:37.884098945,T,TGT,F I,2,91.37
2025-11-12,9:37:37.884276459,T,TGT,F I,1,91.38
2025-11-12,9:37:37.884396684,T,TGT,F I,3,91.39
2025-11-12,9:37:40.086356557,T,TGT,I,30,91.45
2025-11-12,9:37:40.086374596,T,TGT,F I,43,91.45
2025-11-12,9:37:41.755961118,T,TGT,F I,50,91.44
2025-11-12,9:37:41.755979151,T,TGT,F I,25,91.44
2025-11-12,9:37:41.755979151,T,TGT,F I,25,91.44
2025-11-12,9:37:43.976432991,T,TGT,F I,60,91.45
2025-11-12,9:37:44.458286324,T,TGT,F I,40,91.44
2025-11-12,9:37:44.458286324,T,TGT,F I,50,91.44
2025-11-12,9:37:54.807675690,T,TGT,F I,75,91.44
2025-11-12,9:37:54.808532718,T,TGT,F I,11,91.43
2025-11-12,9:37:54.808607835,T,TGT,F,100,91.42
2025-11-12,9:37:54.808607835,T,TGT,F I,1,91.42
2025-11-12,9:37:54.808860419,T,TGT,,100,91.43
2025-11-12,9:37:57.285091683,T,TGT,I,50,91.4
2025-11-12,9:38:05.875855978,T,TGT,,100,91.42
2025-11-12,9:38:05.875859145,T,TGT,I,75,91.42
2025-11-12,9:38:05.875859145,T,TGT,I,31,91.42
2025-11-12,9:38:05.876201794,T,TGT,F I,1,91.43
2025-11-12,9:38:05.876204761,T,TGT,F,100,91.43
2025-11-12,9:38:05.876589699,T,TGT,F,100,91.44
2025-11-12,9:38:05.877654239,T,TGT,,100,91.44
2025-11-12,9:38:05.877672231,T,TGT,F,100,91.44
2025-11-12,9:38:06.998977617,T,TGT,F I,50,91.45
2025-11-12,9:38:06.998989660,T,TGT,I,20,91.45
2025-11-12,9:38:07.029265770,T,TGT,I,50,91.43
2025-11-12,9:38:07.029265770,T,TGT,I,10,91.43
2025-11-12,9:38:07.029283795,T,TGT,F I,50,91.43
2025-11-12,9:38:12.351973272,T,TGT,I,36,91.5
2025-11-12,9:38:12.443400424,T,TGT,F I,25,91.5
2025-11-12,9:38:12.443403100,T,TGT,F I,25,91.49
2025-11-12,9:38:12.644344777,T,TGT,F I,50,91.49
2025-11-12,9:38:15.519428256,T,TGT,F I,50,91.5
2025-11-12,9:38:15.519437259,T,TGT,F I,25,91.5
2025-11-12,9:38:15.519437259,T,TGT,F I,25,91.5
2025-11-12,9:38:15.519473402,T,TGT,I,25,91.49
2025-11-12,9:38:15.519473402,T,TGT,I,1,91.48
2025-11-12,9:38:15.519479395,T,TGT,I,10,91.48
2025-11-12,9:38:15.519479395,T,TGT,I,30,91.48
2025-11-12,9:38:15.519494368,T,TGT,F I,25,91.48
2025-11-12,9:38:18.417495370,T,TGT,I,3,91.48
2025-11-12,9:38:18.417976496,T,TGT,I,3,91.48
2025-11-12,9:38:18.420033435,T,TGT,I,75,91.48
2025-11-12,9:38:24.468005999,T,TGT,I,70,91.51
2025-11-12,9:38:24.468005999,T,TGT,I,32,91.52
2025-11-12,9:38:24.468342723,T,TGT,I,68,91.52
2025-11-12,9:38:24.472462537,T,TGT,I,50,91.51
2025-11-12,9:38:24.472940636,T,TGT,I,20,91.51
2025-11-12,9:38:25.041508641,T,TGT,F I,50,91.49
2025-11-12,9:38:26.783392989,T,TGT,F I,4,91.53
2025-11-12,9:38:26.810878407,T,TGT,,100,91.535
2025-11-12,9:38:27.791087676,T,TGT,,100,91.525
2025-11-12,9:38:32.645616083,T,TGT,I,4,91.54
2025-11-12,9:38:32.849041732,T,TGT,I,5,91.58
2025-11-12,9:38:33.061681290,T,TGT,F I,70,91.6
2025-11-12,9:38:43.064023772,T,TGT,I,2,91.64
2025-11-12,9:38:43.165181852,T,TGT,F I,50,91.62
2025-11-12,9:38:43.165191217,T,TGT,F I,25,91.62
2025-11-12,9:38:43.165191217,T,TGT,F I,25,91.62
2025-11-12,9:38:43.165193888,T,TGT,F I,7,91.61
2025-11-12,9:38:43.165199879,T,TGT,F I,42,91.61
2025-11-12,9:38:43.165211980,T,TGT,F I,8,91.61
2025-11-12,9:38:43.165215172,T,TGT,F I,42,91.61
2025-11-12,9:38:43.165220891,T,TGT,I,8,91.61
2025-11-12,9:38:43.165239423,T,TGT,I,7,91.64
2025-11-12,9:38:43.166026825,T,TGT,I,19,91.59
2025-11-12,9:38:43.166029838,T,TGT,I,9,91.59
2025-11-12,9:38:43.166032806,T,TGT,I,72,91.59
2025-11-12,9:38:43.166053926,T,TGT,I,1,91.59
2025-11-12,9:38:43.166059948,T,TGT,I,20,91.59
2025-11-12,9:38:43.166069024,T,TGT,I,7,91.59
2025-11-12,9:38:43.166072094,T,TGT,I,13,91.59
2025-11-12,9:38:43.166072094,T,TGT,I,20,91.59
2025-11-12,9:38:43.166074888,T,TGT,I,7,91.59
2025-11-12,9:38:57.798168729,T,TGT,F I,40,91.59
2025-11-12,9:39:01.011454125,T,TGT,F I,1,91.56
2025-11-12,9:39:01.011454125,T,TGT,F I,1,91.56
2025-11-12,9:39:01.011459016,T,TGT,F I,1,91.56
2025-11-12,9:39:01.011459016,T,TGT,F I,10,91.56
2025-11-12,9:39:16.353983053,T,TGT,I,5,91.53
2025-11-12,9:39:16.354025115,T,TGT,F I,75,91.53
2025-11-12,9:39:18.186413511,T,TGT,F I,25,91.54
2025-11-12,9:39:18.186413511,T,TGT,F I,25,91.54
2025-11-12,9:39:26.273137881,T,TGT,F I,2,91.49
2025-11-12,9:39:26.273155899,T,TGT,F I,48,91.49
2025-11-12,9:39:26.273158969,T,TGT,F,100,91.49
2025-11-12,9:39:26.273751364,T,TGT,I,5,91.48
2025-11-12,9:39:26.273751364,T,TGT,I,25,91.48
2025-11-12,9:39:26.274524372,T,TGT,F I,31,91.5
2025-11-12,9:39:26.274524372,T,TGT,F I,27,91.5
2025-11-12,9:39:26.274530135,T,TGT,F I,19,91.5
2025-11-12,9:39:26.274530135,T,TGT,F I,10,91.5
2025-11-12,9:39:26.274534008,T,TGT,F I,10,91.51
2025-11-12,9:39:26.274611314,T,TGT,F,100,91.52
2025-11-12,9:39:26.274615250,T,TGT,F,100,91.52
2025-11-12,9:39:26.274615250,T,TGT,F,100,91.52
2025-11-12,9:39:26.274620388,T,TGT,F I,25,91.52
2025-11-12,9:39:26.274620388,T,TGT,F I,2,91.52
2025-11-12,9:39:26.274686577,T,TGT,F I,74,91.52
2025-11-12,9:39:26.274909142,T,TGT,,100,91.51
2025-11-12,9:39:26.275053673,T,TGT,,100,91.51
2025-11-12,9:39:26.277702682,T,TGT,F,100,91.54
2025-11-12,9:39:26.277706636,T,TGT,F I,75,91.54
2025-11-12,9:39:26.277706636,T,TGT,F I,25,91.54
2025-11-12,9:39:26.277712517,T,TGT,F,100,91.54
2025-11-12,9:39:26.277712517,T,TGT,F,100,91.54
2025-11-12,9:39:26.277714742,T,TGT,F,100,91.54
2025-11-12,9:39:26.277714742,T,TGT,F I,75,91.54
2025-11-12,9:39:26.277717795,T,TGT,F I,25,91.54
2025-11-12,9:39:26.278046009,T,TGT,F I,12,91.55
2025-11-12,9:39:26.278046009,T,TGT,F I,12,91.55
2025-11-12,9:39:26.278057681,T,TGT,F I,13,91.55
2025-11-12,9:39:26.278064102,T,TGT,F I,52,91.55
2025-11-12,9:39:26.278064102,T,TGT,F I,11,91.55
2025-11-12,9:39:26.278066791,T,TGT,F I,12,91.55
2025-11-12,9:39:26.278069995,T,TGT,F,100,91.55
2025-11-12,9:39:26.278094563,T,TGT,F,100,91.56
2025-11-12,9:39:26.280021622,T,TGT,I,30,91.58
2025-11-12,9:39:26.280024311,T,TGT,I,31,91.58
2025-11-12,9:39:26.280048734,T,TGT,I,31,91.58
2025-11-12,9:39:26.280048734,T,TGT,I,25,91.58
2025-11-12,9:39:26.280057332,T,TGT,I,25,91.58
2025-11-12,9:39:26.280057332,T,TGT,I,30,91.58
2025-11-12,9:39:26.280060711,T,TGT,I,26,91.58
2025-11-12,9:39:26.280060711,T,TGT,I,5,91.58
2025-11-12,9:39:26.280063648,T,TGT,I,70,91.58
2025-11-12,9:39:26.280087474,T,TGT,F I,25,91.58
2025-11-12,9:39:26.280096501,T,TGT,F I,6,91.58
2025-11-12,9:39:27.220869741,T,TGT,I,70,91.57
2025-11-12,9:39:27.220869741,T,TGT,I,2,91.57
2025-11-12,9:39:29.472366522,T,TGT,F I,2,91.6
2025-11-12,9:39:29.472649478,T,TGT,I,25,91.59
2025-11-12,9:39:29.472649478,T,TGT,I,75,91.59
2025-11-12,9:39:29.472730804,T,TGT,,170,91.59
2025-11-12,9:39:29.472919926,T,TGT,F I,78,91.59
2025-11-12,9:39:29.472923762,T,TGT,F,100,91.59
2025-11-12,9:39:29.472923762,T,TGT,F I,2,91.59
2025-11-12,9:39:29.472929477,T,TGT,I,73,91.59
2025-11-12,9:39:29.472929477,T,TGT,,100,91.58
2025-11-12,9:39:29.472929477,T,TGT,I,7,91.58
2025-11-12,9:39:29.472932284,T,TGT,I,6,91.58
2025-11-12,9:39:29.472940934,T,TGT,I,1,91.58
2025-11-12,9:39:29.472980055,T,TGT,I,15,91.58
2025-11-12,9:39:29.472983971,T,TGT,I,7,91.58
2025-11-12,9:39:29.472986367,T,TGT,I,10,91.58
2025-11-12,9:39:29.472989273,T,TGT,I,6,91.58
2025-11-12,9:39:29.473037152,T,TGT,F I,1,91.59
2025-11-12,9:39:29.473073766,T,TGT,I,99,91.59
2025-11-12,9:39:29.473079257,T,TGT,I,3,91.59
2025-11-12,9:39:29.473079257,T,TGT,,100,91.59
2025-11-12,9:39:29.473244636,T,TGT,I,3,91.58
2025-11-12,9:39:29.473244636,T,TGT,I,11,91.58
2025-11-12,9:39:29.473247615,T,TGT,I,3,91.58
2025-11-12,9:39:29.473250664,T,TGT,I,30,91.58
2025-11-12,9:39:29.473331871,T,TGT,I,5,91.58
2025-11-12,9:39:29.473331871,T,TGT,I,5,91.58
2025-11-12,9:39:29.473334851,T,TGT,I,30,91.58
2025-11-12,9:39:29.473382979,T,TGT,I,9,91.58
2025-11-12,9:39:29.473458180,T,TGT,F,100,91.58
2025-11-12,9:39:29.473641846,T,TGT,I,10,91.59
2025-11-12,9:39:29.473747041,T,TGT,I,75,91.58
2025-11-12,9:39:29.473767866,T,TGT,I,19,91.58
2025-11-12,9:39:29.473794883,T,TGT,I,56,91.58
2025-11-12,9:39:29.473921267,T,TGT,,100,91.58
2025-11-12,9:39:30.780750585,T,TGT,I,3,91.565
2025-11-12,9:39:30.800285104,T,TGT,I,5,91.565
2025-11-12,9:39:35.164308591,T,TGT,F I,23,91.6
2025-11-12,9:39:35.164663477,T,TGT,I,31,91.6
2025-11-12,9:39:48.332457991,T,TGT,F I,1,91.63
2025-11-12,9:39:48.332476289,T,TGT,F I,10,91.63
2025-11-12,9:39:48.332479178,T,TGT,F I,45,91.63
2025-11-12,9:39:48.332481742,T,TGT,F I,10,91.63
2025-11-12,9:39:55.767514612,T,TGT,F I,75,91.65
2025-11-12,9:39:55.767559661,T,TGT,F I,75,91.65
2025-11-12,9:40:11.348756568,T,TGT,I,53,91.69
2025-11-12,9:40:11.348774681,T,TGT,F I,47,91.69
2025-11-12,9:40:11.348777774,T,TGT,F I,6,91.685
2025-11-12,9:40:11.348793219,T,TGT,F I,94,91.685
2025-11-12,9:40:11.348793219,T,TGT,F I,3,91.68
2025-11-12,9:40:13.315411869,T,TGT,F I,21,91.72
2025-11-12,9:40:13.315423873,T,TGT,F I,79,91.72
2025-11-12,9:40:13.315427480,T,TGT,F I,10,91.72
2025-11-12,9:40:13.315429937,T,TGT,F I,5,91.72
2025-11-12,9:40:13.315604301,T,TGT,F I,2,91.73
2025-11-12,9:40:13.315607311,T,TGT,F I,5,91.73
2025-11-12,9:40:13.315767316,T,TGT,I,75,91.74
2025-11-12,9:40:13.315769722,T,TGT,I,4,91.72
2025-11-12,9:40:14.039263294,T,TGT,F I,70,91.72
2025-11-12,9:40:16.690159630,T,TGT,F I,1,91.73
2025-11-12,9:40:16.690162652,T,TGT,F I,1,91.73
2025-11-12,9:40:16.690177693,T,TGT,F I,26,91.73
2025-11-12,9:40:16.690180757,T,TGT,F I,2,91.73
2025-11-12,9:40:16.690180757,T,TGT,F I,1,91.73
2025-11-12,9:40:17.556734133,T,TGT,F I,25,91.73
2025-11-12,9:40:17.556890564,T,TGT,I,75,91.73
2025-11-12,9:40:17.557161665,T,TGT,F I,6,91.72
2025-11-12,9:40:17.557164206,T,TGT,F I,4,91.72
2025-11-12,9:40:17.557182654,T,TGT,F,150,91.72
2025-11-12,9:40:17.557185478,T,TGT,,100,91.72
2025-11-12,9:40:17.731459907,T,TGT,F I,2,91.74
2025-11-12,9:40:17.731462401,T,TGT,F I,10,91.74
2025-11-12,9:40:17.731483461,T,TGT,F I,26,91.75
2025-11-12,9:40:17.731493155,T,TGT,F I,74,91.75
2025-11-12,9:40:17.731493155,T,TGT,F I,15,91.75
2025-11-12,9:40:17.731495550,T,TGT,F I,50,91.75
2025-11-12,9:40:17.732382631,T,TGT,I,25,91.75
2025-11-12,9:40:23.697222174,T,TGT,F,100,91.76
2025-11-12,9:40:23.697225089,T,TGT,F I,12,91.76
2025-11-12,9:40:23.697240238,T,TGT,I,1,91.76
2025-11-12,9:40:23.697246177,T,TGT,I,87,91.76
2025-11-12,9:40:24.462720198,T,TGT,F I,3,91.79
2025-11-12,9:40:24.462722828,T,TGT,F I,2,91.79
2025-11-12,9:40:24.462879191,T,TGT,I,15,91.79
2025-11-12,9:40:40.792487328,T,TGT,I,4,91.79
2025-11-12,9:40:43.250576274,T,TGT,F I,2,91.78
2025-11-12,9:40:43.250600275,T,TGT,I,2,91.78
2025-11-12,9:40:43.319076448,T,TGT,I,70,91.78
2025-11-12,9:40:45.002237321,T,TGT,F I,40,91.78
2025-11-12,9:40:52.756417417,T,TGT,I,49,91.78
2025-11-12,9:40:54.122048819,T,TGT,I,10,91.8
2025-11-12,9:40:56.663607666,T,TGT,F I,70,91.81
2025-11-12,9:40:56.663676897,T,TGT,F I,40,91.79
2025-11-12,9:40:56.664091789,T,TGT,F I,6,91.77
2025-11-12,9:40:58.785086804,T,TGT,I,90,91.8
2025-11-12,9:40:59.470058616,T,TGT,F I,11,91.78
2025-11-12,9:40:59.470064883,T,TGT,F I,14,91.78
2025-11-12,9:40:59.470067700,T,TGT,F I,2,91.77
2025-11-12,9:40:59.470070655,T,TGT,F I,75,91.77
2025-11-12,9:40:59.470086188,T,TGT,F I,25,91.77
2025-11-12,9:40:59.470086188,T,TGT,F I,25,91.77
2025-11-12,9:41:02.916515320,T,TGT,F I,3,91.775
2025-11-12,9:41:05.908195612,T,TGT,I,6,91.78
2025-11-12,9:41:06.022182173,T,TGT,F I,2,91.78
2025-11-12,9:41:11.717029441,T,TGT,F I,3,91.8
2025-11-12,9:41:11.717029441,T,TGT,F I,1,91.8
2025-11-12,9:41:15.663078308,T,TGT,F I,15,91.8
2025-11-12,9:41:15.663965411,T,TGT,F I,50,91.79
2025-11-12,9:41:15.663974441,T,TGT,F I,25,91.79
2025-11-12,9:41:15.695014428,T,TGT,I,60,91.79
2025-11-12,9:41:18.341168471,T,TGT,I,67,91.79
2025-11-12,9:41:18.453649222,T,TGT,I,2,91.77
2025-11-12,9:41:22.394350717,T,TGT,F I,2,91.76
2025-11-12,9:41:22.394410904,T,TGT,F I,1,91.75
2025-11-12,9:41:22.394410904,T,TGT,F I,1,91.75
2025-11-12,9:41:22.394417847,T,TGT,F I,1,91.75
2025-11-12,9:41:22.394417847,T,TGT,F I,1,91.75
2025-11-12,9:41:22.394422862,T,TGT,F I,4,91.75
2025-11-12,9:41:22.394434950,T,TGT,F I,1,91.75
2025-11-12,9:41:22.394434950,T,TGT,F I,2,91.75
2025-11-12,9:41:22.394446910,T,TGT,F I,3,91.75
2025-11-12,9:41:22.395249851,T,TGT,I,3,91.725
2025-11-12,9:41:22.395454318,T,TGT,I,75,91.725
2025-11-12,9:41:22.395526515,T,TGT,I,25,91.725
2025-11-12,9:41:23.266425207,T,TGT,F I,50,91.69
2025-11-12,9:41:23.266713961,T,TGT,I,2,91.68
2025-11-12,9:41:23.710775824,T,TGT,I,25,91.7
2025-11-12,9:41:23.710775824,T,TGT,I,7,91.7
2025-11-12,9:41:38.887653471,T,TGT,F I,25,91.68
2025-11-12,9:41:38.887653471,T,TGT,F I,75,91.68
2025-11-12,9:41:40.337308099,T,TGT,I,3,91.705
2025-11-12,9:41:41.687380843,T,TGT,F I,1,91.75
2025-11-12,9:41:45.009169823,T,TGT,,100,91.74
2025-11-12,9:41:45.009169823,T,TGT,I,10,91.74
2025-11-12,9:41:45.009172071,T,TGT,I,3,91.74
2025-11-12,9:41:45.009175015,T,TGT,I,84,91.74
2025-11-12,9:41:45.009418692,T,TGT,,100,91.73
2025-11-12,9:41:45.018816003,T,TGT,I,2,91.73
2025-11-12,9:41:45.018819033,T,TGT,I,70,91.73
2025-11-12,9:41:53.621686906,T,TGT,I,2,91.74
2025-11-12,9:41:56.212307459,T,TGT,F I,1,91.79
2025-11-12,9:41:56.212307459,T,TGT,F I,10,91.79
2025-11-12,9:41:57.125953055,T,TGT,I,1,91.81
2025-11-12,9:41:58.513251030,T,TGT,F I,50,91.79
2025-11-12,9:42:00.013056091,T,TGT,F I,2,91.78
2025-11-12,9:42:00.075096888,T,TGT,F I,1,91.75
2025-11-12,9:42:01.241542810,T,TGT,,100,91.765
2025-11-12,9:42:01.243434252,T,TGT,I,27,91.8
2025-11-12,9:42:05.470649963,T,TGT,F I,3,91.76
2025-11-12,9:42:07.709195076,T,TGT,F I,75,91.79
2025-11-12,9:42:07.709240080,T,TGT,F I,75,91.79
2025-11-12,9:42:07.709279075,T,TGT,F I,75,91.79
2025-11-12,9:42:10.805010308,T,TGT,I,3,91.79
2025-11-12,9:42:11.300900616,T,TGT,F I,1,91.82
2025-11-12,9:42:12.708091100,T,TGT,F I,25,91.84
2025-11-12,9:42:13.877553324,T,TGT,F I,3,91.85
2025-11-12,9:42:13.877556955,T,TGT,F I,1,91.85
2025-11-12,9:42:13.877559322,T,TGT,F I,96,91.85
2025-11-12,9:42:13.877562206,T,TGT,F I,10,91.85
2025-11-12,9:42:13.877923114,T,TGT,F I,5,91.86
2025-11-12,9:42:13.877971205,T,TGT,F I,30,91.86
2025-11-12,9:42:15.127956039,T,TGT,I,98,91.9
2025-11-12,9:42:25.329252420,T,TGT,I,1,91.89
2025-11-12,9:42:25.329282649,T,TGT,I,70,91.9
2025-11-12,9:42:25.329342549,T,TGT,F I,4,91.9
2025-11-12,9:42:25.329345612,T,TGT,F I,16,91.9
2025-11-12,9:42:25.329381645,T,TGT,F I,46,91.91
2025-11-12,9:42:25.329399707,T,TGT,F I,54,91.91
2025-11-12,9:42:25.329929038,T,TGT,I,6,91.92
2025-11-12,9:42:28.875730478,T,TGT,F I,62,91.96
2025-11-12,9:42:28.875733486,T,TGT,F I,8,91.96
2025-11-12,9:42:28.875751455,T,TGT,F I,4,91.95
2025-11-12,9:42:28.875754427,T,TGT,F I,58,91.95
2025-11-12,9:42:28.875760536,T,TGT,F I,6,91.94
2025-11-12,9:42:31.810776841,T,TGT,F I,75,91.94
2025-11-12,9:42:33.639472394,T,TGT,F,100,91.92
2025-11-12,9:42:33.639475489,T,TGT,F I,39,91.92
2025-11-12,9:42:33.639475489,T,TGT,F I,10,91.92
2025-11-12,9:42:33.639493531,T,TGT,F I,51,91.92
2025-11-12,9:42:33.639493531,T,TGT,F I,82,91.92
2025-11-12,9:42:33.639496464,T,TGT,F I,3,91.92
2025-11-12,9:42:33.639496464,T,TGT,F I,25,91.92
2025-11-12,9:42:33.651843880,T,TGT,I,2,91.9
2025-11-12,9:42:35.172031650,T,TGT,I,63,91.91
2025-11-12,9:42:46.194671338,T,TGT,F I,82,91.86
2025-11-12,9:42:59.317343198,T,TGT,F,104,91.82
2025-11-12,9:42:59.319899316,T,TGT,F I,1,91.84
2025-11-12,9:42:59.319905287,T,TGT,F I,16,91.84
2025-11-12,9:42:59.319908709,T,TGT,F I,4,91.84
2025-11-12,9:42:59.319911344,T,TGT,F I,10,91.84
2025-11-12,9:42:59.320022608,T,TGT,I,1,91.82
2025-11-12,9:43:03.700862362,T,TGT,F I,5,91.84
2025-11-12,9:43:04.326589985,T,TGT,I,1,91.85
2025-11-12,9:43:04.353227477,T,TGT,F I,70,91.86
2025-11-12,9:43:06.198916516,T,TGT,F,100,91.85
2025-11-12,9:43:06.198919842,T,TGT,F I,6,91.85
2025-11-12,9:43:06.198919842,T,TGT,F I,96,91.85
2025-11-12,9:43:06.198922839,T,TGT,F I,72,91.85
2025-11-12,9:43:06.198922839,T,TGT,F I,50,91.85
2025-11-12,9:43:09.446656777,T,TGT,I,21,91.84
2025-11-12,9:43:09.446680828,T,TGT,I,5,91.83
2025-11-12,9:43:09.453294138,T,TGT,F I,25,91.82
2025-11-12,9:43:09.453296591,T,TGT,F I,12,91.82
2025-11-12,9:43:09.453299569,T,TGT,F I,20,91.82
2025-11-12,9:43:09.453317587,T,TGT,F I,20,91.82
2025-11-12,9:43:09.453389852,T,TGT,F I,6,91.8
2025-11-12,9:43:09.453765742,T,TGT,I,45,91.8
2025-11-12,9:43:09.454637832,T,TGT,F I,54,91.77
2025-11-12,9:43:09.454902585,T,TGT,F I,1,91.76
2025-11-12,9:43:09.454923411,T,TGT,F I,4,91.76
2025-11-12,9:43:09.454980611,T,TGT,I,4,91.78
2025-11-12,9:43:09.454980611,T,TGT,I,41,91.78
2025-11-12,9:43:09.455212187,T,TGT,I,41,91.78
2025-11-12,9:43:09.455251637,T,TGT,,100,91.77
2025-11-12,9:43:09.455251637,T,TGT,I,5,91.77
2025-11-12,9:43:09.455254249,T,TGT,I,16,91.77
2025-11-12,9:43:09.455266374,T,TGT,I,6,91.77
2025-11-12,9:43:09.455272285,T,TGT,I,1,91.77
2025-11-12,9:43:09.455278374,T,TGT,I,44,91.78
2025-11-12,9:43:09.455305372,T,TGT,I,4,91.77
2025-11-12,9:43:09.455305372,T,TGT,I,19,91.77
2025-11-12,9:43:09.455344473,T,TGT,F I,44,91.77
2025-11-12,9:43:09.455353551,T,TGT,I,56,91.78
2025-11-12,9:43:09.455618182,T,TGT,I,50,91.78
2025-11-12,9:43:09.455978955,T,TGT,I,20,91.78
2025-11-12,9:43:09.458823924,T,TGT,F I,29,91.77
2025-11-12,9:43:09.458826821,T,TGT,F I,56,91.77
2025-11-12,9:43:09.458826821,T,TGT,F I,48,91.77
2025-11-12,9:43:09.459071004,T,TGT,,100,91.78
2025-11-12,9:43:09.459073440,T,TGT,,100,91.78
2025-11-12,9:43:09.459073440,T,TGT,I,41,91.78
2025-11-12,9:43:09.459091389,T,TGT,I,1,91.78
2025-11-12,9:43:09.460961886,T,TGT,I,69,91.78
2025-11-12,9:43:09.460988865,T,TGT,F I,41,91.785
2025-11-12,9:43:09.466070997,T,TGT,I,70,91.77
2025-11-12,9:43:09.472007445,T,TGT,I,2,91.78
2025-11-12,9:43:09.472010191,T,TGT,I,22,91.78
2025-11-12,9:43:09.472010191,T,TGT,I,22,91.78
2025-11-12,9:43:09.472013182,T,TGT,I,22,91.78
2025-11-12,9:43:09.472289982,T,TGT,I,3,91.78
2025-11-12,9:43:09.615854888,T,TGT,F I,3,91.76
2025-11-12,9:43:09.615854888,T,TGT,F I,1,91.76
2025-11-12,9:43:09.615906009,T,TGT,I,70,91.77
2025-11-12,9:43:09.615909038,T,TGT,I,25,91.76
2025-11-12,9:43:09.615911985,T,TGT,I,30,91.76
2025-11-12,9:43:09.615948144,T,TGT,I,70,91.76
2025-11-12,9:43:09.615951079,T,TGT,I,10,91.76
2025-11-12,9:43:09.771232122,T,TGT,F I,29,91.78
2025-11-12,9:43:09.771232122,T,TGT,F I,29,91.78
2025-11-12,9:43:09.771238426,T,TGT,F,100,91.78
2025-11-12,9:43:09.771238426,T,TGT,F I,25,91.78
2025-11-12,9:43:09.771238426,T,TGT,F I,13,91.78
2025-11-12,9:43:09.771244082,T,TGT,F I,62,91.78
2025-11-12,9:43:09.771283146,T,TGT,,100,91.77
2025-11-12,9:43:09.771283146,T,TGT,I,29,91.76
2025-11-12,9:43:09.771689105,T,TGT,F I,41,91.78
2025-11-12,9:43:09.771720211,T,TGT,I,4,91.77
2025-11-12,9:43:09.771720211,T,TGT,I,75,91.77
2025-11-12,9:43:09.771725269,T,TGT,I,21,91.76
2025-11-12,9:43:09.771842481,T,TGT,I,29,91.77
2025-11-12,9:43:09.771845475,T,TGT,F I,16,91.78
2025-11-12,9:43:09.772344759,T,TGT,F I,12,91.77
2025-11-12,9:43:09.772344759,T,TGT,F I,9,91.77
2025-11-12,9:43:09.772371725,T,TGT,I,1,91.77
2025-11-12,9:43:09.772384486,T,TGT,I,20,91.77
2025-11-12,9:43:09.772384486,T,TGT,I,7,91.77
2025-11-12,9:43:09.772386847,T,TGT,,127,91.77
2025-11-12,9:43:09.772395856,T,TGT,F I,29,91.79
2025-11-12,9:43:09.772395856,T,TGT,F I,21,91.79
2025-11-12,9:43:09.772416860,T,TGT,I,6,91.79
2025-11-12,9:43:09.772904089,T,TGT,F I,8,91.78
2025-11-12,9:43:09.773000318,T,TGT,F I,21,91.78
2025-11-12,9:43:09.773315974,T,TGT,F I,29,91.8
2025-11-12,9:43:09.773318984,T,TGT,F I,41,91.8
2025-11-12,9:43:22.759453587,T,TGT,I,1,91.82
2025-11-12,9:43:23.232796278,T,TGT,F I,70,91.82
2025-11-12,9:43:23.233443535,T,TGT,,136,91.79
2025-11-12,9:43:23.233445748,T,TGT,I,29,91.79
2025-11-12,9:43:23.233448783,T,TGT,,205,91.79
2025-11-12,9:43:23.508306557,T,TGT,F I,1,91.81
2025-11-12,9:43:23.508306557,T,TGT,F I,1,91.81
2025-11-12,9:43:27.006402282,T,TGT,I,10,91.87
2025-11-12,9:43:27.006408407,T,TGT,,200,91.87
2025-11-12,9:43:27.006408407,T,TGT,I,1,91.87
2025-11-12,9:43:27.006537627,T,TGT,I,19,91.87
2025-11-12,9:43:27.006600858,T,TGT,,100,91.87
2025-11-12,9:43:27.006654907,T,TGT,I,44,91.86
2025-11-12,9:43:27.006691435,T,TGT,F I,4,91.86
2025-11-12,9:43:27.006791145,T,TGT,I,1,91.86
2025-11-12,9:43:27.006791145,T,TGT,,100,91.85
2025-11-12,9:43:27.006796497,T,TGT,,100,91.85
2025-11-12,9:43:27.006796497,T,TGT,I,43,91.85
2025-11-12,9:43:27.006799721,T,TGT,I,1,91.86
2025-11-12,9:43:27.006799721,T,TGT,I,1,91.85
2025-11-12,9:43:27.006802280,T,TGT,I,50,91.85
2025-11-12,9:43:27.006892706,T,TGT,,100,91.84
2025-11-12,9:43:27.006892706,T,TGT,I,6,91.84
2025-11-12,9:43:27.006913579,T,TGT,I,64,91.84
2025-11-12,9:43:27.006916532,T,TGT,I,36,91.84
2025-11-12,9:43:27.009487776,T,TGT,F I,2,91.84
2025-11-12,9:43:27.009490680,T,TGT,F I,48,91.84
2025-11-12,9:43:27.009494263,T,TGT,F I,5,91.84
2025-11-12,9:43:27.009494263,T,TGT,F I,3,91.84
2025-11-12,9:43:27.009496781,T,TGT,F I,4,91.84
2025-11-12,9:43:27.009496781,T,TGT,F I,3,91.84
2025-11-12,9:43:27.009980853,T,TGT,F I,39,91.85
2025-11-12,9:43:27.010047051,T,TGT,I,61,91.85
2025-11-12,9:43:27.010047051,T,TGT,I,70,91.85
2025-11-12,9:43:27.011568653,T,TGT,I,70,91.84
2025-11-12,9:43:29.742987919,T,TGT,F I,4,91.85
2025-11-12,9:43:29.742991411,T,TGT,F I,8,91.85
2025-11-12,9:43:29.742991411,T,TGT,F I,23,91.85
2025-11-12,9:43:29.742996926,T,TGT,F I,7,91.85
2025-11-12,9:43:29.742996926,T,TGT,F I,43,91.85
2025-11-12,9:43:30.234809575,T,TGT,I,71,91.85
2025-11-12,9:43:33.836565395,T,TGT,I,29,91.85
2025-11-12,9:43:33.836565395,T,TGT,I,70,91.85
2025-11-12,9:43:33.836565395,T,TGT,I,1,91.85
2025-11-12,9:43:45.340982779,T,TGT,F,100,91.82
2025-11-12,9:43:55.343586592,T,TGT,I,10,91.82
2025-11-12,9:44:02.950013121,T,TGT,F I,50,91.79
2025-11-12,9:44:02.950015814,T,TGT,F I,3,91.79
2025-11-12,9:44:02.950018741,T,TGT,F I,54,91.79
2025-11-12,9:44:02.950021886,T,TGT,F I,10,91.79
2025-11-12,9:44:02.950033763,T,TGT,I,1,91.79
2025-11-12,9:44:02.950045794,T,TGT,I,10,91.79
2025-11-12,9:44:02.950054835,T,TGT,F I,89,91.79
2025-11-12,9:44:02.951227712,T,TGT,F I,57,91.8
2025-11-12,9:44:02.951227712,T,TGT,F I,10,91.8
2025-11-12,9:44:02.951245667,T,TGT,I,1,91.8
2025-11-12,9:44:02.952595870,T,TGT,I,1,91.8
2025-11-12,9:44:02.952607977,T,TGT,F I,70,91.79
2025-11-12,9:44:02.952692152,T,TGT,F I,52,91.78
2025-11-12,9:44:02.952696407,T,TGT,F I,53,91.78
2025-11-12,9:44:04.905111462,T,TGT,,100,91.78
2025-11-12,9:44:04.913327102,T,TGT,I,99,91.78
2025-11-12,9:44:04.913327102,T,TGT,I,1,91.78
2025-11-12,9:44:04.913330163,T,TGT,I,1,91.78
2025-11-12,9:44:04.918697856,T,TGT,,149,91.78
2025-11-12,9:44:04.927307403,T,TGT,,250,91.78
2025-11-12,9:44:04.928865050,T,TGT,I,22,91.76
2025-11-12,9:44:04.928895147,T,TGT,I,1,91.76
2025-11-12,9:44:04.940334444,T,TGT,,100,91.765
2025-11-12,9:44:05.015116638,T,TGT,,100,91.765
2025-11-12,9:44:05.406817716,T,TGT,F I,77,91.76
2025-11-12,9:44:06.408633393,T,TGT,F I,5,91.77
2025-11-12,9:44:06.408633393,T,TGT,F I,92,91.77
2025-11-12,9:44:06.408652092,T,TGT,F I,62,91.77
2025-11-12,9:44:06.408654458,T,TGT,I,1,91.77
2025-11-12,9:44:06.408661210,T,TGT,F I,2,91.77
2025-11-12,9:44:06.408663441,T,TGT,I,24,91.77
2025-11-12,9:44:06.408670871,T,TGT,I,23,91.77
2025-11-12,9:44:06.408670871,T,TGT,I,23,91.77
2025-11-12,9:44:06.408675502,T,TGT,I,9,91.77
2025-11-12,9:44:09.075801922,T,TGT,F I,1,91.75
2025-11-12,9:44:09.075804504,T,TGT,F I,1,91.75
2025-11-12,9:44:09.626124645,T,TGT,F,100,91.74
2025-11-12,9:44:09.626274927,T,TGT,F I,3,91.73
2025-11-12,9:44:09.626290034,T,TGT,F I,1,91.73
2025-11-12,9:44:09.626885401,T,TGT,F I,52,91.74
2025-11-12,9:44:09.626885401,T,TGT,F,217,91.74
2025-11-12,9:44:09.628512296,T,TGT,I,3,91.74
2025-11-12,9:44:09.628524437,T,TGT,I,93,91.74
2025-11-12,9:44:11.372980289,T,TGT,F I,75,91.76
2025-11-12,9:44:20.364031350,T,TGT,I,5,91.71
2025-11-12,9:44:20.364031350,T,TGT,I,5,91.71
2025-11-12,9:44:25.395094793,T,TGT,I,7,91.7
2025-11-12,9:44:25.395097825,T,TGT,I,3,91.7
2025-11-12,9:44:27.185277702,T,TGT,I,75,91.725
2025-11-12,9:44:28.945578281,T,TGT,F I,29,91.75
2025-11-12,9:44:28.945617416,T,TGT,F I,25,91.76
2025-11-12,9:44:28.945621289,T,TGT,F I,4,91.76
2025-11-12,9:44:28.945623481,T,TGT,F I,71,91.76
2025-11-12,9:44:28.945626391,T,TGT,F I,29,91.76
2025-11-12,9:44:28.945821890,T,TGT,F I,10,91.77
2025-11-12,9:44:30.280314109,T,TGT,I,75,91.775
2025-11-12,9:44:31.079167253,T,TGT,I,55,91.77
2025-11-12,9:44:34.921538038,T,TGT,F I,50,91.76
2025-11-12,9:44:43.168718623,T,TGT,F I,75,91.78
2025-11-12,9:44:43.168763730,T,TGT,F I,25,91.78
2025-11-12,9:44:44.570755088,T,TGT,,100,91.76
2025-11-12,9:44:44.570755088,T,TGT,,1025,91.76
2025-11-12,9:44:44.570755088,T,TGT,I,2,91.76
2025-11-12,9:44:44.570787999,T,TGT,F I,6,91.75
2025-11-12,9:44:51.904118350,T,TGT,F I,1,91.79
2025-11-12,9:44:51.904139421,T,TGT,F I,2,91.8
2025-11-12,9:44:51.904145461,T,TGT,F I,1,91.8
2025-11-12,9:44:51.904151514,T,TGT,F I,99,91.8
2025-11-12,9:44:51.904151514,T,TGT,F I,30,91.8
2025-11-12,9:44:51.904160592,T,TGT,F I,70,91.8
2025-11-12,9:44:51.904160592,T,TGT,F I,75,91.8
2025-11-12,9:45:03.311780365,T,TGT,F I,18,91.81
2025-11-12,9:45:03.311790403,T,TGT,F I,82,91.81
2025-11-12,9:45:03.311792898,T,TGT,F I,36,91.81
2025-11-12,9:45:03.311798414,T,TGT,F I,64,91.81
2025-11-12,9:45:03.313154638,T,TGT,I,2,91.815
2025-11-12,9:45:03.313154638,T,TGT,I,2,91.815
2025-11-12,9:45:03.313157740,T,TGT,I,71,91.815
2025-11-12,9:45:03.313214890,T,TGT,I,29,91.815
2025-11-12,9:45:08.148599472,T,TGT,F I,7,91.82
2025-11-12,9:45:08.148662646,T,TGT,F I,10,91.85
2025-11-12,9:45:08.149065585,T,TGT,F I,1,91.85
2025-11-12,9:45:10.577440859,T,TGT,F I,1,91.87
2025-11-12,9:45:12.041674166,T,TGT,F I,1,91.88
2025-11-12,9:45:15.413450934,T,TGT,F I,19,91.89
2025-11-12,9:45:15.413453904,T,TGT,F I,50,91.89
2025-11-12,9:45:15.414070408,T,TGT,I,12,91.89
2025-11-12,9:45:27.196885495,T,TGT,I,70,91.91
2025-11-12,9:45:27.196885495,T,TGT,I,30,91.91
2025-11-12,9:45:27.196999796,T,TGT,F I,70,91.91
2025-11-12,9:45:27.197002559,T,TGT,F I,30,91.92
2025-11-12,9:45:27.197189059,T,TGT,I,1,91.92
2025-11-12,9:45:27.197192076,T,TGT,I,5,91.92
2025-11-12,9:45:28.808259137,T,TGT,I,15,91.92
2025-11-12,9:45:29.430694330,T,TGT,I,9,91.92
2025-11-12,9:45:29.583301798,T,TGT,F I,40,91.92
2025-11-12,9:45:29.583301798,T,TGT,F I,70,91.92
2025-11-12,9:45:29.583304652,T,TGT,F I,67,91.925
2025-11-12,9:45:29.729266377,T,TGT,I,4,91.93
2025-11-12,9:45:29.729945953,T,TGT,F I,2,91.93
2025-11-12,9:45:32.970420944,T,TGT,F,100,91.97
2025-11-12,9:45:32.971398273,T,TGT,F I,5,91.98
2025-11-12,9:45:33.840451176,T,TGT,F I,1,92.0
2025-11-12,9:45:33.840451176,T,TGT,F I,1,92.0
2025-11-12,9:45:33.840453942,T,TGT,F I,1,92.0
2025-11-12,9:45:33.840457016,T,TGT,F I,1,92.0
2025-11-12,9:45:33.840457016,T,TGT,F I,1,92.0
2025-11-12,9:45:33.840459874,T,TGT,F,200,92.0
2025-11-12,9:45:33.840691368,T,TGT,F I,5,92.02
2025-11-12,9:45:33.840781634,T,TGT,F I,4,92.02
2025-11-12,9:45:33.840781634,T,TGT,F I,2,92.02
2025-11-12,9:45:33.840805662,T,TGT,F I,89,92.02
2025-11-12,9:45:33.840826684,T,TGT,I,1,92.02
2025-11-12,9:45:33.840838765,T,TGT,F I,4,92.02
2025-11-12,9:45:33.841172546,T,TGT,F I,19,92.03
2025-11-12,9:45:33.841181620,T,TGT,F,132,92.03
2025-11-12,9:45:33.841190773,T,TGT,I,6,92.03
2025-11-12,9:45:33.841202609,T,TGT,I,43,92.03
2025-11-12,9:45:33.843217428,T,TGT,I,12,92.04
2025-11-12,9:45:33.854151416,T,TGT,F,100,92.04
2025-11-12,9:45:33.854151416,T,TGT,F I,1,92.04
2025-11-12,9:45:33.854154626,T,TGT,F I,31,92.04
2025-11-12,9:45:33.854157526,T,TGT,F,132,92.04
2025-11-12,9:45:33.854160513,T,TGT,F I,86,92.04
2025-11-12,9:45:33.854160513,T,TGT,F I,46,92.04
2025-11-12,9:45:33.854172522,T,TGT,F I,24,92.04
2025-11-12,9:45:33.854340995,T,TGT,F I,32,92.03
2025-11-12,9:45:33.854361951,T,TGT,F,418,92.03
2025-11-12,9:45:33.951097168,T,TGT,F,148,92.05
2025-11-12,9:45:33.951099468,T,TGT,F I,1,92.05
2025-11-12,9:45:33.951102376,T,TGT,F,100,92.05
2025-11-12,9:45:41.130478853,T,TGT,F I,49,92.07
2025-11-12,9:45:41.130482149,T,TGT,F I,72,92.07
2025-11-12,9:45:41.130484558,T,TGT,F I,28,92.07
2025-11-12,9:45:41.130487158,T,TGT,F,100,92.07
2025-11-12,9:45:41.130490324,T,TGT,F,268,92.07
2025-11-12,9:45:41.130490324,T,TGT,F I,99,92.07
2025-11-12,9:45:41.130493166,T,TGT,F I,22,92.07
2025-11-12,9:45:41.130493166,T,TGT,F I,78,92.07
2025-11-12,9:45:43.450466293,T,TGT,F I,10,92.05
2025-11-12,9:45:43.450466293,T,TGT,F I,8,92.05
2025-11-12,9:45:43.450469635,T,TGT,F I,28,92.05
2025-11-12,9:45:43.450469635,T,TGT,F I,28,92.05
2025-11-12,9:45:43.450472221,T,TGT,F I,3,92.05
2025-11-12,9:45:43.450475242,T,TGT,F I,30,92.05
2025-11-12,9:45:46.173985701,T,TGT,F I,16,92.04
2025-11-12,9:45:46.173988573,T,TGT,F I,22,92.04
2025-11-12,9:45:46.174105876,T,TGT,F I,10,92.03
2025-11-12,9:45:48.915202553,T,TGT,F I,19,92.05
2025-11-12,9:45:48.915202553,T,TGT,F I,24,92.05
2025-11-12,9:45:57.230011156,T,TGT,F,100,92.02
2025-11-12,9:45:57.230011156,T,TGT,F I,17,92.02
2025-11-12,9:45:57.230013844,T,TGT,F,100,92.02
2025-11-12,9:46:00.828527827,T,TGT,I,60,92.03
2025-11-12,9:46:00.999897030,T,TGT,I,17,92.06
2025-11-12,9:46:08.289482309,T,TGT,F I,15,92.06
2025-11-12,9:46:08.289485559,T,TGT,F I,37,92.06
2025-11-12,9:46:08.289485559,T,TGT,F I,18,92.06
2025-11-12,9:46:08.289488405,T,TGT,F I,15,92.06
2025-11-12,9:46:08.289497323,T,TGT,I,7,92.06
2025-11-12,9:46:08.289506357,T,TGT,I,2,92.06
2025-11-12,9:46:08.289530487,T,TGT,I,76,92.06
2025-11-12,9:46:08.289530487,T,TGT,I,54,92.06
2025-11-12,9:46:08.289545514,T,TGT,I,46,92.06
2025-11-12,9:46:09.882695964,T,TGT,I,50,92.06
2025-11-12,9:46:22.121243620,T,TGT,I,2,92.06
2025-11-12,9:46:22.121246599,T,TGT,I,92,92.06
2025-11-12,9:46:22.121264892,T,TGT,F I,8,92.06
2025-11-12,9:46:22.121264892,T,TGT,F I,1,92.06
2025-11-12,9:46:27.560000738,T,TGT,,500,92.05
2025-11-12,9:46:27.560003697,T,TGT,I,69,92.05
2025-11-12,9:46:27.572549655,T,TGT,I,8,92.03
2025-11-12,9:46:27.572552566,T,TGT,I,56,92.03
2025-11-12,9:46:29.253801088,T,TGT,F I,6,91.99
2025-11-12,9:46:29.253804092,T,TGT,F I,13,91.99
2025-11-12,9:46:29.253806945,T,TGT,F I,36,91.99
2025-11-12,9:46:29.253837084,T,TGT,F,100,91.99
2025-11-12,9:46:29.253855026,T,TGT,F I,5,91.99
2025-11-12,9:46:29.481777475,T,TGT,I,1,92.01
2025-11-12,9:46:29.481780104,T,TGT,I,1,92.01
2025-11-12,9:46:30.845117106,T,TGT,I,5,92.01
2025-11-12,9:46:37.630530439,T,TGT,F,200,92.05
2025-11-12,9:46:42.811192003,T,TGT,F I,1,92.03
2025-11-12,9:46:42.811194906,T,TGT,F I,40,92.02
2025-11-12,9:46:42.812875532,T,TGT,F I,1,92.02
2025-11-12,9:46:42.838442384,T,TGT,F I,41,92.02
2025-11-12,9:46:42.857411590,T,TGT,,245,92.02
2025-11-12,9:46:53.424664499,T,TGT,I,75,92.005
2025-11-12,9:46:53.424709543,T,TGT,I,25,92.005
2025-11-12,9:46:54.986666700,T,TGT,I,6,91.99
2025-11-12,9:46:54.986670196,T,TGT,I,1,91.99
2025-11-12,9:46:54.986673432,T,TGT,I,4,91.99
2025-11-12,9:46:54.986673432,T,TGT,I,64,91.99
2025-11-12,9:46:54.986678720,T,TGT,,100,91.99
2025-11-12,9:46:59.964269026,T,TGT,F,151,91.99
2025-11-12,9:46:59.964271965,T,TGT,F I,49,91.99
2025-11-12,9:47:00.134660958,T,TGT,I,1,91.985
2025-11-12,9:47:04.528395278,T,TGT,I,4,92.02
2025-11-12,9:47:07.291488916,T,TGT,F I,23,92.0
2025-11-12,9:47:07.291491925,T,TGT,F,100,92.0
2025-11-12,9:47:07.291525100,T,TGT,F I,63,91.99
2025-11-12,9:47:07.292069385,T,TGT,F I,9,91.99
2025-11-12,9:47:07.292532443,T,TGT,F I,45,91.97
2025-11-12,9:47:07.292532443,T,TGT,F I,11,91.97
2025-11-12,9:47:07.295404262,T,TGT,F,100,91.95
2025-11-12,9:47:07.295425360,T,TGT,I,5,91.95
2025-11-12,9:47:07.491736062,T,TGT,F I,30,91.95
2025-11-12,9:47:07.491739359,T,TGT,F I,15,91.92
2025-11-12,9:47:07.491754032,T,TGT,F I,1,91.92
2025-11-12,9:47:07.491787176,T,TGT,I,30,91.95
2025-11-12,9:47:07.492012627,T,TGT,I,29,91.93
2025-11-12,9:47:07.492015665,T,TGT,I,22,91.93
2025-11-12,9:47:07.493305699,T,TGT,I,75,91.93
2025-11-12,9:47:07.493333160,T,TGT,F I,75,91.925
2025-11-12,9:47:07.493350856,T,TGT,I,75,91.925
2025-11-12,9:47:07.569405078,T,TGT,I,70,91.93
2025-11-12,9:47:11.749245942,T,TGT,F I,50,91.94
2025-11-12,9:47:11.749251917,T,TGT,F I,25,91.94
2025-11-12,9:47:11.749251917,T,TGT,F I,29,91.94
2025-11-12,9:47:14.930476916,T,TGT,F I,1,92.0
2025-11-12,9:47:14.930476916,T,TGT,F I,5,92.0
2025-11-12,9:47:35.366271231,T,TGT,I,1,92.02
2025-11-12,9:47:50.870562954,T,TGT,I,5,92.01
2025-11-12,9:47:52.748672275,T,TGT,I,20,92.06
2025-11-12,9:47:54.968756393,T,TGT,F I,10,92.07
2025-11-12,9:47:55.504151828,T,TGT,F I,75,92.06
2025-11-12,9:48:12.271166853,T,TGT,F I,6,92.04
2025-11-12,9:48:12.271169754,T,TGT,F I,80,92.04
2025-11-12,9:48:12.271175805,T,TGT,F I,20,92.04
2025-11-12,9:48:25.557292819,T,TGT,F I,40,92.07
2025-11-12,9:48:28.142160803,T,TGT,F I,39,92.09
2025-11-12,9:48:28.142918638,T,TGT,I,5,92.1
2025-11-12,9:48:28.142918638,T,TGT,I,5,92.1
2025-11-12,9:48:28.143054023,T,TGT,,100,92.1
2025-11-12,9:48:28.143056988,T,TGT,I,86,92.1
2025-11-12,9:48:28.143071986,T,TGT,I,1,92.1
2025-11-12,9:48:28.143078036,T,TGT,F I,75,92.1
2025-11-12,9:48:28.143093073,T,TGT,I,24,92.1
2025-11-12,9:48:28.143096429,T,TGT,,100,92.1
2025-11-12,9:48:28.143096429,T,TGT,I,1,92.1
2025-11-12,9:48:28.143099111,T,TGT,I,10,92.09
2025-11-12,9:48:28.143300559,T,TGT,I,44,92.1
2025-11-12,9:48:28.660108807,T,TGT,F I,5,92.11
2025-11-12,9:48:28.661092221,T,TGT,F,100,92.115
2025-11-12,9:48:28.661092221,T,TGT,F,100,92.1
2025-11-12,9:48:28.661098145,T,TGT,F I,16,92.1
2025-11-12,9:48:28.661098145,T,TGT,F I,50,92.1
2025-11-12,9:48:28.661101157,T,TGT,F I,75,92.1
2025-11-12,9:48:28.661101157,T,TGT,F,100,92.1
2025-11-12,9:48:28.661296576,T,TGT,F I,50,92.1
2025-11-12,9:48:28.666318549,T,TGT,F I,1,92.085
2025-11-12,9:48:49.169629749,T,TGT,F I,75,92.06
2025-11-12,9:48:49.421600089,T,TGT,F I,31,92.05
2025-11-12,9:48:49.421711324,T,TGT,I,19,92.05
2025-11-12,9:48:49.421714348,T,TGT,I,11,92.05
2025-11-12,9:48:49.429671265,T,TGT,F,119,92.04
2025-11-12,9:48:49.429671265,T,TGT,F I,55,92.04
2025-11-12,9:48:57.827008700,T,TGT,F I,40,92.04
2025-11-12,9:48:57.831967467,T,TGT,I,70,92.06
2025-11-12,9:49:00.273505208,T,TGT,F I,2,92.06
2025-11-12,9:49:00.273526140,T,TGT,F I,19,92.06
2025-11-12,9:49:00.273571293,T,TGT,I,6,92.065
2025-11-12,9:49:02.570491486,T,TGT,I,5,92.065
2025-11-12,9:49:02.570494403,T,TGT,I,70,92.065
2025-11-12,9:49:03.517877344,T,TGT,I,22,92.09
2025-11-12,9:49:05.218985065,T,TGT,I,14,92.11
2025-11-12,9:49:05.219012039,T,TGT,I,1,92.11
2025-11-12,9:49:05.219033111,T,TGT,I,33,92.11
2025-11-12,9:49:05.219324840,T,TGT,I,52,92.11
2025-11-12,9:49:07.676066630,T,TGT,I,6,92.12
2025-11-12,9:49:07.676589947,T,TGT,F I,50,92.1
2025-11-12,9:49:07.676593875,T,TGT,F,106,92.1
2025-11-12,9:49:07.676593875,T,TGT,F I,75,92.1
2025-11-12,9:49:07.677101203,T,TGT,I,5,92.1
2025-11-12,9:49:07.730240762,T,TGT,F I,1,92.1
2025-11-12,9:49:08.981783353,T,TGT,I,7,92.11
2025-11-12,9:49:10.887681937,T,TGT,F,116,92.09
2025-11-12,9:49:10.887699906,T,TGT,I,1,92.09
2025-11-12,9:49:10.887717990,T,TGT,I,2,92.09
2025-11-12,9:49:10.887721167,T,TGT,I,2,92.09
2025-11-12,9:49:10.887760151,T,TGT,I,4,92.08
2025-11-12,9:49:10.887760151,T,TGT,I,10,92.08
2025-11-12,9:49:13.094850125,T,TGT,I,1,92.1
2025-11-12,9:49:27.474594748,T,TGT,I,1,92.06
2025-11-12,9:49:27.474615747,T,TGT,I,1,92.06
2025-11-12,9:49:27.474904451,T,TGT,I,32,92.06
2025-11-12,9:49:28.670655157,T,TGT,F I,5,92.1
2025-11-12,9:49:39.847445090,T,TGT,F I,6,92.13
2025-11-12,9:49:39.847469088,T,TGT,F I,1,92.14
2025-11-12,9:49:39.847607500,T,TGT,I,99,92.14
2025-11-12,9:49:39.852274757,T,TGT,I,1,92.15
2025-11-12,9:49:39.852274757,T,TGT,I,3,92.15
2025-11-12,9:49:39.852346700,T,TGT,I,1,92.16
2025-11-12,9:49:39.852349741,T,TGT,I,5,92.16
2025-11-12,9:49:44.780240834,T,TGT,F I,1,92.19
2025-11-12,9:49:46.451381867,T,TGT,F I,7,92.2
2025-11-12,9:49:46.451384851,T,TGT,F,100,92.2
2025-11-12,9:49:54.083741942,T,TGT,I,1,92.22
2025-11-12,9:49:56.708337536,T,TGT,I,50,92.24
2025-11-12,9:50:00.015102615,T,TGT,F I,70,92.21
2025-11-12,9:50:00.015111556,T,TGT,F I,6,92.2
2025-11-12,9:50:00.015111556,T,TGT,F I,10,92.2
2025-11-12,9:50:00.271063409,T,TGT,F I,75,92.17
2025-11-12,9:50:00.271105549,T,TGT,F I,25,92.17
2025-11-12,9:50:00.798357594,T,TGT,F I,75,92.18
2025-11-12,9:50:04.344447808,T,TGT,I,1,92.19
2025-11-12,9:50:04.344537957,T,TGT,I,75,92.195
2025-11-12,9:50:04.440234938,T,TGT,F I,21,92.17
2025-11-12,9:50:04.440289055,T,TGT,F I,27,92.16
2025-11-12,9:50:04.440328235,T,TGT,I,10,92.16
2025-11-12,9:50:04.460581460,T,TGT,I,6,92.17
2025-11-12,9:50:05.964924437,T,TGT,F I,24,92.14
2025-11-12,9:50:05.964927369,T,TGT,F I,10,92.14
2025-11-12,9:50:05.964930450,T,TGT,F I,85,92.14
2025-11-12,9:50:05.964930450,T,TGT,I,11,92.14
2025-11-12,9:50:05.964945442,T,TGT,I,1,92.14
2025-11-12,9:50:09.015467122,T,TGT,F I,75,92.14
2025-11-12,9:50:32.640629708,T,TGT,I,75,92.215
2025-11-12,9:50:34.841744388,T,TGT,I,1,92.215
2025-11-12,9:50:34.844282489,T,TGT,I,39,92.215
2025-11-12,9:50:37.631262011,T,TGT,F I,1,92.215
2025-11-12,9:50:37.740124778,T,TGT,F I,43,92.2
2025-11-12,9:50:37.740127312,T,TGT,F I,50,92.2
2025-11-12,9:50:37.740160879,T,TGT,I,2,92.19
2025-11-12,9:50:37.740825835,T,TGT,F I,5,92.18
2025-11-12,9:50:37.740825835,T,TGT,F I,25,92.18
2025-11-12,9:50:37.741354246,T,TGT,I,18,92.2
2025-11-12,9:50:37.741357358,T,TGT,I,4,92.2
2025-11-12,9:50:37.741579814,T,TGT,I,11,92.185
2025-11-12,9:50:37.746980683,T,TGT,I,75,92.2
2025-11-12,9:50:37.747022802,T,TGT,I,25,92.195
2025-11-12,9:50:39.268710968,T,TGT,I,40,92.195
2025-11-12,9:50:45.303064204,T,TGT,I,6,92.18
2025-11-12,9:50:45.303066820,T,TGT,I,4,92.18
2025-11-12,9:50:45.303069814,T,TGT,I,18,92.18
2025-11-12,9:50:45.303172037,T,TGT,F I,20,92.17
2025-11-12,9:50:45.303208068,T,TGT,I,20,92.16
2025-11-12,9:50:45.303211108,T,TGT,I,13,92.16
2025-11-12,9:50:46.400880746,T,TGT,F I,18,92.16
2025-11-12,9:50:49.899128958,T,TGT,,100,92.135
2025-11-12,9:50:50.520102289,T,TGT,I,8,92.11
2025-11-12,9:50:50.520144358,T,TGT,I,1,92.1
2025-11-12,9:50:52.191168294,T,TGT,F I,10,92.1
2025-11-12,9:50:55.550684877,T,TGT,F I,38,92.12
2025-11-12,9:50:59.402315219,T,TGT,F I,2,92.14
2025-11-12,9:50:59.404732370,T,TGT,I,11,92.16
2025-11-12,9:50:59.404732370,T,TGT,I,2,92.16
2025-11-12,9:51:01.424885100,T,TGT,I,50,92.19
2025-11-12,9:51:01.424969443,T,TGT,I,50,92.18
2025-11-12,9:51:01.424969443,T,TGT,I,10,92.18
2025-11-12,9:51:01.424973276,T,TGT,I,10,92.18
2025-11-12,9:51:01.424975287,T,TGT,I,60,92.18
2025-11-12,9:51:01.424984299,T,TGT,I,5,92.18
2025-11-12,9:51:01.424988475,T,TGT,,250,92.18
2025-11-12,9:51:01.424990383,T,TGT,I,45,92.18
2025-11-12,9:51:01.425015080,T,TGT,,127,92.17
2025-11-12,9:51:01.425017335,T,TGT,F I,2,92.19
2025-11-12,9:51:01.425056520,T,TGT,F I,15,92.2
2025-11-12,9:51:01.425125750,T,TGT,I,7,92.19
2025-11-12,9:51:01.425125750,T,TGT,I,13,92.18
2025-11-12,9:51:01.425176766,T,TGT,F I,2,92.18
2025-11-12,9:51:01.425179778,T,TGT,F,100,92.18
2025-11-12,9:51:01.425182762,T,TGT,F I,2,92.18
2025-11-12,9:51:01.425192443,T,TGT,F I,50,92.18
2025-11-12,9:51:01.425195858,T,TGT,I,1,92.18
2025-11-12,9:51:01.425224869,T,TGT,F I,5,92.19
2025-11-12,9:51:01.425742100,T,TGT,F I,6,92.21
2025-11-12,9:51:01.425745138,T,TGT,F I,2,92.21
2025-11-12,9:51:01.425802507,T,TGT,I,10,92.2
2025-11-12,9:51:01.425854136,T,TGT,I,30,92.2
2025-11-12,9:51:01.427600530,T,TGT,F I,9,92.21
2025-11-12,9:51:02.643195452,T,TGT,I,52,92.23
2025-11-12,9:51:02.643198451,T,TGT,,100,92.24
2025-11-12,9:51:02.643201483,T,TGT,I,48,92.24
2025-11-12,9:51:02.643213545,T,TGT,I,1,92.24
2025-11-12,9:51:02.643265098,T,TGT,I,51,92.24
2025-11-12,9:51:02.643267820,T,TGT,I,11,92.24
2025-11-12,9:51:02.643267820,T,TGT,I,3,92.24
2025-11-12,9:51:02.643647231,T,TGT,,100,92.23
2025-11-12,9:51:02.643647231,T,TGT,I,22,92.23
2025-11-12,9:51:02.650172079,T,TGT,I,1,92.24
2025-11-12,9:51:15.633302535,T,TGT,I,5,92.24
2025-11-12,9:51:15.633323687,T,TGT,F I,16,92.24
2025-11-12,9:51:15.633327438,T,TGT,F I,16,92.24
2025-11-12,9:51:15.633327438,T,TGT,F I,3,92.24
2025-11-12,9:51:15.633330674,T,TGT,F I,16,92.24
2025-11-12,9:51:15.633330674,T,TGT,F I,1,92.24
2025-11-12,9:51:15.633377781,T,TGT,I,10,92.25
2025-11-12,9:51:16.406835572,T,TGT,F I,75,92.26
2025-11-12,9:51:26.130729142,T,TGT,I,1,92.26
2025-11-12,9:51:28.871984866,T,TGT,I,20,92.25
2025-11-12,9:51:28.871987880,T,TGT,I,1,92.25
2025-11-12,9:51:28.872297614,T,TGT,F I,20,92.24
2025-11-12,9:51:28.872345723,T,TGT,I,65,92.23
2025-11-12,9:51:28.872378748,T,TGT,I,54,92.23
2025-11-12,9:51:28.872378748,T,TGT,I,2,92.23
2025-11-12,9:51:28.872382292,T,TGT,I,5,92.23
2025-11-12,9:51:28.872382292,T,TGT,I,8,92.23
2025-11-12,9:51:28.872384769,T,TGT,I,1,92.23
2025-11-12,9:51:42.416625253,T,TGT,I,1,92.205
2025-11-12,9:51:47.385049811,T,TGT,F I,2,92.23
2025-11-12,9:51:59.357400726,T,TGT,I,1,92.24
2025-11-12,9:51:59.357400726,T,TGT,I,1,92.24
2025-11-12,9:51:59.357403170,T,TGT,I,40,92.24
2025-11-12,9:52:02.651111021,T,TGT,F I,21,92.24
2025-11-12,9:52:02.684087741,T,TGT,I,12,92.24
2025-11-12,9:52:05.564743338,T,TGT,I,40,92.22
2025-11-12,9:52:05.565513090,T,TGT,F I,75,92.22
2025-11-12,9:52:05.576549407,T,TGT,I,75,92.22
2025-11-12,9:52:05.583309473,T,TGT,I,34,92.21
2025-11-12,9:52:05.583345602,T,TGT,I,10,92.2
2025-11-12,9:52:08.835431277,T,TGT,I,1,92.22
2025-11-12,9:52:10.937944180,T,TGT,F I,10,92.22
2025-11-12,9:52:20.984025763,T,TGT,I,1,92.22
2025-11-12,9:52:20.984025763,T,TGT,I,5,92.22
2025-11-12,9:52:21.088196750,T,TGT,I,20,92.22
2025-11-12,9:52:24.009088339,T,TGT,I,10,92.25
2025-11-12,9:52:24.009115318,T,TGT,I,6,92.26
2025-11-12,9:52:24.009118370,T,TGT,I,2,92.26
2025-11-12,9:52:24.009121418,T,TGT,I,11,92.26
2025-11-12,9:52:24.010098748,T,TGT,F I,10,92.29
2025-11-12,9:52:24.010101757,T,TGT,F I,6,92.29
2025-11-12,9:52:24.010630936,T,TGT,F I,17,92.29
2025-11-12,9:52:24.010796785,T,TGT,I,10,92.29
2025-11-12,9:52:24.010799387,T,TGT,I,15,92.29
2025-11-12,9:52:34.720862287,T,TGT,I,75,92.315
2025-11-12,9:52:50.869745525,T,TGT,F I,75,92.34
2025-11-12,9:52:50.987978177,T,TGT,I,6,92.33
2025-11-12,9:52:51.355922780,T,TGT,F I,18,92.36
2025-11-12,9:52:51.355922780,T,TGT,F I,13,92.36
2025-11-12,9:52:51.355928875,T,TGT,F I,31,92.36
2025-11-12,9:52:51.355928875,T,TGT,F I,6,92.36
2025-11-12,9:52:51.355931829,T,TGT,F I,21,92.36
2025-11-12,9:52:51.356891017,T,TGT,F I,2,92.38
2025-11-12,9:52:54.873829739,T,TGT,I,42,92.38
2025-11-12,9:52:54.873968046,T,TGT,I,12,92.38
2025-11-12,9:52:57.045254837,T,TGT,I,15,92.385
2025-11-12,9:52:57.045311891,T,TGT,I,12,92.39
2025-11-12,9:52:57.048493527,T,TGT,F I,1,92.4
2025-11-12,9:52:57.623679970,T,TGT,I,6,92.4
2025-11-12,9:52:57.623947525,T,TGT,F I,1,92.41
2025-11-12,9:52:57.623947525,T,TGT,I,24,92.41
2025-11-12,9:52:57.640511127,T,TGT,I,12,92.4
2025-11-12,9:52:58.438937120,T,TGT,I,10,92.415
2025-11-12,9:53:08.921721711,T,TGT,I,18,92.38
2025-11-12,9:53:08.997490211,T,TGT,F I,11,92.38
2025-11-12,9:53:18.593910372,T,TGT,F I,75,92.38
2025-11-12,9:53:18.862128370,T,TGT,I,20,92.38
2025-11-12,9:53:18.862868193,T,TGT,F I,75,92.38
2025-11-12,9:53:19.920220206,T,TGT,F I,19,92.37
2025-11-12,9:53:24.879416078,T,TGT,F I,3,92.34
2025-11-12,9:53:24.879416078,T,TGT,F I,37,92.34
2025-11-12,9:53:24.879421767,T,TGT,F I,6,92.34
2025-11-12,9:53:24.879421767,T,TGT,F I,1,92.34
2025-11-12,9:53:24.880450370,T,TGT,I,19,92.33
2025-11-12,9:53:24.947937390,T,TGT,I,11,92.33
2025-11-12,9:53:24.947940438,T,TGT,I,1,92.34
2025-11-12,9:53:24.947943016,T,TGT,I,23,92.34
2025-11-12,9:53:24.947949126,T,TGT,I,11,92.34
2025-11-12,9:53:24.947952103,T,TGT,I,24,92.34
2025-11-12,9:53:24.948271178,T,TGT,I,36,92.36
2025-11-12,9:53:24.948271178,T,TGT,I,34,92.36
2025-11-12,9:53:39.799619952,T,TGT,I,6,92.355
2025-11-12,9:53:39.813897950,T,TGT,I,1,92.34
2025-11-12,9:53:40.292939280,T,TGT,,100,92.32
2025-11-12,9:53:40.707771574,T,TGT,I,24,92.35
2025-11-12,9:53:43.390628013,T,TGT,I,3,92.35
2025-11-12,9:53:57.618204134,T,TGT,I,1,92.345
2025-11-12,9:54:00.346793637,T,TGT,I,1,92.345
2025-11-12,9:54:01.078665236,T,TGT,I,8,92.35
2025-11-12,9:54:08.235231725,T,TGT,F I,19,92.31
2025-11-12,9:54:08.235252626,T,TGT,I,19,92.31
2025-11-12,9:54:08.235339838,T,TGT,F I,19,92.31
2025-11-12,9:54:08.235472200,T,TGT,I,62,92.31
2025-11-12,9:54:08.235472200,T,TGT,I,1,92.31
2025-11-12,9:54:08.235712717,T,TGT,I,99,92.31
2025-11-12,9:54:08.236756344,T,TGT,,100,92.3
2025-11-12,9:54:08.236759262,T,TGT,I,2,92.3
2025-11-12,9:54:08.238939479,T,TGT,F I,2,92.29
2025-11-12,9:54:08.251620704,T,TGT,,100,92.285
2025-11-12,9:54:08.269741812,T,TGT,,100,92.285
2025-11-12,9:54:08.277380011,T,TGT,,100,92.285
2025-11-12,9:54:08.288398223,T,TGT,,100,92.285
2025-11-12,9:54:08.288428459,T,TGT,I,1,92.285
2025-11-12,9:54:08.288428459,T,TGT,,100,92.285
2025-11-12,9:54:08.288431308,T,TGT,I,1,92.29
2025-11-12,9:54:08.288443725,T,TGT,I,19,92.29
2025-11-12,9:54:08.288443725,T,TGT,I,70,92.29
2025-11-12,9:54:08.288446843,T,TGT,I,13,92.3
2025-11-12,9:54:08.289574421,T,TGT,I,87,92.3
2025-11-12,9:54:08.289574421,T,TGT,I,2,92.3
2025-11-12,9:54:12.452382300,T,TGT,I,1,92.29
2025-11-12,9:54:15.020289983,T,TGT,I,1,92.265
2025-11-12,9:54:15.074073181,T,TGT,I,12,92.27
2025-11-12,9:54:15.757006133,T,TGT,I,1,92.27
2025-11-12,9:54:16.250707285,T,TGT,I,10,92.29
2025-11-12,9:54:16.250731364,T,TGT,F I,10,92.3
2025-11-12,9:54:16.251353795,T,TGT,I,10,92.31
2025-11-12,9:54:16.518468142,T,TGT,I,2,92.315
2025-11-12,9:54:16.757035495,T,TGT,I,1,92.315
2025-11-12,9:54:18.757656639,T,TGT,I,1,92.33
2025-11-12,9:54:19.757758331,T,TGT,I,1,92.33
2025-11-12,9:54:19.928312615,T,TGT,F I,19,92.37
2025-11-12,9:54:19.928336822,T,TGT,F,181,92.37
2025-11-12,9:54:19.928336822,T,TGT,F I,10,92.37
2025-11-12,9:54:19.928339672,T,TGT,F I,3,92.37
2025-11-12,9:54:19.929963550,T,TGT,I,1,92.4
2025-11-12,9:54:19.930528842,T,TGT,I,6,92.41
2025-11-12,9:54:19.930546961,T,TGT,F I,4,92.41
2025-11-12,9:54:19.930585987,T,TGT,I,5,92.41
2025-11-12,9:54:19.930592011,T,TGT,F I,1,92.42
2025-11-12,9:54:19.931340846,T,TGT,I,1,92.43
2025-11-12,9:54:19.931343832,T,TGT,,100,92.43
2025-11-12,9:54:22.370235149,T,TGT,I,1,92.435
2025-11-12,9:54:31.357316532,T,TGT,I,1,92.42
2025-11-12,9:54:31.357334633,T,TGT,I,1,92.42
2025-11-12,9:54:32.286903180,T,TGT,I,1,92.41
2025-11-12,9:54:32.286945261,T,TGT,I,2,92.41
2025-11-12,9:54:32.287396306,T,TGT,,100,92.41
2025-11-12,9:54:32.288211492,T,TGT,F,100,92.42
2025-11-12,9:54:32.288211492,T,TGT,F I,10,92.42
2025-11-12,9:54:32.288421762,T,TGT,F,100,92.43
2025-11-12,9:54:34.285771357,T,TGT,I,1,92.43
2025-11-12,9:54:36.285090222,T,TGT,I,1,92.43
2025-11-12,9:54:37.287233686,T,TGT,I,1,92.43
2025-11-12,9:54:38.286571484,T,TGT,I,1,92.43
2025-11-12,9:54:40.951234820,T,TGT,I,7,92.43
2025-11-12,9:54:43.386267807,T,TGT,F I,50,92.45
2025-11-12,9:54:43.386273788,T,TGT,F I,11,92.45
2025-11-12,9:54:48.716634575,T,TGT,I,2,92.425
2025-11-12,9:54:49.083298456,T,TGT,F I,70,92.45
2025-11-12,9:54:49.083319204,T,TGT,F I,3,92.46
2025-11-12,9:54:49.083322164,T,TGT,F I,10,92.46
2025-11-12,9:54:49.083574826,T,TGT,F I,11,92.47
2025-11-12,9:54:49.083710083,T,TGT,F I,15,92.47
2025-11-12,9:54:49.084777690,T,TGT,F,200,92.49
2025-11-12,9:54:49.084833012,T,TGT,F I,1,92.5
2025-11-12,9:54:49.084836131,T,TGT,F,100,92.5
2025-11-12,9:54:49.084840851,T,TGT,F I,20,92.5
2025-11-12,9:54:49.084844130,T,TGT,F I,39,92.5
2025-11-12,9:54:49.084846774,T,TGT,F I,51,92.5
2025-11-12,9:54:49.085220411,T,TGT,F I,28,92.51
2025-11-12,9:54:49.085220411,T,TGT,F I,2,92.51
2025-11-12,9:54:49.085225668,T,TGT,F I,2,92.51
2025-11-12,9:54:49.085354973,T,TGT,I,47,92.5
2025-11-12,9:54:49.085580588,T,TGT,F I,3,92.52
2025-11-12,9:54:49.085601613,T,TGT,F I,28,92.52
2025-11-12,9:54:49.718053344,T,TGT,I,1,92.495
2025-11-12,9:54:51.255366706,T,TGT,I,4,92.5
2025-11-12,9:54:52.339738139,T,TGT,F I,2,92.53
2025-11-12,9:54:52.576227463,T,TGT,I,1,92.55
2025-11-12,9:54:52.576227463,T,TGT,I,16,92.55
2025-11-12,9:54:54.106964259,T,TGT,F I,4,92.57
2025-11-12,9:54:54.106967236,T,TGT,F I,11,92.57
2025-11-12,9:54:55.852208133,T,TGT,F I,4,92.57
2025-11-12,9:54:55.853004937,T,TGT,I,1,92.565
2025-11-12,9:54:59.488789727,T,TGT,I,10,92.55
2025-11-12,9:55:03.267649186,T,TGT,I,1,92.57
2025-11-12,9:55:03.661046454,T,TGT,F I,70,92.56
2025-11-12,9:55:03.661049425,T,TGT,F I,5,92.56
2025-11-12,9:55:03.661094607,T,TGT,F I,75,92.56
2025-11-12,9:55:03.661139621,T,TGT,I,20,92.56
2025-11-12,9:55:03.661139621,T,TGT,I,17,92.55
2025-11-12,9:55:03.661142634,T,TGT,I,70,92.55
2025-11-12,9:55:04.693466245,T,TGT,I,11,92.54
2025-11-12,9:55:05.126371470,T,TGT,F I,70,92.54
2025-11-12,9:55:05.126371470,T,TGT,F I,5,92.54
2025-11-12,9:55:05.394592395,T,TGT,,100,92.56
2025-11-12,9:55:10.613616000,T,TGT,F I,60,92.54
2025-11-12,9:55:10.620911350,T,TGT,I,10,92.54
2025-11-12,9:55:11.343388598,T,TGT,I,30,92.565
2025-11-12,9:55:23.211597816,T,TGT,F I,23,92.57
2025-11-12,9:55:26.973713500,T,TGT,F I,75,92.55
2025-11-12,9:55:26.973761602,T,TGT,F I,25,92.55
2025-11-12,9:55:27.240344148,T,TGT,I,19,92.54
2025-11-12,9:55:27.240346738,T,TGT,I,1,92.54
2025-11-12,9:55:27.240485091,T,TGT,F I,3,92.53
2025-11-12,9:55:27.241570688,T,TGT,F I,24,92.52
2025-11-12,9:55:27.242400647,T,TGT,F I,40,92.52
2025-11-12,9:55:29.415500733,T,TGT,F I,70,92.49
2025-11-12,9:55:36.932508897,T,TGT,I,2,92.515
2025-11-12,9:55:36.934734248,T,TGT,I,30,92.515
2025-11-12,9:55:38.024271829,T,TGT,I,75,92.51
2025-11-12,9:55:40.003027994,T,TGT,F I,21,92.5
2025-11-12,9:55:40.756915108,T,TGT,I,65,92.495
2025-11-12,9:55:45.003334369,T,TGT,,100,92.495
2025-11-12,9:55:45.047164178,T,TGT,I,1,92.48
2025-11-12,9:55:45.047164178,T,TGT,I,1,92.48
2025-11-12,9:55:45.047687041,T,TGT,I,3,92.47
2025-11-12,9:55:45.047735192,T,TGT,I,29,92.46
2025-11-12,9:55:45.048844837,T,TGT,I,11,92.46
2025-11-12,9:55:45.048941141,T,TGT,I,10,92.46
2025-11-12,9:55:45.049034276,T,TGT,I,11,92.46
2025-11-12,9:55:48.192486099,T,TGT,I,1,92.485
2025-11-12,9:55:50.454989232,T,TGT,I,1,92.485
2025-11-12,9:56:02.892322328,T,TGT,I,40,92.475
2025-11-12,9:56:02.929722502,T,TGT,I,70,92.46
2025-11-12,9:56:02.939486746,T,TGT,I,75,92.45
2025-11-12,9:56:02.939492695,T,TGT,,127,92.45
2025-11-12,9:56:02.939492695,T,TGT,I,11,92.45
2025-11-12,9:56:02.939529448,T,TGT,I,31,92.44
2025-11-12,9:56:02.939535360,T,TGT,I,60,92.44
2025-11-12,9:56:02.939535360,T,TGT,I,17,92.44
2025-11-12,9:56:02.939537882,T,TGT,I,40,92.44
2025-11-12,9:56:02.939537882,T,TGT,I,5,92.44
2025-11-12,9:56:02.939540892,T,TGT,I,10,92.44
2025-11-12,9:56:02.939549817,T,TGT,I,1,92.45
2025-11-12,9:56:02.940268597,T,TGT,I,47,92.44
2025-11-12,9:56:02.940268597,T,TGT,I,15,92.44
2025-11-12,9:56:02.966439976,T,TGT,I,10,92.44
2025-11-12,9:56:17.973150957,T,TGT,F I,1,92.49
2025-11-12,9:56:18.027914347,T,TGT,I,1,92.48
2025-11-12,9:56:18.027917405,T,TGT,I,8,92.48
2025-11-12,9:56:19.121141812,T,TGT,F I,1,92.49
2025-11-12,9:56:21.033608021,T,TGT,F I,3,92.48
2025-11-12,9:56:22.031794151,T,TGT,I,3,92.47
2025-11-12,9:56:22.032200079,T,TGT,I,10,92.46
2025-11-12,9:56:22.032203041,T,TGT,I,7,92.46
2025-11-12,9:56:22.990023939,T,TGT,F I,15,92.42
2025-11-12,9:56:22.992829899,T,TGT,F I,24,92.41
2025-11-12,9:56:22.992829899,T,TGT,F I,15,92.41
2025-11-12,9:56:22.992884033,T,TGT,F,105,92.39
2025-11-12,9:56:22.992884033,T,TGT,F I,58,92.39
2025-11-12,9:56:22.992884033,T,TGT,F I,6,92.39
2025-11-12,9:56:23.007679068,T,TGT,I,75,92.39
2025-11-12,9:56:23.007724121,T,TGT,I,25,92.385
2025-11-12,9:56:24.190255384,T,TGT,I,40,92.4
2025-11-12,9:56:35.613386450,T,TGT,F I,13,92.42
2025-11-12,9:56:45.675023765,T,TGT,I,75,92.415
2025-11-12,9:56:50.974239315,T,TGT,I,7,92.415
2025-11-12,9:56:52.631914544,T,TGT,I,18,92.41
2025-11-12,9:56:54.346356003,T,TGT,F I,2,92.39
2025-11-12,9:56:54.346358972,T,TGT,F I,1,92.39
2025-11-12,9:56:54.346376978,T,TGT,F I,40,92.39
2025-11-12,9:56:54.346792050,T,TGT,F I,10,92.37
2025-11-12,9:56:55.817734323,T,TGT,I,25,92.36
2025-11-12,9:56:55.817770466,T,TGT,F I,30,92.36
2025-11-12,9:56:55.817773772,T,TGT,F I,75,92.36
2025-11-12,9:56:55.817773772,T,TGT,F I,12,92.35
2025-11-12,9:56:55.817824555,T,TGT,I,50,92.35
2025-11-12,9:56:55.818347773,T,TGT,I,1,92.35
2025-11-12,9:56:55.818347773,T,TGT,I,24,92.35
2025-11-12,9:56:55.818630464,T,TGT,I,21,92.35
2025-11-12,9:56:55.818630464,T,TGT,I,21,92.35
2025-11-12,9:56:55.818877075,T,TGT,F I,28,92.34
2025-11-12,9:56:55.819042457,T,TGT,I,17,92.34
2025-11-12,9:56:58.278367362,T,TGT,I,75,92.335
2025-11-12,9:56:58.278382407,T,TGT,I,5,92.335
2025-11-12,9:57:01.081369159,T,TGT,I,1,92.36
2025-11-12,9:57:02.029416668,T,TGT,F I,1,92.35
2025-11-12,9:57:07.858925065,T,TGT,I,5,92.38
2025-11-12,9:57:07.858927671,T,TGT,I,1,92.38
2025-11-12,9:57:07.858930739,T,TGT,I,12,92.38
2025-11-12,9:57:07.858933759,T,TGT,I,9,92.38
2025-11-12,9:57:07.858933759,T,TGT,I,5,92.38
2025-11-12,9:57:17.449068779,T,TGT,I,50,92.45
2025-11-12,9:57:17.449071907,T,TGT,,101,92.45
2025-11-12,9:57:17.449075054,T,TGT,I,99,92.45
2025-11-12,9:57:17.449075054,T,TGT,I,1,92.45
2025-11-12,9:57:17.449077821,T,TGT,I,38,92.45
2025-11-12,9:57:17.449077821,T,TGT,I,5,92.45
2025-11-12,9:57:17.449652145,T,TGT,F I,6,92.46
2025-11-12,9:57:17.549399794,T,TGT,F I,1,92.45
2025-11-12,9:57:21.137695386,T,TGT,F I,2,92.45
2025-11-12,9:57:21.137695386,T,TGT,F I,38,92.45
2025-11-12,9:57:23.108822334,T,TGT,I,17,92.46
2025-11-12,9:57:23.109057079,T,TGT,F I,75,92.46
2025-11-12,9:57:23.109086939,T,TGT,I,25,92.46
2025-11-12,9:57:24.091915409,T,TGT,F I,3,92.45
2025-11-12,9:57:24.091921364,T,TGT,F I,30,92.45
2025-11-12,9:57:24.092814508,T,TGT,F,100,92.44
2025-11-12,9:57:24.092817532,T,TGT,F I,1,92.44
2025-11-12,9:57:24.092820522,T,TGT,F I,1,92.44
2025-11-12,9:57:24.092820522,T,TGT,F I,11,92.44
2025-11-12,9:57:24.093593297,T,TGT,I,39,92.43
2025-11-12,9:57:26.194671854,T,TGT,I,11,92.43
2025-11-12,9:57:31.833513558,T,TGT,I,75,92.46
2025-11-12,9:57:31.833573712,T,TGT,I,12,92.46
2025-11-12,9:57:31.833967668,T,TGT,I,40,92.48
2025-11-12,9:57:31.833970634,T,TGT,I,75,92.48
2025-11-12,9:57:31.834484895,T,TGT,F,100,92.46
2025-11-12,9:57:31.834488532,T,TGT,F I,33,92.46
2025-11-12,9:57:31.834491512,T,TGT,F I,6,92.46
2025-11-12,9:57:31.834491512,T,TGT,F,100,92.46
2025-11-12,9:57:31.834494172,T,TGT,F,100,92.46
2025-11-12,9:57:31.834496873,T,TGT,F I,75,92.46
2025-11-12,9:57:31.835158444,T,TGT,F,100,92.46
2025-11-12,9:57:32.325248098,T,TGT,I,30,92.455
2025-11-12,9:57:32.978728871,T,TGT,I,11,92.46
2025-11-12,9:57:32.979622000,T,TGT,F,100,92.46
2025-11-12,9:57:34.536184234,T,TGT,I,5,92.47
2025-11-12,9:57:34.536208327,T,TGT,F I,48,92.46
2025-11-12,9:57:34.536232393,T,TGT,I,52,92.46
2025-11-12,9:57:34.536232393,T,TGT,,100,92.46
2025-11-12,9:57:34.536250395,T,TGT,I,1,92.46
2025-11-12,9:57:34.537101427,T,TGT,F I,6,92.46
2025-11-12,9:57:39.560283484,T,TGT,I,43,92.45
2025-11-12,9:57:39.560283484,T,TGT,I,1,92.45
2025-11-12,9:57:39.560286402,T,TGT,I,10,92.45
2025-11-12,9:57:39.560316528,T,TGT,I,18,92.45
2025-11-12,9:57:39.560812664,T,TGT,,100,92.45
2025-11-12,9:57:39.560815726,T,TGT,I,1,92.45
2025-11-12,9:57:39.560833728,T,TGT,I,1,92.45
2025-11-12,9:57:41.685819233,T,TGT,F I,18,92.44
2025-11-12,9:57:41.685819233,T,TGT,F I,10,92.44
2025-11-12,9:57:41.848765487,T,TGT,I,13,92.45
2025-11-12,9:57:41.848765487,T,TGT,I,70,92.45
2025-11-12,9:57:46.100537613,T,TGT,F I,50,92.46
2025-11-12,9:57:46.772846265,T,TGT,F I,47,92.45
2025-11-12,9:57:48.703559997,T,TGT,I,11,92.45
2025-11-12,9:57:48.703559997,T,TGT,I,30,92.45
2025-11-12,9:57:53.624219061,T,TGT,,100,92.46
2025-11-12,9:57:54.540459590,T,TGT,F I,12,92.46
2025-11-12,9:57:55.185409055,T,TGT,I,1,92.47
2025-11-12,9:57:55.185427160,T,TGT,F I,4,92.47
2025-11-12,9:57:55.185433135,T,TGT,F I,3,92.47
2025-11-12,9:57:55.185433135,T,TGT,F I,1,92.47
2025-11-12,9:57:55.185448242,T,TGT,F I,2,92.47
2025-11-12,9:57:58.180045294,T,TGT,F I,1,92.48
2025-11-12,9:57:58.181515863,T,TGT,F I,39,92.47
2025-11-12,9:57:58.181518892,T,TGT,F I,17,92.47
2025-11-12,9:58:00.479708196,T,TGT,,100,92.47
2025-11-12,9:58:00.482243092,T,TGT,I,30,92.47
2025-11-12,9:58:00.775231104,T,TGT,,100,92.47
2025-11-12,9:58:00.790125524,T,TGT,,100,92.47
2025-11-12,9:58:06.315984958,T,TGT,,100,92.46
2025-11-12,9:58:06.316487717,T,TGT,,100,92.45
2025-11-12,9:58:09.135192312,T,TGT,F I,28,92.44
2025-11-12,9:58:09.135448234,T,TGT,F I,25,92.43
2025-11-12,9:58:09.135448234,T,TGT,F I,10,92.43
2025-11-12,9:58:09.135465998,T,TGT,F I,90,92.43
2025-11-12,9:58:10.532311830,T,TGT,F I,10,92.43
2025-11-12,9:58:36.339490609,T,TGT,I,75,92.455
2025-11-12,9:58:36.340065057,T,TGT,I,25,92.455
2025-11-12,9:58:36.340065057,T,TGT,I,1,92.455
2025-11-12,9:58:38.193972652,T,TGT,I,25,92.455
2025-11-12,9:58:42.091600367,T,TGT,I,7,92.48
2025-11-12,9:58:42.091600367,T,TGT,I,10,92.48
2025-11-12,9:58:42.091603184,T,TGT,I,58,92.48
2025-11-12,9:58:42.124251963,T,TGT,I,24,92.46
2025-11-12,9:58:42.124251963,T,TGT,I,10,92.46
2025-11-12,9:58:42.124257938,T,TGT,I,92,92.46
2025-11-12,9:58:42.124257938,T,TGT,I,2,92.46
2025-11-12,9:58:42.126095389,T,TGT,F I,10,92.46
2025-11-12,9:58:42.126095389,T,TGT,F I,11,92.46
2025-11-12,9:58:42.126359937,T,TGT,F I,8,92.45
2025-11-12,9:58:42.126730532,T,TGT,F I,8,92.46
2025-11-12,9:58:42.126732877,T,TGT,F,100,92.46
2025-11-12,9:58:42.126735936,T,TGT,F I,10,92.46
2025-11-12,9:58:42.126739048,T,TGT,F I,1,92.46
2025-11-12,9:58:42.126739048,T,TGT,F I,10,92.46
2025-11-12,9:58:42.126741851,T,TGT,F I,36,92.46
2025-11-12,9:58:42.159703395,T,TGT,F I,10,92.48
2025-11-12,9:58:42.159766638,T,TGT,F I,3,92.49
2025-11-12,9:58:42.159772648,T,TGT,F I,8,92.49
2025-11-12,9:58:42.159838752,T,TGT,F I,1,92.5
2025-11-12,9:58:42.159845008,T,TGT,F I,2,92.5
2025-11-12,9:58:42.160082359,T,TGT,F I,5,92.51
2025-11-12,9:58:42.160139488,T,TGT,F I,5,92.51
2025-11-12,9:58:42.160142442,T,TGT,F I,15,92.51
2025-11-12,9:58:42.160193559,T,TGT,I,8,92.5
2025-11-12,9:58:42.160274851,T,TGT,F I,4,92.5
2025-11-12,9:58:42.160301878,T,TGT,I,1,92.5
2025-11-12,9:58:42.160596693,T,TGT,I,1,92.5
2025-11-12,9:58:42.160599586,T,TGT,I,37,92.5
2025-11-12,9:58:42.160602853,T,TGT,I,15,92.5
2025-11-12,9:58:42.161384401,T,TGT,F I,1,92.5
2025-11-12,9:58:43.890443676,T,TGT,I,2,92.47
2025-11-12,9:58:46.018743097,T,TGT,I,3,92.47
2025-11-12,9:58:46.038337818,T,TGT,I,1,92.47
2025-11-12,9:58:47.221533520,T,TGT,F I,8,92.47
2025-11-12,9:58:47.221536539,T,TGT,F I,16,92.47
2025-11-12,9:58:47.221542844,T,TGT,F,283,92.47
2025-11-12,9:58:47.221542844,T,TGT,F I,11,92.47
2025-11-12,9:58:47.221545531,T,TGT,F I,26,92.47
2025-11-12,9:58:47.284326083,T,TGT,I,75,92.47
2025-11-12,9:59:03.097862419,T,TGT,F I,10,92.49
2025-11-12,9:59:03.097865488,T,TGT,F I,1,92.49
2025-11-12,9:59:03.098148116,T,TGT,,100,92.48
2025-11-12,9:59:03.098151120,T,TGT,I,37,92.48
2025-11-12,9:59:03.098166165,T,TGT,I,1,92.48
2025-11-12,9:59:03.098298697,T,TGT,I,3,92.49
2025-11-12,9:59:03.098301518,T,TGT,I,53,92.49
2025-11-12,9:59:03.098433768,T,TGT,I,60,92.48
2025-11-12,9:59:03.107879371,T,TGT,I,1,92.49
2025-11-12,9:59:07.561657749,T,TGT,F I,93,92.45
2025-11-12,9:59:07.561661324,T,TGT,F I,2,92.45
2025-11-12,9:59:07.561661324,T,TGT,F I,1,92.45
2025-11-12,9:59:07.561745005,T,TGT,I,1,92.45
2025-11-12,9:59:07.561745005,T,TGT,I,1,92.45
2025-11-12,9:59:07.561748554,T,TGT,I,1,92.45
2025-11-12,9:59:07.561750985,T,TGT,I,2,92.45
2025-11-12,9:59:07.562825404,T,TGT,F I,2,92.46
2025-11-12,9:59:07.562825404,T,TGT,F I,17,92.46
2025-11-12,9:59:07.562827659,T,TGT,F I,62,92.46
2025-11-12,9:59:07.562830991,T,TGT,F I,53,92.46
2025-11-12,9:59:07.562833652,T,TGT,F,100,92.46
2025-11-12,9:59:07.562833652,T,TGT,F I,75,92.46
2025-11-12,9:59:11.451803577,T,TGT,I,16,92.49
2025-11-12,9:59:22.104766496,T,TGT,I,17,92.52
2025-11-12,9:59:22.104787533,T,TGT,I,21,92.52
2025-11-12,9:59:22.105617531,T,TGT,F I,1,92.52
2025-11-12,9:59:23.322433508,T,TGT,I,22,92.53
2025-11-12,9:59:24.017759101,T,TGT,F I,38,92.54
2025-11-12,9:59:24.049613841,T,TGT,I,20,92.54
2025-11-12,9:59:24.049613841,T,TGT,I,41,92.54
2025-11-12,9:59:24.049640930,T,TGT,F I,5,92.55
2025-11-12,9:59:24.881374425,T,TGT,,100,92.52
2025-11-12,9:59:26.535236635,T,TGT,,100,92.505
2025-11-12,9:59:26.535477012,T,TGT,I,75,92.505
2025-11-12,9:59:35.780254368,T,TGT,I,20,92.53
2025-11-12,9:59:36.428719237,T,TGT,I,21,92.53
2025-11-12,9:59:40.101155350,T,TGT,I,1,92.535
2025-11-12,9:59:47.112659228,T,TGT,,100,92.5
2025-11-12,9:59:59.035671055,T,TGT,F I,69,92.5
2025-11-12,9:59:59.035677055,T,TGT,F I,31,92.5
2025-11-12,9:59:59.035689324,T,TGT,I,1,92.5
2025-11-12,9:59:59.036443876,T,TGT,I,71,92.49
2025-11-12,10:00:00.520356158,T,TGT,F I,40,92.51
2025-11-12,10:00:00.520356158,T,TGT,F I,55,92.52
2025-11-12,10:00:01.024756787,T,TGT,F I,1,92.51
2025-11-12,10:00:05.049957638,T,TGT,,100,92.51
2025-11-12,10:00:05.049960162,T,TGT,I,1,92.5
2025-11-12,10:00:05.050375262,T,TGT,F I,75,92.47
2025-11-12,10:00:05.050426264,T,TGT,F I,25,92.47
2025-11-12,10:00:05.063450384,T,TGT,F I,10,92.46
2025-11-12,10:00:05.063450384,T,TGT,F I,1,92.46
2025-11-12,10:00:05.063453349,T,TGT,F I,7,92.46
2025-11-12,10:00:05.063456474,T,TGT,F I,50,92.46
2025-11-12,10:00:05.063456474,T,TGT,F I,75,92.46
2025-11-12,10:00:05.063477772,T,TGT,F I,3,92.45
2025-11-12,10:00:05.063477772,T,TGT,F I,1,92.45
2025-11-12,10:00:05.063507891,T,TGT,F I,5,92.45
2025-11-12,10:00:05.063511162,T,TGT,F I,10,92.45
2025-11-12,10:00:07.482789617,T,TGT,F I,2,92.44
2025-11-12,10:00:07.482789617,T,TGT,F I,34,92.44
2025-11-12,10:00:07.482792560,T,TGT,F I,2,92.44
2025-11-12,10:00:07.482873189,T,TGT,I,11,92.44
2025-11-12,10:00:07.483550204,T,TGT,F I,75,92.42
2025-11-12,10:00:07.483634118,T,TGT,F I,25,92.42
2025-11-12,10:00:07.484112187,T,TGT,F I,50,92.43
2025-11-12,10:00:07.484115246,T,TGT,F I,2,92.43
2025-11-12,10:00:07.484115246,T,TGT,F I,48,92.43
2025-11-12,10:00:07.484672066,T,TGT,F I,6,92.42
2025-11-12,10:00:07.484681286,T,TGT,F I,7,92.41
2025-11-12,10:00:07.484681286,T,TGT,F I,14,92.41
2025-11-12,10:00:07.484686533,T,TGT,F,100,92.41
2025-11-12,10:00:07.484690276,T,TGT,F I,10,92.41
2025-11-12,10:00:07.486596060,T,TGT,F I,5,92.4
2025-11-12,10:00:07.492941264,T,TGT,,100,92.4
2025-11-12,10:00:07.492941264,T,TGT,I,27,92.4
2025-11-12,10:00:07.492953225,T,TGT,I,73,92.4
2025-11-12,10:00:07.492965272,T,TGT,I,27,92.4
2025-11-12,10:00:07.493981729,T,TGT,F I,68,92.39
2025-11-12,10:00:07.494438907,T,TGT,,105,92.38
2025-11-12,10:00:11.727521504,T,TGT,F I,7,92.37
2025-11-12,10:00:11.727521504,T,TGT,F I,14,92.37
2025-11-12,10:00:11.727524490,T,TGT,F I,9,92.37
2025-11-12,10:00:11.727527536,T,TGT,F I,10,92.37
2025-11-12,10:00:11.727584619,T,TGT,F I,10,92.38
2025-11-12,10:00:11.727584619,T,TGT,F I,19,92.38
2025-11-12,10:00:16.492625648,T,TGT,I,75,92.38
2025-11-12,10:00:23.085628512,T,TGT,I,40,92.38
2025-11-12,10:00:30.301619373,T,TGT,F I,40,92.35
2025-11-12,10:00:30.301653351,T,TGT,F I,40,92.34
2025-11-12,10:00:30.301653351,T,TGT,F,100,92.34
2025-11-12,10:00:30.301658544,T,TGT,F I,1,92.34
2025-11-12,10:00:30.302732421,T,TGT,I,5,92.32
2025-11-12,10:00:30.302732421,T,TGT,,100,92.32
2025-11-12,10:00:30.302756076,T,TGT,I,5,92.32
2025-11-12,10:00:32.939515693,T,TGT,F I,10,92.35
2025-11-12,10:00:32.939518705,T,TGT,F I,10,92.35
2025-11-12,10:00:32.939522578,T,TGT,F I,20,92.35
2025-11-12,10:00:32.939522578,T,TGT,F I,30,92.35
2025-11-12,10:00:32.939527743,T,TGT,F I,10,92.36
2025-11-12,10:00:32.939527743,T,TGT,F I,70,92.36
2025-11-12,10:00:32.939531566,T,TGT,F I,10,92.36
2025-11-12,10:00:32.939531566,T,TGT,F I,20,92.36
2025-11-12,10:00:32.939531566,T,TGT,F I,75,92.36
2025-11-12,10:00:32.939536768,T,TGT,F I,46,92.37
2025-11-12,10:00:32.939536768,T,TGT,F I,4,92.37
2025-11-12,10:00:32.939536768,T,TGT,F I,6,92.37
2025-11-12,10:00:37.600427833,T,TGT,F I,4,92.4
2025-11-12,10:00:37.600650271,T,TGT,F I,10,92.41
2025-11-12,10:00:37.600665148,T,TGT,F I,40,92.41
2025-11-12,10:00:37.932283225,T,TGT,F I,9,92.4
2025-11-12,10:00:43.602664434,T,TGT,F I,10,92.35
2025-11-12,10:00:43.602667174,T,TGT,F I,1,92.35
2025-11-12,10:00:43.602667174,T,TGT,F I,31,92.35
2025-11-12,10:00:43.602718342,T,TGT,,100,92.34
2025-11-12,10:00:43.602721236,T,TGT,I,20,92.34
2025-11-12,10:00:52.277761229,T,TGT,I,30,92.335
2025-11-12,10:00:54.511675244,T,TGT,I,30,92.335
2025-11-12,10:00:54.720868590,T,TGT,F I,4,92.29
2025-11-12,10:00:54.720871686,T,TGT,F I,2,92.29
2025-11-12,10:00:54.720874623,T,TGT,F I,10,92.29
2025-11-12,10:00:54.720889649,T,TGT,I,16,92.29
2025-11-12,10:00:56.236560571,T,TGT,I,3,92.29
2025-11-12,10:00:57.074633083,T,TGT,F I,27,92.26
2025-11-12,10:00:57.075222462,T,TGT,I,10,92.265
2025-11-12,10:00:57.075234485,T,TGT,I,10,92.27
2025-11-12,10:00:57.076196792,T,TGT,F I,1,92.27
2025-11-12,10:01:02.746340212,T,TGT,F I,75,92.3
2025-11-12,10:01:02.746364239,T,TGT,F I,25,92.3
2025-11-12,10:01:02.746364239,T,TGT,F I,26,92.31
2025-11-12,10:01:02.746418352,T,TGT,F I,15,92.31
2025-11-12,10:01:02.746418352,T,TGT,F I,10,92.31
2025-11-12,10:01:02.747868234,T,TGT,I,6,92.3
2025-11-12,10:01:02.747870834,T,TGT,I,4,92.3
2025-11-12,10:01:02.747991108,T,TGT,F,100,92.32
2025-11-12,10:01:02.748012200,T,TGT,I,1,92.32
2025-11-12,10:01:02.748030244,T,TGT,,100,92.32
2025-11-12,10:01:02.748775956,T,TGT,F I,26,92.32
2025-11-12,10:01:02.748797056,T,TGT,I,74,92.32
2025-11-12,10:01:02.748818049,T,TGT,I,1,92.32
2025-11-12,10:01:03.568667291,T,TGT,I,11,92.32
2025-11-12,10:01:24.203241395,T,TGT,I,68,92.37
2025-11-12,10:01:24.203244226,T,TGT,I,32,92.37
2025-11-12,10:01:24.203244226,T,TGT,I,36,92.38
2025-11-12,10:01:24.204726589,T,TGT,F I,17,92.36
2025-11-12,10:01:25.380335218,T,TGT,F I,4,92.31
2025-11-12,10:01:25.380624001,T,TGT,F I,23,92.3
2025-11-12,10:01:25.385032495,T,TGT,F I,1,92.29
2025-11-12,10:01:25.385038478,T,TGT,F I,99,92.29
2025-11-12,10:01:30.469163789,T,TGT,I,30,92.29
2025-11-12,10:01:31.206586505,T,TGT,I,17,92.29
2025-11-12,10:01:31.206724887,T,TGT,I,17,92.29
2025-11-12,10:01:31.519960099,T,TGT,I,17,92.29
2025-11-12,10:01:31.667133617,T,TGT,I,17,92.29
2025-11-12,10:01:32.479765591,T,TGT,I,17,92.29
2025-11-12,10:01:33.335712750,T,TGT,I,17,92.3
2025-11-12,10:01:33.335715805,T,TGT,I,10,92.3
2025-11-12,10:01:41.631239586,T,TGT,F I,2,92.3
2025-11-12,10:01:41.631242609,T,TGT,F I,1,92.3
2025-11-12,10:01:41.631242609,T,TGT,F I,13,92.3
2025-11-12,10:01:41.739260017,T,TGT,F,100,92.26
2025-11-12,10:01:41.739284152,T,TGT,I,30,92.26
2025-11-12,10:01:41.739287630,T,TGT,I,1,92.26
2025-11-12,10:01:41.739587821,T,TGT,F,100,92.25
2025-11-12,10:01:41.740198644,T,TGT,I,25,92.27
2025-11-12,10:01:41.740217382,T,TGT,I,75,92.27
2025-11-12,10:01:41.740217382,T,TGT,I,9,92.27
2025-11-12,10:01:41.740219614,T,TGT,I,11,92.27
2025-11-12,10:01:41.740222446,T,TGT,I,6,92.27
2025-11-12,10:01:41.740222446,T,TGT,I,10,92.27
2025-11-12,10:02:02.098925293,T,TGT,F I,11,92.25
2025-11-12,10:02:02.098925293,T,TGT,F I,11,92.25
2025-11-12,10:02:02.098928552,T,TGT,F I,9,92.25
2025-11-12,10:02:02.098930956,T,TGT,F I,10,92.25
2025-11-12,10:02:02.098933859,T,TGT,F I,10,92.25
2025-11-12,10:02:02.098933859,T,TGT,F I,51,92.25
2025-11-12,10:02:02.100007452,T,TGT,I,16,92.27
2025-11-12,10:02:09.120761304,T,TGT,I,9,92.25
2025-11-12,10:02:11.903473731,T,TGT,I,7,92.275
2025-11-12,10:02:12.672682259,T,TGT,F I,70,92.26
2025-11-12,10:02:12.672686313,T,TGT,F I,55,92.25
2025-11-12,10:02:12.672688338,T,TGT,F I,3,92.25
2025-11-12,10:02:12.672691309,T,TGT,F I,1,92.25
2025-11-12,10:02:12.672715796,T,TGT,F I,41,92.25
2025-11-12,10:02:12.672721284,T,TGT,F,100,92.24
2025-11-12,10:02:12.672721284,T,TGT,F I,9,92.24
2025-11-12,10:02:12.672736339,T,TGT,I,1,92.24
2025-11-12,10:02:12.672742331,T,TGT,I,5,92.24
2025-11-12,10:02:12.672745744,T,TGT,I,10,92.24
2025-11-12,10:02:12.672745744,T,TGT,I,1,92.24
2025-11-12,10:02:12.672805509,T,TGT,F I,75,92.24
2025-11-12,10:02:12.672901802,T,TGT,F I,24,92.24
2025-11-12,10:02:12.672901802,T,TGT,F,100,92.24
2025-11-12,10:02:12.673127288,T,TGT,I,13,92.25
2025-11-12,10:02:12.673193472,T,TGT,I,10,92.25
2025-11-12,10:02:12.673283722,T,TGT,I,40,92.255
2025-11-12,10:02:12.673373829,T,TGT,I,40,92.25
2025-11-12,10:02:12.673713658,T,TGT,I,10,92.24
2025-11-12,10:02:12.673867086,T,TGT,,100,92.24
2025-11-12,10:02:12.673870106,T,TGT,,100,92.24
2025-11-12,10:02:12.673873578,T,TGT,I,25,92.24
2025-11-12,10:02:12.673873578,T,TGT,I,16,92.24
2025-11-12,10:02:12.673876379,T,TGT,I,13,92.24
2025-11-12,10:02:12.673876379,T,TGT,I,6,92.24
2025-11-12,10:02:12.674134673,T,TGT,F I,13,92.23
2025-11-12,10:02:12.674137768,T,TGT,F I,15,92.23
2025-11-12,10:02:16.174666146,T,TGT,I,35,92.18
2025-11-12,10:02:16.175384859,T,TGT,I,1,92.17
2025-11-12,10:02:16.175387852,T,TGT,,100,92.17
2025-11-12,10:02:16.175542247,T,TGT,F,100,92.17
2025-11-12,10:02:16.175548352,T,TGT,F I,57,92.18
2025-11-12,10:02:16.175548352,T,TGT,F I,43,92.18
2025-11-12,10:02:16.175553542,T,TGT,F I,31,92.18
2025-11-12,10:02:16.175553542,T,TGT,F I,13,92.18
2025-11-12,10:02:16.175553542,T,TGT,F I,6,92.18
2025-11-12,10:02:16.175556757,T,TGT,F I,6,92.19
2025-11-12,10:02:16.175556757,T,TGT,F I,6,92.19
2025-11-12,10:02:16.175559577,T,TGT,F I,10,92.19
2025-11-12,10:02:16.175559577,T,TGT,F I,7,92.2
2025-11-12,10:02:16.175610394,T,TGT,I,6,92.18
2025-11-12,10:02:16.175830052,T,TGT,I,9,92.18
2025-11-12,10:02:16.175833611,T,TGT,I,14,92.18
2025-11-12,10:02:16.175866045,T,TGT,I,94,92.18
2025-11-12,10:02:16.175989325,T,TGT,I,20,92.17
2025-11-12,10:02:16.176194126,T,TGT,I,6,92.18
2025-11-12,10:02:16.176229842,T,TGT,I,20,92.18
2025-11-12,10:02:16.176287017,T,TGT,F I,6,92.18
2025-11-12,10:02:16.176311196,T,TGT,F I,1,92.18
2025-11-12,10:02:16.176344183,T,TGT,F I,2,92.18
2025-11-12,10:02:16.176359245,T,TGT,I,6,92.17
2025-11-12,10:02:16.176407392,T,TGT,F I,98,92.18
2025-11-12,10:02:16.176410297,T,TGT,F I,6,92.18
2025-11-12,10:02:16.176467509,T,TGT,,100,92.17
2025-11-12,10:02:16.176497507,T,TGT,F I,3,92.18
2025-11-12,10:02:16.176500678,T,TGT,F I,6,92.18
2025-11-12,10:02:16.176542646,T,TGT,F I,6,92.18
2025-11-12,10:02:16.176557708,T,TGT,I,6,92.17
2025-11-12,10:02:16.176650906,T,TGT,F I,6,92.18
2025-11-12,10:02:16.176682712,T,TGT,I,4,92.18
2025-11-12,10:02:16.176686943,T,TGT,I,2,92.17
2025-11-12,10:02:16.176786164,T,TGT,F I,25,92.18
2025-11-12,10:02:16.176792627,T,TGT,I,6,92.17
2025-11-12,10:02:16.176792627,T,TGT,I,30,92.16
2025-11-12,10:02:16.176795207,T,TGT,F I,5,92.18
2025-11-12,10:02:16.177186195,T,TGT,I,26,92.16
2025-11-12,10:02:16.177246463,T,TGT,F I,6,92.17
2025-11-12,10:02:16.177258468,T,TGT,F I,13,92.17
2025-11-12,10:02:16.177258468,T,TGT,F I,4,92.17
2025-11-12,10:02:16.177264372,T,TGT,F I,5,92.17
2025-11-12,10:02:16.177279675,T,TGT,I,74,92.16
2025-11-12,10:02:16.177282365,T,TGT,I,27,92.16
2025-11-12,10:02:16.178795010,T,TGT,F I,75,92.17
2025-11-12,10:02:16.178797980,T,TGT,F I,75,92.17
2025-11-12,10:02:16.178797980,T,TGT,F I,25,92.17
2025-11-12,10:02:16.178870248,T,TGT,I,70,92.17
2025-11-12,10:02:16.181534676,T,TGT,I,5,92.16
2025-11-12,10:02:16.181537533,T,TGT,I,5,92.17
2025-11-12,10:02:16.181540533,T,TGT,I,25,92.17
2025-11-12,10:02:16.181573599,T,TGT,I,5,92.17
2025-11-12,10:02:16.184520695,T,TGT,F I,5,92.17
2025-11-12,10:02:16.622306672,T,TGT,F I,52,92.14
2025-11-12,10:02:23.383764864,T,TGT,,100,92.12
2025-11-12,10:02:24.450243613,T,TGT,F,100,92.11
2025-11-12,10:02:24.450427164,T,TGT,I,5,92.1
2025-11-12,10:02:24.450451136,T,TGT,I,5,92.1
2025-11-12,10:02:24.450884146,T,TGT,F I,5,92.1
2025-11-12,10:02:24.527302217,T,TGT,I,60,92.075
2025-11-12,10:02:25.382810394,T,TGT,F I,40,92.08
2025-11-12,10:02:26.593648013,T,TGT,F I,5,92.08
2025-11-12,10:02:27.330054463,T,TGT,I,75,92.075
2025-11-12,10:02:37.732833485,T,TGT,F I,1,92.04
2025-11-12,10:02:53.432861509,T,TGT,F I,75,92.09
2025-11-12,10:02:59.218557982,T,TGT,F I,75,92.09
2025-11-12,10:03:02.501584446,T,TGT,F I,6,92.1
2025-11-12,10:03:02.955796443,T,TGT,I,41,92.12
2025-11-12,10:03:02.955796443,T,TGT,I,1,92.12
2025-11-12,10:03:02.955798699,T,TGT,I,67,92.12
2025-11-12,10:03:02.955819974,T,TGT,,133,92.12
2025-11-12,10:03:02.955819974,T,TGT,I,11,92.12
2025-11-12,10:03:02.955822477,T,TGT,I,5,92.12
2025-11-12,10:03:03.202266594,T,TGT,F,100,92.15
2025-11-12,10:03:03.202266594,T,TGT,F,100,92.15
2025-11-12,10:03:03.202268648,T,TGT,F I,19,92.15
2025-11-12,10:03:09.026739499,T,TGT,F I,4,92.19
2025-11-12,10:03:09.026742581,T,TGT,F I,10,92.19
2025-11-12,10:03:11.922873184,T,TGT,F I,75,92.14
2025-11-12,10:03:11.922882885,T,TGT,F I,33,92.13
2025-11-12,10:03:11.922885927,T,TGT,F I,6,92.13
2025-11-12,10:03:11.922885927,T,TGT,F I,10,92.13
2025-11-12,10:03:11.934342496,T,TGT,,100,92.13
2025-11-12,10:03:12.823167030,T,TGT,F I,33,92.1
2025-11-12,10:03:12.823170025,T,TGT,F I,85,92.1
2025-11-12,10:03:12.823172999,T,TGT,F I,2,92.1
2025-11-12,10:03:12.823172999,T,TGT,F I,1,92.1
2025-11-12,10:03:12.823184999,T,TGT,I,1,92.1
2025-11-12,10:03:12.823188111,T,TGT,I,11,92.1
2025-11-12,10:03:12.823242139,T,TGT,I,10,92.1
2025-11-12,10:03:12.823245211,T,TGT,I,4,92.1
2025-11-12,10:03:26.155353962,T,TGT,I,70,92.12
2025-11-12,10:03:29.984036241,T,TGT,F I,2,92.09
2025-11-12,10:03:29.984042291,T,TGT,F I,2,92.09
2025-11-12,10:03:29.984075311,T,TGT,F I,33,92.09
2025-11-12,10:03:29.984106067,T,TGT,I,17,92.11
2025-11-12,10:03:29.984547440,T,TGT,I,6,92.11
2025-11-12,10:03:29.984550653,T,TGT,I,16,92.11
2025-11-12,10:03:29.984631726,T,TGT,I,16,92.1
2025-11-12,10:03:29.984631726,T,TGT,I,35,92.1
2025-11-12,10:03:29.984634779,T,TGT,I,34,92.1
2025-11-12,10:03:29.984634779,T,TGT,I,6,92.1
2025-11-12,10:03:29.984682718,T,TGT,I,9,92.1
2025-11-12,10:03:29.984685798,T,TGT,I,18,92.11
2025-11-12,10:03:29.984707398,T,TGT,F I,9,92.11
2025-11-12,10:03:31.196130898,T,TGT,I,22,92.1
2025-11-12,10:03:31.200930284,T,TGT,I,38,92.1
2025-11-12,10:03:31.200930284,T,TGT,I,7,92.11
2025-11-12,10:03:31.200933354,T,TGT,I,15,92.11
2025-11-12,10:03:31.200936329,T,TGT,I,40,92.12
2025-11-12,10:03:31.201739367,T,TGT,F I,17,92.1
2025-11-12,10:03:31.201742270,T,TGT,F I,20,92.1
2025-11-12,10:03:31.299499207,T,TGT,I,20,92.1
2025-11-12,10:03:31.299535241,T,TGT,I,1,92.1
2025-11-12,10:03:34.319049792,T,TGT,F I,45,92.08
2025-11-12,10:03:34.319052765,T,TGT,F I,55,92.08
2025-11-12,10:03:34.320057239,T,TGT,I,12,92.07
2025-11-12,10:03:34.320060239,T,TGT,I,11,92.07
2025-11-12,10:03:34.461090169,T,TGT,F,100,92.07
2025-11-12,10:03:34.461093185,T,TGT,F I,4,92.06
2025-11-12,10:03:34.461112066,T,TGT,F I,96,92.06
2025-11-12,10:03:34.461112066,T,TGT,F I,4,92.06
2025-11-12,10:03:34.461114252,T,TGT,I,22,92.06
2025-11-12,10:03:40.955713770,T,TGT,F I,6,92.03
2025-11-12,10:03:40.955713770,T,TGT,F I,10,92.03
2025-11-12,10:03:40.955719648,T,TGT,F I,10,92.02
2025-11-12,10:03:40.955719648,T,TGT,F I,74,92.02
2025-11-12,10:03:40.955737750,T,TGT,F I,26,92.02
2025-11-12,10:03:40.955737750,T,TGT,F I,74,92.02
2025-11-12,10:03:40.955942177,T,TGT,F I,2,92.02
2025-11-12,10:03:40.956408303,T,TGT,I,39,92.03
2025-11-12,10:03:40.963024108,T,TGT,I,10,92.03
2025-11-12,10:03:41.790093473,T,TGT,I,11,92.07
2025-11-12,10:03:47.122751809,T,TGT,F I,10,92.03
2025-11-12,10:03:47.122751809,T,TGT,F I,1,92.03
2025-11-12,10:03:47.122754790,T,TGT,F I,1,92.03
2025-11-12,10:03:47.122770175,T,TGT,F I,10,92.02
2025-11-12,10:03:47.122770175,T,TGT,F I,6,92.02
2025-11-12,10:03:47.122775989,T,TGT,F,100,92.02
2025-11-12,10:03:47.122844953,T,TGT,I,1,92.02
2025-11-12,10:03:47.122847940,T,TGT,I,1,92.02
2025-11-12,10:03:47.122962242,T,TGT,I,15,92.03
2025-11-12,10:03:47.123049395,T,TGT,I,15,92.02
2025-11-12,10:03:47.123049395,T,TGT,I,1,92.02
2025-11-12,10:03:47.123052680,T,TGT,I,3,92.02
2025-11-12,10:03:47.123052680,T,TGT,I,15,92.02
2025-11-12,10:03:47.123055410,T,TGT,I,6,92.02
2025-11-12,10:03:47.123088693,T,TGT,I,2,92.02
2025-11-12,10:03:47.123091588,T,TGT,I,14,92.02
2025-11-12,10:03:47.123139652,T,TGT,I,41,92.02
2025-11-12,10:03:47.123182863,T,TGT,I,19,92.02
2025-11-12,10:03:47.123182863,T,TGT,I,1,92.02
2025-11-12,10:03:47.123185007,T,TGT,I,1,92.03
2025-11-12,10:03:47.123187753,T,TGT,I,21,92.03
2025-11-12,10:03:47.123686900,T,TGT,I,30,92.035
2025-11-12,10:03:51.526810310,T,TGT,F I,70,92.03
2025-11-12,10:03:51.526810310,T,TGT,F I,29,92.03
2025-11-12,10:03:51.526812712,T,TGT,F I,3,92.03
2025-11-12,10:03:51.526818732,T,TGT,F I,10,92.02
2025-11-12,10:03:51.526902985,T,TGT,F I,10,92.01
2025-11-12,10:03:51.527408249,T,TGT,F I,4,92.0
2025-11-12,10:03:51.527408249,T,TGT,F I,20,92.0
2025-11-12,10:03:51.535283942,T,TGT,F I,8,91.98
2025-11-12,10:03:51.546136773,T,TGT,I,50,91.97
2025-11-12,10:03:51.546157815,T,TGT,I,50,91.97
2025-11-12,10:03:51.546654061,T,TGT,I,44,91.97
2025-11-12,10:03:51.546702123,T,TGT,F,100,91.97
2025-11-12,10:03:51.546924626,T,TGT,I,38,91.97
2025-11-12,10:03:51.547523119,T,TGT,I,57,91.97
2025-11-12,10:03:51.547544409,T,TGT,F I,4,91.97
2025-11-12,10:03:51.547544409,T,TGT,I,39,91.97
2025-11-12,10:03:51.547547356,T,TGT,I,18,91.97
2025-11-12,10:03:51.548990533,T,TGT,I,6,91.96
2025-11-12,10:03:51.550079202,T,TGT,I,15,91.97
2025-11-12,10:03:51.550310940,T,TGT,F I,75,91.97
2025-11-12,10:03:51.550313770,T,TGT,F I,25,91.97
2025-11-12,10:03:51.550331798,T,TGT,I,1,91.97
2025-11-12,10:03:51.550515237,T,TGT,F I,6,91.95
2025-11-12,10:03:51.550515237,T,TGT,F,100,91.95
2025-11-12,10:03:51.550518146,T,TGT,F I,10,91.95
2025-11-12,10:03:51.550539211,T,TGT,I,70,91.95
2025-11-12,10:03:51.550710644,T,TGT,F I,30,91.95
2025-11-12,10:03:51.550731691,T,TGT,I,30,91.95
2025-11-12,10:03:51.551005404,T,TGT,F I,14,91.95
2025-11-12,10:03:51.849009284,T,TGT,F I,18,91.95
2025-11-12,10:03:53.352699718,T,TGT,F,100,91.99
2025-11-12,10:03:53.352699718,T,TGT,F I,18,91.99
2025-11-12,10:03:53.352708701,T,TGT,F,100,91.99
2025-11-12,10:03:53.352712068,T,TGT,F I,18,91.99
2025-11-12,10:03:53.352712068,T,TGT,F I,1,91.99
2025-11-12,10:03:53.352714684,T,TGT,I,1,91.99
2025-11-12,10:03:53.352720759,T,TGT,I,30,91.99
2025-11-12,10:03:53.352844038,T,TGT,I,18,91.98
2025-11-12,10:03:53.352907162,T,TGT,F I,15,92.0
2025-11-12,10:03:53.352907162,T,TGT,F,100,92.0
2025-11-12,10:03:53.352919240,T,TGT,F,100,92.0
2025-11-12,10:03:53.353012378,T,TGT,I,15,91.99
2025-11-12,10:03:53.353015445,T,TGT,I,13,91.99
