DATE,TIME_M,EX,SYM_ROOT,TR_SCOND,SIZE,PRICE
2025-10-02,9:30:00.938141865,T,TGT,F I,1,89.07
2025-10-02,9:30:00.938147957,T,TGT,Q,1,89.07
2025-10-02,9:30:01.182549209,T,TGT,F I,50,88.75
2025-10-02,9:30:01.258431993,T,TGT,I,1,88.73
2025-10-02,9:30:01.261848212,T,TGT,I,51,88.74
2025-10-02,9:30:03.480630051,T,TGT,I,9,88.66
2025-10-02,9:30:03.480648233,T,TGT,F I,16,88.66
2025-10-02,9:30:03.480678219,T,TGT,I,50,88.65
2025-10-02,9:30:03.490325318,T,TGT,F I,40,88.61
2025-10-02,9:30:03.490328281,T,TGT,F I,10,88.6
2025-10-02,9:30:03.490328281,T,TGT,F I,2,88.6
2025-10-02,9:30:03.490355307,T,TGT,F I,98,88.6
2025-10-02,9:30:03.490899529,T,TGT,F I,50,88.58
2025-10-02,9:30:03.490968701,T,TGT,F,100,88.57
2025-10-02,9:30:03.755409680,T,TGT,F I,63,88.6
2025-10-02,9:30:03.757559804,T,TGT,I,1,88.6
2025-10-02,9:30:06.699859609,T,TGT,I,1,88.57
2025-10-02,9:30:06.699913733,T,TGT,F I,1,88.57
2025-10-02,9:30:06.699913733,T,TGT,F I,1,88.57
2025-10-02,9:30:06.699928824,T,TGT,F I,1,88.57
2025-10-02,9:30:06.699931770,T,TGT,F I,1,88.57
2025-10-02,9:30:06.700208441,T,TGT,F I,1,88.53
2025-10-02,9:30:06.700232543,T,TGT,F I,1,88.52
2025-10-02,9:30:06.700257067,T,TGT,I,4,88.52
2025-10-02,9:30:06.700259587,T,TGT,F I,4,88.52
2025-10-02,9:30:06.700674664,T,TGT,F I,96,88.52
2025-10-02,9:30:06.701134702,T,TGT,F I,25,88.51
2025-10-02,9:30:06.701600741,T,TGT,F I,25,88.51
2025-10-02,9:30:06.701604070,T,TGT,F I,1,88.5
2025-10-02,9:30:06.701606799,T,TGT,F I,1,88.5
2025-10-02,9:30:06.701610091,T,TGT,F I,5,88.5
2025-10-02,9:30:06.701610091,T,TGT,F I,3,88.5
2025-10-02,9:30:06.701612811,T,TGT,F I,6,88.5
2025-10-02,9:30:06.701760167,T,TGT,F I,9,88.5
2025-10-02,9:30:06.701808236,T,TGT,F I,10,88.5
2025-10-02,9:30:06.701811283,T,TGT,F I,3,88.5
2025-10-02,9:30:07.706613134,T,TGT,,100,88.535
2025-10-02,9:30:09.504750519,T,TGT,I,5,88.555
2025-10-02,9:30:09.504753151,T,TGT,I,1,88.555
2025-10-02,9:30:09.513083055,T,TGT,F I,5,88.61
2025-10-02,9:30:10.949614379,T,TGT,F I,1,88.61
2025-10-02,9:30:11.432871835,T,TGT,F,100,88.61
2025-10-02,9:30:11.846780931,T,TGT,F I,3,88.64
2025-10-02,9:30:11.846780931,T,TGT,F I,98,88.64
2025-10-02,9:30:12.435532593,T,TGT,F I,1,88.61
2025-10-02,9:30:19.731187082,T,TGT,F I,20,88.6
2025-10-02,9:30:19.731190652,T,TGT,F,100,88.62
2025-10-02,9:30:19.731193137,T,TGT,F,100,88.65
2025-10-02,9:30:19.731197327,T,TGT,F I,1,88.65
2025-10-02,9:30:19.731197327,T,TGT,F I,46,88.65
2025-10-02,9:30:19.731208132,T,TGT,I,1,88.65
2025-10-02,9:30:19.731223329,T,TGT,F,100,88.64
2025-10-02,9:30:19.731250309,T,TGT,I,99,88.65
2025-10-02,9:30:19.731271967,T,TGT,I,54,88.65
2025-10-02,9:30:19.731313456,T,TGT,I,11,88.64
2025-10-02,9:30:19.731421895,T,TGT,F I,20,88.64
2025-10-02,9:30:19.731424644,T,TGT,F I,80,88.64
2025-10-02,9:30:19.731523861,T,TGT,I,20,88.64
2025-10-02,9:30:19.731526867,T,TGT,I,7,88.62
2025-10-02,9:30:19.731551406,T,TGT,I,7,88.65
2025-10-02,9:30:19.731608108,T,TGT,I,2,88.65
2025-10-02,9:30:19.762657192,T,TGT,,100,88.69
2025-10-02,9:30:19.762684237,T,TGT,F,100,88.69
2025-10-02,9:30:20.009364814,T,TGT,I,20,88.71
2025-10-02,9:30:35.150434338,T,TGT,,100,88.74
2025-10-02,9:30:35.151751474,T,TGT,I,2,88.74
2025-10-02,9:30:38.031306860,T,TGT,I,1,88.58
2025-10-02,9:30:38.031309852,T,TGT,I,1,88.58
2025-10-02,9:30:38.031309852,T,TGT,I,1,88.58
2025-10-02,9:30:38.031312954,T,TGT,I,2,88.58
2025-10-02,9:31:15.031802987,T,TGT,F,100,88.71
2025-10-02,9:31:15.032347251,T,TGT,F,100,88.73
2025-10-02,9:31:15.032383477,T,TGT,F,100,88.73
2025-10-02,9:31:17.645840900,T,TGT,,100,88.78
2025-10-02,9:31:17.645846811,T,TGT,I,10,88.78
2025-10-02,9:31:17.646382074,T,TGT,F,100,88.78
2025-10-02,9:31:17.646547427,T,TGT,F I,73,88.78
2025-10-02,9:31:19.006206873,T,TGT,,100,88.83
2025-10-02,9:31:19.006206873,T,TGT,,100,88.83
2025-10-02,9:31:19.006745326,T,TGT,F,100,88.85
2025-10-02,9:31:19.023140231,T,TGT,,100,88.84
2025-10-02,9:31:19.035192948,T,TGT,,100,88.84
2025-10-02,9:31:19.173456333,T,TGT,I,1,88.79
2025-10-02,9:31:19.173456333,T,TGT,,100,88.79
2025-10-02,9:31:19.173501601,T,TGT,F,100,88.79
2025-10-02,9:31:19.173504365,T,TGT,,100,88.79
2025-10-02,9:31:19.173543515,T,TGT,F,100,88.79
2025-10-02,9:31:20.307767589,T,TGT,,100,88.89
2025-10-02,9:31:27.223602082,T,TGT,I,5,88.89
2025-10-02,9:31:29.456084746,T,TGT,I,8,88.89
2025-10-02,9:31:32.846088176,T,TGT,,123,88.79
2025-10-02,9:31:32.846091275,T,TGT,,100,88.79
2025-10-02,9:31:32.846091275,T,TGT,,131,88.79
2025-10-02,9:31:32.846106192,T,TGT,F,100,88.79
2025-10-02,9:31:32.859755685,T,TGT,,100,88.825
2025-10-02,9:31:50.024208208,T,TGT,,100,88.77
2025-10-02,9:31:50.024210875,T,TGT,F I,57,88.77
2025-10-02,9:31:50.033939032,T,TGT,F I,60,88.73
2025-10-02,9:31:50.033942108,T,TGT,,100,88.7
2025-10-02,9:31:50.033945089,T,TGT,,100,88.7
2025-10-02,9:31:50.033960622,T,TGT,I,1,88.73
2025-10-02,9:31:50.033966090,T,TGT,F,139,88.73
2025-10-02,9:31:50.034002164,T,TGT,F I,2,88.73
2025-10-02,9:31:50.034008251,T,TGT,F I,98,88.73
2025-10-02,9:31:50.034011247,T,TGT,F I,20,88.72
2025-10-02,9:31:50.034051105,T,TGT,I,2,88.72
2025-10-02,9:31:50.034107489,T,TGT,F I,2,88.73
2025-10-02,9:31:50.034245760,T,TGT,I,17,88.73
2025-10-02,9:31:50.035301268,T,TGT,F,100,88.67
2025-10-02,9:31:50.035322889,T,TGT,F I,20,88.66
2025-10-02,9:31:50.035322889,T,TGT,F I,3,88.66
2025-10-02,9:31:50.036699642,T,TGT,I,2,88.66
2025-10-02,9:31:50.036931167,T,TGT,,100,88.66
2025-10-02,9:31:50.037313814,T,TGT,F I,2,88.67
2025-10-02,9:31:50.037953727,T,TGT,F I,2,88.66
2025-10-02,9:31:50.037956660,T,TGT,F I,20,88.66
2025-10-02,9:31:50.037956660,T,TGT,F I,11,88.66
2025-10-02,9:31:50.063595685,T,TGT,I,20,88.62
2025-10-02,9:31:53.355788607,T,TGT,F I,42,88.63
2025-10-02,9:31:53.355791656,T,TGT,F I,58,88.63
2025-10-02,9:31:53.355795066,T,TGT,F I,43,88.62
2025-10-02,9:31:53.355797949,T,TGT,F,100,88.62
2025-10-02,9:31:53.355800916,T,TGT,F I,30,88.62
2025-10-02,9:31:53.355800916,T,TGT,F I,2,88.62
2025-10-02,9:31:53.355803281,T,TGT,F I,92,88.62
2025-10-02,9:31:53.355803281,T,TGT,F I,14,88.62
2025-10-02,9:31:53.355815299,T,TGT,I,1,88.62
2025-10-02,9:31:53.355815299,T,TGT,F I,43,88.62
2025-10-02,9:31:53.357610601,T,TGT,I,7,88.65
2025-10-02,9:31:53.724950813,T,TGT,F,100,88.6
2025-10-02,9:31:53.724950813,T,TGT,F I,1,88.59
2025-10-02,9:31:53.724954720,T,TGT,F,100,88.59
2025-10-02,9:31:53.724954720,T,TGT,F,100,88.59
2025-10-02,9:31:53.724956997,T,TGT,F I,5,88.59
2025-10-02,9:31:53.724959816,T,TGT,F I,2,88.59
2025-10-02,9:31:53.724971800,T,TGT,F I,93,88.59
2025-10-02,9:31:54.813893002,T,TGT,F,100,88.61
2025-10-02,9:31:54.813992580,T,TGT,F I,50,88.61
2025-10-02,9:32:02.031309988,T,TGT,F,878,88.6
2025-10-02,9:32:02.031313007,T,TGT,F,120,88.6
2025-10-02,9:32:02.031370120,T,TGT,F I,2,88.6
2025-10-02,9:32:02.032954981,T,TGT,,100,88.575
2025-10-02,9:32:02.032994091,T,TGT,I,50,88.575
2025-10-02,9:32:03.829185325,T,TGT,F,100,88.51
2025-10-02,9:32:03.829188423,T,TGT,F I,4,88.51
2025-10-02,9:32:03.829200955,T,TGT,I,1,88.51
2025-10-02,9:32:03.829215417,T,TGT,F I,19,88.51
2025-10-02,9:32:03.829221388,T,TGT,F I,8,88.5
2025-10-02,9:32:03.829221388,T,TGT,F I,1,88.5
2025-10-02,9:32:03.830024327,T,TGT,F I,5,88.45
2025-10-02,9:32:03.830024327,T,TGT,F,100,88.45
2025-10-02,9:32:03.830027312,T,TGT,F I,33,88.45
2025-10-02,9:32:04.029522598,T,TGT,,100,88.4
2025-10-02,9:32:04.029522598,T,TGT,,100,88.4
2025-10-02,9:32:04.029525671,T,TGT,,100,88.4
2025-10-02,9:32:04.029528637,T,TGT,,400,88.4
2025-10-02,9:32:04.029528637,T,TGT,,100,88.4
2025-10-02,9:32:04.029552670,T,TGT,I,1,88.39
2025-10-02,9:32:04.029555680,T,TGT,,500,88.39
2025-10-02,9:32:10.827563440,T,TGT,,150,88.45
2025-10-02,9:32:10.827629574,T,TGT,,100,88.45
2025-10-02,9:32:10.829614281,T,TGT,,100,88.45
2025-10-02,9:32:14.171999360,T,TGT,F I,20,88.38
2025-10-02,9:32:14.171999360,T,TGT,F I,92,88.37
2025-10-02,9:32:14.172005316,T,TGT,F,100,88.36
2025-10-02,9:32:14.172008437,T,TGT,F,100,88.36
2025-10-02,9:32:14.172008437,T,TGT,F I,90,88.35
2025-10-02,9:32:14.172023360,T,TGT,F,310,88.35
2025-10-02,9:32:14.172026394,T,TGT,F I,2,88.35
2025-10-02,9:32:14.172038387,T,TGT,F I,1,88.34
2025-10-02,9:32:14.172041518,T,TGT,F I,1,88.34
2025-10-02,9:32:14.172263975,T,TGT,F I,1,88.3
2025-10-02,9:32:14.173066847,T,TGT,F I,1,88.25
2025-10-02,9:32:14.173073528,T,TGT,F,200,88.25
2025-10-02,9:32:14.173073528,T,TGT,F I,51,88.25
2025-10-02,9:32:15.474011277,T,TGT,,200,88.28
2025-10-02,9:32:16.759234285,T,TGT,F,100,88.29
2025-10-02,9:32:16.759291413,T,TGT,,100,88.29
2025-10-02,9:32:16.759303483,T,TGT,F,100,88.28
2025-10-02,9:32:16.759342836,T,TGT,F I,2,88.28
2025-10-02,9:32:16.759688308,T,TGT,F I,60,88.25
2025-10-02,9:32:16.760025182,T,TGT,F I,40,88.25
2025-10-02,9:32:16.760163495,T,TGT,F I,10,88.21
2025-10-02,9:32:16.760167210,T,TGT,F I,20,88.21
2025-10-02,9:32:16.760167210,T,TGT,F I,2,88.21
2025-10-02,9:32:23.805324092,T,TGT,F,100,88.34
2025-10-02,9:32:23.805324092,T,TGT,F,100,88.34
2025-10-02,9:32:23.805327107,T,TGT,F,100,88.34
2025-10-02,9:32:23.805336410,T,TGT,F,200,88.34
2025-10-02,9:32:23.805342654,T,TGT,I,1,88.34
2025-10-02,9:32:23.805348179,T,TGT,I,49,88.34
2025-10-02,9:32:23.805348179,T,TGT,I,51,88.34
2025-10-02,9:32:23.805429447,T,TGT,,150,88.34
2025-10-02,9:32:29.192860516,T,TGT,F I,7,88.46
2025-10-02,9:32:29.192863544,T,TGT,F,100,88.46
2025-10-02,9:32:29.193182397,T,TGT,F I,8,88.5
2025-10-02,9:32:29.193185967,T,TGT,F I,20,88.5
2025-10-02,9:32:29.193745198,T,TGT,F I,5,88.54
2025-10-02,9:32:29.193748447,T,TGT,F,100,88.54
2025-10-02,9:32:29.193750764,T,TGT,F,100,88.54
2025-10-02,9:32:29.193750764,T,TGT,F I,28,88.54
2025-10-02,9:32:29.193777697,T,TGT,,120,88.5
2025-10-02,9:32:29.193798810,T,TGT,I,1,88.5
2025-10-02,9:32:29.193798810,T,TGT,I,72,88.5
2025-10-02,9:32:29.193804839,T,TGT,I,6,88.5
2025-10-02,9:32:29.193804839,T,TGT,I,94,88.5
2025-10-02,9:32:29.193816815,T,TGT,F I,79,88.5
2025-10-02,9:32:29.193849906,T,TGT,I,2,88.5
2025-10-02,9:32:29.193849906,T,TGT,F I,45,88.51
2025-10-02,9:32:29.193852902,T,TGT,F I,8,88.52
2025-10-02,9:32:29.193855939,T,TGT,I,30,88.5
2025-10-02,9:32:29.194144834,T,TGT,I,39,88.5
2025-10-02,9:32:29.194195700,T,TGT,F,100,88.5
2025-10-02,9:32:29.195266284,T,TGT,I,7,88.5
2025-10-02,9:32:29.195290418,T,TGT,F I,93,88.5
2025-10-02,9:32:29.195290418,T,TGT,F,193,88.5
2025-10-02,9:32:29.195293884,T,TGT,F I,2,88.5
2025-10-02,9:32:29.195323431,T,TGT,F I,24,88.52
2025-10-02,9:32:29.195335495,T,TGT,F,100,88.53
2025-10-02,9:32:29.195347427,T,TGT,F I,46,88.52
2025-10-02,9:32:29.195362647,T,TGT,F I,54,88.52
2025-10-02,9:32:29.195362647,T,TGT,F I,99,88.54
2025-10-02,9:32:29.195386519,T,TGT,F I,1,88.54
2025-10-02,9:32:29.195386519,T,TGT,F I,99,88.55
2025-10-02,9:32:29.195410650,T,TGT,F I,1,88.55
2025-10-02,9:32:29.195464868,T,TGT,F I,15,88.56
2025-10-02,9:32:29.195464868,T,TGT,F I,5,88.56
2025-10-02,9:32:29.195467786,T,TGT,F I,1,88.56
2025-10-02,9:32:29.195479752,T,TGT,F I,1,88.56
2025-10-02,9:32:29.195873684,T,TGT,F I,78,88.56
2025-10-02,9:32:29.195873684,T,TGT,F I,22,88.56
2025-10-02,9:32:29.196162578,T,TGT,F,100,88.53
2025-10-02,9:32:29.196166839,T,TGT,F I,26,88.53
2025-10-02,9:32:29.196166839,T,TGT,F,100,88.53
2025-10-02,9:32:29.196171816,T,TGT,F I,20,88.53
2025-10-02,9:32:29.196171816,T,TGT,F I,2,88.53
2025-10-02,9:32:29.196175113,T,TGT,F I,50,88.52
2025-10-02,9:32:29.196175113,T,TGT,F I,20,88.52
2025-10-02,9:32:29.196175113,T,TGT,F I,2,88.52
2025-10-02,9:32:29.196207648,T,TGT,F,100,88.52
2025-10-02,9:32:29.196210618,T,TGT,F I,20,88.51
2025-10-02,9:32:29.196568638,T,TGT,F I,2,88.5
2025-10-02,9:32:29.196571686,T,TGT,F I,20,88.5
2025-10-02,9:32:29.196737167,T,TGT,F I,2,88.49
2025-10-02,9:32:29.196737167,T,TGT,F I,20,88.49
2025-10-02,9:32:29.206537410,T,TGT,F,100,88.5
2025-10-02,9:32:29.206537410,T,TGT,I,1,88.5
2025-10-02,9:32:29.206540083,T,TGT,F I,49,88.5
2025-10-02,9:32:29.213261190,T,TGT,F,100,88.535
2025-10-02,9:32:29.213297316,T,TGT,F I,50,88.535
2025-10-02,9:32:29.213300271,T,TGT,F I,50,88.55
2025-10-02,9:32:29.475071019,T,TGT,I,12,88.56
2025-10-02,9:32:30.496394068,T,TGT,,100,88.58
2025-10-02,9:32:30.503797778,T,TGT,I,10,88.59
2025-10-02,9:32:30.848996193,T,TGT,,150,88.57
2025-10-02,9:32:30.861045842,T,TGT,,100,88.57
2025-10-02,9:32:30.861951000,T,TGT,,150,88.57
2025-10-02,9:32:32.306833469,T,TGT,I,17,88.53
2025-10-02,9:32:32.306833469,T,TGT,I,50,88.53
2025-10-02,9:32:33.185884611,T,TGT,F I,20,88.52
2025-10-02,9:32:33.185884611,T,TGT,F I,80,88.52
2025-10-02,9:32:34.722891423,T,TGT,F,100,88.58
2025-10-02,9:32:34.722915464,T,TGT,I,1,88.58
2025-10-02,9:32:34.723403097,T,TGT,I,30,88.575
2025-10-02,9:32:34.723405692,T,TGT,I,70,88.575
2025-10-02,9:32:34.745556531,T,TGT,I,30,88.575
2025-10-02,9:32:36.473515662,T,TGT,F,100,88.66
2025-10-02,9:32:36.473515662,T,TGT,F,150,88.66
2025-10-02,9:32:36.473518157,T,TGT,F I,27,88.67
2025-10-02,9:32:36.473545311,T,TGT,I,30,88.67
2025-10-02,9:32:36.473545311,T,TGT,,200,88.67
2025-10-02,9:32:36.473749702,T,TGT,F,100,88.66
2025-10-02,9:32:36.473752805,T,TGT,F I,49,88.65
2025-10-02,9:32:36.473752805,T,TGT,F I,2,88.65
2025-10-02,9:32:36.474024325,T,TGT,I,49,88.67
2025-10-02,9:32:36.474024325,T,TGT,I,49,88.67
2025-10-02,9:32:36.474029397,T,TGT,I,37,88.67
2025-10-02,9:32:36.474029397,T,TGT,I,25,88.67
2025-10-02,9:32:36.474032441,T,TGT,I,37,88.67
2025-10-02,9:32:36.477905791,T,TGT,F,100,88.63
2025-10-02,9:32:36.477905791,T,TGT,F,100,88.63
2025-10-02,9:32:36.477920657,T,TGT,F I,20,88.63
2025-10-02,9:32:36.477932682,T,TGT,F,100,88.62
2025-10-02,9:32:36.751987641,T,TGT,,100,88.595
2025-10-02,9:32:36.752035757,T,TGT,I,50,88.595
2025-10-02,9:32:39.195170362,T,TGT,F,100,88.62
2025-10-02,9:32:39.245125366,T,TGT,F,100,88.61
2025-10-02,9:32:39.245777933,T,TGT,F I,50,88.61
2025-10-02,9:32:40.488807277,T,TGT,F,100,88.56
2025-10-02,9:32:40.488825340,T,TGT,F,100,88.54
2025-10-02,9:32:40.488825340,T,TGT,F I,50,88.54
2025-10-02,9:32:40.488843970,T,TGT,I,1,88.54
2025-10-02,9:32:40.488846386,T,TGT,F I,49,88.54
2025-10-02,9:32:40.903248666,T,TGT,F I,16,88.57
2025-10-02,9:32:45.255977756,T,TGT,I,50,88.55
2025-10-02,9:32:45.256982140,T,TGT,F I,11,88.55
2025-10-02,9:32:45.257006182,T,TGT,I,1,88.55
2025-10-02,9:32:45.257027412,T,TGT,I,36,88.53
2025-10-02,9:32:45.257030300,T,TGT,F,288,88.55
2025-10-02,9:32:45.257033243,T,TGT,,100,88.55
2025-10-02,9:32:45.257054301,T,TGT,I,20,88.54
2025-10-02,9:32:45.257058107,T,TGT,I,20,88.55
2025-10-02,9:32:45.257060359,T,TGT,F I,36,88.53
2025-10-02,9:32:45.257084368,T,TGT,I,1,88.54
2025-10-02,9:32:45.257090332,T,TGT,F I,19,88.54
2025-10-02,9:32:45.257111458,T,TGT,F I,1,88.54
2025-10-02,9:32:45.257111458,T,TGT,F I,34,88.53
2025-10-02,9:32:45.257117738,T,TGT,F I,2,88.53
2025-10-02,9:32:45.257117738,T,TGT,F I,33,88.53
2025-10-02,9:32:45.257117738,T,TGT,F I,2,88.54
2025-10-02,9:32:45.257135460,T,TGT,F I,98,88.54
2025-10-02,9:32:45.257138850,T,TGT,F I,3,88.54
2025-10-02,9:32:45.257141520,T,TGT,F I,2,88.54
2025-10-02,9:32:45.257145029,T,TGT,F I,18,88.54
2025-10-02,9:32:45.257145029,T,TGT,F I,1,88.54
2025-10-02,9:32:45.257147452,T,TGT,F I,67,88.53
2025-10-02,9:32:45.257228725,T,TGT,F I,2,88.54
2025-10-02,9:32:45.257280283,T,TGT,F I,2,88.54
2025-10-02,9:32:45.257306854,T,TGT,F I,2,88.54
2025-10-02,9:32:45.257315888,T,TGT,F I,1,88.54
2025-10-02,9:32:45.257321975,T,TGT,F I,2,88.54
2025-10-02,9:32:45.257340020,T,TGT,I,19,88.54
2025-10-02,9:32:45.257340020,T,TGT,I,2,88.54
2025-10-02,9:32:45.257367035,T,TGT,I,89,88.55
2025-10-02,9:32:45.257370307,T,TGT,F I,16,88.54
2025-10-02,9:32:45.257373055,T,TGT,F I,4,88.53
2025-10-02,9:32:45.257382067,T,TGT,I,61,88.55
2025-10-02,9:32:45.257511380,T,TGT,F I,11,88.54
2025-10-02,9:32:45.257514349,T,TGT,I,53,88.55
2025-10-02,9:32:45.257526550,T,TGT,F I,2,88.54
2025-10-02,9:32:45.257568564,T,TGT,F I,2,88.54
2025-10-02,9:32:45.257694810,T,TGT,F I,51,88.54
2025-10-02,9:32:45.257697872,T,TGT,F I,11,88.54
2025-10-02,9:32:45.257700805,T,TGT,F I,3,88.54
2025-10-02,9:32:45.257745887,T,TGT,I,89,88.57
2025-10-02,9:32:45.257784984,T,TGT,F I,16,88.55
2025-10-02,9:32:45.258073700,T,TGT,F I,53,88.55
2025-10-02,9:32:45.258076732,T,TGT,F I,80,88.55
2025-10-02,9:32:45.258118813,T,TGT,F,100,88.55
2025-10-02,9:32:45.258130809,T,TGT,I,8,88.57
2025-10-02,9:32:45.258155545,T,TGT,F I,15,88.57
2025-10-02,9:32:45.258155545,T,TGT,F I,9,88.57
2025-10-02,9:32:45.258157919,T,TGT,F I,20,88.57
2025-10-02,9:32:45.258257104,T,TGT,,177,88.6
2025-10-02,9:32:45.258257104,T,TGT,I,20,88.6
2025-10-02,9:32:45.258377429,T,TGT,F I,53,88.58
2025-10-02,9:32:45.258473727,T,TGT,I,53,88.6
2025-10-02,9:32:45.258497716,T,TGT,I,1,88.6
2025-10-02,9:32:45.258509808,T,TGT,I,99,88.6
2025-10-02,9:32:45.258513250,T,TGT,I,1,88.6
2025-10-02,9:32:45.258555106,T,TGT,,100,88.6
2025-10-02,9:32:45.258590904,T,TGT,F,100,88.59
2025-10-02,9:32:45.258593914,T,TGT,F I,47,88.58
2025-10-02,9:32:45.258663334,T,TGT,F,100,88.58
2025-10-02,9:32:45.258714285,T,TGT,I,53,88.59
2025-10-02,9:32:45.258714285,T,TGT,I,15,88.58
2025-10-02,9:32:45.258783465,T,TGT,I,9,88.58
2025-10-02,9:32:45.258873631,T,TGT,F I,38,88.58
2025-10-02,9:32:45.258879698,T,TGT,F I,3,88.58
2025-10-02,9:32:45.258879698,T,TGT,F I,71,88.58
2025-10-02,9:32:45.258882602,T,TGT,F I,13,88.58
2025-10-02,9:32:45.258885734,T,TGT,F I,13,88.58
2025-10-02,9:32:45.258885734,T,TGT,F I,10,88.58
2025-10-02,9:32:45.258889605,T,TGT,F I,53,88.58
2025-10-02,9:32:45.258889605,T,TGT,F,134,88.58
2025-10-02,9:32:45.258892111,T,TGT,F I,38,88.58
2025-10-02,9:32:45.258892111,T,TGT,I,38,88.58
2025-10-02,9:32:45.258894633,T,TGT,I,38,88.58
2025-10-02,9:32:45.258909716,T,TGT,I,33,88.58
2025-10-02,9:32:45.259017924,T,TGT,F I,47,88.58
2025-10-02,9:32:45.259162391,T,TGT,,100,88.59
2025-10-02,9:32:45.259333689,T,TGT,F,100,88.58
2025-10-02,9:32:45.259333689,T,TGT,F I,20,88.58
2025-10-02,9:32:45.259739627,T,TGT,F I,26,88.58
2025-10-02,9:32:45.259817892,T,TGT,F I,30,88.56
2025-10-02,9:32:45.259817892,T,TGT,F I,2,88.56
2025-10-02,9:32:45.349708477,T,TGT,F,100,88.56
2025-10-02,9:32:45.349711118,T,TGT,F I,13,88.56
2025-10-02,9:32:45.349714073,T,TGT,F I,2,88.56
2025-10-02,9:32:45.349714073,T,TGT,F I,86,88.56
2025-10-02,9:32:45.349732132,T,TGT,F I,12,88.56
2025-10-02,9:32:45.349735075,T,TGT,F I,34,88.56
2025-10-02,9:32:45.349825512,T,TGT,F I,2,88.55
2025-10-02,9:32:45.994374863,T,TGT,F,100,88.58
2025-10-02,9:32:49.668209536,T,TGT,F,100,88.66
2025-10-02,9:32:49.668285454,T,TGT,I,5,88.68
2025-10-02,9:32:49.668287659,T,TGT,I,53,88.68
2025-10-02,9:32:54.125906730,T,TGT,F I,2,88.62
2025-10-02,9:32:54.125969878,T,TGT,,100,88.62
2025-10-02,9:32:54.125990947,T,TGT,I,1,88.62
2025-10-02,9:32:54.126006608,T,TGT,F I,53,88.62
2025-10-02,9:32:54.126008973,T,TGT,F I,47,88.62
2025-10-02,9:32:54.126012073,T,TGT,F,100,88.64
2025-10-02,9:32:54.250836390,T,TGT,F,100,88.64
2025-10-02,9:32:55.418500235,T,TGT,F,100,88.68
2025-10-02,9:32:55.418500235,T,TGT,F I,50,88.68
2025-10-02,9:32:55.418521478,T,TGT,I,1,88.68
2025-10-02,9:32:55.522088022,T,TGT,,100,88.72
2025-10-02,9:32:56.354432029,T,TGT,F,100,88.72
2025-10-02,9:33:00.491601530,T,TGT,F,100,88.795
2025-10-02,9:33:01.683037179,T,TGT,F,100,88.8
2025-10-02,9:33:03.105248329,T,TGT,I,7,88.75
2025-10-02,9:33:03.105747555,T,TGT,F I,60,88.75
2025-10-02,9:33:03.105768604,T,TGT,F I,40,88.75
2025-10-02,9:33:06.720897391,T,TGT,F I,7,88.76
2025-10-02,9:33:16.595883859,T,TGT,F I,2,88.73
2025-10-02,9:33:16.595974076,T,TGT,F I,45,88.71
2025-10-02,9:33:16.596022627,T,TGT,F I,55,88.71
2025-10-02,9:33:16.596022627,T,TGT,F I,6,88.71
2025-10-02,9:33:16.596025258,T,TGT,F I,2,88.71
2025-10-02,9:33:16.596028226,T,TGT,F,100,88.71
2025-10-02,9:33:16.611054989,T,TGT,F,100,88.7
2025-10-02,9:33:16.611957360,T,TGT,F,100,88.69
2025-10-02,9:33:16.611966137,T,TGT,F,100,88.68
2025-10-02,9:33:16.612249276,T,TGT,I,53,88.67
2025-10-02,9:33:16.616567166,T,TGT,F,100,88.665
2025-10-02,9:33:16.623775364,T,TGT,,150,88.62
2025-10-02,9:33:16.635662684,T,TGT,,150,88.61
2025-10-02,9:33:16.859076879,T,TGT,F,100,88.58
2025-10-02,9:33:16.966426606,T,TGT,F I,14,88.54
2025-10-02,9:33:16.966441669,T,TGT,F I,27,88.53
2025-10-02,9:33:16.966549985,T,TGT,,100,88.56
2025-10-02,9:33:18.686666018,T,TGT,,100,88.565
2025-10-02,9:33:20.622693417,T,TGT,I,7,88.565
2025-10-02,9:33:25.678963799,T,TGT,F,100,88.51
2025-10-02,9:33:26.778999416,T,TGT,,100,88.52
2025-10-02,9:33:26.779405453,T,TGT,F,100,88.52
2025-10-02,9:33:28.534158019,T,TGT,F,100,88.6
2025-10-02,9:33:28.534158019,T,TGT,F,100,88.61
2025-10-02,9:33:28.534164040,T,TGT,F I,42,88.63
2025-10-02,9:33:28.534164040,T,TGT,F,100,88.63
2025-10-02,9:33:28.534164040,T,TGT,F I,20,88.63
2025-10-02,9:33:28.534398744,T,TGT,F I,20,88.66
2025-10-02,9:33:28.534780537,T,TGT,F I,12,88.67
2025-10-02,9:33:28.534804540,T,TGT,I,1,88.67
2025-10-02,9:33:28.534807590,T,TGT,F I,87,88.67
2025-10-02,9:33:28.534807590,T,TGT,F I,76,88.67
2025-10-02,9:33:28.534843706,T,TGT,F I,24,88.67
2025-10-02,9:33:28.534970770,T,TGT,,100,88.68
2025-10-02,9:33:28.534970770,T,TGT,I,17,88.68
2025-10-02,9:33:28.535255575,T,TGT,F I,4,88.68
2025-10-02,9:33:28.535279718,T,TGT,I,96,88.68
2025-10-02,9:33:28.535724758,T,TGT,F I,4,88.7
2025-10-02,9:33:28.536359292,T,TGT,,100,88.69
2025-10-02,9:33:28.772539127,T,TGT,F,100,88.68
2025-10-02,9:33:28.772542339,T,TGT,F,100,88.69
2025-10-02,9:33:28.772545099,T,TGT,F,100,88.7
2025-10-02,9:33:28.772547943,T,TGT,F,100,88.7
2025-10-02,9:33:28.772547943,T,TGT,F,100,88.7
2025-10-02,9:33:28.968086571,T,TGT,F I,20,88.66
2025-10-02,9:33:28.968088968,T,TGT,F,100,88.67
2025-10-02,9:33:28.968094855,T,TGT,F,100,88.7
2025-10-02,9:33:28.968094855,T,TGT,F,100,88.7
2025-10-02,9:33:28.968098080,T,TGT,F,100,88.71
2025-10-02,9:33:28.968098080,T,TGT,F,100,88.71
2025-10-02,9:33:28.968101681,T,TGT,F,100,88.71
2025-10-02,9:33:28.968101681,T,TGT,F,100,88.71
2025-10-02,9:33:28.968103937,T,TGT,F,100,88.71
2025-10-02,9:33:29.171562812,T,TGT,F,100,88.72
2025-10-02,9:33:29.171562812,T,TGT,F I,3,88.73
2025-10-02,9:33:29.171568635,T,TGT,F,100,88.73
2025-10-02,9:33:29.171568635,T,TGT,F,100,88.73
2025-10-02,9:33:29.269710483,T,TGT,F,100,88.74
2025-10-02,9:33:29.269714588,T,TGT,F I,20,88.75
2025-10-02,9:33:29.269714588,T,TGT,F I,2,88.76
2025-10-02,9:33:29.269716577,T,TGT,F,100,88.76
2025-10-02,9:33:29.269719441,T,TGT,F I,4,88.79
2025-10-02,9:33:29.269719441,T,TGT,F I,20,88.79
2025-10-02,9:33:29.382860999,T,TGT,F,100,88.79
2025-10-02,9:33:29.382864355,T,TGT,F,255,88.81
2025-10-02,9:33:29.382867262,T,TGT,F,100,88.81
2025-10-02,9:33:29.382867262,T,TGT,F,100,88.84
2025-10-02,9:33:29.382870055,T,TGT,F,100,88.84
2025-10-02,9:33:29.384449063,T,TGT,F,100,88.83
2025-10-02,9:33:29.384452560,T,TGT,F,200,88.84
2025-10-02,9:33:29.384452560,T,TGT,F,100,88.84
2025-10-02,9:33:29.384455056,T,TGT,F,100,88.84
2025-10-02,9:33:29.384455056,T,TGT,F I,45,88.84
2025-10-02,9:33:29.384475917,T,TGT,F I,91,88.79
2025-10-02,9:33:29.384523999,T,TGT,I,55,88.79
2025-10-02,9:33:29.384530410,T,TGT,,100,88.76
2025-10-02,9:33:29.384647945,T,TGT,,200,88.76
2025-10-02,9:33:29.384650325,T,TGT,I,91,88.76
2025-10-02,9:33:29.384653928,T,TGT,,100,88.76
2025-10-02,9:33:29.385038417,T,TGT,,100,88.74
2025-10-02,9:33:33.867424201,T,TGT,F I,31,88.79
2025-10-02,9:33:33.867806069,T,TGT,F I,31,88.79
2025-10-02,9:33:33.867854164,T,TGT,F I,27,88.79
2025-10-02,9:33:33.867854164,T,TGT,F I,11,88.79
2025-10-02,9:33:33.868227042,T,TGT,,100,88.8
2025-10-02,9:33:38.429262399,T,TGT,F I,9,88.84
2025-10-02,9:33:39.213008224,T,TGT,F I,5,88.9
2025-10-02,9:33:39.213010690,T,TGT,F I,10,88.9
2025-10-02,9:33:39.218561958,T,TGT,F I,19,88.84
2025-10-02,9:33:39.218565072,T,TGT,F I,6,88.84
2025-10-02,9:33:39.218582959,T,TGT,F I,2,88.84
2025-10-02,9:33:39.218588963,T,TGT,F I,1,88.83
2025-10-02,9:33:42.276778947,T,TGT,F I,4,88.82
2025-10-02,9:33:42.276784907,T,TGT,F I,2,88.82
2025-10-02,9:33:42.276799953,T,TGT,F I,94,88.82
2025-10-02,9:33:42.277380313,T,TGT,F,100,88.77
2025-10-02,9:33:42.528036485,T,TGT,,100,88.79
2025-10-02,9:33:42.994489799,T,TGT,F,100,88.76
2025-10-02,9:33:48.935798598,T,TGT,F,100,88.75
2025-10-02,9:33:48.935798598,T,TGT,F I,1,88.75
2025-10-02,9:33:49.030136309,T,TGT,F,100,88.81
2025-10-02,9:33:49.030154379,T,TGT,F I,13,88.81
2025-10-02,9:33:54.039858733,T,TGT,F I,80,88.86
2025-10-02,9:33:54.039864705,T,TGT,F,100,88.87
2025-10-02,9:33:54.039864705,T,TGT,F,100,88.88
2025-10-02,9:33:54.039891769,T,TGT,F,100,88.88
2025-10-02,9:33:54.039933846,T,TGT,I,10,88.89
2025-10-02,9:34:01.735974099,T,TGT,I,5,88.835
2025-10-02,9:34:02.526795178,T,TGT,,100,88.835
2025-10-02,9:34:04.916988687,T,TGT,F I,13,88.835
2025-10-02,9:34:07.451195318,T,TGT,F I,8,88.77
2025-10-02,9:34:07.451195318,T,TGT,F I,20,88.77
2025-10-02,9:34:07.451198743,T,TGT,F I,7,88.77
2025-10-02,9:34:07.451201377,T,TGT,F I,4,88.77
2025-10-02,9:34:07.451261445,T,TGT,,100,88.77
2025-10-02,9:34:07.451679444,T,TGT,,100,88.77
2025-10-02,9:34:07.451682482,T,TGT,,200,88.77
2025-10-02,9:34:09.588916962,T,TGT,F I,20,88.84
2025-10-02,9:34:09.588916962,T,TGT,F,100,88.85
2025-10-02,9:34:09.588919275,T,TGT,F,135,88.85
2025-10-02,9:34:09.588922256,T,TGT,F I,77,88.86
2025-10-02,9:34:09.588937358,T,TGT,I,1,88.86
2025-10-02,9:34:09.588976581,T,TGT,F,222,88.86
2025-10-02,9:34:11.370228110,T,TGT,F,100,88.82
2025-10-02,9:34:11.370282246,T,TGT,,100,88.82
2025-10-02,9:34:11.371313660,T,TGT,F I,30,88.82
2025-10-02,9:34:11.371352814,T,TGT,I,70,88.82
2025-10-02,9:34:15.582552779,T,TGT,F,100,88.86
2025-10-02,9:34:15.582555775,T,TGT,F,100,88.87
2025-10-02,9:34:18.012106950,T,TGT,F I,40,88.74
2025-10-02,9:34:18.896174219,T,TGT,I,2,88.78
2025-10-02,9:34:18.896252371,T,TGT,F I,98,88.785
2025-10-02,9:34:18.896252371,T,TGT,F I,2,88.78
2025-10-02,9:34:18.896273400,T,TGT,F I,98,88.78
2025-10-02,9:34:20.616621471,T,TGT,F I,1,88.78
2025-10-02,9:34:20.616623988,T,TGT,F I,6,88.78
2025-10-02,9:34:28.585786971,T,TGT,F,1900,88.87
2025-10-02,9:34:28.693491580,T,TGT,F I,38,88.87
2025-10-02,9:34:28.693584682,T,TGT,I,62,88.87
2025-10-02,9:34:28.693674982,T,TGT,F I,62,88.9
2025-10-02,9:34:28.693689967,T,TGT,F I,60,88.89
2025-10-02,9:34:28.694366829,T,TGT,F I,38,88.88
2025-10-02,9:34:28.694418120,T,TGT,F,112,88.88
2025-10-02,9:34:28.694447811,T,TGT,I,76,88.9
2025-10-02,9:34:28.694550653,T,TGT,I,23,88.9
2025-10-02,9:34:28.694550653,T,TGT,I,55,88.9
2025-10-02,9:34:28.695358901,T,TGT,F I,4,88.93
2025-10-02,9:34:28.807054627,T,TGT,F,500,88.94
2025-10-02,9:34:28.893774606,T,TGT,I,18,88.92
2025-10-02,9:34:28.893777658,T,TGT,,100,88.92
2025-10-02,9:34:28.893780651,T,TGT,I,8,88.92
2025-10-02,9:34:28.893798706,T,TGT,I,1,88.92
2025-10-02,9:34:28.893804773,T,TGT,F,100,88.91
2025-10-02,9:34:28.926423432,T,TGT,F,100,88.92
2025-10-02,9:34:28.926426463,T,TGT,F,100,88.94
2025-10-02,9:34:28.926429406,T,TGT,F,100,88.96
2025-10-02,9:34:28.926432973,T,TGT,F I,20,88.96
2025-10-02,9:34:28.926432973,T,TGT,F I,94,88.98
2025-10-02,9:34:28.926435870,T,TGT,F,100,88.98
2025-10-02,9:34:28.926435870,T,TGT,F I,94,88.99
2025-10-02,9:34:28.926438448,T,TGT,F,100,88.99
2025-10-02,9:34:28.928648785,T,TGT,F I,38,88.98
2025-10-02,9:34:28.928877254,T,TGT,F,146,88.95
2025-10-02,9:34:28.930069730,T,TGT,F I,62,88.95
2025-10-02,9:34:28.930069730,T,TGT,F,100,88.95
2025-10-02,9:34:28.930074132,T,TGT,F I,20,88.95
2025-10-02,9:34:28.930074132,T,TGT,F,146,88.95
2025-10-02,9:34:28.930077469,T,TGT,F,100,88.97
2025-10-02,9:34:28.930077469,T,TGT,F I,20,88.97
2025-10-02,9:34:28.932900880,T,TGT,I,16,88.95
2025-10-02,9:34:30.596632585,T,TGT,,100,88.925
2025-10-02,9:34:30.599582611,T,TGT,I,7,88.935
2025-10-02,9:34:43.150088432,T,TGT,F I,10,88.945
2025-10-02,9:34:46.750509812,T,TGT,F I,49,88.98
2025-10-02,9:34:46.750509812,T,TGT,F I,2,88.98
2025-10-02,9:34:46.750512345,T,TGT,F I,9,88.99
2025-10-02,9:34:46.775056680,T,TGT,F I,1,89.0
2025-10-02,9:34:46.775060484,T,TGT,F I,1,89.0
2025-10-02,9:34:46.775060484,T,TGT,F I,19,89.0
2025-10-02,9:34:46.775065687,T,TGT,F,100,89.0
2025-10-02,9:34:46.775486786,T,TGT,I,16,89.0
2025-10-02,9:34:46.775510849,T,TGT,I,84,89.0
2025-10-02,9:34:46.775513779,T,TGT,I,16,89.0
2025-10-02,9:34:46.775525877,T,TGT,,116,89.01
2025-10-02,9:34:46.775537847,T,TGT,I,34,89.01
2025-10-02,9:34:46.775540816,T,TGT,I,66,89.01
2025-10-02,9:34:46.775661498,T,TGT,I,12,89.0
2025-10-02,9:34:46.775661498,T,TGT,I,22,88.99
2025-10-02,9:34:46.776921625,T,TGT,F,150,89.02
2025-10-02,9:34:46.776972255,T,TGT,F,100,89.02
2025-10-02,9:34:46.776972255,T,TGT,I,60,88.99
2025-10-02,9:34:46.776981605,T,TGT,F I,85,89.03
2025-10-02,9:34:46.777098861,T,TGT,I,85,89.01
2025-10-02,9:34:46.777125587,T,TGT,I,5,89.01
2025-10-02,9:34:49.492955950,T,TGT,I,5,89.05
2025-10-02,9:34:49.493006969,T,TGT,I,18,89.05
2025-10-02,9:34:49.672751321,T,TGT,F I,1,89.07
2025-10-02,9:34:50.632394553,T,TGT,F I,1,89.12
2025-10-02,9:34:50.632701696,T,TGT,F,100,89.13
2025-10-02,9:34:50.632995966,T,TGT,I,27,89.13
2025-10-02,9:34:50.633041070,T,TGT,I,66,89.13
2025-10-02,9:34:50.633074179,T,TGT,I,34,89.13
2025-10-02,9:34:50.633074179,T,TGT,I,84,89.13
2025-10-02,9:34:50.633077281,T,TGT,,105,89.13
2025-10-02,9:34:50.633083556,T,TGT,,200,89.13
2025-10-02,9:34:50.633083556,T,TGT,,200,89.13
2025-10-02,9:34:50.633083556,T,TGT,F I,18,89.12
2025-10-02,9:34:50.633140773,T,TGT,F,100,89.12
2025-10-02,9:34:50.633143613,T,TGT,F,100,89.12
2025-10-02,9:34:50.633146574,T,TGT,F,100,89.11
2025-10-02,9:34:50.633146574,T,TGT,F I,20,89.11
2025-10-02,9:34:50.633164713,T,TGT,F,141,89.12
2025-10-02,9:34:50.633188424,T,TGT,F,100,89.11
2025-10-02,9:34:50.633323776,T,TGT,F I,2,89.11
2025-10-02,9:34:50.633341814,T,TGT,F I,18,89.11
2025-10-02,9:34:50.633447111,T,TGT,,100,89.12
2025-10-02,9:34:50.642354249,T,TGT,F,100,89.12
2025-10-02,9:34:53.791766609,T,TGT,,100,89.095
2025-10-02,9:34:54.630016672,T,TGT,,100,89.105
2025-10-02,9:35:00.065956388,T,TGT,F I,91,89.02
2025-10-02,9:35:00.065959516,T,TGT,F I,92,89.02
2025-10-02,9:35:00.065983480,T,TGT,F I,41,89.01
2025-10-02,9:35:00.065995504,T,TGT,I,28,89.01
2025-10-02,9:35:00.066004533,T,TGT,F I,31,89.01
2025-10-02,9:35:00.066031600,T,TGT,F,100,89.0
2025-10-02,9:35:00.066437531,T,TGT,F I,2,89.0
2025-10-02,9:35:00.066690618,T,TGT,I,98,89.0
2025-10-02,9:35:00.066693190,T,TGT,,200,89.0
2025-10-02,9:35:00.066696185,T,TGT,,100,89.01
2025-10-02,9:35:00.066696185,T,TGT,,100,89.01
2025-10-02,9:35:01.152968220,T,TGT,F,100,88.98
2025-10-02,9:35:03.319134617,T,TGT,F I,8,88.92
2025-10-02,9:35:03.319137303,T,TGT,F I,88,88.92
2025-10-02,9:35:03.319139793,T,TGT,F I,1,88.92
2025-10-02,9:35:03.324784397,T,TGT,F,100,88.89
2025-10-02,9:35:03.324784397,T,TGT,F I,9,88.89
2025-10-02,9:35:03.325166153,T,TGT,F,100,88.89
2025-10-02,9:35:03.325172225,T,TGT,F I,2,88.89
2025-10-02,9:35:04.895991573,T,TGT,,220,88.83
2025-10-02,9:35:05.942824549,T,TGT,F I,14,88.81
2025-10-02,9:35:05.942989971,T,TGT,F I,25,88.79
2025-10-02,9:35:09.707975194,T,TGT,F I,14,88.75
2025-10-02,9:35:09.707975194,T,TGT,F I,1,88.75
2025-10-02,9:35:09.707977823,T,TGT,F I,1,88.75
2025-10-02,9:35:18.941346557,T,TGT,F,100,88.68
2025-10-02,9:35:18.970524981,T,TGT,I,30,88.63
2025-10-02,9:35:20.750204019,T,TGT,F,100,88.6
2025-10-02,9:35:22.233942010,T,TGT,F I,20,88.56
2025-10-02,9:35:22.234122335,T,TGT,F I,4,88.53
2025-10-02,9:35:27.287686117,T,TGT,F,100,88.6
2025-10-02,9:35:27.287686117,T,TGT,F,200,88.61
2025-10-02,9:35:27.287692188,T,TGT,F I,5,88.61
2025-10-02,9:35:27.287692188,T,TGT,F I,6,88.61
2025-10-02,9:35:27.288019877,T,TGT,F I,4,88.63
2025-10-02,9:35:27.289105986,T,TGT,F,100,88.65
2025-10-02,9:35:27.289108713,T,TGT,F I,2,88.65
2025-10-02,9:35:27.289108713,T,TGT,F I,48,88.65
2025-10-02,9:35:27.289129530,T,TGT,I,1,88.65
2025-10-02,9:35:27.289147595,T,TGT,F I,51,88.65
2025-10-02,9:35:32.617716583,T,TGT,F,100,88.63
2025-10-02,9:35:32.617761787,T,TGT,F I,50,88.63
2025-10-02,9:35:41.417894650,T,TGT,I,8,88.625
2025-10-02,9:35:42.689420021,T,TGT,F I,98,88.56
2025-10-02,9:35:42.689435371,T,TGT,I,1,88.56
2025-10-02,9:35:42.689438007,T,TGT,F I,1,88.56
2025-10-02,9:35:43.138864720,T,TGT,F,100,88.555
2025-10-02,9:35:47.807349121,T,TGT,,100,88.555
2025-10-02,9:35:49.531239038,T,TGT,I,8,88.555
2025-10-02,9:35:49.557873506,T,TGT,F I,5,88.5
2025-10-02,9:35:50.811172572,T,TGT,F,100,88.53
2025-10-02,9:35:50.811175506,T,TGT,F I,3,88.55
2025-10-02,9:35:50.811179082,T,TGT,F I,5,88.55
2025-10-02,9:35:50.811179082,T,TGT,F,100,88.55
2025-10-02,9:35:50.811181772,T,TGT,F,300,88.55
2025-10-02,9:35:50.811181772,T,TGT,F,100,88.55
2025-10-02,9:35:50.812221906,T,TGT,F,100,88.57
2025-10-02,9:35:50.812330182,T,TGT,F,100,88.6
2025-10-02,9:35:50.815088325,T,TGT,F,100,88.61
2025-10-02,9:35:50.815090763,T,TGT,F I,50,88.61
2025-10-02,9:35:50.815102741,T,TGT,F I,50,88.61
2025-10-02,9:35:50.815105786,T,TGT,F,100,88.61
2025-10-02,9:35:50.831639197,T,TGT,F I,50,88.66
2025-10-02,9:35:54.343096161,T,TGT,F,100,88.63
2025-10-02,9:35:55.323639175,T,TGT,,100,88.615
2025-10-02,9:36:03.116903939,T,TGT,I,30,88.61
2025-10-02,9:36:04.123038083,T,TGT,I,30,88.61
2025-10-02,9:36:20.261156917,T,TGT,I,30,88.595
2025-10-02,9:36:20.261162949,T,TGT,,150,88.595
2025-10-02,9:36:20.261162949,T,TGT,I,82,88.6
2025-10-02,9:36:20.261165977,T,TGT,I,38,88.61
2025-10-02,9:36:28.943234365,T,TGT,F I,30,88.53
2025-10-02,9:36:28.943502249,T,TGT,I,73,88.51
2025-10-02,9:36:28.943505610,T,TGT,I,20,88.51
2025-10-02,9:36:28.943505610,T,TGT,I,2,88.51
2025-10-02,9:36:28.943565245,T,TGT,F I,73,88.53
2025-10-02,9:36:28.943571913,T,TGT,I,43,88.54
2025-10-02,9:36:28.943577703,T,TGT,,100,88.55
2025-10-02,9:36:28.943577703,T,TGT,I,7,88.55
2025-10-02,9:36:28.943598258,T,TGT,F I,13,88.55
2025-10-02,9:36:28.943610325,T,TGT,I,3,88.53
2025-10-02,9:36:28.943613262,T,TGT,I,74,88.51
2025-10-02,9:36:28.943623243,T,TGT,F I,65,88.56
2025-10-02,9:36:28.943625632,T,TGT,F I,20,88.56
2025-10-02,9:36:28.943628314,T,TGT,,100,88.52
2025-10-02,9:36:28.943637306,T,TGT,I,73,88.53
2025-10-02,9:36:28.943652346,T,TGT,,100,88.53
2025-10-02,9:36:28.943655544,T,TGT,F,100,88.54
2025-10-02,9:36:28.943661448,T,TGT,I,43,88.55
2025-10-02,9:36:28.943685443,T,TGT,,163,88.55
2025-10-02,9:36:28.943703547,T,TGT,F I,11,88.55
2025-10-02,9:36:28.943725092,T,TGT,F I,3,88.56
2025-10-02,9:36:28.943908012,T,TGT,,100,88.55
2025-10-02,9:36:28.943911831,T,TGT,I,11,88.55
2025-10-02,9:36:28.943914314,T,TGT,,100,88.55
2025-10-02,9:36:28.943914314,T,TGT,I,20,88.54
2025-10-02,9:36:28.943959154,T,TGT,I,32,88.55
2025-10-02,9:36:28.943959154,T,TGT,I,62,88.55
2025-10-02,9:36:28.943992194,T,TGT,I,11,88.55
2025-10-02,9:36:28.945369515,T,TGT,,100,88.57
2025-10-02,9:36:28.946148341,T,TGT,F I,20,88.58
2025-10-02,9:36:28.953377584,T,TGT,F I,20,88.6
2025-10-02,9:36:28.953488836,T,TGT,F I,62,88.61
2025-10-02,9:36:28.953515888,T,TGT,F I,20,88.59
2025-10-02,9:36:28.953524881,T,TGT,F I,80,88.605
2025-10-02,9:36:28.953546106,T,TGT,I,14,88.59
2025-10-02,9:36:28.953546106,T,TGT,,204,88.59
2025-10-02,9:36:28.953549023,T,TGT,I,2,88.59
2025-10-02,9:36:28.953780470,T,TGT,F I,15,88.61
2025-10-02,9:36:28.953810543,T,TGT,F I,5,88.61
2025-10-02,9:36:28.953817769,T,TGT,F I,7,88.61
2025-10-02,9:36:28.953817769,T,TGT,F,100,88.61
2025-10-02,9:36:28.953817769,T,TGT,F,100,88.61
2025-10-02,9:36:28.953822579,T,TGT,F I,6,88.61
2025-10-02,9:36:28.953837606,T,TGT,I,1,88.61
2025-10-02,9:36:28.953841325,T,TGT,F I,5,88.61
2025-10-02,9:36:28.953841325,T,TGT,F I,14,88.61
2025-10-02,9:36:28.953847563,T,TGT,F I,14,88.61
2025-10-02,9:36:28.953855727,T,TGT,F I,3,88.61
2025-10-02,9:36:28.953855727,T,TGT,F I,3,88.61
2025-10-02,9:36:28.953888811,T,TGT,I,14,88.6
2025-10-02,9:36:28.953897767,T,TGT,F I,31,88.61
2025-10-02,9:36:28.953921806,T,TGT,F I,31,88.6
2025-10-02,9:36:28.953948894,T,TGT,F I,69,88.6
2025-10-02,9:36:33.711794248,T,TGT,I,2,88.6
2025-10-02,9:36:33.711794248,T,TGT,I,68,88.6
2025-10-02,9:36:33.717077797,T,TGT,I,87,88.59
2025-10-02,9:36:33.717141021,T,TGT,,100,88.59
2025-10-02,9:36:38.328865035,T,TGT,F,100,88.62
2025-10-02,9:36:38.328895483,T,TGT,F,100,88.62
2025-10-02,9:36:38.328898999,T,TGT,F I,37,88.64
2025-10-02,9:36:38.328901104,T,TGT,F I,3,88.64
2025-10-02,9:36:38.328931203,T,TGT,I,13,88.62
2025-10-02,9:36:38.328934866,T,TGT,I,1,88.62
2025-10-02,9:36:38.328943191,T,TGT,F I,1,88.62
2025-10-02,9:36:38.328961969,T,TGT,F I,85,88.62
2025-10-02,9:36:38.328964503,T,TGT,F I,15,88.64
2025-10-02,9:36:38.328979306,T,TGT,F I,85,88.64
2025-10-02,9:36:38.328979306,T,TGT,F I,52,88.65
2025-10-02,9:36:38.329006342,T,TGT,I,1,88.65
2025-10-02,9:36:38.329006342,T,TGT,F I,1,88.65
2025-10-02,9:36:38.329012354,T,TGT,I,23,88.65
2025-10-02,9:36:38.329018458,T,TGT,I,22,88.65
2025-10-02,9:36:38.329018458,T,TGT,I,1,88.65
2025-10-02,9:36:38.329021383,T,TGT,I,37,88.65
2025-10-02,9:36:38.329102590,T,TGT,I,41,88.63
2025-10-02,9:36:38.329153710,T,TGT,F I,2,88.63
2025-10-02,9:36:38.329180780,T,TGT,I,20,88.62
2025-10-02,9:36:38.329202000,T,TGT,F,100,88.64
2025-10-02,9:36:38.329211113,T,TGT,F,100,88.62
2025-10-02,9:36:38.329211113,T,TGT,F I,37,88.63
2025-10-02,9:36:38.329229925,T,TGT,I,63,88.63
2025-10-02,9:36:38.329229925,T,TGT,I,20,88.64
2025-10-02,9:36:38.329232078,T,TGT,I,17,88.64
2025-10-02,9:36:38.329234956,T,TGT,I,1,88.64
2025-10-02,9:36:38.329295100,T,TGT,I,21,88.63
2025-10-02,9:36:38.329319096,T,TGT,I,20,88.63
2025-10-02,9:36:38.329334186,T,TGT,F I,41,88.63
2025-10-02,9:36:38.329355194,T,TGT,F I,27,88.63
2025-10-02,9:36:38.329884430,T,TGT,F I,34,88.63
2025-10-02,9:36:38.329890536,T,TGT,F,150,88.63
2025-10-02,9:36:38.329902456,T,TGT,F I,34,88.63
2025-10-02,9:36:38.329908551,T,TGT,I,1,88.63
2025-10-02,9:36:38.329917605,T,TGT,F,150,88.63
2025-10-02,9:36:38.329951016,T,TGT,I,2,88.62
2025-10-02,9:36:38.329953683,T,TGT,I,20,88.62
2025-10-02,9:36:38.330082903,T,TGT,F I,34,88.63
2025-10-02,9:36:38.330092113,T,TGT,F I,72,88.63
2025-10-02,9:36:38.330113664,T,TGT,I,15,88.62
2025-10-02,9:36:38.330116935,T,TGT,I,5,88.61
2025-10-02,9:36:38.330230290,T,TGT,,100,88.62
2025-10-02,9:36:38.330230290,T,TGT,I,2,88.62
2025-10-02,9:36:38.330347582,T,TGT,I,20,88.6
2025-10-02,9:36:38.330368601,T,TGT,F,100,88.61
2025-10-02,9:36:38.330530983,T,TGT,I,2,88.6
2025-10-02,9:36:38.330534060,T,TGT,I,20,88.6
2025-10-02,9:36:38.330576070,T,TGT,F I,15,88.6
2025-10-02,9:36:38.330579086,T,TGT,F I,5,88.61
2025-10-02,9:36:38.330598131,T,TGT,F I,80,88.61
2025-10-02,9:36:38.330645270,T,TGT,I,8,88.6
2025-10-02,9:36:38.330714504,T,TGT,I,3,88.6
2025-10-02,9:36:38.330834689,T,TGT,I,8,88.6
2025-10-02,9:36:38.331854137,T,TGT,F,100,88.61
2025-10-02,9:36:38.332160841,T,TGT,F I,20,88.64
2025-10-02,9:36:38.332533814,T,TGT,I,2,88.62
2025-10-02,9:36:38.332533814,T,TGT,I,20,88.62
2025-10-02,9:36:38.333189469,T,TGT,I,20,88.63
2025-10-02,9:36:38.333189469,T,TGT,I,15,88.63
2025-10-02,9:36:38.333192311,T,TGT,I,51,88.63
2025-10-02,9:36:38.333457015,T,TGT,F I,9,88.63
2025-10-02,9:36:38.333457015,T,TGT,F,148,88.63
2025-10-02,9:36:38.333718586,T,TGT,F I,1,88.64
2025-10-02,9:36:38.333941477,T,TGT,I,19,88.63
2025-10-02,9:36:38.333941477,T,TGT,I,15,88.63
2025-10-02,9:36:38.333995316,T,TGT,F I,19,88.64
2025-10-02,9:36:39.445933561,T,TGT,I,38,88.63
2025-10-02,9:36:40.407844155,T,TGT,I,8,88.62
2025-10-02,9:36:44.442039290,T,TGT,F I,52,88.62
2025-10-02,9:36:44.442039290,T,TGT,F I,57,88.64
2025-10-02,9:36:44.442042288,T,TGT,F I,13,88.64
2025-10-02,9:36:44.442069372,T,TGT,F I,10,88.64
2025-10-02,9:36:44.442069372,T,TGT,F I,20,88.64
2025-10-02,9:36:44.442072394,T,TGT,F I,12,88.64
2025-10-02,9:36:44.442072394,T,TGT,F I,10,88.64
2025-10-02,9:36:44.442075311,T,TGT,F I,48,88.64
2025-10-02,9:36:44.442860241,T,TGT,I,16,88.65
2025-10-02,9:36:44.443086235,T,TGT,F I,13,88.67
2025-10-02,9:36:44.443088711,T,TGT,F I,12,88.67
2025-10-02,9:36:49.499807078,T,TGT,I,8,88.645
2025-10-02,9:36:49.499852101,T,TGT,I,1,88.645
2025-10-02,9:36:51.990502999,T,TGT,F I,5,88.66
2025-10-02,9:36:51.990539044,T,TGT,F I,77,88.68
2025-10-02,9:36:51.990599158,T,TGT,,100,88.66
2025-10-02,9:36:51.990626233,T,TGT,F I,20,88.68
2025-10-02,9:36:51.990665310,T,TGT,I,1,88.68
2025-10-02,9:36:51.990665310,T,TGT,I,1,88.68
2025-10-02,9:36:51.990668574,T,TGT,I,1,88.68
2025-10-02,9:36:51.990671366,T,TGT,I,2,88.68
2025-10-02,9:36:52.056050143,T,TGT,F I,5,88.68
2025-10-02,9:36:52.056059076,T,TGT,F I,77,88.68
2025-10-02,9:36:52.056092238,T,TGT,F I,5,88.68
2025-10-02,9:36:52.056134355,T,TGT,F I,5,88.68
2025-10-02,9:36:52.056150066,T,TGT,F I,8,88.68
2025-10-02,9:36:52.056152321,T,TGT,F I,3,88.69
2025-10-02,9:36:52.056155474,T,TGT,F I,2,88.69
2025-10-02,9:36:52.056155474,T,TGT,F I,21,88.7
2025-10-02,9:36:52.056161384,T,TGT,F I,43,88.7
2025-10-02,9:36:52.056185379,T,TGT,I,4,88.7
2025-10-02,9:36:52.056188707,T,TGT,I,3,88.7
2025-10-02,9:36:52.056191408,T,TGT,I,3,88.7
2025-10-02,9:36:52.056194479,T,TGT,I,3,88.7
2025-10-02,9:36:52.056750902,T,TGT,I,9,88.7
2025-10-02,9:36:52.056750902,T,TGT,I,8,88.7
2025-10-02,9:36:52.056753891,T,TGT,I,8,88.7
2025-10-02,9:36:52.056756759,T,TGT,I,8,88.7
2025-10-02,9:36:52.056853145,T,TGT,I,16,88.69
2025-10-02,9:36:52.056857083,T,TGT,I,20,88.69
2025-10-02,9:36:52.056928196,T,TGT,F I,2,88.69
2025-10-02,9:36:52.057015468,T,TGT,F I,2,88.68
2025-10-02,9:36:52.057181000,T,TGT,F I,32,88.69
2025-10-02,9:36:52.057181000,T,TGT,F I,31,88.69
2025-10-02,9:36:52.057183831,T,TGT,F I,6,88.69
2025-10-02,9:36:52.057183831,T,TGT,F I,6,88.69
2025-10-02,9:36:52.057187070,T,TGT,F I,3,88.69
2025-10-02,9:36:52.057187070,T,TGT,F I,3,88.69
2025-10-02,9:36:52.057202322,T,TGT,I,1,88.68
2025-10-02,9:36:53.006368179,T,TGT,F I,20,88.68
2025-10-02,9:36:53.006368179,T,TGT,F I,10,88.7
2025-10-02,9:36:57.523138153,T,TGT,I,28,88.68
2025-10-02,9:36:59.502486689,T,TGT,I,8,88.68
2025-10-02,9:37:10.972770899,T,TGT,F I,51,88.65
2025-10-02,9:37:14.792281600,T,TGT,,100,88.63
2025-10-02,9:37:24.406432586,T,TGT,F,100,88.62
2025-10-02,9:37:27.852829720,T,TGT,F,100,88.67
2025-10-02,9:37:27.852847845,T,TGT,I,1,88.67
2025-10-02,9:37:27.852854425,T,TGT,F I,66,88.67
2025-10-02,9:37:27.852854425,T,TGT,F I,7,88.67
2025-10-02,9:37:27.852854425,T,TGT,F I,36,88.67
2025-10-02,9:37:27.853403782,T,TGT,,132,88.665
2025-10-02,9:37:27.853487981,T,TGT,,123,88.665
2025-10-02,9:37:27.853494250,T,TGT,I,20,88.66
2025-10-02,9:37:27.853494250,T,TGT,I,9,88.66
2025-10-02,9:37:27.853866894,T,TGT,F I,28,88.68
2025-10-02,9:37:27.854029328,T,TGT,I,32,88.67
2025-10-02,9:37:28.430632009,T,TGT,I,1,88.68
2025-10-02,9:37:28.524404483,T,TGT,F I,87,88.68
2025-10-02,9:37:28.526410318,T,TGT,F I,77,88.72
2025-10-02,9:37:28.526413236,T,TGT,F I,10,88.72
2025-10-02,9:37:28.719172606,T,TGT,F,100,88.73
2025-10-02,9:37:28.719175605,T,TGT,F,100,88.73
2025-10-02,9:37:29.151497548,T,TGT,,100,88.76
2025-10-02,9:37:44.543039699,T,TGT,I,11,88.8
2025-10-02,9:37:45.345717995,T,TGT,F,100,88.83
2025-10-02,9:37:45.346181053,T,TGT,F I,7,88.85
2025-10-02,9:37:52.130250826,T,TGT,F I,12,88.97
2025-10-02,9:37:52.130250826,T,TGT,F I,68,88.98
2025-10-02,9:37:53.958122455,T,TGT,,100,88.96
2025-10-02,9:37:56.214707614,T,TGT,F,100,88.96
2025-10-02,9:37:57.171136261,T,TGT,,100,88.96
2025-10-02,9:38:02.454257888,T,TGT,,100,88.96
2025-10-02,9:38:02.461132787,T,TGT,F I,32,88.98
2025-10-02,9:38:02.461135332,T,TGT,F I,18,88.98
2025-10-02,9:38:02.461505193,T,TGT,F I,50,89.0
2025-10-02,9:38:02.461505193,T,TGT,F I,1,89.0
2025-10-02,9:38:02.461508211,T,TGT,F I,32,89.0
2025-10-02,9:38:03.464578045,T,TGT,I,10,89.015
2025-10-02,9:38:08.535183360,T,TGT,F I,2,88.99
2025-10-02,9:38:08.535183360,T,TGT,F I,2,88.99
2025-10-02,9:38:08.535232138,T,TGT,F I,18,88.99
2025-10-02,9:38:08.535232138,T,TGT,F I,6,88.99
2025-10-02,9:38:08.535234337,T,TGT,F I,1,88.99
2025-10-02,9:38:08.535246471,T,TGT,I,2,88.99
2025-10-02,9:38:08.535294513,T,TGT,F I,31,88.98
2025-10-02,9:38:08.535616572,T,TGT,F,100,89.01
2025-10-02,9:38:08.535619345,T,TGT,F I,27,89.01
2025-10-02,9:38:08.535643374,T,TGT,F I,2,88.99
2025-10-02,9:38:08.535646346,T,TGT,I,69,88.99
2025-10-02,9:38:08.535667428,T,TGT,I,1,88.995
2025-10-02,9:38:08.535763771,T,TGT,F I,29,88.99
2025-10-02,9:38:08.535763771,T,TGT,F I,5,88.99
2025-10-02,9:38:08.535974089,T,TGT,I,8,88.99
2025-10-02,9:38:08.535974089,T,TGT,I,8,88.99
2025-10-02,9:38:09.132604648,T,TGT,F I,28,89.01
2025-10-02,9:38:09.132607628,T,TGT,F I,8,89.01
2025-10-02,9:38:09.132610618,T,TGT,F I,8,89.01
2025-10-02,9:38:09.132613600,T,TGT,F I,1,89.01
2025-10-02,9:38:09.132616725,T,TGT,F I,6,89.01
2025-10-02,9:38:09.132616725,T,TGT,F I,5,89.01
2025-10-02,9:38:09.132619710,T,TGT,F I,45,89.01
2025-10-02,9:38:09.132619710,T,TGT,I,44,89.01
2025-10-02,9:38:11.639975209,T,TGT,F I,4,89.025
2025-10-02,9:38:11.639978436,T,TGT,F,100,89.0
2025-10-02,9:38:11.639982024,T,TGT,F I,96,89.0
2025-10-02,9:38:11.639996282,T,TGT,I,1,89.0
2025-10-02,9:38:11.639996282,T,TGT,I,1,89.0
2025-10-02,9:38:11.640002332,T,TGT,F I,2,89.0
2025-10-02,9:38:11.640002332,T,TGT,F I,2,89.0
2025-10-02,9:38:11.640026375,T,TGT,I,4,89.0
2025-10-02,9:38:11.640056458,T,TGT,F I,94,89.0
2025-10-02,9:38:11.640059794,T,TGT,F,100,89.0
2025-10-02,9:38:11.640059794,T,TGT,F I,37,89.0
2025-10-02,9:38:11.640068857,T,TGT,I,6,89.0
2025-10-02,9:38:11.640104619,T,TGT,F I,66,89.0
2025-10-02,9:38:11.640122637,T,TGT,,100,89.01
2025-10-02,9:38:11.640122637,T,TGT,,100,89.01
2025-10-02,9:38:11.640125670,T,TGT,I,1,89.0
2025-10-02,9:38:11.640131638,T,TGT,I,27,89.0
2025-10-02,9:38:11.640134681,T,TGT,I,73,89.0
2025-10-02,9:38:12.369501345,T,TGT,F I,30,89.01
2025-10-02,9:38:22.349927911,T,TGT,I,3,89.015
2025-10-02,9:38:25.894815334,T,TGT,F,100,88.98
2025-10-02,9:38:25.894815334,T,TGT,F,100,88.98
2025-10-02,9:38:25.894836666,T,TGT,I,1,88.98
2025-10-02,9:38:25.894851419,T,TGT,F I,99,88.98
2025-10-02,9:38:25.894851419,T,TGT,F I,1,88.98
2025-10-02,9:38:25.894860842,T,TGT,F I,99,88.98
2025-10-02,9:38:25.894860842,T,TGT,F I,99,88.98
2025-10-02,9:38:25.894866645,T,TGT,I,1,88.98
2025-10-02,9:38:25.894866645,T,TGT,I,99,88.98
2025-10-02,9:38:25.894869447,T,TGT,I,1,88.98
2025-10-02,9:38:25.894878537,T,TGT,F,100,88.98
2025-10-02,9:38:25.894881530,T,TGT,F,100,88.98
2025-10-02,9:38:25.894890706,T,TGT,F I,24,88.98
2025-10-02,9:38:25.894893845,T,TGT,I,76,88.98
2025-10-02,9:38:25.894893845,T,TGT,I,24,88.98
2025-10-02,9:38:25.894899525,T,TGT,F I,40,88.98
2025-10-02,9:38:25.894906056,T,TGT,I,27,88.98
2025-10-02,9:38:25.894906056,T,TGT,I,25,88.98
2025-10-02,9:38:25.894908752,T,TGT,I,8,88.98
2025-10-02,9:38:25.894912126,T,TGT,I,17,88.98
2025-10-02,9:38:25.894912126,T,TGT,I,22,88.98
2025-10-02,9:38:25.894945004,T,TGT,F I,83,88.98
2025-10-02,9:38:25.894945004,T,TGT,F I,17,88.98
2025-10-02,9:38:25.894951127,T,TGT,F,182,88.98
2025-10-02,9:38:25.894951127,T,TGT,,100,88.98
2025-10-02,9:38:25.894956659,T,TGT,I,8,88.98
2025-10-02,9:38:25.895040889,T,TGT,I,4,88.98
2025-10-02,9:38:25.895067951,T,TGT,I,1,88.98
2025-10-02,9:38:25.895110087,T,TGT,I,7,88.98
2025-10-02,9:38:25.895113545,T,TGT,I,6,88.98
2025-10-02,9:38:25.895116129,T,TGT,I,6,88.98
2025-10-02,9:38:25.895116129,T,TGT,I,6,88.98
2025-10-02,9:38:25.895140088,T,TGT,I,62,88.98
2025-10-02,9:38:25.895143095,T,TGT,I,21,88.98
2025-10-02,9:38:25.895161690,T,TGT,I,79,88.98
2025-10-02,9:38:25.895161690,T,TGT,,100,88.98
2025-10-02,9:38:25.895164189,T,TGT,,526,88.98
2025-10-02,9:38:25.895188780,T,TGT,I,83,88.98
2025-10-02,9:38:25.895188780,T,TGT,I,17,88.98
2025-10-02,9:38:25.895191211,T,TGT,I,53,88.98
2025-10-02,9:38:26.011481321,T,TGT,I,1,88.96
2025-10-02,9:38:26.011502314,T,TGT,I,1,88.96
2025-10-02,9:38:26.011887228,T,TGT,F I,38,88.96
2025-10-02,9:38:26.012200079,T,TGT,F I,15,88.95
2025-10-02,9:38:26.012236775,T,TGT,F I,25,88.95
2025-10-02,9:38:26.012239181,T,TGT,F,100,88.95
2025-10-02,9:38:26.012242323,T,TGT,F,125,88.95
2025-10-02,9:38:26.012242323,T,TGT,I,1,88.95
2025-10-02,9:38:26.012248195,T,TGT,,125,88.95
2025-10-02,9:38:26.012281426,T,TGT,,100,88.95
2025-10-02,9:38:26.012320266,T,TGT,F,100,88.95
2025-10-02,9:38:26.012344639,T,TGT,F,125,88.95
2025-10-02,9:38:29.532846712,T,TGT,I,4,88.95
2025-10-02,9:38:29.533237599,T,TGT,I,6,88.95
2025-10-02,9:38:33.747580049,T,TGT,F,100,88.95
2025-10-02,9:38:35.362355610,T,TGT,F,100,88.92
2025-10-02,9:38:35.362358201,T,TGT,F I,54,88.92
2025-10-02,9:38:35.362361155,T,TGT,F I,18,88.92
2025-10-02,9:38:35.362370325,T,TGT,I,1,88.92
2025-10-02,9:38:35.362376213,T,TGT,F I,99,88.92
2025-10-02,9:38:35.362379244,T,TGT,F,100,88.92
2025-10-02,9:38:35.362379244,T,TGT,F I,1,88.92
2025-10-02,9:38:35.362388248,T,TGT,F,100,88.92
2025-10-02,9:38:35.362391656,T,TGT,F I,6,88.92
2025-10-02,9:38:35.362406879,T,TGT,F,100,88.92
2025-10-02,9:38:35.362406879,T,TGT,F I,2,88.92
2025-10-02,9:38:35.362409980,T,TGT,F,100,88.92
2025-10-02,9:38:35.362412260,T,TGT,F I,1,88.92
2025-10-02,9:38:35.362469351,T,TGT,F,100,88.92
2025-10-02,9:38:35.362523541,T,TGT,F I,77,88.92
2025-10-02,9:38:35.362544599,T,TGT,F I,23,88.92
2025-10-02,9:38:35.362586622,T,TGT,F,100,88.92
2025-10-02,9:38:35.362610708,T,TGT,F,100,88.92
2025-10-02,9:38:35.362622704,T,TGT,F,100,88.92
2025-10-02,9:38:35.362631827,T,TGT,F,100,88.92
2025-10-02,9:38:35.362647129,T,TGT,I,17,88.92
2025-10-02,9:38:35.362647129,T,TGT,I,16,88.92
2025-10-02,9:38:35.362650882,T,TGT,I,16,88.92
2025-10-02,9:38:35.362652835,T,TGT,I,14,88.92
2025-10-02,9:38:35.362686140,T,TGT,I,37,88.92
2025-10-02,9:38:35.362686140,T,TGT,I,63,88.92
2025-10-02,9:38:35.362688879,T,TGT,I,37,88.92
2025-10-02,9:38:35.362688879,T,TGT,I,77,88.92
2025-10-02,9:38:35.363476730,T,TGT,F,100,88.9
2025-10-02,9:38:35.462445592,T,TGT,,100,88.91
2025-10-02,9:38:35.709138258,T,TGT,,100,88.91
2025-10-02,9:38:35.956101657,T,TGT,F,100,88.91
2025-10-02,9:38:38.461000374,T,TGT,,100,88.89
2025-10-02,9:38:39.533836513,T,TGT,I,4,88.89
2025-10-02,9:38:42.481582182,T,TGT,,100,88.89
2025-10-02,9:38:45.461982919,T,TGT,F I,2,88.92
2025-10-02,9:38:45.461985892,T,TGT,F I,2,88.92
2025-10-02,9:38:48.784908443,T,TGT,F I,10,88.97
2025-10-02,9:38:48.784980640,T,TGT,F,150,88.98
2025-10-02,9:38:48.785004870,T,TGT,F I,75,88.98
2025-10-02,9:38:48.785004870,T,TGT,F I,28,88.98
2025-10-02,9:38:48.805955745,T,TGT,F I,45,89.01
2025-10-02,9:38:49.999153317,T,TGT,F I,17,89.02
2025-10-02,9:38:50.680143663,T,TGT,I,30,89.0
2025-10-02,9:38:52.056107905,T,TGT,F,100,88.99
2025-10-02,9:38:52.056156014,T,TGT,F I,50,88.99
2025-10-02,9:38:56.383760945,T,TGT,F I,22,88.96
2025-10-02,9:38:56.383764888,T,TGT,F I,7,88.96
2025-10-02,9:38:56.383769179,T,TGT,F I,71,88.96
2025-10-02,9:38:56.383769179,T,TGT,F I,2,88.95
2025-10-02,9:38:56.383769179,T,TGT,F I,1,88.95
2025-10-02,9:38:56.383787251,T,TGT,F,197,88.95
2025-10-02,9:38:56.384313509,T,TGT,I,9,88.95
2025-10-02,9:38:56.384602723,T,TGT,I,4,88.95
2025-10-02,9:38:56.384605382,T,TGT,I,18,88.95
2025-10-02,9:38:56.384894458,T,TGT,I,1,88.94
2025-10-02,9:38:56.384896879,T,TGT,I,1,88.94
2025-10-02,9:38:56.385236837,T,TGT,,100,88.94
2025-10-02,9:38:57.880798760,T,TGT,I,1,88.94
2025-10-02,9:38:57.880910120,T,TGT,I,99,88.94
2025-10-02,9:38:57.880910120,T,TGT,I,1,88.94
2025-10-02,9:38:57.880928078,T,TGT,I,1,88.94
2025-10-02,9:38:57.880934145,T,TGT,F I,4,88.94
2025-10-02,9:38:57.880934145,T,TGT,F I,2,88.94
2025-10-02,9:39:04.523200892,T,TGT,F I,4,88.9
2025-10-02,9:39:05.310199869,T,TGT,F I,17,88.85
2025-10-02,9:39:05.310290828,T,TGT,F I,17,88.85
2025-10-02,9:39:15.515042177,T,TGT,F I,20,88.95
2025-10-02,9:39:15.515069254,T,TGT,F,100,88.94
2025-10-02,9:39:15.515180457,T,TGT,F I,80,88.95
2025-10-02,9:39:16.538599746,T,TGT,,100,88.96
2025-10-02,9:39:16.588783290,T,TGT,,100,88.98
2025-10-02,9:39:16.588786267,T,TGT,,100,88.98
2025-10-02,9:39:16.589297532,T,TGT,,100,88.98
2025-10-02,9:39:16.589303559,T,TGT,F,100,88.98
2025-10-02,9:39:16.589709461,T,TGT,F I,50,88.98
2025-10-02,9:39:16.589727544,T,TGT,F I,50,88.98
2025-10-02,9:39:16.589736558,T,TGT,I,50,88.98
2025-10-02,9:39:16.752785057,T,TGT,F I,5,88.96
2025-10-02,9:39:19.528764541,T,TGT,I,5,88.955
2025-10-02,9:39:26.916014110,T,TGT,,100,88.86
2025-10-02,9:39:26.916913326,T,TGT,F I,14,88.84
2025-10-02,9:39:26.916952348,T,TGT,F I,1,88.84
2025-10-02,9:39:26.916956232,T,TGT,F I,1,88.84
2025-10-02,9:39:26.916956232,T,TGT,F I,1,88.84
2025-10-02,9:39:26.916958397,T,TGT,F I,4,88.84
2025-10-02,9:39:26.917268124,T,TGT,I,7,88.84
2025-10-02,9:39:26.917289140,T,TGT,F,113,88.84
2025-10-02,9:39:26.917292257,T,TGT,F I,4,88.84
2025-10-02,9:39:26.917310301,T,TGT,I,1,88.84
2025-10-02,9:39:26.919764051,T,TGT,F I,75,88.84
2025-10-02,9:39:26.919764051,T,TGT,F I,25,88.84
2025-10-02,9:39:39.327576840,T,TGT,F I,7,88.9
2025-10-02,9:39:40.422737920,T,TGT,F,100,88.91
2025-10-02,9:39:40.423089840,T,TGT,I,80,88.92
2025-10-02,9:39:40.423092784,T,TGT,I,4,88.92
2025-10-02,9:39:40.523490015,T,TGT,I,88,88.93
2025-10-02,9:39:40.571878250,T,TGT,,100,88.96
2025-10-02,9:39:40.571881284,T,TGT,I,1,88.97
2025-10-02,9:39:40.571881284,T,TGT,I,2,88.97
2025-10-02,9:39:40.571938441,T,TGT,I,47,88.95
2025-10-02,9:39:40.572022635,T,TGT,F I,3,88.97
2025-10-02,9:39:40.572049742,T,TGT,I,20,88.95
2025-10-02,9:39:40.572053460,T,TGT,,100,88.95
2025-10-02,9:39:40.572053460,T,TGT,I,35,88.95
2025-10-02,9:39:40.572055678,T,TGT,I,35,88.97
2025-10-02,9:39:40.572076735,T,TGT,I,20,88.95
2025-10-02,9:39:40.572501679,T,TGT,I,80,88.95
2025-10-02,9:39:40.572501679,T,TGT,I,16,88.95
2025-10-02,9:39:40.572504512,T,TGT,,100,88.95
2025-10-02,9:39:40.572507497,T,TGT,,200,88.95
2025-10-02,9:39:40.572507497,T,TGT,I,9,88.93
2025-10-02,9:39:40.572512828,T,TGT,I,18,88.93
2025-10-02,9:39:40.572512828,T,TGT,I,9,88.93
2025-10-02,9:39:40.572512828,T,TGT,I,20,88.93
2025-10-02,9:39:40.572531142,T,TGT,I,56,88.94
2025-10-02,9:39:40.572549533,T,TGT,I,44,88.94
2025-10-02,9:39:40.572795619,T,TGT,F,100,88.94
2025-10-02,9:39:40.572885711,T,TGT,F I,16,88.94
2025-10-02,9:39:40.573039430,T,TGT,,100,88.93
2025-10-02,9:39:40.573039430,T,TGT,I,5,88.93
2025-10-02,9:39:40.573042058,T,TGT,I,20,88.93
2025-10-02,9:39:40.573180337,T,TGT,F I,5,88.94
2025-10-02,9:39:40.573309738,T,TGT,,100,88.94
2025-10-02,9:39:40.573619454,T,TGT,F I,4,88.94
2025-10-02,9:39:40.574235841,T,TGT,F I,20,88.95
2025-10-02,9:39:40.583094975,T,TGT,F I,20,88.97
2025-10-02,9:39:40.596528014,T,TGT,F I,7,88.97
2025-10-02,9:39:40.596534064,T,TGT,F I,2,88.97
2025-10-02,9:39:40.596534064,T,TGT,F I,1,88.97
2025-10-02,9:39:40.596735529,T,TGT,F I,50,88.97
2025-10-02,9:39:40.623743447,T,TGT,F I,10,88.98
2025-10-02,9:39:40.623745862,T,TGT,F I,18,88.98
2025-10-02,9:39:40.623748959,T,TGT,F I,37,88.98
2025-10-02,9:39:40.623751874,T,TGT,F I,35,88.98
2025-10-02,9:39:40.623754932,T,TGT,F I,80,88.98
2025-10-02,9:39:40.658818623,T,TGT,I,80,89.0
2025-10-02,9:39:40.659284549,T,TGT,F I,4,89.01
2025-10-02,9:39:40.660490909,T,TGT,F,100,88.99
2025-10-02,9:39:40.660490909,T,TGT,F I,26,88.99
2025-10-02,9:39:40.660493760,T,TGT,F I,18,88.99
2025-10-02,9:39:40.660497247,T,TGT,F I,4,88.99
2025-10-02,9:39:40.660499445,T,TGT,F I,18,88.99
2025-10-02,9:39:40.660511695,T,TGT,I,1,88.99
2025-10-02,9:39:40.660544530,T,TGT,F I,3,88.99
2025-10-02,9:39:40.829883989,T,TGT,I,20,89.0
2025-10-02,9:39:40.829886949,T,TGT,I,81,89.0
2025-10-02,9:39:40.829890009,T,TGT,I,23,89.0
2025-10-02,9:39:40.829893050,T,TGT,I,22,89.0
2025-10-02,9:39:40.829896022,T,TGT,,150,89.0
2025-10-02,9:39:40.829896022,T,TGT,I,34,89.0
2025-10-02,9:39:40.830103468,T,TGT,,100,89.0
2025-10-02,9:39:43.500504518,T,TGT,F I,10,89.0
2025-10-02,9:39:47.764483123,T,TGT,I,1,89.02
2025-10-02,9:39:47.764498119,T,TGT,F I,21,89.02
2025-10-02,9:39:47.764534237,T,TGT,F I,1,89.02
2025-10-02,9:39:47.764633482,T,TGT,F I,60,89.03
2025-10-02,9:39:47.764660600,T,TGT,F I,40,89.03
2025-10-02,9:39:47.764664097,T,TGT,F I,1,89.03
2025-10-02,9:39:47.764925162,T,TGT,F I,1,89.04
2025-10-02,9:39:47.765030476,T,TGT,F,100,89.04
2025-10-02,9:39:49.969206910,T,TGT,I,60,89.02
2025-10-02,9:39:53.397223802,T,TGT,F I,9,89.04
2025-10-02,9:39:53.397226784,T,TGT,F I,8,89.04
2025-10-02,9:39:53.397260274,T,TGT,I,28,89.04
2025-10-02,9:39:53.397260274,T,TGT,I,26,89.04
2025-10-02,9:39:53.397262909,T,TGT,I,26,89.04
2025-10-02,9:39:53.397268878,T,TGT,I,12,89.04
2025-10-02,9:39:53.397268878,T,TGT,I,10,89.04
2025-10-02,9:39:53.397353018,T,TGT,F I,13,89.02
2025-10-02,9:39:53.397362088,T,TGT,F I,5,89.02
2025-10-02,9:39:53.397368113,T,TGT,F I,1,89.02
2025-10-02,9:39:53.397374066,T,TGT,I,1,89.02
2025-10-02,9:39:53.397380130,T,TGT,F I,1,89.02
2025-10-02,9:39:53.397392164,T,TGT,I,6,89.02
2025-10-02,9:39:54.254494115,T,TGT,I,1,89.02
2025-10-02,9:39:55.005855121,T,TGT,I,50,89.0
2025-10-02,9:39:55.179079808,T,TGT,F,100,89.0
2025-10-02,9:40:00.071805457,T,TGT,I,1,88.98
2025-10-02,9:40:01.394308215,T,TGT,F I,5,88.98
2025-10-02,9:40:01.394311224,T,TGT,F I,38,88.98
2025-10-02,9:40:01.495186612,T,TGT,F I,60,89.01
2025-10-02,9:40:04.662028319,T,TGT,F I,15,88.97
2025-10-02,9:40:04.671013778,T,TGT,F I,9,88.96
2025-10-02,9:40:07.983613256,T,TGT,F I,80,88.96
2025-10-02,9:40:07.983622297,T,TGT,F,100,88.96
2025-10-02,9:40:18.412107078,T,TGT,F I,60,89.01
2025-10-02,9:40:18.412109877,T,TGT,F I,10,89.01
2025-10-02,9:40:19.243843458,T,TGT,F,100,89.02
2025-10-02,9:40:20.084210512,T,TGT,F I,1,89.05
2025-10-02,9:40:20.084210512,T,TGT,F I,1,89.05
2025-10-02,9:40:20.084213675,T,TGT,F,100,89.05
2025-10-02,9:40:20.084213675,T,TGT,F I,1,89.05
2025-10-02,9:40:20.084430125,T,TGT,F I,3,89.06
2025-10-02,9:40:20.084676643,T,TGT,F I,20,89.05
2025-10-02,9:40:20.084676643,T,TGT,F I,72,89.05
2025-10-02,9:40:20.084695095,T,TGT,I,1,89.05
2025-10-02,9:40:20.084697704,T,TGT,I,1,89.05
2025-10-02,9:40:20.084718854,T,TGT,F I,20,89.06
2025-10-02,9:40:20.085248055,T,TGT,F I,9,89.06
2025-10-02,9:40:20.086054011,T,TGT,F,120,89.06
2025-10-02,9:40:20.087133520,T,TGT,F,100,89.08
2025-10-02,9:40:20.087136580,T,TGT,F I,5,89.08
2025-10-02,9:40:20.104337557,T,TGT,F I,5,89.09
2025-10-02,9:40:20.116417300,T,TGT,I,60,89.09
2025-10-02,9:40:27.299278883,T,TGT,I,5,89.11
2025-10-02,9:40:27.299278883,T,TGT,I,95,89.11
2025-10-02,9:40:27.300159982,T,TGT,I,5,89.11
2025-10-02,9:40:27.389409655,T,TGT,F I,1,89.12
2025-10-02,9:40:29.124817122,T,TGT,F,100,89.15
2025-10-02,9:40:29.551082736,T,TGT,I,3,89.165
2025-10-02,9:40:30.511886777,T,TGT,I,11,89.15
2025-10-02,9:40:31.019213619,T,TGT,F I,11,89.15
2025-10-02,9:40:31.019240734,T,TGT,I,1,89.15
2025-10-02,9:40:31.020070533,T,TGT,F I,18,89.16
2025-10-02,9:40:31.020070533,T,TGT,F I,20,89.16
2025-10-02,9:40:31.020148748,T,TGT,I,4,89.17
2025-10-02,9:40:31.020148748,T,TGT,I,3,89.17
2025-10-02,9:40:31.020155092,T,TGT,I,6,89.17
2025-10-02,9:40:31.020155092,T,TGT,I,6,89.17
2025-10-02,9:40:31.020157750,T,TGT,F I,5,89.17
2025-10-02,9:40:31.980173876,T,TGT,F I,1,89.18
2025-10-02,9:40:31.980225075,T,TGT,F I,8,89.2
2025-10-02,9:40:31.982405691,T,TGT,F I,16,89.18
2025-10-02,9:40:31.982405691,T,TGT,F I,18,89.18
2025-10-02,9:40:31.982408252,T,TGT,F I,21,89.18
2025-10-02,9:40:31.982411178,T,TGT,F,100,89.18
2025-10-02,9:40:31.983999051,T,TGT,F I,87,89.15
2025-10-02,9:40:31.984001982,T,TGT,F I,13,89.15
2025-10-02,9:40:32.928320730,T,TGT,F I,87,89.15
2025-10-02,9:40:48.830678418,T,TGT,F I,18,89.17
2025-10-02,9:40:48.830678418,T,TGT,F,100,89.17
2025-10-02,9:40:48.830681441,T,TGT,F I,10,89.17
2025-10-02,9:40:48.830687083,T,TGT,F I,72,89.17
2025-10-02,9:40:48.830696171,T,TGT,F I,28,89.17
2025-10-02,9:40:48.830696171,T,TGT,F,100,89.17
2025-10-02,9:40:51.779169702,T,TGT,F,100,89.24
2025-10-02,9:40:53.967883091,T,TGT,F I,10,89.26
2025-10-02,9:40:53.967883091,T,TGT,F I,38,89.26
2025-10-02,9:40:53.968358275,T,TGT,F,100,89.27
2025-10-02,9:40:54.143176784,T,TGT,F I,1,89.28
2025-10-02,9:40:54.143381494,T,TGT,F I,50,89.3
2025-10-02,9:40:54.143381494,T,TGT,F I,5,89.3
2025-10-02,9:40:54.143384242,T,TGT,F I,9,89.3
2025-10-02,9:40:54.161111495,T,TGT,F I,1,89.31
2025-10-02,9:40:54.161144567,T,TGT,I,3,89.31
2025-10-02,9:40:54.161150762,T,TGT,I,3,89.31
2025-10-02,9:40:54.161150762,T,TGT,I,3,89.31
2025-10-02,9:40:54.161153595,T,TGT,I,1,89.31
2025-10-02,9:40:58.141201858,T,TGT,I,1,89.36
2025-10-02,9:40:58.141647059,T,TGT,I,18,89.35
2025-10-02,9:40:58.141647059,T,TGT,I,2,89.35
2025-10-02,9:40:58.141689468,T,TGT,I,20,89.34
2025-10-02,9:40:58.141691937,T,TGT,I,10,89.33
2025-10-02,9:40:58.141773181,T,TGT,F I,36,89.34
2025-10-02,9:40:58.141776149,T,TGT,F I,60,89.33
2025-10-02,9:40:58.141800279,T,TGT,I,1,89.33
2025-10-02,9:40:58.142076881,T,TGT,F I,2,89.34
2025-10-02,9:41:03.318245704,T,TGT,F I,10,89.37
2025-10-02,9:41:03.318492339,T,TGT,F I,10,89.38
2025-10-02,9:41:03.344260679,T,TGT,I,12,89.39
2025-10-02,9:41:03.344260679,T,TGT,I,11,89.39
2025-10-02,9:41:03.344264420,T,TGT,I,11,89.39
2025-10-02,9:41:03.344266707,T,TGT,I,10,89.39
2025-10-02,9:41:03.344991400,T,TGT,F,100,89.39
2025-10-02,9:41:03.345036556,T,TGT,F,100,89.39
2025-10-02,9:41:03.345084963,T,TGT,F I,56,89.39
2025-10-02,9:41:03.345141808,T,TGT,F,155,89.4
2025-10-02,9:41:03.345144800,T,TGT,F I,1,89.4
2025-10-02,9:41:03.811757532,T,TGT,F I,50,89.4
2025-10-02,9:41:11.358720628,T,TGT,F I,10,89.45
2025-10-02,9:41:11.358723570,T,TGT,F I,10,89.46
2025-10-02,9:41:11.358726636,T,TGT,F I,61,89.46
2025-10-02,9:41:13.649190448,T,TGT,F I,3,89.45
2025-10-02,9:41:16.242839715,T,TGT,F I,2,89.41
2025-10-02,9:41:16.418211461,T,TGT,F,100,89.41
2025-10-02,9:41:16.418623438,T,TGT,F,100,89.42
2025-10-02,9:41:16.418767760,T,TGT,F,100,89.43
2025-10-02,9:41:17.940293715,T,TGT,F I,4,89.44
2025-10-02,9:41:23.150076898,T,TGT,F,100,89.46
2025-10-02,9:41:23.150076898,T,TGT,F,200,89.47
2025-10-02,9:41:23.150079678,T,TGT,F,101,89.47
2025-10-02,9:41:23.150082680,T,TGT,I,50,89.44
2025-10-02,9:41:23.150104416,T,TGT,F I,20,89.46
2025-10-02,9:41:24.952622467,T,TGT,F I,1,89.42
2025-10-02,9:41:24.952622467,T,TGT,F I,20,89.42
2025-10-02,9:41:24.952628086,T,TGT,F I,79,89.42
2025-10-02,9:41:24.952643179,T,TGT,F,921,89.42
2025-10-02,9:41:24.952721306,T,TGT,,100,89.42
2025-10-02,9:41:33.041187843,T,TGT,F I,51,89.47
2025-10-02,9:41:33.041187843,T,TGT,F I,2,89.47
2025-10-02,9:41:33.041190409,T,TGT,F I,10,89.47
2025-10-02,9:41:33.041578529,T,TGT,I,41,89.44
2025-10-02,9:41:33.041603640,T,TGT,I,1,89.44
2025-10-02,9:41:37.270971556,T,TGT,F I,1,89.41
2025-10-02,9:41:37.270974602,T,TGT,F I,1,89.41
2025-10-02,9:41:37.673496080,T,TGT,F,100,89.42
2025-10-02,9:41:37.673498581,T,TGT,F I,41,89.43
2025-10-02,9:41:37.673501555,T,TGT,F,100,89.43
2025-10-02,9:41:37.673553203,T,TGT,F I,8,89.43
2025-10-02,9:41:37.673556039,T,TGT,F I,3,89.43
2025-10-02,9:41:37.673562672,T,TGT,F I,89,89.43
2025-10-02,9:41:37.673562672,T,TGT,F I,11,89.43
2025-10-02,9:41:37.673564892,T,TGT,F I,1,89.43
2025-10-02,9:41:37.673582945,T,TGT,,100,89.43
2025-10-02,9:41:37.673582945,T,TGT,I,1,89.43
2025-10-02,9:41:37.673585831,T,TGT,F I,60,89.43
2025-10-02,9:41:37.673591783,T,TGT,I,27,89.43
2025-10-02,9:41:39.402753413,T,TGT,,131,89.47
2025-10-02,9:41:39.402756409,T,TGT,I,1,89.48
2025-10-02,9:41:39.402756409,T,TGT,I,29,89.48
2025-10-02,9:41:39.402801545,T,TGT,I,47,89.46
2025-10-02,9:41:39.403300762,T,TGT,F,100,89.47
2025-10-02,9:41:39.403303722,T,TGT,F I,35,89.47
2025-10-02,9:41:39.403354935,T,TGT,,100,89.46
2025-10-02,9:41:39.552687621,T,TGT,I,4,89.46
2025-10-02,9:41:41.965976115,T,TGT,F I,50,89.46
2025-10-02,9:41:43.677058667,T,TGT,F I,21,89.48
2025-10-02,9:41:43.677064735,T,TGT,F,100,89.48
2025-10-02,9:41:43.677064735,T,TGT,F I,10,89.48
2025-10-02,9:41:43.677112835,T,TGT,I,1,89.48
2025-10-02,9:41:43.677446545,T,TGT,I,4,89.48
2025-10-02,9:41:47.714988724,T,TGT,F I,4,89.49
2025-10-02,9:41:47.714991766,T,TGT,F I,96,89.49
2025-10-02,9:41:47.715006761,T,TGT,I,1,89.49
2025-10-02,9:41:47.715013358,T,TGT,F,1313,89.49
2025-10-02,9:41:47.715028114,T,TGT,F,590,89.49
2025-10-02,9:41:47.715028114,T,TGT,F I,10,89.49
2025-10-02,9:41:47.715090958,T,TGT,,100,89.47
2025-10-02,9:41:47.715094147,T,TGT,,100,89.47
2025-10-02,9:41:47.715106124,T,TGT,I,1,89.48
2025-10-02,9:41:47.715127091,T,TGT,I,63,89.48
2025-10-02,9:41:47.715130108,T,TGT,I,22,89.48
2025-10-02,9:41:47.715130108,T,TGT,I,55,89.47
2025-10-02,9:41:47.715172358,T,TGT,I,32,89.46
2025-10-02,9:41:47.715223250,T,TGT,F I,3,89.46
2025-10-02,9:41:47.715250379,T,TGT,I,10,89.46
2025-10-02,9:41:47.715292505,T,TGT,I,39,89.45
2025-10-02,9:41:47.715295568,T,TGT,F I,20,89.47
2025-10-02,9:41:47.715364633,T,TGT,F I,20,89.46
2025-10-02,9:41:47.715394740,T,TGT,I,20,89.45
2025-10-02,9:41:47.715554148,T,TGT,F I,20,89.48
2025-10-02,9:41:47.715608405,T,TGT,I,30,89.47
2025-10-02,9:41:47.715623723,T,TGT,F,100,89.48
2025-10-02,9:41:47.715659636,T,TGT,F I,20,89.48
2025-10-02,9:41:47.715662658,T,TGT,I,52,89.47
2025-10-02,9:41:47.715671688,T,TGT,I,48,89.47
2025-10-02,9:41:47.715674739,T,TGT,I,91,89.47
2025-10-02,9:41:47.715677782,T,TGT,I,16,89.46
2025-10-02,9:41:47.715764609,T,TGT,,100,89.48
2025-10-02,9:41:47.715876076,T,TGT,F I,21,89.48
2025-10-02,9:41:47.715876076,T,TGT,F I,36,89.48
2025-10-02,9:41:47.715878991,T,TGT,F I,20,89.48
2025-10-02,9:41:47.715882301,T,TGT,F I,43,89.49
2025-10-02,9:41:47.715966170,T,TGT,I,21,89.48
2025-10-02,9:41:47.715969283,T,TGT,I,15,89.48
2025-10-02,9:41:47.715969283,T,TGT,I,64,89.47
2025-10-02,9:41:47.716164959,T,TGT,I,11,89.48
2025-10-02,9:41:47.716164959,T,TGT,I,36,89.47
2025-10-02,9:41:47.716167794,T,TGT,I,43,89.47
2025-10-02,9:41:47.716167794,T,TGT,I,9,89.47
2025-10-02,9:41:47.716179594,T,TGT,F I,57,89.49
2025-10-02,9:41:47.716217198,T,TGT,I,11,89.47
2025-10-02,9:41:47.716217198,T,TGT,I,5,89.47
2025-10-02,9:41:47.716239685,T,TGT,I,1,89.47
2025-10-02,9:41:47.716345270,T,TGT,I,43,89.48
2025-10-02,9:41:47.716396119,T,TGT,F I,20,89.49
2025-10-02,9:41:47.716465274,T,TGT,I,8,89.49
2025-10-02,9:41:47.716606593,T,TGT,I,8,89.48
2025-10-02,9:41:47.716720969,T,TGT,F I,9,89.48
2025-10-02,9:41:47.716762975,T,TGT,I,20,89.47
2025-10-02,9:41:47.716784049,T,TGT,I,1,89.47
2025-10-02,9:41:47.716811089,T,TGT,I,79,89.47
2025-10-02,9:41:47.716814289,T,TGT,I,1,89.47
2025-10-02,9:41:47.717091315,T,TGT,I,3,89.48
2025-10-02,9:41:47.717093809,T,TGT,I,5,89.48
2025-10-02,9:41:47.767439689,T,TGT,F I,1,89.465
2025-10-02,9:41:56.813366141,T,TGT,,150,89.44
2025-10-02,9:41:58.052474005,T,TGT,F,100,89.44
2025-10-02,9:41:59.573182030,T,TGT,I,4,89.44
2025-10-02,9:42:01.534021950,T,TGT,F,116,89.48
2025-10-02,9:42:01.534021950,T,TGT,F I,40,89.48
2025-10-02,9:42:01.534027804,T,TGT,F I,1,89.48
2025-10-02,9:42:01.534027804,T,TGT,F I,1,89.48
2025-10-02,9:42:01.534099917,T,TGT,F I,1,89.48
2025-10-02,9:42:01.534109089,T,TGT,F I,1,89.48
2025-10-02,9:42:01.534111948,T,TGT,F I,40,89.48
2025-10-02,9:42:01.534172061,T,TGT,F I,1,89.48
2025-10-02,9:42:01.534196143,T,TGT,F,100,89.49
2025-10-02,9:42:01.534313501,T,TGT,,100,89.47
2025-10-02,9:42:01.534385681,T,TGT,I,1,89.47
2025-10-02,9:42:01.534391604,T,TGT,,254,89.465
2025-10-02,9:42:01.534394826,T,TGT,,100,89.465
2025-10-02,9:42:01.534397707,T,TGT,I,34,89.46
2025-10-02,9:42:01.534422237,T,TGT,,100,89.47
2025-10-02,9:42:01.534422237,T,TGT,I,31,89.48
2025-10-02,9:42:01.534621024,T,TGT,,100,89.46
2025-10-02,9:42:01.534621024,T,TGT,I,31,89.46
2025-10-02,9:42:01.534623169,T,TGT,I,22,89.46
2025-10-02,9:42:01.534680309,T,TGT,I,69,89.48
2025-10-02,9:42:01.534683373,T,TGT,F I,1,89.48
2025-10-02,9:42:01.534734420,T,TGT,I,22,89.47
2025-10-02,9:42:01.534834320,T,TGT,F,100,89.47
2025-10-02,9:42:01.534834320,T,TGT,F I,30,89.47
2025-10-02,9:42:01.534890876,T,TGT,,100,89.47
2025-10-02,9:42:01.534893789,T,TGT,,1134,89.47
2025-10-02,9:42:01.535008164,T,TGT,F I,22,89.47
2025-10-02,9:42:01.535212791,T,TGT,I,6,89.47
2025-10-02,9:42:01.535212791,T,TGT,I,6,89.47
2025-10-02,9:42:01.535215568,T,TGT,I,6,89.47
2025-10-02,9:42:01.535218649,T,TGT,I,4,89.47
2025-10-02,9:42:01.535236610,T,TGT,I,1,89.47
2025-10-02,9:42:01.535251700,T,TGT,I,10,89.47
2025-10-02,9:42:01.535344947,T,TGT,F I,22,89.47
2025-10-02,9:42:01.535474579,T,TGT,F I,78,89.47
2025-10-02,9:42:01.535573431,T,TGT,I,3,89.47
2025-10-02,9:42:01.535982476,T,TGT,F,100,89.48
2025-10-02,9:42:01.535982476,T,TGT,F,100,89.48
2025-10-02,9:42:01.536030488,T,TGT,F I,49,89.5
2025-10-02,9:42:01.536033845,T,TGT,F I,5,89.5
2025-10-02,9:42:01.536037577,T,TGT,F I,5,89.5
2025-10-02,9:42:01.536037577,T,TGT,F I,40,89.5
2025-10-02,9:42:01.536040726,T,TGT,F I,35,89.5
2025-10-02,9:42:01.536040726,T,TGT,F I,19,89.5
2025-10-02,9:42:01.536042707,T,TGT,F I,1,89.5
2025-10-02,9:42:01.536042707,T,TGT,F I,99,89.5
2025-10-02,9:42:01.536045661,T,TGT,F I,2,89.5
2025-10-02,9:42:01.536048948,T,TGT,F I,75,89.5
2025-10-02,9:42:01.536048948,T,TGT,F I,1,89.5
2025-10-02,9:42:01.536051623,T,TGT,F I,4,89.5
2025-10-02,9:42:01.536105914,T,TGT,F I,9,89.5
2025-10-02,9:42:01.536105914,T,TGT,F I,4,89.5
2025-10-02,9:42:01.536472671,T,TGT,F I,1,89.51
2025-10-02,9:42:01.536472671,T,TGT,F I,1,89.51
2025-10-02,9:42:01.536472671,T,TGT,F I,4,89.51
2025-10-02,9:42:02.029418909,T,TGT,F I,42,89.56
2025-10-02,9:42:02.029423231,T,TGT,F I,5,89.56
2025-10-02,9:42:02.029423231,T,TGT,F I,10,89.56
2025-10-02,9:42:02.030357168,T,TGT,F I,1,89.58
2025-10-02,9:42:02.030952578,T,TGT,F,100,89.57
2025-10-02,9:42:02.844450625,T,TGT,F I,10,89.62
2025-10-02,9:42:02.844454404,T,TGT,F I,5,89.62
2025-10-02,9:42:02.844456639,T,TGT,F I,39,89.62
2025-10-02,9:42:03.008458320,T,TGT,F I,1,89.65
2025-10-02,9:42:03.009063510,T,TGT,I,12,89.63
2025-10-02,9:42:03.135345604,T,TGT,,100,89.63
2025-10-02,9:42:03.135348789,T,TGT,,200,89.63
2025-10-02,9:42:03.135348789,T,TGT,I,42,89.63
2025-10-02,9:42:03.135348789,T,TGT,I,50,89.63
2025-10-02,9:42:03.334690613,T,TGT,I,1,89.61
2025-10-02,9:42:03.334709083,T,TGT,F I,99,89.61
2025-10-02,9:42:11.159022411,T,TGT,F I,50,89.62
2025-10-02,9:42:15.532789628,T,TGT,,100,89.58
2025-10-02,9:42:17.913300007,T,TGT,I,3,89.54
2025-10-02,9:42:17.913300007,T,TGT,I,3,89.54
2025-10-02,9:42:17.913303093,T,TGT,I,3,89.54
2025-10-02,9:42:17.913306106,T,TGT,I,1,89.54
2025-10-02,9:42:19.329103155,T,TGT,F,259,89.54
2025-10-02,9:42:19.329127210,T,TGT,F I,1,89.53
2025-10-02,9:42:19.329133158,T,TGT,F I,2,89.53
2025-10-02,9:42:19.329166234,T,TGT,F,100,89.5
2025-10-02,9:42:19.329166234,T,TGT,F I,30,89.5
2025-10-02,9:42:19.329445919,T,TGT,F,100,89.54
2025-10-02,9:42:19.329463988,T,TGT,F I,20,89.54
2025-10-02,9:42:19.329482475,T,TGT,F I,1,89.54
2025-10-02,9:42:19.329485011,T,TGT,I,2,89.54
2025-10-02,9:42:19.329521580,T,TGT,I,61,89.54
2025-10-02,9:42:19.329527173,T,TGT,I,36,89.54
2025-10-02,9:42:19.329542146,T,TGT,F I,20,89.54
2025-10-02,9:42:19.329572297,T,TGT,F,100,89.55
2025-10-02,9:42:19.329572297,T,TGT,F I,10,89.55
2025-10-02,9:42:19.329764740,T,TGT,I,10,89.54
2025-10-02,9:42:19.329876239,T,TGT,F,100,89.51
2025-10-02,9:42:19.329876239,T,TGT,F I,20,89.51
2025-10-02,9:42:19.329876239,T,TGT,F I,11,89.5
2025-10-02,9:42:19.329933056,T,TGT,F I,19,89.53
2025-10-02,9:42:19.330032377,T,TGT,I,17,89.52
2025-10-02,9:42:19.330036064,T,TGT,I,38,89.52
2025-10-02,9:42:19.330104497,T,TGT,F I,19,89.53
2025-10-02,9:42:19.330209748,T,TGT,F I,11,89.52
2025-10-02,9:42:19.330285196,T,TGT,I,4,89.52
2025-10-02,9:42:19.330312641,T,TGT,F I,81,89.53
2025-10-02,9:42:19.330315533,T,TGT,F I,37,89.53
2025-10-02,9:42:19.330326984,T,TGT,F I,19,89.53
2025-10-02,9:42:19.330435258,T,TGT,F I,44,89.53
2025-10-02,9:42:19.331268245,T,TGT,I,27,89.54
2025-10-02,9:42:24.956536191,T,TGT,F I,5,89.56
2025-10-02,9:42:27.685324658,T,TGT,F I,11,89.59
2025-10-02,9:42:27.685327754,T,TGT,F I,50,89.59
2025-10-02,9:42:27.685333463,T,TGT,F,100,89.6
2025-10-02,9:42:27.685333463,T,TGT,F I,10,89.6
2025-10-02,9:42:27.685337041,T,TGT,F I,1,89.6
2025-10-02,9:42:27.685360457,T,TGT,,100,89.6
2025-10-02,9:42:27.685892906,T,TGT,,193,89.59
2025-10-02,9:42:27.685892906,T,TGT,I,27,89.59
2025-10-02,9:42:27.685895696,T,TGT,,300,89.59
2025-10-02,9:42:27.907337340,T,TGT,F I,60,89.6
2025-10-02,9:42:29.539502794,T,TGT,F I,28,89.63
2025-10-02,9:42:29.539866765,T,TGT,F I,22,89.63
2025-10-02,9:42:29.953715679,T,TGT,F,100,89.6
2025-10-02,9:42:29.953766755,T,TGT,F I,50,89.6
2025-10-02,9:42:29.953947190,T,TGT,F,100,89.58
2025-10-02,9:42:30.015308400,T,TGT,,100,89.6
2025-10-02,9:42:34.632114732,T,TGT,,100,89.56
2025-10-02,9:42:45.950976129,T,TGT,,100,89.56
2025-10-02,9:42:45.951309786,T,TGT,F I,1,89.52
2025-10-02,9:42:45.951333800,T,TGT,I,1,89.52
2025-10-02,9:42:45.951373111,T,TGT,I,8,89.52
2025-10-02,9:42:45.951373111,T,TGT,I,5,89.52
2025-10-02,9:42:45.951387979,T,TGT,I,95,89.52
2025-10-02,9:42:45.951390958,T,TGT,,200,89.52
2025-10-02,9:42:46.106271917,T,TGT,I,62,89.51
2025-10-02,9:42:46.106335147,T,TGT,F I,10,89.51
2025-10-02,9:42:50.141552756,T,TGT,I,5,89.505
2025-10-02,9:42:54.694486687,T,TGT,F I,48,89.5
2025-10-02,9:43:07.496725103,T,TGT,F,100,89.45
2025-10-02,9:43:07.496725103,T,TGT,F,100,89.45
2025-10-02,9:43:07.496737388,T,TGT,F,100,89.45
2025-10-02,9:43:07.496749208,T,TGT,F,100,89.44
2025-10-02,9:43:07.496767227,T,TGT,F,100,89.44
2025-10-02,9:43:07.496902583,T,TGT,F,100,89.44
2025-10-02,9:43:07.498439235,T,TGT,F,100,89.48
2025-10-02,9:43:07.498445865,T,TGT,F I,20,89.48
2025-10-02,9:43:07.498448550,T,TGT,F I,30,89.48
2025-10-02,9:43:07.498460275,T,TGT,I,1,89.48
2025-10-02,9:43:07.498481639,T,TGT,I,52,89.45
2025-10-02,9:43:07.498514797,T,TGT,F I,21,89.47
2025-10-02,9:43:07.498514797,T,TGT,F I,69,89.48
2025-10-02,9:43:07.498517351,T,TGT,F I,52,89.48
2025-10-02,9:43:07.498538516,T,TGT,,100,89.45
2025-10-02,9:43:07.498550588,T,TGT,F I,21,89.47
2025-10-02,9:43:07.498554178,T,TGT,F I,31,89.47
2025-10-02,9:43:07.498565483,T,TGT,F I,23,89.47
2025-10-02,9:43:07.498592607,T,TGT,,777,89.47
2025-10-02,9:43:07.498595587,T,TGT,I,21,89.47
2025-10-02,9:43:07.498625649,T,TGT,F I,21,89.46
2025-10-02,9:43:07.498751888,T,TGT,I,23,89.47
2025-10-02,9:43:07.498751888,T,TGT,I,21,89.47
2025-10-02,9:43:07.498767000,T,TGT,I,70,89.48
2025-10-02,9:43:07.498851241,T,TGT,,100,89.46
2025-10-02,9:43:07.498869168,T,TGT,F I,20,89.46
2025-10-02,9:43:07.498932420,T,TGT,F I,13,89.46
2025-10-02,9:43:07.499058645,T,TGT,F I,13,89.46
2025-10-02,9:43:07.499064650,T,TGT,F I,13,89.46
2025-10-02,9:43:07.499112762,T,TGT,F I,24,89.46
2025-10-02,9:43:07.499115821,T,TGT,F I,13,89.46
2025-10-02,9:43:07.500159810,T,TGT,F I,13,89.46
2025-10-02,9:43:07.500162485,T,TGT,F I,1,89.46
2025-10-02,9:43:07.500162485,T,TGT,F I,35,89.46
2025-10-02,9:43:07.500165776,T,TGT,F I,2,89.46
2025-10-02,9:43:07.500168477,T,TGT,F I,10,89.46
2025-10-02,9:43:07.500168477,T,TGT,F I,27,89.46
2025-10-02,9:43:07.500171305,T,TGT,F I,12,89.45
2025-10-02,9:43:07.500448456,T,TGT,F I,52,89.47
2025-10-02,9:43:09.674146721,T,TGT,I,10,89.485
2025-10-02,9:43:18.089654528,T,TGT,F I,20,89.48
2025-10-02,9:43:18.387976863,T,TGT,F,100,89.46
2025-10-02,9:43:19.433219017,T,TGT,F I,3,89.45
2025-10-02,9:43:19.433222593,T,TGT,F I,28,89.45
2025-10-02,9:43:19.433225164,T,TGT,F I,52,89.45
2025-10-02,9:43:19.433225164,T,TGT,F,100,89.45
2025-10-02,9:43:19.433228111,T,TGT,F I,1,89.45
2025-10-02,9:43:19.433286747,T,TGT,F,100,89.44
2025-10-02,9:43:19.433291230,T,TGT,F,200,89.44
2025-10-02,9:43:19.433970843,T,TGT,F,100,89.46
2025-10-02,9:43:19.434000880,T,TGT,F,100,89.47
2025-10-02,9:43:19.434000880,T,TGT,F I,20,89.47
2025-10-02,9:43:19.434043991,T,TGT,,100,89.46
2025-10-02,9:43:19.434049439,T,TGT,,100,89.45
2025-10-02,9:43:19.434049439,T,TGT,I,21,89.45
2025-10-02,9:43:19.434049439,T,TGT,I,34,89.45
2025-10-02,9:43:19.434049439,T,TGT,I,45,89.45
2025-10-02,9:43:19.434106451,T,TGT,I,51,89.47
2025-10-02,9:43:19.434238438,T,TGT,,749,89.47
2025-10-02,9:43:19.434238438,T,TGT,,433,89.47
2025-10-02,9:43:19.434289638,T,TGT,F I,57,89.48
2025-10-02,9:43:19.434344088,T,TGT,F I,12,89.49
2025-10-02,9:43:19.434344088,T,TGT,F I,24,89.49
2025-10-02,9:43:19.434346705,T,TGT,F I,98,89.49
2025-10-02,9:43:19.434349779,T,TGT,F I,20,89.49
2025-10-02,9:43:19.434521203,T,TGT,F I,56,89.5
2025-10-02,9:43:19.434722616,T,TGT,I,1,89.5
2025-10-02,9:43:19.434960179,T,TGT,F I,20,89.51
2025-10-02,9:43:19.435086548,T,TGT,F I,1,89.52
2025-10-02,9:43:19.435287945,T,TGT,F I,6,89.51
2025-10-02,9:43:19.437035108,T,TGT,F,300,89.51
2025-10-02,9:43:19.437041579,T,TGT,F I,93,89.51
2025-10-02,9:43:19.437044296,T,TGT,F I,57,89.51
2025-10-02,9:43:19.437047350,T,TGT,F,150,89.51
2025-10-02,9:43:19.437050239,T,TGT,F,150,89.51
2025-10-02,9:43:19.437050239,T,TGT,F,512,89.51
2025-10-02,9:43:19.437053234,T,TGT,F I,8,89.51
2025-10-02,9:43:19.438413080,T,TGT,F I,10,89.51
2025-10-02,9:43:19.438413080,T,TGT,F I,20,89.51
2025-10-02,9:43:19.438433464,T,TGT,F I,41,89.52
2025-10-02,9:43:19.438502609,T,TGT,F I,20,89.53
2025-10-02,9:43:19.438502609,T,TGT,F I,11,89.53
2025-10-02,9:43:19.439236371,T,TGT,I,10,89.53
2025-10-02,9:43:19.439275849,T,TGT,F I,20,89.52
2025-10-02,9:43:19.439275849,T,TGT,F I,20,89.51
2025-10-02,9:43:19.439333221,T,TGT,F I,24,89.52
2025-10-02,9:43:19.439362642,T,TGT,F I,20,89.52
2025-10-02,9:43:19.439552679,T,TGT,F,100,89.52
2025-10-02,9:43:19.439555465,T,TGT,F I,32,89.52
2025-10-02,9:43:19.439558558,T,TGT,F I,20,89.51
2025-10-02,9:43:19.439558558,T,TGT,F,100,89.51
2025-10-02,9:43:19.439561302,T,TGT,F I,29,89.5
2025-10-02,9:43:19.439561302,T,TGT,F I,29,89.5
2025-10-02,9:43:19.439870875,T,TGT,F I,10,89.52
2025-10-02,9:43:19.439870875,T,TGT,F I,27,89.52
2025-10-02,9:43:19.439888870,T,TGT,F I,10,89.52
2025-10-02,9:43:19.585270309,T,TGT,I,3,89.51
2025-10-02,9:43:19.585291303,T,TGT,I,1,89.51
2025-10-02,9:43:19.946479668,T,TGT,F I,80,89.52
2025-10-02,9:43:19.946481913,T,TGT,F I,80,89.52
2025-10-02,9:43:19.946484862,T,TGT,F I,20,89.52
2025-10-02,9:43:19.952213511,T,TGT,I,6,89.52
2025-10-02,9:43:19.952213511,T,TGT,I,6,89.52
2025-10-02,9:43:19.952216526,T,TGT,I,20,89.52
2025-10-02,9:43:22.854202296,T,TGT,F I,2,89.53
2025-10-02,9:43:22.854205294,T,TGT,F I,1,89.53
2025-10-02,9:43:22.854238335,T,TGT,I,22,89.53
2025-10-02,9:43:22.854242028,T,TGT,I,20,89.53
2025-10-02,9:43:22.854242028,T,TGT,I,20,89.53
2025-10-02,9:43:22.854244427,T,TGT,I,17,89.53
2025-10-02,9:43:22.854617868,T,TGT,F I,18,89.53
2025-10-02,9:43:22.854617868,T,TGT,F I,50,89.53
2025-10-02,9:43:22.854620341,T,TGT,F I,10,89.53
2025-10-02,9:43:25.221890108,T,TGT,I,10,89.505
2025-10-02,9:43:25.222491629,T,TGT,F I,90,89.53
2025-10-02,9:43:29.847047310,T,TGT,I,3,89.505
2025-10-02,9:43:29.847645701,T,TGT,F I,20,89.52
2025-10-02,9:43:29.847645701,T,TGT,F I,77,89.53
2025-10-02,9:43:32.906133326,T,TGT,F,100,89.5
2025-10-02,9:43:34.597040810,T,TGT,F,100,89.505
2025-10-02,9:43:34.597044492,T,TGT,F,255,89.505
2025-10-02,9:43:34.597044492,T,TGT,F,100,89.52
2025-10-02,9:43:34.597046931,T,TGT,F,100,89.53
2025-10-02,9:43:34.597050330,T,TGT,F I,4,89.54
2025-10-02,9:43:34.597055813,T,TGT,F I,50,89.54
2025-10-02,9:43:34.597059159,T,TGT,F I,51,89.54
2025-10-02,9:43:34.597059159,T,TGT,I,1,89.54
2025-10-02,9:43:34.597073893,T,TGT,F I,59,89.51
2025-10-02,9:43:34.597073893,T,TGT,F I,20,89.5
2025-10-02,9:43:35.113764963,T,TGT,F I,59,89.52
2025-10-02,9:43:39.588662976,T,TGT,I,3,89.5
2025-10-02,9:43:40.995483794,T,TGT,F I,31,89.48
2025-10-02,9:43:40.995486612,T,TGT,F I,31,89.48
2025-10-02,9:43:40.995531719,T,TGT,F,100,89.47
2025-10-02,9:43:40.995549839,T,TGT,F I,9,89.47
2025-10-02,9:43:40.995549839,T,TGT,F I,91,89.47
2025-10-02,9:43:40.995555822,T,TGT,I,1,89.47
2025-10-02,9:43:40.995564797,T,TGT,I,11,89.47
2025-10-02,9:43:40.995567814,T,TGT,I,10,89.47
2025-10-02,9:43:40.995571077,T,TGT,I,10,89.47
2025-10-02,9:43:40.995573854,T,TGT,I,77,89.47
2025-10-02,9:43:41.712869789,T,TGT,F I,59,89.5
2025-10-02,9:43:41.713008046,T,TGT,I,31,89.5
2025-10-02,9:43:42.038626890,T,TGT,F I,20,89.53
2025-10-02,9:43:45.656381912,T,TGT,F,100,89.55
2025-10-02,9:43:45.656381912,T,TGT,F I,10,89.55
2025-10-02,9:43:45.656386964,T,TGT,F I,15,89.55
2025-10-02,9:43:45.656699658,T,TGT,F I,1,89.56
2025-10-02,9:43:45.658140067,T,TGT,I,24,89.55
2025-10-02,9:43:45.658708574,T,TGT,F I,1,89.56
2025-10-02,9:43:45.658708574,T,TGT,F I,12,89.56
2025-10-02,9:43:45.658711508,T,TGT,F I,2,89.56
2025-10-02,9:43:45.658711508,T,TGT,F I,30,89.56
2025-10-02,9:43:46.065237950,T,TGT,,100,89.56
2025-10-02,9:43:46.085386021,T,TGT,,100,89.56
2025-10-02,9:43:52.316308663,T,TGT,I,29,89.54
2025-10-02,9:43:52.316347807,T,TGT,I,28,89.53
2025-10-02,9:43:52.316347807,T,TGT,I,26,89.53
2025-10-02,9:43:52.316350776,T,TGT,I,25,89.53
2025-10-02,9:43:52.316353969,T,TGT,I,21,89.53
2025-10-02,9:43:52.316359803,T,TGT,F I,4,89.53
2025-10-02,9:43:52.316369102,T,TGT,F I,4,89.53
2025-10-02,9:43:52.317647866,T,TGT,F,100,89.55
2025-10-02,9:43:52.418354033,T,TGT,,100,89.55
2025-10-02,9:43:52.418356788,T,TGT,,400,89.55
2025-10-02,9:43:52.418552277,T,TGT,F,100,89.55
2025-10-02,9:43:52.418600467,T,TGT,F,100,89.56
2025-10-02,9:43:52.418654587,T,TGT,I,27,89.55
2025-10-02,9:44:00.394890296,T,TGT,I,1,89.55
2025-10-02,9:44:00.394911849,T,TGT,F I,26,89.55
2025-10-02,9:44:00.394914681,T,TGT,F I,6,89.55
2025-10-02,9:44:00.394917387,T,TGT,F I,30,89.55
2025-10-02,9:44:00.394917387,T,TGT,F I,1,89.55
2025-10-02,9:44:00.394920396,T,TGT,I,1,89.55
2025-10-02,9:44:00.556239681,T,TGT,I,1,89.55
2025-10-02,9:44:00.556251774,T,TGT,I,1,89.55
2025-10-02,9:44:00.556258478,T,TGT,I,31,89.55
2025-10-02,9:44:06.508043512,T,TGT,F,100,89.59
2025-10-02,9:44:06.508043512,T,TGT,F I,25,89.59
2025-10-02,9:44:06.508046423,T,TGT,F I,1,89.59
2025-10-02,9:44:06.508587689,T,TGT,F I,5,89.6
2025-10-02,9:44:06.508587689,T,TGT,F I,95,89.6
2025-10-02,9:44:06.508590795,T,TGT,F I,15,89.6
2025-10-02,9:44:06.508593735,T,TGT,F,100,89.6
2025-10-02,9:44:06.528738754,T,TGT,F I,20,89.64
2025-10-02,9:44:06.528738754,T,TGT,F I,85,89.64
2025-10-02,9:44:06.528756752,T,TGT,I,1,89.64
2025-10-02,9:44:07.000337228,T,TGT,F I,17,89.63
2025-10-02,9:44:11.903031866,T,TGT,F I,29,89.6
2025-10-02,9:44:11.903034737,T,TGT,F I,1,89.6
2025-10-02,9:44:11.903034737,T,TGT,F I,10,89.6
2025-10-02,9:44:11.903615000,T,TGT,F I,14,89.6
2025-10-02,9:44:11.903621509,T,TGT,F,136,89.6
2025-10-02,9:44:11.903623984,T,TGT,F I,64,89.6
2025-10-02,9:44:14.195916183,T,TGT,F I,15,89.63
2025-10-02,9:44:14.206104604,T,TGT,F,100,89.66
2025-10-02,9:44:14.206104604,T,TGT,F I,21,89.66
2025-10-02,9:44:14.206122519,T,TGT,I,1,89.66
2025-10-02,9:44:14.206137778,T,TGT,I,20,89.66
2025-10-02,9:44:14.206137778,T,TGT,I,18,89.66
2025-10-02,9:44:14.206140643,T,TGT,I,18,89.66
2025-10-02,9:44:14.206140643,T,TGT,I,16,89.66
2025-10-02,9:44:19.411716579,T,TGT,F I,60,89.65
2025-10-02,9:44:19.411716579,T,TGT,F I,1,89.65
2025-10-02,9:44:19.411822433,T,TGT,F I,6,89.66
2025-10-02,9:44:19.411827752,T,TGT,F,100,89.66
2025-10-02,9:44:19.411827752,T,TGT,F I,27,89.66
2025-10-02,9:44:21.838777797,T,TGT,F I,10,89.67
2025-10-02,9:44:21.838807968,T,TGT,I,17,89.67
2025-10-02,9:44:21.838814323,T,TGT,I,13,89.67
2025-10-02,9:44:21.838814323,T,TGT,I,2,89.67
2025-10-02,9:44:21.838819993,T,TGT,I,15,89.67
2025-10-02,9:44:21.838819993,T,TGT,I,13,89.67
2025-10-02,9:44:21.838829019,T,TGT,I,26,89.66
2025-10-02,9:44:21.838831994,T,TGT,F I,20,89.67
2025-10-02,9:44:21.838862204,T,TGT,F,100,89.66
2025-10-02,9:44:21.838862204,T,TGT,F I,26,89.67
2025-10-02,9:44:21.838865010,T,TGT,F I,21,89.67
2025-10-02,9:44:21.838874140,T,TGT,F I,26,89.66
2025-10-02,9:44:21.859900196,T,TGT,F I,60,89.69
2025-10-02,9:44:21.859948258,T,TGT,F I,50,89.69
2025-10-02,9:44:21.860098946,T,TGT,F I,5,89.7
2025-10-02,9:44:21.860098946,T,TGT,F I,50,89.7
2025-10-02,9:44:21.860104623,T,TGT,F I,28,89.7
2025-10-02,9:44:21.860104623,T,TGT,F I,70,89.7
2025-10-02,9:44:21.866540001,T,TGT,I,1,89.71
2025-10-02,9:44:21.885870105,T,TGT,I,6,89.73
2025-10-02,9:44:21.941207836,T,TGT,I,28,89.74
2025-10-02,9:44:21.941207836,T,TGT,I,21,89.74
2025-10-02,9:44:21.941210910,T,TGT,I,26,89.74
2025-10-02,9:44:23.819212107,T,TGT,F,100,89.73
2025-10-02,9:44:24.377209512,T,TGT,I,30,89.73
2025-10-02,9:44:24.377209512,T,TGT,,167,89.72
2025-10-02,9:44:24.377290696,T,TGT,F I,30,89.73
2025-10-02,9:44:24.377868022,T,TGT,I,27,89.67
2025-10-02,9:44:24.377871030,T,TGT,I,20,89.66
2025-10-02,9:44:24.377874119,T,TGT,I,3,89.66
2025-10-02,9:44:27.307264095,T,TGT,,100,89.705
2025-10-02,9:44:34.170289891,T,TGT,I,14,89.69
2025-10-02,9:44:34.170352975,T,TGT,I,10,89.68
2025-10-02,9:44:34.435275216,T,TGT,F I,80,89.71
2025-10-02,9:44:35.137559312,T,TGT,,100,89.71
2025-10-02,9:44:35.137580342,T,TGT,F,100,89.71
2025-10-02,9:44:35.593476157,T,TGT,,150,89.685
2025-10-02,9:44:35.593476157,T,TGT,,100,89.66
2025-10-02,9:44:35.593476157,T,TGT,,100,89.66
2025-10-02,9:44:35.593493565,T,TGT,F,1033,89.66
2025-10-02,9:44:42.660468089,T,TGT,,100,89.65
2025-10-02,9:44:49.196031619,T,TGT,F,200,89.73
2025-10-02,9:44:49.196350375,T,TGT,F,100,89.74
2025-10-02,9:44:49.196554901,T,TGT,,1000,89.75
2025-10-02,9:44:49.227372269,T,TGT,I,1,89.77
2025-10-02,9:44:49.227372269,T,TGT,I,50,89.77
2025-10-02,9:44:49.258598755,T,TGT,I,1,89.78
2025-10-02,9:44:49.258800237,T,TGT,F I,1,89.79
2025-10-02,9:44:49.258827314,T,TGT,I,40,89.79
2025-10-02,9:44:49.258866375,T,TGT,I,60,89.79
2025-10-02,9:44:51.958091090,T,TGT,F I,6,89.8
2025-10-02,9:44:51.958091090,T,TGT,F I,16,89.8
2025-10-02,9:44:58.941529539,T,TGT,F I,41,89.79
2025-10-02,9:44:58.941529539,T,TGT,F I,34,89.8
2025-10-02,9:44:59.651301528,T,TGT,I,6,89.785
2025-10-02,9:45:00.017607237,T,TGT,I,94,89.785
2025-10-02,9:45:02.091840927,T,TGT,F I,6,89.81
2025-10-02,9:45:02.143125172,T,TGT,F I,3,89.795
2025-10-02,9:45:02.602189786,T,TGT,F I,82,89.83
2025-10-02,9:45:02.602268040,T,TGT,F I,92,89.84
2025-10-02,9:45:02.602271058,T,TGT,F I,5,89.84
2025-10-02,9:45:02.602674552,T,TGT,F I,1,89.85
2025-10-02,9:45:02.602676921,T,TGT,F I,3,89.85
2025-10-02,9:45:02.665343327,T,TGT,F I,1,89.88
2025-10-02,9:45:02.666519055,T,TGT,F I,4,89.89
2025-10-02,9:45:02.674238455,T,TGT,F I,1,89.9
2025-10-02,9:45:02.674241531,T,TGT,F I,50,89.9
2025-10-02,9:45:02.674244503,T,TGT,F I,5,89.9
2025-10-02,9:45:02.674247548,T,TGT,I,56,89.9
2025-10-02,9:45:02.674987781,T,TGT,F I,1,89.91
2025-10-02,9:45:02.674993243,T,TGT,F I,1,89.91
2025-10-02,9:45:02.677970557,T,TGT,I,17,89.91
2025-10-02,9:45:03.166033182,T,TGT,I,1,89.95
2025-10-02,9:45:03.277024585,T,TGT,I,1,89.96
2025-10-02,9:45:03.470975718,T,TGT,F I,5,89.98
2025-10-02,9:45:03.470975718,T,TGT,F I,3,89.98
2025-10-02,9:45:03.470977765,T,TGT,F I,10,89.98
2025-10-02,9:45:03.499485603,T,TGT,F,200,89.99
2025-10-02,9:45:03.499485603,T,TGT,F I,50,89.99
2025-10-02,9:45:03.545258213,T,TGT,F I,3,89.98
2025-10-02,9:45:03.545263646,T,TGT,F,100,89.97
2025-10-02,9:45:03.545266581,T,TGT,F I,25,89.97
2025-10-02,9:45:04.366769765,T,TGT,F,100,89.92
2025-10-02,9:45:04.366820975,T,TGT,F,100,89.92
2025-10-02,9:45:05.734100385,T,TGT,I,41,89.95
2025-10-02,9:45:06.344178834,T,TGT,,100,89.93
2025-10-02,9:45:08.967761389,T,TGT,F,200,89.87
2025-10-02,9:45:08.968293644,T,TGT,,100,89.87
2025-10-02,9:45:08.971162476,T,TGT,F,100,89.87
2025-10-02,9:45:08.971165945,T,TGT,F,100,89.87
2025-10-02,9:45:08.971292101,T,TGT,I,27,89.88
2025-10-02,9:45:08.971292101,T,TGT,I,31,89.88
2025-10-02,9:45:08.971345884,T,TGT,F I,11,89.88
2025-10-02,9:45:08.971345884,T,TGT,F I,27,89.88
2025-10-02,9:45:08.971351921,T,TGT,F I,4,89.88
2025-10-02,9:45:08.971351921,T,TGT,F I,23,89.87
2025-10-02,9:45:08.971354915,T,TGT,F I,3,89.87
2025-10-02,9:45:08.971354915,T,TGT,F I,1,89.87
2025-10-02,9:45:08.971472160,T,TGT,F,200,89.87
2025-10-02,9:45:09.009374542,T,TGT,F,100,89.865
2025-10-02,9:45:09.009413529,T,TGT,F I,50,89.865
2025-10-02,9:45:09.604856188,T,TGT,I,6,89.885
2025-10-02,9:45:10.053483017,T,TGT,,100,89.885
2025-10-02,9:45:12.258871167,T,TGT,F I,20,89.86
2025-10-02,9:45:12.259013068,T,TGT,F,100,89.84
2025-10-02,9:45:12.259016090,T,TGT,F I,10,89.83
2025-10-02,9:45:12.259018612,T,TGT,F,211,89.83
2025-10-02,9:45:12.259018612,T,TGT,F I,4,89.83
2025-10-02,9:45:12.259022169,T,TGT,F I,2,89.83
2025-10-02,9:45:12.259042621,T,TGT,F I,83,89.83
2025-10-02,9:45:12.259045665,T,TGT,F I,11,89.83
2025-10-02,9:45:12.261704605,T,TGT,F I,15,89.84
2025-10-02,9:45:12.261706909,T,TGT,F I,11,89.84
2025-10-02,9:45:12.261710161,T,TGT,F,100,89.84
2025-10-02,9:45:12.261710161,T,TGT,F,100,89.84
2025-10-02,9:45:12.261712964,T,TGT,F I,20,89.84
2025-10-02,9:45:12.272322199,T,TGT,F I,39,89.84
2025-10-02,9:45:12.272371106,T,TGT,F I,3,89.82
2025-10-02,9:45:12.272371106,T,TGT,F I,4,89.82
2025-10-02,9:45:12.272373540,T,TGT,F I,14,89.82
2025-10-02,9:45:12.272376416,T,TGT,F I,20,89.82
2025-10-02,9:45:12.273149943,T,TGT,F I,12,89.81
2025-10-02,9:45:12.273158234,T,TGT,F I,6,89.81
2025-10-02,9:45:12.273164202,T,TGT,F I,82,89.81
2025-10-02,9:45:12.278493179,T,TGT,F,100,89.81
2025-10-02,9:45:12.278499233,T,TGT,F,100,89.81
2025-10-02,9:45:12.278499233,T,TGT,F,200,89.81
2025-10-02,9:45:12.278790637,T,TGT,F I,2,89.81
2025-10-02,9:45:12.278793723,T,TGT,F I,35,89.81
2025-10-02,9:45:12.278871856,T,TGT,I,27,89.82
2025-10-02,9:45:12.279037569,T,TGT,F I,2,89.8
2025-10-02,9:45:12.279037569,T,TGT,F I,40,89.8
2025-10-02,9:45:12.297362875,T,TGT,I,32,89.81
2025-10-02,9:45:12.297426044,T,TGT,F,100,89.81
2025-10-02,9:45:12.297429053,T,TGT,F,100,89.81
2025-10-02,9:45:12.297447132,T,TGT,I,1,89.81
2025-10-02,9:45:12.297450899,T,TGT,F I,99,89.81
2025-10-02,9:45:12.297453126,T,TGT,F I,41,89.81
2025-10-02,9:45:12.297489154,T,TGT,F I,11,89.8
2025-10-02,9:45:12.297534320,T,TGT,F I,5,89.79
2025-10-02,9:45:12.297534320,T,TGT,F I,10,89.79
2025-10-02,9:45:12.297588508,T,TGT,I,27,89.8
2025-10-02,9:45:12.297609631,T,TGT,F I,18,89.8
2025-10-02,9:45:12.297621491,T,TGT,F I,11,89.79
2025-10-02,9:45:12.297700151,T,TGT,F I,18,89.79
2025-10-02,9:45:12.297703514,T,TGT,F I,18,89.79
2025-10-02,9:45:12.297705900,T,TGT,F I,9,89.79
2025-10-02,9:45:12.297709543,T,TGT,F I,18,89.79
2025-10-02,9:45:12.297711682,T,TGT,F I,11,89.79
2025-10-02,9:45:12.297964323,T,TGT,I,11,89.8
2025-10-02,9:45:12.305894183,T,TGT,I,27,89.8
2025-10-02,9:45:12.305897190,T,TGT,I,18,89.8
2025-10-02,9:45:12.305897190,T,TGT,I,11,89.8
2025-10-02,9:45:12.305900289,T,TGT,I,18,89.8
2025-10-02,9:45:13.609668446,T,TGT,F I,9,89.84
2025-10-02,9:45:14.249349371,T,TGT,F,100,89.8
2025-10-02,9:45:14.254251090,T,TGT,F,100,89.78
2025-10-02,9:45:14.254251090,T,TGT,F I,75,89.77
2025-10-02,9:45:14.254272411,T,TGT,I,1,89.77
2025-10-02,9:45:14.254272411,T,TGT,I,1,89.77
2025-10-02,9:45:14.254294080,T,TGT,I,23,89.77
2025-10-02,9:45:14.254294080,T,TGT,I,75,89.77
2025-10-02,9:45:14.254299153,T,TGT,,100,89.77
2025-10-02,9:45:14.254479552,T,TGT,F I,29,89.77
2025-10-02,9:45:14.254521994,T,TGT,F I,71,89.77
2025-10-02,9:45:14.254521994,T,TGT,F I,29,89.78
2025-10-02,9:45:14.254536952,T,TGT,I,52,89.78
2025-10-02,9:45:14.254539758,T,TGT,I,31,89.78
2025-10-02,9:45:14.254596884,T,TGT,I,38,89.78
2025-10-02,9:45:14.255751774,T,TGT,F I,13,89.81
2025-10-02,9:45:14.255874968,T,TGT,F I,13,89.82
2025-10-02,9:45:14.256007300,T,TGT,F I,13,89.83
2025-10-02,9:45:14.259788229,T,TGT,F,400,89.83
2025-10-02,9:45:14.259790219,T,TGT,F I,29,89.83
2025-10-02,9:45:14.259793239,T,TGT,F,993,89.83
2025-10-02,9:45:14.259832746,T,TGT,I,35,89.82
2025-10-02,9:45:16.394197475,T,TGT,F I,10,89.8
2025-10-02,9:45:16.394428974,T,TGT,F I,10,89.8
2025-10-02,9:45:16.394513551,T,TGT,I,66,89.8
2025-10-02,9:45:16.394513551,T,TGT,I,12,89.8
2025-10-02,9:45:16.394639515,T,TGT,F,100,89.8
2025-10-02,9:45:18.527840547,T,TGT,I,39,89.8
2025-10-02,9:45:18.527843641,T,TGT,I,30,89.8
2025-10-02,9:45:18.527891686,T,TGT,F I,15,89.81
2025-10-02,9:45:22.449583592,T,TGT,F,100,89.84
2025-10-02,9:45:22.449583592,T,TGT,F I,1,89.84
2025-10-02,9:45:22.449588849,T,TGT,F I,17,89.84
2025-10-02,9:45:22.449588849,T,TGT,F I,1,89.84
2025-10-02,9:45:22.449591901,T,TGT,F I,50,89.84
2025-10-02,9:45:22.449597868,T,TGT,F I,20,89.84
2025-10-02,9:45:22.482671306,T,TGT,I,24,89.86
2025-10-02,9:45:22.482709726,T,TGT,F I,20,89.86
2025-10-02,9:45:22.489821709,T,TGT,,100,89.9
2025-10-02,9:45:22.489821709,T,TGT,,148,89.91
2025-10-02,9:45:30.737505605,T,TGT,F,100,89.91
2025-10-02,9:45:30.737508415,T,TGT,F I,19,89.92
2025-10-02,9:45:30.737529850,T,TGT,F I,42,89.92
2025-10-02,9:45:30.737529850,T,TGT,F I,29,89.92
2025-10-02,9:45:30.737529850,T,TGT,F I,7,89.92
2025-10-02,9:45:30.737547514,T,TGT,I,1,89.92
2025-10-02,9:45:30.738972952,T,TGT,F I,82,89.9
2025-10-02,9:45:30.738972952,T,TGT,F I,32,89.9
2025-10-02,9:45:38.050228325,T,TGT,F I,82,89.92
2025-10-02,9:45:38.050228325,T,TGT,F I,30,89.92
2025-10-02,9:45:38.050751570,T,TGT,F I,27,89.93
2025-10-02,9:45:38.052291487,T,TGT,,100,89.94
2025-10-02,9:45:38.052294150,T,TGT,I,1,89.95
2025-10-02,9:45:38.052297255,T,TGT,I,2,89.95
2025-10-02,9:45:38.052297255,T,TGT,I,2,89.95
2025-10-02,9:45:38.052300180,T,TGT,I,12,89.95
2025-10-02,9:45:38.052300180,T,TGT,I,83,89.95
2025-10-02,9:45:38.052303261,T,TGT,,100,89.95
2025-10-02,9:45:38.052733203,T,TGT,F I,4,89.95
2025-10-02,9:45:38.052769376,T,TGT,F I,2,89.95
2025-10-02,9:45:38.052814434,T,TGT,F I,31,89.96
2025-10-02,9:45:39.163387296,T,TGT,,150,89.935
2025-10-02,9:45:39.163405313,T,TGT,F,850,89.93
2025-10-02,9:45:39.164692407,T,TGT,I,26,89.93
2025-10-02,9:45:39.166743340,T,TGT,,100,89.955
2025-10-02,9:45:39.467565049,T,TGT,I,10,89.92
2025-10-02,9:45:40.671850160,T,TGT,,100,89.935
2025-10-02,9:45:47.229212607,T,TGT,F I,71,89.97
2025-10-02,9:45:48.403928277,T,TGT,F I,17,89.98
2025-10-02,9:45:48.403928277,T,TGT,F I,44,89.98
2025-10-02,9:45:48.404262917,T,TGT,I,1,90.0
2025-10-02,9:45:48.404266507,T,TGT,I,5,90.0
2025-10-02,9:45:48.404268201,T,TGT,I,30,90.0
2025-10-02,9:45:48.404271451,T,TGT,I,1,90.0
2025-10-02,9:45:48.404271451,T,TGT,I,1,90.0
2025-10-02,9:45:48.404274445,T,TGT,I,5,90.0
2025-10-02,9:45:48.404277787,T,TGT,I,45,90.0
2025-10-02,9:45:48.404277787,T,TGT,I,1,90.0
2025-10-02,9:45:48.404283781,T,TGT,I,10,90.0
2025-10-02,9:45:48.404283781,T,TGT,,400,90.0
2025-10-02,9:45:48.404286690,T,TGT,I,1,90.0
2025-10-02,9:45:48.404286690,T,TGT,I,5,90.0
2025-10-02,9:45:48.404290361,T,TGT,I,5,90.0
2025-10-02,9:45:48.404290361,T,TGT,I,2,90.0
2025-10-02,9:45:48.404295712,T,TGT,I,1,90.0
2025-10-02,9:45:48.404295712,T,TGT,I,23,90.0
2025-10-02,9:45:48.404295712,T,TGT,I,10,90.0
2025-10-02,9:45:48.404301816,T,TGT,I,10,90.0
2025-10-02,9:45:48.404301816,T,TGT,I,20,90.0
2025-10-02,9:45:48.404305037,T,TGT,I,22,90.0
2025-10-02,9:45:48.404305037,T,TGT,I,70,90.0
2025-10-02,9:45:48.404343437,T,TGT,,100,90.0
2025-10-02,9:45:48.404376309,T,TGT,F,100,90.0
2025-10-02,9:45:48.404412433,T,TGT,I,17,90.0
2025-10-02,9:45:48.404556839,T,TGT,I,30,89.99
2025-10-02,9:45:48.404580814,T,TGT,I,1,89.99
2025-10-02,9:45:48.404598881,T,TGT,I,19,89.99
2025-10-02,9:45:48.404692154,T,TGT,F I,74,89.99
2025-10-02,9:45:48.404752290,T,TGT,F I,9,89.99
2025-10-02,9:45:48.404758309,T,TGT,F I,3,89.99
2025-10-02,9:45:48.404813005,T,TGT,F I,14,89.99
2025-10-02,9:45:48.404813005,T,TGT,F I,32,89.99
2025-10-02,9:45:48.404956769,T,TGT,I,1,90.01
2025-10-02,9:45:48.405016938,T,TGT,F I,2,90.0
2025-10-02,9:45:48.405134145,T,TGT,F I,2,89.99
2025-10-02,9:45:48.405140199,T,TGT,F I,2,89.99
2025-10-02,9:45:48.405158183,T,TGT,I,1,89.99
2025-10-02,9:45:48.405645515,T,TGT,F I,28,90.0
2025-10-02,9:45:48.405645515,T,TGT,F I,32,90.0
2025-10-02,9:45:48.405648373,T,TGT,F I,2,90.0
2025-10-02,9:45:48.405648373,T,TGT,F I,38,90.0
2025-10-02,9:45:48.405666552,T,TGT,F I,62,90.0
2025-10-02,9:45:48.405666552,T,TGT,F I,4,90.0
2025-10-02,9:45:48.405676380,T,TGT,F,100,90.0
2025-10-02,9:45:48.405676380,T,TGT,F I,17,90.0
2025-10-02,9:45:48.405934084,T,TGT,F I,14,90.0
2025-10-02,9:45:48.406520536,T,TGT,F I,68,90.0
2025-10-02,9:45:48.406520536,T,TGT,F I,1,90.0
2025-10-02,9:45:48.407873700,T,TGT,F I,1,90.02
2025-10-02,9:45:48.408327819,T,TGT,I,18,90.01
2025-10-02,9:45:48.408327819,T,TGT,I,19,90.01
2025-10-02,9:45:48.408331219,T,TGT,I,14,90.01
2025-10-02,9:45:48.408619528,T,TGT,F I,4,90.02
2025-10-02,9:45:48.408619528,T,TGT,F I,14,90.02
2025-10-02,9:45:48.408653206,T,TGT,F I,14,90.02
2025-10-02,9:45:48.408742795,T,TGT,I,14,90.02
2025-10-02,9:45:48.408793948,T,TGT,I,14,90.02
2025-10-02,9:45:50.070026723,T,TGT,,100,90.04
2025-10-02,9:45:50.070029888,T,TGT,I,1,90.05
2025-10-02,9:45:50.070032732,T,TGT,,100,90.05
2025-10-02,9:45:50.070032732,T,TGT,I,6,90.05
2025-10-02,9:45:50.070035920,T,TGT,I,29,90.05
2025-10-02,9:45:50.070035920,T,TGT,I,10,90.05
2025-10-02,9:45:50.337718403,T,TGT,,100,90.02
2025-10-02,9:45:55.403115372,T,TGT,F I,24,89.99
2025-10-02,9:45:55.403154478,T,TGT,I,10,89.99
2025-10-02,9:45:55.403169767,T,TGT,,100,89.99
2025-10-02,9:45:57.435174248,T,TGT,I,18,89.99
2025-10-02,9:45:57.435194737,T,TGT,F,276,89.99
2025-10-02,9:45:57.435198096,T,TGT,F,100,89.99
2025-10-02,9:45:57.435200687,T,TGT,F I,90,89.99
2025-10-02,9:45:57.435200687,T,TGT,F,110,89.99
2025-10-02,9:45:57.435586483,T,TGT,F,100,89.99
2025-10-02,9:45:57.435606689,T,TGT,I,1,89.99
2025-10-02,9:45:57.436096821,T,TGT,F,300,90.0
2025-10-02,9:45:57.436117915,T,TGT,F,1108,90.0
2025-10-02,9:45:57.436117915,T,TGT,F I,3,90.0
2025-10-02,9:45:57.436123910,T,TGT,F I,1,90.0
2025-10-02,9:45:57.436135962,T,TGT,I,78,90.0
2025-10-02,9:46:00.756195741,T,TGT,F,100,90.0
2025-10-02,9:46:00.756198781,T,TGT,F,350,90.0
2025-10-02,9:46:00.756207857,T,TGT,F I,50,90.0
2025-10-02,9:46:00.756207857,T,TGT,F I,13,90.0
2025-10-02,9:46:00.756210811,T,TGT,F I,15,90.0
2025-10-02,9:46:05.967689869,T,TGT,F I,3,89.98
2025-10-02,9:46:05.967692750,T,TGT,F,100,89.98
2025-10-02,9:46:05.967692750,T,TGT,F I,16,89.98
2025-10-02,9:46:05.967708272,T,TGT,F I,25,89.98
2025-10-02,9:46:05.967711471,T,TGT,F I,30,89.98
2025-10-02,9:46:05.967711471,T,TGT,I,1,89.98
2025-10-02,9:46:07.061801416,T,TGT,F,100,89.96
2025-10-02,9:46:07.063762041,T,TGT,F,100,89.95
2025-10-02,9:46:07.063768084,T,TGT,F I,1,89.95
2025-10-02,9:46:07.063849286,T,TGT,I,10,89.95
2025-10-02,9:46:11.798028178,T,TGT,F I,8,89.98
2025-10-02,9:46:11.811566343,T,TGT,F,100,89.985
2025-10-02,9:46:11.811575410,T,TGT,F,100,89.98
2025-10-02,9:46:14.105569690,T,TGT,F,100,89.95
2025-10-02,9:46:14.105623810,T,TGT,F I,89,89.95
2025-10-02,9:46:14.980573802,T,TGT,F,100,89.94
2025-10-02,9:46:14.980573802,T,TGT,F,100,89.93
2025-10-02,9:46:14.980577112,T,TGT,F I,38,89.93
2025-10-02,9:46:14.980579376,T,TGT,F I,2,89.93
2025-10-02,9:46:14.980582335,T,TGT,F I,1,89.93
2025-10-02,9:46:14.980591419,T,TGT,I,1,89.93
2025-10-02,9:46:14.980627710,T,TGT,I,99,89.93
2025-10-02,9:46:14.980630610,T,TGT,,100,89.93
2025-10-02,9:46:14.980630610,T,TGT,,300,89.93
2025-10-02,9:46:14.987880721,T,TGT,F,100,89.91
2025-10-02,9:46:14.987892811,T,TGT,F I,20,89.9
2025-10-02,9:46:14.987895896,T,TGT,F I,5,89.9
2025-10-02,9:46:14.987895896,T,TGT,F,100,89.9
2025-10-02,9:46:14.987898886,T,TGT,F I,10,89.9
2025-10-02,9:46:14.987907807,T,TGT,I,30,89.9
2025-10-02,9:46:14.994929530,T,TGT,,100,89.9
2025-10-02,9:46:14.994929530,T,TGT,,100,89.89
2025-10-02,9:46:14.995164132,T,TGT,F,100,89.87
2025-10-02,9:46:14.995167284,T,TGT,F I,50,89.87
2025-10-02,9:46:14.995212541,T,TGT,F,150,89.87
2025-10-02,9:46:14.995543646,T,TGT,,100,89.87
2025-10-02,9:46:14.995546003,T,TGT,,100,89.87
2025-10-02,9:46:14.995549002,T,TGT,I,7,89.87
2025-10-02,9:46:14.995885861,T,TGT,F I,12,89.88
2025-10-02,9:46:14.996315824,T,TGT,I,31,89.87
2025-10-02,9:46:14.996623169,T,TGT,F,160,89.87
2025-10-02,9:46:14.996623169,T,TGT,F,100,89.87
2025-10-02,9:46:14.996625732,T,TGT,F I,12,89.87
2025-10-02,9:46:15.009607459,T,TGT,I,50,89.87
2025-10-02,9:46:15.032239398,T,TGT,F I,50,89.87
2025-10-02,9:46:15.032239398,T,TGT,F I,63,89.86
2025-10-02,9:46:15.032269833,T,TGT,I,14,89.86
2025-10-02,9:46:15.032269833,T,TGT,I,13,89.86
2025-10-02,9:46:15.032272853,T,TGT,I,10,89.86
2025-10-02,9:46:15.032275806,T,TGT,I,3,89.86
2025-10-02,9:46:15.032275806,T,TGT,I,10,89.86
2025-10-02,9:46:15.032290519,T,TGT,F,100,89.86
2025-10-02,9:46:15.033192624,T,TGT,F I,13,89.86
2025-10-02,9:46:15.033196069,T,TGT,F,100,89.86
2025-10-02,9:46:15.033198711,T,TGT,F I,94,89.86
2025-10-02,9:46:15.033201763,T,TGT,F I,62,89.86
2025-10-02,9:46:15.033270817,T,TGT,I,3,89.86
2025-10-02,9:46:15.033273852,T,TGT,I,2,89.86
2025-10-02,9:46:15.034829083,T,TGT,F I,98,89.86
2025-10-02,9:46:15.034832600,T,TGT,F I,41,89.86
2025-10-02,9:46:15.035093177,T,TGT,I,4,89.86
2025-10-02,9:46:15.035096839,T,TGT,I,4,89.86
2025-10-02,9:46:15.035096839,T,TGT,I,4,89.86
2025-10-02,9:46:15.035099174,T,TGT,I,3,89.86
2025-10-02,9:46:21.411625787,T,TGT,,100,89.885
2025-10-02,9:46:21.414142892,T,TGT,I,30,89.885
2025-10-02,9:46:22.223524717,T,TGT,F I,92,89.89
2025-10-02,9:46:22.223524717,T,TGT,F I,8,89.89
2025-10-02,9:46:22.223548134,T,TGT,F I,2,89.89
2025-10-02,9:46:22.223551178,T,TGT,F I,24,89.89
2025-10-02,9:46:37.548569836,T,TGT,I,10,89.895
2025-10-02,9:46:37.548571871,T,TGT,I,1,89.91
2025-10-02,9:46:37.548596067,T,TGT,I,42,89.91
2025-10-02,9:46:37.548598994,T,TGT,,100,89.91
2025-10-02,9:46:37.548800441,T,TGT,,100,89.91
2025-10-02,9:46:37.548800441,T,TGT,,100,89.9
2025-10-02,9:46:37.548803485,T,TGT,I,21,89.9
2025-10-02,9:46:38.826571647,T,TGT,I,60,89.9
2025-10-02,9:46:39.296985433,T,TGT,,100,89.905
2025-10-02,9:46:39.297006413,T,TGT,F,200,89.9
2025-10-02,9:46:42.631443509,T,TGT,F I,24,89.92
2025-10-02,9:46:42.631515723,T,TGT,F I,24,89.92
2025-10-02,9:46:42.631873535,T,TGT,F I,14,89.93
2025-10-02,9:46:43.613357940,T,TGT,,100,89.915
2025-10-02,9:46:47.370473425,T,TGT,I,50,89.915
2025-10-02,9:46:47.370482009,T,TGT,F I,1,89.88
2025-10-02,9:46:47.370623281,T,TGT,I,75,89.91
2025-10-02,9:47:02.277395654,T,TGT,F I,75,89.88
2025-10-02,9:47:02.277401662,T,TGT,F,100,89.88
2025-10-02,9:47:02.277401662,T,TGT,F I,14,89.88
2025-10-02,9:47:02.277789645,T,TGT,,100,89.88
2025-10-02,9:47:07.485882544,T,TGT,,100,89.86
2025-10-02,9:47:07.503023843,T,TGT,F I,29,89.84
2025-10-02,9:47:07.503023843,T,TGT,F I,10,89.84
2025-10-02,9:47:07.503026311,T,TGT,F I,3,89.84
2025-10-02,9:47:07.503233970,T,TGT,I,65,89.83
2025-10-02,9:47:07.503648874,T,TGT,F,100,89.83
2025-10-02,9:47:07.503669908,T,TGT,I,59,89.83
2025-10-02,9:47:07.503690933,T,TGT,,100,89.83
2025-10-02,9:47:17.206781840,T,TGT,F I,1,89.86
2025-10-02,9:47:18.406757732,T,TGT,,100,89.855
2025-10-02,9:47:23.863759868,T,TGT,I,18,89.89
