DATE,TIME_M,EX,SYM_ROOT,TR_SCOND,SIZE,PRICE
2025-12-03,9:30:02.520768132,T,TGT,F I,99,90.75
2025-12-03,9:30:02.520774147,T,TGT,Q,99,90.75
2025-12-03,9:30:02.520789105,T,TGT,I,1,90.75
2025-12-03,9:30:02.520888332,T,TGT,I,5,90.75
2025-12-03,9:30:02.793039760,T,TGT,I,1,90.79
2025-12-03,9:30:02.793172123,T,TGT,I,82,90.79
2025-12-03,9:30:02.980891286,T,TGT,I,27,90.8
2025-12-03,9:30:02.980894693,T,TGT,I,11,90.8
2025-12-03,9:30:02.980897414,T,TGT,I,89,90.8
2025-12-03,9:30:02.980897414,T,TGT,I,1,90.8
2025-12-03,9:30:04.035148928,T,TGT,I,50,90.82
2025-12-03,9:30:05.273255573,T,TGT,I,51,90.77
2025-12-03,9:30:05.320188366,T,TGT,I,50,90.77
2025-12-03,9:30:05.491395266,T,TGT,I,40,90.76
2025-12-03,9:30:13.649188281,T,TGT,I,4,90.805
2025-12-03,9:30:13.649194334,T,TGT,,104,90.87
2025-12-03,9:30:13.649206305,T,TGT,I,4,90.87
2025-12-03,9:30:13.649840877,T,TGT,,250,90.9
2025-12-03,9:30:13.649840877,T,TGT,I,50,90.9
2025-12-03,9:30:20.855929505,T,TGT,,100,90.89
2025-12-03,9:30:24.871534233,T,TGT,F I,50,90.89
2025-12-03,9:30:31.924410860,T,TGT,I,13,90.89
2025-12-03,9:30:32.192054529,T,TGT,F I,37,90.89
2025-12-03,9:30:32.949661355,T,TGT,,100,90.85
2025-12-03,9:30:32.949664698,T,TGT,I,75,90.85
2025-12-03,9:30:32.949664698,T,TGT,I,6,90.84
2025-12-03,9:30:32.949688465,T,TGT,I,1,90.84
2025-12-03,9:30:32.949932500,T,TGT,F I,93,90.84
2025-12-03,9:30:32.949932500,T,TGT,F,100,90.84
2025-12-03,9:30:32.949938592,T,TGT,F,100,90.84
2025-12-03,9:30:32.949938592,T,TGT,F,100,90.84
2025-12-03,9:30:32.968853118,T,TGT,,100,90.84
2025-12-03,9:30:33.084869479,T,TGT,I,49,90.85
2025-12-03,9:30:33.084887588,T,TGT,I,51,90.85
2025-12-03,9:30:45.702747136,T,TGT,I,3,90.85
2025-12-03,9:30:46.134521722,T,TGT,I,3,90.85
2025-12-03,9:30:49.844887278,T,TGT,I,1,90.85
2025-12-03,9:31:03.590851363,T,TGT,I,52,90.845
2025-12-03,9:31:08.295469541,T,TGT,F I,50,90.92
2025-12-03,9:31:13.948249563,T,TGT,I,50,90.865
2025-12-03,9:31:16.835617329,T,TGT,F I,50,90.865
2025-12-03,9:31:16.835659551,T,TGT,I,50,90.865
2025-12-03,9:31:17.092510441,T,TGT,F I,1,90.84
2025-12-03,9:31:17.092516398,T,TGT,F I,50,90.84
2025-12-03,9:31:17.092519811,T,TGT,F I,2,90.84
2025-12-03,9:31:17.092519811,T,TGT,F I,2,90.83
2025-12-03,9:31:17.092582596,T,TGT,F,105,90.81
2025-12-03,9:31:17.092585658,T,TGT,F,105,90.83
2025-12-03,9:31:17.092600839,T,TGT,F I,50,90.83
2025-12-03,9:31:17.092604103,T,TGT,F I,44,90.83
2025-12-03,9:31:17.092607040,T,TGT,F I,95,90.81
2025-12-03,9:31:17.092609673,T,TGT,F,100,90.81
2025-12-03,9:31:17.092609673,T,TGT,F I,27,90.81
2025-12-03,9:31:17.092612743,T,TGT,I,1,90.81
2025-12-03,9:31:17.092615648,T,TGT,F I,5,90.81
2025-12-03,9:31:17.092687902,T,TGT,,100,90.81
2025-12-03,9:31:17.093084808,T,TGT,,100,90.84
2025-12-03,9:31:30.322583396,T,TGT,,100,90.81
2025-12-03,9:31:30.323350300,T,TGT,F I,1,90.79
2025-12-03,9:31:30.323353311,T,TGT,F,100,90.79
2025-12-03,9:31:30.323371288,T,TGT,I,60,90.79
2025-12-03,9:31:30.323512668,T,TGT,,100,90.79
2025-12-03,9:31:30.323620889,T,TGT,,100,90.79
2025-12-03,9:31:30.324814818,T,TGT,,100,90.79
2025-12-03,9:31:30.325455265,T,TGT,,100,90.75
2025-12-03,9:31:31.632916264,T,TGT,I,1,90.65
2025-12-03,9:31:47.206547737,T,TGT,I,11,90.72
2025-12-03,9:31:51.173631873,T,TGT,,200,90.715
2025-12-03,9:31:53.183491203,T,TGT,I,60,90.735
2025-12-03,9:31:54.587542157,T,TGT,F I,1,90.74
2025-12-03,9:31:58.379708685,T,TGT,I,25,90.76
2025-12-03,9:31:58.379738694,T,TGT,F I,50,90.755
2025-12-03,9:31:58.379780750,T,TGT,F I,25,90.755
2025-12-03,9:32:04.995545021,T,TGT,F I,1,90.78
2025-12-03,9:32:12.473700781,T,TGT,I,50,90.755
2025-12-03,9:32:12.473754924,T,TGT,F I,50,90.755
2025-12-03,9:32:45.753304544,T,TGT,I,1,90.785
2025-12-03,9:32:55.993658299,T,TGT,,127,90.68
2025-12-03,9:32:55.993658299,T,TGT,,100,90.67
2025-12-03,9:32:55.993660792,T,TGT,,127,90.67
2025-12-03,9:32:55.993663744,T,TGT,,100,90.67
2025-12-03,9:32:55.993666758,T,TGT,,157,90.66
2025-12-03,9:32:55.993672840,T,TGT,I,1,90.66
2025-12-03,9:32:58.268881182,T,TGT,F I,27,90.74
2025-12-03,9:33:00.935204333,T,TGT,I,50,90.745
2025-12-03,9:33:32.754333727,T,TGT,,100,90.815
2025-12-03,9:33:33.134358121,T,TGT,F I,50,90.815
2025-12-03,9:33:33.134412219,T,TGT,F I,50,90.815
2025-12-03,9:33:41.025947868,T,TGT,F I,50,90.86
2025-12-03,9:33:41.025999479,T,TGT,I,25,90.88
2025-12-03,9:33:44.954140294,T,TGT,F I,50,90.86
2025-12-03,9:33:44.954182372,T,TGT,F I,50,90.86
2025-12-03,9:33:45.004768927,T,TGT,F I,1,90.82
2025-12-03,9:33:45.004832089,T,TGT,I,1,90.82
2025-12-03,9:33:45.004835032,T,TGT,I,1,90.81
2025-12-03,9:33:54.448329036,T,TGT,I,2,90.835
2025-12-03,9:34:03.779057404,T,TGT,F I,1,90.93
2025-12-03,9:34:03.779060475,T,TGT,F,100,90.93
2025-12-03,9:34:13.404656178,T,TGT,F,100,90.97
2025-12-03,9:34:13.404659209,T,TGT,F,100,90.97
2025-12-03,9:34:13.404662165,T,TGT,F,100,90.98
2025-12-03,9:34:13.404854710,T,TGT,I,75,90.95
2025-12-03,9:34:13.404857761,T,TGT,I,42,90.94
2025-12-03,9:34:13.404947863,T,TGT,I,58,90.94
2025-12-03,9:34:13.405047531,T,TGT,I,27,90.95
2025-12-03,9:34:13.405215478,T,TGT,,100,90.94
2025-12-03,9:34:13.405360775,T,TGT,I,11,90.95
2025-12-03,9:34:13.405360775,T,TGT,I,21,90.95
2025-12-03,9:34:13.405450084,T,TGT,,100,90.94
2025-12-03,9:34:13.405480203,T,TGT,,100,90.94
2025-12-03,9:34:13.405480203,T,TGT,I,94,90.94
2025-12-03,9:34:13.405519220,T,TGT,I,20,90.96
2025-12-03,9:34:13.405546950,T,TGT,I,12,90.95
2025-12-03,9:34:13.405549338,T,TGT,,100,90.93
2025-12-03,9:34:13.405549338,T,TGT,I,88,90.93
2025-12-03,9:34:13.405573322,T,TGT,F I,20,90.94
2025-12-03,9:34:13.405588360,T,TGT,,100,90.94
2025-12-03,9:34:13.405597405,T,TGT,I,1,90.95
2025-12-03,9:34:13.405603437,T,TGT,I,79,90.96
2025-12-03,9:34:13.405636463,T,TGT,I,12,90.93
2025-12-03,9:34:13.405639557,T,TGT,,100,90.93
2025-12-03,9:34:13.405663567,T,TGT,I,12,90.95
2025-12-03,9:34:13.405708695,T,TGT,,100,90.95
2025-12-03,9:34:13.405847094,T,TGT,,100,90.94
2025-12-03,9:34:13.405877114,T,TGT,I,79,90.94
2025-12-03,9:34:13.405958301,T,TGT,F I,10,90.94
2025-12-03,9:34:13.406376705,T,TGT,I,90,90.94
2025-12-03,9:34:13.406379287,T,TGT,,100,90.94
2025-12-03,9:34:13.406467070,T,TGT,I,11,90.94
2025-12-03,9:34:13.406469446,T,TGT,I,11,90.95
2025-12-03,9:34:13.406472518,T,TGT,I,12,90.95
2025-12-03,9:34:13.410532620,T,TGT,F I,11,90.94
2025-12-03,9:34:13.410535365,T,TGT,F I,12,90.94
2025-12-03,9:34:13.410535365,T,TGT,F I,7,90.94
2025-12-03,9:34:13.410817859,T,TGT,F I,69,90.93
2025-12-03,9:34:13.410835869,T,TGT,I,1,90.93
2025-12-03,9:34:13.410871935,T,TGT,I,30,90.93
2025-12-03,9:34:13.410874962,T,TGT,I,70,90.93
2025-12-03,9:34:13.410902020,T,TGT,I,30,90.93
2025-12-03,9:34:15.085363795,T,TGT,F I,17,90.89
2025-12-03,9:34:15.170749033,T,TGT,F I,83,90.89
2025-12-03,9:34:15.170749033,T,TGT,F,100,90.89
2025-12-03,9:34:42.545767521,T,TGT,I,89,90.86
2025-12-03,9:34:42.545785613,T,TGT,I,1,90.86
2025-12-03,9:34:42.546047269,T,TGT,F I,10,90.86
2025-12-03,9:34:42.546050183,T,TGT,F,100,90.86
2025-12-03,9:34:42.600582100,T,TGT,I,30,90.85
2025-12-03,9:34:42.635546586,T,TGT,F I,42,90.88
2025-12-03,9:34:42.635555632,T,TGT,F I,37,90.89
2025-12-03,9:34:42.635555632,T,TGT,F I,14,90.89
2025-12-03,9:34:42.637089095,T,TGT,F I,50,90.89
2025-12-03,9:34:42.637152233,T,TGT,F I,50,90.89
2025-12-03,9:34:44.728535688,T,TGT,F I,50,90.89
2025-12-03,9:34:44.728535688,T,TGT,I,75,90.89
2025-12-03,9:34:59.160400923,T,TGT,I,1,90.89
2025-12-03,9:35:20.170176703,T,TGT,F I,50,90.96
2025-12-03,9:35:20.170395880,T,TGT,F I,72,90.98
2025-12-03,9:35:20.170398792,T,TGT,F I,8,90.98
2025-12-03,9:35:20.170510649,T,TGT,F I,1,91.0
2025-12-03,9:35:20.170510649,T,TGT,F I,1,91.0
2025-12-03,9:35:20.170516099,T,TGT,F I,5,91.0
2025-12-03,9:35:20.170522080,T,TGT,F,299,91.0
2025-12-03,9:35:20.170522080,T,TGT,I,5,90.95
2025-12-03,9:35:20.170525162,T,TGT,I,37,90.95
2025-12-03,9:35:20.170528192,T,TGT,I,50,90.95
2025-12-03,9:35:20.170537057,T,TGT,I,1,90.95
2025-12-03,9:35:20.170546376,T,TGT,F I,37,90.98
2025-12-03,9:35:20.170549152,T,TGT,F I,13,90.99
2025-12-03,9:35:20.170654401,T,TGT,F I,37,90.98
2025-12-03,9:35:20.170720489,T,TGT,,100,90.95
2025-12-03,9:35:20.170849828,T,TGT,I,6,90.97
2025-12-03,9:35:20.170852946,T,TGT,I,17,90.97
2025-12-03,9:35:20.170876870,T,TGT,F I,25,90.97
2025-12-03,9:35:20.170882924,T,TGT,F I,73,90.97
2025-12-03,9:35:20.170882924,T,TGT,F I,11,90.97
2025-12-03,9:35:20.170922082,T,TGT,I,12,90.97
2025-12-03,9:35:20.170922082,T,TGT,I,6,90.95
2025-12-03,9:35:20.170988181,T,TGT,,100,90.96
2025-12-03,9:35:20.171093491,T,TGT,I,50,90.95
2025-12-03,9:35:20.171117498,T,TGT,I,75,90.96
2025-12-03,9:35:20.171213685,T,TGT,I,25,90.96
2025-12-03,9:35:20.171291943,T,TGT,,100,90.95
2025-12-03,9:35:20.172287497,T,TGT,I,5,90.96
2025-12-03,9:35:20.172287497,T,TGT,I,12,90.96
2025-12-03,9:35:20.172291152,T,TGT,I,26,90.96
2025-12-03,9:35:20.172296368,T,TGT,I,3,90.96
2025-12-03,9:35:20.172299945,T,TGT,I,22,90.96
2025-12-03,9:35:20.172302425,T,TGT,I,2,90.96
2025-12-03,9:35:20.172627067,T,TGT,,100,90.95
2025-12-03,9:35:20.320715057,T,TGT,F I,50,90.98
2025-12-03,9:35:20.544309542,T,TGT,F I,44,90.99
2025-12-03,9:35:20.544352516,T,TGT,I,6,90.99
2025-12-03,9:35:20.544352516,T,TGT,I,1,91.0
2025-12-03,9:35:20.544357703,T,TGT,I,39,91.0
2025-12-03,9:35:20.544361240,T,TGT,I,20,91.0
2025-12-03,9:35:20.544367821,T,TGT,I,3,91.0
2025-12-03,9:35:20.545927436,T,TGT,I,66,91.01
2025-12-03,9:35:20.546282240,T,TGT,I,34,91.01
2025-12-03,9:35:20.546285281,T,TGT,I,18,91.02
2025-12-03,9:35:20.546306271,T,TGT,F I,82,91.02
2025-12-03,9:35:20.546306271,T,TGT,F I,50,91.02
2025-12-03,9:35:20.662909166,T,TGT,F,100,91.1
2025-12-03,9:35:20.695720320,T,TGT,F I,12,91.11
2025-12-03,9:35:20.696183372,T,TGT,F I,15,91.11
2025-12-03,9:35:20.696186381,T,TGT,F I,50,91.11
2025-12-03,9:35:30.016894831,T,TGT,I,56,91.18
2025-12-03,9:35:38.962144267,T,TGT,F I,2,91.19
2025-12-03,9:35:38.962149784,T,TGT,F,561,91.2
2025-12-03,9:35:38.962171410,T,TGT,F,141,91.2
2025-12-03,9:35:38.962171410,T,TGT,F I,1,91.2
2025-12-03,9:35:38.962173837,T,TGT,F I,58,91.2
2025-12-03,9:35:38.962191837,T,TGT,I,2,91.2
2025-12-03,9:35:38.963936046,T,TGT,I,1,91.21
2025-12-03,9:35:40.277053304,T,TGT,F I,10,91.25
2025-12-03,9:35:40.277056377,T,TGT,F I,90,91.25
2025-12-03,9:35:40.277056377,T,TGT,F I,30,91.25
2025-12-03,9:35:40.277071300,T,TGT,I,1,91.25
2025-12-03,9:35:40.277089410,T,TGT,F I,53,91.25
2025-12-03,9:35:40.277234179,T,TGT,I,1,91.24
2025-12-03,9:35:40.277236703,T,TGT,I,1,91.24
2025-12-03,9:35:42.597751318,T,TGT,F I,50,91.29
2025-12-03,9:35:42.597754135,T,TGT,F I,6,91.27
2025-12-03,9:35:42.907468031,T,TGT,F I,25,91.25
2025-12-03,9:35:44.823070734,T,TGT,I,75,91.26
2025-12-03,9:35:46.284964475,T,TGT,I,1,91.275
2025-12-03,9:35:51.913112906,T,TGT,I,2,91.27
2025-12-03,9:35:52.077406238,T,TGT,I,2,91.27
2025-12-03,9:35:59.781328051,T,TGT,I,29,91.26
2025-12-03,9:35:59.781328051,T,TGT,I,30,91.26
2025-12-03,9:35:59.781328051,T,TGT,I,14,91.26
2025-12-03,9:36:00.066789277,T,TGT,F I,25,91.22
2025-12-03,9:36:00.066798648,T,TGT,F,100,91.21
2025-12-03,9:36:00.066798648,T,TGT,F I,5,91.21
2025-12-03,9:36:00.066816067,T,TGT,I,1,91.21
2025-12-03,9:36:00.066816067,T,TGT,I,1,91.21
2025-12-03,9:36:02.046435645,T,TGT,I,95,91.24
2025-12-03,9:36:02.046438350,T,TGT,I,2,91.24
2025-12-03,9:36:02.046453443,T,TGT,F I,8,91.24
2025-12-03,9:36:02.147425229,T,TGT,F,101,91.27
2025-12-03,9:36:09.354157005,T,TGT,F,100,91.39
2025-12-03,9:36:09.354179425,T,TGT,F,200,91.39
2025-12-03,9:36:09.354179425,T,TGT,F I,26,91.39
2025-12-03,9:36:09.354184449,T,TGT,F I,81,91.39
2025-12-03,9:36:09.354304434,T,TGT,I,14,91.4
2025-12-03,9:36:09.365130167,T,TGT,F I,7,91.42
2025-12-03,9:36:30.237273721,T,TGT,I,4,91.45
2025-12-03,9:36:30.257361565,T,TGT,,150,91.47
2025-12-03,9:36:35.618455836,T,TGT,F I,94,91.48
2025-12-03,9:36:35.618476827,T,TGT,F I,6,91.48
2025-12-03,9:36:35.618476827,T,TGT,F I,94,91.48
2025-12-03,9:36:35.619261697,T,TGT,F I,2,91.46
2025-12-03,9:36:35.619264782,T,TGT,F I,50,91.46
2025-12-03,9:36:35.619703721,T,TGT,F,100,91.44
2025-12-03,9:36:36.690774456,T,TGT,F I,2,91.46
2025-12-03,9:36:37.480732456,T,TGT,F I,50,91.47
2025-12-03,9:36:37.480735471,T,TGT,I,50,91.47
2025-12-03,9:36:38.008628093,T,TGT,F I,72,91.5
2025-12-03,9:36:38.008652624,T,TGT,F I,78,91.5
2025-12-03,9:36:38.008652624,T,TGT,F I,50,91.5
2025-12-03,9:36:38.008655283,T,TGT,F I,14,91.5
2025-12-03,9:36:38.115824568,T,TGT,I,2,91.55
2025-12-03,9:36:39.009106355,T,TGT,F I,20,91.55
2025-12-03,9:36:39.009111657,T,TGT,F,100,91.54
2025-12-03,9:36:39.009129717,T,TGT,I,1,91.54
2025-12-03,9:36:39.009147765,T,TGT,F I,99,91.54
2025-12-03,9:36:39.250340316,T,TGT,I,2,91.57
2025-12-03,9:36:39.250340316,T,TGT,I,7,91.57
2025-12-03,9:36:39.250358455,T,TGT,F I,66,91.57
2025-12-03,9:36:41.565351593,T,TGT,F I,50,91.56
2025-12-03,9:36:41.565399716,T,TGT,F I,50,91.56
2025-12-03,9:36:52.045400512,T,TGT,F I,1,91.55
2025-12-03,9:36:52.045400512,T,TGT,F I,2,91.55
2025-12-03,9:36:52.045460288,T,TGT,I,11,91.55
2025-12-03,9:36:53.912713834,T,TGT,F,100,91.6
2025-12-03,9:36:53.912713834,T,TGT,F I,50,91.6
2025-12-03,9:36:53.918376337,T,TGT,F,100,91.61
2025-12-03,9:37:02.537525438,T,TGT,F I,50,91.6
2025-12-03,9:37:04.477236613,T,TGT,I,7,91.6
2025-12-03,9:37:04.646049735,T,TGT,I,16,91.61
2025-12-03,9:37:04.655841038,T,TGT,I,30,91.6
2025-12-03,9:37:04.662123000,T,TGT,,100,91.6
2025-12-03,9:37:04.668350839,T,TGT,,200,91.6
2025-12-03,9:37:04.669415440,T,TGT,F I,2,91.56
2025-12-03,9:37:05.803687649,T,TGT,F I,50,91.565
2025-12-03,9:37:07.462412291,T,TGT,I,1,91.52
2025-12-03,9:37:07.462415293,T,TGT,I,1,91.52
2025-12-03,9:37:07.462418322,T,TGT,,100,91.52
2025-12-03,9:37:07.462430339,T,TGT,F I,75,91.53
2025-12-03,9:37:10.864588597,T,TGT,F I,16,91.56
2025-12-03,9:37:10.864592149,T,TGT,F,102,91.56
2025-12-03,9:37:10.864805170,T,TGT,I,25,91.54
2025-12-03,9:37:10.864805170,T,TGT,I,1,91.53
2025-12-03,9:37:13.030246033,T,TGT,I,2,91.59
2025-12-03,9:37:15.850250300,T,TGT,F I,50,91.58
2025-12-03,9:37:17.239554130,T,TGT,F I,2,91.59
2025-12-03,9:37:17.254857553,T,TGT,F I,1,91.6
2025-12-03,9:37:17.254860620,T,TGT,F I,1,91.6
2025-12-03,9:37:17.254860620,T,TGT,F I,25,91.6
2025-12-03,9:37:22.131804214,T,TGT,F I,15,91.57
2025-12-03,9:37:22.131804214,T,TGT,F I,3,91.57
2025-12-03,9:37:22.823085060,T,TGT,I,97,91.57
2025-12-03,9:37:24.478159028,T,TGT,I,7,91.56
2025-12-03,9:37:24.984180548,T,TGT,F I,18,91.61
2025-12-03,9:37:24.984204620,T,TGT,F I,82,91.61
2025-12-03,9:37:24.984207646,T,TGT,F I,18,91.62
2025-12-03,9:37:24.984207646,T,TGT,F I,25,91.62
2025-12-03,9:37:24.991431756,T,TGT,F I,52,91.66
2025-12-03,9:37:24.991431756,T,TGT,F I,8,91.66
2025-12-03,9:37:24.991436901,T,TGT,F I,38,91.66
2025-12-03,9:37:34.480288047,T,TGT,I,6,91.6
2025-12-03,9:37:40.221818542,T,TGT,I,43,91.59
2025-12-03,9:37:42.305861920,T,TGT,I,25,91.6
2025-12-03,9:37:42.305915635,T,TGT,F,252,91.6
2025-12-03,9:37:44.481256094,T,TGT,I,7,91.595
2025-12-03,9:37:51.626545775,T,TGT,I,68,91.655
2025-12-03,9:37:51.626954677,T,TGT,I,51,91.655
2025-12-03,9:37:54.142844539,T,TGT,F I,7,91.65
2025-12-03,9:37:54.142889792,T,TGT,I,75,91.65
2025-12-03,9:37:54.142892673,T,TGT,I,25,91.64
2025-12-03,9:37:54.142904650,T,TGT,I,27,91.64
2025-12-03,9:37:54.142913807,T,TGT,I,48,91.64
2025-12-03,9:37:54.142913807,T,TGT,I,27,91.64
2025-12-03,9:37:54.143202384,T,TGT,F I,7,91.65
2025-12-03,9:37:54.143229386,T,TGT,I,1,91.65
2025-12-03,9:38:00.337256964,T,TGT,I,25,91.63
2025-12-03,9:38:00.337386365,T,TGT,F I,7,91.63
2025-12-03,9:38:00.342702866,T,TGT,F I,22,91.64
2025-12-03,9:38:00.342706286,T,TGT,F I,16,91.64
2025-12-03,9:38:00.342724192,T,TGT,F I,73,91.64
2025-12-03,9:38:00.342724192,T,TGT,F I,12,91.64
2025-12-03,9:38:00.342732869,T,TGT,I,14,91.63
2025-12-03,9:38:00.342958605,T,TGT,I,3,91.64
2025-12-03,9:38:00.342961467,T,TGT,I,9,91.64
2025-12-03,9:38:01.904323831,T,TGT,F,147,91.63
2025-12-03,9:38:01.904326114,T,TGT,F I,3,91.63
2025-12-03,9:38:01.904329380,T,TGT,F I,22,91.63
2025-12-03,9:38:01.904329380,T,TGT,F I,33,91.63
2025-12-03,9:38:01.904630461,T,TGT,I,1,91.62
2025-12-03,9:38:01.904630461,T,TGT,,127,91.62
2025-12-03,9:38:01.904632898,T,TGT,I,25,91.62
2025-12-03,9:38:01.904636059,T,TGT,I,47,91.61
2025-12-03,9:38:01.904714028,T,TGT,I,53,91.61
2025-12-03,9:38:01.904717443,T,TGT,,100,91.61
2025-12-03,9:38:01.904765190,T,TGT,I,16,91.61
2025-12-03,9:38:01.904819359,T,TGT,I,31,91.61
2025-12-03,9:38:01.904822286,T,TGT,I,53,91.61
2025-12-03,9:38:02.005481649,T,TGT,I,13,91.6
2025-12-03,9:38:02.005499157,T,TGT,F I,3,91.6
2025-12-03,9:38:02.005553319,T,TGT,F I,13,91.61
2025-12-03,9:38:02.006326157,T,TGT,F I,25,91.6
2025-12-03,9:38:02.012806658,T,TGT,F,100,91.61
2025-12-03,9:38:11.322265414,T,TGT,I,37,91.63
2025-12-03,9:38:12.438575885,T,TGT,I,15,91.63
2025-12-03,9:38:15.162564567,T,TGT,F I,25,91.66
2025-12-03,9:38:18.010731082,T,TGT,I,20,91.64
2025-12-03,9:38:24.487029287,T,TGT,I,7,91.64
2025-12-03,9:38:26.111298313,T,TGT,F I,7,91.68
2025-12-03,9:38:26.111301003,T,TGT,F I,33,91.68
2025-12-03,9:38:26.111340465,T,TGT,F I,6,91.7
2025-12-03,9:38:26.111343078,T,TGT,F I,25,91.7
2025-12-03,9:38:26.111346066,T,TGT,F I,5,91.7
2025-12-03,9:38:26.112332404,T,TGT,F I,5,91.72
2025-12-03,9:38:26.112332404,T,TGT,F I,1,91.72
2025-12-03,9:38:26.112618138,T,TGT,F I,26,91.74
2025-12-03,9:38:26.362219046,T,TGT,F I,75,91.75
2025-12-03,9:38:26.362240368,T,TGT,I,1,91.75
2025-12-03,9:38:26.362240368,T,TGT,F I,9,91.75
2025-12-03,9:38:26.372437506,T,TGT,F I,31,91.79
2025-12-03,9:38:26.372530384,T,TGT,,100,91.77
2025-12-03,9:38:26.378502635,T,TGT,F I,8,91.75
2025-12-03,9:38:29.184926621,T,TGT,I,75,91.74
2025-12-03,9:38:29.916145669,T,TGT,I,75,91.73
2025-12-03,9:38:29.916196777,T,TGT,F I,25,91.73
2025-12-03,9:38:43.918374635,T,TGT,I,50,91.71
2025-12-03,9:38:45.981370381,T,TGT,I,50,91.745
2025-12-03,9:38:45.981382359,T,TGT,I,50,91.745
2025-12-03,9:38:45.981382359,T,TGT,I,7,91.745
2025-12-03,9:38:45.988193620,T,TGT,I,72,91.79
2025-12-03,9:38:45.988211701,T,TGT,I,1,91.79
2025-12-03,9:38:45.988283945,T,TGT,I,27,91.79
2025-12-03,9:38:45.988283945,T,TGT,I,73,91.79
2025-12-03,9:38:45.988319908,T,TGT,I,27,91.79
2025-12-03,9:38:45.988383078,T,TGT,F I,19,91.77
2025-12-03,9:38:46.065378515,T,TGT,I,75,91.75
2025-12-03,9:38:46.065381569,T,TGT,I,25,91.75
2025-12-03,9:38:46.394951687,T,TGT,F I,19,91.79
2025-12-03,9:38:46.394954749,T,TGT,F I,19,91.79
2025-12-03,9:38:46.394954749,T,TGT,F I,10,91.79
2025-12-03,9:38:46.394960760,T,TGT,F,100,91.79
2025-12-03,9:38:46.394960760,T,TGT,F I,64,91.79
2025-12-03,9:38:46.394964131,T,TGT,F I,57,91.79
2025-12-03,9:38:46.394964131,T,TGT,F I,64,91.79
2025-12-03,9:38:46.394966905,T,TGT,F I,19,91.79
2025-12-03,9:38:46.395556142,T,TGT,F,300,91.81
2025-12-03,9:38:46.395556142,T,TGT,F I,42,91.81
2025-12-03,9:38:46.395562833,T,TGT,F I,60,91.81
2025-12-03,9:38:46.395805695,T,TGT,F I,20,91.82
2025-12-03,9:38:50.119640257,T,TGT,F I,25,91.84
2025-12-03,9:38:53.605905805,T,TGT,F I,4,91.88
2025-12-03,9:38:53.613865698,T,TGT,F I,20,91.865
2025-12-03,9:38:53.877795506,T,TGT,F I,20,91.89
2025-12-03,9:38:53.879121632,T,TGT,I,50,91.87
2025-12-03,9:38:53.895639963,T,TGT,F I,20,91.89
2025-12-03,9:38:54.113430867,T,TGT,I,50,91.87
2025-12-03,9:38:54.152728525,T,TGT,F I,20,91.89
2025-12-03,9:38:55.024860154,T,TGT,,100,91.865
2025-12-03,9:38:55.918060129,T,TGT,,100,91.865
2025-12-03,9:39:02.134671216,T,TGT,F,100,91.9
2025-12-03,9:39:02.134674210,T,TGT,F I,15,91.9
2025-12-03,9:39:02.134674210,T,TGT,F I,5,91.9
2025-12-03,9:39:02.149045443,T,TGT,F I,25,91.94
2025-12-03,9:39:04.125708444,T,TGT,F I,3,91.96
2025-12-03,9:39:04.154066019,T,TGT,F I,3,91.96
2025-12-03,9:39:04.193511008,T,TGT,F I,3,91.94
2025-12-03,9:39:04.229732261,T,TGT,F I,3,91.96
2025-12-03,9:39:04.252301097,T,TGT,F I,3,91.94
2025-12-03,9:39:04.273796315,T,TGT,F I,3,91.96
2025-12-03,9:39:04.424876246,T,TGT,F I,3,91.96
2025-12-03,9:39:04.474756067,T,TGT,F I,3,91.96
2025-12-03,9:39:10.142866486,T,TGT,F I,10,91.93
2025-12-03,9:39:10.142953856,T,TGT,I,26,91.91
2025-12-03,9:39:10.142977739,T,TGT,I,2,91.91
2025-12-03,9:39:10.257649949,T,TGT,F I,98,91.905
2025-12-03,9:39:12.655469491,T,TGT,F I,98,91.91
2025-12-03,9:39:14.222337434,T,TGT,F I,5,91.93
2025-12-03,9:39:15.083053959,T,TGT,I,80,91.92
2025-12-03,9:39:15.083135232,T,TGT,F I,80,91.91
2025-12-03,9:39:15.083135232,T,TGT,F I,11,91.91
2025-12-03,9:39:15.083138209,T,TGT,I,80,91.91
2025-12-03,9:39:15.083141189,T,TGT,I,36,91.91
2025-12-03,9:39:18.412408866,T,TGT,F I,22,91.96
2025-12-03,9:39:18.440925741,T,TGT,F I,13,91.94
2025-12-03,9:39:18.441193381,T,TGT,F I,87,91.94
2025-12-03,9:39:18.441193381,T,TGT,F I,13,91.94
2025-12-03,9:39:32.779168996,T,TGT,F I,3,91.97
2025-12-03,9:39:32.779205111,T,TGT,F I,2,91.98
2025-12-03,9:39:32.779683275,T,TGT,F I,2,92.0
2025-12-03,9:39:32.779686825,T,TGT,F I,50,92.0
2025-12-03,9:39:32.779686825,T,TGT,F I,10,92.0
2025-12-03,9:39:32.779690049,T,TGT,F I,75,92.0
2025-12-03,9:39:32.779692984,T,TGT,F I,2,92.0
2025-12-03,9:39:32.779696324,T,TGT,F I,4,92.0
2025-12-03,9:39:32.779696324,T,TGT,F I,3,92.0
2025-12-03,9:39:32.779701323,T,TGT,F I,30,92.0
2025-12-03,9:39:32.779701323,T,TGT,F I,5,92.0
2025-12-03,9:39:32.779701323,T,TGT,F,100,92.0
2025-12-03,9:39:32.779707617,T,TGT,F I,4,92.0
2025-12-03,9:39:32.779707617,T,TGT,F,100,92.0
2025-12-03,9:39:32.779710294,T,TGT,F I,20,92.0
2025-12-03,9:39:32.779878742,T,TGT,I,3,91.98
2025-12-03,9:39:32.779881978,T,TGT,,100,91.98
2025-12-03,9:39:32.779897220,T,TGT,I,1,91.98
2025-12-03,9:39:32.779915185,T,TGT,F I,3,92.0
2025-12-03,9:39:32.779915185,T,TGT,F I,16,92.0
2025-12-03,9:39:32.779935811,T,TGT,F I,1,92.0
2025-12-03,9:39:32.780071317,T,TGT,F I,5,92.01
2025-12-03,9:39:32.780071317,T,TGT,F I,1,92.01
2025-12-03,9:39:32.780261138,T,TGT,I,1,92.01
2025-12-03,9:39:32.780263687,T,TGT,I,12,92.01
2025-12-03,9:39:32.812900367,T,TGT,F I,1,92.05
2025-12-03,9:39:32.812903670,T,TGT,F I,18,92.05
2025-12-03,9:39:32.854721039,T,TGT,F I,35,92.07
2025-12-03,9:39:32.854723987,T,TGT,F I,18,92.07
2025-12-03,9:39:34.178577117,T,TGT,I,27,92.1
2025-12-03,9:39:34.178577117,T,TGT,I,19,92.1
2025-12-03,9:39:36.570292011,T,TGT,I,42,92.155
2025-12-03,9:39:36.570698070,T,TGT,I,58,92.155
2025-12-03,9:39:36.570700919,T,TGT,I,42,92.155
2025-12-03,9:39:41.006604946,T,TGT,I,23,92.15
2025-12-03,9:39:41.006604946,T,TGT,I,1,92.15
2025-12-03,9:39:41.006610994,T,TGT,I,24,92.15
2025-12-03,9:39:41.006610994,T,TGT,I,1,92.15
2025-12-03,9:39:41.006944829,T,TGT,F I,16,92.13
2025-12-03,9:39:41.006947777,T,TGT,F I,11,92.13
2025-12-03,9:39:41.006953831,T,TGT,F,356,92.13
2025-12-03,9:39:41.006953831,T,TGT,F I,3,92.13
2025-12-03,9:39:41.006956824,T,TGT,F I,25,92.13
2025-12-03,9:39:42.070765110,T,TGT,I,4,92.15
2025-12-03,9:39:42.070768287,T,TGT,I,13,92.15
2025-12-03,9:39:42.070771348,T,TGT,I,28,92.15
2025-12-03,9:39:42.070771348,T,TGT,I,8,92.15
2025-12-03,9:39:42.070774186,T,TGT,I,20,92.15
2025-12-03,9:39:44.224403044,T,TGT,F I,14,92.2
2025-12-03,9:39:44.501922118,T,TGT,I,8,92.21
2025-12-03,9:39:44.930858011,T,TGT,I,50,92.205
2025-12-03,9:39:44.930912064,T,TGT,I,42,92.205
2025-12-03,9:39:45.967917629,T,TGT,F I,2,92.17
2025-12-03,9:39:47.982765829,T,TGT,I,50,92.195
2025-12-03,9:39:48.129274859,T,TGT,I,50,92.2
2025-12-03,9:39:49.316371061,T,TGT,F I,25,92.21
2025-12-03,9:39:49.316371061,T,TGT,F I,25,92.21
2025-12-03,9:39:49.545682329,T,TGT,F I,2,92.26
2025-12-03,9:39:49.545820639,T,TGT,F I,18,92.26
2025-12-03,9:39:49.546037093,T,TGT,F I,26,92.26
2025-12-03,9:39:49.546040511,T,TGT,F I,36,92.26
2025-12-03,9:39:49.771360938,T,TGT,I,1,92.26
2025-12-03,9:39:50.073894094,T,TGT,I,1,92.26
2025-12-03,9:39:50.073945410,T,TGT,I,1,92.26
2025-12-03,9:39:50.073948114,T,TGT,I,15,92.26
2025-12-03,9:39:50.073951056,T,TGT,I,1,92.27
2025-12-03,9:39:50.073951056,T,TGT,I,17,92.28
2025-12-03,9:39:50.073957127,T,TGT,I,11,92.28
2025-12-03,9:39:50.087242447,T,TGT,,300,92.3
2025-12-03,9:39:50.087242447,T,TGT,,100,92.3
2025-12-03,9:39:50.087287575,T,TGT,,100,92.28
2025-12-03,9:39:50.087347687,T,TGT,I,59,92.28
2025-12-03,9:39:50.087368736,T,TGT,I,41,92.28
2025-12-03,9:39:50.087416892,T,TGT,,100,92.27
2025-12-03,9:39:50.087435055,T,TGT,I,1,92.27
2025-12-03,9:39:50.087483084,T,TGT,,100,92.26
2025-12-03,9:39:50.087489030,T,TGT,,100,92.26
2025-12-03,9:39:50.087735690,T,TGT,F I,1,92.27
2025-12-03,9:39:50.087780767,T,TGT,I,19,92.25
2025-12-03,9:39:50.087793370,T,TGT,I,81,92.25
2025-12-03,9:39:50.088469450,T,TGT,,100,92.25
2025-12-03,9:39:50.088505576,T,TGT,I,1,92.25
2025-12-03,9:39:50.088508545,T,TGT,I,21,92.25
2025-12-03,9:39:50.088508545,T,TGT,,100,92.25
2025-12-03,9:39:58.169733049,T,TGT,F I,25,92.28
2025-12-03,9:39:58.256149981,T,TGT,,100,92.27
2025-12-03,9:39:58.277834630,T,TGT,F,100,92.26
2025-12-03,9:39:58.278707073,T,TGT,F I,25,92.27
2025-12-03,9:39:58.278707073,T,TGT,F,100,92.28
2025-12-03,9:39:58.278709756,T,TGT,F I,18,92.28
2025-12-03,9:39:58.278727771,T,TGT,I,1,92.28
2025-12-03,9:39:58.278745755,T,TGT,I,6,92.28
2025-12-03,9:39:58.279558081,T,TGT,F I,19,92.28
2025-12-03,9:39:58.279558081,T,TGT,F I,6,92.28
2025-12-03,9:39:59.815857679,T,TGT,I,63,92.36
2025-12-03,9:39:59.815875800,T,TGT,F I,45,92.36
2025-12-03,9:39:59.815875800,T,TGT,F I,21,92.36
2025-12-03,9:39:59.815881848,T,TGT,F I,1,92.36
2025-12-03,9:39:59.815881848,T,TGT,F I,27,92.36
2025-12-03,9:39:59.815960034,T,TGT,,400,92.36
2025-12-03,9:39:59.815990191,T,TGT,I,9,92.35
2025-12-03,9:40:01.169442637,T,TGT,I,25,92.36
2025-12-03,9:40:01.169442637,T,TGT,I,75,92.37
2025-12-03,9:40:02.201678712,T,TGT,I,1,92.375
2025-12-03,9:40:05.544725349,T,TGT,F I,1,92.3
2025-12-03,9:40:05.544728572,T,TGT,F,100,92.3
2025-12-03,9:40:05.544731126,T,TGT,F I,25,92.3
2025-12-03,9:40:05.547575845,T,TGT,,127,92.29
2025-12-03,9:40:07.550945565,T,TGT,,100,92.25
2025-12-03,9:40:07.550960667,T,TGT,I,1,92.25
2025-12-03,9:40:07.550963767,T,TGT,I,73,92.25
2025-12-03,9:40:07.550963767,T,TGT,I,26,92.25
2025-12-03,9:40:11.324408034,T,TGT,,100,92.26
2025-12-03,9:40:16.307266537,T,TGT,I,57,92.335
2025-12-03,9:40:21.550495041,T,TGT,F I,25,92.335
2025-12-03,9:40:21.550495041,T,TGT,F I,16,92.335
2025-12-03,9:40:21.551403650,T,TGT,F,100,92.38
2025-12-03,9:40:21.551403650,T,TGT,F I,20,92.39
2025-12-03,9:40:21.551407176,T,TGT,F,127,92.39
2025-12-03,9:40:21.551412353,T,TGT,F I,75,92.39
2025-12-03,9:40:21.551412353,T,TGT,F I,11,92.4
2025-12-03,9:40:21.551415329,T,TGT,F,127,92.4
2025-12-03,9:40:21.551415329,T,TGT,F I,21,92.4
2025-12-03,9:40:21.551418187,T,TGT,F,120,92.41
2025-12-03,9:40:21.551647058,T,TGT,F I,25,92.43
2025-12-03,9:40:21.552130860,T,TGT,F I,1,92.43
2025-12-03,9:40:21.552155001,T,TGT,F I,19,92.4
2025-12-03,9:40:21.552209063,T,TGT,F I,34,92.39
2025-12-03,9:40:21.742905442,T,TGT,F I,50,92.39
2025-12-03,9:40:22.940325205,T,TGT,I,58,92.43
2025-12-03,9:40:28.024039068,T,TGT,F,100,92.42
2025-12-03,9:40:28.024041740,T,TGT,F,198,92.44
2025-12-03,9:40:28.024041740,T,TGT,F I,3,92.44
2025-12-03,9:40:28.024057244,T,TGT,I,1,92.44
2025-12-03,9:40:28.024123653,T,TGT,F I,25,92.44
2025-12-03,9:40:28.024126691,T,TGT,F I,74,92.44
2025-12-03,9:40:28.033998396,T,TGT,F I,5,92.47
2025-12-03,9:40:28.034287075,T,TGT,I,13,92.45
2025-12-03,9:40:28.110293166,T,TGT,I,29,92.42
2025-12-03,9:40:28.187408873,T,TGT,I,21,92.39
2025-12-03,9:40:28.266271769,T,TGT,I,14,92.39
2025-12-03,9:40:28.346379626,T,TGT,I,10,92.39
2025-12-03,9:40:28.424475744,T,TGT,I,7,92.39
2025-12-03,9:40:28.501762816,T,TGT,I,5,92.39
2025-12-03,9:40:28.578929649,T,TGT,I,3,92.39
2025-12-03,9:40:28.658195486,T,TGT,I,3,92.39
2025-12-03,9:40:28.735999964,T,TGT,I,2,92.39
2025-12-03,9:40:28.816435500,T,TGT,I,1,92.39
2025-12-03,9:40:28.895148084,T,TGT,I,1,92.39
2025-12-03,9:40:34.529383096,T,TGT,I,10,92.41
2025-12-03,9:40:44.285847714,T,TGT,,127,92.4
2025-12-03,9:40:44.285847714,T,TGT,,100,92.4
2025-12-03,9:40:44.285851110,T,TGT,I,30,92.4
2025-12-03,9:40:44.285854005,T,TGT,I,43,92.39
2025-12-03,9:40:44.285952918,T,TGT,F I,25,92.4
2025-12-03,9:40:44.285964970,T,TGT,F I,25,92.4
2025-12-03,9:40:44.286304691,T,TGT,I,25,92.41
2025-12-03,9:40:44.286322759,T,TGT,F I,25,92.4
2025-12-03,9:40:44.286446125,T,TGT,F I,25,92.4
2025-12-03,9:40:44.286722693,T,TGT,,100,92.33
2025-12-03,9:40:44.297446249,T,TGT,,127,92.385
2025-12-03,9:40:44.297470353,T,TGT,I,73,92.385
2025-12-03,9:41:08.176513230,T,TGT,I,40,92.3
2025-12-03,9:41:08.203129604,T,TGT,F,100,92.29
2025-12-03,9:41:13.154717137,T,TGT,I,1,92.3
2025-12-03,9:41:13.473720129,T,TGT,F,100,92.26
2025-12-03,9:41:13.473723092,T,TGT,F,100,92.26
2025-12-03,9:41:13.473840349,T,TGT,I,1,92.23
2025-12-03,9:41:13.474096187,T,TGT,F I,21,92.25
2025-12-03,9:41:13.474330594,T,TGT,F,120,92.25
2025-12-03,9:41:13.474330594,T,TGT,F I,4,92.25
2025-12-03,9:41:13.474336565,T,TGT,F I,42,92.25
2025-12-03,9:41:13.474336565,T,TGT,F,100,92.27
2025-12-03,9:41:13.474357688,T,TGT,I,54,92.26
2025-12-03,9:41:13.474357688,T,TGT,I,1,92.26
2025-12-03,9:41:13.474396685,T,TGT,I,45,92.26
2025-12-03,9:41:13.474456845,T,TGT,,100,92.26
2025-12-03,9:41:13.474658304,T,TGT,I,20,92.26
2025-12-03,9:41:13.474694523,T,TGT,F I,46,92.26
2025-12-03,9:41:13.474784701,T,TGT,F I,54,92.26
2025-12-03,9:41:13.476008551,T,TGT,F,100,92.28
2025-12-03,9:41:13.476026715,T,TGT,F,100,92.29
2025-12-03,9:41:13.476026715,T,TGT,F I,1,92.29
2025-12-03,9:41:13.476029640,T,TGT,F,100,92.29
2025-12-03,9:41:13.477088135,T,TGT,I,85,92.28
2025-12-03,9:41:13.482540161,T,TGT,I,5,92.27
2025-12-03,9:41:13.482570770,T,TGT,F I,16,92.27
2025-12-03,9:41:13.482573173,T,TGT,F I,1,92.27
2025-12-03,9:41:13.482576261,T,TGT,F I,63,92.27
2025-12-03,9:41:13.482576261,T,TGT,I,1,92.27
2025-12-03,9:41:13.482591201,T,TGT,I,57,92.27
2025-12-03,9:41:13.482690524,T,TGT,F I,1,92.29
2025-12-03,9:41:13.482690524,T,TGT,F I,21,92.29
2025-12-03,9:41:13.482808405,T,TGT,F I,1,92.29
2025-12-03,9:41:13.482813766,T,TGT,F I,57,92.29
2025-12-03,9:41:14.536686492,T,TGT,I,10,92.295
2025-12-03,9:41:19.707273702,T,TGT,F I,10,92.32
2025-12-03,9:41:20.224150994,T,TGT,F,345,92.29
2025-12-03,9:41:20.224150994,T,TGT,F I,55,92.29
2025-12-03,9:41:22.305253035,T,TGT,F I,40,92.35
2025-12-03,9:41:22.311101911,T,TGT,,100,92.38
2025-12-03,9:41:22.311101911,T,TGT,,127,92.4
2025-12-03,9:41:22.312220590,T,TGT,F I,2,92.42
2025-12-03,9:41:24.286195619,T,TGT,F I,2,92.5
2025-12-03,9:41:24.286198338,T,TGT,F I,10,92.5
2025-12-03,9:41:24.286201394,T,TGT,F I,2,92.5
2025-12-03,9:41:24.286201394,T,TGT,F I,3,92.5
2025-12-03,9:41:24.286204342,T,TGT,F I,50,92.5
2025-12-03,9:41:24.286207736,T,TGT,F I,15,92.5
2025-12-03,9:41:24.286207736,T,TGT,F I,13,92.5
2025-12-03,9:41:24.286508095,T,TGT,,100,92.47
2025-12-03,9:41:24.286529262,T,TGT,I,1,92.47
2025-12-03,9:41:24.286631378,T,TGT,F I,19,92.49
2025-12-03,9:41:24.287163834,T,TGT,I,1,92.51
2025-12-03,9:41:24.287163834,T,TGT,,100,92.51
2025-12-03,9:41:24.287407497,T,TGT,F I,19,92.5
2025-12-03,9:41:24.287407497,T,TGT,F I,1,92.5
2025-12-03,9:41:24.287410208,T,TGT,F I,23,92.5
2025-12-03,9:41:24.287413185,T,TGT,F I,97,92.5
2025-12-03,9:41:24.287416307,T,TGT,F I,19,92.5
2025-12-03,9:41:24.287419321,T,TGT,F I,1,92.5
2025-12-03,9:41:24.287422543,T,TGT,F I,80,92.5
2025-12-03,9:41:24.287452348,T,TGT,F I,78,92.5
2025-12-03,9:41:24.287533932,T,TGT,I,19,92.51
2025-12-03,9:41:24.287536698,T,TGT,I,2,92.51
2025-12-03,9:41:24.287540041,T,TGT,I,19,92.51
2025-12-03,9:41:24.287540041,T,TGT,I,20,92.51
2025-12-03,9:41:24.287543149,T,TGT,I,20,92.51
2025-12-03,9:41:24.287543149,T,TGT,I,15,92.51
2025-12-03,9:41:24.287545552,T,TGT,I,5,92.51
2025-12-03,9:41:24.287699442,T,TGT,I,20,92.51
2025-12-03,9:41:24.287699442,T,TGT,I,78,92.51
2025-12-03,9:41:24.287701916,T,TGT,I,3,92.51
2025-12-03,9:41:24.287738310,T,TGT,I,75,92.5
2025-12-03,9:41:24.287741018,T,TGT,I,6,92.51
2025-12-03,9:41:24.287744108,T,TGT,I,1,92.51
2025-12-03,9:41:24.287744108,T,TGT,I,10,92.51
2025-12-03,9:41:24.287747078,T,TGT,I,20,92.51
2025-12-03,9:41:24.287750077,T,TGT,I,11,92.51
2025-12-03,9:41:24.287750077,T,TGT,I,21,92.51
2025-12-03,9:41:24.287840220,T,TGT,F I,15,92.5
2025-12-03,9:41:24.304752502,T,TGT,F,100,92.51
2025-12-03,9:41:26.307412578,T,TGT,I,1,92.57
2025-12-03,9:41:26.307412578,T,TGT,I,1,92.58
2025-12-03,9:41:26.307415598,T,TGT,I,25,92.58
2025-12-03,9:41:26.397290754,T,TGT,F,100,92.59
2025-12-03,9:41:26.401813478,T,TGT,F I,21,92.59
2025-12-03,9:41:30.237921132,T,TGT,I,50,92.58
2025-12-03,9:41:33.606149014,T,TGT,F I,17,92.62
2025-12-03,9:41:33.608560848,T,TGT,F I,1,92.64
2025-12-03,9:41:33.608560848,T,TGT,F,100,92.64
2025-12-03,9:41:33.608614865,T,TGT,I,19,92.63
2025-12-03,9:41:33.608660035,T,TGT,I,19,92.62
2025-12-03,9:41:33.608699093,T,TGT,F I,50,92.62
2025-12-03,9:41:34.396928395,T,TGT,F I,38,92.63
2025-12-03,9:41:34.396934031,T,TGT,F I,21,92.63
2025-12-03,9:41:34.396934031,T,TGT,F I,50,92.63
2025-12-03,9:41:34.401342445,T,TGT,F I,1,92.65
2025-12-03,9:41:34.405847153,T,TGT,F,200,92.66
2025-12-03,9:41:34.405850236,T,TGT,F,200,92.66
2025-12-03,9:41:34.405868262,T,TGT,I,1,92.66
2025-12-03,9:41:34.405899133,T,TGT,,299,92.66
2025-12-03,9:41:34.405899133,T,TGT,I,18,92.67
2025-12-03,9:41:34.405901380,T,TGT,I,19,92.67
2025-12-03,9:41:34.405916430,T,TGT,F,100,92.65
2025-12-03,9:41:34.406042707,T,TGT,,100,92.65
2025-12-03,9:41:43.537892171,T,TGT,F I,1,92.68
2025-12-03,9:41:43.537895133,T,TGT,F I,1,92.69
2025-12-03,9:41:43.537898206,T,TGT,F I,78,92.69
2025-12-03,9:41:43.537916196,T,TGT,F I,69,92.69
2025-12-03,9:41:44.573739949,T,TGT,F I,1,92.73
2025-12-03,9:41:47.791766466,T,TGT,F I,50,92.66
2025-12-03,9:41:47.791817606,T,TGT,I,50,92.66
2025-12-03,9:41:47.791820637,T,TGT,I,71,92.65
2025-12-03,9:41:47.791835652,T,TGT,I,1,92.65
2025-12-03,9:41:47.791839307,T,TGT,I,28,92.65
2025-12-03,9:41:47.791841728,T,TGT,I,21,92.65
2025-12-03,9:41:47.791844735,T,TGT,I,1,92.65
2025-12-03,9:41:47.791844735,T,TGT,F I,50,92.65
2025-12-03,9:41:50.162930465,T,TGT,F I,13,92.71
2025-12-03,9:41:50.169693558,T,TGT,F I,75,92.75
2025-12-03,9:41:50.169744673,T,TGT,I,17,92.72
2025-12-03,9:41:50.169786856,T,TGT,I,81,92.73
2025-12-03,9:41:50.169901103,T,TGT,,100,92.73
2025-12-03,9:41:50.169905077,T,TGT,I,1,92.73
2025-12-03,9:41:50.169905077,T,TGT,I,21,92.73
2025-12-03,9:41:50.170126599,T,TGT,I,17,92.71
2025-12-03,9:41:50.190777110,T,TGT,F,100,92.73
2025-12-03,9:41:50.190777110,T,TGT,F I,55,92.73
2025-12-03,9:41:50.190779788,T,TGT,F I,1,92.73
2025-12-03,9:41:50.190834000,T,TGT,I,20,92.72
2025-12-03,9:41:50.190867050,T,TGT,I,80,92.72
2025-12-03,9:41:50.190888081,T,TGT,I,1,92.72
2025-12-03,9:41:50.277659800,T,TGT,I,8,92.74
2025-12-03,9:41:50.277659800,T,TGT,I,92,92.74
2025-12-03,9:41:50.277677874,T,TGT,I,1,92.74
2025-12-03,9:41:50.290557577,T,TGT,F I,7,92.74
2025-12-03,9:41:50.290557577,T,TGT,F I,1,92.74
2025-12-03,9:41:50.291321328,T,TGT,I,15,92.73
2025-12-03,9:41:50.291324336,T,TGT,I,9,92.73
2025-12-03,9:41:50.291327358,T,TGT,I,8,92.73
2025-12-03,9:41:51.254034940,T,TGT,I,7,92.74
2025-12-03,9:41:51.254037929,T,TGT,I,1,92.74
2025-12-03,9:41:51.254037929,T,TGT,I,8,92.74
2025-12-03,9:41:51.254040869,T,TGT,I,8,92.74
2025-12-03,9:41:51.254043931,T,TGT,I,3,92.74
2025-12-03,9:41:51.254043931,T,TGT,I,8,92.74
2025-12-03,9:41:51.254046943,T,TGT,I,4,92.74
2025-12-03,9:41:51.842239528,T,TGT,F I,25,92.73
2025-12-03,9:41:51.842239528,T,TGT,F I,75,92.72
2025-12-03,9:41:51.842257303,T,TGT,I,25,92.72
2025-12-03,9:41:51.858703500,T,TGT,,100,92.7
2025-12-03,9:41:53.442342245,T,TGT,,100,92.74
2025-12-03,9:41:53.443184304,T,TGT,,100,92.74
2025-12-03,9:41:54.084110246,T,TGT,F I,25,92.74
2025-12-03,9:41:54.590212954,T,TGT,I,10,92.73
2025-12-03,9:41:56.406825785,T,TGT,F I,35,92.76
2025-12-03,9:41:56.406843792,T,TGT,F I,65,92.76
2025-12-03,9:41:56.406879899,T,TGT,I,22,92.74
2025-12-03,9:41:56.406913513,T,TGT,I,25,92.76
2025-12-03,9:41:56.406913513,T,TGT,I,25,92.75
2025-12-03,9:41:56.406916618,T,TGT,I,3,92.74
2025-12-03,9:41:56.406919027,T,TGT,I,22,92.73
2025-12-03,9:41:56.406921971,T,TGT,I,25,92.73
2025-12-03,9:41:56.406937048,T,TGT,I,75,92.745
2025-12-03,9:41:56.406943030,T,TGT,I,1,92.74
2025-12-03,9:41:56.407258866,T,TGT,F I,22,92.76
2025-12-03,9:41:59.054742127,T,TGT,F I,50,92.77
2025-12-03,9:41:59.055304480,T,TGT,F,100,92.78
2025-12-03,9:41:59.055304480,T,TGT,F I,15,92.78
2025-12-03,9:41:59.055307476,T,TGT,F I,1,92.78
2025-12-03,9:41:59.055325551,T,TGT,I,1,92.78
2025-12-03,9:41:59.055325551,T,TGT,F I,24,92.78
2025-12-03,9:41:59.055367684,T,TGT,I,1,92.79
2025-12-03,9:41:59.055491302,T,TGT,I,15,92.78
2025-12-03,9:41:59.055491302,T,TGT,I,2,92.78
2025-12-03,9:41:59.055497045,T,TGT,I,1,92.78
2025-12-03,9:41:59.055497045,T,TGT,I,15,92.78
2025-12-03,9:41:59.055500492,T,TGT,I,7,92.78
2025-12-03,9:41:59.068840169,T,TGT,I,1,92.79
2025-12-03,9:41:59.068843249,T,TGT,I,15,92.79
2025-12-03,9:41:59.068845837,T,TGT,I,1,92.79
2025-12-03,9:41:59.068845837,T,TGT,I,3,92.79
2025-12-03,9:41:59.068848761,T,TGT,I,4,92.79
2025-12-03,9:41:59.069077291,T,TGT,F I,15,92.8
2025-12-03,9:41:59.089408698,T,TGT,I,75,92.8
2025-12-03,9:42:02.201381827,T,TGT,F I,4,92.82
2025-12-03,9:42:02.201423704,T,TGT,F I,2,92.83
2025-12-03,9:42:02.201426746,T,TGT,F I,2,92.83
2025-12-03,9:42:02.265494343,T,TGT,F I,25,92.84
2025-12-03,9:42:02.265497417,T,TGT,F I,25,92.83
2025-12-03,9:42:02.266152986,T,TGT,F I,2,92.8
2025-12-03,9:42:02.332585069,T,TGT,F I,25,92.72
2025-12-03,9:42:02.332587328,T,TGT,I,75,92.72
2025-12-03,9:42:03.146909272,T,TGT,I,30,92.75
2025-12-03,9:42:03.146945311,T,TGT,,100,92.75
2025-12-03,9:42:07.166510639,T,TGT,,100,92.755
2025-12-03,9:42:07.177462690,T,TGT,,100,92.755
2025-12-03,9:42:07.937962490,T,TGT,,100,92.755
2025-12-03,9:42:07.938861609,T,TGT,,100,92.755
2025-12-03,9:42:07.939511236,T,TGT,,100,92.755
2025-12-03,9:42:08.027055722,T,TGT,,100,92.755
2025-12-03,9:42:08.711618715,T,TGT,,100,92.755
2025-12-03,9:42:08.711681811,T,TGT,,100,92.755
2025-12-03,9:42:12.068305955,T,TGT,I,38,92.75
2025-12-03,9:42:12.322651564,T,TGT,F I,1,92.79
2025-12-03,9:42:12.322675585,T,TGT,F I,19,92.79
2025-12-03,9:42:12.323033494,T,TGT,F I,1,92.81
2025-12-03,9:42:12.323096676,T,TGT,,100,92.81
2025-12-03,9:42:12.323105717,T,TGT,I,75,92.82
2025-12-03,9:42:12.323114683,T,TGT,,100,92.82
2025-12-03,9:42:12.323989760,T,TGT,I,75,92.82
2025-12-03,9:42:12.324032365,T,TGT,I,25,92.82
2025-12-03,9:42:12.324344668,T,TGT,I,75,92.81
2025-12-03,9:42:14.273756871,T,TGT,I,40,92.8
2025-12-03,9:42:15.492686811,T,TGT,I,11,92.8
2025-12-03,9:42:33.452367452,T,TGT,F I,25,92.8
2025-12-03,9:42:34.561545010,T,TGT,I,11,92.82
2025-12-03,9:42:40.581484991,T,TGT,F I,43,92.82
2025-12-03,9:42:43.263529629,T,TGT,,127,92.835
2025-12-03,9:42:43.445700609,T,TGT,I,99,92.81
2025-12-03,9:42:43.445718877,T,TGT,F I,1,92.81
2025-12-03,9:42:43.445718877,T,TGT,,100,92.835
2025-12-03,9:42:43.445766830,T,TGT,F,100,92.825
2025-12-03,9:42:45.332585725,T,TGT,F,200,92.84
2025-12-03,9:42:45.332588004,T,TGT,F,100,92.82
2025-12-03,9:42:45.332590980,T,TGT,F,300,92.82
2025-12-03,9:42:45.332593997,T,TGT,F,100,92.82
2025-12-03,9:42:45.332606000,T,TGT,F,100,92.82
2025-12-03,9:42:45.332786357,T,TGT,F,100,92.82
2025-12-03,9:42:45.333232021,T,TGT,F,100,92.81
2025-12-03,9:42:45.333234530,T,TGT,F,100,92.81
2025-12-03,9:42:45.333523220,T,TGT,F I,50,92.8
2025-12-03,9:42:45.333532213,T,TGT,F,100,92.815
2025-12-03,9:42:45.333541205,T,TGT,F I,50,92.8
2025-12-03,9:42:45.340099868,T,TGT,,100,92.8
2025-12-03,9:42:45.340099868,T,TGT,,100,92.79
2025-12-03,9:42:45.340120878,T,TGT,F,100,92.79
2025-12-03,9:42:45.340584051,T,TGT,,100,92.79
2025-12-03,9:42:45.340584051,T,TGT,,100,92.79
2025-12-03,9:42:45.444201807,T,TGT,I,11,92.78
2025-12-03,9:42:45.714993977,T,TGT,F I,25,92.78
2025-12-03,9:42:47.251086828,T,TGT,I,7,92.75
2025-12-03,9:42:47.251104798,T,TGT,F,193,92.77
2025-12-03,9:42:47.251107783,T,TGT,,107,92.77
2025-12-03,9:42:47.251107783,T,TGT,I,86,92.75
2025-12-03,9:42:47.251128620,T,TGT,I,1,92.75
2025-12-03,9:42:47.251128620,T,TGT,I,6,92.75
2025-12-03,9:42:47.251131720,T,TGT,I,94,92.75
2025-12-03,9:42:47.251134647,T,TGT,I,6,92.75
2025-12-03,9:42:47.251159159,T,TGT,I,26,92.76
2025-12-03,9:42:47.251165020,T,TGT,I,49,92.76
2025-12-03,9:42:47.251195049,T,TGT,F I,15,92.76
2025-12-03,9:42:47.251249003,T,TGT,,100,92.76
2025-12-03,9:42:47.251808977,T,TGT,F,100,92.77
2025-12-03,9:42:47.252169829,T,TGT,F I,75,92.77
2025-12-03,9:42:47.252173289,T,TGT,F,100,92.77
2025-12-03,9:42:47.252175317,T,TGT,F I,28,92.76
2025-12-03,9:42:47.252175317,T,TGT,F I,1,92.76
2025-12-03,9:42:47.252178160,T,TGT,F I,20,92.76
2025-12-03,9:42:47.252202179,T,TGT,I,1,92.76
2025-12-03,9:42:47.267358378,T,TGT,F I,17,92.78
2025-12-03,9:42:47.267400405,T,TGT,I,83,92.78
2025-12-03,9:42:47.267400405,T,TGT,,100,92.78
2025-12-03,9:42:47.267403460,T,TGT,I,30,92.78
2025-12-03,9:42:47.267403460,T,TGT,I,1,92.78
2025-12-03,9:42:47.267406412,T,TGT,I,3,92.78
2025-12-03,9:42:47.267626636,T,TGT,F I,24,92.78
2025-12-03,9:42:47.267629745,T,TGT,F,100,92.79
2025-12-03,9:42:47.267632616,T,TGT,F,100,92.78
2025-12-03,9:42:47.267635172,T,TGT,F I,18,92.78
2025-12-03,9:42:47.267637951,T,TGT,F I,82,92.78
2025-12-03,9:42:47.267710125,T,TGT,I,3,92.78
2025-12-03,9:42:47.267725192,T,TGT,F I,97,92.78
2025-12-03,9:42:47.267725192,T,TGT,F I,3,92.78
2025-12-03,9:42:47.267728263,T,TGT,F I,95,92.78
2025-12-03,9:42:47.267797379,T,TGT,,100,92.78
2025-12-03,9:42:47.329188588,T,TGT,,100,92.765
2025-12-03,9:42:47.329218730,T,TGT,,100,92.75
2025-12-03,9:42:50.405664925,T,TGT,F I,25,92.71
2025-12-03,9:42:50.405734086,T,TGT,,100,92.725
2025-12-03,9:42:50.406329764,T,TGT,,100,92.725
2025-12-03,9:42:53.312762873,T,TGT,F I,1,92.74
2025-12-03,9:43:04.277767445,T,TGT,F,300,92.765
2025-12-03,9:43:04.277770404,T,TGT,F I,25,92.76
2025-12-03,9:43:04.277773498,T,TGT,F I,25,92.75
2025-12-03,9:43:04.277773498,T,TGT,F I,55,92.74
2025-12-03,9:43:04.278636515,T,TGT,F I,35,92.73
2025-12-03,9:43:04.278643293,T,TGT,F,100,92.73
2025-12-03,9:43:04.278643293,T,TGT,F,200,92.73
2025-12-03,9:43:04.278646406,T,TGT,,140,92.73
2025-12-03,9:43:04.278693808,T,TGT,I,25,92.74
2025-12-03,9:43:04.278697052,T,TGT,I,75,92.75
2025-12-03,9:43:04.278717742,T,TGT,I,1,92.75
2025-12-03,9:43:04.279090573,T,TGT,,100,92.74
2025-12-03,9:43:04.279097117,T,TGT,I,75,92.74
2025-12-03,9:43:04.279097117,T,TGT,I,1,92.74
2025-12-03,9:43:04.279114689,T,TGT,F,100,92.74
2025-12-03,9:43:04.279177848,T,TGT,I,38,92.73
2025-12-03,9:43:04.279189787,T,TGT,I,24,92.75
2025-12-03,9:43:04.279189787,T,TGT,I,76,92.75
2025-12-03,9:43:04.281757934,T,TGT,,100,92.73
2025-12-03,9:43:04.281760963,T,TGT,,424,92.72
2025-12-03,9:43:04.281782654,T,TGT,F I,76,92.72
2025-12-03,9:43:04.281782654,T,TGT,F I,24,92.72
2025-12-03,9:43:04.295061693,T,TGT,F,100,92.73
2025-12-03,9:43:04.295064652,T,TGT,F I,2,92.73
2025-12-03,9:43:04.297058371,T,TGT,F I,25,92.73
2025-12-03,9:43:04.297082723,T,TGT,F,100,92.745
2025-12-03,9:43:04.297082723,T,TGT,F I,75,92.73
2025-12-03,9:43:04.297085464,T,TGT,F,240,92.73
2025-12-03,9:43:04.297088465,T,TGT,,100,92.73
2025-12-03,9:43:04.297169665,T,TGT,I,40,92.73
2025-12-03,9:43:04.297241841,T,TGT,I,60,92.73
2025-12-03,9:43:04.297566598,T,TGT,I,86,92.73
2025-12-03,9:43:04.297596902,T,TGT,I,14,92.73
2025-12-03,9:43:04.297599998,T,TGT,,100,92.73
2025-12-03,9:43:04.297599998,T,TGT,,100,92.73
2025-12-03,9:43:04.297602641,T,TGT,,100,92.73
2025-12-03,9:43:04.363712205,T,TGT,F,100,92.74
2025-12-03,9:43:04.363712205,T,TGT,F I,26,92.74
2025-12-03,9:43:04.363802573,T,TGT,I,26,92.73
2025-12-03,9:43:04.363805437,T,TGT,I,32,92.73
2025-12-03,9:43:08.915969394,T,TGT,,200,92.765
2025-12-03,9:43:08.916582898,T,TGT,,100,92.765
2025-12-03,9:43:12.572214929,T,TGT,,203,92.775
2025-12-03,9:43:14.568626226,T,TGT,I,11,92.775
2025-12-03,9:43:16.080965188,T,TGT,F I,5,92.83
2025-12-03,9:43:16.080968170,T,TGT,F I,72,92.83
2025-12-03,9:43:16.080968170,T,TGT,F I,49,92.83
2025-12-03,9:43:16.123399282,T,TGT,F,144,92.85
2025-12-03,9:43:16.123402289,T,TGT,F,144,92.85
2025-12-03,9:43:16.123426475,T,TGT,F,355,92.85
2025-12-03,9:43:16.123426475,T,TGT,I,1,92.85
2025-12-03,9:43:16.123429380,T,TGT,I,53,92.85
2025-12-03,9:43:16.123447659,T,TGT,F I,69,92.85
2025-12-03,9:43:16.123447659,T,TGT,F,100,92.85
2025-12-03,9:43:16.123910543,T,TGT,I,5,92.86
2025-12-03,9:43:16.143541245,T,TGT,F I,1,92.87
2025-12-03,9:43:16.143893126,T,TGT,F I,3,92.88
2025-12-03,9:43:16.152096599,T,TGT,F I,1,92.88
2025-12-03,9:43:16.152193643,T,TGT,I,59,92.88
2025-12-03,9:43:16.279116305,T,TGT,I,1,92.89
2025-12-03,9:43:16.280981456,T,TGT,I,27,92.88
2025-12-03,9:43:16.280983772,T,TGT,,200,92.88
2025-12-03,9:43:16.281711469,T,TGT,I,38,92.88
2025-12-03,9:43:21.653550226,T,TGT,I,3,92.88
2025-12-03,9:43:21.653550226,T,TGT,I,27,92.88
2025-12-03,9:43:24.572333950,T,TGT,I,12,92.9
2025-12-03,9:43:25.174323085,T,TGT,I,75,92.895
2025-12-03,9:43:28.406997375,T,TGT,I,80,92.91
2025-12-03,9:43:28.407024592,T,TGT,I,21,92.92
2025-12-03,9:43:28.407066568,T,TGT,I,29,92.92
2025-12-03,9:43:28.407087862,T,TGT,F I,75,92.91
2025-12-03,9:43:28.407091461,T,TGT,F I,15,92.9
2025-12-03,9:43:28.407091461,T,TGT,F I,4,92.9
2025-12-03,9:43:28.407093646,T,TGT,F I,24,92.9
2025-12-03,9:43:28.407142015,T,TGT,F,127,92.905
2025-12-03,9:43:28.407142015,T,TGT,F I,25,92.89
2025-12-03,9:43:28.407159767,T,TGT,I,75,92.9
2025-12-03,9:43:28.407262068,T,TGT,I,75,92.89
2025-12-03,9:43:28.407280149,T,TGT,I,26,92.89
2025-12-03,9:43:28.407286138,T,TGT,I,1,92.89
2025-12-03,9:43:28.407286138,T,TGT,I,48,92.89
2025-12-03,9:43:28.407361298,T,TGT,F,100,92.89
2025-12-03,9:43:28.407364256,T,TGT,F I,15,92.89
2025-12-03,9:43:28.407926878,T,TGT,F I,4,92.89
2025-12-03,9:43:28.407926878,T,TGT,F I,25,92.89
2025-12-03,9:43:28.407929780,T,TGT,F I,15,92.89
2025-12-03,9:43:28.421633311,T,TGT,,100,92.89
2025-12-03,9:43:28.480092569,T,TGT,,100,92.89
2025-12-03,9:43:38.760754740,T,TGT,F I,29,92.86
2025-12-03,9:43:38.760754740,T,TGT,F I,32,92.86
2025-12-03,9:43:38.760760238,T,TGT,F I,1,92.86
2025-12-03,9:43:38.760760238,T,TGT,F,100,92.86
2025-12-03,9:43:38.760763074,T,TGT,F I,1,92.86
2025-12-03,9:43:39.454661383,T,TGT,I,38,92.85
2025-12-03,9:43:39.454666130,T,TGT,I,26,92.85
2025-12-03,9:43:39.454681392,T,TGT,F,274,92.85
2025-12-03,9:43:39.454684212,T,TGT,F I,34,92.85
2025-12-03,9:43:39.454687144,T,TGT,F,200,92.85
2025-12-03,9:43:39.473067004,T,TGT,F,100,92.79
2025-12-03,9:43:39.473067004,T,TGT,F I,10,92.79
2025-12-03,9:43:39.505778967,T,TGT,F I,3,92.74
2025-12-03,9:43:39.505778967,T,TGT,F,100,92.74
2025-12-03,9:43:39.505781952,T,TGT,F,100,92.74
2025-12-03,9:43:39.506157803,T,TGT,F,100,92.73
2025-12-03,9:43:40.258321810,T,TGT,I,13,92.76
2025-12-03,9:43:40.324795129,T,TGT,F I,25,92.73
2025-12-03,9:43:40.324798165,T,TGT,F I,75,92.73
2025-12-03,9:43:40.324798165,T,TGT,F I,1,92.73
2025-12-03,9:43:40.324807180,T,TGT,F I,24,92.73
2025-12-03,9:43:40.324810163,T,TGT,F I,76,92.72
2025-12-03,9:43:40.324828273,T,TGT,I,24,92.72
2025-12-03,9:43:40.324912896,T,TGT,F I,16,92.71
2025-12-03,9:43:40.325110902,T,TGT,I,25,92.72
2025-12-03,9:43:40.325110902,T,TGT,I,75,92.73
2025-12-03,9:43:40.325128933,T,TGT,I,1,92.73
2025-12-03,9:43:40.325366467,T,TGT,F I,25,92.69
2025-12-03,9:43:40.338468717,T,TGT,I,75,92.66
2025-12-03,9:43:40.338468717,T,TGT,I,1,92.66
2025-12-03,9:43:40.432184031,T,TGT,,100,92.635
2025-12-03,9:43:41.377943114,T,TGT,I,24,92.645
2025-12-03,9:43:42.814621850,T,TGT,I,75,92.655
2025-12-03,9:43:42.814673024,T,TGT,I,25,92.655
2025-12-03,9:43:48.875585511,T,TGT,I,75,92.665
2025-12-03,9:43:48.875588548,T,TGT,,127,92.665
2025-12-03,9:43:49.184424218,T,TGT,F I,56,92.66
2025-12-03,9:43:49.343256588,T,TGT,F,100,92.62
2025-12-03,9:43:49.343262674,T,TGT,F I,51,92.62
2025-12-03,9:43:49.343277995,T,TGT,F I,49,92.62
2025-12-03,9:44:00.837399089,T,TGT,,100,92.57
2025-12-03,9:44:00.837402157,T,TGT,,100,92.57
2025-12-03,9:44:00.838178171,T,TGT,I,1,92.53
2025-12-03,9:44:00.838180917,T,TGT,,100,92.53
2025-12-03,9:44:00.838650043,T,TGT,,100,92.53
2025-12-03,9:44:01.339658692,T,TGT,F,100,92.49
2025-12-03,9:44:01.341745672,T,TGT,I,75,92.42
2025-12-03,9:44:01.341772800,T,TGT,F I,25,92.42
2025-12-03,9:44:02.735379822,T,TGT,I,25,92.47
2025-12-03,9:44:02.735383239,T,TGT,I,25,92.48
2025-12-03,9:44:02.735385968,T,TGT,,127,92.48
2025-12-03,9:44:02.735385968,T,TGT,I,26,92.49
2025-12-03,9:44:03.431012263,T,TGT,F I,25,92.5
2025-12-03,9:44:03.431012263,T,TGT,F I,25,92.49
2025-12-03,9:44:07.159152938,T,TGT,F I,25,92.5
2025-12-03,9:44:07.159155959,T,TGT,F I,1,92.5
2025-12-03,9:44:07.687066595,T,TGT,F I,4,92.5
2025-12-03,9:44:07.687069624,T,TGT,F I,18,92.5
2025-12-03,9:44:09.357928221,T,TGT,F I,25,92.47
2025-12-03,9:44:12.677106762,T,TGT,,100,92.45
2025-12-03,9:44:15.212219137,T,TGT,F I,13,92.41
2025-12-03,9:44:22.409072040,T,TGT,F I,50,92.43
2025-12-03,9:44:23.966414563,T,TGT,,100,92.46
2025-12-03,9:44:23.966416396,T,TGT,I,2,92.47
2025-12-03,9:44:23.966419284,T,TGT,I,2,92.47
2025-12-03,9:44:23.966434357,T,TGT,F,298,92.47
2025-12-03,9:44:23.966885430,T,TGT,I,75,92.46
2025-12-03,9:44:23.966885430,T,TGT,I,25,92.46
2025-12-03,9:44:23.967059777,T,TGT,I,30,92.46
2025-12-03,9:44:23.967062774,T,TGT,I,70,92.46
2025-12-03,9:44:23.967847617,T,TGT,F I,60,92.48
2025-12-03,9:44:23.967871760,T,TGT,F I,40,92.48
2025-12-03,9:44:23.967910833,T,TGT,F I,60,92.5
2025-12-03,9:44:23.967967916,T,TGT,I,12,92.48
2025-12-03,9:44:23.968055217,T,TGT,F I,12,92.5
2025-12-03,9:44:23.968106460,T,TGT,I,30,92.48
2025-12-03,9:44:23.968199511,T,TGT,I,30,92.47
2025-12-03,9:44:23.968388916,T,TGT,F I,30,92.49
2025-12-03,9:44:23.968392376,T,TGT,F I,30,92.49
2025-12-03,9:44:23.968413255,T,TGT,F I,12,92.5
2025-12-03,9:44:23.968668762,T,TGT,I,67,92.48
2025-12-03,9:44:23.968668762,T,TGT,I,93,92.48
2025-12-03,9:44:23.969240000,T,TGT,I,13,92.5
2025-12-03,9:44:23.969399408,T,TGT,F I,50,92.5
2025-12-03,9:44:23.969940603,T,TGT,,127,92.5
2025-12-03,9:44:29.906025744,T,TGT,I,50,92.555
2025-12-03,9:44:31.977432602,T,TGT,I,50,92.555
2025-12-03,9:44:31.977474653,T,TGT,I,50,92.555
2025-12-03,9:44:35.769299334,T,TGT,F I,18,92.6
2025-12-03,9:44:35.769301406,T,TGT,F,100,92.6
2025-12-03,9:44:35.769304326,T,TGT,F I,28,92.6
2025-12-03,9:44:35.769316629,T,TGT,I,73,92.6
2025-12-03,9:44:35.769319308,T,TGT,I,1,92.6
2025-12-03,9:44:35.769334388,T,TGT,F I,26,92.6
2025-12-03,9:44:35.769337309,T,TGT,F I,24,92.6
2025-12-03,9:44:35.769346376,T,TGT,I,16,92.6
2025-12-03,9:44:38.827518106,T,TGT,F I,1,92.67
2025-12-03,9:44:38.827563199,T,TGT,F,300,92.68
2025-12-03,9:44:38.828176640,T,TGT,F,119,92.7
2025-12-03,9:44:38.828194787,T,TGT,I,31,92.7
2025-12-03,9:44:38.828197728,T,TGT,,324,92.7
2025-12-03,9:44:40.353677990,T,TGT,F,200,92.7
2025-12-03,9:44:40.353681072,T,TGT,F,116,92.7
2025-12-03,9:44:40.353681072,T,TGT,F I,60,92.7
2025-12-03,9:44:40.354700541,T,TGT,I,13,92.68
2025-12-03,9:44:41.616001597,T,TGT,,100,92.67
2025-12-03,9:44:41.616061504,T,TGT,F,100,92.66
2025-12-03,9:44:43.692132517,T,TGT,F I,3,92.69
2025-12-03,9:44:44.516631081,T,TGT,I,1,92.72
2025-12-03,9:44:44.516631081,T,TGT,I,2,92.73
2025-12-03,9:44:44.516633996,T,TGT,I,25,92.73
2025-12-03,9:44:44.516637055,T,TGT,I,22,92.74
2025-12-03,9:44:44.516640002,T,TGT,I,22,92.74
2025-12-03,9:44:44.516640002,T,TGT,,100,92.75
2025-12-03,9:44:44.516642942,T,TGT,,100,92.76
2025-12-03,9:44:44.516642942,T,TGT,I,19,92.77
2025-12-03,9:44:44.617743613,T,TGT,I,11,92.75
2025-12-03,9:44:47.148164122,T,TGT,F I,69,92.77
2025-12-03,9:44:51.423175761,T,TGT,F I,50,92.83
2025-12-03,9:44:51.423226849,T,TGT,F I,50,92.83
2025-12-03,9:44:57.590138771,T,TGT,,100,92.82
2025-12-03,9:45:01.751266092,T,TGT,,100,92.825
2025-12-03,9:45:01.751912672,T,TGT,,100,92.825
2025-12-03,9:45:01.751912672,T,TGT,I,75,92.825
2025-12-03,9:45:01.752616528,T,TGT,,127,92.825
2025-12-03,9:45:02.750766331,T,TGT,F I,12,92.82
2025-12-03,9:45:02.750769297,T,TGT,F I,10,92.82
2025-12-03,9:45:02.751151989,T,TGT,F,100,92.8
2025-12-03,9:45:02.751154130,T,TGT,F I,2,92.8
2025-12-03,9:45:02.752471310,T,TGT,F I,30,92.82
2025-12-03,9:45:02.752480324,T,TGT,F I,16,92.82
2025-12-03,9:45:02.753063691,T,TGT,,100,92.82
2025-12-03,9:45:02.753066799,T,TGT,I,33,92.82
2025-12-03,9:45:02.753084747,T,TGT,,100,92.84
2025-12-03,9:45:02.753105804,T,TGT,I,1,92.83
2025-12-03,9:45:02.753126836,T,TGT,F I,13,92.82
2025-12-03,9:45:06.733995767,T,TGT,F I,31,92.76
2025-12-03,9:45:06.734010829,T,TGT,F I,25,92.76
2025-12-03,9:45:06.734035079,T,TGT,F,100,92.75
2025-12-03,9:45:06.734038194,T,TGT,F I,12,92.75
2025-12-03,9:45:06.734040910,T,TGT,F,100,92.75
2025-12-03,9:45:06.734056816,T,TGT,I,1,92.75
2025-12-03,9:45:06.734056816,T,TGT,I,30,92.75
2025-12-03,9:45:09.002230597,T,TGT,F,100,92.7
2025-12-03,9:45:09.002233732,T,TGT,F I,30,92.7
2025-12-03,9:45:09.003253008,T,TGT,I,5,92.67
2025-12-03,9:45:09.003256041,T,TGT,I,8,92.67
2025-12-03,9:45:09.048760435,T,TGT,I,10,92.7
2025-12-03,9:45:09.048763441,T,TGT,,100,92.7
2025-12-03,9:45:09.130155482,T,TGT,F I,50,92.67
2025-12-03,9:45:14.340828099,T,TGT,F,100,92.62
2025-12-03,9:45:14.340831058,T,TGT,F I,10,92.62
2025-12-03,9:45:14.341594916,T,TGT,I,11,92.61
2025-12-03,9:45:15.298218973,T,TGT,F I,63,92.6
2025-12-03,9:45:15.298267067,T,TGT,F I,37,92.6
2025-12-03,9:45:15.298273072,T,TGT,I,34,92.57
2025-12-03,9:45:15.298333491,T,TGT,F I,48,92.59
2025-12-03,9:45:15.298348235,T,TGT,I,19,92.58
2025-12-03,9:45:15.298348235,T,TGT,F I,9,92.58
2025-12-03,9:45:15.298351244,T,TGT,F I,39,92.59
2025-12-03,9:45:15.298354459,T,TGT,F I,13,92.59
2025-12-03,9:45:15.298357317,T,TGT,F I,34,92.59
2025-12-03,9:45:15.298390990,T,TGT,F I,34,92.58
2025-12-03,9:45:15.298390990,T,TGT,F I,16,92.58
2025-12-03,9:45:15.298402389,T,TGT,F I,34,92.58
2025-12-03,9:45:15.298402389,T,TGT,F I,50,92.58
2025-12-03,9:45:15.298424058,T,TGT,I,5,92.57
2025-12-03,9:45:15.298462470,T,TGT,I,34,92.58
2025-12-03,9:45:15.298579838,T,TGT,F I,20,92.58
2025-12-03,9:45:15.298979774,T,TGT,I,20,92.58
2025-12-03,9:45:16.611375365,T,TGT,I,8,92.6
2025-12-03,9:45:16.611405484,T,TGT,I,19,92.58
2025-12-03,9:45:16.611417425,T,TGT,I,36,92.59
2025-12-03,9:45:16.662190701,T,TGT,,127,92.65
2025-12-03,9:45:16.662193438,T,TGT,,127,92.66
2025-12-03,9:45:16.662193438,T,TGT,,127,92.67
2025-12-03,9:45:16.662196456,T,TGT,I,57,92.68
2025-12-03,9:45:16.662241559,T,TGT,I,64,92.63
2025-12-03,9:45:17.994559767,T,TGT,I,5,92.64
2025-12-03,9:45:17.994583805,T,TGT,F I,35,92.64
2025-12-03,9:45:17.994586876,T,TGT,F I,64,92.64
2025-12-03,9:45:19.049716462,T,TGT,I,5,92.675
2025-12-03,9:45:19.062172160,T,TGT,I,11,92.68
2025-12-03,9:45:19.274508020,T,TGT,I,9,92.68
2025-12-03,9:45:26.117087641,T,TGT,I,5,92.69
2025-12-03,9:45:26.117162707,T,TGT,I,35,92.7
2025-12-03,9:45:26.117180814,T,TGT,I,60,92.7
2025-12-03,9:45:27.078628427,T,TGT,I,6,92.67
2025-12-03,9:45:33.287565589,T,TGT,,100,92.68
2025-12-03,9:45:34.551407464,T,TGT,I,50,92.715
2025-12-03,9:45:39.163720782,T,TGT,I,11,92.71
2025-12-03,9:45:39.969520524,T,TGT,I,10,92.71
2025-12-03,9:45:42.797535903,T,TGT,I,10,92.68
2025-12-03,9:45:42.801899292,T,TGT,I,11,92.71
2025-12-03,9:45:42.808283461,T,TGT,I,10,92.69
2025-12-03,9:45:52.113349332,T,TGT,F I,41,92.68
2025-12-03,9:45:52.113351967,T,TGT,F I,50,92.68
2025-12-03,9:45:52.113355519,T,TGT,F I,11,92.68
2025-12-03,9:45:52.113357754,T,TGT,F I,21,92.68
2025-12-03,9:45:52.113360768,T,TGT,F I,11,92.68
2025-12-03,9:45:52.113517089,T,TGT,F,300,92.67
2025-12-03,9:45:52.114377204,T,TGT,F I,1,92.65
2025-12-03,9:45:52.130784526,T,TGT,F I,50,92.64
2025-12-03,9:45:53.885924617,T,TGT,I,10,92.61
2025-12-03,9:46:01.749144906,T,TGT,F,100,92.6
2025-12-03,9:46:01.749878630,T,TGT,I,41,92.6
2025-12-03,9:46:01.749878630,T,TGT,I,59,92.61
2025-12-03,9:46:04.384380062,T,TGT,I,26,92.56
2025-12-03,9:46:04.384383367,T,TGT,,100,92.56
2025-12-03,9:46:04.384383367,T,TGT,,108,92.56
2025-12-03,9:46:04.386451954,T,TGT,F I,20,92.53
2025-12-03,9:46:04.387997609,T,TGT,I,11,92.55
2025-12-03,9:46:06.329922699,T,TGT,F I,6,92.58
2025-12-03,9:46:06.329925469,T,TGT,F I,1,92.58
2025-12-03,9:46:06.329925469,T,TGT,F I,4,92.58
2025-12-03,9:46:06.329928038,T,TGT,F I,3,92.58
2025-12-03,9:46:06.329973205,T,TGT,I,30,92.565
2025-12-03,9:46:06.329976177,T,TGT,I,37,92.55
2025-12-03,9:46:06.330099467,T,TGT,I,43,92.55
2025-12-03,9:46:06.330099467,T,TGT,I,24,92.54
2025-12-03,9:46:06.330535487,T,TGT,I,67,92.54
2025-12-03,9:46:06.330601630,T,TGT,F I,37,92.56
2025-12-03,9:46:06.330712972,T,TGT,F I,30,92.57
2025-12-03,9:46:06.330791158,T,TGT,I,17,92.56
2025-12-03,9:46:06.330884401,T,TGT,F I,2,92.57
2025-12-03,9:46:06.330992606,T,TGT,I,37,92.55
2025-12-03,9:46:06.330995613,T,TGT,I,30,92.55
2025-12-03,9:46:06.331068102,T,TGT,F I,37,92.57
2025-12-03,9:46:06.331831735,T,TGT,I,2,92.55
2025-12-03,9:46:06.331834585,T,TGT,I,15,92.55
2025-12-03,9:46:06.331895656,T,TGT,F I,11,92.57
2025-12-03,9:46:06.331898501,T,TGT,F I,30,92.58
2025-12-03,9:46:06.331900737,T,TGT,F,100,92.58
2025-12-03,9:46:06.331903743,T,TGT,F I,15,92.59
2025-12-03,9:46:06.331957851,T,TGT,,100,92.56
2025-12-03,9:46:06.351182997,T,TGT,F,100,92.58
2025-12-03,9:46:06.351182997,T,TGT,F I,30,92.59
2025-12-03,9:46:06.351185988,T,TGT,F,100,92.59
2025-12-03,9:46:06.351185988,T,TGT,F,100,92.59
2025-12-03,9:46:06.351200698,T,TGT,I,1,92.59
2025-12-03,9:46:06.351290913,T,TGT,I,99,92.59
2025-12-03,9:46:06.351290913,T,TGT,I,1,92.59
2025-12-03,9:46:06.351308972,T,TGT,I,2,92.59
2025-12-03,9:46:06.351318061,T,TGT,F I,14,92.58
2025-12-03,9:46:06.351318061,T,TGT,F I,12,92.58
2025-12-03,9:46:06.351348120,T,TGT,I,39,92.58
2025-12-03,9:46:06.351462416,T,TGT,F,100,92.58
2025-12-03,9:46:06.351582839,T,TGT,F I,39,92.58
2025-12-03,9:46:06.351586053,T,TGT,F I,14,92.58
2025-12-03,9:46:06.351586053,T,TGT,F I,39,92.58
2025-12-03,9:46:06.898074545,T,TGT,I,2,92.59
2025-12-03,9:46:06.898098619,T,TGT,F I,10,92.58
2025-12-03,9:46:08.084569311,T,TGT,I,3,92.56
2025-12-03,9:46:12.905907455,T,TGT,F I,5,92.64
2025-12-03,9:46:12.905910476,T,TGT,F I,8,92.64
2025-12-03,9:46:12.905910476,T,TGT,F I,1,92.64
2025-12-03,9:46:16.339505715,T,TGT,I,11,92.64
2025-12-03,9:46:20.446287721,T,TGT,F I,6,92.69
2025-12-03,9:46:21.558559476,T,TGT,I,4,92.66
2025-12-03,9:46:22.734682426,T,TGT,F I,5,92.71
2025-12-03,9:46:24.752086558,T,TGT,F I,50,92.71
2025-12-03,9:46:24.752131771,T,TGT,F I,50,92.71
2025-12-03,9:46:26.055388694,T,TGT,F,100,92.68
2025-12-03,9:46:26.055388694,T,TGT,F I,15,92.68
2025-12-03,9:46:26.055391654,T,TGT,F I,7,92.68
2025-12-03,9:46:26.055394692,T,TGT,F I,28,92.68
2025-12-03,9:46:26.055394692,T,TGT,F I,3,92.68
2025-12-03,9:46:26.055397872,T,TGT,F I,15,92.68
2025-12-03,9:46:26.055397872,T,TGT,F I,1,92.68
2025-12-03,9:46:31.610556071,T,TGT,I,8,92.64
2025-12-03,9:46:31.610577107,T,TGT,F I,4,92.64
2025-12-03,9:46:31.610577107,T,TGT,F I,24,92.64
2025-12-03,9:46:31.610583106,T,TGT,F,100,92.64
2025-12-03,9:46:43.536211580,T,TGT,F I,5,92.67
2025-12-03,9:46:43.537098703,T,TGT,,100,92.68
2025-12-03,9:46:43.589269983,T,TGT,F I,2,92.72
2025-12-03,9:46:44.171974143,T,TGT,F I,12,92.74
2025-12-03,9:46:44.738379564,T,TGT,,100,92.695
2025-12-03,9:46:47.969496315,T,TGT,F,128,92.7
2025-12-03,9:46:49.363371022,T,TGT,,100,92.7
2025-12-03,9:46:54.609242700,T,TGT,I,12,92.7
2025-12-03,9:46:54.728551934,T,TGT,I,5,92.7
2025-12-03,9:46:57.907810148,T,TGT,I,56,92.7
2025-12-03,9:47:02.257979989,T,TGT,,100,92.66
2025-12-03,9:47:02.257986264,T,TGT,,100,92.65
2025-12-03,9:47:02.257986264,T,TGT,I,81,92.65
2025-12-03,9:47:02.258004582,T,TGT,F I,19,92.65
2025-12-03,9:47:02.258004582,T,TGT,F I,59,92.65
2025-12-03,9:47:02.258010540,T,TGT,F I,10,92.65
2025-12-03,9:47:02.258010540,T,TGT,F I,12,92.65
2025-12-03,9:47:02.258325715,T,TGT,I,40,92.65
2025-12-03,9:47:02.258401780,T,TGT,,100,92.65
2025-12-03,9:47:02.258455062,T,TGT,I,40,92.65
2025-12-03,9:47:02.258677574,T,TGT,I,40,92.65
2025-12-03,9:47:02.258677574,T,TGT,,100,92.65
2025-12-03,9:47:02.259372284,T,TGT,I,11,92.65
2025-12-03,9:47:02.259841749,T,TGT,,100,92.66
2025-12-03,9:47:02.259841749,T,TGT,I,1,92.66
2025-12-03,9:47:02.263377864,T,TGT,F I,21,92.66
2025-12-03,9:47:03.025835240,T,TGT,I,20,92.66
2025-12-03,9:47:03.035121437,T,TGT,F I,2,92.65
2025-12-03,9:47:03.035124392,T,TGT,F I,45,92.65
2025-12-03,9:47:03.035876210,T,TGT,F I,2,92.66
2025-12-03,9:47:03.556530617,T,TGT,I,5,92.64
2025-12-03,9:47:03.556533679,T,TGT,I,4,92.64
2025-12-03,9:47:03.556765149,T,TGT,F I,13,92.66
2025-12-03,9:47:03.557583297,T,TGT,I,72,92.64
2025-12-03,9:47:03.557583297,T,TGT,I,13,92.64
2025-12-03,9:47:03.557586125,T,TGT,I,2,92.64
2025-12-03,9:47:03.557586125,T,TGT,I,13,92.64
2025-12-03,9:47:03.557619200,T,TGT,F,100,92.63
2025-12-03,9:47:03.557622182,T,TGT,F I,63,92.63
2025-12-03,9:47:03.861950289,T,TGT,F,100,92.63
2025-12-03,9:47:03.861953334,T,TGT,F I,2,92.64
2025-12-03,9:47:03.861953334,T,TGT,F,150,92.64
2025-12-03,9:47:03.861956270,T,TGT,F I,14,92.64
2025-12-03,9:47:03.861959236,T,TGT,F,100,92.64
2025-12-03,9:47:03.861980292,T,TGT,I,1,92.64
2025-12-03,9:47:03.861983368,T,TGT,I,42,92.64
2025-12-03,9:47:03.862112656,T,TGT,F I,2,92.63
2025-12-03,9:47:12.679551139,T,TGT,I,6,92.59
2025-12-03,9:47:22.365685005,T,TGT,F,100,92.55
2025-12-03,9:47:22.365685005,T,TGT,F,100,92.55
2025-12-03,9:47:22.365687690,T,TGT,F I,25,92.55
2025-12-03,9:47:22.365705281,T,TGT,I,1,92.55
2025-12-03,9:47:22.365708289,T,TGT,,100,92.55
2025-12-03,9:47:22.365756609,T,TGT,I,5,92.55
2025-12-03,9:47:22.368499089,T,TGT,I,14,92.55
2025-12-03,9:47:22.368499089,T,TGT,I,5,92.54
2025-12-03,9:47:22.368502308,T,TGT,,100,92.54
2025-12-03,9:47:22.368502308,T,TGT,I,27,92.53
2025-12-03,9:47:22.368790711,T,TGT,I,73,92.53
2025-12-03,9:47:22.368790711,T,TGT,I,1,92.52
2025-12-03,9:47:22.368793627,T,TGT,I,88,92.51
2025-12-03,9:47:22.371698641,T,TGT,I,21,92.535
2025-12-03,9:47:22.387883191,T,TGT,,100,92.535
2025-12-03,9:47:27.029591356,T,TGT,I,7,92.53
2025-12-03,9:47:29.659485790,T,TGT,,100,92.52
2025-12-03,9:47:33.194512645,T,TGT,I,6,92.52
2025-12-03,9:47:37.868683083,T,TGT,I,43,92.575
2025-12-03,9:47:39.850458568,T,TGT,,100,92.575
2025-12-03,9:47:41.234532776,T,TGT,I,7,92.54
2025-12-03,9:47:46.072539709,T,TGT,I,4,92.54
2025-12-03,9:47:51.522561434,T,TGT,I,8,92.54
2025-12-03,9:48:00.247517595,T,TGT,I,3,92.51
2025-12-03,9:48:00.247538591,T,TGT,F I,97,92.51
2025-12-03,9:48:00.247542092,T,TGT,F,100,92.51
2025-12-03,9:48:00.247545244,T,TGT,F I,20,92.51
2025-12-03,9:48:00.247545244,T,TGT,F I,99,92.51
2025-12-03,9:48:00.247547594,T,TGT,F I,3,92.51
2025-12-03,9:48:01.396762513,T,TGT,F,100,92.55
2025-12-03,9:48:01.396762513,T,TGT,F I,3,92.55
2025-12-03,9:48:01.396819897,T,TGT,I,36,92.52
2025-12-03,9:48:01.396819897,T,TGT,I,7,92.52
2025-12-03,9:48:01.396831620,T,TGT,I,36,92.52
2025-12-03,9:48:01.396849678,T,TGT,F I,36,92.55
2025-12-03,9:48:01.397357897,T,TGT,I,43,92.53
2025-12-03,9:48:01.397734431,T,TGT,,100,92.53
2025-12-03,9:48:01.397736896,T,TGT,I,43,92.53
2025-12-03,9:48:01.397740240,T,TGT,,200,92.53
2025-12-03,9:48:01.397740240,T,TGT,,100,92.53
2025-12-03,9:48:01.397745812,T,TGT,I,4,92.53
2025-12-03,9:48:07.481584927,T,TGT,I,8,92.55
2025-12-03,9:48:10.941595015,T,TGT,,100,92.58
2025-12-03,9:48:10.960341690,T,TGT,I,6,92.58
2025-12-03,9:48:11.176607934,T,TGT,F,121,92.55
2025-12-03,9:48:11.218828563,T,TGT,F,100,92.54
2025-12-03,9:48:12.949556812,T,TGT,I,2,92.55
2025-12-03,9:48:14.182265727,T,TGT,F I,96,92.57
2025-12-03,9:48:17.339670842,T,TGT,F,100,92.58
2025-12-03,9:48:17.339673944,T,TGT,,200,92.58
2025-12-03,9:48:18.286879504,T,TGT,I,50,92.6
2025-12-03,9:48:18.507785837,T,TGT,,100,92.6
2025-12-03,9:48:19.190559409,T,TGT,I,8,92.57
2025-12-03,9:48:27.538561715,T,TGT,I,5,92.57
2025-12-03,9:48:27.538642900,T,TGT,F I,14,92.59
2025-12-03,9:48:31.495553847,T,TGT,F I,14,92.58
2025-12-03,9:48:31.497755092,T,TGT,F I,15,92.59
2025-12-03,9:48:31.498239273,T,TGT,I,75,92.6
2025-12-03,9:48:31.498260376,T,TGT,I,1,92.6
2025-12-03,9:48:31.498777663,T,TGT,I,25,92.62
2025-12-03,9:48:31.498777663,T,TGT,I,75,92.62
2025-12-03,9:48:31.498798644,T,TGT,F I,25,92.62
2025-12-03,9:48:31.625710576,T,TGT,I,23,92.62
2025-12-03,9:48:31.625710576,T,TGT,,100,92.61
2025-12-03,9:48:31.625712985,T,TGT,I,19,92.61
2025-12-03,9:48:31.625737050,T,TGT,F I,23,92.61
2025-12-03,9:48:31.625974882,T,TGT,F,100,92.6
2025-12-03,9:48:32.648103783,T,TGT,I,10,92.56
2025-12-03,9:48:32.648118823,T,TGT,F I,90,92.56
2025-12-03,9:48:32.648121826,T,TGT,F I,1,92.56
2025-12-03,9:48:32.648218033,T,TGT,,100,92.56
2025-12-03,9:48:42.056017545,T,TGT,F I,11,92.53
2025-12-03,9:48:42.056020395,T,TGT,F I,1,92.53
2025-12-03,9:48:42.056023034,T,TGT,F I,51,92.53
2025-12-03,9:48:42.056023034,T,TGT,F,100,92.53
2025-12-03,9:48:46.988557311,T,TGT,I,7,92.52
2025-12-03,9:48:46.988575325,T,TGT,F I,93,92.52
2025-12-03,9:48:46.988575325,T,TGT,F,100,92.52
2025-12-03,9:48:46.988984472,T,TGT,I,75,92.54
2025-12-03,9:48:46.988984472,T,TGT,I,36,92.55
2025-12-03,9:48:46.988987264,T,TGT,I,25,92.55
2025-12-03,9:48:46.989005541,T,TGT,F I,75,92.55
2025-12-03,9:48:46.989026322,T,TGT,I,1,92.55
2025-12-03,9:48:46.989026322,T,TGT,I,20,92.55
2025-12-03,9:48:46.989679301,T,TGT,I,15,92.58
2025-12-03,9:48:46.989679301,T,TGT,I,30,92.58
2025-12-03,9:48:46.989681977,T,TGT,I,34,92.58
2025-12-03,9:48:46.989700245,T,TGT,I,29,92.58
2025-12-03,9:48:46.989700245,T,TGT,I,15,92.58
2025-12-03,9:48:46.990487908,T,TGT,I,19,92.57
2025-12-03,9:48:46.991062254,T,TGT,I,10,92.565
2025-12-03,9:48:46.991221643,T,TGT,F I,73,92.58
2025-12-03,9:48:46.991242782,T,TGT,F,402,92.58
2025-12-03,9:48:46.991242782,T,TGT,F,100,92.58
2025-12-03,9:48:46.991246972,T,TGT,F,100,92.58
2025-12-03,9:48:46.991371941,T,TGT,I,39,92.58
2025-12-03,9:48:47.016406566,T,TGT,,100,92.59
2025-12-03,9:48:47.069308589,T,TGT,,100,92.59
2025-12-03,9:48:47.092719378,T,TGT,,100,92.59
2025-12-03,9:48:47.196737151,T,TGT,,100,92.59
2025-12-03,9:48:50.970828369,T,TGT,F I,50,92.6
2025-12-03,9:48:50.970834300,T,TGT,F I,20,92.6
2025-12-03,9:48:50.970834300,T,TGT,F I,10,92.6
2025-12-03,9:48:50.970836565,T,TGT,F,100,92.6
2025-12-03,9:48:50.970839570,T,TGT,F I,11,92.6
2025-12-03,9:48:50.971970269,T,TGT,F I,11,92.62
2025-12-03,9:48:50.972243969,T,TGT,F I,14,92.63
2025-12-03,9:48:51.021937342,T,TGT,I,35,92.62
2025-12-03,9:48:51.782810008,T,TGT,I,65,92.62
2025-12-03,9:48:51.782812988,T,TGT,I,11,92.62
2025-12-03,9:48:56.109063828,T,TGT,F I,5,92.64
2025-12-03,9:48:56.109063828,T,TGT,F I,30,92.64
2025-12-03,9:48:56.109081892,T,TGT,F I,60,92.64
2025-12-03,9:48:56.612048027,T,TGT,I,20,92.66
2025-12-03,9:48:58.966648522,T,TGT,,100,92.65
2025-12-03,9:48:58.966651566,T,TGT,I,36,92.65
2025-12-03,9:48:58.966670330,T,TGT,F I,2,92.65
2025-12-03,9:48:58.966670330,T,TGT,F I,38,92.65
2025-12-03,9:48:58.966672639,T,TGT,F I,38,92.65
2025-12-03,9:48:58.966684669,T,TGT,F I,36,92.65
2025-12-03,9:48:59.263603022,T,TGT,I,9,92.62
2025-12-03,9:49:01.022445495,T,TGT,F I,5,92.62
2025-12-03,9:49:01.022445495,T,TGT,F I,37,92.62
2025-12-03,9:49:01.022448254,T,TGT,F I,22,92.62
2025-12-03,9:49:05.233377231,T,TGT,F I,1,92.64
2025-12-03,9:49:06.389854356,T,TGT,F I,1,92.66
2025-12-03,9:49:06.390624229,T,TGT,F I,2,92.68
2025-12-03,9:49:06.463141958,T,TGT,I,28,92.66
2025-12-03,9:49:06.463346380,T,TGT,I,14,92.66
2025-12-03,9:49:07.749745199,T,TGT,,100,92.675
2025-12-03,9:49:08.422586046,T,TGT,I,9,92.66
2025-12-03,9:49:08.435258259,T,TGT,I,75,92.69
2025-12-03,9:49:11.172730836,T,TGT,I,10,92.675
2025-12-03,9:49:14.172891308,T,TGT,I,75,92.66
2025-12-03,9:49:14.172891308,T,TGT,I,25,92.66
2025-12-03,9:49:19.072887979,T,TGT,,102,92.66
2025-12-03,9:49:19.072887979,T,TGT,I,75,92.66
2025-12-03,9:49:19.072890814,T,TGT,I,11,92.665
2025-12-03,9:49:19.072890814,T,TGT,,127,92.67
2025-12-03,9:49:19.072894125,T,TGT,,127,92.68
2025-12-03,9:49:19.072894125,T,TGT,I,58,92.69
2025-12-03,9:49:19.085193208,T,TGT,I,13,92.66
2025-12-03,9:49:19.840592760,T,TGT,I,9,92.63
2025-12-03,9:49:25.016190320,T,TGT,I,91,92.63
2025-12-03,9:49:25.016190320,T,TGT,I,27,92.63
2025-12-03,9:49:25.016195938,T,TGT,,100,92.63
2025-12-03,9:49:28.101389984,T,TGT,,100,92.64
2025-12-03,9:49:28.101489206,T,TGT,F I,50,92.64
2025-12-03,9:49:28.115881489,T,TGT,,100,92.64
2025-12-03,9:49:34.131731513,T,TGT,F,100,92.61
2025-12-03,9:49:34.131734456,T,TGT,F I,8,92.61
2025-12-03,9:49:34.131737475,T,TGT,F I,2,92.61
2025-12-03,9:49:39.386874402,T,TGT,F,100,92.58
2025-12-03,9:49:39.386877332,T,TGT,F I,15,92.58
2025-12-03,9:49:39.386880340,T,TGT,F I,74,92.58
2025-12-03,9:49:39.387442686,T,TGT,F I,50,92.56
2025-12-03,9:49:39.549814410,T,TGT,I,60,92.56
2025-12-03,9:49:39.640173728,T,TGT,F I,84,92.55
2025-12-03,9:49:45.265354099,T,TGT,,183,92.55
2025-12-03,9:49:45.265450243,T,TGT,F,100,92.54
2025-12-03,9:49:45.265453631,T,TGT,F,100,92.54
2025-12-03,9:49:45.265453631,T,TGT,F I,24,92.54
2025-12-03,9:49:45.265474395,T,TGT,I,73,92.54
2025-12-03,9:49:45.265754066,T,TGT,I,3,92.54
2025-12-03,9:49:45.271136851,T,TGT,,100,92.535
2025-12-03,9:49:45.290346570,T,TGT,,100,92.535
2025-12-03,9:49:48.123011123,T,TGT,I,7,92.55
2025-12-03,9:49:48.123468211,T,TGT,F,100,92.56
2025-12-03,9:49:48.123471140,T,TGT,F I,2,92.56
2025-12-03,9:49:48.123895868,T,TGT,F I,15,92.56
2025-12-03,9:49:48.123898132,T,TGT,F,200,92.56
2025-12-03,9:49:48.123901160,T,TGT,F,100,92.56
2025-12-03,9:49:48.123919326,T,TGT,I,7,92.56
2025-12-03,9:49:48.141938207,T,TGT,,100,92.59
2025-12-03,9:49:48.153142850,T,TGT,I,2,92.59
2025-12-03,9:49:48.153151842,T,TGT,,100,92.595
2025-12-03,9:49:48.226283086,T,TGT,F I,50,92.6
2025-12-03,9:49:48.226328170,T,TGT,F I,50,92.6
2025-12-03,9:49:48.229206035,T,TGT,,100,92.595
2025-12-03,9:49:50.123560113,T,TGT,I,9,92.595
2025-12-03,9:49:50.738792902,T,TGT,I,57,92.61
2025-12-03,9:49:51.330395271,T,TGT,,100,92.61
2025-12-03,9:49:54.655618220,T,TGT,I,10,92.61
2025-12-03,9:50:03.076637205,T,TGT,F I,57,92.59
2025-12-03,9:50:03.076703426,T,TGT,I,45,92.61
2025-12-03,9:50:03.076718961,T,TGT,I,15,92.61
2025-12-03,9:50:03.076754637,T,TGT,,100,92.62
2025-12-03,9:50:03.076754637,T,TGT,I,20,92.62
2025-12-03,9:50:03.076757477,T,TGT,I,42,92.62
2025-12-03,9:50:03.077915241,T,TGT,F I,35,92.6
2025-12-03,9:50:03.077915241,T,TGT,F I,42,92.6
2025-12-03,9:50:03.077918881,T,TGT,F I,20,92.6
2025-12-03,9:50:03.077918881,T,TGT,F I,3,92.6
2025-12-03,9:50:03.077922111,T,TGT,F I,45,92.6
2025-12-03,9:50:03.077922111,T,TGT,F I,15,92.6
2025-12-03,9:50:03.077924352,T,TGT,F I,40,92.6
2025-12-03,9:50:03.077945330,T,TGT,I,1,92.6
2025-12-03,9:50:03.078026674,T,TGT,I,4,92.62
2025-12-03,9:50:03.078026674,T,TGT,,100,92.62
2025-12-03,9:50:03.078029577,T,TGT,I,35,92.62
2025-12-03,9:50:03.078029577,T,TGT,I,1,92.62
2025-12-03,9:50:03.078041722,T,TGT,I,35,92.62
2025-12-03,9:50:03.078140827,T,TGT,F I,10,92.61
2025-12-03,9:50:03.078179862,T,TGT,I,45,92.61
2025-12-03,9:50:03.079764638,T,TGT,F I,10,92.61
2025-12-03,9:50:03.079878987,T,TGT,I,15,92.62
2025-12-03,9:50:03.079939936,T,TGT,I,1,92.63
2025-12-03,9:50:03.079945169,T,TGT,,100,92.63
2025-12-03,9:50:03.080249507,T,TGT,F I,40,92.64
2025-12-03,9:50:03.080249507,T,TGT,F I,45,92.64
2025-12-03,9:50:03.080251912,T,TGT,F I,30,92.64
2025-12-03,9:50:03.080254836,T,TGT,F I,5,92.64
2025-12-03,9:50:03.080468409,T,TGT,I,10,92.63
2025-12-03,9:50:03.095486187,T,TGT,I,35,92.65
2025-12-03,9:50:03.095522255,T,TGT,I,1,92.65
2025-12-03,9:50:03.872630547,T,TGT,F I,3,92.68
2025-12-03,9:50:03.872675656,T,TGT,F I,1,92.69
2025-12-03,9:50:03.872684722,T,TGT,I,11,92.67
2025-12-03,9:50:03.872684722,T,TGT,I,24,92.66
2025-12-03,9:50:03.877295157,T,TGT,F I,34,92.69
2025-12-03,9:50:03.877295157,T,TGT,F I,2,92.69
2025-12-03,9:50:03.877297699,T,TGT,F I,24,92.69
2025-12-03,9:50:03.938084480,T,TGT,F,506,92.7
2025-12-03,9:50:03.989254417,T,TGT,F I,34,92.7
2025-12-03,9:50:03.990607597,T,TGT,I,11,92.7
2025-12-03,9:50:03.995265799,T,TGT,,100,92.68
2025-12-03,9:50:03.995265799,T,TGT,I,8,92.68
2025-12-03,9:50:04.067903841,T,TGT,,127,92.69
2025-12-03,9:50:04.067903841,T,TGT,I,16,92.7
2025-12-03,9:50:06.282042730,T,TGT,F I,59,92.68
2025-12-03,9:50:06.282057888,T,TGT,F I,41,92.68
2025-12-03,9:50:06.282397925,T,TGT,I,43,92.68
2025-12-03,9:50:06.282400556,T,TGT,I,2,92.68
2025-12-03,9:50:09.602463392,T,TGT,F,100,92.67
2025-12-03,9:50:09.602541417,T,TGT,I,20,92.66
2025-12-03,9:50:09.602566180,T,TGT,I,80,92.66
2025-12-03,9:50:09.602566180,T,TGT,,100,92.66
2025-12-03,9:50:09.602568708,T,TGT,,111,92.66
2025-12-03,9:50:09.602980653,T,TGT,,100,92.67
2025-12-03,9:50:09.602983486,T,TGT,I,45,92.67
2025-12-03,9:50:09.603236075,T,TGT,,100,92.67
2025-12-03,9:50:09.604039030,T,TGT,F I,99,92.67
2025-12-03,9:50:09.604069147,T,TGT,I,1,92.67
2025-12-03,9:50:09.604866359,T,TGT,F I,2,92.68
2025-12-03,9:50:09.632261214,T,TGT,I,14,92.68
2025-12-03,9:50:11.721494685,T,TGT,I,20,92.68
2025-12-03,9:50:12.165490413,T,TGT,,100,92.68
2025-12-03,9:50:12.165511695,T,TGT,I,2,92.68
2025-12-03,9:50:12.165511695,T,TGT,I,45,92.68
2025-12-03,9:50:18.488053210,T,TGT,F,100,92.63
2025-12-03,9:50:18.512814192,T,TGT,,100,92.63
2025-12-03,9:50:21.087181374,T,TGT,I,37,92.63
2025-12-03,9:50:21.087181374,T,TGT,I,63,92.65
2025-12-03,9:50:21.087235483,T,TGT,I,16,92.63
2025-12-03,9:50:21.764641388,T,TGT,I,75,92.59
2025-12-03,9:50:32.804930464,T,TGT,F,100,92.61
2025-12-03,9:50:32.804942548,T,TGT,F I,75,92.61
2025-12-03,9:50:32.804942548,T,TGT,F I,25,92.6
2025-12-03,9:50:32.809200665,T,TGT,F,100,92.6
2025-12-03,9:50:32.809216057,T,TGT,F I,2,92.6
2025-12-03,9:50:32.809218926,T,TGT,F I,75,92.6
2025-12-03,9:50:32.809218926,T,TGT,F I,23,92.59
2025-12-03,9:50:34.662230295,T,TGT,I,10,92.615
2025-12-03,9:50:38.004566974,T,TGT,I,4,92.615
2025-12-03,9:50:47.850603101,T,TGT,I,10,92.6
2025-12-03,9:50:49.239991334,T,TGT,F,100,92.63
2025-12-03,9:50:49.239994105,T,TGT,F I,16,92.63
2025-12-03,9:50:49.239997135,T,TGT,F I,43,92.63
2025-12-03,9:50:49.239997135,T,TGT,F,100,92.63
2025-12-03,9:50:49.240003318,T,TGT,F I,1,92.63
2025-12-03,9:50:49.240003318,T,TGT,F I,5,92.63
2025-12-03,9:50:49.240006278,T,TGT,F I,1,92.63
2025-12-03,9:50:49.240006278,T,TGT,F I,1,92.63
2025-12-03,9:50:49.240860140,T,TGT,I,6,92.64
2025-12-03,9:50:49.287423131,T,TGT,F I,19,92.64
2025-12-03,9:50:49.287426126,T,TGT,F I,1,92.64
2025-12-03,9:50:49.861848642,T,TGT,I,50,92.63
2025-12-03,9:50:49.861857636,T,TGT,I,19,92.63
2025-12-03,9:50:59.679743501,T,TGT,,100,92.635
2025-12-03,9:51:11.054204502,T,TGT,,100,92.66
2025-12-03,9:51:11.054206805,T,TGT,I,5,92.66
2025-12-03,9:51:11.067799297,T,TGT,I,5,92.69
2025-12-03,9:51:11.067802223,T,TGT,,100,92.69
2025-12-03,9:51:11.069191569,T,TGT,F I,5,92.7
2025-12-03,9:51:11.263448359,T,TGT,F I,40,92.69
2025-12-03,9:51:14.515013842,T,TGT,I,22,92.7
2025-12-03,9:51:19.668851489,T,TGT,F,138,92.68
2025-12-03,9:51:19.668869230,T,TGT,F,362,92.68
2025-12-03,9:51:19.668920340,T,TGT,F I,54,92.67
2025-12-03,9:51:19.669486329,T,TGT,I,30,92.675
2025-12-03,9:51:19.669488595,T,TGT,I,70,92.69
2025-12-03,9:51:19.669507530,T,TGT,I,1,92.69
2025-12-03,9:51:19.669525716,T,TGT,I,29,92.69
2025-12-03,9:51:19.669525716,T,TGT,I,1,92.69
2025-12-03,9:51:19.669551768,T,TGT,I,70,92.69
2025-12-03,9:51:19.669554910,T,TGT,I,1,92.69
2025-12-03,9:51:19.671034314,T,TGT,,100,92.69
2025-12-03,9:51:19.671061348,T,TGT,I,19,92.69
2025-12-03,9:51:19.671091481,T,TGT,I,29,92.69
2025-12-03,9:51:19.672763458,T,TGT,I,11,92.69
2025-12-03,9:51:19.673443024,T,TGT,I,49,92.69
2025-12-03,9:51:19.766298425,T,TGT,,200,92.66
2025-12-03,9:51:19.766301476,T,TGT,,100,92.66
2025-12-03,9:51:19.766304284,T,TGT,I,5,92.66
2025-12-03,9:51:19.766316342,T,TGT,I,1,92.66
2025-12-03,9:51:19.766319529,T,TGT,I,73,92.66
2025-12-03,9:51:19.766322389,T,TGT,I,30,92.66
2025-12-03,9:51:19.766608592,T,TGT,I,20,92.66
2025-12-03,9:51:19.766608592,T,TGT,,100,92.66
2025-12-03,9:51:19.766613996,T,TGT,,100,92.66
2025-12-03,9:51:19.766613996,T,TGT,,100,92.67
2025-12-03,9:51:19.766644436,T,TGT,I,17,92.68
2025-12-03,9:51:19.766647450,T,TGT,,100,92.68
2025-12-03,9:51:19.766647450,T,TGT,,100,92.68
2025-12-03,9:51:19.766650250,T,TGT,I,34,92.68
2025-12-03,9:51:19.766653130,T,TGT,,100,92.68
2025-12-03,9:51:19.766893659,T,TGT,,100,92.68
2025-12-03,9:51:19.766896822,T,TGT,I,42,92.68
2025-12-03,9:51:19.766896822,T,TGT,I,17,92.68
2025-12-03,9:51:19.766899713,T,TGT,,100,92.68
2025-12-03,9:51:19.801449100,T,TGT,F I,11,92.66
2025-12-03,9:51:19.801476063,T,TGT,I,1,92.66
2025-12-03,9:51:19.801485138,T,TGT,I,30,92.66
2025-12-03,9:51:19.801488143,T,TGT,I,1,92.66
2025-12-03,9:51:22.637595750,T,TGT,I,9,92.65
2025-12-03,9:51:24.531429561,T,TGT,,100,92.68
2025-12-03,9:51:24.531718398,T,TGT,I,13,92.68
2025-12-03,9:51:24.531718398,T,TGT,,187,92.68
2025-12-03,9:51:32.362809968,T,TGT,I,50,92.685
2025-12-03,9:51:33.106662146,T,TGT,I,10,92.67
2025-12-03,9:51:33.106746335,T,TGT,,100,92.71
2025-12-03,9:51:33.106749389,T,TGT,I,5,92.71
2025-12-03,9:51:33.106794433,T,TGT,I,1,92.69
2025-12-03,9:51:33.106800524,T,TGT,F I,11,92.69
2025-12-03,9:51:33.123911241,T,TGT,,107,92.71
2025-12-03,9:51:33.125574230,T,TGT,I,93,92.71
2025-12-03,9:51:39.165571725,T,TGT,I,9,92.71
2025-12-03,9:51:45.741496996,T,TGT,,100,92.7
2025-12-03,9:51:45.741500031,T,TGT,I,39,92.7
2025-12-03,9:51:45.741500031,T,TGT,I,13,92.7
2025-12-03,9:51:45.741503025,T,TGT,,100,92.7
2025-12-03,9:51:45.745809210,T,TGT,F,288,92.69
2025-12-03,9:51:47.299944783,T,TGT,F,100,92.67
2025-12-03,9:51:47.299944783,T,TGT,F I,13,92.67
2025-12-03,9:51:47.922990191,T,TGT,F I,91,92.66
2025-12-03,9:51:48.198738037,T,TGT,I,91,92.65
2025-12-03,9:51:48.198756092,T,TGT,I,58,92.65
2025-12-03,9:51:48.198756092,T,TGT,I,1,92.65
2025-12-03,9:51:48.199122963,T,TGT,F I,17,92.67
2025-12-03,9:51:48.199126282,T,TGT,F,100,92.67
2025-12-03,9:51:48.199126282,T,TGT,F I,32,92.67
2025-12-03,9:51:48.199129192,T,TGT,F,100,92.67
2025-12-03,9:51:48.199222198,T,TGT,F,100,92.67
2025-12-03,9:51:48.199480848,T,TGT,I,6,92.67
2025-12-03,9:51:48.200085271,T,TGT,F I,5,92.68
2025-12-03,9:51:48.213418965,T,TGT,,100,92.67
2025-12-03,9:51:48.381576593,T,TGT,I,5,92.65
2025-12-03,9:51:48.381648754,T,TGT,F I,12,92.67
2025-12-03,9:51:52.061774504,T,TGT,F,100,92.66
2025-12-03,9:51:52.061774504,T,TGT,F I,12,92.66
2025-12-03,9:51:52.061777624,T,TGT,F I,17,92.66
2025-12-03,9:51:52.061777624,T,TGT,F I,27,92.66
2025-12-03,9:51:52.061780503,T,TGT,F I,55,92.66
2025-12-03,9:51:52.061873501,T,TGT,,100,92.65
2025-12-03,9:51:52.672721691,T,TGT,I,3,92.64
2025-12-03,9:51:52.672742867,T,TGT,F I,97,92.64
2025-12-03,9:51:52.672745760,T,TGT,F I,12,92.64
2025-12-03,9:51:53.818905454,T,TGT,F I,54,92.61
2025-12-03,9:51:53.819419576,T,TGT,F,175,92.62
2025-12-03,9:51:53.819446680,T,TGT,F I,25,92.62
2025-12-03,9:51:53.819449640,T,TGT,F,100,92.62
2025-12-03,9:51:53.819452718,T,TGT,F I,22,92.63
2025-12-03,9:51:53.819452718,T,TGT,F I,2,92.63
2025-12-03,9:51:53.819533860,T,TGT,F I,2,92.64
2025-12-03,9:51:53.819585392,T,TGT,F I,29,92.64
2025-12-03,9:51:53.819588376,T,TGT,F I,16,92.64
2025-12-03,9:51:53.819590954,T,TGT,F I,2,92.64
2025-12-03,9:51:53.819663648,T,TGT,I,3,92.63
2025-12-03,9:51:53.819705213,T,TGT,I,37,92.63
2025-12-03,9:51:53.819708300,T,TGT,I,30,92.63
2025-12-03,9:51:53.819852603,T,TGT,F,100,92.64
2025-12-03,9:51:53.820255590,T,TGT,F I,20,92.64
2025-12-03,9:51:53.820625408,T,TGT,F I,11,92.64
2025-12-03,9:51:53.820625408,T,TGT,F I,3,92.64
2025-12-03,9:51:53.820754807,T,TGT,F I,3,92.64
2025-12-03,9:51:53.820754807,T,TGT,F I,10,92.64
2025-12-03,9:51:53.820757911,T,TGT,F I,2,92.64
2025-12-03,9:51:53.820757911,T,TGT,F I,2,92.64
2025-12-03,9:51:53.820760791,T,TGT,F I,10,92.64
2025-12-03,9:51:53.820763745,T,TGT,F I,3,92.64
2025-12-03,9:51:53.822869013,T,TGT,F I,1,92.63
2025-12-03,9:51:53.823680665,T,TGT,F,100,92.64
2025-12-03,9:51:53.823684360,T,TGT,F I,1,92.64
2025-12-03,9:51:53.823684360,T,TGT,F I,15,92.64
2025-12-03,9:51:53.823686685,T,TGT,F I,3,92.64
2025-12-03,9:51:53.823689783,T,TGT,F I,26,92.64
2025-12-03,9:51:53.825060990,T,TGT,F I,60,92.64
2025-12-03,9:51:53.831947439,T,TGT,F I,24,92.63
2025-12-03,9:51:54.017874383,T,TGT,,100,92.61
2025-12-03,9:51:54.429443921,T,TGT,F I,50,92.62
2025-12-03,9:51:56.216944371,T,TGT,I,30,92.61
2025-12-03,9:51:56.216959426,T,TGT,F I,70,92.61
2025-12-03,9:51:56.971616266,T,TGT,I,8,92.6
2025-12-03,9:51:56.971637327,T,TGT,F I,92,92.6
2025-12-03,9:51:59.264176428,T,TGT,F I,11,92.58
2025-12-03,9:51:59.264176428,T,TGT,F I,16,92.58
2025-12-03,9:51:59.264179123,T,TGT,F I,31,92.58
2025-12-03,9:51:59.787618074,T,TGT,F I,1,92.53
2025-12-03,9:51:59.788333816,T,TGT,F I,26,92.545
2025-12-03,9:51:59.788382126,T,TGT,F I,74,92.545
2025-12-03,9:51:59.788382126,T,TGT,F I,26,92.55
2025-12-03,9:51:59.788384868,T,TGT,F I,26,92.56
2025-12-03,9:51:59.788388268,T,TGT,F I,16,92.57
2025-12-03,9:51:59.788391666,T,TGT,F,100,92.57
2025-12-03,9:51:59.788393969,T,TGT,F I,31,92.57
2025-12-03,9:51:59.788399919,T,TGT,F,100,92.57
2025-12-03,9:51:59.788399919,T,TGT,F I,21,92.57
2025-12-03,9:51:59.789527647,T,TGT,I,30,92.545
2025-12-03,9:51:59.789530635,T,TGT,I,1,92.54
2025-12-03,9:51:59.790400550,T,TGT,I,30,92.535
2025-12-03,9:52:00.584862404,T,TGT,,100,92.535
2025-12-03,9:52:00.647994765,T,TGT,,100,92.53
2025-12-03,9:52:05.151458156,T,TGT,I,1,92.54
2025-12-03,9:52:05.151460768,T,TGT,I,27,92.54
2025-12-03,9:52:05.151463842,T,TGT,,345,92.54
2025-12-03,9:52:05.151467025,T,TGT,,100,92.54
2025-12-03,9:52:05.151467025,T,TGT,I,1,92.54
2025-12-03,9:52:05.151469864,T,TGT,I,1,92.54
2025-12-03,9:52:05.151469864,T,TGT,I,5,92.54
2025-12-03,9:52:05.152083274,T,TGT,F I,32,92.54
2025-12-03,9:52:05.152086267,T,TGT,F I,30,92.54
2025-12-03,9:52:05.152098260,T,TGT,F I,1,92.54
2025-12-03,9:52:05.152634190,T,TGT,F,100,92.53
2025-12-03,9:52:05.152636642,T,TGT,F I,34,92.53
2025-12-03,9:52:05.153349237,T,TGT,I,23,92.52
2025-12-03,9:52:05.153373408,T,TGT,F I,77,92.52
2025-12-03,9:52:05.153373408,T,TGT,F,100,92.52
2025-12-03,9:52:05.154792692,T,TGT,,400,92.52
2025-12-03,9:52:05.154792692,T,TGT,I,45,92.52
2025-12-03,9:52:05.155370079,T,TGT,I,10,92.51
2025-12-03,9:52:05.157481311,T,TGT,F I,18,92.5
2025-12-03,9:52:05.157484411,T,TGT,F,100,92.5
2025-12-03,9:52:05.157484411,T,TGT,F I,36,92.5
2025-12-03,9:52:05.157502149,T,TGT,F,100,92.5
2025-12-03,9:52:05.206203261,T,TGT,F I,18,92.49
2025-12-03,9:52:05.206206529,T,TGT,F I,10,92.49
2025-12-03,9:52:05.206206529,T,TGT,F I,45,92.49
2025-12-03,9:52:08.110173531,T,TGT,I,13,92.48
2025-12-03,9:52:09.671580463,T,TGT,F,100,92.45
2025-12-03,9:52:09.675168174,T,TGT,,100,92.45
2025-12-03,9:52:22.257594107,T,TGT,I,7,92.42
2025-12-03,9:52:22.257615195,T,TGT,F I,93,92.42
2025-12-03,9:52:22.257615195,T,TGT,F I,16,92.42
2025-12-03,9:52:22.257618080,T,TGT,F,100,92.42
2025-12-03,9:52:27.429182832,T,TGT,I,19,92.39
2025-12-03,9:52:27.429300097,T,TGT,I,41,92.39
2025-12-03,9:52:27.441981407,T,TGT,I,80,92.39
2025-12-03,9:52:29.845601640,T,TGT,I,7,92.35
2025-12-03,9:52:32.357131067,T,TGT,I,50,92.405
2025-12-03,9:52:32.357197216,T,TGT,I,25,92.405
2025-12-03,9:52:32.695746809,T,TGT,,100,92.4
2025-12-03,9:52:34.685058137,T,TGT,I,15,92.4
2025-12-03,9:52:43.796582827,T,TGT,I,7,92.36
2025-12-03,9:52:45.809584123,T,TGT,F,100,92.35
2025-12-03,9:52:45.809584123,T,TGT,F I,50,92.35
2025-12-03,9:52:45.809587618,T,TGT,F,100,92.35
2025-12-03,9:52:45.809590127,T,TGT,F I,54,92.35
2025-12-03,9:52:45.809590127,T,TGT,F I,46,92.35
2025-12-03,9:52:45.809635054,T,TGT,F,200,92.34
2025-12-03,9:52:45.809638045,T,TGT,F I,37,92.34
2025-12-03,9:52:45.809728226,T,TGT,F I,50,92.34
2025-12-03,9:52:45.809833889,T,TGT,F I,56,92.34
2025-12-03,9:52:45.813854084,T,TGT,I,10,92.34
2025-12-03,9:52:45.813884123,T,TGT,I,5,92.34
2025-12-03,9:52:45.813884123,T,TGT,I,15,92.34
2025-12-03,9:52:52.219589043,T,TGT,I,7,92.33
2025-12-03,9:52:52.419433100,T,TGT,F I,3,92.35
2025-12-03,9:52:52.419442141,T,TGT,F I,34,92.35
2025-12-03,9:52:52.419442141,T,TGT,F I,20,92.35
2025-12-03,9:52:53.657762313,T,TGT,F I,1,92.36
2025-12-03,9:52:53.738158750,T,TGT,F I,7,92.37
2025-12-03,9:52:57.447492864,T,TGT,F I,3,92.37
2025-12-03,9:52:58.932439508,T,TGT,I,12,92.4
2025-12-03,9:52:59.442593479,T,TGT,I,6,92.35
2025-12-03,9:52:59.442614553,T,TGT,F I,94,92.35
2025-12-03,9:52:59.442614553,T,TGT,F I,50,92.35
2025-12-03,9:52:59.442616949,T,TGT,F I,15,92.35
2025-12-03,9:52:59.483102456,T,TGT,F,200,92.34
2025-12-03,9:52:59.483106052,T,TGT,F I,15,92.34
2025-12-03,9:52:59.483120980,T,TGT,I,1,92.34
2025-12-03,9:52:59.483123749,T,TGT,I,73,92.34
2025-12-03,9:52:59.483174582,T,TGT,F I,9,92.34
2025-12-03,9:52:59.483574635,T,TGT,F I,75,92.3
2025-12-03,9:52:59.483577537,T,TGT,F I,25,92.29
2025-12-03,9:52:59.486882433,T,TGT,I,10,92.315
2025-12-03,9:52:59.586440537,T,TGT,I,75,92.315
2025-12-03,9:52:59.586443565,T,TGT,I,25,92.315
2025-12-03,9:53:09.586112622,T,TGT,I,4,92.35
2025-12-03,9:53:14.451626181,T,TGT,I,6,92.28
2025-12-03,9:53:20.994601965,T,TGT,I,5,92.29
2025-12-03,9:53:25.287800985,T,TGT,I,5,92.335
2025-12-03,9:53:29.403640499,T,TGT,I,5,92.3
2025-12-03,9:53:31.924305605,T,TGT,I,30,92.335
2025-12-03,9:53:31.924308616,T,TGT,I,18,92.335
2025-12-03,9:53:31.924762678,T,TGT,I,27,92.335
2025-12-03,9:53:31.924804796,T,TGT,I,3,92.335
2025-12-03,9:53:31.925036347,T,TGT,I,27,92.335
2025-12-03,9:53:31.925331073,T,TGT,I,10,92.335
2025-12-03,9:53:34.243957081,T,TGT,F I,33,92.31
2025-12-03,9:53:34.243959916,T,TGT,F I,17,92.31
2025-12-03,9:53:34.244014045,T,TGT,F I,6,92.31
2025-12-03,9:53:36.746161107,T,TGT,I,23,92.335
2025-12-03,9:53:36.748073599,T,TGT,I,34,92.335
2025-12-03,9:53:40.413361637,T,TGT,F I,1,92.34
2025-12-03,9:53:40.413365053,T,TGT,F I,34,92.34
2025-12-03,9:53:40.413368494,T,TGT,F I,5,92.34
2025-12-03,9:53:40.413368494,T,TGT,F I,2,92.34
2025-12-03,9:53:41.403596776,T,TGT,I,14,92.3
2025-12-03,9:53:50.236404776,T,TGT,F I,16,92.37
2025-12-03,9:53:51.753624356,T,TGT,I,4,92.33
2025-12-03,9:53:52.204927576,T,TGT,I,30,92.33
2025-12-03,9:53:52.204930513,T,TGT,I,70,92.33
2025-12-03,9:53:54.694988835,T,TGT,I,10,92.34
2025-12-03,9:53:55.753570716,T,TGT,I,8,92.34
2025-12-03,9:53:56.351930253,T,TGT,F I,52,92.37
2025-12-03,9:53:56.351933237,T,TGT,F,252,92.37
2025-12-03,9:53:56.351948334,T,TGT,I,1,92.37
2025-12-03,9:53:56.351951321,T,TGT,F,147,92.37
2025-12-03,9:53:56.351975414,T,TGT,F I,50,92.37
2025-12-03,9:53:56.351981374,T,TGT,F I,2,92.37
2025-12-03,9:53:56.352017486,T,TGT,I,8,92.37
2025-12-03,9:53:56.352083649,T,TGT,,100,92.37
2025-12-03,9:53:56.352173814,T,TGT,F I,58,92.38
2025-12-03,9:53:56.352219216,T,TGT,I,42,92.38
2025-12-03,9:53:56.352219216,T,TGT,I,5,92.38
2025-12-03,9:53:56.352221973,T,TGT,I,5,92.38
2025-12-03,9:54:02.409883569,T,TGT,F I,1,92.37
2025-12-03,9:54:02.410181288,T,TGT,F I,99,92.37
2025-12-03,9:54:02.410181288,T,TGT,F I,1,92.37
2025-12-03,9:54:05.415628460,T,TGT,I,4,92.34
2025-12-03,9:54:05.415682625,T,TGT,I,90,92.34
2025-12-03,9:54:05.415685587,T,TGT,I,97,92.34
2025-12-03,9:54:05.415698215,T,TGT,I,3,92.34
2025-12-03,9:54:10.271600228,T,TGT,I,5,92.34
2025-12-03,9:54:10.271603211,T,TGT,I,5,92.33
2025-12-03,9:54:10.271624722,T,TGT,F I,95,92.33
2025-12-03,9:54:10.272015181,T,TGT,I,8,92.35
2025-12-03,9:54:10.272285945,T,TGT,,100,92.36
2025-12-03,9:54:10.272285945,T,TGT,I,41,92.36
2025-12-03,9:54:10.272289634,T,TGT,I,20,92.36
2025-12-03,9:54:10.272289634,T,TGT,,100,92.36
2025-12-03,9:54:11.426805309,T,TGT,F I,1,92.37
2025-12-03,9:54:16.232608668,T,TGT,I,5,92.37
2025-12-03,9:54:16.233643534,T,TGT,I,3,92.37
2025-12-03,9:54:16.233646224,T,TGT,I,30,92.37
2025-12-03,9:54:20.589225961,T,TGT,F I,67,92.37
2025-12-03,9:54:20.589228831,T,TGT,F I,20,92.37
2025-12-03,9:54:20.589231883,T,TGT,F I,41,92.37
2025-12-03,9:54:20.589231883,T,TGT,F,100,92.37
2025-12-03,9:54:21.091232734,T,TGT,,100,92.36
2025-12-03,9:54:21.590352840,T,TGT,,100,92.36
2025-12-03,9:54:24.434570875,T,TGT,I,7,92.35
2025-12-03,9:54:24.434586055,T,TGT,I,93,92.35
2025-12-03,9:54:24.434589002,T,TGT,I,20,92.35
2025-12-03,9:54:37.374573072,T,TGT,I,11,92.33
2025-12-03,9:54:37.374627293,T,TGT,I,9,92.33
2025-12-03,9:54:41.205492838,T,TGT,,100,92.32
2025-12-03,9:54:41.205495811,T,TGT,I,64,92.32
2025-12-03,9:54:44.401543109,T,TGT,F I,1,92.28
2025-12-03,9:54:44.401564132,T,TGT,F I,99,92.28
2025-12-03,9:54:44.401564132,T,TGT,F,100,92.28
2025-12-03,9:54:44.404472642,T,TGT,F I,37,92.31
2025-12-03,9:54:44.404475380,T,TGT,F,100,92.31
2025-12-03,9:54:44.404478138,T,TGT,F I,5,92.31
2025-12-03,9:54:45.994461940,T,TGT,I,1,92.31
2025-12-03,9:54:47.930302804,T,TGT,F I,30,92.31
2025-12-03,9:54:48.671036555,T,TGT,F I,14,92.31
2025-12-03,9:54:48.671036555,T,TGT,F I,38,92.31
2025-12-03,9:54:48.671039636,T,TGT,F I,1,92.31
2025-12-03,9:54:48.671042529,T,TGT,F I,30,92.31
2025-12-03,9:54:54.711410142,T,TGT,,100,92.32
2025-12-03,9:55:03.267119659,T,TGT,F I,24,92.29
2025-12-03,9:55:03.267222057,T,TGT,F,100,92.28
2025-12-03,9:55:03.267225210,T,TGT,F I,84,92.28
2025-12-03,9:55:03.267225210,T,TGT,F I,1,92.28
2025-12-03,9:55:03.267486505,T,TGT,F I,72,92.28
2025-12-03,9:55:03.267531597,T,TGT,F,100,92.27
2025-12-03,9:55:03.267552662,T,TGT,F,200,92.27
2025-12-03,9:55:03.267603787,T,TGT,,136,92.27
2025-12-03,9:55:03.270577821,T,TGT,I,60,92.255
2025-12-03,9:55:03.688955596,T,TGT,,100,92.26
2025-12-03,9:55:04.705882338,T,TGT,I,10,92.26
2025-12-03,9:55:05.322639645,T,TGT,,100,92.24
2025-12-03,9:55:05.322639645,T,TGT,I,1,92.24
2025-12-03,9:55:05.323108728,T,TGT,F,100,92.23
2025-12-03,9:55:05.323150850,T,TGT,F I,5,92.22
2025-12-03,9:55:05.324864945,T,TGT,I,37,92.24
2025-12-03,9:55:05.324868120,T,TGT,I,13,92.24
2025-12-03,9:55:05.324871173,T,TGT,I,5,92.24
2025-12-03,9:55:05.324873961,T,TGT,,100,92.24
2025-12-03,9:55:06.336854098,T,TGT,F I,2,92.26
2025-12-03,9:55:06.336854098,T,TGT,F I,2,92.26
2025-12-03,9:55:06.337945791,T,TGT,I,14,92.28
2025-12-03,9:55:07.868522900,T,TGT,F I,1,92.29
2025-12-03,9:55:07.868522900,T,TGT,F I,13,92.29
2025-12-03,9:55:22.301519425,T,TGT,F,100,92.25
2025-12-03,9:55:22.301521830,T,TGT,F I,37,92.25
2025-12-03,9:55:22.301524885,T,TGT,F,100,92.25
2025-12-03,9:55:22.302790978,T,TGT,F I,1,92.24
2025-12-03,9:55:23.947815024,T,TGT,F I,5,92.26
2025-12-03,9:55:23.947826959,T,TGT,F I,1,92.28
2025-12-03,9:55:23.947833007,T,TGT,F I,1,92.28
2025-12-03,9:55:31.231274795,T,TGT,F I,97,92.25
2025-12-03,9:55:31.231292868,T,TGT,I,1,92.25
2025-12-03,9:55:31.231380074,T,TGT,I,2,92.25
2025-12-03,9:55:31.231533446,T,TGT,I,15,92.26
2025-12-03,9:55:31.231558566,T,TGT,I,8,92.26
2025-12-03,9:55:31.231558566,T,TGT,I,37,92.26
2025-12-03,9:55:31.231587625,T,TGT,I,15,92.26
2025-12-03,9:55:32.069341452,T,TGT,F I,60,92.25
2025-12-03,9:55:32.275888774,T,TGT,F,100,92.24
2025-12-03,9:55:32.275891565,T,TGT,F,100,92.24
2025-12-03,9:55:32.275891565,T,TGT,F I,70,92.24
2025-12-03,9:55:32.275957713,T,TGT,F I,70,92.24
2025-12-03,9:55:32.276065948,T,TGT,I,30,92.24
2025-12-03,9:55:32.276150103,T,TGT,F I,61,92.24
2025-12-03,9:55:32.788946870,T,TGT,F I,39,92.24
2025-12-03,9:55:32.788949884,T,TGT,F I,26,92.24
2025-12-03,9:55:32.920874121,T,TGT,F I,20,92.22
2025-12-03,9:55:32.925054116,T,TGT,F,100,92.23
2025-12-03,9:55:32.925057204,T,TGT,F I,15,92.23
2025-12-03,9:55:32.925060435,T,TGT,F I,1,92.23
2025-12-03,9:55:32.925063060,T,TGT,F I,3,92.23
2025-12-03,9:55:32.925829928,T,TGT,F I,5,92.25
2025-12-03,9:55:33.402429331,T,TGT,F I,5,92.24
2025-12-03,9:55:33.402429331,T,TGT,F I,4,92.24
2025-12-03,9:55:33.402432326,T,TGT,F I,42,92.24
2025-12-03,9:55:33.402474454,T,TGT,I,41,92.24
2025-12-03,9:55:33.427247436,T,TGT,,100,92.215
2025-12-03,9:55:34.712079476,T,TGT,I,9,92.215
2025-12-03,9:55:45.753436089,T,TGT,F I,1,92.21
2025-12-03,9:55:51.364079912,T,TGT,,359,92.24
2025-12-03,9:55:51.364082944,T,TGT,I,41,92.24
2025-12-03,9:55:51.364082944,T,TGT,I,1,92.24
2025-12-03,9:55:51.364085914,T,TGT,I,4,92.24
2025-12-03,9:55:51.364085914,T,TGT,I,5,92.24
2025-12-03,9:55:55.594221572,T,TGT,F I,3,92.3
2025-12-03,9:55:56.188623693,T,TGT,I,75,92.315
2025-12-03,9:55:58.724589471,T,TGT,F I,36,92.32
2025-12-03,9:55:58.724890134,T,TGT,I,5,92.33
2025-12-03,9:55:58.725699081,T,TGT,F I,2,92.34
2025-12-03,9:55:58.725699081,T,TGT,F I,1,92.34
2025-12-03,9:55:58.725702161,T,TGT,F I,4,92.34
2025-12-03,9:55:58.725705076,T,TGT,F I,39,92.34
2025-12-03,9:56:01.351070847,T,TGT,F I,40,92.35
2025-12-03,9:56:01.351073756,T,TGT,F I,1,92.35
2025-12-03,9:56:12.309850479,T,TGT,F I,1,92.32
2025-12-03,9:56:12.309853538,T,TGT,F I,1,92.32
2025-12-03,9:56:12.309856584,T,TGT,F,100,92.32
2025-12-03,9:56:12.309856584,T,TGT,F I,16,92.32
2025-12-03,9:56:12.309874541,T,TGT,F I,84,92.32
2025-12-03,9:56:22.944452202,T,TGT,I,72,92.27
2025-12-03,9:56:22.944455452,T,TGT,,100,92.27
2025-12-03,9:56:22.944458656,T,TGT,I,1,92.27
2025-12-03,9:56:22.949931362,T,TGT,F,200,92.27
2025-12-03,9:56:22.949937269,T,TGT,,122,92.27
2025-12-03,9:56:33.180809172,T,TGT,F,500,92.25
2025-12-03,9:56:33.180812351,T,TGT,F,200,92.25
2025-12-03,9:56:33.185271817,T,TGT,,200,92.25
2025-12-03,9:56:33.192098056,T,TGT,,100,92.26
2025-12-03,9:56:33.192389671,T,TGT,I,50,92.26
2025-12-03,9:56:34.161216777,T,TGT,F I,62,92.25
2025-12-03,9:56:34.161285958,T,TGT,I,47,92.25
2025-12-03,9:56:34.162967525,T,TGT,F I,2,92.26
2025-12-03,9:56:34.162970004,T,TGT,F I,15,92.26
2025-12-03,9:56:34.268169575,T,TGT,F I,2,92.25
2025-12-03,9:56:34.268173216,T,TGT,F I,15,92.25
2025-12-03,9:56:34.268173216,T,TGT,F I,12,92.25
2025-12-03,9:56:34.268175645,T,TGT,F I,15,92.25
2025-12-03,9:56:37.318384308,T,TGT,,100,92.25
2025-12-03,9:56:37.318676052,T,TGT,I,38,92.25
2025-12-03,9:56:37.318676052,T,TGT,I,12,92.25
2025-12-03,9:56:42.778585605,T,TGT,I,9,92.25
2025-12-03,9:56:44.149924691,T,TGT,F I,1,92.27
2025-12-03,9:56:53.711997120,T,TGT,I,45,92.245
2025-12-03,9:56:53.867720443,T,TGT,I,20,92.22
2025-12-03,9:56:53.867724065,T,TGT,I,20,92.22
2025-12-03,9:56:53.867726973,T,TGT,,100,92.22
2025-12-03,9:56:53.867729371,T,TGT,,100,92.22
2025-12-03,9:56:53.867729371,T,TGT,I,19,92.22
2025-12-03,9:56:53.867732114,T,TGT,,280,92.22
2025-12-03,9:56:53.867735193,T,TGT,,100,92.22
2025-12-03,9:56:53.868300551,T,TGT,F I,1,92.2
2025-12-03,9:56:54.721006135,T,TGT,I,9,92.18
2025-12-03,9:57:04.930362025,T,TGT,,100,92.19
2025-12-03,9:57:04.930448774,T,TGT,F I,1,92.2
2025-12-03,9:57:04.930452259,T,TGT,F I,1,92.2
2025-12-03,9:57:06.109885548,T,TGT,I,15,92.21
2025-12-03,9:57:06.109885548,T,TGT,I,25,92.21
2025-12-03,9:57:06.109927729,T,TGT,F I,5,92.22
2025-12-03,9:57:14.936132188,T,TGT,I,1,92.245
2025-12-03,9:57:14.936547223,T,TGT,I,99,92.245
2025-12-03,9:57:14.936547223,T,TGT,I,1,92.245
2025-12-03,9:57:15.499157487,T,TGT,F I,7,92.26
2025-12-03,9:57:15.499169416,T,TGT,I,6,92.26
2025-12-03,9:57:15.499175525,T,TGT,I,1,92.26
2025-12-03,9:57:15.499653689,T,TGT,F I,42,92.26
2025-12-03,9:57:15.499656603,T,TGT,F,600,92.26
2025-12-03,9:57:24.661924349,T,TGT,F,100,92.25
2025-12-03,9:57:24.661926599,T,TGT,F I,33,92.25
2025-12-03,9:57:24.671961979,T,TGT,F,100,92.24
2025-12-03,9:57:24.671965176,T,TGT,F,200,92.24
2025-12-03,9:57:24.671967506,T,TGT,F,100,92.24
2025-12-03,9:57:24.671983255,T,TGT,I,73,92.24
2025-12-03,9:57:24.671985569,T,TGT,I,1,92.24
2025-12-03,9:57:24.671997609,T,TGT,F I,33,92.24
2025-12-03,9:57:24.799724380,T,TGT,I,48,92.22
2025-12-03,9:57:24.799741909,T,TGT,F I,3,92.22
2025-12-03,9:57:26.234120145,T,TGT,F I,50,92.19
2025-12-03,9:57:26.235828310,T,TGT,I,10,92.185
2025-12-03,9:57:29.117581649,T,TGT,I,9,92.2
2025-12-03,9:57:29.117632832,T,TGT,F I,3,92.21
2025-12-03,9:57:34.747426133,T,TGT,I,8,92.2
2025-12-03,9:57:44.749642236,T,TGT,I,9,92.2
2025-12-03,9:57:54.751196730,T,TGT,I,9,92.21
2025-12-03,9:57:58.007210293,T,TGT,F I,25,92.24
2025-12-03,9:57:58.007212806,T,TGT,F I,30,92.24
2025-12-03,9:57:58.007216177,T,TGT,F I,5,92.24
2025-12-03,9:57:58.007219069,T,TGT,F I,5,92.24
2025-12-03,9:57:58.007219069,T,TGT,F I,55,92.24
2025-12-03,9:57:58.007303064,T,TGT,F,200,92.25
2025-12-03,9:58:07.412672224,T,TGT,I,25,92.25
2025-12-03,9:58:07.412693261,T,TGT,I,9,92.25
2025-12-03,9:58:08.563967952,T,TGT,F I,1,92.26
2025-12-03,9:58:08.563971153,T,TGT,F I,1,92.26
2025-12-03,9:58:08.563971153,T,TGT,F I,2,92.26
2025-12-03,9:58:09.938960790,T,TGT,F I,5,92.28
2025-12-03,9:58:29.244332369,T,TGT,F I,18,92.25
2025-12-03,9:58:29.244335382,T,TGT,F,100,92.25
2025-12-03,9:58:29.244636058,T,TGT,F,200,92.24
2025-12-03,9:58:29.244726286,T,TGT,I,7,92.24
2025-12-03,9:58:29.244747333,T,TGT,F I,81,92.24
2025-12-03,9:58:29.328325495,T,TGT,F,100,92.22
2025-12-03,9:58:34.809931648,T,TGT,F I,5,92.25
2025-12-03,9:58:34.809934675,T,TGT,F,100,92.25
2025-12-03,9:58:41.209198110,T,TGT,,100,92.26
2025-12-03,9:58:41.210299116,T,TGT,F I,5,92.27
2025-12-03,9:58:41.245458537,T,TGT,F I,20,92.29
2025-12-03,9:58:52.162195405,T,TGT,,100,92.31
2025-12-03,9:58:52.169370550,T,TGT,F,100,92.35
2025-12-03,9:58:52.169373574,T,TGT,F I,34,92.36
2025-12-03,9:58:52.169373574,T,TGT,F I,19,92.36
2025-12-03,9:58:52.169376473,T,TGT,F I,47,92.36
2025-12-03,9:58:52.173072210,T,TGT,F,100,92.33
2025-12-03,9:59:02.872421178,T,TGT,F,100,92.28
2025-12-03,9:59:02.872664754,T,TGT,F I,19,92.27
2025-12-03,9:59:04.771974587,T,TGT,I,9,92.25
2025-12-03,9:59:04.970044689,T,TGT,F I,83,92.27
2025-12-03,9:59:04.970044689,T,TGT,F I,31,92.27
2025-12-03,9:59:04.970086573,T,TGT,F I,5,92.28
2025-12-03,9:59:04.970104637,T,TGT,F I,31,92.28
2025-12-03,9:59:05.625762633,T,TGT,F,200,92.28
2025-12-03,9:59:05.625771654,T,TGT,F I,31,92.28
2025-12-03,9:59:12.843864963,T,TGT,I,2,92.33
2025-12-03,9:59:12.843864963,T,TGT,I,7,92.33
2025-12-03,9:59:34.099415794,T,TGT,,100,92.315
2025-12-03,9:59:34.775282000,T,TGT,I,9,92.315
2025-12-03,9:59:36.713318491,T,TGT,I,2,92.33
2025-12-03,9:59:36.713321195,T,TGT,I,30,92.33
2025-12-03,9:59:36.713324366,T,TGT,I,25,92.33
2025-12-03,9:59:36.713324366,T,TGT,I,5,92.33
2025-12-03,9:59:36.713327549,T,TGT,I,61,92.33
2025-12-03,9:59:36.713847302,T,TGT,F I,2,92.35
2025-12-03,9:59:36.715765893,T,TGT,,100,92.345
2025-12-03,9:59:39.699576444,T,TGT,I,6,92.33
2025-12-03,9:59:39.699579446,T,TGT,,100,92.33
2025-12-03,9:59:46.509086353,T,TGT,F I,2,92.32
2025-12-03,9:59:46.509296814,T,TGT,F I,7,92.32
2025-12-03,9:59:50.170868187,T,TGT,F,100,92.3
2025-12-03,9:59:50.170886242,T,TGT,F I,12,92.3
2025-12-03,9:59:50.172766302,T,TGT,F I,1,92.3
2025-12-03,9:59:50.172768642,T,TGT,F I,1,92.3
2025-12-03,9:59:53.440034505,T,TGT,F,100,92.33
2025-12-03,9:59:53.440082641,T,TGT,I,5,92.34
2025-12-03,9:59:54.651344410,T,TGT,F I,73,92.32
2025-12-03,9:59:54.651362423,T,TGT,I,1,92.32
2025-12-03,9:59:54.651431601,T,TGT,F I,12,92.34
2025-12-03,9:59:56.240486420,T,TGT,F I,12,92.34
2025-12-03,9:59:57.025786173,T,TGT,F I,1,92.32
2025-12-03,9:59:59.034917737,T,TGT,F I,2,92.345
2025-12-03,9:59:59.042890404,T,TGT,F I,2,92.33
2025-12-03,9:59:59.045608274,T,TGT,F I,25,92.32
2025-12-03,9:59:59.045611206,T,TGT,F I,75,92.32
2025-12-03,9:59:59.045740529,T,TGT,F I,25,92.32
2025-12-03,9:59:59.045743971,T,TGT,F I,60,92.32
2025-12-03,9:59:59.045746540,T,TGT,F I,15,92.32
2025-12-03,9:59:59.045777246,T,TGT,I,1,92.32
2025-12-03,9:59:59.046645697,T,TGT,F I,12,92.34
2025-12-03,9:59:59.046772012,T,TGT,F I,12,92.35
2025-12-03,9:59:59.046775060,T,TGT,F I,60,92.35
2025-12-03,9:59:59.047596211,T,TGT,F I,12,92.36
2025-12-03,9:59:59.047596211,T,TGT,F I,23,92.36
2025-12-03,9:59:59.051027118,T,TGT,F,131,92.37
2025-12-03,9:59:59.051027118,T,TGT,F I,3,92.37
2025-12-03,9:59:59.051649875,T,TGT,F I,5,92.36
2025-12-03,9:59:59.051652590,T,TGT,F I,16,92.36
2025-12-03,9:59:59.052055557,T,TGT,F I,12,92.35
2025-12-03,9:59:59.052058636,T,TGT,F I,23,92.35
2025-12-03,9:59:59.052058636,T,TGT,F I,23,92.35
2025-12-03,9:59:59.067638677,T,TGT,F I,10,92.36
2025-12-03,9:59:59.067638677,T,TGT,F I,23,92.36
2025-12-03,10:00:00.041620086,T,TGT,F I,12,92.34
2025-12-03,10:00:00.042904730,T,TGT,F I,3,92.36
2025-12-03,10:00:00.043637966,T,TGT,I,9,92.36
2025-12-03,10:00:00.047890140,T,TGT,I,3,92.34
2025-12-03,10:00:00.047890140,T,TGT,I,5,92.34
2025-12-03,10:00:00.335850218,T,TGT,F I,2,92.38
2025-12-03,10:00:00.335850218,T,TGT,F I,2,92.38
2025-12-03,10:00:00.335868371,T,TGT,F I,2,92.38
2025-12-03,10:00:00.335868371,T,TGT,I,4,92.38
2025-12-03,10:00:00.335871166,T,TGT,I,74,92.38
2025-12-03,10:00:00.337612261,T,TGT,I,5,92.39
2025-12-03,10:00:00.337946123,T,TGT,F I,53,92.4
2025-12-03,10:00:00.337949111,T,TGT,F,100,92.4
2025-12-03,10:00:01.206673949,T,TGT,F I,26,92.4
2025-12-03,10:00:01.206673949,T,TGT,F I,4,92.4
2025-12-03,10:00:02.407353245,T,TGT,I,50,92.375
2025-12-03,10:00:02.669523853,T,TGT,,100,92.375
2025-12-03,10:00:06.284084107,T,TGT,I,13,92.37
2025-12-03,10:00:06.284192305,T,TGT,I,30,92.39
2025-12-03,10:00:06.619286629,T,TGT,I,26,92.39
2025-12-03,10:00:06.619334728,T,TGT,F I,50,92.39
2025-12-03,10:00:06.619599404,T,TGT,I,50,92.39
2025-12-03,10:00:07.084723443,T,TGT,I,25,92.39
2025-12-03,10:00:07.084729469,T,TGT,I,46,92.39
2025-12-03,10:00:07.084834691,T,TGT,F I,29,92.39
2025-12-03,10:00:07.085135499,T,TGT,I,50,92.39
2025-12-03,10:00:07.552442739,T,TGT,F I,3,92.42
2025-12-03,10:00:07.553639602,T,TGT,F I,50,92.43
2025-12-03,10:00:07.553642588,T,TGT,F I,5,92.43
2025-12-03,10:00:08.550265000,T,TGT,I,2,92.425
2025-12-03,10:00:08.551624160,T,TGT,I,2,92.425
2025-12-03,10:00:08.991488128,T,TGT,I,2,92.425
2025-12-03,10:00:09.057988516,T,TGT,I,2,92.425
2025-12-03,10:00:09.289431936,T,TGT,I,2,92.425
2025-12-03,10:00:09.349012910,T,TGT,I,2,92.425
2025-12-03,10:00:10.045204532,T,TGT,I,2,92.425
2025-12-03,10:00:10.505312711,T,TGT,I,2,92.425
2025-12-03,10:00:10.505736653,T,TGT,F I,2,92.425
2025-12-03,10:00:10.505781813,T,TGT,,100,92.42
2025-12-03,10:00:10.505803494,T,TGT,F I,2,92.44
2025-12-03,10:00:10.505866016,T,TGT,F I,65,92.425
2025-12-03,10:00:10.545584724,T,TGT,F,100,92.41
2025-12-03,10:00:10.545587655,T,TGT,F,100,92.41
2025-12-03,10:00:10.545587655,T,TGT,F I,2,92.41
2025-12-03,10:00:10.599830864,T,TGT,I,13,92.4
2025-12-03,10:00:10.723247860,T,TGT,F I,50,92.4
2025-12-03,10:00:10.801797991,T,TGT,I,37,92.4
2025-12-03,10:00:10.801800934,T,TGT,I,63,92.39
