DATE,TIME_M,EX,SYM_ROOT,TR_SCOND,SIZE,PRICE
2025-12-23,9:30:01.303619598,T,TGT,F I,5,95.25
2025-12-23,9:30:01.303628556,T,TGT,Q,5,95.25
2025-12-23,9:30:02.851885235,T,TGT,I,1,95.31
2025-12-23,9:30:02.853199278,T,TGT,F I,6,95.31
2025-12-23,9:30:02.853220330,T,TGT,I,93,95.31
2025-12-23,9:30:04.796314405,T,TGT,I,11,95.325
2025-12-23,9:30:10.109753828,T,TGT,,100,95.345
2025-12-23,9:30:13.044012283,T,TGT,I,18,95.29
2025-12-23,9:30:13.044015278,T,TGT,I,2,95.29
2025-12-23,9:30:14.164686143,T,TGT,I,37,95.345
2025-12-23,9:30:24.165266077,T,TGT,F I,1,95.24
2025-12-23,9:30:24.165266077,T,TGT,F I,7,95.24
2025-12-23,9:30:24.165539710,T,TGT,F I,8,95.24
2025-12-23,9:30:24.165599811,T,TGT,F I,8,95.24
2025-12-23,9:30:27.769770254,T,TGT,F I,5,95.2
2025-12-23,9:30:27.769770254,T,TGT,F I,1,95.2
2025-12-23,9:30:27.769773336,T,TGT,F I,1,95.2
2025-12-23,9:30:27.769815361,T,TGT,I,4,95.2
2025-12-23,9:30:27.769893704,T,TGT,I,4,95.2
2025-12-23,9:30:27.769899595,T,TGT,I,7,95.2
2025-12-23,9:30:27.769941644,T,TGT,I,4,95.2
2025-12-23,9:30:27.769989771,T,TGT,I,4,95.2
2025-12-23,9:30:27.770061914,T,TGT,I,4,95.2
2025-12-23,9:30:27.770113143,T,TGT,I,3,95.2
2025-12-23,9:30:27.770284485,T,TGT,I,2,95.18
2025-12-23,9:30:27.770287470,T,TGT,I,2,95.18
2025-12-23,9:30:27.770308605,T,TGT,,339,95.22
2025-12-23,9:30:27.770326648,T,TGT,I,1,95.21
2025-12-23,9:30:27.770362659,T,TGT,I,9,95.2
2025-12-23,9:30:27.770362659,T,TGT,I,91,95.21
2025-12-23,9:30:27.770525036,T,TGT,F I,13,95.18
2025-12-23,9:30:27.770624268,T,TGT,,100,95.2
2025-12-23,9:30:27.771063410,T,TGT,I,8,95.21
2025-12-23,9:30:28.235029691,T,TGT,I,4,95.3
2025-12-23,9:30:31.608977662,T,TGT,I,8,95.17
2025-12-23,9:30:31.609272360,T,TGT,F I,8,95.17
2025-12-23,9:30:31.609275413,T,TGT,F I,8,95.17
2025-12-23,9:30:31.609326485,T,TGT,F I,8,95.17
2025-12-23,9:30:31.609455901,T,TGT,F I,8,95.16
2025-12-23,9:30:31.609458890,T,TGT,F I,29,95.16
2025-12-23,9:30:31.609461929,T,TGT,F I,71,95.16
2025-12-23,9:30:31.609498480,T,TGT,I,60,95.15
2025-12-23,9:30:31.609498480,T,TGT,I,40,95.15
2025-12-23,9:30:31.609849741,T,TGT,I,4,95.15
2025-12-23,9:30:31.609852728,T,TGT,I,36,95.15
2025-12-23,9:30:31.609877157,T,TGT,F I,64,95.15
2025-12-23,9:30:31.609877157,T,TGT,F I,7,95.15
2025-12-23,9:30:31.609879933,T,TGT,F I,38,95.15
2025-12-23,9:30:31.609882820,T,TGT,F I,41,95.15
2025-12-23,9:30:31.609919035,T,TGT,I,21,95.15
2025-12-23,9:30:31.609922007,T,TGT,,100,95.15
2025-12-23,9:30:31.610006105,T,TGT,,100,95.19
2025-12-23,9:30:31.610204668,T,TGT,F I,4,95.15
2025-12-23,9:30:31.610291828,T,TGT,I,17,95.17
2025-12-23,9:30:31.610321928,T,TGT,,100,95.18
2025-12-23,9:30:31.610514355,T,TGT,,100,95.17
2025-12-23,9:30:31.610520433,T,TGT,,430,95.17
2025-12-23,9:30:31.610523416,T,TGT,,100,95.17
2025-12-23,9:30:31.610523416,T,TGT,I,91,95.17
2025-12-23,9:30:31.610526329,T,TGT,,100,95.2
2025-12-23,9:30:31.610857123,T,TGT,,100,95.19
2025-12-23,9:30:31.610986509,T,TGT,,100,95.19
2025-12-23,9:30:31.610989520,T,TGT,I,68,95.19
2025-12-23,9:30:32.227385986,T,TGT,I,31,95.28
2025-12-23,9:30:32.228444476,T,TGT,I,30,95.28
2025-12-23,9:30:57.298961541,T,TGT,F I,37,95.13
2025-12-23,9:30:57.298964568,T,TGT,F I,10,95.13
2025-12-23,9:30:57.299039719,T,TGT,F I,2,95.1
2025-12-23,9:30:57.299042818,T,TGT,F I,1,95.1
2025-12-23,9:30:57.352010995,T,TGT,I,80,95.08
2025-12-23,9:31:00.507395149,T,TGT,I,10,95.06
2025-12-23,9:31:02.940272090,T,TGT,F I,10,95.03
2025-12-23,9:31:02.940476593,T,TGT,I,1,95.0
2025-12-23,9:31:02.940476593,T,TGT,I,43,95.0
2025-12-23,9:31:02.940503703,T,TGT,F,1009,95.0
2025-12-23,9:31:02.940506687,T,TGT,F I,20,95.0
2025-12-23,9:31:02.940506687,T,TGT,F I,1,95.0
2025-12-23,9:31:02.940551798,T,TGT,,100,95.02
2025-12-23,9:31:02.941504989,T,TGT,I,7,94.96
2025-12-23,9:31:02.941504989,T,TGT,I,80,94.96
2025-12-23,9:31:02.941517480,T,TGT,I,40,94.99
2025-12-23,9:31:02.941517480,T,TGT,I,20,94.96
2025-12-23,9:31:02.941547178,T,TGT,F I,8,95.01
2025-12-23,9:31:02.946881790,T,TGT,F I,10,95.0
2025-12-23,9:31:13.586859959,T,TGT,I,46,95.11
2025-12-23,9:31:13.587001302,T,TGT,I,75,95.11
2025-12-23,9:31:21.211076620,T,TGT,I,1,95.09
2025-12-23,9:31:21.211076620,T,TGT,I,10,95.01
2025-12-23,9:31:21.215406975,T,TGT,I,50,95.0
2025-12-23,9:31:21.215406975,T,TGT,I,8,95.0
2025-12-23,9:31:21.215410412,T,TGT,I,2,95.0
2025-12-23,9:31:21.215410412,T,TGT,I,17,95.0
2025-12-23,9:31:21.215461045,T,TGT,I,30,94.95
2025-12-23,9:31:21.216495444,T,TGT,I,15,94.96
2025-12-23,9:31:21.216501471,T,TGT,I,15,94.96
2025-12-23,9:31:21.217027813,T,TGT,I,15,94.94
2025-12-23,9:31:28.152131629,T,TGT,F I,25,95.0
2025-12-23,9:31:35.616015209,T,TGT,F I,16,94.95
2025-12-23,9:31:35.616015209,T,TGT,F I,1,94.91
2025-12-23,9:31:49.752191836,T,TGT,F I,11,94.86
2025-12-23,9:31:49.752212812,T,TGT,F I,1,94.86
2025-12-23,9:31:51.970799330,T,TGT,F,100,94.82
2025-12-23,9:31:51.970799330,T,TGT,F I,6,94.82
2025-12-23,9:31:51.970949632,T,TGT,F I,2,94.81
2025-12-23,9:31:51.971211261,T,TGT,F I,1,94.8
2025-12-23,9:31:51.972071349,T,TGT,F I,1,94.76
2025-12-23,9:31:51.972304419,T,TGT,I,75,94.75
2025-12-23,9:31:51.972305861,T,TGT,I,25,94.75
2025-12-23,9:31:51.972308946,T,TGT,I,5,94.75
2025-12-23,9:31:51.972321034,T,TGT,I,2,94.75
2025-12-23,9:31:51.972378068,T,TGT,F I,1,94.76
2025-12-23,9:31:51.972381119,T,TGT,F I,15,94.77
2025-12-23,9:31:51.972429183,T,TGT,F I,1,94.75
2025-12-23,9:31:51.972447285,T,TGT,I,2,94.76
2025-12-23,9:31:51.972447285,T,TGT,I,30,94.77
2025-12-23,9:31:51.972501511,T,TGT,F I,2,94.76
2025-12-23,9:31:51.972510479,T,TGT,F I,75,94.76
2025-12-23,9:31:51.972528777,T,TGT,I,2,94.76
2025-12-23,9:31:51.972531447,T,TGT,I,13,94.76
2025-12-23,9:31:51.972552587,T,TGT,F I,2,94.76
2025-12-23,9:31:51.972564560,T,TGT,F I,28,94.77
2025-12-23,9:31:51.972582571,T,TGT,F I,12,94.76
2025-12-23,9:31:51.972597617,T,TGT,F I,2,94.76
2025-12-23,9:31:51.972609905,T,TGT,F I,2,94.76
2025-12-23,9:31:51.972630639,T,TGT,F I,9,94.76
2025-12-23,9:31:51.972646022,T,TGT,F I,2,94.76
2025-12-23,9:31:51.972648711,T,TGT,F I,3,94.76
2025-12-23,9:31:51.973511871,T,TGT,F I,28,94.76
2025-12-23,9:31:51.973514840,T,TGT,F I,1,94.76
2025-12-23,9:31:51.973514840,T,TGT,F I,13,94.76
2025-12-23,9:31:51.973517814,T,TGT,F I,6,94.76
2025-12-23,9:31:51.973644109,T,TGT,F I,4,94.78
2025-12-23,9:31:51.973671667,T,TGT,I,63,94.77
2025-12-23,9:31:51.973848632,T,TGT,F I,4,94.77
2025-12-23,9:31:51.974609349,T,TGT,I,13,94.76
2025-12-23,9:31:51.975087617,T,TGT,F I,25,94.78
2025-12-23,9:31:51.979213356,T,TGT,F I,26,94.79
2025-12-23,9:31:51.979234421,T,TGT,F I,24,94.79
2025-12-23,9:31:51.979977228,T,TGT,F I,1,94.78
2025-12-23,9:31:51.979980211,T,TGT,F I,40,94.78
2025-12-23,9:31:51.979983222,T,TGT,F I,13,94.78
2025-12-23,9:31:51.979986253,T,TGT,F I,2,94.78
2025-12-23,9:31:51.980058342,T,TGT,F I,2,94.77
2025-12-23,9:31:52.021545344,T,TGT,F I,3,94.745
2025-12-23,9:31:52.545913409,T,TGT,I,39,94.745
2025-12-23,9:31:53.017247389,T,TGT,I,5,94.72
2025-12-23,9:31:53.017361653,T,TGT,I,17,94.72
2025-12-23,9:31:53.017373680,T,TGT,I,10,94.71
2025-12-23,9:31:53.017424695,T,TGT,,100,94.71
2025-12-23,9:31:53.017442819,T,TGT,I,1,94.685
2025-12-23,9:31:53.017445790,T,TGT,I,32,94.685
2025-12-23,9:31:53.017445790,T,TGT,I,1,94.71
2025-12-23,9:31:53.017457868,T,TGT,I,55,94.71
2025-12-23,9:31:54.825788862,T,TGT,F I,1,94.735
2025-12-23,9:31:55.195330221,T,TGT,F I,14,94.7
2025-12-23,9:31:55.432676696,T,TGT,I,30,94.735
2025-12-23,9:31:55.432724739,T,TGT,I,27,94.735
2025-12-23,9:32:03.007455517,T,TGT,F I,14,94.69
2025-12-23,9:32:03.007455517,T,TGT,F I,2,94.69
2025-12-23,9:32:03.013939035,T,TGT,F I,80,94.73
2025-12-23,9:32:03.013942309,T,TGT,F,100,94.735
2025-12-23,9:32:03.013945515,T,TGT,F I,24,94.75
2025-12-23,9:32:03.013945515,T,TGT,F I,25,94.75
2025-12-23,9:32:03.013948027,T,TGT,F,150,94.76
2025-12-23,9:32:03.013951070,T,TGT,F I,6,94.79
2025-12-23,9:32:03.013951070,T,TGT,F,115,94.8
2025-12-23,9:32:04.786295475,T,TGT,F I,24,94.7
2025-12-23,9:32:04.786307540,T,TGT,F I,25,94.69
2025-12-23,9:32:05.943485266,T,TGT,F I,4,94.65
2025-12-23,9:32:15.299945652,T,TGT,I,17,94.6
2025-12-23,9:32:15.299972751,T,TGT,I,57,94.65
2025-12-23,9:32:24.057018161,T,TGT,I,60,94.68
2025-12-23,9:32:24.070496308,T,TGT,,100,94.68
2025-12-23,9:32:24.071148852,T,TGT,I,95,94.68
2025-12-23,9:32:36.876095695,T,TGT,,255,94.68
2025-12-23,9:32:36.876122829,T,TGT,I,67,94.68
2025-12-23,9:32:36.876131774,T,TGT,F I,14,94.71
2025-12-23,9:32:36.876171032,T,TGT,F I,25,94.71
2025-12-23,9:32:37.285067361,T,TGT,F I,2,94.68
2025-12-23,9:32:37.285070015,T,TGT,F I,11,94.61
2025-12-23,9:32:38.812751565,T,TGT,I,20,94.68
2025-12-23,9:32:40.001946561,T,TGT,F I,10,94.68
2025-12-23,9:32:45.300978828,T,TGT,I,1,94.68
2025-12-23,9:32:45.427270609,T,TGT,I,1,94.68
2025-12-23,9:32:47.223115907,T,TGT,I,29,94.71
2025-12-23,9:32:47.223131324,T,TGT,I,21,94.71
2025-12-23,9:32:52.180813963,T,TGT,F I,10,94.7
2025-12-23,9:32:52.180813963,T,TGT,F I,10,94.7
2025-12-23,9:32:54.475929702,T,TGT,F I,10,94.67
2025-12-23,9:32:54.475929702,T,TGT,F I,7,94.67
2025-12-23,9:32:54.479387956,T,TGT,I,10,94.67
2025-12-23,9:33:00.960704820,T,TGT,F I,10,94.65
2025-12-23,9:33:00.960707896,T,TGT,F I,20,94.64
2025-12-23,9:33:00.960960442,T,TGT,F I,1,94.64
2025-12-23,9:33:03.379072306,T,TGT,F I,10,94.635
2025-12-23,9:33:03.379075286,T,TGT,F I,5,94.635
2025-12-23,9:33:03.379108292,T,TGT,I,2,94.635
2025-12-23,9:33:03.379111852,T,TGT,I,13,94.63
2025-12-23,9:33:03.379168468,T,TGT,I,2,94.63
2025-12-23,9:33:04.683089864,T,TGT,F I,27,94.64
2025-12-23,9:33:04.683294527,T,TGT,I,28,94.69
2025-12-23,9:33:04.683297460,T,TGT,I,2,94.69
2025-12-23,9:33:04.683297460,T,TGT,I,1,94.69
2025-12-23,9:33:10.094045666,T,TGT,I,54,94.67
2025-12-23,9:33:14.117637436,T,TGT,I,5,94.665
2025-12-23,9:33:14.117637436,T,TGT,I,10,94.665
2025-12-23,9:33:14.117640710,T,TGT,I,16,94.665
2025-12-23,9:33:14.117643428,T,TGT,I,7,94.665
2025-12-23,9:33:14.117700564,T,TGT,I,38,94.665
2025-12-23,9:33:14.271342554,T,TGT,I,6,94.7
2025-12-23,9:33:16.527470519,T,TGT,I,3,94.665
2025-12-23,9:33:16.527557651,T,TGT,F I,28,94.66
2025-12-23,9:33:16.528294485,T,TGT,F I,1,94.66
2025-12-23,9:33:16.528294485,T,TGT,F I,3,94.66
2025-12-23,9:33:18.184156324,T,TGT,I,2,94.665
2025-12-23,9:33:19.965675506,T,TGT,F I,10,94.665
2025-12-23,9:33:20.427347495,T,TGT,I,4,94.66
2025-12-23,9:33:20.427347495,T,TGT,I,3,94.66
2025-12-23,9:33:22.282902914,T,TGT,I,25,94.66
2025-12-23,9:33:29.988243801,T,TGT,I,26,94.66
2025-12-23,9:33:49.239314761,T,TGT,I,5,94.685
2025-12-23,9:33:49.239318380,T,TGT,I,10,94.685
2025-12-23,9:33:49.240574803,T,TGT,I,20,94.685
2025-12-23,9:33:56.250713363,T,TGT,I,5,94.685
2025-12-23,9:33:56.640426831,T,TGT,I,1,94.68
2025-12-23,9:33:56.653571067,T,TGT,F I,28,94.67
2025-12-23,9:34:00.679219622,T,TGT,I,10,94.685
2025-12-23,9:34:02.150826428,T,TGT,I,6,94.7
2025-12-23,9:34:16.732393930,T,TGT,I,7,94.6
2025-12-23,9:34:16.755603729,T,TGT,I,32,94.58
2025-12-23,9:34:16.755612286,T,TGT,,359,94.58
2025-12-23,9:34:16.755624348,T,TGT,I,1,94.58
2025-12-23,9:34:16.755964145,T,TGT,,179,94.58
2025-12-23,9:34:16.756899375,T,TGT,I,80,94.6
2025-12-23,9:34:16.763455001,T,TGT,F,163,94.58
2025-12-23,9:34:21.253893825,T,TGT,F,100,94.58
2025-12-23,9:34:21.253908847,T,TGT,I,1,94.58
2025-12-23,9:34:21.253960004,T,TGT,,527,94.58
2025-12-23,9:34:25.450217373,T,TGT,I,65,94.6
2025-12-23,9:34:25.450238448,T,TGT,I,1,94.6
2025-12-23,9:34:25.450241010,T,TGT,F,234,94.6
2025-12-23,9:34:25.450244442,T,TGT,F I,74,94.6
2025-12-23,9:34:25.450244442,T,TGT,F I,7,94.6
2025-12-23,9:34:25.450389365,T,TGT,I,97,94.6
2025-12-23,9:34:25.450424531,T,TGT,,2670,94.58
2025-12-23,9:34:25.450451499,T,TGT,F,100,94.56
2025-12-23,9:34:25.451004923,T,TGT,F,500,94.55
2025-12-23,9:34:25.451007914,T,TGT,F,100,94.55
2025-12-23,9:34:25.451967210,T,TGT,I,60,94.55
2025-12-23,9:34:25.451985156,T,TGT,F,142,94.55
2025-12-23,9:34:25.508706296,T,TGT,F I,1,94.52
2025-12-23,9:34:25.521297551,T,TGT,F I,10,94.51
2025-12-23,9:34:25.521300317,T,TGT,F I,90,94.51
2025-12-23,9:34:25.521312406,T,TGT,F I,10,94.51
2025-12-23,9:34:25.752830975,T,TGT,F I,38,94.59
2025-12-23,9:34:25.752858068,T,TGT,I,5,94.59
2025-12-23,9:34:25.752915198,T,TGT,F I,38,94.6
2025-12-23,9:34:25.752936210,T,TGT,I,11,94.6
2025-12-23,9:34:25.752966449,T,TGT,F I,31,94.6
2025-12-23,9:34:30.304429476,T,TGT,I,2,94.55
2025-12-23,9:34:30.304471602,T,TGT,I,1,94.55
2025-12-23,9:34:30.304474634,T,TGT,I,97,94.55
2025-12-23,9:34:31.479773548,T,TGT,F I,33,94.56
2025-12-23,9:34:38.639200365,T,TGT,F,5399,94.6
2025-12-23,9:34:38.639200365,T,TGT,F,100,94.6
2025-12-23,9:34:38.639202978,T,TGT,F,100,94.6
2025-12-23,9:34:38.639205986,T,TGT,F I,48,94.6
2025-12-23,9:34:39.404986206,T,TGT,F I,1,94.65
2025-12-23,9:34:40.950861000,T,TGT,,100,94.695
2025-12-23,9:34:40.956974612,T,TGT,,100,94.78
2025-12-23,9:34:47.202623082,T,TGT,F I,38,94.72
2025-12-23,9:34:47.202671468,T,TGT,F I,26,94.72
2025-12-23,9:34:47.202671468,T,TGT,F I,12,94.72
2025-12-23,9:34:47.202713305,T,TGT,F I,38,94.72
2025-12-23,9:34:47.202749372,T,TGT,F I,31,94.72
2025-12-23,9:34:50.264911545,T,TGT,,100,94.72
2025-12-23,9:34:50.797185576,T,TGT,I,40,94.71
2025-12-23,9:34:50.797185576,T,TGT,,100,94.7
2025-12-23,9:34:56.482118228,T,TGT,F,100,94.69
2025-12-23,9:34:56.482121626,T,TGT,F I,40,94.69
2025-12-23,9:34:56.482124286,T,TGT,F I,86,94.69
2025-12-23,9:34:56.482124286,T,TGT,F,100,94.69
2025-12-23,9:34:57.183006970,T,TGT,F I,25,94.65
2025-12-23,9:34:58.518464872,T,TGT,F I,33,94.69
2025-12-23,9:34:58.518467766,T,TGT,F,106,94.69
2025-12-23,9:34:58.518467766,T,TGT,F I,54,94.69
2025-12-23,9:34:58.518470521,T,TGT,F I,33,94.69
2025-12-23,9:34:58.518485751,T,TGT,I,1,94.69
2025-12-23,9:34:58.518503678,T,TGT,F,240,94.69
2025-12-23,9:34:58.518527906,T,TGT,F,233,94.69
2025-12-23,9:34:58.518527906,T,TGT,F I,2,94.69
2025-12-23,9:34:58.518566748,T,TGT,I,25,94.69
2025-12-23,9:34:58.518569801,T,TGT,,175,94.68
2025-12-23,9:34:58.518587880,T,TGT,I,1,94.68
2025-12-23,9:34:58.518966688,T,TGT,F I,12,94.68
2025-12-23,9:34:58.519120147,T,TGT,F I,12,94.68
2025-12-23,9:34:58.519168214,T,TGT,,175,94.68
2025-12-23,9:34:58.519171179,T,TGT,I,1,94.68
2025-12-23,9:34:58.519171179,T,TGT,I,12,94.68
2025-12-23,9:34:58.519974140,T,TGT,F I,38,94.66
2025-12-23,9:34:58.520010192,T,TGT,F I,33,94.66
2025-12-23,9:34:58.520217667,T,TGT,F I,63,94.65
2025-12-23,9:34:58.521074724,T,TGT,I,12,94.65
2025-12-23,9:34:58.551829073,T,TGT,I,6,94.67
2025-12-23,9:35:06.252319386,T,TGT,,100,94.635
2025-12-23,9:35:21.634929598,T,TGT,F,100,94.58
2025-12-23,9:35:21.634932450,T,TGT,F I,10,94.58
2025-12-23,9:35:21.634932450,T,TGT,F I,32,94.58
2025-12-23,9:35:21.634936002,T,TGT,F,100,94.58
2025-12-23,9:35:21.634974294,T,TGT,F I,36,94.57
2025-12-23,9:35:21.635756188,T,TGT,F I,25,94.56
2025-12-23,9:35:21.804160473,T,TGT,I,2,94.58
2025-12-23,9:35:21.809052953,T,TGT,,100,94.52
2025-12-23,9:35:21.809428875,T,TGT,I,26,94.51
2025-12-23,9:35:21.809452946,T,TGT,F I,74,94.51
2025-12-23,9:35:21.809458930,T,TGT,,100,94.51
2025-12-23,9:35:21.810027343,T,TGT,F I,75,94.5
2025-12-23,9:35:21.810027343,T,TGT,F I,1,94.5
2025-12-23,9:35:21.810030537,T,TGT,F I,1,94.5
2025-12-23,9:35:21.810033569,T,TGT,F I,25,94.5
2025-12-23,9:35:21.810033569,T,TGT,F I,2,94.5
2025-12-23,9:35:21.810039286,T,TGT,F I,5,94.5
2025-12-23,9:35:21.810039286,T,TGT,F,100,94.5
2025-12-23,9:35:21.810039286,T,TGT,F I,5,94.5
2025-12-23,9:35:21.810042286,T,TGT,I,95,94.5
2025-12-23,9:35:21.811137047,T,TGT,,100,94.46
2025-12-23,9:35:21.811509799,T,TGT,F I,10,94.46
2025-12-23,9:35:21.811765485,T,TGT,F I,1,94.45
2025-12-23,9:35:21.820113341,T,TGT,I,10,94.44
2025-12-23,9:35:21.824780401,T,TGT,F I,1,94.43
2025-12-23,9:35:24.773304769,T,TGT,F,100,94.4
2025-12-23,9:35:26.153439738,T,TGT,F,120,94.37
2025-12-23,9:35:29.533729774,T,TGT,F I,38,94.36
2025-12-23,9:35:29.533759846,T,TGT,F,100,94.36
2025-12-23,9:35:29.533940269,T,TGT,F I,62,94.36
2025-12-23,9:35:29.533940269,T,TGT,F I,38,94.35
2025-12-23,9:35:29.533961333,T,TGT,I,62,94.35
2025-12-23,9:35:33.068515920,T,TGT,I,1,94.3
2025-12-23,9:35:33.068582076,T,TGT,F I,50,94.29
2025-12-23,9:35:33.222374461,T,TGT,F I,38,94.36
2025-12-23,9:35:33.222419554,T,TGT,F I,27,94.36
2025-12-23,9:35:33.222422563,T,TGT,F I,11,94.36
2025-12-23,9:35:33.222500809,T,TGT,F I,31,94.36
2025-12-23,9:35:33.241629369,T,TGT,F I,92,94.37
2025-12-23,9:35:33.241632374,T,TGT,F I,50,94.37
2025-12-23,9:35:33.241632374,T,TGT,F I,50,94.37
2025-12-23,9:35:33.241647849,T,TGT,F I,57,94.37
2025-12-23,9:35:33.241650660,T,TGT,F I,50,94.38
2025-12-23,9:35:33.341367928,T,TGT,F,100,94.35
2025-12-23,9:35:34.029837119,T,TGT,I,2,94.45
2025-12-23,9:35:47.745395624,T,TGT,F I,9,94.39
2025-12-23,9:35:47.745398796,T,TGT,F I,92,94.38
2025-12-23,9:35:47.745398796,T,TGT,F I,9,94.38
2025-12-23,9:35:50.920984885,T,TGT,I,63,94.45
2025-12-23,9:35:51.841531904,T,TGT,I,50,94.47
2025-12-23,9:35:51.841558985,T,TGT,I,30,94.47
2025-12-23,9:35:51.841628075,T,TGT,I,30,94.485
2025-12-23,9:35:51.841628075,T,TGT,I,20,94.485
2025-12-23,9:35:51.841667184,T,TGT,I,62,94.485
2025-12-23,9:35:54.390927564,T,TGT,F I,91,94.48
2025-12-23,9:35:55.283716082,T,TGT,F,100,94.4
2025-12-23,9:35:55.283718573,T,TGT,F I,10,94.4
2025-12-23,9:35:55.283721370,T,TGT,F I,31,94.4
2025-12-23,9:35:55.575398270,T,TGT,F I,38,94.35
2025-12-23,9:36:00.611968253,T,TGT,,100,94.35
2025-12-23,9:36:00.616614314,T,TGT,F,100,94.35
2025-12-23,9:36:00.616635318,T,TGT,I,1,94.35
2025-12-23,9:36:00.640533251,T,TGT,F I,99,94.35
2025-12-23,9:36:00.640536737,T,TGT,F I,1,94.34
2025-12-23,9:36:00.640557543,T,TGT,F I,99,94.34
2025-12-23,9:36:00.640557543,T,TGT,F I,23,94.34
2025-12-23,9:36:13.414656772,T,TGT,,100,94.27
2025-12-23,9:36:13.414659820,T,TGT,,100,94.27
2025-12-23,9:36:13.415078210,T,TGT,,100,94.265
2025-12-23,9:36:13.415167996,T,TGT,,100,94.27
2025-12-23,9:36:13.415189084,T,TGT,I,1,94.27
2025-12-23,9:36:13.415877646,T,TGT,I,1,94.28
2025-12-23,9:36:15.404128089,T,TGT,,127,94.285
2025-12-23,9:36:15.404130679,T,TGT,I,40,94.29
2025-12-23,9:36:15.404134146,T,TGT,,255,94.3
2025-12-23,9:36:15.404134146,T,TGT,I,40,94.31
2025-12-23,9:36:15.404136487,T,TGT,,100,94.31
2025-12-23,9:36:16.648504893,T,TGT,F,100,94.26
2025-12-23,9:36:16.648528160,T,TGT,F,200,94.26
2025-12-23,9:36:16.744907756,T,TGT,F I,21,94.27
2025-12-23,9:36:16.744925788,T,TGT,,403,94.27
2025-12-23,9:36:26.111442287,T,TGT,F I,9,94.32
2025-12-23,9:36:26.111466344,T,TGT,F I,12,94.33
2025-12-23,9:36:26.111529585,T,TGT,I,23,94.33
2025-12-23,9:36:26.111622722,T,TGT,I,23,94.34
2025-12-23,9:36:33.760826040,T,TGT,F,100,94.3
2025-12-23,9:36:33.760826040,T,TGT,F I,16,94.3
2025-12-23,9:36:33.760841028,T,TGT,I,1,94.3
2025-12-23,9:36:33.760844029,T,TGT,F I,16,94.3
2025-12-23,9:36:33.760847044,T,TGT,F I,10,94.3
2025-12-23,9:36:35.172653396,T,TGT,F I,38,94.28
2025-12-23,9:36:35.173122493,T,TGT,F I,22,94.28
2025-12-23,9:36:35.173248787,T,TGT,F,100,94.26
2025-12-23,9:36:35.173251904,T,TGT,F I,21,94.26
2025-12-23,9:36:47.308939425,T,TGT,F I,38,94.27
2025-12-23,9:36:49.701433527,T,TGT,I,1,94.27
2025-12-23,9:36:49.701436109,T,TGT,I,99,94.285
2025-12-23,9:36:49.702046620,T,TGT,,100,94.285
2025-12-23,9:36:50.460597903,T,TGT,I,5,94.29
2025-12-23,9:36:50.460597903,T,TGT,I,50,94.29
2025-12-23,9:36:50.461163200,T,TGT,F,100,94.32
2025-12-23,9:36:50.461166612,T,TGT,F I,50,94.32
2025-12-23,9:36:50.461169197,T,TGT,F,150,94.32
2025-12-23,9:36:50.461169197,T,TGT,I,50,94.32
2025-12-23,9:36:50.461566379,T,TGT,F I,80,94.3
2025-12-23,9:36:50.461566379,T,TGT,F I,33,94.29
2025-12-23,9:36:50.461587813,T,TGT,F I,67,94.29
2025-12-23,9:36:50.461590222,T,TGT,F I,13,94.29
2025-12-23,9:36:50.462666810,T,TGT,F I,12,94.29
2025-12-23,9:36:50.462669802,T,TGT,F,100,94.28
2025-12-23,9:36:55.568404314,T,TGT,F,100,94.23
2025-12-23,9:36:55.568404314,T,TGT,F I,22,94.23
2025-12-23,9:36:55.568407335,T,TGT,F,122,94.23
2025-12-23,9:36:55.568422335,T,TGT,I,1,94.23
2025-12-23,9:36:55.568425664,T,TGT,F,510,94.23
2025-12-23,9:36:55.568530608,T,TGT,,200,94.23
2025-12-23,9:36:55.568530608,T,TGT,I,50,94.24
2025-12-23,9:36:55.568569995,T,TGT,I,50,94.24
2025-12-23,9:36:55.568572720,T,TGT,,100,94.24
2025-12-23,9:36:55.568575714,T,TGT,I,2,94.24
2025-12-23,9:36:55.568970526,T,TGT,F I,50,94.24
2025-12-23,9:36:55.568972957,T,TGT,F I,50,94.24
2025-12-23,9:36:55.568975714,T,TGT,F,100,94.24
2025-12-23,9:36:58.585053092,T,TGT,,100,94.23
2025-12-23,9:36:58.758317480,T,TGT,F I,1,94.21
2025-12-23,9:36:58.758320718,T,TGT,F,100,94.21
2025-12-23,9:36:58.758320718,T,TGT,F I,3,94.21
2025-12-23,9:36:58.758323042,T,TGT,F,126,94.21
2025-12-23,9:37:01.258860956,T,TGT,F I,1,94.19
2025-12-23,9:37:05.003965089,T,TGT,F,100,94.18
2025-12-23,9:37:06.207344983,T,TGT,F I,11,94.2
2025-12-23,9:37:07.460298059,T,TGT,F I,4,94.15
2025-12-23,9:37:07.460298059,T,TGT,F I,4,94.14
2025-12-23,9:37:07.460300911,T,TGT,F I,13,94.14
2025-12-23,9:37:07.460303952,T,TGT,F I,7,94.14
2025-12-23,9:37:08.589512126,T,TGT,F I,6,94.17
2025-12-23,9:37:18.485057652,T,TGT,F I,6,94.16
2025-12-23,9:37:24.164156287,T,TGT,F,100,94.16
2025-12-23,9:37:24.164159288,T,TGT,F I,35,94.16
2025-12-23,9:37:24.164730666,T,TGT,F,100,94.14
2025-12-23,9:37:25.810146082,T,TGT,F I,80,94.14
2025-12-23,9:37:25.810148761,T,TGT,F,100,94.12
2025-12-23,9:37:25.810151741,T,TGT,F I,1,94.12
2025-12-23,9:37:25.810154585,T,TGT,F I,31,94.12
2025-12-23,9:37:25.810167279,T,TGT,F I,68,94.12
2025-12-23,9:37:25.810169683,T,TGT,F I,12,94.12
2025-12-23,9:37:25.827329086,T,TGT,F I,1,94.1
2025-12-23,9:37:25.827329086,T,TGT,F I,3,94.1
2025-12-23,9:37:25.827331575,T,TGT,F I,5,94.1
2025-12-23,9:37:26.970787666,T,TGT,F I,2,94.12
2025-12-23,9:37:26.970820736,T,TGT,,100,94.11
2025-12-23,9:37:26.972086781,T,TGT,F I,86,94.13
2025-12-23,9:37:26.972107798,T,TGT,F I,14,94.13
2025-12-23,9:37:26.972637198,T,TGT,F I,4,94.13
2025-12-23,9:37:27.843535912,T,TGT,F I,38,94.17
2025-12-23,9:37:29.681941712,T,TGT,F I,38,94.26
2025-12-23,9:37:29.681983979,T,TGT,F I,7,94.26
2025-12-23,9:37:29.681989791,T,TGT,F I,43,94.26
2025-12-23,9:37:29.681989791,T,TGT,F I,99,94.27
2025-12-23,9:37:29.681993070,T,TGT,F,150,94.27
2025-12-23,9:37:29.681993070,T,TGT,F,120,94.27
2025-12-23,9:37:29.682004843,T,TGT,I,1,94.27
2025-12-23,9:37:29.682022813,T,TGT,F,100,94.27
2025-12-23,9:37:29.682035011,T,TGT,F I,30,94.27
2025-12-23,9:37:29.682037850,T,TGT,F I,50,94.27
2025-12-23,9:37:29.682413820,T,TGT,F I,1,94.29
2025-12-23,9:37:32.442909385,T,TGT,,100,94.26
2025-12-23,9:37:32.442936370,T,TGT,F,100,94.25
2025-12-23,9:37:32.443164965,T,TGT,F,100,94.24
2025-12-23,9:37:32.443769381,T,TGT,I,19,94.24
2025-12-23,9:37:35.746823394,T,TGT,I,2,94.25
2025-12-23,9:37:35.746823394,T,TGT,I,50,94.25
2025-12-23,9:37:35.852474020,T,TGT,F I,50,94.27
2025-12-23,9:37:35.852477101,T,TGT,F I,2,94.27
2025-12-23,9:37:43.799079766,T,TGT,F I,38,94.29
2025-12-23,9:37:43.799128352,T,TGT,F I,36,94.29
2025-12-23,9:37:43.799130922,T,TGT,F I,2,94.29
2025-12-23,9:37:43.799425591,T,TGT,F I,11,94.29
2025-12-23,9:37:43.799428607,T,TGT,F I,4,94.28
2025-12-23,9:37:43.799434679,T,TGT,F I,85,94.28
2025-12-23,9:37:43.799446717,T,TGT,F I,11,94.28
2025-12-23,9:38:00.374072462,T,TGT,I,65,94.34
2025-12-23,9:38:03.089938681,T,TGT,I,38,94.345
2025-12-23,9:38:03.089983816,T,TGT,I,38,94.345
2025-12-23,9:38:06.101544365,T,TGT,,100,94.3
2025-12-23,9:38:06.101547447,T,TGT,I,43,94.3
2025-12-23,9:38:06.102089705,T,TGT,F,100,94.29
2025-12-23,9:38:06.102092205,T,TGT,F I,31,94.29
2025-12-23,9:38:07.659959283,T,TGT,F I,24,94.35
2025-12-23,9:38:07.659959283,T,TGT,F I,14,94.36
2025-12-23,9:38:07.667113321,T,TGT,F,100,94.4
2025-12-23,9:38:07.667158499,T,TGT,,100,94.4
2025-12-23,9:38:18.831207684,T,TGT,F I,99,94.38
2025-12-23,9:38:18.831210072,T,TGT,I,1,94.38
2025-12-23,9:38:18.831213140,T,TGT,I,10,94.38
2025-12-23,9:38:40.464592126,T,TGT,I,1,94.385
2025-12-23,9:38:48.142005493,T,TGT,I,8,94.42
2025-12-23,9:38:48.142005493,T,TGT,I,50,94.42
2025-12-23,9:38:50.050661632,T,TGT,F,100,94.46
2025-12-23,9:38:50.122148449,T,TGT,,100,94.47
2025-12-23,9:38:50.122151418,T,TGT,I,50,94.47
2025-12-23,9:38:50.376505896,T,TGT,I,1,94.47
2025-12-23,9:38:57.733836763,T,TGT,I,8,94.465
2025-12-23,9:38:59.395818654,T,TGT,I,50,94.44
2025-12-23,9:38:59.395821301,T,TGT,I,25,94.44
2025-12-23,9:39:01.972831582,T,TGT,F I,38,94.44
2025-12-23,9:39:01.972880091,T,TGT,F I,38,94.44
2025-12-23,9:39:10.169368695,T,TGT,F I,26,94.5
2025-12-23,9:39:10.169368695,T,TGT,F I,1,94.5
2025-12-23,9:39:10.169371707,T,TGT,F I,36,94.5
2025-12-23,9:39:10.169437905,T,TGT,F I,12,94.5
2025-12-23,9:39:10.169455993,T,TGT,I,12,94.5
2025-12-23,9:39:10.169485992,T,TGT,F I,25,94.5
2025-12-23,9:39:10.169504113,T,TGT,F I,13,94.5
2025-12-23,9:39:13.203543975,T,TGT,F I,26,94.48
2025-12-23,9:39:13.203543975,T,TGT,F I,40,94.48
2025-12-23,9:39:13.203546396,T,TGT,F I,16,94.48
2025-12-23,9:39:13.204024383,T,TGT,I,14,94.46
2025-12-23,9:39:13.497773216,T,TGT,I,2,94.5
2025-12-23,9:39:15.521065470,T,TGT,F I,38,94.48
2025-12-23,9:39:15.521131566,T,TGT,F I,10,94.48
2025-12-23,9:39:15.521134611,T,TGT,F I,24,94.48
2025-12-23,9:39:16.889553664,T,TGT,F I,24,94.48
2025-12-23,9:39:16.889568723,T,TGT,F I,24,94.48
2025-12-23,9:39:16.889899531,T,TGT,F I,12,94.48
2025-12-23,9:39:16.889902455,T,TGT,F I,12,94.48
2025-12-23,9:39:17.881358540,T,TGT,F I,38,94.48
2025-12-23,9:39:17.881412616,T,TGT,F I,17,94.48
2025-12-23,9:39:17.881415683,T,TGT,F I,17,94.48
2025-12-23,9:39:17.881851649,T,TGT,F I,24,94.47
2025-12-23,9:39:17.881908821,T,TGT,F I,38,94.47
2025-12-23,9:39:18.017297316,T,TGT,,100,94.45
2025-12-23,9:39:18.017312361,T,TGT,F I,6,94.45
2025-12-23,9:39:18.017315606,T,TGT,I,1,94.45
2025-12-23,9:39:18.017318650,T,TGT,I,36,94.45
2025-12-23,9:39:18.017321399,T,TGT,I,23,94.45
2025-12-23,9:39:18.017324386,T,TGT,I,30,94.45
2025-12-23,9:39:18.017324386,T,TGT,I,47,94.45
2025-12-23,9:39:18.017336490,T,TGT,I,48,94.45
2025-12-23,9:39:18.017357537,T,TGT,I,5,94.45
2025-12-23,9:39:18.220262885,T,TGT,F I,19,94.44
2025-12-23,9:39:18.220262885,T,TGT,F I,80,94.44
2025-12-23,9:39:21.984961776,T,TGT,,100,94.46
2025-12-23,9:39:21.984964912,T,TGT,I,9,94.46
2025-12-23,9:39:21.984964912,T,TGT,I,2,94.46
2025-12-23,9:39:21.984979766,T,TGT,F I,25,94.46
2025-12-23,9:39:21.984982850,T,TGT,I,1,94.46
2025-12-23,9:39:21.984991800,T,TGT,F I,2,94.46
2025-12-23,9:39:21.984995372,T,TGT,F I,38,94.46
2025-12-23,9:39:21.984997885,T,TGT,F I,2,94.46
2025-12-23,9:39:21.985009835,T,TGT,I,19,94.46
2025-12-23,9:39:21.985121172,T,TGT,I,60,94.44
2025-12-23,9:39:21.985142177,T,TGT,F I,1,94.44
2025-12-23,9:39:21.985281261,T,TGT,F I,2,94.47
2025-12-23,9:39:21.985283509,T,TGT,F I,60,94.47
2025-12-23,9:39:21.985283509,T,TGT,F I,1,94.47
2025-12-23,9:39:27.259894747,T,TGT,F,100,94.45
2025-12-23,9:39:27.259894747,T,TGT,F I,18,94.45
2025-12-23,9:39:27.259897948,T,TGT,F,100,94.45
2025-12-23,9:39:27.259897948,T,TGT,F I,10,94.45
2025-12-23,9:39:27.259900508,T,TGT,F I,1,94.45
2025-12-23,9:39:27.259915590,T,TGT,I,1,94.45
2025-12-23,9:39:27.259942647,T,TGT,F I,38,94.45
2025-12-23,9:39:33.867680612,T,TGT,I,22,94.4
2025-12-23,9:39:57.500030384,T,TGT,F I,38,94.38
2025-12-23,9:39:57.965115698,T,TGT,F,100,94.37
2025-12-23,9:39:57.965115698,T,TGT,F,100,94.36
2025-12-23,9:39:57.965118362,T,TGT,F I,31,94.36
2025-12-23,9:39:57.965118362,T,TGT,F I,10,94.36
2025-12-23,9:39:57.965133427,T,TGT,F,100,94.36
2025-12-23,9:39:57.965217574,T,TGT,F I,1,94.35
2025-12-23,9:39:57.965250681,T,TGT,F I,2,94.34
2025-12-23,9:39:57.965837038,T,TGT,I,8,94.34
2025-12-23,9:39:57.965870170,T,TGT,I,29,94.34
2025-12-23,9:39:57.965870170,T,TGT,,171,94.32
2025-12-23,9:39:57.967076004,T,TGT,I,29,94.32
2025-12-23,9:39:57.969178036,T,TGT,I,3,94.32
2025-12-23,9:39:57.989322998,T,TGT,I,1,94.28
2025-12-23,9:39:57.989322998,T,TGT,,100,94.28
2025-12-23,9:39:58.022976182,T,TGT,F,100,94.27
2025-12-23,9:39:58.022994267,T,TGT,I,1,94.27
2025-12-23,9:39:58.023003295,T,TGT,I,23,94.27
2025-12-23,9:39:58.026978760,T,TGT,,100,94.26
2025-12-23,9:39:58.080193539,T,TGT,I,8,94.23
2025-12-23,9:40:00.361497460,T,TGT,F,100,94.24
2025-12-23,9:40:03.548938041,T,TGT,F I,55,94.19
2025-12-23,9:40:14.155166825,T,TGT,F I,19,94.29
2025-12-23,9:40:14.155479580,T,TGT,F I,38,94.31
2025-12-23,9:40:14.363181721,T,TGT,F I,13,94.29
2025-12-23,9:40:14.363181721,T,TGT,F I,2,94.31
2025-12-23,9:40:14.363184379,T,TGT,F I,23,94.32
2025-12-23,9:40:17.853073589,T,TGT,I,42,94.31
2025-12-23,9:40:20.448755962,T,TGT,I,39,94.29
2025-12-23,9:40:20.448758368,T,TGT,I,2,94.29
2025-12-23,9:40:20.448761301,T,TGT,I,1,94.29
2025-12-23,9:40:30.658270036,T,TGT,F I,13,94.3
2025-12-23,9:40:30.658270036,T,TGT,F I,10,94.3
2025-12-23,9:40:30.747426490,T,TGT,,100,94.27
2025-12-23,9:40:30.747426490,T,TGT,I,36,94.27
2025-12-23,9:40:32.247781818,T,TGT,F I,38,94.25
2025-12-23,9:40:34.516118800,T,TGT,F I,21,94.23
2025-12-23,9:40:34.516118800,T,TGT,F I,61,94.23
2025-12-23,9:40:44.097830904,T,TGT,F I,45,94.18
2025-12-23,9:40:44.097884990,T,TGT,I,55,94.18
2025-12-23,9:40:44.097954875,T,TGT,F I,1,94.17
2025-12-23,9:40:44.115513680,T,TGT,I,50,94.19
2025-12-23,9:40:44.115516019,T,TGT,I,13,94.19
2025-12-23,9:40:52.364522172,T,TGT,F I,11,94.16
2025-12-23,9:40:57.501173470,T,TGT,I,2,94.175
2025-12-23,9:41:00.647473072,T,TGT,,100,94.15
2025-12-23,9:41:00.647488131,T,TGT,I,1,94.15
2025-12-23,9:41:00.647515252,T,TGT,I,29,94.15
2025-12-23,9:41:00.647515252,T,TGT,I,10,94.15
2025-12-23,9:41:00.647518262,T,TGT,I,1,94.15
2025-12-23,9:41:00.647518262,T,TGT,F I,40,94.15
2025-12-23,9:41:00.647527662,T,TGT,I,59,94.15
2025-12-23,9:41:00.647527662,T,TGT,I,22,94.15
2025-12-23,9:41:00.647530226,T,TGT,F I,40,94.15
2025-12-23,9:41:00.647623899,T,TGT,I,38,94.15
2025-12-23,9:41:00.685348253,T,TGT,F I,8,94.16
2025-12-23,9:41:00.685351354,T,TGT,F I,2,94.16
2025-12-23,9:41:00.685417918,T,TGT,F I,8,94.16
2025-12-23,9:41:00.685423481,T,TGT,F I,4,94.15
2025-12-23,9:41:00.685492686,T,TGT,F,100,94.16
2025-12-23,9:41:06.025055683,T,TGT,F I,70,94.13
2025-12-23,9:41:06.025055683,T,TGT,F I,1,94.13
2025-12-23,9:41:06.025070500,T,TGT,I,1,94.13
2025-12-23,9:41:06.025100883,T,TGT,F I,28,94.13
2025-12-23,9:41:06.025100883,T,TGT,F I,10,94.13
2025-12-23,9:41:08.206223811,T,TGT,F I,38,94.11
2025-12-23,9:41:08.208710680,T,TGT,I,11,94.11
2025-12-23,9:41:08.208764825,T,TGT,F I,38,94.11
2025-12-23,9:41:12.641499219,T,TGT,F I,13,94.11
2025-12-23,9:41:12.641517357,T,TGT,F,393,94.1
2025-12-23,9:41:12.641535295,T,TGT,I,1,94.1
2025-12-23,9:41:12.641559383,T,TGT,,206,94.1
2025-12-23,9:41:12.661505942,T,TGT,F I,60,94.09
2025-12-23,9:41:12.661505942,T,TGT,F I,40,94.08
2025-12-23,9:41:15.296142600,T,TGT,F I,40,94.09
2025-12-23,9:41:15.296142600,T,TGT,F I,48,94.08
2025-12-23,9:41:15.296560464,T,TGT,I,12,94.08
2025-12-23,9:41:16.738597926,T,TGT,I,1,94.1
2025-12-23,9:41:17.717835830,T,TGT,F I,33,94.08
2025-12-23,9:41:38.577011728,T,TGT,F I,44,94.17
2025-12-23,9:41:38.577014691,T,TGT,F I,19,94.17
2025-12-23,9:41:38.577123346,T,TGT,F I,1,94.17
2025-12-23,9:41:38.577123346,T,TGT,F I,58,94.17
2025-12-23,9:41:38.577135037,T,TGT,F I,38,94.17
2025-12-23,9:41:38.577147078,T,TGT,F I,4,94.17
2025-12-23,9:41:38.577159058,T,TGT,F I,4,94.18
2025-12-23,9:41:38.577165144,T,TGT,I,9,94.18
2025-12-23,9:41:38.577165144,T,TGT,I,50,94.18
2025-12-23,9:41:38.577168168,T,TGT,I,4,94.18
2025-12-23,9:41:38.577171064,T,TGT,F I,4,94.18
2025-12-23,9:41:38.577192163,T,TGT,I,34,94.18
2025-12-23,9:41:38.577195273,T,TGT,I,22,94.18
2025-12-23,9:41:38.577195273,T,TGT,I,7,94.18
2025-12-23,9:41:38.577255346,T,TGT,F I,38,94.18
2025-12-23,9:41:38.577267356,T,TGT,F I,55,94.18
2025-12-23,9:41:38.577303371,T,TGT,F I,50,94.2
2025-12-23,9:41:38.577667240,T,TGT,I,4,94.165
2025-12-23,9:41:38.955225950,T,TGT,F,100,94.16
2025-12-23,9:41:38.955246814,T,TGT,I,1,94.16
2025-12-23,9:41:38.955285893,T,TGT,F I,38,94.16
2025-12-23,9:41:38.955312964,T,TGT,F I,61,94.16
2025-12-23,9:41:38.955312964,T,TGT,F I,33,94.15
2025-12-23,9:41:39.188695950,T,TGT,I,4,94.12
2025-12-23,9:41:39.188699300,T,TGT,I,6,94.12
2025-12-23,9:41:39.188699300,T,TGT,I,38,94.12
2025-12-23,9:41:39.188702082,T,TGT,I,72,94.12
2025-12-23,9:41:41.544854588,T,TGT,F I,35,94.13
2025-12-23,9:41:41.544854588,T,TGT,F I,29,94.13
2025-12-23,9:41:41.544857188,T,TGT,F,100,94.12
2025-12-23,9:41:41.544860204,T,TGT,F I,35,94.12
2025-12-23,9:41:41.544875278,T,TGT,I,1,94.12
2025-12-23,9:41:41.544953420,T,TGT,I,11,94.12
2025-12-23,9:41:41.546150295,T,TGT,I,1,94.12
2025-12-23,9:41:42.039355538,T,TGT,,100,94.07
2025-12-23,9:41:42.039355538,T,TGT,I,36,94.07
2025-12-23,9:41:42.039358295,T,TGT,I,28,94.07
2025-12-23,9:41:43.621664825,T,TGT,I,1,94.08
2025-12-23,9:41:46.128466943,T,TGT,F,100,94.07
2025-12-23,9:41:46.128536086,T,TGT,,100,94.06
2025-12-23,9:41:46.137689878,T,TGT,,150,94.075
2025-12-23,9:41:46.137689878,T,TGT,I,50,94.075
2025-12-23,9:41:51.662057993,T,TGT,F I,38,94.12
2025-12-23,9:41:54.927200699,T,TGT,F I,1,94.12
2025-12-23,9:41:57.728070575,T,TGT,F,100,94.05
2025-12-23,9:41:57.728079587,T,TGT,F I,1,94.05
2025-12-23,9:41:57.728079587,T,TGT,F I,76,94.05
2025-12-23,9:41:57.728091423,T,TGT,I,1,94.05
2025-12-23,9:41:57.728139581,T,TGT,F I,23,94.05
2025-12-23,9:42:02.951655828,T,TGT,F I,40,94.04
2025-12-23,9:42:02.951752064,T,TGT,I,60,94.04
2025-12-23,9:42:02.951752064,T,TGT,I,40,94.04
2025-12-23,9:42:02.952888766,T,TGT,I,10,94.04
2025-12-23,9:42:08.465059743,T,TGT,,100,94.08
2025-12-23,9:42:17.170207541,T,TGT,F,100,94.04
2025-12-23,9:42:17.170207541,T,TGT,F I,10,94.04
2025-12-23,9:42:17.170228590,T,TGT,I,1,94.04
2025-12-23,9:42:17.170784996,T,TGT,I,49,94.04
2025-12-23,9:42:17.170818096,T,TGT,F I,7,94.03
2025-12-23,9:42:18.391973212,T,TGT,I,10,94.04
2025-12-23,9:42:18.392027320,T,TGT,F I,42,94.05
2025-12-23,9:42:18.392036353,T,TGT,F I,48,94.05
2025-12-23,9:42:18.392722067,T,TGT,F I,93,94.03
2025-12-23,9:42:18.427908801,T,TGT,F I,22,94.02
2025-12-23,9:42:18.427911901,T,TGT,F,100,94.02
2025-12-23,9:42:18.429274155,T,TGT,I,30,94.01
2025-12-23,9:42:18.503241875,T,TGT,F I,75,94.0
2025-12-23,9:42:18.503241875,T,TGT,F I,85,94.0
2025-12-23,9:42:18.503247693,T,TGT,F I,5,94.0
2025-12-23,9:42:18.503247693,T,TGT,F I,4,94.0
2025-12-23,9:42:18.503253506,T,TGT,F I,1,94.0
2025-12-23,9:42:18.503253506,T,TGT,F I,1,94.0
2025-12-23,9:42:18.503257008,T,TGT,F I,1,94.0
2025-12-23,9:42:18.503263183,T,TGT,F I,65,94.0
2025-12-23,9:42:18.503263183,T,TGT,F I,1,94.0
2025-12-23,9:42:18.503263183,T,TGT,F I,30,94.0
2025-12-23,9:42:18.503271697,T,TGT,F I,7,94.0
2025-12-23,9:42:18.503271697,T,TGT,F I,5,94.0
2025-12-23,9:42:18.503277361,T,TGT,F I,1,94.0
2025-12-23,9:42:18.503277361,T,TGT,F I,30,94.0
2025-12-23,9:42:18.503280482,T,TGT,F I,1,94.0
2025-12-23,9:42:18.503283533,T,TGT,F I,1,94.0
2025-12-23,9:42:18.503286687,T,TGT,F I,15,94.0
2025-12-23,9:42:18.503286687,T,TGT,F I,2,94.0
2025-12-23,9:42:18.503289799,T,TGT,F I,1,94.0
2025-12-23,9:42:18.503292427,T,TGT,F I,5,94.0
2025-12-23,9:42:18.503313495,T,TGT,F I,1,94.0
2025-12-23,9:42:18.503319609,T,TGT,F I,1,94.0
2025-12-23,9:42:18.503322845,T,TGT,F I,3,94.0
2025-12-23,9:42:18.503325601,T,TGT,F I,5,94.0
2025-12-23,9:42:18.503325601,T,TGT,F,250,94.0
2025-12-23,9:42:18.503328565,T,TGT,F I,5,94.0
2025-12-23,9:42:18.503328565,T,TGT,F I,1,94.0
2025-12-23,9:42:18.503990243,T,TGT,,100,94.0
2025-12-23,9:42:20.843353296,T,TGT,F I,33,94.08
2025-12-23,9:42:20.843356316,T,TGT,F I,5,94.08
2025-12-23,9:42:20.843410432,T,TGT,F I,26,94.08
2025-12-23,9:42:21.011249254,T,TGT,F I,36,94.08
2025-12-23,9:42:21.011249254,T,TGT,F I,2,94.08
2025-12-23,9:42:21.011288415,T,TGT,F I,26,94.08
2025-12-23,9:42:30.690351347,T,TGT,F I,58,94.05
2025-12-23,9:42:30.690429591,T,TGT,I,42,94.05
2025-12-23,9:42:30.690432490,T,TGT,I,10,94.05
2025-12-23,9:42:30.690435564,T,TGT,I,32,94.05
2025-12-23,9:42:30.761257216,T,TGT,F,100,94.06
2025-12-23,9:42:30.761275299,T,TGT,F I,5,94.06
2025-12-23,9:42:30.761275299,T,TGT,F I,15,94.06
2025-12-23,9:42:40.568650910,T,TGT,F,100,94.06
2025-12-23,9:42:40.568654011,T,TGT,F I,15,94.06
2025-12-23,9:42:40.568669007,T,TGT,I,8,94.06
2025-12-23,9:42:40.576743275,T,TGT,,100,94.02
2025-12-23,9:42:40.576785292,T,TGT,,100,94.005
2025-12-23,9:42:43.540859844,T,TGT,F,100,94.03
2025-12-23,9:42:43.540862881,T,TGT,F I,66,94.03
2025-12-23,9:42:43.540883918,T,TGT,I,1,94.03
2025-12-23,9:42:43.540895942,T,TGT,F I,4,94.03
2025-12-23,9:42:43.541680817,T,TGT,,100,94.005
2025-12-23,9:42:43.641347238,T,TGT,I,1,94.03
2025-12-23,9:43:25.496765809,T,TGT,F I,10,93.98
2025-12-23,9:43:32.439910862,T,TGT,F I,2,93.97
2025-12-23,9:43:34.080553734,T,TGT,F I,29,93.98
2025-12-23,9:43:35.357419335,T,TGT,F I,2,93.99
2025-12-23,9:43:35.852404590,T,TGT,I,7,93.99
2025-12-23,9:43:35.933137824,T,TGT,,100,93.99
2025-12-23,9:43:36.680872723,T,TGT,,200,93.98
2025-12-23,9:43:38.081173189,T,TGT,,100,93.98
2025-12-23,9:43:38.081194255,T,TGT,I,1,93.98
2025-12-23,9:43:39.730224090,T,TGT,I,9,93.98
2025-12-23,9:43:39.730227473,T,TGT,I,10,93.98
2025-12-23,9:43:39.730227473,T,TGT,I,80,94.0
2025-12-23,9:43:39.730229801,T,TGT,I,1,94.01
2025-12-23,9:43:39.730241865,T,TGT,I,99,94.01
2025-12-23,9:43:39.730265871,T,TGT,I,1,94.01
2025-12-23,9:43:39.731051046,T,TGT,I,5,94.02
2025-12-23,9:43:39.731051046,T,TGT,I,31,94.02
2025-12-23,9:43:40.232296900,T,TGT,,100,94.025
2025-12-23,9:43:42.982928880,T,TGT,I,20,94.06
2025-12-23,9:43:42.983304711,T,TGT,,100,94.07
2025-12-23,9:43:42.983599393,T,TGT,F,100,94.08
2025-12-23,9:43:43.707676404,T,TGT,I,44,94.075
2025-12-23,9:43:44.519535681,T,TGT,F,100,94.06
2025-12-23,9:43:44.519535681,T,TGT,F I,10,94.06
2025-12-23,9:43:44.519538568,T,TGT,F I,34,94.06
2025-12-23,9:43:44.519557175,T,TGT,F I,62,94.06
2025-12-23,9:43:44.519557175,T,TGT,I,14,94.06
2025-12-23,9:43:44.519559993,T,TGT,I,1,94.06
2025-12-23,9:43:44.519562678,T,TGT,,100,94.06
2025-12-23,9:43:44.519583737,T,TGT,I,23,94.06
2025-12-23,9:43:45.042622724,T,TGT,,100,94.02
2025-12-23,9:43:50.123647605,T,TGT,I,1,94.06
2025-12-23,9:43:50.123779819,T,TGT,I,76,94.06
2025-12-23,9:43:51.566554568,T,TGT,F I,4,94.11
2025-12-23,9:43:51.566554568,T,TGT,F I,69,94.11
2025-12-23,9:43:51.566557403,T,TGT,F I,11,94.11
2025-12-23,9:43:52.427399984,T,TGT,,100,94.145
2025-12-23,9:43:55.277529965,T,TGT,I,16,94.165
2025-12-23,9:44:05.578492573,T,TGT,I,20,94.11
2025-12-23,9:44:05.593221642,T,TGT,I,12,94.11
2025-12-23,9:44:05.593224735,T,TGT,I,5,94.11
2025-12-23,9:44:06.757971543,T,TGT,I,1,94.17
2025-12-23,9:44:16.772814528,T,TGT,I,2,94.17
2025-12-23,9:44:21.490928839,T,TGT,F,100,94.1
2025-12-23,9:44:21.490928839,T,TGT,F I,15,94.1
2025-12-23,9:44:21.490934811,T,TGT,F I,10,94.1
2025-12-23,9:44:21.490934811,T,TGT,F I,26,94.1
2025-12-23,9:44:21.490937743,T,TGT,F I,1,94.1
2025-12-23,9:44:21.491747118,T,TGT,I,40,94.1
2025-12-23,9:44:21.491749712,T,TGT,F,1786,94.1
2025-12-23,9:44:21.491788787,T,TGT,,172,94.1
2025-12-23,9:44:36.762974244,T,TGT,I,2,94.09
2025-12-23,9:44:46.410555239,T,TGT,I,40,94.1
2025-12-23,9:44:46.485803529,T,TGT,I,1,94.1
2025-12-23,9:44:46.764158594,T,TGT,I,2,94.1
2025-12-23,9:44:54.890183730,T,TGT,I,13,94.09
2025-12-23,9:44:55.509710571,T,TGT,,100,94.095
2025-12-23,9:44:56.723227743,T,TGT,F,100,94.07
2025-12-23,9:44:56.723231202,T,TGT,F I,22,94.07
2025-12-23,9:44:56.723231202,T,TGT,F I,65,94.07
2025-12-23,9:44:56.723257690,T,TGT,I,1,94.07
2025-12-23,9:44:56.756703330,T,TGT,I,1,94.07
2025-12-23,9:45:00.022784380,T,TGT,I,14,94.06
2025-12-23,9:45:00.022784380,T,TGT,I,80,94.08
2025-12-23,9:45:00.022787458,T,TGT,I,25,94.09
2025-12-23,9:45:00.022787458,T,TGT,I,6,94.09
2025-12-23,9:45:05.133817729,T,TGT,I,18,94.09
2025-12-23,9:45:05.133829859,T,TGT,F I,21,94.09
2025-12-23,9:45:05.133832830,T,TGT,F I,18,94.09
2025-12-23,9:45:05.133835768,T,TGT,I,3,94.09
2025-12-23,9:45:05.133838818,T,TGT,I,3,94.09
2025-12-23,9:45:05.134590532,T,TGT,F I,33,94.13
2025-12-23,9:45:05.134590532,T,TGT,F I,5,94.13
2025-12-23,9:45:05.134635733,T,TGT,F I,15,94.13
2025-12-23,9:45:14.308871001,T,TGT,F I,38,94.13
2025-12-23,9:45:14.308886020,T,TGT,,150,94.13
2025-12-23,9:45:14.308888962,T,TGT,I,12,94.13
2025-12-23,9:45:14.308903995,T,TGT,F I,45,94.12
2025-12-23,9:45:35.498540342,T,TGT,F I,38,94.05
2025-12-23,9:45:35.498594552,T,TGT,F I,38,94.05
2025-12-23,9:45:35.567684098,T,TGT,I,11,94.05
2025-12-23,9:45:36.858527433,T,TGT,F I,21,94.04
2025-12-23,9:45:38.608946524,T,TGT,F I,10,94.07
2025-12-23,9:45:38.608955671,T,TGT,I,10,94.07
2025-12-23,9:45:38.608958558,T,TGT,I,10,94.07
2025-12-23,9:45:38.609024658,T,TGT,F I,1,94.05
2025-12-23,9:45:38.609027714,T,TGT,F I,27,94.05
2025-12-23,9:45:38.609054803,T,TGT,I,13,94.05
2025-12-23,9:45:38.609054803,T,TGT,I,43,94.05
2025-12-23,9:45:38.609060817,T,TGT,,144,94.05
2025-12-23,9:45:38.609073293,T,TGT,F I,3,94.05
2025-12-23,9:45:38.616720162,T,TGT,F,100,94.04
2025-12-23,9:45:38.635274346,T,TGT,F I,12,94.03
2025-12-23,9:45:38.635277444,T,TGT,F I,1,94.03
2025-12-23,9:45:38.635277444,T,TGT,F,100,94.03
2025-12-23,9:45:38.635281247,T,TGT,F I,78,94.03
2025-12-23,9:45:38.635281247,T,TGT,F I,44,94.03
2025-12-23,9:45:38.635283272,T,TGT,F,415,94.03
2025-12-23,9:45:38.635553923,T,TGT,I,16,94.03
2025-12-23,9:45:49.010868721,T,TGT,,100,94.095
2025-12-23,9:45:49.797897611,T,TGT,,100,94.09
2025-12-23,9:45:49.797912651,T,TGT,I,1,94.09
2025-12-23,9:45:49.798126138,T,TGT,I,79,94.09
2025-12-23,9:45:57.297840006,T,TGT,F,100,94.08
2025-12-23,9:45:57.297855172,T,TGT,F I,23,94.08
2025-12-23,9:45:57.297858099,T,TGT,I,77,94.08
2025-12-23,9:45:57.297882198,T,TGT,F I,10,94.07
2025-12-23,9:45:57.298633963,T,TGT,I,23,94.06
2025-12-23,9:45:57.298672988,T,TGT,F I,32,94.06
2025-12-23,9:45:57.301184014,T,TGT,I,38,94.055
2025-12-23,9:45:57.348252177,T,TGT,I,10,94.04
2025-12-23,9:45:57.348270175,T,TGT,F I,90,94.04
2025-12-23,9:45:57.384918502,T,TGT,F,100,94.03
2025-12-23,9:45:59.563852493,T,TGT,I,22,94.025
2025-12-23,9:46:03.752802091,T,TGT,F I,11,94.05
2025-12-23,9:46:03.752802091,T,TGT,F I,11,94.05
2025-12-23,9:46:03.753069731,T,TGT,,100,94.04
2025-12-23,9:46:03.753069731,T,TGT,,100,94.04
2025-12-23,9:46:03.754290705,T,TGT,,100,94.05
2025-12-23,9:46:03.758365380,T,TGT,,100,94.055
2025-12-23,9:46:03.758365380,T,TGT,,100,94.055
2025-12-23,9:46:08.659378301,T,TGT,I,34,94.14
2025-12-23,9:46:08.659381308,T,TGT,I,1,94.14
2025-12-23,9:46:36.185223975,T,TGT,F,196,94.13
2025-12-23,9:46:36.185226887,T,TGT,F I,4,94.13
2025-12-23,9:46:36.185229979,T,TGT,F I,1,94.12
2025-12-23,9:46:36.185229979,T,TGT,F,201,94.12
2025-12-23,9:46:36.185247982,T,TGT,I,1,94.12
2025-12-23,9:46:36.185251607,T,TGT,F,197,94.12
2025-12-23,9:46:36.185254283,T,TGT,F I,18,94.12
2025-12-23,9:46:36.185256966,T,TGT,F I,40,94.12
2025-12-23,9:46:36.201724134,T,TGT,I,16,94.13
2025-12-23,9:46:36.201724134,T,TGT,I,13,94.13
2025-12-23,9:46:52.616107039,T,TGT,F I,38,94.11
2025-12-23,9:46:52.616152138,T,TGT,F I,38,94.11
2025-12-23,9:46:54.529144618,T,TGT,F I,1,94.15
2025-12-23,9:46:54.529147550,T,TGT,F,199,94.15
2025-12-23,9:46:54.530419600,T,TGT,I,1,94.145
2025-12-23,9:47:00.429805748,T,TGT,I,35,94.16
2025-12-23,9:47:00.429805748,T,TGT,I,17,94.16
2025-12-23,9:47:00.429808116,T,TGT,I,22,94.16
2025-12-23,9:47:01.134479885,T,TGT,I,33,94.16
2025-12-23,9:47:01.134483447,T,TGT,I,4,94.17
2025-12-23,9:47:01.134483447,T,TGT,I,21,94.17
2025-12-23,9:47:01.134485845,T,TGT,I,16,94.17
2025-12-23,9:47:01.134500853,T,TGT,F I,33,94.17
2025-12-23,9:47:01.134615156,T,TGT,I,1,94.17
2025-12-23,9:47:02.453277649,T,TGT,I,13,94.16
2025-12-23,9:47:02.456224702,T,TGT,I,11,94.16
2025-12-23,9:47:02.556182831,T,TGT,I,4,94.16
2025-12-23,9:47:02.929186054,T,TGT,F I,13,94.16
2025-12-23,9:47:02.929188427,T,TGT,F I,10,94.16
2025-12-23,9:47:06.465255753,T,TGT,,100,94.17
2025-12-23,9:47:08.099294479,T,TGT,I,2,94.17
2025-12-23,9:47:08.101832561,T,TGT,I,38,94.17
2025-12-23,9:47:08.104391685,T,TGT,I,32,94.17
2025-12-23,9:47:08.115448983,T,TGT,,100,94.17
2025-12-23,9:47:08.117984040,T,TGT,I,38,94.17
2025-12-23,9:47:08.120531096,T,TGT,I,38,94.17
2025-12-23,9:47:08.123078217,T,TGT,I,38,94.17
2025-12-23,9:47:08.125625355,T,TGT,I,38,94.17
2025-12-23,9:47:08.128172281,T,TGT,I,38,94.17
2025-12-23,9:47:08.128854961,T,TGT,,100,94.17
2025-12-23,9:47:08.130716340,T,TGT,I,38,94.17
2025-12-23,9:47:08.142218839,T,TGT,,100,94.17
2025-12-23,9:47:08.144753863,T,TGT,I,38,94.17
2025-12-23,9:47:08.147297837,T,TGT,I,38,94.17
2025-12-23,9:47:08.149845011,T,TGT,I,38,94.17
2025-12-23,9:47:08.152388990,T,TGT,I,38,94.17
2025-12-23,9:47:08.154933118,T,TGT,I,38,94.17
2025-12-23,9:47:08.154945144,T,TGT,,100,94.17
2025-12-23,9:47:08.157480171,T,TGT,I,38,94.17
2025-12-23,9:47:08.160021197,T,TGT,I,38,94.17
2025-12-23,9:47:08.162565215,T,TGT,I,38,94.17
2025-12-23,9:47:08.165109363,T,TGT,I,38,94.17
2025-12-23,9:47:08.167656345,T,TGT,I,38,94.17
2025-12-23,9:47:08.168339015,T,TGT,I,82,94.17
2025-12-23,9:47:08.221036537,T,TGT,,100,94.17
2025-12-23,9:47:08.223571584,T,TGT,I,38,94.17
2025-12-23,9:47:08.226133668,T,TGT,I,38,94.17
2025-12-23,9:47:09.400957539,T,TGT,I,1,94.17
2025-12-23,9:47:09.557976569,T,TGT,,100,94.17
2025-12-23,9:47:09.571385563,T,TGT,,200,94.17
2025-12-23,9:47:09.734295678,T,TGT,,100,94.17
2025-12-23,9:47:13.670153310,T,TGT,F,112,94.2
2025-12-23,9:47:13.670153310,T,TGT,F I,6,94.21
2025-12-23,9:47:13.670273651,T,TGT,I,94,94.21
2025-12-23,9:47:16.155394115,T,TGT,F I,1,94.23
2025-12-23,9:47:16.155397366,T,TGT,F,100,94.23
2025-12-23,9:47:16.155397366,T,TGT,F I,11,94.23
2025-12-23,9:47:16.155403195,T,TGT,F,100,94.23
2025-12-23,9:47:16.155773054,T,TGT,F I,21,94.23
2025-12-23,9:47:16.155833119,T,TGT,F I,81,94.23
2025-12-23,9:47:16.158798215,T,TGT,F I,38,94.21
2025-12-23,9:47:16.158849322,T,TGT,F I,38,94.21
2025-12-23,9:47:16.158885376,T,TGT,F I,24,94.21
2025-12-23,9:47:16.159005714,T,TGT,F,100,94.2
2025-12-23,9:47:25.910324867,T,TGT,F I,30,94.22
2025-12-23,9:47:26.793357494,T,TGT,I,1,94.235
2025-12-23,9:47:28.251456278,T,TGT,F I,38,94.21
2025-12-23,9:47:39.363592069,T,TGT,F I,67,94.2
2025-12-23,9:47:39.363610627,T,TGT,I,33,94.2
2025-12-23,9:47:39.363613655,T,TGT,I,67,94.2
2025-12-23,9:47:39.363616179,T,TGT,I,1,94.2
2025-12-23,9:47:39.363631275,T,TGT,F I,32,94.2
2025-12-23,9:47:39.363631275,T,TGT,F I,40,94.2
2025-12-23,9:47:39.363637381,T,TGT,F I,10,94.2
2025-12-23,9:47:39.363637381,T,TGT,F I,5,94.2
2025-12-23,9:47:39.480546686,T,TGT,F I,2,94.2
2025-12-23,9:47:43.373582914,T,TGT,,100,94.18
2025-12-23,9:47:43.373582914,T,TGT,I,24,94.18
2025-12-23,9:47:43.373585655,T,TGT,I,12,94.18
2025-12-23,9:47:43.373585655,T,TGT,,100,94.18
2025-12-23,9:47:43.374012308,T,TGT,F I,16,94.17
2025-12-23,9:47:43.374033370,T,TGT,I,16,94.17
2025-12-23,9:47:43.374060490,T,TGT,F I,38,94.17
2025-12-23,9:47:43.374117653,T,TGT,I,25,94.175
2025-12-23,9:47:43.374117653,T,TGT,I,97,94.18
2025-12-23,9:47:43.374139046,T,TGT,F I,3,94.18
2025-12-23,9:47:43.374141673,T,TGT,F I,11,94.18
2025-12-23,9:47:43.374141673,T,TGT,F I,11,94.18
2025-12-23,9:47:43.377570428,T,TGT,I,7,94.17
2025-12-23,9:47:43.377572785,T,TGT,I,11,94.17
2025-12-23,9:47:43.377572785,T,TGT,I,12,94.17
2025-12-23,9:47:43.377576259,T,TGT,I,62,94.17
2025-12-23,9:47:43.377576259,T,TGT,I,16,94.17
2025-12-23,9:47:43.377579058,T,TGT,I,12,94.17
2025-12-23,9:47:43.377579058,T,TGT,I,46,94.17
2025-12-23,9:47:43.395781286,T,TGT,I,12,94.17
2025-12-23,9:47:43.395781286,T,TGT,I,15,94.19
2025-12-23,9:47:43.435061001,T,TGT,F,100,94.2
2025-12-23,9:47:43.435061001,T,TGT,F I,27,94.2
2025-12-23,9:47:49.191766036,T,TGT,,100,94.22
2025-12-23,9:47:49.191768423,T,TGT,I,5,94.22
2025-12-23,9:47:49.198137559,T,TGT,F,100,94.23
2025-12-23,9:47:50.695386493,T,TGT,F,100,94.24
2025-12-23,9:47:50.695509871,T,TGT,F I,1,94.23
2025-12-23,9:48:14.100030831,T,TGT,I,1,94.24
2025-12-23,9:48:15.378322212,T,TGT,I,38,94.255
2025-12-23,9:48:15.441929785,T,TGT,I,20,94.26
2025-12-23,9:48:15.924173670,T,TGT,F I,1,94.28
2025-12-23,9:48:15.924197649,T,TGT,F I,1,94.29
2025-12-23,9:48:17.262845735,T,TGT,I,2,94.29
2025-12-23,9:48:19.686557074,T,TGT,F I,10,94.31
2025-12-23,9:48:19.686557074,T,TGT,F I,51,94.31
2025-12-23,9:48:22.616689691,T,TGT,I,1,94.34
2025-12-23,9:48:23.773647933,T,TGT,I,8,94.34
2025-12-23,9:48:25.354186395,T,TGT,I,1,94.35
2025-12-23,9:48:25.513241270,T,TGT,I,20,94.36
2025-12-23,9:48:25.513241270,T,TGT,I,8,94.36
2025-12-23,9:48:51.277986491,T,TGT,F,100,94.35
2025-12-23,9:48:51.277989128,T,TGT,F I,26,94.35
2025-12-23,9:48:51.277992128,T,TGT,F I,14,94.35
2025-12-23,9:48:51.277992128,T,TGT,F I,70,94.35
2025-12-23,9:48:51.647545560,T,TGT,F I,6,94.33
2025-12-23,9:48:51.647545560,T,TGT,F I,16,94.33
2025-12-23,9:48:56.472997494,T,TGT,F I,4,94.28
2025-12-23,9:48:56.473006489,T,TGT,F I,76,94.28
2025-12-23,9:48:56.473064065,T,TGT,F I,24,94.28
2025-12-23,9:48:56.481841581,T,TGT,I,10,94.28
2025-12-23,9:48:56.482448997,T,TGT,F I,90,94.28
2025-12-23,9:49:00.581920838,T,TGT,F I,40,94.27
2025-12-23,9:49:00.581923521,T,TGT,F I,1,94.27
2025-12-23,9:49:00.581926507,T,TGT,F I,5,94.27
2025-12-23,9:49:01.558869841,T,TGT,F I,10,94.27
2025-12-23,9:49:01.635874307,T,TGT,F I,38,94.29
2025-12-23,9:49:22.180070844,T,TGT,,100,94.295
2025-12-23,9:49:26.912003643,T,TGT,F,100,94.27
2025-12-23,9:49:26.912006106,T,TGT,F,255,94.27
2025-12-23,9:49:26.912008942,T,TGT,F I,52,94.26
2025-12-23,9:49:26.912057301,T,TGT,I,48,94.26
2025-12-23,9:49:26.912060122,T,TGT,I,1,94.26
2025-12-23,9:49:26.912063124,T,TGT,I,8,94.26
2025-12-23,9:49:26.912063124,T,TGT,I,40,94.26
2025-12-23,9:49:26.912066150,T,TGT,I,10,94.26
2025-12-23,9:49:26.912363929,T,TGT,F,100,94.28
2025-12-23,9:49:26.912363929,T,TGT,F I,18,94.28
2025-12-23,9:49:26.912370426,T,TGT,F I,23,94.28
2025-12-23,9:49:26.912370426,T,TGT,F I,10,94.28
2025-12-23,9:49:26.912373432,T,TGT,F I,14,94.29
2025-12-23,9:49:26.912565321,T,TGT,F I,1,94.28
2025-12-23,9:49:26.912649556,T,TGT,I,4,94.3
2025-12-23,9:49:26.912731425,T,TGT,I,26,94.31
2025-12-23,9:49:26.912733771,T,TGT,I,99,94.3
2025-12-23,9:49:26.912740076,T,TGT,,100,94.3
2025-12-23,9:49:26.912740076,T,TGT,,100,94.3
2025-12-23,9:49:26.912743508,T,TGT,,273,94.3
2025-12-23,9:49:26.912745842,T,TGT,I,4,94.3
2025-12-23,9:49:26.912748763,T,TGT,I,18,94.3
2025-12-23,9:49:26.912748763,T,TGT,,114,94.3
2025-12-23,9:49:26.912754800,T,TGT,,100,94.3
2025-12-23,9:49:26.912757730,T,TGT,I,60,94.3
2025-12-23,9:49:26.912760817,T,TGT,I,1,94.3
2025-12-23,9:49:26.912773536,T,TGT,F I,25,94.3
2025-12-23,9:49:26.912811885,T,TGT,,100,94.3
2025-12-23,9:49:26.912826899,T,TGT,F I,17,94.3
2025-12-23,9:49:26.913038311,T,TGT,I,83,94.3
2025-12-23,9:49:26.913040453,T,TGT,I,63,94.3
2025-12-23,9:49:26.913043910,T,TGT,I,2,94.3
2025-12-23,9:49:26.913043910,T,TGT,,100,94.3
2025-12-23,9:49:26.913047021,T,TGT,I,16,94.3
2025-12-23,9:49:26.913049517,T,TGT,,100,94.3
2025-12-23,9:49:26.913049517,T,TGT,I,99,94.3
2025-12-23,9:49:26.913112596,T,TGT,F I,4,94.31
2025-12-23,9:49:26.913145660,T,TGT,F I,5,94.31
2025-12-23,9:49:26.913166767,T,TGT,F I,95,94.31
2025-12-23,9:49:26.914339914,T,TGT,F I,1,94.31
2025-12-23,9:49:26.914339914,T,TGT,F,100,94.31
2025-12-23,9:49:26.914339914,T,TGT,F I,4,94.31
2025-12-23,9:49:26.914360633,T,TGT,F,100,94.31
2025-12-23,9:49:26.918769136,T,TGT,F I,38,94.3
2025-12-23,9:49:30.206985851,T,TGT,F,100,94.32
2025-12-23,9:49:30.206985851,T,TGT,F I,1,94.32
2025-12-23,9:49:30.207208512,T,TGT,F I,10,94.33
2025-12-23,9:49:30.207211330,T,TGT,F I,10,94.33
2025-12-23,9:49:30.207280476,T,TGT,F I,10,94.33
2025-12-23,9:49:30.207470094,T,TGT,I,80,94.33
2025-12-23,9:49:30.207490966,T,TGT,I,1,94.33
2025-12-23,9:49:30.207500056,T,TGT,,100,94.33
2025-12-23,9:49:31.938408709,T,TGT,F I,23,94.345
2025-12-23,9:49:33.159416521,T,TGT,F,219,94.33
2025-12-23,9:49:33.159419520,T,TGT,F I,3,94.33
2025-12-23,9:49:33.159434591,T,TGT,I,1,94.33
2025-12-23,9:49:33.159434591,T,TGT,I,14,94.33
2025-12-23,9:49:33.159437590,T,TGT,I,60,94.33
2025-12-23,9:49:33.166035315,T,TGT,F I,22,94.35
2025-12-23,9:49:33.166038391,T,TGT,F I,11,94.35
2025-12-23,9:49:34.168305067,T,TGT,,100,94.36
2025-12-23,9:49:34.168323430,T,TGT,I,99,94.36
2025-12-23,9:49:34.168323430,T,TGT,I,1,94.36
2025-12-23,9:49:34.168341227,T,TGT,I,99,94.36
2025-12-23,9:49:34.168341227,T,TGT,I,10,94.36
2025-12-23,9:49:34.168365221,T,TGT,F I,30,94.36
2025-12-23,9:49:34.539250848,T,TGT,F I,1,94.33
2025-12-23,9:49:34.539259862,T,TGT,F I,1,94.33
2025-12-23,9:49:38.015526573,T,TGT,I,35,94.36
2025-12-23,9:49:38.015529583,T,TGT,I,11,94.36
2025-12-23,9:49:47.820807091,T,TGT,,100,94.37
2025-12-23,9:49:47.820863390,T,TGT,F,100,94.37
2025-12-23,9:49:47.820869444,T,TGT,F I,20,94.38
2025-12-23,9:49:47.839688308,T,TGT,,100,94.38
2025-12-23,9:50:00.922666283,T,TGT,F I,2,94.4
2025-12-23,9:50:00.922669680,T,TGT,F I,1,94.4
2025-12-23,9:50:00.922669680,T,TGT,F I,64,94.4
2025-12-23,9:50:06.071330640,T,TGT,F,100,94.42
2025-12-23,9:50:06.077925388,T,TGT,I,45,94.43
2025-12-23,9:50:07.180953141,T,TGT,F I,40,94.39
2025-12-23,9:50:07.188281585,T,TGT,F I,2,94.36
2025-12-23,9:50:07.681519705,T,TGT,F,100,94.36
2025-12-23,9:50:07.681519705,T,TGT,F I,11,94.35
2025-12-23,9:50:07.686679968,T,TGT,F,100,94.34
2025-12-23,9:50:16.819341184,T,TGT,I,1,94.38
2025-12-23,9:50:20.230578020,T,TGT,F I,91,94.34
2025-12-23,9:50:22.023118823,T,TGT,F,100,94.33
2025-12-23,9:50:22.023118823,T,TGT,F I,40,94.33
2025-12-23,9:50:22.023121479,T,TGT,F I,1,94.33
2025-12-23,9:50:22.023121479,T,TGT,F I,5,94.33
2025-12-23,9:50:24.089728827,T,TGT,,100,94.35
2025-12-23,9:50:24.089731882,T,TGT,I,24,94.35
2025-12-23,9:50:26.476100084,T,TGT,F I,2,94.35
2025-12-23,9:50:30.187599211,T,TGT,F I,10,94.32
2025-12-23,9:50:30.188471310,T,TGT,,200,94.29
2025-12-23,9:50:30.189030620,T,TGT,F I,10,94.29
2025-12-23,9:50:41.397615486,T,TGT,,100,94.31
2025-12-23,9:50:48.977040380,T,TGT,,100,94.31
2025-12-23,9:50:52.332563368,T,TGT,I,3,94.28
2025-12-23,9:50:52.332596446,T,TGT,F I,12,94.28
2025-12-23,9:50:52.332605426,T,TGT,F I,3,94.27
2025-12-23,9:50:52.359122697,T,TGT,,100,94.25
2025-12-23,9:50:54.536411761,T,TGT,F,100,94.24
2025-12-23,9:50:54.536724490,T,TGT,F I,38,94.23
2025-12-23,9:50:54.536929025,T,TGT,F I,22,94.23
2025-12-23,9:50:54.536944035,T,TGT,F I,80,94.24
2025-12-23,9:50:54.536968054,T,TGT,F I,20,94.24
2025-12-23,9:50:54.537343988,T,TGT,F,100,94.24
2025-12-23,9:50:54.537365019,T,TGT,I,1,94.24
2025-12-23,9:50:54.537392067,T,TGT,,100,94.22
2025-12-23,9:50:54.537419101,T,TGT,I,13,94.22
2025-12-23,9:50:54.537506397,T,TGT,F,100,94.23
2025-12-23,9:50:54.537560442,T,TGT,I,99,94.24
2025-12-23,9:50:54.537955126,T,TGT,I,85,94.24
2025-12-23,9:50:54.538089790,T,TGT,I,1,94.24
2025-12-23,9:50:54.538179954,T,TGT,F I,1,94.23
2025-12-23,9:50:54.540600758,T,TGT,,100,94.24
2025-12-23,9:50:54.541069807,T,TGT,F,100,94.24
2025-12-23,9:50:54.542958369,T,TGT,I,70,94.24
2025-12-23,9:50:54.542979423,T,TGT,F I,30,94.24
2025-12-23,9:50:54.839121901,T,TGT,F I,5,94.2
2025-12-23,9:50:54.839124901,T,TGT,F,100,94.2
2025-12-23,9:51:00.402573998,T,TGT,F I,5,94.18
2025-12-23,9:51:00.402577104,T,TGT,F I,81,94.18
2025-12-23,9:51:01.976238118,T,TGT,F I,1,94.15
2025-12-23,9:51:06.661225414,T,TGT,F I,40,94.13
2025-12-23,9:51:06.796451578,T,TGT,F I,50,94.1
2025-12-23,9:51:06.834107303,T,TGT,I,2,94.09
2025-12-23,9:51:08.254965285,T,TGT,F I,60,94.07
2025-12-23,9:51:11.938903721,T,TGT,F I,1,94.05
2025-12-23,9:51:16.832807833,T,TGT,I,2,94.07
2025-12-23,9:51:16.832828808,T,TGT,F I,2,94.07
2025-12-23,9:51:31.642456746,T,TGT,F I,76,94.05
2025-12-23,9:51:31.642459810,T,TGT,F,100,94.05
2025-12-23,9:51:31.642462734,T,TGT,F I,19,94.05
2025-12-23,9:51:31.642477811,T,TGT,I,81,94.05
2025-12-23,9:51:31.642480871,T,TGT,I,19,94.05
2025-12-23,9:51:31.642480871,T,TGT,I,1,94.05
2025-12-23,9:51:31.642508443,T,TGT,I,80,94.05
2025-12-23,9:51:31.642508443,T,TGT,,100,94.05
2025-12-23,9:51:31.642513892,T,TGT,I,1,94.05
2025-12-23,9:51:34.148308750,T,TGT,F I,37,94.04
2025-12-23,9:51:34.148333431,T,TGT,F I,40,94.04
2025-12-23,9:51:34.148333431,T,TGT,F I,23,94.04
2025-12-23,9:51:34.148335716,T,TGT,F I,14,94.05
2025-12-23,9:51:34.148357604,T,TGT,I,7,94.05
2025-12-23,9:51:34.148357604,T,TGT,F I,16,94.05
2025-12-23,9:51:34.148359696,T,TGT,F I,10,94.065
2025-12-23,9:51:34.230031271,T,TGT,F I,86,94.02
2025-12-23,9:51:42.996762762,T,TGT,F I,1,94.0
2025-12-23,9:51:42.996787055,T,TGT,F I,1,94.0
2025-12-23,9:51:42.996790041,T,TGT,F I,7,94.0
2025-12-23,9:51:42.996790041,T,TGT,F I,32,94.0
2025-12-23,9:51:51.392874206,T,TGT,F I,18,94.0
2025-12-23,9:51:51.392874206,T,TGT,F I,50,94.0
2025-12-23,9:51:51.392876464,T,TGT,F I,11,94.0
2025-12-23,9:51:51.392894731,T,TGT,I,14,94.0
2025-12-23,9:51:51.392894731,T,TGT,I,7,94.0
2025-12-23,9:51:51.392897836,T,TGT,I,10,94.0
2025-12-23,9:51:51.392897836,T,TGT,I,50,94.0
2025-12-23,9:51:51.392903386,T,TGT,I,2,94.0
2025-12-23,9:51:51.392903386,T,TGT,I,1,94.0
2025-12-23,9:51:55.145735854,T,TGT,,100,94.025
2025-12-23,9:51:55.145744930,T,TGT,F I,41,94.04
2025-12-23,9:51:55.145744930,T,TGT,F I,74,94.05
2025-12-23,9:51:55.145765952,T,TGT,I,1,94.05
2025-12-23,9:51:55.145772021,T,TGT,F I,25,94.05
2025-12-23,9:51:55.145772021,T,TGT,F I,1,94.05
2025-12-23,9:51:55.145823068,T,TGT,F I,14,94.04
2025-12-23,9:51:55.145853435,T,TGT,F,100,94.03
2025-12-23,9:51:55.145868465,T,TGT,,100,94.04
2025-12-23,9:51:55.145868465,T,TGT,I,9,94.04
2025-12-23,9:51:55.145886685,T,TGT,I,91,94.03
2025-12-23,9:51:55.145886685,T,TGT,I,3,94.04
2025-12-23,9:51:55.145889265,T,TGT,I,15,94.04
2025-12-23,9:51:55.145922311,T,TGT,,109,94.03
2025-12-23,9:51:55.145928805,T,TGT,,109,94.03
2025-12-23,9:51:55.145958488,T,TGT,,100,94.03
2025-12-23,9:51:55.146340302,T,TGT,F I,26,94.02
2025-12-23,9:51:55.146358398,T,TGT,F I,54,94.02
2025-12-23,9:51:55.146358398,T,TGT,F I,13,94.01
2025-12-23,9:51:55.146361381,T,TGT,F I,20,94.01
2025-12-23,9:51:55.146616992,T,TGT,F I,3,94.03
2025-12-23,9:51:55.146620487,T,TGT,F,667,94.03
2025-12-23,9:51:55.146620487,T,TGT,F I,13,94.03
2025-12-23,9:51:55.146622971,T,TGT,F,100,94.03
2025-12-23,9:51:55.146625995,T,TGT,F I,2,94.03
2025-12-23,9:51:55.147913401,T,TGT,F I,40,94.02
2025-12-23,9:51:55.151825400,T,TGT,F I,6,94.03
2025-12-23,9:51:55.151828468,T,TGT,F I,2,94.03
2025-12-23,9:51:55.151828468,T,TGT,F I,14,94.03
2025-12-23,9:51:55.151831413,T,TGT,F I,13,94.03
2025-12-23,9:51:55.169426331,T,TGT,F,127,94.035
2025-12-23,9:51:55.169426331,T,TGT,F I,4,94.02
2025-12-23,9:51:55.169429439,T,TGT,F I,4,94.02
2025-12-23,9:51:55.169429439,T,TGT,F I,2,94.02
2025-12-23,9:51:55.169432328,T,TGT,F I,3,94.02
2025-12-23,9:51:55.169435387,T,TGT,F I,17,94.02
2025-12-23,9:51:55.169435387,T,TGT,F I,16,94.02
2025-12-23,9:51:55.169438632,T,TGT,F I,3,94.02
2025-12-23,9:51:55.169438632,T,TGT,F I,3,94.02
2025-12-23,9:51:55.169441450,T,TGT,F I,2,94.02
2025-12-23,9:51:55.169441450,T,TGT,F I,12,94.02
2025-12-23,9:51:56.408775136,T,TGT,F I,1,94.02
2025-12-23,9:51:56.408775136,T,TGT,F I,8,94.02
2025-12-23,9:51:59.953271235,T,TGT,,100,94.03
2025-12-23,9:51:59.953271235,T,TGT,,150,94.03
2025-12-23,9:51:59.953274140,T,TGT,I,50,94.04
2025-12-23,9:52:02.396432636,T,TGT,F I,47,94.0
2025-12-23,9:52:02.396432636,T,TGT,F I,2,94.0
2025-12-23,9:52:02.404392531,T,TGT,F I,3,94.02
2025-12-23,9:52:22.327976692,T,TGT,F I,40,94.03
2025-12-23,9:52:22.418675685,T,TGT,F I,38,94.01
2025-12-23,9:52:25.169223481,T,TGT,I,1,94.03
2025-12-23,9:52:25.409595219,T,TGT,,100,94.03
2025-12-23,9:52:25.409595219,T,TGT,I,16,94.04
2025-12-23,9:52:25.409604853,T,TGT,I,3,94.04
2025-12-23,9:52:25.409607633,T,TGT,I,31,94.04
2025-12-23,9:52:25.409607633,T,TGT,I,10,94.04
2025-12-23,9:52:25.409610350,T,TGT,I,72,94.06
2025-12-23,9:52:25.409628297,T,TGT,I,1,94.06
2025-12-23,9:52:25.409643237,T,TGT,I,27,94.06
2025-12-23,9:52:25.409646534,T,TGT,I,13,94.06
2025-12-23,9:52:25.409646534,T,TGT,I,3,94.06
2025-12-23,9:52:25.409649834,T,TGT,I,43,94.06
2025-12-23,9:52:25.409685355,T,TGT,F,116,94.05
2025-12-23,9:52:25.409694424,T,TGT,F I,33,94.06
2025-12-23,9:52:25.409703483,T,TGT,,157,94.05
2025-12-23,9:52:25.409733529,T,TGT,I,27,94.05
2025-12-23,9:52:25.409920009,T,TGT,F I,24,94.06
2025-12-23,9:52:25.409922953,T,TGT,F I,76,94.06
2025-12-23,9:52:25.409929031,T,TGT,F I,24,94.06
2025-12-23,9:52:25.409929031,T,TGT,F I,76,94.06
2025-12-23,9:52:25.409955982,T,TGT,F I,24,94.06
2025-12-23,9:52:25.409959038,T,TGT,F I,76,94.06
2025-12-23,9:52:25.410052279,T,TGT,F I,24,94.06
2025-12-23,9:52:25.410055325,T,TGT,F I,33,94.06
2025-12-23,9:52:25.410064339,T,TGT,I,43,94.06
2025-12-23,9:52:25.410067353,T,TGT,F I,24,94.06
2025-12-23,9:52:25.410118585,T,TGT,I,13,94.06
2025-12-23,9:52:25.412644429,T,TGT,F I,40,94.06
2025-12-23,9:52:31.254316483,T,TGT,F I,24,94.04
2025-12-23,9:52:31.254373617,T,TGT,F I,30,94.03
2025-12-23,9:52:36.257997843,T,TGT,F I,5,94.0
2025-12-23,9:52:36.258000193,T,TGT,F I,1,94.0
2025-12-23,9:52:36.258003106,T,TGT,F I,5,94.0
2025-12-23,9:52:38.798458291,T,TGT,I,1,94.01
2025-12-23,9:52:38.798524454,T,TGT,F I,29,94.01
2025-12-23,9:52:43.085182809,T,TGT,F I,19,94.02
2025-12-23,9:52:44.052810072,T,TGT,F I,35,94.04
2025-12-23,9:53:09.133870181,T,TGT,I,93,93.995
2025-12-23,9:53:24.761407590,T,TGT,F I,1,94.0
2025-12-23,9:53:24.761410587,T,TGT,F I,3,94.0
2025-12-23,9:53:34.983762800,T,TGT,F I,40,94.0
2025-12-23,9:53:49.993009256,T,TGT,F I,1,94.02
2025-12-23,9:53:49.993930101,T,TGT,,100,94.0
2025-12-23,9:53:49.993930101,T,TGT,I,19,94.0
2025-12-23,9:53:49.993932454,T,TGT,I,23,94.0
2025-12-23,9:53:49.993932454,T,TGT,I,37,94.0
2025-12-23,9:53:49.993935484,T,TGT,I,21,94.0
2025-12-23,9:53:49.993947619,T,TGT,I,1,94.0
2025-12-23,9:53:49.993950491,T,TGT,I,24,94.0
2025-12-23,9:53:49.993953511,T,TGT,I,40,94.0
2025-12-23,9:53:49.994007801,T,TGT,F,100,94.0
2025-12-23,9:53:49.994007801,T,TGT,F I,16,94.0
2025-12-23,9:53:49.994019835,T,TGT,I,23,94.0
2025-12-23,9:53:49.994019835,T,TGT,I,19,94.0
2025-12-23,9:53:49.994022635,T,TGT,I,74,94.0
2025-12-23,9:53:49.994025681,T,TGT,I,1,94.0
2025-12-23,9:53:49.994029273,T,TGT,F I,23,94.0
2025-12-23,9:53:49.994031918,T,TGT,F,100,93.99
2025-12-23,9:53:49.994034703,T,TGT,F,302,94.0
2025-12-23,9:53:49.994377450,T,TGT,F,100,94.0
2025-12-23,9:53:53.646491161,T,TGT,F I,38,94.02
2025-12-23,9:53:53.646500171,T,TGT,,200,94.0
2025-12-23,9:53:53.646500171,T,TGT,F I,7,94.02
2025-12-23,9:53:53.646518176,T,TGT,F I,7,94.02
2025-12-23,9:53:53.646527257,T,TGT,,154,94.02
2025-12-23,9:53:53.646575336,T,TGT,F I,7,94.02
2025-12-23,9:53:53.684182959,T,TGT,F I,46,93.99
2025-12-23,9:53:53.684258091,T,TGT,F I,10,93.98
2025-12-23,9:53:53.684261325,T,TGT,F I,1,93.98
2025-12-23,9:53:53.684264214,T,TGT,I,1,93.97
2025-12-23,9:53:53.684264214,T,TGT,I,5,93.97
2025-12-23,9:53:53.684268207,T,TGT,I,6,93.97
2025-12-23,9:53:53.684270629,T,TGT,I,43,93.97
2025-12-23,9:53:53.684297251,T,TGT,I,57,93.97
2025-12-23,9:53:53.684297251,T,TGT,I,43,93.97
2025-12-23,9:53:53.684306244,T,TGT,I,57,93.97
2025-12-23,9:53:53.684309356,T,TGT,,100,93.97
2025-12-23,9:53:53.684312240,T,TGT,,100,93.97
2025-12-23,9:53:53.684339364,T,TGT,,443,93.97
2025-12-23,9:53:56.858722901,T,TGT,I,2,93.995
2025-12-23,9:54:00.207681240,T,TGT,I,9,93.995
2025-12-23,9:54:06.862042329,T,TGT,I,2,93.995
2025-12-23,9:54:08.207564893,T,TGT,F I,38,93.96
2025-12-23,9:54:08.207612999,T,TGT,F I,38,93.96
2025-12-23,9:54:08.207652028,T,TGT,F I,38,93.96
2025-12-23,9:54:08.207688076,T,TGT,F I,38,93.96
2025-12-23,9:54:08.945853789,T,TGT,I,80,93.97
2025-12-23,9:54:08.945853789,T,TGT,I,20,93.99
2025-12-23,9:54:15.989327222,T,TGT,,148,93.96
2025-12-23,9:54:15.989329707,T,TGT,,100,93.96
2025-12-23,9:54:15.989329707,T,TGT,,100,93.96
2025-12-23,9:54:15.989332750,T,TGT,I,52,93.96
2025-12-23,9:54:16.166908764,T,TGT,I,19,93.98
2025-12-23,9:54:16.166977927,T,TGT,F I,10,93.98
2025-12-23,9:54:16.167125615,T,TGT,I,2,93.99
2025-12-23,9:54:17.619805879,T,TGT,I,19,94.0
2025-12-23,9:54:17.619808271,T,TGT,I,17,94.0
2025-12-23,9:54:17.619811102,T,TGT,I,6,94.01
2025-12-23,9:54:17.620114879,T,TGT,I,1,94.01
2025-12-23,9:54:31.962221913,T,TGT,F I,99,93.96
2025-12-23,9:54:31.962243005,T,TGT,I,1,93.96
2025-12-23,9:54:31.962243005,T,TGT,I,28,93.96
2025-12-23,9:54:34.563951173,T,TGT,F I,2,93.97
2025-12-23,9:54:34.962643990,T,TGT,F I,5,93.95
2025-12-23,9:54:34.962646995,T,TGT,F I,9,93.95
2025-12-23,9:54:34.962650373,T,TGT,F I,5,93.95
2025-12-23,9:54:34.962653015,T,TGT,F I,12,93.95
2025-12-23,9:54:34.962653015,T,TGT,F I,40,93.95
2025-12-23,9:54:37.792445609,T,TGT,F I,2,93.95
2025-12-23,9:54:37.792553933,T,TGT,I,26,93.96
2025-12-23,9:54:37.792945252,T,TGT,F I,49,93.97
2025-12-23,9:54:37.792945252,T,TGT,F I,1,93.97
2025-12-23,9:54:37.792950824,T,TGT,F,100,93.97
2025-12-23,9:54:42.091526550,T,TGT,F I,1,93.97
2025-12-23,9:54:42.091529998,T,TGT,F,131,93.97
2025-12-23,9:54:42.091529998,T,TGT,F I,1,93.97
2025-12-23,9:54:42.091532624,T,TGT,F I,19,93.97
2025-12-23,9:54:42.091535579,T,TGT,F,133,93.97
2025-12-23,9:54:42.091547920,T,TGT,I,48,93.97
2025-12-23,9:54:42.091547920,T,TGT,I,23,93.97
2025-12-23,9:54:42.091550673,T,TGT,I,1,93.97
2025-12-23,9:54:42.091562677,T,TGT,F,133,93.97
2025-12-23,9:54:42.091782853,T,TGT,I,43,93.97
2025-12-23,9:54:42.092067929,T,TGT,,100,93.96
2025-12-23,9:54:42.112125627,T,TGT,,100,93.96
2025-12-23,9:54:42.214173822,T,TGT,,100,93.96
2025-12-23,9:54:42.214173822,T,TGT,,100,93.96
2025-12-23,9:54:44.042030443,T,TGT,,100,93.96
2025-12-23,9:54:47.917852985,T,TGT,I,1,93.95
2025-12-23,9:54:50.253812224,T,TGT,I,1,93.97
2025-12-23,9:54:51.909818316,T,TGT,F I,10,93.96
2025-12-23,9:54:59.184079110,T,TGT,I,19,93.97
2025-12-23,9:54:59.186671342,T,TGT,I,21,93.96
2025-12-23,9:55:02.114356035,T,TGT,F I,38,93.98
2025-12-23,9:55:02.120758294,T,TGT,,100,93.96
2025-12-23,9:55:09.080824733,T,TGT,F I,26,93.92
2025-12-23,9:55:09.080824733,T,TGT,F,100,93.92
2025-12-23,9:55:09.080827423,T,TGT,F I,40,93.92
2025-12-23,9:55:13.062342921,T,TGT,I,10,93.9
2025-12-23,9:55:13.062346020,T,TGT,I,1,93.9
2025-12-23,9:55:13.062348946,T,TGT,I,1,93.9
2025-12-23,9:55:13.062348946,T,TGT,I,88,93.9
2025-12-23,9:55:13.063208920,T,TGT,F I,12,93.9
2025-12-23,9:55:13.063208920,T,TGT,F I,10,93.9
2025-12-23,9:55:13.063211984,T,TGT,F I,3,93.9
2025-12-23,9:55:13.063214943,T,TGT,F I,2,93.9
2025-12-23,9:55:13.078016169,T,TGT,F I,1,93.89
2025-12-23,9:55:13.133729995,T,TGT,F I,40,93.89
2025-12-23,9:55:16.872567231,T,TGT,F I,25,93.9
2025-12-23,9:55:16.872567231,T,TGT,F I,1,93.9
2025-12-23,9:55:23.755695354,T,TGT,I,40,93.915
2025-12-23,9:55:26.873947123,T,TGT,I,2,93.915
2025-12-23,9:55:34.384378973,T,TGT,F I,40,93.89
2025-12-23,9:55:34.384718640,T,TGT,F I,10,93.88
2025-12-23,9:55:34.384721678,T,TGT,F I,60,93.88
2025-12-23,9:55:34.384724721,T,TGT,F I,5,93.88
2025-12-23,9:55:34.384724721,T,TGT,F I,3,93.88
2025-12-23,9:55:34.390384205,T,TGT,F I,38,93.87
2025-12-23,9:55:44.021798684,T,TGT,I,11,93.9
2025-12-23,9:55:47.330731710,T,TGT,F I,16,93.92
2025-12-23,9:55:47.330736064,T,TGT,F I,10,93.92
2025-12-23,9:55:47.330736064,T,TGT,F I,10,93.92
2025-12-23,9:55:47.330737751,T,TGT,I,19,93.94
2025-12-23,9:55:47.330740707,T,TGT,F I,22,93.94
2025-12-23,9:55:47.330849009,T,TGT,F,100,93.95
2025-12-23,9:55:47.330852232,T,TGT,F,199,93.95
2025-12-23,9:55:47.330852232,T,TGT,F I,16,93.95
2025-12-23,9:55:47.331465520,T,TGT,,292,93.95
2025-12-23,9:55:47.331492597,T,TGT,I,80,93.95
2025-12-23,9:55:47.331495539,T,TGT,F,100,93.95
2025-12-23,9:55:47.331508206,T,TGT,,507,93.95
2025-12-23,9:55:47.331508206,T,TGT,I,56,93.95
2025-12-23,9:55:47.331510623,T,TGT,,320,93.95
2025-12-23,9:55:47.348780787,T,TGT,F,100,93.93
2025-12-23,9:55:47.348783960,T,TGT,F I,4,93.93
2025-12-23,9:55:47.348783960,T,TGT,F I,40,93.93
2025-12-23,9:55:47.348786709,T,TGT,F I,19,93.92
2025-12-23,9:55:47.417888330,T,TGT,,100,93.915
2025-12-23,9:55:50.549158166,T,TGT,F I,1,93.91
2025-12-23,9:55:53.351402077,T,TGT,F,100,93.89
2025-12-23,9:55:54.477936901,T,TGT,I,50,93.9
2025-12-23,9:55:54.478024086,T,TGT,I,21,93.9
2025-12-23,9:55:55.656312212,T,TGT,I,14,93.91
2025-12-23,9:55:56.879846273,T,TGT,I,3,93.92
2025-12-23,9:56:03.936291973,T,TGT,F I,99,93.89
2025-12-23,9:56:03.936310017,T,TGT,I,1,93.89
2025-12-23,9:56:09.633737427,T,TGT,I,62,93.87
2025-12-23,9:56:12.052113764,T,TGT,F I,5,93.86
2025-12-23,9:56:12.059114543,T,TGT,F I,38,93.85
2025-12-23,9:56:12.059418256,T,TGT,,100,93.85
2025-12-23,9:56:12.060867663,T,TGT,I,66,93.85
2025-12-23,9:56:16.452560287,T,TGT,,100,93.86
2025-12-23,9:56:24.559643315,T,TGT,,100,93.86
2025-12-23,9:56:26.366350460,T,TGT,F I,40,93.86
2025-12-23,9:56:26.366470855,T,TGT,F I,10,93.85
2025-12-23,9:56:27.660288093,T,TGT,I,1,93.85
2025-12-23,9:56:28.554317948,T,TGT,F,249,93.83
2025-12-23,9:56:28.554339235,T,TGT,F,1710,93.83
2025-12-23,9:56:28.554342453,T,TGT,F,155,93.83
2025-12-23,9:56:28.554345541,T,TGT,F,287,93.83
2025-12-23,9:56:28.554348973,T,TGT,F I,55,93.83
2025-12-23,9:56:28.554352336,T,TGT,F,362,93.83
2025-12-23,9:56:28.554357032,T,TGT,F I,77,93.83
2025-12-23,9:56:28.554357032,T,TGT,F,1472,93.83
2025-12-23,9:56:28.554360071,T,TGT,F,2388,93.83
2025-12-23,9:56:28.554363127,T,TGT,F I,5,93.83
2025-12-23,9:56:28.554363127,T,TGT,F I,5,93.83
2025-12-23,9:56:28.562449437,T,TGT,,119,93.83
2025-12-23,9:56:28.562449437,T,TGT,I,1,93.83
2025-12-23,9:56:28.562449437,T,TGT,I,12,93.83
2025-12-23,9:56:28.562467597,T,TGT,I,1,93.83
2025-12-23,9:56:28.562942562,T,TGT,I,22,93.83
2025-12-23,9:56:28.563348557,T,TGT,F,200,93.83
2025-12-23,9:56:28.563495838,T,TGT,I,24,93.84
2025-12-23,9:56:32.325032156,T,TGT,F,200,93.82
2025-12-23,9:56:32.325032156,T,TGT,F I,55,93.82
2025-12-23,9:56:32.325037447,T,TGT,F,100,93.82
2025-12-23,9:56:32.325037447,T,TGT,F,100,93.82
2025-12-23,9:56:32.325037447,T,TGT,F,100,93.82
2025-12-23,9:56:32.325040230,T,TGT,F,200,93.82
2025-12-23,9:56:32.325545389,T,TGT,I,20,93.83
2025-12-23,9:56:32.325548445,T,TGT,I,20,93.83
2025-12-23,9:56:32.325569529,T,TGT,I,40,93.83
2025-12-23,9:56:32.325569529,T,TGT,I,39,93.83
2025-12-23,9:56:32.325578441,T,TGT,I,21,93.83
2025-12-23,9:56:32.326606960,T,TGT,I,33,93.84
2025-12-23,9:56:32.326606960,T,TGT,I,18,93.84
2025-12-23,9:56:32.328021031,T,TGT,F I,40,93.85
2025-12-23,9:56:32.615583339,T,TGT,I,25,93.84
2025-12-23,9:56:37.937945141,T,TGT,F I,21,93.88
2025-12-23,9:56:37.937948158,T,TGT,F I,45,93.88
2025-12-23,9:56:37.937963719,T,TGT,I,1,93.88
2025-12-23,9:56:38.040832281,T,TGT,F I,38,93.89
2025-12-23,9:56:38.040835227,T,TGT,,255,93.89
2025-12-23,9:56:38.040880331,T,TGT,F I,7,93.89
2025-12-23,9:56:38.189542841,T,TGT,I,10,93.9
2025-12-23,9:56:38.189542841,T,TGT,I,13,93.92
2025-12-23,9:56:38.189548514,T,TGT,F I,7,93.92
2025-12-23,9:56:38.189548514,T,TGT,F I,3,93.92
2025-12-23,9:56:38.189560628,T,TGT,I,17,93.93
2025-12-23,9:56:38.189563968,T,TGT,F I,7,93.93
2025-12-23,9:56:38.189563968,T,TGT,F I,13,93.93
2025-12-23,9:56:38.189569546,T,TGT,F I,12,93.93
2025-12-23,9:56:38.189611795,T,TGT,I,14,93.94
2025-12-23,9:56:38.189614710,T,TGT,I,13,93.94
2025-12-23,9:56:38.189618178,T,TGT,I,3,93.94
2025-12-23,9:56:38.189618178,T,TGT,I,26,93.94
2025-12-23,9:56:38.189618178,T,TGT,,100,93.94
2025-12-23,9:56:38.190032751,T,TGT,I,14,93.93
2025-12-23,9:56:38.190059814,T,TGT,F,724,93.93
2025-12-23,9:56:38.190071745,T,TGT,F I,83,93.93
2025-12-23,9:56:53.900360333,T,TGT,,100,93.875
2025-12-23,9:57:00.134040253,T,TGT,I,3,93.875
2025-12-23,9:57:02.984979242,T,TGT,I,5,93.875
2025-12-23,9:57:21.590769879,T,TGT,F I,2,93.84
2025-12-23,9:57:31.203488840,T,TGT,,150,93.87
2025-12-23,9:57:31.203488840,T,TGT,,233,93.88
2025-12-23,9:57:31.212591564,T,TGT,,100,93.85
2025-12-23,9:57:33.231574517,T,TGT,I,60,93.85
2025-12-23,9:57:33.478074992,T,TGT,F,100,93.9
2025-12-23,9:57:33.478077765,T,TGT,F,244,93.9
2025-12-23,9:57:33.478077765,T,TGT,F I,39,93.9
2025-12-23,9:57:33.478313247,T,TGT,F I,38,93.91
2025-12-23,9:57:33.478396903,T,TGT,F I,62,93.91
2025-12-23,9:57:33.478396903,T,TGT,F I,20,93.92
2025-12-23,9:57:33.478399551,T,TGT,F I,38,93.92
2025-12-23,9:57:33.478444564,T,TGT,F I,62,93.92
2025-12-23,9:57:33.478570961,T,TGT,F,478,93.92
2025-12-23,9:57:33.478585948,T,TGT,F,100,93.92
2025-12-23,9:57:44.127357518,T,TGT,F I,29,93.9
2025-12-23,9:57:44.127360164,T,TGT,F I,10,93.9
2025-12-23,9:57:44.127363131,T,TGT,F I,2,93.9
2025-12-23,9:57:44.127366433,T,TGT,F I,92,93.9
2025-12-23,9:57:44.127369762,T,TGT,F I,1,93.9
2025-12-23,9:57:44.127369762,T,TGT,F I,16,93.9
2025-12-23,9:57:44.127372424,T,TGT,F I,1,93.9
2025-12-23,9:57:44.127372424,T,TGT,F I,1,93.9
2025-12-23,9:57:44.127447784,T,TGT,,100,93.9
2025-12-23,9:57:51.175497352,T,TGT,F I,52,93.86
2025-12-23,9:58:00.507981692,T,TGT,I,80,93.82
2025-12-23,9:58:10.618792493,T,TGT,,100,93.85
2025-12-23,9:58:10.618795256,T,TGT,I,30,93.85
2025-12-23,9:58:10.619122981,T,TGT,I,6,93.89
2025-12-23,9:58:10.619670319,T,TGT,F I,18,93.87
2025-12-23,9:58:10.619736426,T,TGT,I,40,93.87
2025-12-23,9:58:10.619778615,T,TGT,I,18,93.87
2025-12-23,9:58:10.620067237,T,TGT,,113,93.88
2025-12-23,9:58:10.620088338,T,TGT,F I,9,93.88
2025-12-23,9:58:10.620136463,T,TGT,,100,93.88
2025-12-23,9:58:10.620987497,T,TGT,I,4,93.88
2025-12-23,9:58:10.620987497,T,TGT,,100,93.88
2025-12-23,9:58:17.585435247,T,TGT,F I,8,93.85
2025-12-23,9:58:26.469455254,T,TGT,I,8,93.85
2025-12-23,9:58:56.571114185,T,TGT,F I,12,93.8
2025-12-23,9:58:56.578202109,T,TGT,I,60,93.81
2025-12-23,9:58:56.578232099,T,TGT,I,21,93.81
2025-12-23,9:58:56.740667145,T,TGT,F I,19,93.81
2025-12-23,9:59:02.534774625,T,TGT,F I,2,93.82
2025-12-23,9:59:02.534774625,T,TGT,F I,6,93.82
2025-12-23,9:59:02.535120522,T,TGT,F,100,93.81
2025-12-23,9:59:02.535123467,T,TGT,F I,9,93.81
2025-12-23,9:59:02.535123467,T,TGT,F,100,93.81
2025-12-23,9:59:02.535177681,T,TGT,I,9,93.82
2025-12-23,9:59:02.535324979,T,TGT,F I,4,93.82
2025-12-23,9:59:02.535355147,T,TGT,,100,93.83
2025-12-23,9:59:02.535355147,T,TGT,I,51,93.83
2025-12-23,9:59:02.535376197,T,TGT,I,1,93.82
2025-12-23,9:59:02.535536114,T,TGT,I,2,93.83
2025-12-23,9:59:02.535740314,T,TGT,F I,38,93.83
2025-12-23,9:59:02.536687209,T,TGT,,100,93.84
2025-12-23,9:59:02.620617334,T,TGT,,100,93.83
2025-12-23,9:59:02.620620184,T,TGT,I,40,93.83
2025-12-23,9:59:02.620623329,T,TGT,I,45,93.83
2025-12-23,9:59:02.620623329,T,TGT,I,14,93.83
2025-12-23,9:59:02.620626136,T,TGT,I,1,93.83
2025-12-23,9:59:02.620635344,T,TGT,I,1,93.83
2025-12-23,9:59:02.620641144,T,TGT,F I,62,93.83
2025-12-23,9:59:02.929994168,T,TGT,F I,2,93.84
2025-12-23,9:59:02.930048350,T,TGT,F I,1,93.85
2025-12-23,9:59:02.931004560,T,TGT,I,51,93.83
2025-12-23,9:59:02.931007550,T,TGT,I,49,93.83
2025-12-23,9:59:03.083801554,T,TGT,I,51,93.83
2025-12-23,9:59:06.919162799,T,TGT,I,3,93.83
2025-12-23,9:59:16.937854788,T,TGT,I,3,93.83
2025-12-23,9:59:17.489654413,T,TGT,F I,1,93.8
2025-12-23,9:59:17.489654413,T,TGT,F I,1,93.8
2025-12-23,9:59:17.489661034,T,TGT,F,100,93.8
2025-12-23,9:59:17.489663549,T,TGT,F I,10,93.8
2025-12-23,9:59:17.489663549,T,TGT,F I,1,93.8
2025-12-23,9:59:17.489666434,T,TGT,F I,12,93.8
2025-12-23,9:59:17.489672572,T,TGT,I,1,93.8
2025-12-23,9:59:17.489675544,T,TGT,,100,93.8
2025-12-23,9:59:17.489684460,T,TGT,I,87,93.8
2025-12-23,9:59:17.489723646,T,TGT,F I,13,93.8
2025-12-23,9:59:17.489744619,T,TGT,I,13,93.8
2025-12-23,9:59:17.491103880,T,TGT,,100,93.79
2025-12-23,9:59:17.491130903,T,TGT,I,36,93.8
2025-12-23,9:59:17.509463154,T,TGT,F I,25,93.8
2025-12-23,9:59:17.509465903,T,TGT,I,15,93.8
2025-12-23,9:59:17.509468936,T,TGT,I,25,93.8
2025-12-23,9:59:17.509510760,T,TGT,F I,25,93.8
2025-12-23,9:59:17.509595561,T,TGT,F I,10,93.8
2025-12-23,9:59:17.509597898,T,TGT,F I,15,93.81
2025-12-23,9:59:17.509624998,T,TGT,I,10,93.81
2025-12-23,9:59:17.509643105,T,TGT,F I,1,93.81
2025-12-23,9:59:17.512160029,T,TGT,,100,93.82
2025-12-23,9:59:17.512163066,T,TGT,,100,93.82
2025-12-23,9:59:18.666923139,T,TGT,,100,93.815
2025-12-23,9:59:22.053994383,T,TGT,F I,3,93.85
2025-12-23,9:59:22.054024432,T,TGT,F,100,93.86
2025-12-23,9:59:22.054027435,T,TGT,F I,16,93.86
2025-12-23,9:59:22.154614010,T,TGT,F I,20,93.88
2025-12-23,9:59:22.154616995,T,TGT,F,200,93.88
2025-12-23,9:59:22.154620179,T,TGT,F I,33,93.88
2025-12-23,9:59:22.154620179,T,TGT,F I,12,93.88
2025-12-23,9:59:39.840471065,T,TGT,,100,93.84
2025-12-23,9:59:57.342719933,T,TGT,,100,93.825
2025-12-23,10:00:06.842787383,T,TGT,F I,38,93.87
2025-12-23,10:00:06.842838498,T,TGT,F I,38,93.87
2025-12-23,10:00:06.842874608,T,TGT,F I,24,93.87
2025-12-23,10:00:06.846074268,T,TGT,I,11,93.88
2025-12-23,10:00:06.846074268,T,TGT,,100,93.88
2025-12-23,10:00:06.846359914,T,TGT,F,100,93.89
2025-12-23,10:00:06.846377927,T,TGT,F I,8,93.89
2025-12-23,10:00:06.846612507,T,TGT,F I,3,93.9
2025-12-23,10:00:06.846615533,T,TGT,F I,1,93.9
2025-12-23,10:00:07.025957501,T,TGT,I,40,93.87
2025-12-23,10:00:07.025957501,T,TGT,I,47,93.87
2025-12-23,10:00:07.025959825,T,TGT,I,12,93.87
2025-12-23,10:00:07.025962776,T,TGT,I,1,93.865
2025-12-23,10:00:13.340415100,T,TGT,,150,93.89
2025-12-23,10:00:13.340418355,T,TGT,I,26,93.9
2025-12-23,10:00:13.340418355,T,TGT,I,2,93.9
2025-12-23,10:00:13.340421064,T,TGT,I,50,93.9
2025-12-23,10:00:13.340433571,T,TGT,I,1,93.9
2025-12-23,10:00:13.340460798,T,TGT,I,49,93.9
2025-12-23,10:00:13.340460798,T,TGT,,100,93.9
2025-12-23,10:00:13.340463276,T,TGT,,100,93.9
2025-12-23,10:00:13.340466187,T,TGT,,100,93.9
2025-12-23,10:00:14.367265370,T,TGT,F,100,93.88
2025-12-23,10:00:14.367265370,T,TGT,F I,45,93.88
2025-12-23,10:00:14.367268383,T,TGT,F I,2,93.88
2025-12-23,10:00:14.367280410,T,TGT,F I,70,93.88
2025-12-23,10:00:19.544660897,T,TGT,I,10,93.87
2025-12-23,10:00:30.950281121,T,TGT,F I,38,93.87
2025-12-23,10:00:30.950326218,T,TGT,F I,38,93.87
2025-12-23,10:00:31.084060747,T,TGT,I,25,93.855
2025-12-23,10:00:31.084132965,T,TGT,,106,93.855
2025-12-23,10:00:34.507076583,T,TGT,,100,93.86
2025-12-23,10:00:34.821048574,T,TGT,F,100,93.87
2025-12-23,10:00:34.821051521,T,TGT,F I,99,93.88
2025-12-23,10:00:34.821066524,T,TGT,I,70,93.88
2025-12-23,10:00:34.821069962,T,TGT,I,1,93.88
2025-12-23,10:00:34.821069962,T,TGT,I,30,93.88
2025-12-23,10:00:34.821072644,T,TGT,I,9,93.88
2025-12-23,10:00:34.821075596,T,TGT,,100,93.88
2025-12-23,10:00:34.821508616,T,TGT,I,26,93.88
2025-12-23,10:00:34.821508616,T,TGT,I,1,93.88
2025-12-23,10:00:34.821547706,T,TGT,I,23,93.88
2025-12-23,10:00:34.821923634,T,TGT,I,6,93.89
2025-12-23,10:00:34.821926589,T,TGT,I,94,93.89
2025-12-23,10:00:34.917404091,T,TGT,F I,6,93.89
2025-12-23,10:00:34.917407085,T,TGT,F I,94,93.89
2025-12-23,10:00:34.917422080,T,TGT,F I,6,93.89
2025-12-23,10:00:55.688650507,T,TGT,,100,93.93
2025-12-23,10:00:56.954717865,T,TGT,I,3,93.93
2025-12-23,10:00:58.518575431,T,TGT,F I,38,93.93
2025-12-23,10:01:02.540368805,T,TGT,I,1,93.9
2025-12-23,10:01:02.544539644,T,TGT,F I,76,93.89
2025-12-23,10:01:02.575567667,T,TGT,,100,93.88
2025-12-23,10:01:09.600579738,T,TGT,,100,93.89
2025-12-23,10:01:09.600961742,T,TGT,I,30,93.89
2025-12-23,10:01:09.601048937,T,TGT,F I,1,93.89
2025-12-23,10:01:09.601070589,T,TGT,F I,69,93.89
2025-12-23,10:01:09.601072920,T,TGT,F,100,93.895
2025-12-23,10:01:09.601075925,T,TGT,F I,1,93.9
2025-12-23,10:01:10.005025290,T,TGT,I,24,93.9
2025-12-23,10:01:14.157603084,T,TGT,F I,38,93.88
2025-12-23,10:01:14.157651196,T,TGT,F I,12,93.88
2025-12-23,10:01:14.157654334,T,TGT,F I,1,93.87
2025-12-23,10:01:14.157657206,T,TGT,F I,88,93.87
2025-12-23,10:01:14.157675280,T,TGT,I,1,93.87
2025-12-23,10:01:14.158060216,T,TGT,I,11,93.87
2025-12-23,10:01:31.818212207,T,TGT,I,40,93.88
2025-12-23,10:01:31.818212207,T,TGT,I,20,93.88
2025-12-23,10:01:37.990563850,T,TGT,I,82,93.895
2025-12-23,10:01:37.990584882,T,TGT,I,18,93.895
2025-12-23,10:01:51.269442815,T,TGT,,100,93.895
2025-12-23,10:01:52.940587031,T,TGT,F I,40,93.91
2025-12-23,10:01:52.940587031,T,TGT,F I,80,93.91
2025-12-23,10:01:52.940623073,T,TGT,I,40,93.9
2025-12-23,10:01:53.512288063,T,TGT,F I,5,93.92
2025-12-23,10:01:53.513099959,T,TGT,F I,2,93.93
2025-12-23,10:01:54.354651748,T,TGT,F,100,93.95
2025-12-23,10:01:54.373768325,T,TGT,F,100,93.95
2025-12-23,10:01:54.373771360,T,TGT,F,100,93.95
2025-12-23,10:01:54.375043563,T,TGT,F I,1,93.94
2025-12-23,10:01:54.375043563,T,TGT,F I,2,93.94
2025-12-23,10:01:57.537100532,T,TGT,I,64,93.91
2025-12-23,10:02:06.395998607,T,TGT,F,100,93.85
2025-12-23,10:02:06.396029676,T,TGT,F,100,93.83
2025-12-23,10:02:06.396031749,T,TGT,F I,13,93.83
2025-12-23,10:02:06.396251248,T,TGT,F,100,93.82
2025-12-23,10:02:06.396272812,T,TGT,F I,1,93.82
2025-12-23,10:02:06.396344463,T,TGT,F,100,93.82
2025-12-23,10:02:10.256093752,T,TGT,I,60,93.92
2025-12-23,10:02:10.256093752,T,TGT,I,10,93.92
2025-12-23,10:02:10.256096813,T,TGT,I,80,93.92
2025-12-23,10:02:12.175942596,T,TGT,F I,38,93.92
2025-12-23,10:02:16.967621080,T,TGT,I,3,93.92
2025-12-23,10:02:20.701255951,T,TGT,I,40,93.9
2025-12-23,10:02:20.701260054,T,TGT,,100,93.9
2025-12-23,10:02:20.701260054,T,TGT,I,60,93.9
2025-12-23,10:02:20.701274065,T,TGT,F I,6,93.9
2025-12-23,10:02:20.701277221,T,TGT,I,14,93.9
2025-12-23,10:02:20.701277221,T,TGT,I,1,93.9
2025-12-23,10:02:23.926069727,T,TGT,F I,1,93.83
2025-12-23,10:02:28.950986906,T,TGT,F I,60,93.85
2025-12-23,10:02:28.950990550,T,TGT,F I,7,93.86
2025-12-23,10:02:28.950993269,T,TGT,F I,55,93.86
2025-12-23,10:02:28.950993269,T,TGT,I,45,93.86
2025-12-23,10:02:28.969270522,T,TGT,F,100,93.89
2025-12-23,10:02:28.969285539,T,TGT,F I,11,93.89
2025-12-23,10:02:28.969480999,T,TGT,F I,38,93.9
2025-12-23,10:02:35.020003885,T,TGT,I,59,93.9
2025-12-23,10:02:35.020006569,T,TGT,I,99,93.9
2025-12-23,10:02:35.020006569,T,TGT,I,1,93.9
2025-12-23,10:02:38.616526671,T,TGT,F I,1,93.9
2025-12-23,10:02:54.055367402,T,TGT,F I,2,93.85
2025-12-23,10:02:54.055526811,T,TGT,F I,1,93.85
2025-12-23,10:02:54.055713263,T,TGT,F I,40,93.84
2025-12-23,10:03:07.288691029,T,TGT,F I,1,93.85
2025-12-23,10:03:07.288694026,T,TGT,F I,1,93.85
2025-12-23,10:03:08.512384184,T,TGT,,100,93.865
2025-12-23,10:03:09.297602928,T,TGT,,100,93.865
2025-12-23,10:03:47.120603644,T,TGT,I,80,93.85
2025-12-23,10:03:56.972509459,T,TGT,I,40,93.85
2025-12-23,10:04:03.191846459,T,TGT,F I,4,93.9
2025-12-23,10:04:03.191851457,T,TGT,F,100,93.9
2025-12-23,10:04:03.191851457,T,TGT,F,100,93.9
2025-12-23,10:04:06.610840673,T,TGT,I,1,93.89
2025-12-23,10:04:15.859178985,T,TGT,F I,47,93.88
2025-12-23,10:04:15.859181609,T,TGT,F I,40,93.88
2025-12-23,10:04:15.900815702,T,TGT,F I,77,93.88
2025-12-23,10:04:15.900833815,T,TGT,I,1,93.88
2025-12-23,10:04:15.900857805,T,TGT,I,22,93.88
2025-12-23,10:04:24.823237256,T,TGT,F,100,93.91
2025-12-23,10:04:24.823249212,T,TGT,F I,76,93.92
2025-12-23,10:04:24.823273397,T,TGT,F I,24,93.92
2025-12-23,10:04:24.823273397,T,TGT,F I,11,93.92
2025-12-23,10:04:24.823276360,T,TGT,I,1,93.92
2025-12-23,10:04:24.823279352,T,TGT,F I,24,93.92
2025-12-23,10:04:24.823288325,T,TGT,F,100,93.91
2025-12-23,10:04:24.823288325,T,TGT,F I,24,93.92
2025-12-23,10:04:31.669082494,T,TGT,,200,93.915
2025-12-23,10:04:35.464983667,T,TGT,F I,38,93.94
2025-12-23,10:04:35.465025819,T,TGT,F I,24,93.94
2025-12-23,10:04:50.565864305,T,TGT,I,30,93.92
2025-12-23,10:04:50.565867385,T,TGT,I,23,93.92
2025-12-23,10:05:01.691337038,T,TGT,F I,45,93.91
2025-12-23,10:05:01.691337038,T,TGT,F I,38,93.91
2025-12-23,10:05:01.691658794,T,TGT,F,100,93.9
2025-12-23,10:05:01.691658794,T,TGT,F I,3,93.9
2025-12-23,10:05:01.691680086,T,TGT,I,18,93.9
2025-12-23,10:05:01.691752026,T,TGT,F I,82,93.9
2025-12-23,10:05:01.693763815,T,TGT,,100,93.895
2025-12-23,10:05:08.237728991,T,TGT,F I,2,93.9
2025-12-23,10:05:15.538512963,T,TGT,I,42,93.88
2025-12-23,10:05:15.538570123,T,TGT,F I,60,93.87
2025-12-23,10:05:15.538573142,T,TGT,F I,16,93.87
2025-12-23,10:05:15.538612229,T,TGT,,200,93.86
2025-12-23,10:05:27.436162519,T,TGT,F I,9,93.905
2025-12-23,10:05:31.572928934,T,TGT,F,470,93.85
2025-12-23,10:05:31.572931922,T,TGT,F I,20,93.85
2025-12-23,10:05:31.572934777,T,TGT,F I,1,93.85
2025-12-23,10:05:31.572937964,T,TGT,F,100,93.85
2025-12-23,10:05:31.572952819,T,TGT,F,200,93.85
2025-12-23,10:05:31.572956503,T,TGT,F I,18,93.85
2025-12-23,10:05:31.572961763,T,TGT,F I,82,93.85
2025-12-23,10:05:31.573136173,T,TGT,I,5,93.86
2025-12-23,10:05:56.621265373,T,TGT,F,100,93.875
2025-12-23,10:05:56.621267832,T,TGT,F,100,93.91
2025-12-23,10:05:56.621270807,T,TGT,F I,37,93.92
2025-12-23,10:05:56.621270807,T,TGT,F I,63,93.92
2025-12-23,10:05:56.621274312,T,TGT,F I,1,93.92
2025-12-23,10:05:56.621274312,T,TGT,F I,64,93.92
2025-12-23,10:05:56.621282861,T,TGT,F I,36,93.92
2025-12-23,10:05:56.621285896,T,TGT,F,100,93.92
2025-12-23,10:05:56.622576030,T,TGT,I,5,93.92
2025-12-23,10:05:56.622579008,T,TGT,I,40,93.9
2025-12-23,10:05:56.622579008,T,TGT,I,55,93.9
2025-12-23,10:05:56.640330240,T,TGT,,100,93.87
2025-12-23,10:06:16.889488052,T,TGT,,100,93.865
2025-12-23,10:06:16.889491127,T,TGT,I,18,93.9
2025-12-23,10:06:16.889491127,T,TGT,I,68,93.9
2025-12-23,10:06:16.889509148,T,TGT,I,1,93.9
2025-12-23,10:06:16.889539270,T,TGT,F I,31,93.9
2025-12-23,10:06:16.889539270,T,TGT,F I,3,93.9
2025-12-23,10:06:16.889542920,T,TGT,F I,40,93.9
2025-12-23,10:06:16.889545157,T,TGT,F I,25,93.9
2025-12-23,10:06:17.534512709,T,TGT,F I,24,93.88
2025-12-23,10:06:22.589868419,T,TGT,F I,5,93.83
2025-12-23,10:06:22.589868419,T,TGT,F I,30,93.83
2025-12-23,10:06:25.222902244,T,TGT,F I,38,93.84
2025-12-23,10:06:25.222950278,T,TGT,F I,38,93.84
2025-12-23,10:06:25.238241778,T,TGT,F I,32,93.83
2025-12-23,10:06:35.775943499,T,TGT,,100,93.855
2025-12-23,10:06:36.300865047,T,TGT,I,35,93.88
2025-12-23,10:06:36.300868017,T,TGT,I,18,93.88
2025-12-23,10:06:36.914170438,T,TGT,I,42,93.89
2025-12-23,10:06:36.914170438,T,TGT,I,11,93.89
2025-12-23,10:06:36.914173198,T,TGT,,100,93.9
2025-12-23,10:06:36.914173198,T,TGT,I,47,93.9
2025-12-23,10:06:36.914188058,T,TGT,I,1,93.9
2025-12-23,10:06:36.914242279,T,TGT,I,52,93.9
2025-12-23,10:06:36.914801479,T,TGT,,100,93.91
2025-12-23,10:06:36.915920145,T,TGT,F I,24,93.89
2025-12-23,10:06:36.915953256,T,TGT,I,2,93.9
2025-12-23,10:06:36.916217913,T,TGT,F I,24,93.88
2025-12-23,10:06:57.536153061,T,TGT,F I,18,93.82
2025-12-23,10:06:57.536156052,T,TGT,F I,40,93.82
2025-12-23,10:06:57.536156052,T,TGT,F I,44,93.82
2025-12-23,10:06:57.536174035,T,TGT,I,1,93.82
2025-12-23,10:06:57.536186086,T,TGT,I,55,93.82
2025-12-23,10:06:57.536189059,T,TGT,I,1,93.82
2025-12-23,10:06:57.537840001,T,TGT,I,80,93.83
2025-12-23,10:06:59.020302742,T,TGT,,100,93.83
2025-12-23,10:06:59.020305821,T,TGT,I,33,93.85
2025-12-23,10:06:59.020320834,T,TGT,F I,67,93.85
2025-12-23,10:06:59.020320834,T,TGT,F I,33,93.85
2025-12-23,10:06:59.246405503,T,TGT,F I,24,93.83
2025-12-23,10:06:59.246483587,T,TGT,,191,93.83
2025-12-23,10:06:59.554528453,T,TGT,F I,2,93.82
2025-12-23,10:06:59.554579601,T,TGT,,100,93.82
2025-12-23,10:06:59.554600632,T,TGT,I,1,93.82
2025-12-23,10:07:24.005470907,T,TGT,F I,3,93.85
2025-12-23,10:07:24.005473489,T,TGT,F I,15,93.85
2025-12-23,10:07:24.005476412,T,TGT,F I,10,93.85
2025-12-23,10:07:24.006014764,T,TGT,F I,10,93.87
2025-12-23,10:07:24.006568153,T,TGT,F I,40,93.89
2025-12-23,10:07:24.006568153,T,TGT,F,100,93.89
2025-12-23,10:07:24.006571372,T,TGT,F I,13,93.9
2025-12-23,10:07:24.006571372,T,TGT,F I,1,93.9
2025-12-23,10:07:24.006673309,T,TGT,F,100,93.92
2025-12-23,10:07:24.006673309,T,TGT,F I,13,93.92
2025-12-23,10:07:24.006971124,T,TGT,F I,1,93.92
2025-12-23,10:07:24.006971124,T,TGT,F I,15,93.92
2025-12-23,10:07:24.006989045,T,TGT,F I,76,93.92
2025-12-23,10:07:24.007136397,T,TGT,F I,15,93.92
2025-12-23,10:07:24.007181466,T,TGT,F,100,93.92
2025-12-23,10:07:24.007181466,T,TGT,F I,2,93.92
2025-12-23,10:07:24.007999456,T,TGT,I,13,93.92
2025-12-23,10:07:24.290781190,T,TGT,F I,60,93.93
2025-12-23,10:07:24.290799237,T,TGT,F I,40,93.93
2025-12-23,10:07:24.290802222,T,TGT,F I,33,93.93
2025-12-23,10:07:35.158973021,T,TGT,I,40,93.92
2025-12-23,10:07:37.034962455,T,TGT,I,6,93.92
2025-12-23,10:07:43.008717929,T,TGT,I,27,93.92
2025-12-23,10:07:47.034315849,T,TGT,I,3,93.92
2025-12-23,10:07:57.036877041,T,TGT,I,3,93.92
2025-12-23,10:07:57.041005937,T,TGT,I,1,93.92
2025-12-23,10:08:00.332584608,T,TGT,I,33,93.9
2025-12-23,10:08:00.332584608,T,TGT,I,19,93.9
2025-12-23,10:08:17.017750692,T,TGT,F I,26,93.91
2025-12-23,10:08:22.627104153,T,TGT,I,46,93.9
2025-12-23,10:08:22.627110271,T,TGT,,114,93.9
2025-12-23,10:08:22.627110271,T,TGT,I,40,93.9
2025-12-23,10:08:22.627113298,T,TGT,,100,93.9
2025-12-23,10:08:22.627116738,T,TGT,,100,93.9
2025-12-23,10:08:22.627116738,T,TGT,I,86,93.9
2025-12-23,10:08:22.627281507,T,TGT,,100,93.905
2025-12-23,10:08:22.627410852,T,TGT,,100,93.91
2025-12-23,10:08:22.627429986,T,TGT,I,1,93.91
2025-12-23,10:08:22.627630738,T,TGT,I,9,93.9
2025-12-23,10:08:22.628075461,T,TGT,I,60,93.91
2025-12-23,10:08:22.628370182,T,TGT,I,29,93.91
2025-12-23,10:08:22.628529520,T,TGT,I,19,93.91
2025-12-23,10:08:22.628572057,T,TGT,I,71,93.91
2025-12-23,10:08:22.628572057,T,TGT,I,81,93.91
2025-12-23,10:08:22.628574592,T,TGT,,100,93.91
2025-12-23,10:08:22.628613668,T,TGT,,100,93.92
2025-12-23,10:08:22.629079877,T,TGT,I,6,93.91
2025-12-23,10:08:22.629735986,T,TGT,F I,43,93.91
2025-12-23,10:08:22.629739559,T,TGT,F I,43,93.91
2025-12-23,10:08:22.629739559,T,TGT,F I,14,93.91
2025-12-23,10:08:22.631172879,T,TGT,I,25,93.91
2025-12-23,10:08:22.631172879,T,TGT,I,37,93.91
2025-12-23,10:08:22.673616964,T,TGT,I,40,93.9
2025-12-23,10:08:22.673618984,T,TGT,I,14,93.9
2025-12-23,10:08:22.694217990,T,TGT,,200,93.89
2025-12-23,10:08:22.697002618,T,TGT,,200,93.88
2025-12-23,10:08:22.697005655,T,TGT,,100,93.88
2025-12-23,10:08:23.022913159,T,TGT,I,50,93.88
2025-12-23,10:08:23.022916111,T,TGT,I,4,93.88
2025-12-23,10:08:25.353591670,T,TGT,F I,38,93.88
2025-12-23,10:08:26.378935422,T,TGT,I,16,93.88
2025-12-23,10:08:26.378935422,T,TGT,I,38,93.88
2025-12-23,10:08:26.378939222,T,TGT,I,46,93.88
2025-12-23,10:08:27.041278235,T,TGT,I,3,93.89
2025-12-23,10:08:31.893674392,T,TGT,I,77,93.89
2025-12-23,10:08:31.893752600,T,TGT,,152,93.89
2025-12-23,10:08:31.893770772,T,TGT,I,13,93.9
2025-12-23,10:08:31.893770772,T,TGT,I,51,93.9
2025-12-23,10:08:31.893785645,T,TGT,,100,93.89
2025-12-23,10:08:31.893791695,T,TGT,I,29,93.9
2025-12-23,10:08:31.893845871,T,TGT,I,7,93.89
2025-12-23,10:08:31.893845871,T,TGT,I,45,93.89
2025-12-23,10:08:31.893848808,T,TGT,I,48,93.89
2025-12-23,10:08:34.033551750,T,TGT,I,2,93.89
2025-12-23,10:08:34.033554612,T,TGT,I,39,93.89
2025-12-23,10:08:34.033554612,T,TGT,I,7,93.89
2025-12-23,10:08:34.033821966,T,TGT,F I,2,93.89
2025-12-23,10:08:34.033824979,T,TGT,F I,44,93.89
2025-12-23,10:08:34.041757973,T,TGT,F I,46,93.89
2025-12-23,10:08:40.271332975,T,TGT,F I,42,93.88
2025-12-23,10:09:01.879410197,T,TGT,F I,25,93.88
2025-12-23,10:09:01.879413196,T,TGT,F I,13,93.88
2025-12-23,10:09:01.879428236,T,TGT,I,20,93.88
2025-12-23,10:09:01.879440229,T,TGT,F I,38,93.88
2025-12-23,10:09:01.879455268,T,TGT,I,20,93.87
2025-12-23,10:09:01.879455268,T,TGT,I,63,93.87
2025-12-23,10:09:01.879458258,T,TGT,I,7,93.87
2025-12-23,10:09:07.574179154,T,TGT,F I,2,93.88
2025-12-23,10:09:08.001987268,T,TGT,F I,5,93.9
2025-12-23,10:09:08.001987268,T,TGT,F I,2,93.9
2025-12-23,10:09:08.002002339,T,TGT,F I,8,93.9
2025-12-23,10:09:11.317389364,T,TGT,I,68,93.87
2025-12-23,10:09:11.317389364,T,TGT,I,21,93.87
2025-12-23,10:09:11.317392148,T,TGT,I,1,93.87
2025-12-23,10:09:11.317966221,T,TGT,I,19,93.86
2025-12-23,10:09:11.318035359,T,TGT,I,16,93.86
2025-12-23,10:09:11.318432413,T,TGT,I,1,93.85
2025-12-23,10:09:11.318432413,T,TGT,I,5,93.85
2025-12-23,10:09:11.318453381,T,TGT,I,8,93.85
2025-12-23,10:09:11.318606762,T,TGT,,100,93.85
2025-12-23,10:09:35.271297641,T,TGT,F I,1,93.88
2025-12-23,10:09:37.925204177,T,TGT,,100,93.885
2025-12-23,10:09:44.295995749,T,TGT,F,100,93.91
2025-12-23,10:09:44.295995749,T,TGT,F I,50,93.91
2025-12-23,10:09:44.453935060,T,TGT,F I,25,93.92
2025-12-23,10:09:44.453953200,T,TGT,F I,75,93.92
2025-12-23,10:09:44.454650755,T,TGT,,100,93.94
2025-12-23,10:09:44.456076098,T,TGT,I,1,93.94
2025-12-23,10:09:45.941185070,T,TGT,F I,49,93.94
2025-12-23,10:09:45.941254292,T,TGT,F I,1,93.97
2025-12-23,10:09:52.329511781,T,TGT,F I,5,93.96
2025-12-23,10:09:52.329511781,T,TGT,F I,50,93.96
2025-12-23,10:09:52.329538581,T,TGT,F I,30,93.96
2025-12-23,10:10:03.970545099,T,TGT,F I,3,93.97
2025-12-23,10:10:03.970547638,T,TGT,F I,5,93.97
2025-12-23,10:10:09.565244192,T,TGT,F I,31,93.99
2025-12-23,10:10:09.565247405,T,TGT,F I,10,93.99
2025-12-23,10:10:09.565247405,T,TGT,F I,3,93.99
2025-12-23,10:10:09.568062082,T,TGT,F,100,94.0
2025-12-23,10:10:09.583163962,T,TGT,,100,94.0
2025-12-23,10:10:09.647802885,T,TGT,,100,94.0
2025-12-23,10:10:10.568870170,T,TGT,I,8,94.01
2025-12-23,10:10:17.957768165,T,TGT,F I,11,93.99
2025-12-23,10:10:17.957773160,T,TGT,F I,32,93.99
2025-12-23,10:10:17.957773160,T,TGT,F I,56,93.99
2025-12-23,10:10:17.957776867,T,TGT,F,150,93.99
2025-12-23,10:10:17.957776867,T,TGT,F I,12,93.99
2025-12-23,10:10:17.957779500,T,TGT,F I,1,93.99
2025-12-23,10:10:17.957779500,T,TGT,F I,22,93.99
2025-12-23,10:10:23.528986882,T,TGT,F I,21,93.95
2025-12-23,10:10:23.528990359,T,TGT,F I,10,93.95
2025-12-23,10:10:23.528992608,T,TGT,F I,10,93.95
2025-12-23,10:10:30.900742810,T,TGT,I,38,93.985
2025-12-23,10:10:30.905617354,T,TGT,,100,94.0
2025-12-23,10:10:30.905620471,T,TGT,,100,94.0
2025-12-23,10:10:30.907391583,T,TGT,,200,94.02
2025-12-23,10:10:30.907391583,T,TGT,,100,94.02
2025-12-23,10:10:30.908396011,T,TGT,F I,38,94.03
2025-12-23,10:10:30.908567470,T,TGT,F I,12,94.03
2025-12-23,10:10:30.908567470,T,TGT,F I,4,94.04
2025-12-23,10:10:30.908588468,T,TGT,F I,12,94.04
2025-12-23,10:10:30.908687715,T,TGT,F,100,94.04
2025-12-23,10:10:30.908687715,T,TGT,F I,5,94.05
2025-12-23,10:10:30.908690712,T,TGT,F I,29,94.05
2025-12-23,10:10:30.908786969,T,TGT,F,118,94.04
2025-12-23,10:10:30.908813975,T,TGT,I,82,94.04
2025-12-23,10:10:30.908850138,T,TGT,F I,13,94.05
2025-12-23,10:10:30.908976465,T,TGT,F I,58,94.05
2025-12-23,10:10:30.914647971,T,TGT,,100,94.045
2025-12-23,10:10:30.940431385,T,TGT,I,30,94.045
2025-12-23,10:10:30.940431385,T,TGT,I,75,94.045
2025-12-23,10:10:31.061126901,T,TGT,,100,94.05
2025-12-23,10:10:32.015203865,T,TGT,F,100,94.07
2025-12-23,10:10:32.015203865,T,TGT,F,100,94.07
2025-12-23,10:10:32.015459547,T,TGT,F I,18,94.08
2025-12-23,10:10:32.015934597,T,TGT,,100,94.07
2025-12-23,10:10:32.068268263,T,TGT,I,21,94.08
2025-12-23,10:10:33.874969446,T,TGT,F,100,94.1
2025-12-23,10:10:35.584626452,T,TGT,F I,44,94.09
2025-12-23,10:10:37.069278383,T,TGT,I,3,94.11
2025-12-23,10:10:37.902467289,T,TGT,F I,38,94.08
2025-12-23,10:10:37.902512637,T,TGT,F I,7,94.08
2025-12-23,10:10:37.902515371,T,TGT,F I,2,94.08
2025-12-23,10:10:38.540292822,T,TGT,I,25,94.08
2025-12-23,10:10:38.542118271,T,TGT,F I,22,94.08
2025-12-23,10:10:46.145564574,T,TGT,F,100,94.07
2025-12-23,10:10:46.145564574,T,TGT,F I,22,94.07
2025-12-23,10:10:52.021972030,T,TGT,F I,2,94.11
2025-12-23,10:10:52.022011225,T,TGT,I,23,94.11
2025-12-23,10:10:54.356331416,T,TGT,F I,33,94.12
2025-12-23,10:10:54.357847290,T,TGT,F I,4,94.13
2025-12-23,10:10:54.357847290,T,TGT,F I,6,94.13
2025-12-23,10:10:54.358364271,T,TGT,F I,10,94.14
2025-12-23,10:10:54.421896578,T,TGT,I,36,94.17
2025-12-23,10:10:54.421896578,T,TGT,I,52,94.17
2025-12-23,10:10:56.476971560,T,TGT,,100,94.2
2025-12-23,10:10:56.476986782,T,TGT,F I,22,94.2
2025-12-23,10:10:56.476989638,T,TGT,I,1,94.2
2025-12-23,10:10:56.477013698,T,TGT,F I,77,94.2
2025-12-23,10:10:56.477016731,T,TGT,F I,1,94.2
2025-12-23,10:10:56.477062059,T,TGT,F I,77,94.2
2025-12-23,10:10:56.477067770,T,TGT,F I,22,94.2
2025-12-23,10:10:56.477067770,T,TGT,F I,55,94.2
2025-12-23,10:10:56.477082983,T,TGT,I,45,94.2
2025-12-23,10:10:56.477082983,T,TGT,I,54,94.2
2025-12-23,10:10:56.477086526,T,TGT,F I,46,94.2
2025-12-23,10:10:56.477088974,T,TGT,F I,54,94.2
2025-12-23,10:10:56.477088974,T,TGT,F I,48,94.2
2025-12-23,10:10:56.477139993,T,TGT,I,25,94.2
2025-12-23,10:10:56.478815049,T,TGT,F I,1,94.21
2025-12-23,10:10:56.478815049,T,TGT,F I,2,94.21
2025-12-23,10:10:56.478817896,T,TGT,F I,1,94.21
2025-12-23,10:11:01.050245697,T,TGT,I,1,94.24
2025-12-23,10:11:03.081037801,T,TGT,F,100,94.22
2025-12-23,10:11:07.931446149,T,TGT,F I,1,94.24
2025-12-23,10:11:07.931449225,T,TGT,F,100,94.24
2025-12-23,10:11:07.932011540,T,TGT,F,100,94.25
2025-12-23,10:11:07.933427944,T,TGT,,100,94.26
2025-12-23,10:11:07.936468157,T,TGT,I,6,94.26
2025-12-23,10:11:08.992054991,T,TGT,I,76,94.24
2025-12-23,10:11:08.992148186,T,TGT,F I,38,94.24
2025-12-23,10:11:08.992148186,T,TGT,I,54,94.24
2025-12-23,10:11:21.944064332,T,TGT,I,31,94.235
2025-12-23,10:11:31.883677006,T,TGT,I,31,94.21
2025-12-23,10:11:31.993008793,T,TGT,F I,11,94.19
2025-12-23,10:11:31.993012416,T,TGT,F,150,94.19
2025-12-23,10:11:31.993012416,T,TGT,F I,1,94.19
2025-12-23,10:11:31.993030241,T,TGT,F,100,94.18
2025-12-23,10:11:32.096166230,T,TGT,F,100,94.17
2025-12-23,10:11:32.096166230,T,TGT,F I,50,94.17
2025-12-23,10:11:32.100388241,T,TGT,,100,94.17
2025-12-23,10:11:32.103873528,T,TGT,,100,94.17
2025-12-23,10:11:32.103876506,T,TGT,,113,94.17
2025-12-23,10:11:32.118894343,T,TGT,,200,94.17
2025-12-23,10:11:55.103422682,T,TGT,F I,38,94.16
2025-12-23,10:12:05.580569052,T,TGT,F I,50,94.13
2025-12-23,10:12:05.580569052,T,TGT,F I,20,94.13
2025-12-23,10:12:05.580575082,T,TGT,F,100,94.13
2025-12-23,10:12:05.580575082,T,TGT,F,100,94.13
2025-12-23,10:12:05.581862115,T,TGT,F I,54,94.11
2025-12-23,10:12:10.453988294,T,TGT,I,1,94.13
2025-12-23,10:12:26.081633889,T,TGT,I,1,94.1
2025-12-23,10:12:31.304431511,T,TGT,F I,28,94.1
2025-12-23,10:12:31.316550322,T,TGT,I,5,94.09
2025-12-23,10:12:31.316550322,T,TGT,I,9,94.09
2025-12-23,10:12:31.318032858,T,TGT,F I,6,94.1
2025-12-23,10:12:31.318568287,T,TGT,I,17,94.11
2025-12-23,10:12:31.588563384,T,TGT,F I,97,94.11
2025-12-23,10:12:31.588584501,T,TGT,I,1,94.11
2025-12-23,10:12:31.588608511,T,TGT,I,2,94.11
2025-12-23,10:12:31.588611649,T,TGT,I,6,94.11
2025-12-23,10:12:31.588611649,T,TGT,I,40,94.11
2025-12-23,10:12:35.806213367,T,TGT,I,33,94.09
2025-12-23,10:12:36.667835430,T,TGT,F I,24,94.09
2025-12-23,10:12:36.667835430,T,TGT,F I,17,94.09
2025-12-23,10:12:43.949009454,T,TGT,F I,6,94.06
2025-12-23,10:12:43.951785034,T,TGT,I,14,94.06
2025-12-23,10:12:43.951788415,T,TGT,I,16,94.06
2025-12-23,10:12:43.975667970,T,TGT,I,2,94.09
2025-12-23,10:13:03.764651521,T,TGT,F I,2,94.09
2025-12-23,10:13:09.673079492,T,TGT,F I,28,94.09
2025-12-23,10:13:09.673079492,T,TGT,F I,5,94.09
2025-12-23,10:13:14.610274511,T,TGT,F I,9,94.09
2025-12-23,10:13:14.610277814,T,TGT,F I,2,94.09
2025-12-23,10:13:14.610277814,T,TGT,F I,27,94.09
2025-12-23,10:13:14.610334703,T,TGT,F I,6,94.09
2025-12-23,10:13:14.610373759,T,TGT,,100,94.075
2025-12-23,10:13:14.610385822,T,TGT,F I,61,94.1
2025-12-23,10:13:14.610388875,T,TGT,F I,38,94.1
2025-12-23,10:13:14.610409953,T,TGT,F I,30,94.1
2025-12-23,10:13:14.610409953,T,TGT,F I,14,94.1
2025-12-23,10:13:14.610443137,T,TGT,I,1,94.1
2025-12-23,10:13:14.610443137,T,TGT,I,30,94.075
2025-12-23,10:13:14.610445979,T,TGT,,110,94.075
2025-12-23,10:13:19.034561715,T,TGT,I,20,94.075
2025-12-23,10:13:20.896492592,T,TGT,I,4,94.075
2025-12-23,10:13:22.257159208,T,TGT,F I,40,94.05
2025-12-23,10:13:26.121037337,T,TGT,F I,35,94.04
2025-12-23,10:13:26.121611693,T,TGT,F I,50,94.05
2025-12-23,10:13:26.121614727,T,TGT,F I,13,94.05
2025-12-23,10:13:26.122095843,T,TGT,,100,94.05
2025-12-23,10:13:26.128687572,T,TGT,F I,8,94.05
2025-12-23,10:13:44.308353993,T,TGT,I,1,94.06
2025-12-23,10:13:52.162239785,T,TGT,I,94,94.04
2025-12-23,10:13:53.268819061,T,TGT,,100,94.06
2025-12-23,10:14:17.139023400,T,TGT,I,3,94.06
2025-12-23,10:14:21.485797980,T,TGT,I,9,94.06
2025-12-23,10:14:22.141116143,T,TGT,,100,94.06
2025-12-23,10:14:22.141227419,T,TGT,,100,94.07
2025-12-23,10:14:22.141227419,T,TGT,I,35,94.08
2025-12-23,10:14:22.141254576,T,TGT,F,100,94.06
2025-12-23,10:14:22.141257537,T,TGT,F,100,94.04
2025-12-23,10:14:22.141257537,T,TGT,F I,86,94.03
2025-12-23,10:14:22.141272769,T,TGT,F I,65,94.08
2025-12-23,10:14:22.141272769,T,TGT,F I,92,94.08
2025-12-23,10:14:22.141276311,T,TGT,I,1,94.03
2025-12-23,10:14:22.141374907,T,TGT,I,66,94.06
2025-12-23,10:14:22.142293035,T,TGT,F I,10,94.09
2025-12-23,10:14:22.142293035,T,TGT,F,100,94.09
2025-12-23,10:14:22.142293035,T,TGT,F I,25,94.09
2025-12-23,10:14:22.142298212,T,TGT,F,100,94.09
2025-12-23,10:14:22.142301239,T,TGT,F,100,94.09
2025-12-23,10:14:22.142304208,T,TGT,F I,50,94.09
2025-12-23,10:14:22.142304208,T,TGT,F I,50,94.09
2025-12-23,10:14:22.142308182,T,TGT,F I,50,94.09
2025-12-23,10:14:22.142308182,T,TGT,F I,76,94.09
2025-12-23,10:14:22.142310418,T,TGT,F,126,94.09
2025-12-23,10:14:22.142310418,T,TGT,F,300,94.09
2025-12-23,10:14:22.143630360,T,TGT,F I,1,94.1
2025-12-23,10:14:22.143633329,T,TGT,F I,10,94.1
2025-12-23,10:14:22.143633329,T,TGT,F,100,94.1
2025-12-23,10:14:22.143657281,T,TGT,F I,76,94.11
2025-12-23,10:14:22.143678243,T,TGT,F I,24,94.11
2025-12-23,10:14:22.143748008,T,TGT,F,214,94.12
2025-12-23,10:14:22.143748008,T,TGT,F I,11,94.12
2025-12-23,10:14:22.143750506,T,TGT,F I,10,94.12
2025-12-23,10:14:22.148937823,T,TGT,,122,94.13
2025-12-23,10:14:27.639345926,T,TGT,F I,38,94.2
2025-12-23,10:14:27.639364003,T,TGT,F I,62,94.2
2025-12-23,10:14:27.639366976,T,TGT,F I,39,94.21
2025-12-23,10:14:27.639619559,T,TGT,F I,61,94.21
2025-12-23,10:14:27.639619559,T,TGT,F I,1,94.21
2025-12-23,10:14:27.695102287,T,TGT,F,100,94.215
2025-12-23,10:14:27.695102287,T,TGT,F I,2,94.21
2025-12-23,10:14:27.695105096,T,TGT,F I,48,94.2
2025-12-23,10:14:27.695107804,T,TGT,F I,24,94.2
2025-12-23,10:14:27.695120529,T,TGT,I,1,94.2
2025-12-23,10:14:27.695147042,T,TGT,I,41,94.2
2025-12-23,10:14:27.695149865,T,TGT,I,40,94.2
2025-12-23,10:14:27.695152872,T,TGT,I,15,94.2
2025-12-23,10:14:27.695152872,T,TGT,I,5,94.2
2025-12-23,10:14:27.695155976,T,TGT,I,19,94.2
2025-12-23,10:14:29.579766759,T,TGT,I,2,94.2
