DATE,TIME_M,EX,SYM_ROOT,TR_SCOND,SIZE,PRICE
2025-11-13,9:30:00.301728942,T,TGT,O X,410,91.81
2025-11-13,9:30:00.301728942,T,TGT,Q,410,91.81
2025-11-13,9:30:04.012816490,T,TGT,F I,13,91.75
2025-11-13,9:30:05.142890705,T,TGT,I,1,91.69
2025-11-13,9:30:05.251377064,T,TGT,,200,91.78
2025-11-13,9:30:06.672265330,T,TGT,,100,91.79
2025-11-13,9:30:11.726286413,T,TGT,I,11,91.79
2025-11-13,9:30:11.726289058,T,TGT,I,10,91.85
2025-11-13,9:30:11.726289058,T,TGT,I,79,91.85
2025-11-13,9:30:11.726307027,T,TGT,I,21,91.85
2025-11-13,9:30:11.726331076,T,TGT,,123,91.85
2025-11-13,9:30:11.726334232,T,TGT,F I,37,91.85
2025-11-13,9:30:11.726349224,T,TGT,I,1,91.85
2025-11-13,9:30:11.726355128,T,TGT,I,35,91.85
2025-11-13,9:30:11.726637890,T,TGT,I,52,91.8
2025-11-13,9:30:16.539577301,T,TGT,I,4,91.83
2025-11-13,9:30:16.539577301,T,TGT,I,50,91.83
2025-11-13,9:30:16.540136607,T,TGT,I,11,91.83
2025-11-13,9:30:16.540148661,T,TGT,I,50,91.78
2025-11-13,9:30:34.196340931,T,TGT,F I,50,91.78
2025-11-13,9:30:34.197243701,T,TGT,I,30,91.78
2025-11-13,9:30:34.197246095,T,TGT,I,6,91.78
2025-11-13,9:30:34.197249140,T,TGT,I,3,91.78
2025-11-13,9:30:34.197252174,T,TGT,I,64,91.78
2025-11-13,9:31:34.074738003,T,TGT,I,14,91.93
2025-11-13,9:31:34.075282228,T,TGT,,100,91.93
2025-11-13,9:31:34.075342461,T,TGT,,100,91.93
2025-11-13,9:31:34.075357407,T,TGT,I,4,91.93
2025-11-13,9:31:34.075859595,T,TGT,F I,1,91.79
2025-11-13,9:31:34.075877687,T,TGT,I,14,91.93
2025-11-13,9:31:34.076310697,T,TGT,F I,1,91.83
2025-11-13,9:31:34.076605399,T,TGT,F I,1,91.795
2025-11-13,9:31:34.077218934,T,TGT,F I,1,91.79
2025-11-13,9:31:34.077360236,T,TGT,F I,1,91.79
2025-11-13,9:31:34.079182499,T,TGT,I,1,91.93
2025-11-13,9:31:34.080289163,T,TGT,I,1,91.93
2025-11-13,9:31:34.080556757,T,TGT,F I,1,91.93
2025-11-13,9:31:34.081440951,T,TGT,I,1,91.93
2025-11-13,9:31:34.081464994,T,TGT,F I,1,91.93
2025-11-13,9:31:34.082670952,T,TGT,I,30,91.93
2025-11-13,9:31:34.082697912,T,TGT,I,1,91.93
2025-11-13,9:31:34.083747428,T,TGT,I,1,91.93
2025-11-13,9:31:34.084839015,T,TGT,I,1,91.95
2025-11-13,9:31:34.084887182,T,TGT,F I,12,91.91
2025-11-13,9:31:34.108742966,T,TGT,F,104,91.89
2025-11-13,9:31:34.109040705,T,TGT,I,82,91.9
2025-11-13,9:31:34.109431619,T,TGT,F I,5,91.87
2025-11-13,9:31:34.109443604,T,TGT,F I,2,91.87
2025-11-13,9:31:34.109501008,T,TGT,F I,1,91.91
2025-11-13,9:31:34.109503776,T,TGT,F I,98,91.91
2025-11-13,9:31:34.109521849,T,TGT,F I,2,91.91
2025-11-13,9:31:34.109524789,T,TGT,F,100,91.91
2025-11-13,9:31:34.109527804,T,TGT,F I,98,91.91
2025-11-13,9:31:34.111269123,T,TGT,I,1,91.87
2025-11-13,9:31:34.111335130,T,TGT,F I,2,91.87
2025-11-13,9:31:34.162697520,T,TGT,F I,25,91.86
2025-11-13,9:31:34.900697808,T,TGT,I,25,91.9
2025-11-13,9:31:34.900700873,T,TGT,I,75,91.9
2025-11-13,9:31:34.901010601,T,TGT,F I,45,91.95
2025-11-13,9:31:34.901422525,T,TGT,F I,55,91.98
2025-11-13,9:31:34.901428581,T,TGT,F I,4,91.99
2025-11-13,9:31:34.901810479,T,TGT,F I,2,92.0
2025-11-13,9:31:35.877094060,T,TGT,F I,25,91.99
2025-11-13,9:31:35.877307560,T,TGT,F I,66,92.02
2025-11-13,9:31:35.877370730,T,TGT,F I,34,92.02
2025-11-13,9:31:35.877370730,T,TGT,F I,25,92.05
2025-11-13,9:31:35.877484960,T,TGT,F I,29,92.05
2025-11-13,9:31:35.877484960,T,TGT,F I,2,92.05
2025-11-13,9:31:35.951470260,T,TGT,F I,10,91.94
2025-11-13,9:31:36.899193026,T,TGT,I,75,91.94
2025-11-13,9:31:37.354375474,T,TGT,I,2,91.94
2025-11-13,9:31:37.354402471,T,TGT,F I,30,91.94
2025-11-13,9:31:42.728761411,T,TGT,F I,75,91.94
2025-11-13,9:31:42.781040939,T,TGT,F I,75,91.94
2025-11-13,9:31:42.781173279,T,TGT,F I,75,91.94
2025-11-13,9:31:46.254640530,T,TGT,I,2,92.06
2025-11-13,9:31:46.254694640,T,TGT,I,23,92.06
2025-11-13,9:31:46.254694640,T,TGT,I,10,92.06
2025-11-13,9:31:46.254697705,T,TGT,I,49,92.07
2025-11-13,9:31:46.254719056,T,TGT,F I,5,92.07
2025-11-13,9:31:46.254719056,T,TGT,F I,1,92.07
2025-11-13,9:31:46.254724717,T,TGT,F,100,92.07
2025-11-13,9:31:46.255500596,T,TGT,F I,1,92.07
2025-11-13,9:31:48.246489909,T,TGT,F I,69,92.17
2025-11-13,9:31:48.246559265,T,TGT,F I,31,92.17
2025-11-13,9:31:48.246562133,T,TGT,F I,19,92.18
2025-11-13,9:31:48.246565168,T,TGT,F I,23,92.18
2025-11-13,9:31:48.246577185,T,TGT,F I,12,92.18
2025-11-13,9:31:48.246580112,T,TGT,F I,15,92.18
2025-11-13,9:31:48.271783219,T,TGT,,200,92.125
2025-11-13,9:31:50.785378612,T,TGT,F I,50,92.01
2025-11-13,9:31:50.785417682,T,TGT,F I,13,92.01
2025-11-13,9:32:05.112273033,T,TGT,F I,3,91.83
2025-11-13,9:32:05.112276121,T,TGT,F I,97,91.83
2025-11-13,9:32:05.112300099,T,TGT,F I,30,91.83
2025-11-13,9:32:05.112303294,T,TGT,F I,75,91.82
2025-11-13,9:32:05.112309215,T,TGT,F,113,91.82
2025-11-13,9:32:05.112330174,T,TGT,F,218,91.81
2025-11-13,9:32:06.981078361,T,TGT,I,24,91.65
2025-11-13,9:32:06.981132500,T,TGT,I,76,91.64
2025-11-13,9:32:06.981135450,T,TGT,I,24,91.65
2025-11-13,9:32:06.981154043,T,TGT,F I,76,91.65
2025-11-13,9:32:06.981156584,T,TGT,F I,24,91.65
2025-11-13,9:32:06.981159587,T,TGT,F I,76,91.65
2025-11-13,9:32:06.981318942,T,TGT,F,100,91.64
2025-11-13,9:32:06.981920381,T,TGT,,100,91.65
2025-11-13,9:32:23.253626286,T,TGT,F I,75,91.725
2025-11-13,9:32:23.253680405,T,TGT,I,75,91.725
2025-11-13,9:32:25.429941150,T,TGT,I,70,91.76
2025-11-13,9:32:26.505507541,T,TGT,I,75,91.81
2025-11-13,9:32:26.505570696,T,TGT,F I,25,91.815
2025-11-13,9:32:26.505573662,T,TGT,F I,50,91.815
2025-11-13,9:32:26.505690957,T,TGT,F I,75,91.815
2025-11-13,9:32:26.514559051,T,TGT,I,2,91.83
2025-11-13,9:32:26.514691422,T,TGT,I,73,91.83
2025-11-13,9:32:27.379079721,T,TGT,F I,75,91.82
2025-11-13,9:32:28.854599056,T,TGT,I,2,91.87
2025-11-13,9:32:28.854692266,T,TGT,F I,20,91.88
2025-11-13,9:32:28.855158353,T,TGT,F I,3,91.91
2025-11-13,9:32:28.855699676,T,TGT,,100,91.88
2025-11-13,9:32:28.855699676,T,TGT,F I,1,91.88
2025-11-13,9:32:28.855702737,T,TGT,F I,1,91.88
2025-11-13,9:32:28.855714644,T,TGT,I,11,91.88
2025-11-13,9:32:28.855765976,T,TGT,F I,15,91.87
2025-11-13,9:32:28.857098045,T,TGT,F I,8,91.9
2025-11-13,9:32:28.857106976,T,TGT,F I,3,91.9
2025-11-13,9:32:28.857113591,T,TGT,F I,1,91.9
2025-11-13,9:32:28.857143127,T,TGT,I,1,91.9
2025-11-13,9:32:28.857326517,T,TGT,,200,91.9
2025-11-13,9:32:29.045066769,T,TGT,I,2,91.93
2025-11-13,9:32:29.261128528,T,TGT,,100,91.93
2025-11-13,9:32:30.143051666,T,TGT,,298,91.93
2025-11-13,9:32:30.143608021,T,TGT,I,6,91.95
2025-11-13,9:32:30.238697598,T,TGT,I,15,91.99
2025-11-13,9:32:31.456647311,T,TGT,I,70,91.97
2025-11-13,9:32:40.564045836,T,TGT,I,1,91.955
2025-11-13,9:32:43.746982020,T,TGT,I,10,91.955
2025-11-13,9:32:46.936834482,T,TGT,I,65,91.955
2025-11-13,9:32:49.229313137,T,TGT,I,75,91.955
2025-11-13,9:32:49.229373277,T,TGT,I,75,91.955
2025-11-13,9:32:49.229385217,T,TGT,,185,91.955
2025-11-13,9:32:49.229433377,T,TGT,I,75,91.955
2025-11-13,9:32:49.229487491,T,TGT,I,75,91.955
2025-11-13,9:32:51.498525237,T,TGT,F I,3,92.0
2025-11-13,9:32:52.003807020,T,TGT,,100,92.035
2025-11-13,9:32:53.116115080,T,TGT,F I,72,92.09
2025-11-13,9:32:53.116118017,T,TGT,F I,19,92.09
2025-11-13,9:32:56.111870121,T,TGT,,148,92.19
2025-11-13,9:32:56.111879196,T,TGT,I,52,92.19
2025-11-13,9:32:56.341301751,T,TGT,F,100,92.25
2025-11-13,9:32:56.341304727,T,TGT,F,300,92.24
2025-11-13,9:32:56.341319776,T,TGT,I,1,92.24
2025-11-13,9:32:56.341822021,T,TGT,F,300,92.24
2025-11-13,9:32:56.341842999,T,TGT,I,10,92.24
2025-11-13,9:32:56.342227922,T,TGT,I,36,92.28
2025-11-13,9:32:56.342261075,T,TGT,F I,2,92.28
2025-11-13,9:32:57.120656587,T,TGT,,300,92.285
2025-11-13,9:32:57.120659520,T,TGT,,127,92.285
2025-11-13,9:32:57.128691614,T,TGT,F I,4,92.22
2025-11-13,9:32:57.130065969,T,TGT,,100,92.2
2025-11-13,9:32:59.221205906,T,TGT,F I,2,92.24
2025-11-13,9:32:59.221244995,T,TGT,F,100,92.25
2025-11-13,9:32:59.221248050,T,TGT,F I,2,92.25
2025-11-13,9:32:59.221250984,T,TGT,F,198,92.25
2025-11-13,9:32:59.221259996,T,TGT,,202,92.25
2025-11-13,9:32:59.221299156,T,TGT,F I,2,92.26
2025-11-13,9:33:05.195361861,T,TGT,I,3,92.35
2025-11-13,9:33:05.195382818,T,TGT,F I,97,92.35
2025-11-13,9:33:05.212000459,T,TGT,F I,50,92.35
2025-11-13,9:33:05.229757728,T,TGT,F I,32,92.36
2025-11-13,9:33:05.229761389,T,TGT,F I,27,92.36
2025-11-13,9:33:05.229814815,T,TGT,F I,25,92.38
2025-11-13,9:33:05.229814815,T,TGT,F I,2,92.38
2025-11-13,9:33:05.792058525,T,TGT,F I,75,92.365
2025-11-13,9:33:05.792103441,T,TGT,F I,75,92.365
2025-11-13,9:33:06.554091946,T,TGT,I,20,92.39
2025-11-13,9:33:07.971882652,T,TGT,F I,1,92.37
2025-11-13,9:33:07.971907252,T,TGT,F,100,92.36
2025-11-13,9:33:07.972108484,T,TGT,,100,92.38
2025-11-13,9:33:07.972108484,T,TGT,I,2,92.38
2025-11-13,9:33:07.972129261,T,TGT,I,1,92.38
2025-11-13,9:33:07.972264601,T,TGT,,100,92.38
2025-11-13,9:33:07.972463006,T,TGT,F,100,92.38
2025-11-13,9:33:07.972505728,T,TGT,,700,92.38
2025-11-13,9:33:07.972505728,T,TGT,,100,92.38
2025-11-13,9:33:07.972511626,T,TGT,I,65,92.38
2025-11-13,9:33:07.972511626,T,TGT,,100,92.38
2025-11-13,9:33:07.972514143,T,TGT,I,19,92.38
2025-11-13,9:33:07.972535170,T,TGT,F I,6,92.38
2025-11-13,9:33:07.972607870,T,TGT,F I,6,92.37
2025-11-13,9:33:07.972643503,T,TGT,I,6,92.37
2025-11-13,9:33:07.972730660,T,TGT,,100,92.37
2025-11-13,9:33:07.972733695,T,TGT,,100,92.38
2025-11-13,9:33:07.972799877,T,TGT,,100,92.36
2025-11-13,9:33:07.973196735,T,TGT,,100,92.39
2025-11-13,9:33:07.977400754,T,TGT,F I,2,92.4
2025-11-13,9:33:07.980179436,T,TGT,F I,1,92.43
2025-11-13,9:33:07.980377858,T,TGT,F I,1,92.45
2025-11-13,9:33:07.980819980,T,TGT,F I,1,92.45
2025-11-13,9:33:07.980819980,T,TGT,I,2,92.45
2025-11-13,9:33:07.980868022,T,TGT,,198,92.45
2025-11-13,9:33:09.132242053,T,TGT,F I,2,92.46
2025-11-13,9:33:09.132260195,T,TGT,I,2,92.46
2025-11-13,9:33:09.132269277,T,TGT,F I,75,92.46
2025-11-13,9:33:09.132281161,T,TGT,I,23,92.46
2025-11-13,9:33:12.895176623,T,TGT,F,100,92.49
2025-11-13,9:33:12.895180269,T,TGT,F I,40,92.5
2025-11-13,9:33:12.895180269,T,TGT,F I,20,92.5
2025-11-13,9:33:12.895189658,T,TGT,F,964,92.5
2025-11-13,9:33:12.895200060,T,TGT,F,736,92.5
2025-11-13,9:33:12.895804416,T,TGT,F I,16,92.52
2025-11-13,9:33:12.896162355,T,TGT,F,100,92.51
2025-11-13,9:33:13.588149984,T,TGT,I,75,92.565
2025-11-13,9:33:13.588198139,T,TGT,I,25,92.565
2025-11-13,9:33:13.615031082,T,TGT,I,75,92.565
2025-11-13,9:33:13.691599517,T,TGT,I,75,92.565
2025-11-13,9:33:13.819545280,T,TGT,,100,92.565
2025-11-13,9:33:16.434578327,T,TGT,I,25,92.53
2025-11-13,9:33:16.434578327,T,TGT,I,25,92.52
2025-11-13,9:33:16.434581372,T,TGT,I,50,92.52
2025-11-13,9:33:16.445037259,T,TGT,I,5,92.5
2025-11-13,9:33:16.464006409,T,TGT,I,8,92.5
2025-11-13,9:33:16.545455446,T,TGT,F,100,92.48
2025-11-13,9:33:20.883698932,T,TGT,I,30,92.475
2025-11-13,9:33:22.420609683,T,TGT,F I,75,92.475
2025-11-13,9:33:23.514763207,T,TGT,I,50,92.46
2025-11-13,9:33:23.637088757,T,TGT,,200,92.475
2025-11-13,9:33:23.637092598,T,TGT,I,75,92.48
2025-11-13,9:33:23.637092598,T,TGT,I,25,92.48
2025-11-13,9:33:23.637094707,T,TGT,I,25,92.48
2025-11-13,9:33:23.637094707,T,TGT,I,25,92.49
2025-11-13,9:33:23.637106797,T,TGT,I,20,92.5
2025-11-13,9:33:23.637112793,T,TGT,F,130,92.5
2025-11-13,9:33:24.786336817,T,TGT,I,4,92.52
2025-11-13,9:33:24.786355378,T,TGT,F I,96,92.52
2025-11-13,9:33:24.786357669,T,TGT,F I,17,92.52
2025-11-13,9:33:24.786376475,T,TGT,I,1,92.52
2025-11-13,9:33:24.786381738,T,TGT,I,57,92.52
2025-11-13,9:33:26.690842892,T,TGT,F I,50,92.54
2025-11-13,9:33:28.883400015,T,TGT,F I,1,92.59
2025-11-13,9:33:28.883400015,T,TGT,F I,1,92.59
2025-11-13,9:33:28.883402606,T,TGT,F I,75,92.59
2025-11-13,9:33:28.883405495,T,TGT,F I,16,92.6
2025-11-13,9:33:28.883427625,T,TGT,,134,92.6
2025-11-13,9:33:28.883576973,T,TGT,F I,1,92.56
2025-11-13,9:33:28.883598012,T,TGT,F I,99,92.56
2025-11-13,9:33:28.883703215,T,TGT,I,75,92.57
2025-11-13,9:33:28.883748336,T,TGT,I,25,92.57
2025-11-13,9:33:28.883973869,T,TGT,F I,25,92.58
2025-11-13,9:33:28.884238876,T,TGT,F I,41,92.59
2025-11-13,9:33:28.884238876,T,TGT,F I,24,92.59
2025-11-13,9:33:28.884533268,T,TGT,I,43,92.57
2025-11-13,9:33:28.990824833,T,TGT,F I,3,92.56
2025-11-13,9:33:28.990827479,T,TGT,F I,28,92.56
2025-11-13,9:33:28.990827479,T,TGT,F I,69,92.56
2025-11-13,9:33:28.990839636,T,TGT,I,1,92.56
2025-11-13,9:33:28.990851548,T,TGT,F I,30,92.56
2025-11-13,9:33:28.990851548,T,TGT,F I,1,92.56
2025-11-13,9:33:28.990869611,T,TGT,,500,92.56
2025-11-13,9:33:31.369266543,T,TGT,F,100,92.57
2025-11-13,9:33:31.369266543,T,TGT,F I,3,92.58
2025-11-13,9:33:31.369268990,T,TGT,F I,40,92.58
2025-11-13,9:33:31.369272006,T,TGT,F I,3,92.58
2025-11-13,9:33:31.369286904,T,TGT,F,100,92.58
2025-11-13,9:33:31.369289956,T,TGT,F I,25,92.58
2025-11-13,9:33:31.369311006,T,TGT,I,1,92.58
2025-11-13,9:33:31.369545895,T,TGT,I,1,92.61
2025-11-13,9:33:31.369548748,T,TGT,I,1,92.62
2025-11-13,9:33:31.369551584,T,TGT,I,8,92.62
2025-11-13,9:33:31.369822173,T,TGT,F I,4,92.59
2025-11-13,9:33:31.370198426,T,TGT,F I,1,92.59
2025-11-13,9:33:32.215103037,T,TGT,F I,68,92.59
2025-11-13,9:33:32.215105993,T,TGT,F I,2,92.59
2025-11-13,9:33:40.168132447,T,TGT,F I,75,92.58
2025-11-13,9:33:42.391407092,T,TGT,I,75,92.56
2025-11-13,9:33:42.616087379,T,TGT,F I,75,92.56
2025-11-13,9:33:44.559641833,T,TGT,I,5,92.53
2025-11-13,9:33:44.560649651,T,TGT,F I,5,92.51
2025-11-13,9:33:44.560859873,T,TGT,F,300,92.48
2025-11-13,9:33:44.561259584,T,TGT,F I,83,92.43
2025-11-13,9:33:44.561263028,T,TGT,F I,6,92.43
2025-11-13,9:33:44.561265518,T,TGT,F I,1,92.43
2025-11-13,9:33:44.561265518,T,TGT,F I,16,92.43
2025-11-13,9:33:44.561530175,T,TGT,F I,4,92.42
2025-11-13,9:33:45.454994841,T,TGT,I,25,92.34
2025-11-13,9:33:45.454998030,T,TGT,,100,92.33
2025-11-13,9:33:45.454998030,T,TGT,I,6,92.32
2025-11-13,9:33:46.146059165,T,TGT,I,40,92.31
2025-11-13,9:33:46.146080302,T,TGT,F I,60,92.31
2025-11-13,9:33:46.146080302,T,TGT,F I,31,92.31
2025-11-13,9:33:55.803447249,T,TGT,F I,75,92.2
2025-11-13,9:33:55.803450682,T,TGT,F I,26,92.19
2025-11-13,9:33:55.803453475,T,TGT,F I,74,92.19
2025-11-13,9:33:55.803453475,T,TGT,F I,1,92.19
2025-11-13,9:33:55.803456265,T,TGT,F I,26,92.19
2025-11-13,9:33:55.803468283,T,TGT,I,1,92.19
2025-11-13,9:33:55.803501455,T,TGT,F I,73,92.19
2025-11-13,9:33:56.451346750,T,TGT,I,25,92.17
2025-11-13,9:33:56.451346750,T,TGT,I,25,92.17
2025-11-13,9:33:56.451349802,T,TGT,I,50,92.15
2025-11-13,9:34:03.933956339,T,TGT,I,1,92.11
2025-11-13,9:34:03.933959322,T,TGT,,100,92.11
2025-11-13,9:34:04.123275387,T,TGT,,200,92.06
2025-11-13,9:34:04.123308485,T,TGT,F I,25,92.05
2025-11-13,9:34:05.261926083,T,TGT,I,75,92.055
2025-11-13,9:34:05.261974203,T,TGT,F I,25,92.055
2025-11-13,9:34:05.261992318,T,TGT,,153,92.055
2025-11-13,9:34:05.539740015,T,TGT,F I,1,92.07
2025-11-13,9:34:08.191707118,T,TGT,F I,6,91.99
2025-11-13,9:34:08.628542812,T,TGT,I,75,92.015
2025-11-13,9:34:08.628593976,T,TGT,F I,25,92.015
2025-11-13,9:34:08.628596942,T,TGT,F I,50,92.015
2025-11-13,9:34:08.628639086,T,TGT,I,75,92.015
2025-11-13,9:34:08.628696200,T,TGT,,117,92.015
2025-11-13,9:34:08.900964813,T,TGT,F I,75,92.015
2025-11-13,9:34:08.901006940,T,TGT,F I,75,92.015
2025-11-13,9:34:08.901021969,T,TGT,I,25,92.015
2025-11-13,9:34:08.901025023,T,TGT,,158,92.015
2025-11-13,9:34:08.902841350,T,TGT,I,75,92.015
2025-11-13,9:34:16.011398716,T,TGT,I,73,91.95
2025-11-13,9:34:16.011416726,T,TGT,F,227,91.95
2025-11-13,9:34:16.011924973,T,TGT,,100,91.97
2025-11-13,9:34:21.595805074,T,TGT,F I,25,92.0
2025-11-13,9:34:26.041804340,T,TGT,F I,25,91.93
2025-11-13,9:34:27.363717647,T,TGT,I,75,91.97
2025-11-13,9:34:28.444111228,T,TGT,F I,10,92.03
2025-11-13,9:34:28.444116601,T,TGT,F I,75,92.03
2025-11-13,9:34:28.444119527,T,TGT,F I,40,92.04
2025-11-13,9:34:28.444138139,T,TGT,F I,60,92.04
2025-11-13,9:34:28.444138139,T,TGT,F I,1,92.04
2025-11-13,9:34:28.444143787,T,TGT,F I,4,92.04
2025-11-13,9:34:28.444143787,T,TGT,F I,40,92.04
2025-11-13,9:34:28.444147201,T,TGT,F I,12,92.04
2025-11-13,9:34:28.444150674,T,TGT,F I,48,92.04
2025-11-13,9:34:28.444150674,T,TGT,F I,36,92.04
2025-11-13,9:34:28.444152978,T,TGT,F,105,92.04
2025-11-13,9:34:28.444158761,T,TGT,F,100,92.04
2025-11-13,9:34:28.444158761,T,TGT,F I,5,92.04
2025-11-13,9:34:28.444164651,T,TGT,F I,4,92.04
2025-11-13,9:34:28.444168399,T,TGT,F I,1,92.04
2025-11-13,9:34:28.444179775,T,TGT,I,1,92.04
2025-11-13,9:34:28.444183215,T,TGT,F I,48,92.04
2025-11-13,9:34:28.444299942,T,TGT,F,100,92.01
2025-11-13,9:34:28.444309786,T,TGT,,100,92.01
2025-11-13,9:34:28.444465474,T,TGT,I,25,92.01
2025-11-13,9:34:28.444985640,T,TGT,I,40,92.04
2025-11-13,9:34:28.445015753,T,TGT,I,60,92.04
2025-11-13,9:34:28.445277281,T,TGT,I,16,92.04
2025-11-13,9:34:28.446290780,T,TGT,F I,25,92.04
2025-11-13,9:34:28.451602208,T,TGT,F,100,92.05
2025-11-13,9:34:28.451604374,T,TGT,F,100,92.04
2025-11-13,9:34:28.451607459,T,TGT,F,100,92.03
2025-11-13,9:34:28.451625459,T,TGT,F,100,92.03
2025-11-13,9:34:28.451625459,T,TGT,F I,50,92.03
2025-11-13,9:34:28.451628489,T,TGT,F I,4,92.03
2025-11-13,9:34:28.451788758,T,TGT,F I,50,92.03
2025-11-13,9:34:28.451788758,T,TGT,F I,25,92.03
2025-11-13,9:34:28.451791035,T,TGT,F I,25,92.03
2025-11-13,9:34:28.520624868,T,TGT,F I,2,92.07
2025-11-13,9:34:28.520624868,T,TGT,F I,97,92.08
2025-11-13,9:34:28.520645913,T,TGT,F I,3,92.08
2025-11-13,9:34:29.830049807,T,TGT,F,100,92.08
2025-11-13,9:34:29.830065483,T,TGT,I,1,92.08
2025-11-13,9:34:29.830065483,T,TGT,F I,21,92.08
2025-11-13,9:34:29.830067513,T,TGT,F I,10,92.08
2025-11-13,9:34:30.918225110,T,TGT,,100,92.045
2025-11-13,9:34:40.196637971,T,TGT,F I,5,91.93
2025-11-13,9:34:40.196637971,T,TGT,F I,70,91.93
2025-11-13,9:34:40.196640802,T,TGT,F I,30,91.93
2025-11-13,9:34:40.197185143,T,TGT,F I,79,91.9
2025-11-13,9:34:40.217715078,T,TGT,,127,91.9
2025-11-13,9:34:40.217766179,T,TGT,F I,73,91.9
2025-11-13,9:34:40.217781194,T,TGT,,141,91.9
2025-11-13,9:34:41.086328507,T,TGT,F I,90,91.86
2025-11-13,9:34:41.086331445,T,TGT,F I,13,91.86
2025-11-13,9:34:41.086331445,T,TGT,F I,5,91.86
2025-11-13,9:34:41.086346527,T,TGT,F I,92,91.86
2025-11-13,9:34:45.179301579,T,TGT,F I,1,91.78
2025-11-13,9:34:45.179304595,T,TGT,F I,1,91.78
2025-11-13,9:34:53.313233025,T,TGT,F,100,91.81
2025-11-13,9:34:53.313235986,T,TGT,F,400,91.82
2025-11-13,9:34:53.313235986,T,TGT,F,100,91.82
2025-11-13,9:34:53.315359056,T,TGT,,100,91.84
2025-11-13,9:34:53.375920649,T,TGT,F I,5,91.87
2025-11-13,9:34:53.376031558,T,TGT,I,70,91.84
2025-11-13,9:34:53.376031558,T,TGT,I,30,91.84
2025-11-13,9:34:56.843935500,T,TGT,I,8,91.9
2025-11-13,9:34:56.844209136,T,TGT,F I,4,91.91
2025-11-13,9:35:01.912483906,T,TGT,F,100,91.87
2025-11-13,9:35:01.912483906,T,TGT,F I,1,91.87
2025-11-13,9:35:05.696335520,T,TGT,F I,75,91.82
2025-11-13,9:35:08.205426770,T,TGT,F I,75,91.88
2025-11-13,9:35:08.205426770,T,TGT,F I,25,91.88
2025-11-13,9:35:08.205429699,T,TGT,F I,25,91.88
2025-11-13,9:35:08.205432378,T,TGT,F I,75,91.88
2025-11-13,9:35:08.205456586,T,TGT,I,25,91.88
2025-11-13,9:35:08.205456586,T,TGT,I,81,91.89
2025-11-13,9:35:08.205462352,T,TGT,F,119,91.89
2025-11-13,9:35:08.216068526,T,TGT,,100,91.9
2025-11-13,9:35:11.065594274,T,TGT,F,100,91.9
2025-11-13,9:35:11.065648399,T,TGT,F,100,91.9
2025-11-13,9:35:11.065847257,T,TGT,F,100,91.9
2025-11-13,9:35:11.065862388,T,TGT,F,100,91.94
2025-11-13,9:35:11.081011990,T,TGT,I,10,91.95
2025-11-13,9:35:11.265489514,T,TGT,,100,91.92
2025-11-13,9:35:11.473525123,T,TGT,I,1,91.95
2025-11-13,9:35:14.517515211,T,TGT,F,100,91.9
2025-11-13,9:35:17.119085222,T,TGT,I,3,91.85
2025-11-13,9:35:17.119094403,T,TGT,F I,3,91.85
2025-11-13,9:35:17.119103579,T,TGT,F I,97,91.85
2025-11-13,9:35:17.119106291,T,TGT,F I,53,91.85
2025-11-13,9:35:17.119109325,T,TGT,I,17,91.85
2025-11-13,9:35:24.433952247,T,TGT,F,100,91.95
2025-11-13,9:35:24.433952247,T,TGT,F I,3,91.95
2025-11-13,9:35:24.433958281,T,TGT,F I,67,91.95
2025-11-13,9:35:24.433988385,T,TGT,F,100,91.97
2025-11-13,9:35:24.434529623,T,TGT,F,227,91.97
2025-11-13,9:35:24.435076972,T,TGT,I,50,91.97
2025-11-13,9:35:24.435097948,T,TGT,I,50,91.96
2025-11-13,9:35:24.452341073,T,TGT,I,50,91.98
2025-11-13,9:35:24.452341073,T,TGT,,100,91.96
2025-11-13,9:35:24.452344023,T,TGT,I,1,91.96
2025-11-13,9:35:24.452359050,T,TGT,I,1,91.96
2025-11-13,9:35:24.452374160,T,TGT,I,1,91.96
2025-11-13,9:35:24.480391858,T,TGT,I,47,91.96
2025-11-13,9:35:24.480391858,T,TGT,I,1,91.96
2025-11-13,9:35:24.684446228,T,TGT,F I,5,91.99
2025-11-13,9:35:24.684446228,T,TGT,I,1,91.99
2025-11-13,9:35:24.684449078,T,TGT,I,1,91.99
2025-11-13,9:35:24.684452518,T,TGT,F I,5,91.99
2025-11-13,9:35:24.684452518,T,TGT,I,1,91.99
2025-11-13,9:35:24.684455008,T,TGT,I,2,91.99
2025-11-13,9:35:24.684458216,T,TGT,F I,5,91.99
2025-11-13,9:35:24.684512148,T,TGT,F I,5,91.99
2025-11-13,9:35:24.684557313,T,TGT,F I,5,91.99
2025-11-13,9:35:24.684560900,T,TGT,F I,5,91.99
2025-11-13,9:35:24.684602441,T,TGT,I,39,91.99
2025-11-13,9:35:24.684689576,T,TGT,F I,5,91.99
2025-11-13,9:35:24.684720122,T,TGT,I,1,91.99
2025-11-13,9:35:24.684722661,T,TGT,I,1,91.99
2025-11-13,9:35:24.684722661,T,TGT,I,1,91.99
2025-11-13,9:35:24.684725730,T,TGT,I,2,91.99
2025-11-13,9:35:24.684809891,T,TGT,F I,5,91.99
2025-11-13,9:35:24.684809891,T,TGT,F I,5,91.99
2025-11-13,9:35:24.685041416,T,TGT,F I,5,91.99
2025-11-13,9:35:24.685044412,T,TGT,F I,1,91.99
2025-11-13,9:35:24.685047477,T,TGT,F I,4,91.99
2025-11-13,9:35:24.685182802,T,TGT,F I,5,92.0
2025-11-13,9:35:24.686917879,T,TGT,F,100,92.01
2025-11-13,9:35:31.693246848,T,TGT,F I,50,92.0
2025-11-13,9:35:31.693255970,T,TGT,F,150,92.0
2025-11-13,9:35:31.693255970,T,TGT,F,150,92.0
2025-11-13,9:35:31.693261978,T,TGT,F I,75,92.0
2025-11-13,9:35:31.693295542,T,TGT,F I,75,92.0
2025-11-13,9:35:31.693300990,T,TGT,F,150,92.0
2025-11-13,9:35:34.866364556,T,TGT,F I,25,91.91
2025-11-13,9:35:34.866367616,T,TGT,F I,20,91.89
2025-11-13,9:35:34.866367616,T,TGT,F I,36,91.89
2025-11-13,9:35:37.464298822,T,TGT,,127,91.92
2025-11-13,9:35:39.599620025,T,TGT,I,50,91.94
2025-11-13,9:35:39.599686175,T,TGT,,136,91.94
2025-11-13,9:35:39.612592977,T,TGT,I,8,91.91
2025-11-13,9:35:39.645028171,T,TGT,,100,91.92
2025-11-13,9:35:39.648525502,T,TGT,,100,91.92
2025-11-13,9:35:39.648561644,T,TGT,,124,91.92
2025-11-13,9:35:40.225841022,T,TGT,I,60,91.89
2025-11-13,9:35:40.226337180,T,TGT,F I,10,91.87
2025-11-13,9:35:40.437356496,T,TGT,F I,75,91.87
2025-11-13,9:35:40.437358872,T,TGT,I,25,91.87
2025-11-13,9:35:43.071466539,T,TGT,I,70,91.83
2025-11-13,9:35:43.071469481,T,TGT,I,36,91.83
2025-11-13,9:35:43.072158175,T,TGT,I,70,91.84
2025-11-13,9:35:43.080611258,T,TGT,I,50,91.83
2025-11-13,9:35:50.582322397,T,TGT,F I,50,91.85
2025-11-13,9:35:50.612860121,T,TGT,I,1,91.86
2025-11-13,9:35:50.914448606,T,TGT,F I,2,91.82
2025-11-13,9:35:50.914451605,T,TGT,F I,51,91.82
2025-11-13,9:35:50.914473021,T,TGT,F I,25,91.82
2025-11-13,9:35:50.914473021,T,TGT,F I,28,91.82
2025-11-13,9:35:59.467296007,T,TGT,I,1,91.865
2025-11-13,9:36:00.613374503,T,TGT,I,1,91.865
2025-11-13,9:36:01.186543004,T,TGT,I,75,91.865
2025-11-13,9:36:01.731095305,T,TGT,F I,75,91.865
2025-11-13,9:36:01.731146445,T,TGT,F I,75,91.865
2025-11-13,9:36:01.732938716,T,TGT,I,75,91.865
2025-11-13,9:36:10.418047255,T,TGT,F I,75,91.84
2025-11-13,9:36:10.614971341,T,TGT,I,2,91.865
2025-11-13,9:36:11.503053112,T,TGT,F I,50,91.84
2025-11-13,9:36:11.503056083,T,TGT,F I,10,91.84
2025-11-13,9:36:11.503311701,T,TGT,F I,5,91.83
2025-11-13,9:36:11.503311701,T,TGT,F I,2,91.83
2025-11-13,9:36:11.503600419,T,TGT,,100,91.84
2025-11-13,9:36:16.475026511,T,TGT,F I,75,91.88
2025-11-13,9:36:17.258835015,T,TGT,F I,25,91.88
2025-11-13,9:36:17.258835015,T,TGT,F I,75,91.89
2025-11-13,9:36:17.258840845,T,TGT,I,25,91.89
2025-11-13,9:36:17.259406236,T,TGT,I,18,91.9
2025-11-13,9:36:17.259409325,T,TGT,I,18,91.9
2025-11-13,9:36:17.259409325,T,TGT,I,18,91.9
2025-11-13,9:36:17.259412290,T,TGT,I,8,91.9
2025-11-13,9:36:17.259430232,T,TGT,,338,91.9
2025-11-13,9:36:17.259433689,T,TGT,I,5,91.9
2025-11-13,9:36:17.259436311,T,TGT,,351,91.9
2025-11-13,9:36:17.259454333,T,TGT,F,149,91.9
2025-11-13,9:36:17.259463351,T,TGT,F I,5,91.91
2025-11-13,9:36:17.259869329,T,TGT,,100,91.9
2025-11-13,9:36:17.259878331,T,TGT,F I,75,91.9
2025-11-13,9:36:17.259884623,T,TGT,I,5,91.9
2025-11-13,9:36:17.259884623,T,TGT,I,5,91.9
2025-11-13,9:36:17.259887443,T,TGT,I,5,91.9
2025-11-13,9:36:17.259887443,T,TGT,F I,10,91.9
2025-11-13,9:36:17.310612186,T,TGT,,100,91.935
2025-11-13,9:36:17.311400135,T,TGT,,100,91.935
2025-11-13,9:36:18.752469400,T,TGT,F I,2,91.92
2025-11-13,9:36:18.752484267,T,TGT,F I,25,91.92
2025-11-13,9:36:18.752781994,T,TGT,I,25,91.92
2025-11-13,9:36:18.752781994,T,TGT,,100,91.93
2025-11-13,9:36:18.752784990,T,TGT,I,14,91.93
2025-11-13,9:36:18.752806099,T,TGT,I,25,91.93
2025-11-13,9:36:18.752806099,T,TGT,I,70,91.93
2025-11-13,9:36:19.262339980,T,TGT,I,1,91.93
2025-11-13,9:36:20.928288009,T,TGT,F,100,91.93
2025-11-13,9:36:20.928447371,T,TGT,I,1,91.93
2025-11-13,9:36:20.928591715,T,TGT,I,10,91.93
2025-11-13,9:36:20.928630872,T,TGT,I,9,91.93
2025-11-13,9:36:20.929148038,T,TGT,I,8,91.93
2025-11-13,9:36:21.337863948,T,TGT,F,100,91.93
2025-11-13,9:36:21.337867026,T,TGT,F,100,91.93
2025-11-13,9:36:21.337869774,T,TGT,,100,91.95
2025-11-13,9:36:21.337872846,T,TGT,I,70,91.95
2025-11-13,9:36:21.337885035,T,TGT,I,1,91.94
2025-11-13,9:36:21.337885035,T,TGT,I,5,91.94
2025-11-13,9:36:21.337893910,T,TGT,F I,75,91.93
2025-11-13,9:36:21.337915224,T,TGT,I,1,91.94
2025-11-13,9:36:21.337915224,T,TGT,F I,25,91.93
2025-11-13,9:36:21.337921277,T,TGT,F I,93,91.94
2025-11-13,9:36:21.337923881,T,TGT,F I,15,91.94
2025-11-13,9:36:21.337954254,T,TGT,I,75,91.94
2025-11-13,9:36:21.337954254,T,TGT,I,1,91.94
2025-11-13,9:36:21.337957009,T,TGT,I,1,91.94
2025-11-13,9:36:21.337960022,T,TGT,I,5,91.94
2025-11-13,9:36:21.338026180,T,TGT,I,18,91.94
2025-11-13,9:36:21.338050181,T,TGT,I,55,91.94
2025-11-13,9:36:21.338065228,T,TGT,F I,38,91.94
2025-11-13,9:36:21.338068310,T,TGT,F I,12,91.94
2025-11-13,9:36:21.338188506,T,TGT,I,13,91.95
2025-11-13,9:36:21.338200536,T,TGT,I,14,91.95
2025-11-13,9:36:21.338233713,T,TGT,I,88,91.95
2025-11-13,9:36:21.338236654,T,TGT,,100,91.95
2025-11-13,9:36:21.338242747,T,TGT,I,13,91.95
2025-11-13,9:36:21.338245804,T,TGT,I,14,91.95
2025-11-13,9:36:21.338245804,T,TGT,I,1,91.94
2025-11-13,9:36:24.087668993,T,TGT,I,62,91.94
2025-11-13,9:36:24.087702039,T,TGT,F I,1,91.95
2025-11-13,9:36:24.087705391,T,TGT,F I,37,91.95
2025-11-13,9:36:24.087705391,T,TGT,F I,24,91.95
2025-11-13,9:36:27.211243567,T,TGT,F I,12,91.89
2025-11-13,9:36:27.211390916,T,TGT,I,88,91.89
2025-11-13,9:36:29.611811786,T,TGT,F I,1,91.87
2025-11-13,9:36:29.612987470,T,TGT,F I,1,91.83
2025-11-13,9:36:29.613152921,T,TGT,F,100,91.83
2025-11-13,9:36:30.325249356,T,TGT,I,24,91.85
2025-11-13,9:36:30.325252401,T,TGT,I,7,91.85
2025-11-13,9:36:30.354340715,T,TGT,I,50,91.84
2025-11-13,9:36:34.716536237,T,TGT,F I,75,91.85
2025-11-13,9:36:34.738654532,T,TGT,F I,5,91.83
2025-11-13,9:36:34.738659963,T,TGT,F I,45,91.83
2025-11-13,9:36:34.739068957,T,TGT,F I,1,91.81
2025-11-13,9:36:34.739080945,T,TGT,F I,1,91.81
2025-11-13,9:36:42.170406415,T,TGT,F I,11,91.76
2025-11-13,9:36:42.699691405,T,TGT,F I,75,91.78
2025-11-13,9:36:42.699697455,T,TGT,F I,25,91.78
2025-11-13,9:36:44.901029029,T,TGT,I,60,91.76
2025-11-13,9:36:44.901528105,T,TGT,F I,54,91.75
2025-11-13,9:36:44.901531028,T,TGT,F,100,91.75
2025-11-13,9:36:47.343592630,T,TGT,F I,25,91.74
2025-11-13,9:36:50.622065676,T,TGT,I,1,91.745
2025-11-13,9:36:55.599758651,T,TGT,F I,60,91.72
2025-11-13,9:36:55.599758651,T,TGT,F I,19,91.72
2025-11-13,9:36:55.599780206,T,TGT,I,18,91.72
2025-11-13,9:36:55.599780206,T,TGT,F I,14,91.72
2025-11-13,9:36:55.599782599,T,TGT,F I,9,91.71
2025-11-13,9:36:55.599785676,T,TGT,F I,10,91.71
2025-11-13,9:36:56.322449324,T,TGT,I,66,91.7
2025-11-13,9:36:56.323110928,T,TGT,F I,75,91.7
2025-11-13,9:36:56.323162011,T,TGT,F I,25,91.7
2025-11-13,9:36:56.600699196,T,TGT,F I,75,91.72
2025-11-13,9:36:56.600699196,T,TGT,F I,25,91.73
2025-11-13,9:36:56.600702223,T,TGT,F I,75,91.73
2025-11-13,9:36:57.693214115,T,TGT,I,70,91.71
2025-11-13,9:36:57.695183717,T,TGT,F I,3,91.68
2025-11-13,9:36:58.321161358,T,TGT,F,100,91.7
2025-11-13,9:36:58.321161358,T,TGT,F I,9,91.7
2025-11-13,9:36:58.321165025,T,TGT,F I,1,91.7
2025-11-13,9:36:58.321165025,T,TGT,F I,4,91.7
2025-11-13,9:36:58.321167124,T,TGT,F I,1,91.7
2025-11-13,9:36:58.321509921,T,TGT,I,73,91.69
2025-11-13,9:36:58.321509921,T,TGT,I,27,91.68
2025-11-13,9:36:58.321555890,T,TGT,,100,91.69
2025-11-13,9:36:58.321576848,T,TGT,F I,27,91.7
2025-11-13,9:36:58.321579087,T,TGT,I,14,91.7
2025-11-13,9:36:58.321597356,T,TGT,,100,91.69
2025-11-13,9:36:58.321600200,T,TGT,I,73,91.68
2025-11-13,9:36:58.321669725,T,TGT,,100,91.69
2025-11-13,9:36:58.321741473,T,TGT,F I,27,91.7
2025-11-13,9:36:58.321759707,T,TGT,I,46,91.7
2025-11-13,9:36:58.321819707,T,TGT,,100,91.69
2025-11-13,9:36:58.321822749,T,TGT,I,1,91.69
2025-11-13,9:36:58.321885869,T,TGT,,100,91.68
2025-11-13,9:36:58.322427113,T,TGT,,100,91.71
2025-11-13,9:36:58.322448830,T,TGT,I,70,91.71
2025-11-13,9:36:58.322833075,T,TGT,I,4,91.7
2025-11-13,9:36:58.322833075,T,TGT,I,27,91.7
2025-11-13,9:36:58.322836071,T,TGT,I,4,91.7
2025-11-13,9:36:58.322878566,T,TGT,,100,91.69
2025-11-13,9:36:58.322929376,T,TGT,,100,91.69
2025-11-13,9:36:58.323100801,T,TGT,F I,4,91.7
2025-11-13,9:36:58.323148862,T,TGT,F,200,91.7
2025-11-13,9:36:58.372129596,T,TGT,,200,91.73
2025-11-13,9:36:59.708474274,T,TGT,F I,25,91.72
2025-11-13,9:36:59.708519323,T,TGT,F I,5,91.71
2025-11-13,9:36:59.708522405,T,TGT,F I,2,91.71
2025-11-13,9:36:59.708711790,T,TGT,I,37,91.735
2025-11-13,9:36:59.709105721,T,TGT,I,37,91.73
2025-11-13,9:36:59.709244082,T,TGT,I,63,91.73
2025-11-13,9:36:59.709334339,T,TGT,I,75,91.735
2025-11-13,9:36:59.709505712,T,TGT,F I,6,91.735
2025-11-13,9:36:59.709520738,T,TGT,I,75,91.735
2025-11-13,9:36:59.709577856,T,TGT,I,75,91.735
2025-11-13,9:36:59.709595882,T,TGT,F I,6,91.735
2025-11-13,9:36:59.709659078,T,TGT,F I,6,91.735
2025-11-13,9:36:59.709671146,T,TGT,I,75,91.735
2025-11-13,9:36:59.709743310,T,TGT,F I,6,91.735
2025-11-13,9:36:59.709764294,T,TGT,F I,6,91.735
2025-11-13,9:36:59.743733273,T,TGT,I,75,91.74
2025-11-13,9:37:05.863712583,T,TGT,F I,3,91.78
2025-11-13,9:37:05.863730656,T,TGT,F,497,91.78
2025-11-13,9:37:05.863733631,T,TGT,F,300,91.78
2025-11-13,9:37:06.579276415,T,TGT,F I,5,91.81
2025-11-13,9:37:06.579279350,T,TGT,F,100,91.81
2025-11-13,9:37:06.579486854,T,TGT,I,4,91.81
2025-11-13,9:37:06.579489868,T,TGT,I,96,91.82
2025-11-13,9:37:06.579516960,T,TGT,F I,4,91.82
2025-11-13,9:37:06.579520003,T,TGT,F I,96,91.83
2025-11-13,9:37:06.579538051,T,TGT,I,4,91.83
2025-11-13,9:37:06.600823042,T,TGT,F I,96,91.79
2025-11-13,9:37:06.600823042,T,TGT,F I,34,91.79
2025-11-13,9:37:06.600825734,T,TGT,F I,4,91.79
2025-11-13,9:37:06.600846917,T,TGT,F I,27,91.78
2025-11-13,9:37:09.831817138,T,TGT,F I,25,91.82
2025-11-13,9:37:09.831819265,T,TGT,F I,75,91.82
2025-11-13,9:37:09.831819265,T,TGT,F I,34,91.82
2025-11-13,9:37:09.831900418,T,TGT,I,34,91.82
2025-11-13,9:37:13.844807800,T,TGT,F I,50,91.83
2025-11-13,9:37:13.844825919,T,TGT,F I,13,91.83
2025-11-13,9:37:15.181239818,T,TGT,F I,60,91.81
2025-11-13,9:37:15.181257823,T,TGT,F,200,91.8
2025-11-13,9:37:17.764093142,T,TGT,F,100,91.83
2025-11-13,9:37:17.764096186,T,TGT,F I,34,91.84
2025-11-13,9:37:19.324628058,T,TGT,F,100,91.82
2025-11-13,9:37:19.324628058,T,TGT,F I,50,91.82
2025-11-13,9:37:19.324631016,T,TGT,F I,25,91.82
2025-11-13,9:37:20.507844901,T,TGT,I,60,91.77
2025-11-13,9:37:25.619982696,T,TGT,I,1,91.71
2025-11-13,9:37:29.934889953,T,TGT,I,10,91.74
2025-11-13,9:37:32.332935158,T,TGT,F I,1,91.71
2025-11-13,9:37:32.547974500,T,TGT,F I,3,91.69
2025-11-13,9:37:34.464398133,T,TGT,F I,75,91.7
2025-11-13,9:37:38.765082022,T,TGT,F I,7,91.7
2025-11-13,9:37:38.765082022,T,TGT,F I,43,91.7
2025-11-13,9:37:41.946436318,T,TGT,F I,6,91.71
2025-11-13,9:37:41.946440065,T,TGT,F I,50,91.71
2025-11-13,9:37:41.946440065,T,TGT,F I,1,91.71
2025-11-13,9:37:41.946442487,T,TGT,F I,45,91.71
2025-11-13,9:37:42.474954726,T,TGT,I,1,91.68
2025-11-13,9:37:42.474972601,T,TGT,F I,99,91.68
2025-11-13,9:37:42.475074872,T,TGT,,100,91.69
2025-11-13,9:37:43.594651073,T,TGT,F,118,91.71
2025-11-13,9:37:43.594654399,T,TGT,F,118,91.71
2025-11-13,9:37:43.594657078,T,TGT,F I,64,91.71
2025-11-13,9:37:48.938920277,T,TGT,F I,14,91.76
2025-11-13,9:37:56.698546957,T,TGT,I,60,91.83
2025-11-13,9:37:56.762719882,T,TGT,I,60,91.77
2025-11-13,9:37:59.830448477,T,TGT,F I,6,91.78
2025-11-13,9:37:59.830448477,T,TGT,F I,2,91.78
2025-11-13,9:37:59.830454461,T,TGT,F I,2,91.78
2025-11-13,9:37:59.830454461,T,TGT,F I,2,91.78
2025-11-13,9:37:59.830463589,T,TGT,F I,23,91.78
2025-11-13,9:37:59.830467386,T,TGT,F I,75,91.78
2025-11-13,9:37:59.830467386,T,TGT,F I,52,91.78
2025-11-13,9:37:59.830472500,T,TGT,F I,4,91.78
2025-11-13,9:37:59.830481578,T,TGT,F I,44,91.78
2025-11-13,9:37:59.830484558,T,TGT,F I,25,91.78
2025-11-13,9:37:59.830484558,T,TGT,F I,6,91.79
2025-11-13,9:38:00.860660833,T,TGT,F I,10,91.83
2025-11-13,9:38:00.860832436,T,TGT,F I,5,91.83
2025-11-13,9:38:00.860835298,T,TGT,F I,5,91.83
2025-11-13,9:38:01.602332934,T,TGT,F I,75,91.82
2025-11-13,9:38:01.602341879,T,TGT,F I,1,91.82
2025-11-13,9:38:01.602344872,T,TGT,F I,1,91.82
2025-11-13,9:38:01.602347907,T,TGT,F I,1,91.82
2025-11-13,9:38:04.338774308,T,TGT,I,2,91.81
2025-11-13,9:38:04.338777241,T,TGT,I,3,91.78
2025-11-13,9:38:04.338783437,T,TGT,F I,2,91.78
2025-11-13,9:38:04.338783437,T,TGT,F I,4,91.78
2025-11-13,9:38:12.697806746,T,TGT,I,75,91.79
2025-11-13,9:38:14.621874746,T,TGT,I,11,91.77
2025-11-13,9:38:14.894077230,T,TGT,I,1,91.76
2025-11-13,9:38:14.894080185,T,TGT,I,10,91.76
2025-11-13,9:38:14.894092188,T,TGT,I,11,91.76
2025-11-13,9:38:14.894101296,T,TGT,I,11,91.76
2025-11-13,9:38:22.433660552,T,TGT,F,100,91.79
2025-11-13,9:38:22.433663599,T,TGT,F I,10,91.8
2025-11-13,9:38:22.433663599,T,TGT,F I,2,91.8
2025-11-13,9:38:22.433667197,T,TGT,F I,98,91.8
2025-11-13,9:38:22.433667197,T,TGT,F I,2,91.8
2025-11-13,9:38:22.434009434,T,TGT,F I,1,91.83
2025-11-13,9:38:22.434009434,T,TGT,F I,6,91.83
2025-11-13,9:38:22.434174821,T,TGT,F,100,91.84
2025-11-13,9:38:22.434367311,T,TGT,I,16,91.81
2025-11-13,9:38:22.434442891,T,TGT,I,8,91.81
2025-11-13,9:38:22.434448746,T,TGT,,100,91.81
2025-11-13,9:38:22.434448746,T,TGT,I,25,91.805
2025-11-13,9:38:22.434451406,T,TGT,I,6,91.8
2025-11-13,9:38:22.434451406,T,TGT,I,75,91.8
2025-11-13,9:38:22.434463585,T,TGT,I,1,91.8
2025-11-13,9:38:22.434538819,T,TGT,I,24,91.8
2025-11-13,9:38:22.434785801,T,TGT,F,100,91.81
2025-11-13,9:38:22.434800464,T,TGT,F I,31,91.81
2025-11-13,9:38:22.434800464,T,TGT,F I,69,91.81
2025-11-13,9:38:22.434806273,T,TGT,F I,39,91.81
2025-11-13,9:38:22.434806273,T,TGT,I,61,91.81
2025-11-13,9:38:22.434956627,T,TGT,I,1,91.8
2025-11-13,9:38:22.434956627,T,TGT,I,18,91.8
2025-11-13,9:38:22.434975842,T,TGT,F,100,91.82
2025-11-13,9:38:22.434980702,T,TGT,F,100,91.81
2025-11-13,9:38:22.434998968,T,TGT,F I,80,91.8
2025-11-13,9:38:22.435016828,T,TGT,I,17,91.8
2025-11-13,9:38:22.435025869,T,TGT,F I,12,91.81
2025-11-13,9:38:22.435025869,T,TGT,F I,17,91.81
2025-11-13,9:38:22.435037825,T,TGT,F I,80,91.81
2025-11-13,9:38:22.435137141,T,TGT,F I,17,91.81
2025-11-13,9:38:22.435200255,T,TGT,F I,1,91.81
2025-11-13,9:38:22.435200255,T,TGT,F I,3,91.81
2025-11-13,9:38:22.435203232,T,TGT,I,3,91.8
2025-11-13,9:38:22.435245321,T,TGT,F I,5,91.8
2025-11-13,9:38:22.435251773,T,TGT,F I,95,91.8
2025-11-13,9:38:22.435251773,T,TGT,F I,5,91.8
2025-11-13,9:38:22.435257385,T,TGT,I,7,91.8
2025-11-13,9:38:22.435281416,T,TGT,I,3,91.8
2025-11-13,9:38:22.435443806,T,TGT,F I,1,91.8
2025-11-13,9:38:22.435503930,T,TGT,I,34,91.81
2025-11-13,9:38:22.435528080,T,TGT,I,1,91.81
2025-11-13,9:38:22.435570134,T,TGT,I,11,91.8
2025-11-13,9:38:22.435618215,T,TGT,F I,28,91.81
2025-11-13,9:38:22.436003374,T,TGT,I,1,91.8
2025-11-13,9:38:22.436003374,T,TGT,I,8,91.8
2025-11-13,9:38:22.436210628,T,TGT,F I,7,91.81
2025-11-13,9:38:22.441196716,T,TGT,F I,11,91.79
2025-11-13,9:38:22.441196716,T,TGT,F I,22,91.79
2025-11-13,9:38:22.441199621,T,TGT,F I,47,91.79
2025-11-13,9:38:22.441199621,T,TGT,F I,6,91.79
2025-11-13,9:38:22.441972407,T,TGT,F I,22,91.78
2025-11-13,9:38:22.441972407,T,TGT,F I,47,91.78
2025-11-13,9:38:23.412892451,T,TGT,F I,22,91.73
2025-11-13,9:38:23.412911084,T,TGT,F I,78,91.73
2025-11-13,9:38:27.439623786,T,TGT,F I,25,91.75
2025-11-13,9:38:27.439626860,T,TGT,F I,1,91.76
2025-11-13,9:38:35.333980439,T,TGT,I,51,91.725
2025-11-13,9:38:35.333983448,T,TGT,I,1,91.725
2025-11-13,9:38:35.334043568,T,TGT,F I,2,91.72
2025-11-13,9:38:40.638603251,T,TGT,I,2,91.705
2025-11-13,9:38:41.371539378,T,TGT,I,60,91.67
2025-11-13,9:38:46.197087875,T,TGT,I,10,91.67
2025-11-13,9:38:46.197144965,T,TGT,I,25,91.68
2025-11-13,9:38:46.197541893,T,TGT,F I,16,91.69
2025-11-13,9:38:46.197563028,T,TGT,F I,6,91.69
2025-11-13,9:38:46.197565995,T,TGT,F I,16,91.69
2025-11-13,9:38:46.197575423,T,TGT,I,1,91.69
2025-11-13,9:38:46.197577946,T,TGT,F I,7,91.69
2025-11-13,9:38:54.301167080,T,TGT,F I,2,91.72
2025-11-13,9:39:00.035366309,T,TGT,I,60,91.72
2025-11-13,9:39:00.037907385,T,TGT,I,2,91.72
2025-11-13,9:39:01.202696463,T,TGT,F I,10,91.72
2025-11-13,9:39:06.228061829,T,TGT,I,25,91.76
2025-11-13,9:39:06.228061829,T,TGT,I,25,91.74
2025-11-13,9:39:06.228064813,T,TGT,I,32,91.74
2025-11-13,9:39:08.043631280,T,TGT,I,10,91.745
2025-11-13,9:39:08.043643306,T,TGT,F I,3,91.72
2025-11-13,9:39:08.043661282,T,TGT,F I,1,91.72
2025-11-13,9:39:08.044007131,T,TGT,F I,2,91.71
2025-11-13,9:39:13.399727792,T,TGT,I,51,91.69
2025-11-13,9:39:21.222907919,T,TGT,I,1,91.68
2025-11-13,9:39:21.222910840,T,TGT,I,50,91.68
2025-11-13,9:39:21.222913845,T,TGT,I,11,91.68
2025-11-13,9:39:21.222928808,T,TGT,F I,40,91.68
2025-11-13,9:39:21.222931857,T,TGT,F I,10,91.68
2025-11-13,9:39:21.252402072,T,TGT,I,5,91.7
2025-11-13,9:39:23.073634308,T,TGT,F I,15,91.7
2025-11-13,9:39:23.073634308,T,TGT,F I,21,91.7
2025-11-13,9:39:23.073637022,T,TGT,F I,5,91.7
2025-11-13,9:39:23.074012862,T,TGT,F I,21,91.7
2025-11-13,9:39:23.074033864,T,TGT,I,20,91.7
2025-11-13,9:39:31.405166046,T,TGT,F I,6,91.67
2025-11-13,9:39:31.405169046,T,TGT,F I,1,91.67
2025-11-13,9:39:31.406937276,T,TGT,F,100,91.65
2025-11-13,9:39:31.406940290,T,TGT,F I,10,91.65
2025-11-13,9:39:32.966663156,T,TGT,I,3,91.64
2025-11-13,9:39:32.967099298,T,TGT,I,18,91.65
2025-11-13,9:39:32.967099298,T,TGT,I,2,91.65
2025-11-13,9:39:33.433113533,T,TGT,F I,38,91.63
2025-11-13,9:39:33.532810020,T,TGT,F I,25,91.66
2025-11-13,9:39:33.532813008,T,TGT,F I,9,91.67
2025-11-13,9:39:33.532822677,T,TGT,F I,9,91.67
2025-11-13,9:39:33.532825389,T,TGT,F I,10,91.67
2025-11-13,9:39:33.532825389,T,TGT,F I,6,91.67
2025-11-13,9:39:33.532828063,T,TGT,F I,9,91.67
2025-11-13,9:39:33.532837760,T,TGT,F I,16,91.67
2025-11-13,9:39:33.532840059,T,TGT,F I,10,91.68
2025-11-13,9:39:33.532843084,T,TGT,F I,6,91.68
2025-11-13,9:39:33.534557114,T,TGT,F I,25,91.65
2025-11-13,9:39:37.647937034,T,TGT,I,25,91.64
2025-11-13,9:39:40.646530786,T,TGT,I,2,91.64
2025-11-13,9:39:46.987386385,T,TGT,I,20,91.655
2025-11-13,9:39:47.134418588,T,TGT,I,56,91.675
2025-11-13,9:39:47.134827538,T,TGT,F I,11,91.65
2025-11-13,9:39:47.984165084,T,TGT,F I,10,91.71
2025-11-13,9:39:47.984165084,T,TGT,F I,8,91.71
2025-11-13,9:39:47.984267319,T,TGT,I,25,91.7
2025-11-13,9:39:47.984267319,T,TGT,I,24,91.69
2025-11-13,9:39:47.984700374,T,TGT,F,100,91.74
2025-11-13,9:39:47.984895832,T,TGT,F I,55,91.74
2025-11-13,9:39:47.985891207,T,TGT,F,100,91.72
2025-11-13,9:39:47.985891207,T,TGT,F I,21,91.72
2025-11-13,9:39:47.987442906,T,TGT,F I,6,91.71
2025-11-13,9:39:47.987451878,T,TGT,F I,3,91.71
2025-11-13,9:39:47.987466951,T,TGT,F I,2,91.71
2025-11-13,9:39:47.987470676,T,TGT,I,1,91.71
2025-11-13,9:39:47.987476243,T,TGT,I,88,91.71
2025-11-13,9:39:47.987476243,T,TGT,I,13,91.71
2025-11-13,9:39:47.987478984,T,TGT,I,90,91.71
2025-11-13,9:39:47.988750978,T,TGT,F I,10,91.71
2025-11-13,9:39:47.991944641,T,TGT,F I,4,91.7
2025-11-13,9:40:01.184629978,T,TGT,F I,40,91.66
2025-11-13,9:40:01.184654134,T,TGT,F I,1,91.65
2025-11-13,9:40:02.602270415,T,TGT,F I,40,91.63
2025-11-13,9:40:02.846250698,T,TGT,F I,50,91.62
2025-11-13,9:40:02.846253809,T,TGT,F I,9,91.62
2025-11-13,9:40:02.846253809,T,TGT,F I,14,91.62
2025-11-13,9:40:02.846337845,T,TGT,,100,91.62
2025-11-13,9:40:02.846340895,T,TGT,I,13,91.63
2025-11-13,9:40:02.846377110,T,TGT,I,12,91.62
2025-11-13,9:40:02.846379941,T,TGT,I,56,91.63
2025-11-13,9:40:06.068956469,T,TGT,I,66,91.62
2025-11-13,9:40:06.068974497,T,TGT,F I,34,91.62
2025-11-13,9:40:06.068974497,T,TGT,I,1,91.62
2025-11-13,9:40:06.823523942,T,TGT,F I,1,91.61
2025-11-13,9:40:06.824208727,T,TGT,I,5,91.6
2025-11-13,9:40:10.651306604,T,TGT,I,2,91.595
2025-11-13,9:40:11.267552672,T,TGT,F I,3,91.55
2025-11-13,9:40:11.267567994,T,TGT,F I,1,91.55
2025-11-13,9:40:11.267570755,T,TGT,F I,1,91.55
2025-11-13,9:40:12.698728304,T,TGT,F I,20,91.55
2025-11-13,9:40:12.698743383,T,TGT,F I,30,91.55
2025-11-13,9:40:12.717517127,T,TGT,,100,91.54
2025-11-13,9:40:12.969111457,T,TGT,I,13,91.53
2025-11-13,9:40:14.621257461,T,TGT,F I,50,91.53
2025-11-13,9:40:14.621257461,T,TGT,F I,5,91.53
2025-11-13,9:40:14.621328677,T,TGT,F I,77,91.52
2025-11-13,9:40:14.621485184,T,TGT,I,25,91.54
2025-11-13,9:40:14.621488105,T,TGT,I,28,91.545
2025-11-13,9:40:14.621518206,T,TGT,I,53,91.545
2025-11-13,9:40:14.621758790,T,TGT,I,16,91.54
2025-11-13,9:40:14.622955857,T,TGT,,100,91.53
2025-11-13,9:40:20.653240217,T,TGT,I,3,91.56
2025-11-13,9:40:21.170276988,T,TGT,F I,25,91.55
2025-11-13,9:40:21.170280000,T,TGT,F I,16,91.54
2025-11-13,9:40:21.170322645,T,TGT,I,34,91.54
2025-11-13,9:40:25.389996164,T,TGT,F I,1,91.58
2025-11-13,9:40:25.389999145,T,TGT,F I,4,91.58
2025-11-13,9:40:25.390044285,T,TGT,I,4,91.58
2025-11-13,9:40:33.315855841,T,TGT,F I,1,91.53
2025-11-13,9:40:33.316265381,T,TGT,F I,10,91.53
2025-11-13,9:40:33.316265381,T,TGT,F I,65,91.52
2025-11-13,9:40:33.316270807,T,TGT,F I,25,91.52
2025-11-13,9:40:33.317010541,T,TGT,F I,10,91.52
2025-11-13,9:40:33.317049637,T,TGT,I,6,91.52
2025-11-13,9:40:33.317133911,T,TGT,I,5,91.51
2025-11-13,9:40:33.317206105,T,TGT,F I,95,91.51
2025-11-13,9:40:33.317263204,T,TGT,F I,1,91.5
2025-11-13,9:40:33.317266146,T,TGT,F I,1,91.5
2025-11-13,9:40:33.317269171,T,TGT,F I,2,91.5
2025-11-13,9:40:33.317269171,T,TGT,F I,1,91.5
2025-11-13,9:40:33.317284267,T,TGT,I,5,91.5
2025-11-13,9:40:33.317305370,T,TGT,I,95,91.5
2025-11-13,9:40:33.317308603,T,TGT,I,8,91.5
2025-11-13,9:40:33.317588029,T,TGT,F,100,91.51
2025-11-13,9:40:33.317588029,T,TGT,F I,15,91.51
2025-11-13,9:40:33.317591016,T,TGT,F I,18,91.51
2025-11-13,9:40:33.317630025,T,TGT,F I,3,91.51
2025-11-13,9:40:33.317882703,T,TGT,,100,91.51
2025-11-13,9:40:33.317882703,T,TGT,I,30,91.51
2025-11-13,9:40:33.317885694,T,TGT,I,2,91.51
2025-11-13,9:40:33.317888947,T,TGT,I,17,91.51
2025-11-13,9:40:33.317888947,T,TGT,I,15,91.51
2025-11-13,9:40:33.317891644,T,TGT,I,19,91.51
2025-11-13,9:40:33.317895028,T,TGT,I,2,91.51
2025-11-13,9:40:33.317897755,T,TGT,I,2,91.51
2025-11-13,9:40:33.317897755,T,TGT,I,19,91.51
2025-11-13,9:40:33.317900768,T,TGT,I,19,91.51
2025-11-13,9:40:33.317954821,T,TGT,F I,5,91.51
2025-11-13,9:40:33.351421517,T,TGT,F I,95,91.51
2025-11-13,9:40:33.351424543,T,TGT,F I,10,91.51
2025-11-13,9:40:33.410262812,T,TGT,F I,75,91.5
2025-11-13,9:40:33.410307998,T,TGT,F I,17,91.5
2025-11-13,9:40:33.410307998,T,TGT,F I,58,91.5
2025-11-13,9:40:33.410386071,T,TGT,F I,42,91.5
2025-11-13,9:40:33.802249591,T,TGT,I,2,91.485
2025-11-13,9:40:35.065896063,T,TGT,F I,12,91.45
2025-11-13,9:40:35.065977271,T,TGT,F I,1,91.45
2025-11-13,9:40:35.066118655,T,TGT,I,25,91.45
2025-11-13,9:40:35.066121630,T,TGT,I,15,91.46
2025-11-13,9:40:35.067038770,T,TGT,I,75,91.435
2025-11-13,9:40:35.067089892,T,TGT,I,56,91.435
2025-11-13,9:40:36.115137780,T,TGT,I,13,91.41
2025-11-13,9:40:36.115173862,T,TGT,I,11,91.44
2025-11-13,9:40:36.215802822,T,TGT,I,20,91.4
2025-11-13,9:40:36.215802822,T,TGT,I,2,91.4
2025-11-13,9:40:37.001706989,T,TGT,F I,75,91.395
2025-11-13,9:40:40.656578460,T,TGT,I,2,91.42
2025-11-13,9:40:41.012596531,T,TGT,F I,1,91.37
2025-11-13,9:40:45.639148958,T,TGT,I,50,91.37
2025-11-13,9:40:45.639166939,T,TGT,F I,9,91.37
2025-11-13,9:40:47.397943055,T,TGT,F,100,91.4
2025-11-13,9:40:47.397943055,T,TGT,F I,10,91.4
2025-11-13,9:40:47.397958160,T,TGT,,100,91.4
2025-11-13,9:40:47.397962428,T,TGT,I,1,91.4
2025-11-13,9:40:47.397962428,T,TGT,I,46,91.4
2025-11-13,9:40:47.397967121,T,TGT,,100,91.4
2025-11-13,9:40:47.397973196,T,TGT,,100,91.4
2025-11-13,9:40:47.397976194,T,TGT,I,46,91.4
2025-11-13,9:40:47.397985208,T,TGT,F,100,91.4
2025-11-13,9:40:47.398003332,T,TGT,,100,91.4
2025-11-13,9:40:47.398006799,T,TGT,I,82,91.4
2025-11-13,9:40:47.398006799,T,TGT,I,11,91.4
2025-11-13,9:40:47.398009390,T,TGT,,100,91.4
2025-11-13,9:40:47.398012249,T,TGT,F I,14,91.4
2025-11-13,9:40:49.299628691,T,TGT,F,100,91.44
2025-11-13,9:40:49.299632176,T,TGT,F I,25,91.44
2025-11-13,9:40:59.677614472,T,TGT,I,1,91.42
2025-11-13,9:41:03.815436338,T,TGT,I,2,91.39
2025-11-13,9:41:05.266787197,T,TGT,F I,2,91.38
2025-11-13,9:41:05.267490868,T,TGT,,104,91.37
2025-11-13,9:41:05.270034898,T,TGT,F I,75,91.35
2025-11-13,9:41:05.379787392,T,TGT,F I,25,91.35
2025-11-13,9:41:06.845416039,T,TGT,F I,10,91.37
2025-11-13,9:41:06.845419009,T,TGT,F I,20,91.37
2025-11-13,9:41:06.845467173,T,TGT,I,60,91.37
2025-11-13,9:41:06.845488237,T,TGT,I,40,91.37
2025-11-13,9:41:06.845605563,T,TGT,F,100,91.38
2025-11-13,9:41:06.857868775,T,TGT,I,16,91.37
2025-11-13,9:41:07.510519618,T,TGT,I,18,91.3
2025-11-13,9:41:07.697764148,T,TGT,I,5,91.28
2025-11-13,9:41:07.697766729,T,TGT,F I,5,91.28
2025-11-13,9:41:07.697781767,T,TGT,I,5,91.28
2025-11-13,9:41:07.697820799,T,TGT,F I,4,91.28
2025-11-13,9:41:07.697844905,T,TGT,F I,4,91.28
2025-11-13,9:41:07.697850850,T,TGT,F I,4,91.3
2025-11-13,9:41:07.697853883,T,TGT,F I,17,91.31
2025-11-13,9:41:07.697877954,T,TGT,F I,17,91.31
2025-11-13,9:41:07.697881693,T,TGT,F I,10,91.31
2025-11-13,9:41:07.697929072,T,TGT,I,7,91.3
2025-11-13,9:41:07.697932849,T,TGT,I,12,91.29
2025-11-13,9:41:07.697935338,T,TGT,I,7,91.29
2025-11-13,9:41:07.697938039,T,TGT,F I,17,91.29
2025-11-13,9:41:07.697951025,T,TGT,F I,34,91.29
2025-11-13,9:41:07.697951025,T,TGT,F I,23,91.29
2025-11-13,9:41:07.697953879,T,TGT,F I,10,91.31
2025-11-13,9:41:07.697977191,T,TGT,F I,6,91.31
2025-11-13,9:41:07.697980344,T,TGT,F I,7,91.31
2025-11-13,9:41:07.697983223,T,TGT,F I,6,91.32
2025-11-13,9:41:07.697983223,T,TGT,F I,12,91.32
2025-11-13,9:41:07.697986458,T,TGT,F I,7,91.32
2025-11-13,9:41:07.697989257,T,TGT,F I,12,91.31
2025-11-13,9:41:07.698124522,T,TGT,F I,18,91.32
2025-11-13,9:41:07.981594909,T,TGT,,100,91.33
2025-11-13,9:41:10.890689527,T,TGT,I,1,91.3
2025-11-13,9:41:10.890693210,T,TGT,I,7,91.3
2025-11-13,9:41:10.890696039,T,TGT,I,20,91.3
2025-11-13,9:41:10.890696039,T,TGT,I,63,91.3
2025-11-13,9:41:10.890698514,T,TGT,F I,12,91.3
2025-11-13,9:41:10.890701721,T,TGT,F I,15,91.3
2025-11-13,9:41:10.890704690,T,TGT,F I,12,91.3
2025-11-13,9:41:10.890704690,T,TGT,F I,1,91.3
2025-11-13,9:41:10.890708556,T,TGT,F I,1,91.3
2025-11-13,9:41:10.890708556,T,TGT,F I,25,91.3
2025-11-13,9:41:10.890711113,T,TGT,F I,70,91.3
2025-11-13,9:41:13.507460721,T,TGT,F I,24,91.34
2025-11-13,9:41:13.507463855,T,TGT,F I,5,91.34
2025-11-13,9:41:13.507463855,T,TGT,F I,95,91.34
2025-11-13,9:41:13.507493769,T,TGT,F I,4,91.35
2025-11-13,9:41:13.508044175,T,TGT,F I,14,91.37
2025-11-13,9:41:13.508179459,T,TGT,F I,6,91.39
2025-11-13,9:41:13.508182405,T,TGT,F I,6,91.39
2025-11-13,9:41:13.510215334,T,TGT,F I,8,91.42
2025-11-13,9:41:13.510356962,T,TGT,F I,6,91.44
2025-11-13,9:41:13.510356962,T,TGT,F I,12,91.44
2025-11-13,9:41:13.510426076,T,TGT,F I,2,91.45
2025-11-13,9:41:13.510426076,T,TGT,F I,6,91.45
2025-11-13,9:41:13.510489587,T,TGT,I,7,91.42
2025-11-13,9:41:13.510492395,T,TGT,I,14,91.42
2025-11-13,9:41:13.510492395,T,TGT,I,19,91.42
2025-11-13,9:41:13.510495110,T,TGT,I,2,91.41
2025-11-13,9:41:13.510600199,T,TGT,,100,91.41
2025-11-13,9:41:13.510648613,T,TGT,F I,86,91.42
2025-11-13,9:41:13.510654365,T,TGT,F I,14,91.42
2025-11-13,9:41:13.510690426,T,TGT,F I,14,91.43
2025-11-13,9:41:13.510694008,T,TGT,F I,7,91.43
2025-11-13,9:41:13.510783597,T,TGT,F I,7,91.44
2025-11-13,9:41:13.510783597,T,TGT,F I,49,91.44
2025-11-13,9:41:13.510903984,T,TGT,,100,91.41
2025-11-13,9:41:13.510907602,T,TGT,I,7,91.41
2025-11-13,9:41:13.510964042,T,TGT,F I,21,91.43
2025-11-13,9:41:13.511102421,T,TGT,F I,65,91.43
2025-11-13,9:41:13.511123504,T,TGT,I,1,91.43
2025-11-13,9:41:13.511205132,T,TGT,F I,13,91.43
2025-11-13,9:41:13.511205132,T,TGT,F I,51,91.44
2025-11-13,9:41:13.511207678,T,TGT,F I,1,91.44
2025-11-13,9:41:13.513117205,T,TGT,F I,19,91.43
2025-11-13,9:41:13.513117205,T,TGT,F I,18,91.43
2025-11-13,9:41:13.513733713,T,TGT,F I,13,91.44
2025-11-13,9:41:13.533899728,T,TGT,F,100,91.45
2025-11-13,9:41:13.533935905,T,TGT,F I,7,91.46
2025-11-13,9:41:13.533935905,T,TGT,F I,75,91.46
2025-11-13,9:41:13.533939131,T,TGT,F I,44,91.46
2025-11-13,9:41:13.533947871,T,TGT,I,10,91.46
2025-11-13,9:41:13.534008028,T,TGT,F I,10,91.47
2025-11-13,9:41:13.534020908,T,TGT,F I,10,91.48
2025-11-13,9:41:13.534020908,T,TGT,F I,3,91.48
2025-11-13,9:41:13.534025964,T,TGT,F I,82,91.48
2025-11-13,9:41:13.534025964,T,TGT,F I,1,91.48
2025-11-13,9:41:13.534053126,T,TGT,I,4,91.46
2025-11-13,9:41:13.534057155,T,TGT,I,10,91.45
2025-11-13,9:41:13.534057155,T,TGT,I,4,91.45
2025-11-13,9:41:13.534059057,T,TGT,I,10,91.45
2025-11-13,9:41:13.534080088,T,TGT,I,9,91.45
2025-11-13,9:41:13.534083152,T,TGT,I,14,91.45
2025-11-13,9:41:13.534083152,T,TGT,I,7,91.45
2025-11-13,9:41:13.534107782,T,TGT,F I,14,91.47
2025-11-13,9:41:13.534107782,T,TGT,F I,86,91.47
2025-11-13,9:41:13.534110476,T,TGT,I,68,91.45
2025-11-13,9:41:13.534113401,T,TGT,F I,4,91.46
2025-11-13,9:41:13.534113401,T,TGT,F I,6,91.47
2025-11-13,9:41:13.534131238,T,TGT,F I,4,91.47
2025-11-13,9:41:13.534140445,T,TGT,F I,19,91.47
2025-11-13,9:41:13.534143701,T,TGT,F I,4,91.47
2025-11-13,9:41:13.534185383,T,TGT,I,14,91.45
2025-11-13,9:41:13.534191441,T,TGT,I,19,91.45
2025-11-13,9:41:13.534206491,T,TGT,I,4,91.45
2025-11-13,9:41:13.534236520,T,TGT,F I,14,91.47
2025-11-13,9:41:13.534254580,T,TGT,F I,14,91.47
2025-11-13,9:41:13.534275599,T,TGT,F I,19,91.47
2025-11-13,9:41:13.534281594,T,TGT,F I,4,91.47
2025-11-13,9:41:13.534327337,T,TGT,F I,14,91.47
2025-11-13,9:41:13.534404913,T,TGT,F I,35,91.47
2025-11-13,9:41:13.534407966,T,TGT,F I,14,91.47
2025-11-13,9:41:13.534577126,T,TGT,F I,4,91.47
2025-11-13,9:41:13.534967305,T,TGT,,100,91.47
2025-11-13,9:41:13.534967305,T,TGT,I,4,91.47
2025-11-13,9:41:13.577798286,T,TGT,I,7,91.47
2025-11-13,9:41:13.577801328,T,TGT,I,10,91.47
2025-11-13,9:41:13.577825516,T,TGT,F I,75,91.47
2025-11-13,9:41:13.577828390,T,TGT,F,100,91.48
2025-11-13,9:41:13.577828390,T,TGT,F I,35,91.48
2025-11-13,9:41:13.577834347,T,TGT,I,65,91.48
2025-11-13,9:41:13.577837477,T,TGT,I,10,91.48
2025-11-13,9:41:13.577837477,T,TGT,I,25,91.48
2025-11-13,9:41:13.578210312,T,TGT,F I,5,91.5
2025-11-13,9:41:13.578240364,T,TGT,F I,6,91.51
2025-11-13,9:41:13.578243416,T,TGT,F I,10,91.51
2025-11-13,9:41:13.578255715,T,TGT,I,19,91.48
2025-11-13,9:41:13.578261380,T,TGT,I,6,91.48
2025-11-13,9:41:13.578261380,T,TGT,I,13,91.47
2025-11-13,9:41:13.578483930,T,TGT,I,13,91.48
2025-11-13,9:41:13.578486981,T,TGT,I,7,91.48
2025-11-13,9:41:13.578507946,T,TGT,I,42,91.47
2025-11-13,9:41:13.578510972,T,TGT,I,12,91.47
2025-11-13,9:41:13.578535291,T,TGT,I,7,91.46
2025-11-13,9:41:13.578538046,T,TGT,I,13,91.46
2025-11-13,9:41:13.578538046,T,TGT,I,6,91.46
2025-11-13,9:41:13.578562137,T,TGT,F,100,91.47
2025-11-13,9:41:13.578565548,T,TGT,I,7,91.45
2025-11-13,9:41:13.578565548,T,TGT,I,13,91.45
2025-11-13,9:41:13.578568187,T,TGT,I,6,91.45
2025-11-13,9:41:13.578595195,T,TGT,F I,7,91.48
2025-11-13,9:41:13.578598238,T,TGT,F I,13,91.49
2025-11-13,9:41:13.578604406,T,TGT,,100,91.46
2025-11-13,9:41:13.578607240,T,TGT,F,300,91.45
2025-11-13,9:41:13.578640287,T,TGT,F I,7,91.47
2025-11-13,9:41:13.578715450,T,TGT,F I,18,91.48
2025-11-13,9:41:13.578718483,T,TGT,I,17,91.48
2025-11-13,9:41:13.578742591,T,TGT,I,3,91.48
2025-11-13,9:41:13.578791438,T,TGT,,100,91.49
2025-11-13,9:41:13.578791438,T,TGT,I,60,91.49
2025-11-13,9:41:13.578793651,T,TGT,,100,91.49
2025-11-13,9:41:13.578796686,T,TGT,I,6,91.49
2025-11-13,9:41:13.578814734,T,TGT,F I,9,91.49
2025-11-13,9:41:14.751777168,T,TGT,F I,30,91.47
2025-11-13,9:41:16.572780595,T,TGT,F I,10,91.48
2025-11-13,9:41:16.572876748,T,TGT,F I,10,91.49
2025-11-13,9:41:16.572879838,T,TGT,F I,1,91.49
2025-11-13,9:41:31.246371106,T,TGT,I,5,91.52
2025-11-13,9:41:34.165762216,T,TGT,F I,3,91.53
2025-11-13,9:41:34.165873483,T,TGT,F I,1,91.54
2025-11-13,9:41:34.165873483,T,TGT,F I,9,91.54
2025-11-13,9:41:34.165876457,T,TGT,F I,9,91.54
2025-11-13,9:41:34.166279611,T,TGT,F I,6,91.58
2025-11-13,9:41:34.166279611,T,TGT,F I,4,91.58
2025-11-13,9:41:34.171075952,T,TGT,I,40,91.58
2025-11-13,9:41:34.171075952,T,TGT,I,60,91.58
2025-11-13,9:41:37.682824279,T,TGT,F I,50,91.56
2025-11-13,9:41:46.377772296,T,TGT,F I,75,91.6
2025-11-13,9:41:49.074200459,T,TGT,I,30,91.57
2025-11-13,9:41:49.074200459,T,TGT,I,70,91.56
2025-11-13,9:41:51.303540477,T,TGT,F I,4,91.64
2025-11-13,9:41:51.303564921,T,TGT,F I,1,91.65
2025-11-13,9:41:51.303564921,T,TGT,F I,9,91.65
2025-11-13,9:41:56.914382821,T,TGT,F I,24,91.71
2025-11-13,9:41:56.916367490,T,TGT,F I,25,91.69
2025-11-13,9:41:56.916371165,T,TGT,F I,25,91.68
2025-11-13,9:41:56.916373796,T,TGT,F I,5,91.68
2025-11-13,9:41:56.916379718,T,TGT,F I,5,91.68
2025-11-13,9:41:56.916383330,T,TGT,F I,6,91.68
2025-11-13,9:41:56.916385877,T,TGT,F I,17,91.68
2025-11-13,9:41:56.916388604,T,TGT,F I,25,91.68
2025-11-13,9:41:56.916388604,T,TGT,F I,3,91.68
2025-11-13,9:41:56.917564388,T,TGT,I,5,91.68
2025-11-13,9:41:56.917792977,T,TGT,F I,1,91.68
2025-11-13,9:41:56.918713104,T,TGT,I,29,91.68
2025-11-13,9:41:57.858530138,T,TGT,F I,29,91.69
2025-11-13,9:41:57.858560183,T,TGT,I,60,91.69
2025-11-13,9:41:57.858590240,T,TGT,I,10,91.71
2025-11-13,9:42:01.124343711,T,TGT,F I,1,91.69
2025-11-13,9:42:01.124343711,T,TGT,F I,6,91.69
2025-11-13,9:42:01.124346851,T,TGT,F I,40,91.69
2025-11-13,9:42:01.124416190,T,TGT,I,25,91.69
2025-11-13,9:42:01.124416190,T,TGT,I,75,91.69
2025-11-13,9:42:06.787315239,T,TGT,I,1,91.71
2025-11-13,9:42:10.141978429,T,TGT,F I,14,91.72
2025-11-13,9:42:13.705555390,T,TGT,F I,14,91.73
2025-11-13,9:42:13.705555390,T,TGT,F I,1,91.73
2025-11-13,9:42:13.705573290,T,TGT,I,15,91.73
2025-11-13,9:42:13.967013139,T,TGT,I,1,91.74
2025-11-13,9:42:15.819312150,T,TGT,F I,14,91.75
2025-11-13,9:42:15.819315265,T,TGT,F I,1,91.75
2025-11-13,9:42:15.819315265,T,TGT,F I,1,91.76
2025-11-13,9:42:15.819396532,T,TGT,F,100,91.77
2025-11-13,9:42:15.819396532,T,TGT,F I,10,91.77
2025-11-13,9:42:17.403272705,T,TGT,F I,16,91.81
2025-11-13,9:42:17.407951896,T,TGT,F I,50,91.81
2025-11-13,9:42:17.408012519,T,TGT,F I,32,91.8
2025-11-13,9:42:17.408015104,T,TGT,F I,39,91.8
2025-11-13,9:42:18.879979865,T,TGT,F I,4,91.83
2025-11-13,9:42:18.880052076,T,TGT,F I,70,91.83
2025-11-13,9:42:18.881095606,T,TGT,F I,4,91.81
2025-11-13,9:42:18.881095606,T,TGT,F I,50,91.81
2025-11-13,9:42:18.881107962,T,TGT,F I,25,91.81
2025-11-13,9:42:18.881135089,T,TGT,I,10,91.8
2025-11-13,9:42:18.881534702,T,TGT,I,7,91.81
2025-11-13,9:42:18.881537769,T,TGT,I,7,91.81
2025-11-13,9:42:18.882193158,T,TGT,F,100,91.8
2025-11-13,9:42:18.882193158,T,TGT,F I,12,91.8
2025-11-13,9:42:18.882196615,T,TGT,F I,4,91.8
2025-11-13,9:42:18.882196615,T,TGT,F I,6,91.8
2025-11-13,9:42:18.882208670,T,TGT,F I,1,91.8
2025-11-13,9:42:18.882274365,T,TGT,I,5,91.81
2025-11-13,9:42:18.882277480,T,TGT,I,4,91.81
2025-11-13,9:42:18.882280318,T,TGT,I,6,91.81
2025-11-13,9:42:18.882280318,T,TGT,I,10,91.81
2025-11-13,9:42:18.882283381,T,TGT,I,12,91.81
2025-11-13,9:42:18.882518035,T,TGT,F I,5,91.79
2025-11-13,9:42:18.882520881,T,TGT,F I,10,91.79
2025-11-13,9:42:18.882713405,T,TGT,I,10,91.8
2025-11-13,9:42:18.882713405,T,TGT,I,5,91.8
2025-11-13,9:42:18.882716879,T,TGT,I,5,91.8
2025-11-13,9:42:18.882716879,T,TGT,I,87,91.8
2025-11-13,9:42:18.882720057,T,TGT,I,7,91.8
2025-11-13,9:42:18.882720057,T,TGT,I,7,91.8
2025-11-13,9:42:18.882722693,T,TGT,I,23,91.8
2025-11-13,9:42:18.893244815,T,TGT,F I,12,91.79
2025-11-13,9:42:18.893247743,T,TGT,F I,8,91.79
2025-11-13,9:42:18.893250510,T,TGT,F I,50,91.79
2025-11-13,9:42:18.893253513,T,TGT,F I,7,91.79
2025-11-13,9:42:20.703007066,T,TGT,I,2,91.79
2025-11-13,9:42:29.583960167,T,TGT,F I,70,91.8
2025-11-13,9:42:29.583960167,T,TGT,F I,30,91.81
2025-11-13,9:42:34.264470585,T,TGT,F I,25,91.81
2025-11-13,9:42:34.264470585,T,TGT,F I,8,91.82
2025-11-13,9:42:34.272436033,T,TGT,F I,52,91.82
2025-11-13,9:42:34.272439399,T,TGT,F I,17,91.85
2025-11-13,9:42:34.272442524,T,TGT,F I,18,91.87
2025-11-13,9:42:34.272442524,T,TGT,F I,6,91.87
2025-11-13,9:42:34.272448093,T,TGT,F,107,91.88
2025-11-13,9:42:34.339318348,T,TGT,F I,1,91.85
2025-11-13,9:42:34.339655155,T,TGT,I,24,91.85
2025-11-13,9:42:34.341489570,T,TGT,F I,2,91.85
2025-11-13,9:42:34.350658326,T,TGT,F I,1,91.85
2025-11-13,9:42:34.413405869,T,TGT,F,100,91.85
2025-11-13,9:42:34.413426901,T,TGT,I,2,91.85
2025-11-13,9:42:34.413426901,T,TGT,F I,23,91.85
2025-11-13,9:42:34.414103597,T,TGT,F,100,91.85
2025-11-13,9:42:34.503419279,T,TGT,,100,91.85
2025-11-13,9:42:35.660768764,T,TGT,I,53,91.85
2025-11-13,9:42:47.397799990,T,TGT,F I,64,91.76
2025-11-13,9:42:47.397803116,T,TGT,F I,50,91.76
2025-11-13,9:42:47.397803116,T,TGT,F I,17,91.76
2025-11-13,9:42:47.398293260,T,TGT,I,6,91.79
2025-11-13,9:42:47.398296267,T,TGT,I,10,91.79
2025-11-13,9:42:48.640396448,T,TGT,F I,28,91.81
2025-11-13,9:42:49.206901050,T,TGT,I,25,91.78
2025-11-13,9:42:49.207000342,T,TGT,F I,50,91.77
2025-11-13,9:42:49.209333863,T,TGT,,100,91.75
2025-11-13,9:42:54.841000890,T,TGT,I,54,91.68
2025-11-13,9:42:54.841003867,T,TGT,I,10,91.68
2025-11-13,9:42:59.902617572,T,TGT,F I,1,91.62
2025-11-13,9:43:05.367347769,T,TGT,F I,25,91.6
2025-11-13,9:43:15.131589278,T,TGT,I,10,91.57
2025-11-13,9:43:15.131619363,T,TGT,I,10,91.57
2025-11-13,9:43:36.436723398,T,TGT,F I,46,91.6
2025-11-13,9:43:36.436786212,T,TGT,I,5,91.62
2025-11-13,9:43:36.436813192,T,TGT,I,41,91.61
2025-11-13,9:43:36.442111899,T,TGT,F I,31,91.62
2025-11-13,9:43:36.442493770,T,TGT,I,16,91.62
2025-11-13,9:43:36.442548515,T,TGT,I,75,91.62
2025-11-13,9:43:36.442818565,T,TGT,,100,91.62
2025-11-13,9:43:36.442860629,T,TGT,I,3,91.62
2025-11-13,9:43:36.442866706,T,TGT,F I,3,91.63
2025-11-13,9:43:36.442977968,T,TGT,F I,75,91.65
2025-11-13,9:43:36.456383819,T,TGT,F I,10,91.67
2025-11-13,9:43:36.456407923,T,TGT,F I,65,91.67
2025-11-13,9:43:36.461478155,T,TGT,F I,4,91.7
2025-11-13,9:43:36.461486979,T,TGT,F,100,91.7
2025-11-13,9:43:36.461486979,T,TGT,F I,6,91.7
2025-11-13,9:43:36.470000781,T,TGT,F I,5,91.77
2025-11-13,9:43:36.470054430,T,TGT,F,100,91.77
2025-11-13,9:43:36.473425792,T,TGT,I,38,91.75
2025-11-13,9:43:36.473425792,T,TGT,I,50,91.75
2025-11-13,9:43:36.477590477,T,TGT,,100,91.74
2025-11-13,9:43:36.490930230,T,TGT,F I,3,91.75
2025-11-13,9:43:36.490930230,T,TGT,F I,15,91.75
2025-11-13,9:43:36.513300456,T,TGT,I,97,91.75
2025-11-13,9:43:39.206345405,T,TGT,I,10,91.83
2025-11-13,9:43:39.206832599,T,TGT,F I,5,91.85
2025-11-13,9:43:39.206832599,T,TGT,F I,4,91.85
2025-11-13,9:43:42.141756112,T,TGT,I,70,91.83
2025-11-13,9:43:42.141756112,T,TGT,I,25,91.83
2025-11-13,9:43:42.794484770,T,TGT,I,70,91.83
2025-11-13,9:43:54.327783840,T,TGT,I,62,91.88
2025-11-13,9:43:54.327840948,T,TGT,,5131,91.88
2025-11-13,9:43:54.327844065,T,TGT,I,55,91.88
2025-11-13,9:43:54.328442563,T,TGT,I,60,91.88
2025-11-13,9:43:54.328451465,T,TGT,F I,15,91.88
2025-11-13,9:43:54.328451465,T,TGT,F I,50,91.88
2025-11-13,9:43:54.328455001,T,TGT,F I,20,91.87
2025-11-13,9:43:54.328455001,T,TGT,F I,65,91.87
2025-11-13,9:43:54.328469712,T,TGT,F I,15,91.87
2025-11-13,9:43:54.328469712,T,TGT,F I,50,91.87
2025-11-13,9:43:54.328761220,T,TGT,F I,25,91.86
2025-11-13,9:43:54.329648317,T,TGT,,100,91.86
2025-11-13,9:43:54.347874719,T,TGT,I,70,91.85
2025-11-13,9:43:54.457543958,T,TGT,F I,20,91.86
2025-11-13,9:43:54.457543958,T,TGT,F I,15,91.86
2025-11-13,9:43:54.457546096,T,TGT,F I,65,91.86
2025-11-13,9:43:54.462153006,T,TGT,F I,1,91.89
2025-11-13,9:43:54.588935711,T,TGT,F I,51,91.88
2025-11-13,9:44:03.839158815,T,TGT,I,5,91.88
2025-11-13,9:44:06.097746793,T,TGT,I,10,91.855
2025-11-13,9:44:10.159093541,T,TGT,I,1,91.855
2025-11-13,9:44:16.445387080,T,TGT,I,10,91.87
2025-11-13,9:44:16.445438191,T,TGT,I,10,91.88
2025-11-13,9:44:16.445615733,T,TGT,F I,75,91.88
2025-11-13,9:44:17.158776603,T,TGT,F I,70,91.89
2025-11-13,9:44:17.190285654,T,TGT,I,75,91.895
2025-11-13,9:44:19.394831944,T,TGT,F I,75,91.85
2025-11-13,9:44:19.394831944,T,TGT,F I,25,91.85
2025-11-13,9:44:21.039089180,T,TGT,I,17,91.84
2025-11-13,9:44:21.039107183,T,TGT,F I,8,91.84
2025-11-13,9:44:21.039110243,T,TGT,F I,90,91.84
2025-11-13,9:44:21.039323737,T,TGT,F I,30,91.83
2025-11-13,9:44:21.039332772,T,TGT,F I,30,91.83
2025-11-13,9:44:29.797936153,T,TGT,I,25,91.84
2025-11-13,9:44:29.797957291,T,TGT,F I,45,91.85
2025-11-13,9:44:39.202099760,T,TGT,I,74,91.88
2025-11-13,9:44:39.215968863,T,TGT,F,100,91.88
2025-11-13,9:44:39.215971810,T,TGT,F,100,91.89
2025-11-13,9:44:39.215971810,T,TGT,F,200,91.89
2025-11-13,9:44:39.215986932,T,TGT,I,1,91.89
2025-11-13,9:44:39.220726151,T,TGT,,100,91.89
2025-11-13,9:44:40.348536030,T,TGT,I,47,91.88
2025-11-13,9:44:40.550413023,T,TGT,F I,23,91.88
2025-11-13,9:44:40.550415999,T,TGT,F I,76,91.89
2025-11-13,9:44:40.550849091,T,TGT,F I,23,91.89
2025-11-13,9:44:40.559921668,T,TGT,F I,70,91.91
2025-11-13,9:44:40.560499088,T,TGT,I,50,91.9
2025-11-13,9:44:40.569779134,T,TGT,F I,70,91.92
2025-11-13,9:44:40.569782140,T,TGT,F I,25,91.93
2025-11-13,9:44:40.570004747,T,TGT,F I,29,91.9
2025-11-13,9:44:40.570278339,T,TGT,F I,29,91.92
2025-11-13,9:44:40.570281355,T,TGT,F I,70,91.92
2025-11-13,9:44:40.570281355,T,TGT,F I,1,91.93
2025-11-13,9:44:46.519742404,T,TGT,I,25,91.88
2025-11-13,9:44:46.519745392,T,TGT,I,75,91.88
2025-11-13,9:44:47.701735423,T,TGT,F,100,91.84
2025-11-13,9:44:47.701738380,T,TGT,F I,14,91.84
2025-11-13,9:44:47.701750599,T,TGT,I,8,91.84
2025-11-13,9:44:47.701756419,T,TGT,I,1,91.84
2025-11-13,9:44:47.701795503,T,TGT,I,9,91.86
2025-11-13,9:44:47.701795503,T,TGT,I,5,91.86
2025-11-13,9:44:47.701936907,T,TGT,,100,91.87
2025-11-13,9:44:47.701942887,T,TGT,F,100,91.855
2025-11-13,9:44:47.701966961,T,TGT,I,14,91.88
2025-11-13,9:44:47.702015076,T,TGT,I,73,91.88
2025-11-13,9:44:47.702228604,T,TGT,I,87,91.87
2025-11-13,9:44:47.702228604,T,TGT,I,13,91.87
2025-11-13,9:44:50.153981629,T,TGT,I,5,91.92
2025-11-13,9:44:50.154038816,T,TGT,I,9,91.93
2025-11-13,9:44:50.154859774,T,TGT,F I,65,91.93
2025-11-13,9:44:50.154889877,T,TGT,,100,91.93
2025-11-13,9:44:50.154910872,T,TGT,I,1,91.93
2025-11-13,9:44:50.154932000,T,TGT,F I,99,91.93
2025-11-13,9:44:50.154940940,T,TGT,I,99,91.93
2025-11-13,9:44:50.154956480,T,TGT,I,1,91.93
2025-11-13,9:44:50.154958970,T,TGT,,100,91.93
2025-11-13,9:44:50.180943906,T,TGT,F I,25,92.0
2025-11-13,9:44:50.180943906,T,TGT,F I,50,92.0
2025-11-13,9:44:50.181819031,T,TGT,,200,92.02
2025-11-13,9:44:50.182116737,T,TGT,,100,92.0
2025-11-13,9:44:50.182137783,T,TGT,F I,69,92.0
2025-11-13,9:44:50.182140734,T,TGT,F I,87,92.0
2025-11-13,9:44:50.182552779,T,TGT,F I,1,91.95
2025-11-13,9:44:50.182609911,T,TGT,F I,5,91.97
2025-11-13,9:44:50.182660993,T,TGT,,400,91.97
2025-11-13,9:44:54.919789774,T,TGT,I,75,92.02
2025-11-13,9:44:54.919792717,T,TGT,I,24,92.03
2025-11-13,9:44:54.920114549,T,TGT,F I,30,92.0
2025-11-13,9:44:54.920538593,T,TGT,I,76,92.0
2025-11-13,9:44:54.920550611,T,TGT,I,30,92.02
2025-11-13,9:44:54.920556732,T,TGT,I,1,92.0
2025-11-13,9:44:54.920622765,T,TGT,F,100,92.01
2025-11-13,9:44:54.920812193,T,TGT,F,100,92.01
2025-11-13,9:44:54.920815230,T,TGT,F I,30,92.01
2025-11-13,9:44:54.920818935,T,TGT,F I,70,92.01
2025-11-13,9:44:54.921077366,T,TGT,I,29,92.01
2025-11-13,9:44:54.921079811,T,TGT,I,70,92.01
2025-11-13,9:44:54.921082824,T,TGT,I,1,92.01
2025-11-13,9:44:54.921242283,T,TGT,,121,92.01
2025-11-13,9:45:02.281640741,T,TGT,I,8,91.98
2025-11-13,9:45:03.976629102,T,TGT,F,100,91.93
2025-11-13,9:45:03.976629102,T,TGT,F I,5,91.93
2025-11-13,9:45:03.976632540,T,TGT,F I,11,91.93
2025-11-13,9:45:03.976632540,T,TGT,F I,13,91.93
2025-11-13,9:45:03.976634878,T,TGT,F I,15,91.93
2025-11-13,9:45:03.977164152,T,TGT,F I,5,91.92
2025-11-13,9:45:03.977512986,T,TGT,I,43,91.93
2025-11-13,9:45:04.063090846,T,TGT,F I,73,91.96
2025-11-13,9:45:04.063108938,T,TGT,I,1,91.96
2025-11-13,9:45:04.063344046,T,TGT,F I,26,91.96
2025-11-13,9:45:04.063349484,T,TGT,F I,73,91.96
2025-11-13,9:45:04.141033555,T,TGT,I,98,91.99
2025-11-13,9:45:05.073711636,T,TGT,F I,32,91.96
2025-11-13,9:45:12.836471685,T,TGT,I,75,91.96
2025-11-13,9:45:12.836474653,T,TGT,I,3,91.965
2025-11-13,9:45:18.493492566,T,TGT,I,53,91.98
2025-11-13,9:45:19.113551318,T,TGT,I,75,91.97
2025-11-13,9:45:19.113551318,T,TGT,I,25,91.99
2025-11-13,9:45:20.620618724,T,TGT,I,39,91.98
2025-11-13,9:45:22.886592179,T,TGT,I,39,92.01
2025-11-13,9:45:22.888540896,T,TGT,F,10400,92.02
2025-11-13,9:45:22.889049031,T,TGT,F I,5,92.03
2025-11-13,9:45:22.889437043,T,TGT,F I,5,92.03
2025-11-13,9:45:22.999805997,T,TGT,I,1,92.04
2025-11-13,9:45:22.999821015,T,TGT,F I,55,92.05
2025-11-13,9:45:22.999893123,T,TGT,F,100,92.06
2025-11-13,9:45:22.999914660,T,TGT,I,1,92.06
2025-11-13,9:45:22.999935264,T,TGT,F I,99,92.06
2025-11-13,9:45:22.999938398,T,TGT,F I,27,92.06
2025-11-13,9:45:22.999941482,T,TGT,F I,73,92.06
2025-11-13,9:45:22.999941482,T,TGT,F I,26,92.06
2025-11-13,9:45:22.999944285,T,TGT,F I,74,92.06
2025-11-13,9:45:23.086445319,T,TGT,F I,1,92.11
2025-11-13,9:45:23.157663965,T,TGT,I,37,92.16
2025-11-13,9:45:23.157685067,T,TGT,F I,3,92.16
2025-11-13,9:45:25.617217612,T,TGT,F I,13,92.16
2025-11-13,9:45:25.617229746,T,TGT,F I,4,92.16
2025-11-13,9:45:25.617236425,T,TGT,F I,1,92.16
2025-11-13,9:45:25.617238774,T,TGT,F I,1,92.16
2025-11-13,9:45:25.617262792,T,TGT,F I,16,92.16
2025-11-13,9:45:25.617286843,T,TGT,F I,13,92.17
2025-11-13,9:45:25.617758903,T,TGT,I,39,92.16
2025-11-13,9:45:25.653138227,T,TGT,I,34,92.17
2025-11-13,9:45:25.906759464,T,TGT,I,47,92.15
2025-11-13,9:45:25.906759464,T,TGT,I,34,92.15
2025-11-13,9:45:28.662816482,T,TGT,I,4,92.16
2025-11-13,9:45:30.314203796,T,TGT,I,75,92.18
2025-11-13,9:45:30.314203796,T,TGT,I,15,92.19
2025-11-13,9:45:30.315499902,T,TGT,I,28,92.19
2025-11-13,9:45:30.315502932,T,TGT,I,11,92.19
2025-11-13,9:45:30.315623318,T,TGT,I,23,92.19
2025-11-13,9:45:30.315623318,T,TGT,I,13,92.19
2025-11-13,9:45:33.313278879,T,TGT,I,13,92.21
2025-11-13,9:45:33.320664422,T,TGT,I,30,92.2
2025-11-13,9:45:33.320667505,T,TGT,I,14,92.21
2025-11-13,9:45:37.755013900,T,TGT,F I,75,92.18
2025-11-13,9:45:38.319663046,T,TGT,F I,18,92.19
2025-11-13,9:45:38.319663046,T,TGT,F I,34,92.19
2025-11-13,9:45:44.311940379,T,TGT,I,12,92.2
2025-11-13,9:45:44.340484129,T,TGT,I,1,92.24
2025-11-13,9:45:44.340484129,T,TGT,I,7,92.24
2025-11-13,9:45:51.001978511,T,TGT,F I,74,92.26
2025-11-13,9:45:51.001981592,T,TGT,F I,1,92.26
2025-11-13,9:45:51.002023681,T,TGT,F I,6,92.26
2025-11-13,9:45:51.002044693,T,TGT,F I,44,92.26
2025-11-13,9:45:52.460471312,T,TGT,F I,40,92.25
2025-11-13,9:45:52.460474303,T,TGT,F I,5,92.26
2025-11-13,9:45:52.630237663,T,TGT,I,8,92.28
2025-11-13,9:45:52.630240715,T,TGT,I,13,92.28
2025-11-13,9:45:52.630243697,T,TGT,I,8,92.28
2025-11-13,9:45:52.660310423,T,TGT,F,100,92.29
2025-11-13,9:45:52.660310423,T,TGT,F I,5,92.29
2025-11-13,9:45:52.660313042,T,TGT,,105,92.29
2025-11-13,9:45:52.660315367,T,TGT,,105,92.29
2025-11-13,9:45:52.660330529,T,TGT,I,58,92.29
2025-11-13,9:45:52.660330529,T,TGT,I,1,92.29
2025-11-13,9:45:52.660372467,T,TGT,I,31,92.29
2025-11-13,9:45:52.668085848,T,TGT,F I,6,92.3
2025-11-13,9:45:52.668088855,T,TGT,F I,4,92.3
2025-11-13,9:45:56.065408928,T,TGT,I,30,92.3
2025-11-13,9:45:56.065408928,T,TGT,I,16,92.31
2025-11-13,9:45:56.066365016,T,TGT,I,30,92.31
2025-11-13,9:45:57.573606858,T,TGT,F I,8,92.31
2025-11-13,9:45:59.611219505,T,TGT,F I,60,92.26
2025-11-13,9:45:59.611231373,T,TGT,F I,6,92.25
2025-11-13,9:45:59.611234379,T,TGT,F,100,92.25
2025-11-13,9:45:59.612091338,T,TGT,F I,23,92.23
2025-11-13,9:45:59.612897288,T,TGT,F,100,92.2
2025-11-13,9:45:59.613892637,T,TGT,I,6,92.21
2025-11-13,9:46:12.107135642,T,TGT,F I,75,92.18
2025-11-13,9:46:18.748295478,T,TGT,F,100,92.2
2025-11-13,9:46:18.749901218,T,TGT,I,24,92.195
2025-11-13,9:46:23.313549702,T,TGT,I,75,92.175
2025-11-13,9:46:23.313594850,T,TGT,I,75,92.175
2025-11-13,9:46:26.446753271,T,TGT,F I,1,92.18
2025-11-13,9:46:26.537725976,T,TGT,I,75,92.2
2025-11-13,9:46:26.537753107,T,TGT,F I,25,92.2
2025-11-13,9:46:27.055012409,T,TGT,F I,5,92.21
2025-11-13,9:46:27.055033455,T,TGT,F I,75,92.21
2025-11-13,9:46:27.055078590,T,TGT,F I,20,92.21
2025-11-13,9:46:29.201066309,T,TGT,,100,92.21
2025-11-13,9:46:31.237583990,T,TGT,F I,5,92.22
2025-11-13,9:46:31.237587076,T,TGT,F,122,92.22
2025-11-13,9:46:31.237590066,T,TGT,F,278,92.22
2025-11-13,9:46:31.237599054,T,TGT,F I,1,92.22
2025-11-13,9:46:31.237605101,T,TGT,I,1,92.22
2025-11-13,9:46:31.237611162,T,TGT,I,8,92.22
2025-11-13,9:46:36.352560080,T,TGT,F I,13,92.19
2025-11-13,9:46:36.352632296,T,TGT,F I,1,92.19
2025-11-13,9:46:42.801069190,T,TGT,I,75,92.18
2025-11-13,9:47:00.073367432,T,TGT,I,60,92.2
2025-11-13,9:47:00.073367432,T,TGT,I,40,92.2
2025-11-13,9:47:00.073385331,T,TGT,I,1,92.2
2025-11-13,9:47:00.074356645,T,TGT,F,399,92.2
2025-11-13,9:47:00.074359713,T,TGT,F I,8,92.2
2025-11-13,9:47:00.104897601,T,TGT,I,45,92.19
2025-11-13,9:47:02.648450184,T,TGT,F I,16,92.14
2025-11-13,9:47:02.648468551,T,TGT,F I,84,92.14
2025-11-13,9:47:02.648471318,T,TGT,F I,6,92.14
2025-11-13,9:47:02.648474319,T,TGT,F I,10,92.14
2025-11-13,9:47:02.649938720,T,TGT,I,1,92.1
2025-11-13,9:47:02.649942220,T,TGT,I,1,92.1
2025-11-13,9:47:02.649942220,T,TGT,I,1,92.1
2025-11-13,9:47:02.649944748,T,TGT,I,1,92.1
2025-11-13,9:47:02.649959781,T,TGT,F I,1,92.1
2025-11-13,9:47:02.852700380,T,TGT,F,100,92.06
2025-11-13,9:47:02.852700380,T,TGT,F I,5,92.06
2025-11-13,9:47:02.852702815,T,TGT,F I,10,92.06
2025-11-13,9:47:02.852705818,T,TGT,F I,26,92.06
2025-11-13,9:47:02.883153349,T,TGT,I,5,92.07
2025-11-13,9:47:06.624393563,T,TGT,F I,1,92.0
2025-11-13,9:47:06.624393563,T,TGT,F I,18,92.0
2025-11-13,9:47:06.624396574,T,TGT,F I,20,92.0
2025-11-13,9:47:06.766752674,T,TGT,,100,91.97
2025-11-13,9:47:07.136991903,T,TGT,F I,75,91.96
2025-11-13,9:47:07.137133133,T,TGT,I,25,91.96
2025-11-13,9:47:07.147703298,T,TGT,,100,91.94
2025-11-13,9:47:09.111099106,T,TGT,I,8,91.98
2025-11-13,9:47:09.112761957,T,TGT,I,41,91.98
2025-11-13,9:47:09.112782949,T,TGT,F I,27,91.98
2025-11-13,9:47:10.811313516,T,TGT,I,10,91.93
2025-11-13,9:47:10.811313516,T,TGT,I,7,91.93
2025-11-13,9:47:18.981283087,T,TGT,,100,91.91
2025-11-13,9:47:18.981283087,T,TGT,I,6,91.91
2025-11-13,9:47:18.981285742,T,TGT,I,6,91.91
2025-11-13,9:47:18.981300736,T,TGT,F I,12,91.91
2025-11-13,9:47:18.981303765,T,TGT,F I,20,91.91
2025-11-13,9:47:18.982239048,T,TGT,F I,18,91.91
2025-11-13,9:47:19.002417144,T,TGT,I,41,91.92
2025-11-13,9:47:19.496094265,T,TGT,F I,3,91.92
2025-11-13,9:47:19.496331827,T,TGT,F I,3,91.93
2025-11-13,9:47:19.496413920,T,TGT,F,100,91.94
2025-11-13,9:47:19.496419031,T,TGT,F I,1,91.94
2025-11-13,9:47:19.496419031,T,TGT,F I,99,91.94
2025-11-13,9:47:19.605308425,T,TGT,I,70,91.94
2025-11-13,9:47:20.866618712,T,TGT,F I,2,91.98
2025-11-13,9:47:20.866618712,T,TGT,F I,20,91.98
2025-11-13,9:47:20.866624388,T,TGT,F,100,91.98
2025-11-13,9:47:20.866627428,T,TGT,F,100,91.98
2025-11-13,9:47:20.866630717,T,TGT,F I,30,91.98
2025-11-13,9:47:20.866643085,T,TGT,I,32,91.98
2025-11-13,9:47:20.866643085,T,TGT,I,1,91.98
2025-11-13,9:47:20.866645813,T,TGT,I,67,91.98
2025-11-13,9:47:20.866648622,T,TGT,I,33,91.98
2025-11-13,9:47:20.866651431,T,TGT,,103,91.98
2025-11-13,9:47:20.866666527,T,TGT,I,34,91.98
2025-11-13,9:47:20.867228841,T,TGT,F,100,91.99
2025-11-13,9:47:20.867231822,T,TGT,F I,10,91.99
2025-11-13,9:47:20.867234865,T,TGT,F,400,91.99
2025-11-13,9:47:20.867713055,T,TGT,F I,19,92.0
2025-11-13,9:47:32.155118977,T,TGT,I,10,92.12
2025-11-13,9:47:32.156574505,T,TGT,I,85,92.12
2025-11-13,9:47:32.160628085,T,TGT,I,22,92.13
2025-11-13,9:47:35.340580923,T,TGT,I,50,92.08
2025-11-13,9:47:39.513803202,T,TGT,I,10,92.12
2025-11-13,9:47:44.193903943,T,TGT,I,10,92.09
2025-11-13,9:47:44.203578000,T,TGT,I,30,92.09
2025-11-13,9:47:44.203752360,T,TGT,I,33,92.09
2025-11-13,9:47:44.225455025,T,TGT,I,33,92.09
2025-11-13,9:47:44.231773680,T,TGT,I,6,92.1
2025-11-13,9:47:46.825338073,T,TGT,F I,21,92.1
2025-11-13,9:47:46.826916872,T,TGT,F I,75,92.085
2025-11-13,9:47:46.826928817,T,TGT,I,25,92.085
2025-11-13,9:47:54.074765925,T,TGT,I,4,92.19
2025-11-13,9:47:54.074769914,T,TGT,I,62,92.19
2025-11-13,9:47:54.074769914,T,TGT,I,3,92.19
2025-11-13,9:47:54.074783942,T,TGT,I,7,92.19
2025-11-13,9:47:56.969597535,T,TGT,F I,45,92.19
2025-11-13,9:47:56.969597535,T,TGT,F I,30,92.19
2025-11-13,9:48:01.300516173,T,TGT,F I,21,92.21
2025-11-13,9:48:01.300516173,T,TGT,F I,5,92.21
2025-11-13,9:48:01.300518553,T,TGT,F I,8,92.21
2025-11-13,9:48:01.892505919,T,TGT,F I,43,92.27
2025-11-13,9:48:02.051759320,T,TGT,F I,76,92.31
2025-11-13,9:48:02.051816466,T,TGT,I,29,92.28
2025-11-13,9:48:02.052150586,T,TGT,F I,29,92.31
2025-11-13,9:48:02.052201851,T,TGT,I,9,92.28
2025-11-13,9:48:02.052204416,T,TGT,I,20,92.28
2025-11-13,9:48:02.052330685,T,TGT,I,37,92.28
2025-11-13,9:48:02.052330685,T,TGT,I,20,92.28
2025-11-13,9:48:02.052339739,T,TGT,F I,6,92.31
2025-11-13,9:48:02.052345724,T,TGT,I,37,92.29
2025-11-13,9:48:02.052360747,T,TGT,F I,6,92.29
2025-11-13,9:48:02.052363777,T,TGT,F I,3,92.3
2025-11-13,9:48:02.062239367,T,TGT,F I,75,92.28
2025-11-13,9:48:02.062293401,T,TGT,F I,25,92.28
2025-11-13,9:48:11.221087611,T,TGT,F I,70,92.25
2025-11-13,9:48:11.221105710,T,TGT,F I,60,92.23
2025-11-13,9:48:11.221108745,T,TGT,F I,6,92.23
2025-11-13,9:48:11.221659062,T,TGT,F I,10,92.24
2025-11-13,9:48:11.221662027,T,TGT,F I,31,92.24
2025-11-13,9:48:11.221701142,T,TGT,I,75,92.25
2025-11-13,9:48:11.221710859,T,TGT,I,25,92.24
2025-11-13,9:48:11.221746734,T,TGT,F,175,92.24
2025-11-13,9:48:18.221621946,T,TGT,I,10,92.27
2025-11-13,9:48:18.295108005,T,TGT,I,2,92.29
2025-11-13,9:48:18.295108005,T,TGT,I,8,92.29
2025-11-13,9:48:18.302249952,T,TGT,F I,70,92.28
2025-11-13,9:48:25.951426562,T,TGT,I,75,92.305
2025-11-13,9:48:25.951483778,T,TGT,I,25,92.305
2025-11-13,9:48:28.536457260,T,TGT,F I,2,92.29
2025-11-13,9:48:28.537103793,T,TGT,I,14,92.3
2025-11-13,9:48:28.537278227,T,TGT,I,50,92.31
2025-11-13,9:48:28.610090668,T,TGT,I,33,92.31
2025-11-13,9:48:32.038333222,T,TGT,F I,1,92.26
2025-11-13,9:48:32.038336309,T,TGT,F,100,92.26
2025-11-13,9:48:32.038339703,T,TGT,F,100,92.26
2025-11-13,9:48:32.038339703,T,TGT,F I,36,92.26
2025-11-13,9:48:32.039057952,T,TGT,F,100,92.28
2025-11-13,9:48:32.039061159,T,TGT,F I,10,92.28
2025-11-13,9:48:32.039064021,T,TGT,F I,6,92.28
2025-11-13,9:48:32.039067360,T,TGT,F I,75,92.28
2025-11-13,9:48:32.039109146,T,TGT,F,100,92.29
2025-11-13,9:48:32.039109146,T,TGT,F,400,92.3
2025-11-13,9:48:32.039115121,T,TGT,F I,96,92.3
2025-11-13,9:48:32.039115121,T,TGT,F I,6,92.3
2025-11-13,9:48:32.039220431,T,TGT,F I,12,92.31
2025-11-13,9:48:32.039223324,T,TGT,F I,23,92.31
2025-11-13,9:48:32.039227341,T,TGT,F I,49,92.31
2025-11-13,9:48:32.039253460,T,TGT,F I,2,92.31
2025-11-13,9:48:32.039253460,T,TGT,F I,1,92.31
2025-11-13,9:48:32.039451949,T,TGT,F,400,92.32
2025-11-13,9:48:32.039454900,T,TGT,F I,12,92.32
2025-11-13,9:48:32.039987431,T,TGT,F I,3,92.32
2025-11-13,9:48:32.039987431,T,TGT,F I,1,92.32
2025-11-13,9:48:32.039990223,T,TGT,F I,1,92.32
2025-11-13,9:48:32.040008219,T,TGT,F I,95,92.32
2025-11-13,9:48:32.040396187,T,TGT,F I,12,92.33
2025-11-13,9:48:32.040399162,T,TGT,F I,12,92.34
2025-11-13,9:48:32.040895648,T,TGT,F I,1,92.34
2025-11-13,9:48:32.040898340,T,TGT,F I,17,92.34
2025-11-13,9:48:32.040898340,T,TGT,F I,12,92.34
2025-11-13,9:48:32.040916380,T,TGT,F I,22,92.34
2025-11-13,9:48:32.040958531,T,TGT,F I,6,92.34
2025-11-13,9:48:32.041087801,T,TGT,F I,18,92.34
2025-11-13,9:48:32.041262251,T,TGT,F I,5,92.34
2025-11-13,9:48:32.041307547,T,TGT,F I,1,92.34
2025-11-13,9:48:32.041364495,T,TGT,F I,52,92.34
2025-11-13,9:48:32.041409555,T,TGT,F,267,92.34
2025-11-13,9:48:32.041412842,T,TGT,F I,6,92.34
2025-11-13,9:48:32.041412842,T,TGT,F I,21,92.34
2025-11-13,9:48:32.041722490,T,TGT,F,100,92.33
2025-11-13,9:48:32.041722490,T,TGT,F,109,92.34
2025-11-13,9:48:32.041725853,T,TGT,F I,64,92.34
2025-11-13,9:48:32.041728380,T,TGT,F I,9,92.34
2025-11-13,9:48:32.041731391,T,TGT,F I,6,92.34
2025-11-13,9:48:32.041938834,T,TGT,F I,6,92.33
2025-11-13,9:48:32.042444078,T,TGT,I,5,92.34
2025-11-13,9:48:32.042447053,T,TGT,I,99,92.34
2025-11-13,9:48:32.042934203,T,TGT,I,34,92.34
2025-11-13,9:48:32.042973304,T,TGT,I,66,92.34
2025-11-13,9:48:32.042973304,T,TGT,I,6,92.34
2025-11-13,9:48:32.042976258,T,TGT,I,30,92.35
2025-11-13,9:48:32.042976258,T,TGT,I,6,92.35
2025-11-13,9:48:32.043556689,T,TGT,F I,69,92.34
2025-11-13,9:48:32.583739633,T,TGT,I,6,92.39
2025-11-13,9:48:40.924137422,T,TGT,F I,29,92.38
2025-11-13,9:48:40.924140132,T,TGT,F I,28,92.38
2025-11-13,9:48:40.924143030,T,TGT,F I,28,92.38
2025-11-13,9:48:40.924152051,T,TGT,F I,75,92.38
2025-11-13,9:48:40.924167976,T,TGT,F,100,92.37
2025-11-13,9:48:40.924167976,T,TGT,F I,42,92.37
2025-11-13,9:48:40.924173060,T,TGT,F I,21,92.37
2025-11-13,9:48:40.924173060,T,TGT,I,13,92.37
2025-11-13,9:48:40.924203740,T,TGT,I,7,92.37
2025-11-13,9:48:40.924206123,T,TGT,I,7,92.37
2025-11-13,9:48:40.924209144,T,TGT,I,7,92.37
2025-11-13,9:48:40.924212233,T,TGT,I,4,92.37
2025-11-13,9:48:40.924218235,T,TGT,I,9,92.37
2025-11-13,9:48:40.935997308,T,TGT,I,60,92.39
2025-11-13,9:48:40.935997308,T,TGT,I,2,92.39
2025-11-13,9:48:40.998350803,T,TGT,F I,13,92.38
2025-11-13,9:48:41.454134683,T,TGT,F,176,92.36
2025-11-13,9:48:41.454152775,T,TGT,I,1,92.36
2025-11-13,9:48:41.454230871,T,TGT,I,23,92.36
2025-11-13,9:48:41.454233891,T,TGT,I,84,92.36
2025-11-13,9:48:41.454236899,T,TGT,F,114,92.36
2025-11-13,9:48:41.454239949,T,TGT,,102,92.36
2025-11-13,9:48:41.454239949,T,TGT,,200,92.36
2025-11-13,9:48:41.454242928,T,TGT,I,75,92.36
2025-11-13,9:48:41.847983062,T,TGT,F I,13,92.37
2025-11-13,9:48:49.025016746,T,TGT,F I,11,92.43
2025-11-13,9:48:49.035310296,T,TGT,I,1,92.44
2025-11-13,9:48:49.035364476,T,TGT,F I,13,92.45
2025-11-13,9:48:49.037069470,T,TGT,F I,1,92.48
2025-11-13,9:48:49.046415794,T,TGT,I,27,92.45
2025-11-13,9:48:49.046415794,T,TGT,I,26,92.45
2025-11-13,9:48:49.046418733,T,TGT,I,6,92.45
2025-11-13,9:48:49.046942131,T,TGT,F I,21,92.43
2025-11-13,9:48:49.046942131,T,TGT,F I,45,92.43
2025-11-13,9:48:49.063640758,T,TGT,I,27,92.45
2025-11-13,9:48:49.641217827,T,TGT,F I,75,92.41
2025-11-13,9:48:49.641262976,T,TGT,F I,25,92.41
2025-11-13,9:48:50.755038420,T,TGT,I,1,92.39
2025-11-13,9:48:51.662844149,T,TGT,I,26,92.44
2025-11-13,9:48:54.458873028,T,TGT,I,75,92.4
2025-11-13,9:48:54.458873028,T,TGT,I,12,92.39
2025-11-13,9:48:54.458986760,T,TGT,I,13,92.37
2025-11-13,9:48:57.114673539,T,TGT,I,1,92.44
2025-11-13,9:48:57.114676630,T,TGT,I,6,92.44
2025-11-13,9:49:03.293063942,T,TGT,F I,24,92.39
2025-11-13,9:49:03.293063942,T,TGT,F I,15,92.39
2025-11-13,9:49:03.293067013,T,TGT,F I,1,92.39
2025-11-13,9:49:03.293070214,T,TGT,F I,58,92.39
2025-11-13,9:49:03.293070214,T,TGT,F I,6,92.39
2025-11-13,9:49:03.293072943,T,TGT,F I,39,92.39
2025-11-13,9:49:03.293072943,T,TGT,F I,1,92.39
2025-11-13,9:49:05.450316399,T,TGT,I,1,92.385
2025-11-13,9:49:18.291016277,T,TGT,F I,30,92.37
2025-11-13,9:49:27.770190607,T,TGT,I,20,92.35
2025-11-13,9:49:27.770193386,T,TGT,I,22,92.35
2025-11-13,9:49:27.770193386,T,TGT,I,1,92.35
2025-11-13,9:49:27.770957383,T,TGT,F I,10,92.33
2025-11-13,9:49:27.770957383,T,TGT,F I,15,92.33
2025-11-13,9:49:27.770960740,T,TGT,F I,23,92.33
2025-11-13,9:49:27.770981357,T,TGT,F I,48,92.33
2025-11-13,9:49:27.771056448,T,TGT,F I,48,92.33
2025-11-13,9:49:27.771351166,T,TGT,F I,4,92.33
2025-11-13,9:49:27.771591860,T,TGT,,122,92.32
2025-11-13,9:49:27.771594772,T,TGT,,100,92.32
2025-11-13,9:49:27.772460884,T,TGT,F I,4,92.33
2025-11-13,9:49:27.772469962,T,TGT,F I,10,92.34
2025-11-13,9:49:27.772469962,T,TGT,F I,10,92.34
2025-11-13,9:49:27.772493896,T,TGT,F I,7,92.35
2025-11-13,9:49:27.772496913,T,TGT,F I,2,92.35
2025-11-13,9:49:27.772499936,T,TGT,F I,1,92.35
2025-11-13,9:49:27.807768009,T,TGT,I,18,92.36
2025-11-13,9:49:27.807770983,T,TGT,I,75,92.36
2025-11-13,9:49:28.922950819,T,TGT,,100,92.345
2025-11-13,9:49:29.634969065,T,TGT,I,5,92.37
2025-11-13,9:49:29.634972138,T,TGT,I,8,92.37
2025-11-13,9:49:30.761912937,T,TGT,I,1,92.37
2025-11-13,9:49:33.449452017,T,TGT,F I,17,92.37
2025-11-13,9:49:33.449452017,T,TGT,F I,6,92.35
2025-11-13,9:49:33.449454760,T,TGT,F I,9,92.35
2025-11-13,9:49:33.449470263,T,TGT,F I,14,92.35
2025-11-13,9:49:33.449473822,T,TGT,F I,1,92.35
2025-11-13,9:49:33.449473822,T,TGT,F I,1,92.35
2025-11-13,9:49:33.449478739,T,TGT,F I,1,92.35
2025-11-13,9:49:33.449494016,T,TGT,I,9,92.35
2025-11-13,9:49:33.449544999,T,TGT,I,6,92.37
2025-11-13,9:49:33.449544999,T,TGT,I,6,92.37
2025-11-13,9:49:33.449565966,T,TGT,F I,9,92.35
2025-11-13,9:49:33.449605073,T,TGT,F I,75,92.36
2025-11-13,9:49:33.449617148,T,TGT,F I,25,92.36
2025-11-13,9:49:33.450338834,T,TGT,F I,6,92.35
2025-11-13,9:49:33.450342503,T,TGT,F I,62,92.35
2025-11-13,9:49:33.450408444,T,TGT,F,100,92.35
2025-11-13,9:49:33.450462163,T,TGT,F I,31,92.35
2025-11-13,9:49:33.450465152,T,TGT,F,100,92.35
2025-11-13,9:49:33.450795908,T,TGT,,269,92.35
2025-11-13,9:49:33.451346234,T,TGT,F I,10,92.36
2025-11-13,9:49:33.451379343,T,TGT,F I,33,92.35
2025-11-13,9:49:33.452861873,T,TGT,I,1,92.35
2025-11-13,9:49:33.456383242,T,TGT,I,70,92.36
2025-11-13,9:49:35.238870912,T,TGT,F I,31,92.35
2025-11-13,9:49:35.238870912,T,TGT,F I,25,92.35
2025-11-13,9:49:35.238873862,T,TGT,F I,1,92.35
2025-11-13,9:49:35.239282986,T,TGT,F I,27,92.33
2025-11-13,9:49:35.239285893,T,TGT,F I,26,92.33
2025-11-13,9:49:35.241664573,T,TGT,I,32,92.355
2025-11-13,9:49:35.244347298,T,TGT,I,21,92.36
2025-11-13,9:49:35.244347298,T,TGT,I,11,92.36
2025-11-13,9:49:35.244425140,T,TGT,F I,9,92.36
2025-11-13,9:49:35.244431329,T,TGT,F,131,92.36
2025-11-13,9:49:35.244431329,T,TGT,F I,3,92.36
2025-11-13,9:49:35.244431329,T,TGT,F I,1,92.36
2025-11-13,9:49:35.244443102,T,TGT,F I,1,92.36
2025-11-13,9:49:35.244449134,T,TGT,I,1,92.36
2025-11-13,9:49:35.244458208,T,TGT,F,254,92.36
2025-11-13,9:49:35.244458208,T,TGT,F I,10,92.36
2025-11-13,9:49:35.271883549,T,TGT,I,26,92.37
2025-11-13,9:49:35.491144905,T,TGT,F I,50,92.35
2025-11-13,9:49:35.491165950,T,TGT,F I,3,92.35
2025-11-13,9:49:37.335986385,T,TGT,I,50,92.38
2025-11-13,9:49:37.335986385,T,TGT,I,63,92.39
2025-11-13,9:49:37.337119757,T,TGT,I,65,92.39
2025-11-13,9:49:37.534335568,T,TGT,I,30,92.39
2025-11-13,9:49:38.038886587,T,TGT,I,70,92.39
2025-11-13,9:49:38.038890059,T,TGT,,438,92.4
2025-11-13,9:49:38.038911471,T,TGT,I,1,92.4
2025-11-13,9:49:38.038913712,T,TGT,I,61,92.4
2025-11-13,9:49:38.038917601,T,TGT,I,4,92.4
2025-11-13,9:49:38.038917601,T,TGT,I,3,92.4
2025-11-13,9:49:38.038919713,T,TGT,I,1,92.4
2025-11-13,9:49:38.041620227,T,TGT,F I,7,92.41
2025-11-13,9:49:41.323669295,T,TGT,I,8,92.43
2025-11-13,9:49:41.372295150,T,TGT,I,59,92.43
2025-11-13,9:49:43.056794875,T,TGT,I,25,92.43
2025-11-13,9:49:44.066497841,T,TGT,I,4,92.44
2025-11-13,9:49:44.066558464,T,TGT,I,8,92.45
2025-11-13,9:49:50.099010909,T,TGT,I,6,92.45
2025-11-13,9:49:50.134218730,T,TGT,I,30,92.46
2025-11-13,9:49:50.134245888,T,TGT,F I,20,92.46
2025-11-13,9:49:50.145083611,T,TGT,I,82,92.45
2025-11-13,9:49:53.503325395,T,TGT,I,1,92.47
2025-11-13,9:49:55.834659789,T,TGT,I,25,92.43
2025-11-13,9:49:55.834659789,T,TGT,I,8,92.43
2025-11-13,9:49:55.834662514,T,TGT,I,10,92.43
2025-11-13,9:49:56.238025506,T,TGT,I,3,92.46
2025-11-13,9:49:56.797881428,T,TGT,I,3,92.47
2025-11-13,9:49:56.871126893,T,TGT,I,1,92.47
2025-11-13,9:49:59.481958954,T,TGT,F I,3,92.48
2025-11-13,9:49:59.482316836,T,TGT,I,1,92.49
2025-11-13,9:49:59.482319851,T,TGT,I,7,92.49
2025-11-13,9:49:59.483552856,T,TGT,I,86,92.49
2025-11-13,9:49:59.483700144,T,TGT,I,35,92.49
2025-11-13,9:50:00.783288187,T,TGT,I,1,92.455
2025-11-13,9:50:03.294923016,T,TGT,I,3,92.5
2025-11-13,9:50:03.294928897,T,TGT,I,5,92.5
2025-11-13,9:50:03.294931979,T,TGT,,109,92.5
2025-11-13,9:50:03.294944162,T,TGT,I,1,92.5
2025-11-13,9:50:03.294952941,T,TGT,F,140,92.5
2025-11-13,9:50:03.294952941,T,TGT,F,100,92.5
2025-11-13,9:50:03.294956033,T,TGT,F I,1,92.5
2025-11-13,9:50:03.294956033,T,TGT,F I,10,92.5
2025-11-13,9:50:03.294959026,T,TGT,F I,1,92.5
2025-11-13,9:50:03.294961953,T,TGT,F,252,92.5
2025-11-13,9:50:03.294965015,T,TGT,F I,10,92.5
2025-11-13,9:50:03.294992100,T,TGT,F I,37,92.5
2025-11-13,9:50:03.295801974,T,TGT,F I,4,92.53
2025-11-13,9:50:03.295804087,T,TGT,F I,1,92.53
2025-11-13,9:50:03.295813059,T,TGT,F I,1,92.53
2025-11-13,9:50:03.295864312,T,TGT,F I,1,92.53
2025-11-13,9:50:03.295867163,T,TGT,F I,1,92.53
2025-11-13,9:50:03.295933323,T,TGT,F I,8,92.53
2025-11-13,9:50:03.297466934,T,TGT,F I,4,92.53
2025-11-13,9:50:03.303956423,T,TGT,F I,1,92.53
2025-11-13,9:50:03.303956423,T,TGT,F I,6,92.53
2025-11-13,9:50:03.622469276,T,TGT,I,1,92.53
2025-11-13,9:50:04.956143731,T,TGT,I,25,92.53
2025-11-13,9:50:05.509028849,T,TGT,,100,92.54
2025-11-13,9:50:08.819727186,T,TGT,I,1,92.52
2025-11-13,9:50:08.819745472,T,TGT,I,99,92.5
2025-11-13,9:50:11.336477036,T,TGT,I,3,92.5
2025-11-13,9:50:14.452341280,T,TGT,F I,75,92.5
2025-11-13,9:50:14.691732645,T,TGT,I,22,92.52
2025-11-13,9:50:17.471564372,T,TGT,F I,6,92.54
2025-11-13,9:50:20.003019163,T,TGT,F I,5,92.55
2025-11-13,9:50:20.003022178,T,TGT,F I,10,92.55
2025-11-13,9:50:27.377001182,T,TGT,I,75,92.55
2025-11-13,9:50:27.377022225,T,TGT,I,23,92.55
2025-11-13,9:50:30.791906906,T,TGT,I,24,92.53
2025-11-13,9:50:30.791946364,T,TGT,I,16,92.53
2025-11-13,9:50:30.791946364,T,TGT,I,10,92.53
2025-11-13,9:50:30.792683194,T,TGT,I,50,92.52
2025-11-13,9:50:30.792683194,T,TGT,I,21,92.52
2025-11-13,9:50:30.792703800,T,TGT,F I,24,92.52
2025-11-13,9:50:30.792703800,T,TGT,F I,74,92.52
2025-11-13,9:50:30.792706818,T,TGT,F I,1,92.52
2025-11-13,9:50:31.889130933,T,TGT,I,75,92.545
2025-11-13,9:50:31.889182045,T,TGT,I,25,92.545
2025-11-13,9:50:36.146755411,T,TGT,F I,1,92.5
2025-11-13,9:50:36.146812509,T,TGT,I,2,92.5
2025-11-13,9:50:36.146815557,T,TGT,I,17,92.5
2025-11-13,9:50:36.147374920,T,TGT,I,10,92.49
2025-11-13,9:50:40.625141823,T,TGT,,100,92.48
2025-11-13,9:50:40.625144755,T,TGT,I,13,92.48
2025-11-13,9:50:40.625156807,T,TGT,I,1,92.48
2025-11-13,9:50:40.625222992,T,TGT,F,137,92.48
2025-11-13,9:50:40.664388242,T,TGT,,100,92.49
2025-11-13,9:50:40.690084469,T,TGT,I,16,92.49
2025-11-13,9:50:42.664913489,T,TGT,,100,92.51
2025-11-13,9:50:42.664913489,T,TGT,I,10,92.52
2025-11-13,9:50:42.666242535,T,TGT,I,50,92.52
2025-11-13,9:50:42.666425956,T,TGT,I,49,92.52
2025-11-13,9:50:44.167752635,T,TGT,,100,92.55
2025-11-13,9:50:44.167755701,T,TGT,I,20,92.56
2025-11-13,9:50:44.167759495,T,TGT,I,6,92.56
2025-11-13,9:50:44.167759495,T,TGT,,100,92.56
2025-11-13,9:50:44.167764670,T,TGT,I,1,92.56
2025-11-13,9:50:44.167764670,T,TGT,I,50,92.56
2025-11-13,9:50:44.167785793,T,TGT,F I,75,92.56
2025-11-13,9:50:44.167815822,T,TGT,F I,10,92.56
2025-11-13,9:50:44.167818843,T,TGT,I,15,92.56
2025-11-13,9:50:44.173358063,T,TGT,,100,92.55
2025-11-13,9:50:44.174206160,T,TGT,I,19,92.53
2025-11-13,9:50:44.174209280,T,TGT,,100,92.53
2025-11-13,9:50:44.174209280,T,TGT,I,24,92.53
2025-11-13,9:50:44.174939783,T,TGT,F I,5,92.53
2025-11-13,9:50:44.174960887,T,TGT,F I,68,92.53
2025-11-13,9:50:44.175015010,T,TGT,I,33,92.52
2025-11-13,9:50:44.175039135,T,TGT,F I,5,92.52
2025-11-13,9:50:44.175039135,T,TGT,F,100,92.52
2025-11-13,9:50:44.175042001,T,TGT,F I,12,92.52
2025-11-13,9:50:44.178437551,T,TGT,I,9,92.52
2025-11-13,9:50:44.178437551,T,TGT,I,72,92.52
2025-11-13,9:50:44.178440163,T,TGT,I,24,92.52
2025-11-13,9:50:44.178443143,T,TGT,I,23,92.52
2025-11-13,9:50:44.178984424,T,TGT,F I,9,92.52
2025-11-13,9:50:45.270383593,T,TGT,I,75,92.525
2025-11-13,9:50:45.270639787,T,TGT,I,25,92.52
2025-11-13,9:50:45.270642293,T,TGT,I,75,92.52
2025-11-13,9:50:45.270645651,T,TGT,I,6,92.56
2025-11-13,9:50:45.270645651,T,TGT,I,20,92.56
2025-11-13,9:50:45.270649452,T,TGT,I,15,92.56
2025-11-13,9:50:45.270649452,T,TGT,I,24,92.56
2025-11-13,9:50:45.270651837,T,TGT,I,32,92.56
2025-11-13,9:50:45.270696374,T,TGT,F I,40,92.53
2025-11-13,9:50:45.276527296,T,TGT,I,19,92.55
2025-11-13,9:50:45.276530593,T,TGT,I,24,92.55
2025-11-13,9:50:45.276530593,T,TGT,I,24,92.55
2025-11-13,9:50:45.276533472,T,TGT,I,40,92.55
2025-11-13,9:50:45.276536241,T,TGT,I,6,92.55
2025-11-13,9:50:45.276548625,T,TGT,I,1,92.55
2025-11-13,9:50:45.276578355,T,TGT,F I,24,92.53
2025-11-13,9:50:45.293565821,T,TGT,I,18,92.53
2025-11-13,9:50:45.295054446,T,TGT,F I,6,92.49
2025-11-13,9:50:45.295054446,T,TGT,F I,19,92.49
2025-11-13,9:50:45.295057349,T,TGT,F I,42,92.49
2025-11-13,9:50:45.296007613,T,TGT,I,25,92.48
2025-11-13,9:50:45.296007613,T,TGT,I,24,92.48
2025-11-13,9:50:45.296010705,T,TGT,,100,92.48
2025-11-13,9:50:45.296010705,T,TGT,I,51,92.48
2025-11-13,9:50:45.296079878,T,TGT,F I,49,92.48
2025-11-13,9:50:45.302653722,T,TGT,I,10,92.52
2025-11-13,9:50:45.302653722,T,TGT,I,17,92.52
2025-11-13,9:50:45.302656570,T,TGT,I,23,92.52
2025-11-13,9:50:45.302656570,T,TGT,,127,92.53
2025-11-13,9:50:45.302660288,T,TGT,I,9,92.54
2025-11-13,9:50:45.302660288,T,TGT,I,19,92.54
2025-11-13,9:50:45.302662578,T,TGT,I,42,92.54
2025-11-13,9:50:45.302662578,T,TGT,I,35,92.54
2025-11-13,9:50:46.370025365,T,TGT,,127,92.58
2025-11-13,9:50:46.370025365,T,TGT,,100,92.59
2025-11-13,9:50:46.370028508,T,TGT,I,10,92.59
2025-11-13,9:50:46.370028508,T,TGT,I,10,92.59
2025-11-13,9:50:46.370031345,T,TGT,,300,92.59
2025-11-13,9:50:46.370107076,T,TGT,I,39,92.55
2025-11-13,9:50:46.370109658,T,TGT,,100,92.55
2025-11-13,9:50:46.370109658,T,TGT,I,62,92.55
2025-11-13,9:50:46.370127886,T,TGT,I,1,92.55
2025-11-13,9:50:46.375973524,T,TGT,I,67,92.57
2025-11-13,9:50:46.375973524,T,TGT,I,24,92.57
2025-11-13,9:50:46.375977266,T,TGT,I,23,92.57
2025-11-13,9:50:46.375977266,T,TGT,,200,92.57
2025-11-13,9:50:46.375979582,T,TGT,I,22,92.57
2025-11-13,9:50:46.375982534,T,TGT,,100,92.57
2025-11-13,9:50:46.566708936,T,TGT,I,25,92.54
2025-11-13,9:50:46.566711913,T,TGT,I,13,92.54
2025-11-13,9:50:48.173472932,T,TGT,F I,8,92.56
2025-11-13,9:50:48.173475981,T,TGT,F I,24,92.56
2025-11-13,9:50:48.173481952,T,TGT,F I,1,92.59
2025-11-13,9:50:48.173596296,T,TGT,I,40,92.56
2025-11-13,9:50:48.173596296,T,TGT,I,17,92.56
2025-11-13,9:50:48.178883667,T,TGT,I,19,92.58
2025-11-13,9:50:48.178885821,T,TGT,I,24,92.58
2025-11-13,9:50:48.178888874,T,TGT,I,24,92.58
2025-11-13,9:50:48.178888874,T,TGT,I,40,92.58
2025-11-13,9:50:48.178940008,T,TGT,I,24,92.56
2025-11-13,9:50:50.392703063,T,TGT,,100,92.56
2025-11-13,9:50:50.392706012,T,TGT,,210,92.55
2025-11-13,9:50:50.392718105,T,TGT,I,1,92.55
2025-11-13,9:50:50.392718105,T,TGT,F I,12,92.55
2025-11-13,9:50:50.400984804,T,TGT,I,40,92.59
2025-11-13,9:50:50.400988296,T,TGT,I,10,92.59
2025-11-13,9:50:50.400988296,T,TGT,I,50,92.6
2025-11-13,9:50:50.400990838,T,TGT,I,25,92.6
2025-11-13,9:50:50.400993792,T,TGT,I,1,92.6
2025-11-13,9:50:50.400996820,T,TGT,I,6,92.6
2025-11-13,9:50:50.400996820,T,TGT,I,42,92.6
2025-11-13,9:50:50.401018326,T,TGT,I,23,92.56
2025-11-13,9:50:50.401020932,T,TGT,I,2,92.55
2025-11-13,9:50:50.401036136,T,TGT,F I,23,92.57
2025-11-13,9:50:50.401041879,T,TGT,F I,19,92.57
2025-11-13,9:50:50.401243545,T,TGT,I,7,92.55
2025-11-13,9:50:50.401243545,T,TGT,I,19,92.55
2025-11-13,9:50:50.401246372,T,TGT,I,6,92.55
2025-11-13,9:50:50.401249428,T,TGT,I,10,92.55
2025-11-13,9:50:50.401294473,T,TGT,F I,9,92.54
2025-11-13,9:50:50.402164197,T,TGT,I,49,92.54
2025-11-13,9:50:50.402167101,T,TGT,I,23,92.54
2025-11-13,9:50:50.402171037,T,TGT,I,48,92.54
2025-11-13,9:50:50.402171037,T,TGT,,100,92.54
2025-11-13,9:50:50.402175636,T,TGT,I,24,92.54
2025-11-13,9:50:50.402175636,T,TGT,I,1,92.54
2025-11-13,9:50:50.402175636,T,TGT,I,23,92.54
2025-11-13,9:50:50.402178564,T,TGT,I,19,92.54
2025-11-13,9:50:52.863419257,T,TGT,F I,12,92.54
2025-11-13,9:50:53.059080541,T,TGT,F I,13,92.51
2025-11-13,9:50:53.060099859,T,TGT,I,30,92.52
2025-11-13,9:50:53.079871914,T,TGT,I,6,92.51
2025-11-13,9:50:53.080626725,T,TGT,F,100,92.5
2025-11-13,9:50:53.080629793,T,TGT,F I,4,92.5
2025-11-13,9:50:53.080635877,T,TGT,I,2,92.49
2025-11-13,9:50:53.084921082,T,TGT,,254,92.5
2025-11-13,9:50:53.084923923,T,TGT,I,75,92.5
2025-11-13,9:50:53.084930021,T,TGT,,100,92.5
2025-11-13,9:50:53.084975839,T,TGT,F I,90,92.5
2025-11-13,9:50:53.084978117,T,TGT,,110,92.5
2025-11-13,9:50:55.411942887,T,TGT,I,30,92.51
2025-11-13,9:51:04.737619504,T,TGT,I,3,92.47
2025-11-13,9:51:04.766551447,T,TGT,I,10,92.46
2025-11-13,9:51:04.785030486,T,TGT,I,1,92.5
2025-11-13,9:51:04.907233351,T,TGT,F I,75,92.46
2025-11-13,9:51:04.907238546,T,TGT,F I,65,92.45
2025-11-13,9:51:04.907253625,T,TGT,I,7,92.45
2025-11-13,9:51:04.907257032,T,TGT,I,3,92.45
2025-11-13,9:51:04.907257032,T,TGT,I,1,92.45
2025-11-13,9:51:04.907280722,T,TGT,F I,24,92.45
2025-11-13,9:51:04.907284341,T,TGT,F I,30,92.45
2025-11-13,9:51:04.907316818,T,TGT,F I,10,92.44
2025-11-13,9:51:04.907452317,T,TGT,F I,10,92.43
2025-11-13,9:51:04.907452317,T,TGT,F I,3,92.43
2025-11-13,9:51:04.907464099,T,TGT,F I,12,92.43
2025-11-13,9:51:04.908916635,T,TGT,F I,6,92.39
2025-11-13,9:51:04.908916635,T,TGT,F I,53,92.39
2025-11-13,9:51:05.233197105,T,TGT,I,13,92.34
2025-11-13,9:51:06.779706528,T,TGT,F I,30,92.34
2025-11-13,9:51:14.989595904,T,TGT,I,75,92.32
2025-11-13,9:51:14.989595904,T,TGT,I,75,92.32
2025-11-13,9:51:14.989598993,T,TGT,I,11,92.31
2025-11-13,9:51:21.643247872,T,TGT,I,25,92.325
2025-11-13,9:51:21.643250772,T,TGT,,200,92.325
2025-11-13,9:51:21.643254484,T,TGT,,100,92.33
2025-11-13,9:51:21.643254484,T,TGT,I,75,92.34
2025-11-13,9:51:21.643257915,T,TGT,I,13,92.35
2025-11-13,9:51:21.643257915,T,TGT,I,10,92.35
2025-11-13,9:51:21.643263721,T,TGT,I,20,92.36
2025-11-13,9:51:21.643263721,T,TGT,I,5,92.36
2025-11-13,9:51:21.643268924,T,TGT,,127,92.36
2025-11-13,9:51:21.643268924,T,TGT,I,10,92.37
2025-11-13,9:51:21.643271667,T,TGT,I,6,92.37
2025-11-13,9:51:21.643271667,T,TGT,,127,92.37
2025-11-13,9:51:21.643275082,T,TGT,I,20,92.38
2025-11-13,9:51:21.643275082,T,TGT,I,6,92.38
2025-11-13,9:51:21.643279752,T,TGT,,125,92.38
2025-11-13,9:51:21.643284477,T,TGT,,127,92.38
2025-11-13,9:51:21.643284477,T,TGT,I,10,92.39
2025-11-13,9:51:21.643290181,T,TGT,I,6,92.39
2025-11-13,9:51:21.643290181,T,TGT,I,7,92.39
2025-11-13,9:51:21.643290181,T,TGT,I,1,92.39
2025-11-13,9:51:21.643352961,T,TGT,F I,19,92.39
2025-11-13,9:51:21.643404013,T,TGT,F I,20,92.4
2025-11-13,9:51:21.643406990,T,TGT,F I,22,92.4
2025-11-13,9:51:21.643416031,T,TGT,I,71,92.34
2025-11-13,9:51:21.643432100,T,TGT,F I,78,92.4
2025-11-13,9:51:21.643437490,T,TGT,F I,6,92.4
2025-11-13,9:51:21.643437490,T,TGT,F I,36,92.4
2025-11-13,9:51:21.643440146,T,TGT,F I,64,92.4
2025-11-13,9:51:21.643443717,T,TGT,F I,19,92.4
2025-11-13,9:51:21.643455097,T,TGT,F,100,92.4
2025-11-13,9:51:21.643458147,T,TGT,F I,68,92.4
2025-11-13,9:51:21.643464271,T,TGT,F I,32,92.4
2025-11-13,9:51:21.643515268,T,TGT,,100,92.35
2025-11-13,9:51:21.643518244,T,TGT,,100,92.34
2025-11-13,9:51:21.643536283,T,TGT,I,1,92.35
2025-11-13,9:51:21.643560396,T,TGT,F I,50,92.38
2025-11-13,9:51:21.643566359,T,TGT,F I,19,92.38
2025-11-13,9:51:21.643587695,T,TGT,I,6,92.36
2025-11-13,9:51:21.643659612,T,TGT,I,23,92.37
2025-11-13,9:51:21.643680668,T,TGT,F I,6,92.39
2025-11-13,9:51:21.643708491,T,TGT,I,8,92.36
2025-11-13,9:51:21.643711714,T,TGT,I,15,92.36
2025-11-13,9:51:21.643714786,T,TGT,I,44,92.36
2025-11-13,9:51:21.643714786,T,TGT,F I,75,92.39
2025-11-13,9:51:21.643719820,T,TGT,F I,25,92.39
2025-11-13,9:51:21.643732740,T,TGT,F I,75,92.39
2025-11-13,9:51:21.643732740,T,TGT,F,105,92.39
2025-11-13,9:51:21.643738715,T,TGT,F,100,92.38
2025-11-13,9:51:21.643738715,T,TGT,F I,45,92.39
2025-11-13,9:51:21.643918313,T,TGT,F I,19,92.37
2025-11-13,9:51:21.643918313,T,TGT,F I,6,92.38
2025-11-13,9:51:21.643922732,T,TGT,F I,4,92.41
2025-11-13,9:51:21.643922732,T,TGT,F I,65,92.38
2025-11-13,9:51:21.643928438,T,TGT,I,8,92.35
2025-11-13,9:51:21.643928438,T,TGT,I,15,92.35
2025-11-13,9:51:21.643928438,T,TGT,I,14,92.35
2025-11-13,9:51:21.643933565,T,TGT,F I,90,92.37
2025-11-13,9:51:21.643933565,T,TGT,F I,10,92.37
2025-11-13,9:51:21.643933565,T,TGT,F I,19,92.38
2025-11-13,9:51:21.643940169,T,TGT,I,6,92.37
2025-11-13,9:51:21.643940169,T,TGT,,121,92.37
2025-11-13,9:51:21.643940169,T,TGT,F I,12,92.38
2025-11-13,9:51:21.643940169,T,TGT,F I,7,92.38
2025-11-13,9:51:21.643942608,T,TGT,F I,68,92.38
2025-11-13,9:51:21.643942608,T,TGT,F I,16,92.39
2025-11-13,9:51:21.643942608,T,TGT,F I,16,92.39
2025-11-13,9:51:21.643945709,T,TGT,F I,6,92.37
2025-11-13,9:51:21.643948321,T,TGT,F I,75,92.37
2025-11-13,9:51:21.643948321,T,TGT,I,75,92.37
2025-11-13,9:51:21.643951427,T,TGT,I,6,92.35
2025-11-13,9:51:21.643954378,T,TGT,F I,10,92.37
2025-11-13,9:51:21.643988226,T,TGT,F I,6,92.37
2025-11-13,9:51:21.644005408,T,TGT,F I,19,92.37
2025-11-13,9:51:21.644005408,T,TGT,F I,3,92.37
2025-11-13,9:51:21.644009747,T,TGT,F I,58,92.37
2025-11-13,9:51:21.644009747,T,TGT,F I,20,92.37
2025-11-13,9:51:21.644020623,T,TGT,F I,68,92.37
2025-11-13,9:51:21.644020623,T,TGT,F I,15,92.37
2025-11-13,9:51:21.644023539,T,TGT,F I,17,92.37
2025-11-13,9:51:21.644026820,T,TGT,I,58,92.37
2025-11-13,9:51:21.644026820,T,TGT,I,2,92.37
2025-11-13,9:51:21.644029936,T,TGT,I,15,92.37
2025-11-13,9:51:21.644074573,T,TGT,F I,14,92.39
2025-11-13,9:51:21.644098624,T,TGT,I,8,92.36
2025-11-13,9:51:21.644101840,T,TGT,I,19,92.36
2025-11-13,9:51:21.644116734,T,TGT,I,19,92.375
2025-11-13,9:51:21.644128777,T,TGT,F I,17,92.375
2025-11-13,9:51:21.644450560,T,TGT,I,19,92.38
2025-11-13,9:51:21.644682530,T,TGT,I,2,92.36
2025-11-13,9:51:21.644682530,T,TGT,I,2,92.36
2025-11-13,9:51:21.644685154,T,TGT,I,26,92.36
2025-11-13,9:51:21.644688038,T,TGT,I,15,92.36
2025-11-13,9:51:21.644721102,T,TGT,F I,19,92.38
2025-11-13,9:51:21.644721102,T,TGT,F I,11,92.38
2025-11-13,9:51:21.644880517,T,TGT,,100,92.36
2025-11-13,9:51:21.644961719,T,TGT,F I,19,92.38
2025-11-13,9:51:21.644976818,T,TGT,F I,13,92.38
2025-11-13,9:51:21.645024912,T,TGT,I,19,92.36
2025-11-13,9:51:21.645027930,T,TGT,I,5,92.36
2025-11-13,9:51:21.645286504,T,TGT,I,97,92.35
2025-11-13,9:51:21.645310582,T,TGT,I,2,92.36
2025-11-13,9:51:21.645337593,T,TGT,F I,3,92.36
2025-11-13,9:51:21.645385783,T,TGT,I,18,92.36
2025-11-13,9:51:21.646162010,T,TGT,I,14,92.36
2025-11-13,9:51:21.646218712,T,TGT,I,6,92.36
2025-11-13,9:51:21.646351052,T,TGT,I,3,92.35
2025-11-13,9:51:21.646411161,T,TGT,F I,2,92.36
2025-11-13,9:51:21.646570605,T,TGT,F I,4,92.37
2025-11-13,9:51:21.646570605,T,TGT,F I,2,92.37
2025-11-13,9:51:21.646613224,T,TGT,F I,4,92.37
2025-11-13,9:51:21.646667462,T,TGT,,100,92.37
2025-11-13,9:51:21.646684787,T,TGT,I,14,92.37
2025-11-13,9:51:21.646684787,T,TGT,I,2,92.37
2025-11-13,9:51:21.646760507,T,TGT,I,11,92.37
2025-11-13,9:51:21.646760507,T,TGT,I,20,92.37
2025-11-13,9:51:21.646763280,T,TGT,I,20,92.37
2025-11-13,9:51:21.646763280,T,TGT,I,12,92.37
2025-11-13,9:51:21.646766019,T,TGT,I,10,92.37
2025-11-13,9:51:21.646838144,T,TGT,I,18,92.37
2025-11-13,9:51:21.646952440,T,TGT,I,6,92.36
2025-11-13,9:51:21.647632145,T,TGT,I,75,92.355
2025-11-13,9:51:21.648880103,T,TGT,I,63,92.34
2025-11-13,9:51:21.648943175,T,TGT,I,2,92.35
2025-11-13,9:51:21.649009409,T,TGT,F I,46,92.36
2025-11-13,9:51:21.649475541,T,TGT,,100,92.35
2025-11-13,9:51:21.653541215,T,TGT,I,2,92.36
2025-11-13,9:51:21.653541215,T,TGT,,100,92.37
2025-11-13,9:51:21.653544221,T,TGT,I,8,92.37
2025-11-13,9:51:21.653544221,T,TGT,I,19,92.37
2025-11-13,9:51:21.653646445,T,TGT,I,5,92.355
2025-11-13,9:51:21.763263627,T,TGT,F I,28,92.38
2025-11-13,9:51:21.763266601,T,TGT,F I,6,92.38
2025-11-13,9:51:21.763296965,T,TGT,I,8,92.38
2025-11-13,9:51:21.763296965,T,TGT,I,8,92.38
2025-11-13,9:51:21.763299785,T,TGT,I,8,92.38
2025-11-13,9:51:21.763302651,T,TGT,I,5,92.38
2025-11-13,9:51:21.763495079,T,TGT,F I,9,92.37
2025-11-13,9:51:21.763501577,T,TGT,F I,7,92.37
2025-11-13,9:51:22.912737208,T,TGT,I,71,92.38
2025-11-13,9:51:22.912737208,T,TGT,I,19,92.38
2025-11-13,9:51:22.912740111,T,TGT,I,10,92.41
2025-11-13,9:51:23.918017106,T,TGT,I,34,92.41
2025-11-13,9:51:23.964486809,T,TGT,F I,20,92.42
2025-11-13,9:51:23.999574330,T,TGT,I,65,92.42
2025-11-13,9:51:23.999577353,T,TGT,I,11,92.42
2025-11-13,9:51:23.999580385,T,TGT,,124,92.4
2025-11-13,9:51:23.999658614,T,TGT,I,76,92.4
2025-11-13,9:51:24.003029553,T,TGT,I,3,92.41
2025-11-13,9:51:24.581310242,T,TGT,I,16,92.43
2025-11-13,9:51:25.448441172,T,TGT,I,6,92.43
2025-11-13,9:51:25.632338414,T,TGT,F I,1,92.415
2025-11-13,9:51:25.809306912,T,TGT,F I,6,92.43
2025-11-13,9:51:25.974201747,T,TGT,I,6,92.43
2025-11-13,9:51:27.598233246,T,TGT,I,35,92.38
2025-11-13,9:51:27.598233246,T,TGT,I,20,92.38
2025-11-13,9:51:27.598239011,T,TGT,,100,92.38
