DATE,TIME_M,EX,SYM_ROOT,TR_SCOND,SIZE,PRICE
2025-10-01,9:30:01.222541935,T,TGT,I,1,89.36
2025-10-01,9:30:01.222553974,T,TGT,Q,1,89.36
2025-10-01,9:30:05.929587122,T,TGT,F I,1,89.4
2025-10-01,9:30:05.929920907,T,TGT,F,100,89.35
2025-10-01,9:30:05.929920907,T,TGT,F,100,89.35
2025-10-01,9:30:07.346583915,T,TGT,I,4,89.375
2025-10-01,9:30:07.346599111,T,TGT,F I,2,89.36
2025-10-01,9:30:07.346650119,T,TGT,F,100,89.36
2025-10-01,9:30:07.346683191,T,TGT,I,25,89.36
2025-10-01,9:30:07.347104164,T,TGT,F,100,89.36
2025-10-01,9:30:07.985889038,T,TGT,F I,1,89.4
2025-10-01,9:30:10.049681943,T,TGT,F I,1,89.32
2025-10-01,9:30:10.058980153,T,TGT,,100,89.335
2025-10-01,9:30:10.059007141,T,TGT,F,100,89.335
2025-10-01,9:30:10.089370531,T,TGT,,200,89.34
2025-10-01,9:30:11.277991650,T,TGT,F I,1,89.29
2025-10-01,9:30:11.277994375,T,TGT,F I,1,89.29
2025-10-01,9:30:11.278003371,T,TGT,F I,62,89.28
2025-10-01,9:30:11.278039494,T,TGT,F I,38,89.28
2025-10-01,9:30:11.278048513,T,TGT,F I,10,89.27
2025-10-01,9:30:11.279582076,T,TGT,F I,30,89.19
2025-10-01,9:30:11.279582076,T,TGT,F I,25,89.19
2025-10-01,9:30:11.279585309,T,TGT,F,100,89.19
2025-10-01,9:30:11.279585309,T,TGT,F I,1,89.19
2025-10-01,9:30:11.279612182,T,TGT,F I,1,89.2
2025-10-01,9:30:11.432716007,T,TGT,I,1,89.23
2025-10-01,9:30:11.811742860,T,TGT,F I,1,89.1
2025-10-01,9:30:11.811742860,T,TGT,F,100,89.1
2025-10-01,9:30:11.812117911,T,TGT,,100,89.14
2025-10-01,9:30:11.812141939,T,TGT,I,25,89.14
2025-10-01,9:30:11.812141939,T,TGT,I,25,89.14
2025-10-01,9:30:11.812268271,T,TGT,F I,25,89.1
2025-10-01,9:30:11.812271205,T,TGT,F,100,89.1
2025-10-01,9:30:11.812313287,T,TGT,F I,10,89.11
2025-10-01,9:30:11.812523780,T,TGT,I,57,89.115
2025-10-01,9:30:11.812547886,T,TGT,F I,30,89.115
2025-10-01,9:30:11.813335747,T,TGT,F,100,89.14
2025-10-01,9:30:11.814978035,T,TGT,F,100,89.16
2025-10-01,9:30:14.019662246,T,TGT,F,100,89.24
2025-10-01,9:30:21.098049290,T,TGT,F I,4,89.22
2025-10-01,9:30:22.461368375,T,TGT,F I,50,89.16
2025-10-01,9:30:22.461374194,T,TGT,F,100,89.15
2025-10-01,9:30:22.461374194,T,TGT,F I,30,89.14
2025-10-01,9:30:22.461377370,T,TGT,F,100,89.14
2025-10-01,9:30:22.461377370,T,TGT,F I,1,89.14
2025-10-01,9:30:22.461380198,T,TGT,F,150,89.14
2025-10-01,9:30:22.461380198,T,TGT,F,150,89.14
2025-10-01,9:30:22.461383227,T,TGT,F,281,89.14
2025-10-01,9:30:22.461446402,T,TGT,F I,8,89.14
2025-10-01,9:30:22.461476451,T,TGT,F I,92,89.14
2025-10-01,9:30:22.461476451,T,TGT,F I,8,89.14
2025-10-01,9:30:22.461476451,T,TGT,,100,89.14
2025-10-01,9:30:22.461479465,T,TGT,F I,30,89.14
2025-10-01,9:30:22.461954568,T,TGT,,100,89.15
2025-10-01,9:30:22.461972616,T,TGT,F,1004,89.15
2025-10-01,9:30:22.461996664,T,TGT,I,1,89.15
2025-10-01,9:30:22.462011801,T,TGT,I,99,89.15
2025-10-01,9:30:22.462384624,T,TGT,F I,4,89.16
2025-10-01,9:30:22.462387642,T,TGT,F I,1,89.16
2025-10-01,9:30:24.434705632,T,TGT,F,100,89.05
2025-10-01,9:30:24.434708719,T,TGT,F I,1,89.05
2025-10-01,9:30:24.435156901,T,TGT,F I,6,89.02
2025-10-01,9:30:24.435156901,T,TGT,F I,3,89.02
2025-10-01,9:30:24.435258981,T,TGT,F I,2,89.02
2025-10-01,9:30:24.435373204,T,TGT,F I,4,89.02
2025-10-01,9:30:24.435382222,T,TGT,F I,2,89.02
2025-10-01,9:30:24.436212509,T,TGT,F,100,89.03
2025-10-01,9:30:24.436212509,T,TGT,F,116,89.02
2025-10-01,9:30:24.436215312,T,TGT,F I,2,89.02
2025-10-01,9:30:24.436218245,T,TGT,F I,50,89.02
2025-10-01,9:30:24.436236361,T,TGT,I,49,89.02
2025-10-01,9:30:24.436269347,T,TGT,I,1,89.02
2025-10-01,9:30:24.468301945,T,TGT,F,100,89.09
2025-10-01,9:30:24.468301945,T,TGT,F,100,89.1
2025-10-01,9:30:24.468322810,T,TGT,,100,89.1
2025-10-01,9:30:24.470355553,T,TGT,F I,45,89.06
2025-10-01,9:30:24.470358636,T,TGT,F,100,89.06
2025-10-01,9:30:24.472610966,T,TGT,F,100,89.06
2025-10-01,9:30:24.472613998,T,TGT,F,100,89.06
2025-10-01,9:30:24.472632600,T,TGT,I,39,89.06
2025-10-01,9:30:24.472635225,T,TGT,I,32,89.06
2025-10-01,9:30:24.472638011,T,TGT,I,2,89.06
2025-10-01,9:30:24.472686160,T,TGT,,100,89.03
2025-10-01,9:30:24.472989916,T,TGT,I,10,89.03
2025-10-01,9:30:24.473096131,T,TGT,F I,9,89.06
2025-10-01,9:30:24.473098251,T,TGT,F I,22,89.06
2025-10-01,9:30:24.473101459,T,TGT,F I,2,89.06
2025-10-01,9:30:24.473101459,T,TGT,F I,10,89.06
2025-10-01,9:30:24.473143581,T,TGT,F I,20,89.06
2025-10-01,9:30:24.487009266,T,TGT,F I,2,89.07
2025-10-01,9:30:24.493375402,T,TGT,F I,2,89.09
2025-10-01,9:30:24.497561554,T,TGT,F,100,89.11
2025-10-01,9:30:24.497564409,T,TGT,F I,2,89.11
2025-10-01,9:30:24.497567468,T,TGT,F,100,89.11
2025-10-01,9:30:24.497826311,T,TGT,,100,89.09
2025-10-01,9:30:30.127247749,T,TGT,,100,89.02
2025-10-01,9:30:30.127247749,T,TGT,I,1,89.01
2025-10-01,9:30:30.127249849,T,TGT,I,1,89.01
2025-10-01,9:30:30.127295608,T,TGT,I,99,89.01
2025-10-01,9:30:30.127295608,T,TGT,I,1,89.01
2025-10-01,9:30:30.127487382,T,TGT,F I,50,89.01
2025-10-01,9:30:30.127508509,T,TGT,I,50,89.01
2025-10-01,9:30:30.127649775,T,TGT,,100,89.01
2025-10-01,9:30:30.128043762,T,TGT,F I,6,89.0
2025-10-01,9:30:30.128047164,T,TGT,F I,2,89.0
2025-10-01,9:30:30.128047164,T,TGT,F I,5,89.0
2025-10-01,9:30:30.128050828,T,TGT,F I,35,89.0
2025-10-01,9:30:30.128053871,T,TGT,F I,1,89.0
2025-10-01,9:30:30.128053871,T,TGT,F I,1,89.0
2025-10-01,9:30:30.128055836,T,TGT,F I,10,89.0
2025-10-01,9:30:30.128059681,T,TGT,F I,1,89.0
2025-10-01,9:30:30.128059681,T,TGT,F I,5,89.0
2025-10-01,9:30:30.128062653,T,TGT,F I,1,89.0
2025-10-01,9:30:30.128062653,T,TGT,F I,10,89.0
2025-10-01,9:30:30.128064933,T,TGT,F I,5,89.0
2025-10-01,9:30:30.128067957,T,TGT,F I,20,89.0
2025-10-01,9:30:30.128067957,T,TGT,F I,1,89.0
2025-10-01,9:30:30.128071758,T,TGT,F I,20,89.0
2025-10-01,9:30:30.128071758,T,TGT,F I,1,89.0
2025-10-01,9:30:30.128076882,T,TGT,F I,1,89.0
2025-10-01,9:30:30.128076882,T,TGT,F I,5,89.0
2025-10-01,9:30:30.128080034,T,TGT,F I,5,89.0
2025-10-01,9:30:30.128080034,T,TGT,F I,3,89.0
2025-10-01,9:30:30.128085954,T,TGT,F I,1,89.0
2025-10-01,9:30:30.128085954,T,TGT,F I,10,89.0
2025-10-01,9:30:30.128085954,T,TGT,F I,30,89.0
2025-10-01,9:30:30.128089135,T,TGT,F I,50,89.0
2025-10-01,9:30:30.128089135,T,TGT,F I,20,89.0
2025-10-01,9:30:30.128093197,T,TGT,F I,67,89.0
2025-10-01,9:30:30.128093197,T,TGT,I,33,89.0
2025-10-01,9:30:30.128098216,T,TGT,I,86,89.0
2025-10-01,9:30:30.132587586,T,TGT,F,616,89.01
2025-10-01,9:30:30.132653795,T,TGT,F,100,89.01
2025-10-01,9:30:30.144526287,T,TGT,F,100,89.04
2025-10-01,9:30:30.144526287,T,TGT,F,100,89.05
2025-10-01,9:30:30.144529023,T,TGT,F,100,89.05
2025-10-01,9:30:30.144529023,T,TGT,F,100,89.05
2025-10-01,9:30:30.144649329,T,TGT,I,45,89.01
2025-10-01,9:30:30.168589327,T,TGT,I,3,88.97
2025-10-01,9:30:30.180518830,T,TGT,F I,50,88.98
2025-10-01,9:30:30.180518830,T,TGT,F I,91,89.01
2025-10-01,9:30:30.207420840,T,TGT,I,46,88.97
2025-10-01,9:30:30.419413909,T,TGT,I,20,89.04
2025-10-01,9:30:30.419879991,T,TGT,F I,25,89.04
2025-10-01,9:30:30.432786914,T,TGT,I,50,89.08
2025-10-01,9:30:30.432786914,T,TGT,I,25,89.09
2025-10-01,9:30:30.432789856,T,TGT,I,50,89.09
2025-10-01,9:30:30.432850805,T,TGT,F I,50,89.09
2025-10-01,9:30:30.440131093,T,TGT,F,100,89.09
2025-10-01,9:30:30.440131093,T,TGT,F I,1,89.09
2025-10-01,9:30:30.440133324,T,TGT,F I,24,89.09
2025-10-01,9:30:30.440136296,T,TGT,F,100,89.09
2025-10-01,9:30:30.521519182,T,TGT,F I,25,88.97
2025-10-01,9:30:30.521570378,T,TGT,F,117,89.05
2025-10-01,9:30:30.521579323,T,TGT,F I,10,89.06
2025-10-01,9:30:30.521598166,T,TGT,F I,90,89.06
2025-10-01,9:30:30.521603492,T,TGT,F I,57,89.06
2025-10-01,9:30:30.521606830,T,TGT,F I,1,89.05
2025-10-01,9:30:30.521619703,T,TGT,F I,99,89.05
2025-10-01,9:30:30.521643634,T,TGT,F I,23,89.06
2025-10-01,9:30:30.521645495,T,TGT,F I,20,89.06
2025-10-01,9:30:30.521681609,T,TGT,F I,43,89.05
2025-10-01,9:30:30.521838615,T,TGT,,100,89.04
2025-10-01,9:30:30.521838615,T,TGT,,117,89.04
2025-10-01,9:30:30.521840949,T,TGT,,100,89.04
2025-10-01,9:30:30.521867969,T,TGT,I,13,89.04
2025-10-01,9:30:30.521870991,T,TGT,I,12,89.04
2025-10-01,9:30:30.522117640,T,TGT,I,1,89.04
2025-10-01,9:30:30.522120639,T,TGT,I,9,89.04
2025-10-01,9:30:30.522124044,T,TGT,I,23,89.04
2025-10-01,9:30:30.522124044,T,TGT,I,40,89.02
2025-10-01,9:30:30.522126667,T,TGT,I,27,89.02
2025-10-01,9:30:30.522974608,T,TGT,F,100,89.05
2025-10-01,9:30:30.522998748,T,TGT,F I,45,89.06
2025-10-01,9:30:31.578672886,T,TGT,F I,45,89.03
2025-10-01,9:30:31.578726942,T,TGT,F I,1,89.02
2025-10-01,9:30:32.246672784,T,TGT,F I,98,89.055
2025-10-01,9:30:32.246675353,T,TGT,F I,2,89.08
2025-10-01,9:30:32.246735398,T,TGT,F I,98,89.08
2025-10-01,9:30:32.248545834,T,TGT,F,100,89.11
2025-10-01,9:30:32.248570021,T,TGT,I,1,89.11
2025-10-01,9:30:32.248584909,T,TGT,F I,99,89.11
2025-10-01,9:30:32.248705106,T,TGT,,100,89.04
2025-10-01,9:30:32.248726389,T,TGT,I,1,89.04
2025-10-01,9:30:32.251550153,T,TGT,,100,89.12
2025-10-01,9:30:32.251552923,T,TGT,I,25,89.12
2025-10-01,9:30:32.251552923,T,TGT,I,25,89.13
2025-10-01,9:30:32.252725717,T,TGT,I,43,89.15
2025-10-01,9:30:32.252728679,T,TGT,I,6,89.15
2025-10-01,9:30:32.253102238,T,TGT,F I,98,89.16
2025-10-01,9:30:32.253102238,T,TGT,F,100,89.16
2025-10-01,9:30:32.253155717,T,TGT,,127,89.13
2025-10-01,9:30:32.253165180,T,TGT,I,1,89.17
2025-10-01,9:30:32.253165180,T,TGT,I,1,89.17
2025-10-01,9:30:32.253916599,T,TGT,F I,86,89.12
2025-10-01,9:30:32.253940577,T,TGT,F I,2,89.12
2025-10-01,9:30:32.253952604,T,TGT,I,12,89.12
2025-10-01,9:30:32.254018906,T,TGT,F I,32,89.12
2025-10-01,9:30:32.254036814,T,TGT,F,368,89.12
2025-10-01,9:30:32.254064561,T,TGT,,100,89.12
2025-10-01,9:30:32.254068294,T,TGT,,100,89.12
2025-10-01,9:30:32.254068294,T,TGT,,100,89.12
2025-10-01,9:30:32.254072974,T,TGT,,100,89.12
2025-10-01,9:30:32.254072974,T,TGT,,100,89.12
2025-10-01,9:30:32.254093937,T,TGT,,100,89.12
2025-10-01,9:30:32.264658156,T,TGT,,125,89.15
2025-10-01,9:30:32.269728250,T,TGT,,125,89.15
2025-10-01,9:30:32.805367396,T,TGT,I,50,89.05
2025-10-01,9:30:33.869392353,T,TGT,F I,20,89.12
2025-10-01,9:30:33.869395584,T,TGT,F,100,89.12
2025-10-01,9:30:33.890349335,T,TGT,F I,4,89.22
2025-10-01,9:30:33.898481338,T,TGT,I,20,89.18
2025-10-01,9:30:33.898483712,T,TGT,I,20,89.18
2025-10-01,9:30:33.898486805,T,TGT,,120,89.18
2025-10-01,9:30:33.898486805,T,TGT,I,1,89.18
2025-10-01,9:30:33.898769922,T,TGT,,100,89.18
2025-10-01,9:30:33.898772863,T,TGT,,400,89.18
2025-10-01,9:30:33.899400828,T,TGT,F,100,89.22
2025-10-01,9:30:33.899650459,T,TGT,F I,8,89.22
2025-10-01,9:30:33.899698608,T,TGT,I,85,89.22
2025-10-01,9:30:33.899722671,T,TGT,F I,2,89.22
2025-10-01,9:30:33.899743706,T,TGT,F I,5,89.22
2025-10-01,9:30:33.900203827,T,TGT,F,100,89.22
2025-10-01,9:30:33.900203827,T,TGT,F I,75,89.22
2025-10-01,9:30:33.903532664,T,TGT,F,100,89.25
2025-10-01,9:30:33.903547746,T,TGT,F I,21,89.26
2025-10-01,9:30:33.904699465,T,TGT,I,75,89.26
2025-10-01,9:30:33.904699465,T,TGT,I,14,89.26
2025-10-01,9:30:33.904702555,T,TGT,I,11,89.26
2025-10-01,9:30:33.949127617,T,TGT,I,27,89.21
2025-10-01,9:30:33.949130851,T,TGT,I,94,89.21
2025-10-01,9:30:33.949130851,T,TGT,,100,89.21
2025-10-01,9:30:33.949133335,T,TGT,I,25,89.21
2025-10-01,9:30:33.949184517,T,TGT,F,100,89.21
2025-10-01,9:30:33.949199531,T,TGT,F,100,89.21
2025-10-01,9:30:33.949215149,T,TGT,F,100,89.21
2025-10-01,9:30:33.949226544,T,TGT,F I,72,89.23
2025-10-01,9:30:33.949238612,T,TGT,I,28,89.23
2025-10-01,9:30:33.953286359,T,TGT,F,121,89.24
2025-10-01,9:30:33.953289388,T,TGT,F I,72,89.24
2025-10-01,9:30:33.953289388,T,TGT,F I,7,89.24
2025-10-01,9:30:33.978300213,T,TGT,I,93,89.24
2025-10-01,9:30:33.978300213,T,TGT,I,28,89.24
2025-10-01,9:30:33.978302943,T,TGT,I,79,89.24
2025-10-01,9:30:33.979394435,T,TGT,F I,81,89.255
2025-10-01,9:30:33.979421544,T,TGT,F,100,89.255
2025-10-01,9:30:33.979469617,T,TGT,I,19,89.255
2025-10-01,9:30:33.979779360,T,TGT,F,100,89.27
2025-10-01,9:30:39.239180649,T,TGT,I,3,89.255
2025-10-01,9:30:39.814881209,T,TGT,F I,2,89.21
2025-10-01,9:30:54.982080432,T,TGT,F I,2,89.19
2025-10-01,9:30:54.982101466,T,TGT,F I,6,89.19
2025-10-01,9:31:00.671539636,T,TGT,F,100,89.18
2025-10-01,9:31:00.671539636,T,TGT,F I,1,89.18
2025-10-01,9:31:00.671542647,T,TGT,F,100,89.18
2025-10-01,9:31:00.671542647,T,TGT,F I,8,89.18
2025-10-01,9:31:00.671545370,T,TGT,F,100,89.18
2025-10-01,9:31:00.904290989,T,TGT,,100,89.14
2025-10-01,9:31:00.905581096,T,TGT,,100,89.14
2025-10-01,9:31:01.071110426,T,TGT,,100,89.14
2025-10-01,9:31:01.072400429,T,TGT,,100,89.14
2025-10-01,9:31:01.672985244,T,TGT,F,100,89.07
2025-10-01,9:31:01.673024489,T,TGT,F I,1,89.06
2025-10-01,9:31:01.673027393,T,TGT,F,100,89.06
2025-10-01,9:31:01.673033387,T,TGT,F,100,89.06
2025-10-01,9:31:01.673033387,T,TGT,F,100,89.06
2025-10-01,9:31:01.673033387,T,TGT,F,100,89.06
2025-10-01,9:31:06.430590044,T,TGT,I,5,89.075
2025-10-01,9:31:09.123063802,T,TGT,F I,13,89.05
2025-10-01,9:31:09.292180778,T,TGT,I,6,89.05
2025-10-01,9:31:09.525891773,T,TGT,F I,13,88.99
2025-10-01,9:31:09.525894999,T,TGT,F,100,88.99
2025-10-01,9:31:09.525897534,T,TGT,F,100,88.99
2025-10-01,9:31:09.526354717,T,TGT,F I,1,88.95
2025-10-01,9:31:17.122488169,T,TGT,F,100,88.91
2025-10-01,9:31:17.122533941,T,TGT,F I,1,88.9
2025-10-01,9:31:17.122536996,T,TGT,F I,50,88.9
2025-10-01,9:31:17.122638448,T,TGT,F I,20,88.89
2025-10-01,9:31:17.122641547,T,TGT,F I,9,88.89
2025-10-01,9:31:17.122641547,T,TGT,F I,10,88.89
2025-10-01,9:31:17.123230935,T,TGT,F I,10,88.88
2025-10-01,9:31:17.124899881,T,TGT,F I,1,88.86
2025-10-01,9:31:17.124899881,T,TGT,F I,1,88.85
2025-10-01,9:31:17.210340018,T,TGT,F I,10,88.8
2025-10-01,9:31:17.210342399,T,TGT,F I,10,88.8
2025-10-01,9:31:17.210345396,T,TGT,F I,25,88.8
2025-10-01,9:31:17.211178424,T,TGT,I,1,88.76
2025-10-01,9:31:17.211178424,T,TGT,I,25,88.76
2025-10-01,9:31:17.211307721,T,TGT,I,10,88.75
2025-10-01,9:31:17.211310770,T,TGT,I,35,88.75
2025-10-01,9:31:17.215063671,T,TGT,F I,90,88.7
2025-10-01,9:31:17.695278479,T,TGT,F I,1,88.68
2025-10-01,9:31:17.695278479,T,TGT,F I,10,88.65
2025-10-01,9:31:17.695280782,T,TGT,F I,10,88.65
2025-10-01,9:31:17.697253458,T,TGT,,100,88.685
2025-10-01,9:31:17.697668444,T,TGT,,100,88.685
2025-10-01,9:31:18.146980885,T,TGT,F,100,88.61
2025-10-01,9:31:18.147029007,T,TGT,F,162,88.61
2025-10-01,9:31:18.147047005,T,TGT,F,100,88.61
2025-10-01,9:31:18.147062103,T,TGT,F I,38,88.61
2025-10-01,9:31:18.147065051,T,TGT,F,124,88.6
2025-10-01,9:31:18.147125242,T,TGT,I,28,88.62
2025-10-01,9:31:18.147302589,T,TGT,,100,88.61
2025-10-01,9:31:18.147302589,T,TGT,I,23,88.61
2025-10-01,9:31:18.147306269,T,TGT,I,28,88.61
2025-10-01,9:31:18.147309208,T,TGT,I,2,88.61
2025-10-01,9:31:18.147477085,T,TGT,F I,19,88.61
2025-10-01,9:31:18.147495922,T,TGT,I,41,88.61
2025-10-01,9:31:18.147498102,T,TGT,I,2,88.61
2025-10-01,9:31:18.148289067,T,TGT,F I,3,88.61
2025-10-01,9:31:18.148289067,T,TGT,F I,3,88.61
2025-10-01,9:31:18.148291955,T,TGT,F I,28,88.61
2025-10-01,9:31:18.148310002,T,TGT,,108,88.61
2025-10-01,9:31:18.148313082,T,TGT,I,1,88.61
2025-10-01,9:31:18.148322049,T,TGT,I,56,88.61
2025-10-01,9:31:18.148322049,T,TGT,I,25,88.61
2025-10-01,9:31:18.149771483,T,TGT,F I,3,88.61
2025-10-01,9:31:18.149771483,T,TGT,F I,3,88.61
2025-10-01,9:31:18.149775149,T,TGT,F I,2,88.61
2025-10-01,9:31:18.149775149,T,TGT,F I,3,88.61
2025-10-01,9:31:18.149777555,T,TGT,F I,22,88.61
2025-10-01,9:31:18.156591790,T,TGT,F I,36,88.6
2025-10-01,9:31:18.156591790,T,TGT,F I,2,88.6
2025-10-01,9:31:18.156594745,T,TGT,F I,25,88.6
2025-10-01,9:31:18.156865382,T,TGT,F I,3,88.6
2025-10-01,9:31:18.156889455,T,TGT,I,1,88.6
2025-10-01,9:31:18.229852351,T,TGT,,100,88.66
2025-10-01,9:31:22.119261628,T,TGT,F I,50,88.64
2025-10-01,9:31:23.206992144,T,TGT,F I,1,88.6
2025-10-01,9:31:23.206992144,T,TGT,F I,2,88.6
2025-10-01,9:31:23.521060328,T,TGT,F I,6,88.66
2025-10-01,9:31:23.521063347,T,TGT,F,100,88.66
2025-10-01,9:31:23.521523472,T,TGT,,100,88.65
2025-10-01,9:31:23.522744376,T,TGT,F,100,88.62
2025-10-01,9:31:23.522744376,T,TGT,F I,2,88.62
2025-10-01,9:31:23.522747402,T,TGT,F,100,88.62
2025-10-01,9:31:23.522747402,T,TGT,F,100,88.62
2025-10-01,9:31:23.523956302,T,TGT,I,1,88.62
2025-10-01,9:31:23.523977244,T,TGT,I,1,88.62
2025-10-01,9:31:23.524019351,T,TGT,I,98,88.62
2025-10-01,9:31:23.524026184,T,TGT,,100,88.62
2025-10-01,9:31:23.524026184,T,TGT,,100,88.62
2025-10-01,9:31:23.524031935,T,TGT,,100,88.62
2025-10-01,9:31:23.524031935,T,TGT,,700,88.62
2025-10-01,9:31:23.524031935,T,TGT,,100,88.62
2025-10-01,9:31:23.524034631,T,TGT,I,2,88.62
2025-10-01,9:31:23.524034631,T,TGT,I,3,88.62
2025-10-01,9:31:23.524073568,T,TGT,,100,88.6
2025-10-01,9:31:23.524247902,T,TGT,F I,86,88.6
2025-10-01,9:31:23.524250923,T,TGT,F I,2,88.6
2025-10-01,9:31:23.524311087,T,TGT,F I,44,88.6
2025-10-01,9:31:23.524317376,T,TGT,F I,14,88.6
2025-10-01,9:31:23.524317376,T,TGT,I,2,88.6
2025-10-01,9:31:23.524320367,T,TGT,F I,5,88.6
2025-10-01,9:31:23.524323335,T,TGT,F I,2,88.6
2025-10-01,9:31:23.524329097,T,TGT,F,100,88.59
2025-10-01,9:31:23.524341180,T,TGT,F I,33,88.6
2025-10-01,9:31:23.524341180,T,TGT,F I,23,88.6
2025-10-01,9:31:23.524341180,T,TGT,F I,25,88.59
2025-10-01,9:31:23.524350202,T,TGT,I,75,88.59
2025-10-01,9:31:23.524377250,T,TGT,F I,28,88.58
2025-10-01,9:31:23.524380607,T,TGT,F I,25,88.58
2025-10-01,9:31:23.524386256,T,TGT,I,53,88.59
2025-10-01,9:31:23.524431381,T,TGT,F I,47,88.59
2025-10-01,9:31:23.524987742,T,TGT,I,57,88.57
2025-10-01,9:31:23.524990738,T,TGT,,100,88.57
2025-10-01,9:31:23.525790644,T,TGT,I,3,88.56
2025-10-01,9:31:23.526223651,T,TGT,F,100,88.56
2025-10-01,9:31:23.526238735,T,TGT,F I,23,88.56
2025-10-01,9:31:23.526238735,T,TGT,F I,38,88.56
2025-10-01,9:31:23.526245243,T,TGT,F,1335,88.56
2025-10-01,9:31:23.526247944,T,TGT,F I,77,88.56
2025-10-01,9:31:23.526247944,T,TGT,F I,15,88.57
2025-10-01,9:31:23.526292792,T,TGT,I,25,88.55
2025-10-01,9:31:23.526362057,T,TGT,F I,2,88.55
2025-10-01,9:31:23.526575513,T,TGT,F,100,88.57
2025-10-01,9:31:23.526623600,T,TGT,,100,88.56
2025-10-01,9:31:23.526701774,T,TGT,F I,2,88.56
2025-10-01,9:31:23.526725810,T,TGT,F I,3,88.56
2025-10-01,9:31:23.526746947,T,TGT,F I,16,88.56
2025-10-01,9:31:23.526912802,T,TGT,,100,88.56
2025-10-01,9:31:23.526912802,T,TGT,,100,88.56
2025-10-01,9:31:23.527083742,T,TGT,I,9,88.55
2025-10-01,9:31:23.527083742,T,TGT,,100,88.55
2025-10-01,9:31:23.527132413,T,TGT,F I,81,88.55
2025-10-01,9:31:23.527158828,T,TGT,F I,19,88.55
2025-10-01,9:31:23.527240039,T,TGT,I,1,88.56
2025-10-01,9:31:23.527345274,T,TGT,F I,1,88.56
2025-10-01,9:31:23.527694976,T,TGT,,100,88.56
2025-10-01,9:31:23.527694976,T,TGT,I,3,88.56
2025-10-01,9:31:23.527700181,T,TGT,,100,88.56
2025-10-01,9:31:23.527700181,T,TGT,I,1,88.56
2025-10-01,9:31:23.527700181,T,TGT,I,2,88.56
2025-10-01,9:31:23.527703307,T,TGT,,100,88.55
2025-10-01,9:31:23.527703307,T,TGT,,100,88.55
2025-10-01,9:31:23.530852145,T,TGT,F I,1,88.53
2025-10-01,9:31:23.530854688,T,TGT,F I,25,88.53
2025-10-01,9:31:23.532171821,T,TGT,F I,15,88.55
2025-10-01,9:31:23.532171821,T,TGT,F I,85,88.55
2025-10-01,9:31:23.532192956,T,TGT,I,1,88.55
2025-10-01,9:31:23.532971742,T,TGT,F I,15,88.55
2025-10-01,9:31:23.533004812,T,TGT,F I,2,88.55
2025-10-01,9:31:24.256209760,T,TGT,I,48,88.52
2025-10-01,9:31:26.901026469,T,TGT,I,50,88.58
2025-10-01,9:31:26.901047055,T,TGT,F,450,88.6
2025-10-01,9:31:26.901110377,T,TGT,I,2,88.6
2025-10-01,9:31:26.901113136,T,TGT,I,60,88.6
2025-10-01,9:31:31.462259899,T,TGT,I,1,88.58
2025-10-01,9:31:32.523079225,T,TGT,I,5,88.575
2025-10-01,9:31:32.523133350,T,TGT,I,5,88.575
2025-10-01,9:31:32.523175533,T,TGT,I,5,88.575
2025-10-01,9:31:32.523208610,T,TGT,I,5,88.575
2025-10-01,9:31:32.523241610,T,TGT,I,5,88.575
2025-10-01,9:31:32.523274737,T,TGT,I,5,88.575
2025-10-01,9:31:32.523310798,T,TGT,I,2,88.575
2025-10-01,9:31:33.056045004,T,TGT,I,50,88.52
2025-10-01,9:31:33.064865038,T,TGT,I,2,88.51
2025-10-01,9:31:33.065054544,T,TGT,F I,1,88.5
2025-10-01,9:31:33.065057445,T,TGT,F,100,88.5
2025-10-01,9:31:33.065060480,T,TGT,F I,10,88.5
2025-10-01,9:31:33.065064614,T,TGT,F I,5,88.5
2025-10-01,9:31:33.065064614,T,TGT,F I,1,88.5
2025-10-01,9:31:33.065066525,T,TGT,F I,5,88.5
2025-10-01,9:31:33.065071010,T,TGT,F,100,88.5
2025-10-01,9:31:33.065071010,T,TGT,F,452,88.5
2025-10-01,9:31:33.065072699,T,TGT,F I,5,88.5
2025-10-01,9:31:33.065075733,T,TGT,F I,2,88.5
2025-10-01,9:31:33.065130306,T,TGT,I,60,88.5
2025-10-01,9:31:33.065559692,T,TGT,F,100,88.51
2025-10-01,9:31:33.065559692,T,TGT,F I,54,88.52
2025-10-01,9:31:33.065577693,T,TGT,I,1,88.52
2025-10-01,9:31:33.065613921,T,TGT,F I,9,88.52
2025-10-01,9:31:33.065616985,T,TGT,I,20,88.52
2025-10-01,9:31:33.065625934,T,TGT,I,16,88.52
2025-10-01,9:31:33.065625934,T,TGT,I,29,88.52
2025-10-01,9:31:33.065625934,T,TGT,I,25,88.52
2025-10-01,9:31:33.065629872,T,TGT,I,9,88.52
2025-10-01,9:31:33.065629872,T,TGT,,100,88.52
2025-10-01,9:31:33.065634265,T,TGT,I,50,88.52
2025-10-01,9:31:33.065634265,T,TGT,I,37,88.5
2025-10-01,9:31:33.065637850,T,TGT,I,54,88.5
2025-10-01,9:31:33.065637850,T,TGT,I,1,88.5
2025-10-01,9:31:33.065662332,T,TGT,I,9,88.52
2025-10-01,9:31:33.065662332,T,TGT,I,92,88.51
2025-10-01,9:31:33.065665044,T,TGT,I,20,88.52
2025-10-01,9:31:33.065682954,T,TGT,F I,8,88.52
2025-10-01,9:31:33.065686433,T,TGT,F I,28,88.52
2025-10-01,9:31:33.065692015,T,TGT,I,8,88.51
2025-10-01,9:31:33.065692015,T,TGT,I,23,88.51
2025-10-01,9:31:33.065704045,T,TGT,I,15,88.51
2025-10-01,9:31:33.065704045,T,TGT,I,1,88.51
2025-10-01,9:31:33.065722255,T,TGT,F I,68,88.51
2025-10-01,9:31:33.065725186,T,TGT,F I,22,88.52
2025-10-01,9:31:33.065764798,T,TGT,I,2,88.51
2025-10-01,9:31:33.065764798,T,TGT,I,14,88.51
2025-10-01,9:31:33.065827347,T,TGT,F I,69,88.52
2025-10-01,9:31:33.065840218,T,TGT,F I,31,88.52
2025-10-01,9:31:33.065872421,T,TGT,F I,14,88.51
2025-10-01,9:31:33.065878470,T,TGT,F I,8,88.52
2025-10-01,9:31:33.065938582,T,TGT,I,14,88.51
2025-10-01,9:31:33.065980668,T,TGT,F I,4,88.51
2025-10-01,9:31:33.066122033,T,TGT,I,7,88.51
2025-10-01,9:31:33.066353593,T,TGT,I,28,88.51
2025-10-01,9:31:33.066353593,T,TGT,I,1,88.51
2025-10-01,9:31:33.066356846,T,TGT,I,8,88.51
2025-10-01,9:31:33.066356846,T,TGT,I,3,88.51
2025-10-01,9:31:33.066407677,T,TGT,F I,4,88.52
2025-10-01,9:31:33.066933927,T,TGT,I,4,88.51
2025-10-01,9:31:33.066933927,T,TGT,I,1,88.51
2025-10-01,9:31:33.066937035,T,TGT,,100,88.5
2025-10-01,9:31:33.067529347,T,TGT,I,31,88.51
2025-10-01,9:31:33.067533037,T,TGT,I,2,88.51
2025-10-01,9:31:33.067836069,T,TGT,F I,7,88.52
2025-10-01,9:31:33.067866179,T,TGT,I,19,88.52
2025-10-01,9:31:33.068064684,T,TGT,F I,2,88.52
2025-10-01,9:31:33.098716650,T,TGT,,100,88.5
2025-10-01,9:31:33.143246821,T,TGT,,100,88.5
2025-10-01,9:31:33.367653453,T,TGT,I,2,88.5
2025-10-01,9:31:38.694210727,T,TGT,I,10,88.43
2025-10-01,9:31:38.694210727,T,TGT,I,10,88.43
2025-10-01,9:31:38.699548503,T,TGT,,100,88.39
2025-10-01,9:31:38.699548503,T,TGT,I,2,88.39
2025-10-01,9:31:38.699606004,T,TGT,F I,5,88.43
2025-10-01,9:31:38.699611555,T,TGT,F I,2,88.43
2025-10-01,9:31:38.699617735,T,TGT,F I,93,88.43
2025-10-01,9:31:38.699623613,T,TGT,F I,2,88.43
2025-10-01,9:31:38.699623613,T,TGT,F I,5,88.43
2025-10-01,9:31:38.702366483,T,TGT,F I,25,88.44
2025-10-01,9:31:38.702369173,T,TGT,F I,66,88.44
2025-10-01,9:31:38.702369173,T,TGT,F I,68,88.44
2025-10-01,9:31:38.702483406,T,TGT,,100,88.4
2025-10-01,9:31:38.702624791,T,TGT,F I,2,88.4
2025-10-01,9:31:38.702627752,T,TGT,F,100,88.4
2025-10-01,9:31:38.702630772,T,TGT,F I,25,88.39
2025-10-01,9:31:38.702811166,T,TGT,F I,2,88.4
2025-10-01,9:31:38.702874294,T,TGT,F I,99,88.43
2025-10-01,9:31:38.703081809,T,TGT,I,15,88.4
2025-10-01,9:31:38.703893770,T,TGT,F I,2,88.42
2025-10-01,9:31:38.707601659,T,TGT,F I,31,88.4
2025-10-01,9:31:38.716571994,T,TGT,,100,88.41
2025-10-01,9:31:38.717294356,T,TGT,F,100,88.4
2025-10-01,9:31:38.717294356,T,TGT,F I,2,88.4
2025-10-01,9:31:38.717296712,T,TGT,F,100,88.4
2025-10-01,9:31:38.794298117,T,TGT,F I,1,88.36
2025-10-01,9:31:38.794482341,T,TGT,F I,34,88.36
2025-10-01,9:31:38.794484608,T,TGT,I,65,88.36
2025-10-01,9:31:38.794704061,T,TGT,,100,88.36
2025-10-01,9:31:38.794707080,T,TGT,I,2,88.36
2025-10-01,9:31:38.794707080,T,TGT,,100,88.36
2025-10-01,9:31:38.795921989,T,TGT,F,100,88.37
2025-10-01,9:31:38.796030243,T,TGT,,100,88.37
2025-10-01,9:31:38.796258799,T,TGT,I,21,88.37
2025-10-01,9:31:38.796434116,T,TGT,,100,88.37
2025-10-01,9:31:38.796436219,T,TGT,,100,88.37
2025-10-01,9:31:38.796439257,T,TGT,,100,88.37
2025-10-01,9:31:38.796470197,T,TGT,I,19,88.37
2025-10-01,9:31:38.796470197,T,TGT,I,5,88.37
2025-10-01,9:31:38.796470197,T,TGT,I,7,88.38
2025-10-01,9:31:38.798198444,T,TGT,F I,11,88.38
2025-10-01,9:31:38.798198444,T,TGT,F I,1,88.38
2025-10-01,9:31:38.798201505,T,TGT,F I,2,88.38
2025-10-01,9:31:38.798204438,T,TGT,F I,36,88.38
2025-10-01,9:31:38.845576318,T,TGT,I,1,88.395
2025-10-01,9:31:38.845603442,T,TGT,I,64,88.38
2025-10-01,9:31:38.845606951,T,TGT,I,1,88.38
2025-10-01,9:31:38.845606951,T,TGT,,100,88.38
2025-10-01,9:31:38.845610286,T,TGT,I,2,88.38
2025-10-01,9:31:38.845610286,T,TGT,I,10,88.38
2025-10-01,9:31:38.845612765,T,TGT,I,2,88.38
2025-10-01,9:31:38.845616000,T,TGT,I,2,88.38
2025-10-01,9:31:38.845616000,T,TGT,I,2,88.38
2025-10-01,9:31:38.845619450,T,TGT,I,2,88.38
2025-10-01,9:31:38.845619450,T,TGT,I,2,88.38
2025-10-01,9:31:38.845622556,T,TGT,I,2,88.38
2025-10-01,9:31:38.845622556,T,TGT,I,2,88.38
2025-10-01,9:31:38.845624578,T,TGT,I,7,88.38
2025-10-01,9:31:38.845678505,T,TGT,F I,20,88.38
2025-10-01,9:31:38.845678505,T,TGT,F I,99,88.38
2025-10-01,9:31:38.846073177,T,TGT,,100,88.38
2025-10-01,9:31:38.846075929,T,TGT,I,2,88.38
2025-10-01,9:31:38.846075929,T,TGT,,100,88.38
2025-10-01,9:31:39.248708040,T,TGT,I,13,88.41
2025-10-01,9:31:39.257109976,T,TGT,I,2,88.37
2025-10-01,9:31:40.857866095,T,TGT,I,2,88.36
2025-10-01,9:31:40.858723424,T,TGT,I,4,88.33
2025-10-01,9:31:40.858723424,T,TGT,I,25,88.33
2025-10-01,9:31:40.858725549,T,TGT,I,12,88.32
2025-10-01,9:31:40.858728583,T,TGT,I,25,88.32
2025-10-01,9:31:40.859456330,T,TGT,F I,10,88.3
2025-10-01,9:31:40.860024619,T,TGT,F I,10,88.29
2025-10-01,9:31:40.860932852,T,TGT,F I,1,88.28
2025-10-01,9:31:40.861339092,T,TGT,F I,1,88.27
2025-10-01,9:31:40.863669348,T,TGT,F I,1,88.25
2025-10-01,9:31:40.863672772,T,TGT,F I,2,88.25
2025-10-01,9:31:40.863672772,T,TGT,F I,1,88.25
2025-10-01,9:31:40.863720461,T,TGT,F I,25,88.25
2025-10-01,9:31:41.426820968,T,TGT,F I,1,88.21
2025-10-01,9:31:41.427647949,T,TGT,,200,88.2
2025-10-01,9:31:41.427720655,T,TGT,F I,2,88.19
2025-10-01,9:31:41.428261469,T,TGT,F I,99,88.21
2025-10-01,9:31:41.428282472,T,TGT,I,1,88.21
2025-10-01,9:31:41.428285902,T,TGT,I,1,88.21
2025-10-01,9:31:41.428318573,T,TGT,I,14,88.21
2025-10-01,9:31:41.952040322,T,TGT,I,25,88.22
2025-10-01,9:31:41.952044005,T,TGT,I,99,88.22
2025-10-01,9:31:41.952046323,T,TGT,I,1,88.22
2025-10-01,9:31:41.952046323,T,TGT,I,2,88.22
2025-10-01,9:31:41.952533532,T,TGT,I,2,88.19
2025-10-01,9:31:41.952536520,T,TGT,I,2,88.18
2025-10-01,9:31:41.963750587,T,TGT,F I,82,88.22
2025-10-01,9:31:41.963750587,T,TGT,F I,66,88.22
2025-10-01,9:31:41.963753210,T,TGT,F I,17,88.22
2025-10-01,9:31:41.967130798,T,TGT,F I,2,88.18
2025-10-01,9:31:41.967179629,T,TGT,F,100,88.17
2025-10-01,9:31:41.967373902,T,TGT,,100,88.16
2025-10-01,9:31:41.968808315,T,TGT,F I,18,88.16
2025-10-01,9:31:41.968823251,T,TGT,F I,34,88.16
2025-10-01,9:31:41.968826317,T,TGT,F I,11,88.16
2025-10-01,9:31:41.968829339,T,TGT,I,1,88.16
2025-10-01,9:31:41.968835773,T,TGT,F I,36,88.16
2025-10-01,9:31:41.968835773,T,TGT,F,100,88.16
2025-10-01,9:31:41.968841320,T,TGT,F,100,88.16
2025-10-01,9:31:41.968841320,T,TGT,F,411,88.16
2025-10-01,9:31:41.969560472,T,TGT,,200,88.16
2025-10-01,9:31:41.969563063,T,TGT,I,2,88.16
2025-10-01,9:31:41.969563063,T,TGT,I,76,88.16
2025-10-01,9:31:41.971517730,T,TGT,F I,4,88.18
2025-10-01,9:31:41.971532730,T,TGT,F I,1,88.18
2025-10-01,9:31:41.971535806,T,TGT,F I,1,88.18
2025-10-01,9:31:44.470453327,T,TGT,F,100,88.15
2025-10-01,9:31:45.134564706,T,TGT,F,100,88.16
2025-10-01,9:31:45.134973537,T,TGT,F I,53,88.17
2025-10-01,9:31:45.135154200,T,TGT,I,46,88.15
2025-10-01,9:31:45.135154200,T,TGT,I,11,88.15
2025-10-01,9:31:45.135205112,T,TGT,I,2,88.15
2025-10-01,9:31:45.135262240,T,TGT,F,100,88.15
2025-10-01,9:31:45.135307288,T,TGT,I,70,88.16
2025-10-01,9:31:45.135355396,T,TGT,F I,24,88.17
2025-10-01,9:31:45.135364469,T,TGT,,100,88.16
2025-10-01,9:31:45.135379474,T,TGT,,100,88.17
2025-10-01,9:31:45.135400519,T,TGT,I,16,88.17
2025-10-01,9:31:45.135403576,T,TGT,,184,88.17
2025-10-01,9:31:45.135445634,T,TGT,F I,98,88.17
2025-10-01,9:31:45.135445634,T,TGT,F I,2,88.17
2025-10-01,9:31:45.135526885,T,TGT,I,11,88.16
2025-10-01,9:31:45.135526885,T,TGT,I,20,88.16
2025-10-01,9:31:45.135671120,T,TGT,F I,55,88.16
2025-10-01,9:31:45.135695201,T,TGT,I,2,88.14
2025-10-01,9:31:45.135695201,T,TGT,I,2,88.13
2025-10-01,9:31:45.135701317,T,TGT,I,1,88.16
2025-10-01,9:31:45.145246404,T,TGT,F,100,88.15
2025-10-01,9:31:45.145246404,T,TGT,F I,4,88.16
2025-10-01,9:31:45.145248971,T,TGT,F I,18,88.16
2025-10-01,9:31:45.145276014,T,TGT,F,265,88.16
2025-10-01,9:31:45.145282030,T,TGT,F I,11,88.16
2025-10-01,9:31:45.145288658,T,TGT,F,242,88.16
2025-10-01,9:31:45.145288658,T,TGT,F I,6,88.16
2025-10-01,9:31:45.145291566,T,TGT,F I,55,88.16
2025-10-01,9:31:45.145291566,T,TGT,F I,16,88.16
2025-10-01,9:31:45.145294066,T,TGT,F I,18,88.16
2025-10-01,9:31:45.145294066,T,TGT,F,100,88.16
2025-10-01,9:31:46.322698211,T,TGT,F,100,88.18
2025-10-01,9:31:46.322999702,T,TGT,F I,55,88.22
2025-10-01,9:31:46.323002527,T,TGT,F I,5,88.22
2025-10-01,9:31:46.323023022,T,TGT,F I,40,88.22
2025-10-01,9:31:46.323047078,T,TGT,F I,60,88.22
2025-10-01,9:31:46.323050570,T,TGT,F I,40,88.22
2025-10-01,9:31:46.323056068,T,TGT,,113,88.19
2025-10-01,9:31:46.323077144,T,TGT,F I,60,88.22
2025-10-01,9:31:46.323095188,T,TGT,I,82,88.21
2025-10-01,9:31:46.323113579,T,TGT,,100,88.21
2025-10-01,9:31:46.323113579,T,TGT,,100,88.2
2025-10-01,9:31:46.323140239,T,TGT,F,100,88.205
2025-10-01,9:31:46.323179319,T,TGT,F I,82,88.21
2025-10-01,9:31:46.323183214,T,TGT,F,100,88.21
2025-10-01,9:31:46.323185305,T,TGT,F I,6,88.21
2025-10-01,9:31:46.323209437,T,TGT,,100,88.2
2025-10-01,9:31:46.323212442,T,TGT,I,57,88.2
2025-10-01,9:31:46.323221612,T,TGT,F,100,88.21
2025-10-01,9:31:46.323224550,T,TGT,F I,24,88.21
2025-10-01,9:31:46.323275793,T,TGT,I,2,88.2
2025-10-01,9:31:46.323275793,T,TGT,,100,88.2
2025-10-01,9:31:46.323279482,T,TGT,,100,88.2
2025-10-01,9:31:46.323368769,T,TGT,,100,88.2
2025-10-01,9:31:46.323389854,T,TGT,I,52,88.2
2025-10-01,9:31:46.323456733,T,TGT,I,5,88.2
2025-10-01,9:31:46.323458987,T,TGT,I,71,88.2
2025-10-01,9:31:46.323480053,T,TGT,F I,71,88.21
2025-10-01,9:31:46.323480053,T,TGT,F I,73,88.21
2025-10-01,9:31:46.323543224,T,TGT,,100,88.21
2025-10-01,9:31:46.323543224,T,TGT,I,29,88.2
2025-10-01,9:31:46.323546213,T,TGT,I,69,88.2
2025-10-01,9:31:46.323558263,T,TGT,F,100,88.22
2025-10-01,9:31:46.323597359,T,TGT,F I,1,88.23
2025-10-01,9:31:46.323603730,T,TGT,,122,88.21
2025-10-01,9:31:46.323603730,T,TGT,,100,88.21
2025-10-01,9:31:46.323606320,T,TGT,I,68,88.2
2025-10-01,9:31:46.323651446,T,TGT,,100,88.22
2025-10-01,9:31:46.323654509,T,TGT,I,68,88.22
2025-10-01,9:31:46.323654509,T,TGT,I,46,88.21
2025-10-01,9:31:46.323702610,T,TGT,I,61,88.23
2025-10-01,9:31:46.323732701,T,TGT,I,62,88.23
2025-10-01,9:31:46.324827289,T,TGT,I,60,88.25
2025-10-01,9:31:46.327515675,T,TGT,F I,95,88.26
2025-10-01,9:31:46.327518730,T,TGT,F I,5,88.26
2025-10-01,9:31:46.327518730,T,TGT,F,100,88.26
2025-10-01,9:31:46.406138014,T,TGT,,100,88.315
2025-10-01,9:31:46.936373223,T,TGT,F,100,88.36
2025-10-01,9:31:48.207832492,T,TGT,F I,5,88.28
2025-10-01,9:31:48.207883625,T,TGT,F I,5,88.28
2025-10-01,9:31:48.636095202,T,TGT,,100,88.25
2025-10-01,9:31:48.636095202,T,TGT,I,55,88.25
2025-10-01,9:31:48.636098172,T,TGT,I,2,88.25
2025-10-01,9:31:48.636098172,T,TGT,,100,88.25
2025-10-01,9:31:48.636142870,T,TGT,F I,2,88.24
2025-10-01,9:31:50.413223693,T,TGT,F,100,88.24
2025-10-01,9:31:50.413241712,T,TGT,F I,42,88.24
2025-10-01,9:31:50.413241712,T,TGT,F,100,88.25
2025-10-01,9:31:50.413792014,T,TGT,F I,4,88.2
2025-10-01,9:31:50.418026113,T,TGT,I,17,88.215
2025-10-01,9:31:50.421412234,T,TGT,F I,8,88.18
2025-10-01,9:31:50.421418594,T,TGT,F I,4,88.18
2025-10-01,9:31:50.421436220,T,TGT,F I,88,88.18
2025-10-01,9:31:50.421436220,T,TGT,F I,2,88.18
2025-10-01,9:31:50.421440156,T,TGT,F I,31,88.18
2025-10-01,9:31:50.421440156,T,TGT,F I,12,88.18
2025-10-01,9:31:50.421463376,T,TGT,F I,57,88.18
2025-10-01,9:31:51.776404398,T,TGT,F I,40,88.15
2025-10-01,9:31:51.776414194,T,TGT,F I,10,88.15
2025-10-01,9:31:51.776416748,T,TGT,F I,58,88.16
2025-10-01,9:31:51.776419405,T,TGT,F,200,88.16
2025-10-01,9:31:51.776422442,T,TGT,F,132,88.16
2025-10-01,9:31:51.776422442,T,TGT,F,100,88.16
2025-10-01,9:31:51.776431865,T,TGT,I,1,88.16
2025-10-01,9:31:51.776435378,T,TGT,F,498,88.16
2025-10-01,9:31:51.776435378,T,TGT,F,100,88.16
2025-10-01,9:31:51.776441051,T,TGT,F,200,88.16
2025-10-01,9:31:51.776441051,T,TGT,F,119,88.16
2025-10-01,9:31:51.776443733,T,TGT,F,800,88.16
2025-10-01,9:31:51.776443733,T,TGT,F I,5,88.16
2025-10-01,9:31:51.776446531,T,TGT,F I,22,88.16
2025-10-01,9:31:51.776446531,T,TGT,F I,79,88.16
2025-10-01,9:31:51.776452534,T,TGT,F I,37,88.16
2025-10-01,9:31:51.776620967,T,TGT,F I,15,88.19
2025-10-01,9:31:51.776786281,T,TGT,,436,88.16
2025-10-01,9:31:51.776789451,T,TGT,,100,88.16
2025-10-01,9:31:51.776973096,T,TGT,,205,88.16
2025-10-01,9:31:51.777066444,T,TGT,I,14,88.17
2025-10-01,9:31:51.899367358,T,TGT,I,2,88.17
2025-10-01,9:31:51.899370316,T,TGT,I,86,88.16
2025-10-01,9:31:51.899391442,T,TGT,F I,14,88.16
2025-10-01,9:31:51.899395117,T,TGT,F,100,88.16
2025-10-01,9:31:51.899397412,T,TGT,F I,2,88.16
2025-10-01,9:31:51.899644007,T,TGT,F I,2,88.15
2025-10-01,9:31:51.899701127,T,TGT,F I,2,88.14
2025-10-01,9:31:51.899743228,T,TGT,,100,88.13
2025-10-01,9:31:54.057332551,T,TGT,F I,50,88.18
2025-10-01,9:31:54.633051257,T,TGT,I,2,88.16
2025-10-01,9:31:54.633054622,T,TGT,,100,88.16
2025-10-01,9:31:54.633057298,T,TGT,I,98,88.16
2025-10-01,9:31:54.633057298,T,TGT,,100,88.16
2025-10-01,9:31:54.633126371,T,TGT,F,200,88.16
2025-10-01,9:31:54.633126371,T,TGT,F I,28,88.16
2025-10-01,9:31:54.633153472,T,TGT,F,100,88.16
2025-10-01,9:31:54.633195598,T,TGT,F,100,88.16
2025-10-01,9:31:54.633231644,T,TGT,F I,67,88.16
2025-10-01,9:31:54.633306886,T,TGT,F I,5,88.16
2025-10-01,9:31:54.633306886,T,TGT,F I,11,88.16
2025-10-01,9:31:54.635396779,T,TGT,I,2,88.14
2025-10-01,9:31:54.635399768,T,TGT,,100,88.14
2025-10-01,9:31:55.297354889,T,TGT,F,100,88.12
2025-10-01,9:31:55.485865234,T,TGT,,200,88.12
2025-10-01,9:31:55.485865234,T,TGT,I,50,88.12
2025-10-01,9:31:55.485988293,T,TGT,,250,88.12
2025-10-01,9:31:55.486006359,T,TGT,I,1,88.12
2025-10-01,9:31:55.493997468,T,TGT,F I,11,88.13
2025-10-01,9:31:55.493997468,T,TGT,F,589,88.13
2025-10-01,9:31:55.494030017,T,TGT,F I,60,88.14
2025-10-01,9:31:55.494050483,T,TGT,I,11,88.14
2025-10-01,9:31:55.494050483,T,TGT,I,89,88.13
2025-10-01,9:31:55.494075035,T,TGT,,100,88.14
2025-10-01,9:31:55.494077598,T,TGT,F I,5,88.14
2025-10-01,9:31:55.494119694,T,TGT,F I,95,88.14
2025-10-01,9:31:55.494279926,T,TGT,I,2,88.14
2025-10-01,9:31:55.494279926,T,TGT,,100,88.14
2025-10-01,9:31:55.494297134,T,TGT,F,100,88.15
2025-10-01,9:31:55.494300141,T,TGT,F I,26,88.15
2025-10-01,9:31:55.494327190,T,TGT,I,1,88.14
2025-10-01,9:31:55.494331011,T,TGT,I,11,88.13
2025-10-01,9:31:55.494331011,T,TGT,,100,88.13
2025-10-01,9:31:55.494336252,T,TGT,I,2,88.13
2025-10-01,9:31:55.494336252,T,TGT,,100,88.13
2025-10-01,9:31:55.494393379,T,TGT,I,74,88.13
2025-10-01,9:31:55.494399486,T,TGT,I,26,88.13
2025-10-01,9:31:55.494399486,T,TGT,I,74,88.13
2025-10-01,9:31:55.494402321,T,TGT,I,26,88.13
2025-10-01,9:31:55.494429461,T,TGT,F I,69,88.13
2025-10-01,9:31:55.494432412,T,TGT,F,100,88.13
2025-10-01,9:31:55.494492595,T,TGT,I,1,88.12
2025-10-01,9:31:55.494495635,T,TGT,,100,88.12
2025-10-01,9:31:56.090169703,T,TGT,I,1,88.12
2025-10-01,9:31:56.090191142,T,TGT,F I,99,88.12
2025-10-01,9:31:56.090194008,T,TGT,F I,11,88.12
2025-10-01,9:31:56.090197792,T,TGT,F I,81,88.12
2025-10-01,9:31:56.090197792,T,TGT,F,177,88.12
2025-10-01,9:31:56.090202993,T,TGT,F,119,88.12
2025-10-01,9:31:56.090202993,T,TGT,F,100,88.12
2025-10-01,9:31:56.090206221,T,TGT,F I,11,88.12
2025-10-01,9:31:56.090206221,T,TGT,F,100,88.12
2025-10-01,9:31:56.090211816,T,TGT,F,100,88.12
2025-10-01,9:31:56.090211816,T,TGT,F,100,88.12
2025-10-01,9:31:56.090214875,T,TGT,F I,23,88.12
2025-10-01,9:31:56.090214875,T,TGT,F,550,88.12
2025-10-01,9:31:56.090218915,T,TGT,F,100,88.12
2025-10-01,9:31:56.090218915,T,TGT,F,100,88.12
2025-10-01,9:31:56.090220926,T,TGT,F,100,88.12
2025-10-01,9:31:56.090223971,T,TGT,F,100,88.12
2025-10-01,9:31:56.090229873,T,TGT,,539,88.12
2025-10-01,9:31:56.608102747,T,TGT,,100,88.12
2025-10-01,9:31:56.608117737,T,TGT,F,439,88.12
2025-10-01,9:31:56.608123727,T,TGT,F I,2,88.12
2025-10-01,9:31:56.608123727,T,TGT,F I,11,88.12
2025-10-01,9:31:56.608168894,T,TGT,F I,2,88.11
2025-10-01,9:31:56.608223038,T,TGT,I,2,88.1
2025-10-01,9:31:58.187173733,T,TGT,F I,5,88.09
2025-10-01,9:31:58.187660939,T,TGT,F I,1,88.08
2025-10-01,9:31:58.332173596,T,TGT,F I,6,88.08
2025-10-01,9:31:58.332176851,T,TGT,F I,2,88.08
2025-10-01,9:31:58.332179187,T,TGT,F I,6,88.08
2025-10-01,9:31:58.332218356,T,TGT,F I,6,88.08
2025-10-01,9:31:58.378564708,T,TGT,I,2,88.06
2025-10-01,9:32:00.541182199,T,TGT,F I,5,88.14
2025-10-01,9:32:00.541230330,T,TGT,F I,5,88.14
2025-10-01,9:32:00.541266402,T,TGT,F I,5,88.14
2025-10-01,9:32:00.541302414,T,TGT,F I,5,88.14
2025-10-01,9:32:00.541335482,T,TGT,F I,4,88.14
2025-10-01,9:32:05.832705876,T,TGT,I,7,88.16
2025-10-01,9:32:07.635308553,T,TGT,,100,88.08
2025-10-01,9:32:07.635308553,T,TGT,I,2,88.08
2025-10-01,9:32:07.635311601,T,TGT,,100,88.08
2025-10-01,9:32:07.635344619,T,TGT,F I,2,88.07
2025-10-01,9:32:07.635350708,T,TGT,F I,4,88.07
2025-10-01,9:32:07.635369671,T,TGT,F I,6,88.07
2025-10-01,9:32:07.635369671,T,TGT,F I,13,88.07
2025-10-01,9:32:07.635371697,T,TGT,F,200,88.05
2025-10-01,9:32:07.635940133,T,TGT,F I,10,88.03
2025-10-01,9:32:07.635943069,T,TGT,F I,3,88.03
2025-10-01,9:32:07.635964133,T,TGT,F,1247,88.03
2025-10-01,9:32:07.635964133,T,TGT,F I,25,88.03
2025-10-01,9:32:07.636321937,T,TGT,F I,1,88.02
2025-10-01,9:32:07.636935410,T,TGT,F I,1,88.0
2025-10-01,9:32:07.636938989,T,TGT,F I,1,88.0
2025-10-01,9:32:07.636941455,T,TGT,F I,10,88.0
2025-10-01,9:32:07.636944652,T,TGT,F I,5,88.0
2025-10-01,9:32:07.636947744,T,TGT,F I,30,88.0
2025-10-01,9:32:07.636947744,T,TGT,F I,10,88.0
2025-10-01,9:32:07.636951367,T,TGT,F I,2,88.0
2025-10-01,9:32:07.636954821,T,TGT,F I,5,88.0
2025-10-01,9:32:07.636954821,T,TGT,F I,1,88.0
2025-10-01,9:32:07.636960452,T,TGT,F I,1,88.0
2025-10-01,9:32:07.636960452,T,TGT,F I,1,88.0
2025-10-01,9:32:07.636960452,T,TGT,F I,10,88.0
2025-10-01,9:32:07.636960452,T,TGT,F I,71,88.0
2025-10-01,9:32:07.636965480,T,TGT,F I,1,88.0
2025-10-01,9:32:07.636965480,T,TGT,F I,1,88.0
2025-10-01,9:32:07.636965480,T,TGT,F I,10,88.0
2025-10-01,9:32:07.636968655,T,TGT,F I,22,88.0
2025-10-01,9:32:07.636968655,T,TGT,F I,1,88.0
2025-10-01,9:32:07.636971861,T,TGT,F I,1,88.0
2025-10-01,9:32:07.636971861,T,TGT,F I,50,88.0
2025-10-01,9:32:07.636978088,T,TGT,F I,50,88.0
2025-10-01,9:32:07.636978088,T,TGT,F I,1,88.0
2025-10-01,9:32:07.636983627,T,TGT,F,100,88.0
2025-10-01,9:32:07.636983627,T,TGT,F,115,88.0
2025-10-01,9:32:07.636983627,T,TGT,F I,35,88.0
2025-10-01,9:32:07.636987264,T,TGT,F I,11,88.0
2025-10-01,9:32:07.636987264,T,TGT,F I,1,88.0
2025-10-01,9:32:07.636989981,T,TGT,F I,5,88.0
2025-10-01,9:32:07.636989981,T,TGT,F I,40,88.0
2025-10-01,9:32:07.636993170,T,TGT,F I,1,88.0
2025-10-01,9:32:07.636993170,T,TGT,F I,50,88.0
2025-10-01,9:32:07.636996490,T,TGT,F I,17,88.0
2025-10-01,9:32:07.636996490,T,TGT,F I,5,88.0
2025-10-01,9:32:07.636998710,T,TGT,F I,3,88.0
2025-10-01,9:32:07.636998710,T,TGT,F,100,88.0
2025-10-01,9:32:07.637425632,T,TGT,F I,2,87.98
2025-10-01,9:32:07.687744446,T,TGT,I,65,87.91
2025-10-01,9:32:07.687897811,T,TGT,F I,35,87.91
2025-10-01,9:32:07.687897811,T,TGT,F,100,87.91
2025-10-01,9:32:07.687900929,T,TGT,F I,24,87.91
2025-10-01,9:32:07.687936922,T,TGT,,100,87.91
2025-10-01,9:32:08.106305694,T,TGT,F I,1,87.88
2025-10-01,9:32:08.106308942,T,TGT,F I,1,87.88
2025-10-01,9:32:08.106312273,T,TGT,F I,25,87.88
2025-10-01,9:32:08.216142422,T,TGT,,500,87.86
2025-10-01,9:32:08.216160947,T,TGT,F,540,87.86
2025-10-01,9:32:08.216205527,T,TGT,F I,6,87.85
2025-10-01,9:32:08.216214592,T,TGT,F I,4,87.85
2025-10-01,9:32:08.216987455,T,TGT,,100,87.84
2025-10-01,9:32:08.217047505,T,TGT,I,2,87.84
2025-10-01,9:32:08.622320496,T,TGT,F I,1,87.78
2025-10-01,9:32:08.622323184,T,TGT,F I,30,87.77
2025-10-01,9:32:08.622323184,T,TGT,F I,5,87.75
2025-10-01,9:32:08.703230814,T,TGT,,100,87.72
2025-10-01,9:32:09.252336075,T,TGT,I,16,87.79
2025-10-01,9:32:09.253596123,T,TGT,I,50,87.79
2025-10-01,9:32:09.563030302,T,TGT,I,5,87.795
2025-10-01,9:32:09.563072428,T,TGT,I,5,87.795
2025-10-01,9:32:09.563108540,T,TGT,F I,5,87.795
2025-10-01,9:32:09.563141615,T,TGT,I,5,87.795
2025-10-01,9:32:10.142655283,T,TGT,F I,5,87.79
2025-10-01,9:32:10.142697294,T,TGT,F I,5,87.79
2025-10-01,9:32:10.142733437,T,TGT,F I,2,87.79
2025-10-01,9:32:10.177198579,T,TGT,F,100,87.8
2025-10-01,9:32:10.544361286,T,TGT,I,71,87.8
2025-10-01,9:32:10.722217045,T,TGT,F,100,87.8
2025-10-01,9:32:10.722274173,T,TGT,F,100,87.8
2025-10-01,9:32:10.722274173,T,TGT,F I,50,87.8
2025-10-01,9:32:10.723834892,T,TGT,,100,87.73
2025-10-01,9:32:10.723834892,T,TGT,I,50,87.73
2025-10-01,9:32:10.732300198,T,TGT,,100,87.71
2025-10-01,9:32:10.732303081,T,TGT,I,2,87.71
2025-10-01,9:32:10.732306447,T,TGT,,100,87.71
2025-10-01,9:32:10.732354581,T,TGT,F,100,87.75
2025-10-01,9:32:10.732390211,T,TGT,F,100,87.77
2025-10-01,9:32:10.732483561,T,TGT,F I,12,87.79
2025-10-01,9:32:10.732489529,T,TGT,,100,87.77
2025-10-01,9:32:10.732507690,T,TGT,I,1,87.79
2025-10-01,9:32:10.732510532,T,TGT,I,13,87.78
2025-10-01,9:32:10.732528696,T,TGT,I,23,87.78
2025-10-01,9:32:10.732528696,T,TGT,I,27,87.79
2025-10-01,9:32:10.732531583,T,TGT,I,25,87.79
2025-10-01,9:32:10.732534634,T,TGT,I,35,87.79
2025-10-01,9:32:10.732537596,T,TGT,,200,87.79
2025-10-01,9:32:10.732591737,T,TGT,I,23,87.78
2025-10-01,9:32:10.732624837,T,TGT,I,2,87.77
2025-10-01,9:32:10.732636982,T,TGT,I,2,87.77
2025-10-01,9:32:10.732817300,T,TGT,F I,1,87.75
2025-10-01,9:32:10.733418931,T,TGT,F I,54,87.76
2025-10-01,9:32:10.733418931,T,TGT,F I,6,87.76
2025-10-01,9:32:10.733421655,T,TGT,F I,2,87.76
2025-10-01,9:32:10.733944964,T,TGT,F I,99,87.75
2025-10-01,9:32:10.733948071,T,TGT,F I,2,87.75
2025-10-01,9:32:10.733948071,T,TGT,F I,37,87.75
2025-10-01,9:32:10.733950988,T,TGT,F I,20,87.75
2025-10-01,9:32:10.734441163,T,TGT,F,100,87.74
2025-10-01,9:32:10.734441163,T,TGT,F I,2,87.74
2025-10-01,9:32:10.734444130,T,TGT,F,100,87.74
2025-10-01,9:32:10.736159028,T,TGT,I,46,87.71
2025-10-01,9:32:10.736159028,T,TGT,I,23,87.71
2025-10-01,9:32:10.736161703,T,TGT,,100,87.71
2025-10-01,9:32:10.736798762,T,TGT,F I,1,87.7
2025-10-01,9:32:10.736915986,T,TGT,I,23,87.71
2025-10-01,9:32:11.021571185,T,TGT,I,9,87.7
2025-10-01,9:32:11.251138181,T,TGT,I,14,87.7
2025-10-01,9:32:11.251141114,T,TGT,I,2,87.7
2025-10-01,9:32:11.251144112,T,TGT,I,11,87.7
2025-10-01,9:32:11.256133012,T,TGT,I,2,87.7
2025-10-01,9:32:11.256217259,T,TGT,I,95,87.72
2025-10-01,9:32:11.256704438,T,TGT,I,2,87.7
2025-10-01,9:32:11.258833473,T,TGT,F,100,87.72
2025-10-01,9:32:11.258836488,T,TGT,F I,49,87.73
2025-10-01,9:32:11.270765921,T,TGT,F I,50,87.74
2025-10-01,9:32:11.348597433,T,TGT,I,7,87.7
2025-10-01,9:32:11.348597433,T,TGT,I,38,87.7
2025-10-01,9:32:11.348828920,T,TGT,F I,19,87.73
2025-10-01,9:32:11.348976240,T,TGT,I,54,87.7
2025-10-01,9:32:11.349640874,T,TGT,I,3,87.7
2025-10-01,9:32:11.349640874,T,TGT,I,45,87.7
2025-10-01,9:32:11.416448023,T,TGT,I,1,87.7
2025-10-01,9:32:11.416526206,T,TGT,I,2,87.7
2025-10-01,9:32:11.416556256,T,TGT,,100,87.72
2025-10-01,9:32:11.416556256,T,TGT,I,14,87.72
2025-10-01,9:32:15.954117904,T,TGT,I,75,87.72
2025-10-01,9:32:15.954121179,T,TGT,I,49,87.72
2025-10-01,9:32:15.954121179,T,TGT,,300,87.72
2025-10-01,9:32:15.954123799,T,TGT,I,2,87.72
2025-10-01,9:32:15.954202187,T,TGT,I,50,87.74
2025-10-01,9:32:15.954202187,T,TGT,I,50,87.75
2025-10-01,9:32:15.954226659,T,TGT,I,1,87.75
2025-10-01,9:32:15.954923716,T,TGT,,100,87.74
2025-10-01,9:32:15.954926671,T,TGT,I,5,87.74
2025-10-01,9:32:15.962889641,T,TGT,I,58,87.72
2025-10-01,9:32:18.066951917,T,TGT,F I,2,87.75
2025-10-01,9:32:18.066954768,T,TGT,F I,50,87.75
2025-10-01,9:32:18.066957817,T,TGT,F I,1,87.75
2025-10-01,9:32:18.066957817,T,TGT,F I,46,87.74
2025-10-01,9:32:22.597548483,T,TGT,F I,2,87.78
2025-10-01,9:32:22.597599612,T,TGT,F I,2,87.78
2025-10-01,9:32:22.748050974,T,TGT,F,100,87.73
2025-10-01,9:32:22.748054035,T,TGT,F I,53,87.73
2025-10-01,9:32:22.748177302,T,TGT,F I,4,87.7
2025-10-01,9:32:22.748833388,T,TGT,I,20,87.72
2025-10-01,9:32:22.748833388,T,TGT,I,1,87.72
2025-10-01,9:32:22.751076735,T,TGT,F I,72,87.7
2025-10-01,9:32:22.751082290,T,TGT,F I,2,87.7
2025-10-01,9:32:22.751157464,T,TGT,F I,1,87.67
2025-10-01,9:32:22.751166821,T,TGT,F I,22,87.67
2025-10-01,9:32:22.751241593,T,TGT,I,73,87.69
2025-10-01,9:32:22.751244617,T,TGT,I,17,87.7
2025-10-01,9:32:22.751871033,T,TGT,F,100,87.69
2025-10-01,9:32:22.751871033,T,TGT,F I,11,87.69
2025-10-01,9:32:22.751873102,T,TGT,F,100,87.69
2025-10-01,9:32:22.761270534,T,TGT,,150,87.64
2025-10-01,9:32:25.067401825,T,TGT,F I,2,87.66
2025-10-01,9:32:25.067407786,T,TGT,F I,59,87.66
2025-10-01,9:32:29.270314391,T,TGT,F I,50,87.74
2025-10-01,9:32:29.270317508,T,TGT,F I,6,87.74
2025-10-01,9:32:29.270317508,T,TGT,F I,2,87.74
2025-10-01,9:32:29.270332029,T,TGT,F I,4,87.74
2025-10-01,9:32:29.270338374,T,TGT,F I,1,87.76
2025-10-01,9:32:29.270368133,T,TGT,F I,50,87.77
2025-10-01,9:32:29.270413734,T,TGT,F I,4,87.78
2025-10-01,9:32:29.270416570,T,TGT,F I,4,87.78
2025-10-01,9:32:29.270419226,T,TGT,F I,4,87.78
2025-10-01,9:32:29.270446327,T,TGT,F I,42,87.78
2025-10-01,9:32:29.270449313,T,TGT,F I,1,87.78
2025-10-01,9:32:29.277949166,T,TGT,,200,87.79
2025-10-01,9:32:30.533446513,T,TGT,F I,35,87.86
2025-10-01,9:32:30.533449492,T,TGT,F I,15,87.86
2025-10-01,9:32:30.533452870,T,TGT,F I,50,87.86
2025-10-01,9:32:30.533468433,T,TGT,F,350,87.86
2025-10-01,9:32:30.533473398,T,TGT,F,200,87.86
2025-10-01,9:32:30.533473398,T,TGT,F,200,87.86
2025-10-01,9:32:30.533476633,T,TGT,F,300,87.86
2025-10-01,9:32:30.533479391,T,TGT,F,100,87.86
2025-10-01,9:32:30.533479391,T,TGT,F I,3,87.86
2025-10-01,9:32:30.533482495,T,TGT,F I,50,87.86
2025-10-01,9:32:30.533488514,T,TGT,I,15,87.86
2025-10-01,9:32:30.533494881,T,TGT,F I,35,87.86
2025-10-01,9:32:30.533497469,T,TGT,F I,65,87.87
2025-10-01,9:32:30.533515591,T,TGT,F,364,87.87
2025-10-01,9:32:30.533536644,T,TGT,F I,33,87.87
2025-10-01,9:32:30.533542551,T,TGT,F,138,87.87
2025-10-01,9:32:30.533542551,T,TGT,F I,78,87.87
2025-10-01,9:32:30.533659869,T,TGT,F I,30,87.88
2025-10-01,9:32:30.533683954,T,TGT,F I,50,87.88
2025-10-01,9:32:30.533683954,T,TGT,I,20,87.88
2025-10-01,9:32:30.533849349,T,TGT,F,170,87.88
2025-10-01,9:32:30.533858360,T,TGT,,100,87.88
2025-10-01,9:32:30.533861864,T,TGT,I,70,87.88
2025-10-01,9:32:30.533864361,T,TGT,I,30,87.88
2025-10-01,9:32:30.533864361,T,TGT,I,30,87.88
2025-10-01,9:32:30.533900572,T,TGT,F,130,87.88
2025-10-01,9:32:30.533909490,T,TGT,F I,2,87.88
2025-10-01,9:32:30.533915468,T,TGT,I,2,87.88
2025-10-01,9:32:30.534120076,T,TGT,F,100,87.88
2025-10-01,9:32:30.534739600,T,TGT,F I,6,87.88
2025-10-01,9:32:30.536173817,T,TGT,F I,2,87.92
2025-10-01,9:32:30.712294455,T,TGT,F I,2,87.94
2025-10-01,9:32:30.870531423,T,TGT,I,53,87.94
2025-10-01,9:32:30.870531423,T,TGT,I,23,87.94
2025-10-01,9:32:31.194106004,T,TGT,F I,26,87.96
2025-10-01,9:32:31.194108616,T,TGT,F I,30,87.96
2025-10-01,9:32:31.194108616,T,TGT,F I,9,87.98
2025-10-01,9:32:31.194126783,T,TGT,F I,41,87.98
2025-10-01,9:32:31.194129361,T,TGT,F I,15,87.98
2025-10-01,9:32:31.204648462,T,TGT,F I,2,88.01
2025-10-01,9:32:31.204669783,T,TGT,F I,98,88.01
2025-10-01,9:32:31.204672750,T,TGT,F I,29,88.01
2025-10-01,9:32:31.204675669,T,TGT,F I,27,88.01
2025-10-01,9:32:31.204675669,T,TGT,F,100,88.01
2025-10-01,9:32:31.215687794,T,TGT,F I,6,88.05
2025-10-01,9:32:31.215687794,T,TGT,F,100,88.05
2025-10-01,9:32:33.688035567,T,TGT,F,100,88.02
2025-10-01,9:32:33.688040043,T,TGT,F I,94,88.02
2025-10-01,9:32:33.688040043,T,TGT,F,100,88.02
2025-10-01,9:32:33.689892456,T,TGT,I,80,87.92
2025-10-01,9:32:35.347853542,T,TGT,F I,96,87.97
2025-10-01,9:32:35.935525544,T,TGT,,200,87.855
2025-10-01,9:32:35.935552591,T,TGT,F I,5,87.88
2025-10-01,9:32:37.262427793,T,TGT,F I,50,87.9
2025-10-01,9:32:37.262431037,T,TGT,F,100,87.91
2025-10-01,9:32:37.262431037,T,TGT,F,100,87.96
2025-10-01,9:32:37.262433750,T,TGT,F,150,87.96
2025-10-01,9:32:37.262442871,T,TGT,F I,50,87.96
2025-10-01,9:32:37.262442871,T,TGT,F,100,87.96
2025-10-01,9:32:37.900788630,T,TGT,,100,87.96
2025-10-01,9:32:38.605812362,T,TGT,I,2,87.86
2025-10-01,9:32:38.605869829,T,TGT,F I,7,87.855
2025-10-01,9:32:38.605890504,T,TGT,F,191,87.855
2025-10-01,9:32:38.605890504,T,TGT,F,100,87.86
2025-10-01,9:32:38.605893536,T,TGT,F I,9,87.86
2025-10-01,9:32:38.605917608,T,TGT,F I,91,87.86
2025-10-01,9:32:38.605917608,T,TGT,F,100,87.86
2025-10-01,9:32:38.605935794,T,TGT,I,24,87.86
2025-10-01,9:32:38.605935794,T,TGT,F I,76,87.86
2025-10-01,9:32:38.605938686,T,TGT,F I,24,87.86
2025-10-01,9:32:38.605954177,T,TGT,F I,76,87.86
2025-10-01,9:32:38.606654321,T,TGT,,100,87.86
2025-10-01,9:32:38.912321427,T,TGT,,100,87.85
2025-10-01,9:32:38.912321427,T,TGT,,100,87.84
2025-10-01,9:32:38.912323699,T,TGT,,100,87.84
2025-10-01,9:32:38.912627356,T,TGT,F,100,87.84
2025-10-01,9:32:38.912900992,T,TGT,I,50,87.84
2025-10-01,9:32:38.912946144,T,TGT,F I,4,87.84
2025-10-01,9:32:38.912946144,T,TGT,F I,60,87.84
2025-10-01,9:32:38.913439837,T,TGT,I,36,87.84
2025-10-01,9:32:38.913442273,T,TGT,I,2,87.84
2025-10-01,9:32:38.924096638,T,TGT,,100,87.86
2025-10-01,9:32:38.924316111,T,TGT,,100,87.86
2025-10-01,9:32:38.924328166,T,TGT,I,2,87.86
2025-10-01,9:32:38.924364605,T,TGT,I,98,87.86
2025-10-01,9:32:38.924364605,T,TGT,I,2,87.86
2025-10-01,9:32:38.924553689,T,TGT,,100,87.825
2025-10-01,9:32:38.924619872,T,TGT,,100,87.825
2025-10-01,9:32:39.617025553,T,TGT,F I,5,87.84
2025-10-01,9:32:39.753668127,T,TGT,F I,5,87.82
2025-10-01,9:32:43.099274497,T,TGT,F I,20,87.78
2025-10-01,9:32:43.099277387,T,TGT,F I,2,87.78
2025-10-01,9:32:43.099306860,T,TGT,F,100,87.77
2025-10-01,9:32:43.099310329,T,TGT,F,100,87.77
2025-10-01,9:32:43.099310329,T,TGT,F,100,87.77
2025-10-01,9:32:43.099383014,T,TGT,,100,87.78
2025-10-01,9:32:43.099550529,T,TGT,F,100,87.79
2025-10-01,9:32:43.099568530,T,TGT,I,12,87.79
2025-10-01,9:32:43.099571577,T,TGT,I,1,87.79
2025-10-01,9:32:43.099574722,T,TGT,I,1,87.79
2025-10-01,9:32:43.099581388,T,TGT,I,22,87.78
2025-10-01,9:32:43.099601608,T,TGT,F I,16,87.78
2025-10-01,9:32:43.099604813,T,TGT,I,78,87.78
2025-10-01,9:32:43.099604813,T,TGT,I,8,87.79
2025-10-01,9:32:43.099935435,T,TGT,I,25,87.82
2025-10-01,9:32:43.099986587,T,TGT,,100,87.83
2025-10-01,9:32:43.099993021,T,TGT,F I,4,87.82
2025-10-01,9:32:43.100016660,T,TGT,I,25,87.83
2025-10-01,9:32:43.100022724,T,TGT,F I,2,87.82
2025-10-01,9:32:43.100025579,T,TGT,I,94,87.82
2025-10-01,9:32:43.100025579,T,TGT,I,6,87.82
2025-10-01,9:32:43.100031619,T,TGT,F I,2,87.82
2025-10-01,9:32:43.100034864,T,TGT,F I,2,87.82
2025-10-01,9:32:43.100034864,T,TGT,F I,2,87.82
2025-10-01,9:32:43.100049654,T,TGT,F I,2,87.83
2025-10-01,9:32:43.100055951,T,TGT,I,86,87.83
2025-10-01,9:32:43.100055951,T,TGT,I,22,87.82
2025-10-01,9:32:43.100061757,T,TGT,F I,1,87.82
2025-10-01,9:32:43.100064696,T,TGT,F I,11,87.79
2025-10-01,9:32:43.100064696,T,TGT,F I,2,87.79
2025-10-01,9:32:43.100067721,T,TGT,F I,2,87.79
2025-10-01,9:32:43.100091867,T,TGT,F I,4,87.79
2025-10-01,9:32:43.100094987,T,TGT,F I,6,87.79
2025-10-01,9:32:43.100097832,T,TGT,F I,2,87.79
2025-10-01,9:32:43.100106782,T,TGT,F I,2,87.79
2025-10-01,9:32:43.100106782,T,TGT,F I,2,87.79
2025-10-01,9:32:43.100125107,T,TGT,F I,2,87.79
2025-10-01,9:32:43.100157908,T,TGT,I,82,87.81
2025-10-01,9:32:43.100178965,T,TGT,I,1,87.81
2025-10-01,9:32:43.100350391,T,TGT,I,25,87.82
2025-10-01,9:32:43.100798475,T,TGT,F I,12,87.82
2025-10-01,9:32:43.100801430,T,TGT,F I,58,87.82
2025-10-01,9:32:43.100801430,T,TGT,F,200,87.82
2025-10-01,9:32:43.101896068,T,TGT,F,166,87.82
2025-10-01,9:32:43.101923130,T,TGT,F I,2,87.82
2025-10-01,9:32:43.102016362,T,TGT,F,132,87.82
2025-10-01,9:32:43.102016362,T,TGT,F I,2,87.81
2025-10-01,9:32:43.102019376,T,TGT,F I,28,87.81
2025-10-01,9:32:43.102259940,T,TGT,I,34,87.82
2025-10-01,9:32:43.102930534,T,TGT,F I,18,87.82
2025-10-01,9:32:43.102930534,T,TGT,F I,2,87.82
2025-10-01,9:32:43.102963646,T,TGT,I,60,87.82
2025-10-01,9:32:43.102968079,T,TGT,,100,87.82
2025-10-01,9:32:43.102968079,T,TGT,I,2,87.82
2025-10-01,9:32:43.102972643,T,TGT,,100,87.82
2025-10-01,9:32:43.258352824,T,TGT,F I,72,87.81
2025-10-01,9:32:43.258355796,T,TGT,F I,28,87.81
2025-10-01,9:32:43.258373829,T,TGT,F I,72,87.81
2025-10-01,9:32:43.259465447,T,TGT,F I,2,87.8
2025-10-01,9:32:43.259492600,T,TGT,F I,67,87.79
2025-10-01,9:32:43.259495535,T,TGT,F I,2,87.79
2025-10-01,9:32:43.320165202,T,TGT,F I,50,87.78
2025-10-01,9:32:43.320165202,T,TGT,F I,51,87.78
2025-10-01,9:32:43.360229580,T,TGT,I,16,87.74
2025-10-01,9:32:43.360229580,T,TGT,I,49,87.74
2025-10-01,9:32:43.360439998,T,TGT,,100,87.74
2025-10-01,9:32:43.360497341,T,TGT,F I,2,87.74
2025-10-01,9:32:43.360500179,T,TGT,I,23,87.75
2025-10-01,9:32:43.360543000,T,TGT,F I,2,87.75
2025-10-01,9:32:43.360566367,T,TGT,I,98,87.75
2025-10-01,9:32:43.360566367,T,TGT,I,39,87.75
2025-10-01,9:32:43.360572377,T,TGT,I,16,87.74
2025-10-01,9:32:43.360572377,T,TGT,I,82,87.73
2025-10-01,9:32:43.360581355,T,TGT,I,20,87.73
2025-10-01,9:32:43.360584416,T,TGT,I,80,87.73
2025-10-01,9:32:43.360590424,T,TGT,I,2,87.73
2025-10-01,9:32:43.360674569,T,TGT,F I,2,87.74
2025-10-01,9:32:43.360737813,T,TGT,I,98,87.74
2025-10-01,9:32:43.360794926,T,TGT,I,93,87.73
2025-10-01,9:32:43.362157194,T,TGT,F I,10,87.7
2025-10-01,9:32:43.537799602,T,TGT,I,1,87.685
2025-10-01,9:32:44.731947565,T,TGT,F,113,87.65
2025-10-01,9:32:44.731950649,T,TGT,F,100,87.65
2025-10-01,9:32:44.732799038,T,TGT,I,1,87.6
2025-10-01,9:32:44.732799038,T,TGT,,200,87.6
2025-10-01,9:32:44.732805527,T,TGT,,100,87.6
2025-10-01,9:32:44.732805527,T,TGT,,100,87.6
2025-10-01,9:32:44.732807732,T,TGT,,100,87.6
2025-10-01,9:32:44.732852952,T,TGT,I,50,87.62
2025-10-01,9:32:44.732852952,T,TGT,I,50,87.63
2025-10-01,9:32:44.733102384,T,TGT,I,50,87.63
2025-10-01,9:32:44.733105494,T,TGT,I,93,87.63
2025-10-01,9:32:44.733105494,T,TGT,I,16,87.63
2025-10-01,9:32:44.733153471,T,TGT,,100,87.63
2025-10-01,9:32:44.733195600,T,TGT,F,100,87.63
2025-10-01,9:32:44.733217082,T,TGT,I,2,87.63
2025-10-01,9:32:44.733231693,T,TGT,I,18,87.64
2025-10-01,9:32:44.733409137,T,TGT,,100,87.63
2025-10-01,9:32:44.733430197,T,TGT,,100,87.63
2025-10-01,9:32:44.733466276,T,TGT,F I,18,87.64
2025-10-01,9:32:44.733493459,T,TGT,,100,87.6
2025-10-01,9:32:44.733493459,T,TGT,,100,87.6
2025-10-01,9:32:44.733496905,T,TGT,I,50,87.6
2025-10-01,9:32:44.733535441,T,TGT,F I,41,87.65
2025-10-01,9:32:44.733535441,T,TGT,F I,25,87.66
2025-10-01,9:32:44.733562434,T,TGT,F I,18,87.63
2025-10-01,9:32:44.733565462,T,TGT,F I,13,87.63
2025-10-01,9:32:44.733673952,T,TGT,F I,16,87.66
2025-10-01,9:32:44.733676894,T,TGT,F,100,87.66
2025-10-01,9:32:44.733676894,T,TGT,F I,34,87.66
2025-10-01,9:32:44.733842131,T,TGT,I,66,87.66
2025-10-01,9:32:44.733896284,T,TGT,F,100,87.67
2025-10-01,9:32:44.733963322,T,TGT,,100,87.66
2025-10-01,9:32:44.734070818,T,TGT,I,50,87.66
2025-10-01,9:32:44.734074137,T,TGT,I,50,87.66
2025-10-01,9:32:44.734127814,T,TGT,,100,87.66
2025-10-01,9:32:44.734146393,T,TGT,I,50,87.66
2025-10-01,9:32:44.734149324,T,TGT,I,49,87.66
2025-10-01,9:32:44.734187988,T,TGT,,100,87.65
2025-10-01,9:32:44.734242089,T,TGT,,200,87.65
2025-10-01,9:32:44.734702181,T,TGT,,100,87.66
2025-10-01,9:32:44.734705148,T,TGT,I,32,87.66
2025-10-01,9:32:44.734918643,T,TGT,I,2,87.65
2025-10-01,9:32:44.734969840,T,TGT,I,18,87.66
2025-10-01,9:32:44.734990881,T,TGT,I,1,87.66
2025-10-01,9:32:44.734996866,T,TGT,F I,71,87.66
2025-10-01,9:32:44.735420907,T,TGT,I,10,87.66
2025-10-01,9:32:44.735706517,T,TGT,F I,7,87.66
2025-10-01,9:32:44.735902511,T,TGT,F I,2,87.65
2025-10-01,9:32:44.736005028,T,TGT,I,13,87.65
2025-10-01,9:32:44.736005028,T,TGT,I,8,87.65
2025-10-01,9:32:44.736013346,T,TGT,I,25,87.66
2025-10-01,9:32:44.736166722,T,TGT,F I,26,87.65
2025-10-01,9:32:44.736169823,T,TGT,F I,23,87.65
2025-10-01,9:32:44.736169823,T,TGT,F I,2,87.65
2025-10-01,9:32:44.736172772,T,TGT,F I,2,87.64
2025-10-01,9:32:44.736172772,T,TGT,F I,57,87.64
2025-10-01,9:32:44.736278123,T,TGT,I,3,87.66
2025-10-01,9:32:44.736278123,T,TGT,I,23,87.66
2025-10-01,9:32:44.736280951,T,TGT,I,23,87.66
2025-10-01,9:32:44.736437324,T,TGT,F I,5,87.66
2025-10-01,9:32:44.736458359,T,TGT,I,1,87.66
2025-10-01,9:32:44.736464370,T,TGT,I,19,87.66
2025-10-01,9:32:44.736705480,T,TGT,F I,10,87.65
2025-10-01,9:32:44.736705480,T,TGT,F I,25,87.65
2025-10-01,9:32:44.736709115,T,TGT,F I,24,87.65
2025-10-01,9:32:44.736709115,T,TGT,F I,23,87.65
2025-10-01,9:32:44.736765502,T,TGT,I,5,87.66
2025-10-01,9:32:44.736765502,T,TGT,I,5,87.66
2025-10-01,9:32:44.736768135,T,TGT,I,2,87.66
2025-10-01,9:32:44.736789120,T,TGT,I,1,87.66
2025-10-01,9:32:44.736909402,T,TGT,,100,87.66
2025-10-01,9:32:44.737195607,T,TGT,F I,6,87.66
2025-10-01,9:32:44.737198217,T,TGT,F I,2,87.66
2025-10-01,9:32:44.737201183,T,TGT,F I,2,87.66
2025-10-01,9:32:44.737598034,T,TGT,I,1,87.66
2025-10-01,9:32:44.737703350,T,TGT,F I,25,87.63
2025-10-01,9:32:44.737706280,T,TGT,F,100,87.63
2025-10-01,9:32:44.737766499,T,TGT,I,2,87.65
2025-10-01,9:32:44.737787965,T,TGT,I,1,87.65
2025-10-01,9:32:44.737817554,T,TGT,I,97,87.65
2025-10-01,9:32:44.738364925,T,TGT,F I,39,87.64
2025-10-01,9:32:44.738371500,T,TGT,F I,20,87.64
2025-10-01,9:32:44.738371500,T,TGT,F I,2,87.64
2025-10-01,9:32:44.738376895,T,TGT,F I,2,87.64
2025-10-01,9:32:44.738376895,T,TGT,F I,1,87.64
2025-10-01,9:32:44.738376895,T,TGT,F I,59,87.64
2025-10-01,9:32:44.738380055,T,TGT,F I,1,87.64
2025-10-01,9:32:44.738386527,T,TGT,F,100,87.64
2025-10-01,9:32:44.738386527,T,TGT,F I,65,87.63
2025-10-01,9:32:44.738470209,T,TGT,I,38,87.65
2025-10-01,9:32:44.738473165,T,TGT,I,1,87.65
2025-10-01,9:32:44.738476177,T,TGT,I,25,87.67
2025-10-01,9:32:44.738936500,T,TGT,I,2,87.65
2025-10-01,9:32:44.739507603,T,TGT,I,23,87.66
2025-10-01,9:32:44.739739194,T,TGT,F I,23,87.65
2025-10-01,9:32:44.739742327,T,TGT,F I,18,87.65
2025-10-01,9:32:44.739742327,T,TGT,F I,2,87.65
2025-10-01,9:32:44.739745231,T,TGT,F,100,87.64
2025-10-01,9:32:44.792677719,T,TGT,,100,87.7
2025-10-01,9:32:44.792677719,T,TGT,,100,87.7
2025-10-01,9:32:44.792680320,T,TGT,I,41,87.71
2025-10-01,9:32:44.792684127,T,TGT,I,25,87.71
2025-10-01,9:32:44.792684127,T,TGT,I,34,87.71
2025-10-01,9:32:44.792917940,T,TGT,F I,13,87.71
2025-10-01,9:32:44.792954042,T,TGT,F,100,87.71
2025-10-01,9:32:44.792974973,T,TGT,I,1,87.71
2025-10-01,9:32:44.793014150,T,TGT,I,1,87.71
2025-10-01,9:32:44.793035627,T,TGT,I,1,87.71
2025-10-01,9:32:44.793038215,T,TGT,F I,97,87.71
2025-10-01,9:32:44.793047691,T,TGT,I,1,87.71
2025-10-01,9:32:44.793053177,T,TGT,,100,87.71
2025-10-01,9:32:44.793092336,T,TGT,I,77,87.7
2025-10-01,9:32:44.793113352,T,TGT,I,1,87.7
2025-10-01,9:32:44.793146534,T,TGT,I,22,87.7
2025-10-01,9:32:44.793146534,T,TGT,I,2,87.7
2025-10-01,9:32:44.793155553,T,TGT,,200,87.71
2025-10-01,9:32:44.793155553,T,TGT,,100,87.71
2025-10-01,9:32:44.793158430,T,TGT,I,77,87.71
2025-10-01,9:32:44.793164583,T,TGT,F I,25,87.71
2025-10-01,9:32:44.793164583,T,TGT,F I,1,87.71
2025-10-01,9:32:44.793306007,T,TGT,F I,22,87.71
2025-10-01,9:32:44.793483212,T,TGT,F I,12,87.71
2025-10-01,9:32:44.793723791,T,TGT,F I,34,87.71
2025-10-01,9:32:44.793731040,T,TGT,F I,1,87.71
2025-10-01,9:32:44.793736206,T,TGT,F I,11,87.71
2025-10-01,9:32:44.793736206,T,TGT,F I,11,87.71
2025-10-01,9:32:44.793736206,T,TGT,F I,21,87.71
2025-10-01,9:32:44.793739192,T,TGT,F I,1,87.71
2025-10-01,9:32:44.793739192,T,TGT,F I,3,87.71
2025-10-01,9:32:44.793744878,T,TGT,I,1,87.71
2025-10-01,9:32:44.794052036,T,TGT,F I,34,87.71
2025-10-01,9:32:44.794052036,T,TGT,F I,1,87.71
2025-10-01,9:32:44.794054635,T,TGT,F I,7,87.71
2025-10-01,9:32:44.794054635,T,TGT,F I,7,87.71
2025-10-01,9:32:44.794057583,T,TGT,F I,3,87.71
2025-10-01,9:32:44.795365718,T,TGT,F,100,87.7
2025-10-01,9:32:44.907205153,T,TGT,I,2,87.69
2025-10-01,9:32:44.907205153,T,TGT,I,51,87.68
2025-10-01,9:32:44.907208152,T,TGT,I,2,87.67
2025-10-01,9:32:44.907211195,T,TGT,I,45,87.67
2025-10-01,9:32:44.984889541,T,TGT,F,100,87.67
2025-10-01,9:32:44.984892255,T,TGT,F I,81,87.67
2025-10-01,9:32:44.984895278,T,TGT,F I,51,87.67
2025-10-01,9:32:45.330427508,T,TGT,I,51,87.64
2025-10-01,9:32:45.330431024,T,TGT,,100,87.64
2025-10-01,9:32:45.330431024,T,TGT,I,49,87.64
2025-10-01,9:32:45.330448589,T,TGT,F I,51,87.64
2025-10-01,9:32:45.330466677,T,TGT,F I,50,87.64
2025-10-01,9:32:45.330710190,T,TGT,I,2,87.64
2025-10-01,9:32:45.930645467,T,TGT,F I,2,87.6
2025-10-01,9:32:45.930648488,T,TGT,F I,20,87.6
2025-10-01,9:32:45.930744735,T,TGT,F I,11,87.58
2025-10-01,9:32:46.851090795,T,TGT,F I,10,87.55
2025-10-01,9:32:46.851093374,T,TGT,F I,15,87.55
2025-10-01,9:32:47.415411878,T,TGT,F I,5,87.57
2025-10-01,9:32:47.415456885,T,TGT,F I,5,87.57
2025-10-01,9:32:47.415493003,T,TGT,F I,5,87.57
2025-10-01,9:32:47.415526087,T,TGT,F I,5,87.57
2025-10-01,9:32:47.415562188,T,TGT,F I,5,87.57
2025-10-01,9:32:47.415592213,T,TGT,F I,5,87.57
2025-10-01,9:32:47.415628349,T,TGT,F I,2,87.57
2025-10-01,9:32:47.521525654,T,TGT,F I,4,87.66
2025-10-01,9:32:47.521570756,T,TGT,F I,2,87.66
2025-10-01,9:32:47.538167262,T,TGT,F I,2,87.7
2025-10-01,9:32:47.538206414,T,TGT,F I,4,87.7
2025-10-01,9:32:47.538242438,T,TGT,F I,2,87.7
2025-10-01,9:32:47.538275491,T,TGT,F I,2,87.7
2025-10-01,9:32:47.569336900,T,TGT,I,10,87.73
2025-10-01,9:32:47.569339562,T,TGT,I,90,87.73
2025-10-01,9:32:47.569363748,T,TGT,F I,10,87.73
2025-10-01,9:32:47.569367601,T,TGT,F,100,87.73
2025-10-01,9:32:47.569369681,T,TGT,F I,20,87.73
2025-10-01,9:32:47.569372639,T,TGT,F I,20,87.73
2025-10-01,9:32:47.569399645,T,TGT,F I,50,87.74
2025-10-01,9:32:47.569507936,T,TGT,F,100,87.74
2025-10-01,9:32:47.570040327,T,TGT,F,100,87.74
2025-10-01,9:32:47.570043285,T,TGT,F,100,87.74
2025-10-01,9:32:47.571315262,T,TGT,F I,2,87.77
2025-10-01,9:32:47.571366409,T,TGT,F I,2,87.77
2025-10-01,9:32:47.659458306,T,TGT,F I,3,87.775
2025-10-01,9:32:47.948979295,T,TGT,F I,50,87.85
2025-10-01,9:32:47.948979295,T,TGT,F I,4,87.85
2025-10-01,9:32:47.948982013,T,TGT,F I,1,87.85
2025-10-01,9:32:50.399974408,T,TGT,F I,1,87.86
2025-10-01,9:32:50.399983410,T,TGT,F I,50,87.87
2025-10-01,9:32:50.409907069,T,TGT,F,100,87.91
2025-10-01,9:32:50.409907069,T,TGT,F I,25,87.91
2025-10-01,9:32:50.410120968,T,TGT,F I,75,87.91
2025-10-01,9:32:50.410123541,T,TGT,F I,25,87.93
2025-10-01,9:32:50.410165673,T,TGT,F I,75,87.93
2025-10-01,9:32:50.410623497,T,TGT,F,150,87.91
2025-10-01,9:32:50.410623497,T,TGT,F I,8,87.93
2025-10-01,9:32:50.410625798,T,TGT,F,100,87.93
2025-10-01,9:32:50.410629383,T,TGT,F I,69,87.93
2025-10-01,9:32:50.410632997,T,TGT,F,100,87.93
2025-10-01,9:32:50.410632997,T,TGT,F,100,87.93
2025-10-01,9:32:50.410638224,T,TGT,F,100,87.93
2025-10-01,9:32:50.410638224,T,TGT,F,311,87.93
2025-10-01,9:32:50.410644638,T,TGT,F I,20,87.93
2025-10-01,9:32:50.410647120,T,TGT,F,130,87.93
2025-10-01,9:32:50.410649951,T,TGT,I,1,87.93
2025-10-01,9:32:50.410649951,T,TGT,F I,99,87.93
2025-10-01,9:32:50.410667862,T,TGT,,100,87.93
2025-10-01,9:32:50.410673864,T,TGT,F,100,87.93
2025-10-01,9:32:50.410706964,T,TGT,F,100,87.93
2025-10-01,9:32:50.411284391,T,TGT,F I,2,87.93
2025-10-01,9:32:50.411299435,T,TGT,I,1,87.93
2025-10-01,9:32:50.411494885,T,TGT,,147,87.93
2025-10-01,9:32:50.411497919,T,TGT,I,3,87.93
2025-10-01,9:32:50.411531355,T,TGT,F I,97,87.93
2025-10-01,9:32:50.411534561,T,TGT,F,150,87.93
2025-10-01,9:32:50.411537170,T,TGT,F,100,87.93
2025-10-01,9:32:50.411537170,T,TGT,F I,41,87.93
2025-10-01,9:32:50.411539995,T,TGT,F I,34,87.93
2025-10-01,9:32:50.412935324,T,TGT,F,100,87.96
2025-10-01,9:32:50.413266109,T,TGT,F,100,87.96
2025-10-01,9:32:50.413287168,T,TGT,I,1,87.96
2025-10-01,9:32:50.413293181,T,TGT,F I,99,87.96
2025-10-01,9:32:50.413921627,T,TGT,I,2,87.95
2025-10-01,9:32:50.413921627,T,TGT,I,2,87.94
2025-10-01,9:32:50.414622957,T,TGT,F,100,87.95
2025-10-01,9:32:50.414622957,T,TGT,F I,18,87.95
2025-10-01,9:32:50.416378451,T,TGT,F,100,87.945
2025-10-01,9:32:50.417831011,T,TGT,F,100,87.96
2025-10-01,9:32:50.626786821,T,TGT,F I,48,87.99
2025-10-01,9:32:50.626834848,T,TGT,F I,48,87.99
2025-10-01,9:32:51.001253922,T,TGT,F I,31,87.95
2025-10-01,9:32:51.001257254,T,TGT,F I,2,87.95
2025-10-01,9:32:51.001260508,T,TGT,F,100,87.95
2025-10-01,9:32:51.001260508,T,TGT,F,100,87.95
2025-10-01,9:32:51.001329083,T,TGT,F I,2,87.94
2025-10-01,9:32:51.001389236,T,TGT,F I,2,87.93
2025-10-01,9:32:51.008877072,T,TGT,F I,74,87.94
2025-10-01,9:32:51.008898142,T,TGT,F I,26,87.94
2025-10-01,9:32:51.008901116,T,TGT,F I,74,87.95
2025-10-01,9:32:51.008904089,T,TGT,F I,25,87.96
2025-10-01,9:32:51.008904089,T,TGT,F I,25,87.96
2025-10-01,9:32:51.009268003,T,TGT,I,44,87.94
2025-10-01,9:32:51.358559174,T,TGT,F I,25,87.98
2025-10-01,9:32:51.358562204,T,TGT,F I,50,87.98
2025-10-01,9:32:51.358580775,T,TGT,I,50,87.98
2025-10-01,9:32:51.359094467,T,TGT,F I,57,87.98
2025-10-01,9:32:51.359362075,T,TGT,F I,10,87.98
2025-10-01,9:32:51.359419218,T,TGT,F,100,87.99
2025-10-01,9:32:51.575141174,T,TGT,F I,25,88.02
2025-10-01,9:32:51.575144231,T,TGT,F I,47,88.02
2025-10-01,9:32:51.575153230,T,TGT,F I,10,88.03
2025-10-01,9:32:51.575471948,T,TGT,F I,50,88.03
2025-10-01,9:32:51.575478104,T,TGT,F I,50,88.03
2025-10-01,9:32:51.575480955,T,TGT,F I,50,88.03
2025-10-01,9:32:51.575505512,T,TGT,F I,50,88.03
2025-10-01,9:32:51.575508054,T,TGT,F I,31,88.03
2025-10-01,9:32:51.577811941,T,TGT,F I,74,88.02
2025-10-01,9:32:51.578482096,T,TGT,F I,13,88.03
2025-10-01,9:32:51.578482096,T,TGT,F I,48,88.03
2025-10-01,9:32:51.578485595,T,TGT,F I,47,88.04
2025-10-01,9:32:51.578942193,T,TGT,F,100,88.06
2025-10-01,9:32:51.578942193,T,TGT,F,100,88.06
2025-10-01,9:32:51.579435420,T,TGT,F I,24,88.06
2025-10-01,9:32:51.579450400,T,TGT,F I,76,88.06
2025-10-01,9:32:51.579453473,T,TGT,F,100,88.06
2025-10-01,9:32:51.580115077,T,TGT,F,100,88.05
2025-10-01,9:32:51.590075112,T,TGT,,200,88.025
2025-10-01,9:32:51.590075112,T,TGT,,100,88.05
2025-10-01,9:32:51.590077800,T,TGT,,150,88.05
2025-10-01,9:32:51.590144062,T,TGT,,255,88.05
2025-10-01,9:32:51.590144062,T,TGT,I,49,88.05
2025-10-01,9:32:51.590198084,T,TGT,I,64,88.05
2025-10-01,9:32:52.698858436,T,TGT,,100,88.025
2025-10-01,9:32:55.317268665,T,TGT,F I,47,88.0
2025-10-01,9:32:55.317295700,T,TGT,F I,69,87.98
2025-10-01,9:32:55.317316782,T,TGT,I,1,87.98
2025-10-01,9:32:55.317328841,T,TGT,I,45,87.98
2025-10-01,9:32:55.317331794,T,TGT,F I,55,87.98
2025-10-01,9:32:55.317373902,T,TGT,F I,55,87.98
2025-10-01,9:32:55.317404221,T,TGT,F I,5,87.98
2025-10-01,9:32:55.317407370,T,TGT,F I,95,87.99
2025-10-01,9:32:55.317473528,T,TGT,F I,5,87.99
2025-10-01,9:32:55.317512227,T,TGT,F I,19,88.0
2025-10-01,9:32:55.317530219,T,TGT,F I,81,88.0
2025-10-01,9:32:55.323018292,T,TGT,F I,53,87.98
2025-10-01,9:32:55.324422644,T,TGT,F I,53,87.99
2025-10-01,9:32:56.671334644,T,TGT,F,100,87.98
2025-10-01,9:32:56.671337566,T,TGT,F I,2,87.98
2025-10-01,9:32:56.671578185,T,TGT,F,100,88.04
2025-10-01,9:32:56.671605239,T,TGT,F I,5,88.0
2025-10-01,9:32:56.671656346,T,TGT,F I,5,88.0
2025-10-01,9:32:56.671692473,T,TGT,F I,5,88.0
2025-10-01,9:32:56.671734528,T,TGT,F I,5,88.0
2025-10-01,9:32:56.671770621,T,TGT,F I,5,88.0
2025-10-01,9:32:56.671803688,T,TGT,F I,5,88.0
2025-10-01,9:32:56.671839818,T,TGT,F I,4,88.0
2025-10-01,9:32:56.673346444,T,TGT,F,100,88.05
2025-10-01,9:32:56.673346444,T,TGT,F I,2,88.05
2025-10-01,9:32:59.678881041,T,TGT,F,100,88.09
2025-10-01,9:32:59.678923169,T,TGT,F I,1,88.11
2025-10-01,9:32:59.678926108,T,TGT,F I,99,88.11
2025-10-01,9:32:59.678944399,T,TGT,F I,1,88.11
2025-10-01,9:32:59.678944399,T,TGT,F I,37,88.12
2025-10-01,9:32:59.678950810,T,TGT,F I,50,88.12
2025-10-01,9:32:59.695928664,T,TGT,I,30,88.16
2025-10-01,9:32:59.771772369,T,TGT,F I,1,88.12
2025-10-01,9:32:59.812880214,T,TGT,F I,60,88.11
2025-10-01,9:32:59.824509214,T,TGT,F I,36,88.07
2025-10-01,9:32:59.824509214,T,TGT,F,167,88.07
2025-10-01,9:32:59.824530016,T,TGT,I,33,88.07
2025-10-01,9:33:03.260410830,T,TGT,F I,1,88.11
2025-10-01,9:33:03.260456057,T,TGT,F I,3,88.11
2025-10-01,9:33:03.260639587,T,TGT,F I,33,88.11
2025-10-01,9:33:03.260840921,T,TGT,F I,36,88.1
2025-10-01,9:33:03.648831172,T,TGT,F I,4,88.03
2025-10-01,9:33:05.536957593,T,TGT,I,91,87.975
2025-10-01,9:33:06.160497275,T,TGT,F,100,88.04
2025-10-01,9:33:06.160497275,T,TGT,F,500,88.05
2025-10-01,9:33:06.160499186,T,TGT,F,100,88.05
2025-10-01,9:33:06.160917439,T,TGT,F,100,88.07
2025-10-01,9:33:06.160917439,T,TGT,F I,2,88.07
2025-10-01,9:33:06.161278131,T,TGT,F I,7,88.08
2025-10-01,9:33:06.161518672,T,TGT,I,52,88.08
2025-10-01,9:33:06.185299392,T,TGT,I,40,88.07
2025-10-01,9:33:06.185354506,T,TGT,,100,88.06
2025-10-01,9:33:06.185354506,T,TGT,I,56,88.06
2025-10-01,9:33:06.185356483,T,TGT,I,25,88.06
2025-10-01,9:33:06.185374473,T,TGT,F I,75,88.06
2025-10-01,9:33:06.185419565,T,TGT,F I,7,88.05
2025-10-01,9:33:06.185458689,T,TGT,I,93,88.05
2025-10-01,9:33:06.199941244,T,TGT,,100,88.05
2025-10-01,9:33:06.200936545,T,TGT,,148,88.04
2025-10-01,9:33:06.201528929,T,TGT,F I,52,88.04
2025-10-01,9:33:06.995005347,T,TGT,F,100,88.03
2025-10-01,9:33:14.172550503,T,TGT,I,30,88.04
2025-10-01,9:33:15.136250479,T,TGT,F I,5,88.04
2025-10-01,9:33:19.456430290,T,TGT,,100,88.06
2025-10-01,9:33:20.827255197,T,TGT,,100,88.06
2025-10-01,9:33:20.839392056,T,TGT,,200,88.06
2025-10-01,9:33:21.639300759,T,TGT,F I,4,88.03
2025-10-01,9:33:21.639354888,T,TGT,I,21,88.03
2025-10-01,9:33:21.640245013,T,TGT,F I,25,88.0
2025-10-01,9:33:21.640248066,T,TGT,F,1000,88.0
2025-10-01,9:33:21.640377361,T,TGT,F I,1,87.98
2025-10-01,9:33:21.640380330,T,TGT,F I,25,87.98
2025-10-01,9:33:21.640515773,T,TGT,F I,2,87.97
2025-10-01,9:33:21.640515773,T,TGT,F I,25,87.97
2025-10-01,9:33:21.725705594,T,TGT,F I,10,87.94
2025-10-01,9:33:24.667605593,T,TGT,F I,2,87.9
2025-10-01,9:33:25.227314086,T,TGT,,100,87.895
2025-10-01,9:33:25.228622252,T,TGT,,100,87.895
2025-10-01,9:33:25.271266791,T,TGT,,100,87.895
2025-10-01,9:33:25.272641157,T,TGT,,100,87.895
2025-10-01,9:33:25.301708361,T,TGT,,100,87.895
2025-10-01,9:33:25.302989322,T,TGT,,100,87.895
2025-10-01,9:33:26.842901106,T,TGT,F,100,87.88
2025-10-01,9:33:29.277877289,T,TGT,I,21,87.88
2025-10-01,9:33:30.118893959,T,TGT,,106,87.88
2025-10-01,9:33:30.645394525,T,TGT,F I,5,87.88
2025-10-01,9:33:34.648011608,T,TGT,F I,4,87.86
2025-10-01,9:33:34.648120621,T,TGT,F,200,87.85
2025-10-01,9:33:34.648120621,T,TGT,F,100,87.85
2025-10-01,9:33:34.648122962,T,TGT,F I,2,87.85
2025-10-01,9:33:34.648513749,T,TGT,F I,10,87.83
2025-10-01,9:33:34.649527155,T,TGT,F I,1,87.81
2025-10-01,9:33:34.649588565,T,TGT,F,100,87.8
2025-10-01,9:33:34.649588565,T,TGT,F,100,87.8
2025-10-01,9:33:34.649590904,T,TGT,F I,5,87.8
2025-10-01,9:33:34.649593284,T,TGT,F,100,87.8
2025-10-01,9:33:34.649593284,T,TGT,F,100,87.8
2025-10-01,9:33:34.649680512,T,TGT,I,2,87.81
2025-10-01,9:33:34.817847170,T,TGT,F,100,87.78
2025-10-01,9:33:35.198139295,T,TGT,F I,1,87.72
2025-10-01,9:33:35.243063310,T,TGT,F,100,87.73
2025-10-01,9:33:35.631826812,T,TGT,F,100,87.7
2025-10-01,9:33:35.631826812,T,TGT,F,1347,87.68
2025-10-01,9:33:35.631859568,T,TGT,F I,5,87.7
2025-10-01,9:33:35.633483402,T,TGT,F I,50,87.7
2025-10-01,9:33:38.952824540,T,TGT,F I,50,87.7
2025-10-01,9:33:38.952843734,T,TGT,F,100,87.69
2025-10-01,9:33:38.952846068,T,TGT,F I,2,87.69
2025-10-01,9:33:40.434084482,T,TGT,F I,81,87.69
2025-10-01,9:33:40.434141552,T,TGT,,153,87.68
2025-10-01,9:33:40.434141552,T,TGT,I,1,87.68
2025-10-01,9:33:42.149208698,T,TGT,F I,5,87.7
2025-10-01,9:33:42.149256849,T,TGT,F I,5,87.7
2025-10-01,9:33:42.149292905,T,TGT,F I,4,87.7
2025-10-01,9:33:44.826725345,T,TGT,F I,8,87.67
2025-10-01,9:33:44.826728104,T,TGT,F I,25,87.67
2025-10-01,9:33:44.826730711,T,TGT,F,100,87.67
2025-10-01,9:33:44.826730711,T,TGT,F I,2,87.67
2025-10-01,9:33:44.826736794,T,TGT,F,300,87.66
2025-10-01,9:33:44.826739743,T,TGT,F I,25,87.66
2025-10-01,9:33:44.827497663,T,TGT,F I,1,87.61
2025-10-01,9:33:44.827497663,T,TGT,F I,1,87.61
2025-10-01,9:33:44.827521766,T,TGT,F,285,87.6
2025-10-01,9:33:44.827570337,T,TGT,F I,2,87.62
2025-10-01,9:33:44.827572714,T,TGT,F I,75,87.62
2025-10-01,9:33:44.827605879,T,TGT,I,2,87.62
2025-10-01,9:33:44.827808085,T,TGT,F I,50,87.59
2025-10-01,9:33:44.828568256,T,TGT,I,25,87.54
2025-10-01,9:33:44.828568256,T,TGT,I,10,87.51
2025-10-01,9:33:44.828571086,T,TGT,I,25,87.51
2025-10-01,9:33:44.829130481,T,TGT,,200,87.555
2025-10-01,9:33:44.829542490,T,TGT,F I,2,87.58
2025-10-01,9:33:44.829563475,T,TGT,I,1,87.58
2025-10-01,9:33:44.829656743,T,TGT,F I,2,87.58
2025-10-01,9:33:44.830739289,T,TGT,F I,8,87.56
2025-10-01,9:33:44.830916777,T,TGT,F I,92,87.56
2025-10-01,9:33:44.830916777,T,TGT,F I,8,87.56
2025-10-01,9:33:44.830937756,T,TGT,F I,92,87.56
2025-10-01,9:33:44.830940770,T,TGT,F I,2,87.56
2025-10-01,9:33:44.831154316,T,TGT,F I,2,87.54
2025-10-01,9:33:47.085202192,T,TGT,,100,87.52
2025-10-01,9:33:47.085568906,T,TGT,F I,1,87.5
2025-10-01,9:33:47.085571575,T,TGT,F I,75,87.5
2025-10-01,9:33:47.085574668,T,TGT,F I,10,87.5
2025-10-01,9:33:47.085574668,T,TGT,F,400,87.5
2025-10-01,9:33:47.085578062,T,TGT,F I,30,87.5
2025-10-01,9:33:47.085578062,T,TGT,F I,10,87.5
2025-10-01,9:33:47.085581076,T,TGT,F I,5,87.5
2025-10-01,9:33:47.085581076,T,TGT,F,100,87.5
2025-10-01,9:33:47.085583594,T,TGT,F I,20,87.5
2025-10-01,9:33:47.085583594,T,TGT,F I,7,87.5
2025-10-01,9:33:47.085589651,T,TGT,F I,2,87.5
2025-10-01,9:33:47.085589651,T,TGT,F I,1,87.5
2025-10-01,9:33:47.086115582,T,TGT,I,66,87.5
2025-10-01,9:33:47.086118670,T,TGT,F I,34,87.5
2025-10-01,9:33:47.086232978,T,TGT,I,2,87.5
2025-10-01,9:33:47.086299053,T,TGT,F I,4,87.5
2025-10-01,9:33:47.086404345,T,TGT,I,2,87.49
2025-10-01,9:33:47.086452430,T,TGT,I,1,87.49
2025-10-01,9:33:47.086560680,T,TGT,F I,1,87.47
2025-10-01,9:33:47.086608771,T,TGT,I,24,87.47
2025-10-01,9:33:47.087183745,T,TGT,F I,4,87.46
2025-10-01,9:33:47.117152558,T,TGT,F I,2,87.45
2025-10-01,9:33:47.117203721,T,TGT,F I,2,87.45
2025-10-01,9:33:47.117495409,T,TGT,F I,1,87.45
2025-10-01,9:33:47.137345730,T,TGT,F I,22,87.46
2025-10-01,9:33:47.137345730,T,TGT,F I,1,87.46
2025-10-01,9:33:47.137366758,T,TGT,F I,99,87.46
2025-10-01,9:33:47.137670419,T,TGT,F,100,87.46
2025-10-01,9:33:47.137679502,T,TGT,,100,87.46
2025-10-01,9:33:47.139913894,T,TGT,F,100,87.46
2025-10-01,9:33:47.139913894,T,TGT,F I,2,87.46
2025-10-01,9:33:47.139916870,T,TGT,F,100,87.46
2025-10-01,9:33:47.194761491,T,TGT,F I,5,87.46
2025-10-01,9:33:47.194782581,T,TGT,I,1,87.46
2025-10-01,9:33:47.194801179,T,TGT,I,25,87.46
2025-10-01,9:33:47.194804417,T,TGT,I,4,87.46
2025-10-01,9:33:47.194804417,T,TGT,,100,87.46
2025-10-01,9:33:47.194806542,T,TGT,,300,87.46
2025-10-01,9:33:47.195074262,T,TGT,,100,87.46
2025-10-01,9:33:47.195287762,T,TGT,F,100,87.47
2025-10-01,9:33:47.195287762,T,TGT,F,100,87.47
2025-10-01,9:33:47.195291011,T,TGT,F,100,87.47
2025-10-01,9:33:47.195291011,T,TGT,F,100,87.47
2025-10-01,9:33:47.195294183,T,TGT,F I,55,87.47
2025-10-01,9:33:47.195380950,T,TGT,,100,87.47
2025-10-01,9:33:47.195780983,T,TGT,F I,34,87.47
2025-10-01,9:33:47.195780983,T,TGT,F,100,87.47
2025-10-01,9:33:47.195783954,T,TGT,F,100,87.47
2025-10-01,9:33:47.207373574,T,TGT,,100,87.47
2025-10-01,9:33:49.163312095,T,TGT,F I,7,87.53
2025-10-01,9:33:49.163312095,T,TGT,F I,1,87.53
2025-10-01,9:33:49.163318043,T,TGT,F I,64,87.53
2025-10-01,9:33:49.163321154,T,TGT,F I,4,87.53
2025-10-01,9:33:49.163321154,T,TGT,F,100,87.53
2025-10-01,9:33:49.163323662,T,TGT,F,100,87.53
2025-10-01,9:33:49.163323662,T,TGT,F,400,87.53
2025-10-01,9:33:49.163552447,T,TGT,F,100,87.53
2025-10-01,9:33:49.163561720,T,TGT,F,100,87.53
2025-10-01,9:33:49.163561720,T,TGT,,100,87.51
2025-10-01,9:33:49.163564703,T,TGT,,200,87.51
2025-10-01,9:33:49.163567041,T,TGT,I,2,87.51
2025-10-01,9:33:49.163582178,T,TGT,I,1,87.52
2025-10-01,9:33:49.163591378,T,TGT,F I,50,87.52
2025-10-01,9:33:49.163598162,T,TGT,F I,59,87.53
2025-10-01,9:33:49.163598162,T,TGT,I,2,87.53
2025-10-01,9:33:49.163609142,T,TGT,I,19,87.52
2025-10-01,9:33:49.163627278,T,TGT,I,30,87.52
2025-10-01,9:33:49.163636268,T,TGT,,200,87.53
2025-10-01,9:33:49.163741478,T,TGT,F,100,87.53
2025-10-01,9:33:49.163754189,T,TGT,F,100,87.53
2025-10-01,9:33:49.163754189,T,TGT,F,100,87.53
2025-10-01,9:33:49.163795668,T,TGT,I,42,87.53
2025-10-01,9:33:49.163861777,T,TGT,F I,6,87.53
2025-10-01,9:33:49.163861777,T,TGT,F I,6,87.53
2025-10-01,9:33:49.163865774,T,TGT,F I,6,87.53
2025-10-01,9:33:49.163865774,T,TGT,F I,2,87.53
2025-10-01,9:33:49.163867975,T,TGT,F I,4,87.53
2025-10-01,9:33:49.163882896,T,TGT,I,1,87.53
2025-10-01,9:33:49.163888904,T,TGT,F I,36,87.53
2025-10-01,9:33:49.163955196,T,TGT,I,13,87.53
2025-10-01,9:33:49.163958015,T,TGT,I,2,87.53
2025-10-01,9:33:49.164252785,T,TGT,F I,42,87.53
2025-10-01,9:33:49.164255868,T,TGT,F,102,87.53
2025-10-01,9:33:49.164259170,T,TGT,F I,67,87.53
2025-10-01,9:33:49.164259170,T,TGT,F I,67,87.53
2025-10-01,9:33:49.164261710,T,TGT,F,100,87.53
2025-10-01,9:33:49.164261710,T,TGT,,200,87.53
2025-10-01,9:33:49.164412095,T,TGT,I,2,87.52
2025-10-01,9:33:49.164415566,T,TGT,I,51,87.52
2025-10-01,9:33:49.181477773,T,TGT,I,31,87.49
2025-10-01,9:33:49.181481128,T,TGT,I,60,87.49
2025-10-01,9:33:49.181483784,T,TGT,I,2,87.49
2025-10-01,9:33:49.181483784,T,TGT,,100,87.48
2025-10-01,9:33:49.181486821,T,TGT,,100,87.48
2025-10-01,9:33:49.370366740,T,TGT,I,2,87.47
2025-10-01,9:33:52.022189676,T,TGT,F I,90,87.45
2025-10-01,9:33:52.237253070,T,TGT,F I,20,87.44
2025-10-01,9:33:52.237253070,T,TGT,F I,2,87.44
2025-10-01,9:33:52.520497796,T,TGT,I,50,87.44
2025-10-01,9:33:54.280537765,T,TGT,F I,4,87.46
2025-10-01,9:33:54.280586261,T,TGT,F I,96,87.46
2025-10-01,9:33:54.281424154,T,TGT,F I,60,87.48
2025-10-01,9:33:54.281457246,T,TGT,F I,20,87.47
2025-10-01,9:33:54.281475353,T,TGT,F,100,87.48
2025-10-01,9:33:54.281544519,T,TGT,F,400,87.47
2025-10-01,9:33:54.281565573,T,TGT,F,400,87.47
2025-10-01,9:33:54.680823786,T,TGT,F I,14,87.46
2025-10-01,9:33:54.680854287,T,TGT,F I,8,87.46
2025-10-01,9:33:54.680874857,T,TGT,F I,28,87.46
2025-10-01,9:33:54.682468608,T,TGT,F I,66,87.46
2025-10-01,9:33:54.689668139,T,TGT,F I,23,87.47
2025-10-01,9:33:54.689668139,T,TGT,F,100,87.47
2025-10-01,9:33:54.690200133,T,TGT,F I,25,87.5
2025-10-01,9:33:54.690203795,T,TGT,F I,38,87.5
2025-10-01,9:33:54.690203795,T,TGT,F,100,87.5
2025-10-01,9:33:54.690206219,T,TGT,F,100,87.5
2025-10-01,9:33:54.690206219,T,TGT,F I,26,87.5
2025-10-01,9:33:54.690209392,T,TGT,F I,9,87.5
2025-10-01,9:33:54.690212083,T,TGT,F I,65,87.5
2025-10-01,9:33:54.690272193,T,TGT,,200,87.49
2025-10-01,9:33:54.690302333,T,TGT,F I,2,87.49
2025-10-01,9:33:54.690329424,T,TGT,F I,2,87.49
2025-10-01,9:33:54.690351097,T,TGT,F I,19,87.49
2025-10-01,9:33:54.690353463,T,TGT,F I,2,87.49
2025-10-01,9:33:54.690402193,T,TGT,F,100,87.49
2025-10-01,9:33:54.690408160,T,TGT,I,2,87.48
2025-10-01,9:33:54.690408160,T,TGT,I,34,87.48
2025-10-01,9:33:54.690419638,T,TGT,F,100,87.49
2025-10-01,9:33:54.690443678,T,TGT,I,55,87.48
2025-10-01,9:33:54.690443678,T,TGT,I,14,87.48
2025-10-01,9:33:54.690446614,T,TGT,F I,14,87.48
2025-10-01,9:33:54.690449648,T,TGT,F I,44,87.48
2025-10-01,9:33:54.690482706,T,TGT,F,100,87.48
2025-10-01,9:33:54.690497814,T,TGT,F,100,87.48
2025-10-01,9:33:54.690513342,T,TGT,F I,20,87.48
2025-10-01,9:33:54.690513342,T,TGT,F I,13,87.48
2025-10-01,9:33:54.690530832,T,TGT,F I,1,87.48
2025-10-01,9:33:54.690534423,T,TGT,F I,80,87.48
2025-10-01,9:33:54.690594859,T,TGT,F I,25,87.48
2025-10-01,9:33:54.690937034,T,TGT,F I,2,87.47
2025-10-01,9:33:54.690937034,T,TGT,F I,2,87.47
2025-10-01,9:33:54.690939878,T,TGT,F,100,87.48
2025-10-01,9:33:54.690957867,T,TGT,F I,96,87.47
2025-10-01,9:33:54.690957867,T,TGT,F I,24,87.47
2025-10-01,9:33:54.690964061,T,TGT,F I,12,87.47
2025-10-01,9:33:54.690964061,T,TGT,I,1,87.48
2025-10-01,9:33:54.690966945,T,TGT,I,64,87.47
2025-10-01,9:33:54.691381941,T,TGT,F I,2,87.46
2025-10-01,9:33:54.692019436,T,TGT,F,100,87.45
2025-10-01,9:33:54.692043473,T,TGT,F I,2,87.45
2025-10-01,9:33:54.692047098,T,TGT,F I,59,87.45
2025-10-01,9:33:54.692047098,T,TGT,F I,42,87.45
2025-10-01,9:33:54.692049459,T,TGT,F I,58,87.45
2025-10-01,9:33:54.692724302,T,TGT,I,1,87.43
2025-10-01,9:33:54.692729161,T,TGT,I,2,87.43
2025-10-01,9:33:54.692729161,T,TGT,I,2,87.43
2025-10-01,9:33:54.692732395,T,TGT,,100,87.42
2025-10-01,9:33:54.692735091,T,TGT,I,15,87.42
2025-10-01,9:33:54.692738133,T,TGT,I,15,87.42
2025-10-01,9:33:54.692738133,T,TGT,,100,87.42
2025-10-01,9:33:54.693071875,T,TGT,F I,74,87.42
2025-10-01,9:33:54.693078287,T,TGT,F,200,87.43
2025-10-01,9:33:54.693078287,T,TGT,F,1133,87.43
2025-10-01,9:33:54.693084186,T,TGT,F,382,87.43
2025-10-01,9:33:54.693088560,T,TGT,F I,14,87.43
2025-10-01,9:33:54.693088560,T,TGT,F,100,87.43
2025-10-01,9:33:54.693089959,T,TGT,F I,55,87.44
2025-10-01,9:33:54.693547077,T,TGT,F I,58,87.46
2025-10-01,9:33:54.693568146,T,TGT,I,44,87.45
2025-10-01,9:33:54.693652293,T,TGT,,200,87.45
2025-10-01,9:33:54.693655253,T,TGT,I,2,87.45
2025-10-01,9:33:54.694094304,T,TGT,I,2,87.43
2025-10-01,9:33:54.694094304,T,TGT,I,53,87.42
2025-10-01,9:33:54.696443040,T,TGT,I,31,87.43
2025-10-01,9:33:54.697029647,T,TGT,I,32,87.43
2025-10-01,9:33:54.697029647,T,TGT,I,3,87.43
2025-10-01,9:33:54.697032383,T,TGT,I,29,87.43
2025-10-01,9:33:54.697032383,T,TGT,I,4,87.43
2025-10-01,9:33:54.697230814,T,TGT,F I,8,87.44
2025-10-01,9:33:54.708083725,T,TGT,,200,87.44
2025-10-01,9:33:56.405595091,T,TGT,I,26,87.43
2025-10-01,9:33:56.405595091,T,TGT,I,2,87.43
2025-10-01,9:33:56.405598056,T,TGT,I,14,87.43
2025-10-01,9:33:56.405598056,T,TGT,I,8,87.43
2025-10-01,9:33:56.415741070,T,TGT,F I,22,87.42
2025-10-01,9:33:56.415747027,T,TGT,F I,8,87.42
2025-10-01,9:33:56.415750114,T,TGT,F I,2,87.42
2025-10-01,9:33:56.415759068,T,TGT,F I,4,87.42
2025-10-01,9:33:56.415771142,T,TGT,F I,1,87.42
2025-10-01,9:33:56.415793247,T,TGT,F I,2,87.42
2025-10-01,9:33:56.415795181,T,TGT,I,11,87.42
2025-10-01,9:33:56.415861299,T,TGT,I,6,87.4
2025-10-01,9:33:56.415864384,T,TGT,I,1,87.4
2025-10-01,9:33:56.415987628,T,TGT,F I,1,87.39
2025-10-01,9:33:56.416104941,T,TGT,I,62,87.39
2025-10-01,9:33:59.041870877,T,TGT,F,100,87.4
2025-10-01,9:33:59.041891939,T,TGT,I,1,87.4
2025-10-01,9:33:59.041906895,T,TGT,F I,99,87.4
2025-10-01,9:33:59.041940073,T,TGT,F I,2,87.4
2025-10-01,9:33:59.791117851,T,TGT,I,50,87.4
2025-10-01,9:33:59.791150859,T,TGT,F I,50,87.4
2025-10-01,9:33:59.791177996,T,TGT,F I,50,87.4
2025-10-01,9:33:59.791177996,T,TGT,F I,2,87.4
2025-10-01,9:34:00.790431655,T,TGT,I,5,87.415
2025-10-01,9:34:00.790780390,T,TGT,F I,2,87.42
2025-10-01,9:34:04.941398003,T,TGT,,100,87.4
2025-10-01,9:34:04.941401056,T,TGT,,100,87.4
2025-10-01,9:34:04.942216054,T,TGT,F I,4,87.39
2025-10-01,9:34:04.942221990,T,TGT,F I,2,87.39
2025-10-01,9:34:04.942267097,T,TGT,F I,14,87.39
2025-10-01,9:34:04.942267097,T,TGT,F I,2,87.39
2025-10-01,9:34:04.942333265,T,TGT,F I,46,87.4
2025-10-01,9:34:04.942339259,T,TGT,F I,3,87.4
2025-10-01,9:34:04.942348265,T,TGT,F I,35,87.42
2025-10-01,9:34:04.942360393,T,TGT,F I,25,87.42
2025-10-01,9:34:04.942372425,T,TGT,F,100,87.43
2025-10-01,9:34:04.942375324,T,TGT,F I,25,87.43
2025-10-01,9:34:04.942384367,T,TGT,I,25,87.42
2025-10-01,9:34:04.942390373,T,TGT,F I,10,87.42
2025-10-01,9:34:04.942426520,T,TGT,F I,2,87.42
2025-10-01,9:34:04.942462571,T,TGT,F I,4,87.42
2025-10-01,9:34:04.942477576,T,TGT,F I,2,87.42
2025-10-01,9:34:04.942520365,T,TGT,F I,2,87.42
2025-10-01,9:34:04.942736939,T,TGT,F I,90,87.42
2025-10-01,9:34:04.942736939,T,TGT,F I,2,87.42
2025-10-01,9:34:04.942742286,T,TGT,F,100,87.42
2025-10-01,9:34:04.942742286,T,TGT,F I,14,87.42
2025-10-01,9:34:04.942760828,T,TGT,F I,1,87.41
2025-10-01,9:34:04.942799406,T,TGT,I,25,87.43
2025-10-01,9:34:04.942799406,T,TGT,F I,1,87.43
2025-10-01,9:34:04.942802651,T,TGT,F I,1,87.43
2025-10-01,9:34:04.942811397,T,TGT,I,6,87.42
2025-10-01,9:34:04.943220842,T,TGT,I,5,87.42
2025-10-01,9:34:04.943220842,T,TGT,I,1,87.42
2025-10-01,9:34:04.943223669,T,TGT,I,40,87.42
2025-10-01,9:34:04.943226612,T,TGT,I,3,87.42
2025-10-01,9:34:04.943226612,T,TGT,I,30,87.42
2025-10-01,9:34:04.943229953,T,TGT,I,50,87.42
2025-10-01,9:34:04.943233365,T,TGT,I,2,87.41
2025-10-01,9:34:04.943233365,T,TGT,,100,87.41
2025-10-01,9:34:04.943233365,T,TGT,I,25,87.41
2025-10-01,9:34:04.943392527,T,TGT,I,80,87.44
2025-10-01,9:34:04.943395001,T,TGT,I,25,87.44
2025-10-01,9:34:04.943436986,T,TGT,F I,52,87.45
2025-10-01,9:34:04.943454915,T,TGT,I,23,87.42
2025-10-01,9:34:04.943461001,T,TGT,I,1,87.45
2025-10-01,9:34:04.943473045,T,TGT,I,47,87.45
2025-10-01,9:34:04.943644340,T,TGT,I,38,87.43
2025-10-01,9:34:04.943731868,T,TGT,F I,26,87.44
2025-10-01,9:34:04.943734718,T,TGT,F,100,87.44
2025-10-01,9:34:04.943752647,T,TGT,I,1,87.44
2025-10-01,9:34:04.943773929,T,TGT,I,99,87.44
2025-10-01,9:34:04.943776722,T,TGT,,100,87.44
2025-10-01,9:34:04.943776722,T,TGT,I,1,87.44
2025-10-01,9:34:04.943803852,T,TGT,I,62,87.43
2025-10-01,9:34:04.943803852,T,TGT,I,32,87.43
2025-10-01,9:34:04.943806870,T,TGT,,100,87.43
2025-10-01,9:34:04.943806870,T,TGT,I,12,87.43
2025-10-01,9:34:04.943809850,T,TGT,I,11,87.43
2025-10-01,9:34:04.943866909,T,TGT,F I,18,87.43
2025-10-01,9:34:04.943924452,T,TGT,F I,71,87.43
2025-10-01,9:34:04.943924452,T,TGT,F I,26,87.43
2025-10-01,9:34:04.943927063,T,TGT,F I,35,87.43
2025-10-01,9:34:04.943927063,T,TGT,F I,77,87.42
2025-10-01,9:34:04.943945607,T,TGT,I,99,87.44
2025-10-01,9:34:04.943948174,T,TGT,I,23,87.44
2025-10-01,9:34:04.944125603,T,TGT,I,3,87.43
2025-10-01,9:34:04.944239777,T,TGT,I,97,87.43
2025-10-01,9:34:04.944420251,T,TGT,I,26,87.42
2025-10-01,9:34:04.945650141,T,TGT,F I,2,87.4
2025-10-01,9:34:04.945653227,T,TGT,F I,84,87.4
2025-10-01,9:34:04.945665162,T,TGT,I,6,87.4
2025-10-01,9:34:04.945668171,T,TGT,I,25,87.4
2025-10-01,9:34:04.945722400,T,TGT,,100,87.4
2025-10-01,9:34:04.948494997,T,TGT,F I,77,87.42
2025-10-01,9:34:04.948494997,T,TGT,F,338,87.42
2025-10-01,9:34:04.948507126,T,TGT,F I,3,87.43
2025-10-01,9:34:04.948510370,T,TGT,F I,25,87.43
2025-10-01,9:34:04.948510370,T,TGT,F I,20,87.43
2025-10-01,9:34:04.953180596,T,TGT,F I,75,87.43
2025-10-01,9:34:04.953180596,T,TGT,F I,2,87.43
2025-10-01,9:34:04.953637188,T,TGT,I,46,87.44
2025-10-01,9:34:04.953691276,T,TGT,I,46,87.44
2025-10-01,9:34:05.249151295,T,TGT,I,35,87.43
2025-10-01,9:34:05.249154396,T,TGT,I,2,87.43
2025-10-01,9:34:05.249161371,T,TGT,I,7,87.43
2025-10-01,9:34:05.249161371,T,TGT,I,2,87.41
2025-10-01,9:34:05.249161371,T,TGT,I,2,87.4
2025-10-01,9:34:05.249166264,T,TGT,,100,87.4
2025-10-01,9:34:06.551379868,T,TGT,F,100,87.42
2025-10-01,9:34:06.551683554,T,TGT,F,100,87.43
2025-10-01,9:34:06.551740751,T,TGT,F,100,87.44
2025-10-01,9:34:06.552565450,T,TGT,F I,2,87.41
2025-10-01,9:34:06.552645842,T,TGT,,100,87.41
2025-10-01,9:34:06.552648919,T,TGT,,100,87.41
2025-10-01,9:34:06.552652155,T,TGT,I,97,87.41
2025-10-01,9:34:06.552652155,T,TGT,,600,87.41
2025-10-01,9:34:06.552696985,T,TGT,I,26,87.42
2025-10-01,9:34:06.552696985,T,TGT,I,24,87.42
2025-10-01,9:34:06.552805264,T,TGT,F I,1,87.41
2025-10-01,9:34:06.552874444,T,TGT,I,14,87.41
2025-10-01,9:34:06.552883468,T,TGT,I,60,87.41
2025-10-01,9:34:09.849851335,T,TGT,F I,1,87.46
2025-10-01,9:34:09.849869219,T,TGT,F,100,87.46
2025-10-01,9:34:09.849890387,T,TGT,F,100,87.47
2025-10-01,9:34:09.850242629,T,TGT,F I,97,87.47
2025-10-01,9:34:09.850242629,T,TGT,I,97,87.47
2025-10-01,9:34:09.850245184,T,TGT,I,3,87.47
2025-10-01,9:34:09.850269227,T,TGT,F,100,87.47
2025-10-01,9:34:09.850269227,T,TGT,I,1,87.47
2025-10-01,9:34:09.850287459,T,TGT,F,299,87.47
2025-10-01,9:34:09.850356438,T,TGT,F I,2,87.47
2025-10-01,9:34:09.850963917,T,TGT,F I,4,87.47
2025-10-01,9:34:09.850963917,T,TGT,F I,2,87.47
2025-10-01,9:34:09.850969840,T,TGT,F I,4,87.47
2025-10-01,9:34:09.850981974,T,TGT,F I,6,87.47
2025-10-01,9:34:09.850985604,T,TGT,F I,60,87.47
2025-10-01,9:34:09.851011962,T,TGT,F I,2,87.47
2025-10-01,9:34:09.851072759,T,TGT,F I,2,87.47
2025-10-01,9:34:09.851270601,T,TGT,F I,2,87.47
2025-10-01,9:34:09.857961514,T,TGT,F I,2,87.46
2025-10-01,9:34:09.857964606,T,TGT,F I,65,87.46
2025-10-01,9:34:09.857964606,T,TGT,F I,2,87.45
2025-10-01,9:34:09.857976590,T,TGT,F,200,87.45
2025-10-01,9:34:09.858217157,T,TGT,,200,87.44
2025-10-01,9:34:09.858259200,T,TGT,F I,2,87.44
2025-10-01,9:34:09.858611088,T,TGT,,100,87.44
2025-10-01,9:34:09.858632105,T,TGT,F,700,87.44
2025-10-01,9:34:09.858632105,T,TGT,F,300,87.44
2025-10-01,9:34:11.851269777,T,TGT,I,30,87.495
2025-10-01,9:34:11.851269777,T,TGT,I,26,87.48
2025-10-01,9:34:11.851272522,T,TGT,I,48,87.48
2025-10-01,9:34:11.851296564,T,TGT,I,52,87.48
2025-10-01,9:34:11.851303412,T,TGT,I,5,87.48
2025-10-01,9:34:11.851311666,T,TGT,I,43,87.48
2025-10-01,9:34:11.851330086,T,TGT,I,57,87.495
2025-10-01,9:34:11.851341990,T,TGT,F I,2,87.47
2025-10-01,9:34:11.851345326,T,TGT,F I,13,87.46
2025-10-01,9:34:11.851348875,T,TGT,,543,87.48
2025-10-01,9:34:11.851371775,T,TGT,F,100,87.48
2025-10-01,9:34:11.851383838,T,TGT,F I,50,87.52
2025-10-01,9:34:11.851516052,T,TGT,F I,2,87.49
2025-10-01,9:34:11.851552168,T,TGT,F I,48,87.49
2025-10-01,9:34:11.851633315,T,TGT,F I,33,87.49
2025-10-01,9:34:11.851654465,T,TGT,I,25,87.49
2025-10-01,9:34:11.851675508,T,TGT,I,7,87.49
2025-10-01,9:34:11.851891968,T,TGT,F I,14,87.5
2025-10-01,9:34:11.851895000,T,TGT,F I,3,87.5
2025-10-01,9:34:11.851907450,T,TGT,F I,3,87.5
2025-10-01,9:34:11.852021249,T,TGT,I,50,87.49
2025-10-01,9:34:11.852024303,T,TGT,I,50,87.48
2025-10-01,9:34:11.852040411,T,TGT,F I,97,87.49
2025-10-01,9:34:11.852057517,T,TGT,I,1,87.49
2025-10-01,9:34:11.852117615,T,TGT,I,2,87.49
2025-10-01,9:34:11.852117615,T,TGT,I,58,87.49
2025-10-01,9:34:11.852234827,T,TGT,F I,13,87.5
2025-10-01,9:34:11.852234827,T,TGT,F I,62,87.5
2025-10-01,9:34:11.852385114,T,TGT,F I,38,87.5
2025-10-01,9:34:11.852743046,T,TGT,F I,58,87.51
2025-10-01,9:34:11.860447869,T,TGT,F I,27,87.53
2025-10-01,9:34:11.860453409,T,TGT,F I,13,87.53
2025-10-01,9:34:11.860453409,T,TGT,F I,58,87.53
2025-10-01,9:34:11.860456403,T,TGT,F I,25,87.53
2025-10-01,9:34:11.860889432,T,TGT,F I,27,87.54
2025-10-01,9:34:11.860892466,T,TGT,F I,13,87.54
2025-10-01,9:34:11.860932280,T,TGT,F I,3,87.55
2025-10-01,9:34:11.861514885,T,TGT,F I,51,87.57
2025-10-01,9:34:11.861581107,T,TGT,F I,4,87.58
2025-10-01,9:34:11.900951975,T,TGT,I,30,87.57
2025-10-01,9:34:11.900951975,T,TGT,,100,87.57
2025-10-01,9:34:11.900957661,T,TGT,,192,87.57
2025-10-01,9:34:11.900957661,T,TGT,I,2,87.57
2025-10-01,9:34:11.900957661,T,TGT,,142,87.57
2025-10-01,9:34:11.900960157,T,TGT,I,33,87.57
2025-10-01,9:34:11.900962925,T,TGT,I,35,87.57
2025-10-01,9:34:11.900962925,T,TGT,I,25,87.57
2025-10-01,9:34:14.806599406,T,TGT,I,1,87.585
2025-10-01,9:34:14.818255181,T,TGT,F I,4,87.56
2025-10-01,9:34:15.091847173,T,TGT,F I,9,87.55
2025-10-01,9:34:15.091853372,T,TGT,F I,23,87.55
2025-10-01,9:34:15.091853372,T,TGT,F I,34,87.55
2025-10-01,9:34:15.091859092,T,TGT,F I,3,87.55
2025-10-01,9:34:15.092878654,T,TGT,I,12,87.52
2025-10-01,9:34:15.092878654,T,TGT,I,32,87.52
2025-10-01,9:34:15.092882027,T,TGT,I,50,87.52
2025-10-01,9:34:15.092882027,T,TGT,I,2,87.51
2025-10-01,9:34:15.092884496,T,TGT,I,16,87.51
2025-10-01,9:34:15.093197266,T,TGT,F I,20,87.52
2025-10-01,9:34:15.093458888,T,TGT,I,3,87.5
2025-10-01,9:34:16.791108457,T,TGT,F,100,87.54
2025-10-01,9:34:17.445569720,T,TGT,F I,56,87.59
2025-10-01,9:34:18.671924428,T,TGT,F I,5,87.65
2025-10-01,9:34:18.671927470,T,TGT,F I,97,87.65
2025-10-01,9:34:18.671930411,T,TGT,F I,30,87.65
2025-10-01,9:34:18.671933695,T,TGT,F,150,87.66
2025-10-01,9:34:18.671933695,T,TGT,F,255,87.67
2025-10-01,9:34:18.671937280,T,TGT,F,200,87.67
2025-10-01,9:34:18.671943440,T,TGT,F I,50,87.68
2025-10-01,9:34:18.671943440,T,TGT,F,100,87.68
2025-10-01,9:34:18.671943440,T,TGT,F,159,87.69
2025-10-01,9:34:18.671945612,T,TGT,F,100,87.69
2025-10-01,9:34:18.671948534,T,TGT,F I,14,87.71
2025-10-01,9:34:18.671948534,T,TGT,F,100,87.73
2025-10-01,9:34:18.671951449,T,TGT,F I,25,87.73
2025-10-01,9:34:18.673362098,T,TGT,I,45,87.63
2025-10-01,9:34:18.674134614,T,TGT,F I,25,87.66
2025-10-01,9:34:18.674612863,T,TGT,I,77,87.63
2025-10-01,9:34:18.674615857,T,TGT,I,23,87.61
2025-10-01,9:34:18.674636820,T,TGT,F I,9,87.61
2025-10-01,9:34:18.674673691,T,TGT,F,100,87.61
2025-10-01,9:34:18.674682519,T,TGT,F,100,87.61
2025-10-01,9:34:18.674685884,T,TGT,F,100,87.61
2025-10-01,9:34:18.674685884,T,TGT,F,100,87.61
2025-10-01,9:34:18.674691392,T,TGT,F,100,87.61
2025-10-01,9:34:18.674691392,T,TGT,F,100,87.61
2025-10-01,9:34:18.674691392,T,TGT,F,100,87.61
2025-10-01,9:34:18.674694147,T,TGT,F I,77,87.63
2025-10-01,9:34:18.674697061,T,TGT,F I,32,87.63
2025-10-01,9:34:18.674724750,T,TGT,I,32,87.61
2025-10-01,9:34:18.674724750,T,TGT,,224,87.61
2025-10-01,9:34:18.674730566,T,TGT,,364,87.61
2025-10-01,9:34:18.674730566,T,TGT,I,77,87.61
2025-10-01,9:34:18.674877447,T,TGT,F I,25,87.65
2025-10-01,9:34:18.675003800,T,TGT,F I,44,87.66
2025-10-01,9:34:18.675024839,T,TGT,I,1,87.66
2025-10-01,9:34:18.675033814,T,TGT,F I,30,87.66
2025-10-01,9:34:18.682825444,T,TGT,I,45,87.64
2025-10-01,9:34:18.682828453,T,TGT,I,21,87.64
2025-10-01,9:34:18.682831412,T,TGT,I,11,87.64
2025-10-01,9:34:18.682831412,T,TGT,I,25,87.6
2025-10-01,9:34:18.682990790,T,TGT,F I,50,87.6
2025-10-01,9:34:18.684704906,T,TGT,F,138,87.65
2025-10-01,9:34:18.684719999,T,TGT,F,111,87.65
2025-10-01,9:34:18.684719999,T,TGT,F I,13,87.66
2025-10-01,9:34:18.684807109,T,TGT,F I,6,87.66
2025-10-01,9:34:18.684831248,T,TGT,I,1,87.66
2025-10-01,9:34:18.684915382,T,TGT,I,2,87.66
2025-10-01,9:34:18.685315315,T,TGT,I,28,87.65
2025-10-01,9:34:18.685318440,T,TGT,I,9,87.65
2025-10-01,9:34:18.685318440,T,TGT,I,27,87.65
2025-10-01,9:34:18.685321743,T,TGT,I,22,87.65
2025-10-01,9:34:18.685321743,T,TGT,I,1,87.65
2025-10-01,9:34:18.685325070,T,TGT,I,56,87.65
2025-10-01,9:34:18.685325070,T,TGT,I,23,87.65
2025-10-01,9:34:18.685835546,T,TGT,I,30,87.635
2025-10-01,9:34:18.685839599,T,TGT,I,9,87.62
2025-10-01,9:34:18.685842511,T,TGT,I,25,87.61
2025-10-01,9:34:18.685842511,T,TGT,I,12,87.61
2025-10-01,9:34:18.685844567,T,TGT,I,22,87.61
2025-10-01,9:34:18.685896341,T,TGT,,100,87.62
2025-10-01,9:34:18.685902376,T,TGT,F I,41,87.62
2025-10-01,9:34:18.686388848,T,TGT,,100,87.61
2025-10-01,9:34:18.686395249,T,TGT,I,32,87.61
2025-10-01,9:34:18.686397897,T,TGT,I,5,87.61
2025-10-01,9:34:18.686397897,T,TGT,I,95,87.61
2025-10-01,9:34:18.686403873,T,TGT,F I,64,87.62
2025-10-01,9:34:18.686419444,T,TGT,F I,64,87.62
2025-10-01,9:34:18.686421937,T,TGT,F I,64,87.62
2025-10-01,9:34:18.686428540,T,TGT,I,1,87.62
2025-10-01,9:34:18.686677608,T,TGT,F I,20,87.62
2025-10-01,9:34:18.687026650,T,TGT,I,3,87.62
2025-10-01,9:34:18.687029403,T,TGT,I,25,87.6
2025-10-01,9:34:18.687985631,T,TGT,,100,87.62
2025-10-01,9:34:18.689609502,T,TGT,F I,18,87.63
2025-10-01,9:34:18.690346259,T,TGT,I,18,87.62
2025-10-01,9:34:18.690346259,T,TGT,I,32,87.6
2025-10-01,9:34:18.691242452,T,TGT,F I,77,87.62
2025-10-01,9:34:18.691766461,T,TGT,I,43,87.6
2025-10-01,9:34:18.691766461,T,TGT,I,32,87.6
2025-10-01,9:34:18.691768633,T,TGT,I,8,87.6
2025-10-01,9:34:18.691820237,T,TGT,F I,2,87.62
2025-10-01,9:34:18.691822801,T,TGT,F I,70,87.62
2025-10-01,9:34:18.692457432,T,TGT,F I,54,87.65
2025-10-01,9:34:18.692457432,T,TGT,F I,25,87.65
2025-10-01,9:34:18.695257045,T,TGT,F,100,87.65
2025-10-01,9:34:18.695260006,T,TGT,F I,18,87.65
2025-10-01,9:34:18.695260006,T,TGT,F I,68,87.65
2025-10-01,9:34:18.778344931,T,TGT,I,60,87.645
2025-10-01,9:34:18.778402124,T,TGT,I,2,87.645
2025-10-01,9:34:19.219267421,T,TGT,F I,2,87.64
2025-10-01,9:34:19.219288485,T,TGT,I,17,87.64
2025-10-01,9:34:20.527236541,T,TGT,F I,4,87.62
2025-10-01,9:34:20.527284654,T,TGT,F I,5,87.62
2025-10-01,9:34:20.527323745,T,TGT,F I,5,87.62
2025-10-01,9:34:20.527353865,T,TGT,F I,5,87.62
2025-10-01,9:34:20.527386970,T,TGT,F I,3,87.62
2025-10-01,9:34:20.527973380,T,TGT,F,100,87.63
2025-10-01,9:34:20.529239371,T,TGT,I,62,87.63
2025-10-01,9:34:21.045578469,T,TGT,I,30,87.63
2025-10-01,9:34:21.046868519,T,TGT,,100,87.63
2025-10-01,9:34:21.358597239,T,TGT,F,100,87.66
2025-10-01,9:34:27.849182825,T,TGT,,100,87.565
2025-10-01,9:34:27.850469876,T,TGT,,100,87.565
2025-10-01,9:34:27.850569108,T,TGT,,100,87.565
2025-10-01,9:34:27.851859156,T,TGT,,100,87.565
2025-10-01,9:34:28.448131774,T,TGT,F,100,87.61
2025-10-01,9:34:28.448222558,T,TGT,F,100,87.62
2025-10-01,9:34:28.448540787,T,TGT,F,400,87.61
2025-10-01,9:34:28.448546698,T,TGT,,100,87.61
2025-10-01,9:34:28.455992838,T,TGT,F,400,87.64
2025-10-01,9:34:28.455995453,T,TGT,F,100,87.64
2025-10-01,9:34:28.611532764,T,TGT,F I,1,87.64
2025-10-01,9:34:28.611535182,T,TGT,F I,31,87.63
2025-10-01,9:34:28.611538126,T,TGT,F I,60,87.63
2025-10-01,9:34:28.611601487,T,TGT,,100,87.63
2025-10-01,9:34:31.172249933,T,TGT,F I,50,87.64
2025-10-01,9:34:31.172249933,T,TGT,F,100,87.64
2025-10-01,9:34:31.172253023,T,TGT,F I,85,87.63
2025-10-01,9:34:34.206647165,T,TGT,F,100,87.65
2025-10-01,9:34:34.206668413,T,TGT,I,1,87.65
2025-10-01,9:34:35.079612022,T,TGT,F I,49,87.65
2025-10-01,9:34:35.079612022,T,TGT,F I,31,87.65
2025-10-01,9:34:35.100713816,T,TGT,F I,15,87.63
2025-10-01,9:34:35.100713816,T,TGT,F I,10,87.63
2025-10-01,9:34:35.100713816,T,TGT,F I,14,87.63
2025-10-01,9:34:35.100716307,T,TGT,F I,16,87.63
2025-10-01,9:34:35.100737732,T,TGT,F,100,87.62
2025-10-01,9:34:35.100755818,T,TGT,F I,16,87.62
2025-10-01,9:34:35.100758333,T,TGT,F I,14,87.62
2025-10-01,9:34:35.100761371,T,TGT,F I,70,87.61
2025-10-01,9:34:35.100981013,T,TGT,F I,30,87.61
2025-10-01,9:34:36.443965456,T,TGT,F,100,87.6
2025-10-01,9:34:39.014357344,T,TGT,,200,87.545
2025-10-01,9:34:39.014360301,T,TGT,,200,87.545
2025-10-01,9:34:39.022049596,T,TGT,,120,87.545
2025-10-01,9:34:39.186986664,T,TGT,F,100,87.59
2025-10-01,9:34:39.186989660,T,TGT,F,100,87.59
2025-10-01,9:34:39.187116127,T,TGT,F I,62,87.59
2025-10-01,9:34:39.187119183,T,TGT,F I,30,87.59
2025-10-01,9:34:39.187122412,T,TGT,I,8,87.59
2025-10-01,9:34:39.187124953,T,TGT,I,92,87.59
2025-10-01,9:34:39.187127905,T,TGT,I,8,87.59
2025-10-01,9:34:39.187350506,T,TGT,I,52,87.59
2025-10-01,9:34:39.187350506,T,TGT,I,48,87.59
2025-10-01,9:34:39.187486166,T,TGT,,100,87.6
2025-10-01,9:34:39.187488818,T,TGT,I,30,87.6
2025-10-01,9:34:39.187557951,T,TGT,I,52,87.59
2025-10-01,9:34:39.187561775,T,TGT,I,2,87.59
2025-10-01,9:34:39.187561775,T,TGT,I,30,87.59
2025-10-01,9:34:39.187563959,T,TGT,I,16,87.59
2025-10-01,9:34:39.187651476,T,TGT,I,16,87.6
2025-10-01,9:34:39.187651476,T,TGT,,400,87.6
2025-10-01,9:34:39.187828631,T,TGT,I,13,87.6
2025-10-01,9:34:39.188739801,T,TGT,F I,2,87.61
2025-10-01,9:34:39.188754862,T,TGT,I,16,87.59
2025-10-01,9:34:39.189199857,T,TGT,,144,87.595
2025-10-01,9:34:39.189205874,T,TGT,I,30,87.6
2025-10-01,9:34:39.189576140,T,TGT,F I,64,87.59
2025-10-01,9:34:39.189576140,T,TGT,F I,30,87.59
2025-10-01,9:34:39.189693039,T,TGT,,123,87.59
2025-10-01,9:34:39.189723424,T,TGT,F I,27,87.59
2025-10-01,9:34:39.189723424,T,TGT,F I,96,87.6
2025-10-01,9:34:39.189744219,T,TGT,F I,4,87.6
2025-10-01,9:34:39.289413608,T,TGT,I,21,87.6
2025-10-01,9:34:39.463117255,T,TGT,F I,16,87.59
2025-10-01,9:34:39.463119841,T,TGT,F I,2,87.59
2025-10-01,9:34:39.463122894,T,TGT,F I,3,87.59
2025-10-01,9:34:39.463122894,T,TGT,F I,29,87.59
2025-10-01,9:34:39.463125517,T,TGT,F I,4,87.59
2025-10-01,9:34:39.463149635,T,TGT,F,100,87.58
2025-10-01,9:34:39.463153080,T,TGT,F I,2,87.58
2025-10-01,9:34:39.463155563,T,TGT,F I,88,87.58
2025-10-01,9:34:39.468520406,T,TGT,F,100,87.57
2025-10-01,9:34:39.468520406,T,TGT,F I,7,87.57
2025-10-01,9:34:39.791414663,T,TGT,,100,87.58
2025-10-01,9:34:39.791850628,T,TGT,F,100,87.59
2025-10-01,9:34:42.204688126,T,TGT,F,100,87.6
2025-10-01,9:34:42.204688126,T,TGT,F,100,87.6
2025-10-01,9:34:42.204694290,T,TGT,F,100,87.6
2025-10-01,9:34:42.205167094,T,TGT,F,100,87.6
2025-10-01,9:34:42.205167094,T,TGT,F,394,87.6
2025-10-01,9:34:42.205172288,T,TGT,F I,2,87.6
2025-10-01,9:34:42.205187294,T,TGT,F I,4,87.6
2025-10-01,9:34:42.205274895,T,TGT,,100,87.62
2025-10-01,9:34:42.205274895,T,TGT,I,51,87.62
2025-10-01,9:34:42.205277521,T,TGT,,100,87.62
2025-10-01,9:34:42.205421835,T,TGT,,100,87.62
2025-10-01,9:34:42.205818897,T,TGT,,100,87.62
2025-10-01,9:34:42.205839836,T,TGT,I,1,87.62
2025-10-01,9:34:42.205849112,T,TGT,,199,87.62
2025-10-01,9:34:42.213845106,T,TGT,F I,58,87.62
2025-10-01,9:34:42.213847986,T,TGT,F I,24,87.62
2025-10-01,9:34:42.213866055,T,TGT,I,1,87.62
2025-10-01,9:34:42.213869028,T,TGT,I,1,87.62
2025-10-01,9:34:42.213875025,T,TGT,I,98,87.62
