DATE,TIME_M,EX,SYM_ROOT,TR_SCOND,SIZE,PRICE
2025-11-25,9:30:01.203895154,T,TGT,F I,2,84.9
2025-11-25,9:30:01.204051564,T,TGT,Q,2,84.9
2025-11-25,9:30:01.247144113,T,TGT,I,1,85.0
2025-11-25,9:30:01.259145919,T,TGT,F I,1,85.05
2025-11-25,9:30:01.259145919,T,TGT,F,100,85.05
2025-11-25,9:30:01.269983567,T,TGT,F,100,85.07
2025-11-25,9:30:01.270016873,T,TGT,I,10,85.1
2025-11-25,9:30:01.270019656,T,TGT,I,1,85.1
2025-11-25,9:30:01.270071670,T,TGT,F I,27,85.07
2025-11-25,9:30:01.270077030,T,TGT,F,127,85.06
2025-11-25,9:30:01.270077030,T,TGT,F,100,85.05
2025-11-25,9:30:01.270083062,T,TGT,F,100,85.05
2025-11-25,9:30:01.270083062,T,TGT,F,100,85.05
2025-11-25,9:30:01.270085945,T,TGT,F,127,85.05
2025-11-25,9:30:01.270088756,T,TGT,F,100,85.05
2025-11-25,9:30:01.270088756,T,TGT,F I,13,85.05
2025-11-25,9:30:01.270091853,T,TGT,F I,87,85.05
2025-11-25,9:30:01.270097970,T,TGT,I,1,85.08
2025-11-25,9:30:01.270687362,T,TGT,F,100,85.1
2025-11-25,9:30:01.270690237,T,TGT,F I,35,85.1
2025-11-25,9:30:01.270696255,T,TGT,F I,65,85.1
2025-11-25,9:30:01.270702563,T,TGT,F,100,85.1
2025-11-25,9:30:01.270702563,T,TGT,F I,1,85.1
2025-11-25,9:30:01.270702563,T,TGT,F I,93,85.1
2025-11-25,9:30:01.270708273,T,TGT,I,1,85.1
2025-11-25,9:30:01.270711420,T,TGT,I,6,85.1
2025-11-25,9:30:01.272867420,T,TGT,F,100,85.11
2025-11-25,9:30:01.273252375,T,TGT,,100,85.09
2025-11-25,9:30:01.273480919,T,TGT,F I,50,85.13
2025-11-25,9:30:01.273487134,T,TGT,F I,25,85.13
2025-11-25,9:30:01.273497411,T,TGT,I,25,85.13
2025-11-25,9:30:01.273497411,T,TGT,I,75,85.13
2025-11-25,9:30:01.273508457,T,TGT,F I,25,85.13
2025-11-25,9:30:01.273534954,T,TGT,I,8,85.1
2025-11-25,9:30:01.273649467,T,TGT,I,8,85.13
2025-11-25,9:30:01.273676288,T,TGT,I,15,85.09
2025-11-25,9:30:01.273892826,T,TGT,,100,85.1
2025-11-25,9:30:01.326539293,T,TGT,,100,85.13
2025-11-25,9:30:02.067117471,T,TGT,,100,85.21
2025-11-25,9:30:02.067119601,T,TGT,,100,85.21
2025-11-25,9:30:02.067576678,T,TGT,,127,85.225
2025-11-25,9:30:02.067576678,T,TGT,I,73,85.23
2025-11-25,9:30:02.067621738,T,TGT,F,100,85.21
2025-11-25,9:30:02.482977290,T,TGT,,100,85.22
2025-11-25,9:30:02.535067462,T,TGT,I,1,85.25
2025-11-25,9:30:02.535088457,T,TGT,I,99,85.25
2025-11-25,9:30:02.535160654,T,TGT,I,60,85.25
2025-11-25,9:30:02.782301519,T,TGT,,100,85.26
2025-11-25,9:30:02.782301519,T,TGT,,100,85.25
2025-11-25,9:30:02.782767495,T,TGT,F,100,85.24
2025-11-25,9:30:02.782812622,T,TGT,F,100,85.24
2025-11-25,9:30:03.680264815,T,TGT,F,100,85.23
2025-11-25,9:30:03.680264815,T,TGT,F,100,85.23
2025-11-25,9:30:03.680953204,T,TGT,F,100,85.17
2025-11-25,9:30:03.680953204,T,TGT,F I,15,85.17
2025-11-25,9:30:03.681690001,T,TGT,F,100,85.19
2025-11-25,9:30:03.684597936,T,TGT,F,100,85.2
2025-11-25,9:30:03.684781342,T,TGT,F,100,85.18
2025-11-25,9:30:03.687647222,T,TGT,F,100,85.2
2025-11-25,9:30:03.687707326,T,TGT,F I,3,85.18
2025-11-25,9:30:03.687764599,T,TGT,F,100,85.18
2025-11-25,9:30:03.688420035,T,TGT,F,100,85.16
2025-11-25,9:30:03.688422998,T,TGT,F,100,85.16
2025-11-25,9:30:03.688513607,T,TGT,F,100,85.15
2025-11-25,9:30:03.688516315,T,TGT,F,100,85.15
2025-11-25,9:30:03.688519862,T,TGT,F,100,85.15
2025-11-25,9:30:03.688519862,T,TGT,F I,15,85.15
2025-11-25,9:30:03.688522660,T,TGT,F I,40,85.15
2025-11-25,9:30:03.688658089,T,TGT,F I,6,85.14
2025-11-25,9:30:03.688660610,T,TGT,F,100,85.14
2025-11-25,9:30:03.950608824,T,TGT,F,100,85.09
2025-11-25,9:30:03.950608824,T,TGT,F,100,85.09
2025-11-25,9:30:03.950632740,T,TGT,F,100,85.08
2025-11-25,9:30:03.952259611,T,TGT,I,3,85.09
2025-11-25,9:30:03.952259611,T,TGT,,187,85.09
2025-11-25,9:30:03.957843919,T,TGT,I,13,85.11
2025-11-25,9:30:03.957846902,T,TGT,,400,85.11
2025-11-25,9:30:03.967972040,T,TGT,,200,85.13
2025-11-25,9:30:09.967486835,T,TGT,F,100,85.09
2025-11-25,9:30:09.968040200,T,TGT,F,100,85.1
2025-11-25,9:30:09.968139452,T,TGT,F,100,85.12
2025-11-25,9:30:09.968178489,T,TGT,F,100,85.12
2025-11-25,9:30:09.969176894,T,TGT,F I,28,85.12
2025-11-25,9:30:09.969179898,T,TGT,F,100,85.12
2025-11-25,9:30:09.969179898,T,TGT,F,113,85.12
2025-11-25,9:30:10.051284463,T,TGT,F,100,85.13
2025-11-25,9:30:10.106192243,T,TGT,F,100,85.14
2025-11-25,9:30:10.106676394,T,TGT,,100,85.13
2025-11-25,9:30:12.127358366,T,TGT,F I,2,85.145
2025-11-25,9:30:12.127361340,T,TGT,F,100,85.12
2025-11-25,9:30:12.703305529,T,TGT,F,100,85.15
2025-11-25,9:30:12.704535477,T,TGT,I,1,85.15
2025-11-25,9:30:12.870098036,T,TGT,F,100,85.11
2025-11-25,9:30:12.870188077,T,TGT,F,100,85.1
2025-11-25,9:30:12.870278289,T,TGT,F,100,85.07
2025-11-25,9:30:12.870278289,T,TGT,F I,15,85.07
2025-11-25,9:30:12.870744338,T,TGT,F I,15,85.05
2025-11-25,9:30:18.330987578,T,TGT,I,34,85.06
2025-11-25,9:30:18.330987578,T,TGT,I,66,85.06
2025-11-25,9:30:18.745940025,T,TGT,I,33,85.09
2025-11-25,9:30:18.745967261,T,TGT,I,67,85.09
2025-11-25,9:30:18.929290075,T,TGT,,100,85.1
2025-11-25,9:30:18.929290075,T,TGT,I,44,85.11
2025-11-25,9:30:18.929359014,T,TGT,F I,20,85.09
2025-11-25,9:30:18.929389040,T,TGT,F I,13,85.09
2025-11-25,9:30:18.929392044,T,TGT,F I,76,85.09
2025-11-25,9:30:18.929431160,T,TGT,F I,20,85.1
2025-11-25,9:30:18.929461274,T,TGT,I,20,85.08
2025-11-25,9:30:18.929476328,T,TGT,F I,89,85.08
2025-11-25,9:30:19.319319003,T,TGT,,100,85.05
2025-11-25,9:30:19.319319003,T,TGT,I,4,85.04
2025-11-25,9:30:19.356394316,T,TGT,F,100,85.0
2025-11-25,9:30:19.798197906,T,TGT,F,125,84.95
2025-11-25,9:30:19.798218868,T,TGT,F,115,84.95
2025-11-25,9:30:22.989511547,T,TGT,F I,20,84.95
2025-11-25,9:30:26.935876069,T,TGT,F I,1,84.94
2025-11-25,9:30:30.712071328,T,TGT,F I,63,84.93
2025-11-25,9:30:30.712140437,T,TGT,I,2,84.91
2025-11-25,9:30:30.713196011,T,TGT,I,2,84.91
2025-11-25,9:30:30.713201966,T,TGT,I,2,84.91
2025-11-25,9:30:30.732691456,T,TGT,I,2,84.9
2025-11-25,9:30:30.733813136,T,TGT,I,1,84.89
2025-11-25,9:30:30.733819127,T,TGT,I,1,84.89
2025-11-25,9:30:30.734916960,T,TGT,I,1,84.9
2025-11-25,9:30:30.734919684,T,TGT,I,1,84.9
2025-11-25,9:30:30.739788294,T,TGT,I,1,84.9
2025-11-25,9:30:30.783542531,T,TGT,,100,84.94
2025-11-25,9:30:30.783596998,T,TGT,I,70,84.92
2025-11-25,9:30:30.783596998,T,TGT,I,21,84.91
2025-11-25,9:30:30.783600001,T,TGT,I,9,84.89
2025-11-25,9:30:30.783662892,T,TGT,F I,21,84.94
2025-11-25,9:30:30.783692919,T,TGT,I,28,84.93
2025-11-25,9:30:30.783692919,T,TGT,I,72,84.92
2025-11-25,9:30:30.783756164,T,TGT,I,24,84.92
2025-11-25,9:30:30.783759124,T,TGT,F I,28,84.94
2025-11-25,9:30:30.783807167,T,TGT,F,100,84.93
2025-11-25,9:30:30.783831313,T,TGT,I,96,84.93
2025-11-25,9:30:30.783852258,T,TGT,I,1,84.93
2025-11-25,9:30:30.783855363,T,TGT,I,3,84.93
2025-11-25,9:30:30.783882367,T,TGT,,100,84.91
2025-11-25,9:30:30.783897424,T,TGT,F,100,84.93
2025-11-25,9:30:30.783925141,T,TGT,F I,93,84.92
2025-11-25,9:30:30.783927526,T,TGT,F I,7,84.92
2025-11-25,9:30:30.783933632,T,TGT,I,96,84.9
2025-11-25,9:30:30.783969544,T,TGT,F I,15,84.93
2025-11-25,9:30:30.784005695,T,TGT,I,8,84.91
2025-11-25,9:30:30.784005695,T,TGT,I,70,84.91
2025-11-25,9:30:30.784008801,T,TGT,I,91,84.89
2025-11-25,9:30:30.784011809,T,TGT,,100,84.89
2025-11-25,9:30:30.784011809,T,TGT,I,22,84.89
2025-11-25,9:30:30.784062848,T,TGT,F I,85,84.91
2025-11-25,9:30:30.784096326,T,TGT,F,100,84.91
2025-11-25,9:30:30.784113979,T,TGT,,100,84.9
2025-11-25,9:30:30.784195131,T,TGT,F I,16,84.92
2025-11-25,9:30:30.784198384,T,TGT,F I,77,84.93
2025-11-25,9:30:30.784198384,T,TGT,F I,7,84.93
2025-11-25,9:30:30.784222309,T,TGT,I,16,84.93
2025-11-25,9:30:30.784225781,T,TGT,,136,84.93
2025-11-25,9:30:30.784228764,T,TGT,I,22,84.93
2025-11-25,9:30:30.784228764,T,TGT,,100,84.93
2025-11-25,9:30:30.784234228,T,TGT,I,8,84.9
2025-11-25,9:30:30.784234228,T,TGT,I,70,84.89
2025-11-25,9:30:30.784426737,T,TGT,,100,84.91
2025-11-25,9:30:30.784540964,T,TGT,I,8,84.91
2025-11-25,9:30:30.784601362,T,TGT,I,8,84.89
2025-11-25,9:30:30.784604051,T,TGT,,100,84.89
2025-11-25,9:30:30.885951669,T,TGT,F,100,84.92
2025-11-25,9:30:30.885954567,T,TGT,F I,64,84.93
2025-11-25,9:30:30.885954567,T,TGT,F I,36,84.93
2025-11-25,9:30:30.885960610,T,TGT,F I,42,84.93
2025-11-25,9:30:30.885969611,T,TGT,I,1,84.93
2025-11-25,9:30:30.885972553,T,TGT,I,99,84.93
2025-11-25,9:30:30.885987695,T,TGT,,100,84.94
2025-11-25,9:30:30.886032831,T,TGT,F I,93,84.94
2025-11-25,9:30:30.886035921,T,TGT,F I,7,84.94
2025-11-25,9:30:30.886035921,T,TGT,F I,86,84.94
2025-11-25,9:30:30.886041778,T,TGT,I,14,84.94
2025-11-25,9:30:30.886041778,T,TGT,I,40,84.94
2025-11-25,9:30:30.886044784,T,TGT,I,46,84.94
2025-11-25,9:30:30.886101860,T,TGT,F I,54,84.94
2025-11-25,9:30:30.886131951,T,TGT,,100,84.92
2025-11-25,9:30:31.159642537,T,TGT,F I,93,84.94
2025-11-25,9:30:31.159651601,T,TGT,I,4,84.94
2025-11-25,9:30:31.159694033,T,TGT,I,8,84.92
2025-11-25,9:30:31.159768826,T,TGT,I,60,84.93
2025-11-25,9:30:31.159771836,T,TGT,I,40,84.93
2025-11-25,9:30:31.159774948,T,TGT,F I,50,84.94
2025-11-25,9:30:31.159862040,T,TGT,F I,4,84.92
2025-11-25,9:30:31.159868062,T,TGT,,100,84.93
2025-11-25,9:30:31.159868062,T,TGT,I,5,84.93
2025-11-25,9:30:31.159895316,T,TGT,,100,84.9
2025-11-25,9:30:31.159898131,T,TGT,,100,84.9
2025-11-25,9:30:31.159901240,T,TGT,,100,84.9
2025-11-25,9:30:31.160232134,T,TGT,,100,84.91
2025-11-25,9:30:31.160253027,T,TGT,I,3,84.91
2025-11-25,9:30:31.160256026,T,TGT,,100,84.91
2025-11-25,9:30:31.160286235,T,TGT,I,32,84.92
2025-11-25,9:30:31.160382323,T,TGT,,100,84.9
2025-11-25,9:30:31.160457557,T,TGT,,100,84.89
2025-11-25,9:30:31.160497322,T,TGT,F I,8,84.91
2025-11-25,9:30:31.160499951,T,TGT,F I,97,84.93
2025-11-25,9:30:31.160547719,T,TGT,I,53,84.91
2025-11-25,9:30:31.160562823,T,TGT,,100,84.89
2025-11-25,9:30:31.160562823,T,TGT,I,8,84.89
2025-11-25,9:30:31.160568751,T,TGT,,140,84.91
2025-11-25,9:30:31.160616892,T,TGT,F I,78,84.91
2025-11-25,9:30:31.228708215,T,TGT,F,200,84.93
2025-11-25,9:30:31.228708215,T,TGT,F I,68,84.93
2025-11-25,9:30:31.228711490,T,TGT,F I,28,84.93
2025-11-25,9:30:31.228714072,T,TGT,F,104,84.93
2025-11-25,9:30:31.228729216,T,TGT,I,71,84.93
2025-11-25,9:30:31.228747226,T,TGT,I,18,84.93
2025-11-25,9:30:31.229559199,T,TGT,I,96,84.93
2025-11-25,9:30:31.229598385,T,TGT,F I,25,84.93
2025-11-25,9:30:31.229634292,T,TGT,I,78,84.93
2025-11-25,9:30:31.377048518,T,TGT,I,78,84.97
2025-11-25,9:30:36.472646019,T,TGT,,100,84.99
2025-11-25,9:30:42.858398226,T,TGT,I,63,84.965
2025-11-25,9:30:47.577808545,T,TGT,F I,5,84.94
2025-11-25,9:30:47.579146748,T,TGT,F I,6,84.93
2025-11-25,9:30:47.579167794,T,TGT,F I,11,84.93
2025-11-25,9:30:47.780999725,T,TGT,F I,63,84.93
2025-11-25,9:30:47.781047792,T,TGT,F I,37,84.93
2025-11-25,9:30:48.843472910,T,TGT,F I,25,84.95
2025-11-25,9:31:05.782719864,T,TGT,I,63,84.945
2025-11-25,9:31:05.782822120,T,TGT,F I,1,84.96
2025-11-25,9:31:05.783291194,T,TGT,F I,15,84.99
2025-11-25,9:31:05.783922766,T,TGT,F I,8,84.99
2025-11-25,9:31:05.783926041,T,TGT,F,100,85.01
2025-11-25,9:31:05.783926041,T,TGT,F,100,85.01
2025-11-25,9:31:05.784112156,T,TGT,,100,84.99
2025-11-25,9:31:05.784112156,T,TGT,I,10,84.99
2025-11-25,9:31:05.784115185,T,TGT,,150,84.99
2025-11-25,9:31:05.784133243,T,TGT,I,1,84.99
2025-11-25,9:31:07.105719272,T,TGT,F,100,85.0
2025-11-25,9:31:07.105721718,T,TGT,F I,10,85.01
2025-11-25,9:31:07.105727691,T,TGT,F,100,85.01
2025-11-25,9:31:07.107483859,T,TGT,F,100,85.04
2025-11-25,9:31:07.107655315,T,TGT,,100,85.03
2025-11-25,9:31:10.919506468,T,TGT,I,1,85.04
2025-11-25,9:31:10.919537002,T,TGT,,100,85.04
2025-11-25,9:31:11.581181722,T,TGT,F I,63,85.0
2025-11-25,9:31:15.283154518,T,TGT,I,25,85.03
2025-11-25,9:31:15.283157161,T,TGT,,100,85.04
2025-11-25,9:31:15.283163680,T,TGT,,127,85.04
2025-11-25,9:31:15.283163680,T,TGT,,100,85.04
2025-11-25,9:31:15.283166216,T,TGT,I,30,85.04
2025-11-25,9:31:15.283187269,T,TGT,F I,63,85.04
2025-11-25,9:31:15.283241375,T,TGT,F I,63,85.04
2025-11-25,9:31:15.283275064,T,TGT,F I,63,85.02
2025-11-25,9:31:15.283310444,T,TGT,F I,63,85.02
2025-11-25,9:31:15.283382687,T,TGT,,100,85.02
2025-11-25,9:31:15.283917941,T,TGT,F I,63,85.02
2025-11-25,9:31:15.283969115,T,TGT,,100,85.02
2025-11-25,9:31:15.284110386,T,TGT,F I,63,85.02
2025-11-25,9:31:15.284143462,T,TGT,F I,63,85.02
2025-11-25,9:31:15.284209701,T,TGT,F I,63,85.02
2025-11-25,9:31:15.285129790,T,TGT,F I,63,85.02
2025-11-25,9:31:16.699546484,T,TGT,F I,63,85.02
2025-11-25,9:31:16.699693864,T,TGT,,100,85.02
2025-11-25,9:31:16.699808074,T,TGT,,100,85.02
2025-11-25,9:31:16.700084913,T,TGT,F I,63,85.02
2025-11-25,9:31:18.293731317,T,TGT,F I,63,85.02
2025-11-25,9:31:18.293905787,T,TGT,,100,85.02
2025-11-25,9:31:25.434101309,T,TGT,F I,63,85.04
2025-11-25,9:31:25.434149369,T,TGT,F I,63,85.04
2025-11-25,9:31:25.434203405,T,TGT,F I,63,85.04
2025-11-25,9:31:25.434254579,T,TGT,F I,63,85.04
2025-11-25,9:31:25.434302655,T,TGT,F I,9,85.04
2025-11-25,9:31:51.299206798,T,TGT,F I,4,84.9
2025-11-25,9:31:51.299260921,T,TGT,I,4,84.9
2025-11-25,9:31:51.299339082,T,TGT,F I,1,84.88
2025-11-25,9:31:51.300093954,T,TGT,F I,60,84.92
2025-11-25,9:31:51.300145011,T,TGT,F,100,84.96
2025-11-25,9:31:51.300151324,T,TGT,F,100,84.96
2025-11-25,9:31:51.300154159,T,TGT,F,100,84.96
2025-11-25,9:31:51.300157718,T,TGT,F I,56,84.97
2025-11-25,9:31:51.300160267,T,TGT,F,100,84.97
2025-11-25,9:31:51.300163361,T,TGT,F,100,84.97
2025-11-25,9:31:51.300193197,T,TGT,I,5,84.93
2025-11-25,9:31:51.300220229,T,TGT,I,60,84.93
2025-11-25,9:31:51.300226286,T,TGT,I,35,84.93
2025-11-25,9:31:51.300226286,T,TGT,,140,84.93
2025-11-25,9:31:51.300247768,T,TGT,I,1,84.93
2025-11-25,9:31:51.300250399,T,TGT,I,56,84.93
2025-11-25,9:31:51.300262332,T,TGT,F I,35,84.93
2025-11-25,9:31:51.300274422,T,TGT,I,8,84.93
2025-11-25,9:31:51.300274422,T,TGT,I,60,84.93
2025-11-25,9:31:51.300286347,T,TGT,I,28,84.93
2025-11-25,9:31:51.300286347,T,TGT,I,75,84.93
2025-11-25,9:31:51.300299008,T,TGT,F I,9,84.93
2025-11-25,9:31:51.300316599,T,TGT,I,16,84.93
2025-11-25,9:31:51.300316599,T,TGT,I,12,84.93
2025-11-25,9:31:51.300319848,T,TGT,F,100,84.99
2025-11-25,9:31:51.300319848,T,TGT,F I,26,84.99
2025-11-25,9:31:51.300343679,T,TGT,,126,84.93
2025-11-25,9:31:51.300370843,T,TGT,F,100,84.96
2025-11-25,9:31:51.300370843,T,TGT,F I,27,84.96
2025-11-25,9:31:51.300422517,T,TGT,I,11,84.94
2025-11-25,9:31:51.300422517,T,TGT,I,89,84.93
2025-11-25,9:31:51.300428364,T,TGT,I,11,84.93
2025-11-25,9:31:51.300428364,T,TGT,I,27,84.93
2025-11-25,9:31:51.300430769,T,TGT,I,73,84.93
2025-11-25,9:31:51.300523927,T,TGT,F I,11,84.96
2025-11-25,9:31:51.300584064,T,TGT,I,58,84.94
2025-11-25,9:31:51.300588536,T,TGT,,138,84.94
2025-11-25,9:31:51.300588536,T,TGT,I,27,84.94
2025-11-25,9:31:51.300588536,T,TGT,,126,84.94
2025-11-25,9:31:51.300689435,T,TGT,F I,58,84.96
2025-11-25,9:31:51.300689435,T,TGT,F I,11,84.96
2025-11-25,9:31:51.300746667,T,TGT,,100,84.96
2025-11-25,9:31:51.300746667,T,TGT,I,64,84.96
2025-11-25,9:31:51.300848743,T,TGT,I,11,84.94
2025-11-25,9:31:51.300851748,T,TGT,I,97,84.93
2025-11-25,9:31:51.300960557,T,TGT,F I,11,84.96
2025-11-25,9:31:51.301011172,T,TGT,I,11,84.94
2025-11-25,9:31:51.301023442,T,TGT,F I,10,84.96
2025-11-25,9:31:51.301056198,T,TGT,F I,11,84.96
2025-11-25,9:31:51.301086259,T,TGT,F I,1,84.96
2025-11-25,9:31:51.301089278,T,TGT,F I,24,84.96
2025-11-25,9:31:51.301137762,T,TGT,I,10,84.94
2025-11-25,9:31:51.301179582,T,TGT,F I,68,84.97
2025-11-25,9:31:51.301227607,T,TGT,I,11,84.95
2025-11-25,9:31:51.301308785,T,TGT,F,100,84.96
2025-11-25,9:31:51.301363416,T,TGT,F I,32,84.97
2025-11-25,9:31:51.301363416,T,TGT,F,100,84.97
2025-11-25,9:31:51.301366051,T,TGT,F,100,84.97
2025-11-25,9:31:51.301366051,T,TGT,F I,68,84.97
2025-11-25,9:31:51.301369031,T,TGT,F I,32,84.97
2025-11-25,9:31:51.301540399,T,TGT,I,6,84.97
2025-11-25,9:31:51.301570432,T,TGT,I,94,84.97
2025-11-25,9:31:51.301588671,T,TGT,,100,84.97
2025-11-25,9:31:51.301612607,T,TGT,F I,27,84.97
2025-11-25,9:31:51.301618718,T,TGT,I,58,84.95
2025-11-25,9:31:51.301618718,T,TGT,F I,73,84.97
2025-11-25,9:31:51.301621608,T,TGT,F I,5,84.97
2025-11-25,9:31:51.301624964,T,TGT,I,42,84.95
2025-11-25,9:31:51.301735810,T,TGT,,100,84.94
2025-11-25,9:31:51.301735810,T,TGT,I,15,84.94
2025-11-25,9:31:51.301754016,T,TGT,I,75,84.96
2025-11-25,9:31:51.301824219,T,TGT,,100,84.95
2025-11-25,9:31:51.301824219,T,TGT,,100,84.95
2025-11-25,9:31:51.301835120,T,TGT,I,15,84.94
2025-11-25,9:31:51.301859112,T,TGT,I,5,84.95
2025-11-25,9:31:51.301886246,T,TGT,I,75,84.95
2025-11-25,9:31:51.301910264,T,TGT,I,40,84.95
2025-11-25,9:31:51.302000437,T,TGT,I,1,84.94
2025-11-25,9:31:51.302079168,T,TGT,F,100,84.94
2025-11-25,9:31:51.302082115,T,TGT,F I,25,84.94
2025-11-25,9:31:51.302084677,T,TGT,,100,84.93
2025-11-25,9:31:51.302084677,T,TGT,I,15,84.93
2025-11-25,9:31:51.302090706,T,TGT,F I,26,84.94
2025-11-25,9:31:51.302090706,T,TGT,F I,15,84.94
2025-11-25,9:31:51.302094359,T,TGT,F,218,84.94
2025-11-25,9:31:51.302094359,T,TGT,F I,60,84.95
2025-11-25,9:31:51.302099678,T,TGT,F,100,84.95
2025-11-25,9:31:51.302099678,T,TGT,F I,15,84.95
2025-11-25,9:31:51.302102827,T,TGT,F I,15,84.95
2025-11-25,9:31:51.302102827,T,TGT,F,100,84.96
2025-11-25,9:31:51.302105865,T,TGT,F I,15,84.96
2025-11-25,9:31:51.302132760,T,TGT,F I,51,84.93
2025-11-25,9:31:51.302135787,T,TGT,F,100,84.93
2025-11-25,9:31:51.302265094,T,TGT,,100,84.95
2025-11-25,9:31:51.302268154,T,TGT,I,35,84.95
2025-11-25,9:31:51.302328238,T,TGT,I,52,84.94
2025-11-25,9:31:51.302409533,T,TGT,F I,1,84.95
2025-11-25,9:31:51.302409533,T,TGT,F I,5,84.95
2025-11-25,9:31:51.302427440,T,TGT,,100,84.93
2025-11-25,9:31:51.302484645,T,TGT,I,8,84.94
2025-11-25,9:31:51.302568848,T,TGT,F I,28,84.94
2025-11-25,9:31:51.302610981,T,TGT,I,11,84.94
2025-11-25,9:31:51.302746201,T,TGT,I,1,84.93
2025-11-25,9:31:51.302749251,T,TGT,I,7,84.93
2025-11-25,9:31:51.302872609,T,TGT,,100,84.94
2025-11-25,9:31:51.302890572,T,TGT,I,8,84.94
2025-11-25,9:31:51.302893640,T,TGT,I,63,84.94
2025-11-25,9:31:51.303019920,T,TGT,I,1,84.93
2025-11-25,9:31:51.303022953,T,TGT,I,7,84.93
2025-11-25,9:31:51.303119137,T,TGT,I,37,84.94
2025-11-25,9:31:51.303119137,T,TGT,I,38,84.94
2025-11-25,9:31:51.303269806,T,TGT,F I,62,84.94
2025-11-25,9:31:51.303272758,T,TGT,F I,1,84.94
2025-11-25,9:31:51.303272758,T,TGT,F I,1,84.94
2025-11-25,9:31:51.303275550,T,TGT,F,140,84.94
2025-11-25,9:31:51.303567335,T,TGT,,100,84.93
2025-11-25,9:31:51.303567335,T,TGT,I,1,84.93
2025-11-25,9:31:51.303660500,T,TGT,F I,1,84.94
2025-11-25,9:31:51.303663590,T,TGT,F I,14,84.94
2025-11-25,9:31:51.304045494,T,TGT,F,100,84.95
2025-11-25,9:31:51.304048331,T,TGT,F,100,84.95
2025-11-25,9:31:51.304172630,T,TGT,,100,84.94
2025-11-25,9:31:51.304172630,T,TGT,,138,84.94
2025-11-25,9:31:51.304175404,T,TGT,I,2,84.94
2025-11-25,9:31:51.304175404,T,TGT,I,1,84.94
2025-11-25,9:31:51.304177643,T,TGT,I,26,84.94
2025-11-25,9:31:51.304229479,T,TGT,F,111,84.95
2025-11-25,9:31:51.304232552,T,TGT,F I,1,84.95
2025-11-25,9:31:51.304235429,T,TGT,I,10,84.95
2025-11-25,9:31:51.304238134,T,TGT,F I,1,84.95
2025-11-25,9:31:51.304238134,T,TGT,F I,27,84.95
2025-11-25,9:31:51.304273861,T,TGT,F I,71,84.95
2025-11-25,9:31:51.304523501,T,TGT,I,1,84.94
2025-11-25,9:31:51.305482977,T,TGT,F I,19,84.94
2025-11-25,9:31:51.305482977,T,TGT,F I,2,84.94
2025-11-25,9:31:51.305482977,T,TGT,F I,47,84.94
2025-11-25,9:31:51.305485808,T,TGT,F I,58,84.94
2025-11-25,9:31:51.313040408,T,TGT,F I,93,84.94
2025-11-25,9:31:51.313040408,T,TGT,F,186,84.94
2025-11-25,9:31:51.313042847,T,TGT,F I,93,84.94
2025-11-25,9:31:51.313046125,T,TGT,F I,93,84.94
2025-11-25,9:31:51.313048784,T,TGT,F,132,84.94
2025-11-25,9:31:51.313060782,T,TGT,F,451,84.94
2025-11-25,9:31:51.313063885,T,TGT,F,100,84.94
2025-11-25,9:31:51.313361541,T,TGT,F I,20,84.95
2025-11-25,9:31:51.313361541,T,TGT,F I,20,84.95
2025-11-25,9:31:51.313364533,T,TGT,F,100,84.95
2025-11-25,9:31:51.313481854,T,TGT,I,18,84.95
2025-11-25,9:31:51.313502922,T,TGT,I,82,84.94
2025-11-25,9:31:51.315066623,T,TGT,F,137,84.97
2025-11-25,9:31:51.315069841,T,TGT,F,100,84.97
2025-11-25,9:31:51.315069841,T,TGT,F,100,84.97
2025-11-25,9:31:51.350632326,T,TGT,F,100,84.98
2025-11-25,9:32:21.798442212,T,TGT,F I,10,85.01
2025-11-25,9:32:21.846190605,T,TGT,F I,63,85.01
2025-11-25,9:32:21.846192957,T,TGT,F I,3,85.02
2025-11-25,9:32:21.846196059,T,TGT,F I,34,85.02
2025-11-25,9:32:21.846211533,T,TGT,F I,66,85.02
2025-11-25,9:32:24.062430979,T,TGT,F I,16,85.05
2025-11-25,9:32:24.062433834,T,TGT,F,283,85.05
2025-11-25,9:32:24.062436912,T,TGT,F I,41,85.05
2025-11-25,9:32:24.062439889,T,TGT,F I,59,85.05
2025-11-25,9:32:24.471284916,T,TGT,F I,4,85.02
2025-11-25,9:32:24.471287937,T,TGT,F I,15,85.0
2025-11-25,9:32:24.471290945,T,TGT,F,100,85.0
2025-11-25,9:32:24.471293885,T,TGT,F I,7,85.0
2025-11-25,9:32:24.471300180,T,TGT,F I,4,85.0
2025-11-25,9:32:24.471348065,T,TGT,F I,1,84.98
2025-11-25,9:32:24.471435236,T,TGT,I,40,85.02
2025-11-25,9:32:24.472677591,T,TGT,F I,29,84.94
2025-11-25,9:32:24.472680160,T,TGT,F I,15,84.94
2025-11-25,9:32:34.832071907,T,TGT,I,6,84.86
2025-11-25,9:32:39.409919934,T,TGT,I,4,84.83
2025-11-25,9:32:39.409919934,T,TGT,I,15,84.83
2025-11-25,9:32:39.409922881,T,TGT,I,10,84.83
2025-11-25,9:32:39.409977431,T,TGT,F I,30,84.82
2025-11-25,9:32:39.409977431,T,TGT,F I,2,84.82
2025-11-25,9:32:39.410419107,T,TGT,F I,5,84.82
2025-11-25,9:32:39.410443476,T,TGT,I,75,84.82
2025-11-25,9:32:39.410443476,T,TGT,I,25,84.82
2025-11-25,9:32:39.410446083,T,TGT,I,80,84.82
2025-11-25,9:32:39.410455352,T,TGT,I,20,84.82
2025-11-25,9:32:39.410695726,T,TGT,F I,7,84.8
2025-11-25,9:32:39.410695726,T,TGT,F I,25,84.8
2025-11-25,9:32:39.410698886,T,TGT,F I,50,84.8
2025-11-25,9:32:39.410698886,T,TGT,F I,75,84.8
2025-11-25,9:32:39.410981379,T,TGT,I,2,84.8
2025-11-25,9:32:40.176109128,T,TGT,I,75,84.83
2025-11-25,9:32:40.176118145,T,TGT,I,75,84.83
2025-11-25,9:32:40.176124204,T,TGT,I,1,84.83
2025-11-25,9:32:40.176133291,T,TGT,I,24,84.83
2025-11-25,9:32:40.176133291,T,TGT,I,51,84.83
2025-11-25,9:32:40.176142274,T,TGT,I,11,84.83
2025-11-25,9:32:40.176151247,T,TGT,F I,24,84.83
2025-11-25,9:32:40.176154249,T,TGT,F I,14,84.83
2025-11-25,9:32:40.422155410,T,TGT,I,3,84.77
2025-11-25,9:32:46.111839144,T,TGT,I,63,84.795
2025-11-25,9:32:46.111887223,T,TGT,F I,63,84.795
2025-11-25,9:32:46.111923344,T,TGT,I,63,84.795
2025-11-25,9:32:46.111962468,T,TGT,I,11,84.795
2025-11-25,9:32:59.853827481,T,TGT,I,1,84.77
2025-11-25,9:32:59.880934060,T,TGT,I,1,84.76
2025-11-25,9:33:00.729558702,T,TGT,F I,25,84.79
2025-11-25,9:33:00.952088866,T,TGT,I,1,84.8
2025-11-25,9:33:00.952128003,T,TGT,I,99,84.8
2025-11-25,9:33:12.429240710,T,TGT,,100,84.88
2025-11-25,9:33:12.429255468,T,TGT,I,1,84.88
2025-11-25,9:33:12.429258434,T,TGT,I,71,84.88
2025-11-25,9:33:12.429277495,T,TGT,F I,28,84.88
2025-11-25,9:33:12.429279440,T,TGT,F I,72,84.88
2025-11-25,9:33:12.429291534,T,TGT,I,28,84.88
2025-11-25,9:33:27.782247438,T,TGT,,100,84.96
2025-11-25,9:33:27.782319618,T,TGT,,100,84.97
2025-11-25,9:33:27.798723707,T,TGT,I,80,84.99
2025-11-25,9:33:27.798747755,T,TGT,F I,20,84.995
2025-11-25,9:33:32.102501785,T,TGT,F I,63,84.87
2025-11-25,9:33:32.102549820,T,TGT,F I,37,84.87
2025-11-25,9:33:34.898953806,T,TGT,I,25,84.91
2025-11-25,9:33:34.898956806,T,TGT,I,20,84.92
2025-11-25,9:33:34.898956806,T,TGT,I,55,84.92
2025-11-25,9:33:39.339362402,T,TGT,F I,63,84.89
2025-11-25,9:33:39.339413534,T,TGT,F I,37,84.89
2025-11-25,9:33:53.206313356,T,TGT,F I,14,85.0
2025-11-25,9:33:53.206334750,T,TGT,F I,6,85.0
2025-11-25,9:33:53.206337336,T,TGT,F,100,85.0
2025-11-25,9:33:53.206376422,T,TGT,F I,1,85.02
2025-11-25,9:33:53.216303104,T,TGT,F I,3,85.02
2025-11-25,9:33:53.216345204,T,TGT,F I,77,85.02
2025-11-25,9:33:53.216366254,T,TGT,I,1,85.02
2025-11-25,9:33:53.299842121,T,TGT,F,100,85.0
2025-11-25,9:33:53.299863198,T,TGT,F,100,85.0
2025-11-25,9:33:53.299863198,T,TGT,F I,26,84.99
2025-11-25,9:33:53.299866422,T,TGT,F I,74,84.99
2025-11-25,9:33:53.300146797,T,TGT,F I,35,84.96
2025-11-25,9:33:53.300151859,T,TGT,F I,70,84.96
2025-11-25,9:33:53.300151859,T,TGT,F I,15,84.96
2025-11-25,9:33:53.300154902,T,TGT,F,100,84.96
2025-11-25,9:33:53.300170194,T,TGT,F,100,84.95
2025-11-25,9:33:53.300173139,T,TGT,F,200,84.95
2025-11-25,9:33:53.300175903,T,TGT,F I,15,84.95
2025-11-25,9:33:53.300266132,T,TGT,F,300,84.94
2025-11-25,9:33:53.300269087,T,TGT,F I,15,84.94
2025-11-25,9:33:53.301526155,T,TGT,F I,63,84.94
2025-11-25,9:33:53.310009519,T,TGT,F,100,84.935
2025-11-25,9:33:53.310012541,T,TGT,F,100,84.91
2025-11-25,9:33:53.310015480,T,TGT,F I,15,84.9
2025-11-25,9:33:53.310015480,T,TGT,F,100,84.9
2025-11-25,9:33:53.310018752,T,TGT,F,100,84.9
2025-11-25,9:33:53.310018752,T,TGT,F,100,84.9
2025-11-25,9:33:53.310021520,T,TGT,F,100,84.9
2025-11-25,9:33:53.310024336,T,TGT,F I,38,84.9
2025-11-25,9:33:53.310030353,T,TGT,I,1,84.9
2025-11-25,9:33:53.315058343,T,TGT,F I,79,84.94
2025-11-25,9:33:53.315061402,T,TGT,F I,21,84.94
2025-11-25,9:33:53.315082396,T,TGT,F I,79,84.94
2025-11-25,9:33:53.315085517,T,TGT,F I,56,84.94
2025-11-25,9:33:53.315088459,T,TGT,I,79,84.94
2025-11-25,9:33:53.315094501,T,TGT,I,21,84.94
2025-11-25,9:33:55.780190117,T,TGT,I,80,84.97
2025-11-25,9:33:55.780193132,T,TGT,I,30,84.975
2025-11-25,9:33:55.780196172,T,TGT,I,1,84.975
2025-11-25,9:33:58.616725535,T,TGT,F I,61,84.94
2025-11-25,9:33:58.616725535,T,TGT,F,100,84.94
2025-11-25,9:33:58.616727750,T,TGT,F,100,84.94
2025-11-25,9:33:58.616730755,T,TGT,F I,79,84.94
2025-11-25,9:33:58.616730755,T,TGT,F I,38,84.94
2025-11-25,9:34:15.074344285,T,TGT,F I,63,84.96
2025-11-25,9:34:15.078220610,T,TGT,F I,63,84.97
2025-11-25,9:34:15.078259716,T,TGT,F I,63,84.97
2025-11-25,9:34:15.078313747,T,TGT,F I,9,84.97
2025-11-25,9:34:15.087500709,T,TGT,F I,1,84.98
2025-11-25,9:34:15.855924289,T,TGT,F I,63,84.96
2025-11-25,9:34:16.050084993,T,TGT,F I,2,84.95
2025-11-25,9:34:16.050084993,T,TGT,F I,11,84.95
2025-11-25,9:34:16.050105930,T,TGT,F I,79,84.95
2025-11-25,9:34:28.682471675,T,TGT,I,3,84.93
2025-11-25,9:34:30.951810068,T,TGT,I,1,84.935
2025-11-25,9:34:34.214986113,T,TGT,F I,49,84.89
2025-11-25,9:34:34.214989043,T,TGT,F I,14,84.89
2025-11-25,9:34:34.215016200,T,TGT,I,18,84.89
2025-11-25,9:34:34.225072147,T,TGT,I,33,84.89
2025-11-25,9:34:37.373284126,T,TGT,F I,32,84.91
2025-11-25,9:34:39.096858267,T,TGT,F I,34,84.92
2025-11-25,9:34:42.190604698,T,TGT,F I,93,84.91
2025-11-25,9:34:42.190610733,T,TGT,F I,7,84.91
2025-11-25,9:34:42.190610733,T,TGT,F I,1,84.91
2025-11-25,9:34:42.192797008,T,TGT,I,1,84.935
2025-11-25,9:34:46.531001701,T,TGT,F I,10,84.88
2025-11-25,9:34:46.531007001,T,TGT,F,100,84.88
2025-11-25,9:34:46.546716462,T,TGT,F I,93,84.88
2025-11-25,9:34:46.546719422,T,TGT,F I,7,84.88
2025-11-25,9:34:46.546722445,T,TGT,F I,15,84.9
2025-11-25,9:34:46.546725465,T,TGT,F I,33,84.9
2025-11-25,9:34:46.546737478,T,TGT,F,100,84.9
2025-11-25,9:34:46.546996097,T,TGT,,100,84.9
2025-11-25,9:34:46.547179457,T,TGT,I,71,84.91
2025-11-25,9:34:46.547197551,T,TGT,F I,29,84.91
2025-11-25,9:34:46.547197551,T,TGT,F,100,84.91
2025-11-25,9:34:46.547456114,T,TGT,,100,84.91
2025-11-25,9:34:50.594804336,T,TGT,I,43,84.97
2025-11-25,9:34:50.594807275,T,TGT,I,18,84.97
2025-11-25,9:34:50.594963740,T,TGT,F I,16,84.97
2025-11-25,9:34:50.654261987,T,TGT,,100,85.0
2025-11-25,9:34:50.654264973,T,TGT,I,13,85.0
2025-11-25,9:34:58.077043623,T,TGT,,164,85.05
2025-11-25,9:34:58.077058757,T,TGT,I,1,85.05
2025-11-25,9:34:58.077058757,T,TGT,F I,35,85.05
2025-11-25,9:34:58.127470762,T,TGT,,100,85.07
2025-11-25,9:34:58.128394235,T,TGT,F I,30,85.05
2025-11-25,9:34:58.128394235,T,TGT,F I,60,85.05
2025-11-25,9:34:58.128400242,T,TGT,F I,15,85.05
2025-11-25,9:34:58.128400242,T,TGT,F,200,85.05
2025-11-25,9:34:58.128402972,T,TGT,F I,91,85.04
2025-11-25,9:34:58.128402972,T,TGT,F I,2,85.04
2025-11-25,9:34:58.128439050,T,TGT,F I,7,85.04
2025-11-25,9:34:58.128730896,T,TGT,I,31,85.05
2025-11-25,9:34:58.128730896,T,TGT,I,58,85.06
2025-11-25,9:34:58.128734090,T,TGT,I,15,85.06
2025-11-25,9:34:58.128734090,T,TGT,I,59,85.06
2025-11-25,9:34:58.128737018,T,TGT,I,1,85.06
2025-11-25,9:34:58.128823986,T,TGT,F I,7,85.04
2025-11-25,9:34:58.129599805,T,TGT,F I,93,85.04
2025-11-25,9:34:58.129636215,T,TGT,I,15,85.04
2025-11-25,9:34:58.129636215,T,TGT,I,12,85.04
2025-11-25,9:34:58.129638886,T,TGT,I,36,85.04
2025-11-25,9:34:59.088605530,T,TGT,,100,85.04
2025-11-25,9:35:09.430997679,T,TGT,F I,63,85.09
2025-11-25,9:35:13.751233906,T,TGT,F I,1,85.05
2025-11-25,9:35:13.756349155,T,TGT,I,25,85.01
2025-11-25,9:35:13.756352162,T,TGT,I,3,85.01
2025-11-25,9:35:13.758027077,T,TGT,F,500,85.0
2025-11-25,9:35:13.758030091,T,TGT,F,300,85.0
2025-11-25,9:35:13.758769869,T,TGT,F I,1,84.98
2025-11-25,9:35:13.758769869,T,TGT,F I,1,84.98
2025-11-25,9:35:13.758773192,T,TGT,F I,1,84.98
2025-11-25,9:35:13.758775870,T,TGT,F I,2,84.98
2025-11-25,9:35:13.758911175,T,TGT,I,51,85.0
2025-11-25,9:35:13.758911175,T,TGT,I,12,85.0
2025-11-25,9:35:14.020757115,T,TGT,F I,7,84.99
2025-11-25,9:35:37.230509550,T,TGT,F I,2,85.04
2025-11-25,9:35:37.230771148,T,TGT,F I,97,85.1
2025-11-25,9:35:37.230798227,T,TGT,F,504,85.1
2025-11-25,9:35:37.230801276,T,TGT,F,100,85.1
2025-11-25,9:35:37.230876415,T,TGT,I,24,85.08
2025-11-25,9:35:37.231471845,T,TGT,I,48,85.1
2025-11-25,9:35:37.232028168,T,TGT,F I,93,85.08
2025-11-25,9:35:37.232031797,T,TGT,F I,7,85.08
2025-11-25,9:35:37.232034174,T,TGT,F I,2,85.08
2025-11-25,9:35:37.232037190,T,TGT,F,100,85.08
2025-11-25,9:35:37.232052258,T,TGT,F I,37,85.07
2025-11-25,9:35:37.232067257,T,TGT,F I,63,85.07
2025-11-25,9:35:37.232070344,T,TGT,F I,2,85.07
2025-11-25,9:35:37.232497313,T,TGT,I,37,85.08
2025-11-25,9:35:37.232500371,T,TGT,I,63,85.08
2025-11-25,9:35:37.233727256,T,TGT,I,1,85.095
2025-11-25,9:35:37.234316980,T,TGT,F I,1,85.07
2025-11-25,9:35:37.234316980,T,TGT,F I,2,85.07
2025-11-25,9:35:37.240803125,T,TGT,I,11,85.07
2025-11-25,9:35:37.251370302,T,TGT,,100,85.06
2025-11-25,9:35:40.979309560,T,TGT,I,1,85.04
2025-11-25,9:35:47.005786763,T,TGT,I,10,84.98
2025-11-25,9:35:47.005786763,T,TGT,I,19,84.98
2025-11-25,9:35:47.006685756,T,TGT,,100,84.98
2025-11-25,9:35:49.452138685,T,TGT,F I,3,84.94
2025-11-25,9:35:49.911332643,T,TGT,I,5,84.96
2025-11-25,9:35:49.911353751,T,TGT,F I,63,84.96
2025-11-25,9:35:49.911377804,T,TGT,F I,1,84.96
2025-11-25,9:35:49.911410922,T,TGT,F I,1,84.96
2025-11-25,9:35:49.911417137,T,TGT,F I,99,84.96
2025-11-25,9:35:49.911417137,T,TGT,F I,1,84.97
2025-11-25,9:35:49.916478300,T,TGT,,300,85.0
2025-11-25,9:35:49.916805785,T,TGT,,100,84.99
2025-11-25,9:35:49.916826833,T,TGT,I,1,84.99
2025-11-25,9:35:49.916853886,T,TGT,I,1,84.99
2025-11-25,9:35:49.916856912,T,TGT,,200,84.99
2025-11-25,9:35:49.997274406,T,TGT,I,2,84.98
2025-11-25,9:35:52.959328249,T,TGT,F I,75,85.01
2025-11-25,9:35:52.959331248,T,TGT,F I,4,85.02
2025-11-25,9:35:52.959331248,T,TGT,F,127,85.02
2025-11-25,9:35:52.959334906,T,TGT,F,100,85.02
2025-11-25,9:35:52.959337334,T,TGT,F I,80,85.02
2025-11-25,9:35:52.962843642,T,TGT,I,1,85.025
2025-11-25,9:35:53.702765190,T,TGT,F I,63,85.0
2025-11-25,9:36:02.050382018,T,TGT,F I,20,84.95
2025-11-25,9:36:06.877060878,T,TGT,F,100,84.985
2025-11-25,9:36:06.877060878,T,TGT,F I,1,84.99
2025-11-25,9:36:06.877063929,T,TGT,F I,5,84.99
2025-11-25,9:36:07.535554603,T,TGT,F I,63,85.01
2025-11-25,9:36:08.869782199,T,TGT,F I,63,85.02
2025-11-25,9:36:15.582746734,T,TGT,,100,85.04
2025-11-25,9:36:15.582749857,T,TGT,,100,85.04
2025-11-25,9:36:15.582752807,T,TGT,I,1,85.05
2025-11-25,9:36:15.582768281,T,TGT,F I,99,85.05
2025-11-25,9:36:15.582771481,T,TGT,F I,1,85.05
2025-11-25,9:36:15.582773868,T,TGT,F,100,85.05
2025-11-25,9:36:16.267905158,T,TGT,F I,2,85.02
2025-11-25,9:36:22.368382452,T,TGT,I,8,85.02
2025-11-25,9:36:26.989515537,T,TGT,I,54,85.01
2025-11-25,9:36:27.307863136,T,TGT,I,1,84.98
2025-11-25,9:36:27.307865978,T,TGT,I,1,84.98
2025-11-25,9:36:31.979221722,T,TGT,F I,20,85.02
2025-11-25,9:36:32.967703695,T,TGT,I,20,85.02
2025-11-25,9:36:35.574620323,T,TGT,F,100,85.08
2025-11-25,9:36:35.575684827,T,TGT,I,10,85.1
2025-11-25,9:36:35.576078747,T,TGT,I,34,85.11
2025-11-25,9:36:35.576099825,T,TGT,F I,14,85.11
2025-11-25,9:36:37.448275997,T,TGT,F I,42,85.11
2025-11-25,9:36:40.988384789,T,TGT,I,1,85.07
2025-11-25,9:36:58.640801854,T,TGT,F I,12,85.1
2025-11-25,9:36:58.641767214,T,TGT,I,70,85.1
2025-11-25,9:37:01.469725297,T,TGT,I,30,85.1
2025-11-25,9:37:01.469725297,T,TGT,I,5,85.11
2025-11-25,9:37:01.470032002,T,TGT,I,1,85.11
2025-11-25,9:37:01.470032002,T,TGT,I,3,85.11
2025-11-25,9:37:03.191877525,T,TGT,F I,3,85.12
2025-11-25,9:37:03.191880373,T,TGT,F I,5,85.12
2025-11-25,9:37:03.191883381,T,TGT,F I,91,85.12
2025-11-25,9:37:03.191922278,T,TGT,I,9,85.12
2025-11-25,9:37:03.191925232,T,TGT,I,27,85.13
2025-11-25,9:37:03.191946216,T,TGT,F I,73,85.13
2025-11-25,9:37:03.191949226,T,TGT,F,100,85.13
2025-11-25,9:37:03.191964327,T,TGT,I,1,85.13
2025-11-25,9:37:03.191991332,T,TGT,I,6,85.13
2025-11-25,9:37:03.709952035,T,TGT,,200,85.135
2025-11-25,9:37:03.709957343,T,TGT,,600,85.15
2025-11-25,9:37:03.709957343,T,TGT,I,86,85.15
2025-11-25,9:37:03.709957343,T,TGT,I,4,85.15
2025-11-25,9:37:03.710264096,T,TGT,I,7,85.15
2025-11-25,9:37:03.710285949,T,TGT,F,100,85.15
2025-11-25,9:37:03.710285949,T,TGT,F I,8,85.15
2025-11-25,9:37:03.710288133,T,TGT,F I,86,85.15
2025-11-25,9:37:04.383333598,T,TGT,I,2,85.16
2025-11-25,9:37:04.397115397,T,TGT,F,392,85.19
2025-11-25,9:37:04.397136475,T,TGT,F,107,85.19
2025-11-25,9:37:04.397136475,T,TGT,F I,28,85.19
2025-11-25,9:37:10.869378145,T,TGT,F,100,85.22
2025-11-25,9:37:10.869378145,T,TGT,F I,28,85.22
2025-11-25,9:37:10.869380741,T,TGT,F I,2,85.22
2025-11-25,9:37:10.869395560,T,TGT,I,1,85.22
2025-11-25,9:37:11.025416327,T,TGT,I,1,85.24
2025-11-25,9:37:16.857227949,T,TGT,F I,25,85.21
2025-11-25,9:37:16.857227949,T,TGT,F,221,85.22
2025-11-25,9:37:16.857246037,T,TGT,I,1,85.22
2025-11-25,9:37:16.857246037,T,TGT,F,778,85.22
2025-11-25,9:37:16.857251626,T,TGT,F I,28,85.22
2025-11-25,9:37:16.857251626,T,TGT,F I,1,85.22
2025-11-25,9:37:16.857260626,T,TGT,I,2,85.22
2025-11-25,9:37:16.857263644,T,TGT,I,99,85.22
2025-11-25,9:37:21.493943769,T,TGT,I,27,85.23
2025-11-25,9:37:21.493946832,T,TGT,I,27,85.23
2025-11-25,9:37:33.208348581,T,TGT,,100,85.16
2025-11-25,9:37:54.144351457,T,TGT,I,63,85.135
2025-11-25,9:37:54.144358172,T,TGT,I,5,85.135
2025-11-25,9:37:54.144399562,T,TGT,F I,25,85.135
2025-11-25,9:37:57.444512563,T,TGT,F,100,85.17
2025-11-25,9:37:57.444518576,T,TGT,F I,1,85.17
2025-11-25,9:37:57.444524581,T,TGT,F I,1,85.17
2025-11-25,9:37:57.444524581,T,TGT,F I,1,85.17
2025-11-25,9:37:57.446076354,T,TGT,I,80,85.18
2025-11-25,9:37:57.446076354,T,TGT,,100,85.17
2025-11-25,9:37:57.446079316,T,TGT,,122,85.17
2025-11-25,9:37:57.446097366,T,TGT,I,1,85.17
2025-11-25,9:37:58.458804905,T,TGT,I,70,85.2
2025-11-25,9:37:58.458871051,T,TGT,I,68,85.2
2025-11-25,9:37:58.458889142,T,TGT,I,62,85.2
2025-11-25,9:37:58.459048580,T,TGT,,100,85.2
2025-11-25,9:37:58.459051561,T,TGT,,100,85.2
2025-11-25,9:38:00.790024735,T,TGT,F I,4,85.19
2025-11-25,9:38:19.995262966,T,TGT,F I,19,85.21
2025-11-25,9:38:20.029075414,T,TGT,F I,93,85.23
2025-11-25,9:38:20.029081458,T,TGT,F I,7,85.23
2025-11-25,9:38:20.029081458,T,TGT,F I,9,85.23
2025-11-25,9:38:42.795211227,T,TGT,,100,85.14
2025-11-25,9:38:42.795503482,T,TGT,F,100,85.12
2025-11-25,9:38:43.572731600,T,TGT,F I,2,85.1
2025-11-25,9:38:51.001695981,T,TGT,I,1,85.085
2025-11-25,9:38:53.539796617,T,TGT,I,25,85.085
2025-11-25,9:38:58.769287996,T,TGT,I,30,85.085
2025-11-25,9:38:59.675737558,T,TGT,I,5,85.085
2025-11-25,9:38:59.675740469,T,TGT,I,10,85.06
2025-11-25,9:39:00.543496836,T,TGT,I,29,85.08
2025-11-25,9:39:00.543496836,T,TGT,I,2,85.08
2025-11-25,9:39:02.826100025,T,TGT,F I,2,85.12
2025-11-25,9:39:02.826103747,T,TGT,F I,21,85.12
2025-11-25,9:39:02.826103747,T,TGT,F I,1,85.12
2025-11-25,9:39:02.826105820,T,TGT,F I,1,85.12
2025-11-25,9:39:02.826120806,T,TGT,I,25,85.12
2025-11-25,9:39:02.826376401,T,TGT,,100,85.1
2025-11-25,9:39:02.826394452,T,TGT,I,1,85.1
2025-11-25,9:39:02.826472673,T,TGT,,100,85.12
2025-11-25,9:39:02.826493692,T,TGT,I,29,85.1
2025-11-25,9:39:02.826884655,T,TGT,,100,85.1
2025-11-25,9:39:02.827266845,T,TGT,F I,17,85.11
2025-11-25,9:39:02.827266845,T,TGT,F I,33,85.11
2025-11-25,9:39:02.827269629,T,TGT,F I,50,85.11
2025-11-25,9:39:02.827273241,T,TGT,F I,6,85.11
2025-11-25,9:39:02.827273241,T,TGT,F I,2,85.11
2025-11-25,9:39:02.827293677,T,TGT,,100,85.11
2025-11-25,9:39:02.827377901,T,TGT,,100,85.1
2025-11-25,9:39:02.827588572,T,TGT,,100,85.1
2025-11-25,9:39:04.222563681,T,TGT,F I,60,85.07
2025-11-25,9:39:04.223829707,T,TGT,F I,25,85.04
2025-11-25,9:39:05.435782885,T,TGT,I,5,85.05
2025-11-25,9:39:06.416584550,T,TGT,F I,20,85.01
2025-11-25,9:39:06.416587499,T,TGT,F I,43,85.01
2025-11-25,9:39:06.416623610,T,TGT,,100,85.0
2025-11-25,9:39:07.633932585,T,TGT,F I,1,84.98
2025-11-25,9:39:07.633935986,T,TGT,F I,1,84.98
2025-11-25,9:39:07.633938744,T,TGT,F I,6,84.98
2025-11-25,9:39:07.633938744,T,TGT,F I,20,84.98
2025-11-25,9:39:07.634016793,T,TGT,F I,14,84.97
2025-11-25,9:39:07.634077136,T,TGT,F I,2,84.95
2025-11-25,9:39:30.462689756,T,TGT,F I,23,84.93
2025-11-25,9:39:31.008465911,T,TGT,I,1,84.95
2025-11-25,9:39:31.552104195,T,TGT,I,30,84.95
2025-11-25,9:39:41.902868233,T,TGT,F I,2,84.9
2025-11-25,9:39:41.902868233,T,TGT,F I,2,84.9
2025-11-25,9:39:41.903517719,T,TGT,F I,50,84.89
2025-11-25,9:39:42.013213079,T,TGT,I,20,84.87
2025-11-25,9:39:42.014397926,T,TGT,I,50,84.85
2025-11-25,9:39:42.014397926,T,TGT,I,1,84.85
2025-11-25,9:39:45.716689013,T,TGT,I,10,84.835
2025-11-25,9:39:45.788782915,T,TGT,I,10,84.835
2025-11-25,9:39:53.524188867,T,TGT,I,10,84.83
2025-11-25,9:39:53.524937682,T,TGT,I,2,84.83
2025-11-25,9:39:53.525127484,T,TGT,F I,8,84.83
2025-11-25,9:39:53.525130111,T,TGT,F I,54,84.84
2025-11-25,9:39:53.551503026,T,TGT,F I,8,84.825
2025-11-25,9:39:53.551506164,T,TGT,F I,10,84.825
2025-11-25,9:39:53.551506164,T,TGT,F I,18,84.81
2025-11-25,9:39:57.369756164,T,TGT,I,10,84.84
2025-11-25,9:39:57.369759163,T,TGT,I,8,84.84
2025-11-25,9:39:59.481323557,T,TGT,I,2,84.825
2025-11-25,9:40:00.144986503,T,TGT,I,2,84.83
2025-11-25,9:40:00.145007775,T,TGT,F,100,84.85
2025-11-25,9:40:00.145010616,T,TGT,F I,30,84.85
2025-11-25,9:40:00.145025636,T,TGT,I,1,84.84
2025-11-25,9:40:00.145050056,T,TGT,I,99,84.84
2025-11-25,9:40:00.145053238,T,TGT,I,15,84.84
2025-11-25,9:40:00.145055727,T,TGT,I,44,84.85
2025-11-25,9:40:00.145055727,T,TGT,I,17,84.85
2025-11-25,9:40:00.145058739,T,TGT,,145,84.85
2025-11-25,9:40:00.145058739,T,TGT,,100,84.85
2025-11-25,9:40:00.145374525,T,TGT,F I,17,84.85
2025-11-25,9:40:00.543625254,T,TGT,I,10,84.85
2025-11-25,9:40:02.430906631,T,TGT,F I,30,84.835
2025-11-25,9:40:02.430906631,T,TGT,F I,31,84.83
2025-11-25,9:40:05.333006661,T,TGT,I,10,84.835
2025-11-25,9:40:05.333006661,T,TGT,I,10,84.835
2025-11-25,9:40:05.333009194,T,TGT,I,30,84.83
2025-11-25,9:40:05.333009194,T,TGT,I,40,84.83
2025-11-25,9:40:10.435971080,T,TGT,F I,1,84.81
2025-11-25,9:40:10.435974083,T,TGT,F I,10,84.8
2025-11-25,9:40:10.435977712,T,TGT,F I,13,84.8
2025-11-25,9:40:10.435977712,T,TGT,F I,22,84.8
2025-11-25,9:40:16.729135683,T,TGT,I,4,84.82
2025-11-25,9:40:16.729138512,T,TGT,I,2,84.82
2025-11-25,9:40:16.729397135,T,TGT,F I,19,84.83
2025-11-25,9:40:16.729400141,T,TGT,F I,6,84.83
2025-11-25,9:40:17.533473730,T,TGT,F I,2,84.85
2025-11-25,9:40:17.533476693,T,TGT,F,100,84.85
2025-11-25,9:40:17.964791283,T,TGT,,100,84.87
2025-11-25,9:40:17.964794812,T,TGT,I,14,84.87
2025-11-25,9:40:17.964813922,T,TGT,I,1,84.87
2025-11-25,9:40:17.964813922,T,TGT,F I,27,84.87
2025-11-25,9:40:17.964836417,T,TGT,F I,72,84.87
2025-11-25,9:40:17.964836417,T,TGT,F I,27,84.87
2025-11-25,9:40:17.964848891,T,TGT,I,72,84.87
2025-11-25,9:40:17.986647344,T,TGT,F I,1,84.87
2025-11-25,9:40:19.059889265,T,TGT,F I,30,84.87
2025-11-25,9:40:23.041335595,T,TGT,I,1,84.88
2025-11-25,9:40:23.041338601,T,TGT,I,1,84.88
2025-11-25,9:40:23.041368639,T,TGT,,100,84.89
2025-11-25,9:40:23.041386742,T,TGT,F I,14,84.89
2025-11-25,9:40:23.041389681,T,TGT,I,1,84.89
2025-11-25,9:40:23.041405007,T,TGT,I,85,84.89
2025-11-25,9:40:23.041405007,T,TGT,I,15,84.89
2025-11-25,9:40:23.041447078,T,TGT,I,85,84.89
2025-11-25,9:40:27.144373651,T,TGT,F I,63,84.89
2025-11-25,9:40:27.144427808,T,TGT,F I,63,84.89
2025-11-25,9:40:27.144466871,T,TGT,F I,63,84.89
2025-11-25,9:40:28.332747786,T,TGT,F I,4,84.93
2025-11-25,9:40:30.220050029,T,TGT,I,15,84.9
2025-11-25,9:40:34.850532625,T,TGT,F I,10,84.9
2025-11-25,9:40:35.478906982,T,TGT,,100,84.94
2025-11-25,9:40:35.478906982,T,TGT,I,25,84.95
2025-11-25,9:40:35.478909803,T,TGT,I,20,84.96
2025-11-25,9:40:35.478912685,T,TGT,I,75,84.97
2025-11-25,9:40:35.478912685,T,TGT,I,80,84.97
2025-11-25,9:40:35.480262960,T,TGT,I,15,84.97
2025-11-25,9:40:35.480404203,T,TGT,I,22,84.97
2025-11-25,9:40:35.480566620,T,TGT,I,24,84.97
2025-11-25,9:40:41.726705228,T,TGT,I,37,84.97
2025-11-25,9:40:42.241086620,T,TGT,I,1,84.95
2025-11-25,9:40:42.255481894,T,TGT,F I,63,84.94
2025-11-25,9:40:44.710741286,T,TGT,F I,15,84.95
2025-11-25,9:40:46.811347637,T,TGT,I,5,84.96
2025-11-25,9:40:46.821072751,T,TGT,I,12,84.96
2025-11-25,9:40:48.973985683,T,TGT,I,10,84.935
2025-11-25,9:40:48.980225560,T,TGT,I,11,84.93
2025-11-25,9:40:49.246149135,T,TGT,F I,9,84.94
2025-11-25,9:41:03.499670782,T,TGT,F I,63,84.96
2025-11-25,9:41:03.500028734,T,TGT,,187,84.95
2025-11-25,9:41:03.500426034,T,TGT,F I,10,84.95
2025-11-25,9:41:03.500426034,T,TGT,F I,10,84.95
2025-11-25,9:41:03.872733550,T,TGT,I,1,84.945
2025-11-25,9:41:04.857023459,T,TGT,I,10,84.92
2025-11-25,9:41:04.859245704,T,TGT,I,73,84.92
2025-11-25,9:41:04.859272875,T,TGT,F I,17,84.92
2025-11-25,9:41:05.819553452,T,TGT,F I,25,84.88
2025-11-25,9:41:05.820260161,T,TGT,I,20,84.89
2025-11-25,9:41:05.847008878,T,TGT,I,17,84.88
2025-11-25,9:41:05.847012254,T,TGT,I,6,84.88
2025-11-25,9:41:05.847014971,T,TGT,I,21,84.88
2025-11-25,9:41:05.935518706,T,TGT,I,10,84.905
2025-11-25,9:41:07.649220369,T,TGT,F I,10,84.9
2025-11-25,9:41:07.649551225,T,TGT,,100,84.87
2025-11-25,9:41:07.651382554,T,TGT,I,22,84.88
2025-11-25,9:41:07.651785490,T,TGT,I,28,84.87
2025-11-25,9:41:11.692108901,T,TGT,F I,63,84.89
2025-11-25,9:41:11.692166095,T,TGT,F I,63,84.89
2025-11-25,9:41:13.227245166,T,TGT,I,27,84.89
2025-11-25,9:41:18.797000102,T,TGT,I,63,84.895
2025-11-25,9:41:18.797057282,T,TGT,I,37,84.895
2025-11-25,9:41:23.577088911,T,TGT,F I,32,84.88
2025-11-25,9:41:25.879457962,T,TGT,I,63,84.895
2025-11-25,9:41:25.879698474,T,TGT,I,37,84.895
2025-11-25,9:41:27.074104974,T,TGT,F I,17,84.87
2025-11-25,9:41:28.586236536,T,TGT,F I,6,84.93
2025-11-25,9:41:28.586236536,T,TGT,F I,50,84.93
2025-11-25,9:41:28.586239332,T,TGT,F,100,84.93
2025-11-25,9:41:31.027304744,T,TGT,I,1,84.95
2025-11-25,9:41:31.028585871,T,TGT,I,32,84.95
2025-11-25,9:41:31.050664558,T,TGT,I,10,84.95
2025-11-25,9:41:47.879954152,T,TGT,F,200,84.9
2025-11-25,9:41:51.619750686,T,TGT,F I,1,84.93
2025-11-25,9:41:51.709938528,T,TGT,I,17,84.93
2025-11-25,9:41:58.999229243,T,TGT,I,75,84.91
2025-11-25,9:41:58.999235092,T,TGT,,100,84.92
2025-11-25,9:41:58.999235092,T,TGT,I,25,84.93
2025-11-25,9:41:58.999235092,T,TGT,,127,84.93
2025-11-25,9:41:58.999238876,T,TGT,I,80,84.93
2025-11-25,9:41:58.999238876,T,TGT,,127,84.94
2025-11-25,9:41:58.999241155,T,TGT,,100,84.94
2025-11-25,9:41:58.999244561,T,TGT,,100,84.95
2025-11-25,9:41:58.999244561,T,TGT,,127,84.95
2025-11-25,9:41:58.999247216,T,TGT,,100,84.95
2025-11-25,9:41:58.999250157,T,TGT,,100,84.95
2025-11-25,9:41:58.999259204,T,TGT,,839,84.95
2025-11-25,9:42:04.600210876,T,TGT,,100,84.91
2025-11-25,9:42:10.764578542,T,TGT,F I,50,84.9
2025-11-25,9:42:17.899884533,T,TGT,I,10,84.91
2025-11-25,9:42:17.909841027,T,TGT,I,10,84.91
2025-11-25,9:42:23.653765033,T,TGT,F,100,84.86
2025-11-25,9:42:23.653768048,T,TGT,F I,29,84.86
2025-11-25,9:42:23.653771286,T,TGT,F,100,84.86
2025-11-25,9:42:23.653801815,T,TGT,F I,25,84.84
2025-11-25,9:42:38.698886735,T,TGT,I,10,84.845
2025-11-25,9:42:38.708825409,T,TGT,I,10,84.845
2025-11-25,9:42:49.566034931,T,TGT,F I,10,84.85
2025-11-25,9:43:01.689952369,T,TGT,F I,44,84.89
2025-11-25,9:43:01.689955448,T,TGT,F I,6,84.89
2025-11-25,9:43:01.689958398,T,TGT,F I,1,84.89
2025-11-25,9:43:01.690607946,T,TGT,F,100,84.92
2025-11-25,9:43:01.690803416,T,TGT,,127,84.905
2025-11-25,9:43:01.690824472,T,TGT,,221,84.89
2025-11-25,9:43:03.379690476,T,TGT,F,100,84.95
2025-11-25,9:43:03.379690476,T,TGT,F I,1,84.95
2025-11-25,9:43:05.722598469,T,TGT,F I,63,84.95
2025-11-25,9:43:05.722923240,T,TGT,F I,37,84.95
2025-11-25,9:43:30.177307984,T,TGT,F I,63,84.92
2025-11-25,9:43:30.177359489,T,TGT,F I,37,84.92
2025-11-25,9:43:30.177362339,T,TGT,F I,26,84.92
2025-11-25,9:43:30.177401199,T,TGT,F I,63,84.92
2025-11-25,9:43:30.177546114,T,TGT,F,100,84.91
2025-11-25,9:43:30.177546114,T,TGT,F I,22,84.91
2025-11-25,9:43:30.177548633,T,TGT,F I,18,84.91
2025-11-25,9:43:30.177551612,T,TGT,F I,25,84.91
2025-11-25,9:43:30.177551612,T,TGT,F I,4,84.91
2025-11-25,9:43:30.178138380,T,TGT,F,100,84.93
2025-11-25,9:43:30.178138380,T,TGT,F I,20,84.93
2025-11-25,9:43:30.178252513,T,TGT,F I,25,84.95
2025-11-25,9:43:30.178252513,T,TGT,F I,12,84.95
2025-11-25,9:43:30.178259059,T,TGT,F,100,84.95
2025-11-25,9:43:30.178303319,T,TGT,,100,84.95
2025-11-25,9:43:30.178384640,T,TGT,I,63,84.94
2025-11-25,9:43:30.178402928,T,TGT,F,199,84.96
2025-11-25,9:43:30.178522897,T,TGT,F I,20,84.96
2025-11-25,9:43:30.178586089,T,TGT,F I,81,84.96
2025-11-25,9:43:30.178979966,T,TGT,I,58,84.96
2025-11-25,9:43:30.179007035,T,TGT,,179,84.96
2025-11-25,9:43:30.179007035,T,TGT,I,58,84.96
2025-11-25,9:43:30.179043740,T,TGT,I,87,84.96
2025-11-25,9:43:30.179046946,T,TGT,I,52,84.96
2025-11-25,9:43:30.179049248,T,TGT,I,81,84.96
2025-11-25,9:43:30.179229889,T,TGT,F I,38,84.96
2025-11-25,9:43:30.179274623,T,TGT,I,23,84.95
2025-11-25,9:43:30.179464148,T,TGT,F I,14,84.95
2025-11-25,9:43:30.179476823,T,TGT,F I,23,84.95
2025-11-25,9:43:30.179476823,T,TGT,F I,14,84.95
2025-11-25,9:43:30.179479149,T,TGT,F I,71,84.95
2025-11-25,9:43:30.179485664,T,TGT,F I,54,84.95
2025-11-25,9:43:30.179488264,T,TGT,F I,15,84.95
2025-11-25,9:43:30.179488264,T,TGT,F I,6,84.95
2025-11-25,9:43:30.180179840,T,TGT,I,11,84.94
2025-11-25,9:43:30.180215947,T,TGT,,100,84.94
2025-11-25,9:43:30.378842058,T,TGT,I,75,84.96
2025-11-25,9:43:30.378845143,T,TGT,F I,10,84.96
2025-11-25,9:43:31.255370302,T,TGT,I,80,84.94
2025-11-25,9:43:31.255370302,T,TGT,I,75,84.93
2025-11-25,9:43:31.255382919,T,TGT,F I,25,84.93
2025-11-25,9:43:31.255385217,T,TGT,F I,24,84.93
2025-11-25,9:43:31.255388293,T,TGT,F I,31,84.93
2025-11-25,9:43:31.258515702,T,TGT,F I,63,84.92
2025-11-25,9:43:31.258569838,T,TGT,F I,37,84.92
2025-11-25,9:43:34.749614206,T,TGT,F I,48,84.9
2025-11-25,9:43:34.749617251,T,TGT,F I,52,84.9
2025-11-25,9:43:34.749620420,T,TGT,F I,31,84.9
2025-11-25,9:43:34.749622699,T,TGT,F I,1,84.9
2025-11-25,9:43:44.751829427,T,TGT,I,75,84.86
2025-11-25,9:43:44.751853443,T,TGT,F I,25,84.865
2025-11-25,9:43:57.343541168,T,TGT,F,100,84.9
2025-11-25,9:44:05.990223468,T,TGT,F I,10,84.905
2025-11-25,9:44:05.990229491,T,TGT,F I,10,84.89
2025-11-25,9:44:05.990229491,T,TGT,F I,69,84.88
2025-11-25,9:44:05.990244496,T,TGT,F I,31,84.88
2025-11-25,9:44:05.990247558,T,TGT,F I,31,84.88
2025-11-25,9:44:05.990650445,T,TGT,I,27,84.86
2025-11-25,9:44:05.990653498,T,TGT,I,12,84.86
2025-11-25,9:44:05.990653498,T,TGT,I,31,84.86
2025-11-25,9:44:05.991447398,T,TGT,F I,25,84.89
2025-11-25,9:44:05.991754120,T,TGT,F I,1,84.89
2025-11-25,9:44:05.991754120,T,TGT,F I,35,84.89
2025-11-25,9:44:06.835059191,T,TGT,I,40,84.89
2025-11-25,9:44:11.222643972,T,TGT,F I,7,84.89
2025-11-25,9:44:11.222643972,T,TGT,F,293,84.88
2025-11-25,9:44:11.222658898,T,TGT,F I,7,84.88
2025-11-25,9:44:11.223146036,T,TGT,F I,3,84.89
2025-11-25,9:44:12.489895813,T,TGT,I,3,84.88
2025-11-25,9:44:12.489898852,T,TGT,,100,84.88
2025-11-25,9:44:12.489917022,T,TGT,I,1,84.88
2025-11-25,9:44:12.489917022,T,TGT,I,3,84.88
2025-11-25,9:44:12.489943943,T,TGT,,100,84.87
2025-11-25,9:44:12.489947254,T,TGT,I,24,84.87
2025-11-25,9:44:12.489947254,T,TGT,I,25,84.87
2025-11-25,9:44:25.360314720,T,TGT,F I,1,84.875
2025-11-25,9:44:28.685495514,T,TGT,F,100,84.87
2025-11-25,9:44:28.685826243,T,TGT,,100,84.86
2025-11-25,9:44:28.686457804,T,TGT,F I,3,84.87
2025-11-25,9:44:28.690406239,T,TGT,I,40,84.89
2025-11-25,9:44:28.690442257,T,TGT,,100,84.89
2025-11-25,9:44:29.965022901,T,TGT,F I,4,84.9
2025-11-25,9:44:29.972399747,T,TGT,I,30,84.9
2025-11-25,9:44:29.972403728,T,TGT,I,30,84.9
2025-11-25,9:44:29.972403728,T,TGT,I,30,84.9
2025-11-25,9:44:29.972405600,T,TGT,I,3,84.9
2025-11-25,9:44:29.972420450,T,TGT,I,1,84.9
2025-11-25,9:44:35.489330552,T,TGT,I,10,84.895
2025-11-25,9:44:43.365566160,T,TGT,I,10,84.895
2025-11-25,9:44:43.365571622,T,TGT,,100,84.87
2025-11-25,9:44:43.365574446,T,TGT,I,16,84.87
2025-11-25,9:44:43.365574446,T,TGT,I,6,84.87
2025-11-25,9:44:43.365586423,T,TGT,I,1,84.88
2025-11-25,9:44:43.365640647,T,TGT,I,10,84.87
2025-11-25,9:44:43.365878174,T,TGT,F I,26,84.88
2025-11-25,9:44:43.366118695,T,TGT,F I,2,84.89
2025-11-25,9:44:43.366121752,T,TGT,F I,27,84.88
2025-11-25,9:44:43.366344392,T,TGT,F I,3,84.89
2025-11-25,9:44:43.594636723,T,TGT,F I,3,84.89
2025-11-25,9:44:43.594639355,T,TGT,F I,96,84.89
2025-11-25,9:44:43.594639355,T,TGT,F,132,84.89
2025-11-25,9:44:43.594654269,T,TGT,F,273,84.89
2025-11-25,9:44:43.594657182,T,TGT,F I,36,84.89
2025-11-25,9:44:46.064188762,T,TGT,F,100,84.86
2025-11-25,9:44:46.064215465,T,TGT,F I,1,84.85
2025-11-25,9:44:46.064831900,T,TGT,I,24,84.85
2025-11-25,9:44:46.064840907,T,TGT,F,100,84.84
2025-11-25,9:44:46.256860382,T,TGT,I,12,84.82
2025-11-25,9:44:51.925298526,T,TGT,F,100,84.86
2025-11-25,9:44:51.925301550,T,TGT,F I,60,84.86
2025-11-25,9:44:55.340246084,T,TGT,I,10,84.87
2025-11-25,9:44:55.340537764,T,TGT,I,10,84.87
2025-11-25,9:45:00.047029383,T,TGT,F,100,84.85
2025-11-25,9:45:00.047032254,T,TGT,F I,27,84.85
2025-11-25,9:45:00.047035313,T,TGT,F I,11,84.85
2025-11-25,9:45:04.106649769,T,TGT,I,10,84.845
2025-11-25,9:45:05.426665402,T,TGT,I,1,84.845
2025-11-25,9:45:12.401229272,T,TGT,I,4,84.88
2025-11-25,9:45:12.403129918,T,TGT,F,100,84.89
2025-11-25,9:45:12.403129918,T,TGT,F I,2,84.89
2025-11-25,9:45:12.403129918,T,TGT,F I,20,84.89
2025-11-25,9:45:12.407472275,T,TGT,F,100,84.88
2025-11-25,9:45:12.407472275,T,TGT,F I,36,84.88
2025-11-25,9:45:12.407475137,T,TGT,F I,2,84.88
2025-11-25,9:45:12.407475137,T,TGT,F I,32,84.88
2025-11-25,9:45:12.407478103,T,TGT,F I,13,84.88
2025-11-25,9:45:12.407640564,T,TGT,F,100,84.87
2025-11-25,9:45:12.408858369,T,TGT,F I,63,84.85
2025-11-25,9:45:12.408906494,T,TGT,F I,37,84.85
2025-11-25,9:45:16.231947356,T,TGT,F I,95,84.87
2025-11-25,9:45:16.233252376,T,TGT,I,39,84.87
2025-11-25,9:45:16.267738626,T,TGT,I,25,84.87
2025-11-25,9:45:18.576521917,T,TGT,I,11,84.87
2025-11-25,9:45:18.576521917,T,TGT,I,89,84.87
2025-11-25,9:45:18.648269812,T,TGT,I,15,84.87
2025-11-25,9:45:24.023726070,T,TGT,I,2,84.87
2025-11-25,9:45:31.749804393,T,TGT,F I,82,84.87
2025-11-25,9:45:31.749804393,T,TGT,F I,73,84.87
2025-11-25,9:45:31.749807273,T,TGT,F I,29,84.87
2025-11-25,9:45:31.749810278,T,TGT,F I,66,84.87
2025-11-25,9:45:34.936474996,T,TGT,,100,84.91
2025-11-25,9:45:34.936490107,T,TGT,I,1,84.91
2025-11-25,9:45:34.936493195,T,TGT,I,31,84.91
2025-11-25,9:45:34.936493195,T,TGT,I,25,84.91
2025-11-25,9:45:34.937668998,T,TGT,F,100,84.88
2025-11-25,9:45:34.937689940,T,TGT,F I,27,84.88
2025-11-25,9:45:34.938940924,T,TGT,I,22,84.89
2025-11-25,9:45:36.464475757,T,TGT,I,12,84.92
2025-11-25,9:45:38.987488905,T,TGT,I,11,84.93
2025-11-25,9:45:38.987488905,T,TGT,I,35,84.93
2025-11-25,9:45:38.987510377,T,TGT,F I,15,84.93
2025-11-25,9:45:38.987513118,T,TGT,F I,37,84.93
2025-11-25,9:45:38.987516375,T,TGT,F I,51,84.93
2025-11-25,9:45:38.987516375,T,TGT,F I,49,84.93
2025-11-25,9:45:38.988496296,T,TGT,F I,80,84.94
2025-11-25,9:45:38.988499293,T,TGT,F I,54,84.95
2025-11-25,9:45:38.988511529,T,TGT,F I,46,84.95
2025-11-25,9:45:38.988511529,T,TGT,F I,20,84.95
2025-11-25,9:45:39.414779905,T,TGT,,100,84.96
2025-11-25,9:45:42.439409657,T,TGT,F,100,84.96
2025-11-25,9:45:42.439428529,T,TGT,F I,68,84.96
2025-11-25,9:45:42.439430732,T,TGT,F I,94,84.96
2025-11-25,9:45:48.441285275,T,TGT,F,100,84.95
2025-11-25,9:45:48.441285275,T,TGT,F I,16,84.95
2025-11-25,9:45:48.441288118,T,TGT,F I,23,84.95
2025-11-25,9:45:48.441348168,T,TGT,I,22,84.97
2025-11-25,9:45:48.441669932,T,TGT,I,36,84.97
2025-11-25,9:45:48.441673023,T,TGT,I,10,84.97
2025-11-25,9:45:48.441823346,T,TGT,F I,80,84.97
2025-11-25,9:45:54.590577586,T,TGT,F I,38,84.98
2025-11-25,9:45:54.590580655,T,TGT,F I,6,84.97
2025-11-25,9:45:58.386048785,T,TGT,F,100,84.96
2025-11-25,9:45:58.386048785,T,TGT,F I,25,84.96
2025-11-25,9:45:58.386052011,T,TGT,F I,2,84.96
2025-11-25,9:45:58.386052011,T,TGT,F,100,84.96
2025-11-25,9:45:58.386055243,T,TGT,F I,37,84.96
2025-11-25,9:45:58.386055243,T,TGT,F,100,84.96
2025-11-25,9:45:58.386887640,T,TGT,F I,77,84.95
2025-11-25,9:45:58.386908672,T,TGT,F I,23,84.95
2025-11-25,9:46:01.122147029,T,TGT,I,1,84.91
2025-11-25,9:46:01.122171145,T,TGT,F I,63,84.91
2025-11-25,9:46:02.286181130,T,TGT,I,63,84.935
2025-11-25,9:46:02.286229193,T,TGT,I,37,84.935
2025-11-25,9:46:03.227164880,T,TGT,I,1,84.94
2025-11-25,9:46:03.227167850,T,TGT,I,25,84.94
2025-11-25,9:46:06.401364976,T,TGT,F I,63,84.96
2025-11-25,9:46:07.064258245,T,TGT,F I,50,84.97
2025-11-25,9:46:09.419953951,T,TGT,F,115,85.0
2025-11-25,9:46:09.419956292,T,TGT,F,354,85.0
2025-11-25,9:46:09.419959545,T,TGT,F I,31,85.0
2025-11-25,9:46:09.419959545,T,TGT,F,296,85.0
2025-11-25,9:46:09.419962263,T,TGT,F,159,85.0
2025-11-25,9:46:09.419965293,T,TGT,F I,28,85.0
2025-11-25,9:46:09.420052570,T,TGT,F I,20,85.01
2025-11-25,9:46:11.689225517,T,TGT,I,63,85.0
2025-11-25,9:46:11.689246677,T,TGT,I,37,85.0
2025-11-25,9:46:11.689246677,T,TGT,I,23,85.0
2025-11-25,9:46:11.689249608,T,TGT,I,12,85.0
2025-11-25,9:46:11.689252612,T,TGT,,100,85.0
2025-11-25,9:46:11.690115805,T,TGT,F I,1,85.0
2025-11-25,9:46:11.690118644,T,TGT,F I,84,85.0
2025-11-25,9:46:11.690136719,T,TGT,I,1,85.0
2025-11-25,9:46:11.690157671,T,TGT,F I,12,85.0
2025-11-25,9:46:11.690157671,T,TGT,F I,39,85.0
2025-11-25,9:46:11.690179237,T,TGT,F,455,85.0
2025-11-25,9:46:11.690693004,T,TGT,I,63,85.0
2025-11-25,9:46:11.739589490,T,TGT,,100,85.0
2025-11-25,9:46:11.826625834,T,TGT,,100,84.99
2025-11-25,9:46:11.826625834,T,TGT,I,10,84.99
2025-11-25,9:46:24.644245036,T,TGT,,100,84.96
2025-11-25,9:46:24.644250884,T,TGT,I,33,84.96
2025-11-25,9:46:26.619389380,T,TGT,F I,63,84.98
2025-11-25,9:46:28.035778709,T,TGT,I,10,84.955
2025-11-25,9:46:30.616977992,T,TGT,I,63,84.945
2025-11-25,9:46:30.902971229,T,TGT,I,10,84.945
2025-11-25,9:46:33.815304594,T,TGT,F,100,84.92
2025-11-25,9:46:33.815307582,T,TGT,F I,24,84.92
2025-11-25,9:46:33.815307582,T,TGT,F I,15,84.92
2025-11-25,9:46:45.889131695,T,TGT,F,100,84.88
2025-11-25,9:46:45.889898361,T,TGT,F I,75,84.89
2025-11-25,9:46:45.889898361,T,TGT,F I,65,84.89
2025-11-25,9:46:47.673285527,T,TGT,I,14,84.88
2025-11-25,9:46:47.673321105,T,TGT,I,13,84.88
2025-11-25,9:46:48.176813805,T,TGT,I,12,84.88
2025-11-25,9:46:48.176867680,T,TGT,I,15,84.88
2025-11-25,9:46:48.738428523,T,TGT,I,11,84.88
2025-11-25,9:46:48.738509742,T,TGT,I,11,84.88
2025-11-25,9:46:48.957602632,T,TGT,I,13,84.88
2025-11-25,9:46:48.957602632,T,TGT,I,14,84.88
2025-11-25,9:46:49.120825546,T,TGT,I,10,84.88
2025-11-25,9:46:49.155624450,T,TGT,I,24,84.89
2025-11-25,9:46:49.155624450,T,TGT,I,2,84.89
2025-11-25,9:46:49.161861282,T,TGT,I,24,84.89
2025-11-25,9:46:49.185822394,T,TGT,,100,84.9
2025-11-25,9:46:49.185825391,T,TGT,,100,84.9
2025-11-25,9:46:52.164241082,T,TGT,F I,77,84.9
2025-11-25,9:46:52.164259118,T,TGT,I,1,84.9
2025-11-25,9:46:56.855570297,T,TGT,I,2,84.88
2025-11-25,9:47:00.524548388,T,TGT,F I,13,84.89
2025-11-25,9:47:00.524548388,T,TGT,F I,18,84.89
2025-11-25,9:47:04.903526204,T,TGT,F I,10,84.88
2025-11-25,9:47:04.903526204,T,TGT,F I,53,84.88
2025-11-25,9:47:06.119689434,T,TGT,F I,90,84.86
2025-11-25,9:47:06.119716531,T,TGT,F I,10,84.86
2025-11-25,9:47:06.119716531,T,TGT,F I,21,84.86
2025-11-25,9:47:06.119719587,T,TGT,F I,15,84.86
2025-11-25,9:47:06.119723149,T,TGT,I,1,84.86
2025-11-25,9:47:06.119723149,T,TGT,F I,46,84.86
2025-11-25,9:47:06.119725574,T,TGT,I,46,84.86
2025-11-25,9:47:06.168652183,T,TGT,F,100,84.86
2025-11-25,9:47:06.168784410,T,TGT,,100,84.86
2025-11-25,9:47:06.377583901,T,TGT,I,50,84.86
2025-11-25,9:47:06.377806335,T,TGT,,100,84.86
2025-11-25,9:47:08.092067265,T,TGT,I,12,84.86
2025-11-25,9:47:10.288872864,T,TGT,I,1,84.88
2025-11-25,9:47:10.288875779,T,TGT,I,44,84.88
2025-11-25,9:47:10.296315781,T,TGT,F,222,84.9
2025-11-25,9:47:10.296315781,T,TGT,F I,20,84.9
2025-11-25,9:47:10.296318585,T,TGT,F,120,84.9
2025-11-25,9:47:10.298579891,T,TGT,F I,30,84.91
2025-11-25,9:47:10.298582890,T,TGT,F,100,84.92
2025-11-25,9:47:10.298582890,T,TGT,F I,21,84.92
2025-11-25,9:47:10.298601862,T,TGT,F I,30,84.92
2025-11-25,9:47:10.298603941,T,TGT,F I,38,84.92
2025-11-25,9:47:15.187233541,T,TGT,I,10,84.925
2025-11-25,9:47:15.187320760,T,TGT,F I,20,84.92
2025-11-25,9:47:15.187777810,T,TGT,F I,15,84.91
2025-11-25,9:47:15.187780842,T,TGT,F,100,84.91
2025-11-25,9:47:15.187783856,T,TGT,F I,17,84.91
2025-11-25,9:47:15.187816971,T,TGT,F,100,84.9
2025-11-25,9:47:15.188691976,T,TGT,I,18,84.91
2025-11-25,9:47:18.691469886,T,TGT,F I,10,84.89
2025-11-25,9:47:18.691472852,T,TGT,F I,10,84.89
2025-11-25,9:47:18.691481847,T,TGT,I,48,84.89
2025-11-25,9:47:18.691484878,T,TGT,F,126,84.89
2025-11-25,9:47:18.691490877,T,TGT,I,20,84.89
2025-11-25,9:47:18.691560046,T,TGT,F I,6,84.89
2025-11-25,9:47:19.695053681,T,TGT,F I,63,84.88
2025-11-25,9:47:19.696157325,T,TGT,I,21,84.88
2025-11-25,9:47:20.890813476,T,TGT,F,100,84.85
2025-11-25,9:47:20.890813476,T,TGT,F I,9,84.85
2025-11-25,9:47:26.560121229,T,TGT,F,200,84.8
2025-11-25,9:47:26.560123680,T,TGT,F I,15,84.8
2025-11-25,9:47:26.560123680,T,TGT,F I,10,84.8
2025-11-25,9:47:27.003869985,T,TGT,F,124,84.75
2025-11-25,9:47:27.003869985,T,TGT,F I,10,84.75
2025-11-25,9:47:27.003873694,T,TGT,F I,10,84.75
2025-11-25,9:47:27.003873694,T,TGT,F I,5,84.75
2025-11-25,9:47:27.003875809,T,TGT,F I,24,84.75
2025-11-25,9:47:27.004426190,T,TGT,F I,10,84.74
2025-11-25,9:47:27.004426190,T,TGT,F I,9,84.74
2025-11-25,9:47:27.011688474,T,TGT,F I,2,84.73
2025-11-25,9:47:27.011932391,T,TGT,F,100,84.74
2025-11-25,9:47:27.011935912,T,TGT,F I,54,84.74
2025-11-25,9:47:27.011938143,T,TGT,F I,7,84.74
2025-11-25,9:47:27.012073312,T,TGT,,100,84.74
2025-11-25,9:47:27.012410133,T,TGT,F I,94,84.75
2025-11-25,9:47:29.289257489,T,TGT,F I,48,84.75
2025-11-25,9:47:29.289269552,T,TGT,F I,52,84.75
2025-11-25,9:47:29.289269552,T,TGT,F I,22,84.75
2025-11-25,9:47:29.289272571,T,TGT,F I,69,84.75
2025-11-25,9:47:29.289293563,T,TGT,I,1,84.75
2025-11-25,9:47:39.585423402,T,TGT,F I,63,84.76
2025-11-25,9:47:39.689519352,T,TGT,F I,2,84.77
2025-11-25,9:47:39.689522411,T,TGT,F,100,84.77
2025-11-25,9:47:39.690608011,T,TGT,I,14,84.76
2025-11-25,9:47:39.690632060,T,TGT,F I,63,84.75
2025-11-25,9:47:39.690665142,T,TGT,I,14,84.75
2025-11-25,9:47:43.020293581,T,TGT,,100,84.78
2025-11-25,9:47:43.020308711,T,TGT,I,1,84.78
2025-11-25,9:47:43.020311625,T,TGT,F I,99,84.78
2025-11-25,9:47:43.020314515,T,TGT,F I,46,84.78
2025-11-25,9:47:43.020317441,T,TGT,F I,48,84.78
2025-11-25,9:47:43.047523250,T,TGT,I,14,84.78
2025-11-25,9:47:44.378482341,T,TGT,I,40,84.765
2025-11-25,9:47:50.991524659,T,TGT,I,2,84.74
2025-11-25,9:47:52.454567189,T,TGT,F I,63,84.78
2025-11-25,9:47:52.454786778,T,TGT,F,100,84.79
2025-11-25,9:47:52.454810888,T,TGT,F,100,84.79
2025-11-25,9:47:53.524386891,T,TGT,F I,87,84.8
2025-11-25,9:47:53.524407950,T,TGT,I,1,84.8
2025-11-25,9:47:53.524420451,T,TGT,I,12,84.8
2025-11-25,9:47:53.524420451,T,TGT,I,7,84.8
2025-11-25,9:47:53.524423037,T,TGT,I,2,84.8
2025-11-25,9:47:53.524426046,T,TGT,I,1,84.8
2025-11-25,9:47:53.524428976,T,TGT,F I,99,84.8
2025-11-25,9:47:53.525608307,T,TGT,I,2,84.81
2025-11-25,9:47:53.525608307,T,TGT,I,5,84.81
2025-11-25,9:47:53.525885007,T,TGT,I,34,84.8
2025-11-25,9:47:53.525885007,T,TGT,I,26,84.8
2025-11-25,9:47:53.525887506,T,TGT,I,40,84.8
2025-11-25,9:47:53.589570150,T,TGT,I,11,84.81
2025-11-25,9:47:53.589888926,T,TGT,I,15,84.81
2025-11-25,9:47:58.510674514,T,TGT,F,100,84.81
2025-11-25,9:47:58.510752146,T,TGT,F I,63,84.8
2025-11-25,9:47:58.510791241,T,TGT,F I,37,84.8
2025-11-25,9:47:59.730106027,T,TGT,I,2,84.75
2025-11-25,9:48:01.191130841,T,TGT,I,27,84.79
2025-11-25,9:48:01.191130841,T,TGT,I,73,84.79
2025-11-25,9:48:02.049047522,T,TGT,I,3,84.75
2025-11-25,9:48:02.057371347,T,TGT,I,12,84.75
2025-11-25,9:48:11.832134105,T,TGT,,100,84.74
2025-11-25,9:48:11.832158428,T,TGT,F I,15,84.74
2025-11-25,9:48:11.832158428,T,TGT,F I,11,84.74
2025-11-25,9:48:11.832158428,T,TGT,F I,13,84.74
2025-11-25,9:48:11.832164214,T,TGT,I,1,84.74
2025-11-25,9:48:11.832164214,T,TGT,I,66,84.74
2025-11-25,9:48:11.832167183,T,TGT,F I,20,84.74
2025-11-25,9:48:17.251179221,T,TGT,I,2,84.745
2025-11-25,9:48:17.745578099,T,TGT,I,8,84.745
2025-11-25,9:48:17.745578099,T,TGT,I,10,84.745
2025-11-25,9:48:18.409782397,T,TGT,,100,84.73
2025-11-25,9:48:18.409806692,T,TGT,F I,21,84.73
2025-11-25,9:48:18.424601739,T,TGT,F I,2,84.74
2025-11-25,9:48:18.427413735,T,TGT,I,4,84.73
2025-11-25,9:48:18.427416454,T,TGT,I,26,84.73
2025-11-25,9:48:18.434378842,T,TGT,I,4,84.74
2025-11-25,9:48:18.434378842,T,TGT,I,26,84.74
2025-11-25,9:48:18.434381016,T,TGT,I,2,84.74
2025-11-25,9:48:18.434384030,T,TGT,I,17,84.74
2025-11-25,9:48:18.434384030,T,TGT,I,15,84.74
2025-11-25,9:48:18.434387059,T,TGT,I,15,84.74
2025-11-25,9:48:22.382823498,T,TGT,I,2,84.745
2025-11-25,9:48:24.559382514,T,TGT,F I,2,84.76
2025-11-25,9:48:24.559382514,T,TGT,F I,3,84.76
2025-11-25,9:48:24.559409814,T,TGT,F,100,84.77
2025-11-25,9:48:24.559412002,T,TGT,F I,15,84.77
2025-11-25,9:48:24.559414981,T,TGT,F I,4,84.77
2025-11-25,9:48:24.559414981,T,TGT,F I,27,84.77
2025-11-25,9:48:24.559417975,T,TGT,F I,1,84.77
2025-11-25,9:48:24.559417975,T,TGT,F,100,84.77
2025-11-25,9:48:24.559454118,T,TGT,F I,7,84.78
2025-11-25,9:48:24.560963641,T,TGT,I,40,84.805
2025-11-25,9:48:46.505072752,T,TGT,,100,84.78
2025-11-25,9:48:49.346950981,T,TGT,I,10,84.805
2025-11-25,9:48:51.179919897,T,TGT,I,10,84.82
2025-11-25,9:48:51.179943976,T,TGT,I,10,84.82
2025-11-25,9:48:51.180395113,T,TGT,F I,10,84.81
2025-11-25,9:48:51.180419150,T,TGT,I,3,84.82
2025-11-25,9:48:51.180428105,T,TGT,I,9,84.82
2025-11-25,9:48:51.180476165,T,TGT,I,2,84.82
2025-11-25,9:48:51.180476165,T,TGT,I,15,84.82
2025-11-25,9:48:51.180533291,T,TGT,I,27,84.82
2025-11-25,9:48:51.180542422,T,TGT,F,100,84.81
2025-11-25,9:48:51.180701735,T,TGT,I,73,84.82
2025-11-25,9:48:51.180722836,T,TGT,I,1,84.82
2025-11-25,9:48:51.180864155,T,TGT,I,1,84.82
2025-11-25,9:48:51.180867520,T,TGT,I,16,84.82
2025-11-25,9:48:51.180870148,T,TGT,F,100,84.81
2025-11-25,9:48:58.311198881,T,TGT,,100,84.79
2025-11-25,9:48:58.311487766,T,TGT,F I,20,84.78
2025-11-25,9:48:58.311493579,T,TGT,F I,10,84.78
2025-11-25,9:48:58.311566130,T,TGT,I,34,84.8
2025-11-25,9:48:58.311566130,T,TGT,I,44,84.8
2025-11-25,9:48:58.311586843,T,TGT,I,1,84.8
2025-11-25,9:48:58.311604856,T,TGT,I,5,84.8
2025-11-25,9:48:58.311616927,T,TGT,I,35,84.8
2025-11-25,9:48:58.311616927,T,TGT,I,14,84.8
2025-11-25,9:48:58.311629314,T,TGT,I,80,84.8
2025-11-25,9:48:58.311632478,T,TGT,I,30,84.8
2025-11-25,9:48:58.311731207,T,TGT,,112,84.8
2025-11-25,9:48:58.323919201,T,TGT,,100,84.82
2025-11-25,9:48:58.323919201,T,TGT,I,35,84.83
2025-11-25,9:48:58.353921700,T,TGT,I,30,84.83
2025-11-25,9:49:00.735520538,T,TGT,I,40,84.83
2025-11-25,9:49:02.013694599,T,TGT,F,100,84.84
2025-11-25,9:49:02.013694599,T,TGT,F I,41,84.84
2025-11-25,9:49:02.013697546,T,TGT,F,200,84.84
2025-11-25,9:49:02.837357388,T,TGT,,100,84.84
2025-11-25,9:49:02.837360149,T,TGT,I,14,84.84
2025-11-25,9:49:02.837360149,T,TGT,I,44,84.84
2025-11-25,9:49:02.837362856,T,TGT,I,14,84.84
2025-11-25,9:49:02.942899215,T,TGT,I,12,84.82
2025-11-25,9:49:02.942905205,T,TGT,I,25,84.82
2025-11-25,9:49:02.942905205,T,TGT,I,10,84.82
2025-11-25,9:49:02.942908303,T,TGT,,150,84.82
2025-11-25,9:49:02.943190906,T,TGT,I,23,84.84
2025-11-25,9:49:02.943359275,T,TGT,F I,23,84.82
2025-11-25,9:49:06.256018248,T,TGT,I,10,84.845
2025-11-25,9:49:06.266074137,T,TGT,I,10,84.845
2025-11-25,9:49:06.392576581,T,TGT,I,20,84.845
2025-11-25,9:49:07.697592566,T,TGT,F I,18,84.84
2025-11-25,9:49:08.424616572,T,TGT,F,100,84.82
2025-11-25,9:49:08.425422435,T,TGT,I,63,84.81
2025-11-25,9:49:12.342196500,T,TGT,F I,63,84.82
2025-11-25,9:49:13.888949914,T,TGT,F I,13,84.82
2025-11-25,9:49:13.888952584,T,TGT,F I,22,84.82
2025-11-25,9:49:16.050078000,T,TGT,I,63,84.825
2025-11-25,9:49:21.136076552,T,TGT,F I,21,84.8
2025-11-25,9:49:21.136076552,T,TGT,F I,17,84.8
2025-11-25,9:49:21.528340067,T,TGT,F I,99,84.79
2025-11-25,9:49:21.528364171,T,TGT,F I,1,84.79
2025-11-25,9:49:21.528367223,T,TGT,F I,12,84.79
2025-11-25,9:49:22.661848909,T,TGT,F I,80,84.78
2025-11-25,9:49:22.661848909,T,TGT,F I,12,84.78
2025-11-25,9:49:22.678472108,T,TGT,I,5,84.78
2025-11-25,9:49:23.012965002,T,TGT,F I,4,84.81
2025-11-25,9:49:23.012965002,T,TGT,F I,6,84.81
2025-11-25,9:49:23.012980050,T,TGT,F,100,84.82
2025-11-25,9:49:25.918703815,T,TGT,I,3,84.82
2025-11-25,9:49:28.200702249,T,TGT,I,1,84.815
2025-11-25,9:49:28.316805841,T,TGT,F I,12,84.84
2025-11-25,9:49:28.316808883,T,TGT,F,100,84.84
2025-11-25,9:49:28.316887700,T,TGT,F I,85,84.85
2025-11-25,9:49:28.317076448,T,TGT,F I,15,84.85
2025-11-25,9:49:28.409065572,T,TGT,I,1,84.85
2025-11-25,9:49:29.383937068,T,TGT,F I,7,84.86
2025-11-25,9:49:29.383940113,T,TGT,F I,3,84.86
2025-11-25,9:49:29.384944517,T,TGT,F I,23,84.85
2025-11-25,9:49:29.384947484,T,TGT,F I,12,84.85
2025-11-25,9:49:33.213984681,T,TGT,I,2,84.84
2025-11-25,9:49:40.086503349,T,TGT,F I,10,84.84
2025-11-25,9:49:41.129002932,T,TGT,I,10,84.84
2025-11-25,9:50:00.278623803,T,TGT,I,40,84.84
2025-11-25,9:50:01.697133159,T,TGT,,100,84.82
2025-11-25,9:50:05.830128437,T,TGT,F,100,84.83
2025-11-25,9:50:05.830567551,T,TGT,F I,60,84.81
2025-11-25,9:50:05.830570535,T,TGT,F I,6,84.81
2025-11-25,9:50:05.830591592,T,TGT,F I,22,84.81
2025-11-25,9:50:05.830672789,T,TGT,F I,63,84.81
2025-11-25,9:50:05.830684799,T,TGT,I,15,84.81
2025-11-25,9:50:13.374706220,T,TGT,F I,1,84.75
2025-11-25,9:50:13.374709163,T,TGT,F,100,84.75
2025-11-25,9:50:20.289923504,T,TGT,F I,2,84.74
2025-11-25,9:50:20.289929452,T,TGT,F,100,84.74
2025-11-25,9:50:20.289929452,T,TGT,F,100,84.74
2025-11-25,9:50:21.559211264,T,TGT,F I,63,84.74
2025-11-25,9:50:23.256818522,T,TGT,F I,1,84.74
2025-11-25,9:50:25.101803855,T,TGT,F I,1,84.75
2025-11-25,9:50:25.101806859,T,TGT,F I,23,84.75
2025-11-25,9:50:25.101824917,T,TGT,I,24,84.75
2025-11-25,9:50:25.101851965,T,TGT,F I,56,84.75
2025-11-25,9:50:25.106986079,T,TGT,I,3,84.76
2025-11-25,9:50:25.106986079,T,TGT,I,7,84.76
2025-11-25,9:50:25.106991266,T,TGT,I,7,84.76
2025-11-25,9:50:25.106991266,T,TGT,I,72,84.76
2025-11-25,9:50:25.107009328,T,TGT,F I,28,84.76
2025-11-25,9:50:28.701698033,T,TGT,,100,84.76
2025-11-25,9:50:28.702284408,T,TGT,F,100,84.76
2025-11-25,9:50:28.702915924,T,TGT,,100,84.76
2025-11-25,9:50:40.513826639,T,TGT,I,52,84.78
2025-11-25,9:50:40.513829729,T,TGT,,100,84.78
2025-11-25,9:50:40.513832730,T,TGT,I,83,84.78
2025-11-25,9:50:40.513832730,T,TGT,I,72,84.78
2025-11-25,9:50:40.513835683,T,TGT,F I,70,84.78
2025-11-25,9:50:40.993334181,T,TGT,F I,11,84.83
2025-11-25,9:50:44.044165097,T,TGT,F I,10,84.86
2025-11-25,9:50:44.044932433,T,TGT,F I,3,84.85
2025-11-25,9:50:44.044934965,T,TGT,F I,26,84.84
2025-11-25,9:50:44.044937910,T,TGT,F I,13,84.84
2025-11-25,9:50:44.045283795,T,TGT,I,3,84.85
2025-11-25,9:50:45.605550876,T,TGT,F,100,84.83
2025-11-25,9:50:46.853731435,T,TGT,I,32,84.83
2025-11-25,9:50:46.853803694,T,TGT,F I,5,84.83
2025-11-25,9:50:46.854738925,T,TGT,,100,84.84
2025-11-25,9:50:47.401708997,T,TGT,I,5,84.85
2025-11-25,9:50:47.401708997,T,TGT,I,13,84.85
2025-11-25,9:50:47.401711902,T,TGT,I,26,84.85
2025-11-25,9:50:50.285708680,T,TGT,F I,63,84.855
2025-11-25,9:50:50.285759816,T,TGT,F I,37,84.855
2025-11-25,9:50:54.898788561,T,TGT,F,100,84.84
2025-11-25,9:50:54.898815705,T,TGT,I,10,84.84
2025-11-25,9:50:55.185894625,T,TGT,F I,63,84.86
2025-11-25,9:51:02.091293590,T,TGT,I,3,84.89
2025-11-25,9:51:02.091293590,T,TGT,I,97,84.89
2025-11-25,9:51:02.091311774,T,TGT,F I,3,84.89
2025-11-25,9:51:02.091561164,T,TGT,F,100,84.9
2025-11-25,9:51:05.273279165,T,TGT,I,4,84.92
2025-11-25,9:51:05.273297233,T,TGT,I,4,84.92
2025-11-25,9:51:05.273303268,T,TGT,I,29,84.92
2025-11-25,9:51:18.114901189,T,TGT,F I,50,84.94
2025-11-25,9:51:18.114901189,T,TGT,F I,4,84.94
2025-11-25,9:51:18.114904181,T,TGT,F I,50,84.94
2025-11-25,9:51:18.119408957,T,TGT,I,40,84.97
2025-11-25,9:51:20.210169880,T,TGT,F I,15,85.03
2025-11-25,9:51:20.210169880,T,TGT,F I,15,85.03
2025-11-25,9:51:20.232022955,T,TGT,I,63,85.005
2025-11-25,9:51:20.232058977,T,TGT,I,37,85.005
2025-11-25,9:51:27.402371143,T,TGT,I,30,84.99
2025-11-25,9:51:27.402656781,T,TGT,I,10,84.99
2025-11-25,9:51:37.377098772,T,TGT,I,40,84.99
2025-11-25,9:51:37.377125385,T,TGT,F I,63,84.99
2025-11-25,9:51:37.377182620,T,TGT,F I,37,84.99
2025-11-25,9:51:37.578437065,T,TGT,F I,4,85.0
2025-11-25,9:51:38.251509775,T,TGT,I,10,85.03
2025-11-25,9:51:38.251509775,T,TGT,I,5,85.03
2025-11-25,9:51:38.251512542,T,TGT,I,85,85.03
2025-11-25,9:51:38.251527568,T,TGT,I,1,85.03
2025-11-25,9:51:38.251891463,T,TGT,,130,85.03
2025-11-25,9:51:39.188160628,T,TGT,F I,45,85.03
2025-11-25,9:51:39.188163352,T,TGT,F,100,85.03
2025-11-25,9:51:39.188163352,T,TGT,F I,55,85.03
2025-11-25,9:51:49.647747316,T,TGT,F,100,85.0
2025-11-25,9:51:49.647750612,T,TGT,F I,6,85.0
2025-11-25,9:51:49.698402916,T,TGT,F,100,84.97
2025-11-25,9:51:49.698402916,T,TGT,F,100,84.97
2025-11-25,9:52:14.631149191,T,TGT,,100,84.97
2025-11-25,9:52:16.885566274,T,TGT,,100,84.98
2025-11-25,9:52:16.885569043,T,TGT,,100,84.98
2025-11-25,9:52:16.885572124,T,TGT,I,22,84.98
2025-11-25,9:52:16.885572124,T,TGT,,100,84.98
2025-11-25,9:52:16.885575000,T,TGT,I,34,84.98
2025-11-25,9:52:16.885575000,T,TGT,I,3,84.98
2025-11-25,9:52:16.886068423,T,TGT,I,66,84.98
2025-11-25,9:52:16.886107272,T,TGT,F I,34,84.98
2025-11-25,9:52:16.886396209,T,TGT,I,40,84.99
2025-11-25,9:52:16.886399006,T,TGT,I,60,84.98
2025-11-25,9:52:21.569194087,T,TGT,F,100,85.0
2025-11-25,9:52:21.569196995,T,TGT,F I,44,85.0
2025-11-25,9:52:21.569218094,T,TGT,F I,56,85.0
2025-11-25,9:52:21.569218094,T,TGT,F I,19,85.0
2025-11-25,9:52:21.569861620,T,TGT,,100,85.0
2025-11-25,9:52:23.881784360,T,TGT,F I,15,85.0
2025-11-25,9:52:23.881784360,T,TGT,F,100,85.0
2025-11-25,9:52:29.908947188,T,TGT,I,50,85.01
2025-11-25,9:52:29.908950669,T,TGT,I,50,84.99
2025-11-25,9:52:29.908968180,T,TGT,F I,50,84.99
2025-11-25,9:52:33.326075746,T,TGT,I,30,85.0
2025-11-25,9:52:33.326078032,T,TGT,I,70,84.99
2025-11-25,9:52:33.326093318,T,TGT,F I,30,84.99
2025-11-25,9:52:33.326096049,T,TGT,F I,20,84.99
2025-11-25,9:52:33.326102161,T,TGT,I,30,84.99
2025-11-25,9:52:33.326114064,T,TGT,I,30,84.99
2025-11-25,9:52:33.449525052,T,TGT,F I,8,85.0
2025-11-25,9:52:33.449525052,T,TGT,F I,92,85.0
2025-11-25,9:52:33.449543087,T,TGT,I,1,85.0
2025-11-25,9:52:33.449585232,T,TGT,I,7,85.0
2025-11-25,9:52:33.449843845,T,TGT,,100,85.0
2025-11-25,9:52:33.449861946,T,TGT,F I,8,85.0
2025-11-25,9:52:34.872467070,T,TGT,F I,39,85.01
2025-11-25,9:52:34.872500340,T,TGT,F I,61,85.01
2025-11-25,9:52:34.872503182,T,TGT,F,100,85.01
2025-11-25,9:52:34.872740706,T,TGT,,100,85.01
2025-11-25,9:52:34.873053840,T,TGT,F I,1,85.0
2025-11-25,9:52:34.873053840,T,TGT,F I,34,85.0
2025-11-25,9:52:34.873309011,T,TGT,F,200,84.99
2025-11-25,9:52:34.873330195,T,TGT,I,1,84.99
2025-11-25,9:52:34.873345173,T,TGT,F I,99,84.99
2025-11-25,9:52:34.873414310,T,TGT,F,258,84.99
2025-11-25,9:52:34.874497155,T,TGT,F I,1,84.99
2025-11-25,9:52:34.874499880,T,TGT,F I,51,84.99
2025-11-25,9:52:34.885301789,T,TGT,F,100,84.96
2025-11-25,9:52:34.885301789,T,TGT,F,100,84.96
2025-11-25,9:52:34.885307680,T,TGT,I,45,84.96
2025-11-25,9:52:34.885307680,T,TGT,I,55,84.96
2025-11-25,9:52:38.720441175,T,TGT,F,100,84.92
2025-11-25,9:52:40.161263116,T,TGT,F,100,84.94
2025-11-25,9:52:40.161265759,T,TGT,F,102,84.94
2025-11-25,9:52:40.161268763,T,TGT,F,142,84.94
2025-11-25,9:52:40.161271788,T,TGT,F,100,84.94
2025-11-25,9:52:40.161271788,T,TGT,F I,6,84.94
2025-11-25,9:52:40.162101753,T,TGT,,100,84.94
2025-11-25,9:52:46.231818872,T,TGT,F,100,84.99
2025-11-25,9:52:46.231821866,T,TGT,F I,39,84.99
2025-11-25,9:52:46.231842958,T,TGT,I,1,84.99
2025-11-25,9:52:46.231842958,T,TGT,F I,60,84.99
2025-11-25,9:52:46.232185727,T,TGT,F,100,84.99
2025-11-25,9:52:52.467561530,T,TGT,F I,51,85.04
2025-11-25,9:52:52.467582610,T,TGT,F I,49,85.04
2025-11-25,9:52:52.467588624,T,TGT,F,128,85.04
2025-11-25,9:52:52.467642744,T,TGT,F I,5,85.05
2025-11-25,9:52:52.469627456,T,TGT,I,40,85.06
2025-11-25,9:53:00.843199018,T,TGT,F I,5,85.12
2025-11-25,9:53:00.844263997,T,TGT,I,75,85.11
2025-11-25,9:53:00.844311695,T,TGT,I,25,85.11
2025-11-25,9:53:01.349163382,T,TGT,F I,11,85.12
2025-11-25,9:53:01.349166376,T,TGT,F,128,85.12
2025-11-25,9:53:01.349172452,T,TGT,F,139,85.12
2025-11-25,9:53:01.349184467,T,TGT,I,1,85.12
2025-11-25,9:53:01.349187461,T,TGT,F,132,85.12
2025-11-25,9:53:01.349190755,T,TGT,F I,34,85.12
2025-11-25,9:53:01.349190755,T,TGT,F I,70,85.12
2025-11-25,9:53:01.349193545,T,TGT,F I,1,85.12
2025-11-25,9:53:03.187668352,T,TGT,F,171,85.15
2025-11-25,9:53:03.187671275,T,TGT,F,129,85.15
2025-11-25,9:53:07.291900689,T,TGT,I,75,85.19
2025-11-25,9:53:07.291903220,T,TGT,,100,85.19
2025-11-25,9:53:07.291906005,T,TGT,I,25,85.2
2025-11-25,9:53:07.291929975,T,TGT,I,75,85.2
2025-11-25,9:53:07.291932996,T,TGT,I,5,85.2
2025-11-25,9:53:07.291936073,T,TGT,,100,85.2
2025-11-25,9:53:07.291939071,T,TGT,I,68,85.2
2025-11-25,9:53:07.291954029,T,TGT,I,18,85.2
2025-11-25,9:53:07.291954029,T,TGT,I,1,85.2
2025-11-25,9:53:07.291957105,T,TGT,I,13,85.2
2025-11-25,9:53:07.292534404,T,TGT,F I,33,85.18
2025-11-25,9:53:07.292814137,T,TGT,I,33,85.19
2025-11-25,9:53:11.874899079,T,TGT,I,40,85.175
2025-11-25,9:53:17.190311199,T,TGT,I,40,85.175
2025-11-25,9:53:22.274631701,T,TGT,I,63,85.175
2025-11-25,9:53:24.806276071,T,TGT,F,118,85.14
2025-11-25,9:53:24.806303519,T,TGT,F,382,85.14
2025-11-25,9:53:24.806303519,T,TGT,F I,40,85.14
2025-11-25,9:53:24.806303519,T,TGT,F I,40,85.14
2025-11-25,9:53:24.806306157,T,TGT,F I,57,85.14
2025-11-25,9:53:24.806309092,T,TGT,I,1,85.14
2025-11-25,9:53:37.979486798,T,TGT,I,10,85.105
2025-11-25,9:53:38.014478106,T,TGT,I,40,85.1
2025-11-25,9:53:48.531270617,T,TGT,I,20,85.06
2025-11-25,9:53:57.714196454,T,TGT,F I,50,85.1
2025-11-25,9:53:59.742173800,T,TGT,F,100,85.07
2025-11-25,9:53:59.742185834,T,TGT,F I,2,85.06
2025-11-25,9:53:59.742239932,T,TGT,F,100,85.06
2025-11-25,9:54:02.034201225,T,TGT,,200,85.09
2025-11-25,9:54:02.034631266,T,TGT,F,100,85.1
2025-11-25,9:54:02.426453045,T,TGT,F,100,85.12
2025-11-25,9:54:02.426453045,T,TGT,F I,5,85.12
2025-11-25,9:54:02.426458792,T,TGT,F I,10,85.12
2025-11-25,9:54:02.426458792,T,TGT,F I,5,85.12
2025-11-25,9:54:02.426464719,T,TGT,F I,5,85.12
2025-11-25,9:54:02.426464719,T,TGT,F,330,85.12
2025-11-25,9:54:02.426470688,T,TGT,I,1,85.12
2025-11-25,9:54:02.426470688,T,TGT,I,40,85.12
2025-11-25,9:54:02.426474225,T,TGT,I,1,85.12
2025-11-25,9:54:02.426474225,T,TGT,F I,18,85.12
2025-11-25,9:54:02.426476709,T,TGT,F I,53,85.12
2025-11-25,9:54:02.438231679,T,TGT,F,100,85.13
2025-11-25,9:54:02.442258261,T,TGT,I,40,85.14
2025-11-25,9:54:02.442814761,T,TGT,F,100,85.13
2025-11-25,9:54:02.442814761,T,TGT,F I,24,85.13
2025-11-25,9:54:02.442817802,T,TGT,F,100,85.13
2025-11-25,9:54:02.442820670,T,TGT,F I,2,85.13
2025-11-25,9:54:02.668544398,T,TGT,F,100,85.12
2025-11-25,9:54:02.668547463,T,TGT,F I,2,85.12
2025-11-25,9:54:02.668550480,T,TGT,F I,10,85.12
2025-11-25,9:54:21.269799361,T,TGT,F I,50,85.15
2025-11-25,9:54:21.269799361,T,TGT,F I,7,85.15
2025-11-25,9:54:21.270905986,T,TGT,,200,85.16
2025-11-25,9:54:21.271531545,T,TGT,F,100,85.15
2025-11-25,9:54:21.271570564,T,TGT,I,31,85.14
2025-11-25,9:54:21.271576655,T,TGT,I,30,85.14
2025-11-25,9:54:21.271576655,T,TGT,I,30,85.14
2025-11-25,9:54:21.271594631,T,TGT,I,3,85.14
2025-11-25,9:54:21.271603722,T,TGT,I,97,85.14
2025-11-25,9:54:21.272199353,T,TGT,F I,1,85.15
2025-11-25,9:54:24.304030971,T,TGT,F,100,85.12
2025-11-25,9:54:24.316128739,T,TGT,I,20,85.13
2025-11-25,9:54:30.651201131,T,TGT,I,40,85.135
2025-11-25,9:54:40.099903711,T,TGT,F I,47,85.1
2025-11-25,9:54:40.099906304,T,TGT,F I,53,85.1
2025-11-25,9:54:40.099909578,T,TGT,F I,20,85.1
2025-11-25,9:54:43.960019485,T,TGT,I,20,85.1
2025-11-25,9:54:45.983822881,T,TGT,I,20,85.1
2025-11-25,9:54:54.911073556,T,TGT,I,20,85.095
2025-11-25,9:54:54.921132503,T,TGT,I,20,85.095
2025-11-25,9:55:07.995099975,T,TGT,I,9,85.11
2025-11-25,9:55:11.680082206,T,TGT,I,3,85.11
2025-11-25,9:55:11.680084962,T,TGT,I,31,85.11
2025-11-25,9:55:18.351370204,T,TGT,I,20,85.125
2025-11-25,9:55:18.594992644,T,TGT,I,20,85.125
2025-11-25,9:55:24.168193945,T,TGT,F,100,85.1
2025-11-25,9:55:24.168196887,T,TGT,F I,20,85.1
2025-11-25,9:55:27.915376052,T,TGT,F,100,85.1
2025-11-25,9:55:29.016587569,T,TGT,I,5,85.12
2025-11-25,9:55:33.354821908,T,TGT,I,5,85.13
2025-11-25,9:55:33.733102101,T,TGT,I,75,85.13
2025-11-25,9:55:33.733105101,T,TGT,I,25,85.14
2025-11-25,9:55:33.733123753,T,TGT,F I,75,85.14
2025-11-25,9:55:33.733126162,T,TGT,F I,71,85.14
2025-11-25,9:55:33.733165307,T,TGT,F,100,85.12
2025-11-25,9:55:33.733168951,T,TGT,F I,25,85.12
2025-11-25,9:55:33.733168951,T,TGT,F I,33,85.12
2025-11-25,9:55:33.733186399,T,TGT,I,1,85.12
2025-11-25,9:55:33.733192657,T,TGT,F I,99,85.12
2025-11-25,9:55:33.733517097,T,TGT,F,100,85.11
2025-11-25,9:55:33.738079037,T,TGT,F I,19,85.11
2025-11-25,9:55:33.738081983,T,TGT,F I,33,85.11
2025-11-25,9:55:33.738085024,T,TGT,F I,32,85.11
2025-11-25,9:55:34.572332549,T,TGT,F,100,85.12
2025-11-25,9:55:35.783973183,T,TGT,F I,20,85.13
2025-11-25,9:55:35.784024245,T,TGT,F I,20,85.13
2025-11-25,9:55:48.265186657,T,TGT,F I,10,85.13
2025-11-25,9:55:48.265189687,T,TGT,F I,20,85.13
2025-11-25,9:55:52.146217534,T,TGT,I,25,85.14
2025-11-25,9:55:52.146858070,T,TGT,I,29,85.15
2025-11-25,9:55:52.147008410,T,TGT,I,11,85.15
2025-11-25,9:55:52.154736818,T,TGT,F I,4,85.16
2025-11-25,9:55:52.154812087,T,TGT,I,5,85.16
2025-11-25,9:55:54.884914081,T,TGT,F,137,85.16
2025-11-25,9:55:54.884917513,T,TGT,F,163,85.16
2025-11-25,9:55:57.147179575,T,TGT,,100,85.16
2025-11-25,9:55:58.654343087,T,TGT,F,500,85.15
2025-11-25,9:56:05.599674263,T,TGT,F I,50,85.16
2025-11-25,9:56:05.599951039,T,TGT,F I,50,85.17
2025-11-25,9:56:05.599951039,T,TGT,F I,25,85.17
2025-11-25,9:56:05.599953918,T,TGT,F I,1,85.17
2025-11-25,9:56:05.794231773,T,TGT,F,100,85.18
2025-11-25,9:56:09.926999488,T,TGT,I,25,85.2
2025-11-25,9:56:09.926999488,T,TGT,I,1,85.2
2025-11-25,9:56:09.927001389,T,TGT,I,8,85.2
2025-11-25,9:56:09.927175810,T,TGT,I,15,85.2
2025-11-25,9:56:09.927202858,T,TGT,I,69,85.2
2025-11-25,9:56:09.927205897,T,TGT,,100,85.2
2025-11-25,9:56:16.355692669,T,TGT,I,4,85.21
2025-11-25,9:56:16.355695644,T,TGT,,100,85.21
2025-11-25,9:56:20.125452548,T,TGT,F I,3,85.22
2025-11-25,9:56:20.125452548,T,TGT,F I,62,85.22
2025-11-25,9:56:20.125491487,T,TGT,F,1100,85.23
2025-11-25,9:56:20.125494475,T,TGT,F I,3,85.23
2025-11-25,9:56:22.699275147,T,TGT,F,100,85.25
2025-11-25,9:56:22.699278171,T,TGT,F I,51,85.25
2025-11-25,9:56:26.643597899,T,TGT,F,100,85.24
2025-11-25,9:56:26.643616276,T,TGT,I,1,85.24
2025-11-25,9:56:26.643618980,T,TGT,I,60,85.24
2025-11-25,9:56:26.643630937,T,TGT,F I,39,85.24
2025-11-25,9:56:44.869682708,T,TGT,F I,10,85.21
2025-11-25,9:56:44.869682708,T,TGT,F I,5,85.21
2025-11-25,9:56:46.694565269,T,TGT,F I,60,85.21
2025-11-25,9:56:46.694565269,T,TGT,F I,2,85.21
2025-11-25,9:56:51.181930729,T,TGT,I,50,85.25
2025-11-25,9:56:51.181930729,T,TGT,I,5,85.25
2025-11-25,9:56:51.181933668,T,TGT,I,10,85.25
2025-11-25,9:56:52.256035572,T,TGT,I,16,85.27
2025-11-25,9:56:54.111966969,T,TGT,I,10,85.265
2025-11-25,9:56:59.342234211,T,TGT,F I,51,85.28
2025-11-25,9:56:59.350858847,T,TGT,F,100,85.27
2025-11-25,9:56:59.350858847,T,TGT,F I,1,85.27
2025-11-25,9:56:59.350861831,T,TGT,F I,27,85.27
2025-11-25,9:56:59.350867831,T,TGT,F I,18,85.27
2025-11-25,9:57:01.903911081,T,TGT,F,100,85.25
2025-11-25,9:57:01.903911081,T,TGT,F I,45,85.25
2025-11-25,9:57:01.903926130,T,TGT,F I,55,85.25
2025-11-25,9:57:01.903929229,T,TGT,F I,70,85.25
2025-11-25,9:57:01.903929229,T,TGT,F I,30,85.25
2025-11-25,9:57:01.904452376,T,TGT,F,100,85.24
2025-11-25,9:57:01.905607060,T,TGT,F I,1,85.25
2025-11-25,9:57:01.910244146,T,TGT,I,80,85.24
2025-11-25,9:57:01.911970298,T,TGT,F I,20,85.24
2025-11-25,9:57:10.647757827,T,TGT,F I,50,85.22
2025-11-25,9:57:11.275275451,T,TGT,F,100,85.23
2025-11-25,9:57:11.275278752,T,TGT,F I,45,85.23
2025-11-25,9:57:11.275278752,T,TGT,F I,69,85.23
2025-11-25,9:57:11.275365045,T,TGT,I,46,85.23
2025-11-25,9:57:11.275410074,T,TGT,I,1,85.23
2025-11-25,9:57:11.275449171,T,TGT,I,38,85.23
2025-11-25,9:57:11.275521357,T,TGT,F I,61,85.23
2025-11-25,9:57:11.275521357,T,TGT,F,153,85.23
2025-11-25,9:57:11.275584479,T,TGT,I,61,85.23
2025-11-25,9:57:11.275587930,T,TGT,I,39,85.23
2025-11-25,9:57:11.275590519,T,TGT,I,61,85.23
2025-11-25,9:57:11.275692767,T,TGT,F I,69,85.23
2025-11-25,9:57:11.277013153,T,TGT,F I,31,85.23
2025-11-25,9:57:11.277015955,T,TGT,F,100,85.23
2025-11-25,9:57:11.277015955,T,TGT,F I,74,85.23
2025-11-25,9:57:11.277052024,T,TGT,I,80,85.23
2025-11-25,9:57:11.277076173,T,TGT,I,20,85.23
2025-11-25,9:57:11.277079139,T,TGT,I,80,85.23
2025-11-25,9:57:11.278681878,T,TGT,I,20,85.23
2025-11-25,9:57:11.278684870,T,TGT,I,46,85.23
2025-11-25,9:57:11.279370564,T,TGT,F I,54,85.23
2025-11-25,9:57:11.279373587,T,TGT,F I,46,85.23
2025-11-25,9:57:11.279412653,T,TGT,I,1,85.23
2025-11-25,9:57:11.880337300,T,TGT,F I,53,85.23
2025-11-25,9:57:11.880337300,T,TGT,F I,40,85.23
2025-11-25,9:57:11.880358285,T,TGT,F I,60,85.23
2025-11-25,9:57:11.880358285,T,TGT,F I,65,85.23
2025-11-25,9:57:11.880370606,T,TGT,I,35,85.23
2025-11-25,9:57:11.880370606,T,TGT,I,25,85.23
2025-11-25,9:57:11.880373301,T,TGT,F I,75,85.23
2025-11-25,9:57:11.880376392,T,TGT,F I,45,85.23
2025-11-25,9:57:11.880382384,T,TGT,I,35,85.23
2025-11-25,9:57:11.880406482,T,TGT,I,5,85.23
2025-11-25,9:57:11.880418492,T,TGT,I,60,85.23
2025-11-25,9:57:11.880421481,T,TGT,I,15,85.23
2025-11-25,9:57:11.880436534,T,TGT,I,85,85.23
2025-11-25,9:57:11.880439515,T,TGT,I,75,85.23
2025-11-25,9:57:11.880514640,T,TGT,F I,25,85.23
2025-11-25,9:57:11.880514640,T,TGT,F I,61,85.23
2025-11-25,9:57:11.880538717,T,TGT,I,39,85.23
2025-11-25,9:57:11.881034901,T,TGT,F,100,85.23
2025-11-25,9:57:11.881055956,T,TGT,I,55,85.23
2025-11-25,9:57:15.135529260,T,TGT,F I,63,85.25
2025-11-25,9:57:15.135538244,T,TGT,I,4,85.25
2025-11-25,9:57:17.112258465,T,TGT,I,23,85.28
2025-11-25,9:57:17.112267535,T,TGT,F I,27,85.28
2025-11-25,9:57:17.112745630,T,TGT,F I,45,85.29
2025-11-25,9:57:17.113049415,T,TGT,F,115,85.3
2025-11-25,9:57:17.114516889,T,TGT,F I,1,85.33
2025-11-25,9:57:17.114613057,T,TGT,F,165,85.34
2025-11-25,9:57:17.114616061,T,TGT,F I,35,85.34
2025-11-25,9:57:17.115392074,T,TGT,F I,18,85.34
2025-11-25,9:57:17.115395137,T,TGT,F I,1,85.34
2025-11-25,9:57:17.115662548,T,TGT,F I,1,85.34
2025-11-25,9:57:17.115662548,T,TGT,F I,1,85.34
2025-11-25,9:57:17.118967505,T,TGT,I,60,85.35
2025-11-25,9:57:17.118967505,T,TGT,I,40,85.34
2025-11-25,9:57:17.118976474,T,TGT,I,60,85.34
2025-11-25,9:57:35.061561145,T,TGT,F I,56,85.37
2025-11-25,9:57:35.061563909,T,TGT,F I,1,85.37
2025-11-25,9:57:48.716663134,T,TGT,I,50,85.43
2025-11-25,9:57:49.258085042,T,TGT,I,50,85.43
2025-11-25,9:57:52.193865097,T,TGT,I,10,85.4
2025-11-25,9:57:52.193871085,T,TGT,,100,85.4
2025-11-25,9:57:52.193895174,T,TGT,,840,85.4
2025-11-25,9:57:55.209013209,T,TGT,F I,10,85.4
2025-11-25,9:57:55.209013209,T,TGT,F I,40,85.4
2025-11-25,9:57:56.314945942,T,TGT,F I,10,85.4
2025-11-25,9:58:02.389769155,T,TGT,I,10,85.405
2025-11-25,9:58:02.754132269,T,TGT,F I,10,85.405
2025-11-25,9:58:08.128165944,T,TGT,I,43,85.44
2025-11-25,9:58:12.129302984,T,TGT,F I,57,85.44
2025-11-25,9:58:12.129308953,T,TGT,F,100,85.44
2025-11-25,9:58:12.129311978,T,TGT,F I,1,85.44
2025-11-25,9:58:12.129311978,T,TGT,F,100,85.44
2025-11-25,9:58:12.129314990,T,TGT,F,100,85.44
2025-11-25,9:58:12.129333069,T,TGT,I,5,85.45
2025-11-25,9:58:19.584610051,T,TGT,F I,23,85.48
2025-11-25,9:58:23.170520935,T,TGT,I,63,85.485
2025-11-25,9:58:24.017422503,T,TGT,F I,63,85.485
2025-11-25,9:58:24.017434586,T,TGT,I,37,85.485
2025-11-25,9:58:26.155086200,T,TGT,F I,68,85.5
2025-11-25,9:58:26.155089301,T,TGT,F,100,85.5
2025-11-25,9:58:26.155092260,T,TGT,F,600,85.5
2025-11-25,9:58:26.358364480,T,TGT,I,5,85.51
2025-11-25,9:58:27.124791451,T,TGT,F I,10,85.525
2025-11-25,9:58:28.454817957,T,TGT,F I,10,85.525
2025-11-25,9:58:30.834404986,T,TGT,F I,5,85.49
2025-11-25,9:58:30.834408023,T,TGT,F,100,85.49
2025-11-25,9:58:39.865291710,T,TGT,F I,63,85.43
2025-11-25,9:58:39.865339746,T,TGT,F I,37,85.43
2025-11-25,9:59:02.945098588,T,TGT,I,28,85.46
2025-11-25,9:59:02.945101595,T,TGT,,123,85.46
2025-11-25,9:59:02.945633810,T,TGT,F I,40,85.47
2025-11-25,9:59:02.949558200,T,TGT,F,100,85.45
2025-11-25,9:59:02.949561230,T,TGT,F,100,85.45
2025-11-25,9:59:02.951200120,T,TGT,F I,35,85.43
2025-11-25,9:59:02.952634861,T,TGT,F I,80,85.43
2025-11-25,9:59:02.952634861,T,TGT,F I,1,85.44
2025-11-25,9:59:02.952638343,T,TGT,F I,27,85.44
2025-11-25,9:59:02.952638343,T,TGT,F I,9,85.44
2025-11-25,9:59:02.952640551,T,TGT,F,252,85.44
2025-11-25,9:59:02.960880126,T,TGT,F I,81,85.42
2025-11-25,9:59:02.960901262,T,TGT,I,19,85.42
2025-11-25,9:59:02.960904873,T,TGT,I,1,85.42
2025-11-25,9:59:02.960904873,T,TGT,I,9,85.42
2025-11-25,9:59:02.960907224,T,TGT,I,1,85.42
2025-11-25,9:59:02.960916211,T,TGT,F I,90,85.42
2025-11-25,9:59:03.133662755,T,TGT,I,10,85.405
2025-11-25,9:59:03.133665885,T,TGT,I,40,85.4
2025-11-25,9:59:03.133668841,T,TGT,I,20,85.4
2025-11-25,9:59:03.133668841,T,TGT,I,90,85.4
2025-11-25,9:59:03.133683870,T,TGT,I,10,85.4
2025-11-25,9:59:03.134180053,T,TGT,I,20,85.4
2025-11-25,9:59:04.920038541,T,TGT,,100,85.39
2025-11-25,9:59:07.957120956,T,TGT,F I,40,85.38
2025-11-25,9:59:07.957147885,T,TGT,I,40,85.38
2025-11-25,9:59:10.818984918,T,TGT,I,1,85.39
2025-11-25,9:59:10.818984918,T,TGT,I,35,85.39
2025-11-25,9:59:10.818987698,T,TGT,I,2,85.39
2025-11-25,9:59:10.820816000,T,TGT,F I,48,85.385
2025-11-25,9:59:15.352110124,T,TGT,F I,10,85.38
2025-11-25,9:59:16.141042679,T,TGT,F I,90,85.36
2025-11-25,9:59:16.141060861,T,TGT,I,1,85.36
2025-11-25,9:59:16.141060861,T,TGT,F I,9,85.36
2025-11-25,9:59:16.141066676,T,TGT,F,100,85.36
2025-11-25,9:59:16.141066676,T,TGT,F,100,85.36
2025-11-25,9:59:17.618312127,T,TGT,F I,12,85.37
2025-11-25,9:59:23.777447450,T,TGT,I,80,85.42
2025-11-25,9:59:23.777456441,T,TGT,I,70,85.415
2025-11-25,9:59:23.777474460,T,TGT,I,58,85.415
2025-11-25,9:59:28.764179660,T,TGT,F I,57,85.47
2025-11-25,9:59:28.764204160,T,TGT,I,44,85.47
2025-11-25,9:59:31.502103387,T,TGT,F I,23,85.49
2025-11-25,9:59:31.502671750,T,TGT,I,35,85.49
2025-11-25,9:59:31.502720425,T,TGT,,200,85.49
2025-11-25,9:59:31.502746908,T,TGT,,100,85.48
2025-11-25,9:59:31.502864221,T,TGT,,100,85.49
2025-11-25,9:59:31.502882507,T,TGT,F I,99,85.49
2025-11-25,9:59:31.502882507,T,TGT,F,600,85.5
2025-11-25,9:59:31.502885217,T,TGT,F I,96,85.5
2025-11-25,9:59:31.502906356,T,TGT,F I,4,85.5
2025-11-25,9:59:31.502909375,T,TGT,F I,80,85.5
2025-11-25,9:59:31.502957457,T,TGT,,100,85.49
2025-11-25,9:59:31.503033206,T,TGT,,100,85.49
2025-11-25,9:59:31.503033206,T,TGT,I,6,85.49
2025-11-25,9:59:31.503216311,T,TGT,I,32,85.49
2025-11-25,9:59:31.503219127,T,TGT,I,28,85.49
2025-11-25,9:59:31.503219127,T,TGT,I,28,85.49
2025-11-25,9:59:31.503222046,T,TGT,I,39,85.49
2025-11-25,9:59:31.503222046,T,TGT,I,23,85.49
2025-11-25,9:59:31.503225228,T,TGT,I,23,85.49
2025-11-25,9:59:31.503228110,T,TGT,I,25,85.49
2025-11-25,9:59:31.503555847,T,TGT,I,6,85.49
2025-11-25,9:59:31.503558842,T,TGT,I,17,85.49
2025-11-25,9:59:31.505072610,T,TGT,F I,14,85.51
2025-11-25,9:59:31.505072610,T,TGT,F I,29,85.51
2025-11-25,9:59:31.568047483,T,TGT,F,100,85.52
2025-11-25,9:59:31.568050620,T,TGT,F I,75,85.52
2025-11-25,9:59:31.568050620,T,TGT,F I,29,85.51
2025-11-25,9:59:31.568053691,T,TGT,F I,14,85.51
2025-11-25,9:59:31.568057187,T,TGT,F I,41,85.51
2025-11-25,9:59:31.568057187,T,TGT,F I,90,85.51
2025-11-25,9:59:31.568059843,T,TGT,I,10,85.51
2025-11-25,9:59:31.568062626,T,TGT,,100,85.51
2025-11-25,9:59:31.568062626,T,TGT,I,80,85.51
2025-11-25,9:59:31.568426382,T,TGT,F,100,85.5
2025-11-25,9:59:38.395443681,T,TGT,I,38,85.46
2025-11-25,9:59:46.092553864,T,TGT,I,63,85.475
2025-11-25,9:59:46.319889412,T,TGT,F I,1,85.475
2025-11-25,9:59:46.320006749,T,TGT,I,2,85.475
2025-11-25,9:59:47.750764139,T,TGT,F I,17,85.48
2025-11-25,9:59:50.488107426,T,TGT,F I,1,85.475
2025-11-25,9:59:50.871106111,T,TGT,F I,1,85.48
2025-11-25,9:59:50.871202136,T,TGT,I,39,85.48
2025-11-25,9:59:50.871926819,T,TGT,I,63,85.475
2025-11-25,9:59:50.872044277,T,TGT,I,63,85.475
2025-11-25,9:59:50.913085873,T,TGT,F I,1,85.47
2025-11-25,9:59:51.773763280,T,TGT,F,100,85.45
2025-11-25,9:59:55.381184299,T,TGT,I,63,85.435
2025-11-25,9:59:59.007195768,T,TGT,F I,63,85.4
2025-11-25,9:59:59.007243883,T,TGT,F I,37,85.4
2025-11-25,10:00:00.278790145,T,TGT,F I,80,85.39
2025-11-25,10:00:00.278856292,T,TGT,F I,25,85.38
2025-11-25,10:00:00.278859384,T,TGT,F I,75,85.37
2025-11-25,10:00:00.278880417,T,TGT,F I,25,85.37
2025-11-25,10:00:00.301037163,T,TGT,I,80,85.39
2025-11-25,10:00:02.092131215,T,TGT,F I,18,85.44
2025-11-25,10:00:02.092134251,T,TGT,F I,15,85.44
2025-11-25,10:00:02.092140207,T,TGT,F,200,85.44
2025-11-25,10:00:02.092140207,T,TGT,F I,44,85.44
2025-11-25,10:00:02.092143255,T,TGT,I,36,85.44
2025-11-25,10:00:10.924716633,T,TGT,F I,3,85.5
2025-11-25,10:00:10.924716633,T,TGT,F I,28,85.5
2025-11-25,10:00:10.924719751,T,TGT,F I,67,85.5
2025-11-25,10:00:10.924722545,T,TGT,F I,5,85.5
2025-11-25,10:00:10.924722545,T,TGT,F I,25,85.5
2025-11-25,10:00:10.924725368,T,TGT,F I,2,85.5
2025-11-25,10:00:10.924737318,T,TGT,F I,80,85.5
2025-11-25,10:00:10.924824523,T,TGT,F I,5,85.51
2025-11-25,10:00:10.925200483,T,TGT,,394,85.51
2025-11-25,10:00:10.967273692,T,TGT,I,20,85.53
2025-11-25,10:00:11.057470571,T,TGT,I,30,85.55
2025-11-25,10:00:11.210853934,T,TGT,I,6,85.555
2025-11-25,10:00:12.800564738,T,TGT,F I,5,85.57
2025-11-25,10:00:12.800567520,T,TGT,F I,13,85.57
2025-11-25,10:00:12.800567520,T,TGT,F I,21,85.57
2025-11-25,10:00:12.800573231,T,TGT,F,100,85.57
2025-11-25,10:00:12.800573231,T,TGT,F I,2,85.57
2025-11-25,10:00:12.966974629,T,TGT,F I,16,85.59
2025-11-25,10:00:12.966974629,T,TGT,F I,5,85.59
2025-11-25,10:00:12.966977660,T,TGT,F I,24,85.59
2025-11-25,10:00:13.154090240,T,TGT,F I,1,85.6
2025-11-25,10:00:13.154092431,T,TGT,F I,5,85.6
2025-11-25,10:00:13.516206066,T,TGT,F,100,85.61
2025-11-25,10:00:13.516209069,T,TGT,F I,5,85.61
2025-11-25,10:00:13.516209069,T,TGT,F I,31,85.61
2025-11-25,10:00:13.517027041,T,TGT,F I,19,85.62
2025-11-25,10:00:13.517036709,T,TGT,I,33,85.62
2025-11-25,10:00:13.517039121,T,TGT,I,67,85.62
2025-11-25,10:00:13.517246557,T,TGT,,100,85.62
2025-11-25,10:00:13.517381885,T,TGT,,100,85.61
2025-11-25,10:00:13.640910220,T,TGT,I,25,85.625
2025-11-25,10:00:14.817006141,T,TGT,F I,5,85.61
2025-11-25,10:00:14.823065476,T,TGT,I,30,85.61
2025-11-25,10:00:16.241746296,T,TGT,,100,85.62
2025-11-25,10:00:18.082293162,T,TGT,I,10,85.64
2025-11-25,10:00:21.472395365,T,TGT,I,20,85.625
2025-11-25,10:00:33.943384647,T,TGT,F I,10,85.625
2025-11-25,10:00:40.488693809,T,TGT,I,15,85.65
2025-11-25,10:00:40.488693809,T,TGT,I,70,85.65
2025-11-25,10:00:40.488720826,T,TGT,,100,85.65
2025-11-25,10:00:40.490074043,T,TGT,F I,1,85.65
2025-11-25,10:00:40.490122173,T,TGT,F I,2,85.65
2025-11-25,10:00:40.490140269,T,TGT,I,50,85.65
2025-11-25,10:00:40.490414203,T,TGT,,154,85.65
2025-11-25,10:00:40.490603341,T,TGT,,596,85.65
2025-11-25,10:00:40.490603341,T,TGT,,154,85.65
2025-11-25,10:00:40.491144623,T,TGT,,127,85.65
2025-11-25,10:00:40.491685923,T,TGT,,127,85.65
2025-11-25,10:00:40.491821296,T,TGT,I,92,85.65
2025-11-25,10:00:40.492098103,T,TGT,,127,85.66
2025-11-25,10:00:40.492275302,T,TGT,F I,24,85.67
2025-11-25,10:00:40.492287327,T,TGT,,127,85.66
2025-11-25,10:00:40.492296432,T,TGT,F I,46,85.66
2025-11-25,10:00:40.538745030,T,TGT,,100,85.66
2025-11-25,10:00:40.538748002,T,TGT,,100,85.66
2025-11-25,10:00:40.538751197,T,TGT,I,6,85.66
2025-11-25,10:00:40.538754118,T,TGT,,100,85.66
2025-11-25,10:00:40.538754118,T,TGT,I,24,85.66
2025-11-25,10:00:40.538772059,T,TGT,I,1,85.66
2025-11-25,10:00:40.649294387,T,TGT,I,20,85.675
2025-11-25,10:00:44.283449232,T,TGT,F,100,85.65
2025-11-25,10:00:44.283452744,T,TGT,F I,4,85.65
2025-11-25,10:00:44.283455224,T,TGT,F I,96,85.65
2025-11-25,10:00:44.283587513,T,TGT,F I,20,85.64
2025-11-25,10:00:44.283707857,T,TGT,I,40,85.63
2025-11-25,10:00:44.284101761,T,TGT,F I,89,85.63
2025-11-25,10:00:44.286251914,T,TGT,I,11,85.63
2025-11-25,10:00:46.365573593,T,TGT,F,100,85.61
2025-11-25,10:00:46.365573593,T,TGT,F,100,85.61
2025-11-25,10:00:46.365576571,T,TGT,F I,50,85.61
2025-11-25,10:00:46.365591900,T,TGT,I,1,85.61
2025-11-25,10:00:46.365594890,T,TGT,I,32,85.61
2025-11-25,10:00:46.365594890,T,TGT,F I,17,85.61
2025-11-25,10:00:46.367447011,T,TGT,,100,85.57
2025-11-25,10:00:49.094352366,T,TGT,F I,17,85.61
2025-11-25,10:00:49.094355404,T,TGT,F,269,85.62
2025-11-25,10:00:49.094358365,T,TGT,F,314,85.62
2025-11-25,10:00:49.094370425,T,TGT,F I,17,85.62
2025-11-25,10:00:49.094370425,T,TGT,F,100,85.62
2025-11-25,10:00:49.094478656,T,TGT,I,10,85.62
2025-11-25,10:00:49.094481760,T,TGT,I,90,85.62
2025-11-25,10:00:49.094484758,T,TGT,I,93,85.62
2025-11-25,10:00:49.094502788,T,TGT,I,1,85.62
2025-11-25,10:00:49.094518889,T,TGT,I,19,85.62
2025-11-25,10:00:49.094518889,T,TGT,,100,85.62
2025-11-25,10:00:50.681521490,T,TGT,F I,22,85.65
2025-11-25,10:00:50.681539842,T,TGT,,127,85.63
2025-11-25,10:00:50.681623834,T,TGT,,127,85.63
2025-11-25,10:00:50.681626853,T,TGT,I,46,85.63
2025-11-25,10:00:50.682339495,T,TGT,I,33,85.65
2025-11-25,10:00:50.682342502,T,TGT,I,11,85.65
2025-11-25,10:00:50.682510878,T,TGT,F I,40,85.63
2025-11-25,10:00:50.683007522,T,TGT,F,100,85.63
2025-11-25,10:00:50.683010505,T,TGT,F I,71,85.64
2025-11-25,10:00:50.683013138,T,TGT,F I,27,85.64
2025-11-25,10:00:50.683013138,T,TGT,F I,62,85.64
2025-11-25,10:00:50.683016106,T,TGT,F,100,85.64
2025-11-25,10:00:50.683031299,T,TGT,,100,85.64
2025-11-25,10:00:53.395808832,T,TGT,,100,85.66
2025-11-25,10:00:55.648150746,T,TGT,,100,85.66
2025-11-25,10:01:01.417217519,T,TGT,F I,5,85.69
2025-11-25,10:01:01.583531815,T,TGT,F I,20,85.685
2025-11-25,10:01:01.583531815,T,TGT,F I,71,85.68
2025-11-25,10:01:01.583534809,T,TGT,F I,7,85.68
2025-11-25,10:01:01.583706141,T,TGT,F I,20,85.68
2025-11-25,10:01:02.049321130,T,TGT,F I,2,85.69
2025-11-25,10:01:02.049332492,T,TGT,F,172,85.69
2025-11-25,10:01:02.049335430,T,TGT,F I,28,85.69
2025-11-25,10:01:02.049723507,T,TGT,F,100,85.7
2025-11-25,10:01:02.049723507,T,TGT,F I,21,85.7
2025-11-25,10:01:02.049726344,T,TGT,F I,51,85.7
2025-11-25,10:01:02.049729407,T,TGT,F I,2,85.7
2025-11-25,10:01:02.049744482,T,TGT,I,1,85.7
2025-11-25,10:01:02.049747478,T,TGT,I,97,85.7
2025-11-25,10:01:02.049942923,T,TGT,,100,85.7
2025-11-25,10:01:02.050138401,T,TGT,F,100,85.7
2025-11-25,10:01:02.050141981,T,TGT,F,100,85.7
2025-11-25,10:01:02.610418163,T,TGT,F,100,85.725
2025-11-25,10:01:02.979024339,T,TGT,F I,7,85.71
2025-11-25,10:01:04.837006674,T,TGT,I,17,85.73
2025-11-25,10:01:04.837018684,T,TGT,I,17,85.73
2025-11-25,10:01:04.837036686,T,TGT,,100,85.73
2025-11-25,10:01:04.837039759,T,TGT,I,43,85.73
2025-11-25,10:01:05.007936859,T,TGT,,100,85.74
2025-11-25,10:01:06.339827893,T,TGT,F,272,85.73
2025-11-25,10:01:06.339830874,T,TGT,F,125,85.73
2025-11-25,10:01:06.463831353,T,TGT,,100,85.73
2025-11-25,10:01:07.248562800,T,TGT,F I,30,85.74
2025-11-25,10:01:07.249359672,T,TGT,F,272,85.75
2025-11-25,10:01:07.249362660,T,TGT,F,136,85.75
2025-11-25,10:01:07.249381344,T,TGT,F,942,85.75
2025-11-25,10:01:07.249678448,T,TGT,F I,14,85.76
2025-11-25,10:01:07.250045467,T,TGT,F I,1,85.77
2025-11-25,10:01:09.620069556,T,TGT,I,65,85.79
2025-11-25,10:01:09.620069556,T,TGT,I,25,85.79
2025-11-25,10:01:09.620078535,T,TGT,I,30,85.79
2025-11-25,10:01:11.276647162,T,TGT,F I,13,85.82
2025-11-25,10:01:11.276647162,T,TGT,F I,50,85.82
2025-11-25,10:01:11.276653316,T,TGT,F I,10,85.82
2025-11-25,10:01:11.276653316,T,TGT,F I,2,85.82
2025-11-25,10:01:11.276653316,T,TGT,F I,19,85.82
2025-11-25,10:01:11.276900312,T,TGT,F I,63,85.82
2025-11-25,10:01:11.276902624,T,TGT,I,37,85.82
2025-11-25,10:01:18.176972974,T,TGT,I,50,85.79
2025-11-25,10:01:18.176975920,T,TGT,,100,85.79
2025-11-25,10:01:18.177159436,T,TGT,F I,80,85.79
2025-11-25,10:01:18.182367753,T,TGT,,400,85.79
2025-11-25,10:01:18.185913796,T,TGT,I,30,85.795
2025-11-25,10:01:20.559849797,T,TGT,I,5,85.81
2025-11-25,10:01:20.579423483,T,TGT,F I,20,85.8
2025-11-25,10:01:23.880044703,T,TGT,F I,40,85.79
2025-11-25,10:01:23.880044703,T,TGT,F I,30,85.79
2025-11-25,10:01:23.880970904,T,TGT,F,100,85.78
2025-11-25,10:01:23.880974619,T,TGT,F,100,85.78
2025-11-25,10:01:23.880976941,T,TGT,F,100,85.78
2025-11-25,10:01:23.880979972,T,TGT,F I,7,85.78
2025-11-25,10:01:23.880979972,T,TGT,F I,39,85.78
2025-11-25,10:01:23.880982930,T,TGT,F,118,85.78
2025-11-25,10:01:23.882294380,T,TGT,F,300,85.77
2025-11-25,10:01:23.882297181,T,TGT,F I,30,85.77
2025-11-25,10:01:23.882297181,T,TGT,F I,7,85.77
2025-11-25,10:01:23.882315109,T,TGT,F,121,85.77
2025-11-25,10:01:23.882318079,T,TGT,I,36,85.77
2025-11-25,10:01:23.916975694,T,TGT,I,3,85.78
2025-11-25,10:01:23.916975694,T,TGT,I,39,85.78
2025-11-25,10:01:23.917733474,T,TGT,I,61,85.77
2025-11-25,10:01:23.917733474,T,TGT,,100,85.77
2025-11-25,10:01:45.798939248,T,TGT,,100,85.73
2025-11-25,10:02:00.015626809,T,TGT,F,100,85.73
2025-11-25,10:02:00.015629221,T,TGT,F,100,85.73
2025-11-25,10:02:00.015632321,T,TGT,F I,8,85.73
2025-11-25,10:02:00.015632321,T,TGT,F,157,85.73
2025-11-25,10:02:00.015875924,T,TGT,F,100,85.74
2025-11-25,10:02:00.015878807,T,TGT,F I,8,85.74
2025-11-25,10:02:00.015887868,T,TGT,F I,60,85.74
2025-11-25,10:02:00.015890882,T,TGT,F,100,85.74
2025-11-25,10:02:00.015923950,T,TGT,I,60,85.73
2025-11-25,10:02:00.015948017,T,TGT,I,40,85.73
2025-11-25,10:02:00.015953975,T,TGT,I,25,85.73
2025-11-25,10:02:00.015953975,T,TGT,I,8,85.73
2025-11-25,10:02:00.015957143,T,TGT,I,59,85.73
2025-11-25,10:02:00.015981058,T,TGT,I,41,85.73
2025-11-25,10:02:00.016014250,T,TGT,I,17,85.74
2025-11-25,10:02:00.016014250,T,TGT,I,8,85.74
2025-11-25,10:02:00.016020351,T,TGT,I,50,85.74
2025-11-25,10:02:00.016020351,T,TGT,I,25,85.74
2025-11-25,10:02:00.016071349,T,TGT,I,8,85.73
2025-11-25,10:02:00.016273075,T,TGT,I,60,85.72
2025-11-25,10:02:00.016338915,T,TGT,I,7,85.73
2025-11-25,10:02:00.017421543,T,TGT,F I,8,85.73
2025-11-25,10:02:00.017425068,T,TGT,F,191,85.73
2025-11-25,10:02:00.017428133,T,TGT,F I,8,85.73
2025-11-25,10:02:00.017428133,T,TGT,F I,16,85.73
2025-11-25,10:02:00.017430657,T,TGT,F I,16,85.73
2025-11-25,10:02:00.017434226,T,TGT,F I,10,85.73
2025-11-25,10:02:00.017434226,T,TGT,F I,24,85.73
2025-11-25,10:02:00.017434226,T,TGT,F I,40,85.73
2025-11-25,10:02:00.017475643,T,TGT,I,16,85.73
2025-11-25,10:02:00.017478669,T,TGT,I,19,85.73
2025-11-25,10:02:00.017505761,T,TGT,,240,85.73
2025-11-25,10:02:00.018840854,T,TGT,I,8,85.73
2025-11-25,10:02:00.018844060,T,TGT,I,16,85.73
2025-11-25,10:02:00.018844060,T,TGT,I,76,85.73
2025-11-25,10:02:00.018870935,T,TGT,I,24,85.73
2025-11-25,10:02:00.018879973,T,TGT,I,24,85.73
2025-11-25,10:02:00.198509917,T,TGT,I,30,85.73
2025-11-25,10:02:00.410280444,T,TGT,F I,5,85.74
2025-11-25,10:02:00.410280444,T,TGT,F I,10,85.74
2025-11-25,10:02:02.412726992,T,TGT,F I,55,85.76
2025-11-25,10:02:02.412726992,T,TGT,F I,8,85.76
2025-11-25,10:02:05.541404586,T,TGT,F,100,85.73
2025-11-25,10:02:05.541407497,T,TGT,F I,6,85.73
2025-11-25,10:02:05.541423381,T,TGT,F I,4,85.73
2025-11-25,10:02:05.541423381,T,TGT,F,100,85.72
2025-11-25,10:02:05.541425598,T,TGT,F I,6,85.72
2025-11-25,10:02:05.541840964,T,TGT,I,75,85.73
2025-11-25,10:02:05.541840964,T,TGT,I,13,85.73
2025-11-25,10:02:05.541891758,T,TGT,I,12,85.73
2025-11-25,10:02:08.889770509,T,TGT,F I,6,85.69
2025-11-25,10:02:09.562454987,T,TGT,F I,50,85.69
2025-11-25,10:02:11.922026221,T,TGT,F,100,85.68
2025-11-25,10:02:11.922029261,T,TGT,F I,5,85.67
2025-11-25,10:02:11.923740361,T,TGT,I,80,85.67
2025-11-25,10:02:11.924774791,T,TGT,F I,15,85.67
2025-11-25,10:02:11.924774791,T,TGT,F I,5,85.67
2025-11-25,10:02:11.952551963,T,TGT,,100,85.67
2025-11-25,10:02:12.842639821,T,TGT,F I,33,85.7
2025-11-25,10:02:12.842639821,T,TGT,F I,2,85.7
2025-11-25,10:02:13.911752501,T,TGT,I,9,85.72
2025-11-25,10:02:14.606269035,T,TGT,I,6,85.72
2025-11-25,10:02:15.753631415,T,TGT,I,4,85.72
2025-11-25,10:02:19.244864647,T,TGT,I,2,85.72
2025-11-25,10:02:19.245877982,T,TGT,I,2,85.72
2025-11-25,10:02:19.660644086,T,TGT,F I,16,85.72
2025-11-25,10:02:20.812944274,T,TGT,I,10,85.715
2025-11-25,10:02:21.232073744,T,TGT,F I,10,85.71
2025-11-25,10:02:21.232073744,T,TGT,F I,90,85.7
