DATE,TIME_M,EX,SYM_ROOT,TR_SCOND,SIZE,PRICE
2025-11-26,9:30:02.713869801,T,TGT,I,1,86.79
2025-11-26,9:30:02.713875797,T,TGT,Q,1,86.79
2025-11-26,9:30:04.746802839,T,TGT,I,1,86.62
2025-11-26,9:30:07.410211969,T,TGT,F,100,86.61
2025-11-26,9:30:15.399589028,T,TGT,I,48,86.71
2025-11-26,9:30:15.399591650,T,TGT,,100,86.71
2025-11-26,9:30:15.399595047,T,TGT,I,1,86.71
2025-11-26,9:30:15.399595047,T,TGT,I,4,86.71
2025-11-26,9:30:15.407235943,T,TGT,I,1,86.76
2025-11-26,9:30:17.345028546,T,TGT,F I,16,86.83
2025-11-26,9:30:17.346141027,T,TGT,,100,86.85
2025-11-26,9:30:17.346144271,T,TGT,,103,86.86
2025-11-26,9:30:17.346144271,T,TGT,I,7,86.86
2025-11-26,9:30:17.346147010,T,TGT,I,93,86.86
2025-11-26,9:30:17.346147010,T,TGT,I,7,86.86
2025-11-26,9:30:18.346904247,T,TGT,I,11,86.97
2025-11-26,9:30:28.293725170,T,TGT,F,279,86.85
2025-11-26,9:30:28.293728110,T,TGT,F I,21,86.85
2025-11-26,9:30:28.294149103,T,TGT,,100,86.85
2025-11-26,9:30:50.037326231,T,TGT,F I,50,86.87
2025-11-26,9:31:01.061030796,T,TGT,I,2,86.89
2025-11-26,9:31:13.654878174,T,TGT,F I,20,86.86
2025-11-26,9:31:13.654878174,T,TGT,F I,20,86.86
2025-11-26,9:31:13.661761206,T,TGT,F I,38,86.82
2025-11-26,9:31:13.661764299,T,TGT,F I,1,86.82
2025-11-26,9:31:13.661764299,T,TGT,F I,38,86.81
2025-11-26,9:31:13.661806400,T,TGT,F I,38,86.8
2025-11-26,9:31:13.672472779,T,TGT,F I,75,86.77
2025-11-26,9:31:13.672478830,T,TGT,F I,25,86.77
2025-11-26,9:31:14.311471170,T,TGT,,100,86.71
2025-11-26,9:31:14.343485386,T,TGT,,100,86.71
2025-11-26,9:31:16.155265843,T,TGT,F I,63,86.71
2025-11-26,9:31:23.586341298,T,TGT,F I,1,86.74
2025-11-26,9:31:25.146148261,T,TGT,F I,63,86.77
2025-11-26,9:31:25.146196328,T,TGT,F I,63,86.77
2025-11-26,9:31:25.146229444,T,TGT,F I,63,86.77
2025-11-26,9:31:25.146457958,T,TGT,,200,86.77
2025-11-26,9:31:25.146671537,T,TGT,,200,86.77
2025-11-26,9:31:25.147092521,T,TGT,F I,81,86.77
2025-11-26,9:31:25.147096534,T,TGT,F,100,86.81
2025-11-26,9:31:25.147096534,T,TGT,F,100,86.82
2025-11-26,9:31:25.147098527,T,TGT,F I,23,86.82
2025-11-26,9:31:25.147110595,T,TGT,F I,77,86.82
2025-11-26,9:31:25.147871364,T,TGT,F I,2,86.83
2025-11-26,9:31:25.147940557,T,TGT,F I,63,86.9
2025-11-26,9:31:25.147961752,T,TGT,F,186,86.9
2025-11-26,9:31:25.147961752,T,TGT,F I,14,86.9
2025-11-26,9:31:25.147967614,T,TGT,F I,16,86.9
2025-11-26,9:31:25.148000630,T,TGT,F,121,86.9
2025-11-26,9:31:25.148000630,T,TGT,F I,5,86.91
2025-11-26,9:31:25.148154098,T,TGT,F I,30,86.91
2025-11-26,9:31:25.148175347,T,TGT,F,165,86.91
2025-11-26,9:31:25.148283418,T,TGT,F,100,86.91
2025-11-26,9:31:25.148532959,T,TGT,F,100,86.91
2025-11-26,9:31:25.148953996,T,TGT,F,100,86.91
2025-11-26,9:31:28.118417259,T,TGT,F I,25,86.98
2025-11-26,9:31:28.119295337,T,TGT,F,136,86.99
2025-11-26,9:31:28.119319459,T,TGT,I,1,86.98
2025-11-26,9:31:28.119319459,T,TGT,I,72,86.98
2025-11-26,9:31:28.119340956,T,TGT,I,27,86.95
2025-11-26,9:31:28.119340956,T,TGT,I,17,86.94
2025-11-26,9:31:28.119343479,T,TGT,I,7,86.94
2025-11-26,9:31:28.119563367,T,TGT,I,27,86.97
2025-11-26,9:31:28.119656269,T,TGT,I,1,86.97
2025-11-26,9:31:28.119708015,T,TGT,I,26,86.98
2025-11-26,9:31:28.119708015,T,TGT,I,27,86.98
2025-11-26,9:31:28.119710767,T,TGT,I,17,86.95
2025-11-26,9:31:28.119713348,T,TGT,I,1,86.95
2025-11-26,9:31:28.120140363,T,TGT,I,27,86.97
2025-11-26,9:31:28.120209851,T,TGT,F I,16,86.99
2025-11-26,9:31:28.120209851,T,TGT,F I,80,86.99
2025-11-26,9:31:28.120213074,T,TGT,F I,1,87.0
2025-11-26,9:31:28.120216469,T,TGT,F I,15,87.0
2025-11-26,9:31:28.120219051,T,TGT,F I,1,87.0
2025-11-26,9:31:28.120219051,T,TGT,F I,1,87.0
2025-11-26,9:31:28.120222533,T,TGT,F I,1,87.0
2025-11-26,9:31:28.120222533,T,TGT,F I,1,87.0
2025-11-26,9:31:28.120225490,T,TGT,F I,4,87.0
2025-11-26,9:31:28.120225490,T,TGT,F,100,87.0
2025-11-26,9:31:28.120228413,T,TGT,F I,38,87.0
2025-11-26,9:31:28.120228413,T,TGT,F,150,87.0
2025-11-26,9:31:28.120230663,T,TGT,F I,12,87.0
2025-11-26,9:31:28.120234269,T,TGT,F I,12,87.0
2025-11-26,9:31:28.120234269,T,TGT,F I,2,87.0
2025-11-26,9:31:28.120234269,T,TGT,F I,1,87.0
2025-11-26,9:31:28.120236810,T,TGT,F I,74,87.0
2025-11-26,9:31:28.120390047,T,TGT,I,19,87.0
2025-11-26,9:31:28.120393049,T,TGT,I,5,87.0
2025-11-26,9:31:28.120405063,T,TGT,,100,86.97
2025-11-26,9:31:28.120429476,T,TGT,F I,33,86.98
2025-11-26,9:31:28.120429476,T,TGT,F I,3,86.98
2025-11-26,9:31:28.120432154,T,TGT,I,1,86.98
2025-11-26,9:31:28.120438351,T,TGT,F I,63,86.98
2025-11-26,9:31:28.120438351,T,TGT,F I,8,86.97
2025-11-26,9:31:28.120495266,T,TGT,,100,87.0
2025-11-26,9:31:29.127146547,T,TGT,F I,63,86.96
2025-11-26,9:31:29.127197675,T,TGT,F I,63,86.96
2025-11-26,9:31:29.127230701,T,TGT,F I,63,86.96
2025-11-26,9:31:36.428177183,T,TGT,F I,16,86.87
2025-11-26,9:31:37.946422184,T,TGT,F I,63,86.925
2025-11-26,9:31:37.946476376,T,TGT,I,63,86.925
2025-11-26,9:31:47.467696370,T,TGT,F I,2,86.94
2025-11-26,9:31:51.377569040,T,TGT,I,2,86.98
2025-11-26,9:31:51.377929866,T,TGT,I,1,86.97
2025-11-26,9:31:57.756275312,T,TGT,F I,57,86.93
2025-11-26,9:32:00.484642302,T,TGT,I,25,87.0
2025-11-26,9:32:01.925789705,T,TGT,I,23,87.0
2025-11-26,9:32:05.061756574,T,TGT,F I,63,87.08
2025-11-26,9:32:05.062057242,T,TGT,,200,87.09
2025-11-26,9:32:05.062108526,T,TGT,,100,87.05
2025-11-26,9:32:05.062132486,T,TGT,I,1,87.07
2025-11-26,9:32:05.062153634,T,TGT,I,74,87.07
2025-11-26,9:32:05.062156545,T,TGT,I,16,87.05
2025-11-26,9:32:05.062168520,T,TGT,,100,87.05
2025-11-26,9:32:05.062228746,T,TGT,,100,87.09
2025-11-26,9:32:05.062291845,T,TGT,F I,1,87.1
2025-11-26,9:32:05.063106755,T,TGT,I,2,87.15
2025-11-26,9:32:05.707043041,T,TGT,F I,17,87.14
2025-11-26,9:32:05.707066954,T,TGT,I,17,87.14
2025-11-26,9:32:05.707084977,T,TGT,F I,63,87.14
2025-11-26,9:32:06.297743072,T,TGT,F I,63,87.07
2025-11-26,9:32:09.596987113,T,TGT,F I,63,87.07
2025-11-26,9:32:09.597026233,T,TGT,I,10,87.07
2025-11-26,9:32:09.597035266,T,TGT,F I,63,87.07
2025-11-26,9:32:09.597071310,T,TGT,F I,63,87.07
2025-11-26,9:32:17.508418008,T,TGT,,100,87.065
2025-11-26,9:32:36.435834508,T,TGT,F I,50,87.02
2025-11-26,9:32:36.436853860,T,TGT,I,9,87.01
2025-11-26,9:32:39.828781666,T,TGT,F I,50,87.02
2025-11-26,9:32:39.828785640,T,TGT,F,100,87.02
2025-11-26,9:32:39.828787612,T,TGT,F,100,87.02
2025-11-26,9:32:39.829124479,T,TGT,F,300,87.02
2025-11-26,9:32:39.829861195,T,TGT,I,42,87.06
2025-11-26,9:32:48.669787131,T,TGT,,100,87.03
2025-11-26,9:32:50.425733338,T,TGT,I,14,87.03
2025-11-26,9:32:50.425739418,T,TGT,I,50,87.06
2025-11-26,9:32:52.497392785,T,TGT,I,10,87.01
2025-11-26,9:32:56.553335577,T,TGT,F,186,87.0
2025-11-26,9:32:56.553338610,T,TGT,F,114,87.0
2025-11-26,9:32:56.553338610,T,TGT,F I,50,87.0
2025-11-26,9:32:56.645060128,T,TGT,F,121,86.995
2025-11-26,9:32:58.857442793,T,TGT,F I,63,87.025
2025-11-26,9:32:58.857494344,T,TGT,F I,37,87.025
2025-11-26,9:33:01.158584965,T,TGT,I,1,86.98
2025-11-26,9:33:04.563804458,T,TGT,I,50,86.98
2025-11-26,9:33:04.568883567,T,TGT,F I,15,86.98
2025-11-26,9:33:04.569469970,T,TGT,F,100,87.02
2025-11-26,9:33:08.352106524,T,TGT,F I,10,87.01
2025-11-26,9:33:08.352109432,T,TGT,F I,50,87.01
2025-11-26,9:33:08.353159022,T,TGT,I,10,87.03
2025-11-26,9:33:15.606465980,T,TGT,F,500,87.0
2025-11-26,9:33:15.609226487,T,TGT,,204,87.03
2025-11-26,9:33:15.609247538,T,TGT,F I,96,87.03
2025-11-26,9:33:17.264246458,T,TGT,F I,25,87.01
2025-11-26,9:33:17.264246458,T,TGT,F I,25,87.01
2025-11-26,9:33:23.374516227,T,TGT,F I,8,86.89
2025-11-26,9:33:23.374516227,T,TGT,F,100,86.89
2025-11-26,9:33:23.375540718,T,TGT,F I,38,86.86
2025-11-26,9:33:24.322151006,T,TGT,F I,25,86.86
2025-11-26,9:33:26.781602223,T,TGT,F I,30,86.84
2025-11-26,9:33:26.781602223,T,TGT,F I,70,86.83
2025-11-26,9:33:26.781620271,T,TGT,I,1,86.83
2025-11-26,9:33:26.781629270,T,TGT,I,29,86.83
2025-11-26,9:33:44.770163505,T,TGT,,100,86.81
2025-11-26,9:33:57.011546934,T,TGT,,100,86.81
2025-11-26,9:34:01.168584535,T,TGT,I,1,86.81
2025-11-26,9:34:06.358101803,T,TGT,F I,63,86.88
2025-11-26,9:34:06.358122998,T,TGT,F I,37,86.88
2025-11-26,9:34:06.358126054,T,TGT,F I,1,86.89
2025-11-26,9:34:06.358129547,T,TGT,F,200,86.89
2025-11-26,9:34:06.358132712,T,TGT,F I,1,86.89
2025-11-26,9:34:06.358132712,T,TGT,F I,63,86.89
2025-11-26,9:34:06.358146981,T,TGT,F I,37,86.89
2025-11-26,9:34:24.409317296,T,TGT,F I,63,86.845
2025-11-26,9:34:27.357977163,T,TGT,I,10,86.84
2025-11-26,9:34:30.363731031,T,TGT,F I,15,86.85
2025-11-26,9:34:30.363731031,T,TGT,F,100,86.85
2025-11-26,9:34:30.363749010,T,TGT,F I,13,86.85
2025-11-26,9:34:30.363782070,T,TGT,I,18,86.81
2025-11-26,9:34:30.363833415,T,TGT,F I,18,86.85
2025-11-26,9:34:30.364145872,T,TGT,I,21,86.83
2025-11-26,9:34:31.174946568,T,TGT,I,1,86.8
2025-11-26,9:34:31.174982741,T,TGT,I,39,86.8
2025-11-26,9:34:31.795658305,T,TGT,F,308,86.84
2025-11-26,9:34:32.761373194,T,TGT,I,30,86.76
2025-11-26,9:34:32.761980446,T,TGT,F I,1,86.76
2025-11-26,9:34:32.762440582,T,TGT,I,31,86.76
2025-11-26,9:34:32.762524706,T,TGT,I,27,86.76
2025-11-26,9:34:32.762563809,T,TGT,I,11,86.76
2025-11-26,9:34:32.763351668,T,TGT,F I,42,86.76
2025-11-26,9:34:32.765032725,T,TGT,F I,24,86.76
2025-11-26,9:34:45.181018019,T,TGT,F I,63,86.8
2025-11-26,9:34:46.175679747,T,TGT,I,1,86.8
2025-11-26,9:34:55.531580918,T,TGT,,100,86.83
2025-11-26,9:34:55.531584223,T,TGT,I,85,86.83
2025-11-26,9:34:55.531587268,T,TGT,I,1,86.83
2025-11-26,9:34:55.531592867,T,TGT,F I,63,86.8
2025-11-26,9:34:55.664753276,T,TGT,I,25,86.83
2025-11-26,9:35:05.521133594,T,TGT,,100,86.815
2025-11-26,9:35:05.521193798,T,TGT,,200,86.815
2025-11-26,9:35:05.521256890,T,TGT,,125,86.815
2025-11-26,9:35:05.521259932,T,TGT,F I,1,86.85
2025-11-26,9:35:05.521265955,T,TGT,F I,64,86.85
2025-11-26,9:35:06.491100427,T,TGT,,100,86.815
2025-11-26,9:35:12.123576206,T,TGT,,100,86.82
2025-11-26,9:35:13.512964147,T,TGT,F I,50,86.85
2025-11-26,9:35:17.938890587,T,TGT,F I,38,86.82
2025-11-26,9:35:18.378131667,T,TGT,,100,86.84
2025-11-26,9:35:18.378197810,T,TGT,,143,86.84
2025-11-26,9:35:20.360863316,T,TGT,F I,25,86.84
2025-11-26,9:35:35.335407196,T,TGT,I,1,86.92
2025-11-26,9:35:49.615558044,T,TGT,I,70,86.99
2025-11-26,9:35:49.615560666,T,TGT,,100,87.0
2025-11-26,9:35:49.615639076,T,TGT,F I,2,87.0
2025-11-26,9:35:49.615644941,T,TGT,F I,1,87.0
2025-11-26,9:35:53.031545789,T,TGT,F,100,87.01
2025-11-26,9:35:53.031548992,T,TGT,F I,50,87.01
2025-11-26,9:35:53.031548992,T,TGT,F I,12,87.01
2025-11-26,9:35:53.031587884,T,TGT,F I,8,87.0
2025-11-26,9:35:53.031595074,T,TGT,F I,3,87.0
2025-11-26,9:35:53.031597788,T,TGT,F I,1,87.0
2025-11-26,9:35:53.031846455,T,TGT,F I,38,87.0
2025-11-26,9:35:53.031849545,T,TGT,F,100,87.0
2025-11-26,9:35:53.032102162,T,TGT,I,38,86.99
2025-11-26,9:35:53.033602670,T,TGT,F I,63,86.96
2025-11-26,9:35:53.033641976,T,TGT,,157,86.96
2025-11-26,9:35:53.033656860,T,TGT,F I,63,86.96
2025-11-26,9:35:58.392098546,T,TGT,F I,63,86.93
2025-11-26,9:35:58.392146631,T,TGT,F I,63,86.93
2025-11-26,9:36:02.759977390,T,TGT,F I,3,86.93
2025-11-26,9:36:04.082061984,T,TGT,I,13,86.93
2025-11-26,9:36:04.082723614,T,TGT,F I,3,86.95
2025-11-26,9:36:04.082774706,T,TGT,,100,86.96
2025-11-26,9:36:04.082777736,T,TGT,,100,86.96
2025-11-26,9:36:04.083093565,T,TGT,,100,86.95
2025-11-26,9:36:04.083097435,T,TGT,,100,86.95
2025-11-26,9:36:04.083097435,T,TGT,I,50,86.95
2025-11-26,9:36:04.083102847,T,TGT,I,31,86.95
2025-11-26,9:36:04.083102847,T,TGT,I,12,86.95
2025-11-26,9:36:04.083102847,T,TGT,F I,25,86.955
2025-11-26,9:36:04.083117603,T,TGT,I,1,86.95
2025-11-26,9:36:04.083156688,T,TGT,I,79,86.95
2025-11-26,9:36:04.083156688,T,TGT,,100,86.94
2025-11-26,9:36:04.085538267,T,TGT,,100,86.97
2025-11-26,9:36:04.085571391,T,TGT,,100,86.98
2025-11-26,9:36:04.086837534,T,TGT,F,100,86.98
2025-11-26,9:36:04.086840424,T,TGT,F I,60,86.98
2025-11-26,9:36:04.149524733,T,TGT,F,100,86.98
2025-11-26,9:36:04.149527722,T,TGT,F I,31,86.98
2025-11-26,9:36:04.252700617,T,TGT,F,100,86.97
2025-11-26,9:36:04.252718621,T,TGT,F I,31,86.97
2025-11-26,9:36:09.270331371,T,TGT,F I,50,86.93
2025-11-26,9:36:09.270331371,T,TGT,F I,30,86.93
2025-11-26,9:36:18.771938707,T,TGT,,200,86.91
2025-11-26,9:36:19.332820140,T,TGT,I,40,86.93
2025-11-26,9:36:19.332849874,T,TGT,F I,60,86.94
2025-11-26,9:36:19.332852954,T,TGT,F,148,86.91
2025-11-26,9:36:19.333084795,T,TGT,F I,52,86.91
2025-11-26,9:36:19.333084795,T,TGT,F,156,86.9
2025-11-26,9:36:19.333105652,T,TGT,I,1,86.9
2025-11-26,9:36:19.333105652,T,TGT,I,26,86.9
2025-11-26,9:36:19.333120557,T,TGT,I,1,86.9
2025-11-26,9:36:19.333145230,T,TGT,I,16,86.9
2025-11-26,9:36:19.333145230,T,TGT,,200,86.9
2025-11-26,9:36:19.333298027,T,TGT,F,100,86.91
2025-11-26,9:36:19.333328046,T,TGT,F,100,86.92
2025-11-26,9:36:19.333331086,T,TGT,F,100,86.92
2025-11-26,9:36:19.333430301,T,TGT,,100,86.92
2025-11-26,9:36:19.333442304,T,TGT,I,52,86.92
2025-11-26,9:36:19.333475362,T,TGT,I,42,86.92
2025-11-26,9:36:19.333505871,T,TGT,I,6,86.92
2025-11-26,9:36:19.333505871,T,TGT,,100,86.92
2025-11-26,9:36:19.333505871,T,TGT,,100,86.92
2025-11-26,9:36:19.335054140,T,TGT,F,100,86.93
2025-11-26,9:36:19.336738168,T,TGT,F,100,86.95
2025-11-26,9:36:19.336798292,T,TGT,F I,11,86.96
2025-11-26,9:36:19.336798292,T,TGT,F I,30,86.96
2025-11-26,9:36:19.336801390,T,TGT,F I,12,86.96
2025-11-26,9:36:19.465640223,T,TGT,F I,63,86.97
2025-11-26,9:36:23.834698170,T,TGT,F I,10,86.93
2025-11-26,9:36:23.834700927,T,TGT,F I,24,86.93
2025-11-26,9:36:23.834703897,T,TGT,F I,30,86.93
2025-11-26,9:36:25.766274587,T,TGT,I,25,86.96
2025-11-26,9:36:35.410208057,T,TGT,I,63,86.965
2025-11-26,9:36:35.413970039,T,TGT,I,2,86.965
2025-11-26,9:36:35.610539666,T,TGT,F I,8,87.0
2025-11-26,9:36:35.610539666,T,TGT,F I,20,87.0
2025-11-26,9:36:35.610539666,T,TGT,F I,12,87.0
2025-11-26,9:36:35.610542392,T,TGT,F I,4,87.0
2025-11-26,9:36:35.612623340,T,TGT,I,1,87.04
2025-11-26,9:36:37.543126567,T,TGT,I,60,87.06
2025-11-26,9:36:38.548024473,T,TGT,F I,28,87.04
2025-11-26,9:36:38.548030501,T,TGT,F I,83,87.03
2025-11-26,9:36:38.548033551,T,TGT,F I,17,87.03
2025-11-26,9:36:38.684255145,T,TGT,F,100,87.02
2025-11-26,9:36:38.684255145,T,TGT,F I,28,87.02
2025-11-26,9:36:38.684276172,T,TGT,I,1,87.02
2025-11-26,9:36:38.684315735,T,TGT,F I,25,87.02
2025-11-26,9:36:38.684561828,T,TGT,F I,54,87.02
2025-11-26,9:36:38.776048843,T,TGT,F I,25,87.05
2025-11-26,9:36:38.776048843,T,TGT,F,100,87.05
2025-11-26,9:36:38.776052323,T,TGT,F,100,87.05
2025-11-26,9:36:38.776052323,T,TGT,F,100,87.06
2025-11-26,9:36:38.776054827,T,TGT,F I,1,87.06
2025-11-26,9:36:44.955792220,T,TGT,I,3,87.06
2025-11-26,9:36:44.955843359,T,TGT,F I,18,87.06
2025-11-26,9:36:44.955843359,T,TGT,F I,16,87.06
2025-11-26,9:36:45.006459887,T,TGT,I,1,87.08
2025-11-26,9:36:45.006486974,T,TGT,F I,63,87.08
2025-11-26,9:36:45.025735998,T,TGT,F,125,87.09
2025-11-26,9:37:30.477083103,T,TGT,F I,60,86.99
2025-11-26,9:37:30.477085364,T,TGT,F I,12,86.98
2025-11-26,9:37:30.477101030,T,TGT,F I,9,86.98
2025-11-26,9:37:30.477101030,T,TGT,F I,50,86.98
2025-11-26,9:37:30.477103429,T,TGT,F I,1,86.98
2025-11-26,9:37:42.410833033,T,TGT,F I,2,87.02
2025-11-26,9:37:42.410884203,T,TGT,F I,1,87.02
2025-11-26,9:37:42.410930216,T,TGT,F I,2,87.04
2025-11-26,9:37:42.410935250,T,TGT,F,100,87.04
2025-11-26,9:37:42.410935250,T,TGT,F I,43,87.04
2025-11-26,9:37:42.410947435,T,TGT,F I,27,87.04
2025-11-26,9:37:42.758843193,T,TGT,F,100,87.06
2025-11-26,9:37:42.758846072,T,TGT,F I,36,87.07
2025-11-26,9:37:42.758852140,T,TGT,I,64,87.07
2025-11-26,9:37:42.758855112,T,TGT,I,36,87.07
2025-11-26,9:37:45.049481514,T,TGT,I,40,87.13
2025-11-26,9:37:45.049502358,T,TGT,F I,14,87.12
2025-11-26,9:37:45.049529408,T,TGT,F I,50,87.12
2025-11-26,9:37:45.049532501,T,TGT,F I,76,87.12
2025-11-26,9:37:45.049541534,T,TGT,F I,50,87.12
2025-11-26,9:37:45.049556486,T,TGT,F I,5,87.12
2025-11-26,9:37:45.049562491,T,TGT,F I,2,87.12
2025-11-26,9:38:07.098327668,T,TGT,,200,87.095
2025-11-26,9:38:11.158191739,T,TGT,I,63,87.095
2025-11-26,9:38:11.158239887,T,TGT,I,37,87.095
2025-11-26,9:38:16.236501107,T,TGT,F I,7,87.09
2025-11-26,9:38:16.236504152,T,TGT,F I,3,87.09
2025-11-26,9:38:16.236510095,T,TGT,F I,90,87.09
2025-11-26,9:38:16.236621415,T,TGT,I,5,87.08
2025-11-26,9:38:27.976993609,T,TGT,,100,87.08
2025-11-26,9:38:27.976996342,T,TGT,I,75,87.08
2025-11-26,9:38:27.976996342,T,TGT,,125,87.07
2025-11-26,9:38:30.943660043,T,TGT,,100,87.08
2025-11-26,9:38:30.943699104,T,TGT,I,92,87.08
2025-11-26,9:38:34.466005428,T,TGT,F I,1,87.06
2025-11-26,9:38:34.987706385,T,TGT,F,130,87.08
2025-11-26,9:38:34.987709316,T,TGT,F I,40,87.08
2025-11-26,9:38:34.987775521,T,TGT,F I,25,87.08
2025-11-26,9:38:35.002597790,T,TGT,F I,63,87.08
2025-11-26,9:38:35.002603818,T,TGT,F I,29,87.08
2025-11-26,9:38:35.014936163,T,TGT,I,22,87.1
2025-11-26,9:38:35.014939183,T,TGT,I,78,87.1
2025-11-26,9:38:35.014957442,T,TGT,F I,22,87.1
2025-11-26,9:38:35.036518675,T,TGT,I,80,87.13
2025-11-26,9:38:39.236859285,T,TGT,F I,50,87.11
2025-11-26,9:38:39.250740356,T,TGT,F,100,87.09
2025-11-26,9:38:41.984926141,T,TGT,F I,2,87.11
2025-11-26,9:38:49.651306460,T,TGT,,100,87.16
2025-11-26,9:38:49.651306460,T,TGT,,589,87.17
2025-11-26,9:38:49.651324239,T,TGT,F,411,87.17
2025-11-26,9:38:50.150711974,T,TGT,F,100,87.22
2025-11-26,9:38:50.150714999,T,TGT,F,100,87.22
2025-11-26,9:38:50.151151121,T,TGT,F I,25,87.22
2025-11-26,9:38:50.151154625,T,TGT,F,127,87.22
2025-11-26,9:38:50.151157037,T,TGT,F I,48,87.23
2025-11-26,9:38:50.152371928,T,TGT,I,52,87.23
2025-11-26,9:38:50.152371928,T,TGT,,100,87.23
2025-11-26,9:38:50.152694088,T,TGT,I,1,87.24
2025-11-26,9:38:50.153942201,T,TGT,F,100,87.22
2025-11-26,9:38:50.158067482,T,TGT,F,100,87.21
2025-11-26,9:38:50.165122383,T,TGT,F,100,87.2
2025-11-26,9:38:51.192775591,T,TGT,F,275,87.2
2025-11-26,9:38:51.192778900,T,TGT,F,176,87.2
2025-11-26,9:38:51.192781637,T,TGT,F I,49,87.2
2025-11-26,9:38:51.192784614,T,TGT,F I,25,87.2
2025-11-26,9:38:51.193007231,T,TGT,I,50,87.21
2025-11-26,9:38:54.695544431,T,TGT,,100,87.225
2025-11-26,9:38:57.352238678,T,TGT,I,10,87.225
2025-11-26,9:39:12.438853684,T,TGT,F,536,87.25
2025-11-26,9:39:12.438857498,T,TGT,F I,1,87.25
2025-11-26,9:39:12.438857498,T,TGT,F,500,87.25
2025-11-26,9:39:16.793272608,T,TGT,I,1,87.29
2025-11-26,9:39:18.057159545,T,TGT,F I,51,87.3
2025-11-26,9:39:18.057159545,T,TGT,F I,15,87.3
2025-11-26,9:39:18.057222740,T,TGT,F,100,87.3
2025-11-26,9:39:19.738492174,T,TGT,,100,87.31
2025-11-26,9:39:19.738507699,T,TGT,F I,21,87.31
2025-11-26,9:39:19.738510151,T,TGT,I,1,87.31
2025-11-26,9:39:21.132219439,T,TGT,I,23,87.32
2025-11-26,9:39:21.132622540,T,TGT,I,21,87.33
2025-11-26,9:39:21.132622540,T,TGT,I,2,87.33
2025-11-26,9:39:21.132703611,T,TGT,F I,16,87.33
2025-11-26,9:39:21.132709659,T,TGT,F I,5,87.33
2025-11-26,9:39:21.132715683,T,TGT,F I,2,87.33
2025-11-26,9:39:21.132724720,T,TGT,F I,36,87.33
2025-11-26,9:39:25.164694323,T,TGT,I,30,87.34
2025-11-26,9:39:25.166327127,T,TGT,I,70,87.345
2025-11-26,9:39:27.869070199,T,TGT,I,29,87.345
2025-11-26,9:39:31.747960115,T,TGT,F I,25,87.31
2025-11-26,9:39:31.747960115,T,TGT,F I,18,87.3
2025-11-26,9:39:40.337768152,T,TGT,I,26,87.31
2025-11-26,9:39:40.337771203,T,TGT,I,12,87.31
2025-11-26,9:39:40.338180152,T,TGT,I,5,87.31
2025-11-26,9:39:44.047123153,T,TGT,I,63,87.345
2025-11-26,9:39:44.225583298,T,TGT,F I,1,87.345
2025-11-26,9:39:44.225766788,T,TGT,F I,1,87.345
2025-11-26,9:39:44.225772799,T,TGT,F I,1,87.345
2025-11-26,9:39:44.225784864,T,TGT,F I,97,87.345
2025-11-26,9:39:44.225787794,T,TGT,F I,1,87.35
2025-11-26,9:39:44.225856926,T,TGT,F I,6,87.35
2025-11-26,9:39:44.233771787,T,TGT,I,1,87.38
2025-11-26,9:39:44.234033411,T,TGT,I,5,87.36
2025-11-26,9:39:44.234033411,T,TGT,I,50,87.36
2025-11-26,9:39:44.234108967,T,TGT,F I,21,87.34
2025-11-26,9:39:44.234111762,T,TGT,F I,42,87.34
2025-11-26,9:39:44.234117676,T,TGT,F,100,87.34
2025-11-26,9:39:44.234153745,T,TGT,I,42,87.33
2025-11-26,9:39:44.234729280,T,TGT,F,100,87.35
2025-11-26,9:39:44.234729280,T,TGT,F I,12,87.35
2025-11-26,9:39:44.234749095,T,TGT,F I,88,87.35
2025-11-26,9:39:44.234815306,T,TGT,I,75,87.35
2025-11-26,9:39:44.234815306,T,TGT,I,40,87.35
2025-11-26,9:39:44.234845420,T,TGT,F I,35,87.35
2025-11-26,9:39:44.234884420,T,TGT,I,75,87.35
2025-11-26,9:39:44.234884420,T,TGT,I,25,87.35
2025-11-26,9:39:44.234887418,T,TGT,I,75,87.35
2025-11-26,9:39:44.234890944,T,TGT,,100,87.35
2025-11-26,9:39:44.234890944,T,TGT,I,75,87.35
2025-11-26,9:39:44.234893701,T,TGT,I,50,87.35
2025-11-26,9:39:44.234896459,T,TGT,I,63,87.35
2025-11-26,9:39:45.538123197,T,TGT,F I,14,87.35
2025-11-26,9:39:45.538123197,T,TGT,F I,42,87.35
2025-11-26,9:39:45.538129478,T,TGT,F I,52,87.35
2025-11-26,9:39:45.538129478,T,TGT,F,100,87.35
2025-11-26,9:39:45.538156316,T,TGT,I,50,87.36
2025-11-26,9:39:45.538180448,T,TGT,I,25,87.34
2025-11-26,9:39:45.538180448,T,TGT,I,75,87.34
2025-11-26,9:39:46.640528566,T,TGT,I,3,87.4
2025-11-26,9:39:46.647646510,T,TGT,F I,7,87.4
2025-11-26,9:39:46.647646510,T,TGT,F I,32,87.4
2025-11-26,9:39:46.995515238,T,TGT,I,15,87.41
2025-11-26,9:39:47.030305182,T,TGT,I,10,87.41
2025-11-26,9:39:48.534206036,T,TGT,F I,15,87.42
2025-11-26,9:39:49.203098584,T,TGT,F I,26,87.47
2025-11-26,9:39:49.597755741,T,TGT,F I,25,87.43
2025-11-26,9:39:55.399489585,T,TGT,F I,20,87.47
2025-11-26,9:39:55.399781330,T,TGT,F I,20,87.47
2025-11-26,9:39:58.163431649,T,TGT,F I,20,87.48
2025-11-26,9:39:58.163479524,T,TGT,I,61,87.49
2025-11-26,9:39:58.163503582,T,TGT,F I,39,87.49
2025-11-26,9:39:58.163506795,T,TGT,F I,12,87.49
2025-11-26,9:39:58.163735064,T,TGT,F I,50,87.48
2025-11-26,9:39:59.275943977,T,TGT,F I,15,87.48
2025-11-26,9:39:59.275943977,T,TGT,F I,50,87.48
2025-11-26,9:40:03.297352348,T,TGT,F,112,87.485
2025-11-26,9:40:03.297929613,T,TGT,F I,12,87.49
2025-11-26,9:40:03.298200221,T,TGT,I,45,87.49
2025-11-26,9:40:03.298221228,T,TGT,F I,55,87.49
2025-11-26,9:40:03.299156451,T,TGT,,100,87.49
2025-11-26,9:40:03.299249831,T,TGT,F I,1,87.5
2025-11-26,9:40:03.299253337,T,TGT,F I,10,87.5
2025-11-26,9:40:03.299255979,T,TGT,F I,15,87.5
2025-11-26,9:40:03.299493644,T,TGT,I,26,87.5
2025-11-26,9:40:03.299496365,T,TGT,,100,87.5
2025-11-26,9:40:03.299496365,T,TGT,I,15,87.5
2025-11-26,9:40:03.300110118,T,TGT,F I,4,87.5
2025-11-26,9:40:03.300110118,T,TGT,F I,1,87.5
2025-11-26,9:40:03.300110118,T,TGT,F I,5,87.5
2025-11-26,9:40:03.300136778,T,TGT,I,1,87.5
2025-11-26,9:40:03.301036351,T,TGT,F I,2,87.5
2025-11-26,9:40:03.301036351,T,TGT,F I,8,87.5
2025-11-26,9:40:03.301038996,T,TGT,F I,4,87.5
2025-11-26,9:40:03.301038996,T,TGT,F I,6,87.5
2025-11-26,9:40:03.525075757,T,TGT,I,1,87.5
2025-11-26,9:40:03.525535754,T,TGT,I,15,87.49
2025-11-26,9:40:03.526041010,T,TGT,F,100,87.48
2025-11-26,9:40:05.237147403,T,TGT,F I,15,87.49
2025-11-26,9:40:05.237153436,T,TGT,F I,1,87.49
2025-11-26,9:40:11.928499624,T,TGT,F I,5,87.52
2025-11-26,9:40:11.928502639,T,TGT,F,100,87.52
2025-11-26,9:40:11.928505639,T,TGT,F I,58,87.52
2025-11-26,9:40:12.006625818,T,TGT,I,75,87.52
2025-11-26,9:40:12.006652803,T,TGT,F I,25,87.52
2025-11-26,9:40:15.336981884,T,TGT,F I,1,87.54
2025-11-26,9:40:15.337005877,T,TGT,I,1,87.54
2025-11-26,9:40:17.449610986,T,TGT,F I,25,87.54
2025-11-26,9:40:17.449610986,T,TGT,F I,15,87.54
2025-11-26,9:40:17.449613936,T,TGT,I,1,87.55
2025-11-26,9:40:18.450259782,T,TGT,,100,87.56
2025-11-26,9:40:26.868566186,T,TGT,F I,25,87.58
2025-11-26,9:40:26.869468326,T,TGT,F I,63,87.59
2025-11-26,9:40:26.869504453,T,TGT,F I,37,87.59
2025-11-26,9:40:31.250590770,T,TGT,I,2,87.56
2025-11-26,9:40:44.257733690,T,TGT,,100,87.555
2025-11-26,9:40:44.441696949,T,TGT,I,60,87.54
2025-11-26,9:40:51.253044328,T,TGT,I,3,87.555
2025-11-26,9:40:53.256624389,T,TGT,F,100,87.59
2025-11-26,9:40:53.256627409,T,TGT,F I,71,87.59
2025-11-26,9:40:53.256630404,T,TGT,F,129,87.59
2025-11-26,9:40:53.256630404,T,TGT,F I,6,87.59
2025-11-26,9:40:53.389673346,T,TGT,I,43,87.625
2025-11-26,9:40:54.797278821,T,TGT,F I,1,87.62
2025-11-26,9:40:55.250834323,T,TGT,F I,35,87.65
2025-11-26,9:40:59.908952718,T,TGT,F,109,87.66
2025-11-26,9:40:59.908967741,T,TGT,I,1,87.66
2025-11-26,9:40:59.908994751,T,TGT,I,39,87.66
2025-11-26,9:40:59.909012827,T,TGT,F I,12,87.66
2025-11-26,9:40:59.909018833,T,TGT,F,122,87.66
2025-11-26,9:40:59.909048923,T,TGT,I,17,87.66
2025-11-26,9:40:59.909051905,T,TGT,I,14,87.66
2025-11-26,9:40:59.909914991,T,TGT,I,34,87.67
2025-11-26,9:40:59.912934782,T,TGT,F I,15,87.65
2025-11-26,9:40:59.912937112,T,TGT,F I,51,87.65
2025-11-26,9:41:02.339502492,T,TGT,F,100,87.62
2025-11-26,9:41:02.339502492,T,TGT,F I,1,87.62
2025-11-26,9:41:09.455947397,T,TGT,F I,50,87.59
2025-11-26,9:41:11.405996914,T,TGT,I,20,87.6
2025-11-26,9:41:13.961163176,T,TGT,I,42,87.6
2025-11-26,9:41:13.961190267,T,TGT,F I,58,87.6
2025-11-26,9:41:19.444868425,T,TGT,F I,2,87.62
2025-11-26,9:41:19.444868425,T,TGT,F I,1,87.62
2025-11-26,9:41:19.444880273,T,TGT,F I,63,87.62
2025-11-26,9:41:19.444886994,T,TGT,F I,34,87.62
2025-11-26,9:41:19.444886994,T,TGT,F I,69,87.62
2025-11-26,9:41:19.444892303,T,TGT,F I,35,87.62
2025-11-26,9:41:19.444895417,T,TGT,F,100,87.63
2025-11-26,9:41:19.444895417,T,TGT,F I,61,87.63
2025-11-26,9:41:19.444907407,T,TGT,I,1,87.63
2025-11-26,9:41:19.444937468,T,TGT,F I,2,87.63
2025-11-26,9:41:19.444946512,T,TGT,F I,1,87.63
2025-11-26,9:41:19.444958558,T,TGT,F I,1,87.63
2025-11-26,9:41:19.444976615,T,TGT,F I,34,87.63
2025-11-26,9:41:19.444976615,T,TGT,F,100,87.63
2025-11-26,9:41:19.444980618,T,TGT,F I,1,87.63
2025-11-26,9:41:19.445815595,T,TGT,I,2,87.63
2025-11-26,9:41:21.256958351,T,TGT,I,2,87.62
2025-11-26,9:41:21.922714487,T,TGT,,100,87.66
2025-11-26,9:41:21.922717425,T,TGT,,100,87.66
2025-11-26,9:41:21.922747446,T,TGT,I,1,87.67
2025-11-26,9:41:21.922804670,T,TGT,I,25,87.66
2025-11-26,9:41:21.922807648,T,TGT,I,8,87.65
2025-11-26,9:41:21.922850516,T,TGT,,127,87.655
2025-11-26,9:41:21.922850516,T,TGT,I,25,87.65
2025-11-26,9:41:21.922853310,T,TGT,,100,87.65
2025-11-26,9:41:21.922855787,T,TGT,I,25,87.65
2025-11-26,9:41:21.922858726,T,TGT,I,75,87.65
2025-11-26,9:41:21.922858726,T,TGT,,127,87.65
2025-11-26,9:41:21.922873772,T,TGT,I,1,87.65
2025-11-26,9:41:21.922879754,T,TGT,I,36,87.65
2025-11-26,9:41:21.922885736,T,TGT,I,64,87.64
2025-11-26,9:41:21.922895416,T,TGT,I,2,87.66
2025-11-26,9:41:21.922898071,T,TGT,I,73,87.66
2025-11-26,9:41:21.923033093,T,TGT,F I,64,87.66
2025-11-26,9:41:21.923036120,T,TGT,F I,33,87.67
2025-11-26,9:41:21.923036120,T,TGT,F I,36,87.67
2025-11-26,9:41:21.923045142,T,TGT,,100,87.65
2025-11-26,9:41:21.923045142,T,TGT,I,2,87.65
2025-11-26,9:41:21.923060751,T,TGT,F I,64,87.67
2025-11-26,9:41:21.923060751,T,TGT,F,100,87.67
2025-11-26,9:41:21.923090687,T,TGT,,100,87.66
2025-11-26,9:41:21.923096338,T,TGT,I,4,87.66
2025-11-26,9:41:21.924873538,T,TGT,I,3,87.67
2025-11-26,9:41:21.924876523,T,TGT,I,19,87.67
2025-11-26,9:41:21.924903641,T,TGT,I,60,87.66
2025-11-26,9:41:21.924903641,T,TGT,I,36,87.66
2025-11-26,9:41:22.120982946,T,TGT,,100,87.67
2025-11-26,9:41:22.120982946,T,TGT,I,39,87.67
2025-11-26,9:41:24.204640760,T,TGT,F I,1,87.675
2025-11-26,9:41:26.629750132,T,TGT,F I,1,87.69
2025-11-26,9:41:26.629807293,T,TGT,,127,87.675
2025-11-26,9:41:26.629810255,T,TGT,I,21,87.675
2025-11-26,9:41:26.630054217,T,TGT,F,100,87.71
2025-11-26,9:41:26.630054217,T,TGT,F I,3,87.71
2025-11-26,9:41:26.630231422,T,TGT,I,34,87.7
2025-11-26,9:41:26.671613458,T,TGT,I,34,87.71
2025-11-26,9:41:26.671616811,T,TGT,I,20,87.71
2025-11-26,9:41:26.671616811,T,TGT,I,34,87.71
2025-11-26,9:41:26.671618793,T,TGT,,100,87.71
2025-11-26,9:41:26.671621841,T,TGT,,100,87.71
2025-11-26,9:41:36.636946349,T,TGT,F I,63,87.7
2025-11-26,9:41:36.636946349,T,TGT,I,37,87.7
2025-11-26,9:41:36.636951813,T,TGT,,878,87.69
2025-11-26,9:41:36.636966903,T,TGT,I,1,87.69
2025-11-26,9:41:36.636972865,T,TGT,I,36,87.69
2025-11-26,9:41:36.636972865,T,TGT,I,36,87.69
2025-11-26,9:41:36.636975941,T,TGT,I,37,87.69
2025-11-26,9:41:36.636975941,T,TGT,F I,34,87.69
2025-11-26,9:41:36.637619408,T,TGT,I,14,87.7
2025-11-26,9:41:45.878018656,T,TGT,F,100,87.67
2025-11-26,9:41:45.878021597,T,TGT,F I,59,87.67
2025-11-26,9:41:45.878039625,T,TGT,F I,1,87.67
2025-11-26,9:41:45.878761378,T,TGT,I,29,87.68
2025-11-26,9:41:45.879050035,T,TGT,F I,63,87.68
2025-11-26,9:41:45.879095162,T,TGT,F I,8,87.68
2025-11-26,9:41:46.096272499,T,TGT,I,63,87.685
2025-11-26,9:41:49.439658636,T,TGT,F I,25,87.7
2025-11-26,9:41:49.439682740,T,TGT,F I,2,87.71
2025-11-26,9:41:49.441487054,T,TGT,F,100,87.74
2025-11-26,9:41:49.441631384,T,TGT,F I,1,87.75
2025-11-26,9:41:49.441652445,T,TGT,F I,3,87.75
2025-11-26,9:41:49.441673534,T,TGT,I,18,87.75
2025-11-26,9:41:49.441790805,T,TGT,,100,87.75
2025-11-26,9:41:49.442801216,T,TGT,F,100,87.75
2025-11-26,9:41:49.442804254,T,TGT,F,100,87.75
2025-11-26,9:41:55.431523590,T,TGT,F,100,87.73
2025-11-26,9:42:01.404331963,T,TGT,F I,1,87.75
2025-11-26,9:42:01.404473299,T,TGT,F I,39,87.75
2025-11-26,9:42:01.404545388,T,TGT,F I,1,87.76
2025-11-26,9:42:06.722757293,T,TGT,F I,2,87.72
2025-11-26,9:42:06.722760374,T,TGT,F I,2,87.72
2025-11-26,9:42:06.722778465,T,TGT,I,2,87.72
2025-11-26,9:42:06.722781450,T,TGT,F,126,87.72
2025-11-26,9:42:06.722976828,T,TGT,F I,2,87.72
2025-11-26,9:42:06.723052116,T,TGT,F I,63,87.72
2025-11-26,9:42:06.723130301,T,TGT,F I,1,87.72
2025-11-26,9:42:06.729541579,T,TGT,,100,87.72
2025-11-26,9:42:06.729562624,T,TGT,,100,87.72
2025-11-26,9:42:19.826712799,T,TGT,I,79,87.75
2025-11-26,9:42:22.208046966,T,TGT,,100,87.73
2025-11-26,9:42:22.208065004,T,TGT,F,100,87.73
2025-11-26,9:42:22.208281521,T,TGT,F I,4,87.72
2025-11-26,9:42:22.487289193,T,TGT,F,100,87.71
2025-11-26,9:42:22.487340383,T,TGT,F,100,87.7
2025-11-26,9:42:22.669246661,T,TGT,I,38,87.69
2025-11-26,9:42:22.669270929,T,TGT,I,38,87.69
2025-11-26,9:42:23.570063790,T,TGT,,200,87.69
2025-11-26,9:42:24.546553113,T,TGT,F I,63,87.69
2025-11-26,9:42:24.705307418,T,TGT,I,99,87.69
2025-11-26,9:42:27.205583919,T,TGT,,100,87.67
2025-11-26,9:42:27.205598951,T,TGT,I,1,87.67
2025-11-26,9:42:27.205604989,T,TGT,F I,24,87.67
2025-11-26,9:42:27.206146258,T,TGT,I,81,87.67
2025-11-26,9:42:27.210702089,T,TGT,,200,87.67
2025-11-26,9:42:38.973871385,T,TGT,F I,57,87.7
2025-11-26,9:42:38.973874335,T,TGT,F,100,87.7
2025-11-26,9:42:38.974172129,T,TGT,F I,3,87.7
2025-11-26,9:42:38.974202193,T,TGT,I,80,87.69
2025-11-26,9:42:38.974202193,T,TGT,I,75,87.69
2025-11-26,9:42:38.974208229,T,TGT,I,17,87.68
2025-11-26,9:42:38.974211185,T,TGT,I,77,87.68
2025-11-26,9:42:38.974223219,T,TGT,I,1,87.69
2025-11-26,9:42:38.974241210,T,TGT,I,21,87.69
2025-11-26,9:42:38.974274348,T,TGT,I,80,87.69
2025-11-26,9:42:38.974274348,T,TGT,I,23,87.68
2025-11-26,9:42:38.974277335,T,TGT,I,32,87.68
2025-11-26,9:42:38.974280315,T,TGT,I,20,87.68
2025-11-26,9:42:38.974439722,T,TGT,,100,87.67
2025-11-26,9:42:38.974587027,T,TGT,,100,87.68
2025-11-26,9:42:38.974722430,T,TGT,I,29,87.67
2025-11-26,9:42:38.975074291,T,TGT,F I,2,87.68
2025-11-26,9:42:38.975135132,T,TGT,,100,87.68
2025-11-26,9:42:38.975140352,T,TGT,I,75,87.68
2025-11-26,9:42:38.975140352,T,TGT,I,50,87.68
2025-11-26,9:42:38.984766332,T,TGT,I,75,87.69
2025-11-26,9:42:39.135179503,T,TGT,F I,25,87.69
2025-11-26,9:42:39.135181837,T,TGT,F,142,87.69
2025-11-26,9:42:39.135184701,T,TGT,F I,83,87.69
2025-11-26,9:42:39.135184701,T,TGT,F I,2,87.69
2025-11-26,9:42:39.135187634,T,TGT,F I,82,87.69
2025-11-26,9:42:39.135196684,T,TGT,F,550,87.69
2025-11-26,9:42:39.973392575,T,TGT,I,36,87.69
2025-11-26,9:42:39.973801494,T,TGT,I,64,87.69
2025-11-26,9:42:41.665027641,T,TGT,I,2,87.69
2025-11-26,9:42:41.713130275,T,TGT,F,100,87.71
2025-11-26,9:42:41.718404827,T,TGT,F I,32,87.72
2025-11-26,9:42:41.718407779,T,TGT,F I,17,87.72
2025-11-26,9:42:41.738191901,T,TGT,I,96,87.72
2025-11-26,9:42:41.738221960,T,TGT,F I,4,87.72
2025-11-26,9:42:49.327453563,T,TGT,F I,14,87.73
2025-11-26,9:42:49.327456294,T,TGT,F I,5,87.73
2025-11-26,9:42:49.327459346,T,TGT,F I,2,87.73
2025-11-26,9:42:49.327475203,T,TGT,F I,18,87.73
2025-11-26,9:42:49.327537539,T,TGT,F,200,87.74
2025-11-26,9:42:49.327540600,T,TGT,F,200,87.74
2025-11-26,9:42:49.329233524,T,TGT,F,100,87.78
2025-11-26,9:42:49.329236607,T,TGT,F,100,87.78
2025-11-26,9:42:58.418859416,T,TGT,F I,1,87.8
2025-11-26,9:43:01.387243211,T,TGT,I,25,87.78
2025-11-26,9:43:01.387279272,T,TGT,,575,87.78
2025-11-26,9:43:01.388031125,T,TGT,F I,1,87.78
2025-11-26,9:43:09.664056636,T,TGT,F I,15,87.75
2025-11-26,9:43:09.664081248,T,TGT,F,100,87.74
2025-11-26,9:43:12.888151570,T,TGT,F,140,87.67
2025-11-26,9:43:12.888169615,T,TGT,I,1,87.67
2025-11-26,9:43:12.891146798,T,TGT,I,3,87.67
2025-11-26,9:43:12.966491106,T,TGT,I,90,87.67
2025-11-26,9:43:12.976796752,T,TGT,F I,38,87.66
2025-11-26,9:43:12.976796752,T,TGT,F I,38,87.66
2025-11-26,9:43:12.976811700,T,TGT,I,50,87.66
2025-11-26,9:43:12.976814727,T,TGT,I,26,87.66
2025-11-26,9:43:12.977386063,T,TGT,F I,11,87.66
2025-11-26,9:43:12.977783361,T,TGT,F I,16,87.68
2025-11-26,9:43:12.977783361,T,TGT,F I,31,87.68
2025-11-26,9:43:12.977789040,T,TGT,F,100,87.68
2025-11-26,9:43:12.977789040,T,TGT,F,100,87.68
2025-11-26,9:43:12.977792072,T,TGT,F,100,87.68
2025-11-26,9:43:12.977930616,T,TGT,F,100,87.69
2025-11-26,9:43:12.978387474,T,TGT,,400,87.69
2025-11-26,9:43:12.978390493,T,TGT,I,13,87.69
2025-11-26,9:43:12.978534795,T,TGT,F,100,87.69
2025-11-26,9:43:12.985704712,T,TGT,F I,31,87.7
2025-11-26,9:43:12.985704712,T,TGT,F I,60,87.7
2025-11-26,9:43:12.986185268,T,TGT,F I,60,87.71
2025-11-26,9:43:12.986185268,T,TGT,F,100,87.71
2025-11-26,9:43:12.986738367,T,TGT,I,10,87.72
2025-11-26,9:43:13.027843299,T,TGT,F I,90,87.72
2025-11-26,9:43:13.027846359,T,TGT,F,100,87.72
2025-11-26,9:43:13.027900499,T,TGT,,100,87.71
2025-11-26,9:43:13.027903427,T,TGT,I,3,87.71
2025-11-26,9:43:13.027921565,T,TGT,I,16,87.72
2025-11-26,9:43:13.027936582,T,TGT,I,14,87.72
2025-11-26,9:43:13.027936582,T,TGT,I,16,87.71
2025-11-26,9:43:13.027939594,T,TGT,I,9,87.71
2025-11-26,9:43:13.713233442,T,TGT,I,30,87.74
2025-11-26,9:43:13.713233442,T,TGT,I,3,87.74
2025-11-26,9:43:13.713236170,T,TGT,I,17,87.74
2025-11-26,9:43:17.426575674,T,TGT,F I,63,87.74
2025-11-26,9:43:35.296230731,T,TGT,F,100,87.72
2025-11-26,9:43:35.296230731,T,TGT,F I,81,87.72
2025-11-26,9:43:35.297126855,T,TGT,F I,55,87.74
2025-11-26,9:43:35.297220162,T,TGT,F,444,87.74
2025-11-26,9:43:35.297241607,T,TGT,I,22,87.74
2025-11-26,9:43:35.297244396,T,TGT,F,178,87.74
2025-11-26,9:43:35.297247243,T,TGT,F I,60,87.74
2025-11-26,9:43:38.017708768,T,TGT,I,37,87.74
2025-11-26,9:43:38.017708768,T,TGT,I,53,87.74
2025-11-26,9:43:38.960625701,T,TGT,I,55,87.77
2025-11-26,9:43:49.373635385,T,TGT,F I,2,87.785
2025-11-26,9:43:49.373635385,T,TGT,F I,23,87.79
2025-11-26,9:43:51.279744433,T,TGT,I,3,87.795
2025-11-26,9:44:03.098537141,T,TGT,I,2,87.805
2025-11-26,9:44:03.158545083,T,TGT,I,43,87.79
2025-11-26,9:44:03.158545083,T,TGT,I,6,87.79
2025-11-26,9:44:28.722423820,T,TGT,F,200,87.83
2025-11-26,9:44:28.722423820,T,TGT,F I,18,87.83
2025-11-26,9:44:28.722426516,T,TGT,F I,8,87.83
2025-11-26,9:44:28.722429355,T,TGT,F,159,87.83
2025-11-26,9:44:28.722438653,T,TGT,F,133,87.83
2025-11-26,9:44:30.735858235,T,TGT,,100,87.855
2025-11-26,9:44:30.736727368,T,TGT,,100,87.855
2025-11-26,9:44:30.737578302,T,TGT,I,63,87.855
2025-11-26,9:44:30.741881554,T,TGT,F I,20,87.84
2025-11-26,9:44:30.741893638,T,TGT,F I,20,87.84
2025-11-26,9:44:30.775056598,T,TGT,F I,53,87.81
2025-11-26,9:44:30.775056598,T,TGT,F I,38,87.81
2025-11-26,9:44:34.347910275,T,TGT,,100,87.77
2025-11-26,9:44:34.361631995,T,TGT,,100,87.78
2025-11-26,9:44:34.361643944,T,TGT,I,80,87.78
2025-11-26,9:44:36.866109584,T,TGT,,100,87.77
2025-11-26,9:44:40.850584013,T,TGT,,100,87.72
2025-11-26,9:44:40.850602053,T,TGT,I,1,87.72
2025-11-26,9:44:40.861193923,T,TGT,F I,19,87.74
2025-11-26,9:44:40.861196986,T,TGT,F,100,87.74
2025-11-26,9:44:40.861196986,T,TGT,F,100,87.74
2025-11-26,9:44:40.861199444,T,TGT,F I,25,87.74
2025-11-26,9:44:40.861202372,T,TGT,F I,30,87.74
2025-11-26,9:44:40.861277606,T,TGT,I,75,87.73
2025-11-26,9:44:40.861277606,T,TGT,,100,87.72
2025-11-26,9:44:40.861280627,T,TGT,,100,87.72
2025-11-26,9:44:40.861283593,T,TGT,I,44,87.72
2025-11-26,9:44:40.861319669,T,TGT,I,56,87.72
2025-11-26,9:44:40.861319669,T,TGT,I,8,87.72
2025-11-26,9:44:40.861374635,T,TGT,F I,25,87.74
2025-11-26,9:44:40.861376720,T,TGT,I,5,87.74
2025-11-26,9:44:40.861379828,T,TGT,I,25,87.74
2025-11-26,9:44:40.861379828,T,TGT,F I,25,87.74
2025-11-26,9:44:40.861388834,T,TGT,F I,50,87.74
2025-11-26,9:44:40.861391783,T,TGT,,100,87.74
2025-11-26,9:44:40.862044906,T,TGT,F I,60,87.75
2025-11-26,9:44:40.862047328,T,TGT,F,100,87.75
2025-11-26,9:44:41.286562739,T,TGT,I,2,87.75
2025-11-26,9:44:42.337181642,T,TGT,F,100,87.76
2025-11-26,9:44:42.337226718,T,TGT,I,48,87.77
2025-11-26,9:44:42.337244775,T,TGT,F I,52,87.77
2025-11-26,9:44:50.001782052,T,TGT,F,100,87.76
2025-11-26,9:44:50.001784741,T,TGT,F I,11,87.76
2025-11-26,9:45:00.089254435,T,TGT,F I,50,87.74
2025-11-26,9:45:00.089254435,T,TGT,F I,40,87.74
2025-11-26,9:45:00.089256931,T,TGT,F,100,87.74
2025-11-26,9:45:00.658200259,T,TGT,F,100,87.76
2025-11-26,9:45:00.658203321,T,TGT,F,105,87.76
2025-11-26,9:45:01.231311728,T,TGT,F,100,87.78
2025-11-26,9:45:01.231314613,T,TGT,F,100,87.78
2025-11-26,9:45:01.231519188,T,TGT,I,17,87.78
2025-11-26,9:45:01.231522099,T,TGT,I,13,87.77
2025-11-26,9:45:06.076577855,T,TGT,,100,87.8
2025-11-26,9:45:07.612598229,T,TGT,,100,87.8
2025-11-26,9:45:08.416530522,T,TGT,F I,1,87.81
2025-11-26,9:45:08.416530522,T,TGT,F I,80,87.81
2025-11-26,9:45:14.103586262,T,TGT,F,100,87.83
2025-11-26,9:45:14.103586262,T,TGT,F I,40,87.83
2025-11-26,9:45:14.103592344,T,TGT,F,100,87.83
2025-11-26,9:45:14.125264728,T,TGT,F I,62,87.88
2025-11-26,9:45:14.125267747,T,TGT,F,100,87.88
2025-11-26,9:45:14.997113831,T,TGT,F,1900,87.89
2025-11-26,9:45:16.109235311,T,TGT,I,63,87.895
2025-11-26,9:45:18.509063584,T,TGT,F I,32,87.93
2025-11-26,9:45:21.122181033,T,TGT,I,2,87.97
2025-11-26,9:45:21.122187013,T,TGT,,100,87.97
2025-11-26,9:45:21.122187013,T,TGT,I,37,87.97
2025-11-26,9:45:21.122202214,T,TGT,I,1,87.97
2025-11-26,9:45:21.122223065,T,TGT,F I,62,87.97
2025-11-26,9:45:21.122259146,T,TGT,I,50,87.97
2025-11-26,9:45:21.122262185,T,TGT,I,18,87.97
2025-11-26,9:45:21.122265147,T,TGT,F I,24,87.95
2025-11-26,9:45:21.122268125,T,TGT,F I,53,87.94
2025-11-26,9:45:21.122268125,T,TGT,F I,17,87.94
2025-11-26,9:45:21.122286271,T,TGT,I,34,87.96
2025-11-26,9:45:21.122292340,T,TGT,F I,17,87.95
2025-11-26,9:45:21.122292340,T,TGT,I,53,87.96
2025-11-26,9:45:21.122559898,T,TGT,,100,87.93
2025-11-26,9:45:21.122601970,T,TGT,I,56,87.94
2025-11-26,9:45:21.122668172,T,TGT,I,48,87.92
2025-11-26,9:45:21.123179298,T,TGT,I,1,87.93
2025-11-26,9:45:21.123365824,T,TGT,,100,87.92
2025-11-26,9:45:21.123369063,T,TGT,I,24,87.92
2025-11-26,9:45:21.123425917,T,TGT,I,24,87.91
2025-11-26,9:45:21.124619794,T,TGT,F I,11,87.9
2025-11-26,9:45:21.124619794,T,TGT,F I,15,87.9
2025-11-26,9:45:21.124623422,T,TGT,F I,53,87.9
2025-11-26,9:45:21.124623422,T,TGT,F I,46,87.9
2025-11-26,9:45:21.124629075,T,TGT,F,100,87.9
2025-11-26,9:45:21.124629075,T,TGT,F I,4,87.9
2025-11-26,9:45:21.124631860,T,TGT,F I,3,87.9
2025-11-26,9:45:21.124631860,T,TGT,F I,65,87.9
2025-11-26,9:45:21.124649953,T,TGT,I,35,87.9
2025-11-26,9:45:21.124839246,T,TGT,F I,60,87.905
2025-11-26,9:45:21.124842333,T,TGT,I,15,87.905
2025-11-26,9:45:21.124842333,T,TGT,I,3,87.91
2025-11-26,9:45:24.374465263,T,TGT,F I,65,87.89
2025-11-26,9:45:24.374468190,T,TGT,F I,35,87.89
2025-11-26,9:45:24.374468190,T,TGT,F I,33,87.89
2025-11-26,9:45:25.622206668,T,TGT,I,3,87.9
2025-11-26,9:45:25.622209723,T,TGT,I,61,87.9
2025-11-26,9:45:25.622212621,T,TGT,I,48,87.9
2025-11-26,9:45:25.622215868,T,TGT,,100,87.9
2025-11-26,9:45:25.622215868,T,TGT,I,2,87.9
2025-11-26,9:45:25.622218675,T,TGT,I,6,87.9
2025-11-26,9:45:25.622227682,T,TGT,F I,51,87.9
2025-11-26,9:45:25.622248728,T,TGT,I,11,87.9
2025-11-26,9:45:25.622269839,T,TGT,F I,41,87.9
2025-11-26,9:45:25.763997507,T,TGT,,100,87.91
2025-11-26,9:45:25.763997507,T,TGT,I,3,87.91
2025-11-26,9:45:27.764663817,T,TGT,I,75,87.905
2025-11-26,9:45:27.764949505,T,TGT,I,1,87.905
2025-11-26,9:45:28.301403513,T,TGT,F I,63,87.905
2025-11-26,9:45:28.301436539,T,TGT,I,37,87.905
2025-11-26,9:45:33.086809044,T,TGT,F,100,87.93
2025-11-26,9:45:33.086812055,T,TGT,F I,1,87.93
2025-11-26,9:45:33.086815072,T,TGT,F,100,87.93
2025-11-26,9:45:36.948618523,T,TGT,F I,41,87.91
2025-11-26,9:45:36.948618523,T,TGT,F I,13,87.91
2025-11-26,9:45:36.948636296,T,TGT,F I,46,87.91
2025-11-26,9:45:36.948639273,T,TGT,F I,5,87.91
2025-11-26,9:45:36.948642320,T,TGT,F I,1,87.91
2025-11-26,9:45:36.948648318,T,TGT,F I,74,87.91
2025-11-26,9:45:39.151293735,T,TGT,I,6,87.92
2025-11-26,9:45:40.046436364,T,TGT,F I,97,87.94
2025-11-26,9:45:40.046460903,T,TGT,F I,3,87.94
2025-11-26,9:45:40.046463705,T,TGT,F,100,87.94
2025-11-26,9:45:40.046463705,T,TGT,F I,42,87.94
2025-11-26,9:45:40.046466764,T,TGT,F I,1,87.94
2025-11-26,9:45:40.057671575,T,TGT,I,52,87.94
2025-11-26,9:45:40.057674209,T,TGT,,100,87.94
2025-11-26,9:45:41.103659037,T,TGT,I,30,87.95
2025-11-26,9:45:47.244273106,T,TGT,F I,2,87.94
2025-11-26,9:45:47.244276140,T,TGT,F,100,87.94
2025-11-26,9:45:47.245097049,T,TGT,I,18,87.94
2025-11-26,9:45:47.245121153,T,TGT,F I,82,87.94
2025-11-26,9:45:47.245121153,T,TGT,F,100,87.94
2025-11-26,9:45:47.245133128,T,TGT,I,48,87.94
2025-11-26,9:45:47.245142299,T,TGT,I,1,87.94
2025-11-26,9:45:47.325132948,T,TGT,I,75,87.94
2025-11-26,9:45:47.325132948,T,TGT,I,30,87.94
2025-11-26,9:45:49.189085035,T,TGT,F I,19,87.96
2025-11-26,9:45:49.189094037,T,TGT,F I,1,87.96
2025-11-26,9:45:49.189096645,T,TGT,F,100,87.96
2025-11-26,9:45:54.079085201,T,TGT,F,100,87.93
2025-11-26,9:45:54.079085201,T,TGT,F,100,87.93
2025-11-26,9:45:54.079103537,T,TGT,I,1,87.93
2025-11-26,9:45:54.079106139,T,TGT,I,16,87.93
2025-11-26,9:45:54.079112173,T,TGT,F I,53,87.93
2025-11-26,9:45:54.080143627,T,TGT,F I,14,87.92
2025-11-26,9:45:58.714237830,T,TGT,F I,20,87.94
2025-11-26,9:45:58.714255782,T,TGT,F I,80,87.94
2025-11-26,9:46:02.419764777,T,TGT,I,1,87.955
2025-11-26,9:46:04.768943386,T,TGT,F I,31,87.97
2025-11-26,9:46:04.769208009,T,TGT,F I,25,87.98
2025-11-26,9:46:04.769210966,T,TGT,F,100,87.98
2025-11-26,9:46:04.778133614,T,TGT,F,152,87.99
2025-11-26,9:46:04.778136500,T,TGT,F,348,87.99
2025-11-26,9:46:04.778139231,T,TGT,F I,10,87.99
2025-11-26,9:46:04.778142272,T,TGT,F,164,87.99
2025-11-26,9:46:04.778151255,T,TGT,I,1,87.99
2025-11-26,9:46:04.778154258,T,TGT,F I,28,87.99
2025-11-26,9:46:04.778163471,T,TGT,F I,9,87.99
2025-11-26,9:46:04.778163471,T,TGT,F I,3,87.99
2025-11-26,9:46:04.778167040,T,TGT,F I,1,87.99
2025-11-26,9:46:04.778170228,T,TGT,F I,1,87.99
2025-11-26,9:46:04.778172675,T,TGT,I,4,87.98
2025-11-26,9:46:04.778176021,T,TGT,I,75,87.975
2025-11-26,9:46:04.778176021,T,TGT,I,18,87.97
2025-11-26,9:46:04.778178324,T,TGT,I,40,87.97
2025-11-26,9:46:04.778182302,T,TGT,I,24,87.96
2025-11-26,9:46:04.778185668,T,TGT,I,18,87.96
2025-11-26,9:46:04.778185668,T,TGT,I,38,87.96
2025-11-26,9:46:04.778187628,T,TGT,I,72,87.99
2025-11-26,9:46:04.778193452,T,TGT,F I,21,87.99
2025-11-26,9:46:04.778232507,T,TGT,I,1,87.98
2025-11-26,9:46:04.778419390,T,TGT,,100,87.97
2025-11-26,9:46:04.778419390,T,TGT,I,35,87.97
2025-11-26,9:46:04.778666482,T,TGT,I,4,87.97
2025-11-26,9:46:04.778668665,T,TGT,I,8,87.97
2025-11-26,9:46:04.778852063,T,TGT,I,4,87.97
2025-11-26,9:46:04.778852063,T,TGT,I,26,87.97
2025-11-26,9:46:04.779098606,T,TGT,I,70,87.98
2025-11-26,9:46:04.779102538,T,TGT,I,3,87.99
2025-11-26,9:46:04.779104715,T,TGT,I,35,87.99
2025-11-26,9:46:04.779108002,T,TGT,I,10,87.99
2025-11-26,9:46:04.779146664,T,TGT,,100,87.98
2025-11-26,9:46:04.779675952,T,TGT,,100,87.99
2025-11-26,9:46:04.779679218,T,TGT,I,10,87.98
2025-11-26,9:46:04.789690360,T,TGT,F I,24,87.99
2025-11-26,9:46:04.789693373,T,TGT,F,100,87.99
2025-11-26,9:46:04.789693373,T,TGT,F I,80,87.99
2025-11-26,9:46:04.790285256,T,TGT,F I,1,88.0
2025-11-26,9:46:04.790285256,T,TGT,F,100,88.0
2025-11-26,9:46:04.790289094,T,TGT,F I,1,88.0
2025-11-26,9:46:04.790289094,T,TGT,F I,1,88.0
2025-11-26,9:46:04.790291481,T,TGT,F I,3,88.0
2025-11-26,9:46:04.790294262,T,TGT,F I,10,88.0
2025-11-26,9:46:04.790294262,T,TGT,F I,10,88.0
2025-11-26,9:46:04.790297779,T,TGT,F I,1,88.0
2025-11-26,9:46:04.790297779,T,TGT,F I,20,88.0
2025-11-26,9:46:04.790300947,T,TGT,F I,30,88.0
2025-11-26,9:46:04.790303901,T,TGT,F I,5,88.0
2025-11-26,9:46:04.790303901,T,TGT,F,200,88.0
2025-11-26,9:46:04.790306527,T,TGT,F I,1,88.0
2025-11-26,9:46:04.790306527,T,TGT,F I,60,88.0
2025-11-26,9:46:04.790309533,T,TGT,F I,50,88.0
2025-11-26,9:46:04.790309533,T,TGT,F,211,88.0
2025-11-26,9:46:04.790312349,T,TGT,I,72,88.0
2025-11-26,9:46:04.790369418,T,TGT,F,125,88.0
2025-11-26,9:46:04.790390828,T,TGT,F I,92,88.0
2025-11-26,9:46:04.790393484,T,TGT,F I,64,88.0
2025-11-26,9:46:04.790399502,T,TGT,I,1,88.0
2025-11-26,9:46:04.790414581,T,TGT,I,35,88.0
2025-11-26,9:46:04.790417511,T,TGT,I,3,88.0
2025-11-26,9:46:04.791115204,T,TGT,F I,1,88.0
2025-11-26,9:46:04.791157554,T,TGT,,100,87.99
2025-11-26,9:46:04.791157554,T,TGT,I,1,87.99
2025-11-26,9:46:04.791175381,T,TGT,I,1,87.99
2025-11-26,9:46:04.791181436,T,TGT,I,12,88.0
2025-11-26,9:46:04.791181436,T,TGT,I,30,88.0
2025-11-26,9:46:04.791181436,T,TGT,,100,88.0
2025-11-26,9:46:04.791214394,T,TGT,I,99,88.0
2025-11-26,9:46:04.815325909,T,TGT,F I,25,88.0
2025-11-26,9:46:04.815776986,T,TGT,I,57,87.98
2025-11-26,9:46:04.816059952,T,TGT,I,57,87.97
2025-11-26,9:46:05.264289767,T,TGT,I,57,87.98
2025-11-26,9:46:05.264289767,T,TGT,I,40,87.98
2025-11-26,9:46:05.264292467,T,TGT,I,2,87.98
2025-11-26,9:46:05.264310452,T,TGT,I,98,87.98
2025-11-26,9:46:05.264344036,T,TGT,,100,87.98
2025-11-26,9:46:05.264346611,T,TGT,,100,87.98
2025-11-26,9:46:05.264346611,T,TGT,I,2,87.98
2025-11-26,9:46:05.264349573,T,TGT,,100,87.98
2025-11-26,9:46:05.264833789,T,TGT,,100,87.97
2025-11-26,9:46:06.110138524,T,TGT,,100,87.97
2025-11-26,9:46:07.987442020,T,TGT,I,37,87.99
2025-11-26,9:46:07.987442020,T,TGT,I,5,87.99
2025-11-26,9:46:07.987457020,T,TGT,F I,1,87.99
2025-11-26,9:46:07.987523204,T,TGT,I,94,87.99
2025-11-26,9:46:07.987523204,T,TGT,I,6,87.99
2025-11-26,9:46:07.987541217,T,TGT,I,1,87.99
2025-11-26,9:46:07.988440350,T,TGT,F I,93,87.99
2025-11-26,9:46:07.988443354,T,TGT,F I,67,87.99
2025-11-26,9:46:07.988572729,T,TGT,I,80,87.99
2025-11-26,9:46:08.265135571,T,TGT,,100,87.985
2025-11-26,9:46:08.265162618,T,TGT,I,4,87.98
2025-11-26,9:46:08.265165597,T,TGT,I,22,87.98
2025-11-26,9:46:11.422492500,T,TGT,F I,38,87.96
2025-11-26,9:46:11.422495544,T,TGT,F I,45,87.96
2025-11-26,9:46:11.422495544,T,TGT,F I,38,87.96
2025-11-26,9:46:11.422510570,T,TGT,I,17,87.96
2025-11-26,9:46:13.654674907,T,TGT,F,100,87.95
2025-11-26,9:46:13.655979535,T,TGT,I,1,87.94
2025-11-26,9:46:15.071262262,T,TGT,F I,4,87.96
2025-11-26,9:46:15.071262262,T,TGT,F I,22,87.96
2025-11-26,9:46:15.071265597,T,TGT,F I,10,87.96
2025-11-26,9:46:15.071265597,T,TGT,F,100,87.96
2025-11-26,9:46:15.071268253,T,TGT,F I,3,87.96
2025-11-26,9:46:24.594713682,T,TGT,F I,5,88.01
2025-11-26,9:46:42.198430219,T,TGT,I,63,87.975
2025-11-26,9:46:42.198475275,T,TGT,I,37,87.975
2025-11-26,9:46:46.746032240,T,TGT,F,100,88.0
2025-11-26,9:46:46.746035202,T,TGT,F I,62,88.0
2025-11-26,9:46:46.746035202,T,TGT,F I,1,88.0
2025-11-26,9:46:46.746038518,T,TGT,F I,18,88.0
2025-11-26,9:46:46.746041258,T,TGT,F I,13,88.0
2025-11-26,9:46:46.746047322,T,TGT,F I,85,88.0
2025-11-26,9:46:46.746101388,T,TGT,I,13,87.98
2025-11-26,9:46:46.746117090,T,TGT,I,19,87.98
2025-11-26,9:46:46.746161595,T,TGT,F I,13,88.0
2025-11-26,9:46:46.746191569,T,TGT,I,14,88.0
2025-11-26,9:46:46.746191569,T,TGT,I,65,88.0
2025-11-26,9:46:46.746281768,T,TGT,F I,35,88.0
2025-11-26,9:46:46.746284818,T,TGT,F I,28,88.0
2025-11-26,9:46:46.746284818,T,TGT,F I,19,88.0
2025-11-26,9:46:46.746348014,T,TGT,I,22,87.99
2025-11-26,9:46:46.746594528,T,TGT,F,100,88.0
2025-11-26,9:46:46.746597583,T,TGT,F I,10,88.0
2025-11-26,9:46:46.746618572,T,TGT,,100,88.0
2025-11-26,9:46:46.746711849,T,TGT,I,19,87.99
2025-11-26,9:46:46.746714891,T,TGT,I,29,87.99
2025-11-26,9:46:46.746754005,T,TGT,I,3,87.99
2025-11-26,9:46:46.746754005,T,TGT,I,50,87.99
2025-11-26,9:46:46.746805075,T,TGT,F,100,87.99
2025-11-26,9:46:46.747833483,T,TGT,I,1,88.0
2025-11-26,9:46:46.748816839,T,TGT,F I,1,88.01
2025-11-26,9:46:46.750603117,T,TGT,F I,4,88.0
2025-11-26,9:46:46.750606589,T,TGT,F I,22,88.0
2025-11-26,9:46:46.750606589,T,TGT,F I,2,88.0
2025-11-26,9:46:46.750609188,T,TGT,F,100,88.0
2025-11-26,9:46:46.751006655,T,TGT,F I,64,88.01
2025-11-26,9:46:46.751009604,T,TGT,F I,36,88.01
2025-11-26,9:46:46.751012294,T,TGT,F I,4,88.01
2025-11-26,9:46:46.751012294,T,TGT,F I,2,88.01
2025-11-26,9:46:46.751015505,T,TGT,F I,14,88.01
2025-11-26,9:46:46.751018265,T,TGT,F I,6,88.01
2025-11-26,9:46:46.751018265,T,TGT,F I,2,88.01
2025-11-26,9:46:46.757651934,T,TGT,F I,1,88.02
2025-11-26,9:46:46.757654888,T,TGT,F I,20,88.02
2025-11-26,9:46:47.831203459,T,TGT,I,14,88.04
2025-11-26,9:46:47.831501416,T,TGT,F I,40,88.04
2025-11-26,9:46:47.831504253,T,TGT,F,100,88.04
2025-11-26,9:46:47.831540298,T,TGT,,100,88.03
2025-11-26,9:46:47.831681631,T,TGT,,100,88.04
2025-11-26,9:46:47.831702934,T,TGT,I,1,88.04
2025-11-26,9:46:47.831816967,T,TGT,I,99,88.04
2025-11-26,9:46:47.831837993,T,TGT,F I,1,88.04
2025-11-26,9:46:47.831856079,T,TGT,I,41,88.05
2025-11-26,9:46:48.261627961,T,TGT,F,100,88.04
2025-11-26,9:46:48.261630875,T,TGT,F,100,88.04
2025-11-26,9:46:49.833666085,T,TGT,I,1,88.05
2025-11-26,9:46:49.833668041,T,TGT,I,33,88.065
2025-11-26,9:46:49.834083115,T,TGT,I,80,88.06
2025-11-26,9:46:49.834197593,T,TGT,F I,4,88.04
2025-11-26,9:46:49.834197593,T,TGT,F I,22,88.04
2025-11-26,9:46:49.834203318,T,TGT,F I,28,88.04
2025-11-26,9:46:49.834203318,T,TGT,F,100,88.04
2025-11-26,9:46:49.834245424,T,TGT,I,1,88.04
2025-11-26,9:46:49.834380756,T,TGT,F,100,88.04
2025-11-26,9:46:49.834390300,T,TGT,I,99,88.04
2025-11-26,9:46:49.834510096,T,TGT,I,4,88.04
2025-11-26,9:46:49.834513214,T,TGT,I,4,88.04
2025-11-26,9:46:49.834516057,T,TGT,I,61,88.04
2025-11-26,9:46:49.835406241,T,TGT,F I,22,88.05
2025-11-26,9:46:50.543497182,T,TGT,F I,12,88.05
2025-11-26,9:46:50.543518248,T,TGT,F I,88,88.05
2025-11-26,9:46:50.543518248,T,TGT,F I,6,88.05
2025-11-26,9:46:50.543521181,T,TGT,F,100,88.05
2025-11-26,9:46:50.543830937,T,TGT,,100,88.05
2025-11-26,9:47:06.108584898,T,TGT,I,2,88.03
2025-11-26,9:47:12.865565528,T,TGT,I,63,88.025
2025-11-26,9:47:12.865613613,T,TGT,I,37,88.025
2025-11-26,9:47:13.716563158,T,TGT,I,78,88.04
2025-11-26,9:47:13.716580932,T,TGT,F I,22,88.04
2025-11-26,9:47:13.718304211,T,TGT,F,100,88.05
2025-11-26,9:47:13.718304211,T,TGT,F I,10,88.05
2025-11-26,9:47:13.828998008,T,TGT,F I,29,88.08
2025-11-26,9:47:13.828998008,T,TGT,F I,1,88.08
2025-11-26,9:47:14.850751185,T,TGT,F I,60,88.1
2025-11-26,9:47:14.850754308,T,TGT,F I,29,88.1
2025-11-26,9:47:14.850754308,T,TGT,F I,10,88.1
2025-11-26,9:47:18.456608394,T,TGT,I,20,88.14
2025-11-26,9:47:18.457110639,T,TGT,I,72,88.14
2025-11-26,9:47:23.091339918,T,TGT,I,63,88.125
2025-11-26,9:47:23.091391036,T,TGT,I,37,88.125
2025-11-26,9:47:24.403386812,T,TGT,F I,23,88.125
2025-11-26,9:47:25.093185160,T,TGT,I,79,88.1
2025-11-26,9:47:25.093191194,T,TGT,F I,21,88.1
2025-11-26,9:47:31.315145955,T,TGT,I,3,88.12
2025-11-26,9:47:32.304364743,T,TGT,F I,19,88.15
2025-11-26,9:47:32.304364743,T,TGT,F I,1,88.16
2025-11-26,9:47:32.304367660,T,TGT,F I,5,88.17
2025-11-26,9:47:56.327594520,T,TGT,F I,40,88.14
2025-11-26,9:48:01.367559506,T,TGT,I,76,88.14
2025-11-26,9:48:01.367830112,T,TGT,F I,2,88.15
2025-11-26,9:48:01.367836416,T,TGT,F,100,88.15
2025-11-26,9:48:01.506854292,T,TGT,F I,25,88.13
2025-11-26,9:48:02.045659978,T,TGT,F I,1,88.12
2025-11-26,9:48:02.045669022,T,TGT,F,100,88.12
2025-11-26,9:48:02.054777679,T,TGT,I,80,88.13
2025-11-26,9:48:02.054801784,T,TGT,F I,20,88.135
2025-11-26,9:48:03.574264701,T,TGT,F I,63,88.12
2025-11-26,9:48:03.574309771,T,TGT,F I,37,88.12
2025-11-26,9:48:03.574351852,T,TGT,,100,88.11
2025-11-26,9:48:04.808901075,T,TGT,F,100,88.13
2025-11-26,9:48:05.111674316,T,TGT,F,141,88.13
2025-11-26,9:48:05.111686880,T,TGT,F I,80,88.13
2025-11-26,9:48:13.114021268,T,TGT,F I,10,88.15
2025-11-26,9:48:13.114021268,T,TGT,F I,20,88.15
2025-11-26,9:48:13.114703906,T,TGT,F I,4,88.14
2025-11-26,9:48:19.322958534,T,TGT,F I,4,88.15
2025-11-26,9:48:23.112033239,T,TGT,F I,33,88.19
2025-11-26,9:48:23.112057405,T,TGT,F I,25,88.2
2025-11-26,9:48:23.112060862,T,TGT,F,200,88.2
2025-11-26,9:48:23.112060862,T,TGT,F I,1,88.2
2025-11-26,9:48:23.112063369,T,TGT,F I,22,88.2
2025-11-26,9:48:23.112773073,T,TGT,F I,4,88.22
2025-11-26,9:48:23.112794065,T,TGT,F,296,88.22
2025-11-26,9:48:23.112809170,T,TGT,I,3,88.21
2025-11-26,9:48:23.112905411,T,TGT,I,60,88.21
2025-11-26,9:48:23.112905411,T,TGT,I,34,88.21
2025-11-26,9:48:23.112929657,T,TGT,I,3,88.22
2025-11-26,9:48:23.112932443,T,TGT,I,12,88.22
2025-11-26,9:48:23.112932443,T,TGT,I,41,88.22
2025-11-26,9:48:23.113236111,T,TGT,F I,59,88.22
2025-11-26,9:48:23.113239722,T,TGT,F,100,88.22
2025-11-26,9:48:23.113239722,T,TGT,F I,32,88.22
2025-11-26,9:48:23.113287305,T,TGT,,100,88.22
2025-11-26,9:48:23.114267646,T,TGT,I,43,88.22
2025-11-26,9:48:26.701204038,T,TGT,F,100,88.17
2025-11-26,9:48:26.701204038,T,TGT,F I,28,88.17
2025-11-26,9:48:29.792219856,T,TGT,I,96,88.205
2025-11-26,9:48:29.792640800,T,TGT,I,96,88.205
2025-11-26,9:48:35.035745817,T,TGT,,100,88.18
2025-11-26,9:48:37.006090861,T,TGT,F I,35,88.2
2025-11-26,9:48:37.006090861,T,TGT,F I,3,88.2
2025-11-26,9:48:37.006094135,T,TGT,F I,80,88.2
2025-11-26,9:48:37.006094135,T,TGT,F I,18,88.2
2025-11-26,9:48:37.006099932,T,TGT,F,100,88.2
2025-11-26,9:48:37.006099932,T,TGT,F I,20,88.2
2025-11-26,9:48:37.006099932,T,TGT,F I,55,88.2
2025-11-26,9:48:37.006596064,T,TGT,,100,88.19
2025-11-26,9:48:37.006608805,T,TGT,F I,16,88.2
2025-11-26,9:48:37.006737496,T,TGT,,100,88.18
2025-11-26,9:48:37.006915004,T,TGT,F,100,88.18
2025-11-26,9:48:37.006915004,T,TGT,F I,72,88.18
2025-11-26,9:48:37.006969193,T,TGT,,100,88.18
2025-11-26,9:48:37.007474196,T,TGT,I,12,88.18
2025-11-26,9:48:37.007477241,T,TGT,I,88,88.18
2025-11-26,9:48:38.050918106,T,TGT,F,100,88.18
2025-11-26,9:48:38.052051860,T,TGT,I,27,88.18
2025-11-26,9:48:38.054099679,T,TGT,F,100,88.19
2025-11-26,9:48:38.054105782,T,TGT,F I,41,88.19
2025-11-26,9:48:38.054105782,T,TGT,F I,22,88.19
2025-11-26,9:48:38.054108752,T,TGT,F I,30,88.19
2025-11-26,9:48:39.717683874,T,TGT,F I,4,88.18
2025-11-26,9:48:39.717683874,T,TGT,F I,22,88.18
2025-11-26,9:48:39.717726027,T,TGT,F I,18,88.18
2025-11-26,9:48:39.717762071,T,TGT,I,32,88.17
2025-11-26,9:48:39.718235410,T,TGT,F,100,88.16
2025-11-26,9:48:39.718237241,T,TGT,F,100,88.16
2025-11-26,9:48:39.718970939,T,TGT,F,100,88.15
2025-11-26,9:48:39.718983047,T,TGT,F I,32,88.15
2025-11-26,9:48:39.718989962,T,TGT,I,68,88.15
2025-11-26,9:48:39.718992000,T,TGT,I,4,88.15
2025-11-26,9:48:39.719004197,T,TGT,,100,88.15
2025-11-26,9:48:39.719007095,T,TGT,F I,68,88.15
2025-11-26,9:48:39.719031184,T,TGT,I,28,88.15
2025-11-26,9:48:39.723695293,T,TGT,I,80,88.14
2025-11-26,9:48:39.725096573,T,TGT,F I,22,88.15
2025-11-26,9:48:39.725096573,T,TGT,F I,60,88.15
2025-11-26,9:48:39.725154233,T,TGT,,100,88.14
2025-11-26,9:48:39.725156832,T,TGT,I,4,88.14
2025-11-26,9:48:39.725159771,T,TGT,I,1,88.14
2025-11-26,9:48:39.725177754,T,TGT,I,1,88.14
2025-11-26,9:48:39.725451459,T,TGT,F,100,88.15
2025-11-26,9:48:39.725469918,T,TGT,I,27,88.14
2025-11-26,9:48:39.725472598,T,TGT,I,32,88.14
2025-11-26,9:48:39.725472598,T,TGT,I,41,88.14
2025-11-26,9:48:39.725505523,T,TGT,,100,88.15
2025-11-26,9:48:39.725545519,T,TGT,F I,32,88.15
2025-11-26,9:48:39.725571772,T,TGT,I,1,88.15
2025-11-26,9:48:39.725574732,T,TGT,I,67,88.15
2025-11-26,9:48:40.739241607,T,TGT,I,30,88.15
2025-11-26,9:48:40.873087453,T,TGT,F I,80,88.14
2025-11-26,9:48:40.873090549,T,TGT,F I,20,88.13
2025-11-26,9:48:40.873111482,T,TGT,F I,80,88.13
2025-11-26,9:48:40.873129535,T,TGT,I,80,88.13
2025-11-26,9:48:42.620246878,T,TGT,I,63,88.145
2025-11-26,9:48:43.130761130,T,TGT,F I,14,88.16
2025-11-26,9:48:43.130767124,T,TGT,F I,30,88.17
2025-11-26,9:48:43.130767124,T,TGT,F,100,88.17
2025-11-26,9:48:43.130770364,T,TGT,F I,26,88.17
2025-11-26,9:48:43.130770364,T,TGT,I,14,88.17
2025-11-26,9:48:45.890589026,T,TGT,,100,88.205
2025-11-26,9:49:10.482862082,T,TGT,F I,7,88.21
2025-11-26,9:49:10.482864633,T,TGT,F I,43,88.21
2025-11-26,9:49:10.482867625,T,TGT,F I,33,88.21
2025-11-26,9:49:10.482925101,T,TGT,I,33,88.22
2025-11-26,9:49:10.482925101,T,TGT,I,1,88.22
2025-11-26,9:49:10.482927713,T,TGT,I,10,88.22
2025-11-26,9:49:10.482931410,T,TGT,I,15,88.22
2025-11-26,9:49:10.482936910,T,TGT,I,5,88.22
2025-11-26,9:49:10.482939911,T,TGT,I,15,88.22
2025-11-26,9:49:10.482939911,T,TGT,I,5,88.22
2025-11-26,9:49:10.482939911,T,TGT,I,3,88.22
2025-11-26,9:49:10.482948919,T,TGT,F I,5,88.22
2025-11-26,9:49:10.482948919,T,TGT,F I,1,88.22
2025-11-26,9:49:10.482951873,T,TGT,F I,1,88.22
2025-11-26,9:49:10.483132190,T,TGT,I,24,88.21
2025-11-26,9:49:10.483189335,T,TGT,F I,63,88.21
2025-11-26,9:49:10.483195343,T,TGT,,100,88.21
2025-11-26,9:49:10.483219550,T,TGT,I,51,88.21
2025-11-26,9:49:10.483222993,T,TGT,I,70,88.21
2025-11-26,9:49:10.483222993,T,TGT,I,35,88.21
2025-11-26,9:49:10.483225465,T,TGT,F I,37,88.21
2025-11-26,9:49:10.483261490,T,TGT,I,20,88.21
2025-11-26,9:49:11.251688252,T,TGT,F I,20,88.24
2025-11-26,9:49:11.452931029,T,TGT,F I,1,88.25
2025-11-26,9:49:11.452934097,T,TGT,F I,10,88.25
2025-11-26,9:49:11.452936764,T,TGT,F I,26,88.25
2025-11-26,9:49:11.452936764,T,TGT,F I,10,88.25
2025-11-26,9:49:11.453607249,T,TGT,F I,5,88.26
2025-11-26,9:49:11.453610284,T,TGT,F I,1,88.26
2025-11-26,9:49:11.568483959,T,TGT,,100,88.28
2025-11-26,9:49:11.568487075,T,TGT,I,23,88.28
2025-11-26,9:49:11.568487075,T,TGT,I,10,88.28
2025-11-26,9:49:12.393694882,T,TGT,I,12,88.31
2025-11-26,9:49:23.341041457,T,TGT,F,100,88.27
2025-11-26,9:49:23.341041457,T,TGT,F,200,88.27
2025-11-26,9:49:23.341059634,T,TGT,I,1,88.27
2025-11-26,9:49:23.341098573,T,TGT,I,99,88.27
2025-11-26,9:49:23.341883486,T,TGT,F I,63,88.28
2025-11-26,9:49:23.341925698,T,TGT,F I,17,88.28
2025-11-26,9:49:23.341925698,T,TGT,F I,46,88.28
2025-11-26,9:49:23.342130384,T,TGT,F,100,88.29
2025-11-26,9:49:23.342130384,T,TGT,F I,10,88.29
2025-11-26,9:49:23.342136820,T,TGT,F I,80,88.29
2025-11-26,9:49:23.342136820,T,TGT,F I,88,88.3
2025-11-26,9:49:23.342253423,T,TGT,F I,12,88.3
2025-11-26,9:49:23.342256365,T,TGT,F I,20,88.3
2025-11-26,9:49:23.342265362,T,TGT,F I,80,88.3
2025-11-26,9:49:23.342301462,T,TGT,I,1,88.3
2025-11-26,9:49:23.342430775,T,TGT,F I,6,88.3
2025-11-26,9:49:23.342494248,T,TGT,I,93,88.3
2025-11-26,9:49:23.342497680,T,TGT,I,67,88.3
2025-11-26,9:49:23.342497680,T,TGT,I,33,88.3
2025-11-26,9:49:23.342503060,T,TGT,I,43,88.3
2025-11-26,9:49:23.342503060,T,TGT,I,57,88.3
2025-11-26,9:49:23.342503060,T,TGT,I,4,88.29
2025-11-26,9:49:23.342505984,T,TGT,I,35,88.29
2025-11-26,9:49:23.342536004,T,TGT,I,35,88.29
2025-11-26,9:49:23.342539412,T,TGT,I,28,88.28
2025-11-26,9:49:23.343254818,T,TGT,F,100,88.29
2025-11-26,9:49:23.343254818,T,TGT,F I,4,88.29
2025-11-26,9:49:23.343257888,T,TGT,F I,57,88.29
2025-11-26,9:49:23.343260883,T,TGT,F I,11,88.29
2025-11-26,9:49:23.343260883,T,TGT,F I,9,88.29
2025-11-26,9:49:23.344887596,T,TGT,I,40,88.29
2025-11-26,9:49:23.344890706,T,TGT,,100,88.29
2025-11-26,9:49:23.443501614,T,TGT,F,100,88.28
2025-11-26,9:49:23.443504583,T,TGT,F I,80,88.28
2025-11-26,9:49:23.443541271,T,TGT,I,40,88.27
2025-11-26,9:49:23.443543716,T,TGT,,100,88.27
2025-11-26,9:49:23.443546735,T,TGT,I,2,88.27
2025-11-26,9:49:37.640488875,T,TGT,F I,38,88.25
2025-11-26,9:49:38.023866256,T,TGT,F I,2,88.25
2025-11-26,9:49:38.746926789,T,TGT,F I,10,88.27
2025-11-26,9:49:55.111033302,T,TGT,F I,10,88.24
2025-11-26,9:49:58.952601397,T,TGT,F I,14,88.25
2025-11-26,9:50:05.213226038,T,TGT,F I,20,88.24
2025-11-26,9:50:05.213228643,T,TGT,F,100,88.24
2025-11-26,9:50:05.368942581,T,TGT,F I,1,88.24
2025-11-26,9:50:16.022044022,T,TGT,I,63,88.24
2025-11-26,9:50:25.249033948,T,TGT,F I,19,88.25
2025-11-26,9:50:25.249036985,T,TGT,F I,18,88.25
2025-11-26,9:50:25.250257884,T,TGT,F I,5,88.26
2025-11-26,9:50:25.250262365,T,TGT,F I,5,88.26
2025-11-26,9:50:25.250262365,T,TGT,F I,5,88.26
2025-11-26,9:50:25.250272959,T,TGT,F,100,88.26
2025-11-26,9:50:25.250333090,T,TGT,F I,1,88.27
2025-11-26,9:50:25.250591700,T,TGT,F,110,88.28
2025-11-26,9:50:25.250907516,T,TGT,F I,4,88.28
2025-11-26,9:50:25.250949516,T,TGT,I,40,88.28
2025-11-26,9:50:25.250970568,T,TGT,F,100,88.27
2025-11-26,9:50:25.250994634,T,TGT,I,1,88.27
2025-11-26,9:50:25.251000649,T,TGT,I,79,88.27
2025-11-26,9:50:25.251770776,T,TGT,F I,31,88.28
2025-11-26,9:50:25.252399081,T,TGT,I,53,88.27
2025-11-26,9:50:25.252525341,T,TGT,F,100,88.28
2025-11-26,9:50:25.296695151,T,TGT,F I,6,88.29
2025-11-26,9:50:25.296697521,T,TGT,F I,6,88.29
2025-11-26,9:50:25.296700728,T,TGT,I,6,88.29
2025-11-26,9:50:25.344842317,T,TGT,I,30,88.27
2025-11-26,9:50:26.020494986,T,TGT,I,75,88.26
2025-11-26,9:50:30.867896215,T,TGT,F I,63,88.24
2025-11-26,9:50:30.867935337,T,TGT,F I,37,88.24
2025-11-26,9:50:30.871631113,T,TGT,F,100,88.23
2025-11-26,9:50:30.871646195,T,TGT,F,100,88.23
2025-11-26,9:50:31.204638377,T,TGT,I,1,88.23
2025-11-26,9:50:33.212104068,T,TGT,I,80,88.26
2025-11-26,9:50:37.012398655,T,TGT,F I,63,88.23
2025-11-26,9:50:37.012407709,T,TGT,F I,9,88.23
2025-11-26,9:50:37.012413723,T,TGT,F I,3,88.23
2025-11-26,9:50:37.012419660,T,TGT,F I,1,88.23
2025-11-26,9:50:37.012446805,T,TGT,F I,24,88.23
2025-11-26,9:50:37.012988037,T,TGT,F,100,88.22
2025-11-26,9:50:39.696632368,T,TGT,F I,1,88.21
2025-11-26,9:50:42.296596434,T,TGT,I,2,88.21
2025-11-26,9:50:45.496525804,T,TGT,F I,20,88.2
2025-11-26,9:50:45.496528977,T,TGT,F I,60,88.2
2025-11-26,9:50:45.496531869,T,TGT,F,100,88.2
2025-11-26,9:50:45.496531869,T,TGT,F I,64,88.2
2025-11-26,9:50:45.496549951,T,TGT,F,236,88.2
2025-11-26,9:50:45.920978091,T,TGT,,400,88.19
2025-11-26,9:50:54.044663602,T,TGT,,200,88.18
2025-11-26,9:50:56.729345560,T,TGT,F I,10,88.2
2025-11-26,9:51:01.067002711,T,TGT,I,4,88.19
2025-11-26,9:51:01.067002711,T,TGT,I,96,88.19
2025-11-26,9:51:01.067020450,T,TGT,I,1,88.19
2025-11-26,9:51:01.067612888,T,TGT,I,1,88.18
2025-11-26,9:51:01.067649005,T,TGT,I,14,88.17
2025-11-26,9:51:01.067995882,T,TGT,F,400,88.16
2025-11-26,9:51:01.067995882,T,TGT,F,200,88.16
2025-11-26,9:51:01.068085083,T,TGT,I,19,88.16
2025-11-26,9:51:01.068148179,T,TGT,I,20,88.16
2025-11-26,9:51:02.119759490,T,TGT,I,1,88.16
2025-11-26,9:51:02.119789542,T,TGT,I,20,88.14
2025-11-26,9:51:02.119810558,T,TGT,I,6,88.14
2025-11-26,9:51:10.403302939,T,TGT,,100,88.14
2025-11-26,9:51:10.414432428,T,TGT,I,75,88.14
2025-11-26,9:51:13.881960225,T,TGT,F,100,88.12
2025-11-26,9:51:13.881993375,T,TGT,,120,88.11
2025-11-26,9:51:13.882826484,T,TGT,F I,60,88.09
2025-11-26,9:51:22.523425442,T,TGT,F I,17,88.08
2025-11-26,9:51:22.523434359,T,TGT,F I,63,88.08
2025-11-26,9:51:22.523443430,T,TGT,I,7,88.08
2025-11-26,9:51:26.015897741,T,TGT,F I,14,88.1
2025-11-26,9:51:26.015897741,T,TGT,F,100,88.1
2025-11-26,9:51:28.351658313,T,TGT,F I,83,88.11
2025-11-26,9:51:28.351658313,T,TGT,F,100,88.11
2025-11-26,9:51:28.351661974,T,TGT,F I,64,88.11
2025-11-26,9:51:53.968444885,T,TGT,F I,1,88.17
2025-11-26,9:51:53.968468967,T,TGT,F I,51,88.17
2025-11-26,9:51:53.968610244,T,TGT,I,23,88.16
2025-11-26,9:51:53.968613315,T,TGT,I,18,88.15
2025-11-26,9:51:53.968613315,T,TGT,I,51,88.15
2025-11-26,9:51:53.968911050,T,TGT,F I,23,88.17
2025-11-26,9:51:53.968913991,T,TGT,F,100,88.17
2025-11-26,9:51:53.968929035,T,TGT,I,1,88.17
2025-11-26,9:51:53.968968116,T,TGT,I,10,88.17
2025-11-26,9:51:53.969016227,T,TGT,I,23,88.16
2025-11-26,9:51:53.969115581,T,TGT,I,23,88.15
2025-11-26,9:51:53.969115581,T,TGT,,100,88.15
2025-11-26,9:51:53.969136487,T,TGT,I,1,88.15
2025-11-26,9:51:53.969149994,T,TGT,F I,26,88.16
2025-11-26,9:51:53.969154579,T,TGT,F I,98,88.17
2025-11-26,9:51:53.969167416,T,TGT,F I,2,88.16
2025-11-26,9:51:53.969212254,T,TGT,I,15,88.16
2025-11-26,9:51:53.969350094,T,TGT,I,1,88.16
2025-11-26,9:51:53.969413198,T,TGT,I,72,88.16
2025-11-26,9:51:53.969852204,T,TGT,F I,2,88.17
2025-11-26,9:51:53.969855183,T,TGT,F I,95,88.17
2025-11-26,9:51:53.969855183,T,TGT,F I,5,88.17
2025-11-26,9:51:53.970102094,T,TGT,F I,70,88.16
2025-11-26,9:51:53.970102094,T,TGT,F I,17,88.16
2025-11-26,9:51:53.970132324,T,TGT,I,10,88.16
2025-11-26,9:51:53.970132324,T,TGT,I,23,88.16
2025-11-26,9:51:53.970155992,T,TGT,F I,2,88.16
2025-11-26,9:51:53.970177038,T,TGT,F I,98,88.16
2025-11-26,9:51:53.970183561,T,TGT,F I,7,88.16
2025-11-26,9:51:53.970186085,T,TGT,F I,1,88.16
2025-11-26,9:51:53.970390545,T,TGT,F I,30,88.16
2025-11-26,9:51:53.970396787,T,TGT,F I,14,88.16
2025-11-26,9:51:53.970401099,T,TGT,F I,30,88.16
2025-11-26,9:51:53.970401099,T,TGT,F I,32,88.16
2025-11-26,9:51:53.970401099,T,TGT,F I,32,88.16
2025-11-26,9:51:53.970405610,T,TGT,F I,30,88.16
2025-11-26,9:51:53.970405610,T,TGT,F I,2,88.16
2025-11-26,9:51:53.970453716,T,TGT,F I,15,88.16
2025-11-26,9:51:53.970604083,T,TGT,F I,15,88.16
2025-11-26,9:51:55.410554499,T,TGT,I,1,88.16
2025-11-26,9:51:57.178084416,T,TGT,,100,88.175
2025-11-26,9:51:57.178926618,T,TGT,F I,4,88.18
2025-11-26,9:51:57.178929463,T,TGT,F I,4,88.18
2025-11-26,9:51:57.179056048,T,TGT,F I,1,88.17
2025-11-26,9:51:57.179058818,T,TGT,F I,23,88.17
2025-11-26,9:51:57.179058818,T,TGT,F,100,88.16
2025-11-26,9:51:57.179061747,T,TGT,F I,99,88.16
2025-11-26,9:51:57.179064993,T,TGT,F I,1,88.16
2025-11-26,9:51:57.179082842,T,TGT,I,1,88.16
2025-11-26,9:51:57.179082842,T,TGT,F I,78,88.16
2025-11-26,9:52:02.906638866,T,TGT,F I,60,88.15
2025-11-26,9:52:02.906638866,T,TGT,F I,20,88.15
2025-11-26,9:52:02.907517021,T,TGT,F I,30,88.15
2025-11-26,9:52:02.907520122,T,TGT,F I,1,88.15
2025-11-26,9:52:02.907523232,T,TGT,F I,39,88.15
2025-11-26,9:52:04.892479898,T,TGT,F I,31,88.17
2025-11-26,9:52:10.450092185,T,TGT,,100,88.155
2025-11-26,9:52:11.624239464,T,TGT,F I,3,88.17
2025-11-26,9:52:15.303354381,T,TGT,F I,3,88.18
2025-11-26,9:52:16.105801219,T,TGT,F I,9,88.18
2025-11-26,9:52:16.106733425,T,TGT,F I,7,88.19
2025-11-26,9:52:16.106736390,T,TGT,F I,5,88.19
2025-11-26,9:52:19.703352884,T,TGT,F,100,88.19
2025-11-26,9:52:19.796445789,T,TGT,F,300,88.16
2025-11-26,9:52:19.796449232,T,TGT,F I,20,88.16
2025-11-26,9:52:19.796451699,T,TGT,F I,40,88.16
2025-11-26,9:52:19.796454950,T,TGT,F I,63,88.16
2025-11-26,9:52:19.796457835,T,TGT,F I,37,88.16
2025-11-26,9:52:20.005067681,T,TGT,F I,63,88.14
2025-11-26,9:52:21.305756327,T,TGT,F,100,88.13
2025-11-26,9:52:21.305756327,T,TGT,F,140,88.13
2025-11-26,9:52:31.374773397,T,TGT,I,3,88.105
2025-11-26,9:52:40.340416854,T,TGT,F,215,88.1
2025-11-26,9:52:40.913765727,T,TGT,F I,2,88.1
2025-11-26,9:52:40.916430061,T,TGT,F I,20,88.1
2025-11-26,9:52:40.917620981,T,TGT,I,8,88.1
2025-11-26,9:52:41.250484256,T,TGT,F I,1,88.11
2025-11-26,9:52:41.250484256,T,TGT,F I,30,88.11
2025-11-26,9:52:41.250511067,T,TGT,I,69,88.12
2025-11-26,9:52:41.250649339,T,TGT,F I,5,88.13
2025-11-26,9:52:41.250652402,T,TGT,F I,69,88.13
2025-11-26,9:52:41.250652402,T,TGT,F I,10,88.13
2025-11-26,9:52:41.251984681,T,TGT,I,12,88.13
2025-11-26,9:52:41.252207228,T,TGT,F I,1,88.13
2025-11-26,9:52:41.252207228,T,TGT,F I,19,88.13
2025-11-26,9:52:41.252210017,T,TGT,F I,2,88.13
2025-11-26,9:52:42.458221275,T,TGT,,100,88.14
2025-11-26,9:52:55.666360298,T,TGT,F,100,88.17
2025-11-26,9:52:55.666363653,T,TGT,F I,21,88.17
2025-11-26,9:52:55.666363653,T,TGT,F I,6,88.17
2025-11-26,9:53:07.995444281,T,TGT,F I,7,88.15
2025-11-26,9:53:07.995450330,T,TGT,F I,2,88.15
2025-11-26,9:53:07.995465577,T,TGT,F I,91,88.15
2025-11-26,9:53:07.995465577,T,TGT,F I,1,88.15
2025-11-26,9:53:20.589153057,T,TGT,F I,63,88.08
2025-11-26,9:53:21.884519077,T,TGT,F I,40,88.08
2025-11-26,9:53:21.884537153,T,TGT,F I,60,88.08
2025-11-26,9:53:21.884543143,T,TGT,F I,66,88.08
2025-11-26,9:53:23.791581478,T,TGT,F I,34,88.08
2025-11-26,9:53:26.855975012,T,TGT,F I,66,88.08
2025-11-26,9:53:26.856137444,T,TGT,F I,7,88.08
2025-11-26,9:53:28.964592481,T,TGT,I,38,88.08
2025-11-26,9:53:28.964601673,T,TGT,F I,38,88.08
2025-11-26,9:53:28.964601673,T,TGT,I,38,88.08
2025-11-26,9:53:28.964640533,T,TGT,,146,88.08
2025-11-26,9:53:39.819474640,T,TGT,F I,38,88.07
2025-11-26,9:53:39.819478298,T,TGT,F,100,88.07
2025-11-26,9:53:39.819480640,T,TGT,F I,44,88.07
2025-11-26,9:53:39.819480640,T,TGT,F I,22,88.07
2025-11-26,9:53:39.819495652,T,TGT,I,1,88.07
2025-11-26,9:53:39.819516697,T,TGT,F I,44,88.07
2025-11-26,9:53:39.819772294,T,TGT,F I,33,88.07
2025-11-26,9:53:40.367473201,T,TGT,I,10,88.06
2025-11-26,9:53:40.657466081,T,TGT,F I,60,88.05
2025-11-26,9:53:47.225497604,T,TGT,F I,50,88.04
2025-11-26,9:53:48.569086373,T,TGT,F I,3,88.04
2025-11-26,9:53:51.284976651,T,TGT,I,8,88.055
2025-11-26,9:53:51.285060885,T,TGT,I,3,88.055
2025-11-26,9:53:51.304790877,T,TGT,I,6,88.055
2025-11-26,9:53:52.992955653,T,TGT,F I,10,88.09
2025-11-26,9:53:52.992958682,T,TGT,F I,9,88.09
2025-11-26,9:53:52.992961659,T,TGT,F I,1,88.09
2025-11-26,9:53:52.993226380,T,TGT,F I,2,88.1
2025-11-26,9:54:12.819366789,T,TGT,F I,8,88.11
2025-11-26,9:54:37.384096997,T,TGT,F I,63,88.15
2025-11-26,9:54:37.384268706,T,TGT,F I,55,88.17
2025-11-26,9:54:37.384271693,T,TGT,F I,6,88.17
2025-11-26,9:54:37.384274655,T,TGT,F I,70,88.17
2025-11-26,9:54:37.384274655,T,TGT,F I,40,88.17
2025-11-26,9:54:37.384280428,T,TGT,F,100,88.17
2025-11-26,9:54:37.384280428,T,TGT,F I,47,88.17
2025-11-26,9:54:37.800450952,T,TGT,I,10,88.18
2025-11-26,9:54:38.310978212,T,TGT,F I,1,88.19
2025-11-26,9:54:38.310978212,T,TGT,F I,45,88.19
2025-11-26,9:54:38.310980189,T,TGT,F I,50,88.19
2025-11-26,9:54:38.840538745,T,TGT,F,100,88.16
2025-11-26,9:54:38.875581299,T,TGT,,100,88.16
2025-11-26,9:54:38.875617468,T,TGT,I,11,88.16
2025-11-26,9:54:38.875617468,T,TGT,I,19,88.16
2025-11-26,9:54:38.875620392,T,TGT,I,9,88.16
2025-11-26,9:54:40.027959548,T,TGT,F,100,88.13
2025-11-26,9:54:40.027962592,T,TGT,F I,1,88.13
2025-11-26,9:54:45.356642424,T,TGT,,100,88.135
2025-11-26,9:54:52.423929140,T,TGT,F,100,88.11
2025-11-26,9:54:52.423968310,T,TGT,I,1,88.1
2025-11-26,9:54:52.425423719,T,TGT,I,23,88.11
2025-11-26,9:54:52.425667316,T,TGT,F I,7,88.12
2025-11-26,9:54:52.426585007,T,TGT,F I,87,88.13
2025-11-26,9:54:52.426588502,T,TGT,F I,13,88.13
2025-11-26,9:54:52.426588502,T,TGT,F I,40,88.13
2025-11-26,9:54:52.426639932,T,TGT,I,40,88.13
2025-11-26,9:54:52.429176707,T,TGT,F,100,88.14
2025-11-26,9:54:52.429224787,T,TGT,F,162,88.14
2025-11-26,9:54:52.429230884,T,TGT,F,118,88.14
2025-11-26,9:55:08.532682176,T,TGT,F I,15,88.16
2025-11-26,9:55:08.532684948,T,TGT,F I,17,88.16
2025-11-26,9:55:08.532994590,T,TGT,I,35,88.19
2025-11-26,9:55:08.532994590,T,TGT,I,20,88.19
2025-11-26,9:55:08.533027710,T,TGT,I,11,88.16
2025-11-26,9:55:08.533030817,T,TGT,I,21,88.15
2025-11-26,9:55:08.533030817,T,TGT,,100,88.15
2025-11-26,9:55:08.533035065,T,TGT,I,1,88.15
2025-11-26,9:55:08.533037044,T,TGT,I,23,88.15
2025-11-26,9:55:08.533037044,T,TGT,I,89,88.15
2025-11-26,9:55:08.533051752,T,TGT,I,1,88.16
2025-11-26,9:55:08.533072807,T,TGT,I,49,88.16
2025-11-26,9:55:08.533072807,T,TGT,I,11,88.15
2025-11-26,9:55:08.533076118,T,TGT,I,1,88.15
2025-11-26,9:55:08.533076118,T,TGT,I,78,88.15
2025-11-26,9:55:08.533093852,T,TGT,I,1,88.15
2025-11-26,9:55:08.533352551,T,TGT,I,18,88.16
2025-11-26,9:55:08.533379606,T,TGT,I,1,88.16
2025-11-26,9:55:08.533400588,T,TGT,I,4,88.16
2025-11-26,9:55:08.533403837,T,TGT,I,11,88.16
2025-11-26,9:55:08.533403837,T,TGT,I,21,88.16
2025-11-26,9:55:08.533406608,T,TGT,I,1,88.16
2025-11-26,9:55:08.533406608,T,TGT,I,21,88.17
2025-11-26,9:55:08.534056159,T,TGT,I,1,88.18
2025-11-26,9:55:08.534125292,T,TGT,F I,8,88.17
2025-11-26,9:55:09.073144851,T,TGT,F,100,88.16
2025-11-26,9:55:09.073147524,T,TGT,F I,21,88.16
2025-11-26,9:55:09.073147524,T,TGT,F I,1,88.16
2025-11-26,9:55:18.833160393,T,TGT,F,100,88.15
2025-11-26,9:55:20.161247863,T,TGT,I,30,88.15
2025-11-26,9:55:20.161247863,T,TGT,I,8,88.15
2025-11-26,9:55:20.161250357,T,TGT,I,3,88.15
2025-11-26,9:55:20.161972166,T,TGT,F I,5,88.15
2025-11-26,9:55:22.301855365,T,TGT,I,1,88.15
2025-11-26,9:55:22.301855365,T,TGT,I,9,88.15
2025-11-26,9:55:24.321204917,T,TGT,F I,1,88.17
2025-11-26,9:55:24.321208124,T,TGT,F I,5,88.17
2025-11-26,9:55:24.321208124,T,TGT,F I,2,88.17
2025-11-26,9:55:24.321211024,T,TGT,F I,93,88.17
2025-11-26,9:55:42.311983011,T,TGT,I,1,88.18
2025-11-26,9:55:42.312003922,T,TGT,F I,16,88.18
2025-11-26,9:55:42.312006881,T,TGT,F,100,88.18
2025-11-26,9:55:44.480936225,T,TGT,F I,1,88.17
2025-11-26,9:55:44.481730125,T,TGT,F I,1,88.17
2025-11-26,9:55:56.783434466,T,TGT,F I,1,88.16
2025-11-26,9:55:56.783437509,T,TGT,F I,1,88.16
2025-11-26,9:55:56.783452577,T,TGT,F I,1,88.16
2025-11-26,9:55:56.783452577,T,TGT,I,2,88.16
2025-11-26,9:55:56.783849707,T,TGT,F I,20,88.17
2025-11-26,9:55:56.783849707,T,TGT,F I,1,88.17
2025-11-26,9:55:56.783852443,T,TGT,F I,23,88.17
2025-11-26,9:55:56.783855495,T,TGT,F I,81,88.17
2025-11-26,9:55:56.783879517,T,TGT,F I,62,88.18
2025-11-26,9:55:56.783879517,T,TGT,F I,20,88.18
2025-11-26,9:55:56.784027841,T,TGT,F I,31,88.19
2025-11-26,9:55:56.784030140,T,TGT,F I,51,88.19
2025-11-26,9:55:56.784044892,T,TGT,F I,30,88.19
2025-11-26,9:55:56.784318581,T,TGT,F I,10,88.18
2025-11-26,9:55:56.784318581,T,TGT,F I,1,88.18
2025-11-26,9:55:56.784369737,T,TGT,F I,10,88.19
2025-11-26,9:55:57.689796927,T,TGT,F I,1,88.18
2025-11-26,9:55:57.689796927,T,TGT,F I,27,88.18
2025-11-26,9:55:57.689802731,T,TGT,F I,19,88.18
2025-11-26,9:55:57.689802731,T,TGT,F I,17,88.18
2025-11-26,9:55:57.689820828,T,TGT,F,383,88.18
2025-11-26,9:55:57.689823786,T,TGT,F I,80,88.18
2025-11-26,9:55:57.885668326,T,TGT,F I,50,88.175
2025-11-26,9:56:00.018812564,T,TGT,F I,25,88.19
2025-11-26,9:56:03.303071575,T,TGT,F I,31,88.2
2025-11-26,9:56:03.303075051,T,TGT,F I,31,88.2
2025-11-26,9:56:03.303075051,T,TGT,F I,73,88.2
2025-11-26,9:56:03.303077626,T,TGT,F I,51,88.2
2025-11-26,9:56:03.303137745,T,TGT,,100,88.19
2025-11-26,9:56:03.303140797,T,TGT,I,10,88.19
2025-11-26,9:56:03.303144254,T,TGT,,100,88.19
2025-11-26,9:56:03.303144254,T,TGT,I,22,88.19
2025-11-26,9:56:03.303146918,T,TGT,I,1,88.19
2025-11-26,9:56:03.303146918,T,TGT,I,52,88.19
2025-11-26,9:56:03.303152743,T,TGT,I,24,88.2
2025-11-26,9:56:03.303161749,T,TGT,I,1,88.2
2025-11-26,9:56:03.303165145,T,TGT,I,11,88.2
2025-11-26,9:56:03.303237007,T,TGT,I,1,88.2
2025-11-26,9:56:03.303351268,T,TGT,F I,1,88.2
2025-11-26,9:56:03.303354292,T,TGT,F I,52,88.2
2025-11-26,9:56:03.303528975,T,TGT,I,63,88.2
2025-11-26,9:56:03.303531643,T,TGT,I,37,88.2
2025-11-26,9:56:03.303564748,T,TGT,I,63,88.2
2025-11-26,9:56:03.387599971,T,TGT,F,140,88.18
2025-11-26,9:56:03.603150633,T,TGT,F I,2,88.18
2025-11-26,9:56:03.603153551,T,TGT,F I,2,88.18
2025-11-26,9:56:03.603156545,T,TGT,F I,22,88.18
2025-11-26,9:56:03.761589022,T,TGT,I,1,88.18
2025-11-26,9:56:03.761589022,T,TGT,I,19,88.18
2025-11-26,9:56:04.415526883,T,TGT,F I,10,88.18
2025-11-26,9:56:13.734927482,T,TGT,I,45,88.15
2025-11-26,9:56:13.734927482,T,TGT,,200,88.15
2025-11-26,9:56:13.735369492,T,TGT,I,5,88.14
2025-11-26,9:56:13.735372164,T,TGT,,100,88.14
2025-11-26,9:56:13.735393399,T,TGT,F,114,88.14
2025-11-26,9:56:13.735393399,T,TGT,I,72,88.14
2025-11-26,9:56:13.735648847,T,TGT,,139,88.14
2025-11-26,9:56:13.735901405,T,TGT,I,75,88.14
2025-11-26,9:56:25.140309667,T,TGT,F,100,88.1
2025-11-26,9:56:25.140309667,T,TGT,F I,38,88.1
2025-11-26,9:56:25.140312530,T,TGT,I,19,88.1
2025-11-26,9:56:25.140342670,T,TGT,I,1,88.1
2025-11-26,9:56:25.140694734,T,TGT,F,100,88.105
2025-11-26,9:56:25.140694734,T,TGT,F I,1,88.11
2025-11-26,9:56:25.141356348,T,TGT,F I,1,88.11
2025-11-26,9:56:25.141758972,T,TGT,I,10,88.12
2025-11-26,9:56:25.141758972,T,TGT,,100,88.12
2025-11-26,9:56:25.141758972,T,TGT,I,20,88.12
2025-11-26,9:56:25.141816181,T,TGT,F I,11,88.11
2025-11-26,9:56:25.141816181,T,TGT,F,100,88.11
2025-11-26,9:56:25.141855470,T,TGT,I,22,88.11
2025-11-26,9:56:25.141858773,T,TGT,I,28,88.11
2025-11-26,9:56:25.141861545,T,TGT,I,1,88.11
2025-11-26,9:56:25.141861545,T,TGT,I,10,88.11
2025-11-26,9:56:25.141864753,T,TGT,I,49,88.11
2025-11-26,9:56:25.142270170,T,TGT,F I,61,88.11
2025-11-26,9:56:25.142273194,T,TGT,F,100,88.11
2025-11-26,9:56:25.142273194,T,TGT,F I,39,88.11
2025-11-26,9:56:25.142351477,T,TGT,I,37,88.11
2025-11-26,9:56:25.143040108,T,TGT,F I,24,88.11
2025-11-26,9:56:25.143268618,T,TGT,F I,12,88.11
2025-11-26,9:56:25.143271593,T,TGT,F I,70,88.11
2025-11-26,9:56:32.628316369,T,TGT,I,40,88.1
2025-11-26,9:56:32.628355482,T,TGT,I,3,88.1
2025-11-26,9:56:39.443572758,T,TGT,F I,38,88.09
2025-11-26,9:56:39.444237308,T,TGT,F I,11,88.09
2025-11-26,9:56:39.444240382,T,TGT,F I,2,88.09
2025-11-26,9:56:39.444240382,T,TGT,F I,50,88.09
2025-11-26,9:56:39.444276420,T,TGT,F I,7,88.09
2025-11-26,9:56:39.444279423,T,TGT,F I,7,88.09
2025-11-26,9:56:59.593290025,T,TGT,F I,41,88.12
2025-11-26,9:56:59.594646285,T,TGT,I,62,88.14
2025-11-26,9:56:59.594745529,T,TGT,I,24,88.13
2025-11-26,9:56:59.594745529,T,TGT,I,30,88.13
2025-11-26,9:56:59.594799717,T,TGT,I,24,88.14
2025-11-26,9:56:59.594962449,T,TGT,I,30,88.14
2025-11-26,9:57:08.323586943,T,TGT,I,4,88.19
2025-11-26,9:57:08.323596020,T,TGT,I,5,88.19
2025-11-26,9:57:08.941634396,T,TGT,F I,1,88.16
2025-11-26,9:57:18.229859391,T,TGT,,100,88.18
2025-11-26,9:57:18.229862341,T,TGT,I,15,88.18
2025-11-26,9:57:18.230136094,T,TGT,F I,8,88.19
2025-11-26,9:57:26.830950381,T,TGT,I,1,88.2
2025-11-26,9:57:26.831386439,T,TGT,F I,20,88.19
2025-11-26,9:57:28.192876989,T,TGT,F I,20,88.17
2025-11-26,9:57:34.094433592,T,TGT,F I,1,88.14
2025-11-26,9:57:34.096145005,T,TGT,I,20,88.15
2025-11-26,9:57:34.096147811,T,TGT,I,1,88.15
2025-11-26,9:57:34.096147811,T,TGT,I,57,88.15
2025-11-26,9:57:51.441714082,T,TGT,F I,50,88.16
2025-11-26,9:57:51.441714082,T,TGT,F I,50,88.16
2025-11-26,9:57:51.441948639,T,TGT,F,100,88.17
2025-11-26,9:57:51.442250318,T,TGT,I,16,88.16
2025-11-26,9:57:51.442252401,T,TGT,I,1,88.16
2025-11-26,9:57:51.442255383,T,TGT,I,35,88.16
2025-11-26,9:57:51.442255383,T,TGT,I,48,88.16
2025-11-26,9:57:51.442276411,T,TGT,I,1,88.16
2025-11-26,9:57:51.442288433,T,TGT,I,1,88.16
2025-11-26,9:57:51.442405715,T,TGT,F I,2,88.16
2025-11-26,9:57:51.448844052,T,TGT,F I,16,88.17
2025-11-26,9:57:52.424888620,T,TGT,F I,59,88.17
2025-11-26,9:57:52.424888620,T,TGT,F I,3,88.17
2025-11-26,9:57:52.424891355,T,TGT,F,200,88.17
2025-11-26,9:57:52.569003710,T,TGT,I,1,88.155
2025-11-26,9:57:59.730447867,T,TGT,F I,2,88.17
2025-11-26,9:58:07.245462399,T,TGT,,100,88.16
2025-11-26,9:58:07.245480440,T,TGT,F,900,88.15
2025-11-26,9:58:09.031164551,T,TGT,F I,3,88.16
2025-11-26,9:58:10.959075529,T,TGT,F I,31,88.18
2025-11-26,9:58:10.959078622,T,TGT,F,100,88.18
2025-11-26,9:58:10.973750559,T,TGT,F,100,88.19
2025-11-26,9:58:10.983918363,T,TGT,F I,1,88.21
2025-11-26,9:58:10.983920803,T,TGT,F I,5,88.21
2025-11-26,9:58:10.983938766,T,TGT,I,6,88.21
2025-11-26,9:58:10.984350830,T,TGT,F I,17,88.22
2025-11-26,9:58:11.090380368,T,TGT,F I,17,88.24
2025-11-26,9:58:11.090398436,T,TGT,I,17,88.24
2025-11-26,9:58:11.518396126,T,TGT,F I,50,88.25
2025-11-26,9:58:11.518396126,T,TGT,F I,40,88.25
2025-11-26,9:58:15.433377985,T,TGT,F,100,88.27
2025-11-26,9:58:19.292417626,T,TGT,F I,5,88.3
2025-11-26,9:58:19.293290031,T,TGT,I,17,88.31
2025-11-26,9:58:19.293295706,T,TGT,I,17,88.31
2025-11-26,9:58:27.415652187,T,TGT,I,55,88.35
2025-11-26,9:58:27.415655176,T,TGT,,100,88.35
2025-11-26,9:58:27.415658231,T,TGT,,100,88.35
2025-11-26,9:58:37.575946016,T,TGT,F I,63,88.345
2025-11-26,9:58:37.575990946,T,TGT,I,37,88.345
2025-11-26,9:58:41.505656752,T,TGT,I,8,88.345
2025-11-26,9:58:43.290192260,T,TGT,,100,88.36
2025-11-26,9:58:51.384642086,T,TGT,F I,90,88.37
2025-11-26,9:59:00.031384856,T,TGT,,100,88.37
2025-11-26,9:59:01.486085573,T,TGT,I,7,88.36
2025-11-26,9:59:01.959154565,T,TGT,I,53,88.37
2025-11-26,9:59:01.959398476,T,TGT,F I,76,88.38
2025-11-26,9:59:01.959398476,T,TGT,F I,24,88.38
2025-11-26,9:59:01.959401183,T,TGT,F I,51,88.38
2025-11-26,9:59:01.960104860,T,TGT,F,100,88.38
2025-11-26,9:59:01.979347732,T,TGT,I,1,88.37
2025-11-26,9:59:04.522909420,T,TGT,,100,88.35
2025-11-26,9:59:08.109647391,T,TGT,F I,38,88.34
2025-11-26,9:59:08.109647391,T,TGT,F I,1,88.34
2025-11-26,9:59:08.109999242,T,TGT,F I,28,88.33
2025-11-26,9:59:08.110140566,T,TGT,I,10,88.33
2025-11-26,9:59:08.691957643,T,TGT,F I,63,88.29
2025-11-26,9:59:08.692023971,T,TGT,F I,63,88.28
2025-11-26,9:59:08.692062920,T,TGT,F I,37,88.28
2025-11-26,9:59:08.710463706,T,TGT,,100,88.27
2025-11-26,9:59:08.710541911,T,TGT,I,20,88.26
2025-11-26,9:59:08.766201619,T,TGT,I,30,88.26
2025-11-26,9:59:08.766201619,T,TGT,I,20,88.27
2025-11-26,9:59:08.766204538,T,TGT,I,23,88.27
2025-11-26,9:59:08.766207482,T,TGT,I,20,88.27
2025-11-26,9:59:17.299989333,T,TGT,F I,20,88.27
2025-11-26,9:59:17.300007198,T,TGT,I,80,88.27
2025-11-26,9:59:17.300028284,T,TGT,I,21,88.26
2025-11-26,9:59:17.300031199,T,TGT,,100,88.26
2025-11-26,9:59:17.300052279,T,TGT,I,1,88.27
2025-11-26,9:59:17.300088680,T,TGT,F I,7,88.27
2025-11-26,9:59:17.300768004,T,TGT,I,1,88.27
2025-11-26,9:59:17.300768004,T,TGT,I,24,88.27
2025-11-26,9:59:17.300771360,T,TGT,I,26,88.27
2025-11-26,9:59:17.300771360,T,TGT,I,1,88.27
2025-11-26,9:59:20.169632687,T,TGT,,100,88.25
2025-11-26,9:59:21.490938628,T,TGT,I,1,88.245
2025-11-26,9:59:31.492315451,T,TGT,I,7,88.24
2025-11-26,9:59:38.331680391,T,TGT,F I,1,88.26
2025-11-26,9:59:38.331683137,T,TGT,F I,19,88.26
2025-11-26,9:59:38.331686454,T,TGT,F I,81,88.26
2025-11-26,9:59:38.331686454,T,TGT,F I,19,88.26
2025-11-26,9:59:41.494705638,T,TGT,I,8,88.26
2025-11-26,9:59:43.603665934,T,TGT,I,40,88.24
2025-11-26,9:59:53.790849532,T,TGT,F,100,88.24
2025-11-26,9:59:53.790852574,T,TGT,F I,1,88.24
2025-11-26,9:59:53.791514150,T,TGT,I,80,88.24
2025-11-26,9:59:53.791517964,T,TGT,I,23,88.23
2025-11-26,9:59:53.791517964,T,TGT,I,1,88.23
2025-11-26,9:59:53.791520101,T,TGT,I,22,88.23
2025-11-26,9:59:53.791556242,T,TGT,I,6,88.23
2025-11-26,9:59:53.791556242,T,TGT,I,68,88.23
2025-11-26,9:59:53.791577329,T,TGT,I,1,88.23
2025-11-26,9:59:53.791577329,T,TGT,F I,8,88.24
2025-11-26,9:59:53.791580581,T,TGT,F I,14,88.24
2025-11-26,9:59:53.791583352,T,TGT,F I,1,88.24
2025-11-26,9:59:53.791586349,T,TGT,F I,6,88.24
2025-11-26,9:59:53.791604321,T,TGT,F I,23,88.25
2025-11-26,9:59:53.791920091,T,TGT,I,11,88.25
2025-11-26,9:59:53.791941785,T,TGT,F I,89,88.25
2025-11-26,9:59:53.798178003,T,TGT,F I,2,88.26
2025-11-26,9:59:59.020136695,T,TGT,F I,98,88.27
2025-11-26,9:59:59.020142613,T,TGT,F,100,88.27
2025-11-26,9:59:59.165496904,T,TGT,F I,25,88.26
2025-11-26,10:00:00.087577671,T,TGT,F,100,88.24
2025-11-26,10:00:00.094993359,T,TGT,I,45,88.25
2025-11-26,10:00:01.349624435,T,TGT,F,140,88.22
2025-11-26,10:00:01.349717577,T,TGT,F I,5,88.21
2025-11-26,10:00:01.349726593,T,TGT,F,126,88.21
2025-11-26,10:00:01.349813837,T,TGT,F I,63,88.21
2025-11-26,10:00:01.349834860,T,TGT,I,11,88.21
2025-11-26,10:00:01.355551447,T,TGT,F I,50,88.22
2025-11-26,10:00:01.355554626,T,TGT,F,100,88.22
2025-11-26,10:00:01.355554626,T,TGT,F,100,88.22
2025-11-26,10:00:01.355557451,T,TGT,F I,5,88.22
2025-11-26,10:00:01.355572523,T,TGT,I,1,88.22
2025-11-26,10:00:01.355608570,T,TGT,I,40,88.22
2025-11-26,10:00:01.355650949,T,TGT,F,194,88.22
2025-11-26,10:00:01.355650949,T,TGT,I,20,88.22
2025-11-26,10:00:01.948218399,T,TGT,F I,20,88.2
2025-11-26,10:00:01.948221407,T,TGT,F I,3,88.2
2025-11-26,10:00:01.948666448,T,TGT,F,144,88.2
2025-11-26,10:00:01.950266263,T,TGT,,100,88.2
2025-11-26,10:00:01.997629076,T,TGT,F I,20,88.19
2025-11-26,10:00:03.582690319,T,TGT,F,100,88.18
2025-11-26,10:00:03.582690319,T,TGT,F I,13,88.18
2025-11-26,10:00:03.965851184,T,TGT,I,12,88.16
2025-11-26,10:00:09.467262834,T,TGT,,100,88.22
2025-11-26,10:00:09.467262834,T,TGT,,100,88.22
2025-11-26,10:00:09.467307694,T,TGT,F I,31,88.23
2025-11-26,10:00:09.467608407,T,TGT,,100,88.23
2025-11-26,10:00:10.634060246,T,TGT,,100,88.27
2025-11-26,10:00:15.888851713,T,TGT,F I,17,88.27
2025-11-26,10:00:15.888855007,T,TGT,F I,6,88.27
2025-11-26,10:00:15.888857204,T,TGT,F I,77,88.27
2025-11-26,10:00:15.888860335,T,TGT,F,100,88.27
2025-11-26,10:00:15.888863195,T,TGT,F I,15,88.27
2025-11-26,10:00:15.888863195,T,TGT,F I,5,88.27
2025-11-26,10:00:15.889229980,T,TGT,F,100,88.27
2025-11-26,10:00:15.889260161,T,TGT,,263,88.255
2025-11-26,10:00:16.087877326,T,TGT,F I,50,88.28
2025-11-26,10:00:16.087877326,T,TGT,F,100,88.28
2025-11-26,10:00:20.187758053,T,TGT,I,10,88.27
2025-11-26,10:00:20.187758053,T,TGT,I,80,88.27
2025-11-26,10:00:20.187758053,T,TGT,I,10,88.27
2025-11-26,10:00:28.561702613,T,TGT,F I,15,88.3
2025-11-26,10:00:28.561702613,T,TGT,F I,25,88.3
2025-11-26,10:00:28.561726690,T,TGT,I,75,88.3
2025-11-26,10:00:28.561729637,T,TGT,I,1,88.3
2025-11-26,10:00:28.561732624,T,TGT,,100,88.3
2025-11-26,10:00:28.561964227,T,TGT,,100,88.3
2025-11-26,10:00:31.113428814,T,TGT,I,5,88.3
2025-11-26,10:00:31.113432116,T,TGT,I,2,88.3
2025-11-26,10:00:31.113432116,T,TGT,I,1,88.3
2025-11-26,10:00:31.113437842,T,TGT,,100,88.3
2025-11-26,10:00:39.057625726,T,TGT,I,84,88.32
2025-11-26,10:00:39.644569995,T,TGT,I,9,88.3
2025-11-26,10:00:41.504254511,T,TGT,F,100,88.29
2025-11-26,10:00:41.504254511,T,TGT,F,200,88.29
2025-11-26,10:00:41.504269494,T,TGT,F I,80,88.29
2025-11-26,10:00:41.522874846,T,TGT,,100,88.28
2025-11-26,10:00:41.541759809,T,TGT,,100,88.28
2025-11-26,10:00:49.129156898,T,TGT,F I,63,88.28
2025-11-26,10:00:49.129177808,T,TGT,F I,37,88.28
2025-11-26,10:00:49.129180902,T,TGT,F,100,88.28
2025-11-26,10:00:49.129183796,T,TGT,F I,38,88.29
2025-11-26,10:00:49.129183796,T,TGT,F I,52,88.29
2025-11-26,10:00:49.129192778,T,TGT,F I,2,88.29
2025-11-26,10:00:49.129200016,T,TGT,F I,8,88.29
2025-11-26,10:00:49.129201975,T,TGT,F I,44,88.29
2025-11-26,10:00:49.129204882,T,TGT,F I,56,88.29
2025-11-26,10:00:49.129207855,T,TGT,F I,27,88.29
2025-11-26,10:00:49.129207855,T,TGT,F,100,88.29
2025-11-26,10:00:49.129637908,T,TGT,F,100,88.29
2025-11-26,10:00:49.129640907,T,TGT,F I,37,88.29
2025-11-26,10:00:49.179502904,T,TGT,F,100,88.31
2025-11-26,10:00:49.179505656,T,TGT,F,100,88.31
2025-11-26,10:01:01.273977145,T,TGT,I,20,88.37
2025-11-26,10:01:01.273977145,T,TGT,I,80,88.37
2025-11-26,10:01:01.273998091,T,TGT,I,1,88.37
2025-11-26,10:01:09.083600609,T,TGT,I,90,88.34
2025-11-26,10:01:09.084565849,T,TGT,F,100,88.32
2025-11-26,10:01:09.084571807,T,TGT,F I,4,88.32
2025-11-26,10:01:09.084583887,T,TGT,F,100,88.32
2025-11-26,10:01:09.084586844,T,TGT,F I,26,88.32
2025-11-26,10:01:09.084592857,T,TGT,F I,14,88.32
2025-11-26,10:01:25.354127002,T,TGT,,100,88.27
2025-11-26,10:01:25.354130932,T,TGT,I,62,88.27
2025-11-26,10:01:25.354515607,T,TGT,,100,88.28
2025-11-26,10:01:25.354519232,T,TGT,I,13,88.29
2025-11-26,10:01:25.354521100,T,TGT,,100,88.29
2025-11-26,10:01:25.354523921,T,TGT,I,98,88.29
2025-11-26,10:01:25.354536134,T,TGT,I,1,88.29
2025-11-26,10:01:25.354538952,T,TGT,F I,1,88.29
2025-11-26,10:01:25.354692385,T,TGT,F I,17,88.3
2025-11-26,10:01:25.354692385,T,TGT,F I,34,88.3
2025-11-26,10:01:25.355693693,T,TGT,F,100,88.31
2025-11-26,10:01:25.355886144,T,TGT,I,10,88.32
2025-11-26,10:01:25.355904283,T,TGT,F I,10,88.32
2025-11-26,10:01:28.355734438,T,TGT,F I,17,88.37
2025-11-26,10:01:28.355734438,T,TGT,F I,34,88.37
2025-11-26,10:01:28.355737041,T,TGT,F,171,88.37
2025-11-26,10:01:28.355739943,T,TGT,F I,65,88.37
2025-11-26,10:01:28.355773035,T,TGT,I,80,88.37
2025-11-26,10:01:28.355773035,T,TGT,I,20,88.37
2025-11-26,10:01:35.180829863,T,TGT,F,100,88.33
2025-11-26,10:01:35.180880979,T,TGT,F I,10,88.33
2025-11-26,10:01:35.180880979,T,TGT,F I,53,88.33
2025-11-26,10:01:35.180971231,T,TGT,F I,47,88.33
2025-11-26,10:01:35.181353622,T,TGT,I,10,88.32
2025-11-26,10:01:35.767091621,T,TGT,I,63,88.335
2025-11-26,10:01:35.767130623,T,TGT,I,27,88.335
2025-11-26,10:01:35.767133735,T,TGT,I,8,88.335
2025-11-26,10:01:37.541817659,T,TGT,I,63,88.32
2025-11-26,10:01:41.520088325,T,TGT,I,8,88.325
2025-11-26,10:01:58.442715335,T,TGT,F I,5,88.31
2025-11-26,10:01:58.442718093,T,TGT,F I,23,88.3
2025-11-26,10:01:58.442757144,T,TGT,I,26,88.3
2025-11-26,10:01:58.442769153,T,TGT,I,29,88.3
2025-11-26,10:02:00.167305681,T,TGT,F I,22,88.3
2025-11-26,10:02:00.167353801,T,TGT,I,22,88.3
2025-11-26,10:02:01.395666141,T,TGT,F I,22,88.3
2025-11-26,10:02:01.812714698,T,TGT,F I,1,88.29
2025-11-26,10:02:01.812726679,T,TGT,I,1,88.29
2025-11-26,10:02:01.812816890,T,TGT,F I,41,88.31
2025-11-26,10:02:01.812880025,T,TGT,F I,14,88.33
2025-11-26,10:02:01.812886067,T,TGT,F,100,88.33
2025-11-26,10:02:01.812886067,T,TGT,F I,29,88.33
2025-11-26,10:02:01.812979285,T,TGT,F I,1,88.34
2025-11-26,10:02:01.813108586,T,TGT,F I,40,88.35
2025-11-26,10:02:01.813114956,T,TGT,F I,60,88.35
2025-11-26,10:02:01.813195940,T,TGT,F,100,88.35
2025-11-26,10:02:01.827326493,T,TGT,I,25,88.36
2025-11-26,10:02:01.827326493,T,TGT,I,4,88.36
2025-11-26,10:02:01.827329450,T,TGT,I,50,88.36
2025-11-26,10:02:01.827332445,T,TGT,I,21,88.36
2025-11-26,10:02:01.827347565,T,TGT,I,1,88.36
2025-11-26,10:02:01.827618176,T,TGT,F I,53,88.36
2025-11-26,10:02:01.828670660,T,TGT,F I,52,88.36
2025-11-26,10:02:01.831479327,T,TGT,F,311,88.36
2025-11-26,10:02:01.831503931,T,TGT,,698,88.36
2025-11-26,10:02:01.831503931,T,TGT,I,41,88.36
2025-11-26,10:02:01.831506410,T,TGT,I,28,88.36
2025-11-26,10:02:01.831506410,T,TGT,I,29,88.36
2025-11-26,10:02:02.058342764,T,TGT,F,100,88.35
2025-11-26,10:02:02.058364552,T,TGT,I,1,88.35
2025-11-26,10:02:02.058367010,T,TGT,I,69,88.35
2025-11-26,10:02:02.058408924,T,TGT,I,40,88.34
2025-11-26,10:02:02.058408924,T,TGT,I,20,88.34
2025-11-26,10:02:02.058412026,T,TGT,I,60,88.34
2025-11-26,10:02:11.562984406,T,TGT,F I,40,88.31
2025-11-26,10:02:11.562984406,T,TGT,F I,60,88.31
2025-11-26,10:02:11.562987296,T,TGT,F,100,88.31
2025-11-26,10:02:11.562990295,T,TGT,F I,1,88.31
2025-11-26,10:02:21.596489779,T,TGT,F I,6,88.31
2025-11-26,10:02:21.597422021,T,TGT,F I,6,88.31
2025-11-26,10:02:21.597491238,T,TGT,F I,6,88.31
2025-11-26,10:02:21.598399339,T,TGT,F I,6,88.31
2025-11-26,10:02:21.599220328,T,TGT,F I,63,88.31
2025-11-26,10:02:21.599611238,T,TGT,F I,1,88.31
2025-11-26,10:02:21.599911920,T,TGT,F I,6,88.32
2025-11-26,10:02:24.168688803,T,TGT,F I,50,88.32
2025-11-26,10:02:24.168691733,T,TGT,F,100,88.32
2025-11-26,10:02:24.168694817,T,TGT,F I,3,88.32
2025-11-26,10:02:24.294653138,T,TGT,,120,88.28
2025-11-26,10:02:24.295149122,T,TGT,,142,88.28
2025-11-26,10:02:24.295588146,T,TGT,F I,33,88.29
2025-11-26,10:02:27.309725813,T,TGT,F I,41,88.31
2025-11-26,10:02:27.309743952,T,TGT,F I,53,88.31
2025-11-26,10:02:27.319057106,T,TGT,I,2,88.33
2025-11-26,10:02:27.319057106,T,TGT,I,2,88.33
2025-11-26,10:02:27.319060426,T,TGT,I,10,88.33
2025-11-26,10:02:27.319060426,T,TGT,I,2,88.33
2025-11-26,10:02:27.319063359,T,TGT,I,2,88.33
2025-11-26,10:02:27.319066150,T,TGT,I,80,88.33
2025-11-26,10:02:29.942717566,T,TGT,F I,52,88.32
2025-11-26,10:02:35.722760734,T,TGT,,200,88.32
2025-11-26,10:02:39.432518825,T,TGT,F I,3,88.34
2025-11-26,10:02:39.432521801,T,TGT,F I,1,88.34
2025-11-26,10:02:39.432524727,T,TGT,F I,96,88.34
2025-11-26,10:02:39.432936797,T,TGT,I,75,88.335
2025-11-26,10:02:39.432936797,T,TGT,I,43,88.335
2025-11-26,10:02:39.432960841,T,TGT,,300,88.335
2025-11-26,10:02:39.432993929,T,TGT,I,75,88.335
2025-11-26,10:02:39.447298972,T,TGT,F I,63,88.33
2025-11-26,10:02:42.388946045,T,TGT,F I,63,88.33
2025-11-26,10:02:42.388991178,T,TGT,F I,63,88.33
2025-11-26,10:02:51.407840361,T,TGT,I,63,88.335
2025-11-26,10:03:00.114762631,T,TGT,F,100,88.35
2025-11-26,10:03:01.999177972,T,TGT,F I,46,88.36
2025-11-26,10:03:01.999180953,T,TGT,I,32,88.36
2025-11-26,10:03:01.999180953,T,TGT,I,5,88.36
2025-11-26,10:03:01.999319274,T,TGT,I,5,88.36
2025-11-26,10:03:02.093076805,T,TGT,F I,50,88.35
2025-11-26,10:03:02.093079657,T,TGT,F I,1,88.34
2025-11-26,10:03:02.093083120,T,TGT,F,100,88.34
2025-11-26,10:03:02.093083120,T,TGT,F I,76,88.34
2025-11-26,10:03:02.093085704,T,TGT,F,100,88.34
2025-11-26,10:03:02.093085704,T,TGT,F,223,88.34
2025-11-26,10:03:02.093100717,T,TGT,I,1,88.34
2025-11-26,10:03:02.093124788,T,TGT,I,60,88.34
2025-11-26,10:03:02.093278135,T,TGT,,215,88.34
2025-11-26,10:03:02.093428553,T,TGT,F,395,88.34
2025-11-26,10:03:04.391121507,T,TGT,F I,8,88.35
2025-11-26,10:03:04.391121507,T,TGT,F I,35,88.35
2025-11-26,10:03:04.391274768,T,TGT,F,100,88.36
2025-11-26,10:03:04.391334965,T,TGT,F I,15,88.37
2025-11-26,10:03:07.515537941,T,TGT,F I,30,88.38
2025-11-26,10:03:10.125497835,T,TGT,,100,88.37
2025-11-26,10:03:10.125512846,T,TGT,F I,8,88.37
2025-11-26,10:03:10.127404368,T,TGT,F I,25,88.39
2025-11-26,10:03:10.127404368,T,TGT,F I,47,88.39
2025-11-26,10:03:10.129939610,T,TGT,I,17,88.4
2025-11-26,10:03:10.129939610,T,TGT,I,83,88.4
2025-11-26,10:03:10.129963507,T,TGT,F I,17,88.4
2025-11-26,10:03:10.129966551,T,TGT,F I,85,88.4
2025-11-26,10:03:10.130441641,T,TGT,F I,25,88.41
2025-11-26,10:03:10.130444878,T,TGT,F I,47,88.41
2025-11-26,10:03:10.130444878,T,TGT,I,25,88.41
2025-11-26,10:03:10.130450702,T,TGT,F I,75,88.41
2025-11-26,10:03:12.798896919,T,TGT,F,100,88.405
2025-11-26,10:03:12.798900018,T,TGT,F I,8,88.405
2025-11-26,10:03:12.798902923,T,TGT,F I,34,88.41
2025-11-26,10:03:12.798921151,T,TGT,F I,8,88.41
2025-11-26,10:03:12.798990121,T,TGT,I,50,88.4
2025-11-26,10:03:12.799020213,T,TGT,,100,88.42
2025-11-26,10:03:12.799050214,T,TGT,,100,88.42
2025-11-26,10:03:12.799212700,T,TGT,F,100,88.41
2025-11-26,10:03:12.799230703,T,TGT,F I,53,88.41
2025-11-26,10:03:12.799233759,T,TGT,F,100,88.41
2025-11-26,10:03:12.799249955,T,TGT,I,43,88.4
2025-11-26,10:03:12.799249955,T,TGT,F I,14,88.4
2025-11-26,10:03:12.799369068,T,TGT,I,21,88.39
2025-11-26,10:03:12.799450221,T,TGT,I,20,88.39
2025-11-26,10:03:12.799669692,T,TGT,,100,88.38
2025-11-26,10:03:12.799669692,T,TGT,,100,88.38
2025-11-26,10:03:12.799672720,T,TGT,I,45,88.38
2025-11-26,10:03:12.800030600,T,TGT,,100,88.37
2025-11-26,10:03:12.800626267,T,TGT,F I,45,88.36
2025-11-26,10:03:12.800629295,T,TGT,F I,35,88.37
2025-11-26,10:03:12.800632590,T,TGT,F I,90,88.37
2025-11-26,10:03:12.800632590,T,TGT,F,570,88.37
2025-11-26,10:03:12.800635171,T,TGT,F I,92,88.37
2025-11-26,10:03:12.800638055,T,TGT,F I,10,88.37
2025-11-26,10:03:12.800638055,T,TGT,F I,21,88.37
2025-11-26,10:03:12.905191173,T,TGT,F I,79,88.37
2025-11-26,10:03:14.307672254,T,TGT,,100,88.37
2025-11-26,10:03:26.932902871,T,TGT,F I,37,88.37
2025-11-26,10:03:26.932908334,T,TGT,F,100,88.38
2025-11-26,10:03:26.932911271,T,TGT,F,125,88.38
2025-11-26,10:03:26.934072140,T,TGT,I,40,88.38
2025-11-26,10:03:26.936715410,T,TGT,F I,37,88.38
2025-11-26,10:03:26.936715410,T,TGT,F I,49,88.38
2025-11-26,10:03:26.936718347,T,TGT,F I,49,88.38
2025-11-26,10:03:26.936995042,T,TGT,F I,16,88.38
2025-11-26,10:03:26.936998089,T,TGT,F I,84,88.38
2025-11-26,10:03:28.331480165,T,TGT,I,4,88.39
2025-11-26,10:03:31.072122412,T,TGT,F I,75,88.41
2025-11-26,10:03:31.072122412,T,TGT,F I,25,88.42
2025-11-26,10:03:31.077348763,T,TGT,I,8,88.41
2025-11-26,10:03:31.077348763,T,TGT,I,6,88.41
2025-11-26,10:03:39.963864670,T,TGT,F,100,88.38
2025-11-26,10:03:39.976416594,T,TGT,F I,63,88.35
2025-11-26,10:03:39.976425595,T,TGT,I,75,88.35
2025-11-26,10:03:39.976515783,T,TGT,I,75,88.35
2025-11-26,10:03:39.976584983,T,TGT,,112,88.35
2025-11-26,10:03:39.979213221,T,TGT,I,8,88.35
2025-11-26,10:03:39.987873922,T,TGT,,200,88.35
2025-11-26,10:03:48.464549511,T,TGT,I,80,88.35
2025-11-26,10:03:48.465334402,T,TGT,I,9,88.35
2025-11-26,10:03:48.472554640,T,TGT,I,80,88.35
2025-11-26,10:03:48.474566357,T,TGT,I,70,88.35
2025-11-26,10:03:48.474596449,T,TGT,I,50,88.35
2025-11-26,10:03:48.474599455,T,TGT,I,8,88.35
2025-11-26,10:03:49.339802724,T,TGT,,107,88.35
2025-11-26,10:03:50.036505694,T,TGT,F,100,88.36
2025-11-26,10:03:50.036505694,T,TGT,F,227,88.36
2025-11-26,10:03:50.036517871,T,TGT,F I,9,88.36
2025-11-26,10:03:50.036523586,T,TGT,I,1,88.36
2025-11-26,10:03:50.036523586,T,TGT,F I,3,88.36
2025-11-26,10:03:50.036529707,T,TGT,F,126,88.36
2025-11-26,10:03:51.560867006,T,TGT,I,8,88.375
2025-11-26,10:04:00.983364932,T,TGT,F I,21,88.37
2025-11-26,10:04:00.983382964,T,TGT,F I,79,88.37
2025-11-26,10:04:14.202705183,T,TGT,F,100,88.36
2025-11-26,10:04:14.202705183,T,TGT,F I,1,88.36
2025-11-26,10:04:14.202708362,T,TGT,F I,1,88.36
2025-11-26,10:04:14.202708362,T,TGT,F I,6,88.36
2025-11-26,10:04:14.202756304,T,TGT,F I,80,88.36
2025-11-26,10:04:14.203992449,T,TGT,F I,46,88.37
2025-11-26,10:04:14.203992449,T,TGT,F I,16,88.37
2025-11-26,10:04:14.203995313,T,TGT,F I,25,88.37
2025-11-26,10:04:14.204211731,T,TGT,I,1,88.37
2025-11-26,10:04:14.204359151,T,TGT,F I,16,88.355
2025-11-26,10:04:14.204359151,T,TGT,F I,53,88.37
2025-11-26,10:04:14.405204607,T,TGT,F I,25,88.36
2025-11-26,10:04:14.405204607,T,TGT,F I,31,88.36
2025-11-26,10:04:14.524465793,T,TGT,F I,36,88.37
2025-11-26,10:04:15.230466672,T,TGT,F I,16,88.37
2025-11-26,10:04:25.202226288,T,TGT,F I,8,88.365
2025-11-26,10:04:25.202229078,T,TGT,F I,13,88.37
2025-11-26,10:04:25.203031993,T,TGT,I,8,88.37
2025-11-26,10:04:25.203034943,T,TGT,I,92,88.37
2025-11-26,10:04:25.203053086,T,TGT,I,1,88.37
2025-11-26,10:04:34.196260154,T,TGT,F,100,88.36
2025-11-26,10:04:34.196260154,T,TGT,F I,40,88.35
2025-11-26,10:04:34.196323252,T,TGT,I,8,88.36
2025-11-26,10:04:34.196428451,T,TGT,F I,3,88.37
2025-11-26,10:04:34.247496171,T,TGT,,100,88.38
2025-11-26,10:04:34.791732878,T,TGT,F I,10,88.39
2025-11-26,10:04:34.791732878,T,TGT,F,100,88.39
2025-11-26,10:04:34.791916307,T,TGT,F I,71,88.4
2025-11-26,10:04:34.792211001,T,TGT,F,229,88.4
2025-11-26,10:04:34.792881540,T,TGT,F,100,88.4
2025-11-26,10:04:34.792905644,T,TGT,I,1,88.4
2025-11-26,10:04:35.124430348,T,TGT,F I,27,88.43
2025-11-26,10:04:35.127088706,T,TGT,F I,8,88.42
2025-11-26,10:04:35.127088706,T,TGT,F I,57,88.42
2025-11-26,10:04:39.122112267,T,TGT,I,63,88.435
2025-11-26,10:04:39.122160372,T,TGT,I,37,88.435
2025-11-26,10:04:39.122166312,T,TGT,I,26,88.435
2025-11-26,10:04:43.785827175,T,TGT,F,100,88.45
2025-11-26,10:04:46.768172804,T,TGT,I,1,88.435
2025-11-26,10:04:54.562210093,T,TGT,F I,30,88.43
2025-11-26,10:04:54.562285279,T,TGT,F I,53,88.42
2025-11-26,10:04:54.562309379,T,TGT,F I,47,88.42
2025-11-26,10:04:56.331664552,T,TGT,I,20,88.43
2025-11-26,10:04:57.023501769,T,TGT,F,100,88.46
2025-11-26,10:04:59.528106136,T,TGT,F I,3,88.48
2025-11-26,10:04:59.528108674,T,TGT,F I,10,88.48
2025-11-26,10:04:59.528120752,T,TGT,I,69,88.49
2025-11-26,10:04:59.528424455,T,TGT,F I,31,88.49
2025-11-26,10:05:04.577862218,T,TGT,F,100,88.48
2025-11-26,10:05:04.577865150,T,TGT,F,500,88.48
2025-11-26,10:05:04.578629414,T,TGT,I,32,88.48
2025-11-26,10:05:04.578629414,T,TGT,I,11,88.48
2025-11-26,10:05:04.578641606,T,TGT,I,9,88.48
2025-11-26,10:05:04.578899942,T,TGT,F I,13,88.49
2025-11-26,10:05:04.578902637,T,TGT,F I,26,88.49
2025-11-26,10:05:04.579362801,T,TGT,F I,2,88.49
2025-11-26,10:05:04.579383739,T,TGT,F I,44,88.49
2025-11-26,10:05:04.579386745,T,TGT,F I,20,88.49
2025-11-26,10:05:04.580228769,T,TGT,F,100,88.5
2025-11-26,10:05:04.580231813,T,TGT,F,100,88.5
2025-11-26,10:05:04.580337491,T,TGT,I,13,88.5
2025-11-26,10:05:04.580340251,T,TGT,I,26,88.5
2025-11-26,10:05:04.580343103,T,TGT,I,75,88.495
2025-11-26,10:05:04.580343103,T,TGT,I,13,88.49
2025-11-26,10:05:04.580346728,T,TGT,I,26,88.49
2025-11-26,10:05:04.580346728,T,TGT,,100,88.49
2025-11-26,10:05:04.580349361,T,TGT,I,32,88.49
2025-11-26,10:05:04.580349361,T,TGT,I,8,88.49
2025-11-26,10:05:04.580355619,T,TGT,I,25,88.49
2025-11-26,10:05:04.580355619,T,TGT,I,36,88.49
2025-11-26,10:05:04.580364283,T,TGT,I,1,88.49
2025-11-26,10:05:04.580368116,T,TGT,I,38,88.49
2025-11-26,10:05:04.580368116,T,TGT,I,36,88.49
2025-11-26,10:05:04.580373373,T,TGT,I,26,88.49
2025-11-26,10:05:04.580397145,T,TGT,I,74,88.49
2025-11-26,10:05:04.580401059,T,TGT,I,1,88.49
2025-11-26,10:05:04.580401059,T,TGT,I,25,88.49
2025-11-26,10:05:04.580406347,T,TGT,I,19,88.49
2025-11-26,10:05:04.580409281,T,TGT,I,31,88.49
2025-11-26,10:05:04.580521034,T,TGT,F I,32,88.5
2025-11-26,10:05:04.580521034,T,TGT,F I,8,88.5
2025-11-26,10:05:04.580523796,T,TGT,F I,26,88.5
2025-11-26,10:05:04.580523796,T,TGT,F I,74,88.5
2025-11-26,10:05:04.580920476,T,TGT,,100,88.5
2025-11-26,10:05:04.582655796,T,TGT,F I,7,88.51
2025-11-26,10:05:04.582658639,T,TGT,F I,2,88.51
2025-11-26,10:05:04.582664584,T,TGT,F I,1,88.51
2025-11-26,10:05:05.151935873,T,TGT,F I,2,88.5
2025-11-26,10:05:05.686180319,T,TGT,F I,80,88.51
2025-11-26,10:05:05.686182598,T,TGT,F I,26,88.51
2025-11-26,10:05:05.686185644,T,TGT,F I,13,88.51
2025-11-26,10:05:05.686188695,T,TGT,F,100,88.51
2025-11-26,10:05:10.615619963,T,TGT,I,25,88.53
2025-11-26,10:05:10.615622397,T,TGT,I,2,88.53
2025-11-26,10:05:10.615625417,T,TGT,I,1,88.53
2025-11-26,10:05:18.854491578,T,TGT,I,75,88.505
2025-11-26,10:05:18.854548702,T,TGT,I,25,88.505
2025-11-26,10:05:19.304026815,T,TGT,F,100,88.49
2025-11-26,10:05:19.304026815,T,TGT,F I,60,88.49
2025-11-26,10:05:19.304030195,T,TGT,F I,20,88.49
2025-11-26,10:05:19.304032540,T,TGT,F I,40,88.49
2025-11-26,10:05:19.304032540,T,TGT,F I,85,88.49
2025-11-26,10:05:19.304044751,T,TGT,F I,35,88.49
2025-11-26,10:05:19.304048057,T,TGT,F I,60,88.49
2025-11-26,10:05:19.304048057,T,TGT,F I,20,88.49
2025-11-26,10:05:19.304050517,T,TGT,F I,20,88.49
