DATE,TIME_M,EX,SYM_ROOT,TR_SCOND,SIZE,PRICE
2025-10-07,9:30:02.745381119,T,TGT,I,1,89.14
2025-10-07,9:30:02.745393172,T,TGT,Q,1,89.14
2025-10-07,9:30:04.999082527,T,TGT,I,1,88.97
2025-10-07,9:30:08.212340184,T,TGT,F I,99,89.14
2025-10-07,9:30:08.212340184,T,TGT,F I,23,89.16
2025-10-07,9:30:56.063465648,T,TGT,I,43,89.11
2025-10-07,9:31:17.830371346,T,TGT,,100,89.11
2025-10-07,9:31:17.830482606,T,TGT,F,100,89.12
2025-10-07,9:31:17.830660034,T,TGT,,100,89.12
2025-10-07,9:31:17.830801408,T,TGT,I,2,89.12
2025-10-07,9:31:17.830879501,T,TGT,I,10,89.12
2025-10-07,9:31:17.831162240,T,TGT,I,8,89.12
2025-10-07,9:31:17.831426897,T,TGT,I,20,89.12
2025-10-07,9:31:17.831429877,T,TGT,I,80,89.13
2025-10-07,9:31:17.831429877,T,TGT,I,20,89.13
2025-10-07,9:31:17.831432807,T,TGT,I,9,89.13
2025-10-07,9:31:17.831451269,T,TGT,F I,20,89.13
2025-10-07,9:31:17.831451269,T,TGT,I,1,89.13
2025-10-07,9:31:17.831628365,T,TGT,I,70,89.13
2025-10-07,9:31:54.983304737,T,TGT,F I,9,89.11
2025-10-07,9:31:54.989087508,T,TGT,F I,1,89.16
2025-10-07,9:31:54.989397254,T,TGT,I,31,89.18
2025-10-07,9:31:54.989604695,T,TGT,,198,89.18
2025-10-07,9:31:54.989616694,T,TGT,I,66,89.18
2025-10-07,9:31:54.989861304,T,TGT,I,98,89.19
2025-10-07,9:31:54.989863430,T,TGT,,100,89.19
2025-10-07,9:31:54.989867368,T,TGT,,100,89.19
2025-10-07,9:31:54.989867368,T,TGT,,100,89.19
2025-10-07,9:31:55.012471216,T,TGT,F,100,89.2
2025-10-07,9:32:10.410220920,T,TGT,I,1,89.18
2025-10-07,9:32:10.410247864,T,TGT,,132,89.18
2025-10-07,9:32:10.410256874,T,TGT,F I,67,89.18
2025-10-07,9:32:10.410259824,T,TGT,F,100,89.18
2025-10-07,9:32:10.410413253,T,TGT,F,100,89.18
2025-10-07,9:32:10.410515432,T,TGT,I,1,89.17
2025-10-07,9:32:10.410551516,T,TGT,F I,99,89.17
2025-10-07,9:32:10.410704996,T,TGT,F,468,89.18
2025-10-07,9:32:10.410927479,T,TGT,F I,40,89.18
2025-10-07,9:32:16.035981891,T,TGT,F,100,89.1
2025-10-07,9:32:16.035984896,T,TGT,F,100,89.1
2025-10-07,9:32:16.036306761,T,TGT,F I,3,89.07
2025-10-07,9:32:16.036381883,T,TGT,I,42,89.1
2025-10-07,9:32:16.036520245,T,TGT,F I,3,89.07
2025-10-07,9:32:16.036601378,T,TGT,F I,97,89.07
2025-10-07,9:32:16.036601378,T,TGT,F I,12,89.07
2025-10-07,9:32:16.036631428,T,TGT,I,37,89.11
2025-10-07,9:32:16.037416294,T,TGT,F I,1,89.08
2025-10-07,9:32:16.431517275,T,TGT,F,100,89.1
2025-10-07,9:32:16.431520343,T,TGT,F,261,89.08
2025-10-07,9:32:16.431523306,T,TGT,F,100,89.08
2025-10-07,9:32:16.431523306,T,TGT,F I,37,89.08
2025-10-07,9:32:16.431526322,T,TGT,F I,72,89.08
2025-10-07,9:32:16.431526322,T,TGT,F,100,89.08
2025-10-07,9:32:28.905238341,T,TGT,F,301,89.06
2025-10-07,9:32:28.905241375,T,TGT,F I,15,89.06
2025-10-07,9:32:28.905241375,T,TGT,F I,1,89.05
2025-10-07,9:32:28.905244304,T,TGT,F I,5,89.05
2025-10-07,9:32:28.905364615,T,TGT,I,1,89.04
2025-10-07,9:32:28.905896919,T,TGT,F I,11,89.01
2025-10-07,9:32:28.906128583,T,TGT,F I,1,89.0
2025-10-07,9:32:28.906128583,T,TGT,F I,5,89.0
2025-10-07,9:32:28.906131454,T,TGT,F I,4,89.0
2025-10-07,9:32:28.906134576,T,TGT,F I,4,89.0
2025-10-07,9:32:28.906137958,T,TGT,F I,25,89.0
2025-10-07,9:32:28.906137958,T,TGT,F I,2,89.0
2025-10-07,9:32:28.906141248,T,TGT,F I,5,89.0
2025-10-07,9:32:28.906141248,T,TGT,F I,1,89.0
2025-10-07,9:32:28.906143534,T,TGT,F,100,89.0
2025-10-07,9:32:28.906146688,T,TGT,F I,1,89.0
2025-10-07,9:32:29.005987351,T,TGT,F I,10,88.96
2025-10-07,9:32:29.006008438,T,TGT,F,140,88.96
2025-10-07,9:32:29.006011434,T,TGT,F I,4,88.96
2025-10-07,9:32:29.204090331,T,TGT,F,100,89.0
2025-10-07,9:32:29.204321854,T,TGT,F I,4,89.0
2025-10-07,9:32:29.204330877,T,TGT,F I,2,89.0
2025-10-07,9:32:29.204520350,T,TGT,F I,10,89.0
2025-10-07,9:32:29.204526322,T,TGT,F I,2,89.0
2025-10-07,9:32:29.204592481,T,TGT,F I,11,89.02
2025-10-07,9:32:35.174446048,T,TGT,F I,11,89.01
2025-10-07,9:32:35.174446048,T,TGT,F I,10,89.0
2025-10-07,9:32:35.174448799,T,TGT,F I,1,88.95
2025-10-07,9:32:35.174448799,T,TGT,F I,30,88.95
2025-10-07,9:32:55.895411340,T,TGT,F I,10,89.04
2025-10-07,9:32:55.895450387,T,TGT,F I,14,89.04
2025-10-07,9:32:55.895454306,T,TGT,F I,9,89.06
2025-10-07,9:32:55.895454306,T,TGT,F I,1,89.06
2025-10-07,9:32:55.895459478,T,TGT,F,1045,89.07
2025-10-07,9:32:55.895817485,T,TGT,F I,10,89.07
2025-10-07,9:32:55.895835296,T,TGT,F I,14,89.07
2025-10-07,9:32:55.895880462,T,TGT,F I,3,89.1
2025-10-07,9:32:55.895880462,T,TGT,F I,57,89.1
2025-10-07,9:32:55.896259384,T,TGT,F I,1,89.1
2025-10-07,9:32:55.896304437,T,TGT,F I,1,89.11
2025-10-07,9:32:55.896929905,T,TGT,I,13,89.13
2025-10-07,9:32:55.897762900,T,TGT,,100,89.15
2025-10-07,9:32:58.448620254,T,TGT,I,5,89.055
2025-10-07,9:33:03.379242270,T,TGT,F I,30,89.17
2025-10-07,9:33:03.379245463,T,TGT,F I,16,89.17
2025-10-07,9:33:03.379248693,T,TGT,F I,14,89.17
2025-10-07,9:33:03.379266398,T,TGT,F I,10,89.17
2025-10-07,9:33:03.706797698,T,TGT,F,100,89.21
2025-10-07,9:33:03.706806864,T,TGT,F,100,89.22
2025-10-07,9:33:03.706809744,T,TGT,F,831,89.22
2025-10-07,9:33:03.708168902,T,TGT,F I,12,89.24
2025-10-07,9:33:03.708174937,T,TGT,F I,5,89.23
2025-10-07,9:33:03.708262133,T,TGT,F,100,89.23
2025-10-07,9:33:03.708289319,T,TGT,,100,89.23
2025-10-07,9:33:03.708310426,T,TGT,,100,89.23
2025-10-07,9:33:03.708565864,T,TGT,I,20,89.25
2025-10-07,9:33:14.695532950,T,TGT,F I,3,89.18
2025-10-07,9:33:32.697092958,T,TGT,I,2,89.23
2025-10-07,9:33:45.606925201,T,TGT,F,100,89.13
2025-10-07,9:33:45.606989583,T,TGT,,100,89.13
2025-10-07,9:33:45.607009356,T,TGT,I,50,89.13
2025-10-07,9:33:45.696180889,T,TGT,F I,10,89.17
2025-10-07,9:33:45.696198857,T,TGT,F I,90,89.17
2025-10-07,9:33:45.696201915,T,TGT,F I,2,89.17
2025-10-07,9:33:45.707770462,T,TGT,F I,14,89.14
2025-10-07,9:33:45.707800798,T,TGT,I,86,89.14
2025-10-07,9:33:45.707800798,T,TGT,I,10,89.14
2025-10-07,9:33:45.707803520,T,TGT,I,20,89.14
2025-10-07,9:33:45.707806500,T,TGT,I,10,89.14
2025-10-07,9:33:45.707825298,T,TGT,I,43,89.17
2025-10-07,9:33:45.707887764,T,TGT,F I,2,89.17
2025-10-07,9:33:46.108330771,T,TGT,I,1,89.17
2025-10-07,9:33:48.990755130,T,TGT,F I,20,89.21
2025-10-07,9:33:48.990803272,T,TGT,F I,2,89.22
2025-10-07,9:33:48.990875347,T,TGT,I,2,89.23
2025-10-07,9:33:48.990875347,T,TGT,I,14,89.23
2025-10-07,9:33:48.991410652,T,TGT,F,100,89.24
2025-10-07,9:33:48.991413837,T,TGT,F I,30,89.24
2025-10-07,9:33:48.991413837,T,TGT,F I,10,89.24
2025-10-07,9:33:48.991759524,T,TGT,I,30,89.25
2025-10-07,9:33:48.991762496,T,TGT,,100,89.25
2025-10-07,9:33:48.991826294,T,TGT,I,7,89.25
2025-10-07,9:33:48.991879926,T,TGT,F I,42,89.25
2025-10-07,9:33:48.991885709,T,TGT,F I,58,89.25
2025-10-07,9:33:48.991888908,T,TGT,F,100,89.25
2025-10-07,9:33:48.992926190,T,TGT,I,4,89.23
2025-10-07,9:33:48.992929259,T,TGT,I,2,89.23
2025-10-07,9:33:48.993029017,T,TGT,I,11,89.23
2025-10-07,9:33:48.993326635,T,TGT,F I,1,89.25
2025-10-07,9:33:56.597530883,T,TGT,F I,13,89.26
2025-10-07,9:33:56.597561106,T,TGT,F I,9,89.27
2025-10-07,9:33:56.597729454,T,TGT,F I,2,89.27
2025-10-07,9:33:56.598920268,T,TGT,,416,89.29
2025-10-07,9:33:56.599654269,T,TGT,F,584,89.29
2025-10-07,9:33:56.599654269,T,TGT,F I,71,89.29
2025-10-07,9:33:56.599762216,T,TGT,F I,29,89.29
2025-10-07,9:33:56.599765282,T,TGT,F,117,89.3
2025-10-07,9:33:56.599768311,T,TGT,F I,45,89.3
2025-10-07,9:33:56.599786316,T,TGT,I,1,89.3
2025-10-07,9:33:56.599819415,T,TGT,F,249,89.3
2025-10-07,9:33:56.599822338,T,TGT,F,500,89.3
2025-10-07,9:33:56.600204361,T,TGT,,100,89.3
2025-10-07,9:33:56.600207298,T,TGT,,100,89.3
2025-10-07,9:33:56.600231354,T,TGT,I,1,89.3
2025-10-07,9:33:56.600265676,T,TGT,I,99,89.3
2025-10-07,9:33:56.600267491,T,TGT,,100,89.3
2025-10-07,9:33:56.600270844,T,TGT,I,2,89.3
2025-10-07,9:33:56.600435802,T,TGT,F,100,89.29
2025-10-07,9:33:56.600489919,T,TGT,,100,89.29
2025-10-07,9:33:56.600553097,T,TGT,F I,4,89.3
2025-10-07,9:33:56.600583186,T,TGT,,100,89.31
2025-10-07,9:33:56.600760614,T,TGT,I,25,89.31
2025-10-07,9:33:56.600862881,T,TGT,F I,2,89.31
2025-10-07,9:33:56.600890524,T,TGT,I,9,89.32
2025-10-07,9:33:56.600959055,T,TGT,F,100,89.32
2025-10-07,9:33:56.601040642,T,TGT,F,100,89.31
2025-10-07,9:33:56.601040642,T,TGT,F I,2,89.31
2025-10-07,9:33:56.601244800,T,TGT,F I,2,89.32
2025-10-07,9:33:56.620974742,T,TGT,,100,89.32
2025-10-07,9:33:58.754870717,T,TGT,F I,3,89.27
2025-10-07,9:34:07.309988895,T,TGT,F I,4,89.34
2025-10-07,9:34:07.310653820,T,TGT,F I,24,89.33
2025-10-07,9:34:07.310653820,T,TGT,F I,33,89.33
2025-10-07,9:34:07.310900287,T,TGT,I,10,89.34
2025-10-07,9:34:07.310903037,T,TGT,I,10,89.35
2025-10-07,9:34:07.310945244,T,TGT,F I,20,89.32
2025-10-07,9:34:07.310981256,T,TGT,I,20,89.33
2025-10-07,9:34:07.311032435,T,TGT,F I,98,89.33
2025-10-07,9:34:07.311062742,T,TGT,I,32,89.33
2025-10-07,9:34:07.311065466,T,TGT,I,10,89.34
2025-10-07,9:34:07.311143852,T,TGT,I,10,89.34
2025-10-07,9:34:07.311146725,T,TGT,I,2,89.34
2025-10-07,9:34:07.311146725,T,TGT,I,20,89.34
2025-10-07,9:34:07.311199055,T,TGT,F I,20,89.33
2025-10-07,9:34:07.311201152,T,TGT,F I,36,89.32
2025-10-07,9:34:07.311257897,T,TGT,I,36,89.33
2025-10-07,9:34:07.311257897,T,TGT,I,64,89.34
2025-10-07,9:34:07.311354169,T,TGT,I,20,89.34
2025-10-07,9:34:07.311477908,T,TGT,F I,6,89.33
2025-10-07,9:34:07.311483958,T,TGT,F I,26,89.33
2025-10-07,9:34:07.311567613,T,TGT,I,6,89.34
2025-10-07,9:34:07.311574083,T,TGT,,100,89.34
2025-10-07,9:34:07.311574083,T,TGT,I,20,89.34
2025-10-07,9:34:07.311787165,T,TGT,F I,24,89.33
2025-10-07,9:34:07.311838340,T,TGT,,100,89.34
2025-10-07,9:34:07.312926959,T,TGT,F I,2,89.35
2025-10-07,9:34:07.313744854,T,TGT,F I,2,89.37
2025-10-07,9:34:07.313793665,T,TGT,F I,2,89.37
2025-10-07,9:34:07.313795923,T,TGT,F I,6,89.37
2025-10-07,9:34:07.313798940,T,TGT,F I,8,89.36
2025-10-07,9:34:07.313829025,T,TGT,I,2,89.36
2025-10-07,9:34:07.313829025,T,TGT,I,20,89.36
2025-10-07,9:34:07.313832082,T,TGT,I,48,89.35
2025-10-07,9:34:07.313880204,T,TGT,F I,52,89.35
2025-10-07,9:34:07.313880204,T,TGT,F I,20,89.35
2025-10-07,9:34:07.321828088,T,TGT,,100,89.35
2025-10-07,9:34:07.321849167,T,TGT,I,1,89.35
2025-10-07,9:34:07.388022212,T,TGT,I,1,89.35
2025-10-07,9:34:07.388022212,T,TGT,I,2,89.35
2025-10-07,9:34:07.388027860,T,TGT,I,6,89.35
2025-10-07,9:34:07.388328548,T,TGT,F I,2,89.36
2025-10-07,9:34:07.388358601,T,TGT,I,22,89.35
2025-10-07,9:34:07.388391805,T,TGT,F I,2,89.35
2025-10-07,9:34:07.388644311,T,TGT,I,22,89.36
2025-10-07,9:34:07.388644311,T,TGT,I,2,89.36
2025-10-07,9:34:07.388650303,T,TGT,,100,89.36
2025-10-07,9:34:07.388650303,T,TGT,I,14,89.36
2025-10-07,9:34:07.388653430,T,TGT,I,11,89.36
2025-10-07,9:34:07.869472310,T,TGT,F I,22,89.35
2025-10-07,9:34:07.869472310,T,TGT,F I,33,89.35
2025-10-07,9:34:07.869474903,T,TGT,F I,2,89.35
2025-10-07,9:34:07.869477875,T,TGT,F I,23,89.35
2025-10-07,9:34:07.872376757,T,TGT,F I,87,89.36
2025-10-07,9:34:07.872407561,T,TGT,I,13,89.36
2025-10-07,9:34:07.872410029,T,TGT,I,36,89.36
2025-10-07,9:34:07.872410029,T,TGT,I,2,89.36
2025-10-07,9:34:09.643199634,T,TGT,F I,1,89.4
2025-10-07,9:34:10.200559555,T,TGT,I,1,89.42
2025-10-07,9:34:10.200559555,T,TGT,I,2,89.42
2025-10-07,9:34:11.768663699,T,TGT,F,157,89.49
2025-10-07,9:34:11.768663699,T,TGT,F,246,89.49
2025-10-07,9:34:11.768684568,T,TGT,F I,47,89.49
2025-10-07,9:34:11.769091449,T,TGT,F I,1,89.5
2025-10-07,9:34:11.769091449,T,TGT,F I,1,89.5
2025-10-07,9:34:11.769091449,T,TGT,F I,25,89.5
2025-10-07,9:34:11.769096571,T,TGT,F I,1,89.5
2025-10-07,9:34:11.769096571,T,TGT,F I,19,89.5
2025-10-07,9:34:21.532770101,T,TGT,I,10,89.49
2025-10-07,9:34:22.128306095,T,TGT,I,7,89.41
2025-10-07,9:34:22.128309457,T,TGT,I,93,89.41
2025-10-07,9:34:22.128317984,T,TGT,I,7,89.41
2025-10-07,9:34:22.128645766,T,TGT,I,22,89.4
2025-10-07,9:34:22.128694440,T,TGT,F I,22,89.41
2025-10-07,9:34:22.128733021,T,TGT,I,20,89.41
2025-10-07,9:34:22.128733021,T,TGT,I,2,89.41
2025-10-07,9:34:22.128787075,T,TGT,F I,1,89.41
2025-10-07,9:34:22.128871279,T,TGT,F I,20,89.41
2025-10-07,9:34:22.128943462,T,TGT,F I,15,89.41
2025-10-07,9:34:22.128994519,T,TGT,I,85,89.41
2025-10-07,9:34:22.128997649,T,TGT,I,15,89.41
2025-10-07,9:34:22.129033676,T,TGT,I,9,89.41
2025-10-07,9:34:22.129280240,T,TGT,I,22,89.42
2025-10-07,9:34:22.129349393,T,TGT,F I,2,89.42
2025-10-07,9:34:22.129475724,T,TGT,I,22,89.43
2025-10-07,9:34:22.129689194,T,TGT,I,24,89.42
2025-10-07,9:34:22.129836577,T,TGT,,100,89.44
2025-10-07,9:34:22.129839652,T,TGT,I,32,89.44
2025-10-07,9:34:22.130305700,T,TGT,I,2,89.45
2025-10-07,9:34:22.130308774,T,TGT,I,11,89.45
2025-10-07,9:34:22.132449847,T,TGT,,124,89.44
2025-10-07,9:34:22.132501020,T,TGT,,100,89.45
2025-10-07,9:34:22.132539990,T,TGT,I,2,89.45
2025-10-07,9:34:22.132594126,T,TGT,I,55,89.45
2025-10-07,9:34:22.132699398,T,TGT,,100,89.46
2025-10-07,9:34:22.293964629,T,TGT,F,100,89.5
2025-10-07,9:34:22.293967581,T,TGT,F I,80,89.5
2025-10-07,9:34:22.294202205,T,TGT,F I,20,89.5
2025-10-07,9:34:22.294226902,T,TGT,F I,29,89.51
2025-10-07,9:34:22.294229528,T,TGT,F I,29,89.51
2025-10-07,9:34:22.294232254,T,TGT,F I,80,89.5
2025-10-07,9:34:22.294232254,T,TGT,F I,54,89.5
2025-10-07,9:34:22.294241301,T,TGT,F I,29,89.51
2025-10-07,9:34:22.294250381,T,TGT,F I,25,89.51
2025-10-07,9:34:22.294253288,T,TGT,F I,4,89.5
2025-10-07,9:34:22.294274484,T,TGT,F I,4,89.51
2025-10-07,9:34:22.294289430,T,TGT,F I,4,89.5
2025-10-07,9:34:22.294295836,T,TGT,F I,2,89.5
2025-10-07,9:34:22.294304402,T,TGT,F I,1,89.5
2025-10-07,9:34:22.294400636,T,TGT,F I,14,89.5
2025-10-07,9:34:22.294677339,T,TGT,F I,4,89.51
2025-10-07,9:34:22.294683337,T,TGT,F I,25,89.51
2025-10-07,9:34:22.295140425,T,TGT,F I,8,89.51
2025-10-07,9:34:22.344512025,T,TGT,I,1,89.5
2025-10-07,9:34:22.344557140,T,TGT,I,1,89.5
2025-10-07,9:34:22.344641333,T,TGT,I,73,89.5
2025-10-07,9:34:22.344641333,T,TGT,I,27,89.5
2025-10-07,9:34:22.344668454,T,TGT,I,24,89.5
2025-10-07,9:34:22.369968280,T,TGT,,100,89.53
2025-10-07,9:34:22.369970677,T,TGT,F I,2,89.53
2025-10-07,9:34:25.195836179,T,TGT,I,1,89.5
2025-10-07,9:34:25.196326361,T,TGT,F,100,89.5
2025-10-07,9:34:28.742290437,T,TGT,F I,1,89.58
2025-10-07,9:34:28.743818047,T,TGT,I,1,89.6
2025-10-07,9:34:29.263735832,T,TGT,F I,2,89.62
2025-10-07,9:34:31.284150425,T,TGT,F I,1,89.7
2025-10-07,9:34:31.284153433,T,TGT,F I,1,89.7
2025-10-07,9:34:31.284165365,T,TGT,F I,99,89.7
2025-10-07,9:34:31.831592605,T,TGT,I,10,89.72
2025-10-07,9:34:33.715487976,T,TGT,I,1,89.75
2025-10-07,9:34:33.715542068,T,TGT,I,9,89.72
2025-10-07,9:34:33.715551121,T,TGT,F I,2,89.75
2025-10-07,9:34:33.715783110,T,TGT,F I,2,89.75
2025-10-07,9:34:33.715926973,T,TGT,F I,7,89.75
2025-10-07,9:34:40.215988216,T,TGT,F I,3,89.67
2025-10-07,9:34:40.215991574,T,TGT,F I,25,89.67
2025-10-07,9:34:40.217654087,T,TGT,,100,89.665
2025-10-07,9:34:41.717751093,T,TGT,F I,2,89.7
2025-10-07,9:34:46.111215196,T,TGT,I,2,89.77
2025-10-07,9:34:46.111215196,T,TGT,I,68,89.77
2025-10-07,9:34:46.111350565,T,TGT,F I,1,89.78
2025-10-07,9:34:46.111819832,T,TGT,F I,66,89.78
2025-10-07,9:34:46.111819832,T,TGT,F,100,89.78
2025-10-07,9:34:46.113184942,T,TGT,F I,1,89.8
2025-10-07,9:34:46.113187983,T,TGT,F I,47,89.8
2025-10-07,9:34:46.113190990,T,TGT,F I,52,89.8
2025-10-07,9:34:46.113208980,T,TGT,F I,48,89.8
2025-10-07,9:34:46.114327728,T,TGT,F I,1,89.8
2025-10-07,9:34:46.114327728,T,TGT,F I,1,89.81
2025-10-07,9:34:46.383553220,T,TGT,F I,1,89.81
2025-10-07,9:34:47.360162875,T,TGT,I,85,89.77
2025-10-07,9:34:50.201542370,T,TGT,I,4,89.7
2025-10-07,9:34:50.201545666,T,TGT,I,8,89.7
2025-10-07,9:34:50.201560409,T,TGT,F I,16,89.7
2025-10-07,9:34:51.017512584,T,TGT,F I,12,89.68
2025-10-07,9:34:51.017512584,T,TGT,F I,24,89.68
2025-10-07,9:34:51.017515393,T,TGT,F I,26,89.67
2025-10-07,9:34:51.017960475,T,TGT,I,14,89.66
2025-10-07,9:34:52.994999623,T,TGT,F,100,89.63
2025-10-07,9:34:52.995047833,T,TGT,I,22,89.63
2025-10-07,9:34:52.995078601,T,TGT,I,78,89.63
2025-10-07,9:34:52.995080866,T,TGT,I,2,89.63
2025-10-07,9:34:52.995084248,T,TGT,I,14,89.64
2025-10-07,9:34:52.995480825,T,TGT,I,2,89.64
2025-10-07,9:34:52.995519909,T,TGT,,100,89.65
2025-10-07,9:34:52.995565057,T,TGT,F,100,89.65
2025-10-07,9:34:52.995589107,T,TGT,F I,25,89.66
2025-10-07,9:34:52.995646241,T,TGT,F,100,89.65
2025-10-07,9:34:52.995718395,T,TGT,F I,25,89.64
2025-10-07,9:34:52.995742597,T,TGT,F I,75,89.64
2025-10-07,9:34:52.995742597,T,TGT,F I,25,89.64
2025-10-07,9:34:56.495979635,T,TGT,F,100,89.58
2025-10-07,9:35:01.972693675,T,TGT,I,10,89.59
2025-10-07,9:35:04.695458541,T,TGT,I,10,89.64
2025-10-07,9:35:04.695482600,T,TGT,I,9,89.65
2025-10-07,9:35:04.695521770,T,TGT,I,87,89.65
2025-10-07,9:35:04.695524910,T,TGT,,100,89.65
2025-10-07,9:35:05.346115739,T,TGT,F I,18,89.67
2025-10-07,9:35:05.417078792,T,TGT,I,1,89.7
2025-10-07,9:35:06.585043495,T,TGT,I,5,89.72
2025-10-07,9:35:09.556380597,T,TGT,F I,20,89.7
2025-10-07,9:35:09.556456372,T,TGT,I,20,89.68
2025-10-07,9:35:10.541190851,T,TGT,F,100,89.655
2025-10-07,9:35:26.622143977,T,TGT,F I,2,89.67
2025-10-07,9:35:26.622143977,T,TGT,F I,18,89.68
2025-10-07,9:35:26.622177073,T,TGT,I,2,89.68
2025-10-07,9:35:29.596362010,T,TGT,,100,89.54
2025-10-07,9:35:29.754295372,T,TGT,I,21,89.54
2025-10-07,9:35:29.781004939,T,TGT,I,5,89.54
2025-10-07,9:35:30.060289369,T,TGT,I,2,89.58
2025-10-07,9:35:30.060292376,T,TGT,,100,89.58
2025-10-07,9:35:30.060292376,T,TGT,F,100,89.58
2025-10-07,9:35:30.060340567,T,TGT,,100,89.58
2025-10-07,9:35:30.060407107,T,TGT,F I,27,89.58
2025-10-07,9:35:30.060421815,T,TGT,I,73,89.58
2025-10-07,9:35:31.124925478,T,TGT,F I,2,89.59
2025-10-07,9:35:31.124960851,T,TGT,I,2,89.6
2025-10-07,9:35:31.124963865,T,TGT,I,60,89.6
2025-10-07,9:35:31.124966885,T,TGT,I,7,89.6
2025-10-07,9:35:37.994984459,T,TGT,F,374,89.5
2025-10-07,9:35:37.994987400,T,TGT,F,187,89.5
2025-10-07,9:35:37.994996362,T,TGT,F,561,89.5
2025-10-07,9:35:37.995008540,T,TGT,F,278,89.5
2025-10-07,9:35:37.995008540,T,TGT,F,100,89.5
2025-10-07,9:35:43.641783687,T,TGT,I,10,89.5
2025-10-07,9:35:47.955549077,T,TGT,I,77,89.5
2025-10-07,9:35:48.230334794,T,TGT,,100,89.5
2025-10-07,9:35:49.767921991,T,TGT,I,10,89.5
2025-10-07,9:36:03.571062406,T,TGT,,100,89.395
2025-10-07,9:36:08.625603594,T,TGT,I,2,89.39
2025-10-07,9:36:09.542626467,T,TGT,I,24,89.375
2025-10-07,9:36:12.909056753,T,TGT,,125,89.325
2025-10-07,9:36:20.538193855,T,TGT,,100,89.33
2025-10-07,9:36:21.655111906,T,TGT,I,27,89.295
2025-10-07,9:36:21.655142020,T,TGT,F,100,89.295
2025-10-07,9:36:22.944947852,T,TGT,F,100,89.34
2025-10-07,9:36:22.945074149,T,TGT,F,187,89.35
2025-10-07,9:36:22.945080184,T,TGT,F,187,89.35
2025-10-07,9:36:22.945095755,T,TGT,I,1,89.35
2025-10-07,9:36:22.945122260,T,TGT,F,100,89.35
2025-10-07,9:36:22.945141139,T,TGT,,100,89.35
2025-10-07,9:36:22.945141139,T,TGT,F,625,89.35
2025-10-07,9:36:22.945167413,T,TGT,F,187,89.35
2025-10-07,9:36:22.945405117,T,TGT,I,90,89.35
2025-10-07,9:36:22.945447651,T,TGT,,423,89.35
2025-10-07,9:36:22.945447651,T,TGT,,100,89.35
2025-10-07,9:36:22.945450097,T,TGT,I,19,89.35
2025-10-07,9:36:22.945453125,T,TGT,I,5,89.35
2025-10-07,9:36:22.945513316,T,TGT,I,3,89.35
2025-10-07,9:36:22.945528387,T,TGT,F,100,89.35
2025-10-07,9:36:22.945552500,T,TGT,F I,3,89.35
2025-10-07,9:36:22.945555340,T,TGT,F,100,89.34
2025-10-07,9:36:22.945696632,T,TGT,I,16,89.35
2025-10-07,9:36:22.945895089,T,TGT,,100,89.34
2025-10-07,9:36:28.493009951,T,TGT,I,3,89.305
2025-10-07,9:36:33.912903676,T,TGT,I,30,89.3
2025-10-07,9:36:33.915441722,T,TGT,I,11,89.3
2025-10-07,9:36:34.896670422,T,TGT,I,30,89.3
2025-10-07,9:36:36.703684633,T,TGT,F,100,89.36
2025-10-07,9:36:36.703687704,T,TGT,F I,4,89.36
2025-10-07,9:36:36.703714763,T,TGT,F I,2,89.36
2025-10-07,9:36:36.703949323,T,TGT,F I,22,89.37
2025-10-07,9:36:36.703949323,T,TGT,F,100,89.37
2025-10-07,9:36:36.704069567,T,TGT,I,2,89.36
2025-10-07,9:36:36.704192821,T,TGT,F I,2,89.36
2025-10-07,9:36:36.704502766,T,TGT,F I,22,89.37
2025-10-07,9:36:36.704505557,T,TGT,F I,22,89.37
2025-10-07,9:36:36.704517641,T,TGT,F I,22,89.37
2025-10-07,9:36:36.704520668,T,TGT,F I,4,89.37
2025-10-07,9:36:36.704532649,T,TGT,F I,3,89.37
2025-10-07,9:36:36.704532649,T,TGT,F I,40,89.37
2025-10-07,9:36:36.704607826,T,TGT,F I,2,89.37
2025-10-07,9:36:36.704689047,T,TGT,F I,2,89.37
2025-10-07,9:36:36.704710135,T,TGT,F I,2,89.37
2025-10-07,9:36:36.726322562,T,TGT,,100,89.38
2025-10-07,9:36:36.726346649,T,TGT,I,50,89.38
2025-10-07,9:36:36.736775489,T,TGT,,100,89.38
2025-10-07,9:36:36.747252459,T,TGT,I,50,89.38
2025-10-07,9:36:36.747288546,T,TGT,I,50,89.37
2025-10-07,9:36:44.650691112,T,TGT,F I,40,89.38
2025-10-07,9:36:44.651052209,T,TGT,I,11,89.38
2025-10-07,9:36:44.651052209,T,TGT,I,11,89.38
2025-10-07,9:36:44.651055057,T,TGT,I,11,89.38
2025-10-07,9:36:44.651058020,T,TGT,I,7,89.38
2025-10-07,9:36:50.233948963,T,TGT,F I,2,89.355
2025-10-07,9:36:57.168040231,T,TGT,I,2,89.39
2025-10-07,9:36:57.168184499,T,TGT,,100,89.4
2025-10-07,9:36:57.168202873,T,TGT,I,1,89.4
2025-10-07,9:36:57.168205831,T,TGT,,100,89.4
2025-10-07,9:36:57.168208757,T,TGT,,100,89.4
2025-10-07,9:36:57.168371027,T,TGT,I,99,89.4
2025-10-07,9:36:57.168698753,T,TGT,F I,95,89.41
2025-10-07,9:36:57.169041531,T,TGT,I,5,89.41
2025-10-07,9:36:57.169041531,T,TGT,I,11,89.41
2025-10-07,9:36:57.169327599,T,TGT,I,14,89.41
2025-10-07,9:36:57.169327599,T,TGT,I,15,89.41
2025-10-07,9:36:57.169330637,T,TGT,I,15,89.41
2025-10-07,9:36:57.169333599,T,TGT,I,6,89.41
2025-10-07,9:36:57.169333599,T,TGT,I,2,89.41
2025-10-07,9:36:57.175049948,T,TGT,F I,4,89.41
2025-10-07,9:36:57.175058958,T,TGT,F I,4,89.41
2025-10-07,9:36:57.961952806,T,TGT,,100,89.41
2025-10-07,9:36:58.489824257,T,TGT,I,1,89.41
2025-10-07,9:36:59.562588117,T,TGT,F,125,89.41
2025-10-07,9:36:59.571977018,T,TGT,F,100,89.42
2025-10-07,9:36:59.571979899,T,TGT,F I,38,89.42
2025-10-07,9:36:59.572006980,T,TGT,F I,7,89.43
2025-10-07,9:36:59.572045690,T,TGT,F I,93,89.43
2025-10-07,9:36:59.572118215,T,TGT,F I,2,89.43
2025-10-07,9:36:59.572352454,T,TGT,I,50,89.42
2025-10-07,9:36:59.572493728,T,TGT,I,2,89.42
2025-10-07,9:36:59.572532876,T,TGT,F I,4,89.42
2025-10-07,9:36:59.572746342,T,TGT,I,20,89.45
2025-10-07,9:36:59.572812725,T,TGT,F I,16,89.43
2025-10-07,9:36:59.572815644,T,TGT,I,16,89.43
2025-10-07,9:36:59.572842622,T,TGT,F I,14,89.43
2025-10-07,9:36:59.572851549,T,TGT,I,2,89.43
2025-10-07,9:37:01.794980777,T,TGT,F I,77,89.47
2025-10-07,9:37:01.794980777,T,TGT,F I,1,89.47
2025-10-07,9:37:01.795028835,T,TGT,F I,28,89.48
2025-10-07,9:37:01.795037826,T,TGT,I,8,89.47
2025-10-07,9:37:01.795044498,T,TGT,I,8,89.47
2025-10-07,9:37:01.795044498,T,TGT,I,4,89.47
2025-10-07,9:37:01.795046897,T,TGT,I,8,89.47
2025-10-07,9:37:01.795073969,T,TGT,F I,1,89.47
2025-10-07,9:37:01.795076918,T,TGT,I,1,89.47
2025-10-07,9:37:01.795164177,T,TGT,F I,2,89.47
2025-10-07,9:37:01.795702450,T,TGT,F I,1,89.48
2025-10-07,9:37:01.795705407,T,TGT,F I,1,89.48
2025-10-07,9:37:01.796186574,T,TGT,I,23,89.48
2025-10-07,9:37:01.799250814,T,TGT,I,1,89.475
2025-10-07,9:37:01.853791865,T,TGT,F,100,89.49
2025-10-07,9:37:01.853791865,T,TGT,F,166,89.5
2025-10-07,9:37:01.853809835,T,TGT,,100,89.5
2025-10-07,9:37:01.891246004,T,TGT,,100,89.48
2025-10-07,9:37:02.294660122,T,TGT,,100,89.47
2025-10-07,9:37:02.294873700,T,TGT,,100,89.48
2025-10-07,9:37:02.544104433,T,TGT,F I,13,89.47
2025-10-07,9:37:02.546516196,T,TGT,F I,87,89.47
2025-10-07,9:37:02.546519171,T,TGT,F I,2,89.47
2025-10-07,9:37:02.546555349,T,TGT,I,98,89.47
2025-10-07,9:37:02.583450723,T,TGT,I,30,89.48
2025-10-07,9:37:02.634013322,T,TGT,I,30,89.49
2025-10-07,9:37:02.634015654,T,TGT,I,2,89.49
2025-10-07,9:37:02.684415693,T,TGT,,234,89.5
2025-10-07,9:37:02.684421710,T,TGT,I,51,89.5
2025-10-07,9:37:02.684424810,T,TGT,I,26,89.5
2025-10-07,9:37:10.021247427,T,TGT,F I,2,89.51
2025-10-07,9:37:10.023866675,T,TGT,F,100,89.52
2025-10-07,9:37:10.023866675,T,TGT,F I,48,89.53
2025-10-07,9:37:10.023869643,T,TGT,F I,2,89.53
2025-10-07,9:37:11.349872811,T,TGT,I,1,89.56
2025-10-07,9:37:11.349875756,T,TGT,I,1,89.56
2025-10-07,9:37:11.350188457,T,TGT,I,38,89.56
2025-10-07,9:37:11.350254806,T,TGT,I,2,89.57
2025-10-07,9:37:11.350254806,T,TGT,I,10,89.57
2025-10-07,9:37:14.070947527,T,TGT,F I,48,89.59
2025-10-07,9:37:14.161712949,T,TGT,I,5,89.6
2025-10-07,9:37:14.161712949,T,TGT,I,10,89.6
2025-10-07,9:37:14.161715819,T,TGT,I,2,89.6
2025-10-07,9:37:20.931218942,T,TGT,I,21,89.52
2025-10-07,9:37:25.425657716,T,TGT,,100,89.535
2025-10-07,9:37:26.108780288,T,TGT,I,30,89.535
2025-10-07,9:37:39.532963771,T,TGT,,100,89.515
2025-10-07,9:37:40.842647079,T,TGT,F,125,89.515
2025-10-07,9:37:40.842701234,T,TGT,F I,75,89.515
2025-10-07,9:37:40.843783786,T,TGT,F,100,89.48
2025-10-07,9:37:40.843861988,T,TGT,,100,89.47
2025-10-07,9:37:40.845194104,T,TGT,I,7,89.47
2025-10-07,9:37:40.861243441,T,TGT,I,1,89.47
2025-10-07,9:38:03.845058515,T,TGT,F,100,89.38
2025-10-07,9:38:03.987895811,T,TGT,I,57,89.38
2025-10-07,9:38:03.995539960,T,TGT,,100,89.38
2025-10-07,9:38:03.995543060,T,TGT,I,75,89.4
2025-10-07,9:38:03.995564211,T,TGT,I,25,89.4
2025-10-07,9:38:03.995567041,T,TGT,I,9,89.4
2025-10-07,9:38:04.095444007,T,TGT,I,66,89.38
2025-10-07,9:38:09.044079020,T,TGT,F,100,89.38
2025-10-07,9:38:10.962661953,T,TGT,F,100,89.35
2025-10-07,9:38:10.963997067,T,TGT,,100,89.34
2025-10-07,9:38:18.501205384,T,TGT,I,1,89.335
2025-10-07,9:38:18.543600293,T,TGT,F,100,89.38
2025-10-07,9:38:18.543600293,T,TGT,F I,87,89.38
2025-10-07,9:38:18.543612704,T,TGT,F I,13,89.38
2025-10-07,9:38:18.543612704,T,TGT,F,100,89.38
2025-10-07,9:38:18.544502583,T,TGT,,100,89.38
2025-10-07,9:38:18.544577667,T,TGT,F I,66,89.4
2025-10-07,9:38:18.544580687,T,TGT,F I,12,89.4
2025-10-07,9:38:56.488599687,T,TGT,I,1,89.32
2025-10-07,9:38:56.509093577,T,TGT,,200,89.34
2025-10-07,9:38:56.509093577,T,TGT,I,88,89.34
2025-10-07,9:38:56.509124219,T,TGT,,200,89.34
2025-10-07,9:38:56.511733771,T,TGT,F,100,89.29
2025-10-07,9:38:56.511872510,T,TGT,F I,21,89.28
2025-10-07,9:38:56.511875092,T,TGT,F,100,89.28
2025-10-07,9:38:56.511875092,T,TGT,F I,12,89.26
2025-10-07,9:38:56.511878149,T,TGT,F I,8,89.26
2025-10-07,9:38:56.512771181,T,TGT,F,100,89.27
2025-10-07,9:38:56.514939618,T,TGT,F I,27,89.27
2025-10-07,9:38:56.514939618,T,TGT,F I,27,89.27
2025-10-07,9:38:56.514945467,T,TGT,F I,9,89.27
2025-10-07,9:38:56.514945467,T,TGT,F I,17,89.27
2025-10-07,9:38:56.514945467,T,TGT,F I,28,89.27
2025-10-07,9:38:58.546883385,T,TGT,F I,21,89.23
2025-10-07,9:39:05.818258225,T,TGT,I,10,89.225
2025-10-07,9:39:11.945205458,T,TGT,I,10,89.225
2025-10-07,9:39:14.457760396,T,TGT,F I,1,89.2
2025-10-07,9:39:14.457763383,T,TGT,F,100,89.2
2025-10-07,9:39:17.968507844,T,TGT,,255,89.165
2025-10-07,9:39:17.968919663,T,TGT,I,75,89.165
2025-10-07,9:39:18.126016970,T,TGT,F I,8,89.2
2025-10-07,9:39:18.126350752,T,TGT,F I,49,89.2
2025-10-07,9:39:18.511833134,T,TGT,I,2,89.17
2025-10-07,9:39:23.771580255,T,TGT,F I,10,89.17
2025-10-07,9:39:25.211756495,T,TGT,F I,66,89.15
2025-10-07,9:39:25.211787219,T,TGT,F I,1,89.14
2025-10-07,9:39:25.211787219,T,TGT,F I,10,89.14
2025-10-07,9:39:25.211792546,T,TGT,F,100,89.14
2025-10-07,9:39:25.211813599,T,TGT,I,1,89.14
2025-10-07,9:39:25.211849827,T,TGT,I,9,89.14
2025-10-07,9:39:28.810493229,T,TGT,F,100,89.15
2025-10-07,9:39:30.325114776,T,TGT,I,3,89.135
2025-10-07,9:39:30.325138896,T,TGT,F I,60,89.13
2025-10-07,9:39:33.648208962,T,TGT,F I,1,89.15
2025-10-07,9:39:33.648263531,T,TGT,I,31,89.15
2025-10-07,9:39:33.648263531,T,TGT,I,1,89.15
2025-10-07,9:39:33.648266096,T,TGT,I,1,89.15
2025-10-07,9:39:33.648512678,T,TGT,,300,89.15
2025-10-07,9:39:33.651077912,T,TGT,F I,13,89.11
2025-10-07,9:39:33.651077912,T,TGT,F I,10,89.11
2025-10-07,9:39:33.736730863,T,TGT,,100,89.12
2025-10-07,9:39:33.736839053,T,TGT,F,100,89.11
2025-10-07,9:39:33.745914727,T,TGT,F,123,89.1
2025-10-07,9:39:33.745914727,T,TGT,F I,25,89.1
2025-10-07,9:39:33.746303031,T,TGT,F,186,89.1
2025-10-07,9:39:33.746305639,T,TGT,,100,89.11
2025-10-07,9:39:33.746330413,T,TGT,,100,89.1
2025-10-07,9:39:33.746360207,T,TGT,I,21,89.11
2025-10-07,9:39:33.746747820,T,TGT,I,32,89.12
2025-10-07,9:39:33.746750650,T,TGT,I,32,89.12
2025-10-07,9:39:35.450895794,T,TGT,F,100,89.1
2025-10-07,9:39:37.904275903,T,TGT,I,40,89.06
2025-10-07,9:39:38.148701220,T,TGT,F I,10,89.07
2025-10-07,9:39:38.148701220,T,TGT,F I,31,89.07
2025-10-07,9:39:38.148704170,T,TGT,F I,53,89.07
2025-10-07,9:39:38.148914723,T,TGT,I,2,89.06
2025-10-07,9:39:38.148992812,T,TGT,F,100,89.06
2025-10-07,9:39:38.148995913,T,TGT,I,9,89.06
2025-10-07,9:39:38.149013869,T,TGT,F I,91,89.06
2025-10-07,9:39:38.149777696,T,TGT,F,187,89.06
2025-10-07,9:39:38.149798944,T,TGT,F I,13,89.06
2025-10-07,9:39:38.149798944,T,TGT,I,50,89.07
2025-10-07,9:39:38.149801818,T,TGT,F I,13,89.06
2025-10-07,9:39:38.149804814,T,TGT,I,1,89.06
2025-10-07,9:39:38.149813830,T,TGT,F,186,89.06
2025-10-07,9:39:38.245638164,T,TGT,F I,2,89.07
2025-10-07,9:39:38.245638164,T,TGT,F I,10,89.07
2025-10-07,9:39:38.245697211,T,TGT,F I,2,89.06
2025-10-07,9:39:38.245724303,T,TGT,F I,10,89.06
2025-10-07,9:39:52.748141796,T,TGT,F I,1,89.0
2025-10-07,9:39:52.748141796,T,TGT,F I,20,89.0
2025-10-07,9:39:52.748144762,T,TGT,F,200,89.0
2025-10-07,9:39:52.748147795,T,TGT,F I,19,89.0
2025-10-07,9:39:52.748159887,T,TGT,I,1,89.0
2025-10-07,9:39:52.748190701,T,TGT,F I,8,89.0
2025-10-07,9:39:52.748190701,T,TGT,F I,92,89.0
2025-10-07,9:39:52.748216925,T,TGT,F I,8,89.0
2025-10-07,9:39:52.748541711,T,TGT,F,100,88.99
2025-10-07,9:39:52.748637926,T,TGT,,100,88.99
2025-10-07,9:39:52.748662007,T,TGT,F I,2,89.0
2025-10-07,9:39:52.748686085,T,TGT,F,100,88.99
2025-10-07,9:39:52.748701509,T,TGT,,100,88.99
2025-10-07,9:39:52.748752167,T,TGT,I,54,88.99
2025-10-07,9:39:52.748761497,T,TGT,F I,46,88.99
2025-10-07,9:39:52.748764300,T,TGT,F I,16,88.99
2025-10-07,9:40:01.410209721,T,TGT,F I,10,88.95
2025-10-07,9:40:01.410215777,T,TGT,F,100,88.95
2025-10-07,9:40:01.410215777,T,TGT,F I,83,88.95
2025-10-07,9:40:01.410236819,T,TGT,I,1,88.95
2025-10-07,9:40:01.410275918,T,TGT,,100,88.95
2025-10-07,9:40:01.410621803,T,TGT,I,4,88.95
2025-10-07,9:40:13.342214723,T,TGT,F I,1,88.92
2025-10-07,9:40:13.342217276,T,TGT,F I,3,88.92
2025-10-07,9:40:13.342220258,T,TGT,F I,3,88.92
2025-10-07,9:40:13.342220258,T,TGT,F I,10,88.92
2025-10-07,9:40:13.342416427,T,TGT,F I,44,88.91
2025-10-07,9:40:13.342439777,T,TGT,F,256,88.91
2025-10-07,9:40:13.342442864,T,TGT,F,100,88.91
2025-10-07,9:40:13.342446182,T,TGT,F I,1,88.91
2025-10-07,9:40:13.342446182,T,TGT,F I,2,88.91
2025-10-07,9:40:13.342740822,T,TGT,F I,5,88.9
2025-10-07,9:40:13.342743649,T,TGT,F I,2,88.9
2025-10-07,9:40:13.342743649,T,TGT,F I,10,88.9
2025-10-07,9:40:13.342746683,T,TGT,F I,5,88.9
2025-10-07,9:40:13.342750248,T,TGT,F I,4,88.9
2025-10-07,9:40:13.342750248,T,TGT,F I,15,88.9
2025-10-07,9:40:13.342752521,T,TGT,F I,20,88.9
2025-10-07,9:40:13.342944985,T,TGT,F I,1,88.9
2025-10-07,9:40:13.343375116,T,TGT,F,100,88.88
2025-10-07,9:40:13.343375116,T,TGT,F I,1,88.88
2025-10-07,9:40:13.343379038,T,TGT,F I,11,88.88
2025-10-07,9:40:13.343379038,T,TGT,F I,8,88.88
2025-10-07,9:40:13.343384045,T,TGT,F I,1,88.88
2025-10-07,9:40:13.343384045,T,TGT,F I,12,88.88
2025-10-07,9:40:13.343588606,T,TGT,I,1,88.87
2025-10-07,9:40:13.346198808,T,TGT,F,200,88.86
2025-10-07,9:40:13.394021690,T,TGT,F,125,88.855
2025-10-07,9:40:13.394060869,T,TGT,I,75,88.855
2025-10-07,9:40:14.993524181,T,TGT,F I,36,88.89
2025-10-07,9:40:14.993526764,T,TGT,F I,2,88.89
2025-10-07,9:40:14.993529516,T,TGT,F I,88,88.89
2025-10-07,9:40:14.993529516,T,TGT,F I,30,88.89
2025-10-07,9:40:14.993872508,T,TGT,F,100,88.89
2025-10-07,9:40:14.993905356,T,TGT,F I,2,88.88
2025-10-07,9:40:14.993908730,T,TGT,F,100,88.88
2025-10-07,9:40:14.993911465,T,TGT,F,100,88.88
2025-10-07,9:40:15.861009201,T,TGT,F I,20,88.96
2025-10-07,9:40:15.931037101,T,TGT,,100,88.94
2025-10-07,9:40:19.489026920,T,TGT,F I,10,88.89
2025-10-07,9:40:19.489057062,T,TGT,I,10,88.88
2025-10-07,9:40:19.489144227,T,TGT,F I,70,88.87
2025-10-07,9:40:19.489144227,T,TGT,F I,10,88.87
2025-10-07,9:40:21.477246742,T,TGT,I,10,88.89
2025-10-07,9:40:26.286298095,T,TGT,,100,88.895
2025-10-07,9:40:32.831902771,T,TGT,,100,88.895
2025-10-07,9:40:34.473754390,T,TGT,F I,1,88.875
2025-10-07,9:40:34.473787506,T,TGT,F I,99,88.875
2025-10-07,9:40:34.478902734,T,TGT,,100,88.875
2025-10-07,9:40:34.486297251,T,TGT,,100,88.875
2025-10-07,9:40:34.493583642,T,TGT,,100,88.875
2025-10-07,9:40:34.519051283,T,TGT,,100,88.875
2025-10-07,9:40:35.432965516,T,TGT,I,8,88.85
2025-10-07,9:40:37.995841612,T,TGT,F I,5,88.8
2025-10-07,9:40:37.995844714,T,TGT,F I,5,88.8
2025-10-07,9:40:37.995848599,T,TGT,F,710,88.8
2025-10-07,9:40:37.995850627,T,TGT,F,400,88.8
2025-10-07,9:40:37.995853672,T,TGT,F I,10,88.8
2025-10-07,9:40:37.995853672,T,TGT,F,187,88.8
2025-10-07,9:40:38.031648013,T,TGT,I,10,88.78
2025-10-07,9:40:38.031711200,T,TGT,,100,88.78
2025-10-07,9:40:39.414712077,T,TGT,F I,1,88.77
2025-10-07,9:40:40.102537828,T,TGT,F I,5,88.78
2025-10-07,9:40:40.102537828,T,TGT,F I,1,88.78
2025-10-07,9:40:41.846272073,T,TGT,,100,88.78
2025-10-07,9:40:48.694965865,T,TGT,I,10,88.78
2025-10-07,9:40:50.211181104,T,TGT,F,100,88.76
2025-10-07,9:40:52.224522832,T,TGT,F I,10,88.7
2025-10-07,9:40:52.224673208,T,TGT,F I,1,88.69
2025-10-07,9:40:53.440743452,T,TGT,I,15,88.7
2025-10-07,9:40:55.594814335,T,TGT,F I,2,88.68
2025-10-07,9:40:58.010355419,T,TGT,F I,1,88.63
2025-10-07,9:41:04.033134366,T,TGT,F I,8,88.65
2025-10-07,9:41:04.649801588,T,TGT,I,1,88.63
2025-10-07,9:41:04.649807598,T,TGT,F I,1,88.63
2025-10-07,9:41:04.649810554,T,TGT,F I,50,88.63
2025-10-07,9:41:04.649906784,T,TGT,F I,2,88.62
2025-10-07,9:41:05.486917936,T,TGT,F I,1,88.57
2025-10-07,9:41:07.567947886,T,TGT,,100,88.56
2025-10-07,9:41:07.858205428,T,TGT,I,52,88.57
2025-10-07,9:41:07.858316681,T,TGT,F I,16,88.58
2025-10-07,9:41:07.869220670,T,TGT,I,10,88.575
2025-10-07,9:41:07.869223695,T,TGT,I,3,88.575
2025-10-07,9:41:09.676126555,T,TGT,F I,3,88.62
2025-10-07,9:41:09.676129635,T,TGT,F I,3,88.62
2025-10-07,9:41:09.676147615,T,TGT,I,1,88.62
2025-10-07,9:41:09.676150635,T,TGT,F I,6,88.62
2025-10-07,9:41:10.171313326,T,TGT,F I,2,88.6
2025-10-07,9:41:14.409644040,T,TGT,F I,2,88.62
2025-10-07,9:41:14.409644040,T,TGT,F I,2,88.62
2025-10-07,9:41:14.409857522,T,TGT,F I,2,88.63
2025-10-07,9:41:14.409986830,T,TGT,I,15,88.63
2025-10-07,9:41:14.410059070,T,TGT,,100,88.64
2025-10-07,9:41:14.410080062,T,TGT,F I,29,88.64
2025-10-07,9:41:14.411902455,T,TGT,F I,20,88.64
2025-10-07,9:41:14.411905405,T,TGT,F I,4,88.63
2025-10-07,9:41:14.411962508,T,TGT,F I,2,88.63
2025-10-07,9:41:14.412088893,T,TGT,I,16,88.63
2025-10-07,9:41:14.412100882,T,TGT,I,84,88.63
2025-10-07,9:41:14.412100882,T,TGT,I,50,88.63
2025-10-07,9:41:14.412103873,T,TGT,,100,88.63
2025-10-07,9:41:16.617179331,T,TGT,F I,2,88.63
2025-10-07,9:41:18.198587044,T,TGT,,100,88.66
2025-10-07,9:41:18.199092220,T,TGT,F I,60,88.64
2025-10-07,9:41:18.199095239,T,TGT,F I,14,88.63
2025-10-07,9:41:18.199218534,T,TGT,I,8,88.65
2025-10-07,9:41:18.315833340,T,TGT,F,100,88.66
2025-10-07,9:41:18.371243841,T,TGT,F,112,88.68
2025-10-07,9:41:18.371246381,T,TGT,F I,65,88.68
2025-10-07,9:41:18.371778803,T,TGT,F I,4,88.69
2025-10-07,9:41:18.529952570,T,TGT,I,7,88.69
2025-10-07,9:41:19.195534194,T,TGT,F I,37,88.69
2025-10-07,9:41:19.195537608,T,TGT,F I,2,88.69
2025-10-07,9:41:19.195537608,T,TGT,F I,14,88.69
2025-10-07,9:41:19.195997290,T,TGT,I,73,88.66
2025-10-07,9:41:21.111494944,T,TGT,F,100,88.72
2025-10-07,9:41:24.043685149,T,TGT,F I,1,88.73
2025-10-07,9:41:24.043687911,T,TGT,F I,63,88.73
2025-10-07,9:41:24.043687911,T,TGT,F I,30,88.73
2025-10-07,9:41:24.043690713,T,TGT,F I,1,88.73
2025-10-07,9:41:24.043690713,T,TGT,F I,50,88.73
2025-10-07,9:41:24.043699765,T,TGT,F I,30,88.73
2025-10-07,9:41:24.043880154,T,TGT,F I,15,88.75
2025-10-07,9:41:24.044355301,T,TGT,F,100,88.72
2025-10-07,9:41:24.044403400,T,TGT,F I,6,88.72
2025-10-07,9:41:24.044409423,T,TGT,F I,6,88.72
2025-10-07,9:41:24.044433560,T,TGT,F I,12,88.72
2025-10-07,9:41:24.044445515,T,TGT,,188,88.72
2025-10-07,9:41:24.044469573,T,TGT,F,100,88.72
2025-10-07,9:41:24.044535724,T,TGT,,100,88.73
2025-10-07,9:41:24.044562851,T,TGT,,100,88.73
2025-10-07,9:41:24.044565869,T,TGT,F,611,88.73
2025-10-07,9:41:24.044565869,T,TGT,F,100,88.73
2025-10-07,9:41:24.044569132,T,TGT,I,1,88.73
2025-10-07,9:41:24.044569132,T,TGT,,100,88.73
2025-10-07,9:41:24.044761322,T,TGT,F I,30,88.73
2025-10-07,9:41:24.044770278,T,TGT,F I,30,88.73
2025-10-07,9:41:24.045486085,T,TGT,I,2,88.74
2025-10-07,9:41:24.045768761,T,TGT,F I,20,88.75
2025-10-07,9:41:24.045813849,T,TGT,,187,88.74
2025-10-07,9:41:25.601359885,T,TGT,F,100,88.74
2025-10-07,9:41:26.163964252,T,TGT,F,100,88.76
2025-10-07,9:41:26.462226804,T,TGT,F,100,88.78
2025-10-07,9:41:26.487231406,T,TGT,F,100,88.78
2025-10-07,9:41:26.753551847,T,TGT,F,100,88.79
2025-10-07,9:41:28.002117576,T,TGT,F,100,88.79
2025-10-07,9:41:31.684035590,T,TGT,F I,20,88.84
2025-10-07,9:41:31.684038633,T,TGT,F I,4,88.84
2025-10-07,9:41:31.963695798,T,TGT,F I,10,88.82
2025-10-07,9:41:31.963698831,T,TGT,F,100,88.82
2025-10-07,9:41:31.963708024,T,TGT,F,100,88.81
2025-10-07,9:41:31.963708024,T,TGT,F I,10,88.81
2025-10-07,9:41:31.963737899,T,TGT,F I,10,88.8
2025-10-07,9:41:31.963849228,T,TGT,F I,10,88.79
2025-10-07,9:41:31.963996668,T,TGT,I,30,88.81
2025-10-07,9:41:31.964002608,T,TGT,,100,88.82
2025-10-07,9:41:31.964002608,T,TGT,I,10,88.82
2025-10-07,9:41:31.964023690,T,TGT,,100,88.82
2025-10-07,9:41:32.128894462,T,TGT,F I,47,88.8
2025-10-07,9:41:32.128894462,T,TGT,F I,13,88.8
2025-10-07,9:41:33.313278228,T,TGT,I,50,88.8
2025-10-07,9:41:33.313299200,T,TGT,,1700,88.8
2025-10-07,9:41:35.926492866,T,TGT,F I,30,88.84
2025-10-07,9:41:35.926495099,T,TGT,F,100,88.84
2025-10-07,9:41:35.926498231,T,TGT,F I,53,88.83
2025-10-07,9:41:35.926498231,T,TGT,F I,10,88.83
2025-10-07,9:41:35.926501250,T,TGT,F,100,88.81
2025-10-07,9:41:35.926501250,T,TGT,F I,10,88.81
2025-10-07,9:41:35.926504108,T,TGT,F I,20,88.81
2025-10-07,9:41:35.926558182,T,TGT,,100,88.81
2025-10-07,9:41:35.926976256,T,TGT,F I,57,88.81
2025-10-07,9:41:35.926991256,T,TGT,I,43,88.81
2025-10-07,9:41:38.330762150,T,TGT,F,100,88.84
2025-10-07,9:41:38.495326598,T,TGT,F I,5,88.87
2025-10-07,9:41:38.495326598,T,TGT,F I,94,88.87
2025-10-07,9:41:38.497013281,T,TGT,F I,10,88.85
2025-10-07,9:41:38.497013281,T,TGT,F I,20,88.85
2025-10-07,9:41:43.712934062,T,TGT,F I,5,88.88
2025-10-07,9:41:43.713704377,T,TGT,F I,16,88.88
2025-10-07,9:41:43.713709873,T,TGT,F I,16,88.88
2025-10-07,9:41:43.713716137,T,TGT,F I,16,88.88
2025-10-07,9:41:43.714512768,T,TGT,I,85,88.87
2025-10-07,9:41:43.714816550,T,TGT,I,40,88.87
2025-10-07,9:41:43.714819497,T,TGT,,143,88.87
2025-10-07,9:41:43.715099206,T,TGT,I,1,88.87
2025-10-07,9:41:51.768496161,T,TGT,F I,10,88.84
2025-10-07,9:41:51.768556225,T,TGT,F I,10,88.83
2025-10-07,9:41:51.769136635,T,TGT,F I,25,88.82
2025-10-07,9:41:51.769720047,T,TGT,F I,87,88.81
2025-10-07,9:41:51.769723095,T,TGT,F I,13,88.81
2025-10-07,9:41:51.770694343,T,TGT,F I,1,88.8
2025-10-07,9:41:56.472125296,T,TGT,F I,26,88.81
2025-10-07,9:41:56.742216831,T,TGT,I,10,88.795
2025-10-07,9:42:03.546796189,T,TGT,I,10,88.82
2025-10-07,9:42:03.586487069,T,TGT,I,48,88.82
2025-10-07,9:42:09.607555013,T,TGT,I,4,88.76
2025-10-07,9:42:14.752651100,T,TGT,F I,57,88.8
2025-10-07,9:42:15.442263002,T,TGT,F I,51,88.81
2025-10-07,9:42:15.442266049,T,TGT,F,100,88.81
2025-10-07,9:42:15.443845007,T,TGT,F I,50,88.87
2025-10-07,9:42:15.443845007,T,TGT,F I,20,88.87
2025-10-07,9:42:15.444359069,T,TGT,F,100,88.87
2025-10-07,9:42:15.452294987,T,TGT,,100,88.91
2025-10-07,9:42:16.318725196,T,TGT,,200,88.945
2025-10-07,9:42:18.205907368,T,TGT,F I,10,88.97
2025-10-07,9:42:18.207152342,T,TGT,I,71,88.97
2025-10-07,9:42:22.017328918,T,TGT,F I,6,88.97
2025-10-07,9:42:22.017331889,T,TGT,F,100,88.97
2025-10-07,9:42:23.950174741,T,TGT,I,48,88.97
2025-10-07,9:42:26.013525622,T,TGT,I,23,88.96
2025-10-07,9:42:26.013528685,T,TGT,,150,88.96
2025-10-07,9:42:26.013528685,T,TGT,,255,88.95
2025-10-07,9:42:26.013531952,T,TGT,,100,88.94
2025-10-07,9:42:26.013534769,T,TGT,I,22,88.94
2025-10-07,9:42:26.013712397,T,TGT,F I,14,88.97
2025-10-07,9:42:26.013718126,T,TGT,F I,4,88.97
2025-10-07,9:42:26.013721275,T,TGT,F I,2,88.97
2025-10-07,9:42:26.013757123,T,TGT,I,80,88.97
2025-10-07,9:42:26.013757123,T,TGT,I,13,88.97
2025-10-07,9:42:26.013829381,T,TGT,F,100,88.97
2025-10-07,9:42:26.013871406,T,TGT,F,100,88.97
2025-10-07,9:42:26.013943634,T,TGT,,100,88.96
2025-10-07,9:42:26.013982677,T,TGT,F I,14,88.97
2025-10-07,9:42:26.014855106,T,TGT,I,8,88.97
2025-10-07,9:42:26.014857737,T,TGT,I,2,88.97
2025-10-07,9:42:26.014941961,T,TGT,I,66,88.95
2025-10-07,9:42:26.014944978,T,TGT,I,24,88.94
2025-10-07,9:42:26.014944978,T,TGT,I,30,88.94
2025-10-07,9:42:26.014948014,T,TGT,I,14,88.94
2025-10-07,9:42:26.294232427,T,TGT,F I,60,88.94
2025-10-07,9:42:26.294515067,T,TGT,F,100,88.94
2025-10-07,9:42:39.000425317,T,TGT,F I,9,88.96
2025-10-07,9:42:39.013320122,T,TGT,I,1,88.96
2025-10-07,9:42:40.349274371,T,TGT,I,28,88.94
2025-10-07,9:42:40.349277250,T,TGT,I,26,88.94
2025-10-07,9:42:40.349279961,T,TGT,I,46,88.94
2025-10-07,9:42:40.349294937,T,TGT,I,54,88.94
2025-10-07,9:42:46.340670299,T,TGT,F,100,88.96
2025-10-07,9:42:46.340682613,T,TGT,F,200,88.96
2025-10-07,9:42:46.340754436,T,TGT,,100,88.96
2025-10-07,9:42:46.340766840,T,TGT,I,19,88.96
2025-10-07,9:42:46.368669993,T,TGT,F I,21,88.96
2025-10-07,9:42:46.445743733,T,TGT,I,64,88.96
2025-10-07,9:42:49.563433376,T,TGT,I,15,88.96
2025-10-07,9:42:58.565401086,T,TGT,I,5,88.94
2025-10-07,9:43:02.555529546,T,TGT,F I,23,88.99
2025-10-07,9:43:02.555553664,T,TGT,F,127,88.99
2025-10-07,9:43:02.555944809,T,TGT,,100,88.99
2025-10-07,9:43:02.555974568,T,TGT,,100,88.98
2025-10-07,9:43:02.556031831,T,TGT,F I,2,88.98
2025-10-07,9:43:02.556560960,T,TGT,I,66,88.99
2025-10-07,9:43:02.556582011,T,TGT,F I,34,88.99
2025-10-07,9:43:02.556585005,T,TGT,F I,2,88.99
2025-10-07,9:43:02.642565788,T,TGT,F I,15,89.0
2025-10-07,9:43:02.642866570,T,TGT,F I,59,89.0
2025-10-07,9:43:02.642914729,T,TGT,F I,2,89.0
2025-10-07,9:43:02.643152237,T,TGT,I,8,89.0
2025-10-07,9:43:02.643173298,T,TGT,F I,2,89.0
2025-10-07,9:43:02.643191303,T,TGT,I,2,89.0
2025-10-07,9:43:02.643452973,T,TGT,I,29,89.0
2025-10-07,9:43:04.296876528,T,TGT,I,1,89.0
2025-10-07,9:43:04.296897798,T,TGT,F I,23,89.0
2025-10-07,9:43:04.296900584,T,TGT,F,100,89.0
2025-10-07,9:43:04.296900584,T,TGT,F I,39,89.0
2025-10-07,9:43:04.296921247,T,TGT,I,1,89.0
2025-10-07,9:43:04.297035532,T,TGT,,100,89.0
2025-10-07,9:43:04.297035532,T,TGT,,100,89.01
2025-10-07,9:43:04.297056710,T,TGT,I,1,89.01
2025-10-07,9:43:04.297083653,T,TGT,F I,1,89.01
2025-10-07,9:43:04.297215930,T,TGT,,100,89.01
2025-10-07,9:43:04.297273166,T,TGT,F I,10,89.01
2025-10-07,9:43:04.297351327,T,TGT,I,90,89.01
2025-10-07,9:43:04.297354321,T,TGT,,100,89.01
2025-10-07,9:43:04.299302970,T,TGT,F,100,89.02
2025-10-07,9:43:04.379855889,T,TGT,I,2,89.02
2025-10-07,9:43:08.234668492,T,TGT,F I,10,88.98
2025-10-07,9:43:08.234670893,T,TGT,F I,23,88.98
2025-10-07,9:43:08.234673867,T,TGT,F I,27,88.98
2025-10-07,9:43:10.017994452,T,TGT,F I,2,89.01
2025-10-07,9:43:10.018006531,T,TGT,F I,1,89.015
2025-10-07,9:43:10.020794219,T,TGT,I,90,89.03
2025-10-07,9:43:11.651666793,T,TGT,F I,1,89.04
2025-10-07,9:43:11.651666793,T,TGT,F I,50,89.06
2025-10-07,9:43:11.651670190,T,TGT,F I,10,89.06
2025-10-07,9:43:12.423163823,T,TGT,F I,36,89.06
2025-10-07,9:43:12.423166692,T,TGT,F I,82,89.06
2025-10-07,9:43:12.423169752,T,TGT,F I,7,89.06
2025-10-07,9:43:12.423214880,T,TGT,F I,16,89.06
2025-10-07,9:43:18.567471407,T,TGT,I,3,89.075
2025-10-07,9:43:20.875037001,T,TGT,F,100,89.07
2025-10-07,9:43:26.622849901,T,TGT,I,37,89.06
2025-10-07,9:43:26.623021374,T,TGT,I,60,89.05
2025-10-07,9:43:26.623661854,T,TGT,F,125,89.05
2025-10-07,9:43:26.623713060,T,TGT,F I,15,89.05
2025-10-07,9:43:27.674960517,T,TGT,F,125,89.06
2025-10-07,9:43:27.743674256,T,TGT,I,15,89.06
2025-10-07,9:43:38.914538362,T,TGT,,100,89.045
2025-10-07,9:43:48.531408231,T,TGT,F I,41,89.01
2025-10-07,9:43:51.303331316,T,TGT,F I,10,88.98
2025-10-07,9:43:51.303334312,T,TGT,F I,21,88.98
2025-10-07,9:43:51.303338094,T,TGT,F,129,88.98
2025-10-07,9:43:51.303338094,T,TGT,F I,10,88.97
2025-10-07,9:43:51.303343306,T,TGT,F,255,88.97
2025-10-07,9:43:51.303343306,T,TGT,F I,82,88.96
2025-10-07,9:43:51.303343306,T,TGT,F I,23,88.96
2025-10-07,9:43:51.303346616,T,TGT,F I,41,88.96
2025-10-07,9:43:51.303400831,T,TGT,F,100,88.96
2025-10-07,9:43:51.303989842,T,TGT,F I,2,88.96
2025-10-07,9:43:51.303992887,T,TGT,F I,2,88.96
2025-10-07,9:43:51.303992887,T,TGT,F I,2,88.96
2025-10-07,9:43:51.304010902,T,TGT,I,15,88.96
2025-10-07,9:43:51.304031966,T,TGT,I,6,88.96
2025-10-07,9:43:53.007013921,T,TGT,F I,21,88.95
2025-10-07,9:43:53.007017139,T,TGT,F I,1,88.94
2025-10-07,9:43:53.007020145,T,TGT,F I,10,88.94
2025-10-07,9:43:53.007020145,T,TGT,F I,10,88.93
2025-10-07,9:43:53.007022343,T,TGT,F I,10,88.92
2025-10-07,9:43:53.007022343,T,TGT,F I,2,88.92
2025-10-07,9:43:53.007452275,T,TGT,F I,44,88.97
2025-10-07,9:43:53.140377902,T,TGT,I,3,88.95
2025-10-07,9:43:56.842931356,T,TGT,F,100,88.98
2025-10-07,9:43:56.842931356,T,TGT,F I,1,88.99
2025-10-07,9:43:56.842934106,T,TGT,F I,10,88.99
2025-10-07,9:43:56.842934106,T,TGT,F I,20,88.99
2025-10-07,9:43:57.413438391,T,TGT,F I,20,88.99
2025-10-07,9:43:58.311603479,T,TGT,F I,2,89.02
2025-10-07,9:43:58.325508357,T,TGT,I,56,89.02
2025-10-07,9:43:58.325508357,T,TGT,I,61,89.02
2025-10-07,9:43:58.327959203,T,TGT,I,30,89.015
2025-10-07,9:43:58.594838976,T,TGT,I,4,88.99
2025-10-07,9:44:07.160936318,T,TGT,I,28,89.11
2025-10-07,9:44:07.602974467,T,TGT,F I,5,89.07
2025-10-07,9:44:07.602974467,T,TGT,F I,15,89.07
2025-10-07,9:44:07.602995561,T,TGT,I,1,89.07
2025-10-07,9:44:21.399769867,T,TGT,I,30,89.055
2025-10-07,9:44:21.399769867,T,TGT,I,10,89.055
2025-10-07,9:44:22.014446325,T,TGT,F I,10,89.01
2025-10-07,9:44:22.014449756,T,TGT,F I,27,89.01
2025-10-07,9:44:22.014452424,T,TGT,F I,15,89.01
2025-10-07,9:44:22.014452424,T,TGT,F I,35,89.01
2025-10-07,9:44:22.014455374,T,TGT,F I,13,89.01
2025-10-07,9:44:24.936255403,T,TGT,F I,2,89.0
2025-10-07,9:44:28.598362242,T,TGT,I,4,89.035
2025-10-07,9:44:29.476905304,T,TGT,F I,96,89.035
2025-10-07,9:44:29.476908679,T,TGT,F I,30,89.035
2025-10-07,9:44:29.476908679,T,TGT,F I,88,89.01
2025-10-07,9:44:31.535291801,T,TGT,I,7,89.0
2025-10-07,9:44:31.535291801,T,TGT,I,7,89.0
2025-10-07,9:44:31.535294329,T,TGT,I,7,89.0
2025-10-07,9:44:31.535297684,T,TGT,I,4,89.0
2025-10-07,9:44:31.535336405,T,TGT,I,7,89.0
2025-10-07,9:44:31.535592158,T,TGT,I,20,88.99
2025-10-07,9:44:31.535592158,T,TGT,I,21,88.99
2025-10-07,9:44:31.535594992,T,TGT,I,21,88.99
2025-10-07,9:44:31.535649183,T,TGT,I,12,88.99
2025-10-07,9:44:31.535661251,T,TGT,F,126,88.99
2025-10-07,9:44:31.535664234,T,TGT,F I,10,88.99
2025-10-07,9:44:31.535664234,T,TGT,F I,25,88.99
2025-10-07,9:44:31.535808592,T,TGT,I,13,89.0
2025-10-07,9:44:31.535862723,T,TGT,I,8,88.99
2025-10-07,9:44:31.965388012,T,TGT,I,63,88.975
2025-10-07,9:44:34.938102405,T,TGT,,100,88.975
2025-10-07,9:44:37.125234162,T,TGT,I,19,88.95
2025-10-07,9:44:37.125237475,T,TGT,I,26,88.95
2025-10-07,9:44:37.125237475,T,TGT,I,1,88.95
2025-10-07,9:44:40.055884462,T,TGT,I,10,88.945
2025-10-07,9:44:45.043245503,T,TGT,I,9,88.9
2025-10-07,9:44:45.043251510,T,TGT,I,10,88.9
2025-10-07,9:44:45.043251510,T,TGT,I,10,88.9
2025-10-07,9:44:45.043251510,T,TGT,I,5,88.9
2025-10-07,9:44:45.043290617,T,TGT,I,13,88.91
2025-10-07,9:44:45.043293570,T,TGT,I,8,88.93
2025-10-07,9:44:45.043314867,T,TGT,F I,18,88.9
2025-10-07,9:44:45.043314867,T,TGT,F I,22,88.9
2025-10-07,9:44:45.043317585,T,TGT,F I,60,88.9
2025-10-07,9:44:45.043338722,T,TGT,I,1,88.91
2025-10-07,9:44:45.043341761,T,TGT,F I,55,88.91
2025-10-07,9:44:45.043344747,T,TGT,I,12,88.93
2025-10-07,9:44:45.043344747,T,TGT,I,1,88.93
2025-10-07,9:44:45.043394419,T,TGT,I,20,88.93
2025-10-07,9:44:45.043394419,T,TGT,,255,88.935
2025-10-07,9:44:45.043399218,T,TGT,I,17,88.94
2025-10-07,9:44:45.043399218,T,TGT,I,3,88.94
2025-10-07,9:44:45.043402680,T,TGT,I,33,88.94
2025-10-07,9:44:45.043402680,T,TGT,I,10,88.94
2025-10-07,9:44:45.043404792,T,TGT,I,20,88.93
2025-10-07,9:44:45.043407897,T,TGT,I,6,88.92
2025-10-07,9:44:45.043576258,T,TGT,I,20,88.92
2025-10-07,9:44:45.043579233,T,TGT,,100,88.92
2025-10-07,9:44:45.043579233,T,TGT,I,44,88.91
2025-10-07,9:44:45.043582274,T,TGT,I,20,88.91
2025-10-07,9:44:45.043639430,T,TGT,I,57,88.93
2025-10-07,9:44:45.043718183,T,TGT,,100,88.94
2025-10-07,9:44:45.043928127,T,TGT,,100,88.95
2025-10-07,9:44:45.043931131,T,TGT,I,21,88.95
2025-10-07,9:44:45.043991261,T,TGT,I,37,88.93
2025-10-07,9:44:45.043991261,T,TGT,I,57,88.93
2025-10-07,9:44:45.043994625,T,TGT,I,64,88.93
2025-10-07,9:44:45.043994625,T,TGT,I,27,88.93
2025-10-07,9:44:45.044081508,T,TGT,I,5,88.96
2025-10-07,9:44:45.044081508,T,TGT,I,20,88.96
2025-10-07,9:44:45.044187311,T,TGT,I,37,88.94
2025-10-07,9:44:45.044190149,T,TGT,I,4,88.94
2025-10-07,9:44:45.044195769,T,TGT,I,22,88.94
2025-10-07,9:44:45.044195769,T,TGT,I,20,88.94
2025-10-07,9:44:45.044195769,T,TGT,I,20,88.94
2025-10-07,9:44:45.044198825,T,TGT,I,20,88.93
2025-10-07,9:44:45.044198825,T,TGT,I,10,88.93
2025-10-07,9:44:45.044250150,T,TGT,I,57,88.95
2025-10-07,9:44:45.044295413,T,TGT,I,5,88.95
2025-10-07,9:44:45.044295413,T,TGT,I,20,88.95
2025-10-07,9:44:45.044298548,T,TGT,I,22,88.95
2025-10-07,9:44:45.044298548,T,TGT,I,5,88.95
2025-10-07,9:44:45.044394481,T,TGT,,100,88.95
2025-10-07,9:44:45.044394481,T,TGT,I,20,88.95
2025-10-07,9:44:45.044445306,T,TGT,I,46,88.95
2025-10-07,9:44:45.044478462,T,TGT,I,14,88.95
2025-10-07,9:44:45.044547520,T,TGT,I,73,88.94
2025-10-07,9:44:45.044547520,T,TGT,I,20,88.94
2025-10-07,9:44:45.044586655,T,TGT,I,13,88.94
2025-10-07,9:44:45.044586655,T,TGT,I,8,88.95
2025-10-07,9:44:45.044589713,T,TGT,I,57,88.95
2025-10-07,9:44:45.044593099,T,TGT,I,57,88.95
2025-10-07,9:44:45.044593099,T,TGT,I,13,88.95
2025-10-07,9:44:45.044743126,T,TGT,,133,88.94
2025-10-07,9:44:45.045356674,T,TGT,I,20,88.95
2025-10-07,9:44:45.045356674,T,TGT,I,8,88.94
2025-10-07,9:44:45.045548931,T,TGT,F I,20,88.94
2025-10-07,9:44:45.046415162,T,TGT,I,1,88.94
2025-10-07,9:44:45.046592469,T,TGT,F I,21,88.93
2025-10-07,9:44:45.046595494,T,TGT,I,65,88.92
2025-10-07,9:44:45.047626906,T,TGT,I,21,88.91
2025-10-07,9:44:45.047626906,T,TGT,I,57,88.91
2025-10-07,9:44:45.047717126,T,TGT,F I,57,88.93
2025-10-07,9:44:45.048483925,T,TGT,I,44,88.92
2025-10-07,9:44:45.049226682,T,TGT,I,10,88.9
2025-10-07,9:44:45.049229747,T,TGT,I,20,88.9
2025-10-07,9:44:45.049359064,T,TGT,I,20,88.92
2025-10-07,9:44:45.049660395,T,TGT,I,31,88.9
2025-10-07,9:44:45.049801238,T,TGT,I,12,88.91
2025-10-07,9:44:45.050155866,T,TGT,I,26,88.9
2025-10-07,9:44:45.050155866,T,TGT,I,1,88.9
2025-10-07,9:44:45.050158897,T,TGT,I,37,88.9
2025-10-07,9:44:45.050158897,T,TGT,I,4,88.9
2025-10-07,9:44:45.050216125,T,TGT,I,5,88.9
2025-10-07,9:44:45.050222105,T,TGT,F I,1,88.91
2025-10-07,9:44:45.050225136,T,TGT,F I,28,88.91
2025-10-07,9:44:45.050354417,T,TGT,I,20,88.9
2025-10-07,9:44:45.050709274,T,TGT,I,4,88.9
2025-10-07,9:44:45.050802486,T,TGT,I,3,88.9
2025-10-07,9:44:45.051458003,T,TGT,I,3,88.91
2025-10-07,9:44:45.051458003,T,TGT,I,20,88.91
2025-10-07,9:44:45.052297056,T,TGT,I,13,88.9
2025-10-07,9:44:45.052555696,T,TGT,I,13,88.91
2025-10-07,9:44:45.052555696,T,TGT,I,1,88.91
2025-10-07,9:44:45.052591755,T,TGT,,100,88.9
2025-10-07,9:44:45.052591755,T,TGT,I,37,88.9
2025-10-07,9:44:45.092968903,T,TGT,I,37,88.91
2025-10-07,9:44:45.092971934,T,TGT,I,4,88.91
2025-10-07,9:44:45.209234936,T,TGT,I,25,88.94
2025-10-07,9:44:45.209234936,T,TGT,I,21,88.94
2025-10-07,9:44:46.945355338,T,TGT,I,5,88.97
2025-10-07,9:44:46.972239533,T,TGT,I,7,88.98
2025-10-07,9:44:52.811683455,T,TGT,,125,88.955
2025-10-07,9:44:52.811737658,T,TGT,F I,75,88.955
2025-10-07,9:44:54.491966758,T,TGT,,100,88.95
2025-10-07,9:44:54.491969750,T,TGT,I,25,88.95
2025-10-07,9:44:54.492000648,T,TGT,F I,10,88.95
2025-10-07,9:44:54.492005847,T,TGT,F I,10,88.95
2025-10-07,9:44:54.492047921,T,TGT,F I,8,88.95
2025-10-07,9:44:54.492047921,T,TGT,F,125,88.95
2025-10-07,9:44:54.492059931,T,TGT,F I,2,88.95
2025-10-07,9:44:54.492059931,T,TGT,F I,10,88.95
2025-10-07,9:44:54.582353095,T,TGT,,100,88.95
2025-10-07,9:44:57.806165765,T,TGT,,300,88.99
2025-10-07,9:44:57.806165765,T,TGT,,149,88.99
2025-10-07,9:44:57.806183698,T,TGT,I,1,88.99
2025-10-07,9:44:57.806189729,T,TGT,I,4,88.99
2025-10-07,9:44:57.807474390,T,TGT,F I,33,88.98
2025-10-07,9:44:57.807474390,T,TGT,F I,25,88.98
2025-10-07,9:44:57.808475356,T,TGT,I,1,88.99
2025-10-07,9:44:57.809933679,T,TGT,F,100,88.96
2025-10-07,9:44:58.604447566,T,TGT,I,5,88.955
2025-10-07,9:45:00.013418651,T,TGT,F I,10,88.95
2025-10-07,9:45:00.013418651,T,TGT,F,100,88.95
2025-10-07,9:45:00.061752589,T,TGT,I,10,88.93
2025-10-07,9:45:00.063550876,T,TGT,F I,16,88.92
2025-10-07,9:45:00.064101123,T,TGT,F I,1,88.91
2025-10-07,9:45:00.064155234,T,TGT,I,30,88.93
2025-10-07,9:45:00.064389816,T,TGT,I,24,88.94
2025-10-07,9:45:00.064828930,T,TGT,F,100,88.94
2025-10-07,9:45:00.064850074,T,TGT,I,1,88.94
2025-10-07,9:45:00.064852997,T,TGT,F I,81,88.94
2025-10-07,9:45:00.064982654,T,TGT,I,34,88.96
2025-10-07,9:45:00.064982654,T,TGT,I,30,88.96
2025-10-07,9:45:00.065298040,T,TGT,I,12,88.97
2025-10-07,9:45:00.065298040,T,TGT,I,24,88.97
2025-10-07,9:45:00.065298040,T,TGT,I,49,88.97
2025-10-07,9:45:00.065319751,T,TGT,F I,85,88.97
2025-10-07,9:45:00.065322654,T,TGT,I,1,88.97
2025-10-07,9:45:00.065322654,T,TGT,I,14,88.97
2025-10-07,9:45:03.361090224,T,TGT,F I,29,89.0
2025-10-07,9:45:03.361093279,T,TGT,F I,29,89.0
2025-10-07,9:45:03.361096351,T,TGT,F I,8,89.0
2025-10-07,9:45:03.361096351,T,TGT,F I,48,89.0
2025-10-07,9:45:03.361099128,T,TGT,F I,12,89.0
2025-10-07,9:45:03.361099128,T,TGT,F I,16,89.0
2025-10-07,9:45:03.361102229,T,TGT,F I,10,89.0
2025-10-07,9:45:03.376992321,T,TGT,F I,64,88.99
2025-10-07,9:45:03.377013038,T,TGT,F I,29,88.99
2025-10-07,9:45:03.377013038,T,TGT,F I,7,88.99
2025-10-07,9:45:05.066104248,T,TGT,F I,1,89.04
2025-10-07,9:45:06.803349158,T,TGT,I,78,89.08
2025-10-07,9:45:06.805571445,T,TGT,F I,10,89.04
2025-10-07,9:45:06.805574436,T,TGT,F I,11,89.04
2025-10-07,9:45:11.846649562,T,TGT,F I,10,88.97
2025-10-07,9:45:17.682912313,T,TGT,F I,1,88.995
2025-10-07,9:45:17.682984391,T,TGT,,100,88.995
2025-10-07,9:45:18.061502745,T,TGT,F I,58,88.96
2025-10-07,9:45:18.061505227,T,TGT,F I,7,88.96
2025-10-07,9:45:18.061508396,T,TGT,F I,34,88.96
2025-10-07,9:45:18.061508396,T,TGT,F I,93,88.96
2025-10-07,9:45:18.061511249,T,TGT,F I,10,88.96
2025-10-07,9:45:18.061559299,T,TGT,I,82,88.98
2025-10-07,9:45:18.061562278,T,TGT,I,82,88.98
2025-10-07,9:45:18.061580697,T,TGT,I,18,88.98
2025-10-07,9:45:18.061583405,T,TGT,I,64,88.98
2025-10-07,9:45:18.061598404,T,TGT,,191,88.98
2025-10-07,9:45:18.061610385,T,TGT,,100,88.99
2025-10-07,9:45:18.061628479,T,TGT,F I,82,88.96
2025-10-07,9:45:18.081593381,T,TGT,F,100,88.96
2025-10-07,9:45:18.081593381,T,TGT,F I,32,88.96
2025-10-07,9:45:18.081595998,T,TGT,F,100,88.96
2025-10-07,9:45:19.385950561,T,TGT,F I,32,88.9
2025-10-07,9:45:19.385953593,T,TGT,F I,10,88.9
2025-10-07,9:45:19.386007836,T,TGT,F I,10,88.89
2025-10-07,9:45:19.386031848,T,TGT,F I,30,88.89
2025-10-07,9:45:19.386065417,T,TGT,I,1,88.89
2025-10-07,9:45:19.386067894,T,TGT,I,1,88.89
2025-10-07,9:45:19.386100963,T,TGT,F I,2,88.89
2025-10-07,9:45:19.386128046,T,TGT,F I,2,88.89
2025-10-07,9:45:19.386194150,T,TGT,F I,1,88.88
2025-10-07,9:45:19.386218264,T,TGT,F I,1,88.88
2025-10-07,9:45:19.386371573,T,TGT,F I,8,88.88
2025-10-07,9:45:19.386909887,T,TGT,I,34,88.89
2025-10-07,9:45:19.396425105,T,TGT,F I,34,88.89
2025-10-07,9:45:19.396427541,T,TGT,F I,81,88.89
2025-10-07,9:45:19.396427541,T,TGT,F I,2,88.89
2025-10-07,9:45:19.396830476,T,TGT,F I,83,88.89
2025-10-07,9:45:19.396854631,T,TGT,F I,17,88.89
2025-10-07,9:45:19.396854631,T,TGT,F I,2,88.89
2025-10-07,9:45:19.473675580,T,TGT,F I,4,88.875
2025-10-07,9:45:20.770434006,T,TGT,I,15,88.9
2025-10-07,9:45:20.770437041,T,TGT,,100,88.9
2025-10-07,9:45:20.770440009,T,TGT,I,1,88.9
2025-10-07,9:45:20.770443009,T,TGT,,184,88.9
2025-10-07,9:45:20.770455074,T,TGT,I,16,88.9
2025-10-07,9:45:20.770779842,T,TGT,,100,88.9
2025-10-07,9:45:20.777404593,T,TGT,F I,15,88.9
2025-10-07,9:45:20.777407626,T,TGT,F I,2,88.9
2025-10-07,9:45:20.815950460,T,TGT,I,2,88.89
2025-10-07,9:45:20.978620030,T,TGT,F I,13,88.9
2025-10-07,9:45:20.978620030,T,TGT,F,100,88.9
2025-10-07,9:45:20.978665920,T,TGT,I,82,88.9
2025-10-07,9:45:20.978689178,T,TGT,I,1,88.9
2025-10-07,9:45:20.978785371,T,TGT,I,17,88.9
2025-10-07,9:45:20.978788390,T,TGT,I,2,88.9
2025-10-07,9:45:20.979059094,T,TGT,F I,81,88.9
2025-10-07,9:45:20.979441005,T,TGT,F,100,88.9
2025-10-07,9:45:20.979913163,T,TGT,F I,9,88.9
2025-10-07,9:45:20.980138687,T,TGT,I,30,88.905
2025-10-07,9:45:20.980141652,T,TGT,I,51,88.91
2025-10-07,9:45:20.980162719,T,TGT,I,1,88.91
2025-10-07,9:45:20.980174907,T,TGT,I,8,88.91
2025-10-07,9:45:20.980174907,T,TGT,I,8,88.91
2025-10-07,9:45:20.980177792,T,TGT,I,9,88.91
2025-10-07,9:45:20.980177792,T,TGT,I,4,88.91
2025-10-07,9:45:20.980225842,T,TGT,F I,6,88.91
2025-10-07,9:45:20.980231874,T,TGT,F I,94,88.91
2025-10-07,9:45:20.980231874,T,TGT,F I,56,88.9
2025-10-07,9:45:20.982000049,T,TGT,F I,3,88.9
2025-10-07,9:45:20.982246657,T,TGT,F I,3,88.9
2025-10-07,9:45:20.991977808,T,TGT,F I,15,88.91
2025-10-07,9:45:20.991977808,T,TGT,F,100,88.91
2025-10-07,9:45:20.992305613,T,TGT,F,100,88.91
2025-10-07,9:45:21.002981226,T,TGT,I,33,88.91
2025-10-07,9:45:21.002981226,T,TGT,I,15,88.91
2025-10-07,9:45:21.002984076,T,TGT,I,2,88.91
2025-10-07,9:45:21.029014154,T,TGT,I,2,88.9
2025-10-07,9:45:21.070627230,T,TGT,I,2,88.89
2025-10-07,9:45:21.153730201,T,TGT,I,26,88.86
2025-10-07,9:45:21.153736255,T,TGT,I,2,88.86
2025-10-07,9:45:21.153736255,T,TGT,I,6,88.86
2025-10-07,9:45:21.280178465,T,TGT,,100,88.87
2025-10-07,9:45:21.313573845,T,TGT,F I,26,88.89
2025-10-07,9:45:21.313573845,T,TGT,F I,26,88.89
2025-10-07,9:45:21.313576443,T,TGT,F,100,88.89
2025-10-07,9:45:21.313579082,T,TGT,F I,26,88.89
2025-10-07,9:45:21.313627189,T,TGT,F,113,88.9
2025-10-07,9:45:21.313762533,T,TGT,,100,88.9
2025-10-07,9:45:21.313967004,T,TGT,F,100,88.9
2025-10-07,9:45:21.313972998,T,TGT,F,100,88.9
2025-10-07,9:45:21.314126357,T,TGT,,100,88.9
2025-10-07,9:45:21.314595493,T,TGT,F,100,88.9
2025-10-07,9:45:21.332521253,T,TGT,I,26,88.89
2025-10-07,9:45:21.361450285,T,TGT,,100,88.87
2025-10-07,9:45:21.368547043,T,TGT,F,100,88.88
2025-10-07,9:45:21.368547043,T,TGT,F I,33,88.89
2025-10-07,9:45:21.368754497,T,TGT,F,100,88.89
2025-10-07,9:45:21.387014079,T,TGT,,100,88.89
2025-10-07,9:45:22.186670239,T,TGT,F,100,88.91
2025-10-07,9:45:22.366104684,T,TGT,I,9,88.92
2025-10-07,9:45:22.366110761,T,TGT,F I,24,88.92
2025-10-07,9:45:22.366110761,T,TGT,F I,51,88.92
2025-10-07,9:45:22.366116741,T,TGT,F,100,88.92
2025-10-07,9:45:22.366116741,T,TGT,F I,12,88.92
2025-10-07,9:45:22.366120386,T,TGT,I,10,88.92
2025-10-07,9:45:22.366120386,T,TGT,I,10,88.92
2025-10-07,9:45:22.366123150,T,TGT,I,6,88.92
2025-10-07,9:45:22.366123150,T,TGT,I,62,88.92
2025-10-07,9:45:22.366137761,T,TGT,I,9,88.92
2025-10-07,9:45:22.366468552,T,TGT,F,100,88.92
2025-10-07,9:45:22.366922696,T,TGT,F I,25,88.93
2025-10-07,9:45:22.879045744,T,TGT,,100,88.94
2025-10-07,9:45:23.258724337,T,TGT,I,23,88.92
2025-10-07,9:45:23.977493690,T,TGT,F I,52,88.96
2025-10-07,9:45:24.944393350,T,TGT,F I,5,88.97
2025-10-07,9:45:24.944414398,T,TGT,F I,2,88.97
2025-10-07,9:45:24.944429519,T,TGT,F I,1,88.97
2025-10-07,9:45:25.285592270,T,TGT,F I,92,88.97
2025-10-07,9:45:25.285595229,T,TGT,F I,8,88.98
2025-10-07,9:45:31.589096150,T,TGT,I,21,88.94
2025-10-07,9:45:35.139585985,T,TGT,I,10,88.92
2025-10-07,9:45:36.666630173,T,TGT,F I,1,88.96
2025-10-07,9:45:36.666648538,T,TGT,F I,99,88.96
2025-10-07,9:45:36.685088338,T,TGT,F I,66,88.96
2025-10-07,9:45:36.685088338,T,TGT,F I,55,88.96
2025-10-07,9:45:39.243938518,T,TGT,F I,2,88.94
2025-10-07,9:45:44.627689100,T,TGT,I,83,88.94
2025-10-07,9:45:48.998870329,T,TGT,I,7,88.945
2025-10-07,9:45:56.042973063,T,TGT,F I,3,88.9
2025-10-07,9:45:56.042975590,T,TGT,F I,3,88.9
2025-10-07,9:45:56.042996673,T,TGT,F I,4,88.9
2025-10-07,9:45:56.043000094,T,TGT,F,575,88.9
2025-10-07,9:45:56.043002634,T,TGT,F I,64,88.9
2025-10-07,9:45:56.043005801,T,TGT,F I,69,88.9
2025-10-07,9:45:56.043005801,T,TGT,F,100,88.9
2025-10-07,9:45:56.044121375,T,TGT,F,100,88.88
2025-10-07,9:45:56.070388903,T,TGT,,110,88.88
2025-10-07,9:46:16.760657630,T,TGT,I,28,88.85
2025-10-07,9:46:17.820980849,T,TGT,F I,93,88.81
2025-10-07,9:46:17.821068070,T,TGT,F I,12,88.8
2025-10-07,9:46:17.821979213,T,TGT,F I,4,88.79
2025-10-07,9:46:17.822048519,T,TGT,F I,1,88.8
2025-10-07,9:46:17.822048519,T,TGT,F I,2,88.8
2025-10-07,9:46:17.822169384,T,TGT,F I,6,88.8
2025-10-07,9:46:17.822261921,T,TGT,,100,88.81
2025-10-07,9:46:17.822285903,T,TGT,F I,1,88.79
2025-10-07,9:46:17.822289233,T,TGT,F I,2,88.79
2025-10-07,9:46:23.657604464,T,TGT,I,10,88.805
2025-10-07,9:46:27.294421065,T,TGT,F,100,88.77
2025-10-07,9:46:27.294424099,T,TGT,F I,10,88.77
2025-10-07,9:46:27.294424099,T,TGT,F I,58,88.77
2025-10-07,9:46:28.626282054,T,TGT,I,10,88.75
2025-10-07,9:46:28.626318087,T,TGT,I,12,88.75
2025-10-07,9:46:28.626321432,T,TGT,I,12,88.75
2025-10-07,9:46:28.626324332,T,TGT,I,12,88.75
2025-10-07,9:46:28.626327166,T,TGT,I,4,88.75
2025-10-07,9:46:28.626327166,T,TGT,I,3,88.75
2025-10-07,9:46:28.626859493,T,TGT,F,100,88.76
2025-10-07,9:46:28.626865473,T,TGT,F I,35,88.76
2025-10-07,9:46:28.626868776,T,TGT,F I,3,88.76
2025-10-07,9:46:28.627419555,T,TGT,I,67,88.76
2025-10-07,9:46:28.627500018,T,TGT,F,100,88.76
2025-10-07,9:46:28.627529978,T,TGT,I,2,88.76
2025-10-07,9:46:28.627529978,T,TGT,I,93,88.76
2025-10-07,9:46:28.628221709,T,TGT,F I,36,88.76
2025-10-07,9:46:28.628369089,T,TGT,I,1,88.76
2025-10-07,9:46:39.742686533,T,TGT,I,1,88.77
2025-10-07,9:46:39.742719546,T,TGT,F I,8,88.77
2025-10-07,9:46:39.811376338,T,TGT,F I,13,88.77
2025-10-07,9:46:39.832110594,T,TGT,,109,88.77
2025-10-07,9:46:44.451358699,T,TGT,I,10,88.76
2025-10-07,9:46:46.878365947,T,TGT,I,2,88.77
2025-10-07,9:46:50.087028492,T,TGT,I,12,88.76
2025-10-07,9:46:51.387416616,T,TGT,,105,88.79
2025-10-07,9:46:51.387419675,T,TGT,I,52,88.79
2025-10-07,9:46:51.387422706,T,TGT,I,40,88.79
2025-10-07,9:46:51.387422706,T,TGT,I,3,88.79
2025-10-07,9:46:51.387459086,T,TGT,I,7,88.79
2025-10-07,9:46:51.387459086,T,TGT,I,10,88.79
2025-10-07,9:46:51.387539926,T,TGT,F,100,88.78
2025-10-07,9:46:51.387539926,T,TGT,F I,38,88.78
2025-10-07,9:46:51.387768416,T,TGT,I,7,88.79
2025-10-07,9:46:51.387816591,T,TGT,F I,14,88.78
2025-10-07,9:46:51.387867744,T,TGT,,100,88.78
2025-10-07,9:46:51.387900831,T,TGT,I,16,88.78
2025-10-07,9:46:51.387903748,T,TGT,I,69,88.78
2025-10-07,9:46:51.387975915,T,TGT,F,100,88.78
2025-10-07,9:46:51.388009069,T,TGT,F I,6,88.78
2025-10-07,9:46:54.945466596,T,TGT,I,10,88.8
2025-10-07,9:46:54.945466596,T,TGT,I,10,88.8
2025-10-07,9:46:56.887057275,T,TGT,F I,4,88.82
2025-10-07,9:46:56.887078391,T,TGT,F I,5,88.82
2025-10-07,9:46:56.887078391,T,TGT,F I,63,88.82
2025-10-07,9:47:00.402477694,T,TGT,I,1,88.85
2025-10-07,9:47:00.414978521,T,TGT,I,30,88.85
2025-10-07,9:47:01.049932213,T,TGT,F I,33,88.82
2025-10-07,9:47:01.049935586,T,TGT,F I,10,88.82
2025-10-07,9:47:01.049935586,T,TGT,F I,48,88.82
2025-10-07,9:47:01.049938322,T,TGT,F I,19,88.82
2025-10-07,9:47:01.049941193,T,TGT,F I,26,88.82
2025-10-07,9:47:01.050443351,T,TGT,F I,4,88.82
2025-10-07,9:47:03.022223131,T,TGT,I,12,88.815
2025-10-07,9:47:03.022253103,T,TGT,F I,88,88.815
2025-10-07,9:47:04.062353153,T,TGT,F I,4,88.84
2025-10-07,9:47:04.062356292,T,TGT,F I,10,88.84
2025-10-07,9:47:04.062443397,T,TGT,F I,10,88.85
2025-10-07,9:47:04.062509644,T,TGT,F I,14,88.82
2025-10-07,9:47:04.062509644,T,TGT,F I,27,88.82
2025-10-07,9:47:04.062587966,T,TGT,F I,10,88.82
2025-10-07,9:47:04.062825224,T,TGT,F I,16,88.83
2025-10-07,9:47:04.062831333,T,TGT,F I,5,88.83
2025-10-07,9:47:04.062861509,T,TGT,I,6,88.83
2025-10-07,9:47:04.062865011,T,TGT,I,14,88.83
2025-10-07,9:47:04.062876907,T,TGT,F I,16,88.82
2025-10-07,9:47:04.062891408,T,TGT,F I,16,88.83
2025-10-07,9:47:04.062894533,T,TGT,I,27,88.84
2025-10-07,9:47:04.062897498,T,TGT,I,59,88.84
2025-10-07,9:47:04.062906467,T,TGT,F I,84,88.83
2025-10-07,9:47:04.062942589,T,TGT,F I,20,88.82
2025-10-07,9:47:04.650352957,T,TGT,F I,15,88.83
2025-10-07,9:47:04.650416183,T,TGT,F I,71,88.81
2025-10-07,9:47:04.650464308,T,TGT,F I,27,88.81
2025-10-07,9:47:04.650582205,T,TGT,F I,1,88.82
2025-10-07,9:47:04.650584552,T,TGT,F I,1,88.82
2025-10-07,9:47:04.650972534,T,TGT,F I,27,88.82
2025-10-07,9:47:04.650975479,T,TGT,F,250,88.82
2025-10-07,9:47:04.650978523,T,TGT,F I,27,88.82
2025-10-07,9:47:04.651008537,T,TGT,F I,76,88.82
2025-10-07,9:47:04.651011560,T,TGT,F I,33,88.82
2025-10-07,9:47:04.651014543,T,TGT,F I,5,88.82
2025-10-07,9:47:04.651652147,T,TGT,I,4,88.81
2025-10-07,9:47:04.651658170,T,TGT,I,4,88.81
2025-10-07,9:47:04.651658170,T,TGT,I,4,88.81
2025-10-07,9:47:04.651664183,T,TGT,I,2,88.81
2025-10-07,9:47:04.651667111,T,TGT,I,7,88.81
2025-10-07,9:47:06.091572648,T,TGT,F,100,88.78
2025-10-07,9:47:06.968011489,T,TGT,F I,46,88.82
2025-10-07,9:47:06.968038464,T,TGT,,144,88.82
2025-10-07,9:47:06.968055838,T,TGT,F I,71,88.8
2025-10-07,9:47:06.971925997,T,TGT,I,26,88.82
2025-10-07,9:47:06.971925997,T,TGT,I,24,88.82
2025-10-07,9:47:06.971962219,T,TGT,I,46,88.82
2025-10-07,9:47:06.971977204,T,TGT,F I,20,88.8
2025-10-07,9:47:06.972010356,T,TGT,F,100,88.81
2025-10-07,9:47:06.972016301,T,TGT,F I,34,88.81
2025-10-07,9:47:06.976917896,T,TGT,F I,20,88.8
2025-10-07,9:47:06.976924098,T,TGT,F I,80,88.8
2025-10-07,9:47:06.976924098,T,TGT,F,100,88.8
2025-10-07,9:47:06.976927384,T,TGT,F I,20,88.79
2025-10-07,9:47:06.977200621,T,TGT,I,7,88.8
2025-10-07,9:47:06.977260797,T,TGT,F,100,88.8
2025-10-07,9:47:06.977263736,T,TGT,F I,76,88.8
2025-10-07,9:47:06.977263736,T,TGT,F,100,88.8
2025-10-07,9:47:06.977281791,T,TGT,I,1,88.8
2025-10-07,9:47:06.977284761,T,TGT,I,1,88.8
2025-10-07,9:47:07.107985389,T,TGT,F,100,88.79
2025-10-07,9:47:07.107985389,T,TGT,F I,74,88.79
2025-10-07,9:47:07.107989428,T,TGT,F I,61,88.79
2025-10-07,9:47:07.107989428,T,TGT,F I,78,88.79
2025-10-07,9:47:07.107994257,T,TGT,F I,48,88.79
2025-10-07,9:47:07.107994257,T,TGT,F I,26,88.79
2025-10-07,9:47:07.107994257,T,TGT,F,460,88.79
2025-10-07,9:47:07.107997262,T,TGT,F I,26,88.79
2025-10-07,9:47:07.107997262,T,TGT,F I,24,88.79
2025-10-07,9:47:07.108039300,T,TGT,F I,26,88.78
2025-10-07,9:47:07.108731020,T,TGT,I,26,88.8
2025-10-07,9:47:07.108731020,T,TGT,I,26,88.8
2025-10-07,9:47:07.108733997,T,TGT,I,10,88.8
2025-10-07,9:47:07.109097835,T,TGT,F I,26,88.78
2025-10-07,9:47:07.109097835,T,TGT,F,100,88.78
2025-10-07,9:47:07.109130877,T,TGT,I,8,88.77
2025-10-07,9:47:07.109133946,T,TGT,I,8,88.77
2025-10-07,9:47:07.109133946,T,TGT,I,8,88.77
2025-10-07,9:47:07.109136930,T,TGT,I,4,88.77
2025-10-07,9:47:07.109170016,T,TGT,F I,51,88.77
2025-10-07,9:47:07.109191014,T,TGT,I,1,88.77
2025-10-07,9:47:07.109203077,T,TGT,,100,88.79
2025-10-07,9:47:07.109206083,T,TGT,I,16,88.79
2025-10-07,9:47:07.109212282,T,TGT,,195,88.79
2025-10-07,9:47:07.109212282,T,TGT,F I,20,88.77
2025-10-07,9:47:07.109224160,T,TGT,I,1,88.79
2025-10-07,9:47:07.109275330,T,TGT,I,34,88.78
2025-10-07,9:47:07.109359442,T,TGT,,100,88.81
2025-10-07,9:47:07.109362750,T,TGT,I,20,88.81
2025-10-07,9:47:07.109455977,T,TGT,F I,32,88.8
2025-10-07,9:47:07.109458724,T,TGT,F I,33,88.8
2025-10-07,9:47:07.109462313,T,TGT,F,100,88.8
2025-10-07,9:47:07.109482775,T,TGT,F I,33,88.8
2025-10-07,9:47:07.109494837,T,TGT,F,100,88.8
2025-10-07,9:47:07.109515806,T,TGT,F,227,88.8
2025-10-07,9:47:07.109518830,T,TGT,F I,6,88.8
2025-10-07,9:47:07.109569968,T,TGT,F I,13,88.8
2025-10-07,9:47:07.109573026,T,TGT,F I,20,88.8
2025-10-07,9:47:07.109582007,T,TGT,F I,6,88.8
2025-10-07,9:47:07.109651135,T,TGT,I,20,88.81
2025-10-07,9:47:07.109873663,T,TGT,F I,9,88.8
2025-10-07,9:47:07.109873663,T,TGT,F,100,88.8
2025-10-07,9:47:07.109877496,T,TGT,F I,38,88.8
2025-10-07,9:47:07.109877496,T,TGT,F I,5,88.8
2025-10-07,9:47:07.109879681,T,TGT,F I,25,88.8
2025-10-07,9:47:07.109882774,T,TGT,F I,12,88.8
2025-10-07,9:47:07.110003116,T,TGT,I,16,88.81
2025-10-07,9:47:07.110532301,T,TGT,I,26,88.82
2025-10-07,9:47:07.111594353,T,TGT,I,16,88.81
2025-10-07,9:47:07.114480627,T,TGT,F I,14,88.81
2025-10-07,9:47:17.078882523,T,TGT,F I,5,88.8
2025-10-07,9:47:20.479994650,T,TGT,F I,43,88.78
2025-10-07,9:47:20.479997649,T,TGT,F I,33,88.78
2025-10-07,9:47:20.479997649,T,TGT,F I,7,88.78
2025-10-07,9:47:20.480037095,T,TGT,I,1,88.78
2025-10-07,9:47:20.480037095,T,TGT,I,1,88.78
2025-10-07,9:47:20.480039704,T,TGT,I,1,88.78
2025-10-07,9:47:20.480039704,T,TGT,F I,3,88.78
2025-10-07,9:47:23.103123008,T,TGT,I,75,88.8
2025-10-07,9:47:23.153838880,T,TGT,I,21,88.8
2025-10-07,9:47:23.956986914,T,TGT,F I,27,88.76
2025-10-07,9:47:23.956989290,T,TGT,F I,33,88.76
2025-10-07,9:47:23.956992253,T,TGT,F I,10,88.76
2025-10-07,9:47:25.299634197,T,TGT,F,100,88.73
2025-10-07,9:47:25.299634197,T,TGT,F,100,88.73
2025-10-07,9:47:25.299637367,T,TGT,F I,24,88.73
2025-10-07,9:47:25.299637367,T,TGT,F I,14,88.73
2025-10-07,9:47:25.299673216,T,TGT,F I,47,88.72
2025-10-07,9:47:25.299703306,T,TGT,F I,53,88.72
2025-10-07,9:47:25.299703306,T,TGT,F I,10,88.72
2025-10-07,9:47:25.300175380,T,TGT,F I,50,88.72
2025-10-07,9:47:25.300184454,T,TGT,F,100,88.72
2025-10-07,9:47:25.300482493,T,TGT,I,17,88.73
2025-10-07,9:47:25.300485322,T,TGT,I,34,88.73
2025-10-07,9:47:25.300524189,T,TGT,I,26,88.74
2025-10-07,9:47:25.300527225,T,TGT,I,10,88.74
2025-10-07,9:47:25.300632452,T,TGT,I,20,88.74
2025-10-07,9:47:25.300668856,T,TGT,F I,18,88.74
2025-10-07,9:47:25.300672015,T,TGT,F I,68,88.73
2025-10-07,9:47:25.300674549,T,TGT,F I,17,88.73
2025-10-07,9:47:25.413915405,T,TGT,F I,26,88.72
2025-10-07,9:47:26.040867051,T,TGT,I,10,88.74
2025-10-07,9:47:28.251875714,T,TGT,I,21,88.74
2025-10-07,9:47:28.251890791,T,TGT,F I,2,88.74
2025-10-07,9:47:28.527214723,T,TGT,I,17,88.74
2025-10-07,9:47:28.632621879,T,TGT,I,5,88.74
2025-10-07,9:47:33.775706780,T,TGT,F I,6,88.76
2025-10-07,9:47:33.775706780,T,TGT,F I,61,88.76
2025-10-07,9:47:33.775712081,T,TGT,F I,30,88.76
2025-10-07,9:47:33.775712081,T,TGT,F I,15,88.76
2025-10-07,9:47:33.775724265,T,TGT,I,1,88.76
2025-10-07,9:47:33.777137522,T,TGT,I,14,88.76
2025-10-07,9:47:33.895722053,T,TGT,F I,21,88.76
2025-10-07,9:47:34.714134194,T,TGT,F,122,88.75
2025-10-07,9:47:34.714134194,T,TGT,F I,5,88.75
2025-10-07,9:47:34.714139868,T,TGT,F I,1,88.75
2025-10-07,9:47:34.714151966,T,TGT,I,1,88.75
2025-10-07,9:47:34.714154917,T,TGT,F,171,88.75
2025-10-07,9:47:37.512357995,T,TGT,,100,88.76
2025-10-07,9:47:37.517141906,T,TGT,I,12,88.78
2025-10-07,9:47:37.517144941,T,TGT,I,30,88.8
2025-10-07,9:47:37.517144941,T,TGT,I,20,88.8
2025-10-07,9:47:37.517147967,T,TGT,I,54,88.8
2025-10-07,9:47:37.517150852,T,TGT,I,82,88.8
2025-10-07,9:47:37.517150852,T,TGT,I,2,88.8
2025-10-07,9:47:37.517428011,T,TGT,F I,80,88.78
2025-10-07,9:47:38.728187182,T,TGT,F I,15,88.76
2025-10-07,9:47:43.321164829,T,TGT,F I,21,88.74
2025-10-07,9:47:45.059591867,T,TGT,F I,1,88.73
2025-10-07,9:47:45.059591867,T,TGT,F I,2,88.73
2025-10-07,9:47:51.791703527,T,TGT,F I,10,88.71
2025-10-07,9:47:51.791706595,T,TGT,F I,10,88.71
2025-10-07,9:48:02.576640246,T,TGT,F I,27,88.7
2025-10-07,9:48:02.576664883,T,TGT,F I,19,88.7
2025-10-07,9:48:02.576664883,T,TGT,F I,14,88.7
2025-10-07,9:48:02.576667320,T,TGT,F I,26,88.7
2025-10-07,9:48:06.522085114,T,TGT,I,25,88.7
2025-10-07,9:48:19.828207367,T,TGT,F I,56,88.72
2025-10-07,9:48:19.828210909,T,TGT,F I,10,88.72
2025-10-07,9:48:19.828210909,T,TGT,F I,41,88.72
2025-10-07,9:48:19.828213408,T,TGT,F I,51,88.72
2025-10-07,9:48:19.828213408,T,TGT,F I,5,88.72
2025-10-07,9:48:19.828414899,T,TGT,I,1,88.73
2025-10-07,9:48:19.828414899,T,TGT,I,10,88.73
2025-10-07,9:48:19.831458094,T,TGT,,215,88.74
2025-10-07,9:48:19.831482448,T,TGT,I,15,88.74
2025-10-07,9:48:20.199790726,T,TGT,I,57,88.74
2025-10-07,9:48:20.454482506,T,TGT,F I,10,88.69
2025-10-07,9:48:20.454485647,T,TGT,F I,20,88.69
2025-10-07,9:48:20.454485647,T,TGT,F I,5,88.69
2025-10-07,9:48:22.299386991,T,TGT,F,100,88.71
2025-10-07,9:48:26.616866092,T,TGT,F I,10,88.74
2025-10-07,9:48:26.616869488,T,TGT,F I,8,88.74
2025-10-07,9:48:26.616872898,T,TGT,F I,63,88.74
2025-10-07,9:48:26.616875145,T,TGT,F I,17,88.74
2025-10-07,9:48:26.616878152,T,TGT,F,100,88.74
2025-10-07,9:48:26.616878152,T,TGT,F I,50,88.74
2025-10-07,9:48:26.616944264,T,TGT,F I,37,88.75
2025-10-07,9:48:26.616947344,T,TGT,F I,10,88.75
2025-10-07,9:48:29.138571901,T,TGT,F,100,88.74
2025-10-07,9:48:30.842271928,T,TGT,F,100,88.735
2025-10-07,9:48:32.127386794,T,TGT,F,100,88.735
2025-10-07,9:48:33.640913608,T,TGT,F,100,88.735
2025-10-07,9:48:35.079150085,T,TGT,F,125,88.735
2025-10-07,9:48:35.079198242,T,TGT,F I,75,88.735
2025-10-07,9:48:35.952190145,T,TGT,F,100,88.735
2025-10-07,9:48:45.369555600,T,TGT,F,100,88.74
2025-10-07,9:48:46.047232070,T,TGT,F I,15,88.77
2025-10-07,9:48:46.047232070,T,TGT,F I,10,88.77
2025-10-07,9:48:46.047782318,T,TGT,F I,62,88.78
2025-10-07,9:48:46.047912245,T,TGT,F I,38,88.78
2025-10-07,9:48:46.048071862,T,TGT,I,12,88.79
2025-10-07,9:48:46.048074013,T,TGT,I,5,88.79
2025-10-07,9:48:46.048985193,T,TGT,I,21,88.79
2025-10-07,9:48:46.049024335,T,TGT,I,17,88.79
2025-10-07,9:48:46.049039317,T,TGT,I,18,88.78
2025-10-07,9:48:46.049063398,T,TGT,I,2,88.79
2025-10-07,9:48:46.049105482,T,TGT,I,15,88.79
2025-10-07,9:48:46.049108530,T,TGT,I,18,88.79
2025-10-07,9:48:46.049111551,T,TGT,I,20,88.79
2025-10-07,9:48:46.781440283,T,TGT,F I,6,88.76
2025-10-07,9:48:46.781458300,T,TGT,F I,94,88.76
2025-10-07,9:48:46.781482351,T,TGT,F I,10,88.76
2025-10-07,9:48:49.483861790,T,TGT,F I,40,88.79
2025-10-07,9:48:49.483865303,T,TGT,F I,10,88.79
2025-10-07,9:48:49.483867857,T,TGT,F I,10,88.79
2025-10-07,9:48:49.483867857,T,TGT,F I,31,88.79
2025-10-07,9:48:49.491563102,T,TGT,I,13,88.79
2025-10-07,9:48:52.204208893,T,TGT,I,23,88.75
2025-10-07,9:48:54.922607483,T,TGT,I,10,88.74
2025-10-07,9:48:56.151443002,T,TGT,I,10,88.735
2025-10-07,9:49:01.535067188,T,TGT,F I,89,88.78
2025-10-07,9:49:01.535070234,T,TGT,F I,29,88.78
2025-10-07,9:49:01.535334845,T,TGT,F I,8,88.79
2025-10-07,9:49:01.535340868,T,TGT,F,100,88.79
2025-10-07,9:49:01.538883340,T,TGT,I,46,88.8
2025-10-07,9:49:01.538883340,T,TGT,I,11,88.8
2025-10-07,9:49:01.538910327,T,TGT,F I,43,88.795
2025-10-07,9:49:01.545917088,T,TGT,F,100,88.8
2025-10-07,9:49:01.545920055,T,TGT,F,100,88.8
2025-10-07,9:49:01.545962159,T,TGT,F,100,88.8
2025-10-07,9:49:01.546253946,T,TGT,I,16,88.78
2025-10-07,9:49:01.546256918,T,TGT,,100,88.78
2025-10-07,9:49:01.550175489,T,TGT,F,100,88.79
2025-10-07,9:49:01.550175489,T,TGT,F I,16,88.79
2025-10-07,9:49:01.550181225,T,TGT,F I,49,88.79
2025-10-07,9:49:01.550181225,T,TGT,F,375,88.79
2025-10-07,9:49:01.550184165,T,TGT,F,100,88.79
2025-10-07,9:49:01.550184165,T,TGT,F,100,88.79
2025-10-07,9:49:01.550791611,T,TGT,F I,13,88.79
2025-10-07,9:49:01.766480588,T,TGT,F,100,88.8
2025-10-07,9:49:01.944318578,T,TGT,F I,17,88.8
2025-10-07,9:49:01.944321249,T,TGT,F I,83,88.8
2025-10-07,9:49:01.944324204,T,TGT,F I,17,88.81
2025-10-07,9:49:01.944372368,T,TGT,F I,12,88.82
2025-10-07,9:49:01.944372368,T,TGT,F I,99,88.82
2025-10-07,9:49:01.944375367,T,TGT,F I,10,88.82
2025-10-07,9:49:01.944393462,T,TGT,I,1,88.82
2025-10-07,9:49:01.944396425,T,TGT,I,4,88.82
2025-10-07,9:49:01.944411461,T,TGT,,100,88.82
2025-10-07,9:49:01.947851655,T,TGT,F,100,88.82
2025-10-07,9:49:01.947851655,T,TGT,F I,75,88.82
2025-10-07,9:49:01.948056177,T,TGT,F I,20,88.82
2025-10-07,9:49:01.948059114,T,TGT,F I,46,88.82
2025-10-07,9:49:01.948510182,T,TGT,F I,25,88.82
2025-10-07,9:49:01.948522192,T,TGT,F I,25,88.82
2025-10-07,9:49:01.949589889,T,TGT,I,53,88.815
2025-10-07,9:49:01.961492129,T,TGT,I,12,88.815
2025-10-07,9:49:03.082313501,T,TGT,I,10,88.81
2025-10-07,9:49:10.810894803,T,TGT,F I,4,88.84
2025-10-07,9:49:10.810897697,T,TGT,F I,3,88.84
2025-10-07,9:49:10.810909698,T,TGT,F I,45,88.84
2025-10-07,9:49:10.810912664,T,TGT,F I,10,88.84
2025-10-07,9:49:11.340615631,T,TGT,F I,77,88.84
2025-10-07,9:49:19.090111546,T,TGT,I,17,88.85
2025-10-07,9:49:19.091894720,T,TGT,F I,50,88.86
2025-10-07,9:49:19.091894720,T,TGT,F I,21,88.86
2025-10-07,9:49:19.092210476,T,TGT,F I,88,88.86
2025-10-07,9:49:19.092261682,T,TGT,I,8,88.87
2025-10-07,9:49:19.092261682,T,TGT,I,15,88.87
2025-10-07,9:49:38.914464492,T,TGT,F,100,88.84
2025-10-07,9:49:43.216667661,T,TGT,F I,85,88.81
2025-10-07,9:49:43.216673434,T,TGT,F,100,88.81
2025-10-07,9:49:43.216673434,T,TGT,F I,9,88.81
2025-10-07,9:49:43.216685418,T,TGT,I,1,88.81
2025-10-07,9:49:43.216688424,T,TGT,F I,10,88.81
2025-10-07,9:49:43.217356220,T,TGT,F,100,88.81
2025-10-07,9:49:43.217359099,T,TGT,F,100,88.81
2025-10-07,9:49:43.217362360,T,TGT,F I,18,88.82
2025-10-07,9:49:43.217362360,T,TGT,F I,42,88.82
2025-10-07,9:49:43.217365069,T,TGT,F I,20,88.82
2025-10-07,9:49:43.217530487,T,TGT,F,200,88.82
2025-10-07,9:49:43.218098872,T,TGT,I,9,88.83
2025-10-07,9:49:43.218098872,T,TGT,I,10,88.83
2025-10-07,9:49:43.218102080,T,TGT,I,10,88.83
2025-10-07,9:49:43.218104837,T,TGT,I,5,88.83
2025-10-07,9:49:43.218387594,T,TGT,I,4,88.84
2025-10-07,9:49:43.218393682,T,TGT,I,4,88.84
2025-10-07,9:49:43.218393682,T,TGT,I,4,88.84
2025-10-07,9:49:43.218396557,T,TGT,I,3,88.84
2025-10-07,9:49:43.221259327,T,TGT,I,5,88.83
2025-10-07,9:49:43.221259327,T,TGT,I,95,88.83
2025-10-07,9:49:48.965472780,T,TGT,F,109,88.83
2025-10-07,9:49:48.966708739,T,TGT,I,23,88.83
2025-10-07,9:49:58.558222469,T,TGT,F,100,88.79
2025-10-07,9:49:58.558222469,T,TGT,F I,59,88.79
2025-10-07,9:49:58.558225074,T,TGT,F I,15,88.79
2025-10-07,9:49:59.760742122,T,TGT,F,100,88.81
2025-10-07,9:49:59.760742122,T,TGT,F I,86,88.81
2025-10-07,9:50:00.079218765,T,TGT,F,100,88.83
2025-10-07,9:50:02.799553844,T,TGT,F,100,88.81
2025-10-07,9:50:02.799556832,T,TGT,F I,49,88.81
2025-10-07,9:50:02.799556832,T,TGT,F I,41,88.81
2025-10-07,9:50:02.799589958,T,TGT,I,11,88.81
2025-10-07,9:50:02.799598924,T,TGT,I,12,88.81
2025-10-07,9:50:02.799598924,T,TGT,I,12,88.81
2025-10-07,9:50:02.799601982,T,TGT,I,7,88.81
2025-10-07,9:50:05.707127424,T,TGT,I,25,88.81
2025-10-07,9:50:08.958091228,T,TGT,I,30,88.81
2025-10-07,9:50:10.956809025,T,TGT,F,100,88.8
2025-10-07,9:50:21.980550801,T,TGT,F I,32,88.77
2025-10-07,9:50:21.980553758,T,TGT,F,100,88.77
2025-10-07,9:50:21.980556743,T,TGT,F I,20,88.77
2025-10-07,9:50:21.980556743,T,TGT,F I,10,88.77
2025-10-07,9:50:21.996690213,T,TGT,F I,49,88.75
2025-10-07,9:50:21.996708152,T,TGT,F I,37,88.75
2025-10-07,9:50:21.996741250,T,TGT,F I,14,88.75
2025-10-07,9:50:21.996744639,T,TGT,F,100,88.75
2025-10-07,9:50:21.996747245,T,TGT,F I,29,88.75
2025-10-07,9:50:22.023550095,T,TGT,I,1,88.74
2025-10-07,9:50:22.023553157,T,TGT,I,5,88.74
2025-10-07,9:50:28.296486044,T,TGT,F I,50,88.7
2025-10-07,9:50:28.316688216,T,TGT,I,6,88.65
2025-10-07,9:50:28.316691276,T,TGT,I,51,88.65
2025-10-07,9:50:28.354942359,T,TGT,,100,88.64
2025-10-07,9:50:28.354942359,T,TGT,I,64,88.64
2025-10-07,9:50:28.354975394,T,TGT,I,3,88.63
2025-10-07,9:50:28.354975394,T,TGT,I,3,88.63
2025-10-07,9:50:28.354978488,T,TGT,I,3,88.63
2025-10-07,9:50:28.354981415,T,TGT,I,1,88.63
2025-10-07,9:50:28.355005531,T,TGT,,100,88.64
2025-10-07,9:50:28.355159214,T,TGT,I,1,88.65
2025-10-07,9:50:28.355159214,T,TGT,,100,88.66
2025-10-07,9:50:28.355161842,T,TGT,,100,88.66
2025-10-07,9:50:28.355165024,T,TGT,I,10,88.66
2025-10-07,9:50:28.355426563,T,TGT,I,11,88.65
2025-10-07,9:50:28.355456579,T,TGT,I,31,88.65
2025-10-07,9:50:28.355456579,T,TGT,I,9,88.65
2025-10-07,9:50:28.355471888,T,TGT,,190,88.65
2025-10-07,9:50:28.358051770,T,TGT,F I,64,88.64
2025-10-07,9:50:28.358057810,T,TGT,I,4,88.65
2025-10-07,9:50:28.358057810,T,TGT,I,11,88.65
2025-10-07,9:50:28.358102971,T,TGT,I,3,88.65
2025-10-07,9:50:28.358112443,T,TGT,F I,1,88.65
2025-10-07,9:50:28.358154003,T,TGT,I,10,88.66
2025-10-07,9:50:28.358304441,T,TGT,I,17,88.67
2025-10-07,9:50:28.358307452,T,TGT,I,34,88.67
2025-10-07,9:50:28.358310515,T,TGT,I,17,88.67
2025-10-07,9:50:28.358310515,T,TGT,I,20,88.67
2025-10-07,9:50:28.358574960,T,TGT,F I,42,88.67
2025-10-07,9:50:28.358584833,T,TGT,F I,34,88.67
2025-10-07,9:50:28.358587278,T,TGT,F I,7,88.67
2025-10-07,9:50:28.358587278,T,TGT,F I,11,88.67
2025-10-07,9:50:28.358725342,T,TGT,I,13,88.67
2025-10-07,9:50:28.358755439,T,TGT,F I,42,88.67
2025-10-07,9:50:28.358758609,T,TGT,F I,34,88.67
2025-10-07,9:50:28.358770451,T,TGT,F I,24,88.67
2025-10-07,9:50:28.358887696,T,TGT,I,18,88.68
2025-10-07,9:50:28.358935833,T,TGT,F I,18,88.67
2025-10-07,9:50:28.358941879,T,TGT,F I,2,88.67
2025-10-07,9:50:28.359007983,T,TGT,,100,88.67
2025-10-07,9:50:28.359062198,T,TGT,,100,88.68
2025-10-07,9:50:28.359068626,T,TGT,,100,88.67
2025-10-07,9:50:28.359068626,T,TGT,I,18,88.67
2025-10-07,9:50:28.359074239,T,TGT,I,7,88.67
2025-10-07,9:50:28.359074239,T,TGT,F I,11,88.67
2025-10-07,9:50:28.359086199,T,TGT,F I,18,88.67
2025-10-07,9:50:28.359086199,T,TGT,F I,18,88.67
2025-10-07,9:50:28.359483161,T,TGT,I,18,88.68
2025-10-07,9:50:28.359489144,T,TGT,I,24,88.68
2025-10-07,9:50:28.359492936,T,TGT,I,9,88.68
2025-10-07,9:50:28.359492936,T,TGT,I,47,88.68
2025-10-07,9:50:28.359492936,T,TGT,I,8,88.68
2025-10-07,9:50:28.359495757,T,TGT,I,2,88.68
2025-10-07,9:50:28.359498199,T,TGT,I,20,88.68
2025-10-07,9:50:28.359498199,T,TGT,I,18,88.68
2025-10-07,9:50:28.359502084,T,TGT,I,36,88.68
2025-10-07,9:50:28.359502084,T,TGT,I,2,88.68
2025-10-07,9:50:28.359504603,T,TGT,I,1,88.68
2025-10-07,9:50:28.359504603,T,TGT,I,3,88.68
2025-10-07,9:50:28.359507250,T,TGT,I,10,88.68
2025-10-07,9:50:28.359615502,T,TGT,F I,8,88.67
2025-10-07,9:50:28.359648810,T,TGT,I,32,88.68
2025-10-07,9:50:28.359651958,T,TGT,I,15,88.68
2025-10-07,9:50:28.359651958,T,TGT,I,10,88.68
2025-10-07,9:50:28.359654855,T,TGT,,150,88.68
2025-10-07,9:50:28.359654855,T,TGT,F I,20,88.67
2025-10-07,9:50:28.359714735,T,TGT,I,23,88.67
2025-10-07,9:50:28.359777900,T,TGT,F I,8,88.67
2025-10-07,9:50:28.360234934,T,TGT,I,7,88.67
2025-10-07,9:50:28.360595856,T,TGT,I,20,88.66
2025-10-07,9:50:28.360595856,T,TGT,I,8,88.66
2025-10-07,9:50:28.360646999,T,TGT,I,18,88.67
2025-10-07,9:50:28.360667973,T,TGT,I,1,88.67
2025-10-07,9:50:28.360674090,T,TGT,I,7,88.67
2025-10-07,9:50:28.360939327,T,TGT,I,20,88.68
2025-10-07,9:50:28.360992817,T,TGT,F I,18,88.68
2025-10-07,9:50:28.360998776,T,TGT,F I,4,88.68
2025-10-07,9:50:28.361043938,T,TGT,,100,88.68
2025-10-07,9:50:28.361061892,T,TGT,I,1,88.68
2025-10-07,9:50:28.361095189,T,TGT,I,99,88.68
2025-10-07,9:50:28.361095189,T,TGT,,100,88.68
2025-10-07,9:50:28.361098029,T,TGT,I,2,88.68
2025-10-07,9:50:28.361101083,T,TGT,I,4,88.68
2025-10-07,9:50:29.316128392,T,TGT,I,36,88.65
2025-10-07,9:50:29.316131320,T,TGT,I,28,88.65
2025-10-07,9:50:41.770895286,T,TGT,I,10,88.635
2025-10-07,9:50:44.658521879,T,TGT,F I,1,88.62
2025-10-07,9:50:49.046970223,T,TGT,F I,14,88.64
2025-10-07,9:50:49.046988352,T,TGT,I,1,88.64
2025-10-07,9:50:49.047009319,T,TGT,I,63,88.64
2025-10-07,9:50:49.047337125,T,TGT,F I,28,88.64
2025-10-07,9:50:49.047592722,T,TGT,F,100,88.65
2025-10-07,9:50:49.047595812,T,TGT,F,100,88.65
2025-10-07,9:50:49.047595812,T,TGT,F,100,88.65
2025-10-07,9:50:49.047947602,T,TGT,F,100,88.66
2025-10-07,9:50:49.047947602,T,TGT,F I,32,88.66
2025-10-07,9:50:49.062282922,T,TGT,I,41,88.66
2025-10-07,9:50:49.062282922,T,TGT,I,45,88.66
2025-10-07,9:50:49.118014560,T,TGT,F,114,88.65
2025-10-07,9:50:50.055931226,T,TGT,F,125,88.65
2025-10-07,9:50:50.055976504,T,TGT,F I,75,88.65
2025-10-07,9:50:51.242170325,T,TGT,,100,88.65
2025-10-07,9:50:51.359266347,T,TGT,F,100,88.65
2025-10-07,9:50:54.559057681,T,TGT,F I,4,88.68
2025-10-07,9:50:54.559060713,T,TGT,F I,16,88.68
2025-10-07,9:50:54.559063988,T,TGT,F I,4,88.68
2025-10-07,9:50:54.559063988,T,TGT,F I,77,88.68
2025-10-07,9:50:54.559066695,T,TGT,F I,14,88.68
2025-10-07,9:50:54.559069723,T,TGT,F I,2,88.68
2025-10-07,9:50:54.559069723,T,TGT,F I,7,88.68
2025-10-07,9:50:58.676617696,T,TGT,I,6,88.675
2025-10-07,9:51:02.926868747,T,TGT,I,22,88.67
2025-10-07,9:51:05.131018040,T,TGT,F I,11,88.69
2025-10-07,9:51:05.131508602,T,TGT,F I,4,88.7
2025-10-07,9:51:05.131511255,T,TGT,F I,10,88.7
2025-10-07,9:51:05.144002936,T,TGT,F I,36,88.71
2025-10-07,9:51:05.144234541,T,TGT,F I,6,88.72
2025-10-07,9:51:05.144971280,T,TGT,F I,2,88.73
2025-10-07,9:51:05.144974337,T,TGT,F I,2,88.73
2025-10-07,9:51:05.144992328,T,TGT,I,19,88.73
2025-10-07,9:51:07.993468764,T,TGT,F I,57,88.73
2025-10-07,9:51:07.993471717,T,TGT,F I,23,88.73
2025-10-07,9:51:08.678236141,T,TGT,I,7,88.7
2025-10-07,9:51:11.576658521,T,TGT,,100,88.72
2025-10-07,9:51:14.969488989,T,TGT,,100,88.75
2025-10-07,9:51:14.969488989,T,TGT,I,88,88.75
2025-10-07,9:51:14.969536984,T,TGT,I,19,88.74
2025-10-07,9:51:14.969600115,T,TGT,,100,88.75
2025-10-07,9:51:14.969663790,T,TGT,F I,19,88.75
2025-10-07,9:51:14.970294773,T,TGT,I,10,88.76
2025-10-07,9:51:14.970384916,T,TGT,I,44,88.77
2025-10-07,9:51:14.970387976,T,TGT,I,13,88.77
2025-10-07,9:51:14.970387976,T,TGT,I,34,88.77
2025-10-07,9:51:14.970595468,T,TGT,I,42,88.78
2025-10-07,9:51:14.970595468,T,TGT,I,3,88.78
2025-10-07,9:51:14.970598449,T,TGT,I,54,88.78
2025-10-07,9:51:14.970601814,T,TGT,I,7,88.78
2025-10-07,9:51:14.970878131,T,TGT,F,100,88.77
2025-10-07,9:51:14.970881103,T,TGT,F,253,88.77
2025-10-07,9:51:14.970935271,T,TGT,,100,88.78
2025-10-07,9:51:14.970956352,T,TGT,I,1,88.765
2025-10-07,9:51:14.970959288,T,TGT,F I,35,88.765
2025-10-07,9:51:14.970977415,T,TGT,I,32,88.765
2025-10-07,9:51:14.971022812,T,TGT,I,32,88.77
2025-10-07,9:51:14.971055879,T,TGT,I,32,88.77
2025-10-07,9:51:14.971055879,T,TGT,I,68,88.78
2025-10-07,9:51:14.971091677,T,TGT,F I,19,88.77
2025-10-07,9:51:14.971103716,T,TGT,I,32,88.78
2025-10-07,9:51:14.971103716,T,TGT,I,29,88.78
2025-10-07,9:51:14.971368294,T,TGT,I,18,88.78
2025-10-07,9:51:14.971368294,T,TGT,I,18,88.78
2025-10-07,9:51:14.971372001,T,TGT,I,9,88.78
2025-10-07,9:51:14.971372001,T,TGT,I,38,88.78
2025-10-07,9:51:14.971374366,T,TGT,I,19,88.78
2025-10-07,9:51:14.971386407,T,TGT,F I,14,88.77
2025-10-07,9:51:14.971425385,T,TGT,F I,32,88.77
2025-10-07,9:51:14.971428514,T,TGT,F I,16,88.77
2025-10-07,9:51:14.971443488,T,TGT,,100,88.78
2025-10-07,9:51:14.971443488,T,TGT,I,14,88.78
2025-10-07,9:51:14.971476542,T,TGT,F,100,88.77
2025-10-07,9:51:14.971494616,T,TGT,I,44,88.77
2025-10-07,9:51:14.971639116,T,TGT,,100,88.78
2025-10-07,9:51:14.971735134,T,TGT,F I,36,88.78
2025-10-07,9:51:14.971735134,T,TGT,I,36,88.78
2025-10-07,9:51:14.971753424,T,TGT,I,1,88.78
2025-10-07,9:51:14.971759289,T,TGT,F I,27,88.78
2025-10-07,9:51:14.971759289,T,TGT,F I,38,88.78
2025-10-07,9:51:14.971792295,T,TGT,I,62,88.78
2025-10-07,9:51:14.974023665,T,TGT,I,91,88.77
2025-10-07,9:51:14.974044704,T,TGT,F I,2,88.77
2025-10-07,9:51:14.975753325,T,TGT,F I,7,88.77
2025-10-07,9:51:14.975753325,T,TGT,F I,6,88.77
2025-10-07,9:51:14.975755810,T,TGT,F I,30,88.77
2025-10-07,9:51:14.975758747,T,TGT,F I,30,88.77
2025-10-07,9:51:14.975758747,T,TGT,F I,49,88.77
2025-10-07,9:51:14.975833903,T,TGT,F I,14,88.76
2025-10-07,9:51:14.975836936,T,TGT,F I,28,88.76
2025-10-07,9:51:14.976251893,T,TGT,F I,15,88.76
2025-10-07,9:51:14.976254948,T,TGT,F I,15,88.76
2025-10-07,9:51:14.978347886,T,TGT,I,30,88.76
2025-10-07,9:51:14.978411054,T,TGT,I,30,88.76
2025-10-07,9:51:14.978513365,T,TGT,I,40,88.76
2025-10-07,9:51:18.679027539,T,TGT,I,6,88.74
2025-10-07,9:51:21.584670682,T,TGT,F I,14,88.78
2025-10-07,9:51:21.584673181,T,TGT,F I,28,88.78
2025-10-07,9:51:21.584676344,T,TGT,F I,10,88.78
2025-10-07,9:51:21.584698008,T,TGT,F I,5,88.79
2025-10-07,9:51:21.584698008,T,TGT,F I,10,88.79
2025-10-07,9:51:24.601911978,T,TGT,F,100,88.775
2025-10-07,9:51:24.601914735,T,TGT,F I,10,88.75
2025-10-07,9:51:24.601917889,T,TGT,F I,62,88.75
2025-10-07,9:51:24.601917889,T,TGT,F I,30,88.75
2025-10-07,9:51:24.601920708,T,TGT,F,100,88.75
2025-10-07,9:51:24.602428901,T,TGT,F I,20,88.73
2025-10-07,9:51:24.602431919,T,TGT,F,100,88.73
2025-10-07,9:51:24.602431919,T,TGT,F,100,88.73
2025-10-07,9:51:24.602693571,T,TGT,F I,1,88.72
2025-10-07,9:51:24.602693571,T,TGT,F I,20,88.72
2025-10-07,9:51:24.602696573,T,TGT,F I,80,88.72
2025-10-07,9:51:24.602846928,T,TGT,F,100,88.72
2025-10-07,9:51:24.602883298,T,TGT,F,100,88.72
2025-10-07,9:51:24.603397257,T,TGT,F I,30,88.73
2025-10-07,9:51:24.603409282,T,TGT,F,200,88.73
2025-10-07,9:51:24.603505421,T,TGT,I,13,88.74
2025-10-07,9:51:24.603505421,T,TGT,I,26,88.74
2025-10-07,9:51:24.603526524,T,TGT,I,1,88.74
2025-10-07,9:51:24.603553628,T,TGT,F I,20,88.73
2025-10-07,9:51:24.603577680,T,TGT,F I,1,88.73
2025-10-07,9:51:24.603580880,T,TGT,F I,1,88.73
2025-10-07,9:51:24.603607765,T,TGT,F I,26,88.73
2025-10-07,9:51:24.603610689,T,TGT,F I,13,88.73
2025-10-07,9:51:24.614770439,T,TGT,I,19,88.74
2025-10-07,9:51:24.614770439,T,TGT,I,1,88.74
2025-10-07,9:51:24.614824493,T,TGT,F I,1,88.73
2025-10-07,9:51:24.614899596,T,TGT,F I,46,88.73
2025-10-07,9:51:24.615260473,T,TGT,F I,1,88.73
2025-10-07,9:51:24.615260473,T,TGT,F I,99,88.73
2025-10-07,9:51:24.615467919,T,TGT,I,21,88.75
2025-10-07,9:51:24.615492067,T,TGT,I,1,88.75
2025-10-07,9:51:24.615519112,T,TGT,F I,38,88.74
2025-10-07,9:51:24.615525106,T,TGT,F I,18,88.74
2025-10-07,9:51:24.632067514,T,TGT,F I,71,88.73
2025-10-07,9:51:24.632077180,T,TGT,F I,29,88.73
2025-10-07,9:51:24.632077180,T,TGT,F I,26,88.72
2025-10-07,9:51:24.632077180,T,TGT,F I,13,88.72
2025-10-07,9:51:24.632079752,T,TGT,F I,26,88.72
2025-10-07,9:51:24.632082558,T,TGT,F I,6,88.72
2025-10-07,9:51:24.632687005,T,TGT,F I,49,88.72
2025-10-07,9:51:24.632690049,T,TGT,F I,40,88.72
2025-10-07,9:51:24.632693164,T,TGT,F,100,88.72
2025-10-07,9:51:24.632696002,T,TGT,F,100,88.72
2025-10-07,9:51:24.632696002,T,TGT,F I,51,88.72
2025-10-07,9:51:24.632698984,T,TGT,F I,49,88.72
2025-10-07,9:51:24.632698984,T,TGT,F,100,88.72
2025-10-07,9:51:24.633168095,T,TGT,F,100,88.72
2025-10-07,9:51:24.633210253,T,TGT,F I,35,88.72
2025-10-07,9:51:24.633763553,T,TGT,F I,12,88.72
2025-10-07,9:51:24.697596678,T,TGT,F,100,88.71
2025-10-07,9:51:38.709350748,T,TGT,F I,20,88.68
2025-10-07,9:51:38.709353104,T,TGT,F,100,88.68
2025-10-07,9:51:38.709353104,T,TGT,F I,32,88.68
2025-10-07,9:51:38.804403568,T,TGT,F I,10,88.69
2025-10-07,9:51:38.804406593,T,TGT,F I,15,88.69
2025-10-07,9:51:41.275444781,T,TGT,I,25,88.7
2025-10-07,9:51:46.581902294,T,TGT,I,5,88.7
2025-10-07,9:51:46.620592411,T,TGT,I,56,88.7
2025-10-07,9:51:46.714764797,T,TGT,I,10,88.7
2025-10-07,9:51:48.098896421,T,TGT,F I,50,88.65
2025-10-07,9:51:48.098896421,T,TGT,F I,10,88.65
2025-10-07,9:51:50.962643206,T,TGT,F,100,88.645
2025-10-07,9:51:50.962643206,T,TGT,F I,7,88.645
2025-10-07,9:51:50.962646138,T,TGT,F I,1,88.67
2025-10-07,9:51:50.962673198,T,TGT,I,67,88.65
2025-10-07,9:51:50.963298700,T,TGT,I,20,88.62
2025-10-07,9:51:50.963322766,T,TGT,F I,30,88.62
2025-10-07,9:51:51.344529376,T,TGT,I,39,88.62
2025-10-07,9:51:51.344529376,T,TGT,I,8,88.62
2025-10-07,9:51:51.344531933,T,TGT,I,27,88.62
2025-10-07,9:52:00.708441987,T,TGT,F,100,88.61
2025-10-07,9:52:00.708441987,T,TGT,F I,1,88.61
2025-10-07,9:52:00.708445009,T,TGT,F I,10,88.61
2025-10-07,9:52:00.708445009,T,TGT,F I,21,88.61
2025-10-07,9:52:00.708544761,T,TGT,F I,25,88.6
2025-10-07,9:52:00.710300412,T,TGT,F I,71,88.61
2025-10-07,9:52:01.158611604,T,TGT,F I,1,88.62
2025-10-07,9:52:10.817187718,T,TGT,F I,3,88.65
2025-10-07,9:52:10.817190800,T,TGT,F I,2,88.65
2025-10-07,9:52:10.817193756,T,TGT,F I,1,88.65
2025-10-07,9:52:10.817212097,T,TGT,I,1,88.65
2025-10-07,9:52:10.817232888,T,TGT,I,98,88.65
2025-10-07,9:52:10.818288376,T,TGT,F I,13,88.66
2025-10-07,9:52:11.313279740,T,TGT,F I,2,88.67
2025-10-07,9:52:11.313279740,T,TGT,F I,12,88.67
2025-10-07,9:52:11.313814947,T,TGT,F I,15,88.68
2025-10-07,9:52:13.652477719,T,TGT,F,100,88.67
2025-10-07,9:52:13.652486799,T,TGT,F I,1,88.67
2025-10-07,9:52:13.652486799,T,TGT,F I,2,88.67
2025-10-07,9:52:37.246984810,T,TGT,I,60,88.66
2025-10-07,9:52:56.845631898,T,TGT,F I,1,88.67
2025-10-07,9:52:56.845634904,T,TGT,F I,10,88.67
2025-10-07,9:53:00.948122994,T,TGT,I,9,88.69
2025-10-07,9:53:00.948122994,T,TGT,I,6,88.69
2025-10-07,9:53:01.047287178,T,TGT,I,10,88.69
2025-10-07,9:53:02.536008060,T,TGT,F I,16,88.66
2025-10-07,9:53:29.517736777,T,TGT,,200,88.645
2025-10-07,9:53:54.932164867,T,TGT,,100,88.62
2025-10-07,9:53:54.932239969,T,TGT,,100,88.62
2025-10-07,9:53:56.361800934,T,TGT,F,100,88.6
2025-10-07,9:53:56.362976778,T,TGT,I,1,88.6
2025-10-07,9:53:56.363012818,T,TGT,I,19,88.6
2025-10-07,9:53:56.363024837,T,TGT,F I,19,88.61
2025-10-07,9:53:56.363064880,T,TGT,F,100,88.6
2025-10-07,9:53:56.562159317,T,TGT,F I,2,88.64
2025-10-07,9:53:56.562808842,T,TGT,I,51,88.63
2025-10-07,9:53:58.950058248,T,TGT,F,100,88.63
2025-10-07,9:53:58.950061500,T,TGT,F I,8,88.64
2025-10-07,9:53:58.950065206,T,TGT,F I,37,88.64
2025-10-07,9:53:58.950067410,T,TGT,F I,10,88.64
2025-10-07,9:53:58.950070947,T,TGT,F I,16,88.64
2025-10-07,9:53:58.950074798,T,TGT,F I,9,88.64
2025-10-07,9:53:58.950074798,T,TGT,F I,2,88.64
2025-10-07,9:53:58.950079799,T,TGT,F I,3,88.64
2025-10-07,9:53:58.950079799,T,TGT,F I,7,88.64
2025-10-07,9:53:58.950079799,T,TGT,F I,14,88.64
2025-10-07,9:53:58.950084034,T,TGT,F I,19,88.64
2025-10-07,9:53:58.950084034,T,TGT,F I,35,88.64
2025-10-07,9:53:58.950085400,T,TGT,F I,11,88.64
2025-10-07,9:53:58.950353035,T,TGT,,100,88.64
2025-10-07,9:54:00.863998224,T,TGT,F,100,88.625
2025-10-07,9:54:03.831113333,T,TGT,F,100,88.65
2025-10-07,9:54:03.831813906,T,TGT,F I,10,88.66
2025-10-07,9:54:08.074574131,T,TGT,F I,41,88.66
2025-10-07,9:54:08.074595856,T,TGT,F I,59,88.66
2025-10-07,9:54:08.074595856,T,TGT,F I,31,88.67
2025-10-07,9:54:08.074598191,T,TGT,F I,10,88.67
2025-10-07,9:54:08.705714743,T,TGT,I,7,88.65
2025-10-07,9:54:11.477854601,T,TGT,I,1,88.68
2025-10-07,9:54:11.477854601,T,TGT,I,16,88.68
2025-10-07,9:54:11.477857250,T,TGT,I,54,88.68
2025-10-07,9:54:11.478091852,T,TGT,F I,17,88.68
2025-10-07,9:54:11.479042371,T,TGT,F I,24,88.7
2025-10-07,9:54:11.479042371,T,TGT,F I,45,88.7
2025-10-07,9:54:11.479078161,T,TGT,I,43,88.7
2025-10-07,9:54:11.511886541,T,TGT,F I,10,88.71
2025-10-07,9:54:11.511886541,T,TGT,F I,5,88.71
2025-10-07,9:54:11.701232491,T,TGT,F,100,88.705
2025-10-07,9:54:11.701235502,T,TGT,F I,25,88.71
2025-10-07,9:54:14.818919199,T,TGT,I,4,88.69
2025-10-07,9:54:14.818946295,T,TGT,F I,96,88.69
2025-10-07,9:54:25.464121997,T,TGT,I,1,88.7
2025-10-07,9:54:25.772629992,T,TGT,I,4,88.67
2025-10-07,9:54:25.814540873,T,TGT,F I,1,88.65
2025-10-07,9:54:34.879358524,T,TGT,I,18,88.68
2025-10-07,9:54:34.879361477,T,TGT,I,12,88.68
2025-10-07,9:54:44.000936246,T,TGT,I,3,88.65
2025-10-07,9:54:45.982474137,T,TGT,I,5,88.69
2025-10-07,9:54:52.718892700,T,TGT,I,35,88.65
2025-10-07,9:54:54.341089253,T,TGT,I,10,88.66
2025-10-07,9:54:57.450452211,T,TGT,I,40,88.67
2025-10-07,9:54:58.708637763,T,TGT,I,13,88.665
2025-10-07,9:55:17.678273273,T,TGT,I,2,88.68
2025-10-07,9:55:25.431374601,T,TGT,I,16,88.66
2025-10-07,9:55:25.537972581,T,TGT,I,1,88.65
2025-10-07,9:55:25.537975631,T,TGT,,100,88.65
2025-10-07,9:55:25.539256669,T,TGT,F I,13,88.64
2025-10-07,9:55:31.464155562,T,TGT,F I,5,88.67
2025-10-07,9:55:31.466435077,T,TGT,F I,95,88.67
2025-10-07,9:55:31.466474111,T,TGT,I,4,88.68
2025-10-07,9:55:31.466477127,T,TGT,,150,88.68
2025-10-07,9:55:39.073316089,T,TGT,I,5,88.68
2025-10-07,9:55:39.101378962,T,TGT,I,1,88.69
2025-10-07,9:55:59.618107537,T,TGT,,1000,88.65
2025-10-07,9:55:59.619280302,T,TGT,F,100,88.63
2025-10-07,9:56:01.856336742,T,TGT,F,100,88.65
2025-10-07,9:56:10.446203186,T,TGT,F I,1,88.67
2025-10-07,9:56:10.446203186,T,TGT,F I,8,88.67
2025-10-07,9:56:10.446205879,T,TGT,F I,2,88.67
2025-10-07,9:56:10.446229938,T,TGT,I,1,88.67
2025-10-07,9:56:10.446241958,T,TGT,I,1,88.67
2025-10-07,9:56:10.460850756,T,TGT,F,100,88.66
2025-10-07,9:56:11.836141286,T,TGT,F,125,88.65
2025-10-07,9:56:11.836192419,T,TGT,F I,75,88.65
2025-10-07,9:56:12.636693682,T,TGT,I,7,88.69
2025-10-07,9:56:12.636699590,T,TGT,I,2,88.69
2025-10-07,9:56:12.636699590,T,TGT,I,5,88.69
2025-10-07,9:56:12.636702708,T,TGT,I,1,88.69
2025-10-07,9:56:12.636705579,T,TGT,I,6,88.69
2025-10-07,9:56:12.636705579,T,TGT,I,4,88.69
2025-10-07,9:56:15.633167521,T,TGT,I,1,88.68
2025-10-07,9:56:15.633191661,T,TGT,F I,39,88.68
2025-10-07,9:56:15.634623040,T,TGT,F I,18,88.67
2025-10-07,9:56:15.634869595,T,TGT,F I,21,88.66
2025-10-07,9:56:15.634875677,T,TGT,F,100,88.66
2025-10-07,9:56:15.634875677,T,TGT,F I,42,88.66
2025-10-07,9:56:16.737022457,T,TGT,I,1,88.67
2025-10-07,9:56:16.737046557,T,TGT,F I,41,88.67
2025-10-07,9:56:16.737046557,T,TGT,F I,21,88.67
2025-10-07,9:56:16.737049550,T,TGT,F I,19,88.67
2025-10-07,9:56:16.749484109,T,TGT,F,100,88.66
2025-10-07,9:56:16.749487195,T,TGT,F I,25,88.66
2025-10-07,9:56:16.749547277,T,TGT,F,125,88.66
2025-10-07,9:56:16.749580437,T,TGT,F I,50,88.66
2025-10-07,9:56:26.227732678,T,TGT,I,14,88.69
2025-10-07,9:56:26.227943195,T,TGT,F I,7,88.7
2025-10-07,9:56:29.101589904,T,TGT,F I,9,88.67
2025-10-07,9:56:29.101619678,T,TGT,F I,7,88.67
2025-10-07,9:56:29.101661764,T,TGT,,106,88.66
2025-10-07,9:56:29.101679732,T,TGT,F I,94,88.66
2025-10-07,9:56:29.106103351,T,TGT,F,100,88.66
2025-10-07,9:56:29.106106535,T,TGT,F,100,88.66
2025-10-07,9:56:29.106106535,T,TGT,F,100,88.66
2025-10-07,9:56:45.717748967,T,TGT,F I,52,88.71
2025-10-07,9:57:00.437055261,T,TGT,I,6,88.72
2025-10-07,9:57:00.437058289,T,TGT,I,10,88.72
2025-10-07,9:57:06.214966854,T,TGT,I,10,88.7
2025-10-07,9:57:08.733103249,T,TGT,I,6,88.69
2025-10-07,9:57:13.039636408,T,TGT,F I,32,88.71
2025-10-07,9:57:13.053051367,T,TGT,,143,88.7
2025-10-07,9:57:16.166492010,T,TGT,I,2,88.74
2025-10-07,9:57:16.166498023,T,TGT,I,10,88.74
2025-10-07,9:57:16.166534005,T,TGT,I,1,88.75
2025-10-07,9:57:16.166540119,T,TGT,I,1,88.75
2025-10-07,9:57:16.166540119,T,TGT,I,1,88.75
2025-10-07,9:57:16.166576147,T,TGT,I,4,88.75
2025-10-07,9:57:16.228123861,T,TGT,I,29,88.78
2025-10-07,9:57:16.228163311,T,TGT,I,3,88.79
2025-10-07,9:57:16.228163311,T,TGT,I,1,88.79
2025-10-07,9:57:16.228166047,T,TGT,I,4,88.79
2025-10-07,9:57:16.228166047,T,TGT,I,3,88.79
2025-10-07,9:57:16.228168923,T,TGT,I,4,88.79
2025-10-07,9:57:16.228192985,T,TGT,F I,1,88.79
2025-10-07,9:57:16.228583940,T,TGT,F I,20,88.8
2025-10-07,9:57:16.228586905,T,TGT,F I,13,88.8
2025-10-07,9:57:18.318599205,T,TGT,I,10,88.775
2025-10-07,9:57:18.318629343,T,TGT,I,90,88.775
2025-10-07,9:57:20.759352221,T,TGT,F,100,88.77
2025-10-07,9:57:25.847104627,T,TGT,,100,88.775
2025-10-07,9:57:42.461760629,T,TGT,,125,88.745
2025-10-07,9:57:49.596875254,T,TGT,F,100,88.77
2025-10-07,9:57:49.596875254,T,TGT,F I,2,88.78
2025-10-07,9:57:49.596877668,T,TGT,F I,44,88.78
2025-10-07,9:57:49.596913820,T,TGT,F I,5,88.78
2025-10-07,9:57:49.596916795,T,TGT,F I,2,88.78
2025-10-07,9:57:49.596928854,T,TGT,I,67,88.76
2025-10-07,9:57:49.596938349,T,TGT,F I,49,88.78
2025-10-07,9:57:49.596938349,T,TGT,F I,34,88.78
2025-10-07,9:57:49.596943896,T,TGT,F I,10,88.78
2025-10-07,9:57:49.596959756,T,TGT,,100,88.77
2025-10-07,9:57:49.596961960,T,TGT,I,28,88.77
2025-10-07,9:57:49.596964959,T,TGT,I,67,88.78
2025-10-07,9:57:49.597431002,T,TGT,F I,10,88.77
2025-10-07,9:57:49.597470063,T,TGT,I,59,88.77
2025-10-07,9:57:49.598576739,T,TGT,F I,6,88.78
2025-10-07,9:57:49.598576739,T,TGT,F I,94,88.78
2025-10-07,9:57:49.598600834,T,TGT,F I,6,88.78
2025-10-07,9:57:49.632043556,T,TGT,F,100,88.79
2025-10-07,9:57:49.700790298,T,TGT,F,100,88.8
2025-10-07,9:57:49.700793312,T,TGT,F I,25,88.8
2025-10-07,9:57:49.700835397,T,TGT,F I,75,88.8
2025-10-07,9:57:49.821302375,T,TGT,I,17,88.78
2025-10-07,9:57:49.821306289,T,TGT,I,17,88.78
2025-10-07,9:57:49.821306289,T,TGT,I,68,88.78
2025-10-07,9:57:49.821308598,T,TGT,,300,88.78
2025-10-07,9:57:49.821311478,T,TGT,,300,88.78
2025-10-07,9:57:49.821311478,T,TGT,I,94,88.78
2025-10-07,9:57:49.821323582,T,TGT,I,1,88.78
2025-10-07,9:57:49.821333344,T,TGT,,105,88.78
2025-10-07,9:57:49.821335421,T,TGT,,100,88.78
2025-10-07,9:57:49.821335421,T,TGT,I,1,88.78
2025-10-07,9:57:49.821347523,T,TGT,I,50,88.78
2025-10-07,9:57:49.821627627,T,TGT,F I,17,88.78
2025-10-07,9:57:49.821633127,T,TGT,F I,1,88.78
2025-10-07,9:57:49.821633127,T,TGT,F I,50,88.78
2025-10-07,9:57:49.821636200,T,TGT,F,100,88.78
2025-10-07,9:57:49.821657292,T,TGT,I,70,88.78
2025-10-07,9:57:49.821663532,T,TGT,F I,20,88.79
2025-10-07,9:57:49.821681249,T,TGT,I,30,88.78
2025-10-07,9:57:49.821681249,T,TGT,I,70,88.78
2025-10-07,9:57:49.821705324,T,TGT,F I,17,88.79
2025-10-07,9:57:49.821708320,T,TGT,F I,20,88.79
2025-10-07,9:58:11.617949226,T,TGT,I,10,88.77
2025-10-07,9:58:11.617951976,T,TGT,I,20,88.77
2025-10-07,9:58:11.617951976,T,TGT,I,25,88.77
2025-10-07,9:58:12.263803701,T,TGT,I,1,88.77
2025-10-07,9:58:12.263827773,T,TGT,F I,9,88.77
2025-10-07,9:58:19.066526947,T,TGT,I,5,88.76
2025-10-07,9:58:25.838652925,T,TGT,F I,17,88.8
2025-10-07,9:58:25.838652925,T,TGT,F I,8,88.8
2025-10-07,9:58:25.838655427,T,TGT,F I,10,88.8
2025-10-07,9:58:25.838658785,T,TGT,F I,10,88.8
2025-10-07,9:58:25.838658785,T,TGT,F I,10,88.8
2025-10-07,9:58:25.838661443,T,TGT,F I,1,88.8
2025-10-07,9:58:25.838664337,T,TGT,F I,10,88.8
2025-10-07,9:58:25.838721432,T,TGT,F I,16,88.8
2025-10-07,9:58:25.846528028,T,TGT,I,53,88.81
2025-10-07,9:58:25.846531081,T,TGT,I,53,88.81
