DATE,TIME_M,EX,SYM_ROOT,TR_SCOND,SIZE,PRICE
2025-10-06,9:30:00.212113079,T,TGT,FTI,47,89.34
2025-10-06,9:30:00.212116122,T,TGT,FTI,47,89.34
2025-10-06,9:30:00.408270731,T,TGT,FTI,42,89.34
2025-10-06,9:30:00.408273440,T,TGT,FTI,5,89.35
2025-10-06,9:30:02.442608299,T,TGT,F I,1,89.2
2025-10-06,9:30:02.442614253,T,TGT,Q,1,89.2
2025-10-06,9:30:02.443699897,T,TGT,F I,1,89.12
2025-10-06,9:30:02.497546165,T,TGT,F I,1,89.32
2025-10-06,9:30:02.499305300,T,TGT,F I,1,89.32
2025-10-06,9:30:02.813247312,T,TGT,,100,89.14
2025-10-06,9:30:02.987043295,T,TGT,I,1,89.14
2025-10-06,9:30:04.771813612,T,TGT,F,100,89.1
2025-10-06,9:30:04.771813612,T,TGT,F,100,89.1
2025-10-06,9:30:04.771816873,T,TGT,F I,2,89.1
2025-10-06,9:30:09.497115358,T,TGT,,100,89.09
2025-10-06,9:30:14.182881964,T,TGT,I,71,89.09
2025-10-06,9:30:17.146632078,T,TGT,,100,89.11
2025-10-06,9:30:35.456126012,T,TGT,I,37,89.03
2025-10-06,9:30:35.456128949,T,TGT,,100,89.03
2025-10-06,9:30:35.456128949,T,TGT,I,2,89.03
2025-10-06,9:30:35.457322863,T,TGT,F I,5,89.03
2025-10-06,9:30:35.457325882,T,TGT,F,100,89.03
2025-10-06,9:30:35.458309195,T,TGT,I,5,89.01
2025-10-06,9:30:35.459491024,T,TGT,F I,42,89.01
2025-10-06,9:30:35.459698444,T,TGT,F I,1,89.04
2025-10-06,9:30:35.459719581,T,TGT,F I,1,89.04
2025-10-06,9:30:35.459764594,T,TGT,I,4,89.05
2025-10-06,9:30:35.510561718,T,TGT,F I,10,89.11
2025-10-06,9:30:44.304659320,T,TGT,I,10,89.08
2025-10-06,9:30:44.305341915,T,TGT,,100,89.09
2025-10-06,9:30:44.305345000,T,TGT,I,2,89.08
2025-10-06,9:30:44.305381118,T,TGT,I,13,89.08
2025-10-06,9:30:44.311828427,T,TGT,F I,22,89.08
2025-10-06,9:30:44.311849497,T,TGT,I,4,89.08
2025-10-06,9:30:44.311870531,T,TGT,F I,20,89.08
2025-10-06,9:30:44.317175144,T,TGT,I,29,89.06
2025-10-06,9:31:27.985663083,T,TGT,I,17,89.05
2025-10-06,9:31:32.220688937,T,TGT,I,25,89.1
2025-10-06,9:32:24.553185379,T,TGT,I,1,89.16
2025-10-06,9:32:24.553254490,T,TGT,F I,28,89.12
2025-10-06,9:32:24.553762746,T,TGT,I,20,89.09
2025-10-06,9:32:24.556129432,T,TGT,I,17,89.03
2025-10-06,9:32:24.556132503,T,TGT,I,20,89.03
2025-10-06,9:32:24.556262180,T,TGT,,300,89.03
2025-10-06,9:32:24.556265539,T,TGT,I,1,89.0
2025-10-06,9:32:24.556268395,T,TGT,I,10,89.0
2025-10-06,9:32:24.556270817,T,TGT,I,9,89.0
2025-10-06,9:32:24.556274722,T,TGT,I,5,89.0
2025-10-06,9:32:24.556274722,T,TGT,I,1,89.0
2025-10-06,9:32:24.556276808,T,TGT,I,1,89.0
2025-10-06,9:32:24.556280608,T,TGT,I,1,89.0
2025-10-06,9:32:24.556280608,T,TGT,I,5,89.0
2025-10-06,9:32:24.556285897,T,TGT,I,1,89.0
2025-10-06,9:32:24.556285897,T,TGT,I,5,89.0
2025-10-06,9:32:24.556289776,T,TGT,I,1,89.0
2025-10-06,9:32:24.556289776,T,TGT,I,1,89.0
2025-10-06,9:32:24.556295688,T,TGT,I,6,89.0
2025-10-06,9:32:24.556295688,T,TGT,I,2,89.0
2025-10-06,9:32:24.556295688,T,TGT,I,55,89.0
2025-10-06,9:32:24.556295688,T,TGT,I,1,89.0
2025-10-06,9:32:24.556297882,T,TGT,I,2,89.0
2025-10-06,9:32:24.556297882,T,TGT,,100,89.0
2025-10-06,9:32:24.556297882,T,TGT,,100,89.0
2025-10-06,9:32:24.556301322,T,TGT,I,20,89.0
2025-10-06,9:32:24.556301322,T,TGT,I,10,89.0
2025-10-06,9:32:24.556680294,T,TGT,F I,4,88.99
2025-10-06,9:32:24.556682697,T,TGT,F I,5,88.99
2025-10-06,9:32:24.556685741,T,TGT,F,116,88.99
2025-10-06,9:32:24.556713316,T,TGT,F I,84,88.99
2025-10-06,9:32:24.556713316,T,TGT,F I,20,88.99
2025-10-06,9:32:24.557118736,T,TGT,F I,1,88.99
2025-10-06,9:32:24.557152011,T,TGT,I,1,88.98
2025-10-06,9:32:24.557152011,T,TGT,I,20,88.98
2025-10-06,9:32:24.557154871,T,TGT,,100,88.98
2025-10-06,9:32:24.557160813,T,TGT,I,66,88.98
2025-10-06,9:32:24.557160813,T,TGT,I,34,88.98
2025-10-06,9:32:24.557164511,T,TGT,I,1,88.97
2025-10-06,9:32:24.557166937,T,TGT,,123,88.97
2025-10-06,9:32:24.557166937,T,TGT,I,20,88.97
2025-10-06,9:32:24.557473556,T,TGT,F I,33,88.985
2025-10-06,9:32:24.558159211,T,TGT,F I,13,89.01
2025-10-06,9:32:24.560483729,T,TGT,I,73,89.01
2025-10-06,9:32:24.560871733,T,TGT,I,2,89.015
2025-10-06,9:32:24.560976968,T,TGT,F I,15,89.04
2025-10-06,9:32:24.560980277,T,TGT,F I,13,89.07
2025-10-06,9:32:24.560980277,T,TGT,F,133,89.07
2025-10-06,9:32:24.562432382,T,TGT,,100,89.06
2025-10-06,9:32:24.562808879,T,TGT,I,8,89.06
2025-10-06,9:32:24.562808879,T,TGT,I,46,89.06
2025-10-06,9:32:24.563112021,T,TGT,I,15,89.06
2025-10-06,9:32:24.563136095,T,TGT,I,1,89.06
2025-10-06,9:32:24.563142076,T,TGT,I,11,89.06
2025-10-06,9:32:24.563142076,T,TGT,I,15,89.06
2025-10-06,9:32:24.563460872,T,TGT,I,40,89.08
2025-10-06,9:32:24.563521045,T,TGT,F I,40,89.06
2025-10-06,9:32:24.563524085,T,TGT,F I,6,89.06
2025-10-06,9:32:24.564823124,T,TGT,F I,6,89.04
2025-10-06,9:32:24.565400541,T,TGT,,100,89.05
2025-10-06,9:32:24.565403430,T,TGT,F,306,89.05
2025-10-06,9:32:24.568506846,T,TGT,F I,1,89.0
2025-10-06,9:32:24.568921819,T,TGT,F I,6,89.02
2025-10-06,9:32:24.568984996,T,TGT,F I,6,89.0
2025-10-06,9:32:24.569150477,T,TGT,F I,9,89.03
2025-10-06,9:32:24.569210492,T,TGT,F I,9,89.0
2025-10-06,9:32:24.569333821,T,TGT,F I,6,89.03
2025-10-06,9:32:24.569393970,T,TGT,F I,6,89.0
2025-10-06,9:32:24.569595503,T,TGT,F I,9,89.03
2025-10-06,9:32:24.570257611,T,TGT,F I,88,89.04
2025-10-06,9:32:24.570260028,T,TGT,F I,9,89.04
2025-10-06,9:32:24.578449355,T,TGT,F I,55,89.01
2025-10-06,9:32:24.581852710,T,TGT,F I,1,89.01
2025-10-06,9:32:24.581888763,T,TGT,F I,1,89.01
2025-10-06,9:32:24.581895226,T,TGT,F,100,89.01
2025-10-06,9:32:24.581900778,T,TGT,F I,1,89.01
2025-10-06,9:32:24.581906742,T,TGT,F,100,89.01
2025-10-06,9:32:24.581936841,T,TGT,F,199,89.01
2025-10-06,9:32:24.612685139,T,TGT,F I,1,88.995
2025-10-06,9:32:24.614257998,T,TGT,,100,89.0
2025-10-06,9:32:24.633079748,T,TGT,I,59,89.015
2025-10-06,9:32:24.792712050,T,TGT,I,79,89.02
2025-10-06,9:32:24.792712050,T,TGT,,103,89.02
2025-10-06,9:32:28.081377141,T,TGT,F I,1,88.96
2025-10-06,9:32:28.081398718,T,TGT,F,100,88.96
2025-10-06,9:32:28.081401221,T,TGT,F I,1,88.95
2025-10-06,9:32:28.081404477,T,TGT,F,129,88.95
2025-10-06,9:32:28.081407269,T,TGT,F I,76,88.95
2025-10-06,9:32:28.081407269,T,TGT,F I,25,88.95
2025-10-06,9:32:28.081416405,T,TGT,F I,8,88.95
2025-10-06,9:32:28.081416405,T,TGT,F I,3,88.95
2025-10-06,9:32:28.081431788,T,TGT,F,759,88.95
2025-10-06,9:32:28.081431788,T,TGT,F I,1,88.95
2025-10-06,9:32:28.081431788,T,TGT,F I,1,88.95
2025-10-06,9:32:28.081927517,T,TGT,F I,1,88.94
2025-10-06,9:32:28.081930498,T,TGT,F I,20,88.94
2025-10-06,9:32:28.082294638,T,TGT,I,1,88.93
2025-10-06,9:32:28.082294638,T,TGT,I,2,88.93
2025-10-06,9:32:28.082297884,T,TGT,I,90,88.93
2025-10-06,9:32:28.082742437,T,TGT,F I,1,88.92
2025-10-06,9:32:28.082742437,T,TGT,F I,5,88.92
2025-10-06,9:32:28.082745478,T,TGT,F I,1,88.92
2025-10-06,9:32:28.082862989,T,TGT,I,1,88.91
2025-10-06,9:32:28.082862989,T,TGT,I,1,88.91
2025-10-06,9:32:28.082865780,T,TGT,I,88,88.91
2025-10-06,9:32:28.082868761,T,TGT,I,10,88.91
2025-10-06,9:32:28.082908381,T,TGT,F I,10,88.91
2025-10-06,9:32:28.082910828,T,TGT,F I,25,88.91
2025-10-06,9:32:28.083762590,T,TGT,F I,2,88.9
2025-10-06,9:32:28.083762590,T,TGT,F I,1,88.9
2025-10-06,9:32:28.083765117,T,TGT,F I,10,88.9
2025-10-06,9:32:28.083768252,T,TGT,F,100,88.9
2025-10-06,9:32:28.083768252,T,TGT,F I,2,88.9
2025-10-06,9:32:28.198930236,T,TGT,F I,3,88.88
2025-10-06,9:32:28.198933235,T,TGT,F I,5,88.88
2025-10-06,9:32:28.202205085,T,TGT,I,40,88.84
2025-10-06,9:32:28.323264615,T,TGT,F I,1,88.8
2025-10-06,9:32:28.323264615,T,TGT,F I,35,88.8
2025-10-06,9:32:28.323267422,T,TGT,F I,50,88.8
2025-10-06,9:32:28.341993913,T,TGT,F I,6,88.75
2025-10-06,9:32:28.341996083,T,TGT,F,100,88.75
2025-10-06,9:32:28.341999091,T,TGT,F,106,88.75
2025-10-06,9:32:28.345340103,T,TGT,,100,88.765
2025-10-06,9:32:28.345574594,T,TGT,F,100,88.78
2025-10-06,9:32:39.723176114,T,TGT,F,100,88.77
2025-10-06,9:32:39.723176114,T,TGT,F,100,88.75
2025-10-06,9:32:39.723178579,T,TGT,F I,6,88.75
2025-10-06,9:32:39.723196623,T,TGT,F I,10,88.75
2025-10-06,9:32:39.723196623,T,TGT,F I,90,88.75
2025-10-06,9:32:39.723199654,T,TGT,F I,32,88.75
2025-10-06,9:32:39.723214636,T,TGT,F I,68,88.75
2025-10-06,9:32:39.723214636,T,TGT,F I,64,88.75
2025-10-06,9:32:39.723217710,T,TGT,I,36,88.75
2025-10-06,9:32:39.723220734,T,TGT,I,72,88.75
2025-10-06,9:32:39.723244789,T,TGT,F I,32,88.75
2025-10-06,9:32:39.723250856,T,TGT,F I,68,88.75
2025-10-06,9:32:39.723254441,T,TGT,F I,28,88.75
2025-10-06,9:32:39.723257055,T,TGT,,100,88.75
2025-10-06,9:32:39.723257055,T,TGT,I,24,88.75
2025-10-06,9:32:39.723259734,T,TGT,,133,88.75
2025-10-06,9:32:39.723265849,T,TGT,F I,36,88.75
2025-10-06,9:32:39.723289923,T,TGT,F I,1,88.75
2025-10-06,9:32:39.723292853,T,TGT,F I,10,88.75
2025-10-06,9:32:39.723557457,T,TGT,F I,4,88.75
2025-10-06,9:32:39.723563552,T,TGT,F I,2,88.75
2025-10-06,9:32:39.723575481,T,TGT,F I,65,88.75
2025-10-06,9:32:39.723581523,T,TGT,I,29,88.75
2025-10-06,9:32:45.373127138,T,TGT,F I,1,88.7
2025-10-06,9:32:45.373127138,T,TGT,F,100,88.7
2025-10-06,9:32:45.373132296,T,TGT,F,100,88.7
2025-10-06,9:32:45.373132296,T,TGT,F I,10,88.7
2025-10-06,9:32:45.373424046,T,TGT,F I,15,88.69
2025-10-06,9:32:45.373866146,T,TGT,F I,50,88.68
2025-10-06,9:32:45.373872106,T,TGT,F,200,88.68
2025-10-06,9:32:45.373884372,T,TGT,F,130,88.68
2025-10-06,9:32:45.373887088,T,TGT,F I,2,88.68
2025-10-06,9:32:45.374043469,T,TGT,F I,2,88.65
2025-10-06,9:32:45.375195204,T,TGT,F I,1,88.62
2025-10-06,9:32:46.099323464,T,TGT,F I,14,88.64
2025-10-06,9:32:46.170914979,T,TGT,I,14,88.64
2025-10-06,9:32:46.418443749,T,TGT,I,14,88.64
2025-10-06,9:32:46.708090768,T,TGT,I,14,88.64
2025-10-06,9:32:46.708957176,T,TGT,F I,2,88.65
2025-10-06,9:32:46.708959837,T,TGT,F I,12,88.65
2025-10-06,9:32:46.708987146,T,TGT,F I,88,88.65
2025-10-06,9:32:46.708987146,T,TGT,F I,12,88.65
2025-10-06,9:32:49.821272761,T,TGT,F I,6,88.6
2025-10-06,9:32:49.821275767,T,TGT,F I,15,88.6
2025-10-06,9:32:49.821278815,T,TGT,F I,79,88.6
2025-10-06,9:32:49.821296952,T,TGT,F,171,88.6
2025-10-06,9:32:49.821296952,T,TGT,F I,10,88.6
2025-10-06,9:32:49.825540005,T,TGT,F,100,88.565
2025-10-06,9:32:49.825570589,T,TGT,F,100,88.565
2025-10-06,9:32:49.825573005,T,TGT,F I,71,88.58
2025-10-06,9:32:49.825594111,T,TGT,F,100,88.58
2025-10-06,9:32:49.873844017,T,TGT,F,100,88.59
2025-10-06,9:32:54.793150156,T,TGT,,200,88.55
2025-10-06,9:32:54.793171265,T,TGT,I,10,88.55
2025-10-06,9:32:56.516670369,T,TGT,I,17,88.555
2025-10-06,9:32:57.341412402,T,TGT,F I,25,88.51
2025-10-06,9:32:57.341415966,T,TGT,F I,1,88.51
2025-10-06,9:32:57.341478735,T,TGT,I,1,88.5
2025-10-06,9:32:57.341482607,T,TGT,I,1,88.5
2025-10-06,9:32:57.341487560,T,TGT,I,25,88.5
2025-10-06,9:32:57.341487560,T,TGT,I,25,88.5
2025-10-06,9:32:57.341490452,T,TGT,I,20,88.5
2025-10-06,9:32:57.341493766,T,TGT,I,5,88.5
2025-10-06,9:32:57.341493766,T,TGT,I,10,88.5
2025-10-06,9:32:57.341496529,T,TGT,I,80,88.5
2025-10-06,9:32:57.341496529,T,TGT,I,33,88.5
2025-10-06,9:32:57.341505714,T,TGT,F I,67,88.5
2025-10-06,9:32:57.341505714,T,TGT,F I,20,88.5
2025-10-06,9:32:57.341509627,T,TGT,F I,3,88.5
2025-10-06,9:32:57.341509627,T,TGT,F I,1,88.5
2025-10-06,9:32:57.341511663,T,TGT,F I,20,88.5
2025-10-06,9:32:57.341515419,T,TGT,F,100,88.5
2025-10-06,9:32:57.341520559,T,TGT,F,100,88.52
2025-10-06,9:32:57.341520559,T,TGT,F I,5,88.54
2025-10-06,9:32:57.346335064,T,TGT,I,30,88.475
2025-10-06,9:32:57.346362064,T,TGT,I,32,88.475
2025-10-06,9:32:57.562117143,T,TGT,I,30,88.485
2025-10-06,9:33:01.488647083,T,TGT,F,100,88.52
2025-10-06,9:33:01.488647083,T,TGT,F I,40,88.55
2025-10-06,9:33:01.488650297,T,TGT,F I,14,88.55
2025-10-06,9:33:01.488650297,T,TGT,F,831,88.55
2025-10-06,9:33:01.488662067,T,TGT,F I,57,88.55
2025-10-06,9:33:01.488668084,T,TGT,F,100,88.54
2025-10-06,9:33:01.488668084,T,TGT,F,181,88.55
2025-10-06,9:33:01.488689614,T,TGT,I,43,88.55
2025-10-06,9:33:01.488692496,T,TGT,I,11,88.55
2025-10-06,9:33:01.488710505,T,TGT,F,200,88.56
2025-10-06,9:33:01.488890740,T,TGT,,200,88.55
2025-10-06,9:33:01.489407851,T,TGT,F I,52,88.56
2025-10-06,9:33:01.489428879,T,TGT,I,1,88.56
2025-10-06,9:33:01.489925111,T,TGT,I,47,88.56
2025-10-06,9:33:01.489925111,T,TGT,I,3,88.56
2025-10-06,9:33:01.489943786,T,TGT,F,197,88.56
2025-10-06,9:33:01.490237772,T,TGT,,100,88.55
2025-10-06,9:33:01.500197725,T,TGT,,100,88.52
2025-10-06,9:33:01.500200556,T,TGT,,100,88.52
2025-10-06,9:33:01.501319166,T,TGT,,218,88.51
2025-10-06,9:33:01.502140972,T,TGT,,100,88.5
2025-10-06,9:33:01.502140972,T,TGT,,100,88.5
2025-10-06,9:33:04.731122100,T,TGT,F I,9,88.47
2025-10-06,9:33:16.548586777,T,TGT,F I,1,88.43
2025-10-06,9:33:16.548652881,T,TGT,F I,1,88.42
2025-10-06,9:33:16.548740050,T,TGT,I,10,88.41
2025-10-06,9:33:16.548773162,T,TGT,F,144,88.45
2025-10-06,9:33:16.548794198,T,TGT,F I,2,88.45
2025-10-06,9:33:16.548827280,T,TGT,I,1,88.43
2025-10-06,9:33:16.548830299,T,TGT,,276,88.45
2025-10-06,9:33:17.200263384,T,TGT,I,44,88.41
2025-10-06,9:33:17.937743484,T,TGT,F I,50,88.44
2025-10-06,9:33:17.937746447,T,TGT,F I,1,88.44
2025-10-06,9:33:22.247386044,T,TGT,F,100,88.42
2025-10-06,9:33:22.248495710,T,TGT,F,187,88.4
2025-10-06,9:33:22.248510763,T,TGT,F I,13,88.4
2025-10-06,9:33:22.248516681,T,TGT,F I,2,88.4
2025-10-06,9:33:22.248516681,T,TGT,F I,85,88.4
2025-10-06,9:33:22.248523072,T,TGT,F I,28,88.4
2025-10-06,9:33:22.248525727,T,TGT,F I,1,88.4
2025-10-06,9:33:22.248525727,T,TGT,F I,10,88.4
2025-10-06,9:33:22.249000882,T,TGT,F I,1,88.36
2025-10-06,9:33:22.249139459,T,TGT,F I,15,88.35
2025-10-06,9:33:22.249313667,T,TGT,F I,35,88.35
2025-10-06,9:33:22.249313667,T,TGT,F I,1,88.35
2025-10-06,9:33:22.273647610,T,TGT,,1200,88.34
2025-10-06,9:33:23.514469771,T,TGT,F I,50,88.36
2025-10-06,9:33:23.514472795,T,TGT,F I,25,88.36
2025-10-06,9:33:23.514491279,T,TGT,I,75,88.36
2025-10-06,9:33:23.514566160,T,TGT,,100,88.37
2025-10-06,9:33:23.514566160,T,TGT,I,71,88.37
2025-10-06,9:33:23.514569088,T,TGT,,100,88.37
2025-10-06,9:33:24.871176242,T,TGT,I,15,88.385
2025-10-06,9:33:24.871176242,T,TGT,I,6,88.385
2025-10-06,9:33:35.347746625,T,TGT,F I,30,88.33
2025-10-06,9:33:35.347840220,T,TGT,F I,70,88.33
2025-10-06,9:33:35.347840220,T,TGT,F I,30,88.32
2025-10-06,9:33:35.348120083,T,TGT,I,3,88.3
2025-10-06,9:33:35.348122977,T,TGT,I,25,88.3
2025-10-06,9:33:35.348122977,T,TGT,I,20,88.3
2025-10-06,9:33:35.348125659,T,TGT,I,52,88.3
2025-10-06,9:33:35.348143537,T,TGT,F I,24,88.3
2025-10-06,9:33:35.348164596,T,TGT,F I,8,88.3
2025-10-06,9:33:35.348170686,T,TGT,F I,2,88.3
2025-10-06,9:33:35.348176617,T,TGT,F I,1,88.3
2025-10-06,9:33:35.348185667,T,TGT,F I,9,88.3
2025-10-06,9:33:35.598965705,T,TGT,I,43,88.29
2025-10-06,9:33:35.598968474,T,TGT,,118,88.3
2025-10-06,9:33:35.598968474,T,TGT,I,72,88.3
2025-10-06,9:33:35.614677590,T,TGT,I,1,88.28
2025-10-06,9:33:35.633156573,T,TGT,F,182,88.28
2025-10-06,9:33:35.633159607,T,TGT,F I,17,88.28
2025-10-06,9:33:37.463350657,T,TGT,I,1,88.26
2025-10-06,9:33:37.463353249,T,TGT,I,75,88.25
2025-10-06,9:33:37.463358974,T,TGT,I,1,88.25
2025-10-06,9:33:37.464637063,T,TGT,I,1,88.23
2025-10-06,9:33:37.465097113,T,TGT,F I,35,88.25
2025-10-06,9:33:37.465421884,T,TGT,,100,88.26
2025-10-06,9:33:37.465421884,T,TGT,,100,88.26
2025-10-06,9:33:38.100009248,T,TGT,F,100,88.26
2025-10-06,9:33:38.100011787,T,TGT,F,100,88.26
2025-10-06,9:33:38.100014849,T,TGT,F,200,88.25
2025-10-06,9:33:38.100029906,T,TGT,F I,13,88.25
2025-10-06,9:33:40.575792294,T,TGT,F,100,88.265
2025-10-06,9:33:41.943559050,T,TGT,F I,12,88.265
2025-10-06,9:33:45.974993958,T,TGT,F,100,88.24
2025-10-06,9:33:45.974997106,T,TGT,F,100,88.23
2025-10-06,9:33:45.974999820,T,TGT,F,200,88.21
2025-10-06,9:33:45.974999820,T,TGT,F I,1,88.21
2025-10-06,9:33:45.975002817,T,TGT,F I,10,88.21
2025-10-06,9:33:45.975135106,T,TGT,,100,88.23
2025-10-06,9:33:45.975171205,T,TGT,I,22,88.23
2025-10-06,9:33:45.975354671,T,TGT,F,100,88.23
2025-10-06,9:33:45.975670622,T,TGT,F,100,88.22
2025-10-06,9:33:45.975670622,T,TGT,F I,7,88.21
2025-10-06,9:33:47.429493088,T,TGT,I,1,88.21
2025-10-06,9:33:47.429902056,T,TGT,F I,49,88.21
2025-10-06,9:33:47.430290213,T,TGT,F I,5,88.2
2025-10-06,9:33:47.430293650,T,TGT,F I,5,88.2
2025-10-06,9:33:47.430293650,T,TGT,F I,5,88.2
2025-10-06,9:33:47.430299076,T,TGT,F I,23,88.2
2025-10-06,9:33:47.430299076,T,TGT,I,17,88.2
2025-10-06,9:33:47.430299076,T,TGT,I,19,88.2
2025-10-06,9:33:47.430302039,T,TGT,I,7,88.2
2025-10-06,9:33:49.957619271,T,TGT,F I,2,88.22
2025-10-06,9:33:52.420195678,T,TGT,F I,1,88.22
2025-10-06,9:33:55.322103289,T,TGT,I,11,88.23
2025-10-06,9:33:55.322106076,T,TGT,I,20,88.24
2025-10-06,9:33:55.322704489,T,TGT,F I,10,88.25
2025-10-06,9:33:55.326021320,T,TGT,F I,20,88.27
2025-10-06,9:33:55.326024341,T,TGT,F,101,88.27
2025-10-06,9:33:55.326036640,T,TGT,F,388,88.27
2025-10-06,9:33:55.326042608,T,TGT,F I,34,88.27
2025-10-06,9:33:55.326042608,T,TGT,F I,9,88.27
2025-10-06,9:33:55.326526591,T,TGT,F I,1,88.27
2025-10-06,9:33:56.278796398,T,TGT,F I,3,88.29
2025-10-06,9:33:56.279680538,T,TGT,F,100,88.32
2025-10-06,9:33:56.326414823,T,TGT,I,50,88.29
2025-10-06,9:33:56.326436210,T,TGT,F,164,88.28
2025-10-06,9:33:56.326436210,T,TGT,F,100,88.3
2025-10-06,9:33:56.326619324,T,TGT,F I,64,88.3
2025-10-06,9:33:56.326640277,T,TGT,F I,36,88.3
2025-10-06,9:34:02.795024176,T,TGT,F I,1,88.33
2025-10-06,9:34:02.795114342,T,TGT,F,100,88.34
2025-10-06,9:34:02.795466213,T,TGT,F,100,88.35
2025-10-06,9:34:03.107910658,T,TGT,F I,1,88.37
2025-10-06,9:34:10.796313206,T,TGT,,255,88.35
2025-10-06,9:34:10.796316263,T,TGT,I,30,88.35
2025-10-06,9:34:10.820974958,T,TGT,F I,1,88.38
2025-10-06,9:34:10.821422973,T,TGT,F I,6,88.35
2025-10-06,9:34:13.713497473,T,TGT,I,10,88.345
2025-10-06,9:34:20.915133092,T,TGT,F I,16,88.34
2025-10-06,9:34:24.269555998,T,TGT,F,200,88.3
2025-10-06,9:34:24.269613462,T,TGT,,100,88.31
2025-10-06,9:34:24.269925899,T,TGT,I,6,88.31
2025-10-06,9:34:24.269925899,T,TGT,I,5,88.31
2025-10-06,9:34:24.269995020,T,TGT,F,100,88.31
2025-10-06,9:34:24.270001072,T,TGT,,100,88.32
2025-10-06,9:34:24.270022172,T,TGT,,100,88.31
2025-10-06,9:34:31.947439373,T,TGT,F,100,88.3
2025-10-06,9:34:34.280445799,T,TGT,,200,88.3
2025-10-06,9:34:39.188198390,T,TGT,I,1,88.34
2025-10-06,9:34:39.188204724,T,TGT,,1394,88.34
2025-10-06,9:34:39.188204724,T,TGT,I,1,88.34
2025-10-06,9:34:39.188204724,T,TGT,,100,88.34
2025-10-06,9:34:39.188279568,T,TGT,F I,28,88.34
2025-10-06,9:34:51.364420511,T,TGT,I,20,88.3
2025-10-06,9:34:51.364420511,T,TGT,I,51,88.3
2025-10-06,9:34:51.364445380,T,TGT,I,24,88.3
2025-10-06,9:34:51.899668655,T,TGT,F I,9,88.32
2025-10-06,9:34:51.899689728,T,TGT,I,1,88.32
2025-10-06,9:34:51.899704797,T,TGT,F I,1,88.32
2025-10-06,9:35:00.580615676,T,TGT,F I,94,88.34
2025-10-06,9:35:00.580633775,T,TGT,F I,6,88.34
2025-10-06,9:35:00.580636748,T,TGT,F I,11,88.34
2025-10-06,9:35:00.580639714,T,TGT,F I,6,88.34
2025-10-06,9:35:00.580657792,T,TGT,F,517,88.35
2025-10-06,9:35:00.581087752,T,TGT,I,10,88.36
2025-10-06,9:35:05.721919589,T,TGT,I,2,88.36
2025-10-06,9:35:05.722169150,T,TGT,F I,8,88.36
2025-10-06,9:35:05.772743700,T,TGT,I,5,88.37
2025-10-06,9:35:05.773345080,T,TGT,F I,1,88.38
2025-10-06,9:35:05.774163494,T,TGT,I,10,88.39
2025-10-06,9:35:05.774163494,T,TGT,I,5,88.39
2025-10-06,9:35:05.774166578,T,TGT,I,5,88.39
2025-10-06,9:35:05.774184087,T,TGT,F I,12,88.39
2025-10-06,9:35:05.774505859,T,TGT,F I,3,88.39
2025-10-06,9:35:05.774704310,T,TGT,F I,3,88.39
2025-10-06,9:35:05.922741061,T,TGT,I,60,88.38
2025-10-06,9:35:05.923053775,T,TGT,F I,30,88.39
2025-10-06,9:35:05.923438726,T,TGT,F I,3,88.4
2025-10-06,9:35:05.924154610,T,TGT,I,10,88.4
2025-10-06,9:35:05.924154610,T,TGT,,200,88.4
2025-10-06,9:35:05.924259748,T,TGT,,100,88.39
2025-10-06,9:35:05.925162061,T,TGT,F I,8,88.4
2025-10-06,9:35:05.925162061,T,TGT,F I,30,88.4
2025-10-06,9:35:05.925164871,T,TGT,F I,7,88.4
2025-10-06,9:35:05.977110556,T,TGT,,100,88.4
2025-10-06,9:35:05.977113585,T,TGT,,100,88.41
2025-10-06,9:35:08.312826517,T,TGT,F I,35,88.36
2025-10-06,9:35:10.625775118,T,TGT,I,49,88.32
2025-10-06,9:35:10.625832210,T,TGT,F,100,88.32
2025-10-06,9:35:10.626662200,T,TGT,,200,88.31
2025-10-06,9:35:10.626725395,T,TGT,,100,88.32
2025-10-06,9:35:10.626764494,T,TGT,I,18,88.32
2025-10-06,9:35:10.626767482,T,TGT,I,43,88.32
2025-10-06,9:35:10.626800529,T,TGT,,100,88.33
2025-10-06,9:35:10.626962952,T,TGT,,100,88.33
2025-10-06,9:35:10.626968911,T,TGT,,100,88.33
2025-10-06,9:35:10.952007625,T,TGT,I,1,88.3
2025-10-06,9:35:10.952031342,T,TGT,F I,99,88.3
2025-10-06,9:35:10.952034510,T,TGT,F,500,88.3
2025-10-06,9:35:10.953718437,T,TGT,I,8,88.28
2025-10-06,9:35:10.953748488,T,TGT,I,32,88.28
2025-10-06,9:35:10.988424029,T,TGT,,100,88.29
2025-10-06,9:35:11.954093707,T,TGT,I,5,88.25
2025-10-06,9:35:11.954093707,T,TGT,I,8,88.25
2025-10-06,9:35:11.954177997,T,TGT,I,14,88.26
2025-10-06,9:35:11.954421576,T,TGT,F I,5,88.25
2025-10-06,9:35:11.956273944,T,TGT,F I,5,88.27
2025-10-06,9:35:12.731830762,T,TGT,,1132,88.28
2025-10-06,9:35:12.731851735,T,TGT,F I,1,88.29
2025-10-06,9:35:12.731851735,T,TGT,,1868,88.28
2025-10-06,9:35:12.731854776,T,TGT,I,9,88.28
2025-10-06,9:35:12.731890865,T,TGT,F,100,88.29
2025-10-06,9:35:12.732086362,T,TGT,F I,3,88.29
2025-10-06,9:35:12.732552849,T,TGT,I,30,88.31
2025-10-06,9:35:12.732555444,T,TGT,I,42,88.31
2025-10-06,9:35:12.734976295,T,TGT,F,100,88.3
2025-10-06,9:35:12.734979185,T,TGT,F I,38,88.28
2025-10-06,9:35:12.735340059,T,TGT,I,38,88.3
2025-10-06,9:35:12.954908324,T,TGT,I,4,88.3
2025-10-06,9:35:13.702260780,T,TGT,F I,2,88.295
2025-10-06,9:35:15.374427620,T,TGT,F I,2,88.31
2025-10-06,9:35:15.374427620,T,TGT,F I,30,88.31
2025-10-06,9:35:15.374490829,T,TGT,F I,9,88.31
2025-10-06,9:35:26.737873899,T,TGT,I,30,88.325
2025-10-06,9:35:26.738457201,T,TGT,I,70,88.325
2025-10-06,9:35:27.663208519,T,TGT,F,100,88.32
2025-10-06,9:35:31.578175741,T,TGT,F,100,88.3
2025-10-06,9:35:31.578175741,T,TGT,F,178,88.3
2025-10-06,9:35:31.578193768,T,TGT,F I,22,88.3
2025-10-06,9:35:31.578966599,T,TGT,I,70,88.3
2025-10-06,9:35:31.783907966,T,TGT,I,27,88.285
2025-10-06,9:35:31.995227340,T,TGT,F I,11,88.31
2025-10-06,9:35:31.995326680,T,TGT,I,1,88.32
2025-10-06,9:35:33.717526750,T,TGT,I,26,88.3
2025-10-06,9:35:37.511136904,T,TGT,,150,88.3
2025-10-06,9:35:37.517875890,T,TGT,I,50,88.3
2025-10-06,9:35:38.469547234,T,TGT,F I,49,88.31
2025-10-06,9:35:40.567510628,T,TGT,I,41,88.3
2025-10-06,9:35:50.232135390,T,TGT,F I,65,88.35
2025-10-06,9:35:50.232140893,T,TGT,F I,5,88.35
2025-10-06,9:35:50.232140893,T,TGT,F I,50,88.35
2025-10-06,9:35:50.232140893,T,TGT,F I,30,88.35
2025-10-06,9:35:50.243095624,T,TGT,,100,88.34
2025-10-06,9:35:50.246607915,T,TGT,I,2,88.335
2025-10-06,9:35:51.241008156,T,TGT,I,15,88.37
2025-10-06,9:35:51.241008156,T,TGT,I,10,88.37
2025-10-06,9:35:51.477407331,T,TGT,F I,4,88.39
2025-10-06,9:35:51.477431365,T,TGT,F I,46,88.39
2025-10-06,9:35:52.769348363,T,TGT,I,50,88.41
2025-10-06,9:35:52.873631425,T,TGT,I,6,88.42
2025-10-06,9:35:52.873631425,T,TGT,,100,88.42
2025-10-06,9:35:52.873633829,T,TGT,I,1,88.42
2025-10-06,9:35:52.873633829,T,TGT,,100,88.42
2025-10-06,9:35:52.873636824,T,TGT,I,7,88.42
2025-10-06,9:35:52.873651985,T,TGT,I,93,88.42
2025-10-06,9:35:52.873654838,T,TGT,I,11,88.42
2025-10-06,9:35:52.873742048,T,TGT,I,89,88.42
2025-10-06,9:35:52.873745056,T,TGT,I,11,88.42
2025-10-06,9:35:52.875750805,T,TGT,,100,88.42
2025-10-06,9:35:52.876713136,T,TGT,F I,12,88.42
2025-10-06,9:35:52.876746267,T,TGT,I,77,88.42
2025-10-06,9:35:52.876812416,T,TGT,,100,88.42
2025-10-06,9:35:52.876839413,T,TGT,I,6,88.43
2025-10-06,9:35:52.876839413,T,TGT,I,1,88.43
2025-10-06,9:35:52.876867069,T,TGT,I,6,88.43
2025-10-06,9:35:52.876893584,T,TGT,I,53,88.43
2025-10-06,9:35:52.877489038,T,TGT,F I,3,88.44
2025-10-06,9:35:52.877940130,T,TGT,I,8,88.44
2025-10-06,9:35:52.878219698,T,TGT,F,100,88.44
2025-10-06,9:35:52.878219698,T,TGT,F,100,88.44
2025-10-06,9:35:52.878225803,T,TGT,I,16,88.44
2025-10-06,9:35:52.878282949,T,TGT,F I,12,88.43
2025-10-06,9:35:52.878289036,T,TGT,I,16,88.44
2025-10-06,9:35:52.878292421,T,TGT,I,1,88.44
2025-10-06,9:35:52.878295037,T,TGT,I,19,88.44
2025-10-06,9:35:52.878304095,T,TGT,F I,12,88.44
2025-10-06,9:35:52.878340316,T,TGT,F I,34,88.44
2025-10-06,9:35:52.878346225,T,TGT,I,7,88.44
2025-10-06,9:35:52.878346225,T,TGT,I,12,88.44
2025-10-06,9:35:52.878406150,T,TGT,I,54,88.44
2025-10-06,9:35:52.878430199,T,TGT,I,41,88.435
2025-10-06,9:35:52.878568633,T,TGT,I,5,88.43
2025-10-06,9:35:52.881635952,T,TGT,I,7,88.44
2025-10-06,9:35:52.881635952,T,TGT,I,7,88.44
2025-10-06,9:35:52.881641946,T,TGT,I,70,88.44
2025-10-06,9:35:52.881641946,T,TGT,I,6,88.44
2025-10-06,9:35:57.856721969,T,TGT,F,100,88.39
2025-10-06,9:36:00.223084040,T,TGT,F I,34,88.34
2025-10-06,9:36:00.223084040,T,TGT,F,166,88.34
2025-10-06,9:36:00.223086813,T,TGT,F I,11,88.34
2025-10-06,9:36:00.223086813,T,TGT,F I,10,88.34
2025-10-06,9:36:01.245874483,T,TGT,I,5,88.34
2025-10-06,9:36:01.836971779,T,TGT,,100,88.34
2025-10-06,9:36:01.836975065,T,TGT,I,14,88.34
2025-10-06,9:36:01.836975065,T,TGT,I,50,88.34
2025-10-06,9:36:03.361246314,T,TGT,,100,88.33
2025-10-06,9:36:03.361784604,T,TGT,I,1,88.32
2025-10-06,9:36:03.629939728,T,TGT,F I,1,88.33
2025-10-06,9:36:03.629942489,T,TGT,F I,2,88.33
2025-10-06,9:36:03.637051478,T,TGT,I,60,88.35
2025-10-06,9:36:03.637054450,T,TGT,I,30,88.35
2025-10-06,9:36:09.555800800,T,TGT,F,100,88.31
2025-10-06,9:36:09.632901406,T,TGT,I,5,88.315
2025-10-06,9:36:12.629273339,T,TGT,F I,21,88.3
2025-10-06,9:36:12.629294371,T,TGT,F I,29,88.3
2025-10-06,9:36:13.302493182,T,TGT,F I,28,88.28
2025-10-06,9:36:13.302493182,T,TGT,F I,12,88.28
2025-10-06,9:36:13.302520233,T,TGT,I,40,88.28
2025-10-06,9:36:13.464510240,T,TGT,I,11,88.26
2025-10-06,9:36:13.464937320,T,TGT,I,13,88.27
2025-10-06,9:36:13.464973276,T,TGT,F,100,88.27
2025-10-06,9:36:13.465019005,T,TGT,I,30,88.29
2025-10-06,9:36:13.465021959,T,TGT,I,27,88.29
2025-10-06,9:36:13.465024506,T,TGT,,100,88.29
2025-10-06,9:36:13.465027571,T,TGT,I,20,88.29
2025-10-06,9:36:13.465027571,T,TGT,I,60,88.29
2025-10-06,9:36:13.465075517,T,TGT,F,100,88.28
2025-10-06,9:36:13.465102898,T,TGT,F I,39,88.28
2025-10-06,9:36:13.465141758,T,TGT,I,10,88.27
2025-10-06,9:36:13.465159793,T,TGT,I,42,88.28
2025-10-06,9:36:13.465244087,T,TGT,I,58,88.28
2025-10-06,9:36:13.465722132,T,TGT,,100,88.28
2025-10-06,9:36:13.567364412,T,TGT,,100,88.29
2025-10-06,9:36:13.567367383,T,TGT,,100,88.29
2025-10-06,9:36:13.567367383,T,TGT,I,5,88.29
2025-10-06,9:36:13.686117230,T,TGT,I,26,88.29
2025-10-06,9:36:13.686162281,T,TGT,I,1,88.29
2025-10-06,9:36:13.706974858,T,TGT,F I,2,88.3
2025-10-06,9:36:13.706998940,T,TGT,F I,58,88.3
2025-10-06,9:36:13.706998940,T,TGT,F,100,88.3
2025-10-06,9:36:13.707020223,T,TGT,I,29,88.29
2025-10-06,9:36:13.707023042,T,TGT,I,1,88.29
2025-10-06,9:36:15.066904867,T,TGT,F I,5,88.3
2025-10-06,9:36:15.066904867,T,TGT,F I,2,88.3
2025-10-06,9:36:18.156014631,T,TGT,F I,14,88.28
2025-10-06,9:36:18.176977619,T,TGT,F I,13,88.29
2025-10-06,9:36:18.176977619,T,TGT,F I,50,88.29
2025-10-06,9:36:18.176980666,T,TGT,F I,21,88.29
2025-10-06,9:36:18.176980666,T,TGT,F I,1,88.29
2025-10-06,9:36:19.696741370,T,TGT,F I,13,88.28
2025-10-06,9:36:19.696744379,T,TGT,F I,19,88.28
2025-10-06,9:36:20.722675232,T,TGT,F I,8,88.26
2025-10-06,9:36:20.722677709,T,TGT,I,8,88.26
2025-10-06,9:36:20.722695805,T,TGT,I,2,88.26
2025-10-06,9:36:20.975303548,T,TGT,F,100,88.26
2025-10-06,9:36:20.975306816,T,TGT,F,100,88.27
2025-10-06,9:36:20.975309879,T,TGT,F I,13,88.27
2025-10-06,9:36:20.975309879,T,TGT,F I,87,88.27
2025-10-06,9:36:20.975325085,T,TGT,F I,13,88.27
2025-10-06,9:36:20.975346459,T,TGT,F,100,88.28
2025-10-06,9:36:20.975346459,T,TGT,F I,50,88.28
2025-10-06,9:36:21.076675974,T,TGT,I,1,88.28
2025-10-06,9:36:21.076678161,T,TGT,I,34,88.28
2025-10-06,9:36:21.076681179,T,TGT,I,90,88.28
2025-10-06,9:36:22.844138970,T,TGT,F I,10,88.27
2025-10-06,9:36:25.250279618,T,TGT,F I,10,88.27
2025-10-06,9:36:26.126792841,T,TGT,I,16,88.27
2025-10-06,9:36:28.563516297,T,TGT,F I,4,88.28
2025-10-06,9:36:28.563564425,T,TGT,F,100,88.29
2025-10-06,9:36:28.563585421,T,TGT,F I,50,88.29
2025-10-06,9:36:33.646968367,T,TGT,F I,6,88.28
2025-10-06,9:36:33.647064544,T,TGT,,100,88.29
2025-10-06,9:36:33.647067579,T,TGT,,100,88.3
2025-10-06,9:36:33.960913252,T,TGT,I,5,88.3
2025-10-06,9:36:46.383747623,T,TGT,F,100,88.31
2025-10-06,9:36:46.383852443,T,TGT,F,484,88.32
2025-10-06,9:36:46.383852443,T,TGT,F,100,88.32
2025-10-06,9:36:46.384330851,T,TGT,F I,5,88.33
2025-10-06,9:36:46.384333656,T,TGT,F,135,88.33
2025-10-06,9:36:46.384342911,T,TGT,F,392,88.33
2025-10-06,9:36:46.384342911,T,TGT,F,417,88.33
2025-10-06,9:36:51.232890235,T,TGT,F I,27,88.31
2025-10-06,9:36:51.232893210,T,TGT,F I,16,88.31
2025-10-06,9:36:51.232896206,T,TGT,F I,11,88.31
2025-10-06,9:37:03.422552709,T,TGT,F I,14,88.29
2025-10-06,9:37:03.423198575,T,TGT,I,14,88.29
2025-10-06,9:37:03.423809804,T,TGT,,100,88.28
2025-10-06,9:37:03.423809804,T,TGT,I,19,88.27
2025-10-06,9:37:03.423814951,T,TGT,,100,88.27
2025-10-06,9:37:03.424675026,T,TGT,,100,88.27
2025-10-06,9:37:03.516573991,T,TGT,F I,49,88.27
2025-10-06,9:37:07.899137223,T,TGT,,140,88.275
2025-10-06,9:37:16.242563327,T,TGT,F I,51,88.3
2025-10-06,9:37:16.242575313,T,TGT,F I,19,88.3
2025-10-06,9:37:16.242605448,T,TGT,F,100,88.31
2025-10-06,9:37:16.243474427,T,TGT,F I,59,88.32
2025-10-06,9:37:17.016700646,T,TGT,F,100,88.33
2025-10-06,9:37:17.282885887,T,TGT,F I,63,88.33
2025-10-06,9:37:17.282958326,T,TGT,F I,37,88.33
2025-10-06,9:37:17.282958326,T,TGT,F,163,88.34
2025-10-06,9:37:17.282979778,T,TGT,F,100,88.34
2025-10-06,9:37:17.282985073,T,TGT,F,211,88.34
2025-10-06,9:37:17.283342887,T,TGT,I,10,88.35
2025-10-06,9:37:17.283381985,T,TGT,I,49,88.35
2025-10-06,9:37:23.666344363,T,TGT,F I,5,88.35
2025-10-06,9:37:23.666369038,T,TGT,F I,95,88.35
2025-10-06,9:37:23.666369038,T,TGT,F I,12,88.35
2025-10-06,9:37:23.666371530,T,TGT,F I,20,88.35
2025-10-06,9:37:23.666375061,T,TGT,F I,12,88.35
2025-10-06,9:37:23.666518753,T,TGT,F I,4,88.36
2025-10-06,9:37:23.797339473,T,TGT,F I,10,88.37
2025-10-06,9:37:31.614971826,T,TGT,I,17,88.33
2025-10-06,9:37:31.614975129,T,TGT,I,20,88.31
2025-10-06,9:37:31.614978195,T,TGT,,200,88.31
2025-10-06,9:37:31.614978195,T,TGT,I,67,88.31
2025-10-06,9:37:40.788718077,T,TGT,I,16,88.3
2025-10-06,9:37:40.788721141,T,TGT,,228,88.3
2025-10-06,9:37:40.788721141,T,TGT,,100,88.3
2025-10-06,9:37:50.860151041,T,TGT,F,100,88.28
2025-10-06,9:37:50.860151041,T,TGT,F I,20,88.28
2025-10-06,9:37:50.860151041,T,TGT,F,118,88.28
2025-10-06,9:37:50.860171893,T,TGT,I,82,88.28
2025-10-06,9:37:50.860223040,T,TGT,F I,12,88.27
2025-10-06,9:37:50.860851559,T,TGT,I,5,88.26
2025-10-06,9:37:50.868739755,T,TGT,,100,88.26
2025-10-06,9:37:50.868739755,T,TGT,I,1,88.25
2025-10-06,9:37:50.868739755,T,TGT,I,20,88.25
2025-10-06,9:37:50.868742856,T,TGT,,192,88.25
2025-10-06,9:37:50.868769455,T,TGT,I,1,88.25
2025-10-06,9:37:50.868796432,T,TGT,I,7,88.25
2025-10-06,9:37:50.868850638,T,TGT,,100,88.25
2025-10-06,9:37:50.868892743,T,TGT,,200,88.25
2025-10-06,9:37:50.868895773,T,TGT,I,5,88.25
2025-10-06,9:37:50.868901749,T,TGT,F I,10,88.25
2025-10-06,9:37:50.869088851,T,TGT,I,14,88.26
2025-10-06,9:37:50.869091553,T,TGT,I,30,88.26
2025-10-06,9:37:50.869094228,T,TGT,I,32,88.26
2025-10-06,9:37:50.869115208,T,TGT,I,1,88.26
2025-10-06,9:37:50.869130284,T,TGT,I,99,88.26
2025-10-06,9:37:50.869196376,T,TGT,I,12,88.26
2025-10-06,9:37:50.869244594,T,TGT,F,100,88.26
2025-10-06,9:37:51.173978680,T,TGT,,100,88.27
2025-10-06,9:37:51.173981605,T,TGT,I,60,88.28
2025-10-06,9:37:51.173981605,T,TGT,,100,88.28
2025-10-06,9:37:53.379532270,T,TGT,I,1,88.27
2025-10-06,9:37:53.379577376,T,TGT,,102,88.27
2025-10-06,9:37:53.379577376,T,TGT,I,13,88.27
2025-10-06,9:37:53.379580566,T,TGT,I,10,88.27
2025-10-06,9:37:53.586067413,T,TGT,,100,88.26
2025-10-06,9:37:53.586067413,T,TGT,,100,88.245
2025-10-06,9:37:53.691366266,T,TGT,I,27,88.26
2025-10-06,9:37:59.262189559,T,TGT,I,9,88.25
2025-10-06,9:37:59.783968645,T,TGT,F I,91,88.25
2025-10-06,9:37:59.783968645,T,TGT,F I,9,88.25
2025-10-06,9:38:03.018691351,T,TGT,,100,88.27
2025-10-06,9:38:04.744641340,T,TGT,F,100,88.25
2025-10-06,9:38:04.744909456,T,TGT,I,13,88.22
2025-10-06,9:38:04.745170765,T,TGT,F I,90,88.22
2025-10-06,9:38:04.745182676,T,TGT,F I,10,88.22
2025-10-06,9:38:04.745185646,T,TGT,F I,10,88.22
2025-10-06,9:38:04.745631274,T,TGT,F I,1,88.21
2025-10-06,9:38:05.070101413,T,TGT,F I,8,88.2
2025-10-06,9:38:05.070103873,T,TGT,F I,96,88.2
2025-10-06,9:38:05.070106801,T,TGT,F I,1,88.2
2025-10-06,9:38:05.070509713,T,TGT,F I,15,88.19
2025-10-06,9:38:05.592658769,T,TGT,,100,88.21
2025-10-06,9:38:05.592661843,T,TGT,,100,88.22
2025-10-06,9:38:05.592661843,T,TGT,I,40,88.23
2025-10-06,9:38:05.592679794,T,TGT,I,1,88.23
2025-10-06,9:38:05.593013573,T,TGT,F,100,88.22
2025-10-06,9:38:06.305651465,T,TGT,I,20,88.19
2025-10-06,9:38:06.305693753,T,TGT,I,10,88.19
2025-10-06,9:38:07.111093765,T,TGT,F I,15,88.2
2025-10-06,9:38:07.111096988,T,TGT,F,100,88.2
2025-10-06,9:38:07.111099639,T,TGT,F I,90,88.2
2025-10-06,9:38:07.111099639,T,TGT,F,200,88.2
2025-10-06,9:38:07.111141425,T,TGT,F I,59,88.21
2025-10-06,9:38:09.685926903,T,TGT,F I,15,88.2
2025-10-06,9:38:09.685929907,T,TGT,F I,17,88.2
2025-10-06,9:38:09.700060516,T,TGT,I,60,88.195
2025-10-06,9:38:13.457882403,T,TGT,,100,88.195
2025-10-06,9:38:20.405695368,T,TGT,F I,10,88.23
2025-10-06,9:38:20.405740412,T,TGT,F I,6,88.24
2025-10-06,9:38:20.780586510,T,TGT,F I,86,88.26
2025-10-06,9:38:22.231985470,T,TGT,F I,3,88.27
2025-10-06,9:38:22.232009536,T,TGT,F I,3,88.27
2025-10-06,9:38:22.703845717,T,TGT,F I,3,88.27
2025-10-06,9:38:22.704113325,T,TGT,F I,3,88.27
2025-10-06,9:38:22.704119381,T,TGT,F,100,88.27
2025-10-06,9:38:22.704143398,T,TGT,F I,3,88.27
2025-10-06,9:38:22.704158439,T,TGT,I,51,88.27
2025-10-06,9:38:22.704170492,T,TGT,F I,3,88.28
2025-10-06,9:38:31.019097611,T,TGT,F I,20,88.295
2025-10-06,9:38:37.877838330,T,TGT,F I,20,88.3
2025-10-06,9:38:37.877850550,T,TGT,F,142,88.3
2025-10-06,9:38:37.877850550,T,TGT,F I,3,88.3
2025-10-06,9:38:37.877856931,T,TGT,I,72,88.3
2025-10-06,9:38:37.877874395,T,TGT,F I,20,88.3
2025-10-06,9:38:38.951741830,T,TGT,I,28,88.315
2025-10-06,9:38:38.951741830,T,TGT,I,72,88.315
2025-10-06,9:38:38.952559825,T,TGT,I,5,88.315
2025-10-06,9:38:45.417464318,T,TGT,F,100,88.35
2025-10-06,9:38:45.417476281,T,TGT,F I,6,88.35
2025-10-06,9:38:45.417488353,T,TGT,I,12,88.35
2025-10-06,9:38:45.418023637,T,TGT,F I,1,88.36
2025-10-06,9:38:52.047976319,T,TGT,I,72,88.365
2025-10-06,9:38:52.047979222,T,TGT,I,28,88.38
2025-10-06,9:38:52.048006331,T,TGT,F I,38,88.38
2025-10-06,9:38:52.048009327,T,TGT,F,106,88.38
2025-10-06,9:38:52.048009327,T,TGT,F,100,88.38
2025-10-06,9:38:52.048012356,T,TGT,I,15,88.37
2025-10-06,9:38:52.048340578,T,TGT,I,15,88.38
2025-10-06,9:38:52.048340578,T,TGT,,100,88.38
2025-10-06,9:38:52.048343089,T,TGT,I,29,88.38
2025-10-06,9:38:52.048406227,T,TGT,F I,15,88.37
2025-10-06,9:38:52.048445486,T,TGT,I,85,88.37
2025-10-06,9:38:52.048631830,T,TGT,F I,55,88.37
2025-10-06,9:38:52.048821232,T,TGT,F I,45,88.37
2025-10-06,9:38:52.048824296,T,TGT,F I,20,88.37
2025-10-06,9:38:52.048839291,T,TGT,I,80,88.37
2025-10-06,9:38:52.049792639,T,TGT,F I,59,88.38
2025-10-06,9:38:52.119907655,T,TGT,F I,8,88.37
2025-10-06,9:38:52.302226043,T,TGT,F I,10,88.38
2025-10-06,9:38:55.181237251,T,TGT,I,1,88.38
2025-10-06,9:38:55.181252265,T,TGT,I,21,88.38
2025-10-06,9:38:55.181285269,T,TGT,,149,88.38
2025-10-06,9:38:55.181637182,T,TGT,I,84,88.38
2025-10-06,9:38:55.181680007,T,TGT,F I,53,88.38
2025-10-06,9:38:55.181680007,T,TGT,F I,37,88.38
2025-10-06,9:38:55.181682579,T,TGT,F I,16,88.38
2025-10-06,9:38:55.181682579,T,TGT,F I,16,88.38
2025-10-06,9:38:59.845063892,T,TGT,I,1,88.39
2025-10-06,9:38:59.845084840,T,TGT,F I,21,88.39
2025-10-06,9:38:59.845084840,T,TGT,F I,42,88.39
2025-10-06,9:39:00.427632686,T,TGT,F I,6,88.42
2025-10-06,9:39:05.599047683,T,TGT,F,100,88.4
2025-10-06,9:39:05.599050577,T,TGT,F,100,88.39
2025-10-06,9:39:05.599050577,T,TGT,F I,24,88.39
2025-10-06,9:39:05.599053562,T,TGT,F,200,88.39
2025-10-06,9:39:05.599053562,T,TGT,F I,10,88.39
2025-10-06,9:39:09.691675365,T,TGT,F I,57,88.42
2025-10-06,9:39:09.691693351,T,TGT,F I,12,88.42
2025-10-06,9:39:09.691741553,T,TGT,,100,88.43
2025-10-06,9:39:09.691744564,T,TGT,I,18,88.43
2025-10-06,9:39:16.278066543,T,TGT,F,120,88.4
2025-10-06,9:39:16.278090544,T,TGT,I,80,88.4
2025-10-06,9:39:16.278093501,T,TGT,I,10,88.4
2025-10-06,9:39:17.042508592,T,TGT,F I,22,88.38
2025-10-06,9:39:18.542969348,T,TGT,I,4,88.375
2025-10-06,9:39:19.273668740,T,TGT,F I,20,88.35
2025-10-06,9:39:19.273671698,T,TGT,F I,13,88.35
2025-10-06,9:39:21.043411622,T,TGT,I,1,88.345
2025-10-06,9:39:25.088676363,T,TGT,F I,1,88.32
2025-10-06,9:39:25.088727527,T,TGT,F,200,88.31
2025-10-06,9:39:25.088739586,T,TGT,I,10,88.31
2025-10-06,9:39:29.019692912,T,TGT,,100,88.305
2025-10-06,9:39:29.244267973,T,TGT,F I,17,88.3
2025-10-06,9:39:38.004502007,T,TGT,F I,1,88.3
2025-10-06,9:39:38.004535085,T,TGT,F I,22,88.29
2025-10-06,9:39:38.004565803,T,TGT,I,10,88.29
2025-10-06,9:39:39.847424840,T,TGT,F I,18,88.27
2025-10-06,9:39:39.847424840,T,TGT,F I,5,88.27
2025-10-06,9:39:40.352522898,T,TGT,F,100,88.28
2025-10-06,9:39:40.520545348,T,TGT,F I,5,88.28
2025-10-06,9:39:40.695932265,T,TGT,,100,88.28
2025-10-06,9:39:46.591360714,T,TGT,F I,4,88.29
2025-10-06,9:39:48.606269219,T,TGT,F,100,88.28
2025-10-06,9:39:51.285553791,T,TGT,F I,5,88.26
2025-10-06,9:39:51.285553791,T,TGT,F I,19,88.26
2025-10-06,9:39:51.285559485,T,TGT,F I,17,88.26
2025-10-06,9:39:51.297714467,T,TGT,I,9,88.265
2025-10-06,9:39:59.066913274,T,TGT,I,10,88.28
2025-10-06,9:40:01.408360834,T,TGT,F I,15,88.27
2025-10-06,9:40:01.408402905,T,TGT,I,1,88.27
2025-10-06,9:40:01.408405938,T,TGT,I,19,88.27
2025-10-06,9:40:01.408953723,T,TGT,I,6,88.27
2025-10-06,9:40:04.153201857,T,TGT,F I,18,88.26
2025-10-06,9:40:04.153204782,T,TGT,F,180,88.26
2025-10-06,9:40:04.153207330,T,TGT,F I,20,88.26
2025-10-06,9:40:04.153207330,T,TGT,F I,10,88.26
2025-10-06,9:40:04.153781721,T,TGT,F I,52,88.25
2025-10-06,9:40:04.153805698,T,TGT,F I,38,88.25
2025-10-06,9:40:04.175394368,T,TGT,I,19,88.24
2025-10-06,9:40:04.175397157,T,TGT,I,9,88.24
2025-10-06,9:40:04.175493393,T,TGT,F,424,88.23
2025-10-06,9:40:04.175514471,T,TGT,F,223,88.23
2025-10-06,9:40:05.581965549,T,TGT,F I,3,88.2
2025-10-06,9:40:05.581965549,T,TGT,F I,97,88.2
2025-10-06,9:40:05.581968315,T,TGT,F I,3,88.2
2025-10-06,9:40:05.581983401,T,TGT,F I,18,88.2
2025-10-06,9:40:05.583414798,T,TGT,F I,1,88.18
2025-10-06,9:40:05.583417943,T,TGT,F I,1,88.18
2025-10-06,9:40:05.583420855,T,TGT,F I,5,88.18
2025-10-06,9:40:05.594896125,T,TGT,I,25,88.18
2025-10-06,9:40:05.594896125,T,TGT,I,34,88.18
2025-10-06,9:40:05.942960359,T,TGT,F I,1,88.17
2025-10-06,9:40:05.942963426,T,TGT,F,100,88.17
2025-10-06,9:40:05.943288243,T,TGT,F I,8,88.16
2025-10-06,9:40:05.943474608,T,TGT,F I,10,88.15
2025-10-06,9:40:05.943477685,T,TGT,F I,10,88.15
2025-10-06,9:40:05.943477685,T,TGT,F,3808,88.15
2025-10-06,9:40:05.943501676,T,TGT,F,250,88.15
2025-10-06,9:40:05.943504685,T,TGT,F,500,88.15
2025-10-06,9:40:05.943637656,T,TGT,F I,13,88.15
2025-10-06,9:40:05.944205413,T,TGT,F I,6,88.16
2025-10-06,9:40:05.944885004,T,TGT,F,184129,88.15
2025-10-06,9:40:05.944906032,T,TGT,F,100,88.15
2025-10-06,9:40:05.944915180,T,TGT,F I,1,88.15
2025-10-06,9:40:05.945155592,T,TGT,F I,1,88.15
2025-10-06,9:40:05.945381154,T,TGT,F I,37,88.15
2025-10-06,9:40:05.945405265,T,TGT,F,100,88.15
2025-10-06,9:40:05.945657913,T,TGT,F I,9,88.12
2025-10-06,9:40:05.946079321,T,TGT,F I,10,88.11
2025-10-06,9:40:05.947558393,T,TGT,I,22,88.11
2025-10-06,9:40:05.948003395,T,TGT,I,1,88.1
2025-10-06,9:40:05.948003395,T,TGT,I,17,88.1
2025-10-06,9:40:05.953157798,T,TGT,I,33,88.1
2025-10-06,9:40:05.953161018,T,TGT,I,1,88.1
2025-10-06,9:40:05.953161018,T,TGT,I,1,88.1
2025-10-06,9:40:07.218175842,T,TGT,F I,5,88.09
2025-10-06,9:40:07.218214850,T,TGT,I,1,88.09
2025-10-06,9:40:07.231196746,T,TGT,I,53,88.09
2025-10-06,9:40:07.792899628,T,TGT,F I,21,88.09
2025-10-06,9:40:07.792904965,T,TGT,F I,16,88.1
2025-10-06,9:40:07.792904965,T,TGT,F I,25,88.1
2025-10-06,9:40:07.792923014,T,TGT,I,1,88.1
2025-10-06,9:40:07.792950111,T,TGT,I,43,88.1
2025-10-06,9:40:07.793235759,T,TGT,I,13,88.1
2025-10-06,9:40:07.793271876,T,TGT,I,57,88.1
2025-10-06,9:40:07.956945775,T,TGT,I,6,88.1
2025-10-06,9:40:10.452242826,T,TGT,F,100,88.11
2025-10-06,9:40:10.452242826,T,TGT,F,100,88.12
2025-10-06,9:40:10.452245677,T,TGT,F,337,88.12
2025-10-06,9:40:10.452245677,T,TGT,F I,20,88.12
2025-10-06,9:40:10.452248693,T,TGT,F,398,88.12
2025-10-06,9:40:10.452260671,T,TGT,I,60,88.12
2025-10-06,9:40:10.452263682,T,TGT,F I,40,88.12
2025-10-06,9:40:10.516259152,T,TGT,I,31,88.11
2025-10-06,9:40:10.516262486,T,TGT,I,2,88.11
2025-10-06,9:40:10.516262486,T,TGT,I,8,88.11
2025-10-06,9:40:10.526676688,T,TGT,I,67,88.11
2025-10-06,9:40:10.526697068,T,TGT,I,1,88.11
2025-10-06,9:40:10.526703171,T,TGT,F,132,88.11
2025-10-06,9:40:10.526706316,T,TGT,F,100,88.11
2025-10-06,9:40:10.526709719,T,TGT,,100,88.1
2025-10-06,9:40:10.526727133,T,TGT,,100,88.11
2025-10-06,9:40:10.526733157,T,TGT,F,100,88.11
2025-10-06,9:40:10.526757188,T,TGT,F I,31,88.12
2025-10-06,9:40:10.526760263,T,TGT,,100,88.11
2025-10-06,9:40:10.526787291,T,TGT,F,100,88.12
2025-10-06,9:40:10.527033834,T,TGT,F,100,88.11
2025-10-06,9:40:10.527054830,T,TGT,I,1,88.11
2025-10-06,9:40:10.527112154,T,TGT,I,4,88.1
2025-10-06,9:40:10.527115037,T,TGT,I,2,88.1
2025-10-06,9:40:16.260000691,T,TGT,F I,1,88.08
2025-10-06,9:40:16.260003656,T,TGT,F I,2,88.08
2025-10-06,9:40:16.260025105,T,TGT,F I,10,88.08
2025-10-06,9:40:16.260027699,T,TGT,F,200,88.08
2025-10-06,9:40:16.260030889,T,TGT,F I,2,88.08
2025-10-06,9:40:16.260030889,T,TGT,F I,10,88.08
2025-10-06,9:40:16.282900182,T,TGT,I,2,88.07
2025-10-06,9:40:16.289876767,T,TGT,I,5,88.06
2025-10-06,9:40:16.319798118,T,TGT,I,1,88.06
2025-10-06,9:40:16.335399263,T,TGT,I,19,88.06
2025-10-06,9:40:16.499593475,T,TGT,F I,3,88.06
2025-10-06,9:40:16.499593475,T,TGT,F I,24,88.06
2025-10-06,9:40:16.499635550,T,TGT,I,29,88.06
2025-10-06,9:40:16.500733426,T,TGT,,100,88.065
2025-10-06,9:40:17.212288421,T,TGT,F I,1,88.04
2025-10-06,9:40:17.672736363,T,TGT,I,1,88.04
2025-10-06,9:40:18.592868666,T,TGT,F I,1,88.03
2025-10-06,9:40:19.729892448,T,TGT,F I,17,88.02
2025-10-06,9:40:19.730707461,T,TGT,F,125,88.01
2025-10-06,9:40:19.730710481,T,TGT,F I,10,88.01
2025-10-06,9:40:20.184464501,T,TGT,I,28,88.01
2025-10-06,9:40:20.184467554,T,TGT,I,15,88.01
2025-10-06,9:40:20.184750267,T,TGT,F I,2,88.0
2025-10-06,9:40:20.184757533,T,TGT,F I,1,88.0
2025-10-06,9:40:20.184757533,T,TGT,F I,75,88.0
2025-10-06,9:40:20.184762507,T,TGT,F I,1,88.0
2025-10-06,9:40:20.184766662,T,TGT,F I,1,88.0
2025-10-06,9:40:20.184772143,T,TGT,F I,5,88.0
2025-10-06,9:40:20.184772143,T,TGT,F I,10,88.0
2025-10-06,9:40:20.184777481,T,TGT,F I,12,88.0
2025-10-06,9:40:20.184777481,T,TGT,F I,5,88.0
2025-10-06,9:40:20.184781272,T,TGT,F I,20,88.0
2025-10-06,9:40:20.184786277,T,TGT,F I,12,88.0
2025-10-06,9:40:20.184786277,T,TGT,F I,1,88.0
2025-10-06,9:40:20.184801517,T,TGT,F I,10,88.0
2025-10-06,9:40:20.184801517,T,TGT,F I,5,88.0
2025-10-06,9:40:20.184804627,T,TGT,F I,1,88.0
2025-10-06,9:40:20.184804627,T,TGT,F I,5,88.0
2025-10-06,9:40:20.184808575,T,TGT,F I,50,88.0
2025-10-06,9:40:20.184808575,T,TGT,F I,1,88.0
2025-10-06,9:40:20.184814379,T,TGT,F I,1,88.0
2025-10-06,9:40:20.184814379,T,TGT,F I,2,88.0
2025-10-06,9:40:20.184814379,T,TGT,F I,10,88.0
2025-10-06,9:40:20.184814379,T,TGT,F I,2,88.0
2025-10-06,9:40:20.184819625,T,TGT,F I,5,88.0
2025-10-06,9:40:20.184819625,T,TGT,F,500,88.0
2025-10-06,9:40:20.184822307,T,TGT,F I,5,88.0
2025-10-06,9:40:20.184822307,T,TGT,F I,75,88.0
2025-10-06,9:40:20.184825409,T,TGT,F I,1,88.0
2025-10-06,9:40:20.184825409,T,TGT,F I,1,88.0
2025-10-06,9:40:20.184828587,T,TGT,F I,1,88.0
2025-10-06,9:40:20.184828587,T,TGT,F I,2,88.0
2025-10-06,9:40:20.184832772,T,TGT,F I,1,88.0
2025-10-06,9:40:20.184834337,T,TGT,F I,1,88.0
2025-10-06,9:40:20.184838543,T,TGT,F I,2,88.0
2025-10-06,9:40:20.184843357,T,TGT,F I,1,88.0
2025-10-06,9:40:20.184843357,T,TGT,F I,20,88.0
2025-10-06,9:40:20.184843357,T,TGT,F I,1,88.0
2025-10-06,9:40:20.184843357,T,TGT,F I,1,88.0
2025-10-06,9:40:20.184846660,T,TGT,F,1000,88.0
2025-10-06,9:40:20.184849817,T,TGT,F I,15,88.0
2025-10-06,9:40:20.184849817,T,TGT,F I,4,88.0
2025-10-06,9:40:20.184853506,T,TGT,F I,49,88.0
2025-10-06,9:40:20.184858483,T,TGT,F,176,88.0
2025-10-06,9:40:20.184858483,T,TGT,F I,5,88.0
2025-10-06,9:40:20.184858483,T,TGT,F I,2,88.0
2025-10-06,9:40:20.184858483,T,TGT,F I,2,88.0
2025-10-06,9:40:20.184858483,T,TGT,F I,50,88.0
2025-10-06,9:40:20.184861652,T,TGT,F I,5,88.0
2025-10-06,9:40:20.184861652,T,TGT,F I,1,88.0
2025-10-06,9:40:20.184880450,T,TGT,F I,1,88.0
2025-10-06,9:40:20.184880450,T,TGT,F I,8,88.0
2025-10-06,9:40:20.184880450,T,TGT,F I,1,88.0
2025-10-06,9:40:20.184886924,T,TGT,F I,17,88.0
2025-10-06,9:40:20.184886924,T,TGT,F I,1,88.0
2025-10-06,9:40:20.184886924,T,TGT,F I,50,88.0
2025-10-06,9:40:20.184891978,T,TGT,F I,5,88.0
2025-10-06,9:40:20.184891978,T,TGT,F I,10,88.0
2025-10-06,9:40:20.184891978,T,TGT,F I,1,88.0
2025-10-06,9:40:20.184895078,T,TGT,F I,1,88.0
2025-10-06,9:40:20.184895078,T,TGT,F I,1,88.0
2025-10-06,9:40:20.184897512,T,TGT,F I,40,88.0
2025-10-06,9:40:20.184900869,T,TGT,F I,1,88.0
2025-10-06,9:40:20.184900869,T,TGT,F I,55,88.0
2025-10-06,9:40:20.184903697,T,TGT,F I,25,88.0
2025-10-06,9:40:20.184903697,T,TGT,F,100,88.0
2025-10-06,9:40:20.184906563,T,TGT,F I,17,88.0
2025-10-06,9:40:20.184910286,T,TGT,F I,10,88.0
2025-10-06,9:40:20.184910286,T,TGT,F I,1,88.0
2025-10-06,9:40:20.185156408,T,TGT,F I,2,88.0
2025-10-06,9:40:20.185156408,T,TGT,F I,10,88.0
2025-10-06,9:40:20.185156408,T,TGT,F I,12,88.0
2025-10-06,9:40:20.185160313,T,TGT,F I,1,88.0
2025-10-06,9:40:20.185166707,T,TGT,F I,50,88.0
2025-10-06,9:40:20.185171625,T,TGT,F I,1,88.0
2025-10-06,9:40:20.185171625,T,TGT,F I,1,88.0
2025-10-06,9:40:20.185171625,T,TGT,F I,2,88.0
2025-10-06,9:40:20.185174283,T,TGT,F,200,88.0
2025-10-06,9:40:20.185177774,T,TGT,F I,10,88.0
2025-10-06,9:40:20.185181441,T,TGT,F I,10,88.0
2025-10-06,9:40:20.185187127,T,TGT,F I,1,88.0
2025-10-06,9:40:20.185187127,T,TGT,F I,95,88.0
2025-10-06,9:40:20.185192380,T,TGT,F I,10,88.0
2025-10-06,9:40:20.185195735,T,TGT,F I,2,88.0
2025-10-06,9:40:20.185195735,T,TGT,F I,62,88.0
2025-10-06,9:40:20.185199678,T,TGT,F,1000,88.0
2025-10-06,9:40:20.185204631,T,TGT,F I,1,88.0
2025-10-06,9:40:20.185893137,T,TGT,F I,2,87.99
2025-10-06,9:40:20.185893137,T,TGT,F I,5,87.99
2025-10-06,9:40:20.187095801,T,TGT,F I,1,87.98
2025-10-06,9:40:20.191919280,T,TGT,F I,11,87.98
2025-10-06,9:40:22.896229465,T,TGT,F I,17,87.95
2025-10-06,9:40:22.896229465,T,TGT,F I,2,87.95
2025-10-06,9:40:22.896229465,T,TGT,F I,10,87.95
2025-10-06,9:40:22.915192360,T,TGT,I,5,87.93
2025-10-06,9:40:23.929812640,T,TGT,,100,87.93
2025-10-06,9:40:27.765908273,T,TGT,I,22,87.91
2025-10-06,9:40:27.765911078,T,TGT,,200,87.91
2025-10-06,9:40:27.765980303,T,TGT,F,200,87.91
2025-10-06,9:40:27.766007313,T,TGT,F I,30,87.92
2025-10-06,9:40:27.766010294,T,TGT,F I,20,87.92
2025-10-06,9:40:27.767018015,T,TGT,I,5,87.93
2025-10-06,9:40:27.768578421,T,TGT,F I,98,87.95
2025-10-06,9:40:27.768599544,T,TGT,I,1,87.95
2025-10-06,9:40:27.768605474,T,TGT,F I,1,87.95
2025-10-06,9:40:27.768990391,T,TGT,,100,87.95
2025-10-06,9:40:27.769011473,T,TGT,I,1,87.95
2025-10-06,9:40:27.769020508,T,TGT,F I,6,87.96
2025-10-06,9:40:27.769023921,T,TGT,F,100,87.96
2025-10-06,9:40:27.769483635,T,TGT,F,100,87.96
2025-10-06,9:40:27.769483635,T,TGT,F I,50,87.96
2025-10-06,9:40:27.769486668,T,TGT,F I,12,87.96
2025-10-06,9:40:27.769528743,T,TGT,F I,49,87.96
2025-10-06,9:40:27.769552724,T,TGT,F I,51,87.96
2025-10-06,9:40:27.769552724,T,TGT,I,1,87.96
2025-10-06,9:40:27.773663603,T,TGT,I,2,87.96
2025-10-06,9:40:27.773663603,T,TGT,I,30,87.96
2025-10-06,9:40:29.018440187,T,TGT,F I,67,87.96
2025-10-06,9:40:29.018471441,T,TGT,F,100,87.96
2025-10-06,9:40:29.018474195,T,TGT,F I,19,87.97
2025-10-06,9:40:29.018476434,T,TGT,F I,20,87.98
2025-10-06,9:40:29.373730699,T,TGT,I,80,87.98
2025-10-06,9:40:29.373730699,T,TGT,I,20,87.98
2025-10-06,9:40:29.374004326,T,TGT,I,80,87.98
2025-10-06,9:40:29.374010327,T,TGT,I,15,87.98
2025-10-06,9:40:29.374010327,T,TGT,I,94,87.98
2025-10-06,9:40:29.374010327,T,TGT,I,6,87.98
2025-10-06,9:40:29.374013692,T,TGT,,100,87.98
2025-10-06,9:40:29.374013692,T,TGT,,100,87.98
2025-10-06,9:40:29.400401206,T,TGT,F,100,87.98
2025-10-06,9:40:29.400425238,T,TGT,I,2,87.98
2025-10-06,9:40:32.995677296,T,TGT,F,200,87.95
2025-10-06,9:40:32.995680004,T,TGT,F,300,87.95
2025-10-06,9:40:38.028831326,T,TGT,I,46,87.95
2025-10-06,9:40:48.367682715,T,TGT,I,10,87.95
2025-10-06,9:40:48.367685684,T,TGT,I,90,87.95
2025-10-06,9:40:48.564949583,T,TGT,I,75,87.92
2025-10-06,9:40:48.564952613,T,TGT,I,25,87.92
2025-10-06,9:40:48.564970676,T,TGT,F,144,87.92
2025-10-06,9:40:48.565000701,T,TGT,F I,31,87.92
2025-10-06,9:40:48.565027854,T,TGT,F I,10,87.92
2025-10-06,9:40:48.567635004,T,TGT,I,3,87.92
2025-10-06,9:40:50.427690427,T,TGT,F I,1,87.9
2025-10-06,9:40:50.427690427,T,TGT,F I,1,87.9
2025-10-06,9:40:50.427692526,T,TGT,F I,3,87.9
2025-10-06,9:40:50.427692526,T,TGT,F I,20,87.9
2025-10-06,9:40:50.428898457,T,TGT,F I,1,87.89
2025-10-06,9:40:50.429743447,T,TGT,F I,5,87.88
2025-10-06,9:40:50.431635004,T,TGT,F I,1,87.86
2025-10-06,9:40:50.432362891,T,TGT,F I,5,87.85
2025-10-06,9:40:50.432365662,T,TGT,F I,7,87.85
2025-10-06,9:40:50.433078417,T,TGT,F I,14,87.84
2025-10-06,9:40:50.433174676,T,TGT,F I,10,87.84
2025-10-06,9:40:50.433505417,T,TGT,F I,29,87.85
2025-10-06,9:40:50.433508413,T,TGT,F I,25,87.85
2025-10-06,9:40:50.433521566,T,TGT,F I,1,87.85
2025-10-06,9:40:50.433524031,T,TGT,F I,16,87.85
2025-10-06,9:40:50.433524031,T,TGT,F I,9,87.85
2025-10-06,9:40:50.433526469,T,TGT,F I,14,87.85
2025-10-06,9:40:50.433535659,T,TGT,F I,13,87.85
2025-10-06,9:40:50.433806266,T,TGT,F I,16,87.84
2025-10-06,9:40:50.433810148,T,TGT,F I,9,87.84
2025-10-06,9:40:50.433810148,T,TGT,F I,23,87.84
2025-10-06,9:40:50.433816282,T,TGT,F I,20,87.84
2025-10-06,9:40:50.433816282,T,TGT,F I,29,87.84
2025-10-06,9:40:50.433821304,T,TGT,F I,1,87.84
2025-10-06,9:40:50.433821304,T,TGT,F I,8,87.84
2025-10-06,9:40:50.433918094,T,TGT,F,100,87.85
2025-10-06,9:40:50.433920864,T,TGT,F I,29,87.85
2025-10-06,9:40:50.433923520,T,TGT,F I,6,87.85
2025-10-06,9:40:50.433923520,T,TGT,F I,72,87.85
2025-10-06,9:40:50.435349156,T,TGT,F I,20,87.85
2025-10-06,9:40:50.435349156,T,TGT,F,100,87.84
2025-10-06,9:40:50.435351956,T,TGT,F I,29,87.84
2025-10-06,9:40:50.435354846,T,TGT,F I,20,87.84
2025-10-06,9:40:50.436551726,T,TGT,I,22,87.86
2025-10-06,9:40:50.436798701,T,TGT,F,100,87.85
2025-10-06,9:40:50.436798701,T,TGT,F I,76,87.85
2025-10-06,9:40:50.436802124,T,TGT,F I,22,87.84
2025-10-06,9:40:50.436897559,T,TGT,F,100,87.85
2025-10-06,9:40:50.436957617,T,TGT,F I,7,87.86
2025-10-06,9:40:50.436960861,T,TGT,F I,14,87.86
2025-10-06,9:40:50.436963670,T,TGT,F I,1,87.86
2025-10-06,9:40:50.436982092,T,TGT,F I,99,87.86
2025-10-06,9:40:50.436985031,T,TGT,F I,25,87.86
2025-10-06,9:40:50.436985031,T,TGT,F I,62,87.86
2025-10-06,9:40:50.437390691,T,TGT,F I,25,87.86
2025-10-06,9:40:50.437716128,T,TGT,F I,72,87.85
2025-10-06,9:40:50.437719837,T,TGT,F I,7,87.85
2025-10-06,9:40:50.437719837,T,TGT,F,100,87.85
2025-10-06,9:40:50.437725408,T,TGT,F I,7,87.85
2025-10-06,9:40:50.437725408,T,TGT,F I,21,87.85
2025-10-06,9:40:50.437730976,T,TGT,F I,26,87.85
2025-10-06,9:40:50.437730976,T,TGT,F I,8,87.85
2025-10-06,9:40:50.437730976,T,TGT,F I,29,87.84
2025-10-06,9:40:50.437733696,T,TGT,F,100,87.84
2025-10-06,9:40:50.437733696,T,TGT,F I,14,87.84
2025-10-06,9:40:50.437736581,T,TGT,F I,37,87.84
2025-10-06,9:40:50.437736581,T,TGT,F I,14,87.84
2025-10-06,9:40:50.437745473,T,TGT,I,11,87.85
2025-10-06,9:40:50.437751554,T,TGT,I,8,87.85
2025-10-06,9:40:50.438307878,T,TGT,I,29,87.86
2025-10-06,9:40:50.438307878,T,TGT,I,14,87.86
2025-10-06,9:40:50.438311331,T,TGT,I,14,87.86
2025-10-06,9:40:50.440247519,T,TGT,F I,14,87.86
2025-10-06,9:40:50.440400808,T,TGT,F I,14,87.86
2025-10-06,9:40:50.440430923,T,TGT,F I,14,87.86
2025-10-06,9:40:50.440445913,T,TGT,I,14,87.86
2025-10-06,9:40:50.440936352,T,TGT,F I,1,87.86
2025-10-06,9:40:50.440940473,T,TGT,F I,2,87.86
2025-10-06,9:40:50.440940473,T,TGT,F I,11,87.85
2025-10-06,9:40:50.441282127,T,TGT,F,100,87.86
2025-10-06,9:40:50.441282127,T,TGT,F I,20,87.86
2025-10-06,9:40:50.441721018,T,TGT,F I,14,87.87
2025-10-06,9:40:50.441721018,T,TGT,F I,11,87.88
2025-10-06,9:40:50.688771549,T,TGT,F I,28,87.87
2025-10-06,9:40:50.688774616,T,TGT,F,100,87.87
2025-10-06,9:40:51.612924382,T,TGT,F I,23,87.87
2025-10-06,9:40:51.612924382,T,TGT,F I,9,87.87
2025-10-06,9:40:51.613173925,T,TGT,F,100,87.88
2025-10-06,9:40:51.681824473,T,TGT,I,13,87.87
2025-10-06,9:40:52.297469225,T,TGT,I,2,87.87
2025-10-06,9:40:52.752378063,T,TGT,F I,13,87.88
2025-10-06,9:40:52.752378063,T,TGT,F I,53,87.88
2025-10-06,9:40:52.752537636,T,TGT,F,200,87.89
2025-10-06,9:40:52.752540462,T,TGT,F I,16,87.89
2025-10-06,9:41:02.749747558,T,TGT,,100,87.885
2025-10-06,9:41:02.802051276,T,TGT,F I,11,87.88
2025-10-06,9:41:03.186950309,T,TGT,F I,10,87.9
2025-10-06,9:41:03.186968283,T,TGT,F,200,87.885
2025-10-06,9:41:03.779292608,T,TGT,F I,92,87.9
2025-10-06,9:41:03.779307546,T,TGT,F I,8,87.9
2025-10-06,9:41:03.779316991,T,TGT,I,1,87.9
2025-10-06,9:41:03.779316991,T,TGT,F I,8,87.9
2025-10-06,9:41:03.779320086,T,TGT,F I,91,87.9
2025-10-06,9:41:03.779323176,T,TGT,F,109,87.9
2025-10-06,9:41:03.779325746,T,TGT,I,1,87.9
2025-10-06,9:41:03.779328584,T,TGT,I,1,87.9
2025-10-06,9:41:03.779338353,T,TGT,F I,99,87.9
2025-10-06,9:41:03.779340814,T,TGT,F I,1,87.9
2025-10-06,9:41:03.779343536,T,TGT,I,88,87.9
2025-10-06,9:41:03.779343536,T,TGT,I,1,87.9
2025-10-06,9:41:03.780405241,T,TGT,F I,30,87.91
2025-10-06,9:41:04.133383573,T,TGT,F I,24,87.92
2025-10-06,9:41:04.133389038,T,TGT,,278,87.92
2025-10-06,9:41:04.133389038,T,TGT,I,99,87.92
2025-10-06,9:41:04.133389038,T,TGT,I,1,87.92
2025-10-06,9:41:04.133392092,T,TGT,I,11,87.92
2025-10-06,9:41:04.930041121,T,TGT,F,100,87.94
2025-10-06,9:41:04.930074169,T,TGT,F,100,87.95
2025-10-06,9:41:04.930122361,T,TGT,F,100,87.95
2025-10-06,9:41:04.930480122,T,TGT,,150,87.95
2025-10-06,9:41:04.930567346,T,TGT,I,13,87.95
2025-10-06,9:41:04.931204907,T,TGT,I,21,87.95
2025-10-06,9:41:05.569192817,T,TGT,F I,13,87.96
2025-10-06,9:41:05.569195834,T,TGT,F I,13,87.96
2025-10-06,9:41:06.070652526,T,TGT,F,222,87.97
2025-10-06,9:41:06.070670665,T,TGT,I,1,87.97
2025-10-06,9:41:06.070673632,T,TGT,F,197,87.97
2025-10-06,9:41:08.337459708,T,TGT,F,150,88.0
2025-10-06,9:41:08.337462251,T,TGT,F I,14,88.0
2025-10-06,9:41:08.337477927,T,TGT,F,100,88.0
2025-10-06,9:41:16.285361909,T,TGT,F I,42,88.02
2025-10-06,9:41:16.285371605,T,TGT,I,1,88.02
2025-10-06,9:41:16.285374158,T,TGT,,100,88.02
2025-10-06,9:41:16.285377012,T,TGT,I,26,88.02
2025-10-06,9:41:16.285377012,T,TGT,I,5,88.02
2025-10-06,9:41:16.285379928,T,TGT,I,42,88.02
2025-10-06,9:41:16.285383065,T,TGT,I,20,88.02
2025-10-06,9:41:16.285391979,T,TGT,F I,38,88.02
2025-10-06,9:41:16.287355699,T,TGT,,100,88.04
2025-10-06,9:41:16.287518043,T,TGT,I,16,88.06
2025-10-06,9:41:18.049893891,T,TGT,,200,88.07
2025-10-06,9:41:20.173294842,T,TGT,F,100,88.06
2025-10-06,9:41:20.173670774,T,TGT,F I,19,88.05
2025-10-06,9:41:20.173935480,T,TGT,F I,14,88.04
2025-10-06,9:41:20.174136889,T,TGT,F I,57,88.04
2025-10-06,9:41:21.367028297,T,TGT,F,100,88.04
2025-10-06,9:41:21.367806758,T,TGT,F I,74,88.02
2025-10-06,9:41:21.367936061,T,TGT,I,90,88.03
2025-10-06,9:41:21.397676912,T,TGT,I,35,88.08
2025-10-06,9:41:21.398542984,T,TGT,I,4,88.09
2025-10-06,9:41:22.097398957,T,TGT,I,1,88.085
2025-10-06,9:41:23.855573819,T,TGT,F I,90,88.06
2025-10-06,9:41:23.855591808,T,TGT,F I,14,88.06
2025-10-06,9:41:23.855594825,T,TGT,I,86,88.06
2025-10-06,9:41:25.549951524,T,TGT,F,100,88.06
2025-10-06,9:41:25.926547819,T,TGT,F I,42,88.06
2025-10-06,9:41:26.696956206,T,TGT,I,29,88.065
2025-10-06,9:41:35.954494078,T,TGT,I,28,88.05
2025-10-06,9:41:35.954563224,T,TGT,I,72,88.05
2025-10-06,9:41:35.954566292,T,TGT,I,28,88.05
2025-10-06,9:41:35.962096233,T,TGT,,227,88.05
2025-10-06,9:41:43.529285898,T,TGT,F,501,88.02
2025-10-06,9:41:43.529288976,T,TGT,F,125,88.02
2025-10-06,9:41:43.529293093,T,TGT,F I,42,88.02
2025-10-06,9:41:43.529300878,T,TGT,F,158,88.02
2025-10-06,9:41:43.529300878,T,TGT,F I,8,88.02
2025-10-06,9:41:43.529304138,T,TGT,F I,1,88.02
2025-10-06,9:41:43.529304138,T,TGT,F I,2,88.02
2025-10-06,9:41:43.529307041,T,TGT,F I,9,88.02
2025-10-06,9:41:43.529309899,T,TGT,F I,1,88.02
2025-10-06,9:41:43.529309899,T,TGT,F,100,88.02
2025-10-06,9:41:43.530398903,T,TGT,I,24,88.01
2025-10-06,9:41:43.532686908,T,TGT,I,49,88.0
2025-10-06,9:41:47.584672789,T,TGT,I,6,88.0
2025-10-06,9:41:47.584675782,T,TGT,I,4,88.0
2025-10-06,9:41:47.584702766,T,TGT,F I,9,88.0
2025-10-06,9:41:47.584720804,T,TGT,,255,88.015
2025-10-06,9:41:47.584724236,T,TGT,I,65,88.03
2025-10-06,9:41:47.584724236,T,TGT,I,33,88.03
2025-10-06,9:41:47.584726847,T,TGT,I,63,88.03
2025-10-06,9:41:49.186610305,T,TGT,F,200,88.03
2025-10-06,9:41:49.186610305,T,TGT,F I,4,88.03
2025-10-06,9:41:49.186622312,T,TGT,F I,50,88.03
2025-10-06,9:41:49.186622312,T,TGT,F,128,88.03
2025-10-06,9:41:49.186631313,T,TGT,F I,22,88.03
2025-10-06,9:41:49.186634477,T,TGT,F,150,88.03
2025-10-06,9:41:49.186637493,T,TGT,F,100,88.03
2025-10-06,9:41:49.186637493,T,TGT,F I,34,88.03
2025-10-06,9:41:49.186640420,T,TGT,F I,1,88.03
2025-10-06,9:41:49.186656124,T,TGT,I,4,88.03
2025-10-06,9:41:49.186656124,T,TGT,I,41,88.03
2025-10-06,9:41:54.537068621,T,TGT,F I,23,88.045
2025-10-06,9:41:54.537077768,T,TGT,F I,6,88.045
2025-10-06,9:41:54.537077768,T,TGT,F I,18,88.06
2025-10-06,9:41:54.537083658,T,TGT,F I,1,88.06
2025-10-06,9:41:54.537101737,T,TGT,F I,4,88.06
2025-10-06,9:41:54.537348368,T,TGT,I,80,88.05
2025-10-06,9:41:54.537351906,T,TGT,,100,88.05
2025-10-06,9:41:54.537355012,T,TGT,I,41,88.05
2025-10-06,9:41:54.537357362,T,TGT,I,43,88.05
2025-10-06,9:41:54.562761944,T,TGT,I,62,88.045
2025-10-06,9:41:54.569516000,T,TGT,I,18,88.045
2025-10-06,9:41:56.988675255,T,TGT,F I,41,88.06
2025-10-06,9:41:56.988677575,T,TGT,F I,34,88.06
2025-10-06,9:41:56.988690343,T,TGT,F I,46,88.06
2025-10-06,9:41:56.988690343,T,TGT,F I,12,88.06
2025-10-06,9:41:56.988692587,T,TGT,F I,41,88.06
2025-10-06,9:41:56.988696520,T,TGT,F I,43,88.06
2025-10-06,9:41:56.988701653,T,TGT,F I,21,88.06
2025-10-06,9:41:56.988701653,T,TGT,F I,15,88.06
2025-10-06,9:41:56.988701653,T,TGT,F I,49,88.06
2025-10-06,9:41:56.988705044,T,TGT,F I,64,88.06
2025-10-06,9:41:56.988705044,T,TGT,F I,89,88.06
2025-10-06,9:41:56.988707603,T,TGT,F I,48,88.06
2025-10-06,9:41:56.988710719,T,TGT,F I,1,88.06
2025-10-06,9:41:56.988710719,T,TGT,F I,64,88.06
2025-10-06,9:42:02.394765372,T,TGT,,100,88.065
2025-10-06,9:42:04.802094537,T,TGT,F,200,88.08
2025-10-06,9:42:04.802097207,T,TGT,F I,28,88.08
2025-10-06,9:42:04.802097207,T,TGT,F I,19,88.08
2025-10-06,9:42:04.802111833,T,TGT,F I,84,88.08
2025-10-06,9:42:04.802121135,T,TGT,I,1,88.08
2025-10-06,9:42:04.802121135,T,TGT,I,76,88.08
2025-10-06,9:42:04.802581036,T,TGT,F I,5,88.09
2025-10-06,9:42:04.802881678,T,TGT,I,23,88.09
2025-10-06,9:42:04.803044088,T,TGT,I,14,88.09
2025-10-06,9:42:08.513563290,T,TGT,I,38,88.08
2025-10-06,9:42:11.442649845,T,TGT,I,28,88.08
2025-10-06,9:42:16.220330396,T,TGT,I,36,88.08
2025-10-06,9:42:18.099191854,T,TGT,I,1,88.07
2025-10-06,9:42:18.099194896,T,TGT,,100,88.06
2025-10-06,9:42:18.099197818,T,TGT,I,99,88.06
2025-10-06,9:42:18.099213718,T,TGT,F I,96,88.06
2025-10-06,9:42:18.099213718,T,TGT,I,1,88.06
2025-10-06,9:42:18.099236889,T,TGT,I,4,88.06
2025-10-06,9:42:18.100466875,T,TGT,,100,88.06
2025-10-06,9:42:18.397051410,T,TGT,F,100,88.05
2025-10-06,9:42:19.090720038,T,TGT,F,100,88.05
2025-10-06,9:42:20.649694284,T,TGT,F,100,88.05
2025-10-06,9:42:20.913630142,T,TGT,I,56,88.05
2025-10-06,9:42:20.913633146,T,TGT,I,30,88.05
2025-10-06,9:42:21.622842842,T,TGT,F I,10,88.07
2025-10-06,9:42:25.464901375,T,TGT,I,59,88.08
2025-10-06,9:42:39.006674638,T,TGT,F I,1,88.06
2025-10-06,9:42:39.006677623,T,TGT,F I,41,88.06
2025-10-06,9:42:39.310323031,T,TGT,I,92,88.06
2025-10-06,9:42:45.769688488,T,TGT,F,100,88.06
2025-10-06,9:42:45.769688488,T,TGT,F I,13,88.05
2025-10-06,9:42:45.769691512,T,TGT,F I,41,88.05
2025-10-06,9:42:45.770337958,T,TGT,,159,88.05
2025-10-06,9:42:45.777810821,T,TGT,I,47,88.05
2025-10-06,9:42:45.786020358,T,TGT,,200,88.035
2025-10-06,9:42:55.200883966,T,TGT,,100,88.02
2025-10-06,9:42:55.200887023,T,TGT,,100,88.02
2025-10-06,9:42:55.200905239,T,TGT,I,10,88.02
2025-10-06,9:42:55.200908039,T,TGT,I,98,88.02
2025-10-06,9:42:55.200929238,T,TGT,I,15,88.01
2025-10-06,9:42:55.200935368,T,TGT,,200,88.01
2025-10-06,9:42:55.201031362,T,TGT,I,61,88.02
2025-10-06,9:42:55.201067550,T,TGT,I,9,88.02
2025-10-06,9:42:55.201196807,T,TGT,F,102,88.01
2025-10-06,9:42:55.201199766,T,TGT,F I,64,88.01
2025-10-06,9:42:55.355530382,T,TGT,F I,59,88.02
2025-10-06,9:42:55.366172830,T,TGT,F I,61,88.02
2025-10-06,9:42:55.366807264,T,TGT,I,27,88.01
2025-10-06,9:42:56.978761684,T,TGT,I,1,88.0
2025-10-06,9:42:56.978773800,T,TGT,F I,9,88.0
2025-10-06,9:42:56.978776759,T,TGT,F I,21,88.0
2025-10-06,9:42:58.503153599,T,TGT,F I,10,88.01
2025-10-06,9:42:58.503171761,T,TGT,F I,90,88.01
2025-10-06,9:42:58.503174585,T,TGT,F I,51,88.01
2025-10-06,9:42:58.503177855,T,TGT,F I,28,88.01
2025-10-06,9:42:58.503177855,T,TGT,F I,24,88.01
2025-10-06,9:42:58.503181058,T,TGT,F I,1,88.01
2025-10-06,9:42:58.503484412,T,TGT,,100,88.01
2025-10-06,9:42:58.503502343,T,TGT,I,1,88.01
2025-10-06,9:42:58.513696629,T,TGT,F I,31,88.01
2025-10-06,9:42:58.513735754,T,TGT,I,1,88.02
2025-10-06,9:42:58.513757220,T,TGT,I,99,88.02
2025-10-06,9:42:58.513760206,T,TGT,I,1,88.02
2025-10-06,9:42:58.513949289,T,TGT,,100,88.02
2025-10-06,9:42:58.514030459,T,TGT,I,27,88.02
2025-10-06,9:42:58.514141791,T,TGT,,100,88.02
2025-10-06,9:43:00.186224770,T,TGT,F I,4,88.0
2025-10-06,9:43:00.186224770,T,TGT,F I,30,88.0
2025-10-06,9:43:00.186227383,T,TGT,F I,10,88.0
2025-10-06,9:43:00.186230743,T,TGT,F I,10,88.0
2025-10-06,9:43:00.186230743,T,TGT,F I,1,88.0
2025-10-06,9:43:00.186233750,T,TGT,F I,14,88.0
2025-10-06,9:43:01.715809624,T,TGT,,100,87.985
2025-10-06,9:43:02.158933283,T,TGT,F I,53,87.99
2025-10-06,9:43:04.440075110,T,TGT,F,100,88.01
2025-10-06,9:43:04.440075110,T,TGT,F I,24,88.01
2025-10-06,9:43:04.440896042,T,TGT,I,39,88.01
2025-10-06,9:43:05.050279787,T,TGT,F I,11,88.0
2025-10-06,9:43:05.050279787,T,TGT,F I,90,87.99
2025-10-06,9:43:05.559579213,T,TGT,F I,25,87.98
2025-10-06,9:43:05.559579213,T,TGT,F I,90,87.97
2025-10-06,9:43:05.559582246,T,TGT,F I,99,87.97
2025-10-06,9:43:06.778602481,T,TGT,F I,19,87.97
2025-10-06,9:43:07.145626964,T,TGT,F I,19,88.0
2025-10-06,9:43:07.264857969,T,TGT,,100,88.0
2025-10-06,9:43:07.493035654,T,TGT,F,115,88.01
2025-10-06,9:43:07.493062724,T,TGT,F,1261,88.01
2025-10-06,9:43:07.493066049,T,TGT,F I,5,88.01
2025-10-06,9:43:07.493066049,T,TGT,F I,7,88.01
2025-10-06,9:43:11.468353648,T,TGT,I,1,88.01
2025-10-06,9:43:16.635931112,T,TGT,I,1,88.015
2025-10-06,9:43:18.174568442,T,TGT,I,1,88.03
2025-10-06,9:43:18.174588812,T,TGT,I,71,88.03
2025-10-06,9:43:18.175094075,T,TGT,F I,43,88.04
2025-10-06,9:43:18.175094075,T,TGT,F I,5,88.04
2025-10-06,9:43:18.175097090,T,TGT,F,1008,88.04
2025-10-06,9:43:18.182867619,T,TGT,F,100,88.05
2025-10-06,9:43:18.182867619,T,TGT,F I,43,88.05
2025-10-06,9:43:18.182876981,T,TGT,F,200,88.05
2025-10-06,9:43:18.182891624,T,TGT,,142,88.05
2025-10-06,9:43:18.182894588,T,TGT,,108,88.05
2025-10-06,9:43:18.383123596,T,TGT,,100,88.06
2025-10-06,9:43:18.383619786,T,TGT,I,50,88.06
2025-10-06,9:43:19.669023291,T,TGT,F,100,88.04
2025-10-06,9:43:19.669047330,T,TGT,F I,7,88.04
2025-10-06,9:43:19.669353999,T,TGT,F I,9,88.04
2025-10-06,9:43:23.374400133,T,TGT,I,1,88.04
2025-10-06,9:43:27.660096636,T,TGT,F I,2,88.045
2025-10-06,9:43:31.035590724,T,TGT,F I,72,88.04
2025-10-06,9:43:31.035612346,T,TGT,F I,28,88.04
2025-10-06,9:43:35.642088723,T,TGT,I,42,88.035
2025-10-06,9:43:36.545001821,T,TGT,F,100,88.02
2025-10-06,9:43:36.545001821,T,TGT,F,115,88.02
2025-10-06,9:43:36.545007839,T,TGT,I,85,88.02
2025-10-06,9:43:36.545011078,T,TGT,,200,88.02
2025-10-06,9:43:36.545011078,T,TGT,I,10,88.02
2025-10-06,9:43:36.545534117,T,TGT,F I,23,88.02
2025-10-06,9:43:36.552892700,T,TGT,I,76,88.02
2025-10-06,9:43:36.552913675,T,TGT,F I,24,88.02
2025-10-06,9:43:42.504865251,T,TGT,F I,95,88.02
2025-10-06,9:43:44.858855765,T,TGT,F I,3,88.04
2025-10-06,9:43:53.749216036,T,TGT,I,29,88.055
2025-10-06,9:43:54.416701259,T,TGT,F,100,88.06
2025-10-06,9:43:54.416767450,T,TGT,,100,88.06
2025-10-06,9:43:56.489930744,T,TGT,I,4,88.055
2025-10-06,9:43:58.936818421,T,TGT,F I,5,88.07
2025-10-06,9:43:58.936818421,T,TGT,F I,2,88.07
2025-10-06,9:43:58.936860479,T,TGT,I,79,88.07
2025-10-06,9:43:58.936860479,T,TGT,I,23,88.07
2025-10-06,9:43:58.936863499,T,TGT,I,4,88.07
2025-10-06,9:43:58.937717545,T,TGT,F I,71,88.07
2025-10-06,9:43:58.937825788,T,TGT,F,100,88.07
2025-10-06,9:43:58.938141629,T,TGT,,100,88.07
2025-10-06,9:43:58.938186714,T,TGT,I,15,88.07
2025-10-06,9:43:58.939994024,T,TGT,F I,20,88.07
2025-10-06,9:43:58.946769129,T,TGT,,150,88.07
2025-10-06,9:43:58.946793166,T,TGT,F,933,88.07
2025-10-06,9:44:01.107828917,T,TGT,F,100,88.05
2025-10-06,9:44:01.107831913,T,TGT,F I,3,88.05
2025-10-06,9:44:01.107850534,T,TGT,F I,47,88.05
2025-10-06,9:44:01.107852958,T,TGT,F I,86,88.05
2025-10-06,9:44:01.108872361,T,TGT,F I,18,88.04
2025-10-06,9:44:01.108875378,T,TGT,F I,82,88.04
2025-10-06,9:44:01.108992651,T,TGT,I,20,88.04
2025-10-06,9:44:01.109007702,T,TGT,I,20,88.04
2025-10-06,9:44:02.110964728,T,TGT,,100,88.04
2025-10-06,9:44:03.308850699,T,TGT,F I,21,88.05
2025-10-06,9:44:03.321570985,T,TGT,I,16,88.05
2025-10-06,9:44:04.318006962,T,TGT,F,100,88.06
2025-10-06,9:44:07.692325648,T,TGT,F,173,88.07
2025-10-06,9:44:07.692328216,T,TGT,F I,72,88.07
2025-10-06,9:44:07.692343424,T,TGT,F,621,88.07
2025-10-06,9:44:07.692347013,T,TGT,F I,16,88.07
2025-10-06,9:44:07.693564165,T,TGT,F I,5,88.085
2025-10-06,9:44:07.693976130,T,TGT,I,5,88.09
2025-10-06,9:44:07.891129135,T,TGT,F I,35,88.09
2025-10-06,9:44:07.891129135,T,TGT,F,100,88.09
2025-10-06,9:44:07.892334690,T,TGT,I,95,88.085
2025-10-06,9:44:08.183548608,T,TGT,,150,88.09
2025-10-06,9:44:08.183653807,T,TGT,F,100,88.09
2025-10-06,9:44:09.200577638,T,TGT,,100,88.09
2025-10-06,9:44:09.354493318,T,TGT,,100,88.09
2025-10-06,9:44:09.551005511,T,TGT,,112,88.09
2025-10-06,9:44:09.654491079,T,TGT,,100,88.09
2025-10-06,9:44:18.276401579,T,TGT,F I,21,88.07
2025-10-06,9:44:18.276425612,T,TGT,F I,31,88.07
2025-10-06,9:44:18.276488799,T,TGT,I,6,88.06
2025-10-06,9:44:18.276512793,T,TGT,F I,94,88.06
2025-10-06,9:44:18.276515815,T,TGT,F,100,88.06
2025-10-06,9:44:18.366890134,T,TGT,,200,88.05
2025-10-06,9:44:36.433393036,T,TGT,F I,1,88.04
2025-10-06,9:44:56.138924184,T,TGT,I,1,88.04
2025-10-06,9:44:56.138954309,T,TGT,F I,33,88.03
2025-10-06,9:44:56.138954309,T,TGT,F I,20,88.03
2025-10-06,9:44:56.138957260,T,TGT,F,100,88.03
2025-10-06,9:44:56.138978567,T,TGT,I,10,88.03
2025-10-06,9:44:57.866516066,T,TGT,I,1,88.02
2025-10-06,9:44:57.866561158,T,TGT,I,9,88.02
2025-10-06,9:45:00.002670448,T,TGT,I,31,88.03
2025-10-06,9:45:00.002721542,T,TGT,F I,11,88.03
2025-10-06,9:45:00.002724540,T,TGT,F I,15,88.03
2025-10-06,9:45:00.016199723,T,TGT,I,14,88.03
2025-10-06,9:45:00.043679161,T,TGT,,100,88.025
2025-10-06,9:45:00.083445890,T,TGT,F,100,88.02
2025-10-06,9:45:00.422332857,T,TGT,F I,71,88.03
2025-10-06,9:45:00.422353373,T,TGT,I,36,88.03
2025-10-06,9:45:01.080862256,T,TGT,F I,33,88.05
2025-10-06,9:45:01.080862256,T,TGT,F I,65,88.05
2025-10-06,9:45:01.154624903,T,TGT,F,278,88.06
2025-10-06,9:45:01.154628540,T,TGT,F I,66,88.06
2025-10-06,9:45:01.154628540,T,TGT,F I,18,88.06
2025-10-06,9:45:01.154817401,T,TGT,F I,31,88.07
2025-10-06,9:45:01.155391784,T,TGT,F I,6,88.08
2025-10-06,9:45:01.218996328,T,TGT,F I,6,88.09
2025-10-06,9:45:01.219020324,T,TGT,F,972,88.09
2025-10-06,9:45:01.219020324,T,TGT,F I,7,88.09
2025-10-06,9:45:01.219023429,T,TGT,F I,5,88.09
2025-10-06,9:45:01.219023429,T,TGT,F I,68,88.09
2025-10-06,9:45:01.219086786,T,TGT,F,100,88.1
2025-10-06,9:45:01.219086786,T,TGT,F,100,88.1
2025-10-06,9:45:01.219089444,T,TGT,F I,26,88.1
2025-10-06,9:45:01.219288024,T,TGT,F I,9,88.1
2025-10-06,9:45:01.219414282,T,TGT,I,91,88.1
2025-10-06,9:45:01.242088326,T,TGT,F,100,88.1
2025-10-06,9:45:01.337869474,T,TGT,F I,64,88.09
2025-10-06,9:45:01.337878524,T,TGT,F I,36,88.09
2025-10-06,9:45:01.337881565,T,TGT,F I,41,88.09
2025-10-06,9:45:01.338633299,T,TGT,F I,97,88.1
2025-10-06,9:45:01.338633299,T,TGT,F I,41,88.1
2025-10-06,9:45:01.338636294,T,TGT,F I,41,88.1
2025-10-06,9:45:01.609443478,T,TGT,F,100,88.1
2025-10-06,9:45:02.180789714,T,TGT,F I,22,88.11
2025-10-06,9:45:02.180792670,T,TGT,F,100,88.11
2025-10-06,9:45:02.180816735,T,TGT,I,80,88.11
2025-10-06,9:45:02.180844453,T,TGT,I,20,88.11
2025-10-06,9:45:02.180844453,T,TGT,I,20,88.11
2025-10-06,9:45:02.180846858,T,TGT,I,20,88.11
2025-10-06,9:45:02.180855884,T,TGT,I,20,88.11
2025-10-06,9:45:02.180864913,T,TGT,F I,40,88.11
2025-10-06,9:45:02.180868222,T,TGT,F I,20,88.11
2025-10-06,9:45:02.180868222,T,TGT,F I,60,88.11
2025-10-06,9:45:02.180888907,T,TGT,I,20,88.11
2025-10-06,9:45:02.180931009,T,TGT,,100,88.11
2025-10-06,9:45:02.180934032,T,TGT,I,11,88.11
2025-10-06,9:45:02.181009181,T,TGT,I,86,88.11
2025-10-06,9:45:02.247786544,T,TGT,,100,88.11
2025-10-06,9:45:02.247789489,T,TGT,,100,88.1
2025-10-06,9:45:02.247792348,T,TGT,I,41,88.1
2025-10-06,9:45:02.248069103,T,TGT,F,100,88.1
2025-10-06,9:45:02.248071943,T,TGT,F I,15,88.1
2025-10-06,9:45:02.993196440,T,TGT,F,100,88.1
2025-10-06,9:45:02.993199613,T,TGT,F I,94,88.1
2025-10-06,9:45:02.993202405,T,TGT,F,100,88.1
2025-10-06,9:45:02.993205277,T,TGT,F I,6,88.1
2025-10-06,9:45:02.993205277,T,TGT,F,100,88.1
2025-10-06,9:45:02.993208206,T,TGT,F,100,88.1
2025-10-06,9:45:02.993233324,T,TGT,F I,15,88.1
2025-10-06,9:45:02.993235453,T,TGT,F,100,88.1
2025-10-06,9:45:02.993238870,T,TGT,F,285,88.1
2025-10-06,9:45:02.993241359,T,TGT,F,298,88.1
2025-10-06,9:45:08.263381142,T,TGT,F I,1,88.07
2025-10-06,9:45:08.388734670,T,TGT,F,100,88.06
2025-10-06,9:45:08.388746789,T,TGT,F I,10,88.06
2025-10-06,9:45:08.399335768,T,TGT,,100,88.06
2025-10-06,9:45:08.399335768,T,TGT,I,50,88.07
2025-10-06,9:45:08.399338121,T,TGT,I,19,88.07
2025-10-06,9:45:08.399340972,T,TGT,,100,88.07
2025-10-06,9:45:08.399416126,T,TGT,F,100,88.07
2025-10-06,9:45:08.536584962,T,TGT,F I,3,88.07
2025-10-06,9:45:08.536584962,T,TGT,F I,10,88.07
2025-10-06,9:45:08.536651129,T,TGT,,100,88.08
2025-10-06,9:45:08.536651129,T,TGT,I,39,88.08
2025-10-06,9:45:10.194154949,T,TGT,F I,7,88.12
2025-10-06,9:45:13.974286860,T,TGT,I,39,88.05
2025-10-06,9:45:14.274549248,T,TGT,F I,1,88.04
2025-10-06,9:45:15.063836694,T,TGT,F,100,88.0
2025-10-06,9:45:15.063836694,T,TGT,F I,1,88.0
2025-10-06,9:45:15.063840003,T,TGT,F I,25,88.0
2025-10-06,9:45:15.063840003,T,TGT,F I,5,88.0
2025-10-06,9:45:15.063842792,T,TGT,F I,2,88.0
2025-10-06,9:45:15.063845738,T,TGT,F I,20,88.0
2025-10-06,9:45:15.063861508,T,TGT,I,1,88.0
2025-10-06,9:45:15.063861508,T,TGT,F I,9,88.0
2025-10-06,9:45:15.066864887,T,TGT,I,89,87.99
2025-10-06,9:45:16.093204123,T,TGT,F I,68,87.99
2025-10-06,9:45:16.095309169,T,TGT,I,74,87.99
2025-10-06,9:45:17.192599419,T,TGT,,100,87.985
2025-10-06,9:45:18.008238607,T,TGT,,100,88.0
2025-10-06,9:45:18.008241586,T,TGT,,100,88.02
2025-10-06,9:45:19.818957573,T,TGT,,150,87.99
2025-10-06,9:45:19.818960634,T,TGT,I,50,87.99
2025-10-06,9:45:20.316535058,T,TGT,F,100,87.97
2025-10-06,9:45:20.316610233,T,TGT,I,1,87.97
2025-10-06,9:45:20.316613191,T,TGT,F I,9,87.97
2025-10-06,9:45:22.399209940,T,TGT,F,100,87.96
2025-10-06,9:45:22.399285158,T,TGT,,200,87.96
2025-10-06,9:45:22.399496233,T,TGT,F,100,87.96
2025-10-06,9:45:22.399498679,T,TGT,,136,87.96
2025-10-06,9:45:22.399501622,T,TGT,I,64,87.95
2025-10-06,9:45:22.399522915,T,TGT,I,31,87.95
2025-10-06,9:45:22.399561876,T,TGT,I,75,87.95
2025-10-06,9:45:22.399585836,T,TGT,I,1,87.95
2025-10-06,9:45:22.399621939,T,TGT,I,29,87.95
2025-10-06,9:45:22.400358734,T,TGT,I,5,87.95
2025-10-06,9:45:22.400370747,T,TGT,I,36,87.95
2025-10-06,9:45:22.400578868,T,TGT,F I,40,87.95
2025-10-06,9:45:22.400578868,T,TGT,F I,30,87.95
2025-10-06,9:45:22.400581383,T,TGT,F I,11,87.96
2025-10-06,9:45:22.400584218,T,TGT,F I,25,87.96
2025-10-06,9:45:22.400587281,T,TGT,F I,23,87.96
2025-10-06,9:45:24.447233383,T,TGT,I,58,87.97
2025-10-06,9:45:26.805439734,T,TGT,F I,14,87.98
2025-10-06,9:45:34.357705512,T,TGT,F I,14,87.99
2025-10-06,9:45:34.357705512,T,TGT,F I,20,87.99
2025-10-06,9:45:39.234787542,T,TGT,I,1,87.98
2025-10-06,9:45:39.234805993,T,TGT,F I,35,87.98
2025-10-06,9:45:39.234809707,T,TGT,F I,68,87.98
2025-10-06,9:45:39.234809707,T,TGT,F I,1,87.98
2025-10-06,9:45:39.390306102,T,TGT,I,33,87.95
2025-10-06,9:45:39.390330177,T,TGT,I,10,87.95
2025-10-06,9:45:39.688544818,T,TGT,F I,1,87.94
2025-10-06,9:45:39.688544818,T,TGT,F I,81,87.94
2025-10-06,9:45:39.688563229,T,TGT,F I,19,87.94
2025-10-06,9:45:39.688565732,T,TGT,F I,68,87.94
2025-10-06,9:45:41.595928963,T,TGT,F I,10,87.92
2025-10-06,9:45:42.711918399,T,TGT,F I,75,87.91
2025-10-06,9:45:42.711921112,T,TGT,F,106,87.91
2025-10-06,9:45:42.711923881,T,TGT,F I,94,87.91
2025-10-06,9:45:42.711923881,T,TGT,F I,1,87.91
2025-10-06,9:45:42.711926818,T,TGT,F I,1,87.91
2025-10-06,9:45:43.773308602,T,TGT,F I,75,87.9
2025-10-06,9:45:43.773330240,T,TGT,I,1,87.9
2025-10-06,9:45:43.774117524,T,TGT,F I,96,87.91
2025-10-06,9:45:44.070296235,T,TGT,F I,71,87.92
2025-10-06,9:45:45.748745117,T,TGT,I,1,87.92
2025-10-06,9:45:46.091312203,T,TGT,I,95,87.92
2025-10-06,9:45:47.061691313,T,TGT,F I,1,87.93
2025-10-06,9:45:47.061694266,T,TGT,F I,70,87.93
2025-10-06,9:45:47.061694266,T,TGT,F I,50,87.93
2025-10-06,9:45:47.064096905,T,TGT,F,100,87.94
2025-10-06,9:45:47.064544943,T,TGT,,100,87.94
2025-10-06,9:45:48.505055021,T,TGT,I,10,87.96
2025-10-06,9:45:48.505055021,T,TGT,I,18,87.96
2025-10-06,9:45:48.505058342,T,TGT,I,50,87.96
2025-10-06,9:45:48.505061606,T,TGT,,100,87.96
2025-10-06,9:45:48.505061606,T,TGT,I,22,87.96
2025-10-06,9:45:48.505064067,T,TGT,,100,87.96
2025-10-06,9:45:48.505073021,T,TGT,I,1,87.96
2025-10-06,9:45:48.513454010,T,TGT,F I,99,87.96
2025-10-06,9:45:48.513460086,T,TGT,F I,1,87.96
2025-10-06,9:45:48.513481049,T,TGT,F,100,87.96
2025-10-06,9:45:48.513484111,T,TGT,F I,11,87.96
2025-10-06,9:45:48.513511222,T,TGT,F,100,87.96
2025-10-06,9:45:48.538323330,T,TGT,I,24,87.95
2025-10-06,9:45:53.245699672,T,TGT,I,19,87.96
2025-10-06,9:45:58.643539243,T,TGT,F I,69,87.98
2025-10-06,9:45:58.643539243,T,TGT,F I,40,87.98
2025-10-06,9:45:58.643542125,T,TGT,F I,66,87.98
2025-10-06,9:46:03.098674297,T,TGT,,100,87.98
2025-10-06,9:46:03.101705569,T,TGT,F I,26,87.99
2025-10-06,9:46:03.101705569,T,TGT,F I,20,87.99
2025-10-06,9:46:03.105103734,T,TGT,I,7,88.0
2025-10-06,9:46:03.105106719,T,TGT,I,4,88.0
2025-10-06,9:46:03.105208900,T,TGT,F I,32,87.99
2025-10-06,9:46:07.091815794,T,TGT,F I,79,87.95
2025-10-06,9:46:07.091872919,T,TGT,F I,21,87.95
2025-10-06,9:46:07.092955799,T,TGT,I,11,87.95
2025-10-06,9:46:07.092955799,T,TGT,I,32,87.95
2025-10-06,9:46:07.092958526,T,TGT,I,20,87.95
2025-10-06,9:46:07.093361458,T,TGT,F I,50,87.96
2025-10-06,9:46:07.094901091,T,TGT,I,18,87.97
2025-10-06,9:46:14.118939905,T,TGT,,100,87.93
2025-10-06,9:46:14.118939905,T,TGT,,100,87.93
2025-10-06,9:46:14.118942599,T,TGT,I,10,87.93
2025-10-06,9:46:14.413392047,T,TGT,F I,18,87.94
2025-10-06,9:46:17.638849802,T,TGT,F I,67,87.95
2025-10-06,9:46:17.638849802,T,TGT,F I,74,87.95
2025-10-06,9:46:27.131006422,T,TGT,F I,18,87.96
2025-10-06,9:46:27.622380088,T,TGT,F I,72,87.97
2025-10-06,9:46:27.622840167,T,TGT,I,16,87.98
2025-10-06,9:46:27.622840167,T,TGT,I,38,87.98
2025-10-06,9:46:27.622844070,T,TGT,I,32,87.98
2025-10-06,9:46:27.622844070,T,TGT,I,37,87.98
2025-10-06,9:46:27.622846279,T,TGT,I,13,87.98
2025-10-06,9:46:27.887578928,T,TGT,I,19,87.99
2025-10-06,9:46:28.305093671,T,TGT,F I,31,88.0
2025-10-06,9:46:28.312831110,T,TGT,,100,88.015
2025-10-06,9:46:28.403397902,T,TGT,F I,6,88.02
2025-10-06,9:46:28.403427933,T,TGT,F I,6,88.02
2025-10-06,9:46:29.322167786,T,TGT,,100,88.03
2025-10-06,9:46:40.534874025,T,TGT,F,100,88.0
2025-10-06,9:46:40.534874025,T,TGT,F,100,88.0
2025-10-06,9:46:40.534877428,T,TGT,I,10,88.0
2025-10-06,9:46:40.585391413,T,TGT,I,11,87.98
2025-10-06,9:46:40.672911920,T,TGT,I,1,87.97
2025-10-06,9:46:40.672911920,T,TGT,,100,87.97
2025-10-06,9:46:40.673218663,T,TGT,F I,53,87.97
2025-10-06,9:46:40.735457882,T,TGT,I,29,87.97
2025-10-06,9:46:40.735461008,T,TGT,,100,87.97
2025-10-06,9:46:40.735464317,T,TGT,I,3,87.97
2025-10-06,9:46:40.735464317,T,TGT,I,11,87.97
2025-10-06,9:46:40.735466895,T,TGT,I,3,87.97
2025-10-06,9:46:40.735470018,T,TGT,I,80,87.97
2025-10-06,9:46:43.662042460,T,TGT,F I,10,87.98
2025-10-06,9:46:43.662042460,T,TGT,F I,72,87.98
2025-10-06,9:46:43.662159830,T,TGT,I,29,87.97
2025-10-06,9:46:43.662162992,T,TGT,I,38,87.97
2025-10-06,9:46:43.662162992,T,TGT,I,93,87.97
2025-10-06,9:46:43.662165831,T,TGT,I,30,87.97
2025-10-06,9:46:43.662168808,T,TGT,,100,87.97
2025-10-06,9:46:43.662189893,T,TGT,,100,87.98
2025-10-06,9:46:43.662234979,T,TGT,F I,29,87.97
2025-10-06,9:46:43.662283088,T,TGT,F,100,87.97
2025-10-06,9:46:43.662289071,T,TGT,F I,93,87.97
2025-10-06,9:46:43.662292944,T,TGT,F I,38,87.97
2025-10-06,9:46:43.662292944,T,TGT,F I,69,87.97
2025-10-06,9:46:43.662295071,T,TGT,F I,24,87.97
2025-10-06,9:46:44.118433814,T,TGT,I,1,87.97
2025-10-06,9:46:44.118454871,T,TGT,I,1,87.97
2025-10-06,9:46:44.118472936,T,TGT,I,20,87.97
2025-10-06,9:46:49.393879006,T,TGT,I,47,87.97
2025-10-06,9:46:49.393884663,T,TGT,I,24,87.97
2025-10-06,9:46:49.393884663,T,TGT,I,11,87.97
2025-10-06,9:46:49.393884663,T,TGT,I,38,87.97
2025-10-06,9:46:49.393887802,T,TGT,I,1,87.97
2025-10-06,9:46:49.393890532,T,TGT,,100,87.97
2025-10-06,9:46:49.393893554,T,TGT,,100,87.97
2025-10-06,9:46:53.915433104,T,TGT,I,3,87.965
2025-10-06,9:46:53.915457050,T,TGT,F I,3,87.965
2025-10-06,9:46:53.915475082,T,TGT,I,1,87.96
2025-10-06,9:46:53.915499188,T,TGT,I,1,87.96
2025-10-06,9:46:53.915520249,T,TGT,F I,1,87.96
2025-10-06,9:46:53.915526278,T,TGT,I,1,87.96
2025-10-06,9:46:53.915544286,T,TGT,I,3,87.96
2025-10-06,9:46:53.915568298,T,TGT,I,10,87.95
2025-10-06,9:46:53.915598443,T,TGT,F I,1,87.95
2025-10-06,9:46:53.915598443,T,TGT,F I,1,87.95
2025-10-06,9:46:53.915601354,T,TGT,F I,94,87.95
2025-10-06,9:46:53.915604455,T,TGT,,133,87.95
2025-10-06,9:46:53.915619420,T,TGT,I,1,87.95
2025-10-06,9:46:53.915619420,T,TGT,I,1,87.95
2025-10-06,9:46:53.915622461,T,TGT,,128,87.95
2025-10-06,9:46:53.915626425,T,TGT,,1043,87.95
2025-10-06,9:46:53.915631485,T,TGT,,100,87.95
2025-10-06,9:46:53.915631485,T,TGT,,612,87.95
2025-10-06,9:46:53.915650206,T,TGT,F,100,87.95
2025-10-06,9:46:53.915665083,T,TGT,,288,87.95
2025-10-06,9:46:53.915667595,T,TGT,I,10,87.95
2025-10-06,9:46:54.140624488,T,TGT,F,100,87.95
2025-10-06,9:46:54.140627573,T,TGT,F I,2,87.95
2025-10-06,9:46:54.140627573,T,TGT,F I,60,87.95
2025-10-06,9:46:54.140630515,T,TGT,F I,48,87.95
2025-10-06,9:46:54.178824625,T,TGT,I,1,87.94
2025-10-06,9:46:57.087104663,T,TGT,F I,5,87.96
2025-10-06,9:46:58.985476260,T,TGT,I,99,87.97
2025-10-06,9:46:58.985479293,T,TGT,I,1,87.97
2025-10-06,9:46:58.985500758,T,TGT,I,1,87.97
2025-10-06,9:46:58.985527546,T,TGT,F I,36,87.97
2025-10-06,9:46:58.985527546,T,TGT,F I,33,87.97
2025-10-06,9:46:58.993150538,T,TGT,I,1,87.97
2025-10-06,9:46:58.993150538,T,TGT,I,1,87.97
2025-10-06,9:46:58.993153672,T,TGT,I,13,87.97
2025-10-06,9:46:58.993156639,T,TGT,,100,87.97
2025-10-06,9:46:59.494063038,T,TGT,F,100,87.96
2025-10-06,9:47:00.839134670,T,TGT,,100,87.97
2025-10-06,9:47:01.104207216,T,TGT,I,38,87.97
2025-10-06,9:47:02.665857688,T,TGT,,486,87.94
2025-10-06,9:47:02.665875719,T,TGT,I,1,87.94
2025-10-06,9:47:02.665905996,T,TGT,F I,13,87.94
2025-10-06,9:47:05.218991524,T,TGT,I,18,87.95
2025-10-06,9:47:08.731705426,T,TGT,I,1,87.99
2025-10-06,9:47:08.731708537,T,TGT,I,50,87.99
2025-10-06,9:47:08.731711558,T,TGT,I,18,87.99
2025-10-06,9:47:08.731711558,T,TGT,I,10,87.99
2025-10-06,9:47:08.731714474,T,TGT,I,61,87.99
2025-10-06,9:47:08.731717496,T,TGT,,100,87.99
2025-10-06,9:47:23.342521913,T,TGT,F I,10,87.93
2025-10-06,9:47:23.342525933,T,TGT,F,100,87.93
2025-10-06,9:47:23.342525933,T,TGT,F I,55,87.93
2025-10-06,9:47:23.342600115,T,TGT,,100,87.92
2025-10-06,9:47:23.342603374,T,TGT,,100,87.92
2025-10-06,9:47:23.342606142,T,TGT,,100,87.92
2025-10-06,9:47:23.342606142,T,TGT,I,10,87.92
2025-10-06,9:47:23.343258700,T,TGT,F I,41,87.92
2025-10-06,9:47:23.349841374,T,TGT,I,65,87.92
2025-10-06,9:47:24.013811275,T,TGT,F I,1,87.91
2025-10-06,9:47:24.013811275,T,TGT,F I,10,87.91
2025-10-06,9:47:24.604322600,T,TGT,I,59,87.91
2025-10-06,9:47:24.604325291,T,TGT,I,34,87.91
2025-10-06,9:47:24.604325291,T,TGT,I,1,87.91
2025-10-06,9:47:26.555884701,T,TGT,I,1,87.91
2025-10-06,9:47:33.720376298,T,TGT,,100,87.92
2025-10-06,9:47:33.720376298,T,TGT,I,13,87.93
2025-10-06,9:47:33.720387944,T,TGT,F I,87,87.93
2025-10-06,9:47:33.720387944,T,TGT,F I,11,87.93
2025-10-06,9:47:33.720390912,T,TGT,F I,2,87.93
2025-10-06,9:47:33.720394295,T,TGT,F I,13,87.93
2025-10-06,9:47:33.720394295,T,TGT,F I,36,87.93
2025-10-06,9:47:33.720397031,T,TGT,F I,51,87.93
2025-10-06,9:47:35.139625224,T,TGT,,100,87.92
2025-10-06,9:47:40.004315396,T,TGT,,255,87.93
2025-10-06,9:47:40.403973591,T,TGT,F I,19,87.94
2025-10-06,9:47:40.403977053,T,TGT,F I,1,87.94
2025-10-06,9:47:40.403979683,T,TGT,F I,4,87.94
2025-10-06,9:47:40.403979683,T,TGT,F I,47,87.94
2025-10-06,9:47:43.383839403,T,TGT,F I,6,87.92
2025-10-06,9:47:43.383842192,T,TGT,F I,22,87.92
2025-10-06,9:47:43.383857093,T,TGT,F I,29,87.92
2025-10-06,9:47:47.779853643,T,TGT,I,5,87.91
2025-10-06,9:47:47.779874605,T,TGT,F I,95,87.91
2025-10-06,9:47:47.779877608,T,TGT,F I,10,87.91
2025-10-06,9:47:47.780205826,T,TGT,I,24,87.9
2025-10-06,9:47:47.780208679,T,TGT,I,5,87.9
2025-10-06,9:47:47.780214343,T,TGT,,100,87.9
2025-10-06,9:47:47.780214343,T,TGT,,100,87.9
2025-10-06,9:47:47.780214343,T,TGT,I,71,87.9
2025-10-06,9:47:47.780229516,T,TGT,I,8,87.9
2025-10-06,9:47:47.780232430,T,TGT,I,1,87.9
2025-10-06,9:47:47.780245149,T,TGT,F I,5,87.9
2025-10-06,9:47:47.780245149,T,TGT,F I,1,87.9
2025-10-06,9:47:47.780247395,T,TGT,F I,1,87.9
2025-10-06,9:47:51.573442647,T,TGT,I,10,87.9
2025-10-06,9:47:52.068012882,T,TGT,F I,1,87.89
2025-10-06,9:47:52.068051963,T,TGT,I,20,87.88
2025-10-06,9:47:52.068391881,T,TGT,F I,72,87.88
2025-10-06,9:47:58.077115468,T,TGT,I,2,87.89
2025-10-06,9:47:58.077115468,T,TGT,I,2,87.89
2025-10-06,9:47:58.077133541,T,TGT,F I,34,87.89
2025-10-06,9:47:58.077476384,T,TGT,,100,87.9
2025-10-06,9:47:58.077476384,T,TGT,I,32,87.9
2025-10-06,9:47:58.077479379,T,TGT,I,42,87.9
2025-10-06,9:48:05.051725474,T,TGT,,100,87.9
2025-10-06,9:48:06.714855886,T,TGT,I,1,87.9
2025-10-06,9:48:10.377198118,T,TGT,F,100,87.88
2025-10-06,9:48:10.377198118,T,TGT,F,100,87.88
2025-10-06,9:48:10.377198118,T,TGT,F I,51,87.88
2025-10-06,9:48:10.377203397,T,TGT,F I,49,87.88
2025-10-06,9:48:10.377203397,T,TGT,F,800,87.88
2025-10-06,9:48:10.377212429,T,TGT,I,1,87.88
2025-10-06,9:48:10.377218410,T,TGT,F I,1,87.88
2025-10-06,9:48:10.377218410,T,TGT,F,134,87.88
2025-10-06,9:48:10.377230447,T,TGT,,108,87.88
2025-10-06,9:48:10.377233503,T,TGT,F,2423,87.88
2025-10-06,9:48:10.377239850,T,TGT,I,7,87.88
2025-10-06,9:48:10.377239850,T,TGT,F I,56,87.88
2025-10-06,9:48:10.377239850,T,TGT,F I,69,87.88
2025-10-06,9:48:10.377266565,T,TGT,F,100,87.88
2025-10-06,9:48:10.377323668,T,TGT,,130,87.88
2025-10-06,9:48:10.377422920,T,TGT,F,903,87.88
2025-10-06,9:48:10.377443965,T,TGT,,146,87.88
2025-10-06,9:48:10.377465047,T,TGT,I,1,87.88
2025-10-06,9:48:10.378535545,T,TGT,,100,87.88
2025-10-06,9:48:10.381416453,T,TGT,I,1,87.88
2025-10-06,9:48:11.174128994,T,TGT,I,1,87.89
2025-10-06,9:48:11.312061596,T,TGT,I,30,87.9
2025-10-06,9:48:21.441385360,T,TGT,F,301,87.88
2025-10-06,9:48:21.441400477,T,TGT,I,1,87.88
2025-10-06,9:48:21.441421548,T,TGT,,4718,87.88
2025-10-06,9:48:21.441424732,T,TGT,I,1,87.88
2025-10-06,9:48:21.441443144,T,TGT,I,9,87.88
2025-10-06,9:48:21.442525148,T,TGT,I,74,87.87
2025-10-06,9:48:21.444224182,T,TGT,F I,14,87.87
2025-10-06,9:48:23.214299605,T,TGT,I,90,87.87
2025-10-06,9:48:23.214299605,T,TGT,I,10,87.87
2025-10-06,9:48:23.214304404,T,TGT,I,60,87.87
2025-10-06,9:48:23.214317343,T,TGT,F I,35,87.87
2025-10-06,9:48:28.483876125,T,TGT,I,23,87.91
2025-10-06,9:48:28.483876125,T,TGT,I,17,87.91
2025-10-06,9:48:28.483896840,T,TGT,F,617,87.91
2025-10-06,9:48:28.483999132,T,TGT,,658,87.92
2025-10-06,9:48:28.484363014,T,TGT,I,1,87.92
2025-10-06,9:48:28.484381060,T,TGT,I,68,87.92
2025-10-06,9:48:28.484399135,T,TGT,I,1,87.92
2025-10-06,9:48:28.484468259,T,TGT,I,30,87.92
2025-10-06,9:48:28.484471246,T,TGT,I,70,87.92
2025-10-06,9:48:28.484495368,T,TGT,I,1,87.92
2025-10-06,9:48:28.484507384,T,TGT,I,22,87.93
2025-10-06,9:48:32.188699563,T,TGT,F I,46,87.94
2025-10-06,9:48:32.188714583,T,TGT,F,100,87.94
2025-10-06,9:48:34.940125776,T,TGT,F,100,87.96
2025-10-06,9:48:34.961284485,T,TGT,I,32,87.95
2025-10-06,9:48:34.961287363,T,TGT,I,20,87.96
2025-10-06,9:48:35.005363257,T,TGT,I,32,87.96
2025-10-06,9:48:43.050334248,T,TGT,I,1,87.96
2025-10-06,9:48:44.312756989,T,TGT,I,79,87.96
2025-10-06,9:48:46.341140510,T,TGT,F,100,87.95
2025-10-06,9:48:53.639417718,T,TGT,,100,87.93
2025-10-06,9:48:53.639420581,T,TGT,,100,87.92
2025-10-06,9:48:53.639423527,T,TGT,,100,87.92
2025-10-06,9:48:53.640085130,T,TGT,,200,87.92
2025-10-06,9:48:53.640106236,T,TGT,I,32,87.92
2025-10-06,9:48:53.662593803,T,TGT,F,100,87.94
2025-10-06,9:48:53.738662931,T,TGT,I,5,87.95
2025-10-06,9:48:53.738666006,T,TGT,I,61,87.95
2025-10-06,9:48:53.815781758,T,TGT,I,50,87.96
2025-10-06,9:48:53.815802742,T,TGT,I,50,87.96
2025-10-06,9:48:53.815808797,T,TGT,I,50,87.96
2025-10-06,9:48:53.815874963,T,TGT,I,18,87.96
2025-10-06,9:48:53.815874963,T,TGT,I,82,87.96
2025-10-06,9:48:53.815905041,T,TGT,F I,18,87.96
2025-10-06,9:48:53.815908046,T,TGT,F,160,87.96
2025-10-06,9:48:55.849596429,T,TGT,I,26,87.96
2025-10-06,9:48:55.849599639,T,TGT,I,27,87.96
2025-10-06,9:48:55.849599639,T,TGT,I,22,87.96
2025-10-06,9:48:55.849605193,T,TGT,I,11,87.96
2025-10-06,9:48:55.850712133,T,TGT,F I,18,87.97
2025-10-06,9:48:55.850715113,T,TGT,F I,12,87.97
2025-10-06,9:48:55.850715113,T,TGT,F I,7,87.97
2025-10-06,9:49:03.002133971,T,TGT,F I,7,87.98
2025-10-06,9:49:03.002137022,T,TGT,F I,20,87.98
2025-10-06,9:49:03.002154995,T,TGT,F I,26,87.98
2025-10-06,9:49:03.002158004,T,TGT,I,27,87.98
2025-10-06,9:49:03.002170012,T,TGT,F I,20,87.98
2025-10-06,9:49:03.002182073,T,TGT,F I,27,87.98
2025-10-06,9:49:03.002895254,T,TGT,F I,30,87.98
2025-10-06,9:49:07.475922696,T,TGT,F I,1,87.98
2025-10-06,9:49:08.322734777,T,TGT,,100,87.97
2025-10-06,9:49:08.322734777,T,TGT,I,74,87.97
2025-10-06,9:49:08.322737944,T,TGT,I,1,87.97
2025-10-06,9:49:08.322737944,T,TGT,,100,87.97
2025-10-06,9:49:08.322743219,T,TGT,I,25,87.97
2025-10-06,9:49:08.325133948,T,TGT,I,78,87.96
2025-10-06,9:49:08.325136948,T,TGT,I,75,87.96
2025-10-06,9:49:08.631597041,T,TGT,,100,87.95
2025-10-06,9:49:08.922732705,T,TGT,F,100,87.94
2025-10-06,9:49:09.528201226,T,TGT,F,100,87.93
2025-10-06,9:49:15.560104179,T,TGT,I,1,87.95
2025-10-06,9:49:15.560122475,T,TGT,I,44,87.95
2025-10-06,9:49:15.560122475,T,TGT,I,49,87.95
2025-10-06,9:49:15.560125417,T,TGT,I,13,87.95
2025-10-06,9:49:15.560128220,T,TGT,I,70,87.95
2025-10-06,9:49:16.710991210,T,TGT,F I,76,87.96
2025-10-06,9:49:16.711012151,T,TGT,I,1,87.96
2025-10-06,9:49:18.777009332,T,TGT,F I,3,87.94
2025-10-06,9:49:18.777325169,T,TGT,F I,28,87.92
2025-10-06,9:49:18.777370256,T,TGT,F I,22,87.92
2025-10-06,9:49:29.973028611,T,TGT,F I,12,87.93
2025-10-06,9:49:29.973028611,T,TGT,F I,20,87.93
2025-10-06,9:49:40.799064274,T,TGT,I,10,87.94
2025-10-06,9:49:43.945286193,T,TGT,I,10,87.94
2025-10-06,9:49:46.320491973,T,TGT,I,80,87.94
2025-10-06,9:49:53.189424258,T,TGT,F I,10,87.945
2025-10-06,9:49:53.189427152,T,TGT,F,100,87.945
2025-10-06,9:49:53.189430110,T,TGT,F I,4,87.94
2025-10-06,9:49:53.189430110,T,TGT,F I,98,87.93
2025-10-06,9:49:54.888475079,T,TGT,F,100,87.96
2025-10-06,9:49:58.128559424,T,TGT,I,1,87.99
2025-10-06,9:49:58.142163831,T,TGT,F I,99,87.99
2025-10-06,9:49:59.593662000,T,TGT,,100,88.0
2025-10-06,9:50:01.658634777,T,TGT,F I,9,88.01
2025-10-06,9:50:01.658634777,T,TGT,F I,18,88.01
2025-10-06,9:50:01.658639766,T,TGT,F I,20,88.01
2025-10-06,9:50:01.662894907,T,TGT,F I,32,88.02
2025-10-06,9:50:02.773467761,T,TGT,I,1,88.03
2025-10-06,9:50:04.168939354,T,TGT,,100,88.015
2025-10-06,9:50:05.765623466,T,TGT,F I,5,88.0
2025-10-06,9:50:05.765647673,T,TGT,F I,95,88.0
2025-10-06,9:50:06.170231624,T,TGT,F I,68,87.99
2025-10-06,9:50:06.170234426,T,TGT,F,100,87.99
2025-10-06,9:50:17.548737594,T,TGT,F I,32,87.98
2025-10-06,9:50:17.548741038,T,TGT,F I,62,87.98
2025-10-06,9:50:25.351706930,T,TGT,F I,32,87.97
2025-10-06,9:50:25.351727915,T,TGT,F I,68,87.97
2025-10-06,9:50:25.351730940,T,TGT,F I,10,87.97
2025-10-06,9:50:30.680471657,T,TGT,I,3,87.97
2025-10-06,9:50:30.680525722,T,TGT,I,1,87.97
2025-10-06,9:50:31.474591481,T,TGT,,100,87.96
2025-10-06,9:50:34.123648016,T,TGT,,100,87.96
2025-10-06,9:50:49.983499763,T,TGT,F I,1,87.95
2025-10-06,9:50:49.983499763,T,TGT,F I,49,87.95
2025-10-06,9:50:49.983502631,T,TGT,F I,51,87.95
2025-10-06,9:50:49.983505625,T,TGT,F,100,87.95
2025-10-06,9:50:49.983505625,T,TGT,F I,59,87.95
2025-10-06,9:50:49.983509572,T,TGT,F I,1,87.95
2025-10-06,9:50:49.983509572,T,TGT,F I,5,87.95
2025-10-06,9:50:49.983514586,T,TGT,F I,1,87.95
2025-10-06,9:50:49.983514586,T,TGT,F I,10,87.95
2025-10-06,9:50:50.178478052,T,TGT,F I,24,87.93
2025-10-06,9:50:52.085552653,T,TGT,F I,11,87.93
2025-10-06,9:50:52.085555578,T,TGT,F I,10,87.94
2025-10-06,9:50:52.085558676,T,TGT,F I,66,87.94
2025-10-06,9:50:52.085562432,T,TGT,F I,89,87.94
2025-10-06,9:50:52.085565013,T,TGT,F I,11,87.94
2025-10-06,9:50:52.085565013,T,TGT,F I,11,87.94
2025-10-06,9:50:52.085579704,T,TGT,F I,89,87.94
2025-10-06,9:50:52.085579704,T,TGT,F I,87,87.94
2025-10-06,9:50:52.085585648,T,TGT,I,13,87.94
2025-10-06,9:50:52.090448241,T,TGT,F I,8,87.93
2025-10-06,9:50:52.090490389,T,TGT,I,20,87.93
2025-10-06,9:50:52.090493403,T,TGT,I,51,87.93
2025-10-06,9:50:52.157282750,T,TGT,I,8,87.93
2025-10-06,9:50:52.157282750,T,TGT,I,8,87.93
2025-10-06,9:50:52.157285551,T,TGT,I,32,87.93
2025-10-06,9:50:52.157285551,T,TGT,I,63,87.93
2025-10-06,9:50:54.997606600,T,TGT,I,14,87.95
2025-10-06,9:50:54.997606600,T,TGT,I,51,87.95
2025-10-06,9:50:54.997625038,T,TGT,I,24,87.95
2025-10-06,9:50:56.750416873,T,TGT,F I,8,87.94
2025-10-06,9:50:56.750681270,T,TGT,F I,10,87.94
2025-10-06,9:50:57.740714908,T,TGT,F I,20,87.95
2025-10-06,9:50:57.740717964,T,TGT,F I,67,87.95
2025-10-06,9:50:57.740736094,T,TGT,I,1,87.95
2025-10-06,9:50:57.740913395,T,TGT,I,75,87.95
2025-10-06,9:50:57.740916806,T,TGT,I,12,87.95
2025-10-06,9:51:00.602597521,T,TGT,F I,3,87.92
2025-10-06,9:51:00.602600282,T,TGT,F I,1,87.92
2025-10-06,9:51:00.602946109,T,TGT,I,85,87.93
2025-10-06,9:51:00.602964129,T,TGT,I,1,87.93
2025-10-06,9:51:11.182286439,T,TGT,,100,87.92
2025-10-06,9:51:11.182289110,T,TGT,I,85,87.92
2025-10-06,9:51:11.182289110,T,TGT,,200,87.92
2025-10-06,9:51:11.182292144,T,TGT,I,50,87.92
2025-10-06,9:51:11.182292144,T,TGT,I,8,87.92
2025-10-06,9:51:11.182307634,T,TGT,I,10,87.92
2025-10-06,9:51:11.397301433,T,TGT,F I,12,87.93
2025-10-06,9:51:11.397304678,T,TGT,F I,6,87.93
2025-10-06,9:51:11.397308054,T,TGT,F,105,87.93
2025-10-06,9:51:11.397490959,T,TGT,F I,8,87.94
2025-10-06,9:51:13.848519326,T,TGT,I,72,87.93
2025-10-06,9:51:20.753014863,T,TGT,F,100,87.96
2025-10-06,9:51:20.753014863,T,TGT,F I,10,87.96
2025-10-06,9:51:20.753018021,T,TGT,F,100,87.96
2025-10-06,9:51:20.753018021,T,TGT,F I,31,87.96
2025-10-06,9:51:20.753023079,T,TGT,F I,12,87.96
2025-10-06,9:51:20.753387004,T,TGT,F I,27,87.97
2025-10-06,9:51:20.753417410,T,TGT,I,73,87.97
2025-10-06,9:51:20.810038894,T,TGT,F I,2,87.98
2025-10-06,9:51:20.810105184,T,TGT,I,20,87.99
2025-10-06,9:51:20.810105184,T,TGT,,100,87.99
2025-10-06,9:51:21.258620644,T,TGT,F,220,88.0
2025-10-06,9:51:21.258642042,T,TGT,I,1,88.0
2025-10-06,9:51:21.258642042,T,TGT,F,330,88.0
2025-10-06,9:51:21.258647837,T,TGT,,449,88.0
2025-10-06,9:51:21.258972504,T,TGT,,500,88.0
2025-10-06,9:51:29.689567284,T,TGT,F I,99,88.03
2025-10-06,9:51:29.689571036,T,TGT,F I,2,88.03
2025-10-06,9:51:29.689571036,T,TGT,F,100,88.03
2025-10-06,9:51:29.689573280,T,TGT,F I,2,88.03
2025-10-06,9:51:29.690171712,T,TGT,I,3,88.04
2025-10-06,9:51:29.690340224,T,TGT,F I,14,88.04
2025-10-06,9:51:37.945713643,T,TGT,F,100,88.05
2025-10-06,9:51:37.945717373,T,TGT,F I,2,88.05
2025-10-06,9:51:37.945717373,T,TGT,F I,1,88.05
2025-10-06,9:51:37.945719936,T,TGT,F I,69,88.05
2025-10-06,9:51:37.954668887,T,TGT,F I,6,88.06
2025-10-06,9:51:38.834905100,T,TGT,I,24,88.06
2025-10-06,9:51:38.835010342,T,TGT,I,57,88.06
2025-10-06,9:51:49.631693385,T,TGT,F I,12,88.06
2025-10-06,9:51:49.631720319,T,TGT,F I,38,88.06
2025-10-06,9:51:49.631723305,T,TGT,F,200,88.06
2025-10-06,9:51:49.631726276,T,TGT,F I,1,88.06
2025-10-06,9:51:49.631726276,T,TGT,F,100,88.06
2025-10-06,9:51:49.847643723,T,TGT,I,2,88.05
2025-10-06,9:51:57.311414026,T,TGT,F I,34,88.06
2025-10-06,9:51:57.311414026,T,TGT,F I,2,88.06
2025-10-06,9:51:57.311675502,T,TGT,F I,5,88.07
2025-10-06,9:51:58.162215884,T,TGT,I,5,88.07
2025-10-06,9:51:58.275237206,T,TGT,F I,61,88.09
2025-10-06,9:51:58.275817616,T,TGT,F I,31,88.1
2025-10-06,9:52:03.333711923,T,TGT,I,6,88.09
2025-10-06,9:52:03.423520817,T,TGT,I,1,88.09
2025-10-06,9:52:04.353898839,T,TGT,F I,50,88.09
2025-10-06,9:52:04.353898839,T,TGT,F I,1,88.08
2025-10-06,9:52:04.353901977,T,TGT,F I,9,88.08
2025-10-06,9:52:04.353922955,T,TGT,I,1,88.08
2025-10-06,9:52:04.353925799,T,TGT,F I,90,88.08
2025-10-06,9:52:04.353925799,T,TGT,F I,1,88.08
2025-10-06,9:52:04.353946465,T,TGT,I,9,88.08
2025-10-06,9:52:04.354379477,T,TGT,,103,88.09
2025-10-06,9:52:04.354385877,T,TGT,I,43,88.09
2025-10-06,9:52:04.354385877,T,TGT,I,51,88.09
2025-10-06,9:52:04.354385877,T,TGT,I,20,88.09
2025-10-06,9:52:04.354390469,T,TGT,I,20,88.09
2025-10-06,9:52:04.354394589,T,TGT,I,2,88.09
2025-10-06,9:52:04.354791563,T,TGT,,225,88.09
2025-10-06,9:52:06.146457145,T,TGT,I,2,88.1
2025-10-06,9:52:06.156095152,T,TGT,I,57,88.11
2025-10-06,9:52:19.814916352,T,TGT,,100,88.12
2025-10-06,9:52:19.814916352,T,TGT,I,51,88.12
2025-10-06,9:52:19.814918770,T,TGT,I,2,88.12
2025-10-06,9:52:21.067529103,T,TGT,F I,5,88.13
2025-10-06,9:52:21.067628334,T,TGT,I,20,88.15
2025-10-06,9:52:21.067631631,T,TGT,I,20,88.15
2025-10-06,9:52:21.067634435,T,TGT,I,2,88.15
2025-10-06,9:52:21.067634435,T,TGT,I,15,88.15
2025-10-06,9:52:21.068461334,T,TGT,I,18,88.15
2025-10-06,9:52:21.068461334,T,TGT,,100,88.15
2025-10-06,9:52:21.070256595,T,TGT,I,49,88.16
2025-10-06,9:52:22.411470014,T,TGT,,100,88.16
2025-10-06,9:52:22.661100722,T,TGT,I,17,88.16
2025-10-06,9:52:25.456639042,T,TGT,F I,43,88.15
2025-10-06,9:52:32.995272623,T,TGT,I,2,88.15
2025-10-06,9:52:33.562294937,T,TGT,F I,52,88.13
2025-10-06,9:52:33.562297511,T,TGT,F,100,88.13
2025-10-06,9:52:33.562300871,T,TGT,F I,20,88.13
2025-10-06,9:52:33.562321589,T,TGT,F I,10,88.13
2025-10-06,9:52:33.563235861,T,TGT,I,10,88.12
2025-10-06,9:52:35.211264259,T,TGT,,100,88.1
2025-10-06,9:52:38.582160279,T,TGT,F I,2,88.11
2025-10-06,9:52:45.732078751,T,TGT,I,1,88.12
2025-10-06,9:52:45.732099819,T,TGT,F I,72,88.12
2025-10-06,9:52:55.999774298,T,TGT,F I,1,88.1
2025-10-06,9:52:55.999777409,T,TGT,F I,9,88.1
2025-10-06,9:53:02.322957331,T,TGT,F I,70,88.14
2025-10-06,9:53:02.322960152,T,TGT,F I,20,88.14
2025-10-06,9:53:05.634380645,T,TGT,F I,70,88.14
2025-10-06,9:53:05.634510112,T,TGT,I,5,88.15
2025-10-06,9:53:11.458100405,T,TGT,,400,88.17
2025-10-06,9:53:11.458488495,T,TGT,F,200,88.17
2025-10-06,9:53:11.458737849,T,TGT,F I,33,88.19
2025-10-06,9:53:11.458882221,T,TGT,F I,4,88.18
2025-10-06,9:53:11.458903378,T,TGT,F I,24,88.18
2025-10-06,9:53:11.458903378,T,TGT,F I,7,88.18
2025-10-06,9:53:11.458906251,T,TGT,F I,13,88.18
2025-10-06,9:53:11.459318286,T,TGT,I,65,88.18
2025-10-06,9:53:11.459327340,T,TGT,I,8,88.18
2025-10-06,9:53:11.460728658,T,TGT,F I,14,88.17
2025-10-06,9:53:11.460728658,T,TGT,F I,20,88.17
2025-10-06,9:53:11.461576654,T,TGT,F I,14,88.16
2025-10-06,9:53:11.522297311,T,TGT,,100,88.15
2025-10-06,9:53:15.159859694,T,TGT,I,1,88.13
2025-10-06,9:53:15.159880797,T,TGT,I,1,88.13
2025-10-06,9:53:15.159907806,T,TGT,I,1,88.13
2025-10-06,9:53:15.580129108,T,TGT,F I,7,88.13
2025-10-06,9:53:15.580802603,T,TGT,I,27,88.13
2025-10-06,9:53:15.580808682,T,TGT,,100,88.13
2025-10-06,9:53:15.580808682,T,TGT,I,2,88.13
2025-10-06,9:53:15.584113524,T,TGT,I,29,88.13
2025-10-06,9:53:15.584137625,T,TGT,F I,7,88.13
2025-10-06,9:53:15.584489406,T,TGT,I,33,88.13
2025-10-06,9:53:15.584489406,T,TGT,I,2,88.13
2025-10-06,9:53:19.177888585,T,TGT,I,1,88.12
2025-10-06,9:53:19.177909593,T,TGT,F I,6,88.12
2025-10-06,9:53:22.812733103,T,TGT,I,2,88.13
2025-10-06,9:53:22.812733103,T,TGT,I,33,88.13
2025-10-06,9:53:22.812735728,T,TGT,I,28,88.13
2025-10-06,9:53:22.812735728,T,TGT,I,1,88.13
2025-10-06,9:53:22.812970099,T,TGT,F I,2,88.14
2025-10-06,9:53:22.812973074,T,TGT,F I,34,88.14
2025-10-06,9:53:22.863640777,T,TGT,F I,48,88.14
2025-10-06,9:53:27.673218872,T,TGT,F I,1,88.14
2025-10-06,9:53:27.673218872,T,TGT,F I,12,88.14
2025-10-06,9:53:27.673525267,T,TGT,F I,13,88.14
2025-10-06,9:53:27.673570651,T,TGT,I,8,88.14
2025-10-06,9:53:27.675894854,T,TGT,F I,12,88.14
2025-10-06,9:53:27.677185688,T,TGT,I,50,88.16
2025-10-06,9:53:27.677185688,T,TGT,I,5,88.16
2025-10-06,9:53:27.677190964,T,TGT,,145,88.16
2025-10-06,9:53:27.677236096,T,TGT,I,55,88.16
2025-10-06,9:53:28.459303530,T,TGT,I,15,88.17
2025-10-06,9:53:31.793608332,T,TGT,,100,88.2
2025-10-06,9:53:31.793608332,T,TGT,I,20,88.2
2025-10-06,9:53:31.793611319,T,TGT,,100,88.2
2025-10-06,9:53:37.415875143,T,TGT,F I,10,88.18
2025-10-06,9:53:37.415875143,T,TGT,F I,60,88.18
2025-10-06,9:53:44.601979074,T,TGT,F I,25,88.17
2025-10-06,9:53:44.602000636,T,TGT,F I,59,88.17
2025-10-06,9:53:44.602004245,T,TGT,F,100,88.17
2025-10-06,9:53:44.602006196,T,TGT,F I,92,88.17
2025-10-06,9:53:44.602009142,T,TGT,F I,10,88.17
2025-10-06,9:53:46.969958698,T,TGT,I,10,88.15
2025-10-06,9:53:47.747313845,T,TGT,F I,90,88.15
2025-10-06,9:53:47.747316777,T,TGT,F,100,88.16
2025-10-06,9:53:47.747316777,T,TGT,F I,45,88.16
2025-10-06,9:53:47.747334837,T,TGT,I,20,88.16
2025-10-06,9:53:47.747343825,T,TGT,I,8,88.16
2025-10-06,9:53:47.747365016,T,TGT,F I,27,88.16
2025-10-06,9:53:51.161928025,T,TGT,,100,88.16
2025-10-06,9:54:15.127546415,T,TGT,F I,18,88.15
2025-10-06,9:54:15.127570392,T,TGT,I,82,88.15
2025-10-06,9:54:15.127573427,T,TGT,I,10,88.15
2025-10-06,9:54:15.127907413,T,TGT,F I,1,88.15
2025-10-06,9:54:15.127910269,T,TGT,F I,20,88.15
2025-10-06,9:54:15.131636088,T,TGT,F I,28,88.17
2025-10-06,9:54:15.132505222,T,TGT,I,1,88.18
2025-10-06,9:54:15.200485357,T,TGT,I,2,88.18
2025-10-06,9:54:15.200485357,T,TGT,,100,88.18
2025-10-06,9:54:21.203834952,T,TGT,I,4,88.2
2025-10-06,9:54:21.203937113,T,TGT,I,79,88.2
2025-10-06,9:54:21.204755074,T,TGT,I,21,88.2
2025-10-06,9:54:21.204758165,T,TGT,I,14,88.21
2025-10-06,9:54:21.557044395,T,TGT,F I,26,88.19
2025-10-06,9:54:21.557066349,T,TGT,F I,83,88.19
2025-10-06,9:54:21.557066349,T,TGT,F I,20,88.19
2025-10-06,9:54:22.266903682,T,TGT,F I,1,88.18
2025-10-06,9:54:23.022501825,T,TGT,I,1,88.175
2025-10-06,9:54:23.941918408,T,TGT,F,100,88.17
2025-10-06,9:54:23.941918408,T,TGT,F I,10,88.17
2025-10-06,9:54:23.941960467,T,TGT,I,1,88.16
2025-10-06,9:54:23.942384460,T,TGT,,100,88.16
2025-10-06,9:54:23.942387450,T,TGT,,200,88.16
2025-10-06,9:54:24.371744377,T,TGT,,100,88.16
2025-10-06,9:54:49.001645655,T,TGT,I,1,88.16
2025-10-06,9:54:49.001666927,T,TGT,F I,99,88.16
2025-10-06,9:54:49.001666927,T,TGT,F I,53,88.16
2025-10-06,9:54:49.001669817,T,TGT,F I,10,88.16
2025-10-06,9:54:49.002036645,T,TGT,,100,88.15
2025-10-06,9:54:53.111350928,T,TGT,I,4,88.14
2025-10-06,9:54:53.904626145,T,TGT,F I,14,88.16
2025-10-06,9:54:53.904626145,T,TGT,F I,20,88.16
2025-10-06,9:54:53.904628927,T,TGT,F I,60,88.16
2025-10-06,9:55:06.044401658,T,TGT,I,82,88.16
2025-10-06,9:55:06.490321990,T,TGT,I,18,88.16
2025-10-06,9:55:15.695790781,T,TGT,I,10,88.155
2025-10-06,9:55:19.436640265,T,TGT,,100,88.15
2025-10-06,9:55:19.436643227,T,TGT,,255,88.15
2025-10-06,9:55:19.436658268,T,TGT,F,645,88.15
2025-10-06,9:55:19.436679301,T,TGT,I,1,88.15
2025-10-06,9:55:19.436685331,T,TGT,F I,9,88.15
2025-10-06,9:55:26.031718841,T,TGT,,200,88.17
2025-10-06,9:55:26.032209083,T,TGT,F,400,88.17
2025-10-06,9:55:26.032227138,T,TGT,F I,47,88.17
2025-10-06,9:55:26.034278040,T,TGT,F I,49,88.18
2025-10-06,9:55:26.034278040,T,TGT,F,100,88.18
2025-10-06,9:55:26.065146505,T,TGT,I,1,88.19
2025-10-06,9:55:29.555150295,T,TGT,F I,1,88.175
2025-10-06,9:55:29.555255555,T,TGT,F I,1,88.175
2025-10-06,9:55:31.489782462,T,TGT,I,1,88.17
2025-10-06,9:55:40.302085599,T,TGT,I,10,88.17
2025-10-06,9:55:40.371677351,T,TGT,F I,20,88.16
