DATE,TIME_M,EX,SYM_ROOT,TR_SCOND,SIZE,PRICE
2025-10-31,9:30:00.820954273,T,TGT,I,15,92.55
2025-10-31,9:30:00.820960329,T,TGT,Q,15,92.55
2025-10-31,9:30:00.822118117,T,TGT,F I,75,92.5
2025-10-31,9:30:00.822121158,T,TGT,F I,1,92.5
2025-10-31,9:30:00.822124091,T,TGT,F I,1,92.5
2025-10-31,9:30:00.822130135,T,TGT,F I,10,92.5
2025-10-31,9:30:00.822136471,T,TGT,F I,2,92.5
2025-10-31,9:30:00.822136471,T,TGT,F I,1,92.5
2025-10-31,9:30:00.822139633,T,TGT,F I,1,92.5
2025-10-31,9:30:00.822139633,T,TGT,F I,9,92.5
2025-10-31,9:30:00.822142440,T,TGT,F I,91,92.5
2025-10-31,9:30:00.822145203,T,TGT,F I,1,92.5
2025-10-31,9:30:01.130211144,T,TGT,I,2,92.48
2025-10-31,9:30:02.328939048,T,TGT,I,20,92.4
2025-10-31,9:30:02.328939048,T,TGT,I,2,92.4
2025-10-31,9:30:02.328942077,T,TGT,F I,15,92.38
2025-10-31,9:30:04.306297076,T,TGT,F,100,92.31
2025-10-31,9:30:05.300447695,T,TGT,F I,8,92.25
2025-10-31,9:30:05.301043397,T,TGT,F I,50,92.25
2025-10-31,9:30:05.301043397,T,TGT,I,17,92.25
2025-10-31,9:30:10.059243450,T,TGT,I,1,92.32
2025-10-31,9:30:30.849428947,T,TGT,I,16,92.13
2025-10-31,9:30:30.849534291,T,TGT,F I,10,92.13
2025-10-31,9:30:30.850583764,T,TGT,I,10,92.12
2025-10-31,9:30:30.850583764,T,TGT,I,6,92.11
2025-10-31,9:30:30.851804606,T,TGT,I,1,92.1
2025-10-31,9:30:30.851807607,T,TGT,I,20,92.1
2025-10-31,9:30:30.851810673,T,TGT,I,2,92.1
2025-10-31,9:30:30.855876427,T,TGT,I,5,92.06
2025-10-31,9:30:30.856276306,T,TGT,I,5,92.06
2025-10-31,9:30:30.856940926,T,TGT,I,13,92.05
2025-10-31,9:30:30.857031052,T,TGT,I,4,92.1
2025-10-31,9:30:30.857034068,T,TGT,I,50,92.1
2025-10-31,9:30:30.857062079,T,TGT,,146,92.1
2025-10-31,9:30:30.858002394,T,TGT,I,85,92.1
2025-10-31,9:30:30.858005428,T,TGT,I,4,92.1
2025-10-31,9:30:30.859334627,T,TGT,,100,92.12
2025-10-31,9:30:59.702150720,T,TGT,,100,92.07
2025-10-31,9:30:59.703982033,T,TGT,,100,92.04
2025-10-31,9:30:59.705909606,T,TGT,,100,92.04
2025-10-31,9:30:59.707172608,T,TGT,,100,92.02
2025-10-31,9:30:59.708240395,T,TGT,,100,92.01
2025-10-31,9:30:59.708243224,T,TGT,,240,92.01
2025-10-31,9:30:59.708243224,T,TGT,I,75,92.0
2025-10-31,9:30:59.708246235,T,TGT,I,2,92.0
2025-10-31,9:30:59.708246235,T,TGT,I,31,92.0
2025-10-31,9:30:59.716789572,T,TGT,I,50,92.0
2025-10-31,9:31:02.325655154,T,TGT,F I,31,92.07
2025-10-31,9:31:03.325290829,T,TGT,,100,92.07
2025-10-31,9:31:03.325318029,T,TGT,I,72,92.08
2025-10-31,9:31:03.325338935,T,TGT,I,1,92.08
2025-10-31,9:31:54.335309303,T,TGT,I,11,92.14
2025-10-31,9:31:54.364734457,T,TGT,I,1,92.14
2025-10-31,9:31:54.365907235,T,TGT,I,2,92.14
2025-10-31,9:31:54.365907235,T,TGT,I,10,92.14
2025-10-31,9:31:55.000566343,T,TGT,,100,92.14
2025-10-31,9:31:55.007161031,T,TGT,,200,92.14
2025-10-31,9:32:02.326752992,T,TGT,I,86,92.1
2025-10-31,9:32:02.327074721,T,TGT,I,25,92.1
2025-10-31,9:32:07.374383900,T,TGT,F I,43,92.09
2025-10-31,9:32:07.374898156,T,TGT,I,39,92.02
2025-10-31,9:32:07.377156635,T,TGT,I,61,92.03
2025-10-31,9:32:08.497340424,T,TGT,I,26,92.02
2025-10-31,9:32:08.497343335,T,TGT,I,35,92.02
2025-10-31,9:32:08.497409474,T,TGT,F,150,92.01
2025-10-31,9:32:10.912117529,T,TGT,I,34,92.14
2025-10-31,9:32:10.912126573,T,TGT,I,29,92.14
2025-10-31,9:32:44.844367283,T,TGT,I,25,92.01
2025-10-31,9:32:44.844367283,T,TGT,I,75,92.0
2025-10-31,9:32:44.844379492,T,TGT,I,1,92.0
2025-10-31,9:32:44.844401219,T,TGT,I,43,92.0
2025-10-31,9:32:44.844403467,T,TGT,I,1,92.0
2025-10-31,9:32:44.844406636,T,TGT,I,1,92.0
2025-10-31,9:32:44.844406636,T,TGT,I,1,92.0
2025-10-31,9:32:44.844415348,T,TGT,I,2,92.0
2025-10-31,9:32:44.844415348,T,TGT,I,10,92.0
2025-10-31,9:32:44.844418399,T,TGT,I,50,92.0
2025-10-31,9:32:44.844418399,T,TGT,I,52,92.0
2025-10-31,9:32:44.844424559,T,TGT,I,57,92.0
2025-10-31,9:32:44.844427381,T,TGT,I,13,92.0
2025-10-31,9:32:44.844430692,T,TGT,I,10,92.0
2025-10-31,9:32:44.844430692,T,TGT,I,10,92.0
2025-10-31,9:32:44.844434074,T,TGT,I,20,92.0
2025-10-31,9:32:44.844434074,T,TGT,I,1,92.0
2025-10-31,9:32:44.844439534,T,TGT,I,10,92.0
2025-10-31,9:32:44.844439534,T,TGT,I,5,92.0
2025-10-31,9:32:44.844439534,T,TGT,I,40,92.0
2025-10-31,9:32:44.844442529,T,TGT,I,10,92.0
2025-10-31,9:32:44.844445577,T,TGT,I,1,92.0
2025-10-31,9:32:44.844445577,T,TGT,I,2,92.0
2025-10-31,9:32:44.844448488,T,TGT,I,2,92.0
2025-10-31,9:32:44.844448488,T,TGT,I,5,92.0
2025-10-31,9:32:44.844451516,T,TGT,I,2,92.0
2025-10-31,9:32:44.844454441,T,TGT,I,78,92.0
2025-10-31,9:33:13.590656469,T,TGT,I,3,92.01
2025-10-31,9:33:13.594292874,T,TGT,F I,22,92.0
2025-10-31,9:33:13.594292874,T,TGT,F I,1,92.0
2025-10-31,9:33:13.594295988,T,TGT,F I,5,92.0
2025-10-31,9:33:13.594295988,T,TGT,F I,1,92.0
2025-10-31,9:33:13.594298124,T,TGT,F I,71,92.0
2025-10-31,9:33:13.594320056,T,TGT,I,29,92.0
2025-10-31,9:33:13.594320056,T,TGT,I,1,92.0
2025-10-31,9:33:13.594325560,T,TGT,I,4,92.0
2025-10-31,9:33:13.594325560,T,TGT,,100,92.0
2025-10-31,9:33:13.596427185,T,TGT,I,14,91.9
2025-10-31,9:33:13.616046782,T,TGT,F I,10,91.895
2025-10-31,9:33:13.616049232,T,TGT,F I,40,91.895
2025-10-31,9:33:13.616079569,T,TGT,F I,22,91.92
2025-10-31,9:33:13.616082084,T,TGT,F I,10,91.92
2025-10-31,9:33:13.616094056,T,TGT,F I,5,91.92
2025-10-31,9:33:13.616109125,T,TGT,F I,5,91.92
2025-10-31,9:33:13.616136139,T,TGT,F I,10,91.92
2025-10-31,9:33:13.616172233,T,TGT,F I,10,91.92
2025-10-31,9:33:13.616208381,T,TGT,F I,20,91.92
2025-10-31,9:33:13.616232430,T,TGT,F I,2,91.92
2025-10-31,9:33:13.616244425,T,TGT,F I,3,91.92
2025-10-31,9:33:13.616259627,T,TGT,F I,2,91.92
2025-10-31,9:33:13.616346724,T,TGT,F I,33,91.92
2025-10-31,9:33:13.616349724,T,TGT,F I,17,91.97
2025-10-31,9:33:13.616358837,T,TGT,F I,50,91.97
2025-10-31,9:33:13.617137618,T,TGT,F I,33,91.98
2025-10-31,9:33:13.617152638,T,TGT,F I,17,91.98
2025-10-31,9:33:13.617164608,T,TGT,F I,44,91.98
2025-10-31,9:33:13.618698265,T,TGT,F I,1,91.9
2025-10-31,9:33:13.618698265,T,TGT,F I,15,91.9
2025-10-31,9:33:13.618701323,T,TGT,F I,47,91.9
2025-10-31,9:33:13.618704278,T,TGT,F I,2,91.9
2025-10-31,9:33:13.620069573,T,TGT,F I,10,91.85
2025-10-31,9:33:13.620526894,T,TGT,F I,1,91.82
2025-10-31,9:33:13.620643925,T,TGT,F I,5,91.81
2025-10-31,9:33:13.620794278,T,TGT,F I,4,91.8
2025-10-31,9:33:13.620794278,T,TGT,F I,1,91.8
2025-10-31,9:33:13.622012449,T,TGT,F I,95,91.76
2025-10-31,9:33:13.622015214,T,TGT,F I,49,91.75
2025-10-31,9:33:13.622037096,T,TGT,I,26,91.75
2025-10-31,9:33:13.622039346,T,TGT,I,2,91.75
2025-10-31,9:33:13.622042299,T,TGT,I,1,91.75
2025-10-31,9:33:13.622046373,T,TGT,I,40,91.75
2025-10-31,9:33:13.622051875,T,TGT,,100,91.75
2025-10-31,9:33:13.622051875,T,TGT,I,75,91.75
2025-10-31,9:33:13.622051875,T,TGT,I,75,91.75
2025-10-31,9:33:13.624225418,T,TGT,I,75,91.735
2025-10-31,9:33:13.624291777,T,TGT,I,25,91.74
2025-10-31,9:33:13.701407409,T,TGT,F I,25,91.77
2025-10-31,9:33:13.701407409,T,TGT,F I,75,91.79
2025-10-31,9:33:13.701425645,T,TGT,I,1,91.79
2025-10-31,9:33:13.701425645,T,TGT,I,1,91.79
2025-10-31,9:33:13.702105058,T,TGT,F I,1,91.76
2025-10-31,9:33:13.722106463,T,TGT,F,100,91.765
2025-10-31,9:33:13.722106463,T,TGT,F I,25,91.75
2025-10-31,9:33:13.722112064,T,TGT,F I,7,91.74
2025-10-31,9:33:13.722112064,T,TGT,F I,75,91.74
2025-10-31,9:33:13.722115211,T,TGT,F I,75,91.74
2025-10-31,9:33:13.722115211,T,TGT,F I,50,91.74
2025-10-31,9:33:13.722118369,T,TGT,F I,25,91.74
2025-10-31,9:33:13.722120726,T,TGT,F I,25,91.74
2025-10-31,9:33:13.722120726,T,TGT,F,650,91.74
2025-10-31,9:33:13.722123838,T,TGT,I,50,91.79
2025-10-31,9:33:13.722123838,T,TGT,I,31,91.79
2025-10-31,9:33:13.722133120,T,TGT,F I,25,91.74
2025-10-31,9:33:13.722133120,T,TGT,F I,19,91.74
2025-10-31,9:33:13.722135764,T,TGT,I,1,91.74
2025-10-31,9:33:13.722169549,T,TGT,F I,39,91.76
2025-10-31,9:33:13.722169549,T,TGT,F I,80,91.74
2025-10-31,9:33:13.722171836,T,TGT,F I,80,91.74
2025-10-31,9:33:13.757087959,T,TGT,F I,40,91.69
2025-10-31,9:33:13.757139477,T,TGT,F,120,91.68
2025-10-31,9:33:13.757142100,T,TGT,F,100,91.68
2025-10-31,9:33:13.759069718,T,TGT,F I,2,91.65
2025-10-31,9:33:13.763709728,T,TGT,I,50,91.64
2025-10-31,9:33:13.807602323,T,TGT,F I,1,91.63
2025-10-31,9:33:13.822286311,T,TGT,F I,50,91.63
2025-10-31,9:33:13.823808041,T,TGT,,113,91.62
2025-10-31,9:33:13.824045498,T,TGT,F I,14,91.62
2025-10-31,9:33:13.824045498,T,TGT,F I,86,91.61
2025-10-31,9:33:13.824126761,T,TGT,,100,91.61
2025-10-31,9:33:13.832309262,T,TGT,I,9,91.63
2025-10-31,9:33:13.834014330,T,TGT,F,100,91.6
2025-10-31,9:33:13.835238174,T,TGT,I,50,91.6
2025-10-31,9:33:14.594417855,T,TGT,F I,37,91.6
2025-10-31,9:33:14.594478092,T,TGT,I,3,91.57
2025-10-31,9:33:14.594478092,T,TGT,I,5,91.56
2025-10-31,9:33:14.594637383,T,TGT,I,25,91.59
2025-10-31,9:33:14.594640380,T,TGT,F I,5,91.59
2025-10-31,9:33:14.594658484,T,TGT,F I,70,91.59
2025-10-31,9:33:14.594911028,T,TGT,F I,9,91.55
2025-10-31,9:33:14.594920117,T,TGT,F I,22,91.55
2025-10-31,9:33:14.657535262,T,TGT,F I,25,91.63
2025-10-31,9:33:14.657556443,T,TGT,F I,50,91.63
2025-10-31,9:33:14.657568338,T,TGT,F I,75,91.63
2025-10-31,9:33:14.805157018,T,TGT,,100,91.625
2025-10-31,9:33:19.899922611,T,TGT,F I,75,91.73
2025-10-31,9:33:19.899934521,T,TGT,F I,25,91.73
2025-10-31,9:33:19.899934521,T,TGT,F I,4,91.74
2025-10-31,9:33:19.899937428,T,TGT,F I,75,91.74
2025-10-31,9:33:19.899956286,T,TGT,F I,25,91.74
2025-10-31,9:33:19.899961531,T,TGT,I,1,91.74
2025-10-31,9:33:19.899961531,T,TGT,I,1,91.74
2025-10-31,9:33:19.899964474,T,TGT,F I,32,91.74
2025-10-31,9:33:19.899979833,T,TGT,F I,66,91.74
2025-10-31,9:33:19.899979833,T,TGT,F I,6,91.74
2025-10-31,9:33:19.899982709,T,TGT,F I,94,91.74
2025-10-31,9:33:19.899982709,T,TGT,F I,6,91.74
2025-10-31,9:33:19.899986438,T,TGT,F I,94,91.74
2025-10-31,9:33:19.899988642,T,TGT,F I,4,91.74
2025-10-31,9:33:19.899992166,T,TGT,F I,6,91.74
2025-10-31,9:33:19.900012615,T,TGT,F I,4,91.75
2025-10-31,9:33:19.900015578,T,TGT,F I,76,91.75
2025-10-31,9:33:19.900025113,T,TGT,F I,11,91.75
2025-10-31,9:33:19.900030678,T,TGT,F I,13,91.75
2025-10-31,9:33:19.900078751,T,TGT,F I,58,91.76
2025-10-31,9:33:19.900081814,T,TGT,F I,42,91.76
2025-10-31,9:33:20.079964363,T,TGT,I,5,91.85
2025-10-31,9:33:20.080090584,T,TGT,F I,5,91.83
2025-10-31,9:33:21.130520163,T,TGT,F I,75,91.795
2025-10-31,9:33:29.299651027,T,TGT,F,100,91.93
2025-10-31,9:33:29.299651027,T,TGT,F I,50,91.93
2025-10-31,9:33:29.299654097,T,TGT,F,150,91.93
2025-10-31,9:33:29.299666099,T,TGT,I,1,91.93
2025-10-31,9:33:29.299687947,T,TGT,F I,49,91.93
2025-10-31,9:33:29.299687947,T,TGT,F I,1,91.93
2025-10-31,9:33:29.299690146,T,TGT,F I,9,91.93
2025-10-31,9:33:29.299696221,T,TGT,F I,10,91.96
2025-10-31,9:33:29.299696221,T,TGT,F,100,91.96
2025-10-31,9:33:29.299699146,T,TGT,F I,49,91.96
2025-10-31,9:33:29.299702907,T,TGT,F I,40,91.96
2025-10-31,9:33:29.299711129,T,TGT,,100,91.92
2025-10-31,9:33:29.299717293,T,TGT,F,100,91.92
2025-10-31,9:33:29.299729241,T,TGT,I,1,91.93
2025-10-31,9:33:29.300316429,T,TGT,F I,50,91.95
2025-10-31,9:33:29.300321744,T,TGT,F I,25,91.95
2025-10-31,9:33:29.300321744,T,TGT,F I,25,91.95
2025-10-31,9:33:29.300321744,T,TGT,,150,91.95
2025-10-31,9:33:29.300462979,T,TGT,F,100,91.91
2025-10-31,9:33:29.301407277,T,TGT,I,47,91.91
2025-10-31,9:33:29.301428250,T,TGT,,356,91.91
2025-10-31,9:33:38.151155869,T,TGT,F I,75,91.97
2025-10-31,9:33:38.151219011,T,TGT,F I,12,91.99
2025-10-31,9:33:38.151285099,T,TGT,F,128,92.0
2025-10-31,9:33:38.152027869,T,TGT,I,25,91.99
2025-10-31,9:33:38.152030956,T,TGT,I,25,91.99
2025-10-31,9:33:38.152470086,T,TGT,F I,50,92.02
2025-10-31,9:33:44.733772966,T,TGT,F I,4,92.0
2025-10-31,9:33:44.733787914,T,TGT,F,100,92.0
2025-10-31,9:33:44.733806673,T,TGT,I,1,92.0
2025-10-31,9:33:44.733809411,T,TGT,F I,10,92.0
2025-10-31,9:33:44.733811959,T,TGT,I,89,92.0
2025-10-31,9:33:44.734281131,T,TGT,F,200,92.06
2025-10-31,9:33:46.274439590,T,TGT,F I,75,92.025
2025-10-31,9:33:46.274487623,T,TGT,I,25,92.025
2025-10-31,9:33:46.279380359,T,TGT,I,10,92.0
2025-10-31,9:33:49.707938866,T,TGT,I,8,91.94
2025-10-31,9:34:03.648170477,T,TGT,I,3,91.95
2025-10-31,9:34:03.648194545,T,TGT,F,100,91.95
2025-10-31,9:34:03.648212557,T,TGT,I,1,91.95
2025-10-31,9:34:03.648230588,T,TGT,F I,96,91.95
2025-10-31,9:34:09.720598042,T,TGT,F I,75,92.07
2025-10-31,9:34:09.720706265,T,TGT,F I,1,92.11
2025-10-31,9:34:09.720805537,T,TGT,F I,67,92.11
2025-10-31,9:34:09.820760680,T,TGT,I,67,92.14
2025-10-31,9:34:09.820760680,T,TGT,I,68,92.16
2025-10-31,9:34:09.820781886,T,TGT,F I,67,92.16
2025-10-31,9:34:09.820781886,T,TGT,I,1,92.16
2025-10-31,9:34:09.820781886,T,TGT,F I,9,92.16
2025-10-31,9:34:09.821681522,T,TGT,I,50,92.17
2025-10-31,9:34:09.920815050,T,TGT,F I,52,92.14
2025-10-31,9:34:09.920830060,T,TGT,F I,28,92.14
2025-10-31,9:34:09.920830060,T,TGT,F I,2,92.13
2025-10-31,9:34:09.920830060,T,TGT,F I,50,92.13
2025-10-31,9:34:16.526560345,T,TGT,,100,92.02
2025-10-31,9:34:16.526579129,T,TGT,F,100,92.02
2025-10-31,9:34:16.526579129,T,TGT,F,100,92.02
2025-10-31,9:34:16.526600349,T,TGT,I,82,92.08
2025-10-31,9:34:16.526620520,T,TGT,I,1,92.02
2025-10-31,9:34:16.526626522,T,TGT,F I,99,92.02
2025-10-31,9:34:16.526654085,T,TGT,I,38,92.05
2025-10-31,9:34:16.526657287,T,TGT,I,30,92.07
2025-10-31,9:34:16.526677549,T,TGT,F,147,92.08
2025-10-31,9:34:16.526981527,T,TGT,F I,30,92.02
2025-10-31,9:34:16.526984379,T,TGT,F I,34,92.02
2025-10-31,9:34:16.527032434,T,TGT,I,11,92.06
2025-10-31,9:34:16.527098635,T,TGT,F I,15,92.08
2025-10-31,9:34:16.527119625,T,TGT,I,25,92.08
2025-10-31,9:34:16.527176862,T,TGT,F I,15,92.08
2025-10-31,9:34:16.527185840,T,TGT,F I,74,92.08
2025-10-31,9:34:16.527715072,T,TGT,F I,11,92.04
2025-10-31,9:34:16.527718044,T,TGT,F I,30,92.04
2025-10-31,9:34:16.527751207,T,TGT,F I,15,92.05
2025-10-31,9:34:16.528024817,T,TGT,F I,5,92.06
2025-10-31,9:34:16.528292433,T,TGT,I,15,92.05
2025-10-31,9:34:16.528406772,T,TGT,I,30,92.08
2025-10-31,9:34:16.532791198,T,TGT,I,28,92.0
2025-10-31,9:34:21.927130281,T,TGT,,100,92.05
2025-10-31,9:34:23.796467797,T,TGT,F I,75,92.03
2025-10-31,9:34:31.910672842,T,TGT,F I,75,91.97
2025-10-31,9:34:31.955278194,T,TGT,F I,25,91.96
2025-10-31,9:34:31.955278194,T,TGT,F I,25,91.96
2025-10-31,9:34:42.267789773,T,TGT,F I,25,91.96
2025-10-31,9:34:47.113805398,T,TGT,F I,10,91.8
2025-10-31,9:34:47.113808804,T,TGT,F I,5,91.8
2025-10-31,9:34:47.114951107,T,TGT,F I,5,91.77
2025-10-31,9:34:51.424503683,T,TGT,F I,75,91.72
2025-10-31,9:34:51.424542929,T,TGT,F I,25,91.72
2025-10-31,9:34:51.424542929,T,TGT,F I,25,91.71
2025-10-31,9:34:57.000484422,T,TGT,F,100,91.66
2025-10-31,9:34:57.000487437,T,TGT,F I,50,91.66
2025-10-31,9:34:58.090993540,T,TGT,F I,1,91.58
2025-10-31,9:34:59.454532250,T,TGT,F I,75,91.6
2025-10-31,9:35:01.118402470,T,TGT,F I,1,91.56
2025-10-31,9:35:05.350547484,T,TGT,F I,75,91.63
2025-10-31,9:35:05.350592625,T,TGT,F I,75,91.63
2025-10-31,9:35:05.431752948,T,TGT,F I,10,91.63
2025-10-31,9:35:08.334418727,T,TGT,F I,1,91.7
2025-10-31,9:35:08.334430554,T,TGT,F I,49,91.7
2025-10-31,9:35:08.334436552,T,TGT,F I,1,91.7
2025-10-31,9:35:12.718148757,T,TGT,I,5,91.71
2025-10-31,9:35:22.784352687,T,TGT,I,75,91.665
2025-10-31,9:35:26.502095174,T,TGT,F I,1,91.59
2025-10-31,9:35:27.374795384,T,TGT,F I,50,91.61
2025-10-31,9:35:27.374852470,T,TGT,F I,50,91.63
2025-10-31,9:35:27.374894608,T,TGT,I,5,91.63
2025-10-31,9:35:28.436640172,T,TGT,I,20,91.68
2025-10-31,9:35:30.178804940,T,TGT,F I,20,91.69
2025-10-31,9:35:30.180287407,T,TGT,F I,1,91.7
2025-10-31,9:35:30.542275312,T,TGT,F,200,91.74
2025-10-31,9:35:30.542278116,T,TGT,F I,29,91.74
2025-10-31,9:35:30.542278116,T,TGT,F I,1,91.74
2025-10-31,9:35:30.542548593,T,TGT,I,2,91.78
2025-10-31,9:35:30.544608441,T,TGT,F I,75,91.79
2025-10-31,9:35:30.544653517,T,TGT,F I,25,91.79
2025-10-31,9:35:30.563854328,T,TGT,F I,15,91.8
2025-10-31,9:35:51.828146457,T,TGT,,100,91.865
2025-10-31,9:35:51.828170569,T,TGT,F I,75,91.865
2025-10-31,9:36:12.720942626,T,TGT,I,30,91.93
2025-10-31,9:36:12.720942626,T,TGT,I,28,91.93
2025-10-31,9:36:16.056152801,T,TGT,F I,75,91.89
2025-10-31,9:36:16.056197971,T,TGT,F I,25,91.89
2025-10-31,9:36:29.453741622,T,TGT,I,10,91.94
2025-10-31,9:36:29.453741622,T,TGT,I,45,91.94
2025-10-31,9:36:37.428167546,T,TGT,F,124,91.94
2025-10-31,9:36:37.428170603,T,TGT,F I,31,91.94
2025-10-31,9:36:37.428693832,T,TGT,F I,88,91.95
2025-10-31,9:36:37.428693832,T,TGT,F I,4,91.95
2025-10-31,9:36:37.429135885,T,TGT,F I,6,91.97
2025-10-31,9:36:53.826241890,T,TGT,F I,1,92.03
2025-10-31,9:36:53.826314040,T,TGT,F I,12,92.04
2025-10-31,9:36:53.826317074,T,TGT,F I,1,92.04
2025-10-31,9:36:57.954393281,T,TGT,,100,91.985
2025-10-31,9:36:58.946417727,T,TGT,I,84,91.97
2025-10-31,9:37:00.539135451,T,TGT,I,1,91.97
2025-10-31,9:37:02.715002376,T,TGT,F I,5,92.04
2025-10-31,9:37:03.830759768,T,TGT,F I,5,92.04
2025-10-31,9:37:03.830838327,T,TGT,,200,92.07
2025-10-31,9:37:03.830840900,T,TGT,I,11,92.07
2025-10-31,9:37:03.830840900,T,TGT,I,3,92.07
2025-10-31,9:37:03.856597669,T,TGT,F I,3,92.09
2025-10-31,9:37:03.856597669,T,TGT,F,100,92.09
2025-10-31,9:37:03.856618449,T,TGT,I,1,92.09
2025-10-31,9:37:03.856621303,T,TGT,I,74,92.09
2025-10-31,9:37:03.856642469,T,TGT,F I,25,92.09
2025-10-31,9:37:03.856645412,T,TGT,F I,25,92.09
2025-10-31,9:37:03.856648419,T,TGT,F I,25,92.09
2025-10-31,9:37:03.856687538,T,TGT,F I,25,92.09
2025-10-31,9:37:03.856693439,T,TGT,F I,25,92.09
2025-10-31,9:37:03.863221989,T,TGT,I,25,92.08
2025-10-31,9:37:03.863225421,T,TGT,,100,92.07
2025-10-31,9:37:03.863225421,T,TGT,I,23,92.07
2025-10-31,9:37:03.863228047,T,TGT,I,2,92.07
2025-10-31,9:37:03.863246058,T,TGT,I,1,92.07
2025-10-31,9:37:03.863267133,T,TGT,I,23,92.09
2025-10-31,9:37:03.863850609,T,TGT,F I,8,92.08
2025-10-31,9:37:03.863907638,T,TGT,F,100,92.07
2025-10-31,9:37:12.469083607,T,TGT,F I,25,92.09
2025-10-31,9:37:20.547584760,T,TGT,F I,20,92.08
2025-10-31,9:37:23.637644744,T,TGT,F I,1,92.11
2025-10-31,9:37:23.637647854,T,TGT,F I,62,92.11
2025-10-31,9:37:23.637668837,T,TGT,F,138,92.11
2025-10-31,9:37:23.638453730,T,TGT,I,50,92.12
2025-10-31,9:37:23.638625123,T,TGT,I,5,92.13
2025-10-31,9:37:28.187352506,T,TGT,I,10,92.1
2025-10-31,9:37:28.187379548,T,TGT,F I,75,92.1
2025-10-31,9:37:53.597968333,T,TGT,F I,55,92.11
2025-10-31,9:38:00.637356267,T,TGT,I,35,92.14
2025-10-31,9:38:00.637358981,T,TGT,I,75,92.15
2025-10-31,9:38:00.637373808,T,TGT,F I,25,92.15
2025-10-31,9:38:00.637376761,T,TGT,F I,10,92.15
2025-10-31,9:38:00.637912042,T,TGT,F,100,92.16
2025-10-31,9:38:03.561576620,T,TGT,I,5,92.13
2025-10-31,9:38:03.593666114,T,TGT,I,1,92.1
2025-10-31,9:38:20.124970084,T,TGT,I,2,92.06
2025-10-31,9:38:20.125475290,T,TGT,,100,92.05
2025-10-31,9:38:20.125487309,T,TGT,I,14,92.05
2025-10-31,9:38:20.125493723,T,TGT,I,14,92.05
2025-10-31,9:38:20.125493723,T,TGT,I,15,92.05
2025-10-31,9:38:20.125499343,T,TGT,I,35,92.05
2025-10-31,9:38:20.125499343,T,TGT,I,1,92.05
2025-10-31,9:38:20.125499343,T,TGT,I,10,92.05
2025-10-31,9:38:20.125508289,T,TGT,I,11,92.05
2025-10-31,9:38:20.125508289,T,TGT,I,13,92.05
2025-10-31,9:38:20.125520381,T,TGT,I,1,92.05
2025-10-31,9:38:20.125529328,T,TGT,I,41,92.05
2025-10-31,9:38:20.201306944,T,TGT,F,100,92.09
2025-10-31,9:38:20.201306944,T,TGT,F I,7,92.09
2025-10-31,9:38:34.408881528,T,TGT,,100,92.075
2025-10-31,9:38:34.434222959,T,TGT,F I,1,92.08
2025-10-31,9:38:38.503454797,T,TGT,I,1,92.04
2025-10-31,9:38:38.503496929,T,TGT,F I,5,92.03
2025-10-31,9:38:38.503897407,T,TGT,F I,12,92.02
2025-10-31,9:38:38.504396112,T,TGT,F I,10,92.0
2025-10-31,9:38:38.504498278,T,TGT,I,26,92.02
2025-10-31,9:38:38.504919368,T,TGT,F I,4,91.99
2025-10-31,9:38:52.388228400,T,TGT,I,75,91.935
2025-10-31,9:38:52.388276321,T,TGT,I,75,91.935
2025-10-31,9:38:52.388324420,T,TGT,I,50,91.935
2025-10-31,9:38:54.337562454,T,TGT,I,25,91.94
2025-10-31,9:38:54.337836151,T,TGT,I,19,91.94
2025-10-31,9:38:54.337872381,T,TGT,F I,37,91.94
2025-10-31,9:38:54.359171900,T,TGT,F,315,91.94
2025-10-31,9:38:54.359196284,T,TGT,F,104,91.94
2025-10-31,9:38:54.359196284,T,TGT,F I,25,91.94
2025-10-31,9:38:54.359199013,T,TGT,F I,50,91.94
2025-10-31,9:38:54.359199013,T,TGT,F I,23,91.94
2025-10-31,9:38:54.359202037,T,TGT,I,1,91.94
2025-10-31,9:39:05.474010106,T,TGT,F I,7,91.925
2025-10-31,9:39:20.499999668,T,TGT,I,50,91.98
2025-10-31,9:39:20.500011691,T,TGT,I,25,91.98
2025-10-31,9:39:20.500020747,T,TGT,I,25,91.97
2025-10-31,9:39:22.529083964,T,TGT,F I,50,91.96
2025-10-31,9:39:28.057876393,T,TGT,F I,75,91.94
2025-10-31,9:39:28.544976864,T,TGT,F I,9,91.93
2025-10-31,9:39:28.544976864,T,TGT,F I,1,91.93
2025-10-31,9:39:28.544982925,T,TGT,F I,10,91.93
2025-10-31,9:39:28.547602093,T,TGT,F,248,91.92
2025-10-31,9:39:28.547623190,T,TGT,I,1,91.92
2025-10-31,9:39:28.547626137,T,TGT,I,11,91.92
2025-10-31,9:39:28.547905835,T,TGT,I,75,91.89
2025-10-31,9:39:28.630163799,T,TGT,,200,91.925
2025-10-31,9:39:31.433947932,T,TGT,F I,75,91.94
2025-10-31,9:39:45.828267653,T,TGT,F I,80,91.99
2025-10-31,9:39:45.828282759,T,TGT,I,1,91.99
2025-10-31,9:39:45.828286027,T,TGT,F I,19,91.99
2025-10-31,9:39:45.828319090,T,TGT,F I,2,92.0
2025-10-31,9:39:45.828319090,T,TGT,F I,10,92.0
2025-10-31,9:39:45.828468843,T,TGT,F I,1,92.03
2025-10-31,9:39:45.828826717,T,TGT,F,100,92.03
2025-10-31,9:39:45.828844702,T,TGT,I,1,92.03
2025-10-31,9:39:45.828853852,T,TGT,I,99,92.03
2025-10-31,9:39:45.829897302,T,TGT,I,32,92.05
2025-10-31,9:39:45.848568762,T,TGT,I,75,92.04
2025-10-31,9:39:45.848568762,T,TGT,I,14,92.03
2025-10-31,9:39:46.037223570,T,TGT,F I,43,92.03
2025-10-31,9:39:46.037223570,T,TGT,F I,32,92.03
2025-10-31,9:39:54.067579444,T,TGT,F,100,92.1
2025-10-31,9:40:06.712051235,T,TGT,F I,7,92.15
2025-10-31,9:40:06.712053866,T,TGT,F,100,92.15
2025-10-31,9:40:06.712056924,T,TGT,F I,5,92.15
2025-10-31,9:40:06.794940421,T,TGT,I,50,92.15
2025-10-31,9:40:06.794949430,T,TGT,I,50,92.15
2025-10-31,9:40:13.617246552,T,TGT,F I,1,92.06
2025-10-31,9:40:13.617249556,T,TGT,F,251,92.06
2025-10-31,9:40:13.617264643,T,TGT,F,449,92.06
2025-10-31,9:40:13.617267595,T,TGT,F I,75,92.06
2025-10-31,9:40:13.623561634,T,TGT,F I,75,92.06
2025-10-31,9:40:29.072580932,T,TGT,F I,25,92.02
2025-10-31,9:40:29.072583979,T,TGT,F I,50,92.02
2025-10-31,9:40:29.269685517,T,TGT,I,5,92.0
2025-10-31,9:40:29.270088470,T,TGT,I,27,91.99
2025-10-31,9:40:32.084469743,T,TGT,F I,20,92.0
2025-10-31,9:40:32.084638180,T,TGT,I,20,92.0
2025-10-31,9:40:32.084644205,T,TGT,I,20,92.0
2025-10-31,9:40:32.084644205,T,TGT,I,20,92.0
2025-10-31,9:40:32.084653238,T,TGT,I,15,92.0
2025-10-31,9:40:32.084653238,T,TGT,I,5,91.99
2025-10-31,9:40:32.084683245,T,TGT,I,15,91.99
2025-10-31,9:40:33.127703330,T,TGT,I,50,91.96
2025-10-31,9:40:36.549291200,T,TGT,F,100,92.02
2025-10-31,9:40:36.549306209,T,TGT,I,1,92.02
2025-10-31,9:40:36.549312155,T,TGT,F I,99,92.02
2025-10-31,9:40:36.549318312,T,TGT,F I,33,92.02
2025-10-31,9:40:36.549327316,T,TGT,F I,25,92.02
2025-10-31,9:40:36.549333577,T,TGT,F I,42,92.02
2025-10-31,9:40:36.549336297,T,TGT,F I,10,92.02
2025-10-31,9:40:36.549336297,T,TGT,I,75,92.0
2025-10-31,9:40:36.549339579,T,TGT,I,25,92.0
2025-10-31,9:40:36.549342342,T,TGT,I,4,91.99
2025-10-31,9:40:36.549342342,T,TGT,I,25,91.99
2025-10-31,9:40:36.549366367,T,TGT,I,4,92.02
2025-10-31,9:40:36.549707141,T,TGT,I,47,92.0
2025-10-31,9:40:36.549751297,T,TGT,I,47,91.985
2025-10-31,9:40:53.775896514,T,TGT,F I,50,91.98
2025-10-31,9:40:53.775896514,T,TGT,F I,10,91.98
2025-10-31,9:41:08.599999958,T,TGT,F I,10,92.0
2025-10-31,9:41:08.599999958,T,TGT,F I,1,92.0
2025-10-31,9:41:08.600002906,T,TGT,F,100,92.0
2025-10-31,9:41:08.600048000,T,TGT,,100,92.0
2025-10-31,9:41:08.600366890,T,TGT,I,20,92.0
2025-10-31,9:41:10.811384470,T,TGT,F I,50,92.0
2025-10-31,9:41:10.920186740,T,TGT,I,40,92.01
2025-10-31,9:41:11.832178515,T,TGT,I,10,92.02
2025-10-31,9:41:16.727677095,T,TGT,F I,10,92.0
2025-10-31,9:41:25.898200124,T,TGT,F I,3,92.03
2025-10-31,9:41:25.898203151,T,TGT,F I,1,92.04
2025-10-31,9:41:25.898224207,T,TGT,F I,50,92.04
2025-10-31,9:41:25.898230159,T,TGT,F I,62,92.04
2025-10-31,9:41:34.958315008,T,TGT,F I,16,92.05
2025-10-31,9:41:36.361316595,T,TGT,F I,7,92.08
2025-10-31,9:41:36.361319488,T,TGT,F I,86,92.08
2025-10-31,9:41:36.361337557,T,TGT,I,1,92.08
2025-10-31,9:41:45.111148914,T,TGT,I,32,92.055
2025-10-31,9:41:45.127658787,T,TGT,F,100,92.055
2025-10-31,9:41:45.127661339,T,TGT,F I,32,92.04
2025-10-31,9:41:45.127661339,T,TGT,F I,14,92.03
2025-10-31,9:42:07.236139750,T,TGT,F I,52,92.09
2025-10-31,9:42:07.236365311,T,TGT,F I,10,92.11
2025-10-31,9:42:07.236365311,T,TGT,F I,90,92.11
2025-10-31,9:42:07.236386326,T,TGT,I,1,92.11
2025-10-31,9:42:07.236422425,T,TGT,F I,9,92.11
2025-10-31,9:42:07.236476510,T,TGT,I,49,92.09
2025-10-31,9:42:07.236539716,T,TGT,,100,92.08
2025-10-31,9:42:07.236762259,T,TGT,I,17,92.08
2025-10-31,9:42:11.624086073,T,TGT,I,1,92.08
2025-10-31,9:42:11.624088978,T,TGT,I,67,92.08
2025-10-31,9:42:11.624107521,T,TGT,I,1,92.08
2025-10-31,9:42:11.624107521,T,TGT,F I,72,92.08
2025-10-31,9:42:11.624110100,T,TGT,F I,47,92.08
2025-10-31,9:42:16.775822217,T,TGT,F I,25,92.06
2025-10-31,9:42:16.920857762,T,TGT,F I,25,92.05
2025-10-31,9:42:17.789895178,T,TGT,F I,25,92.04
2025-10-31,9:42:20.660083393,T,TGT,F I,5,92.02
2025-10-31,9:42:20.660086429,T,TGT,F,100,92.02
2025-10-31,9:42:20.660089357,T,TGT,F,100,92.02
2025-10-31,9:42:20.660125415,T,TGT,F I,40,92.01
2025-10-31,9:42:20.660369322,T,TGT,F,234,92.0
2025-10-31,9:42:20.660811043,T,TGT,F I,52,92.0
2025-10-31,9:42:20.660907279,T,TGT,F,214,92.0
2025-10-31,9:42:20.662471041,T,TGT,F I,4,91.98
2025-10-31,9:42:20.762477296,T,TGT,F I,1,91.95
2025-10-31,9:42:20.762492333,T,TGT,F I,20,91.94
2025-10-31,9:42:20.878791370,T,TGT,I,27,91.93
2025-10-31,9:42:20.878815447,T,TGT,F I,75,91.93
2025-10-31,9:42:20.878857524,T,TGT,F I,25,91.93
2025-10-31,9:42:22.162704022,T,TGT,F I,75,91.93
2025-10-31,9:42:22.162751446,T,TGT,F I,25,91.93
2025-10-31,9:42:29.236146753,T,TGT,F I,50,91.92
2025-10-31,9:42:29.679553174,T,TGT,F I,2,91.9
2025-10-31,9:42:29.679613395,T,TGT,F I,1,91.89
2025-10-31,9:42:29.679619387,T,TGT,F,200,91.89
2025-10-31,9:42:29.786878988,T,TGT,I,22,91.91
2025-10-31,9:42:29.941134394,T,TGT,I,27,91.925
2025-10-31,9:42:31.190755679,T,TGT,F I,25,91.91
2025-10-31,9:42:39.124606065,T,TGT,F I,25,91.88
2025-10-31,9:42:39.124606065,T,TGT,F I,75,91.87
2025-10-31,9:42:39.124642184,T,TGT,F I,25,91.87
2025-10-31,9:42:40.481559023,T,TGT,I,12,91.88
2025-10-31,9:42:40.481604067,T,TGT,F I,14,91.89
2025-10-31,9:42:40.481841663,T,TGT,F,200,91.9
2025-10-31,9:42:40.481977415,T,TGT,,100,91.9
2025-10-31,9:42:40.482467110,T,TGT,F I,19,91.9
2025-10-31,9:42:44.344953551,T,TGT,I,5,91.94
2025-10-31,9:42:50.009877236,T,TGT,F I,75,91.92
2025-10-31,9:42:55.558351470,T,TGT,F I,50,91.92
2025-10-31,9:43:02.634718053,T,TGT,,300,91.89
2025-10-31,9:43:02.634721085,T,TGT,I,5,91.89
2025-10-31,9:43:02.634721085,T,TGT,I,25,91.89
2025-10-31,9:43:02.634805342,T,TGT,F,215,91.88
2025-10-31,9:43:02.635295754,T,TGT,I,7,91.88
2025-10-31,9:43:02.635298549,T,TGT,F I,23,91.88
2025-10-31,9:43:02.652222838,T,TGT,I,30,91.89
2025-10-31,9:43:06.431266252,T,TGT,I,28,91.885
2025-10-31,9:43:06.451516500,T,TGT,F I,20,91.9
2025-10-31,9:43:06.451534488,T,TGT,F I,2,91.9
2025-10-31,9:43:06.451549539,T,TGT,F I,73,91.9
2025-10-31,9:43:08.457743363,T,TGT,F I,7,91.94
2025-10-31,9:43:08.457743363,T,TGT,F I,10,91.94
2025-10-31,9:43:08.457797490,T,TGT,F I,25,91.94
2025-10-31,9:43:08.458035034,T,TGT,F I,4,91.95
2025-10-31,9:43:08.458038060,T,TGT,F I,17,91.95
2025-10-31,9:43:08.458041650,T,TGT,F,200,91.95
2025-10-31,9:43:14.073127294,T,TGT,,200,92.0
2025-10-31,9:43:14.073130039,T,TGT,I,10,92.0
2025-10-31,9:43:14.073148026,T,TGT,I,1,92.0
2025-10-31,9:43:14.073352492,T,TGT,F I,9,92.0
2025-10-31,9:43:14.086947945,T,TGT,F I,1,92.03
2025-10-31,9:43:23.875124241,T,TGT,F I,25,92.03
2025-10-31,9:43:30.571872189,T,TGT,I,75,92.025
2025-10-31,9:43:35.188053295,T,TGT,I,2,92.01
2025-10-31,9:43:41.711444890,T,TGT,I,12,92.03
2025-10-31,9:43:41.711444890,T,TGT,I,10,92.03
2025-10-31,9:43:41.712052350,T,TGT,F I,95,92.04
2025-10-31,9:43:41.712052350,T,TGT,F,100,92.04
2025-10-31,9:43:41.712054774,T,TGT,F I,10,92.04
2025-10-31,9:43:41.732602726,T,TGT,I,75,92.05
2025-10-31,9:43:41.732665779,T,TGT,I,25,92.045
2025-10-31,9:43:55.893073052,T,TGT,F I,75,92.04
2025-10-31,9:44:08.336287061,T,TGT,I,1,92.035
2025-10-31,9:44:09.459817940,T,TGT,F I,40,92.06
2025-10-31,9:44:09.466454955,T,TGT,F I,3,92.08
2025-10-31,9:44:09.466454955,T,TGT,F I,11,92.08
2025-10-31,9:44:09.466523875,T,TGT,F I,10,92.09
2025-10-31,9:44:33.808790273,T,TGT,F I,30,92.02
2025-10-31,9:44:33.836044232,T,TGT,I,10,92.04
2025-10-31,9:44:36.141486911,T,TGT,I,3,92.03
2025-10-31,9:44:47.432995997,T,TGT,F I,10,92.04
2025-10-31,9:44:47.990695732,T,TGT,F I,30,92.02
2025-10-31,9:44:47.990731828,T,TGT,I,70,92.02
2025-10-31,9:44:47.995143340,T,TGT,I,11,92.03
2025-10-31,9:44:48.005343705,T,TGT,I,11,92.02
2025-10-31,9:44:48.005346704,T,TGT,I,1,92.02
2025-10-31,9:44:58.296958422,T,TGT,F I,25,92.035
2025-10-31,9:44:58.296961433,T,TGT,F I,70,92.05
2025-10-31,9:44:58.296964529,T,TGT,F I,98,92.06
2025-10-31,9:45:00.024446036,T,TGT,F I,2,92.06
2025-10-31,9:45:00.024446036,T,TGT,F I,1,92.06
2025-10-31,9:45:00.024446036,T,TGT,F I,11,92.06
2025-10-31,9:45:00.024448517,T,TGT,F I,2,92.06
2025-10-31,9:45:00.024451185,T,TGT,F I,96,92.06
2025-10-31,9:45:00.024460248,T,TGT,F I,4,92.06
2025-10-31,9:45:00.024490348,T,TGT,F I,10,92.06
2025-10-31,9:45:02.207914303,T,TGT,I,25,92.065
2025-10-31,9:45:02.210452355,T,TGT,I,4,92.065
2025-10-31,9:45:08.939299216,T,TGT,F I,59,92.1
2025-10-31,9:45:08.939299216,T,TGT,F I,1,92.1
2025-10-31,9:45:08.939301972,T,TGT,F I,10,92.1
2025-10-31,9:45:08.939305483,T,TGT,F I,42,92.1
2025-10-31,9:45:08.939305483,T,TGT,F I,58,92.1
2025-10-31,9:45:08.939407094,T,TGT,F I,1,92.12
2025-10-31,9:45:08.939779979,T,TGT,F I,2,92.13
2025-10-31,9:45:09.388749600,T,TGT,F I,12,92.15
2025-10-31,9:45:09.388752604,T,TGT,F I,6,92.15
2025-10-31,9:45:09.391627479,T,TGT,I,21,92.15
2025-10-31,9:45:13.709687325,T,TGT,F I,3,92.17
2025-10-31,9:45:13.710863156,T,TGT,F I,27,92.19
2025-10-31,9:45:13.710920222,T,TGT,F I,25,92.2
2025-10-31,9:45:13.710926210,T,TGT,F,100,92.2
2025-10-31,9:45:20.443492653,T,TGT,F I,50,92.2
2025-10-31,9:45:20.443495939,T,TGT,F I,10,92.2
2025-10-31,9:45:20.443495939,T,TGT,F I,12,92.2
2025-10-31,9:45:20.444006788,T,TGT,F I,1,92.17
2025-10-31,9:45:22.623076507,T,TGT,I,14,92.22
2025-10-31,9:45:22.623139555,T,TGT,,100,92.22
2025-10-31,9:45:22.623142588,T,TGT,I,51,92.22
2025-10-31,9:45:22.623148672,T,TGT,I,10,92.23
2025-10-31,9:45:35.639251519,T,TGT,F I,75,92.18
2025-10-31,9:45:35.986879751,T,TGT,F I,50,92.22
2025-10-31,9:45:35.986882768,T,TGT,F I,50,92.22
2025-10-31,9:45:43.947635333,T,TGT,F I,10,92.22
2025-10-31,9:45:57.313101482,T,TGT,I,1,92.13
2025-10-31,9:45:59.422888989,T,TGT,F I,75,92.16
2025-10-31,9:46:02.989621390,T,TGT,F I,1,92.2
2025-10-31,9:46:02.989621390,T,TGT,F I,75,92.22
2025-10-31,9:46:02.989623769,T,TGT,F I,10,92.23
2025-10-31,9:46:02.989626739,T,TGT,F I,8,92.23
2025-10-31,9:46:02.990205166,T,TGT,F I,38,92.19
2025-10-31,9:46:07.353846594,T,TGT,I,26,92.18
2025-10-31,9:46:07.353867635,T,TGT,I,1,92.18
2025-10-31,9:46:07.353915648,T,TGT,I,1,92.18
2025-10-31,9:46:08.369949685,T,TGT,F I,23,92.16
2025-10-31,9:46:08.369949685,T,TGT,F I,22,92.16
2025-10-31,9:46:13.124715682,T,TGT,F I,50,92.16
2025-10-31,9:46:15.469233416,T,TGT,I,2,92.17
2025-10-31,9:46:16.722342968,T,TGT,F I,50,92.18
2025-10-31,9:46:18.165725338,T,TGT,I,75,92.165
2025-10-31,9:46:20.365246243,T,TGT,F I,10,92.17
2025-10-31,9:46:28.907112231,T,TGT,F I,10,92.19
2025-10-31,9:46:28.907379819,T,TGT,F I,4,92.2
2025-10-31,9:46:28.907385888,T,TGT,F,100,92.2
2025-10-31,9:46:28.923747858,T,TGT,I,2,92.22
2025-10-31,9:46:33.985142728,T,TGT,F I,30,92.23
2025-10-31,9:46:34.010805763,T,TGT,I,6,92.23
2025-10-31,9:46:39.373747047,T,TGT,F I,3,92.25
2025-10-31,9:46:39.374213083,T,TGT,I,5,92.27
2025-10-31,9:46:39.739592565,T,TGT,I,80,92.245
2025-10-31,9:46:42.682779744,T,TGT,I,1,92.28
2025-10-31,9:46:42.683871997,T,TGT,F I,38,92.24
2025-10-31,9:46:44.587117904,T,TGT,F,255,92.2
2025-10-31,9:46:44.587120886,T,TGT,F I,19,92.2
2025-10-31,9:46:48.462408746,T,TGT,F I,75,92.19
2025-10-31,9:46:48.462505005,T,TGT,F I,75,92.19
2025-10-31,9:47:00.041709453,T,TGT,I,75,92.215
2025-10-31,9:47:04.478281522,T,TGT,F I,25,92.18
2025-10-31,9:47:05.437133971,T,TGT,F I,12,92.18
2025-10-31,9:47:05.437393517,T,TGT,I,1,92.17
2025-10-31,9:47:05.437393517,T,TGT,I,11,92.17
2025-10-31,9:47:24.701093437,T,TGT,F I,1,92.15
2025-10-31,9:47:26.778722422,T,TGT,F,200,92.11
2025-10-31,9:47:26.778755719,T,TGT,F I,5,92.1
2025-10-31,9:47:26.778758616,T,TGT,F I,10,92.1
2025-10-31,9:47:26.778794631,T,TGT,F I,5,92.09
2025-10-31,9:47:26.778848853,T,TGT,F I,18,92.08
2025-10-31,9:47:26.778848853,T,TGT,F I,38,92.08
2025-10-31,9:47:26.778851835,T,TGT,F I,11,92.08
2025-10-31,9:47:26.779374996,T,TGT,F,100,92.1
2025-10-31,9:47:26.780509439,T,TGT,F,200,92.09
2025-10-31,9:47:29.934305658,T,TGT,F I,60,92.06
2025-10-31,9:47:39.244024110,T,TGT,I,37,92.07
2025-10-31,9:47:39.253667943,T,TGT,I,32,92.07
2025-10-31,9:47:41.530013289,T,TGT,I,14,92.105
2025-10-31,9:47:44.494355924,T,TGT,F I,10,92.13
2025-10-31,9:47:46.293852156,T,TGT,F I,10,92.14
2025-10-31,9:47:46.294110862,T,TGT,F I,10,92.15
2025-10-31,9:47:46.294113961,T,TGT,F,100,92.15
2025-10-31,9:47:46.294113961,T,TGT,F I,10,92.15
2025-10-31,9:47:46.294116855,T,TGT,F I,16,92.15
2025-10-31,9:47:46.294120301,T,TGT,F,200,92.15
2025-10-31,9:47:46.294173976,T,TGT,I,25,92.15
2025-10-31,9:47:52.159600397,T,TGT,I,75,92.165
2025-10-31,9:47:56.121810431,T,TGT,I,1,92.12
2025-10-31,9:47:56.121810431,T,TGT,I,3,92.12
2025-10-31,9:48:00.679369662,T,TGT,F,600,92.11
2025-10-31,9:48:00.689464667,T,TGT,I,5,92.07
2025-10-31,9:48:06.407518974,T,TGT,I,31,92.07
2025-10-31,9:48:12.989215842,T,TGT,I,26,92.075
2025-10-31,9:48:13.703152751,T,TGT,I,44,92.1
2025-10-31,9:48:16.252711068,T,TGT,F I,6,92.1
2025-10-31,9:48:21.674646990,T,TGT,F,100,92.14
2025-10-31,9:48:21.674653209,T,TGT,F I,59,92.14
2025-10-31,9:48:21.674655908,T,TGT,F I,11,92.14
2025-10-31,9:48:21.674655908,T,TGT,F,200,92.14
2025-10-31,9:48:21.728478131,T,TGT,F I,30,92.16
2025-10-31,9:48:21.728511215,T,TGT,I,50,92.16
2025-10-31,9:48:36.110125417,T,TGT,F,200,92.11
2025-10-31,9:48:36.110125417,T,TGT,F I,14,92.11
2025-10-31,9:48:52.444508131,T,TGT,,100,92.04
2025-10-31,9:48:52.444508131,T,TGT,I,3,92.04
2025-10-31,9:48:54.375564874,T,TGT,F I,1,92.01
2025-10-31,9:48:54.375595132,T,TGT,I,13,92.0
2025-10-31,9:48:54.375597918,T,TGT,F I,37,92.0
2025-10-31,9:48:54.375601135,T,TGT,F I,1,92.0
2025-10-31,9:48:54.375967823,T,TGT,F I,3,91.99
2025-10-31,9:48:54.378175043,T,TGT,F I,5,91.98
2025-10-31,9:49:04.276828529,T,TGT,F,100,92.0
2025-10-31,9:49:04.276885720,T,TGT,I,51,92.0
2025-10-31,9:49:04.277111778,T,TGT,F I,49,92.0
2025-10-31,9:49:04.277114780,T,TGT,F,100,92.0
2025-10-31,9:49:04.445632735,T,TGT,F I,75,91.98
2025-10-31,9:49:07.788658532,T,TGT,I,7,91.94
2025-10-31,9:49:20.475100969,T,TGT,I,25,91.94
2025-10-31,9:49:20.480342403,T,TGT,F I,5,91.92
2025-10-31,9:49:21.456955179,T,TGT,F I,4,91.93
2025-10-31,9:49:22.378182240,T,TGT,I,10,91.92
2025-10-31,9:49:22.378185168,T,TGT,I,5,91.92
2025-10-31,9:49:22.378185168,T,TGT,I,10,91.91
2025-10-31,9:49:24.505182895,T,TGT,F I,21,91.93
2025-10-31,9:49:24.505185656,T,TGT,F I,5,91.93
2025-10-31,9:49:24.505660808,T,TGT,F I,5,91.93
2025-10-31,9:49:24.506481701,T,TGT,I,75,91.93
2025-10-31,9:49:24.513109523,T,TGT,F I,75,91.92
2025-10-31,9:49:24.518537491,T,TGT,I,75,91.92
2025-10-31,9:49:24.518540457,T,TGT,I,25,91.92
2025-10-31,9:49:24.518928419,T,TGT,F I,10,91.9
2025-10-31,9:49:24.518931383,T,TGT,F,100,91.9
2025-10-31,9:49:30.649367199,T,TGT,I,50,91.9
2025-10-31,9:49:30.649427335,T,TGT,F I,1,91.9
2025-10-31,9:49:30.649601740,T,TGT,I,40,91.91
2025-10-31,9:49:30.663100854,T,TGT,F I,75,91.89
2025-10-31,9:49:30.663152034,T,TGT,F I,25,91.89
2025-10-31,9:49:33.337532602,T,TGT,I,70,91.93
2025-10-31,9:49:33.337535980,T,TGT,I,30,91.93
2025-10-31,9:49:33.337558796,T,TGT,I,70,91.93
2025-10-31,9:49:33.620105980,T,TGT,F I,2,91.91
2025-10-31,9:49:34.778617106,T,TGT,I,76,91.93
2025-10-31,9:49:34.778619121,T,TGT,I,2,91.93
2025-10-31,9:49:48.405865038,T,TGT,,200,91.98
2025-10-31,9:49:48.405868028,T,TGT,I,10,91.98
2025-10-31,9:49:48.410565309,T,TGT,I,8,91.98
2025-10-31,9:49:48.410604402,T,TGT,I,8,91.98
2025-10-31,9:49:48.410724701,T,TGT,F,100,91.98
2025-10-31,9:49:48.410727688,T,TGT,F I,11,91.98
2025-10-31,9:49:48.440742172,T,TGT,F I,2,91.97
2025-10-31,9:49:48.440742172,T,TGT,F I,38,91.97
2025-10-31,9:49:49.546951689,T,TGT,F I,75,91.96
2025-10-31,9:49:54.309010334,T,TGT,F,100,91.94
2025-10-31,9:49:54.309013358,T,TGT,F I,17,91.94
2025-10-31,9:50:06.462483947,T,TGT,F I,90,91.95
2025-10-31,9:50:06.462508153,T,TGT,F I,61,91.95
2025-10-31,9:50:06.462508153,T,TGT,F,200,91.95
2025-10-31,9:50:06.463163705,T,TGT,F I,29,91.97
2025-10-31,9:50:16.131732966,T,TGT,I,40,91.92
2025-10-31,9:50:25.732015598,T,TGT,F I,2,91.94
2025-10-31,9:50:29.782585024,T,TGT,F,100,91.97
2025-10-31,9:50:29.782663299,T,TGT,I,64,91.98
2025-10-31,9:50:29.782687322,T,TGT,F,136,91.98
2025-10-31,9:50:37.064422004,T,TGT,F I,1,92.03
2025-10-31,9:50:37.064446151,T,TGT,F I,1,92.04
2025-10-31,9:50:37.064452098,T,TGT,I,1,92.04
2025-10-31,9:50:37.064488861,T,TGT,I,68,92.04
2025-10-31,9:50:37.064491201,T,TGT,I,13,92.04
2025-10-31,9:50:37.064503290,T,TGT,,100,92.04
2025-10-31,9:50:37.064503290,T,TGT,I,1,92.04
2025-10-31,9:50:37.064764860,T,TGT,F I,10,92.05
2025-10-31,9:50:39.694722952,T,TGT,F I,10,92.07
2025-10-31,9:50:39.694725969,T,TGT,F I,3,92.07
2025-10-31,9:50:46.794656786,T,TGT,F I,10,92.09
2025-10-31,9:50:46.794656786,T,TGT,F I,10,92.09
2025-10-31,9:50:46.794707700,T,TGT,I,10,92.1
2025-10-31,9:50:46.794707700,T,TGT,I,10,92.1
2025-10-31,9:50:46.794710603,T,TGT,I,10,92.1
2025-10-31,9:50:46.794713735,T,TGT,I,92,92.1
2025-10-31,9:50:46.794713735,T,TGT,I,2,92.1
2025-10-31,9:50:46.794716575,T,TGT,,100,92.1
2025-10-31,9:50:46.794948186,T,TGT,I,2,92.1
2025-10-31,9:50:46.799263428,T,TGT,F I,3,92.11
2025-10-31,9:50:46.799320545,T,TGT,F I,3,92.12
2025-10-31,9:50:52.557959707,T,TGT,F,100,92.2
2025-10-31,9:50:52.557977557,T,TGT,I,1,92.2
2025-10-31,9:50:52.557977557,T,TGT,F I,9,92.2
2025-10-31,9:50:55.515060786,T,TGT,I,3,92.23
2025-10-31,9:51:02.214031234,T,TGT,,100,92.3
2025-10-31,9:51:02.214034116,T,TGT,,100,92.3
2025-10-31,9:51:02.214521221,T,TGT,F I,5,92.32
2025-10-31,9:51:02.218962983,T,TGT,F I,49,92.32
2025-10-31,9:51:05.934907118,T,TGT,I,62,92.32
2025-10-31,9:51:05.935024395,T,TGT,I,75,92.32
2025-10-31,9:51:05.935027346,T,TGT,I,25,92.32
2025-10-31,9:51:05.935553649,T,TGT,F I,1,92.31
2025-10-31,9:51:05.935553649,T,TGT,F I,15,92.31
2025-10-31,9:51:14.779414141,T,TGT,F,100,92.35
2025-10-31,9:51:14.779435136,T,TGT,F I,10,92.35
2025-10-31,9:51:14.779435136,T,TGT,F I,59,92.35
2025-10-31,9:51:14.779438185,T,TGT,F,100,92.35
2025-10-31,9:51:15.401584440,T,TGT,F I,10,92.37
2025-10-31,9:51:23.606912975,T,TGT,F I,4,92.33
2025-10-31,9:51:23.606912975,T,TGT,F I,27,92.33
2025-10-31,9:51:23.606915887,T,TGT,F I,1,92.33
2025-10-31,9:51:23.740358673,T,TGT,F I,75,92.345
2025-10-31,9:51:33.369952246,T,TGT,F I,4,92.33
2025-10-31,9:51:33.369958162,T,TGT,F,100,92.33
2025-10-31,9:51:33.369997148,T,TGT,F I,10,92.32
2025-10-31,9:51:33.373119070,T,TGT,F I,23,92.31
2025-10-31,9:51:33.373122066,T,TGT,F,100,92.31
2025-10-31,9:51:33.373124675,T,TGT,F I,17,92.31
2025-10-31,9:51:33.373124675,T,TGT,F I,39,92.31
2025-10-31,9:51:33.517811670,T,TGT,I,75,92.32
2025-10-31,9:51:33.517814444,T,TGT,I,25,92.32
2025-10-31,9:51:38.449561223,T,TGT,F I,1,92.29
2025-10-31,9:51:38.470097179,T,TGT,F I,75,92.3
2025-10-31,9:51:38.470145238,T,TGT,F I,25,92.3
2025-10-31,9:51:38.515225675,T,TGT,I,31,92.3
2025-10-31,9:51:42.302950852,T,TGT,I,75,92.29
2025-10-31,9:51:42.436956145,T,TGT,F I,75,92.28
2025-10-31,9:51:42.437001290,T,TGT,F I,25,92.28
2025-10-31,9:51:46.417170041,T,TGT,F I,73,92.31
2025-10-31,9:51:46.847730204,T,TGT,F I,80,92.32
2025-10-31,9:51:46.847730204,T,TGT,F I,20,92.33
2025-10-31,9:51:46.847753864,T,TGT,F I,80,92.33
2025-10-31,9:51:47.920189966,T,TGT,F I,12,92.35
2025-10-31,9:51:48.048746246,T,TGT,,100,92.37
2025-10-31,9:51:55.922711985,T,TGT,F I,50,92.4
2025-10-31,9:51:59.500413839,T,TGT,F I,50,92.41
2025-10-31,9:52:00.348313917,T,TGT,,100,92.42
2025-10-31,9:52:00.349152995,T,TGT,I,9,92.42
2025-10-31,9:52:00.349222151,T,TGT,F I,50,92.42
2025-10-31,9:52:00.349805571,T,TGT,F I,9,92.42
2025-10-31,9:52:00.349832896,T,TGT,F I,14,92.42
2025-10-31,9:52:00.349832896,T,TGT,F I,25,92.42
2025-10-31,9:52:00.349853672,T,TGT,F I,50,92.42
2025-10-31,9:52:00.349889814,T,TGT,F I,20,92.42
2025-10-31,9:52:00.349895757,T,TGT,I,23,92.43
2025-10-31,9:52:00.349895757,T,TGT,I,6,92.43
2025-10-31,9:52:00.350187489,T,TGT,F I,55,92.41
2025-10-31,9:52:00.351068531,T,TGT,F I,19,92.41
2025-10-31,9:52:02.756346115,T,TGT,F I,19,92.43
2025-10-31,9:52:03.156756055,T,TGT,F I,10,92.44
2025-10-31,9:52:03.156771191,T,TGT,F I,90,92.44
2025-10-31,9:52:03.156774117,T,TGT,F I,10,92.43
2025-10-31,9:52:03.156777336,T,TGT,F I,18,92.43
2025-10-31,9:52:03.156792522,T,TGT,I,10,92.43
2025-10-31,9:52:03.156795141,T,TGT,F I,52,92.43
2025-10-31,9:52:03.156798174,T,TGT,F I,68,92.42
2025-10-31,9:52:03.157038799,T,TGT,F I,21,92.43
2025-10-31,9:52:03.157059804,T,TGT,F I,21,92.43
2025-10-31,9:52:03.157062861,T,TGT,I,20,92.43
2025-10-31,9:52:03.157107922,T,TGT,F I,27,92.43
2025-10-31,9:52:03.157110981,T,TGT,F,100,92.43
2025-10-31,9:52:03.157128993,T,TGT,F I,21,92.43
2025-10-31,9:52:03.157234253,T,TGT,F I,21,92.43
2025-10-31,9:52:03.157261404,T,TGT,F I,73,92.43
2025-10-31,9:52:03.157264278,T,TGT,F I,47,92.43
2025-10-31,9:52:03.157327477,T,TGT,F,100,92.43
2025-10-31,9:52:03.157438739,T,TGT,F,100,92.43
2025-10-31,9:52:03.157522910,T,TGT,F I,62,92.43
2025-10-31,9:52:03.157745425,T,TGT,F I,20,92.43
2025-10-31,9:52:03.157955907,T,TGT,F I,66,92.43
2025-10-31,9:52:03.161844199,T,TGT,F I,32,92.42
2025-10-31,9:52:06.232766672,T,TGT,F I,75,92.41
2025-10-31,9:52:06.232820817,T,TGT,F I,25,92.41
2025-10-31,9:52:11.324714276,T,TGT,I,25,92.405
2025-10-31,9:52:11.904102081,T,TGT,I,21,92.37
2025-10-31,9:52:11.904102081,T,TGT,I,30,92.37
2025-10-31,9:52:11.904128729,T,TGT,F I,22,92.36
2025-10-31,9:52:11.904128729,T,TGT,F I,5,92.36
2025-10-31,9:52:11.904179939,T,TGT,F I,10,92.35
2025-10-31,9:52:19.968863132,T,TGT,F I,50,92.34
2025-10-31,9:52:20.314241995,T,TGT,I,80,92.35
2025-10-31,9:52:20.314245018,T,TGT,I,10,92.38
2025-10-31,9:52:20.314245018,T,TGT,I,10,92.38
2025-10-31,9:52:20.314404349,T,TGT,F I,90,92.38
2025-10-31,9:52:22.037016620,T,TGT,F I,14,92.355
2025-10-31,9:52:22.037073746,T,TGT,F I,14,92.355
2025-10-31,9:52:22.037085786,T,TGT,I,6,92.355
2025-10-31,9:52:22.037124834,T,TGT,F I,1,92.35
2025-10-31,9:52:22.037127912,T,TGT,F I,3,92.35
2025-10-31,9:52:27.651251441,T,TGT,F I,1,92.32
2025-10-31,9:52:27.660260886,T,TGT,I,8,92.31
2025-10-31,9:52:28.754991982,T,TGT,I,12,92.27
2025-10-31,9:52:28.856327501,T,TGT,F I,47,92.27
2025-10-31,9:52:28.856979978,T,TGT,F I,13,92.26
2025-10-31,9:52:28.856979978,T,TGT,F I,34,92.26
2025-10-31,9:52:58.567603540,T,TGT,I,14,92.2
2025-10-31,9:53:00.474930781,T,TGT,I,13,92.2
2025-10-31,9:53:16.125328578,T,TGT,F I,11,92.25
2025-10-31,9:53:16.125330712,T,TGT,F I,56,92.25
2025-10-31,9:53:19.634899275,T,TGT,F I,28,92.16
2025-10-31,9:53:19.634899275,T,TGT,F I,2,92.16
2025-10-31,9:53:30.999674930,T,TGT,F,100,92.2
2025-10-31,9:53:30.999678445,T,TGT,F,100,92.2
2025-10-31,9:53:30.999680907,T,TGT,F I,10,92.2
2025-10-31,9:53:30.999687055,T,TGT,F,100,92.2
2025-10-31,9:53:30.999690623,T,TGT,F,110,92.2
2025-10-31,9:53:30.999694280,T,TGT,F,137,92.2
2025-10-31,9:53:30.999694280,T,TGT,,100,92.2
2025-10-31,9:53:30.999699211,T,TGT,I,1,92.2
2025-10-31,9:53:30.999699211,T,TGT,F I,47,92.2
2025-10-31,9:53:30.999707909,T,TGT,F,100,92.2
2025-10-31,9:53:30.999707909,T,TGT,F I,41,92.2
2025-10-31,9:53:30.999711717,T,TGT,F I,75,92.2
2025-10-31,9:53:30.999713991,T,TGT,F I,34,92.2
2025-10-31,9:53:30.999735052,T,TGT,,100,92.2
2025-10-31,9:53:30.999737968,T,TGT,,870,92.2
2025-10-31,9:53:30.999741515,T,TGT,F,100,92.2
2025-10-31,9:53:30.999744151,T,TGT,,100,92.2
2025-10-31,9:53:30.999747035,T,TGT,,2804,92.2
2025-10-31,9:53:30.999813222,T,TGT,F I,11,92.2
2025-10-31,9:53:30.999834346,T,TGT,I,1,92.2
2025-10-31,9:53:30.999846251,T,TGT,I,88,92.2
2025-10-31,9:53:30.999849267,T,TGT,I,12,92.2
2025-10-31,9:53:30.999861354,T,TGT,I,88,92.2
2025-10-31,9:53:30.999864380,T,TGT,I,1,92.2
2025-10-31,9:53:30.999870401,T,TGT,F I,88,92.2
2025-10-31,9:53:30.999876586,T,TGT,F I,11,92.2
2025-10-31,9:53:30.999879606,T,TGT,F I,68,92.2
2025-10-31,9:53:30.999888619,T,TGT,I,32,92.2
2025-10-31,9:53:30.999888619,T,TGT,I,56,92.2
2025-10-31,9:53:30.999963517,T,TGT,I,44,92.2
2025-10-31,9:53:30.999963517,T,TGT,,100,92.2
2025-10-31,9:53:30.999984668,T,TGT,,100,92.2
2025-10-31,9:53:30.999990614,T,TGT,F,100,92.2
2025-10-31,9:53:31.000071772,T,TGT,F,100,92.2
2025-10-31,9:53:31.000074835,T,TGT,F I,76,92.2
2025-10-31,9:53:31.000092875,T,TGT,I,62,92.2
2025-10-31,9:53:31.000116905,T,TGT,I,1,92.2
2025-10-31,9:53:31.000249192,T,TGT,F I,25,92.2
2025-10-31,9:53:31.000282366,T,TGT,I,12,92.2
2025-10-31,9:53:31.000282366,T,TGT,,100,92.2
2025-10-31,9:53:31.000300410,T,TGT,I,74,92.2
2025-10-31,9:53:31.000363460,T,TGT,I,26,92.2
2025-10-31,9:53:31.000366546,T,TGT,,100,92.2
2025-10-31,9:53:31.000384969,T,TGT,,100,92.2
2025-10-31,9:53:31.000384969,T,TGT,I,22,92.2
2025-10-31,9:53:31.000399986,T,TGT,,100,92.2
2025-10-31,9:53:31.000399986,T,TGT,,354,92.2
2025-10-31,9:53:31.000465744,T,TGT,I,12,92.2
2025-10-31,9:53:31.000465744,T,TGT,I,12,92.2
2025-10-31,9:53:31.000465744,T,TGT,I,12,92.2
2025-10-31,9:53:31.000469002,T,TGT,I,7,92.2
2025-10-31,9:53:31.000486804,T,TGT,I,57,92.2
2025-10-31,9:53:31.000486804,T,TGT,I,31,92.2
2025-10-31,9:53:31.000516930,T,TGT,I,69,92.2
2025-10-31,9:53:31.000540944,T,TGT,I,74,92.2
2025-10-31,9:53:31.000552953,T,TGT,F I,26,92.2
2025-10-31,9:53:31.000555951,T,TGT,F I,74,92.2
2025-10-31,9:53:31.000682290,T,TGT,F I,26,92.2
2025-10-31,9:53:31.000682290,T,TGT,F I,74,92.2
2025-10-31,9:53:31.000700323,T,TGT,I,26,92.2
2025-10-31,9:53:31.000703312,T,TGT,,100,92.2
2025-10-31,9:53:31.000703312,T,TGT,,229,92.2
2025-10-31,9:53:31.001677638,T,TGT,F I,11,92.21
2025-10-31,9:53:31.003124149,T,TGT,I,62,92.235
2025-10-31,9:53:32.673567963,T,TGT,F I,32,92.26
2025-10-31,9:54:00.340468543,T,TGT,I,10,92.33
2025-10-31,9:54:00.340468543,T,TGT,I,90,92.33
2025-10-31,9:54:00.340492696,T,TGT,I,10,92.33
2025-10-31,9:54:00.340492696,T,TGT,I,54,92.33
2025-10-31,9:54:00.340495625,T,TGT,I,10,92.33
2025-10-31,9:54:00.340498669,T,TGT,I,1,92.33
2025-10-31,9:54:00.341193102,T,TGT,F I,45,92.34
2025-10-31,9:54:03.059534633,T,TGT,F I,17,92.34
2025-10-31,9:54:03.249773906,T,TGT,I,50,92.33
2025-10-31,9:54:03.249773906,T,TGT,I,40,92.32
2025-10-31,9:54:03.249792584,T,TGT,F I,60,92.32
2025-10-31,9:54:03.249831001,T,TGT,F I,2,92.32
2025-10-31,9:54:03.249839944,T,TGT,I,9,92.34
2025-10-31,9:54:03.249867006,T,TGT,I,14,92.31
2025-10-31,9:54:14.342064202,T,TGT,F I,36,92.19
2025-10-31,9:54:14.349690352,T,TGT,I,50,92.22
2025-10-31,9:54:24.711278894,T,TGT,I,16,92.16
2025-10-31,9:54:24.711802127,T,TGT,I,5,92.15
2025-10-31,9:54:36.229062155,T,TGT,F I,1,92.19
2025-10-31,9:54:36.229062155,T,TGT,F I,10,92.19
2025-10-31,9:54:36.229065056,T,TGT,F I,10,92.2
2025-10-31,9:54:40.905855510,T,TGT,I,75,92.165
2025-10-31,9:54:49.501399435,T,TGT,F I,50,92.18
2025-10-31,9:55:12.809381647,T,TGT,,200,92.165
2025-10-31,9:55:12.809399622,T,TGT,F I,50,92.17
2025-10-31,9:55:34.950493810,T,TGT,F I,75,92.21
2025-10-31,9:55:37.164404469,T,TGT,F I,75,92.18
2025-10-31,9:55:37.164446570,T,TGT,F I,25,92.18
2025-10-31,9:55:43.670311854,T,TGT,F I,19,92.22
2025-10-31,9:55:43.670311854,T,TGT,F,100,92.22
2025-10-31,9:55:43.670314915,T,TGT,F I,16,92.22
2025-10-31,9:55:48.005052471,T,TGT,F I,28,92.24
2025-10-31,9:55:48.005052471,T,TGT,F I,12,92.24
2025-10-31,9:55:58.171190223,T,TGT,I,17,92.27
2025-10-31,9:55:58.171190223,T,TGT,I,14,92.27
2025-10-31,9:56:07.147552574,T,TGT,I,50,92.24
2025-10-31,9:56:07.148827645,T,TGT,I,50,92.23
2025-10-31,9:56:07.148827645,T,TGT,I,31,92.23
2025-10-31,9:56:07.155013300,T,TGT,I,8,92.25
2025-10-31,9:56:07.156189338,T,TGT,I,16,92.23
2025-10-31,9:56:07.156189338,T,TGT,I,16,92.23
2025-10-31,9:56:13.821846137,T,TGT,I,9,92.23
2025-10-31,9:56:25.067357939,T,TGT,F,100,92.21
2025-10-31,9:56:25.067357939,T,TGT,F I,3,92.21
2025-10-31,9:56:25.067360910,T,TGT,F I,3,92.21
2025-10-31,9:56:25.067363746,T,TGT,F I,1,92.21
2025-10-31,9:56:25.067363746,T,TGT,F I,40,92.21
2025-10-31,9:56:25.067366430,T,TGT,F I,36,92.21
2025-10-31,9:56:25.067483774,T,TGT,F I,1,92.2
2025-10-31,9:56:25.078995206,T,TGT,I,31,92.2
2025-10-31,9:56:25.079043423,T,TGT,I,25,92.185
2025-10-31,9:56:25.079043423,T,TGT,I,25,92.185
2025-10-31,9:56:25.079065006,T,TGT,F I,5,92.2
2025-10-31,9:56:25.952498347,T,TGT,I,5,92.22
2025-10-31,9:56:32.038909232,T,TGT,I,34,92.23
2025-10-31,9:56:32.038927167,T,TGT,F I,40,92.23
2025-10-31,9:56:32.038930183,T,TGT,F,100,92.23
2025-10-31,9:56:32.039790276,T,TGT,I,1,92.23
2025-10-31,9:56:32.139845029,T,TGT,I,10,92.23
2025-10-31,9:56:32.139845029,T,TGT,I,38,92.23
2025-10-31,9:56:48.134619177,T,TGT,F I,10,92.21
2025-10-31,9:56:52.666728971,T,TGT,F I,80,92.18
2025-10-31,9:56:52.666728971,T,TGT,F I,20,92.17
2025-10-31,9:56:52.666747044,T,TGT,I,80,92.17
2025-10-31,9:56:52.666996682,T,TGT,F I,18,92.19
2025-10-31,9:56:52.666996682,T,TGT,F I,2,92.19
2025-10-31,9:56:52.667080777,T,TGT,I,80,92.18
2025-10-31,9:56:52.667119952,T,TGT,I,20,92.18
2025-10-31,9:56:52.667122960,T,TGT,I,21,92.18
2025-10-31,9:56:52.667162063,T,TGT,F I,19,92.19
2025-10-31,9:56:52.667165033,T,TGT,F I,1,92.195
2025-10-31,9:56:52.667381500,T,TGT,F I,11,92.19
2025-10-31,9:56:52.667381500,T,TGT,F I,8,92.19
2025-10-31,9:56:52.667420585,T,TGT,I,10,92.19
2025-10-31,9:56:52.667637098,T,TGT,F I,29,92.185
2025-10-31,9:56:52.668127329,T,TGT,I,7,92.19
2025-10-31,9:56:52.668217515,T,TGT,F I,2,92.19
2025-10-31,9:57:01.385669348,T,TGT,I,18,92.16
2025-10-31,9:57:01.385669348,T,TGT,I,34,92.16
2025-10-31,9:57:01.385671866,T,TGT,,100,92.16
2025-10-31,9:57:01.385753226,T,TGT,F I,25,92.15
2025-10-31,9:57:01.386005718,T,TGT,F I,5,92.14
2025-10-31,9:57:01.386008682,T,TGT,F I,5,92.14
2025-10-31,9:57:01.389620266,T,TGT,I,44,92.13
2025-10-31,9:57:01.395790973,T,TGT,I,80,92.13
2025-10-31,9:57:01.405982262,T,TGT,I,26,92.14
2025-10-31,9:57:01.406003368,T,TGT,I,1,92.14
2025-10-31,9:57:01.830506670,T,TGT,I,2,92.16
2025-10-31,9:57:01.860960287,T,TGT,I,1,92.18
2025-10-31,9:57:01.961901711,T,TGT,F I,10,92.18
2025-10-31,9:57:04.440199181,T,TGT,I,3,92.21
2025-10-31,9:57:04.442764329,T,TGT,I,9,92.21
2025-10-31,9:57:04.442764329,T,TGT,I,1,92.21
2025-10-31,9:57:04.442797381,T,TGT,I,5,92.21
2025-10-31,9:57:04.444084431,T,TGT,I,19,92.19
2025-10-31,9:57:04.444087454,T,TGT,,100,92.19
2025-10-31,9:57:10.283649207,T,TGT,I,20,92.19
2025-10-31,9:57:12.687251825,T,TGT,F I,19,92.2
2025-10-31,9:57:12.687251825,T,TGT,F I,1,92.2
2025-10-31,9:57:12.687669720,T,TGT,F I,1,92.21
2025-10-31,9:57:12.893804846,T,TGT,,200,92.23
2025-10-31,9:57:12.893823155,T,TGT,I,1,92.23
2025-10-31,9:57:12.893850027,T,TGT,F,100,92.23
2025-10-31,9:57:20.949665106,T,TGT,F I,79,92.27
2025-10-31,9:57:20.949680503,T,TGT,I,1,92.27
2025-10-31,9:57:20.949683154,T,TGT,F I,20,92.27
2025-10-31,9:57:21.546686434,T,TGT,F,100,92.28
2025-10-31,9:57:21.547248837,T,TGT,F I,10,92.29
2025-10-31,9:57:21.547248837,T,TGT,F I,10,92.29
2025-10-31,9:57:21.547429256,T,TGT,,127,92.28
2025-10-31,9:57:21.547429256,T,TGT,I,12,92.27
2025-10-31,9:57:21.547471288,T,TGT,I,7,92.27
2025-10-31,9:57:21.547471288,T,TGT,,100,92.27
2025-10-31,9:57:21.547474317,T,TGT,I,20,92.27
2025-10-31,9:57:21.547973576,T,TGT,I,41,92.275
2025-10-31,9:57:21.548148044,T,TGT,I,19,92.29
2025-10-31,9:57:22.523154820,T,TGT,I,75,92.275
2025-10-31,9:57:25.062473818,T,TGT,F I,20,92.29
2025-10-31,9:57:25.062476862,T,TGT,F I,25,92.29
2025-10-31,9:57:39.042153890,T,TGT,F I,1,92.29
2025-10-31,9:57:39.042153890,T,TGT,F I,10,92.29
2025-10-31,9:57:39.042156489,T,TGT,F I,1,92.29
2025-10-31,9:57:39.042382083,T,TGT,F,100,92.28
2025-10-31,9:57:44.542023042,T,TGT,F,100,92.27
2025-10-31,9:57:44.542023042,T,TGT,F,100,92.27
2025-10-31,9:57:44.542025967,T,TGT,F I,5,92.27
2025-10-31,9:57:52.807626790,T,TGT,F,100,92.26
2025-10-31,9:57:52.807690302,T,TGT,I,27,92.25
2025-10-31,9:57:52.807690302,T,TGT,,500,92.25
2025-10-31,9:57:52.807695994,T,TGT,I,10,92.25
2025-10-31,9:57:53.573963542,T,TGT,F I,12,92.23
2025-10-31,9:57:53.574375498,T,TGT,F,100,92.22
2025-10-31,9:57:56.850091970,T,TGT,F I,83,92.2
2025-10-31,9:57:57.363318747,T,TGT,F I,17,92.2
2025-10-31,9:58:09.054362709,T,TGT,F I,75,92.2
2025-10-31,9:58:09.054413694,T,TGT,F I,25,92.2
2025-10-31,9:58:34.040438897,T,TGT,F I,75,92.19
2025-10-31,9:58:39.221957895,T,TGT,I,75,92.205
2025-10-31,9:58:39.425428660,T,TGT,F I,29,92.2
2025-10-31,9:58:39.425516151,T,TGT,I,1,92.17
2025-10-31,9:58:39.425516151,T,TGT,I,19,92.17
2025-10-31,9:58:47.336689380,T,TGT,F I,10,92.23
2025-10-31,9:58:47.336692236,T,TGT,F I,55,92.23
2025-10-31,9:58:47.336971995,T,TGT,F I,1,92.24
2025-10-31,9:58:51.449245484,T,TGT,I,24,92.26
2025-10-31,9:59:00.019586327,T,TGT,F I,75,92.24
2025-10-31,9:59:02.086593975,T,TGT,I,75,92.245
2025-10-31,9:59:02.086642139,T,TGT,I,25,92.245
2025-10-31,9:59:05.490033629,T,TGT,F I,50,92.25
2025-10-31,9:59:05.717814383,T,TGT,I,9,92.24
2025-10-31,9:59:05.717871462,T,TGT,,100,92.23
2025-10-31,9:59:05.717874390,T,TGT,I,39,92.23
2025-10-31,9:59:05.717886475,T,TGT,I,1,92.23
2025-10-31,9:59:05.717910693,T,TGT,I,5,92.23
2025-10-31,9:59:05.717910693,T,TGT,,100,92.23
2025-10-31,9:59:05.717913819,T,TGT,I,80,92.23
2025-10-31,9:59:05.718214266,T,TGT,,100,92.23
2025-10-31,9:59:06.032670414,T,TGT,I,35,92.23
2025-10-31,9:59:07.982446695,T,TGT,I,18,92.25
2025-10-31,9:59:17.956950050,T,TGT,F,100,92.22
2025-10-31,9:59:17.956950050,T,TGT,F I,20,92.22
2025-10-31,9:59:20.038265756,T,TGT,F I,50,92.24
2025-10-31,9:59:23.076247772,T,TGT,I,75,92.245
2025-10-31,9:59:28.540762236,T,TGT,F I,15,92.25
2025-10-31,9:59:28.540765161,T,TGT,F I,5,92.25
2025-10-31,9:59:32.989248752,T,TGT,F I,40,92.23
2025-10-31,9:59:32.989248752,T,TGT,F I,60,92.23
2025-10-31,9:59:32.989266925,T,TGT,I,1,92.23
2025-10-31,9:59:32.989266925,T,TGT,I,39,92.23
2025-10-31,9:59:36.135861795,T,TGT,F I,10,92.27
2025-10-31,9:59:36.135861795,T,TGT,F I,1,92.27
2025-10-31,9:59:36.136117196,T,TGT,F I,10,92.28
2025-10-31,9:59:36.136120235,T,TGT,F I,30,92.28
2025-10-31,9:59:36.136135632,T,TGT,I,70,92.28
2025-10-31,9:59:36.136135632,T,TGT,I,5,92.28
2025-10-31,9:59:36.136138246,T,TGT,I,27,92.28
2025-10-31,9:59:36.137304984,T,TGT,F I,5,92.29
2025-10-31,9:59:38.123038143,T,TGT,F I,10,92.32
2025-10-31,9:59:38.124006578,T,TGT,F I,10,92.33
2025-10-31,9:59:38.124006578,T,TGT,F I,6,92.33
2025-10-31,9:59:38.124009377,T,TGT,F I,5,92.33
2025-10-31,9:59:42.447596472,T,TGT,F,100,92.35
2025-10-31,9:59:42.447596472,T,TGT,F I,26,92.35
2025-10-31,9:59:42.447596472,T,TGT,F I,5,92.35
2025-10-31,9:59:42.447599271,T,TGT,F,100,92.35
2025-10-31,9:59:42.448071406,T,TGT,,100,92.35
2025-10-31,9:59:51.883928425,T,TGT,F I,75,92.35
2025-10-31,9:59:51.883928425,T,TGT,F I,87,92.355
2025-10-31,10:00:01.171877874,T,TGT,,127,92.37
2025-10-31,10:00:06.111028407,T,TGT,F I,19,92.37
2025-10-31,10:00:06.148155372,T,TGT,,100,92.34
2025-10-31,10:00:06.148157887,T,TGT,I,10,92.34
2025-10-31,10:00:06.148176133,T,TGT,F I,27,92.34
2025-10-31,10:00:06.148176133,T,TGT,I,53,92.34
2025-10-31,10:00:06.148227144,T,TGT,F,100,92.34
2025-10-31,10:00:06.149396803,T,TGT,F,100,92.32
2025-10-31,10:00:06.161248110,T,TGT,F I,1,92.32
2025-10-31,10:00:06.161248110,T,TGT,F I,27,92.33
2025-10-31,10:00:06.161266113,T,TGT,F I,53,92.33
2025-10-31,10:00:06.161266113,T,TGT,F I,3,92.33
2025-10-31,10:00:06.161281194,T,TGT,F I,2,92.33
2025-10-31,10:00:06.161281194,T,TGT,F I,24,92.34
2025-10-31,10:00:06.161284740,T,TGT,F I,32,92.34
2025-10-31,10:00:06.161284740,T,TGT,F I,75,92.34
2025-10-31,10:00:06.161287123,T,TGT,F I,50,92.34
2025-10-31,10:00:06.161678067,T,TGT,I,14,92.32
2025-10-31,10:00:06.162415207,T,TGT,I,18,92.32
2025-10-31,10:00:06.162415207,T,TGT,I,32,92.32
2025-10-31,10:00:06.317678005,T,TGT,I,10,92.33
2025-10-31,10:00:06.317678005,T,TGT,I,80,92.33
2025-10-31,10:00:06.464658992,T,TGT,I,4,92.32
2025-10-31,10:00:13.419141929,T,TGT,F I,75,92.36
2025-10-31,10:00:13.928760113,T,TGT,F I,50,92.38
2025-10-31,10:00:14.587136633,T,TGT,F I,1,92.39
2025-10-31,10:00:14.587136633,T,TGT,F I,1,92.39
2025-10-31,10:00:15.033652465,T,TGT,F I,10,92.4
2025-10-31,10:00:18.208258859,T,TGT,F I,50,92.38
2025-10-31,10:00:18.208261859,T,TGT,F I,20,92.38
2025-10-31,10:00:18.208307013,T,TGT,,100,92.37
2025-10-31,10:00:18.208309940,T,TGT,I,1,92.37
2025-10-31,10:00:19.417120938,T,TGT,F I,75,92.32
2025-10-31,10:00:19.417737460,T,TGT,F,100,92.31
2025-10-31,10:00:23.766921551,T,TGT,I,80,92.28
2025-10-31,10:00:24.639420103,T,TGT,I,67,92.29
2025-10-31,10:00:24.639438126,T,TGT,I,1,92.29
2025-10-31,10:00:24.639445160,T,TGT,F,100,92.3
2025-10-31,10:00:24.639445160,T,TGT,F,112,92.29
2025-10-31,10:00:24.639447234,T,TGT,F,320,92.29
2025-10-31,10:00:24.639603580,T,TGT,,100,92.3
2025-10-31,10:00:24.639624545,T,TGT,I,1,92.3
2025-10-31,10:00:24.639628276,T,TGT,F I,28,92.3
2025-10-31,10:00:24.639628276,T,TGT,F I,1,92.3
2025-10-31,10:00:24.639633668,T,TGT,F I,9,92.3
2025-10-31,10:00:24.640003584,T,TGT,F I,8,92.31
2025-10-31,10:00:24.640093683,T,TGT,I,1,92.31
2025-10-31,10:00:25.690207601,T,TGT,F I,70,92.31
2025-10-31,10:00:28.355818525,T,TGT,F I,75,92.31
2025-10-31,10:00:28.355842964,T,TGT,F I,25,92.31
2025-10-31,10:00:29.082132924,T,TGT,F I,75,92.31
2025-10-31,10:00:30.819065537,T,TGT,F,100,92.3
2025-10-31,10:00:30.819068240,T,TGT,F I,30,92.3
2025-10-31,10:00:30.819068240,T,TGT,F I,1,92.3
2025-10-31,10:00:37.223874803,T,TGT,F I,10,92.32
2025-10-31,10:00:37.223878078,T,TGT,F I,2,92.32
2025-10-31,10:00:37.223881242,T,TGT,F I,17,92.32
2025-10-31,10:00:37.223881242,T,TGT,F I,50,92.32
2025-10-31,10:00:37.223901861,T,TGT,I,75,92.32
2025-10-31,10:00:37.224614566,T,TGT,,100,92.32
2025-10-31,10:00:37.232595564,T,TGT,,100,92.33
2025-10-31,10:00:49.625869514,T,TGT,I,58,92.28
2025-10-31,10:00:49.625893455,T,TGT,F I,42,92.28
2025-10-31,10:00:49.625897073,T,TGT,F I,30,92.28
2025-10-31,10:00:49.625897073,T,TGT,F I,1,92.28
2025-10-31,10:00:49.625902514,T,TGT,F I,1,92.28
2025-10-31,10:00:49.625902514,T,TGT,F I,1,92.28
2025-10-31,10:00:49.625941663,T,TGT,F I,10,92.28
2025-10-31,10:00:49.625962948,T,TGT,F I,20,92.28
2025-10-31,10:00:49.625962948,T,TGT,F I,1,92.28
2025-10-31,10:00:49.625965740,T,TGT,F I,1,92.28
2025-10-31,10:00:49.625971729,T,TGT,I,1,92.28
2025-10-31,10:00:52.456128614,T,TGT,F I,75,92.28
2025-10-31,10:00:54.775139870,T,TGT,F I,30,92.28
2025-10-31,10:00:54.775139870,T,TGT,F I,2,92.3
2025-10-31,10:00:54.775142627,T,TGT,F I,8,92.3
2025-10-31,10:00:54.860013851,T,TGT,F I,39,92.3
2025-10-31,10:00:57.603044025,T,TGT,I,10,92.31
2025-10-31,10:00:59.820719704,T,TGT,F I,21,92.35
2025-10-31,10:00:59.820719704,T,TGT,F I,5,92.35
2025-10-31,10:01:01.416144444,T,TGT,F I,1,92.36
2025-10-31,10:01:01.416149957,T,TGT,F I,1,92.36
2025-10-31,10:01:01.416149957,T,TGT,F I,2,92.36
2025-10-31,10:01:01.416760439,T,TGT,F,100,92.37
2025-10-31,10:01:01.416763439,T,TGT,F I,26,92.37
2025-10-31,10:01:01.416856648,T,TGT,F I,4,92.38
2025-10-31,10:01:01.416871701,T,TGT,F I,4,92.38
2025-10-31,10:01:01.416883741,T,TGT,F I,46,92.38
2025-10-31,10:01:17.035293699,T,TGT,F,200,92.38
2025-10-31,10:01:17.035296729,T,TGT,F I,10,92.38
2025-10-31,10:01:17.035300018,T,TGT,F,100,92.38
2025-10-31,10:01:17.036328132,T,TGT,I,7,92.41
2025-10-31,10:01:17.036328132,T,TGT,I,30,92.41
2025-10-31,10:01:17.036568678,T,TGT,F,100,92.41
2025-10-31,10:01:17.036568678,T,TGT,F I,30,92.41
2025-10-31,10:01:17.037350599,T,TGT,F I,58,92.41
2025-10-31,10:01:19.209341343,T,TGT,F,100,92.38
2025-10-31,10:01:29.136611114,T,TGT,F I,50,92.36
2025-10-31,10:01:32.878218520,T,TGT,I,63,92.39
2025-10-31,10:01:57.894646665,T,TGT,I,50,92.36
2025-10-31,10:01:57.894646665,T,TGT,I,5,92.36
2025-10-31,10:01:57.894649188,T,TGT,I,10,92.36
2025-10-31,10:01:57.894661900,T,TGT,I,1,92.36
2025-10-31,10:01:57.894667177,T,TGT,I,24,92.36
2025-10-31,10:01:57.894667177,T,TGT,I,50,92.36
2025-10-31,10:01:57.894682201,T,TGT,F I,10,92.35
2025-10-31,10:01:57.895274685,T,TGT,F,100,92.37
2025-10-31,10:02:03.162157876,T,TGT,F I,50,92.34
2025-10-31,10:02:03.162157876,T,TGT,F I,1,92.34
2025-10-31,10:02:04.156588081,T,TGT,F I,50,92.32
2025-10-31,10:02:05.263756986,T,TGT,F I,5,92.35
2025-10-31,10:02:05.263759976,T,TGT,F I,11,92.35
2025-10-31,10:02:05.263781009,T,TGT,,100,92.35
2025-10-31,10:02:05.764416820,T,TGT,F I,50,92.34
2025-10-31,10:02:07.001278518,T,TGT,F I,50,92.33
2025-10-31,10:02:09.493216644,T,TGT,I,27,92.36
2025-10-31,10:02:09.493216644,T,TGT,I,10,92.36
2025-10-31,10:02:09.527826339,T,TGT,I,10,92.4
2025-10-31,10:02:09.527829047,T,TGT,I,51,92.4
2025-10-31,10:02:09.540317851,T,TGT,,100,92.395
2025-10-31,10:02:09.551230831,T,TGT,I,81,92.395
2025-10-31,10:02:09.551233895,T,TGT,I,19,92.395
2025-10-31,10:02:09.571769826,T,TGT,I,49,92.4
2025-10-31,10:02:09.571817873,T,TGT,I,36,92.4
2025-10-31,10:02:09.571841915,T,TGT,I,64,92.4
2025-10-31,10:02:09.571844964,T,TGT,,100,92.4
2025-10-31,10:02:15.406859853,T,TGT,F,100,92.34
2025-10-31,10:02:15.420055325,T,TGT,I,1,92.33
2025-10-31,10:02:20.513289976,T,TGT,F I,4,92.3
2025-10-31,10:02:20.513293015,T,TGT,F I,91,92.3
2025-10-31,10:02:20.513305038,T,TGT,F I,9,92.3
2025-10-31,10:02:20.513308100,T,TGT,F,100,92.3
2025-10-31,10:02:20.513314039,T,TGT,I,60,92.3
2025-10-31,10:02:20.513476497,T,TGT,F I,48,92.29
2025-10-31,10:02:20.558589956,T,TGT,I,5,92.3
2025-10-31,10:02:20.558641041,T,TGT,I,10,92.28
2025-10-31,10:02:20.559248522,T,TGT,I,29,92.28
2025-10-31,10:02:20.561227284,T,TGT,I,24,92.3
2025-10-31,10:02:20.561227284,T,TGT,I,30,92.3
2025-10-31,10:02:30.307177398,T,TGT,F I,50,92.33
2025-10-31,10:02:30.307180249,T,TGT,F I,10,92.34
2025-10-31,10:02:30.307182939,T,TGT,F,100,92.34
2025-10-31,10:02:30.307182939,T,TGT,F I,14,92.34
2025-10-31,10:02:30.307195016,T,TGT,I,1,92.34
2025-10-31,10:02:30.307537825,T,TGT,F I,7,92.32
2025-10-31,10:02:43.206297984,T,TGT,I,37,92.34
2025-10-31,10:02:43.206316712,T,TGT,F I,48,92.34
2025-10-31,10:02:43.206319559,T,TGT,F I,18,92.34
2025-10-31,10:02:43.206947589,T,TGT,I,2,92.36
2025-10-31,10:02:43.206950620,T,TGT,I,10,92.36
2025-10-31,10:02:43.206954099,T,TGT,I,12,92.36
2025-10-31,10:02:43.206956641,T,TGT,I,13,92.36
2025-10-31,10:02:43.206959583,T,TGT,I,8,92.36
2025-10-31,10:02:43.215340520,T,TGT,I,57,92.36
2025-10-31,10:02:44.619015998,T,TGT,I,80,92.38
2025-10-31,10:02:56.995428666,T,TGT,F I,5,92.4
2025-10-31,10:02:56.996490238,T,TGT,,100,92.41
2025-10-31,10:02:56.996511328,T,TGT,I,10,92.41
2025-10-31,10:03:00.242643167,T,TGT,F I,75,92.42
2025-10-31,10:03:00.246627697,T,TGT,I,1,92.42
2025-10-31,10:03:01.036820486,T,TGT,I,24,92.41
2025-10-31,10:03:01.036823360,T,TGT,I,1,92.41
2025-10-31,10:03:01.036826802,T,TGT,I,1,92.41
2025-10-31,10:03:01.036829529,T,TGT,I,4,92.41
2025-10-31,10:03:01.036829529,T,TGT,F I,5,92.41
2025-10-31,10:03:04.025932911,T,TGT,F I,5,92.41
2025-10-31,10:03:11.315008155,T,TGT,F,100,92.38
2025-10-31,10:03:11.315011106,T,TGT,F,100,92.38
2025-10-31,10:03:11.315026585,T,TGT,F I,75,92.38
2025-10-31,10:03:11.315029449,T,TGT,F I,50,92.38
2025-10-31,10:03:14.944568554,T,TGT,I,35,92.4
2025-10-31,10:03:14.944586628,T,TGT,F I,18,92.4
2025-10-31,10:03:14.944586628,T,TGT,F I,10,92.4
2025-10-31,10:03:33.667214361,T,TGT,I,75,92.395
2025-10-31,10:03:33.667259492,T,TGT,I,25,92.395
2025-10-31,10:03:33.928233232,T,TGT,F I,75,92.4
2025-10-31,10:03:42.508320263,T,TGT,I,10,92.41
2025-10-31,10:03:49.791501374,T,TGT,F I,75,92.395
2025-10-31,10:03:54.298675808,T,TGT,F I,50,92.38
2025-10-31,10:03:54.298783989,T,TGT,,100,92.37
2025-10-31,10:03:54.298783989,T,TGT,,100,92.37
2025-10-31,10:03:54.299466671,T,TGT,,100,92.37
2025-10-31,10:03:56.025834778,T,TGT,I,5,92.365
2025-10-31,10:03:57.673189643,T,TGT,F I,10,92.35
2025-10-31,10:03:57.673628573,T,TGT,F I,57,92.35
2025-10-31,10:04:10.587990178,T,TGT,I,36,92.39
2025-10-31,10:04:10.588008307,T,TGT,F I,64,92.39
2025-10-31,10:04:10.588011385,T,TGT,F I,1,92.39
2025-10-31,10:04:10.588017424,T,TGT,F,100,92.39
2025-10-31,10:04:10.588017424,T,TGT,F I,16,92.39
2025-10-31,10:04:10.588020351,T,TGT,F I,10,92.39
2025-10-31,10:04:14.683643074,T,TGT,I,30,92.41
2025-10-31,10:04:17.221669454,T,TGT,I,16,92.42
2025-10-31,10:04:17.221669454,T,TGT,I,9,92.42
2025-10-31,10:04:17.221687050,T,TGT,F I,91,92.42
2025-10-31,10:04:17.221690302,T,TGT,F I,10,92.42
2025-10-31,10:04:17.221693068,T,TGT,F,100,92.42
2025-10-31,10:04:17.221693068,T,TGT,F I,1,92.42
2025-10-31,10:04:40.310308619,T,TGT,F I,1,92.39
2025-10-31,10:04:40.310312127,T,TGT,F,100,92.39
2025-10-31,10:04:40.310750725,T,TGT,F I,55,92.38
2025-10-31,10:04:40.310762692,T,TGT,F I,45,92.38
2025-10-31,10:04:40.310765896,T,TGT,F I,5,92.38
2025-10-31,10:04:40.310765896,T,TGT,F I,6,92.38
2025-10-31,10:04:40.310768782,T,TGT,F I,34,92.38
2025-10-31,10:04:50.057382991,T,TGT,F I,75,92.34
2025-10-31,10:04:54.740190837,T,TGT,F I,80,92.37
2025-10-31,10:04:54.740193826,T,TGT,F I,50,92.37
2025-10-31,10:04:54.740193826,T,TGT,F I,88,92.38
2025-10-31,10:04:54.740211814,T,TGT,F I,12,92.38
2025-10-31,10:04:54.740215728,T,TGT,F I,2,92.38
2025-10-31,10:04:54.740215728,T,TGT,F I,14,92.38
2025-10-31,10:04:54.740410316,T,TGT,I,10,92.39
2025-10-31,10:04:54.740413315,T,TGT,I,10,92.39
2025-10-31,10:04:54.740906514,T,TGT,F I,1,92.4
2025-10-31,10:04:54.740954646,T,TGT,F I,1,92.41
2025-10-31,10:04:54.741859770,T,TGT,F I,10,92.41
2025-10-31,10:05:08.050072922,T,TGT,I,36,92.34
2025-10-31,10:05:08.050093590,T,TGT,F I,64,92.34
2025-10-31,10:05:19.963291777,T,TGT,F,411,92.3
2025-10-31,10:05:19.963307421,T,TGT,F,589,92.3
2025-10-31,10:05:19.963310061,T,TGT,F I,50,92.3
2025-10-31,10:05:28.396770568,T,TGT,F I,66,92.26
2025-10-31,10:05:28.396788545,T,TGT,I,1,92.26
2025-10-31,10:05:28.397125411,T,TGT,I,33,92.26
2025-10-31,10:05:28.406931761,T,TGT,I,18,92.28
2025-10-31,10:05:31.161238909,T,TGT,F I,10,92.29
2025-10-31,10:05:31.161238909,T,TGT,F I,1,92.29
2025-10-31,10:05:35.332022780,T,TGT,F I,1,92.29
2025-10-31,10:05:43.268218816,T,TGT,F I,75,92.27
2025-10-31,10:05:43.268260933,T,TGT,F I,25,92.27
2025-10-31,10:05:47.010214083,T,TGT,F I,10,92.31
2025-10-31,10:05:47.010217080,T,TGT,F I,5,92.31
2025-10-31,10:05:47.010220141,T,TGT,F I,21,92.31
2025-10-31,10:05:47.010229192,T,TGT,F,100,92.31
2025-10-31,10:05:47.010232168,T,TGT,F I,19,92.31
2025-10-31,10:05:47.012039412,T,TGT,I,21,92.31
2025-10-31,10:05:47.027075313,T,TGT,F I,10,92.31
2025-10-31,10:05:54.552002425,T,TGT,F I,19,92.37
2025-10-31,10:05:54.552002425,T,TGT,F I,2,92.37
2025-10-31,10:05:54.552008437,T,TGT,F,100,92.37
2025-10-31,10:05:57.827321824,T,TGT,F I,14,92.39
2025-10-31,10:05:57.827321824,T,TGT,F,100,92.39
2025-10-31,10:05:57.827324863,T,TGT,F I,18,92.39
2025-10-31,10:05:57.827372973,T,TGT,I,76,92.39
2025-10-31,10:05:57.827375919,T,TGT,F,149,92.4
2025-10-31,10:05:57.827391063,T,TGT,F I,24,92.39
2025-10-31,10:05:57.827394003,T,TGT,F,135,92.4
2025-10-31,10:05:57.827396976,T,TGT,F I,1,92.4
2025-10-31,10:05:57.827409025,T,TGT,F I,94,92.39
2025-10-31,10:05:57.827415041,T,TGT,F I,6,92.39
2025-10-31,10:05:57.827418070,T,TGT,F,100,92.39
2025-10-31,10:06:01.637059543,T,TGT,I,10,92.41
2025-10-31,10:06:01.637760248,T,TGT,I,17,92.43
2025-10-31,10:06:07.811469044,T,TGT,F I,11,92.44
2025-10-31,10:06:07.811535234,T,TGT,,100,92.45
2025-10-31,10:06:07.811535234,T,TGT,I,2,92.45
2025-10-31,10:06:07.811541223,T,TGT,I,2,92.44
2025-10-31,10:06:07.823395516,T,TGT,I,12,92.47
2025-10-31,10:06:07.840993411,T,TGT,I,30,92.49
2025-10-31,10:06:07.841014438,T,TGT,I,50,92.5
2025-10-31,10:06:07.841018015,T,TGT,I,30,92.5
2025-10-31,10:06:07.841018015,T,TGT,I,30,92.5
2025-10-31,10:06:09.538426939,T,TGT,F I,1,92.52
2025-10-31,10:06:09.538426939,T,TGT,F I,1,92.52
2025-10-31,10:06:09.538429669,T,TGT,F I,21,92.52
2025-10-31,10:06:09.549415127,T,TGT,F I,23,92.51
2025-10-31,10:06:09.549418218,T,TGT,F I,18,92.51
2025-10-31,10:06:09.549418218,T,TGT,F I,30,92.51
2025-10-31,10:06:09.549438847,T,TGT,I,1,92.51
2025-10-31,10:06:09.549457415,T,TGT,,100,92.5
2025-10-31,10:06:09.549459826,T,TGT,I,10,92.5
2025-10-31,10:06:09.549700426,T,TGT,F I,6,92.49
2025-10-31,10:06:09.689365131,T,TGT,I,12,92.5
2025-10-31,10:06:09.689440388,T,TGT,I,20,92.51
2025-10-31,10:06:14.752558198,T,TGT,F,100,92.51
2025-10-31,10:06:14.752558198,T,TGT,F I,1,92.51
2025-10-31,10:06:14.752564294,T,TGT,F,100,92.51
2025-10-31,10:06:20.111990291,T,TGT,F,100,92.49
2025-10-31,10:06:20.111990291,T,TGT,F I,5,92.49
2025-10-31,10:06:20.111993157,T,TGT,F I,6,92.49
2025-10-31,10:06:20.111996086,T,TGT,F,100,92.49
2025-10-31,10:06:25.934696717,T,TGT,F I,36,92.4
2025-10-31,10:06:25.934696717,T,TGT,F I,20,92.4
2025-10-31,10:06:25.934744930,T,TGT,F I,10,92.39
2025-10-31,10:06:25.934748677,T,TGT,F I,30,92.39
2025-10-31,10:06:25.934750795,T,TGT,F,100,92.39
2025-10-31,10:06:26.327450469,T,TGT,F,100,92.36
2025-10-31,10:06:29.400817847,T,TGT,I,75,92.355
2025-10-31,10:06:31.114264713,T,TGT,I,60,92.35
2025-10-31,10:06:31.114267090,T,TGT,I,50,92.36
2025-10-31,10:06:31.114282461,T,TGT,I,10,92.36
2025-10-31,10:06:31.114282461,T,TGT,I,60,92.36
2025-10-31,10:06:33.564895724,T,TGT,F I,75,92.34
2025-10-31,10:06:39.681720982,T,TGT,F I,75,92.335
2025-10-31,10:06:41.242277500,T,TGT,I,18,92.3
2025-10-31,10:07:04.185827137,T,TGT,I,1,92.275
2025-10-31,10:07:04.969193500,T,TGT,I,75,92.275
2025-10-31,10:07:06.075941322,T,TGT,I,1,92.275
2025-10-31,10:07:11.655945574,T,TGT,,1050,92.3
2025-10-31,10:07:11.655948964,T,TGT,I,50,92.3
2025-10-31,10:07:11.655963646,T,TGT,I,1,92.3
2025-10-31,10:07:11.655969968,T,TGT,F I,49,92.3
2025-10-31,10:07:11.655969968,T,TGT,F I,33,92.3
2025-10-31,10:07:11.655973024,T,TGT,F I,1,92.3
2025-10-31,10:07:11.655973024,T,TGT,I,74,92.3
2025-10-31,10:07:11.655978652,T,TGT,I,1,92.3
2025-10-31,10:07:11.655978652,T,TGT,F I,24,92.3
2025-10-31,10:07:11.655981659,T,TGT,F I,59,92.3
2025-10-31,10:07:11.655981659,T,TGT,I,16,92.3
2025-10-31,10:07:11.655985207,T,TGT,I,16,92.3
2025-10-31,10:07:11.655988183,T,TGT,I,68,92.3
2025-10-31,10:07:11.655990793,T,TGT,I,15,92.3
2025-10-31,10:07:11.655994747,T,TGT,F I,82,92.3
2025-10-31,10:07:11.655994747,T,TGT,I,16,92.3
2025-10-31,10:07:11.655999822,T,TGT,I,11,92.3
2025-10-31,10:07:11.655999822,T,TGT,I,3,92.3
2025-10-31,10:07:11.655999822,T,TGT,F I,83,92.3
2025-10-31,10:07:11.656005807,T,TGT,,100,92.3
2025-10-31,10:07:11.656005807,T,TGT,,231,92.3
2025-10-31,10:07:11.656778914,T,TGT,F I,13,92.32
2025-10-31,10:07:11.656778914,T,TGT,F I,2,92.32
2025-10-31,10:07:11.665511433,T,TGT,I,75,92.34
2025-10-31,10:07:11.665562504,T,TGT,I,29,92.34
2025-10-31,10:07:11.674779447,T,TGT,I,11,92.33
2025-10-31,10:07:13.908922286,T,TGT,,127,92.35
2025-10-31,10:07:18.537534942,T,TGT,,100,92.32
2025-10-31,10:07:18.537537886,T,TGT,,100,92.32
2025-10-31,10:07:36.498935081,T,TGT,I,10,92.3
2025-10-31,10:07:36.498950892,T,TGT,I,10,92.3
2025-10-31,10:07:36.498953272,T,TGT,I,25,92.3
2025-10-31,10:07:36.498983218,T,TGT,I,1,92.3
2025-10-31,10:07:36.499004330,T,TGT,I,24,92.3
2025-10-31,10:07:40.031532608,T,TGT,,100,92.28
2025-10-31,10:07:40.031535582,T,TGT,I,5,92.28
2025-10-31,10:07:40.031580681,T,TGT,F I,2,92.28
2025-10-31,10:07:40.050222130,T,TGT,I,5,92.26
2025-10-31,10:07:40.076591983,T,TGT,I,10,92.25
2025-10-31,10:07:42.473263472,T,TGT,I,36,92.24
2025-10-31,10:07:42.473263472,T,TGT,I,25,92.24
2025-10-31,10:07:42.473281646,T,TGT,I,22,92.24
2025-10-31,10:07:42.473284329,T,TGT,I,53,92.24
2025-10-31,10:07:48.634335861,T,TGT,F I,17,92.23
2025-10-31,10:07:48.634384181,T,TGT,F I,5,92.22
2025-10-31,10:07:48.634387016,T,TGT,F,100,92.22
2025-10-31,10:07:48.634389960,T,TGT,F I,21,92.22
2025-10-31,10:07:48.634419970,T,TGT,F I,1,92.21
2025-10-31,10:07:48.634931237,T,TGT,F I,1,92.2
2025-10-31,10:07:55.761496253,T,TGT,I,13,92.18
2025-10-31,10:07:55.762407438,T,TGT,I,14,92.17
2025-10-31,10:07:55.762428489,T,TGT,I,2,92.17
2025-10-31,10:07:55.762431564,T,TGT,,100,92.17
2025-10-31,10:07:55.763370466,T,TGT,F I,22,92.17
2025-10-31,10:07:55.763372806,T,TGT,F I,63,92.17
2025-10-31,10:07:55.763375784,T,TGT,I,15,92.17
2025-10-31,10:07:55.763390773,T,TGT,F I,2,92.17
2025-10-31,10:07:55.763790752,T,TGT,I,23,92.18
2025-10-31,10:07:55.763793814,T,TGT,I,10,92.18
2025-10-31,10:07:59.022486659,T,TGT,I,11,92.18
2025-10-31,10:07:59.022489582,T,TGT,I,2,92.18
2025-10-31,10:08:04.268130367,T,TGT,I,3,92.21
2025-10-31,10:08:04.268133437,T,TGT,I,25,92.21
2025-10-31,10:08:05.856854483,T,TGT,F I,50,92.21
2025-10-31,10:08:05.856899688,T,TGT,F I,11,92.22
2025-10-31,10:08:05.856902562,T,TGT,F,100,92.22
2025-10-31,10:08:06.465859433,T,TGT,F I,3,92.25
2025-10-31,10:08:06.465862562,T,TGT,F I,10,92.25
2025-10-31,10:08:06.465862562,T,TGT,F I,5,92.26
2025-10-31,10:08:06.466439771,T,TGT,I,36,92.24
2025-10-31,10:08:06.472066176,T,TGT,I,36,92.23
2025-10-31,10:08:06.922801089,T,TGT,I,1,92.21
2025-10-31,10:08:07.461420396,T,TGT,,100,92.19
2025-10-31,10:08:08.883436280,T,TGT,I,78,92.19
2025-10-31,10:08:08.883451344,T,TGT,I,1,92.19
2025-10-31,10:08:08.883454268,T,TGT,F I,21,92.19
2025-10-31,10:08:08.933926594,T,TGT,,100,92.21
2025-10-31,10:08:08.933935604,T,TGT,,100,92.21
2025-10-31,10:08:08.933983728,T,TGT,I,9,92.21
2025-10-31,10:08:08.934004933,T,TGT,I,91,92.21
2025-10-31,10:08:08.934043896,T,TGT,F I,25,92.21
2025-10-31,10:08:08.934070883,T,TGT,I,75,92.21
2025-10-31,10:08:08.934127993,T,TGT,I,1,92.21
2025-10-31,10:08:09.964235188,T,TGT,I,51,92.18
2025-10-31,10:08:09.964256249,T,TGT,F I,49,92.18
2025-10-31,10:08:15.807949791,T,TGT,F,100,92.2
2025-10-31,10:08:15.807952771,T,TGT,F,194,92.2
2025-10-31,10:08:15.807970857,T,TGT,F I,6,92.2
2025-10-31,10:08:15.807970857,T,TGT,F,100,92.2
2025-10-31,10:08:15.807977424,T,TGT,F,147,92.2
2025-10-31,10:08:15.807977424,T,TGT,I,1,92.2
2025-10-31,10:08:15.807980423,T,TGT,F I,6,92.2
2025-10-31,10:08:15.807980423,T,TGT,I,16,92.2
2025-10-31,10:08:15.807982766,T,TGT,F,147,92.2
2025-10-31,10:08:15.807985939,T,TGT,F I,6,92.2
2025-10-31,10:08:15.807985939,T,TGT,I,6,92.2
2025-10-31,10:08:15.808004152,T,TGT,F I,56,92.2
2025-10-31,10:08:15.808006847,T,TGT,F I,14,92.2
2025-10-31,10:08:22.359948101,T,TGT,F I,55,92.23
2025-10-31,10:08:22.360023252,T,TGT,I,2,92.24
2025-10-31,10:08:22.360029320,T,TGT,,200,92.24
2025-10-31,10:08:22.360029320,T,TGT,I,1,92.24
2025-10-31,10:08:22.361277268,T,TGT,I,1,92.25
2025-10-31,10:08:22.361283337,T,TGT,I,1,92.25
2025-10-31,10:08:22.361283337,T,TGT,I,1,92.25
2025-10-31,10:08:22.361286203,T,TGT,I,1,92.25
2025-10-31,10:08:22.695631802,T,TGT,I,99,92.25
2025-10-31,10:08:22.695652885,T,TGT,F I,1,92.25
2025-10-31,10:08:22.695655888,T,TGT,F I,16,92.25
2025-10-31,10:08:22.695655888,T,TGT,I,1,92.25
2025-10-31,10:08:27.652052340,T,TGT,F I,23,92.23
2025-10-31,10:08:27.652055783,T,TGT,F,100,92.23
2025-10-31,10:08:27.652058413,T,TGT,F,100,92.23
2025-10-31,10:08:27.652058413,T,TGT,F,100,92.23
2025-10-31,10:08:39.968042450,T,TGT,,100,92.27
2025-10-31,10:08:39.968045742,T,TGT,,200,92.27
2025-10-31,10:08:54.326134553,T,TGT,I,5,92.275
2025-10-31,10:08:54.426513956,T,TGT,I,10,92.26
2025-10-31,10:08:54.426516736,T,TGT,I,10,92.26
2025-10-31,10:08:54.503503172,T,TGT,I,80,92.26
2025-10-31,10:08:57.318338586,T,TGT,F I,38,92.25
2025-10-31,10:08:57.318356531,T,TGT,F I,62,92.25
2025-10-31,10:08:57.318356531,T,TGT,F I,5,92.25
2025-10-31,10:08:57.318363013,T,TGT,F,100,92.25
2025-10-31,10:08:57.318363013,T,TGT,F I,58,92.25
2025-10-31,10:08:57.318372291,T,TGT,F I,73,92.25
2025-10-31,10:09:06.722211381,T,TGT,F I,2,92.27
2025-10-31,10:09:09.467454894,T,TGT,F I,10,92.28
2025-10-31,10:09:09.467454894,T,TGT,F I,65,92.28
2025-10-31,10:09:12.039912798,T,TGT,F I,10,92.28
2025-10-31,10:09:12.039912798,T,TGT,F I,65,92.28
2025-10-31,10:09:15.809435684,T,TGT,I,10,92.28
2025-10-31,10:09:15.809441642,T,TGT,,100,92.29
2025-10-31,10:09:15.809441642,T,TGT,I,90,92.29
2025-10-31,10:09:15.809456819,T,TGT,I,1,92.29
2025-10-31,10:09:15.809459891,T,TGT,I,9,92.29
2025-10-31,10:09:15.809459891,T,TGT,I,5,92.29
2025-10-31,10:09:17.238314472,T,TGT,I,1,92.25
2025-10-31,10:09:17.238316924,T,TGT,I,20,92.25
2025-10-31,10:09:18.523738504,T,TGT,I,45,92.23
2025-10-31,10:09:18.523753488,T,TGT,F I,55,92.23
2025-10-31,10:09:18.524090282,T,TGT,I,27,92.23
2025-10-31,10:09:43.042865411,T,TGT,F I,10,92.25
2025-10-31,10:09:43.043638456,T,TGT,F,100,92.26
2025-10-31,10:09:43.043641554,T,TGT,F I,4,92.26
2025-10-31,10:09:43.043641554,T,TGT,F I,15,92.26
2025-10-31,10:09:43.043644251,T,TGT,F I,9,92.26
2025-10-31,10:09:43.043662408,T,TGT,F I,14,92.26
2025-10-31,10:09:43.043662408,T,TGT,F I,9,92.26
2025-10-31,10:09:43.043665539,T,TGT,I,1,92.26
2025-10-31,10:09:43.043665539,T,TGT,F I,90,92.26
2025-10-31,10:09:59.102907396,T,TGT,I,75,92.22
2025-10-31,10:09:59.102907396,T,TGT,I,25,92.225
2025-10-31,10:09:59.102913655,T,TGT,,100,92.225
2025-10-31,10:09:59.102964511,T,TGT,I,75,92.22
2025-10-31,10:09:59.104134229,T,TGT,I,50,92.22
2025-10-31,10:10:01.730351521,T,TGT,F I,10,92.24
2025-10-31,10:10:01.730351521,T,TGT,F I,10,92.24
2025-10-31,10:10:01.730354490,T,TGT,F I,21,92.24
2025-10-31,10:10:01.730354490,T,TGT,F I,5,92.24
2025-10-31,10:10:01.730757463,T,TGT,F,194,92.25
2025-10-31,10:10:01.730757463,T,TGT,F,194,92.25
2025-10-31,10:10:01.730766303,T,TGT,F,194,92.25
2025-10-31,10:10:01.730781678,T,TGT,F,318,92.25
2025-10-31,10:10:01.730781678,T,TGT,F,300,92.25
2025-10-31,10:10:01.730841616,T,TGT,,100,92.24
2025-10-31,10:10:01.730988796,T,TGT,,100,92.24
2025-10-31,10:10:19.410563226,T,TGT,I,1,92.23
2025-10-31,10:10:19.410566282,T,TGT,I,20,92.23
2025-10-31,10:10:19.410671529,T,TGT,I,56,92.22
2025-10-31,10:10:19.410671529,T,TGT,I,42,92.22
2025-10-31,10:10:19.410692512,T,TGT,I,1,92.22
2025-10-31,10:10:19.410692512,T,TGT,I,1,92.22
2025-10-31,10:10:19.410714219,T,TGT,I,56,92.22
2025-10-31,10:10:19.410717163,T,TGT,I,5,92.22
2025-10-31,10:10:19.410717163,T,TGT,I,20,92.22
2025-10-31,10:10:19.444944181,T,TGT,F,510,92.2
2025-10-31,10:10:19.444962157,T,TGT,F I,90,92.2
2025-10-31,10:10:19.444965237,T,TGT,F I,5,92.2
2025-10-31,10:10:22.624686778,T,TGT,F I,50,92.21
2025-10-31,10:10:25.935246944,T,TGT,F I,75,92.2
2025-10-31,10:10:29.249752603,T,TGT,F I,14,92.18
2025-10-31,10:10:29.249770677,T,TGT,F I,86,92.18
2025-10-31,10:10:29.252125231,T,TGT,I,32,92.175
2025-10-31,10:10:29.252474153,T,TGT,I,65,92.17
2025-10-31,10:10:29.252498193,T,TGT,F,105,92.17
2025-10-31,10:10:29.252498193,T,TGT,F I,35,92.17
2025-10-31,10:10:29.252501202,T,TGT,I,45,92.17
2025-10-31,10:10:30.325042463,T,TGT,I,50,92.17
2025-10-31,10:10:30.325045567,T,TGT,,100,92.17
2025-10-31,10:10:30.325066594,T,TGT,F I,80,92.17
2025-10-31,10:10:46.167366105,T,TGT,I,24,92.16
2025-10-31,10:10:47.743847638,T,TGT,F,100,92.13
2025-10-31,10:11:01.382926660,T,TGT,I,10,92.15
2025-10-31,10:11:01.382926660,T,TGT,I,2,92.15
2025-10-31,10:11:01.382932455,T,TGT,I,88,92.15
2025-10-31,10:11:01.382947506,T,TGT,F I,12,92.15
2025-10-31,10:11:01.382950561,T,TGT,F I,2,92.15
2025-10-31,10:11:01.382950561,T,TGT,F I,80,92.15
2025-10-31,10:11:01.483137140,T,TGT,,100,92.16
2025-10-31,10:11:01.484779027,T,TGT,F,100,92.19
2025-10-31,10:11:04.065392299,T,TGT,I,1,92.15
2025-10-31,10:11:06.216203585,T,TGT,I,5,92.13
2025-10-31,10:11:06.697743826,T,TGT,I,14,92.12
2025-10-31,10:11:07.964716363,T,TGT,I,1,92.12
2025-10-31,10:11:15.060208209,T,TGT,I,21,92.11
2025-10-31,10:11:28.508425638,T,TGT,,100,92.11
2025-10-31,10:11:40.763003014,T,TGT,,100,92.15
2025-10-31,10:11:40.763003014,T,TGT,I,10,92.15
2025-10-31,10:11:40.772923544,T,TGT,F I,75,92.16
2025-10-31,10:11:40.772968638,T,TGT,F I,25,92.16
2025-10-31,10:11:46.218763172,T,TGT,I,1,92.15
2025-10-31,10:11:46.218763172,T,TGT,I,80,92.15
2025-10-31,10:12:12.525032069,T,TGT,F I,5,92.11
2025-10-31,10:12:12.525034799,T,TGT,F I,1,92.11
2025-10-31,10:12:12.525034799,T,TGT,F I,1,92.11
2025-10-31,10:12:12.525037823,T,TGT,F,100,92.11
2025-10-31,10:12:12.525273051,T,TGT,F I,1,92.1
2025-10-31,10:12:12.525275448,T,TGT,F,232,92.1
2025-10-31,10:12:12.525293452,T,TGT,I,1,92.1
2025-10-31,10:12:12.525299428,T,TGT,I,74,92.1
2025-10-31,10:12:12.525299428,T,TGT,I,25,92.1
2025-10-31,10:12:12.525377596,T,TGT,I,30,92.09
2025-10-31,10:12:12.525380682,T,TGT,I,5,92.09
2025-10-31,10:12:12.525711418,T,TGT,,100,92.1
2025-10-31,10:12:12.525714480,T,TGT,I,23,92.1
2025-10-31,10:12:12.525718019,T,TGT,I,20,92.1
2025-10-31,10:12:12.525735453,T,TGT,I,1,92.1
2025-10-31,10:12:12.525735453,T,TGT,I,1,92.1
2025-10-31,10:12:12.526610586,T,TGT,F I,1,92.09
2025-10-31,10:12:12.526893288,T,TGT,I,5,92.11
2025-10-31,10:12:37.448991638,T,TGT,F I,50,92.115
2025-10-31,10:12:37.567001780,T,TGT,,100,92.15
2025-10-31,10:12:37.567004841,T,TGT,I,11,92.15
2025-10-31,10:12:42.147812547,T,TGT,F I,75,92.16
2025-10-31,10:12:50.581164764,T,TGT,I,1,92.15
2025-10-31,10:12:52.080546048,T,TGT,I,80,92.15
2025-10-31,10:13:15.710604185,T,TGT,I,13,92.17
2025-10-31,10:13:15.710661220,T,TGT,F I,13,92.17
2025-10-31,10:13:15.710670227,T,TGT,I,13,92.17
2025-10-31,10:13:15.710691250,T,TGT,I,13,92.17
2025-10-31,10:13:15.710725123,T,TGT,F I,3,92.18
2025-10-31,10:13:15.710727996,T,TGT,F I,10,92.18
2025-10-31,10:13:15.710817523,T,TGT,I,2,92.19
2025-10-31,10:13:15.710859688,T,TGT,I,1,92.19
2025-10-31,10:13:26.168626104,T,TGT,F I,1,92.16
2025-10-31,10:13:26.168632100,T,TGT,F I,1,92.16
2025-10-31,10:13:26.168632100,T,TGT,F,100,92.16
2025-10-31,10:13:28.360256684,T,TGT,F I,75,92.125
2025-10-31,10:13:31.292934228,T,TGT,F I,50,92.11
2025-10-31,10:13:31.292937390,T,TGT,F I,50,92.11
2025-10-31,10:13:31.292937390,T,TGT,F I,5,92.1
2025-10-31,10:14:11.133884966,T,TGT,,100,92.15
2025-10-31,10:14:11.133884966,T,TGT,I,1,92.15
2025-10-31,10:14:11.133887643,T,TGT,I,1,92.15
2025-10-31,10:14:11.133891241,T,TGT,I,1,92.15
2025-10-31,10:14:11.133891241,T,TGT,,100,92.15
2025-10-31,10:14:11.133891241,T,TGT,I,1,92.15
2025-10-31,10:14:11.133893656,T,TGT,I,2,92.15
2025-10-31,10:14:11.134389881,T,TGT,F I,41,92.16
2025-10-31,10:14:11.134678501,T,TGT,I,1,92.15
2025-10-31,10:14:13.364842836,T,TGT,I,3,92.18
2025-10-31,10:14:13.366159973,T,TGT,I,1,92.18
2025-10-31,10:14:14.185871445,T,TGT,,100,92.19
2025-10-31,10:14:14.185874229,T,TGT,I,93,92.19
2025-10-31,10:14:14.185874229,T,TGT,,100,92.19
2025-10-31,10:14:14.185894964,T,TGT,I,36,92.19
2025-10-31,10:14:14.185894964,T,TGT,I,1,92.19
2025-10-31,10:14:14.185901321,T,TGT,F I,63,92.19
2025-10-31,10:14:14.185955059,T,TGT,I,40,92.2
2025-10-31,10:14:14.185955059,T,TGT,I,2,92.2
2025-10-31,10:14:14.200572881,T,TGT,I,80,92.22
2025-10-31,10:14:14.200596986,T,TGT,F I,20,92.22
2025-10-31,10:14:22.047867794,T,TGT,F I,1,92.23
2025-10-31,10:14:22.047873733,T,TGT,F I,19,92.23
2025-10-31,10:14:22.555807856,T,TGT,F I,6,92.22
2025-10-31,10:14:24.295837452,T,TGT,F,100,92.25
2025-10-31,10:14:31.184574591,T,TGT,F,100,92.25
2025-10-31,10:14:34.737443162,T,TGT,F I,7,92.26
2025-10-31,10:14:34.737443162,T,TGT,F,100,92.26
2025-10-31,10:14:34.737449172,T,TGT,F I,10,92.26
2025-10-31,10:14:41.340890690,T,TGT,I,36,92.26
2025-10-31,10:14:41.341233409,T,TGT,F I,4,92.25
2025-10-31,10:14:41.341236860,T,TGT,F I,60,92.25
2025-10-31,10:14:41.341296637,T,TGT,I,1,92.24
2025-10-31,10:14:41.341296637,T,TGT,I,30,92.24
2025-10-31,10:14:41.341323652,T,TGT,I,30,92.24
2025-10-31,10:14:49.799056116,T,TGT,F I,8,92.24
2025-10-31,10:14:49.799056116,T,TGT,F I,8,92.24
2025-10-31,10:14:49.799061938,T,TGT,F I,59,92.24
2025-10-31,10:14:49.799061938,T,TGT,F I,25,92.24
2025-10-31,10:14:49.799075926,T,TGT,F I,75,92.24
2025-10-31,10:14:49.799075926,T,TGT,I,6,92.24
2025-10-31,10:14:49.799078886,T,TGT,F I,69,92.24
2025-10-31,10:15:01.390353760,T,TGT,I,45,92.26
2025-10-31,10:15:01.390375374,T,TGT,F I,55,92.26
2025-10-31,10:15:01.390375374,T,TGT,F I,10,92.26
2025-10-31,10:15:01.390377854,T,TGT,F I,3,92.26
2025-10-31,10:15:05.722788076,T,TGT,,100,92.26
2025-10-31,10:15:09.930102641,T,TGT,F I,2,92.29
2025-10-31,10:15:17.315821893,T,TGT,F I,21,92.34
2025-10-31,10:15:17.316050401,T,TGT,F I,10,92.35
2025-10-31,10:15:17.316053463,T,TGT,F I,18,92.35
2025-10-31,10:15:17.316068460,T,TGT,F I,48,92.35
2025-10-31,10:15:17.316140597,T,TGT,I,3,92.35
2025-10-31,10:15:18.092897179,T,TGT,I,8,92.35
2025-10-31,10:15:19.385611034,T,TGT,I,10,92.38
2025-10-31,10:15:19.385613996,T,TGT,,100,92.38
2025-10-31,10:15:19.385629036,T,TGT,F I,26,92.37
2025-10-31,10:15:19.385632106,T,TGT,I,1,92.37
2025-10-31,10:15:19.385716259,T,TGT,F I,45,92.37
2025-10-31,10:15:20.964528801,T,TGT,F I,10,92.39
2025-10-31,10:15:20.964688155,T,TGT,F I,7,92.4
2025-10-31,10:15:20.974109651,T,TGT,F I,23,92.39
2025-10-31,10:15:20.974124650,T,TGT,F I,23,92.39
2025-10-31,10:15:20.974130644,T,TGT,F I,77,92.39
2025-10-31,10:15:24.400559954,T,TGT,I,18,92.4
2025-10-31,10:15:24.400563112,T,TGT,I,23,92.4
2025-10-31,10:15:24.400563112,T,TGT,I,20,92.4
2025-10-31,10:15:24.400577948,T,TGT,F I,30,92.4
2025-10-31,10:15:26.325262564,T,TGT,I,21,92.41
2025-10-31,10:15:26.569576655,T,TGT,F I,79,92.41
2025-10-31,10:15:26.569576655,T,TGT,F I,21,92.41
2025-10-31,10:15:26.569591703,T,TGT,I,1,92.41
2025-10-31,10:15:27.982925767,T,TGT,F I,78,92.41
2025-10-31,10:15:29.132447466,T,TGT,F I,10,92.42
2025-10-31,10:15:29.132450500,T,TGT,F I,10,92.42
2025-10-31,10:15:29.161379615,T,TGT,I,10,92.44
2025-10-31,10:15:30.815193969,T,TGT,I,1,92.45
2025-10-31,10:15:30.815193969,T,TGT,I,17,92.45
2025-10-31,10:15:34.610063576,T,TGT,F I,10,92.47
2025-10-31,10:15:43.197175697,T,TGT,F I,20,92.49
2025-10-31,10:15:43.197196354,T,TGT,I,12,92.49
2025-10-31,10:15:43.197301410,T,TGT,F I,50,92.48
2025-10-31,10:15:48.316641080,T,TGT,F,100,92.44
2025-10-31,10:15:48.316644100,T,TGT,F I,1,92.44
2025-10-31,10:15:48.322817760,T,TGT,I,80,92.43
2025-10-31,10:15:48.324080822,T,TGT,I,80,92.43
2025-10-31,10:16:14.012133764,T,TGT,I,80,92.48
2025-10-31,10:16:14.012137333,T,TGT,I,36,92.49
2025-10-31,10:16:14.013453751,T,TGT,I,16,92.49
2025-10-31,10:16:15.319841231,T,TGT,F I,54,92.48
2025-10-31,10:16:18.129423148,T,TGT,F I,21,92.47
2025-10-31,10:16:18.129426103,T,TGT,F,100,92.47
2025-10-31,10:16:18.129434966,T,TGT,F I,4,92.47
2025-10-31,10:16:18.129434966,T,TGT,F I,50,92.47
2025-10-31,10:16:18.129437947,T,TGT,F,100,92.47
2025-10-31,10:16:25.941371614,T,TGT,I,10,92.445
2025-10-31,10:16:43.500800419,T,TGT,I,5,92.48
2025-10-31,10:16:43.500800419,T,TGT,I,44,92.48
2025-10-31,10:16:43.500818371,T,TGT,F I,17,92.48
2025-10-31,10:16:43.500824542,T,TGT,F,139,92.48
2025-10-31,10:16:43.500824542,T,TGT,F I,10,92.48
2025-10-31,10:16:43.500827291,T,TGT,F I,5,92.48
2025-10-31,10:16:44.441137711,T,TGT,F I,1,92.49
2025-10-31,10:16:44.442226115,T,TGT,F I,5,92.5
2025-10-31,10:16:44.442737386,T,TGT,F,100,92.49
2025-10-31,10:16:44.442740386,T,TGT,F I,23,92.49
2025-10-31,10:16:44.442761447,T,TGT,F I,30,92.48
2025-10-31,10:16:44.442761447,T,TGT,F I,4,92.48
2025-10-31,10:16:44.443726775,T,TGT,F I,75,92.48
2025-10-31,10:16:44.443774858,T,TGT,F I,17,92.48
2025-10-31,10:16:44.443801907,T,TGT,F I,35,92.47
2025-10-31,10:16:44.443801907,T,TGT,F I,1,92.47
2025-10-31,10:16:44.443853079,T,TGT,F I,75,92.47
2025-10-31,10:16:47.581408089,T,TGT,F I,35,92.49
2025-10-31,10:16:49.944398850,T,TGT,I,5,92.5
2025-10-31,10:16:49.944401909,T,TGT,I,31,92.5
2025-10-31,10:16:49.945151021,T,TGT,F I,4,92.49
2025-10-31,10:16:49.945153712,T,TGT,F I,50,92.49
2025-10-31,10:17:01.682525579,T,TGT,F,100,92.46
2025-10-31,10:17:01.683776792,T,TGT,I,1,92.45
2025-10-31,10:17:01.683776792,T,TGT,I,1,92.45
2025-10-31,10:17:01.683779561,T,TGT,I,1,92.45
2025-10-31,10:17:01.683782623,T,TGT,I,2,92.45
2025-10-31,10:17:02.347322361,T,TGT,I,4,92.44
2025-10-31,10:17:08.096693054,T,TGT,F I,50,92.47
2025-10-31,10:17:11.012033815,T,TGT,I,3,92.46
2025-10-31,10:17:24.859560020,T,TGT,I,2,92.46
2025-10-31,10:17:24.862095196,T,TGT,I,75,92.46
2025-10-31,10:17:27.187905096,T,TGT,F I,50,92.44
2025-10-31,10:17:27.187977322,T,TGT,F I,1,92.43
2025-10-31,10:17:27.187980441,T,TGT,F,100,92.43
2025-10-31,10:17:27.187983300,T,TGT,F,100,92.43
2025-10-31,10:17:31.759020743,T,TGT,I,70,92.43
2025-10-31,10:17:31.790842523,T,TGT,I,50,92.43
2025-10-31,10:17:32.080273038,T,TGT,I,50,92.435
2025-10-31,10:17:32.080492601,T,TGT,I,50,92.435
2025-10-31,10:17:34.287928700,T,TGT,I,10,92.45
2025-10-31,10:17:34.339856465,T,TGT,I,24,92.46
2025-10-31,10:17:34.339877483,T,TGT,F I,76,92.46
2025-10-31,10:17:34.716555072,T,TGT,F I,5,92.48
2025-10-31,10:17:34.717063125,T,TGT,F I,23,92.47
2025-10-31,10:17:34.717066091,T,TGT,F I,50,92.47
2025-10-31,10:17:34.717072808,T,TGT,I,50,92.48
2025-10-31,10:17:35.845877868,T,TGT,F I,23,92.48
2025-10-31,10:17:35.845877868,T,TGT,F I,18,92.48
2025-10-31,10:17:35.845883827,T,TGT,F,100,92.48
2025-10-31,10:17:35.845883827,T,TGT,F I,7,92.48
2025-10-31,10:17:35.845883827,T,TGT,F I,7,92.48
2025-10-31,10:17:35.845886529,T,TGT,F,100,92.48
2025-10-31,10:17:35.846746503,T,TGT,I,5,92.49
2025-10-31,10:17:35.847714853,T,TGT,I,5,92.48
2025-10-31,10:17:39.900611746,T,TGT,I,1,92.5
2025-10-31,10:17:39.900615140,T,TGT,I,1,92.5
2025-10-31,10:17:39.901649256,T,TGT,I,5,92.51
2025-10-31,10:17:39.902993506,T,TGT,F I,2,92.52
2025-10-31,10:17:39.903080630,T,TGT,F I,2,92.51
2025-10-31,10:17:39.951532038,T,TGT,I,75,92.5
2025-10-31,10:17:39.951580165,T,TGT,I,25,92.495
2025-10-31,10:17:50.347979416,T,TGT,,100,92.54
2025-10-31,10:17:50.347979416,T,TGT,I,2,92.54
2025-10-31,10:17:50.347982962,T,TGT,I,1,92.54
2025-10-31,10:17:50.348093450,T,TGT,,100,92.54
2025-10-31,10:18:08.125902893,T,TGT,F I,1,92.49
2025-10-31,10:18:08.125905587,T,TGT,F I,1,92.49
2025-10-31,10:18:08.125908421,T,TGT,F I,1,92.49
2025-10-31,10:18:15.191680257,T,TGT,F,100,92.47
2025-10-31,10:18:31.336932768,T,TGT,I,11,92.52
2025-10-31,10:18:31.336932768,T,TGT,I,5,92.52
2025-10-31,10:18:31.364625760,T,TGT,I,50,92.54
2025-10-31,10:18:32.542038926,T,TGT,F I,50,92.55
2025-10-31,10:18:56.970402383,T,TGT,I,75,92.48
2025-10-31,10:19:04.104907056,T,TGT,F,100,92.46
2025-10-31,10:19:04.104907056,T,TGT,F I,1,92.46
2025-10-31,10:19:04.104909367,T,TGT,F I,1,92.46
2025-10-31,10:19:04.105315093,T,TGT,F I,4,92.45
2025-10-31,10:19:04.125378828,T,TGT,I,66,92.46
2025-10-31,10:19:04.125396885,T,TGT,I,1,92.46
2025-10-31,10:19:04.125423912,T,TGT,F I,33,92.46
2025-10-31,10:19:05.021336451,T,TGT,I,60,92.465
2025-10-31,10:19:11.193785059,T,TGT,F I,10,92.47
2025-10-31,10:19:11.193788082,T,TGT,F I,4,92.47
2025-10-31,10:19:13.800578627,T,TGT,F,100,92.5
2025-10-31,10:19:13.800578627,T,TGT,F,100,92.5
2025-10-31,10:19:13.800594377,T,TGT,F,100,92.5
2025-10-31,10:19:13.800594377,T,TGT,F I,59,92.5
2025-10-31,10:19:13.800599650,T,TGT,I,1,92.5
2025-10-31,10:19:13.800617714,T,TGT,F,100,92.5
2025-10-31,10:19:13.800626795,T,TGT,F I,25,92.5
2025-10-31,10:19:13.800644760,T,TGT,I,75,92.5
2025-10-31,10:19:13.800647953,T,TGT,I,25,92.5
2025-10-31,10:19:13.800656822,T,TGT,F I,75,92.5
2025-10-31,10:19:13.800665839,T,TGT,I,75,92.5
2025-10-31,10:19:13.800813585,T,TGT,F I,25,92.5
2025-10-31,10:19:13.800816161,T,TGT,F I,50,92.5
2025-10-31,10:19:13.800843238,T,TGT,I,50,92.5
2025-10-31,10:19:13.800975562,T,TGT,,100,92.5
2025-10-31,10:19:13.800978560,T,TGT,I,40,92.5
2025-10-31,10:19:13.802617541,T,TGT,I,72,92.5
2025-10-31,10:19:13.802659594,T,TGT,I,28,92.5
2025-10-31,10:19:13.802659594,T,TGT,I,30,92.5
2025-10-31,10:19:18.528289288,T,TGT,F,100,92.51
2025-10-31,10:19:22.146356659,T,TGT,I,4,92.52
2025-10-31,10:19:22.146356659,T,TGT,I,5,92.52
2025-10-31,10:19:22.146359237,T,TGT,I,54,92.52
2025-10-31,10:19:50.275874997,T,TGT,F I,30,92.51
2025-10-31,10:19:50.275874997,T,TGT,F I,70,92.52
2025-10-31,10:19:50.275896042,T,TGT,F I,30,92.52
2025-10-31,10:19:50.275896042,T,TGT,F I,10,92.52
2025-10-31,10:19:50.275898833,T,TGT,F,100,92.52
2025-10-31,10:19:50.276918190,T,TGT,F I,1,92.51
2025-10-31,10:19:59.286815852,T,TGT,I,4,92.53
2025-10-31,10:20:03.477366174,T,TGT,F,100,92.5
2025-10-31,10:20:03.477369047,T,TGT,F I,19,92.5
2025-10-31,10:20:03.477369047,T,TGT,F I,1,92.5
2025-10-31,10:20:03.477372501,T,TGT,F I,21,92.5
2025-10-31,10:20:03.477372501,T,TGT,F,100,92.5
2025-10-31,10:20:03.477428759,T,TGT,F I,1,92.49
2025-10-31,10:20:03.477750575,T,TGT,F I,14,92.48
2025-10-31,10:20:03.478033265,T,TGT,F,100,92.47
2025-10-31,10:20:06.361389740,T,TGT,I,3,92.43
2025-10-31,10:20:06.361389740,T,TGT,I,3,92.43
2025-10-31,10:20:06.361392806,T,TGT,I,3,92.43
2025-10-31,10:20:06.361392806,T,TGT,I,3,92.43
2025-10-31,10:20:07.395186695,T,TGT,F I,13,92.41
2025-10-31,10:20:17.062567842,T,TGT,F I,75,92.4
2025-10-31,10:20:26.807527822,T,TGT,I,15,92.37
2025-10-31,10:20:26.807548854,T,TGT,I,1,92.37
2025-10-31,10:20:26.807551883,T,TGT,I,4,92.37
2025-10-31,10:20:26.807575898,T,TGT,I,50,92.36
2025-10-31,10:20:26.807599927,T,TGT,F I,31,92.36
2025-10-31,10:20:26.807612046,T,TGT,I,17,92.36
2025-10-31,10:20:26.807618139,T,TGT,I,2,92.36
2025-10-31,10:20:26.807618139,T,TGT,I,1,92.36
2025-10-31,10:20:26.807621163,T,TGT,I,13,92.36
2025-10-31,10:20:26.807623989,T,TGT,I,17,92.36
2025-10-31,10:20:26.807627370,T,TGT,I,11,92.36
2025-10-31,10:20:26.807630099,T,TGT,F I,59,92.36
2025-10-31,10:20:27.149577709,T,TGT,F I,12,92.35
2025-10-31,10:20:28.251005840,T,TGT,I,19,92.37
2025-10-31,10:20:28.252257741,T,TGT,F,100,92.38
2025-10-31,10:20:28.252257741,T,TGT,F I,10,92.38
2025-10-31,10:20:28.252259817,T,TGT,F I,5,92.38
2025-10-31,10:20:53.624211520,T,TGT,F,100,92.34
2025-10-31,10:20:55.932117055,T,TGT,F,100,92.31
2025-10-31,10:20:59.580806022,T,TGT,F I,36,92.28
2025-10-31,10:20:59.580806022,T,TGT,F I,26,92.28
2025-10-31,10:20:59.580827187,T,TGT,F I,74,92.28
2025-10-31,10:20:59.580829939,T,TGT,F,100,92.28
2025-10-31,10:20:59.580829939,T,TGT,F,100,92.28
2025-10-31,10:20:59.586390321,T,TGT,I,50,92.24
2025-10-31,10:20:59.586393629,T,TGT,I,75,92.24
2025-10-31,10:20:59.586393629,T,TGT,,100,92.24
2025-10-31,10:20:59.586396406,T,TGT,I,30,92.23
2025-10-31,10:20:59.586396406,T,TGT,I,29,92.23
2025-10-31,10:20:59.586618782,T,TGT,I,50,92.26
2025-10-31,10:21:07.237915440,T,TGT,I,32,92.26
2025-10-31,10:21:07.237961661,T,TGT,I,68,92.26
2025-10-31,10:21:07.237961661,T,TGT,,100,92.26
2025-10-31,10:21:07.237966797,T,TGT,I,80,92.26
2025-10-31,10:21:07.237981678,T,TGT,F,120,92.26
2025-10-31,10:21:07.237987860,T,TGT,F I,27,92.26
2025-10-31,10:21:07.237987860,T,TGT,F,100,92.26
2025-10-31,10:21:07.237987860,T,TGT,F I,54,92.26
2025-10-31,10:21:07.237990662,T,TGT,I,1,92.26
2025-10-31,10:21:07.237990662,T,TGT,I,20,92.26
2025-10-31,10:21:07.237993664,T,TGT,,100,92.26
2025-10-31,10:21:07.237996964,T,TGT,I,23,92.26
2025-10-31,10:21:07.237996964,T,TGT,I,2,92.26
2025-10-31,10:21:07.237999832,T,TGT,I,90,92.26
2025-10-31,10:21:07.238059839,T,TGT,,100,92.26
2025-10-31,10:21:07.238059839,T,TGT,,100,92.27
2025-10-31,10:21:07.238080927,T,TGT,I,1,92.27
2025-10-31,10:21:07.238083832,T,TGT,I,99,92.27
2025-10-31,10:21:07.238083832,T,TGT,I,1,92.27
2025-10-31,10:21:07.238111088,T,TGT,,100,92.28
2025-10-31,10:21:07.238113971,T,TGT,I,31,92.28
2025-10-31,10:21:07.238249695,T,TGT,I,29,92.28
2025-10-31,10:21:07.238252244,T,TGT,I,30,92.28
2025-10-31,10:21:07.238583342,T,TGT,I,8,92.28
2025-10-31,10:21:07.238586033,T,TGT,I,36,92.28
2025-10-31,10:21:07.238748424,T,TGT,I,24,92.28
2025-10-31,10:21:07.239662681,T,TGT,F I,5,92.28
2025-10-31,10:21:07.239662681,T,TGT,F I,1,92.28
2025-10-31,10:21:07.239665702,T,TGT,F I,18,92.28
2025-10-31,10:21:07.239722777,T,TGT,I,1,92.29
2025-10-31,10:21:07.239722777,T,TGT,I,5,92.29
2025-10-31,10:21:09.882461127,T,TGT,I,3,92.32
2025-10-31,10:21:09.882461127,T,TGT,I,1,92.32
2025-10-31,10:21:09.882466919,T,TGT,,100,92.32
2025-10-31,10:21:09.882466919,T,TGT,,100,92.32
2025-10-31,10:21:09.882466919,T,TGT,,100,92.32
2025-10-31,10:21:09.882725760,T,TGT,I,2,92.33
2025-10-31,10:21:09.882749659,T,TGT,F I,2,92.33
2025-10-31,10:21:11.608795804,T,TGT,I,78,92.32
2025-10-31,10:21:11.608813923,T,TGT,I,1,92.32
2025-10-31,10:21:11.608820124,T,TGT,I,21,92.32
2025-10-31,10:21:11.608820124,T,TGT,I,40,92.32
2025-10-31,10:21:11.608937148,T,TGT,F I,8,92.32
2025-10-31,10:21:13.097688008,T,TGT,F I,13,92.35
2025-10-31,10:21:13.097690980,T,TGT,F I,1,92.35
2025-10-31,10:21:13.691687842,T,TGT,F I,75,92.35
2025-10-31,10:21:13.691807497,T,TGT,I,25,92.35
2025-10-31,10:21:19.935300237,T,TGT,I,34,92.33
2025-10-31,10:21:19.935318339,T,TGT,F I,3,92.33
2025-10-31,10:21:25.251642373,T,TGT,F I,1,92.32
2025-10-31,10:21:25.251645318,T,TGT,F,100,92.32
2025-10-31,10:21:25.251648366,T,TGT,F I,36,92.32
2025-10-31,10:21:25.251648366,T,TGT,F,100,92.32
2025-10-31,10:21:25.251651342,T,TGT,F I,1,92.32
2025-10-31,10:21:26.473829107,T,TGT,I,75,92.33
2025-10-31,10:21:30.608794575,T,TGT,F I,3,92.34
2025-10-31,10:21:30.608819114,T,TGT,I,1,92.34
2025-10-31,10:21:30.608854605,T,TGT,F I,2,92.34
2025-10-31,10:21:32.271296300,T,TGT,F I,4,92.35
2025-10-31,10:22:11.822286834,T,TGT,I,2,92.36
2025-10-31,10:22:11.822289851,T,TGT,I,18,92.36
2025-10-31,10:22:11.822293237,T,TGT,,100,92.36
2025-10-31,10:22:11.822293237,T,TGT,I,10,92.36
2025-10-31,10:22:11.822298877,T,TGT,I,1,92.36
2025-10-31,10:22:11.822298877,T,TGT,I,4,92.36
2025-10-31,10:22:11.822302448,T,TGT,I,1,92.36
2025-10-31,10:22:11.822305325,T,TGT,I,20,92.36
2025-10-31,10:22:11.822307990,T,TGT,I,1,92.36
2025-10-31,10:22:11.822310832,T,TGT,I,36,92.36
2025-10-31,10:22:19.591759278,T,TGT,F I,20,92.38
2025-10-31,10:22:19.591762925,T,TGT,F I,49,92.38
2025-10-31,10:22:19.591765250,T,TGT,F,100,92.38
2025-10-31,10:22:19.591768641,T,TGT,F I,2,92.38
2025-10-31,10:22:19.591768641,T,TGT,F,100,92.38
2025-10-31,10:22:19.592132229,T,TGT,F I,5,92.39
2025-10-31,10:22:19.609618789,T,TGT,I,1,92.4
2025-10-31,10:22:19.609666951,T,TGT,F I,10,92.41
2025-10-31,10:22:19.609669936,T,TGT,F I,2,92.41
2025-10-31,10:22:19.649021659,T,TGT,I,13,92.42
2025-10-31,10:22:19.649042817,T,TGT,I,1,92.42
2025-10-31,10:22:20.297170938,T,TGT,I,75,92.405
2025-10-31,10:22:31.607825989,T,TGT,F I,1,92.44
2025-10-31,10:22:31.607862135,T,TGT,F,100,92.42
2025-10-31,10:22:31.607862135,T,TGT,F I,42,92.44
2025-10-31,10:22:31.607865072,T,TGT,F I,46,92.44
2025-10-31,10:22:31.607871129,T,TGT,F,100,92.44
2025-10-31,10:22:32.518837441,T,TGT,I,7,92.48
2025-10-31,10:22:33.867283023,T,TGT,I,13,92.46
2025-10-31,10:22:38.274589333,T,TGT,F I,25,92.49
2025-10-31,10:22:38.347879896,T,TGT,F I,38,92.5
2025-10-31,10:22:38.347882940,T,TGT,F I,11,92.5
2025-10-31,10:22:47.045119701,T,TGT,F,100,92.51
2025-10-31,10:22:47.045122697,T,TGT,F I,10,92.51
2025-10-31,10:23:05.477010773,T,TGT,F,600,92.49
2025-10-31,10:23:05.477014561,T,TGT,F I,17,92.49
2025-10-31,10:23:05.477014561,T,TGT,F I,1,92.49
2025-10-31,10:23:05.477019734,T,TGT,F I,20,92.49
2025-10-31,10:23:05.477019734,T,TGT,F I,5,92.49
2025-10-31,10:23:05.477019734,T,TGT,F I,2,92.49
2025-10-31,10:23:05.477031783,T,TGT,I,10,92.49
2025-10-31,10:23:05.477870808,T,TGT,F I,25,92.48
2025-10-31,10:23:13.825638949,T,TGT,I,3,92.4
2025-10-31,10:23:13.826832709,T,TGT,I,1,92.4
2025-10-31,10:23:18.023216341,T,TGT,I,20,92.45
2025-10-31,10:23:18.023270411,T,TGT,F I,20,92.46
2025-10-31,10:23:19.229765852,T,TGT,I,20,92.48
2025-10-31,10:23:23.715102014,T,TGT,F,1000,92.44
2025-10-31,10:23:23.715108001,T,TGT,F I,2,92.44
2025-10-31,10:23:23.715117209,T,TGT,F I,98,92.44
2025-10-31,10:23:23.715198244,T,TGT,I,75,92.45
2025-10-31,10:23:23.715264376,T,TGT,I,25,92.45
2025-10-31,10:23:27.025854684,T,TGT,I,78,92.48
2025-10-31,10:23:27.025870284,T,TGT,I,1,92.48
2025-10-31,10:23:32.555266429,T,TGT,I,3,92.48
2025-10-31,10:23:32.555290573,T,TGT,I,1,92.48
2025-10-31,10:23:35.970022063,T,TGT,I,1,92.48
2025-10-31,10:23:38.629477200,T,TGT,I,13,92.48
2025-10-31,10:23:46.197380277,T,TGT,I,3,92.49
2025-10-31,10:23:46.197380277,T,TGT,I,1,92.49
2025-10-31,10:23:46.197382508,T,TGT,I,56,92.49
2025-10-31,10:23:52.762335102,T,TGT,F I,6,92.47
2025-10-31,10:23:52.762335102,T,TGT,F I,6,92.47
2025-10-31,10:23:52.762347087,T,TGT,I,6,92.47
2025-10-31,10:24:00.238705797,T,TGT,I,6,92.5
2025-10-31,10:24:00.238708298,T,TGT,,100,92.5
2025-10-31,10:24:00.238711241,T,TGT,I,10,92.5
2025-10-31,10:24:00.238726347,T,TGT,I,1,92.5
2025-10-31,10:24:03.251249513,T,TGT,I,6,92.53
2025-10-31,10:24:03.251249513,T,TGT,I,1,92.53
2025-10-31,10:24:29.231065691,T,TGT,I,4,92.53
2025-10-31,10:24:29.231086743,T,TGT,I,1,92.53
2025-10-31,10:24:29.231919818,T,TGT,I,51,92.5
2025-10-31,10:24:29.231919818,T,TGT,I,20,92.5
2025-10-31,10:24:29.231922685,T,TGT,I,30,92.5
2025-10-31,10:24:29.231940858,T,TGT,I,1,92.5
2025-10-31,10:24:38.388212169,T,TGT,I,6,92.5
2025-10-31,10:24:42.154378887,T,TGT,F I,51,92.51
2025-10-31,10:24:43.403660272,T,TGT,I,25,92.53
2025-10-31,10:24:43.403723372,T,TGT,F I,16,92.53
2025-10-31,10:24:44.880568952,T,TGT,I,10,92.53
2025-10-31,10:24:44.888622181,T,TGT,I,9,92.51
2025-10-31,10:24:53.175555362,T,TGT,F I,16,92.505
2025-10-31,10:25:10.098228948,T,TGT,I,1,92.53
2025-10-31,10:25:10.098231922,T,TGT,I,3,92.53
2025-10-31,10:25:10.098231922,T,TGT,I,1,92.53
2025-10-31,10:25:22.131757929,T,TGT,F,100,92.56
2025-10-31,10:25:22.131760945,T,TGT,F I,10,92.56
2025-10-31,10:25:22.131760945,T,TGT,F I,5,92.56
2025-10-31,10:25:22.132115897,T,TGT,I,2,92.56
2025-10-31,10:25:25.730139931,T,TGT,F I,1,92.55
2025-10-31,10:25:25.741144193,T,TGT,I,4,92.56
2025-10-31,10:25:25.741144193,T,TGT,I,30,92.56
