DATE,TIME_M,EX,BID,BIDSIZ,ASK,ASKSIZ,SYM_ROOT
2025-11-14,9:30:01.112267067,T,297.17,160,301.0,40,IBM
2025-11-14,9:30:01.128515695,T,297.89,40,301.0,40,IBM
2025-11-14,9:30:01.131843584,T,299.75,80,301.0,40,IBM
2025-11-14,9:30:01.132239574,T,300.05,40,301.0,40,IBM
2025-11-14,9:30:01.132289657,T,300.05,120,301.0,40,IBM
2025-11-14,9:30:01.140509238,T,300.05,80,301.0,40,IBM
2025-11-14,9:30:01.140509238,T,300.05,40,301.0,40,IBM
2025-11-14,9:30:01.140539277,T,299.43,40,301.0,40,IBM
2025-11-14,9:30:01.140569324,T,297.89,40,301.0,40,IBM
2025-11-14,9:30:01.140599454,T,297.89,40,300.66,80,IBM
2025-11-14,9:30:01.160602031,T,297.89,40,301.0,40,IBM
2025-11-14,9:30:01.449549799,T,299.6,40,301.0,40,IBM
2025-11-14,9:30:01.703765145,T,299.6,40,301.0,80,IBM
2025-11-14,9:30:01.703955503,T,299.6,80,301.0,80,IBM
2025-11-14,9:30:01.707950063,T,299.6,80,301.0,40,IBM
2025-11-14,9:30:01.730258165,T,299.6,40,301.0,40,IBM
2025-11-14,9:30:01.738151967,T,299.43,40,301.0,40,IBM
2025-11-14,9:30:01.738151967,T,297.89,40,301.0,40,IBM
2025-11-14,9:30:01.738172283,T,297.89,40,300.32,80,IBM
2025-11-14,9:30:01.738182040,T,297.89,40,300.32,120,IBM
2025-11-14,9:30:01.738618029,T,297.89,40,300.05,40,IBM
2025-11-14,9:30:01.742808051,T,297.89,40,300.32,120,IBM
2025-11-14,9:30:01.742858197,T,297.89,40,300.32,80,IBM
2025-11-14,9:30:01.759407589,T,297.89,40,301.0,40,IBM
2025-11-14,9:30:01.862157169,T,297.89,40,300.2,40,IBM
2025-11-14,9:30:01.986563333,T,297.89,40,300.5,40,IBM
2025-11-14,9:30:02.207148480,T,297.17,160,300.5,40,IBM
2025-11-14,9:30:02.903140402,T,297.17,160,299.78,40,IBM
2025-11-14,9:30:02.904052588,T,297.17,160,299.86,40,IBM
2025-11-14,9:30:02.904523722,T,297.17,160,300.2,40,IBM
2025-11-14,9:30:03.047023021,T,297.17,160,300.5,40,IBM
2025-11-14,9:30:04.020259758,T,297.89,40,300.5,40,IBM
2025-11-14,9:30:04.806667087,T,297.89,40,300.34,40,IBM
2025-11-14,9:30:04.810851974,T,297.89,40,300.5,40,IBM
2025-11-14,9:30:04.823913138,T,297.89,40,300.34,40,IBM
2025-11-14,9:30:04.828103065,T,297.89,40,300.5,40,IBM
2025-11-14,9:30:06.010051891,T,299.21,240,300.5,40,IBM
2025-11-14,9:30:06.279398638,T,299.21,200,300.5,40,IBM
2025-11-14,9:30:06.279448295,T,297.89,40,300.5,40,IBM
2025-11-14,9:30:06.279468507,T,297.89,40,299.22,80,IBM
2025-11-14,9:30:06.279528444,T,297.89,40,299.73,40,IBM
2025-11-14,9:30:06.279583708,T,297.89,40,299.65,40,IBM
2025-11-14,9:30:06.279939401,T,297.17,160,299.65,40,IBM
2025-11-14,9:30:06.279989558,T,297.17,160,299.73,40,IBM
2025-11-14,9:30:06.279999526,T,297.17,160,299.53,40,IBM
2025-11-14,9:30:06.280340435,T,299.17,40,299.53,40,IBM
2025-11-14,9:30:06.280410525,T,297.17,160,299.53,40,IBM
2025-11-14,9:30:06.280460711,T,297.17,160,299.56,40,IBM
2025-11-14,9:30:06.280560870,T,297.17,160,299.46,40,IBM
2025-11-14,9:30:06.280926734,T,297.4,40,299.46,40,IBM
2025-11-14,9:30:06.281217421,T,299.16,40,299.46,40,IBM
2025-11-14,9:30:06.281357749,T,297.4,40,299.46,40,IBM
2025-11-14,9:30:06.286505100,T,297.17,160,299.46,40,IBM
2025-11-14,9:30:06.291797660,T,297.17,160,299.85,40,IBM
2025-11-14,9:30:06.302808866,T,297.4,40,299.85,40,IBM
2025-11-14,9:30:06.780867008,T,297.17,160,299.85,40,IBM
2025-11-14,9:30:07.006559327,T,297.17,160,300.04,40,IBM
2025-11-14,9:30:07.006569302,T,297.17,160,300.34,40,IBM
2025-11-14,9:30:08.361239274,T,297.4,40,300.34,40,IBM
2025-11-14,9:30:08.863098962,T,298.0,40,300.34,40,IBM
2025-11-14,9:30:10.153420832,T,299.02,40,300.34,40,IBM
2025-11-14,9:30:12.171595358,T,298.4,40,300.34,40,IBM
2025-11-14,9:30:12.172056436,T,297.45,40,300.34,40,IBM
2025-11-14,9:30:16.829634762,T,297.45,40,299.7,80,IBM
2025-11-14,9:30:17.895632578,T,299.02,40,299.7,80,IBM
2025-11-14,9:30:20.527142531,T,297.45,40,299.7,80,IBM
2025-11-14,9:30:20.527628733,T,297.45,40,299.7,120,IBM
2025-11-14,9:30:21.566972889,T,299.02,280,299.7,120,IBM
2025-11-14,9:30:21.567393984,T,299.02,280,299.7,80,IBM
2025-11-14,9:30:31.785495357,T,298.17,40,299.7,80,IBM
2025-11-14,9:30:31.786763295,T,298.0,40,299.7,80,IBM
2025-11-14,9:30:31.790838088,T,298.34,40,299.7,80,IBM
2025-11-14,9:30:31.791995842,T,298.56,40,299.7,80,IBM
2025-11-14,9:30:32.787535738,T,299.03,40,299.7,80,IBM
2025-11-14,9:30:32.787741254,T,299.24,40,299.7,80,IBM
2025-11-14,9:30:32.788523162,T,299.03,80,299.7,80,IBM
2025-11-14,9:30:32.796216466,T,299.03,40,299.7,80,IBM
2025-11-14,9:30:32.816479728,T,298.68,40,299.7,80,IBM
2025-11-14,9:30:33.077521142,T,299.24,120,299.7,80,IBM
2025-11-14,9:30:33.077746651,T,299.24,160,299.7,80,IBM
2025-11-14,9:30:33.340256576,T,299.24,120,299.7,80,IBM
2025-11-14,9:30:33.466858017,T,299.24,120,299.69,40,IBM
2025-11-14,9:30:33.998172974,T,299.24,40,299.69,40,IBM
2025-11-14,9:30:33.998192995,T,298.68,80,299.69,40,IBM
2025-11-14,9:30:33.998218109,T,298.68,40,299.69,40,IBM
2025-11-14,9:30:33.998493754,T,298.68,40,299.47,40,IBM
2025-11-14,9:30:34.002673746,T,298.68,40,299.69,40,IBM
2025-11-14,9:30:34.006978964,T,299.02,40,299.69,40,IBM
2025-11-14,9:30:34.316961907,T,299.02,40,299.7,80,IBM
2025-11-14,9:30:40.385063242,T,298.56,40,299.7,80,IBM
2025-11-14,9:30:40.385489193,T,299.02,40,299.7,80,IBM
2025-11-14,9:30:40.392275388,T,298.56,40,299.7,80,IBM
2025-11-14,9:30:40.392550996,T,299.02,40,299.7,80,IBM
2025-11-14,9:30:40.584803779,T,298.56,40,299.7,80,IBM
2025-11-14,9:30:40.643037427,T,299.02,40,299.7,80,IBM
2025-11-14,9:30:40.702534102,T,298.56,40,299.7,80,IBM
2025-11-14,9:30:40.702594214,T,298.56,40,299.19,40,IBM
2025-11-14,9:30:40.712001594,T,298.56,40,299.7,80,IBM
2025-11-14,9:30:40.727192744,T,298.56,40,299.31,40,IBM
2025-11-14,9:30:40.727423325,T,298.56,40,299.31,80,IBM
2025-11-14,9:30:40.727673956,T,298.56,40,299.3,40,IBM
2025-11-14,9:30:40.738234059,T,298.56,40,299.31,40,IBM
2025-11-14,9:30:40.765508999,T,298.56,40,299.38,40,IBM
2025-11-14,9:30:40.803183658,T,298.56,40,299.46,40,IBM
2025-11-14,9:30:40.820484909,T,298.56,40,299.69,40,IBM
2025-11-14,9:30:41.088192276,T,298.17,40,299.69,40,IBM
2025-11-14,9:30:41.088212330,T,298.17,40,299.64,40,IBM
2025-11-14,9:30:41.088217416,T,298.17,40,299.11,40,IBM
2025-11-14,9:30:41.096898030,T,298.17,40,299.69,40,IBM
2025-11-14,9:30:41.096923093,T,298.17,40,299.11,40,IBM
2025-11-14,9:30:41.096933143,T,298.0,80,299.11,40,IBM
2025-11-14,9:30:41.096978231,T,298.18,40,299.11,40,IBM
2025-11-14,9:30:41.097073420,T,298.0,80,299.11,40,IBM
2025-11-14,9:30:41.098872764,T,298.65,40,299.11,40,IBM
2025-11-14,9:30:41.119506847,T,298.65,40,299.44,40,IBM
2025-11-14,9:30:41.119792529,T,298.65,40,299.44,80,IBM
2025-11-14,9:30:41.120013084,T,298.65,40,299.44,120,IBM
2025-11-14,9:30:41.120088246,T,298.0,80,299.44,120,IBM
2025-11-14,9:30:41.120108260,T,298.0,40,299.44,120,IBM
2025-11-14,9:30:41.140035753,T,298.0,40,299.43,40,IBM
2025-11-14,9:30:41.140316373,T,298.0,40,299.43,80,IBM
2025-11-14,9:30:41.157226744,T,298.0,40,299.43,120,IBM
2025-11-14,9:30:41.160193693,T,298.0,40,299.43,80,IBM
2025-11-14,9:30:41.160243828,T,298.0,40,299.43,40,IBM
2025-11-14,9:30:41.168889444,T,298.0,40,299.44,40,IBM
2025-11-14,9:30:41.347599775,T,298.0,40,299.44,80,IBM
2025-11-14,9:30:41.521609050,T,298.0,40,299.44,40,IBM
2025-11-14,9:30:41.702960782,T,298.36,40,299.44,40,IBM
2025-11-14,9:30:41.853804923,T,298.36,80,299.44,40,IBM
2025-11-14,9:30:41.861047135,T,298.36,160,299.44,40,IBM
2025-11-14,9:30:41.876303526,T,298.36,160,299.65,40,IBM
2025-11-14,9:30:41.876319271,T,298.36,120,299.65,40,IBM
2025-11-14,9:30:41.876319271,T,298.36,80,299.65,40,IBM
2025-11-14,9:30:41.876319271,T,298.36,40,299.65,40,IBM
2025-11-14,9:30:41.876323547,T,298.37,40,299.65,40,IBM
2025-11-14,9:30:41.876323547,T,298.52,40,299.65,40,IBM
2025-11-14,9:30:41.876363771,T,298.37,40,299.65,40,IBM
2025-11-14,9:30:41.876393742,T,298.42,40,299.65,40,IBM
2025-11-14,9:30:41.876448831,T,298.43,40,299.65,40,IBM
2025-11-14,9:30:41.876529056,T,298.49,40,299.65,40,IBM
2025-11-14,9:30:41.876529056,T,298.5,40,299.65,40,IBM
2025-11-14,9:30:41.936366538,T,298.0,40,299.65,40,IBM
2025-11-14,9:30:41.938787222,T,298.0,40,298.91,40,IBM
2025-11-14,9:30:41.940365981,T,298.0,40,298.95,40,IBM
2025-11-14,9:30:42.436512074,T,298.0,40,299.23,40,IBM
2025-11-14,9:30:42.714955006,T,298.33,80,299.23,40,IBM
2025-11-14,9:30:42.876740111,T,298.5,40,299.23,40,IBM
2025-11-14,9:30:44.262564309,T,298.5,40,299.01,40,IBM
2025-11-14,9:30:47.332357586,T,298.5,40,298.96,40,IBM
2025-11-14,9:30:47.374783612,T,298.33,80,298.96,40,IBM
2025-11-14,9:30:47.374818617,T,298.33,80,298.9,40,IBM
2025-11-14,9:30:47.375790976,T,298.33,80,298.9,80,IBM
2025-11-14,9:30:47.463003527,T,298.33,80,298.7,40,IBM
2025-11-14,9:30:47.472410936,T,298.33,80,298.96,80,IBM
2025-11-14,9:30:47.473278015,T,298.33,80,298.9,40,IBM
2025-11-14,9:30:47.473593757,T,298.33,80,298.96,80,IBM
2025-11-14,9:30:47.473653962,T,298.33,120,298.96,80,IBM
2025-11-14,9:30:47.474385638,T,298.33,80,298.96,80,IBM
2025-11-14,9:30:48.463405161,T,298.33,160,298.96,80,IBM
2025-11-14,9:30:49.749812658,T,298.33,200,298.96,80,IBM
2025-11-14,9:30:51.237063273,T,298.33,200,298.96,40,IBM
2025-11-14,9:30:51.769856647,T,298.33,280,298.96,40,IBM
2025-11-14,9:30:51.844684795,T,298.76,40,298.96,40,IBM
2025-11-14,9:30:51.844739945,T,298.76,40,298.96,280,IBM
2025-11-14,9:30:51.844749980,T,298.76,40,298.96,240,IBM
2025-11-14,9:30:51.844890272,T,298.76,40,298.96,160,IBM
2025-11-14,9:30:51.844935393,T,298.76,40,298.96,200,IBM
2025-11-14,9:30:51.844985593,T,298.76,40,298.96,160,IBM
2025-11-14,9:30:51.844985593,T,298.76,40,298.96,80,IBM
2025-11-14,9:30:51.844990572,T,298.76,40,298.96,40,IBM
2025-11-14,9:30:51.844995541,T,298.76,40,299.45,80,IBM
2025-11-14,9:30:51.845040642,T,298.76,40,299.45,40,IBM
2025-11-14,9:30:51.845040642,T,298.33,240,299.45,40,IBM
2025-11-14,9:30:51.845045710,T,298.43,40,299.45,40,IBM
2025-11-14,9:30:51.845451691,T,298.33,120,299.45,40,IBM
2025-11-14,9:30:51.845566905,T,298.0,80,299.45,40,IBM
2025-11-14,9:30:51.845767402,T,298.33,120,299.45,40,IBM
2025-11-14,9:30:51.846017994,T,298.0,80,299.45,40,IBM
2025-11-14,9:30:51.846644547,T,298.33,120,299.45,40,IBM
2025-11-14,9:30:51.849000052,T,298.33,120,298.95,40,IBM
2025-11-14,9:30:51.849020133,T,298.33,120,299.45,40,IBM
2025-11-14,9:30:51.849045212,T,298.76,40,299.45,40,IBM
2025-11-14,9:30:51.855881453,T,298.33,120,299.45,40,IBM
2025-11-14,9:30:51.855926591,T,298.33,120,299.16,40,IBM
2025-11-14,9:30:52.000149889,T,298.33,120,299.45,40,IBM
2025-11-14,9:30:52.000756329,T,298.76,120,299.45,40,IBM
2025-11-14,9:30:56.040538933,T,298.76,160,299.45,40,IBM
2025-11-14,9:30:56.062641570,T,298.76,280,299.45,40,IBM
2025-11-14,9:30:57.413582672,T,298.76,280,299.17,40,IBM
2025-11-14,9:30:57.617272615,T,298.76,240,299.17,40,IBM
2025-11-14,9:30:57.617277936,T,298.76,120,299.17,40,IBM
2025-11-14,9:30:57.617277936,T,298.76,80,299.17,40,IBM
2025-11-14,9:30:57.617277936,T,298.76,40,299.17,40,IBM
2025-11-14,9:30:57.617297669,T,298.0,40,299.17,40,IBM
2025-11-14,9:30:57.617312713,T,298.0,40,299.16,40,IBM
2025-11-14,9:30:57.617332726,T,298.0,40,298.97,40,IBM
2025-11-14,9:30:57.617397868,T,298.0,40,299.17,40,IBM
2025-11-14,9:30:57.617427946,T,298.0,40,299.09,40,IBM
2025-11-14,9:30:57.617783731,T,298.0,40,298.97,40,IBM
2025-11-14,9:30:57.628013095,T,298.0,40,299.17,80,IBM
2025-11-14,9:30:58.617724318,T,298.32,40,299.17,80,IBM
2025-11-14,9:31:01.264645820,T,298.13,160,299.17,80,IBM
2025-11-14,9:31:02.259414097,T,298.32,40,299.17,80,IBM
2025-11-14,9:31:02.507619968,T,298.35,80,299.17,80,IBM
2025-11-14,9:31:02.557789415,T,298.32,40,299.17,80,IBM
2025-11-14,9:31:10.436260640,T,298.0,40,299.17,80,IBM
2025-11-14,9:31:10.997160973,T,298.32,40,299.17,80,IBM
2025-11-14,9:31:15.442719534,T,298.0,40,299.17,80,IBM
2025-11-14,9:31:15.502812494,T,298.5,40,299.17,80,IBM
2025-11-14,9:31:15.872953596,T,298.0,40,299.17,80,IBM
2025-11-14,9:31:17.777392664,T,298.5,40,299.17,80,IBM
2025-11-14,9:31:18.356390928,T,298.51,40,299.17,80,IBM
2025-11-14,9:31:18.356405958,T,298.5,40,299.17,80,IBM
2025-11-14,9:31:18.356405958,T,298.75,40,299.17,80,IBM
2025-11-14,9:31:18.356551364,T,298.75,40,299.17,40,IBM
2025-11-14,9:31:18.359849156,T,298.94,40,299.17,40,IBM
2025-11-14,9:31:18.360074750,T,298.94,80,299.17,40,IBM
2025-11-14,9:31:18.360099875,T,298.94,80,299.45,40,IBM
2025-11-14,9:31:18.360104871,T,299.06,40,299.45,40,IBM
2025-11-14,9:31:18.360109795,T,299.06,40,299.17,40,IBM
2025-11-14,9:31:18.360134836,T,298.94,80,299.17,40,IBM
2025-11-14,9:31:18.360139848,T,298.94,40,299.17,40,IBM
2025-11-14,9:31:18.360175007,T,298.94,80,299.17,40,IBM
2025-11-14,9:31:18.360230094,T,298.94,40,299.17,40,IBM
2025-11-14,9:31:18.360310325,T,298.82,40,299.17,40,IBM
2025-11-14,9:31:18.360605940,T,298.82,80,299.17,40,IBM
2025-11-14,9:31:18.360621024,T,298.82,40,299.17,40,IBM
2025-11-14,9:31:18.360776344,T,298.82,40,299.45,40,IBM
2025-11-14,9:31:18.360901643,T,298.5,120,299.45,40,IBM
2025-11-14,9:31:18.361051998,T,298.94,40,299.45,40,IBM
2025-11-14,9:31:18.361167287,T,298.94,40,299.16,80,IBM
2025-11-14,9:31:18.361758699,T,298.5,80,299.16,80,IBM
2025-11-14,9:31:18.361798809,T,298.5,80,299.45,80,IBM
2025-11-14,9:31:18.361803810,T,298.5,80,299.05,80,IBM
2025-11-14,9:31:18.362891375,T,298.5,120,299.05,80,IBM
2025-11-14,9:31:18.445377718,T,298.5,80,299.05,80,IBM
2025-11-14,9:31:18.472747947,T,298.74,80,299.05,80,IBM
2025-11-14,9:31:19.509380684,T,298.74,80,299.45,40,IBM
2025-11-14,9:31:19.509425835,T,298.89,40,299.45,40,IBM
2025-11-14,9:31:19.510167652,T,298.74,80,299.45,40,IBM
2025-11-14,9:31:19.510217748,T,298.89,80,299.45,40,IBM
2025-11-14,9:31:21.342294351,T,299.03,80,299.45,40,IBM
2025-11-14,9:31:21.355029750,T,299.03,40,299.45,40,IBM
2025-11-14,9:31:21.355064808,T,298.5,120,299.45,40,IBM
2025-11-14,9:31:21.355069785,T,298.5,80,299.45,40,IBM
2025-11-14,9:31:21.355094837,T,298.5,80,299.17,40,IBM
2025-11-14,9:31:21.355129992,T,298.5,80,299.17,80,IBM
2025-11-14,9:31:21.364502258,T,298.5,80,299.17,40,IBM
2025-11-14,9:31:21.364532309,T,298.5,80,299.45,40,IBM
2025-11-14,9:31:21.998912666,T,298.5,80,299.24,40,IBM
2025-11-14,9:31:21.998917755,T,299.11,40,299.24,40,IBM
2025-11-14,9:31:21.998917755,T,299.11,40,299.45,40,IBM
2025-11-14,9:31:21.998947698,T,298.5,80,299.45,40,IBM
2025-11-14,9:31:21.999143143,T,299.11,40,299.45,40,IBM
2025-11-14,9:31:22.001243159,T,299.11,40,299.7,40,IBM
2025-11-14,9:31:22.002731720,T,299.11,80,299.7,40,IBM
2025-11-14,9:31:22.005448168,T,299.11,80,299.76,200,IBM
2025-11-14,9:31:22.014043664,T,299.11,80,299.76,280,IBM
2025-11-14,9:31:22.043243159,T,299.11,80,299.45,40,IBM
2025-11-14,9:31:22.508671142,T,299.11,40,299.45,40,IBM
2025-11-14,9:31:24.004472022,T,298.52,160,299.45,40,IBM
2025-11-14,9:31:27.003712273,T,299.11,40,299.45,40,IBM
2025-11-14,9:31:27.004188447,T,298.52,160,299.45,40,IBM
2025-11-14,9:31:27.953318125,T,298.52,160,299.45,80,IBM
2025-11-14,9:31:29.536296796,T,298.52,160,299.45,40,IBM
2025-11-14,9:31:30.305001825,T,298.52,160,299.76,280,IBM
2025-11-14,9:31:30.305021922,T,298.98,40,299.76,280,IBM
2025-11-14,9:31:30.305422921,T,298.98,40,299.76,320,IBM
2025-11-14,9:31:30.305538152,T,298.98,40,299.76,360,IBM
2025-11-14,9:31:30.305563151,T,298.98,40,299.76,200,IBM
2025-11-14,9:31:30.306305006,T,299.28,40,299.76,200,IBM
2025-11-14,9:31:30.314098562,T,299.28,40,299.76,120,IBM
2025-11-14,9:31:30.315441690,T,299.28,40,299.76,80,IBM
2025-11-14,9:31:30.328728352,T,299.28,40,299.76,120,IBM
2025-11-14,9:31:30.355637405,T,299.28,40,299.76,80,IBM
2025-11-14,9:31:30.355672487,T,299.28,40,299.76,40,IBM
2025-11-14,9:31:30.355702546,T,299.28,40,300.04,200,IBM
2025-11-14,9:31:30.356424275,T,298.53,40,300.04,200,IBM
2025-11-14,9:31:30.364648826,T,298.53,40,300.0,80,IBM
2025-11-14,9:31:30.364683942,T,298.53,40,300.0,120,IBM
2025-11-14,9:31:30.365070064,T,298.53,40,300.0,160,IBM
2025-11-14,9:31:30.405085102,T,298.52,160,300.0,160,IBM
2025-11-14,9:31:30.454858680,T,298.52,160,300.0,200,IBM
2025-11-14,9:31:30.455094221,T,298.52,160,300.0,160,IBM
2025-11-14,9:31:30.456317200,T,298.52,160,299.89,40,IBM
2025-11-14,9:31:30.456743098,T,298.52,160,299.89,80,IBM
2025-11-14,9:31:30.471974426,T,298.52,160,299.89,120,IBM
2025-11-14,9:31:30.781395999,T,298.52,160,299.59,40,IBM
2025-11-14,9:31:30.781401019,T,298.52,160,299.44,40,IBM
2025-11-14,9:31:30.781436098,T,298.52,160,299.44,80,IBM
2025-11-14,9:31:30.790808495,T,298.52,160,299.44,40,IBM
2025-11-14,9:31:30.790838552,T,298.52,160,299.59,40,IBM
2025-11-14,9:31:30.796857876,T,298.52,160,299.82,160,IBM
2025-11-14,9:31:31.305458671,T,298.52,160,299.74,40,IBM
2025-11-14,9:31:31.305884710,T,298.52,160,299.74,80,IBM
2025-11-14,9:31:31.309683754,T,298.52,160,299.74,160,IBM
2025-11-14,9:31:32.804502140,T,298.52,160,299.74,120,IBM
2025-11-14,9:31:33.004533453,T,298.52,160,299.57,40,IBM
2025-11-14,9:31:33.004658758,T,298.52,160,299.74,120,IBM
2025-11-14,9:31:33.005169918,T,298.52,160,299.74,40,IBM
2025-11-14,9:31:33.649253179,T,298.52,160,299.73,40,IBM
2025-11-14,9:31:34.875036569,T,298.5,80,299.73,40,IBM
2025-11-14,9:31:34.875046431,T,298.78,200,299.73,40,IBM
2025-11-14,9:31:36.376696342,T,298.78,200,299.73,80,IBM
2025-11-14,9:31:36.524052167,T,298.78,200,299.73,40,IBM
2025-11-14,9:31:38.235361282,T,298.78,200,300.08,160,IBM
2025-11-14,9:31:38.245289951,T,298.78,200,299.73,40,IBM
2025-11-14,9:31:42.535774400,T,298.79,40,299.73,40,IBM
2025-11-14,9:31:42.536315689,T,298.79,40,299.55,40,IBM
2025-11-14,9:31:42.542365080,T,298.78,200,299.55,40,IBM
2025-11-14,9:31:46.413946978,T,298.78,200,299.38,40,IBM
2025-11-14,9:31:46.429423813,T,298.78,200,299.55,40,IBM
2025-11-14,9:31:46.429874848,T,298.85,40,299.55,40,IBM
2025-11-14,9:31:46.429899875,T,299.2,40,299.55,40,IBM
2025-11-14,9:31:46.433884372,T,298.85,40,299.55,40,IBM
2025-11-14,9:31:46.434104944,T,298.78,200,299.55,40,IBM
2025-11-14,9:31:48.123752527,T,298.78,200,299.67,40,IBM
2025-11-14,9:31:50.896508513,T,298.78,200,299.54,40,IBM
2025-11-14,9:31:50.911995370,T,298.78,200,299.67,40,IBM
2025-11-14,9:31:51.280878663,T,298.78,200,299.33,40,IBM
2025-11-14,9:31:54.063678632,T,298.78,200,299.54,40,IBM
2025-11-14,9:31:54.266832272,T,298.78,200,299.43,40,IBM
2025-11-14,9:31:54.592597797,T,299.15,40,299.43,40,IBM
2025-11-14,9:31:54.592607729,T,299.15,40,299.54,40,IBM
2025-11-14,9:31:54.592858365,T,298.78,200,299.54,40,IBM
2025-11-14,9:31:54.592903485,T,299.24,40,299.54,40,IBM
2025-11-14,9:31:54.592963632,T,299.24,40,299.67,40,IBM
2025-11-14,9:31:54.593174073,T,298.96,200,299.67,40,IBM
2025-11-14,9:31:54.593479816,T,298.96,200,299.89,200,IBM
2025-11-14,9:31:54.594943307,T,299.28,40,299.89,200,IBM
2025-11-14,9:31:54.594973421,T,299.3,40,299.89,200,IBM
2025-11-14,9:31:54.595198915,T,299.3,80,299.89,200,IBM
2025-11-14,9:31:54.595409462,T,299.3,120,299.89,200,IBM
2025-11-14,9:31:54.596321586,T,299.3,80,299.89,200,IBM
2025-11-14,9:31:54.598045726,T,299.3,80,299.54,40,IBM
2025-11-14,9:31:54.620729747,T,299.3,40,299.54,40,IBM
2025-11-14,9:31:54.620739797,T,299.06,40,299.54,40,IBM
2025-11-14,9:31:54.678141372,T,299.08,40,299.54,40,IBM
2025-11-14,9:31:54.678351869,T,299.08,80,299.54,40,IBM
2025-11-14,9:31:54.678572373,T,299.08,120,299.54,40,IBM
2025-11-14,9:31:54.728621594,T,299.08,80,299.54,40,IBM
2025-11-14,9:31:55.004889295,T,299.08,40,299.54,40,IBM
2025-11-14,9:31:55.004924308,T,299.08,40,299.89,200,IBM
2025-11-14,9:31:58.066979384,T,299.12,40,299.89,200,IBM
2025-11-14,9:31:58.067495390,T,299.22,40,299.89,200,IBM
2025-11-14,9:31:58.067660800,T,299.28,40,299.89,200,IBM
2025-11-14,9:31:58.067901350,T,299.42,40,299.89,200,IBM
2025-11-14,9:31:58.069294680,T,299.22,40,299.89,200,IBM
2025-11-14,9:31:58.069525244,T,299.22,80,299.89,200,IBM
2025-11-14,9:31:58.075835278,T,299.22,80,300.16,40,IBM
2025-11-14,9:31:58.081152955,T,299.22,40,300.16,40,IBM
2025-11-14,9:31:58.081438529,T,299.22,80,300.16,40,IBM
2025-11-14,9:31:58.478914851,T,299.22,40,300.16,40,IBM
2025-11-14,9:31:59.652954829,T,299.22,40,300.05,200,IBM
2025-11-14,9:32:01.267062568,T,299.22,40,299.71,40,IBM
2025-11-14,9:32:04.906020601,T,299.12,40,299.71,40,IBM
2025-11-14,9:32:05.062247498,T,299.29,40,299.71,40,IBM
2025-11-14,9:32:05.063279975,T,299.29,40,300.05,200,IBM
2025-11-14,9:32:05.063300218,T,299.5,40,300.05,200,IBM
2025-11-14,9:32:05.063510672,T,299.5,80,300.05,200,IBM
2025-11-14,9:32:05.063736108,T,299.5,120,300.05,200,IBM
2025-11-14,9:32:05.064217241,T,299.5,80,300.05,200,IBM
2025-11-14,9:32:05.064257287,T,299.57,40,300.05,200,IBM
2025-11-14,9:32:05.064377644,T,299.57,40,300.05,280,IBM
2025-11-14,9:32:05.064608191,T,299.5,80,300.05,280,IBM
2025-11-14,9:32:05.064658231,T,299.57,40,300.05,280,IBM
2025-11-14,9:32:05.065420124,T,299.57,40,300.0,40,IBM
2025-11-14,9:32:05.065440195,T,299.5,40,300.0,40,IBM
2025-11-14,9:32:05.065440195,T,299.5,40,300.0,120,IBM
2025-11-14,9:32:05.073534364,T,299.3,40,300.0,120,IBM
2025-11-14,9:32:05.115674771,T,299.3,40,300.0,80,IBM
2025-11-14,9:32:05.322672467,T,299.65,40,300.0,80,IBM
2025-11-14,9:32:05.322877992,T,299.65,80,300.0,80,IBM
2025-11-14,9:32:05.569795780,T,299.65,80,300.0,200,IBM
2025-11-14,9:32:05.647601058,T,299.65,80,299.91,80,IBM
2025-11-14,9:32:05.648212462,T,299.65,80,300.0,120,IBM
2025-11-14,9:32:05.648247525,T,299.65,120,300.0,120,IBM
2025-11-14,9:32:05.916230599,T,299.65,120,300.0,280,IBM
2025-11-14,9:32:05.916260633,T,299.65,120,300.0,160,IBM
2025-11-14,9:32:05.916265648,T,299.65,120,300.26,40,IBM
2025-11-14,9:32:05.916270696,T,299.65,120,300.0,80,IBM
2025-11-14,9:32:05.916286025,T,299.65,120,300.0,40,IBM
2025-11-14,9:32:05.916330979,T,299.65,120,300.26,80,IBM
2025-11-14,9:32:05.916335866,T,299.65,120,300.26,40,IBM
2025-11-14,9:32:05.916355904,T,299.82,40,300.26,40,IBM
2025-11-14,9:32:05.916581448,T,299.82,80,300.26,40,IBM
2025-11-14,9:32:05.916751791,T,299.82,120,300.26,40,IBM
2025-11-14,9:32:05.916811936,T,299.82,160,300.26,40,IBM
2025-11-14,9:32:05.916877141,T,299.82,160,300.25,120,IBM
2025-11-14,9:32:05.920084682,T,299.82,160,300.26,40,IBM
2025-11-14,9:32:05.920570924,T,299.82,120,300.26,40,IBM
2025-11-14,9:32:05.925768303,T,299.82,80,300.26,40,IBM
2025-11-14,9:32:05.964320090,T,299.82,80,300.09,80,IBM
2025-11-14,9:32:06.025159965,T,299.82,40,300.09,80,IBM
2025-11-14,9:32:06.025164870,T,299.65,80,300.09,80,IBM
2025-11-14,9:32:06.025184979,T,299.65,80,300.01,40,IBM
2025-11-14,9:32:06.025190010,T,299.65,80,299.96,40,IBM
2025-11-14,9:32:06.034597321,T,299.65,80,300.09,80,IBM
2025-11-14,9:32:06.064588807,T,299.65,40,300.09,80,IBM
2025-11-14,9:32:06.264625120,T,299.65,40,300.09,40,IBM
2025-11-14,9:32:08.987702896,T,299.65,80,300.09,40,IBM
2025-11-14,9:32:09.064350344,T,299.65,80,300.0,80,IBM
2025-11-14,9:32:09.168337996,T,299.65,80,300.09,40,IBM
2025-11-14,9:32:09.169320321,T,299.65,80,300.0,80,IBM
2025-11-14,9:32:12.245533650,T,299.65,40,300.0,80,IBM
2025-11-14,9:32:12.365559392,T,299.65,40,300.26,40,IBM
2025-11-14,9:32:12.366641945,T,299.65,40,300.0,40,IBM
2025-11-14,9:32:13.492843243,T,299.65,40,299.99,80,IBM
2025-11-14,9:32:16.842667792,T,299.29,240,299.99,80,IBM
2025-11-14,9:32:18.322436273,T,299.29,200,299.99,80,IBM
2025-11-14,9:32:18.322461423,T,299.29,200,299.79,40,IBM
2025-11-14,9:32:18.322842066,T,299.29,280,299.79,40,IBM
2025-11-14,9:32:18.325929381,T,299.6,80,299.79,40,IBM
2025-11-14,9:32:18.325944494,T,299.29,280,299.79,40,IBM
2025-11-14,9:32:18.325949583,T,299.29,280,299.91,40,IBM
2025-11-14,9:32:18.325949583,T,299.6,80,299.91,40,IBM
2025-11-14,9:32:18.325949583,T,299.29,200,299.91,40,IBM
2025-11-14,9:32:18.326255228,T,299.33,40,299.91,40,IBM
2025-11-14,9:32:18.326260167,T,299.33,80,299.91,40,IBM
2025-11-14,9:32:18.326265180,T,299.33,80,299.92,40,IBM
2025-11-14,9:32:18.331813471,T,299.33,40,299.92,40,IBM
2025-11-14,9:32:18.364110274,T,299.33,40,300.22,160,IBM
2025-11-14,9:32:18.368104812,T,299.33,40,299.79,40,IBM
2025-11-14,9:32:18.464123386,T,299.33,40,299.79,80,IBM
2025-11-14,9:32:18.464153433,T,299.29,200,299.79,80,IBM
2025-11-14,9:32:18.838950663,T,299.29,160,299.79,80,IBM
2025-11-14,9:32:18.866416062,T,299.29,160,299.79,120,IBM
2025-11-14,9:32:19.052098162,T,299.22,40,299.79,120,IBM
2025-11-14,9:32:21.032266990,T,299.22,40,299.79,80,IBM
2025-11-14,9:32:21.036101105,T,299.22,40,299.59,80,IBM
2025-11-14,9:32:21.268634622,T,299.13,200,299.59,80,IBM
2025-11-14,9:32:21.268670080,T,299.13,200,299.46,40,IBM
2025-11-14,9:32:21.268769930,T,299.13,160,299.46,40,IBM
2025-11-14,9:32:21.268810075,T,299.13,160,299.59,120,IBM
2025-11-14,9:32:21.268835156,T,299.22,40,299.59,120,IBM
2025-11-14,9:32:21.268885324,T,299.22,120,299.59,120,IBM
2025-11-14,9:32:21.268935402,T,299.22,160,299.59,120,IBM
2025-11-14,9:32:21.269712275,T,299.22,120,299.59,120,IBM
2025-11-14,9:32:21.269712275,T,299.13,160,299.59,120,IBM
2025-11-14,9:32:21.274563831,T,298.63,40,299.59,120,IBM
2025-11-14,9:32:21.274563831,T,298.84,160,299.59,120,IBM
2025-11-14,9:32:21.276092357,T,298.84,160,299.59,240,IBM
2025-11-14,9:32:21.278417952,T,298.84,160,299.59,120,IBM
2025-11-14,9:32:21.279961594,T,298.84,160,299.59,80,IBM
2025-11-14,9:32:21.437165840,T,298.47,40,299.59,80,IBM
2025-11-14,9:32:21.437165840,T,298.65,160,299.59,80,IBM
2025-11-14,9:32:21.567766847,T,298.65,160,299.59,160,IBM
2025-11-14,9:32:21.606343662,T,298.47,40,299.59,160,IBM
2025-11-14,9:32:21.606348800,T,298.48,160,299.59,160,IBM
2025-11-14,9:32:21.606383704,T,298.48,200,299.59,160,IBM
2025-11-14,9:32:21.664346746,T,298.48,200,299.44,40,IBM
2025-11-14,9:32:21.764936193,T,298.48,200,299.59,160,IBM
2025-11-14,9:32:21.765823325,T,298.48,200,299.44,40,IBM
2025-11-14,9:32:21.766043893,T,298.48,200,299.44,80,IBM
2025-11-14,9:32:21.767552416,T,298.48,200,299.44,120,IBM
2025-11-14,9:32:21.783465343,T,298.48,200,299.44,80,IBM
2025-11-14,9:32:21.783480383,T,298.48,200,299.44,40,IBM
2025-11-14,9:32:21.792105859,T,298.48,280,299.44,40,IBM
2025-11-14,9:32:21.817005186,T,298.48,320,299.44,40,IBM
2025-11-14,9:32:21.955805942,T,298.48,160,299.44,40,IBM
2025-11-14,9:32:21.955805942,T,298.48,120,299.44,40,IBM
2025-11-14,9:32:21.955805942,T,298.48,40,299.44,40,IBM
2025-11-14,9:32:21.955810751,T,298.31,40,299.44,40,IBM
2025-11-14,9:32:21.955835688,T,298.31,40,298.91,40,IBM
2025-11-14,9:32:21.965243126,T,298.31,40,299.34,40,IBM
2025-11-14,9:32:21.968185119,T,298.31,40,298.93,40,IBM
2025-11-14,9:32:22.004752106,T,298.31,40,298.7,40,IBM
2025-11-14,9:32:22.004842381,T,298.15,40,298.7,40,IBM
2025-11-14,9:32:22.013142080,T,298.15,40,298.93,40,IBM
2025-11-14,9:32:22.209063547,T,298.15,120,298.93,40,IBM
2025-11-14,9:32:22.447751732,T,298.15,120,298.65,40,IBM
2025-11-14,9:32:22.490247921,T,298.15,120,298.65,80,IBM
2025-11-14,9:32:22.871971601,T,298.15,120,298.65,120,IBM
2025-11-14,9:32:22.964075985,T,298.15,120,298.65,80,IBM
2025-11-14,9:32:23.065306915,T,298.15,120,298.65,120,IBM
2025-11-14,9:32:23.228144642,T,298.15,80,298.65,120,IBM
2025-11-14,9:32:28.416842268,T,298.15,80,298.65,80,IBM
2025-11-14,9:32:28.719923773,T,298.15,80,298.65,160,IBM
2025-11-14,9:32:28.723377049,T,298.15,80,298.41,80,IBM
2025-11-14,9:32:28.723407054,T,298.15,80,298.65,160,IBM
2025-11-14,9:32:28.723412093,T,298.15,80,298.41,80,IBM
2025-11-14,9:32:28.723427392,T,298.15,80,298.41,40,IBM
2025-11-14,9:32:28.723427392,T,298.15,120,298.41,40,IBM
2025-11-14,9:32:28.723432142,T,298.0,80,298.41,40,IBM
2025-11-14,9:32:28.723432142,T,298.0,80,298.65,160,IBM
2025-11-14,9:32:28.723437470,T,298.0,80,298.41,40,IBM
2025-11-14,9:32:28.723442173,T,298.0,40,298.41,40,IBM
2025-11-14,9:32:28.723447421,T,298.0,40,298.65,160,IBM
2025-11-14,9:32:28.723487351,T,298.0,80,298.65,160,IBM
2025-11-14,9:32:28.726604735,T,298.0,80,298.65,80,IBM
2025-11-14,9:32:28.823680856,T,298.0,40,298.65,80,IBM
2025-11-14,9:32:28.850499706,T,298.0,40,298.47,40,IBM
2025-11-14,9:32:28.851466919,T,298.0,40,298.47,80,IBM
2025-11-14,9:32:28.859907026,T,298.0,40,298.47,40,IBM
2025-11-14,9:32:28.901150541,T,298.0,40,298.65,80,IBM
2025-11-14,9:32:28.901155304,T,298.0,80,298.65,80,IBM
2025-11-14,9:32:28.901175324,T,298.31,40,298.65,80,IBM
2025-11-14,9:32:28.901190291,T,298.32,40,298.65,80,IBM
2025-11-14,9:32:28.901531199,T,298.31,40,298.65,80,IBM
2025-11-14,9:32:28.905164861,T,298.0,80,298.65,80,IBM
2025-11-14,9:32:28.909535176,T,298.0,40,298.65,80,IBM
2025-11-14,9:32:33.456239366,T,298.0,40,298.33,120,IBM
2025-11-14,9:32:33.456259497,T,298.0,40,298.33,40,IBM
2025-11-14,9:32:33.456259497,T,298.0,40,298.65,80,IBM
2025-11-14,9:32:33.456289581,T,298.16,40,298.65,80,IBM
2025-11-14,9:32:33.456314557,T,298.16,80,298.65,80,IBM
2025-11-14,9:32:33.456339626,T,298.16,40,298.65,80,IBM
2025-11-14,9:32:33.456359690,T,298.0,40,298.65,80,IBM
2025-11-14,9:32:33.456906012,T,298.27,40,298.65,80,IBM
2025-11-14,9:32:33.457036263,T,298.27,80,298.65,80,IBM
2025-11-14,9:32:33.460439462,T,298.27,80,298.65,200,IBM
2025-11-14,9:32:33.590935082,T,298.27,40,298.65,200,IBM
2025-11-14,9:32:33.590935082,T,298.0,40,298.65,200,IBM
2025-11-14,9:32:33.590960119,T,298.42,80,298.65,200,IBM
2025-11-14,9:32:33.771479869,T,298.42,80,298.65,160,IBM
2025-11-14,9:32:33.771700415,T,298.42,80,298.65,120,IBM
2025-11-14,9:32:33.771700415,T,298.42,80,299.32,40,IBM
2025-11-14,9:32:33.771710421,T,298.42,80,298.65,40,IBM
2025-11-14,9:32:33.771710421,T,298.42,80,298.65,120,IBM
2025-11-14,9:32:33.771720424,T,298.42,80,298.65,80,IBM
2025-11-14,9:32:33.771720424,T,298.42,80,298.65,40,IBM
2025-11-14,9:32:33.771720424,T,298.42,80,299.39,200,IBM
2025-11-14,9:32:33.771740433,T,298.64,80,299.39,200,IBM
2025-11-14,9:32:33.771765524,T,298.42,40,299.39,200,IBM
2025-11-14,9:32:33.771765524,T,298.64,80,299.39,200,IBM
2025-11-14,9:32:33.771775584,T,298.64,40,299.39,200,IBM
2025-11-14,9:32:33.771795732,T,298.0,40,299.39,200,IBM
2025-11-14,9:32:33.771805618,T,298.0,40,299.17,40,IBM
2025-11-14,9:32:33.771820586,T,298.64,40,299.17,40,IBM
2025-11-14,9:32:33.771971045,T,298.0,40,299.17,40,IBM
2025-11-14,9:32:33.771991130,T,298.0,80,299.17,40,IBM
2025-11-14,9:32:33.771996113,T,298.0,80,298.86,40,IBM
2025-11-14,9:32:33.772021106,T,298.0,80,299.07,40,IBM
2025-11-14,9:32:33.772046150,T,298.42,40,299.07,40,IBM
2025-11-14,9:32:33.772146466,T,298.43,40,299.07,40,IBM
2025-11-14,9:32:33.772792924,T,298.43,40,299.16,40,IBM
2025-11-14,9:32:33.772923323,T,298.0,80,299.16,40,IBM
2025-11-14,9:32:33.772923323,T,298.0,40,299.16,40,IBM
2025-11-14,9:32:33.772983423,T,298.0,40,298.71,40,IBM
2025-11-14,9:32:33.773374332,T,298.0,40,298.71,80,IBM
2025-11-14,9:32:33.775103459,T,298.0,40,298.54,40,IBM
2025-11-14,9:32:34.265079972,T,298.0,40,298.54,80,IBM
2025-11-14,9:32:34.265110001,T,298.0,40,298.54,40,IBM
2025-11-14,9:32:34.363875147,T,298.0,40,299.39,200,IBM
2025-11-14,9:32:34.465717621,T,298.0,40,298.54,40,IBM
2025-11-14,9:32:35.160130718,T,298.0,40,298.23,240,IBM
2025-11-14,9:32:35.160140726,T,298.0,40,298.23,80,IBM
2025-11-14,9:32:35.160150729,T,298.0,40,298.54,40,IBM
2025-11-14,9:32:35.160175815,T,298.11,40,298.54,40,IBM
2025-11-14,9:32:35.160922656,T,298.11,40,298.54,80,IBM
2025-11-14,9:32:35.168711179,T,298.11,40,298.54,40,IBM
2025-11-14,9:32:35.169583267,T,298.0,40,298.54,40,IBM
2025-11-14,9:32:35.265797292,T,298.0,40,298.54,80,IBM
2025-11-14,9:32:35.311110151,T,298.0,40,298.24,240,IBM
2025-11-14,9:32:35.311135281,T,298.0,40,298.54,80,IBM
2025-11-14,9:32:39.518075789,T,297.85,240,298.54,80,IBM
2025-11-14,9:32:39.519634519,T,297.85,240,298.53,40,IBM
2025-11-14,9:32:39.519845042,T,297.85,240,298.53,80,IBM
2025-11-14,9:32:39.526370532,T,297.85,240,298.53,120,IBM
2025-11-14,9:32:39.526696301,T,297.85,240,298.12,40,IBM
2025-11-14,9:32:39.526736340,T,297.85,240,298.12,80,IBM
2025-11-14,9:32:39.526916841,T,297.85,240,298.12,120,IBM
2025-11-14,9:32:39.527247635,T,297.85,120,298.12,120,IBM
2025-11-14,9:32:39.527282696,T,297.85,80,298.12,120,IBM
2025-11-14,9:32:39.527297906,T,297.59,80,298.12,120,IBM
2025-11-14,9:32:39.527833998,T,297.59,80,298.12,80,IBM
2025-11-14,9:32:39.527874060,T,297.59,80,298.12,40,IBM
2025-11-14,9:32:39.528009460,T,297.59,80,298.53,120,IBM
2025-11-14,9:32:39.531141908,T,297.59,80,298.53,80,IBM
2025-11-14,9:32:39.531197193,T,297.59,80,297.97,40,IBM
2025-11-14,9:32:39.531242119,T,297.72,40,297.97,40,IBM
2025-11-14,9:32:39.531317256,T,297.72,40,298.53,80,IBM
2025-11-14,9:32:39.531467602,T,297.59,80,298.53,80,IBM
2025-11-14,9:32:39.664078295,T,297.59,80,298.01,40,IBM
2025-11-14,9:32:39.866044068,T,297.59,80,298.0,40,IBM
2025-11-14,9:32:40.027749085,T,297.59,40,298.0,40,IBM
2025-11-14,9:32:43.264344336,T,297.59,40,298.53,80,IBM
2025-11-14,9:32:43.264369397,T,297.79,40,298.53,80,IBM
2025-11-14,9:32:43.264429604,T,297.59,80,298.53,80,IBM
2025-11-14,9:32:43.264464875,T,297.67,40,298.53,80,IBM
2025-11-14,9:32:43.264595241,T,297.67,80,298.53,80,IBM
2025-11-14,9:32:43.264595241,T,297.75,40,298.53,80,IBM
2025-11-14,9:32:43.264605041,T,297.75,80,298.53,80,IBM
2025-11-14,9:32:43.264775377,T,297.79,40,298.53,80,IBM
2025-11-14,9:32:43.264865565,T,297.79,80,298.53,80,IBM
2025-11-14,9:32:43.264875691,T,297.79,40,298.53,80,IBM
2025-11-14,9:32:43.265692589,T,297.79,40,298.53,40,IBM
2025-11-14,9:32:43.269160856,T,297.79,40,298.53,80,IBM
2025-11-14,9:32:43.269190861,T,297.6,40,298.53,80,IBM
2025-11-14,9:32:43.269261120,T,297.79,40,298.53,80,IBM
2025-11-14,9:32:43.274508541,T,297.6,40,298.53,80,IBM
2025-11-14,9:32:43.275115007,T,297.6,40,298.0,160,IBM
2025-11-14,9:32:43.275140100,T,297.6,40,298.53,80,IBM
2025-11-14,9:32:43.275160098,T,297.6,80,298.53,80,IBM
2025-11-14,9:32:43.283645375,T,297.6,80,298.0,80,IBM
2025-11-14,9:32:43.283660362,T,297.6,80,298.53,80,IBM
2025-11-14,9:32:43.283665635,T,297.6,40,298.53,80,IBM
2025-11-14,9:32:43.283850860,T,297.6,40,298.53,40,IBM
2025-11-14,9:32:43.364392510,T,297.59,240,298.53,40,IBM
2025-11-14,9:32:43.364467684,T,297.59,240,298.53,80,IBM
2025-11-14,9:32:43.865986645,T,297.59,240,298.53,120,IBM
2025-11-14,9:32:44.655115286,T,297.59,80,298.53,120,IBM
2025-11-14,9:32:46.279893799,T,297.59,80,298.53,80,IBM
2025-11-14,9:32:53.610199643,T,297.67,40,298.53,80,IBM
2025-11-14,9:32:53.610224697,T,297.59,80,298.53,80,IBM
2025-11-14,9:32:53.665371068,T,297.66,40,298.53,80,IBM
2025-11-14,9:32:53.988349905,T,297.59,80,298.53,80,IBM
2025-11-14,9:32:56.622841614,T,297.67,40,298.53,80,IBM
2025-11-14,9:32:56.624881514,T,297.59,80,298.53,80,IBM
2025-11-14,9:32:56.904993355,T,297.84,40,298.53,80,IBM
2025-11-14,9:32:56.910290967,T,297.59,80,298.53,80,IBM
2025-11-14,9:32:56.910536581,T,297.84,40,298.53,80,IBM
2025-11-14,9:32:57.048895965,T,297.59,80,298.53,80,IBM
2025-11-14,9:32:58.399887200,T,297.59,120,298.53,80,IBM
2025-11-14,9:32:58.410141630,T,297.59,80,298.53,80,IBM
2025-11-14,9:33:06.646364649,T,297.59,80,298.23,40,IBM
2025-11-14,9:33:06.998252295,T,297.59,80,298.0,40,IBM
2025-11-14,9:33:06.999274708,T,297.59,80,298.0,80,IBM
2025-11-14,9:33:06.999284708,T,297.59,80,298.0,120,IBM
2025-11-14,9:33:07.008682131,T,297.59,80,298.0,80,IBM
2025-11-14,9:33:10.001597494,T,297.59,80,298.0,160,IBM
2025-11-14,9:33:12.228659084,T,297.59,80,298.0,120,IBM
2025-11-14,9:33:12.261196595,T,297.59,80,298.0,80,IBM
2025-11-14,9:33:12.367324265,T,297.59,80,298.0,40,IBM
2025-11-14,9:33:16.356371043,T,297.66,40,298.0,40,IBM
2025-11-14,9:33:16.356391066,T,297.66,40,298.01,40,IBM
2025-11-14,9:33:16.356461174,T,297.59,80,298.01,40,IBM
2025-11-14,9:33:16.356466190,T,297.72,40,298.01,40,IBM
2025-11-14,9:33:16.356541457,T,297.83,40,298.01,40,IBM
2025-11-14,9:33:16.356746915,T,297.83,80,298.01,40,IBM
2025-11-14,9:33:16.356892270,T,297.83,120,298.01,40,IBM
2025-11-14,9:33:16.358536155,T,297.91,40,298.01,40,IBM
2025-11-14,9:33:16.358571243,T,297.91,40,298.23,80,IBM
2025-11-14,9:33:16.369276730,T,297.91,40,298.23,40,IBM
2025-11-14,9:33:16.407437588,T,298.07,40,298.23,40,IBM
2025-11-14,9:33:16.407442576,T,298.07,40,298.35,40,IBM
2025-11-14,9:33:16.407472674,T,298.15,40,298.35,40,IBM
2025-11-14,9:33:16.408054030,T,298.15,40,298.43,40,IBM
2025-11-14,9:33:16.416879989,T,297.91,40,298.43,40,IBM
2025-11-14,9:33:16.417045402,T,297.91,40,298.47,40,IBM
2025-11-14,9:33:16.419245663,T,297.91,40,298.53,80,IBM
2025-11-14,9:33:16.445312741,T,297.92,40,298.53,80,IBM
2025-11-14,9:33:19.817781282,T,298.0,80,298.53,80,IBM
2025-11-14,9:33:20.384214968,T,298.0,120,298.53,80,IBM
2025-11-14,9:33:20.548957165,T,298.0,160,298.53,80,IBM
2025-11-14,9:33:21.413404905,T,298.0,120,298.53,80,IBM
2025-11-14,9:33:21.440243813,T,298.15,40,298.53,80,IBM
2025-11-14,9:33:23.128457789,T,298.29,40,298.53,80,IBM
2025-11-14,9:33:23.128462838,T,298.29,40,298.53,40,IBM
2025-11-14,9:33:23.128532920,T,298.15,40,298.53,40,IBM
2025-11-14,9:33:23.128938980,T,298.16,40,298.53,40,IBM
2025-11-14,9:33:23.138351373,T,298.15,40,298.53,40,IBM
2025-11-14,9:33:27.975762801,T,298.16,40,298.53,40,IBM
2025-11-14,9:33:27.975807899,T,298.16,80,298.53,40,IBM
2025-11-14,9:33:27.977346586,T,298.16,40,298.53,40,IBM
2025-11-14,9:33:27.977371620,T,298.15,40,298.53,40,IBM
2025-11-14,9:33:28.026558659,T,298.0,80,298.53,40,IBM
2025-11-14,9:33:28.026583776,T,298.0,80,298.34,40,IBM
2025-11-14,9:33:28.026618866,T,298.0,80,298.53,80,IBM
2025-11-14,9:33:28.026638886,T,298.15,40,298.53,80,IBM
2025-11-14,9:33:28.026699029,T,298.0,120,298.53,80,IBM
2025-11-14,9:33:28.026704064,T,298.15,40,298.53,80,IBM
2025-11-14,9:33:28.026809289,T,298.15,120,298.53,80,IBM
2025-11-14,9:33:28.026819312,T,298.15,160,298.53,80,IBM
2025-11-14,9:33:28.026964632,T,298.15,200,298.53,80,IBM
2025-11-14,9:33:28.026984700,T,298.15,240,298.53,80,IBM
2025-11-14,9:33:28.026994677,T,298.15,280,298.53,80,IBM
2025-11-14,9:33:28.027145172,T,298.15,240,298.53,80,IBM
2025-11-14,9:33:28.027145172,T,298.15,120,298.53,80,IBM
2025-11-14,9:33:28.027150387,T,298.15,80,298.53,80,IBM
2025-11-14,9:33:28.027205435,T,298.15,40,298.53,80,IBM
2025-11-14,9:33:28.027205435,T,298.01,40,298.53,80,IBM
2025-11-14,9:33:28.027295496,T,298.01,40,298.45,40,IBM
2025-11-14,9:33:28.027611139,T,298.15,120,298.45,40,IBM
2025-11-14,9:33:28.028954433,T,298.15,80,298.45,40,IBM
2025-11-14,9:33:28.028959436,T,298.0,120,298.45,40,IBM
2025-11-14,9:33:28.028979418,T,298.0,120,298.3,40,IBM
2025-11-14,9:33:28.038391817,T,298.0,120,298.52,80,IBM
2025-11-14,9:33:28.039609779,T,298.0,120,298.52,40,IBM
2025-11-14,9:33:28.127103053,T,298.0,80,298.52,40,IBM
2025-11-14,9:33:28.164311641,T,298.0,80,298.52,80,IBM
2025-11-14,9:33:28.203234276,T,297.91,40,298.52,80,IBM
2025-11-14,9:33:28.203259469,T,297.91,40,298.26,40,IBM
2025-11-14,9:33:28.203570116,T,297.91,40,298.26,80,IBM
2025-11-14,9:33:28.203605132,T,297.66,160,298.26,80,IBM
2025-11-14,9:33:28.203765558,T,297.66,160,298.26,40,IBM
2025-11-14,9:33:28.203925928,T,297.74,40,298.26,40,IBM
2025-11-14,9:33:28.203935897,T,297.78,40,298.26,40,IBM
2025-11-14,9:33:28.204021117,T,297.99,40,298.26,40,IBM
2025-11-14,9:33:28.205364345,T,297.99,40,298.21,40,IBM
2025-11-14,9:33:28.205384426,T,297.66,160,298.21,40,IBM
2025-11-14,9:33:28.205469608,T,297.66,160,298.26,40,IBM
2025-11-14,9:33:28.205469608,T,297.72,40,298.26,40,IBM
2025-11-14,9:33:28.205494669,T,297.86,40,298.26,40,IBM
2025-11-14,9:33:28.205504713,T,297.86,80,298.26,40,IBM
2025-11-14,9:33:28.205514746,T,298.04,40,298.26,40,IBM
2025-11-14,9:33:28.205529787,T,297.86,40,298.26,40,IBM
2025-11-14,9:33:28.205700146,T,297.66,160,298.26,40,IBM
2025-11-14,9:33:28.205850505,T,298.03,40,298.26,40,IBM
2025-11-14,9:33:28.205955778,T,298.03,40,298.51,40,IBM
2025-11-14,9:33:28.210035875,T,297.66,160,298.51,40,IBM
2025-11-14,9:33:28.316854905,T,297.66,160,298.64,40,IBM
2025-11-14,9:33:28.317120412,T,298.07,40,298.64,40,IBM
2025-11-14,9:33:28.317140474,T,297.66,160,298.64,40,IBM
2025-11-14,9:33:28.317361024,T,297.66,200,298.64,40,IBM
2025-11-14,9:33:28.317476242,T,297.93,40,298.64,40,IBM
2025-11-14,9:33:28.317486272,T,298.11,40,298.64,40,IBM
2025-11-14,9:33:28.317967432,T,298.11,40,298.83,40,IBM
2025-11-14,9:33:28.364052113,T,298.11,40,298.65,80,IBM
2025-11-14,9:33:28.464215613,T,298.11,40,298.66,80,IBM
2025-11-14,9:33:28.464872152,T,298.11,40,298.65,80,IBM
2025-11-14,9:33:28.664186620,T,298.11,40,298.66,80,IBM
2025-11-14,9:33:28.664833220,T,298.11,40,298.65,40,IBM
2025-11-14,9:33:28.667269059,T,298.11,40,298.65,160,IBM
2025-11-14,9:33:28.669985467,T,298.11,40,298.65,40,IBM
2025-11-14,9:33:28.768114048,T,298.08,80,298.65,40,IBM
2025-11-14,9:33:30.563237825,T,298.08,40,298.65,40,IBM
2025-11-14,9:33:30.563262840,T,297.69,40,298.65,40,IBM
2025-11-14,9:33:31.160088957,T,297.69,40,298.65,120,IBM
2025-11-14,9:33:33.636073027,T,297.69,40,298.65,200,IBM
2025-11-14,9:33:36.876116580,T,297.69,80,298.65,200,IBM
2025-11-14,9:33:38.422016856,T,298.11,40,298.65,200,IBM
2025-11-14,9:33:38.422021938,T,298.12,40,298.65,200,IBM
2025-11-14,9:33:38.426206836,T,298.02,40,298.65,200,IBM
2025-11-14,9:33:38.431459380,T,298.02,80,298.65,200,IBM
2025-11-14,9:33:38.431489469,T,298.02,40,298.65,200,IBM
2025-11-14,9:33:38.431489469,T,298.02,80,298.65,200,IBM
2025-11-14,9:33:38.431669859,T,298.02,120,298.65,200,IBM
2025-11-14,9:33:38.514351693,T,298.02,80,298.65,200,IBM
2025-11-14,9:33:38.514361716,T,298.02,40,298.65,200,IBM
2025-11-14,9:33:38.875681857,T,297.69,40,298.65,200,IBM
2025-11-14,9:33:39.436196399,T,297.69,40,298.65,320,IBM
2025-11-14,9:33:39.514056748,T,297.69,40,298.65,200,IBM
2025-11-14,9:33:39.514086764,T,297.69,40,298.65,120,IBM
2025-11-14,9:33:40.484045970,T,298.21,40,298.65,120,IBM
2025-11-14,9:33:40.484256499,T,298.21,80,298.65,120,IBM
2025-11-14,9:33:40.688848490,T,298.22,40,298.65,120,IBM
2025-11-14,9:33:40.689084067,T,298.21,40,298.65,120,IBM
2025-11-14,9:33:40.689349738,T,298.21,80,298.65,120,IBM
2025-11-14,9:33:40.689830827,T,298.22,40,298.65,120,IBM
2025-11-14,9:33:40.853711127,T,298.21,80,298.65,120,IBM
2025-11-14,9:33:40.853725977,T,298.21,40,298.65,120,IBM
2025-11-14,9:33:40.854016736,T,298.21,80,298.65,120,IBM
2025-11-14,9:33:49.522513648,T,298.21,80,298.65,240,IBM
2025-11-14,9:33:49.525946848,T,298.21,80,298.65,120,IBM
2025-11-14,9:33:50.516620302,T,298.53,920,298.65,120,IBM
2025-11-14,9:33:50.516640365,T,298.53,80,298.65,120,IBM
2025-11-14,9:33:50.516645427,T,298.21,80,298.65,120,IBM
2025-11-14,9:33:50.516705529,T,298.22,40,298.65,120,IBM
2025-11-14,9:33:50.856955506,T,298.21,40,298.65,120,IBM
2025-11-14,9:33:56.636971185,T,297.69,40,298.65,120,IBM
2025-11-14,9:33:56.666280898,T,298.25,40,298.65,120,IBM
2025-11-14,9:33:56.666491377,T,298.25,80,298.65,120,IBM
2025-11-14,9:33:58.176997112,T,298.25,40,298.65,120,IBM
2025-11-14,9:33:59.516796904,T,298.25,40,298.65,240,IBM
2025-11-14,9:33:59.519042170,T,298.25,40,298.43,120,IBM
2025-11-14,9:33:59.519062214,T,298.25,40,298.65,240,IBM
2025-11-14,9:33:59.519257740,T,298.25,40,298.65,280,IBM
2025-11-14,9:33:59.519839140,T,298.25,40,298.64,40,IBM
2025-11-14,9:33:59.520159807,T,297.69,40,298.64,40,IBM
2025-11-14,9:33:59.520164808,T,297.82,40,298.64,40,IBM
2025-11-14,9:33:59.520180279,T,297.69,40,298.64,40,IBM
2025-11-14,9:33:59.520205034,T,297.69,40,298.43,40,IBM
2025-11-14,9:33:59.520596275,T,297.69,40,298.42,40,IBM
2025-11-14,9:33:59.524780817,T,297.69,40,298.43,40,IBM
2025-11-14,9:33:59.524831227,T,297.69,40,298.45,40,IBM
2025-11-14,9:33:59.524846071,T,297.69,40,298.64,40,IBM
2025-11-14,9:33:59.525056494,T,297.69,80,298.64,40,IBM
2025-11-14,9:33:59.564931441,T,297.69,80,298.43,40,IBM
2025-11-14,9:33:59.565026644,T,297.69,40,298.43,40,IBM
2025-11-14,9:33:59.565252187,T,297.69,40,298.39,40,IBM
2025-11-14,9:33:59.569346900,T,297.69,40,298.43,40,IBM
2025-11-14,9:33:59.569437134,T,297.69,40,298.64,40,IBM
2025-11-14,9:33:59.619260817,T,297.69,40,298.65,240,IBM
2025-11-14,9:33:59.654008530,T,297.69,40,298.65,120,IBM
2025-11-14,9:33:59.719479293,T,297.69,40,298.48,40,IBM
2025-11-14,9:33:59.869175683,T,297.69,40,298.43,40,IBM
2025-11-14,9:33:59.970441805,T,297.69,40,298.43,80,IBM
2025-11-14,9:34:00.553549883,T,297.66,200,298.43,80,IBM
2025-11-14,9:34:01.000699397,T,297.66,200,298.43,40,IBM
2025-11-14,9:34:01.005255282,T,297.66,200,298.41,80,IBM
2025-11-14,9:34:01.124494105,T,297.66,200,298.29,80,IBM
2025-11-14,9:34:01.185920406,T,297.66,200,298.41,80,IBM
2025-11-14,9:34:01.260533032,T,297.66,200,298.43,40,IBM
2025-11-14,9:34:01.574515614,T,297.85,40,298.43,40,IBM
2025-11-14,9:34:01.771835335,T,297.66,200,298.43,40,IBM
2025-11-14,9:34:01.787231999,T,297.66,200,298.29,80,IBM
2025-11-14,9:34:02.589541884,T,297.66,40,298.29,80,IBM
2025-11-14,9:34:02.589566997,T,297.59,80,298.29,80,IBM
2025-11-14,9:34:05.777080502,T,297.85,40,298.29,80,IBM
2025-11-14,9:34:07.527267192,T,297.85,40,298.34,40,IBM
2025-11-14,9:34:07.527272184,T,297.85,40,298.29,40,IBM
2025-11-14,9:34:07.527287720,T,297.85,40,298.34,40,IBM
2025-11-14,9:34:07.527287720,T,298.0,40,298.34,40,IBM
2025-11-14,9:34:07.527287720,T,298.28,80,298.34,40,IBM
2025-11-14,9:34:07.527312305,T,298.28,80,298.43,40,IBM
2025-11-14,9:34:07.527487713,T,298.29,80,298.43,40,IBM
2025-11-14,9:34:07.527613229,T,298.2,40,298.43,40,IBM
2025-11-14,9:34:07.527613229,T,298.11,40,298.43,40,IBM
2025-11-14,9:34:07.527638070,T,298.01,40,298.43,40,IBM
2025-11-14,9:34:07.527728237,T,298.2,40,298.43,40,IBM
2025-11-14,9:34:07.527818464,T,298.29,40,298.43,40,IBM
2025-11-14,9:34:07.527913640,T,298.29,40,298.43,80,IBM
2025-11-14,9:34:07.528169259,T,297.93,40,298.43,80,IBM
2025-11-14,9:34:07.528199416,T,298.01,40,298.43,80,IBM
2025-11-14,9:34:07.528429907,T,297.93,40,298.43,80,IBM
2025-11-14,9:34:07.528575238,T,298.01,40,298.43,80,IBM
2025-11-14,9:34:07.528595409,T,297.93,40,298.43,80,IBM
2025-11-14,9:34:07.528595409,T,298.01,40,298.43,80,IBM
2025-11-14,9:34:07.528650404,T,297.93,40,298.43,80,IBM
2025-11-14,9:34:07.528705613,T,298.01,40,298.43,80,IBM
2025-11-14,9:34:07.528875997,T,298.01,40,298.43,40,IBM
2025-11-14,9:34:07.528875997,T,298.01,40,298.65,80,IBM
2025-11-14,9:34:07.528896016,T,298.01,80,298.65,80,IBM
2025-11-14,9:34:07.528911027,T,298.01,80,298.47,40,IBM
2025-11-14,9:34:07.528916219,T,298.01,40,298.47,40,IBM
2025-11-14,9:34:07.528916219,T,298.01,80,298.47,40,IBM
2025-11-14,9:34:07.528936107,T,298.01,40,298.47,40,IBM
2025-11-14,9:34:07.528936107,T,298.01,40,298.65,80,IBM
2025-11-14,9:34:07.528966157,T,298.01,40,298.47,40,IBM
2025-11-14,9:34:07.529001276,T,298.02,40,298.47,40,IBM
2025-11-14,9:34:07.529031307,T,298.02,80,298.47,40,IBM
2025-11-14,9:34:07.529111491,T,298.24,40,298.47,40,IBM
2025-11-14,9:34:07.529141631,T,298.24,80,298.47,40,IBM
2025-11-14,9:34:07.529171723,T,298.24,80,298.59,40,IBM
2025-11-14,9:34:07.529226772,T,298.24,40,298.59,40,IBM
2025-11-14,9:34:07.535206080,T,298.24,40,298.64,40,IBM
2025-11-14,9:34:07.535226066,T,298.02,80,298.64,40,IBM
2025-11-14,9:34:07.664132955,T,298.02,80,298.64,80,IBM
2025-11-14,9:34:07.864620166,T,298.02,80,298.64,40,IBM
2025-11-14,9:34:07.865848121,T,298.02,80,298.64,80,IBM
2025-11-14,9:34:08.175104399,T,298.02,80,298.64,40,IBM
2025-11-14,9:34:16.059439456,T,298.02,80,298.65,40,IBM
2025-11-14,9:34:16.059444310,T,298.02,80,298.83,40,IBM
2025-11-14,9:34:16.059449390,T,298.02,80,298.65,40,IBM
2025-11-14,9:34:16.059464305,T,298.44,40,298.65,40,IBM
2025-11-14,9:34:16.059494370,T,298.25,40,298.65,40,IBM
2025-11-14,9:34:16.059514435,T,298.25,40,298.83,40,IBM
2025-11-14,9:34:16.059514435,T,298.25,80,298.83,40,IBM
2025-11-14,9:34:16.059534569,T,298.32,40,298.83,40,IBM
2025-11-14,9:34:16.059539894,T,298.48,40,298.83,40,IBM
2025-11-14,9:34:16.059554518,T,298.33,40,298.83,40,IBM
2025-11-14,9:34:16.059594692,T,298.32,80,298.83,40,IBM
2025-11-14,9:34:16.059659850,T,298.48,40,298.83,40,IBM
2025-11-14,9:34:16.060085788,T,298.33,80,298.83,40,IBM
2025-11-14,9:34:16.060085788,T,298.59,40,298.83,40,IBM
2025-11-14,9:34:16.060241477,T,298.59,40,298.83,80,IBM
2025-11-14,9:34:16.060266295,T,298.59,40,298.83,40,IBM
2025-11-14,9:34:16.060421634,T,298.51,40,298.83,40,IBM
2025-11-14,9:34:16.061018030,T,298.33,40,298.83,40,IBM
2025-11-14,9:34:16.064591499,T,298.25,80,298.83,40,IBM
2025-11-14,9:34:16.065689220,T,298.65,40,298.83,40,IBM
2025-11-14,9:34:16.065699153,T,298.65,40,298.96,40,IBM
2025-11-14,9:34:16.109809281,T,298.65,40,299.02,40,IBM
2025-11-14,9:34:16.109969576,T,298.33,40,299.02,40,IBM
2025-11-14,9:34:16.110064793,T,298.62,40,299.02,40,IBM
2025-11-14,9:34:16.110079911,T,298.62,40,299.28,40,IBM
2025-11-14,9:34:16.110175059,T,298.79,40,299.28,40,IBM
2025-11-14,9:34:16.110270295,T,298.62,40,299.28,40,IBM
2025-11-14,9:34:16.110335791,T,298.33,40,299.28,40,IBM
2025-11-14,9:34:16.110340584,T,298.25,80,299.28,40,IBM
2025-11-14,9:34:16.110340584,T,298.25,80,299.09,40,IBM
2025-11-14,9:34:16.110345454,T,298.25,80,299.28,40,IBM
2025-11-14,9:34:16.110365539,T,298.25,40,299.28,40,IBM
2025-11-14,9:34:16.110370615,T,298.25,80,299.28,40,IBM
2025-11-14,9:34:16.110415696,T,298.34,40,299.28,40,IBM
2025-11-14,9:34:16.115452613,T,298.3,40,299.28,40,IBM
2025-11-14,9:34:16.164313982,T,298.3,40,299.12,40,IBM
2025-11-14,9:34:16.210453906,T,298.24,40,299.12,40,IBM
2025-11-14,9:34:16.264377318,T,298.24,40,299.28,40,IBM
2025-11-14,9:34:16.265058900,T,298.24,40,299.12,40,IBM
2025-11-14,9:34:16.265595168,T,298.24,40,299.11,80,IBM
2025-11-14,9:34:16.372870646,T,298.24,40,299.12,40,IBM
2025-11-14,9:34:16.665286976,T,298.24,40,299.11,40,IBM
2025-11-14,9:34:19.984002459,T,298.24,40,298.95,40,IBM
2025-11-14,9:34:19.984047557,T,298.24,40,299.11,40,IBM
2025-11-14,9:34:19.984077646,T,298.24,40,299.05,40,IBM
2025-11-14,9:34:19.984338225,T,298.54,40,299.05,40,IBM
2025-11-14,9:34:19.984794310,T,298.54,40,298.95,40,IBM
2025-11-14,9:34:19.984889553,T,298.54,80,298.95,40,IBM
2025-11-14,9:34:19.985059941,T,298.54,40,298.95,40,IBM
2025-11-14,9:34:19.985861908,T,298.54,40,299.1,80,IBM
2025-11-14,9:34:19.985886995,T,298.54,80,299.1,80,IBM
2025-11-14,9:34:19.985902039,T,298.55,40,299.1,80,IBM
2025-11-14,9:34:19.986117450,T,298.55,80,299.1,80,IBM
2025-11-14,9:34:19.986733955,T,298.55,80,299.1,40,IBM
2025-11-14,9:34:19.987029690,T,298.55,80,299.11,40,IBM
2025-11-14,9:34:19.987175064,T,298.55,40,299.11,40,IBM
2025-11-14,9:34:19.987976898,T,298.84,40,299.11,40,IBM
2025-11-14,9:34:19.996161482,T,298.55,40,299.11,40,IBM
2025-11-14,9:34:20.415128767,T,298.55,40,299.12,40,IBM
2025-11-14,9:34:20.415138788,T,298.55,40,299.11,40,IBM
2025-11-14,9:34:20.415158838,T,298.55,40,299.12,40,IBM
2025-11-14,9:34:20.415183916,T,298.88,40,299.12,40,IBM
2025-11-14,9:34:20.415259097,T,298.98,40,299.12,40,IBM
2025-11-14,9:34:20.415289161,T,298.88,40,299.12,40,IBM
2025-11-14,9:34:20.418161068,T,298.88,40,299.11,40,IBM
2025-11-14,9:34:20.420271095,T,298.88,80,299.11,40,IBM
2025-11-14,9:34:20.421133065,T,298.88,80,299.12,40,IBM
2025-11-14,9:34:20.421198221,T,298.88,80,299.28,40,IBM
2025-11-14,9:34:20.421208340,T,298.88,80,299.12,40,IBM
2025-11-14,9:34:20.421228347,T,298.98,40,299.12,40,IBM
2025-11-14,9:34:20.421238335,T,298.98,40,299.28,40,IBM
2025-11-14,9:34:20.421248382,T,298.98,40,299.12,40,IBM
2025-11-14,9:34:20.421453908,T,298.98,40,299.28,40,IBM
2025-11-14,9:34:20.421478944,T,298.98,80,299.28,40,IBM
2025-11-14,9:34:20.421584231,T,298.98,40,299.28,40,IBM
2025-11-14,9:34:20.421744599,T,299.04,40,299.28,40,IBM
2025-11-14,9:34:20.422245780,T,299.04,40,299.38,40,IBM
2025-11-14,9:34:20.425754115,T,298.94,40,299.38,40,IBM
2025-11-14,9:34:20.425774204,T,298.54,80,299.38,40,IBM
2025-11-14,9:34:21.008952598,T,298.54,120,299.38,40,IBM
2025-11-14,9:34:21.008972700,T,298.54,80,299.38,40,IBM
2025-11-14,9:34:21.008977685,T,299.05,40,299.38,40,IBM
2025-11-14,9:34:21.009097939,T,299.05,40,299.5,40,IBM
2025-11-14,9:34:21.009629255,T,299.05,40,299.62,40,IBM
2025-11-14,9:34:21.993341053,T,298.54,80,299.62,40,IBM
2025-11-14,9:34:21.993812205,T,298.54,80,299.52,80,IBM
2025-11-14,9:34:21.993817193,T,298.66,40,299.52,80,IBM
2025-11-14,9:34:21.994233235,T,298.66,40,299.52,120,IBM
2025-11-14,9:34:22.060390712,T,298.66,40,299.52,80,IBM
2025-11-14,9:34:22.517097860,T,298.78,40,299.52,80,IBM
2025-11-14,9:34:22.796618374,T,298.78,40,299.62,40,IBM
2025-11-14,9:34:23.098476956,T,298.54,80,299.62,40,IBM
2025-11-14,9:34:23.123641891,T,298.78,40,299.62,40,IBM
2025-11-14,9:34:23.888136810,T,298.84,40,299.62,40,IBM
2025-11-14,9:34:23.888166925,T,298.84,80,299.62,40,IBM
2025-11-14,9:34:23.888171957,T,298.85,40,299.62,40,IBM
2025-11-14,9:34:23.888176924,T,299.11,40,299.62,40,IBM
2025-11-14,9:34:23.888342286,T,299.11,80,299.62,40,IBM
2025-11-14,9:34:23.888478017,T,299.12,40,299.62,40,IBM
2025-11-14,9:34:23.888623044,T,299.12,40,299.7,40,IBM
2025-11-14,9:34:23.889124194,T,299.38,40,299.7,40,IBM
2025-11-14,9:34:23.889555278,T,299.38,40,299.74,40,IBM
2025-11-14,9:34:23.889660490,T,299.15,40,299.74,40,IBM
2025-11-14,9:34:23.889700556,T,299.15,40,299.74,120,IBM
2025-11-14,9:34:23.890237038,T,299.14,40,299.74,120,IBM
2025-11-14,9:34:23.892662676,T,298.9,40,299.74,120,IBM
2025-11-14,9:34:23.893083589,T,298.9,40,299.74,160,IBM
2025-11-14,9:34:23.893163772,T,298.85,40,299.74,160,IBM
2025-11-14,9:34:23.899343588,T,298.78,80,299.74,160,IBM
2025-11-14,9:34:23.899975079,T,298.9,40,299.74,160,IBM
2025-11-14,9:34:23.947367912,T,298.9,40,299.74,120,IBM
2025-11-14,9:34:24.099926176,T,298.78,40,299.74,120,IBM
2025-11-14,9:34:24.317509237,T,298.78,80,299.74,120,IBM
2025-11-14,9:34:24.317549290,T,298.78,80,299.74,80,IBM
2025-11-14,9:34:24.790740877,T,298.78,40,299.74,80,IBM
2025-11-14,9:34:24.889686489,T,298.78,80,299.74,80,IBM
2025-11-14,9:34:25.797718195,T,298.9,40,299.74,80,IBM
2025-11-14,9:34:25.802539761,T,298.9,40,299.76,40,IBM
2025-11-14,9:34:27.563987963,T,298.9,40,299.71,40,IBM
2025-11-14,9:34:27.664206515,T,298.9,40,299.76,40,IBM
2025-11-14,9:34:27.664848007,T,298.9,40,299.71,40,IBM
2025-11-14,9:34:27.734689283,T,298.9,40,299.71,120,IBM
2025-11-14,9:34:28.674972903,T,298.9,40,299.71,160,IBM
2025-11-14,9:34:28.716987818,T,298.9,40,299.71,120,IBM
2025-11-14,9:34:28.790482945,T,298.78,40,299.71,120,IBM
2025-11-14,9:34:31.021749834,T,299.11,40,299.71,120,IBM
2025-11-14,9:34:31.026030036,T,298.78,80,299.71,120,IBM
2025-11-14,9:34:31.064205866,T,298.78,80,299.71,80,IBM
2025-11-14,9:34:31.355404255,T,298.78,40,299.71,80,IBM
2025-11-14,9:34:32.171762802,T,299.3,40,299.71,80,IBM
2025-11-14,9:34:32.238762184,T,298.78,40,299.71,80,IBM
2025-11-14,9:34:33.622922424,T,298.78,40,299.71,40,IBM
2025-11-14,9:34:33.622922424,T,298.78,40,299.88,40,IBM
2025-11-14,9:34:33.622957692,T,298.78,80,299.88,40,IBM
2025-11-14,9:34:33.622957692,T,299.31,40,299.88,40,IBM
2025-11-14,9:34:33.622977514,T,299.5,40,299.88,40,IBM
2025-11-14,9:34:33.623563850,T,299.31,40,299.88,40,IBM
2025-11-14,9:34:33.623869633,T,299.38,40,299.88,40,IBM
2025-11-14,9:34:33.623949854,T,299.31,40,299.88,40,IBM
2025-11-14,9:34:33.624376029,T,299.49,40,299.88,40,IBM
2025-11-14,9:34:33.624426166,T,299.31,40,299.88,40,IBM
2025-11-14,9:34:33.624481133,T,299.21,40,299.88,40,IBM
2025-11-14,9:34:33.624566288,T,299.21,40,299.97,160,IBM
2025-11-14,9:34:33.624591382,T,299.31,40,299.97,160,IBM
2025-11-14,9:34:33.625348205,T,299.21,40,299.97,160,IBM
2025-11-14,9:34:33.625378353,T,299.5,40,299.97,160,IBM
2025-11-14,9:34:33.633828351,T,299.5,40,300.22,40,IBM
2025-11-14,9:34:33.673648118,T,299.31,40,300.22,40,IBM
2025-11-14,9:34:34.623359112,T,299.31,40,300.12,40,IBM
2025-11-14,9:34:34.704487179,T,299.21,40,300.12,40,IBM
2025-11-14,9:34:34.791028199,T,299.31,40,300.12,40,IBM
2025-11-14,9:34:35.896735738,T,299.31,40,300.21,40,IBM
2025-11-14,9:34:35.896755655,T,299.31,40,300.22,40,IBM
2025-11-14,9:34:35.896770638,T,299.5,40,300.22,40,IBM
2025-11-14,9:34:35.896790750,T,299.5,80,300.22,40,IBM
2025-11-14,9:34:35.896810719,T,299.51,40,300.22,40,IBM
2025-11-14,9:34:35.896810719,T,299.7,40,300.22,40,IBM
2025-11-14,9:34:35.897126547,T,299.7,40,300.24,40,IBM
2025-11-14,9:34:35.897296892,T,299.7,40,300.36,40,IBM
2025-11-14,9:34:35.897311899,T,299.74,40,300.36,40,IBM
2025-11-14,9:34:35.898103852,T,299.7,40,300.36,40,IBM
2025-11-14,9:34:35.906223213,T,299.5,40,300.36,40,IBM
2025-11-14,9:34:35.934014373,T,299.74,40,300.36,40,IBM
2025-11-14,9:34:35.934450324,T,299.74,80,300.36,40,IBM
2025-11-14,9:34:35.934450324,T,299.74,120,300.36,40,IBM
2025-11-14,9:34:35.934670866,T,299.74,80,300.36,40,IBM
2025-11-14,9:34:35.934670866,T,299.85,40,300.36,40,IBM
2025-11-14,9:34:35.935061832,T,299.85,40,300.21,40,IBM
2025-11-14,9:34:35.935061832,T,299.74,80,300.21,40,IBM
2025-11-14,9:34:35.935257330,T,299.74,80,300.2,40,IBM
2025-11-14,9:34:35.944664657,T,299.74,80,300.36,40,IBM
2025-11-14,9:34:35.983041038,T,299.74,80,300.42,40,IBM
2025-11-14,9:34:36.023813143,T,299.74,80,300.2,40,IBM
2025-11-14,9:34:36.023883304,T,299.74,40,300.2,40,IBM
2025-11-14,9:34:36.705686556,T,299.74,40,300.2,120,IBM
2025-11-14,9:34:36.705907128,T,299.5,40,300.2,120,IBM
2025-11-14,9:34:38.207271500,T,299.5,40,300.2,160,IBM
2025-11-14,9:34:39.054092578,T,299.5,40,300.2,120,IBM
2025-11-14,9:34:40.664010120,T,299.5,40,299.97,40,IBM
2025-11-14,9:34:40.665147744,T,299.5,40,299.97,80,IBM
2025-11-14,9:34:40.669282638,T,299.5,40,299.97,40,IBM
2025-11-14,9:34:40.673417507,T,299.5,40,300.19,40,IBM
2025-11-14,9:34:40.673838693,T,299.5,40,300.19,80,IBM
2025-11-14,9:34:40.685065173,T,299.5,40,300.19,40,IBM
2025-11-14,9:34:40.707378468,T,299.47,40,300.19,40,IBM
2025-11-14,9:34:40.764153515,T,299.47,40,300.24,40,IBM
2025-11-14,9:34:41.300871206,T,299.26,40,300.24,40,IBM
2025-11-14,9:34:43.364940135,T,299.26,40,300.02,40,IBM
2025-11-14,9:34:44.534013374,T,299.52,40,300.02,40,IBM
2025-11-14,9:34:45.035722701,T,299.26,40,300.02,40,IBM
2025-11-14,9:34:45.036153743,T,299.26,40,300.02,80,IBM
2025-11-14,9:34:45.731424070,T,299.14,40,300.02,80,IBM
2025-11-14,9:34:48.183150795,T,299.14,40,300.02,40,IBM
2025-11-14,9:34:52.107578466,T,299.14,40,299.97,40,IBM
2025-11-14,9:34:52.107999442,T,299.14,40,299.97,80,IBM
2025-11-14,9:34:52.116985843,T,299.14,40,299.97,40,IBM
2025-11-14,9:34:52.308291369,T,299.6,40,299.97,40,IBM
2025-11-14,9:34:53.793452180,T,299.6,40,300.02,40,IBM
2025-11-14,9:34:54.054889442,T,299.6,40,299.97,40,IBM
2025-11-14,9:34:54.055325484,T,299.6,80,299.97,40,IBM
2025-11-14,9:34:54.064296886,T,299.6,80,300.02,40,IBM
2025-11-14,9:34:54.107093795,T,299.6,40,300.02,40,IBM
2025-11-14,9:34:54.222443375,T,299.14,40,300.02,40,IBM
2025-11-14,9:34:54.222488566,T,299.14,40,299.88,40,IBM
2025-11-14,9:34:54.222488566,T,299.14,40,299.87,40,IBM
2025-11-14,9:34:54.222754109,T,299.14,40,299.74,40,IBM
2025-11-14,9:34:54.222914488,T,299.14,40,299.87,40,IBM
2025-11-14,9:34:54.222934507,T,299.14,40,299.74,40,IBM
2025-11-14,9:34:54.222939671,T,299.14,40,299.87,40,IBM
2025-11-14,9:34:54.222974672,T,299.14,40,300.02,40,IBM
2025-11-14,9:34:54.223009728,T,299.14,40,299.87,40,IBM
2025-11-14,9:34:54.223310482,T,299.55,200,299.87,40,IBM
2025-11-14,9:34:54.223315385,T,299.55,200,299.87,80,IBM
2025-11-14,9:34:54.223355489,T,299.55,200,299.87,40,IBM
2025-11-14,9:34:54.223370581,T,299.55,240,299.87,40,IBM
2025-11-14,9:34:54.223380621,T,299.55,200,299.87,40,IBM
2025-11-14,9:34:54.223390645,T,299.14,80,299.87,40,IBM
2025-11-14,9:34:54.223390645,T,299.14,40,299.87,40,IBM
2025-11-14,9:34:54.223390645,T,299.55,40,299.87,40,IBM
2025-11-14,9:34:54.223400876,T,299.14,80,299.87,40,IBM
2025-11-14,9:34:54.223400876,T,299.14,40,299.87,40,IBM
2025-11-14,9:34:54.223425709,T,299.63,240,299.87,40,IBM
2025-11-14,9:34:54.223475788,T,299.63,240,299.74,40,IBM
2025-11-14,9:34:54.223515927,T,299.14,40,299.74,40,IBM
2025-11-14,9:34:54.223536012,T,299.72,240,299.74,40,IBM
2025-11-14,9:34:54.223546348,T,299.14,40,299.74,40,IBM
2025-11-14,9:34:54.223571099,T,299.72,240,299.74,40,IBM
2025-11-14,9:34:54.223576169,T,299.72,40,299.74,40,IBM
2025-11-14,9:34:54.223591155,T,299.72,40,299.87,40,IBM
2025-11-14,9:34:54.223601143,T,299.14,40,299.87,40,IBM
2025-11-14,9:34:54.223646247,T,299.14,40,299.82,40,IBM
2025-11-14,9:34:54.223691361,T,299.14,40,299.87,80,IBM
2025-11-14,9:34:54.224007121,T,299.55,40,299.87,80,IBM
2025-11-14,9:34:54.224217606,T,299.55,40,299.87,40,IBM
2025-11-14,9:34:54.224272773,T,299.55,40,300.02,80,IBM
2025-11-14,9:34:54.224367928,T,299.14,40,300.02,80,IBM
2025-11-14,9:34:54.263912057,T,299.14,40,299.88,40,IBM
2025-11-14,9:34:54.277128585,T,299.14,40,299.87,40,IBM
2025-11-14,9:34:54.277143567,T,299.14,40,299.87,80,IBM
2025-11-14,9:34:54.277243829,T,299.14,40,299.87,40,IBM
2025-11-14,9:34:54.277374189,T,299.14,40,299.87,80,IBM
2025-11-14,9:34:54.277669826,T,299.14,40,299.87,40,IBM
2025-11-14,9:34:54.277750094,T,299.14,40,299.87,80,IBM
2025-11-14,9:34:54.278075850,T,299.14,40,299.87,120,IBM
2025-11-14,9:34:54.278526899,T,299.14,40,299.87,80,IBM
2025-11-14,9:34:54.282075389,T,299.14,40,299.87,120,IBM
2025-11-14,9:34:54.285759123,T,299.14,40,299.87,80,IBM
2025-11-14,9:34:54.288901618,T,299.14,40,299.87,40,IBM
2025-11-14,9:34:54.292495128,T,299.14,80,299.87,40,IBM
2025-11-14,9:34:54.292525193,T,299.55,40,299.87,40,IBM
2025-11-14,9:34:54.292690632,T,299.55,40,299.88,40,IBM
2025-11-14,9:34:54.479976571,T,299.55,40,300.02,80,IBM
2025-11-14,9:34:54.479991572,T,299.55,40,299.88,40,IBM
2025-11-14,9:34:54.480001536,T,299.71,40,299.88,40,IBM
2025-11-14,9:34:54.480016565,T,299.71,40,300.02,80,IBM
2025-11-14,9:34:54.480041649,T,299.56,40,300.02,80,IBM
2025-11-14,9:34:54.480367481,T,299.56,40,300.02,40,IBM
2025-11-14,9:34:54.481475047,T,299.71,40,300.02,40,IBM
2025-11-14,9:34:54.482878633,T,299.71,40,299.88,40,IBM
2025-11-14,9:34:54.482898536,T,299.56,40,299.88,40,IBM
2025-11-14,9:34:54.482903826,T,299.56,40,300.02,40,IBM
2025-11-14,9:34:54.484166494,T,299.55,40,300.02,40,IBM
2025-11-14,9:34:58.311648565,T,299.55,40,300.02,160,IBM
2025-11-14,9:35:02.225506127,T,299.55,40,300.02,120,IBM
2025-11-14,9:35:02.225506127,T,299.55,40,300.07,40,IBM
2025-11-14,9:35:02.225521151,T,299.55,40,300.24,40,IBM
2025-11-14,9:35:02.225536271,T,299.79,40,300.24,40,IBM
2025-11-14,9:35:02.225741641,T,300.01,80,300.24,40,IBM
2025-11-14,9:35:02.226032345,T,300.01,120,300.24,40,IBM
2025-11-14,9:35:02.226368185,T,299.79,80,300.24,40,IBM
2025-11-14,9:35:02.226819298,T,299.79,80,300.35,200,IBM
2025-11-14,9:35:02.226959608,T,300.02,160,300.35,200,IBM
2025-11-14,9:35:02.228207540,T,300.02,160,300.35,40,IBM
2025-11-14,9:35:02.229320199,T,300.02,200,300.35,40,IBM
2025-11-14,9:35:02.229545751,T,300.02,200,300.36,40,IBM
2025-11-14,9:35:02.230242352,T,300.02,160,300.36,40,IBM
2025-11-14,9:35:02.230277441,T,300.02,200,300.36,40,IBM
2025-11-14,9:35:02.230312592,T,300.02,160,300.36,40,IBM
2025-11-14,9:35:02.230442897,T,300.02,160,300.3,40,IBM
2025-11-14,9:35:02.230633342,T,300.02,160,300.35,40,IBM
2025-11-14,9:35:02.230929036,T,300.02,200,300.35,40,IBM
2025-11-14,9:35:02.231485319,T,300.03,40,300.35,40,IBM
2025-11-14,9:35:02.236196531,T,300.02,160,300.35,40,IBM
2025-11-14,9:35:02.243113071,T,300.03,40,300.35,40,IBM
2025-11-14,9:35:02.244907275,T,300.02,160,300.35,40,IBM
2025-11-14,9:35:02.246476073,T,300.03,40,300.35,40,IBM
2025-11-14,9:35:02.256389684,T,300.03,80,300.35,40,IBM
2025-11-14,9:35:02.257923284,T,300.03,80,300.36,40,IBM
2025-11-14,9:35:02.258244078,T,300.03,40,300.36,40,IBM
2025-11-14,9:35:02.258269099,T,300.02,160,300.36,40,IBM
2025-11-14,9:35:02.258609950,T,300.02,160,300.42,80,IBM
2025-11-14,9:35:02.258775285,T,300.02,160,300.42,40,IBM
2025-11-14,9:35:02.260028330,T,300.02,160,300.68,160,IBM
2025-11-14,9:35:02.260489487,T,300.02,200,300.68,160,IBM
2025-11-14,9:35:02.264233382,T,300.02,160,300.68,160,IBM
2025-11-14,9:35:02.491925399,T,299.79,80,300.68,160,IBM
2025-11-14,9:35:02.664867170,T,299.79,80,300.5,40,IBM
2025-11-14,9:35:03.833684732,T,299.86,80,300.5,40,IBM
2025-11-14,9:35:05.700123275,T,299.79,80,300.5,40,IBM
2025-11-14,9:35:05.855723709,T,299.79,80,300.5,80,IBM
2025-11-14,9:35:05.855788822,T,299.79,80,300.29,40,IBM
2025-11-14,9:35:05.855828974,T,299.79,80,300.43,40,IBM
2025-11-14,9:35:05.855869079,T,299.79,80,300.42,40,IBM
2025-11-14,9:35:05.856290007,T,299.79,80,300.42,80,IBM
2025-11-14,9:35:05.856395273,T,299.79,80,300.41,40,IBM
2025-11-14,9:35:05.906439382,T,299.79,80,300.42,40,IBM
2025-11-14,9:35:05.906444671,T,299.79,80,300.43,40,IBM
2025-11-14,9:35:05.955806943,T,299.79,80,300.5,40,IBM
2025-11-14,9:35:09.794260140,T,299.99,80,300.5,40,IBM
2025-11-14,9:35:14.341089494,T,299.99,80,300.49,40,IBM
2025-11-14,9:35:14.341515490,T,299.99,80,300.49,80,IBM
2025-11-14,9:35:15.028075025,T,299.99,80,300.49,40,IBM
2025-11-14,9:35:18.006741500,T,300.02,40,300.49,40,IBM
2025-11-14,9:35:18.006801929,T,299.99,80,300.49,40,IBM
2025-11-14,9:35:18.006801929,T,300.0,40,300.49,40,IBM
2025-11-14,9:35:18.007127440,T,300.2,40,300.49,40,IBM
2025-11-14,9:35:18.007127440,T,300.21,40,300.49,40,IBM
2025-11-14,9:35:18.007618619,T,300.21,40,300.5,40,IBM
2025-11-14,9:35:18.007758985,T,300.31,40,300.5,40,IBM
2025-11-14,9:35:18.007779044,T,300.21,40,300.5,40,IBM
2025-11-14,9:35:18.007799035,T,300.2,40,300.5,40,IBM
2025-11-14,9:35:18.007814043,T,300.21,40,300.5,40,IBM
2025-11-14,9:35:18.007844213,T,300.2,40,300.5,40,IBM
2025-11-14,9:35:18.008074746,T,300.2,40,300.68,160,IBM
2025-11-14,9:35:18.008084804,T,300.2,40,300.5,40,IBM
2025-11-14,9:35:18.008114869,T,300.2,40,300.68,160,IBM
2025-11-14,9:35:18.008124816,T,300.2,40,300.5,40,IBM
2025-11-14,9:35:18.008164985,T,300.2,40,300.68,160,IBM
2025-11-14,9:35:18.008175299,T,300.2,40,300.5,40,IBM
2025-11-14,9:35:18.008204992,T,300.2,40,300.68,160,IBM
2025-11-14,9:35:18.008210036,T,300.2,40,300.5,40,IBM
2025-11-14,9:35:18.008215068,T,300.2,40,300.68,160,IBM
2025-11-14,9:35:18.008220048,T,300.2,40,300.5,40,IBM
2025-11-14,9:35:18.008300226,T,300.21,40,300.5,40,IBM
2025-11-14,9:35:18.008370418,T,300.25,40,300.5,40,IBM
2025-11-14,9:35:18.008570899,T,300.25,40,300.68,160,IBM
2025-11-14,9:35:18.008596291,T,300.25,80,300.68,160,IBM
2025-11-14,9:35:18.008596291,T,300.27,40,300.68,160,IBM
2025-11-14,9:35:18.008610996,T,300.26,80,300.68,160,IBM
2025-11-14,9:35:18.008641107,T,300.26,40,300.68,160,IBM
2025-11-14,9:35:18.008666090,T,300.26,40,300.67,40,IBM
2025-11-14,9:35:18.008701259,T,300.26,40,300.68,160,IBM
2025-11-14,9:35:18.008746694,T,300.26,80,300.68,160,IBM
2025-11-14,9:35:18.008746694,T,300.27,40,300.68,160,IBM
2025-11-14,9:35:18.008756388,T,300.27,80,300.68,160,IBM
2025-11-14,9:35:18.009197440,T,300.38,40,300.68,160,IBM
2025-11-14,9:35:18.010756140,T,300.38,40,300.86,40,IBM
2025-11-14,9:35:18.010796176,T,300.38,80,300.86,40,IBM
2025-11-14,9:35:18.011111968,T,300.38,40,300.86,40,IBM
2025-11-14,9:35:18.012455110,T,300.38,40,300.67,40,IBM
2025-11-14,9:35:18.012475171,T,300.38,40,300.86,40,IBM
2025-11-14,9:35:18.012505539,T,300.38,40,300.67,40,IBM
2025-11-14,9:35:18.012510629,T,300.38,80,300.67,40,IBM
2025-11-14,9:35:18.012535428,T,300.38,40,300.67,40,IBM
2025-11-14,9:35:18.058980851,T,300.38,40,300.86,40,IBM
2025-11-14,9:35:18.059732637,T,300.27,40,300.86,40,IBM
2025-11-14,9:35:18.108739321,T,300.02,40,300.86,40,IBM
2025-11-14,9:35:18.414311723,T,300.17,80,300.86,40,IBM
2025-11-14,9:35:19.562981274,T,300.41,40,300.86,40,IBM
2025-11-14,9:35:19.562986208,T,300.54,40,300.86,40,IBM
2025-11-14,9:35:19.565001062,T,300.54,40,300.93,40,IBM
2025-11-14,9:35:19.565116346,T,300.54,40,300.86,40,IBM
2025-11-14,9:35:19.572393704,T,300.41,80,300.86,40,IBM
2025-11-14,9:35:19.574358328,T,300.41,80,300.95,40,IBM
2025-11-14,9:35:19.574398459,T,300.41,80,301.04,40,IBM
2025-11-14,9:35:19.574423470,T,300.64,40,301.04,40,IBM
2025-11-14,9:35:19.574458591,T,300.64,80,301.04,40,IBM
2025-11-14,9:35:19.579064565,T,300.64,40,301.04,40,IBM
2025-11-14,9:35:19.579485540,T,300.43,40,301.04,40,IBM
2025-11-14,9:35:19.579696017,T,300.43,80,301.04,40,IBM
2025-11-14,9:35:19.624963804,T,300.43,40,301.04,40,IBM
2025-11-14,9:35:19.624973867,T,300.25,80,301.04,40,IBM
2025-11-14,9:35:19.624993947,T,300.25,40,301.04,40,IBM
2025-11-14,9:35:19.625044004,T,300.25,80,301.04,40,IBM
2025-11-14,9:35:19.625089174,T,300.29,40,301.04,40,IBM
2025-11-14,9:35:19.629234076,T,300.25,40,301.04,40,IBM
2025-11-14,9:35:19.690319370,T,300.54,80,301.04,40,IBM
2025-11-14,9:35:20.236279228,T,300.54,80,301.26,240,IBM
2025-11-14,9:35:20.285100461,T,300.63,40,301.26,240,IBM
2025-11-14,9:35:20.564204845,T,300.63,40,301.04,40,IBM
2025-11-14,9:35:21.289100525,T,300.63,40,301.0,40,IBM
2025-11-14,9:35:22.064606733,T,300.64,40,301.0,40,IBM
2025-11-14,9:35:22.128433610,T,300.63,40,301.0,40,IBM
2025-11-14,9:35:23.488165703,T,300.56,80,301.0,40,IBM
2025-11-14,9:35:23.488170709,T,300.56,80,300.82,40,IBM
2025-11-14,9:35:23.488210875,T,300.56,80,300.82,80,IBM
2025-11-14,9:35:23.488311089,T,300.18,40,300.82,80,IBM
2025-11-14,9:35:23.488361132,T,300.18,40,300.82,120,IBM
2025-11-14,9:35:23.488386276,T,300.18,40,300.82,160,IBM
2025-11-14,9:35:23.488406305,T,300.18,40,300.81,40,IBM
2025-11-14,9:35:23.488662012,T,300.18,40,300.8,40,IBM
2025-11-14,9:35:23.488822280,T,300.18,120,300.8,40,IBM
2025-11-14,9:35:23.488857416,T,300.18,120,300.65,40,IBM
2025-11-14,9:35:23.488962643,T,300.18,240,300.65,40,IBM
2025-11-14,9:35:23.493057325,T,300.18,240,300.8,40,IBM
2025-11-14,9:35:23.497247393,T,300.18,240,300.81,40,IBM
2025-11-14,9:35:23.588359187,T,300.18,240,300.82,80,IBM
2025-11-14,9:35:23.894868873,T,300.18,200,300.82,80,IBM
2025-11-14,9:35:24.682859847,T,300.18,200,300.82,40,IBM
2025-11-14,9:35:24.682884933,T,300.18,200,300.96,40,IBM
2025-11-14,9:35:25.445776160,T,300.18,120,300.96,40,IBM
2025-11-14,9:35:25.445781118,T,300.19,120,300.96,40,IBM
2025-11-14,9:35:25.445801181,T,300.19,200,300.96,40,IBM
2025-11-14,9:35:25.445836290,T,300.19,240,300.96,40,IBM
2025-11-14,9:35:25.996662585,T,300.19,280,300.96,40,IBM
2025-11-14,9:35:25.996767814,T,300.19,240,300.96,40,IBM
2025-11-14,9:35:25.996812883,T,300.19,280,300.96,40,IBM
2025-11-14,9:35:25.996833074,T,300.19,160,300.96,40,IBM
2025-11-14,9:35:25.996833074,T,300.34,80,300.96,40,IBM
2025-11-14,9:35:25.996857990,T,300.34,200,300.96,40,IBM
2025-11-14,9:35:25.997113684,T,300.34,200,301.03,200,IBM
2025-11-14,9:35:26.009919115,T,300.34,80,301.03,200,IBM
2025-11-14,9:35:26.009919115,T,300.5,80,301.03,200,IBM
2025-11-14,9:35:26.009944191,T,300.5,200,301.03,200,IBM
2025-11-14,9:35:26.045483735,T,300.5,200,300.76,40,IBM
2025-11-14,9:35:26.387954084,T,300.5,80,300.76,40,IBM
2025-11-14,9:35:26.387979199,T,300.07,40,300.76,40,IBM
2025-11-14,9:35:26.387999234,T,300.07,40,300.76,80,IBM
2025-11-14,9:35:26.388004341,T,300.07,40,300.75,40,IBM
2025-11-14,9:35:26.388044357,T,300.07,40,300.63,40,IBM
2025-11-14,9:35:26.391492522,T,300.5,40,300.63,40,IBM
2025-11-14,9:35:26.391512618,T,300.07,40,300.63,40,IBM
2025-11-14,9:35:26.391542653,T,300.07,40,300.76,80,IBM
2025-11-14,9:35:26.398083252,T,300.07,40,300.66,40,IBM
2025-11-14,9:35:26.403957217,T,300.07,40,300.76,80,IBM
2025-11-14,9:35:26.406007072,T,300.07,40,300.75,40,IBM
2025-11-14,9:35:31.094398746,T,300.5,40,300.75,40,IBM
2025-11-14,9:35:31.099977009,T,300.5,40,300.76,40,IBM
2025-11-14,9:35:31.100007111,T,300.5,40,301.03,200,IBM
2025-11-14,9:35:31.100012176,T,300.5,80,301.03,200,IBM
2025-11-14,9:35:31.100012176,T,300.5,120,301.03,200,IBM
2025-11-14,9:35:31.100027109,T,300.51,40,301.03,200,IBM
2025-11-14,9:35:31.100393116,T,300.62,40,301.03,200,IBM
2025-11-14,9:35:31.100433063,T,300.65,40,301.03,200,IBM
2025-11-14,9:35:31.100949353,T,300.65,40,301.0,80,IBM
2025-11-14,9:35:31.101204929,T,300.5,80,301.0,80,IBM
2025-11-14,9:35:31.101350289,T,300.5,80,301.0,160,IBM
2025-11-14,9:35:31.101370294,T,300.5,80,301.0,200,IBM
2025-11-14,9:35:32.344073841,T,300.5,120,301.0,200,IBM
2025-11-14,9:35:37.542254100,T,300.5,120,300.84,80,IBM
2025-11-14,9:35:37.542459685,T,300.5,80,300.84,80,IBM
2025-11-14,9:35:37.543061096,T,300.5,80,300.84,200,IBM
2025-11-14,9:35:39.206446407,T,300.5,80,300.84,120,IBM
2025-11-14,9:35:39.206450920,T,300.5,80,300.84,80,IBM
2025-11-14,9:35:39.206481037,T,300.5,80,301.28,40,IBM
2025-11-14,9:35:39.206521177,T,300.83,80,301.28,40,IBM
2025-11-14,9:35:39.206606326,T,300.83,40,301.28,40,IBM
2025-11-14,9:35:39.207137588,T,300.73,40,301.28,40,IBM
2025-11-14,9:35:39.207172720,T,300.51,40,301.28,40,IBM
2025-11-14,9:35:39.209914172,T,300.51,40,301.28,80,IBM
2025-11-14,9:35:39.211538043,T,300.53,40,301.28,80,IBM
2025-11-14,9:35:39.228723987,T,300.54,80,301.28,80,IBM
2025-11-14,9:35:39.309917275,T,300.54,80,301.28,40,IBM
2025-11-14,9:35:39.376410508,T,300.54,40,301.28,40,IBM
2025-11-14,9:35:39.581568993,T,300.54,40,301.0,40,IBM
2025-11-14,9:35:45.907905463,T,300.54,40,301.28,40,IBM
2025-11-14,9:35:45.907920121,T,300.54,40,301.0,40,IBM
2025-11-14,9:35:45.907945152,T,300.54,80,301.0,40,IBM
2025-11-14,9:35:45.907945152,T,300.54,120,301.0,40,IBM
2025-11-14,9:35:45.907965232,T,300.54,120,301.04,40,IBM
2025-11-14,9:35:45.907975354,T,300.54,120,301.0,40,IBM
2025-11-14,9:35:45.907975354,T,300.55,40,301.0,40,IBM
2025-11-14,9:35:45.907980211,T,300.54,120,301.0,40,IBM
2025-11-14,9:35:45.907995254,T,300.54,120,301.28,40,IBM
2025-11-14,9:35:45.908005592,T,300.54,120,301.0,40,IBM
2025-11-14,9:35:45.908030329,T,300.76,40,301.0,40,IBM
2025-11-14,9:35:45.908040437,T,300.76,40,301.28,40,IBM
2025-11-14,9:35:45.908045425,T,300.76,40,301.0,40,IBM
2025-11-14,9:35:45.908060569,T,300.76,80,301.0,40,IBM
2025-11-14,9:35:45.908076100,T,300.77,40,301.0,40,IBM
2025-11-14,9:35:45.908076100,T,300.77,40,301.28,40,IBM
2025-11-14,9:35:45.908085771,T,300.76,40,301.28,40,IBM
2025-11-14,9:35:45.908085771,T,300.76,40,301.0,40,IBM
2025-11-14,9:35:45.908125951,T,300.76,40,301.28,40,IBM
2025-11-14,9:35:45.908130571,T,300.76,40,301.0,40,IBM
2025-11-14,9:35:45.908156037,T,300.77,40,301.0,40,IBM
2025-11-14,9:35:45.908160724,T,300.77,40,301.28,40,IBM
2025-11-14,9:35:45.908170663,T,300.76,40,301.28,40,IBM
2025-11-14,9:35:45.908321037,T,300.77,40,301.28,40,IBM
2025-11-14,9:35:45.908336159,T,300.78,40,301.28,40,IBM
2025-11-14,9:35:45.908356132,T,300.77,40,301.28,40,IBM
2025-11-14,9:35:45.908792167,T,300.78,40,301.28,40,IBM
2025-11-14,9:35:45.917177158,T,300.77,40,301.28,40,IBM
2025-11-14,9:35:46.008088527,T,300.5,80,301.28,40,IBM
2025-11-14,9:35:46.751463402,T,300.6,80,301.28,40,IBM
2025-11-14,9:35:46.751703952,T,300.5,80,301.28,40,IBM
2025-11-14,9:35:46.752124899,T,300.5,80,301.48,80,IBM
2025-11-14,9:35:46.764514490,T,300.68,40,301.48,80,IBM
2025-11-14,9:35:46.767566719,T,300.68,80,301.48,80,IBM
2025-11-14,9:35:46.767677005,T,300.89,40,301.48,80,IBM
2025-11-14,9:35:46.792841890,T,300.68,80,301.48,80,IBM
2025-11-14,9:35:47.027926519,T,300.68,120,301.48,80,IBM
2025-11-14,9:35:50.913767496,T,300.68,120,301.3,40,IBM
2025-11-14,9:35:50.913767496,T,300.68,120,301.12,40,IBM
2025-11-14,9:35:50.913922691,T,300.68,80,301.12,40,IBM
2025-11-14,9:35:50.923169729,T,300.68,80,301.48,80,IBM
2025-11-14,9:35:51.014361848,T,300.68,40,301.48,80,IBM
2025-11-14,9:35:51.070926528,T,300.68,80,301.48,80,IBM
2025-11-14,9:35:56.386406108,T,300.76,80,301.48,80,IBM
2025-11-14,9:35:56.393693406,T,300.76,120,301.48,80,IBM
2025-11-14,9:35:56.393698490,T,300.78,40,301.48,80,IBM
2025-11-14,9:35:56.394335020,T,300.76,120,301.48,80,IBM
2025-11-14,9:35:56.394335020,T,300.8,40,301.48,80,IBM
2025-11-14,9:35:56.396645475,T,300.76,120,301.48,80,IBM
2025-11-14,9:35:56.397878368,T,300.76,80,301.48,80,IBM
2025-11-14,9:35:56.422577219,T,300.78,80,301.48,80,IBM
2025-11-14,9:35:56.574829745,T,300.79,80,301.48,80,IBM
2025-11-14,9:35:57.343434471,T,300.78,80,301.48,80,IBM
2025-11-14,9:35:57.344968173,T,301.04,40,301.48,80,IBM
2025-11-14,9:35:57.354375537,T,300.78,80,301.48,80,IBM
2025-11-14,9:36:00.177040384,T,300.78,80,301.23,40,IBM
2025-11-14,9:36:00.186447807,T,300.78,80,301.48,80,IBM
2025-11-14,9:36:01.877824426,T,300.79,40,301.48,80,IBM
2025-11-14,9:36:01.877849557,T,300.78,80,301.48,80,IBM
2025-11-14,9:36:01.877849557,T,300.96,40,301.48,80,IBM
2025-11-14,9:36:01.878476016,T,300.78,80,301.48,80,IBM
2025-11-14,9:36:03.377880645,T,300.78,80,301.48,40,IBM
2025-11-14,9:36:03.377905706,T,300.78,80,301.6,40,IBM
2025-11-14,9:36:07.921272129,T,301.17,40,301.6,40,IBM
2025-11-14,9:36:07.921813422,T,301.17,40,301.64,200,IBM
2025-11-14,9:36:07.925346869,T,300.78,80,301.64,200,IBM
2025-11-14,9:36:07.931391251,T,300.78,80,301.46,40,IBM
2025-11-14,9:36:07.931391251,T,300.78,80,301.37,40,IBM
2025-11-14,9:36:07.931611784,T,300.78,80,301.34,40,IBM
2025-11-14,9:36:07.932413631,T,300.78,80,301.34,80,IBM
2025-11-14,9:36:07.940798609,T,300.78,80,301.34,40,IBM
2025-11-14,9:36:10.213384169,T,300.78,80,301.71,40,IBM
2025-11-14,9:36:10.213404005,T,301.19,40,301.71,40,IBM
2025-11-14,9:36:10.213820060,T,301.19,80,301.71,40,IBM
2025-11-14,9:36:10.213970409,T,301.19,120,301.71,40,IBM
2025-11-14,9:36:10.214075657,T,301.2,40,301.71,40,IBM
2025-11-14,9:36:10.214296331,T,301.2,80,301.71,40,IBM
2025-11-14,9:36:10.215213392,T,301.2,160,301.71,40,IBM
2025-11-14,9:36:10.223608456,T,301.2,120,301.71,40,IBM
2025-11-14,9:36:10.224124835,T,301.2,160,301.71,40,IBM
2025-11-14,9:36:10.225372541,T,301.2,160,301.71,80,IBM
2025-11-14,9:36:10.225382578,T,301.2,160,301.6,40,IBM
2025-11-14,9:36:10.225497818,T,301.2,200,301.6,40,IBM
2025-11-14,9:36:10.234789969,T,301.2,200,301.71,80,IBM
2025-11-14,9:36:10.313467267,T,301.2,200,301.71,40,IBM
2025-11-14,9:36:10.447787073,T,301.2,160,301.71,40,IBM
2025-11-14,9:36:10.462071004,T,301.2,120,301.71,40,IBM
2025-11-14,9:36:10.475142203,T,301.2,120,301.5,40,IBM
2025-11-14,9:36:10.575370773,T,301.2,120,301.71,40,IBM
2025-11-14,9:36:10.576087510,T,301.2,120,301.5,40,IBM
2025-11-14,9:36:12.262812947,T,301.2,40,301.5,40,IBM
2025-11-14,9:36:12.262812947,T,301.19,40,301.5,40,IBM
2025-11-14,9:36:12.262858006,T,301.19,40,301.46,40,IBM
2025-11-14,9:36:12.262863032,T,301.19,40,301.35,40,IBM
2025-11-14,9:36:12.262893101,T,300.73,160,301.35,40,IBM
2025-11-14,9:36:12.263093517,T,300.73,160,301.35,80,IBM
2025-11-14,9:36:12.263399249,T,300.73,160,301.33,40,IBM
2025-11-14,9:36:12.272751560,T,300.73,160,301.35,40,IBM
2025-11-14,9:36:12.273142440,T,300.73,160,301.49,40,IBM
2025-11-14,9:36:12.275763681,T,300.73,160,301.46,40,IBM
2025-11-14,9:36:17.617295465,T,300.73,160,301.5,40,IBM
2025-11-14,9:36:17.617320489,T,301.31,40,301.5,40,IBM
2025-11-14,9:36:17.617360615,T,301.31,40,301.61,40,IBM
2025-11-14,9:36:17.617365659,T,301.31,40,301.5,40,IBM
2025-11-14,9:36:17.617391032,T,301.31,40,301.61,40,IBM
2025-11-14,9:36:17.617396103,T,300.99,40,301.61,40,IBM
2025-11-14,9:36:17.617400826,T,301.18,40,301.61,40,IBM
2025-11-14,9:36:17.617846832,T,301.18,80,301.61,40,IBM
2025-11-14,9:36:17.617866812,T,301.18,120,301.61,40,IBM
2025-11-14,9:36:17.617911908,T,301.34,40,301.61,40,IBM
2025-11-14,9:36:17.618343025,T,301.34,80,301.61,40,IBM
2025-11-14,9:36:17.618378013,T,301.45,40,301.61,40,IBM
2025-11-14,9:36:17.618403052,T,301.45,40,301.69,40,IBM
2025-11-14,9:36:17.618433240,T,301.34,40,301.69,40,IBM
2025-11-14,9:36:17.618608590,T,301.34,40,301.59,80,IBM
2025-11-14,9:36:17.618658689,T,301.34,80,301.59,80,IBM
2025-11-14,9:36:17.618989748,T,301.34,80,301.69,40,IBM
2025-11-14,9:36:17.619014521,T,301.52,40,301.69,40,IBM
2025-11-14,9:36:17.619355372,T,301.34,80,301.69,40,IBM
2025-11-14,9:36:17.619570878,T,301.34,40,301.69,40,IBM
2025-11-14,9:36:17.619676156,T,301.34,40,301.79,40,IBM
2025-11-14,9:36:17.620006967,T,301.34,40,301.79,120,IBM
2025-11-14,9:36:18.623360689,T,301.34,80,301.79,120,IBM
2025-11-14,9:36:18.623370677,T,301.34,80,301.79,80,IBM
2025-11-14,9:36:18.623420780,T,301.34,40,301.79,80,IBM
2025-11-14,9:36:18.623992151,T,301.34,40,301.87,40,IBM
2025-11-14,9:36:18.624017154,T,301.55,40,301.87,40,IBM
2025-11-14,9:36:18.624027340,T,301.55,80,301.87,40,IBM
2025-11-14,9:36:18.624027340,T,301.56,40,301.87,40,IBM
2025-11-14,9:36:18.624057235,T,301.56,40,301.9,40,IBM
2025-11-14,9:36:18.624092418,T,301.67,40,301.9,40,IBM
2025-11-14,9:36:18.624713887,T,301.56,40,301.9,40,IBM
2025-11-14,9:36:18.625570864,T,301.67,40,301.9,40,IBM
2025-11-14,9:36:18.625610964,T,301.73,40,301.9,40,IBM
2025-11-14,9:36:18.625721232,T,301.34,120,301.9,40,IBM
2025-11-14,9:36:18.625771515,T,301.56,40,301.9,40,IBM
2025-11-14,9:36:18.626047052,T,301.56,80,301.9,40,IBM
2025-11-14,9:36:18.799680411,T,301.56,40,301.9,40,IBM
2025-11-14,9:36:19.018185603,T,301.34,120,301.9,40,IBM
2025-11-14,9:36:19.798788884,T,301.67,40,301.9,40,IBM
2025-11-14,9:36:19.808196308,T,301.34,120,301.9,40,IBM
2025-11-14,9:36:21.809500742,T,301.34,120,301.99,40,IBM
2025-11-14,9:36:21.819188812,T,301.34,120,301.99,80,IBM
2025-11-14,9:36:22.036410879,T,301.34,120,301.99,40,IBM
2025-11-14,9:36:25.487912953,T,301.34,120,302.01,40,IBM
2025-11-14,9:36:25.487918061,T,301.34,120,302.12,40,IBM
2025-11-14,9:36:25.506868116,T,301.34,120,301.99,40,IBM
2025-11-14,9:36:26.244539214,T,301.34,120,302.12,40,IBM
2025-11-14,9:36:28.229745167,T,301.67,40,302.12,40,IBM
2025-11-14,9:36:28.229955665,T,301.67,80,302.12,40,IBM
2025-11-14,9:36:28.230572231,T,301.68,40,302.12,40,IBM
2025-11-14,9:36:28.230602231,T,301.67,80,302.12,40,IBM
2025-11-14,9:36:28.230602231,T,301.68,40,302.12,40,IBM
2025-11-14,9:36:28.230612320,T,301.82,40,302.12,40,IBM
2025-11-14,9:36:28.233173386,T,301.67,80,302.12,40,IBM
2025-11-14,9:36:28.239964582,T,301.67,40,302.12,40,IBM
2025-11-14,9:36:28.264292435,T,301.67,80,302.12,40,IBM
2025-11-14,9:36:29.284776903,T,301.67,160,302.12,40,IBM
2025-11-14,9:36:30.033208710,T,301.67,120,302.12,40,IBM
2025-11-14,9:36:30.035799811,T,301.67,120,302.12,80,IBM
2025-11-14,9:36:30.035804859,T,301.67,120,302.06,40,IBM
2025-11-14,9:36:30.035809932,T,301.67,120,302.01,40,IBM
2025-11-14,9:36:30.035834896,T,301.67,120,301.98,40,IBM
2025-11-14,9:36:30.044219932,T,301.67,120,302.0,40,IBM
2025-11-14,9:36:30.058824728,T,301.67,120,302.0,80,IBM
2025-11-14,9:36:30.078356170,T,301.67,120,301.91,40,IBM
2025-11-14,9:36:30.078521557,T,301.67,200,301.91,40,IBM
2025-11-14,9:36:30.093833001,T,301.67,200,302.0,40,IBM
2025-11-14,9:36:30.093858099,T,301.67,200,302.12,40,IBM
2025-11-14,9:36:30.350318639,T,301.76,80,302.12,40,IBM
2025-11-14,9:36:30.378004521,T,301.76,80,302.0,40,IBM
2025-11-14,9:36:31.116317467,T,301.76,120,302.0,40,IBM
2025-11-14,9:36:31.116327489,T,301.76,160,302.0,40,IBM
2025-11-14,9:36:31.116332472,T,301.76,120,302.0,40,IBM
2025-11-14,9:36:31.116342490,T,301.83,80,302.0,40,IBM
2025-11-14,9:36:31.389763365,T,301.67,160,302.0,40,IBM
2025-11-14,9:36:31.389783322,T,301.67,160,301.83,80,IBM
2025-11-14,9:36:31.389838504,T,301.67,160,301.83,120,IBM
2025-11-14,9:36:31.390480046,T,301.67,120,301.83,120,IBM
2025-11-14,9:36:31.390495022,T,301.67,120,301.83,40,IBM
2025-11-14,9:36:31.390520083,T,301.67,120,301.92,40,IBM
2025-11-14,9:36:31.390545221,T,301.67,120,302.0,40,IBM
2025-11-14,9:36:31.391136610,T,301.67,120,301.83,40,IBM
2025-11-14,9:36:31.391171734,T,301.67,120,301.83,80,IBM
2025-11-14,9:36:31.456787872,T,301.67,80,301.83,80,IBM
2025-11-14,9:36:32.153396373,T,301.67,40,301.83,80,IBM
2025-11-14,9:36:32.153521710,T,301.51,40,301.83,80,IBM
2025-11-14,9:36:32.153662073,T,301.51,40,301.82,40,IBM
2025-11-14,9:36:32.153962782,T,301.51,40,301.75,40,IBM
2025-11-14,9:36:32.163074425,T,301.51,40,301.82,40,IBM
2025-11-14,9:36:32.163099462,T,301.51,40,301.83,80,IBM
2025-11-14,9:36:32.164693358,T,301.34,120,301.83,80,IBM
2025-11-14,9:36:42.282440342,T,301.53,40,301.83,80,IBM
2025-11-14,9:36:42.335236104,T,301.34,120,301.83,80,IBM
2025-11-14,9:36:45.338911957,T,301.34,120,301.83,40,IBM
2025-11-14,9:36:45.338942066,T,301.34,120,302.0,40,IBM
2025-11-14,9:36:45.744332312,T,301.34,120,301.72,40,IBM
2025-11-14,9:36:45.744387418,T,301.34,120,301.71,40,IBM
2025-11-14,9:36:45.744447540,T,301.34,120,301.66,40,IBM
2025-11-14,9:36:45.744612959,T,301.34,120,301.62,40,IBM
2025-11-14,9:36:45.744838471,T,301.34,120,301.57,40,IBM
2025-11-14,9:36:45.754235880,T,301.34,120,301.62,40,IBM
2025-11-14,9:36:45.775451410,T,301.34,120,301.62,80,IBM
2025-11-14,9:36:46.297388868,T,301.34,120,301.62,160,IBM
2025-11-14,9:36:46.428726512,T,301.37,40,301.62,160,IBM
2025-11-14,9:36:46.479001163,T,301.34,120,301.62,160,IBM
2025-11-14,9:36:46.923825072,T,301.34,120,301.56,40,IBM
2025-11-14,9:36:46.927989973,T,301.34,120,301.62,160,IBM
2025-11-14,9:36:48.219700116,T,301.34,80,301.62,160,IBM
2025-11-14,9:36:49.992285156,T,301.34,80,301.61,40,IBM
2025-11-14,9:36:49.992330254,T,301.34,80,301.61,80,IBM
2025-11-14,9:36:50.406666558,T,301.34,80,301.6,40,IBM
2025-11-14,9:36:50.406711654,T,301.34,80,301.6,80,IBM
2025-11-14,9:36:50.484607150,T,301.37,40,301.6,80,IBM
2025-11-14,9:36:52.126501115,T,301.37,80,301.6,80,IBM
2025-11-14,9:36:52.127017312,T,301.37,80,301.59,40,IBM
2025-11-14,9:36:52.127057425,T,301.37,80,301.59,80,IBM
2025-11-14,9:36:52.418310778,T,301.37,40,301.59,80,IBM
2025-11-14,9:36:53.844947197,T,301.37,40,301.59,40,IBM
2025-11-14,9:36:53.844977299,T,301.37,40,301.6,40,IBM
2025-11-14,9:36:53.845007361,T,301.37,40,301.61,40,IBM
2025-11-14,9:36:53.845032410,T,301.37,40,301.62,120,IBM
2025-11-14,9:36:55.057273234,T,301.37,40,301.59,40,IBM
2025-11-14,9:36:55.499877069,T,301.37,40,301.62,120,IBM
2025-11-14,9:36:55.499907393,T,301.38,40,301.62,120,IBM
2025-11-14,9:36:55.499907393,T,301.38,40,301.62,80,IBM
2025-11-14,9:36:55.499922066,T,301.38,40,302.0,40,IBM
2025-11-14,9:36:55.500298056,T,301.48,40,302.0,40,IBM
2025-11-14,9:36:55.508687916,T,301.38,40,302.0,40,IBM
2025-11-14,9:36:55.509259400,T,301.48,40,302.0,40,IBM
2025-11-14,9:36:55.509279423,T,301.38,40,302.0,40,IBM
2025-11-14,9:36:55.509294795,T,301.48,40,302.0,40,IBM
2025-11-14,9:36:55.509299381,T,301.38,40,302.0,40,IBM
2025-11-14,9:36:55.509805657,T,301.37,80,302.0,40,IBM
2025-11-14,9:36:55.513404236,T,301.38,40,302.0,40,IBM
2025-11-14,9:36:55.513409200,T,301.54,40,302.0,40,IBM
2025-11-14,9:36:55.516992768,T,301.37,80,302.0,40,IBM
2025-11-14,9:36:55.549460082,T,301.37,80,301.79,40,IBM
2025-11-14,9:36:55.549505144,T,301.37,80,301.79,80,IBM
2025-11-14,9:36:55.582358405,T,301.37,80,301.78,40,IBM
2025-11-14,9:36:55.582398424,T,301.37,80,301.78,80,IBM
2025-11-14,9:36:55.641604479,T,301.37,40,301.78,80,IBM
2025-11-14,9:36:55.665611558,T,301.42,40,301.78,80,IBM
2025-11-14,9:36:55.780835914,T,301.42,40,301.77,40,IBM
2025-11-14,9:36:55.780881027,T,301.42,40,301.77,80,IBM
2025-11-14,9:36:55.943483217,T,301.42,40,301.76,40,IBM
2025-11-14,9:36:56.288309320,T,301.42,40,301.75,40,IBM
2025-11-14,9:36:56.288349344,T,301.42,40,301.75,80,IBM
2025-11-14,9:36:56.308417191,T,301.42,40,301.74,40,IBM
2025-11-14,9:36:56.308437183,T,301.42,40,301.74,80,IBM
2025-11-14,9:36:56.308452265,T,301.42,40,301.65,40,IBM
2025-11-14,9:36:56.308632676,T,301.42,40,301.74,40,IBM
2025-11-14,9:36:56.310211459,T,301.42,40,301.74,80,IBM
2025-11-14,9:36:56.339877030,T,301.42,40,301.73,40,IBM
2025-11-14,9:36:56.339912089,T,301.42,40,301.73,80,IBM
2025-11-14,9:36:56.349023863,T,301.42,40,301.73,40,IBM
2025-11-14,9:36:56.349048884,T,301.42,40,301.74,40,IBM
2025-11-14,9:36:56.375637225,T,301.42,40,301.73,40,IBM
2025-11-14,9:36:56.375667229,T,301.42,40,301.73,80,IBM
2025-11-14,9:36:56.411056547,T,301.42,40,301.72,40,IBM
2025-11-14,9:36:56.411091583,T,301.42,40,301.72,80,IBM
2025-11-14,9:36:56.414073708,T,301.42,80,301.72,80,IBM
2025-11-14,9:36:56.576680889,T,301.42,80,301.72,40,IBM
2025-11-14,9:36:56.576710924,T,301.42,80,301.73,40,IBM
2025-11-14,9:36:56.576740957,T,301.42,80,301.74,40,IBM
2025-11-14,9:36:56.576766007,T,301.42,80,301.75,80,IBM
2025-11-14,9:36:57.280621608,T,301.42,40,301.75,80,IBM
2025-11-14,9:36:59.612888943,T,301.42,40,301.75,40,IBM
2025-11-14,9:37:01.758667311,T,301.42,40,301.58,40,IBM
2025-11-14,9:37:01.758777566,T,301.42,80,301.58,40,IBM
2025-11-14,9:37:01.758822946,T,301.42,120,301.58,40,IBM
2025-11-14,9:37:01.758832681,T,301.42,160,301.58,40,IBM
2025-11-14,9:37:01.758837741,T,301.42,200,301.58,40,IBM
2025-11-14,9:37:01.759489272,T,301.42,200,302.0,40,IBM
2025-11-14,9:37:01.759534439,T,301.42,160,302.0,40,IBM
2025-11-14,9:37:01.759534439,T,301.42,120,302.0,40,IBM
2025-11-14,9:37:01.759544612,T,301.42,80,302.0,40,IBM
2025-11-14,9:37:01.759549447,T,301.42,40,302.0,40,IBM
2025-11-14,9:37:01.759564492,T,301.46,40,302.0,40,IBM
2025-11-14,9:37:01.759574515,T,301.58,160,302.0,40,IBM
2025-11-14,9:37:01.759679773,T,301.5,40,302.0,40,IBM
2025-11-14,9:37:01.759800019,T,301.46,40,302.0,40,IBM
2025-11-14,9:37:01.759805062,T,301.42,80,302.0,40,IBM
2025-11-14,9:37:01.759905259,T,301.5,40,302.0,40,IBM
2025-11-14,9:37:01.905101232,T,301.54,40,302.0,40,IBM
2025-11-14,9:37:01.905331519,T,301.54,80,302.0,40,IBM
2025-11-14,9:37:01.905361574,T,301.54,40,302.0,40,IBM
2025-11-14,9:37:01.905391718,T,301.42,40,302.0,40,IBM
2025-11-14,9:37:01.905396662,T,301.42,40,301.75,40,IBM
2025-11-14,9:37:01.905461782,T,301.42,40,301.99,40,IBM
2025-11-14,9:37:01.905511901,T,301.42,40,301.68,280,IBM
2025-11-14,9:37:01.905582066,T,301.42,40,301.99,40,IBM
2025-11-14,9:37:01.905607127,T,301.54,40,301.99,40,IBM
2025-11-14,9:37:01.905607127,T,301.54,40,301.68,280,IBM
2025-11-14,9:37:01.905617242,T,301.54,40,301.99,40,IBM
2025-11-14,9:37:01.905642382,T,301.42,40,301.99,40,IBM
2025-11-14,9:37:01.905642382,T,301.42,40,301.61,240,IBM
2025-11-14,9:37:01.905662312,T,301.42,40,301.94,40,IBM
2025-11-14,9:37:01.905667291,T,301.42,40,301.83,40,IBM
2025-11-14,9:37:01.905677400,T,301.42,40,301.94,40,IBM
2025-11-14,9:37:01.905692415,T,301.61,40,301.94,40,IBM
2025-11-14,9:37:01.905697390,T,301.61,40,301.72,40,IBM
2025-11-14,9:37:01.905737541,T,301.61,40,301.83,80,IBM
2025-11-14,9:37:01.905758053,T,301.61,40,301.7,40,IBM
2025-11-14,9:37:01.905762584,T,301.61,40,301.7,80,IBM
2025-11-14,9:37:01.905767710,T,301.61,40,301.7,120,IBM
2025-11-14,9:37:01.905777622,T,301.61,40,301.7,40,IBM
2025-11-14,9:37:01.906008118,T,301.61,40,301.7,80,IBM
2025-11-14,9:37:01.906053204,T,301.61,40,301.7,40,IBM
2025-11-14,9:37:01.906053204,T,301.61,40,301.7,80,IBM
2025-11-14,9:37:01.906088328,T,301.61,40,301.7,40,IBM
2025-11-14,9:37:01.906168481,T,301.61,40,301.73,40,IBM
2025-11-14,9:37:01.906168481,T,301.61,40,301.7,40,IBM
2025-11-14,9:37:01.906223604,T,301.61,40,301.82,40,IBM
2025-11-14,9:37:01.906564442,T,301.61,40,301.7,80,IBM
2025-11-14,9:37:01.938871434,T,301.42,40,301.7,80,IBM
2025-11-14,9:37:01.939272379,T,301.42,80,301.7,80,IBM
2025-11-14,9:37:02.007013590,T,301.42,80,301.7,120,IBM
2025-11-14,9:37:02.007033633,T,301.42,80,301.7,80,IBM
2025-11-14,9:37:02.007058679,T,301.42,80,301.67,40,IBM
2025-11-14,9:37:02.113126227,T,301.42,80,301.66,40,IBM
2025-11-14,9:37:02.140541474,T,301.42,40,301.66,40,IBM
2025-11-14,9:37:06.144759346,T,301.42,80,301.66,40,IBM
2025-11-14,9:37:08.784989868,T,301.52,40,301.66,40,IBM
2025-11-14,9:37:08.785390788,T,301.52,40,301.67,40,IBM
2025-11-14,9:37:08.785390788,T,301.52,40,301.72,40,IBM
2025-11-14,9:37:08.785400865,T,301.52,40,301.67,40,IBM
2025-11-14,9:37:08.785826828,T,301.52,40,301.72,40,IBM
2025-11-14,9:37:08.785952164,T,301.42,80,301.72,40,IBM
2025-11-14,9:37:08.785992390,T,301.42,80,301.67,40,IBM
2025-11-14,9:37:08.786663852,T,301.42,80,301.72,40,IBM
2025-11-14,9:37:08.786663852,T,301.42,80,301.67,40,IBM
2025-11-14,9:37:08.786723987,T,301.42,120,301.67,40,IBM
2025-11-14,9:37:08.796883222,T,301.42,120,302.0,40,IBM
2025-11-14,9:37:08.797098707,T,301.42,160,302.0,40,IBM
2025-11-14,9:37:08.841323971,T,301.42,120,302.0,40,IBM
2025-11-14,9:37:09.670718445,T,301.42,80,302.0,40,IBM
2025-11-14,9:37:10.284168869,T,301.42,40,302.0,40,IBM
2025-11-14,9:37:10.284680048,T,301.42,40,301.69,80,IBM
2025-11-14,9:37:10.896997855,T,301.17,40,301.69,80,IBM
2025-11-14,9:37:11.246965980,T,301.17,40,302.0,40,IBM
2025-11-14,9:37:11.247001088,T,301.51,40,302.0,40,IBM
2025-11-14,9:37:11.247016083,T,301.17,40,302.0,40,IBM
2025-11-14,9:37:11.247281710,T,301.17,80,302.0,40,IBM
2025-11-14,9:37:11.247326763,T,301.51,40,302.0,40,IBM
2025-11-14,9:37:11.247592510,T,301.17,80,302.0,40,IBM
2025-11-14,9:37:11.247597462,T,301.17,40,302.0,40,IBM
2025-11-14,9:37:11.247667658,T,301.17,40,301.82,40,IBM
2025-11-14,9:37:11.247787895,T,301.17,40,301.69,40,IBM
2025-11-14,9:37:11.247807987,T,301.17,40,301.69,80,IBM
2025-11-14,9:37:11.310777847,T,301.17,40,301.69,120,IBM
2025-11-14,9:37:13.665539225,T,301.52,40,301.69,120,IBM
2025-11-14,9:37:13.870968110,T,301.17,40,301.69,120,IBM
2025-11-14,9:37:16.435809325,T,301.17,40,301.69,80,IBM
2025-11-14,9:37:16.435809325,T,301.17,40,301.69,40,IBM
2025-11-14,9:37:16.435809325,T,301.17,40,301.94,40,IBM
2025-11-14,9:37:16.435813966,T,301.17,40,302.0,40,IBM
2025-11-14,9:37:16.436134677,T,301.6,40,302.0,40,IBM
2025-11-14,9:37:16.436270116,T,301.6,80,302.0,40,IBM
2025-11-14,9:37:16.436335304,T,301.6,80,301.94,40,IBM
2025-11-14,9:37:16.436335304,T,301.6,80,301.88,40,IBM
2025-11-14,9:37:16.436395401,T,301.6,40,301.88,40,IBM
2025-11-14,9:37:16.436555740,T,301.52,40,301.88,40,IBM
2025-11-14,9:37:16.436821313,T,301.52,40,301.94,40,IBM
2025-11-14,9:37:16.437147103,T,301.52,80,301.94,40,IBM
2025-11-14,9:37:16.536338221,T,301.52,80,302.0,40,IBM
2025-11-14,9:37:16.536543800,T,301.52,40,302.0,40,IBM
2025-11-14,9:37:17.091063968,T,301.52,40,301.78,40,IBM
2025-11-14,9:37:17.091084039,T,301.42,40,301.78,40,IBM
2025-11-14,9:37:17.417190314,T,301.57,40,301.78,40,IBM
2025-11-14,9:37:17.421370308,T,301.42,40,301.78,40,IBM
2025-11-14,9:37:17.876458692,T,301.57,40,301.78,40,IBM
2025-11-14,9:37:17.876829618,T,301.57,40,302.0,40,IBM
2025-11-14,9:37:17.877070150,T,301.57,80,302.0,40,IBM
2025-11-14,9:37:17.914684792,T,301.57,80,301.83,40,IBM
2025-11-14,9:37:17.915321288,T,301.6,40,301.83,40,IBM
2025-11-14,9:37:17.919656548,T,301.6,80,301.83,40,IBM
2025-11-14,9:37:17.938325986,T,301.6,80,302.0,40,IBM
2025-11-14,9:37:17.938361117,T,301.6,120,302.0,40,IBM
2025-11-14,9:37:18.080253940,T,301.71,40,302.0,40,IBM
2025-11-14,9:37:18.089666322,T,301.6,80,302.0,40,IBM
2025-11-14,9:37:18.124664646,T,301.6,80,302.12,80,IBM
2025-11-14,9:37:18.124870265,T,301.6,120,302.12,80,IBM
2025-11-14,9:37:18.125226052,T,301.6,120,302.12,40,IBM
2025-11-14,9:37:18.125401412,T,301.67,40,302.12,40,IBM
2025-11-14,9:37:18.180868533,T,301.57,40,302.12,40,IBM
2025-11-14,9:37:18.539753002,T,301.81,40,302.12,40,IBM
2025-11-14,9:37:18.549160439,T,301.57,40,302.12,40,IBM
2025-11-14,9:37:22.683277429,T,301.57,40,302.0,40,IBM
2025-11-14,9:37:22.789349942,T,301.57,40,302.12,40,IBM
2025-11-14,9:37:22.789996406,T,301.57,40,302.0,40,IBM
2025-11-14,9:37:26.993924711,T,301.57,40,302.0,80,IBM
2025-11-14,9:37:30.116318176,T,301.57,40,302.0,40,IBM
2025-11-14,9:37:30.117019847,T,301.42,40,302.0,40,IBM
2025-11-14,9:37:30.127795495,T,301.42,40,302.0,80,IBM
2025-11-14,9:37:30.486163621,T,301.42,40,302.0,120,IBM
2025-11-14,9:37:30.710041616,T,301.42,40,302.0,160,IBM
2025-11-14,9:37:30.710066702,T,301.42,40,302.0,120,IBM
2025-11-14,9:37:30.710081739,T,301.42,40,302.0,80,IBM
2025-11-14,9:37:30.710146904,T,301.2,200,302.0,80,IBM
2025-11-14,9:37:34.135175773,T,301.42,40,302.0,80,IBM
2025-11-14,9:37:34.185886481,T,301.2,200,302.0,80,IBM
2025-11-14,9:37:34.770002190,T,301.2,40,302.0,80,IBM
2025-11-14,9:37:34.770027238,T,301.19,40,302.0,80,IBM
2025-11-14,9:37:35.619128819,T,301.45,40,302.0,80,IBM
2025-11-14,9:37:35.634585668,T,301.19,40,302.0,80,IBM
2025-11-14,9:37:36.909155591,T,301.35,40,302.0,80,IBM
2025-11-14,9:37:36.909160022,T,301.51,40,302.0,80,IBM
2025-11-14,9:37:36.909160022,T,301.55,40,302.0,80,IBM
2025-11-14,9:37:36.909195080,T,301.59,40,302.0,80,IBM
2025-11-14,9:37:36.909961873,T,301.55,40,302.0,80,IBM
2025-11-14,9:37:36.910107313,T,301.36,40,302.0,80,IBM
2025-11-14,9:37:36.910377929,T,301.35,40,302.0,80,IBM
2025-11-14,9:37:36.914136851,T,301.55,40,302.0,80,IBM
2025-11-14,9:37:36.919404415,T,301.19,40,302.0,80,IBM
2025-11-14,9:37:36.959539958,T,301.35,40,302.0,80,IBM
2025-11-14,9:37:36.959569993,T,301.59,40,302.0,80,IBM
2025-11-14,9:37:36.967949998,T,301.19,40,302.0,80,IBM
2025-11-14,9:37:37.207495227,T,301.31,40,302.0,80,IBM
2025-11-14,9:37:37.555618879,T,301.45,40,302.0,80,IBM
2025-11-14,9:37:38.522360350,T,301.59,40,302.0,80,IBM
2025-11-14,9:37:38.522886538,T,301.6,40,302.0,80,IBM
2025-11-14,9:37:38.523457941,T,301.6,80,302.0,80,IBM
2025-11-14,9:37:38.531116094,T,301.6,40,302.0,80,IBM
2025-11-14,9:37:38.666749026,T,301.45,40,302.0,80,IBM
2025-11-14,9:37:38.667455750,T,301.6,40,302.0,80,IBM
2025-11-14,9:37:38.667476034,T,301.45,40,302.0,80,IBM
2025-11-14,9:37:38.667500844,T,301.65,40,302.0,80,IBM
2025-11-14,9:37:38.671635664,T,301.56,40,302.0,80,IBM
2025-11-14,9:37:38.676883365,T,301.31,40,302.0,80,IBM
2025-11-14,9:37:38.683478873,T,301.56,40,302.0,80,IBM
2025-11-14,9:37:39.579492149,T,301.56,40,302.0,40,IBM
2025-11-14,9:37:44.411986738,T,301.65,80,302.0,40,IBM
2025-11-14,9:37:44.412457893,T,301.56,40,302.0,40,IBM
2025-11-14,9:37:44.552090278,T,301.65,80,302.0,40,IBM
2025-11-14,9:37:44.674712218,T,301.73,40,302.0,40,IBM
2025-11-14,9:37:44.743821665,T,301.65,80,302.0,40,IBM
2025-11-14,9:37:45.010907745,T,301.65,80,302.11,40,IBM
2025-11-14,9:37:45.010917626,T,301.65,80,302.0,40,IBM
2025-11-14,9:37:45.010927652,T,301.65,80,302.11,80,IBM
2025-11-14,9:37:45.010932654,T,301.65,80,302.11,40,IBM
2025-11-14,9:37:45.010937602,T,301.86,40,302.11,40,IBM
2025-11-14,9:37:45.010952719,T,301.73,40,302.11,40,IBM
2025-11-14,9:37:45.011007826,T,301.74,40,302.11,40,IBM
2025-11-14,9:37:45.011012813,T,301.74,80,302.11,40,IBM
2025-11-14,9:37:45.011318668,T,301.74,120,302.11,40,IBM
2025-11-14,9:37:45.011323525,T,301.75,40,302.11,40,IBM
2025-11-14,9:37:45.011349173,T,301.86,40,302.11,40,IBM
2025-11-14,9:37:45.013729270,T,301.86,40,302.0,40,IBM
2025-11-14,9:37:45.013749275,T,301.75,40,302.0,40,IBM
2025-11-14,9:37:45.014932096,T,301.86,40,302.0,40,IBM
2025-11-14,9:37:45.016044767,T,301.75,40,302.0,40,IBM
2025-11-14,9:37:45.032995099,T,301.75,40,302.11,40,IBM
2025-11-14,9:37:45.033005120,T,301.75,40,302.0,40,IBM
2025-11-14,9:37:45.048772698,T,301.75,40,302.11,40,IBM
2025-11-14,9:37:45.649016738,T,301.73,40,302.11,40,IBM
2025-11-14,9:37:45.649021661,T,301.81,40,302.11,40,IBM
2025-11-14,9:37:45.751305210,T,301.73,40,302.11,40,IBM
2025-11-14,9:37:46.012456923,T,301.73,40,302.12,40,IBM
2025-11-14,9:37:46.106540950,T,301.82,40,302.12,40,IBM
2025-11-14,9:37:46.107157386,T,301.83,40,302.12,40,IBM
2025-11-14,9:37:46.107187465,T,301.82,40,302.12,40,IBM
2025-11-14,9:37:46.107187465,T,301.93,40,302.12,40,IBM
2025-11-14,9:37:46.107342842,T,301.93,40,302.16,120,IBM
2025-11-14,9:37:46.107352913,T,301.93,80,302.16,120,IBM
2025-11-14,9:37:46.107372905,T,302.01,40,302.16,120,IBM
2025-11-14,9:37:46.107387917,T,302.01,80,302.16,120,IBM
2025-11-14,9:37:46.107387917,T,302.01,80,302.16,80,IBM
2025-11-14,9:37:46.107508432,T,302.01,40,302.16,80,IBM
2025-11-14,9:37:46.107523308,T,302.01,40,302.36,160,IBM
2025-11-14,9:37:46.107583478,T,302.01,40,302.31,40,IBM
2025-11-14,9:37:46.107628488,T,302.01,40,302.36,160,IBM
2025-11-14,9:37:46.107949273,T,302.01,40,302.21,40,IBM
2025-11-14,9:37:46.107949273,T,302.07,40,302.21,40,IBM
2025-11-14,9:37:46.107964318,T,302.01,40,302.21,40,IBM
2025-11-14,9:37:46.107994502,T,302.02,40,302.21,40,IBM
2025-11-14,9:37:46.108014463,T,302.1,40,302.21,40,IBM
2025-11-14,9:37:46.108049565,T,302.02,40,302.21,40,IBM
2025-11-14,9:37:46.108204950,T,302.02,40,302.42,40,IBM
2025-11-14,9:37:46.108214880,T,302.01,40,302.42,40,IBM
2025-11-14,9:37:46.108229911,T,302.08,40,302.42,40,IBM
2025-11-14,9:37:46.108380399,T,302.14,40,302.42,40,IBM
2025-11-14,9:37:46.108696059,T,302.08,40,302.42,40,IBM
2025-11-14,9:37:46.108746195,T,301.82,40,302.42,40,IBM
2025-11-14,9:37:46.109327578,T,301.82,40,302.53,120,IBM
2025-11-14,9:37:46.109382756,T,301.82,40,302.44,40,IBM
2025-11-14,9:37:46.109548109,T,301.82,40,302.47,40,IBM
2025-11-14,9:37:46.109588209,T,301.82,40,302.53,120,IBM
2025-11-14,9:37:46.183168397,T,301.82,40,302.53,40,IBM
2025-11-14,9:37:46.183193359,T,301.82,40,302.57,80,IBM
2025-11-14,9:37:46.201031123,T,302.23,40,302.57,80,IBM
2025-11-14,9:37:46.201061386,T,301.82,40,302.57,80,IBM
2025-11-14,9:37:46.201061386,T,302.31,40,302.57,80,IBM
2025-11-14,9:37:46.201426840,T,301.82,40,302.57,80,IBM
2025-11-14,9:37:46.201682436,T,301.82,40,302.57,40,IBM
2025-11-14,9:37:46.276124652,T,301.84,40,302.57,40,IBM
2025-11-14,9:37:46.276124652,T,302.22,40,302.57,40,IBM
2025-11-14,9:37:46.277227579,T,302.32,40,302.57,40,IBM
2025-11-14,9:37:46.285532033,T,302.22,40,302.57,40,IBM
2025-11-14,9:37:46.292704095,T,301.82,40,302.57,40,IBM
2025-11-14,9:37:46.436120509,T,302.11,40,302.57,40,IBM
2025-11-14,9:37:46.640431873,T,302.11,40,302.5,40,IBM
2025-11-14,9:37:47.817353854,T,302.17,40,302.5,40,IBM
2025-11-14,9:37:49.776513102,T,302.17,40,302.79,40,IBM
2025-11-14,9:37:49.776523181,T,302.17,40,302.5,40,IBM
2025-11-14,9:37:49.776573237,T,302.35,40,302.5,40,IBM
2025-11-14,9:37:49.776713587,T,302.35,40,302.79,40,IBM
2025-11-14,9:37:49.776718659,T,302.35,40,302.5,40,IBM
2025-11-14,9:37:49.776778999,T,302.35,40,302.79,40,IBM
2025-11-14,9:37:49.776788792,T,302.35,40,302.5,40,IBM
2025-11-14,9:37:49.777059410,T,302.17,40,302.5,40,IBM
2025-11-14,9:37:49.819114538,T,302.17,40,302.79,40,IBM
2025-11-14,9:37:49.830556808,T,302.17,40,302.91,240,IBM
2025-11-14,9:37:49.845742994,T,302.17,40,302.91,200,IBM
2025-11-14,9:37:50.017201184,T,301.73,40,302.91,200,IBM
2025-11-14,9:37:50.028758743,T,302.3,80,302.91,200,IBM
2025-11-14,9:37:54.359473661,T,302.3,80,302.8,40,IBM
2025-11-14,9:37:57.151019777,T,302.43,120,302.8,40,IBM
2025-11-14,9:37:57.409610354,T,302.43,40,302.8,40,IBM
2025-11-14,9:37:57.409630459,T,302.3,80,302.8,40,IBM
2025-11-14,9:37:57.409660401,T,302.3,80,302.75,40,IBM
2025-11-14,9:37:57.409675588,T,302.3,80,302.8,40,IBM
2025-11-14,9:37:57.410021349,T,302.43,200,302.8,40,IBM
2025-11-14,9:37:57.410507427,T,302.43,240,302.8,40,IBM
2025-11-14,9:37:57.410532578,T,302.3,80,302.8,40,IBM
2025-11-14,9:37:57.410532578,T,302.51,240,302.8,40,IBM
2025-11-14,9:37:57.410537773,T,302.51,280,302.8,40,IBM
2025-11-14,9:37:57.410662795,T,302.51,240,302.8,40,IBM
2025-11-14,9:37:57.410662795,T,302.51,40,302.8,40,IBM
