DATE,TIME_M,EX,BID,BIDSIZ,ASK,ASKSIZ,SYM_ROOT
2025-11-21,9:30:01.042967016,T,291.44,80,293.72,80,IBM
2025-11-21,9:30:01.173828567,T,291.44,80,293.72,120,IBM
2025-11-21,9:30:01.174404882,T,291.44,80,293.48,80,IBM
2025-11-21,9:30:01.191239967,T,291.44,80,293.48,120,IBM
2025-11-21,9:30:01.365875742,T,291.44,80,293.48,80,IBM
2025-11-21,9:30:01.366071221,T,291.44,80,293.47,80,IBM
2025-11-21,9:30:01.368476895,T,292.59,40,293.47,80,IBM
2025-11-21,9:30:01.845687953,T,292.59,40,293.47,120,IBM
2025-11-21,9:30:02.215693965,T,291.44,80,293.47,120,IBM
2025-11-21,9:30:02.305337433,T,292.59,80,293.47,120,IBM
2025-11-21,9:30:02.319004973,T,292.59,80,293.47,80,IBM
2025-11-21,9:30:02.951305181,T,292.59,80,293.47,40,IBM
2025-11-21,9:30:03.095308004,T,292.59,80,293.53,40,IBM
2025-11-21,9:30:04.940174578,T,292.59,80,294.0,40,IBM
2025-11-21,9:30:04.940209655,T,292.59,80,293.1,40,IBM
2025-11-21,9:30:05.058521506,T,292.87,40,293.1,40,IBM
2025-11-21,9:30:05.058666821,T,292.59,80,293.1,40,IBM
2025-11-21,9:30:05.058947319,T,292.87,40,293.1,40,IBM
2025-11-21,9:30:05.058967909,T,292.59,80,293.1,40,IBM
2025-11-21,9:30:05.059022586,T,292.59,160,293.1,40,IBM
2025-11-21,9:30:05.226100294,T,292.71,40,293.1,40,IBM
2025-11-21,9:30:05.226125325,T,292.71,120,293.1,40,IBM
2025-11-21,9:30:07.114851881,T,292.75,40,293.1,40,IBM
2025-11-21,9:30:07.114876974,T,292.75,120,293.1,40,IBM
2025-11-21,9:30:07.776842743,T,292.75,160,293.1,40,IBM
2025-11-21,9:30:08.090855426,T,292.75,120,293.1,40,IBM
2025-11-21,9:30:13.530890922,T,292.75,80,293.1,40,IBM
2025-11-21,9:30:13.530890922,T,292.71,40,293.1,40,IBM
2025-11-21,9:30:13.530915951,T,292.59,80,293.1,40,IBM
2025-11-21,9:30:13.531256735,T,292.75,40,293.1,40,IBM
2025-11-21,9:30:13.531281708,T,292.59,80,293.1,40,IBM
2025-11-21,9:30:14.284765640,T,291.44,80,293.1,40,IBM
2025-11-21,9:30:14.284770687,T,292.59,40,293.1,40,IBM
2025-11-21,9:30:14.284785669,T,292.59,40,292.84,40,IBM
2025-11-21,9:30:14.284795796,T,291.44,80,292.84,40,IBM
2025-11-21,9:30:14.284800679,T,291.44,80,293.1,40,IBM
2025-11-21,9:30:16.198777316,T,291.44,80,294.0,40,IBM
2025-11-21,9:30:16.198812473,T,291.44,80,292.89,40,IBM
2025-11-21,9:30:22.260964157,T,291.44,80,293.81,40,IBM
2025-11-21,9:30:22.260964157,T,291.44,80,294.0,40,IBM
2025-11-21,9:30:22.260984290,T,292.69,40,294.0,40,IBM
2025-11-21,9:30:22.261410418,T,292.69,80,294.0,40,IBM
2025-11-21,9:30:22.261776127,T,292.89,40,294.0,40,IBM
2025-11-21,9:30:22.262863710,T,292.69,80,294.0,40,IBM
2025-11-21,9:30:22.262883713,T,292.69,40,294.0,40,IBM
2025-11-21,9:30:22.267524828,T,292.71,40,294.0,40,IBM
2025-11-21,9:30:22.268672563,T,292.69,40,294.0,40,IBM
2025-11-21,9:30:22.271915277,T,291.73,40,294.0,40,IBM
2025-11-21,9:30:37.010011527,T,293.02,40,294.0,40,IBM
2025-11-21,9:30:37.010432532,T,293.02,80,294.0,40,IBM
2025-11-21,9:30:37.010648105,T,293.02,40,294.0,40,IBM
2025-11-21,9:30:38.204780883,T,293.02,80,294.0,40,IBM
2025-11-21,9:30:49.004947207,T,293.02,40,294.0,40,IBM
2025-11-21,9:30:49.004962266,T,291.73,40,294.0,40,IBM
2025-11-21,9:30:49.004987294,T,293.37,40,294.0,40,IBM
2025-11-21,9:30:49.005408338,T,293.37,80,294.0,40,IBM
2025-11-21,9:30:49.005583748,T,293.37,40,294.0,40,IBM
2025-11-21,9:30:49.048525875,T,291.92,40,294.0,40,IBM
2025-11-21,9:30:49.048591037,T,293.02,40,294.0,40,IBM
2025-11-21,9:30:49.049012112,T,293.02,80,294.0,40,IBM
2025-11-21,9:30:49.336666967,T,293.02,40,294.0,40,IBM
2025-11-21,9:30:50.867546529,T,291.92,40,294.0,40,IBM
2025-11-21,9:30:50.867601664,T,291.73,80,294.0,40,IBM
2025-11-21,9:30:51.052466779,T,291.73,80,293.88,80,IBM
2025-11-21,9:30:51.052892795,T,291.73,80,293.88,120,IBM
2025-11-21,9:30:51.070670054,T,291.73,80,293.88,40,IBM
2025-11-21,9:30:51.349077930,T,293.0,80,293.88,40,IBM
2025-11-21,9:30:51.487141602,T,293.0,160,293.88,40,IBM
2025-11-21,9:30:52.004297858,T,293.0,160,294.0,40,IBM
2025-11-21,9:30:52.012447144,T,293.0,80,294.0,40,IBM
2025-11-21,9:30:59.256417465,T,293.0,120,294.0,40,IBM
2025-11-21,9:31:00.274882027,T,293.0,120,293.83,160,IBM
2025-11-21,9:31:01.936728332,T,293.0,80,293.83,160,IBM
2025-11-21,9:31:16.168969586,T,293.0,80,293.8,40,IBM
2025-11-21,9:31:16.170382913,T,293.0,80,293.66,200,IBM
2025-11-21,9:31:16.763124087,T,293.04,280,293.66,200,IBM
2025-11-21,9:31:16.772686764,T,293.0,80,293.66,200,IBM
2025-11-21,9:31:16.773082715,T,293.08,360,293.66,200,IBM
2025-11-21,9:31:18.557074970,T,293.0,80,293.66,200,IBM
2025-11-21,9:31:18.557756539,T,293.13,240,293.66,200,IBM
2025-11-21,9:31:18.569344125,T,293.16,240,293.66,200,IBM
2025-11-21,9:31:19.215497357,T,293.3,40,293.66,200,IBM
2025-11-21,9:31:19.217020969,T,293.3,40,293.66,280,IBM
2025-11-21,9:31:19.218088740,T,293.16,360,293.66,280,IBM
2025-11-21,9:31:19.218178792,T,293.16,360,293.66,320,IBM
2025-11-21,9:31:19.218599832,T,293.16,360,293.66,120,IBM
2025-11-21,9:31:19.226934657,T,293.16,360,293.66,40,IBM
2025-11-21,9:31:19.227355614,T,293.16,360,293.66,80,IBM
2025-11-21,9:31:19.227696447,T,293.0,80,293.66,80,IBM
2025-11-21,9:31:19.231555613,T,293.3,40,293.66,80,IBM
2025-11-21,9:31:19.231585666,T,293.3,40,293.66,160,IBM
2025-11-21,9:31:19.231610799,T,293.0,120,293.66,160,IBM
2025-11-21,9:31:19.231615786,T,293.0,120,293.66,200,IBM
2025-11-21,9:31:19.247814401,T,293.16,320,293.66,200,IBM
2025-11-21,9:31:19.247899523,T,293.16,320,293.66,160,IBM
2025-11-21,9:31:19.557326265,T,293.16,320,293.59,80,IBM
2025-11-21,9:31:19.557326265,T,293.16,320,293.59,120,IBM
2025-11-21,9:31:19.590430120,T,293.0,120,293.59,120,IBM
2025-11-21,9:31:19.590831028,T,293.13,240,293.59,120,IBM
2025-11-21,9:31:19.594153970,T,293.13,240,293.45,80,IBM
2025-11-21,9:31:19.594153970,T,293.13,240,293.45,120,IBM
2025-11-21,9:31:19.602804568,T,293.09,200,293.45,120,IBM
2025-11-21,9:31:19.603526216,T,293.0,120,293.45,120,IBM
2025-11-21,9:31:20.215903980,T,293.0,120,293.45,160,IBM
2025-11-21,9:31:20.245664886,T,293.0,120,293.45,240,IBM
2025-11-21,9:31:20.245714921,T,293.0,120,293.27,80,IBM
2025-11-21,9:31:20.245719961,T,293.0,120,293.27,120,IBM
2025-11-21,9:31:20.245734973,T,293.0,80,293.27,120,IBM
2025-11-21,9:31:20.245840665,T,293.0,80,293.17,80,IBM
2025-11-21,9:31:20.245840665,T,293.0,80,293.17,120,IBM
2025-11-21,9:31:20.246015665,T,292.96,40,293.17,120,IBM
2025-11-21,9:31:20.246040745,T,292.96,40,293.01,80,IBM
2025-11-21,9:31:20.246040745,T,292.96,40,293.01,120,IBM
2025-11-21,9:31:20.246071010,T,292.96,40,293.01,40,IBM
2025-11-21,9:31:20.246075771,T,292.96,40,293.45,160,IBM
2025-11-21,9:31:20.246106116,T,292.96,40,293.45,120,IBM
2025-11-21,9:31:20.246125918,T,293.03,280,293.45,120,IBM
2025-11-21,9:31:20.246176117,T,293.03,280,293.45,40,IBM
2025-11-21,9:31:20.246226234,T,293.03,240,293.45,40,IBM
2025-11-21,9:31:20.246291281,T,293.03,120,293.45,40,IBM
2025-11-21,9:31:20.246291281,T,292.96,40,293.45,40,IBM
2025-11-21,9:31:20.246311736,T,292.96,40,293.44,40,IBM
2025-11-21,9:31:20.246346451,T,292.96,40,293.45,40,IBM
2025-11-21,9:31:20.248306210,T,292.96,40,293.45,80,IBM
2025-11-21,9:31:20.250220717,T,292.96,40,293.45,40,IBM
2025-11-21,9:31:20.252541262,T,292.96,40,293.43,40,IBM
2025-11-21,9:31:20.252761777,T,292.96,40,293.43,80,IBM
2025-11-21,9:31:20.253007342,T,292.96,40,293.42,40,IBM
2025-11-21,9:31:20.254245308,T,292.96,40,293.42,80,IBM
2025-11-21,9:31:20.254460736,T,292.96,40,293.42,120,IBM
2025-11-21,9:31:20.256545768,T,292.96,40,293.42,80,IBM
2025-11-21,9:31:20.256816450,T,292.49,160,293.42,80,IBM
2025-11-21,9:31:20.256836476,T,292.49,160,293.2,40,IBM
2025-11-21,9:31:20.256856450,T,292.49,160,293.42,120,IBM
2025-11-21,9:31:20.256966699,T,292.49,160,293.42,160,IBM
2025-11-21,9:31:20.257061970,T,292.49,160,293.42,120,IBM
2025-11-21,9:31:20.257066990,T,292.49,160,293.2,40,IBM
2025-11-21,9:31:20.258901448,T,291.73,40,293.2,40,IBM
2025-11-21,9:31:20.346103924,T,291.73,40,293.2,80,IBM
2025-11-21,9:31:20.349005831,T,292.3,40,293.2,80,IBM
2025-11-21,9:31:20.397030162,T,292.3,40,293.2,40,IBM
2025-11-21,9:31:20.484483360,T,292.21,160,293.2,40,IBM
2025-11-21,9:31:21.317240748,T,292.21,160,293.2,80,IBM
2025-11-21,9:31:21.317496489,T,291.73,40,293.2,80,IBM
2025-11-21,9:31:21.317496489,T,291.84,200,293.2,80,IBM
2025-11-21,9:31:23.497706737,T,291.84,200,293.2,40,IBM
2025-11-21,9:31:25.532776359,T,291.84,200,293.2,160,IBM
2025-11-21,9:31:25.533302634,T,291.84,200,293.2,40,IBM
2025-11-21,9:31:25.538981450,T,291.84,200,293.2,120,IBM
2025-11-21,9:31:28.004771524,T,291.84,200,292.75,80,IBM
2025-11-21,9:31:28.004801567,T,291.84,200,292.75,120,IBM
2025-11-21,9:31:28.005448134,T,291.84,200,292.75,240,IBM
2025-11-21,9:31:28.013356966,T,291.84,200,292.75,160,IBM
2025-11-21,9:31:31.540784471,T,291.84,200,292.75,40,IBM
2025-11-21,9:31:31.540814367,T,291.84,200,293.3,200,IBM
2025-11-21,9:31:31.666573833,T,291.84,200,292.75,160,IBM
2025-11-21,9:31:32.754849541,T,291.84,200,292.75,200,IBM
2025-11-21,9:31:33.351580102,T,291.84,200,292.75,160,IBM
2025-11-21,9:31:36.375924900,T,291.84,200,292.53,40,IBM
2025-11-21,9:31:36.376731753,T,291.84,200,292.53,200,IBM
2025-11-21,9:31:36.381172447,T,291.54,40,292.53,200,IBM
2025-11-21,9:31:36.381187270,T,291.6,160,292.53,200,IBM
2025-11-21,9:31:36.414316215,T,291.6,160,292.53,240,IBM
2025-11-21,9:31:36.619775265,T,291.6,160,292.53,200,IBM
2025-11-21,9:31:36.620050974,T,291.6,160,292.53,40,IBM
2025-11-21,9:31:42.804398738,T,291.6,160,293.0,160,IBM
2025-11-21,9:31:43.004124274,T,291.6,160,292.53,40,IBM
2025-11-21,9:31:43.269375695,T,291.6,160,293.0,160,IBM
2025-11-21,9:31:46.003975843,T,291.6,160,292.53,40,IBM
2025-11-21,9:31:47.966648062,T,291.6,160,293.0,160,IBM
2025-11-21,9:31:49.005305870,T,292.0,40,293.0,160,IBM
2025-11-21,9:31:49.005516317,T,292.0,80,293.0,160,IBM
2025-11-21,9:31:49.005556390,T,292.0,80,292.53,280,IBM
2025-11-21,9:31:49.005726783,T,292.0,120,292.53,280,IBM
2025-11-21,9:31:49.006012443,T,292.0,80,292.53,280,IBM
2025-11-21,9:31:54.380126470,T,292.0,40,292.53,280,IBM
2025-11-21,9:31:55.159065941,T,292.0,40,293.0,160,IBM
2025-11-21,9:31:57.564361632,T,292.0,40,292.35,40,IBM
2025-11-21,9:31:57.564371740,T,292.0,40,293.0,160,IBM
2025-11-21,9:31:57.564902942,T,292.0,80,293.0,160,IBM
2025-11-21,9:31:57.565319525,T,292.0,40,293.0,160,IBM
2025-11-21,9:31:57.565323990,T,292.15,40,293.0,160,IBM
2025-11-21,9:31:57.565544449,T,292.15,80,293.0,160,IBM
2025-11-21,9:31:57.565770080,T,292.15,120,293.0,160,IBM
2025-11-21,9:31:57.565940474,T,292.15,120,292.58,40,IBM
2025-11-21,9:31:57.565970452,T,292.15,120,293.0,160,IBM
2025-11-21,9:31:57.565970452,T,292.15,120,292.58,40,IBM
2025-11-21,9:31:57.566020616,T,292.15,120,293.0,160,IBM
2025-11-21,9:31:57.566040635,T,292.34,40,293.0,160,IBM
2025-11-21,9:31:57.566336410,T,292.34,40,293.86,40,IBM
2025-11-21,9:31:57.566336410,T,292.34,40,293.2,160,IBM
2025-11-21,9:31:57.566576971,T,292.15,40,293.2,160,IBM
2025-11-21,9:31:57.566586973,T,292.15,40,293.0,40,IBM
2025-11-21,9:31:57.566632071,T,292.15,40,293.0,120,IBM
2025-11-21,9:31:57.576645902,T,292.15,40,293.0,40,IBM
2025-11-21,9:31:57.576856424,T,291.81,160,293.0,40,IBM
2025-11-21,9:31:57.582424705,T,291.81,160,293.0,80,IBM
2025-11-21,9:31:57.884293293,T,291.81,160,293.0,120,IBM
2025-11-21,9:31:57.884974944,T,292.0,40,293.0,120,IBM
2025-11-21,9:31:58.071644344,T,292.0,40,293.0,200,IBM
2025-11-21,9:31:58.450781847,T,292.0,40,293.0,240,IBM
2025-11-21,9:31:58.450992396,T,292.0,80,293.0,240,IBM
2025-11-21,9:32:02.356129152,T,292.0,80,293.0,160,IBM
2025-11-21,9:32:03.195687783,T,292.0,80,293.0,120,IBM
2025-11-21,9:32:04.197668333,T,292.0,80,293.0,320,IBM
2025-11-21,9:32:04.498559649,T,292.0,120,293.0,320,IBM
2025-11-21,9:32:04.498569655,T,292.0,120,293.0,280,IBM
2025-11-21,9:32:06.139956913,T,292.0,80,293.0,280,IBM
2025-11-21,9:32:06.139956913,T,292.19,40,293.0,280,IBM
2025-11-21,9:32:06.140483209,T,292.19,80,293.0,280,IBM
2025-11-21,9:32:06.140904181,T,292.19,120,293.0,280,IBM
2025-11-21,9:32:10.160001730,T,292.19,80,293.0,280,IBM
2025-11-21,9:32:10.160232324,T,292.19,40,293.0,280,IBM
2025-11-21,9:32:10.161520411,T,292.45,40,293.0,280,IBM
2025-11-21,9:32:10.161725868,T,292.45,80,293.0,280,IBM
2025-11-21,9:32:10.161941377,T,292.45,120,293.0,280,IBM
2025-11-21,9:32:10.236869725,T,292.45,80,293.0,280,IBM
2025-11-21,9:32:11.103457944,T,292.45,80,293.0,80,IBM
2025-11-21,9:32:13.006693993,T,292.45,80,293.0,120,IBM
2025-11-21,9:32:16.568047082,T,292.62,40,293.0,120,IBM
2025-11-21,9:32:16.568047082,T,292.62,40,292.8,40,IBM
2025-11-21,9:32:16.568052136,T,292.62,40,293.0,160,IBM
2025-11-21,9:32:16.568067553,T,292.62,40,293.0,120,IBM
2025-11-21,9:32:16.568067553,T,292.45,80,293.0,120,IBM
2025-11-21,9:32:16.568252509,T,292.45,40,293.0,120,IBM
2025-11-21,9:32:16.568462993,T,292.04,200,293.0,120,IBM
2025-11-21,9:32:16.568858958,T,292.04,200,292.8,40,IBM
2025-11-21,9:32:16.569064508,T,292.04,200,293.0,80,IBM
2025-11-21,9:32:16.569089568,T,292.62,40,293.0,80,IBM
2025-11-21,9:32:16.569375192,T,292.62,80,293.0,80,IBM
2025-11-21,9:32:16.569515607,T,292.62,120,293.0,80,IBM
2025-11-21,9:32:16.583619408,T,292.62,80,293.0,80,IBM
2025-11-21,9:32:18.600149785,T,292.62,80,293.0,40,IBM
2025-11-21,9:32:18.600174931,T,292.62,80,293.12,40,IBM
2025-11-21,9:32:18.600545870,T,292.62,80,293.0,40,IBM
2025-11-21,9:32:18.600696115,T,292.62,80,293.12,40,IBM
2025-11-21,9:32:18.600701162,T,292.62,80,293.0,40,IBM
2025-11-21,9:32:18.600806367,T,292.62,40,293.0,40,IBM
2025-11-21,9:32:18.600821440,T,292.45,40,293.0,40,IBM
2025-11-21,9:32:19.119205781,T,292.45,40,293.12,40,IBM
2025-11-21,9:32:19.119245578,T,292.79,40,293.12,40,IBM
2025-11-21,9:32:19.119300895,T,292.69,40,293.12,40,IBM
2025-11-21,9:32:19.120463550,T,292.62,40,293.12,40,IBM
2025-11-21,9:32:19.121546153,T,292.62,40,293.55,200,IBM
2025-11-21,9:32:19.421394997,T,292.62,40,293.36,40,IBM
2025-11-21,9:32:19.600581581,T,292.62,40,293.32,40,IBM
2025-11-21,9:32:20.436321144,T,292.62,40,293.36,40,IBM
2025-11-21,9:32:20.436346571,T,293.1,80,293.36,40,IBM
2025-11-21,9:32:20.436351265,T,293.1,80,293.77,160,IBM
2025-11-21,9:32:20.436386403,T,293.1,120,293.77,160,IBM
2025-11-21,9:32:20.436631890,T,293.1,160,293.77,160,IBM
2025-11-21,9:32:20.436656962,T,293.1,160,293.77,200,IBM
2025-11-21,9:32:20.440100133,T,293.1,160,293.77,40,IBM
2025-11-21,9:32:20.442641277,T,293.1,80,293.77,40,IBM
2025-11-21,9:32:20.453817818,T,293.1,40,293.77,40,IBM
2025-11-21,9:32:20.486746237,T,293.1,80,293.77,40,IBM
2025-11-21,9:32:21.351219155,T,293.1,80,293.77,80,IBM
2025-11-21,9:32:21.436752767,T,293.1,80,293.77,200,IBM
2025-11-21,9:32:21.438958039,T,293.1,80,293.77,280,IBM
2025-11-21,9:32:21.449478049,T,293.1,80,293.77,320,IBM
2025-11-21,9:32:23.159098279,T,293.1,80,293.77,240,IBM
2025-11-21,9:32:25.052265088,T,293.1,80,293.77,200,IBM
2025-11-21,9:32:25.700548338,T,293.1,80,293.77,160,IBM
2025-11-21,9:32:25.712331497,T,293.1,80,293.77,200,IBM
2025-11-21,9:32:26.689402544,T,293.1,80,293.77,160,IBM
2025-11-21,9:32:26.689818503,T,293.1,40,293.77,160,IBM
2025-11-21,9:32:26.689848572,T,292.89,40,293.77,160,IBM
2025-11-21,9:32:26.694925718,T,292.89,40,293.77,200,IBM
2025-11-21,9:32:27.282409259,T,293.06,40,293.77,200,IBM
2025-11-21,9:32:27.678256671,T,293.06,40,293.77,160,IBM
2025-11-21,9:32:27.705987643,T,293.06,40,293.77,200,IBM
2025-11-21,9:32:28.667115825,T,293.06,40,293.77,160,IBM
2025-11-21,9:32:28.719179855,T,293.06,40,293.77,200,IBM
2025-11-21,9:32:32.446999299,T,293.06,40,293.77,160,IBM
2025-11-21,9:32:34.578132610,T,293.06,40,293.77,440,IBM
2025-11-21,9:32:40.042491119,T,293.06,40,293.77,520,IBM
2025-11-21,9:32:40.119589594,T,293.06,40,293.77,560,IBM
2025-11-21,9:32:41.282482965,T,293.06,40,293.77,600,IBM
2025-11-21,9:32:41.782503405,T,293.06,40,293.77,640,IBM
2025-11-21,9:32:42.048757313,T,293.06,40,293.77,600,IBM
2025-11-21,9:32:45.088523819,T,293.06,40,293.77,640,IBM
2025-11-21,9:32:46.325588870,T,293.06,40,293.77,600,IBM
2025-11-21,9:32:50.439732902,T,293.06,40,293.77,560,IBM
2025-11-21,9:32:50.439928385,T,293.06,40,293.76,200,IBM
2025-11-21,9:32:50.439968513,T,293.06,40,293.76,240,IBM
2025-11-21,9:32:50.440354358,T,293.06,40,293.76,280,IBM
2025-11-21,9:32:50.440389460,T,293.06,40,293.76,320,IBM
2025-11-21,9:32:50.448538849,T,293.06,40,293.76,400,IBM
2025-11-21,9:32:50.464682227,T,293.06,40,293.76,440,IBM
2025-11-21,9:32:55.562032194,T,293.06,40,293.76,400,IBM
2025-11-21,9:32:55.562503184,T,293.06,40,293.76,360,IBM
2025-11-21,9:33:01.885676165,T,293.06,40,293.76,160,IBM
2025-11-21,9:33:01.885681473,T,293.06,40,293.76,120,IBM
2025-11-21,9:33:01.885681473,T,293.06,40,293.76,80,IBM
2025-11-21,9:33:01.885691516,T,293.06,40,293.77,40,IBM
2025-11-21,9:33:01.885701292,T,293.06,40,294.0,80,IBM
2025-11-21,9:33:01.885716369,T,293.3,40,294.0,80,IBM
2025-11-21,9:33:01.885716369,T,293.53,80,294.0,80,IBM
2025-11-21,9:33:01.885926719,T,293.53,120,294.0,80,IBM
2025-11-21,9:33:01.886523223,T,293.53,120,293.88,40,IBM
2025-11-21,9:33:01.886558240,T,293.53,40,293.88,40,IBM
2025-11-21,9:33:01.886563243,T,293.53,40,293.88,80,IBM
2025-11-21,9:33:01.886944249,T,293.53,80,293.88,80,IBM
2025-11-21,9:33:01.891464977,T,293.53,80,293.77,40,IBM
2025-11-21,9:33:01.891475015,T,293.53,80,293.88,80,IBM
2025-11-21,9:33:01.892246828,T,293.53,80,293.88,40,IBM
2025-11-21,9:33:01.892271917,T,293.53,80,294.0,80,IBM
2025-11-21,9:33:01.895940583,T,293.53,40,294.0,80,IBM
2025-11-21,9:33:01.905257881,T,293.53,80,294.0,80,IBM
2025-11-21,9:33:02.145645133,T,293.53,40,294.0,80,IBM
2025-11-21,9:33:02.147389200,T,293.3,40,294.0,80,IBM
2025-11-21,9:33:02.406330681,T,293.3,40,293.88,40,IBM
2025-11-21,9:33:02.886098025,T,293.3,40,293.87,120,IBM
2025-11-21,9:33:02.886138176,T,293.3,40,293.87,160,IBM
2025-11-21,9:33:05.052229601,T,293.3,40,293.87,440,IBM
2025-11-21,9:33:05.896228703,T,293.3,40,293.87,480,IBM
2025-11-21,9:33:05.897015628,T,293.3,40,293.87,200,IBM
2025-11-21,9:33:07.638741863,T,293.3,40,293.84,40,IBM
2025-11-21,9:33:07.639994942,T,293.3,40,293.84,160,IBM
2025-11-21,9:33:14.315206122,T,293.3,40,293.84,200,IBM
2025-11-21,9:33:15.405296121,T,293.3,40,293.84,240,IBM
2025-11-21,9:33:15.405817451,T,293.3,40,293.84,200,IBM
2025-11-21,9:33:15.415465429,T,293.3,40,293.72,40,IBM
2025-11-21,9:33:15.415610799,T,293.3,40,293.84,200,IBM
2025-11-21,9:33:15.415640760,T,293.3,40,293.66,40,IBM
2025-11-21,9:33:15.415655786,T,293.3,40,293.84,280,IBM
2025-11-21,9:33:15.415665871,T,293.3,40,293.84,240,IBM
2025-11-21,9:33:15.415665871,T,293.51,40,293.84,240,IBM
2025-11-21,9:33:15.415675944,T,293.55,40,293.84,240,IBM
2025-11-21,9:33:15.415720975,T,293.51,40,293.84,240,IBM
2025-11-21,9:33:15.415771183,T,293.51,40,293.84,200,IBM
2025-11-21,9:33:15.415976641,T,293.51,40,293.84,80,IBM
2025-11-21,9:33:15.416116982,T,293.51,40,293.74,40,IBM
2025-11-21,9:33:15.416141994,T,293.51,40,293.84,80,IBM
2025-11-21,9:33:15.416277315,T,293.51,40,293.74,40,IBM
2025-11-21,9:33:15.416282298,T,293.51,40,293.84,120,IBM
2025-11-21,9:33:15.416297327,T,293.51,40,293.84,80,IBM
2025-11-21,9:33:15.416382548,T,293.51,40,293.74,40,IBM
2025-11-21,9:33:15.416412575,T,293.51,40,293.84,80,IBM
2025-11-21,9:33:15.416452712,T,293.51,80,293.84,80,IBM
2025-11-21,9:33:15.416733378,T,293.62,40,293.84,80,IBM
2025-11-21,9:33:15.418823627,T,293.51,80,293.84,80,IBM
2025-11-21,9:33:15.418828391,T,293.51,40,293.84,80,IBM
2025-11-21,9:33:15.418868458,T,293.51,40,293.74,40,IBM
2025-11-21,9:33:15.418928588,T,293.51,40,293.84,120,IBM
2025-11-21,9:33:15.419119075,T,293.58,40,293.84,120,IBM
2025-11-21,9:33:15.423304094,T,293.51,40,293.84,120,IBM
2025-11-21,9:33:15.428155528,T,293.51,40,293.84,80,IBM
2025-11-21,9:33:15.428185620,T,293.51,40,293.84,40,IBM
2025-11-21,9:33:15.442454668,T,293.51,40,293.84,80,IBM
2025-11-21,9:33:15.469764578,T,293.51,40,293.84,40,IBM
2025-11-21,9:33:15.756973305,T,293.51,40,293.84,80,IBM
2025-11-21,9:33:15.888877372,T,293.51,40,293.84,200,IBM
2025-11-21,9:33:15.977608621,T,293.51,40,293.84,240,IBM
2025-11-21,9:33:16.335415364,T,293.51,40,293.84,200,IBM
2025-11-21,9:33:16.335425383,T,293.51,40,293.84,160,IBM
2025-11-21,9:33:16.416734143,T,293.51,40,293.84,200,IBM
2025-11-21,9:33:17.426197201,T,293.51,40,293.84,240,IBM
2025-11-21,9:33:17.427149393,T,293.51,320,293.84,240,IBM
2025-11-21,9:33:17.427219578,T,293.51,40,293.84,240,IBM
2025-11-21,9:33:17.427224800,T,293.51,80,293.84,240,IBM
2025-11-21,9:33:17.427239663,T,293.74,280,293.84,240,IBM
2025-11-21,9:33:17.427249854,T,293.74,240,293.84,240,IBM
2025-11-21,9:33:17.427254631,T,293.51,80,293.84,240,IBM
2025-11-21,9:33:17.427259721,T,293.62,40,293.84,240,IBM
2025-11-21,9:33:17.427279763,T,293.74,240,293.84,240,IBM
2025-11-21,9:33:17.427445057,T,293.74,240,293.84,200,IBM
2025-11-21,9:33:17.427660694,T,293.74,200,293.84,200,IBM
2025-11-21,9:33:17.428678061,T,293.67,40,293.84,200,IBM
2025-11-21,9:33:17.428703048,T,293.51,80,293.84,200,IBM
2025-11-21,9:33:17.437935127,T,293.51,40,293.84,200,IBM
2025-11-21,9:33:17.437960235,T,293.51,40,293.84,240,IBM
2025-11-21,9:33:17.452494749,T,293.51,40,293.84,200,IBM
2025-11-21,9:33:19.872951983,T,293.51,40,293.84,240,IBM
2025-11-21,9:33:19.872977097,T,293.51,40,293.84,280,IBM
2025-11-21,9:33:19.872987095,T,293.3,40,293.84,280,IBM
2025-11-21,9:33:19.873062262,T,293.3,40,293.73,40,IBM
2025-11-21,9:33:19.873227587,T,293.3,40,293.73,80,IBM
2025-11-21,9:33:19.873302906,T,293.3,40,293.64,40,IBM
2025-11-21,9:33:19.873553460,T,293.3,40,293.73,120,IBM
2025-11-21,9:33:19.873583514,T,293.3,40,293.62,40,IBM
2025-11-21,9:33:19.873683761,T,293.17,40,293.62,40,IBM
2025-11-21,9:33:19.887586805,T,293.17,40,293.73,200,IBM
2025-11-21,9:33:19.888012852,T,293.17,40,293.73,160,IBM
2025-11-21,9:33:19.889055331,T,293.17,40,293.73,200,IBM
2025-11-21,9:33:21.412377113,T,293.17,40,293.61,40,IBM
2025-11-21,9:33:21.412421931,T,293.06,80,293.61,40,IBM
2025-11-21,9:33:21.413103534,T,293.06,80,293.61,80,IBM
2025-11-21,9:33:22.450372826,T,293.06,80,293.61,40,IBM
2025-11-21,9:33:22.451079506,T,293.06,80,293.6,40,IBM
2025-11-21,9:33:22.451084519,T,293.06,80,293.6,80,IBM
2025-11-21,9:33:22.451500505,T,293.06,80,293.6,120,IBM
2025-11-21,9:33:22.546757359,T,293.06,80,293.6,80,IBM
2025-11-21,9:33:29.767973395,T,293.06,80,293.6,40,IBM
2025-11-21,9:33:29.799508471,T,293.06,80,293.45,40,IBM
2025-11-21,9:33:29.799784066,T,293.19,40,293.45,40,IBM
2025-11-21,9:33:29.799789116,T,293.19,40,293.59,40,IBM
2025-11-21,9:33:29.799819241,T,293.06,80,293.59,40,IBM
2025-11-21,9:33:29.799989584,T,293.06,80,293.56,40,IBM
2025-11-21,9:33:29.800550950,T,293.06,80,293.59,80,IBM
2025-11-21,9:33:29.800651101,T,293.06,80,293.55,40,IBM
2025-11-21,9:33:29.800716415,T,293.06,80,293.59,80,IBM
2025-11-21,9:33:29.801402889,T,293.06,80,293.59,120,IBM
2025-11-21,9:33:29.801433088,T,293.06,80,293.55,40,IBM
2025-11-21,9:33:29.900949944,T,293.06,80,293.55,160,IBM
2025-11-21,9:33:30.067627007,T,293.06,80,293.55,120,IBM
2025-11-21,9:33:30.067631729,T,293.06,80,293.6,40,IBM
2025-11-21,9:33:30.067661815,T,293.37,40,293.6,40,IBM
2025-11-21,9:33:30.067676803,T,293.37,40,293.84,40,IBM
2025-11-21,9:33:30.068248212,T,293.37,80,293.84,40,IBM
2025-11-21,9:33:30.068348410,T,293.37,80,293.84,80,IBM
2025-11-21,9:33:30.072413159,T,293.37,40,293.84,80,IBM
2025-11-21,9:33:30.116057081,T,293.37,80,293.84,80,IBM
2025-11-21,9:33:30.250807815,T,293.37,80,293.84,40,IBM
2025-11-21,9:33:30.250918102,T,293.37,80,294.0,80,IBM
2025-11-21,9:33:30.263738550,T,293.37,40,294.0,80,IBM
2025-11-21,9:33:30.870397884,T,293.19,40,294.0,80,IBM
2025-11-21,9:33:31.068053428,T,293.19,40,293.86,120,IBM
2025-11-21,9:33:31.068088460,T,293.19,40,293.86,160,IBM
2025-11-21,9:33:32.904961462,T,293.19,80,293.86,160,IBM
2025-11-21,9:33:32.905201970,T,293.19,80,293.86,200,IBM
2025-11-21,9:33:32.905242048,T,293.19,80,293.75,40,IBM
2025-11-21,9:33:32.905993877,T,293.19,80,293.75,120,IBM
2025-11-21,9:33:32.913301300,T,293.19,80,293.75,80,IBM
2025-11-21,9:33:33.406620643,T,293.19,80,293.75,120,IBM
2025-11-21,9:33:34.331958620,T,293.19,80,293.75,160,IBM
2025-11-21,9:33:34.867047485,T,293.19,80,293.75,120,IBM
2025-11-21,9:33:35.876360358,T,293.19,80,293.75,320,IBM
2025-11-21,9:33:38.521607865,T,293.19,80,293.75,360,IBM
2025-11-21,9:33:38.521818455,T,293.19,40,293.75,360,IBM
2025-11-21,9:33:40.917581653,T,293.19,40,293.74,200,IBM
2025-11-21,9:33:41.546468726,T,293.19,40,293.74,240,IBM
2025-11-21,9:33:41.727349379,T,293.19,40,293.74,40,IBM
2025-11-21,9:33:41.727349379,T,293.19,40,293.75,320,IBM
2025-11-21,9:33:41.727384584,T,293.4,40,293.75,320,IBM
2025-11-21,9:33:41.727574924,T,293.4,40,293.75,280,IBM
2025-11-21,9:33:41.727574924,T,293.4,40,293.75,240,IBM
2025-11-21,9:33:41.727574924,T,293.4,40,293.75,40,IBM
2025-11-21,9:33:41.727574924,T,293.4,40,294.0,80,IBM
2025-11-21,9:33:41.727579809,T,293.57,40,294.0,80,IBM
2025-11-21,9:33:41.727905624,T,293.57,80,294.0,80,IBM
2025-11-21,9:33:41.728441945,T,293.57,80,293.86,40,IBM
2025-11-21,9:33:41.728462390,T,293.57,40,293.86,40,IBM
2025-11-21,9:33:41.728507140,T,293.53,40,293.86,40,IBM
2025-11-21,9:33:41.728512121,T,293.53,40,293.86,80,IBM
2025-11-21,9:33:41.728622759,T,293.47,40,293.86,80,IBM
2025-11-21,9:33:41.728622759,T,293.41,80,293.86,80,IBM
2025-11-21,9:33:41.827577899,T,293.41,40,293.86,80,IBM
2025-11-21,9:33:41.828069044,T,293.41,80,293.86,80,IBM
2025-11-21,9:33:42.727801499,T,293.41,40,293.86,80,IBM
2025-11-21,9:33:42.727981673,T,293.41,80,293.86,80,IBM
2025-11-21,9:33:42.728192093,T,293.41,120,293.86,80,IBM
2025-11-21,9:33:45.447335249,T,293.41,80,293.86,80,IBM
2025-11-21,9:33:46.676657098,T,293.41,80,293.86,120,IBM
2025-11-21,9:33:54.118573262,T,293.5,40,293.86,120,IBM
2025-11-21,9:33:54.119064428,T,293.5,80,293.86,120,IBM
2025-11-21,9:33:54.119485475,T,293.5,120,293.86,120,IBM
2025-11-21,9:33:55.155592059,T,293.5,80,293.86,120,IBM
2025-11-21,9:33:55.637965254,T,293.5,40,293.86,120,IBM
2025-11-21,9:33:56.893784975,T,293.5,40,293.85,40,IBM
2025-11-21,9:33:56.893810086,T,293.5,40,293.85,80,IBM
2025-11-21,9:34:00.034973494,T,293.5,40,293.85,40,IBM
2025-11-21,9:34:00.034973494,T,293.5,40,293.86,40,IBM
2025-11-21,9:34:00.035218620,T,293.5,80,293.86,40,IBM
2025-11-21,9:34:00.035559393,T,293.5,40,293.86,40,IBM
2025-11-21,9:34:00.035629615,T,293.51,40,293.86,40,IBM
2025-11-21,9:34:00.035704726,T,293.51,80,293.86,40,IBM
2025-11-21,9:34:00.035729756,T,293.51,80,294.23,40,IBM
2025-11-21,9:34:00.035754814,T,293.51,80,293.86,40,IBM
2025-11-21,9:34:00.035779880,T,293.51,160,293.86,40,IBM
2025-11-21,9:34:00.035785136,T,293.65,40,293.86,40,IBM
2025-11-21,9:34:00.035870103,T,293.65,40,294.23,40,IBM
2025-11-21,9:34:00.036200912,T,293.57,40,294.23,40,IBM
2025-11-21,9:34:00.037208379,T,293.51,120,294.23,40,IBM
2025-11-21,9:34:00.037268539,T,293.51,160,294.23,40,IBM
2025-11-21,9:34:00.041453628,T,293.51,120,294.23,40,IBM
2025-11-21,9:34:00.046560675,T,293.51,160,294.23,40,IBM
2025-11-21,9:34:00.046771097,T,293.51,200,294.23,40,IBM
2025-11-21,9:34:00.135176604,T,293.51,160,294.23,40,IBM
2025-11-21,9:34:00.507653318,T,293.51,120,294.23,40,IBM
2025-11-21,9:34:00.519175835,T,293.51,120,293.95,40,IBM
2025-11-21,9:34:01.463238284,T,293.59,40,293.95,40,IBM
2025-11-21,9:34:01.463423598,T,293.51,120,293.95,40,IBM
2025-11-21,9:34:01.463553948,T,293.51,80,293.95,40,IBM
2025-11-21,9:34:01.463789462,T,293.51,40,293.95,40,IBM
2025-11-21,9:34:01.463894747,T,293.5,40,293.95,40,IBM
2025-11-21,9:34:01.463980020,T,293.52,40,293.95,40,IBM
2025-11-21,9:34:01.466099957,T,293.52,120,293.95,40,IBM
2025-11-21,9:34:01.466300460,T,293.52,80,293.95,40,IBM
2025-11-21,9:34:01.467192662,T,293.52,120,293.95,40,IBM
2025-11-21,9:34:01.480474167,T,293.52,160,293.95,40,IBM
2025-11-21,9:34:01.514996467,T,293.52,120,293.95,40,IBM
2025-11-21,9:34:01.562634768,T,293.52,80,293.95,40,IBM
2025-11-21,9:34:02.083755414,T,293.52,40,293.95,40,IBM
2025-11-21,9:34:02.083770464,T,293.5,40,293.95,40,IBM
2025-11-21,9:34:02.084331843,T,293.5,80,293.95,40,IBM
2025-11-21,9:34:02.084336925,T,293.7,40,293.95,40,IBM
2025-11-21,9:34:02.084346757,T,293.7,80,293.95,40,IBM
2025-11-21,9:34:02.084552327,T,293.7,120,293.95,40,IBM
2025-11-21,9:34:02.084682593,T,293.7,120,294.34,200,IBM
2025-11-21,9:34:02.084757831,T,293.7,160,294.34,200,IBM
2025-11-21,9:34:02.084762724,T,293.7,200,294.34,200,IBM
2025-11-21,9:34:02.085594713,T,293.95,40,294.34,200,IBM
2025-11-21,9:34:02.085624883,T,293.7,200,294.34,200,IBM
2025-11-21,9:34:02.085644880,T,293.7,160,294.34,200,IBM
2025-11-21,9:34:02.085649862,T,293.7,120,294.34,200,IBM
2025-11-21,9:34:02.085659894,T,293.7,120,294.33,80,IBM
2025-11-21,9:34:02.086065850,T,293.82,40,294.33,80,IBM
2025-11-21,9:34:02.086116033,T,293.83,40,294.33,80,IBM
2025-11-21,9:34:02.086141016,T,293.83,80,294.33,80,IBM
2025-11-21,9:34:02.086146031,T,293.83,80,294.14,40,IBM
2025-11-21,9:34:02.086221340,T,293.83,80,294.27,40,IBM
2025-11-21,9:34:02.086366605,T,293.83,120,294.27,40,IBM
2025-11-21,9:34:02.086381693,T,293.83,120,294.19,40,IBM
2025-11-21,9:34:02.086431725,T,293.83,80,294.19,40,IBM
2025-11-21,9:34:02.086431725,T,293.83,80,294.14,40,IBM
2025-11-21,9:34:02.086822647,T,293.83,80,294.19,40,IBM
2025-11-21,9:34:02.086877831,T,293.83,80,294.33,80,IBM
2025-11-21,9:34:02.086877831,T,293.83,80,294.33,120,IBM
2025-11-21,9:34:02.086983029,T,293.83,80,294.33,80,IBM
2025-11-21,9:34:02.087218651,T,293.83,80,294.33,120,IBM
2025-11-21,9:34:02.091223178,T,293.83,80,294.33,80,IBM
2025-11-21,9:34:02.096064721,T,293.83,120,294.33,80,IBM
2025-11-21,9:34:02.107396697,T,293.83,80,294.33,80,IBM
2025-11-21,9:34:02.107707402,T,293.83,120,294.33,80,IBM
2025-11-21,9:34:02.136215300,T,293.83,160,294.33,80,IBM
2025-11-21,9:34:02.185668072,T,293.83,160,294.33,40,IBM
2025-11-21,9:34:02.186394735,T,293.83,120,294.33,40,IBM
2025-11-21,9:34:04.192435351,T,293.83,120,294.55,240,IBM
2025-11-21,9:34:04.192826365,T,293.83,80,294.55,240,IBM
2025-11-21,9:34:04.441297846,T,293.83,40,294.55,240,IBM
2025-11-21,9:34:04.441327842,T,293.66,40,294.55,240,IBM
2025-11-21,9:34:05.281152158,T,293.66,80,294.55,240,IBM
2025-11-21,9:34:05.281192244,T,293.93,40,294.55,240,IBM
2025-11-21,9:34:05.281312605,T,294.06,40,294.55,240,IBM
2025-11-21,9:34:05.281538122,T,294.06,40,294.55,40,IBM
2025-11-21,9:34:05.281648331,T,293.93,40,294.55,40,IBM
2025-11-21,9:34:05.281878880,T,293.93,40,294.55,80,IBM
2025-11-21,9:34:05.394657477,T,293.93,40,294.55,40,IBM
2025-11-21,9:34:05.582755185,T,293.93,40,294.78,240,IBM
2025-11-21,9:34:05.617628222,T,293.93,40,294.76,80,IBM
2025-11-21,9:34:05.618891258,T,293.93,40,294.78,240,IBM
2025-11-21,9:34:06.064256537,T,293.93,40,294.78,520,IBM
2025-11-21,9:34:06.064677513,T,293.93,80,294.78,520,IBM
2025-11-21,9:34:06.088584489,T,293.93,120,294.78,520,IBM
2025-11-21,9:34:06.120936428,T,293.93,120,294.78,600,IBM
2025-11-21,9:34:06.281603907,T,293.93,120,294.78,760,IBM
2025-11-21,9:34:06.282019983,T,293.93,80,294.78,760,IBM
2025-11-21,9:34:06.627427188,T,293.93,80,294.76,80,IBM
2025-11-21,9:34:06.628179066,T,293.93,80,294.76,240,IBM
2025-11-21,9:34:11.764426643,T,293.93,40,294.76,240,IBM
2025-11-21,9:34:11.773017062,T,293.93,40,294.76,160,IBM
2025-11-21,9:34:17.732283853,T,293.93,40,294.76,200,IBM
2025-11-21,9:34:21.292900364,T,294.3,40,294.76,200,IBM
2025-11-21,9:34:21.310306795,T,294.3,80,294.76,200,IBM
2025-11-21,9:34:21.378935250,T,294.3,40,294.76,200,IBM
2025-11-21,9:34:21.425515999,T,294.3,40,294.76,240,IBM
2025-11-21,9:34:21.425546189,T,293.93,40,294.76,240,IBM
2025-11-21,9:34:21.747903589,T,293.93,40,294.76,280,IBM
2025-11-21,9:34:22.385185938,T,293.93,40,294.76,240,IBM
2025-11-21,9:34:22.397099321,T,293.93,40,294.76,280,IBM
2025-11-21,9:34:23.374045220,T,293.93,40,294.76,240,IBM
2025-11-21,9:34:23.378255215,T,293.93,40,294.76,280,IBM
2025-11-21,9:34:24.036873064,T,293.93,40,294.76,240,IBM
2025-11-21,9:34:24.362899246,T,293.93,40,294.76,200,IBM
2025-11-21,9:34:24.418767301,T,293.93,40,294.76,240,IBM
2025-11-21,9:34:24.429347425,T,294.7,40,294.76,240,IBM
2025-11-21,9:34:24.429367529,T,293.93,40,294.76,240,IBM
2025-11-21,9:34:24.429427587,T,293.93,40,294.73,40,IBM
2025-11-21,9:34:24.429432601,T,294.3,40,294.73,40,IBM
2025-11-21,9:34:24.429643130,T,294.3,80,294.73,40,IBM
2025-11-21,9:34:24.429773350,T,294.7,40,294.73,40,IBM
2025-11-21,9:34:24.429793409,T,294.3,80,294.73,40,IBM
2025-11-21,9:34:24.429813585,T,294.3,80,294.73,120,IBM
2025-11-21,9:34:24.429823500,T,294.3,80,294.73,80,IBM
2025-11-21,9:34:24.429828597,T,294.3,120,294.73,80,IBM
2025-11-21,9:34:24.430184404,T,294.3,120,294.73,200,IBM
2025-11-21,9:34:24.430234540,T,294.3,160,294.73,200,IBM
2025-11-21,9:34:24.431472426,T,294.3,160,294.73,240,IBM
2025-11-21,9:34:24.440168169,T,294.3,120,294.73,240,IBM
2025-11-21,9:34:24.626316287,T,294.3,80,294.73,240,IBM
2025-11-21,9:34:24.626401512,T,294.3,80,294.73,320,IBM
2025-11-21,9:34:24.626526802,T,294.3,120,294.73,320,IBM
2025-11-21,9:34:24.929703446,T,294.3,80,294.73,320,IBM
2025-11-21,9:34:25.154769237,T,294.4,40,294.73,320,IBM
2025-11-21,9:34:25.155265411,T,294.4,80,294.73,320,IBM
2025-11-21,9:34:25.155691412,T,294.4,120,294.73,320,IBM
2025-11-21,9:34:25.155846825,T,294.4,80,294.73,320,IBM
2025-11-21,9:34:26.340602128,T,294.4,80,294.73,280,IBM
2025-11-21,9:34:26.341143310,T,294.4,80,294.73,320,IBM
2025-11-21,9:34:27.329461197,T,294.4,80,294.73,280,IBM
2025-11-21,9:34:27.362003605,T,294.4,80,294.73,320,IBM
2025-11-21,9:34:28.318315224,T,294.4,80,294.73,280,IBM
2025-11-21,9:34:28.332228268,T,294.4,80,294.73,320,IBM
2025-11-21,9:34:29.307174284,T,294.4,80,294.73,280,IBM
2025-11-21,9:34:29.322791565,T,294.4,80,294.73,320,IBM
2025-11-21,9:34:29.348262121,T,294.4,80,294.73,240,IBM
2025-11-21,9:34:29.348267183,T,294.4,80,294.73,120,IBM
2025-11-21,9:34:29.348267183,T,294.4,80,294.73,80,IBM
2025-11-21,9:34:29.348267183,T,294.4,80,294.73,40,IBM
2025-11-21,9:34:29.348282172,T,294.4,80,295.14,40,IBM
2025-11-21,9:34:29.348302216,T,294.56,40,295.14,40,IBM
2025-11-21,9:34:29.349845937,T,294.56,40,294.98,80,IBM
2025-11-21,9:34:29.349860983,T,294.41,80,294.98,80,IBM
2025-11-21,9:34:29.349886020,T,294.41,80,294.98,120,IBM
2025-11-21,9:34:29.352843059,T,294.41,40,294.98,120,IBM
2025-11-21,9:34:29.362746536,T,294.41,40,294.82,40,IBM
2025-11-21,9:34:29.362781821,T,294.41,40,294.82,80,IBM
2025-11-21,9:34:29.377276246,T,294.41,40,294.82,40,IBM
2025-11-21,9:34:29.377306201,T,294.41,40,294.97,80,IBM
2025-11-21,9:34:29.448315333,T,294.19,40,294.97,80,IBM
2025-11-21,9:34:29.462739789,T,294.19,40,294.97,40,IBM
2025-11-21,9:34:29.462769722,T,294.19,40,294.98,120,IBM
2025-11-21,9:34:29.463536512,T,294.19,40,294.98,40,IBM
2025-11-21,9:34:29.463566633,T,294.19,40,295.29,240,IBM
2025-11-21,9:34:29.463566633,T,294.4,40,295.29,240,IBM
2025-11-21,9:34:29.463777116,T,294.4,80,295.29,240,IBM
2025-11-21,9:34:29.463987656,T,294.4,120,295.29,240,IBM
2025-11-21,9:34:29.598327432,T,294.4,80,295.29,240,IBM
2025-11-21,9:34:30.348693912,T,294.4,80,294.98,80,IBM
2025-11-21,9:34:30.348728876,T,294.4,80,294.98,120,IBM
2025-11-21,9:34:31.285052891,T,294.4,80,294.98,80,IBM
2025-11-21,9:34:31.285258395,T,294.4,40,294.98,80,IBM
2025-11-21,9:34:31.285473884,T,294.19,40,294.98,80,IBM
2025-11-21,9:34:31.286596521,T,294.19,40,294.94,80,IBM
2025-11-21,9:34:31.287102765,T,294.19,40,294.9,80,IBM
2025-11-21,9:34:31.287137902,T,294.19,40,294.9,120,IBM
2025-11-21,9:34:31.341311869,T,294.19,40,294.8,40,IBM
2025-11-21,9:34:31.342068618,T,294.19,40,294.8,120,IBM
2025-11-21,9:34:34.104184362,T,294.19,40,294.8,160,IBM
2025-11-21,9:34:34.104630356,T,294.19,40,294.79,40,IBM
2025-11-21,9:34:34.104665467,T,294.19,40,294.79,80,IBM
2025-11-21,9:34:34.104670484,T,294.19,40,294.79,120,IBM
2025-11-21,9:34:34.104670484,T,294.19,40,294.79,200,IBM
2025-11-21,9:34:34.104700570,T,294.19,40,294.6,40,IBM
2025-11-21,9:34:34.104705638,T,294.19,40,294.6,80,IBM
2025-11-21,9:34:34.104705638,T,294.19,40,294.6,120,IBM
2025-11-21,9:34:34.104710647,T,294.19,40,294.6,160,IBM
2025-11-21,9:34:34.104730575,T,294.19,40,294.6,200,IBM
2025-11-21,9:34:34.104745636,T,294.19,40,294.5,40,IBM
2025-11-21,9:34:34.104765711,T,294.19,40,294.5,80,IBM
2025-11-21,9:34:34.104790726,T,294.19,40,294.5,120,IBM
2025-11-21,9:34:34.104901068,T,294.19,80,294.5,120,IBM
2025-11-21,9:34:34.104941099,T,294.19,40,294.5,120,IBM
2025-11-21,9:34:34.105021276,T,294.19,160,294.5,120,IBM
2025-11-21,9:34:34.105081491,T,294.19,120,294.5,120,IBM
2025-11-21,9:34:34.105086467,T,293.93,40,294.5,120,IBM
2025-11-21,9:34:34.105086467,T,293.93,40,294.5,80,IBM
2025-11-21,9:34:34.105106444,T,293.93,40,294.19,80,IBM
2025-11-21,9:34:34.105136603,T,293.93,40,294.19,120,IBM
2025-11-21,9:34:34.105146656,T,293.93,40,294.19,200,IBM
2025-11-21,9:34:34.105462396,T,293.93,40,294.19,120,IBM
2025-11-21,9:34:34.106093865,T,293.93,40,294.19,80,IBM
2025-11-21,9:34:34.106093865,T,293.93,40,294.49,80,IBM
2025-11-21,9:34:34.106128908,T,293.93,40,294.35,40,IBM
2025-11-21,9:34:34.155165616,T,293.93,40,294.49,80,IBM
2025-11-21,9:34:34.205244926,T,293.93,40,294.49,40,IBM
2025-11-21,9:34:34.206853718,T,293.93,40,294.49,80,IBM
2025-11-21,9:34:37.374689982,T,293.93,40,294.49,240,IBM
2025-11-21,9:34:38.207031511,T,293.93,40,294.49,200,IBM
2025-11-21,9:34:38.245127252,T,293.93,40,294.49,240,IBM
2025-11-21,9:34:39.195885495,T,293.93,40,294.49,200,IBM
2025-11-21,9:34:39.206891661,T,293.93,40,294.49,240,IBM
2025-11-21,9:34:39.608818432,T,293.93,40,294.35,40,IBM
2025-11-21,9:34:39.608858519,T,293.93,40,294.35,80,IBM
2025-11-21,9:34:39.608868631,T,293.93,40,294.35,120,IBM
2025-11-21,9:34:39.608889118,T,293.93,40,294.35,200,IBM
2025-11-21,9:34:39.608964106,T,293.66,40,294.35,200,IBM
2025-11-21,9:34:39.608983852,T,293.66,40,294.35,160,IBM
2025-11-21,9:34:39.608983852,T,293.66,40,294.2,40,IBM
2025-11-21,9:34:39.608983852,T,293.66,40,294.2,80,IBM
2025-11-21,9:34:39.609109133,T,293.66,40,294.1,40,IBM
2025-11-21,9:34:40.052770393,T,293.66,40,294.1,80,IBM
2025-11-21,9:34:40.057536719,T,293.66,40,294.0,40,IBM
2025-11-21,9:34:40.057546750,T,293.66,40,294.0,80,IBM
2025-11-21,9:34:40.057847437,T,293.66,40,293.99,40,IBM
2025-11-21,9:34:40.057857439,T,293.66,40,293.99,80,IBM
2025-11-21,9:34:40.058153270,T,293.66,40,293.99,120,IBM
2025-11-21,9:34:40.058173219,T,293.65,160,293.99,120,IBM
2025-11-21,9:34:40.060137964,T,293.5,40,293.99,120,IBM
2025-11-21,9:34:40.062007373,T,293.5,40,293.99,80,IBM
2025-11-21,9:34:40.062658891,T,293.5,40,293.87,40,IBM
2025-11-21,9:34:40.064473224,T,293.4,40,293.87,40,IBM
2025-11-21,9:34:40.064528342,T,293.5,40,293.87,40,IBM
2025-11-21,9:34:40.158747665,T,293.5,40,293.87,80,IBM
2025-11-21,9:34:40.160226207,T,293.4,40,293.87,80,IBM
2025-11-21,9:34:40.165153289,T,293.4,40,293.87,40,IBM
2025-11-21,9:34:40.165153289,T,293.4,40,293.99,80,IBM
2025-11-21,9:34:40.165177918,T,293.68,40,293.99,80,IBM
2025-11-21,9:34:40.165624393,T,293.68,80,293.99,80,IBM
2025-11-21,9:34:40.165799414,T,293.68,80,293.99,40,IBM
2025-11-21,9:34:40.166095208,T,293.68,80,294.0,80,IBM
2025-11-21,9:34:40.166100124,T,293.68,80,294.0,40,IBM
2025-11-21,9:34:40.166120822,T,293.68,80,294.1,80,IBM
2025-11-21,9:34:40.166125299,T,293.69,40,294.1,80,IBM
2025-11-21,9:34:40.166130272,T,293.85,40,294.1,80,IBM
2025-11-21,9:34:40.166265563,T,293.74,40,294.1,80,IBM
2025-11-21,9:34:40.166591356,T,293.74,80,294.1,80,IBM
2025-11-21,9:34:40.166601449,T,293.74,80,294.1,40,IBM
2025-11-21,9:34:40.166631633,T,293.74,80,294.2,80,IBM
2025-11-21,9:34:40.167137713,T,293.74,40,294.2,80,IBM
2025-11-21,9:34:40.167212907,T,293.69,80,294.2,80,IBM
2025-11-21,9:34:40.185721838,T,293.69,80,294.2,40,IBM
2025-11-21,9:34:40.185746959,T,293.69,80,294.35,80,IBM
2025-11-21,9:34:40.266168392,T,293.69,40,294.35,80,IBM
2025-11-21,9:34:40.466229671,T,293.69,40,294.35,40,IBM
2025-11-21,9:34:43.034238066,T,293.69,40,294.35,80,IBM
2025-11-21,9:34:43.051078094,T,293.69,40,294.35,120,IBM
2025-11-21,9:34:43.052275874,T,293.69,40,294.35,80,IBM
2025-11-21,9:34:43.052381196,T,293.52,40,294.35,80,IBM
2025-11-21,9:34:43.150975865,T,293.52,40,294.35,40,IBM
2025-11-21,9:34:43.984901202,T,293.52,40,294.04,80,IBM
2025-11-21,9:34:45.198440137,T,293.52,40,294.35,40,IBM
2025-11-21,9:34:45.198460692,T,293.78,80,294.35,40,IBM
2025-11-21,9:34:45.198701273,T,293.78,120,294.35,40,IBM
2025-11-21,9:34:45.198760955,T,293.79,40,294.35,40,IBM
2025-11-21,9:34:45.198906388,T,293.79,80,294.35,40,IBM
2025-11-21,9:34:45.199126746,T,293.79,120,294.35,40,IBM
2025-11-21,9:34:45.199136804,T,293.8,40,294.35,40,IBM
2025-11-21,9:34:45.199151891,T,293.8,40,294.55,40,IBM
2025-11-21,9:34:45.199252128,T,293.8,40,294.09,40,IBM
2025-11-21,9:34:45.199287166,T,293.8,40,294.55,40,IBM
2025-11-21,9:34:45.199297413,T,293.8,40,294.09,80,IBM
2025-11-21,9:34:45.199297413,T,293.8,40,294.55,40,IBM
2025-11-21,9:34:45.199312242,T,293.81,40,294.55,40,IBM
2025-11-21,9:34:45.199312242,T,293.94,40,294.55,40,IBM
2025-11-21,9:34:45.199322304,T,293.81,40,294.55,40,IBM
2025-11-21,9:34:45.199372432,T,293.81,40,294.68,40,IBM
2025-11-21,9:34:45.199532839,T,293.81,80,294.68,40,IBM
2025-11-21,9:34:45.299535810,T,293.81,40,294.68,40,IBM
2025-11-21,9:34:45.299756450,T,293.79,40,294.68,40,IBM
2025-11-21,9:34:46.596708892,T,293.79,80,294.68,40,IBM
2025-11-21,9:34:47.169843318,T,293.79,120,294.68,40,IBM
2025-11-21,9:34:50.312499772,T,293.79,80,294.68,40,IBM
2025-11-21,9:34:51.899683157,T,293.79,40,294.68,40,IBM
2025-11-21,9:34:52.759495077,T,293.79,40,294.35,40,IBM
2025-11-21,9:34:53.936261454,T,293.79,40,294.68,40,IBM
2025-11-21,9:34:53.936291525,T,294.08,40,294.68,40,IBM
2025-11-21,9:34:53.936297031,T,294.21,40,294.68,40,IBM
2025-11-21,9:34:53.936802708,T,294.21,40,294.78,200,IBM
2025-11-21,9:34:53.947232519,T,294.21,40,294.78,40,IBM
2025-11-21,9:34:53.947653542,T,294.21,80,294.78,40,IBM
2025-11-21,9:34:53.950831146,T,294.21,40,294.78,40,IBM
2025-11-21,9:34:54.936688119,T,294.21,40,294.78,120,IBM
2025-11-21,9:34:54.936898646,T,294.21,80,294.78,120,IBM
2025-11-21,9:34:55.443113644,T,294.21,80,294.78,40,IBM
2025-11-21,9:34:55.443143756,T,294.21,80,294.81,40,IBM
2025-11-21,9:34:55.443594881,T,294.21,80,294.5,40,IBM
2025-11-21,9:34:57.153295293,T,294.21,80,294.81,40,IBM
2025-11-21,9:34:57.153299980,T,294.22,40,294.81,40,IBM
2025-11-21,9:34:57.153320027,T,294.35,40,294.81,40,IBM
2025-11-21,9:34:57.153761082,T,294.35,80,294.81,40,IBM
2025-11-21,9:34:57.154091852,T,294.35,80,294.78,40,IBM
2025-11-21,9:34:57.154112003,T,294.35,40,294.78,40,IBM
2025-11-21,9:34:57.164040567,T,294.35,80,294.78,40,IBM
2025-11-21,9:34:57.743018979,T,294.35,80,294.94,40,IBM
2025-11-21,9:34:58.153721714,T,294.35,80,294.78,80,IBM
2025-11-21,9:34:58.738483700,T,294.35,40,294.78,80,IBM
2025-11-21,9:34:58.738493735,T,294.22,40,294.78,80,IBM
2025-11-21,9:34:58.738568908,T,294.22,40,294.78,160,IBM
2025-11-21,9:34:58.957444946,T,294.22,40,294.77,40,IBM
2025-11-21,9:35:00.046402468,T,294.48,40,294.77,40,IBM
2025-11-21,9:35:00.046613030,T,294.48,80,294.77,40,IBM
2025-11-21,9:35:00.244108215,T,294.48,120,294.77,40,IBM
2025-11-21,9:35:02.176258065,T,294.48,80,294.77,40,IBM
2025-11-21,9:35:02.176268128,T,294.48,40,294.77,40,IBM
2025-11-21,9:35:03.147455597,T,294.48,40,294.78,80,IBM
2025-11-21,9:35:03.147485112,T,294.51,40,294.78,80,IBM
2025-11-21,9:35:03.147495115,T,294.63,40,294.78,80,IBM
2025-11-21,9:35:03.147515212,T,294.63,40,295.05,200,IBM
2025-11-21,9:35:03.148377321,T,294.63,40,294.97,40,IBM
2025-11-21,9:35:03.151144128,T,294.51,120,294.97,40,IBM
2025-11-21,9:35:03.151144128,T,294.76,40,294.97,40,IBM
2025-11-21,9:35:03.151539697,T,294.76,40,295.33,40,IBM
2025-11-21,9:35:03.151985876,T,294.51,120,295.33,40,IBM
2025-11-21,9:35:03.166595527,T,294.51,80,295.33,40,IBM
2025-11-21,9:35:03.166685750,T,294.51,40,295.33,40,IBM
2025-11-21,9:35:03.166976470,T,294.51,80,295.33,40,IBM
2025-11-21,9:35:03.167006570,T,294.7,40,295.33,40,IBM
2025-11-21,9:35:03.186943997,T,294.51,80,295.33,40,IBM
2025-11-21,9:35:03.187004167,T,294.51,40,295.33,40,IBM
2025-11-21,9:35:03.187365079,T,294.51,80,295.33,40,IBM
2025-11-21,9:35:03.187575475,T,294.51,120,295.33,40,IBM
2025-11-21,9:35:05.948352870,T,294.57,40,295.33,40,IBM
2025-11-21,9:35:05.948618480,T,294.57,80,295.33,40,IBM
2025-11-21,9:35:05.968786480,T,294.57,40,295.33,40,IBM
2025-11-21,9:35:05.968851675,T,294.48,40,295.33,40,IBM
2025-11-21,9:35:05.969207551,T,294.57,40,295.33,40,IBM
2025-11-21,9:35:05.969418100,T,294.57,80,295.33,40,IBM
2025-11-21,9:35:05.998712772,T,294.57,40,295.33,40,IBM
2025-11-21,9:35:06.008686471,T,294.57,80,295.33,40,IBM
2025-11-21,9:35:06.117721002,T,294.77,40,295.33,40,IBM
2025-11-21,9:35:06.118182211,T,294.77,80,295.33,40,IBM
2025-11-21,9:35:06.118217239,T,294.77,120,295.33,40,IBM
2025-11-21,9:35:06.118778563,T,294.77,120,295.04,80,IBM
2025-11-21,9:35:06.118798644,T,294.77,120,295.33,40,IBM
2025-11-21,9:35:06.118798644,T,294.77,40,295.33,40,IBM
2025-11-21,9:35:06.118944317,T,294.77,40,295.33,120,IBM
2025-11-21,9:35:06.119029194,T,294.77,40,295.33,80,IBM
2025-11-21,9:35:06.119289789,T,294.88,40,295.33,80,IBM
2025-11-21,9:35:06.122261946,T,294.77,40,295.33,80,IBM
2025-11-21,9:35:06.129418946,T,294.58,40,295.33,80,IBM
2025-11-21,9:35:06.130110505,T,294.58,40,295.33,40,IBM
2025-11-21,9:35:06.130135649,T,294.58,40,295.71,200,IBM
2025-11-21,9:35:06.130145730,T,294.89,40,295.71,200,IBM
2025-11-21,9:35:06.130155784,T,294.95,80,295.71,200,IBM
2025-11-21,9:35:06.130195802,T,294.95,120,295.71,200,IBM
2025-11-21,9:35:06.134851807,T,294.95,40,295.71,200,IBM
2025-11-21,9:35:06.245530298,T,294.95,40,295.5,80,IBM
2025-11-21,9:35:06.245555320,T,294.89,80,295.5,80,IBM
2025-11-21,9:35:06.367901688,T,294.89,40,295.5,80,IBM
2025-11-21,9:35:06.810079378,T,294.89,40,295.71,200,IBM
2025-11-21,9:35:06.945226176,T,294.89,80,295.71,200,IBM
2025-11-21,9:35:07.118112843,T,294.89,80,295.49,80,IBM
2025-11-21,9:35:07.632978498,T,294.89,80,295.49,200,IBM
2025-11-21,9:35:07.634582224,T,294.89,80,295.49,120,IBM
2025-11-21,9:35:07.634587502,T,294.89,80,295.49,40,IBM
2025-11-21,9:35:07.634627375,T,295.01,40,295.49,40,IBM
2025-11-21,9:35:07.634687579,T,294.89,80,295.49,40,IBM
2025-11-21,9:35:07.634687579,T,295.17,40,295.49,40,IBM
2025-11-21,9:35:07.635138560,T,295.17,40,295.71,200,IBM
2025-11-21,9:35:07.635158790,T,295.23,40,295.71,200,IBM
2025-11-21,9:35:07.635163675,T,295.24,80,295.71,200,IBM
2025-11-21,9:35:07.635454437,T,295.24,40,295.71,200,IBM
2025-11-21,9:35:07.635479367,T,295.24,40,295.64,40,IBM
2025-11-21,9:35:07.635479367,T,295.24,40,295.49,40,IBM
2025-11-21,9:35:07.635514500,T,295.24,40,295.64,40,IBM
2025-11-21,9:35:07.635514500,T,295.24,40,295.49,40,IBM
2025-11-21,9:35:07.635519719,T,295.24,40,295.49,120,IBM
2025-11-21,9:35:07.635519719,T,295.24,40,295.49,160,IBM
2025-11-21,9:35:07.635735216,T,295.24,40,295.49,120,IBM
2025-11-21,9:35:07.635740076,T,295.24,40,295.49,80,IBM
2025-11-21,9:35:07.635740076,T,295.24,40,295.49,40,IBM
2025-11-21,9:35:07.635765076,T,295.24,40,295.7,40,IBM
2025-11-21,9:35:07.635860388,T,295.24,40,295.7,80,IBM
2025-11-21,9:35:07.635870346,T,295.24,40,295.64,40,IBM
2025-11-21,9:35:07.635945595,T,295.24,40,295.49,40,IBM
2025-11-21,9:35:07.635960883,T,295.24,40,295.64,40,IBM
2025-11-21,9:35:07.635960883,T,295.24,40,295.68,40,IBM
2025-11-21,9:35:07.635965650,T,295.24,40,295.64,40,IBM
2025-11-21,9:35:07.636411562,T,295.24,40,295.7,40,IBM
2025-11-21,9:35:07.636411562,T,295.24,40,295.64,40,IBM
2025-11-21,9:35:07.636446681,T,295.24,40,295.45,40,IBM
2025-11-21,9:35:07.636461742,T,295.24,40,295.64,40,IBM
2025-11-21,9:35:07.636466787,T,295.24,40,295.45,40,IBM
2025-11-21,9:35:07.636471734,T,294.89,80,295.45,40,IBM
2025-11-21,9:35:07.636481849,T,294.89,80,295.35,40,IBM
2025-11-21,9:35:07.636541958,T,294.89,80,295.45,40,IBM
2025-11-21,9:35:07.636541958,T,294.89,80,295.7,40,IBM
2025-11-21,9:35:07.636562003,T,295.0,40,295.7,40,IBM
2025-11-21,9:35:07.636617384,T,295.07,40,295.7,40,IBM
2025-11-21,9:35:07.636632192,T,295.17,40,295.7,40,IBM
2025-11-21,9:35:07.636637179,T,295.17,40,295.7,80,IBM
2025-11-21,9:35:07.636672215,T,295.17,40,295.7,40,IBM
2025-11-21,9:35:07.637068261,T,295.16,40,295.7,40,IBM
2025-11-21,9:35:07.637569345,T,295.24,80,295.7,40,IBM
2025-11-21,9:35:07.642681600,T,295.24,80,295.44,40,IBM
2025-11-21,9:35:07.642726609,T,295.24,80,295.44,120,IBM
2025-11-21,9:35:07.973975547,T,295.0,40,295.44,120,IBM
2025-11-21,9:35:07.973995300,T,295.0,40,295.44,160,IBM
2025-11-21,9:35:07.974025422,T,294.89,80,295.44,160,IBM
2025-11-21,9:35:07.974060592,T,294.89,80,295.34,40,IBM
2025-11-21,9:35:08.635013882,T,294.89,80,295.34,80,IBM
2025-11-21,9:35:09.427440318,T,294.89,80,295.32,80,IBM
2025-11-21,9:35:09.427926541,T,294.89,80,295.32,160,IBM
2025-11-21,9:35:09.429219581,T,294.89,80,295.32,120,IBM
2025-11-21,9:35:09.429635522,T,294.89,80,295.32,80,IBM
2025-11-21,9:35:09.429635522,T,294.89,80,295.34,40,IBM
2025-11-21,9:35:09.429825963,T,294.89,80,295.32,40,IBM
2025-11-21,9:35:09.429916324,T,294.89,80,295.34,40,IBM
2025-11-21,9:35:09.429976711,T,294.9,80,295.34,40,IBM
2025-11-21,9:35:09.430016641,T,294.9,80,295.66,40,IBM
2025-11-21,9:35:09.430086704,T,294.9,80,295.71,200,IBM
2025-11-21,9:35:09.430347237,T,294.9,80,295.32,40,IBM
2025-11-21,9:35:09.430813431,T,294.9,80,295.71,200,IBM
2025-11-21,9:35:09.430948717,T,294.9,40,295.71,200,IBM
2025-11-21,9:35:09.451602847,T,294.9,40,295.71,280,IBM
2025-11-21,9:35:09.530009541,T,294.89,80,295.71,280,IBM
2025-11-21,9:35:09.534294692,T,294.89,80,295.36,40,IBM
2025-11-21,9:35:10.367864066,T,294.89,80,295.33,40,IBM
2025-11-21,9:35:10.367929188,T,294.89,80,295.33,120,IBM
2025-11-21,9:35:11.203388039,T,294.89,80,295.33,160,IBM
2025-11-21,9:35:13.238252133,T,294.96,40,295.33,160,IBM
2025-11-21,9:35:13.292245647,T,294.96,40,295.33,120,IBM
2025-11-21,9:35:13.388028719,T,295.01,40,295.33,120,IBM
2025-11-21,9:35:14.599046538,T,294.96,40,295.33,120,IBM
2025-11-21,9:35:14.599066722,T,294.96,40,295.17,40,IBM
2025-11-21,9:35:14.599126791,T,294.96,40,295.17,120,IBM
2025-11-21,9:35:14.599723260,T,294.57,40,295.17,120,IBM
2025-11-21,9:35:14.599753261,T,294.57,40,295.17,160,IBM
2025-11-21,9:35:14.599828437,T,294.57,40,295.1,40,IBM
2025-11-21,9:35:14.603351817,T,294.57,40,295.17,200,IBM
2025-11-21,9:35:14.604715091,T,294.57,40,295.17,160,IBM
2025-11-21,9:35:14.604765167,T,294.57,40,295.17,120,IBM
2025-11-21,9:35:14.604795355,T,294.57,40,295.17,80,IBM
2025-11-21,9:35:14.605512045,T,294.57,40,295.17,120,IBM
2025-11-21,9:35:14.606073346,T,294.57,40,295.1,40,IBM
2025-11-21,9:35:14.620567811,T,294.57,40,295.17,80,IBM
2025-11-21,9:35:15.593875049,T,294.57,40,295.66,40,IBM
2025-11-21,9:35:15.599468355,T,294.57,40,295.71,280,IBM
2025-11-21,9:35:15.599528497,T,294.57,80,295.71,280,IBM
2025-11-21,9:35:15.607517498,T,294.57,40,295.71,280,IBM
2025-11-21,9:35:16.247776592,T,294.57,40,295.32,40,IBM
2025-11-21,9:35:16.247861781,T,294.57,40,295.32,120,IBM
2025-11-21,9:35:16.248137493,T,294.57,40,295.32,160,IBM
2025-11-21,9:35:16.248152489,T,294.89,40,295.32,160,IBM
2025-11-21,9:35:16.248212677,T,294.57,40,295.32,160,IBM
2025-11-21,9:35:16.248247789,T,294.89,40,295.32,160,IBM
2025-11-21,9:35:17.233653668,T,295.09,40,295.32,160,IBM
2025-11-21,9:35:17.233658600,T,295.09,40,295.32,120,IBM
2025-11-21,9:35:17.248188216,T,294.9,80,295.32,120,IBM
2025-11-21,9:35:17.333656719,T,294.9,40,295.32,120,IBM
2025-11-21,9:35:17.333681799,T,294.57,40,295.32,120,IBM
2025-11-21,9:35:19.358497008,T,294.57,40,295.32,200,IBM
2025-11-21,9:35:19.370199969,T,294.57,40,295.32,160,IBM
2025-11-21,9:35:19.370199969,T,294.57,40,295.32,80,IBM
2025-11-21,9:35:19.370205002,T,294.57,40,295.36,40,IBM
2025-11-21,9:35:19.370225121,T,295.31,80,295.36,40,IBM
2025-11-21,9:35:19.370229938,T,295.31,80,295.66,40,IBM
2025-11-21,9:35:19.370270022,T,295.11,40,295.66,40,IBM
2025-11-21,9:35:19.370295256,T,294.69,40,295.66,40,IBM
2025-11-21,9:35:19.370310183,T,294.69,40,295.65,40,IBM
2025-11-21,9:35:19.370525701,T,294.57,80,295.65,40,IBM
2025-11-21,9:35:19.370826455,T,295.11,40,295.65,40,IBM
2025-11-21,9:35:19.372009230,T,295.27,40,295.65,40,IBM
2025-11-21,9:35:19.379567227,T,295.11,40,295.65,40,IBM
2025-11-21,9:35:19.383907549,T,295.11,40,295.9,40,IBM
2025-11-21,9:35:19.383937564,T,295.27,40,295.9,40,IBM
2025-11-21,9:35:19.627577606,T,295.11,40,295.9,40,IBM
2025-11-21,9:35:20.370631599,T,295.11,40,295.77,80,IBM
2025-11-21,9:35:20.548535056,T,294.6,160,295.77,80,IBM
2025-11-21,9:35:21.378044853,T,294.6,160,295.71,40,IBM
2025-11-21,9:35:21.378811586,T,294.6,160,295.71,80,IBM
2025-11-21,9:35:21.587874280,T,294.82,40,295.71,80,IBM
2025-11-21,9:35:21.976820262,T,294.82,40,295.7,40,IBM
2025-11-21,9:35:21.976865300,T,294.82,40,295.7,80,IBM
2025-11-21,9:35:21.976890388,T,294.82,40,295.7,160,IBM
2025-11-21,9:35:21.977582069,T,294.82,40,295.7,200,IBM
2025-11-21,9:35:22.543203597,T,294.69,40,295.7,200,IBM
2025-11-21,9:35:25.165055150,T,294.69,40,295.7,280,IBM
2025-11-21,9:35:25.580353857,T,294.69,40,295.7,200,IBM
2025-11-21,9:35:25.580479221,T,294.69,40,295.44,40,IBM
2025-11-21,9:35:25.580484346,T,294.69,40,295.44,80,IBM
2025-11-21,9:35:25.580729780,T,294.6,160,295.44,80,IBM
2025-11-21,9:35:25.580980433,T,295.09,80,295.44,80,IBM
2025-11-21,9:35:25.581226015,T,295.09,80,295.44,120,IBM
2025-11-21,9:35:25.601804904,T,295.09,80,295.44,80,IBM
2025-11-21,9:35:26.034384815,T,295.09,80,295.38,40,IBM
2025-11-21,9:35:26.034389810,T,295.09,80,295.38,80,IBM
2025-11-21,9:35:26.034419905,T,295.09,80,295.38,120,IBM
2025-11-21,9:35:26.034981165,T,295.09,80,295.38,160,IBM
2025-11-21,9:35:26.034991143,T,295.09,40,295.38,160,IBM
2025-11-21,9:35:26.034991143,T,295.09,40,295.38,120,IBM
2025-11-21,9:35:26.034991143,T,295.09,40,295.38,160,IBM
2025-11-21,9:35:26.034996299,T,295.09,40,295.28,40,IBM
2025-11-21,9:35:26.035001188,T,295.09,40,295.28,80,IBM
2025-11-21,9:35:26.035011193,T,294.6,160,295.28,80,IBM
2025-11-21,9:35:26.035031343,T,294.6,160,295.19,40,IBM
2025-11-21,9:35:26.035066449,T,294.6,160,295.19,80,IBM
2025-11-21,9:35:26.035076387,T,294.6,160,295.19,160,IBM
2025-11-21,9:35:26.035317002,T,294.6,160,295.18,40,IBM
2025-11-21,9:35:26.035427266,T,294.6,160,295.17,40,IBM
2025-11-21,9:35:26.035462356,T,294.6,160,295.17,120,IBM
2025-11-21,9:35:26.052342572,T,294.6,160,295.14,40,IBM
2025-11-21,9:35:26.598257161,T,294.57,40,295.14,40,IBM
2025-11-21,9:35:27.380960380,T,294.57,40,295.13,40,IBM
2025-11-21,9:35:27.381000467,T,294.57,40,295.13,80,IBM
2025-11-21,9:35:27.381025501,T,294.57,40,295.13,160,IBM
2025-11-21,9:35:30.940845264,T,294.57,40,295.13,200,IBM
2025-11-21,9:35:30.941090805,T,294.57,40,295.0,40,IBM
2025-11-21,9:35:30.941170959,T,294.57,40,295.0,80,IBM
2025-11-21,9:35:30.941251228,T,294.57,40,294.91,40,IBM
2025-11-21,9:35:30.999645220,T,294.57,40,294.89,40,IBM
2025-11-21,9:35:31.804867108,T,294.57,80,294.89,40,IBM
2025-11-21,9:35:31.804917256,T,294.57,80,294.91,80,IBM
2025-11-21,9:35:31.804922379,T,294.57,80,294.91,40,IBM
2025-11-21,9:35:31.804922379,T,294.57,80,295.0,80,IBM
2025-11-21,9:35:31.804947287,T,294.73,40,295.0,80,IBM
2025-11-21,9:35:31.804957237,T,294.73,40,295.0,40,IBM
2025-11-21,9:35:31.819482204,T,294.58,40,295.0,40,IBM
2025-11-21,9:35:31.832512923,T,294.58,40,294.99,40,IBM
2025-11-21,9:35:31.846260598,T,294.58,40,294.98,40,IBM
2025-11-21,9:35:31.868924596,T,294.58,40,294.97,40,IBM
2025-11-21,9:35:31.906087987,T,294.57,40,294.97,40,IBM
2025-11-21,9:35:32.351067367,T,294.57,40,294.96,80,IBM
2025-11-21,9:35:32.351107519,T,294.57,40,294.96,120,IBM
2025-11-21,9:35:32.351132447,T,294.57,40,294.96,200,IBM
2025-11-21,9:35:33.491843158,T,294.57,40,294.95,80,IBM
2025-11-21,9:35:33.491878243,T,294.57,40,294.95,120,IBM
2025-11-21,9:35:34.024801907,T,294.57,40,294.95,40,IBM
2025-11-21,9:35:34.026841773,T,294.57,40,294.96,200,IBM
2025-11-21,9:35:35.938091759,T,294.57,40,294.95,40,IBM
2025-11-21,9:35:35.938131833,T,294.57,40,294.95,80,IBM
2025-11-21,9:35:38.029746118,T,294.57,40,294.95,160,IBM
2025-11-21,9:35:38.718049749,T,294.57,40,294.95,240,IBM
2025-11-21,9:35:38.718099835,T,294.57,40,294.84,40,IBM
2025-11-21,9:35:38.718245202,T,294.5,40,294.84,40,IBM
2025-11-21,9:35:38.718736403,T,294.5,40,294.84,80,IBM
2025-11-21,9:35:38.722274885,T,294.35,40,294.84,80,IBM
2025-11-21,9:35:38.747574980,T,294.35,40,294.84,40,IBM
2025-11-21,9:35:38.965674551,T,294.35,40,294.84,80,IBM
2025-11-21,9:35:38.965689289,T,294.35,40,294.79,40,IBM
2025-11-21,9:35:38.965694234,T,294.35,40,294.67,40,IBM
2025-11-21,9:35:38.975212028,T,294.1,240,294.67,40,IBM
2025-11-21,9:35:38.975517657,T,294.1,240,294.67,80,IBM
2025-11-21,9:35:38.975808472,T,294.1,40,294.67,80,IBM
2025-11-21,9:35:38.976339669,T,294.1,40,294.66,40,IBM
2025-11-21,9:35:38.982905277,T,294.1,40,294.82,40,IBM
2025-11-21,9:35:39.066980369,T,294.1,40,294.83,40,IBM
2025-11-21,9:35:39.185682962,T,293.97,40,294.83,40,IBM
2025-11-21,9:35:40.590196665,T,293.97,40,294.59,40,IBM
2025-11-21,9:35:40.590266857,T,293.97,40,294.59,120,IBM
2025-11-21,9:35:41.755631026,T,293.88,240,294.59,120,IBM
2025-11-21,9:35:41.755646060,T,294.19,40,294.59,120,IBM
2025-11-21,9:35:41.759810981,T,293.88,240,294.59,120,IBM
2025-11-21,9:35:45.521636492,T,294.12,40,294.59,120,IBM
2025-11-21,9:35:46.154703559,T,294.12,80,294.59,120,IBM
2025-11-21,9:35:46.994853657,T,294.12,120,294.59,120,IBM
2025-11-21,9:35:47.684044673,T,294.12,120,294.59,80,IBM
2025-11-21,9:35:47.684044673,T,294.12,120,294.61,40,IBM
2025-11-21,9:35:47.684049292,T,294.12,120,294.95,120,IBM
2025-11-21,9:35:47.684059336,T,294.12,80,294.95,120,IBM
2025-11-21,9:35:47.684059336,T,294.34,40,294.95,120,IBM
2025-11-21,9:35:47.684064294,T,294.59,80,294.95,120,IBM
2025-11-21,9:35:47.684746043,T,294.46,40,294.95,120,IBM
2025-11-21,9:35:47.684765959,T,294.35,40,294.95,120,IBM
2025-11-21,9:35:47.684961416,T,294.46,40,294.95,120,IBM
2025-11-21,9:35:47.690178961,T,294.46,40,294.73,40,IBM
2025-11-21,9:35:47.690228972,T,294.46,40,294.73,120,IBM
2025-11-21,9:35:47.695235991,T,294.35,40,294.73,120,IBM
2025-11-21,9:35:47.695255950,T,293.88,240,294.73,120,IBM
2025-11-21,9:35:53.520929529,T,293.88,240,294.73,40,IBM
2025-11-21,9:35:53.521240306,T,294.09,40,294.73,40,IBM
2025-11-21,9:35:53.529344509,T,293.88,240,294.73,40,IBM
2025-11-21,9:35:53.531594854,T,294.41,40,294.73,40,IBM
2025-11-21,9:35:53.531805455,T,294.41,80,294.73,40,IBM
2025-11-21,9:35:53.532015974,T,294.41,120,294.73,40,IBM
2025-11-21,9:35:53.958872018,T,294.41,80,294.73,40,IBM
2025-11-21,9:35:54.886650757,T,294.5,40,294.73,40,IBM
2025-11-21,9:35:54.886670749,T,294.5,40,294.73,120,IBM
2025-11-21,9:35:54.887096769,T,293.88,240,294.73,120,IBM
2025-11-21,9:35:58.114620281,T,293.88,240,294.73,40,IBM
2025-11-21,9:35:59.058908226,T,293.88,240,294.95,120,IBM
2025-11-21,9:35:59.058933295,T,294.09,40,294.95,120,IBM
2025-11-21,9:35:59.058953304,T,294.5,40,294.95,120,IBM
2025-11-21,9:35:59.059018684,T,294.47,40,294.95,120,IBM
2025-11-21,9:35:59.059023475,T,294.61,40,294.95,120,IBM
2025-11-21,9:35:59.060025852,T,294.5,40,294.95,120,IBM
2025-11-21,9:35:59.060171232,T,294.61,40,294.95,120,IBM
2025-11-21,9:35:59.068205333,T,294.5,40,294.95,120,IBM
2025-11-21,9:35:59.070375621,T,294.09,40,294.95,120,IBM
2025-11-21,9:35:59.072680958,T,294.31,40,294.95,120,IBM
2025-11-21,9:35:59.073467930,T,293.88,240,294.95,120,IBM
2025-11-21,9:35:59.814973407,T,293.88,40,294.95,120,IBM
2025-11-21,9:35:59.814973407,T,294.09,160,294.95,120,IBM
2025-11-21,9:35:59.854622422,T,294.67,40,294.95,120,IBM
2025-11-21,9:35:59.854682686,T,294.67,40,294.95,200,IBM
2025-11-21,9:35:59.854918127,T,294.67,40,294.95,120,IBM
2025-11-21,9:35:59.855043482,T,294.67,80,294.95,120,IBM
2025-11-21,9:36:00.018016818,T,294.67,80,294.95,80,IBM
2025-11-21,9:36:00.018512601,T,294.67,40,294.95,80,IBM
2025-11-21,9:36:00.554142786,T,294.67,40,295.37,40,IBM
2025-11-21,9:36:00.557370467,T,294.67,80,295.37,40,IBM
2025-11-21,9:36:01.522277509,T,294.67,40,295.37,40,IBM
2025-11-21,9:36:01.759286753,T,294.09,160,295.37,40,IBM
2025-11-21,9:36:03.471978988,T,294.09,200,295.37,40,IBM
2025-11-21,9:36:03.473347161,T,294.09,160,295.37,40,IBM
2025-11-21,9:36:03.473382232,T,294.09,160,295.11,80,IBM
2025-11-21,9:36:03.487916846,T,294.09,160,295.36,40,IBM
2025-11-21,9:36:03.573390384,T,294.09,160,295.37,40,IBM
2025-11-21,9:36:03.935993594,T,294.09,160,294.97,40,IBM
2025-11-21,9:36:04.236814735,T,294.09,160,295.37,40,IBM
2025-11-21,9:36:04.237741894,T,294.97,40,295.37,40,IBM
2025-11-21,9:36:04.237807100,T,294.09,160,295.37,40,IBM
2025-11-21,9:36:04.238012589,T,294.09,160,295.37,80,IBM
2025-11-21,9:36:04.238027574,T,294.09,160,295.36,40,IBM
2025-11-21,9:36:04.238067690,T,294.78,40,295.36,40,IBM
2025-11-21,9:36:04.238152915,T,294.09,160,295.36,40,IBM
2025-11-21,9:36:04.238177987,T,294.97,40,295.36,40,IBM
2025-11-21,9:36:04.238208027,T,294.09,160,295.36,40,IBM
2025-11-21,9:36:04.238283276,T,294.78,40,295.36,40,IBM
2025-11-21,9:36:04.238313317,T,294.78,80,295.36,40,IBM
2025-11-21,9:36:04.238709324,T,294.78,120,295.36,40,IBM
2025-11-21,9:36:04.243124703,T,294.78,160,295.36,40,IBM
2025-11-21,9:36:04.248322066,T,294.78,120,295.36,40,IBM
2025-11-21,9:36:04.249299459,T,294.78,160,295.36,40,IBM
2025-11-21,9:36:04.337935499,T,294.78,160,295.44,40,IBM
2025-11-21,9:36:05.223989731,T,294.78,120,295.44,40,IBM
2025-11-21,9:36:06.151618046,T,294.78,80,295.44,40,IBM
2025-11-21,9:36:06.151628102,T,294.78,40,295.44,40,IBM
2025-11-21,9:36:06.151658145,T,294.33,160,295.44,40,IBM
2025-11-21,9:36:06.151668241,T,294.33,160,295.16,40,IBM
2025-11-21,9:36:06.151808540,T,294.33,160,295.16,120,IBM
2025-11-21,9:36:06.461931796,T,294.33,160,295.16,80,IBM
2025-11-21,9:36:08.543702602,T,294.33,160,295.16,120,IBM
2025-11-21,9:36:09.423893120,T,294.33,160,295.16,200,IBM
2025-11-21,9:36:10.040345669,T,294.45,40,295.16,200,IBM
2025-11-21,9:36:10.491910639,T,294.45,40,295.16,160,IBM
2025-11-21,9:36:11.031164416,T,294.45,40,295.15,80,IBM
2025-11-21,9:36:11.031234636,T,294.45,40,295.15,160,IBM
2025-11-21,9:36:11.232318278,T,294.45,40,295.14,40,IBM
2025-11-21,9:36:11.232373449,T,294.45,40,295.14,120,IBM
2025-11-21,9:36:11.433156350,T,294.45,40,295.14,80,IBM
2025-11-21,9:36:11.636134614,T,294.45,40,295.14,120,IBM
2025-11-21,9:36:11.674836735,T,294.45,40,295.13,40,IBM
2025-11-21,9:36:11.674906842,T,294.45,40,295.13,120,IBM
2025-11-21,9:36:11.725482330,T,294.45,40,295.13,160,IBM
2025-11-21,9:36:11.725527387,T,294.45,40,295.13,120,IBM
2025-11-21,9:36:11.725532457,T,294.45,40,294.97,40,IBM
2025-11-21,9:36:11.725557443,T,294.45,40,294.97,80,IBM
2025-11-21,9:36:11.725767988,T,294.33,160,294.97,80,IBM
2025-11-21,9:36:11.725818232,T,294.33,160,294.97,120,IBM
2025-11-21,9:36:11.725888280,T,294.33,160,294.86,80,IBM
2025-11-21,9:36:11.731050477,T,294.57,40,294.86,80,IBM
2025-11-21,9:36:11.731065518,T,294.57,40,294.86,40,IBM
2025-11-21,9:36:11.787915851,T,294.5,40,294.86,40,IBM
2025-11-21,9:36:13.956307772,T,294.5,40,294.97,40,IBM
2025-11-21,9:36:13.956342854,T,294.58,40,294.97,40,IBM
2025-11-21,9:36:13.956352994,T,294.68,40,294.97,40,IBM
2025-11-21,9:36:13.956839012,T,294.7,40,294.97,40,IBM
2025-11-21,9:36:13.956859087,T,294.7,40,295.13,40,IBM
2025-11-21,9:36:13.961024111,T,294.68,40,295.13,40,IBM
2025-11-21,9:36:13.961044020,T,294.51,40,295.13,40,IBM
2025-11-21,9:36:14.621401042,T,294.5,40,295.13,40,IBM
2025-11-21,9:36:14.621416340,T,294.5,40,295.16,120,IBM
2025-11-21,9:36:14.621451258,T,294.58,40,295.16,120,IBM
2025-11-21,9:36:14.621461201,T,294.58,40,295.05,40,IBM
2025-11-21,9:36:15.172207353,T,294.58,40,295.04,40,IBM
2025-11-21,9:36:15.172237482,T,294.5,40,295.04,40,IBM
2025-11-21,9:36:15.172272528,T,294.5,40,295.04,120,IBM
2025-11-21,9:36:20.076036535,T,294.58,40,295.04,120,IBM
2025-11-21,9:36:20.172811914,T,294.5,40,295.04,120,IBM
2025-11-21,9:36:25.702029788,T,294.41,40,295.04,120,IBM
2025-11-21,9:36:28.321009768,T,294.57,40,295.04,120,IBM
2025-11-21,9:36:28.321385610,T,294.57,40,295.04,40,IBM
2025-11-21,9:36:28.321631163,T,294.41,40,295.04,40,IBM
2025-11-21,9:36:35.764800731,T,294.41,40,295.04,120,IBM
2025-11-21,9:36:36.268524856,T,294.41,40,295.04,40,IBM
2025-11-21,9:36:36.268800599,T,294.41,80,295.04,40,IBM
2025-11-21,9:36:36.268805928,T,294.58,40,295.04,40,IBM
2025-11-21,9:36:36.268835771,T,294.57,40,295.04,40,IBM
2025-11-21,9:36:36.268835771,T,294.57,80,295.04,40,IBM
2025-11-21,9:36:36.269206557,T,294.76,40,295.04,40,IBM
2025-11-21,9:36:36.285756259,T,294.58,40,295.04,40,IBM
2025-11-21,9:36:36.295348740,T,294.58,80,295.04,40,IBM
2025-11-21,9:36:36.295358783,T,294.58,120,295.04,40,IBM
2025-11-21,9:36:36.305327542,T,294.58,120,295.03,80,IBM
2025-11-21,9:36:36.314198747,T,294.58,120,295.03,40,IBM
2025-11-21,9:36:36.507313378,T,294.58,80,295.03,40,IBM
2025-11-21,9:36:37.598982205,T,294.58,80,295.04,40,IBM
2025-11-21,9:36:37.672938292,T,294.58,120,295.04,40,IBM
2025-11-21,9:36:37.672983452,T,294.76,40,295.04,40,IBM
2025-11-21,9:36:37.672988451,T,294.86,40,295.04,40,IBM
2025-11-21,9:36:37.673855393,T,294.86,80,295.04,40,IBM
2025-11-21,9:36:37.674211354,T,294.86,40,295.04,40,IBM
2025-11-21,9:36:38.519603978,T,294.76,40,295.04,40,IBM
2025-11-21,9:36:39.373722332,T,294.76,80,295.04,40,IBM
2025-11-21,9:36:39.610616200,T,294.76,40,295.04,40,IBM
2025-11-21,9:36:52.550791765,T,294.76,40,295.37,40,IBM
2025-11-21,9:36:52.550851826,T,294.95,40,295.37,40,IBM
2025-11-21,9:36:52.550881922,T,294.95,40,295.44,40,IBM
2025-11-21,9:36:52.553272563,T,294.76,40,295.44,40,IBM
2025-11-21,9:36:52.554244882,T,294.95,40,295.44,40,IBM
2025-11-21,9:36:52.556690770,T,294.76,40,295.44,40,IBM
2025-11-21,9:36:53.651837755,T,294.76,40,295.16,80,IBM
2025-11-21,9:36:53.839699967,T,294.76,40,295.44,40,IBM
2025-11-21,9:36:54.882537385,T,294.76,80,295.44,40,IBM
2025-11-21,9:36:55.152520249,T,294.76,40,295.44,40,IBM
2025-11-21,9:36:55.246939930,T,294.76,40,295.14,80,IBM
2025-11-21,9:36:55.456138034,T,294.76,40,295.14,40,IBM
2025-11-21,9:36:56.299806509,T,294.76,40,295.12,40,IBM
2025-11-21,9:36:56.299871652,T,294.76,40,295.12,120,IBM
2025-11-21,9:36:56.303710781,T,294.76,40,295.04,40,IBM
2025-11-21,9:36:56.303730840,T,294.76,40,295.04,80,IBM
2025-11-21,9:36:56.308792841,T,294.76,40,295.04,40,IBM
2025-11-21,9:36:57.509646648,T,294.76,40,295.12,120,IBM
2025-11-21,9:36:57.509692240,T,294.76,40,295.12,40,IBM
2025-11-21,9:36:58.545191859,T,294.76,40,295.12,80,IBM
2025-11-21,9:36:58.549196386,T,294.76,40,295.12,40,IBM
2025-11-21,9:37:02.861657854,T,294.82,40,295.12,40,IBM
2025-11-21,9:37:02.865993190,T,294.76,40,295.12,40,IBM
2025-11-21,9:37:04.169275556,T,294.76,40,295.04,80,IBM
2025-11-21,9:37:04.294879626,T,294.76,40,295.12,40,IBM
2025-11-21,9:37:07.683235992,T,294.76,80,295.12,40,IBM
2025-11-21,9:37:09.944995288,T,294.76,40,295.12,40,IBM
2025-11-21,9:37:13.651534437,T,294.91,40,295.12,40,IBM
2025-11-21,9:37:13.651584486,T,294.91,40,295.38,40,IBM
2025-11-21,9:37:13.651604547,T,294.91,40,295.44,40,IBM
2025-11-21,9:37:13.651634973,T,294.92,40,295.44,40,IBM
2025-11-21,9:37:13.651634973,T,294.98,40,295.44,40,IBM
2025-11-21,9:37:13.652170870,T,294.92,40,295.44,40,IBM
2025-11-21,9:37:13.655719382,T,294.76,80,295.44,40,IBM
2025-11-21,9:37:13.664560379,T,294.94,40,295.44,40,IBM
2025-11-21,9:37:13.665277169,T,294.98,40,295.44,40,IBM
2025-11-21,9:37:13.665367368,T,295.05,40,295.44,40,IBM
2025-11-21,9:37:13.665597989,T,294.96,40,295.44,40,IBM
2025-11-21,9:37:13.665627954,T,294.94,40,295.44,40,IBM
2025-11-21,9:37:13.665648039,T,294.94,40,295.38,40,IBM
2025-11-21,9:37:13.665788405,T,294.82,40,295.38,40,IBM
2025-11-21,9:37:13.665818473,T,294.76,40,295.38,40,IBM
2025-11-21,9:37:13.666139317,T,294.76,40,295.38,120,IBM
2025-11-21,9:37:13.693098424,T,294.76,40,295.37,40,IBM
2025-11-21,9:37:14.143981650,T,294.76,40,295.35,40,IBM
2025-11-21,9:37:14.144016756,T,294.76,40,295.35,80,IBM
2025-11-21,9:37:14.144046909,T,294.76,40,295.35,160,IBM
2025-11-21,9:37:14.620762029,T,294.76,40,295.33,40,IBM
2025-11-21,9:37:14.651755551,T,294.76,40,295.31,40,IBM
2025-11-21,9:37:15.249979683,T,294.76,40,295.21,40,IBM
2025-11-21,9:37:16.047187451,T,294.76,40,295.21,80,IBM
2025-11-21,9:37:17.082095940,T,294.76,40,295.21,40,IBM
2025-11-21,9:37:19.352055055,T,294.76,40,295.35,80,IBM
2025-11-21,9:37:19.352085205,T,295.04,40,295.35,80,IBM
2025-11-21,9:37:19.352095134,T,295.11,40,295.35,80,IBM
2025-11-21,9:37:19.352756722,T,295.11,40,295.35,40,IBM
2025-11-21,9:37:20.345169315,T,294.76,40,295.35,40,IBM
2025-11-21,9:37:21.002073014,T,294.76,40,295.38,120,IBM
2025-11-21,9:37:21.543436733,T,294.76,40,295.3,40,IBM
2025-11-21,9:37:21.543461854,T,294.76,40,295.3,80,IBM
2025-11-21,9:37:21.669181205,T,294.76,40,295.24,40,IBM
2025-11-21,9:37:21.669216154,T,294.76,40,295.24,80,IBM
2025-11-21,9:37:21.669236263,T,294.76,40,295.24,160,IBM
2025-11-21,9:37:22.372656116,T,294.76,40,295.22,40,IBM
2025-11-21,9:37:22.372665866,T,294.76,40,295.22,80,IBM
2025-11-21,9:37:23.210761179,T,294.76,40,295.22,40,IBM
2025-11-21,9:37:23.220274104,T,294.76,40,295.19,40,IBM
2025-11-21,9:37:23.220274104,T,294.76,40,295.19,80,IBM
2025-11-21,9:37:23.321514811,T,294.76,40,295.19,120,IBM
2025-11-21,9:37:23.321850832,T,294.82,40,295.19,120,IBM
2025-11-21,9:37:23.321850832,T,294.82,40,295.19,80,IBM
2025-11-21,9:37:23.322401941,T,294.82,40,295.19,120,IBM
2025-11-21,9:37:23.322472175,T,294.76,40,295.19,120,IBM
2025-11-21,9:37:23.345381623,T,294.76,40,295.19,80,IBM
2025-11-21,9:37:23.357490419,T,294.76,40,295.11,40,IBM
2025-11-21,9:37:24.901170321,T,294.76,40,295.09,40,IBM
2025-11-21,9:37:24.901240586,T,294.76,40,295.09,120,IBM
2025-11-21,9:37:25.331995986,T,294.76,40,295.08,40,IBM
2025-11-21,9:37:29.278506042,T,294.76,40,295.09,120,IBM
2025-11-21,9:37:30.762178245,T,294.82,40,295.09,120,IBM
2025-11-21,9:37:30.762213314,T,294.82,40,295.09,80,IBM
2025-11-21,9:37:30.762238447,T,294.82,40,295.3,40,IBM
2025-11-21,9:37:30.762248414,T,294.93,40,295.3,40,IBM
2025-11-21,9:37:30.762258409,T,295.04,80,295.3,40,IBM
2025-11-21,9:37:30.762353747,T,294.93,40,295.3,40,IBM
2025-11-21,9:37:30.763957504,T,294.82,40,295.3,40,IBM
2025-11-21,9:37:30.767099948,T,294.82,40,295.15,40,IBM
2025-11-21,9:37:30.767145130,T,294.82,40,295.15,120,IBM
2025-11-21,9:37:33.267452241,T,294.82,40,295.15,80,IBM
2025-11-21,9:37:33.267452241,T,294.82,40,295.38,120,IBM
2025-11-21,9:37:33.267472656,T,294.98,40,295.38,120,IBM
2025-11-21,9:37:33.267517566,T,294.83,40,295.38,120,IBM
2025-11-21,9:37:33.267742889,T,294.88,40,295.38,120,IBM
2025-11-21,9:37:33.267778077,T,294.99,40,295.38,120,IBM
2025-11-21,9:37:33.269346796,T,294.83,40,295.38,120,IBM
2025-11-21,9:37:33.272123346,T,294.82,40,295.38,120,IBM
2025-11-21,9:37:33.282588324,T,294.99,40,295.38,120,IBM
2025-11-21,9:37:33.293133364,T,294.82,40,295.38,120,IBM
2025-11-21,9:37:35.005961023,T,294.88,40,295.38,120,IBM
2025-11-21,9:37:35.014802084,T,294.82,40,295.38,120,IBM
2025-11-21,9:37:35.250969280,T,294.84,40,295.38,120,IBM
2025-11-21,9:37:35.260577167,T,294.82,80,295.38,120,IBM
2025-11-21,9:37:35.270169977,T,294.82,40,295.38,120,IBM
2025-11-21,9:37:35.278825647,T,294.84,40,295.38,120,IBM
2025-11-21,9:37:35.287546320,T,294.82,40,295.38,120,IBM
2025-11-21,9:37:35.941112265,T,294.82,80,295.38,120,IBM
2025-11-21,9:37:35.941272584,T,294.84,40,295.38,120,IBM
2025-11-21,9:37:35.950063534,T,294.82,80,295.38,120,IBM
2025-11-21,9:37:35.960919374,T,294.82,40,295.38,120,IBM
2025-11-21,9:37:35.985532979,T,294.99,40,295.38,120,IBM
2025-11-21,9:37:35.985548008,T,295.11,40,295.38,120,IBM
2025-11-21,9:37:35.986104276,T,295.11,40,295.38,40,IBM
2025-11-21,9:37:35.986314876,T,295.11,40,295.62,40,IBM
2025-11-21,9:37:35.986334927,T,295.21,40,295.62,40,IBM
2025-11-21,9:37:35.986354960,T,295.21,40,295.64,160,IBM
2025-11-21,9:37:35.989407226,T,294.99,40,295.64,160,IBM
2025-11-21,9:37:35.989447290,T,294.99,40,295.59,80,IBM
2025-11-21,9:37:35.990640199,T,295.21,40,295.59,80,IBM
2025-11-21,9:37:35.996363683,T,295.21,40,295.85,40,IBM
2025-11-21,9:37:36.125100227,T,294.99,40,295.85,40,IBM
2025-11-21,9:37:36.144481359,T,295.08,40,295.85,40,IBM
2025-11-21,9:37:36.152640746,T,294.99,40,295.85,40,IBM
2025-11-21,9:37:36.180457041,T,295.09,40,295.85,40,IBM
2025-11-21,9:37:36.189483494,T,294.99,40,295.85,40,IBM
2025-11-21,9:37:36.453632300,T,295.08,40,295.85,40,IBM
2025-11-21,9:37:37.274361196,T,295.08,40,295.43,200,IBM
2025-11-21,9:37:37.274426323,T,295.08,40,295.43,280,IBM
2025-11-21,9:37:37.760618788,T,295.08,40,295.43,240,IBM
2025-11-21,9:37:37.760634383,T,295.08,40,295.43,80,IBM
2025-11-21,9:37:37.760634383,T,295.08,40,295.85,40,IBM
2025-11-21,9:37:37.760658839,T,295.21,40,295.85,40,IBM
2025-11-21,9:37:37.760664599,T,295.22,40,295.85,40,IBM
2025-11-21,9:37:37.760668933,T,295.22,80,295.85,40,IBM
2025-11-21,9:37:37.775198500,T,295.22,40,295.85,40,IBM
2025-11-21,9:37:37.788064107,T,295.23,40,295.85,40,IBM
2025-11-21,9:37:38.193389098,T,295.23,40,295.6,40,IBM
2025-11-21,9:37:38.714875573,T,295.23,80,295.6,40,IBM
2025-11-21,9:37:39.368386316,T,295.23,40,295.6,40,IBM
2025-11-21,9:37:39.368596734,T,295.23,80,295.6,40,IBM
2025-11-21,9:37:40.952372157,T,295.24,40,295.6,40,IBM
2025-11-21,9:37:40.952863412,T,295.24,80,295.6,40,IBM
2025-11-21,9:37:40.953119074,T,295.3,40,295.6,40,IBM
2025-11-21,9:37:40.953239246,T,295.3,40,295.6,120,IBM
2025-11-21,9:37:40.970465360,T,295.3,80,295.6,120,IBM
2025-11-21,9:37:41.078452365,T,295.3,40,295.6,120,IBM
2025-11-21,9:37:41.278278094,T,295.3,80,295.6,120,IBM
2025-11-21,9:37:42.718932755,T,295.3,80,295.6,40,IBM
2025-11-21,9:37:42.905642247,T,295.3,80,295.85,40,IBM
2025-11-21,9:37:42.976250347,T,295.3,40,295.85,40,IBM
2025-11-21,9:37:43.544322633,T,295.3,40,295.66,40,IBM
2025-11-21,9:37:44.967495667,T,295.21,40,295.66,40,IBM
2025-11-21,9:37:44.968954234,T,295.24,40,295.66,40,IBM
2025-11-21,9:37:45.552122399,T,295.24,40,295.54,80,IBM
2025-11-21,9:37:46.894192466,T,295.24,40,295.52,40,IBM
2025-11-21,9:37:46.894197490,T,295.21,40,295.52,40,IBM
2025-11-21,9:37:46.894232563,T,295.21,40,295.46,40,IBM
2025-11-21,9:37:46.894238021,T,294.99,40,295.46,40,IBM
2025-11-21,9:37:46.894297695,T,294.99,40,295.41,80,IBM
2025-11-21,9:37:46.894854067,T,294.99,40,295.41,40,IBM
2025-11-21,9:37:46.894874199,T,294.99,40,295.41,80,IBM
2025-11-21,9:37:46.894884095,T,294.99,40,295.39,40,IBM
2025-11-21,9:37:46.894899298,T,294.99,40,295.39,80,IBM
2025-11-21,9:37:46.894899298,T,294.99,40,295.39,120,IBM
2025-11-21,9:37:46.894914212,T,294.99,40,295.39,80,IBM
2025-11-21,9:37:46.894944189,T,294.99,40,295.39,40,IBM
2025-11-21,9:37:46.894944189,T,294.99,40,295.32,40,IBM
2025-11-21,9:37:46.894964271,T,294.99,40,295.32,80,IBM
2025-11-21,9:37:46.894999330,T,294.99,40,295.32,40,IBM
2025-11-21,9:37:46.895029396,T,294.99,40,295.29,40,IBM
2025-11-21,9:37:46.994265643,T,294.82,40,295.29,40,IBM
2025-11-21,9:37:47.032150941,T,294.89,40,295.29,40,IBM
2025-11-21,9:37:47.040430592,T,294.82,40,295.29,40,IBM
2025-11-21,9:37:47.158581918,T,294.88,40,295.29,40,IBM
2025-11-21,9:37:47.166881699,T,294.82,40,295.29,40,IBM
2025-11-21,9:37:47.429256268,T,294.92,40,295.29,40,IBM
2025-11-21,9:37:47.471181165,T,295.05,40,295.29,40,IBM
2025-11-21,9:37:47.471231247,T,295.05,40,295.54,120,IBM
2025-11-21,9:37:47.659394157,T,294.92,40,295.54,120,IBM
2025-11-21,9:37:47.669448075,T,294.82,40,295.54,120,IBM
2025-11-21,9:37:47.669808903,T,294.96,40,295.54,120,IBM
2025-11-21,9:37:47.678484598,T,294.82,40,295.54,120,IBM
2025-11-21,9:37:48.242131352,T,294.96,40,295.54,120,IBM
2025-11-21,9:37:48.250476310,T,294.82,40,295.54,120,IBM
2025-11-21,9:37:48.259903675,T,294.92,40,295.54,120,IBM
2025-11-21,9:37:48.268829909,T,294.82,40,295.54,120,IBM
2025-11-21,9:37:48.574958690,T,294.82,40,295.41,40,IBM
2025-11-21,9:37:48.934399385,T,295.05,40,295.41,40,IBM
2025-11-21,9:37:48.934419412,T,295.14,40,295.41,40,IBM
2025-11-21,9:37:48.935191220,T,295.05,40,295.41,40,IBM
2025-11-21,9:37:48.935236412,T,294.82,40,295.41,40,IBM
2025-11-21,9:37:48.935386763,T,295.14,40,295.41,40,IBM
2025-11-21,9:37:48.944433332,T,294.82,40,295.41,40,IBM
2025-11-21,9:37:48.955579771,T,295.14,40,295.41,40,IBM
2025-11-21,9:37:49.507744433,T,294.82,40,295.41,40,IBM
2025-11-21,9:37:50.387589330,T,295.16,40,295.41,40,IBM
2025-11-21,9:37:50.387699205,T,295.16,80,295.41,40,IBM
2025-11-21,9:37:50.388120266,T,295.16,80,295.41,120,IBM
2025-11-21,9:37:50.388150303,T,295.16,40,295.41,120,IBM
2025-11-21,9:37:50.388370868,T,294.82,40,295.41,120,IBM
2025-11-21,9:37:51.767383718,T,294.82,40,295.41,40,IBM
2025-11-21,9:37:54.450486226,T,294.82,40,295.54,120,IBM
2025-11-21,9:37:54.549181221,T,295.0,40,295.54,120,IBM
2025-11-21,9:37:55.348659448,T,294.82,40,295.54,120,IBM
2025-11-21,9:37:55.654467480,T,294.82,40,295.36,40,IBM
2025-11-21,9:37:57.072152438,T,294.82,40,295.54,120,IBM
2025-11-21,9:37:58.490203130,T,295.01,40,295.54,120,IBM
2025-11-21,9:37:58.490358517,T,295.21,40,295.54,120,IBM
2025-11-21,9:37:58.491135420,T,294.82,40,295.54,120,IBM
2025-11-21,9:37:59.864745433,T,294.82,40,295.33,40,IBM
2025-11-21,9:37:59.864770421,T,294.82,40,295.54,120,IBM
2025-11-21,9:37:59.864910800,T,295.19,40,295.54,120,IBM
2025-11-21,9:37:59.865497231,T,294.82,40,295.54,120,IBM
2025-11-21,9:37:59.866665032,T,294.82,40,295.4,80,IBM
2025-11-21,9:37:59.912644474,T,295.05,40,295.4,80,IBM
2025-11-21,9:37:59.917821817,T,294.82,40,295.4,80,IBM
2025-11-21,9:37:59.922417708,T,295.06,40,295.4,80,IBM
2025-11-21,9:37:59.928261720,T,294.82,40,295.4,80,IBM
2025-11-21,9:37:59.928727699,T,295.05,40,295.4,80,IBM
2025-11-21,9:38:00.432973233,T,295.06,40,295.4,80,IBM
2025-11-21,9:38:00.432978231,T,295.2,40,295.4,80,IBM
2025-11-21,9:38:00.439473681,T,295.2,40,295.54,120,IBM
2025-11-21,9:38:00.479774591,T,295.2,80,295.54,120,IBM
2025-11-21,9:38:00.479779700,T,295.2,120,295.54,120,IBM
2025-11-21,9:38:00.479784642,T,295.2,160,295.54,120,IBM
2025-11-21,9:38:00.479784642,T,295.2,160,295.54,80,IBM
2025-11-21,9:38:00.479945106,T,295.2,120,295.54,80,IBM
2025-11-21,9:38:00.505530915,T,295.2,120,295.6,40,IBM
2025-11-21,9:38:00.505561030,T,295.2,120,295.72,240,IBM
2025-11-21,9:38:00.689819634,T,295.2,80,295.72,240,IBM
2025-11-21,9:38:00.689919999,T,295.2,80,295.72,40,IBM
2025-11-21,9:38:00.689944909,T,295.2,80,295.85,40,IBM
2025-11-21,9:38:00.699743234,T,295.22,40,295.85,40,IBM
2025-11-21,9:38:00.699953805,T,295.22,80,295.85,40,IBM
2025-11-21,9:38:00.927685937,T,295.22,40,295.85,40,IBM
2025-11-21,9:38:00.928347505,T,295.2,80,295.85,40,IBM
2025-11-21,9:38:01.090197770,T,295.21,40,295.85,40,IBM
2025-11-21,9:38:01.099274363,T,295.2,80,295.85,40,IBM
2025-11-21,9:38:01.157177264,T,295.22,40,295.85,40,IBM
2025-11-21,9:38:01.166118518,T,295.2,80,295.85,40,IBM
2025-11-21,9:38:01.914013959,T,295.2,120,295.85,40,IBM
2025-11-21,9:38:01.914780791,T,295.22,40,295.85,40,IBM
2025-11-21,9:38:01.914991376,T,295.22,80,295.85,40,IBM
2025-11-21,9:38:02.098292684,T,295.22,40,295.85,40,IBM
2025-11-21,9:38:02.107218981,T,295.24,40,295.85,40,IBM
2025-11-21,9:38:02.107429448,T,295.24,80,295.85,40,IBM
2025-11-21,9:38:02.117613756,T,295.24,40,295.85,40,IBM
2025-11-21,9:38:02.908731948,T,295.25,40,295.85,40,IBM
2025-11-21,9:38:02.912957045,T,295.25,80,295.85,40,IBM
2025-11-21,9:38:03.568467475,T,295.25,80,295.67,40,IBM
2025-11-21,9:38:03.568888544,T,295.25,120,295.67,40,IBM
2025-11-21,9:38:03.835578365,T,295.25,160,295.67,40,IBM
2025-11-21,9:38:03.835638559,T,295.42,40,295.67,40,IBM
2025-11-21,9:38:03.835849013,T,295.42,40,295.6,40,IBM
2025-11-21,9:38:03.835874132,T,295.42,80,295.6,40,IBM
2025-11-21,9:38:03.835964338,T,295.42,120,295.6,40,IBM
2025-11-21,9:38:03.835974404,T,295.43,40,295.6,40,IBM
2025-11-21,9:38:03.836079654,T,295.46,40,295.6,40,IBM
2025-11-21,9:38:03.836189885,T,295.46,40,295.67,40,IBM
2025-11-21,9:38:03.836189885,T,295.53,40,295.67,40,IBM
2025-11-21,9:38:03.882590288,T,295.53,40,295.66,40,IBM
2025-11-21,9:38:03.882645435,T,295.53,40,295.66,120,IBM
2025-11-21,9:38:04.499894872,T,295.53,40,295.65,80,IBM
2025-11-21,9:38:04.514430018,T,295.43,40,295.65,80,IBM
2025-11-21,9:38:04.514434570,T,295.42,80,295.65,80,IBM
2025-11-21,9:38:04.514499645,T,295.42,80,295.59,40,IBM
2025-11-21,9:38:04.514680075,T,295.42,80,295.59,80,IBM
2025-11-21,9:38:04.514960847,T,295.42,40,295.59,80,IBM
2025-11-21,9:38:04.522779372,T,295.42,40,295.59,40,IBM
2025-11-21,9:38:10.112100367,T,295.42,40,295.61,40,IBM
2025-11-21,9:38:10.112100367,T,295.42,40,295.65,80,IBM
2025-11-21,9:38:10.112135853,T,295.42,80,295.65,80,IBM
2025-11-21,9:38:10.112140422,T,295.43,40,295.65,80,IBM
2025-11-21,9:38:10.112416137,T,295.43,40,295.66,40,IBM
2025-11-21,9:38:10.112451191,T,295.43,40,295.97,40,IBM
2025-11-21,9:38:10.112476225,T,295.53,40,295.97,40,IBM
2025-11-21,9:38:10.112531342,T,295.53,40,296.09,40,IBM
2025-11-21,9:38:10.113077949,T,295.43,40,296.09,40,IBM
2025-11-21,9:38:10.120274774,T,295.42,80,296.09,40,IBM
2025-11-21,9:38:11.638013060,T,295.42,80,295.97,40,IBM
2025-11-21,9:38:12.648994730,T,295.44,40,295.97,40,IBM
2025-11-21,9:38:12.658166584,T,295.42,80,295.97,40,IBM
2025-11-21,9:38:12.667709268,T,295.43,40,295.97,40,IBM
2025-11-21,9:38:12.676830996,T,295.42,80,295.97,40,IBM
2025-11-21,9:38:12.686594283,T,295.45,40,295.97,40,IBM
2025-11-21,9:38:12.878857199,T,295.45,40,295.65,40,IBM
2025-11-21,9:38:12.880094899,T,295.45,40,295.97,40,IBM
2025-11-21,9:38:12.883142176,T,295.42,40,295.97,40,IBM
2025-11-21,9:38:12.883192221,T,295.42,40,295.65,40,IBM
2025-11-21,9:38:12.883192221,T,295.42,40,295.64,40,IBM
2025-11-21,9:38:12.883297534,T,295.42,40,295.64,80,IBM
2025-11-21,9:38:12.883367663,T,295.42,40,295.55,40,IBM
2025-11-21,9:38:12.895837410,T,295.25,40,295.55,40,IBM
2025-11-21,9:38:12.959679382,T,295.25,40,295.54,40,IBM
2025-11-21,9:38:12.959729539,T,295.25,40,295.54,120,IBM
2025-11-21,9:38:13.039354100,T,295.22,80,295.54,120,IBM
2025-11-21,9:38:14.450809327,T,295.22,80,295.46,40,IBM
2025-11-21,9:38:14.451275405,T,295.22,80,295.44,40,IBM
2025-11-21,9:38:14.451425887,T,295.22,80,295.46,80,IBM
2025-11-21,9:38:14.451611235,T,295.22,80,295.44,40,IBM
2025-11-21,9:38:14.451636326,T,295.22,40,295.44,40,IBM
2025-11-21,9:38:14.451701538,T,295.06,80,295.44,40,IBM
2025-11-21,9:38:14.451831795,T,295.06,80,295.46,80,IBM
2025-11-21,9:38:14.451851895,T,295.06,80,295.46,40,IBM
2025-11-21,9:38:14.451861865,T,295.06,80,295.42,40,IBM
2025-11-21,9:38:14.452092443,T,295.06,80,295.41,40,IBM
2025-11-21,9:38:14.452117507,T,295.06,80,295.32,40,IBM
2025-11-21,9:38:14.452328002,T,295.06,160,295.32,40,IBM
2025-11-21,9:38:14.452342950,T,295.06,80,295.32,40,IBM
2025-11-21,9:38:14.452368075,T,295.22,80,295.32,40,IBM
2025-11-21,9:38:14.452794106,T,295.22,80,295.44,40,IBM
2025-11-21,9:38:14.452809742,T,295.06,80,295.44,40,IBM
2025-11-21,9:38:14.452834119,T,295.32,80,295.44,40,IBM
2025-11-21,9:38:14.456322411,T,295.06,80,295.44,40,IBM
2025-11-21,9:38:14.469052813,T,295.06,80,295.46,40,IBM
2025-11-21,9:38:14.706678494,T,295.06,80,295.38,40,IBM
2025-11-21,9:38:14.706738606,T,295.06,80,295.38,120,IBM
2025-11-21,9:38:18.828390503,T,295.21,40,295.38,120,IBM
2025-11-21,9:38:18.828455928,T,295.06,80,295.38,120,IBM
2025-11-21,9:38:18.828520852,T,295.06,80,295.38,160,IBM
2025-11-21,9:38:18.828540893,T,295.06,80,295.3,40,IBM
2025-11-21,9:38:19.387917535,T,295.06,80,295.38,80,IBM
2025-11-21,9:38:19.529008457,T,295.11,40,295.38,80,IBM
2025-11-21,9:38:20.076611948,T,295.06,80,295.38,80,IBM
2025-11-21,9:38:21.187742169,T,295.11,40,295.38,80,IBM
2025-11-21,9:38:21.291313710,T,295.11,40,295.3,40,IBM
2025-11-21,9:38:22.304666052,T,295.11,40,295.3,80,IBM
2025-11-21,9:38:22.504366717,T,295.06,40,295.3,80,IBM
2025-11-21,9:38:22.504371445,T,295.06,40,295.3,120,IBM
2025-11-21,9:38:22.504381565,T,295.06,40,295.3,160,IBM
2025-11-21,9:38:22.504386579,T,295.06,40,295.21,40,IBM
2025-11-21,9:38:22.504421629,T,295.06,40,295.21,80,IBM
2025-11-21,9:38:22.504446631,T,295.06,40,295.21,120,IBM
2025-11-21,9:38:22.504592123,T,295.06,40,295.21,160,IBM
2025-11-21,9:38:22.504592123,T,295.06,40,295.21,200,IBM
2025-11-21,9:38:22.504627134,T,295.06,40,295.16,40,IBM
2025-11-21,9:38:22.504682323,T,295.06,40,295.16,80,IBM
2025-11-21,9:38:22.504847689,T,295.06,40,295.16,40,IBM
2025-11-21,9:38:22.504882736,T,295.12,40,295.16,40,IBM
2025-11-21,9:38:22.504902732,T,295.06,40,295.16,40,IBM
2025-11-21,9:38:22.504917804,T,295.06,40,295.21,160,IBM
2025-11-21,9:38:22.504922875,T,295.06,40,295.15,40,IBM
2025-11-21,9:38:22.504957875,T,295.06,40,295.15,80,IBM
2025-11-21,9:38:22.505033451,T,295.06,40,295.15,160,IBM
2025-11-21,9:38:22.505378894,T,295.0,40,295.15,160,IBM
2025-11-21,9:38:22.505414009,T,294.88,40,295.15,160,IBM
2025-11-21,9:38:22.516620721,T,294.88,40,295.15,120,IBM
2025-11-21,9:38:22.516725983,T,294.88,40,295.15,80,IBM
2025-11-21,9:38:22.534357934,T,295.06,40,295.15,80,IBM
2025-11-21,9:38:22.534838975,T,294.88,40,295.15,80,IBM
2025-11-21,9:38:24.035792318,T,294.88,40,295.12,40,IBM
2025-11-21,9:38:24.035862545,T,294.88,40,295.12,120,IBM
2025-11-21,9:38:24.037696852,T,294.88,40,295.06,40,IBM
2025-11-21,9:38:24.037716937,T,294.82,40,295.06,40,IBM
2025-11-21,9:38:24.037746995,T,294.82,40,295.03,40,IBM
2025-11-21,9:38:24.037837215,T,294.76,40,295.03,40,IBM
2025-11-21,9:38:24.037992801,T,294.73,80,295.03,40,IBM
2025-11-21,9:38:24.038007600,T,294.73,80,295.06,40,IBM
2025-11-21,9:38:24.038042683,T,294.88,40,295.06,40,IBM
2025-11-21,9:38:24.038042683,T,294.88,40,295.12,120,IBM
2025-11-21,9:38:24.038187955,T,294.88,80,295.12,120,IBM
2025-11-21,9:38:24.038208056,T,294.88,40,295.12,120,IBM
2025-11-21,9:38:25.196365185,T,294.88,40,295.06,80,IBM
2025-11-21,9:38:25.274691704,T,294.88,40,295.12,40,IBM
2025-11-21,9:38:25.275523605,T,294.88,80,295.12,40,IBM
2025-11-21,9:38:25.375541788,T,294.88,40,295.12,40,IBM
2025-11-21,9:38:26.042254028,T,294.88,80,295.12,40,IBM
2025-11-21,9:38:29.330196164,T,294.88,80,295.12,120,IBM
2025-11-21,9:38:34.030801371,T,294.88,40,295.12,120,IBM
2025-11-21,9:38:36.341437343,T,294.88,40,295.12,160,IBM
2025-11-21,9:38:37.347763023,T,294.88,40,295.12,120,IBM
2025-11-21,9:38:41.987608402,T,294.88,40,295.0,200,IBM
2025-11-21,9:38:41.987638504,T,294.88,40,295.0,160,IBM
2025-11-21,9:38:41.987658571,T,294.88,40,295.12,120,IBM
2025-11-21,9:38:41.987668553,T,294.88,40,295.0,80,IBM
2025-11-21,9:38:41.987678518,T,294.88,40,295.12,120,IBM
2025-11-21,9:38:41.987683611,T,294.88,80,295.12,120,IBM
2025-11-21,9:38:41.987698565,T,294.88,40,295.12,120,IBM
2025-11-21,9:38:41.987818932,T,294.88,80,295.12,120,IBM
2025-11-21,9:38:41.987899073,T,294.88,40,295.12,120,IBM
2025-11-21,9:38:41.988069460,T,294.82,80,295.12,120,IBM
2025-11-21,9:38:42.290003276,T,294.82,80,295.12,80,IBM
2025-11-21,9:38:43.248028971,T,294.82,80,295.04,40,IBM
2025-11-21,9:38:43.248094095,T,294.82,80,295.04,120,IBM
2025-11-21,9:38:47.014846378,T,294.82,80,295.04,80,IBM
2025-11-21,9:38:47.014861350,T,294.82,80,295.12,80,IBM
2025-11-21,9:38:47.014986507,T,295.03,80,295.12,80,IBM
2025-11-21,9:38:47.015101805,T,294.89,40,295.12,80,IBM
2025-11-21,9:38:47.015161948,T,294.82,80,295.12,80,IBM
2025-11-21,9:38:47.015187077,T,294.88,40,295.12,80,IBM
2025-11-21,9:38:47.015262165,T,294.89,40,295.12,80,IBM
2025-11-21,9:38:47.015382547,T,294.88,40,295.12,80,IBM
2025-11-21,9:38:47.015387594,T,294.82,80,295.12,80,IBM
2025-11-21,9:38:47.015437737,T,294.82,40,295.12,80,IBM
2025-11-21,9:38:47.015562940,T,294.73,80,295.12,80,IBM
2025-11-21,9:38:47.015567967,T,294.97,40,295.12,80,IBM
2025-11-21,9:38:47.015643078,T,294.73,80,295.12,80,IBM
2025-11-21,9:38:47.015818612,T,294.97,40,295.12,80,IBM
2025-11-21,9:38:47.016224734,T,294.97,40,295.3,40,IBM
2025-11-21,9:38:47.016440044,T,294.73,80,295.3,40,IBM
2025-11-21,9:38:47.016555305,T,295.03,40,295.3,40,IBM
2025-11-21,9:38:47.016780856,T,295.03,40,295.3,120,IBM
2025-11-21,9:38:47.017307085,T,295.03,40,295.3,80,IBM
2025-11-21,9:38:47.017312093,T,295.05,40,295.3,80,IBM
2025-11-21,9:38:47.019833088,T,295.05,40,295.29,40,IBM
2025-11-21,9:38:47.019883253,T,295.05,40,295.29,120,IBM
2025-11-21,9:38:47.019893238,T,295.05,40,295.29,200,IBM
2025-11-21,9:38:47.021191354,T,294.73,80,295.29,200,IBM
2025-11-21,9:38:47.039785589,T,294.98,40,295.29,200,IBM
2025-11-21,9:38:47.044361474,T,295.06,40,295.29,200,IBM
2025-11-21,9:38:47.054159874,T,294.73,80,295.29,200,IBM
2025-11-21,9:38:47.397321773,T,294.73,40,295.29,200,IBM
2025-11-21,9:38:47.397356908,T,294.67,40,295.29,200,IBM
2025-11-21,9:38:47.399286405,T,294.88,40,295.29,200,IBM
2025-11-21,9:38:47.403095511,T,294.89,40,295.29,200,IBM
2025-11-21,9:38:47.403220780,T,295.06,40,295.29,200,IBM
2025-11-21,9:38:47.500637683,T,295.07,40,295.29,200,IBM
2025-11-21,9:38:47.894986689,T,295.07,80,295.29,200,IBM
2025-11-21,9:38:51.012523020,T,295.07,80,295.25,80,IBM
2025-11-21,9:38:51.012568160,T,295.07,80,295.25,160,IBM
2025-11-21,9:38:51.013114409,T,295.08,40,295.25,160,IBM
2025-11-21,9:38:51.013159542,T,295.08,40,295.25,240,IBM
2025-11-21,9:38:55.927313309,T,295.11,40,295.25,240,IBM
2025-11-21,9:38:56.816620401,T,295.07,40,295.25,240,IBM
2025-11-21,9:38:56.816665649,T,295.07,40,295.25,160,IBM
2025-11-21,9:38:56.816690682,T,295.07,80,295.25,160,IBM
2025-11-21,9:38:56.816705741,T,295.07,200,295.25,160,IBM
2025-11-21,9:38:56.816720674,T,295.07,240,295.25,160,IBM
2025-11-21,9:38:56.816740693,T,295.07,280,295.25,160,IBM
2025-11-21,9:38:56.816760789,T,295.07,320,295.25,160,IBM
2025-11-21,9:38:56.816770777,T,295.07,320,295.25,80,IBM
2025-11-21,9:38:56.816775886,T,295.07,360,295.25,80,IBM
2025-11-21,9:38:56.816780802,T,295.07,320,295.25,80,IBM
2025-11-21,9:38:56.816785799,T,295.07,200,295.25,80,IBM
2025-11-21,9:38:56.816790849,T,295.07,160,295.25,80,IBM
2025-11-21,9:38:56.816796356,T,295.07,120,295.25,80,IBM
2025-11-21,9:38:56.816800875,T,295.07,80,295.25,80,IBM
2025-11-21,9:38:56.816806046,T,295.07,40,295.25,80,IBM
2025-11-21,9:38:56.816810915,T,294.88,40,295.25,80,IBM
2025-11-21,9:38:56.816815938,T,295.11,40,295.25,80,IBM
2025-11-21,9:38:56.816825996,T,295.11,360,295.25,80,IBM
2025-11-21,9:38:56.817001331,T,295.11,400,295.25,80,IBM
2025-11-21,9:38:56.817297084,T,295.11,400,295.29,40,IBM
2025-11-21,9:38:56.817317446,T,295.11,40,295.29,40,IBM
2025-11-21,9:38:56.817317446,T,295.11,80,295.29,40,IBM
2025-11-21,9:38:56.817332157,T,295.11,120,295.29,40,IBM
2025-11-21,9:38:56.817342233,T,295.11,80,295.29,40,IBM
2025-11-21,9:38:56.817342233,T,295.24,320,295.29,40,IBM
2025-11-21,9:38:56.817397296,T,295.24,360,295.29,40,IBM
2025-11-21,9:38:56.817397296,T,295.24,280,295.29,40,IBM
2025-11-21,9:38:56.817422424,T,295.18,40,295.29,40,IBM
2025-11-21,9:38:56.817447448,T,295.24,280,295.29,40,IBM
2025-11-21,9:38:56.817592777,T,295.24,280,295.35,40,IBM
2025-11-21,9:38:56.817993800,T,295.24,240,295.35,40,IBM
2025-11-21,9:38:56.817993800,T,295.24,200,295.35,40,IBM
2025-11-21,9:38:56.818048827,T,295.24,80,295.35,40,IBM
2025-11-21,9:38:56.818089031,T,295.24,40,295.35,40,IBM
2025-11-21,9:38:56.818179105,T,295.02,40,295.35,40,IBM
2025-11-21,9:38:56.839770629,T,295.11,40,295.35,40,IBM
2025-11-21,9:38:56.989637428,T,295.12,40,295.35,40,IBM
2025-11-21,9:38:57.456523779,T,295.12,40,295.27,40,IBM
2025-11-21,9:38:58.784620837,T,295.11,40,295.27,40,IBM
2025-11-21,9:38:58.784640736,T,295.02,80,295.27,40,IBM
2025-11-21,9:38:58.784655708,T,295.02,80,295.27,80,IBM
2025-11-21,9:38:58.784675816,T,295.02,80,295.22,40,IBM
2025-11-21,9:38:58.784936358,T,295.02,80,295.22,80,IBM
2025-11-21,9:38:58.784971478,T,295.02,80,295.2,80,IBM
2025-11-21,9:38:58.784981746,T,295.02,80,295.16,40,IBM
2025-11-21,9:38:58.784981746,T,295.11,40,295.16,40,IBM
2025-11-21,9:38:58.785006508,T,295.02,80,295.16,40,IBM
2025-11-21,9:38:58.785121894,T,295.02,80,295.2,80,IBM
2025-11-21,9:38:58.785121894,T,295.02,80,295.2,40,IBM
2025-11-21,9:38:58.785141938,T,295.11,40,295.2,40,IBM
2025-11-21,9:38:58.785307384,T,295.02,80,295.2,40,IBM
2025-11-21,9:38:58.785452663,T,295.11,40,295.2,40,IBM
2025-11-21,9:38:58.785527888,T,295.11,40,295.27,40,IBM
2025-11-21,9:38:58.787056651,T,294.88,80,295.27,40,IBM
2025-11-21,9:38:58.787086481,T,294.88,80,295.2,40,IBM
2025-11-21,9:38:58.788269359,T,294.88,80,295.22,40,IBM
2025-11-21,9:38:58.791652316,T,294.94,40,295.22,40,IBM
2025-11-21,9:38:58.795351394,T,294.94,40,295.27,40,IBM
2025-11-21,9:38:58.796373666,T,295.11,40,295.27,40,IBM
2025-11-21,9:38:58.846603183,T,294.88,40,295.27,40,IBM
2025-11-21,9:38:59.033057085,T,295.02,40,295.27,40,IBM
2025-11-21,9:38:59.386553694,T,295.02,40,295.35,40,IBM
2025-11-21,9:38:59.688462323,T,294.88,80,295.35,40,IBM
2025-11-21,9:38:59.688482484,T,294.88,80,295.15,40,IBM
2025-11-21,9:38:59.688582856,T,294.88,80,295.15,120,IBM
2025-11-21,9:39:00.064342186,T,294.88,80,295.15,80,IBM
2025-11-21,9:39:00.064347167,T,294.88,80,295.35,40,IBM
2025-11-21,9:39:00.064362167,T,295.13,80,295.35,40,IBM
2025-11-21,9:39:00.064362167,T,295.15,80,295.35,40,IBM
2025-11-21,9:39:00.064632850,T,295.13,80,295.35,40,IBM
2025-11-21,9:39:00.064903429,T,295.02,40,295.35,40,IBM
2025-11-21,9:39:00.065123996,T,294.88,80,295.35,40,IBM
2025-11-21,9:39:00.065189243,T,294.88,40,295.35,40,IBM
2025-11-21,9:39:00.349711451,T,294.88,80,295.35,40,IBM
2025-11-21,9:39:00.830691345,T,294.88,80,295.25,40,IBM
2025-11-21,9:39:00.830776561,T,294.88,80,295.25,120,IBM
2025-11-21,9:39:07.651148141,T,294.88,80,295.25,80,IBM
2025-11-21,9:39:07.651173173,T,294.88,80,295.35,40,IBM
2025-11-21,9:39:07.651193439,T,295.24,80,295.35,40,IBM
2025-11-21,9:39:07.651228296,T,295.24,40,295.35,40,IBM
2025-11-21,9:39:07.651524086,T,295.01,40,295.35,40,IBM
2025-11-21,9:39:07.651544209,T,294.88,80,295.35,40,IBM
2025-11-21,9:39:07.651544209,T,295.11,40,295.35,40,IBM
2025-11-21,9:39:07.651579270,T,295.11,80,295.35,40,IBM
2025-11-21,9:39:07.651609248,T,295.13,40,295.35,40,IBM
2025-11-21,9:39:07.651739522,T,295.16,40,295.35,40,IBM
2025-11-21,9:39:07.651924960,T,295.18,40,295.35,40,IBM
2025-11-21,9:39:07.651980196,T,295.16,40,295.35,40,IBM
2025-11-21,9:39:07.652080434,T,295.13,40,295.35,40,IBM
2025-11-21,9:39:07.655408264,T,295.13,80,295.35,40,IBM
2025-11-21,9:39:07.659648362,T,295.13,40,295.35,40,IBM
2025-11-21,9:39:07.659673491,T,295.11,40,295.35,40,IBM
2025-11-21,9:39:07.669842665,T,295.22,40,295.35,40,IBM
2025-11-21,9:39:07.699803998,T,295.11,40,295.35,40,IBM
2025-11-21,9:39:07.784360326,T,295.11,80,295.35,40,IBM
2025-11-21,9:39:11.159364707,T,295.11,80,295.29,40,IBM
2025-11-21,9:39:11.159981136,T,295.11,80,295.35,40,IBM
2025-11-21,9:39:11.375960286,T,295.11,40,295.35,40,IBM
2025-11-21,9:39:11.375960286,T,295.11,40,295.26,40,IBM
2025-11-21,9:39:11.376281047,T,295.11,40,295.35,40,IBM
2025-11-21,9:39:11.376421764,T,295.11,40,295.27,40,IBM
2025-11-21,9:39:11.388039000,T,294.98,80,295.27,40,IBM
2025-11-21,9:39:11.388334765,T,294.98,40,295.27,40,IBM
2025-11-21,9:39:11.388359789,T,294.98,40,295.26,40,IBM
2025-11-21,9:39:11.388369832,T,294.98,40,295.26,80,IBM
2025-11-21,9:39:11.388389891,T,294.98,40,295.26,40,IBM
2025-11-21,9:39:11.388394921,T,294.98,40,295.19,40,IBM
2025-11-21,9:39:11.388880970,T,294.98,80,295.19,40,IBM
2025-11-21,9:39:11.401927035,T,294.98,80,295.34,40,IBM
2025-11-21,9:39:11.402133018,T,294.98,80,295.34,80,IBM
2025-11-21,9:39:11.420656643,T,295.01,40,295.34,80,IBM
2025-11-21,9:39:11.420862372,T,295.01,40,295.34,40,IBM
2025-11-21,9:39:11.643522339,T,295.01,40,295.32,40,IBM
2025-11-21,9:39:11.643782943,T,295.01,40,295.32,80,IBM
2025-11-21,9:39:12.204698354,T,295.01,40,295.26,80,IBM
2025-11-21,9:39:12.333379684,T,295.01,40,295.25,40,IBM
2025-11-21,9:39:12.649502191,T,295.01,40,295.34,40,IBM
2025-11-21,9:39:12.651236372,T,295.01,40,295.26,40,IBM
2025-11-21,9:39:12.651932980,T,295.01,40,295.34,40,IBM
2025-11-21,9:39:12.686219622,T,294.98,40,295.34,40,IBM
2025-11-21,9:39:12.686249702,T,294.98,40,295.26,40,IBM
2025-11-21,9:39:12.856259435,T,294.98,40,295.34,40,IBM
2025-11-21,9:39:13.042522826,T,295.1,40,295.34,40,IBM
2025-11-21,9:39:14.594036317,T,294.88,40,295.34,40,IBM
2025-11-21,9:39:14.595469779,T,294.88,40,295.18,40,IBM
2025-11-21,9:39:14.602691859,T,294.88,40,295.34,40,IBM
2025-11-21,9:39:15.113367537,T,294.88,80,295.34,40,IBM
2025-11-21,9:39:15.148561283,T,295.02,40,295.34,40,IBM
2025-11-21,9:39:15.149117624,T,294.88,80,295.34,40,IBM
2025-11-21,9:39:15.149353199,T,295.02,40,295.34,40,IBM
2025-11-21,9:39:15.149749138,T,295.02,40,295.25,40,IBM
2025-11-21,9:39:15.412700158,T,295.02,40,295.25,80,IBM
2025-11-21,9:39:15.412740202,T,294.88,80,295.25,80,IBM
2025-11-21,9:39:15.412765374,T,294.88,80,295.24,40,IBM
2025-11-21,9:39:15.412765374,T,294.88,40,295.24,40,IBM
2025-11-21,9:39:15.412790257,T,294.88,40,295.19,40,IBM
2025-11-21,9:39:15.412995754,T,294.88,40,295.14,40,IBM
2025-11-21,9:39:15.413020974,T,294.88,40,295.13,40,IBM
2025-11-21,9:39:15.413306498,T,294.88,40,295.14,40,IBM
2025-11-21,9:39:15.413306498,T,294.88,40,295.07,40,IBM
2025-11-21,9:39:15.413421775,T,294.84,40,295.07,40,IBM
2025-11-21,9:39:15.413537101,T,294.88,40,295.07,40,IBM
2025-11-21,9:39:15.413552124,T,294.84,40,295.07,40,IBM
2025-11-21,9:39:15.417311056,T,294.84,40,295.24,40,IBM
2025-11-21,9:39:15.417516508,T,294.84,40,295.25,80,IBM
2025-11-21,9:39:15.423415662,T,294.84,40,295.25,40,IBM
2025-11-21,9:39:15.423440612,T,294.84,40,295.34,40,IBM
2025-11-21,9:39:15.423651183,T,294.84,40,295.34,80,IBM
2025-11-21,9:39:15.426432842,T,294.88,80,295.34,80,IBM
2025-11-21,9:39:15.460213242,T,294.88,80,295.25,40,IBM
2025-11-21,9:39:15.460704478,T,294.88,80,295.25,80,IBM
2025-11-21,9:39:15.812577021,T,294.88,80,295.25,40,IBM
2025-11-21,9:39:15.890462499,T,294.88,80,295.24,40,IBM
2025-11-21,9:39:15.890928615,T,294.88,80,295.24,80,IBM
2025-11-21,9:39:16.154155257,T,294.88,80,295.24,40,IBM
2025-11-21,9:39:16.154621327,T,294.88,80,295.23,40,IBM
2025-11-21,9:39:16.367959266,T,294.88,80,295.34,40,IBM
2025-11-21,9:39:16.368169799,T,294.88,80,295.34,80,IBM
2025-11-21,9:39:16.368199838,T,294.88,80,295.22,40,IBM
2025-11-21,9:39:17.105976314,T,294.88,80,295.21,40,IBM
2025-11-21,9:39:18.426284322,T,294.88,40,295.21,40,IBM
2025-11-21,9:39:18.430549590,T,294.88,40,295.15,40,IBM
2025-11-21,9:39:18.430815581,T,294.66,120,295.15,40,IBM
2025-11-21,9:39:20.606404214,T,294.66,120,295.21,40,IBM
2025-11-21,9:39:20.606614621,T,294.66,120,295.21,80,IBM
2025-11-21,9:39:22.730666369,T,294.85,40,295.21,80,IBM
2025-11-21,9:39:23.730917352,T,294.96,40,295.21,80,IBM
2025-11-21,9:39:23.952895808,T,294.96,80,295.21,80,IBM
2025-11-21,9:39:23.953111467,T,294.96,80,295.21,40,IBM
2025-11-21,9:39:24.101068594,T,294.96,40,295.21,40,IBM
2025-11-21,9:39:24.480852730,T,294.98,40,295.21,40,IBM
2025-11-21,9:39:24.480877831,T,294.96,40,295.21,40,IBM
2025-11-21,9:39:24.480882789,T,295.06,40,295.21,40,IBM
2025-11-21,9:39:24.482135793,T,295.06,80,295.21,40,IBM
2025-11-21,9:39:24.538770551,T,295.06,40,295.21,40,IBM
2025-11-21,9:39:24.596914004,T,294.96,40,295.21,40,IBM
2025-11-21,9:39:28.417850762,T,294.96,40,295.15,40,IBM
2025-11-21,9:39:28.417850762,T,294.96,40,295.15,80,IBM
2025-11-21,9:39:28.417860428,T,294.88,40,295.15,80,IBM
2025-11-21,9:39:28.418020762,T,294.92,40,295.15,80,IBM
2025-11-21,9:39:28.418035842,T,294.93,40,295.15,80,IBM
2025-11-21,9:39:28.418040868,T,295.06,40,295.15,80,IBM
2025-11-21,9:39:28.418050911,T,295.06,40,295.15,40,IBM
2025-11-21,9:39:28.418166076,T,295.06,40,295.21,80,IBM
2025-11-21,9:39:28.418361978,T,294.92,40,295.21,80,IBM
2025-11-21,9:39:28.418361978,T,294.88,40,295.21,80,IBM
2025-11-21,9:39:28.419950445,T,294.84,40,295.21,80,IBM
2025-11-21,9:39:28.426355641,T,294.84,40,295.21,40,IBM
2025-11-21,9:39:28.426380638,T,295.08,40,295.21,40,IBM
2025-11-21,9:39:28.432575381,T,294.83,40,295.21,40,IBM
2025-11-21,9:39:28.573576145,T,294.88,40,295.21,40,IBM
2025-11-21,9:39:28.575350363,T,294.83,40,295.21,40,IBM
2025-11-21,9:39:29.524269364,T,294.88,40,295.21,40,IBM
2025-11-21,9:39:30.658188977,T,294.83,40,295.21,40,IBM
2025-11-21,9:39:31.033823164,T,294.84,40,295.21,40,IBM
2025-11-21,9:39:31.270205816,T,294.88,40,295.21,40,IBM
2025-11-21,9:39:33.221435879,T,294.67,40,295.21,40,IBM
2025-11-21,9:39:33.221691562,T,294.66,120,295.21,40,IBM
2025-11-21,9:39:33.222218083,T,294.88,40,295.21,40,IBM
2025-11-21,9:39:33.233043514,T,294.67,40,295.21,40,IBM
2025-11-21,9:39:33.233695174,T,294.83,40,295.21,40,IBM
2025-11-21,9:39:33.245914154,T,294.94,40,295.21,40,IBM
2025-11-21,9:39:33.246059598,T,294.88,40,295.21,40,IBM
2025-11-21,9:39:33.322832368,T,294.66,120,295.21,40,IBM
2025-11-21,9:39:33.384303638,T,294.83,40,295.21,40,IBM
2025-11-21,9:39:33.516653684,T,294.67,40,295.21,40,IBM
2025-11-21,9:39:33.746450710,T,294.67,40,295.34,40,IBM
2025-11-21,9:39:34.531514723,T,294.67,40,295.11,40,IBM
2025-11-21,9:39:34.532045944,T,294.67,40,295.11,80,IBM
2025-11-21,9:39:34.532221333,T,294.66,120,295.11,80,IBM
2025-11-21,9:39:34.532241446,T,294.66,120,295.08,40,IBM
2025-11-21,9:39:34.536396312,T,294.66,120,295.11,80,IBM
2025-11-21,9:39:34.542325408,T,294.66,120,295.11,40,IBM
2025-11-21,9:39:34.548470032,T,294.66,120,295.08,40,IBM
2025-11-21,9:39:34.548490087,T,294.66,120,294.98,40,IBM
2025-11-21,9:39:34.548615296,T,294.66,120,294.98,80,IBM
2025-11-21,9:39:34.548645400,T,294.66,120,294.98,40,IBM
2025-11-21,9:39:34.548645400,T,294.66,120,294.92,40,IBM
2025-11-21,9:39:34.557626885,T,294.66,120,295.08,40,IBM
2025-11-21,9:39:34.626726373,T,294.66,120,294.92,40,IBM
2025-11-21,9:39:34.626936756,T,294.66,120,294.92,80,IBM
2025-11-21,9:39:34.708937060,T,294.66,120,294.92,40,IBM
2025-11-21,9:39:34.710335367,T,294.66,120,294.92,80,IBM
2025-11-21,9:39:34.710335367,T,294.66,120,294.91,40,IBM
2025-11-21,9:39:34.710340387,T,294.66,80,294.91,40,IBM
2025-11-21,9:39:34.710345303,T,294.66,80,294.91,80,IBM
2025-11-21,9:39:34.710450633,T,294.66,80,294.82,40,IBM
2025-11-21,9:39:34.710796480,T,294.5,40,294.82,40,IBM
2025-11-21,9:39:34.710806489,T,294.5,40,294.81,40,IBM
2025-11-21,9:39:34.711282645,T,294.5,40,294.81,80,IBM
2025-11-21,9:39:34.741780278,T,294.5,40,294.76,40,IBM
