DATE,TIME_M,EX,BID,BIDSIZ,ASK,ASKSIZ,SYM_ROOT
2025-10-29,9:30:01.196326707,T,311.4,100,315.0,100,IBM
2025-10-29,9:30:01.196331295,T,312.0,100,315.0,100,IBM
2025-10-29,9:30:01.196486663,T,311.4,100,315.0,100,IBM
2025-10-29,9:30:01.216379078,T,311.0,200,315.0,100,IBM
2025-10-29,9:30:01.764198200,T,311.0,200,313.34,100,IBM
2025-10-29,9:30:01.860732993,T,311.0,200,315.0,100,IBM
2025-10-29,9:30:02.138814911,T,311.0,200,315.0,200,IBM
2025-10-29,9:30:03.192809016,T,312.71,100,315.0,200,IBM
2025-10-29,9:30:03.201574842,T,311.0,200,315.0,200,IBM
2025-10-29,9:30:03.203053400,T,311.0,300,315.0,200,IBM
2025-10-29,9:30:03.203489517,T,312.0,100,315.0,200,IBM
2025-10-29,9:30:03.387542645,T,311.0,200,315.0,200,IBM
2025-10-29,9:30:04.233932615,T,312.0,100,315.0,200,IBM
2025-10-29,9:30:04.947310863,T,312.71,100,315.0,200,IBM
2025-10-29,9:30:06.935133104,T,312.71,200,315.0,200,IBM
2025-10-29,9:30:06.935438855,T,312.71,100,315.0,200,IBM
2025-10-29,9:30:06.938636503,T,312.71,100,314.33,100,IBM
2025-10-29,9:30:06.938701695,T,312.71,100,314.0,100,IBM
2025-10-29,9:30:07.145478877,T,312.71,200,314.0,100,IBM
2025-10-29,9:30:08.835818114,T,312.71,200,314.33,100,IBM
2025-10-29,9:30:08.836625005,T,312.76,200,314.33,100,IBM
2025-10-29,9:30:09.213747758,T,312.71,100,314.33,100,IBM
2025-10-29,9:30:09.214469463,T,312.76,100,314.33,100,IBM
2025-10-29,9:30:10.499989872,T,312.76,100,314.0,100,IBM
2025-10-29,9:30:10.500019959,T,312.76,100,314.33,100,IBM
2025-10-29,9:30:11.286452176,T,312.76,100,314.0,100,IBM
2025-10-29,9:30:11.286467290,T,312.76,100,314.33,100,IBM
2025-10-29,9:30:11.286477426,T,312.76,100,315.0,200,IBM
2025-10-29,9:30:11.286482253,T,312.76,100,314.33,100,IBM
2025-10-29,9:30:11.286497305,T,312.76,100,313.28,100,IBM
2025-10-29,9:30:11.542547051,T,312.76,100,314.0,100,IBM
2025-10-29,9:30:11.545960073,T,312.76,100,314.9,100,IBM
2025-10-29,9:30:16.272101246,T,312.76,100,313.28,100,IBM
2025-10-29,9:30:17.099090068,T,312.76,200,313.28,100,IBM
2025-10-29,9:30:17.347080445,T,312.76,200,313.28,200,IBM
2025-10-29,9:30:17.347095510,T,312.76,200,313.28,100,IBM
2025-10-29,9:30:17.347125580,T,312.76,200,313.27,100,IBM
2025-10-29,9:30:17.347521490,T,312.76,200,313.27,200,IBM
2025-10-29,9:30:17.521991768,T,312.76,200,313.27,100,IBM
2025-10-29,9:30:18.004475403,T,312.76,100,313.27,100,IBM
2025-10-29,9:30:18.004475403,T,311.0,200,313.27,100,IBM
2025-10-29,9:30:18.004495514,T,311.0,200,313.27,200,IBM
2025-10-29,9:30:18.004505574,T,311.0,200,313.16,100,IBM
2025-10-29,9:30:18.004981643,T,311.0,200,312.89,100,IBM
2025-10-29,9:30:18.005342813,T,311.0,200,312.89,200,IBM
2025-10-29,9:30:18.006334931,T,312.0,100,312.89,200,IBM
2025-10-29,9:30:18.010068772,T,311.0,200,312.89,200,IBM
2025-10-29,9:30:18.012499543,T,312.32,100,312.89,200,IBM
2025-10-29,9:30:19.190839811,T,311.0,200,312.89,200,IBM
2025-10-29,9:30:19.190864923,T,311.0,200,312.33,100,IBM
2025-10-29,9:30:19.191310984,T,311.0,200,312.33,200,IBM
2025-10-29,9:30:19.191381105,T,311.0,200,312.33,100,IBM
2025-10-29,9:30:19.191451278,T,311.0,200,312.89,100,IBM
2025-10-29,9:30:19.582858173,T,311.0,200,315.0,200,IBM
2025-10-29,9:30:19.582858173,T,311.0,200,314.9,100,IBM
2025-10-29,9:30:19.583203887,T,311.0,200,315.0,200,IBM
2025-10-29,9:30:19.583680103,T,311.0,200,314.9,100,IBM
2025-10-29,9:30:19.588386331,T,311.0,200,313.29,100,IBM
2025-10-29,9:30:19.696929723,T,311.0,200,315.0,200,IBM
2025-10-29,9:30:19.775080691,T,311.0,200,312.87,100,IBM
2025-10-29,9:30:19.966992650,T,311.0,200,315.0,200,IBM
2025-10-29,9:30:20.045930566,T,311.0,200,312.87,100,IBM
2025-10-29,9:30:20.863401645,T,311.0,200,315.0,200,IBM
2025-10-29,9:30:20.864353852,T,311.0,200,312.86,100,IBM
2025-10-29,9:30:21.001350054,T,311.0,200,313.29,100,IBM
2025-10-29,9:30:21.218376692,T,311.0,200,312.86,100,IBM
2025-10-29,9:30:21.218742543,T,311.0,200,314.9,100,IBM
2025-10-29,9:30:21.359617946,T,311.0,200,315.0,200,IBM
2025-10-29,9:30:21.383078742,T,311.0,200,313.29,100,IBM
2025-10-29,9:30:23.214679300,T,311.0,200,315.0,200,IBM
2025-10-29,9:30:23.215370942,T,311.0,200,313.29,100,IBM
2025-10-29,9:30:23.340649208,T,311.0,200,315.0,200,IBM
2025-10-29,9:30:23.341591511,T,311.0,200,312.87,100,IBM
2025-10-29,9:30:23.481083517,T,311.0,200,315.0,200,IBM
2025-10-29,9:30:23.486571527,T,311.0,200,312.87,100,IBM
2025-10-29,9:30:23.764693740,T,311.0,200,315.0,200,IBM
2025-10-29,9:30:23.773128810,T,311.0,200,312.87,100,IBM
2025-10-29,9:30:24.716083733,T,311.0,200,315.0,200,IBM
2025-10-29,9:30:24.796234507,T,311.0,200,312.86,100,IBM
2025-10-29,9:30:24.969772607,T,311.0,200,315.0,200,IBM
2025-10-29,9:30:25.048274498,T,311.0,200,314.9,100,IBM
2025-10-29,9:30:25.499759345,T,311.0,200,315.0,200,IBM
2025-10-29,9:30:25.578446642,T,311.0,200,314.9,100,IBM
2025-10-29,9:30:25.769240838,T,311.0,200,315.0,200,IBM
2025-10-29,9:30:25.774067323,T,311.0,200,313.29,100,IBM
2025-10-29,9:30:25.957824797,T,311.0,200,315.0,200,IBM
2025-10-29,9:30:25.962491023,T,311.0,200,313.29,100,IBM
2025-10-29,9:30:26.432153995,T,311.0,200,315.0,200,IBM
2025-10-29,9:30:26.436679866,T,311.0,200,314.9,100,IBM
2025-10-29,9:30:26.640419903,T,311.0,200,314.72,100,IBM
2025-10-29,9:30:26.657575662,T,311.0,200,314.53,100,IBM
2025-10-29,9:30:26.663389494,T,311.0,200,314.34,100,IBM
2025-10-29,9:30:26.663805484,T,311.0,200,314.72,100,IBM
2025-10-29,9:30:26.663835587,T,311.0,200,315.0,200,IBM
2025-10-29,9:30:26.665268964,T,311.0,200,314.91,100,IBM
2025-10-29,9:30:26.665860544,T,311.0,200,314.9,100,IBM
2025-10-29,9:30:26.665890475,T,311.0,200,313.77,100,IBM
2025-10-29,9:30:26.670897407,T,311.0,200,313.39,100,IBM
2025-10-29,9:30:27.582733227,T,311.0,200,314.9,100,IBM
2025-10-29,9:30:27.592255887,T,311.0,200,313.39,100,IBM
2025-10-29,9:30:29.160764979,T,311.0,200,313.29,100,IBM
2025-10-29,9:30:30.072435377,T,311.0,200,312.91,100,IBM
2025-10-29,9:30:30.077326950,T,311.0,200,313.29,100,IBM
2025-10-29,9:30:30.245918311,T,311.0,200,314.72,100,IBM
2025-10-29,9:30:30.267048663,T,311.0,200,313.29,100,IBM
2025-10-29,9:30:30.759721545,T,311.0,200,313.2,100,IBM
2025-10-29,9:30:30.759751616,T,311.0,200,312.9,100,IBM
2025-10-29,9:30:30.759756654,T,311.0,200,313.2,100,IBM
2025-10-29,9:30:30.760092403,T,311.0,200,313.02,100,IBM
2025-10-29,9:30:30.760859236,T,311.36,100,313.02,100,IBM
2025-10-29,9:30:30.763977057,T,311.36,100,313.2,100,IBM
2025-10-29,9:30:30.764257352,T,311.0,200,313.2,100,IBM
2025-10-29,9:30:30.764267389,T,311.0,200,313.02,100,IBM
2025-10-29,9:30:30.764282445,T,311.0,200,312.91,100,IBM
2025-10-29,9:30:30.764292652,T,311.0,200,314.0,100,IBM
2025-10-29,9:30:30.764292652,T,311.0,200,312.91,100,IBM
2025-10-29,9:30:30.764322471,T,311.0,200,312.84,100,IBM
2025-10-29,9:30:30.764427783,T,311.0,200,312.02,100,IBM
2025-10-29,9:30:30.764954204,T,311.0,200,312.66,100,IBM
2025-10-29,9:30:30.765460231,T,311.0,200,312.84,100,IBM
2025-10-29,9:30:30.765460231,T,311.0,200,312.91,100,IBM
2025-10-29,9:30:30.765465270,T,311.0,200,314.15,100,IBM
2025-10-29,9:30:30.765475315,T,311.0,200,313.77,100,IBM
2025-10-29,9:30:30.765725858,T,311.0,200,314.15,100,IBM
2025-10-29,9:30:30.765961377,T,311.0,200,312.07,100,IBM
2025-10-29,9:30:30.765981481,T,311.0,200,314.15,100,IBM
2025-10-29,9:30:30.766071721,T,311.0,200,314.0,100,IBM
2025-10-29,9:30:30.766121832,T,311.0,200,313.96,100,IBM
2025-10-29,9:30:30.766156833,T,311.0,200,313.58,100,IBM
2025-10-29,9:30:30.766162096,T,311.0,200,312.66,100,IBM
2025-10-29,9:30:30.766482671,T,311.0,200,313.29,100,IBM
2025-10-29,9:30:30.766507720,T,311.0,200,313.58,100,IBM
2025-10-29,9:30:30.766542804,T,311.0,200,313.29,100,IBM
2025-10-29,9:30:30.766633014,T,311.0,200,313.2,100,IBM
2025-10-29,9:30:30.766678070,T,311.0,200,313.02,100,IBM
2025-10-29,9:30:30.766773307,T,311.0,200,312.84,100,IBM
2025-10-29,9:30:30.767364740,T,311.0,200,312.66,100,IBM
2025-10-29,9:30:30.767389807,T,311.0,200,312.84,100,IBM
2025-10-29,9:30:30.767399894,T,311.0,200,313.02,100,IBM
2025-10-29,9:30:30.767625451,T,311.0,200,312.66,100,IBM
2025-10-29,9:30:30.767890994,T,311.0,300,312.66,100,IBM
2025-10-29,9:30:30.768056362,T,311.0,300,313.02,100,IBM
2025-10-29,9:30:30.770918215,T,311.0,300,313.2,100,IBM
2025-10-29,9:30:30.771223966,T,311.0,200,313.2,100,IBM
2025-10-29,9:30:30.778155506,T,311.0,300,313.2,100,IBM
2025-10-29,9:30:30.778636577,T,311.0,300,313.29,100,IBM
2025-10-29,9:30:30.779087611,T,311.0,200,313.29,100,IBM
2025-10-29,9:30:30.779087611,T,311.0,200,312.84,100,IBM
2025-10-29,9:30:30.925666722,T,311.0,200,313.39,100,IBM
2025-10-29,9:30:31.056307692,T,311.0,200,312.84,100,IBM
2025-10-29,9:30:32.074646959,T,311.0,200,313.39,100,IBM
2025-10-29,9:30:32.075629258,T,311.0,200,312.84,100,IBM
2025-10-29,9:30:32.280787695,T,311.0,200,313.77,100,IBM
2025-10-29,9:30:32.280787695,T,311.0,200,312.84,100,IBM
2025-10-29,9:30:32.421958835,T,311.0,200,312.66,100,IBM
2025-10-29,9:30:32.426158776,T,311.0,200,312.84,100,IBM
2025-10-29,9:30:32.426439538,T,311.0,200,312.66,100,IBM
2025-10-29,9:30:32.426755280,T,311.0,200,312.84,100,IBM
2025-10-29,9:30:32.426755280,T,311.0,200,312.66,100,IBM
2025-10-29,9:30:32.426895529,T,311.0,200,312.3,100,IBM
2025-10-29,9:30:32.428810138,T,311.0,200,311.99,100,IBM
2025-10-29,9:30:32.428845198,T,311.0,200,312.3,100,IBM
2025-10-29,9:30:32.428870232,T,311.0,200,312.66,100,IBM
2025-10-29,9:30:32.786251095,T,311.0,200,313.2,100,IBM
2025-10-29,9:30:32.789172987,T,311.0,200,312.66,100,IBM
2025-10-29,9:30:33.302545132,T,311.0,200,313.2,100,IBM
2025-10-29,9:30:33.336816729,T,311.0,200,313.02,100,IBM
2025-10-29,9:30:33.336846820,T,311.0,200,312.91,100,IBM
2025-10-29,9:30:33.465337692,T,311.0,200,312.84,100,IBM
2025-10-29,9:30:33.689661824,T,311.0,200,313.02,100,IBM
2025-10-29,9:30:34.127474056,T,311.0,200,312.33,100,IBM
2025-10-29,9:30:34.598796201,T,311.0,200,313.02,100,IBM
2025-10-29,9:30:35.241411250,T,311.0,200,312.33,100,IBM
2025-10-29,9:30:35.537320597,T,311.0,200,313.02,100,IBM
2025-10-29,9:30:35.824038272,T,311.0,200,312.84,100,IBM
2025-10-29,9:30:37.891344628,T,311.0,200,313.02,100,IBM
2025-10-29,9:30:37.891394780,T,311.0,200,312.91,100,IBM
2025-10-29,9:30:37.891419822,T,311.0,200,312.33,100,IBM
2025-10-29,9:30:37.891479898,T,311.0,200,312.3,100,IBM
2025-10-29,9:30:37.891504978,T,311.0,200,312.33,100,IBM
2025-10-29,9:30:37.891545303,T,311.0,200,312.3,100,IBM
2025-10-29,9:30:37.912214363,T,311.0,200,312.91,100,IBM
2025-10-29,9:30:40.281885736,T,311.0,200,312.3,100,IBM
2025-10-29,9:30:40.887276897,T,311.0,200,312.91,100,IBM
2025-10-29,9:30:42.059938754,T,311.0,200,313.02,100,IBM
2025-10-29,9:30:45.026521236,T,311.0,300,313.02,100,IBM
2025-10-29,9:30:45.097600420,T,311.0,200,313.02,100,IBM
2025-10-29,9:30:46.643355381,T,311.0,200,312.84,100,IBM
2025-10-29,9:30:52.616234939,T,311.0,200,312.33,100,IBM
2025-10-29,9:30:52.616244958,T,311.0,200,311.98,100,IBM
2025-10-29,9:30:52.616270423,T,311.0,200,312.33,100,IBM
2025-10-29,9:30:52.616270423,T,311.0,200,311.98,100,IBM
2025-10-29,9:30:52.663462316,T,311.0,200,311.65,100,IBM
2025-10-29,9:30:52.663472381,T,311.0,200,311.98,100,IBM
2025-10-29,9:30:52.663507481,T,311.0,200,311.65,100,IBM
2025-10-29,9:30:52.667557121,T,311.0,200,311.98,100,IBM
2025-10-29,9:30:52.673546374,T,311.0,200,312.3,100,IBM
2025-10-29,9:30:52.673576448,T,311.0,200,312.33,100,IBM
2025-10-29,9:30:52.673611441,T,311.0,300,312.33,100,IBM
2025-10-29,9:30:52.674117639,T,311.0,200,312.33,100,IBM
2025-10-29,9:30:52.718022253,T,311.0,200,313.02,100,IBM
2025-10-29,9:30:56.784122182,T,311.0,200,312.33,100,IBM
2025-10-29,9:30:57.062344518,T,311.0,200,313.02,100,IBM
2025-10-29,9:30:57.062399723,T,311.0,200,312.3,100,IBM
2025-10-29,9:30:57.362880036,T,311.0,200,311.99,100,IBM
2025-10-29,9:30:57.362885086,T,311.0,200,312.33,100,IBM
2025-10-29,9:30:57.462878100,T,311.0,200,313.02,100,IBM
2025-10-29,9:30:57.532153055,T,311.0,200,312.33,100,IBM
2025-10-29,9:30:57.867240791,T,311.0,200,312.84,100,IBM
2025-10-29,9:30:57.867240791,T,311.0,200,312.33,100,IBM
2025-10-29,9:30:57.867310983,T,311.0,200,312.3,100,IBM
2025-10-29,9:30:57.869205430,T,311.0,200,312.84,100,IBM
2025-10-29,9:30:57.871460830,T,311.0,200,313.02,100,IBM
2025-10-29,9:30:57.951736905,T,311.0,200,312.3,100,IBM
2025-10-29,9:30:58.072880321,T,311.0,200,313.02,100,IBM
2025-10-29,9:30:58.269904359,T,311.0,200,312.33,100,IBM
2025-10-29,9:30:59.223369146,T,310.0,500,312.33,100,IBM
2025-10-29,9:30:59.223379230,T,310.0,500,311.98,100,IBM
2025-10-29,9:30:59.223399614,T,310.0,500,311.79,100,IBM
2025-10-29,9:30:59.233688704,T,310.0,500,311.98,100,IBM
2025-10-29,9:31:00.914244573,T,310.0,500,311.97,100,IBM
2025-10-29,9:31:00.922123325,T,310.0,500,311.98,100,IBM
2025-10-29,9:31:00.998119248,T,310.15,200,311.98,100,IBM
2025-10-29,9:31:01.852142447,T,310.15,200,312.11,200,IBM
2025-10-29,9:31:01.852182548,T,310.15,200,312.11,300,IBM
2025-10-29,9:31:01.852192596,T,310.15,300,312.11,300,IBM
2025-10-29,9:31:01.852217609,T,310.51,100,312.11,300,IBM
2025-10-29,9:31:01.852443150,T,310.51,100,311.98,100,IBM
2025-10-29,9:31:01.852728833,T,310.5,100,311.98,100,IBM
2025-10-29,9:31:01.853174887,T,310.46,100,311.98,100,IBM
2025-10-29,9:31:01.861765385,T,310.28,100,311.98,100,IBM
2025-10-29,9:31:01.952335962,T,310.15,200,311.98,100,IBM
2025-10-29,9:31:02.492882926,T,310.28,100,311.98,100,IBM
2025-10-29,9:31:03.399917117,T,310.8,100,311.98,100,IBM
2025-10-29,9:31:03.399942198,T,310.8,100,312.11,200,IBM
2025-10-29,9:31:03.565932321,T,310.46,100,312.11,200,IBM
2025-10-29,9:31:04.942143638,T,310.8,100,312.11,200,IBM
2025-10-29,9:31:04.942268998,T,310.81,100,312.11,200,IBM
2025-10-29,9:31:04.942379260,T,310.94,100,312.11,200,IBM
2025-10-29,9:31:04.943496912,T,310.81,100,312.11,200,IBM
2025-10-29,9:31:05.022033830,T,310.81,100,311.99,100,IBM
2025-10-29,9:31:05.042251979,T,310.5,100,311.99,100,IBM
2025-10-29,9:31:05.042282005,T,310.46,100,311.99,100,IBM
2025-10-29,9:31:05.324037736,T,310.15,200,311.99,100,IBM
2025-10-29,9:31:05.531772313,T,310.46,100,311.99,100,IBM
2025-10-29,9:31:05.585435100,T,310.98,100,311.99,100,IBM
2025-10-29,9:31:05.585856034,T,310.98,200,311.99,100,IBM
2025-10-29,9:31:05.781822612,T,310.98,100,311.99,100,IBM
2025-10-29,9:31:06.065312410,T,310.98,200,311.99,100,IBM
2025-10-29,9:31:06.908750373,T,310.98,100,311.99,100,IBM
2025-10-29,9:31:07.006207399,T,310.98,200,311.99,100,IBM
2025-10-29,9:31:08.398958110,T,310.98,100,311.99,100,IBM
2025-10-29,9:31:08.399379190,T,310.64,100,311.99,100,IBM
2025-10-29,9:31:08.408094895,T,310.64,100,312.3,100,IBM
2025-10-29,9:31:10.448873326,T,310.64,100,312.53,200,IBM
2025-10-29,9:31:12.847824404,T,310.64,100,312.3,100,IBM
2025-10-29,9:31:12.856058913,T,310.64,100,312.53,200,IBM
2025-10-29,9:31:12.933207591,T,310.64,100,311.98,100,IBM
2025-10-29,9:31:13.733913822,T,310.53,200,311.98,100,IBM
2025-10-29,9:31:13.927033517,T,310.53,200,311.98,200,IBM
2025-10-29,9:31:13.927073592,T,310.53,200,311.98,100,IBM
2025-10-29,9:31:13.928687477,T,310.53,200,312.3,100,IBM
2025-10-29,9:31:15.231013005,T,310.53,200,312.33,100,IBM
2025-10-29,9:31:15.850282151,T,310.53,200,311.93,100,IBM
2025-10-29,9:31:15.850322257,T,310.53,200,312.33,100,IBM
2025-10-29,9:31:20.782228364,T,310.53,200,312.3,100,IBM
2025-10-29,9:31:20.782584171,T,310.53,200,312.33,100,IBM
2025-10-29,9:31:21.200263575,T,310.53,200,312.53,200,IBM
2025-10-29,9:31:21.277321965,T,310.53,200,311.98,100,IBM
2025-10-29,9:31:24.039312397,T,310.28,100,311.98,100,IBM
2025-10-29,9:31:24.039317477,T,310.81,200,311.98,100,IBM
2025-10-29,9:31:24.446827576,T,310.81,300,311.98,100,IBM
2025-10-29,9:31:24.903795420,T,310.81,200,311.98,100,IBM
2025-10-29,9:31:33.445359982,T,310.28,100,311.98,100,IBM
2025-10-29,9:31:33.445364977,T,311.04,200,311.98,100,IBM
2025-10-29,9:31:35.338507030,T,311.04,300,311.98,100,IBM
2025-10-29,9:31:39.213156214,T,311.04,400,311.98,100,IBM
2025-10-29,9:31:42.576688693,T,311.04,400,312.3,200,IBM
2025-10-29,9:31:42.576744156,T,311.45,100,312.3,200,IBM
2025-10-29,9:31:42.576748819,T,311.04,400,312.3,200,IBM
2025-10-29,9:31:42.576748819,T,311.45,100,312.3,200,IBM
2025-10-29,9:31:42.576754170,T,311.46,100,312.3,200,IBM
2025-10-29,9:31:42.576989532,T,311.55,100,312.3,200,IBM
2025-10-29,9:31:42.577320424,T,311.71,100,312.3,200,IBM
2025-10-29,9:31:42.577666035,T,311.71,100,313.77,100,IBM
2025-10-29,9:31:42.577681099,T,311.71,100,313.96,100,IBM
2025-10-29,9:31:42.577696163,T,311.71,100,313.99,100,IBM
2025-10-29,9:31:42.577771273,T,311.71,100,313.02,100,IBM
2025-10-29,9:31:42.577836415,T,311.71,200,313.02,100,IBM
2025-10-29,9:31:42.577861507,T,311.71,300,313.02,100,IBM
2025-10-29,9:31:42.577866515,T,311.71,300,312.75,200,IBM
2025-10-29,9:31:42.577881505,T,311.71,400,312.75,200,IBM
2025-10-29,9:31:42.577961864,T,311.71,300,312.75,200,IBM
2025-10-29,9:31:42.577966783,T,311.89,100,312.75,200,IBM
2025-10-29,9:31:42.578302604,T,311.71,300,312.75,200,IBM
2025-10-29,9:31:42.589955361,T,311.71,300,313.02,100,IBM
2025-10-29,9:31:42.590160809,T,311.71,200,313.02,100,IBM
2025-10-29,9:31:42.590170802,T,311.71,100,313.02,100,IBM
2025-10-29,9:31:42.590371279,T,311.46,100,313.02,100,IBM
2025-10-29,9:31:42.591569155,T,311.5,100,313.02,100,IBM
2025-10-29,9:31:42.599467896,T,311.5,100,313.99,100,IBM
2025-10-29,9:31:42.610639565,T,311.5,100,313.39,100,IBM
2025-10-29,9:31:42.686840966,T,311.5,100,313.2,100,IBM
2025-10-29,9:31:42.686865978,T,311.45,100,313.2,100,IBM
2025-10-29,9:31:42.686901105,T,311.45,100,313.1,200,IBM
2025-10-29,9:31:42.738774563,T,311.4,300,313.1,200,IBM
2025-10-29,9:31:42.738809638,T,311.5,100,313.1,200,IBM
2025-10-29,9:31:43.081350119,T,311.5,100,313.02,100,IBM
2025-10-29,9:31:44.058656827,T,311.45,100,313.02,100,IBM
2025-10-29,9:31:48.302695485,T,311.4,200,313.02,100,IBM
2025-10-29,9:31:48.963212910,T,311.4,200,313.1,200,IBM
2025-10-29,9:31:52.817859614,T,311.4,200,314.0,100,IBM
2025-10-29,9:31:52.817869533,T,311.4,200,313.56,200,IBM
2025-10-29,9:31:52.817904619,T,311.4,200,313.14,100,IBM
2025-10-29,9:31:52.827923424,T,311.4,200,313.56,200,IBM
2025-10-29,9:31:53.528967329,T,311.4,200,313.15,100,IBM
2025-10-29,9:31:53.529679027,T,311.49,100,313.15,100,IBM
2025-10-29,9:31:53.761876881,T,311.4,200,313.15,100,IBM
2025-10-29,9:31:54.034806674,T,311.4,200,313.09,100,IBM
2025-10-29,9:31:54.043266765,T,311.4,200,313.56,200,IBM
2025-10-29,9:31:54.542841153,T,311.4,200,313.14,100,IBM
2025-10-29,9:31:54.752089369,T,311.4,200,313.56,200,IBM
2025-10-29,9:32:01.910335618,T,311.4,200,313.22,100,IBM
2025-10-29,9:32:01.914936622,T,311.4,200,313.14,100,IBM
2025-10-29,9:32:05.489436252,T,311.4,200,313.22,100,IBM
2025-10-29,9:32:07.828504796,T,311.4,200,313.14,100,IBM
2025-10-29,9:32:07.837004992,T,311.4,200,313.56,200,IBM
2025-10-29,9:32:07.837015103,T,311.63,100,313.56,200,IBM
2025-10-29,9:32:07.845580437,T,311.4,200,313.56,200,IBM
2025-10-29,9:32:07.845595442,T,311.4,200,313.06,100,IBM
2025-10-29,9:32:07.847023847,T,311.4,200,313.56,200,IBM
2025-10-29,9:32:08.468829319,T,311.4,200,313.77,100,IBM
2025-10-29,9:32:08.468829319,T,311.4,200,313.25,200,IBM
2025-10-29,9:32:13.625149665,T,311.4,200,313.15,100,IBM
2025-10-29,9:32:15.268000808,T,311.4,200,313.14,100,IBM
2025-10-29,9:32:15.276606309,T,311.4,200,313.25,200,IBM
2025-10-29,9:32:18.619424404,T,311.4,200,313.22,100,IBM
2025-10-29,9:32:18.619479590,T,311.4,200,313.25,200,IBM
2025-10-29,9:32:21.428682354,T,311.4,200,314.0,100,IBM
2025-10-29,9:32:21.428692411,T,311.4,200,312.98,200,IBM
2025-10-29,9:32:26.546055164,T,311.4,200,312.97,100,IBM
2025-10-29,9:32:26.554575349,T,311.4,200,312.98,200,IBM
2025-10-29,9:32:33.704617375,T,311.4,200,312.45,100,IBM
2025-10-29,9:32:33.704622371,T,311.4,200,312.87,100,IBM
2025-10-29,9:32:33.704657518,T,311.4,200,312.7,100,IBM
2025-10-29,9:32:33.704682582,T,311.4,200,312.87,100,IBM
2025-10-29,9:32:33.704692530,T,311.4,200,312.98,200,IBM
2025-10-29,9:32:34.594420668,T,311.4,200,312.98,300,IBM
2025-10-29,9:32:35.094621522,T,311.4,200,312.95,100,IBM
2025-10-29,9:32:35.103176840,T,311.4,200,312.98,200,IBM
2025-10-29,9:32:35.598701605,T,311.4,200,312.94,100,IBM
2025-10-29,9:32:35.607181781,T,311.4,200,312.98,200,IBM
2025-10-29,9:32:35.889739456,T,311.4,200,313.58,100,IBM
2025-10-29,9:32:35.889749463,T,311.4,200,312.76,200,IBM
2025-10-29,9:32:42.616989927,T,311.4,200,312.76,300,IBM
2025-10-29,9:32:42.617135222,T,311.4,200,312.76,200,IBM
2025-10-29,9:32:42.618909489,T,311.4,200,312.75,100,IBM
2025-10-29,9:32:42.619185079,T,311.4,200,312.7,100,IBM
2025-10-29,9:32:42.619781509,T,311.4,200,312.69,100,IBM
2025-10-29,9:32:42.620062218,T,311.4,200,312.7,100,IBM
2025-10-29,9:32:42.620137395,T,311.4,200,312.75,100,IBM
2025-10-29,9:32:42.620167417,T,311.4,200,312.76,200,IBM
2025-10-29,9:32:42.620252670,T,311.4,200,312.7,100,IBM
2025-10-29,9:32:42.620262688,T,311.4,200,312.69,100,IBM
2025-10-29,9:32:42.620287761,T,311.4,200,312.6,100,IBM
2025-10-29,9:32:42.620428060,T,311.4,200,312.69,100,IBM
2025-10-29,9:32:42.621144706,T,311.4,200,312.6,100,IBM
2025-10-29,9:32:42.621229999,T,311.4,200,312.59,100,IBM
2025-10-29,9:32:42.621250065,T,311.4,200,312.6,100,IBM
2025-10-29,9:32:42.625399856,T,311.4,200,312.69,100,IBM
2025-10-29,9:32:42.629850513,T,311.4,200,312.76,200,IBM
2025-10-29,9:32:42.629885530,T,311.4,200,312.76,300,IBM
2025-10-29,9:32:42.630351700,T,311.4,200,312.76,200,IBM
2025-10-29,9:32:43.800537576,T,311.4,200,312.76,300,IBM
2025-10-29,9:32:43.800547640,T,311.4,200,312.6,100,IBM
2025-10-29,9:32:43.800562612,T,311.4,200,312.75,100,IBM
2025-10-29,9:32:43.800567627,T,311.4,200,312.59,100,IBM
2025-10-29,9:32:43.800828293,T,311.4,200,312.75,100,IBM
2025-10-29,9:32:43.801559974,T,311.4,200,312.76,300,IBM
2025-10-29,9:32:43.810135435,T,311.4,200,312.76,200,IBM
2025-10-29,9:32:44.577296739,T,311.4,200,312.76,300,IBM
2025-10-29,9:32:44.578815389,T,310.98,100,312.76,300,IBM
2025-10-29,9:32:44.578825436,T,311.61,200,312.76,300,IBM
2025-10-29,9:32:47.921874024,T,311.61,300,312.76,300,IBM
2025-10-29,9:32:47.922390258,T,311.61,300,312.73,100,IBM
2025-10-29,9:32:47.922590759,T,311.61,300,312.76,300,IBM
2025-10-29,9:32:47.922630796,T,311.61,300,312.76,200,IBM
2025-10-29,9:32:50.904725239,T,311.61,400,312.76,200,IBM
2025-10-29,9:32:50.904850543,T,311.61,500,312.76,200,IBM
2025-10-29,9:32:50.904860824,T,311.61,400,312.76,200,IBM
2025-10-29,9:32:50.904860824,T,311.61,500,312.76,200,IBM
2025-10-29,9:32:50.904890579,T,311.61,400,312.76,200,IBM
2025-10-29,9:32:50.904930721,T,311.61,500,312.76,200,IBM
2025-10-29,9:32:50.905015956,T,311.61,400,312.76,200,IBM
2025-10-29,9:32:50.905156304,T,311.61,300,312.76,200,IBM
2025-10-29,9:32:50.906273906,T,311.61,400,312.76,200,IBM
2025-10-29,9:32:50.906309049,T,311.62,100,312.76,200,IBM
2025-10-29,9:32:50.906334092,T,311.61,400,312.76,200,IBM
2025-10-29,9:32:50.906364159,T,311.61,300,312.76,200,IBM
2025-10-29,9:32:50.909306161,T,311.61,300,313.58,100,IBM
2025-10-29,9:32:50.909316219,T,311.61,300,313.14,200,IBM
2025-10-29,9:32:50.915726433,T,311.61,200,313.14,200,IBM
2025-10-29,9:32:56.368587828,T,311.62,100,313.14,200,IBM
2025-10-29,9:32:56.368622846,T,311.63,100,313.14,200,IBM
2025-10-29,9:32:56.368637894,T,311.61,200,313.14,200,IBM
2025-10-29,9:32:56.988122790,T,311.62,100,313.14,200,IBM
2025-10-29,9:32:56.996607970,T,311.61,200,313.14,200,IBM
2025-10-29,9:32:58.360590165,T,311.62,100,313.14,200,IBM
2025-10-29,9:32:58.360620256,T,311.63,100,313.14,200,IBM
2025-10-29,9:32:58.369085331,T,311.61,200,313.14,200,IBM
2025-10-29,9:32:58.369095430,T,311.61,200,312.87,100,IBM
2025-10-29,9:32:58.370599006,T,311.61,200,313.14,200,IBM
2025-10-29,9:32:59.967350331,T,311.61,300,313.14,200,IBM
2025-10-29,9:33:00.247777942,T,311.61,400,313.14,200,IBM
2025-10-29,9:33:00.248068646,T,311.61,300,313.14,200,IBM
2025-10-29,9:33:00.284630618,T,311.61,400,313.14,200,IBM
2025-10-29,9:33:00.787688278,T,311.62,100,313.14,200,IBM
2025-10-29,9:33:00.796293733,T,311.61,200,313.14,200,IBM
2025-10-29,9:33:01.289823742,T,311.61,300,313.14,200,IBM
2025-10-29,9:33:02.056584085,T,311.61,200,313.14,200,IBM
2025-10-29,9:33:08.353143999,T,311.61,300,313.14,200,IBM
2025-10-29,9:33:08.688427251,T,311.61,400,313.14,200,IBM
2025-10-29,9:33:08.692105937,T,311.61,500,313.14,200,IBM
2025-10-29,9:33:09.194386863,T,311.62,100,313.14,200,IBM
2025-10-29,9:33:09.194421826,T,311.67,100,313.14,200,IBM
2025-10-29,9:33:09.202937105,T,311.61,200,313.14,200,IBM
2025-10-29,9:33:09.202947153,T,311.61,200,312.87,100,IBM
2025-10-29,9:33:09.204395551,T,311.61,200,313.14,200,IBM
2025-10-29,9:33:10.410471795,T,311.62,100,313.14,200,IBM
2025-10-29,9:33:10.419097399,T,311.61,200,313.14,200,IBM
2025-10-29,9:33:11.710998000,T,311.61,200,313.14,300,IBM
2025-10-29,9:33:11.819731848,T,311.61,200,313.06,100,IBM
2025-10-29,9:33:12.308811178,T,311.61,200,313.14,200,IBM
2025-10-29,9:33:12.771728129,T,311.62,100,313.14,200,IBM
2025-10-29,9:33:12.771768244,T,311.65,100,313.14,200,IBM
2025-10-29,9:33:12.780433880,T,311.61,200,313.14,200,IBM
2025-10-29,9:33:12.780453931,T,311.61,200,312.87,100,IBM
2025-10-29,9:33:12.781741973,T,311.61,200,313.14,200,IBM
2025-10-29,9:33:13.719579775,T,311.61,300,313.14,200,IBM
2025-10-29,9:33:14.317518134,T,311.62,100,313.14,200,IBM
2025-10-29,9:33:14.317558285,T,311.64,100,313.14,200,IBM
2025-10-29,9:33:14.317558285,T,311.61,300,313.14,200,IBM
2025-10-29,9:33:14.317723687,T,311.61,200,313.14,200,IBM
2025-10-29,9:33:14.317964205,T,311.61,300,313.14,200,IBM
2025-10-29,9:33:16.302408533,T,311.61,400,313.14,200,IBM
2025-10-29,9:33:16.310342339,T,311.62,100,313.14,200,IBM
2025-10-29,9:33:16.318857683,T,311.61,300,313.14,200,IBM
2025-10-29,9:33:16.318872647,T,311.61,300,312.87,100,IBM
2025-10-29,9:33:16.318912751,T,311.61,300,313.14,200,IBM
2025-10-29,9:33:16.319273640,T,311.61,200,313.14,200,IBM
2025-10-29,9:33:17.838665817,T,311.61,300,313.14,200,IBM
2025-10-29,9:33:17.838961439,T,311.61,400,313.14,200,IBM
2025-10-29,9:33:17.845852852,T,311.62,100,313.14,200,IBM
2025-10-29,9:33:17.854358123,T,311.61,400,313.14,200,IBM
2025-10-29,9:33:17.854373121,T,311.61,400,312.87,100,IBM
2025-10-29,9:33:17.854408208,T,311.61,400,313.14,200,IBM
2025-10-29,9:33:17.854563582,T,311.61,300,313.14,200,IBM
2025-10-29,9:33:17.854774126,T,311.61,200,313.14,200,IBM
2025-10-29,9:33:21.746589356,T,311.61,200,312.87,100,IBM
2025-10-29,9:33:21.747837238,T,311.61,200,313.14,300,IBM
2025-10-29,9:33:21.750954738,T,311.61,200,313.14,200,IBM
2025-10-29,9:33:22.035988231,T,311.61,200,313.14,300,IBM
2025-10-29,9:33:24.003933329,T,312.01,100,313.14,300,IBM
2025-10-29,9:33:26.266950879,T,312.01,100,313.14,200,IBM
2025-10-29,9:33:32.335137221,T,312.01,200,313.14,200,IBM
2025-10-29,9:33:32.618181018,T,312.01,100,313.14,200,IBM
2025-10-29,9:33:34.857391949,T,312.01,200,313.14,200,IBM
2025-10-29,9:33:47.211297728,T,312.01,200,312.73,100,IBM
2025-10-29,9:33:48.692694389,T,312.01,100,312.73,100,IBM
2025-10-29,9:33:48.703454930,T,311.84,200,312.73,100,IBM
2025-10-29,9:33:48.729542048,T,312.11,100,312.73,100,IBM
2025-10-29,9:33:49.207740492,T,312.11,100,312.57,100,IBM
2025-10-29,9:33:50.596702042,T,312.11,100,313.14,200,IBM
2025-10-29,9:33:55.932940956,T,312.13,100,313.14,200,IBM
2025-10-29,9:33:55.932971055,T,312.11,100,313.14,200,IBM
2025-10-29,9:33:55.933146470,T,312.36,100,313.14,200,IBM
2025-10-29,9:33:55.933241640,T,312.36,200,313.14,200,IBM
2025-10-29,9:33:55.934178867,T,312.36,200,313.08,100,IBM
2025-10-29,9:33:55.934233980,T,312.36,200,313.14,200,IBM
2025-10-29,9:33:55.934259136,T,312.52,100,313.14,200,IBM
2025-10-29,9:33:55.934259136,T,312.52,200,313.14,200,IBM
2025-10-29,9:33:55.934284177,T,312.52,100,313.14,200,IBM
2025-10-29,9:33:55.934289149,T,312.11,100,313.14,200,IBM
2025-10-29,9:33:55.935602308,T,312.11,100,313.14,300,IBM
2025-10-29,9:33:55.935622276,T,312.11,100,313.14,200,IBM
2025-10-29,9:33:55.935652767,T,312.11,100,313.14,300,IBM
2025-10-29,9:33:55.935657433,T,312.11,100,313.14,200,IBM
2025-10-29,9:33:55.935662411,T,312.11,100,313.14,300,IBM
2025-10-29,9:33:55.935667461,T,312.11,100,313.14,200,IBM
2025-10-29,9:33:55.937617028,T,312.11,100,312.81,100,IBM
2025-10-29,9:33:57.437442621,T,312.11,100,312.81,200,IBM
2025-10-29,9:33:57.437457689,T,312.11,100,312.7,100,IBM
2025-10-29,9:33:57.437858716,T,312.11,100,312.81,100,IBM
2025-10-29,9:33:57.946975667,T,312.11,100,312.53,100,IBM
2025-10-29,9:33:58.861227188,T,311.61,200,312.53,100,IBM
2025-10-29,9:33:58.861242633,T,311.61,200,312.13,100,IBM
2025-10-29,9:33:58.861287430,T,311.61,200,312.53,100,IBM
2025-10-29,9:33:59.954464867,T,311.61,200,312.48,100,IBM
2025-10-29,9:34:00.671782521,T,311.61,200,312.89,200,IBM
2025-10-29,9:34:00.680302734,T,311.61,200,312.89,300,IBM
2025-10-29,9:34:02.676204480,T,311.61,200,312.7,100,IBM
2025-10-29,9:34:03.910542913,T,311.61,200,312.48,100,IBM
2025-10-29,9:34:05.365566927,T,311.61,200,312.89,300,IBM
2025-10-29,9:34:08.242515977,T,311.61,200,312.89,200,IBM
2025-10-29,9:34:11.817531943,T,311.61,200,312.89,300,IBM
2025-10-29,9:34:12.650199228,T,311.61,200,312.89,400,IBM
2025-10-29,9:34:21.123215657,T,312.01,300,312.89,400,IBM
2025-10-29,9:34:21.129435515,T,312.01,300,312.89,300,IBM
2025-10-29,9:34:29.389344651,T,312.01,300,312.89,200,IBM
2025-10-29,9:34:45.155999882,T,312.01,100,312.89,200,IBM
2025-10-29,9:34:45.156055046,T,311.61,200,312.89,200,IBM
2025-10-29,9:34:45.156080070,T,311.61,200,312.89,300,IBM
2025-10-29,9:34:45.156085523,T,311.61,200,312.42,100,IBM
2025-10-29,9:34:45.156090151,T,311.61,200,312.53,100,IBM
2025-10-29,9:34:45.156240593,T,311.61,200,312.28,100,IBM
2025-10-29,9:34:45.156496129,T,311.61,200,312.28,200,IBM
2025-10-29,9:34:45.156556177,T,311.61,200,312.28,100,IBM
2025-10-29,9:34:45.156856884,T,311.95,100,312.28,100,IBM
2025-10-29,9:34:45.156877004,T,311.61,200,312.28,100,IBM
2025-10-29,9:34:45.156907419,T,311.61,200,312.28,200,IBM
2025-10-29,9:34:45.156952171,T,311.61,200,312.28,100,IBM
2025-10-29,9:34:45.157463415,T,311.42,200,312.28,100,IBM
2025-10-29,9:34:45.166028729,T,311.42,300,312.28,100,IBM
2025-10-29,9:34:45.321569130,T,311.42,300,312.28,200,IBM
2025-10-29,9:34:45.321569130,T,311.42,300,312.28,100,IBM
2025-10-29,9:34:47.977025977,T,311.42,300,312.55,100,IBM
2025-10-29,9:34:47.977050930,T,311.42,300,312.68,200,IBM
2025-10-29,9:34:48.056715585,T,311.42,300,312.55,100,IBM
2025-10-29,9:34:48.504942624,T,311.42,300,312.68,200,IBM
2025-10-29,9:34:49.456182291,T,311.42,300,312.68,300,IBM
2025-10-29,9:34:49.985958621,T,311.42,300,312.15,100,IBM
2025-10-29,9:34:49.988850500,T,311.42,200,312.15,100,IBM
2025-10-29,9:34:51.176487910,T,311.42,200,312.15,200,IBM
2025-10-29,9:34:51.635736233,T,311.42,200,312.15,100,IBM
2025-10-29,9:34:54.589107322,T,310.8,100,312.15,100,IBM
2025-10-29,9:34:54.589107322,T,311.19,200,312.15,100,IBM
2025-10-29,9:34:55.454798275,T,311.2,100,312.15,100,IBM
2025-10-29,9:34:55.463443949,T,311.19,200,312.15,100,IBM
2025-10-29,9:34:56.259508946,T,311.2,100,312.15,100,IBM
2025-10-29,9:34:56.268034223,T,311.19,200,312.15,100,IBM
2025-10-29,9:34:56.331144456,T,311.19,200,312.15,200,IBM
2025-10-29,9:34:56.331159505,T,311.19,200,312.01,100,IBM
2025-10-29,9:34:56.331400118,T,311.19,200,311.89,100,IBM
2025-10-29,9:34:56.331640695,T,310.46,100,311.89,100,IBM
2025-10-29,9:34:56.331645667,T,310.95,200,311.89,100,IBM
2025-10-29,9:34:56.336146336,T,310.95,200,312.14,100,IBM
2025-10-29,9:34:56.340742316,T,310.95,200,312.18,100,IBM
2025-10-29,9:34:56.347989560,T,310.95,200,312.3,100,IBM
2025-10-29,9:34:56.431142557,T,310.95,200,312.55,100,IBM
2025-10-29,9:34:56.431172652,T,310.95,200,312.68,300,IBM
2025-10-29,9:34:56.467238451,T,310.95,200,312.68,100,IBM
2025-10-29,9:34:56.467243439,T,310.95,200,312.4,200,IBM
2025-10-29,9:35:00.087487005,T,310.95,300,312.4,200,IBM
2025-10-29,9:35:00.168219157,T,310.95,300,312.4,300,IBM
2025-10-29,9:35:00.168244227,T,310.95,300,312.4,200,IBM
2025-10-29,9:35:00.168730412,T,310.95,300,312.4,300,IBM
2025-10-29,9:35:00.168770516,T,310.95,300,312.3,100,IBM
2025-10-29,9:35:00.168825592,T,310.95,300,312.15,100,IBM
2025-10-29,9:35:00.168910905,T,310.95,200,312.15,100,IBM
2025-10-29,9:35:00.174153284,T,310.81,100,312.15,100,IBM
2025-10-29,9:35:00.174183376,T,310.74,200,312.15,100,IBM
2025-10-29,9:35:00.221496013,T,310.74,200,312.06,100,IBM
2025-10-29,9:35:00.225440346,T,310.74,200,312.15,100,IBM
2025-10-29,9:35:00.260218174,T,310.74,200,311.89,500,IBM
2025-10-29,9:35:00.260228251,T,310.74,200,312.15,100,IBM
2025-10-29,9:35:00.260253325,T,310.74,200,312.06,100,IBM
2025-10-29,9:35:00.293793074,T,310.74,200,312.15,100,IBM
2025-10-29,9:35:00.593451597,T,310.8,100,312.15,100,IBM
2025-10-29,9:35:02.250446292,T,310.8,100,312.06,100,IBM
2025-10-29,9:35:04.852741510,T,310.8,100,311.82,100,IBM
2025-10-29,9:35:04.852866713,T,310.8,100,311.78,100,IBM
2025-10-29,9:35:04.856871298,T,310.8,100,311.82,100,IBM
2025-10-29,9:35:04.952614235,T,310.8,100,312.06,100,IBM
2025-10-29,9:35:05.852235907,T,310.8,100,311.94,100,IBM
2025-10-29,9:35:05.856370764,T,310.8,100,312.06,100,IBM
2025-10-29,9:35:09.463402893,T,310.8,100,311.84,200,IBM
2025-10-29,9:35:13.365522643,T,310.8,100,311.82,100,IBM
2025-10-29,9:35:13.465520713,T,310.8,100,311.84,200,IBM
2025-10-29,9:35:13.831717462,T,310.8,100,311.78,100,IBM
2025-10-29,9:35:13.831727436,T,310.8,100,311.84,200,IBM
2025-10-29,9:35:15.690698087,T,310.8,100,312.3,100,IBM
2025-10-29,9:35:15.690698087,T,310.8,100,311.62,200,IBM
2025-10-29,9:35:16.696602712,T,310.71,100,311.62,200,IBM
2025-10-29,9:35:17.197896293,T,310.71,100,311.39,100,IBM
2025-10-29,9:35:17.197896293,T,310.71,100,311.38,100,IBM
2025-10-29,9:35:17.197906243,T,310.71,100,311.28,100,IBM
2025-10-29,9:35:17.197926597,T,310.71,100,311.1,100,IBM
2025-10-29,9:35:17.197986411,T,310.71,100,311.28,100,IBM
2025-10-29,9:35:17.198126786,T,310.71,100,311.1,100,IBM
2025-10-29,9:35:17.198352338,T,310.29,200,311.1,100,IBM
2025-10-29,9:35:17.198853561,T,310.29,300,311.1,100,IBM
2025-10-29,9:35:17.198878574,T,310.29,200,311.1,100,IBM
2025-10-29,9:35:17.198878574,T,310.29,200,311.38,100,IBM
2025-10-29,9:35:17.198888555,T,310.29,200,311.39,100,IBM
2025-10-29,9:35:17.198908672,T,310.73,100,311.39,100,IBM
2025-10-29,9:35:17.198914283,T,310.73,100,311.38,100,IBM
2025-10-29,9:35:17.198938730,T,310.29,200,311.38,100,IBM
2025-10-29,9:35:17.198958707,T,310.29,200,311.25,100,IBM
2025-10-29,9:35:17.199129081,T,310.29,200,311.29,100,IBM
2025-10-29,9:35:17.199144216,T,310.29,200,311.38,100,IBM
2025-10-29,9:35:17.199705463,T,310.29,200,311.34,100,IBM
2025-10-29,9:35:17.199730604,T,310.29,200,311.38,100,IBM
2025-10-29,9:35:17.199850862,T,310.29,200,311.39,100,IBM
2025-10-29,9:35:17.199885988,T,310.29,200,311.38,100,IBM
2025-10-29,9:35:17.200016246,T,310.29,200,311.39,100,IBM
2025-10-29,9:35:17.200577546,T,310.29,200,311.38,100,IBM
2025-10-29,9:35:17.200592605,T,310.29,200,311.39,100,IBM
2025-10-29,9:35:17.201219169,T,310.29,200,310.75,100,IBM
2025-10-29,9:35:17.201790511,T,310.29,200,311.39,100,IBM
2025-10-29,9:35:17.208245992,T,310.29,200,311.46,100,IBM
2025-10-29,9:35:17.208421310,T,310.29,200,311.38,100,IBM
2025-10-29,9:35:17.208451359,T,310.29,200,311.34,100,IBM
2025-10-29,9:35:17.208571577,T,310.0,500,311.34,100,IBM
2025-10-29,9:35:17.211212871,T,310.0,500,311.38,100,IBM
2025-10-29,9:35:17.218019071,T,310.0,500,311.46,100,IBM
2025-10-29,9:35:17.219287081,T,310.0,500,311.34,100,IBM
2025-10-29,9:35:17.219297196,T,310.0,500,311.22,100,IBM
2025-10-29,9:35:17.219317168,T,310.0,500,311.38,100,IBM
2025-10-29,9:35:17.219512745,T,310.0,500,311.22,100,IBM
2025-10-29,9:35:17.229632163,T,310.0,500,311.38,100,IBM
2025-10-29,9:35:17.243174001,T,310.0,500,311.21,100,IBM
2025-10-29,9:35:17.243184059,T,310.0,500,311.07,100,IBM
2025-10-29,9:35:17.243284301,T,310.0,500,311.06,100,IBM
2025-10-29,9:35:17.244196444,T,310.0,500,311.21,200,IBM
2025-10-29,9:35:17.252771804,T,310.0,500,311.21,100,IBM
2025-10-29,9:35:17.253523595,T,310.0,500,311.34,100,IBM
2025-10-29,9:35:17.254039857,T,310.0,500,311.38,100,IBM
2025-10-29,9:35:17.297904331,T,310.0,500,311.46,100,IBM
2025-10-29,9:35:17.320072050,T,310.0,500,311.62,200,IBM
2025-10-29,9:35:17.339909334,T,310.0,500,311.58,100,IBM
2025-10-29,9:35:17.343131976,T,310.0,500,311.46,100,IBM
2025-10-29,9:35:17.344400040,T,310.07,200,311.46,100,IBM
2025-10-29,9:35:17.344404965,T,310.07,200,311.38,200,IBM
2025-10-29,9:35:17.344435123,T,310.07,200,311.38,300,IBM
2025-10-29,9:35:17.524684191,T,310.07,200,311.38,200,IBM
2025-10-29,9:35:17.668245948,T,310.07,200,311.34,100,IBM
2025-10-29,9:35:18.002231318,T,310.07,200,311.38,200,IBM
2025-10-29,9:35:18.002231318,T,310.07,200,311.12,100,IBM
2025-10-29,9:35:18.002446515,T,310.07,200,311.12,200,IBM
2025-10-29,9:35:18.003423926,T,310.07,200,311.12,100,IBM
2025-10-29,9:35:18.343899420,T,310.07,200,311.38,300,IBM
2025-10-29,9:35:18.421268625,T,310.07,200,310.97,100,IBM
2025-10-29,9:35:18.798496737,T,310.07,200,310.8,100,IBM
2025-10-29,9:35:18.798496737,T,310.07,200,310.95,100,IBM
2025-10-29,9:35:18.799308705,T,310.07,200,311.34,100,IBM
2025-10-29,9:35:18.799358801,T,310.07,200,310.97,100,IBM
2025-10-29,9:35:18.806540847,T,310.07,200,311.38,300,IBM
2025-10-29,9:35:18.849067128,T,310.07,200,311.1,100,IBM
2025-10-29,9:35:18.849738713,T,310.07,200,310.8,100,IBM
2025-10-29,9:35:19.736875787,T,310.07,200,311.38,300,IBM
2025-10-29,9:35:20.829466935,T,310.07,200,311.38,200,IBM
2025-10-29,9:35:20.834353585,T,310.07,200,310.95,100,IBM
2025-10-29,9:35:24.822943976,T,310.07,300,310.95,100,IBM
2025-10-29,9:35:25.447089894,T,310.07,300,310.81,100,IBM
2025-10-29,9:35:25.525145731,T,310.07,200,310.81,100,IBM
2025-10-29,9:35:32.829820803,T,310.07,200,311.15,200,IBM
2025-10-29,9:35:32.829850838,T,310.22,100,311.15,200,IBM
2025-10-29,9:35:32.830256882,T,310.22,100,311.48,100,IBM
2025-10-29,9:35:32.830262004,T,310.22,100,311.4,200,IBM
2025-10-29,9:35:32.830271857,T,310.22,200,311.4,200,IBM
2025-10-29,9:35:32.830297339,T,310.22,300,311.4,200,IBM
2025-10-29,9:35:32.831013611,T,310.22,400,311.4,200,IBM
2025-10-29,9:35:32.837313982,T,310.22,300,311.4,200,IBM
2025-10-29,9:35:32.837599332,T,310.22,300,311.4,300,IBM
2025-10-29,9:35:32.837639400,T,310.22,300,311.34,100,IBM
2025-10-29,9:35:32.837659481,T,310.22,300,311.4,300,IBM
2025-10-29,9:35:32.841588872,T,310.22,300,311.4,200,IBM
2025-10-29,9:35:32.841799356,T,310.22,200,311.4,200,IBM
2025-10-29,9:35:32.842004760,T,310.22,100,311.4,200,IBM
2025-10-29,9:35:32.844099802,T,310.22,200,311.4,200,IBM
2025-10-29,9:35:33.064218788,T,310.22,200,311.48,100,IBM
2025-10-29,9:35:33.064223842,T,310.22,200,311.19,200,IBM
2025-10-29,9:35:33.077435338,T,310.22,100,311.19,200,IBM
2025-10-29,9:35:33.330372490,T,310.07,200,311.19,200,IBM
2025-10-29,9:35:37.581132171,T,310.07,200,310.76,100,IBM
2025-10-29,9:35:37.800509392,T,310.0,500,310.76,100,IBM
2025-10-29,9:35:38.038506007,T,310.0,500,310.76,200,IBM
2025-10-29,9:35:38.038511021,T,310.0,500,310.76,100,IBM
2025-10-29,9:35:39.947019671,T,310.0,500,311.19,200,IBM
2025-10-29,9:35:40.285896339,T,310.0,500,310.91,100,IBM
2025-10-29,9:35:40.698052528,T,310.0,500,310.71,100,IBM
2025-10-29,9:35:43.272701900,T,310.0,500,310.95,200,IBM
2025-10-29,9:35:46.816694003,T,310.0,600,310.95,200,IBM
2025-10-29,9:35:46.826291907,T,310.0,500,310.95,200,IBM
2025-10-29,9:35:46.827579932,T,310.0,500,310.72,100,IBM
2025-10-29,9:35:50.099053426,T,310.0,500,310.95,200,IBM
2025-10-29,9:36:05.006869097,T,310.0,500,310.86,100,IBM
2025-10-29,9:36:09.659685667,T,310.0,500,310.95,200,IBM
2025-10-29,9:36:11.517453430,T,310.0,500,310.58,100,IBM
2025-10-29,9:36:11.517458403,T,310.0,500,310.57,100,IBM
2025-10-29,9:36:11.517704007,T,310.0,500,310.49,100,IBM
2025-10-29,9:36:11.518470850,T,310.0,500,310.57,100,IBM
2025-10-29,9:36:11.527056252,T,310.0,500,310.95,200,IBM
2025-10-29,9:36:23.027795923,T,310.03,100,310.95,200,IBM
2025-10-29,9:36:23.027846086,T,310.27,100,310.95,200,IBM
2025-10-29,9:36:23.027886271,T,310.28,100,310.95,200,IBM
2025-10-29,9:36:23.028121722,T,310.27,100,310.95,200,IBM
2025-10-29,9:36:23.028211988,T,310.0,500,310.95,200,IBM
2025-10-29,9:36:23.948166955,T,310.03,100,310.95,200,IBM
2025-10-29,9:36:23.948172002,T,310.36,100,310.95,200,IBM
2025-10-29,9:36:23.948457815,T,310.36,100,311.25,100,IBM
2025-10-29,9:36:23.948467738,T,310.36,100,311.15,200,IBM
2025-10-29,9:36:23.948537852,T,310.49,100,311.15,200,IBM
2025-10-29,9:36:23.948994074,T,310.36,100,311.15,200,IBM
2025-10-29,9:36:23.949013991,T,310.29,100,311.15,200,IBM
2025-10-29,9:36:23.949139348,T,310.36,100,311.15,200,IBM
2025-10-29,9:36:23.949139348,T,310.51,100,311.15,200,IBM
2025-10-29,9:36:23.949154352,T,310.52,100,311.15,200,IBM
2025-10-29,9:36:23.958737213,T,310.51,100,311.15,200,IBM
2025-10-29,9:36:23.958997779,T,310.51,100,311.25,100,IBM
2025-10-29,9:36:23.959784675,T,310.29,100,311.25,100,IBM
2025-10-29,9:36:23.998687329,T,310.29,200,311.25,100,IBM
2025-10-29,9:36:24.047909464,T,310.29,300,311.25,100,IBM
2025-10-29,9:36:24.049177509,T,310.29,200,311.25,100,IBM
2025-10-29,9:36:24.145391602,T,310.29,100,311.25,100,IBM
2025-10-29,9:36:27.830785329,T,310.0,500,311.25,100,IBM
2025-10-29,9:36:28.176277900,T,310.03,100,311.25,100,IBM
2025-10-29,9:36:28.186953257,T,310.0,500,311.25,100,IBM
2025-10-29,9:36:28.187093675,T,310.03,100,311.25,100,IBM
2025-10-29,9:36:31.807217011,T,310.79,100,311.25,100,IBM
2025-10-29,9:36:31.807637951,T,310.53,100,311.25,100,IBM
2025-10-29,9:36:31.808199293,T,310.53,100,311.38,200,IBM
2025-10-29,9:36:31.808219432,T,310.52,100,311.38,200,IBM
2025-10-29,9:36:31.810113932,T,310.53,100,311.38,200,IBM
2025-10-29,9:36:31.810118956,T,310.82,100,311.38,200,IBM
2025-10-29,9:36:31.810124323,T,310.83,100,311.38,200,IBM
2025-10-29,9:36:31.810404592,T,310.77,100,311.38,200,IBM
2025-10-29,9:36:31.810850619,T,310.7,100,311.38,200,IBM
2025-10-29,9:36:31.810991004,T,310.7,100,311.7,100,IBM
2025-10-29,9:36:31.811021092,T,310.7,100,311.75,200,IBM
2025-10-29,9:36:31.811061117,T,310.83,100,311.75,200,IBM
2025-10-29,9:36:31.811111330,T,310.7,100,311.75,200,IBM
2025-10-29,9:36:31.813040914,T,310.7,200,311.75,200,IBM
2025-10-29,9:36:31.814148542,T,310.83,100,311.75,200,IBM
2025-10-29,9:36:31.814173516,T,310.7,200,311.75,200,IBM
2025-10-29,9:36:31.824232557,T,310.7,100,311.75,200,IBM
2025-10-29,9:36:31.825685928,T,310.7,200,311.75,200,IBM
2025-10-29,9:36:31.856058301,T,310.7,100,311.75,200,IBM
2025-10-29,9:36:31.856203586,T,310.58,100,311.75,200,IBM
2025-10-29,9:36:31.856208672,T,310.58,100,311.69,100,IBM
2025-10-29,9:36:31.856208672,T,310.58,100,311.75,200,IBM
2025-10-29,9:36:31.856213639,T,310.58,100,311.94,100,IBM
2025-10-29,9:36:31.858614344,T,310.58,100,312.07,100,IBM
2025-10-29,9:36:31.859882434,T,310.58,100,311.94,100,IBM
2025-10-29,9:36:31.872788146,T,310.58,100,312.07,100,IBM
2025-10-29,9:36:31.910112007,T,310.34,100,312.07,100,IBM
2025-10-29,9:36:31.912853491,T,310.34,100,311.72,200,IBM
2025-10-29,9:36:32.000918160,T,310.22,100,311.72,200,IBM
2025-10-29,9:36:32.004977852,T,310.4,100,311.72,200,IBM
2025-10-29,9:36:32.004977852,T,310.22,100,311.72,200,IBM
2025-10-29,9:36:32.005007923,T,310.1,100,311.72,200,IBM
2025-10-29,9:36:32.312154113,T,310.1,100,311.68,100,IBM
2025-10-29,9:36:32.312189242,T,310.03,100,311.68,100,IBM
2025-10-29,9:36:32.312660369,T,310.03,100,311.69,100,IBM
2025-10-29,9:36:32.312695401,T,310.03,100,311.72,200,IBM
2025-10-29,9:36:32.367746539,T,310.1,100,311.72,200,IBM
2025-10-29,9:36:32.496392786,T,310.03,100,311.72,200,IBM
2025-10-29,9:36:32.900840711,T,310.1,100,311.72,200,IBM
2025-10-29,9:36:33.675349527,T,310.1,100,311.67,100,IBM
2025-10-29,9:36:33.683919911,T,310.1,100,311.72,200,IBM
2025-10-29,9:36:33.823822938,T,310.1,100,311.56,100,IBM
2025-10-29,9:36:35.309108827,T,310.36,100,311.56,100,IBM
2025-10-29,9:36:35.486967410,T,310.22,100,311.56,100,IBM
2025-10-29,9:36:35.714358889,T,310.1,100,311.56,100,IBM
2025-10-29,9:36:36.379913348,T,310.03,100,311.56,100,IBM
2025-10-29,9:36:36.445499440,T,310.1,100,311.56,100,IBM
2025-10-29,9:36:36.445509456,T,310.22,100,311.56,100,IBM
2025-10-29,9:36:36.445544493,T,310.34,100,311.56,100,IBM
2025-10-29,9:36:36.445579677,T,310.36,100,311.56,100,IBM
2025-10-29,9:36:36.445629990,T,310.34,100,311.56,100,IBM
2025-10-29,9:36:36.445634768,T,310.36,100,311.56,100,IBM
2025-10-29,9:36:36.445699917,T,310.34,100,311.56,100,IBM
2025-10-29,9:36:36.445729979,T,310.22,100,311.56,100,IBM
2025-10-29,9:36:36.445765080,T,310.34,100,311.56,100,IBM
2025-10-29,9:36:36.446612026,T,310.22,100,311.56,100,IBM
2025-10-29,9:36:36.446657192,T,310.34,100,311.56,100,IBM
2025-10-29,9:36:36.448065592,T,310.22,100,311.56,100,IBM
2025-10-29,9:36:36.455082289,T,310.1,100,311.56,100,IBM
2025-10-29,9:36:36.455252647,T,310.22,100,311.56,100,IBM
2025-10-29,9:36:36.456134791,T,310.22,100,311.45,100,IBM
2025-10-29,9:36:36.639290770,T,310.1,100,311.45,100,IBM
2025-10-29,9:36:36.639365984,T,310.22,100,311.45,100,IBM
2025-10-29,9:36:36.639401007,T,310.34,100,311.45,100,IBM
2025-10-29,9:36:37.054574468,T,310.36,100,311.45,100,IBM
2025-10-29,9:36:37.055000449,T,310.36,200,311.45,100,IBM
2025-10-29,9:36:39.555623486,T,310.36,100,311.45,100,IBM
2025-10-29,9:36:41.053188742,T,310.36,100,311.72,200,IBM
2025-10-29,9:36:41.053218878,T,310.66,100,311.72,200,IBM
2025-10-29,9:36:41.053218878,T,311.05,200,311.72,200,IBM
2025-10-29,9:36:41.053243837,T,311.05,100,311.72,200,IBM
2025-10-29,9:36:41.053274171,T,310.51,100,311.72,200,IBM
2025-10-29,9:36:41.053283871,T,310.58,100,311.72,200,IBM
2025-10-29,9:36:41.053303977,T,310.67,100,311.72,200,IBM
2025-10-29,9:36:41.053519433,T,310.67,100,312.3,100,IBM
2025-10-29,9:36:41.053524500,T,310.67,100,312.22,200,IBM
2025-10-29,9:36:41.053985576,T,310.7,100,312.22,200,IBM
2025-10-29,9:36:41.054125881,T,310.7,100,312.14,100,IBM
2025-10-29,9:36:41.054221178,T,310.67,100,312.14,100,IBM
2025-10-29,9:36:41.055283808,T,310.67,100,311.7,100,IBM
2025-10-29,9:36:41.058270801,T,310.66,200,311.7,100,IBM
2025-10-29,9:36:41.063713735,T,310.66,100,311.7,100,IBM
2025-10-29,9:36:41.153216876,T,310.58,100,311.7,100,IBM
2025-10-29,9:36:41.153497520,T,310.34,100,311.7,100,IBM
2025-10-29,9:36:41.154364545,T,310.41,100,311.7,100,IBM
2025-10-29,9:36:41.303785341,T,310.41,200,311.7,100,IBM
2025-10-29,9:36:42.965616882,T,310.41,300,311.7,100,IBM
2025-10-29,9:36:43.281558995,T,310.41,200,311.7,100,IBM
2025-10-29,9:36:43.679325898,T,310.41,100,311.7,100,IBM
2025-10-29,9:36:43.679842055,T,310.41,200,311.7,100,IBM
2025-10-29,9:36:43.690056346,T,310.41,100,311.7,100,IBM
2025-10-29,9:36:43.787623698,T,310.41,200,311.7,100,IBM
2025-10-29,9:36:46.690268693,T,310.41,100,311.7,100,IBM
2025-10-29,9:36:47.610664917,T,310.43,100,311.7,100,IBM
2025-10-29,9:36:47.619325553,T,310.22,100,311.7,100,IBM
2025-10-29,9:36:47.619335631,T,310.22,100,311.69,100,IBM
2025-10-29,9:36:47.620668790,T,310.22,100,311.7,100,IBM
2025-10-29,9:36:49.568921887,T,310.22,100,311.67,100,IBM
2025-10-29,9:36:49.568926910,T,311.09,100,311.67,100,IBM
2025-10-29,9:36:49.569142399,T,310.58,100,311.67,100,IBM
2025-10-29,9:36:49.569182543,T,310.7,100,311.67,100,IBM
2025-10-29,9:36:49.569217567,T,310.82,100,311.67,100,IBM
2025-10-29,9:36:49.569242611,T,310.82,100,311.59,100,IBM
2025-10-29,9:36:49.569252725,T,310.82,100,311.38,100,IBM
2025-10-29,9:36:49.569498298,T,310.82,100,311.59,100,IBM
2025-10-29,9:36:49.569508344,T,310.82,100,311.25,100,IBM
2025-10-29,9:36:49.569653870,T,310.58,100,311.25,100,IBM
2025-10-29,9:36:49.569653870,T,310.51,100,311.25,100,IBM
2025-10-29,9:36:49.569678715,T,310.51,100,311.25,200,IBM
2025-10-29,9:36:49.569698812,T,310.51,100,311.25,100,IBM
2025-10-29,9:36:49.569703718,T,310.51,100,311.09,100,IBM
2025-10-29,9:36:49.569743814,T,310.46,100,311.09,100,IBM
2025-10-29,9:36:49.578118778,T,310.46,100,311.59,100,IBM
2025-10-29,9:36:49.578133798,T,310.46,100,311.67,100,IBM
2025-10-29,9:36:49.578143857,T,310.46,100,311.59,100,IBM
2025-10-29,9:36:49.578148874,T,310.46,100,311.67,100,IBM
2025-10-29,9:36:49.578158896,T,310.58,100,311.67,100,IBM
2025-10-29,9:36:49.578158896,T,310.82,100,311.67,100,IBM
2025-10-29,9:36:49.578188945,T,310.92,100,311.67,100,IBM
2025-10-29,9:36:49.579983265,T,310.92,100,311.44,100,IBM
2025-10-29,9:36:50.482752434,T,310.46,100,311.44,100,IBM
2025-10-29,9:36:50.482752434,T,310.93,100,311.44,100,IBM
2025-10-29,9:36:50.518251953,T,310.93,100,311.67,100,IBM
2025-10-29,9:36:50.519835751,T,310.93,100,311.84,200,IBM
2025-10-29,9:36:51.077904357,T,310.22,100,311.84,200,IBM
2025-10-29,9:36:51.077904357,T,310.94,100,311.84,200,IBM
2025-10-29,9:36:52.523706367,T,310.94,100,311.83,100,IBM
2025-10-29,9:36:52.662191124,T,310.34,100,311.83,100,IBM
2025-10-29,9:36:52.662191124,T,310.96,100,311.83,100,IBM
2025-10-29,9:36:52.662767467,T,310.96,200,311.83,100,IBM
2025-10-29,9:36:52.662777515,T,310.46,100,311.83,100,IBM
2025-10-29,9:36:52.662782764,T,311.2,100,311.83,100,IBM
2025-10-29,9:36:52.662812589,T,311.2,100,311.84,200,IBM
2025-10-29,9:36:52.664125758,T,311.2,200,311.84,200,IBM
2025-10-29,9:36:52.664145792,T,311.2,100,311.84,200,IBM
2025-10-29,9:36:52.664150748,T,311.21,100,311.84,200,IBM
2025-10-29,9:36:52.664150748,T,311.27,200,311.84,200,IBM
2025-10-29,9:36:52.664160788,T,311.21,100,311.84,200,IBM
2025-10-29,9:36:52.664185848,T,311.39,200,311.84,200,IBM
2025-10-29,9:36:52.664210927,T,311.54,100,311.84,200,IBM
2025-10-29,9:36:52.664225921,T,311.21,100,311.84,200,IBM
2025-10-29,9:36:52.664256026,T,311.2,100,311.84,200,IBM
2025-10-29,9:36:52.664386540,T,311.02,100,311.84,200,IBM
2025-10-29,9:36:52.664391547,T,311.21,100,311.84,200,IBM
2025-10-29,9:36:52.664391547,T,311.27,100,311.84,200,IBM
2025-10-29,9:36:52.664401391,T,311.28,100,311.84,200,IBM
2025-10-29,9:36:52.664411393,T,311.35,100,311.84,200,IBM
2025-10-29,9:36:52.664461513,T,311.28,100,311.84,200,IBM
2025-10-29,9:36:52.664466515,T,311.27,100,311.84,200,IBM
2025-10-29,9:36:52.664466515,T,311.27,100,311.84,300,IBM
2025-10-29,9:36:52.664481554,T,311.27,100,311.84,200,IBM
2025-10-29,9:36:52.664506580,T,311.27,100,311.62,100,IBM
2025-10-29,9:36:52.664536704,T,311.27,100,311.84,200,IBM
2025-10-29,9:36:52.664557040,T,311.28,100,311.84,200,IBM
2025-10-29,9:36:52.664636974,T,311.35,100,311.84,200,IBM
2025-10-29,9:36:52.664682050,T,311.35,100,312.13,100,IBM
2025-10-29,9:36:52.664712137,T,311.28,100,312.13,100,IBM
2025-10-29,9:36:52.664742342,T,311.35,100,312.13,100,IBM
2025-10-29,9:36:52.664752170,T,311.28,100,312.13,100,IBM
2025-10-29,9:36:52.664797509,T,311.28,100,312.13,200,IBM
2025-10-29,9:36:52.664892528,T,311.4,100,312.13,200,IBM
2025-10-29,9:36:52.664917644,T,311.35,100,312.13,200,IBM
2025-10-29,9:36:52.665388757,T,311.28,100,312.13,200,IBM
2025-10-29,9:36:52.665940056,T,311.24,100,312.13,200,IBM
2025-10-29,9:36:52.674490402,T,311.21,100,312.13,200,IBM
2025-10-29,9:36:52.674510387,T,310.91,100,312.13,200,IBM
2025-10-29,9:36:52.674731000,T,310.8,100,312.13,200,IBM
2025-10-29,9:36:52.764148826,T,310.36,300,312.13,200,IBM
2025-10-29,9:36:52.771486309,T,310.69,100,312.13,200,IBM
2025-10-29,9:36:53.167714541,T,310.58,100,312.13,200,IBM
2025-10-29,9:36:53.517562465,T,310.58,100,311.98,100,IBM
2025-10-29,9:36:54.171238608,T,310.69,100,311.98,100,IBM
2025-10-29,9:36:54.575240355,T,310.58,100,311.98,100,IBM
2025-10-29,9:36:54.794717810,T,310.69,100,311.98,100,IBM
2025-10-29,9:36:54.977828933,T,310.58,100,311.98,100,IBM
2025-10-29,9:36:55.731112173,T,310.69,100,311.98,100,IBM
2025-10-29,9:36:55.841274525,T,310.58,100,311.98,100,IBM
2025-10-29,9:36:56.072519980,T,310.69,100,311.98,100,IBM
2025-10-29,9:36:56.404971432,T,310.69,100,312.33,200,IBM
2025-10-29,9:36:58.436698532,T,310.69,100,311.98,100,IBM
2025-10-29,9:36:58.707588470,T,310.69,100,312.33,200,IBM
2025-10-29,9:36:59.746190906,T,310.46,100,312.33,200,IBM
2025-10-29,9:37:00.271311098,T,310.7,200,312.33,200,IBM
2025-10-29,9:37:01.794753015,T,310.7,200,312.55,100,IBM
2025-10-29,9:37:01.794778194,T,310.7,200,312.61,200,IBM
2025-10-29,9:37:01.800707188,T,310.7,200,312.55,100,IBM
2025-10-29,9:37:02.233492407,T,310.7,200,312.07,100,IBM
2025-10-29,9:37:02.503420056,T,310.7,200,312.55,100,IBM
2025-10-29,9:37:05.963241926,T,310.7,200,312.61,200,IBM
2025-10-29,9:37:05.963262043,T,310.7,200,312.55,100,IBM
2025-10-29,9:37:05.963272066,T,310.7,200,312.61,200,IBM
2025-10-29,9:37:05.963307154,T,310.7,200,312.61,300,IBM
2025-10-29,9:37:05.964384724,T,310.7,200,312.55,100,IBM
2025-10-29,9:37:05.967517100,T,310.7,200,312.61,300,IBM
2025-10-29,9:37:08.422822504,T,310.34,100,312.61,300,IBM
2025-10-29,9:37:08.422827567,T,310.96,200,312.61,300,IBM
2025-10-29,9:37:11.545005129,T,310.96,200,312.61,200,IBM
2025-10-29,9:37:11.546142874,T,310.96,200,312.61,300,IBM
2025-10-29,9:37:14.990342543,T,310.96,200,312.03,100,IBM
2025-10-29,9:37:14.997228919,T,311.02,200,312.03,100,IBM
2025-10-29,9:37:14.997569730,T,310.96,200,312.03,100,IBM
2025-10-29,9:37:14.997589731,T,311.51,200,312.03,100,IBM
2025-10-29,9:37:14.997720064,T,311.51,100,312.03,100,IBM
2025-10-29,9:37:14.997740457,T,311.02,100,312.03,100,IBM
2025-10-29,9:37:14.997745087,T,310.96,200,312.03,100,IBM
2025-10-29,9:37:14.998015777,T,311.02,100,312.03,100,IBM
2025-10-29,9:37:14.998035883,T,311.03,100,312.03,100,IBM
2025-10-29,9:37:14.998527062,T,311.02,100,312.03,100,IBM
2025-10-29,9:37:14.998531977,T,311.03,100,312.03,100,IBM
2025-10-29,9:37:14.998637275,T,311.13,100,312.03,100,IBM
2025-10-29,9:37:14.998667685,T,311.03,100,312.03,100,IBM
2025-10-29,9:37:14.998697731,T,311.02,100,312.03,100,IBM
2025-10-29,9:37:14.998702461,T,311.03,100,312.03,100,IBM
2025-10-29,9:37:14.998717540,T,311.02,100,312.03,100,IBM
2025-10-29,9:37:14.998722507,T,311.03,100,312.03,100,IBM
2025-10-29,9:37:14.998732543,T,311.02,100,312.03,100,IBM
2025-10-29,9:37:14.998767609,T,311.03,100,312.03,100,IBM
2025-10-29,9:37:14.998782644,T,311.02,100,312.03,100,IBM
2025-10-29,9:37:14.998907889,T,311.03,100,312.03,100,IBM
2025-10-29,9:37:14.998927947,T,310.96,200,312.03,100,IBM
2025-10-29,9:37:15.047207890,T,310.96,200,311.83,100,IBM
2025-10-29,9:37:15.047227893,T,310.96,200,312.03,200,IBM
2025-10-29,9:37:15.047237985,T,310.96,200,311.83,100,IBM
2025-10-29,9:37:15.048495952,T,310.96,200,312.03,200,IBM
2025-10-29,9:37:15.048521043,T,310.96,200,312.03,100,IBM
2025-10-29,9:37:25.709135456,T,310.96,200,311.97,100,IBM
2025-10-29,9:37:25.709731809,T,310.96,200,312.03,100,IBM
2025-10-29,9:37:26.219896421,T,310.96,200,311.97,200,IBM
2025-10-29,9:37:29.049588126,T,310.96,200,311.34,200,IBM
2025-10-29,9:37:29.052640308,T,310.34,100,311.34,200,IBM
2025-10-29,9:37:29.052650309,T,310.55,200,311.34,200,IBM
2025-10-29,9:37:29.060479032,T,310.58,100,311.34,200,IBM
2025-10-29,9:37:29.440373374,T,310.55,200,311.34,200,IBM
2025-10-29,9:37:29.506906794,T,310.55,200,312.03,100,IBM
2025-10-29,9:37:29.506931989,T,310.69,100,312.03,100,IBM
2025-10-29,9:37:29.506936855,T,310.8,100,312.03,100,IBM
2025-10-29,9:37:29.506941904,T,310.98,100,312.03,100,IBM
2025-10-29,9:37:29.508530675,T,310.8,100,312.03,100,IBM
2025-10-29,9:37:29.508580782,T,310.69,100,312.03,100,IBM
2025-10-29,9:37:29.508961705,T,310.58,100,312.03,100,IBM
2025-10-29,9:37:29.512790833,T,310.69,100,312.03,100,IBM
2025-10-29,9:37:29.606954977,T,310.55,200,312.03,100,IBM
2025-10-29,9:37:32.756352668,T,310.58,100,312.03,100,IBM
2025-10-29,9:37:32.756382794,T,310.55,200,312.03,100,IBM
2025-10-29,9:37:32.756382794,T,310.58,100,312.03,100,IBM
2025-10-29,9:37:32.756387871,T,311.02,100,312.03,100,IBM
2025-10-29,9:37:32.756402847,T,311.32,100,312.03,100,IBM
2025-10-29,9:37:32.765689940,T,311.31,100,312.03,100,IBM
2025-10-29,9:37:32.765715003,T,311.02,100,312.03,100,IBM
2025-10-29,9:37:32.767779895,T,311.02,100,311.89,100,IBM
2025-10-29,9:37:32.836167714,T,311.13,100,311.89,100,IBM
2025-10-29,9:37:32.836779195,T,311.13,200,311.89,100,IBM
2025-10-29,9:37:32.856400898,T,311.13,100,311.89,100,IBM
2025-10-29,9:37:33.018486664,T,311.13,100,312.32,200,IBM
2025-10-29,9:37:33.034965912,T,311.02,100,312.32,200,IBM
2025-10-29,9:37:33.362470572,T,311.32,100,312.32,200,IBM
2025-10-29,9:37:33.362475645,T,311.33,100,312.32,200,IBM
2025-10-29,9:37:33.362505631,T,311.35,100,312.32,200,IBM
2025-10-29,9:37:33.363783663,T,311.33,100,312.32,200,IBM
2025-10-29,9:37:33.372063398,T,311.24,100,312.32,200,IBM
2025-10-29,9:37:33.462799471,T,311.02,100,312.32,200,IBM
2025-10-29,9:37:35.097436000,T,311.52,100,312.32,200,IBM
2025-10-29,9:37:35.097857090,T,311.52,200,312.32,200,IBM
2025-10-29,9:37:37.450142095,T,311.52,200,312.22,100,IBM
2025-10-29,9:37:37.450482994,T,311.52,100,312.22,100,IBM
2025-10-29,9:37:39.717475000,T,311.63,100,312.22,100,IBM
2025-10-29,9:37:39.718587710,T,311.53,100,312.22,100,IBM
2025-10-29,9:37:39.727072890,T,311.52,100,312.22,100,IBM
2025-10-29,9:37:41.476552750,T,311.53,100,312.22,100,IBM
2025-10-29,9:37:41.476562739,T,311.65,100,312.22,100,IBM
2025-10-29,9:37:41.476597793,T,311.83,100,312.22,100,IBM
2025-10-29,9:37:41.477991140,T,311.83,200,312.22,100,IBM
2025-10-29,9:37:41.481765102,T,311.83,100,312.22,100,IBM
2025-10-29,9:37:41.654601751,T,311.83,100,312.54,200,IBM
2025-10-29,9:37:41.654646721,T,311.83,200,312.54,200,IBM
2025-10-29,9:37:41.654661699,T,311.84,100,312.54,200,IBM
2025-10-29,9:37:41.656049991,T,311.84,200,312.54,200,IBM
2025-10-29,9:37:41.664234620,T,311.84,100,312.54,200,IBM
2025-10-29,9:37:41.671416580,T,311.57,100,312.54,200,IBM
2025-10-29,9:37:41.675065293,T,311.52,200,312.54,200,IBM
2025-10-29,9:37:41.709111353,T,311.57,100,312.54,200,IBM
2025-10-29,9:37:41.754649762,T,311.52,100,312.54,200,IBM
2025-10-29,9:37:43.636785592,T,311.52,100,312.33,100,IBM
2025-10-29,9:37:51.114572588,T,311.69,100,312.33,100,IBM
2025-10-29,9:38:03.066461110,T,311.87,100,312.33,100,IBM
2025-10-29,9:38:03.066481119,T,311.88,100,312.33,100,IBM
2025-10-29,9:38:03.068380697,T,311.88,100,312.54,200,IBM
2025-10-29,9:38:03.071092175,T,311.87,100,312.54,200,IBM
2025-10-29,9:38:03.076059000,T,311.69,100,312.54,200,IBM
2025-10-29,9:38:03.085997605,T,311.57,100,312.54,200,IBM
2025-10-29,9:38:03.086022699,T,311.46,100,312.54,200,IBM
2025-10-29,9:38:03.086062791,T,311.57,100,312.54,200,IBM
2025-10-29,9:38:03.166474224,T,311.32,100,312.54,200,IBM
2025-10-29,9:38:03.670188435,T,311.32,100,312.81,100,IBM
2025-10-29,9:38:03.670198474,T,311.32,100,312.75,200,IBM
2025-10-29,9:38:03.670228560,T,311.32,100,312.68,100,IBM
2025-10-29,9:38:05.707999845,T,311.24,100,312.68,100,IBM
2025-10-29,9:38:06.330762442,T,311.24,100,312.75,200,IBM
2025-10-29,9:38:06.330817566,T,311.32,100,312.75,200,IBM
2025-10-29,9:38:06.330817566,T,311.68,100,312.75,200,IBM
2025-10-29,9:38:06.330847799,T,311.88,100,312.75,200,IBM
2025-10-29,9:38:06.330852634,T,311.96,100,312.75,200,IBM
2025-10-29,9:38:06.330972959,T,312.0,100,312.75,200,IBM
2025-10-29,9:38:06.340415384,T,311.57,100,312.75,200,IBM
2025-10-29,9:38:06.341638340,T,311.46,100,312.75,200,IBM
2025-10-29,9:38:06.431306803,T,311.32,100,312.75,200,IBM
2025-10-29,9:38:06.431331914,T,311.24,100,312.75,200,IBM
2025-10-29,9:38:07.042852939,T,311.38,200,312.75,200,IBM
2025-10-29,9:38:07.043559664,T,311.46,100,312.75,200,IBM
2025-10-29,9:38:07.043580354,T,311.57,100,312.75,200,IBM
2025-10-29,9:38:07.043580354,T,311.46,100,312.75,200,IBM
2025-10-29,9:38:07.043604768,T,311.57,100,312.75,200,IBM
2025-10-29,9:38:07.043604768,T,311.46,100,312.75,200,IBM
2025-10-29,9:38:07.043619786,T,311.57,100,312.75,200,IBM
2025-10-29,9:38:07.043800168,T,311.68,100,312.75,200,IBM
2025-10-29,9:38:07.043995686,T,311.79,100,312.75,200,IBM
2025-10-29,9:38:07.047233361,T,311.68,100,312.75,200,IBM
2025-10-29,9:38:07.048055374,T,311.57,100,312.75,200,IBM
2025-10-29,9:38:07.052350536,T,311.46,100,312.75,200,IBM
2025-10-29,9:38:07.054290203,T,311.38,300,312.75,200,IBM
2025-10-29,9:38:07.060149100,T,311.38,200,312.75,200,IBM
2025-10-29,9:38:07.278203231,T,311.38,200,313.22,100,IBM
2025-10-29,9:38:07.278213242,T,311.38,200,313.01,200,IBM
2025-10-29,9:38:08.171369446,T,311.38,300,313.01,200,IBM
2025-10-29,9:38:12.670961595,T,311.38,100,313.01,200,IBM
2025-10-29,9:38:12.670966669,T,311.65,200,313.01,200,IBM
2025-10-29,9:38:12.943049380,T,311.65,200,312.98,100,IBM
2025-10-29,9:38:12.943079564,T,311.65,200,313.01,200,IBM
2025-10-29,9:38:12.943084496,T,311.65,200,312.98,100,IBM
2025-10-29,9:38:12.943319986,T,311.65,200,312.77,200,IBM
2025-10-29,9:38:13.107385546,T,311.65,200,312.77,300,IBM
2025-10-29,9:38:13.201710202,T,311.65,200,312.77,200,IBM
2025-10-29,9:38:19.264187857,T,311.32,100,312.77,200,IBM
2025-10-29,9:38:19.264192820,T,311.36,200,312.77,200,IBM
2025-10-29,9:38:21.696317904,T,311.36,200,312.77,300,IBM
2025-10-29,9:38:21.697555934,T,311.36,200,312.56,100,IBM
2025-10-29,9:38:21.757503578,T,311.36,200,312.56,200,IBM
2025-10-29,9:38:22.410648512,T,311.36,200,312.56,100,IBM
2025-10-29,9:38:23.335354888,T,311.36,200,312.77,200,IBM
2025-10-29,9:38:23.995075462,T,311.36,200,312.45,200,IBM
2025-10-29,9:38:24.097429126,T,311.36,200,312.45,300,IBM
2025-10-29,9:38:24.611142082,T,311.36,200,312.45,400,IBM
2025-10-29,9:38:24.611152102,T,311.36,200,312.45,300,IBM
2025-10-29,9:38:24.611152102,T,311.36,200,312.45,400,IBM
2025-10-29,9:38:24.611177155,T,311.36,200,312.45,300,IBM
2025-10-29,9:38:24.611287429,T,311.36,200,312.45,100,IBM
2025-10-29,9:38:24.611457859,T,311.36,200,312.45,200,IBM
2025-10-29,9:38:24.611487925,T,311.36,200,312.45,100,IBM
2025-10-29,9:38:24.611517992,T,311.36,200,312.5,100,IBM
2025-10-29,9:38:24.619111120,T,311.36,200,312.56,100,IBM
2025-10-29,9:38:24.619131117,T,311.36,200,312.64,100,IBM
2025-10-29,9:38:24.621807514,T,311.36,200,312.72,100,IBM
2025-10-29,9:38:24.711115078,T,311.36,200,312.77,200,IBM
2025-10-29,9:38:38.086607613,T,312.15,100,312.77,200,IBM
2025-10-29,9:38:38.086627666,T,311.36,200,312.77,200,IBM
2025-10-29,9:38:38.086652780,T,311.36,200,312.77,300,IBM
2025-10-29,9:38:38.086662766,T,311.36,200,312.77,200,IBM
2025-10-29,9:38:38.141824111,T,311.73,100,312.77,200,IBM
2025-10-29,9:38:38.142776395,T,311.73,100,312.25,200,IBM
2025-10-29,9:38:52.210206355,T,311.36,200,312.25,200,IBM
2025-10-29,9:38:52.237000083,T,311.96,100,312.25,200,IBM
2025-10-29,9:38:53.810526192,T,311.96,100,312.77,200,IBM
2025-10-29,9:38:54.738670737,T,311.96,100,312.56,100,IBM
2025-10-29,9:38:55.200099206,T,311.96,100,312.5,100,IBM
2025-10-29,9:38:55.200114560,T,311.96,100,312.34,100,IBM
2025-10-29,9:38:55.200144365,T,311.36,300,312.34,100,IBM
2025-10-29,9:38:55.200159326,T,311.36,200,312.34,100,IBM
2025-10-29,9:38:55.200274639,T,311.36,200,312.5,100,IBM
2025-10-29,9:38:55.200334743,T,311.36,200,312.56,100,IBM
2025-10-29,9:38:55.200385048,T,311.36,200,312.61,100,IBM
2025-10-29,9:38:55.200445023,T,311.36,200,312.77,200,IBM
2025-10-29,9:38:55.201111569,T,311.36,200,312.77,300,IBM
2025-10-29,9:38:55.201181783,T,311.36,200,312.61,100,IBM
2025-10-29,9:38:55.201442607,T,311.36,200,312.56,100,IBM
2025-10-29,9:38:55.201557730,T,311.36,200,312.77,300,IBM
2025-10-29,9:38:55.201587791,T,311.36,200,312.77,200,IBM
2025-10-29,9:38:58.328451683,T,311.36,200,312.61,100,IBM
2025-10-29,9:39:01.137193472,T,311.36,200,312.72,100,IBM
2025-10-29,9:39:01.650345153,T,311.36,200,312.57,200,IBM
2025-10-29,9:39:20.315490557,T,311.13,100,312.57,200,IBM
2025-10-29,9:39:20.315495596,T,311.54,200,312.57,200,IBM
2025-10-29,9:39:24.975805259,T,311.54,200,312.35,100,IBM
2025-10-29,9:39:24.976035806,T,311.54,200,312.5,100,IBM
2025-10-29,9:39:24.983945188,T,311.54,200,312.57,300,IBM
2025-10-29,9:39:26.937264840,T,311.54,200,312.5,100,IBM
2025-10-29,9:39:26.937340332,T,311.54,200,312.47,100,IBM
2025-10-29,9:39:26.937375194,T,311.54,200,312.5,100,IBM
2025-10-29,9:39:26.937380377,T,311.54,200,312.57,200,IBM
2025-10-29,9:39:26.937385125,T,311.54,200,312.47,100,IBM
2025-10-29,9:39:26.937405206,T,311.54,200,312.4,100,IBM
2025-10-29,9:39:26.937410181,T,311.54,200,312.47,100,IBM
2025-10-29,9:39:26.937450295,T,311.54,200,312.4,100,IBM
2025-10-29,9:39:26.937630756,T,311.54,200,312.47,100,IBM
2025-10-29,9:39:26.937660875,T,311.54,200,312.5,100,IBM
2025-10-29,9:39:26.937710989,T,311.54,200,312.57,200,IBM
2025-10-29,9:39:26.938818640,T,311.02,100,312.57,200,IBM
2025-10-29,9:39:26.938823574,T,311.3,200,312.57,200,IBM
2025-10-29,9:39:27.197850181,T,311.3,200,312.57,300,IBM
2025-10-29,9:39:31.217424456,T,311.3,200,312.57,100,IBM
2025-10-29,9:39:31.217429561,T,311.3,200,312.32,200,IBM
2025-10-29,9:39:31.699867996,T,311.3,200,311.89,100,IBM
2025-10-29,9:39:31.699968282,T,311.3,200,311.82,100,IBM
2025-10-29,9:39:31.700268999,T,311.3,200,312.32,200,IBM
2025-10-29,9:39:31.704263520,T,310.8,100,312.32,200,IBM
2025-10-29,9:39:31.704273546,T,311.07,200,312.32,200,IBM
2025-10-29,9:39:40.067984737,T,311.07,200,311.81,100,IBM
2025-10-29,9:39:40.068004714,T,311.07,200,312.32,200,IBM
2025-10-29,9:39:40.068004714,T,311.07,200,311.7,100,IBM
2025-10-29,9:39:40.068541069,T,311.07,200,312.32,200,IBM
2025-10-29,9:39:40.069072263,T,311.07,200,311.81,100,IBM
2025-10-29,9:39:40.072710983,T,311.07,200,311.88,100,IBM
2025-10-29,9:39:40.076474947,T,311.07,200,312.0,100,IBM
2025-10-29,9:39:40.076479890,T,311.07,200,312.2,100,IBM
2025-10-29,9:39:40.076515080,T,311.07,200,312.0,100,IBM
2025-10-29,9:39:40.082083295,T,311.07,200,312.1,100,IBM
2025-10-29,9:39:40.082113343,T,311.07,200,312.2,100,IBM
2025-10-29,9:39:40.277298069,T,311.07,200,312.0,100,IBM
2025-10-29,9:39:49.843888012,T,311.07,200,312.1,100,IBM
2025-10-29,9:39:49.843908053,T,311.07,200,312.12,200,IBM
2025-10-29,9:39:49.843958176,T,311.13,100,312.12,200,IBM
2025-10-29,9:39:49.843963263,T,311.32,100,312.12,200,IBM
2025-10-29,9:39:49.844950525,T,311.13,100,312.12,200,IBM
2025-10-29,9:39:49.847922633,T,311.33,100,312.12,200,IBM
2025-10-29,9:39:49.848393824,T,311.36,100,312.12,200,IBM
2025-10-29,9:39:49.849260808,T,311.33,100,312.12,200,IBM
2025-10-29,9:39:49.849275922,T,311.13,100,312.12,200,IBM
2025-10-29,9:39:49.849315947,T,311.07,200,312.12,200,IBM
2025-10-29,9:39:51.575550540,T,311.07,300,312.12,200,IBM
2025-10-29,9:39:52.773923511,T,311.07,400,312.12,200,IBM
2025-10-29,9:39:54.497201224,T,311.07,500,312.12,200,IBM
2025-10-29,9:39:54.497211181,T,311.13,100,312.12,200,IBM
2025-10-29,9:39:54.497221236,T,311.33,100,312.12,200,IBM
2025-10-29,9:39:54.497226254,T,311.13,100,312.12,200,IBM
2025-10-29,9:39:54.497491900,T,311.32,100,312.12,200,IBM
2025-10-29,9:39:54.498208581,T,311.13,100,312.12,200,IBM
2025-10-29,9:39:54.498519301,T,311.07,300,312.12,200,IBM
2025-10-29,9:39:54.498714851,T,311.13,100,312.12,200,IBM
2025-10-29,9:39:54.500724624,T,311.34,100,312.12,200,IBM
2025-10-29,9:39:54.500809733,T,311.39,100,312.12,200,IBM
2025-10-29,9:39:54.501170609,T,311.34,100,312.12,200,IBM
2025-10-29,9:39:54.501240760,T,311.32,100,312.12,200,IBM
2025-10-29,9:39:54.501250838,T,311.07,200,312.12,200,IBM
2025-10-29,9:39:57.049988613,T,311.08,100,312.12,200,IBM
2025-10-29,9:39:57.497864806,T,311.08,200,312.12,200,IBM
2025-10-29,9:39:57.498155456,T,311.08,300,312.12,200,IBM
2025-10-29,9:39:57.617614875,T,311.08,200,312.12,200,IBM
2025-10-29,9:39:58.064904731,T,311.09,100,312.12,200,IBM
2025-10-29,9:39:58.065330746,T,311.09,200,312.12,200,IBM
2025-10-29,9:39:58.065410833,T,311.09,300,312.12,200,IBM
2025-10-29,9:40:02.230265998,T,311.09,200,312.12,200,IBM
2025-10-29,9:40:02.865954404,T,311.09,100,312.12,200,IBM
2025-10-29,9:40:04.473997627,T,311.12,100,312.12,200,IBM
2025-10-29,9:40:04.474418595,T,311.12,200,312.12,200,IBM
2025-10-29,9:40:04.474629106,T,311.12,300,312.12,200,IBM
2025-10-29,9:40:04.992251384,T,311.13,100,312.12,200,IBM
2025-10-29,9:40:04.992847815,T,311.23,100,312.12,200,IBM
2025-10-29,9:40:04.993504550,T,311.13,100,312.12,200,IBM
2025-10-29,9:40:04.996501511,T,311.12,100,312.12,200,IBM
2025-10-29,9:40:05.002044726,T,311.12,100,312.83,100,IBM
2025-10-29,9:40:05.002054727,T,311.12,100,312.34,200,IBM
2025-10-29,9:40:05.006696237,T,311.13,100,312.34,200,IBM
2025-10-29,9:40:05.007171948,T,311.23,100,312.34,200,IBM
2025-10-29,9:40:05.010930840,T,311.12,100,312.34,200,IBM
2025-10-29,9:40:05.015055718,T,311.23,100,312.34,200,IBM
2025-10-29,9:40:05.015080995,T,311.13,100,312.34,200,IBM
2025-10-29,9:40:05.015085772,T,311.23,100,312.34,200,IBM
2025-10-29,9:40:05.017506550,T,311.13,100,312.34,200,IBM
2025-10-29,9:40:05.017531642,T,311.12,100,312.34,200,IBM
2025-10-29,9:40:05.018042845,T,311.13,100,312.34,200,IBM
2025-10-29,9:40:05.019305884,T,311.12,100,312.34,200,IBM
2025-10-29,9:40:05.090936333,T,311.13,100,312.34,200,IBM
2025-10-29,9:40:05.192603389,T,311.12,100,312.34,200,IBM
2025-10-29,9:40:05.384350079,T,311.13,100,312.34,200,IBM
2025-10-29,9:40:05.384400070,T,311.23,100,312.34,200,IBM
2025-10-29,9:40:05.384490459,T,311.32,100,312.34,200,IBM
2025-10-29,9:40:05.529996619,T,311.23,100,312.34,200,IBM
2025-10-29,9:40:05.530462724,T,311.32,100,312.34,200,IBM
2025-10-29,9:40:06.102755097,T,311.23,100,312.34,200,IBM
2025-10-29,9:40:06.768214327,T,311.32,100,312.34,200,IBM
2025-10-29,9:40:06.993706062,T,311.23,100,312.34,200,IBM
2025-10-29,9:40:07.515954335,T,311.13,100,312.34,200,IBM
2025-10-29,9:40:07.515989367,T,311.23,100,312.34,200,IBM
2025-10-29,9:40:09.249972464,T,311.23,100,312.3,100,IBM
2025-10-29,9:40:09.267945248,T,311.23,100,312.34,200,IBM
2025-10-29,9:40:11.845361264,T,311.28,200,312.34,200,IBM
2025-10-29,9:40:15.135148095,T,311.32,100,312.34,200,IBM
2025-10-29,9:40:15.135168113,T,311.28,200,312.34,200,IBM
2025-10-29,9:40:15.135183185,T,311.33,100,312.34,200,IBM
2025-10-29,9:40:15.135473912,T,311.32,100,312.34,200,IBM
2025-10-29,9:40:15.135478869,T,311.33,100,312.34,200,IBM
2025-10-29,9:40:15.136501325,T,311.32,100,312.34,200,IBM
2025-10-29,9:40:15.139734083,T,311.32,100,312.94,100,IBM
2025-10-29,9:40:15.139739090,T,311.32,100,312.64,200,IBM
2025-10-29,9:40:15.144781042,T,311.28,200,312.64,200,IBM
2025-10-29,9:40:20.787564562,T,311.28,200,312.18,100,IBM
2025-10-29,9:40:20.788326479,T,311.28,200,312.61,100,IBM
2025-10-29,9:40:20.788461638,T,311.28,200,312.47,200,IBM
2025-10-29,9:40:26.799151069,T,311.28,200,312.18,100,IBM
2025-10-29,9:40:26.800273823,T,311.28,200,312.47,200,IBM
2025-10-29,9:40:27.257096264,T,311.28,200,312.26,100,IBM
2025-10-29,9:40:28.424289964,T,311.28,200,312.47,200,IBM
2025-10-29,9:40:36.100614609,T,311.28,200,312.18,100,IBM
2025-10-29,9:40:36.181492168,T,311.28,200,312.47,200,IBM
2025-10-29,9:40:37.182781037,T,311.28,200,312.18,100,IBM
2025-10-29,9:40:37.183838570,T,311.28,200,312.09,100,IBM
2025-10-29,9:40:37.855853368,T,311.28,200,312.4,100,IBM
2025-10-29,9:40:37.856550114,T,311.28,200,312.47,300,IBM
2025-10-29,9:40:38.334427752,T,311.28,200,312.26,100,IBM
2025-10-29,9:40:38.758291815,T,311.28,200,312.47,300,IBM
2025-10-29,9:40:38.834453128,T,311.28,200,312.47,200,IBM
2025-10-29,9:40:38.922417471,T,311.28,200,312.47,300,IBM
2025-10-29,9:40:38.922457634,T,311.28,200,312.4,100,IBM
2025-10-29,9:40:42.572747723,T,311.28,200,312.31,200,IBM
2025-10-29,9:40:46.152414719,T,311.33,100,312.31,200,IBM
2025-10-29,9:40:46.152430271,T,311.53,100,312.31,200,IBM
2025-10-29,9:40:46.152991085,T,311.53,100,312.83,100,IBM
2025-10-29,9:40:46.153001097,T,311.53,100,312.5,200,IBM
2025-10-29,9:40:46.153061246,T,311.63,100,312.5,200,IBM
2025-10-29,9:40:46.153096276,T,311.43,100,312.5,200,IBM
2025-10-29,9:40:46.153261718,T,311.33,100,312.5,200,IBM
2025-10-29,9:40:46.161832075,T,311.28,300,312.5,200,IBM
2025-10-29,9:40:46.161867254,T,311.33,100,312.5,200,IBM
2025-10-29,9:40:46.161892312,T,311.43,100,312.5,200,IBM
2025-10-29,9:40:46.162498685,T,311.43,100,312.26,100,IBM
2025-10-29,9:40:46.166032157,T,311.53,100,312.26,100,IBM
2025-10-29,9:40:46.166057134,T,311.53,100,312.5,200,IBM
2025-10-29,9:40:46.166453107,T,311.53,200,312.5,200,IBM
2025-10-29,9:40:46.184671524,T,311.53,100,312.5,200,IBM
2025-10-29,9:40:46.252954042,T,311.43,100,312.5,200,IBM
2025-10-29,9:40:46.280474511,T,311.33,100,312.5,200,IBM
2025-10-29,9:40:47.672814378,T,311.28,300,312.5,200,IBM
2025-10-29,9:40:47.672854430,T,311.33,100,312.5,200,IBM
2025-10-29,9:40:52.326342899,T,311.28,300,312.5,200,IBM
2025-10-29,9:40:52.326924360,T,311.28,300,312.5,300,IBM
2025-10-29,9:40:52.326959411,T,311.28,200,312.5,300,IBM
2025-10-29,9:40:52.327565802,T,311.28,200,312.24,100,IBM
2025-10-29,9:40:52.507804922,T,311.28,200,312.4,100,IBM
2025-10-29,9:40:52.813036618,T,311.28,200,312.5,200,IBM
2025-10-29,9:41:01.770210724,T,311.33,100,312.5,200,IBM
2025-10-29,9:41:01.907487558,T,311.28,200,312.5,200,IBM
2025-10-29,9:41:02.971525657,T,311.55,400,312.5,200,IBM
2025-10-29,9:41:03.627647643,T,311.55,500,312.5,200,IBM
2025-10-29,9:41:06.586511463,T,311.55,500,312.0,200,IBM
2025-10-29,9:41:07.302481128,T,311.55,400,312.0,200,IBM
2025-10-29,9:41:11.411684127,T,311.55,400,312.0,100,IBM
2025-10-29,9:41:11.411703779,T,311.55,400,312.09,100,IBM
2025-10-29,9:41:11.411709039,T,311.55,400,312.5,200,IBM
2025-10-29,9:41:11.412906577,T,311.55,400,312.36,100,IBM
2025-10-29,9:41:11.412951885,T,311.55,400,312.28,100,IBM
2025-10-29,9:41:11.412956763,T,311.55,400,312.4,100,IBM
2025-10-29,9:41:11.412991897,T,311.55,400,312.36,100,IBM
2025-10-29,9:41:11.413242415,T,311.55,400,312.5,200,IBM
2025-10-29,9:41:11.453367916,T,311.56,100,312.5,200,IBM
2025-10-29,9:41:11.453393100,T,311.64,100,312.5,200,IBM
2025-10-29,9:41:11.453403043,T,311.82,100,312.5,200,IBM
2025-10-29,9:41:11.457878659,T,311.64,100,312.5,200,IBM
2025-10-29,9:41:11.462965745,T,311.55,400,312.5,200,IBM
2025-10-29,9:41:14.398268643,T,311.33,100,312.5,200,IBM
2025-10-29,9:41:14.399245977,T,311.56,400,312.5,200,IBM
2025-10-29,9:41:14.401571465,T,311.33,100,312.5,200,IBM
2025-10-29,9:41:19.763335987,T,311.43,100,312.5,200,IBM
2025-10-29,9:41:21.998797735,T,311.33,100,312.5,200,IBM
2025-10-29,9:41:23.134792180,T,311.48,200,312.5,200,IBM
2025-10-29,9:41:25.179329639,T,311.53,100,312.5,200,IBM
2025-10-29,9:41:25.179329639,T,311.48,200,312.5,200,IBM
2025-10-29,9:41:26.192957730,T,311.48,200,312.61,100,IBM
2025-10-29,9:41:32.759214616,T,311.48,200,312.7,100,IBM
2025-10-29,9:41:36.459022603,T,311.48,200,312.72,100,IBM
2025-10-29,9:41:38.477067047,T,311.33,100,312.72,100,IBM
2025-10-29,9:41:38.477076979,T,311.64,200,312.72,100,IBM
2025-10-29,9:41:50.545793558,T,311.82,400,312.72,100,IBM
2025-10-29,9:41:50.548971122,T,311.64,200,312.72,100,IBM
2025-10-29,9:41:50.551667540,T,311.82,400,312.72,100,IBM
2025-10-29,9:41:52.580718120,T,311.82,400,312.73,200,IBM
2025-10-29,9:41:53.604820992,T,311.83,100,312.73,200,IBM
2025-10-29,9:41:53.604856130,T,312.06,100,312.73,200,IBM
2025-10-29,9:41:53.604866168,T,312.06,100,312.49,100,IBM
2025-10-29,9:41:53.608820661,T,311.84,100,312.49,100,IBM
2025-10-29,9:41:53.608840557,T,311.82,500,312.49,100,IBM
2025-10-29,9:41:53.608845641,T,311.82,400,312.49,100,IBM
2025-10-29,9:41:53.708247205,T,311.82,400,312.24,100,IBM
2025-10-29,9:41:53.708267314,T,311.82,400,312.57,100,IBM
2025-10-29,9:41:53.708272296,T,311.82,400,312.73,200,IBM
2025-10-29,9:41:53.708999076,T,311.82,400,312.72,100,IBM
2025-10-29,9:41:53.739466607,T,311.82,400,312.73,200,IBM
2025-10-29,9:41:53.759023081,T,311.82,400,312.72,100,IBM
2025-10-29,9:41:53.808846723,T,311.82,400,312.73,200,IBM
2025-10-29,9:41:55.345910930,T,311.81,200,312.73,200,IBM
2025-10-29,9:41:56.121707989,T,311.81,200,312.55,100,IBM
2025-10-29,9:41:57.204495744,T,311.81,200,312.73,200,IBM
2025-10-29,9:42:03.692531553,T,311.81,200,312.49,100,IBM
2025-10-29,9:42:04.579292703,T,311.81,200,312.73,200,IBM
2025-10-29,9:42:05.262348888,T,311.81,200,313.08,100,IBM
2025-10-29,9:42:05.262358905,T,311.81,200,312.94,200,IBM
2025-10-29,9:42:12.931180809,T,311.81,200,312.49,100,IBM
2025-10-29,9:42:23.133664649,T,311.81,200,312.48,100,IBM
2025-10-29,9:42:23.133840079,T,311.81,200,312.49,200,IBM
2025-10-29,9:42:23.133840079,T,311.81,200,312.31,100,IBM
2025-10-29,9:42:23.134441422,T,311.81,200,312.49,200,IBM
2025-10-29,9:42:23.134441422,T,311.81,200,312.12,100,IBM
2025-10-29,9:42:23.135574168,T,311.81,200,312.49,200,IBM
2025-10-29,9:42:23.135874861,T,311.81,200,312.12,100,IBM
2025-10-29,9:42:23.138395848,T,311.13,100,312.12,100,IBM
2025-10-29,9:42:23.138400846,T,311.51,200,312.12,100,IBM
2025-10-29,9:42:23.287089868,T,311.51,200,312.12,200,IBM
2025-10-29,9:42:23.356209355,T,311.51,200,312.12,100,IBM
2025-10-29,9:42:25.458920082,T,311.51,200,312.11,100,IBM
2025-10-29,9:42:29.307477203,T,311.82,100,312.11,100,IBM
2025-10-29,9:42:34.851866427,T,311.82,200,312.11,100,IBM
2025-10-29,9:42:34.861464256,T,311.82,100,312.11,100,IBM
2025-10-29,9:42:38.456402544,T,311.82,200,312.11,100,IBM
2025-10-29,9:42:39.250387742,T,311.82,200,312.71,300,IBM
2025-10-29,9:42:39.250427898,T,311.82,200,312.71,200,IBM
2025-10-29,9:42:39.250868899,T,311.82,200,312.28,100,IBM
2025-10-29,9:42:39.251360120,T,311.82,200,312.63,100,IBM
2025-10-29,9:42:39.251375063,T,311.82,200,312.71,200,IBM
2025-10-29,9:42:39.301549557,T,311.82,200,312.71,300,IBM
2025-10-29,9:42:39.351799131,T,311.82,200,312.71,200,IBM
2025-10-29,9:42:40.516050821,T,311.82,200,312.75,100,IBM
2025-10-29,9:42:40.516055768,T,311.82,200,312.54,200,IBM
2025-10-29,9:42:45.268780481,T,311.82,300,312.54,200,IBM
2025-10-29,9:42:45.268790480,T,311.82,200,312.54,200,IBM
2025-10-29,9:42:45.268820607,T,311.82,200,312.41,100,IBM
2025-10-29,9:42:45.270429482,T,311.82,200,312.41,200,IBM
2025-10-29,9:42:45.271627312,T,311.82,300,312.41,200,IBM
2025-10-29,9:42:45.278358303,T,311.82,200,312.41,200,IBM
2025-10-29,9:42:47.490780338,T,311.82,200,312.41,100,IBM
2025-10-29,9:42:47.492113455,T,311.82,200,312.54,200,IBM
2025-10-29,9:42:47.492374388,T,311.82,200,313.05,100,IBM
2025-10-29,9:42:47.492379173,T,311.82,200,312.7,200,IBM
2025-10-29,9:42:52.865335365,T,311.82,200,312.63,100,IBM
2025-10-29,9:42:53.827170185,T,311.82,200,312.41,100,IBM
2025-10-29,9:42:53.827200254,T,311.82,200,312.4,100,IBM
2025-10-29,9:42:54.078052367,T,311.82,200,312.63,100,IBM
2025-10-29,9:42:58.793508411,T,311.82,200,312.56,100,IBM
2025-10-29,9:42:58.793718949,T,311.82,200,312.56,200,IBM
2025-10-29,9:42:58.793869207,T,311.82,200,312.56,100,IBM
2025-10-29,9:42:58.892594237,T,311.82,200,312.7,200,IBM
2025-10-29,9:43:04.109739358,T,311.82,200,312.87,100,IBM
2025-10-29,9:43:04.109749330,T,311.82,200,312.53,200,IBM
2025-10-29,9:43:05.695339058,T,311.82,200,312.41,100,IBM
2025-10-29,9:43:05.743032647,T,311.82,200,312.41,200,IBM
2025-10-29,9:43:06.194166639,T,311.82,200,312.41,100,IBM
2025-10-29,9:43:06.421422709,T,311.82,200,312.74,200,IBM
2025-10-29,9:43:06.432313634,T,311.53,100,312.74,200,IBM
2025-10-29,9:43:06.726428775,T,311.63,200,312.74,200,IBM
2025-10-29,9:43:15.406212487,T,311.63,200,312.72,100,IBM
2025-10-29,9:43:15.406212487,T,311.63,200,312.71,100,IBM
2025-10-29,9:43:15.406232332,T,311.63,200,312.36,100,IBM
2025-10-29,9:43:15.406247410,T,311.63,200,312.27,100,IBM
2025-10-29,9:43:15.413875635,T,311.63,200,312.4,100,IBM
2025-10-29,9:43:15.415805223,T,311.63,200,312.63,100,IBM
2025-10-29,9:43:15.415835262,T,311.63,200,312.72,100,IBM
2025-10-29,9:43:15.416972914,T,311.63,200,312.74,200,IBM
2025-10-29,9:43:15.417213498,T,311.63,200,312.3,100,IBM
2025-10-29,9:43:15.609185544,T,311.63,200,312.74,200,IBM
2025-10-29,9:43:24.472927183,T,311.63,300,312.74,200,IBM
2025-10-29,9:43:24.472927183,T,311.96,100,312.74,200,IBM
2025-10-29,9:43:24.472947263,T,311.95,100,312.74,200,IBM
2025-10-29,9:43:24.472947263,T,311.96,100,312.74,200,IBM
2025-10-29,9:43:24.472972213,T,311.72,100,312.74,200,IBM
2025-10-29,9:43:24.472977280,T,311.74,100,312.74,200,IBM
2025-10-29,9:43:24.472977280,T,311.81,100,312.74,200,IBM
2025-10-29,9:43:24.473027345,T,311.96,100,312.74,200,IBM
2025-10-29,9:43:24.473027345,T,311.81,100,312.74,200,IBM
2025-10-29,9:43:24.473232876,T,311.74,100,312.74,200,IBM
2025-10-29,9:43:24.473353183,T,311.96,100,312.74,200,IBM
2025-10-29,9:43:24.483361992,T,311.63,200,312.74,200,IBM
2025-10-29,9:43:24.778264087,T,311.63,300,312.74,200,IBM
2025-10-29,9:43:26.398801954,T,311.63,200,312.74,200,IBM
2025-10-29,9:43:27.705658644,T,311.63,300,312.74,200,IBM
2025-10-29,9:43:28.080685940,T,311.63,200,312.74,200,IBM
2025-10-29,9:43:29.273661040,T,311.63,300,312.74,200,IBM
2025-10-29,9:43:31.202683385,T,311.63,200,312.74,200,IBM
2025-10-29,9:43:31.202883841,T,311.63,300,312.74,200,IBM
2025-10-29,9:43:34.864390565,T,311.63,300,312.41,100,IBM
2025-10-29,9:43:38.518805618,T,311.72,100,312.41,100,IBM
2025-10-29,9:43:38.920857766,T,311.63,300,312.41,100,IBM
2025-10-29,9:43:44.545362910,T,311.72,100,312.41,100,IBM
2025-10-29,9:43:44.546179827,T,311.72,100,312.38,100,IBM
2025-10-29,9:43:44.546465508,T,311.63,300,312.38,100,IBM
2025-10-29,9:43:44.810744555,T,311.63,300,312.74,200,IBM
2025-10-29,9:43:48.410519215,T,311.63,300,312.38,100,IBM
2025-10-29,9:43:48.410549327,T,311.63,200,312.38,100,IBM
2025-10-29,9:43:52.845612747,T,311.94,100,312.38,100,IBM
2025-10-29,9:43:53.938253868,T,311.94,100,312.74,200,IBM
2025-10-29,9:43:53.938329136,T,311.95,100,312.74,200,IBM
2025-10-29,9:43:53.938750066,T,311.95,200,312.74,200,IBM
2025-10-29,9:43:53.939030732,T,311.95,100,312.74,200,IBM
2025-10-29,9:43:53.948889282,T,311.94,100,312.74,200,IBM
2025-10-29,9:43:55.828263507,T,311.63,200,312.74,200,IBM
2025-10-29,9:43:55.828303593,T,311.63,300,312.74,200,IBM
2025-10-29,9:43:59.799322159,T,311.63,300,312.6,100,IBM
2025-10-29,9:44:12.781894081,T,311.63,100,312.6,100,IBM
2025-10-29,9:44:12.781899071,T,311.81,200,312.6,100,IBM
2025-10-29,9:44:14.668019280,T,311.9,100,312.6,100,IBM
2025-10-29,9:44:14.668159593,T,311.9,100,312.37,100,IBM
2025-10-29,9:44:14.668179654,T,311.9,100,312.6,100,IBM
2025-10-29,9:44:14.668204730,T,311.99,100,312.6,100,IBM
2025-10-29,9:44:14.668229804,T,311.95,100,312.6,100,IBM
2025-10-29,9:44:14.668650828,T,311.95,100,312.37,100,IBM
2025-10-29,9:44:14.668670851,T,311.95,100,312.6,100,IBM
2025-10-29,9:44:14.668670851,T,311.9,100,312.6,100,IBM
2025-10-29,9:44:14.669071820,T,311.95,100,312.6,100,IBM
2025-10-29,9:44:14.669878808,T,311.95,100,312.37,100,IBM
2025-10-29,9:44:14.680619284,T,311.95,100,312.4,100,IBM
2025-10-29,9:44:17.519517845,T,311.81,300,312.4,100,IBM
2025-10-29,9:44:17.519748403,T,311.81,200,312.4,100,IBM
2025-10-29,9:44:17.534784186,T,312.3,400,312.4,100,IBM
2025-10-29,9:44:17.534809560,T,312.3,100,312.4,100,IBM
2025-10-29,9:44:17.534814267,T,311.91,100,312.4,100,IBM
2025-10-29,9:44:17.534814267,T,311.9,100,312.4,100,IBM
2025-10-29,9:44:17.534824241,T,311.81,200,312.4,100,IBM
2025-10-29,9:44:17.535210221,T,312.3,100,312.4,100,IBM
2025-10-29,9:44:17.535220210,T,311.9,100,312.4,100,IBM
2025-10-29,9:44:17.535230171,T,311.81,200,312.4,100,IBM
2025-10-29,9:44:17.542317095,T,311.53,100,312.4,100,IBM
2025-10-29,9:44:17.542322142,T,311.61,200,312.4,100,IBM
2025-10-29,9:44:17.554486099,T,311.61,200,312.08,400,IBM
2025-10-29,9:44:17.554506256,T,311.61,200,312.08,100,IBM
2025-10-29,9:44:17.554526157,T,311.61,200,312.4,100,IBM
2025-10-29,9:44:17.554556463,T,311.72,100,312.4,100,IBM
2025-10-29,9:44:17.554571270,T,311.63,100,312.4,100,IBM
2025-10-29,9:44:17.561312308,T,311.72,100,312.4,100,IBM
2025-10-29,9:44:17.564154111,T,311.63,100,312.4,100,IBM
2025-10-29,9:44:17.631484406,T,311.72,100,312.4,100,IBM
2025-10-29,9:44:18.720331510,T,311.63,100,312.4,100,IBM
2025-10-29,9:44:19.697352519,T,311.61,200,312.4,100,IBM
2025-10-29,9:44:27.445157426,T,311.61,200,312.4,200,IBM
2025-10-29,9:44:27.445678738,T,311.61,200,312.4,100,IBM
2025-10-29,9:44:27.445778937,T,311.61,200,312.37,100,IBM
2025-10-29,9:44:27.447618280,T,311.15,100,312.37,100,IBM
2025-10-29,9:44:27.447628352,T,311.36,200,312.37,100,IBM
2025-10-29,9:44:27.451061482,T,311.36,200,312.4,200,IBM
2025-10-29,9:44:27.451096641,T,311.36,200,312.37,100,IBM
2025-10-29,9:44:27.451096641,T,311.36,200,312.4,100,IBM
2025-10-29,9:44:27.451106610,T,311.61,100,312.4,100,IBM
2025-10-29,9:44:27.451141743,T,311.36,200,312.4,100,IBM
2025-10-29,9:44:27.451697972,T,311.36,200,312.6,100,IBM
2025-10-29,9:44:27.769519690,T,311.36,200,312.4,100,IBM
2025-10-29,9:44:27.956554961,T,311.53,100,312.4,100,IBM
2025-10-29,9:44:27.956585033,T,311.53,100,312.56,200,IBM
2025-10-29,9:44:27.956600084,T,311.36,200,312.56,200,IBM
2025-10-29,9:44:27.956975926,T,311.53,100,312.56,200,IBM
2025-10-29,9:44:28.036109375,T,311.36,200,312.56,200,IBM
2025-10-29,9:44:28.458785691,T,311.53,100,312.56,200,IBM
2025-10-29,9:44:28.464484204,T,311.36,200,312.56,200,IBM
2025-10-29,9:44:28.959272191,T,311.53,100,312.56,200,IBM
2025-10-29,9:44:28.959312304,T,311.36,200,312.56,200,IBM
2025-10-29,9:44:29.460234869,T,311.53,100,312.56,200,IBM
2025-10-29,9:44:29.465983524,T,311.36,200,312.56,200,IBM
2025-10-29,9:44:29.960836653,T,311.53,100,312.56,200,IBM
2025-10-29,9:44:29.966530128,T,311.36,200,312.56,200,IBM
2025-10-29,9:44:30.525741481,T,311.53,100,312.56,200,IBM
2025-10-29,9:44:30.525786583,T,311.36,200,312.56,200,IBM
2025-10-29,9:44:40.734880991,T,311.36,300,312.56,200,IBM
2025-10-29,9:44:40.734926197,T,311.43,100,312.56,200,IBM
2025-10-29,9:44:40.735642863,T,311.36,300,312.56,200,IBM
2025-10-29,9:44:40.735667894,T,311.36,200,312.56,200,IBM
2025-10-29,9:44:40.735783163,T,311.36,200,312.56,300,IBM
2025-10-29,9:44:41.272200240,T,311.36,200,312.56,200,IBM
2025-10-29,9:44:42.791476998,T,311.56,100,312.56,200,IBM
2025-10-29,9:44:42.797275939,T,311.36,200,312.56,200,IBM
2025-10-29,9:44:44.084966346,T,311.23,100,312.56,200,IBM
2025-10-29,9:44:44.084976453,T,311.55,200,312.56,200,IBM
2025-10-29,9:45:00.681226341,T,311.55,200,312.56,300,IBM
2025-10-29,9:45:00.681251387,T,311.55,200,312.56,200,IBM
2025-10-29,9:45:00.684478992,T,311.57,100,312.56,200,IBM
2025-10-29,9:45:01.312779975,T,311.55,200,312.56,200,IBM
2025-10-29,9:45:03.044056468,T,311.55,200,312.56,300,IBM
2025-10-29,9:45:03.044076472,T,311.55,200,312.56,200,IBM
2025-10-29,9:45:03.044081752,T,311.55,200,312.56,300,IBM
2025-10-29,9:45:03.044101475,T,311.55,200,312.48,100,IBM
2025-10-29,9:45:03.044106588,T,311.55,200,312.56,300,IBM
2025-10-29,9:45:03.044221840,T,311.55,200,312.48,100,IBM
2025-10-29,9:45:03.044251873,T,311.55,200,312.56,200,IBM
2025-10-29,9:45:03.044251873,T,311.55,200,312.03,100,IBM
2025-10-29,9:45:03.044367429,T,311.55,200,311.83,100,IBM
2025-10-29,9:45:03.045003713,T,310.91,100,311.83,100,IBM
2025-10-29,9:45:03.045023746,T,310.91,100,311.58,100,IBM
2025-10-29,9:45:03.045118950,T,310.8,100,311.58,100,IBM
2025-10-29,9:45:03.045123941,T,310.8,100,311.83,100,IBM
2025-10-29,9:45:03.045149037,T,310.69,100,311.83,100,IBM
2025-10-29,9:45:03.045569976,T,310.69,100,312.0,100,IBM
2025-10-29,9:45:03.045569976,T,310.69,100,312.03,100,IBM
2025-10-29,9:45:03.045610103,T,311.23,100,312.03,100,IBM
2025-10-29,9:45:03.045615103,T,311.23,100,312.08,100,IBM
2025-10-29,9:45:03.045645229,T,311.27,100,312.08,100,IBM
2025-10-29,9:45:03.045670198,T,311.27,100,312.0,100,IBM
2025-10-29,9:45:03.046011069,T,311.27,100,311.92,100,IBM
2025-10-29,9:45:03.046066159,T,311.27,100,311.83,100,IBM
2025-10-29,9:45:03.046607499,T,311.27,100,312.0,100,IBM
2025-10-29,9:45:03.052646893,T,310.69,100,312.0,100,IBM
2025-10-29,9:45:03.090030823,T,310.69,100,311.93,100,IBM
2025-10-29,9:45:03.098851845,T,311.02,200,311.93,100,IBM
2025-10-29,9:45:03.549003553,T,311.13,100,311.93,100,IBM
2025-10-29,9:45:03.549033710,T,311.13,100,311.98,100,IBM
2025-10-29,9:45:03.549655068,T,311.13,100,311.93,100,IBM
2025-10-29,9:45:03.549685161,T,311.13,100,311.83,100,IBM
2025-10-29,9:45:03.550196392,T,311.13,100,311.98,100,IBM
2025-10-29,9:45:03.562961775,T,311.13,100,312.0,100,IBM
2025-10-29,9:45:03.563533144,T,311.13,100,312.08,100,IBM
2025-10-29,9:45:03.632953441,T,311.13,100,311.93,100,IBM
2025-10-29,9:45:04.796037351,T,311.13,100,311.91,100,IBM
2025-10-29,9:45:04.876979991,T,311.25,100,311.91,100,IBM
2025-10-29,9:45:06.493332967,T,311.25,100,311.91,200,IBM
2025-10-29,9:45:06.493834237,T,311.25,100,311.91,100,IBM
2025-10-29,9:45:06.494485771,T,311.25,100,311.9,100,IBM
2025-10-29,9:45:06.571303686,T,311.25,100,311.9,200,IBM
2025-10-29,9:45:07.001327348,T,311.25,100,311.9,100,IBM
2025-10-29,9:45:07.001577912,T,311.25,100,311.9,200,IBM
2025-10-29,9:45:07.002014045,T,311.25,100,311.8,100,IBM
2025-10-29,9:45:07.079909445,T,311.25,100,311.8,200,IBM
2025-10-29,9:45:07.252585540,T,311.25,100,311.8,100,IBM
2025-10-29,9:45:07.508635041,T,311.25,100,311.79,100,IBM
2025-10-29,9:45:08.802695861,T,311.25,100,311.9,200,IBM
2025-10-29,9:45:08.803101772,T,311.25,100,311.79,100,IBM
2025-10-29,9:45:12.669466476,T,311.25,100,311.85,100,IBM
2025-10-29,9:45:12.670133075,T,311.25,100,311.79,100,IBM
2025-10-29,9:45:13.682608360,T,311.25,100,311.64,100,IBM
2025-10-29,9:45:13.682833897,T,311.25,100,311.79,100,IBM
2025-10-29,9:45:13.683420261,T,311.25,100,311.64,100,IBM
2025-10-29,9:45:13.683490395,T,311.25,100,311.63,100,IBM
2025-10-29,9:45:13.729264394,T,311.25,100,311.64,200,IBM
2025-10-29,9:45:19.687233413,T,311.25,100,311.64,300,IBM
2025-10-29,9:45:19.687769594,T,311.25,100,311.64,200,IBM
2025-10-29,9:45:19.694400378,T,311.27,100,311.64,200,IBM
2025-10-29,9:45:19.694846409,T,311.27,100,311.84,100,IBM
2025-10-29,9:45:19.705060735,T,311.25,100,311.84,100,IBM
2025-10-29,9:45:21.432297605,T,311.27,100,311.84,100,IBM
2025-10-29,9:45:21.432863931,T,311.27,100,311.84,200,IBM
2025-10-29,9:45:21.532446006,T,311.25,100,311.84,200,IBM
2025-10-29,9:45:21.816391978,T,311.13,100,311.84,200,IBM
2025-10-29,9:45:21.946100809,T,311.13,100,311.84,100,IBM
2025-10-29,9:45:21.946120827,T,311.13,100,311.85,100,IBM
2025-10-29,9:45:21.946135904,T,311.21,100,311.85,100,IBM
2025-10-29,9:45:21.946140839,T,311.21,100,312.11,200,IBM
2025-10-29,9:45:21.946175985,T,311.27,100,312.11,200,IBM
2025-10-29,9:45:21.946241065,T,311.29,100,312.11,200,IBM
2025-10-29,9:45:21.946466767,T,311.37,100,312.11,200,IBM
2025-10-29,9:45:21.946601996,T,311.57,100,312.11,200,IBM
2025-10-29,9:45:21.946677130,T,311.61,100,312.11,200,IBM
2025-10-29,9:45:21.947634472,T,311.61,100,312.56,100,IBM
2025-10-29,9:45:21.947644515,T,311.61,100,312.38,200,IBM
2025-10-29,9:45:21.950606499,T,311.45,100,312.38,200,IBM
2025-10-29,9:45:21.950626549,T,311.29,100,312.38,200,IBM
2025-10-29,9:45:21.950937275,T,311.27,100,312.38,200,IBM
2025-10-29,9:45:21.953658805,T,311.27,100,312.36,100,IBM
2025-10-29,9:45:21.953693862,T,311.13,100,312.36,100,IBM
2025-10-29,9:45:21.953728977,T,311.21,100,312.36,100,IBM
2025-10-29,9:45:21.954124902,T,311.13,100,312.36,100,IBM
2025-10-29,9:45:21.967561908,T,311.13,100,312.14,100,IBM
2025-10-29,9:45:21.967581900,T,311.02,300,312.14,100,IBM
2025-10-29,9:45:22.363464483,T,311.13,100,312.14,100,IBM
2025-10-29,9:45:22.467251524,T,311.13,100,312.16,100,IBM
2025-10-29,9:45:22.667377980,T,311.29,100,312.16,100,IBM
2025-10-29,9:45:22.667969435,T,311.29,100,312.36,100,IBM
2025-10-29,9:45:22.906557428,T,311.13,100,312.36,100,IBM
2025-10-29,9:45:22.907193897,T,311.13,100,312.16,100,IBM
2025-10-29,9:45:27.934532113,T,311.13,100,312.36,100,IBM
2025-10-29,9:45:28.957838625,T,311.02,300,312.36,100,IBM
2025-10-29,9:45:30.039768982,T,311.02,300,312.38,200,IBM
2025-10-29,9:45:32.673759623,T,311.02,300,312.15,100,IBM
2025-10-29,9:45:35.417932385,T,311.02,300,312.38,200,IBM
2025-10-29,9:45:42.512366936,T,311.37,100,312.38,200,IBM
2025-10-29,9:45:42.936616903,T,311.37,100,312.15,100,IBM
2025-10-29,9:45:45.419663075,T,311.37,100,312.15,200,IBM
2025-10-29,9:45:45.423336826,T,311.02,300,312.15,200,IBM
2025-10-29,9:45:54.209739104,T,311.21,100,312.15,200,IBM
2025-10-29,9:45:54.209744176,T,311.22,100,312.15,200,IBM
2025-10-29,9:45:54.209759119,T,311.29,100,312.15,200,IBM
2025-10-29,9:45:54.209789135,T,311.13,100,312.15,200,IBM
2025-10-29,9:45:54.209789135,T,311.22,100,312.15,200,IBM
2025-10-29,9:45:54.209864276,T,311.29,100,312.15,200,IBM
2025-10-29,9:45:54.209899402,T,311.45,100,312.15,200,IBM
2025-10-29,9:45:54.209914564,T,311.45,100,312.14,100,IBM
2025-10-29,9:45:54.210094817,T,311.37,100,312.14,100,IBM
2025-10-29,9:45:54.210696306,T,311.45,100,312.14,100,IBM
2025-10-29,9:45:54.210741396,T,311.37,100,312.14,100,IBM
2025-10-29,9:45:54.213818744,T,311.45,100,312.14,100,IBM
2025-10-29,9:45:54.214740908,T,311.37,100,312.14,100,IBM
2025-10-29,9:45:54.215206981,T,311.29,100,312.14,100,IBM
2025-10-29,9:45:54.215212100,T,311.29,100,312.1,100,IBM
2025-10-29,9:45:54.215252102,T,311.29,100,312.08,100,IBM
2025-10-29,9:45:54.215277250,T,311.37,100,312.08,100,IBM
2025-10-29,9:45:54.215487701,T,311.52,100,312.08,100,IBM
2025-10-29,9:45:54.215718253,T,311.51,100,312.08,100,IBM
2025-10-29,9:45:54.216269566,T,311.51,100,311.84,100,IBM
2025-10-29,9:45:54.216294664,T,311.51,100,311.84,200,IBM
2025-10-29,9:45:54.216294664,T,311.51,100,311.84,100,IBM
2025-10-29,9:45:54.216309646,T,311.45,100,311.84,100,IBM
2025-10-29,9:45:54.216319692,T,311.45,100,312.56,100,IBM
2025-10-29,9:45:54.216344707,T,311.51,100,312.56,100,IBM
2025-10-29,9:45:54.216409908,T,311.52,100,312.56,100,IBM
2025-10-29,9:45:54.216460001,T,311.37,100,312.56,100,IBM
2025-10-29,9:45:54.216530184,T,311.29,100,312.56,100,IBM
2025-10-29,9:45:54.216560520,T,311.29,100,312.32,100,IBM
2025-10-29,9:45:54.216570294,T,311.21,100,312.32,100,IBM
2025-10-29,9:45:54.216585280,T,311.21,100,312.33,100,IBM
2025-10-29,9:45:54.216590353,T,311.21,100,312.16,100,IBM
2025-10-29,9:45:54.216715580,T,311.21,100,312.14,100,IBM
2025-10-29,9:45:54.216745645,T,311.22,100,312.14,100,IBM
2025-10-29,9:45:54.216790840,T,311.22,100,312.08,100,IBM
2025-10-29,9:45:54.216805890,T,311.22,100,311.86,100,IBM
2025-10-29,9:45:54.216825907,T,311.29,100,311.86,100,IBM
2025-10-29,9:45:54.217086513,T,311.22,100,311.86,100,IBM
2025-10-29,9:45:54.217121550,T,311.29,100,311.86,100,IBM
2025-10-29,9:45:54.217362217,T,311.22,100,311.86,100,IBM
2025-10-29,9:45:54.230824259,T,311.22,100,311.88,100,IBM
2025-10-29,9:45:54.231079842,T,311.29,100,311.88,100,IBM
2025-10-29,9:45:54.231109939,T,311.45,100,311.88,100,IBM
2025-10-29,9:45:54.267311039,T,311.52,100,311.88,100,IBM
2025-10-29,9:45:54.267316084,T,311.6,100,311.88,100,IBM
2025-10-29,9:45:54.267351171,T,311.6,100,312.56,100,IBM
2025-10-29,9:45:54.267406285,T,311.52,100,312.56,100,IBM
2025-10-29,9:45:54.267411315,T,311.61,100,312.56,100,IBM
2025-10-29,9:45:54.267566683,T,311.73,100,312.56,100,IBM
2025-10-29,9:45:54.267797267,T,311.53,100,312.56,100,IBM
2025-10-29,9:45:54.267822554,T,311.52,100,312.56,100,IBM
2025-10-29,9:45:54.267837305,T,311.51,100,312.56,100,IBM
2025-10-29,9:45:54.267857418,T,311.52,100,312.56,100,IBM
2025-10-29,9:45:54.267877393,T,311.51,100,312.56,100,IBM
2025-10-29,9:45:54.267932940,T,311.51,100,311.86,100,IBM
2025-10-29,9:45:54.267957646,T,311.51,100,312.56,100,IBM
2025-10-29,9:45:54.267987726,T,311.52,100,312.56,100,IBM
2025-10-29,9:45:54.268097927,T,311.53,100,312.56,100,IBM
2025-10-29,9:45:54.268163046,T,311.52,100,312.56,100,IBM
2025-10-29,9:45:54.268168158,T,311.61,100,312.56,100,IBM
2025-10-29,9:45:54.268288377,T,311.65,100,312.56,100,IBM
2025-10-29,9:45:54.268303387,T,311.61,100,312.56,100,IBM
2025-10-29,9:45:54.268388639,T,311.52,100,312.56,100,IBM
2025-10-29,9:45:54.268448797,T,311.51,100,312.56,100,IBM
2025-10-29,9:45:54.268473790,T,311.45,100,312.56,100,IBM
2025-10-29,9:45:54.268513946,T,311.51,100,312.56,100,IBM
2025-10-29,9:45:54.268534029,T,311.45,100,312.56,100,IBM
2025-10-29,9:45:54.268709403,T,311.51,100,312.56,100,IBM
2025-10-29,9:45:54.268769493,T,311.45,100,312.56,100,IBM
2025-10-29,9:45:54.269230655,T,311.51,100,312.56,100,IBM
2025-10-29,9:45:54.269295842,T,311.45,100,312.56,100,IBM
2025-10-29,9:45:54.270759315,T,311.45,100,312.48,100,IBM
2025-10-29,9:45:54.271220376,T,311.45,100,312.56,100,IBM
2025-10-29,9:45:54.271245458,T,311.51,100,312.56,100,IBM
2025-10-29,9:45:54.271245458,T,311.52,100,312.56,100,IBM
2025-10-29,9:45:54.271260491,T,311.53,100,312.56,100,IBM
2025-10-29,9:45:54.271265476,T,311.61,100,312.56,100,IBM
2025-10-29,9:45:54.271295581,T,311.62,100,312.56,100,IBM
2025-10-29,9:45:54.271942144,T,311.62,100,312.57,100,IBM
2025-10-29,9:45:54.272297884,T,311.61,100,312.57,100,IBM
2025-10-29,9:45:54.276322541,T,311.53,100,312.57,100,IBM
2025-10-29,9:45:54.280843246,T,311.52,100,312.57,100,IBM
2025-10-29,9:45:54.289809621,T,311.61,100,312.57,100,IBM
2025-10-29,9:45:54.309982687,T,311.61,100,312.58,200,IBM
2025-10-29,9:45:54.367374270,T,311.53,100,312.58,200,IBM
2025-10-29,9:45:54.368171238,T,311.45,100,312.58,200,IBM
2025-10-29,9:45:54.368176172,T,311.45,100,312.35,100,IBM
2025-10-29,9:45:54.371303682,T,311.37,100,312.35,100,IBM
2025-10-29,9:45:54.371328725,T,311.29,100,312.35,100,IBM
2025-10-29,9:45:54.371694527,T,311.29,100,312.32,100,IBM
2025-10-29,9:45:54.377608686,T,311.29,100,312.35,100,IBM
2025-10-29,9:45:54.377618651,T,311.55,100,312.35,100,IBM
2025-10-29,9:45:54.381708405,T,311.37,100,312.35,100,IBM
2025-10-29,9:45:54.381733503,T,311.29,100,312.35,100,IBM
2025-10-29,9:45:54.882496062,T,311.52,100,312.35,100,IBM
2025-10-29,9:45:54.888414705,T,311.29,100,312.35,100,IBM
2025-10-29,9:45:55.131814264,T,311.37,100,312.35,100,IBM
2025-10-29,9:45:55.131844589,T,311.29,100,312.35,100,IBM
2025-10-29,9:45:55.132886810,T,311.37,100,312.35,100,IBM
2025-10-29,9:45:55.132906860,T,311.29,100,312.35,100,IBM
2025-10-29,9:45:55.221467719,T,311.22,100,312.35,100,IBM
2025-10-29,9:45:55.322839061,T,311.29,100,312.35,100,IBM
2025-10-29,9:45:55.322839061,T,311.22,100,312.35,100,IBM
2025-10-29,9:45:55.322844076,T,311.29,100,312.35,100,IBM
2025-10-29,9:45:55.322849026,T,311.37,100,312.35,100,IBM
2025-10-29,9:45:55.322864123,T,311.29,100,312.35,100,IBM
2025-10-29,9:45:55.323049557,T,311.29,100,312.56,100,IBM
2025-10-29,9:45:55.323059539,T,311.29,100,312.48,100,IBM
2025-10-29,9:45:55.323099660,T,311.29,100,312.33,100,IBM
2025-10-29,9:45:55.323109705,T,311.29,100,312.48,100,IBM
2025-10-29,9:45:55.323214895,T,311.29,100,312.39,200,IBM
2025-10-29,9:45:55.325525379,T,311.29,100,312.29,100,IBM
2025-10-29,9:45:55.328462399,T,311.29,100,312.39,200,IBM
2025-10-29,9:45:55.403425853,T,311.29,100,312.29,100,IBM
2025-10-29,9:45:55.422837119,T,311.22,100,312.29,100,IBM
2025-10-29,9:45:55.422862147,T,311.13,100,312.29,100,IBM
2025-10-29,9:45:55.500296436,T,311.13,100,312.39,200,IBM
2025-10-29,9:45:56.105727794,T,311.13,100,312.33,100,IBM
2025-10-29,9:45:56.471102581,T,311.02,300,312.33,100,IBM
2025-10-29,9:45:57.437598421,T,311.13,100,312.33,100,IBM
2025-10-29,9:45:57.437598421,T,311.13,100,312.39,200,IBM
2025-10-29,9:45:57.437678686,T,311.37,100,312.39,200,IBM
2025-10-29,9:45:57.438019506,T,311.37,100,312.0,100,IBM
2025-10-29,9:45:57.438666059,T,311.29,100,312.0,100,IBM
2025-10-29,9:45:57.656359235,T,311.02,300,312.0,100,IBM
2025-10-29,9:45:58.430181544,T,311.02,200,312.0,100,IBM
2025-10-29,9:45:58.433374092,T,311.02,200,312.0,200,IBM
2025-10-29,9:45:58.433399796,T,311.02,200,312.0,100,IBM
2025-10-29,9:45:58.433404202,T,311.02,200,312.0,200,IBM
2025-10-29,9:45:58.433449344,T,311.02,200,311.86,100,IBM
2025-10-29,9:45:58.433734987,T,311.02,200,312.08,100,IBM
2025-10-29,9:45:58.434095792,T,311.02,200,311.86,100,IBM
2025-10-29,9:45:58.434436676,T,311.02,200,312.01,100,IBM
2025-10-29,9:45:58.434446643,T,311.02,200,312.14,100,IBM
2025-10-29,9:45:58.434481754,T,311.02,200,312.01,100,IBM
2025-10-29,9:45:58.434581999,T,311.02,200,312.0,100,IBM
2025-10-29,9:45:58.434712252,T,311.02,200,311.92,100,IBM
2025-10-29,9:45:58.438837090,T,311.02,200,312.0,100,IBM
2025-10-29,9:45:58.441879385,T,311.02,200,311.76,100,IBM
2025-10-29,9:45:58.441884350,T,311.06,100,311.76,100,IBM
2025-10-29,9:45:58.441914448,T,311.06,100,311.92,100,IBM
2025-10-29,9:45:58.441974729,T,311.06,100,311.84,100,IBM
2025-10-29,9:45:58.442009641,T,311.06,100,311.92,100,IBM
2025-10-29,9:45:58.442019730,T,311.02,300,311.92,100,IBM
2025-10-29,9:45:58.442034758,T,311.02,300,311.84,100,IBM
2025-10-29,9:45:58.442044814,T,311.06,100,311.84,100,IBM
2025-10-29,9:45:58.442129984,T,311.06,100,311.92,100,IBM
2025-10-29,9:45:58.442160065,T,311.06,100,311.84,100,IBM
2025-10-29,9:45:58.442956958,T,311.06,100,311.83,100,IBM
2025-10-29,9:45:58.446415130,T,311.06,100,311.84,100,IBM
2025-10-29,9:45:58.447061697,T,311.06,100,311.83,100,IBM
2025-10-29,9:45:58.448555311,T,311.02,100,311.83,100,IBM
2025-10-29,9:45:58.448560296,T,310.83,300,311.83,100,IBM
2025-10-29,9:45:58.448580417,T,310.83,300,311.76,100,IBM
2025-10-29,9:45:58.448620366,T,310.83,300,311.6,100,IBM
2025-10-29,9:45:58.448790840,T,310.83,300,311.76,100,IBM
2025-10-29,9:45:58.448810842,T,310.91,100,311.76,100,IBM
2025-10-29,9:45:58.448825906,T,311.02,100,311.76,100,IBM
2025-10-29,9:45:58.449146689,T,311.06,100,311.76,100,IBM
2025-10-29,9:45:58.449838363,T,311.02,100,311.76,100,IBM
2025-10-29,9:45:58.468166919,T,311.02,100,311.84,100,IBM
2025-10-29,9:45:58.468653099,T,311.06,100,311.84,100,IBM
2025-10-29,9:45:58.468693219,T,311.07,100,311.84,100,IBM
2025-10-29,9:45:58.468728397,T,311.07,100,311.92,100,IBM
2025-10-29,9:45:58.489522753,T,311.07,100,312.0,100,IBM
2025-10-29,9:45:58.489547906,T,311.07,100,312.01,100,IBM
2025-10-29,9:45:58.492524912,T,311.07,100,312.05,200,IBM
2025-10-29,9:45:58.518952860,T,311.07,100,311.92,100,IBM
2025-10-29,9:45:58.518977909,T,310.83,300,311.92,100,IBM
2025-10-29,9:45:58.548823927,T,310.83,200,311.92,100,IBM
2025-10-29,9:45:58.599509646,T,310.83,200,311.92,200,IBM
2025-10-29,9:45:58.639665307,T,310.83,200,311.92,100,IBM
2025-10-29,9:45:59.148682051,T,310.83,200,311.92,200,IBM
2025-10-29,9:45:59.148712372,T,310.83,200,311.83,100,IBM
2025-10-29,9:45:59.445769296,T,310.83,200,311.92,200,IBM
2025-10-29,9:46:01.140273224,T,310.83,200,311.92,100,IBM
2025-10-29,9:46:03.427147733,T,310.83,200,312.01,100,IBM
2025-10-29,9:46:03.427147733,T,310.83,200,312.05,200,IBM
