DATE,TIME_M,EX,BID,BIDSIZ,ASK,ASKSIZ,SYM_ROOT
2025-12-01,9:30:00.036385177,T,305.51,40,307.5,120,IBM
2025-12-01,9:30:01.304775099,T,305.51,40,307.5,120,IBM
2025-12-01,9:30:01.319980974,T,305.51,40,307.49,40,IBM
2025-12-01,9:30:01.320031149,T,305.51,40,307.49,160,IBM
2025-12-01,9:30:01.321840471,T,305.51,40,306.92,40,IBM
2025-12-01,9:30:01.321880538,T,305.51,40,306.68,80,IBM
2025-12-01,9:30:01.916851965,T,305.51,40,306.92,40,IBM
2025-12-01,9:30:01.916866943,T,305.51,40,307.5,40,IBM
2025-12-01,9:30:01.916866943,T,305.51,40,306.49,40,IBM
2025-12-01,9:30:01.916927164,T,305.51,40,306.49,120,IBM
2025-12-01,9:30:02.039303448,T,305.51,40,306.49,80,IBM
2025-12-01,9:30:02.052489798,T,305.51,40,306.48,40,IBM
2025-12-01,9:30:02.052539900,T,305.51,40,306.48,120,IBM
2025-12-01,9:30:02.109325070,T,305.51,40,306.48,40,IBM
2025-12-01,9:30:02.109345181,T,305.51,40,306.37,80,IBM
2025-12-01,9:30:02.382665893,T,305.51,40,306.37,120,IBM
2025-12-01,9:30:02.441430824,T,305.51,40,306.37,40,IBM
2025-12-01,9:30:02.441455842,T,305.51,40,306.35,80,IBM
2025-12-01,9:30:02.442633664,T,305.51,40,306.35,120,IBM
2025-12-01,9:30:02.456291199,T,305.51,40,306.35,80,IBM
2025-12-01,9:30:02.472955895,T,305.51,40,306.48,40,IBM
2025-12-01,9:30:02.472980910,T,305.51,40,306.34,80,IBM
2025-12-01,9:30:02.621544664,T,305.51,40,306.48,40,IBM
2025-12-01,9:30:02.621544664,T,305.51,40,306.2,80,IBM
2025-12-01,9:30:02.621544664,T,305.51,40,306.0,40,IBM
2025-12-01,9:30:02.621569813,T,305.51,40,305.67,80,IBM
2025-12-01,9:30:02.637522665,T,304.51,80,305.67,80,IBM
2025-12-01,9:30:02.637542715,T,304.51,80,306.0,80,IBM
2025-12-01,9:30:02.637567836,T,304.51,80,305.51,80,IBM
2025-12-01,9:30:02.637577817,T,304.51,80,306.0,80,IBM
2025-12-01,9:30:02.637607944,T,304.51,80,306.2,120,IBM
2025-12-01,9:30:02.637738243,T,305.36,80,306.2,120,IBM
2025-12-01,9:30:02.637798412,T,305.36,440,306.2,120,IBM
2025-12-01,9:30:02.637798412,T,305.36,720,306.2,120,IBM
2025-12-01,9:30:02.637818474,T,305.36,800,306.2,120,IBM
2025-12-01,9:30:02.637833770,T,305.36,1000,306.2,120,IBM
2025-12-01,9:30:02.637833770,T,305.36,1160,306.2,120,IBM
2025-12-01,9:30:02.637848688,T,305.36,1000,306.2,120,IBM
2025-12-01,9:30:02.637848688,T,305.36,1120,306.2,120,IBM
2025-12-01,9:30:02.637853458,T,305.36,1200,306.2,120,IBM
2025-12-01,9:30:02.637863525,T,305.36,1240,306.2,120,IBM
2025-12-01,9:30:02.637878507,T,305.36,1360,306.2,120,IBM
2025-12-01,9:30:02.637923717,T,305.36,1640,306.2,120,IBM
2025-12-01,9:30:02.637943690,T,305.36,1720,306.2,120,IBM
2025-12-01,9:30:02.637943690,T,305.36,1840,306.2,120,IBM
2025-12-01,9:30:02.637943690,T,305.51,120,306.2,120,IBM
2025-12-01,9:30:02.637953739,T,305.51,200,306.2,120,IBM
2025-12-01,9:30:02.638013923,T,305.51,1960,306.2,120,IBM
2025-12-01,9:30:02.638174261,T,305.51,2120,306.2,120,IBM
2025-12-01,9:30:02.638264519,T,305.51,2240,306.2,120,IBM
2025-12-01,9:30:02.641542301,T,305.51,2240,306.68,40,IBM
2025-12-01,9:30:02.649436138,T,305.51,2240,307.5,80,IBM
2025-12-01,9:30:02.811667231,T,305.51,2240,306.68,40,IBM
2025-12-01,9:30:02.846079166,T,305.51,2240,307.5,80,IBM
2025-12-01,9:30:02.846154360,T,305.51,2240,306.68,40,IBM
2025-12-01,9:30:02.846254564,T,305.51,2240,306.73,40,IBM
2025-12-01,9:30:02.907455351,T,305.51,2240,306.68,40,IBM
2025-12-01,9:30:02.909169405,T,305.51,2240,306.73,40,IBM
2025-12-01,9:30:02.931637822,T,305.51,2240,306.73,80,IBM
2025-12-01,9:30:02.946382911,T,305.51,2240,306.73,40,IBM
2025-12-01,9:30:03.174485936,T,305.51,2240,306.2,40,IBM
2025-12-01,9:30:03.203484924,T,305.51,2240,306.2,80,IBM
2025-12-01,9:30:03.316103067,T,305.51,2240,306.2,40,IBM
2025-12-01,9:30:03.316609223,T,305.51,2240,306.19,40,IBM
2025-12-01,9:30:03.371404657,T,305.51,2240,306.19,80,IBM
2025-12-01,9:30:03.446904367,T,305.51,2240,306.19,40,IBM
2025-12-01,9:30:03.476660259,T,305.51,2240,306.18,40,IBM
2025-12-01,9:30:03.477833094,T,305.51,2240,306.18,80,IBM
2025-12-01,9:30:03.603386883,T,305.51,2240,306.18,40,IBM
2025-12-01,9:30:03.983080774,T,305.51,2240,307.5,80,IBM
2025-12-01,9:30:04.533075020,T,305.51,2200,307.5,80,IBM
2025-12-01,9:30:04.533075020,T,305.51,2160,307.5,80,IBM
2025-12-01,9:30:04.533095194,T,305.51,2120,307.5,80,IBM
2025-12-01,9:30:04.533100107,T,305.51,2000,307.5,80,IBM
2025-12-01,9:30:04.533100107,T,305.51,240,307.5,80,IBM
2025-12-01,9:30:04.533105079,T,305.51,80,307.5,80,IBM
2025-12-01,9:30:04.533105079,T,304.51,80,307.5,80,IBM
2025-12-01,9:30:04.533125050,T,304.51,80,306.04,80,IBM
2025-12-01,9:30:04.533130124,T,304.51,80,305.85,40,IBM
2025-12-01,9:30:04.533546075,T,304.51,80,305.85,80,IBM
2025-12-01,9:30:04.533911939,T,304.51,120,305.85,80,IBM
2025-12-01,9:30:04.533982178,T,304.51,160,305.85,80,IBM
2025-12-01,9:30:04.535215115,T,304.51,120,305.85,80,IBM
2025-12-01,9:30:04.535215115,T,304.51,80,305.85,80,IBM
2025-12-01,9:30:04.535215115,T,304.51,80,305.85,40,IBM
2025-12-01,9:30:04.535240119,T,304.68,80,305.85,40,IBM
2025-12-01,9:30:04.543650174,T,304.68,80,305.88,40,IBM
2025-12-01,9:30:04.544617464,T,304.68,80,305.88,80,IBM
2025-12-01,9:30:04.576959517,T,304.68,80,305.88,40,IBM
2025-12-01,9:30:04.577510758,T,304.68,80,305.88,80,IBM
2025-12-01,9:30:05.124307403,T,304.51,80,305.88,80,IBM
2025-12-01,9:30:05.124332846,T,304.85,80,305.88,80,IBM
2025-12-01,9:30:08.225359597,T,305.22,120,305.88,80,IBM
2025-12-01,9:30:08.225404628,T,305.22,200,305.88,80,IBM
2025-12-01,9:30:08.474402446,T,305.22,200,305.88,40,IBM
2025-12-01,9:30:08.877752712,T,305.22,80,305.88,40,IBM
2025-12-01,9:30:11.122476421,T,305.22,160,305.88,40,IBM
2025-12-01,9:30:11.253418196,T,305.22,80,305.88,40,IBM
2025-12-01,9:30:14.459184773,T,305.22,80,306.73,40,IBM
2025-12-01,9:30:20.647481565,T,305.22,80,307.0,40,IBM
2025-12-01,9:30:22.409160078,T,305.23,80,307.0,40,IBM
2025-12-01,9:30:22.409200194,T,305.23,160,307.0,40,IBM
2025-12-01,9:30:22.995215208,T,305.23,160,306.85,40,IBM
2025-12-01,9:30:22.997450686,T,305.23,160,306.67,40,IBM
2025-12-01,9:30:22.997475596,T,305.23,160,306.85,40,IBM
2025-12-01,9:30:22.997510667,T,305.23,160,306.67,40,IBM
2025-12-01,9:30:22.998578278,T,305.23,160,306.49,40,IBM
2025-12-01,9:30:25.509886682,T,305.23,160,306.32,40,IBM
2025-12-01,9:30:30.860238694,T,305.39,40,306.32,40,IBM
2025-12-01,9:30:30.860278792,T,305.23,80,306.32,40,IBM
2025-12-01,9:30:30.860278792,T,305.55,40,306.32,40,IBM
2025-12-01,9:30:30.860283795,T,305.55,120,306.32,40,IBM
2025-12-01,9:30:30.860328861,T,305.55,40,306.32,40,IBM
2025-12-01,9:30:30.860353943,T,305.63,80,306.32,40,IBM
2025-12-01,9:30:30.860389246,T,305.63,80,306.49,40,IBM
2025-12-01,9:30:30.860449150,T,305.55,40,306.49,40,IBM
2025-12-01,9:30:30.860474250,T,305.75,80,306.49,40,IBM
2025-12-01,9:30:30.860479294,T,305.75,80,306.23,40,IBM
2025-12-01,9:30:30.860494386,T,305.75,80,306.49,40,IBM
2025-12-01,9:30:30.860494386,T,305.55,40,306.49,40,IBM
2025-12-01,9:30:30.860624576,T,305.23,80,306.49,40,IBM
2025-12-01,9:30:30.860815031,T,305.24,40,306.49,40,IBM
2025-12-01,9:30:30.861576798,T,305.66,40,306.49,40,IBM
2025-12-01,9:30:30.861962817,T,305.66,40,306.67,40,IBM
2025-12-01,9:30:30.862273560,T,305.66,40,306.85,40,IBM
2025-12-01,9:30:30.862799725,T,305.24,40,306.85,40,IBM
2025-12-01,9:30:30.862799725,T,305.79,40,306.85,40,IBM
2025-12-01,9:30:30.898835482,T,305.24,40,306.85,40,IBM
2025-12-01,9:30:30.899933145,T,305.24,80,306.85,40,IBM
2025-12-01,9:30:30.960863125,T,305.24,40,306.85,40,IBM
2025-12-01,9:30:31.292923623,T,305.24,80,306.85,40,IBM
2025-12-01,9:30:31.292973693,T,305.24,40,306.85,40,IBM
2025-12-01,9:30:31.470471293,T,305.24,40,307.0,40,IBM
2025-12-01,9:30:31.472044944,T,305.67,40,307.0,40,IBM
2025-12-01,9:30:31.472275535,T,305.67,80,307.0,40,IBM
2025-12-01,9:30:31.475142319,T,305.67,120,307.0,40,IBM
2025-12-01,9:30:31.487261161,T,305.67,80,307.0,40,IBM
2025-12-01,9:30:31.721383501,T,305.67,40,307.0,40,IBM
2025-12-01,9:30:34.385009410,T,305.24,80,307.0,40,IBM
2025-12-01,9:30:34.472673018,T,304.54,40,307.0,40,IBM
2025-12-01,9:30:34.473810741,T,305.68,1800,307.0,40,IBM
2025-12-01,9:30:51.121436748,T,305.68,1800,306.31,120,IBM
2025-12-01,9:30:51.121857791,T,305.68,1800,306.31,160,IBM
2025-12-01,9:30:51.222447270,T,305.68,1800,306.31,40,IBM
2025-12-01,9:30:52.034735997,T,305.68,1800,306.31,80,IBM
2025-12-01,9:30:54.869579522,T,305.68,1800,306.31,40,IBM
2025-12-01,9:31:01.767209699,T,305.68,1800,306.3,80,IBM
2025-12-01,9:31:01.767344957,T,305.68,1600,306.3,80,IBM
2025-12-01,9:31:01.767375113,T,305.68,1560,306.3,80,IBM
2025-12-01,9:31:01.767385134,T,305.68,1560,306.31,40,IBM
2025-12-01,9:31:01.767385134,T,305.68,1560,306.02,40,IBM
2025-12-01,9:31:01.767390091,T,305.68,1480,306.02,40,IBM
2025-12-01,9:31:01.767410120,T,305.68,1240,306.02,40,IBM
2025-12-01,9:31:01.767440203,T,305.19,160,306.02,40,IBM
2025-12-01,9:31:01.767886309,T,304.71,40,306.02,40,IBM
2025-12-01,9:31:01.768016561,T,304.71,40,306.02,80,IBM
2025-12-01,9:31:01.768953808,T,305.2,320,306.02,80,IBM
2025-12-01,9:31:01.769189392,T,304.71,40,306.02,80,IBM
2025-12-01,9:31:01.769840957,T,305.01,320,306.02,80,IBM
2025-12-01,9:31:01.895705578,T,305.01,320,306.02,40,IBM
2025-12-01,9:31:01.903990332,T,305.22,80,306.02,40,IBM
2025-12-01,9:31:01.992260544,T,305.22,80,306.01,40,IBM
2025-12-01,9:31:01.992706576,T,305.22,80,306.01,80,IBM
2025-12-01,9:31:01.998054282,T,305.01,320,306.01,80,IBM
2025-12-01,9:31:02.092945223,T,305.01,320,306.01,40,IBM
2025-12-01,9:31:02.096203121,T,305.01,320,306.01,80,IBM
2025-12-01,9:31:05.293268799,T,305.01,320,306.01,40,IBM
2025-12-01,9:31:05.295950102,T,305.01,320,306.01,80,IBM
2025-12-01,9:31:05.314845150,T,305.01,320,306.01,40,IBM
2025-12-01,9:31:05.343297815,T,305.01,320,306.01,80,IBM
2025-12-01,9:31:06.047644581,T,305.22,40,306.01,80,IBM
2025-12-01,9:31:09.753055402,T,305.01,320,306.01,80,IBM
2025-12-01,9:31:11.511897595,T,305.01,320,306.01,120,IBM
2025-12-01,9:31:11.520292492,T,305.01,320,306.01,80,IBM
2025-12-01,9:31:16.209265012,T,305.01,320,306.01,160,IBM
2025-12-01,9:31:16.292252580,T,305.01,320,306.01,120,IBM
2025-12-01,9:31:16.391899762,T,305.01,320,306.01,160,IBM
2025-12-01,9:31:16.492228652,T,305.01,320,306.01,120,IBM
2025-12-01,9:31:16.492920201,T,305.01,320,306.01,160,IBM
2025-12-01,9:31:18.991598406,T,305.01,320,306.01,120,IBM
2025-12-01,9:31:21.754716177,T,305.01,320,306.01,160,IBM
2025-12-01,9:31:21.792902096,T,305.01,320,306.01,120,IBM
2025-12-01,9:31:22.138730357,T,304.98,40,306.01,120,IBM
2025-12-01,9:31:22.138755493,T,304.88,40,306.01,120,IBM
2025-12-01,9:31:22.140063603,T,304.81,160,306.01,120,IBM
2025-12-01,9:31:22.267421726,T,304.81,200,306.01,120,IBM
2025-12-01,9:31:22.882972125,T,304.81,200,306.01,80,IBM
2025-12-01,9:31:23.909430648,T,304.81,160,306.01,80,IBM
2025-12-01,9:31:24.321712115,T,304.81,160,306.2,40,IBM
2025-12-01,9:31:26.211786560,T,305.63,280,306.2,40,IBM
2025-12-01,9:31:38.026306577,T,305.63,320,306.2,40,IBM
2025-12-01,9:31:38.026326616,T,305.64,40,306.2,40,IBM
2025-12-01,9:31:38.026336630,T,305.82,120,306.2,40,IBM
2025-12-01,9:31:38.026752647,T,305.78,40,306.2,40,IBM
2025-12-01,9:31:38.026817876,T,305.82,40,306.2,40,IBM
2025-12-01,9:31:38.027038383,T,305.82,40,306.2,80,IBM
2025-12-01,9:31:38.038495662,T,305.82,40,306.2,40,IBM
2025-12-01,9:31:38.038525712,T,305.63,280,306.2,40,IBM
2025-12-01,9:31:38.811335309,T,305.63,280,306.2,120,IBM
2025-12-01,9:31:41.688344127,T,305.63,280,306.2,160,IBM
2025-12-01,9:31:41.688389227,T,305.63,320,306.2,160,IBM
2025-12-01,9:31:41.688414345,T,305.63,320,306.18,80,IBM
2025-12-01,9:31:41.688419320,T,305.65,40,306.18,80,IBM
2025-12-01,9:31:41.688629903,T,305.65,80,306.18,80,IBM
2025-12-01,9:31:41.688835266,T,305.65,80,306.18,120,IBM
2025-12-01,9:31:41.970360385,T,305.65,40,306.18,120,IBM
2025-12-01,9:31:44.648175140,T,305.66,40,306.18,120,IBM
2025-12-01,9:31:44.648395697,T,305.66,80,306.18,120,IBM
2025-12-01,9:31:44.650114799,T,305.66,120,306.18,120,IBM
2025-12-01,9:31:44.666769387,T,305.66,120,306.18,80,IBM
2025-12-01,9:31:44.882227350,T,305.66,80,306.18,80,IBM
2025-12-01,9:31:44.882237298,T,305.66,40,306.18,80,IBM
2025-12-01,9:31:45.849169127,T,305.66,40,306.18,40,IBM
2025-12-01,9:31:45.849189263,T,305.66,40,306.2,40,IBM
2025-12-01,9:31:45.849214304,T,305.66,40,306.36,160,IBM
2025-12-01,9:31:45.849214304,T,305.92,160,306.36,160,IBM
2025-12-01,9:31:45.849234326,T,305.92,200,306.36,160,IBM
2025-12-01,9:31:45.849424760,T,305.92,240,306.36,160,IBM
2025-12-01,9:31:45.849710497,T,305.92,280,306.36,160,IBM
2025-12-01,9:31:45.851224032,T,305.92,120,306.36,160,IBM
2025-12-01,9:31:45.851810529,T,305.92,120,307.0,40,IBM
2025-12-01,9:31:45.851815526,T,305.92,120,306.74,200,IBM
2025-12-01,9:31:45.852562254,T,305.92,80,306.74,200,IBM
2025-12-01,9:31:45.852582480,T,306.12,80,306.74,200,IBM
2025-12-01,9:31:45.852682603,T,306.12,80,306.74,280,IBM
2025-12-01,9:31:45.852908039,T,306.12,80,306.74,320,IBM
2025-12-01,9:31:45.854005635,T,305.92,40,306.74,320,IBM
2025-12-01,9:31:45.859463734,T,305.67,80,306.74,320,IBM
2025-12-01,9:31:45.863683771,T,305.67,80,306.74,280,IBM
2025-12-01,9:31:45.866214710,T,305.67,80,306.74,80,IBM
2025-12-01,9:31:45.949387723,T,305.27,160,306.74,80,IBM
2025-12-01,9:31:46.422062906,T,305.27,160,307.03,40,IBM
2025-12-01,9:31:46.431219691,T,305.27,160,306.82,80,IBM
2025-12-01,9:31:47.682112626,T,305.27,160,306.82,120,IBM
2025-12-01,9:31:48.020864014,T,305.27,160,306.82,80,IBM
2025-12-01,9:31:48.028261631,T,305.26,40,306.82,80,IBM
2025-12-01,9:31:48.028266660,T,305.58,160,306.82,80,IBM
2025-12-01,9:31:49.887216980,T,305.59,320,306.82,80,IBM
2025-12-01,9:32:01.831877061,T,305.58,160,306.82,80,IBM
2025-12-01,9:32:01.833345640,T,306.16,320,306.82,80,IBM
2025-12-01,9:32:03.015639990,T,306.16,320,307.03,40,IBM
2025-12-01,9:32:13.853164900,T,306.16,320,306.51,40,IBM
2025-12-01,9:32:13.853189261,T,306.16,320,307.03,40,IBM
2025-12-01,9:32:13.853189261,T,306.16,320,306.36,80,IBM
2025-12-01,9:32:13.853219402,T,305.58,160,306.36,80,IBM
2025-12-01,9:32:13.853244712,T,305.58,160,306.36,120,IBM
2025-12-01,9:32:13.853324855,T,305.58,160,306.26,40,IBM
2025-12-01,9:32:13.853690433,T,305.58,160,306.51,80,IBM
2025-12-01,9:32:13.853695771,T,305.58,160,306.51,40,IBM
2025-12-01,9:32:13.853695771,T,306.16,40,306.51,40,IBM
2025-12-01,9:32:13.853906092,T,305.58,160,306.51,40,IBM
2025-12-01,9:32:13.863599050,T,305.58,160,306.88,160,IBM
2025-12-01,9:32:14.394919083,T,305.58,160,306.1,40,IBM
2025-12-01,9:32:14.394958985,T,305.58,240,306.1,40,IBM
2025-12-01,9:32:14.395344929,T,305.58,240,306.1,80,IBM
2025-12-01,9:32:14.400136383,T,305.58,80,306.1,80,IBM
2025-12-01,9:32:14.405754739,T,305.58,80,306.1,40,IBM
2025-12-01,9:32:14.781629524,T,305.27,200,306.1,40,IBM
2025-12-01,9:32:15.244852198,T,305.27,200,306.61,160,IBM
2025-12-01,9:32:16.181577124,T,305.77,40,306.61,160,IBM
2025-12-01,9:32:16.182198894,T,305.27,200,306.61,160,IBM
2025-12-01,9:32:16.182203659,T,305.27,200,306.5,80,IBM
2025-12-01,9:32:16.182624636,T,305.27,200,306.5,120,IBM
2025-12-01,9:32:16.196151896,T,305.27,200,306.5,200,IBM
2025-12-01,9:32:16.204682182,T,305.65,80,306.5,200,IBM
2025-12-01,9:32:16.204892646,T,305.65,120,306.5,200,IBM
2025-12-01,9:32:16.205113244,T,305.65,120,306.5,160,IBM
2025-12-01,9:32:16.205153304,T,305.65,120,306.5,80,IBM
2025-12-01,9:32:16.205348796,T,305.65,40,306.5,80,IBM
2025-12-01,9:32:16.205704611,T,305.65,80,306.5,80,IBM
2025-12-01,9:32:16.444031985,T,305.65,40,306.5,80,IBM
2025-12-01,9:32:21.166183225,T,305.65,40,306.9,160,IBM
2025-12-01,9:32:21.275668810,T,305.65,80,306.9,160,IBM
2025-12-01,9:32:25.841678443,T,305.65,120,306.9,160,IBM
2025-12-01,9:32:29.228140089,T,305.65,80,306.9,160,IBM
2025-12-01,9:32:33.631833204,T,305.65,120,306.9,160,IBM
2025-12-01,9:32:41.220874457,T,305.65,80,306.9,160,IBM
2025-12-01,9:32:41.221064962,T,305.65,120,306.9,160,IBM
2025-12-01,9:32:41.221099976,T,305.66,40,306.9,160,IBM
2025-12-01,9:32:41.221099976,T,305.66,80,306.9,160,IBM
2025-12-01,9:32:41.221305557,T,305.66,120,306.9,160,IBM
2025-12-01,9:32:41.222022201,T,305.66,160,306.9,160,IBM
2025-12-01,9:32:41.422128543,T,305.66,120,306.9,160,IBM
2025-12-01,9:32:42.510750029,T,305.66,80,306.9,160,IBM
2025-12-01,9:32:42.859720828,T,305.66,120,306.9,160,IBM
2025-12-01,9:32:42.859936357,T,305.66,160,306.9,160,IBM
2025-12-01,9:32:42.962806207,T,305.66,120,306.9,160,IBM
2025-12-01,9:32:46.864960288,T,305.66,200,306.9,160,IBM
2025-12-01,9:32:46.864995253,T,305.66,240,306.9,160,IBM
2025-12-01,9:32:46.865030436,T,305.67,40,306.9,160,IBM
2025-12-01,9:32:46.865065453,T,305.67,80,306.9,160,IBM
2025-12-01,9:32:46.865531543,T,305.67,120,306.9,160,IBM
2025-12-01,9:32:46.865782214,T,305.67,160,306.9,160,IBM
2025-12-01,9:32:51.810127435,T,305.67,80,306.9,160,IBM
2025-12-01,9:32:51.888985254,T,305.67,120,306.9,160,IBM
2025-12-01,9:32:52.630189969,T,305.87,40,306.9,160,IBM
2025-12-01,9:32:52.630986542,T,305.87,120,306.9,160,IBM
2025-12-01,9:32:52.630986542,T,305.87,160,306.9,160,IBM
2025-12-01,9:32:53.896033090,T,305.87,200,306.9,160,IBM
2025-12-01,9:32:59.321594014,T,305.87,160,306.9,160,IBM
2025-12-01,9:32:59.896778149,T,305.87,200,306.9,160,IBM
2025-12-01,9:33:00.310447880,T,305.87,160,306.9,160,IBM
2025-12-01,9:33:00.479685880,T,305.87,200,306.9,160,IBM
2025-12-01,9:33:01.299307040,T,305.87,160,306.9,160,IBM
2025-12-01,9:33:01.326090830,T,305.87,200,306.9,160,IBM
2025-12-01,9:33:02.200863153,T,305.87,160,306.9,160,IBM
2025-12-01,9:33:02.288166046,T,305.87,120,306.9,160,IBM
2025-12-01,9:33:04.217253220,T,306.0,40,306.9,160,IBM
2025-12-01,9:33:04.217288393,T,306.0,80,306.9,160,IBM
2025-12-01,9:33:04.218055099,T,306.0,160,306.9,160,IBM
2025-12-01,9:33:07.230942559,T,306.0,200,306.9,160,IBM
2025-12-01,9:33:16.072389909,T,306.0,160,306.9,160,IBM
2025-12-01,9:33:18.179856823,T,306.0,120,306.9,160,IBM
2025-12-01,9:33:23.442805511,T,306.01,40,306.9,160,IBM
2025-12-01,9:33:23.442810498,T,306.01,120,306.9,160,IBM
2025-12-01,9:33:23.443266599,T,306.01,160,306.9,160,IBM
2025-12-01,9:33:48.451214243,T,306.01,120,306.9,160,IBM
2025-12-01,9:33:52.459636375,T,306.01,120,306.54,40,IBM
2025-12-01,9:33:54.209792545,T,306.25,40,306.54,40,IBM
2025-12-01,9:33:54.210599394,T,306.25,120,306.54,40,IBM
2025-12-01,9:33:56.998115296,T,306.25,120,306.9,160,IBM
2025-12-01,9:34:09.901843231,T,306.25,80,306.9,160,IBM
2025-12-01,9:34:09.901843231,T,305.79,40,306.9,160,IBM
2025-12-01,9:34:09.901868353,T,305.78,160,306.9,160,IBM
2025-12-01,9:34:09.901893317,T,305.78,160,306.38,40,IBM
2025-12-01,9:34:09.902249191,T,305.78,160,306.38,80,IBM
2025-12-01,9:34:09.902314307,T,305.78,160,306.38,120,IBM
2025-12-01,9:34:09.902464766,T,305.78,160,306.38,80,IBM
2025-12-01,9:34:09.903692633,T,305.78,200,306.38,80,IBM
2025-12-01,9:34:09.912373339,T,305.78,200,306.38,40,IBM
2025-12-01,9:34:09.916087191,T,305.78,200,306.9,160,IBM
2025-12-01,9:34:10.127936476,T,306.11,40,306.9,160,IBM
2025-12-01,9:34:11.600547006,T,306.11,40,306.44,40,IBM
2025-12-01,9:34:11.644336274,T,306.11,40,306.39,40,IBM
2025-12-01,9:34:12.360761750,T,306.11,40,306.37,40,IBM
2025-12-01,9:34:12.754468964,T,306.11,40,306.36,40,IBM
2025-12-01,9:34:12.754890041,T,306.11,40,306.36,80,IBM
2025-12-01,9:34:12.784420313,T,305.78,160,306.36,80,IBM
2025-12-01,9:34:12.784455772,T,305.78,160,306.24,40,IBM
2025-12-01,9:34:12.785718472,T,305.78,200,306.24,40,IBM
2025-12-01,9:34:12.786139422,T,305.78,200,306.24,80,IBM
2025-12-01,9:34:12.788309628,T,305.78,40,306.24,80,IBM
2025-12-01,9:34:12.788334618,T,305.57,160,306.24,80,IBM
2025-12-01,9:34:12.788550142,T,305.57,200,306.24,80,IBM
2025-12-01,9:34:12.788966159,T,305.65,40,306.24,80,IBM
2025-12-01,9:34:12.823924404,T,305.65,40,306.2,40,IBM
2025-12-01,9:34:12.834875435,T,305.65,80,306.2,40,IBM
2025-12-01,9:34:12.835316523,T,305.65,80,306.24,40,IBM
2025-12-01,9:34:12.835336496,T,305.65,80,306.39,40,IBM
2025-12-01,9:34:12.842924541,T,305.65,120,306.39,40,IBM
2025-12-01,9:34:12.845881609,T,305.65,200,306.39,40,IBM
2025-12-01,9:34:13.008313299,T,305.65,160,306.39,40,IBM
2025-12-01,9:34:13.784856863,T,305.65,240,306.39,40,IBM
2025-12-01,9:34:15.168620913,T,305.65,200,306.39,40,IBM
2025-12-01,9:34:15.168671024,T,305.65,120,306.39,40,IBM
2025-12-01,9:34:15.168816432,T,305.66,80,306.39,40,IBM
2025-12-01,9:34:15.168851499,T,305.66,120,306.39,40,IBM
2025-12-01,9:34:15.283960586,T,305.66,160,306.39,40,IBM
2025-12-01,9:34:16.130500770,T,305.66,200,306.39,40,IBM
2025-12-01,9:34:17.417835304,T,305.66,200,306.24,40,IBM
2025-12-01,9:34:17.446623842,T,305.66,200,306.19,40,IBM
2025-12-01,9:34:20.765449454,T,305.66,200,306.19,80,IBM
2025-12-01,9:34:22.170373891,T,305.66,240,306.19,80,IBM
2025-12-01,9:34:24.824968235,T,305.66,240,306.19,120,IBM
2025-12-01,9:34:26.886014843,T,305.66,200,306.19,120,IBM
2025-12-01,9:34:27.538387829,T,305.66,160,306.19,120,IBM
2025-12-01,9:34:36.899076399,T,305.66,160,306.19,80,IBM
2025-12-01,9:34:45.170827344,T,305.67,80,306.19,80,IBM
2025-12-01,9:34:45.170857453,T,305.67,120,306.19,80,IBM
2025-12-01,9:34:45.170862432,T,305.67,160,306.19,80,IBM
2025-12-01,9:34:50.903769923,T,305.67,160,306.05,40,IBM
2025-12-01,9:34:50.904195999,T,305.67,160,306.05,80,IBM
2025-12-01,9:34:51.160861984,T,305.67,160,306.05,120,IBM
2025-12-01,9:34:53.331604518,T,305.67,160,306.05,80,IBM
2025-12-01,9:34:54.042291242,T,305.67,120,306.05,80,IBM
2025-12-01,9:34:55.045339074,T,305.67,200,306.05,80,IBM
2025-12-01,9:35:00.194612265,T,305.67,200,306.05,40,IBM
2025-12-01,9:35:01.166175236,T,305.67,160,306.05,40,IBM
2025-12-01,9:35:02.524644142,T,305.67,80,306.05,40,IBM
2025-12-01,9:35:02.658061726,T,305.67,120,306.05,40,IBM
2025-12-01,9:35:02.658111979,T,305.68,40,306.05,40,IBM
2025-12-01,9:35:02.658156904,T,305.68,80,306.05,40,IBM
2025-12-01,9:35:02.658427544,T,305.68,80,306.49,160,IBM
2025-12-01,9:35:02.658452649,T,305.86,80,306.49,160,IBM
2025-12-01,9:35:02.658517947,T,305.86,120,306.49,160,IBM
2025-12-01,9:35:02.658788428,T,305.86,200,306.49,160,IBM
2025-12-01,9:35:02.658983900,T,305.86,160,306.49,160,IBM
2025-12-01,9:35:02.659460112,T,306.09,40,306.49,160,IBM
2025-12-01,9:35:02.661429796,T,306.09,40,307.0,40,IBM
2025-12-01,9:35:02.661434815,T,306.09,40,306.7,160,IBM
2025-12-01,9:35:02.884069698,T,306.09,40,306.26,40,IBM
2025-12-01,9:35:02.884861608,T,306.09,120,306.26,40,IBM
2025-12-01,9:35:02.892996331,T,306.09,40,306.26,40,IBM
2025-12-01,9:35:02.893016014,T,305.69,40,306.26,40,IBM
2025-12-01,9:35:02.893041053,T,305.68,120,306.26,40,IBM
2025-12-01,9:35:02.900368491,T,305.68,160,306.26,40,IBM
2025-12-01,9:35:03.158813724,T,305.68,120,306.26,40,IBM
2025-12-01,9:35:03.893432661,T,305.68,160,306.26,40,IBM
2025-12-01,9:35:03.893853671,T,305.68,160,306.26,80,IBM
2025-12-01,9:35:05.847834988,T,305.68,160,306.26,120,IBM
2025-12-01,9:35:05.847885123,T,305.68,120,306.26,120,IBM
2025-12-01,9:35:06.520791986,T,305.68,120,306.26,160,IBM
2025-12-01,9:35:08.910255235,T,305.68,120,306.26,200,IBM
2025-12-01,9:35:09.727440570,T,305.69,40,306.26,200,IBM
2025-12-01,9:35:09.727475657,T,305.69,80,306.26,200,IBM
2025-12-01,9:35:09.733815786,T,305.69,80,306.26,160,IBM
2025-12-01,9:35:09.733815786,T,305.69,80,306.13,40,IBM
2025-12-01,9:35:09.734427181,T,305.69,80,306.26,40,IBM
2025-12-01,9:35:09.736096159,T,305.69,80,306.13,40,IBM
2025-12-01,9:35:09.736306672,T,305.69,80,306.13,80,IBM
2025-12-01,9:35:09.736522160,T,305.69,80,306.13,120,IBM
2025-12-01,9:35:09.850533548,T,305.69,80,306.13,80,IBM
2025-12-01,9:35:20.266138273,T,305.69,80,306.13,120,IBM
2025-12-01,9:35:20.664661946,T,305.69,80,306.13,160,IBM
2025-12-01,9:35:20.664667172,T,305.69,40,306.13,160,IBM
2025-12-01,9:35:20.664682053,T,305.69,40,305.91,40,IBM
2025-12-01,9:35:20.664692097,T,305.68,40,305.91,40,IBM
2025-12-01,9:35:20.664712083,T,305.67,40,305.91,40,IBM
2025-12-01,9:35:20.664722108,T,305.65,40,305.91,40,IBM
2025-12-01,9:35:20.664747187,T,305.53,40,305.91,40,IBM
2025-12-01,9:35:20.664752150,T,305.4,160,305.91,40,IBM
2025-12-01,9:35:20.664792303,T,305.4,160,305.8,40,IBM
2025-12-01,9:35:20.664972720,T,305.4,160,305.91,40,IBM
2025-12-01,9:35:20.665002934,T,305.4,160,306.13,120,IBM
2025-12-01,9:35:20.665027808,T,305.4,160,306.13,160,IBM
2025-12-01,9:35:20.665088033,T,305.53,40,306.13,160,IBM
2025-12-01,9:35:20.665108075,T,305.53,40,306.13,120,IBM
2025-12-01,9:35:20.665123081,T,305.65,40,306.13,120,IBM
2025-12-01,9:35:20.665849843,T,305.65,40,305.92,40,IBM
2025-12-01,9:35:20.665864903,T,305.65,40,305.92,80,IBM
2025-12-01,9:35:20.669247946,T,305.65,40,305.92,40,IBM
2025-12-01,9:35:20.669272960,T,305.65,40,306.13,120,IBM
2025-12-01,9:35:20.670455757,T,305.65,40,306.13,80,IBM
2025-12-01,9:35:20.672661074,T,305.65,40,305.8,40,IBM
2025-12-01,9:35:20.672761304,T,305.65,40,306.13,80,IBM
2025-12-01,9:35:20.673082002,T,305.65,40,305.8,40,IBM
2025-12-01,9:35:20.677347192,T,305.53,40,305.8,40,IBM
2025-12-01,9:35:20.685195922,T,305.53,40,306.13,80,IBM
2025-12-01,9:35:20.762449802,T,305.65,40,306.13,80,IBM
2025-12-01,9:35:21.192182773,T,305.53,40,306.13,80,IBM
2025-12-01,9:35:21.318062441,T,305.65,40,306.13,80,IBM
2025-12-01,9:35:21.655054718,T,305.66,40,306.13,80,IBM
2025-12-01,9:35:23.014390513,T,305.66,40,306.13,40,IBM
2025-12-01,9:35:23.014430609,T,305.67,40,306.13,40,IBM
2025-12-01,9:35:23.014455735,T,305.72,40,306.13,40,IBM
2025-12-01,9:35:23.014586008,T,305.73,40,306.13,40,IBM
2025-12-01,9:35:26.427681371,T,305.74,80,306.13,40,IBM
2025-12-01,9:35:26.427721460,T,305.74,120,306.13,40,IBM
2025-12-01,9:35:26.432507861,T,305.74,120,306.18,40,IBM
2025-12-01,9:35:40.616448293,T,305.75,40,306.18,40,IBM
2025-12-01,9:35:40.616473358,T,305.74,120,306.18,40,IBM
2025-12-01,9:35:40.616473358,T,305.9,40,306.18,40,IBM
2025-12-01,9:35:40.616478307,T,305.9,80,306.18,40,IBM
2025-12-01,9:35:40.616854215,T,305.94,40,306.18,40,IBM
2025-12-01,9:35:40.616899352,T,305.94,40,306.18,80,IBM
2025-12-01,9:35:40.616914418,T,305.94,80,306.18,80,IBM
2025-12-01,9:35:40.617149956,T,305.97,40,306.18,80,IBM
2025-12-01,9:35:40.621355045,T,305.94,40,306.18,80,IBM
2025-12-01,9:35:40.621380049,T,305.9,40,306.18,80,IBM
2025-12-01,9:35:40.621405052,T,305.85,80,306.18,80,IBM
2025-12-01,9:35:40.624311932,T,305.9,40,306.18,80,IBM
2025-12-01,9:35:40.625053694,T,305.85,80,306.18,80,IBM
2025-12-01,9:35:40.625114186,T,305.91,40,306.18,80,IBM
2025-12-01,9:35:40.625439674,T,305.85,80,306.18,80,IBM
2025-12-01,9:35:40.631103211,T,305.85,80,306.18,40,IBM
2025-12-01,9:35:40.631619382,T,305.85,80,306.18,80,IBM
2025-12-01,9:35:40.666893318,T,305.85,80,306.18,40,IBM
2025-12-01,9:35:40.666898314,T,305.85,80,306.26,40,IBM
2025-12-01,9:35:40.666903388,T,305.85,120,306.26,40,IBM
2025-12-01,9:35:40.666913424,T,306.01,80,306.26,40,IBM
2025-12-01,9:35:40.666933484,T,306.02,40,306.26,40,IBM
2025-12-01,9:35:40.667334454,T,306.02,40,306.26,80,IBM
2025-12-01,9:35:40.667344473,T,306.1,40,306.26,80,IBM
2025-12-01,9:35:40.671925383,T,306.02,40,306.26,80,IBM
2025-12-01,9:35:40.671955450,T,305.86,80,306.26,80,IBM
2025-12-01,9:35:40.672436497,T,305.86,40,306.26,80,IBM
2025-12-01,9:35:40.717148019,T,305.86,80,306.26,80,IBM
2025-12-01,9:35:40.717368519,T,305.86,120,306.26,80,IBM
2025-12-01,9:35:40.766911649,T,305.86,80,306.26,80,IBM
2025-12-01,9:35:42.136607016,T,305.86,40,306.26,80,IBM
2025-12-01,9:35:42.136637085,T,305.85,80,306.26,80,IBM
2025-12-01,9:35:47.634760621,T,305.85,80,306.26,40,IBM
2025-12-01,9:35:47.634910918,T,305.85,80,306.05,40,IBM
2025-12-01,9:35:47.635296889,T,305.85,40,306.05,40,IBM
2025-12-01,9:35:47.635321961,T,305.66,40,306.05,40,IBM
2025-12-01,9:35:47.635326924,T,305.53,40,306.05,40,IBM
2025-12-01,9:35:47.635336980,T,305.53,40,306.05,80,IBM
2025-12-01,9:35:47.635442231,T,305.4,200,306.05,80,IBM
2025-12-01,9:35:47.635477336,T,305.46,40,306.05,80,IBM
2025-12-01,9:35:47.647521004,T,305.46,40,306.05,40,IBM
2025-12-01,9:35:47.647526000,T,305.4,240,306.05,40,IBM
2025-12-01,9:35:47.647551202,T,305.4,200,306.05,40,IBM
2025-12-01,9:35:48.167694194,T,305.4,200,306.26,40,IBM
2025-12-01,9:35:53.709822543,T,305.4,240,306.26,40,IBM
2025-12-01,9:35:54.478687817,T,305.9,40,306.26,40,IBM
2025-12-01,9:36:03.414309230,T,305.91,40,306.26,40,IBM
2025-12-01,9:36:03.415106181,T,305.91,120,306.26,40,IBM
2025-12-01,9:36:09.761183426,T,305.91,80,306.26,40,IBM
2025-12-01,9:36:09.761188317,T,305.9,40,306.26,40,IBM
2025-12-01,9:36:09.761188317,T,305.56,160,306.26,40,IBM
2025-12-01,9:36:09.761208423,T,305.56,160,306.09,80,IBM
2025-12-01,9:36:09.761238414,T,305.56,160,306.09,120,IBM
2025-12-01,9:36:09.761313675,T,305.56,160,305.99,40,IBM
2025-12-01,9:36:09.762436308,T,305.56,160,306.09,120,IBM
2025-12-01,9:36:09.765478532,T,305.56,160,306.09,80,IBM
2025-12-01,9:36:09.768169935,T,305.56,160,306.25,40,IBM
2025-12-01,9:36:09.861662556,T,305.56,160,306.26,40,IBM
2025-12-01,9:36:11.144852206,T,305.56,160,306.05,40,IBM
2025-12-01,9:36:15.726869849,T,305.56,160,306.26,40,IBM
2025-12-01,9:36:19.421399800,T,305.56,160,306.04,40,IBM
2025-12-01,9:36:19.422462337,T,305.56,160,306.04,80,IBM
2025-12-01,9:36:19.797359801,T,305.56,160,306.04,120,IBM
2025-12-01,9:36:20.588879031,T,305.56,160,306.04,80,IBM
2025-12-01,9:36:20.589871440,T,305.56,160,306.03,40,IBM
2025-12-01,9:36:20.591064293,T,305.56,160,306.03,80,IBM
2025-12-01,9:36:20.591074492,T,305.56,160,306.03,120,IBM
2025-12-01,9:36:22.468348259,T,305.56,160,306.03,80,IBM
2025-12-01,9:36:24.518909642,T,305.56,160,306.03,40,IBM
2025-12-01,9:36:24.926986031,T,305.56,160,306.26,40,IBM
2025-12-01,9:36:30.376173023,T,305.56,160,306.02,40,IBM
2025-12-01,9:36:30.377260615,T,305.56,160,306.02,80,IBM
2025-12-01,9:36:30.400004855,T,305.56,160,306.02,120,IBM
2025-12-01,9:36:30.834564385,T,305.56,160,306.02,80,IBM
2025-12-01,9:36:33.364521990,T,305.56,160,306.02,40,IBM
2025-12-01,9:36:39.095093830,T,305.56,160,306.26,40,IBM
2025-12-01,9:36:40.560447158,T,305.56,160,306.14,40,IBM
2025-12-01,9:36:41.865854815,T,305.56,160,306.26,40,IBM
2025-12-01,9:36:44.946297898,T,305.76,40,306.26,40,IBM
2025-12-01,9:36:49.097815879,T,305.87,40,306.26,40,IBM
2025-12-01,9:36:49.098597708,T,305.87,80,306.26,40,IBM
2025-12-01,9:36:49.098672834,T,305.93,40,306.26,40,IBM
2025-12-01,9:36:49.417135951,T,305.96,40,306.26,40,IBM
2025-12-01,9:36:49.417261411,T,306.04,40,306.26,40,IBM
2025-12-01,9:36:49.417261411,T,305.96,40,306.26,40,IBM
2025-12-01,9:36:49.417311389,T,305.93,40,306.26,40,IBM
2025-12-01,9:36:49.417336426,T,305.87,40,306.26,40,IBM
2025-12-01,9:36:49.417712313,T,305.56,160,306.26,40,IBM
2025-12-01,9:36:49.768818144,T,305.76,80,306.26,40,IBM
2025-12-01,9:36:50.693559620,T,305.76,120,306.26,40,IBM
2025-12-01,9:36:54.527421298,T,305.88,40,306.26,40,IBM
2025-12-01,9:37:00.759166256,T,305.76,80,306.26,40,IBM
2025-12-01,9:37:15.608450510,T,305.76,120,306.26,40,IBM
2025-12-01,9:37:15.842106718,T,305.89,40,306.26,40,IBM
2025-12-01,9:37:21.809677948,T,305.89,40,306.12,40,IBM
2025-12-01,9:37:28.209302461,T,305.89,40,306.12,80,IBM
2025-12-01,9:37:28.223837122,T,305.89,40,306.12,40,IBM
2025-12-01,9:37:31.280944674,T,305.89,40,306.12,80,IBM
2025-12-01,9:37:31.281175115,T,305.9,40,306.12,80,IBM
2025-12-01,9:37:31.554104851,T,305.76,80,306.12,80,IBM
2025-12-01,9:37:31.554119883,T,305.76,80,306.09,40,IBM
2025-12-01,9:37:31.554160341,T,305.76,80,306.01,40,IBM
2025-12-01,9:37:31.554195105,T,305.76,80,306.0,40,IBM
2025-12-01,9:37:31.554491145,T,305.76,80,305.94,40,IBM
2025-12-01,9:37:31.555017009,T,305.76,80,305.94,80,IBM
2025-12-01,9:37:31.567486739,T,305.76,80,305.94,40,IBM
2025-12-01,9:37:31.567511831,T,305.76,80,306.26,40,IBM
2025-12-01,9:37:31.567907796,T,305.76,80,305.94,40,IBM
2025-12-01,9:37:31.567942779,T,305.76,80,305.94,80,IBM
2025-12-01,9:37:31.579244742,T,305.76,80,305.9,40,IBM
2025-12-01,9:37:31.580181906,T,305.76,80,305.9,80,IBM
2025-12-01,9:37:32.429258230,T,305.76,80,305.9,40,IBM
2025-12-01,9:37:32.874247665,T,305.76,80,305.9,80,IBM
2025-12-01,9:37:32.908885029,T,305.76,80,305.9,40,IBM
2025-12-01,9:37:32.908910151,T,305.76,80,306.4,160,IBM
2025-12-01,9:37:33.948349562,T,305.76,80,306.67,40,IBM
2025-12-01,9:37:33.948354581,T,305.76,80,306.26,160,IBM
2025-12-01,9:37:36.273915573,T,305.56,160,306.26,160,IBM
2025-12-01,9:37:36.273980721,T,305.56,160,305.85,40,IBM
2025-12-01,9:37:36.278802162,T,305.14,40,305.85,40,IBM
2025-12-01,9:37:36.278812147,T,305.43,160,305.85,40,IBM
2025-12-01,9:37:37.274397306,T,305.43,160,306.26,160,IBM
2025-12-01,9:37:47.614116370,T,305.43,160,305.94,40,IBM
2025-12-01,9:37:47.614116370,T,305.43,160,305.93,40,IBM
2025-12-01,9:37:47.614121394,T,305.43,160,305.88,40,IBM
2025-12-01,9:37:47.614391991,T,305.43,160,305.82,40,IBM
2025-12-01,9:37:47.614422077,T,305.43,160,305.79,40,IBM
2025-12-01,9:37:47.615023575,T,305.43,160,305.88,40,IBM
2025-12-01,9:37:47.616877903,T,305.43,160,305.87,40,IBM
2025-12-01,9:37:47.616887965,T,305.43,160,305.87,80,IBM
2025-12-01,9:37:47.642794643,T,305.43,160,305.87,40,IBM
2025-12-01,9:37:47.642794643,T,305.43,160,305.85,40,IBM
2025-12-01,9:37:47.647796525,T,305.43,160,305.87,80,IBM
2025-12-01,9:37:47.647796525,T,305.43,160,305.84,40,IBM
2025-12-01,9:37:48.614522860,T,305.5,40,305.84,40,IBM
2025-12-01,9:37:48.615850979,T,305.5,40,306.26,160,IBM
2025-12-01,9:37:48.615881086,T,305.5,80,306.26,160,IBM
2025-12-01,9:37:48.615891156,T,305.73,40,306.26,160,IBM
2025-12-01,9:37:48.617339557,T,305.73,80,306.26,160,IBM
2025-12-01,9:37:48.617349539,T,305.73,40,306.26,160,IBM
2025-12-01,9:37:48.617349539,T,305.84,40,306.26,160,IBM
2025-12-01,9:37:48.621299036,T,305.69,40,306.26,160,IBM
2025-12-01,9:37:48.621444366,T,305.66,40,306.26,160,IBM
2025-12-01,9:37:48.621890350,T,305.5,40,306.26,160,IBM
2025-12-01,9:37:48.624997830,T,305.63,40,306.26,160,IBM
2025-12-01,9:37:48.655926472,T,305.63,40,305.94,40,IBM
2025-12-01,9:37:48.815761857,T,305.66,40,305.94,40,IBM
2025-12-01,9:37:49.130140274,T,305.43,160,305.94,40,IBM
2025-12-01,9:37:50.593022708,T,305.66,40,305.94,40,IBM
2025-12-01,9:37:50.593057741,T,305.67,40,305.94,40,IBM
2025-12-01,9:37:50.593067803,T,305.67,40,306.26,160,IBM
2025-12-01,9:37:50.593087789,T,305.72,40,306.26,160,IBM
2025-12-01,9:37:50.593102915,T,305.73,40,306.26,160,IBM
2025-12-01,9:37:50.593218437,T,305.83,40,306.26,160,IBM
2025-12-01,9:37:50.593498850,T,305.83,80,306.26,160,IBM
2025-12-01,9:37:50.597448170,T,305.83,120,306.26,160,IBM
2025-12-01,9:37:50.716140712,T,305.83,80,306.26,160,IBM
2025-12-01,9:37:51.472215730,T,305.83,80,306.67,40,IBM
2025-12-01,9:37:51.472215730,T,305.83,80,306.38,160,IBM
2025-12-01,9:37:51.472245891,T,305.83,40,306.38,160,IBM
2025-12-01,9:37:51.586442690,T,305.89,40,306.38,160,IBM
2025-12-01,9:38:07.897867760,T,305.89,40,306.51,40,IBM
2025-12-01,9:38:11.773809554,T,305.89,40,306.55,160,IBM
2025-12-01,9:38:11.773839546,T,305.89,80,306.55,160,IBM
2025-12-01,9:38:11.773839546,T,305.9,40,306.55,160,IBM
2025-12-01,9:38:11.773859600,T,305.9,40,306.51,40,IBM
2025-12-01,9:38:11.773869609,T,305.9,80,306.51,40,IBM
2025-12-01,9:38:11.773879621,T,305.9,40,306.51,40,IBM
2025-12-01,9:38:11.774095179,T,305.89,80,306.51,40,IBM
2025-12-01,9:38:11.774095179,T,306.0,40,306.51,40,IBM
2025-12-01,9:38:11.774110142,T,306.0,40,306.55,160,IBM
2025-12-01,9:38:11.774135246,T,306.0,80,306.55,160,IBM
2025-12-01,9:38:11.774340677,T,306.02,40,306.55,160,IBM
2025-12-01,9:38:11.778555853,T,306.0,80,306.55,160,IBM
2025-12-01,9:38:11.780976531,T,306.0,40,306.55,160,IBM
2025-12-01,9:38:11.952545005,T,306.0,40,306.21,40,IBM
2025-12-01,9:38:11.952560001,T,305.89,40,306.21,40,IBM
2025-12-01,9:38:11.979083072,T,305.89,40,306.55,160,IBM
2025-12-01,9:38:12.150661624,T,305.82,160,306.55,160,IBM
2025-12-01,9:38:13.462058469,T,305.82,160,306.51,40,IBM
2025-12-01,9:38:20.907993824,T,305.82,160,306.55,160,IBM
2025-12-01,9:38:20.908018873,T,306.0,40,306.55,160,IBM
2025-12-01,9:38:21.987112574,T,306.0,40,306.21,40,IBM
2025-12-01,9:38:21.987132644,T,305.82,160,306.21,40,IBM
2025-12-01,9:38:22.012603196,T,305.82,160,306.55,160,IBM
2025-12-01,9:38:22.239648725,T,305.82,160,306.5,40,IBM
2025-12-01,9:38:22.239668753,T,305.82,160,306.27,40,IBM
2025-12-01,9:38:48.588813995,T,305.82,160,306.2,40,IBM
2025-12-01,9:38:48.588824093,T,305.82,160,306.19,40,IBM
2025-12-01,9:38:48.588879218,T,305.82,160,306.09,40,IBM
2025-12-01,9:38:48.591911408,T,305.7,320,306.09,40,IBM
2025-12-01,9:38:48.593084204,T,305.7,320,306.19,40,IBM
2025-12-01,9:38:48.593104229,T,305.7,320,306.2,40,IBM
2025-12-01,9:38:48.595775554,T,305.7,320,306.21,40,IBM
2025-12-01,9:38:48.602351290,T,305.7,320,306.09,40,IBM
2025-12-01,9:38:48.639379381,T,305.7,320,306.09,80,IBM
2025-12-01,9:38:48.673961690,T,305.7,320,306.08,40,IBM
2025-12-01,9:38:49.433795498,T,305.7,320,306.08,80,IBM
2025-12-01,9:38:49.600502427,T,305.7,320,306.08,40,IBM
2025-12-01,9:38:51.196451724,T,305.7,320,305.97,40,IBM
2025-12-01,9:38:52.523470737,T,305.7,320,305.96,40,IBM
2025-12-01,9:38:53.263186640,T,305.7,320,305.91,40,IBM
2025-12-01,9:38:53.263442320,T,305.7,280,305.91,40,IBM
2025-12-01,9:38:53.263602629,T,305.7,280,305.96,40,IBM
2025-12-01,9:38:53.263873306,T,305.7,320,305.96,40,IBM
2025-12-01,9:38:53.270925037,T,305.7,320,306.31,40,IBM
2025-12-01,9:38:53.273295729,T,305.7,320,305.91,40,IBM
2025-12-01,9:38:53.314208124,T,305.7,320,306.31,40,IBM
2025-12-01,9:38:54.263558006,T,305.7,360,306.31,40,IBM
2025-12-01,9:38:54.395943117,T,305.7,360,306.3,160,IBM
2025-12-01,9:38:56.193808011,T,305.7,320,306.3,160,IBM
2025-12-01,9:38:57.203767275,T,305.71,40,306.3,160,IBM
2025-12-01,9:39:00.067629926,T,305.72,40,306.3,160,IBM
2025-12-01,9:39:00.068226324,T,305.72,40,305.85,40,IBM
2025-12-01,9:39:00.068246404,T,305.7,280,305.85,40,IBM
2025-12-01,9:39:00.068251450,T,305.53,160,305.85,40,IBM
2025-12-01,9:39:00.068281447,T,305.53,160,305.84,40,IBM
2025-12-01,9:39:00.069293949,T,305.53,160,305.85,40,IBM
2025-12-01,9:39:00.069298877,T,305.53,160,305.78,40,IBM
2025-12-01,9:39:00.069419508,T,305.53,160,305.85,80,IBM
2025-12-01,9:39:00.069419508,T,305.53,160,305.72,40,IBM
2025-12-01,9:39:00.070211075,T,305.14,40,305.72,40,IBM
2025-12-01,9:39:00.070216072,T,305.34,200,305.72,40,IBM
2025-12-01,9:39:00.074516326,T,305.34,200,305.72,80,IBM
2025-12-01,9:39:00.076906976,T,305.34,200,305.72,40,IBM
2025-12-01,9:39:00.088614865,T,305.34,200,305.72,80,IBM
2025-12-01,9:39:00.383792589,T,305.34,200,305.7,40,IBM
2025-12-01,9:39:00.383917827,T,305.34,200,305.67,40,IBM
2025-12-01,9:39:00.383952971,T,305.34,200,305.62,40,IBM
2025-12-01,9:39:00.384504233,T,305.0,80,305.62,40,IBM
2025-12-01,9:39:00.384514302,T,305.19,200,305.62,40,IBM
2025-12-01,9:39:00.384920197,T,305.19,200,305.62,80,IBM
2025-12-01,9:39:00.395871352,T,305.19,200,305.58,40,IBM
2025-12-01,9:39:00.397299663,T,305.19,200,305.58,80,IBM
2025-12-01,9:39:00.405990443,T,305.19,200,305.58,40,IBM
2025-12-01,9:39:00.412370594,T,305.19,200,305.58,80,IBM
2025-12-01,9:39:00.507632400,T,305.19,200,305.57,40,IBM
2025-12-01,9:39:00.509085870,T,305.19,200,305.57,80,IBM
2025-12-01,9:39:01.068663041,T,305.35,40,305.57,80,IBM
2025-12-01,9:39:03.821325806,T,305.35,40,305.56,40,IBM
2025-12-01,9:39:03.822413331,T,305.35,40,305.56,80,IBM
2025-12-01,9:39:07.126063056,T,305.19,200,305.56,80,IBM
2025-12-01,9:39:07.126092945,T,305.19,200,305.56,120,IBM
2025-12-01,9:39:07.126098481,T,305.19,200,305.55,40,IBM
2025-12-01,9:39:07.126107983,T,305.19,200,305.55,80,IBM
2025-12-01,9:39:07.126308479,T,305.19,200,305.46,40,IBM
2025-12-01,9:39:07.126554160,T,305.19,200,305.55,120,IBM
2025-12-01,9:39:07.126589174,T,305.19,200,305.46,40,IBM
2025-12-01,9:39:07.126609128,T,305.19,200,305.55,120,IBM
2025-12-01,9:39:07.126629164,T,305.19,200,305.45,40,IBM
2025-12-01,9:39:07.126924961,T,305.0,40,305.45,40,IBM
2025-12-01,9:39:07.127305804,T,305.0,40,305.46,40,IBM
2025-12-01,9:39:07.127305804,T,305.0,40,305.36,40,IBM
2025-12-01,9:39:07.127586501,T,305.0,40,305.29,40,IBM
2025-12-01,9:39:07.137720651,T,305.0,40,305.29,80,IBM
2025-12-01,9:39:07.152275227,T,305.0,40,305.29,120,IBM
2025-12-01,9:39:07.203452068,T,305.0,40,305.29,80,IBM
2025-12-01,9:39:07.210047805,T,305.0,40,305.28,40,IBM
2025-12-01,9:39:07.227008209,T,305.0,40,305.28,80,IBM
2025-12-01,9:39:07.227805117,T,305.05,40,305.28,80,IBM
2025-12-01,9:39:07.271068122,T,305.05,40,305.27,40,IBM
2025-12-01,9:39:07.282635646,T,305.05,40,305.26,40,IBM
2025-12-01,9:39:07.283056624,T,305.05,40,305.26,80,IBM
2025-12-01,9:39:07.364004363,T,305.05,40,305.25,40,IBM
2025-12-01,9:39:07.372559775,T,305.05,40,305.25,80,IBM
2025-12-01,9:39:07.373070960,T,305.05,40,305.24,40,IBM
2025-12-01,9:39:07.397819876,T,305.05,40,305.23,40,IBM
2025-12-01,9:39:07.397975269,T,305.05,40,305.25,40,IBM
2025-12-01,9:39:07.398020369,T,305.05,40,305.62,40,IBM
2025-12-01,9:39:07.398286037,T,305.18,40,305.62,40,IBM
2025-12-01,9:39:07.398681937,T,305.05,40,305.62,40,IBM
2025-12-01,9:39:07.399077880,T,305.18,40,305.62,40,IBM
2025-12-01,9:39:07.429921312,T,305.18,40,305.51,40,IBM
2025-12-01,9:39:07.429941397,T,305.14,40,305.51,40,IBM
2025-12-01,9:39:07.430342289,T,305.14,40,305.51,80,IBM
2025-12-01,9:39:07.440691928,T,305.14,40,305.51,40,IBM
2025-12-01,9:39:08.126484598,T,305.14,80,305.51,40,IBM
2025-12-01,9:39:08.395324458,T,305.14,80,305.5,80,IBM
2025-12-01,9:39:08.395755553,T,305.14,80,305.5,120,IBM
2025-12-01,9:39:08.539432573,T,305.14,80,305.5,40,IBM
2025-12-01,9:39:08.550804564,T,305.14,80,305.51,40,IBM
2025-12-01,9:39:10.003387422,T,305.14,80,305.45,40,IBM
2025-12-01,9:39:10.003808490,T,305.14,80,305.45,80,IBM
2025-12-01,9:39:10.282201160,T,305.14,80,305.45,40,IBM
2025-12-01,9:39:10.282496896,T,305.14,80,305.44,40,IBM
2025-12-01,9:39:10.670239888,T,305.14,80,305.44,80,IBM
2025-12-01,9:39:10.679316462,T,305.14,40,305.44,80,IBM
2025-12-01,9:39:10.679356599,T,305.14,40,305.43,40,IBM
2025-12-01,9:39:10.679642228,T,305.14,40,305.31,40,IBM
2025-12-01,9:39:10.686558808,T,305.14,40,305.43,40,IBM
2025-12-01,9:39:10.734989045,T,305.14,40,305.44,40,IBM
2025-12-01,9:39:10.734989045,T,305.14,40,305.62,40,IBM
2025-12-01,9:39:10.734999042,T,305.14,80,305.62,40,IBM
2025-12-01,9:39:10.735014090,T,305.18,40,305.62,40,IBM
2025-12-01,9:39:10.735314792,T,305.15,80,305.62,40,IBM
2025-12-01,9:39:10.735520301,T,305.15,40,305.62,40,IBM
2025-12-01,9:39:10.735520301,T,305.24,40,305.62,40,IBM
2025-12-01,9:39:10.736327319,T,305.24,80,305.62,40,IBM
2025-12-01,9:39:10.736332295,T,305.24,40,305.62,40,IBM
2025-12-01,9:39:10.985360041,T,305.24,40,305.44,40,IBM
2025-12-01,9:39:11.228408697,T,305.25,40,305.44,40,IBM
2025-12-01,9:39:11.239690566,T,305.25,40,305.44,80,IBM
2025-12-01,9:39:11.299748477,T,305.25,40,305.44,40,IBM
2025-12-01,9:39:13.004080785,T,305.25,40,305.4,40,IBM
2025-12-01,9:39:14.571983119,T,305.25,40,305.78,160,IBM
2025-12-01,9:39:14.572048333,T,305.32,40,305.78,160,IBM
2025-12-01,9:39:14.694780534,T,305.25,40,305.78,160,IBM
2025-12-01,9:39:14.695231611,T,305.29,40,305.78,160,IBM
2025-12-01,9:39:14.829526276,T,305.25,40,305.78,160,IBM
2025-12-01,9:39:14.860013879,T,305.26,40,305.78,160,IBM
2025-12-01,9:39:14.860019149,T,305.3,40,305.78,160,IBM
2025-12-01,9:39:14.860229695,T,305.38,40,305.78,160,IBM
2025-12-01,9:39:14.860830798,T,305.4,40,305.78,160,IBM
2025-12-01,9:39:14.860860881,T,305.49,40,305.78,160,IBM
2025-12-01,9:39:14.864860405,T,305.4,40,305.78,160,IBM
2025-12-01,9:39:14.865421754,T,305.38,40,305.78,160,IBM
2025-12-01,9:39:14.865441783,T,305.26,40,305.78,160,IBM
2025-12-01,9:39:14.866123384,T,305.26,40,306.21,40,IBM
2025-12-01,9:39:14.866128373,T,305.26,40,305.93,160,IBM
2025-12-01,9:39:14.867140902,T,305.25,40,305.93,160,IBM
2025-12-01,9:39:14.881164197,T,305.54,40,305.93,160,IBM
2025-12-01,9:39:14.882417140,T,305.25,40,305.93,160,IBM
2025-12-01,9:39:14.949977971,T,305.49,40,305.93,160,IBM
2025-12-01,9:39:15.058807126,T,305.25,40,305.93,160,IBM
2025-12-01,9:39:15.059273196,T,305.35,40,305.93,160,IBM
2025-12-01,9:39:15.086197268,T,305.35,80,305.93,160,IBM
2025-12-01,9:39:15.267473827,T,305.35,40,305.93,160,IBM
2025-12-01,9:39:16.741497810,T,305.36,80,305.93,160,IBM
2025-12-01,9:39:16.968222503,T,305.36,80,305.7,40,IBM
2025-12-01,9:39:17.324370400,T,305.36,80,305.93,160,IBM
2025-12-01,9:39:17.330875908,T,305.36,80,305.7,40,IBM
2025-12-01,9:39:17.561890862,T,305.36,80,305.93,160,IBM
2025-12-01,9:39:17.561966004,T,305.36,80,305.71,40,IBM
2025-12-01,9:39:18.449067774,T,305.36,80,305.93,160,IBM
2025-12-01,9:39:18.455016989,T,305.36,80,305.7,40,IBM
2025-12-01,9:39:18.689675551,T,305.36,80,305.93,160,IBM
2025-12-01,9:39:18.691590174,T,305.36,80,305.71,40,IBM
2025-12-01,9:39:19.098393448,T,305.36,80,305.93,160,IBM
2025-12-01,9:39:25.018681849,T,305.36,80,305.8,40,IBM
2025-12-01,9:39:45.800574119,T,305.36,80,305.76,40,IBM
2025-12-01,9:39:47.572577494,T,305.37,40,305.76,40,IBM
2025-12-01,9:39:47.680073409,T,305.36,80,305.76,40,IBM
2025-12-01,9:39:48.326331747,T,305.37,40,305.76,40,IBM
2025-12-01,9:39:54.426558436,T,305.37,40,305.8,40,IBM
2025-12-01,9:39:56.209207105,T,305.37,40,305.93,160,IBM
2025-12-01,9:39:58.241956188,T,305.36,80,305.93,160,IBM
2025-12-01,9:39:58.242287155,T,305.36,80,305.67,40,IBM
2025-12-01,9:39:58.242487443,T,305.36,80,305.93,160,IBM
2025-12-01,9:39:58.242487443,T,305.36,80,305.61,40,IBM
2025-12-01,9:39:58.242883445,T,305.36,80,305.67,40,IBM
2025-12-01,9:39:58.249880092,T,305.52,80,305.67,40,IBM
2025-12-01,9:39:58.249900146,T,305.36,80,305.67,40,IBM
2025-12-01,9:39:58.252832151,T,305.36,80,305.93,160,IBM
2025-12-01,9:40:02.108555695,T,305.37,40,305.93,160,IBM
2025-12-01,9:40:02.108575780,T,305.36,80,305.93,160,IBM
2025-12-01,9:40:02.108580747,T,305.48,40,305.93,160,IBM
2025-12-01,9:40:02.109357618,T,305.48,80,305.93,160,IBM
2025-12-01,9:40:02.109357618,T,305.49,40,305.93,160,IBM
2025-12-01,9:40:02.109979039,T,305.66,40,305.93,160,IBM
2025-12-01,9:40:02.110129437,T,305.66,40,306.5,40,IBM
2025-12-01,9:40:02.110139384,T,305.66,40,306.07,160,IBM
2025-12-01,9:40:02.153242039,T,305.49,40,306.07,160,IBM
2025-12-01,9:40:02.153262033,T,305.48,40,306.07,160,IBM
2025-12-01,9:40:02.209405719,T,305.36,80,306.07,160,IBM
2025-12-01,9:40:02.679910814,T,305.32,80,306.07,160,IBM
2025-12-01,9:40:02.850942930,T,305.32,80,305.83,40,IBM
2025-12-01,9:40:03.366996370,T,305.57,40,305.83,40,IBM
2025-12-01,9:40:04.320706797,T,305.57,40,306.07,160,IBM
2025-12-01,9:40:04.320726865,T,305.57,80,306.07,160,IBM
2025-12-01,9:40:04.320731845,T,305.7,40,306.07,160,IBM
2025-12-01,9:40:04.320756968,T,305.74,40,306.07,160,IBM
2025-12-01,9:40:04.321343386,T,305.7,40,306.07,160,IBM
2025-12-01,9:40:04.321709227,T,305.74,40,306.07,160,IBM
2025-12-01,9:40:04.322070128,T,305.7,80,306.07,160,IBM
2025-12-01,9:40:04.322360831,T,305.7,80,306.5,40,IBM
2025-12-01,9:40:04.322365791,T,305.7,80,306.23,160,IBM
2025-12-01,9:40:04.325904163,T,305.7,40,306.23,160,IBM
2025-12-01,9:40:04.415873380,T,305.7,40,306.2,40,IBM
2025-12-01,9:40:05.582019333,T,305.37,160,306.2,40,IBM
2025-12-01,9:40:07.179096252,T,305.37,160,306.21,40,IBM
2025-12-01,9:40:07.179131414,T,305.37,160,306.2,40,IBM
2025-12-01,9:40:17.213799156,T,305.37,160,306.1,40,IBM
2025-12-01,9:40:17.213809432,T,305.37,160,305.92,40,IBM
2025-12-01,9:40:17.213854252,T,305.37,160,305.83,40,IBM
2025-12-01,9:40:17.215322743,T,305.38,40,305.83,40,IBM
2025-12-01,9:40:17.215327829,T,305.38,40,306.09,40,IBM
2025-12-01,9:40:17.215342785,T,305.38,40,306.2,40,IBM
2025-12-01,9:40:17.215698604,T,305.38,40,305.9,40,IBM
2025-12-01,9:40:17.215929215,T,305.37,160,305.9,40,IBM
2025-12-01,9:40:17.473442226,T,305.37,160,306.2,40,IBM
2025-12-01,9:40:17.474239114,T,305.67,40,306.2,40,IBM
2025-12-01,9:40:17.474259403,T,305.37,160,306.2,40,IBM
2025-12-01,9:40:17.474284178,T,305.37,160,306.1,40,IBM
2025-12-01,9:40:17.474289292,T,305.37,160,305.89,40,IBM
2025-12-01,9:40:17.474294416,T,305.37,160,305.89,80,IBM
2025-12-01,9:40:17.474344777,T,305.37,160,305.89,40,IBM
2025-12-01,9:40:17.474344777,T,305.37,160,305.79,40,IBM
2025-12-01,9:40:17.488858882,T,305.37,160,306.2,40,IBM
2025-12-01,9:40:17.577976049,T,305.37,200,306.2,40,IBM
2025-12-01,9:40:17.952898580,T,305.37,200,306.09,160,IBM
2025-12-01,9:40:18.618869027,T,305.37,200,305.8,80,IBM
2025-12-01,9:40:19.125775767,T,305.37,200,305.8,120,IBM
2025-12-01,9:40:20.277743075,T,305.37,200,305.8,80,IBM
2025-12-01,9:40:20.423981153,T,305.37,40,305.8,80,IBM
2025-12-01,9:40:22.084398835,T,305.37,40,305.79,40,IBM
2025-12-01,9:40:22.084418839,T,305.37,40,305.68,40,IBM
2025-12-01,9:40:22.084639440,T,305.23,160,305.68,40,IBM
2025-12-01,9:40:22.084664500,T,305.23,160,305.53,40,IBM
2025-12-01,9:40:22.085095505,T,305.23,160,305.52,40,IBM
2025-12-01,9:40:22.087741928,T,305.03,40,305.52,40,IBM
2025-12-01,9:40:23.085070982,T,305.13,40,305.52,40,IBM
2025-12-01,9:40:37.619661223,T,305.13,40,305.74,160,IBM
2025-12-01,9:40:38.930917746,T,305.32,40,305.74,160,IBM
2025-12-01,9:40:38.931920072,T,305.16,40,305.74,160,IBM
2025-12-01,9:40:40.834980507,T,305.03,40,305.74,160,IBM
2025-12-01,9:40:40.835005591,T,305.03,40,305.72,40,IBM
2025-12-01,9:40:40.835016020,T,305.03,40,305.51,40,IBM
2025-12-01,9:40:40.835035704,T,305.03,40,305.42,40,IBM
2025-12-01,9:40:40.835065733,T,305.03,40,305.41,40,IBM
2025-12-01,9:40:40.835216116,T,305.03,40,305.42,40,IBM
2025-12-01,9:40:40.835366422,T,305.03,40,305.41,40,IBM
2025-12-01,9:40:40.836028074,T,305.03,40,305.42,40,IBM
2025-12-01,9:40:40.836704917,T,305.03,40,305.41,40,IBM
2025-12-01,9:40:40.837120674,T,305.01,160,305.41,40,IBM
2025-12-01,9:40:40.837155652,T,305.0,80,305.41,40,IBM
2025-12-01,9:40:40.837381230,T,305.03,40,305.41,40,IBM
2025-12-01,9:40:40.840924703,T,305.03,40,305.42,40,IBM
2025-12-01,9:40:41.021770136,T,305.17,40,305.42,40,IBM
2025-12-01,9:40:41.021790218,T,305.17,40,305.73,40,IBM
2025-12-01,9:40:41.023559410,T,305.17,40,305.74,160,IBM
2025-12-01,9:40:41.843797007,T,305.17,40,305.52,40,IBM
2025-12-01,9:40:42.551797447,T,305.03,40,305.52,40,IBM
2025-12-01,9:40:43.757818406,T,305.33,40,305.52,40,IBM
2025-12-01,9:40:49.044213177,T,305.03,40,305.52,40,IBM
2025-12-01,9:40:49.044213177,T,305.01,160,305.52,40,IBM
2025-12-01,9:40:49.044253000,T,305.01,160,305.5,40,IBM
2025-12-01,9:40:49.044338200,T,305.01,160,305.48,40,IBM
2025-12-01,9:40:49.076720264,T,305.0,80,305.48,40,IBM
2025-12-01,9:40:49.094332204,T,305.0,80,305.5,40,IBM
2025-12-01,9:40:49.094833395,T,305.0,80,305.48,40,IBM
2025-12-01,9:40:49.145123138,T,305.0,80,305.5,40,IBM
2025-12-01,9:40:49.641003509,T,305.05,40,305.5,40,IBM
2025-12-01,9:40:50.305740847,T,305.05,40,305.5,80,IBM
2025-12-01,9:40:50.305946405,T,305.05,40,305.5,120,IBM
2025-12-01,9:40:50.473134361,T,305.05,40,305.5,160,IBM
2025-12-01,9:40:51.624715707,T,305.05,40,305.5,120,IBM
2025-12-01,9:40:51.625016525,T,305.05,40,305.5,80,IBM
2025-12-01,9:40:51.625206980,T,305.05,40,305.5,120,IBM
2025-12-01,9:40:52.909444121,T,305.05,40,305.5,80,IBM
2025-12-01,9:41:04.689772731,T,305.05,40,305.36,40,IBM
2025-12-01,9:41:04.690404153,T,305.05,40,305.36,80,IBM
2025-12-01,9:41:04.690805198,T,305.05,40,305.36,120,IBM
2025-12-01,9:41:04.691576987,T,305.05,40,305.36,80,IBM
2025-12-01,9:41:06.474361073,T,305.05,40,305.36,120,IBM
2025-12-01,9:41:06.474361073,T,305.05,40,305.36,160,IBM
2025-12-01,9:41:09.910200148,T,305.05,40,305.24,40,IBM
2025-12-01,9:41:09.910651215,T,305.05,40,305.24,80,IBM
2025-12-01,9:41:09.910891804,T,305.05,40,305.24,160,IBM
2025-12-01,9:41:09.911072156,T,305.05,40,305.24,200,IBM
2025-12-01,9:41:09.912174773,T,305.0,40,305.24,200,IBM
2025-12-01,9:41:09.912635971,T,305.0,40,305.22,40,IBM
2025-12-01,9:41:09.912696091,T,305.0,40,305.24,200,IBM
2025-12-01,9:41:09.912696091,T,305.0,40,305.15,40,IBM
2025-12-01,9:41:09.923587002,T,305.0,40,305.15,80,IBM
2025-12-01,9:41:09.924007951,T,305.0,40,305.15,120,IBM
2025-12-01,9:41:09.939885793,T,304.7,160,305.15,120,IBM
2025-12-01,9:41:09.940001120,T,304.7,160,305.07,40,IBM
2025-12-01,9:41:09.940221601,T,304.7,160,305.07,80,IBM
2025-12-01,9:41:09.940442151,T,304.7,160,305.07,120,IBM
2025-12-01,9:41:09.940863095,T,304.7,160,305.07,160,IBM
2025-12-01,9:41:09.941068579,T,304.71,40,305.07,160,IBM
2025-12-01,9:41:09.946832329,T,304.71,40,305.07,120,IBM
2025-12-01,9:41:09.965667150,T,304.7,160,305.07,120,IBM
2025-12-01,9:41:10.454811582,T,304.64,40,305.07,120,IBM
2025-12-01,9:41:10.761100785,T,304.87,40,305.07,120,IBM
2025-12-01,9:41:10.761321286,T,304.87,40,305.07,80,IBM
2025-12-01,9:41:13.609466344,T,304.87,40,305.07,120,IBM
2025-12-01,9:41:13.609466344,T,304.87,40,305.07,160,IBM
2025-12-01,9:41:13.609471332,T,304.87,40,305.07,200,IBM
2025-12-01,9:41:13.721919093,T,304.87,40,305.07,160,IBM
2025-12-01,9:41:24.570248887,T,304.87,40,305.07,120,IBM
2025-12-01,9:41:40.522584031,T,304.87,120,305.07,120,IBM
2025-12-01,9:41:40.525210333,T,304.88,40,305.07,120,IBM
2025-12-01,9:41:40.532121727,T,304.87,120,305.07,120,IBM
2025-12-01,9:41:40.593683245,T,304.87,40,305.07,120,IBM
2025-12-01,9:41:44.600677063,T,304.87,120,305.07,120,IBM
2025-12-01,9:41:46.039622598,T,304.87,120,305.07,80,IBM
2025-12-01,9:41:46.039627556,T,304.87,120,305.07,40,IBM
2025-12-01,9:41:46.039627556,T,304.87,120,305.18,40,IBM
2025-12-01,9:41:46.039848094,T,305.06,80,305.18,40,IBM
2025-12-01,9:41:46.040033572,T,304.97,40,305.18,40,IBM
2025-12-01,9:41:46.040143827,T,304.96,40,305.18,40,IBM
2025-12-01,9:41:46.040369295,T,304.94,40,305.18,40,IBM
2025-12-01,9:41:46.040605109,T,304.88,40,305.18,40,IBM
2025-12-01,9:41:46.040920675,T,304.87,160,305.18,40,IBM
2025-12-01,9:41:46.041562193,T,304.88,40,305.18,40,IBM
2025-12-01,9:41:46.046158099,T,304.88,40,305.27,80,IBM
2025-12-01,9:41:46.050202725,T,304.88,40,305.24,40,IBM
2025-12-01,9:41:46.066301087,T,304.88,40,305.24,120,IBM
2025-12-01,9:41:46.139730879,T,304.87,80,305.24,120,IBM
2025-12-01,9:41:46.403884707,T,304.87,80,305.24,80,IBM
2025-12-01,9:41:46.441434130,T,304.87,80,305.23,40,IBM
2025-12-01,9:41:46.442140828,T,304.87,80,305.23,120,IBM
2025-12-01,9:41:47.357585036,T,304.9,40,305.23,120,IBM
2025-12-01,9:41:47.357620093,T,304.9,40,305.23,80,IBM
2025-12-01,9:41:47.358286709,T,304.9,40,305.24,80,IBM
2025-12-01,9:41:47.378254181,T,304.9,40,305.23,40,IBM
2025-12-01,9:41:47.447403807,T,304.9,40,305.24,80,IBM
2025-12-01,9:42:05.523815142,T,304.9,40,305.24,120,IBM
2025-12-01,9:42:06.292469869,T,304.9,40,305.24,200,IBM
2025-12-01,9:42:07.080996974,T,304.9,40,305.24,120,IBM
2025-12-01,9:42:09.151395683,T,304.9,40,305.23,40,IBM
2025-12-01,9:42:09.151921923,T,304.9,40,305.23,120,IBM
2025-12-01,9:42:09.947170097,T,304.9,40,305.23,80,IBM
2025-12-01,9:42:13.926042183,T,304.9,40,305.23,40,IBM
2025-12-01,9:42:13.926047140,T,304.97,40,305.23,40,IBM
2025-12-01,9:42:13.926428039,T,304.9,40,305.23,40,IBM
2025-12-01,9:42:13.926428039,T,305.06,40,305.23,40,IBM
2025-12-01,9:42:13.926438028,T,305.06,40,305.28,40,IBM
2025-12-01,9:42:13.926613498,T,305.23,80,305.28,40,IBM
2025-12-01,9:42:13.926658552,T,305.06,80,305.28,40,IBM
2025-12-01,9:42:13.926718748,T,305.06,40,305.28,40,IBM
2025-12-01,9:42:13.926718748,T,304.9,80,305.28,40,IBM
2025-12-01,9:42:13.926823995,T,304.9,40,305.28,40,IBM
2025-12-01,9:42:13.929179596,T,304.9,40,305.24,40,IBM
2025-12-01,9:42:13.930668110,T,304.9,40,305.3,80,IBM
2025-12-01,9:42:14.018171399,T,304.9,40,305.3,120,IBM
2025-12-01,9:42:14.377757474,T,304.9,40,305.23,40,IBM
2025-12-01,9:42:14.377782788,T,304.9,40,305.3,120,IBM
2025-12-01,9:42:14.377782788,T,304.9,40,305.15,40,IBM
2025-12-01,9:42:14.385400651,T,304.9,40,305.24,120,IBM
2025-12-01,9:42:14.832900948,T,304.86,40,305.24,120,IBM
2025-12-01,9:42:15.729926390,T,304.92,40,305.24,120,IBM
2025-12-01,9:42:15.730136869,T,304.92,40,305.24,160,IBM
2025-12-01,9:42:19.255509264,T,304.92,40,305.24,80,IBM
2025-12-01,9:42:19.255509264,T,304.92,40,305.24,40,IBM
2025-12-01,9:42:19.255569632,T,304.92,40,305.24,80,IBM
2025-12-01,9:42:19.255574416,T,304.92,40,305.24,160,IBM
2025-12-01,9:42:19.255990381,T,304.92,40,305.23,40,IBM
2025-12-01,9:42:19.258566554,T,304.92,40,305.23,80,IBM
2025-12-01,9:42:20.302647030,T,304.92,40,305.23,40,IBM
2025-12-01,9:42:20.302702117,T,304.92,40,305.22,40,IBM
2025-12-01,9:42:20.303549120,T,304.92,40,305.22,80,IBM
2025-12-01,9:42:20.303569174,T,304.92,40,305.22,40,IBM
2025-12-01,9:42:22.960855073,T,304.92,40,305.21,40,IBM
2025-12-01,9:42:22.961276050,T,304.92,40,305.21,80,IBM
2025-12-01,9:42:22.961491553,T,304.92,40,305.21,120,IBM
2025-12-01,9:42:25.581824337,T,304.92,40,305.21,80,IBM
2025-12-01,9:42:26.129252541,T,304.92,40,305.21,120,IBM
2025-12-01,9:42:26.129252541,T,304.92,40,305.21,200,IBM
2025-12-01,9:42:26.130044338,T,304.92,40,305.21,280,IBM
2025-12-01,9:42:26.130079442,T,304.92,40,305.2,40,IBM
2025-12-01,9:42:26.849882963,T,304.92,40,305.21,120,IBM
2025-12-01,9:42:26.850093478,T,304.92,40,305.21,160,IBM
2025-12-01,9:42:26.850303960,T,304.92,40,305.21,200,IBM
2025-12-01,9:42:28.731697655,T,304.9,40,305.21,200,IBM
2025-12-01,9:42:28.732008416,T,304.9,40,305.2,40,IBM
2025-12-01,9:42:28.732534649,T,304.9,40,305.2,80,IBM
2025-12-01,9:42:28.732955607,T,304.9,40,305.2,120,IBM
2025-12-01,9:42:28.930300478,T,304.9,40,305.2,80,IBM
2025-12-01,9:42:29.746613621,T,304.92,40,305.2,80,IBM
2025-12-01,9:42:31.685369032,T,304.92,40,305.2,160,IBM
2025-12-01,9:42:31.873040755,T,304.92,40,305.2,80,IBM
2025-12-01,9:42:31.877130779,T,304.92,40,305.19,40,IBM
2025-12-01,9:42:31.877155711,T,304.92,40,305.2,80,IBM
2025-12-01,9:42:31.877160623,T,304.92,40,305.1,40,IBM
2025-12-01,9:42:31.877396143,T,304.9,40,305.1,40,IBM
2025-12-01,9:42:31.877421192,T,304.9,40,305.01,40,IBM
2025-12-01,9:42:31.877441265,T,304.9,40,305.01,80,IBM
2025-12-01,9:42:31.877466268,T,304.9,40,305.01,40,IBM
2025-12-01,9:42:31.877686794,T,304.95,40,305.01,40,IBM
2025-12-01,9:42:31.877782019,T,304.95,40,305.06,120,IBM
2025-12-01,9:42:31.877977487,T,304.95,40,305.01,40,IBM
2025-12-01,9:42:31.878132835,T,304.95,40,305.06,120,IBM
2025-12-01,9:42:31.878388473,T,304.91,40,305.06,120,IBM
2025-12-01,9:42:31.878393543,T,304.95,40,305.06,120,IBM
2025-12-01,9:42:31.878403530,T,304.91,40,305.06,120,IBM
2025-12-01,9:42:31.878659192,T,304.9,40,305.06,120,IBM
2025-12-01,9:42:31.927515402,T,304.9,40,305.06,40,IBM
2025-12-01,9:42:31.927515402,T,304.9,40,305.21,120,IBM
2025-12-01,9:42:34.288540952,T,304.9,40,305.21,160,IBM
2025-12-01,9:42:35.860578313,T,304.9,40,305.21,200,IBM
2025-12-01,9:42:35.860628490,T,304.69,160,305.21,200,IBM
2025-12-01,9:42:35.860979400,T,304.69,160,305.01,40,IBM
2025-12-01,9:42:35.861310068,T,304.69,160,305.21,160,IBM
2025-12-01,9:42:35.861480467,T,304.69,160,305.2,80,IBM
2025-12-01,9:42:35.861480467,T,304.69,160,305.2,120,IBM
2025-12-01,9:42:35.861540576,T,304.69,160,305.01,40,IBM
2025-12-01,9:42:35.861540576,T,304.69,160,305.01,120,IBM
2025-12-01,9:42:35.861650836,T,304.69,160,304.98,40,IBM
2025-12-01,9:42:35.862076918,T,304.69,160,304.94,80,IBM
2025-12-01,9:42:35.862076918,T,304.69,160,304.94,120,IBM
2025-12-01,9:42:35.862568095,T,304.51,120,304.94,120,IBM
2025-12-01,9:42:35.862578091,T,304.53,160,304.94,120,IBM
2025-12-01,9:42:37.932259947,T,304.54,40,304.94,120,IBM
2025-12-01,9:42:37.932295017,T,304.54,40,304.94,80,IBM
2025-12-01,9:42:37.932295017,T,304.54,40,304.98,40,IBM
2025-12-01,9:42:42.030786620,T,304.54,40,304.98,80,IBM
2025-12-01,9:42:42.074500683,T,304.54,40,304.89,40,IBM
2025-12-01,9:42:42.074646052,T,304.53,160,304.89,40,IBM
2025-12-01,9:42:42.074696165,T,304.53,160,304.94,40,IBM
2025-12-01,9:42:42.074701246,T,304.53,160,304.82,40,IBM
2025-12-01,9:42:42.075863938,T,304.53,160,304.89,160,IBM
2025-12-01,9:42:42.085441776,T,304.53,160,304.89,120,IBM
2025-12-01,9:42:42.153729328,T,304.53,160,304.89,160,IBM
2025-12-01,9:42:42.153794510,T,304.53,160,304.82,40,IBM
2025-12-01,9:42:42.176212905,T,304.53,160,304.89,120,IBM
2025-12-01,9:42:42.176633818,T,304.53,160,304.89,160,IBM
2025-12-01,9:42:42.192185934,T,304.51,80,304.89,160,IBM
2025-12-01,9:42:42.244595661,T,304.51,80,304.89,120,IBM
2025-12-01,9:42:42.244595661,T,304.51,80,304.89,40,IBM
2025-12-01,9:42:42.832149400,T,304.51,80,304.94,40,IBM
2025-12-01,9:42:43.075077635,T,304.51,120,304.94,40,IBM
2025-12-01,9:42:43.290841341,T,304.51,120,304.94,80,IBM
2025-12-01,9:42:43.335953744,T,304.51,120,304.94,40,IBM
2025-12-01,9:42:43.415152296,T,304.51,120,304.94,80,IBM
2025-12-01,9:42:43.415152296,T,304.51,120,304.94,160,IBM
2025-12-01,9:42:45.877599242,T,304.51,120,304.94,120,IBM
2025-12-01,9:42:47.761428651,T,304.51,120,304.94,160,IBM
2025-12-01,9:42:47.788518284,T,304.51,120,304.94,120,IBM
2025-12-01,9:42:47.788658447,T,304.51,120,304.72,80,IBM
2025-12-01,9:42:47.788663455,T,304.51,120,304.72,120,IBM
2025-12-01,9:42:47.788668548,T,304.54,40,304.72,120,IBM
2025-12-01,9:42:47.788698570,T,304.54,40,304.72,40,IBM
2025-12-01,9:42:47.788698570,T,304.54,40,305.08,40,IBM
2025-12-01,9:42:47.788763704,T,304.54,40,304.94,40,IBM
2025-12-01,9:42:47.788768740,T,304.54,40,304.84,40,IBM
2025-12-01,9:42:47.789204784,T,304.54,40,304.84,80,IBM
2025-12-01,9:42:47.789355109,T,304.54,40,304.84,40,IBM
2025-12-01,9:42:47.789420251,T,304.54,80,304.84,40,IBM
2025-12-01,9:42:47.808921696,T,304.54,80,304.94,40,IBM
2025-12-01,9:42:47.808931735,T,304.54,80,305.21,200,IBM
2025-12-01,9:42:49.050016331,T,304.54,40,305.21,200,IBM
2025-12-01,9:42:49.051645201,T,304.54,40,304.97,40,IBM
2025-12-01,9:42:49.161306200,T,304.51,120,304.97,40,IBM
2025-12-01,9:42:49.346436879,T,304.51,120,305.21,200,IBM
2025-12-01,9:42:53.813741289,T,304.55,40,305.21,200,IBM
2025-12-01,9:42:53.814026958,T,304.51,120,305.21,200,IBM
2025-12-01,9:42:53.814026958,T,304.75,40,305.21,200,IBM
2025-12-01,9:42:53.814678698,T,304.75,40,305.55,40,IBM
2025-12-01,9:42:53.814688617,T,304.75,40,305.38,160,IBM
2025-12-01,9:42:53.819961152,T,304.75,40,305.37,40,IBM
2025-12-01,9:42:53.858152033,T,304.75,40,305.06,40,IBM
2025-12-01,9:42:54.186353324,T,304.51,80,305.06,40,IBM
2025-12-01,9:42:54.187105145,T,304.6,40,305.06,40,IBM
2025-12-01,9:42:54.187506066,T,304.51,80,305.06,40,IBM
2025-12-01,9:42:54.887166803,T,304.51,120,305.06,40,IBM
2025-12-01,9:42:54.887196867,T,304.54,40,305.06,40,IBM
2025-12-01,9:42:54.887201872,T,304.6,40,305.06,40,IBM
2025-12-01,9:42:54.887231841,T,304.75,40,305.06,40,IBM
2025-12-01,9:42:55.279390489,T,304.51,120,305.06,40,IBM
2025-12-01,9:43:26.373145176,T,304.51,120,305.0,80,IBM
2025-12-01,9:43:26.374217661,T,304.51,120,305.0,120,IBM
2025-12-01,9:43:27.204900169,T,304.51,80,305.0,120,IBM
2025-12-01,9:43:28.019699943,T,304.51,80,305.0,160,IBM
2025-12-01,9:43:28.019709866,T,304.51,80,304.99,40,IBM
2025-12-01,9:43:28.019709866,T,304.51,80,304.88,40,IBM
2025-12-01,9:43:28.020481675,T,304.51,80,304.99,40,IBM
2025-12-01,9:43:28.020546866,T,304.51,80,305.0,120,IBM
2025-12-01,9:43:28.020551854,T,304.51,80,304.88,40,IBM
2025-12-01,9:43:28.020586968,T,304.51,80,304.88,80,IBM
2025-12-01,9:43:28.024701756,T,304.51,80,304.88,40,IBM
2025-12-01,9:43:33.646098600,T,304.51,80,304.88,80,IBM
2025-12-01,9:43:33.646113628,T,304.51,80,304.88,40,IBM
2025-12-01,9:43:33.647000770,T,304.51,80,304.88,80,IBM
2025-12-01,9:43:39.274587449,T,304.51,80,304.88,40,IBM
2025-12-01,9:43:51.294446273,T,304.51,80,305.0,120,IBM
2025-12-01,9:43:51.294461263,T,304.51,80,305.0,80,IBM
2025-12-01,9:43:51.294461263,T,304.71,40,305.0,80,IBM
2025-12-01,9:43:51.294511508,T,304.51,120,305.0,80,IBM
2025-12-01,9:43:51.294516480,T,304.81,40,305.0,80,IBM
2025-12-01,9:43:51.296290676,T,304.81,40,305.03,40,IBM
2025-12-01,9:43:51.297603741,T,304.81,40,305.22,160,IBM
2025-12-01,9:43:51.497765230,T,304.51,120,305.22,160,IBM
2025-12-01,9:43:52.555768850,T,304.51,80,305.22,160,IBM
2025-12-01,9:43:53.448925090,T,304.72,40,305.22,160,IBM
2025-12-01,9:43:53.548096203,T,304.51,80,305.22,160,IBM
2025-12-01,9:43:54.119992645,T,304.51,120,305.22,160,IBM
2025-12-01,9:43:55.892016104,T,304.72,40,305.22,160,IBM
2025-12-01,9:43:56.254970138,T,304.51,120,305.22,160,IBM
2025-12-01,9:44:00.944779407,T,304.51,120,305.0,80,IBM
2025-12-01,9:44:01.740714117,T,304.51,80,305.0,80,IBM
2025-12-01,9:44:04.827091301,T,304.51,80,305.03,40,IBM
2025-12-01,9:44:04.844106808,T,304.51,80,304.91,40,IBM
2025-12-01,9:44:04.844678143,T,304.51,80,305.03,40,IBM
2025-12-01,9:44:04.871807781,T,304.51,120,305.03,40,IBM
2025-12-01,9:44:04.871812770,T,304.73,40,305.03,40,IBM
2025-12-01,9:44:04.971835861,T,304.51,120,305.03,40,IBM
2025-12-01,9:44:06.133095432,T,304.51,80,305.03,40,IBM
2025-12-01,9:44:06.133621654,T,304.73,40,305.03,40,IBM
2025-12-01,9:44:06.381526788,T,304.51,80,305.03,40,IBM
2025-12-01,9:44:07.156601851,T,304.74,40,305.03,40,IBM
2025-12-01,9:44:07.281579437,T,304.51,80,305.03,40,IBM
2025-12-01,9:44:07.345371242,T,304.73,40,305.03,40,IBM
2025-12-01,9:44:07.648482829,T,304.51,80,305.03,40,IBM
2025-12-01,9:44:08.810413777,T,304.58,40,305.03,40,IBM
2025-12-01,9:44:08.810539095,T,304.74,40,305.03,40,IBM
2025-12-01,9:44:08.810559210,T,304.85,40,305.03,40,IBM
2025-12-01,9:44:08.811696903,T,304.85,40,305.03,80,IBM
2025-12-01,9:44:08.814959642,T,304.58,40,305.03,80,IBM
2025-12-01,9:44:08.840736000,T,304.51,80,305.03,80,IBM
2025-12-01,9:44:09.009277186,T,304.54,40,305.03,80,IBM
2025-12-01,9:44:09.590270334,T,304.51,80,305.03,80,IBM
2025-12-01,9:44:09.612172456,T,304.51,120,305.03,80,IBM
2025-12-01,9:44:09.612608919,T,304.51,120,305.03,40,IBM
2025-12-01,9:44:09.612608919,T,304.51,120,305.22,160,IBM
2025-12-01,9:44:09.612633571,T,304.92,40,305.22,160,IBM
2025-12-01,9:44:09.612643570,T,304.93,40,305.22,160,IBM
2025-12-01,9:44:09.613154828,T,304.93,80,305.22,160,IBM
2025-12-01,9:44:09.613184889,T,305.0,40,305.22,160,IBM
2025-12-01,9:44:09.614307533,T,305.0,40,305.73,40,IBM
2025-12-01,9:44:09.614312523,T,305.0,40,305.45,160,IBM
2025-12-01,9:44:09.617184390,T,304.93,40,305.45,160,IBM
2025-12-01,9:44:09.620066252,T,304.7,40,305.45,160,IBM
2025-12-01,9:44:09.620086355,T,304.56,160,305.45,160,IBM
2025-12-01,9:44:09.620417040,T,304.62,40,305.45,160,IBM
2025-12-01,9:44:09.620432077,T,305.03,40,305.45,160,IBM
2025-12-01,9:44:09.627348544,T,304.56,160,305.45,160,IBM
2025-12-01,9:44:09.641487309,T,304.94,40,305.45,160,IBM
2025-12-01,9:44:09.720500396,T,304.56,160,305.45,160,IBM
2025-12-01,9:44:17.030707651,T,304.87,80,305.45,160,IBM
2025-12-01,9:44:18.573765905,T,304.87,80,305.16,40,IBM
2025-12-01,9:44:18.620988301,T,304.87,80,305.45,160,IBM
2025-12-01,9:44:28.695666634,T,304.87,80,305.15,40,IBM
2025-12-01,9:44:30.420913719,T,304.87,80,305.15,120,IBM
2025-12-01,9:44:30.481648281,T,304.87,80,305.15,40,IBM
2025-12-01,9:44:35.155023768,T,304.87,80,305.15,120,IBM
2025-12-01,9:44:35.223907718,T,304.87,80,305.15,40,IBM
2025-12-01,9:44:43.651113804,T,304.87,80,305.15,120,IBM
2025-12-01,9:44:44.007662670,T,304.87,80,305.15,40,IBM
2025-12-01,9:44:49.173224423,T,304.87,80,305.24,40,IBM
2025-12-01,9:44:49.173364778,T,305.01,40,305.24,40,IBM
2025-12-01,9:44:49.295605710,T,305.01,120,305.24,40,IBM
2025-12-01,9:44:49.297991396,T,305.01,80,305.24,40,IBM
2025-12-01,9:44:49.297991396,T,304.68,160,305.24,40,IBM
2025-12-01,9:44:49.298011468,T,304.68,160,305.01,80,IBM
2025-12-01,9:44:49.298031519,T,304.68,160,305.24,40,IBM
2025-12-01,9:44:49.298071565,T,304.68,160,305.23,40,IBM
2025-12-01,9:44:49.298071565,T,304.68,160,305.01,40,IBM
2025-12-01,9:44:49.317332477,T,304.68,160,305.0,40,IBM
2025-12-01,9:44:49.317813672,T,304.68,160,304.97,40,IBM
2025-12-01,9:44:49.317923852,T,304.51,80,304.97,40,IBM
2025-12-01,9:44:49.317933927,T,304.55,160,304.97,40,IBM
2025-12-01,9:44:49.317989210,T,304.55,160,305.0,40,IBM
2025-12-01,9:44:49.318485253,T,304.55,160,304.97,40,IBM
2025-12-01,9:44:49.326424089,T,304.81,40,304.97,40,IBM
2025-12-01,9:44:52.621884159,T,304.81,40,305.0,40,IBM
2025-12-01,9:44:52.622696096,T,304.81,40,305.01,40,IBM
2025-12-01,9:44:53.052343941,T,304.83,40,305.01,40,IBM
2025-12-01,9:44:55.920190814,T,304.83,40,305.01,80,IBM
2025-12-01,9:44:55.920201037,T,304.83,40,304.99,40,IBM
2025-12-01,9:44:55.920225911,T,304.83,40,305.01,80,IBM
2025-12-01,9:44:55.920225911,T,304.83,40,304.93,40,IBM
2025-12-01,9:44:55.920250942,T,304.83,40,304.93,80,IBM
2025-12-01,9:44:55.920441417,T,304.81,40,304.93,80,IBM
2025-12-01,9:44:55.920732089,T,304.51,80,304.93,80,IBM
2025-12-01,9:44:57.138245464,T,304.51,80,304.93,120,IBM
2025-12-01,9:44:57.138280621,T,304.51,80,304.82,40,IBM
2025-12-01,9:44:57.185066911,T,304.51,80,304.81,40,IBM
2025-12-01,9:44:57.185267457,T,304.51,80,304.81,80,IBM
2025-12-01,9:45:02.899781136,T,304.51,80,304.81,120,IBM
2025-12-01,9:45:02.900598042,T,304.51,80,304.81,200,IBM
2025-12-01,9:45:03.767501734,T,304.51,80,304.81,280,IBM
2025-12-01,9:45:03.832361161,T,304.51,80,304.81,200,IBM
2025-12-01,9:45:12.012804951,T,304.51,80,304.81,120,IBM
2025-12-01,9:45:13.728970332,T,304.51,80,304.81,80,IBM
2025-12-01,9:45:19.378704862,T,304.51,80,304.81,120,IBM
2025-12-01,9:45:19.389605740,T,304.51,80,304.73,40,IBM
2025-12-01,9:45:19.389655925,T,304.51,80,304.68,40,IBM
2025-12-01,9:45:19.390102225,T,304.51,80,304.7,40,IBM
2025-12-01,9:45:19.390111945,T,304.51,80,304.73,40,IBM
2025-12-01,9:45:19.390142481,T,304.27,160,304.73,40,IBM
2025-12-01,9:45:19.390167134,T,304.27,160,304.51,80,IBM
2025-12-01,9:45:19.390237248,T,304.27,160,304.6,40,IBM
2025-12-01,9:45:19.390252303,T,304.27,160,304.5,40,IBM
2025-12-01,9:45:19.390568027,T,304.27,160,304.5,80,IBM
2025-12-01,9:45:19.396221611,T,304.16,200,304.5,80,IBM
2025-12-01,9:45:19.396256597,T,304.16,200,304.5,40,IBM
2025-12-01,9:45:19.440902937,T,304.16,200,304.6,40,IBM
2025-12-01,9:45:19.440928036,T,304.26,40,304.6,40,IBM
2025-12-01,9:45:19.440958064,T,304.41,40,304.6,40,IBM
2025-12-01,9:45:19.442045621,T,304.26,40,304.6,40,IBM
2025-12-01,9:45:19.445493834,T,304.16,240,304.6,40,IBM
2025-12-01,9:45:19.556162232,T,304.16,240,304.6,80,IBM
2025-12-01,9:45:19.604181536,T,304.16,240,304.6,40,IBM
2025-12-01,9:45:20.121833962,T,304.16,240,304.51,40,IBM
2025-12-01,9:45:20.121854065,T,304.16,200,304.51,40,IBM
2025-12-01,9:45:20.308623628,T,304.16,280,304.51,40,IBM
2025-12-01,9:45:22.470840751,T,304.16,280,304.51,80,IBM
2025-12-01,9:45:25.867271169,T,304.16,280,304.51,40,IBM
2025-12-01,9:45:26.309363696,T,304.25,40,304.51,40,IBM
2025-12-01,9:45:26.329581817,T,304.16,280,304.51,40,IBM
2025-12-01,9:45:26.615647932,T,304.16,280,304.73,40,IBM
2025-12-01,9:45:26.615673126,T,304.38,40,304.73,40,IBM
2025-12-01,9:45:26.615673126,T,304.38,40,305.09,160,IBM
2025-12-01,9:45:26.620755089,T,304.16,320,305.09,160,IBM
2025-12-01,9:45:26.715671033,T,304.16,280,305.09,160,IBM
2025-12-01,9:45:26.861874105,T,304.16,280,305.73,40,IBM
2025-12-01,9:45:26.861879113,T,304.16,280,304.94,160,IBM
2025-12-01,9:45:27.491683339,T,304.16,280,304.57,40,IBM
2025-12-01,9:45:34.251806266,T,304.16,280,304.57,80,IBM
2025-12-01,9:45:34.252442797,T,304.16,200,304.57,80,IBM
2025-12-01,9:45:34.252668399,T,304.16,200,304.57,120,IBM
2025-12-01,9:45:36.771589772,T,304.16,200,304.57,80,IBM
2025-12-01,9:45:39.995870569,T,304.16,200,304.57,120,IBM
2025-12-01,9:45:39.995945575,T,304.16,200,304.51,40,IBM
2025-12-01,9:45:40.251138107,T,304.16,200,304.57,40,IBM
2025-12-01,9:45:40.251193614,T,304.44,40,304.57,40,IBM
2025-12-01,9:45:40.423894306,T,304.16,200,304.57,40,IBM
2025-12-01,9:45:41.172511498,T,304.16,200,304.94,160,IBM
2025-12-01,9:45:41.172546542,T,304.16,200,304.55,40,IBM
2025-12-01,9:45:41.884416302,T,304.16,200,304.55,80,IBM
2025-12-01,9:45:41.884626806,T,304.16,240,304.55,80,IBM
2025-12-01,9:45:43.048928863,T,304.16,240,304.43,40,IBM
2025-12-01,9:45:43.049033686,T,304.16,240,304.43,80,IBM
2025-12-01,9:45:43.050391907,T,304.16,40,304.43,80,IBM
2025-12-01,9:45:43.138175892,T,304.09,160,304.43,80,IBM
2025-12-01,9:45:43.138667108,T,304.0,40,304.43,80,IBM
2025-12-01,9:45:44.049319991,T,304.1,80,304.43,80,IBM
2025-12-01,9:45:44.049344981,T,304.1,80,304.43,40,IBM
2025-12-01,9:45:44.049380035,T,304.1,80,304.52,40,IBM
2025-12-01,9:45:44.049801091,T,304.1,80,304.52,80,IBM
2025-12-01,9:45:44.511670637,T,304.1,80,304.52,120,IBM
2025-12-01,9:45:44.808787916,T,304.1,80,304.52,80,IBM
2025-12-01,9:45:45.258047388,T,304.1,80,304.52,40,IBM
2025-12-01,9:45:46.623222275,T,304.1,120,304.52,40,IBM
2025-12-01,9:45:49.501183639,T,304.1,120,304.52,80,IBM
2025-12-01,9:45:49.502481637,T,304.1,160,304.52,80,IBM
2025-12-01,9:45:49.502627066,T,304.26,40,304.52,80,IBM
2025-12-01,9:45:49.502987990,T,304.26,160,304.52,80,IBM
2025-12-01,9:45:49.503273542,T,304.26,120,304.52,80,IBM
2025-12-01,9:45:49.503353749,T,304.26,80,304.52,80,IBM
2025-12-01,9:45:49.503443986,T,304.26,120,304.52,80,IBM
2025-12-01,9:45:49.503479011,T,304.28,40,304.52,80,IBM
2025-12-01,9:45:49.504225862,T,304.28,160,304.52,80,IBM
2025-12-01,9:45:49.510355443,T,304.28,120,304.52,80,IBM
2025-12-01,9:45:49.706527482,T,304.28,80,304.52,80,IBM
2025-12-01,9:45:50.391362683,T,304.28,80,304.48,80,IBM
2025-12-01,9:45:50.391733542,T,304.02,40,304.48,80,IBM
2025-12-01,9:45:50.391758638,T,303.95,200,304.48,80,IBM
2025-12-01,9:45:50.547789993,T,303.95,200,304.48,120,IBM
2025-12-01,9:45:51.392175035,T,304.1,120,304.48,120,IBM
2025-12-01,9:45:51.392225307,T,304.1,120,304.48,80,IBM
2025-12-01,9:45:52.254157156,T,304.1,120,304.48,40,IBM
2025-12-01,9:45:54.914249490,T,304.1,120,304.48,80,IBM
2025-12-01,9:45:54.914259454,T,304.1,120,304.48,40,IBM
2025-12-01,9:45:54.914304557,T,304.1,120,304.37,40,IBM
2025-12-01,9:45:54.914304557,T,304.23,40,304.37,40,IBM
2025-12-01,9:45:54.914325459,T,304.1,120,304.37,40,IBM
2025-12-01,9:45:54.914325459,T,304.1,120,304.48,40,IBM
2025-12-01,9:45:54.914369729,T,304.24,40,304.48,40,IBM
2025-12-01,9:45:54.914540122,T,304.28,40,304.48,40,IBM
2025-12-01,9:45:54.915477425,T,304.28,120,304.48,40,IBM
2025-12-01,9:45:55.015104564,T,304.28,80,304.48,40,IBM
2025-12-01,9:45:55.415006586,T,304.28,80,304.48,80,IBM
2025-12-01,9:45:55.536971976,T,304.28,80,304.48,120,IBM
2025-12-01,9:46:00.414829033,T,304.28,80,304.48,80,IBM
2025-12-01,9:46:02.943999819,T,304.28,120,304.48,80,IBM
2025-12-01,9:46:02.944125149,T,304.29,40,304.48,80,IBM
2025-12-01,9:46:02.944155279,T,304.28,160,304.48,80,IBM
2025-12-01,9:46:02.944160215,T,304.28,160,304.48,40,IBM
2025-12-01,9:46:02.944165217,T,304.28,160,304.52,40,IBM
2025-12-01,9:46:02.944165217,T,304.38,40,304.52,40,IBM
2025-12-01,9:46:02.944170330,T,304.38,40,304.48,40,IBM
2025-12-01,9:46:02.944185290,T,304.38,40,304.52,40,IBM
2025-12-01,9:46:02.944195250,T,304.38,40,304.85,40,IBM
2025-12-01,9:46:02.944235491,T,304.38,40,304.93,40,IBM
2025-12-01,9:46:02.944240445,T,304.28,160,304.93,40,IBM
2025-12-01,9:46:02.944240445,T,304.43,40,304.93,40,IBM
2025-12-01,9:46:02.945623686,T,304.43,40,304.57,40,IBM
2025-12-01,9:46:02.945648761,T,304.38,40,304.57,40,IBM
2025-12-01,9:46:02.951036637,T,304.28,40,304.57,40,IBM
2025-12-01,9:46:02.954148969,T,304.11,160,304.57,40,IBM
2025-12-01,9:46:03.209206167,T,304.11,160,304.48,40,IBM
2025-12-01,9:46:03.258794217,T,304.0,40,304.48,40,IBM
2025-12-01,9:46:03.258829246,T,303.97,160,304.48,40,IBM
2025-12-01,9:46:03.259004687,T,304.0,40,304.48,40,IBM
2025-12-01,9:46:03.511816534,T,303.97,160,304.48,40,IBM
2025-12-01,9:46:04.209552409,T,304.05,120,304.48,40,IBM
2025-12-01,9:46:04.209763003,T,304.05,160,304.48,40,IBM
2025-12-01,9:46:04.961988677,T,304.05,160,304.45,40,IBM
2025-12-01,9:46:05.328561233,T,304.05,160,304.52,40,IBM
2025-12-01,9:46:07.624015820,T,304.05,240,304.52,40,IBM
2025-12-01,9:46:08.686174290,T,304.05,200,304.52,40,IBM
2025-12-01,9:46:09.653311614,T,304.05,120,304.52,40,IBM
2025-12-01,9:46:14.957729068,T,304.05,160,304.52,40,IBM
2025-12-01,9:46:20.466492827,T,304.05,160,304.85,40,IBM
2025-12-01,9:46:20.466567929,T,304.05,160,304.77,40,IBM
2025-12-01,9:46:20.466573016,T,304.05,160,304.47,40,IBM
2025-12-01,9:46:20.466598007,T,304.05,160,304.37,40,IBM
2025-12-01,9:46:20.709676696,T,304.05,160,304.4,40,IBM
2025-12-01,9:46:21.053439997,T,304.05,160,304.38,80,IBM
2025-12-01,9:46:21.071307632,T,304.05,160,304.29,40,IBM
2025-12-01,9:46:21.254904604,T,304.05,160,304.38,80,IBM
2025-12-01,9:46:21.254974805,T,304.05,160,304.29,80,IBM
2025-12-01,9:46:21.533753570,T,304.05,200,304.29,80,IBM
2025-12-01,9:46:59.384319103,T,304.15,80,304.29,80,IBM
2025-12-01,9:46:59.384349156,T,304.15,120,304.29,80,IBM
2025-12-01,9:46:59.384354137,T,304.15,160,304.29,80,IBM
2025-12-01,9:46:59.384374238,T,304.15,160,304.62,160,IBM
2025-12-01,9:46:59.384419330,T,304.15,200,304.62,160,IBM
2025-12-01,9:46:59.384434389,T,304.16,40,304.62,160,IBM
2025-12-01,9:46:59.384444475,T,304.22,40,304.62,160,IBM
2025-12-01,9:46:59.384449377,T,304.22,80,304.62,160,IBM
2025-12-01,9:46:59.384514718,T,304.22,120,304.62,160,IBM
2025-12-01,9:46:59.384549639,T,304.25,40,304.62,160,IBM
2025-12-01,9:46:59.384644830,T,304.22,80,304.62,160,IBM
2025-12-01,9:46:59.384715093,T,304.25,40,304.62,160,IBM
2025-12-01,9:46:59.384765113,T,304.22,80,304.62,160,IBM
2025-12-01,9:46:59.385231238,T,304.22,80,304.49,40,IBM
2025-12-01,9:46:59.385336526,T,304.22,80,304.49,80,IBM
2025-12-01,9:46:59.385597196,T,304.26,80,304.49,80,IBM
2025-12-01,9:46:59.392498577,T,304.26,40,304.49,80,IBM
2025-12-01,9:46:59.482843651,T,304.26,40,304.43,40,IBM
2025-12-01,9:46:59.482868760,T,304.26,40,304.43,80,IBM
2025-12-01,9:46:59.482868760,T,304.26,40,304.43,120,IBM
2025-12-01,9:46:59.503693306,T,304.22,40,304.43,120,IBM
2025-12-01,9:46:59.503723364,T,304.22,40,304.42,40,IBM
2025-12-01,9:46:59.503743431,T,304.22,40,304.42,80,IBM
2025-12-01,9:46:59.503748354,T,304.22,40,304.42,120,IBM
2025-12-01,9:46:59.503758611,T,304.22,40,304.27,40,IBM
2025-12-01,9:46:59.503758611,T,304.01,40,304.27,40,IBM
2025-12-01,9:46:59.503763476,T,304.01,40,304.27,80,IBM
2025-12-01,9:46:59.503798500,T,304.01,40,304.27,40,IBM
2025-12-01,9:46:59.503823756,T,304.0,40,304.27,40,IBM
2025-12-01,9:46:59.503898792,T,303.86,40,304.27,40,IBM
2025-12-01,9:46:59.503923781,T,303.86,40,304.26,40,IBM
2025-12-01,9:47:00.337312738,T,304.11,40,304.26,40,IBM
2025-12-01,9:47:00.504159963,T,304.15,40,304.26,40,IBM
2025-12-01,9:47:00.523546141,T,304.15,40,304.26,80,IBM
2025-12-01,9:47:01.650278691,T,304.11,40,304.26,80,IBM
2025-12-01,9:47:01.650308350,T,304.11,40,304.21,40,IBM
2025-12-01,9:47:01.650308350,T,304.11,40,304.16,40,IBM
2025-12-01,9:47:01.650413617,T,304.11,40,304.26,40,IBM
2025-12-01,9:47:01.650689317,T,304.11,40,304.21,40,IBM
2025-12-01,9:47:01.651366222,T,304.11,40,304.26,40,IBM
2025-12-01,9:47:04.522766423,T,304.11,80,304.26,40,IBM
2025-12-01,9:47:04.522766423,T,304.11,120,304.26,40,IBM
2025-12-01,9:47:07.998951649,T,304.11,200,304.26,40,IBM
2025-12-01,9:47:07.999417804,T,304.11,240,304.26,40,IBM
2025-12-01,9:47:07.999432897,T,304.11,240,304.43,40,IBM
2025-12-01,9:47:07.999447938,T,304.18,40,304.43,40,IBM
2025-12-01,9:47:07.999668431,T,304.18,40,304.42,40,IBM
2025-12-01,9:47:07.999693474,T,304.11,160,304.42,40,IBM
2025-12-01,9:47:07.999713524,T,304.11,160,304.3,40,IBM
2025-12-01,9:47:08.000224907,T,304.11,160,304.41,40,IBM
2025-12-01,9:47:08.000264801,T,304.11,120,304.41,40,IBM
2025-12-01,9:47:08.017676245,T,304.11,120,304.42,40,IBM
2025-12-01,9:47:08.021750942,T,304.11,120,304.76,160,IBM
2025-12-01,9:47:08.146523010,T,304.11,160,304.76,160,IBM
2025-12-01,9:47:09.000661416,T,304.11,200,304.76,160,IBM
2025-12-01,9:47:09.261622654,T,304.11,160,304.76,160,IBM
2025-12-01,9:47:09.261803022,T,304.11,80,304.76,160,IBM
2025-12-01,9:47:09.277249866,T,304.11,80,304.27,40,IBM
2025-12-01,9:47:14.646015295,T,304.11,80,304.76,160,IBM
2025-12-01,9:47:14.646040423,T,304.11,120,304.76,160,IBM
2025-12-01,9:47:14.646110590,T,304.22,40,304.76,160,IBM
2025-12-01,9:47:14.646361111,T,304.22,40,304.62,40,IBM
2025-12-01,9:47:14.646431333,T,304.11,80,304.62,40,IBM
2025-12-01,9:47:14.646591681,T,304.16,40,304.62,40,IBM
2025-12-01,9:47:14.646696886,T,304.16,40,304.41,40,IBM
2025-12-01,9:47:14.646767145,T,304.11,80,304.41,40,IBM
2025-12-01,9:47:14.646902373,T,304.16,40,304.41,40,IBM
2025-12-01,9:47:14.646992656,T,304.11,40,304.41,40,IBM
2025-12-01,9:47:14.676252288,T,304.11,40,304.69,40,IBM
2025-12-01,9:47:17.548865854,T,304.11,40,304.62,40,IBM
2025-12-01,9:47:22.193507513,T,304.22,40,304.62,40,IBM
2025-12-01,9:47:27.979596527,T,304.22,40,304.41,40,IBM
2025-12-01,9:47:27.979741892,T,304.11,40,304.41,40,IBM
2025-12-01,9:47:27.979776927,T,304.11,40,304.4,40,IBM
2025-12-01,9:47:27.979781996,T,304.11,40,304.4,120,IBM
2025-12-01,9:47:27.979797291,T,304.11,40,304.4,80,IBM
2025-12-01,9:47:27.979797291,T,304.11,40,304.31,40,IBM
2025-12-01,9:47:27.987761281,T,304.0,40,304.31,40,IBM
2025-12-01,9:47:27.987786047,T,303.94,200,304.31,40,IBM
2025-12-01,9:47:27.987821104,T,303.94,200,304.3,40,IBM
2025-12-01,9:47:27.988106790,T,303.94,200,304.21,40,IBM
2025-12-01,9:47:27.993093698,T,303.94,200,304.21,80,IBM
2025-12-01,9:47:27.993103647,T,303.94,200,304.21,120,IBM
2025-12-01,9:47:27.994426855,T,303.86,40,304.21,120,IBM
2025-12-01,9:47:28.065932139,T,303.86,40,304.21,80,IBM
2025-12-01,9:47:28.087839287,T,303.86,40,304.21,40,IBM
2025-12-01,9:47:28.980183465,T,304.05,40,304.21,40,IBM
2025-12-01,9:47:30.149446944,T,304.05,40,304.41,40,IBM
2025-12-01,9:47:34.989954906,T,304.05,40,304.62,200,IBM
2025-12-01,9:47:34.990005021,T,304.05,40,304.28,40,IBM
2025-12-01,9:47:41.686686926,T,304.05,40,304.27,40,IBM
2025-12-01,9:47:42.586057898,T,304.05,40,304.28,40,IBM
2025-12-01,9:47:47.250682372,T,304.16,40,304.28,40,IBM
2025-12-01,9:47:47.250877888,T,304.16,40,304.55,40,IBM
2025-12-01,9:47:47.250877888,T,304.16,40,304.62,200,IBM
2025-12-01,9:47:47.250892908,T,304.16,80,304.62,200,IBM
2025-12-01,9:47:47.250927937,T,304.19,40,304.62,200,IBM
2025-12-01,9:47:47.251905282,T,304.19,80,304.62,200,IBM
2025-12-01,9:47:47.252020580,T,304.19,80,304.39,40,IBM
2025-12-01,9:47:47.255448667,T,304.19,40,304.39,40,IBM
2025-12-01,9:47:47.373459618,T,304.16,40,304.39,40,IBM
2025-12-01,9:47:47.399356320,T,304.16,40,304.39,80,IBM
2025-12-01,9:48:01.863012871,T,304.19,80,304.39,80,IBM
2025-12-01,9:48:01.882308853,T,304.19,120,304.39,80,IBM
2025-12-01,9:48:01.882318863,T,304.2,40,304.39,80,IBM
2025-12-01,9:48:01.882434373,T,304.2,40,304.39,40,IBM
2025-12-01,9:48:01.882439119,T,304.2,40,304.62,200,IBM
2025-12-01,9:48:01.882459550,T,304.31,40,304.62,200,IBM
2025-12-01,9:48:01.882479235,T,304.31,80,304.62,200,IBM
2025-12-01,9:48:01.882890147,T,304.31,80,304.77,40,IBM
2025-12-01,9:48:01.882895200,T,304.31,80,304.75,160,IBM
2025-12-01,9:48:01.882930270,T,304.31,80,304.75,200,IBM
2025-12-01,9:48:01.883155874,T,304.31,120,304.75,200,IBM
2025-12-01,9:48:01.883271156,T,304.31,120,304.69,40,IBM
2025-12-01,9:48:01.884498975,T,304.31,80,304.69,40,IBM
2025-12-01,9:48:01.886563977,T,304.31,40,304.69,40,IBM
2025-12-01,9:48:01.886584393,T,304.23,40,304.69,40,IBM
2025-12-01,9:48:01.886594013,T,304.23,40,304.48,40,IBM
2025-12-01,9:48:01.886599052,T,304.19,160,304.48,40,IBM
2025-12-01,9:48:01.887360841,T,304.19,120,304.48,40,IBM
2025-12-01,9:48:01.892783784,T,304.19,80,304.48,40,IBM
2025-12-01,9:48:01.994961959,T,304.19,80,304.69,40,IBM
2025-12-01,9:48:10.511796637,T,304.19,80,304.49,40,IBM
2025-12-01,9:48:10.511801712,T,304.19,80,304.47,40,IBM
2025-12-01,9:48:10.511826929,T,304.19,80,304.49,40,IBM
2025-12-01,9:48:10.511826929,T,304.19,80,304.4,40,IBM
2025-12-01,9:48:10.512613635,T,304.19,80,304.4,80,IBM
2025-12-01,9:48:10.519269387,T,304.19,80,304.4,40,IBM
2025-12-01,9:48:11.332380067,T,304.19,80,304.4,80,IBM
2025-12-01,9:48:11.757421867,T,304.19,80,304.4,40,IBM
2025-12-01,9:48:11.757421867,T,304.19,80,304.62,40,IBM
2025-12-01,9:48:11.757462031,T,304.19,80,304.69,40,IBM
2025-12-01,9:48:11.757662490,T,304.19,80,304.75,200,IBM
2025-12-01,9:48:11.758128586,T,304.19,80,304.48,40,IBM
2025-12-01,9:48:11.758664859,T,304.32,40,304.48,40,IBM
2025-12-01,9:48:11.809360560,T,304.32,40,304.69,40,IBM
2025-12-01,9:48:11.996586261,T,304.32,40,304.62,40,IBM
2025-12-01,9:48:17.151943777,T,304.32,40,304.69,40,IBM
2025-12-01,9:48:17.151943777,T,304.32,40,304.44,40,IBM
2025-12-01,9:48:17.258101509,T,304.32,40,304.62,40,IBM
2025-12-01,9:48:23.549257984,T,304.32,40,304.49,40,IBM
2025-12-01,9:48:36.585937542,T,304.19,80,304.49,40,IBM
2025-12-01,9:48:36.585957616,T,304.19,80,304.62,40,IBM
2025-12-01,9:48:36.585982658,T,304.19,80,304.49,40,IBM
2025-12-01,9:48:36.586022831,T,304.19,80,304.62,40,IBM
2025-12-01,9:48:36.586213227,T,304.19,80,304.47,40,IBM
2025-12-01,9:48:36.586238228,T,304.19,80,304.62,40,IBM
2025-12-01,9:48:36.586238228,T,304.19,80,304.4,40,IBM
2025-12-01,9:48:36.587075259,T,304.06,160,304.4,40,IBM
2025-12-01,9:48:36.844803717,T,304.06,160,304.62,40,IBM
2025-12-01,9:48:37.586359028,T,304.17,80,304.62,40,IBM
2025-12-01,9:48:42.028218271,T,304.17,40,304.62,40,IBM
2025-12-01,9:48:43.435102279,T,304.17,40,304.49,40,IBM
2025-12-01,9:48:43.435528315,T,304.17,40,304.49,80,IBM
2025-12-01,9:48:43.439322366,T,304.17,40,304.49,40,IBM
2025-12-01,9:48:43.449822419,T,304.17,40,304.47,40,IBM
2025-12-01,9:48:43.465168848,T,304.17,40,304.47,80,IBM
2025-12-01,9:48:43.465259112,T,304.17,40,304.47,120,IBM
2025-12-01,9:48:44.539140490,T,304.17,40,304.47,80,IBM
2025-12-01,9:48:44.539621631,T,304.17,40,304.46,40,IBM
2025-12-01,9:48:44.540183052,T,304.17,40,304.46,80,IBM
2025-12-01,9:48:44.540609048,T,304.17,40,304.46,120,IBM
2025-12-01,9:48:44.831025405,T,304.17,40,304.46,80,IBM
2025-12-01,9:48:44.831561613,T,304.17,40,304.44,40,IBM
2025-12-01,9:48:44.858951822,T,304.17,40,304.44,80,IBM
2025-12-01,9:48:49.353421262,T,304.17,40,304.44,120,IBM
2025-12-01,9:48:49.382325102,T,304.0,40,304.44,120,IBM
2025-12-01,9:48:49.382390179,T,304.0,40,304.44,80,IBM
2025-12-01,9:48:49.382390179,T,304.0,40,304.33,40,IBM
2025-12-01,9:48:49.382480435,T,303.94,40,304.33,40,IBM
2025-12-01,9:48:49.382645859,T,303.93,40,304.33,40,IBM
2025-12-01,9:48:49.383262243,T,303.93,40,304.33,80,IBM
2025-12-01,9:48:49.394739758,T,303.93,40,304.33,40,IBM
2025-12-01,9:48:49.411665006,T,303.93,40,304.36,40,IBM
2025-12-01,9:48:49.411665006,T,303.93,40,304.28,40,IBM
2025-12-01,9:48:49.412090962,T,303.93,40,304.28,80,IBM
2025-12-01,9:48:50.382751596,T,304.0,40,304.28,80,IBM
2025-12-01,9:48:50.970851607,T,304.0,40,304.28,40,IBM
2025-12-01,9:48:51.309983885,T,304.0,40,304.38,40,IBM
2025-12-01,9:48:55.160274630,T,304.0,80,304.38,40,IBM
2025-12-01,9:48:57.398483235,T,304.0,80,304.48,40,IBM
2025-12-01,9:48:59.334451689,T,304.0,80,304.28,40,IBM
2025-12-01,9:49:01.214737748,T,304.0,40,304.28,40,IBM
2025-12-01,9:49:01.292257248,T,303.94,40,304.28,40,IBM
2025-12-01,9:49:01.327661593,T,303.94,40,304.28,80,IBM
2025-12-01,9:49:01.487076058,T,303.94,40,304.28,120,IBM
2025-12-01,9:49:01.502322404,T,303.94,40,304.25,80,IBM
2025-12-01,9:49:01.507479762,T,303.94,40,304.25,120,IBM
2025-12-01,9:49:01.507795384,T,303.94,40,304.25,160,IBM
2025-12-01,9:49:01.511308774,T,303.94,40,304.25,200,IBM
2025-12-01,9:49:01.550933039,T,303.94,40,304.25,120,IBM
2025-12-01,9:49:01.552892810,T,303.94,40,304.24,40,IBM
2025-12-01,9:49:01.582337803,T,303.94,40,304.24,80,IBM
2025-12-01,9:49:01.582628598,T,303.94,40,304.24,120,IBM
2025-12-01,9:49:01.582648597,T,303.94,40,304.24,160,IBM
2025-12-01,9:49:04.163948409,T,303.94,40,304.24,120,IBM
2025-12-01,9:49:04.163998497,T,303.94,40,304.24,80,IBM
2025-12-01,9:49:04.164379975,T,303.94,40,304.24,40,IBM
2025-12-01,9:49:04.164379975,T,303.94,40,304.48,40,IBM
2025-12-01,9:49:04.164414513,T,304.0,40,304.48,40,IBM
2025-12-01,9:49:04.164419542,T,304.12,40,304.48,40,IBM
2025-12-01,9:49:04.164554815,T,304.17,40,304.48,40,IBM
2025-12-01,9:49:04.164609936,T,304.2,40,304.48,40,IBM
2025-12-01,9:49:04.164685107,T,304.2,40,304.49,40,IBM
2025-12-01,9:49:04.165892993,T,304.2,40,304.59,160,IBM
2025-12-01,9:49:04.166103484,T,304.2,40,304.55,40,IBM
2025-12-01,9:49:04.166108550,T,304.2,40,304.59,160,IBM
2025-12-01,9:49:04.166138597,T,304.2,40,304.49,40,IBM
2025-12-01,9:49:04.166409308,T,304.12,40,304.49,40,IBM
2025-12-01,9:49:04.166910412,T,304.12,40,304.42,40,IBM
2025-12-01,9:49:04.182422415,T,304.12,40,304.42,80,IBM
2025-12-01,9:49:04.184407132,T,304.12,40,304.4,40,IBM
2025-12-01,9:49:04.203171816,T,304.12,40,304.39,40,IBM
2025-12-01,9:49:04.329733160,T,303.94,40,304.39,40,IBM
2025-12-01,9:49:04.330269398,T,303.94,40,304.38,40,IBM
2025-12-01,9:49:04.404731562,T,303.94,40,304.37,40,IBM
2025-12-01,9:49:04.405157599,T,303.94,40,304.37,80,IBM
2025-12-01,9:49:04.972513293,T,303.94,40,304.37,40,IBM
2025-12-01,9:49:05.567624880,T,303.94,40,304.35,40,IBM
2025-12-01,9:49:05.926108317,T,303.94,40,304.34,40,IBM
2025-12-01,9:49:06.912747095,T,303.94,40,304.33,40,IBM
2025-12-01,9:49:07.009161634,T,303.94,40,304.32,40,IBM
2025-12-01,9:49:07.286667260,T,303.94,40,304.31,40,IBM
2025-12-01,9:49:09.031851607,T,303.94,40,304.29,40,IBM
2025-12-01,9:49:09.043273884,T,303.94,40,304.42,40,IBM
2025-12-01,9:49:24.771265009,T,304.1,120,304.42,40,IBM
2025-12-01,9:49:26.421879304,T,304.1,120,304.48,40,IBM
2025-12-01,9:49:26.421884410,T,304.13,40,304.48,40,IBM
2025-12-01,9:49:26.421904454,T,304.13,40,304.49,40,IBM
2025-12-01,9:49:26.422225148,T,304.13,80,304.49,40,IBM
2025-12-01,9:49:26.422255210,T,304.19,40,304.49,40,IBM
2025-12-01,9:49:26.422365462,T,304.19,40,304.3,40,IBM
2025-12-01,9:49:26.422385592,T,304.13,80,304.3,40,IBM
2025-12-01,9:49:26.422400580,T,304.13,80,304.49,40,IBM
2025-12-01,9:49:26.422425664,T,304.19,40,304.49,40,IBM
2025-12-01,9:49:26.422425664,T,304.19,40,304.55,40,IBM
2025-12-01,9:49:26.423668546,T,304.19,40,304.44,120,IBM
2025-12-01,9:49:26.424074524,T,304.26,40,304.44,120,IBM
2025-12-01,9:49:26.429171655,T,304.13,40,304.44,120,IBM
2025-12-01,9:49:26.432394389,T,304.1,120,304.44,120,IBM
2025-12-01,9:49:26.435080786,T,304.14,40,304.44,120,IBM
2025-12-01,9:49:26.435952857,T,304.14,40,304.43,120,IBM
2025-12-01,9:49:26.522949925,T,304.14,40,304.59,160,IBM
2025-12-01,9:49:26.522955097,T,304.1,120,304.59,160,IBM
2025-12-01,9:49:26.522960006,T,304.27,40,304.59,160,IBM
2025-12-01,9:49:26.523461173,T,304.26,40,304.59,160,IBM
2025-12-01,9:49:26.523466165,T,304.35,40,304.59,160,IBM
2025-12-01,9:49:26.523596625,T,304.34,40,304.59,160,IBM
2025-12-01,9:49:26.523596625,T,304.41,40,304.59,160,IBM
2025-12-01,9:49:26.528077204,T,304.41,40,304.71,40,IBM
2025-12-01,9:49:26.528187438,T,304.26,40,304.71,40,IBM
2025-12-01,9:49:26.528207472,T,304.14,40,304.71,40,IBM
2025-12-01,9:49:26.528904116,T,304.14,40,304.77,40,IBM
2025-12-01,9:49:26.529239883,T,304.14,40,304.77,120,IBM
2025-12-01,9:49:26.536542334,T,304.1,120,304.77,120,IBM
2025-12-01,9:49:26.710205747,T,304.27,40,304.77,120,IBM
2025-12-01,9:49:26.785073929,T,304.27,40,304.77,80,IBM
2025-12-01,9:49:26.785109086,T,304.28,40,304.77,80,IBM
2025-12-01,9:49:26.785630360,T,304.28,40,304.77,120,IBM
2025-12-01,9:49:26.785655307,T,304.27,40,304.77,120,IBM
2025-12-01,9:49:27.033831187,T,304.27,40,304.65,80,IBM
2025-12-01,9:49:27.033856213,T,304.1,120,304.65,80,IBM
2025-12-01,9:49:27.090491050,T,304.0,40,304.65,80,IBM
2025-12-01,9:49:27.091598688,T,304.27,40,304.65,80,IBM
2025-12-01,9:49:27.567772335,T,304.0,40,304.65,80,IBM
2025-12-01,9:49:27.593869431,T,304.0,40,304.64,80,IBM
2025-12-01,9:49:27.648805257,T,304.28,40,304.64,80,IBM
2025-12-01,9:49:29.813573464,T,304.28,40,304.67,40,IBM
2025-12-01,9:49:31.649057981,T,304.31,40,304.67,40,IBM
2025-12-01,9:49:31.649128108,T,304.39,40,304.67,40,IBM
2025-12-01,9:49:31.649303537,T,304.45,40,304.67,40,IBM
2025-12-01,9:49:31.653308081,T,304.39,40,304.67,40,IBM
2025-12-01,9:49:31.653884484,T,304.29,40,304.67,40,IBM
2025-12-01,9:49:31.656039573,T,304.28,40,304.67,40,IBM
2025-12-01,9:49:31.847565593,T,304.4,40,304.67,40,IBM
2025-12-01,9:49:33.416655733,T,304.28,40,304.67,40,IBM
2025-12-01,9:49:41.602652856,T,304.28,40,304.57,80,IBM
2025-12-01,9:49:41.603184122,T,304.28,40,304.56,40,IBM
2025-12-01,9:49:41.603630237,T,304.3,40,304.56,40,IBM
2025-12-01,9:49:41.783247816,T,304.28,40,304.56,40,IBM
2025-12-01,9:49:42.295577450,T,304.28,40,304.67,40,IBM
2025-12-01,9:49:43.415478420,T,304.28,40,304.77,40,IBM
2025-12-01,9:49:45.519447047,T,304.39,120,304.77,40,IBM
2025-12-01,9:49:45.520238948,T,304.39,160,304.77,40,IBM
2025-12-01,9:49:45.520469421,T,304.28,40,304.77,40,IBM
2025-12-01,9:49:45.520720025,T,304.28,40,304.56,40,IBM
2025-12-01,9:49:45.520730060,T,304.28,40,304.55,40,IBM
2025-12-01,9:49:45.521832758,T,304.28,40,304.48,40,IBM
2025-12-01,9:49:45.521862774,T,304.28,40,304.46,40,IBM
2025-12-01,9:49:45.526047764,T,304.28,40,304.48,40,IBM
2025-12-01,9:49:45.526097825,T,304.28,40,304.77,40,IBM
2025-12-01,9:49:45.545609323,T,304.28,40,304.79,160,IBM
2025-12-01,9:49:45.572598564,T,304.28,40,304.64,40,IBM
2025-12-01,9:49:45.578873512,T,304.04,200,304.64,40,IBM
2025-12-01,9:49:45.578888616,T,304.04,200,304.59,40,IBM
2025-12-01,9:49:45.578893540,T,304.04,200,304.56,40,IBM
2025-12-01,9:49:45.578958880,T,304.04,200,304.45,40,IBM
2025-12-01,9:49:45.579063994,T,304.04,200,304.44,40,IBM
2025-12-01,9:49:45.579665431,T,304.04,200,304.45,40,IBM
2025-12-01,9:49:45.579685436,T,304.04,200,304.63,40,IBM
2025-12-01,9:49:45.579755556,T,303.95,40,304.63,40,IBM
2025-12-01,9:49:45.583173781,T,303.95,40,304.64,40,IBM
2025-12-01,9:49:45.657370329,T,303.95,40,304.63,40,IBM
2025-12-01,9:49:45.679107074,T,303.95,40,304.64,40,IBM
2025-12-01,9:49:47.130221550,T,303.95,40,304.77,40,IBM
2025-12-01,9:49:47.133850179,T,303.95,40,304.47,40,IBM
2025-12-01,9:49:48.543325471,T,303.95,40,304.77,40,IBM
2025-12-01,9:49:48.547009252,T,303.95,40,304.45,40,IBM
2025-12-01,9:49:49.669516485,T,303.95,40,304.41,40,IBM
2025-12-01,9:49:49.779593574,T,303.95,40,304.4,80,IBM
2025-12-01,9:49:52.502861414,T,303.95,40,304.41,40,IBM
2025-12-01,9:49:58.077908015,T,303.95,40,304.45,40,IBM
2025-12-01,9:49:59.883817096,T,303.95,40,304.39,40,IBM
2025-12-01,9:50:00.032957162,T,304.17,40,304.39,40,IBM
2025-12-01,9:50:01.230006894,T,303.95,40,304.39,40,IBM
2025-12-01,9:50:01.958024969,T,304.17,80,304.39,40,IBM
2025-12-01,9:50:01.958666420,T,304.17,120,304.39,40,IBM
2025-12-01,9:50:02.009903652,T,304.17,40,304.39,40,IBM
2025-12-01,9:50:10.820181623,T,304.01,160,304.39,40,IBM
2025-12-01,9:50:15.810265807,T,304.01,160,304.77,40,IBM
2025-12-01,9:50:15.810290814,T,304.24,40,304.77,40,IBM
2025-12-01,9:50:15.810305934,T,304.28,40,304.77,40,IBM
2025-12-01,9:50:15.814335443,T,304.28,40,304.44,120,IBM
2025-12-01,9:50:15.814360477,T,304.07,40,304.44,120,IBM
2025-12-01,9:50:15.814716344,T,304.01,160,304.44,120,IBM
2025-12-01,9:50:17.309980992,T,304.01,160,304.43,40,IBM
2025-12-01,9:50:17.309985822,T,304.01,160,304.42,40,IBM
2025-12-01,9:50:17.310446994,T,304.1,40,304.42,40,IBM
2025-12-01,9:50:17.310722926,T,304.1,40,304.44,160,IBM
2025-12-01,9:50:17.310722926,T,304.24,40,304.44,160,IBM
2025-12-01,9:50:17.312602143,T,304.24,80,304.44,160,IBM
2025-12-01,9:50:17.410710633,T,304.24,80,304.42,40,IBM
2025-12-01,9:50:17.484110416,T,304.24,80,304.44,160,IBM
2025-12-01,9:50:20.646107576,T,304.24,80,304.43,120,IBM
2025-12-01,9:50:20.725165844,T,304.24,80,304.44,160,IBM
2025-12-01,9:50:20.747789687,T,304.24,80,304.43,120,IBM
2025-12-01,9:50:20.751062440,T,304.24,80,304.44,160,IBM
2025-12-01,9:50:21.475000875,T,304.24,120,304.44,160,IBM
2025-12-01,9:50:22.612258271,T,304.24,120,304.44,120,IBM
2025-12-01,9:50:22.612278161,T,304.24,80,304.44,120,IBM
2025-12-01,9:50:22.612283109,T,304.42,40,304.44,120,IBM
2025-12-01,9:50:22.612318351,T,304.33,40,304.44,120,IBM
2025-12-01,9:50:22.612333253,T,304.42,40,304.44,120,IBM
2025-12-01,9:50:22.612338425,T,304.33,40,304.44,120,IBM
2025-12-01,9:50:22.612348274,T,304.33,40,304.68,160,IBM
2025-12-01,9:50:22.612438517,T,304.25,40,304.68,160,IBM
2025-12-01,9:50:22.612458582,T,304.24,40,304.68,160,IBM
2025-12-01,9:50:22.612493611,T,304.25,40,304.68,160,IBM
2025-12-01,9:50:22.612669012,T,304.25,80,304.68,160,IBM
2025-12-01,9:50:22.612774365,T,304.32,40,304.68,160,IBM
2025-12-01,9:50:22.612794349,T,304.25,40,304.68,160,IBM
2025-12-01,9:50:22.612799421,T,304.32,40,304.68,160,IBM
2025-12-01,9:50:22.612809400,T,304.35,40,304.68,160,IBM
2025-12-01,9:50:22.613245405,T,304.35,40,304.58,80,IBM
2025-12-01,9:50:22.613616272,T,304.33,40,304.58,80,IBM
2025-12-01,9:50:22.613621287,T,304.33,40,304.58,120,IBM
2025-12-01,9:50:22.613671449,T,304.32,40,304.58,120,IBM
2025-12-01,9:50:22.613962194,T,304.32,40,304.58,40,IBM
2025-12-01,9:50:22.616994413,T,304.24,40,304.58,40,IBM
2025-12-01,9:50:22.980219005,T,304.24,40,304.6,120,IBM
2025-12-01,9:50:23.357462192,T,304.24,40,304.55,40,IBM
2025-12-01,9:50:23.358584836,T,304.24,40,304.6,120,IBM
2025-12-01,9:50:23.358960694,T,304.24,40,304.54,40,IBM
2025-12-01,9:50:23.361000571,T,304.24,40,304.6,120,IBM
2025-12-01,9:50:23.363456403,T,304.24,40,304.56,80,IBM
2025-12-01,9:50:23.363456403,T,304.24,40,304.56,120,IBM
2025-12-01,9:50:23.372117004,T,304.24,40,304.55,40,IBM
2025-12-01,9:50:23.401762640,T,304.24,40,304.55,120,IBM
2025-12-01,9:50:23.401762640,T,304.24,40,304.55,160,IBM
2025-12-01,9:50:23.522860907,T,304.24,40,304.55,120,IBM
2025-12-01,9:50:23.523337074,T,304.24,40,304.55,160,IBM
2025-12-01,9:50:23.551479104,T,304.01,160,304.55,160,IBM
2025-12-01,9:50:24.413461019,T,304.01,160,304.55,120,IBM
2025-12-01,9:50:24.509123844,T,304.01,160,304.55,160,IBM
2025-12-01,9:50:24.824780213,T,304.01,160,304.55,120,IBM
2025-12-01,9:50:25.750589191,T,304.01,160,304.55,160,IBM
2025-12-01,9:50:25.966112156,T,304.01,160,304.55,120,IBM
2025-12-01,9:50:34.516812437,T,304.01,160,304.5,40,IBM
2025-12-01,9:50:34.522440897,T,304.01,160,304.49,40,IBM
2025-12-01,9:50:34.522440897,T,304.01,160,304.49,120,IBM
2025-12-01,9:50:34.607764002,T,304.01,160,304.49,40,IBM
2025-12-01,9:50:34.607764002,T,304.01,160,304.5,40,IBM
2025-12-01,9:50:35.519223752,T,304.01,160,304.55,120,IBM
2025-12-01,9:50:39.936394144,T,304.27,40,304.55,120,IBM
2025-12-01,9:50:39.936414032,T,304.07,40,304.55,120,IBM
2025-12-01,9:50:39.937241023,T,304.14,40,304.55,120,IBM
2025-12-01,9:50:40.064348664,T,304.14,40,304.55,80,IBM
2025-12-01,9:50:40.064353705,T,304.14,40,304.56,120,IBM
2025-12-01,9:50:40.068062438,T,304.14,40,304.55,80,IBM
2025-12-01,9:50:40.068062438,T,304.14,40,304.55,120,IBM
2025-12-01,9:50:41.197676601,T,304.01,160,304.55,120,IBM
2025-12-01,9:50:41.198293026,T,304.28,40,304.55,120,IBM
2025-12-01,9:50:42.508401980,T,304.1,40,304.55,120,IBM
2025-12-01,9:50:49.700913965,T,304.28,40,304.55,120,IBM
2025-12-01,9:50:49.701124501,T,304.28,80,304.55,120,IBM
2025-12-01,9:50:49.991590968,T,304.28,80,304.55,40,IBM
2025-12-01,9:50:49.991590968,T,304.28,80,304.67,40,IBM
2025-12-01,9:50:49.991595994,T,304.29,40,304.67,40,IBM
2025-12-01,9:50:49.991610984,T,304.41,40,304.67,40,IBM
2025-12-01,9:50:49.991686162,T,304.42,40,304.67,40,IBM
2025-12-01,9:50:49.992092176,T,304.41,40,304.67,40,IBM
2025-12-01,9:50:49.992092176,T,304.42,40,304.67,40,IBM
2025-12-01,9:50:49.993034453,T,304.41,40,304.67,40,IBM
2025-12-01,9:50:50.035355190,T,304.27,40,304.67,40,IBM
2025-12-01,9:50:50.077640780,T,304.25,40,304.67,40,IBM
2025-12-01,9:50:50.077650919,T,304.41,40,304.67,40,IBM
2025-12-01,9:50:50.559377660,T,304.1,40,304.67,40,IBM
2025-12-01,9:50:51.570945831,T,304.14,160,304.67,40,IBM
2025-12-01,9:50:52.669145083,T,304.41,40,304.67,40,IBM
2025-12-01,9:50:52.669155081,T,304.42,40,304.67,40,IBM
2025-12-01,9:50:52.669370620,T,304.47,40,304.67,40,IBM
2025-12-01,9:50:52.671370365,T,304.47,40,304.85,160,IBM
2025-12-01,9:50:52.673961569,T,304.42,40,304.85,160,IBM
2025-12-01,9:50:52.675405012,T,304.42,40,305.01,40,IBM
2025-12-01,9:50:52.675410028,T,304.42,40,304.99,160,IBM
2025-12-01,9:50:52.675440002,T,304.42,40,304.99,200,IBM
2025-12-01,9:50:52.676487545,T,304.5,40,304.99,200,IBM
2025-12-01,9:50:52.676662981,T,304.5,40,304.99,160,IBM
2025-12-01,9:50:52.680081061,T,304.5,40,304.98,80,IBM
2025-12-01,9:50:52.680361728,T,304.21,40,304.98,80,IBM
2025-12-01,9:50:52.680406824,T,304.5,40,304.98,80,IBM
2025-12-01,9:50:55.907373747,T,304.25,40,304.98,80,IBM
2025-12-01,9:50:55.907418846,T,304.25,40,304.91,80,IBM
2025-12-01,9:50:55.913959413,T,304.25,40,304.99,160,IBM
2025-12-01,9:50:57.815571334,T,304.25,40,304.92,80,IBM
2025-12-01,9:50:58.840962350,T,304.21,40,304.92,80,IBM
2025-12-01,9:50:58.841298072,T,304.5,40,304.92,80,IBM
2025-12-01,9:50:58.841303053,T,304.51,40,304.92,80,IBM
2025-12-01,9:50:58.942503980,T,304.5,40,304.92,80,IBM
2025-12-01,9:51:00.102590632,T,304.21,40,304.92,80,IBM
2025-12-01,9:51:00.109015950,T,304.21,40,304.99,160,IBM
2025-12-01,9:51:00.662864413,T,304.25,40,304.99,160,IBM
2025-12-01,9:51:01.267047675,T,304.28,200,304.99,160,IBM
2025-12-01,9:51:01.299760605,T,304.44,80,304.99,160,IBM
2025-12-01,9:51:13.741468648,T,304.44,80,304.78,80,IBM
2025-12-01,9:51:13.741899598,T,304.44,80,304.78,120,IBM
2025-12-01,9:51:15.540827036,T,304.44,80,304.78,40,IBM
2025-12-01,9:51:15.541247968,T,304.44,80,304.87,40,IBM
2025-12-01,9:51:15.541809277,T,304.44,80,304.87,80,IBM
2025-12-01,9:51:15.543603642,T,304.44,80,304.87,40,IBM
2025-12-01,9:51:16.630135151,T,304.44,80,304.99,160,IBM
2025-12-01,9:51:22.054743721,T,304.44,80,305.01,40,IBM
2025-12-01,9:51:22.054768714,T,304.44,80,305.09,40,IBM
2025-12-01,9:51:25.339989424,T,304.5,160,305.09,40,IBM
2025-12-01,9:51:25.340199900,T,304.5,200,305.09,40,IBM
2025-12-01,9:51:25.344856013,T,304.64,40,305.09,40,IBM
2025-12-01,9:51:25.344870983,T,304.5,200,305.09,40,IBM
2025-12-01,9:51:25.344881020,T,304.5,200,305.12,160,IBM
2025-12-01,9:51:25.345647809,T,304.64,40,305.12,160,IBM
2025-12-01,9:51:25.398463584,T,304.64,40,304.92,40,IBM
2025-12-01,9:51:25.604178309,T,304.64,40,305.12,160,IBM
2025-12-01,9:51:25.604248461,T,304.5,160,305.12,160,IBM
2025-12-01,9:51:27.527897781,T,304.64,80,305.12,160,IBM
2025-12-01,9:51:27.573606542,T,304.64,120,305.12,160,IBM
2025-12-01,9:51:33.077403707,T,304.64,80,305.12,160,IBM
2025-12-01,9:51:40.523509354,T,304.67,40,305.12,160,IBM
2025-12-01,9:51:41.822967854,T,304.67,40,305.33,40,IBM
2025-12-01,9:51:41.822972848,T,304.67,40,305.26,200,IBM
