DATE,TIME_M,EX,BID,BIDSIZ,ASK,ASKSIZ,SYM_ROOT
2025-11-20,9:30:00.006108122,T,293.0,40,297.0,40,IBM
2025-11-20,9:30:00.009040046,T,293.0,40,298.53,40,IBM
2025-11-20,9:30:00.147469662,T,293.0,40,298.41,40,IBM
2025-11-20,9:30:01.373729254,T,293.0,40,298.53,40,IBM
2025-11-20,9:30:14.682908317,T,293.0,40,297.5,1000,IBM
2025-11-20,9:30:18.975502938,T,293.0,40,295.39,40,IBM
2025-11-20,9:30:22.205221528,T,294.48,40,295.39,40,IBM
2025-11-20,9:30:22.217881647,T,294.64,40,295.39,40,IBM
2025-11-20,9:30:22.219210108,T,294.64,40,297.4,40,IBM
2025-11-20,9:30:22.219350169,T,294.48,40,297.4,40,IBM
2025-11-20,9:30:22.219475421,T,294.48,40,297.0,40,IBM
2025-11-20,9:30:22.219495445,T,294.48,40,297.4,40,IBM
2025-11-20,9:30:22.220497916,T,293.0,160,297.4,40,IBM
2025-11-20,9:30:22.220994040,T,293.0,160,297.0,40,IBM
2025-11-20,9:30:22.221034140,T,293.0,160,295.59,40,IBM
2025-11-20,9:30:22.221209599,T,294.48,40,295.59,40,IBM
2025-11-20,9:30:22.225760449,T,294.48,40,297.0,40,IBM
2025-11-20,9:30:22.320992129,T,294.48,40,297.4,40,IBM
2025-11-20,9:30:23.219636380,T,294.48,40,295.64,80,IBM
2025-11-20,9:30:23.284099961,T,294.48,40,295.54,40,IBM
2025-11-20,9:30:23.343676810,T,294.48,40,297.0,40,IBM
2025-11-20,9:30:23.895039472,T,294.48,40,295.99,40,IBM
2025-11-20,9:30:23.895104616,T,294.48,40,295.3,40,IBM
2025-11-20,9:30:23.895134745,T,293.7,40,295.3,40,IBM
2025-11-20,9:30:23.895144810,T,294.48,40,295.3,40,IBM
2025-11-20,9:30:23.895159809,T,294.48,40,295.07,40,IBM
2025-11-20,9:30:23.895164775,T,294.48,40,295.07,80,IBM
2025-11-20,9:30:23.895184883,T,294.48,40,295.07,40,IBM
2025-11-20,9:30:23.895204874,T,293.7,40,295.07,40,IBM
2025-11-20,9:30:23.895229915,T,293.7,40,295.07,80,IBM
2025-11-20,9:30:23.895325165,T,293.7,40,295.07,40,IBM
2025-11-20,9:30:23.895350250,T,293.7,40,295.3,80,IBM
2025-11-20,9:30:23.895395642,T,293.7,40,295.3,40,IBM
2025-11-20,9:30:23.895706084,T,293.7,40,294.76,40,IBM
2025-11-20,9:30:23.899891109,T,293.7,40,295.99,80,IBM
2025-11-20,9:30:23.900076559,T,293.7,40,295.99,40,IBM
2025-11-20,9:30:23.910566432,T,293.7,40,295.99,80,IBM
2025-11-20,9:30:23.995067642,T,293.7,40,295.99,40,IBM
2025-11-20,9:30:23.995092679,T,293.7,40,297.0,80,IBM
2025-11-20,9:30:24.052028202,T,293.7,40,297.0,40,IBM
2025-11-20,9:30:24.219161072,T,294.23,40,297.0,40,IBM
2025-11-20,9:30:26.482679645,T,294.23,40,297.0,80,IBM
2025-11-20,9:30:26.624707807,T,294.23,40,296.83,40,IBM
2025-11-20,9:30:26.645597508,T,294.23,40,296.66,40,IBM
2025-11-20,9:30:26.651266015,T,294.23,40,296.49,40,IBM
2025-11-20,9:30:26.662783496,T,294.23,40,296.32,40,IBM
2025-11-20,9:30:26.678475799,T,294.23,40,296.15,40,IBM
2025-11-20,9:30:26.680826374,T,294.23,40,295.98,40,IBM
2025-11-20,9:30:26.694077946,T,294.23,40,295.81,40,IBM
2025-11-20,9:30:26.721979402,T,294.23,40,295.64,40,IBM
2025-11-20,9:30:27.271572898,T,294.23,40,295.21,40,IBM
2025-11-20,9:30:27.271878557,T,294.23,40,295.64,40,IBM
2025-11-20,9:30:27.275757805,T,294.23,40,295.81,40,IBM
2025-11-20,9:30:27.279687226,T,294.23,40,295.98,40,IBM
2025-11-20,9:30:27.315241853,T,294.23,40,296.32,40,IBM
2025-11-20,9:30:27.522079194,T,294.23,40,295.98,40,IBM
2025-11-20,9:30:27.522084224,T,294.23,40,295.21,40,IBM
2025-11-20,9:30:27.523011434,T,294.23,40,294.84,40,IBM
2025-11-20,9:30:27.526274174,T,294.23,40,295.98,40,IBM
2025-11-20,9:30:27.550306372,T,294.23,40,296.15,40,IBM
2025-11-20,9:30:28.637865579,T,294.23,40,295.98,40,IBM
2025-11-20,9:30:28.638446914,T,294.23,40,295.89,40,IBM
2025-11-20,9:30:28.738710582,T,294.23,40,296.15,40,IBM
2025-11-20,9:30:29.155036729,T,293.7,40,296.15,40,IBM
2025-11-20,9:30:29.155046746,T,293.7,40,295.47,40,IBM
2025-11-20,9:30:29.155066766,T,293.7,40,295.3,40,IBM
2025-11-20,9:30:29.155472724,T,293.7,40,294.85,40,IBM
2025-11-20,9:30:29.159662730,T,293.7,40,295.47,40,IBM
2025-11-20,9:30:29.169581312,T,293.7,40,296.15,40,IBM
2025-11-20,9:30:29.834559399,T,293.7,80,296.15,40,IBM
2025-11-20,9:30:30.223034182,T,293.7,80,295.64,40,IBM
2025-11-20,9:30:31.771866564,T,293.7,40,295.64,40,IBM
2025-11-20,9:30:31.771891574,T,293.7,40,294.9,40,IBM
2025-11-20,9:30:31.772182321,T,293.7,40,294.54,40,IBM
2025-11-20,9:30:31.773625754,T,293.7,40,294.45,40,IBM
2025-11-20,9:30:31.773655856,T,293.7,40,294.36,40,IBM
2025-11-20,9:30:31.773881311,T,293.7,40,294.36,80,IBM
2025-11-20,9:30:31.774136971,T,293.7,40,294.36,40,IBM
2025-11-20,9:30:31.777068935,T,293.7,40,294.9,40,IBM
2025-11-20,9:30:31.777129135,T,293.7,40,295.13,40,IBM
2025-11-20,9:30:31.777334562,T,293.7,40,294.9,40,IBM
2025-11-20,9:30:31.781519516,T,293.7,40,294.96,40,IBM
2025-11-20,9:30:31.781664862,T,293.7,40,295.13,40,IBM
2025-11-20,9:30:33.086796897,T,293.7,40,294.44,480,IBM
2025-11-20,9:30:36.459851914,T,293.7,40,294.44,560,IBM
2025-11-20,9:30:51.059122883,T,293.28,40,294.44,560,IBM
2025-11-20,9:30:51.059143014,T,293.0,160,294.44,560,IBM
2025-11-20,9:30:51.059168052,T,293.0,160,294.07,40,IBM
2025-11-20,9:30:51.059178057,T,293.0,160,294.07,80,IBM
2025-11-20,9:30:51.059699325,T,293.0,160,294.07,120,IBM
2025-11-20,9:30:51.059849635,T,293.0,160,294.07,80,IBM
2025-11-20,9:30:51.060320730,T,293.0,160,294.07,40,IBM
2025-11-20,9:30:51.060330825,T,293.42,40,294.07,40,IBM
2025-11-20,9:30:51.060857267,T,293.0,120,294.07,40,IBM
2025-11-20,9:30:51.060882105,T,293.0,120,293.61,40,IBM
2025-11-20,9:30:51.075411743,T,293.0,120,294.28,40,IBM
2025-11-20,9:30:51.075441721,T,293.0,120,294.08,40,IBM
2025-11-20,9:30:51.075662333,T,293.0,120,294.08,80,IBM
2025-11-20,9:30:51.219990855,T,293.0,160,294.08,80,IBM
2025-11-20,9:30:51.914784975,T,293.0,160,293.56,40,IBM
2025-11-20,9:30:51.929314578,T,293.0,160,293.87,40,IBM
2025-11-20,9:30:51.930507365,T,293.0,160,294.11,40,IBM
2025-11-20,9:30:51.930512438,T,293.0,160,293.81,40,IBM
2025-11-20,9:30:52.031051801,T,293.0,160,294.11,40,IBM
2025-11-20,9:30:52.039306424,T,293.16,80,294.11,40,IBM
2025-11-20,9:30:52.625847866,T,293.0,160,294.11,40,IBM
2025-11-20,9:30:56.598745742,T,293.0,160,294.1,480,IBM
2025-11-20,9:31:03.317751563,T,293.17,40,294.1,480,IBM
2025-11-20,9:31:15.403608670,T,293.17,40,294.1,560,IBM
2025-11-20,9:31:15.454008656,T,293.17,40,294.1,480,IBM
2025-11-20,9:31:18.047257462,T,293.5,40,294.1,480,IBM
2025-11-20,9:31:18.047267486,T,293.5,40,294.31,40,IBM
2025-11-20,9:31:18.047317558,T,293.8,40,294.31,40,IBM
2025-11-20,9:31:18.047327609,T,293.8,80,294.31,40,IBM
2025-11-20,9:31:18.047848941,T,293.8,80,294.37,40,IBM
2025-11-20,9:31:18.047853838,T,293.8,80,294.44,40,IBM
2025-11-20,9:31:18.048019247,T,293.8,120,294.44,40,IBM
2025-11-20,9:31:18.048044287,T,293.8,80,294.44,40,IBM
2025-11-20,9:31:18.048049365,T,294.08,40,294.44,40,IBM
2025-11-20,9:31:18.048074487,T,293.8,80,294.44,40,IBM
2025-11-20,9:31:18.048104466,T,293.8,40,294.44,40,IBM
2025-11-20,9:31:18.048129538,T,293.63,40,294.44,40,IBM
2025-11-20,9:31:18.048129538,T,293.62,40,294.44,40,IBM
2025-11-20,9:31:18.048144584,T,293.17,40,294.44,40,IBM
2025-11-20,9:31:18.048279912,T,293.8,40,294.44,40,IBM
2025-11-20,9:31:18.071710792,T,293.17,40,294.44,40,IBM
2025-11-20,9:31:18.091713258,T,294.08,40,294.44,40,IBM
2025-11-20,9:31:18.091738287,T,294.08,40,294.53,40,IBM
2025-11-20,9:31:18.091748377,T,294.22,40,294.53,40,IBM
2025-11-20,9:31:18.091768441,T,294.22,40,294.79,40,IBM
2025-11-20,9:31:18.091773639,T,294.08,40,294.79,40,IBM
2025-11-20,9:31:18.092049127,T,293.41,40,294.79,40,IBM
2025-11-20,9:31:18.092074117,T,293.17,40,294.79,40,IBM
2025-11-20,9:31:18.092094146,T,293.17,40,294.65,80,IBM
2025-11-20,9:31:18.092124230,T,293.81,40,294.65,80,IBM
2025-11-20,9:31:18.097406803,T,293.81,40,294.29,40,IBM
2025-11-20,9:31:18.097431921,T,293.81,40,294.65,80,IBM
2025-11-20,9:31:18.097456943,T,294.05,40,294.65,80,IBM
2025-11-20,9:31:18.102108043,T,294.05,40,294.91,40,IBM
2025-11-20,9:31:18.111991534,T,293.81,40,294.91,40,IBM
2025-11-20,9:31:18.112437653,T,293.17,40,294.91,40,IBM
2025-11-20,9:31:18.112913731,T,293.58,40,294.91,40,IBM
2025-11-20,9:31:18.113830987,T,293.58,80,294.91,40,IBM
2025-11-20,9:31:18.132495371,T,293.58,40,294.91,40,IBM
2025-11-20,9:31:19.242081803,T,293.58,40,294.86,80,IBM
2025-11-20,9:31:19.250456810,T,293.58,40,294.91,40,IBM
2025-11-20,9:31:19.250471793,T,293.65,80,294.91,40,IBM
2025-11-20,9:31:19.252085671,T,293.58,40,294.91,40,IBM
2025-11-20,9:31:20.289620661,T,293.59,80,294.91,40,IBM
2025-11-20,9:31:20.290046691,T,293.59,120,294.91,40,IBM
2025-11-20,9:31:20.791681087,T,293.63,80,294.91,40,IBM
2025-11-20,9:31:20.800366741,T,293.58,40,294.91,40,IBM
2025-11-20,9:31:20.800381815,T,293.58,40,294.73,80,IBM
2025-11-20,9:31:20.801694898,T,293.58,40,294.91,40,IBM
2025-11-20,9:31:21.293355294,T,293.64,80,294.91,40,IBM
2025-11-20,9:31:21.293781318,T,293.64,120,294.91,40,IBM
2025-11-20,9:31:21.301900561,T,293.64,40,294.91,40,IBM
2025-11-20,9:31:21.772340529,T,293.75,40,294.91,40,IBM
2025-11-20,9:31:21.851995132,T,293.75,80,294.91,40,IBM
2025-11-20,9:31:21.852326269,T,294.28,40,294.91,40,IBM
2025-11-20,9:31:21.852331030,T,294.28,40,294.96,40,IBM
2025-11-20,9:31:21.852361090,T,294.28,40,295.13,40,IBM
2025-11-20,9:31:21.852827117,T,294.28,40,295.17,160,IBM
2025-11-20,9:31:21.853578951,T,294.28,40,295.17,240,IBM
2025-11-20,9:31:21.860224740,T,294.28,40,295.17,80,IBM
2025-11-20,9:31:21.866860565,T,293.92,40,295.17,80,IBM
2025-11-20,9:31:21.867281579,T,293.92,80,295.17,80,IBM
2025-11-20,9:31:21.952444306,T,293.92,40,295.17,80,IBM
2025-11-20,9:31:22.241652857,T,293.91,40,295.17,80,IBM
2025-11-20,9:31:22.272626492,T,293.89,40,295.17,80,IBM
2025-11-20,9:31:22.357197817,T,293.89,40,294.87,80,IBM
2025-11-20,9:31:22.357242906,T,293.75,40,294.87,80,IBM
2025-11-20,9:31:22.357663912,T,293.75,80,294.87,80,IBM
2025-11-20,9:31:22.434060813,T,293.75,40,294.87,80,IBM
2025-11-20,9:31:22.982967599,T,293.73,40,294.87,80,IBM
2025-11-20,9:31:23.371943734,T,293.73,80,294.87,80,IBM
2025-11-20,9:31:23.451999297,T,293.73,40,294.87,80,IBM
2025-11-20,9:31:23.584800419,T,293.73,40,294.77,80,IBM
2025-11-20,9:31:23.593350794,T,293.73,40,295.14,40,IBM
2025-11-20,9:31:23.648923207,T,293.75,40,295.14,40,IBM
2025-11-20,9:31:23.648963207,T,293.91,40,295.14,40,IBM
2025-11-20,9:31:23.672619459,T,293.75,40,295.14,40,IBM
2025-11-20,9:31:23.673045504,T,293.75,80,295.14,40,IBM
2025-11-20,9:31:24.088123658,T,293.75,80,294.78,80,IBM
2025-11-20,9:31:24.096643945,T,293.75,80,295.14,40,IBM
2025-11-20,9:31:24.148928469,T,293.75,40,295.14,40,IBM
2025-11-20,9:31:24.164735994,T,293.75,80,295.14,40,IBM
2025-11-20,9:31:24.164761142,T,293.91,40,295.14,40,IBM
2025-11-20,9:31:24.175135743,T,293.91,40,295.28,160,IBM
2025-11-20,9:31:24.175220969,T,294.09,80,295.28,160,IBM
2025-11-20,9:31:24.175451549,T,294.42,40,295.28,160,IBM
2025-11-20,9:31:24.189986170,T,294.09,40,295.28,160,IBM
2025-11-20,9:31:24.190011181,T,293.91,40,295.28,160,IBM
2025-11-20,9:31:24.190472340,T,293.91,80,295.28,160,IBM
2025-11-20,9:31:24.578511004,T,293.91,80,295.81,40,IBM
2025-11-20,9:31:24.578516106,T,293.91,80,295.77,160,IBM
2025-11-20,9:31:24.675161131,T,293.91,40,295.77,160,IBM
2025-11-20,9:31:24.678825170,T,293.91,40,295.81,40,IBM
2025-11-20,9:31:24.678829988,T,293.91,40,295.4,160,IBM
2025-11-20,9:31:24.859329539,T,293.91,40,294.86,80,IBM
2025-11-20,9:31:24.860592503,T,293.91,40,295.4,160,IBM
2025-11-20,9:31:26.531550521,T,293.91,40,294.86,80,IBM
2025-11-20,9:31:26.532808475,T,293.91,40,295.4,160,IBM
2025-11-20,9:31:28.200904688,T,293.91,40,294.86,80,IBM
2025-11-20,9:31:28.209389820,T,293.91,40,295.4,160,IBM
2025-11-20,9:31:28.209399846,T,293.92,80,295.4,160,IBM
2025-11-20,9:31:28.210918565,T,293.75,40,295.4,160,IBM
2025-11-20,9:31:29.862334978,T,293.75,40,294.86,80,IBM
2025-11-20,9:31:29.870780106,T,293.75,40,295.4,160,IBM
2025-11-20,9:31:29.870790119,T,293.92,80,295.4,160,IBM
2025-11-20,9:31:29.871211032,T,293.92,120,295.4,160,IBM
2025-11-20,9:31:29.872348762,T,293.92,40,295.4,160,IBM
2025-11-20,9:31:32.546154318,T,293.92,40,294.87,80,IBM
2025-11-20,9:31:35.942650104,T,293.75,40,294.87,80,IBM
2025-11-20,9:31:35.943111226,T,293.75,40,294.86,80,IBM
2025-11-20,9:31:35.943156333,T,293.75,40,294.86,160,IBM
2025-11-20,9:31:36.795731002,T,293.75,40,294.86,80,IBM
2025-11-20,9:31:36.804431829,T,293.75,40,295.4,160,IBM
2025-11-20,9:31:36.820575158,T,294.32,40,295.4,160,IBM
2025-11-20,9:31:36.870899992,T,294.32,80,295.4,160,IBM
2025-11-20,9:31:37.071181966,T,294.32,40,295.4,160,IBM
2025-11-20,9:31:37.071597850,T,293.89,40,295.4,160,IBM
2025-11-20,9:31:37.072655413,T,294.35,40,295.4,160,IBM
2025-11-20,9:31:37.834263567,T,293.89,40,295.4,160,IBM
2025-11-20,9:31:37.841415668,T,293.9,40,295.4,160,IBM
2025-11-20,9:31:39.686488031,T,294.43,40,295.4,160,IBM
2025-11-20,9:31:40.939460876,T,293.89,40,295.4,160,IBM
2025-11-20,9:31:40.939491001,T,293.89,40,295.4,200,IBM
2025-11-20,9:31:40.939495951,T,293.66,40,295.4,200,IBM
2025-11-20,9:31:40.939525999,T,293.66,40,294.78,40,IBM
2025-11-20,9:31:40.939591185,T,294.08,120,294.78,40,IBM
2025-11-20,9:31:40.940563546,T,294.08,120,295.4,160,IBM
2025-11-20,9:31:41.045493327,T,293.66,40,295.4,160,IBM
2025-11-20,9:31:41.045518327,T,294.32,120,295.4,160,IBM
2025-11-20,9:31:44.282043545,T,294.32,120,294.91,40,IBM
2025-11-20,9:31:52.204559400,T,293.7,160,294.91,40,IBM
2025-11-20,9:31:52.204584434,T,294.33,120,294.91,40,IBM
2025-11-20,9:31:52.205306122,T,294.33,160,294.91,40,IBM
2025-11-20,9:31:53.913988929,T,294.33,200,294.91,40,IBM
2025-11-20,9:31:57.559698101,T,294.33,160,294.91,40,IBM
2025-11-20,9:31:57.899797714,T,294.33,120,294.91,40,IBM
2025-11-20,9:31:57.899938117,T,293.93,160,294.91,40,IBM
2025-11-20,9:31:57.899963175,T,294.73,120,294.91,40,IBM
2025-11-20,9:31:57.899988198,T,293.93,160,294.91,40,IBM
2025-11-20,9:31:57.918061270,T,294.57,40,294.91,40,IBM
2025-11-20,9:31:57.918296790,T,294.57,80,294.91,40,IBM
2025-11-20,9:31:57.918317215,T,294.57,80,295.48,160,IBM
2025-11-20,9:31:57.918336923,T,294.72,40,295.48,160,IBM
2025-11-20,9:31:57.918472240,T,294.57,80,295.48,160,IBM
2025-11-20,9:31:57.918477231,T,294.57,40,295.48,160,IBM
2025-11-20,9:31:57.918487255,T,294.29,40,295.48,160,IBM
2025-11-20,9:31:57.918597455,T,294.79,40,295.48,160,IBM
2025-11-20,9:31:57.918933240,T,294.29,40,295.48,160,IBM
2025-11-20,9:31:57.918979130,T,294.39,40,295.48,160,IBM
2025-11-20,9:31:57.918998402,T,294.29,40,295.48,160,IBM
2025-11-20,9:31:57.919354456,T,294.29,40,295.48,240,IBM
2025-11-20,9:31:57.919484615,T,294.29,40,295.48,80,IBM
2025-11-20,9:31:57.920612296,T,294.29,40,295.98,40,IBM
2025-11-20,9:31:57.941261425,T,294.94,40,295.98,40,IBM
2025-11-20,9:31:57.941431973,T,294.94,40,295.99,40,IBM
2025-11-20,9:31:57.941917964,T,294.94,40,295.66,80,IBM
2025-11-20,9:31:57.941948089,T,294.29,40,295.66,80,IBM
2025-11-20,9:31:58.018495368,T,293.94,40,295.66,80,IBM
2025-11-20,9:31:58.027281224,T,295.0,40,295.66,80,IBM
2025-11-20,9:31:58.609026257,T,295.0,40,296.0,160,IBM
2025-11-20,9:31:58.689718329,T,294.28,160,296.0,160,IBM
2025-11-20,9:31:58.918467792,T,294.28,160,295.62,120,IBM
2025-11-20,9:31:59.473118157,T,295.01,40,295.62,120,IBM
2025-11-20,9:31:59.573361866,T,294.28,160,295.62,120,IBM
2025-11-20,9:31:59.720637651,T,294.28,160,295.62,80,IBM
2025-11-20,9:31:59.739251785,T,294.28,160,295.67,40,IBM
2025-11-20,9:31:59.739276769,T,294.28,160,296.0,160,IBM
2025-11-20,9:31:59.739302036,T,295.31,40,296.0,160,IBM
2025-11-20,9:31:59.742088544,T,295.31,40,296.32,40,IBM
2025-11-20,9:31:59.742098583,T,295.31,40,296.31,200,IBM
2025-11-20,9:31:59.747852177,T,295.31,40,295.78,80,IBM
2025-11-20,9:31:59.753831441,T,295.02,40,295.78,80,IBM
2025-11-20,9:31:59.839324977,T,294.28,200,295.78,80,IBM
2025-11-20,9:31:59.865181538,T,294.49,40,295.78,80,IBM
2025-11-20,9:31:59.865186546,T,295.49,40,295.78,80,IBM
2025-11-20,9:31:59.865201894,T,294.49,40,295.78,80,IBM
2025-11-20,9:31:59.865206659,T,294.64,40,295.78,80,IBM
2025-11-20,9:31:59.865452238,T,294.79,40,295.78,80,IBM
2025-11-20,9:31:59.865477256,T,294.64,40,295.78,80,IBM
2025-11-20,9:31:59.865597569,T,295.38,40,295.78,80,IBM
2025-11-20,9:31:59.866254063,T,294.53,40,295.78,80,IBM
2025-11-20,9:31:59.869065756,T,294.66,40,295.78,80,IBM
2025-11-20,9:31:59.869095877,T,294.53,40,295.78,80,IBM
2025-11-20,9:31:59.869171090,T,294.53,40,295.66,40,IBM
2025-11-20,9:31:59.869286303,T,294.53,40,295.78,80,IBM
2025-11-20,9:31:59.869301345,T,295.32,40,295.78,80,IBM
2025-11-20,9:31:59.882342418,T,295.01,40,295.78,80,IBM
2025-11-20,9:32:00.374554212,T,295.01,40,295.69,40,IBM
2025-11-20,9:32:00.739698513,T,295.01,40,295.69,80,IBM
2025-11-20,9:32:01.245808465,T,295.01,40,295.69,160,IBM
2025-11-20,9:32:01.252519472,T,295.01,40,295.69,200,IBM
2025-11-20,9:32:01.260618691,T,295.01,40,295.69,160,IBM
2025-11-20,9:32:01.264447761,T,295.01,40,295.69,80,IBM
2025-11-20,9:32:01.286370052,T,294.64,40,295.69,80,IBM
2025-11-20,9:32:03.147545844,T,294.64,40,295.69,160,IBM
2025-11-20,9:32:03.562844630,T,294.64,40,295.69,240,IBM
2025-11-20,9:32:04.315857390,T,294.64,40,295.68,40,IBM
2025-11-20,9:32:04.315892361,T,294.64,40,295.69,240,IBM
2025-11-20,9:32:04.315892361,T,294.64,40,295.35,40,IBM
2025-11-20,9:32:04.316338333,T,294.64,40,295.69,280,IBM
2025-11-20,9:32:04.316388563,T,294.64,40,295.35,40,IBM
2025-11-20,9:32:04.321460734,T,294.49,40,295.35,40,IBM
2025-11-20,9:32:04.321465561,T,294.91,40,295.35,40,IBM
2025-11-20,9:32:04.321620916,T,294.59,40,295.35,40,IBM
2025-11-20,9:32:04.321640958,T,294.49,80,295.35,40,IBM
2025-11-20,9:32:04.321801417,T,294.49,40,295.35,40,IBM
2025-11-20,9:32:04.335905026,T,294.49,40,295.55,120,IBM
2025-11-20,9:32:04.338265547,T,294.34,40,295.55,120,IBM
2025-11-20,9:32:04.885879336,T,294.34,40,295.28,40,IBM
2025-11-20,9:32:04.885889335,T,294.34,40,295.28,120,IBM
2025-11-20,9:32:08.728752965,T,294.87,40,295.28,120,IBM
2025-11-20,9:32:11.839804291,T,294.87,40,295.28,40,IBM
2025-11-20,9:32:11.839804291,T,294.87,40,295.69,80,IBM
2025-11-20,9:32:11.839829314,T,295.27,80,295.69,80,IBM
2025-11-20,9:32:11.839964700,T,295.28,80,295.69,80,IBM
2025-11-20,9:32:11.840225186,T,295.28,40,295.69,80,IBM
2025-11-20,9:32:11.840250222,T,295.08,40,295.69,80,IBM
2025-11-20,9:32:11.840270952,T,294.88,40,295.69,80,IBM
2025-11-20,9:32:11.840280387,T,294.88,40,295.55,40,IBM
2025-11-20,9:32:11.842525653,T,294.88,40,295.66,40,IBM
2025-11-20,9:32:11.846650457,T,295.08,40,295.66,40,IBM
2025-11-20,9:32:11.855220903,T,295.31,40,295.66,40,IBM
2025-11-20,9:32:11.855225917,T,295.31,40,295.69,80,IBM
2025-11-20,9:32:11.855366198,T,295.31,40,295.94,160,IBM
2025-11-20,9:32:11.855606765,T,295.31,40,296.61,40,IBM
2025-11-20,9:32:11.855611834,T,295.31,40,296.17,160,IBM
2025-11-20,9:32:11.869605181,T,295.31,40,296.0,80,IBM
2025-11-20,9:32:11.869755559,T,295.08,80,296.0,80,IBM
2025-11-20,9:32:11.889021838,T,295.37,40,296.0,80,IBM
2025-11-20,9:32:11.903555984,T,295.1,40,296.0,80,IBM
2025-11-20,9:32:11.906437866,T,295.09,40,296.0,80,IBM
2025-11-20,9:32:11.906457913,T,295.08,80,296.0,80,IBM
2025-11-20,9:32:11.955238972,T,295.08,40,296.0,80,IBM
2025-11-20,9:32:12.069796790,T,295.08,40,296.0,120,IBM
2025-11-20,9:32:12.266029066,T,294.88,40,296.0,120,IBM
2025-11-20,9:32:12.855627659,T,294.88,40,296.0,200,IBM
2025-11-20,9:32:16.534365319,T,294.88,40,295.78,80,IBM
2025-11-20,9:32:16.535177283,T,294.88,40,295.78,120,IBM
2025-11-20,9:32:16.585867928,T,294.88,40,295.78,40,IBM
2025-11-20,9:32:19.960722505,T,294.91,160,295.78,40,IBM
2025-11-20,9:32:20.593894720,T,294.91,160,295.78,120,IBM
2025-11-20,9:32:25.281344061,T,294.91,160,295.78,80,IBM
2025-11-20,9:32:25.281364116,T,294.91,160,296.0,80,IBM
2025-11-20,9:32:25.281389185,T,295.27,40,296.0,80,IBM
2025-11-20,9:32:25.281419264,T,295.52,40,296.0,80,IBM
2025-11-20,9:32:25.281955512,T,295.52,80,296.0,80,IBM
2025-11-20,9:32:25.281985760,T,295.52,80,296.17,160,IBM
2025-11-20,9:32:25.282020671,T,295.68,40,296.17,160,IBM
2025-11-20,9:32:25.282075811,T,295.74,40,296.17,160,IBM
2025-11-20,9:32:25.282130921,T,295.68,40,296.17,160,IBM
2025-11-20,9:32:25.282376568,T,295.47,40,296.17,160,IBM
2025-11-20,9:32:25.282421967,T,295.27,40,296.17,160,IBM
2025-11-20,9:32:25.282431734,T,295.74,40,296.17,160,IBM
2025-11-20,9:32:25.282441696,T,295.74,80,296.17,160,IBM
2025-11-20,9:32:25.282902774,T,295.74,80,296.17,200,IBM
2025-11-20,9:32:25.285629332,T,295.74,40,296.17,200,IBM
2025-11-20,9:32:25.286731930,T,295.64,40,296.17,200,IBM
2025-11-20,9:32:25.287453630,T,295.64,40,296.17,40,IBM
2025-11-20,9:32:25.356743630,T,295.27,40,296.17,40,IBM
2025-11-20,9:32:25.356778714,T,295.24,40,296.17,40,IBM
2025-11-20,9:32:25.521029754,T,295.51,40,296.17,40,IBM
2025-11-20,9:32:26.281745640,T,295.51,40,296.17,200,IBM
2025-11-20,9:32:27.686635426,T,295.51,40,295.85,80,IBM
2025-11-20,9:32:27.686665495,T,295.51,40,296.17,40,IBM
2025-11-20,9:32:27.686675555,T,295.51,40,296.46,200,IBM
2025-11-20,9:32:27.686685560,T,295.59,40,296.46,200,IBM
2025-11-20,9:32:27.701220151,T,295.51,40,296.46,200,IBM
2025-11-20,9:32:27.711524719,T,295.51,40,296.4,80,IBM
2025-11-20,9:32:27.712787675,T,295.51,40,296.46,200,IBM
2025-11-20,9:32:27.852996478,T,295.51,40,296.41,40,IBM
2025-11-20,9:32:28.219418752,T,295.51,40,296.41,120,IBM
2025-11-20,9:32:28.687077003,T,295.51,40,296.41,280,IBM
2025-11-20,9:32:28.727919196,T,295.51,40,296.4,80,IBM
2025-11-20,9:32:28.728670951,T,295.51,40,296.4,200,IBM
2025-11-20,9:32:30.012051297,T,295.51,40,296.4,240,IBM
2025-11-20,9:32:30.012056656,T,295.51,40,296.4,280,IBM
2025-11-20,9:32:30.012226761,T,295.51,40,296.4,320,IBM
2025-11-20,9:32:30.012402169,T,295.51,40,295.91,40,IBM
2025-11-20,9:32:30.012888374,T,295.51,40,296.4,320,IBM
2025-11-20,9:32:30.013158920,T,295.51,40,296.37,40,IBM
2025-11-20,9:32:30.013199063,T,295.51,40,295.91,80,IBM
2025-11-20,9:32:30.029182068,T,295.51,40,295.91,40,IBM
2025-11-20,9:32:30.030630555,T,295.51,40,295.91,80,IBM
2025-11-20,9:32:30.030916203,T,295.51,40,295.84,40,IBM
2025-11-20,9:32:30.031006412,T,295.51,40,295.84,80,IBM
2025-11-20,9:32:30.031502671,T,295.51,40,295.84,40,IBM
2025-11-20,9:32:30.032033851,T,295.09,40,295.84,40,IBM
2025-11-20,9:32:30.032083976,T,295.09,40,295.72,40,IBM
2025-11-20,9:32:30.032389781,T,295.09,40,295.72,80,IBM
2025-11-20,9:32:30.040489062,T,295.09,40,295.72,40,IBM
2025-11-20,9:32:30.059915311,T,295.32,40,295.72,40,IBM
2025-11-20,9:32:30.210218084,T,295.32,40,295.72,80,IBM
2025-11-20,9:32:31.010934487,T,295.32,40,295.51,40,IBM
2025-11-20,9:32:31.010954438,T,295.32,40,295.51,640,IBM
2025-11-20,9:32:31.010979511,T,295.08,40,295.51,640,IBM
2025-11-20,9:32:31.011004470,T,295.08,40,295.51,680,IBM
2025-11-20,9:32:31.011039569,T,295.08,40,295.51,720,IBM
2025-11-20,9:32:31.011069681,T,295.08,40,295.51,680,IBM
2025-11-20,9:32:31.011450534,T,295.39,80,295.51,680,IBM
2025-11-20,9:32:31.011480681,T,295.39,80,295.51,80,IBM
2025-11-20,9:32:31.011485619,T,295.08,40,295.51,80,IBM
2025-11-20,9:32:31.011515733,T,295.08,40,295.51,40,IBM
2025-11-20,9:32:31.011646100,T,295.39,40,295.51,40,IBM
2025-11-20,9:32:31.011666049,T,295.08,40,295.51,40,IBM
2025-11-20,9:32:31.011921753,T,295.08,40,295.51,80,IBM
2025-11-20,9:32:31.012026993,T,295.08,40,295.51,40,IBM
2025-11-20,9:32:31.012052018,T,295.23,40,295.51,40,IBM
2025-11-20,9:32:31.012162310,T,295.08,40,295.51,40,IBM
2025-11-20,9:32:31.123697813,T,295.08,40,295.51,80,IBM
2025-11-20,9:32:31.125025982,T,295.08,40,295.51,120,IBM
2025-11-20,9:32:31.129160846,T,295.08,40,295.51,80,IBM
2025-11-20,9:32:31.934347520,T,295.08,40,295.51,120,IBM
2025-11-20,9:32:33.084445551,T,295.08,40,295.51,80,IBM
2025-11-20,9:32:33.873864842,T,295.08,40,295.51,280,IBM
2025-11-20,9:32:33.874391131,T,295.08,40,295.51,80,IBM
2025-11-20,9:32:34.434585231,T,295.08,40,295.51,200,IBM
2025-11-20,9:32:34.435206395,T,295.0,80,295.51,200,IBM
2025-11-20,9:32:34.435296548,T,295.0,40,295.51,200,IBM
2025-11-20,9:32:34.435316633,T,295.0,40,295.34,40,IBM
2025-11-20,9:32:34.435567224,T,295.0,40,295.34,80,IBM
2025-11-20,9:32:34.435928083,T,295.0,40,295.34,40,IBM
2025-11-20,9:32:34.446282769,T,294.71,240,295.34,40,IBM
2025-11-20,9:32:34.446307861,T,294.71,240,295.17,40,IBM
2025-11-20,9:32:34.446588516,T,294.71,240,295.17,80,IBM
2025-11-20,9:32:34.447380336,T,294.71,200,295.17,80,IBM
2025-11-20,9:32:34.448483045,T,294.71,200,295.17,120,IBM
2025-11-20,9:32:34.451725767,T,294.45,40,295.17,120,IBM
2025-11-20,9:32:34.456662427,T,294.45,40,295.17,80,IBM
2025-11-20,9:32:34.460837357,T,294.45,40,295.17,40,IBM
2025-11-20,9:32:34.546726854,T,294.34,200,295.17,40,IBM
2025-11-20,9:32:35.052165044,T,294.34,200,295.0,480,IBM
2025-11-20,9:32:35.052185152,T,294.34,200,295.0,600,IBM
2025-11-20,9:32:35.219142604,T,294.66,40,295.0,600,IBM
2025-11-20,9:32:37.455772207,T,294.66,40,295.0,280,IBM
2025-11-20,9:32:37.455772207,T,294.66,40,295.0,120,IBM
2025-11-20,9:32:37.455777509,T,294.66,40,295.0,80,IBM
2025-11-20,9:32:37.455777509,T,294.66,40,295.34,40,IBM
2025-11-20,9:32:37.455797220,T,294.84,40,295.34,40,IBM
2025-11-20,9:32:37.456283293,T,294.85,40,295.34,40,IBM
2025-11-20,9:32:37.456899802,T,294.66,80,295.34,40,IBM
2025-11-20,9:32:37.456984974,T,294.66,80,295.39,40,IBM
2025-11-20,9:32:37.457010042,T,294.66,80,295.6,40,IBM
2025-11-20,9:32:37.457015131,T,294.7,40,295.6,40,IBM
2025-11-20,9:32:37.457506281,T,294.84,80,295.6,40,IBM
2025-11-20,9:32:37.540037794,T,294.84,80,295.66,40,IBM
2025-11-20,9:32:41.153775720,T,294.84,80,295.34,80,IBM
2025-11-20,9:32:42.501830069,T,294.84,80,295.34,120,IBM
2025-11-20,9:32:45.947452955,T,295.08,40,295.34,120,IBM
2025-11-20,9:32:45.947477996,T,295.08,40,295.34,40,IBM
2025-11-20,9:32:45.947483279,T,295.08,40,295.66,40,IBM
2025-11-20,9:32:45.947518143,T,295.08,80,295.66,40,IBM
2025-11-20,9:32:45.947863922,T,295.08,120,295.66,40,IBM
2025-11-20,9:32:45.948059399,T,295.14,40,295.66,40,IBM
2025-11-20,9:32:45.948239841,T,295.08,120,295.66,40,IBM
2025-11-20,9:32:45.948254870,T,295.08,120,295.66,160,IBM
2025-11-20,9:32:45.948530490,T,295.08,120,295.66,200,IBM
2025-11-20,9:32:45.948550541,T,295.08,120,295.66,240,IBM
2025-11-20,9:32:45.948680934,T,295.17,40,295.66,240,IBM
2025-11-20,9:32:45.948821275,T,295.08,120,295.66,240,IBM
2025-11-20,9:32:45.950916321,T,295.08,120,295.66,200,IBM
2025-11-20,9:32:45.955081116,T,295.08,120,295.66,240,IBM
2025-11-20,9:32:45.955928170,T,295.08,80,295.66,240,IBM
2025-11-20,9:32:45.957957942,T,295.08,40,295.66,240,IBM
2025-11-20,9:32:47.964845569,T,294.84,80,295.66,240,IBM
2025-11-20,9:32:47.964905677,T,295.0,40,295.66,240,IBM
2025-11-20,9:32:48.271826399,T,295.0,40,295.66,200,IBM
2025-11-20,9:32:48.271836429,T,295.0,40,295.66,160,IBM
2025-11-20,9:32:48.272322590,T,294.84,80,295.66,160,IBM
2025-11-20,9:32:48.276447384,T,295.0,40,295.66,160,IBM
2025-11-20,9:32:48.381492631,T,294.84,80,295.66,160,IBM
2025-11-20,9:32:53.011359579,T,294.84,80,295.66,200,IBM
2025-11-20,9:32:55.835152637,T,294.84,80,295.25,1000,IBM
2025-11-20,9:32:55.835207433,T,294.84,80,295.25,1120,IBM
2025-11-20,9:32:55.835232526,T,294.84,80,295.25,160,IBM
2025-11-20,9:32:55.835308066,T,294.84,80,295.25,120,IBM
2025-11-20,9:32:55.835313087,T,294.84,80,295.25,80,IBM
2025-11-20,9:32:55.835313087,T,294.84,80,295.25,40,IBM
2025-11-20,9:32:55.835317661,T,294.84,80,295.66,40,IBM
2025-11-20,9:32:55.835337749,T,295.04,40,295.66,40,IBM
2025-11-20,9:32:55.835643433,T,295.04,80,295.66,40,IBM
2025-11-20,9:32:55.835668569,T,295.04,80,295.65,40,IBM
2025-11-20,9:32:55.835693552,T,294.92,40,295.65,40,IBM
2025-11-20,9:32:55.835969245,T,294.92,40,295.65,160,IBM
2025-11-20,9:32:55.835999316,T,294.85,40,295.65,160,IBM
2025-11-20,9:32:55.836425375,T,294.85,40,295.65,40,IBM
2025-11-20,9:32:55.836690981,T,294.85,40,295.91,40,IBM
2025-11-20,9:32:55.839041544,T,295.0,40,295.91,40,IBM
2025-11-20,9:32:55.844725034,T,294.85,40,295.91,40,IBM
2025-11-20,9:32:55.854338001,T,295.0,40,295.91,40,IBM
2025-11-20,9:32:55.867539442,T,295.0,40,295.65,40,IBM
2025-11-20,9:32:55.867539442,T,294.85,40,295.65,40,IBM
2025-11-20,9:32:55.867719782,T,294.85,40,295.91,40,IBM
2025-11-20,9:32:55.867865204,T,294.85,40,295.65,40,IBM
2025-11-20,9:32:55.885903122,T,294.84,40,295.65,40,IBM
2025-11-20,9:32:55.887937919,T,294.84,40,295.91,40,IBM
2025-11-20,9:32:55.894568737,T,294.84,120,295.91,40,IBM
2025-11-20,9:32:55.907038459,T,294.85,40,295.91,40,IBM
2025-11-20,9:32:55.907038459,T,295.05,40,295.91,40,IBM
2025-11-20,9:32:55.921573004,T,294.86,40,295.91,40,IBM
2025-11-20,9:32:55.986026451,T,294.86,40,295.91,160,IBM
2025-11-20,9:32:55.986066590,T,294.86,40,295.91,280,IBM
2025-11-20,9:32:55.986081644,T,294.86,40,295.91,320,IBM
2025-11-20,9:32:55.986236972,T,294.84,40,295.91,320,IBM
2025-11-20,9:32:55.986257048,T,294.66,80,295.91,320,IBM
2025-11-20,9:32:55.986282024,T,294.66,80,295.88,80,IBM
2025-11-20,9:32:55.995052959,T,294.66,80,295.91,320,IBM
2025-11-20,9:32:55.995278455,T,294.66,80,295.91,360,IBM
2025-11-20,9:32:56.013196095,T,294.66,80,295.91,320,IBM
2025-11-20,9:32:56.013456730,T,294.66,80,295.91,360,IBM
2025-11-20,9:32:56.487204651,T,294.66,80,295.87,80,IBM
2025-11-20,9:32:56.495880408,T,294.66,80,295.91,280,IBM
2025-11-20,9:32:56.495895334,T,294.86,80,295.91,280,IBM
2025-11-20,9:32:56.497153281,T,294.66,80,295.91,280,IBM
2025-11-20,9:32:56.988783694,T,294.66,80,295.89,80,IBM
2025-11-20,9:32:56.997439278,T,294.66,80,295.91,280,IBM
2025-11-20,9:32:56.997449339,T,294.86,80,295.91,280,IBM
2025-11-20,9:32:56.998712295,T,294.66,80,295.91,280,IBM
2025-11-20,9:32:57.490427885,T,294.66,80,295.9,80,IBM
2025-11-20,9:32:57.499123622,T,294.66,80,295.91,280,IBM
2025-11-20,9:32:57.499138707,T,294.87,80,295.91,280,IBM
2025-11-20,9:32:57.500396601,T,294.66,80,295.91,280,IBM
2025-11-20,9:32:57.998552544,T,294.66,80,295.89,80,IBM
2025-11-20,9:32:58.006566581,T,294.66,80,295.89,120,IBM
2025-11-20,9:32:58.007193063,T,294.66,80,295.89,40,IBM
2025-11-20,9:32:58.022599832,T,294.66,80,295.91,280,IBM
2025-11-20,9:32:58.026038012,T,294.66,80,295.91,320,IBM
2025-11-20,9:32:58.638245385,T,295.38,40,295.91,320,IBM
2025-11-20,9:32:58.638300503,T,295.38,40,295.91,280,IBM
2025-11-20,9:32:58.652780016,T,295.13,40,295.91,280,IBM
2025-11-20,9:32:58.731692868,T,295.38,40,295.91,280,IBM
2025-11-20,9:32:58.738283538,T,294.82,160,295.91,280,IBM
2025-11-20,9:33:01.159758310,T,294.82,160,295.91,360,IBM
2025-11-20,9:33:03.232868600,T,294.82,160,295.91,240,IBM
2025-11-20,9:33:04.945164988,T,294.82,160,295.91,320,IBM
2025-11-20,9:33:05.931668450,T,294.82,160,295.91,360,IBM
2025-11-20,9:33:09.309595287,T,294.82,160,295.89,40,IBM
2025-11-20,9:33:09.309635440,T,294.82,160,295.89,120,IBM
2025-11-20,9:33:09.309675518,T,294.82,160,295.89,80,IBM
2025-11-20,9:33:09.309675518,T,294.82,160,295.59,40,IBM
2025-11-20,9:33:09.309830871,T,294.82,160,295.59,80,IBM
2025-11-20,9:33:09.309871011,T,294.82,160,295.4,40,IBM
2025-11-20,9:33:09.309991283,T,294.82,160,295.4,80,IBM
2025-11-20,9:33:09.310011316,T,294.66,80,295.4,80,IBM
2025-11-20,9:33:09.310317010,T,294.66,80,295.59,40,IBM
2025-11-20,9:33:09.313805362,T,294.66,80,295.89,120,IBM
2025-11-20,9:33:09.435830811,T,294.66,80,295.4,560,IBM
2025-11-20,9:33:17.601550627,T,295.16,40,295.4,560,IBM
2025-11-20,9:33:17.677496414,T,295.16,40,295.4,480,IBM
2025-11-20,9:33:17.677516674,T,295.16,40,295.89,120,IBM
2025-11-20,9:33:17.677541571,T,295.16,80,295.89,120,IBM
2025-11-20,9:33:17.677556643,T,295.16,80,295.89,40,IBM
2025-11-20,9:33:17.677581686,T,295.16,80,295.91,120,IBM
2025-11-20,9:33:17.677711925,T,295.16,40,295.91,120,IBM
2025-11-20,9:33:17.677716949,T,295.16,40,295.91,160,IBM
2025-11-20,9:33:17.677716949,T,295.16,40,295.91,120,IBM
2025-11-20,9:33:17.677767119,T,295.16,80,295.91,120,IBM
2025-11-20,9:33:17.677957618,T,295.16,80,295.91,160,IBM
2025-11-20,9:33:17.677962575,T,295.16,40,295.91,160,IBM
2025-11-20,9:33:17.677977585,T,295.16,40,295.91,120,IBM
2025-11-20,9:33:17.678032763,T,295.16,80,295.91,120,IBM
2025-11-20,9:33:17.678243200,T,295.2,40,295.91,120,IBM
2025-11-20,9:33:18.099210329,T,295.16,40,295.91,120,IBM
2025-11-20,9:33:18.104928998,T,295.22,40,295.91,120,IBM
2025-11-20,9:33:18.520733764,T,295.19,40,295.91,120,IBM
2025-11-20,9:33:22.350902215,T,295.19,40,295.91,160,IBM
2025-11-20,9:33:22.351022511,T,295.19,40,295.66,40,IBM
2025-11-20,9:33:22.351247968,T,295.19,40,295.53,40,IBM
2025-11-20,9:33:22.351278097,T,295.19,40,295.47,40,IBM
2025-11-20,9:33:22.352044930,T,294.76,40,295.47,40,IBM
2025-11-20,9:33:22.353373058,T,294.76,40,295.4,80,IBM
2025-11-20,9:33:22.353383035,T,294.76,40,295.4,120,IBM
2025-11-20,9:33:26.978228103,T,294.76,40,295.39,40,IBM
2025-11-20,9:33:26.995183391,T,294.76,40,295.91,120,IBM
2025-11-20,9:33:27.010424716,T,295.0,80,295.91,120,IBM
2025-11-20,9:33:28.024614163,T,295.0,80,295.91,80,IBM
2025-11-20,9:33:29.823085820,T,295.0,80,295.39,80,IBM
2025-11-20,9:33:29.823100855,T,295.0,80,295.39,160,IBM
2025-11-20,9:33:29.837264615,T,294.76,40,295.39,160,IBM
2025-11-20,9:33:29.838317112,T,294.66,80,295.39,160,IBM
2025-11-20,9:33:32.507862206,T,294.66,80,295.3,80,IBM
2025-11-20,9:33:32.508353437,T,294.66,80,295.3,160,IBM
2025-11-20,9:33:33.042520084,T,294.66,80,295.3,240,IBM
2025-11-20,9:33:33.547707730,T,294.66,80,295.15,40,IBM
2025-11-20,9:33:33.556032517,T,294.66,80,295.3,80,IBM
2025-11-20,9:33:34.727872484,T,294.66,40,295.3,80,IBM
2025-11-20,9:33:35.578587672,T,294.66,40,295.15,40,IBM
2025-11-20,9:33:40.301180610,T,294.88,40,295.15,40,IBM
2025-11-20,9:33:40.301251078,T,294.88,40,295.3,80,IBM
2025-11-20,9:33:40.301341003,T,294.88,80,295.3,80,IBM
2025-11-20,9:33:40.301381058,T,294.94,40,295.3,80,IBM
2025-11-20,9:33:40.302107791,T,294.94,40,295.56,200,IBM
2025-11-20,9:33:40.314838046,T,294.94,40,296.03,80,IBM
2025-11-20,9:33:40.403258578,T,294.94,40,295.78,200,IBM
2025-11-20,9:33:40.918815986,T,294.94,40,295.3,40,IBM
2025-11-20,9:33:41.988993594,T,294.66,80,295.3,40,IBM
2025-11-20,9:33:42.145245644,T,294.66,80,295.78,200,IBM
2025-11-20,9:33:42.145932241,T,294.66,80,295.29,40,IBM
2025-11-20,9:33:42.145957329,T,294.66,80,295.78,200,IBM
2025-11-20,9:33:42.145967310,T,295.12,40,295.78,200,IBM
2025-11-20,9:33:42.145982321,T,295.15,40,295.78,200,IBM
2025-11-20,9:33:42.146002400,T,295.2,40,295.78,200,IBM
2025-11-20,9:33:42.146232894,T,295.2,40,295.39,40,IBM
2025-11-20,9:33:42.146263140,T,295.2,40,295.78,200,IBM
2025-11-20,9:33:42.146318134,T,294.73,40,295.78,200,IBM
2025-11-20,9:33:42.146754149,T,294.73,40,295.5,40,IBM
2025-11-20,9:33:43.782819144,T,294.73,40,295.78,200,IBM
2025-11-20,9:33:43.783500777,T,294.73,40,295.49,40,IBM
2025-11-20,9:33:45.419626063,T,294.73,40,295.78,200,IBM
2025-11-20,9:33:45.420322714,T,294.73,40,295.48,40,IBM
2025-11-20,9:33:45.829166020,T,294.73,40,295.78,200,IBM
2025-11-20,9:33:45.829847636,T,294.73,40,295.47,40,IBM
2025-11-20,9:33:48.693173943,T,294.73,40,295.78,200,IBM
2025-11-20,9:33:48.693870706,T,294.73,40,295.47,40,IBM
2025-11-20,9:33:48.829613906,T,294.73,40,295.3,40,IBM
2025-11-20,9:33:48.830415822,T,294.73,40,295.3,80,IBM
2025-11-20,9:33:48.830896892,T,294.73,40,295.3,40,IBM
2025-11-20,9:33:48.831608660,T,294.73,40,295.3,80,IBM
2025-11-20,9:33:48.832380506,T,294.73,40,295.3,160,IBM
2025-11-20,9:33:48.844163539,T,294.73,40,295.3,120,IBM
2025-11-20,9:33:49.103415799,T,294.73,40,295.29,40,IBM
2025-11-20,9:33:49.512269081,T,294.73,40,295.3,120,IBM
2025-11-20,9:33:49.512965728,T,294.73,40,295.29,40,IBM
2025-11-20,9:33:49.753192593,T,294.73,40,295.17,40,IBM
2025-11-20,9:33:49.753508416,T,294.73,40,295.17,80,IBM
2025-11-20,9:33:49.753528467,T,294.73,40,295.17,120,IBM
2025-11-20,9:33:49.753794027,T,294.73,40,295.17,40,IBM
2025-11-20,9:33:49.754240140,T,294.73,40,295.13,40,IBM
2025-11-20,9:33:49.922515642,T,294.73,40,295.13,80,IBM
2025-11-20,9:33:50.335042737,T,294.66,80,295.13,80,IBM
2025-11-20,9:33:50.723317126,T,294.66,80,295.0,40,IBM
2025-11-20,9:33:50.741380102,T,294.66,80,295.0,80,IBM
2025-11-20,9:33:51.968301148,T,294.66,80,295.0,40,IBM
2025-11-20,9:33:51.968992819,T,294.66,80,294.99,40,IBM
2025-11-20,9:33:52.377846231,T,294.66,80,295.0,40,IBM
2025-11-20,9:33:52.378547839,T,294.66,80,294.99,40,IBM
2025-11-20,9:33:52.787391302,T,294.66,80,295.0,40,IBM
2025-11-20,9:33:52.788087947,T,294.66,80,294.99,40,IBM
2025-11-20,9:33:53.196941229,T,294.66,80,295.0,40,IBM
2025-11-20,9:33:53.197627832,T,294.66,80,294.99,40,IBM
2025-11-20,9:33:53.244759996,T,294.66,80,295.0,40,IBM
2025-11-20,9:33:53.244785127,T,294.66,80,295.3,80,IBM
2025-11-20,9:33:53.244790044,T,294.84,40,295.3,80,IBM
2025-11-20,9:33:53.245056017,T,294.84,80,295.3,80,IBM
2025-11-20,9:33:53.245486745,T,294.84,80,295.0,40,IBM
2025-11-20,9:33:53.245507431,T,294.84,80,295.3,80,IBM
2025-11-20,9:33:53.245511819,T,294.84,40,295.3,80,IBM
2025-11-20,9:33:53.246017966,T,294.75,40,295.3,80,IBM
2025-11-20,9:33:53.246759815,T,294.75,40,295.3,120,IBM
2025-11-20,9:33:53.247080599,T,294.75,40,295.3,40,IBM
2025-11-20,9:33:53.253180067,T,294.7,80,295.3,40,IBM
2025-11-20,9:33:53.344908448,T,294.7,40,295.3,40,IBM
2025-11-20,9:33:54.249426653,T,294.69,40,295.3,40,IBM
2025-11-20,9:33:54.690972831,T,294.69,40,295.3,80,IBM
2025-11-20,9:33:56.210590420,T,294.69,80,295.3,80,IBM
2025-11-20,9:33:56.230112198,T,294.69,80,295.3,40,IBM
2025-11-20,9:33:56.230112198,T,294.69,80,295.77,200,IBM
2025-11-20,9:33:56.230136950,T,295.15,40,295.77,200,IBM
2025-11-20,9:33:56.230938873,T,295.15,40,295.48,40,IBM
2025-11-20,9:33:56.230953880,T,295.15,40,295.48,80,IBM
2025-11-20,9:33:56.230958966,T,295.01,40,295.48,80,IBM
2025-11-20,9:33:56.330375617,T,294.69,40,295.48,80,IBM
2025-11-20,9:33:56.330586040,T,294.69,80,295.48,80,IBM
2025-11-20,9:33:56.334951709,T,295.14,40,295.48,80,IBM
2025-11-20,9:33:56.480412817,T,294.69,40,295.48,80,IBM
2025-11-20,9:33:56.765762441,T,294.69,80,295.48,80,IBM
2025-11-20,9:33:57.246145721,T,294.69,80,295.48,160,IBM
2025-11-20,9:33:58.022293476,T,294.69,40,295.48,160,IBM
2025-11-20,9:34:00.609738382,T,294.69,40,295.48,80,IBM
2025-11-20,9:34:02.815263845,T,295.01,40,295.48,80,IBM
2025-11-20,9:34:03.237298630,T,294.69,40,295.48,80,IBM
2025-11-20,9:34:04.871273457,T,295.01,40,295.48,80,IBM
2025-11-20,9:34:04.871298509,T,295.19,40,295.48,80,IBM
2025-11-20,9:34:04.871619527,T,295.19,40,295.48,40,IBM
2025-11-20,9:34:04.871624349,T,295.19,40,295.77,200,IBM
2025-11-20,9:34:04.871644609,T,295.33,40,295.77,200,IBM
2025-11-20,9:34:04.872681809,T,295.2,40,295.77,200,IBM
2025-11-20,9:34:04.875022461,T,295.2,40,296.03,40,IBM
2025-11-20,9:34:04.875538692,T,295.2,40,296.12,200,IBM
2025-11-20,9:34:04.876511013,T,295.19,40,296.12,200,IBM
2025-11-20,9:34:04.877257765,T,295.19,40,296.12,240,IBM
2025-11-20,9:34:04.878164961,T,295.19,40,295.66,80,IBM
2025-11-20,9:34:04.922264859,T,295.0,40,295.66,80,IBM
2025-11-20,9:34:04.922289905,T,294.69,40,295.66,80,IBM
2025-11-20,9:34:04.928875567,T,294.69,40,296.12,200,IBM
2025-11-20,9:34:04.930745016,T,294.69,40,296.03,80,IBM
2025-11-20,9:34:04.930760155,T,295.0,40,296.03,80,IBM
2025-11-20,9:34:05.080055937,T,294.69,40,296.03,80,IBM
2025-11-20,9:34:05.127027413,T,294.69,40,295.87,200,IBM
2025-11-20,9:34:05.127072451,T,294.69,40,295.5,40,IBM
2025-11-20,9:34:14.890089837,T,294.69,40,295.5,120,IBM
2025-11-20,9:34:14.982820644,T,294.69,40,295.5,40,IBM
2025-11-20,9:34:20.862723855,T,294.69,40,295.49,40,IBM
2025-11-20,9:34:21.654298205,T,294.69,40,295.49,120,IBM
2025-11-20,9:34:21.655100140,T,294.85,40,295.49,120,IBM
2025-11-20,9:34:21.717769302,T,294.85,40,295.49,40,IBM
2025-11-20,9:34:22.908859815,T,294.85,40,295.25,40,IBM
2025-11-20,9:34:22.908874783,T,294.85,40,295.87,200,IBM
2025-11-20,9:34:22.909110376,T,294.85,80,295.87,200,IBM
2025-11-20,9:34:25.052267569,T,294.85,80,295.49,40,IBM
2025-11-20,9:34:25.052473130,T,294.85,40,295.49,40,IBM
2025-11-20,9:34:25.716037769,T,294.85,40,295.49,120,IBM
2025-11-20,9:34:27.795974276,T,294.79,80,295.49,120,IBM
2025-11-20,9:34:27.796044426,T,294.85,40,295.49,120,IBM
2025-11-20,9:34:27.796074556,T,295.13,40,295.49,120,IBM
2025-11-20,9:34:27.796254939,T,295.13,40,295.49,40,IBM
2025-11-20,9:34:29.173127763,T,295.13,80,295.49,40,IBM
2025-11-20,9:34:29.173603938,T,295.13,40,295.49,40,IBM
2025-11-20,9:34:29.312624895,T,294.79,80,295.49,40,IBM
2025-11-20,9:34:30.206302442,T,295.11,120,295.49,40,IBM
2025-11-20,9:34:30.475413032,T,295.13,40,295.49,40,IBM
2025-11-20,9:34:32.054647768,T,295.13,40,295.49,120,IBM
2025-11-20,9:34:32.382017096,T,295.13,40,295.49,40,IBM
2025-11-20,9:34:33.826997051,T,295.13,40,295.87,200,IBM
2025-11-20,9:34:33.827037501,T,295.26,40,295.87,200,IBM
2025-11-20,9:34:33.827042130,T,295.3,40,295.87,200,IBM
2025-11-20,9:34:33.827192526,T,295.33,40,295.87,200,IBM
2025-11-20,9:34:33.832279622,T,295.33,40,296.03,80,IBM
2025-11-20,9:34:33.832855956,T,295.3,40,296.03,80,IBM
2025-11-20,9:34:33.841857443,T,295.26,40,296.03,80,IBM
2025-11-20,9:34:35.874937591,T,295.26,40,295.99,80,IBM
2025-11-20,9:34:35.875148118,T,295.26,40,295.99,120,IBM
2025-11-20,9:34:37.510080211,T,295.13,40,295.99,120,IBM
2025-11-20,9:34:37.510130338,T,295.13,40,295.97,80,IBM
2025-11-20,9:34:37.510631790,T,295.13,40,295.97,120,IBM
2025-11-20,9:34:37.518991409,T,295.13,40,295.97,40,IBM
2025-11-20,9:34:43.866753078,T,295.13,40,295.97,80,IBM
2025-11-20,9:34:43.867544963,T,295.13,40,295.97,40,IBM
2025-11-20,9:34:44.385437974,T,295.13,40,296.11,160,IBM
2025-11-20,9:34:50.464946187,T,295.13,40,295.5,40,IBM
2025-11-20,9:34:52.780343331,T,295.13,40,295.5,120,IBM
2025-11-20,9:34:53.222651302,T,295.13,40,295.5,80,IBM
2025-11-20,9:34:53.223362975,T,295.13,40,295.49,40,IBM
2025-11-20,9:34:53.224425576,T,295.13,40,295.49,120,IBM
2025-11-20,9:34:54.602210535,T,295.13,40,295.49,80,IBM
2025-11-20,9:34:54.602892130,T,295.13,40,295.48,40,IBM
2025-11-20,9:34:55.981754825,T,295.13,40,295.49,80,IBM
2025-11-20,9:34:55.982421449,T,295.13,40,295.47,40,IBM
2025-11-20,9:34:57.274617585,T,295.13,40,295.47,120,IBM
2025-11-20,9:34:57.361293871,T,295.13,40,295.47,80,IBM
2025-11-20,9:34:57.361965514,T,295.13,40,295.46,40,IBM
2025-11-20,9:34:58.197218813,T,295.13,40,295.47,80,IBM
2025-11-20,9:34:58.197243882,T,295.13,40,295.49,80,IBM
2025-11-20,9:34:58.197243882,T,295.2,40,295.49,80,IBM
2025-11-20,9:34:58.197243882,T,295.21,40,295.49,80,IBM
2025-11-20,9:34:58.197299070,T,295.26,40,295.49,80,IBM
2025-11-20,9:34:58.197309028,T,295.21,40,295.49,80,IBM
2025-11-20,9:34:58.197529551,T,295.33,40,295.49,80,IBM
2025-11-20,9:34:58.197564703,T,295.36,40,295.49,80,IBM
2025-11-20,9:34:58.197755109,T,295.36,40,295.91,160,IBM
2025-11-20,9:34:58.197950650,T,295.36,40,295.47,40,IBM
2025-11-20,9:34:58.197980664,T,295.36,40,295.91,160,IBM
2025-11-20,9:34:58.197980664,T,295.21,40,295.91,160,IBM
2025-11-20,9:34:58.198045782,T,295.26,40,295.91,160,IBM
2025-11-20,9:34:58.198552033,T,295.26,40,295.55,40,IBM
2025-11-20,9:34:58.198657292,T,295.26,40,295.5,40,IBM
2025-11-20,9:34:58.201950072,T,295.26,40,295.55,40,IBM
2025-11-20,9:34:58.202280925,T,295.26,40,295.91,160,IBM
2025-11-20,9:34:58.202611714,T,295.26,40,295.55,40,IBM
2025-11-20,9:34:58.203112912,T,295.21,40,295.55,40,IBM
2025-11-20,9:34:58.250275148,T,295.37,560,295.55,40,IBM
2025-11-20,9:34:58.296600607,T,295.37,560,295.91,160,IBM
2025-11-20,9:34:58.296625475,T,295.37,600,295.91,160,IBM
2025-11-20,9:34:58.297282139,T,295.37,600,295.54,40,IBM
2025-11-20,9:34:58.297302074,T,295.37,600,295.91,160,IBM
2025-11-20,9:34:58.301111239,T,295.37,560,295.91,160,IBM
2025-11-20,9:34:58.321980825,T,295.37,560,295.91,200,IBM
2025-11-20,9:35:01.340051029,T,295.37,560,295.91,160,IBM
2025-11-20,9:35:01.926612182,T,295.51,40,295.91,160,IBM
2025-11-20,9:35:01.926937992,T,295.51,40,296.19,40,IBM
2025-11-20,9:35:01.941141823,T,295.38,40,296.19,40,IBM
2025-11-20,9:35:01.943587816,T,295.51,40,296.19,40,IBM
2025-11-20,9:35:02.026735602,T,295.37,600,296.19,40,IBM
2025-11-20,9:35:02.027382069,T,295.51,40,296.19,40,IBM
2025-11-20,9:35:02.027407195,T,295.37,640,296.19,40,IBM
2025-11-20,9:35:02.027407195,T,295.7,40,296.19,40,IBM
2025-11-20,9:35:02.027632665,T,295.7,40,296.0,40,IBM
2025-11-20,9:35:02.027968501,T,295.51,40,296.0,40,IBM
2025-11-20,9:35:02.027998608,T,295.75,40,296.0,40,IBM
2025-11-20,9:35:02.028384516,T,295.75,40,296.2,160,IBM
2025-11-20,9:35:02.032584487,T,295.51,40,296.2,160,IBM
2025-11-20,9:35:02.033256131,T,295.51,40,296.34,40,IBM
2025-11-20,9:35:02.036488739,T,295.37,640,296.34,40,IBM
2025-11-20,9:35:02.037816916,T,295.37,600,296.34,40,IBM
2025-11-20,9:35:02.037877080,T,295.6,40,296.34,40,IBM
2025-11-20,9:35:02.038002470,T,295.52,40,296.34,40,IBM
2025-11-20,9:35:02.038694036,T,295.37,600,296.34,40,IBM
2025-11-20,9:35:02.038698997,T,295.6,40,296.34,40,IBM
2025-11-20,9:35:02.039225227,T,295.6,40,296.38,40,IBM
2025-11-20,9:35:02.142200447,T,295.37,600,296.38,40,IBM
2025-11-20,9:35:02.143588706,T,295.37,600,296.1,40,IBM
2025-11-20,9:35:02.857062250,T,295.37,640,296.1,40,IBM
2025-11-20,9:35:04.290630079,T,295.37,600,296.1,40,IBM
2025-11-20,9:35:05.246255111,T,295.6,40,296.1,40,IBM
2025-11-20,9:35:05.246460543,T,295.6,80,296.1,40,IBM
2025-11-20,9:35:05.246635986,T,295.6,120,296.1,40,IBM
2025-11-20,9:35:05.246706183,T,295.6,120,296.43,200,IBM
2025-11-20,9:35:05.352227439,T,295.6,80,296.43,200,IBM
2025-11-20,9:35:05.401875618,T,295.61,40,296.43,200,IBM
2025-11-20,9:35:05.402477086,T,295.6,40,296.43,200,IBM
2025-11-20,9:35:05.402687563,T,295.6,80,296.43,200,IBM
2025-11-20,9:35:06.266854979,T,295.6,40,296.43,200,IBM
2025-11-20,9:35:13.117889627,T,295.6,40,296.09,40,IBM
2025-11-20,9:35:13.350673863,T,295.6,40,296.43,200,IBM
2025-11-20,9:35:14.184343486,T,295.6,40,296.09,80,IBM
2025-11-20,9:35:15.253538769,T,295.6,40,296.09,200,IBM
2025-11-20,9:35:15.311596946,T,295.6,40,296.09,80,IBM
2025-11-20,9:35:15.622196408,T,295.6,40,295.97,40,IBM
2025-11-20,9:35:16.321155390,T,295.6,40,296.09,80,IBM
2025-11-20,9:35:17.541225037,T,295.78,40,296.09,80,IBM
2025-11-20,9:35:17.541480634,T,295.78,80,296.09,80,IBM
2025-11-20,9:35:17.541881623,T,295.78,80,296.43,200,IBM
2025-11-20,9:35:17.545690608,T,295.61,40,296.43,200,IBM
2025-11-20,9:35:17.546066571,T,295.61,80,296.43,200,IBM
2025-11-20,9:35:17.564435268,T,295.61,40,296.43,200,IBM
2025-11-20,9:35:17.564440280,T,295.78,40,296.43,200,IBM
2025-11-20,9:35:17.794954122,T,295.5,40,296.43,200,IBM
2025-11-20,9:35:19.223404658,T,295.76,40,296.43,200,IBM
2025-11-20,9:35:19.341210050,T,295.76,40,296.09,40,IBM
2025-11-20,9:35:21.310057220,T,295.76,40,296.09,80,IBM
2025-11-20,9:35:24.131513821,T,295.76,40,296.09,160,IBM
2025-11-20,9:35:24.294301376,T,295.76,40,296.09,80,IBM
2025-11-20,9:35:24.294331469,T,295.77,40,296.09,80,IBM
2025-11-20,9:35:24.307883693,T,295.77,40,296.09,40,IBM
2025-11-20,9:35:24.307888718,T,295.77,40,296.43,200,IBM
2025-11-20,9:35:24.307943909,T,295.78,40,296.43,200,IBM
2025-11-20,9:35:24.307994044,T,295.93,40,296.43,200,IBM
2025-11-20,9:35:24.308289759,T,295.93,40,296.22,40,IBM
2025-11-20,9:35:24.308314749,T,295.78,40,296.22,40,IBM
2025-11-20,9:35:24.308911247,T,295.76,40,296.22,40,IBM
2025-11-20,9:35:24.729312109,T,295.76,40,296.22,80,IBM
2025-11-20,9:35:24.781055351,T,295.76,40,296.22,40,IBM
2025-11-20,9:35:24.781080318,T,295.76,40,296.2,40,IBM
2025-11-20,9:35:26.841941570,T,295.76,40,296.22,40,IBM
2025-11-20,9:35:26.841961595,T,295.76,40,296.19,40,IBM
2025-11-20,9:35:27.551801564,T,295.76,40,296.1,40,IBM
2025-11-20,9:35:27.551846747,T,295.76,40,296.1,80,IBM
2025-11-20,9:35:28.291758075,T,295.76,40,296.1,160,IBM
2025-11-20,9:35:28.479164127,T,295.76,40,296.1,120,IBM
2025-11-20,9:35:28.479189240,T,295.76,40,296.09,40,IBM
2025-11-20,9:35:31.290697223,T,295.76,40,296.1,40,IBM
2025-11-20,9:35:31.290722306,T,295.76,40,295.99,40,IBM
2025-11-20,9:35:31.771602103,T,295.76,40,295.99,80,IBM
2025-11-20,9:35:31.771792505,T,295.76,40,295.99,40,IBM
2025-11-20,9:35:31.772008063,T,295.76,40,295.77,40,IBM
2025-11-20,9:35:31.772168472,T,295.76,40,295.99,40,IBM
2025-11-20,9:35:31.772248655,T,295.74,40,295.99,40,IBM
2025-11-20,9:35:31.772423979,T,295.74,40,295.76,40,IBM
2025-11-20,9:35:31.772509184,T,295.74,40,295.99,40,IBM
2025-11-20,9:35:31.772559340,T,295.74,40,295.76,40,IBM
2025-11-20,9:35:31.772609438,T,295.74,40,295.99,40,IBM
2025-11-20,9:35:31.775466266,T,295.74,40,295.99,80,IBM
2025-11-20,9:35:32.488368557,T,295.74,40,295.99,40,IBM
2025-11-20,9:35:33.005720259,T,295.74,40,295.99,120,IBM
2025-11-20,9:35:33.045875846,T,295.74,40,295.99,160,IBM
2025-11-20,9:35:34.390411888,T,295.74,40,295.98,40,IBM
2025-11-20,9:35:34.391353931,T,295.74,40,295.98,80,IBM
2025-11-20,9:35:34.392045562,T,295.74,40,295.98,40,IBM
2025-11-20,9:35:40.047072950,T,295.74,40,295.98,160,IBM
2025-11-20,9:35:40.506817519,T,295.74,40,295.98,40,IBM
2025-11-20,9:35:40.720536304,T,295.74,40,295.98,80,IBM
2025-11-20,9:35:40.767177316,T,295.74,40,295.98,200,IBM
2025-11-20,9:35:43.304066879,T,295.74,40,295.97,120,IBM
2025-11-20,9:35:43.305109282,T,295.74,40,295.97,160,IBM
2025-11-20,9:35:43.602677708,T,295.74,40,295.86,120,IBM
2025-11-20,9:35:43.603163854,T,295.63,120,295.86,120,IBM
2025-11-20,9:35:43.603173821,T,295.74,40,295.86,120,IBM
2025-11-20,9:35:43.603178907,T,295.63,120,295.86,120,IBM
2025-11-20,9:35:43.603183875,T,295.63,80,295.86,120,IBM
2025-11-20,9:35:43.603484578,T,295.63,80,295.86,160,IBM
2025-11-20,9:35:43.603920620,T,295.63,120,295.86,160,IBM
2025-11-20,9:35:43.603940618,T,295.63,80,295.86,160,IBM
2025-11-20,9:35:43.604396823,T,295.63,120,295.86,160,IBM
2025-11-20,9:35:43.604416836,T,295.63,80,295.86,160,IBM
2025-11-20,9:35:43.604422074,T,295.63,120,295.86,160,IBM
2025-11-20,9:35:43.605058321,T,295.63,160,295.86,160,IBM
2025-11-20,9:35:43.617593185,T,295.63,120,295.86,160,IBM
2025-11-20,9:35:44.236270919,T,295.63,120,295.86,120,IBM
2025-11-20,9:35:44.236290963,T,295.63,120,295.86,40,IBM
2025-11-20,9:35:44.236290963,T,295.63,120,295.97,40,IBM
2025-11-20,9:35:44.236316061,T,295.74,40,295.97,40,IBM
2025-11-20,9:35:44.236326143,T,295.74,80,295.97,40,IBM
2025-11-20,9:35:44.236336496,T,295.74,40,295.97,40,IBM
2025-11-20,9:35:44.236341155,T,295.8,40,295.97,40,IBM
2025-11-20,9:35:44.250850671,T,295.63,160,295.97,40,IBM
2025-11-20,9:35:44.253697466,T,295.63,120,295.97,40,IBM
2025-11-20,9:35:45.585257212,T,295.63,120,295.99,80,IBM
2025-11-20,9:35:45.757918217,T,295.63,120,296.04,40,IBM
2025-11-20,9:35:45.922139661,T,295.63,120,295.9,40,IBM
2025-11-20,9:35:45.922189386,T,295.63,80,295.9,40,IBM
2025-11-20,9:35:45.922194641,T,295.63,40,295.9,40,IBM
2025-11-20,9:35:45.922194641,T,295.6,80,295.9,40,IBM
2025-11-20,9:35:45.922229560,T,295.6,80,295.9,80,IBM
2025-11-20,9:35:45.922234883,T,295.6,80,295.9,120,IBM
2025-11-20,9:35:45.922294626,T,295.6,160,295.9,120,IBM
2025-11-20,9:35:45.922429891,T,295.6,120,295.9,120,IBM
2025-11-20,9:35:45.922434957,T,295.6,80,295.9,120,IBM
2025-11-20,9:35:45.922434957,T,295.5,80,295.9,120,IBM
2025-11-20,9:35:45.922449928,T,295.5,80,295.64,80,IBM
2025-11-20,9:35:45.922670505,T,295.5,80,295.8,360,IBM
2025-11-20,9:35:45.922681223,T,295.5,40,295.8,360,IBM
2025-11-20,9:35:45.922681223,T,295.37,600,295.8,360,IBM
2025-11-20,9:35:45.922690471,T,295.5,40,295.8,360,IBM
2025-11-20,9:35:45.922705552,T,295.37,600,295.8,360,IBM
2025-11-20,9:35:45.922705552,T,295.37,600,295.8,400,IBM
2025-11-20,9:35:45.922710601,T,295.5,40,295.8,400,IBM
2025-11-20,9:35:45.922730782,T,295.5,40,295.79,40,IBM
2025-11-20,9:35:45.922730782,T,295.5,40,295.65,40,IBM
2025-11-20,9:35:45.922755706,T,295.5,40,295.79,80,IBM
2025-11-20,9:35:45.922770704,T,295.5,40,295.79,120,IBM
2025-11-20,9:35:45.922785855,T,295.37,600,295.79,120,IBM
2025-11-20,9:35:45.922790803,T,295.5,40,295.79,120,IBM
2025-11-20,9:35:45.922810830,T,295.37,600,295.79,120,IBM
2025-11-20,9:35:45.922830909,T,295.37,600,295.64,40,IBM
2025-11-20,9:35:45.922840854,T,295.37,600,295.64,80,IBM
2025-11-20,9:35:45.922926139,T,295.37,720,295.64,80,IBM
2025-11-20,9:35:45.923066411,T,295.37,360,295.64,80,IBM
2025-11-20,9:35:45.923086441,T,295.37,440,295.64,80,IBM
2025-11-20,9:35:45.923092112,T,295.37,200,295.64,80,IBM
2025-11-20,9:35:45.923092112,T,295.37,160,295.64,80,IBM
2025-11-20,9:35:45.923092112,T,295.37,80,295.64,80,IBM
2025-11-20,9:35:45.923096465,T,295.2,240,295.64,80,IBM
2025-11-20,9:35:45.923106528,T,295.2,40,295.64,80,IBM
2025-11-20,9:35:45.923116608,T,295.2,40,295.37,80,IBM
2025-11-20,9:35:45.923141561,T,295.13,40,295.37,80,IBM
2025-11-20,9:35:45.923191836,T,295.13,40,295.57,40,IBM
2025-11-20,9:35:45.923301988,T,295.13,40,295.64,80,IBM
2025-11-20,9:35:45.923307249,T,295.13,40,295.56,40,IBM
2025-11-20,9:35:45.924033742,T,295.1,40,295.56,40,IBM
2025-11-20,9:35:45.924404721,T,295.14,40,295.56,40,IBM
2025-11-20,9:35:45.924449749,T,295.1,40,295.56,40,IBM
2025-11-20,9:35:45.924474956,T,295.1,40,295.56,80,IBM
2025-11-20,9:35:45.924474956,T,295.1,40,295.55,40,IBM
2025-11-20,9:35:45.924534941,T,295.1,40,295.47,40,IBM
2025-11-20,9:35:45.924549964,T,295.14,40,295.47,40,IBM
2025-11-20,9:35:45.924570618,T,295.14,40,295.55,40,IBM
2025-11-20,9:35:45.924590068,T,295.14,80,295.55,40,IBM
2025-11-20,9:35:45.924610124,T,295.14,80,295.56,80,IBM
2025-11-20,9:35:45.924680261,T,295.14,80,295.55,40,IBM
2025-11-20,9:35:45.972935133,T,295.14,80,295.56,80,IBM
2025-11-20,9:35:45.973145641,T,295.14,80,295.56,120,IBM
2025-11-20,9:35:46.023174775,T,295.14,80,295.56,80,IBM
2025-11-20,9:35:46.023440356,T,295.14,40,295.56,80,IBM
2025-11-20,9:35:46.023976717,T,295.14,40,295.56,200,IBM
2025-11-20,9:35:46.032597162,T,295.11,40,295.56,200,IBM
2025-11-20,9:35:46.054228647,T,295.0,40,295.56,200,IBM
2025-11-20,9:35:46.318517899,T,295.0,40,295.56,160,IBM
2025-11-20,9:35:46.516283662,T,295.0,40,295.55,120,IBM
2025-11-20,9:35:46.516789942,T,295.0,40,295.55,160,IBM
2025-11-20,9:35:48.126121202,T,295.0,40,295.55,40,IBM
2025-11-20,9:35:49.785055802,T,295.0,40,295.55,80,IBM
2025-11-20,9:35:50.121902602,T,295.2,40,295.55,80,IBM
2025-11-20,9:35:50.305123809,T,295.2,40,295.55,40,IBM
2025-11-20,9:35:50.306702557,T,295.2,40,295.8,400,IBM
2025-11-20,9:35:50.368730214,T,295.2,40,295.55,120,IBM
2025-11-20,9:35:50.422859027,T,295.2,40,295.8,400,IBM
2025-11-20,9:35:50.758257364,T,295.2,40,295.55,120,IBM
2025-11-20,9:35:51.087060192,T,295.2,40,295.8,400,IBM
2025-11-20,9:35:51.345319953,T,295.2,40,295.55,120,IBM
2025-11-20,9:35:51.766342376,T,295.2,40,295.8,400,IBM
2025-11-20,9:35:52.963322028,T,295.2,40,295.55,120,IBM
2025-11-20,9:35:53.400587856,T,295.2,40,295.8,400,IBM
2025-11-20,9:35:53.846293935,T,295.2,40,295.55,120,IBM
2025-11-20,9:35:54.023801470,T,295.2,40,295.8,400,IBM
2025-11-20,9:35:54.428063871,T,295.2,40,295.55,120,IBM
2025-11-20,9:35:54.703785320,T,295.2,40,295.8,400,IBM
2025-11-20,9:35:56.041334489,T,295.2,40,295.55,120,IBM
2025-11-20,9:35:56.100224742,T,295.2,40,295.8,400,IBM
2025-11-20,9:35:57.691598034,T,295.2,40,295.55,40,IBM
2025-11-20,9:35:57.899397782,T,295.2,40,295.55,160,IBM
2025-11-20,9:35:57.953967686,T,295.2,40,295.55,40,IBM
2025-11-20,9:36:01.319264412,T,295.2,40,295.8,400,IBM
2025-11-20,9:36:02.649812017,T,295.2,40,295.6,40,IBM
2025-11-20,9:36:03.323034535,T,295.2,40,295.55,40,IBM
2025-11-20,9:36:06.121446538,T,295.2,40,295.6,40,IBM
2025-11-20,9:36:06.298307618,T,295.37,40,295.6,40,IBM
2025-11-20,9:36:06.298798694,T,295.37,40,295.8,400,IBM
2025-11-20,9:36:06.298828777,T,295.41,40,295.8,400,IBM
2025-11-20,9:36:06.299415227,T,295.21,80,295.8,400,IBM
2025-11-20,9:36:06.300091860,T,295.21,80,295.8,440,IBM
2025-11-20,9:36:06.302953651,T,295.4,40,295.8,440,IBM
2025-11-20,9:36:06.302953651,T,295.42,40,295.8,440,IBM
2025-11-20,9:36:06.303429803,T,295.42,40,295.8,520,IBM
2025-11-20,9:36:06.308211091,T,295.21,80,295.8,520,IBM
2025-11-20,9:36:06.368810394,T,295.21,40,295.8,520,IBM
2025-11-20,9:36:06.398335690,T,295.2,40,295.8,520,IBM
2025-11-20,9:36:06.739197135,T,295.33,40,295.8,520,IBM
2025-11-20,9:36:07.348823521,T,295.33,40,295.8,480,IBM
2025-11-20,9:36:07.738390907,T,295.2,40,295.8,480,IBM
2025-11-20,9:36:07.739398380,T,295.33,40,295.8,480,IBM
2025-11-20,9:36:08.131226159,T,295.33,40,295.67,40,IBM
2025-11-20,9:36:08.252093987,T,295.33,40,295.8,480,IBM
2025-11-20,9:36:08.252123909,T,295.51,40,295.8,480,IBM
2025-11-20,9:36:08.252429750,T,295.51,40,295.8,440,IBM
2025-11-20,9:36:08.252915862,T,295.51,40,295.79,40,IBM
2025-11-20,9:36:08.252930905,T,295.37,40,295.79,40,IBM
2025-11-20,9:36:08.253532263,T,295.49,40,295.79,40,IBM
2025-11-20,9:36:08.256624692,T,295.33,40,295.79,40,IBM
2025-11-20,9:36:08.649890906,T,295.33,40,295.79,160,IBM
2025-11-20,9:36:08.942352087,T,295.33,40,295.79,40,IBM
2025-11-20,9:36:09.197459499,T,295.33,40,295.79,160,IBM
2025-11-20,9:36:09.279524804,T,295.33,40,295.79,40,IBM
2025-11-20,9:36:09.551437284,T,295.33,40,295.79,160,IBM
2025-11-20,9:36:10.211463436,T,295.33,40,295.79,40,IBM
2025-11-20,9:36:10.500596840,T,295.33,40,295.79,160,IBM
2025-11-20,9:36:10.737435481,T,295.33,40,295.79,40,IBM
2025-11-20,9:36:11.148774758,T,295.33,40,295.79,160,IBM
2025-11-20,9:36:12.117951966,T,295.33,40,295.79,120,IBM
2025-11-20,9:36:12.117951966,T,295.33,40,295.79,80,IBM
2025-11-20,9:36:12.117956991,T,295.45,40,295.79,80,IBM
2025-11-20,9:36:12.117956991,T,295.45,40,295.8,360,IBM
2025-11-20,9:36:12.117977361,T,295.78,80,295.8,360,IBM
2025-11-20,9:36:12.117997307,T,295.78,80,295.8,240,IBM
2025-11-20,9:36:12.117997307,T,295.62,40,295.8,240,IBM
2025-11-20,9:36:12.117997307,T,295.62,40,295.8,120,IBM
2025-11-20,9:36:12.118017554,T,295.62,40,295.94,40,IBM
2025-11-20,9:36:12.118022200,T,295.46,40,295.94,40,IBM
2025-11-20,9:36:12.118047240,T,295.62,40,295.94,40,IBM
2025-11-20,9:36:12.118057241,T,295.62,40,295.99,40,IBM
2025-11-20,9:36:12.118207622,T,295.67,40,295.99,40,IBM
2025-11-20,9:36:12.118252660,T,295.67,80,295.99,40,IBM
2025-11-20,9:36:12.118548470,T,295.67,40,295.99,40,IBM
2025-11-20,9:36:12.118623648,T,295.62,40,295.99,40,IBM
2025-11-20,9:36:12.118688953,T,295.62,40,295.8,160,IBM
2025-11-20,9:36:12.118713806,T,295.62,40,295.99,40,IBM
2025-11-20,9:36:12.118733862,T,295.67,40,295.99,40,IBM
2025-11-20,9:36:12.118758859,T,295.62,40,295.99,40,IBM
2025-11-20,9:36:12.118779132,T,295.66,40,295.99,40,IBM
2025-11-20,9:36:12.118819072,T,295.62,40,295.99,40,IBM
2025-11-20,9:36:12.118849154,T,295.62,80,295.99,40,IBM
2025-11-20,9:36:12.118999506,T,295.66,40,295.99,40,IBM
2025-11-20,9:36:12.119520744,T,295.66,40,295.88,120,IBM
2025-11-20,9:36:12.222340461,T,295.43,40,295.88,120,IBM
2025-11-20,9:36:12.256386558,T,295.43,40,295.99,40,IBM
2025-11-20,9:36:12.256411658,T,295.87,80,295.99,40,IBM
2025-11-20,9:36:12.256441737,T,295.67,40,295.99,40,IBM
2025-11-20,9:36:12.256461802,T,295.43,40,295.99,40,IBM
2025-11-20,9:36:12.256491761,T,295.67,40,295.99,40,IBM
2025-11-20,9:36:12.256521966,T,295.67,80,295.99,40,IBM
2025-11-20,9:36:12.256526901,T,295.67,80,295.88,80,IBM
2025-11-20,9:36:12.256556913,T,295.67,80,295.99,40,IBM
2025-11-20,9:36:12.256577056,T,295.72,40,295.99,40,IBM
2025-11-20,9:36:12.256602051,T,295.67,80,295.99,40,IBM
2025-11-20,9:36:12.256822642,T,295.76,40,295.99,40,IBM
2025-11-20,9:36:12.257008139,T,295.76,40,296.09,40,IBM
2025-11-20,9:36:12.257243642,T,295.76,40,295.99,40,IBM
2025-11-20,9:36:12.261007595,T,295.67,80,295.99,40,IBM
2025-11-20,9:36:12.264736457,T,295.67,40,295.99,40,IBM
2025-11-20,9:36:12.550095795,T,295.43,40,295.99,40,IBM
2025-11-20,9:36:12.550216075,T,295.43,40,296.09,40,IBM
2025-11-20,9:36:12.865817497,T,295.76,40,296.09,40,IBM
2025-11-20,9:36:12.865822556,T,295.84,40,296.09,40,IBM
2025-11-20,9:36:12.866068108,T,295.84,40,295.99,40,IBM
2025-11-20,9:36:12.866088473,T,295.71,40,295.99,40,IBM
2025-11-20,9:36:12.866098170,T,295.71,40,296.09,40,IBM
2025-11-20,9:36:12.866128252,T,295.7,40,296.09,40,IBM
2025-11-20,9:36:12.866464032,T,295.43,40,296.09,40,IBM
2025-11-20,9:36:13.108174459,T,295.72,40,296.09,40,IBM
2025-11-20,9:36:14.502674118,T,295.72,40,296.0,80,IBM
2025-11-20,9:36:15.136132066,T,295.72,40,296.0,200,IBM
2025-11-20,9:36:15.210905147,T,295.72,40,296.0,80,IBM
2025-11-20,9:36:15.726181862,T,295.72,40,296.0,200,IBM
2025-11-20,9:36:15.785979424,T,295.72,40,296.0,80,IBM
2025-11-20,9:36:16.039998969,T,295.72,40,295.99,120,IBM
2025-11-20,9:36:16.645079541,T,295.72,40,295.8,40,IBM
2025-11-20,9:36:16.645104604,T,295.72,40,295.99,120,IBM
2025-11-20,9:36:16.645310198,T,295.72,40,295.98,40,IBM
2025-11-20,9:36:16.645325234,T,295.43,40,295.98,40,IBM
2025-11-20,9:36:16.645540667,T,295.43,40,295.99,160,IBM
2025-11-20,9:36:16.645575837,T,295.43,40,295.98,40,IBM
2025-11-20,9:36:16.645590869,T,295.61,40,295.98,40,IBM
2025-11-20,9:36:16.645645984,T,295.61,40,295.98,160,IBM
2025-11-20,9:36:16.645650928,T,295.61,40,295.98,200,IBM
2025-11-20,9:36:16.645676483,T,295.5,40,295.98,200,IBM
2025-11-20,9:36:16.645681072,T,295.44,40,295.98,200,IBM
2025-11-20,9:36:16.645711082,T,295.72,40,295.98,200,IBM
2025-11-20,9:36:16.645711082,T,295.72,40,295.85,40,IBM
2025-11-20,9:36:16.645731218,T,295.44,40,295.85,40,IBM
2025-11-20,9:36:16.645766408,T,295.44,40,295.88,40,IBM
2025-11-20,9:36:16.645821382,T,295.44,40,295.85,40,IBM
2025-11-20,9:36:16.645871573,T,295.44,40,295.88,40,IBM
2025-11-20,9:36:16.645871573,T,295.5,40,295.88,40,IBM
2025-11-20,9:36:16.645971758,T,295.44,40,295.88,40,IBM
2025-11-20,9:36:16.645996759,T,295.44,40,295.8,40,IBM
2025-11-20,9:36:16.646061924,T,295.44,40,295.88,40,IBM
2025-11-20,9:36:16.646202257,T,295.44,40,295.98,160,IBM
2025-11-20,9:36:16.646287683,T,295.5,40,295.98,160,IBM
2025-11-20,9:36:16.646327536,T,295.56,40,295.98,160,IBM
2025-11-20,9:36:16.646412926,T,295.51,40,295.98,160,IBM
2025-11-20,9:36:16.646443182,T,295.5,40,295.98,160,IBM
2025-11-20,9:36:16.646467868,T,295.5,40,295.98,200,IBM
2025-11-20,9:36:16.646523068,T,295.5,40,295.97,40,IBM
2025-11-20,9:36:16.646538119,T,295.5,40,295.87,40,IBM
2025-11-20,9:36:16.646543290,T,295.44,40,295.87,40,IBM
2025-11-20,9:36:16.646548451,T,295.44,40,295.76,40,IBM
2025-11-20,9:36:16.646563125,T,295.43,40,295.76,40,IBM
2025-11-20,9:36:16.646673479,T,295.44,40,295.76,40,IBM
2025-11-20,9:36:16.646688469,T,295.44,40,295.97,40,IBM
2025-11-20,9:36:16.646723462,T,295.44,40,295.94,40,IBM
2025-11-20,9:36:16.646738566,T,295.52,40,295.94,40,IBM
2025-11-20,9:36:16.646798607,T,295.58,40,295.94,40,IBM
2025-11-20,9:36:16.646969069,T,295.58,40,295.94,80,IBM
2025-11-20,9:36:16.647004182,T,295.52,40,295.94,80,IBM
2025-11-20,9:36:16.647034200,T,295.52,40,295.85,40,IBM
2025-11-20,9:36:16.647049249,T,295.44,40,295.85,40,IBM
2025-11-20,9:36:16.648237085,T,295.44,40,295.85,80,IBM
2025-11-20,9:36:16.649665507,T,295.43,40,295.85,80,IBM
2025-11-20,9:36:16.649760765,T,295.34,80,295.85,80,IBM
2025-11-20,9:36:16.650873368,T,295.72,40,295.85,80,IBM
2025-11-20,9:36:16.667031862,T,295.72,40,295.85,40,IBM
2025-11-20,9:36:16.922535081,T,295.72,40,295.85,160,IBM
2025-11-20,9:36:16.922560107,T,295.68,40,295.85,160,IBM
2025-11-20,9:36:17.222574323,T,295.68,40,295.84,120,IBM
2025-11-20,9:36:17.303837771,T,295.68,40,295.85,40,IBM
2025-11-20,9:36:17.668676193,T,295.68,40,295.84,120,IBM
2025-11-20,9:36:17.896152743,T,295.68,40,295.85,40,IBM
2025-11-20,9:36:18.046881499,T,295.68,40,296.0,120,IBM
2025-11-20,9:36:18.267842491,T,295.68,40,296.0,200,IBM
2025-11-20,9:36:18.520198238,T,295.68,40,295.99,120,IBM
2025-11-20,9:36:18.531284622,T,295.34,40,295.99,120,IBM
2025-11-20,9:36:18.571525457,T,295.34,40,296.0,200,IBM
2025-11-20,9:36:19.078843216,T,295.74,40,296.0,200,IBM
2025-11-20,9:36:20.220686684,T,295.74,40,296.0,160,IBM
2025-11-20,9:36:21.029918208,T,295.74,40,296.0,80,IBM
2025-11-20,9:36:21.030123707,T,295.74,80,296.0,80,IBM
2025-11-20,9:36:21.030133707,T,295.74,120,296.0,80,IBM
2025-11-20,9:36:21.394280584,T,295.74,120,296.09,40,IBM
2025-11-20,9:36:21.433358570,T,295.74,160,296.09,40,IBM
2025-11-20,9:36:21.433509031,T,295.78,40,296.09,40,IBM
2025-11-20,9:36:21.433509031,T,295.79,40,296.09,40,IBM
2025-11-20,9:36:21.433694373,T,295.79,40,296.19,40,IBM
2025-11-20,9:36:21.434295815,T,295.88,40,296.19,40,IBM
2025-11-20,9:36:21.434346004,T,295.89,40,296.19,40,IBM
2025-11-20,9:36:21.434361044,T,295.91,40,296.19,40,IBM
2025-11-20,9:36:21.434451217,T,295.91,40,296.24,200,IBM
2025-11-20,9:36:21.440064536,T,295.91,40,296.49,40,IBM
2025-11-20,9:36:21.450935640,T,295.89,80,296.49,40,IBM
2025-11-20,9:36:21.451717310,T,295.89,120,296.49,40,IBM
2025-11-20,9:36:21.451727300,T,295.89,160,296.49,40,IBM
2025-11-20,9:36:21.451732347,T,295.89,200,296.49,40,IBM
2025-11-20,9:36:21.534429177,T,295.89,160,296.49,40,IBM
2025-11-20,9:36:21.677745366,T,295.89,160,296.17,200,IBM
2025-11-20,9:36:21.677750373,T,295.89,120,296.17,200,IBM
2025-11-20,9:36:22.007360302,T,295.89,120,296.49,40,IBM
2025-11-20,9:36:22.007385260,T,296.03,40,296.49,40,IBM
2025-11-20,9:36:22.008151892,T,296.03,40,296.21,40,IBM
2025-11-20,9:36:22.008166886,T,295.9,40,296.21,40,IBM
2025-11-20,9:36:22.009279544,T,295.9,40,296.49,40,IBM
2025-11-20,9:36:22.009299648,T,295.95,40,296.49,40,IBM
2025-11-20,9:36:22.009414904,T,296.04,40,296.49,40,IBM
2025-11-20,9:36:22.009560223,T,296.04,40,296.49,80,IBM
2025-11-20,9:36:22.011930929,T,295.95,40,296.49,80,IBM
2025-11-20,9:36:22.013424443,T,295.9,40,296.49,80,IBM
2025-11-20,9:36:22.014782636,T,295.87,40,296.49,80,IBM
2025-11-20,9:36:22.014782636,T,295.87,40,296.49,40,IBM
2025-11-20,9:36:22.014807723,T,295.87,40,296.33,40,IBM
2025-11-20,9:36:22.048939015,T,296.09,40,296.33,40,IBM
2025-11-20,9:36:22.049360013,T,296.09,80,296.33,40,IBM
2025-11-20,9:36:22.433920441,T,296.09,80,296.52,200,IBM
2025-11-20,9:36:22.433945532,T,296.09,80,296.22,40,IBM
2025-11-20,9:36:22.434366536,T,296.09,120,296.22,40,IBM
2025-11-20,9:36:23.132358188,T,296.09,80,296.22,40,IBM
2025-11-20,9:36:23.132358188,T,296.09,40,296.22,40,IBM
2025-11-20,9:36:23.132358188,T,295.64,80,296.22,40,IBM
2025-11-20,9:36:23.132393438,T,295.64,80,296.22,80,IBM
2025-11-20,9:36:23.132393438,T,295.64,80,296.22,40,IBM
2025-11-20,9:36:23.132403363,T,295.64,80,296.22,80,IBM
2025-11-20,9:36:23.132418559,T,295.64,80,296.09,40,IBM
2025-11-20,9:36:23.175596137,T,295.64,80,296.09,80,IBM
2025-11-20,9:36:23.176122404,T,295.64,80,296.09,120,IBM
2025-11-20,9:36:23.275584278,T,295.64,80,296.09,80,IBM
2025-11-20,9:36:24.738331380,T,295.85,40,296.09,80,IBM
2025-11-20,9:36:25.392919669,T,295.85,40,296.09,160,IBM
2025-11-20,9:36:25.478247802,T,295.85,40,296.09,80,IBM
2025-11-20,9:36:26.651340540,T,295.85,40,296.09,40,IBM
2025-11-20,9:36:26.651340540,T,295.85,40,296.52,200,IBM
2025-11-20,9:36:26.651370543,T,295.87,40,296.52,200,IBM
2025-11-20,9:36:26.651380551,T,295.88,40,296.52,200,IBM
2025-11-20,9:36:26.652162445,T,295.88,40,296.14,40,IBM
2025-11-20,9:36:26.652182862,T,295.87,80,296.14,40,IBM
2025-11-20,9:36:26.652182862,T,295.87,80,296.52,200,IBM
2025-11-20,9:36:26.652207552,T,295.88,40,296.52,200,IBM
2025-11-20,9:36:26.652217584,T,295.89,40,296.52,200,IBM
2025-11-20,9:36:26.652252690,T,295.89,80,296.52,200,IBM
2025-11-20,9:36:26.652277763,T,295.89,40,296.52,200,IBM
2025-11-20,9:36:26.652312750,T,295.89,80,296.52,200,IBM
2025-11-20,9:36:26.652433301,T,295.92,40,296.52,200,IBM
2025-11-20,9:36:26.652458193,T,295.89,40,296.52,200,IBM
2025-11-20,9:36:26.652468227,T,295.98,40,296.52,200,IBM
2025-11-20,9:36:26.655525426,T,295.89,80,296.52,200,IBM
2025-11-20,9:36:26.660537403,T,295.89,40,296.52,200,IBM
2025-11-20,9:36:26.752391014,T,295.85,40,296.52,200,IBM
2025-11-20,9:36:26.825154225,T,295.85,40,296.41,40,IBM
2025-11-20,9:36:27.651767163,T,295.85,40,296.4,80,IBM
2025-11-20,9:36:27.674025104,T,296.0,40,296.4,80,IBM
2025-11-20,9:36:29.386652257,T,296.0,80,296.4,80,IBM
2025-11-20,9:36:29.408749863,T,296.0,40,296.4,80,IBM
2025-11-20,9:36:29.408945379,T,296.01,40,296.4,80,IBM
2025-11-20,9:36:29.477227952,T,296.01,40,296.4,160,IBM
2025-11-20,9:36:29.488920783,T,296.0,40,296.4,160,IBM
2025-11-20,9:36:33.719853098,T,296.0,40,296.4,120,IBM
2025-11-20,9:36:34.145551682,T,296.0,40,296.4,160,IBM
2025-11-20,9:36:35.529726828,T,296.0,40,296.39,40,IBM
2025-11-20,9:36:35.529752209,T,296.0,40,296.4,160,IBM
2025-11-20,9:36:35.529756865,T,296.0,40,296.28,40,IBM
2025-11-20,9:36:35.529766919,T,296.0,40,296.27,40,IBM
2025-11-20,9:36:35.561362117,T,296.0,40,296.27,80,IBM
2025-11-20,9:36:35.630070739,T,296.0,40,296.27,40,IBM
2025-11-20,9:36:36.335956088,T,296.0,40,296.27,80,IBM
2025-11-20,9:36:40.583908823,T,296.0,40,296.27,40,IBM
2025-11-20,9:36:40.583908823,T,296.0,40,296.4,80,IBM
2025-11-20,9:36:40.583933942,T,296.13,40,296.4,80,IBM
2025-11-20,9:36:40.586234375,T,296.13,40,296.4,120,IBM
2025-11-20,9:36:40.592008147,T,296.07,40,296.4,120,IBM
2025-11-20,9:36:40.598468508,T,296.0,40,296.4,120,IBM
2025-11-20,9:36:40.830089868,T,296.0,40,296.4,160,IBM
2025-11-20,9:36:41.133221524,T,296.0,40,296.4,120,IBM
2025-11-20,9:36:41.155910467,T,296.0,40,296.4,80,IBM
2025-11-20,9:36:41.166711259,T,296.11,40,296.4,80,IBM
2025-11-20,9:36:41.181240777,T,296.0,40,296.4,80,IBM
2025-11-20,9:36:41.584335484,T,296.0,40,296.4,120,IBM
2025-11-20,9:36:41.586415344,T,296.0,40,296.4,160,IBM
2025-11-20,9:36:42.186639333,T,295.96,120,296.4,160,IBM
2025-11-20,9:36:43.420692069,T,296.29,200,296.4,160,IBM
2025-11-20,9:36:46.835722107,T,296.29,200,296.4,80,IBM
2025-11-20,9:36:46.852948058,T,296.29,200,296.4,40,IBM
2025-11-20,9:36:46.852953093,T,296.29,200,296.41,40,IBM
2025-11-20,9:36:46.852958426,T,296.29,200,296.7,200,IBM
2025-11-20,9:36:46.852968168,T,296.29,200,296.41,40,IBM
2025-11-20,9:36:46.852993200,T,296.29,240,296.41,40,IBM
2025-11-20,9:36:46.853168654,T,296.29,240,296.7,200,IBM
2025-11-20,9:36:46.853885292,T,296.34,40,296.7,200,IBM
2025-11-20,9:36:46.853970545,T,296.29,240,296.7,200,IBM
2025-11-20,9:36:46.853970545,T,296.29,240,296.5,80,IBM
2025-11-20,9:36:46.854085908,T,296.29,240,296.7,200,IBM
2025-11-20,9:36:46.854150979,T,296.29,200,296.7,200,IBM
2025-11-20,9:36:46.854196301,T,296.29,200,296.69,40,IBM
2025-11-20,9:36:46.857919871,T,296.29,200,296.5,40,IBM
2025-11-20,9:36:46.860315669,T,296.29,200,296.69,40,IBM
2025-11-20,9:36:46.904520804,T,296.29,200,296.5,40,IBM
2025-11-20,9:36:46.955602472,T,296.29,200,296.7,200,IBM
2025-11-20,9:36:47.292755163,T,295.95,40,296.7,200,IBM
2025-11-20,9:36:47.330399721,T,295.95,40,296.43,40,IBM
2025-11-20,9:36:48.739479345,T,295.95,40,296.7,200,IBM
2025-11-20,9:36:48.739524450,T,295.95,80,296.7,200,IBM
2025-11-20,9:36:48.740281364,T,295.95,80,296.47,40,IBM
2025-11-20,9:36:48.740296303,T,295.95,40,296.47,40,IBM
2025-11-20,9:36:48.740306312,T,295.95,40,296.7,200,IBM
2025-11-20,9:36:48.740396548,T,295.95,80,296.7,200,IBM
2025-11-20,9:36:48.741033055,T,296.42,40,296.7,200,IBM
2025-11-20,9:36:48.741564386,T,295.95,40,296.7,200,IBM
2025-11-20,9:36:48.745012516,T,295.95,40,296.7,40,IBM
2025-11-20,9:36:49.739911017,T,295.95,40,296.7,80,IBM
2025-11-20,9:36:50.842896707,T,296.35,40,296.7,80,IBM
2025-11-20,9:36:51.000126044,T,296.35,40,296.6,80,IBM
2025-11-20,9:36:51.000887853,T,296.35,40,296.6,120,IBM
2025-11-20,9:36:51.551618983,T,296.35,40,296.6,40,IBM
2025-11-20,9:36:51.858825269,T,296.35,40,296.6,80,IBM
2025-11-20,9:36:51.920837898,T,296.35,40,296.6,40,IBM
2025-11-20,9:36:52.731001712,T,296.35,40,296.6,80,IBM
2025-11-20,9:36:53.796954208,T,296.35,40,296.6,40,IBM
2025-11-20,9:36:53.796954208,T,296.35,40,296.97,200,IBM
2025-11-20,9:36:53.796979245,T,296.45,40,296.97,200,IBM
2025-11-20,9:36:53.796989309,T,296.45,80,296.97,200,IBM
2025-11-20,9:36:53.797059441,T,296.47,40,296.97,200,IBM
2025-11-20,9:36:53.797264936,T,296.47,80,296.97,200,IBM
2025-11-20,9:36:53.797264936,T,296.48,40,296.97,200,IBM
2025-11-20,9:36:53.797310040,T,296.48,80,296.97,200,IBM
2025-11-20,9:36:53.797330129,T,296.48,80,296.8,40,IBM
2025-11-20,9:36:53.797435405,T,296.48,40,296.8,40,IBM
2025-11-20,9:36:53.817312717,T,296.48,40,296.97,200,IBM
2025-11-20,9:36:53.966492794,T,296.48,40,296.87,40,IBM
2025-11-20,9:36:54.042934729,T,296.17,40,296.87,40,IBM
2025-11-20,9:36:54.221374652,T,296.46,40,296.87,40,IBM
2025-11-20,9:36:54.680171863,T,296.5,120,296.87,40,IBM
2025-11-20,9:36:54.697046963,T,296.51,40,296.87,40,IBM
2025-11-20,9:36:54.797385831,T,296.51,40,296.87,80,IBM
2025-11-20,9:36:54.797410942,T,296.5,120,296.87,80,IBM
2025-11-20,9:36:55.413171855,T,296.5,120,296.87,120,IBM
2025-11-20,9:36:55.413953814,T,296.5,120,296.87,80,IBM
2025-11-20,9:36:55.414109091,T,296.5,120,296.83,80,IBM
2025-11-20,9:36:55.420624563,T,296.5,120,296.82,80,IBM
2025-11-20,9:36:55.551977267,T,296.5,120,296.69,80,IBM
2025-11-20,9:36:55.553225251,T,296.5,120,296.69,120,IBM
2025-11-20,9:36:55.553300366,T,296.5,120,296.69,160,IBM
2025-11-20,9:36:55.627712637,T,296.5,120,296.69,80,IBM
2025-11-20,9:36:55.627732755,T,296.5,120,296.69,40,IBM
2025-11-20,9:36:55.627737623,T,296.5,120,296.97,200,IBM
2025-11-20,9:36:55.627757930,T,296.51,40,296.97,200,IBM
2025-11-20,9:36:55.627762658,T,296.52,40,296.97,200,IBM
2025-11-20,9:36:55.627792763,T,296.6,40,296.97,200,IBM
2025-11-20,9:36:55.628379150,T,296.6,40,296.97,40,IBM
2025-11-20,9:36:55.642317292,T,296.5,120,296.97,40,IBM
2025-11-20,9:36:56.628209455,T,296.5,120,297.0,80,IBM
2025-11-20,9:36:59.216075046,T,296.5,120,296.82,40,IBM
2025-11-20,9:37:02.045370526,T,296.59,40,296.82,40,IBM
2025-11-20,9:37:02.055494653,T,296.59,80,296.82,40,IBM
2025-11-20,9:37:02.097690117,T,296.62,40,296.82,40,IBM
2025-11-20,9:37:02.112259804,T,296.59,80,296.82,40,IBM
2025-11-20,9:37:02.202198866,T,296.59,40,296.82,40,IBM
2025-11-20,9:37:02.212438258,T,296.5,120,296.82,40,IBM
2025-11-20,9:37:03.738436100,T,296.55,40,296.82,40,IBM
2025-11-20,9:37:04.631261589,T,296.55,40,297.0,40,IBM
2025-11-20,9:37:04.631281616,T,296.61,40,297.0,40,IBM
2025-11-20,9:37:04.631296598,T,296.62,40,297.0,40,IBM
2025-11-20,9:37:04.631311731,T,296.62,80,297.0,40,IBM
2025-11-20,9:37:04.631316640,T,296.66,40,297.0,40,IBM
2025-11-20,9:37:04.632048385,T,296.62,80,297.0,40,IBM
2025-11-20,9:37:04.632083483,T,296.66,40,297.0,40,IBM
2025-11-20,9:37:04.632088528,T,296.67,40,297.0,40,IBM
2025-11-20,9:37:04.632103535,T,296.75,40,297.0,40,IBM
2025-11-20,9:37:04.633867745,T,296.67,40,297.0,40,IBM
2025-11-20,9:37:04.634880144,T,296.77,40,297.0,40,IBM
2025-11-20,9:37:04.639025071,T,296.77,40,297.16,240,IBM
2025-11-20,9:37:04.639230568,T,296.77,40,297.16,40,IBM
2025-11-20,9:37:04.639255641,T,296.77,40,297.27,40,IBM
2025-11-20,9:37:04.641611169,T,296.67,40,297.27,40,IBM
2025-11-20,9:37:04.649028858,T,296.62,40,297.27,40,IBM
2025-11-20,9:37:04.653098564,T,296.67,40,297.27,40,IBM
2025-11-20,9:37:04.654567002,T,296.77,40,297.27,40,IBM
2025-11-20,9:37:04.654927940,T,296.82,40,297.27,40,IBM
2025-11-20,9:37:04.655043437,T,296.77,80,297.27,40,IBM
2025-11-20,9:37:04.655153489,T,296.77,80,297.17,40,IBM
2025-11-20,9:37:04.655178471,T,296.77,40,297.17,40,IBM
2025-11-20,9:37:04.659734362,T,296.88,40,297.17,40,IBM
2025-11-20,9:37:04.660586383,T,296.77,40,297.17,40,IBM
2025-11-20,9:37:04.665287564,T,296.67,40,297.17,40,IBM
2025-11-20,9:37:04.670053952,T,296.62,40,297.17,40,IBM
2025-11-20,9:37:04.710269664,T,296.77,40,297.17,40,IBM
2025-11-20,9:37:04.776788065,T,296.61,40,297.17,40,IBM
2025-11-20,9:37:05.632485283,T,296.61,40,297.17,120,IBM
2025-11-20,9:37:06.820293062,T,296.78,40,297.17,120,IBM
2025-11-20,9:37:06.830793059,T,296.78,80,297.17,120,IBM
2025-11-20,9:37:06.830813138,T,296.93,40,297.17,120,IBM
2025-11-20,9:37:06.831815447,T,296.61,40,297.17,120,IBM
2025-11-20,9:37:06.832527181,T,296.93,40,297.17,120,IBM
2025-11-20,9:37:06.887463118,T,296.93,40,297.17,80,IBM
2025-11-20,9:37:06.887467915,T,296.93,40,297.35,160,IBM
2025-11-20,9:37:06.887503098,T,296.94,40,297.35,160,IBM
2025-11-20,9:37:06.887513109,T,296.96,40,297.35,160,IBM
2025-11-20,9:37:06.887543265,T,296.99,40,297.35,160,IBM
2025-11-20,9:37:06.890820949,T,296.99,40,297.68,40,IBM
2025-11-20,9:37:06.890830992,T,296.99,40,297.65,200,IBM
2025-11-20,9:37:06.890951225,T,296.99,80,297.65,200,IBM
2025-11-20,9:37:06.891267019,T,297.06,40,297.65,200,IBM
2025-11-20,9:37:06.891492573,T,297.06,80,297.65,200,IBM
2025-11-20,9:37:06.905019715,T,297.06,40,297.65,200,IBM
2025-11-20,9:37:06.928615942,T,297.06,40,297.4,40,IBM
2025-11-20,9:37:06.988052424,T,297.06,40,297.4,80,IBM
2025-11-20,9:37:06.988669281,T,296.61,40,297.4,80,IBM
2025-11-20,9:37:06.988693921,T,296.61,40,297.23,40,IBM
2025-11-20,9:37:06.988739046,T,296.61,40,297.23,80,IBM
2025-11-20,9:37:06.999970833,T,296.61,40,297.23,120,IBM
2025-11-20,9:37:07.003228580,T,296.61,40,297.23,80,IBM
2025-11-20,9:37:07.295499401,T,296.97,40,297.23,80,IBM
2025-11-20,9:37:08.011383492,T,296.97,40,297.23,40,IBM
2025-11-20,9:37:08.011403553,T,297.06,40,297.23,40,IBM
2025-11-20,9:37:08.028358972,T,296.97,40,297.23,40,IBM
2025-11-20,9:37:08.234514689,T,296.97,40,297.57,40,IBM
2025-11-20,9:37:08.234564812,T,296.98,40,297.57,40,IBM
2025-11-20,9:37:08.249099383,T,296.97,40,297.57,40,IBM
2025-11-20,9:37:08.547755413,T,296.97,40,297.4,120,IBM
2025-11-20,9:37:08.614830076,T,296.97,40,297.65,240,IBM
2025-11-20,9:37:09.234981465,T,296.97,40,297.45,80,IBM
2025-11-20,9:37:09.484004290,T,296.97,40,297.45,120,IBM
2025-11-20,9:37:11.206946097,T,296.97,40,297.4,80,IBM
2025-11-20,9:37:11.207703052,T,296.97,40,297.4,120,IBM
2025-11-20,9:37:11.455212083,T,296.97,40,297.4,80,IBM
2025-11-20,9:37:11.455252262,T,297.11,40,297.4,80,IBM
2025-11-20,9:37:11.455307399,T,297.11,40,297.4,40,IBM
2025-11-20,9:37:11.455307399,T,297.11,40,297.45,40,IBM
2025-11-20,9:37:11.455332368,T,297.25,40,297.45,40,IBM
2025-11-20,9:37:11.455688231,T,297.25,40,297.65,240,IBM
2025-11-20,9:37:11.455798541,T,297.3,40,297.65,240,IBM
2025-11-20,9:37:11.456184396,T,297.3,40,297.65,40,IBM
2025-11-20,9:37:11.460990898,T,297.3,40,297.45,40,IBM
2025-11-20,9:37:11.461011061,T,297.3,40,297.65,40,IBM
2025-11-20,9:37:11.461011061,T,297.3,40,297.83,40,IBM
2025-11-20,9:37:11.461015995,T,297.12,40,297.83,40,IBM
2025-11-20,9:37:11.461031030,T,297.26,40,297.83,40,IBM
2025-11-20,9:37:11.461045984,T,297.26,40,297.65,40,IBM
2025-11-20,9:37:11.461051006,T,297.12,40,297.65,40,IBM
2025-11-20,9:37:11.461081161,T,297.12,40,297.6,40,IBM
2025-11-20,9:37:11.461256510,T,297.26,40,297.6,40,IBM
2025-11-20,9:37:11.462409259,T,297.12,40,297.6,40,IBM
2025-11-20,9:37:11.491588702,T,297.12,40,297.5,40,IBM
2025-11-20,9:37:11.555345511,T,296.83,40,297.5,40,IBM
2025-11-20,9:37:11.555736456,T,296.69,40,297.5,40,IBM
2025-11-20,9:37:12.738892906,T,297.32,40,297.5,40,IBM
2025-11-20,9:37:12.865825081,T,297.34,40,297.5,40,IBM
2025-11-20,9:37:13.345802702,T,297.32,40,297.5,40,IBM
2025-11-20,9:37:13.345827737,T,297.32,40,297.5,80,IBM
2025-11-20,9:37:13.346308903,T,297.32,40,297.5,40,IBM
2025-11-20,9:37:13.346379006,T,296.67,40,297.5,40,IBM
2025-11-20,9:37:13.346479310,T,296.69,40,297.5,40,IBM
2025-11-20,9:37:13.346499361,T,296.69,40,297.54,40,IBM
2025-11-20,9:37:13.346589686,T,296.69,40,297.83,80,IBM
2025-11-20,9:37:13.346634716,T,296.69,40,297.5,40,IBM
2025-11-20,9:37:13.347702144,T,296.67,40,297.5,40,IBM
2025-11-20,9:37:13.350443716,T,296.67,40,297.83,80,IBM
2025-11-20,9:37:13.350644278,T,296.67,40,297.83,40,IBM
2025-11-20,9:37:13.360638046,T,296.67,40,297.46,40,IBM
2025-11-20,9:37:13.537188377,T,296.67,40,297.83,40,IBM
2025-11-20,9:37:13.538000224,T,296.67,40,297.5,120,IBM
2025-11-20,9:37:14.221637832,T,297.12,40,297.5,120,IBM
2025-11-20,9:37:14.554545426,T,297.15,40,297.5,120,IBM
2025-11-20,9:37:15.137372912,T,297.15,40,297.83,40,IBM
2025-11-20,9:37:15.137372912,T,297.3,40,297.83,40,IBM
2025-11-20,9:37:15.137402962,T,297.3,80,297.83,40,IBM
2025-11-20,9:37:15.137438101,T,297.31,40,297.83,40,IBM
2025-11-20,9:37:15.137773813,T,297.34,40,297.83,40,IBM
2025-11-20,9:37:15.137818951,T,297.31,40,297.83,40,IBM
2025-11-20,9:37:15.137824000,T,297.39,40,297.83,40,IBM
2025-11-20,9:37:15.137989321,T,297.39,80,297.83,40,IBM
2025-11-20,9:37:15.138074598,T,297.39,80,297.64,40,IBM
2025-11-20,9:37:15.138325220,T,297.39,40,297.64,40,IBM
2025-11-20,9:37:15.138610800,T,297.39,40,297.83,40,IBM
2025-11-20,9:37:15.141803574,T,297.39,40,297.88,200,IBM
2025-11-20,9:37:15.145236564,T,297.31,80,297.88,200,IBM
2025-11-20,9:37:15.145236564,T,297.31,80,297.78,80,IBM
2025-11-20,9:37:15.145261665,T,297.31,40,297.78,80,IBM
2025-11-20,9:37:15.165885800,T,297.43,80,297.78,80,IBM
2025-11-20,9:37:16.116814571,T,297.43,80,297.78,40,IBM
2025-11-20,9:37:16.116814571,T,297.44,40,297.78,40,IBM
2025-11-20,9:37:16.116854627,T,297.43,80,297.78,40,IBM
2025-11-20,9:37:16.116854627,T,297.56,40,297.78,40,IBM
2025-11-20,9:37:16.116864659,T,297.56,40,297.88,200,IBM
2025-11-20,9:37:16.116894759,T,297.57,40,297.88,200,IBM
2025-11-20,9:37:16.116914938,T,297.63,40,297.88,200,IBM
2025-11-20,9:37:16.116984979,T,297.68,40,297.88,200,IBM
2025-11-20,9:37:16.117125287,T,297.68,40,297.88,160,IBM
2025-11-20,9:37:16.117230500,T,297.68,40,297.88,120,IBM
2025-11-20,9:37:16.117696624,T,297.68,40,297.88,200,IBM
2025-11-20,9:37:16.117721675,T,297.63,40,297.88,200,IBM
2025-11-20,9:37:16.117742092,T,297.57,40,297.88,200,IBM
2025-11-20,9:37:16.117816894,T,297.67,40,297.88,200,IBM
2025-11-20,9:37:16.118052420,T,297.67,40,297.88,240,IBM
2025-11-20,9:37:16.118689030,T,297.57,40,297.88,240,IBM
2025-11-20,9:37:16.119485901,T,297.57,40,297.88,120,IBM
2025-11-20,9:37:16.119515967,T,297.63,40,297.88,120,IBM
2025-11-20,9:37:16.120042266,T,297.63,40,297.88,40,IBM
2025-11-20,9:37:16.120047171,T,297.63,40,298.13,40,IBM
2025-11-20,9:37:16.120067233,T,297.63,80,298.13,40,IBM
2025-11-20,9:37:16.120077395,T,297.63,120,298.13,40,IBM
2025-11-20,9:37:16.120077395,T,297.64,40,298.13,40,IBM
2025-11-20,9:37:16.120292811,T,297.75,40,298.13,40,IBM
2025-11-20,9:37:16.128392046,T,297.64,40,298.13,40,IBM
2025-11-20,9:37:16.134596872,T,297.63,80,298.13,40,IBM
2025-11-20,9:37:16.137774425,T,297.63,80,298.0,160,IBM
2025-11-20,9:37:16.217634501,T,297.75,40,298.0,160,IBM
2025-11-20,9:37:16.220456246,T,297.43,120,298.0,160,IBM
2025-11-20,9:37:16.422827987,T,297.43,120,298.21,240,IBM
2025-11-20,9:37:16.422853199,T,297.74,40,298.21,240,IBM
2025-11-20,9:37:16.422853199,T,297.75,40,298.21,240,IBM
2025-11-20,9:37:16.422863055,T,297.76,40,298.21,240,IBM
2025-11-20,9:37:16.422888086,T,297.75,40,298.21,240,IBM
2025-11-20,9:37:16.422888086,T,297.87,40,298.21,240,IBM
2025-11-20,9:37:16.423193910,T,297.87,80,298.21,240,IBM
2025-11-20,9:37:16.423710148,T,297.87,80,298.21,280,IBM
2025-11-20,9:37:16.427133195,T,297.87,40,298.21,280,IBM
2025-11-20,9:37:16.428396220,T,297.87,40,298.21,80,IBM
2025-11-20,9:37:16.466146099,T,297.87,40,298.21,40,IBM
2025-11-20,9:37:16.466296503,T,297.5,40,298.21,40,IBM
2025-11-20,9:37:16.522941313,T,297.43,120,298.21,40,IBM
2025-11-20,9:37:16.577320794,T,297.74,40,298.21,40,IBM
2025-11-20,9:37:16.724526182,T,297.43,120,298.21,40,IBM
2025-11-20,9:37:16.724651524,T,297.43,120,298.04,40,IBM
2025-11-20,9:37:16.725438415,T,297.43,120,298.04,80,IBM
2025-11-20,9:37:16.744198057,T,297.43,120,298.04,40,IBM
2025-11-20,9:37:17.096025608,T,297.74,40,298.04,40,IBM
2025-11-20,9:37:17.096040599,T,297.43,120,298.04,40,IBM
2025-11-20,9:37:17.096100749,T,297.74,40,298.04,40,IBM
2025-11-20,9:37:17.199471911,T,297.43,40,298.04,40,IBM
2025-11-20,9:37:17.423259595,T,297.43,40,298.04,80,IBM
2025-11-20,9:37:17.435919886,T,297.75,40,298.04,80,IBM
2025-11-20,9:37:17.436826866,T,297.43,40,298.04,80,IBM
2025-11-20,9:37:17.436877042,T,297.74,40,298.04,80,IBM
2025-11-20,9:37:17.639840205,T,297.43,40,298.04,80,IBM
2025-11-20,9:37:17.737222105,T,297.43,40,298.04,40,IBM
2025-11-20,9:37:17.737222105,T,297.43,40,298.43,40,IBM
2025-11-20,9:37:17.737247020,T,297.89,40,298.43,40,IBM
2025-11-20,9:37:17.739256806,T,297.89,40,298.3,40,IBM
2025-11-20,9:37:17.739276937,T,297.75,80,298.3,40,IBM
2025-11-20,9:37:17.739311964,T,297.75,40,298.3,40,IBM
2025-11-20,9:37:17.739311964,T,297.89,40,298.3,40,IBM
2025-11-20,9:37:17.754683599,T,297.74,40,298.3,40,IBM
2025-11-20,9:37:17.989016438,T,297.74,40,298.29,40,IBM
2025-11-20,9:37:18.031983765,T,297.9,40,298.29,40,IBM
2025-11-20,9:37:18.505225418,T,297.9,40,298.3,40,IBM
2025-11-20,9:37:18.737658717,T,297.9,40,298.29,120,IBM
2025-11-20,9:37:18.737693830,T,297.9,40,298.28,40,IBM
2025-11-20,9:37:18.737748944,T,297.9,40,298.29,120,IBM
2025-11-20,9:37:18.737748944,T,297.9,40,298.1,40,IBM
2025-11-20,9:37:18.737799110,T,297.74,40,298.1,40,IBM
2025-11-20,9:37:18.737844317,T,297.74,40,298.09,40,IBM
2025-11-20,9:37:18.737884289,T,297.74,40,298.0,40,IBM
2025-11-20,9:37:18.738375427,T,297.5,40,298.0,40,IBM
2025-11-20,9:37:18.738846528,T,297.5,40,298.0,80,IBM
2025-11-20,9:37:18.752378715,T,297.5,40,298.0,40,IBM
2025-11-20,9:37:19.221655927,T,297.71,40,298.0,40,IBM
2025-11-20,9:37:20.221681774,T,297.5,40,298.0,40,IBM
2025-11-20,9:37:20.222448487,T,297.71,40,298.0,40,IBM
2025-11-20,9:37:20.363444217,T,297.71,40,298.0,80,IBM
2025-11-20,9:37:20.363449156,T,297.71,40,298.0,120,IBM
2025-11-20,9:37:20.363454222,T,297.71,40,297.99,40,IBM
2025-11-20,9:37:20.363585042,T,297.71,40,297.87,40,IBM
2025-11-20,9:37:20.363940319,T,297.39,40,297.87,40,IBM
2025-11-20,9:37:20.363940319,T,297.39,40,297.83,40,IBM
2025-11-20,9:37:20.363950397,T,297.71,40,297.83,40,IBM
2025-11-20,9:37:20.363950397,T,297.71,40,297.83,80,IBM
2025-11-20,9:37:20.363975610,T,297.39,40,297.83,80,IBM
2025-11-20,9:37:20.364291251,T,297.39,40,297.83,40,IBM
2025-11-20,9:37:20.364546759,T,297.39,40,297.92,80,IBM
2025-11-20,9:37:20.364571854,T,297.39,40,297.82,40,IBM
2025-11-20,9:37:20.364617023,T,297.39,40,297.99,80,IBM
2025-11-20,9:37:20.365248434,T,297.28,40,297.99,80,IBM
2025-11-20,9:37:20.463452266,T,297.28,40,297.99,40,IBM
2025-11-20,9:37:20.463477285,T,297.28,40,298.0,40,IBM
2025-11-20,9:37:20.514263257,T,297.17,80,298.0,40,IBM
2025-11-20,9:37:20.514273212,T,297.4,40,298.0,40,IBM
2025-11-20,9:37:20.620887056,T,297.17,80,298.0,40,IBM
2025-11-20,9:37:20.901038949,T,297.41,40,298.0,40,IBM
2025-11-20,9:37:23.279952334,T,297.41,40,297.85,160,IBM
2025-11-20,9:37:23.280488531,T,297.41,40,298.0,40,IBM
2025-11-20,9:37:26.347790766,T,297.41,80,298.0,40,IBM
2025-11-20,9:37:26.348848268,T,297.41,80,297.85,160,IBM
2025-11-20,9:37:27.202525431,T,297.41,80,297.71,80,IBM
2025-11-20,9:37:27.203322358,T,297.41,80,297.71,240,IBM
2025-11-20,9:37:30.623945462,T,297.41,80,297.71,160,IBM
2025-11-20,9:37:31.461719774,T,297.41,40,297.71,160,IBM
2025-11-20,9:37:34.622890611,T,297.41,40,297.71,240,IBM
2025-11-20,9:37:37.346093440,T,297.41,40,297.71,160,IBM
2025-11-20,9:37:41.346241401,T,297.41,40,297.71,240,IBM
2025-11-20,9:37:45.827038507,T,297.41,40,297.71,160,IBM
2025-11-20,9:37:51.174513930,T,297.27,40,297.71,160,IBM
2025-11-20,9:37:52.539558562,T,297.57,40,297.71,160,IBM
2025-11-20,9:37:52.540220167,T,297.41,40,297.71,160,IBM
2025-11-20,9:37:52.540240155,T,297.27,40,297.71,160,IBM
2025-11-20,9:37:52.540265295,T,297.27,40,297.71,200,IBM
2025-11-20,9:37:52.540375559,T,297.27,40,297.71,160,IBM
2025-11-20,9:37:52.540415605,T,297.27,40,297.71,200,IBM
2025-11-20,9:37:52.540731405,T,297.27,40,297.71,160,IBM
2025-11-20,9:37:52.540926859,T,297.27,40,297.76,40,IBM
2025-11-20,9:37:52.696828016,T,297.42,40,297.76,40,IBM
2025-11-20,9:37:53.296279996,T,297.27,40,297.76,40,IBM
2025-11-20,9:37:54.719798909,T,297.27,40,297.67,80,IBM
2025-11-20,9:37:54.895667578,T,297.51,40,297.67,80,IBM
2025-11-20,9:37:57.883856389,T,297.27,40,297.67,80,IBM
2025-11-20,9:37:57.883866427,T,297.27,40,297.67,120,IBM
2025-11-20,9:37:57.883881374,T,297.27,40,297.67,160,IBM
2025-11-20,9:37:57.883891469,T,297.27,40,297.67,200,IBM
2025-11-20,9:37:57.883911452,T,297.27,40,297.59,40,IBM
2025-11-20,9:37:57.884377558,T,297.27,40,297.67,160,IBM
2025-11-20,9:37:57.884442780,T,297.17,80,297.67,160,IBM
2025-11-20,9:37:57.884658213,T,297.17,80,297.67,200,IBM
2025-11-20,9:37:57.884878810,T,297.27,40,297.67,200,IBM
2025-11-20,9:37:57.885129351,T,297.17,80,297.67,200,IBM
2025-11-20,9:37:57.885154498,T,297.17,80,297.67,160,IBM
2025-11-20,9:37:57.885269945,T,297.27,40,297.67,160,IBM
2025-11-20,9:37:57.885319855,T,297.48,40,297.67,160,IBM
2025-11-20,9:37:57.885345166,T,297.54,40,297.67,160,IBM
2025-11-20,9:37:57.885389968,T,297.54,40,297.67,120,IBM
2025-11-20,9:37:57.885389968,T,297.54,40,297.67,80,IBM
2025-11-20,9:37:57.885415024,T,297.54,40,297.67,40,IBM
2025-11-20,9:37:57.885415024,T,297.54,40,297.76,80,IBM
2025-11-20,9:37:57.885861094,T,297.54,40,297.72,40,IBM
2025-11-20,9:37:57.886096719,T,297.27,40,297.72,40,IBM
2025-11-20,9:37:57.886116752,T,297.27,40,297.76,80,IBM
2025-11-20,9:37:57.886137393,T,297.17,80,297.76,80,IBM
2025-11-20,9:37:57.888838216,T,297.55,40,297.76,80,IBM
2025-11-20,9:37:58.491563136,T,297.27,40,297.76,80,IBM
2025-11-20,9:37:58.491583167,T,297.17,80,297.76,80,IBM
2025-11-20,9:37:58.491608148,T,297.17,80,297.75,40,IBM
2025-11-20,9:37:58.497657521,T,297.27,40,297.75,40,IBM
2025-11-20,9:37:58.501662167,T,297.17,80,297.75,40,IBM
2025-11-20,9:37:58.509079820,T,297.17,80,297.76,80,IBM
2025-11-20,9:37:58.598292211,T,297.27,40,297.76,80,IBM
2025-11-20,9:37:59.880469716,T,297.27,40,297.72,40,IBM
2025-11-20,9:38:01.020704101,T,297.27,40,297.76,80,IBM
2025-11-20,9:38:01.024137357,T,297.41,40,297.76,80,IBM
2025-11-20,9:38:01.423733600,T,297.41,40,297.72,40,IBM
2025-11-20,9:38:01.560774837,T,297.5,80,297.72,40,IBM
2025-11-20,9:38:03.222570963,T,297.5,40,297.72,40,IBM
2025-11-20,9:38:03.222591066,T,297.41,40,297.72,40,IBM
2025-11-20,9:38:03.222626228,T,297.41,40,297.71,40,IBM
2025-11-20,9:38:03.222631065,T,297.41,40,297.61,40,IBM
2025-11-20,9:38:03.222881700,T,297.41,40,297.6,40,IBM
2025-11-20,9:38:03.223182448,T,297.27,40,297.6,40,IBM
2025-11-20,9:38:03.223197436,T,297.17,80,297.6,40,IBM
2025-11-20,9:38:03.223207602,T,297.17,80,297.59,40,IBM
2025-11-20,9:38:03.223222568,T,297.17,80,297.51,40,IBM
2025-11-20,9:38:03.223252611,T,297.17,40,297.51,40,IBM
2025-11-20,9:38:03.223282643,T,297.14,80,297.51,40,IBM
2025-11-20,9:38:03.231291742,T,297.14,80,297.59,40,IBM
2025-11-20,9:38:03.232885523,T,297.14,80,297.61,80,IBM
2025-11-20,9:38:03.232900501,T,297.14,80,297.7,40,IBM
2025-11-20,9:38:03.232925657,T,297.14,80,297.76,80,IBM
2025-11-20,9:38:03.237551778,T,297.14,80,297.43,40,IBM
2025-11-20,9:38:03.237646842,T,297.14,80,297.43,80,IBM
2025-11-20,9:38:03.237646842,T,297.14,80,297.42,40,IBM
2025-11-20,9:38:03.237917445,T,297.14,40,297.42,40,IBM
2025-11-20,9:38:03.238102991,T,297.12,40,297.42,40,IBM
2025-11-20,9:38:03.238128227,T,296.86,160,297.42,40,IBM
2025-11-20,9:38:03.238128227,T,296.86,160,297.38,40,IBM
2025-11-20,9:38:03.238133060,T,296.86,160,297.37,40,IBM
2025-11-20,9:38:03.238153069,T,296.86,160,297.27,40,IBM
2025-11-20,9:38:03.238719407,T,296.86,160,297.43,80,IBM
2025-11-20,9:38:03.238734618,T,296.86,160,297.43,40,IBM
2025-11-20,9:38:03.238784580,T,296.86,160,297.37,40,IBM
2025-11-20,9:38:03.248472600,T,296.71,40,297.37,40,IBM
2025-11-20,9:38:03.248703455,T,297.07,80,297.37,40,IBM
2025-11-20,9:38:03.248728268,T,297.07,80,297.58,40,IBM
2025-11-20,9:38:03.248753306,T,297.07,80,297.63,40,IBM
2025-11-20,9:38:03.248763309,T,297.07,80,297.76,80,IBM
2025-11-20,9:38:03.249174292,T,297.07,80,297.75,40,IBM
2025-11-20,9:38:03.348365383,T,297.07,80,297.76,80,IBM
2025-11-20,9:38:04.460507987,T,297.07,80,297.76,40,IBM
2025-11-20,9:38:04.460533034,T,297.07,80,297.83,80,IBM
2025-11-20,9:38:04.460543058,T,297.07,80,297.54,40,IBM
2025-11-20,9:38:13.209340760,T,297.07,80,297.35,80,IBM
2025-11-20,9:38:13.210578795,T,297.07,80,297.35,160,IBM
2025-11-20,9:38:13.854025601,T,297.07,80,297.35,80,IBM
2025-11-20,9:38:13.956454470,T,297.07,80,297.39,40,IBM
2025-11-20,9:38:13.956484783,T,297.21,40,297.39,40,IBM
2025-11-20,9:38:13.956985800,T,297.23,40,297.39,40,IBM
2025-11-20,9:38:13.957652362,T,297.21,40,297.39,40,IBM
2025-11-20,9:38:13.957847821,T,297.21,40,297.54,40,IBM
2025-11-20,9:38:13.957852797,T,297.23,40,297.54,40,IBM
2025-11-20,9:38:13.961140584,T,297.21,40,297.54,40,IBM
2025-11-20,9:38:13.961170758,T,297.08,40,297.54,40,IBM
2025-11-20,9:38:14.056517717,T,296.68,40,297.54,40,IBM
2025-11-20,9:38:14.244390051,T,296.68,40,297.83,40,IBM
2025-11-20,9:38:14.244425173,T,296.68,40,297.45,40,IBM
2025-11-20,9:38:14.812572619,T,296.68,40,297.4,40,IBM
2025-11-20,9:38:15.451207966,T,297.22,40,297.4,40,IBM
2025-11-20,9:38:17.853286156,T,297.22,40,297.39,80,IBM
2025-11-20,9:38:17.853316274,T,296.83,40,297.39,80,IBM
2025-11-20,9:38:17.853321432,T,296.72,40,297.39,80,IBM
2025-11-20,9:38:17.853341276,T,296.66,240,297.39,80,IBM
2025-11-20,9:38:17.853356421,T,296.66,240,297.39,120,IBM
2025-11-20,9:38:17.853396475,T,296.66,240,297.31,40,IBM
2025-11-20,9:38:17.853732306,T,296.66,240,297.31,80,IBM
2025-11-20,9:38:17.861746330,T,296.66,240,297.31,40,IBM
2025-11-20,9:38:17.963077538,T,296.66,200,297.31,40,IBM
2025-11-20,9:38:18.629684462,T,296.66,200,297.38,1000,IBM
2025-11-20,9:38:18.629684462,T,296.66,200,297.16,40,IBM
2025-11-20,9:38:18.630235782,T,296.66,200,297.38,1000,IBM
2025-11-20,9:38:18.630275902,T,296.66,200,297.06,40,IBM
2025-11-20,9:38:18.632461013,T,296.66,200,297.06,120,IBM
2025-11-20,9:38:18.634155113,T,296.5,40,297.06,120,IBM
2025-11-20,9:38:18.644805612,T,296.5,40,297.06,80,IBM
2025-11-20,9:38:19.137297886,T,296.8,40,297.06,80,IBM
2025-11-20,9:38:27.181097371,T,296.8,40,297.15,1000,IBM
2025-11-20,9:38:28.456959690,T,296.81,40,297.15,1000,IBM
2025-11-20,9:38:28.457180340,T,296.8,40,297.15,1000,IBM
2025-11-20,9:38:28.457180340,T,296.92,40,297.15,1000,IBM
2025-11-20,9:38:28.457786640,T,296.92,40,297.24,40,IBM
2025-11-20,9:38:28.457811656,T,297.15,80,297.24,40,IBM
2025-11-20,9:38:28.457841744,T,296.93,40,297.24,40,IBM
2025-11-20,9:38:28.457862193,T,296.92,120,297.24,40,IBM
2025-11-20,9:38:28.457862193,T,296.92,80,297.24,40,IBM
2025-11-20,9:38:28.457862193,T,296.93,40,297.24,40,IBM
2025-11-20,9:38:28.457926999,T,296.8,120,297.24,40,IBM
2025-11-20,9:38:28.457962025,T,296.93,40,297.24,40,IBM
2025-11-20,9:38:28.458037160,T,296.93,40,297.24,80,IBM
2025-11-20,9:38:28.458057227,T,296.93,40,297.24,120,IBM
2025-11-20,9:38:28.458398048,T,296.93,40,297.24,160,IBM
2025-11-20,9:38:28.458463223,T,296.93,80,297.24,160,IBM
2025-11-20,9:38:28.458553697,T,296.93,40,297.24,160,IBM
2025-11-20,9:38:28.458588575,T,296.93,40,297.24,200,IBM
2025-11-20,9:38:28.458623660,T,296.93,40,297.24,240,IBM
2025-11-20,9:38:28.459345346,T,296.93,40,297.24,280,IBM
2025-11-20,9:38:28.460277555,T,296.8,120,297.24,280,IBM
2025-11-20,9:38:28.460372976,T,296.93,40,297.24,280,IBM
2025-11-20,9:38:28.460473044,T,296.93,40,297.23,40,IBM
2025-11-20,9:38:28.460473044,T,296.8,120,297.23,40,IBM
2025-11-20,9:38:28.460493069,T,296.8,120,297.23,80,IBM
2025-11-20,9:38:28.460533214,T,296.8,120,297.23,240,IBM
2025-11-20,9:38:28.463269726,T,296.8,120,297.23,280,IBM
2025-11-20,9:38:28.473508992,T,296.8,80,297.23,280,IBM
2025-11-20,9:38:28.501355335,T,296.8,40,297.23,280,IBM
2025-11-20,9:38:28.549334526,T,296.8,40,297.23,120,IBM
2025-11-20,9:38:28.549334526,T,296.8,40,297.15,40,IBM
2025-11-20,9:38:28.549344537,T,296.8,40,297.15,80,IBM
2025-11-20,9:38:28.549354642,T,296.8,40,297.15,240,IBM
2025-11-20,9:38:28.549860828,T,296.8,40,297.15,280,IBM
2025-11-20,9:38:28.559614008,T,296.8,40,297.15,320,IBM
2025-11-20,9:38:28.561303045,T,296.8,40,297.15,280,IBM
2025-11-20,9:38:29.057073295,T,296.8,40,297.15,240,IBM
2025-11-20,9:38:29.383244780,T,296.8,40,297.15,80,IBM
2025-11-20,9:38:29.383244780,T,296.8,40,297.14,40,IBM
2025-11-20,9:38:29.383259855,T,296.8,40,297.14,80,IBM
2025-11-20,9:38:29.383269852,T,296.8,40,297.14,240,IBM
2025-11-20,9:38:29.611643427,T,296.8,40,297.14,480,IBM
2025-11-20,9:38:29.611698659,T,296.8,40,297.14,440,IBM
2025-11-20,9:38:29.626198096,T,296.8,40,297.14,280,IBM
2025-11-20,9:38:29.626198096,T,296.8,40,297.13,40,IBM
2025-11-20,9:38:29.626218337,T,296.8,40,297.13,200,IBM
2025-11-20,9:38:31.326095160,T,296.8,40,297.13,40,IBM
2025-11-20,9:38:31.326110052,T,296.8,40,297.12,40,IBM
2025-11-20,9:38:31.326125130,T,296.8,40,297.12,200,IBM
2025-11-20,9:38:31.326130110,T,296.8,40,297.12,240,IBM
2025-11-20,9:38:31.679371090,T,296.8,40,297.12,80,IBM
2025-11-20,9:38:31.679376143,T,296.8,40,297.11,40,IBM
2025-11-20,9:38:31.679396224,T,296.8,40,297.11,200,IBM
2025-11-20,9:38:32.695144359,T,296.8,40,297.11,240,IBM
2025-11-20,9:38:33.281510255,T,296.8,80,297.11,240,IBM
2025-11-20,9:38:33.282718144,T,296.8,80,297.11,80,IBM
2025-11-20,9:38:33.282723111,T,296.8,80,297.1,40,IBM
2025-11-20,9:38:33.282743242,T,296.8,80,297.1,200,IBM
2025-11-20,9:38:33.285700213,T,296.8,40,297.1,200,IBM
2025-11-20,9:38:34.398434515,T,296.8,40,297.1,40,IBM
2025-11-20,9:38:34.398434515,T,296.8,40,297.09,40,IBM
2025-11-20,9:38:34.398449177,T,296.8,40,297.09,80,IBM
2025-11-20,9:38:34.398459255,T,296.8,40,297.09,240,IBM
2025-11-20,9:38:34.399371425,T,296.8,40,297.09,200,IBM
2025-11-20,9:38:34.412447499,T,296.8,40,297.09,40,IBM
2025-11-20,9:38:34.412452543,T,296.8,40,297.08,40,IBM
2025-11-20,9:38:34.412472545,T,296.8,40,297.08,200,IBM
2025-11-20,9:38:36.037987444,T,296.81,40,297.08,200,IBM
2025-11-20,9:38:36.038573844,T,296.81,40,297.07,40,IBM
2025-11-20,9:38:36.038598984,T,296.81,40,297.07,200,IBM
2025-11-20,9:38:36.038598984,T,296.8,40,297.07,200,IBM
2025-11-20,9:38:36.040829289,T,296.8,40,297.06,40,IBM
2025-11-20,9:38:36.040854348,T,296.8,40,297.06,200,IBM
2025-11-20,9:38:36.041626157,T,296.8,40,297.06,440,IBM
2025-11-20,9:38:36.041921895,T,296.8,40,297.06,480,IBM
2025-11-20,9:38:36.096993090,T,296.5,40,297.06,480,IBM
2025-11-20,9:38:36.245205816,T,296.5,40,297.06,320,IBM
2025-11-20,9:38:36.245210853,T,296.5,40,297.05,40,IBM
2025-11-20,9:38:36.245215926,T,296.5,40,297.05,80,IBM
2025-11-20,9:38:36.245230864,T,296.5,40,297.05,240,IBM
2025-11-20,9:38:36.481658745,T,296.5,40,297.05,200,IBM
2025-11-20,9:38:36.678036247,T,296.81,80,297.05,200,IBM
2025-11-20,9:38:39.790620917,T,296.81,80,297.04,40,IBM
2025-11-20,9:38:39.790646012,T,296.81,80,297.04,80,IBM
2025-11-20,9:38:39.790666140,T,296.81,80,297.04,240,IBM
2025-11-20,9:38:40.615489704,T,296.81,80,297.04,200,IBM
2025-11-20,9:38:40.615790426,T,296.81,80,297.04,240,IBM
2025-11-20,9:38:40.751719005,T,296.81,80,297.03,40,IBM
2025-11-20,9:38:40.751738953,T,296.81,80,297.03,80,IBM
2025-11-20,9:38:40.751759100,T,296.81,80,297.03,240,IBM
2025-11-20,9:38:40.752335445,T,296.81,80,297.03,200,IBM
2025-11-20,9:38:41.194578648,T,296.5,40,297.03,200,IBM
2025-11-20,9:38:41.194583788,T,296.5,40,297.02,40,IBM
2025-11-20,9:38:41.194603291,T,296.5,40,296.82,40,IBM
2025-11-20,9:38:41.194623353,T,296.5,40,296.82,200,IBM
2025-11-20,9:38:41.194678618,T,296.5,40,296.82,240,IBM
2025-11-20,9:38:41.194693467,T,296.5,40,296.82,80,IBM
2025-11-20,9:38:41.194693467,T,296.5,40,296.82,160,IBM
2025-11-20,9:38:41.194718543,T,296.5,40,296.82,320,IBM
2025-11-20,9:38:41.194798777,T,296.5,40,296.81,40,IBM
2025-11-20,9:38:41.194798777,T,296.5,40,296.81,120,IBM
2025-11-20,9:38:41.194823805,T,296.5,40,296.81,280,IBM
2025-11-20,9:38:41.194833835,T,296.5,40,296.81,320,IBM
2025-11-20,9:38:41.195209697,T,296.5,40,296.8,160,IBM
2025-11-20,9:38:41.195234789,T,296.5,40,296.8,200,IBM
2025-11-20,9:38:41.195831445,T,296.5,40,296.8,40,IBM
2025-11-20,9:38:41.195831445,T,296.5,40,296.81,40,IBM
2025-11-20,9:38:41.195831445,T,296.5,40,296.82,40,IBM
2025-11-20,9:38:41.195846239,T,296.5,40,296.93,80,IBM
2025-11-20,9:38:41.195851273,T,296.5,40,296.93,40,IBM
2025-11-20,9:38:41.195861657,T,296.5,40,297.02,40,IBM
2025-11-20,9:38:41.195876257,T,296.51,40,297.02,40,IBM
2025-11-20,9:38:41.195886394,T,296.65,40,297.02,40,IBM
2025-11-20,9:38:41.195946771,T,296.66,40,297.02,40,IBM
2025-11-20,9:38:41.196076737,T,296.66,80,297.02,40,IBM
2025-11-20,9:38:41.196442603,T,296.66,120,297.02,40,IBM
2025-11-20,9:38:41.196457689,T,296.66,120,297.01,40,IBM
2025-11-20,9:38:41.196537842,T,296.66,80,297.01,40,IBM
2025-11-20,9:38:41.196738394,T,296.66,40,297.01,40,IBM
2025-11-20,9:38:41.199735481,T,296.75,40,297.01,40,IBM
2025-11-20,9:38:41.244933121,T,296.75,40,297.02,40,IBM
2025-11-20,9:38:41.294781708,T,296.75,40,297.11,40,IBM
2025-11-20,9:38:41.296124924,T,296.75,40,297.05,80,IBM
2025-11-20,9:38:44.876568827,T,296.75,40,296.99,40,IBM
2025-11-20,9:38:44.876588858,T,296.75,40,297.05,80,IBM
2025-11-20,9:38:44.876588858,T,296.75,40,296.89,40,IBM
2025-11-20,9:38:44.876593848,T,296.39,40,296.89,40,IBM
2025-11-20,9:38:44.876643927,T,296.39,40,297.05,80,IBM
2025-11-20,9:38:44.876643927,T,296.39,40,296.82,40,IBM
2025-11-20,9:38:44.877345617,T,296.39,40,297.11,40,IBM
2025-11-20,9:38:44.925936328,T,296.39,40,296.82,40,IBM
2025-11-20,9:38:44.926693214,T,296.39,40,296.74,40,IBM
2025-11-20,9:38:44.926693214,T,296.35,40,296.74,40,IBM
2025-11-20,9:38:44.930632528,T,296.35,40,297.11,40,IBM
2025-11-20,9:38:45.022391014,T,296.35,40,296.82,40,IBM
2025-11-20,9:38:45.200119045,T,296.28,40,296.82,40,IBM
2025-11-20,9:38:45.704319463,T,296.36,40,296.82,40,IBM
2025-11-20,9:38:45.705321827,T,296.36,80,296.82,40,IBM
2025-11-20,9:38:45.705336940,T,296.36,120,296.82,40,IBM
2025-11-20,9:38:45.705352125,T,296.36,80,296.82,40,IBM
2025-11-20,9:38:45.705356972,T,296.36,40,296.82,40,IBM
2025-11-20,9:38:45.705356972,T,296.37,40,296.82,40,IBM
2025-11-20,9:38:45.705372050,T,296.4,40,296.82,40,IBM
2025-11-20,9:38:45.705397108,T,296.46,40,296.82,40,IBM
2025-11-20,9:38:45.705397108,T,296.46,80,296.82,40,IBM
2025-11-20,9:38:45.705412140,T,296.46,240,296.82,40,IBM
2025-11-20,9:38:45.705512359,T,296.46,280,296.82,40,IBM
2025-11-20,9:38:45.705522361,T,296.46,320,296.82,40,IBM
2025-11-20,9:38:45.705562416,T,296.46,360,296.82,40,IBM
2025-11-20,9:38:45.713611589,T,296.46,320,296.82,40,IBM
2025-11-20,9:38:45.719916599,T,296.46,280,296.82,40,IBM
2025-11-20,9:38:45.991177487,T,296.47,40,296.82,40,IBM
2025-11-20,9:38:45.991197522,T,296.47,80,296.82,40,IBM
2025-11-20,9:38:45.991227524,T,296.47,320,296.82,40,IBM
2025-11-20,9:38:46.207266919,T,296.47,320,296.76,40,IBM
2025-11-20,9:38:46.437575170,T,296.47,320,296.82,40,IBM
2025-11-20,9:38:46.875232353,T,296.47,320,296.82,80,IBM
2025-11-20,9:38:46.875262041,T,296.47,320,296.63,40,IBM
