DATE,TIME_M,EX,BID,BIDSIZ,ASK,ASKSIZ,SYM_ROOT
2025-12-15,9:30:00.473063048,T,304.64,40,311.5,40,IBM
2025-12-15,9:30:01.147468531,T,307.9,160,311.5,40,IBM
2025-12-15,9:30:01.212363351,T,307.9,160,310.12,80,IBM
2025-12-15,9:30:01.217415109,T,304.64,40,310.12,80,IBM
2025-12-15,9:30:01.217415109,T,309.0,80,310.12,80,IBM
2025-12-15,9:30:01.217420372,T,304.64,40,310.12,80,IBM
2025-12-15,9:30:01.217445181,T,304.64,40,309.44,80,IBM
2025-12-15,9:30:01.218327223,T,304.64,40,309.01,40,IBM
2025-12-15,9:30:01.218337263,T,305.0,80,309.01,40,IBM
2025-12-15,9:30:01.218412426,T,305.0,120,309.01,40,IBM
2025-12-15,9:30:01.218437549,T,304.64,40,309.01,40,IBM
2025-12-15,9:30:01.218462646,T,308.4,80,309.01,40,IBM
2025-12-15,9:30:01.218517772,T,304.64,40,309.01,40,IBM
2025-12-15,9:30:01.218542836,T,308.53,80,309.01,40,IBM
2025-12-15,9:30:01.218753282,T,308.53,80,309.01,80,IBM
2025-12-15,9:30:01.218818461,T,308.53,80,309.01,40,IBM
2025-12-15,9:30:01.218843536,T,308.53,80,309.44,120,IBM
2025-12-15,9:30:01.218968768,T,308.53,80,309.44,80,IBM
2025-12-15,9:30:01.219003889,T,304.64,40,309.44,80,IBM
2025-12-15,9:30:01.219028978,T,309.0,80,309.44,80,IBM
2025-12-15,9:30:01.221113966,T,304.64,40,309.44,80,IBM
2025-12-15,9:30:01.237442829,T,304.64,40,311.5,40,IBM
2025-12-15,9:30:01.300548064,T,305.0,40,311.5,40,IBM
2025-12-15,9:30:01.359703889,T,305.0,40,309.34,280,IBM
2025-12-15,9:30:01.810547196,T,304.64,80,309.34,280,IBM
2025-12-15,9:30:01.811243758,T,305.0,40,309.34,280,IBM
2025-12-15,9:30:01.812271288,T,304.64,80,309.34,280,IBM
2025-12-15,9:30:01.895639713,T,304.64,80,309.12,40,IBM
2025-12-15,9:30:01.895664809,T,304.64,80,309.34,280,IBM
2025-12-15,9:30:01.895669825,T,304.64,80,308.92,40,IBM
2025-12-15,9:30:01.903598619,T,304.64,80,309.34,280,IBM
2025-12-15,9:30:01.904310408,T,304.64,80,309.11,40,IBM
2025-12-15,9:30:01.917847536,T,306.59,160,309.11,40,IBM
2025-12-15,9:30:02.005721813,T,306.59,160,309.11,80,IBM
2025-12-15,9:30:02.005736792,T,306.59,160,309.11,40,IBM
2025-12-15,9:30:02.005736792,T,306.59,160,308.74,40,IBM
2025-12-15,9:30:02.009811490,T,306.59,160,309.11,40,IBM
2025-12-15,9:30:02.010312683,T,306.59,160,308.75,40,IBM
2025-12-15,9:30:02.017850659,T,306.77,160,308.75,40,IBM
2025-12-15,9:30:02.020131060,T,306.77,160,308.75,80,IBM
2025-12-15,9:30:02.117838685,T,306.98,160,308.75,80,IBM
2025-12-15,9:30:02.127431459,T,306.98,160,308.75,40,IBM
2025-12-15,9:30:02.217836691,T,308.01,160,308.75,40,IBM
2025-12-15,9:30:02.271755140,T,308.01,160,309.34,320,IBM
2025-12-15,9:30:02.271780122,T,308.01,160,309.34,280,IBM
2025-12-15,9:30:02.271800211,T,308.16,80,309.34,280,IBM
2025-12-15,9:30:02.271820272,T,308.37,40,309.34,280,IBM
2025-12-15,9:30:02.272953000,T,308.37,200,309.34,280,IBM
2025-12-15,9:30:02.275103060,T,308.37,160,309.34,280,IBM
2025-12-15,9:30:04.460359966,T,308.42,160,309.34,280,IBM
2025-12-15,9:30:04.460760926,T,308.47,160,309.34,280,IBM
2025-12-15,9:30:04.461397477,T,308.8,160,309.34,280,IBM
2025-12-15,9:30:04.461823512,T,308.8,160,309.34,320,IBM
2025-12-15,9:30:04.462028996,T,308.85,160,309.34,320,IBM
2025-12-15,9:30:04.468649774,T,306.53,40,309.34,320,IBM
2025-12-15,9:30:04.468670023,T,306.53,40,309.24,80,IBM
2025-12-15,9:30:04.468674846,T,306.53,40,308.86,40,IBM
2025-12-15,9:30:04.468810145,T,306.53,40,309.24,80,IBM
2025-12-15,9:30:04.468845154,T,307.94,40,309.24,80,IBM
2025-12-15,9:30:04.469947861,T,306.53,40,309.24,80,IBM
2025-12-15,9:30:04.488667397,T,306.53,40,309.34,280,IBM
2025-12-15,9:30:04.569549908,T,308.33,40,309.34,280,IBM
2025-12-15,9:30:05.038100295,T,306.53,40,309.34,280,IBM
2025-12-15,9:30:05.469071313,T,308.32,160,309.34,280,IBM
2025-12-15,9:30:11.714699309,T,308.33,40,309.34,280,IBM
2025-12-15,9:30:11.715461136,T,308.33,160,309.34,280,IBM
2025-12-15,9:30:11.928067211,T,308.33,120,309.34,280,IBM
2025-12-15,9:30:14.742121184,T,308.35,40,309.34,280,IBM
2025-12-15,9:30:14.742837907,T,308.35,160,309.34,280,IBM
2025-12-15,9:30:14.766784930,T,308.35,120,309.34,280,IBM
2025-12-15,9:30:14.766784930,T,308.65,40,309.34,280,IBM
2025-12-15,9:30:14.767536720,T,308.65,80,309.34,280,IBM
2025-12-15,9:30:14.767972664,T,308.65,40,309.34,280,IBM
2025-12-15,9:30:14.768022840,T,308.65,40,309.34,240,IBM
2025-12-15,9:30:14.768047847,T,308.65,40,309.34,200,IBM
2025-12-15,9:30:14.768053669,T,308.65,40,311.0,40,IBM
2025-12-15,9:30:14.768087985,T,308.65,40,309.34,40,IBM
2025-12-15,9:30:14.768098168,T,309.25,80,309.34,40,IBM
2025-12-15,9:30:14.768148086,T,309.2,40,309.34,40,IBM
2025-12-15,9:30:14.768153152,T,309.2,40,311.0,40,IBM
2025-12-15,9:30:14.768188253,T,309.24,280,311.0,40,IBM
2025-12-15,9:30:14.768238763,T,309.2,40,311.0,40,IBM
2025-12-15,9:30:14.768589213,T,308.16,40,311.0,40,IBM
2025-12-15,9:30:14.769521410,T,307.94,40,311.0,40,IBM
2025-12-15,9:30:14.777410219,T,307.94,40,311.02,40,IBM
2025-12-15,9:30:14.778908808,T,307.94,40,310.5,40,IBM
2025-12-15,9:30:14.778933868,T,307.94,40,311.02,40,IBM
2025-12-15,9:30:14.778953815,T,309.38,40,311.02,40,IBM
2025-12-15,9:30:14.780091555,T,307.94,40,311.02,40,IBM
2025-12-15,9:30:14.980523798,T,306.53,40,311.02,40,IBM
2025-12-15,9:30:15.284422159,T,306.12,80,311.02,40,IBM
2025-12-15,9:30:15.284452298,T,306.12,40,311.02,40,IBM
2025-12-15,9:30:15.496051050,T,305.96,40,311.02,40,IBM
2025-12-15,9:30:16.453364916,T,305.96,40,310.49,40,IBM
2025-12-15,9:30:16.454076669,T,305.94,80,310.49,40,IBM
2025-12-15,9:30:16.454527767,T,305.94,80,311.0,40,IBM
2025-12-15,9:30:17.353758488,T,307.63,40,311.0,40,IBM
2025-12-15,9:30:17.353778423,T,307.63,40,311.02,40,IBM
2025-12-15,9:30:17.453761448,T,308.82,40,311.02,40,IBM
2025-12-15,9:30:17.621851507,T,308.82,80,311.02,40,IBM
2025-12-15,9:30:18.030669740,T,308.82,40,311.02,40,IBM
2025-12-15,9:30:24.613315199,T,306.53,40,311.02,40,IBM
2025-12-15,9:30:25.899472031,T,305.94,120,311.02,40,IBM
2025-12-15,9:30:25.902313831,T,305.94,80,311.02,40,IBM
2025-12-15,9:30:29.561048603,T,305.94,80,311.0,40,IBM
2025-12-15,9:30:29.874344392,T,305.94,120,311.0,40,IBM
2025-12-15,9:30:29.874379473,T,306.28,40,311.0,40,IBM
2025-12-15,9:30:29.878820022,T,306.46,40,311.0,40,IBM
2025-12-15,9:30:29.891274712,T,306.53,40,311.0,40,IBM
2025-12-15,9:30:29.926899451,T,306.64,40,311.0,40,IBM
2025-12-15,9:30:29.929104764,T,306.82,40,311.0,40,IBM
2025-12-15,9:30:29.949999526,T,307.0,40,311.0,40,IBM
2025-12-15,9:30:29.976151752,T,307.18,40,311.0,40,IBM
2025-12-15,9:30:30.020096331,T,307.18,40,309.75,80,IBM
2025-12-15,9:30:30.020522335,T,307.18,40,309.75,120,IBM
2025-12-15,9:30:30.020547408,T,307.18,40,309.64,40,IBM
2025-12-15,9:30:30.174864737,T,307.18,40,309.75,120,IBM
2025-12-15,9:30:30.175095314,T,307.18,40,309.75,80,IBM
2025-12-15,9:30:32.119649548,T,309.03,40,309.75,80,IBM
2025-12-15,9:30:32.123528897,T,309.03,40,309.64,40,IBM
2025-12-15,9:30:32.123553877,T,307.18,40,309.64,40,IBM
2025-12-15,9:30:32.123949834,T,307.18,40,309.64,80,IBM
2025-12-15,9:30:32.186087761,T,307.36,40,309.64,80,IBM
2025-12-15,9:30:32.369539586,T,308.84,40,309.64,80,IBM
2025-12-15,9:30:32.560654643,T,307.36,40,309.64,80,IBM
2025-12-15,9:30:32.983796854,T,307.54,40,309.64,80,IBM
2025-12-15,9:30:32.984293102,T,308.85,40,309.64,80,IBM
2025-12-15,9:30:33.705499898,T,307.36,40,309.64,80,IBM
2025-12-15,9:30:39.554549067,T,307.63,40,309.64,80,IBM
2025-12-15,9:30:44.412628905,T,308.86,40,309.64,80,IBM
2025-12-15,9:30:49.904632869,T,308.86,40,309.64,160,IBM
2025-12-15,9:30:53.828213260,T,307.63,40,309.64,160,IBM
2025-12-15,9:30:53.828213260,T,307.63,40,309.63,40,IBM
2025-12-15,9:30:53.828238265,T,307.63,40,309.64,160,IBM
2025-12-15,9:30:53.828238265,T,307.63,40,309.35,40,IBM
2025-12-15,9:30:53.829225606,T,307.63,40,309.35,80,IBM
2025-12-15,9:30:53.848882427,T,307.63,40,309.35,40,IBM
2025-12-15,9:30:57.864722453,T,307.63,40,309.63,80,IBM
2025-12-15,9:30:57.864978020,T,307.72,40,309.63,80,IBM
2025-12-15,9:30:57.865048168,T,309.09,40,309.63,80,IBM
2025-12-15,9:30:57.865213647,T,309.09,40,309.63,120,IBM
2025-12-15,9:30:57.865835075,T,307.72,40,309.63,120,IBM
2025-12-15,9:30:57.868937506,T,309.09,40,309.63,120,IBM
2025-12-15,9:30:57.874004568,T,307.72,40,309.63,120,IBM
2025-12-15,9:30:57.874074680,T,307.63,40,309.63,120,IBM
2025-12-15,9:30:57.882138904,T,307.63,40,309.63,80,IBM
2025-12-15,9:30:57.882725271,T,307.63,40,309.63,120,IBM
2025-12-15,9:30:57.932829651,T,307.63,40,309.63,40,IBM
2025-12-15,9:31:00.471132483,T,308.75,160,309.63,40,IBM
2025-12-15,9:31:01.141417943,T,308.78,80,309.63,40,IBM
2025-12-15,9:31:05.668895708,T,308.78,80,309.63,120,IBM
2025-12-15,9:31:05.676829663,T,308.78,80,309.63,200,IBM
2025-12-15,9:31:06.855846216,T,308.78,80,309.63,120,IBM
2025-12-15,9:31:19.560841472,T,308.78,80,309.63,160,IBM
2025-12-15,9:31:25.181341232,T,308.78,80,309.63,240,IBM
2025-12-15,9:31:26.424987086,T,308.78,80,309.63,160,IBM
2025-12-15,9:31:26.659971463,T,309.08,40,309.63,160,IBM
2025-12-15,9:31:27.595092578,T,308.78,80,309.63,160,IBM
2025-12-15,9:31:27.682465555,T,308.78,80,309.63,120,IBM
2025-12-15,9:31:27.682470586,T,308.78,80,309.63,40,IBM
2025-12-15,9:31:27.682470586,T,308.78,80,310.06,160,IBM
2025-12-15,9:31:27.682495638,T,309.62,80,310.06,160,IBM
2025-12-15,9:31:27.682530666,T,308.78,80,310.06,160,IBM
2025-12-15,9:31:27.682535656,T,309.62,40,310.06,160,IBM
2025-12-15,9:31:27.682736135,T,309.16,40,310.06,160,IBM
2025-12-15,9:31:27.682766298,T,309.06,40,310.06,160,IBM
2025-12-15,9:31:27.682766298,T,309.16,40,310.06,160,IBM
2025-12-15,9:31:27.682781557,T,309.06,40,310.06,160,IBM
2025-12-15,9:31:27.683417807,T,309.05,40,310.06,160,IBM
2025-12-15,9:31:27.683518022,T,308.84,40,310.06,160,IBM
2025-12-15,9:31:27.683528025,T,308.78,80,310.06,160,IBM
2025-12-15,9:31:27.683668376,T,308.93,40,310.06,160,IBM
2025-12-15,9:31:27.683938982,T,309.31,80,310.06,160,IBM
2025-12-15,9:31:27.727006518,T,309.38,40,310.06,160,IBM
2025-12-15,9:31:27.728003930,T,309.38,40,310.71,40,IBM
2025-12-15,9:31:27.728008889,T,309.38,40,310.28,160,IBM
2025-12-15,9:31:27.761684082,T,309.31,80,310.28,160,IBM
2025-12-15,9:31:28.705099944,T,308.75,160,310.28,160,IBM
2025-12-15,9:31:29.869421883,T,308.75,160,309.8,40,IBM
2025-12-15,9:31:29.869842867,T,308.75,160,309.8,80,IBM
2025-12-15,9:31:30.969380374,T,308.71,40,309.8,80,IBM
2025-12-15,9:31:30.969385333,T,308.96,160,309.8,80,IBM
2025-12-15,9:31:32.704385589,T,308.99,80,309.8,80,IBM
2025-12-15,9:31:32.704806650,T,308.99,80,309.8,40,IBM
2025-12-15,9:31:37.338527581,T,309.31,80,309.8,40,IBM
2025-12-15,9:31:37.338948570,T,309.31,120,309.8,40,IBM
2025-12-15,9:31:38.421480417,T,309.31,40,309.8,40,IBM
2025-12-15,9:31:42.421653159,T,308.99,80,309.8,40,IBM
2025-12-15,9:31:51.513135864,T,309.09,40,309.8,40,IBM
2025-12-15,9:31:52.593332322,T,309.5,40,309.8,40,IBM
2025-12-15,9:31:52.593347404,T,309.5,40,309.81,40,IBM
2025-12-15,9:31:52.593653127,T,308.99,80,309.81,40,IBM
2025-12-15,9:31:52.593948826,T,308.99,80,309.8,40,IBM
2025-12-15,9:31:52.594209443,T,308.99,80,309.79,40,IBM
2025-12-15,9:31:52.594234440,T,308.99,80,309.8,40,IBM
2025-12-15,9:31:52.594254533,T,308.99,80,309.81,80,IBM
2025-12-15,9:31:52.605441088,T,308.99,80,309.81,40,IBM
2025-12-15,9:31:52.606223040,T,308.99,80,309.81,80,IBM
2025-12-15,9:31:52.607200362,T,309.31,40,309.81,80,IBM
2025-12-15,9:31:52.607290587,T,309.31,120,309.81,80,IBM
2025-12-15,9:31:52.720500065,T,309.31,80,309.81,80,IBM
2025-12-15,9:31:54.187231714,T,308.96,160,309.81,80,IBM
2025-12-15,9:31:58.188266390,T,308.99,80,309.81,80,IBM
2025-12-15,9:32:02.185421997,T,309.31,80,309.81,80,IBM
2025-12-15,9:32:02.185857997,T,309.31,80,309.81,40,IBM
2025-12-15,9:32:02.211799741,T,309.31,80,310.11,80,IBM
2025-12-15,9:32:02.212180695,T,309.31,80,310.28,160,IBM
2025-12-15,9:32:02.249083503,T,309.49,40,310.28,160,IBM
2025-12-15,9:32:02.249258949,T,309.64,40,310.28,160,IBM
2025-12-15,9:32:02.249288955,T,309.49,40,310.28,160,IBM
2025-12-15,9:32:02.249399212,T,309.31,80,310.28,160,IBM
2025-12-15,9:32:02.249419360,T,309.65,40,310.28,160,IBM
2025-12-15,9:32:02.249444400,T,309.31,80,310.28,160,IBM
2025-12-15,9:32:02.250035732,T,309.32,40,310.28,160,IBM
2025-12-15,9:32:02.250732478,T,309.31,80,310.28,160,IBM
2025-12-15,9:32:02.407515636,T,309.31,80,310.86,40,IBM
2025-12-15,9:32:02.407520719,T,309.31,80,310.5,160,IBM
2025-12-15,9:32:05.496895002,T,309.77,40,310.5,160,IBM
2025-12-15,9:32:05.497035295,T,309.31,80,310.5,160,IBM
2025-12-15,9:32:05.497356058,T,309.31,80,310.42,40,IBM
2025-12-15,9:32:05.497376117,T,309.31,80,310.5,160,IBM
2025-12-15,9:32:05.497992558,T,309.73,40,310.5,160,IBM
2025-12-15,9:32:05.498082797,T,309.81,40,310.5,160,IBM
2025-12-15,9:32:05.498303352,T,309.81,80,310.5,160,IBM
2025-12-15,9:32:05.498333359,T,309.81,80,310.5,200,IBM
2025-12-15,9:32:05.499355776,T,309.81,40,310.5,200,IBM
2025-12-15,9:32:05.504267511,T,309.81,40,310.5,160,IBM
2025-12-15,9:32:05.504267511,T,309.31,80,310.5,160,IBM
2025-12-15,9:32:05.504287756,T,309.31,80,310.11,40,IBM
2025-12-15,9:32:05.504382828,T,309.31,80,310.5,160,IBM
2025-12-15,9:32:05.504387798,T,309.85,40,310.5,160,IBM
2025-12-15,9:32:05.504407827,T,309.87,40,310.5,160,IBM
2025-12-15,9:32:05.506593026,T,309.85,40,310.5,160,IBM
2025-12-15,9:32:05.508763181,T,309.85,40,310.69,160,IBM
2025-12-15,9:32:05.530875865,T,309.55,160,310.69,160,IBM
2025-12-15,9:32:05.760863384,T,309.55,160,310.25,80,IBM
2025-12-15,9:32:05.761013729,T,309.55,160,310.25,120,IBM
2025-12-15,9:32:05.761073898,T,309.55,200,310.25,120,IBM
2025-12-15,9:32:06.184581955,T,309.87,80,310.25,120,IBM
2025-12-15,9:32:07.114636008,T,309.87,120,310.25,120,IBM
2025-12-15,9:32:07.114636008,T,309.87,120,310.25,80,IBM
2025-12-15,9:32:07.114661007,T,309.87,120,310.25,40,IBM
2025-12-15,9:32:07.114666166,T,309.87,120,310.69,160,IBM
2025-12-15,9:32:07.114716218,T,309.88,40,310.69,160,IBM
2025-12-15,9:32:07.114781296,T,310.05,160,310.69,160,IBM
2025-12-15,9:32:07.115112085,T,310.05,200,310.69,160,IBM
2025-12-15,9:32:07.115508079,T,310.05,200,310.39,40,IBM
2025-12-15,9:32:07.115528102,T,310.05,160,310.39,40,IBM
2025-12-15,9:32:07.115748633,T,310.05,40,310.39,40,IBM
2025-12-15,9:32:08.284490891,T,309.87,80,310.39,40,IBM
2025-12-15,9:32:09.584019465,T,309.87,80,310.69,160,IBM
2025-12-15,9:32:12.004852363,T,310.06,40,310.69,160,IBM
2025-12-15,9:32:12.006355873,T,310.06,40,311.0,40,IBM
2025-12-15,9:32:12.006365910,T,310.06,40,310.91,160,IBM
2025-12-15,9:32:12.006531361,T,310.25,40,310.91,160,IBM
2025-12-15,9:32:12.007463612,T,310.22,40,310.91,160,IBM
2025-12-15,9:32:12.010280243,T,310.06,40,310.91,160,IBM
2025-12-15,9:32:12.023216048,T,309.87,80,310.91,160,IBM
2025-12-15,9:32:21.603557861,T,310.05,40,310.91,160,IBM
2025-12-15,9:32:21.980730782,T,310.22,40,310.91,160,IBM
2025-12-15,9:32:21.980735792,T,310.22,80,310.91,160,IBM
2025-12-15,9:32:21.980896181,T,310.22,80,311.02,120,IBM
2025-12-15,9:32:22.557583984,T,310.22,40,311.02,120,IBM
2025-12-15,9:32:22.566114256,T,310.22,120,311.02,120,IBM
2025-12-15,9:32:22.632211604,T,310.23,40,311.02,120,IBM
2025-12-15,9:32:22.632231644,T,310.43,40,311.02,120,IBM
2025-12-15,9:32:22.632251771,T,310.43,80,311.02,120,IBM
2025-12-15,9:32:22.632442151,T,310.56,40,311.02,120,IBM
2025-12-15,9:32:22.632472465,T,310.63,40,311.02,120,IBM
2025-12-15,9:32:22.633018550,T,310.66,40,311.02,120,IBM
2025-12-15,9:32:22.633579899,T,310.66,40,311.02,40,IBM
2025-12-15,9:32:22.633645002,T,310.66,40,311.09,40,IBM
2025-12-15,9:32:22.633660021,T,310.66,40,311.19,160,IBM
2025-12-15,9:32:22.634707518,T,310.66,40,311.5,40,IBM
2025-12-15,9:32:22.634712634,T,310.66,40,311.47,160,IBM
2025-12-15,9:32:22.729894123,T,310.63,40,311.47,160,IBM
2025-12-15,9:32:22.729939289,T,310.56,40,311.47,160,IBM
2025-12-15,9:32:22.729964366,T,310.43,40,311.47,160,IBM
2025-12-15,9:32:22.729989465,T,310.22,120,311.47,160,IBM
2025-12-15,9:32:23.088001705,T,310.22,120,311.37,40,IBM
2025-12-15,9:32:23.088026818,T,310.22,120,311.25,40,IBM
2025-12-15,9:32:23.088202234,T,310.43,120,311.25,40,IBM
2025-12-15,9:32:23.088212226,T,310.43,120,311.37,40,IBM
2025-12-15,9:32:23.088297462,T,310.43,120,311.47,160,IBM
2025-12-15,9:32:23.089074457,T,310.43,80,311.47,160,IBM
2025-12-15,9:32:23.089074457,T,310.22,120,311.47,160,IBM
2025-12-15,9:32:23.089224600,T,310.65,40,311.47,160,IBM
2025-12-15,9:32:23.089695710,T,310.65,40,311.47,200,IBM
2025-12-15,9:32:23.089735883,T,310.65,40,311.37,40,IBM
2025-12-15,9:32:23.089765887,T,310.22,120,311.37,40,IBM
2025-12-15,9:32:23.089790994,T,310.22,120,311.47,160,IBM
2025-12-15,9:32:23.089806025,T,310.22,160,311.47,160,IBM
2025-12-15,9:32:23.089846124,T,310.66,40,311.47,160,IBM
2025-12-15,9:32:23.089861145,T,310.22,120,311.47,160,IBM
2025-12-15,9:32:23.091665464,T,310.22,120,311.37,40,IBM
2025-12-15,9:32:23.091835803,T,310.22,120,311.47,160,IBM
2025-12-15,9:32:23.091855871,T,310.31,40,311.47,160,IBM
2025-12-15,9:32:23.091895982,T,310.39,120,311.47,160,IBM
2025-12-15,9:32:23.091921027,T,310.63,40,311.47,160,IBM
2025-12-15,9:32:23.091946051,T,310.63,40,311.37,40,IBM
2025-12-15,9:32:23.092006222,T,310.63,40,311.47,160,IBM
2025-12-15,9:32:23.092006222,T,310.22,160,311.47,160,IBM
2025-12-15,9:32:23.092913398,T,310.22,120,311.47,160,IBM
2025-12-15,9:32:23.106555845,T,310.22,120,311.39,40,IBM
2025-12-15,9:32:23.170001931,T,310.22,120,311.37,40,IBM
2025-12-15,9:32:23.170252529,T,310.22,120,311.0,40,IBM
2025-12-15,9:32:23.170628451,T,310.23,40,311.0,40,IBM
2025-12-15,9:32:23.192169721,T,310.22,120,311.0,40,IBM
2025-12-15,9:32:23.843715845,T,310.22,40,311.0,40,IBM
2025-12-15,9:32:23.846667845,T,310.22,40,310.82,40,IBM
2025-12-15,9:32:23.960719270,T,310.22,40,311.0,40,IBM
2025-12-15,9:32:24.700786041,T,310.22,40,311.0,80,IBM
2025-12-15,9:32:24.704254277,T,310.22,40,311.0,120,IBM
2025-12-15,9:32:24.963581546,T,310.22,40,311.0,80,IBM
2025-12-15,9:32:33.454815730,T,310.22,80,311.0,80,IBM
2025-12-15,9:32:40.850987586,T,310.23,80,311.0,80,IBM
2025-12-15,9:32:40.851498840,T,310.39,40,311.0,80,IBM
2025-12-15,9:32:40.861878473,T,310.23,80,311.0,80,IBM
2025-12-15,9:32:44.453568874,T,310.23,80,311.0,40,IBM
2025-12-15,9:32:44.928334361,T,310.61,80,311.0,40,IBM
2025-12-15,9:32:44.928509505,T,310.61,80,311.15,80,IBM
2025-12-15,9:32:44.928754996,T,310.61,80,311.15,440,IBM
2025-12-15,9:32:44.928790068,T,310.61,80,311.0,120,IBM
2025-12-15,9:32:44.928820323,T,310.61,80,311.15,80,IBM
2025-12-15,9:32:44.928840244,T,310.61,80,311.0,360,IBM
2025-12-15,9:32:44.928850229,T,310.61,80,311.15,80,IBM
2025-12-15,9:32:44.928870312,T,310.61,80,311.0,360,IBM
2025-12-15,9:32:44.928885329,T,310.89,40,311.0,360,IBM
2025-12-15,9:32:44.928905409,T,310.61,80,311.0,360,IBM
2025-12-15,9:32:44.928915445,T,310.61,120,311.0,360,IBM
2025-12-15,9:32:44.928920434,T,310.61,120,311.0,560,IBM
2025-12-15,9:32:44.928940818,T,310.61,120,311.0,800,IBM
2025-12-15,9:32:44.928995594,T,310.61,120,311.0,1160,IBM
2025-12-15,9:32:44.929000881,T,310.61,120,311.0,1120,IBM
2025-12-15,9:32:44.929020686,T,310.61,40,311.0,1120,IBM
2025-12-15,9:32:44.929196023,T,310.61,40,311.0,800,IBM
2025-12-15,9:32:44.929201049,T,310.61,40,311.0,600,IBM
2025-12-15,9:32:44.929206163,T,310.61,40,311.0,360,IBM
2025-12-15,9:32:44.929211394,T,310.61,40,311.15,120,IBM
2025-12-15,9:32:44.929211394,T,310.61,40,311.0,40,IBM
2025-12-15,9:32:44.929231114,T,310.61,40,310.95,1120,IBM
2025-12-15,9:32:44.929246263,T,310.61,40,311.0,40,IBM
2025-12-15,9:32:44.929271311,T,310.61,40,310.95,1320,IBM
2025-12-15,9:32:44.936062457,T,310.61,40,310.88,80,IBM
2025-12-15,9:32:44.936107522,T,310.61,40,310.88,1400,IBM
2025-12-15,9:32:44.949474386,T,310.55,80,310.88,1400,IBM
2025-12-15,9:32:44.950251170,T,310.55,80,310.88,1440,IBM
2025-12-15,9:32:44.979911760,T,310.41,40,310.88,1440,IBM
2025-12-15,9:32:44.980332857,T,310.41,40,310.88,1400,IBM
2025-12-15,9:32:45.036952556,T,310.41,40,310.88,80,IBM
2025-12-15,9:32:45.036977677,T,310.41,40,310.84,1320,IBM
2025-12-15,9:32:45.037398632,T,310.41,40,310.84,1360,IBM
2025-12-15,9:32:45.659450045,T,310.41,40,310.84,1280,IBM
2025-12-15,9:32:45.659469444,T,310.41,40,310.84,40,IBM
2025-12-15,9:32:45.659474471,T,310.41,40,310.88,80,IBM
2025-12-15,9:32:45.659474471,T,310.41,40,311.15,80,IBM
2025-12-15,9:32:45.659494550,T,310.62,80,311.15,80,IBM
2025-12-15,9:32:45.659865470,T,310.41,40,311.15,80,IBM
2025-12-15,9:32:46.828076325,T,310.62,40,311.15,80,IBM
2025-12-15,9:32:46.828402188,T,310.41,40,311.15,80,IBM
2025-12-15,9:32:48.178872372,T,310.62,40,311.15,80,IBM
2025-12-15,9:32:48.179072646,T,310.62,40,311.15,120,IBM
2025-12-15,9:32:48.179107713,T,310.41,40,311.15,120,IBM
2025-12-15,9:32:48.179689160,T,310.41,40,311.15,80,IBM
2025-12-15,9:32:49.276364728,T,310.63,40,311.15,80,IBM
2025-12-15,9:32:49.276790772,T,310.41,40,311.15,80,IBM
2025-12-15,9:32:49.276906013,T,310.41,40,311.01,280,IBM
2025-12-15,9:32:49.276921094,T,310.41,40,311.01,480,IBM
2025-12-15,9:32:49.277321977,T,310.41,40,311.01,520,IBM
2025-12-15,9:32:52.340995641,T,310.41,40,311.01,240,IBM
2025-12-15,9:32:52.340995641,T,310.41,40,311.01,40,IBM
2025-12-15,9:32:52.341020286,T,310.41,40,311.38,40,IBM
2025-12-15,9:32:52.341030275,T,310.41,40,311.47,160,IBM
2025-12-15,9:32:52.341055347,T,310.82,80,311.47,160,IBM
2025-12-15,9:32:52.341907393,T,310.64,40,311.47,160,IBM
2025-12-15,9:32:52.342047828,T,310.63,40,311.47,160,IBM
2025-12-15,9:32:52.342634091,T,310.63,40,311.1,400,IBM
2025-12-15,9:32:52.345771571,T,310.63,40,311.1,440,IBM
2025-12-15,9:32:52.362220804,T,310.63,40,311.1,400,IBM
2025-12-15,9:32:52.441068466,T,310.62,40,311.1,400,IBM
2025-12-15,9:32:58.944680660,T,310.62,40,311.1,480,IBM
2025-12-15,9:33:01.073553603,T,310.62,40,311.1,520,IBM
2025-12-15,9:33:02.270773843,T,310.62,40,311.1,560,IBM
2025-12-15,9:33:02.270793918,T,310.62,40,311.1,160,IBM
2025-12-15,9:33:02.270818914,T,310.62,40,311.07,400,IBM
2025-12-15,9:33:02.271240015,T,310.62,40,311.07,440,IBM
2025-12-15,9:33:02.271450436,T,310.62,40,311.07,480,IBM
2025-12-15,9:33:02.273094426,T,310.41,40,311.07,480,IBM
2025-12-15,9:33:02.939676174,T,310.41,40,311.07,80,IBM
2025-12-15,9:33:02.939676174,T,310.41,40,310.92,40,IBM
2025-12-15,9:33:02.939701265,T,310.41,40,310.76,400,IBM
2025-12-15,9:33:02.939741319,T,310.41,40,310.92,40,IBM
2025-12-15,9:33:02.939761426,T,310.41,40,311.07,80,IBM
2025-12-15,9:33:02.939776713,T,310.42,40,311.07,80,IBM
2025-12-15,9:33:02.939886623,T,310.42,40,311.07,40,IBM
2025-12-15,9:33:02.939941803,T,310.42,40,310.95,40,IBM
2025-12-15,9:33:02.939961863,T,310.42,40,310.92,40,IBM
2025-12-15,9:33:02.940177371,T,310.42,40,310.92,80,IBM
2025-12-15,9:33:02.940473077,T,310.42,40,310.92,160,IBM
2025-12-15,9:33:02.940528210,T,310.42,40,310.92,200,IBM
2025-12-15,9:33:02.940793805,T,310.41,40,310.92,200,IBM
2025-12-15,9:33:02.941159718,T,310.41,40,310.92,160,IBM
2025-12-15,9:33:02.941179782,T,310.42,40,310.92,160,IBM
2025-12-15,9:33:02.941360192,T,310.42,40,310.92,80,IBM
2025-12-15,9:33:02.947209063,T,310.41,40,310.92,80,IBM
2025-12-15,9:33:02.990091228,T,310.41,40,310.92,40,IBM
2025-12-15,9:33:02.990101248,T,310.41,40,311.11,40,IBM
2025-12-15,9:33:04.418867246,T,310.41,40,310.81,40,IBM
2025-12-15,9:33:04.419288233,T,310.41,40,310.81,80,IBM
2025-12-15,9:33:04.419468684,T,310.41,40,310.81,40,IBM
2025-12-15,9:33:06.282734221,T,310.41,40,310.81,80,IBM
2025-12-15,9:33:06.283415824,T,310.29,40,310.81,80,IBM
2025-12-15,9:33:06.283641404,T,310.29,40,310.81,40,IBM
2025-12-15,9:33:07.045379876,T,309.96,160,310.81,40,IBM
2025-12-15,9:33:09.272516735,T,309.96,160,310.65,40,IBM
2025-12-15,9:33:09.334028165,T,310.22,40,310.65,40,IBM
2025-12-15,9:33:09.365006847,T,310.22,40,311.06,40,IBM
2025-12-15,9:33:09.438451727,T,309.96,160,311.06,40,IBM
2025-12-15,9:33:09.439764789,T,309.96,160,310.7,80,IBM
2025-12-15,9:33:20.270157622,T,309.96,160,310.69,40,IBM
2025-12-15,9:33:20.270227381,T,309.96,160,310.69,120,IBM
2025-12-15,9:33:20.270237314,T,309.96,160,310.69,80,IBM
2025-12-15,9:33:20.270237314,T,309.96,160,310.55,40,IBM
2025-12-15,9:33:20.270277481,T,309.96,160,310.55,80,IBM
2025-12-15,9:33:20.270508014,T,309.95,40,310.55,80,IBM
2025-12-15,9:33:20.270517972,T,309.95,40,310.55,160,IBM
2025-12-15,9:33:20.380835653,T,309.95,40,310.55,120,IBM
2025-12-15,9:33:23.596355376,T,309.71,160,310.55,120,IBM
2025-12-15,9:33:25.301068588,T,309.71,160,310.55,160,IBM
2025-12-15,9:33:28.625632928,T,309.81,40,310.55,160,IBM
2025-12-15,9:33:47.371834365,T,309.81,40,310.55,120,IBM
2025-12-15,9:33:48.935115799,T,309.81,40,310.54,40,IBM
2025-12-15,9:33:48.935135903,T,309.81,40,310.55,120,IBM
2025-12-15,9:33:48.935135903,T,309.81,40,310.38,40,IBM
2025-12-15,9:33:48.935692243,T,309.81,40,310.55,160,IBM
2025-12-15,9:33:48.935907748,T,309.81,40,310.54,120,IBM
2025-12-15,9:33:48.943681264,T,309.81,40,310.54,80,IBM
2025-12-15,9:33:49.334135748,T,309.81,40,310.72,40,IBM
2025-12-15,9:33:51.328949427,T,309.81,40,310.22,40,IBM
2025-12-15,9:33:51.328999587,T,309.81,80,310.22,40,IBM
2025-12-15,9:33:51.329004611,T,309.95,40,310.22,40,IBM
2025-12-15,9:33:51.329024658,T,309.93,40,310.22,40,IBM
2025-12-15,9:33:51.329240134,T,309.93,40,310.72,40,IBM
2025-12-15,9:33:51.329385449,T,309.94,40,310.72,40,IBM
2025-12-15,9:33:51.329430569,T,309.95,40,310.72,40,IBM
2025-12-15,9:33:51.340015841,T,309.94,40,310.72,40,IBM
2025-12-15,9:33:51.429052709,T,309.81,40,310.72,40,IBM
2025-12-15,9:33:52.377791210,T,309.81,40,310.39,40,IBM
2025-12-15,9:33:52.378212299,T,309.81,40,310.39,80,IBM
2025-12-15,9:33:52.486480042,T,309.81,40,310.39,40,IBM
2025-12-15,9:33:53.653237582,T,309.81,40,310.72,40,IBM
2025-12-15,9:33:56.742476614,T,309.81,40,310.39,40,IBM
2025-12-15,9:34:03.887866801,T,309.81,40,310.72,40,IBM
2025-12-15,9:34:04.955779214,T,309.81,40,310.25,40,IBM
2025-12-15,9:34:04.956195060,T,309.81,40,310.25,80,IBM
2025-12-15,9:34:04.956310430,T,309.81,40,310.23,40,IBM
2025-12-15,9:34:04.971055452,T,309.81,40,310.23,80,IBM
2025-12-15,9:34:05.053191103,T,309.81,40,310.23,40,IBM
2025-12-15,9:34:07.718996994,T,309.81,40,310.22,40,IBM
2025-12-15,9:34:07.719016994,T,309.81,40,310.23,40,IBM
2025-12-15,9:34:07.719016994,T,309.81,40,310.12,40,IBM
2025-12-15,9:34:07.719613443,T,309.71,160,310.12,40,IBM
2025-12-15,9:34:07.719909162,T,309.71,160,310.12,80,IBM
2025-12-15,9:34:07.724500039,T,309.32,40,310.12,80,IBM
2025-12-15,9:34:07.724515109,T,309.37,160,310.12,80,IBM
2025-12-15,9:34:07.806690720,T,309.37,200,310.12,80,IBM
2025-12-15,9:34:10.144806879,T,309.37,200,310.12,40,IBM
2025-12-15,9:34:11.719625737,T,309.44,40,310.12,40,IBM
2025-12-15,9:34:15.111149582,T,309.44,40,310.59,160,IBM
2025-12-15,9:34:15.111475274,T,309.44,40,310.38,40,IBM
2025-12-15,9:34:24.089457855,T,309.85,40,310.38,40,IBM
2025-12-15,9:34:24.089853874,T,309.44,40,310.38,40,IBM
2025-12-15,9:34:24.090375052,T,309.97,40,310.38,40,IBM
2025-12-15,9:34:24.091106878,T,309.97,40,310.59,160,IBM
2025-12-15,9:34:24.097406893,T,309.97,40,310.59,200,IBM
2025-12-15,9:34:24.102188231,T,309.97,40,310.59,240,IBM
2025-12-15,9:34:24.413284628,T,309.46,40,310.59,240,IBM
2025-12-15,9:34:24.413284628,T,309.37,160,310.59,240,IBM
2025-12-15,9:34:24.413288800,T,309.37,160,310.19,40,IBM
2025-12-15,9:34:24.413499287,T,309.37,160,310.19,80,IBM
2025-12-15,9:34:24.413569443,T,309.37,160,310.03,40,IBM
2025-12-15,9:34:24.414501669,T,309.37,160,310.19,80,IBM
2025-12-15,9:34:24.422079712,T,309.37,160,310.19,40,IBM
2025-12-15,9:34:24.422099843,T,309.37,160,310.54,40,IBM
2025-12-15,9:34:24.422315329,T,309.37,160,310.59,200,IBM
2025-12-15,9:34:25.298581333,T,309.37,160,310.59,240,IBM
2025-12-15,9:34:25.359551417,T,309.79,40,310.59,240,IBM
2025-12-15,9:34:25.908869156,T,309.79,40,310.59,200,IBM
2025-12-15,9:34:26.523301822,T,309.79,40,310.59,240,IBM
2025-12-15,9:34:37.716633216,T,309.79,40,310.4,40,IBM
2025-12-15,9:34:37.717054168,T,309.79,40,310.4,80,IBM
2025-12-15,9:34:37.717264726,T,309.79,40,310.4,120,IBM
2025-12-15,9:34:39.321553794,T,309.79,40,310.4,80,IBM
2025-12-15,9:34:39.321784430,T,309.79,40,310.4,40,IBM
2025-12-15,9:34:45.416553251,T,309.5,40,310.4,40,IBM
2025-12-15,9:34:45.416883989,T,309.5,40,310.35,160,IBM
2025-12-15,9:34:45.417976648,T,309.5,40,310.09,40,IBM
2025-12-15,9:34:45.428797333,T,309.5,40,310.09,80,IBM
2025-12-15,9:34:45.473288267,T,309.5,40,310.09,40,IBM
2025-12-15,9:34:45.558420900,T,309.5,40,310.09,80,IBM
2025-12-15,9:34:49.476031968,T,309.5,40,310.09,40,IBM
2025-12-15,9:34:49.476262575,T,309.5,40,310.35,160,IBM
2025-12-15,9:34:50.443775651,T,309.88,40,310.35,160,IBM
2025-12-15,9:34:50.444602661,T,309.88,40,310.44,40,IBM
2025-12-15,9:34:50.452316090,T,309.5,80,310.44,40,IBM
2025-12-15,9:34:51.194046855,T,309.88,40,310.44,40,IBM
2025-12-15,9:34:51.244632271,T,309.5,40,310.44,40,IBM
2025-12-15,9:34:52.034076681,T,309.37,160,310.44,40,IBM
2025-12-15,9:34:52.038131241,T,309.89,40,310.44,40,IBM
2025-12-15,9:34:52.772429224,T,309.89,40,310.59,80,IBM
2025-12-15,9:34:52.772454333,T,309.89,40,310.59,40,IBM
2025-12-15,9:34:52.831720409,T,309.37,160,310.59,40,IBM
2025-12-15,9:34:53.629790301,T,309.5,40,310.59,40,IBM
2025-12-15,9:34:53.629825270,T,309.51,40,310.59,40,IBM
2025-12-15,9:34:53.949797004,T,309.86,40,310.59,40,IBM
2025-12-15,9:34:53.949827000,T,309.93,40,310.59,40,IBM
2025-12-15,9:34:53.949912317,T,309.94,40,310.59,40,IBM
2025-12-15,9:34:53.949942321,T,309.39,40,310.59,40,IBM
2025-12-15,9:34:53.949942321,T,310.07,40,310.59,40,IBM
2025-12-15,9:34:53.973658736,T,309.51,40,310.59,40,IBM
2025-12-15,9:34:53.975513257,T,309.51,40,310.6,160,IBM
2025-12-15,9:34:53.978725817,T,309.51,40,310.6,200,IBM
2025-12-15,9:34:54.047093575,T,309.63,40,310.6,200,IBM
2025-12-15,9:34:55.244649336,T,309.77,40,310.6,200,IBM
2025-12-15,9:34:58.399484721,T,309.77,40,310.6,40,IBM
2025-12-15,9:34:58.971366168,T,309.77,40,310.78,160,IBM
2025-12-15,9:34:58.974353219,T,309.77,40,310.6,40,IBM
2025-12-15,9:34:59.076546526,T,309.77,40,310.78,160,IBM
2025-12-15,9:34:59.188898976,T,310.42,40,310.78,160,IBM
2025-12-15,9:34:59.189334999,T,310.07,40,310.78,160,IBM
2025-12-15,9:34:59.190823574,T,310.07,40,311.0,40,IBM
2025-12-15,9:34:59.190833500,T,310.07,40,310.98,160,IBM
2025-12-15,9:34:59.190853622,T,310.26,40,310.98,160,IBM
2025-12-15,9:34:59.290029650,T,310.07,40,310.98,160,IBM
2025-12-15,9:34:59.514604220,T,310.12,40,310.98,160,IBM
2025-12-15,9:35:00.147014665,T,310.51,40,310.98,160,IBM
2025-12-15,9:35:00.147044765,T,310.51,80,310.98,160,IBM
2025-12-15,9:35:00.147846689,T,310.51,40,310.98,160,IBM
2025-12-15,9:35:00.148122369,T,310.07,40,310.98,160,IBM
2025-12-15,9:35:00.195665540,T,310.34,40,310.98,160,IBM
2025-12-15,9:35:00.247032778,T,310.12,40,310.98,160,IBM
2025-12-15,9:35:00.519641794,T,310.25,40,310.98,160,IBM
2025-12-15,9:35:02.951576219,T,310.07,40,310.98,160,IBM
2025-12-15,9:35:06.247988562,T,310.07,40,310.8,40,IBM
2025-12-15,9:35:06.248043691,T,310.07,40,310.64,40,IBM
2025-12-15,9:35:06.248184053,T,310.07,40,310.64,80,IBM
2025-12-15,9:35:06.248770382,T,310.07,40,310.64,40,IBM
2025-12-15,9:35:06.248830534,T,310.07,40,310.64,80,IBM
2025-12-15,9:35:06.256759356,T,310.07,40,310.64,40,IBM
2025-12-15,9:35:06.256779505,T,310.07,40,310.79,40,IBM
2025-12-15,9:35:06.331161568,T,310.07,40,310.64,40,IBM
2025-12-15,9:35:06.367011856,T,310.07,40,310.98,160,IBM
2025-12-15,9:35:07.844468948,T,310.25,40,310.98,160,IBM
2025-12-15,9:35:08.641290925,T,310.07,40,310.98,160,IBM
2025-12-15,9:35:11.227241971,T,310.36,40,310.98,160,IBM
2025-12-15,9:35:11.683057069,T,309.87,200,310.98,160,IBM
2025-12-15,9:35:12.702253541,T,309.87,40,310.98,160,IBM
2025-12-15,9:35:12.702253541,T,310.03,160,310.98,160,IBM
2025-12-15,9:35:15.682763495,T,310.09,40,310.98,160,IBM
2025-12-15,9:35:17.670555605,T,310.09,40,310.64,40,IBM
2025-12-15,9:35:18.642825122,T,310.09,40,310.98,160,IBM
2025-12-15,9:35:21.235797944,T,310.09,40,310.64,40,IBM
2025-12-15,9:35:21.235833090,T,310.09,40,310.51,40,IBM
2025-12-15,9:35:21.236669990,T,310.09,40,310.54,40,IBM
2025-12-15,9:35:21.236695148,T,310.09,40,310.86,40,IBM
2025-12-15,9:35:23.802402834,T,310.46,40,310.86,40,IBM
2025-12-15,9:35:23.803109484,T,310.25,40,310.86,40,IBM
2025-12-15,9:35:23.803129559,T,310.09,40,310.86,40,IBM
2025-12-15,9:35:23.803500406,T,310.37,40,310.86,40,IBM
2025-12-15,9:35:23.803520596,T,310.09,40,310.86,40,IBM
2025-12-15,9:35:23.803525549,T,310.5,40,310.86,40,IBM
2025-12-15,9:35:23.803595795,T,310.37,40,310.86,40,IBM
2025-12-15,9:35:23.803600690,T,310.59,40,310.86,40,IBM
2025-12-15,9:35:23.804693327,T,310.59,40,310.98,160,IBM
2025-12-15,9:35:23.808347026,T,310.59,40,311.34,40,IBM
2025-12-15,9:35:23.808356957,T,310.59,40,311.2,160,IBM
2025-12-15,9:35:23.814401410,T,310.59,80,311.2,160,IBM
2025-12-15,9:35:23.837310878,T,310.59,40,311.2,160,IBM
2025-12-15,9:35:24.078354752,T,310.59,40,311.0,40,IBM
2025-12-15,9:35:24.425360749,T,310.36,40,311.0,40,IBM
2025-12-15,9:35:26.358978956,T,310.66,40,311.0,40,IBM
2025-12-15,9:35:26.359014157,T,310.66,80,311.0,40,IBM
2025-12-15,9:35:26.361179115,T,310.66,80,311.2,160,IBM
2025-12-15,9:35:26.361199342,T,310.66,120,311.2,160,IBM
2025-12-15,9:35:26.361214232,T,310.67,40,311.2,160,IBM
2025-12-15,9:35:26.361239335,T,310.78,40,311.2,160,IBM
2025-12-15,9:35:26.361590134,T,310.78,80,311.2,160,IBM
2025-12-15,9:35:26.361620257,T,310.78,80,311.0,40,IBM
2025-12-15,9:35:26.361735491,T,310.84,40,311.0,40,IBM
2025-12-15,9:35:26.362086603,T,310.84,40,311.2,160,IBM
2025-12-15,9:35:26.362422073,T,310.84,80,311.2,160,IBM
2025-12-15,9:35:26.363063707,T,310.84,80,311.2,560,IBM
2025-12-15,9:35:26.363530012,T,310.84,40,311.2,560,IBM
2025-12-15,9:35:26.365344113,T,310.84,40,311.2,400,IBM
2025-12-15,9:35:26.382204201,T,310.84,80,311.2,400,IBM
2025-12-15,9:35:26.787644464,T,310.84,40,311.2,400,IBM
2025-12-15,9:35:26.816773899,T,310.66,40,311.2,400,IBM
2025-12-15,9:35:31.052627653,T,310.66,40,311.42,200,IBM
2025-12-15,9:35:31.052657527,T,311.05,40,311.42,200,IBM
2025-12-15,9:35:31.052948230,T,311.06,40,311.42,200,IBM
2025-12-15,9:35:31.053394264,T,311.06,40,311.42,240,IBM
2025-12-15,9:35:31.053875454,T,310.92,40,311.42,240,IBM
2025-12-15,9:35:31.053890484,T,310.92,40,311.42,200,IBM
2025-12-15,9:35:31.054010772,T,310.92,40,311.42,40,IBM
2025-12-15,9:35:31.135870678,T,310.84,40,311.42,40,IBM
2025-12-15,9:35:31.152705779,T,310.66,40,311.42,40,IBM
2025-12-15,9:35:32.003876954,T,310.66,40,311.41,40,IBM
2025-12-15,9:35:32.004643723,T,310.66,40,311.41,80,IBM
2025-12-15,9:35:33.752715178,T,310.66,40,311.41,120,IBM
2025-12-15,9:35:33.776466646,T,310.66,40,311.41,80,IBM
2025-12-15,9:35:33.969325819,T,310.66,40,311.2,40,IBM
2025-12-15,9:35:36.858599288,T,310.66,40,311.18,40,IBM
2025-12-15,9:35:36.858603933,T,310.66,40,311.2,80,IBM
2025-12-15,9:35:36.955449548,T,310.66,40,311.2,40,IBM
2025-12-15,9:35:36.955494611,T,310.66,40,311.41,40,IBM
2025-12-15,9:35:40.169826364,T,310.66,40,311.41,80,IBM
2025-12-15,9:35:40.169976661,T,310.66,40,311.41,120,IBM
2025-12-15,9:35:40.626468446,T,310.66,40,311.41,80,IBM
2025-12-15,9:35:40.626698981,T,310.66,40,311.41,40,IBM
2025-12-15,9:35:40.682752531,T,310.4,160,311.41,40,IBM
2025-12-15,9:35:40.691563448,T,310.57,40,311.41,40,IBM
2025-12-15,9:35:40.879876834,T,310.4,160,311.41,40,IBM
2025-12-15,9:35:52.115839510,T,310.65,40,311.41,40,IBM
2025-12-15,9:35:52.115884713,T,310.66,40,311.41,40,IBM
2025-12-15,9:35:52.115914747,T,310.4,160,311.41,40,IBM
2025-12-15,9:35:52.115914747,T,310.66,40,311.41,40,IBM
2025-12-15,9:35:52.121703546,T,310.47,40,311.41,40,IBM
2025-12-15,9:35:54.682274259,T,310.4,200,311.41,40,IBM
2025-12-15,9:35:54.957509511,T,310.47,40,311.41,40,IBM
2025-12-15,9:35:57.723423795,T,310.47,40,311.21,40,IBM
2025-12-15,9:35:57.835680981,T,310.47,40,311.2,40,IBM
2025-12-15,9:35:57.911807262,T,310.47,40,311.21,40,IBM
2025-12-15,9:35:58.396621520,T,310.4,200,311.21,40,IBM
2025-12-15,9:36:00.562201669,T,310.4,200,311.2,40,IBM
2025-12-15,9:36:00.562437261,T,310.4,200,311.05,40,IBM
2025-12-15,9:36:00.562522423,T,310.4,160,311.05,40,IBM
2025-12-15,9:36:00.570907455,T,310.4,160,311.05,80,IBM
2025-12-15,9:36:00.571012665,T,310.4,160,311.05,40,IBM
2025-12-15,9:36:00.646923424,T,310.41,40,311.05,40,IBM
2025-12-15,9:36:01.124886139,T,310.41,40,311.2,40,IBM
2025-12-15,9:36:03.089483274,T,310.41,40,311.26,40,IBM
2025-12-15,9:36:03.090555569,T,310.57,40,311.26,40,IBM
2025-12-15,9:36:03.090575684,T,310.57,40,311.41,80,IBM
2025-12-15,9:36:03.090651223,T,310.73,40,311.41,80,IBM
2025-12-15,9:36:03.090651223,T,310.74,40,311.41,80,IBM
2025-12-15,9:36:03.090771091,T,310.78,40,311.41,80,IBM
2025-12-15,9:36:03.099351568,T,310.74,40,311.41,80,IBM
2025-12-15,9:36:03.190659516,T,310.73,40,311.41,80,IBM
2025-12-15,9:36:03.280638164,T,310.73,80,311.41,80,IBM
2025-12-15,9:36:05.344546408,T,310.8,40,311.41,80,IBM
2025-12-15,9:36:09.998289944,T,310.75,40,311.41,80,IBM
2025-12-15,9:36:10.057235193,T,310.75,40,311.2,40,IBM
2025-12-15,9:36:10.057435694,T,310.75,40,311.14,40,IBM
2025-12-15,9:36:10.057435694,T,310.75,40,311.2,40,IBM
2025-12-15,9:36:10.057440699,T,310.75,40,311.14,40,IBM
2025-12-15,9:36:10.058032144,T,310.75,40,311.2,40,IBM
2025-12-15,9:36:10.058062237,T,310.75,40,311.41,80,IBM
2025-12-15,9:36:18.379862561,T,310.75,80,311.41,80,IBM
2025-12-15,9:36:20.655580165,T,310.75,40,311.41,80,IBM
2025-12-15,9:36:21.178444818,T,310.75,40,311.19,40,IBM
2025-12-15,9:36:24.467153673,T,310.41,40,311.19,40,IBM
2025-12-15,9:36:24.467188826,T,310.83,40,311.19,40,IBM
2025-12-15,9:36:27.435740668,T,310.84,40,311.19,40,IBM
2025-12-15,9:36:27.435780777,T,310.9,40,311.19,40,IBM
2025-12-15,9:36:27.461080976,T,310.99,40,311.19,40,IBM
2025-12-15,9:36:27.462469378,T,310.89,40,311.19,40,IBM
2025-12-15,9:36:27.502489567,T,310.89,40,311.41,80,IBM
2025-12-15,9:36:27.547055719,T,310.89,40,311.29,40,IBM
2025-12-15,9:36:27.753121218,T,310.83,40,311.29,40,IBM
2025-12-15,9:36:29.599160770,T,310.83,40,311.26,40,IBM
2025-12-15,9:36:29.836335389,T,310.89,40,311.26,40,IBM
2025-12-15,9:36:29.836350412,T,310.99,40,311.26,40,IBM
2025-12-15,9:36:29.836355445,T,311.0,40,311.26,40,IBM
2025-12-15,9:36:29.836375451,T,311.0,80,311.26,40,IBM
2025-12-15,9:36:29.836565985,T,311.09,40,311.26,40,IBM
2025-12-15,9:36:29.836846614,T,311.09,80,311.26,40,IBM
2025-12-15,9:36:29.837197417,T,311.09,40,311.26,40,IBM
2025-12-15,9:36:29.837352784,T,311.09,40,311.26,80,IBM
2025-12-15,9:36:29.837392887,T,311.09,40,311.26,480,IBM
2025-12-15,9:36:29.837503244,T,311.09,40,311.26,80,IBM
2025-12-15,9:36:29.837523257,T,311.09,40,311.15,400,IBM
2025-12-15,9:36:29.837533285,T,311.09,40,311.15,360,IBM
2025-12-15,9:36:29.837583374,T,311.09,40,311.15,240,IBM
2025-12-15,9:36:29.837603377,T,311.09,40,311.15,200,IBM
2025-12-15,9:36:29.837854072,T,310.99,40,311.15,200,IBM
2025-12-15,9:36:29.837879080,T,310.89,40,311.15,200,IBM
2025-12-15,9:36:29.837899089,T,310.89,40,311.26,80,IBM
2025-12-15,9:36:29.837924188,T,310.89,40,311.09,200,IBM
2025-12-15,9:36:29.837974325,T,310.89,40,311.26,80,IBM
2025-12-15,9:36:29.837974325,T,310.99,40,311.26,80,IBM
2025-12-15,9:36:29.838024451,T,310.99,40,311.09,40,IBM
2025-12-15,9:36:29.838044461,T,310.99,40,311.26,80,IBM
2025-12-15,9:36:29.838284998,T,310.99,80,311.26,80,IBM
2025-12-15,9:36:29.849782390,T,310.99,40,311.26,80,IBM
2025-12-15,9:36:30.958441717,T,310.99,40,311.26,120,IBM
2025-12-15,9:36:30.958496875,T,310.99,40,311.26,40,IBM
2025-12-15,9:36:30.958662605,T,310.83,40,311.26,40,IBM
2025-12-15,9:36:30.958687310,T,310.83,40,311.2,40,IBM
2025-12-15,9:36:31.079274324,T,310.57,40,311.2,40,IBM
2025-12-15,9:36:31.098239483,T,310.57,40,311.26,80,IBM
2025-12-15,9:36:31.098264543,T,310.57,40,311.26,40,IBM
2025-12-15,9:36:31.342861765,T,310.57,40,311.41,120,IBM
2025-12-15,9:36:31.342891943,T,310.57,40,311.41,80,IBM
2025-12-15,9:36:31.674862169,T,310.57,40,311.41,40,IBM
2025-12-15,9:36:32.482895725,T,310.57,40,311.4,40,IBM
2025-12-15,9:36:33.319001315,T,310.57,40,311.28,40,IBM
2025-12-15,9:36:33.488665153,T,310.57,40,311.16,40,IBM
2025-12-15,9:36:33.596767400,T,310.56,160,311.16,40,IBM
2025-12-15,9:36:34.557750120,T,310.66,80,311.16,40,IBM
2025-12-15,9:36:38.905810816,T,310.66,80,311.16,80,IBM
2025-12-15,9:36:39.501388666,T,310.47,80,311.16,80,IBM
2025-12-15,9:36:40.241545698,T,310.47,80,311.15,40,IBM
2025-12-15,9:36:41.272289420,T,310.47,80,311.16,40,IBM
2025-12-15,9:36:43.852611887,T,310.47,80,311.39,40,IBM
2025-12-15,9:36:49.969638976,T,310.47,80,311.28,40,IBM
2025-12-15,9:36:49.969849464,T,310.47,80,311.28,80,IBM
2025-12-15,9:36:57.861109957,T,310.53,40,311.28,80,IBM
2025-12-15,9:36:58.006576585,T,310.72,80,311.28,80,IBM
2025-12-15,9:37:01.929334627,T,310.57,40,311.28,80,IBM
2025-12-15,9:37:02.377200765,T,310.57,40,311.16,40,IBM
2025-12-15,9:37:02.377200765,T,310.57,40,311.28,80,IBM
2025-12-15,9:37:02.377696980,T,310.57,40,311.28,40,IBM
2025-12-15,9:37:02.430121809,T,310.57,40,311.03,40,IBM
2025-12-15,9:37:02.430332261,T,310.57,40,311.03,80,IBM
2025-12-15,9:37:02.430577870,T,310.57,40,311.03,120,IBM
2025-12-15,9:37:02.789051221,T,310.57,40,310.98,40,IBM
2025-12-15,9:37:02.945463550,T,310.57,40,310.98,80,IBM
2025-12-15,9:37:04.904306752,T,310.57,40,310.98,120,IBM
2025-12-15,9:37:05.377317760,T,310.47,80,310.98,120,IBM
2025-12-15,9:37:06.191325625,T,310.47,40,310.98,120,IBM
2025-12-15,9:37:06.191370694,T,310.47,40,310.98,160,IBM
2025-12-15,9:37:06.191375707,T,310.47,40,310.96,40,IBM
2025-12-15,9:37:06.191415744,T,310.47,40,310.85,40,IBM
2025-12-15,9:37:06.191931965,T,310.47,40,310.85,80,IBM
2025-12-15,9:37:06.192012249,T,310.47,40,310.83,40,IBM
2025-12-15,9:37:06.192874219,T,310.39,200,310.83,40,IBM
2025-12-15,9:37:06.193600977,T,310.39,40,310.83,40,IBM
2025-12-15,9:37:06.202597352,T,310.39,40,310.83,80,IBM
2025-12-15,9:37:06.202622458,T,310.39,40,310.83,120,IBM
2025-12-15,9:37:08.408338360,T,310.39,40,310.82,40,IBM
2025-12-15,9:37:08.409892076,T,310.39,40,310.82,80,IBM
2025-12-15,9:37:10.107819022,T,310.39,40,310.82,40,IBM
2025-12-15,9:37:22.151088650,T,310.25,40,310.82,40,IBM
2025-12-15,9:37:22.151128776,T,310.25,40,310.82,80,IBM
2025-12-15,9:37:22.151384385,T,310.25,40,310.82,40,IBM
2025-12-15,9:37:22.151409448,T,310.25,40,310.7,40,IBM
2025-12-15,9:37:22.151449467,T,310.25,40,310.68,40,IBM
2025-12-15,9:37:22.152211286,T,310.25,80,310.68,40,IBM
2025-12-15,9:37:22.154406570,T,310.25,40,310.68,40,IBM
2025-12-15,9:37:22.167031766,T,310.25,40,310.68,80,IBM
2025-12-15,9:37:22.288380587,T,310.39,40,310.68,80,IBM
2025-12-15,9:37:22.380344368,T,310.39,40,310.68,120,IBM
2025-12-15,9:37:22.751673370,T,310.39,40,310.68,80,IBM
2025-12-15,9:37:25.657746371,T,310.39,40,310.68,40,IBM
2025-12-15,9:37:27.315136856,T,310.39,40,310.82,40,IBM
2025-12-15,9:37:36.459956782,T,310.25,40,310.82,40,IBM
2025-12-15,9:37:37.761439993,T,310.39,40,310.82,40,IBM
2025-12-15,9:37:40.659308544,T,310.25,40,310.82,40,IBM
2025-12-15,9:37:50.229520937,T,310.39,40,310.82,40,IBM
2025-12-15,9:37:51.024353089,T,310.16,200,310.82,40,IBM
2025-12-15,9:37:51.024353089,T,310.16,160,310.82,40,IBM
2025-12-15,9:37:51.024398192,T,310.16,160,310.68,40,IBM
2025-12-15,9:37:51.025425686,T,310.02,40,310.68,40,IBM
2025-12-15,9:37:51.025927059,T,310.02,40,310.55,40,IBM
2025-12-15,9:37:51.025957014,T,310.02,40,310.43,40,IBM
2025-12-15,9:37:51.026448091,T,310.02,120,310.43,40,IBM
2025-12-15,9:37:51.034497302,T,310.02,120,310.56,40,IBM
2025-12-15,9:37:51.035178873,T,310.02,40,310.56,40,IBM
2025-12-15,9:37:51.235305332,T,310.02,80,310.56,40,IBM
2025-12-15,9:37:51.249143269,T,310.02,80,310.68,40,IBM
2025-12-15,9:37:51.249163346,T,310.02,80,310.71,40,IBM
2025-12-15,9:37:52.036292189,T,310.02,40,310.71,40,IBM
2025-12-15,9:37:52.258771823,T,310.02,40,310.34,80,IBM
2025-12-15,9:37:52.989245847,T,310.02,40,310.28,40,IBM
2025-12-15,9:37:52.990373384,T,310.09,80,310.28,40,IBM
2025-12-15,9:37:52.997816110,T,310.09,80,310.34,80,IBM
2025-12-15,9:37:57.395580090,T,310.09,80,310.34,40,IBM
2025-12-15,9:37:57.395595083,T,310.09,80,310.71,40,IBM
2025-12-15,9:37:57.395635167,T,310.14,40,310.71,40,IBM
2025-12-15,9:37:57.395765486,T,310.09,80,310.71,40,IBM
2025-12-15,9:37:57.395920847,T,310.1,40,310.71,40,IBM
2025-12-15,9:37:57.395950971,T,310.19,40,310.71,40,IBM
2025-12-15,9:37:57.396016136,T,310.18,40,310.71,40,IBM
2025-12-15,9:37:57.396126335,T,310.1,40,310.71,40,IBM
2025-12-15,9:37:57.396447472,T,310.19,40,310.71,40,IBM
2025-12-15,9:37:57.405022540,T,310.1,40,310.71,40,IBM
2025-12-15,9:37:57.480787871,T,310.09,80,310.71,40,IBM
2025-12-15,9:37:59.585352921,T,310.15,40,310.71,40,IBM
2025-12-15,9:37:59.585362935,T,310.26,40,310.71,40,IBM
2025-12-15,9:37:59.586044527,T,310.35,40,310.71,40,IBM
2025-12-15,9:37:59.586345318,T,310.35,80,310.71,40,IBM
2025-12-15,9:37:59.586600880,T,310.35,80,310.83,160,IBM
2025-12-15,9:37:59.594589934,T,310.35,40,310.83,160,IBM
2025-12-15,9:37:59.832922296,T,310.26,40,310.83,160,IBM
2025-12-15,9:37:59.832947289,T,310.09,80,310.83,160,IBM
2025-12-15,9:37:59.833729155,T,310.1,40,310.83,160,IBM
2025-12-15,9:37:59.833744291,T,310.11,40,310.83,160,IBM
2025-12-15,9:37:59.834491016,T,310.11,80,310.83,160,IBM
2025-12-15,9:37:59.835693865,T,310.11,40,310.83,160,IBM
2025-12-15,9:37:59.851972790,T,310.11,80,310.83,160,IBM
2025-12-15,9:38:00.093617951,T,310.11,40,310.83,160,IBM
2025-12-15,9:38:00.093808323,T,310.09,80,310.83,160,IBM
2025-12-15,9:38:03.832684038,T,310.25,40,310.83,160,IBM
2025-12-15,9:38:11.411611163,T,310.42,40,310.83,160,IBM
2025-12-15,9:38:11.411681307,T,310.43,40,310.83,160,IBM
2025-12-15,9:38:11.411931892,T,310.5,40,310.83,160,IBM
2025-12-15,9:38:11.412628551,T,310.5,40,310.98,40,IBM
2025-12-15,9:38:11.415976567,T,310.43,40,310.98,40,IBM
2025-12-15,9:38:11.416021605,T,310.25,40,310.98,40,IBM
2025-12-15,9:38:20.653787646,T,310.25,40,310.59,40,IBM
2025-12-15,9:38:20.655366400,T,310.25,40,310.98,40,IBM
2025-12-15,9:38:20.671635089,T,310.25,40,310.68,40,IBM
2025-12-15,9:38:20.681197819,T,310.25,40,310.98,40,IBM
2025-12-15,9:38:21.263338608,T,310.25,40,310.68,40,IBM
2025-12-15,9:38:23.727088780,T,310.25,40,310.68,80,IBM
2025-12-15,9:38:23.820686621,T,310.09,80,310.68,80,IBM
2025-12-15,9:38:23.821107598,T,310.09,80,310.68,40,IBM
2025-12-15,9:38:23.846392768,T,310.09,80,310.68,80,IBM
2025-12-15,9:38:24.182883842,T,310.09,80,310.54,40,IBM
2025-12-15,9:38:24.183304764,T,310.09,80,310.54,80,IBM
2025-12-15,9:38:24.186918357,T,310.09,80,310.54,40,IBM
2025-12-15,9:38:24.397264103,T,310.09,80,310.54,80,IBM
2025-12-15,9:38:30.794052165,T,309.9,200,310.54,80,IBM
2025-12-15,9:38:31.363342306,T,309.9,200,310.54,120,IBM
2025-12-15,9:38:31.515910504,T,309.96,40,310.54,120,IBM
2025-12-15,9:38:35.187185270,T,309.96,40,310.54,80,IBM
2025-12-15,9:38:35.187315565,T,309.9,200,310.54,80,IBM
2025-12-15,9:38:35.187340568,T,309.9,40,310.54,80,IBM
2025-12-15,9:38:35.187365811,T,309.86,40,310.54,80,IBM
2025-12-15,9:38:35.187420788,T,309.86,40,310.54,40,IBM
2025-12-15,9:38:35.187646345,T,309.86,40,310.52,40,IBM
2025-12-15,9:38:35.270994801,T,309.75,40,310.52,40,IBM
2025-12-15,9:38:35.271059874,T,309.74,40,310.52,40,IBM
2025-12-15,9:38:35.295031952,T,309.74,40,310.44,40,IBM
2025-12-15,9:38:35.295242498,T,309.74,40,310.44,80,IBM
2025-12-15,9:38:35.295452953,T,309.74,40,310.44,120,IBM
2025-12-15,9:38:35.430098492,T,309.75,40,310.44,120,IBM
2025-12-15,9:38:35.516383876,T,309.74,40,310.44,120,IBM
2025-12-15,9:38:36.394093330,T,309.74,40,310.43,40,IBM
2025-12-15,9:38:36.394599577,T,309.74,40,310.43,80,IBM
2025-12-15,9:38:36.395020529,T,309.74,40,310.43,120,IBM
2025-12-15,9:38:36.398163057,T,309.74,40,310.43,80,IBM
2025-12-15,9:38:36.784512671,T,309.74,40,310.43,40,IBM
2025-12-15,9:38:36.784527806,T,309.74,40,310.44,40,IBM
2025-12-15,9:38:37.359862438,T,309.74,40,310.68,80,IBM
2025-12-15,9:38:41.383586157,T,309.74,40,310.68,40,IBM
2025-12-15,9:38:42.031192881,T,309.74,40,310.71,40,IBM
2025-12-15,9:38:43.262614323,T,309.74,40,310.47,40,IBM
2025-12-15,9:38:50.185399452,T,309.74,40,310.86,160,IBM
2025-12-15,9:38:50.193378480,T,309.74,40,310.53,40,IBM
2025-12-15,9:38:50.193388507,T,309.74,40,310.38,40,IBM
2025-12-15,9:38:50.193393511,T,309.74,40,310.47,40,IBM
2025-12-15,9:38:50.193789402,T,309.74,40,310.38,40,IBM
2025-12-15,9:38:50.193819833,T,309.74,40,310.65,40,IBM
2025-12-15,9:38:50.193819833,T,309.74,40,310.28,40,IBM
2025-12-15,9:38:50.194024989,T,309.74,40,310.47,40,IBM
2025-12-15,9:38:50.194035163,T,309.74,40,310.28,40,IBM
2025-12-15,9:38:50.194105146,T,310.0,80,310.28,40,IBM
2025-12-15,9:38:50.194175313,T,310.0,80,310.62,160,IBM
2025-12-15,9:38:50.195593715,T,310.07,40,310.62,160,IBM
2025-12-15,9:38:50.195618784,T,310.07,120,310.62,160,IBM
2025-12-15,9:38:50.195789212,T,310.14,80,310.62,160,IBM
2025-12-15,9:38:50.196054770,T,310.14,80,310.47,40,IBM
2025-12-15,9:38:50.196796622,T,310.07,40,310.47,40,IBM
2025-12-15,9:38:50.197222702,T,310.07,40,310.41,40,IBM
2025-12-15,9:38:50.251647189,T,309.71,160,310.41,40,IBM
2025-12-15,9:38:51.115604167,T,309.71,160,310.47,40,IBM
2025-12-15,9:38:51.115604167,T,309.71,160,310.28,40,IBM
2025-12-15,9:38:51.149624858,T,310.0,80,310.28,40,IBM
2025-12-15,9:38:51.212479448,T,310.0,80,310.47,40,IBM
2025-12-15,9:38:51.212499452,T,310.0,80,310.62,160,IBM
2025-12-15,9:38:54.252080117,T,310.0,120,310.62,160,IBM
2025-12-15,9:38:54.252716638,T,310.0,120,310.47,40,IBM
2025-12-15,9:38:54.253493440,T,310.0,120,310.62,160,IBM
2025-12-15,9:38:54.253628811,T,310.01,40,310.62,160,IBM
2025-12-15,9:38:58.628909461,T,310.01,40,310.36,40,IBM
2025-12-15,9:38:59.304126818,T,310.08,40,310.36,40,IBM
2025-12-15,9:38:59.304156857,T,310.08,80,310.36,40,IBM
2025-12-15,9:38:59.495707885,T,310.08,40,310.36,40,IBM
2025-12-15,9:39:01.764468898,T,310.08,40,310.36,80,IBM
2025-12-15,9:39:04.069947173,T,310.01,40,310.36,80,IBM
2025-12-15,9:39:10.172790447,T,310.01,40,310.35,40,IBM
2025-12-15,9:39:10.172860883,T,310.01,40,310.36,120,IBM
2025-12-15,9:39:10.173878005,T,309.72,40,310.36,120,IBM
2025-12-15,9:39:10.269841481,T,309.72,40,310.36,80,IBM
2025-12-15,9:39:10.377111846,T,309.72,40,310.35,40,IBM
2025-12-15,9:39:10.377327263,T,309.72,40,310.35,80,IBM
2025-12-15,9:39:10.377537860,T,309.72,40,310.35,120,IBM
2025-12-15,9:39:10.440417519,T,309.72,40,310.35,80,IBM
2025-12-15,9:39:10.440643047,T,309.72,40,310.35,40,IBM
2025-12-15,9:39:11.898819268,T,309.72,40,310.36,40,IBM
2025-12-15,9:39:12.745289441,T,309.72,40,310.18,40,IBM
2025-12-15,9:39:12.745329509,T,309.72,40,310.12,40,IBM
2025-12-15,9:39:12.778172714,T,309.72,40,310.36,40,IBM
2025-12-15,9:39:24.196088510,T,309.59,40,310.36,40,IBM
2025-12-15,9:39:24.624994568,T,309.59,40,310.33,40,IBM
2025-12-15,9:39:26.997121829,T,309.59,40,310.12,40,IBM
2025-12-15,9:39:26.997151885,T,309.59,40,310.33,40,IBM
2025-12-15,9:39:26.997151885,T,309.59,40,310.12,40,IBM
2025-12-15,9:39:26.997542829,T,309.59,40,310.12,80,IBM
2025-12-15,9:39:27.094027508,T,309.59,40,310.12,40,IBM
2025-12-15,9:39:28.165964416,T,309.59,40,310.12,80,IBM
2025-12-15,9:39:41.336371819,T,309.59,40,310.12,120,IBM
2025-12-15,9:39:41.392736046,T,309.51,40,310.12,120,IBM
2025-12-15,9:39:41.392741095,T,309.51,40,310.11,40,IBM
2025-12-15,9:39:41.392776174,T,309.51,40,309.97,40,IBM
2025-12-15,9:39:41.393021766,T,309.51,40,309.97,80,IBM
2025-12-15,9:39:41.393147069,T,309.5,160,309.97,80,IBM
2025-12-15,9:39:41.393272327,T,309.5,160,309.97,120,IBM
2025-12-15,9:39:41.393502838,T,309.5,160,309.97,160,IBM
2025-12-15,9:39:41.393598110,T,309.5,160,309.97,200,IBM
2025-12-15,9:39:41.397086435,T,309.5,160,309.97,160,IBM
2025-12-15,9:39:41.408092572,T,309.5,160,309.97,120,IBM
2025-12-15,9:39:41.432996915,T,309.52,40,309.97,120,IBM
2025-12-15,9:39:41.651657442,T,309.52,40,309.97,80,IBM
2025-12-15,9:39:43.100381419,T,309.52,40,309.96,40,IBM
2025-12-15,9:39:43.100882573,T,309.52,40,309.96,80,IBM
2025-12-15,9:39:43.101318578,T,309.5,200,309.96,80,IBM
2025-12-15,9:39:43.101609316,T,309.5,200,309.96,120,IBM
2025-12-15,9:39:43.102015291,T,309.51,40,309.96,120,IBM
2025-12-15,9:39:43.112014046,T,309.51,40,309.96,160,IBM
2025-12-15,9:39:45.965211043,T,309.5,160,309.96,160,IBM
2025-12-15,9:39:49.082456957,T,309.5,160,309.95,40,IBM
2025-12-15,9:39:49.088982535,T,309.5,160,309.95,80,IBM
2025-12-15,9:39:53.052262267,T,309.5,160,309.95,120,IBM
2025-12-15,9:39:53.057118774,T,309.43,40,309.95,120,IBM
2025-12-15,9:39:53.065879615,T,309.43,40,309.95,80,IBM
2025-12-15,9:39:53.160098974,T,309.35,160,309.95,80,IBM
2025-12-15,9:39:53.691960019,T,309.35,160,309.95,120,IBM
2025-12-15,9:39:53.691985131,T,309.35,160,309.83,40,IBM
2025-12-15,9:39:53.692511387,T,309.35,160,309.83,80,IBM
2025-12-15,9:39:53.696029781,T,309.35,160,309.83,40,IBM
2025-12-15,9:39:53.764958850,T,309.35,160,309.83,80,IBM
2025-12-15,9:39:54.144492310,T,309.35,160,309.83,120,IBM
2025-12-15,9:39:54.144527498,T,309.35,160,309.82,40,IBM
2025-12-15,9:39:54.150566835,T,309.35,160,309.82,80,IBM
2025-12-15,9:39:57.114768645,T,309.35,160,309.81,40,IBM
2025-12-15,9:39:57.114783250,T,309.35,160,309.7,40,IBM
2025-12-15,9:39:57.115129078,T,309.35,160,309.7,80,IBM
2025-12-15,9:39:57.115289465,T,309.35,160,309.69,40,IBM
2025-12-15,9:39:57.115349605,T,309.35,160,309.7,80,IBM
2025-12-15,9:39:57.115635238,T,309.35,160,309.7,120,IBM
2025-12-15,9:39:57.115805698,T,309.35,160,309.7,80,IBM
2025-12-15,9:39:57.117379482,T,309.0,520,309.7,80,IBM
2025-12-15,9:39:57.117389422,T,309.18,160,309.7,80,IBM
2025-12-15,9:39:57.123584240,T,309.18,160,309.7,40,IBM
2025-12-15,9:39:57.129804034,T,309.18,160,309.92,40,IBM
2025-12-15,9:39:57.224800186,T,309.2,40,309.92,40,IBM
2025-12-15,9:39:57.233375608,T,309.18,160,309.92,40,IBM
2025-12-15,9:39:57.605867245,T,309.18,160,309.96,80,IBM
2025-12-15,9:39:58.115169793,T,309.33,40,309.96,80,IBM
2025-12-15,9:40:03.805305543,T,309.33,40,309.95,40,IBM
2025-12-15,9:40:08.838767824,T,309.51,40,309.95,40,IBM
2025-12-15,9:40:08.838812840,T,309.51,80,309.95,40,IBM
2025-12-15,9:40:08.840246314,T,309.52,80,309.95,40,IBM
2025-12-15,9:40:08.841008158,T,309.52,120,309.95,40,IBM
2025-12-15,9:40:08.925384022,T,309.52,120,309.96,80,IBM
2025-12-15,9:40:09.942274835,T,309.52,160,309.96,80,IBM
2025-12-15,9:40:13.795162077,T,309.52,160,309.96,40,IBM
2025-12-15,9:40:14.007828392,T,309.52,120,309.96,40,IBM
2025-12-15,9:40:17.484174182,T,309.52,40,309.96,40,IBM
2025-12-15,9:40:23.155068547,T,309.52,80,309.96,40,IBM
2025-12-15,9:40:27.883855776,T,309.52,40,309.96,40,IBM
2025-12-15,9:40:27.884051221,T,309.33,40,309.96,40,IBM
2025-12-15,9:40:34.618513081,T,309.34,40,309.96,40,IBM
2025-12-15,9:40:35.613080829,T,309.34,40,309.98,40,IBM
2025-12-15,9:40:36.165039716,T,309.33,40,309.98,40,IBM
2025-12-15,9:40:36.165039716,T,309.52,40,309.98,40,IBM
2025-12-15,9:40:36.165044770,T,309.33,40,309.98,40,IBM
2025-12-15,9:40:36.165079870,T,309.34,40,309.98,40,IBM
2025-12-15,9:40:36.165155038,T,309.52,40,309.98,40,IBM
2025-12-15,9:40:36.165165059,T,309.34,40,309.98,40,IBM
2025-12-15,9:40:38.413412099,T,309.34,40,309.96,40,IBM
2025-12-15,9:40:38.413477225,T,309.33,40,309.96,40,IBM
2025-12-15,9:40:39.039337170,T,309.33,40,309.77,40,IBM
2025-12-15,9:40:39.039763149,T,309.33,40,309.77,80,IBM
2025-12-15,9:40:40.656000504,T,309.34,40,309.77,80,IBM
2025-12-15,9:40:43.499975734,T,309.34,40,309.77,40,IBM
2025-12-15,9:40:43.635207674,T,309.5,40,309.77,40,IBM
2025-12-15,9:40:43.953480269,T,309.5,40,309.98,40,IBM
2025-12-15,9:40:43.973362657,T,309.53,40,309.98,40,IBM
2025-12-15,9:40:43.973412703,T,309.54,40,309.98,40,IBM
2025-12-15,9:40:43.973422991,T,309.54,80,309.98,40,IBM
2025-12-15,9:40:43.973443163,T,309.54,120,309.98,40,IBM
2025-12-15,9:40:43.973452809,T,309.55,40,309.98,40,IBM
2025-12-15,9:40:43.973467862,T,309.65,40,309.98,40,IBM
2025-12-15,9:40:43.973663407,T,309.65,40,309.8,200,IBM
2025-12-15,9:40:43.973793685,T,309.54,80,309.8,200,IBM
2025-12-15,9:40:43.973843806,T,309.55,40,309.8,200,IBM
2025-12-15,9:40:43.973853834,T,309.55,40,309.8,120,IBM
2025-12-15,9:40:43.973858878,T,309.55,40,309.98,40,IBM
2025-12-15,9:40:43.975166965,T,309.55,40,309.96,160,IBM
2025-12-15,9:40:43.975533090,T,309.55,80,309.96,160,IBM
2025-12-15,9:40:43.976013904,T,309.55,80,309.96,200,IBM
2025-12-15,9:40:43.977587693,T,309.55,80,309.95,40,IBM
2025-12-15,9:40:43.977632830,T,309.55,80,309.95,200,IBM
2025-12-15,9:40:43.985626827,T,309.55,40,309.95,200,IBM
2025-12-15,9:40:44.006747101,T,309.54,40,309.95,200,IBM
2025-12-15,9:40:44.007398679,T,309.53,40,309.95,200,IBM
2025-12-15,9:40:44.019557889,T,309.55,40,309.95,200,IBM
2025-12-15,9:40:44.026985291,T,309.55,40,309.95,240,IBM
2025-12-15,9:40:44.027005288,T,309.55,40,309.95,40,IBM
2025-12-15,9:40:44.027030389,T,309.55,40,309.94,200,IBM
2025-12-15,9:40:44.040808254,T,309.55,40,309.95,40,IBM
2025-12-15,9:40:44.040833623,T,309.55,40,309.93,200,IBM
2025-12-15,9:40:44.049518948,T,309.55,40,309.95,40,IBM
2025-12-15,9:40:44.049543942,T,309.55,40,309.92,200,IBM
2025-12-15,9:40:44.056425329,T,309.55,40,309.95,40,IBM
2025-12-15,9:40:44.056450381,T,309.55,40,309.91,200,IBM
2025-12-15,9:40:44.072714124,T,309.55,40,309.95,40,IBM
2025-12-15,9:40:44.072739162,T,309.55,40,309.9,200,IBM
2025-12-15,9:40:44.073596257,T,309.37,160,309.9,200,IBM
2025-12-15,9:40:44.077766123,T,309.37,160,309.95,40,IBM
2025-12-15,9:40:44.077791287,T,309.37,160,309.89,200,IBM
2025-12-15,9:40:44.083600036,T,309.37,160,309.95,40,IBM
2025-12-15,9:40:44.083620118,T,309.37,160,309.88,200,IBM
2025-12-15,9:40:44.093879504,T,309.37,160,309.95,40,IBM
2025-12-15,9:40:44.093904619,T,309.37,160,309.87,200,IBM
2025-12-15,9:40:44.101898586,T,309.37,160,309.95,40,IBM
2025-12-15,9:40:44.101923722,T,309.37,160,309.86,200,IBM
2025-12-15,9:40:44.108544466,T,309.37,160,309.95,40,IBM
2025-12-15,9:40:44.108574514,T,309.37,160,309.85,200,IBM
2025-12-15,9:40:44.113481246,T,309.37,160,309.95,40,IBM
2025-12-15,9:40:44.113501269,T,309.37,160,309.84,200,IBM
2025-12-15,9:40:44.146264209,T,309.37,160,309.95,40,IBM
2025-12-15,9:40:44.146284289,T,309.37,160,309.83,200,IBM
2025-12-15,9:40:44.152519161,T,309.37,160,309.95,40,IBM
2025-12-15,9:40:44.152539146,T,309.37,160,309.82,200,IBM
2025-12-15,9:40:44.184705802,T,309.37,160,309.95,40,IBM
2025-12-15,9:40:44.184710822,T,309.37,160,310.03,40,IBM
2025-12-15,9:40:44.184725847,T,309.37,160,309.81,160,IBM
2025-12-15,9:40:44.184755930,T,309.37,160,310.03,40,IBM
2025-12-15,9:40:44.266881427,T,309.37,160,310.12,40,IBM
2025-12-15,9:40:44.285861544,T,309.37,160,310.1,80,IBM
2025-12-15,9:40:44.905692073,T,309.37,160,309.95,40,IBM
2025-12-15,9:40:44.905727246,T,309.37,160,309.87,40,IBM
2025-12-15,9:40:44.954347892,T,309.37,160,309.87,80,IBM
2025-12-15,9:40:45.797204563,T,309.37,160,309.87,40,IBM
2025-12-15,9:40:46.710032506,T,309.37,160,309.84,40,IBM
2025-12-15,9:40:46.714392848,T,309.37,160,309.84,80,IBM
2025-12-15,9:40:55.102491213,T,309.37,160,309.84,40,IBM
2025-12-15,9:40:57.816837696,T,309.37,160,309.83,40,IBM
2025-12-15,9:40:57.817033176,T,309.37,160,309.72,40,IBM
2025-12-15,9:40:57.817704847,T,309.37,160,309.71,40,IBM
2025-12-15,9:40:57.817734866,T,309.37,160,309.72,40,IBM
2025-12-15,9:40:57.817734866,T,309.37,160,309.61,40,IBM
2025-12-15,9:40:57.817795057,T,309.37,160,309.72,40,IBM
2025-12-15,9:40:57.818020594,T,309.37,160,309.72,80,IBM
2025-12-15,9:40:57.818050600,T,309.37,160,309.72,40,IBM
2025-12-15,9:40:57.822130348,T,309.37,240,309.72,40,IBM
2025-12-15,9:40:57.826084701,T,309.37,80,309.72,40,IBM
2025-12-15,9:40:57.828635801,T,309.37,80,309.72,80,IBM
2025-12-15,9:40:58.073132849,T,309.2,40,309.72,80,IBM
2025-12-15,9:40:58.073353382,T,309.2,40,309.72,40,IBM
2025-12-15,9:40:58.817224183,T,309.22,80,309.72,40,IBM
2025-12-15,9:40:58.822551900,T,309.22,160,309.72,40,IBM
2025-12-15,9:40:59.337898726,T,309.23,80,309.72,40,IBM
2025-12-15,9:40:59.343040921,T,309.23,120,309.72,40,IBM
2025-12-15,9:40:59.979546172,T,309.23,120,309.71,40,IBM
2025-12-15,9:40:59.982668666,T,309.23,120,309.71,80,IBM
2025-12-15,9:41:01.068453591,T,309.23,80,309.71,80,IBM
2025-12-15,9:41:01.956452475,T,309.23,80,309.67,40,IBM
2025-12-15,9:41:01.956487578,T,309.23,80,309.71,80,IBM
2025-12-15,9:41:01.956497874,T,309.23,40,309.71,80,IBM
2025-12-15,9:41:01.956497874,T,309.23,40,309.53,40,IBM
2025-12-15,9:41:01.956542642,T,309.23,40,309.71,80,IBM
2025-12-15,9:41:01.956542642,T,309.23,40,309.44,40,IBM
2025-12-15,9:41:01.961574664,T,309.23,40,309.44,80,IBM
2025-12-15,9:41:01.967719320,T,309.23,40,309.44,40,IBM
2025-12-15,9:41:01.971919295,T,309.23,40,309.44,80,IBM
2025-12-15,9:41:02.916593139,T,309.23,40,309.41,40,IBM
2025-12-15,9:41:02.917515348,T,309.23,40,309.41,80,IBM
2025-12-15,9:41:03.766100595,T,309.23,40,309.41,40,IBM
2025-12-15,9:41:03.766100595,T,309.23,40,309.44,40,IBM
2025-12-15,9:41:03.766105411,T,309.23,40,309.95,160,IBM
2025-12-15,9:41:03.766531487,T,309.23,40,309.44,40,IBM
2025-12-15,9:41:03.766651726,T,309.23,80,309.44,40,IBM
2025-12-15,9:41:03.766767043,T,309.23,120,309.44,40,IBM
2025-12-15,9:41:03.766797135,T,309.23,120,309.95,160,IBM
2025-12-15,9:41:03.766897384,T,309.27,40,309.95,160,IBM
2025-12-15,9:41:04.008201799,T,309.27,40,309.89,80,IBM
2025-12-15,9:41:04.945643369,T,309.27,40,309.74,40,IBM
2025-12-15,9:41:04.945663413,T,309.2,40,309.74,40,IBM
2025-12-15,9:41:04.946069369,T,309.2,40,309.74,80,IBM
2025-12-15,9:41:06.122600097,T,309.2,40,309.74,40,IBM
2025-12-15,9:41:08.392984947,T,309.2,40,309.74,80,IBM
2025-12-15,9:41:15.941334077,T,309.27,40,309.74,80,IBM
2025-12-15,9:41:19.103211185,T,309.27,40,309.74,40,IBM
2025-12-15,9:41:19.544130732,T,309.2,40,309.74,40,IBM
2025-12-15,9:41:22.385805447,T,309.2,40,309.92,40,IBM
2025-12-15,9:41:23.510833709,T,309.2,40,309.65,40,IBM
2025-12-15,9:41:23.510883857,T,309.2,40,309.52,40,IBM
2025-12-15,9:41:23.537863125,T,309.22,40,309.52,40,IBM
2025-12-15,9:41:23.538289148,T,309.22,40,309.52,80,IBM
2025-12-15,9:41:23.765013897,T,309.22,40,309.52,120,IBM
2025-12-15,9:41:24.223871152,T,309.22,40,309.52,80,IBM
2025-12-15,9:41:24.223886173,T,309.22,40,309.52,40,IBM
2025-12-15,9:41:25.382875247,T,309.22,40,309.51,40,IBM
2025-12-15,9:41:29.753198969,T,309.22,40,309.51,80,IBM
2025-12-15,9:41:30.611462222,T,309.2,40,309.51,80,IBM
2025-12-15,9:41:32.009590528,T,309.2,40,309.51,40,IBM
2025-12-15,9:41:45.435145619,T,309.27,40,309.51,40,IBM
2025-12-15,9:41:45.453840189,T,309.27,80,309.51,40,IBM
2025-12-15,9:41:45.492747730,T,309.27,40,309.51,40,IBM
2025-12-15,9:41:45.493168767,T,309.2,40,309.51,40,IBM
2025-12-15,9:41:46.326161802,T,309.27,40,309.51,40,IBM
2025-12-15,9:41:46.327003797,T,309.28,80,309.51,40,IBM
2025-12-15,9:41:46.327424808,T,309.28,120,309.51,40,IBM
2025-12-15,9:41:46.327765594,T,309.28,160,309.51,40,IBM
2025-12-15,9:41:46.327941108,T,309.28,120,309.51,40,IBM
2025-12-15,9:41:48.097954613,T,309.28,120,309.7,40,IBM
2025-12-15,9:41:48.097989767,T,309.32,40,309.7,40,IBM
2025-12-15,9:41:48.098180116,T,309.29,80,309.7,40,IBM
2025-12-15,9:41:48.098285370,T,309.32,40,309.7,40,IBM
2025-12-15,9:41:48.098375596,T,309.29,80,309.7,40,IBM
2025-12-15,9:41:48.098741558,T,309.33,40,309.7,40,IBM
2025-12-15,9:41:48.099272735,T,309.34,40,309.7,40,IBM
2025-12-15,9:41:48.099307797,T,309.29,80,309.7,40,IBM
2025-12-15,9:41:48.099403052,T,309.29,40,309.7,40,IBM
2025-12-15,9:41:48.099528331,T,309.33,40,309.7,40,IBM
2025-12-15,9:41:48.100024587,T,309.34,40,309.7,40,IBM
2025-12-15,9:41:48.100074633,T,309.29,40,309.7,40,IBM
2025-12-15,9:41:48.198649320,T,309.28,80,309.7,40,IBM
2025-12-15,9:41:50.318024693,T,309.39,40,309.7,40,IBM
2025-12-15,9:41:50.318059702,T,309.39,80,309.7,40,IBM
2025-12-15,9:41:50.383555603,T,309.39,40,309.7,40,IBM
2025-12-15,9:41:50.383766120,T,309.39,80,309.7,40,IBM
2025-12-15,9:41:52.192682324,T,309.39,120,309.7,40,IBM
2025-12-15,9:41:52.192687367,T,309.39,120,309.84,80,IBM
2025-12-15,9:41:52.192712402,T,309.4,40,309.84,80,IBM
2025-12-15,9:41:52.192722592,T,309.41,40,309.84,80,IBM
2025-12-15,9:41:52.192742450,T,309.55,40,309.84,80,IBM
2025-12-15,9:41:52.192817644,T,309.55,80,309.84,80,IBM
2025-12-15,9:41:52.193108398,T,309.55,120,309.84,80,IBM
2025-12-15,9:41:52.193228643,T,309.55,160,309.84,80,IBM
2025-12-15,9:41:52.193669638,T,309.55,160,309.84,480,IBM
2025-12-15,9:41:52.193694802,T,309.55,120,309.84,480,IBM
2025-12-15,9:41:52.193715482,T,309.55,80,309.84,480,IBM
2025-12-15,9:41:52.194496698,T,309.55,80,309.84,400,IBM
2025-12-15,9:41:52.730176799,T,309.55,80,309.8,40,IBM
2025-12-15,9:41:52.730221975,T,309.55,80,309.8,440,IBM
2025-12-15,9:41:53.590364620,T,309.55,80,309.8,400,IBM
2025-12-15,9:41:53.590364620,T,309.55,80,310.12,200,IBM
2025-12-15,9:41:53.590389684,T,309.55,120,310.12,200,IBM
2025-12-15,9:41:53.590404717,T,309.56,40,310.12,200,IBM
2025-12-15,9:41:53.590404717,T,309.56,80,310.12,200,IBM
2025-12-15,9:41:53.591076250,T,309.56,40,310.12,200,IBM
2025-12-15,9:41:53.591076250,T,309.67,40,310.12,200,IBM
2025-12-15,9:41:53.591081342,T,309.56,40,310.12,200,IBM
2025-12-15,9:41:53.591116404,T,309.67,40,310.12,200,IBM
2025-12-15,9:41:53.602749069,T,309.56,40,310.12,200,IBM
2025-12-15,9:41:53.602774129,T,309.28,80,310.12,200,IBM
2025-12-15,9:41:54.383161943,T,309.61,40,310.12,200,IBM
2025-12-15,9:41:54.383196998,T,309.61,80,310.12,200,IBM
2025-12-15,9:41:55.693726747,T,309.61,40,310.12,200,IBM
2025-12-15,9:41:56.311517341,T,309.61,80,310.12,200,IBM
2025-12-15,9:41:56.865456049,T,309.61,80,310.12,600,IBM
2025-12-15,9:41:56.871580620,T,309.61,80,310.12,440,IBM
2025-12-15,9:41:56.872217174,T,309.61,120,310.12,440,IBM
2025-12-15,9:41:56.872222187,T,309.61,80,310.12,440,IBM
2025-12-15,9:41:56.872618165,T,309.61,80,310.12,400,IBM
2025-12-15,9:41:56.909250308,T,309.61,80,309.99,40,IBM
2025-12-15,9:41:56.909300493,T,309.61,80,309.99,440,IBM
2025-12-15,9:41:56.910157526,T,309.61,40,309.99,440,IBM
2025-12-15,9:42:00.598167131,T,309.61,40,309.99,40,IBM
2025-12-15,9:42:00.598192207,T,309.61,40,309.98,400,IBM
2025-12-15,9:42:02.532326527,T,309.61,40,309.97,40,IBM
2025-12-15,9:42:02.532371624,T,309.61,40,309.97,440,IBM
2025-12-15,9:42:03.772433477,T,309.65,40,309.97,440,IBM
2025-12-15,9:42:03.822763441,T,309.61,40,309.97,440,IBM
2025-12-15,9:42:06.233837929,T,309.61,40,309.97,480,IBM
2025-12-15,9:42:06.235807621,T,309.61,40,309.97,80,IBM
2025-12-15,9:42:06.235832689,T,309.61,40,309.96,400,IBM
2025-12-15,9:42:06.235952974,T,309.28,80,309.96,400,IBM
2025-12-15,9:42:06.235968055,T,309.28,80,309.97,80,IBM
2025-12-15,9:42:06.235973035,T,309.28,80,309.79,40,IBM
2025-12-15,9:42:06.235998092,T,309.28,80,309.63,400,IBM
2025-12-15,9:42:06.236163504,T,309.28,80,309.63,360,IBM
2025-12-15,9:42:06.236173502,T,309.28,80,309.79,40,IBM
2025-12-15,9:42:06.236188580,T,309.28,80,309.97,80,IBM
2025-12-15,9:42:06.236203567,T,309.28,80,309.96,40,IBM
2025-12-15,9:42:06.236248669,T,309.28,80,309.97,80,IBM
2025-12-15,9:42:06.236328867,T,309.28,80,309.96,40,IBM
2025-12-15,9:42:06.236353928,T,309.28,80,309.97,80,IBM
2025-12-15,9:42:06.239571628,T,309.28,80,309.96,40,IBM
2025-12-15,9:42:06.239576607,T,309.28,80,309.97,80,IBM
2025-12-15,9:42:06.239576607,T,309.28,80,309.77,40,IBM
2025-12-15,9:42:06.239902375,T,309.28,80,309.97,80,IBM
2025-12-15,9:42:06.247570658,T,309.28,80,309.97,40,IBM
2025-12-15,9:42:06.479698247,T,309.45,40,309.97,40,IBM
2025-12-15,9:42:06.489882508,T,309.28,80,309.97,40,IBM
2025-12-15,9:42:06.805348458,T,309.28,80,309.99,40,IBM
2025-12-15,9:42:07.989392273,T,309.28,80,309.67,40,IBM
2025-12-15,9:42:07.992223954,T,309.28,80,309.99,40,IBM
2025-12-15,9:42:07.992259094,T,309.45,40,309.99,40,IBM
2025-12-15,9:42:07.992259094,T,309.46,40,309.99,40,IBM
2025-12-15,9:42:07.992264107,T,309.46,80,309.99,40,IBM
2025-12-15,9:42:07.992559817,T,309.56,40,309.99,40,IBM
2025-12-15,9:42:07.993015885,T,309.56,40,309.94,40,IBM
2025-12-15,9:42:07.993211352,T,309.46,40,309.94,40,IBM
2025-12-15,9:42:08.003380952,T,309.46,40,309.99,40,IBM
2025-12-15,9:42:08.003380952,T,309.56,40,309.99,40,IBM
2025-12-15,9:42:08.092668111,T,309.28,80,309.99,40,IBM
2025-12-15,9:42:10.059419981,T,309.28,80,309.93,40,IBM
2025-12-15,9:42:12.368040797,T,309.28,80,309.99,40,IBM
2025-12-15,9:42:12.917248228,T,309.28,120,309.99,40,IBM
2025-12-15,9:42:12.917268324,T,309.28,80,309.99,40,IBM
2025-12-15,9:42:19.268327504,T,309.6,40,309.99,40,IBM
2025-12-15,9:42:19.268437709,T,309.28,80,309.99,40,IBM
2025-12-15,9:42:19.268442763,T,309.73,40,309.99,40,IBM
2025-12-15,9:42:19.269430058,T,309.28,80,309.99,40,IBM
2025-12-15,9:42:19.269615553,T,309.61,40,309.99,40,IBM
2025-12-15,9:42:19.271971158,T,309.3,40,309.99,40,IBM
2025-12-15,9:42:19.386879684,T,309.61,40,309.99,40,IBM
2025-12-15,9:42:19.513877078,T,309.3,40,309.99,40,IBM
2025-12-15,9:42:19.514212825,T,309.41,40,309.99,40,IBM
2025-12-15,9:42:19.514568670,T,309.46,40,309.99,40,IBM
2025-12-15,9:42:19.926674750,T,309.3,40,309.99,40,IBM
2025-12-15,9:42:30.052670088,T,309.61,40,309.99,40,IBM
2025-12-15,9:42:30.052875575,T,309.61,80,309.99,40,IBM
2025-12-15,9:42:30.052905682,T,309.63,40,309.99,40,IBM
2025-12-15,9:42:30.053913057,T,309.61,120,309.99,40,IBM
2025-12-15,9:42:33.415716176,T,309.61,80,309.99,40,IBM
2025-12-15,9:42:33.415901619,T,309.62,40,309.99,40,IBM
2025-12-15,9:42:33.415936708,T,309.63,40,309.99,40,IBM
2025-12-15,9:42:44.068856357,T,309.63,40,309.98,40,IBM
2025-12-15,9:42:44.089084631,T,309.61,80,309.98,40,IBM
2025-12-15,9:42:44.089084631,T,309.61,40,309.98,40,IBM
2025-12-15,9:42:44.089109551,T,309.61,40,309.81,40,IBM
2025-12-15,9:42:44.089149612,T,309.61,40,309.98,40,IBM
2025-12-15,9:42:44.089194706,T,309.61,40,309.81,40,IBM
2025-12-15,9:42:44.089205167,T,309.61,40,309.98,40,IBM
2025-12-15,9:42:44.089239866,T,309.61,40,309.81,40,IBM
2025-12-15,9:42:44.089615781,T,309.3,40,309.81,40,IBM
2025-12-15,9:42:44.089650824,T,309.28,80,309.81,40,IBM
2025-12-15,9:42:44.089856256,T,309.28,80,309.8,40,IBM
2025-12-15,9:42:44.101784740,T,309.28,80,309.81,40,IBM
2025-12-15,9:42:44.101804753,T,309.28,80,309.99,40,IBM
2025-12-15,9:42:44.201191386,T,309.32,40,309.99,40,IBM
2025-12-15,9:42:44.201226468,T,309.39,40,309.99,40,IBM
2025-12-15,9:42:44.290694460,T,309.39,40,309.98,40,IBM
2025-12-15,9:42:44.465280060,T,309.39,40,309.99,40,IBM
2025-12-15,9:42:44.646847226,T,309.39,40,309.98,40,IBM
2025-12-15,9:42:44.737342663,T,309.32,40,309.98,40,IBM
2025-12-15,9:42:44.779097037,T,309.32,40,309.99,40,IBM
2025-12-15,9:42:44.792920012,T,309.32,40,309.98,40,IBM
2025-12-15,9:42:45.089520985,T,309.45,40,309.98,40,IBM
2025-12-15,9:42:45.089546110,T,309.45,40,309.99,40,IBM
2025-12-15,9:42:45.089556092,T,309.46,40,309.99,40,IBM
2025-12-15,9:42:45.726201737,T,309.45,40,309.99,40,IBM
2025-12-15,9:42:45.734737005,T,309.46,40,309.99,40,IBM
2025-12-15,9:42:46.715050778,T,309.45,40,309.99,40,IBM
2025-12-15,9:42:46.717722088,T,309.46,40,309.99,40,IBM
2025-12-15,9:42:47.703904863,T,309.45,40,309.99,40,IBM
2025-12-15,9:42:47.789308105,T,309.46,40,309.99,40,IBM
2025-12-15,9:42:48.025761043,T,309.46,40,309.99,80,IBM
2025-12-15,9:42:50.970796708,T,309.46,40,309.99,120,IBM
2025-12-15,9:42:50.970831849,T,309.46,40,309.98,40,IBM
2025-12-15,9:42:50.977372464,T,309.46,40,309.98,80,IBM
2025-12-15,9:42:52.024134207,T,309.46,40,309.98,40,IBM
2025-12-15,9:42:52.024169342,T,309.46,40,309.98,80,IBM
2025-12-15,9:42:52.024555275,T,309.46,40,309.98,120,IBM
2025-12-15,9:42:52.214562640,T,309.46,40,309.97,40,IBM
2025-12-15,9:42:52.749611267,T,309.46,40,309.99,40,IBM
2025-12-15,9:42:52.749821860,T,309.46,40,309.99,80,IBM
2025-12-15,9:42:52.750207779,T,309.46,40,309.99,120,IBM
2025-12-15,9:42:54.356075620,T,309.46,40,309.98,40,IBM
2025-12-15,9:42:54.356421381,T,309.46,40,309.98,80,IBM
2025-12-15,9:42:54.356631991,T,309.46,40,309.98,120,IBM
2025-12-15,9:42:54.357052922,T,309.46,40,309.98,160,IBM
2025-12-15,9:42:55.424002850,T,309.46,40,309.98,120,IBM
2025-12-15,9:42:55.498219598,T,309.46,40,309.97,40,IBM
2025-12-15,9:42:55.514342972,T,309.46,40,309.97,80,IBM
2025-12-15,9:42:55.514342972,T,309.46,40,309.97,120,IBM
2025-12-15,9:42:55.514347929,T,309.46,40,309.97,160,IBM
2025-12-15,9:42:55.747006838,T,309.45,40,309.97,160,IBM
2025-12-15,9:42:55.747031879,T,309.45,40,309.78,40,IBM
2025-12-15,9:42:55.747072297,T,309.45,40,309.97,120,IBM
2025-12-15,9:42:55.747092033,T,309.46,40,309.97,120,IBM
2025-12-15,9:42:55.747117128,T,309.46,40,309.97,80,IBM
2025-12-15,9:42:55.747122193,T,309.46,40,309.79,40,IBM
2025-12-15,9:42:55.747122193,T,309.45,40,309.79,40,IBM
2025-12-15,9:42:55.747152202,T,309.45,40,309.79,80,IBM
2025-12-15,9:42:55.747362715,T,309.45,40,309.79,40,IBM
2025-12-15,9:42:55.747528112,T,309.45,40,309.79,80,IBM
2025-12-15,9:42:55.747888953,T,309.45,40,309.79,120,IBM
2025-12-15,9:42:55.748325040,T,309.28,80,309.79,120,IBM
2025-12-15,9:42:55.895149523,T,309.28,120,309.79,120,IBM
2025-12-15,9:42:56.594238752,T,309.28,80,309.79,120,IBM
2025-12-15,9:42:56.594273885,T,309.28,80,309.79,160,IBM
2025-12-15,9:42:57.856468535,T,309.28,80,309.69,40,IBM
2025-12-15,9:42:57.856518689,T,309.28,80,309.63,40,IBM
2025-12-15,9:42:57.857465889,T,309.28,80,309.63,80,IBM
2025-12-15,9:42:57.857676378,T,309.28,80,309.63,120,IBM
2025-12-15,9:42:57.865048971,T,309.28,80,309.63,80,IBM
2025-12-15,9:42:59.422391268,T,309.05,40,309.63,80,IBM
2025-12-15,9:42:59.422416331,T,309.04,200,309.63,80,IBM
2025-12-15,9:42:59.429583296,T,309.04,200,309.54,40,IBM
2025-12-15,9:42:59.430440386,T,309.04,200,309.54,80,IBM
2025-12-15,9:42:59.434775787,T,309.04,200,309.54,120,IBM
2025-12-15,9:42:59.611842201,T,309.05,40,309.54,120,IBM
2025-12-15,9:42:59.646289235,T,309.04,160,309.54,120,IBM
2025-12-15,9:42:59.786668465,T,309.28,40,309.54,120,IBM
2025-12-15,9:43:05.468143552,T,309.28,40,309.54,80,IBM
2025-12-15,9:43:15.052800326,T,309.29,40,309.54,80,IBM
2025-12-15,9:43:15.370466541,T,309.29,80,309.54,80,IBM
2025-12-15,9:43:16.636655850,T,309.29,120,309.54,80,IBM
2025-12-15,9:43:16.649125463,T,309.29,120,309.54,40,IBM
2025-12-15,9:43:16.649130528,T,309.29,120,309.94,160,IBM
2025-12-15,9:43:16.649135515,T,309.29,160,309.94,160,IBM
2025-12-15,9:43:16.649140607,T,309.29,160,309.54,40,IBM
2025-12-15,9:43:16.649150745,T,309.29,160,309.93,40,IBM
2025-12-15,9:43:16.649155614,T,309.29,160,309.94,160,IBM
2025-12-15,9:43:16.649185691,T,309.42,40,309.94,160,IBM
2025-12-15,9:43:16.649546646,T,309.42,40,309.54,40,IBM
2025-12-15,9:43:16.649571596,T,309.42,40,309.94,160,IBM
2025-12-15,9:43:16.649571596,T,309.31,40,309.94,160,IBM
2025-12-15,9:43:16.649606691,T,309.31,80,309.94,160,IBM
2025-12-15,9:43:16.649611622,T,309.41,40,309.94,160,IBM
2025-12-15,9:43:16.649646706,T,309.42,40,309.94,160,IBM
2025-12-15,9:43:16.649862281,T,309.51,40,309.94,160,IBM
2025-12-15,9:43:16.649937482,T,309.46,40,309.94,160,IBM
2025-12-15,9:43:16.650513807,T,309.31,80,309.94,160,IBM
2025-12-15,9:43:16.650639077,T,309.37,40,309.94,160,IBM
2025-12-15,9:43:16.650764469,T,309.38,40,309.94,160,IBM
2025-12-15,9:43:16.651691584,T,309.38,80,309.94,160,IBM
2025-12-15,9:43:16.659339828,T,309.38,40,309.94,160,IBM
2025-12-15,9:43:16.664026009,T,309.42,40,309.94,160,IBM
2025-12-15,9:43:16.664647510,T,309.38,40,309.94,160,IBM
2025-12-15,9:43:16.676841482,T,309.38,40,309.68,40,IBM
2025-12-15,9:43:16.676866514,T,309.31,40,309.68,40,IBM
2025-12-15,9:43:16.677477993,T,309.3,40,309.68,40,IBM
2025-12-15,9:43:16.685467051,T,309.3,40,309.94,160,IBM
2025-12-15,9:43:16.699069401,T,309.29,80,309.94,160,IBM
2025-12-15,9:43:16.749268851,T,309.29,40,309.94,160,IBM
2025-12-15,9:43:16.928139739,T,309.13,40,309.94,160,IBM
2025-12-15,9:43:17.161475281,T,309.05,40,309.94,160,IBM
2025-12-15,9:43:20.272801888,T,309.04,200,309.94,160,IBM
2025-12-15,9:43:20.272842036,T,309.04,160,309.94,160,IBM
2025-12-15,9:43:20.273633954,T,309.05,40,309.94,160,IBM
2025-12-15,9:43:22.944998320,T,309.04,200,309.94,160,IBM
2025-12-15,9:43:26.143512527,T,309.05,40,309.94,160,IBM
2025-12-15,9:43:38.413226212,T,309.13,40,309.94,160,IBM
2025-12-15,9:43:38.416719543,T,309.05,40,309.94,160,IBM
2025-12-15,9:43:38.723379642,T,309.04,200,309.94,160,IBM
2025-12-15,9:43:38.723384628,T,309.04,160,309.94,160,IBM
2025-12-15,9:43:38.723409810,T,309.04,160,309.57,40,IBM
2025-12-15,9:43:38.723479898,T,309.04,160,309.53,40,IBM
2025-12-15,9:43:38.723760569,T,309.0,520,309.53,40,IBM
2025-12-15,9:43:38.727509512,T,309.0,520,309.57,80,IBM
2025-12-15,9:43:38.820360458,T,309.0,520,309.57,40,IBM
2025-12-15,9:43:38.820380556,T,309.0,520,309.94,160,IBM
2025-12-15,9:43:38.961220860,T,309.0,520,309.75,40,IBM
2025-12-15,9:43:39.092498334,T,309.0,520,309.94,160,IBM
2025-12-15,9:43:48.528872246,T,309.0,520,309.93,40,IBM
2025-12-15,9:43:48.528932946,T,309.04,40,309.93,40,IBM
2025-12-15,9:43:48.528932946,T,309.04,40,309.44,40,IBM
2025-12-15,9:43:48.528932946,T,309.01,40,309.44,40,IBM
2025-12-15,9:43:48.528952452,T,309.0,520,309.44,40,IBM
2025-12-15,9:43:48.529483728,T,309.0,520,309.44,80,IBM
2025-12-15,9:43:48.529704263,T,309.0,520,309.44,40,IBM
2025-12-15,9:43:53.641382783,T,309.0,520,309.79,160,IBM
2025-12-15,9:43:59.494100600,T,309.19,40,309.79,160,IBM
2025-12-15,9:44:16.074400938,T,309.04,40,309.79,160,IBM
2025-12-15,9:44:16.074425916,T,309.04,40,309.34,40,IBM
2025-12-15,9:44:16.074491133,T,309.0,520,309.34,40,IBM
2025-12-15,9:44:16.081302458,T,309.0,520,309.74,80,IBM
2025-12-15,9:44:16.081327359,T,309.0,520,309.74,40,IBM
2025-12-15,9:44:16.081327359,T,309.19,40,309.74,40,IBM
2025-12-15,9:44:16.081362555,T,309.23,40,309.74,40,IBM
2025-12-15,9:44:16.081422611,T,309.23,80,309.74,40,IBM
2025-12-15,9:44:16.081608106,T,309.23,40,309.74,40,IBM
2025-12-15,9:44:16.081648130,T,309.28,40,309.74,40,IBM
2025-12-15,9:44:16.081743391,T,309.23,40,309.74,40,IBM
2025-12-15,9:44:16.081763444,T,309.23,80,309.74,40,IBM
2025-12-15,9:44:16.081773519,T,309.23,40,309.74,40,IBM
2025-12-15,9:44:16.081803495,T,309.19,80,309.74,40,IBM
2025-12-15,9:44:16.083647927,T,309.27,40,309.74,40,IBM
2025-12-15,9:44:16.085838099,T,309.19,40,309.74,40,IBM
2025-12-15,9:44:16.087973246,T,309.28,40,309.74,40,IBM
2025-12-15,9:44:16.087988278,T,309.19,40,309.74,40,IBM
2025-12-15,9:44:16.087993253,T,309.28,40,309.74,40,IBM
2025-12-15,9:44:16.088003419,T,309.35,40,309.74,40,IBM
2025-12-15,9:44:16.088128824,T,309.35,40,309.74,440,IBM
2025-12-15,9:44:16.088278988,T,309.35,40,309.74,840,IBM
2025-12-15,9:44:16.088293982,T,309.35,80,309.74,840,IBM
2025-12-15,9:44:16.088324031,T,309.35,40,309.74,840,IBM
2025-12-15,9:44:16.088529587,T,309.35,40,309.74,800,IBM
2025-12-15,9:44:16.089416636,T,309.28,40,309.74,800,IBM
2025-12-15,9:44:16.089436854,T,309.28,40,309.74,440,IBM
2025-12-15,9:44:16.089441928,T,309.19,40,309.74,440,IBM
2025-12-15,9:44:16.089441928,T,309.19,40,309.74,40,IBM
2025-12-15,9:44:16.089466737,T,309.19,40,309.42,680,IBM
2025-12-15,9:44:16.089472072,T,309.19,40,309.42,640,IBM
2025-12-15,9:44:16.089491884,T,309.19,40,309.42,440,IBM
2025-12-15,9:44:16.089491884,T,309.19,40,309.42,400,IBM
2025-12-15,9:44:16.089556948,T,309.19,40,309.42,440,IBM
2025-12-15,9:44:16.089682334,T,309.19,40,309.74,40,IBM
2025-12-15,9:44:16.089752439,T,309.2,40,309.74,40,IBM
2025-12-15,9:44:16.089782546,T,309.19,40,309.74,40,IBM
2025-12-15,9:44:16.091235977,T,309.5,40,309.74,40,IBM
2025-12-15,9:44:16.092288467,T,309.36,40,309.74,40,IBM
2025-12-15,9:44:16.093937395,T,309.42,40,309.74,40,IBM
2025-12-15,9:44:16.141681118,T,309.5,40,309.74,40,IBM
2025-12-15,9:44:16.141716132,T,309.54,40,309.74,40,IBM
2025-12-15,9:44:16.150256489,T,309.5,40,309.74,40,IBM
2025-12-15,9:44:16.161713805,T,309.2,40,309.74,40,IBM
2025-12-15,9:44:16.161733871,T,309.19,40,309.74,40,IBM
2025-12-15,9:44:16.193639782,T,309.2,40,309.74,40,IBM
2025-12-15,9:44:16.349771425,T,309.19,40,309.74,40,IBM
2025-12-15,9:44:16.530762328,T,309.2,40,309.74,40,IBM
2025-12-15,9:44:16.660937154,T,309.19,40,309.74,40,IBM
2025-12-15,9:44:17.101450786,T,309.2,40,309.74,40,IBM
2025-12-15,9:44:17.101896819,T,309.2,40,309.96,160,IBM
2025-12-15,9:44:17.101921930,T,309.43,40,309.96,160,IBM
2025-12-15,9:44:17.101946946,T,309.44,40,309.96,160,IBM
2025-12-15,9:44:17.101952026,T,309.59,40,309.96,160,IBM
2025-12-15,9:44:17.102558404,T,309.55,40,309.96,160,IBM
2025-12-15,9:44:17.102578513,T,309.28,40,309.96,160,IBM
2025-12-15,9:44:17.102598510,T,309.28,40,309.96,240,IBM
2025-12-15,9:44:17.102623596,T,309.55,40,309.96,240,IBM
2025-12-15,9:44:17.106868670,T,309.55,40,309.96,80,IBM
2025-12-15,9:44:17.107299783,T,309.2,40,309.96,80,IBM
2025-12-15,9:44:17.110762969,T,309.19,80,309.96,80,IBM
2025-12-15,9:44:17.168320036,T,309.55,40,309.96,80,IBM
2025-12-15,9:44:17.168350061,T,309.55,40,310.13,160,IBM
2025-12-15,9:44:17.228803985,T,309.19,80,310.13,160,IBM
2025-12-15,9:44:17.534642060,T,309.37,40,310.13,160,IBM
2025-12-15,9:44:17.605806507,T,309.37,40,310.05,80,IBM
2025-12-15,9:44:18.103782105,T,309.19,80,310.05,80,IBM
2025-12-15,9:44:18.283514887,T,309.56,40,310.05,80,IBM
2025-12-15,9:44:18.463222655,T,309.19,80,310.05,80,IBM
2025-12-15,9:44:18.540060667,T,309.37,40,310.05,80,IBM
2025-12-15,9:44:18.541995203,T,309.37,40,310.13,160,IBM
2025-12-15,9:44:18.549899035,T,309.37,40,310.08,80,IBM
2025-12-15,9:44:18.551157027,T,309.37,40,310.13,160,IBM
2025-12-15,9:44:18.790526825,T,309.19,80,310.13,160,IBM
2025-12-15,9:44:19.057477362,T,309.19,80,310.05,80,IBM
2025-12-15,9:44:19.065321050,T,309.19,80,310.13,160,IBM
2025-12-15,9:44:19.065351097,T,309.37,40,310.13,160,IBM
2025-12-15,9:44:19.563562086,T,309.37,40,310.05,80,IBM
2025-12-15,9:44:19.563592121,T,309.19,80,310.05,80,IBM
2025-12-15,9:44:19.571450839,T,309.19,80,310.13,160,IBM
2025-12-15,9:44:19.571480927,T,309.37,40,310.13,160,IBM
2025-12-15,9:44:19.843172727,T,309.55,40,310.13,160,IBM
2025-12-15,9:44:20.070253252,T,309.55,40,310.09,80,IBM
2025-12-15,9:44:20.071636504,T,309.56,40,310.09,80,IBM
2025-12-15,9:44:20.079520316,T,309.56,40,310.13,160,IBM
2025-12-15,9:44:20.578011976,T,309.56,40,310.07,80,IBM
2025-12-15,9:44:20.578042104,T,309.55,40,310.07,80,IBM
2025-12-15,9:44:20.585900812,T,309.55,40,310.13,160,IBM
2025-12-15,9:44:22.181103438,T,309.55,40,310.05,80,IBM
2025-12-15,9:44:22.189057314,T,309.55,40,310.13,160,IBM
2025-12-15,9:44:23.845194703,T,309.55,40,310.06,80,IBM
2025-12-15,9:44:23.853644827,T,309.55,40,310.13,160,IBM
2025-12-15,9:44:25.518282793,T,309.55,40,310.1,80,IBM
2025-12-15,9:44:25.526412057,T,309.55,40,310.13,160,IBM
2025-12-15,9:44:27.185215911,T,309.55,40,310.11,80,IBM
2025-12-15,9:44:27.193290072,T,309.55,40,310.13,160,IBM
2025-12-15,9:44:28.853747976,T,309.55,40,310.13,240,IBM
2025-12-15,9:44:29.090366268,T,309.19,80,310.13,240,IBM
2025-12-15,9:44:30.517408596,T,309.19,80,310.08,80,IBM
2025-12-15,9:44:30.518671506,T,309.19,80,310.13,160,IBM
2025-12-15,9:44:31.164148105,T,309.19,80,310.5,40,IBM
2025-12-15,9:44:31.164158083,T,309.19,80,310.32,160,IBM
2025-12-15,9:44:32.189694362,T,309.19,80,310.17,80,IBM
2025-12-15,9:44:32.197768627,T,309.19,80,310.32,160,IBM
2025-12-15,9:44:33.559485250,T,309.19,40,310.32,160,IBM
2025-12-15,9:44:33.560938633,T,309.55,40,310.32,160,IBM
2025-12-15,9:44:33.561459904,T,309.55,80,310.32,160,IBM
2025-12-15,9:44:35.124831756,T,309.55,40,310.32,160,IBM
2025-12-15,9:44:35.124916957,T,309.56,40,310.32,160,IBM
2025-12-15,9:44:35.125127491,T,309.56,80,310.32,160,IBM
2025-12-15,9:44:35.126094764,T,309.56,120,310.32,160,IBM
2025-12-15,9:44:35.489119082,T,309.56,80,310.32,160,IBM
2025-12-15,9:44:43.466028349,T,309.56,80,310.16,40,IBM
2025-12-15,9:44:45.778753951,T,309.56,80,310.13,40,IBM
2025-12-15,9:44:46.261302634,T,309.56,120,310.13,40,IBM
2025-12-15,9:44:46.363761561,T,309.56,80,310.13,40,IBM
2025-12-15,9:44:51.198115055,T,309.57,40,310.13,40,IBM
2025-12-15,9:44:51.241728881,T,309.37,40,310.13,40,IBM
2025-12-15,9:44:51.241763932,T,309.2,40,310.13,40,IBM
2025-12-15,9:44:51.241788997,T,309.19,40,310.13,40,IBM
2025-12-15,9:44:51.397469653,T,309.19,40,310.13,80,IBM
2025-12-15,9:44:53.285754875,T,309.56,40,310.13,80,IBM
2025-12-15,9:44:53.286180898,T,309.56,40,310.13,120,IBM
2025-12-15,9:44:53.642564321,T,309.19,40,310.13,120,IBM
2025-12-15,9:44:53.700913194,T,309.19,40,309.99,40,IBM
2025-12-15,9:44:53.712585949,T,309.19,40,309.99,80,IBM
2025-12-15,9:44:53.954541986,T,309.19,40,309.99,40,IBM
2025-12-15,9:44:53.956571746,T,309.19,40,309.99,80,IBM
2025-12-15,9:44:53.976855041,T,309.19,40,309.98,40,IBM
2025-12-15,9:44:54.445656036,T,309.19,40,309.98,80,IBM
2025-12-15,9:44:54.743725688,T,309.19,40,309.98,40,IBM
2025-12-15,9:44:55.352314376,T,309.19,40,309.99,40,IBM
2025-12-15,9:44:55.352344387,T,309.19,40,310.12,40,IBM
2025-12-15,9:44:55.352660223,T,309.19,40,309.99,40,IBM
2025-12-15,9:44:55.621750705,T,309.19,40,310.12,40,IBM
2025-12-15,9:44:55.622081577,T,309.19,40,309.99,40,IBM
2025-12-15,9:44:56.160322830,T,309.19,40,309.94,40,IBM
2025-12-15,9:44:56.160534073,T,309.19,40,309.94,80,IBM
2025-12-15,9:44:56.160733804,T,309.19,40,309.94,120,IBM
2025-12-15,9:44:56.160743832,T,309.19,40,309.94,160,IBM
2025-12-15,9:44:56.160778869,T,309.11,40,309.94,160,IBM
2025-12-15,9:44:56.160788927,T,309.11,40,309.78,40,IBM
2025-12-15,9:44:56.164738374,T,309.11,40,309.75,40,IBM
2025-12-15,9:44:56.173178388,T,309.11,40,309.75,80,IBM
2025-12-15,9:44:56.197952435,T,309.11,40,309.75,40,IBM
2025-12-15,9:44:56.512556347,T,309.11,40,309.94,40,IBM
2025-12-15,9:44:58.253766331,T,309.02,40,309.94,40,IBM
2025-12-15,9:44:58.254027022,T,309.02,40,309.99,40,IBM
2025-12-15,9:44:58.254027022,T,309.02,40,309.8,40,IBM
2025-12-15,9:44:58.257795920,T,309.02,40,309.88,40,IBM
2025-12-15,9:44:58.257820984,T,309.02,40,309.99,40,IBM
2025-12-15,9:44:58.363482520,T,309.02,40,309.66,40,IBM
2025-12-15,9:44:58.363908525,T,309.02,40,309.66,80,IBM
2025-12-15,9:44:58.511635207,T,309.02,40,309.66,40,IBM
2025-12-15,9:44:58.777623501,T,309.0,520,309.66,40,IBM
2025-12-15,9:45:00.294980656,T,309.0,520,309.66,80,IBM
2025-12-15,9:45:00.294990707,T,309.0,520,309.66,120,IBM
2025-12-15,9:45:00.623492842,T,309.01,40,309.66,120,IBM
2025-12-15,9:45:00.952641345,T,309.01,40,309.66,80,IBM
2025-12-15,9:45:00.990040370,T,309.01,40,309.66,40,IBM
2025-12-15,9:45:03.177362515,T,309.02,40,309.66,40,IBM
2025-12-15,9:45:03.177387478,T,309.11,40,309.66,40,IBM
2025-12-15,9:45:06.593750349,T,309.02,40,309.66,40,IBM
2025-12-15,9:45:06.593750349,T,309.01,40,309.66,40,IBM
2025-12-15,9:45:06.593775403,T,309.01,40,309.65,40,IBM
2025-12-15,9:45:06.594306738,T,309.01,40,309.65,80,IBM
2025-12-15,9:45:06.594341710,T,309.01,40,309.65,40,IBM
2025-12-15,9:45:06.594341710,T,309.01,40,309.45,40,IBM
2025-12-15,9:45:06.598416521,T,309.01,40,309.65,40,IBM
2025-12-15,9:45:06.606991831,T,309.01,40,309.96,40,IBM
2025-12-15,9:45:06.621746995,T,309.01,40,310.0,40,IBM
2025-12-15,9:45:07.315714013,T,309.01,40,309.96,40,IBM
2025-12-15,9:45:09.134939667,T,309.01,40,310.0,40,IBM
2025-12-15,9:45:09.135546137,T,309.0,520,310.0,40,IBM
2025-12-15,9:45:09.174062775,T,309.21,40,310.0,40,IBM
2025-12-15,9:45:09.188156321,T,309.21,80,310.0,40,IBM
2025-12-15,9:45:09.270046308,T,309.21,40,310.0,40,IBM
2025-12-15,9:45:09.562011323,T,309.21,40,309.96,40,IBM
2025-12-15,9:45:09.838955657,T,309.21,40,309.95,160,IBM
2025-12-15,9:45:10.270031831,T,309.21,80,309.95,160,IBM
2025-12-15,9:45:10.459497876,T,309.21,80,309.82,40,IBM
2025-12-15,9:45:12.360523459,T,309.21,40,309.82,40,IBM
2025-12-15,9:45:12.373273775,T,309.21,40,309.95,160,IBM
2025-12-15,9:45:13.439351657,T,309.21,40,309.88,40,IBM
2025-12-15,9:45:14.630682739,T,309.21,40,309.95,160,IBM
2025-12-15,9:45:14.630702714,T,309.22,40,309.95,160,IBM
2025-12-15,9:45:14.631148772,T,309.32,40,309.95,160,IBM
2025-12-15,9:45:14.635223479,T,309.22,40,309.95,160,IBM
2025-12-15,9:45:14.635669520,T,309.32,40,309.95,160,IBM
2025-12-15,9:45:16.968482982,T,309.33,40,309.95,160,IBM
2025-12-15,9:45:16.968728509,T,309.32,80,309.95,160,IBM
2025-12-15,9:45:16.968873893,T,309.32,80,309.8,40,IBM
2025-12-15,9:45:16.969004205,T,309.33,40,309.8,40,IBM
2025-12-15,9:45:16.969064368,T,309.33,40,309.95,160,IBM
2025-12-15,9:45:16.969089448,T,309.33,40,309.79,40,IBM
2025-12-15,9:45:16.969094410,T,309.33,80,309.79,40,IBM
2025-12-15,9:45:16.969099366,T,309.33,40,309.79,40,IBM
2025-12-15,9:45:16.970011534,T,309.33,80,309.79,40,IBM
2025-12-15,9:45:16.978406525,T,309.33,40,309.79,40,IBM
2025-12-15,9:45:16.980060484,T,309.26,40,309.79,40,IBM
2025-12-15,9:45:16.986290672,T,309.26,40,310.04,40,IBM
2025-12-15,9:45:16.986315349,T,309.26,40,310.13,40,IBM
2025-12-15,9:45:16.986335396,T,309.33,40,310.13,40,IBM
2025-12-15,9:45:16.986345485,T,309.66,40,310.13,40,IBM
2025-12-15,9:45:16.987087229,T,309.66,40,310.11,80,IBM
2025-12-15,9:45:16.992104148,T,309.63,40,310.11,80,IBM
2025-12-15,9:45:16.995161419,T,309.34,40,310.11,80,IBM
2025-12-15,9:45:16.997101114,T,309.34,40,310.13,40,IBM
2025-12-15,9:45:17.019860198,T,309.33,40,310.13,40,IBM
2025-12-15,9:45:17.058336895,T,309.42,40,310.13,40,IBM
2025-12-15,9:45:17.058432056,T,309.5,40,310.13,40,IBM
2025-12-15,9:45:17.066912280,T,309.34,40,310.13,40,IBM
2025-12-15,9:45:17.142181399,T,309.27,40,310.13,40,IBM
2025-12-15,9:45:17.467731453,T,309.27,40,310.17,160,IBM
2025-12-15,9:45:17.468733777,T,309.27,40,310.13,80,IBM
2025-12-15,9:45:17.493552920,T,309.27,40,310.12,80,IBM
2025-12-15,9:45:17.528486114,T,309.27,40,310.13,80,IBM
2025-12-15,9:45:22.463233564,T,309.32,40,310.13,80,IBM
2025-12-15,9:45:26.033472705,T,309.32,40,310.09,40,IBM
2025-12-15,9:45:27.602447767,T,309.32,40,310.13,80,IBM
2025-12-15,9:45:30.683693300,T,309.27,80,310.13,80,IBM
2025-12-15,9:45:30.683693300,T,309.27,40,310.13,80,IBM
2025-12-15,9:45:30.683712929,T,309.27,40,309.88,40,IBM
2025-12-15,9:45:30.683723015,T,309.27,40,309.88,80,IBM
2025-12-15,9:45:30.685051117,T,309.32,40,309.88,80,IBM
2025-12-15,9:45:30.685071236,T,309.32,40,309.88,40,IBM
2025-12-15,9:45:30.685086235,T,309.34,40,309.88,40,IBM
2025-12-15,9:45:30.761884107,T,309.34,40,310.13,80,IBM
2025-12-15,9:45:30.761884107,T,309.34,40,309.78,40,IBM
2025-12-15,9:45:30.763427782,T,309.34,40,310.13,80,IBM
2025-12-15,9:45:31.449741580,T,309.34,40,310.17,160,IBM
2025-12-15,9:45:31.674180896,T,309.5,40,310.17,160,IBM
2025-12-15,9:45:31.674185898,T,309.51,40,310.17,160,IBM
2025-12-15,9:45:31.674215998,T,309.64,40,310.17,160,IBM
2025-12-15,9:45:57.435647442,T,309.5,40,310.17,160,IBM
2025-12-15,9:45:57.498597369,T,309.42,40,310.17,160,IBM
2025-12-15,9:45:57.499599723,T,309.5,40,310.17,160,IBM
2025-12-15,9:45:57.499790132,T,309.42,40,310.17,160,IBM
2025-12-15,9:45:57.499995650,T,309.48,40,310.17,160,IBM
2025-12-15,9:45:57.505814551,T,309.64,40,310.17,160,IBM
2025-12-15,9:45:57.505829669,T,309.65,40,310.17,160,IBM
2025-12-15,9:45:57.505834632,T,309.66,40,310.17,160,IBM
2025-12-15,9:45:57.505834632,T,309.68,40,310.17,160,IBM
2025-12-15,9:45:57.506180390,T,309.68,80,310.17,160,IBM
2025-12-15,9:45:57.506225511,T,309.68,40,310.17,160,IBM
2025-12-15,9:45:57.506471095,T,309.68,40,310.1,40,IBM
2025-12-15,9:45:57.506476385,T,309.68,40,310.1,120,IBM
2025-12-15,9:45:57.506501094,T,309.65,40,310.1,120,IBM
2025-12-15,9:45:57.506501094,T,309.65,40,310.1,240,IBM
2025-12-15,9:45:57.506511444,T,309.65,40,310.1,640,IBM
2025-12-15,9:45:57.506521149,T,309.65,40,310.1,680,IBM
2025-12-15,9:45:57.506541759,T,309.65,40,310.1,600,IBM
2025-12-15,9:45:57.506541759,T,309.65,40,309.77,80,IBM
2025-12-15,9:45:57.506561737,T,309.65,40,309.77,120,IBM
2025-12-15,9:45:57.506576296,T,309.65,40,309.77,680,IBM
2025-12-15,9:45:57.506646683,T,309.65,40,309.77,560,IBM
2025-12-15,9:45:57.506646683,T,309.65,40,309.77,520,IBM
2025-12-15,9:45:57.506666530,T,309.65,40,309.77,400,IBM
2025-12-15,9:45:57.506696974,T,309.65,40,309.94,40,IBM
2025-12-15,9:45:57.506721675,T,309.65,40,309.77,400,IBM
2025-12-15,9:45:57.506746686,T,309.65,40,309.77,480,IBM
2025-12-15,9:45:57.506761810,T,309.65,40,309.77,520,IBM
2025-12-15,9:45:57.506882498,T,309.65,40,309.77,120,IBM
2025-12-15,9:45:57.506882498,T,309.65,40,309.77,40,IBM
2025-12-15,9:45:57.506882498,T,309.65,40,309.94,40,IBM
2025-12-15,9:45:57.506887089,T,309.65,40,310.04,40,IBM
2025-12-15,9:45:57.506902082,T,309.65,40,310.17,200,IBM
2025-12-15,9:45:57.506902082,T,309.65,40,310.17,160,IBM
2025-12-15,9:45:57.506962247,T,309.77,80,310.17,160,IBM
2025-12-15,9:45:57.506972317,T,309.77,40,310.17,160,IBM
2025-12-15,9:45:57.506982334,T,309.77,40,310.09,40,IBM
2025-12-15,9:45:57.506982334,T,309.66,40,310.09,40,IBM
2025-12-15,9:45:57.506997364,T,309.65,40,310.09,40,IBM
2025-12-15,9:45:57.506997364,T,309.77,80,310.09,40,IBM
2025-12-15,9:45:57.507002345,T,309.77,40,310.09,40,IBM
2025-12-15,9:45:57.507007356,T,309.65,40,310.09,40,IBM
2025-12-15,9:45:57.507027893,T,309.65,40,310.1,40,IBM
2025-12-15,9:45:57.507032465,T,309.65,40,310.09,40,IBM
2025-12-15,9:45:57.507062454,T,309.65,40,310.1,40,IBM
2025-12-15,9:45:57.507563630,T,309.65,40,310.12,40,IBM
2025-12-15,9:45:57.507568707,T,309.65,40,310.17,160,IBM
2025-12-15,9:45:57.515758150,T,309.65,40,310.09,80,IBM
2025-12-15,9:45:57.605832655,T,309.48,40,310.09,80,IBM
2025-12-15,9:45:57.841017459,T,309.48,40,310.17,160,IBM
2025-12-15,9:45:57.841042537,T,309.48,40,309.89,80,IBM
2025-12-15,9:45:57.847683392,T,309.48,40,309.89,120,IBM
2025-12-15,9:45:57.848164483,T,309.48,40,309.89,40,IBM
2025-12-15,9:45:57.848174466,T,309.48,40,309.88,40,IBM
2025-12-15,9:45:57.848189595,T,309.48,40,309.88,120,IBM
2025-12-15,9:45:57.948353015,T,309.48,40,309.88,40,IBM
2025-12-15,9:45:57.948378062,T,309.48,40,309.87,80,IBM
2025-12-15,9:45:58.027155573,T,309.48,40,309.87,120,IBM
2025-12-15,9:45:58.082888298,T,309.48,40,309.87,40,IBM
2025-12-15,9:45:58.082913323,T,309.48,40,309.86,80,IBM
2025-12-15,9:45:58.313818103,T,309.48,40,309.86,40,IBM
2025-12-15,9:45:58.313848093,T,309.48,40,309.87,40,IBM
2025-12-15,9:45:58.331399856,T,309.65,40,309.87,40,IBM
2025-12-15,9:45:58.331414968,T,309.66,40,309.87,40,IBM
2025-12-15,9:45:58.331419985,T,309.66,40,310.12,40,IBM
2025-12-15,9:45:58.331424935,T,309.66,40,310.17,160,IBM
2025-12-15,9:45:58.331916187,T,309.75,40,310.17,160,IBM
2025-12-15,9:45:58.335990887,T,309.66,40,310.17,160,IBM
2025-12-15,9:45:58.336010872,T,309.65,40,310.17,160,IBM
2025-12-15,9:45:58.431864024,T,309.48,40,310.17,160,IBM
2025-12-15,9:45:58.492593654,T,309.48,40,310.11,80,IBM
2025-12-15,9:45:58.500843289,T,309.48,40,310.17,160,IBM
2025-12-15,9:45:58.555232784,T,309.5,40,310.17,160,IBM
2025-12-15,9:45:59.133885190,T,309.6,40,310.17,160,IBM
2025-12-15,9:45:59.139518683,T,309.65,40,310.17,160,IBM
2025-12-15,9:45:59.139533739,T,309.66,40,310.17,160,IBM
2025-12-15,9:45:59.140034897,T,309.71,40,310.17,160,IBM
2025-12-15,9:45:59.140240543,T,309.71,40,310.1,80,IBM
2025-12-15,9:45:59.140571203,T,309.66,80,310.1,80,IBM
2025-12-15,9:45:59.152033491,T,309.66,40,310.1,80,IBM
2025-12-15,9:45:59.239521670,T,309.65,40,310.1,80,IBM
2025-12-15,9:45:59.569467144,T,309.82,40,310.1,80,IBM
2025-12-15,9:45:59.651216806,T,309.65,40,310.1,80,IBM
2025-12-15,9:46:00.158338980,T,309.65,40,310.1,120,IBM
2025-12-15,9:46:01.520476753,T,309.65,40,310.1,80,IBM
2025-12-15,9:46:04.124225003,T,309.6,40,310.1,80,IBM
2025-12-15,9:46:09.156519606,T,309.58,40,310.1,80,IBM
2025-12-15,9:46:09.156574818,T,309.58,40,310.01,80,IBM
2025-12-15,9:46:09.156795268,T,309.58,40,309.94,80,IBM
2025-12-15,9:46:09.158178571,T,309.58,40,309.86,80,IBM
2025-12-15,9:46:09.159697258,T,309.5,40,309.86,80,IBM
2025-12-15,9:46:09.172482603,T,309.5,40,309.86,120,IBM
2025-12-15,9:46:09.216552600,T,309.48,40,309.86,120,IBM
2025-12-15,9:46:09.217434599,T,309.48,40,309.86,80,IBM
2025-12-15,9:46:10.386367402,T,309.48,40,309.86,40,IBM
2025-12-15,9:46:13.977771987,T,309.5,40,309.86,40,IBM
2025-12-15,9:46:13.980914550,T,309.5,40,310.18,160,IBM
2025-12-15,9:46:13.980959568,T,309.65,40,310.18,160,IBM
2025-12-15,9:46:13.980994712,T,309.65,80,310.18,160,IBM
2025-12-15,9:46:13.981455815,T,309.68,40,310.18,160,IBM
2025-12-15,9:46:13.981846686,T,309.68,40,310.1,400,IBM
2025-12-15,9:46:13.985525527,T,309.65,80,310.1,400,IBM
2025-12-15,9:46:13.993033311,T,309.65,40,310.1,400,IBM
2025-12-15,9:46:14.032016157,T,309.65,40,310.03,40,IBM
2025-12-15,9:46:14.032036154,T,309.5,40,310.03,40,IBM
2025-12-15,9:46:14.032056327,T,309.5,40,310.03,440,IBM
2025-12-15,9:46:14.278001786,T,309.5,40,310.03,400,IBM
2025-12-15,9:46:15.731546879,T,309.6,40,310.03,400,IBM
2025-12-15,9:46:15.731577012,T,309.6,80,310.03,400,IBM
2025-12-15,9:46:15.731582154,T,309.6,120,310.03,400,IBM
2025-12-15,9:46:15.820127802,T,309.6,80,310.03,400,IBM
2025-12-15,9:46:15.820283130,T,309.6,120,310.03,400,IBM
2025-12-15,9:46:15.820348292,T,309.6,160,310.03,400,IBM
2025-12-15,9:46:20.113297982,T,309.6,120,310.03,400,IBM
2025-12-15,9:46:20.113307947,T,309.6,80,310.03,400,IBM
2025-12-15,9:46:22.356132279,T,309.6,80,310.18,160,IBM
2025-12-15,9:46:22.356202452,T,309.6,80,309.98,400,IBM
2025-12-15,9:46:26.544372494,T,309.6,80,309.98,440,IBM
2025-12-15,9:46:26.785000323,T,309.6,80,309.98,400,IBM
2025-12-15,9:46:26.892977417,T,309.61,40,309.98,400,IBM
2025-12-15,9:46:26.893012394,T,309.61,80,309.98,400,IBM
2025-12-15,9:46:26.893022520,T,309.65,40,309.98,400,IBM
2025-12-15,9:46:27.229428250,T,309.61,80,309.98,400,IBM
2025-12-15,9:46:27.229458391,T,309.61,40,309.98,400,IBM
2025-12-15,9:46:27.229914422,T,309.61,80,309.98,400,IBM
2025-12-15,9:46:28.895369175,T,309.61,40,309.98,400,IBM
2025-12-15,9:46:30.139370575,T,309.61,40,310.07,80,IBM
2025-12-15,9:46:30.139395642,T,309.61,40,309.97,400,IBM
2025-12-15,9:46:32.510019136,T,309.61,80,309.97,400,IBM
2025-12-15,9:46:32.510059284,T,309.65,40,309.97,400,IBM
2025-12-15,9:46:32.510545377,T,309.65,80,309.97,400,IBM
2025-12-15,9:46:33.162552489,T,309.65,40,309.97,400,IBM
2025-12-15,9:46:40.716094349,T,309.65,80,309.97,400,IBM
2025-12-15,9:46:41.073389883,T,309.65,40,309.97,400,IBM
2025-12-15,9:46:42.070689004,T,309.65,80,309.97,400,IBM
2025-12-15,9:46:43.529967905,T,309.65,120,309.97,400,IBM
2025-12-15,9:46:43.911957240,T,309.65,80,309.97,400,IBM
2025-12-15,9:46:43.912032374,T,309.65,120,309.97,400,IBM
2025-12-15,9:46:46.926057497,T,309.65,120,309.97,440,IBM
2025-12-15,9:46:49.845517546,T,309.65,120,309.97,400,IBM
2025-12-15,9:46:53.228526119,T,309.65,80,309.97,400,IBM
2025-12-15,9:46:53.228551083,T,309.65,80,310.18,160,IBM
2025-12-15,9:46:53.228551083,T,309.65,80,309.98,40,IBM
2025-12-15,9:46:53.228571123,T,309.65,80,310.18,160,IBM
2025-12-15,9:46:53.228576214,T,309.65,80,309.75,360,IBM
2025-12-15,9:46:53.228631171,T,309.65,80,310.18,160,IBM
2025-12-15,9:46:53.228651321,T,309.65,120,310.18,160,IBM
2025-12-15,9:46:53.228666833,T,309.65,120,309.98,40,IBM
2025-12-15,9:46:53.228666833,T,309.75,360,309.98,40,IBM
2025-12-15,9:46:53.228686562,T,309.75,760,309.98,40,IBM
2025-12-15,9:46:53.228891791,T,309.75,720,309.98,40,IBM
2025-12-15,9:46:53.228977102,T,309.75,640,309.98,40,IBM
2025-12-15,9:46:53.229102335,T,309.75,640,310.18,160,IBM
2025-12-15,9:46:53.229132720,T,309.75,640,310.13,40,IBM
2025-12-15,9:46:53.229132720,T,309.75,640,310.18,160,IBM
2025-12-15,9:46:53.229137463,T,309.75,600,310.18,160,IBM
2025-12-15,9:46:53.229142423,T,309.75,360,310.18,160,IBM
2025-12-15,9:46:53.229147517,T,309.75,320,310.18,160,IBM
2025-12-15,9:46:53.229774107,T,309.75,80,310.18,160,IBM
2025-12-15,9:46:53.230390580,T,309.65,40,310.18,160,IBM
2025-12-15,9:46:53.230410517,T,309.6,80,310.18,160,IBM
2025-12-15,9:46:53.230415463,T,309.6,80,309.98,40,IBM
2025-12-15,9:46:53.230425475,T,309.6,80,309.93,40,IBM
2025-12-15,9:46:53.230846524,T,309.6,80,309.93,80,IBM
2025-12-15,9:46:53.240063466,T,309.6,120,309.93,80,IBM
2025-12-15,9:46:53.240875420,T,309.6,120,309.93,40,IBM
2025-12-15,9:46:53.243200873,T,309.6,120,309.93,80,IBM
2025-12-15,9:46:53.245807102,T,309.6,120,309.84,40,IBM
2025-12-15,9:46:53.367506849,T,309.6,120,309.84,80,IBM
2025-12-15,9:46:57.313966528,T,309.6,120,309.84,40,IBM
2025-12-15,9:46:59.851317125,T,309.6,120,310.04,80,IBM
2025-12-15,9:46:59.851372269,T,309.61,40,310.04,80,IBM
2025-12-15,9:46:59.851387280,T,309.6,120,310.04,80,IBM
2025-12-15,9:46:59.851412339,T,309.6,80,310.04,80,IBM
2025-12-15,9:46:59.851592718,T,309.6,80,309.98,400,IBM
2025-12-15,9:46:59.851642913,T,309.6,120,309.98,400,IBM
2025-12-15,9:46:59.857642107,T,309.6,120,310.04,80,IBM
2025-12-15,9:46:59.857667533,T,309.6,120,309.8,400,IBM
2025-12-15,9:46:59.857692228,T,309.6,120,309.8,320,IBM
2025-12-15,9:46:59.857692228,T,309.6,120,309.8,240,IBM
2025-12-15,9:46:59.857697260,T,309.6,120,309.8,200,IBM
2025-12-15,9:46:59.857717276,T,309.6,120,309.8,160,IBM
2025-12-15,9:46:59.857717276,T,309.6,120,309.98,40,IBM
2025-12-15,9:46:59.857727333,T,309.6,120,310.04,80,IBM
2025-12-15,9:46:59.858028075,T,309.6,120,309.98,40,IBM
2025-12-15,9:46:59.858850057,T,309.61,40,309.98,40,IBM
2025-12-15,9:46:59.877369070,T,309.65,40,309.98,40,IBM
2025-12-15,9:46:59.877399130,T,309.65,80,309.98,40,IBM
2025-12-15,9:47:00.002386695,T,309.68,40,309.98,40,IBM
2025-12-15,9:47:00.002481927,T,309.68,80,309.98,40,IBM
2025-12-15,9:47:00.098716025,T,309.68,120,309.98,40,IBM
2025-12-15,9:47:00.634100564,T,309.68,80,309.98,40,IBM
2025-12-15,9:47:01.095233262,T,309.68,80,309.98,80,IBM
2025-12-15,9:47:01.154935355,T,309.68,80,309.98,40,IBM
2025-12-15,9:47:01.646696069,T,309.68,80,309.99,40,IBM
2025-12-15,9:47:01.646761249,T,309.68,40,309.99,40,IBM
2025-12-15,9:47:01.651026354,T,309.68,80,309.99,40,IBM
2025-12-15,9:47:01.897718669,T,309.68,40,309.99,40,IBM
2025-12-15,9:47:02.001751242,T,309.6,80,309.99,40,IBM
2025-12-15,9:47:03.646241174,T,309.68,40,309.99,40,IBM
2025-12-15,9:47:03.646276231,T,309.65,40,309.99,40,IBM
2025-12-15,9:47:03.646321291,T,309.68,40,309.99,40,IBM
2025-12-15,9:47:04.002479141,T,309.6,80,309.99,40,IBM
2025-12-15,9:47:06.025069056,T,309.72,40,309.99,40,IBM
2025-12-15,9:47:06.025810816,T,309.74,40,309.99,40,IBM
2025-12-15,9:47:06.025850888,T,309.74,80,309.99,40,IBM
2025-12-15,9:47:06.091868098,T,309.74,40,309.99,40,IBM
2025-12-15,9:47:06.445946051,T,309.74,80,309.99,40,IBM
2025-12-15,9:47:07.855361113,T,309.74,40,309.99,40,IBM
