DATE,TIME_M,EX,BID,BIDSIZ,ASK,ASKSIZ,SYM_ROOT
2025-12-12,9:30:01.619611466,T,309.69,80,311.17,280,IBM
2025-12-12,9:30:02.150360036,T,310.0,40,311.17,280,IBM
2025-12-12,9:30:02.150786015,T,310.0,80,311.17,280,IBM
2025-12-12,9:30:08.051683573,T,310.0,80,311.17,320,IBM
2025-12-12,9:30:08.055753294,T,310.0,80,311.17,280,IBM
2025-12-12,9:30:11.780375118,T,310.0,80,311.17,320,IBM
2025-12-12,9:30:20.253731882,T,310.0,80,310.57,40,IBM
2025-12-12,9:30:20.254152857,T,310.0,40,310.57,40,IBM
2025-12-12,9:30:20.254523693,T,310.0,40,311.17,320,IBM
2025-12-12,9:30:23.990477788,T,310.0,40,312.5,120,IBM
2025-12-12,9:30:25.343974829,T,310.0,40,312.27,40,IBM
2025-12-12,9:30:26.720060732,T,310.0,40,310.42,40,IBM
2025-12-12,9:30:26.720226144,T,309.69,120,310.42,40,IBM
2025-12-12,9:30:26.720226144,T,309.69,80,310.42,40,IBM
2025-12-12,9:30:26.720291216,T,309.69,80,311.5,40,IBM
2025-12-12,9:30:26.720296287,T,309.69,80,310.34,40,IBM
2025-12-12,9:30:26.720336658,T,309.69,80,311.5,40,IBM
2025-12-12,9:30:26.720336658,T,309.69,80,310.21,40,IBM
2025-12-12,9:30:26.720632375,T,309.69,80,310.21,80,IBM
2025-12-12,9:30:26.937022138,T,309.69,80,310.21,40,IBM
2025-12-12,9:30:26.937242677,T,309.69,80,312.27,40,IBM
2025-12-12,9:30:26.943036435,T,309.69,80,310.71,40,IBM
2025-12-12,9:30:33.366458406,T,309.69,80,310.2,40,IBM
2025-12-12,9:30:33.366473457,T,309.69,80,310.02,40,IBM
2025-12-12,9:30:33.367024718,T,308.79,40,310.02,40,IBM
2025-12-12,9:30:33.367505833,T,308.6,40,310.02,40,IBM
2025-12-12,9:30:33.367631487,T,308.4,40,310.02,40,IBM
2025-12-12,9:30:33.367631487,T,308.4,40,310.7,40,IBM
2025-12-12,9:30:33.367636328,T,308.4,40,309.85,40,IBM
2025-12-12,9:30:33.367766500,T,308.4,40,310.26,40,IBM
2025-12-12,9:30:33.367771568,T,308.4,40,309.71,40,IBM
2025-12-12,9:30:33.370172282,T,308.4,40,310.7,40,IBM
2025-12-12,9:30:33.370808757,T,308.4,40,310.71,40,IBM
2025-12-12,9:30:33.379439294,T,308.4,40,310.74,40,IBM
2025-12-12,9:30:33.384802103,T,308.4,40,309.73,40,IBM
2025-12-12,9:30:33.384882284,T,308.4,40,310.74,40,IBM
2025-12-12,9:30:33.384882284,T,308.4,40,310.02,40,IBM
2025-12-12,9:30:33.385092774,T,308.4,40,310.02,80,IBM
2025-12-12,9:30:33.386511127,T,308.4,40,310.02,120,IBM
2025-12-12,9:30:33.386591306,T,308.22,40,310.02,120,IBM
2025-12-12,9:30:33.398449525,T,308.22,40,310.02,80,IBM
2025-12-12,9:30:33.398725230,T,308.22,40,310.02,120,IBM
2025-12-12,9:30:33.410748812,T,308.22,40,309.64,40,IBM
2025-12-12,9:30:33.509067901,T,308.22,40,311.0,40,IBM
2025-12-12,9:30:33.509328528,T,308.22,40,309.63,40,IBM
2025-12-12,9:30:33.584587598,T,308.22,40,311.0,40,IBM
2025-12-12,9:30:33.591203422,T,308.22,40,309.64,40,IBM
2025-12-12,9:30:34.352736293,T,308.22,40,311.0,40,IBM
2025-12-12,9:30:34.440359920,T,308.22,40,310.13,40,IBM
2025-12-12,9:30:37.408295194,T,308.22,40,309.68,40,IBM
2025-12-12,9:30:50.373575652,T,308.22,40,309.64,40,IBM
2025-12-12,9:30:50.588121400,T,308.22,40,309.68,40,IBM
2025-12-12,9:30:50.635203461,T,308.22,40,309.64,40,IBM
2025-12-12,9:30:55.602889328,T,308.22,40,309.68,40,IBM
2025-12-12,9:31:00.694626064,T,308.8,160,309.68,40,IBM
2025-12-12,9:31:38.502878329,T,308.8,160,309.63,40,IBM
2025-12-12,9:31:38.502943493,T,308.8,160,309.68,40,IBM
2025-12-12,9:31:38.502948857,T,308.8,160,309.41,40,IBM
2025-12-12,9:31:38.504010979,T,308.22,40,309.41,40,IBM
2025-12-12,9:31:38.504015986,T,308.6,160,309.41,40,IBM
2025-12-12,9:31:38.505319105,T,308.6,160,309.64,40,IBM
2025-12-12,9:31:38.506592248,T,308.6,160,309.26,40,IBM
2025-12-12,9:31:38.507569421,T,308.6,160,309.64,40,IBM
2025-12-12,9:31:38.508256044,T,308.6,160,309.26,40,IBM
2025-12-12,9:31:38.509052994,T,308.88,80,309.26,40,IBM
2025-12-12,9:31:38.514576104,T,308.88,80,309.68,40,IBM
2025-12-12,9:31:38.515157502,T,308.94,40,309.68,40,IBM
2025-12-12,9:31:38.519197121,T,308.88,80,309.68,40,IBM
2025-12-12,9:31:38.519232266,T,308.88,80,309.54,40,IBM
2025-12-12,9:31:38.519267364,T,308.6,160,309.54,40,IBM
2025-12-12,9:31:38.523677847,T,308.6,160,309.68,40,IBM
2025-12-12,9:31:38.524710306,T,308.6,160,309.63,40,IBM
2025-12-12,9:31:38.700548839,T,308.6,160,309.68,40,IBM
2025-12-12,9:31:41.902080374,T,308.6,160,309.62,40,IBM
2025-12-12,9:31:41.909317678,T,308.6,160,309.68,40,IBM
2025-12-12,9:31:41.909357713,T,308.88,80,309.68,40,IBM
2025-12-12,9:31:42.192757364,T,308.88,80,309.64,40,IBM
2025-12-12,9:31:44.344314526,T,308.6,160,309.64,40,IBM
2025-12-12,9:31:44.541378671,T,308.6,160,309.68,40,IBM
2025-12-12,9:31:47.818991116,T,308.6,160,309.63,40,IBM
2025-12-12,9:31:47.819111446,T,308.6,160,309.5,40,IBM
2025-12-12,9:31:47.831340519,T,308.88,80,309.5,40,IBM
2025-12-12,9:31:47.831365581,T,308.88,80,309.68,40,IBM
2025-12-12,9:31:47.882938431,T,308.88,80,309.5,40,IBM
2025-12-12,9:31:47.950499261,T,308.88,80,309.68,40,IBM
2025-12-12,9:31:50.966208632,T,308.88,80,309.5,40,IBM
2025-12-12,9:31:50.970303443,T,308.88,80,309.49,40,IBM
2025-12-12,9:31:50.970323904,T,308.88,80,309.5,40,IBM
2025-12-12,9:31:50.970328530,T,308.88,80,309.22,40,IBM
2025-12-12,9:31:50.971340920,T,308.88,80,309.5,40,IBM
2025-12-12,9:31:50.977495613,T,308.92,40,309.5,40,IBM
2025-12-12,9:31:50.978543048,T,308.88,80,309.5,40,IBM
2025-12-12,9:31:51.027494548,T,308.6,160,309.5,40,IBM
2025-12-12,9:31:53.266985973,T,308.6,160,309.5,80,IBM
2025-12-12,9:31:59.257140767,T,308.6,160,309.5,40,IBM
2025-12-12,9:31:59.257200956,T,308.6,160,309.68,40,IBM
2025-12-12,9:31:59.257626927,T,308.6,160,309.24,40,IBM
2025-12-12,9:32:02.172581527,T,308.6,160,309.24,80,IBM
2025-12-12,9:32:18.829113841,T,308.6,160,309.11,40,IBM
2025-12-12,9:32:18.829479741,T,308.6,200,309.11,40,IBM
2025-12-12,9:32:18.843613401,T,308.6,160,309.11,40,IBM
2025-12-12,9:32:18.938594488,T,308.6,160,309.62,160,IBM
2025-12-12,9:32:19.498958598,T,308.6,160,309.1,40,IBM
2025-12-12,9:32:19.842506421,T,308.6,160,309.62,160,IBM
2025-12-12,9:32:20.313803434,T,308.6,160,309.68,40,IBM
2025-12-12,9:32:20.313808416,T,308.6,160,309.46,160,IBM
2025-12-12,9:32:25.698116586,T,308.6,160,309.11,40,IBM
2025-12-12,9:32:30.013033909,T,307.84,40,309.11,40,IBM
2025-12-12,9:32:30.013038856,T,308.43,160,309.11,40,IBM
2025-12-12,9:32:30.013464884,T,308.43,200,309.11,40,IBM
2025-12-12,9:32:30.341450777,T,308.43,240,309.11,40,IBM
2025-12-12,9:32:30.658771254,T,308.43,200,309.11,40,IBM
2025-12-12,9:32:30.719721333,T,308.43,240,309.11,40,IBM
2025-12-12,9:32:31.647625172,T,308.43,200,309.11,40,IBM
2025-12-12,9:32:32.002469874,T,308.43,240,309.11,40,IBM
2025-12-12,9:32:32.636474156,T,308.43,200,309.11,40,IBM
2025-12-12,9:32:32.653710104,T,308.43,240,309.11,40,IBM
2025-12-12,9:32:32.764749374,T,308.43,240,309.0,40,IBM
2025-12-12,9:32:32.783489088,T,308.43,240,309.11,40,IBM
2025-12-12,9:32:32.820051103,T,308.43,200,309.11,40,IBM
2025-12-12,9:32:32.883512128,T,308.43,200,309.1,40,IBM
2025-12-12,9:32:32.883547279,T,308.43,200,308.91,40,IBM
2025-12-12,9:32:32.887611896,T,308.43,200,309.11,40,IBM
2025-12-12,9:32:32.901073990,T,308.43,240,309.11,40,IBM
2025-12-12,9:32:32.904647462,T,308.43,240,309.0,40,IBM
2025-12-12,9:32:32.989058427,T,308.43,200,309.0,40,IBM
2025-12-12,9:32:33.200596979,T,308.43,200,309.11,40,IBM
2025-12-12,9:32:33.625182714,T,308.43,160,309.11,40,IBM
2025-12-12,9:32:37.900660991,T,308.78,40,309.11,40,IBM
2025-12-12,9:32:37.900816321,T,308.78,40,309.05,40,IBM
2025-12-12,9:32:37.917325677,T,308.78,80,309.05,40,IBM
2025-12-12,9:32:40.570306596,T,308.78,40,309.05,40,IBM
2025-12-12,9:32:41.536175932,T,308.43,160,309.05,40,IBM
2025-12-12,9:32:41.559601711,T,308.43,160,308.95,40,IBM
2025-12-12,9:32:41.559611782,T,308.43,160,308.78,40,IBM
2025-12-12,9:32:41.559636746,T,308.43,160,308.87,40,IBM
2025-12-12,9:32:41.559671822,T,308.43,160,308.95,40,IBM
2025-12-12,9:32:41.559967561,T,308.43,160,309.11,40,IBM
2025-12-12,9:32:41.560193123,T,308.7,40,309.11,40,IBM
2025-12-12,9:32:41.810268445,T,308.7,40,309.46,160,IBM
2025-12-12,9:32:41.811145552,T,308.7,40,309.0,40,IBM
2025-12-12,9:32:41.811190569,T,308.43,160,309.0,40,IBM
2025-12-12,9:32:41.811671810,T,308.43,200,309.0,40,IBM
2025-12-12,9:32:42.313206046,T,308.62,40,309.0,40,IBM
2025-12-12,9:32:42.524869901,T,308.43,160,309.0,40,IBM
2025-12-12,9:32:53.367421369,T,308.43,160,309.05,40,IBM
2025-12-12,9:32:53.367436417,T,308.43,160,309.46,160,IBM
2025-12-12,9:32:53.367456449,T,308.81,40,309.46,160,IBM
2025-12-12,9:32:53.367501504,T,308.81,80,309.46,160,IBM
2025-12-12,9:32:53.367531640,T,308.82,40,309.46,160,IBM
2025-12-12,9:32:53.367762189,T,308.83,40,309.46,160,IBM
2025-12-12,9:32:53.367862408,T,308.93,40,309.46,160,IBM
2025-12-12,9:32:53.367972606,T,309.02,40,309.46,160,IBM
2025-12-12,9:32:53.368538958,T,309.02,40,309.46,240,IBM
2025-12-12,9:32:53.368584140,T,309.08,40,309.46,240,IBM
2025-12-12,9:32:53.368664275,T,309.08,40,309.46,280,IBM
2025-12-12,9:32:53.371450939,T,309.08,40,309.46,120,IBM
2025-12-12,9:32:53.375741132,T,309.02,40,309.46,120,IBM
2025-12-12,9:32:53.375786203,T,308.93,40,309.46,120,IBM
2025-12-12,9:32:53.375816271,T,308.83,40,309.46,120,IBM
2025-12-12,9:32:53.375841356,T,308.82,40,309.46,120,IBM
2025-12-12,9:32:53.375871478,T,308.81,40,309.46,120,IBM
2025-12-12,9:32:53.375896505,T,308.43,160,309.46,120,IBM
2025-12-12,9:33:05.242581714,T,308.43,160,309.46,40,IBM
2025-12-12,9:33:05.242581714,T,308.43,160,309.91,160,IBM
2025-12-12,9:33:05.242581714,T,308.52,40,309.91,160,IBM
2025-12-12,9:33:05.242591693,T,308.69,40,309.91,160,IBM
2025-12-12,9:33:05.242601760,T,309.45,80,309.91,160,IBM
2025-12-12,9:33:05.242661891,T,309.45,120,309.91,160,IBM
2025-12-12,9:33:05.242762144,T,309.46,80,309.91,160,IBM
2025-12-12,9:33:05.242792196,T,309.46,120,309.91,160,IBM
2025-12-12,9:33:05.242807268,T,309.46,120,309.91,240,IBM
2025-12-12,9:33:05.243168090,T,309.46,40,309.91,240,IBM
2025-12-12,9:33:05.243193093,T,309.45,80,309.91,240,IBM
2025-12-12,9:33:05.243694345,T,309.56,40,309.91,240,IBM
2025-12-12,9:33:05.243729444,T,309.56,80,309.91,240,IBM
2025-12-12,9:33:05.244150399,T,309.56,80,309.91,80,IBM
2025-12-12,9:33:05.253713191,T,309.56,120,309.91,80,IBM
2025-12-12,9:33:05.289924352,T,309.56,80,309.91,80,IBM
2025-12-12,9:33:05.865389434,T,309.56,120,309.91,80,IBM
2025-12-12,9:33:06.440047474,T,309.56,80,309.91,80,IBM
2025-12-12,9:33:07.162602495,T,309.56,80,310.47,160,IBM
2025-12-12,9:33:07.285921140,T,309.56,40,310.47,160,IBM
2025-12-12,9:33:07.285921140,T,308.43,160,310.47,160,IBM
2025-12-12,9:33:07.285941132,T,308.43,160,309.68,40,IBM
2025-12-12,9:33:07.286006230,T,308.43,160,309.96,80,IBM
2025-12-12,9:33:07.286061432,T,309.24,40,309.96,80,IBM
2025-12-12,9:33:07.286116744,T,309.24,40,309.85,40,IBM
2025-12-12,9:33:07.286317033,T,309.24,40,309.96,80,IBM
2025-12-12,9:33:07.286317033,T,309.24,40,309.73,40,IBM
2025-12-12,9:33:07.286487446,T,309.24,80,309.73,40,IBM
2025-12-12,9:33:07.286652772,T,309.24,80,309.96,80,IBM
2025-12-12,9:33:07.295980034,T,309.24,80,310.31,40,IBM
2025-12-12,9:33:07.298085041,T,309.24,120,310.31,40,IBM
2025-12-12,9:33:07.386134655,T,309.24,120,310.38,40,IBM
2025-12-12,9:33:07.386159654,T,309.24,120,310.43,40,IBM
2025-12-12,9:33:07.924190458,T,309.24,120,310.18,160,IBM
2025-12-12,9:33:10.164784361,T,309.24,80,310.18,160,IBM
2025-12-12,9:33:17.979447850,T,309.24,40,310.18,160,IBM
2025-12-12,9:33:17.979477900,T,308.68,160,310.18,160,IBM
2025-12-12,9:33:17.979593145,T,309.13,40,310.18,160,IBM
2025-12-12,9:33:17.979798677,T,309.13,40,310.43,40,IBM
2025-12-12,9:33:17.979803715,T,309.13,40,309.98,160,IBM
2025-12-12,9:33:17.980014205,T,309.13,80,309.98,160,IBM
2025-12-12,9:33:18.081826556,T,309.13,40,309.98,160,IBM
2025-12-12,9:33:18.081851689,T,308.68,160,309.98,160,IBM
2025-12-12,9:33:18.081896733,T,308.68,160,309.92,80,IBM
2025-12-12,9:33:18.082312720,T,308.68,200,309.92,80,IBM
2025-12-12,9:33:18.082337844,T,309.2,80,309.92,80,IBM
2025-12-12,9:33:18.082367925,T,309.2,120,309.92,80,IBM
2025-12-12,9:33:18.091910595,T,309.2,120,309.98,160,IBM
2025-12-12,9:33:18.092351626,T,309.2,40,309.98,160,IBM
2025-12-12,9:33:18.092376732,T,308.68,160,309.98,160,IBM
2025-12-12,9:33:18.092797666,T,308.68,200,309.98,160,IBM
2025-12-12,9:33:18.093724968,T,309.0,40,309.98,160,IBM
2025-12-12,9:33:18.728671510,T,309.0,80,309.98,160,IBM
2025-12-12,9:33:18.951171149,T,309.0,40,309.98,160,IBM
2025-12-12,9:33:19.112485233,T,308.68,160,309.98,160,IBM
2025-12-12,9:33:19.893745126,T,308.68,160,309.98,240,IBM
2025-12-12,9:33:20.405057346,T,308.68,160,309.95,80,IBM
2025-12-12,9:33:20.415071160,T,308.68,160,309.98,160,IBM
2025-12-12,9:33:20.917276835,T,308.68,160,309.96,80,IBM
2025-12-12,9:33:20.927290702,T,308.68,160,309.98,160,IBM
2025-12-12,9:33:21.428869755,T,308.68,160,309.96,80,IBM
2025-12-12,9:33:21.438878587,T,308.68,160,309.98,160,IBM
2025-12-12,9:33:21.929070563,T,308.68,160,309.96,80,IBM
2025-12-12,9:33:21.939084457,T,308.68,160,309.98,160,IBM
2025-12-12,9:33:23.053266752,T,308.68,160,309.98,240,IBM
2025-12-12,9:33:30.203954778,T,308.68,160,309.98,160,IBM
2025-12-12,9:33:32.851913576,T,308.4,40,309.98,160,IBM
2025-12-12,9:33:32.851918651,T,308.87,160,309.98,160,IBM
2025-12-12,9:33:36.420524141,T,309.25,40,309.98,160,IBM
2025-12-12,9:33:36.420950121,T,309.25,80,309.98,160,IBM
2025-12-12,9:33:44.210594352,T,309.25,80,309.98,200,IBM
2025-12-12,9:33:48.125794849,T,309.25,40,309.98,200,IBM
2025-12-12,9:33:48.125819900,T,308.87,160,309.98,200,IBM
2025-12-12,9:34:07.318349828,T,309.27,40,309.98,200,IBM
2025-12-12,9:34:07.319417357,T,308.87,160,309.98,200,IBM
2025-12-12,9:34:07.319472519,T,309.31,40,309.98,200,IBM
2025-12-12,9:34:07.320665346,T,308.87,160,309.98,200,IBM
2025-12-12,9:34:23.330092281,T,308.87,160,309.66,40,IBM
2025-12-12,9:34:23.330458416,T,308.87,160,309.93,40,IBM
2025-12-12,9:34:23.330458416,T,308.87,160,309.66,40,IBM
2025-12-12,9:34:23.330488400,T,308.87,160,309.93,40,IBM
2025-12-12,9:34:23.330488400,T,308.87,160,309.46,40,IBM
2025-12-12,9:34:23.330598520,T,308.87,160,309.42,40,IBM
2025-12-12,9:34:23.331169902,T,308.37,40,309.42,40,IBM
2025-12-12,9:34:23.331179884,T,308.62,160,309.42,40,IBM
2025-12-12,9:34:23.339204002,T,308.62,160,309.46,40,IBM
2025-12-12,9:34:23.339239084,T,308.99,40,309.46,40,IBM
2025-12-12,9:34:23.339474634,T,308.99,80,309.46,40,IBM
2025-12-12,9:34:23.339494624,T,309.15,40,309.46,40,IBM
2025-12-12,9:34:23.339770412,T,309.15,40,309.89,40,IBM
2025-12-12,9:34:23.339790438,T,309.21,40,309.89,40,IBM
2025-12-12,9:34:23.339805460,T,309.21,40,309.93,40,IBM
2025-12-12,9:34:23.339900602,T,309.21,80,309.93,40,IBM
2025-12-12,9:34:23.339930751,T,309.33,40,309.93,40,IBM
2025-12-12,9:34:23.340141184,T,309.33,40,309.93,80,IBM
2025-12-12,9:34:23.386411399,T,309.21,40,309.93,80,IBM
2025-12-12,9:34:23.431583900,T,309.21,40,309.93,40,IBM
2025-12-12,9:34:24.377024678,T,308.91,160,309.93,40,IBM
2025-12-12,9:34:27.633557327,T,309.5,40,309.93,40,IBM
2025-12-12,9:34:27.635767638,T,309.5,40,309.93,120,IBM
2025-12-12,9:34:27.680038006,T,308.91,160,309.93,120,IBM
2025-12-12,9:34:27.681812198,T,309.33,40,309.93,120,IBM
2025-12-12,9:34:27.748741586,T,309.33,40,309.93,40,IBM
2025-12-12,9:34:28.332290707,T,308.91,160,309.93,40,IBM
2025-12-12,9:34:28.332496259,T,308.91,160,310.24,160,IBM
2025-12-12,9:34:46.968406222,T,308.91,160,310.05,200,IBM
2025-12-12,9:35:17.101716574,T,308.91,160,309.75,40,IBM
2025-12-12,9:35:17.103586021,T,308.91,160,309.71,40,IBM
2025-12-12,9:35:18.023135107,T,308.91,160,309.75,40,IBM
2025-12-12,9:35:18.023165208,T,308.91,160,310.05,200,IBM
2025-12-12,9:35:18.023646377,T,308.91,160,309.75,40,IBM
2025-12-12,9:35:18.120867750,T,308.91,160,309.75,80,IBM
2025-12-12,9:35:18.313511353,T,308.91,160,309.75,40,IBM
2025-12-12,9:35:22.019288358,T,308.91,160,309.72,40,IBM
2025-12-12,9:35:37.642170440,T,308.91,160,309.5,40,IBM
2025-12-12,9:36:05.500695426,T,309.24,40,309.5,40,IBM
2025-12-12,9:36:18.432174829,T,309.24,80,309.5,40,IBM
2025-12-12,9:36:23.861645568,T,309.24,80,309.51,40,IBM
2025-12-12,9:36:23.861680589,T,309.24,120,309.51,40,IBM
2025-12-12,9:36:23.861690607,T,309.34,40,309.51,40,IBM
2025-12-12,9:36:23.861886163,T,309.34,40,309.63,40,IBM
2025-12-12,9:36:23.861896171,T,309.34,40,309.51,40,IBM
2025-12-12,9:36:23.861906160,T,309.34,40,309.63,40,IBM
2025-12-12,9:36:23.861921227,T,309.25,40,309.63,40,IBM
2025-12-12,9:36:23.885071340,T,309.46,40,309.63,40,IBM
2025-12-12,9:36:26.023542034,T,309.46,40,309.88,160,IBM
2025-12-12,9:36:26.023587130,T,309.47,40,309.88,160,IBM
2025-12-12,9:36:26.023637389,T,309.52,40,309.88,160,IBM
2025-12-12,9:36:26.023772624,T,309.47,40,309.88,160,IBM
2025-12-12,9:36:26.023802628,T,309.24,40,309.88,160,IBM
2025-12-12,9:36:26.023857736,T,309.52,40,309.88,160,IBM
2025-12-12,9:36:26.023897903,T,309.52,40,310.38,40,IBM
2025-12-12,9:36:26.023902836,T,309.52,40,310.06,160,IBM
2025-12-12,9:36:27.616925377,T,309.24,40,310.06,160,IBM
2025-12-12,9:36:28.640993060,T,309.47,40,310.06,160,IBM
2025-12-12,9:36:29.300523160,T,309.24,40,310.06,160,IBM
2025-12-12,9:36:34.204562877,T,309.47,40,310.06,160,IBM
2025-12-12,9:36:40.692022041,T,309.24,40,310.06,160,IBM
2025-12-12,9:36:41.827450087,T,309.47,40,310.06,160,IBM
2025-12-12,9:36:45.338563322,T,309.24,40,310.06,160,IBM
2025-12-12,9:36:56.425080906,T,309.47,40,310.06,160,IBM
2025-12-12,9:36:56.426133358,T,309.24,40,310.06,160,IBM
2025-12-12,9:37:08.469232971,T,309.24,80,310.06,160,IBM
2025-12-12,9:37:08.469242877,T,309.34,40,310.06,160,IBM
2025-12-12,9:37:08.469257948,T,309.49,40,310.06,160,IBM
2025-12-12,9:37:08.469272928,T,309.49,80,310.06,160,IBM
2025-12-12,9:37:08.469302984,T,309.61,40,310.06,160,IBM
2025-12-12,9:37:08.657310641,T,309.24,80,310.06,160,IBM
2025-12-12,9:37:08.657325686,T,309.24,40,310.06,160,IBM
2025-12-12,9:37:11.625486830,T,309.24,200,310.06,160,IBM
2025-12-12,9:37:14.436633976,T,309.24,200,310.06,200,IBM
2025-12-12,9:37:20.720643638,T,309.24,200,310.06,40,IBM
2025-12-12,9:37:22.037859395,T,309.24,200,310.06,80,IBM
2025-12-12,9:37:39.823359691,T,309.24,200,309.8,280,IBM
2025-12-12,9:38:00.818194732,T,309.24,200,309.81,80,IBM
2025-12-12,9:38:00.818214848,T,309.8,80,309.81,80,IBM
2025-12-12,9:38:00.818224990,T,309.8,80,309.81,40,IBM
2025-12-12,9:38:00.818229831,T,309.8,80,310.06,40,IBM
2025-12-12,9:38:00.818234816,T,309.8,80,309.81,40,IBM
2025-12-12,9:38:00.818245148,T,309.8,80,310.06,40,IBM
2025-12-12,9:38:00.818264922,T,309.8,120,310.06,40,IBM
2025-12-12,9:38:00.818270249,T,309.8,200,310.06,40,IBM
2025-12-12,9:38:00.818270249,T,309.8,200,310.25,160,IBM
2025-12-12,9:38:00.818836229,T,309.8,120,310.25,160,IBM
2025-12-12,9:38:00.818961681,T,309.81,80,310.25,160,IBM
2025-12-12,9:38:00.819547955,T,309.84,40,310.25,160,IBM
2025-12-12,9:38:00.820395038,T,309.84,40,310.51,40,IBM
2025-12-12,9:38:00.820400031,T,309.84,40,310.43,160,IBM
2025-12-12,9:38:00.820861111,T,309.84,40,310.38,40,IBM
2025-12-12,9:38:00.820901155,T,309.84,40,310.34,80,IBM
2025-12-12,9:38:00.820916289,T,309.8,40,310.34,80,IBM
2025-12-12,9:38:00.820946323,T,309.44,160,310.34,80,IBM
2025-12-12,9:38:00.821617905,T,309.84,40,310.34,80,IBM
2025-12-12,9:38:00.821923663,T,309.84,40,310.34,120,IBM
2025-12-12,9:38:01.259926316,T,309.84,40,310.34,80,IBM
2025-12-12,9:38:01.264391914,T,309.84,40,310.38,40,IBM
2025-12-12,9:38:07.867887294,T,309.44,160,310.38,40,IBM
2025-12-12,9:38:08.757765717,T,309.65,40,310.38,40,IBM
2025-12-12,9:38:10.824851641,T,309.44,160,310.38,40,IBM
2025-12-12,9:38:11.216348530,T,309.65,40,310.38,40,IBM
2025-12-12,9:38:11.813705540,T,309.44,160,310.38,40,IBM
2025-12-12,9:38:12.541097086,T,309.65,40,310.38,40,IBM
2025-12-12,9:38:12.935726496,T,309.65,80,310.38,40,IBM
2025-12-12,9:38:13.791413593,T,309.65,40,310.38,40,IBM
2025-12-12,9:38:13.949269559,T,309.65,80,310.38,40,IBM
2025-12-12,9:38:14.780267859,T,309.65,40,310.38,40,IBM
2025-12-12,9:38:24.986810251,T,309.65,40,310.63,160,IBM
2025-12-12,9:38:25.019387758,T,309.65,40,310.48,40,IBM
2025-12-12,9:38:30.349817133,T,309.44,160,310.48,40,IBM
2025-12-12,9:38:30.350819425,T,309.65,40,310.48,40,IBM
2025-12-12,9:38:35.220046331,T,309.78,40,310.48,40,IBM
2025-12-12,9:38:35.241382149,T,309.78,40,310.63,160,IBM
2025-12-12,9:38:35.266526990,T,309.65,40,310.63,160,IBM
2025-12-12,9:38:42.942013972,T,309.91,40,310.63,160,IBM
2025-12-12,9:38:42.942054098,T,309.91,80,310.63,160,IBM
2025-12-12,9:38:49.298876956,T,309.91,80,310.38,40,IBM
2025-12-12,9:38:56.231961876,T,309.91,120,310.38,40,IBM
2025-12-12,9:38:56.250351077,T,309.91,160,310.38,40,IBM
2025-12-12,9:38:56.250351077,T,309.91,120,310.38,40,IBM
2025-12-12,9:38:56.250506090,T,309.91,120,310.51,40,IBM
2025-12-12,9:38:56.250511051,T,309.91,120,310.63,200,IBM
2025-12-12,9:38:56.250526181,T,310.24,40,310.63,200,IBM
2025-12-12,9:38:56.250571238,T,310.24,40,310.63,160,IBM
2025-12-12,9:38:56.250841839,T,310.24,40,310.4,40,IBM
2025-12-12,9:38:56.250987216,T,310.24,40,310.51,40,IBM
2025-12-12,9:38:56.251077481,T,310.24,40,310.63,160,IBM
2025-12-12,9:38:56.252370518,T,310.24,40,310.89,40,IBM
2025-12-12,9:38:56.252370518,T,310.24,40,310.83,160,IBM
2025-12-12,9:38:56.258174372,T,309.91,120,310.83,160,IBM
2025-12-12,9:38:56.311827032,T,309.91,80,310.83,160,IBM
2025-12-12,9:38:56.312513677,T,309.92,40,310.83,160,IBM
2025-12-12,9:38:56.351757148,T,309.99,40,310.83,160,IBM
2025-12-12,9:38:56.466871151,T,309.92,40,310.83,160,IBM
2025-12-12,9:38:56.467121772,T,309.96,40,310.83,160,IBM
2025-12-12,9:38:56.467156841,T,309.96,80,310.83,160,IBM
2025-12-12,9:38:56.766319014,T,309.97,40,310.83,160,IBM
2025-12-12,9:38:56.766354075,T,309.97,80,310.83,160,IBM
2025-12-12,9:39:09.059624422,T,309.97,40,310.83,160,IBM
2025-12-12,9:39:09.059654469,T,309.91,40,310.83,160,IBM
2025-12-12,9:39:12.837949084,T,309.91,40,310.49,40,IBM
2025-12-12,9:39:14.081950729,T,309.97,40,310.49,40,IBM
2025-12-12,9:39:14.081990764,T,309.97,80,310.49,40,IBM
2025-12-12,9:39:29.598458905,T,309.98,40,310.49,40,IBM
2025-12-12,9:39:29.598499053,T,309.98,80,310.49,40,IBM
2025-12-12,9:39:35.042413885,T,309.98,80,310.46,40,IBM
2025-12-12,9:39:44.888864243,T,309.98,80,310.83,160,IBM
2025-12-12,9:39:44.917763005,T,309.98,80,310.58,40,IBM
2025-12-12,9:39:45.939886269,T,309.98,80,310.83,160,IBM
2025-12-12,9:39:48.212531481,T,309.98,120,310.83,160,IBM
2025-12-12,9:39:48.220480342,T,309.98,120,310.64,40,IBM
2025-12-12,9:39:48.227015879,T,309.98,80,310.64,40,IBM
2025-12-12,9:39:49.455951496,T,309.98,80,310.44,40,IBM
2025-12-12,9:39:49.456743416,T,309.98,40,310.44,40,IBM
2025-12-12,9:39:49.456773506,T,309.97,40,310.44,40,IBM
2025-12-12,9:39:49.456798554,T,309.91,40,310.44,40,IBM
2025-12-12,9:39:55.167974759,T,309.91,40,310.64,40,IBM
2025-12-12,9:39:57.509278355,T,309.98,120,310.64,40,IBM
2025-12-12,9:39:57.509313404,T,309.98,160,310.64,40,IBM
2025-12-12,9:39:57.516831259,T,309.98,160,310.83,160,IBM
2025-12-12,9:39:57.844696910,T,310.18,40,310.83,160,IBM
2025-12-12,9:39:58.603934312,T,310.18,80,310.83,160,IBM
2025-12-12,9:39:58.609657948,T,310.18,40,310.83,160,IBM
2025-12-12,9:39:58.723318513,T,309.91,40,310.83,160,IBM
2025-12-12,9:39:58.987697902,T,310.18,120,310.83,160,IBM
2025-12-12,9:39:58.987732972,T,310.18,160,310.83,160,IBM
2025-12-12,9:39:59.001871596,T,310.18,120,310.83,160,IBM
2025-12-12,9:40:00.076630160,T,309.91,40,310.83,160,IBM
2025-12-12,9:40:01.853876105,T,310.2,40,310.83,160,IBM
2025-12-12,9:40:03.595812805,T,309.91,40,310.83,160,IBM
2025-12-12,9:40:03.679562085,T,310.2,40,310.83,160,IBM
2025-12-12,9:40:03.824291603,T,309.91,40,310.83,160,IBM
2025-12-12,9:40:06.144966388,T,310.2,40,310.83,160,IBM
2025-12-12,9:40:11.647295188,T,309.91,40,310.83,160,IBM
2025-12-12,9:40:11.817690731,T,309.96,40,310.83,160,IBM
2025-12-12,9:40:11.817695792,T,309.91,40,310.83,160,IBM
2025-12-12,9:40:12.019430939,T,309.96,40,310.83,160,IBM
2025-12-12,9:40:12.019441022,T,309.91,40,310.83,160,IBM
2025-12-12,9:40:12.216981268,T,309.96,40,310.83,160,IBM
2025-12-12,9:40:12.216986399,T,309.91,40,310.83,160,IBM
2025-12-12,9:40:12.417323202,T,309.96,40,310.83,160,IBM
2025-12-12,9:40:12.417333324,T,309.91,40,310.83,160,IBM
2025-12-12,9:40:12.588686123,T,309.96,40,310.83,160,IBM
2025-12-12,9:40:12.588696235,T,309.91,40,310.83,160,IBM
2025-12-12,9:40:12.691029742,T,309.96,40,310.83,160,IBM
2025-12-12,9:40:12.691044816,T,309.91,40,310.83,160,IBM
2025-12-12,9:40:12.804349489,T,309.96,40,310.83,160,IBM
2025-12-12,9:40:12.804359509,T,309.91,40,310.83,160,IBM
2025-12-12,9:40:12.916326058,T,309.96,40,310.83,160,IBM
2025-12-12,9:40:12.916336079,T,309.91,40,310.83,160,IBM
2025-12-12,9:40:13.017907962,T,309.96,40,310.83,160,IBM
2025-12-12,9:40:13.017917933,T,309.91,40,310.83,160,IBM
2025-12-12,9:40:13.216656151,T,309.96,40,310.83,160,IBM
2025-12-12,9:40:13.216666088,T,309.91,40,310.83,160,IBM
2025-12-12,9:40:13.364082049,T,309.83,160,310.83,160,IBM
2025-12-12,9:40:13.366623089,T,309.96,40,310.83,160,IBM
2025-12-12,9:40:13.366633165,T,309.83,160,310.83,160,IBM
2025-12-12,9:40:16.623250923,T,309.83,160,310.48,40,IBM
2025-12-12,9:40:20.198993064,T,310.21,40,310.48,40,IBM
2025-12-12,9:40:25.067753806,T,309.83,160,310.48,40,IBM
2025-12-12,9:40:26.920900376,T,309.83,160,310.33,40,IBM
2025-12-12,9:40:26.921155926,T,309.99,40,310.33,40,IBM
2025-12-12,9:40:26.921196064,T,309.99,80,310.33,40,IBM
2025-12-12,9:40:26.921501746,T,309.99,80,310.48,40,IBM
2025-12-12,9:40:26.921521801,T,310.0,40,310.48,40,IBM
2025-12-12,9:40:27.003958075,T,309.99,80,310.48,40,IBM
2025-12-12,9:40:28.929416823,T,310.01,40,310.48,40,IBM
2025-12-12,9:40:42.469149443,T,310.02,40,310.48,40,IBM
2025-12-12,9:40:42.469184529,T,310.02,80,310.48,40,IBM
2025-12-12,9:40:55.785836085,T,310.02,120,310.48,40,IBM
2025-12-12,9:40:59.616570530,T,310.02,120,310.83,200,IBM
2025-12-12,9:41:03.125694258,T,310.02,120,310.83,40,IBM
2025-12-12,9:41:03.125704362,T,310.02,120,310.68,160,IBM
2025-12-12,9:41:07.104581541,T,310.02,80,310.68,160,IBM
2025-12-12,9:41:07.196094356,T,310.02,40,310.68,160,IBM
2025-12-12,9:41:07.230120398,T,310.03,40,310.68,160,IBM
2025-12-12,9:41:07.233724008,T,310.11,40,310.68,160,IBM
2025-12-12,9:41:07.293060232,T,310.11,40,310.42,40,IBM
2025-12-12,9:41:07.322279702,T,310.11,40,310.68,160,IBM
2025-12-12,9:41:07.372599511,T,310.11,200,310.68,160,IBM
2025-12-12,9:41:07.877431415,T,310.11,240,310.68,160,IBM
2025-12-12,9:41:09.059264912,T,310.11,200,310.68,160,IBM
2025-12-12,9:41:11.817786781,T,310.11,200,310.42,40,IBM
2025-12-12,9:41:11.817997224,T,310.11,200,310.42,80,IBM
2025-12-12,9:41:12.260079723,T,310.11,200,310.42,120,IBM
2025-12-12,9:41:13.060455056,T,310.11,200,310.42,80,IBM
2025-12-12,9:41:14.266706659,T,310.11,160,310.42,80,IBM
2025-12-12,9:41:14.266731864,T,310.11,40,310.42,80,IBM
2025-12-12,9:41:14.266731864,T,309.63,160,310.42,80,IBM
2025-12-12,9:41:14.266741799,T,309.63,160,310.41,40,IBM
2025-12-12,9:41:14.266756777,T,309.63,160,310.12,80,IBM
2025-12-12,9:41:14.266786942,T,309.63,160,310.27,40,IBM
2025-12-12,9:41:14.266811935,T,309.63,160,310.41,40,IBM
2025-12-12,9:41:14.266872055,T,309.63,160,310.41,80,IBM
2025-12-12,9:41:14.266912184,T,309.63,160,310.41,40,IBM
2025-12-12,9:41:14.266912184,T,309.63,160,310.27,40,IBM
2025-12-12,9:41:14.267403318,T,309.63,160,310.27,80,IBM
2025-12-12,9:41:14.268836739,T,309.63,160,310.27,40,IBM
2025-12-12,9:41:14.272465543,T,309.81,40,310.27,40,IBM
2025-12-12,9:41:14.383920787,T,309.81,40,310.25,40,IBM
2025-12-12,9:41:14.782860594,T,309.81,40,310.25,80,IBM
2025-12-12,9:41:15.717766027,T,309.81,40,310.19,40,IBM
2025-12-12,9:41:15.718733363,T,309.81,40,310.19,80,IBM
2025-12-12,9:41:16.733398903,T,309.81,40,310.19,40,IBM
2025-12-12,9:41:17.161543151,T,309.49,40,310.19,40,IBM
2025-12-12,9:41:17.493172597,T,309.49,40,310.19,80,IBM
2025-12-12,9:41:17.602633187,T,309.82,40,310.19,80,IBM
2025-12-12,9:41:17.717907617,T,309.82,240,310.19,80,IBM
2025-12-12,9:41:19.362638163,T,309.82,240,310.19,40,IBM
2025-12-12,9:41:22.289706336,T,309.82,240,310.45,160,IBM
2025-12-12,9:41:24.377531914,T,309.9,40,310.45,160,IBM
2025-12-12,9:41:24.377717104,T,310.0,40,310.45,160,IBM
2025-12-12,9:41:24.382734113,T,310.05,40,310.45,160,IBM
2025-12-12,9:41:24.382814524,T,310.05,40,310.7,40,IBM
2025-12-12,9:41:24.382814524,T,310.05,40,310.67,160,IBM
2025-12-12,9:41:24.424237891,T,310.0,40,310.67,160,IBM
2025-12-12,9:41:24.586870111,T,310.0,120,310.67,160,IBM
2025-12-12,9:41:25.377853193,T,310.0,120,310.6,40,IBM
2025-12-12,9:41:26.509682520,T,310.0,160,310.6,40,IBM
2025-12-12,9:41:27.480729144,T,310.0,160,310.42,40,IBM
2025-12-12,9:41:27.763402029,T,310.0,160,310.6,40,IBM
2025-12-12,9:41:29.358093464,T,310.0,160,310.67,160,IBM
2025-12-12,9:41:29.358138378,T,310.09,40,310.67,160,IBM
2025-12-12,9:41:29.358153923,T,310.1,40,310.67,160,IBM
2025-12-12,9:41:29.358178450,T,310.15,40,310.67,160,IBM
2025-12-12,9:41:29.358343914,T,310.25,40,310.67,160,IBM
2025-12-12,9:41:29.358394019,T,310.26,40,310.67,160,IBM
2025-12-12,9:41:29.358634636,T,310.26,80,310.67,160,IBM
2025-12-12,9:41:29.358935406,T,310.27,40,310.67,160,IBM
2025-12-12,9:41:29.360072970,T,310.26,80,310.67,160,IBM
2025-12-12,9:41:29.360193279,T,310.26,40,310.67,160,IBM
2025-12-12,9:41:29.361551529,T,310.26,40,310.89,40,IBM
2025-12-12,9:41:29.361777073,T,310.26,80,310.89,40,IBM
2025-12-12,9:41:29.369585636,T,310.26,120,310.89,40,IBM
2025-12-12,9:41:29.370257303,T,310.26,160,310.89,40,IBM
2025-12-12,9:41:29.380130757,T,310.27,40,310.89,40,IBM
2025-12-12,9:41:29.380130757,T,310.27,40,310.95,200,IBM
2025-12-12,9:41:29.458427153,T,310.09,120,310.95,200,IBM
2025-12-12,9:41:29.458898282,T,310.09,160,310.95,200,IBM
2025-12-12,9:41:29.458923295,T,310.09,200,310.95,200,IBM
2025-12-12,9:41:29.553272994,T,310.09,240,310.95,200,IBM
2025-12-12,9:41:29.553328039,T,310.09,200,310.95,200,IBM
2025-12-12,9:41:29.553348227,T,310.09,160,310.95,200,IBM
2025-12-12,9:41:29.553353133,T,310.09,120,310.95,200,IBM
2025-12-12,9:41:30.151607322,T,310.09,80,310.95,200,IBM
2025-12-12,9:41:30.358520047,T,310.09,80,310.89,40,IBM
2025-12-12,9:41:32.931480160,T,310.09,120,310.89,40,IBM
2025-12-12,9:41:33.741242826,T,310.09,80,310.89,40,IBM
2025-12-12,9:41:38.112183351,T,310.09,80,310.95,200,IBM
2025-12-12,9:41:44.446738402,T,310.16,80,310.95,200,IBM
2025-12-12,9:41:44.985140224,T,310.16,120,310.95,200,IBM
2025-12-12,9:41:48.557123542,T,310.16,120,310.64,40,IBM
2025-12-12,9:41:50.189790267,T,310.16,120,310.95,200,IBM
2025-12-12,9:41:53.523702090,T,310.16,160,310.95,200,IBM
2025-12-12,9:41:54.356404317,T,310.16,80,310.95,200,IBM
2025-12-12,9:41:54.954638419,T,310.16,320,310.95,200,IBM
2025-12-12,9:42:00.207458148,T,310.16,280,310.95,200,IBM
2025-12-12,9:42:05.653332566,T,310.16,280,310.89,40,IBM
2025-12-12,9:42:13.106520737,T,310.16,240,310.89,40,IBM
2025-12-12,9:42:13.106756338,T,310.17,240,310.89,40,IBM
2025-12-12,9:42:16.131136200,T,310.17,240,310.65,40,IBM
2025-12-12,9:42:16.134003076,T,310.17,240,310.64,40,IBM
2025-12-12,9:42:16.164796332,T,310.17,240,310.89,40,IBM
2025-12-12,9:42:25.196016107,T,309.92,160,310.89,40,IBM
2025-12-12,9:42:26.115585178,T,310.17,40,310.89,40,IBM
2025-12-12,9:42:27.286156930,T,310.17,40,310.8,40,IBM
2025-12-12,9:42:30.598512566,T,310.17,40,310.89,40,IBM
2025-12-12,9:42:30.598537462,T,310.28,40,310.89,40,IBM
2025-12-12,9:42:30.599254138,T,310.28,40,310.64,40,IBM
2025-12-12,9:42:30.599254138,T,310.28,40,310.64,80,IBM
2025-12-12,9:42:30.599319288,T,310.17,40,310.64,80,IBM
2025-12-12,9:42:30.599329334,T,310.28,40,310.64,80,IBM
2025-12-12,9:42:30.603599477,T,310.09,40,310.64,80,IBM
2025-12-12,9:42:30.611523296,T,310.09,40,310.64,40,IBM
2025-12-12,9:42:30.611543379,T,309.92,160,310.64,40,IBM
2025-12-12,9:42:30.611813997,T,310.09,40,310.64,40,IBM
2025-12-12,9:42:30.855704653,T,309.92,160,310.64,40,IBM
2025-12-12,9:42:31.599660618,T,310.17,40,310.64,40,IBM
2025-12-12,9:42:47.888928961,T,310.18,40,310.64,40,IBM
2025-12-12,9:42:48.451237550,T,310.18,40,310.8,160,IBM
2025-12-12,9:42:52.037825919,T,310.18,40,310.67,120,IBM
2025-12-12,9:43:03.042097728,T,310.33,40,310.67,120,IBM
2025-12-12,9:43:03.042122630,T,310.33,40,310.65,40,IBM
2025-12-12,9:43:03.042137636,T,310.33,40,310.67,120,IBM
2025-12-12,9:43:03.042142719,T,310.18,40,310.67,120,IBM
2025-12-12,9:43:03.042168384,T,310.19,40,310.67,120,IBM
2025-12-12,9:43:03.042954640,T,310.19,80,310.67,120,IBM
2025-12-12,9:43:03.042964693,T,310.19,80,310.55,40,IBM
2025-12-12,9:43:03.042994731,T,310.19,40,310.55,40,IBM
2025-12-12,9:43:12.092468042,T,310.19,40,310.64,40,IBM
2025-12-12,9:43:12.092468042,T,310.19,40,310.65,40,IBM
2025-12-12,9:43:12.092503160,T,310.2,40,310.65,40,IBM
2025-12-12,9:43:12.092523179,T,310.19,40,310.65,40,IBM
2025-12-12,9:43:12.092528123,T,310.2,40,310.65,40,IBM
2025-12-12,9:43:12.092553233,T,310.19,40,310.65,40,IBM
2025-12-12,9:43:12.092608363,T,310.35,40,310.65,40,IBM
2025-12-12,9:43:12.092658709,T,310.37,40,310.65,40,IBM
2025-12-12,9:43:12.096056576,T,310.37,40,310.55,40,IBM
2025-12-12,9:43:12.096071644,T,310.35,40,310.55,40,IBM
2025-12-12,9:43:12.096081659,T,310.0,40,310.55,40,IBM
2025-12-12,9:43:12.096257090,T,310.0,40,310.65,40,IBM
2025-12-12,9:43:12.096282081,T,310.37,40,310.65,40,IBM
2025-12-12,9:43:12.096688129,T,310.09,40,310.65,40,IBM
2025-12-12,9:43:14.414986871,T,310.35,40,310.65,40,IBM
2025-12-12,9:43:18.066790394,T,310.35,40,310.62,40,IBM
2025-12-12,9:43:19.492469291,T,310.35,40,310.65,40,IBM
2025-12-12,9:43:23.736572976,T,310.35,80,310.65,40,IBM
2025-12-12,9:43:27.970502185,T,310.35,80,310.64,40,IBM
2025-12-12,9:43:35.573963284,T,310.36,40,310.64,40,IBM
2025-12-12,9:43:35.573983263,T,310.36,80,310.64,40,IBM
2025-12-12,9:43:40.736021721,T,310.36,40,310.64,40,IBM
2025-12-12,9:43:40.737234685,T,310.36,40,310.59,40,IBM
2025-12-12,9:43:40.773004811,T,310.36,40,310.64,40,IBM
2025-12-12,9:43:40.958731973,T,310.36,40,310.63,40,IBM
2025-12-12,9:43:42.212627012,T,310.36,40,310.64,40,IBM
2025-12-12,9:43:46.375597544,T,310.36,40,310.6,40,IBM
2025-12-12,9:43:46.460023439,T,310.36,40,310.64,40,IBM
2025-12-12,9:43:46.871984060,T,310.06,160,310.64,40,IBM
2025-12-12,9:43:48.266969835,T,310.06,160,310.59,40,IBM
2025-12-12,9:43:48.267541143,T,310.17,80,310.59,40,IBM
2025-12-12,9:43:48.267711531,T,310.17,80,310.59,80,IBM
2025-12-12,9:43:48.268277912,T,310.17,80,310.59,40,IBM
2025-12-12,9:43:56.484773257,T,310.17,80,310.64,40,IBM
2025-12-12,9:43:56.485204249,T,310.17,80,310.53,40,IBM
2025-12-12,9:43:56.843341918,T,310.17,80,310.53,80,IBM
2025-12-12,9:43:56.843823024,T,310.17,80,310.53,40,IBM
2025-12-12,9:43:56.935381058,T,310.17,80,310.53,80,IBM
2025-12-12,9:43:57.059025396,T,310.17,80,310.53,40,IBM
2025-12-12,9:44:03.389380417,T,310.18,80,310.53,40,IBM
2025-12-12,9:44:13.221792553,T,310.18,80,310.64,40,IBM
2025-12-12,9:44:13.418295284,T,310.18,80,310.62,40,IBM
2025-12-12,9:44:15.037575275,T,310.18,80,310.64,40,IBM
2025-12-12,9:44:15.840281167,T,310.18,80,310.65,40,IBM
2025-12-12,9:44:15.840296121,T,310.18,80,310.71,40,IBM
2025-12-12,9:44:15.840311143,T,310.18,80,310.8,40,IBM
2025-12-12,9:44:17.649307656,T,310.18,80,310.53,40,IBM
2025-12-12,9:44:18.258828724,T,310.29,40,310.53,40,IBM
2025-12-12,9:44:18.262863382,T,310.28,80,310.53,40,IBM
2025-12-12,9:44:33.860109193,T,310.29,80,310.53,40,IBM
2025-12-12,9:44:38.339212180,T,310.29,80,310.75,40,IBM
2025-12-12,9:44:38.339217180,T,310.29,80,310.53,40,IBM
2025-12-12,9:44:38.339232194,T,310.29,80,310.59,40,IBM
2025-12-12,9:44:38.339237314,T,310.41,40,310.59,40,IBM
2025-12-12,9:44:38.339252240,T,310.29,80,310.59,40,IBM
2025-12-12,9:44:38.339262492,T,310.29,80,310.75,40,IBM
2025-12-12,9:44:38.339277283,T,310.31,40,310.75,40,IBM
2025-12-12,9:44:38.339317436,T,310.41,40,310.75,40,IBM
2025-12-12,9:44:38.340044068,T,310.31,40,310.75,40,IBM
2025-12-12,9:44:38.385762950,T,310.09,40,310.75,40,IBM
2025-12-12,9:44:38.439390628,T,310.0,40,310.75,40,IBM
2025-12-12,9:44:39.329008399,T,310.0,40,310.65,40,IBM
2025-12-12,9:44:39.987977434,T,310.0,40,310.59,40,IBM
2025-12-12,9:44:39.987987348,T,310.0,40,310.56,40,IBM
2025-12-12,9:44:39.988007310,T,310.0,40,310.53,40,IBM
2025-12-12,9:44:39.988007310,T,309.91,200,310.53,40,IBM
2025-12-12,9:44:39.988242862,T,310.29,40,310.53,40,IBM
2025-12-12,9:44:39.988338106,T,310.29,40,310.59,40,IBM
2025-12-12,9:44:39.988523507,T,310.29,40,310.65,40,IBM
2025-12-12,9:44:42.224376070,T,310.39,40,310.65,40,IBM
2025-12-12,9:44:42.224807103,T,310.41,40,310.65,40,IBM
2025-12-12,9:44:42.225584032,T,310.39,40,310.65,40,IBM
2025-12-12,9:44:42.304521960,T,310.39,40,310.83,160,IBM
2025-12-12,9:44:51.312451249,T,310.41,40,310.83,160,IBM
2025-12-12,9:44:51.312481453,T,310.4,40,310.83,160,IBM
2025-12-12,9:44:51.312486381,T,310.49,40,310.83,160,IBM
2025-12-12,9:44:51.312491559,T,310.49,80,310.83,160,IBM
2025-12-12,9:44:51.312606681,T,310.49,40,310.83,160,IBM
2025-12-12,9:44:51.313107808,T,310.49,80,310.83,160,IBM
2025-12-12,9:44:51.313138170,T,310.49,40,310.83,160,IBM
2025-12-12,9:44:51.313142903,T,310.56,40,310.83,160,IBM
2025-12-12,9:44:51.313854591,T,310.56,40,310.83,200,IBM
2025-12-12,9:44:51.313869691,T,310.56,40,310.83,240,IBM
2025-12-12,9:44:51.314060163,T,310.49,40,310.83,240,IBM
2025-12-12,9:44:51.317237691,T,310.49,40,310.83,80,IBM
2025-12-12,9:44:51.327226398,T,310.4,40,310.83,80,IBM
2025-12-12,9:44:51.327246524,T,310.24,40,310.83,80,IBM
2025-12-12,9:44:51.412609675,T,310.08,40,310.83,80,IBM
2025-12-12,9:44:51.421556060,T,310.4,80,310.83,80,IBM
2025-12-12,9:44:51.421586050,T,310.4,120,310.83,80,IBM
2025-12-12,9:44:51.882834137,T,310.4,160,310.83,80,IBM
2025-12-12,9:44:51.882844075,T,310.41,40,310.83,80,IBM
2025-12-12,9:44:51.882854269,T,310.4,160,310.83,80,IBM
2025-12-12,9:44:51.882854269,T,310.41,40,310.83,80,IBM
2025-12-12,9:44:51.882879191,T,310.4,160,310.83,80,IBM
2025-12-12,9:44:51.979734803,T,310.4,120,310.83,80,IBM
2025-12-12,9:44:51.979915178,T,310.4,80,310.83,80,IBM
2025-12-12,9:44:52.312857801,T,310.4,80,310.83,40,IBM
2025-12-12,9:44:52.312862755,T,310.4,80,310.98,200,IBM
2025-12-12,9:44:52.312887917,T,310.4,80,310.68,80,IBM
2025-12-12,9:44:52.874103871,T,310.4,80,310.98,200,IBM
2025-12-12,9:44:52.874128992,T,310.54,40,310.98,200,IBM
2025-12-12,9:44:52.874444646,T,310.54,80,310.98,200,IBM
2025-12-12,9:44:52.874449698,T,310.54,80,310.98,160,IBM
2025-12-12,9:44:52.874650298,T,310.61,40,310.98,160,IBM
2025-12-12,9:44:52.888748698,T,310.54,200,310.98,160,IBM
2025-12-12,9:44:52.888748698,T,310.54,160,310.98,160,IBM
2025-12-12,9:44:52.888929167,T,310.54,120,310.98,160,IBM
2025-12-12,9:44:52.921055689,T,310.54,80,310.98,160,IBM
2025-12-12,9:44:53.091596610,T,310.54,120,310.98,160,IBM
2025-12-12,9:44:53.578921740,T,310.54,80,310.98,160,IBM
2025-12-12,9:44:53.874530510,T,310.54,80,310.98,200,IBM
2025-12-12,9:44:55.520062864,T,310.54,80,310.89,40,IBM
2025-12-12,9:44:55.524132518,T,310.54,80,310.98,200,IBM
2025-12-12,9:44:55.604734435,T,310.54,80,310.74,40,IBM
2025-12-12,9:44:56.671559063,T,310.54,80,310.98,200,IBM
2025-12-12,9:44:58.200849852,T,310.54,80,310.89,40,IBM
2025-12-12,9:44:58.200879884,T,310.54,80,310.65,40,IBM
2025-12-12,9:44:58.200889886,T,310.2,160,310.65,40,IBM
2025-12-12,9:44:58.200995194,T,310.2,160,310.65,80,IBM
2025-12-12,9:44:58.201200654,T,310.2,160,310.65,40,IBM
2025-12-12,9:44:58.201381071,T,310.2,160,310.74,40,IBM
2025-12-12,9:44:58.201621663,T,310.2,160,310.89,40,IBM
2025-12-12,9:44:58.202428541,T,310.44,40,310.89,40,IBM
2025-12-12,9:45:00.035808002,T,310.44,40,310.92,40,IBM
2025-12-12,9:45:01.667843323,T,310.44,80,310.92,40,IBM
2025-12-12,9:45:02.253933468,T,310.44,40,310.92,40,IBM
2025-12-12,9:45:02.713512528,T,310.44,40,310.98,200,IBM
2025-12-12,9:45:03.199469454,T,310.44,120,310.98,200,IBM
2025-12-12,9:45:05.499204335,T,310.44,120,310.98,160,IBM
2025-12-12,9:45:07.008176630,T,310.44,120,310.98,200,IBM
2025-12-12,9:45:07.947116680,T,310.44,120,310.98,160,IBM
2025-12-12,9:45:09.060908135,T,310.44,80,310.98,160,IBM
2025-12-12,9:45:11.868712810,T,310.44,80,310.89,40,IBM
2025-12-12,9:45:11.868712810,T,310.44,80,310.74,40,IBM
2025-12-12,9:45:11.868832762,T,310.44,80,310.89,40,IBM
2025-12-12,9:45:13.854174004,T,310.44,80,310.74,40,IBM
2025-12-12,9:45:15.710257660,T,310.44,80,310.74,80,IBM
2025-12-12,9:45:15.710257660,T,310.44,80,310.73,40,IBM
2025-12-12,9:45:15.710528311,T,310.44,80,310.73,80,IBM
2025-12-12,9:45:15.710758886,T,310.44,80,310.62,40,IBM
2025-12-12,9:45:15.710788885,T,310.44,80,310.59,40,IBM
2025-12-12,9:45:15.710934308,T,310.33,40,310.59,40,IBM
2025-12-12,9:45:15.720281568,T,310.33,40,310.73,80,IBM
2025-12-12,9:45:15.720301590,T,310.33,40,310.73,40,IBM
2025-12-12,9:45:15.720572210,T,310.33,40,310.74,40,IBM
2025-12-12,9:45:15.725513990,T,310.33,40,310.68,40,IBM
2025-12-12,9:45:16.344181711,T,310.33,40,310.89,40,IBM
2025-12-12,9:45:19.601641715,T,310.33,40,310.68,40,IBM
2025-12-12,9:45:19.601686824,T,310.33,40,310.68,80,IBM
2025-12-12,9:45:19.601686824,T,310.33,40,310.67,40,IBM
2025-12-12,9:45:19.601696776,T,310.33,40,310.6,40,IBM
2025-12-12,9:45:19.601751958,T,310.33,40,310.59,40,IBM
2025-12-12,9:45:19.601767002,T,310.33,40,310.56,40,IBM
2025-12-12,9:45:19.601786995,T,310.33,40,310.59,40,IBM
2025-12-12,9:45:19.601797022,T,310.33,40,310.57,40,IBM
2025-12-12,9:45:19.601797022,T,310.33,40,310.56,40,IBM
2025-12-12,9:45:19.601802079,T,310.33,40,310.52,40,IBM
2025-12-12,9:45:19.602639064,T,310.33,40,310.68,40,IBM
2025-12-12,9:45:19.602664115,T,310.33,40,310.74,40,IBM
2025-12-12,9:45:19.602724271,T,310.34,40,310.74,40,IBM
2025-12-12,9:45:19.602739269,T,310.33,80,310.74,40,IBM
2025-12-12,9:45:19.602809494,T,310.33,40,310.74,40,IBM
2025-12-12,9:45:19.602919700,T,310.34,80,310.74,40,IBM
2025-12-12,9:45:19.604157627,T,310.33,40,310.74,40,IBM
2025-12-12,9:45:19.701820100,T,310.33,40,310.84,40,IBM
2025-12-12,9:45:19.852739367,T,310.33,80,310.84,40,IBM
2025-12-12,9:45:19.852759490,T,310.33,40,310.84,40,IBM
2025-12-12,9:45:20.150458162,T,310.33,40,310.68,40,IBM
2025-12-12,9:45:20.605852186,T,310.33,40,310.84,40,IBM
2025-12-12,9:45:24.149844204,T,310.33,40,310.68,40,IBM
2025-12-12,9:45:27.552770027,T,310.33,40,310.84,40,IBM
2025-12-12,9:45:28.221366814,T,310.33,40,310.89,40,IBM
2025-12-12,9:45:36.811190697,T,310.35,40,310.89,40,IBM
2025-12-12,9:45:36.811721934,T,310.35,40,310.68,40,IBM
2025-12-12,9:45:36.816082339,T,310.35,40,310.68,80,IBM
2025-12-12,9:45:36.822427475,T,310.35,40,310.68,120,IBM
2025-12-12,9:45:36.822447454,T,310.35,40,310.67,40,IBM
2025-12-12,9:45:36.823154190,T,310.35,40,310.68,40,IBM
2025-12-12,9:45:36.823439874,T,310.35,40,310.68,80,IBM
2025-12-12,9:45:36.823525062,T,310.35,40,310.68,40,IBM
2025-12-12,9:45:36.823765671,T,310.35,40,310.68,80,IBM
2025-12-12,9:45:36.823780636,T,310.35,40,310.63,40,IBM
2025-12-12,9:45:36.824898480,T,310.35,40,310.62,40,IBM
2025-12-12,9:45:36.924936467,T,310.35,40,310.68,40,IBM
2025-12-12,9:45:38.761553846,T,310.35,40,310.68,80,IBM
2025-12-12,9:45:39.255750135,T,310.35,40,310.64,40,IBM
2025-12-12,9:45:39.608975980,T,310.35,40,310.64,80,IBM
2025-12-12,9:45:44.600533909,T,310.35,40,310.61,40,IBM
2025-12-12,9:45:44.929918083,T,310.35,40,310.61,80,IBM
2025-12-12,9:45:47.330262314,T,310.35,40,310.58,40,IBM
2025-12-12,9:45:47.360990385,T,310.08,40,310.58,40,IBM
2025-12-12,9:45:47.361010535,T,310.08,40,310.58,80,IBM
2025-12-12,9:45:47.361010535,T,310.06,160,310.58,80,IBM
2025-12-12,9:45:47.361030543,T,310.06,160,310.52,40,IBM
2025-12-12,9:45:47.361316190,T,310.06,160,310.58,80,IBM
2025-12-12,9:45:47.361606910,T,310.06,160,310.45,40,IBM
2025-12-12,9:45:47.363762069,T,310.06,160,310.58,80,IBM
2025-12-12,9:45:47.371801109,T,310.06,160,310.58,40,IBM
2025-12-12,9:45:47.371941515,T,310.06,160,310.45,40,IBM
2025-12-12,9:45:47.407756709,T,310.06,160,310.58,40,IBM
2025-12-12,9:45:47.407972292,T,310.06,160,310.58,80,IBM
2025-12-12,9:45:47.987592161,T,310.22,40,310.58,80,IBM
2025-12-12,9:45:48.097819515,T,310.06,160,310.58,80,IBM
2025-12-12,9:45:48.097834609,T,310.06,160,310.58,40,IBM
2025-12-12,9:45:48.375214954,T,310.06,160,310.74,40,IBM
2025-12-12,9:45:49.507891295,T,310.06,160,310.74,80,IBM
2025-12-12,9:45:49.541050365,T,310.06,160,310.64,40,IBM
2025-12-12,9:45:49.541541359,T,310.06,160,310.5,40,IBM
2025-12-12,9:45:49.697452568,T,310.06,160,310.64,40,IBM
2025-12-12,9:45:49.741883289,T,310.06,160,310.51,40,IBM
2025-12-12,9:45:51.281714190,T,310.06,160,310.64,40,IBM
2025-12-12,9:45:51.448972298,T,310.06,160,310.51,40,IBM
2025-12-12,9:45:51.449182796,T,310.06,160,310.51,80,IBM
2025-12-12,9:45:51.500875883,T,310.06,160,310.5,40,IBM
2025-12-12,9:45:51.501346971,T,310.06,160,310.5,80,IBM
2025-12-12,9:45:55.161294818,T,310.06,160,310.49,40,IBM
2025-12-12,9:45:55.616718990,T,310.06,160,310.5,40,IBM
2025-12-12,9:45:55.617661266,T,310.06,160,310.64,40,IBM
2025-12-12,9:45:55.617871783,T,310.06,160,310.64,80,IBM
2025-12-12,9:45:55.617901837,T,310.06,160,310.63,40,IBM
2025-12-12,9:45:55.762696533,T,310.06,160,310.63,80,IBM
2025-12-12,9:45:55.867571149,T,310.06,160,310.63,40,IBM
2025-12-12,9:45:55.962858051,T,310.06,160,310.63,80,IBM
2025-12-12,9:45:56.312746045,T,310.06,160,310.63,40,IBM
2025-12-12,9:45:56.312771037,T,310.06,160,310.64,40,IBM
2025-12-12,9:45:56.313222095,T,310.06,160,310.61,40,IBM
2025-12-12,9:45:56.313432680,T,310.06,160,310.61,80,IBM
2025-12-12,9:45:57.325612262,T,310.06,160,310.61,40,IBM
2025-12-12,9:45:57.326644719,T,310.06,160,310.6,40,IBM
2025-12-12,9:45:57.327511765,T,310.06,160,310.6,80,IBM
2025-12-12,9:45:57.621281076,T,310.06,160,310.6,40,IBM
2025-12-12,9:45:57.621531719,T,310.06,160,310.59,40,IBM
2025-12-12,9:45:58.139665146,T,310.06,160,310.64,40,IBM
2025-12-12,9:45:58.140146262,T,310.06,160,310.6,40,IBM
2025-12-12,9:45:59.660019511,T,310.06,160,310.64,40,IBM
2025-12-12,9:46:00.146076638,T,310.06,160,310.59,40,IBM
2025-12-12,9:46:00.146282141,T,310.06,160,310.59,80,IBM
2025-12-12,9:46:00.452095137,T,310.06,160,310.59,120,IBM
2025-12-12,9:46:00.452571325,T,310.06,160,310.59,80,IBM
2025-12-12,9:46:00.695760241,T,310.06,160,310.58,40,IBM
2025-12-12,9:46:00.712224497,T,310.06,160,310.58,80,IBM
2025-12-12,9:46:02.188533907,T,310.06,160,310.58,40,IBM
2025-12-12,9:46:02.189020002,T,310.06,160,310.57,40,IBM
2025-12-12,9:46:02.325374639,T,310.06,160,310.59,40,IBM
2025-12-12,9:46:02.325585213,T,310.06,160,310.59,80,IBM
2025-12-12,9:46:02.325615221,T,310.06,160,310.58,40,IBM
2025-12-12,9:46:03.069080206,T,310.06,160,310.59,40,IBM
2025-12-12,9:46:03.153841956,T,310.06,160,310.58,40,IBM
2025-12-12,9:46:03.153992242,T,310.09,40,310.58,40,IBM
2025-12-12,9:46:03.351597690,T,310.09,40,310.59,40,IBM
2025-12-12,9:46:06.001480675,T,310.09,40,310.58,40,IBM
2025-12-12,9:46:06.001490714,T,310.06,160,310.58,40,IBM
2025-12-12,9:46:06.001521182,T,310.06,160,310.59,40,IBM
2025-12-12,9:46:06.001521182,T,310.06,160,310.46,40,IBM
2025-12-12,9:46:06.002468051,T,310.06,160,310.59,80,IBM
2025-12-12,9:46:06.021242760,T,310.06,160,310.59,40,IBM
2025-12-12,9:46:06.051840718,T,310.06,160,310.59,80,IBM
2025-12-12,9:46:06.294573545,T,310.0,40,310.59,80,IBM
2025-12-12,9:46:08.252329219,T,310.0,40,310.58,40,IBM
2025-12-12,9:46:08.443890213,T,310.0,40,310.58,80,IBM
2025-12-12,9:46:08.447909790,T,310.0,40,310.42,40,IBM
2025-12-12,9:46:08.447924796,T,309.9,40,310.42,40,IBM
2025-12-12,9:46:08.447929805,T,309.88,160,310.42,40,IBM
2025-12-12,9:46:08.448115254,T,309.88,160,310.35,40,IBM
2025-12-12,9:46:08.448631467,T,310.04,40,310.35,40,IBM
2025-12-12,9:46:08.449548634,T,310.04,40,310.57,40,IBM
2025-12-12,9:46:08.453092165,T,310.04,40,310.58,80,IBM
2025-12-12,9:46:08.453137176,T,310.05,80,310.58,80,IBM
2025-12-12,9:46:08.454400245,T,310.04,40,310.58,80,IBM
2025-12-12,9:46:08.457387394,T,310.04,40,310.41,40,IBM
2025-12-12,9:46:08.666881013,T,310.04,40,310.58,40,IBM
2025-12-12,9:46:08.667091505,T,310.04,40,310.58,80,IBM
2025-12-12,9:46:11.353586867,T,310.04,40,310.58,40,IBM
2025-12-12,9:46:11.638314664,T,310.04,40,310.64,40,IBM
2025-12-12,9:46:17.613138573,T,310.08,40,310.64,40,IBM
2025-12-12,9:46:17.614055716,T,310.04,40,310.64,40,IBM
2025-12-12,9:46:17.614055716,T,310.23,40,310.64,40,IBM
2025-12-12,9:46:17.614847632,T,310.23,80,310.64,40,IBM
2025-12-12,9:46:17.634519413,T,310.23,40,310.64,40,IBM
2025-12-12,9:46:18.582441047,T,310.23,80,310.64,40,IBM
2025-12-12,9:46:20.443025266,T,310.23,40,310.64,40,IBM
2025-12-12,9:46:23.706389119,T,310.23,80,310.64,40,IBM
2025-12-12,9:46:24.117838644,T,310.23,80,310.61,40,IBM
2025-12-12,9:46:24.117858688,T,310.23,40,310.61,40,IBM
2025-12-12,9:46:25.743358296,T,310.23,40,310.64,40,IBM
2025-12-12,9:46:27.376220473,T,310.24,40,310.64,40,IBM
2025-12-12,9:46:27.376641528,T,310.24,80,310.64,40,IBM
2025-12-12,9:46:27.859460899,T,310.24,40,310.64,40,IBM
2025-12-12,9:46:32.677104920,T,310.23,40,310.64,40,IBM
2025-12-12,9:46:39.138125838,T,310.23,40,310.52,40,IBM
2025-12-12,9:46:39.139383832,T,310.25,40,310.52,40,IBM
2025-12-12,9:46:39.140180680,T,310.25,80,310.52,40,IBM
2025-12-12,9:46:39.288759482,T,310.25,40,310.52,40,IBM
2025-12-12,9:46:40.863197591,T,310.26,40,310.52,40,IBM
2025-12-12,9:46:42.001006292,T,310.25,40,310.52,40,IBM
2025-12-12,9:46:45.258596404,T,310.26,40,310.52,40,IBM
2025-12-12,9:46:45.259328039,T,310.26,40,310.64,40,IBM
2025-12-12,9:46:45.259333077,T,310.26,40,310.52,40,IBM
2025-12-12,9:46:45.259348631,T,310.26,40,310.64,40,IBM
2025-12-12,9:46:45.259358166,T,310.27,40,310.64,40,IBM
2025-12-12,9:46:45.259363212,T,310.27,80,310.64,40,IBM
2025-12-12,9:46:45.259373158,T,310.27,40,310.64,40,IBM
2025-12-12,9:46:45.259438407,T,310.32,40,310.64,40,IBM
2025-12-12,9:46:45.259493432,T,310.27,40,310.64,40,IBM
2025-12-12,9:46:45.259638769,T,310.39,40,310.64,40,IBM
2025-12-12,9:46:45.260420641,T,310.39,80,310.64,40,IBM
2025-12-12,9:46:45.264330042,T,310.39,80,310.64,80,IBM
2025-12-12,9:46:45.273657144,T,310.39,120,310.64,80,IBM
2025-12-12,9:46:45.280518558,T,310.39,80,310.64,80,IBM
2025-12-12,9:46:49.892768327,T,310.39,120,310.64,80,IBM
2025-12-12,9:46:58.548043265,T,310.39,120,310.64,40,IBM
2025-12-12,9:46:58.548043265,T,310.39,120,310.74,40,IBM
2025-12-12,9:46:58.548068115,T,310.39,160,310.74,40,IBM
2025-12-12,9:46:58.548083228,T,310.41,40,310.74,40,IBM
2025-12-12,9:46:58.548163450,T,310.46,40,310.74,40,IBM
2025-12-12,9:46:58.548193417,T,310.46,40,310.84,40,IBM
2025-12-12,9:46:58.548569310,T,310.56,40,310.84,40,IBM
2025-12-12,9:46:58.548634466,T,310.56,40,310.89,40,IBM
2025-12-12,9:46:58.549541663,T,310.56,80,310.89,40,IBM
2025-12-12,9:46:58.823979986,T,310.56,40,310.89,40,IBM
2025-12-12,9:46:59.429060325,T,310.56,40,310.74,40,IBM
2025-12-12,9:47:00.275705878,T,310.22,40,310.74,40,IBM
2025-12-12,9:47:00.275720957,T,310.22,40,310.74,80,IBM
2025-12-12,9:47:00.275725931,T,310.22,40,310.65,40,IBM
2025-12-12,9:47:00.276166990,T,310.21,40,310.65,40,IBM
2025-12-12,9:47:00.276497859,T,310.43,40,310.65,40,IBM
2025-12-12,9:47:00.276512891,T,310.43,40,310.74,80,IBM
2025-12-12,9:47:05.984821892,T,310.43,40,310.74,120,IBM
2025-12-12,9:47:06.932357511,T,310.43,40,310.72,40,IBM
2025-12-12,9:47:06.932853785,T,310.43,40,310.72,80,IBM
2025-12-12,9:47:07.055520733,T,310.43,40,310.72,40,IBM
2025-12-12,9:47:11.012951811,T,310.43,40,310.74,80,IBM
2025-12-12,9:47:12.977553671,T,310.43,40,310.7,40,IBM
2025-12-12,9:47:13.316871475,T,310.43,40,310.74,80,IBM
2025-12-12,9:47:29.397513130,T,310.43,40,310.67,40,IBM
2025-12-12,9:47:39.459762173,T,310.43,40,310.67,80,IBM
2025-12-12,9:47:43.496361754,T,310.22,40,310.67,80,IBM
2025-12-12,9:47:43.496391910,T,310.21,40,310.67,80,IBM
2025-12-12,9:47:54.645899280,T,310.27,40,310.67,80,IBM
2025-12-12,9:47:54.645934290,T,310.45,40,310.67,80,IBM
2025-12-12,9:48:00.091763904,T,310.44,40,310.67,80,IBM
2025-12-12,9:48:00.096675504,T,310.44,40,310.59,40,IBM
2025-12-12,9:48:00.102679847,T,310.25,40,310.59,40,IBM
2025-12-12,9:48:00.104850025,T,310.25,40,310.67,80,IBM
2025-12-12,9:48:00.619174494,T,310.25,40,310.66,40,IBM
2025-12-12,9:48:01.270179155,T,310.22,40,310.66,40,IBM
2025-12-12,9:48:01.270224236,T,310.22,40,310.66,80,IBM
2025-12-12,9:48:01.270364539,T,310.22,40,310.65,40,IBM
2025-12-12,9:48:01.270529959,T,310.29,40,310.65,40,IBM
2025-12-12,9:48:01.270996019,T,310.29,40,310.66,80,IBM
2025-12-12,9:48:01.271326873,T,310.29,40,310.58,40,IBM
2025-12-12,9:48:01.616212832,T,310.29,40,310.58,80,IBM
2025-12-12,9:48:12.297275065,T,310.29,40,310.58,40,IBM
2025-12-12,9:48:12.831637196,T,310.29,40,310.62,80,IBM
2025-12-12,9:48:15.361439557,T,310.13,160,310.62,80,IBM
2025-12-12,9:48:15.361449549,T,310.13,160,310.56,40,IBM
2025-12-12,9:48:15.361534876,T,310.13,160,310.44,40,IBM
2025-12-12,9:48:15.361700135,T,310.13,160,310.43,40,IBM
2025-12-12,9:48:15.361870720,T,310.13,160,310.44,40,IBM
2025-12-12,9:48:15.361875615,T,310.13,160,310.34,40,IBM
2025-12-12,9:48:15.362662503,T,310.13,160,310.44,40,IBM
2025-12-12,9:48:15.364321405,T,309.8,40,310.44,40,IBM
2025-12-12,9:48:15.364326406,T,309.89,160,310.44,40,IBM
2025-12-12,9:48:15.370150292,T,309.89,160,310.57,40,IBM
2025-12-12,9:48:15.375979220,T,309.89,160,310.58,40,IBM
2025-12-12,9:48:15.463718048,T,309.89,160,310.62,80,IBM
2025-12-12,9:48:15.579107673,T,309.89,160,310.58,40,IBM
2025-12-12,9:48:15.579909644,T,309.98,40,310.58,40,IBM
2025-12-12,9:48:17.051628207,T,309.98,40,310.58,80,IBM
2025-12-12,9:48:23.564998786,T,309.98,40,310.58,40,IBM
2025-12-12,9:48:32.235289361,T,309.98,40,310.58,80,IBM
2025-12-12,9:48:35.585053691,T,309.98,40,310.58,40,IBM
2025-12-12,9:48:36.533677202,T,310.01,40,310.58,40,IBM
2025-12-12,9:48:36.533677202,T,310.21,40,310.58,40,IBM
2025-12-12,9:48:36.533707187,T,310.01,40,310.58,40,IBM
2025-12-12,9:48:36.533712212,T,310.21,40,310.58,40,IBM
2025-12-12,9:48:36.691307352,T,310.01,40,310.58,40,IBM
2025-12-12,9:48:36.696063648,T,310.21,40,310.58,40,IBM
2025-12-12,9:48:36.832538629,T,310.01,40,310.58,40,IBM
2025-12-12,9:48:36.851443614,T,310.21,40,310.58,40,IBM
2025-12-12,9:48:37.255540639,T,310.21,80,310.58,40,IBM
2025-12-12,9:48:37.256026701,T,310.21,40,310.58,40,IBM
2025-12-12,9:48:37.259509984,T,310.21,80,310.58,40,IBM
2025-12-12,9:48:39.198481097,T,310.22,40,310.58,40,IBM
2025-12-12,9:48:39.198485885,T,310.21,80,310.58,40,IBM
2025-12-12,9:48:39.198510988,T,310.38,40,310.58,40,IBM
2025-12-12,9:48:39.198536089,T,310.38,40,310.62,80,IBM
2025-12-12,9:48:39.198546135,T,310.38,40,310.58,40,IBM
2025-12-12,9:48:39.198556064,T,310.38,40,310.62,80,IBM
2025-12-12,9:48:39.198571096,T,310.21,80,310.62,80,IBM
2025-12-12,9:48:39.198776662,T,310.34,40,310.62,80,IBM
2025-12-12,9:48:39.198992176,T,310.38,40,310.62,80,IBM
2025-12-12,9:48:39.199027169,T,310.21,40,310.62,80,IBM
2025-12-12,9:48:39.199027169,T,310.38,40,310.62,80,IBM
2025-12-12,9:48:39.199097614,T,310.41,40,310.62,80,IBM
2025-12-12,9:48:39.199097614,T,310.41,40,310.64,40,IBM
2025-12-12,9:48:39.199127494,T,310.49,40,310.64,40,IBM
2025-12-12,9:48:39.199142434,T,310.41,40,310.64,40,IBM
2025-12-12,9:48:39.199172587,T,310.49,40,310.64,40,IBM
2025-12-12,9:48:39.234180869,T,310.49,40,310.72,40,IBM
2025-12-12,9:48:39.234732225,T,310.49,40,310.74,40,IBM
2025-12-12,9:48:39.235589234,T,310.49,40,310.74,80,IBM
2025-12-12,9:48:39.293527163,T,310.49,40,310.74,40,IBM
2025-12-12,9:48:39.368280079,T,310.38,40,310.74,40,IBM
2025-12-12,9:48:39.368305180,T,310.36,40,310.74,40,IBM
2025-12-12,9:48:39.368345326,T,310.36,40,310.74,120,IBM
2025-12-12,9:48:39.368961730,T,310.23,40,310.74,120,IBM
2025-12-12,9:48:39.369001846,T,310.23,80,310.74,120,IBM
2025-12-12,9:48:39.372595372,T,310.38,40,310.74,120,IBM
2025-12-12,9:48:39.792630333,T,310.38,40,310.74,80,IBM
2025-12-12,9:48:40.198942578,T,310.38,40,310.74,120,IBM
2025-12-12,9:48:40.198972656,T,310.35,40,310.74,120,IBM
2025-12-12,9:48:41.457879582,T,310.35,80,310.74,120,IBM
2025-12-12,9:48:41.458080142,T,310.35,40,310.74,120,IBM
2025-12-12,9:48:41.972184030,T,310.23,40,310.74,120,IBM
2025-12-12,9:48:41.972219082,T,310.23,80,310.74,120,IBM
2025-12-12,9:48:41.972219082,T,310.23,120,310.74,120,IBM
2025-12-12,9:48:41.972454609,T,310.31,40,310.74,120,IBM
2025-12-12,9:48:43.823401184,T,310.31,40,310.73,40,IBM
2025-12-12,9:48:43.824152931,T,310.31,40,310.73,80,IBM
2025-12-12,9:48:43.824834621,T,310.23,40,310.73,80,IBM
2025-12-12,9:48:43.975037182,T,310.3,40,310.73,80,IBM
2025-12-12,9:48:43.992593920,T,310.32,40,310.73,80,IBM
2025-12-12,9:48:44.902079043,T,310.32,80,310.73,80,IBM
2025-12-12,9:48:44.902304484,T,310.32,120,310.73,80,IBM
2025-12-12,9:48:44.904128884,T,310.32,120,310.73,40,IBM
2025-12-12,9:48:44.963339796,T,310.32,80,310.73,40,IBM
2025-12-12,9:48:45.540112865,T,310.32,120,310.73,40,IBM
2025-12-12,9:48:45.595725325,T,310.32,80,310.73,40,IBM
2025-12-12,9:48:49.581659225,T,310.32,80,310.72,40,IBM
2025-12-12,9:48:50.266324091,T,310.32,80,310.74,40,IBM
2025-12-12,9:48:54.272511233,T,310.32,80,310.71,40,IBM
2025-12-12,9:48:54.725078552,T,310.32,80,310.74,40,IBM
2025-12-12,9:48:54.923906834,T,310.32,80,310.71,40,IBM
2025-12-12,9:48:59.217738714,T,310.32,80,310.7,40,IBM
2025-12-12,9:49:01.489236322,T,310.32,40,310.7,40,IBM
2025-12-12,9:49:01.489401733,T,310.5,40,310.7,40,IBM
2025-12-12,9:49:01.489516971,T,310.5,80,310.7,40,IBM
2025-12-12,9:49:01.489612263,T,310.5,120,310.7,40,IBM
2025-12-12,9:49:01.489822696,T,310.5,160,310.7,40,IBM
2025-12-12,9:49:01.545846153,T,310.5,160,310.74,40,IBM
2025-12-12,9:49:02.780540274,T,310.5,120,310.74,40,IBM
2025-12-12,9:49:07.244336722,T,310.5,120,310.83,40,IBM
2025-12-12,9:49:07.244747725,T,310.5,120,310.74,40,IBM
2025-12-12,9:49:09.061417498,T,310.5,80,310.74,40,IBM
2025-12-12,9:49:12.908651144,T,310.5,40,310.74,40,IBM
2025-12-12,9:49:12.908826571,T,310.22,40,310.74,40,IBM
2025-12-12,9:49:13.335201650,T,310.22,40,310.7,40,IBM
2025-12-12,9:49:17.184790977,T,310.21,40,310.7,40,IBM
2025-12-12,9:49:20.325247157,T,310.22,40,310.7,40,IBM
2025-12-12,9:49:20.509149947,T,310.22,40,310.74,40,IBM
2025-12-12,9:49:21.190071010,T,310.46,40,310.74,40,IBM
2025-12-12,9:49:21.190076089,T,310.51,40,310.74,40,IBM
2025-12-12,9:49:21.190076089,T,310.51,80,310.74,40,IBM
2025-12-12,9:49:21.190126132,T,310.6,40,310.74,40,IBM
2025-12-12,9:49:21.190201386,T,310.61,40,310.74,40,IBM
2025-12-12,9:49:21.190602275,T,310.61,40,310.83,40,IBM
2025-12-12,9:49:21.190602275,T,310.61,40,310.89,40,IBM
2025-12-12,9:49:21.190632426,T,310.61,40,310.83,80,IBM
2025-12-12,9:49:21.190877920,T,310.6,80,310.83,80,IBM
2025-12-12,9:49:21.190877920,T,310.67,40,310.83,80,IBM
2025-12-12,9:49:21.191233815,T,310.6,80,310.83,80,IBM
2025-12-12,9:49:21.191334097,T,310.67,40,310.83,80,IBM
2025-12-12,9:49:21.206911130,T,310.67,80,310.83,80,IBM
2025-12-12,9:49:21.444807475,T,310.67,120,310.83,80,IBM
2025-12-12,9:49:21.445027976,T,310.67,80,310.83,80,IBM
2025-12-12,9:49:22.185626008,T,310.67,120,310.83,80,IBM
2025-12-12,9:49:22.188497807,T,310.67,120,310.89,40,IBM
2025-12-12,9:49:22.188502809,T,310.67,120,311.0,40,IBM
2025-12-12,9:49:22.188572964,T,310.67,160,311.0,40,IBM
2025-12-12,9:49:22.188753458,T,310.67,160,311.08,200,IBM
2025-12-12,9:49:22.188778478,T,310.67,200,311.08,200,IBM
2025-12-12,9:49:22.188783541,T,310.78,40,311.08,200,IBM
2025-12-12,9:49:22.189009071,T,310.78,40,311.08,160,IBM
2025-12-12,9:49:22.189069206,T,310.78,80,311.08,160,IBM
2025-12-12,9:49:22.189565386,T,310.78,120,311.08,160,IBM
2025-12-12,9:49:22.190472523,T,310.78,120,311.0,40,IBM
2025-12-12,9:49:22.190683051,T,310.78,120,311.08,160,IBM
2025-12-12,9:49:22.190718166,T,310.78,160,311.08,160,IBM
2025-12-12,9:49:22.191520016,T,310.78,120,311.08,160,IBM
2025-12-12,9:49:22.192692843,T,310.78,120,311.19,40,IBM
2025-12-12,9:49:22.192717933,T,310.78,120,311.2,40,IBM
2025-12-12,9:49:22.202385916,T,310.78,120,311.0,40,IBM
2025-12-12,9:49:22.270217392,T,310.78,160,311.0,40,IBM
2025-12-12,9:49:22.340013492,T,310.78,200,311.0,40,IBM
2025-12-12,9:49:22.340229057,T,310.78,160,311.0,40,IBM
2025-12-12,9:49:23.195214440,T,310.78,160,311.19,40,IBM
2025-12-12,9:49:26.250903758,T,310.78,200,311.19,40,IBM
2025-12-12,9:49:26.424141234,T,310.78,200,311.2,40,IBM
2025-12-12,9:49:26.424196355,T,310.91,40,311.2,40,IBM
2025-12-12,9:49:26.424351752,T,310.91,80,311.2,40,IBM
2025-12-12,9:49:26.424787802,T,310.91,120,311.2,40,IBM
2025-12-12,9:49:26.425018306,T,310.91,160,311.2,40,IBM
2025-12-12,9:49:26.425143641,T,310.91,200,311.2,40,IBM
2025-12-12,9:49:26.682531348,T,310.91,160,311.2,40,IBM
2025-12-12,9:49:26.682756845,T,310.91,120,311.2,40,IBM
2025-12-12,9:49:28.925832023,T,310.91,80,311.2,40,IBM
2025-12-12,9:49:28.926052547,T,310.91,40,311.2,40,IBM
2025-12-12,9:49:29.455076902,T,310.49,40,311.2,40,IBM
2025-12-12,9:49:29.455121979,T,310.49,40,311.17,80,IBM
2025-12-12,9:49:29.653855086,T,310.49,40,311.05,40,IBM
2025-12-12,9:49:29.653875055,T,310.49,40,311.05,80,IBM
2025-12-12,9:49:30.077293015,T,310.49,40,311.05,40,IBM
2025-12-12,9:49:31.023831472,T,310.49,40,311.17,80,IBM
2025-12-12,9:49:34.306871967,T,310.49,40,311.05,40,IBM
2025-12-12,9:49:34.307859318,T,310.49,40,311.17,80,IBM
2025-12-12,9:49:34.308170064,T,310.46,40,311.17,80,IBM
2025-12-12,9:49:34.308195092,T,310.46,40,311.05,40,IBM
2025-12-12,9:49:34.308255223,T,310.46,40,311.05,80,IBM
2025-12-12,9:49:34.311117017,T,310.46,40,311.05,40,IBM
2025-12-12,9:49:34.319371630,T,310.41,40,311.05,40,IBM
2025-12-12,9:49:34.319406758,T,310.41,40,311.03,40,IBM
2025-12-12,9:49:34.319632643,T,310.41,40,310.92,40,IBM
2025-12-12,9:49:34.319677570,T,310.38,40,310.92,40,IBM
2025-12-12,9:49:34.319682422,T,310.41,40,310.92,40,IBM
2025-12-12,9:49:34.319697506,T,310.41,40,310.92,80,IBM
2025-12-12,9:49:34.319702456,T,310.41,40,310.92,40,IBM
2025-12-12,9:49:34.319727533,T,310.41,40,310.94,40,IBM
2025-12-12,9:49:34.319892858,T,310.41,40,311.04,40,IBM
2025-12-12,9:49:34.320173627,T,310.5,40,311.04,40,IBM
2025-12-12,9:49:34.320353972,T,310.5,40,311.03,40,IBM
2025-12-12,9:49:34.320364088,T,310.5,40,311.04,40,IBM
2025-12-12,9:49:34.320479353,T,310.5,40,311.05,40,IBM
2025-12-12,9:49:34.320744916,T,310.5,40,311.03,40,IBM
2025-12-12,9:49:34.326318235,T,310.46,40,311.03,40,IBM
2025-12-12,9:49:35.168748950,T,310.5,40,311.03,40,IBM
2025-12-12,9:49:40.354438742,T,310.46,40,311.03,40,IBM
2025-12-12,9:49:44.493371971,T,310.46,40,311.05,40,IBM
2025-12-12,9:49:48.787354193,T,310.5,40,311.05,40,IBM
2025-12-12,9:49:59.699110669,T,310.46,40,311.05,40,IBM
2025-12-12,9:50:01.201707751,T,310.46,40,311.03,40,IBM
2025-12-12,9:50:01.201707751,T,310.46,40,310.95,40,IBM
2025-12-12,9:50:01.201752821,T,310.46,40,311.03,40,IBM
2025-12-12,9:50:01.201767919,T,310.41,40,311.03,40,IBM
2025-12-12,9:50:01.201777944,T,310.41,40,310.95,40,IBM
2025-12-12,9:50:02.529734231,T,310.45,40,310.95,40,IBM
2025-12-12,9:50:03.499462931,T,310.36,160,310.95,40,IBM
2025-12-12,9:50:03.499487744,T,310.36,160,310.92,40,IBM
2025-12-12,9:50:03.499497710,T,310.36,160,310.91,40,IBM
2025-12-12,9:50:03.499517806,T,310.38,40,310.91,40,IBM
2025-12-12,9:50:03.499527845,T,310.36,160,310.91,40,IBM
2025-12-12,9:50:03.499763429,T,310.36,160,310.77,40,IBM
2025-12-12,9:50:03.500204448,T,310.36,160,310.77,80,IBM
2025-12-12,9:50:03.500234552,T,310.22,40,310.77,80,IBM
2025-12-12,9:50:03.500269608,T,310.3,40,310.77,80,IBM
2025-12-12,9:50:03.500785850,T,310.3,40,310.77,40,IBM
2025-12-12,9:50:03.501387198,T,310.22,40,310.77,40,IBM
2025-12-12,9:50:03.501522539,T,310.22,40,310.92,40,IBM
2025-12-12,9:50:03.509782270,T,310.22,40,310.95,40,IBM
2025-12-12,9:50:03.518242421,T,310.22,40,310.91,40,IBM
2025-12-12,9:50:03.518297557,T,310.22,40,310.95,40,IBM
2025-12-12,9:50:03.518347622,T,310.22,40,311.03,40,IBM
2025-12-12,9:50:03.518457904,T,310.22,40,310.91,40,IBM
2025-12-12,9:50:03.518462858,T,310.21,200,310.91,40,IBM
2025-12-12,9:50:03.530155765,T,310.21,200,311.03,40,IBM
2025-12-12,9:50:03.597972193,T,310.21,200,310.95,40,IBM
2025-12-12,9:50:03.598067482,T,310.21,200,310.91,40,IBM
2025-12-12,9:50:03.598318075,T,310.3,40,310.91,40,IBM
2025-12-12,9:50:03.598343309,T,310.3,40,310.87,40,IBM
2025-12-12,9:50:03.598378107,T,310.3,40,310.56,40,IBM
2025-12-12,9:50:03.598799206,T,310.3,40,310.56,80,IBM
2025-12-12,9:50:03.599079893,T,310.46,80,310.56,80,IBM
2025-12-12,9:50:03.599099887,T,310.3,40,310.56,80,IBM
2025-12-12,9:50:03.599104878,T,310.21,200,310.56,80,IBM
2025-12-12,9:50:03.599140039,T,310.46,40,310.56,80,IBM
2025-12-12,9:50:03.599140039,T,310.3,40,310.56,80,IBM
2025-12-12,9:50:03.599145047,T,310.21,240,310.56,80,IBM
2025-12-12,9:50:03.599180294,T,310.21,200,310.56,80,IBM
2025-12-12,9:50:03.599315377,T,310.21,200,310.56,40,IBM
2025-12-12,9:50:03.599565963,T,310.21,200,310.56,80,IBM
2025-12-12,9:50:03.599585997,T,310.46,40,310.56,80,IBM
2025-12-12,9:50:03.599611279,T,310.21,200,310.56,80,IBM
2025-12-12,9:50:03.599616263,T,310.21,200,310.56,40,IBM
2025-12-12,9:50:03.599846722,T,310.21,200,310.77,40,IBM
2025-12-12,9:50:03.599866684,T,310.06,40,310.77,40,IBM
2025-12-12,9:50:03.599872100,T,310.06,40,310.79,40,IBM
2025-12-12,9:50:03.599946845,T,310.06,40,310.92,40,IBM
2025-12-12,9:50:03.599956966,T,310.06,40,310.87,40,IBM
2025-12-12,9:50:03.600127286,T,310.46,80,310.87,40,IBM
2025-12-12,9:50:03.600157492,T,310.46,40,310.87,40,IBM
2025-12-12,9:50:03.600162571,T,310.07,40,310.87,40,IBM
2025-12-12,9:50:03.600162571,T,309.98,40,310.87,40,IBM
2025-12-12,9:50:03.600162571,T,309.98,40,310.79,40,IBM
2025-12-12,9:50:03.600187424,T,309.98,40,310.77,40,IBM
2025-12-12,9:50:03.600197553,T,309.98,40,310.47,40,IBM
2025-12-12,9:50:03.600202478,T,310.06,40,310.47,40,IBM
2025-12-12,9:50:03.600267653,T,310.06,40,310.46,40,IBM
2025-12-12,9:50:03.600703712,T,310.06,40,310.77,40,IBM
2025-12-12,9:50:03.600708713,T,310.06,40,310.87,40,IBM
2025-12-12,9:50:03.600713701,T,310.46,40,310.87,40,IBM
2025-12-12,9:50:03.600728809,T,310.46,40,310.79,40,IBM
2025-12-12,9:50:03.600758838,T,310.46,40,310.87,40,IBM
2025-12-12,9:50:03.600763795,T,310.31,40,310.87,40,IBM
2025-12-12,9:50:03.600784120,T,310.14,40,310.87,40,IBM
2025-12-12,9:50:03.600788851,T,310.14,40,310.77,40,IBM
2025-12-12,9:50:03.600798929,T,310.31,40,310.77,40,IBM
2025-12-12,9:50:03.601134683,T,310.07,40,310.77,40,IBM
2025-12-12,9:50:03.601159833,T,310.06,40,310.77,40,IBM
2025-12-12,9:50:03.601876508,T,310.06,40,310.79,40,IBM
2025-12-12,9:50:03.601916547,T,310.06,40,310.87,40,IBM
2025-12-12,9:50:03.609945700,T,310.31,40,310.87,40,IBM
2025-12-12,9:50:03.613403993,T,310.31,40,310.92,40,IBM
2025-12-12,9:50:03.711221851,T,310.14,40,310.92,40,IBM
2025-12-12,9:50:03.711432360,T,310.14,40,310.92,80,IBM
2025-12-12,9:50:03.733194161,T,310.14,40,310.92,40,IBM
2025-12-12,9:50:05.051492445,T,310.14,40,310.95,40,IBM
2025-12-12,9:50:06.142705124,T,310.25,40,310.95,40,IBM
2025-12-12,9:50:10.130834297,T,310.25,40,310.9,160,IBM
2025-12-12,9:50:13.393857095,T,310.14,40,310.9,160,IBM
2025-12-12,9:50:17.559343467,T,310.28,40,310.9,160,IBM
2025-12-12,9:50:17.560330916,T,310.29,40,310.9,160,IBM
2025-12-12,9:50:21.143956989,T,310.29,80,310.9,160,IBM
2025-12-12,9:50:21.143987092,T,310.37,40,310.9,160,IBM
2025-12-12,9:50:21.144438180,T,310.37,80,310.9,160,IBM
2025-12-12,9:50:21.179992858,T,310.37,40,310.9,160,IBM
2025-12-12,9:50:21.588234589,T,310.29,80,310.9,160,IBM
2025-12-12,9:50:22.508510433,T,310.3,40,310.9,160,IBM
2025-12-12,9:50:22.648669228,T,310.38,40,310.9,160,IBM
2025-12-12,9:50:30.077298763,T,310.38,160,310.9,160,IBM
2025-12-12,9:50:30.729065272,T,310.39,40,310.9,160,IBM
2025-12-12,9:50:30.752726629,T,310.39,40,310.78,40,IBM
2025-12-12,9:50:35.119727763,T,310.39,40,310.59,40,IBM
2025-12-12,9:50:37.120270324,T,310.39,40,310.78,40,IBM
2025-12-12,9:50:37.133712297,T,310.39,40,310.59,40,IBM
2025-12-12,9:50:41.274670205,T,310.38,120,310.59,40,IBM
2025-12-12,9:50:43.099138589,T,310.38,120,310.59,80,IBM
2025-12-12,9:50:43.099143669,T,310.38,120,310.58,40,IBM
2025-12-12,9:50:43.099143669,T,310.38,40,310.58,40,IBM
2025-12-12,9:50:43.099148565,T,310.38,40,310.54,40,IBM
2025-12-12,9:50:43.099173681,T,310.12,160,310.54,40,IBM
2025-12-12,9:50:43.099183921,T,310.12,160,310.58,40,IBM
2025-12-12,9:50:43.099183921,T,310.12,160,310.49,40,IBM
2025-12-12,9:50:43.099935518,T,310.12,160,310.56,40,IBM
2025-12-12,9:50:43.099950652,T,310.12,160,310.59,80,IBM
2025-12-12,9:50:43.099975516,T,310.26,40,310.59,80,IBM
2025-12-12,9:50:43.100401561,T,310.26,40,310.55,40,IBM
2025-12-12,9:50:43.100747376,T,310.12,160,310.55,40,IBM
2025-12-12,9:50:43.101228581,T,310.12,160,310.59,80,IBM
2025-12-12,9:50:43.101524205,T,310.12,160,310.55,40,IBM
2025-12-12,9:50:43.103564101,T,310.12,160,310.56,40,IBM
2025-12-12,9:50:43.113477674,T,310.12,160,310.58,40,IBM
2025-12-12,9:50:43.113482682,T,310.12,160,310.59,80,IBM
2025-12-12,9:50:43.113983926,T,310.12,160,310.58,40,IBM
2025-12-12,9:50:43.199171684,T,310.12,160,310.59,80,IBM
2025-12-12,9:50:44.264963864,T,310.12,160,310.56,40,IBM
2025-12-12,9:50:50.326674419,T,310.27,40,310.56,40,IBM
2025-12-12,9:50:50.326704453,T,310.27,40,310.59,80,IBM
2025-12-12,9:50:50.326739545,T,310.28,40,310.59,80,IBM
2025-12-12,9:50:50.327271016,T,310.28,80,310.59,80,IBM
2025-12-12,9:50:50.327300917,T,310.28,40,310.59,80,IBM
2025-12-12,9:50:50.327305933,T,310.37,40,310.59,80,IBM
2025-12-12,9:50:50.327601607,T,310.28,40,310.59,80,IBM
2025-12-12,9:50:50.328754395,T,310.12,160,310.59,80,IBM
2025-12-12,9:50:50.328929830,T,310.12,160,310.59,40,IBM
2025-12-12,9:50:50.333275174,T,310.28,40,310.59,40,IBM
2025-12-12,9:50:50.333285132,T,310.38,40,310.59,40,IBM
2025-12-12,9:50:50.511093428,T,310.38,80,310.59,40,IBM
2025-12-12,9:50:50.511524422,T,310.38,80,310.78,40,IBM
2025-12-12,9:50:50.511564628,T,310.38,40,310.78,40,IBM
2025-12-12,9:50:50.511955539,T,310.38,80,310.78,40,IBM
2025-12-12,9:50:50.519393230,T,310.38,80,310.9,160,IBM
2025-12-12,9:50:50.528013694,T,310.38,80,310.9,240,IBM
2025-12-12,9:50:50.528043828,T,310.38,40,310.9,240,IBM
2025-12-12,9:50:51.022726499,T,310.38,80,310.9,240,IBM
2025-12-12,9:50:51.022726499,T,310.38,40,310.9,240,IBM
2025-12-12,9:50:51.022731509,T,310.47,40,310.9,240,IBM
2025-12-12,9:50:51.022796686,T,310.6,40,310.9,240,IBM
2025-12-12,9:50:51.022972000,T,310.6,40,310.9,80,IBM
2025-12-12,9:50:51.023202643,T,310.69,80,310.9,80,IBM
2025-12-12,9:50:51.031873300,T,310.69,80,311.03,40,IBM
2025-12-12,9:50:51.037316207,T,310.47,40,311.03,40,IBM
2025-12-12,9:50:51.067573243,T,310.47,40,311.02,80,IBM
2025-12-12,9:50:51.080423869,T,310.47,40,311.02,120,IBM
2025-12-12,9:50:51.131816099,T,310.69,40,311.02,120,IBM
2025-12-12,9:50:51.132397555,T,310.47,40,311.02,120,IBM
2025-12-12,9:50:51.132613050,T,310.69,40,311.02,120,IBM
2025-12-12,9:50:51.293992233,T,310.6,40,311.02,120,IBM
2025-12-12,9:50:51.293992233,T,310.38,40,311.02,120,IBM
2025-12-12,9:50:51.293992233,T,310.34,40,311.02,120,IBM
2025-12-12,9:50:51.293997177,T,310.13,40,311.02,120,IBM
2025-12-12,9:50:51.294012223,T,310.13,40,311.01,40,IBM
2025-12-12,9:50:51.294017759,T,310.13,40,310.86,40,IBM
2025-12-12,9:50:51.294057427,T,310.13,40,310.8,40,IBM
2025-12-12,9:50:51.294072373,T,310.12,160,310.8,40,IBM
2025-12-12,9:50:51.294227739,T,310.13,40,310.8,40,IBM
2025-12-12,9:50:51.294247837,T,310.13,40,310.86,40,IBM
2025-12-12,9:50:51.294292921,T,310.13,40,310.96,40,IBM
2025-12-12,9:50:51.294297912,T,310.13,40,310.78,40,IBM
2025-12-12,9:50:51.294303005,T,310.2,40,310.78,40,IBM
2025-12-12,9:50:51.295901714,T,310.2,40,310.96,40,IBM
2025-12-12,9:50:51.295981994,T,310.54,80,310.96,40,IBM
2025-12-12,9:50:51.296027085,T,310.54,80,311.01,40,IBM
2025-12-12,9:50:51.315413172,T,310.54,80,310.86,40,IBM
2025-12-12,9:50:51.434536731,T,310.54,80,311.01,40,IBM
2025-12-12,9:50:52.871763404,T,310.54,80,311.02,120,IBM
2025-12-12,9:50:52.871793441,T,310.54,80,311.02,80,IBM
2025-12-12,9:50:52.871828581,T,310.54,80,311.02,120,IBM
2025-12-12,9:50:52.872560282,T,310.54,80,310.96,40,IBM
2025-12-12,9:50:53.189209127,T,310.54,80,310.86,40,IBM
2025-12-12,9:50:53.258644461,T,310.54,80,310.96,40,IBM
2025-12-12,9:50:53.397184254,T,310.54,80,310.86,40,IBM
2025-12-12,9:50:53.427075412,T,310.54,80,310.96,40,IBM
2025-12-12,9:50:53.427576629,T,310.54,80,310.86,40,IBM
2025-12-12,9:50:54.125031892,T,310.54,80,310.96,40,IBM
2025-12-12,9:50:57.861095765,T,310.54,80,311.02,40,IBM
2025-12-12,9:50:58.254326858,T,310.54,80,310.91,40,IBM
2025-12-12,9:50:58.543234697,T,310.54,80,311.02,40,IBM
2025-12-12,9:50:58.727974437,T,310.27,40,311.02,40,IBM
2025-12-12,9:50:58.727999475,T,310.13,40,311.02,40,IBM
2025-12-12,9:50:58.728014944,T,310.13,40,310.91,40,IBM
2025-12-12,9:50:58.728019832,T,310.13,40,310.86,40,IBM
2025-12-12,9:50:58.728019832,T,310.13,40,310.7,40,IBM
2025-12-12,9:50:58.728034615,T,310.13,40,310.7,80,IBM
2025-12-12,9:50:58.828238194,T,310.13,40,310.7,40,IBM
2025-12-12,9:51:02.388764422,T,310.32,40,310.7,40,IBM
2025-12-12,9:51:02.388784390,T,310.32,40,310.91,40,IBM
2025-12-12,9:51:17.497256704,T,310.33,40,310.91,40,IBM
2025-12-12,9:51:22.496292371,T,310.33,40,310.6,40,IBM
2025-12-12,9:51:22.507058029,T,310.33,40,310.6,80,IBM
2025-12-12,9:51:28.940283099,T,310.33,40,310.6,40,IBM
2025-12-12,9:51:29.064729315,T,310.33,40,310.65,40,IBM
2025-12-12,9:51:29.492412410,T,310.13,40,310.65,40,IBM
2025-12-12,9:51:31.334317324,T,310.12,160,310.65,40,IBM
2025-12-12,9:51:40.829872165,T,310.34,40,310.65,40,IBM
2025-12-12,9:51:42.149428578,T,310.35,80,310.65,40,IBM
2025-12-12,9:51:48.888135676,T,310.35,120,310.65,40,IBM
2025-12-12,9:51:51.881862488,T,310.36,40,310.65,40,IBM
2025-12-12,9:51:51.881862488,T,310.37,40,310.65,40,IBM
2025-12-12,9:51:51.905919838,T,310.37,80,310.65,40,IBM
2025-12-12,9:51:51.982035990,T,310.37,40,310.65,40,IBM
2025-12-12,9:51:52.946306642,T,310.37,80,310.65,40,IBM
2025-12-12,9:51:55.701806285,T,310.37,120,310.65,40,IBM
2025-12-12,9:51:56.207435098,T,310.37,80,310.65,40,IBM
2025-12-12,9:51:56.207435098,T,310.37,40,310.65,40,IBM
2025-12-12,9:51:56.207445034,T,310.36,40,310.65,40,IBM
2025-12-12,9:51:56.216085628,T,310.47,40,310.65,40,IBM
2025-12-12,9:51:56.216296176,T,310.47,80,310.65,40,IBM
2025-12-12,9:51:56.216471564,T,310.47,80,310.71,40,IBM
2025-12-12,9:51:56.216511682,T,310.47,120,310.71,40,IBM
2025-12-12,9:51:56.227853661,T,310.47,120,310.92,160,IBM
2025-12-12,9:51:56.262601378,T,310.47,80,310.92,160,IBM
2025-12-12,9:51:56.347819319,T,310.47,80,310.85,40,IBM
2025-12-12,9:51:59.284104547,T,310.47,40,310.85,40,IBM
2025-12-12,9:51:59.714448923,T,310.47,40,311.03,40,IBM
2025-12-12,9:52:01.133477053,T,310.47,80,311.03,40,IBM
2025-12-12,9:52:14.846286663,T,310.47,40,311.03,40,IBM
2025-12-12,9:52:14.846296644,T,310.36,40,311.03,40,IBM
2025-12-12,9:52:19.119409352,T,310.36,40,310.94,40,IBM
2025-12-12,9:52:31.272886926,T,310.36,40,310.8,40,IBM
2025-12-12,9:52:31.273693761,T,310.48,80,310.8,40,IBM
2025-12-12,9:52:31.835160470,T,310.48,40,310.8,40,IBM
2025-12-12,9:52:32.411843249,T,310.48,40,310.8,80,IBM
2025-12-12,9:52:32.459045870,T,310.35,40,310.8,80,IBM
2025-12-12,9:52:32.459065697,T,310.34,40,310.8,80,IBM
2025-12-12,9:52:32.459080752,T,310.34,40,310.61,40,IBM
2025-12-12,9:52:32.523037909,T,310.34,40,310.8,120,IBM
2025-12-12,9:52:32.523068045,T,310.34,40,310.8,80,IBM
2025-12-12,9:52:32.523073194,T,310.35,40,310.8,80,IBM
2025-12-12,9:52:32.523443894,T,310.35,40,310.8,120,IBM
2025-12-12,9:52:32.523789770,T,310.35,40,310.8,80,IBM
2025-12-12,9:52:32.525388532,T,310.34,40,310.8,80,IBM
2025-12-12,9:52:32.614691174,T,310.34,40,310.79,40,IBM
2025-12-12,9:52:33.687249318,T,310.34,40,310.79,80,IBM
2025-12-12,9:52:36.657129360,T,310.34,40,310.79,40,IBM
2025-12-12,9:52:44.401801607,T,310.34,40,310.79,80,IBM
2025-12-12,9:52:44.401831721,T,310.34,40,310.78,40,IBM
2025-12-12,9:52:44.401831721,T,310.34,40,310.79,80,IBM
2025-12-12,9:52:44.402989436,T,310.34,40,310.79,40,IBM
2025-12-12,9:52:44.492642866,T,310.34,40,310.76,40,IBM
2025-12-12,9:52:49.129721948,T,310.34,40,310.76,80,IBM
2025-12-12,9:52:50.607224374,T,310.34,40,310.76,40,IBM
2025-12-12,9:52:53.932209915,T,310.34,40,310.67,40,IBM
2025-12-12,9:52:53.932305102,T,310.34,40,310.76,40,IBM
2025-12-12,9:52:53.932320192,T,310.13,40,310.76,40,IBM
2025-12-12,9:52:53.932330177,T,310.13,40,310.66,40,IBM
2025-12-12,9:52:53.932390467,T,310.13,40,310.76,40,IBM
2025-12-12,9:52:53.932435397,T,310.13,40,310.66,40,IBM
2025-12-12,9:52:53.932510646,T,310.13,40,310.59,40,IBM
2025-12-12,9:52:53.932540643,T,310.11,160,310.59,40,IBM
2025-12-12,9:52:53.932600855,T,310.11,160,310.59,80,IBM
2025-12-12,9:52:53.932756193,T,310.11,160,310.47,40,IBM
2025-12-12,9:52:53.932976658,T,310.11,160,310.46,40,IBM
2025-12-12,9:52:53.936580340,T,310.06,40,310.46,40,IBM
2025-12-12,9:52:53.943120851,T,309.98,40,310.46,40,IBM
2025-12-12,9:52:53.943150887,T,309.91,40,310.46,40,IBM
2025-12-12,9:52:53.988950012,T,309.9,40,310.46,40,IBM
2025-12-12,9:52:54.032583831,T,309.9,40,310.75,40,IBM
2025-12-12,9:52:54.032609248,T,309.9,40,310.76,40,IBM
2025-12-12,9:52:54.119906677,T,309.9,40,310.75,40,IBM
2025-12-12,9:52:54.137052578,T,309.9,40,310.67,40,IBM
2025-12-12,9:52:54.137262978,T,309.9,40,310.67,80,IBM
2025-12-12,9:52:54.155902404,T,309.9,40,310.67,160,IBM
2025-12-12,9:52:54.295028650,T,309.9,40,310.67,120,IBM
2025-12-12,9:52:54.295514699,T,309.9,40,310.67,160,IBM
2025-12-12,9:52:54.462407069,T,309.9,40,310.67,120,IBM
2025-12-12,9:52:54.533451225,T,309.9,40,310.67,160,IBM
2025-12-12,9:52:54.533466335,T,309.9,40,310.55,40,IBM
2025-12-12,9:52:54.533531334,T,309.9,40,310.67,160,IBM
2025-12-12,9:52:54.533566489,T,309.9,40,310.54,40,IBM
2025-12-12,9:52:54.788257812,T,309.9,40,310.67,120,IBM
2025-12-12,9:52:57.471054275,T,309.9,40,310.54,40,IBM
2025-12-12,9:52:57.481950206,T,309.9,40,310.67,120,IBM
2025-12-12,9:52:57.483233256,T,309.9,40,310.54,40,IBM
2025-12-12,9:52:57.914570058,T,309.9,40,310.67,120,IBM
2025-12-12,9:52:57.915752961,T,309.9,40,310.67,40,IBM
2025-12-12,9:52:57.916183988,T,309.9,40,310.62,40,IBM
2025-12-12,9:53:01.414452101,T,309.9,40,310.54,40,IBM
2025-12-12,9:53:02.482935641,T,309.9,40,310.54,80,IBM
2025-12-12,9:53:02.810229831,T,309.89,160,310.54,80,IBM
2025-12-12,9:53:03.020089528,T,309.89,160,310.54,40,IBM
2025-12-12,9:53:07.986287096,T,310.19,40,310.54,40,IBM
2025-12-12,9:53:07.986708047,T,310.19,80,310.54,40,IBM
2025-12-12,9:53:08.082786813,T,310.19,120,310.54,40,IBM
2025-12-12,9:53:12.095248691,T,310.19,80,310.54,40,IBM
2025-12-12,9:53:14.280972194,T,310.19,40,310.54,40,IBM
2025-12-12,9:53:21.568265158,T,310.19,80,310.54,40,IBM
2025-12-12,9:53:30.786530267,T,310.19,40,310.54,40,IBM
2025-12-12,9:53:32.330731358,T,310.25,40,310.54,40,IBM
2025-12-12,9:53:33.495018067,T,310.25,40,310.68,40,IBM
2025-12-12,9:53:33.495043103,T,310.39,40,310.68,40,IBM
2025-12-12,9:53:33.495423996,T,310.39,80,310.68,40,IBM
2025-12-12,9:53:33.495499184,T,310.39,120,310.68,40,IBM
2025-12-12,9:53:33.495840017,T,310.39,120,310.74,160,IBM
2025-12-12,9:53:33.495875138,T,310.39,120,310.74,200,IBM
2025-12-12,9:53:33.497674381,T,310.39,120,310.74,40,IBM
2025-12-12,9:53:33.497699449,T,310.39,120,310.75,40,IBM
2025-12-12,9:53:33.502285370,T,310.39,120,310.62,40,IBM
2025-12-12,9:53:33.502300395,T,310.39,80,310.62,40,IBM
2025-12-12,9:53:33.509542640,T,310.39,40,310.62,40,IBM
2025-12-12,9:53:33.863740836,T,310.4,40,310.62,40,IBM
2025-12-12,9:53:37.683333813,T,310.4,80,310.62,40,IBM
2025-12-12,9:53:38.050307364,T,310.4,40,310.62,40,IBM
2025-12-12,9:53:49.076892333,T,310.13,40,310.62,40,IBM
2025-12-12,9:53:51.425413140,T,310.41,40,310.62,40,IBM
2025-12-12,9:53:58.511427274,T,310.41,80,310.62,40,IBM
2025-12-12,9:53:58.698211841,T,310.41,40,310.62,40,IBM
2025-12-12,9:53:58.828717552,T,310.41,80,310.62,40,IBM
2025-12-12,9:54:07.022864599,T,310.41,40,310.62,40,IBM
2025-12-12,9:54:07.022884795,T,310.4,40,310.62,40,IBM
2025-12-12,9:54:07.022889683,T,310.19,40,310.62,40,IBM
2025-12-12,9:54:07.022909725,T,310.19,40,310.57,40,IBM
2025-12-12,9:54:07.022939802,T,310.19,40,310.62,40,IBM
2025-12-12,9:54:07.022999922,T,310.19,40,310.57,40,IBM
2025-12-12,9:54:07.022999922,T,310.19,40,310.49,40,IBM
2025-12-12,9:54:07.023420954,T,310.19,40,310.57,40,IBM
2025-12-12,9:54:07.023696620,T,310.2,40,310.57,40,IBM
2025-12-12,9:54:07.024197806,T,310.2,40,310.62,40,IBM
2025-12-12,9:54:07.024268004,T,310.25,40,310.62,40,IBM
2025-12-12,9:54:07.024273362,T,310.4,40,310.62,40,IBM
2025-12-12,9:54:07.024298094,T,310.41,40,310.62,40,IBM
2025-12-12,9:54:07.024313046,T,310.44,40,310.62,40,IBM
2025-12-12,9:54:07.024408321,T,310.4,40,310.62,40,IBM
2025-12-12,9:54:07.024633829,T,310.25,40,310.62,40,IBM
2025-12-12,9:54:07.024734126,T,310.2,40,310.62,40,IBM
2025-12-12,9:54:07.024734126,T,310.25,40,310.62,40,IBM
2025-12-12,9:54:07.025104972,T,310.2,40,310.62,40,IBM
2025-12-12,9:54:07.372461942,T,310.3,40,310.62,40,IBM
2025-12-12,9:54:09.001314595,T,310.25,40,310.62,40,IBM
2025-12-12,9:54:11.331461735,T,310.3,40,310.62,40,IBM
2025-12-12,9:54:16.431372645,T,310.3,80,310.62,40,IBM
2025-12-12,9:54:19.086463519,T,310.3,120,310.62,40,IBM
2025-12-12,9:54:19.093971402,T,310.3,160,310.62,40,IBM
2025-12-12,9:54:19.202975900,T,310.3,120,310.62,40,IBM
2025-12-12,9:54:30.767892052,T,310.3,80,310.62,40,IBM
2025-12-12,9:54:30.767897100,T,310.3,120,310.62,40,IBM
2025-12-12,9:54:30.767902084,T,310.48,40,310.62,40,IBM
2025-12-12,9:54:30.768222842,T,310.3,40,310.62,40,IBM
2025-12-12,9:54:30.768293008,T,310.3,40,310.57,40,IBM
2025-12-12,9:54:30.768333121,T,310.48,40,310.57,40,IBM
2025-12-12,9:54:30.768418382,T,310.48,80,310.57,40,IBM
2025-12-12,9:54:30.768704010,T,310.48,120,310.57,40,IBM
2025-12-12,9:54:30.768719093,T,310.48,120,310.62,40,IBM
2025-12-12,9:54:30.768734083,T,310.48,80,310.62,40,IBM
2025-12-12,9:54:30.768884412,T,310.48,120,310.62,40,IBM
2025-12-12,9:54:31.281269266,T,310.48,80,310.62,40,IBM
2025-12-12,9:54:31.751884678,T,310.48,40,310.62,40,IBM
2025-12-12,9:54:31.752300576,T,310.19,40,310.62,40,IBM
2025-12-12,9:54:31.752340768,T,310.2,40,310.62,40,IBM
2025-12-12,9:54:31.753022422,T,310.19,40,310.62,40,IBM
2025-12-12,9:54:31.753167670,T,310.3,40,310.62,40,IBM
2025-12-12,9:54:31.753749053,T,310.3,120,310.62,40,IBM
2025-12-12,9:54:32.455945742,T,310.3,120,310.62,80,IBM
2025-12-12,9:54:32.456361727,T,310.3,120,310.62,40,IBM
2025-12-12,9:54:32.456401791,T,310.3,160,310.62,40,IBM
2025-12-12,9:54:33.896003894,T,310.3,80,310.62,40,IBM
2025-12-12,9:54:37.120119272,T,310.3,120,310.62,40,IBM
2025-12-12,9:54:37.120119272,T,310.3,160,310.62,40,IBM
2025-12-12,9:54:37.120254569,T,310.3,120,310.62,40,IBM
2025-12-12,9:54:37.146767619,T,310.3,200,310.62,40,IBM
2025-12-12,9:54:37.146802857,T,310.3,240,310.62,40,IBM
2025-12-12,9:54:38.002986024,T,310.3,200,310.62,40,IBM
2025-12-12,9:54:39.056423855,T,310.3,160,310.62,40,IBM
2025-12-12,9:54:39.858352957,T,310.3,80,310.62,40,IBM
2025-12-12,9:54:40.373664765,T,310.3,40,310.62,40,IBM
2025-12-12,9:54:40.385903896,T,310.3,40,310.62,80,IBM
2025-12-12,9:54:40.391131389,T,310.3,40,310.62,40,IBM
2025-12-12,9:54:40.523711856,T,310.3,40,310.52,40,IBM
2025-12-12,9:54:44.492700496,T,310.3,40,310.62,40,IBM
2025-12-12,9:54:47.893406218,T,310.39,40,310.62,40,IBM
2025-12-12,9:54:47.894193080,T,310.39,80,310.62,40,IBM
2025-12-12,9:54:47.894238281,T,310.39,40,310.62,40,IBM
2025-12-12,9:54:49.371850717,T,310.39,40,310.58,40,IBM
2025-12-12,9:54:49.372793025,T,310.45,40,310.58,40,IBM
2025-12-12,9:54:49.374010888,T,310.39,40,310.58,40,IBM
2025-12-12,9:54:50.105016137,T,310.39,40,310.62,40,IBM
2025-12-12,9:54:50.105036259,T,310.39,80,310.62,40,IBM
2025-12-12,9:54:50.105041154,T,310.4,40,310.62,40,IBM
2025-12-12,9:54:50.105156488,T,310.48,40,310.62,40,IBM
2025-12-12,9:54:50.105186514,T,310.52,40,310.62,40,IBM
2025-12-12,9:54:50.109211194,T,310.48,80,310.62,40,IBM
2025-12-12,9:54:50.119310212,T,310.48,40,310.62,40,IBM
2025-12-12,9:54:51.400329859,T,310.48,40,310.67,40,IBM
2025-12-12,9:54:51.400334913,T,310.48,40,310.62,40,IBM
2025-12-12,9:54:51.400344913,T,310.48,40,310.63,40,IBM
2025-12-12,9:54:51.400349948,T,310.48,40,310.67,40,IBM
2025-12-12,9:54:51.400394979,T,310.55,40,310.67,40,IBM
2025-12-12,9:54:51.400710794,T,310.48,40,310.67,40,IBM
2025-12-12,9:54:51.400856693,T,310.55,40,310.67,40,IBM
2025-12-12,9:54:51.401111740,T,310.55,40,310.65,40,IBM
2025-12-12,9:54:51.401166826,T,310.48,40,310.65,40,IBM
2025-12-12,9:54:51.401873541,T,310.48,40,310.79,40,IBM
2025-12-12,9:54:51.401898545,T,310.3,40,310.79,40,IBM
2025-12-12,9:54:51.401928681,T,310.25,40,310.79,40,IBM
2025-12-12,9:54:53.584214011,T,310.25,40,310.65,40,IBM
2025-12-12,9:54:53.584234109,T,310.2,40,310.65,40,IBM
2025-12-12,9:54:53.584374418,T,310.55,40,310.65,40,IBM
2025-12-12,9:54:53.584579823,T,310.55,40,310.79,40,IBM
2025-12-12,9:54:53.584655097,T,310.55,80,310.79,40,IBM
2025-12-12,9:54:53.584660092,T,310.55,80,310.91,40,IBM
2025-12-12,9:54:53.584715228,T,310.61,40,310.91,40,IBM
2025-12-12,9:54:53.585121159,T,310.55,80,310.91,40,IBM
2025-12-12,9:54:53.585321617,T,310.59,40,310.91,40,IBM
2025-12-12,9:54:53.588544296,T,310.64,40,310.91,40,IBM
2025-12-12,9:54:53.588634569,T,310.64,40,310.93,200,IBM
2025-12-12,9:54:53.591376010,T,310.64,40,310.93,40,IBM
2025-12-12,9:54:53.591406075,T,310.64,40,310.96,40,IBM
2025-12-12,9:54:53.611689405,T,310.64,40,310.94,40,IBM
2025-12-12,9:54:53.631446447,T,310.59,40,310.94,40,IBM
2025-12-12,9:54:53.635290556,T,310.64,40,310.94,40,IBM
2025-12-12,9:54:53.688502271,T,310.64,80,310.94,40,IBM
2025-12-12,9:54:53.719340634,T,310.64,40,310.94,40,IBM
2025-12-12,9:54:54.293342044,T,310.64,40,310.92,40,IBM
2025-12-12,9:54:54.791472806,T,310.64,80,310.92,40,IBM
2025-12-12,9:54:54.976773877,T,310.65,40,310.92,40,IBM
2025-12-12,9:54:54.976794161,T,310.64,80,310.92,40,IBM
2025-12-12,9:54:54.976794161,T,310.73,40,310.92,40,IBM
2025-12-12,9:54:54.977580830,T,310.73,80,310.92,40,IBM
2025-12-12,9:54:55.079804165,T,310.73,40,310.92,40,IBM
2025-12-12,9:54:55.087808177,T,310.73,40,311.03,40,IBM
2025-12-12,9:54:55.087813184,T,310.73,40,311.05,40,IBM
2025-12-12,9:54:55.087818168,T,310.74,40,311.05,40,IBM
2025-12-12,9:54:55.087848317,T,310.74,80,311.05,40,IBM
2025-12-12,9:54:55.088098909,T,310.82,40,311.05,40,IBM
2025-12-12,9:54:55.088133901,T,310.88,40,311.05,40,IBM
2025-12-12,9:54:55.092153509,T,310.82,80,311.05,40,IBM
2025-12-12,9:54:55.096644230,T,310.82,80,311.2,160,IBM
2025-12-12,9:54:55.096674325,T,310.88,40,311.2,160,IBM
2025-12-12,9:54:55.096959936,T,310.88,40,311.17,40,IBM
2025-12-12,9:54:55.097255692,T,310.82,40,311.17,40,IBM
2025-12-12,9:54:55.097596504,T,310.82,40,311.16,80,IBM
2025-12-12,9:54:55.097897174,T,310.82,40,311.16,120,IBM
2025-12-12,9:54:55.102508228,T,310.82,40,311.16,80,IBM
2025-12-12,9:54:55.102543244,T,310.82,40,311.17,40,IBM
2025-12-12,9:54:55.350267997,T,310.82,40,311.2,160,IBM
2025-12-12,9:54:55.480628329,T,310.82,80,311.2,160,IBM
2025-12-12,9:54:55.480683526,T,310.83,40,311.2,160,IBM
2025-12-12,9:54:55.512363851,T,310.83,80,311.2,160,IBM
2025-12-12,9:54:55.552679819,T,310.83,80,311.17,80,IBM
2025-12-12,9:54:55.591011152,T,310.83,80,311.2,160,IBM
2025-12-12,9:54:55.592544779,T,310.83,40,311.2,160,IBM
2025-12-12,9:54:56.293914442,T,310.82,40,311.2,160,IBM
2025-12-12,9:54:57.097342119,T,310.82,40,311.08,40,IBM
2025-12-12,9:54:57.294316050,T,310.82,40,311.2,160,IBM
2025-12-12,9:54:57.314409214,T,310.82,40,311.07,40,IBM
2025-12-12,9:54:57.314429000,T,310.64,40,311.07,40,IBM
2025-12-12,9:54:57.314444002,T,310.64,40,310.96,40,IBM
2025-12-12,9:54:57.314484106,T,310.64,40,310.96,80,IBM
2025-12-12,9:54:57.314519174,T,310.64,40,310.96,40,IBM
2025-12-12,9:54:57.314524161,T,310.64,40,310.89,40,IBM
2025-12-12,9:54:57.314930190,T,310.64,40,310.96,40,IBM
2025-12-12,9:54:57.315230828,T,310.64,40,311.06,40,IBM
2025-12-12,9:54:57.315245844,T,310.64,40,311.13,40,IBM
2025-12-12,9:54:57.315406281,T,310.67,40,311.13,40,IBM
2025-12-12,9:54:57.319150243,T,310.67,40,311.2,200,IBM
2025-12-12,9:54:57.334802477,T,310.64,40,311.2,200,IBM
2025-12-12,9:54:57.334807425,T,310.64,40,311.05,40,IBM
2025-12-12,9:54:57.410121711,T,310.67,40,311.05,40,IBM
2025-12-12,9:54:57.412331964,T,310.67,40,311.2,200,IBM
2025-12-12,9:54:57.602835564,T,310.67,40,311.07,40,IBM
2025-12-12,9:54:57.714125492,T,310.67,40,311.07,80,IBM
2025-12-12,9:54:57.714591618,T,310.67,40,311.07,40,IBM
2025-12-12,9:54:58.319877513,T,310.67,40,311.06,40,IBM
2025-12-12,9:54:58.563758053,T,310.67,40,311.06,80,IBM
2025-12-12,9:54:58.565477144,T,310.67,40,311.06,40,IBM
2025-12-12,9:54:58.586136393,T,310.67,40,311.05,40,IBM
2025-12-12,9:54:58.736208588,T,310.67,40,311.2,200,IBM
2025-12-12,9:54:58.902178720,T,310.67,40,311.17,80,IBM
2025-12-12,9:54:58.902208740,T,310.67,40,311.04,40,IBM
2025-12-12,9:54:59.376111863,T,310.67,40,311.17,80,IBM
2025-12-12,9:54:59.376322377,T,310.67,40,311.17,120,IBM
2025-12-12,9:54:59.376352431,T,310.67,40,311.03,40,IBM
2025-12-12,9:54:59.539170076,T,310.67,40,311.17,40,IBM
2025-12-12,9:54:59.539375549,T,310.67,40,311.2,200,IBM
2025-12-12,9:54:59.539661195,T,310.67,40,311.04,40,IBM
2025-12-12,9:54:59.876072142,T,310.67,40,311.04,120,IBM
2025-12-12,9:55:00.010522168,T,310.67,40,311.04,80,IBM
2025-12-12,9:55:00.026540333,T,310.67,40,311.03,40,IBM
2025-12-12,9:55:00.350321059,T,310.67,40,311.2,200,IBM
2025-12-12,9:55:00.350807223,T,310.67,40,311.04,40,IBM
2025-12-12,9:55:00.476235767,T,310.67,40,311.2,200,IBM
2025-12-12,9:55:00.838633550,T,310.67,40,311.17,40,IBM
2025-12-12,9:55:00.846081310,T,310.67,40,311.2,200,IBM
2025-12-12,9:55:00.847875623,T,310.67,40,311.03,40,IBM
2025-12-12,9:55:01.010392548,T,310.67,40,311.2,200,IBM
2025-12-12,9:55:01.010878627,T,310.67,40,311.03,40,IBM
2025-12-12,9:55:01.637440238,T,310.67,40,311.2,200,IBM
2025-12-12,9:55:01.637941453,T,310.67,40,311.03,40,IBM
2025-12-12,9:55:03.197067986,T,310.67,40,311.2,200,IBM
2025-12-12,9:55:03.401489682,T,310.67,40,311.03,40,IBM
2025-12-12,9:55:05.540386426,T,310.67,40,311.01,40,IBM
2025-12-12,9:55:06.441501547,T,310.67,40,311.01,80,IBM
2025-12-12,9:55:06.443295826,T,310.46,160,311.01,80,IBM
2025-12-12,9:55:06.443321133,T,310.46,160,311.01,120,IBM
2025-12-12,9:55:06.443321133,T,310.46,160,310.84,40,IBM
2025-12-12,9:55:06.443355950,T,310.46,160,310.83,40,IBM
2025-12-12,9:55:06.444363390,T,310.52,40,310.83,40,IBM
2025-12-12,9:55:06.444563833,T,310.52,40,311.0,40,IBM
2025-12-12,9:55:06.444704196,T,310.52,40,310.83,40,IBM
2025-12-12,9:55:06.444999888,T,310.52,80,310.83,40,IBM
2025-12-12,9:55:06.445892023,T,310.64,40,310.83,40,IBM
2025-12-12,9:55:06.459213695,T,310.3,40,310.83,40,IBM
2025-12-12,9:55:06.459649711,T,310.53,40,310.83,40,IBM
2025-12-12,9:55:06.463954987,T,310.53,40,310.86,40,IBM
2025-12-12,9:55:06.463980044,T,310.53,40,311.01,80,IBM
2025-12-12,9:55:06.464005417,T,310.53,40,311.01,40,IBM
2025-12-12,9:55:06.471227368,T,310.53,40,310.94,40,IBM
2025-12-12,9:55:06.687612428,T,310.53,40,311.01,40,IBM
2025-12-12,9:55:06.687687662,T,310.53,40,310.97,40,IBM
2025-12-12,9:55:06.687898102,T,310.53,40,310.97,80,IBM
2025-12-12,9:55:06.688414315,T,310.64,40,310.97,80,IBM
2025-12-12,9:55:07.443070914,T,310.64,40,310.97,120,IBM
2025-12-12,9:55:08.204212855,T,310.64,40,310.97,80,IBM
2025-12-12,9:55:09.061649111,T,310.53,40,310.97,80,IBM
2025-12-12,9:55:09.061684230,T,310.53,40,310.96,40,IBM
2025-12-12,9:55:09.062355845,T,310.53,40,310.96,80,IBM
2025-12-12,9:55:09.062435978,T,310.53,40,310.82,40,IBM
2025-12-12,9:55:09.062446003,T,310.48,40,310.82,40,IBM
2025-12-12,9:55:09.062466035,T,310.3,40,310.82,40,IBM
2025-12-12,9:55:09.062491151,T,310.3,40,310.82,80,IBM
2025-12-12,9:55:09.062887046,T,310.54,40,310.82,80,IBM
2025-12-12,9:55:09.062907081,T,310.54,40,310.82,40,IBM
2025-12-12,9:55:09.101985169,T,310.54,40,310.96,40,IBM
2025-12-12,9:55:09.113332139,T,310.54,40,310.87,40,IBM
2025-12-12,9:55:09.325928261,T,310.54,40,310.96,40,IBM
2025-12-12,9:55:09.326449566,T,310.54,40,310.95,40,IBM
2025-12-12,9:55:10.119677832,T,310.54,40,311.01,40,IBM
2025-12-12,9:55:10.119883325,T,310.54,40,311.01,80,IBM
2025-12-12,9:55:10.119913466,T,310.54,40,310.94,40,IBM
2025-12-12,9:55:10.363999557,T,310.54,40,311.01,80,IBM
2025-12-12,9:55:10.364210033,T,310.54,40,311.01,120,IBM
2025-12-12,9:55:10.364240036,T,310.54,40,310.93,40,IBM
2025-12-12,9:55:10.482932611,T,310.54,40,311.01,80,IBM
2025-12-12,9:55:10.483403775,T,310.54,40,311.01,120,IBM
2025-12-12,9:55:10.483428864,T,310.54,40,310.93,40,IBM
2025-12-12,9:55:10.977956052,T,310.54,40,311.01,80,IBM
2025-12-12,9:55:10.978166566,T,310.54,40,311.01,120,IBM
2025-12-12,9:55:10.978196625,T,310.54,40,310.93,40,IBM
2025-12-12,9:55:12.417357741,T,310.54,40,311.01,40,IBM
2025-12-12,9:55:12.417868937,T,310.54,40,310.94,40,IBM
2025-12-12,9:55:12.833944464,T,310.54,40,311.01,40,IBM
2025-12-12,9:55:12.834440669,T,310.54,40,310.94,40,IBM
2025-12-12,9:55:13.709584098,T,310.54,40,311.01,40,IBM
2025-12-12,9:55:13.888635423,T,310.54,40,311.02,40,IBM
2025-12-12,9:55:15.475508244,T,310.54,40,310.94,40,IBM
2025-12-12,9:55:15.946123512,T,310.54,40,311.02,40,IBM
2025-12-12,9:55:18.313003280,T,310.54,40,310.95,40,IBM
2025-12-12,9:55:18.314216088,T,310.54,40,310.85,40,IBM
2025-12-12,9:55:20.389291070,T,310.55,40,310.85,40,IBM
2025-12-12,9:55:24.600220901,T,310.55,80,310.85,40,IBM
2025-12-12,9:55:33.188090438,T,310.55,80,310.79,40,IBM
2025-12-12,9:55:33.523413747,T,310.55,80,310.85,40,IBM
2025-12-12,9:55:39.500643404,T,310.55,80,310.79,40,IBM
2025-12-12,9:55:39.917310211,T,310.55,80,310.95,40,IBM
2025-12-12,9:55:39.917335267,T,310.59,40,310.95,40,IBM
2025-12-12,9:55:39.917350454,T,310.6,40,310.95,40,IBM
2025-12-12,9:55:40.003490407,T,310.6,40,311.02,40,IBM
2025-12-12,9:55:40.018766719,T,310.59,40,311.02,40,IBM
2025-12-12,9:55:44.771265425,T,310.59,40,311.03,40,IBM
2025-12-12,9:55:44.771295502,T,310.59,40,311.04,40,IBM
2025-12-12,9:55:45.313716786,T,310.61,40,311.04,40,IBM
2025-12-12,9:55:49.352396356,T,310.61,80,311.04,40,IBM
2025-12-12,9:55:49.442991972,T,310.61,40,311.04,40,IBM
2025-12-12,9:55:51.622445462,T,310.61,80,311.04,40,IBM
2025-12-12,9:55:52.670380081,T,310.63,40,311.04,40,IBM
2025-12-12,9:55:52.670665745,T,310.61,80,311.04,40,IBM
2025-12-12,9:55:52.670665745,T,310.76,40,311.04,40,IBM
2025-12-12,9:55:52.671487778,T,310.76,80,311.04,40,IBM
2025-12-12,9:55:52.671572928,T,310.76,40,311.04,40,IBM
2025-12-12,9:55:52.671628383,T,310.87,80,311.04,40,IBM
2025-12-12,9:55:52.672194354,T,310.87,80,311.13,40,IBM
2025-12-12,9:55:52.672244476,T,310.91,40,311.13,40,IBM
2025-12-12,9:55:52.672274679,T,310.91,40,311.2,40,IBM
2025-12-12,9:55:52.672510185,T,310.94,80,311.2,40,IBM
2025-12-12,9:55:52.672580281,T,310.94,40,311.2,40,IBM
2025-12-12,9:55:52.672620469,T,310.84,40,311.2,40,IBM
2025-12-12,9:55:52.672685564,T,310.61,40,311.2,40,IBM
2025-12-12,9:55:52.672876432,T,310.95,40,311.2,40,IBM
2025-12-12,9:55:52.672886003,T,310.61,40,311.2,40,IBM
2025-12-12,9:55:52.673006371,T,310.61,40,311.06,40,IBM
2025-12-12,9:55:52.673086554,T,310.61,40,311.03,40,IBM
2025-12-12,9:55:52.673131639,T,310.62,40,311.03,40,IBM
2025-12-12,9:55:52.673157049,T,310.62,40,311.06,40,IBM
2025-12-12,9:55:52.673206778,T,310.62,40,311.2,40,IBM
2025-12-12,9:55:52.673256923,T,310.77,40,311.2,40,IBM
2025-12-12,9:55:52.674199208,T,310.8,40,311.2,40,IBM
2025-12-12,9:55:52.674304469,T,310.77,40,311.2,40,IBM
2025-12-12,9:55:52.674339505,T,310.97,40,311.2,40,IBM
2025-12-12,9:55:52.674394598,T,310.77,40,311.2,40,IBM
2025-12-12,9:55:52.674785579,T,310.98,40,311.2,40,IBM
2025-12-12,9:55:52.674810581,T,310.77,40,311.2,40,IBM
2025-12-12,9:55:52.674865711,T,310.77,40,311.08,40,IBM
2025-12-12,9:55:52.674975974,T,310.77,40,311.2,40,IBM
2025-12-12,9:55:52.675216565,T,310.98,40,311.2,40,IBM
2025-12-12,9:55:52.675236651,T,310.77,40,311.2,40,IBM
2025-12-12,9:55:52.675296754,T,310.77,40,311.04,40,IBM
2025-12-12,9:55:52.675371920,T,310.77,40,311.2,40,IBM
2025-12-12,9:55:52.675427051,T,310.99,40,311.2,40,IBM
2025-12-12,9:55:52.675452124,T,310.77,40,311.2,40,IBM
2025-12-12,9:55:52.675477168,T,310.77,40,311.04,40,IBM
2025-12-12,9:55:52.676048561,T,310.77,40,311.03,40,IBM
2025-12-12,9:55:52.676123893,T,310.77,40,311.04,40,IBM
2025-12-12,9:55:52.676143810,T,310.77,40,311.2,40,IBM
2025-12-12,9:55:52.686057450,T,310.77,40,311.17,40,IBM
2025-12-12,9:55:52.817445150,T,310.61,40,311.17,40,IBM
2025-12-12,9:55:52.817490330,T,310.61,40,311.17,120,IBM
2025-12-12,9:55:52.817936323,T,310.64,40,311.17,120,IBM
2025-12-12,9:55:52.818933690,T,310.64,80,311.17,120,IBM
2025-12-12,9:55:53.072482322,T,310.64,40,311.17,120,IBM
2025-12-12,9:55:53.073414628,T,310.65,40,311.17,120,IBM
2025-12-12,9:55:53.073489695,T,310.65,80,311.17,120,IBM
2025-12-12,9:55:53.120386368,T,310.65,80,311.09,40,IBM
2025-12-12,9:55:53.184659379,T,310.65,40,311.09,40,IBM
2025-12-12,9:55:53.326547222,T,310.66,40,311.09,40,IBM
2025-12-12,9:55:53.676465292,T,310.61,40,311.09,40,IBM
2025-12-12,9:55:53.797799076,T,310.42,160,311.09,40,IBM
2025-12-12,9:55:53.806630139,T,310.67,40,311.09,40,IBM
2025-12-12,9:55:53.923934430,T,310.42,160,311.09,40,IBM
2025-12-12,9:55:53.924079784,T,310.68,40,311.09,40,IBM
2025-12-12,9:55:54.518650178,T,310.42,160,311.09,40,IBM
2025-12-12,9:55:54.784663503,T,310.68,40,311.09,40,IBM
2025-12-12,9:55:56.332783988,T,310.42,160,311.09,40,IBM
2025-12-12,9:55:56.332869169,T,310.67,40,311.09,40,IBM
2025-12-12,9:55:58.116785914,T,310.67,40,311.02,40,IBM
2025-12-12,9:55:59.790284843,T,310.67,40,311.09,40,IBM
2025-12-12,9:56:03.785896517,T,310.67,40,311.02,40,IBM
2025-12-12,9:56:05.804732506,T,310.42,160,311.02,40,IBM
2025-12-12,9:56:08.743383190,T,310.42,160,311.01,40,IBM
2025-12-12,9:56:08.743413476,T,310.42,160,311.02,40,IBM
2025-12-12,9:56:08.743413476,T,310.42,160,310.86,40,IBM
2025-12-12,9:56:08.743748975,T,310.42,160,310.86,80,IBM
2025-12-12,9:56:08.744114957,T,310.25,40,310.86,80,IBM
2025-12-12,9:56:08.744119896,T,310.26,160,310.86,80,IBM
2025-12-12,9:56:08.940382168,T,310.3,40,310.86,80,IBM
2025-12-12,9:56:08.940387177,T,310.3,40,310.86,40,IBM
2025-12-12,9:56:09.320221413,T,310.3,40,311.02,40,IBM
2025-12-12,9:56:09.320727601,T,310.3,40,310.98,40,IBM
2025-12-12,9:56:09.570597396,T,310.3,40,311.02,40,IBM
2025-12-12,9:56:09.578100333,T,310.3,40,310.97,40,IBM
2025-12-12,9:56:10.099947544,T,310.3,40,311.02,40,IBM
2025-12-12,9:56:10.106598406,T,310.3,40,310.96,40,IBM
2025-12-12,9:56:10.356067337,T,310.3,40,311.02,40,IBM
2025-12-12,9:56:10.431697356,T,310.3,40,310.97,40,IBM
2025-12-12,9:56:10.549532883,T,310.3,40,311.02,40,IBM
2025-12-12,9:56:10.688273112,T,310.3,40,310.96,40,IBM
2025-12-12,9:56:10.953945644,T,310.3,40,311.02,40,IBM
2025-12-12,9:56:11.021391206,T,310.3,40,310.97,40,IBM
2025-12-12,9:56:11.283906063,T,310.3,40,311.02,40,IBM
2025-12-12,9:56:11.827199493,T,310.3,40,310.96,40,IBM
2025-12-12,9:56:14.402926240,T,310.3,40,311.02,40,IBM
2025-12-12,9:56:14.403437487,T,310.3,40,310.97,40,IBM
2025-12-12,9:56:14.736735936,T,310.3,40,311.02,40,IBM
2025-12-12,9:56:14.737217032,T,310.3,40,310.96,40,IBM
2025-12-12,9:56:16.744465511,T,310.3,40,311.02,40,IBM
2025-12-12,9:56:16.745021910,T,310.3,40,310.98,40,IBM
2025-12-12,9:56:17.832084719,T,310.3,40,311.02,40,IBM
2025-12-12,9:56:17.832791451,T,310.3,40,310.97,40,IBM
2025-12-12,9:56:18.087507767,T,310.3,40,311.02,40,IBM
2025-12-12,9:56:18.125428084,T,310.3,40,310.97,40,IBM
2025-12-12,9:56:19.769978297,T,310.3,40,311.02,40,IBM
2025-12-12,9:56:19.770494525,T,310.3,40,310.99,40,IBM
2025-12-12,9:56:20.053808988,T,310.3,40,311.02,40,IBM
2025-12-12,9:56:20.396264190,T,310.3,40,311.09,40,IBM
2025-12-12,9:56:26.771391042,T,310.3,40,311.02,40,IBM
2025-12-12,9:56:27.329344326,T,310.3,40,311.01,40,IBM
2025-12-12,9:56:27.388620526,T,310.3,40,311.02,40,IBM
2025-12-12,9:56:31.384613399,T,310.3,40,311.01,40,IBM
2025-12-12,9:56:34.147455477,T,310.3,40,311.02,40,IBM
2025-12-12,9:56:38.153707616,T,310.3,40,311.02,80,IBM
2025-12-12,9:56:38.153757714,T,310.3,40,311.02,120,IBM
2025-12-12,9:56:40.559023671,T,310.3,40,311.02,200,IBM
2025-12-12,9:56:40.824515733,T,310.3,40,311.02,160,IBM
2025-12-12,9:56:42.371483489,T,310.3,40,311.02,80,IBM
2025-12-12,9:56:42.371503488,T,310.62,40,311.02,80,IBM
2025-12-12,9:56:42.372135068,T,310.3,40,311.02,80,IBM
2025-12-12,9:56:42.468504473,T,310.34,40,311.02,80,IBM
2025-12-12,9:56:42.468554520,T,310.34,40,311.02,40,IBM
2025-12-12,9:56:42.565209750,T,310.3,40,311.02,40,IBM
2025-12-12,9:56:43.484809053,T,310.41,40,311.02,40,IBM
2025-12-12,9:56:44.289459532,T,310.48,40,311.02,40,IBM
2025-12-12,9:56:44.831179214,T,310.48,40,311.02,80,IBM
2025-12-12,9:56:46.130782987,T,310.34,40,311.02,80,IBM
2025-12-12,9:56:48.132307746,T,310.34,40,311.02,40,IBM
2025-12-12,9:56:50.855390345,T,310.27,40,311.02,40,IBM
2025-12-12,9:56:51.209252817,T,310.41,160,311.02,40,IBM
2025-12-12,9:56:52.724740455,T,310.41,160,311.02,80,IBM
2025-12-12,9:56:55.043621085,T,310.41,160,311.02,40,IBM
2025-12-12,9:57:02.745375906,T,310.41,160,311.0,40,IBM
2025-12-12,9:57:03.080122720,T,310.41,160,311.02,40,IBM
2025-12-12,9:57:06.975185201,T,310.56,80,311.02,40,IBM
2025-12-12,9:57:06.975606243,T,310.56,120,311.02,40,IBM
2025-12-12,9:57:08.110848813,T,310.56,160,311.02,40,IBM
2025-12-12,9:57:10.436159750,T,310.56,120,311.02,40,IBM
2025-12-12,9:57:10.731006580,T,310.56,80,311.02,40,IBM
2025-12-12,9:57:10.731542837,T,310.57,80,311.02,40,IBM
2025-12-12,9:57:10.936806556,T,310.57,120,311.02,40,IBM
2025-12-12,9:57:17.482278779,T,310.57,120,311.02,120,IBM
2025-12-12,9:57:17.482303940,T,310.57,120,310.99,40,IBM
2025-12-12,9:57:17.869300215,T,310.57,120,311.02,40,IBM
2025-12-12,9:57:17.869305253,T,310.57,120,310.99,80,IBM
2025-12-12,9:57:19.574960624,T,310.57,40,310.99,80,IBM
2025-12-12,9:57:19.635274121,T,310.3,40,310.99,80,IBM
2025-12-12,9:57:25.194047393,T,310.57,80,310.99,80,IBM
2025-12-12,9:57:26.055723748,T,310.64,40,310.99,80,IBM
2025-12-12,9:57:26.057512971,T,310.57,80,310.99,80,IBM
2025-12-12,9:57:26.057548036,T,310.57,120,310.99,80,IBM
2025-12-12,9:57:28.681930802,T,310.57,40,310.99,80,IBM
2025-12-12,9:57:29.638528006,T,310.57,80,310.99,80,IBM
2025-12-12,9:57:30.573984856,T,310.57,40,310.99,80,IBM
