DATE,TIME_M,EX,BID,BIDSIZ,ASK,ASKSIZ,SYM_ROOT
2025-12-31,9:30:01.038317610,T,299.3,40,303.03,40,IBM
2025-12-31,9:30:01.218712112,T,301.0,200,303.03,40,IBM
2025-12-31,9:30:01.501284816,T,301.0,200,302.04,40,IBM
2025-12-31,9:30:02.201020478,T,299.3,40,302.04,40,IBM
2025-12-31,9:30:02.201045589,T,301.05,200,302.04,40,IBM
2025-12-31,9:30:02.310451013,T,301.05,200,301.79,40,IBM
2025-12-31,9:30:03.619898256,T,299.3,40,301.79,40,IBM
2025-12-31,9:30:03.619918267,T,301.2,200,301.79,40,IBM
2025-12-31,9:30:04.069638823,T,299.3,40,301.79,40,IBM
2025-12-31,9:30:04.069658909,T,299.3,40,301.27,80,IBM
2025-12-31,9:30:04.069694235,T,299.3,40,301.79,80,IBM
2025-12-31,9:30:04.069713973,T,299.3,40,301.79,40,IBM
2025-12-31,9:30:04.069723999,T,301.0,80,301.79,40,IBM
2025-12-31,9:30:04.069809158,T,301.22,80,301.79,40,IBM
2025-12-31,9:30:04.070445679,T,301.23,80,301.79,40,IBM
2025-12-31,9:30:05.077467974,T,301.23,80,301.76,40,IBM
2025-12-31,9:30:18.593148710,T,301.23,80,301.79,40,IBM
2025-12-31,9:30:18.593148710,T,301.23,80,301.56,40,IBM
2025-12-31,9:30:18.593564891,T,299.44,40,301.56,40,IBM
2025-12-31,9:30:18.593609903,T,299.44,40,301.79,80,IBM
2025-12-31,9:30:18.593614868,T,299.44,40,301.4,40,IBM
2025-12-31,9:30:18.593900963,T,299.44,40,301.56,40,IBM
2025-12-31,9:30:18.593900963,T,299.44,40,301.39,40,IBM
2025-12-31,9:30:19.957521804,T,299.44,40,301.81,40,IBM
2025-12-31,9:30:19.957521804,T,299.44,40,301.76,40,IBM
2025-12-31,9:30:20.482411451,T,299.44,40,303.94,40,IBM
2025-12-31,9:30:20.482411451,T,299.44,40,301.76,40,IBM
2025-12-31,9:30:24.940304061,T,301.0,80,301.76,40,IBM
2025-12-31,9:30:24.940319021,T,301.0,200,301.76,40,IBM
2025-12-31,9:30:24.940329011,T,301.0,200,303.94,40,IBM
2025-12-31,9:30:24.940334004,T,301.0,200,301.76,40,IBM
2025-12-31,9:30:24.940379188,T,301.0,200,303.94,40,IBM
2025-12-31,9:30:24.940394359,T,301.0,80,303.94,40,IBM
2025-12-31,9:30:24.940399207,T,299.44,40,303.94,40,IBM
2025-12-31,9:30:24.940399207,T,299.44,40,302.03,40,IBM
2025-12-31,9:30:24.940414383,T,299.44,40,303.94,40,IBM
2025-12-31,9:30:24.940424217,T,301.2,200,303.94,40,IBM
2025-12-31,9:30:24.940434373,T,299.44,40,303.94,40,IBM
2025-12-31,9:30:24.940454296,T,301.2,200,303.94,40,IBM
2025-12-31,9:30:24.940604695,T,301.2,280,303.94,40,IBM
2025-12-31,9:30:24.940734997,T,301.2,320,303.94,40,IBM
2025-12-31,9:30:24.940885395,T,301.2,400,303.94,40,IBM
2025-12-31,9:30:24.942173408,T,301.2,400,304.77,40,IBM
2025-12-31,9:30:24.942188482,T,301.2,200,304.77,40,IBM
2025-12-31,9:30:24.942193447,T,301.34,80,304.77,40,IBM
2025-12-31,9:30:24.942193447,T,301.34,80,304.77,80,IBM
2025-12-31,9:30:24.942218691,T,301.34,120,304.77,80,IBM
2025-12-31,9:30:24.942218691,T,301.34,400,304.77,80,IBM
2025-12-31,9:30:24.942218691,T,301.34,320,304.77,80,IBM
2025-12-31,9:30:24.942243753,T,301.34,280,304.77,80,IBM
2025-12-31,9:30:24.942243753,T,301.34,200,304.77,80,IBM
2025-12-31,9:30:24.942258562,T,299.44,40,304.77,80,IBM
2025-12-31,9:30:24.942283728,T,299.44,40,301.55,40,IBM
2025-12-31,9:30:24.942965264,T,299.44,40,303.94,40,IBM
2025-12-31,9:30:24.952588160,T,299.44,40,304.77,80,IBM
2025-12-31,9:30:28.992490702,T,299.44,40,301.81,40,IBM
2025-12-31,9:30:29.007090433,T,299.3,40,301.81,40,IBM
2025-12-31,9:30:29.793973728,T,299.3,40,301.37,40,IBM
2025-12-31,9:30:29.794540057,T,299.45,40,301.37,40,IBM
2025-12-31,9:30:29.794540057,T,299.45,40,301.81,40,IBM
2025-12-31,9:30:29.795732958,T,299.45,40,303.94,40,IBM
2025-12-31,9:30:29.797717656,T,299.44,40,303.94,40,IBM
2025-12-31,9:30:29.874400339,T,299.44,40,303.79,40,IBM
2025-12-31,9:30:29.894593363,T,299.3,40,303.79,40,IBM
2025-12-31,9:30:29.918981547,T,299.3,40,303.6,40,IBM
2025-12-31,9:30:29.922444597,T,299.3,40,303.41,40,IBM
2025-12-31,9:30:29.924559693,T,299.44,40,303.41,40,IBM
2025-12-31,9:30:29.924584758,T,299.44,40,303.22,40,IBM
2025-12-31,9:30:29.947404072,T,299.44,40,303.03,40,IBM
2025-12-31,9:30:29.986522219,T,299.44,40,302.84,40,IBM
2025-12-31,9:30:30.027269185,T,299.44,40,302.65,40,IBM
2025-12-31,9:30:30.079308074,T,299.44,40,302.46,40,IBM
2025-12-31,9:30:30.137426480,T,299.44,40,302.03,40,IBM
2025-12-31,9:30:30.193855847,T,300.02,40,302.03,40,IBM
2025-12-31,9:30:30.292906670,T,299.44,40,302.03,40,IBM
2025-12-31,9:30:30.649144755,T,299.44,40,302.08,40,IBM
2025-12-31,9:30:30.649164759,T,300.22,40,302.08,40,IBM
2025-12-31,9:30:30.649170025,T,300.74,40,302.08,40,IBM
2025-12-31,9:30:30.649184744,T,300.74,40,302.27,40,IBM
2025-12-31,9:30:30.664055153,T,300.02,40,302.27,40,IBM
2025-12-31,9:30:30.664080187,T,299.83,40,302.27,40,IBM
2025-12-31,9:30:30.749167772,T,299.44,40,302.27,40,IBM
2025-12-31,9:30:33.545820516,T,300.23,40,302.27,40,IBM
2025-12-31,9:30:33.545820516,T,300.78,40,302.27,40,IBM
2025-12-31,9:30:33.552335939,T,299.83,40,302.27,40,IBM
2025-12-31,9:30:33.645828556,T,299.44,40,302.27,40,IBM
2025-12-31,9:30:34.150068916,T,299.44,40,302.08,40,IBM
2025-12-31,9:30:34.154278902,T,299.44,40,302.27,40,IBM
2025-12-31,9:30:36.821398398,T,299.44,40,302.46,40,IBM
2025-12-31,9:30:38.683185514,T,299.44,40,302.27,40,IBM
2025-12-31,9:30:38.685505951,T,299.44,40,302.08,40,IBM
2025-12-31,9:30:38.689560695,T,299.44,40,302.27,40,IBM
2025-12-31,9:30:38.689580646,T,299.44,40,302.46,40,IBM
2025-12-31,9:30:41.036623042,T,299.44,40,302.27,40,IBM
2025-12-31,9:30:41.044912730,T,299.3,40,302.27,40,IBM
2025-12-31,9:30:46.122781241,T,299.3,40,302.08,40,IBM
2025-12-31,9:30:46.126996234,T,299.3,40,302.27,40,IBM
2025-12-31,9:30:46.621353173,T,299.3,40,301.58,40,IBM
2025-12-31,9:30:46.790636049,T,299.3,40,302.27,40,IBM
2025-12-31,9:30:46.791518140,T,299.3,40,301.23,40,IBM
2025-12-31,9:31:00.277388057,T,300.44,160,301.23,40,IBM
2025-12-31,9:31:03.478954775,T,300.44,160,301.51,160,IBM
2025-12-31,9:31:05.796306394,T,300.44,160,301.58,40,IBM
2025-12-31,9:31:05.797353818,T,299.3,40,301.58,40,IBM
2025-12-31,9:31:05.797358956,T,300.66,160,301.58,40,IBM
2025-12-31,9:31:10.340439028,T,299.3,40,301.58,40,IBM
2025-12-31,9:31:10.340444072,T,300.35,160,301.58,40,IBM
2025-12-31,9:31:33.983599358,T,300.35,160,301.29,40,IBM
2025-12-31,9:32:04.856240419,T,300.77,80,301.29,40,IBM
2025-12-31,9:32:04.856450747,T,300.77,120,301.29,40,IBM
2025-12-31,9:32:05.104110236,T,300.77,120,301.13,40,IBM
2025-12-31,9:32:05.104120509,T,300.77,160,301.13,40,IBM
2025-12-31,9:32:05.104125259,T,300.77,160,301.29,40,IBM
2025-12-31,9:32:05.104130298,T,300.77,120,301.29,40,IBM
2025-12-31,9:32:05.104646533,T,300.77,80,301.29,40,IBM
2025-12-31,9:32:08.324526649,T,301.0,80,301.29,40,IBM
2025-12-31,9:32:09.285634750,T,301.0,40,301.29,40,IBM
2025-12-31,9:32:09.285664867,T,300.35,160,301.29,40,IBM
2025-12-31,9:32:09.285739998,T,300.35,160,301.15,40,IBM
2025-12-31,9:32:09.286456646,T,300.79,40,301.15,40,IBM
2025-12-31,9:32:09.286506836,T,300.79,40,301.29,40,IBM
2025-12-31,9:32:11.243685993,T,300.79,40,301.35,40,IBM
2025-12-31,9:32:12.765469047,T,300.35,160,301.35,40,IBM
2025-12-31,9:32:12.765508924,T,300.35,160,301.28,40,IBM
2025-12-31,9:32:12.765528874,T,300.35,160,301.35,40,IBM
2025-12-31,9:32:12.765538936,T,300.35,160,301.07,40,IBM
2025-12-31,9:32:12.765729474,T,300.35,160,300.99,40,IBM
2025-12-31,9:32:12.765869784,T,300.35,160,300.94,40,IBM
2025-12-31,9:32:12.766526321,T,300.35,160,300.81,40,IBM
2025-12-31,9:32:12.766556332,T,300.35,160,300.94,40,IBM
2025-12-31,9:32:12.766561399,T,300.39,120,300.94,40,IBM
2025-12-31,9:32:12.766576462,T,300.35,160,300.94,40,IBM
2025-12-31,9:32:12.766601538,T,300.81,120,300.94,40,IBM
2025-12-31,9:32:12.766636717,T,300.69,40,300.94,40,IBM
2025-12-31,9:32:12.766656629,T,300.47,40,300.94,40,IBM
2025-12-31,9:32:12.766676694,T,300.35,160,300.94,40,IBM
2025-12-31,9:32:12.766806925,T,300.35,160,301.34,40,IBM
2025-12-31,9:32:12.767328316,T,300.35,160,301.35,40,IBM
2025-12-31,9:32:12.767333219,T,300.35,160,301.34,40,IBM
2025-12-31,9:32:12.769242796,T,300.35,160,301.35,40,IBM
2025-12-31,9:32:12.774480298,T,300.35,160,301.35,80,IBM
2025-12-31,9:32:12.776269557,T,300.35,160,301.11,40,IBM
2025-12-31,9:32:12.777126602,T,300.35,160,301.34,40,IBM
2025-12-31,9:32:12.786468851,T,300.35,160,301.35,40,IBM
2025-12-31,9:32:16.358983537,T,300.35,160,301.19,40,IBM
2025-12-31,9:32:17.920962016,T,300.35,160,301.19,80,IBM
2025-12-31,9:32:19.217097469,T,300.35,160,301.19,40,IBM
2025-12-31,9:32:20.024509575,T,300.35,160,301.35,40,IBM
2025-12-31,9:32:20.031561381,T,300.35,160,301.35,80,IBM
2025-12-31,9:32:20.031571338,T,300.35,160,301.17,40,IBM
2025-12-31,9:32:20.031596636,T,300.35,160,301.16,40,IBM
2025-12-31,9:32:20.031616521,T,300.35,160,301.07,40,IBM
2025-12-31,9:32:20.031841984,T,299.26,40,301.07,40,IBM
2025-12-31,9:32:20.031847052,T,300.12,160,301.07,40,IBM
2025-12-31,9:32:20.032578803,T,300.12,160,301.16,40,IBM
2025-12-31,9:32:20.036142286,T,300.12,160,301.17,80,IBM
2025-12-31,9:32:20.043269244,T,300.12,160,301.17,40,IBM
2025-12-31,9:32:20.131574525,T,300.12,160,301.35,80,IBM
2025-12-31,9:32:20.131584404,T,300.12,160,301.35,40,IBM
2025-12-31,9:32:21.836122277,T,300.51,80,301.35,40,IBM
2025-12-31,9:32:24.890032484,T,300.51,80,301.22,40,IBM
2025-12-31,9:32:25.023059134,T,300.51,80,301.07,40,IBM
2025-12-31,9:32:25.024246875,T,300.51,80,301.22,40,IBM
2025-12-31,9:32:26.122611593,T,300.51,80,301.23,40,IBM
2025-12-31,9:32:26.122646650,T,300.51,80,301.11,40,IBM
2025-12-31,9:32:29.660959804,T,300.32,200,301.11,40,IBM
2025-12-31,9:32:31.050798520,T,299.45,40,301.11,40,IBM
2025-12-31,9:32:31.050808490,T,300.1,160,301.11,40,IBM
2025-12-31,9:32:35.564338500,T,300.1,160,301.07,40,IBM
2025-12-31,9:32:35.564759460,T,300.1,160,301.07,80,IBM
2025-12-31,9:32:37.364293506,T,300.1,160,301.06,40,IBM
2025-12-31,9:32:37.364629247,T,300.1,160,301.06,80,IBM
2025-12-31,9:32:37.364945122,T,300.1,160,301.06,40,IBM
2025-12-31,9:32:37.365195686,T,300.1,160,301.06,80,IBM
2025-12-31,9:32:37.375475147,T,300.1,160,301.06,40,IBM
2025-12-31,9:32:37.375680667,T,300.1,160,301.07,40,IBM
2025-12-31,9:32:37.376161786,T,300.4,80,301.07,40,IBM
2025-12-31,9:32:37.376733097,T,300.4,80,301.07,80,IBM
2025-12-31,9:32:37.376938569,T,300.4,80,301.07,120,IBM
2025-12-31,9:32:37.382822545,T,300.4,80,301.07,80,IBM
2025-12-31,9:32:37.385940023,T,300.1,160,301.07,80,IBM
2025-12-31,9:32:37.385960500,T,300.1,160,301.07,120,IBM
2025-12-31,9:32:37.385965112,T,300.1,160,301.06,40,IBM
2025-12-31,9:32:37.385975177,T,300.1,160,301.05,40,IBM
2025-12-31,9:32:37.400845553,T,300.1,160,301.07,40,IBM
2025-12-31,9:32:37.411741411,T,300.1,160,301.06,40,IBM
2025-12-31,9:32:37.465033359,T,300.1,160,301.07,40,IBM
2025-12-31,9:32:37.467033151,T,300.1,160,301.11,40,IBM
2025-12-31,9:32:40.963717275,T,300.1,160,300.75,40,IBM
2025-12-31,9:32:41.299030541,T,299.2,320,300.75,40,IBM
2025-12-31,9:32:41.299035619,T,299.92,200,300.75,40,IBM
2025-12-31,9:32:41.888278325,T,299.92,200,300.68,40,IBM
2025-12-31,9:32:41.888704359,T,299.92,200,300.68,80,IBM
2025-12-31,9:32:42.035639120,T,299.92,200,300.68,40,IBM
2025-12-31,9:32:50.608693220,T,299.92,200,300.68,80,IBM
2025-12-31,9:32:51.557206238,T,299.92,200,300.68,40,IBM
2025-12-31,9:32:53.873936400,T,299.92,200,300.75,80,IBM
2025-12-31,9:32:53.873971459,T,299.92,200,300.46,40,IBM
2025-12-31,9:32:53.874397483,T,299.92,200,300.46,80,IBM
2025-12-31,9:32:53.893763586,T,299.2,320,300.46,80,IBM
2025-12-31,9:32:53.893773571,T,299.73,160,300.46,80,IBM
2025-12-31,9:32:58.468950420,T,299.73,160,300.46,40,IBM
2025-12-31,9:32:58.471566642,T,299.73,160,300.45,40,IBM
2025-12-31,9:32:59.485545389,T,299.73,160,300.45,80,IBM
2025-12-31,9:33:01.965970378,T,299.73,160,300.45,40,IBM
2025-12-31,9:33:08.483510971,T,299.73,160,300.45,80,IBM
2025-12-31,9:33:23.542314851,T,299.73,160,300.45,120,IBM
2025-12-31,9:33:23.542515576,T,300.11,40,300.45,120,IBM
2025-12-31,9:33:23.542520376,T,300.11,40,300.45,80,IBM
2025-12-31,9:33:23.542565488,T,300.11,40,300.45,120,IBM
2025-12-31,9:33:23.542580448,T,300.11,80,300.45,120,IBM
2025-12-31,9:33:23.542585939,T,300.11,40,300.45,120,IBM
2025-12-31,9:33:23.542590494,T,300.04,40,300.45,120,IBM
2025-12-31,9:33:23.542675839,T,299.73,160,300.45,120,IBM
2025-12-31,9:33:23.542675839,T,299.73,200,300.45,120,IBM
2025-12-31,9:33:23.542686076,T,300.04,40,300.45,120,IBM
2025-12-31,9:33:23.542690755,T,300.04,40,300.45,80,IBM
2025-12-31,9:33:23.542731226,T,299.73,160,300.45,80,IBM
2025-12-31,9:33:23.542750897,T,299.73,160,300.45,120,IBM
2025-12-31,9:33:23.542750897,T,299.73,160,300.33,40,IBM
2025-12-31,9:33:23.542791028,T,299.73,160,300.45,120,IBM
2025-12-31,9:33:23.542846133,T,299.73,160,300.33,40,IBM
2025-12-31,9:33:23.542866149,T,299.73,160,300.45,80,IBM
2025-12-31,9:33:23.543031537,T,299.73,200,300.45,80,IBM
2025-12-31,9:33:23.543031537,T,300.04,40,300.45,80,IBM
2025-12-31,9:33:23.543066660,T,299.73,160,300.45,80,IBM
2025-12-31,9:33:23.543111765,T,299.73,160,300.45,120,IBM
2025-12-31,9:33:23.543272593,T,299.73,160,300.45,80,IBM
2025-12-31,9:33:23.543277173,T,299.73,160,300.45,120,IBM
2025-12-31,9:33:23.543367394,T,299.73,160,300.45,80,IBM
2025-12-31,9:33:23.543537738,T,299.73,160,300.45,120,IBM
2025-12-31,9:33:23.543562867,T,299.73,160,300.45,80,IBM
2025-12-31,9:33:23.543663147,T,299.73,160,300.45,120,IBM
2025-12-31,9:33:23.543668068,T,299.73,160,300.45,80,IBM
2025-12-31,9:33:24.469983233,T,299.73,160,300.45,120,IBM
2025-12-31,9:33:24.469988187,T,299.73,160,300.39,40,IBM
2025-12-31,9:33:24.470038471,T,299.73,160,300.28,40,IBM
2025-12-31,9:33:24.470193809,T,299.73,160,300.39,40,IBM
2025-12-31,9:33:24.470214044,T,299.73,160,300.45,120,IBM
2025-12-31,9:33:24.470329042,T,299.73,160,300.39,40,IBM
2025-12-31,9:33:24.470349158,T,299.73,160,300.33,40,IBM
2025-12-31,9:33:24.470374274,T,299.73,160,300.25,40,IBM
2025-12-31,9:33:24.470419265,T,299.73,160,300.43,40,IBM
2025-12-31,9:33:24.470419265,T,299.73,160,300.39,40,IBM
2025-12-31,9:33:24.470424228,T,299.73,160,300.33,40,IBM
2025-12-31,9:33:24.470494547,T,299.73,160,300.39,40,IBM
2025-12-31,9:33:24.470579656,T,299.73,160,300.33,40,IBM
2025-12-31,9:33:24.470609717,T,299.73,160,300.27,40,IBM
2025-12-31,9:33:24.470905514,T,299.73,160,300.33,40,IBM
2025-12-31,9:33:24.470925508,T,299.73,160,300.39,40,IBM
2025-12-31,9:33:24.471065784,T,299.73,160,300.43,40,IBM
2025-12-31,9:33:24.477486118,T,299.73,160,300.44,40,IBM
2025-12-31,9:33:24.489133769,T,299.73,160,300.45,120,IBM
2025-12-31,9:33:24.571409733,T,299.73,160,300.45,80,IBM
2025-12-31,9:33:24.575855280,T,299.73,160,300.43,40,IBM
2025-12-31,9:33:24.575860239,T,299.73,160,300.24,40,IBM
2025-12-31,9:33:24.575875475,T,299.73,160,300.12,40,IBM
2025-12-31,9:33:24.575900717,T,299.73,160,300.05,80,IBM
2025-12-31,9:33:24.575975547,T,299.73,160,300.05,40,IBM
2025-12-31,9:33:24.576005599,T,299.73,200,300.05,40,IBM
2025-12-31,9:33:24.576030692,T,299.73,160,300.05,40,IBM
2025-12-31,9:33:24.576451695,T,299.73,160,300.42,40,IBM
2025-12-31,9:33:24.576456733,T,299.73,160,300.45,80,IBM
2025-12-31,9:33:24.576476729,T,299.78,40,300.45,80,IBM
2025-12-31,9:33:24.576556952,T,299.78,40,300.45,120,IBM
2025-12-31,9:33:24.576561972,T,299.78,40,300.45,80,IBM
2025-12-31,9:33:24.576587082,T,299.99,40,300.45,80,IBM
2025-12-31,9:33:24.576932816,T,299.73,200,300.45,80,IBM
2025-12-31,9:33:24.577028047,T,299.99,40,300.45,80,IBM
2025-12-31,9:33:24.577083136,T,299.73,200,300.45,80,IBM
2025-12-31,9:33:24.577113281,T,299.73,200,300.42,40,IBM
2025-12-31,9:33:24.577213433,T,299.73,160,300.42,40,IBM
2025-12-31,9:33:24.577298691,T,299.73,160,300.12,40,IBM
2025-12-31,9:33:24.577353795,T,299.73,160,300.28,40,IBM
2025-12-31,9:33:24.577950282,T,299.73,160,300.12,40,IBM
2025-12-31,9:33:24.578311104,T,299.26,40,300.12,40,IBM
2025-12-31,9:33:24.578321203,T,299.54,160,300.12,40,IBM
2025-12-31,9:33:24.592184220,T,299.54,160,300.42,40,IBM
2025-12-31,9:33:24.595266445,T,299.54,160,300.28,40,IBM
2025-12-31,9:33:24.595572284,T,299.54,160,300.42,40,IBM
2025-12-31,9:33:24.595592282,T,299.73,40,300.42,40,IBM
2025-12-31,9:33:24.595637299,T,299.76,40,300.42,40,IBM
2025-12-31,9:33:24.595637299,T,299.84,40,300.42,40,IBM
2025-12-31,9:33:24.595662444,T,299.84,40,300.45,80,IBM
2025-12-31,9:33:24.596028648,T,299.76,40,300.45,80,IBM
2025-12-31,9:33:24.596048271,T,299.54,160,300.45,80,IBM
2025-12-31,9:33:24.599992767,T,299.54,160,300.42,40,IBM
2025-12-31,9:33:24.610733234,T,299.54,160,300.45,80,IBM
2025-12-31,9:33:24.610803403,T,299.54,160,300.42,40,IBM
2025-12-31,9:33:24.616476921,T,299.54,160,300.45,80,IBM
2025-12-31,9:33:24.616602268,T,299.54,160,300.42,40,IBM
2025-12-31,9:33:24.617013192,T,299.54,160,300.45,80,IBM
2025-12-31,9:33:24.617288910,T,299.54,160,300.42,40,IBM
2025-12-31,9:33:24.626365565,T,299.54,160,300.37,40,IBM
2025-12-31,9:33:24.627377864,T,299.54,160,300.2,40,IBM
2025-12-31,9:33:24.635136357,T,299.54,160,300.32,40,IBM
2025-12-31,9:33:24.678805327,T,299.54,200,300.32,40,IBM
2025-12-31,9:33:24.717271905,T,299.54,160,300.32,40,IBM
2025-12-31,9:33:24.727295809,T,299.54,160,300.37,40,IBM
2025-12-31,9:33:24.745719707,T,299.54,160,300.45,80,IBM
2025-12-31,9:33:25.036476876,T,299.54,160,300.2,40,IBM
2025-12-31,9:33:25.043483504,T,299.54,160,300.45,80,IBM
2025-12-31,9:33:25.043503511,T,299.93,40,300.45,80,IBM
2025-12-31,9:33:25.044395670,T,299.93,40,300.45,40,IBM
2025-12-31,9:33:25.044445837,T,299.93,40,300.46,40,IBM
2025-12-31,9:33:25.045062315,T,299.93,40,300.39,40,IBM
2025-12-31,9:33:25.054374398,T,299.93,40,300.46,40,IBM
2025-12-31,9:33:25.055772829,T,299.93,40,300.39,40,IBM
2025-12-31,9:33:25.058388946,T,299.54,160,300.39,40,IBM
2025-12-31,9:33:25.069069407,T,299.54,160,300.46,40,IBM
2025-12-31,9:33:25.078446709,T,299.93,40,300.46,40,IBM
2025-12-31,9:33:25.078857753,T,300.05,40,300.46,40,IBM
2025-12-31,9:33:25.079203515,T,300.08,40,300.46,40,IBM
2025-12-31,9:33:25.079298773,T,299.93,40,300.46,40,IBM
2025-12-31,9:33:25.079509328,T,299.73,40,300.46,40,IBM
2025-12-31,9:33:25.079639566,T,299.93,40,300.46,40,IBM
2025-12-31,9:33:25.080541689,T,299.73,40,300.46,40,IBM
2025-12-31,9:33:25.099396597,T,299.72,200,300.46,40,IBM
2025-12-31,9:33:29.864214816,T,299.72,200,300.46,80,IBM
2025-12-31,9:33:46.079170926,T,299.72,200,300.46,120,IBM
2025-12-31,9:33:48.454585993,T,299.72,200,300.46,160,IBM
2025-12-31,9:33:48.793307244,T,299.72,200,300.45,40,IBM
2025-12-31,9:33:48.793307244,T,299.72,200,300.39,40,IBM
2025-12-31,9:33:48.793352400,T,299.72,200,300.27,40,IBM
2025-12-31,9:33:48.793572893,T,299.72,200,300.27,80,IBM
2025-12-31,9:33:48.793603032,T,299.72,200,300.18,40,IBM
2025-12-31,9:33:48.797807950,T,299.72,200,300.27,40,IBM
2025-12-31,9:33:48.804804674,T,299.72,200,300.45,80,IBM
2025-12-31,9:33:48.894257559,T,299.72,200,300.45,40,IBM
2025-12-31,9:33:49.742882794,T,299.72,200,300.24,40,IBM
2025-12-31,9:33:49.743308888,T,299.72,200,300.24,80,IBM
2025-12-31,9:33:50.283976138,T,299.72,200,300.24,40,IBM
2025-12-31,9:33:51.140249556,T,299.89,40,300.24,40,IBM
2025-12-31,9:33:51.482539454,T,299.73,40,300.24,40,IBM
2025-12-31,9:33:52.183117204,T,299.73,40,300.46,80,IBM
2025-12-31,9:33:52.183132155,T,299.73,40,300.45,40,IBM
2025-12-31,9:33:52.183172305,T,299.73,40,300.23,40,IBM
2025-12-31,9:33:52.777542205,T,299.72,200,300.23,40,IBM
2025-12-31,9:33:53.531216304,T,299.72,200,300.26,40,IBM
2025-12-31,9:33:53.531276559,T,299.72,200,300.24,40,IBM
2025-12-31,9:33:53.531321584,T,299.72,200,300.26,40,IBM
2025-12-31,9:33:54.349143458,T,299.72,200,300.25,40,IBM
2025-12-31,9:33:54.349198584,T,299.72,200,300.26,40,IBM
2025-12-31,9:33:54.349258711,T,299.72,200,300.25,40,IBM
2025-12-31,9:33:54.349313870,T,299.72,200,300.26,40,IBM
2025-12-31,9:33:54.349374091,T,299.72,200,300.25,40,IBM
2025-12-31,9:33:54.349439209,T,299.72,200,300.26,40,IBM
2025-12-31,9:33:54.349494287,T,299.72,200,300.25,40,IBM
2025-12-31,9:33:54.349549423,T,299.72,200,300.26,40,IBM
2025-12-31,9:33:54.349604612,T,299.72,200,300.25,40,IBM
2025-12-31,9:33:54.349649759,T,299.72,200,300.26,40,IBM
2025-12-31,9:33:54.349699855,T,299.72,200,300.25,40,IBM
2025-12-31,9:33:54.349754911,T,299.72,200,300.26,40,IBM
2025-12-31,9:33:54.349805207,T,299.72,200,300.25,40,IBM
2025-12-31,9:33:54.349860272,T,299.72,200,300.26,40,IBM
2025-12-31,9:33:54.349910319,T,299.72,200,300.25,40,IBM
2025-12-31,9:33:54.349955512,T,299.72,200,300.26,40,IBM
2025-12-31,9:33:54.350010635,T,299.72,200,300.25,40,IBM
2025-12-31,9:33:54.350060716,T,299.72,200,300.26,40,IBM
2025-12-31,9:33:54.350115772,T,299.72,200,300.25,40,IBM
2025-12-31,9:33:54.350160935,T,299.72,200,300.26,40,IBM
2025-12-31,9:33:54.350221091,T,299.72,200,300.25,40,IBM
2025-12-31,9:33:54.350266214,T,299.72,200,300.26,40,IBM
2025-12-31,9:33:54.350316319,T,299.72,200,300.25,40,IBM
2025-12-31,9:33:54.350356417,T,299.72,200,300.26,40,IBM
2025-12-31,9:33:54.357463309,T,299.72,200,300.25,40,IBM
2025-12-31,9:33:54.357508393,T,299.72,200,300.26,40,IBM
2025-12-31,9:33:54.357563583,T,299.72,200,300.25,40,IBM
2025-12-31,9:33:54.357613694,T,299.72,200,300.26,40,IBM
2025-12-31,9:33:54.357663755,T,299.72,200,300.25,40,IBM
2025-12-31,9:33:54.357708849,T,299.72,200,300.26,40,IBM
2025-12-31,9:33:54.357759018,T,299.72,200,300.25,40,IBM
2025-12-31,9:33:54.357809176,T,299.72,200,300.26,40,IBM
2025-12-31,9:33:54.357864266,T,299.72,200,300.25,40,IBM
2025-12-31,9:33:54.357909314,T,299.72,200,300.26,40,IBM
2025-12-31,9:33:54.357964449,T,299.72,200,300.25,40,IBM
2025-12-31,9:33:54.358009644,T,299.72,200,300.26,40,IBM
2025-12-31,9:33:54.358064767,T,299.72,200,300.25,40,IBM
2025-12-31,9:33:54.358109892,T,299.72,200,300.26,40,IBM
2025-12-31,9:33:54.358164939,T,299.72,200,300.25,40,IBM
2025-12-31,9:33:54.358205088,T,299.72,200,300.26,40,IBM
2025-12-31,9:33:54.358260178,T,299.72,200,300.25,40,IBM
2025-12-31,9:33:54.358305267,T,299.72,200,300.26,40,IBM
2025-12-31,9:33:54.358360449,T,299.72,200,300.25,40,IBM
2025-12-31,9:33:54.358420557,T,299.72,200,300.26,40,IBM
2025-12-31,9:33:54.358470758,T,299.72,200,300.25,40,IBM
2025-12-31,9:33:54.358515785,T,299.72,200,300.26,40,IBM
2025-12-31,9:33:54.358570890,T,299.72,200,300.25,40,IBM
2025-12-31,9:33:54.358616042,T,299.72,200,300.26,40,IBM
2025-12-31,9:33:54.358666212,T,299.72,200,300.25,40,IBM
2025-12-31,9:33:54.358711303,T,299.72,200,300.26,40,IBM
2025-12-31,9:33:54.358766459,T,299.72,200,300.25,40,IBM
2025-12-31,9:33:54.358811492,T,299.72,200,300.26,40,IBM
2025-12-31,9:33:54.358856710,T,299.72,200,300.25,40,IBM
2025-12-31,9:33:54.358896777,T,299.72,200,300.26,40,IBM
2025-12-31,9:33:54.358946857,T,299.72,200,300.25,40,IBM
2025-12-31,9:33:54.358991932,T,299.72,200,300.26,40,IBM
2025-12-31,9:33:54.359047031,T,299.72,200,300.25,40,IBM
2025-12-31,9:33:54.359087188,T,299.72,200,300.26,40,IBM
2025-12-31,9:33:54.359142319,T,299.72,200,300.25,40,IBM
2025-12-31,9:33:54.359182413,T,299.72,200,300.26,40,IBM
2025-12-31,9:33:54.359237497,T,299.72,200,300.25,40,IBM
2025-12-31,9:33:54.359277642,T,299.72,200,300.26,40,IBM
2025-12-31,9:33:54.359332755,T,299.72,200,300.25,40,IBM
2025-12-31,9:33:54.359382816,T,299.72,200,300.26,40,IBM
2025-12-31,9:33:54.403101903,T,299.72,200,300.26,80,IBM
2025-12-31,9:33:55.734446423,T,299.72,200,300.25,40,IBM
2025-12-31,9:33:59.733952598,T,299.72,200,300.26,80,IBM
2025-12-31,9:34:06.329919893,T,300.04,40,300.26,80,IBM
2025-12-31,9:34:08.519768241,T,300.04,40,300.26,40,IBM
2025-12-31,9:34:08.519768241,T,300.04,40,300.46,40,IBM
2025-12-31,9:34:08.519793079,T,300.15,40,300.46,40,IBM
2025-12-31,9:34:08.520073642,T,300.18,40,300.46,40,IBM
2025-12-31,9:34:08.521151162,T,300.18,40,300.46,80,IBM
2025-12-31,9:34:08.524003210,T,300.18,40,300.46,40,IBM
2025-12-31,9:34:08.524288685,T,300.15,40,300.46,40,IBM
2025-12-31,9:34:08.524308689,T,300.11,40,300.46,40,IBM
2025-12-31,9:34:08.524724878,T,300.04,40,300.46,40,IBM
2025-12-31,9:34:08.539660301,T,300.04,40,300.76,160,IBM
2025-12-31,9:34:20.254598790,T,300.09,40,300.76,160,IBM
2025-12-31,9:34:28.144421463,T,300.09,80,300.76,160,IBM
2025-12-31,9:34:28.144456540,T,300.09,40,300.76,160,IBM
2025-12-31,9:34:28.759525746,T,300.04,40,300.76,160,IBM
2025-12-31,9:34:33.185828068,T,300.04,40,300.48,40,IBM
2025-12-31,9:34:33.185863210,T,300.04,40,300.48,80,IBM
2025-12-31,9:34:33.245334683,T,300.04,40,300.48,120,IBM
2025-12-31,9:34:33.276889872,T,300.04,40,300.48,80,IBM
2025-12-31,9:34:34.968105994,T,300.04,40,300.48,120,IBM
2025-12-31,9:34:35.254427632,T,300.04,40,300.48,80,IBM
2025-12-31,9:34:36.883972193,T,300.04,40,300.48,120,IBM
2025-12-31,9:34:36.884162664,T,300.04,40,300.41,40,IBM
2025-12-31,9:34:36.884182645,T,300.04,40,300.29,40,IBM
2025-12-31,9:34:36.884202608,T,300.04,40,300.29,80,IBM
2025-12-31,9:34:36.884232719,T,300.04,40,300.17,40,IBM
2025-12-31,9:34:36.884563731,T,299.72,200,300.17,40,IBM
2025-12-31,9:34:36.884984636,T,299.72,240,300.17,40,IBM
2025-12-31,9:34:36.885004591,T,300.04,40,300.17,40,IBM
2025-12-31,9:34:36.885009572,T,299.72,200,300.17,40,IBM
2025-12-31,9:34:36.885069739,T,299.72,200,300.17,80,IBM
2025-12-31,9:34:36.885074705,T,299.72,200,300.11,40,IBM
2025-12-31,9:34:36.885470706,T,299.72,200,300.17,80,IBM
2025-12-31,9:34:36.892823182,T,299.72,200,300.17,40,IBM
2025-12-31,9:34:36.899980257,T,299.72,200,300.29,40,IBM
2025-12-31,9:34:36.900280899,T,299.72,200,300.24,40,IBM
2025-12-31,9:34:37.066832406,T,299.72,200,300.29,40,IBM
2025-12-31,9:34:39.209839038,T,299.72,200,300.48,40,IBM
2025-12-31,9:34:42.298817704,T,299.72,200,300.75,40,IBM
2025-12-31,9:34:42.298842753,T,299.72,200,300.76,160,IBM
2025-12-31,9:34:43.976672053,T,300.01,40,300.76,160,IBM
2025-12-31,9:34:43.977423848,T,300.01,80,300.76,160,IBM
2025-12-31,9:34:43.981814338,T,300.01,40,300.76,160,IBM
2025-12-31,9:34:46.363639488,T,300.01,40,300.32,40,IBM
2025-12-31,9:34:48.003057232,T,300.01,40,300.24,40,IBM
2025-12-31,9:34:49.717017661,T,299.72,200,300.24,40,IBM
2025-12-31,9:34:49.717513755,T,299.72,200,300.32,40,IBM
2025-12-31,9:34:54.306573615,T,300.01,40,300.32,40,IBM
2025-12-31,9:34:54.329879020,T,300.01,80,300.32,40,IBM
2025-12-31,9:34:54.329924061,T,300.01,160,300.32,40,IBM
2025-12-31,9:34:54.330109531,T,300.01,160,300.32,80,IBM
2025-12-31,9:34:54.330144597,T,300.1,40,300.32,80,IBM
2025-12-31,9:34:54.330695939,T,300.1,80,300.32,80,IBM
2025-12-31,9:34:54.336549950,T,300.1,40,300.32,80,IBM
2025-12-31,9:34:54.344764408,T,300.01,120,300.32,80,IBM
2025-12-31,9:34:55.128660656,T,300.01,120,300.32,40,IBM
2025-12-31,9:34:55.128660656,T,300.01,120,300.6,160,IBM
2025-12-31,9:34:55.128680751,T,300.1,40,300.6,160,IBM
2025-12-31,9:34:55.129472546,T,300.17,40,300.6,160,IBM
2025-12-31,9:34:55.132960948,T,300.17,40,300.92,40,IBM
2025-12-31,9:34:55.132970938,T,300.17,40,300.82,160,IBM
2025-12-31,9:34:55.143566142,T,300.01,40,300.82,160,IBM
2025-12-31,9:34:55.854438425,T,300.18,40,300.82,160,IBM
2025-12-31,9:34:59.714066598,T,300.19,40,300.82,160,IBM
2025-12-31,9:34:59.714111731,T,300.18,40,300.82,160,IBM
2025-12-31,9:34:59.714116805,T,300.32,40,300.82,160,IBM
2025-12-31,9:34:59.714236996,T,300.18,40,300.82,160,IBM
2025-12-31,9:34:59.714236996,T,300.4,40,300.82,160,IBM
2025-12-31,9:34:59.714592887,T,300.18,40,300.82,160,IBM
2025-12-31,9:34:59.714838412,T,300.18,40,301.24,40,IBM
2025-12-31,9:34:59.714843507,T,300.18,40,301.01,200,IBM
2025-12-31,9:34:59.714893623,T,300.32,40,301.01,200,IBM
2025-12-31,9:34:59.718421998,T,300.18,40,301.01,200,IBM
2025-12-31,9:34:59.963475384,T,300.01,80,301.01,200,IBM
2025-12-31,9:35:01.130213050,T,300.41,40,301.01,200,IBM
2025-12-31,9:35:01.130223025,T,300.01,80,301.01,200,IBM
2025-12-31,9:35:05.684479971,T,300.01,40,301.01,200,IBM
2025-12-31,9:35:06.926526769,T,300.01,40,300.89,40,IBM
2025-12-31,9:35:12.082636848,T,300.01,40,300.75,40,IBM
2025-12-31,9:35:12.082641495,T,300.01,40,300.69,40,IBM
2025-12-31,9:35:12.082892059,T,300.01,40,300.62,40,IBM
2025-12-31,9:35:12.082937221,T,300.01,40,300.59,40,IBM
2025-12-31,9:35:12.082972318,T,300.01,40,300.55,40,IBM
2025-12-31,9:35:12.083483491,T,300.01,40,300.59,40,IBM
2025-12-31,9:35:12.083553703,T,300.01,40,300.75,40,IBM
2025-12-31,9:35:12.182639537,T,300.01,40,300.89,40,IBM
2025-12-31,9:35:12.294836678,T,300.01,40,300.75,40,IBM
2025-12-31,9:35:12.727145856,T,300.01,40,300.89,40,IBM
2025-12-31,9:35:20.661579384,T,300.01,40,300.83,40,IBM
2025-12-31,9:35:20.746787378,T,300.01,40,300.82,40,IBM
2025-12-31,9:35:25.737838851,T,300.01,40,300.67,40,IBM
2025-12-31,9:35:25.741247111,T,300.01,40,300.54,40,IBM
2025-12-31,9:35:25.741282330,T,300.01,40,300.54,80,IBM
2025-12-31,9:35:25.741558062,T,300.01,40,300.48,40,IBM
2025-12-31,9:35:25.741632920,T,300.01,40,300.47,40,IBM
2025-12-31,9:35:25.745837896,T,300.01,40,300.48,40,IBM
2025-12-31,9:35:25.769364002,T,300.01,40,300.44,40,IBM
2025-12-31,9:35:25.769484272,T,300.01,40,300.38,40,IBM
2025-12-31,9:35:25.773549001,T,300.01,40,300.44,40,IBM
2025-12-31,9:35:25.773844675,T,300.01,40,300.48,40,IBM
2025-12-31,9:35:25.838428480,T,300.01,40,300.54,40,IBM
2025-12-31,9:35:26.201628124,T,300.01,40,300.66,40,IBM
2025-12-31,9:35:27.370154903,T,300.01,40,300.56,40,IBM
2025-12-31,9:35:32.608154608,T,300.01,40,300.63,80,IBM
2025-12-31,9:35:33.241266783,T,300.01,40,300.56,40,IBM
2025-12-31,9:35:33.597003781,T,300.01,40,300.63,80,IBM
2025-12-31,9:35:33.633846413,T,300.01,40,300.56,40,IBM
2025-12-31,9:35:34.305936346,T,300.01,40,300.56,80,IBM
2025-12-31,9:35:34.585862655,T,300.01,40,300.56,40,IBM
2025-12-31,9:35:35.498585596,T,300.01,40,300.56,80,IBM
2025-12-31,9:35:35.574711801,T,300.01,40,300.56,40,IBM
2025-12-31,9:35:36.193840529,T,300.01,40,300.56,80,IBM
2025-12-31,9:35:36.563570676,T,300.01,40,300.56,40,IBM
2025-12-31,9:35:36.563991736,T,300.01,40,300.63,80,IBM
2025-12-31,9:35:36.692362359,T,300.01,40,300.56,40,IBM
2025-12-31,9:35:37.552424858,T,300.01,40,300.63,80,IBM
2025-12-31,9:35:37.554043641,T,300.01,40,300.56,40,IBM
2025-12-31,9:35:38.541273986,T,300.01,40,300.63,80,IBM
2025-12-31,9:35:38.719989402,T,300.01,40,300.56,40,IBM
2025-12-31,9:35:39.530132978,T,300.01,40,300.63,80,IBM
2025-12-31,9:35:40.282564273,T,300.01,40,300.56,40,IBM
2025-12-31,9:35:40.518982079,T,300.01,40,300.63,80,IBM
2025-12-31,9:35:41.025222155,T,300.01,40,300.61,40,IBM
2025-12-31,9:35:41.507841192,T,300.01,40,300.63,80,IBM
2025-12-31,9:35:56.106684819,T,300.01,40,300.6,40,IBM
2025-12-31,9:35:56.340656723,T,300.01,40,300.63,80,IBM
2025-12-31,9:35:56.472465549,T,300.01,40,300.6,40,IBM
2025-12-31,9:35:57.198503993,T,300.01,40,300.6,80,IBM
2025-12-31,9:35:57.329515854,T,300.01,40,300.6,40,IBM
2025-12-31,9:35:57.598035084,T,300.01,40,300.6,80,IBM
2025-12-31,9:35:57.690951267,T,300.01,40,300.6,40,IBM
2025-12-31,9:36:01.001096473,T,300.01,40,300.6,80,IBM
2025-12-31,9:36:01.001096473,T,300.01,40,300.59,40,IBM
2025-12-31,9:36:01.001116510,T,300.01,40,300.59,80,IBM
2025-12-31,9:36:01.001141638,T,300.01,40,300.49,40,IBM
2025-12-31,9:36:01.002184088,T,300.01,40,300.49,80,IBM
2025-12-31,9:36:01.002209196,T,300.01,40,300.4,40,IBM
2025-12-31,9:36:01.006419127,T,300.01,40,300.49,40,IBM
2025-12-31,9:36:01.006459238,T,300.01,40,300.59,80,IBM
2025-12-31,9:36:01.007446632,T,300.01,40,300.59,40,IBM
2025-12-31,9:36:01.007491771,T,300.25,40,300.59,40,IBM
2025-12-31,9:36:01.007762325,T,300.25,40,300.49,40,IBM
2025-12-31,9:36:01.154511757,T,300.01,40,300.49,40,IBM
2025-12-31,9:36:01.461617794,T,300.01,40,300.49,80,IBM
2025-12-31,9:36:02.007297044,T,300.26,40,300.49,80,IBM
2025-12-31,9:36:02.007682776,T,300.26,40,300.49,40,IBM
2025-12-31,9:36:02.008815529,T,300.01,40,300.49,40,IBM
2025-12-31,9:36:05.401667618,T,300.01,40,300.5,40,IBM
2025-12-31,9:36:05.401697669,T,300.01,40,300.63,80,IBM
2025-12-31,9:36:05.476059613,T,300.01,40,300.5,40,IBM
2025-12-31,9:36:05.477016938,T,300.01,40,300.5,80,IBM
2025-12-31,9:36:05.637644354,T,300.01,40,300.5,40,IBM
2025-12-31,9:36:09.195764890,T,300.01,40,300.63,80,IBM
2025-12-31,9:36:09.890809614,T,300.01,40,300.5,40,IBM
2025-12-31,9:36:10.445304658,T,300.01,40,300.5,80,IBM
2025-12-31,9:36:12.412036526,T,300.01,40,300.5,40,IBM
2025-12-31,9:36:12.703500469,T,300.01,40,300.44,40,IBM
2025-12-31,9:36:12.703500469,T,300.01,40,300.44,80,IBM
2025-12-31,9:36:12.704282312,T,300.01,40,300.44,120,IBM
2025-12-31,9:36:12.707610163,T,300.01,40,300.44,80,IBM
2025-12-31,9:36:12.765588220,T,300.01,40,300.44,40,IBM
2025-12-31,9:36:23.963245575,T,300.01,40,300.44,80,IBM
2025-12-31,9:36:23.963451026,T,300.01,40,300.4,40,IBM
2025-12-31,9:36:23.963551205,T,300.01,40,300.44,80,IBM
2025-12-31,9:36:23.963571178,T,300.01,40,300.4,120,IBM
2025-12-31,9:36:23.963581203,T,300.01,40,300.4,80,IBM
2025-12-31,9:36:23.963606309,T,300.01,40,300.44,80,IBM
2025-12-31,9:36:23.963806714,T,300.01,40,300.4,80,IBM
2025-12-31,9:36:23.963821778,T,300.01,40,300.4,200,IBM
2025-12-31,9:36:23.963851842,T,300.01,40,300.4,240,IBM
2025-12-31,9:36:23.963932669,T,300.01,40,300.4,200,IBM
2025-12-31,9:36:23.963932669,T,300.01,40,300.37,80,IBM
2025-12-31,9:36:23.963937033,T,300.01,40,300.37,200,IBM
2025-12-31,9:36:23.963937033,T,300.01,40,300.37,240,IBM
2025-12-31,9:36:23.963957107,T,300.01,40,300.37,280,IBM
2025-12-31,9:36:23.963987183,T,300.01,40,300.37,240,IBM
2025-12-31,9:36:23.964062324,T,300.01,40,300.37,280,IBM
2025-12-31,9:36:23.966653625,T,300.01,40,300.37,200,IBM
2025-12-31,9:36:23.966653625,T,300.01,40,300.37,120,IBM
2025-12-31,9:36:23.966668541,T,300.01,40,300.37,80,IBM
2025-12-31,9:36:23.966668541,T,300.01,40,300.37,40,IBM
2025-12-31,9:36:23.966673541,T,300.01,40,300.44,80,IBM
2025-12-31,9:36:23.966693703,T,300.33,80,300.44,80,IBM
2025-12-31,9:36:23.967124617,T,300.33,80,300.44,160,IBM
2025-12-31,9:36:23.967249960,T,300.25,40,300.44,160,IBM
2025-12-31,9:36:23.967270065,T,300.01,40,300.44,160,IBM
2025-12-31,9:36:23.967510537,T,300.01,40,300.44,120,IBM
2025-12-31,9:36:23.969510356,T,300.27,80,300.44,120,IBM
2025-12-31,9:36:23.973279240,T,300.27,80,300.44,80,IBM
2025-12-31,9:36:23.973710516,T,300.27,80,300.44,120,IBM
2025-12-31,9:36:24.017589794,T,300.27,80,300.44,40,IBM
2025-12-31,9:36:24.017589794,T,300.27,80,300.83,40,IBM
2025-12-31,9:36:24.017609830,T,300.27,80,300.84,40,IBM
2025-12-31,9:36:24.018256639,T,300.27,80,300.86,160,IBM
2025-12-31,9:36:24.019368981,T,300.27,80,300.84,40,IBM
2025-12-31,9:36:24.022050365,T,300.27,80,300.86,160,IBM
2025-12-31,9:36:25.052423387,T,300.3,40,300.86,160,IBM
2025-12-31,9:36:26.905384536,T,300.33,40,300.86,160,IBM
2025-12-31,9:36:30.659411395,T,300.3,40,300.86,160,IBM
2025-12-31,9:36:31.925440256,T,300.4,40,300.86,160,IBM
2025-12-31,9:36:40.005981721,T,300.46,40,300.86,160,IBM
2025-12-31,9:36:40.939529031,T,300.4,40,300.86,160,IBM
2025-12-31,9:36:42.810332601,T,300.47,40,300.86,160,IBM
2025-12-31,9:36:43.744315953,T,300.4,40,300.86,160,IBM
2025-12-31,9:36:52.159639428,T,300.48,40,300.86,160,IBM
2025-12-31,9:36:53.093642932,T,300.4,40,300.86,160,IBM
2025-12-31,9:36:56.834688974,T,300.49,40,300.86,160,IBM
2025-12-31,9:36:57.768286366,T,300.4,40,300.86,160,IBM
2025-12-31,9:37:05.402575575,T,300.4,40,300.83,40,IBM
2025-12-31,9:37:05.402996516,T,300.4,40,300.83,80,IBM
2025-12-31,9:37:05.403016605,T,300.4,40,300.64,40,IBM
2025-12-31,9:37:05.403332372,T,300.4,40,300.57,40,IBM
2025-12-31,9:37:05.403332372,T,300.4,40,300.83,80,IBM
2025-12-31,9:37:05.403798467,T,300.38,40,300.83,80,IBM
2025-12-31,9:37:05.403823473,T,300.08,160,300.83,80,IBM
2025-12-31,9:37:05.404109167,T,300.08,160,300.57,40,IBM
2025-12-31,9:37:05.410514421,T,300.08,160,300.83,80,IBM
2025-12-31,9:37:05.410534474,T,300.08,160,300.83,40,IBM
2025-12-31,9:37:05.470106264,T,300.08,160,300.86,160,IBM
2025-12-31,9:37:19.548601330,T,300.08,160,300.48,40,IBM
2025-12-31,9:37:19.639918631,T,300.01,40,300.48,40,IBM
2025-12-31,9:37:19.640921103,T,300.01,40,300.47,40,IBM
2025-12-31,9:37:19.654418229,T,300.01,40,300.48,40,IBM
2025-12-31,9:37:20.074849107,T,300.25,80,300.48,40,IBM
2025-12-31,9:37:20.075265131,T,300.25,80,300.48,80,IBM
2025-12-31,9:37:21.760622127,T,300.25,80,300.48,40,IBM
2025-12-31,9:37:29.684430471,T,300.25,80,300.39,40,IBM
2025-12-31,9:37:29.684856550,T,300.25,80,300.39,80,IBM
2025-12-31,9:37:35.325213971,T,300.25,80,300.39,40,IBM
2025-12-31,9:37:38.832278161,T,300.01,40,300.39,40,IBM
2025-12-31,9:37:38.832317964,T,300.01,40,300.32,40,IBM
2025-12-31,9:37:38.832337937,T,300.01,40,300.29,40,IBM
2025-12-31,9:37:38.847213372,T,300.01,40,300.32,40,IBM
2025-12-31,9:37:44.628436187,T,300.01,40,300.31,40,IBM
2025-12-31,9:37:44.628436187,T,300.01,40,300.31,80,IBM
2025-12-31,9:37:44.628496423,T,300.01,40,300.3,40,IBM
2025-12-31,9:37:44.628566512,T,300.01,40,300.29,40,IBM
2025-12-31,9:37:44.628631729,T,300.01,40,300.28,40,IBM
2025-12-31,9:37:44.628696759,T,300.01,40,300.27,40,IBM
2025-12-31,9:37:44.628762026,T,300.01,40,300.26,40,IBM
2025-12-31,9:37:44.628827116,T,300.01,40,300.25,40,IBM
2025-12-31,9:37:44.628872207,T,300.01,40,300.26,80,IBM
2025-12-31,9:37:44.628887252,T,300.01,40,300.23,40,IBM
2025-12-31,9:37:44.628942407,T,300.01,40,300.26,80,IBM
2025-12-31,9:37:44.629007560,T,300.01,40,300.25,40,IBM
2025-12-31,9:37:44.629057648,T,300.01,40,300.26,80,IBM
2025-12-31,9:37:44.629122855,T,300.01,40,300.25,40,IBM
2025-12-31,9:37:44.629177985,T,300.01,40,300.26,80,IBM
2025-12-31,9:37:44.629228149,T,300.01,40,300.25,40,IBM
2025-12-31,9:37:44.629283179,T,300.01,40,300.24,40,IBM
2025-12-31,9:37:44.629338331,T,300.01,40,300.23,40,IBM
2025-12-31,9:37:44.629393470,T,300.01,40,300.22,40,IBM
2025-12-31,9:37:44.629448631,T,300.01,40,300.21,40,IBM
2025-12-31,9:37:44.629458666,T,299.95,160,300.21,40,IBM
2025-12-31,9:37:44.629503697,T,299.95,160,300.2,40,IBM
2025-12-31,9:37:44.629558848,T,299.95,160,300.19,40,IBM
2025-12-31,9:37:44.629613964,T,299.95,160,300.18,40,IBM
2025-12-31,9:37:44.629659064,T,299.95,160,300.19,40,IBM
2025-12-31,9:37:44.629684144,T,299.95,160,300.2,40,IBM
2025-12-31,9:37:44.629709341,T,299.95,160,300.18,40,IBM
2025-12-31,9:37:44.629849638,T,299.95,160,300.17,40,IBM
2025-12-31,9:37:44.629904641,T,299.95,160,300.16,40,IBM
2025-12-31,9:37:44.629969867,T,299.95,160,300.16,80,IBM
2025-12-31,9:37:44.633152402,T,299.45,40,300.16,80,IBM
2025-12-31,9:37:44.633157577,T,299.71,160,300.16,80,IBM
2025-12-31,9:37:44.645988028,T,299.71,160,300.16,120,IBM
2025-12-31,9:37:45.243721044,T,299.71,160,300.14,40,IBM
2025-12-31,9:37:45.255178166,T,299.71,160,300.14,80,IBM
2025-12-31,9:37:46.103663139,T,299.71,160,300.14,40,IBM
2025-12-31,9:37:46.381053490,T,299.71,160,300.13,40,IBM
2025-12-31,9:37:46.381098628,T,299.71,160,300.14,40,IBM
2025-12-31,9:37:46.381138633,T,299.71,160,300.16,40,IBM
2025-12-31,9:37:46.381163780,T,299.71,160,300.13,40,IBM
2025-12-31,9:37:47.908053686,T,299.71,160,300.16,40,IBM
2025-12-31,9:37:47.908073720,T,299.92,40,300.16,40,IBM
2025-12-31,9:37:47.908083824,T,300.02,40,300.16,40,IBM
2025-12-31,9:37:47.908118891,T,300.02,40,300.15,40,IBM
2025-12-31,9:37:47.908173967,T,300.02,40,300.14,40,IBM
2025-12-31,9:37:47.908219177,T,300.02,40,300.15,40,IBM
2025-12-31,9:37:47.908244237,T,300.02,40,300.16,40,IBM
2025-12-31,9:37:47.908274299,T,300.02,40,300.14,40,IBM
2025-12-31,9:37:47.908810580,T,299.71,160,300.14,40,IBM
2025-12-31,9:37:48.080935259,T,299.71,160,300.13,40,IBM
2025-12-31,9:37:48.080980375,T,299.71,160,300.14,40,IBM
2025-12-31,9:37:48.081005391,T,299.71,160,300.16,40,IBM
2025-12-31,9:37:48.081035492,T,299.71,160,300.13,40,IBM
2025-12-31,9:37:48.644140918,T,299.93,40,300.13,40,IBM
2025-12-31,9:37:50.135646621,T,299.93,40,300.16,80,IBM
2025-12-31,9:37:50.135661758,T,299.93,40,300.16,40,IBM
2025-12-31,9:37:50.135706754,T,299.94,40,300.16,40,IBM
2025-12-31,9:37:50.135721826,T,299.93,40,300.16,40,IBM
2025-12-31,9:37:50.136192936,T,300.01,40,300.16,40,IBM
2025-12-31,9:37:50.236652144,T,299.93,40,300.16,40,IBM
2025-12-31,9:37:51.009156225,T,299.71,160,300.16,40,IBM
2025-12-31,9:37:52.336190132,T,300.02,40,300.16,40,IBM
2025-12-31,9:38:02.801985264,T,300.02,40,300.6,160,IBM
2025-12-31,9:38:02.802020485,T,300.03,40,300.6,160,IBM
2025-12-31,9:38:02.802060768,T,300.08,40,300.6,160,IBM
2025-12-31,9:38:02.802255877,T,300.03,40,300.6,160,IBM
2025-12-31,9:38:02.830838935,T,300.02,40,300.6,160,IBM
2025-12-31,9:38:03.711299916,T,299.83,160,300.6,160,IBM
2025-12-31,9:38:04.323336917,T,300.1,40,300.6,160,IBM
2025-12-31,9:38:04.328950230,T,299.83,160,300.6,160,IBM
2025-12-31,9:38:04.328975317,T,299.83,160,300.5,40,IBM
2025-12-31,9:38:04.328975317,T,299.83,160,300.3,40,IBM
2025-12-31,9:38:04.328985299,T,299.83,160,300.29,40,IBM
2025-12-31,9:38:04.329010633,T,299.83,160,300.21,40,IBM
2025-12-31,9:38:04.329080633,T,299.83,160,300.2,40,IBM
2025-12-31,9:38:04.329095658,T,299.83,160,300.21,40,IBM
2025-12-31,9:38:04.343860747,T,299.83,160,300.3,40,IBM
2025-12-31,9:38:04.430963173,T,299.83,160,300.5,40,IBM
2025-12-31,9:38:04.440305326,T,299.83,160,300.2,40,IBM
2025-12-31,9:38:04.600376476,T,299.83,160,300.2,80,IBM
2025-12-31,9:38:06.002353998,T,299.93,40,300.2,80,IBM
2025-12-31,9:38:07.180639013,T,299.93,40,300.2,40,IBM
2025-12-31,9:38:23.984421846,T,299.93,40,300.47,160,IBM
2025-12-31,9:38:27.137132282,T,300.01,40,300.47,160,IBM
2025-12-31,9:38:27.989812093,T,299.93,40,300.47,160,IBM
2025-12-31,9:38:32.950301191,T,299.93,40,300.2,40,IBM
2025-12-31,9:38:32.950476636,T,299.93,40,300.17,40,IBM
2025-12-31,9:38:32.950531736,T,299.93,40,300.16,40,IBM
2025-12-31,9:38:32.950586936,T,299.93,40,300.15,40,IBM
2025-12-31,9:38:32.950637063,T,299.93,40,300.16,40,IBM
2025-12-31,9:38:32.950667071,T,299.93,40,300.17,40,IBM
2025-12-31,9:38:32.950692235,T,299.93,40,300.16,40,IBM
2025-12-31,9:38:32.950717198,T,299.93,40,300.17,40,IBM
2025-12-31,9:38:33.697479886,T,299.93,40,300.2,40,IBM
2025-12-31,9:38:33.697545080,T,299.93,40,300.47,160,IBM
2025-12-31,9:38:33.697570149,T,299.93,40,300.2,40,IBM
2025-12-31,9:38:33.697595163,T,299.93,40,300.47,160,IBM
2025-12-31,9:38:33.697630288,T,299.93,40,300.2,40,IBM
2025-12-31,9:38:33.697685465,T,299.93,40,300.17,40,IBM
2025-12-31,9:38:33.697730539,T,299.93,40,300.2,40,IBM
2025-12-31,9:38:33.697755538,T,299.93,40,300.47,160,IBM
2025-12-31,9:38:33.697780682,T,299.93,40,300.2,40,IBM
2025-12-31,9:38:33.700847909,T,299.93,40,300.47,160,IBM
2025-12-31,9:38:33.700903012,T,299.93,40,300.2,40,IBM
2025-12-31,9:38:33.700943252,T,299.93,40,300.47,160,IBM
2025-12-31,9:38:33.701143673,T,300.02,40,300.47,160,IBM
2025-12-31,9:38:33.716029102,T,299.93,40,300.47,160,IBM
2025-12-31,9:38:33.773706334,T,299.69,200,300.47,160,IBM
2025-12-31,9:38:33.778482791,T,300.02,40,300.47,160,IBM
2025-12-31,9:38:33.778733375,T,300.11,40,300.47,160,IBM
2025-12-31,9:38:33.793368149,T,299.69,240,300.47,160,IBM
2025-12-31,9:38:33.793779174,T,299.69,200,300.47,160,IBM
2025-12-31,9:38:34.687732320,T,300.08,40,300.47,160,IBM
2025-12-31,9:38:43.934820815,T,299.85,200,300.47,160,IBM
2025-12-31,9:38:45.417846362,T,300.17,40,300.47,160,IBM
2025-12-31,9:38:52.063612170,T,300.17,40,300.72,40,IBM
2025-12-31,9:38:52.063612170,T,300.17,40,300.59,200,IBM
2025-12-31,9:39:09.693436515,T,300.22,40,300.59,200,IBM
2025-12-31,9:39:09.693561815,T,300.28,40,300.59,200,IBM
2025-12-31,9:39:09.697621468,T,300.22,40,300.59,200,IBM
2025-12-31,9:39:09.697872105,T,300.17,40,300.59,200,IBM
2025-12-31,9:39:09.697947217,T,300.17,40,300.83,40,IBM
2025-12-31,9:39:09.697952296,T,300.17,40,300.71,160,IBM
2025-12-31,9:39:10.126126492,T,299.97,160,300.71,160,IBM
2025-12-31,9:39:11.190164646,T,300.3,80,300.71,160,IBM
2025-12-31,9:39:11.190375170,T,300.3,120,300.71,160,IBM
2025-12-31,9:39:13.796915039,T,300.3,80,300.71,160,IBM
2025-12-31,9:39:42.396384441,T,300.32,40,300.71,160,IBM
2025-12-31,9:39:42.396394103,T,300.33,40,300.71,160,IBM
2025-12-31,9:39:42.396404146,T,300.32,40,300.71,160,IBM
2025-12-31,9:39:42.396519404,T,300.35,40,300.71,160,IBM
2025-12-31,9:39:42.396835154,T,300.4,40,300.71,160,IBM
2025-12-31,9:39:42.397020643,T,300.41,40,300.71,160,IBM
2025-12-31,9:39:42.397241165,T,300.41,40,301.0,40,IBM
2025-12-31,9:39:42.397251336,T,300.41,40,300.85,160,IBM
2025-12-31,9:39:42.397652024,T,300.3,80,300.85,160,IBM
2025-12-31,9:39:42.397822552,T,300.4,40,300.85,160,IBM
2025-12-31,9:39:42.397852689,T,300.35,40,300.85,160,IBM
2025-12-31,9:39:42.397852689,T,300.4,40,300.85,160,IBM
2025-12-31,9:39:42.398263481,T,300.35,40,300.85,160,IBM
2025-12-31,9:39:42.402037468,T,300.3,80,300.85,160,IBM
2025-12-31,9:39:43.062820599,T,300.0,40,300.85,160,IBM
2025-12-31,9:39:43.770279597,T,300.0,40,300.84,40,IBM
2025-12-31,9:39:43.776835209,T,300.0,40,300.85,160,IBM
2025-12-31,9:39:44.376848605,T,300.46,40,300.85,160,IBM
2025-12-31,9:39:54.125706768,T,300.46,40,300.84,40,IBM
2025-12-31,9:39:54.127911985,T,300.46,40,300.85,160,IBM
2025-12-31,9:39:54.128007240,T,300.46,40,300.84,40,IBM
2025-12-31,9:39:54.132026851,T,300.46,40,300.85,160,IBM
2025-12-31,9:39:54.135159298,T,300.46,40,301.16,40,IBM
2025-12-31,9:39:54.135164236,T,300.46,40,300.97,160,IBM
2025-12-31,9:39:54.179920852,T,300.1,160,300.97,160,IBM
2025-12-31,9:39:54.231633925,T,300.11,40,300.97,160,IBM
2025-12-31,9:39:54.231653939,T,300.13,40,300.97,160,IBM
2025-12-31,9:39:54.231664063,T,300.11,40,300.97,160,IBM
2025-12-31,9:39:55.050227537,T,300.1,160,300.97,160,IBM
2025-12-31,9:39:55.709978190,T,300.53,40,300.97,160,IBM
2025-12-31,9:39:58.348369084,T,300.53,40,300.84,40,IBM
2025-12-31,9:39:58.350183499,T,300.53,40,300.97,160,IBM
2025-12-31,9:39:58.350810022,T,300.53,40,300.84,40,IBM
2025-12-31,9:39:58.354829556,T,300.53,40,300.97,160,IBM
2025-12-31,9:39:58.918852223,T,300.53,40,300.84,40,IBM
2025-12-31,9:39:58.922916899,T,300.53,40,300.97,160,IBM
2025-12-31,9:39:58.923202483,T,300.53,40,300.84,40,IBM
2025-12-31,9:39:58.923237581,T,300.53,40,300.83,40,IBM
2025-12-31,9:39:59.249439232,T,300.53,40,300.73,40,IBM
2025-12-31,9:39:59.249474267,T,300.53,40,300.64,40,IBM
2025-12-31,9:39:59.264324641,T,300.53,40,300.73,40,IBM
2025-12-31,9:39:59.264344638,T,300.53,40,300.83,40,IBM
2025-12-31,9:40:00.326628731,T,300.53,40,300.97,160,IBM
2025-12-31,9:40:01.137945130,T,300.53,40,300.82,40,IBM
2025-12-31,9:40:01.161897212,T,300.53,40,300.72,40,IBM
2025-12-31,9:40:01.162623861,T,300.53,40,300.72,80,IBM
2025-12-31,9:40:01.221083035,T,300.53,40,300.72,40,IBM
2025-12-31,9:40:01.485226995,T,300.53,40,300.82,40,IBM
2025-12-31,9:40:04.356021128,T,300.53,40,300.73,40,IBM
2025-12-31,9:40:04.356026159,T,300.53,40,300.82,40,IBM
2025-12-31,9:40:04.356046213,T,300.53,40,300.72,40,IBM
2025-12-31,9:40:04.356056209,T,300.53,40,300.82,40,IBM
2025-12-31,9:40:04.356071239,T,300.53,40,300.72,40,IBM
2025-12-31,9:40:04.356076316,T,300.53,40,300.82,40,IBM
2025-12-31,9:40:04.356096323,T,300.53,40,300.72,40,IBM
2025-12-31,9:40:04.356106352,T,300.53,40,300.82,40,IBM
2025-12-31,9:40:04.356151394,T,300.53,40,300.72,40,IBM
2025-12-31,9:40:04.356161442,T,300.53,40,300.82,40,IBM
2025-12-31,9:40:04.356206571,T,300.53,40,300.69,40,IBM
2025-12-31,9:40:04.356221580,T,300.53,40,300.82,40,IBM
2025-12-31,9:40:04.356236602,T,300.53,40,300.69,40,IBM
2025-12-31,9:40:04.356236602,T,300.53,40,300.82,40,IBM
2025-12-31,9:40:04.356261615,T,300.53,40,300.68,40,IBM
2025-12-31,9:40:04.356271653,T,300.53,40,300.82,40,IBM
2025-12-31,9:40:04.356316935,T,300.53,40,300.68,40,IBM
2025-12-31,9:40:04.356326856,T,300.53,40,300.82,40,IBM
2025-12-31,9:40:04.356442068,T,300.53,40,300.73,40,IBM
2025-12-31,9:40:04.445248517,T,300.53,40,300.82,40,IBM
2025-12-31,9:40:05.450225824,T,300.53,40,300.68,40,IBM
2025-12-31,9:40:05.450230929,T,300.53,40,300.82,40,IBM
2025-12-31,9:40:05.450230929,T,300.53,40,300.73,40,IBM
2025-12-31,9:40:05.450336185,T,300.23,160,300.73,40,IBM
2025-12-31,9:40:05.450371150,T,300.23,160,300.65,40,IBM
2025-12-31,9:40:05.450396273,T,300.23,160,300.63,40,IBM
2025-12-31,9:40:05.450461501,T,300.23,160,300.62,40,IBM
2025-12-31,9:40:05.450491472,T,300.23,160,300.63,40,IBM
2025-12-31,9:40:05.450491472,T,300.23,160,300.58,40,IBM
2025-12-31,9:40:05.450511589,T,300.23,160,300.63,40,IBM
2025-12-31,9:40:05.450581672,T,300.23,160,300.82,80,IBM
2025-12-31,9:40:05.450591950,T,300.23,160,300.63,40,IBM
2025-12-31,9:40:05.450616743,T,300.23,160,300.73,40,IBM
2025-12-31,9:40:05.450641906,T,300.23,160,300.82,40,IBM
2025-12-31,9:40:05.450661957,T,300.23,160,300.82,80,IBM
2025-12-31,9:40:05.450671910,T,300.23,160,300.82,40,IBM
2025-12-31,9:40:05.451067885,T,300.23,160,300.57,40,IBM
2025-12-31,9:40:05.451102887,T,300.23,160,300.53,40,IBM
2025-12-31,9:40:05.532516833,T,300.23,160,300.53,80,IBM
2025-12-31,9:40:05.681767009,T,300.23,160,300.53,40,IBM
2025-12-31,9:40:07.621835644,T,300.23,160,300.73,40,IBM
2025-12-31,9:40:07.621865750,T,300.23,160,300.82,40,IBM
2025-12-31,9:40:07.622682643,T,300.23,160,300.82,80,IBM
2025-12-31,9:40:07.622702700,T,300.23,160,300.73,40,IBM
2025-12-31,9:40:07.622712751,T,300.23,160,300.82,80,IBM
2025-12-31,9:40:07.622733182,T,300.23,160,300.63,40,IBM
2025-12-31,9:40:07.622788126,T,300.23,160,300.82,80,IBM
2025-12-31,9:40:07.622788126,T,300.23,160,300.63,40,IBM
2025-12-31,9:40:07.622788126,T,300.23,160,300.82,80,IBM
2025-12-31,9:40:07.622792961,T,300.23,160,300.63,40,IBM
2025-12-31,9:40:07.622813004,T,300.23,160,300.6,40,IBM
2025-12-31,9:40:07.622817980,T,300.23,160,300.73,40,IBM
2025-12-31,9:40:07.622843038,T,300.23,160,300.82,40,IBM
2025-12-31,9:40:07.622843038,T,300.23,160,300.73,40,IBM
2025-12-31,9:40:07.622868114,T,300.23,160,300.59,40,IBM
2025-12-31,9:40:07.622873160,T,300.23,160,300.73,40,IBM
2025-12-31,9:40:07.622898571,T,300.23,160,300.82,40,IBM
2025-12-31,9:40:07.622898571,T,300.23,160,300.73,40,IBM
2025-12-31,9:40:07.622918280,T,300.23,160,300.82,80,IBM
2025-12-31,9:40:07.622943356,T,300.23,160,300.82,40,IBM
2025-12-31,9:40:07.623233968,T,300.23,160,300.6,40,IBM
2025-12-31,9:40:07.725322015,T,300.23,160,300.82,40,IBM
2025-12-31,9:40:09.215554553,T,300.23,160,300.82,80,IBM
2025-12-31,9:40:09.215560030,T,300.23,160,300.82,40,IBM
2025-12-31,9:40:09.215579585,T,300.23,160,300.73,40,IBM
2025-12-31,9:40:09.215599540,T,300.23,160,300.82,80,IBM
2025-12-31,9:40:09.215629696,T,300.23,160,300.82,40,IBM
2025-12-31,9:40:09.216817469,T,300.23,160,300.73,40,IBM
2025-12-31,9:40:09.216837540,T,300.23,160,300.82,80,IBM
2025-12-31,9:40:09.216867686,T,300.23,160,300.82,40,IBM
2025-12-31,9:40:09.216932788,T,300.23,160,300.73,40,IBM
2025-12-31,9:40:09.216952918,T,300.23,160,300.82,80,IBM
2025-12-31,9:40:09.216977884,T,300.23,160,300.82,40,IBM
2025-12-31,9:40:09.217038103,T,300.23,160,300.73,40,IBM
2025-12-31,9:40:09.217063137,T,300.23,160,300.82,80,IBM
2025-12-31,9:40:09.217083196,T,300.23,160,300.82,40,IBM
2025-12-31,9:40:09.217238440,T,300.23,160,300.73,40,IBM
2025-12-31,9:40:09.217258526,T,300.23,160,300.82,80,IBM
2025-12-31,9:40:09.217283582,T,300.23,160,300.82,40,IBM
2025-12-31,9:40:09.217338721,T,300.23,160,300.73,40,IBM
2025-12-31,9:40:09.217358745,T,300.23,160,300.82,80,IBM
2025-12-31,9:40:09.217388932,T,300.23,160,300.82,40,IBM
2025-12-31,9:40:09.217439039,T,300.23,160,300.73,40,IBM
2025-12-31,9:40:09.217454064,T,300.23,160,300.82,80,IBM
2025-12-31,9:40:09.217484099,T,300.23,160,300.82,40,IBM
2025-12-31,9:40:09.217534226,T,300.23,160,300.73,40,IBM
2025-12-31,9:40:09.217549310,T,300.23,160,300.82,80,IBM
2025-12-31,9:40:09.217579373,T,300.23,160,300.82,40,IBM
2025-12-31,9:40:09.784143059,T,300.23,160,300.71,40,IBM
2025-12-31,9:40:09.908303770,T,300.23,160,300.82,40,IBM
2025-12-31,9:40:09.984830818,T,300.23,160,300.73,40,IBM
2025-12-31,9:40:10.306957755,T,300.23,160,300.72,40,IBM
2025-12-31,9:40:10.307067962,T,300.23,160,300.73,40,IBM
2025-12-31,9:40:10.307067962,T,300.23,160,300.72,40,IBM
2025-12-31,9:40:10.307123168,T,300.23,160,300.7,40,IBM
2025-12-31,9:40:10.307128109,T,300.23,160,300.72,40,IBM
2025-12-31,9:40:10.307163263,T,300.23,160,300.69,40,IBM
2025-12-31,9:40:10.307168218,T,300.23,160,300.72,40,IBM
2025-12-31,9:40:10.307188281,T,300.23,160,300.73,40,IBM
2025-12-31,9:40:10.307193352,T,300.23,160,300.72,40,IBM
2025-12-31,9:40:10.307218341,T,300.23,160,300.68,40,IBM
2025-12-31,9:40:10.307228336,T,300.23,160,300.72,40,IBM
2025-12-31,9:40:10.307243591,T,300.23,160,300.73,40,IBM
2025-12-31,9:40:10.307243591,T,300.23,160,300.72,40,IBM
2025-12-31,9:40:10.307273471,T,300.23,160,300.68,40,IBM
2025-12-31,9:40:10.307283501,T,300.23,160,300.72,40,IBM
2025-12-31,9:40:10.307303557,T,300.23,160,300.73,40,IBM
2025-12-31,9:40:10.307308539,T,300.23,160,300.72,40,IBM
2025-12-31,9:40:10.307328620,T,300.23,160,300.68,40,IBM
2025-12-31,9:40:10.307338666,T,300.23,160,300.72,40,IBM
2025-12-31,9:40:10.307353646,T,300.23,160,300.68,40,IBM
2025-12-31,9:40:10.307358788,T,300.23,160,300.72,40,IBM
2025-12-31,9:40:10.307358788,T,300.23,160,300.66,40,IBM
2025-12-31,9:40:10.307363682,T,300.23,160,300.72,40,IBM
2025-12-31,9:40:10.307383788,T,300.23,160,300.65,40,IBM
2025-12-31,9:40:10.307393775,T,300.23,160,300.72,40,IBM
2025-12-31,9:40:10.307408875,T,300.23,160,300.65,40,IBM
2025-12-31,9:40:10.307413845,T,300.23,160,300.72,40,IBM
2025-12-31,9:40:10.307448915,T,300.23,160,300.64,40,IBM
2025-12-31,9:40:10.307453936,T,300.23,160,300.72,40,IBM
2025-12-31,9:40:10.307473959,T,300.23,160,300.64,40,IBM
2025-12-31,9:40:10.307478975,T,300.23,160,300.72,40,IBM
2025-12-31,9:40:10.307494117,T,300.23,160,300.64,40,IBM
2025-12-31,9:40:10.307504063,T,300.23,160,300.72,40,IBM
2025-12-31,9:40:10.307524339,T,300.23,160,300.73,40,IBM
2025-12-31,9:40:10.307524339,T,300.23,160,300.72,40,IBM
2025-12-31,9:40:10.307559190,T,300.23,160,300.64,40,IBM
2025-12-31,9:40:10.307574208,T,300.23,160,300.72,40,IBM
2025-12-31,9:40:10.307589244,T,300.23,160,300.64,40,IBM
2025-12-31,9:40:10.307589244,T,300.23,160,300.72,40,IBM
2025-12-31,9:40:10.307589244,T,300.23,160,300.62,40,IBM
2025-12-31,9:40:10.307594272,T,300.23,160,300.72,40,IBM
2025-12-31,9:40:10.307609279,T,300.23,160,300.61,40,IBM
2025-12-31,9:40:10.307619246,T,300.23,160,300.72,40,IBM
2025-12-31,9:40:10.307639604,T,300.23,160,300.73,40,IBM
2025-12-31,9:40:10.307639604,T,300.23,160,300.72,40,IBM
2025-12-31,9:40:10.307669429,T,300.23,160,300.6,40,IBM
2025-12-31,9:40:10.307679488,T,300.23,160,300.72,40,IBM
2025-12-31,9:40:10.307699544,T,300.23,160,300.73,40,IBM
2025-12-31,9:40:10.307699544,T,300.23,160,300.72,40,IBM
2025-12-31,9:40:10.307734619,T,300.23,160,300.6,40,IBM
2025-12-31,9:40:10.307744615,T,300.23,160,300.72,40,IBM
2025-12-31,9:40:10.307764701,T,300.23,160,300.73,40,IBM
2025-12-31,9:40:10.307764701,T,300.23,160,300.72,40,IBM
2025-12-31,9:40:10.307809738,T,300.23,160,300.82,80,IBM
2025-12-31,9:40:10.307834918,T,300.23,160,300.82,40,IBM
2025-12-31,9:40:10.307874892,T,300.23,160,300.82,80,IBM
2025-12-31,9:40:10.307879971,T,300.23,160,300.73,40,IBM
2025-12-31,9:40:10.307900020,T,300.23,160,300.82,80,IBM
2025-12-31,9:40:10.307925090,T,300.23,160,300.82,40,IBM
2025-12-31,9:40:10.385620057,T,300.23,160,300.82,80,IBM
2025-12-31,9:40:10.385625031,T,300.23,160,300.71,40,IBM
2025-12-31,9:40:10.385630099,T,300.23,160,300.73,40,IBM
2025-12-31,9:40:10.385650044,T,300.23,160,300.82,40,IBM
2025-12-31,9:40:10.385650044,T,300.23,160,300.73,40,IBM
2025-12-31,9:40:10.385670141,T,300.23,160,300.7,40,IBM
2025-12-31,9:40:10.385685154,T,300.23,160,300.73,40,IBM
2025-12-31,9:40:10.385700189,T,300.23,160,300.7,40,IBM
2025-12-31,9:40:10.385700189,T,300.23,160,300.73,40,IBM
2025-12-31,9:40:10.385720223,T,300.23,160,300.7,40,IBM
2025-12-31,9:40:10.385730311,T,300.23,160,300.73,40,IBM
2025-12-31,9:40:10.385750318,T,300.23,160,300.82,40,IBM
2025-12-31,9:40:10.385750318,T,300.23,160,300.73,40,IBM
2025-12-31,9:40:10.385775357,T,300.23,160,300.7,40,IBM
2025-12-31,9:40:10.385785375,T,300.23,160,300.73,40,IBM
2025-12-31,9:40:10.385800481,T,300.23,160,300.7,40,IBM
2025-12-31,9:40:10.385800481,T,300.23,160,300.73,40,IBM
2025-12-31,9:40:10.385805483,T,300.23,160,300.67,40,IBM
2025-12-31,9:40:10.385850653,T,300.23,160,300.73,40,IBM
2025-12-31,9:40:10.385850653,T,300.23,160,300.66,40,IBM
2025-12-31,9:40:10.385900686,T,300.23,160,300.73,40,IBM
2025-12-31,9:40:10.385900686,T,300.23,160,300.66,40,IBM
2025-12-31,9:40:10.386006075,T,300.23,160,300.73,40,IBM
2025-12-31,9:40:10.386006075,T,300.23,160,300.82,40,IBM
2025-12-31,9:40:10.386006075,T,300.23,160,300.73,40,IBM
2025-12-31,9:40:10.386025951,T,300.23,160,300.63,40,IBM
2025-12-31,9:40:10.386036086,T,300.23,160,300.73,40,IBM
2025-12-31,9:40:10.386056251,T,300.23,160,300.82,40,IBM
2025-12-31,9:40:10.386056251,T,300.23,160,300.73,40,IBM
2025-12-31,9:40:10.386081073,T,300.23,160,300.62,40,IBM
2025-12-31,9:40:10.386091161,T,300.23,160,300.73,40,IBM
2025-12-31,9:40:10.386106197,T,300.23,160,300.62,40,IBM
2025-12-31,9:40:10.386111186,T,300.23,160,300.73,40,IBM
2025-12-31,9:40:10.386126279,T,300.23,160,300.62,40,IBM
2025-12-31,9:40:10.386141264,T,300.23,160,300.73,40,IBM
2025-12-31,9:40:10.386156350,T,300.23,160,300.82,40,IBM
2025-12-31,9:40:10.386161284,T,300.23,160,300.73,40,IBM
2025-12-31,9:40:10.386181328,T,300.23,160,300.62,40,IBM
2025-12-31,9:40:10.386191327,T,300.23,160,300.73,40,IBM
2025-12-31,9:40:10.386206366,T,300.23,160,300.62,40,IBM
2025-12-31,9:40:10.386211385,T,300.23,160,300.73,40,IBM
2025-12-31,9:40:10.386226435,T,300.23,160,300.62,40,IBM
2025-12-31,9:40:10.386241497,T,300.23,160,300.73,40,IBM
2025-12-31,9:40:10.386256553,T,300.23,160,300.82,40,IBM
2025-12-31,9:40:10.386256553,T,300.23,160,300.73,40,IBM
2025-12-31,9:40:10.386301599,T,300.23,160,300.82,40,IBM
2025-12-31,9:40:10.734610848,T,300.23,160,300.82,80,IBM
2025-12-31,9:40:10.734615859,T,300.23,160,300.82,40,IBM
2025-12-31,9:40:10.734640978,T,300.23,160,300.73,40,IBM
2025-12-31,9:40:10.734661038,T,300.23,160,300.61,40,IBM
2025-12-31,9:40:10.734671066,T,300.23,160,300.73,40,IBM
2025-12-31,9:40:10.734691108,T,300.23,160,300.82,40,IBM
2025-12-31,9:40:10.734691108,T,300.23,160,300.73,40,IBM
2025-12-31,9:40:10.734716105,T,300.23,160,300.61,40,IBM
2025-12-31,9:40:10.734731195,T,300.23,160,300.73,40,IBM
2025-12-31,9:40:10.734746263,T,300.23,160,300.82,40,IBM
2025-12-31,9:40:10.734746263,T,300.23,160,300.73,40,IBM
2025-12-31,9:40:10.734781225,T,300.23,160,300.61,40,IBM
2025-12-31,9:40:10.734796336,T,300.23,160,300.73,40,IBM
2025-12-31,9:40:10.862490296,T,300.23,160,300.61,40,IBM
2025-12-31,9:40:10.862505329,T,300.23,160,300.73,40,IBM
2025-12-31,9:40:10.862545432,T,300.23,160,300.82,40,IBM
2025-12-31,9:40:10.941202674,T,300.23,160,300.73,40,IBM
2025-12-31,9:40:10.941218064,T,300.23,160,300.71,40,IBM
2025-12-31,9:40:10.941242763,T,300.23,160,300.73,40,IBM
2025-12-31,9:40:10.941242763,T,300.23,160,300.7,40,IBM
2025-12-31,9:40:10.941393211,T,300.23,160,300.82,40,IBM
2025-12-31,9:40:10.941393211,T,300.23,160,300.68,40,IBM
2025-12-31,9:40:10.941398194,T,300.23,160,300.67,40,IBM
2025-12-31,9:40:10.941443366,T,300.23,160,300.73,40,IBM
2025-12-31,9:40:10.941443366,T,300.23,160,300.66,40,IBM
2025-12-31,9:40:10.941498350,T,300.23,160,300.73,40,IBM
2025-12-31,9:40:10.941498350,T,300.23,160,300.66,40,IBM
2025-12-31,9:40:10.941598622,T,300.23,160,300.82,40,IBM
2025-12-31,9:40:10.941598622,T,300.23,160,300.73,40,IBM
2025-12-31,9:40:10.941603618,T,300.23,160,300.82,40,IBM
2025-12-31,9:40:10.941603618,T,300.23,160,300.73,40,IBM
2025-12-31,9:40:10.941623649,T,300.23,160,300.63,40,IBM
2025-12-31,9:40:10.941633712,T,300.23,160,300.73,40,IBM
2025-12-31,9:40:10.941648678,T,300.23,160,300.82,40,IBM
2025-12-31,9:40:10.941648678,T,300.23,160,300.73,40,IBM
2025-12-31,9:40:10.941673804,T,300.23,160,300.62,40,IBM
2025-12-31,9:40:10.941683900,T,300.23,160,300.73,40,IBM
2025-12-31,9:40:10.941698863,T,300.23,160,300.62,40,IBM
2025-12-31,9:40:10.941703851,T,300.23,160,300.73,40,IBM
2025-12-31,9:40:10.941718911,T,300.23,160,300.62,40,IBM
2025-12-31,9:40:10.941728929,T,300.23,160,300.73,40,IBM
2025-12-31,9:40:10.941744024,T,300.23,160,300.82,40,IBM
2025-12-31,9:40:10.941744024,T,300.23,160,300.73,40,IBM
2025-12-31,9:40:10.941768997,T,300.23,160,300.62,40,IBM
2025-12-31,9:40:10.941779028,T,300.23,160,300.73,40,IBM
2025-12-31,9:40:10.941794098,T,300.23,160,300.62,40,IBM
2025-12-31,9:40:10.941799111,T,300.23,160,300.73,40,IBM
2025-12-31,9:40:10.941819111,T,300.23,160,300.62,40,IBM
2025-12-31,9:40:10.941829110,T,300.23,160,300.73,40,IBM
2025-12-31,9:40:10.941844411,T,300.23,160,300.82,40,IBM
2025-12-31,9:40:10.941849243,T,300.23,160,300.73,40,IBM
2025-12-31,9:40:10.941894307,T,300.23,160,300.82,40,IBM
2025-12-31,9:40:11.017183548,T,300.23,160,300.73,40,IBM
2025-12-31,9:40:11.017218692,T,300.23,160,300.61,40,IBM
2025-12-31,9:40:11.017268868,T,300.23,160,300.73,40,IBM
2025-12-31,9:40:11.017268868,T,300.23,160,300.61,40,IBM
2025-12-31,9:40:11.017373994,T,300.23,160,300.73,40,IBM
2025-12-31,9:40:11.017373994,T,300.23,160,300.61,40,IBM
2025-12-31,9:40:11.017419047,T,300.23,160,300.82,80,IBM
2025-12-31,9:40:11.017439153,T,300.23,160,300.73,40,IBM
2025-12-31,9:40:11.017449162,T,300.23,160,300.82,40,IBM
2025-12-31,9:40:11.017474186,T,300.23,160,300.82,80,IBM
2025-12-31,9:40:11.238781163,T,300.23,160,300.82,40,IBM
2025-12-31,9:40:11.238866357,T,300.23,160,300.73,40,IBM
2025-12-31,9:40:11.238916388,T,300.23,160,300.68,40,IBM
2025-12-31,9:40:11.238966568,T,300.23,160,300.73,40,IBM
2025-12-31,9:40:11.238966568,T,300.23,160,300.68,40,IBM
2025-12-31,9:40:11.239011653,T,300.23,160,300.82,80,IBM
2025-12-31,9:40:11.239036724,T,300.23,160,300.73,40,IBM
2025-12-31,9:40:11.239036724,T,300.23,160,300.82,40,IBM
2025-12-31,9:40:11.239061773,T,300.23,160,300.82,80,IBM
2025-12-31,9:40:11.239086825,T,300.23,160,300.73,40,IBM
2025-12-31,9:40:11.239096874,T,300.23,160,300.82,80,IBM
2025-12-31,9:40:12.764633495,T,300.23,160,300.72,40,IBM
2025-12-31,9:40:16.421960049,T,300.23,160,300.75,40,IBM
2025-12-31,9:40:16.421985143,T,300.23,160,300.73,40,IBM
2025-12-31,9:40:16.422020260,T,300.23,160,300.72,40,IBM
2025-12-31,9:40:16.422080369,T,300.23,160,300.68,40,IBM
2025-12-31,9:40:16.422130598,T,300.23,160,300.72,40,IBM
2025-12-31,9:40:16.422130598,T,300.23,160,300.68,40,IBM
2025-12-31,9:40:16.422180666,T,300.23,160,300.65,40,IBM
2025-12-31,9:40:16.422235707,T,300.23,160,300.72,40,IBM
2025-12-31,9:40:16.422235707,T,300.23,160,300.64,40,IBM
2025-12-31,9:40:16.422285859,T,300.23,160,300.72,40,IBM
2025-12-31,9:40:16.422285859,T,300.23,160,300.64,40,IBM
2025-12-31,9:40:16.422386061,T,300.23,160,300.73,40,IBM
2025-12-31,9:40:16.422391277,T,300.23,160,300.62,40,IBM
2025-12-31,9:40:16.422391277,T,300.23,160,300.72,40,IBM
2025-12-31,9:40:16.422391277,T,300.23,160,300.61,40,IBM
2025-12-31,9:40:16.422441325,T,300.23,160,300.6,40,IBM
2025-12-31,9:40:16.422491319,T,300.23,160,300.72,40,IBM
2025-12-31,9:40:16.422491319,T,300.23,160,300.6,40,IBM
2025-12-31,9:40:16.422541435,T,300.23,160,300.72,40,IBM
2025-12-31,9:40:16.422566785,T,300.23,160,300.73,40,IBM
2025-12-31,9:40:16.422586619,T,300.23,160,300.75,40,IBM
2025-12-31,9:40:16.422591569,T,300.23,160,300.72,40,IBM
2025-12-31,9:40:16.443040276,T,300.23,160,300.75,40,IBM
2025-12-31,9:40:16.443105475,T,300.23,160,300.73,40,IBM
2025-12-31,9:40:16.443105475,T,300.23,160,300.72,40,IBM
2025-12-31,9:40:16.443135573,T,300.23,160,300.71,40,IBM
2025-12-31,9:40:16.443150565,T,300.23,160,300.72,40,IBM
2025-12-31,9:40:16.443155578,T,300.23,160,300.7,40,IBM
2025-12-31,9:40:16.443255829,T,300.23,160,300.72,40,IBM
2025-12-31,9:40:16.443255829,T,300.23,160,300.7,40,IBM
2025-12-31,9:40:16.443306255,T,300.23,160,300.72,40,IBM
2025-12-31,9:40:16.443306255,T,300.23,160,300.67,40,IBM
2025-12-31,9:40:16.443351060,T,300.23,160,300.66,40,IBM
2025-12-31,9:40:16.443406155,T,300.23,160,300.72,40,IBM
2025-12-31,9:40:16.443406155,T,300.23,160,300.66,40,IBM
2025-12-31,9:40:16.443511809,T,300.23,160,300.73,40,IBM
2025-12-31,9:40:16.443511809,T,300.23,160,300.64,40,IBM
2025-12-31,9:40:16.443511809,T,300.23,160,300.72,40,IBM
2025-12-31,9:40:16.443516437,T,300.23,160,300.63,40,IBM
2025-12-31,9:40:16.443562148,T,300.23,160,300.72,40,IBM
2025-12-31,9:40:16.443562148,T,300.23,160,300.62,40,IBM
2025-12-31,9:40:16.443616606,T,300.23,160,300.72,40,IBM
2025-12-31,9:40:16.443616606,T,300.23,160,300.62,40,IBM
2025-12-31,9:40:16.443712035,T,300.23,160,300.72,40,IBM
2025-12-31,9:40:16.443716871,T,300.23,160,300.62,40,IBM
2025-12-31,9:40:16.443761994,T,300.23,160,300.72,40,IBM
2025-12-31,9:40:16.443782092,T,300.23,160,300.73,40,IBM
2025-12-31,9:40:16.443802069,T,300.23,160,300.75,40,IBM
2025-12-31,9:40:16.443807080,T,300.23,160,300.72,40,IBM
2025-12-31,9:40:16.443852289,T,300.23,160,300.75,40,IBM
2025-12-31,9:40:19.096928220,T,300.23,160,300.73,40,IBM
2025-12-31,9:40:19.096948230,T,300.23,160,300.75,40,IBM
2025-12-31,9:40:19.097023454,T,300.23,160,300.73,40,IBM
2025-12-31,9:40:19.097043501,T,300.23,160,300.75,40,IBM
2025-12-31,9:40:19.097123692,T,300.23,160,300.73,40,IBM
2025-12-31,9:40:19.097143773,T,300.23,160,300.75,40,IBM
2025-12-31,9:40:19.097213888,T,300.23,160,300.73,40,IBM
2025-12-31,9:40:19.097238981,T,300.23,160,300.75,40,IBM
2025-12-31,9:40:19.097309119,T,300.23,160,300.73,40,IBM
2025-12-31,9:40:19.097334193,T,300.23,160,300.75,40,IBM
2025-12-31,9:40:19.097404371,T,300.23,160,300.73,40,IBM
2025-12-31,9:40:19.097424396,T,300.23,160,300.75,40,IBM
2025-12-31,9:40:19.097499670,T,300.23,160,300.73,40,IBM
2025-12-31,9:40:19.097519572,T,300.23,160,300.75,40,IBM
2025-12-31,9:40:19.097594785,T,300.23,160,300.73,40,IBM
2025-12-31,9:40:19.097609811,T,300.23,160,300.75,40,IBM
2025-12-31,9:40:19.097684996,T,300.23,160,300.73,40,IBM
2025-12-31,9:40:19.097710117,T,300.23,160,300.75,40,IBM
2025-12-31,9:40:19.097780220,T,300.23,160,300.73,40,IBM
2025-12-31,9:40:19.097800287,T,300.23,160,300.75,40,IBM
2025-12-31,9:40:19.097875421,T,300.23,160,300.73,40,IBM
2025-12-31,9:40:19.097895614,T,300.23,160,300.75,40,IBM
2025-12-31,9:40:19.097965687,T,300.23,160,300.73,40,IBM
2025-12-31,9:40:19.097985692,T,300.23,160,300.75,40,IBM
2025-12-31,9:40:19.098060940,T,300.23,160,300.73,40,IBM
2025-12-31,9:40:19.098076028,T,300.23,160,300.75,40,IBM
2025-12-31,9:40:19.098161095,T,300.23,160,300.73,40,IBM
2025-12-31,9:40:19.098176224,T,300.23,160,300.75,40,IBM
2025-12-31,9:40:19.098256372,T,300.23,160,300.73,40,IBM
2025-12-31,9:40:19.098276387,T,300.23,160,300.75,40,IBM
2025-12-31,9:40:19.098346551,T,300.23,160,300.73,40,IBM
2025-12-31,9:40:19.098366578,T,300.23,160,300.75,40,IBM
2025-12-31,9:40:19.098441803,T,300.23,160,300.73,40,IBM
2025-12-31,9:40:19.098461886,T,300.23,160,300.75,40,IBM
2025-12-31,9:40:19.098531982,T,300.23,160,300.73,40,IBM
2025-12-31,9:40:19.098552083,T,300.23,160,300.75,40,IBM
2025-12-31,9:40:19.098627242,T,300.23,160,300.73,40,IBM
2025-12-31,9:40:19.098647325,T,300.23,160,300.75,40,IBM
2025-12-31,9:40:19.098722494,T,300.23,160,300.73,40,IBM
2025-12-31,9:40:19.098742521,T,300.23,160,300.75,40,IBM
2025-12-31,9:40:19.098817790,T,300.23,160,300.73,40,IBM
2025-12-31,9:40:19.098837732,T,300.23,160,300.75,40,IBM
2025-12-31,9:40:19.098912951,T,300.23,160,300.73,40,IBM
2025-12-31,9:40:19.098933080,T,300.23,160,300.75,40,IBM
2025-12-31,9:40:19.135605341,T,300.23,160,300.73,40,IBM
2025-12-31,9:40:19.135620384,T,300.23,160,300.75,40,IBM
2025-12-31,9:40:19.135700550,T,300.23,160,300.73,40,IBM
2025-12-31,9:40:19.135715537,T,300.23,160,300.75,40,IBM
2025-12-31,9:40:19.135790730,T,300.23,160,300.73,40,IBM
2025-12-31,9:40:19.135810757,T,300.23,160,300.75,40,IBM
2025-12-31,9:40:19.135886007,T,300.23,160,300.73,40,IBM
2025-12-31,9:40:19.135905968,T,300.23,160,300.75,40,IBM
2025-12-31,9:40:19.135981164,T,300.23,160,300.73,40,IBM
2025-12-31,9:40:19.136001175,T,300.23,160,300.75,40,IBM
2025-12-31,9:40:19.136076427,T,300.23,160,300.73,40,IBM
2025-12-31,9:40:19.136091369,T,300.23,160,300.75,40,IBM
2025-12-31,9:40:19.136171685,T,300.23,160,300.73,40,IBM
2025-12-31,9:40:19.136191670,T,300.23,160,300.75,40,IBM
2025-12-31,9:40:19.136266845,T,300.23,160,300.73,40,IBM
2025-12-31,9:40:19.136286980,T,300.23,160,300.75,40,IBM
2025-12-31,9:40:19.136357068,T,300.23,160,300.73,40,IBM
2025-12-31,9:40:19.136377117,T,300.23,160,300.75,40,IBM
2025-12-31,9:40:19.136452321,T,300.23,160,300.73,40,IBM
2025-12-31,9:40:19.136472334,T,300.23,160,300.75,40,IBM
2025-12-31,9:40:20.369021674,T,300.23,160,300.73,40,IBM
2025-12-31,9:40:20.369036694,T,300.23,160,300.75,40,IBM
2025-12-31,9:40:20.369121959,T,300.23,160,300.73,40,IBM
2025-12-31,9:40:20.369141925,T,300.23,160,300.75,40,IBM
2025-12-31,9:40:20.369217170,T,300.23,160,300.73,40,IBM
2025-12-31,9:40:20.369237244,T,300.23,160,300.75,40,IBM
2025-12-31,9:40:20.369312418,T,300.23,160,300.73,40,IBM
2025-12-31,9:40:20.369327505,T,300.23,160,300.75,40,IBM
2025-12-31,9:40:20.369407623,T,300.23,160,300.73,40,IBM
2025-12-31,9:40:20.369427732,T,300.23,160,300.75,40,IBM
2025-12-31,9:40:20.369502882,T,300.23,160,300.73,40,IBM
2025-12-31,9:40:20.369522945,T,300.23,160,300.75,40,IBM
2025-12-31,9:40:20.369598101,T,300.23,160,300.73,40,IBM
2025-12-31,9:40:20.369618064,T,300.23,160,300.75,40,IBM
2025-12-31,9:40:20.369693261,T,300.23,160,300.73,40,IBM
2025-12-31,9:40:20.369713341,T,300.23,160,300.75,40,IBM
2025-12-31,9:40:20.369788499,T,300.23,160,300.73,40,IBM
2025-12-31,9:40:20.369808501,T,300.23,160,300.75,40,IBM
2025-12-31,9:40:20.369883754,T,300.23,160,300.73,40,IBM
2025-12-31,9:40:20.369903802,T,300.23,160,300.75,40,IBM
2025-12-31,9:40:20.369978920,T,300.23,160,300.73,40,IBM
2025-12-31,9:40:20.369994324,T,300.23,160,300.75,40,IBM
2025-12-31,9:40:20.370074224,T,300.23,160,300.73,40,IBM
2025-12-31,9:40:20.370094278,T,300.23,160,300.75,40,IBM
2025-12-31,9:40:20.370169481,T,300.23,160,300.73,40,IBM
2025-12-31,9:40:20.370189479,T,300.23,160,300.75,40,IBM
2025-12-31,9:40:20.370264716,T,300.23,160,300.73,40,IBM
2025-12-31,9:40:20.370284640,T,300.23,160,300.75,40,IBM
2025-12-31,9:40:42.176691652,T,300.23,160,300.84,40,IBM
2025-12-31,9:40:42.177252993,T,300.23,160,300.73,40,IBM
2025-12-31,9:40:45.524371153,T,300.48,40,300.73,40,IBM
2025-12-31,9:40:45.742756042,T,300.48,40,300.85,160,IBM
2025-12-31,9:40:45.743156968,T,300.48,40,300.63,40,IBM
2025-12-31,9:41:01.334549168,T,300.23,160,300.63,40,IBM
2025-12-31,9:41:01.334584315,T,300.23,160,300.51,40,IBM
2025-12-31,9:41:01.335010303,T,300.23,160,300.51,80,IBM
2025-12-31,9:41:01.336553969,T,300.23,160,300.5,40,IBM
2025-12-31,9:41:01.337962251,T,300.23,160,300.49,40,IBM
2025-12-31,9:41:01.339330542,T,300.23,160,300.48,40,IBM
2025-12-31,9:41:01.361839166,T,300.23,160,300.48,80,IBM
2025-12-31,9:41:01.365147022,T,299.89,40,300.48,80,IBM
2025-12-31,9:41:01.365156999,T,300.09,160,300.48,80,IBM
2025-12-31,9:41:05.522373664,T,300.09,160,300.48,40,IBM
2025-12-31,9:41:06.787079281,T,300.09,160,300.46,40,IBM
2025-12-31,9:41:07.075962040,T,300.09,160,300.46,80,IBM
2025-12-31,9:41:12.786531761,T,300.09,160,300.45,40,IBM
2025-12-31,9:41:15.664643122,T,300.09,160,300.45,80,IBM
2025-12-31,9:41:15.795529727,T,300.31,40,300.45,80,IBM
2025-12-31,9:41:15.795535219,T,300.31,40,300.45,40,IBM
2025-12-31,9:41:15.795539713,T,300.31,40,300.46,40,IBM
2025-12-31,9:41:15.795544726,T,300.31,40,300.45,40,IBM
2025-12-31,9:41:15.795549835,T,300.31,40,300.46,40,IBM
2025-12-31,9:41:15.795559806,T,300.31,40,300.84,40,IBM
2025-12-31,9:41:15.795569780,T,300.09,160,300.84,40,IBM
2025-12-31,9:41:15.795815434,T,300.09,160,300.74,160,IBM
2025-12-31,9:41:15.804801811,T,300.38,40,300.74,160,IBM
2025-12-31,9:41:15.804826894,T,300.39,40,300.74,160,IBM
2025-12-31,9:41:15.804836851,T,300.38,40,300.74,160,IBM
2025-12-31,9:41:15.804856999,T,300.09,160,300.74,160,IBM
2025-12-31,9:41:15.804856999,T,300.45,40,300.74,160,IBM
2025-12-31,9:41:15.805989666,T,300.45,40,300.95,40,IBM
2025-12-31,9:41:15.819687216,T,300.09,160,300.95,40,IBM
2025-12-31,9:41:15.905426346,T,300.09,160,300.87,160,IBM
2025-12-31,9:41:16.210612939,T,300.1,40,300.87,160,IBM
2025-12-31,9:41:16.210637993,T,300.11,40,300.87,160,IBM
2025-12-31,9:41:16.210642938,T,300.1,40,300.87,160,IBM
2025-12-31,9:41:16.210668049,T,300.41,40,300.87,160,IBM
2025-12-31,9:41:16.210672970,T,300.11,40,300.87,160,IBM
2025-12-31,9:41:16.210688115,T,300.41,40,300.87,160,IBM
2025-12-31,9:41:16.210698088,T,300.11,40,300.87,160,IBM
2025-12-31,9:41:16.210718166,T,300.09,160,300.87,160,IBM
2025-12-31,9:41:16.210723149,T,300.11,40,300.87,160,IBM
2025-12-31,9:41:16.210723149,T,300.1,40,300.87,160,IBM
2025-12-31,9:41:16.210743258,T,300.11,40,300.87,160,IBM
2025-12-31,9:41:16.210753178,T,300.1,40,300.87,160,IBM
2025-12-31,9:41:16.210758273,T,300.11,40,300.87,160,IBM
2025-12-31,9:41:16.210763220,T,300.41,40,300.87,160,IBM
2025-12-31,9:41:16.210773231,T,300.11,40,300.87,160,IBM
2025-12-31,9:41:16.210778366,T,300.1,40,300.87,160,IBM
2025-12-31,9:41:16.210813365,T,300.11,40,300.87,160,IBM
2025-12-31,9:41:16.210873471,T,300.41,40,300.87,160,IBM
2025-12-31,9:41:16.210933613,T,300.11,40,300.87,160,IBM
2025-12-31,9:41:16.210933613,T,300.41,40,300.87,160,IBM
2025-12-31,9:41:16.211064289,T,300.11,40,300.87,160,IBM
2025-12-31,9:41:16.211089064,T,300.1,40,300.87,160,IBM
2025-12-31,9:41:16.211124072,T,300.11,40,300.87,160,IBM
2025-12-31,9:41:16.211149180,T,300.48,40,300.87,160,IBM
2025-12-31,9:41:16.211159218,T,300.11,40,300.87,160,IBM
2025-12-31,9:41:16.211775730,T,300.1,40,300.87,160,IBM
2025-12-31,9:41:16.212612669,T,300.11,40,300.87,160,IBM
2025-12-31,9:41:16.214587385,T,300.26,40,300.87,160,IBM
2025-12-31,9:41:16.215905483,T,300.11,40,300.87,160,IBM
2025-12-31,9:41:16.215910435,T,300.1,40,300.87,160,IBM
2025-12-31,9:41:16.215930694,T,300.1,40,300.72,40,IBM
2025-12-31,9:41:16.215935649,T,300.09,160,300.72,40,IBM
2025-12-31,9:41:16.230815944,T,300.09,160,300.79,40,IBM
2025-12-31,9:41:16.313577994,T,300.09,160,300.82,40,IBM
2025-12-31,9:41:16.317823137,T,300.09,160,300.83,40,IBM
2025-12-31,9:41:16.317843186,T,300.09,160,300.84,40,IBM
2025-12-31,9:41:23.935638345,T,300.1,40,300.84,40,IBM
2025-12-31,9:41:30.255899745,T,300.1,40,300.83,40,IBM
2025-12-31,9:41:34.610556328,T,300.1,40,300.84,40,IBM
2025-12-31,9:41:34.687063399,T,300.31,40,300.84,40,IBM
2025-12-31,9:41:34.947859243,T,300.31,80,300.84,40,IBM
2025-12-31,9:41:34.947869299,T,300.4,40,300.84,40,IBM
2025-12-31,9:41:34.947879290,T,300.31,80,300.84,40,IBM
2025-12-31,9:41:34.947894358,T,300.4,40,300.84,40,IBM
2025-12-31,9:41:34.947894358,T,300.31,80,300.84,40,IBM
2025-12-31,9:41:34.947904390,T,300.31,40,300.84,40,IBM
2025-12-31,9:41:36.422881045,T,300.31,40,300.75,40,IBM
2025-12-31,9:41:56.345183011,T,300.21,160,300.75,40,IBM
2025-12-31,9:42:22.678135882,T,300.21,160,300.63,40,IBM
2025-12-31,9:42:22.678286292,T,300.21,160,300.58,40,IBM
2025-12-31,9:42:22.678551950,T,300.21,160,300.57,40,IBM
2025-12-31,9:42:22.680256026,T,300.21,160,300.58,40,IBM
2025-12-31,9:42:22.682721865,T,300.21,160,300.75,40,IBM
2025-12-31,9:42:22.713460029,T,300.21,160,300.83,40,IBM
2025-12-31,9:42:22.800276674,T,300.21,160,300.79,40,IBM
2025-12-31,9:42:22.800301754,T,300.21,160,300.62,40,IBM
2025-12-31,9:42:22.800311740,T,300.21,160,300.79,40,IBM
2025-12-31,9:42:22.975438741,T,300.21,160,300.83,40,IBM
2025-12-31,9:42:22.975458777,T,300.21,160,300.84,40,IBM
2025-12-31,9:42:22.975483805,T,300.21,160,300.83,40,IBM
2025-12-31,9:42:23.053233910,T,300.21,160,300.79,40,IBM
2025-12-31,9:42:23.053253923,T,300.21,160,300.62,40,IBM
2025-12-31,9:42:23.053263914,T,300.21,160,300.79,40,IBM
2025-12-31,9:42:24.447984261,T,300.21,160,300.83,40,IBM
2025-12-31,9:42:24.448004323,T,300.21,160,300.84,40,IBM
2025-12-31,9:42:24.448029335,T,300.21,160,300.83,40,IBM
2025-12-31,9:42:24.485899456,T,300.21,160,300.79,40,IBM
2025-12-31,9:42:41.589421365,T,300.21,160,300.63,40,IBM
2025-12-31,9:42:41.590012827,T,300.21,160,300.63,80,IBM
2025-12-31,9:42:41.653483886,T,300.21,160,300.63,40,IBM
2025-12-31,9:42:41.653955129,T,300.21,160,300.63,80,IBM
2025-12-31,9:42:42.634168573,T,300.21,160,300.63,40,IBM
2025-12-31,9:42:47.693613396,T,300.21,160,300.79,40,IBM
2025-12-31,9:42:48.814511849,T,300.21,160,300.83,40,IBM
2025-12-31,9:43:05.855825439,T,300.21,160,300.84,40,IBM
2025-12-31,9:43:05.932858810,T,300.21,160,300.83,40,IBM
2025-12-31,9:43:06.048930203,T,300.21,160,300.79,40,IBM
2025-12-31,9:43:06.048940330,T,300.21,160,300.83,40,IBM
2025-12-31,9:43:15.054844567,T,300.21,160,300.79,40,IBM
2025-12-31,9:43:15.061259811,T,300.21,160,300.83,40,IBM
2025-12-31,9:43:15.069805112,T,300.21,160,300.84,40,IBM
2025-12-31,9:43:15.724844627,T,300.27,40,300.84,40,IBM
2025-12-31,9:43:15.725150291,T,300.27,40,300.83,40,IBM
2025-12-31,9:43:15.725591341,T,300.27,40,300.84,40,IBM
2025-12-31,9:43:15.725591341,T,300.21,200,300.84,40,IBM
2025-12-31,9:43:15.725636472,T,300.27,40,300.84,40,IBM
2025-12-31,9:43:15.725641459,T,300.27,40,300.83,40,IBM
2025-12-31,9:43:15.725681631,T,300.21,160,300.83,40,IBM
2025-12-31,9:43:25.131969175,T,300.21,160,300.84,40,IBM
2025-12-31,9:43:25.132069487,T,300.21,160,300.83,40,IBM
2025-12-31,9:43:25.132099563,T,300.21,160,300.84,40,IBM
2025-12-31,9:43:25.132124535,T,300.44,40,300.84,40,IBM
2025-12-31,9:43:25.132365079,T,300.52,40,300.84,40,IBM
2025-12-31,9:43:25.132500482,T,300.57,40,300.84,40,IBM
2025-12-31,9:43:25.133437733,T,300.57,40,300.99,200,IBM
2025-12-31,9:43:25.137717869,T,300.21,200,300.99,200,IBM
2025-12-31,9:43:25.137737901,T,300.21,160,300.99,200,IBM
2025-12-31,9:43:27.572008339,T,300.21,200,300.99,200,IBM
2025-12-31,9:43:27.572253854,T,300.44,40,300.99,200,IBM
2025-12-31,9:43:27.572263812,T,300.48,40,300.99,200,IBM
2025-12-31,9:43:27.572274345,T,300.55,40,300.99,200,IBM
2025-12-31,9:43:27.572288883,T,300.48,40,300.99,200,IBM
2025-12-31,9:43:27.572313891,T,300.7,40,300.99,200,IBM
2025-12-31,9:43:27.573090765,T,300.7,80,300.99,200,IBM
2025-12-31,9:43:27.573847567,T,300.7,40,300.99,200,IBM
2025-12-31,9:43:27.573967844,T,300.7,40,301.25,80,IBM
2025-12-31,9:43:27.573972960,T,300.7,40,301.12,160,IBM
2025-12-31,9:43:27.813738614,T,300.38,40,301.12,160,IBM
2025-12-31,9:43:27.941407601,T,300.37,40,301.12,160,IBM
2025-12-31,9:43:27.941482953,T,300.38,40,301.12,160,IBM
2025-12-31,9:43:27.941507778,T,300.42,40,301.12,160,IBM
2025-12-31,9:43:27.941517882,T,300.38,40,301.12,160,IBM
2025-12-31,9:43:27.941883666,T,300.37,40,301.12,160,IBM
2025-12-31,9:43:27.942429976,T,300.38,40,301.12,160,IBM
2025-12-31,9:43:27.942455110,T,300.42,40,301.12,160,IBM
2025-12-31,9:43:27.942465134,T,300.38,40,301.12,160,IBM
2025-12-31,9:43:28.747195852,T,300.39,40,301.12,160,IBM
2025-12-31,9:43:29.852672439,T,300.73,40,301.12,160,IBM
2025-12-31,9:43:31.469542022,T,300.73,40,300.9,40,IBM
2025-12-31,9:43:31.484427098,T,300.73,40,301.12,160,IBM
2025-12-31,9:43:46.215851872,T,300.73,40,300.94,40,IBM
2025-12-31,9:43:46.215876818,T,300.73,40,301.12,160,IBM
2025-12-31,9:44:28.488611453,T,300.73,40,301.0,40,IBM
2025-12-31,9:44:28.489348254,T,300.73,40,300.8,40,IBM
2025-12-31,9:44:28.489503506,T,300.45,160,300.8,40,IBM
2025-12-31,9:44:28.489643916,T,300.45,160,300.91,40,IBM
2025-12-31,9:44:28.489679021,T,300.45,160,300.91,80,IBM
2025-12-31,9:44:28.489789223,T,300.45,160,300.91,40,IBM
2025-12-31,9:44:28.489844416,T,300.45,160,300.8,40,IBM
2025-12-31,9:44:28.490019729,T,300.52,40,300.8,40,IBM
2025-12-31,9:44:28.568321202,T,300.52,40,300.91,40,IBM
2025-12-31,9:44:28.568321202,T,300.52,40,301.0,40,IBM
2025-12-31,9:44:28.569869809,T,300.45,160,301.0,40,IBM
2025-12-31,9:44:31.627498950,T,300.45,160,301.12,160,IBM
2025-12-31,9:44:31.627534124,T,300.45,160,300.93,40,IBM
2025-12-31,9:45:01.366580993,T,300.45,160,300.9,40,IBM
2025-12-31,9:45:01.366585619,T,300.45,160,300.93,40,IBM
2025-12-31,9:45:10.037342326,T,300.45,160,300.9,40,IBM
2025-12-31,9:45:10.037342326,T,300.45,160,300.88,40,IBM
2025-12-31,9:45:10.037773526,T,300.45,160,300.78,40,IBM
2025-12-31,9:45:10.038424938,T,300.45,160,300.88,120,IBM
2025-12-31,9:45:10.038439990,T,300.45,160,300.88,80,IBM
2025-12-31,9:45:10.038485091,T,300.45,160,300.78,40,IBM
2025-12-31,9:45:10.038500155,T,300.45,160,300.88,120,IBM
2025-12-31,9:45:10.038510131,T,300.45,160,300.88,80,IBM
2025-12-31,9:45:10.038510131,T,300.45,160,300.88,120,IBM
2025-12-31,9:45:10.038745735,T,300.19,40,300.88,120,IBM
2025-12-31,9:45:10.038755744,T,300.31,200,300.88,120,IBM
2025-12-31,9:45:10.038996329,T,300.31,200,300.88,80,IBM
2025-12-31,9:45:10.039131692,T,300.31,200,300.88,120,IBM
2025-12-31,9:45:10.124900899,T,300.31,200,300.88,80,IBM
2025-12-31,9:45:10.125191447,T,300.31,200,300.88,40,IBM
2025-12-31,9:45:10.139104557,T,300.31,200,300.93,40,IBM
2025-12-31,9:45:11.247282697,T,300.31,200,300.97,40,IBM
2025-12-31,9:45:11.718208807,T,300.31,200,300.83,40,IBM
2025-12-31,9:45:11.718213842,T,300.31,200,300.97,40,IBM
2025-12-31,9:45:11.718238822,T,300.31,200,300.83,40,IBM
2025-12-31,9:45:11.718414267,T,300.31,200,300.83,80,IBM
2025-12-31,9:45:11.718479932,T,300.31,200,300.83,120,IBM
2025-12-31,9:45:11.718484497,T,300.31,200,300.83,80,IBM
2025-12-31,9:45:11.730603343,T,300.31,200,300.83,40,IBM
2025-12-31,9:45:11.730613330,T,300.31,200,300.97,40,IBM
2025-12-31,9:45:12.036110545,T,300.31,200,300.97,80,IBM
2025-12-31,9:45:12.036115700,T,300.31,200,300.75,40,IBM
2025-12-31,9:45:12.036140607,T,300.31,200,300.64,40,IBM
2025-12-31,9:45:12.040175240,T,300.31,200,300.97,80,IBM
2025-12-31,9:45:12.040445858,T,300.31,200,300.91,40,IBM
2025-12-31,9:45:12.302349373,T,300.31,200,300.64,40,IBM
2025-12-31,9:45:12.302434465,T,300.31,200,300.62,40,IBM
2025-12-31,9:45:12.302459601,T,300.31,200,300.57,40,IBM
2025-12-31,9:45:12.303657437,T,300.16,40,300.57,40,IBM
2025-12-31,9:45:12.317345028,T,300.16,40,300.95,40,IBM
2025-12-31,9:45:12.317395095,T,300.16,40,300.97,40,IBM
2025-12-31,9:45:12.318252140,T,300.32,80,300.97,40,IBM
2025-12-31,9:45:12.318262138,T,300.32,80,300.95,40,IBM
2025-12-31,9:45:12.417703897,T,300.32,80,300.97,40,IBM
2025-12-31,9:45:17.769800268,T,300.32,80,300.87,160,IBM
2025-12-31,9:45:20.480608517,T,300.32,80,300.63,40,IBM
2025-12-31,9:45:25.980957678,T,300.32,80,300.57,40,IBM
2025-12-31,9:45:25.980962709,T,300.32,80,300.53,40,IBM
2025-12-31,9:45:25.981328955,T,300.32,80,300.63,40,IBM
2025-12-31,9:45:25.981333603,T,300.32,80,300.53,40,IBM
2025-12-31,9:45:25.981338631,T,300.32,80,300.63,40,IBM
2025-12-31,9:45:25.981378667,T,300.32,80,300.57,40,IBM
2025-12-31,9:45:25.981483895,T,300.16,40,300.57,40,IBM
2025-12-31,9:45:26.225569971,T,300.16,40,300.63,40,IBM
2025-12-31,9:45:27.059219574,T,300.18,40,300.63,40,IBM
2025-12-31,9:45:32.044211880,T,300.35,40,300.63,40,IBM
2025-12-31,9:45:32.044231891,T,300.18,40,300.63,40,IBM
2025-12-31,9:45:33.145979718,T,300.18,40,300.76,160,IBM
2025-12-31,9:45:33.146430788,T,300.18,40,300.55,40,IBM
2025-12-31,9:45:39.892741218,T,300.16,40,300.55,40,IBM
2025-12-31,9:45:43.991619083,T,300.35,40,300.55,40,IBM
2025-12-31,9:45:43.996465387,T,300.36,40,300.55,40,IBM
2025-12-31,9:45:44.041397279,T,300.36,40,300.76,160,IBM
2025-12-31,9:45:44.042073956,T,300.36,40,300.63,40,IBM
2025-12-31,9:45:44.042294423,T,300.36,40,300.76,160,IBM
2025-12-31,9:45:44.042705375,T,300.36,40,300.55,40,IBM
2025-12-31,9:45:48.491029971,T,300.36,40,300.76,160,IBM
2025-12-31,9:45:48.491039971,T,300.36,40,300.55,40,IBM
2025-12-31,9:45:48.491050039,T,300.36,40,300.76,160,IBM
2025-12-31,9:45:48.491054999,T,300.41,40,300.76,160,IBM
2025-12-31,9:45:48.491135260,T,300.39,40,300.76,160,IBM
2025-12-31,9:45:48.491185315,T,300.41,40,300.76,160,IBM
2025-12-31,9:45:48.491205374,T,300.36,40,300.76,160,IBM
2025-12-31,9:45:48.491420922,T,300.16,40,300.76,160,IBM
2025-12-31,9:45:48.491646406,T,300.14,160,300.76,160,IBM
2025-12-31,9:45:48.491696560,T,300.36,40,300.76,160,IBM
2025-12-31,9:45:48.491977274,T,300.48,40,300.76,160,IBM
2025-12-31,9:45:48.495345229,T,300.48,40,300.99,40,IBM
2025-12-31,9:45:48.495355376,T,300.48,40,300.93,160,IBM
2025-12-31,9:45:48.506231215,T,300.42,40,300.93,160,IBM
2025-12-31,9:45:48.506862654,T,300.36,40,300.93,160,IBM
2025-12-31,9:45:48.922266627,T,300.36,40,300.72,40,IBM
2025-12-31,9:45:48.922742873,T,300.36,40,300.72,80,IBM
2025-12-31,9:45:48.926471607,T,300.36,40,300.72,40,IBM
2025-12-31,9:45:49.403251590,T,300.36,40,300.72,80,IBM
2025-12-31,9:45:49.403261691,T,300.36,40,300.71,40,IBM
2025-12-31,9:45:49.418132020,T,300.36,40,300.72,40,IBM
2025-12-31,9:45:49.418187201,T,300.36,40,300.82,160,IBM
2025-12-31,9:45:49.418553031,T,300.36,40,300.72,40,IBM
2025-12-31,9:45:49.485306956,T,300.36,40,300.82,160,IBM
2025-12-31,9:45:52.705302518,T,300.14,160,300.82,160,IBM
2025-12-31,9:45:52.705322542,T,300.14,160,300.67,40,IBM
2025-12-31,9:45:52.705322542,T,300.14,160,300.56,40,IBM
2025-12-31,9:45:52.705352975,T,300.14,160,300.55,40,IBM
2025-12-31,9:45:52.705678506,T,300.14,160,300.56,40,IBM
2025-12-31,9:45:52.720208003,T,300.14,160,300.7,40,IBM
2025-12-31,9:45:52.720368420,T,300.14,160,300.82,160,IBM
2025-12-31,9:45:53.345506563,T,300.14,160,300.6,40,IBM
2025-12-31,9:45:53.345561679,T,300.14,160,300.82,160,IBM
2025-12-31,9:45:53.345787234,T,300.14,160,300.56,40,IBM
2025-12-31,9:45:53.345792200,T,300.14,160,300.82,160,IBM
2025-12-31,9:45:53.345922535,T,300.14,160,300.56,40,IBM
2025-12-31,9:45:53.345942565,T,300.14,160,300.82,160,IBM
2025-12-31,9:45:57.260867714,T,300.14,160,300.69,40,IBM
2025-12-31,9:45:57.325451333,T,300.14,160,300.53,40,IBM
2025-12-31,9:45:57.325451333,T,300.14,160,300.69,40,IBM
2025-12-31,9:45:58.822800717,T,300.14,160,300.82,160,IBM
2025-12-31,9:45:58.823246841,T,300.14,160,300.55,40,IBM
2025-12-31,9:46:08.882729336,T,300.14,160,300.45,40,IBM
2025-12-31,9:46:08.882914911,T,300.14,160,300.55,40,IBM
2025-12-31,9:46:08.882919766,T,300.14,160,300.45,40,IBM
2025-12-31,9:46:08.882969954,T,300.14,160,300.44,40,IBM
2025-12-31,9:46:08.883335752,T,300.14,160,300.45,40,IBM
2025-12-31,9:46:08.883380965,T,300.14,160,300.4,40,IBM
2025-12-31,9:46:08.883400933,T,300.14,160,300.54,40,IBM
2025-12-31,9:46:08.883415999,T,300.14,160,300.45,40,IBM
2025-12-31,9:46:08.883435996,T,300.14,160,300.4,40,IBM
2025-12-31,9:46:08.886087263,T,299.88,40,300.4,40,IBM
2025-12-31,9:46:08.886097325,T,300.02,160,300.4,40,IBM
2025-12-31,9:46:08.886518297,T,300.02,160,300.4,80,IBM
2025-12-31,9:46:08.887485672,T,300.02,160,300.4,40,IBM
2025-12-31,9:46:11.470334208,T,300.02,160,300.55,40,IBM
2025-12-31,9:46:19.010378940,T,300.2,40,300.55,40,IBM
2025-12-31,9:46:19.010378940,T,300.21,40,300.55,40,IBM
2025-12-31,9:46:19.025259396,T,300.07,40,300.55,40,IBM
2025-12-31,9:46:19.110437083,T,300.02,160,300.55,40,IBM
2025-12-31,9:46:22.244067136,T,300.19,40,300.55,40,IBM
2025-12-31,9:46:22.244067136,T,300.2,40,300.55,40,IBM
2025-12-31,9:46:22.258947555,T,300.19,40,300.55,40,IBM
2025-12-31,9:46:22.344080307,T,300.02,200,300.55,40,IBM
2025-12-31,9:46:22.344952302,T,300.19,40,300.55,40,IBM
2025-12-31,9:46:22.344987401,T,300.02,160,300.55,40,IBM
2025-12-31,9:46:22.344987401,T,300.02,200,300.55,40,IBM
2025-12-31,9:46:22.345012494,T,300.02,160,300.55,40,IBM
2025-12-31,9:46:28.774428220,T,300.02,160,300.55,80,IBM
2025-12-31,9:46:45.442472846,T,300.02,160,300.55,40,IBM
2025-12-31,9:46:45.442497903,T,300.17,40,300.55,40,IBM
2025-12-31,9:46:45.442743849,T,300.18,40,300.55,40,IBM
2025-12-31,9:46:45.442913911,T,300.24,40,300.55,40,IBM
2025-12-31,9:46:45.443204573,T,300.18,40,300.55,40,IBM
2025-12-31,9:46:45.457383314,T,300.08,40,300.55,40,IBM
2025-12-31,9:46:45.542581237,T,300.02,200,300.55,40,IBM
2025-12-31,9:46:46.271170769,T,300.02,160,300.55,40,IBM
2025-12-31,9:47:23.091409680,T,300.02,160,300.52,40,IBM
2025-12-31,9:47:23.095464341,T,300.02,160,300.55,40,IBM
2025-12-31,9:47:24.467455472,T,300.02,160,300.52,40,IBM
2025-12-31,9:47:24.482350943,T,300.02,160,300.55,40,IBM
2025-12-31,9:47:28.895687277,T,300.02,160,300.38,40,IBM
2025-12-31,9:47:35.942613268,T,300.02,160,300.38,80,IBM
2025-12-31,9:47:35.979475901,T,300.26,1000,300.38,80,IBM
2025-12-31,9:47:35.979501012,T,300.26,880,300.38,80,IBM
2025-12-31,9:47:35.979501012,T,300.26,840,300.38,80,IBM
2025-12-31,9:47:35.979520976,T,300.26,160,300.38,80,IBM
2025-12-31,9:47:35.979525967,T,300.02,160,300.38,80,IBM
2025-12-31,9:47:38.315847692,T,300.02,160,300.38,40,IBM
2025-12-31,9:47:50.699177408,T,300.02,160,300.39,40,IBM
2025-12-31,9:47:50.702229704,T,300.02,200,300.39,40,IBM
2025-12-31,9:47:50.702785994,T,300.02,160,300.39,40,IBM
2025-12-31,9:47:50.703267089,T,300.02,200,300.39,40,IBM
2025-12-31,9:47:50.705612723,T,300.02,200,300.38,40,IBM
2025-12-31,9:47:50.705672873,T,300.02,160,300.38,40,IBM
2025-12-31,9:47:50.705672873,T,300.07,40,300.38,40,IBM
2025-12-31,9:47:50.706590007,T,300.02,160,300.38,40,IBM
2025-12-31,9:47:50.707166396,T,300.02,200,300.38,40,IBM
2025-12-31,9:47:50.712504042,T,300.02,160,300.38,40,IBM
2025-12-31,9:47:50.713561716,T,300.07,40,300.38,40,IBM
2025-12-31,9:47:50.713762127,T,300.07,40,300.56,40,IBM
2025-12-31,9:47:50.713762127,T,300.07,40,300.61,160,IBM
2025-12-31,9:47:50.713787100,T,300.19,40,300.61,160,IBM
2025-12-31,9:47:50.713792184,T,300.02,200,300.61,160,IBM
2025-12-31,9:47:50.713792184,T,300.07,40,300.61,160,IBM
2025-12-31,9:47:50.713812187,T,300.38,40,300.61,160,IBM
2025-12-31,9:47:50.714198091,T,300.38,40,300.62,40,IBM
2025-12-31,9:47:50.716704136,T,300.38,40,300.56,120,IBM
2025-12-31,9:47:52.538230448,T,300.02,200,300.56,120,IBM
2025-12-31,9:47:52.538255569,T,300.02,200,300.38,80,IBM
2025-12-31,9:47:52.538300644,T,300.02,200,300.56,40,IBM
2025-12-31,9:47:52.538316390,T,300.02,200,300.62,40,IBM
2025-12-31,9:47:52.538320676,T,300.05,40,300.62,40,IBM
2025-12-31,9:47:52.538350755,T,300.07,40,300.62,40,IBM
2025-12-31,9:47:52.538471047,T,300.07,40,300.56,40,IBM
2025-12-31,9:47:52.538501905,T,300.07,40,300.62,40,IBM
2025-12-31,9:47:52.538506256,T,300.07,40,300.56,40,IBM
2025-12-31,9:47:52.538571293,T,300.07,40,300.51,40,IBM
2025-12-31,9:47:52.538651537,T,300.05,40,300.51,40,IBM
2025-12-31,9:47:52.538987330,T,300.02,200,300.51,40,IBM
2025-12-31,9:47:52.542781369,T,300.02,200,300.56,40,IBM
2025-12-31,9:47:52.544931430,T,300.02,200,300.62,40,IBM
2025-12-31,9:47:52.546124381,T,300.02,200,300.56,40,IBM
2025-12-31,9:47:52.546154455,T,300.02,200,300.62,40,IBM
2025-12-31,9:47:52.546154455,T,300.02,200,300.56,40,IBM
2025-12-31,9:47:52.550073780,T,300.02,200,300.62,40,IBM
2025-12-31,9:47:52.551948157,T,300.19,40,300.62,40,IBM
2025-12-31,9:47:52.603731701,T,300.19,40,300.56,40,IBM
2025-12-31,9:47:52.638809944,T,300.05,40,300.56,40,IBM
2025-12-31,9:47:52.643024993,T,300.05,40,300.62,40,IBM
2025-12-31,9:47:52.748892026,T,300.02,160,300.62,40,IBM
2025-12-31,9:47:53.137973173,T,300.02,200,300.62,40,IBM
2025-12-31,9:47:53.409770176,T,300.23,40,300.62,40,IBM
2025-12-31,9:47:56.336251995,T,300.23,40,300.49,40,IBM
2025-12-31,9:47:57.580398743,T,300.23,40,300.48,40,IBM
2025-12-31,9:47:57.970041317,T,300.23,40,300.47,40,IBM
2025-12-31,9:47:59.706229510,T,300.23,40,300.47,80,IBM
2025-12-31,9:48:06.045490540,T,300.23,40,300.47,40,IBM
2025-12-31,9:48:07.281472891,T,300.23,40,300.46,40,IBM
2025-12-31,9:48:07.282014208,T,300.23,40,300.46,80,IBM
2025-12-31,9:48:07.282856241,T,300.23,40,300.37,40,IBM
2025-12-31,9:48:07.293105668,T,300.23,40,300.37,80,IBM
2025-12-31,9:48:07.296348288,T,300.23,40,300.37,40,IBM
2025-12-31,9:48:07.382107542,T,300.02,160,300.37,40,IBM
2025-12-31,9:48:07.397589346,T,300.02,160,300.37,80,IBM
2025-12-31,9:48:16.207697293,T,300.02,160,300.37,40,IBM
2025-12-31,9:48:16.208840387,T,300.02,160,300.31,40,IBM
2025-12-31,9:48:19.925507896,T,300.02,200,300.31,40,IBM
2025-12-31,9:48:26.495067380,T,300.02,200,300.31,80,IBM
2025-12-31,9:48:27.328330905,T,300.02,200,300.31,120,IBM
2025-12-31,9:48:27.403058802,T,300.2,40,300.31,120,IBM
2025-12-31,9:48:27.403269287,T,300.2,40,300.31,80,IBM
2025-12-31,9:48:27.403479788,T,300.2,40,300.31,40,IBM
2025-12-31,9:48:27.403504855,T,300.2,40,300.37,40,IBM
2025-12-31,9:48:27.403730391,T,300.24,40,300.37,40,IBM
2025-12-31,9:48:27.403785598,T,300.24,40,300.37,160,IBM
2025-12-31,9:48:27.404251772,T,300.24,40,300.37,120,IBM
2025-12-31,9:48:27.404316899,T,300.24,40,300.37,160,IBM
2025-12-31,9:48:27.408421580,T,300.2,40,300.37,160,IBM
2025-12-31,9:48:27.418831426,T,300.2,40,300.37,120,IBM
2025-12-31,9:48:27.420234728,T,300.2,40,300.37,160,IBM
2025-12-31,9:48:29.404358041,T,300.2,40,300.37,120,IBM
2025-12-31,9:48:37.118472159,T,300.2,40,300.37,80,IBM
2025-12-31,9:48:37.118472159,T,300.2,40,300.63,200,IBM
2025-12-31,9:48:37.118492285,T,300.2,80,300.63,200,IBM
2025-12-31,9:48:37.118507481,T,300.28,40,300.63,200,IBM
2025-12-31,9:48:37.133377643,T,300.2,40,300.63,200,IBM
2025-12-31,9:48:37.298134864,T,300.07,40,300.63,200,IBM
2025-12-31,9:48:37.779104982,T,300.08,40,300.63,200,IBM
2025-12-31,9:48:38.596159951,T,300.32,40,300.63,200,IBM
2025-12-31,9:48:41.922714342,T,300.33,40,300.63,200,IBM
2025-12-31,9:48:41.923140599,T,300.32,40,300.63,200,IBM
2025-12-31,9:48:41.923145382,T,300.41,40,300.63,200,IBM
2025-12-31,9:48:41.923210627,T,300.41,80,300.63,200,IBM
2025-12-31,9:48:41.923230572,T,300.41,40,300.63,200,IBM
2025-12-31,9:48:41.923230572,T,300.45,40,300.63,200,IBM
2025-12-31,9:48:41.923325833,T,300.45,40,300.68,40,IBM
2025-12-31,9:48:41.929615736,T,300.33,40,300.68,40,IBM
2025-12-31,9:48:41.938371547,T,300.32,40,300.68,40,IBM
2025-12-31,9:48:42.132929704,T,300.46,40,300.68,40,IBM
2025-12-31,9:48:42.133210509,T,300.46,40,300.73,160,IBM
2025-12-31,9:48:42.133210509,T,300.46,40,300.76,80,IBM
2025-12-31,9:48:42.133671424,T,300.46,40,300.84,160,IBM
2025-12-31,9:48:42.137069577,T,300.46,40,300.83,40,IBM
2025-12-31,9:48:42.150035358,T,300.46,40,300.82,80,IBM
2025-12-31,9:48:42.254323620,T,300.32,40,300.82,80,IBM
2025-12-31,9:48:42.796193677,T,300.21,40,300.82,80,IBM
2025-12-31,9:48:43.854232465,T,300.47,40,300.82,80,IBM
2025-12-31,9:48:46.117450149,T,300.47,40,300.83,40,IBM
2025-12-31,9:49:09.623373203,T,300.47,40,300.83,80,IBM
2025-12-31,9:49:12.269527555,T,300.47,40,300.83,120,IBM
2025-12-31,9:49:12.270169150,T,300.47,40,300.83,200,IBM
2025-12-31,9:49:12.536327674,T,300.47,40,300.83,160,IBM
2025-12-31,9:49:14.275633135,T,300.47,40,300.82,80,IBM
2025-12-31,9:49:14.276049118,T,300.47,40,300.82,120,IBM
2025-12-31,9:49:16.284685781,T,300.47,40,300.81,80,IBM
2025-12-31,9:49:16.285763342,T,300.47,40,300.81,120,IBM
2025-12-31,9:49:16.537808400,T,300.42,40,300.81,120,IBM
2025-12-31,9:49:16.537838387,T,300.42,40,300.81,160,IBM
2025-12-31,9:49:16.537848525,T,300.31,40,300.81,160,IBM
2025-12-31,9:49:16.537873458,T,300.31,40,300.81,200,IBM
2025-12-31,9:49:16.537873458,T,300.31,40,300.64,40,IBM
2025-12-31,9:49:16.537903543,T,300.31,40,300.64,80,IBM
2025-12-31,9:49:16.538770704,T,300.31,40,300.64,120,IBM
2025-12-31,9:49:16.542870331,T,300.31,40,300.64,80,IBM
2025-12-31,9:49:16.639229821,T,300.31,40,300.64,40,IBM
2025-12-31,9:49:16.677530940,T,300.31,40,300.63,40,IBM
2025-12-31,9:49:16.677946936,T,300.17,160,300.63,40,IBM
2025-12-31,9:49:16.677982385,T,300.17,160,300.62,40,IBM
2025-12-31,9:49:16.689775086,T,300.12,40,300.62,40,IBM
2025-12-31,9:49:16.691033209,T,300.12,40,300.62,80,IBM
2025-12-31,9:49:16.692847453,T,300.12,40,300.62,40,IBM
2025-12-31,9:49:16.844503474,T,300.32,40,300.62,40,IBM
2025-12-31,9:49:20.716115229,T,300.32,40,300.62,120,IBM
2025-12-31,9:49:26.373006774,T,300.32,40,300.62,40,IBM
2025-12-31,9:49:26.373422769,T,300.32,40,300.63,40,IBM
2025-12-31,9:49:26.374189635,T,300.32,40,300.83,40,IBM
2025-12-31,9:49:36.278362179,T,300.32,40,300.63,80,IBM
2025-12-31,9:49:36.278783298,T,300.32,40,300.63,120,IBM
2025-12-31,9:49:40.568334646,T,300.32,40,300.63,80,IBM
2025-12-31,9:49:40.568855877,T,300.32,40,300.62,80,IBM
2025-12-31,9:49:40.569276898,T,300.32,40,300.62,120,IBM
2025-12-31,9:49:41.714197428,T,300.32,40,300.62,80,IBM
2025-12-31,9:49:41.718773371,T,300.32,40,300.83,40,IBM
2025-12-31,9:49:44.877643165,T,300.2,40,300.83,40,IBM
2025-12-31,9:49:45.572753009,T,300.33,40,300.83,40,IBM
2025-12-31,9:49:49.138361323,T,300.33,40,300.8,160,IBM
2025-12-31,9:49:52.765516097,T,300.2,40,300.8,160,IBM
2025-12-31,9:49:52.765536237,T,300.2,40,300.47,40,IBM
2025-12-31,9:49:52.765581311,T,300.2,40,300.61,40,IBM
2025-12-31,9:49:52.765912069,T,300.2,40,300.47,40,IBM
2025-12-31,9:49:52.780797530,T,300.2,40,300.75,40,IBM
2025-12-31,9:49:52.863313932,T,300.2,40,300.8,200,IBM
2025-12-31,9:49:52.865554271,T,300.2,40,300.8,160,IBM
2025-12-31,9:49:55.706988409,T,300.2,40,300.8,200,IBM
2025-12-31,9:49:58.332809415,T,300.2,40,300.75,40,IBM
2025-12-31,9:49:59.813238784,T,300.2,40,300.8,200,IBM
2025-12-31,9:49:59.818997528,T,300.2,40,300.75,40,IBM
2025-12-31,9:50:01.144362741,T,300.2,40,300.63,40,IBM
2025-12-31,9:50:01.144693508,T,300.2,40,300.46,40,IBM
2025-12-31,9:50:01.144969180,T,300.2,40,300.63,40,IBM
2025-12-31,9:50:02.261371713,T,300.3,40,300.63,40,IBM
2025-12-31,9:50:02.261411967,T,300.31,40,300.63,40,IBM
2025-12-31,9:50:02.550930992,T,300.2,40,300.63,40,IBM
2025-12-31,9:50:03.902869588,T,300.36,40,300.63,40,IBM
2025-12-31,9:50:09.865914954,T,300.2,40,300.63,40,IBM
2025-12-31,9:50:11.431983057,T,300.45,40,300.63,40,IBM
2025-12-31,9:50:26.690938780,T,300.45,40,300.8,160,IBM
2025-12-31,9:50:26.690943880,T,300.46,40,300.8,160,IBM
2025-12-31,9:50:26.690963907,T,300.54,40,300.8,160,IBM
2025-12-31,9:50:26.691404894,T,300.54,40,300.83,40,IBM
2025-12-31,9:50:26.691424949,T,300.59,40,300.83,40,IBM
2025-12-31,9:50:26.691765837,T,300.54,40,300.83,40,IBM
2025-12-31,9:50:26.692216874,T,300.54,40,300.91,160,IBM
2025-12-31,9:50:26.704080134,T,300.54,40,300.99,80,IBM
2025-12-31,9:50:26.705849363,T,300.45,40,300.99,80,IBM
2025-12-31,9:50:26.801677517,T,300.45,40,300.88,40,IBM
2025-12-31,9:50:27.022127333,T,300.45,40,300.99,80,IBM
2025-12-31,9:50:27.788115715,T,300.33,40,300.99,80,IBM
2025-12-31,9:50:28.477145918,T,300.65,40,300.99,80,IBM
2025-12-31,9:50:31.742669745,T,300.65,40,301.06,160,IBM
2025-12-31,9:50:43.980963935,T,300.65,40,300.87,40,IBM
2025-12-31,9:50:43.982061455,T,300.65,40,300.87,80,IBM
2025-12-31,9:50:44.151284311,T,300.65,40,300.87,40,IBM
2025-12-31,9:50:54.718856308,T,300.65,40,301.06,160,IBM
2025-12-31,9:50:54.723627703,T,300.65,40,300.86,40,IBM
2025-12-31,9:50:54.732674222,T,300.65,40,301.06,160,IBM
2025-12-31,9:51:16.718919397,T,300.47,40,301.06,160,IBM
2025-12-31,9:51:26.300734558,T,300.51,40,301.06,160,IBM
2025-12-31,9:51:34.037773457,T,300.48,160,301.06,160,IBM
2025-12-31,9:51:34.038129326,T,300.51,40,301.06,160,IBM
2025-12-31,9:51:40.481648460,T,300.55,40,301.06,160,IBM
2025-12-31,9:51:40.481728594,T,300.48,160,301.06,160,IBM
2025-12-31,9:51:40.481753670,T,300.48,160,300.91,40,IBM
2025-12-31,9:51:40.481773689,T,300.51,40,300.91,40,IBM
2025-12-31,9:51:40.481798738,T,300.48,160,300.91,40,IBM
2025-12-31,9:51:40.481798738,T,300.48,160,301.05,40,IBM
2025-12-31,9:51:40.482114583,T,300.48,160,301.0,40,IBM
2025-12-31,9:51:40.482144579,T,300.48,160,300.91,40,IBM
2025-12-31,9:51:40.482615725,T,300.48,160,301.0,40,IBM
2025-12-31,9:51:40.482886320,T,300.48,160,301.05,40,IBM
2025-12-31,9:51:40.488915750,T,300.48,160,300.82,40,IBM
2025-12-31,9:51:40.489336778,T,300.48,160,300.82,80,IBM
2025-12-31,9:51:43.705127186,T,300.48,160,300.69,40,IBM
2025-12-31,9:51:43.705518014,T,300.48,160,300.82,40,IBM
2025-12-31,9:51:43.705548194,T,300.48,160,301.06,160,IBM
2025-12-31,9:51:43.706299923,T,300.47,40,301.06,160,IBM
2025-12-31,9:51:43.709723048,T,300.34,160,301.06,160,IBM
2025-12-31,9:51:43.909413454,T,300.34,160,300.76,80,IBM
2025-12-31,9:51:43.913623466,T,300.34,160,300.95,40,IBM
2025-12-31,9:51:43.917111773,T,300.34,160,300.96,40,IBM
2025-12-31,9:51:43.931851808,T,300.34,160,300.95,40,IBM
2025-12-31,9:51:43.971310824,T,300.34,160,300.96,40,IBM
2025-12-31,9:51:44.009742361,T,300.34,160,301.06,160,IBM
2025-12-31,9:51:59.220096954,T,300.49,40,301.06,160,IBM
2025-12-31,9:52:22.746844269,T,300.51,40,301.06,160,IBM
2025-12-31,9:52:22.931543979,T,300.51,80,301.06,160,IBM
2025-12-31,9:52:22.955611343,T,300.51,40,301.06,160,IBM
2025-12-31,9:52:32.568415487,T,300.73,40,301.06,160,IBM
2025-12-31,9:52:32.568661131,T,300.76,40,301.06,160,IBM
2025-12-31,9:52:32.569252529,T,300.76,40,301.24,40,IBM
2025-12-31,9:52:32.569262496,T,300.76,40,301.19,200,IBM
2025-12-31,9:52:32.571963973,T,300.61,40,301.19,200,IBM
2025-12-31,9:52:32.571963973,T,300.76,40,301.19,200,IBM
2025-12-31,9:52:32.572399966,T,300.82,40,301.19,200,IBM
2025-12-31,9:52:32.572740765,T,300.61,40,301.19,200,IBM
2025-12-31,9:52:32.573277085,T,300.51,80,301.19,200,IBM
2025-12-31,9:52:32.578654916,T,300.51,40,301.19,200,IBM
2025-12-31,9:52:32.578679981,T,300.51,40,300.96,40,IBM
2025-12-31,9:52:32.593560421,T,300.51,40,301.19,200,IBM
2025-12-31,9:52:32.593590844,T,300.51,40,301.19,240,IBM
2025-12-31,9:52:32.679244343,T,300.51,40,301.19,200,IBM
2025-12-31,9:52:54.065826875,T,300.51,40,300.83,40,IBM
2025-12-31,9:52:54.069996757,T,300.51,40,301.19,240,IBM
2025-12-31,9:52:54.070878908,T,300.51,40,301.19,200,IBM
2025-12-31,9:52:55.039845677,T,300.5,40,301.19,200,IBM
2025-12-31,9:52:55.039875734,T,300.5,40,300.93,40,IBM
2025-12-31,9:52:55.040301675,T,300.5,40,300.93,80,IBM
2025-12-31,9:52:55.115861585,T,300.5,40,300.93,40,IBM
2025-12-31,9:52:55.115886639,T,300.5,40,301.19,200,IBM
2025-12-31,9:52:55.443697089,T,300.5,40,300.94,40,IBM
2025-12-31,9:52:56.065853234,T,300.5,40,301.19,200,IBM
2025-12-31,9:53:15.318766737,T,300.48,40,301.19,200,IBM
2025-12-31,9:53:29.415229539,T,300.48,40,301.15,40,IBM
2025-12-31,9:53:34.782597074,T,300.48,40,301.19,200,IBM
2025-12-31,9:53:35.213051783,T,300.48,40,301.24,80,IBM
2025-12-31,9:53:35.213056789,T,300.48,40,301.07,160,IBM
2025-12-31,9:53:38.525587452,T,300.48,40,300.93,40,IBM
2025-12-31,9:53:39.579456352,T,300.48,40,301.07,160,IBM
2025-12-31,9:53:52.759031494,T,300.48,40,300.94,40,IBM
2025-12-31,9:53:52.759422432,T,300.48,40,301.02,40,IBM
2025-12-31,9:53:52.763091124,T,300.48,40,301.07,160,IBM
2025-12-31,9:53:53.780823920,T,300.48,40,300.94,40,IBM
2025-12-31,9:53:56.010161040,T,300.48,40,301.07,160,IBM
2025-12-31,9:53:56.897693931,T,300.48,40,301.07,200,IBM
2025-12-31,9:53:56.897794173,T,300.48,40,300.94,40,IBM
2025-12-31,9:53:56.898190105,T,300.48,40,301.07,200,IBM
