DATE,TIME_M,EX,BID,BIDSIZ,ASK,ASKSIZ,SYM_ROOT
2025-10-02,9:30:00.909637861,T,285.66,100,287.0,100,IBM
2025-10-02,9:30:00.909652926,T,285.68,100,287.0,100,IBM
2025-10-02,9:30:00.909963604,T,285.68,100,286.5,100,IBM
2025-10-02,9:30:00.929615410,T,285.66,100,286.5,100,IBM
2025-10-02,9:30:00.929640411,T,285.0,100,286.5,100,IBM
2025-10-02,9:30:01.091044831,T,285.19,100,286.5,100,IBM
2025-10-02,9:30:01.096227088,T,285.19,100,286.48,100,IBM
2025-10-02,9:30:01.098652882,T,285.19,100,286.5,100,IBM
2025-10-02,9:30:01.113648494,T,285.19,100,286.48,100,IBM
2025-10-02,9:30:01.113678704,T,285.19,100,286.37,100,IBM
2025-10-02,9:30:01.137510381,T,285.19,100,286.5,100,IBM
2025-10-02,9:30:01.271564497,T,285.19,100,286.37,100,IBM
2025-10-02,9:30:01.271599533,T,285.19,100,286.36,100,IBM
2025-10-02,9:30:01.286389763,T,285.19,100,286.5,100,IBM
2025-10-02,9:30:01.287051340,T,285.19,100,287.0,100,IBM
2025-10-02,9:30:01.287131558,T,285.06,100,287.0,100,IBM
2025-10-02,9:30:01.288139018,T,285.0,100,287.0,100,IBM
2025-10-02,9:30:01.731073458,T,285.06,100,287.0,100,IBM
2025-10-02,9:30:01.862040330,T,285.06,100,286.42,300,IBM
2025-10-02,9:30:01.925781996,T,285.0,100,286.42,300,IBM
2025-10-02,9:30:01.925827119,T,285.0,100,286.37,100,IBM
2025-10-02,9:30:01.988125475,T,285.0,200,286.37,100,IBM
2025-10-02,9:30:02.037056955,T,285.0,200,286.38,100,IBM
2025-10-02,9:30:02.069323689,T,285.0,200,286.37,100,IBM
2025-10-02,9:30:02.091466503,T,285.05,100,286.37,100,IBM
2025-10-02,9:30:02.234491981,T,285.0,200,286.37,100,IBM
2025-10-02,9:30:02.400797855,T,285.0,200,286.37,200,IBM
2025-10-02,9:30:02.500505257,T,285.0,200,286.37,100,IBM
2025-10-02,9:30:02.500505257,T,285.0,200,286.18,100,IBM
2025-10-02,9:30:02.576260549,T,285.0,200,286.18,200,IBM
2025-10-02,9:30:03.581559172,T,285.0,200,286.18,100,IBM
2025-10-02,9:30:03.634184081,T,285.0,200,286.17,100,IBM
2025-10-02,9:30:04.683276519,T,285.0,200,286.18,100,IBM
2025-10-02,9:30:04.833464058,T,285.0,200,286.18,200,IBM
2025-10-02,9:30:06.117034696,T,285.0,200,286.18,100,IBM
2025-10-02,9:30:06.149100971,T,285.0,200,286.17,100,IBM
2025-10-02,9:30:06.261062575,T,285.0,200,286.17,200,IBM
2025-10-02,9:30:06.465148416,T,285.0,200,286.17,300,IBM
2025-10-02,9:30:06.592451399,T,285.0,200,286.17,400,IBM
2025-10-02,9:30:06.592872460,T,285.0,200,286.17,300,IBM
2025-10-02,9:30:06.593293456,T,285.0,200,286.17,200,IBM
2025-10-02,9:30:07.144154909,T,285.0,200,286.17,300,IBM
2025-10-02,9:30:07.314535507,T,285.0,200,286.17,200,IBM
2025-10-02,9:30:07.349288284,T,285.0,200,286.17,300,IBM
2025-10-02,9:30:08.004262555,T,285.0,200,286.17,400,IBM
2025-10-02,9:30:08.004272509,T,285.0,200,286.17,500,IBM
2025-10-02,9:30:08.016251046,T,285.0,200,286.17,400,IBM
2025-10-02,9:30:09.104005657,T,285.0,200,286.17,300,IBM
2025-10-02,9:30:10.009050127,T,285.0,200,286.16,100,IBM
2025-10-02,9:30:10.009481171,T,285.0,200,286.16,200,IBM
2025-10-02,9:30:10.115222903,T,285.0,200,286.16,100,IBM
2025-10-02,9:30:10.115232958,T,285.0,200,286.16,200,IBM
2025-10-02,9:30:10.337161338,T,285.0,200,286.16,100,IBM
2025-10-02,9:30:10.791437866,T,285.0,200,286.17,200,IBM
2025-10-02,9:30:10.791467890,T,285.06,100,286.17,200,IBM
2025-10-02,9:30:10.791858876,T,285.06,100,286.17,300,IBM
2025-10-02,9:30:10.791868822,T,285.06,100,286.17,400,IBM
2025-10-02,9:30:10.792219793,T,285.5,100,286.17,400,IBM
2025-10-02,9:30:10.924193905,T,285.5,100,286.17,300,IBM
2025-10-02,9:30:10.924203882,T,285.5,100,286.17,200,IBM
2025-10-02,9:30:11.807642193,T,285.5,100,286.16,100,IBM
2025-10-02,9:30:12.527811639,T,285.0,200,286.16,100,IBM
2025-10-02,9:30:12.541093355,T,285.0,200,286.16,200,IBM
2025-10-02,9:30:13.135768918,T,285.0,200,286.16,100,IBM
2025-10-02,9:30:14.414833901,T,285.0,200,286.17,100,IBM
2025-10-02,9:30:14.414869067,T,285.0,200,286.17,200,IBM
2025-10-02,9:30:15.239041101,T,285.0,200,286.17,300,IBM
2025-10-02,9:30:15.302983331,T,285.0,200,286.17,200,IBM
2025-10-02,9:30:15.302983331,T,285.0,200,286.17,300,IBM
2025-10-02,9:30:15.306992829,T,285.0,200,286.17,200,IBM
2025-10-02,9:30:15.327306135,T,285.0,200,286.15,100,IBM
2025-10-02,9:30:16.394346662,T,285.0,200,286.15,200,IBM
2025-10-02,9:30:16.394356720,T,285.0,200,286.15,300,IBM
2025-10-02,9:30:16.449954094,T,285.0,200,286.15,200,IBM
2025-10-02,9:30:16.449959141,T,285.0,200,286.15,300,IBM
2025-10-02,9:30:17.004950428,T,285.0,200,286.15,200,IBM
2025-10-02,9:30:17.004960399,T,285.0,200,286.15,100,IBM
2025-10-02,9:30:17.005386336,T,285.0,200,286.15,200,IBM
2025-10-02,9:30:17.005606914,T,285.0,200,286.15,300,IBM
2025-10-02,9:30:17.041502322,T,285.0,200,286.15,200,IBM
2025-10-02,9:30:18.154697319,T,285.0,200,286.15,300,IBM
2025-10-02,9:30:20.002917231,T,285.0,200,286.15,200,IBM
2025-10-02,9:30:20.002992364,T,285.0,200,286.15,300,IBM
2025-10-02,9:30:20.003338213,T,285.0,200,286.15,400,IBM
2025-10-02,9:30:20.100940660,T,285.0,200,286.15,300,IBM
2025-10-02,9:30:20.100950611,T,285.0,200,286.15,200,IBM
2025-10-02,9:30:20.101376632,T,285.0,200,286.15,300,IBM
2025-10-02,9:30:20.101797566,T,285.0,200,286.15,400,IBM
2025-10-02,9:30:20.715874459,T,285.0,200,286.15,300,IBM
2025-10-02,9:30:22.451155658,T,285.45,100,286.15,300,IBM
2025-10-02,9:30:22.451576665,T,285.45,100,286.15,200,IBM
2025-10-02,9:30:30.181012662,T,285.45,100,286.15,300,IBM
2025-10-02,9:30:31.004067099,T,285.45,100,286.15,200,IBM
2025-10-02,9:30:32.003461535,T,285.45,100,286.15,100,IBM
2025-10-02,9:30:32.003466499,T,285.7,100,286.15,100,IBM
2025-10-02,9:30:32.004930084,T,285.45,100,286.15,100,IBM
2025-10-02,9:30:32.599420306,T,285.45,100,286.17,100,IBM
2025-10-02,9:30:32.599841294,T,285.45,100,286.17,200,IBM
2025-10-02,9:30:32.599851268,T,285.45,100,286.17,300,IBM
2025-10-02,9:30:33.166229629,T,285.45,100,286.15,100,IBM
2025-10-02,9:30:33.166640790,T,285.45,100,286.17,300,IBM
2025-10-02,9:30:33.166645701,T,285.45,100,285.87,100,IBM
2025-10-02,9:30:33.168149235,T,285.45,100,285.87,200,IBM
2025-10-02,9:30:34.429867892,T,285.45,100,285.87,100,IBM
2025-10-02,9:30:34.435631624,T,285.45,100,285.87,200,IBM
2025-10-02,9:30:34.723206169,T,285.45,100,285.87,100,IBM
2025-10-02,9:30:34.723216141,T,285.45,100,286.5,100,IBM
2025-10-02,9:30:54.961361120,T,285.45,200,286.5,100,IBM
2025-10-02,9:30:55.968363369,T,285.45,200,286.39,100,IBM
2025-10-02,9:30:55.968378384,T,285.45,200,286.27,100,IBM
2025-10-02,9:30:55.968453539,T,285.45,200,285.67,100,IBM
2025-10-02,9:30:55.968493601,T,285.45,100,285.67,100,IBM
2025-10-02,9:30:55.968518693,T,285.37,100,285.67,100,IBM
2025-10-02,9:30:55.968538821,T,285.06,100,285.67,100,IBM
2025-10-02,9:30:55.968558786,T,285.0,200,285.67,100,IBM
2025-10-02,9:30:55.968879596,T,285.0,200,285.67,200,IBM
2025-10-02,9:30:55.968889512,T,285.0,200,285.67,300,IBM
2025-10-02,9:30:55.983048268,T,285.0,200,285.67,200,IBM
2025-10-02,9:30:55.983048268,T,285.0,200,285.52,100,IBM
2025-10-02,9:30:55.988792086,T,285.0,200,285.52,200,IBM
2025-10-02,9:30:55.988807040,T,285.0,200,285.52,300,IBM
2025-10-02,9:30:55.991322967,T,285.0,200,285.52,200,IBM
2025-10-02,9:30:59.386946762,T,285.0,200,285.52,100,IBM
2025-10-02,9:31:01.228004816,T,285.0,200,285.52,200,IBM
2025-10-02,9:31:02.094973717,T,285.0,200,285.52,100,IBM
2025-10-02,9:31:02.410755565,T,285.0,200,285.84,200,IBM
2025-10-02,9:31:06.415729884,T,285.0,200,285.47,100,IBM
2025-10-02,9:31:06.416150883,T,285.0,200,285.47,200,IBM
2025-10-02,9:31:06.845573285,T,285.0,200,285.47,300,IBM
2025-10-02,9:31:06.923198020,T,285.0,200,285.47,200,IBM
2025-10-02,9:31:09.164508732,T,285.0,200,285.47,100,IBM
2025-10-02,9:31:11.084123702,T,285.0,200,285.7,200,IBM
2025-10-02,9:31:13.159664804,T,285.0,200,285.64,100,IBM
2025-10-02,9:31:17.045796362,T,285.0,200,285.5,100,IBM
2025-10-02,9:31:17.046217321,T,285.0,200,285.5,200,IBM
2025-10-02,9:31:17.141975353,T,285.0,200,285.35,100,IBM
2025-10-02,9:31:17.142381294,T,285.0,100,285.35,100,IBM
2025-10-02,9:31:17.142436469,T,285.0,100,285.5,100,IBM
2025-10-02,9:31:17.142697035,T,284.88,100,285.5,100,IBM
2025-10-02,9:31:17.142702316,T,285.0,100,285.5,100,IBM
2025-10-02,9:31:17.142727089,T,284.88,100,285.5,100,IBM
2025-10-02,9:31:17.142737175,T,285.0,100,285.5,100,IBM
2025-10-02,9:31:17.142827387,T,285.0,100,285.35,100,IBM
2025-10-02,9:31:17.142857430,T,284.88,100,285.35,100,IBM
2025-10-02,9:31:17.142867476,T,285.0,100,285.35,100,IBM
2025-10-02,9:31:17.142877534,T,284.88,100,285.35,100,IBM
2025-10-02,9:31:17.142917703,T,284.88,100,285.34,100,IBM
2025-10-02,9:31:17.142947579,T,284.88,100,285.35,100,IBM
2025-10-02,9:31:17.143599234,T,284.79,200,285.35,100,IBM
2025-10-02,9:31:17.143674324,T,283.57,100,285.35,100,IBM
2025-10-02,9:31:17.143679404,T,284.61,200,285.35,100,IBM
2025-10-02,9:31:17.144446225,T,285.03,100,285.35,100,IBM
2025-10-02,9:31:17.144466196,T,284.61,200,285.35,100,IBM
2025-10-02,9:31:17.153121985,T,284.61,200,285.5,200,IBM
2025-10-02,9:31:17.153136944,T,284.61,200,285.5,100,IBM
2025-10-02,9:31:17.584012670,T,284.61,200,285.5,200,IBM
2025-10-02,9:31:17.584022633,T,284.61,200,285.5,300,IBM
2025-10-02,9:31:17.701151457,T,284.61,200,285.5,200,IBM
2025-10-02,9:31:17.701156471,T,284.61,200,285.5,100,IBM
2025-10-02,9:31:18.128774435,T,284.61,200,285.34,100,IBM
2025-10-02,9:31:18.129200468,T,284.61,200,285.34,200,IBM
2025-10-02,9:31:18.142802843,T,284.61,300,285.34,200,IBM
2025-10-02,9:31:19.515114999,T,284.61,300,285.26,100,IBM
2025-10-02,9:31:19.538625822,T,284.61,300,285.34,100,IBM
2025-10-02,9:31:19.539051906,T,284.61,300,285.34,200,IBM
2025-10-02,9:31:20.057240629,T,284.61,200,285.34,200,IBM
2025-10-02,9:31:20.201133156,T,284.61,200,285.34,100,IBM
2025-10-02,9:31:21.056614771,T,284.61,200,285.27,100,IBM
2025-10-02,9:31:21.064488605,T,284.61,300,285.27,100,IBM
2025-10-02,9:31:21.355346061,T,284.61,300,285.34,100,IBM
2025-10-02,9:31:22.142825888,T,284.63,100,285.34,100,IBM
2025-10-02,9:31:24.549805749,T,284.92,100,285.34,100,IBM
2025-10-02,9:31:24.550151650,T,284.92,100,285.53,200,IBM
2025-10-02,9:31:24.550176615,T,284.92,200,285.53,200,IBM
2025-10-02,9:31:24.550181639,T,284.93,100,285.53,200,IBM
2025-10-02,9:31:24.550181639,T,285.01,100,285.53,200,IBM
2025-10-02,9:31:24.550196732,T,285.09,100,285.53,200,IBM
2025-10-02,9:31:24.550231841,T,285.1,100,285.53,200,IBM
2025-10-02,9:31:24.550377108,T,285.14,100,285.53,200,IBM
2025-10-02,9:31:24.550402371,T,285.21,100,285.53,200,IBM
2025-10-02,9:31:24.550798123,T,285.14,100,285.53,200,IBM
2025-10-02,9:31:24.550968529,T,285.14,100,285.53,300,IBM
2025-10-02,9:31:24.554030793,T,285.14,100,285.53,100,IBM
2025-10-02,9:31:24.561398316,T,285.14,100,285.86,200,IBM
2025-10-02,9:31:24.589480203,T,285.21,100,285.86,200,IBM
2025-10-02,9:31:25.360911650,T,285.21,100,285.64,100,IBM
2025-10-02,9:31:25.361763647,T,285.26,100,285.64,100,IBM
2025-10-02,9:31:25.362129537,T,285.25,100,285.64,100,IBM
2025-10-02,9:31:25.362129537,T,285.36,100,285.64,100,IBM
2025-10-02,9:31:25.362169606,T,285.36,100,285.86,200,IBM
2025-10-02,9:31:25.362219734,T,285.36,100,285.86,300,IBM
2025-10-02,9:31:25.362224741,T,285.36,100,285.86,400,IBM
2025-10-02,9:31:25.362259877,T,285.26,100,285.86,400,IBM
2025-10-02,9:31:25.362405321,T,285.26,100,285.86,500,IBM
2025-10-02,9:31:25.362420318,T,285.26,100,285.86,600,IBM
2025-10-02,9:31:25.362425307,T,285.26,100,285.86,700,IBM
2025-10-02,9:31:25.362430435,T,285.26,100,285.86,800,IBM
2025-10-02,9:31:25.362440300,T,285.26,100,285.86,900,IBM
2025-10-02,9:31:25.362490422,T,285.26,100,285.86,1000,IBM
2025-10-02,9:31:25.362570632,T,285.26,100,285.86,1100,IBM
2025-10-02,9:31:25.362590895,T,285.26,100,285.86,1200,IBM
2025-10-02,9:31:25.362650897,T,285.26,100,285.86,1100,IBM
2025-10-02,9:31:25.362655782,T,285.26,100,285.64,100,IBM
2025-10-02,9:31:25.362655782,T,285.26,100,285.64,200,IBM
2025-10-02,9:31:25.362655782,T,285.26,100,285.64,300,IBM
2025-10-02,9:31:25.362665826,T,285.26,100,285.64,400,IBM
2025-10-02,9:31:25.362670833,T,285.26,100,285.64,300,IBM
2025-10-02,9:31:25.362710998,T,285.26,100,285.64,200,IBM
2025-10-02,9:31:25.362710998,T,285.26,100,285.64,100,IBM
2025-10-02,9:31:25.362715970,T,285.26,100,285.86,300,IBM
2025-10-02,9:31:25.362715970,T,285.26,100,285.64,700,IBM
2025-10-02,9:31:25.362721369,T,285.26,100,285.64,600,IBM
2025-10-02,9:31:25.362736260,T,285.26,100,285.64,500,IBM
2025-10-02,9:31:25.362736260,T,285.26,100,285.64,400,IBM
2025-10-02,9:31:25.362746029,T,285.26,100,285.64,300,IBM
2025-10-02,9:31:25.362751062,T,285.45,100,285.64,300,IBM
2025-10-02,9:31:25.362756269,T,285.45,100,285.64,200,IBM
2025-10-02,9:31:25.362781115,T,285.45,100,285.86,300,IBM
2025-10-02,9:31:25.363137033,T,285.45,100,285.64,100,IBM
2025-10-02,9:31:25.363162079,T,285.45,100,285.86,300,IBM
2025-10-02,9:31:25.363447659,T,285.25,100,285.86,300,IBM
2025-10-02,9:31:25.363763528,T,285.26,100,285.86,300,IBM
2025-10-02,9:31:25.363933947,T,285.26,100,285.86,100,IBM
2025-10-02,9:31:25.366690420,T,285.26,100,285.86,200,IBM
2025-10-02,9:31:25.373035524,T,285.26,100,285.86,100,IBM
2025-10-02,9:31:25.382508037,T,285.26,100,285.86,200,IBM
2025-10-02,9:31:25.382733571,T,285.26,100,285.86,100,IBM
2025-10-02,9:31:25.462167696,T,285.25,100,285.86,100,IBM
2025-10-02,9:31:25.463044819,T,285.26,100,285.86,100,IBM
2025-10-02,9:31:25.470743192,T,285.26,100,286.07,200,IBM
2025-10-02,9:31:25.479123144,T,285.26,100,286.07,300,IBM
2025-10-02,9:31:25.980581960,T,285.26,100,286.07,400,IBM
2025-10-02,9:31:26.121958512,T,285.26,100,286.07,300,IBM
2025-10-02,9:31:27.671362120,T,285.26,100,286.07,400,IBM
2025-10-02,9:31:27.671717936,T,285.45,100,286.07,400,IBM
2025-10-02,9:31:27.671753048,T,285.48,100,286.07,400,IBM
2025-10-02,9:31:29.259147008,T,285.45,100,286.07,400,IBM
2025-10-02,9:31:29.259182122,T,285.26,100,286.07,400,IBM
2025-10-02,9:31:29.259297349,T,285.26,100,286.07,300,IBM
2025-10-02,9:31:29.950833789,T,285.03,100,286.07,300,IBM
2025-10-02,9:31:36.543614083,T,285.42,100,286.07,300,IBM
2025-10-02,9:31:41.209191000,T,285.42,100,285.98,100,IBM
2025-10-02,9:31:41.209612133,T,285.42,100,285.98,200,IBM
2025-10-02,9:31:41.344062075,T,285.42,100,285.98,300,IBM
2025-10-02,9:31:42.547552113,T,285.47,100,285.98,300,IBM
2025-10-02,9:31:43.766478950,T,285.47,100,285.8,100,IBM
2025-10-02,9:31:43.861164412,T,285.47,100,285.8,200,IBM
2025-10-02,9:31:44.556910678,T,285.47,100,285.8,300,IBM
2025-10-02,9:31:46.081254630,T,285.47,100,285.8,200,IBM
2025-10-02,9:31:48.632418035,T,285.47,200,285.8,200,IBM
2025-10-02,9:31:48.632498367,T,285.47,200,285.8,100,IBM
2025-10-02,9:31:48.632503358,T,285.47,200,286.07,200,IBM
2025-10-02,9:31:48.632528285,T,285.48,100,286.07,200,IBM
2025-10-02,9:31:48.632558401,T,285.49,100,286.07,200,IBM
2025-10-02,9:31:48.632558401,T,285.64,100,286.07,200,IBM
2025-10-02,9:31:48.632949461,T,285.64,100,286.07,300,IBM
2025-10-02,9:31:48.633049544,T,285.64,100,286.07,400,IBM
2025-10-02,9:31:48.633114758,T,285.64,200,286.07,400,IBM
2025-10-02,9:31:48.633114758,T,285.64,100,286.07,400,IBM
2025-10-02,9:31:48.633244984,T,285.64,100,286.07,200,IBM
2025-10-02,9:31:48.643850219,T,285.64,100,286.07,100,IBM
2025-10-02,9:31:48.643860350,T,285.64,100,286.09,100,IBM
2025-10-02,9:31:50.057766301,T,285.64,200,286.09,100,IBM
2025-10-02,9:31:50.057831422,T,285.64,100,286.09,100,IBM
2025-10-02,9:31:54.629479914,T,285.59,100,286.09,100,IBM
2025-10-02,9:31:54.732159318,T,285.64,100,286.09,100,IBM
2025-10-02,9:31:54.844351315,T,285.86,100,286.09,100,IBM
2025-10-02,9:31:54.869476551,T,285.86,100,286.28,200,IBM
2025-10-02,9:31:54.869521277,T,285.86,200,286.28,200,IBM
2025-10-02,9:31:54.869521277,T,285.87,100,286.28,200,IBM
2025-10-02,9:31:54.869561433,T,285.9,100,286.28,200,IBM
2025-10-02,9:31:54.869621556,T,285.96,100,286.28,200,IBM
2025-10-02,9:31:54.870082564,T,285.96,100,286.28,300,IBM
2025-10-02,9:31:54.870829390,T,285.96,100,286.28,100,IBM
2025-10-02,9:31:54.873656114,T,285.87,100,286.28,100,IBM
2025-10-02,9:31:54.981131954,T,285.87,100,286.49,200,IBM
2025-10-02,9:31:54.981558083,T,285.87,100,286.49,300,IBM
2025-10-02,9:31:54.981979022,T,285.87,100,286.49,400,IBM
2025-10-02,9:31:55.046056581,T,285.59,100,286.49,400,IBM
2025-10-02,9:31:56.390903237,T,285.59,100,286.49,500,IBM
2025-10-02,9:31:56.391018483,T,285.58,100,286.49,500,IBM
2025-10-02,9:31:56.391058530,T,285.81,100,286.49,500,IBM
2025-10-02,9:32:00.052164491,T,285.86,100,286.49,500,IBM
2025-10-02,9:32:00.462992523,T,285.86,200,286.49,500,IBM
2025-10-02,9:32:00.462992523,T,285.86,100,286.49,500,IBM
2025-10-02,9:32:01.952578684,T,285.86,100,286.49,400,IBM
2025-10-02,9:32:01.952809255,T,285.86,100,286.49,300,IBM
2025-10-02,9:32:01.953125034,T,285.86,100,286.49,200,IBM
2025-10-02,9:32:02.942320013,T,285.94,100,286.49,200,IBM
2025-10-02,9:32:04.209997966,T,285.94,100,286.42,100,IBM
2025-10-02,9:32:04.210423874,T,285.94,100,286.42,200,IBM
2025-10-02,9:32:04.210434034,T,285.94,100,286.42,300,IBM
2025-10-02,9:32:04.500970585,T,285.94,100,286.42,200,IBM
2025-10-02,9:32:04.892036578,T,285.86,100,286.42,200,IBM
2025-10-02,9:32:04.892412457,T,285.86,100,286.26,100,IBM
2025-10-02,9:32:04.892798498,T,285.82,100,286.26,100,IBM
2025-10-02,9:32:04.893018956,T,285.82,100,286.27,100,IBM
2025-10-02,9:32:04.893018956,T,285.82,100,286.1,100,IBM
2025-10-02,9:32:04.893114178,T,285.81,100,286.1,100,IBM
2025-10-02,9:32:04.893444996,T,285.5,300,286.1,100,IBM
2025-10-02,9:32:04.893465009,T,285.5,200,286.1,100,IBM
2025-10-02,9:32:04.893730600,T,285.5,200,286.27,100,IBM
2025-10-02,9:32:04.893800766,T,285.5,200,286.39,100,IBM
2025-10-02,9:32:04.893931094,T,285.5,200,286.1,100,IBM
2025-10-02,9:32:04.895414604,T,284.63,100,286.1,100,IBM
2025-10-02,9:32:04.895424689,T,285.3,200,286.1,100,IBM
2025-10-02,9:32:04.895454790,T,285.47,100,286.1,100,IBM
2025-10-02,9:32:04.895580033,T,285.5,100,286.1,100,IBM
2025-10-02,9:32:04.902110547,T,285.56,100,286.1,100,IBM
2025-10-02,9:32:04.902130623,T,285.51,100,286.1,100,IBM
2025-10-02,9:32:04.903884788,T,285.47,100,286.1,100,IBM
2025-10-02,9:32:04.904305823,T,285.47,100,286.39,100,IBM
2025-10-02,9:32:04.905273123,T,285.47,100,286.39,200,IBM
2025-10-02,9:32:04.943469019,T,285.47,100,286.39,300,IBM
2025-10-02,9:32:04.992525848,T,285.47,100,286.39,200,IBM
2025-10-02,9:32:04.993327774,T,285.47,200,286.39,200,IBM
2025-10-02,9:32:05.396908388,T,285.5,100,286.39,200,IBM
2025-10-02,9:32:05.396978615,T,285.47,100,286.39,200,IBM
2025-10-02,9:32:05.397615173,T,285.47,100,286.39,300,IBM
2025-10-02,9:32:05.437595334,T,285.47,100,286.39,400,IBM
2025-10-02,9:32:05.909493711,T,285.47,100,286.39,300,IBM
2025-10-02,9:32:05.909493711,T,285.47,100,286.39,200,IBM
2025-10-02,9:32:07.045237619,T,285.47,100,286.39,300,IBM
2025-10-02,9:32:07.793233482,T,285.47,100,286.39,200,IBM
2025-10-02,9:32:10.534078394,T,285.47,100,286.39,300,IBM
2025-10-02,9:32:10.534123554,T,285.3,200,286.39,300,IBM
2025-10-02,9:32:10.534148591,T,285.3,200,285.48,100,IBM
2025-10-02,9:32:10.534183863,T,285.3,200,286.11,100,IBM
2025-10-02,9:32:10.534209268,T,285.3,200,286.27,100,IBM
2025-10-02,9:32:10.534229004,T,285.3,200,286.39,300,IBM
2025-10-02,9:32:10.534229004,T,285.3,200,286.27,100,IBM
2025-10-02,9:32:10.534238719,T,285.3,200,286.25,100,IBM
2025-10-02,9:32:10.534288886,T,285.3,200,285.86,100,IBM
2025-10-02,9:32:10.534298914,T,285.3,200,285.85,100,IBM
2025-10-02,9:32:10.534329512,T,285.3,200,285.67,100,IBM
2025-10-02,9:32:10.534574607,T,285.3,200,285.48,100,IBM
2025-10-02,9:32:10.534594784,T,285.3,200,285.67,100,IBM
2025-10-02,9:32:10.534619732,T,285.3,200,285.82,100,IBM
2025-10-02,9:32:10.534910282,T,285.32,100,285.82,100,IBM
2025-10-02,9:32:10.535045669,T,285.47,100,285.82,100,IBM
2025-10-02,9:32:10.535321396,T,285.47,100,285.82,200,IBM
2025-10-02,9:32:10.535997868,T,285.32,100,285.82,200,IBM
2025-10-02,9:32:10.545320095,T,285.32,100,285.82,100,IBM
2025-10-02,9:32:10.546207233,T,285.32,100,285.82,200,IBM
2025-10-02,9:32:10.585054798,T,285.32,100,285.82,100,IBM
2025-10-02,9:32:13.809586103,T,285.32,100,285.82,200,IBM
2025-10-02,9:32:13.837166662,T,285.04,200,285.82,200,IBM
2025-10-02,9:32:13.837286982,T,285.04,200,285.82,100,IBM
2025-10-02,9:32:13.860727760,T,285.04,200,286.46,200,IBM
2025-10-02,9:32:14.591106671,T,285.04,200,286.27,100,IBM
2025-10-02,9:32:14.592149120,T,285.42,100,286.27,100,IBM
2025-10-02,9:32:17.195697363,T,285.42,100,286.12,100,IBM
2025-10-02,9:32:17.196118419,T,285.42,100,286.12,200,IBM
2025-10-02,9:32:17.196128412,T,285.42,100,286.12,300,IBM
2025-10-02,9:32:18.981022574,T,285.42,100,286.12,400,IBM
2025-10-02,9:32:21.411473700,T,285.42,200,286.12,400,IBM
2025-10-02,9:32:21.447138505,T,285.5,100,286.12,400,IBM
2025-10-02,9:32:21.447173647,T,285.42,200,286.12,400,IBM
2025-10-02,9:32:21.447173647,T,285.5,100,286.12,400,IBM
2025-10-02,9:32:21.447183629,T,285.64,100,286.12,400,IBM
2025-10-02,9:32:21.447739930,T,285.64,100,286.12,300,IBM
2025-10-02,9:32:21.463718134,T,285.64,100,286.12,200,IBM
2025-10-02,9:32:23.721102054,T,285.64,100,286.12,100,IBM
2025-10-02,9:32:23.721522995,T,285.64,100,286.27,200,IBM
2025-10-02,9:32:25.224701792,T,285.64,100,286.27,300,IBM
2025-10-02,9:32:25.225483582,T,285.66,100,286.27,300,IBM
2025-10-02,9:32:25.230224882,T,285.66,100,286.27,100,IBM
2025-10-02,9:32:28.040494823,T,285.66,200,286.27,100,IBM
2025-10-02,9:32:28.824245839,T,285.66,300,286.27,100,IBM
2025-10-02,9:32:28.824245839,T,285.89,100,286.27,100,IBM
2025-10-02,9:32:28.824426253,T,285.89,100,286.39,100,IBM
2025-10-02,9:32:28.824446339,T,285.89,100,286.46,200,IBM
2025-10-02,9:32:28.824461500,T,285.9,100,286.46,200,IBM
2025-10-02,9:32:28.824476426,T,285.97,100,286.46,200,IBM
2025-10-02,9:32:28.824511557,T,286.08,100,286.46,200,IBM
2025-10-02,9:32:28.824897367,T,286.08,100,286.57,100,IBM
2025-10-02,9:32:28.832776182,T,285.91,100,286.57,100,IBM
2025-10-02,9:32:28.832801198,T,285.9,100,286.57,100,IBM
2025-10-02,9:32:29.163839389,T,285.89,100,286.57,100,IBM
2025-10-02,9:32:29.163839389,T,285.9,100,286.57,100,IBM
2025-10-02,9:32:29.163879544,T,286.08,100,286.57,100,IBM
2025-10-02,9:32:30.644524190,T,285.9,100,286.57,100,IBM
2025-10-02,9:32:30.644549341,T,285.89,100,286.57,100,IBM
2025-10-02,9:32:31.633348251,T,285.66,100,286.57,100,IBM
2025-10-02,9:32:34.585250744,T,285.93,100,286.57,100,IBM
2025-10-02,9:32:41.257319453,T,286.08,100,286.57,100,IBM
2025-10-02,9:32:41.865412047,T,286.08,100,286.79,200,IBM
2025-10-02,9:32:42.501541552,T,286.08,200,286.79,200,IBM
2025-10-02,9:32:42.501551686,T,286.09,100,286.79,200,IBM
2025-10-02,9:32:42.501556518,T,286.14,100,286.79,200,IBM
2025-10-02,9:32:42.501596678,T,286.23,100,286.79,200,IBM
2025-10-02,9:32:42.502664323,T,286.23,200,286.79,200,IBM
2025-10-02,9:32:42.502689322,T,286.35,100,286.79,200,IBM
2025-10-02,9:32:42.515229112,T,286.35,100,287.19,100,IBM
2025-10-02,9:32:42.515239061,T,286.35,100,286.96,200,IBM
2025-10-02,9:32:43.560858403,T,286.42,100,286.96,200,IBM
2025-10-02,9:32:43.560903616,T,286.55,100,286.96,200,IBM
2025-10-02,9:32:43.561114060,T,286.42,100,286.96,200,IBM
2025-10-02,9:32:43.561219573,T,286.42,100,287.6,100,IBM
2025-10-02,9:32:43.561219573,T,286.42,100,287.16,200,IBM
2025-10-02,9:32:43.561249363,T,286.55,100,287.16,200,IBM
2025-10-02,9:32:43.561394730,T,286.42,100,287.16,200,IBM
2025-10-02,9:32:43.569975059,T,286.35,100,287.16,200,IBM
2025-10-02,9:32:43.570426163,T,286.42,100,287.16,200,IBM
2025-10-02,9:32:43.573292995,T,286.35,100,287.16,200,IBM
2025-10-02,9:32:45.477310758,T,286.12,100,287.16,200,IBM
2025-10-02,9:32:46.543899944,T,286.33,100,287.16,200,IBM
2025-10-02,9:32:46.864909106,T,286.33,100,287.16,300,IBM
2025-10-02,9:32:57.315738711,T,286.33,100,286.85,100,IBM
2025-10-02,9:32:57.316620804,T,286.28,300,286.85,100,IBM
2025-10-02,9:32:57.369812507,T,286.28,300,287.05,100,IBM
2025-10-02,9:32:57.516050579,T,286.28,300,287.16,200,IBM
2025-10-02,9:32:57.516080645,T,286.28,300,287.05,100,IBM
2025-10-02,9:32:57.516080645,T,286.28,300,287.0,100,IBM
2025-10-02,9:32:57.516090716,T,286.28,300,286.91,100,IBM
2025-10-02,9:32:57.517088103,T,286.28,300,286.99,100,IBM
2025-10-02,9:32:57.524385479,T,286.28,300,287.16,200,IBM
2025-10-02,9:32:57.556241265,T,286.28,300,287.05,100,IBM
2025-10-02,9:32:58.038063333,T,286.28,300,287.16,200,IBM
2025-10-02,9:32:58.310201206,T,286.28,300,287.05,100,IBM
2025-10-02,9:32:59.041131367,T,286.28,300,287.16,200,IBM
2025-10-02,9:32:59.956821345,T,286.3,100,287.16,200,IBM
2025-10-02,9:33:00.621047635,T,286.3,100,287.05,100,IBM
2025-10-02,9:33:00.621062706,T,286.3,100,286.86,100,IBM
2025-10-02,9:33:00.629367416,T,286.3,100,287.05,100,IBM
2025-10-02,9:33:01.361685766,T,286.3,100,287.16,200,IBM
2025-10-02,9:33:01.375689191,T,286.3,100,286.86,100,IBM
2025-10-02,9:33:03.141006755,T,286.3,100,286.7,100,IBM
2025-10-02,9:33:03.142064233,T,286.3,100,286.86,100,IBM
2025-10-02,9:33:03.461188976,T,286.3,100,286.86,200,IBM
2025-10-02,9:33:03.542317125,T,286.3,100,286.86,100,IBM
2025-10-02,9:33:10.266124233,T,286.3,100,286.86,200,IBM
2025-10-02,9:33:15.763416417,T,286.34,100,286.86,200,IBM
2025-10-02,9:33:15.764559170,T,286.31,100,286.86,200,IBM
2025-10-02,9:33:15.771716097,T,286.3,100,286.86,200,IBM
2025-10-02,9:33:17.952166953,T,286.28,300,286.86,200,IBM
2025-10-02,9:33:18.101101501,T,286.28,300,286.86,100,IBM
2025-10-02,9:33:18.525852705,T,286.43,100,286.86,100,IBM
2025-10-02,9:33:18.525867759,T,286.31,100,286.86,100,IBM
2025-10-02,9:33:18.525867759,T,286.5,100,286.86,100,IBM
2025-10-02,9:33:18.526048191,T,286.5,100,286.91,100,IBM
2025-10-02,9:33:18.526784925,T,286.31,100,286.91,100,IBM
2025-10-02,9:33:18.526799915,T,286.28,300,286.91,100,IBM
2025-10-02,9:33:21.481689758,T,286.43,100,286.91,100,IBM
2025-10-02,9:33:25.044080341,T,286.38,100,286.91,100,IBM
2025-10-02,9:33:25.279741411,T,286.38,300,286.91,100,IBM
2025-10-02,9:33:28.930778294,T,286.6,100,286.91,100,IBM
2025-10-02,9:33:28.930873567,T,286.65,100,286.91,100,IBM
2025-10-02,9:33:28.931284506,T,286.74,100,286.91,100,IBM
2025-10-02,9:33:28.931720513,T,286.74,100,287.01,100,IBM
2025-10-02,9:33:28.931745660,T,286.87,100,287.01,100,IBM
2025-10-02,9:33:28.931760634,T,286.76,100,287.01,100,IBM
2025-10-02,9:33:28.932146538,T,286.76,100,287.15,200,IBM
2025-10-02,9:33:28.933635056,T,286.76,100,287.6,100,IBM
2025-10-02,9:33:28.933640162,T,286.76,100,287.4,200,IBM
2025-10-02,9:33:28.934111290,T,286.76,100,287.4,300,IBM
2025-10-02,9:33:28.934111290,T,286.76,100,287.31,100,IBM
2025-10-02,9:33:28.934141385,T,286.76,100,287.3,100,IBM
2025-10-02,9:33:28.935609881,T,286.76,100,287.05,100,IBM
2025-10-02,9:33:28.935629885,T,286.76,100,287.19,100,IBM
2025-10-02,9:33:28.935634868,T,286.76,100,287.05,100,IBM
2025-10-02,9:33:28.935639819,T,286.74,100,287.05,100,IBM
2025-10-02,9:33:28.935669946,T,286.43,100,287.05,100,IBM
2025-10-02,9:33:28.936522060,T,286.46,100,287.05,100,IBM
2025-10-02,9:33:29.288159130,T,286.46,100,287.4,200,IBM
2025-10-02,9:33:29.292649779,T,286.6,100,287.4,200,IBM
2025-10-02,9:33:29.292664954,T,286.74,100,287.4,200,IBM
2025-10-02,9:33:29.292664954,T,286.75,100,287.4,200,IBM
2025-10-02,9:33:29.292684853,T,286.74,100,287.4,200,IBM
2025-10-02,9:33:29.292689923,T,286.75,100,287.4,200,IBM
2025-10-02,9:33:29.300959581,T,286.74,100,287.4,200,IBM
2025-10-02,9:33:29.300984633,T,286.6,100,287.4,200,IBM
2025-10-02,9:33:29.303701035,T,286.74,100,287.4,200,IBM
2025-10-02,9:33:29.976076784,T,286.46,100,287.4,200,IBM
2025-10-02,9:33:29.976297296,T,286.43,100,287.4,200,IBM
2025-10-02,9:33:29.976593072,T,286.38,400,287.4,200,IBM
2025-10-02,9:33:29.976623112,T,286.38,300,287.4,200,IBM
2025-10-02,9:33:32.920766984,T,286.63,100,287.4,200,IBM
2025-10-02,9:33:32.928545586,T,286.63,100,287.32,100,IBM
2025-10-02,9:33:35.177429522,T,286.63,300,287.32,100,IBM
2025-10-02,9:33:43.830945383,T,286.8,100,287.32,100,IBM
2025-10-02,9:33:43.834975048,T,286.63,300,287.32,100,IBM
2025-10-02,9:34:02.356192749,T,286.63,200,287.32,100,IBM
2025-10-02,9:34:08.824240754,T,286.65,100,287.32,100,IBM
2025-10-02,9:34:14.622900445,T,286.63,200,287.32,100,IBM
2025-10-02,9:34:19.561397039,T,286.63,200,287.09,100,IBM
2025-10-02,9:34:19.613210381,T,286.63,200,287.4,200,IBM
2025-10-02,9:34:22.930888639,T,286.79,100,287.4,200,IBM
2025-10-02,9:34:23.499136485,T,286.81,200,287.4,200,IBM
2025-10-02,9:34:23.943484341,T,286.95,100,287.4,200,IBM
2025-10-02,9:34:23.943639683,T,286.95,200,287.4,200,IBM
2025-10-02,9:34:23.943659719,T,286.96,100,287.4,200,IBM
2025-10-02,9:34:23.943895215,T,286.96,100,287.19,100,IBM
2025-10-02,9:34:23.944140846,T,286.96,100,287.19,200,IBM
2025-10-02,9:34:23.944251089,T,286.96,100,287.19,300,IBM
2025-10-02,9:34:23.944351305,T,286.96,100,287.19,400,IBM
2025-10-02,9:34:23.951804104,T,286.97,100,287.19,400,IBM
2025-10-02,9:34:23.951829169,T,286.96,100,287.19,400,IBM
2025-10-02,9:34:23.951844242,T,286.96,100,287.19,300,IBM
2025-10-02,9:34:23.951849444,T,286.96,100,287.19,200,IBM
2025-10-02,9:34:23.951849444,T,286.96,100,287.19,100,IBM
2025-10-02,9:34:23.951849444,T,286.96,100,287.4,200,IBM
2025-10-02,9:34:23.951879269,T,286.95,100,287.4,200,IBM
2025-10-02,9:34:23.951939406,T,286.96,100,287.4,200,IBM
2025-10-02,9:34:23.955502844,T,286.96,100,287.41,100,IBM
2025-10-02,9:34:23.960244238,T,286.95,100,287.41,100,IBM
2025-10-02,9:34:23.960705280,T,286.96,100,287.41,100,IBM
2025-10-02,9:34:23.989062739,T,286.96,100,287.61,200,IBM
2025-10-02,9:34:24.070767368,T,286.96,100,287.59,100,IBM
2025-10-02,9:34:24.917693360,T,286.96,100,287.61,200,IBM
2025-10-02,9:34:25.351596410,T,286.81,200,287.61,200,IBM
2025-10-02,9:34:26.396559042,T,287.11,100,287.61,200,IBM
2025-10-02,9:34:26.794045357,T,287.12,100,287.61,200,IBM
2025-10-02,9:34:27.985672134,T,287.12,100,287.58,100,IBM
2025-10-02,9:34:29.128061792,T,287.17,200,287.58,100,IBM
2025-10-02,9:34:29.441803719,T,287.17,200,287.42,100,IBM
2025-10-02,9:34:29.492083430,T,287.17,200,287.61,200,IBM
2025-10-02,9:34:33.488272070,T,287.17,200,287.58,100,IBM
2025-10-02,9:34:33.497198266,T,287.17,300,287.58,100,IBM
2025-10-02,9:34:33.649044766,T,287.17,200,287.58,100,IBM
2025-10-02,9:34:35.165745460,T,287.17,100,287.58,100,IBM
2025-10-02,9:34:35.165815644,T,287.12,300,287.58,100,IBM
2025-10-02,9:34:35.165825677,T,287.12,300,287.46,100,IBM
2025-10-02,9:34:35.165911032,T,287.12,300,287.42,100,IBM
2025-10-02,9:34:35.165981031,T,287.12,300,287.38,100,IBM
2025-10-02,9:34:35.166081334,T,287.12,300,287.33,100,IBM
2025-10-02,9:34:35.166848217,T,287.12,200,287.33,100,IBM
2025-10-02,9:34:35.166848217,T,287.12,100,287.33,100,IBM
2025-10-02,9:34:35.166868531,T,286.87,100,287.33,100,IBM
2025-10-02,9:34:35.166898288,T,286.87,100,287.31,100,IBM
2025-10-02,9:34:35.167163863,T,286.87,200,287.31,100,IBM
2025-10-02,9:34:35.168291571,T,286.87,200,287.33,100,IBM
2025-10-02,9:34:35.168371802,T,286.87,100,287.33,100,IBM
2025-10-02,9:34:35.174130430,T,286.87,100,287.44,100,IBM
2025-10-02,9:34:36.150645127,T,286.96,100,287.44,100,IBM
2025-10-02,9:34:36.928361471,T,286.96,100,287.61,200,IBM
2025-10-02,9:34:38.360791764,T,286.96,100,287.6,100,IBM
2025-10-02,9:34:38.360811785,T,286.96,100,287.61,300,IBM
2025-10-02,9:34:38.761696177,T,286.96,100,287.61,200,IBM
2025-10-02,9:34:40.924314634,T,286.96,100,287.58,100,IBM
2025-10-02,9:34:47.937324921,T,287.2,100,287.58,100,IBM
2025-10-02,9:34:53.127250423,T,287.15,100,287.58,100,IBM
2025-10-02,9:34:53.127270675,T,287.15,100,287.47,100,IBM
2025-10-02,9:34:53.128052328,T,287.15,100,287.58,100,IBM
2025-10-02,9:34:53.674713707,T,287.15,100,287.58,200,IBM
2025-10-02,9:34:55.277253928,T,287.15,100,287.58,100,IBM
2025-10-02,9:35:01.988470671,T,287.27,100,287.58,100,IBM
2025-10-02,9:35:01.996770500,T,287.23,100,287.58,100,IBM
2025-10-02,9:35:02.088473688,T,287.15,100,287.58,100,IBM
2025-10-02,9:35:02.673757060,T,287.03,100,287.58,100,IBM
2025-10-02,9:35:02.702044471,T,287.03,100,287.5,100,IBM
2025-10-02,9:35:02.757516446,T,287.03,100,287.58,100,IBM
2025-10-02,9:35:03.781143413,T,287.03,100,287.8,300,IBM
2025-10-02,9:35:08.944650523,T,287.03,100,287.67,100,IBM
2025-10-02,9:35:09.854421260,T,287.03,100,287.67,200,IBM
2025-10-02,9:35:09.855473785,T,287.03,100,287.67,100,IBM
2025-10-02,9:35:10.067077492,T,287.03,100,287.5,100,IBM
2025-10-02,9:35:10.334479137,T,287.03,100,287.67,100,IBM
2025-10-02,9:35:11.523434986,T,286.82,200,287.67,100,IBM
2025-10-02,9:35:11.585071301,T,286.82,200,287.66,100,IBM
2025-10-02,9:35:11.585136616,T,286.82,200,287.6,100,IBM
2025-10-02,9:35:11.585141863,T,286.82,200,287.44,100,IBM
2025-10-02,9:35:11.585372024,T,286.82,200,287.43,100,IBM
2025-10-02,9:35:11.586474679,T,286.82,200,287.41,100,IBM
2025-10-02,9:35:11.586514767,T,286.82,300,287.41,100,IBM
2025-10-02,9:35:11.587316715,T,286.82,200,287.41,100,IBM
2025-10-02,9:35:11.589702344,T,286.82,200,287.43,100,IBM
2025-10-02,9:35:11.589732434,T,286.82,200,287.6,100,IBM
2025-10-02,9:35:11.589792630,T,286.82,200,287.67,100,IBM
2025-10-02,9:35:12.085728218,T,286.82,200,287.49,100,IBM
2025-10-02,9:35:12.269881589,T,286.82,200,287.67,100,IBM
2025-10-02,9:35:12.949850346,T,286.82,200,287.49,100,IBM
2025-10-02,9:35:17.295571316,T,286.54,100,287.49,100,IBM
2025-10-02,9:35:17.295571316,T,286.62,200,287.49,100,IBM
2025-10-02,9:35:17.296372778,T,286.62,200,287.28,100,IBM
2025-10-02,9:35:19.121828566,T,286.62,200,287.8,300,IBM
2025-10-02,9:35:19.122214463,T,286.69,100,287.8,300,IBM
2025-10-02,9:35:21.337984374,T,286.79,100,287.8,300,IBM
2025-10-02,9:35:23.116884282,T,286.79,100,287.45,100,IBM
2025-10-02,9:35:26.444826943,T,287.04,100,287.45,100,IBM
2025-10-02,9:35:26.444841960,T,287.05,100,287.45,100,IBM
2025-10-02,9:35:26.444866947,T,287.16,100,287.45,100,IBM
2025-10-02,9:35:26.445087492,T,287.16,100,287.8,300,IBM
2025-10-02,9:35:27.649479723,T,287.03,100,287.8,300,IBM
2025-10-02,9:35:30.440604531,T,287.03,100,287.57,100,IBM
2025-10-02,9:35:30.440699759,T,287.01,100,287.57,100,IBM
2025-10-02,9:35:30.440734814,T,287.0,100,287.57,100,IBM
2025-10-02,9:35:30.441025442,T,286.82,200,287.57,100,IBM
2025-10-02,9:35:34.734351286,T,287.01,100,287.57,100,IBM
2025-10-02,9:35:35.560257564,T,286.82,200,287.57,100,IBM
2025-10-02,9:35:36.888519905,T,287.01,100,287.57,100,IBM
2025-10-02,9:35:37.538121260,T,286.82,200,287.57,100,IBM
2025-10-02,9:35:38.483396468,T,287.01,100,287.57,100,IBM
2025-10-02,9:35:38.526970308,T,286.82,200,287.57,100,IBM
2025-10-02,9:35:38.966471551,T,287.01,100,287.57,100,IBM
2025-10-02,9:35:39.515829391,T,286.82,200,287.57,100,IBM
2025-10-02,9:35:39.724912099,T,287.01,100,287.57,100,IBM
2025-10-02,9:35:40.379274850,T,287.04,100,287.57,100,IBM
2025-10-02,9:35:40.504533054,T,287.01,100,287.57,100,IBM
2025-10-02,9:35:44.851672062,T,286.82,200,287.57,100,IBM
2025-10-02,9:35:44.851732241,T,286.82,200,287.49,100,IBM
2025-10-02,9:35:44.852719452,T,286.82,200,287.57,100,IBM
2025-10-02,9:35:44.853065288,T,286.82,200,287.33,100,IBM
2025-10-02,9:35:45.073565272,T,287.01,100,287.33,100,IBM
2025-10-02,9:35:45.448953959,T,286.82,200,287.33,100,IBM
2025-10-02,9:35:45.453685195,T,287.01,100,287.33,100,IBM
2025-10-02,9:35:46.437802866,T,286.82,200,287.33,100,IBM
2025-10-02,9:35:46.530849510,T,287.01,100,287.33,100,IBM
2025-10-02,9:35:47.426511684,T,286.82,200,287.33,100,IBM
2025-10-02,9:35:48.520425962,T,287.03,100,287.33,100,IBM
2025-10-02,9:35:48.823016523,T,287.04,100,287.33,100,IBM
2025-10-02,9:35:49.127501122,T,287.04,100,287.7,200,IBM
2025-10-02,9:35:49.404370300,T,287.03,100,287.7,200,IBM
2025-10-02,9:35:49.811674949,T,287.05,100,287.7,200,IBM
2025-10-02,9:35:49.811679905,T,287.16,100,287.7,200,IBM
2025-10-02,9:35:49.811690507,T,287.17,100,287.7,200,IBM
2025-10-02,9:35:49.811715109,T,287.19,100,287.7,200,IBM
2025-10-02,9:35:49.812421723,T,287.17,100,287.7,200,IBM
2025-10-02,9:35:51.381933103,T,287.04,100,287.7,200,IBM
2025-10-02,9:35:53.133162136,T,287.04,100,287.64,100,IBM
2025-10-02,9:35:58.588218554,T,287.16,100,287.64,100,IBM
2025-10-02,9:35:58.588258680,T,287.04,100,287.64,100,IBM
2025-10-02,9:35:58.588258680,T,287.33,100,287.64,100,IBM
2025-10-02,9:35:58.588258680,T,287.4,100,287.64,100,IBM
2025-10-02,9:35:58.588459109,T,287.45,100,287.64,100,IBM
2025-10-02,9:35:58.588534349,T,287.4,100,287.64,100,IBM
2025-10-02,9:35:58.588564354,T,287.45,100,287.64,100,IBM
2025-10-02,9:35:58.588744863,T,287.46,100,287.64,100,IBM
2025-10-02,9:35:58.588784979,T,287.52,100,287.64,100,IBM
2025-10-02,9:35:58.588794921,T,287.46,100,287.64,100,IBM
2025-10-02,9:35:58.588835017,T,287.33,100,287.64,100,IBM
2025-10-02,9:35:58.588860160,T,286.99,200,287.64,100,IBM
2025-10-02,9:35:58.588885147,T,286.99,100,287.64,100,IBM
2025-10-02,9:35:58.589185885,T,286.99,200,287.64,100,IBM
2025-10-02,9:35:58.589190882,T,287.03,100,287.64,100,IBM
2025-10-02,9:35:58.589200936,T,287.04,100,287.64,100,IBM
2025-10-02,9:35:58.589250994,T,287.05,100,287.64,100,IBM
2025-10-02,9:35:58.589256066,T,287.03,100,287.64,100,IBM
2025-10-02,9:35:58.589266092,T,287.04,100,287.64,100,IBM
2025-10-02,9:35:58.589346555,T,287.05,100,287.64,100,IBM
2025-10-02,9:35:58.589682037,T,287.05,100,287.8,200,IBM
2025-10-02,9:35:58.590047983,T,287.15,100,287.8,200,IBM
2025-10-02,9:35:59.879748267,T,287.25,200,287.8,200,IBM
2025-10-02,9:35:59.886203568,T,287.41,100,287.8,200,IBM
2025-10-02,9:35:59.886589563,T,287.25,300,287.8,200,IBM
2025-10-02,9:35:59.886589563,T,287.45,100,287.8,200,IBM
2025-10-02,9:35:59.894508429,T,287.25,200,287.8,200,IBM
2025-10-02,9:36:04.141524018,T,287.15,100,287.8,200,IBM
2025-10-02,9:36:17.878331105,T,287.2,100,287.8,200,IBM
2025-10-02,9:36:18.359286030,T,287.34,100,287.8,200,IBM
2025-10-02,9:36:21.675340454,T,287.46,100,287.8,200,IBM
2025-10-02,9:36:21.675340454,T,287.34,100,287.8,200,IBM
2025-10-02,9:36:21.675420643,T,287.34,200,287.8,200,IBM
2025-10-02,9:36:21.675681338,T,287.46,100,287.8,200,IBM
2025-10-02,9:36:21.675691239,T,287.52,100,287.8,200,IBM
2025-10-02,9:36:21.675696466,T,287.53,100,287.8,200,IBM
2025-10-02,9:36:21.675721355,T,287.54,100,287.8,200,IBM
2025-10-02,9:36:21.675921827,T,287.53,100,287.8,200,IBM
2025-10-02,9:36:21.675996917,T,287.54,100,287.8,200,IBM
2025-10-02,9:36:21.676257544,T,287.53,100,287.8,200,IBM
2025-10-02,9:36:21.676483248,T,287.34,200,287.8,200,IBM
2025-10-02,9:36:21.676483248,T,287.53,100,287.8,200,IBM
2025-10-02,9:36:21.676508127,T,287.52,100,287.8,200,IBM
2025-10-02,9:36:21.677039448,T,287.54,100,287.8,200,IBM
2025-10-02,9:36:21.677410315,T,287.52,100,287.8,200,IBM
2025-10-02,9:36:21.677470705,T,287.34,100,287.8,200,IBM
2025-10-02,9:36:21.677651227,T,287.34,100,287.79,100,IBM
2025-10-02,9:36:21.677651227,T,287.34,100,287.79,200,IBM
2025-10-02,9:36:25.186353842,T,287.2,100,287.79,200,IBM
2025-10-02,9:36:25.186378920,T,287.16,100,287.79,200,IBM
2025-10-02,9:36:29.192100007,T,287.16,200,287.79,200,IBM
2025-10-02,9:36:30.044163442,T,287.16,200,287.78,100,IBM
2025-10-02,9:36:30.044619543,T,287.16,200,287.78,200,IBM
2025-10-02,9:36:30.205963634,T,287.16,200,287.78,100,IBM
2025-10-02,9:36:36.844121617,T,287.16,200,287.78,200,IBM
2025-10-02,9:36:36.844177195,T,287.16,200,287.78,300,IBM
2025-10-02,9:36:36.844177195,T,287.16,100,287.78,300,IBM
2025-10-02,9:36:36.844196818,T,287.16,100,287.78,100,IBM
2025-10-02,9:36:36.844221847,T,287.16,100,287.52,100,IBM
2025-10-02,9:36:38.011495744,T,287.16,100,287.78,100,IBM
2025-10-02,9:36:38.011515867,T,287.16,100,287.43,100,IBM
2025-10-02,9:36:38.012027112,T,287.04,100,287.43,100,IBM
2025-10-02,9:36:38.440406858,T,287.16,100,287.43,100,IBM
2025-10-02,9:36:43.652655348,T,287.16,100,287.61,100,IBM
2025-10-02,9:36:43.652695451,T,287.2,100,287.61,100,IBM
2025-10-02,9:36:43.652815827,T,287.25,100,287.61,100,IBM
2025-10-02,9:36:43.653082292,T,287.26,100,287.61,100,IBM
2025-10-02,9:36:43.653432287,T,287.2,100,287.61,100,IBM
2025-10-02,9:36:43.653497434,T,287.2,100,287.8,300,IBM
2025-10-02,9:36:43.752723581,T,287.16,100,287.8,300,IBM
2025-10-02,9:36:44.114750395,T,287.16,100,287.8,200,IBM
2025-10-02,9:36:44.235542941,T,287.16,100,287.8,300,IBM
2025-10-02,9:36:45.202660290,T,287.26,100,287.8,300,IBM
2025-10-02,9:36:45.253310881,T,287.16,100,287.8,300,IBM
2025-10-02,9:36:45.581341823,T,287.2,100,287.8,300,IBM
2025-10-02,9:36:51.771924341,T,287.2,100,287.75,100,IBM
2025-10-02,9:37:04.601481857,T,287.2,100,287.71,100,IBM
2025-10-02,9:37:04.602534327,T,287.2,100,287.75,100,IBM
2025-10-02,9:37:04.698587973,T,287.2,100,287.57,100,IBM
2025-10-02,9:37:04.698618051,T,287.16,100,287.57,100,IBM
2025-10-02,9:37:04.699625506,T,287.16,100,287.57,200,IBM
2025-10-02,9:37:04.751854739,T,287.16,100,287.57,100,IBM
2025-10-02,9:37:06.194729616,T,287.16,100,287.57,200,IBM
2025-10-02,9:37:06.424045602,T,287.04,100,287.57,200,IBM
2025-10-02,9:37:06.424045602,T,287.04,100,287.57,100,IBM
2025-10-02,9:37:06.424070648,T,287.04,100,287.57,200,IBM
2025-10-02,9:37:06.424080670,T,287.04,100,287.44,100,IBM
2025-10-02,9:37:06.424150741,T,287.03,100,287.44,100,IBM
2025-10-02,9:37:06.424170867,T,287.03,100,287.51,100,IBM
2025-10-02,9:37:06.424170867,T,287.03,100,287.42,100,IBM
2025-10-02,9:37:06.428170364,T,287.03,100,287.44,200,IBM
2025-10-02,9:37:06.428205454,T,287.03,100,287.44,100,IBM
2025-10-02,9:37:06.434340038,T,287.03,100,287.56,100,IBM
2025-10-02,9:37:06.475032068,T,286.84,200,287.56,100,IBM
2025-10-02,9:37:06.524093815,T,286.84,200,287.57,100,IBM
2025-10-02,9:37:06.643643354,T,286.84,200,287.45,100,IBM
2025-10-02,9:37:09.118114185,T,286.84,200,287.57,100,IBM
2025-10-02,9:37:09.118510120,T,286.84,200,287.45,100,IBM
2025-10-02,9:37:10.543893325,T,286.84,200,287.57,100,IBM
2025-10-02,9:37:32.119822597,T,286.84,200,287.57,200,IBM
2025-10-02,9:37:33.599690598,T,286.84,200,287.45,100,IBM
2025-10-02,9:37:33.736375956,T,286.92,100,287.45,100,IBM
2025-10-02,9:37:41.305811084,T,286.97,100,287.45,100,IBM
2025-10-02,9:37:43.394794016,T,286.97,100,287.57,100,IBM
2025-10-02,9:37:43.854809169,T,286.92,100,287.57,100,IBM
2025-10-02,9:37:43.854859321,T,287.19,100,287.57,100,IBM
2025-10-02,9:37:49.284234743,T,286.92,100,287.57,100,IBM
2025-10-02,9:37:49.285708330,T,287.04,100,287.57,100,IBM
2025-10-02,9:37:49.285773412,T,287.1,100,287.57,100,IBM
2025-10-02,9:37:49.285843582,T,287.1,100,287.8,200,IBM
2025-10-02,9:37:49.286024126,T,287.2,100,287.8,200,IBM
2025-10-02,9:37:49.286104200,T,287.21,100,287.8,200,IBM
2025-10-02,9:37:49.286364887,T,287.2,100,287.8,200,IBM
2025-10-02,9:37:49.286575306,T,287.2,100,287.8,300,IBM
2025-10-02,9:37:49.286785821,T,287.2,100,287.8,400,IBM
2025-10-02,9:37:49.286805926,T,287.14,100,287.8,400,IBM
2025-10-02,9:37:49.296719523,T,287.14,100,287.8,300,IBM
2025-10-02,9:37:49.297010116,T,287.14,100,287.8,400,IBM
2025-10-02,9:37:49.297220698,T,287.14,100,287.8,500,IBM
2025-10-02,9:37:49.297391069,T,287.14,100,287.8,400,IBM
2025-10-02,9:37:49.540249262,T,287.14,100,287.8,300,IBM
2025-10-02,9:37:49.540480066,T,287.14,100,287.8,200,IBM
2025-10-02,9:37:49.541361808,T,287.14,100,287.8,300,IBM
2025-10-02,9:37:54.286067206,T,287.14,100,287.76,100,IBM
2025-10-02,9:37:59.505352323,T,287.14,100,287.71,100,IBM
2025-10-02,9:37:59.505497594,T,287.14,100,287.53,100,IBM
2025-10-02,9:37:59.505878571,T,286.84,200,287.53,100,IBM
2025-10-02,9:37:59.506089088,T,286.84,200,287.53,200,IBM
2025-10-02,9:37:59.513807383,T,286.84,200,287.53,100,IBM
2025-10-02,9:37:59.558729338,T,286.84,200,287.6,100,IBM
2025-10-02,9:37:59.559927212,T,286.84,200,287.6,200,IBM
2025-10-02,9:37:59.605851527,T,286.84,200,287.6,100,IBM
2025-10-02,9:38:00.007783421,T,286.84,200,287.8,300,IBM
2025-10-02,9:38:01.819371123,T,286.84,200,287.8,200,IBM
2025-10-02,9:38:03.038222750,T,286.84,200,287.8,300,IBM
2025-10-02,9:38:03.501415512,T,287.02,100,287.8,300,IBM
2025-10-02,9:38:03.511785209,T,287.02,100,287.8,200,IBM
2025-10-02,9:38:03.611282164,T,287.02,100,287.71,100,IBM
2025-10-02,9:38:05.675661522,T,287.02,100,287.65,100,IBM
2025-10-02,9:38:06.277634624,T,287.02,100,287.65,200,IBM
2025-10-02,9:38:06.277714824,T,287.02,100,287.65,300,IBM
2025-10-02,9:38:06.591662141,T,287.02,100,287.65,200,IBM
2025-10-02,9:38:34.697511571,T,287.02,100,287.65,100,IBM
2025-10-02,9:38:34.995561081,T,287.02,100,287.71,100,IBM
2025-10-02,9:38:35.226696333,T,287.02,100,287.49,100,IBM
2025-10-02,9:38:35.226706425,T,287.02,100,287.71,100,IBM
2025-10-02,9:38:35.226716435,T,287.02,100,287.68,100,IBM
2025-10-02,9:38:35.235021224,T,287.02,100,287.71,100,IBM
2025-10-02,9:38:35.277567502,T,287.02,100,287.68,100,IBM
2025-10-02,9:38:35.277582616,T,287.02,100,287.36,100,IBM
2025-10-02,9:38:35.277587483,T,287.02,100,287.67,100,IBM
2025-10-02,9:38:35.277587483,T,287.02,100,287.28,100,IBM
2025-10-02,9:38:35.278394502,T,287.02,100,287.28,200,IBM
2025-10-02,9:38:35.281567023,T,286.84,200,287.28,200,IBM
2025-10-02,9:38:35.282845023,T,286.84,200,287.28,300,IBM
2025-10-02,9:38:35.285892332,T,286.84,200,287.28,200,IBM
2025-10-02,9:38:35.288623802,T,286.84,200,287.28,300,IBM
2025-10-02,9:38:35.306967544,T,286.84,200,287.28,400,IBM
2025-10-02,9:38:35.307258112,T,286.84,200,287.28,300,IBM
2025-10-02,9:38:35.307268219,T,286.84,200,287.28,400,IBM
2025-10-02,9:38:35.307488659,T,286.84,200,287.28,300,IBM
2025-10-02,9:38:35.307498764,T,286.84,200,287.28,200,IBM
2025-10-02,9:38:35.307674150,T,286.84,200,287.28,100,IBM
2025-10-02,9:38:35.311202600,T,286.29,100,287.28,100,IBM
2025-10-02,9:38:35.311207561,T,286.65,200,287.28,100,IBM
2025-10-02,9:38:36.203536855,T,286.65,200,287.54,100,IBM
2025-10-02,9:38:37.051064559,T,286.69,100,287.54,100,IBM
2025-10-02,9:38:37.058652574,T,286.69,100,287.28,100,IBM
2025-10-02,9:38:37.058662522,T,286.69,100,287.54,100,IBM
2025-10-02,9:38:43.206443251,T,286.68,100,287.54,100,IBM
2025-10-02,9:38:43.218962989,T,286.68,100,287.27,100,IBM
2025-10-02,9:38:43.219173531,T,286.68,100,287.27,200,IBM
2025-10-02,9:38:43.219383994,T,286.68,100,287.27,300,IBM
2025-10-02,9:38:43.610459911,T,286.68,100,287.27,200,IBM
2025-10-02,9:38:43.610475011,T,286.68,100,287.27,100,IBM
2025-10-02,9:38:46.733369488,T,286.68,100,287.26,100,IBM
2025-10-02,9:38:49.927483638,T,286.68,100,287.26,200,IBM
2025-10-02,9:38:49.927483638,T,286.68,100,287.25,100,IBM
2025-10-02,9:38:49.927483638,T,286.68,100,287.26,200,IBM
2025-10-02,9:38:49.927683982,T,286.68,100,287.07,100,IBM
2025-10-02,9:38:49.927779156,T,286.68,100,287.06,100,IBM
2025-10-02,9:38:49.928195215,T,286.45,200,287.06,100,IBM
2025-10-02,9:38:49.928671289,T,286.45,200,287.07,100,IBM
2025-10-02,9:38:49.928711408,T,286.49,100,287.07,100,IBM
2025-10-02,9:38:49.935267090,T,286.45,200,287.07,100,IBM
2025-10-02,9:38:49.936088978,T,286.45,200,287.25,100,IBM
2025-10-02,9:38:49.973959172,T,286.45,200,287.0,100,IBM
2025-10-02,9:38:49.974194673,T,286.45,200,287.0,200,IBM
2025-10-02,9:38:54.927842464,T,286.48,100,287.0,200,IBM
2025-10-02,9:38:56.845332193,T,286.49,100,287.0,200,IBM
2025-10-02,9:38:59.802933113,T,286.54,100,287.0,200,IBM
2025-10-02,9:39:04.233686050,T,286.54,100,286.84,100,IBM
2025-10-02,9:39:04.233716439,T,286.49,100,286.84,100,IBM
2025-10-02,9:39:04.233726484,T,286.54,100,286.84,100,IBM
2025-10-02,9:39:04.233756226,T,286.54,100,286.8,100,IBM
2025-10-02,9:39:04.233766253,T,286.49,100,286.8,100,IBM
2025-10-02,9:39:04.233776316,T,286.54,100,286.8,100,IBM
2025-10-02,9:39:04.233801352,T,286.54,100,286.84,100,IBM
2025-10-02,9:39:04.233821753,T,286.49,200,286.84,100,IBM
2025-10-02,9:39:04.233826419,T,286.49,100,286.84,100,IBM
2025-10-02,9:39:04.233831435,T,286.54,100,286.84,100,IBM
2025-10-02,9:39:04.234061911,T,286.49,100,286.84,100,IBM
2025-10-02,9:39:04.234071971,T,286.54,100,286.84,100,IBM
2025-10-02,9:39:04.234087061,T,286.54,100,287.0,200,IBM
2025-10-02,9:39:04.234202328,T,286.54,100,286.84,100,IBM
2025-10-02,9:39:04.234212343,T,286.54,200,286.84,100,IBM
2025-10-02,9:39:04.234473761,T,286.54,100,286.84,100,IBM
2025-10-02,9:39:04.234473761,T,286.49,100,286.84,100,IBM
2025-10-02,9:39:04.234482994,T,286.54,100,286.84,100,IBM
2025-10-02,9:39:04.234497944,T,286.54,100,287.0,200,IBM
2025-10-02,9:39:04.234728623,T,286.54,200,287.0,200,IBM
2025-10-02,9:39:04.246511613,T,286.54,200,287.0,100,IBM
2025-10-02,9:39:04.246661921,T,286.54,200,287.12,100,IBM
2025-10-02,9:39:04.283750206,T,286.54,200,286.83,100,IBM
2025-10-02,9:39:04.286712265,T,286.54,200,286.83,200,IBM
2025-10-02,9:39:04.299066720,T,286.54,200,286.83,100,IBM
2025-10-02,9:39:04.333704118,T,286.54,200,287.12,100,IBM
2025-10-02,9:39:04.872717450,T,286.54,200,287.12,200,IBM
2025-10-02,9:39:04.872752438,T,286.54,100,287.12,200,IBM
2025-10-02,9:39:04.872762542,T,286.54,200,287.12,200,IBM
2025-10-02,9:39:04.872767611,T,286.54,100,287.12,200,IBM
2025-10-02,9:39:04.872767611,T,286.49,100,287.12,200,IBM
2025-10-02,9:39:04.872772554,T,286.54,100,287.12,200,IBM
2025-10-02,9:39:04.872792758,T,286.54,100,286.8,100,IBM
2025-10-02,9:39:04.872797594,T,286.54,100,287.12,200,IBM
2025-10-02,9:39:04.872822674,T,286.54,100,287.12,100,IBM
2025-10-02,9:39:05.321485884,T,286.54,100,286.82,100,IBM
2025-10-02,9:39:09.135084578,T,286.54,100,286.82,200,IBM
2025-10-02,9:39:13.773266255,T,286.54,100,286.82,100,IBM
2025-10-02,9:39:15.155015756,T,286.54,100,286.81,100,IBM
2025-10-02,9:39:15.155251312,T,286.54,100,286.82,100,IBM
2025-10-02,9:39:17.794479221,T,286.49,100,286.82,100,IBM
2025-10-02,9:39:17.801726514,T,286.49,100,286.81,100,IBM
2025-10-02,9:39:18.204670790,T,286.34,100,286.81,100,IBM
2025-10-02,9:39:18.204675979,T,286.34,100,286.7,100,IBM
2025-10-02,9:39:18.205487732,T,286.34,100,286.7,200,IBM
2025-10-02,9:39:18.212980576,T,286.34,100,286.7,100,IBM
2025-10-02,9:39:20.382791130,T,286.34,100,286.82,200,IBM
2025-10-02,9:39:30.147687592,T,286.34,100,286.82,100,IBM
2025-10-02,9:39:30.154022636,T,286.34,100,286.81,100,IBM
2025-10-02,9:39:30.244468024,T,286.34,100,286.82,100,IBM
2025-10-02,9:39:30.244493073,T,286.34,200,286.82,100,IBM
2025-10-02,9:39:30.244498504,T,286.57,100,286.82,100,IBM
2025-10-02,9:39:30.245169793,T,286.49,100,286.82,100,IBM
2025-10-02,9:39:30.245650861,T,286.49,100,287.13,200,IBM
2025-10-02,9:39:30.245685928,T,286.35,100,287.13,200,IBM
2025-10-02,9:39:30.245726020,T,286.57,100,287.13,200,IBM
2025-10-02,9:39:30.246227245,T,286.57,100,287.13,300,IBM
2025-10-02,9:39:30.249489996,T,286.53,100,287.13,300,IBM
2025-10-02,9:39:30.295344145,T,286.53,100,287.13,200,IBM
2025-10-02,9:39:37.213117761,T,286.53,100,286.97,100,IBM
2025-10-02,9:39:43.335096858,T,286.53,100,286.88,100,IBM
2025-10-02,9:39:43.804213593,T,286.53,100,286.88,200,IBM
2025-10-02,9:39:43.806990115,T,286.53,100,286.87,100,IBM
2025-10-02,9:39:43.808273279,T,286.53,100,286.88,100,IBM
2025-10-02,9:39:43.809040029,T,286.53,100,286.56,100,IBM
2025-10-02,9:39:43.809065127,T,286.53,100,286.88,100,IBM
2025-10-02,9:39:43.809441013,T,286.53,100,286.88,200,IBM
2025-10-02,9:39:43.809601411,T,286.32,100,286.88,200,IBM
2025-10-02,9:39:43.809651484,T,286.32,100,286.87,100,IBM
2025-10-02,9:39:43.809952202,T,286.28,100,286.87,100,IBM
2025-10-02,9:39:43.809977305,T,286.28,100,286.7,100,IBM
2025-10-02,9:39:43.812247714,T,286.28,200,286.7,100,IBM
2025-10-02,9:39:43.812277698,T,286.28,200,286.71,100,IBM
2025-10-02,9:39:43.818281996,T,286.28,200,286.87,100,IBM
2025-10-02,9:39:43.905163888,T,286.28,200,286.88,200,IBM
2025-10-02,9:39:43.909980294,T,286.28,200,286.88,100,IBM
2025-10-02,9:39:44.462430676,T,286.28,200,287.02,100,IBM
2025-10-02,9:39:45.071580681,T,286.28,200,286.75,100,IBM
2025-10-02,9:39:53.021847142,T,286.28,200,286.78,100,IBM
2025-10-02,9:39:53.021877177,T,286.29,100,286.78,100,IBM
2025-10-02,9:39:53.022433569,T,286.28,300,286.78,100,IBM
2025-10-02,9:39:53.581394266,T,286.52,100,286.78,100,IBM
2025-10-02,9:39:53.581409583,T,286.55,100,286.78,100,IBM
2025-10-02,9:39:53.589699031,T,286.52,100,286.78,100,IBM
2025-10-02,9:39:53.592095048,T,286.52,100,287.0,100,IBM
2025-10-02,9:39:53.592095048,T,286.52,100,287.03,100,IBM
2025-10-02,9:39:53.592099696,T,286.52,100,287.13,200,IBM
2025-10-02,9:39:53.592119954,T,286.55,100,287.13,200,IBM
2025-10-02,9:39:53.592124825,T,286.56,100,287.13,200,IBM
2025-10-02,9:39:53.592139743,T,286.57,100,287.13,200,IBM
2025-10-02,9:39:53.592150015,T,286.56,100,287.13,200,IBM
2025-10-02,9:39:53.600429565,T,286.55,100,287.13,200,IBM
2025-10-02,9:39:53.681492711,T,286.52,100,287.13,200,IBM
2025-10-02,9:39:53.681537550,T,286.32,100,287.13,200,IBM
2025-10-02,9:39:53.773752146,T,286.29,100,287.13,200,IBM
2025-10-02,9:39:54.396594869,T,286.32,100,287.13,200,IBM
2025-10-02,9:39:57.773980158,T,286.48,100,287.13,200,IBM
2025-10-02,9:39:58.399093246,T,286.48,100,287.0,100,IBM
2025-10-02,9:40:00.912667308,T,286.48,100,287.0,200,IBM
2025-10-02,9:40:00.913383879,T,286.28,300,287.0,200,IBM
2025-10-02,9:40:02.477462391,T,286.48,100,287.0,200,IBM
2025-10-02,9:40:02.478209165,T,286.52,100,287.0,200,IBM
2025-10-02,9:40:02.599147174,T,286.46,200,287.0,200,IBM
2025-10-02,9:40:02.599152125,T,286.52,100,287.0,200,IBM
2025-10-02,9:40:02.610298691,T,286.46,100,287.0,200,IBM
2025-10-02,9:40:02.649717509,T,286.52,100,287.0,200,IBM
2025-10-02,9:40:02.676015009,T,286.63,100,287.0,200,IBM
2025-10-02,9:40:02.676040135,T,286.67,100,287.0,200,IBM
2025-10-02,9:40:02.676320780,T,286.67,100,287.0,100,IBM
2025-10-02,9:40:02.684324859,T,286.61,100,287.0,100,IBM
2025-10-02,9:40:02.693797351,T,286.52,100,287.0,100,IBM
2025-10-02,9:40:02.693797351,T,286.63,100,287.0,100,IBM
2025-10-02,9:40:02.693822457,T,286.61,100,287.0,100,IBM
2025-10-02,9:40:02.702417868,T,286.48,100,287.0,100,IBM
2025-10-02,9:40:02.708742955,T,286.61,100,287.0,100,IBM
2025-10-02,9:40:02.776138373,T,286.52,100,287.0,100,IBM
2025-10-02,9:40:04.479889384,T,286.46,100,287.0,100,IBM
2025-10-02,9:40:04.542789103,T,286.52,100,287.0,100,IBM
2025-10-02,9:40:05.001335802,T,286.46,100,287.0,100,IBM
2025-10-02,9:40:05.311844905,T,286.52,100,287.0,100,IBM
2025-10-02,9:40:06.131441136,T,286.46,200,287.0,100,IBM
2025-10-02,9:40:06.547411328,T,286.46,100,287.0,100,IBM
2025-10-02,9:40:06.594037491,T,286.46,200,287.0,100,IBM
2025-10-02,9:40:08.419959200,T,286.46,100,287.0,100,IBM
2025-10-02,9:40:08.870627027,T,286.61,100,287.0,100,IBM
2025-10-02,9:40:08.870707240,T,286.61,100,287.0,200,IBM
2025-10-02,9:40:09.632435635,T,286.46,100,287.0,200,IBM
2025-10-02,9:40:10.181643119,T,286.46,100,286.98,100,IBM
2025-10-02,9:40:10.619204799,T,286.46,100,287.0,200,IBM
2025-10-02,9:40:15.782291119,T,286.46,100,286.98,100,IBM
2025-10-02,9:40:16.299196643,T,286.46,100,287.0,200,IBM
2025-10-02,9:40:16.300304190,T,286.46,100,286.98,100,IBM
2025-10-02,9:40:22.486536202,T,286.46,100,287.0,100,IBM
2025-10-02,9:40:22.486546279,T,286.46,100,287.14,100,IBM
2025-10-02,9:40:22.486591413,T,286.46,200,287.14,100,IBM
2025-10-02,9:40:22.486621441,T,286.61,100,287.14,100,IBM
2025-10-02,9:40:22.487112653,T,286.73,100,287.14,100,IBM
2025-10-02,9:40:22.487112653,T,286.8,100,287.14,100,IBM
2025-10-02,9:40:22.487328069,T,286.8,100,287.03,100,IBM
2025-10-02,9:40:22.495417349,T,286.73,100,287.03,100,IBM
2025-10-02,9:40:22.587190845,T,286.69,100,287.03,100,IBM
2025-10-02,9:40:26.881664386,T,286.69,100,287.03,200,IBM
2025-10-02,9:40:26.881679394,T,286.69,100,287.02,100,IBM
2025-10-02,9:40:26.881684393,T,286.69,100,287.02,200,IBM
2025-10-02,9:40:26.881754564,T,286.41,200,287.02,200,IBM
2025-10-02,9:40:26.886280366,T,286.41,200,286.93,100,IBM
2025-10-02,9:40:26.897321566,T,286.41,200,286.8,100,IBM
2025-10-02,9:40:26.897356807,T,286.41,200,286.93,100,IBM
2025-10-02,9:40:26.897381725,T,286.41,200,287.02,200,IBM
2025-10-02,9:40:26.897386728,T,286.41,200,287.02,100,IBM
2025-10-02,9:40:26.897562247,T,286.41,200,287.02,200,IBM
2025-10-02,9:40:26.897722518,T,286.41,200,287.02,100,IBM
2025-10-02,9:40:26.898138611,T,286.41,200,287.03,100,IBM
2025-10-02,9:40:28.658504338,T,286.41,200,287.0,100,IBM
2025-10-02,9:40:31.890894564,T,286.52,100,287.0,100,IBM
2025-10-02,9:40:37.064531196,T,286.52,100,287.0,200,IBM
2025-10-02,9:40:37.064541212,T,286.52,100,287.0,100,IBM
2025-10-02,9:40:37.064541212,T,286.52,100,286.92,100,IBM
2025-10-02,9:40:37.064872047,T,286.41,200,286.92,100,IBM
2025-10-02,9:40:37.065879381,T,286.41,200,286.92,200,IBM
2025-10-02,9:40:37.298858946,T,286.41,200,286.92,100,IBM
2025-10-02,9:40:37.298864026,T,286.41,200,286.92,200,IBM
2025-10-02,9:40:37.299841477,T,286.41,200,286.92,100,IBM
2025-10-02,9:40:37.300006683,T,286.41,200,286.92,200,IBM
2025-10-02,9:40:37.943388235,T,286.41,200,286.9,100,IBM
2025-10-02,9:40:39.443439341,T,286.41,200,286.9,200,IBM
2025-10-02,9:40:42.182805616,T,286.41,200,286.9,300,IBM
2025-10-02,9:40:42.885573690,T,286.41,200,286.9,200,IBM
2025-10-02,9:40:42.885804245,T,286.41,200,286.9,100,IBM
2025-10-02,9:40:42.894895793,T,286.41,200,286.9,200,IBM
2025-10-02,9:40:42.894905894,T,286.41,200,286.85,100,IBM
2025-10-02,9:40:42.895116493,T,286.41,200,286.85,200,IBM
2025-10-02,9:40:42.895251646,T,286.4,100,286.85,200,IBM
2025-10-02,9:40:42.895542358,T,286.4,100,286.85,300,IBM
2025-10-02,9:40:42.895903178,T,286.4,100,286.85,200,IBM
2025-10-02,9:40:43.763874585,T,286.4,100,286.85,100,IBM
2025-10-02,9:40:43.763889570,T,286.4,100,286.9,100,IBM
2025-10-02,9:40:50.846996958,T,286.4,100,286.84,100,IBM
2025-10-02,9:40:50.847202419,T,286.4,100,286.84,200,IBM
2025-10-02,9:40:50.847417921,T,286.4,100,286.84,300,IBM
2025-10-02,9:40:54.924012673,T,286.4,100,286.84,200,IBM
2025-10-02,9:40:59.425889808,T,286.4,100,286.84,100,IBM
2025-10-02,9:40:59.436866014,T,286.4,100,286.82,100,IBM
2025-10-02,9:40:59.437071438,T,286.4,100,286.82,200,IBM
2025-10-02,9:41:06.577665472,T,286.4,100,286.82,300,IBM
2025-10-02,9:41:06.920942737,T,286.4,100,286.82,200,IBM
2025-10-02,9:41:08.302561798,T,286.4,100,286.7,100,IBM
2025-10-02,9:41:08.302782322,T,286.4,100,286.67,100,IBM
2025-10-02,9:41:08.303188220,T,286.28,100,286.67,100,IBM
2025-10-02,9:41:08.303198247,T,286.28,100,286.61,100,IBM
2025-10-02,9:41:08.305248129,T,286.28,100,286.7,200,IBM
2025-10-02,9:41:08.310861482,T,286.28,100,286.7,100,IBM
2025-10-02,9:41:08.316068983,T,286.28,100,286.7,200,IBM
2025-10-02,9:41:08.316078901,T,286.28,100,286.5,100,IBM
2025-10-02,9:41:08.317126430,T,286.28,100,286.7,100,IBM
2025-10-02,9:41:08.317141448,T,286.11,200,286.7,100,IBM
2025-10-02,9:41:09.999476486,T,286.11,200,286.6,100,IBM
2025-10-02,9:41:10.000463758,T,286.11,200,286.6,200,IBM
2025-10-02,9:41:12.299025900,T,286.11,300,286.6,200,IBM
2025-10-02,9:41:21.216164069,T,286.11,300,286.6,100,IBM
2025-10-02,9:41:22.721302307,T,286.11,400,286.6,100,IBM
2025-10-02,9:41:22.721738328,T,286.12,100,286.6,100,IBM
2025-10-02,9:41:22.721768455,T,286.11,400,286.6,100,IBM
2025-10-02,9:41:22.722049095,T,286.11,300,286.6,100,IBM
2025-10-02,9:41:23.741465935,T,286.11,400,286.6,100,IBM
2025-10-02,9:41:23.764390551,T,286.11,300,286.6,100,IBM
2025-10-02,9:41:24.577380914,T,286.11,300,286.82,100,IBM
2025-10-02,9:41:24.999416165,T,286.11,400,286.82,100,IBM
2025-10-02,9:41:24.999425669,T,286.12,100,286.82,100,IBM
2025-10-02,9:41:24.999460839,T,286.32,100,286.82,100,IBM
2025-10-02,9:41:24.999631257,T,286.32,100,286.82,200,IBM
2025-10-02,9:41:24.999851771,T,286.4,100,286.82,200,IBM
2025-10-02,9:41:25.000117342,T,286.4,100,286.82,100,IBM
2025-10-02,9:41:25.000122389,T,286.32,100,286.82,100,IBM
2025-10-02,9:41:25.000142769,T,286.32,100,286.75,100,IBM
2025-10-02,9:41:25.000287787,T,286.32,100,286.75,200,IBM
2025-10-02,9:41:25.000322896,T,286.32,100,286.75,100,IBM
2025-10-02,9:41:25.000352874,T,286.32,100,286.72,100,IBM
2025-10-02,9:41:25.000367909,T,286.3,200,286.72,100,IBM
2025-10-02,9:41:25.000588426,T,286.3,100,286.72,100,IBM
2025-10-02,9:41:26.169255588,T,286.3,100,286.75,100,IBM
2025-10-02,9:41:26.169280674,T,286.32,100,286.75,100,IBM
2025-10-02,9:41:26.169285676,T,286.4,100,286.75,100,IBM
2025-10-02,9:41:26.169481118,T,286.4,100,286.82,100,IBM
2025-10-02,9:41:26.169897143,T,286.32,100,286.82,100,IBM
2025-10-02,9:41:26.169952334,T,286.38,200,286.82,100,IBM
2025-10-02,9:41:26.169987291,T,286.38,300,286.82,100,IBM
2025-10-02,9:41:26.170272966,T,286.38,200,286.82,100,IBM
2025-10-02,9:41:31.892525234,T,286.3,200,286.82,100,IBM
2025-10-02,9:41:31.892570384,T,286.3,100,286.82,100,IBM
2025-10-02,9:41:31.919389256,T,286.3,100,286.82,200,IBM
2025-10-02,9:41:32.162913986,T,286.3,100,286.82,100,IBM
2025-10-02,9:41:35.457642696,T,286.3,100,286.82,200,IBM
2025-10-02,9:41:36.515886975,T,286.3,100,286.82,100,IBM
2025-10-02,9:41:36.515917078,T,286.3,100,286.9,200,IBM
2025-10-02,9:41:36.515917078,T,286.3,100,286.9,100,IBM
2025-10-02,9:41:36.515982229,T,286.3,100,286.85,100,IBM
2025-10-02,9:41:37.399440268,T,286.3,100,286.9,100,IBM
2025-10-02,9:41:41.374889378,T,286.3,100,286.71,100,IBM
2025-10-02,9:41:43.096843729,T,286.3,100,286.9,100,IBM
2025-10-02,9:41:43.096868745,T,286.32,100,286.9,100,IBM
2025-10-02,9:41:43.096868745,T,286.38,100,286.9,100,IBM
2025-10-02,9:41:43.096888826,T,286.44,100,286.9,100,IBM
2025-10-02,9:41:43.096923829,T,286.45,100,286.9,100,IBM
2025-10-02,9:41:43.096938914,T,286.53,100,286.9,100,IBM
2025-10-02,9:41:43.096948998,T,286.49,100,286.9,100,IBM
2025-10-02,9:41:43.096953946,T,286.57,100,286.9,100,IBM
2025-10-02,9:41:43.097049156,T,286.45,100,286.9,100,IBM
2025-10-02,9:41:43.097074196,T,286.44,100,286.9,100,IBM
2025-10-02,9:41:43.097109283,T,286.45,100,286.9,100,IBM
2025-10-02,9:41:43.097229573,T,286.45,100,286.85,100,IBM
2025-10-02,9:41:43.097530259,T,286.44,100,286.85,100,IBM
2025-10-02,9:41:43.097775905,T,286.44,100,286.9,100,IBM
2025-10-02,9:41:43.097800983,T,286.44,100,286.81,100,IBM
2025-10-02,9:41:43.098216905,T,286.32,100,286.81,100,IBM
2025-10-02,9:41:43.098442445,T,286.4,100,286.81,100,IBM
2025-10-02,9:41:43.102672526,T,286.32,100,286.81,100,IBM
2025-10-02,9:41:43.196901906,T,286.3,200,286.81,100,IBM
2025-10-02,9:41:43.196921962,T,286.3,100,286.81,100,IBM
2025-10-02,9:41:43.651950240,T,286.32,100,286.81,100,IBM
2025-10-02,9:41:43.651980313,T,286.4,100,286.81,100,IBM
2025-10-02,9:41:44.711091518,T,286.44,100,286.81,100,IBM
2025-10-02,9:41:44.711141737,T,286.32,100,286.81,100,IBM
2025-10-02,9:41:45.071584789,T,286.32,100,286.81,200,IBM
2025-10-02,9:41:45.071609719,T,286.32,100,286.81,100,IBM
2025-10-02,9:41:45.071644901,T,286.32,100,286.8,100,IBM
2025-10-02,9:41:52.032009969,T,286.32,100,286.8,200,IBM
2025-10-02,9:41:52.032029980,T,286.32,100,286.8,100,IBM
2025-10-02,9:41:52.032055002,T,286.32,100,286.79,100,IBM
2025-10-02,9:41:58.837310792,T,286.32,100,286.8,100,IBM
2025-10-02,9:41:58.837335784,T,286.32,100,286.78,100,IBM
2025-10-02,9:42:16.839135922,T,286.32,100,286.78,200,IBM
2025-10-02,9:42:18.371238588,T,286.32,100,286.78,100,IBM
2025-10-02,9:42:18.371238588,T,286.32,100,286.9,200,IBM
2025-10-02,9:42:18.371243516,T,286.32,100,286.9,100,IBM
2025-10-02,9:42:18.371243516,T,286.32,100,286.78,100,IBM
2025-10-02,9:42:18.371258475,T,286.32,100,286.85,100,IBM
2025-10-02,9:42:18.371263712,T,286.32,100,286.9,100,IBM
2025-10-02,9:42:18.371263712,T,286.44,100,286.9,100,IBM
2025-10-02,9:42:18.371268564,T,286.55,100,286.9,100,IBM
2025-10-02,9:42:18.371288712,T,286.32,100,286.9,100,IBM
2025-10-02,9:42:18.371293522,T,286.44,100,286.9,100,IBM
2025-10-02,9:42:18.371348710,T,286.55,100,286.9,100,IBM
2025-10-02,9:42:18.371358702,T,286.59,100,286.9,100,IBM
2025-10-02,9:42:18.371378726,T,286.77,100,286.9,100,IBM
2025-10-02,9:42:18.371448994,T,286.6,100,286.9,100,IBM
2025-10-02,9:42:18.371709496,T,286.77,100,286.9,100,IBM
2025-10-02,9:42:18.372150625,T,286.78,100,286.9,100,IBM
2025-10-02,9:42:18.372215794,T,286.8,100,286.9,100,IBM
2025-10-02,9:42:18.372315956,T,286.59,100,286.9,100,IBM
2025-10-02,9:42:18.372336611,T,286.56,100,286.9,100,IBM
2025-10-02,9:42:18.372346198,T,286.6,100,286.9,100,IBM
2025-10-02,9:42:18.372351027,T,286.59,100,286.9,100,IBM
2025-10-02,9:42:18.372351027,T,286.78,100,286.9,100,IBM
2025-10-02,9:42:18.372366033,T,286.81,100,286.9,100,IBM
2025-10-02,9:42:18.372376109,T,286.88,100,286.9,100,IBM
2025-10-02,9:42:18.372386455,T,286.59,100,286.9,100,IBM
2025-10-02,9:42:18.372491361,T,286.59,100,287.0,100,IBM
2025-10-02,9:42:18.372506411,T,286.56,100,287.0,100,IBM
2025-10-02,9:42:18.372511383,T,286.89,100,287.0,100,IBM
2025-10-02,9:42:18.372536523,T,286.56,100,287.0,100,IBM
2025-10-02,9:42:18.372586638,T,286.59,100,287.0,100,IBM
2025-10-02,9:42:18.372586638,T,286.56,100,287.0,100,IBM
2025-10-02,9:42:18.372586638,T,286.59,100,287.0,100,IBM
2025-10-02,9:42:18.372611655,T,286.56,100,287.0,100,IBM
2025-10-02,9:42:18.372617082,T,286.6,100,287.0,100,IBM
2025-10-02,9:42:18.372631755,T,286.56,100,287.0,100,IBM
2025-10-02,9:42:18.372721982,T,286.6,100,287.0,100,IBM
2025-10-02,9:42:18.372737071,T,286.56,100,287.0,100,IBM
2025-10-02,9:42:18.372772099,T,286.6,100,287.0,100,IBM
2025-10-02,9:42:18.372907369,T,286.56,100,287.0,100,IBM
2025-10-02,9:42:18.373017614,T,286.56,100,287.1,200,IBM
2025-10-02,9:42:18.375498589,T,286.56,100,287.14,100,IBM
2025-10-02,9:42:18.376500925,T,286.56,100,287.03,100,IBM
2025-10-02,9:42:18.381167000,T,286.55,100,287.03,100,IBM
2025-10-02,9:42:18.471286635,T,286.53,200,287.03,100,IBM
2025-10-02,9:42:18.471311655,T,286.53,100,287.03,100,IBM
2025-10-02,9:42:22.129906980,T,286.53,100,287.01,100,IBM
2025-10-02,9:42:22.129946547,T,286.53,100,286.98,100,IBM
2025-10-02,9:42:22.130292551,T,286.53,100,287.01,100,IBM
2025-10-02,9:42:22.130297459,T,286.53,100,286.97,100,IBM
2025-10-02,9:42:22.130988965,T,286.41,200,286.97,100,IBM
2025-10-02,9:42:22.142281191,T,286.41,200,287.01,100,IBM
2025-10-02,9:42:24.849169952,T,286.41,200,286.97,100,IBM
2025-10-02,9:42:24.849590984,T,286.41,200,286.97,200,IBM
2025-10-02,9:42:25.254995943,T,286.41,200,286.97,100,IBM
2025-10-02,9:42:29.811543405,T,286.41,200,286.97,200,IBM
2025-10-02,9:42:29.823110992,T,286.33,100,286.97,200,IBM
2025-10-02,9:42:29.823316505,T,286.33,100,286.97,100,IBM
2025-10-02,9:42:29.828122917,T,286.33,100,286.91,100,IBM
2025-10-02,9:42:29.828333500,T,286.33,100,286.91,200,IBM
2025-10-02,9:42:29.828543964,T,286.33,100,286.91,300,IBM
2025-10-02,9:42:29.945818180,T,286.33,100,286.78,100,IBM
2025-10-02,9:42:29.946614935,T,286.33,100,286.78,200,IBM
2025-10-02,9:42:29.946830517,T,286.33,100,286.78,300,IBM
2025-10-02,9:42:29.954002529,T,286.33,100,286.77,100,IBM
2025-10-02,9:42:29.954122861,T,286.33,100,286.78,200,IBM
2025-10-02,9:42:29.966432180,T,286.33,100,286.78,100,IBM
2025-10-02,9:42:29.967399423,T,286.33,100,286.78,200,IBM
2025-10-02,9:42:29.967424957,T,286.33,100,286.78,300,IBM
2025-10-02,9:42:29.967429515,T,286.33,100,286.78,200,IBM
2025-10-02,9:42:34.498386061,T,286.33,100,286.78,100,IBM
2025-10-02,9:42:37.287230197,T,286.33,100,286.78,200,IBM
2025-10-02,9:42:37.287706361,T,286.33,100,286.78,300,IBM
2025-10-02,9:42:37.287716403,T,286.33,100,286.78,200,IBM
2025-10-02,9:42:37.287926921,T,286.33,100,286.7,100,IBM
2025-10-02,9:42:37.288232610,T,286.23,200,286.7,100,IBM
2025-10-02,9:42:37.288347942,T,286.23,200,286.7,200,IBM
2025-10-02,9:42:37.293069078,T,286.1,200,286.7,200,IBM
2025-10-02,9:42:37.556260769,T,286.1,200,286.7,100,IBM
2025-10-02,9:42:37.556571450,T,286.1,200,286.61,100,IBM
2025-10-02,9:42:37.556992541,T,286.1,200,286.61,200,IBM
2025-10-02,9:42:37.557012568,T,286.1,200,286.61,300,IBM
2025-10-02,9:42:38.456684259,T,286.1,200,286.61,200,IBM
2025-10-02,9:42:41.012348288,T,286.1,200,286.61,100,IBM
2025-10-02,9:42:41.294334619,T,286.13,100,286.61,100,IBM
2025-10-02,9:42:42.974354036,T,286.13,100,286.58,100,IBM
2025-10-02,9:42:42.978879819,T,286.13,100,286.58,200,IBM
2025-10-02,9:42:42.979481282,T,286.13,100,286.46,100,IBM
2025-10-02,9:42:42.985510554,T,286.13,100,286.58,200,IBM
2025-10-02,9:42:42.990582725,T,286.13,100,286.58,100,IBM
2025-10-02,9:42:43.497299057,T,286.26,100,286.58,100,IBM
2025-10-02,9:42:45.609738000,T,286.26,300,286.58,100,IBM
2025-10-02,9:42:53.022159039,T,286.26,300,286.7,100,IBM
2025-10-02,9:43:01.358639981,T,286.27,200,286.7,100,IBM
2025-10-02,9:43:03.355268053,T,286.31,200,286.7,100,IBM
2025-10-02,9:43:08.021005360,T,286.26,200,286.7,100,IBM
2025-10-02,9:43:10.152650137,T,286.26,100,286.7,100,IBM
2025-10-02,9:43:11.510116589,T,286.26,100,286.45,100,IBM
2025-10-02,9:43:17.218220360,T,286.27,200,286.45,100,IBM
2025-10-02,9:43:18.275667730,T,286.26,100,286.45,100,IBM
2025-10-02,9:43:20.284946170,T,286.13,100,286.45,100,IBM
2025-10-02,9:43:20.284971263,T,286.13,100,286.27,100,IBM
2025-10-02,9:43:20.285076685,T,286.13,100,286.26,100,IBM
2025-10-02,9:43:20.285492518,T,286.13,100,286.45,100,IBM
2025-10-02,9:43:20.285497582,T,286.13,100,286.4,100,IBM
2025-10-02,9:43:20.285512538,T,286.13,100,286.45,100,IBM
2025-10-02,9:43:20.285522652,T,286.13,100,286.4,100,IBM
2025-10-02,9:43:20.285552627,T,286.13,100,286.4,200,IBM
2025-10-02,9:43:20.286023802,T,286.13,100,286.4,100,IBM
2025-10-02,9:43:20.665036076,T,286.04,200,286.4,100,IBM
2025-10-02,9:43:21.465195939,T,286.04,200,286.7,300,IBM
2025-10-02,9:43:21.465997906,T,286.04,200,286.64,100,IBM
2025-10-02,9:43:21.466017819,T,286.04,200,286.4,100,IBM
2025-10-02,9:43:22.786511464,T,286.18,200,286.4,100,IBM
2025-10-02,9:43:25.546973038,T,285.96,200,286.4,100,IBM
2025-10-02,9:43:25.564369494,T,285.96,200,286.4,200,IBM
2025-10-02,9:43:25.564374413,T,285.96,200,286.39,100,IBM
2025-10-02,9:43:25.564399514,T,285.96,200,286.38,100,IBM
2025-10-02,9:43:25.568819993,T,285.96,200,286.39,100,IBM
2025-10-02,9:43:25.572679291,T,285.96,200,286.4,100,IBM
2025-10-02,9:43:27.568089519,T,286.09,200,286.4,100,IBM
2025-10-02,9:43:27.569332540,T,286.09,200,286.39,100,IBM
2025-10-02,9:43:33.978219720,T,285.96,200,286.39,100,IBM
2025-10-02,9:43:35.925470393,T,285.96,200,286.37,100,IBM
2025-10-02,9:43:35.925731048,T,285.96,200,286.37,200,IBM
2025-10-02,9:43:35.925746083,T,285.96,200,286.36,100,IBM
2025-10-02,9:43:35.925751247,T,285.96,200,286.23,100,IBM
2025-10-02,9:43:35.926467706,T,285.96,200,286.22,100,IBM
2025-10-02,9:43:35.926477807,T,285.96,200,286.23,100,IBM
2025-10-02,9:43:35.926477807,T,285.96,200,286.18,100,IBM
2025-10-02,9:43:35.926487790,T,285.96,200,286.17,100,IBM
2025-10-02,9:43:35.927555351,T,285.08,100,286.17,100,IBM
2025-10-02,9:43:35.927565331,T,285.68,200,286.17,100,IBM
2025-10-02,9:43:35.930352016,T,285.68,200,286.21,100,IBM
2025-10-02,9:43:35.930362104,T,285.68,200,286.23,200,IBM
2025-10-02,9:43:35.930567530,T,285.68,200,286.21,100,IBM
2025-10-02,9:43:35.930597530,T,285.68,200,286.17,100,IBM
2025-10-02,9:43:35.930783071,T,285.68,200,286.21,200,IBM
2025-10-02,9:43:35.931123849,T,285.68,200,286.21,100,IBM
2025-10-02,9:43:36.026400676,T,285.68,200,286.37,100,IBM
2025-10-02,9:43:36.027057326,T,285.68,200,286.23,100,IBM
2025-10-02,9:43:36.517610229,T,285.93,200,286.23,100,IBM
2025-10-02,9:43:42.142831462,T,285.93,200,286.21,100,IBM
2025-10-02,9:43:42.691873454,T,285.93,200,286.2,100,IBM
2025-10-02,9:43:42.695903118,T,285.93,200,286.23,100,IBM
2025-10-02,9:43:43.989362205,T,285.93,200,286.2,100,IBM
2025-10-02,9:43:43.990048921,T,285.93,100,286.2,100,IBM
2025-10-02,9:43:43.990129498,T,285.77,100,286.2,100,IBM
2025-10-02,9:43:43.990174163,T,285.77,100,286.19,100,IBM
2025-10-02,9:43:43.990986117,T,285.77,100,286.13,100,IBM
2025-10-02,9:43:43.998483961,T,285.77,100,286.19,100,IBM
2025-10-02,9:43:44.001992300,T,285.77,100,286.18,100,IBM
2025-10-02,9:43:44.001997272,T,285.77,100,286.13,100,IBM
2025-10-02,9:43:44.042268153,T,285.77,100,286.13,200,IBM
2025-10-02,9:43:45.732431825,T,285.77,100,286.13,100,IBM
2025-10-02,9:43:47.055652124,T,285.77,100,286.12,100,IBM
2025-10-02,9:43:47.055662097,T,285.77,100,286.11,100,IBM
2025-10-02,9:43:47.055722212,T,285.77,100,286.12,100,IBM
2025-10-02,9:43:47.056053015,T,285.77,100,286.0,100,IBM
2025-10-02,9:43:47.056418886,T,285.77,200,286.0,100,IBM
2025-10-02,9:43:47.056694544,T,285.77,200,285.97,100,IBM
2025-10-02,9:43:47.057080487,T,285.77,100,285.97,100,IBM
2025-10-02,9:43:47.060563763,T,285.77,100,286.11,100,IBM
2025-10-02,9:43:47.155815552,T,285.77,100,286.13,100,IBM
2025-10-02,9:43:47.570848485,T,285.77,100,286.2,200,IBM
2025-10-02,9:43:48.269867468,T,285.77,100,285.97,100,IBM
2025-10-02,9:43:48.790486825,T,285.77,100,286.2,200,IBM
2025-10-02,9:43:50.431453617,T,285.77,100,286.11,100,IBM
2025-10-02,9:43:52.639264289,T,285.77,100,285.97,100,IBM
2025-10-02,9:43:52.643328956,T,285.77,100,286.11,100,IBM
2025-10-02,9:43:52.947568328,T,285.77,100,285.97,100,IBM
2025-10-02,9:43:54.459342264,T,285.77,100,286.11,100,IBM
2025-10-02,9:43:55.801387168,T,285.77,100,285.97,100,IBM
2025-10-02,9:43:55.805446839,T,285.77,100,286.11,100,IBM
2025-10-02,9:43:56.100193400,T,285.77,100,285.97,100,IBM
2025-10-02,9:43:56.982438594,T,285.77,100,286.11,100,IBM
2025-10-02,9:43:59.248132476,T,285.77,100,286.2,200,IBM
2025-10-02,9:43:59.250252557,T,285.77,100,285.97,100,IBM
2025-10-02,9:43:59.861277079,T,285.77,100,286.2,200,IBM
2025-10-02,9:43:59.861302221,T,285.95,100,286.2,200,IBM
2025-10-02,9:43:59.861337245,T,285.95,100,286.2,100,IBM
2025-10-02,9:43:59.861357349,T,285.95,200,286.2,100,IBM
2025-10-02,9:43:59.861517736,T,285.96,100,286.2,100,IBM
2025-10-02,9:43:59.861542809,T,285.96,200,286.2,100,IBM
2025-10-02,9:43:59.862024146,T,285.96,100,286.2,100,IBM
2025-10-02,9:43:59.862024146,T,285.66,200,286.2,100,IBM
2025-10-02,9:43:59.862028938,T,285.66,200,286.38,200,IBM
2025-10-02,9:43:59.862099076,T,285.66,200,286.38,300,IBM
2025-10-02,9:43:59.862109097,T,285.66,200,286.1,100,IBM
2025-10-02,9:43:59.862409860,T,285.66,200,286.38,300,IBM
2025-10-02,9:43:59.862725539,T,285.82,100,286.38,300,IBM
2025-10-02,9:43:59.862740624,T,285.82,100,286.38,200,IBM
2025-10-02,9:43:59.913245806,T,285.66,200,286.38,200,IBM
2025-10-02,9:44:00.845876189,T,285.66,200,286.1,100,IBM
2025-10-02,9:44:01.571674036,T,285.66,200,286.38,200,IBM
2025-10-02,9:44:03.857380168,T,285.66,200,286.32,100,IBM
2025-10-02,9:44:03.956340744,T,285.66,200,286.1,100,IBM
2025-10-02,9:44:04.445806116,T,285.66,200,286.32,100,IBM
2025-10-02,9:44:04.479260874,T,285.66,200,286.1,100,IBM
2025-10-02,9:44:05.988799408,T,285.66,200,286.32,100,IBM
2025-10-02,9:44:06.369671140,T,285.66,200,286.1,100,IBM
2025-10-02,9:44:15.073972592,T,285.66,200,286.09,100,IBM
2025-10-02,9:44:16.212713593,T,285.66,200,286.09,200,IBM
2025-10-02,9:44:17.233724110,T,285.66,200,286.09,100,IBM
2025-10-02,9:44:17.619893473,T,285.66,200,286.08,100,IBM
2025-10-02,9:44:17.619923614,T,285.66,200,286.27,100,IBM
2025-10-02,9:44:17.619923614,T,285.66,200,286.08,100,IBM
2025-10-02,9:44:17.620103937,T,285.66,200,286.08,200,IBM
2025-10-02,9:44:17.620314508,T,285.66,200,286.08,300,IBM
2025-10-02,9:44:17.620685327,T,285.66,200,285.92,100,IBM
2025-10-02,9:44:17.623963226,T,285.66,200,286.08,200,IBM
2025-10-02,9:44:17.700996607,T,285.66,200,286.08,100,IBM
2025-10-02,9:44:17.701076725,T,285.66,200,286.11,100,IBM
2025-10-02,9:44:18.607594797,T,285.66,200,285.92,100,IBM
2025-10-02,9:44:30.501073758,T,285.57,100,285.92,100,IBM
2025-10-02,9:44:30.522750451,T,285.57,100,285.88,100,IBM
2025-10-02,9:44:33.448986610,T,285.57,100,285.88,200,IBM
2025-10-02,9:44:33.459471861,T,285.57,100,285.88,100,IBM
2025-10-02,9:44:33.459496569,T,285.57,100,286.11,100,IBM
2025-10-02,9:44:33.459521616,T,285.87,100,286.11,100,IBM
2025-10-02,9:44:33.459562244,T,285.77,100,286.11,100,IBM
2025-10-02,9:44:33.459591777,T,285.62,100,286.11,100,IBM
2025-10-02,9:44:33.459626940,T,285.74,100,286.11,100,IBM
2025-10-02,9:44:33.459782269,T,285.57,200,286.11,100,IBM
2025-10-02,9:44:33.459867462,T,285.57,100,286.11,100,IBM
2025-10-02,9:44:33.459992717,T,285.57,100,286.02,100,IBM
2025-10-02,9:44:33.460027848,T,285.81,100,286.02,100,IBM
2025-10-02,9:44:34.013715942,T,285.81,100,286.02,200,IBM
2025-10-02,9:44:41.729724824,T,285.81,100,285.95,100,IBM
2025-10-02,9:44:42.124710135,T,285.82,100,285.95,100,IBM
2025-10-02,9:44:42.124765178,T,285.82,200,285.95,100,IBM
2025-10-02,9:44:42.286475129,T,285.82,200,286.02,100,IBM
2025-10-02,9:44:42.286500264,T,285.94,100,286.02,100,IBM
2025-10-02,9:44:42.286540348,T,285.88,100,286.02,100,IBM
2025-10-02,9:44:42.286560419,T,285.91,100,286.02,100,IBM
2025-10-02,9:44:42.286580426,T,285.88,100,286.02,100,IBM
2025-10-02,9:44:42.286650560,T,285.82,200,286.02,100,IBM
2025-10-02,9:44:42.286986363,T,285.82,200,286.02,200,IBM
2025-10-02,9:44:43.357299371,T,285.82,200,286.01,100,IBM
2025-10-02,9:44:43.670635665,T,285.82,200,286.02,100,IBM
2025-10-02,9:44:43.670680442,T,285.82,300,286.02,100,IBM
2025-10-02,9:44:43.670705482,T,285.88,100,286.02,100,IBM
2025-10-02,9:44:43.670705482,T,285.83,100,286.02,100,IBM
2025-10-02,9:44:43.670895966,T,285.88,100,286.02,100,IBM
2025-10-02,9:44:43.670926033,T,285.83,100,286.02,100,IBM
2025-10-02,9:44:43.670926033,T,285.91,100,286.02,100,IBM
2025-10-02,9:44:43.671702843,T,285.83,100,286.02,100,IBM
2025-10-02,9:44:43.672499790,T,285.82,200,286.02,100,IBM
2025-10-02,9:44:43.679521468,T,285.82,200,286.24,300,IBM
2025-10-02,9:44:48.246719247,T,285.82,100,286.24,300,IBM
2025-10-02,9:44:48.246789364,T,285.81,100,286.24,300,IBM
2025-10-02,9:44:58.067959919,T,285.81,100,286.24,100,IBM
2025-10-02,9:45:06.579733032,T,285.81,100,286.24,200,IBM
2025-10-02,9:45:06.580098924,T,285.81,100,286.09,100,IBM
2025-10-02,9:45:06.580118939,T,285.81,100,286.24,100,IBM
2025-10-02,9:45:06.580129070,T,285.81,100,286.24,200,IBM
2025-10-02,9:45:06.580134003,T,285.81,100,286.09,100,IBM
2025-10-02,9:45:06.580144463,T,285.81,100,286.24,200,IBM
2025-10-02,9:45:06.580164090,T,285.81,100,286.07,100,IBM
2025-10-02,9:45:06.580184078,T,285.81,100,286.24,200,IBM
2025-10-02,9:45:06.580229229,T,285.81,100,286.09,100,IBM
2025-10-02,9:45:06.580244301,T,285.81,100,286.07,100,IBM
2025-10-02,9:45:06.580294436,T,285.81,100,286.24,200,IBM
2025-10-02,9:45:06.580299372,T,285.81,100,285.94,100,IBM
2025-10-02,9:45:06.580725374,T,285.7,100,285.94,100,IBM
2025-10-02,9:45:06.580810596,T,285.7,100,286.24,100,IBM
2025-10-02,9:45:06.591305579,T,285.7,100,286.03,100,IBM
2025-10-02,9:45:06.600673037,T,285.7,100,286.03,200,IBM
2025-10-02,9:45:06.682412501,T,285.7,100,286.03,100,IBM
2025-10-02,9:45:06.948300489,T,285.7,100,286.24,100,IBM
2025-10-02,9:45:06.949478267,T,285.7,100,286.03,100,IBM
2025-10-02,9:45:06.949899293,T,285.7,100,286.03,200,IBM
2025-10-02,9:45:07.318050703,T,285.7,100,286.03,300,IBM
2025-10-02,9:45:07.498129406,T,285.7,100,286.03,200,IBM
2025-10-02,9:45:08.392343148,T,285.7,100,286.03,100,IBM
2025-10-02,9:45:08.393104879,T,285.7,100,286.24,100,IBM
2025-10-02,9:45:14.186171036,T,285.7,100,286.03,100,IBM
2025-10-02,9:45:14.186180982,T,285.7,100,286.02,100,IBM
2025-10-02,9:45:14.186196146,T,285.7,100,285.99,100,IBM
2025-10-02,9:45:14.240294820,T,285.7,100,285.9,100,IBM
2025-10-02,9:45:14.241317269,T,285.7,100,285.9,200,IBM
2025-10-02,9:45:14.258513390,T,285.7,100,285.9,100,IBM
2025-10-02,9:45:14.258513390,T,285.7,100,285.82,100,IBM
2025-10-02,9:45:14.259014436,T,285.68,100,285.82,100,IBM
2025-10-02,9:45:14.259024476,T,285.54,100,285.82,100,IBM
2025-10-02,9:45:14.259034411,T,285.54,100,285.75,100,IBM
2025-10-02,9:45:14.259114672,T,285.54,100,285.76,100,IBM
2025-10-02,9:45:14.259250356,T,285.62,100,285.76,100,IBM
2025-10-02,9:45:14.259600738,T,285.56,100,285.76,100,IBM
2025-10-02,9:45:14.259625912,T,285.54,100,285.76,100,IBM
2025-10-02,9:45:14.259660894,T,285.56,100,285.76,100,IBM
2025-10-02,9:45:14.260076961,T,285.54,200,285.76,100,IBM
2025-10-02,9:45:14.260101959,T,285.54,100,285.76,100,IBM
2025-10-02,9:45:14.260227261,T,285.54,100,285.82,100,IBM
2025-10-02,9:45:14.270195989,T,285.54,100,285.98,100,IBM
2025-10-02,9:45:14.270231137,T,285.57,100,285.98,100,IBM
2025-10-02,9:45:14.270561908,T,285.57,100,285.89,100,IBM
2025-10-02,9:45:14.270637167,T,285.57,100,285.76,100,IBM
2025-10-02,9:45:14.416414094,T,285.57,100,285.76,200,IBM
2025-10-02,9:45:14.677856549,T,285.54,100,285.76,200,IBM
2025-10-02,9:45:14.982205981,T,285.54,100,285.76,100,IBM
2025-10-02,9:45:14.982205981,T,285.54,100,285.69,100,IBM
2025-10-02,9:45:14.983263494,T,285.54,100,285.69,200,IBM
2025-10-02,9:45:14.990490671,T,285.54,100,285.69,100,IBM
2025-10-02,9:45:14.992886425,T,285.54,100,285.68,100,IBM
2025-10-02,9:45:15.035026795,T,285.54,100,285.68,200,IBM
2025-10-02,9:45:15.471024753,T,285.54,100,285.68,100,IBM
2025-10-02,9:45:17.121428814,T,285.54,100,285.68,200,IBM
2025-10-02,9:45:17.378250084,T,285.3,200,285.68,200,IBM
2025-10-02,9:45:17.378275174,T,285.3,200,285.54,100,IBM
2025-10-02,9:45:17.378455646,T,285.3,300,285.54,100,IBM
2025-10-02,9:45:17.378581245,T,285.3,100,285.54,100,IBM
2025-10-02,9:45:17.378781442,T,285.3,100,285.53,100,IBM
2025-10-02,9:45:17.386349337,T,285.3,100,285.68,100,IBM
2025-10-02,9:45:17.406221708,T,285.3,100,285.98,100,IBM
2025-10-02,9:45:17.457924761,T,285.3,100,285.53,100,IBM
2025-10-02,9:45:17.458511293,T,285.14,200,285.53,100,IBM
2025-10-02,9:45:17.458536633,T,285.14,200,285.3,100,IBM
2025-10-02,9:45:17.458566715,T,285.14,200,285.52,100,IBM
2025-10-02,9:45:17.458591331,T,285.14,200,285.53,100,IBM
2025-10-02,9:45:17.458631912,T,285.14,200,285.93,100,IBM
2025-10-02,9:45:17.458631912,T,285.14,200,285.48,100,IBM
2025-10-02,9:45:17.458761789,T,285.14,300,285.48,100,IBM
2025-10-02,9:45:17.458857013,T,285.14,100,285.48,100,IBM
2025-10-02,9:45:17.458952172,T,285.14,200,285.48,100,IBM
2025-10-02,9:45:17.459027462,T,285.14,200,285.49,100,IBM
2025-10-02,9:45:17.459167742,T,285.14,300,285.49,100,IBM
2025-10-02,9:45:17.459192819,T,285.2,100,285.49,100,IBM
2025-10-02,9:45:17.459363229,T,285.2,100,285.84,100,IBM
2025-10-02,9:45:17.459363229,T,285.2,100,285.93,100,IBM
2025-10-02,9:45:17.459398243,T,285.2,100,285.84,100,IBM
2025-10-02,9:45:17.459538614,T,285.2,100,285.93,100,IBM
2025-10-02,9:45:17.459653871,T,285.2,100,285.47,100,IBM
2025-10-02,9:45:17.459709066,T,285.2,100,285.93,100,IBM
2025-10-02,9:45:17.459709066,T,285.2,100,285.52,100,IBM
2025-10-02,9:45:17.459784238,T,285.2,100,285.49,100,IBM
2025-10-02,9:45:17.471061006,T,285.2,100,285.52,100,IBM
2025-10-02,9:45:17.471076075,T,285.2,100,285.98,100,IBM
2025-10-02,9:45:17.472344081,T,285.2,100,285.52,100,IBM
2025-10-02,9:45:17.472700007,T,285.2,100,285.49,100,IBM
2025-10-02,9:45:17.472729986,T,285.2,100,285.93,100,IBM
2025-10-02,9:45:17.472729986,T,285.2,100,285.52,100,IBM
2025-10-02,9:45:17.510655322,T,285.2,100,285.52,200,IBM
2025-10-02,9:45:17.732964560,T,285.2,100,285.52,100,IBM
2025-10-02,9:45:17.732989571,T,285.2,100,285.75,100,IBM
2025-10-02,9:45:17.914822570,T,285.0,100,285.75,100,IBM
2025-10-02,9:45:17.914847701,T,285.0,100,285.4,100,IBM
2025-10-02,9:45:17.914857759,T,284.98,200,285.4,100,IBM
2025-10-02,9:45:17.914877722,T,284.98,200,285.39,100,IBM
2025-10-02,9:45:17.915183590,T,284.98,200,285.34,100,IBM
2025-10-02,9:45:17.915213547,T,284.98,200,285.39,100,IBM
2025-10-02,9:45:17.915218443,T,284.98,200,285.3,100,IBM
2025-10-02,9:45:17.915860112,T,284.98,200,285.36,100,IBM
2025-10-02,9:45:17.916115580,T,284.98,200,285.28,100,IBM
2025-10-02,9:45:17.916797267,T,284.98,200,285.36,100,IBM
2025-10-02,9:45:17.919248030,T,284.98,200,285.39,100,IBM
2025-10-02,9:45:17.919283130,T,284.98,200,285.4,100,IBM
2025-10-02,9:45:17.926259864,T,284.98,200,285.66,100,IBM
2025-10-02,9:45:17.926309869,T,284.98,200,285.84,100,IBM
2025-10-02,9:45:17.938939978,T,284.98,200,285.39,100,IBM
2025-10-02,9:45:17.940042665,T,284.5,100,285.39,100,IBM
2025-10-02,9:45:17.940047581,T,284.85,200,285.39,100,IBM
2025-10-02,9:45:17.940283146,T,284.85,200,285.39,200,IBM
2025-10-02,9:45:17.978464016,T,284.85,200,285.35,100,IBM
2025-10-02,9:45:17.978484169,T,284.85,200,285.39,200,IBM
2025-10-02,9:45:17.978489078,T,284.85,200,285.26,100,IBM
2025-10-02,9:45:17.978960266,T,284.85,200,285.18,100,IBM
2025-10-02,9:45:17.978980326,T,284.85,200,285.26,100,IBM
2025-10-02,9:45:17.978995377,T,284.85,200,285.39,100,IBM
2025-10-02,9:45:17.978995377,T,284.85,200,285.34,100,IBM
2025-10-02,9:45:17.979045460,T,284.85,200,285.18,100,IBM
2025-10-02,9:45:17.979065667,T,284.85,200,285.17,100,IBM
2025-10-02,9:45:17.979195834,T,284.85,200,285.18,100,IBM
2025-10-02,9:45:17.979215994,T,284.85,200,285.29,100,IBM
2025-10-02,9:45:17.979331081,T,284.85,200,285.26,100,IBM
2025-10-02,9:45:17.979451424,T,284.86,100,285.26,100,IBM
2025-10-02,9:45:17.979466478,T,284.85,200,285.26,100,IBM
2025-10-02,9:45:17.979471477,T,284.86,100,285.26,100,IBM
2025-10-02,9:45:17.979551824,T,284.85,200,285.26,100,IBM
2025-10-02,9:45:17.979581762,T,284.86,100,285.26,100,IBM
2025-10-02,9:45:17.979586762,T,284.85,200,285.26,100,IBM
2025-10-02,9:45:17.982739201,T,284.74,100,285.26,100,IBM
2025-10-02,9:45:17.982764352,T,284.65,100,285.26,100,IBM
2025-10-02,9:45:17.982849521,T,284.86,100,285.26,100,IBM
2025-10-02,9:45:17.982854502,T,284.74,100,285.26,100,IBM
2025-10-02,9:45:17.982874589,T,284.86,100,285.26,100,IBM
2025-10-02,9:45:17.983225471,T,284.65,100,285.26,100,IBM
2025-10-02,9:45:17.989560439,T,284.65,100,285.39,100,IBM
2025-10-02,9:45:17.989580501,T,284.65,100,285.48,100,IBM
2025-10-02,9:45:17.989610695,T,284.52,100,285.48,100,IBM
2025-10-02,9:45:17.989996921,T,284.52,100,285.48,200,IBM
2025-10-02,9:45:17.990026801,T,284.52,100,285.39,100,IBM
2025-10-02,9:45:17.990046739,T,284.5,100,285.39,100,IBM
2025-10-02,9:45:17.998937782,T,284.5,100,285.48,200,IBM
2025-10-02,9:45:17.999243531,T,284.5,100,285.39,100,IBM
2025-10-02,9:45:18.012094200,T,284.5,100,285.39,200,IBM
2025-10-02,9:45:18.014895850,T,284.5,100,285.39,100,IBM
2025-10-02,9:45:18.042321095,T,284.45,100,285.39,100,IBM
2025-10-02,9:45:18.079234363,T,284.15,100,285.39,100,IBM
2025-10-02,9:45:18.110438328,T,284.15,100,285.66,100,IBM
2025-10-02,9:45:18.110468307,T,284.84,200,285.66,100,IBM
2025-10-02,9:45:18.264099152,T,284.84,200,285.52,100,IBM
2025-10-02,9:45:18.692980044,T,284.84,300,285.52,100,IBM
2025-10-02,9:45:18.693065260,T,284.84,200,285.52,100,IBM
2025-10-02,9:45:18.693350956,T,285.05,100,285.52,100,IBM
2025-10-02,9:45:18.906753938,T,285.05,100,285.52,200,IBM
2025-10-02,9:45:23.402165568,T,284.84,200,285.52,200,IBM
2025-10-02,9:45:23.906761943,T,284.84,200,285.48,100,IBM
2025-10-02,9:45:24.555531321,T,284.84,200,285.45,100,IBM
2025-10-02,9:45:28.935904685,T,285.05,100,285.45,100,IBM
2025-10-02,9:45:28.935909545,T,285.12,100,285.45,100,IBM
2025-10-02,9:45:28.935934355,T,284.84,200,285.45,100,IBM
2025-10-02,9:45:28.935934355,T,285.05,100,285.45,100,IBM
2025-10-02,9:45:28.936415651,T,284.84,200,285.45,100,IBM
2025-10-02,9:45:33.441460385,T,285.11,100,285.45,100,IBM
2025-10-02,9:45:33.441460385,T,285.11,200,285.45,100,IBM
2025-10-02,9:45:33.442337407,T,285.11,200,285.48,100,IBM
2025-10-02,9:45:33.442362540,T,285.23,100,285.48,100,IBM
2025-10-02,9:45:33.442377545,T,285.11,200,285.48,100,IBM
2025-10-02,9:45:33.442397914,T,285.23,100,285.48,100,IBM
2025-10-02,9:45:33.442397914,T,285.23,100,285.54,100,IBM
2025-10-02,9:45:33.442402626,T,285.23,100,285.82,200,IBM
2025-10-02,9:45:33.442427757,T,285.28,100,285.82,200,IBM
2025-10-02,9:45:33.442427757,T,285.35,100,285.82,200,IBM
2025-10-02,9:45:33.442477745,T,285.23,100,285.82,200,IBM
2025-10-02,9:45:33.442502880,T,285.11,200,285.82,200,IBM
2025-10-02,9:45:34.994738264,T,285.28,100,285.82,200,IBM
2025-10-02,9:45:34.994738264,T,285.11,200,285.82,200,IBM
2025-10-02,9:45:34.994753197,T,285.33,100,285.82,200,IBM
2025-10-02,9:45:34.994793270,T,285.39,100,285.82,200,IBM
2025-10-02,9:45:34.994803294,T,285.41,100,285.82,200,IBM
2025-10-02,9:45:34.994803294,T,285.39,100,285.82,200,IBM
2025-10-02,9:45:34.994833318,T,285.32,100,285.82,200,IBM
2025-10-02,9:45:34.995023859,T,285.32,100,286.02,100,IBM
2025-10-02,9:45:34.995033887,T,285.32,100,285.98,200,IBM
2025-10-02,9:45:34.995279400,T,285.14,200,285.98,200,IBM
2025-10-02,9:45:35.001188540,T,285.32,100,285.98,200,IBM
2025-10-02,9:45:35.017051295,T,285.14,200,285.98,200,IBM
2025-10-02,9:45:36.548066098,T,285.32,100,285.98,200,IBM
2025-10-02,9:45:38.216823668,T,285.33,100,285.98,200,IBM
2025-10-02,9:45:38.216823668,T,285.32,100,285.98,200,IBM
2025-10-02,9:45:38.217094326,T,285.32,100,285.87,100,IBM
2025-10-02,9:45:43.076507788,T,285.32,100,285.85,100,IBM
2025-10-02,9:45:43.080757863,T,285.32,100,285.87,100,IBM
2025-10-02,9:45:45.177098527,T,285.32,100,285.86,100,IBM
2025-10-02,9:46:02.209155296,T,285.32,100,285.63,100,IBM
2025-10-02,9:46:02.217424877,T,285.32,100,285.85,100,IBM
2025-10-02,9:46:02.217449970,T,285.32,100,285.86,100,IBM
2025-10-02,9:46:03.128228176,T,285.32,100,285.86,200,IBM
2025-10-02,9:46:07.072943936,T,285.32,100,285.85,100,IBM
2025-10-02,9:46:07.072979150,T,285.32,100,285.63,100,IBM
2025-10-02,9:46:07.072984150,T,285.32,100,285.85,100,IBM
2025-10-02,9:46:07.073019137,T,285.32,100,285.63,100,IBM
2025-10-02,9:46:07.073966525,T,285.14,200,285.63,100,IBM
2025-10-02,9:46:07.074728291,T,285.14,200,285.84,100,IBM
2025-10-02,9:46:07.077093917,T,285.14,200,285.86,100,IBM
2025-10-02,9:46:07.082897678,T,285.14,200,285.85,100,IBM
2025-10-02,9:46:08.612704581,T,285.14,200,285.86,100,IBM
2025-10-02,9:46:09.685418320,T,285.32,100,285.86,100,IBM
2025-10-02,9:46:09.685443446,T,285.14,200,285.86,100,IBM
2025-10-02,9:46:09.685458487,T,285.14,200,285.85,100,IBM
2025-10-02,9:46:09.685468551,T,285.14,200,285.63,100,IBM
2025-10-02,9:46:09.685488547,T,285.14,200,285.85,100,IBM
2025-10-02,9:46:09.685503534,T,285.14,200,285.86,100,IBM
2025-10-02,9:46:09.685503534,T,285.14,200,285.84,100,IBM
2025-10-02,9:46:09.721388954,T,285.14,200,285.86,100,IBM
2025-10-02,9:46:09.722005496,T,285.14,200,285.84,100,IBM
2025-10-02,9:46:14.801908723,T,285.14,200,285.86,100,IBM
2025-10-02,9:46:17.115686790,T,285.14,200,285.84,100,IBM
2025-10-02,9:46:18.303354325,T,285.14,200,285.86,100,IBM
2025-10-02,9:46:18.707371034,T,285.14,200,285.84,100,IBM
2025-10-02,9:46:20.263680942,T,285.14,200,285.63,100,IBM
2025-10-02,9:46:20.263736177,T,285.14,200,285.62,100,IBM
2025-10-02,9:46:20.263781473,T,285.14,200,285.63,100,IBM
2025-10-02,9:46:20.264051857,T,285.14,200,285.63,200,IBM
2025-10-02,9:46:20.264227544,T,285.14,200,285.63,100,IBM
2025-10-02,9:46:20.264227544,T,285.14,200,285.63,200,IBM
2025-10-02,9:46:20.264277366,T,285.14,200,285.63,300,IBM
2025-10-02,9:46:20.264277366,T,285.11,200,285.63,300,IBM
2025-10-02,9:46:20.264362582,T,285.11,200,285.5,100,IBM
2025-10-02,9:46:20.264603056,T,285.11,200,285.57,100,IBM
2025-10-02,9:46:20.265224611,T,285.11,100,285.57,100,IBM
2025-10-02,9:46:20.268071661,T,285.11,100,285.63,300,IBM
2025-10-02,9:46:20.274000484,T,285.11,100,285.57,100,IBM
2025-10-02,9:46:20.278060169,T,285.11,100,285.57,200,IBM
2025-10-02,9:46:20.513916675,T,285.11,100,285.57,100,IBM
2025-10-02,9:46:22.041628480,T,285.15,100,285.57,100,IBM
2025-10-02,9:46:22.041628480,T,285.11,100,285.57,100,IBM
2025-10-02,9:46:22.041663697,T,285.15,100,285.57,100,IBM
2025-10-02,9:46:22.041663697,T,285.11,100,285.57,100,IBM
2025-10-02,9:46:22.044510442,T,285.11,100,285.57,200,IBM
2025-10-02,9:46:22.242722226,T,285.11,100,285.57,100,IBM
2025-10-02,9:46:26.383289256,T,285.11,100,285.7,100,IBM
2025-10-02,9:46:34.525953936,T,285.11,100,285.6,100,IBM
2025-10-02,9:46:34.526419990,T,284.95,100,285.6,100,IBM
2025-10-02,9:46:34.526435163,T,284.95,100,285.57,100,IBM
2025-10-02,9:46:34.526440090,T,284.95,100,285.55,100,IBM
2025-10-02,9:46:34.526450133,T,284.95,100,285.6,100,IBM
2025-10-02,9:46:34.526455084,T,284.95,100,285.55,100,IBM
2025-10-02,9:46:34.526455084,T,284.95,100,285.48,100,IBM
2025-10-02,9:46:34.526490152,T,284.95,100,285.37,100,IBM
2025-10-02,9:46:34.527211963,T,284.95,100,285.33,100,IBM
2025-10-02,9:46:34.527241933,T,284.95,100,285.25,100,IBM
2025-10-02,9:46:34.527241933,T,284.95,100,285.24,100,IBM
2025-10-02,9:46:34.527241933,T,284.95,100,285.25,100,IBM
2025-10-02,9:46:34.527257061,T,284.95,200,285.25,100,IBM
2025-10-02,9:46:34.527287055,T,284.95,200,285.33,100,IBM
2025-10-02,9:46:34.527307122,T,284.95,300,285.33,100,IBM
2025-10-02,9:46:34.527312201,T,284.95,500,285.33,100,IBM
2025-10-02,9:46:34.527317157,T,284.95,700,285.33,100,IBM
2025-10-02,9:46:34.528214361,T,284.95,600,285.33,100,IBM
2025-10-02,9:46:34.531266561,T,284.95,600,285.37,100,IBM
2025-10-02,9:46:34.531311794,T,284.95,600,285.48,100,IBM
2025-10-02,9:46:35.282655326,T,284.95,500,285.48,100,IBM
2025-10-02,9:46:35.282655326,T,285.04,100,285.48,100,IBM
2025-10-02,9:46:35.282695371,T,285.04,600,285.48,100,IBM
2025-10-02,9:46:36.991553396,T,285.04,600,285.42,100,IBM
2025-10-02,9:46:47.848780650,T,285.04,100,285.42,100,IBM
2025-10-02,9:46:47.848785247,T,285.24,100,285.42,100,IBM
2025-10-02,9:46:47.848810320,T,285.24,600,285.42,100,IBM
2025-10-02,9:46:47.848865450,T,285.25,100,285.42,100,IBM
2025-10-02,9:46:47.848865450,T,285.25,600,285.42,100,IBM
2025-10-02,9:46:47.848966219,T,285.25,500,285.42,100,IBM
2025-10-02,9:46:47.848970772,T,285.25,100,285.42,100,IBM
2025-10-02,9:46:47.848985809,T,285.14,100,285.42,100,IBM
2025-10-02,9:46:47.849030927,T,285.15,100,285.42,100,IBM
2025-10-02,9:46:47.859921848,T,285.15,100,285.42,200,IBM
2025-10-02,9:46:47.865079098,T,285.25,100,285.42,200,IBM
2025-10-02,9:46:47.866973633,T,285.05,100,285.42,200,IBM
2025-10-02,9:46:47.866978821,T,285.25,100,285.42,200,IBM
2025-10-02,9:46:47.866978821,T,285.25,100,285.42,100,IBM
2025-10-02,9:46:47.866978821,T,285.25,100,285.43,100,IBM
2025-10-02,9:46:47.866988754,T,285.25,100,285.42,100,IBM
2025-10-02,9:46:47.866993714,T,285.27,100,285.42,100,IBM
2025-10-02,9:46:47.866998852,T,285.32,100,285.42,100,IBM
2025-10-02,9:46:47.867003916,T,285.32,100,285.43,100,IBM
2025-10-02,9:46:47.867008729,T,285.32,100,285.67,200,IBM
2025-10-02,9:46:47.867008729,T,285.41,100,285.67,200,IBM
2025-10-02,9:46:47.867013723,T,285.41,100,285.43,100,IBM
2025-10-02,9:46:47.867364501,T,285.41,100,285.67,300,IBM
2025-10-02,9:46:47.867379617,T,285.41,100,285.67,200,IBM
2025-10-02,9:46:47.867424690,T,285.41,200,285.67,200,IBM
2025-10-02,9:46:47.867524961,T,285.42,100,285.67,200,IBM
2025-10-02,9:46:47.867610162,T,285.07,100,285.67,200,IBM
2025-10-02,9:46:47.867785581,T,285.07,100,285.67,300,IBM
2025-10-02,9:46:47.871905361,T,285.07,100,285.67,100,IBM
2025-10-02,9:46:47.879663791,T,285.07,100,285.92,200,IBM
2025-10-02,9:46:47.879728957,T,285.1,100,285.92,200,IBM
2025-10-02,9:46:47.885317254,T,285.1,100,285.75,100,IBM
2025-10-02,9:46:47.890980740,T,285.1,100,285.92,200,IBM
2025-10-02,9:46:48.285705472,T,285.18,200,285.92,200,IBM
2025-10-02,9:46:48.362217677,T,285.43,100,285.92,200,IBM
2025-10-02,9:46:48.363044539,T,285.18,200,285.92,200,IBM
2025-10-02,9:46:48.640419994,T,285.47,100,285.92,200,IBM
2025-10-02,9:46:50.104826074,T,285.55,100,285.92,200,IBM
2025-10-02,9:46:50.105793393,T,285.51,100,285.92,200,IBM
2025-10-02,9:46:50.109191501,T,285.47,100,285.92,200,IBM
2025-10-02,9:46:50.145402651,T,285.55,100,285.92,200,IBM
2025-10-02,9:46:50.145442696,T,285.47,100,285.92,200,IBM
2025-10-02,9:46:50.145467866,T,285.61,100,285.92,200,IBM
2025-10-02,9:46:50.145518314,T,285.47,100,285.92,200,IBM
2025-10-02,9:46:50.195817642,T,285.47,200,285.92,200,IBM
2025-10-02,9:46:50.195842800,T,285.48,100,285.92,200,IBM
2025-10-02,9:46:50.195842800,T,285.52,100,285.92,200,IBM
2025-10-02,9:46:50.195852743,T,285.6,100,285.92,200,IBM
2025-10-02,9:46:50.196088279,T,285.6,100,286.29,100,IBM
2025-10-02,9:46:50.196098322,T,285.6,100,286.08,200,IBM
2025-10-02,9:46:50.204122378,T,285.48,100,286.08,200,IBM
2025-10-02,9:46:50.295910861,T,285.47,100,286.08,200,IBM
2025-10-02,9:46:51.316540658,T,285.47,100,285.81,100,IBM
2025-10-02,9:46:52.635771300,T,285.47,100,286.06,100,IBM
2025-10-02,9:46:54.476728861,T,285.47,100,285.8,100,IBM
2025-10-02,9:46:54.476748917,T,285.47,100,286.06,100,IBM
2025-10-02,9:46:54.476748917,T,285.47,100,285.72,100,IBM
2025-10-02,9:46:55.481591134,T,285.47,100,286.06,100,IBM
2025-10-02,9:46:55.825920799,T,285.47,100,285.99,100,IBM
2025-10-02,9:47:13.340546308,T,285.47,200,285.99,100,IBM
2025-10-02,9:47:13.461023168,T,285.47,100,285.99,100,IBM
2025-10-02,9:47:45.001378476,T,285.47,200,285.99,100,IBM
2025-10-02,9:47:52.267336515,T,285.63,100,285.99,100,IBM
2025-10-02,9:47:52.267696827,T,285.47,200,285.99,100,IBM
2025-10-02,9:47:52.267907365,T,285.78,100,285.99,100,IBM
2025-10-02,9:47:52.268984896,T,285.51,100,285.99,100,IBM
2025-10-02,9:47:52.277540209,T,285.51,100,285.95,100,IBM
2025-10-02,9:47:52.297567869,T,285.51,100,285.99,100,IBM
2025-10-02,9:47:52.769065357,T,285.51,100,285.95,100,IBM
2025-10-02,9:47:53.277064717,T,285.51,100,285.99,100,IBM
2025-10-02,9:47:54.390705916,T,285.51,100,285.99,200,IBM
2025-10-02,9:47:54.474796023,T,285.51,100,285.99,100,IBM
2025-10-02,9:47:55.767263027,T,285.51,100,285.99,200,IBM
2025-10-02,9:47:55.767293543,T,285.51,100,285.9,100,IBM
2025-10-02,9:47:55.775111675,T,285.51,100,285.99,200,IBM
2025-10-02,9:47:55.778615149,T,285.51,100,285.9,100,IBM
2025-10-02,9:47:55.861021319,T,285.51,100,285.9,200,IBM
2025-10-02,9:47:56.771909647,T,285.51,100,285.9,100,IBM
2025-10-02,9:47:57.696280355,T,285.51,100,285.99,100,IBM
2025-10-02,9:48:00.554830623,T,285.79,100,285.99,100,IBM
2025-10-02,9:48:00.554970922,T,285.79,100,285.99,200,IBM
2025-10-02,9:48:00.555046135,T,285.84,100,285.99,200,IBM
2025-10-02,9:48:00.555622497,T,285.84,100,285.98,100,IBM
2025-10-02,9:48:00.555722694,T,285.79,100,285.98,100,IBM
2025-10-02,9:48:00.556103584,T,285.51,100,285.98,100,IBM
2025-10-02,9:48:01.824242612,T,285.51,100,285.98,200,IBM
2025-10-02,9:48:06.679340589,T,285.51,100,285.98,100,IBM
2025-10-02,9:48:13.626228536,T,285.51,100,285.99,100,IBM
2025-10-02,9:48:13.626253672,T,285.94,100,285.99,100,IBM
2025-10-02,9:48:13.626273886,T,285.94,100,286.06,100,IBM
2025-10-02,9:48:13.626479365,T,285.94,100,286.06,200,IBM
2025-10-02,9:48:13.626679751,T,285.91,100,286.06,200,IBM
2025-10-02,9:48:13.626679751,T,285.51,100,286.06,200,IBM
2025-10-02,9:48:13.626705015,T,285.51,100,286.06,100,IBM
2025-10-02,9:48:13.627341327,T,285.69,100,286.06,100,IBM
2025-10-02,9:48:17.569445845,T,285.8,100,286.06,100,IBM
2025-10-02,9:48:17.569811654,T,285.8,100,286.06,200,IBM
2025-10-02,9:48:17.570077362,T,285.69,100,286.06,200,IBM
2025-10-02,9:48:17.570192638,T,285.69,100,286.06,100,IBM
2025-10-02,9:48:17.731416418,T,285.69,100,286.23,200,IBM
2025-10-02,9:48:17.731471563,T,285.8,100,286.23,200,IBM
2025-10-02,9:48:17.733486309,T,285.8,100,286.32,100,IBM
2025-10-02,9:48:17.735581362,T,285.79,100,286.32,100,IBM
2025-10-02,9:48:17.735601391,T,285.69,100,286.32,100,IBM
2025-10-02,9:48:19.424451790,T,285.69,100,286.18,100,IBM
2025-10-02,9:48:19.424872845,T,285.69,100,286.18,200,IBM
2025-10-02,9:48:19.865561929,T,285.69,100,286.17,100,IBM
2025-10-02,9:48:19.866489223,T,285.69,100,286.17,200,IBM
2025-10-02,9:48:20.997942699,T,285.69,100,286.17,100,IBM
2025-10-02,9:48:25.270825071,T,285.69,100,286.17,200,IBM
2025-10-02,9:48:25.349823078,T,285.69,100,286.17,100,IBM
2025-10-02,9:48:29.060962857,T,285.69,100,286.18,100,IBM
2025-10-02,9:48:30.047040376,T,285.69,100,286.38,300,IBM
2025-10-02,9:48:34.636616485,T,285.69,100,286.38,200,IBM
2025-10-02,9:48:34.958628089,T,285.69,100,286.3,100,IBM
2025-10-02,9:48:38.301345732,T,285.69,100,286.26,100,IBM
2025-10-02,9:48:38.301375783,T,285.69,100,286.15,100,IBM
2025-10-02,9:48:39.158305809,T,285.69,100,286.15,200,IBM
2025-10-02,9:48:40.273170053,T,285.69,100,286.15,100,IBM
2025-10-02,9:48:40.273205024,T,285.69,100,286.2,100,IBM
2025-10-02,9:48:45.410900892,T,285.69,100,286.15,100,IBM
2025-10-02,9:48:46.615764196,T,285.69,100,286.2,100,IBM
2025-10-02,9:48:50.611727052,T,285.69,100,286.15,100,IBM
2025-10-02,9:48:50.612153146,T,285.69,100,286.15,200,IBM
2025-10-02,9:48:54.527393909,T,285.69,100,286.15,100,IBM
2025-10-02,9:48:55.688067005,T,285.69,100,286.38,200,IBM
2025-10-02,9:48:56.219542216,T,285.74,200,286.38,200,IBM
2025-10-02,9:48:57.320107490,T,285.74,200,286.14,100,IBM
2025-10-02,9:48:57.320533538,T,285.74,200,286.14,200,IBM
2025-10-02,9:49:00.021052232,T,285.74,200,286.14,100,IBM
2025-10-02,9:49:01.810311928,T,285.74,200,286.14,200,IBM
2025-10-02,9:49:01.810352084,T,285.74,200,286.14,100,IBM
2025-10-02,9:49:01.810376993,T,285.74,200,286.33,200,IBM
2025-10-02,9:49:02.158415688,T,285.74,200,286.3,100,IBM
2025-10-02,9:49:02.159397930,T,285.74,200,286.2,100,IBM
2025-10-02,9:49:02.258408592,T,285.74,200,286.33,100,IBM
2025-10-02,9:49:02.258433655,T,285.74,200,286.2,100,IBM
2025-10-02,9:49:03.193755451,T,285.74,200,286.3,100,IBM
2025-10-02,9:49:03.193775557,T,285.74,200,286.33,100,IBM
2025-10-02,9:49:11.229219983,T,285.85,100,286.33,100,IBM
2025-10-02,9:49:15.301213704,T,285.85,100,286.33,200,IBM
2025-10-02,9:49:18.259862134,T,285.85,100,286.33,100,IBM
2025-10-02,9:49:24.278775805,T,285.85,100,286.33,200,IBM
2025-10-02,9:49:26.637967108,T,285.85,100,286.24,100,IBM
2025-10-02,9:49:26.638097469,T,285.85,100,286.33,200,IBM
2025-10-02,9:49:26.638097469,T,285.85,100,286.16,100,IBM
2025-10-02,9:49:26.638413149,T,285.85,100,286.16,200,IBM
2025-10-02,9:49:26.639330318,T,285.85,100,286.15,100,IBM
2025-10-02,9:49:26.639335394,T,285.85,100,286.16,300,IBM
2025-10-02,9:49:26.639355401,T,285.85,100,286.16,200,IBM
2025-10-02,9:49:26.649474456,T,285.85,100,286.16,100,IBM
2025-10-02,9:49:26.722879199,T,285.69,100,286.16,100,IBM
2025-10-02,9:49:26.723626005,T,285.58,100,286.16,100,IBM
2025-10-02,9:49:26.724322717,T,285.58,100,286.12,100,IBM
2025-10-02,9:49:26.845997315,T,285.53,200,286.12,100,IBM
2025-10-02,9:49:26.846017402,T,285.53,200,285.88,100,IBM
2025-10-02,9:49:26.846032368,T,285.58,100,285.88,100,IBM
2025-10-02,9:49:26.846438430,T,285.58,100,285.88,200,IBM
2025-10-02,9:49:26.846468498,T,285.55,100,285.88,200,IBM
2025-10-02,9:49:26.846503572,T,285.53,200,285.88,200,IBM
2025-10-02,9:49:26.846538713,T,285.55,100,285.88,200,IBM
2025-10-02,9:49:26.846744105,T,285.53,200,285.88,200,IBM
2025-10-02,9:49:26.846759120,T,285.53,200,285.88,100,IBM
2025-10-02,9:49:26.846759120,T,285.53,200,285.88,200,IBM
2025-10-02,9:49:26.846949571,T,285.43,100,285.88,200,IBM
