DATE,TIME_M,EX,BID,BIDSIZ,ASK,ASKSIZ,SYM_ROOT
2025-11-11,9:30:00.693267192,T,306.9,40,310.64,40,IBM
2025-11-11,9:30:00.697552415,T,306.59,40,310.64,40,IBM
2025-11-11,9:30:01.008743415,T,306.59,40,309.3,40,IBM
2025-11-11,9:30:01.026836487,T,307.78,40,309.3,40,IBM
2025-11-11,9:30:01.032420055,T,308.03,80,309.3,40,IBM
2025-11-11,9:30:01.039225985,T,308.03,80,309.13,40,IBM
2025-11-11,9:30:01.041055379,T,308.03,80,311.0,120,IBM
2025-11-11,9:30:01.052412400,T,307.78,40,311.0,120,IBM
2025-11-11,9:30:01.097044093,T,308.95,40,311.0,120,IBM
2025-11-11,9:30:01.475690094,T,308.95,40,309.5,40,IBM
2025-11-11,9:30:01.754152967,T,309.01,40,309.5,40,IBM
2025-11-11,9:30:01.763790978,T,308.95,40,309.5,40,IBM
2025-11-11,9:30:02.041552134,T,308.95,40,309.4,40,IBM
2025-11-11,9:30:04.141461043,T,308.95,40,309.5,40,IBM
2025-11-11,9:30:04.141471055,T,309.0,40,309.5,40,IBM
2025-11-11,9:30:04.141541624,T,308.95,40,309.5,40,IBM
2025-11-11,9:30:04.141541624,T,309.13,40,309.5,40,IBM
2025-11-11,9:30:04.141957206,T,309.13,40,311.0,120,IBM
2025-11-11,9:30:04.142343193,T,309.13,40,310.45,80,IBM
2025-11-11,9:30:04.176013285,T,309.13,80,310.45,80,IBM
2025-11-11,9:30:04.192457445,T,309.13,40,310.45,80,IBM
2025-11-11,9:30:04.194928422,T,308.95,40,310.45,80,IBM
2025-11-11,9:30:04.311145307,T,307.38,40,310.45,80,IBM
2025-11-11,9:30:04.311180182,T,309.08,40,310.45,80,IBM
2025-11-11,9:30:05.141892839,T,309.08,40,309.66,40,IBM
2025-11-11,9:30:05.141917891,T,309.08,40,309.66,120,IBM
2025-11-11,9:30:05.142323835,T,309.08,80,309.66,120,IBM
2025-11-11,9:30:05.189716586,T,309.08,40,309.66,120,IBM
2025-11-11,9:30:05.733225547,T,309.08,40,309.66,400,IBM
2025-11-11,9:30:12.813486376,T,309.08,80,309.66,400,IBM
2025-11-11,9:30:12.813636647,T,309.08,80,309.65,120,IBM
2025-11-11,9:30:12.936178403,T,309.08,40,309.65,120,IBM
2025-11-11,9:30:12.936789863,T,309.08,80,309.65,120,IBM
2025-11-11,9:30:14.466496443,T,309.08,40,309.65,120,IBM
2025-11-11,9:30:19.343446961,T,309.08,40,309.65,80,IBM
2025-11-11,9:30:21.001594450,T,309.08,40,309.65,360,IBM
2025-11-11,9:30:22.948759928,T,309.21,40,309.65,360,IBM
2025-11-11,9:30:22.949186026,T,309.21,80,309.65,360,IBM
2025-11-11,9:30:23.085149621,T,309.21,40,309.65,360,IBM
2025-11-11,9:30:25.053490588,T,309.21,40,309.6,80,IBM
2025-11-11,9:30:27.871870231,T,309.21,40,309.6,120,IBM
2025-11-11,9:30:27.871895304,T,309.21,40,309.48,80,IBM
2025-11-11,9:30:28.090746309,T,309.16,40,309.48,80,IBM
2025-11-11,9:30:28.090781370,T,309.16,40,311.0,160,IBM
2025-11-11,9:30:28.090786429,T,309.16,40,309.22,40,IBM
2025-11-11,9:30:28.090951822,T,307.81,40,309.22,40,IBM
2025-11-11,9:30:28.091212425,T,309.16,40,309.22,40,IBM
2025-11-11,9:30:28.091217497,T,307.81,40,309.22,40,IBM
2025-11-11,9:30:28.091227479,T,307.62,40,309.22,40,IBM
2025-11-11,9:30:28.091237534,T,307.62,40,310.91,40,IBM
2025-11-11,9:30:28.091342731,T,307.62,40,310.45,40,IBM
2025-11-11,9:30:28.091352730,T,307.62,40,309.48,40,IBM
2025-11-11,9:30:28.091573246,T,307.62,40,309.48,80,IBM
2025-11-11,9:30:28.091803810,T,307.62,40,309.22,120,IBM
2025-11-11,9:30:28.098299322,T,307.43,40,309.22,120,IBM
2025-11-11,9:30:28.098389525,T,307.43,40,309.21,40,IBM
2025-11-11,9:30:28.098610072,T,307.43,40,309.21,80,IBM
2025-11-11,9:30:28.109876848,T,307.43,40,309.21,40,IBM
2025-11-11,9:30:28.110157486,T,307.38,40,309.21,40,IBM
2025-11-11,9:30:28.110553558,T,307.38,40,309.22,120,IBM
2025-11-11,9:30:28.110553558,T,307.38,40,309.09,40,IBM
2025-11-11,9:30:28.110779002,T,307.38,40,309.09,80,IBM
2025-11-11,9:30:28.220585467,T,307.38,40,309.09,40,IBM
2025-11-11,9:30:28.220805965,T,307.38,40,309.22,120,IBM
2025-11-11,9:30:28.221392358,T,307.38,40,309.09,120,IBM
2025-11-11,9:30:28.845242648,T,307.38,40,309.08,40,IBM
2025-11-11,9:30:28.845904140,T,307.38,40,309.09,120,IBM
2025-11-11,9:30:28.845904140,T,307.38,40,308.92,40,IBM
2025-11-11,9:30:28.854013490,T,307.38,40,308.94,120,IBM
2025-11-11,9:30:28.854073633,T,307.38,40,308.93,40,IBM
2025-11-11,9:30:28.854364292,T,307.38,40,308.93,80,IBM
2025-11-11,9:30:29.159992022,T,307.38,40,308.93,40,IBM
2025-11-11,9:30:29.160172388,T,307.38,40,308.94,120,IBM
2025-11-11,9:30:29.380516990,T,307.62,40,308.94,120,IBM
2025-11-11,9:30:29.380521928,T,308.41,40,308.94,120,IBM
2025-11-11,9:30:29.380552063,T,307.81,40,308.94,120,IBM
2025-11-11,9:30:29.380557078,T,308.54,40,308.94,120,IBM
2025-11-11,9:30:29.385052773,T,308.41,80,308.94,120,IBM
2025-11-11,9:30:29.391493116,T,308.41,40,308.94,120,IBM
2025-11-11,9:30:29.391498059,T,307.81,40,308.94,120,IBM
2025-11-11,9:30:30.065788209,T,307.98,40,308.94,120,IBM
2025-11-11,9:30:30.065798216,T,308.16,40,308.94,120,IBM
2025-11-11,9:30:30.065818344,T,308.0,40,308.94,120,IBM
2025-11-11,9:30:30.166467944,T,307.81,40,308.94,120,IBM
2025-11-11,9:30:30.771092319,T,307.81,40,309.93,40,IBM
2025-11-11,9:30:30.771392951,T,308.36,80,309.93,40,IBM
2025-11-11,9:30:30.771813955,T,308.36,120,309.93,40,IBM
2025-11-11,9:30:30.771828955,T,308.36,160,309.93,40,IBM
2025-11-11,9:30:30.781412000,T,308.36,80,309.93,40,IBM
2025-11-11,9:30:30.781832777,T,308.36,40,309.93,40,IBM
2025-11-11,9:30:30.781842843,T,307.81,40,309.93,40,IBM
2025-11-11,9:30:30.781892918,T,307.81,40,309.56,40,IBM
2025-11-11,9:30:30.829641684,T,308.4,40,309.56,40,IBM
2025-11-11,9:30:30.830057658,T,308.4,80,309.56,40,IBM
2025-11-11,9:30:30.830077640,T,308.4,120,309.56,40,IBM
2025-11-11,9:30:30.830087727,T,308.4,120,309.93,40,IBM
2025-11-11,9:30:31.005755892,T,308.4,120,309.74,40,IBM
2025-11-11,9:30:31.005780979,T,308.4,80,309.74,40,IBM
2025-11-11,9:30:31.006262106,T,308.41,40,309.74,40,IBM
2025-11-11,9:30:31.028419916,T,308.41,80,309.74,40,IBM
2025-11-11,9:30:31.028429851,T,308.41,120,309.74,40,IBM
2025-11-11,9:30:31.457371055,T,308.41,80,309.74,40,IBM
2025-11-11,9:30:31.457456251,T,308.41,40,309.74,40,IBM
2025-11-11,9:30:31.457456251,T,308.42,40,309.74,40,IBM
2025-11-11,9:30:31.784209202,T,307.81,40,309.74,40,IBM
2025-11-11,9:30:31.784610116,T,308.42,40,309.74,40,IBM
2025-11-11,9:30:31.784755518,T,308.43,40,309.74,40,IBM
2025-11-11,9:30:31.784795607,T,308.43,40,309.56,80,IBM
2025-11-11,9:30:31.866655489,T,307.81,40,309.56,80,IBM
2025-11-11,9:30:31.866981206,T,308.0,40,309.56,80,IBM
2025-11-11,9:30:32.036354422,T,307.81,40,309.56,80,IBM
2025-11-11,9:30:32.036630112,T,307.81,40,309.56,120,IBM
2025-11-11,9:30:32.286730443,T,307.81,40,309.56,80,IBM
2025-11-11,9:30:32.286865830,T,307.81,40,309.55,40,IBM
2025-11-11,9:30:32.509059771,T,307.81,40,309.74,40,IBM
2025-11-11,9:30:33.141670715,T,308.43,80,309.74,40,IBM
2025-11-11,9:30:33.142091737,T,308.43,120,309.74,40,IBM
2025-11-11,9:30:33.142101775,T,308.43,160,309.74,40,IBM
2025-11-11,9:30:33.142131837,T,308.44,40,309.74,40,IBM
2025-11-11,9:30:33.143029024,T,308.44,40,309.55,40,IBM
2025-11-11,9:30:33.143810849,T,308.44,40,309.74,40,IBM
2025-11-11,9:30:33.645580368,T,308.44,120,309.74,40,IBM
2025-11-11,9:30:33.645620422,T,308.44,120,309.93,40,IBM
2025-11-11,9:30:33.645645544,T,308.44,80,309.93,40,IBM
2025-11-11,9:30:33.783729300,T,308.44,120,309.93,40,IBM
2025-11-11,9:30:37.350039408,T,308.44,160,309.93,40,IBM
2025-11-11,9:30:37.350064465,T,308.45,40,309.93,40,IBM
2025-11-11,9:30:37.351412675,T,308.45,80,309.93,40,IBM
2025-11-11,9:30:37.358203872,T,308.45,160,309.93,40,IBM
2025-11-11,9:30:37.359020768,T,308.45,160,309.55,40,IBM
2025-11-11,9:30:37.669078972,T,308.45,120,309.55,40,IBM
2025-11-11,9:30:38.086181876,T,308.45,160,309.55,40,IBM
2025-11-11,9:30:38.086412355,T,308.45,160,309.5,40,IBM
2025-11-11,9:30:38.480675947,T,308.45,160,309.55,40,IBM
2025-11-11,9:30:38.480761240,T,308.45,160,309.5,40,IBM
2025-11-11,9:30:38.481452824,T,308.45,160,309.55,40,IBM
2025-11-11,9:30:41.920254764,T,308.45,120,309.55,40,IBM
2025-11-11,9:30:41.920264957,T,308.45,80,309.55,40,IBM
2025-11-11,9:30:41.920570343,T,308.46,40,309.55,40,IBM
2025-11-11,9:30:41.921527605,T,308.46,40,309.5,40,IBM
2025-11-11,9:30:42.170630694,T,308.45,80,309.5,40,IBM
2025-11-11,9:30:42.170675723,T,308.45,80,309.5,120,IBM
2025-11-11,9:30:42.170856168,T,308.45,40,309.5,120,IBM
2025-11-11,9:30:42.170866468,T,308.25,40,309.5,120,IBM
2025-11-11,9:30:42.170946377,T,308.47,40,309.5,120,IBM
2025-11-11,9:30:42.171367395,T,308.47,80,309.5,120,IBM
2025-11-11,9:30:42.171377400,T,308.47,120,309.5,120,IBM
2025-11-11,9:30:42.176359291,T,308.47,120,309.5,40,IBM
2025-11-11,9:30:42.422364947,T,308.47,80,309.5,40,IBM
2025-11-11,9:30:42.422846066,T,308.48,40,309.5,40,IBM
2025-11-11,9:30:42.765206141,T,308.48,80,309.5,40,IBM
2025-11-11,9:30:42.765216149,T,308.48,120,309.5,40,IBM
2025-11-11,9:30:44.900614755,T,308.48,120,309.55,40,IBM
2025-11-11,9:31:00.009684213,T,308.48,200,309.55,40,IBM
2025-11-11,9:31:00.517623915,T,308.51,160,309.55,40,IBM
2025-11-11,9:31:00.517668619,T,308.51,240,309.55,40,IBM
2025-11-11,9:31:00.928140854,T,308.51,280,309.55,40,IBM
2025-11-11,9:31:00.928155843,T,308.51,320,309.55,40,IBM
2025-11-11,9:31:07.366939408,T,308.51,280,309.55,40,IBM
2025-11-11,9:31:07.461499565,T,308.51,200,309.55,40,IBM
2025-11-11,9:31:19.807917134,T,308.51,200,309.49,40,IBM
2025-11-11,9:31:19.808423367,T,308.51,200,309.49,120,IBM
2025-11-11,9:31:19.820051082,T,308.51,200,309.49,80,IBM
2025-11-11,9:31:22.293419251,T,308.51,200,309.48,40,IBM
2025-11-11,9:31:22.542432175,T,308.51,160,309.48,40,IBM
2025-11-11,9:31:24.858200013,T,308.51,160,309.49,80,IBM
2025-11-11,9:31:31.891378690,T,308.51,160,309.48,40,IBM
2025-11-11,9:31:31.891378690,T,308.51,160,309.38,40,IBM
2025-11-11,9:31:31.891919968,T,308.51,160,309.48,40,IBM
2025-11-11,9:31:31.892150471,T,308.51,160,309.38,80,IBM
2025-11-11,9:31:33.251150848,T,308.51,160,309.55,40,IBM
2025-11-11,9:31:34.378599749,T,308.51,160,309.43,40,IBM
2025-11-11,9:31:34.941013843,T,308.51,160,309.38,40,IBM
2025-11-11,9:31:43.972679922,T,308.51,160,309.16,40,IBM
2025-11-11,9:31:43.973166144,T,308.51,160,309.38,40,IBM
2025-11-11,9:31:47.378122089,T,308.75,40,309.38,40,IBM
2025-11-11,9:31:47.378543091,T,308.75,80,309.38,40,IBM
2025-11-11,9:31:47.428792800,T,308.75,40,309.38,40,IBM
2025-11-11,9:31:49.138162197,T,308.51,160,309.38,40,IBM
2025-11-11,9:31:52.309241509,T,308.25,40,309.38,40,IBM
2025-11-11,9:31:52.309246430,T,308.32,160,309.38,40,IBM
2025-11-11,9:31:55.201091002,T,308.32,160,309.63,160,IBM
2025-11-11,9:31:55.201993159,T,308.32,160,309.14,40,IBM
2025-11-11,9:32:05.160085083,T,308.8,40,309.14,40,IBM
2025-11-11,9:32:05.168871012,T,308.32,160,309.14,40,IBM
2025-11-11,9:32:06.499107695,T,308.61,40,309.14,40,IBM
2025-11-11,9:32:09.513072681,T,308.32,160,309.14,40,IBM
2025-11-11,9:32:11.083311298,T,308.61,40,309.14,40,IBM
2025-11-11,9:32:11.083732375,T,308.61,80,309.14,40,IBM
2025-11-11,9:32:11.083897719,T,308.62,40,309.14,40,IBM
2025-11-11,9:32:11.183880700,T,308.61,40,309.14,40,IBM
2025-11-11,9:32:11.275554000,T,308.61,40,309.67,160,IBM
2025-11-11,9:32:11.275609036,T,308.78,40,309.67,160,IBM
2025-11-11,9:32:11.275629140,T,308.61,40,309.67,160,IBM
2025-11-11,9:32:11.275719820,T,308.32,160,309.67,160,IBM
2025-11-11,9:32:11.275724392,T,309.07,40,309.67,160,IBM
2025-11-11,9:32:11.276095253,T,308.32,160,309.67,160,IBM
2025-11-11,9:32:11.276140376,T,308.32,160,309.66,80,IBM
2025-11-11,9:32:11.276631532,T,308.36,40,309.66,80,IBM
2025-11-11,9:32:11.284139364,T,308.32,160,309.66,80,IBM
2025-11-11,9:32:11.284951349,T,308.32,160,309.48,40,IBM
2025-11-11,9:32:11.285758191,T,308.32,160,309.66,80,IBM
2025-11-11,9:32:11.777709692,T,308.32,160,309.89,160,IBM
2025-11-11,9:32:12.338835074,T,308.32,160,309.4,40,IBM
2025-11-11,9:32:12.340103082,T,308.32,160,309.47,40,IBM
2025-11-11,9:32:12.353670449,T,308.32,160,309.48,40,IBM
2025-11-11,9:32:12.438843181,T,308.32,160,309.65,160,IBM
2025-11-11,9:32:26.230746687,T,308.32,160,309.65,200,IBM
2025-11-11,9:32:26.230756812,T,308.32,160,309.65,160,IBM
2025-11-11,9:32:26.230761660,T,308.32,160,309.39,40,IBM
2025-11-11,9:32:26.230781743,T,308.32,160,309.65,200,IBM
2025-11-11,9:32:26.230781743,T,308.32,160,309.17,40,IBM
2025-11-11,9:32:26.231157630,T,308.32,160,309.4,40,IBM
2025-11-11,9:32:26.231212924,T,308.32,160,309.48,40,IBM
2025-11-11,9:32:26.231473395,T,308.32,160,309.16,80,IBM
2025-11-11,9:32:26.232265239,T,308.32,160,309.48,40,IBM
2025-11-11,9:32:26.235452873,T,308.32,160,309.6,40,IBM
2025-11-11,9:32:26.242369368,T,308.32,160,309.17,40,IBM
2025-11-11,9:32:26.574174203,T,308.32,160,309.6,40,IBM
2025-11-11,9:32:27.016712825,T,308.74,40,309.6,40,IBM
2025-11-11,9:32:27.045386219,T,308.32,160,309.6,40,IBM
2025-11-11,9:32:28.211948519,T,308.74,40,309.6,40,IBM
2025-11-11,9:32:29.162185526,T,308.74,40,309.13,40,IBM
2025-11-11,9:32:29.162977422,T,308.32,160,309.13,40,IBM
2025-11-11,9:32:43.111298547,T,308.32,160,309.13,80,IBM
2025-11-11,9:32:44.107655480,T,308.32,160,309.46,160,IBM
2025-11-11,9:32:44.823985799,T,308.32,160,309.11,80,IBM
2025-11-11,9:32:48.570585216,T,308.32,160,309.1,40,IBM
2025-11-11,9:32:59.943870967,T,308.32,160,309.1,120,IBM
2025-11-11,9:33:00.570648374,T,308.32,160,309.1,80,IBM
2025-11-11,9:33:00.570678482,T,308.32,160,309.1,120,IBM
2025-11-11,9:33:00.571425314,T,308.32,160,309.09,40,IBM
2025-11-11,9:33:02.470380790,T,308.32,160,309.09,80,IBM
2025-11-11,9:33:05.371291686,T,308.32,160,309.09,40,IBM
2025-11-11,9:33:05.372088588,T,308.32,160,309.1,80,IBM
2025-11-11,9:33:10.325997254,T,308.7,40,309.1,80,IBM
2025-11-11,9:33:10.326002315,T,308.75,40,309.1,80,IBM
2025-11-11,9:33:10.326037799,T,308.75,40,309.46,160,IBM
2025-11-11,9:33:10.326057446,T,309.07,80,309.46,160,IBM
2025-11-11,9:33:10.326353156,T,308.75,40,309.46,160,IBM
2025-11-11,9:33:10.326403301,T,308.54,40,309.46,160,IBM
2025-11-11,9:33:10.326408233,T,308.92,40,309.46,160,IBM
2025-11-11,9:33:10.326628762,T,308.92,80,309.46,160,IBM
2025-11-11,9:33:10.326759070,T,308.92,80,309.4,200,IBM
2025-11-11,9:33:10.326779216,T,308.92,80,309.4,320,IBM
2025-11-11,9:33:10.326824299,T,308.92,40,309.4,320,IBM
2025-11-11,9:33:10.330407863,T,308.92,40,309.4,280,IBM
2025-11-11,9:33:10.330628323,T,308.7,40,309.4,280,IBM
2025-11-11,9:33:10.336527415,T,308.33,40,309.4,280,IBM
2025-11-11,9:33:10.336983406,T,308.33,40,309.4,360,IBM
2025-11-11,9:33:10.419244378,T,308.85,40,309.4,360,IBM
2025-11-11,9:33:11.187864150,T,308.85,40,309.4,160,IBM
2025-11-11,9:33:11.187869106,T,308.85,40,309.4,120,IBM
2025-11-11,9:33:11.187889142,T,308.85,40,309.4,80,IBM
2025-11-11,9:33:11.187889142,T,308.85,40,309.74,160,IBM
2025-11-11,9:33:11.187909144,T,309.4,80,309.74,160,IBM
2025-11-11,9:33:11.187979541,T,309.12,40,309.74,160,IBM
2025-11-11,9:33:11.188004438,T,308.86,40,309.74,160,IBM
2025-11-11,9:33:11.188019442,T,308.96,40,309.74,160,IBM
2025-11-11,9:33:11.188204886,T,308.96,40,310.31,40,IBM
2025-11-11,9:33:11.188210145,T,308.96,40,309.94,160,IBM
2025-11-11,9:33:11.188340156,T,309.12,40,309.94,160,IBM
2025-11-11,9:33:11.188380355,T,308.96,40,309.94,160,IBM
2025-11-11,9:33:11.188665971,T,309.12,40,309.94,160,IBM
2025-11-11,9:33:11.188716150,T,309.19,40,309.94,160,IBM
2025-11-11,9:33:11.189026868,T,308.86,80,309.94,160,IBM
2025-11-11,9:33:11.189051850,T,308.86,40,309.94,160,IBM
2025-11-11,9:33:11.190365020,T,308.86,40,309.66,40,IBM
2025-11-11,9:33:11.193968643,T,308.86,80,309.66,40,IBM
2025-11-11,9:33:11.252222277,T,308.86,40,309.66,40,IBM
2025-11-11,9:33:11.287912266,T,308.85,40,309.66,40,IBM
2025-11-11,9:33:11.326403947,T,308.85,40,309.66,80,IBM
2025-11-11,9:33:14.832420302,T,308.85,40,309.66,40,IBM
2025-11-11,9:33:15.834891870,T,308.85,40,309.66,280,IBM
2025-11-11,9:33:18.852992009,T,308.85,40,309.66,240,IBM
2025-11-11,9:33:27.724151167,T,308.85,40,309.66,280,IBM
2025-11-11,9:33:28.274120690,T,308.85,40,309.66,240,IBM
2025-11-11,9:33:28.274125483,T,308.85,40,309.66,80,IBM
2025-11-11,9:33:28.274125483,T,308.85,40,309.94,200,IBM
2025-11-11,9:33:28.274130509,T,308.85,40,309.94,160,IBM
2025-11-11,9:33:28.274150488,T,309.44,80,309.94,160,IBM
2025-11-11,9:33:28.274396094,T,309.47,40,309.94,160,IBM
2025-11-11,9:33:28.277739057,T,309.47,40,310.31,40,IBM
2025-11-11,9:33:28.277739057,T,309.47,40,310.13,160,IBM
2025-11-11,9:33:28.282871319,T,309.44,80,310.13,160,IBM
2025-11-11,9:33:28.282891572,T,309.25,40,310.13,160,IBM
2025-11-11,9:33:28.286389671,T,309.25,40,309.74,40,IBM
2025-11-11,9:33:28.286870785,T,309.25,40,310.13,160,IBM
2025-11-11,9:33:28.286900867,T,309.5,40,310.13,160,IBM
2025-11-11,9:33:28.287301819,T,309.25,40,310.13,160,IBM
2025-11-11,9:33:28.287336870,T,309.55,40,310.13,160,IBM
2025-11-11,9:33:28.287346920,T,309.25,40,310.13,160,IBM
2025-11-11,9:33:28.287422159,T,309.25,80,310.13,160,IBM
2025-11-11,9:33:28.291607047,T,309.25,40,310.13,160,IBM
2025-11-11,9:33:28.297009927,T,309.31,40,310.13,160,IBM
2025-11-11,9:33:28.366620670,T,309.31,80,310.13,160,IBM
2025-11-11,9:33:28.367994472,T,309.31,40,310.13,160,IBM
2025-11-11,9:33:28.368003998,T,309.59,40,310.13,160,IBM
2025-11-11,9:33:28.368264932,T,309.31,40,310.13,160,IBM
2025-11-11,9:33:28.368269622,T,309.74,40,310.13,160,IBM
2025-11-11,9:33:28.369201852,T,309.74,40,310.12,40,IBM
2025-11-11,9:33:28.369201852,T,309.31,40,310.12,40,IBM
2025-11-11,9:33:28.369226920,T,309.31,40,310.13,160,IBM
2025-11-11,9:33:28.369312038,T,309.65,40,310.13,160,IBM
2025-11-11,9:33:28.369312038,T,309.87,40,310.13,160,IBM
2025-11-11,9:33:28.369372208,T,309.65,40,310.13,160,IBM
2025-11-11,9:33:28.369372208,T,309.44,40,310.13,160,IBM
2025-11-11,9:33:28.369377295,T,309.94,40,310.13,160,IBM
2025-11-11,9:33:28.369542585,T,309.44,40,310.13,160,IBM
2025-11-11,9:33:28.369542585,T,309.96,40,310.13,160,IBM
2025-11-11,9:33:28.369813253,T,309.84,40,310.13,160,IBM
2025-11-11,9:33:28.369823343,T,309.65,40,310.13,160,IBM
2025-11-11,9:33:28.369838372,T,309.32,40,310.13,160,IBM
2025-11-11,9:33:28.369963682,T,309.44,40,310.13,160,IBM
2025-11-11,9:33:28.370088983,T,309.65,40,310.13,160,IBM
2025-11-11,9:33:28.370098956,T,309.65,80,310.13,160,IBM
2025-11-11,9:33:28.370269556,T,309.65,40,310.13,160,IBM
2025-11-11,9:33:28.370710440,T,309.65,80,310.13,160,IBM
2025-11-11,9:33:28.371402472,T,309.65,80,310.71,40,IBM
2025-11-11,9:33:28.373812748,T,309.65,80,310.51,40,IBM
2025-11-11,9:33:28.374379166,T,309.65,40,310.51,40,IBM
2025-11-11,9:33:28.375020635,T,309.65,40,310.71,40,IBM
2025-11-11,9:33:28.375080773,T,309.65,40,310.91,40,IBM
2025-11-11,9:33:28.381240511,T,309.92,40,310.91,40,IBM
2025-11-11,9:33:28.381345755,T,309.92,40,310.55,160,IBM
2025-11-11,9:33:28.382197749,T,309.39,40,310.55,160,IBM
2025-11-11,9:33:28.385415410,T,309.32,80,310.55,160,IBM
2025-11-11,9:33:28.387294930,T,309.32,80,310.4,40,IBM
2025-11-11,9:33:28.390617774,T,309.32,120,310.4,40,IBM
2025-11-11,9:33:28.390627870,T,309.32,120,310.36,80,IBM
2025-11-11,9:33:28.390758164,T,309.32,80,310.36,80,IBM
2025-11-11,9:33:28.391274408,T,309.45,40,310.36,80,IBM
2025-11-11,9:33:28.392101351,T,309.32,120,310.36,80,IBM
2025-11-11,9:33:28.393965844,T,309.32,80,310.36,80,IBM
2025-11-11,9:33:28.396972945,T,309.32,120,310.36,80,IBM
2025-11-11,9:33:28.396988004,T,309.33,40,310.36,80,IBM
2025-11-11,9:33:28.397213545,T,309.33,80,310.36,80,IBM
2025-11-11,9:33:28.443303252,T,309.33,120,310.36,80,IBM
2025-11-11,9:33:28.453998739,T,309.33,120,310.41,40,IBM
2025-11-11,9:33:28.454023832,T,309.33,120,310.45,40,IBM
2025-11-11,9:33:28.454214263,T,309.33,160,310.45,40,IBM
2025-11-11,9:33:28.485253171,T,309.33,160,310.36,160,IBM
2025-11-11,9:33:28.505872161,T,309.33,120,310.36,160,IBM
2025-11-11,9:33:28.506092764,T,309.33,80,310.36,160,IBM
2025-11-11,9:33:28.611228057,T,309.33,40,310.36,160,IBM
2025-11-11,9:33:28.611243039,T,309.31,40,310.36,160,IBM
2025-11-11,9:33:28.777133049,T,309.34,40,310.36,160,IBM
2025-11-11,9:33:28.777343500,T,309.34,80,310.36,160,IBM
2025-11-11,9:33:28.777559044,T,309.34,120,310.36,160,IBM
2025-11-11,9:33:28.777614094,T,309.34,160,310.36,160,IBM
2025-11-11,9:33:28.861208101,T,309.34,160,310.36,200,IBM
2025-11-11,9:33:28.912730859,T,309.34,120,310.36,200,IBM
2025-11-11,9:33:29.092132854,T,309.34,160,310.36,200,IBM
2025-11-11,9:33:29.092669132,T,309.34,120,310.36,200,IBM
2025-11-11,9:33:29.092844603,T,309.36,40,310.36,200,IBM
2025-11-11,9:33:29.092874784,T,309.34,120,310.36,200,IBM
2025-11-11,9:33:29.092879630,T,309.79,40,310.36,200,IBM
2025-11-11,9:33:29.093811877,T,309.34,40,310.36,200,IBM
2025-11-11,9:33:29.093887108,T,309.79,40,310.36,200,IBM
2025-11-11,9:33:29.095546001,T,309.79,40,310.36,40,IBM
2025-11-11,9:33:29.097034526,T,309.66,40,310.36,40,IBM
2025-11-11,9:33:29.274537115,T,309.66,40,310.36,80,IBM
2025-11-11,9:33:29.274567217,T,309.34,40,310.36,80,IBM
2025-11-11,9:33:29.451794139,T,309.66,40,310.36,80,IBM
2025-11-11,9:33:29.454039618,T,309.66,40,310.36,40,IBM
2025-11-11,9:33:29.454039618,T,309.66,40,310.57,160,IBM
2025-11-11,9:33:29.454064568,T,310.08,80,310.57,160,IBM
2025-11-11,9:33:29.454535661,T,310.24,40,310.57,160,IBM
2025-11-11,9:33:29.455056902,T,310.08,80,310.57,160,IBM
2025-11-11,9:33:29.455197148,T,310.24,40,310.57,160,IBM
2025-11-11,9:33:29.456104300,T,310.24,40,311.0,160,IBM
2025-11-11,9:33:29.456114438,T,310.24,40,310.91,160,IBM
2025-11-11,9:33:29.456139496,T,310.08,80,310.91,160,IBM
2025-11-11,9:33:29.456184566,T,310.08,80,310.64,80,IBM
2025-11-11,9:33:29.456234728,T,310.08,80,310.5,40,IBM
2025-11-11,9:33:29.456254681,T,309.81,40,310.5,40,IBM
2025-11-11,9:33:29.456359996,T,310.08,40,310.5,40,IBM
2025-11-11,9:33:29.456560395,T,310.08,80,310.5,40,IBM
2025-11-11,9:33:29.468363778,T,310.08,120,310.5,40,IBM
2025-11-11,9:33:29.468594081,T,310.08,80,310.5,40,IBM
2025-11-11,9:33:29.633246094,T,310.08,80,310.64,80,IBM
2025-11-11,9:33:29.633291207,T,310.29,80,310.64,80,IBM
2025-11-11,9:33:29.633937705,T,310.33,40,310.64,80,IBM
2025-11-11,9:33:29.638092595,T,310.29,120,310.64,80,IBM
2025-11-11,9:33:29.638122728,T,310.29,80,310.64,80,IBM
2025-11-11,9:33:29.638137651,T,310.09,40,310.64,80,IBM
2025-11-11,9:33:29.643350094,T,309.39,40,310.64,80,IBM
2025-11-11,9:33:29.643565657,T,310.09,40,310.64,80,IBM
2025-11-11,9:33:29.990125648,T,309.39,40,310.64,80,IBM
2025-11-11,9:33:30.561305533,T,309.39,40,310.91,160,IBM
2025-11-11,9:33:33.072228100,T,310.21,80,310.91,160,IBM
2025-11-11,9:33:33.072283222,T,310.32,40,310.91,160,IBM
2025-11-11,9:33:33.072498757,T,310.21,160,310.91,160,IBM
2025-11-11,9:33:33.072503849,T,310.44,40,310.91,160,IBM
2025-11-11,9:33:33.074002354,T,310.44,40,311.0,120,IBM
2025-11-11,9:33:33.077270127,T,310.21,200,311.0,120,IBM
2025-11-11,9:33:33.077831481,T,310.21,200,310.75,40,IBM
2025-11-11,9:33:33.077846539,T,310.21,120,310.75,40,IBM
2025-11-11,9:33:33.082457442,T,310.21,80,310.75,40,IBM
2025-11-11,9:33:33.082728124,T,310.21,40,310.75,40,IBM
2025-11-11,9:33:33.090932639,T,310.31,40,310.75,40,IBM
2025-11-11,9:33:33.273848052,T,309.54,40,310.75,40,IBM
2025-11-11,9:33:33.287154880,T,310.31,40,310.75,40,IBM
2025-11-11,9:33:33.405997685,T,309.54,40,310.75,40,IBM
2025-11-11,9:33:33.406729482,T,309.54,40,311.0,120,IBM
2025-11-11,9:33:34.853097824,T,310.49,80,311.0,120,IBM
2025-11-11,9:33:34.853157984,T,310.53,40,311.0,120,IBM
2025-11-11,9:33:34.853954814,T,310.49,80,311.0,120,IBM
2025-11-11,9:33:34.854972323,T,310.53,40,311.0,120,IBM
2025-11-11,9:33:34.861643201,T,310.49,80,311.0,120,IBM
2025-11-11,9:33:34.867933104,T,309.66,40,311.0,120,IBM
2025-11-11,9:33:34.899197556,T,310.53,40,311.0,120,IBM
2025-11-11,9:33:34.908068706,T,310.53,40,311.0,200,IBM
2025-11-11,9:33:35.540298794,T,310.53,80,311.0,200,IBM
2025-11-11,9:33:35.853639757,T,310.53,40,311.0,200,IBM
2025-11-11,9:33:35.858897251,T,310.53,40,311.0,240,IBM
2025-11-11,9:33:35.958820194,T,310.53,80,311.0,240,IBM
2025-11-11,9:33:36.918895649,T,310.53,40,311.0,240,IBM
2025-11-11,9:33:36.918905707,T,309.66,40,311.0,240,IBM
2025-11-11,9:33:36.919381986,T,309.66,40,310.94,80,IBM
2025-11-11,9:33:36.928177743,T,309.66,40,311.0,240,IBM
2025-11-11,9:33:36.928182859,T,309.66,40,311.0,160,IBM
2025-11-11,9:33:36.928187851,T,309.84,80,311.0,160,IBM
2025-11-11,9:33:36.928398280,T,309.84,120,311.0,160,IBM
2025-11-11,9:33:36.928608874,T,309.84,160,311.0,160,IBM
2025-11-11,9:33:36.929400674,T,309.84,80,311.0,160,IBM
2025-11-11,9:33:37.110767459,T,310.73,40,311.0,160,IBM
2025-11-11,9:33:37.125607747,T,310.54,80,311.0,160,IBM
2025-11-11,9:33:37.210850742,T,310.54,40,311.0,160,IBM
2025-11-11,9:33:37.210870781,T,309.92,80,311.0,160,IBM
2025-11-11,9:33:37.211086272,T,309.92,120,311.0,160,IBM
2025-11-11,9:33:37.211111355,T,310.53,40,311.0,160,IBM
2025-11-11,9:33:38.111199113,T,309.92,160,311.0,160,IBM
2025-11-11,9:33:38.111244229,T,309.92,160,310.99,80,IBM
2025-11-11,9:33:38.111374562,T,309.92,120,310.99,80,IBM
2025-11-11,9:33:38.111590051,T,310.53,40,310.99,80,IBM
2025-11-11,9:33:38.120426157,T,310.53,40,311.0,160,IBM
2025-11-11,9:33:38.120847149,T,310.53,80,311.0,160,IBM
2025-11-11,9:33:38.212500336,T,310.53,40,311.0,160,IBM
2025-11-11,9:33:38.212510259,T,309.92,80,311.0,160,IBM
2025-11-11,9:33:45.406636892,T,310.85,40,311.0,160,IBM
2025-11-11,9:33:45.406642026,T,310.85,40,311.0,120,IBM
2025-11-11,9:33:45.406667204,T,310.85,40,311.0,40,IBM
2025-11-11,9:33:45.406667204,T,310.85,40,311.01,40,IBM
2025-11-11,9:33:45.406702465,T,309.92,80,311.01,40,IBM
2025-11-11,9:33:45.406892791,T,310.77,40,311.01,40,IBM
2025-11-11,9:33:45.406922745,T,309.92,80,311.01,40,IBM
2025-11-11,9:33:45.406922745,T,310.88,40,311.01,40,IBM
2025-11-11,9:33:45.407228404,T,310.88,40,311.48,160,IBM
2025-11-11,9:33:45.407519081,T,310.85,40,311.48,160,IBM
2025-11-11,9:33:45.408330964,T,310.85,40,311.06,40,IBM
2025-11-11,9:33:45.409152945,T,310.85,40,311.48,160,IBM
2025-11-11,9:33:45.417222148,T,310.29,40,311.48,160,IBM
2025-11-11,9:33:45.419933599,T,310.14,40,311.48,160,IBM
2025-11-11,9:33:45.424013318,T,309.92,80,311.48,160,IBM
2025-11-11,9:33:45.426689683,T,310.77,40,311.48,160,IBM
2025-11-11,9:33:45.542696472,T,309.92,80,311.48,160,IBM
2025-11-11,9:33:45.798910876,T,310.91,40,311.48,160,IBM
2025-11-11,9:33:45.801166200,T,310.91,80,311.48,160,IBM
2025-11-11,9:33:45.952531571,T,310.91,40,311.48,160,IBM
2025-11-11,9:33:45.956906943,T,310.91,40,311.91,40,IBM
2025-11-11,9:33:45.956911986,T,310.91,40,311.74,160,IBM
2025-11-11,9:33:45.964655496,T,310.29,40,311.74,160,IBM
2025-11-11,9:33:45.964655496,T,311.05,40,311.74,160,IBM
2025-11-11,9:33:45.965287001,T,310.91,40,311.74,160,IBM
2025-11-11,9:33:45.965327075,T,310.91,40,311.74,240,IBM
2025-11-11,9:33:45.974980028,T,310.11,160,311.74,240,IBM
2025-11-11,9:33:45.974985084,T,311.07,40,311.74,240,IBM
2025-11-11,9:33:46.283354153,T,310.11,160,311.74,240,IBM
2025-11-11,9:33:46.407038573,T,310.11,160,311.74,280,IBM
2025-11-11,9:33:46.468910943,T,310.11,160,311.72,80,IBM
2025-11-11,9:33:46.469662727,T,310.11,160,311.72,120,IBM
2025-11-11,9:33:47.351000855,T,310.11,160,311.72,40,IBM
2025-11-11,9:33:47.876261326,T,310.11,160,311.72,80,IBM
2025-11-11,9:33:50.952414530,T,310.11,160,311.49,40,IBM
2025-11-11,9:33:50.952865652,T,310.11,160,311.34,40,IBM
2025-11-11,9:33:50.952960880,T,310.11,160,311.18,40,IBM
2025-11-11,9:33:50.953777766,T,309.92,80,311.18,40,IBM
2025-11-11,9:33:50.953787788,T,310.43,160,311.18,40,IBM
2025-11-11,9:33:50.967119546,T,309.92,80,311.18,40,IBM
2025-11-11,9:33:50.967801127,T,309.92,80,311.34,40,IBM
2025-11-11,9:33:50.978230969,T,309.92,80,311.74,160,IBM
2025-11-11,9:33:50.978235985,T,309.92,80,311.18,40,IBM
2025-11-11,9:33:51.041541717,T,309.92,80,311.74,160,IBM
2025-11-11,9:33:51.083777272,T,310.17,160,311.74,160,IBM
2025-11-11,9:33:51.146080583,T,310.17,160,311.18,80,IBM
2025-11-11,9:33:51.419581634,T,310.42,80,311.18,80,IBM
2025-11-11,9:33:53.101480629,T,310.42,80,311.0,80,IBM
2025-11-11,9:33:53.316332229,T,310.42,120,311.0,80,IBM
2025-11-11,9:33:54.454521943,T,310.42,80,311.0,80,IBM
2025-11-11,9:33:59.396376672,T,310.17,160,311.0,80,IBM
2025-11-11,9:34:00.381707276,T,310.17,160,310.92,120,IBM
2025-11-11,9:34:00.464128402,T,310.17,160,310.91,80,IBM
2025-11-11,9:34:01.746075318,T,310.37,40,310.91,80,IBM
2025-11-11,9:34:02.285514517,T,310.53,120,310.91,80,IBM
2025-11-11,9:34:02.285524503,T,310.53,200,310.91,80,IBM
2025-11-11,9:34:02.285544729,T,310.53,320,310.91,80,IBM
2025-11-11,9:34:02.285544729,T,310.53,280,310.91,80,IBM
2025-11-11,9:34:02.285544729,T,310.53,200,310.91,80,IBM
2025-11-11,9:34:02.285554525,T,310.53,320,310.91,80,IBM
2025-11-11,9:34:02.285559615,T,310.53,400,310.91,80,IBM
2025-11-11,9:34:02.285564855,T,310.53,360,310.91,80,IBM
2025-11-11,9:34:02.285569720,T,310.53,320,310.91,80,IBM
2025-11-11,9:34:02.285574592,T,310.53,280,310.91,80,IBM
2025-11-11,9:34:02.285579672,T,310.53,400,310.91,80,IBM
2025-11-11,9:34:02.285584666,T,310.53,280,310.91,80,IBM
2025-11-11,9:34:02.285584666,T,310.53,240,310.91,80,IBM
2025-11-11,9:34:02.285640037,T,310.53,200,310.91,80,IBM
2025-11-11,9:34:02.285640037,T,310.53,80,310.91,80,IBM
2025-11-11,9:34:02.285640037,T,310.53,40,310.91,80,IBM
2025-11-11,9:34:02.285645128,T,310.37,80,310.91,80,IBM
2025-11-11,9:34:02.285649926,T,310.53,200,310.91,80,IBM
2025-11-11,9:34:02.285649926,T,310.53,200,310.91,120,IBM
2025-11-11,9:34:02.285654798,T,310.53,400,310.91,120,IBM
2025-11-11,9:34:02.285654798,T,310.53,480,310.91,120,IBM
2025-11-11,9:34:02.285659787,T,310.53,600,310.91,120,IBM
2025-11-11,9:34:02.285659787,T,310.53,680,310.91,120,IBM
2025-11-11,9:34:02.285664876,T,310.53,800,310.91,120,IBM
2025-11-11,9:34:02.285669896,T,310.53,800,310.91,40,IBM
2025-11-11,9:34:02.285674829,T,310.53,880,310.91,40,IBM
2025-11-11,9:34:02.285674829,T,310.53,1000,310.91,40,IBM
2025-11-11,9:34:02.285685950,T,310.53,880,310.91,40,IBM
2025-11-11,9:34:02.285685950,T,310.53,840,310.91,40,IBM
2025-11-11,9:34:02.285689910,T,310.53,1040,310.91,40,IBM
2025-11-11,9:34:02.285699923,T,310.53,1160,310.91,40,IBM
2025-11-11,9:34:02.285719927,T,310.53,1080,310.91,40,IBM
2025-11-11,9:34:02.285719927,T,310.53,1040,310.91,40,IBM
2025-11-11,9:34:02.285725207,T,310.53,1040,310.92,160,IBM
2025-11-11,9:34:02.285729948,T,310.53,960,310.92,160,IBM
2025-11-11,9:34:02.285765128,T,310.53,880,310.92,160,IBM
2025-11-11,9:34:02.285775867,T,310.53,800,310.92,160,IBM
2025-11-11,9:34:02.285780400,T,310.53,760,310.92,160,IBM
2025-11-11,9:34:02.285780400,T,310.53,680,310.92,160,IBM
2025-11-11,9:34:02.285780400,T,310.53,640,310.92,160,IBM
2025-11-11,9:34:02.285810388,T,310.53,760,310.92,160,IBM
2025-11-11,9:34:02.285825316,T,310.53,680,310.92,160,IBM
2025-11-11,9:34:02.285830290,T,310.53,640,310.92,160,IBM
2025-11-11,9:34:02.285840206,T,310.53,600,310.92,160,IBM
2025-11-11,9:34:02.285865720,T,310.53,520,310.92,160,IBM
2025-11-11,9:34:02.285885322,T,310.53,480,310.92,160,IBM
2025-11-11,9:34:02.285890676,T,310.53,400,310.92,160,IBM
2025-11-11,9:34:02.285890676,T,310.53,200,310.92,160,IBM
2025-11-11,9:34:02.285890676,T,310.53,80,310.92,160,IBM
2025-11-11,9:34:02.286186125,T,310.37,80,310.92,160,IBM
2025-11-11,9:34:02.286186125,T,310.37,80,310.71,40,IBM
2025-11-11,9:34:02.286186125,T,310.37,80,310.92,160,IBM
2025-11-11,9:34:02.286191123,T,310.37,40,310.92,160,IBM
2025-11-11,9:34:02.286346508,T,309.92,40,310.92,160,IBM
2025-11-11,9:34:02.286707529,T,310.24,40,310.92,160,IBM
2025-11-11,9:34:02.286917794,T,310.24,80,310.92,160,IBM
2025-11-11,9:34:02.286927796,T,310.24,120,310.92,160,IBM
2025-11-11,9:34:02.287288735,T,310.24,80,310.92,160,IBM
2025-11-11,9:34:02.287298723,T,310.24,120,310.92,160,IBM
2025-11-11,9:34:02.300750772,T,310.24,120,310.92,120,IBM
2025-11-11,9:34:02.301166816,T,310.24,80,310.92,120,IBM
2025-11-11,9:34:02.306709918,T,310.24,80,310.91,40,IBM
2025-11-11,9:34:02.410461989,T,310.24,80,310.92,120,IBM
2025-11-11,9:34:02.410572216,T,310.24,40,310.92,120,IBM
2025-11-11,9:34:02.410827862,T,310.24,40,310.91,40,IBM
2025-11-11,9:34:02.496075751,T,310.24,40,310.9,40,IBM
2025-11-11,9:34:03.228669955,T,310.24,40,310.91,40,IBM
2025-11-11,9:34:03.229496958,T,310.24,40,310.91,400,IBM
2025-11-11,9:34:03.229527000,T,310.24,40,310.9,40,IBM
2025-11-11,9:34:03.601432341,T,310.24,40,310.91,400,IBM
2025-11-11,9:34:03.601447367,T,309.92,40,310.91,400,IBM
2025-11-11,9:34:04.433212704,T,309.92,40,310.91,360,IBM
2025-11-11,9:34:05.952795208,T,309.92,40,310.9,40,IBM
2025-11-11,9:34:06.171591039,T,309.92,40,310.91,360,IBM
2025-11-11,9:34:06.928563244,T,310.39,40,310.91,360,IBM
2025-11-11,9:34:06.928773638,T,310.39,80,310.91,360,IBM
2025-11-11,9:34:08.278917787,T,310.39,40,310.91,360,IBM
2025-11-11,9:34:08.433811498,T,309.92,40,310.91,360,IBM
2025-11-11,9:34:10.948177412,T,309.92,40,310.92,120,IBM
2025-11-11,9:34:11.201866280,T,309.92,40,310.9,120,IBM
2025-11-11,9:34:14.535672991,T,310.41,40,310.9,120,IBM
2025-11-11,9:34:14.755431278,T,309.92,40,310.9,120,IBM
2025-11-11,9:34:15.009511070,T,310.39,40,310.9,120,IBM
2025-11-11,9:34:15.280816825,T,310.39,80,310.9,120,IBM
2025-11-11,9:34:15.281102498,T,310.39,40,310.9,120,IBM
2025-11-11,9:34:15.281593645,T,310.4,40,310.9,120,IBM
2025-11-11,9:34:16.092193392,T,310.4,40,310.92,120,IBM
2025-11-11,9:34:16.092208385,T,310.89,80,310.92,120,IBM
2025-11-11,9:34:16.092243726,T,310.89,80,311.28,160,IBM
2025-11-11,9:34:16.092258537,T,310.89,40,311.28,160,IBM
2025-11-11,9:34:16.092363914,T,310.65,80,311.28,160,IBM
2025-11-11,9:34:16.092384247,T,310.41,80,311.28,160,IBM
2025-11-11,9:34:16.092384247,T,310.41,40,311.28,160,IBM
2025-11-11,9:34:16.092474124,T,310.41,80,311.28,160,IBM
2025-11-11,9:34:16.092504132,T,310.5,40,311.28,160,IBM
2025-11-11,9:34:16.092699573,T,310.65,40,311.28,160,IBM
2025-11-11,9:34:16.092920090,T,310.5,40,311.28,160,IBM
2025-11-11,9:34:16.093075479,T,310.65,40,311.28,160,IBM
2025-11-11,9:34:16.093225857,T,310.5,40,311.28,160,IBM
2025-11-11,9:34:16.093245921,T,310.41,80,311.28,160,IBM
2025-11-11,9:34:16.093321157,T,310.65,40,311.28,160,IBM
2025-11-11,9:34:16.093331111,T,310.65,80,311.28,160,IBM
2025-11-11,9:34:16.093501470,T,310.82,40,311.28,160,IBM
2025-11-11,9:34:16.094032730,T,310.82,40,311.76,40,IBM
2025-11-11,9:34:16.094037816,T,310.82,40,311.64,160,IBM
2025-11-11,9:34:16.101906494,T,311.0,40,311.64,160,IBM
2025-11-11,9:34:16.116741818,T,310.82,80,311.64,160,IBM
2025-11-11,9:34:16.116781960,T,310.82,80,311.64,240,IBM
2025-11-11,9:34:16.116952328,T,310.82,120,311.64,240,IBM
2025-11-11,9:34:16.116962354,T,310.82,160,311.64,240,IBM
2025-11-11,9:34:16.192311761,T,310.82,120,311.64,240,IBM
2025-11-11,9:34:16.192321727,T,310.82,80,311.64,240,IBM
2025-11-11,9:34:16.202084954,T,310.82,40,311.64,240,IBM
2025-11-11,9:34:16.310653859,T,310.26,40,311.64,240,IBM
2025-11-11,9:34:16.310658441,T,310.26,40,311.49,40,IBM
2025-11-11,9:34:16.312472752,T,310.26,40,311.49,80,IBM
2025-11-11,9:34:16.512233358,T,310.26,40,311.49,40,IBM
2025-11-11,9:34:17.384048705,T,310.86,40,311.49,40,IBM
2025-11-11,9:34:19.300831876,T,310.9,40,311.49,40,IBM
2025-11-11,9:34:19.422045497,T,310.86,40,311.49,40,IBM
2025-11-11,9:34:19.942103670,T,310.42,80,311.49,40,IBM
2025-11-11,9:34:19.987361416,T,310.42,80,311.48,40,IBM
2025-11-11,9:34:20.528198904,T,310.91,40,311.48,40,IBM
2025-11-11,9:34:23.085717572,T,310.91,40,311.48,80,IBM
2025-11-11,9:34:23.566266558,T,310.91,40,311.48,40,IBM
2025-11-11,9:34:24.103605876,T,310.91,40,311.64,80,IBM
2025-11-11,9:34:24.103631155,T,311.19,80,311.64,80,IBM
2025-11-11,9:34:24.103655809,T,311.19,120,311.64,80,IBM
2025-11-11,9:34:24.103851348,T,311.19,160,311.64,80,IBM
2025-11-11,9:34:24.103856346,T,311.19,160,311.98,200,IBM
2025-11-11,9:34:24.104001605,T,311.33,40,311.98,200,IBM
2025-11-11,9:34:24.112486899,T,311.19,160,311.98,200,IBM
2025-11-11,9:34:24.112506895,T,311.19,80,311.98,200,IBM
2025-11-11,9:34:24.114175831,T,311.19,40,311.98,200,IBM
2025-11-11,9:34:24.114200914,T,310.92,80,311.98,200,IBM
2025-11-11,9:34:24.203638820,T,310.92,40,311.98,200,IBM
2025-11-11,9:34:24.203663931,T,310.82,40,311.98,200,IBM
2025-11-11,9:34:24.203849374,T,310.92,40,311.98,200,IBM
2025-11-11,9:34:24.304238343,T,310.82,40,311.98,200,IBM
2025-11-11,9:34:25.218905749,T,311.34,40,311.98,200,IBM
2025-11-11,9:34:25.218955872,T,311.34,40,311.91,40,IBM
2025-11-11,9:34:25.218980926,T,311.34,40,311.98,240,IBM
2025-11-11,9:34:25.219672517,T,311.34,40,311.85,80,IBM
2025-11-11,9:34:25.235264652,T,311.34,40,311.85,40,IBM
2025-11-11,9:34:25.235284738,T,311.54,40,311.85,40,IBM
2025-11-11,9:34:25.236066611,T,311.54,40,311.85,80,IBM
2025-11-11,9:34:25.250125028,T,311.34,40,311.85,80,IBM
2025-11-11,9:34:25.820833702,T,311.34,40,311.85,40,IBM
2025-11-11,9:34:26.115570402,T,311.34,40,312.0,40,IBM
2025-11-11,9:34:26.115595541,T,311.59,80,312.0,40,IBM
2025-11-11,9:34:26.130435866,T,311.35,40,312.0,40,IBM
2025-11-11,9:34:26.130686437,T,311.34,40,312.0,40,IBM
2025-11-11,9:34:26.143857720,T,311.34,40,311.9,40,IBM
2025-11-11,9:34:26.705945894,T,311.1,40,311.9,40,IBM
2025-11-11,9:34:27.426010087,T,311.48,40,311.9,40,IBM
2025-11-11,9:34:27.426065260,T,311.48,40,311.9,80,IBM
2025-11-11,9:34:27.465454061,T,311.48,40,311.9,160,IBM
2025-11-11,9:34:28.462292141,T,311.48,40,311.9,120,IBM
2025-11-11,9:34:28.953983003,T,311.48,40,311.9,80,IBM
2025-11-11,9:34:28.953983003,T,311.49,40,311.9,80,IBM
2025-11-11,9:34:28.954022752,T,311.49,40,311.9,40,IBM
2025-11-11,9:34:28.954027829,T,311.49,40,312.0,40,IBM
2025-11-11,9:34:28.954027829,T,311.49,40,312.28,200,IBM
2025-11-11,9:34:28.954052808,T,311.69,80,312.28,200,IBM
2025-11-11,9:34:28.968888196,T,311.49,80,312.28,200,IBM
2025-11-11,9:34:29.054231367,T,311.49,40,312.28,200,IBM
2025-11-11,9:34:29.054968070,T,311.49,40,312.0,280,IBM
2025-11-11,9:34:29.577832961,T,310.96,40,312.0,280,IBM
2025-11-11,9:34:30.481133319,T,311.5,200,312.0,280,IBM
2025-11-11,9:34:33.812329222,T,311.5,200,312.0,160,IBM
2025-11-11,9:34:33.812348934,T,311.5,200,312.28,160,IBM
2025-11-11,9:34:33.812369001,T,311.99,80,312.28,160,IBM
2025-11-11,9:34:33.812383990,T,311.99,80,312.0,40,IBM
2025-11-11,9:34:33.812394213,T,311.75,80,312.0,40,IBM
2025-11-11,9:34:33.812404079,T,311.65,40,312.0,40,IBM
2025-11-11,9:34:33.812419422,T,311.65,40,312.28,200,IBM
2025-11-11,9:34:33.812424128,T,311.65,40,312.28,160,IBM
2025-11-11,9:34:33.812464187,T,311.66,40,312.28,160,IBM
2025-11-11,9:34:33.812664684,T,311.66,40,312.66,40,IBM
2025-11-11,9:34:33.812669669,T,311.66,40,312.59,160,IBM
2025-11-11,9:34:33.812694781,T,311.66,40,312.59,200,IBM
2025-11-11,9:34:33.813080732,T,311.66,40,312.14,40,IBM
2025-11-11,9:34:33.813466959,T,311.66,40,312.59,200,IBM
2025-11-11,9:34:33.813682165,T,311.66,80,312.59,200,IBM
2025-11-11,9:34:33.814223456,T,311.66,80,312.3,40,IBM
2025-11-11,9:34:33.814734652,T,311.66,80,312.59,200,IBM
2025-11-11,9:34:33.815060466,T,311.66,80,312.01,40,IBM
2025-11-11,9:34:33.815090424,T,311.66,80,312.59,200,IBM
2025-11-11,9:34:33.815110501,T,311.66,80,312.59,160,IBM
2025-11-11,9:34:33.815110501,T,311.82,40,312.59,160,IBM
2025-11-11,9:34:33.815195675,T,311.82,40,312.14,120,IBM
2025-11-11,9:34:33.815215814,T,311.66,80,312.14,120,IBM
2025-11-11,9:34:33.823731078,T,311.66,40,312.14,120,IBM
2025-11-11,9:34:33.912462234,T,311.5,200,312.14,120,IBM
2025-11-11,9:34:35.032218032,T,311.23,80,312.14,120,IBM
2025-11-11,9:34:35.032248021,T,311.23,80,312.0,40,IBM
2025-11-11,9:34:35.032588999,T,311.23,80,311.92,40,IBM
2025-11-11,9:34:35.033210334,T,311.23,80,312.0,80,IBM
2025-11-11,9:34:35.033275521,T,311.23,80,311.92,40,IBM
2025-11-11,9:34:35.033285501,T,311.23,80,312.0,80,IBM
2025-11-11,9:34:35.033305597,T,311.67,40,312.0,80,IBM
2025-11-11,9:34:35.033305597,T,311.67,40,311.92,40,IBM
2025-11-11,9:34:35.033330602,T,311.51,40,311.92,40,IBM
2025-11-11,9:34:35.133313703,T,311.23,40,311.92,40,IBM
2025-11-11,9:34:35.388912169,T,311.23,40,311.92,160,IBM
2025-11-11,9:34:36.662203558,T,311.23,40,311.92,200,IBM
2025-11-11,9:34:37.404315253,T,311.23,80,311.92,200,IBM
2025-11-11,9:34:37.404430497,T,311.23,80,311.92,160,IBM
2025-11-11,9:34:37.405417940,T,311.23,40,311.92,160,IBM
2025-11-11,9:34:38.170749877,T,311.23,40,311.92,120,IBM
2025-11-11,9:34:38.363543796,T,311.23,80,311.92,120,IBM
2025-11-11,9:34:38.363558836,T,311.23,80,312.51,40,IBM
2025-11-11,9:34:38.363588921,T,311.23,80,312.59,160,IBM
2025-11-11,9:34:38.363608930,T,311.75,40,312.59,160,IBM
2025-11-11,9:34:38.363643985,T,311.75,80,312.59,160,IBM
2025-11-11,9:34:38.364130163,T,311.75,40,312.59,160,IBM
2025-11-11,9:34:38.364345718,T,311.75,40,312.0,80,IBM
2025-11-11,9:34:38.364365753,T,311.59,40,312.0,80,IBM
2025-11-11,9:34:38.364776696,T,311.24,40,312.0,80,IBM
2025-11-11,9:34:38.374645185,T,311.23,80,312.0,80,IBM
2025-11-11,9:34:40.940237926,T,311.23,80,312.0,120,IBM
2025-11-11,9:34:41.944618946,T,311.5,80,312.0,120,IBM
2025-11-11,9:34:46.977480505,T,311.5,80,312.0,40,IBM
2025-11-11,9:34:46.977500650,T,311.5,80,312.59,160,IBM
2025-11-11,9:34:46.977525629,T,311.75,80,312.59,160,IBM
2025-11-11,9:34:46.977821400,T,311.92,40,312.59,160,IBM
2025-11-11,9:34:46.978332556,T,311.75,80,312.59,160,IBM
2025-11-11,9:34:46.990752200,T,311.51,40,312.59,160,IBM
2025-11-11,9:34:47.077794379,T,311.5,80,312.59,160,IBM
2025-11-11,9:34:47.957658924,T,312.13,40,312.59,160,IBM
2025-11-11,9:34:47.968093845,T,312.13,40,312.81,40,IBM
2025-11-11,9:34:47.968148975,T,312.13,40,312.84,160,IBM
2025-11-11,9:34:47.972494327,T,311.97,40,312.84,160,IBM
2025-11-11,9:34:47.972514302,T,311.5,80,312.84,160,IBM
2025-11-11,9:34:47.975100423,T,311.96,40,312.84,160,IBM
2025-11-11,9:34:49.139191807,T,311.96,40,312.44,40,IBM
2025-11-11,9:34:50.120648386,T,312.11,40,312.44,40,IBM
2025-11-11,9:34:50.120648386,T,312.11,40,312.44,80,IBM
2025-11-11,9:34:50.122056662,T,311.5,120,312.44,80,IBM
2025-11-11,9:34:50.124793166,T,311.5,80,312.44,80,IBM
2025-11-11,9:34:50.445506675,T,311.5,80,312.44,40,IBM
2025-11-11,9:34:50.445531750,T,311.5,80,312.81,40,IBM
2025-11-11,9:34:52.383896375,T,311.5,80,312.84,160,IBM
2025-11-11,9:34:52.384277201,T,311.5,80,312.4,40,IBM
2025-11-11,9:34:55.616371715,T,311.5,80,312.4,80,IBM
2025-11-11,9:34:55.616391700,T,311.5,80,312.07,40,IBM
2025-11-11,9:34:55.616411815,T,311.5,80,312.4,80,IBM
2025-11-11,9:34:55.616431845,T,311.5,120,312.4,80,IBM
2025-11-11,9:34:55.616476937,T,311.5,120,312.4,40,IBM
2025-11-11,9:34:55.627889087,T,311.5,120,312.84,160,IBM
2025-11-11,9:34:55.629387667,T,311.5,120,312.4,40,IBM
2025-11-11,9:34:55.629417796,T,311.5,120,312.4,80,IBM
2025-11-11,9:34:55.631267091,T,311.5,80,312.4,80,IBM
2025-11-11,9:34:55.652567828,T,311.5,80,312.4,40,IBM
2025-11-11,9:34:55.908406957,T,311.5,80,312.4,80,IBM
2025-11-11,9:34:56.165509062,T,311.5,80,312.4,40,IBM
2025-11-11,9:34:56.165514028,T,311.5,80,312.84,160,IBM
2025-11-11,9:34:56.165539060,T,312.18,80,312.84,160,IBM
2025-11-11,9:34:56.165664421,T,312.18,120,312.84,160,IBM
2025-11-11,9:34:56.165669465,T,312.19,40,312.84,160,IBM
2025-11-11,9:34:56.165729542,T,312.19,80,312.84,160,IBM
2025-11-11,9:34:56.165744572,T,312.19,40,312.84,160,IBM
2025-11-11,9:34:56.165899975,T,312.19,80,312.84,160,IBM
2025-11-11,9:34:56.166010411,T,312.19,120,312.84,160,IBM
2025-11-11,9:34:56.166030293,T,312.19,80,312.84,160,IBM
2025-11-11,9:34:56.166050274,T,312.3,40,312.84,160,IBM
2025-11-11,9:34:56.166341018,T,312.3,40,312.5,40,IBM
2025-11-11,9:34:56.166351030,T,312.3,40,312.84,160,IBM
2025-11-11,9:34:56.166461327,T,312.19,40,312.84,160,IBM
2025-11-11,9:34:56.166461327,T,312.43,40,312.84,160,IBM
2025-11-11,9:34:56.166631682,T,312.43,40,313.0,160,IBM
2025-11-11,9:34:56.166847188,T,312.19,40,313.0,160,IBM
2025-11-11,9:34:56.167463700,T,312.19,40,312.64,40,IBM
2025-11-11,9:34:56.179572656,T,312.19,80,312.64,40,IBM
2025-11-11,9:34:56.673598685,T,312.19,40,312.64,40,IBM
2025-11-11,9:34:56.673819181,T,311.51,40,312.64,40,IBM
2025-11-11,9:34:56.674345430,T,311.5,120,312.64,40,IBM
2025-11-11,9:34:56.674816558,T,312.02,40,312.64,40,IBM
2025-11-11,9:34:57.016184256,T,311.5,120,312.64,40,IBM
2025-11-11,9:34:57.016665459,T,312.03,40,312.64,40,IBM
2025-11-11,9:34:57.165930795,T,312.03,40,312.64,80,IBM
2025-11-11,9:34:57.165955878,T,311.5,120,312.64,80,IBM
2025-11-11,9:34:57.166426908,T,312.04,40,312.64,80,IBM
2025-11-11,9:34:57.355637475,T,311.5,120,312.64,80,IBM
2025-11-11,9:34:57.356128555,T,312.03,40,312.64,80,IBM
2025-11-11,9:34:57.608374173,T,311.5,120,312.64,80,IBM
2025-11-11,9:34:57.608574631,T,311.5,120,312.64,120,IBM
2025-11-11,9:34:57.679308230,T,312.03,40,312.64,120,IBM
2025-11-11,9:34:57.832633220,T,312.03,40,312.64,160,IBM
2025-11-11,9:34:59.048227001,T,312.03,40,312.63,40,IBM
2025-11-11,9:34:59.737943900,T,312.03,40,312.63,320,IBM
2025-11-11,9:34:59.756538126,T,312.03,40,312.63,40,IBM
2025-11-11,9:35:00.116625331,T,311.5,120,312.63,40,IBM
2025-11-11,9:35:00.140021230,T,311.5,120,312.62,40,IBM
2025-11-11,9:35:00.140051092,T,311.5,120,312.63,40,IBM
2025-11-11,9:35:00.140056162,T,311.5,120,312.47,80,IBM
2025-11-11,9:35:00.140151328,T,311.5,120,312.32,40,IBM
2025-11-11,9:35:00.140346852,T,311.5,120,312.47,80,IBM
2025-11-11,9:35:00.140366844,T,312.14,40,312.47,80,IBM
2025-11-11,9:35:00.140382107,T,312.14,40,312.47,40,IBM
2025-11-11,9:35:00.140382107,T,311.97,40,312.47,40,IBM
2025-11-11,9:35:00.140507158,T,311.97,40,312.46,40,IBM
2025-11-11,9:35:00.140697625,T,311.97,40,312.32,40,IBM
2025-11-11,9:35:00.140702653,T,312.03,40,312.32,40,IBM
2025-11-11,9:35:00.140727692,T,312.03,40,312.46,40,IBM
2025-11-11,9:35:00.140747784,T,312.03,40,312.47,40,IBM
2025-11-11,9:35:00.140747784,T,312.17,40,312.47,40,IBM
2025-11-11,9:35:00.140802862,T,312.17,80,312.47,40,IBM
2025-11-11,9:35:00.141419374,T,312.17,40,312.47,40,IBM
2025-11-11,9:35:00.142005794,T,312.17,40,312.32,40,IBM
2025-11-11,9:35:00.142020801,T,311.97,40,312.32,40,IBM
2025-11-11,9:35:00.142376621,T,312.03,40,312.32,40,IBM
2025-11-11,9:35:00.276726440,T,312.03,80,312.32,40,IBM
2025-11-11,9:35:00.276791629,T,312.03,40,312.32,40,IBM
2025-11-11,9:35:00.397007779,T,311.64,40,312.32,40,IBM
2025-11-11,9:35:00.412750269,T,311.64,40,312.47,40,IBM
2025-11-11,9:35:01.218934626,T,311.64,40,312.63,40,IBM
2025-11-11,9:35:01.219024869,T,311.64,40,312.82,160,IBM
2025-11-11,9:35:01.219024869,T,312.02,40,312.82,160,IBM
2025-11-11,9:35:01.451077357,T,311.64,40,312.82,160,IBM
2025-11-11,9:35:02.237203739,T,311.57,40,312.82,160,IBM
2025-11-11,9:35:05.636781870,T,311.64,40,312.82,160,IBM
2025-11-11,9:35:05.636781870,T,311.64,40,312.82,200,IBM
2025-11-11,9:35:05.645272066,T,311.57,40,312.82,200,IBM
2025-11-11,9:35:05.935974119,T,312.02,40,312.82,200,IBM
2025-11-11,9:35:05.936771096,T,312.02,80,312.82,200,IBM
2025-11-11,9:35:06.014786815,T,312.02,120,312.82,200,IBM
2025-11-11,9:35:06.014811846,T,312.02,160,312.82,200,IBM
2025-11-11,9:35:06.014852000,T,312.17,40,312.82,200,IBM
2025-11-11,9:35:06.014917043,T,312.17,40,312.82,160,IBM
2025-11-11,9:35:06.228390280,T,312.17,80,312.82,160,IBM
2025-11-11,9:35:06.229122035,T,312.17,40,312.82,160,IBM
2025-11-11,9:35:06.537897113,T,312.17,40,312.85,40,IBM
2025-11-11,9:35:06.537922205,T,312.17,40,312.89,40,IBM
2025-11-11,9:35:07.131314884,T,312.32,40,312.89,40,IBM
2025-11-11,9:35:07.131349912,T,312.32,40,312.98,40,IBM
2025-11-11,9:35:08.396185984,T,312.32,40,313.0,200,IBM
2025-11-11,9:35:09.010393204,T,312.32,80,313.0,200,IBM
2025-11-11,9:35:09.025228540,T,312.32,40,313.0,200,IBM
2025-11-11,9:35:09.050784435,T,312.45,40,313.0,200,IBM
2025-11-11,9:35:09.050819454,T,312.45,40,313.0,160,IBM
2025-11-11,9:35:10.010478996,T,312.45,80,313.0,160,IBM
2025-11-11,9:35:10.010484113,T,312.55,40,313.0,160,IBM
2025-11-11,9:35:10.010779800,T,312.55,40,312.68,40,IBM
2025-11-11,9:35:10.010795237,T,312.45,80,312.68,40,IBM
2025-11-11,9:35:10.010804866,T,312.45,80,313.0,160,IBM
2025-11-11,9:35:10.010829882,T,312.48,40,313.0,160,IBM
2025-11-11,9:35:10.010960252,T,312.45,80,313.0,160,IBM
2025-11-11,9:35:10.011245899,T,312.55,40,313.0,160,IBM
2025-11-11,9:35:10.011275962,T,312.55,80,313.0,160,IBM
2025-11-11,9:35:10.025670259,T,312.55,40,313.0,160,IBM
2025-11-11,9:35:12.032718643,T,312.7,40,313.0,160,IBM
2025-11-11,9:35:12.033510297,T,312.7,120,313.0,160,IBM
2025-11-11,9:35:12.047553697,T,312.7,80,313.0,160,IBM
2025-11-11,9:35:12.050039563,T,312.7,40,313.0,160,IBM
2025-11-11,9:35:12.479236422,T,311.84,160,313.0,160,IBM
2025-11-11,9:35:12.479266432,T,311.84,160,313.0,200,IBM
2025-11-11,9:35:12.479266432,T,311.84,160,312.85,40,IBM
2025-11-11,9:35:12.479301760,T,311.84,160,312.85,80,IBM
2025-11-11,9:35:12.479301760,T,311.84,160,312.85,160,IBM
2025-11-11,9:35:12.479301760,T,311.84,160,312.85,200,IBM
2025-11-11,9:35:12.479341615,T,311.84,160,312.85,240,IBM
2025-11-11,9:35:12.479722613,T,312.16,80,312.85,240,IBM
2025-11-11,9:35:12.479747596,T,312.16,80,312.85,160,IBM
2025-11-11,9:35:12.480053337,T,312.16,80,312.85,120,IBM
2025-11-11,9:35:12.480053337,T,311.84,160,312.85,120,IBM
2025-11-11,9:35:12.480078383,T,312.56,80,312.85,120,IBM
2025-11-11,9:35:12.480790133,T,312.56,80,312.8,40,IBM
2025-11-11,9:35:12.483486573,T,312.56,80,312.85,120,IBM
2025-11-11,9:35:12.492257435,T,312.56,80,312.85,80,IBM
2025-11-11,9:35:12.497108995,T,312.56,80,312.8,40,IBM
2025-11-11,9:35:12.508761692,T,312.56,80,312.85,80,IBM
2025-11-11,9:35:12.541695076,T,312.56,80,312.8,40,IBM
2025-11-11,9:35:12.579369837,T,312.56,80,312.85,80,IBM
2025-11-11,9:35:12.629148345,T,312.56,80,312.85,120,IBM
2025-11-11,9:35:13.025476806,T,312.56,80,312.85,40,IBM
2025-11-11,9:35:13.685102255,T,312.03,40,312.85,40,IBM
2025-11-11,9:35:13.685127304,T,312.68,80,312.85,40,IBM
2025-11-11,9:35:13.685377841,T,312.16,40,312.85,40,IBM
2025-11-11,9:35:13.685397914,T,312.68,80,312.85,40,IBM
2025-11-11,9:35:14.133630055,T,311.84,160,312.85,40,IBM
2025-11-11,9:35:14.133630055,T,312.16,40,312.85,40,IBM
2025-11-11,9:35:14.133655012,T,312.84,40,312.85,40,IBM
2025-11-11,9:35:14.133690123,T,312.68,40,312.85,40,IBM
2025-11-11,9:35:14.133700202,T,312.16,40,312.85,40,IBM
2025-11-11,9:35:14.133720175,T,311.84,160,312.85,40,IBM
2025-11-11,9:35:14.133770341,T,311.84,160,312.84,40,IBM
2025-11-11,9:35:14.133935727,T,311.84,160,313.0,160,IBM
2025-11-11,9:35:14.133965828,T,311.9,40,313.0,160,IBM
2025-11-11,9:35:14.134141216,T,311.84,160,313.0,160,IBM
2025-11-11,9:35:14.134181277,T,312.16,40,313.0,160,IBM
2025-11-11,9:35:14.134441972,T,311.84,160,313.0,160,IBM
2025-11-11,9:35:14.615702664,T,312.16,40,313.0,160,IBM
2025-11-11,9:35:17.316201574,T,312.59,40,313.0,160,IBM
2025-11-11,9:35:17.316777970,T,312.59,40,313.0,80,IBM
2025-11-11,9:35:17.316777970,T,312.75,40,313.0,80,IBM
2025-11-11,9:35:17.316803035,T,312.75,40,313.34,160,IBM
2025-11-11,9:35:17.316828066,T,312.59,40,313.34,160,IBM
2025-11-11,9:35:17.316828066,T,312.75,40,313.34,160,IBM
2025-11-11,9:35:17.316883239,T,312.59,40,313.34,160,IBM
2025-11-11,9:35:17.316943554,T,312.75,40,313.34,160,IBM
2025-11-11,9:35:17.316958416,T,312.59,40,313.34,160,IBM
2025-11-11,9:35:17.316998469,T,312.29,40,313.34,160,IBM
2025-11-11,9:35:17.317013547,T,311.84,160,313.34,160,IBM
2025-11-11,9:35:17.317033603,T,311.84,160,313.12,40,IBM
2025-11-11,9:35:17.317058664,T,311.84,160,313.22,40,IBM
2025-11-11,9:35:17.317139100,T,311.84,160,313.05,40,IBM
2025-11-11,9:35:17.317143769,T,311.84,160,313.34,200,IBM
2025-11-11,9:35:17.317148774,T,311.84,160,313.28,40,IBM
2025-11-11,9:35:17.317193943,T,311.84,160,313.34,200,IBM
2025-11-11,9:35:17.317223986,T,311.84,160,313.34,160,IBM
2025-11-11,9:35:17.318341620,T,312.26,40,313.34,160,IBM
2025-11-11,9:35:17.455012099,T,312.26,80,313.34,160,IBM
2025-11-11,9:35:17.456565739,T,312.26,80,313.41,40,IBM
2025-11-11,9:35:17.456590773,T,312.26,80,313.56,40,IBM
2025-11-11,9:35:17.756810470,T,312.89,40,313.56,40,IBM
2025-11-11,9:35:17.756870694,T,312.89,40,313.58,160,IBM
2025-11-11,9:35:17.830205225,T,312.26,80,313.58,160,IBM
2025-11-11,9:35:17.830490920,T,313.0,40,313.58,160,IBM
2025-11-11,9:35:17.833858893,T,312.29,40,313.58,160,IBM
2025-11-11,9:35:17.847496414,T,312.26,80,313.58,160,IBM
2025-11-11,9:35:18.070863193,T,312.26,80,313.8,40,IBM
2025-11-11,9:35:18.090184127,T,312.26,80,313.71,40,IBM
2025-11-11,9:35:18.263982892,T,312.26,80,313.8,40,IBM
2025-11-11,9:35:18.356568343,T,312.29,40,313.8,40,IBM
2025-11-11,9:35:18.356758803,T,312.4,40,313.8,40,IBM
2025-11-11,9:35:18.357425424,T,312.4,80,313.8,40,IBM
2025-11-11,9:35:20.657591247,T,312.4,40,313.8,40,IBM
2025-11-11,9:35:22.382682999,T,313.12,40,313.8,40,IBM
2025-11-11,9:35:22.382743222,T,313.12,40,313.86,40,IBM
2025-11-11,9:35:23.208323706,T,313.12,40,313.8,40,IBM
2025-11-11,9:35:23.208433923,T,312.4,80,313.8,40,IBM
2025-11-11,9:35:23.568892091,T,313.12,40,313.8,40,IBM
2025-11-11,9:35:23.992791446,T,313.12,40,313.86,40,IBM
2025-11-11,9:35:23.992816285,T,313.27,40,313.86,40,IBM
2025-11-11,9:35:23.993603190,T,313.27,80,313.86,40,IBM
2025-11-11,9:35:24.007656566,T,313.27,40,313.86,40,IBM
2025-11-11,9:35:26.609089890,T,312.55,40,313.86,40,IBM
2025-11-11,9:35:26.849346818,T,312.55,40,313.87,160,IBM
2025-11-11,9:35:26.849381869,T,312.55,40,313.87,200,IBM
2025-11-11,9:35:26.849462068,T,312.55,40,313.53,40,IBM
2025-11-11,9:35:26.849707656,T,312.55,40,313.52,40,IBM
2025-11-11,9:35:26.849757749,T,312.44,160,313.52,40,IBM
2025-11-11,9:35:26.855386147,T,312.44,160,313.53,40,IBM
2025-11-11,9:35:26.855411246,T,312.44,160,314.01,40,IBM
2025-11-11,9:35:26.855411246,T,312.68,40,314.01,40,IBM
2025-11-11,9:35:26.855501422,T,312.44,160,314.01,40,IBM
2025-11-11,9:35:26.855526518,T,312.44,160,313.8,40,IBM
2025-11-11,9:35:26.855541546,T,312.44,160,313.79,40,IBM
2025-11-11,9:35:26.856609087,T,312.44,160,313.8,40,IBM
2025-11-11,9:35:26.860032259,T,312.55,40,313.8,40,IBM
2025-11-11,9:35:26.860062345,T,312.68,40,313.8,40,IBM
2025-11-11,9:35:26.868597586,T,312.55,40,313.8,40,IBM
2025-11-11,9:35:26.916932662,T,313.29,40,313.8,40,IBM
2025-11-11,9:35:26.955705048,T,313.29,40,314.01,40,IBM
2025-11-11,9:35:27.855817826,T,313.29,40,313.8,40,IBM
2025-11-11,9:35:31.638377578,T,312.68,40,313.8,40,IBM
2025-11-11,9:35:31.638412706,T,312.68,40,313.71,40,IBM
2025-11-11,9:35:31.644321779,T,312.55,40,313.71,40,IBM
2025-11-11,9:35:31.644331813,T,312.55,40,313.62,40,IBM
2025-11-11,9:35:31.644376910,T,312.55,40,313.54,40,IBM
2025-11-11,9:35:31.650145670,T,312.55,40,313.33,880,IBM
2025-11-11,9:35:31.650175708,T,312.55,40,313.54,40,IBM
2025-11-11,9:35:31.650175708,T,312.55,40,313.33,40,IBM
2025-11-11,9:35:31.650185786,T,312.44,160,313.33,40,IBM
2025-11-11,9:35:31.650200801,T,312.44,160,313.54,40,IBM
2025-11-11,9:35:31.650240835,T,312.44,160,313.52,40,IBM
2025-11-11,9:35:31.819037999,T,312.44,160,313.54,40,IBM
2025-11-11,9:35:33.597100686,T,313.32,40,313.54,40,IBM
2025-11-11,9:35:33.597301271,T,313.32,40,313.88,40,IBM
2025-11-11,9:35:33.597426454,T,313.32,40,314.01,40,IBM
2025-11-11,9:35:33.611936223,T,313.12,40,314.01,40,IBM
2025-11-11,9:35:33.697735236,T,312.44,160,314.01,40,IBM
2025-11-11,9:35:40.598343152,T,312.55,40,314.01,40,IBM
2025-11-11,9:35:40.598373244,T,312.55,40,313.8,40,IBM
2025-11-11,9:35:40.598408348,T,312.55,40,313.6,40,IBM
2025-11-11,9:35:40.615534074,T,312.55,40,313.8,40,IBM
2025-11-11,9:35:40.615714544,T,312.55,40,313.6,40,IBM
2025-11-11,9:35:40.761681915,T,312.55,40,313.6,80,IBM
2025-11-11,9:35:40.761687029,T,312.55,40,313.6,120,IBM
2025-11-11,9:35:40.761702581,T,312.55,40,313.6,80,IBM
2025-11-11,9:35:40.761702581,T,312.55,40,313.49,40,IBM
2025-11-11,9:35:40.761827249,T,312.44,160,313.49,40,IBM
2025-11-11,9:35:40.762829712,T,312.44,160,313.49,80,IBM
2025-11-11,9:35:40.765856865,T,312.44,160,313.49,40,IBM
2025-11-11,9:35:40.770317549,T,312.44,160,313.6,80,IBM
2025-11-11,9:35:40.771846350,T,312.44,160,313.6,40,IBM
2025-11-11,9:35:40.771871203,T,312.44,160,313.8,40,IBM
2025-11-11,9:35:40.772327268,T,312.44,160,313.49,40,IBM
2025-11-11,9:35:41.312508231,T,312.44,160,313.88,40,IBM
2025-11-11,9:35:41.891070588,T,312.44,160,313.32,80,IBM
2025-11-11,9:35:43.553247746,T,313.13,80,313.32,80,IBM
2025-11-11,9:35:44.566895765,T,313.13,80,313.88,40,IBM
2025-11-11,9:35:44.566950872,T,313.22,40,313.88,40,IBM
2025-11-11,9:35:44.567437039,T,313.22,40,313.8,40,IBM
2025-11-11,9:35:44.567562381,T,313.22,80,313.8,40,IBM
2025-11-11,9:35:44.567577373,T,313.22,40,313.8,40,IBM
2025-11-11,9:35:44.567707705,T,313.22,80,313.8,40,IBM
2025-11-11,9:35:44.567963354,T,313.22,80,313.64,40,IBM
2025-11-11,9:35:44.571687138,T,313.22,40,313.64,40,IBM
2025-11-11,9:35:44.572524219,T,313.13,80,313.64,40,IBM
2025-11-11,9:35:44.691201657,T,313.14,40,313.64,40,IBM
2025-11-11,9:35:44.811352727,T,313.13,80,313.64,40,IBM
2025-11-11,9:35:44.811643409,T,313.15,40,313.64,40,IBM
2025-11-11,9:35:45.114630094,T,313.13,80,313.64,40,IBM
2025-11-11,9:35:45.386226317,T,313.14,40,313.64,40,IBM
2025-11-11,9:35:46.799967051,T,313.14,40,313.8,40,IBM
2025-11-11,9:35:47.769936192,T,313.14,40,313.88,40,IBM
2025-11-11,9:35:47.769966187,T,313.34,40,313.88,40,IBM
2025-11-11,9:35:47.770031374,T,313.34,40,313.93,200,IBM
2025-11-11,9:35:47.770492499,T,313.34,40,313.93,40,IBM
2025-11-11,9:35:47.770522519,T,313.34,40,314.01,40,IBM
2025-11-11,9:35:47.770758069,T,313.35,40,314.01,40,IBM
2025-11-11,9:35:47.780175571,T,313.13,80,314.01,40,IBM
2025-11-11,9:35:47.790951220,T,313.31,40,314.01,40,IBM
2025-11-11,9:35:48.029022884,T,313.13,80,314.01,40,IBM
2025-11-11,9:35:48.029063073,T,313.13,80,313.67,40,IBM
2025-11-11,9:35:48.051220794,T,313.21,40,313.67,40,IBM
2025-11-11,9:35:48.770362754,T,313.21,40,313.67,80,IBM
2025-11-11,9:35:50.195936685,T,313.34,40,313.67,80,IBM
2025-11-11,9:35:50.201545068,T,313.34,40,313.66,40,IBM
2025-11-11,9:35:50.201615320,T,313.34,40,313.66,80,IBM
2025-11-11,9:35:50.201690375,T,313.13,80,313.66,80,IBM
2025-11-11,9:35:50.201695504,T,313.5,40,313.66,80,IBM
2025-11-11,9:35:50.201931258,T,313.5,40,313.67,80,IBM
2025-11-11,9:35:50.201931258,T,313.5,40,313.67,40,IBM
2025-11-11,9:35:50.201956088,T,313.5,40,314.01,40,IBM
2025-11-11,9:35:50.202226756,T,313.5,80,314.01,40,IBM
2025-11-11,9:35:50.202311901,T,313.5,80,314.03,40,IBM
2025-11-11,9:35:50.215167492,T,313.5,40,314.03,40,IBM
2025-11-11,9:35:50.216821497,T,313.13,80,314.03,40,IBM
2025-11-11,9:35:50.217863896,T,313.35,40,314.03,40,IBM
2025-11-11,9:35:50.327695433,T,313.13,80,314.03,40,IBM
2025-11-11,9:35:50.461509080,T,313.36,40,314.03,40,IBM
2025-11-11,9:35:50.704261969,T,313.13,80,314.03,40,IBM
2025-11-11,9:35:50.704562629,T,313.37,40,314.03,40,IBM
2025-11-11,9:35:50.704968623,T,313.37,40,313.95,40,IBM
2025-11-11,9:35:51.202372613,T,313.37,40,313.95,80,IBM
2025-11-11,9:35:51.202397695,T,313.13,80,313.95,80,IBM
2025-11-11,9:35:53.530936092,T,312.55,40,313.95,80,IBM
2025-11-11,9:35:53.557624619,T,313.55,80,313.95,80,IBM
2025-11-11,9:35:55.286630960,T,313.55,80,313.8,80,IBM
2025-11-11,9:35:55.286716195,T,313.55,80,313.8,120,IBM
2025-11-11,9:35:58.192177650,T,313.55,80,313.8,80,IBM
2025-11-11,9:35:58.192202683,T,313.55,80,313.8,40,IBM
2025-11-11,9:35:58.192202683,T,313.55,80,313.86,40,IBM
2025-11-11,9:35:58.192242766,T,313.56,40,313.86,40,IBM
2025-11-11,9:35:58.192257858,T,313.67,40,313.86,40,IBM
2025-11-11,9:35:58.192423171,T,313.67,80,313.86,40,IBM
2025-11-11,9:35:58.192643692,T,313.67,80,313.8,40,IBM
2025-11-11,9:35:58.192663756,T,313.67,40,313.8,40,IBM
2025-11-11,9:35:58.192733991,T,313.67,40,313.86,40,IBM
2025-11-11,9:35:58.193626052,T,313.55,80,313.86,40,IBM
2025-11-11,9:35:58.199555166,T,313.55,80,313.98,40,IBM
2025-11-11,9:35:58.199665503,T,313.55,80,314.2,40,IBM
2025-11-11,9:35:58.199670416,T,313.55,80,314.31,40,IBM
2025-11-11,9:35:59.192624400,T,313.55,80,314.2,40,IBM
2025-11-11,9:36:00.181278023,T,313.61,40,314.2,40,IBM
2025-11-11,9:36:00.182004943,T,313.61,80,314.2,40,IBM
2025-11-11,9:36:00.182004943,T,313.61,40,314.2,40,IBM
2025-11-11,9:36:00.182004943,T,313.75,40,314.2,40,IBM
2025-11-11,9:36:00.182791655,T,313.75,80,314.2,40,IBM
2025-11-11,9:36:00.182907196,T,313.75,40,314.2,40,IBM
2025-11-11,9:36:00.199110440,T,313.55,80,314.2,40,IBM
2025-11-11,9:36:00.207300023,T,313.55,80,313.88,80,IBM
2025-11-11,9:36:00.343398968,T,313.71,40,313.88,80,IBM
2025-11-11,9:36:00.347583949,T,313.55,80,313.88,80,IBM
2025-11-11,9:36:01.283306928,T,313.55,80,313.88,40,IBM
2025-11-11,9:36:02.104467012,T,313.55,80,313.86,40,IBM
2025-11-11,9:36:02.155272775,T,313.55,80,313.88,40,IBM
2025-11-11,9:36:02.155297815,T,313.75,40,313.88,40,IBM
2025-11-11,9:36:02.155678739,T,313.75,40,314.43,200,IBM
2025-11-11,9:36:02.170138113,T,313.55,80,314.43,200,IBM
2025-11-11,9:36:02.426533491,T,313.76,40,314.43,200,IBM
2025-11-11,9:36:02.565559450,T,313.55,80,314.43,200,IBM
2025-11-11,9:36:03.533553751,T,313.37,40,314.43,200,IBM
2025-11-11,9:36:03.557836549,T,313.76,80,314.43,200,IBM
2025-11-11,9:36:04.128385233,T,313.83,40,314.43,200,IBM
2025-11-11,9:36:04.128545180,T,313.83,40,314.43,160,IBM
2025-11-11,9:36:04.128635546,T,313.76,80,314.43,160,IBM
2025-11-11,9:36:04.128640495,T,313.91,40,314.43,160,IBM
2025-11-11,9:36:04.129437387,T,313.91,80,314.43,160,IBM
2025-11-11,9:36:04.141696530,T,313.91,40,314.43,160,IBM
2025-11-11,9:36:04.145004541,T,313.91,80,314.43,160,IBM
2025-11-11,9:36:04.145210179,T,313.91,40,314.43,160,IBM
2025-11-11,9:36:04.145210179,T,314.03,40,314.43,160,IBM
2025-11-11,9:36:04.145300135,T,314.03,40,314.73,40,IBM
2025-11-11,9:36:04.145310095,T,314.03,40,314.71,160,IBM
2025-11-11,9:36:04.239038234,T,314.03,40,314.71,200,IBM
2025-11-11,9:36:04.239078375,T,313.76,80,314.71,200,IBM
2025-11-11,9:36:04.255677878,T,313.76,80,314.71,160,IBM
2025-11-11,9:36:04.255702903,T,314.03,40,314.71,160,IBM
2025-11-11,9:36:04.255737985,T,314.11,40,314.71,160,IBM
2025-11-11,9:36:04.265511269,T,314.03,40,314.71,160,IBM
2025-11-11,9:36:04.270538257,T,313.76,80,314.71,160,IBM
2025-11-11,9:36:04.306343528,T,314.11,40,314.71,160,IBM
2025-11-11,9:36:04.401855841,T,313.76,80,314.71,160,IBM
2025-11-11,9:36:04.918500905,T,314.03,40,314.71,160,IBM
2025-11-11,9:36:04.918616106,T,313.76,80,314.71,160,IBM
2025-11-11,9:36:04.918641220,T,313.76,80,314.59,40,IBM
2025-11-11,9:36:04.918651175,T,313.76,80,314.42,40,IBM
2025-11-11,9:36:04.918771477,T,313.76,80,314.43,40,IBM
2025-11-11,9:36:04.918881741,T,313.76,80,314.42,40,IBM
2025-11-11,9:36:04.919002074,T,313.76,80,314.43,40,IBM
2025-11-11,9:36:04.919142369,T,313.76,80,314.42,40,IBM
2025-11-11,9:36:04.919708737,T,313.76,80,314.59,40,IBM
2025-11-11,9:36:05.019240732,T,313.76,80,314.71,200,IBM
2025-11-11,9:36:05.019977473,T,313.77,40,314.71,200,IBM
2025-11-11,9:36:05.805151720,T,313.76,80,314.71,200,IBM
2025-11-11,9:36:06.872322257,T,313.76,80,314.71,160,IBM
2025-11-11,9:36:07.267518122,T,313.76,80,314.59,40,IBM
2025-11-11,9:36:07.267538224,T,313.76,80,314.71,200,IBM
2025-11-11,9:36:07.267543117,T,313.76,80,314.59,40,IBM
2025-11-11,9:36:07.267568205,T,313.76,80,314.1,40,IBM
2025-11-11,9:36:07.267693500,T,313.76,80,314.17,40,IBM
2025-11-11,9:36:07.267979129,T,313.76,80,314.13,40,IBM
2025-11-11,9:36:07.268049303,T,313.76,80,314.1,40,IBM
2025-11-11,9:36:07.971133334,T,313.76,80,314.1,80,IBM
2025-11-11,9:36:08.664669359,T,313.76,80,314.1,40,IBM
2025-11-11,9:36:08.678953394,T,313.76,80,314.1,80,IBM
2025-11-11,9:36:13.471623062,T,313.76,80,314.1,40,IBM
2025-11-11,9:36:13.471623062,T,313.76,80,314.43,40,IBM
2025-11-11,9:36:13.471648043,T,313.9,40,314.43,40,IBM
2025-11-11,9:36:13.471662978,T,313.9,40,314.71,160,IBM
2025-11-11,9:36:13.472414788,T,313.9,40,314.71,200,IBM
2025-11-11,9:36:13.472434815,T,313.76,80,314.71,200,IBM
2025-11-11,9:36:13.478218618,T,313.77,40,314.71,200,IBM
2025-11-11,9:36:13.478654628,T,313.77,40,314.71,160,IBM
2025-11-11,9:36:13.486182586,T,313.77,40,314.59,40,IBM
2025-11-11,9:36:13.486703787,T,313.76,80,314.59,40,IBM
2025-11-11,9:36:13.486738943,T,313.76,80,314.23,40,IBM
2025-11-11,9:36:13.486769027,T,313.76,80,314.23,80,IBM
2025-11-11,9:36:13.530372829,T,313.76,80,314.23,120,IBM
2025-11-11,9:36:13.537209083,T,313.32,40,314.23,120,IBM
2025-11-11,9:36:13.537229132,T,313.03,80,314.23,120,IBM
2025-11-11,9:36:13.564393803,T,313.78,80,314.23,120,IBM
2025-11-11,9:36:13.564413779,T,313.78,80,314.23,80,IBM
2025-11-11,9:36:14.037600179,T,313.78,80,314.23,120,IBM
2025-11-11,9:36:14.141402641,T,313.78,80,314.23,80,IBM
2025-11-11,9:36:14.141407279,T,313.78,80,314.23,40,IBM
2025-11-11,9:36:14.141482493,T,313.78,80,314.22,40,IBM
2025-11-11,9:36:14.141517540,T,313.78,80,314.22,80,IBM
2025-11-11,9:36:14.141517540,T,313.78,80,314.22,40,IBM
2025-11-11,9:36:14.141522630,T,313.78,80,314.23,40,IBM
2025-11-11,9:36:14.141547687,T,314.0,40,314.23,40,IBM
2025-11-11,9:36:14.143056255,T,314.0,40,314.21,40,IBM
2025-11-11,9:36:14.143076266,T,313.78,120,314.21,40,IBM
2025-11-11,9:36:14.143086338,T,313.78,120,314.21,80,IBM
2025-11-11,9:36:14.143286755,T,313.78,120,314.21,120,IBM
2025-11-11,9:36:14.143367021,T,313.78,120,314.21,160,IBM
2025-11-11,9:36:14.146559609,T,313.78,80,314.21,160,IBM
2025-11-11,9:36:14.152213036,T,313.86,40,314.21,160,IBM
2025-11-11,9:36:14.162011380,T,313.78,80,314.21,160,IBM
2025-11-11,9:36:14.177327795,T,313.8,40,314.21,160,IBM
2025-11-11,9:36:14.241691098,T,313.78,80,314.21,160,IBM
2025-11-11,9:36:14.350780754,T,313.78,80,314.21,120,IBM
2025-11-11,9:36:15.053273183,T,313.78,80,314.21,80,IBM
2025-11-11,9:36:15.053343339,T,313.78,80,314.2,40,IBM
2025-11-11,9:36:15.411671306,T,313.78,80,314.17,40,IBM
2025-11-11,9:36:17.669045335,T,313.78,80,314.17,80,IBM
2025-11-11,9:36:17.669165668,T,313.78,80,314.21,40,IBM
2025-11-11,9:36:17.868600396,T,313.95,40,314.21,40,IBM
2025-11-11,9:36:17.883440761,T,313.78,80,314.21,40,IBM
2025-11-11,9:36:19.616611967,T,313.44,40,314.21,40,IBM
2025-11-11,9:36:20.684273606,T,313.94,40,314.21,40,IBM
2025-11-11,9:36:20.685326088,T,313.56,40,314.21,40,IBM
2025-11-11,9:36:20.697249513,T,313.37,40,314.21,40,IBM
2025-11-11,9:36:21.203138755,T,313.44,40,314.21,40,IBM
2025-11-11,9:36:21.203389364,T,313.44,40,314.21,80,IBM
2025-11-11,9:36:22.411360328,T,313.37,40,314.21,80,IBM
2025-11-11,9:36:22.411460783,T,313.37,40,314.2,40,IBM
2025-11-11,9:36:22.411495869,T,313.37,40,314.2,80,IBM
2025-11-11,9:36:22.411505672,T,313.37,40,314.2,120,IBM
2025-11-11,9:36:22.411535727,T,313.37,40,314.09,40,IBM
2025-11-11,9:36:22.411791367,T,313.37,40,314.09,80,IBM
2025-11-11,9:36:22.412021890,T,313.33,40,314.09,80,IBM
2025-11-11,9:36:22.412047021,T,313.32,40,314.09,80,IBM
2025-11-11,9:36:22.418351983,T,313.32,40,314.09,40,IBM
2025-11-11,9:36:22.421880386,T,313.32,40,314.2,120,IBM
2025-11-11,9:36:22.421910512,T,313.32,40,314.2,80,IBM
2025-11-11,9:36:22.428912145,T,313.33,40,314.2,80,IBM
2025-11-11,9:36:22.428937204,T,313.2,40,314.2,80,IBM
2025-11-11,9:36:23.324975359,T,313.2,40,314.21,40,IBM
2025-11-11,9:36:23.324975359,T,313.2,40,314.09,40,IBM
2025-11-11,9:36:23.324985338,T,313.2,40,313.95,40,IBM
2025-11-11,9:36:23.326559121,T,313.2,40,314.09,280,IBM
2025-11-11,9:36:23.327040260,T,313.2,40,314.08,40,IBM
2025-11-11,9:36:23.404975730,T,313.2,40,314.08,80,IBM
2025-11-11,9:36:23.441703226,T,313.2,40,314.08,40,IBM
2025-11-11,9:36:23.441913743,T,313.2,40,314.08,80,IBM
2025-11-11,9:36:23.441943710,T,313.2,40,314.07,40,IBM
2025-11-11,9:36:23.442184314,T,313.2,40,314.07,80,IBM
2025-11-11,9:36:23.520911734,T,313.2,40,314.07,120,IBM
2025-11-11,9:36:23.580022460,T,313.2,40,314.07,80,IBM
2025-11-11,9:36:23.580298074,T,313.2,40,314.06,40,IBM
2025-11-11,9:36:23.580774205,T,313.2,40,314.06,80,IBM
2025-11-11,9:36:23.580784321,T,313.2,40,314.06,120,IBM
2025-11-11,9:36:24.176517392,T,313.2,40,314.06,80,IBM
2025-11-11,9:36:24.176798134,T,313.2,40,314.05,40,IBM
2025-11-11,9:36:24.177274217,T,313.2,40,314.05,80,IBM
2025-11-11,9:36:24.177289307,T,313.2,40,314.05,120,IBM
2025-11-11,9:36:30.437492663,T,313.2,40,314.05,80,IBM
2025-11-11,9:36:30.437502705,T,313.2,40,314.05,40,IBM
2025-11-11,9:36:33.306096763,T,313.2,40,314.0,40,IBM
2025-11-11,9:36:33.306106844,T,313.2,40,313.89,40,IBM
2025-11-11,9:36:33.306136951,T,313.2,40,313.89,80,IBM
2025-11-11,9:36:33.306191986,T,313.2,40,313.83,40,IBM
2025-11-11,9:36:33.306191986,T,313.2,40,313.82,40,IBM
2025-11-11,9:36:33.306227156,T,313.2,40,313.72,40,IBM
2025-11-11,9:36:33.306252231,T,313.07,40,313.72,40,IBM
2025-11-11,9:36:33.306287628,T,313.2,40,313.72,40,IBM
2025-11-11,9:36:33.306552869,T,313.2,40,313.72,80,IBM
2025-11-11,9:36:33.306963870,T,313.14,40,313.72,80,IBM
2025-11-11,9:36:33.306963870,T,313.14,40,313.72,40,IBM
2025-11-11,9:36:33.307364844,T,313.14,40,313.59,40,IBM
2025-11-11,9:36:33.309805636,T,313.07,40,313.59,40,IBM
2025-11-11,9:36:33.310006119,T,313.03,80,313.59,40,IBM
2025-11-11,9:36:33.720362960,T,313.03,80,313.59,80,IBM
2025-11-11,9:36:33.767274659,T,313.03,80,313.59,120,IBM
2025-11-11,9:36:33.767510229,T,313.03,40,313.59,120,IBM
2025-11-11,9:36:33.767836003,T,313.03,40,313.36,40,IBM
2025-11-11,9:36:33.768231956,T,313.03,40,313.59,120,IBM
2025-11-11,9:36:33.768287098,T,313.03,80,313.59,120,IBM
2025-11-11,9:36:33.768347655,T,313.19,40,313.59,120,IBM
2025-11-11,9:36:33.768377381,T,313.03,80,313.59,120,IBM
2025-11-11,9:36:33.768442454,T,313.03,40,313.59,120,IBM
2025-11-11,9:36:33.768512585,T,313.03,40,313.28,40,IBM
2025-11-11,9:36:33.768522663,T,313.03,40,313.59,120,IBM
2025-11-11,9:36:33.768573111,T,313.03,80,313.59,120,IBM
2025-11-11,9:36:33.768578147,T,313.03,40,313.59,120,IBM
2025-11-11,9:36:33.768587844,T,313.03,40,313.23,40,IBM
2025-11-11,9:36:33.768597809,T,313.03,40,313.59,120,IBM
2025-11-11,9:36:33.768607796,T,313.03,80,313.59,120,IBM
2025-11-11,9:36:33.768743238,T,313.03,80,313.59,80,IBM
2025-11-11,9:36:33.768743238,T,313.03,80,313.59,120,IBM
2025-11-11,9:36:33.779879645,T,313.03,80,313.59,80,IBM
2025-11-11,9:36:33.780140267,T,313.03,80,313.59,120,IBM
2025-11-11,9:36:33.926754309,T,313.03,80,313.59,80,IBM
2025-11-11,9:36:33.926969822,T,313.03,80,313.59,320,IBM
2025-11-11,9:36:34.337958297,T,313.03,80,313.59,80,IBM
2025-11-11,9:36:36.387522547,T,313.12,40,313.59,80,IBM
2025-11-11,9:36:37.815592307,T,313.12,40,313.58,40,IBM
2025-11-11,9:36:37.817301470,T,313.12,40,313.58,80,IBM
2025-11-11,9:36:38.185011900,T,313.12,40,313.58,40,IBM
2025-11-11,9:36:38.185072161,T,313.12,40,313.57,40,IBM
2025-11-11,9:36:38.185097075,T,313.12,40,313.58,40,IBM
2025-11-11,9:36:38.185097075,T,313.12,40,313.47,40,IBM
2025-11-11,9:36:38.185252482,T,313.03,80,313.47,40,IBM
2025-11-11,9:36:38.185883986,T,313.03,80,313.47,80,IBM
2025-11-11,9:36:38.518099845,T,313.03,80,313.47,40,IBM
2025-11-11,9:36:40.914665230,T,313.03,40,313.47,40,IBM
2025-11-11,9:36:41.477034039,T,313.03,40,313.46,40,IBM
2025-11-11,9:36:42.450676773,T,313.03,40,313.47,40,IBM
2025-11-11,9:36:48.272306301,T,313.03,40,313.46,40,IBM
2025-11-11,9:36:49.475169929,T,313.03,80,313.46,40,IBM
2025-11-11,9:36:49.961913616,T,313.03,40,313.46,40,IBM
2025-11-11,9:36:51.299402838,T,313.03,40,313.47,40,IBM
2025-11-11,9:36:51.299427886,T,313.28,40,313.47,40,IBM
2025-11-11,9:36:51.299458009,T,313.28,40,313.59,40,IBM
2025-11-11,9:36:51.299498072,T,313.38,40,313.59,40,IBM
2025-11-11,9:36:51.299969249,T,313.28,40,313.59,40,IBM
2025-11-11,9:36:51.300199760,T,313.28,40,314.23,40,IBM
2025-11-11,9:36:51.300264952,T,313.28,80,314.23,40,IBM
2025-11-11,9:36:51.300335071,T,313.32,40,314.23,40,IBM
2025-11-11,9:36:51.300360153,T,313.42,40,314.23,40,IBM
2025-11-11,9:36:51.300841430,T,313.42,40,314.35,40,IBM
2025-11-11,9:36:51.300911401,T,313.42,40,313.93,40,IBM
2025-11-11,9:36:51.300916449,T,313.32,40,313.93,40,IBM
2025-11-11,9:36:51.302184512,T,313.32,40,313.93,80,IBM
2025-11-11,9:36:51.302435081,T,313.28,80,313.93,80,IBM
2025-11-11,9:36:51.302490260,T,313.28,40,313.93,80,IBM
2025-11-11,9:36:51.303382342,T,313.28,40,313.93,120,IBM
2025-11-11,9:36:51.314263230,T,313.12,40,313.93,120,IBM
2025-11-11,9:36:51.314288265,T,313.04,40,313.93,120,IBM
2025-11-11,9:36:51.399360796,T,313.04,40,313.93,80,IBM
2025-11-11,9:36:51.399425934,T,313.03,80,313.93,80,IBM
2025-11-11,9:36:51.399451072,T,313.03,40,313.93,80,IBM
2025-11-11,9:36:51.672596308,T,313.03,80,313.93,80,IBM
2025-11-11,9:36:52.347828669,T,313.03,40,313.93,80,IBM
2025-11-11,9:36:54.146680951,T,313.03,40,313.88,40,IBM
2025-11-11,9:36:54.146931652,T,313.03,80,313.88,40,IBM
2025-11-11,9:36:54.908940824,T,313.03,80,313.87,40,IBM
2025-11-11,9:36:55.587686725,T,313.03,80,313.86,40,IBM
2025-11-11,9:36:55.787372115,T,313.03,80,313.86,240,IBM
2025-11-11,9:36:56.004077958,T,313.46,40,313.86,240,IBM
2025-11-11,9:36:56.004082938,T,313.46,40,313.86,40,IBM
2025-11-11,9:36:56.016171759,T,313.46,40,313.83,40,IBM
2025-11-11,9:36:56.060757888,T,313.03,80,313.83,40,IBM
2025-11-11,9:36:56.114375485,T,313.03,80,313.83,120,IBM
2025-11-11,9:36:57.840139062,T,313.03,80,313.83,80,IBM
2025-11-11,9:36:57.840144016,T,313.03,80,313.83,40,IBM
2025-11-11,9:36:57.840144016,T,313.47,40,313.83,40,IBM
2025-11-11,9:36:57.840149057,T,313.47,40,313.86,40,IBM
2025-11-11,9:36:57.840174122,T,313.65,40,313.86,40,IBM
2025-11-11,9:36:57.840204142,T,313.65,80,313.86,40,IBM
2025-11-11,9:36:57.840650173,T,313.65,80,313.87,40,IBM
2025-11-11,9:36:57.840800616,T,313.65,80,313.83,40,IBM
2025-11-11,9:36:57.840820596,T,313.65,40,313.83,40,IBM
2025-11-11,9:36:57.840975937,T,313.65,40,313.87,40,IBM
2025-11-11,9:36:57.841031073,T,313.74,40,313.87,40,IBM
2025-11-11,9:36:57.841316787,T,313.74,40,314.23,40,IBM
2025-11-11,9:36:57.841326851,T,313.74,40,314.35,40,IBM
2025-11-11,9:36:57.843717502,T,313.64,40,314.35,40,IBM
2025-11-11,9:36:57.843727548,T,313.64,40,314.23,40,IBM
2025-11-11,9:36:57.843727548,T,313.64,40,314.13,40,IBM
2025-11-11,9:36:57.843737583,T,313.48,40,314.13,40,IBM
2025-11-11,9:36:57.843787849,T,313.48,40,313.88,40,IBM
2025-11-11,9:36:57.843998174,T,313.62,40,313.88,40,IBM
2025-11-11,9:36:57.844003205,T,313.62,40,313.88,120,IBM
2025-11-11,9:36:57.844043429,T,313.62,40,313.88,240,IBM
2025-11-11,9:36:57.844123521,T,313.62,40,313.88,200,IBM
2025-11-11,9:36:57.844419211,T,313.48,40,313.88,200,IBM
2025-11-11,9:36:57.848955005,T,313.28,40,313.88,200,IBM
2025-11-11,9:36:57.860733044,T,313.16,40,313.88,200,IBM
2025-11-11,9:36:57.902236829,T,313.16,40,313.88,160,IBM
2025-11-11,9:36:57.902256876,T,313.16,40,313.88,120,IBM
2025-11-11,9:36:57.902292491,T,313.16,40,313.88,80,IBM
2025-11-11,9:36:57.902292491,T,313.16,40,314.35,40,IBM
2025-11-11,9:36:57.902317069,T,313.48,40,314.35,40,IBM
2025-11-11,9:36:57.902317069,T,313.68,40,314.35,40,IBM
2025-11-11,9:36:57.902818184,T,313.68,40,314.36,160,IBM
2025-11-11,9:36:57.917157335,T,313.62,40,314.36,160,IBM
2025-11-11,9:36:58.952321864,T,313.62,80,314.36,160,IBM
2025-11-11,9:36:59.332491881,T,313.62,40,314.36,160,IBM
2025-11-11,9:37:00.391858771,T,313.62,40,313.93,40,IBM
2025-11-11,9:37:00.391903826,T,313.62,40,313.93,80,IBM
2025-11-11,9:37:02.005009292,T,313.04,40,313.93,80,IBM
2025-11-11,9:37:02.007851119,T,313.04,40,313.93,40,IBM
2025-11-11,9:37:02.048728414,T,313.69,40,313.93,40,IBM
2025-11-11,9:37:02.049149386,T,313.69,80,313.93,40,IBM
2025-11-11,9:37:02.466553174,T,313.69,40,313.93,40,IBM
2025-11-11,9:37:02.801169672,T,313.69,40,314.36,160,IBM
2025-11-11,9:37:02.801179737,T,313.7,40,314.36,160,IBM
2025-11-11,9:37:02.801214771,T,313.7,80,314.36,160,IBM
2025-11-11,9:37:02.801786150,T,313.81,40,314.36,160,IBM
2025-11-11,9:37:02.801816304,T,313.81,40,313.93,40,IBM
2025-11-11,9:37:02.801836380,T,313.7,40,313.93,40,IBM
2025-11-11,9:37:02.801836380,T,313.7,40,314.36,160,IBM
2025-11-11,9:37:02.801871448,T,313.69,40,314.36,160,IBM
2025-11-11,9:37:02.801871448,T,313.81,40,314.36,160,IBM
2025-11-11,9:37:02.805885996,T,313.46,40,314.36,160,IBM
2025-11-11,9:37:02.853063302,T,313.81,40,314.36,160,IBM
2025-11-11,9:37:02.901744099,T,313.04,40,314.36,160,IBM
2025-11-11,9:37:03.087220677,T,313.16,40,314.36,160,IBM
2025-11-11,9:37:03.089115147,T,313.16,40,314.45,40,IBM
2025-11-11,9:37:03.089145209,T,313.16,40,314.44,40,IBM
2025-11-11,9:37:03.354436754,T,313.16,40,314.45,40,IBM
2025-11-11,9:37:03.425987068,T,313.4,40,314.45,40,IBM
2025-11-11,9:37:03.426022104,T,313.95,40,314.45,40,IBM
2025-11-11,9:37:03.426282763,T,313.95,80,314.45,40,IBM
2025-11-11,9:37:03.426448177,T,313.95,120,314.45,40,IBM
2025-11-11,9:37:03.426528342,T,313.95,80,314.45,40,IBM
2025-11-11,9:37:03.426538343,T,313.95,80,314.23,40,IBM
2025-11-11,9:37:03.426959374,T,313.95,80,314.45,40,IBM
2025-11-11,9:37:04.057069357,T,313.95,80,314.23,40,IBM
2025-11-11,9:37:04.194591696,T,313.95,40,314.23,40,IBM
2025-11-11,9:37:04.194606793,T,313.28,40,314.23,40,IBM
2025-11-11,9:37:04.194822437,T,313.96,40,314.23,40,IBM
2025-11-11,9:37:04.195243271,T,313.96,80,314.23,40,IBM
2025-11-11,9:37:04.522266824,T,313.96,80,314.45,40,IBM
2025-11-11,9:37:04.522296845,T,314.09,40,314.45,40,IBM
2025-11-11,9:37:04.522337013,T,313.96,40,314.45,40,IBM
2025-11-11,9:37:04.522341942,T,314.16,40,314.45,40,IBM
2025-11-11,9:37:04.523384508,T,314.09,40,314.45,40,IBM
2025-11-11,9:37:04.525273995,T,314.09,80,314.45,40,IBM
2025-11-11,9:37:04.528807330,T,314.16,40,314.45,40,IBM
2025-11-11,9:37:04.528987856,T,314.16,40,314.3,80,IBM
2025-11-11,9:37:04.529283513,T,314.09,40,314.3,80,IBM
2025-11-11,9:37:05.006584816,T,313.4,80,314.3,80,IBM
2025-11-11,9:37:07.295348659,T,314.17,40,314.3,80,IBM
2025-11-11,9:37:07.295769592,T,314.17,80,314.3,80,IBM
2025-11-11,9:37:07.557136816,T,314.17,80,314.3,40,IBM
2025-11-11,9:37:07.557156947,T,314.17,80,314.45,40,IBM
2025-11-11,9:37:07.557232119,T,314.23,40,314.45,40,IBM
2025-11-11,9:37:07.558314672,T,314.17,40,314.45,40,IBM
2025-11-11,9:37:07.560945932,T,314.23,40,314.45,40,IBM
2025-11-11,9:37:07.573911832,T,314.23,80,314.45,40,IBM
2025-11-11,9:37:07.577254721,T,314.23,40,314.45,40,IBM
2025-11-11,9:37:08.729783725,T,314.17,40,314.45,40,IBM
2025-11-11,9:37:10.462648903,T,313.95,40,314.45,40,IBM
2025-11-11,9:37:12.673472022,T,313.95,40,314.37,40,IBM
2025-11-11,9:37:12.674179634,T,313.76,40,314.37,40,IBM
2025-11-11,9:37:12.674179634,T,313.54,40,314.37,40,IBM
2025-11-11,9:37:12.674204115,T,313.54,40,314.31,40,IBM
2025-11-11,9:37:12.674339136,T,313.54,40,314.37,40,IBM
2025-11-11,9:37:12.674344152,T,313.54,80,314.37,40,IBM
2025-11-11,9:37:12.674354202,T,313.64,40,314.37,40,IBM
2025-11-11,9:37:12.674364852,T,313.76,40,314.37,40,IBM
2025-11-11,9:37:12.674369240,T,313.96,40,314.37,40,IBM
2025-11-11,9:37:12.674424377,T,314.27,400,314.37,40,IBM
2025-11-11,9:37:12.674694989,T,314.27,400,314.45,40,IBM
2025-11-11,9:37:12.674715038,T,314.23,40,314.45,40,IBM
2025-11-11,9:37:12.674725078,T,314.23,40,314.73,40,IBM
2025-11-11,9:37:12.674740020,T,314.37,400,314.73,40,IBM
2025-11-11,9:37:12.674780126,T,314.37,400,314.86,40,IBM
2025-11-11,9:37:12.674800256,T,314.37,400,314.87,40,IBM
2025-11-11,9:37:12.674820303,T,314.23,80,314.87,40,IBM
2025-11-11,9:37:12.674845355,T,314.45,400,314.87,40,IBM
2025-11-11,9:37:12.675366792,T,314.45,400,314.91,240,IBM
2025-11-11,9:37:12.675386760,T,314.45,400,314.91,200,IBM
2025-11-11,9:37:12.675652246,T,314.32,40,314.91,200,IBM
2025-11-11,9:37:12.675677294,T,314.45,320,314.91,200,IBM
2025-11-11,9:37:12.675682311,T,314.45,360,314.91,200,IBM
2025-11-11,9:37:12.679315923,T,314.45,360,315.0,80,IBM
2025-11-11,9:37:12.797858234,T,314.45,320,315.0,80,IBM
2025-11-11,9:37:12.961157059,T,314.0,40,315.0,80,IBM
2025-11-11,9:37:12.961157059,T,313.64,40,315.0,80,IBM
2025-11-11,9:37:12.961162088,T,314.0,40,315.0,80,IBM
2025-11-11,9:37:12.961172066,T,314.12,40,315.0,80,IBM
2025-11-11,9:37:12.961182073,T,314.51,320,315.0,80,IBM
2025-11-11,9:37:12.961412642,T,314.0,40,315.0,80,IBM
2025-11-11,9:37:12.961437706,T,314.58,320,315.0,80,IBM
2025-11-11,9:37:13.321514935,T,314.59,40,315.0,80,IBM
2025-11-11,9:37:13.321530032,T,314.0,40,315.0,80,IBM
2025-11-11,9:37:13.321534986,T,314.68,40,315.0,80,IBM
2025-11-11,9:37:13.321545283,T,314.68,320,315.0,80,IBM
2025-11-11,9:37:13.321780576,T,314.68,320,315.0,40,IBM
2025-11-11,9:37:13.322011193,T,314.68,320,314.88,40,IBM
2025-11-11,9:37:13.322327041,T,314.68,360,314.88,40,IBM
2025-11-11,9:37:13.445921104,T,314.68,320,314.88,40,IBM
2025-11-11,9:37:14.297593565,T,314.0,40,314.88,40,IBM
2025-11-11,9:37:14.297618672,T,314.69,280,314.88,40,IBM
2025-11-11,9:37:14.850013851,T,314.69,80,314.88,40,IBM
2025-11-11,9:37:14.850028703,T,314.69,40,314.88,40,IBM
2025-11-11,9:37:14.850033608,T,314.0,40,314.88,40,IBM
2025-11-11,9:37:14.850058734,T,314.0,40,314.88,120,IBM
2025-11-11,9:37:14.850058734,T,314.0,40,314.87,40,IBM
2025-11-11,9:37:14.850093767,T,314.0,40,314.87,120,IBM
2025-11-11,9:37:14.850093767,T,314.0,40,314.87,80,IBM
2025-11-11,9:37:14.850098821,T,314.0,40,314.79,40,IBM
2025-11-11,9:37:14.850108855,T,314.0,40,314.79,80,IBM
2025-11-11,9:37:14.850118863,T,313.68,40,314.79,80,IBM
2025-11-11,9:37:14.850364447,T,313.68,40,314.79,120,IBM
2025-11-11,9:37:14.850394510,T,313.68,40,314.78,40,IBM
2025-11-11,9:37:14.867349835,T,313.76,40,314.78,40,IBM
2025-11-11,9:37:14.868257048,T,313.64,40,314.78,40,IBM
2025-11-11,9:37:15.651301301,T,313.64,40,314.79,40,IBM
2025-11-11,9:37:15.652659636,T,313.64,40,314.79,80,IBM
2025-11-11,9:37:15.728620327,T,313.88,40,314.79,80,IBM
2025-11-11,9:37:15.728680485,T,313.88,40,314.79,40,IBM
2025-11-11,9:37:15.728680485,T,313.88,40,315.0,80,IBM
2025-11-11,9:37:15.728926139,T,314.59,40,315.0,80,IBM
2025-11-11,9:37:15.729096647,T,314.59,40,315.0,40,IBM
2025-11-11,9:37:15.729502559,T,314.12,40,315.0,40,IBM
2025-11-11,9:37:15.730124149,T,314.63,40,315.0,40,IBM
2025-11-11,9:37:15.730133923,T,314.64,40,315.0,40,IBM
2025-11-11,9:37:15.730154201,T,314.63,40,315.0,40,IBM
2025-11-11,9:37:15.730154201,T,314.75,40,315.0,40,IBM
2025-11-11,9:37:15.732414322,T,314.75,80,315.0,40,IBM
2025-11-11,9:37:15.735000563,T,314.75,40,315.0,40,IBM
2025-11-11,9:37:15.737361203,T,314.39,40,315.0,40,IBM
2025-11-11,9:37:15.752346796,T,314.39,40,315.0,80,IBM
2025-11-11,9:37:15.774444392,T,314.75,40,315.0,80,IBM
2025-11-11,9:37:15.849548283,T,314.75,40,315.0,40,IBM
2025-11-11,9:37:15.850049463,T,314.39,40,315.0,40,IBM
2025-11-11,9:37:15.851618113,T,314.39,40,315.0,80,IBM
2025-11-11,9:37:16.600465953,T,314.39,40,315.0,40,IBM
2025-11-11,9:37:17.536394121,T,314.39,40,315.0,80,IBM
2025-11-11,9:37:17.925425257,T,314.39,40,314.96,40,IBM
2025-11-11,9:37:18.716353509,T,314.39,40,314.96,80,IBM
2025-11-11,9:37:18.716368085,T,314.39,40,314.88,40,IBM
2025-11-11,9:37:18.716914417,T,314.39,40,315.0,120,IBM
2025-11-11,9:37:18.717160270,T,314.39,40,314.88,40,IBM
2025-11-11,9:37:18.723259551,T,314.39,40,314.7,40,IBM
2025-11-11,9:37:18.723304779,T,314.39,40,314.7,80,IBM
2025-11-11,9:37:18.723369845,T,314.39,40,314.69,40,IBM
2025-11-11,9:37:18.723414894,T,314.39,40,314.69,80,IBM
2025-11-11,9:37:19.409297720,T,314.39,40,314.69,160,IBM
2025-11-11,9:37:22.141547129,T,314.39,40,314.69,120,IBM
2025-11-11,9:37:22.141552200,T,314.39,40,314.69,80,IBM
2025-11-11,9:37:22.141552200,T,314.39,40,314.69,40,IBM
2025-11-11,9:37:22.141572236,T,314.53,40,314.69,40,IBM
2025-11-11,9:37:22.141582421,T,314.53,40,314.7,40,IBM
2025-11-11,9:37:22.141602370,T,314.53,40,314.7,80,IBM
2025-11-11,9:37:22.141607308,T,314.53,40,314.7,40,IBM
2025-11-11,9:37:22.141642408,T,314.53,40,315.0,40,IBM
2025-11-11,9:37:22.145195824,T,314.53,40,315.0,80,IBM
2025-11-11,9:37:22.146303476,T,314.4,40,315.0,80,IBM
2025-11-11,9:37:22.150373394,T,314.39,40,315.0,80,IBM
2025-11-11,9:37:22.151741402,T,314.39,40,315.0,120,IBM
2025-11-11,9:37:22.277906824,T,314.39,40,315.0,160,IBM
2025-11-11,9:37:22.278528341,T,314.39,40,315.0,120,IBM
2025-11-11,9:37:22.651952225,T,314.39,40,315.0,80,IBM
2025-11-11,9:37:23.076828777,T,314.39,40,315.0,40,IBM
2025-11-11,9:37:23.076964036,T,314.39,40,314.9,40,IBM
2025-11-11,9:37:24.279933062,T,314.39,40,314.9,80,IBM
2025-11-11,9:37:24.279978134,T,314.39,40,314.89,80,IBM
2025-11-11,9:37:24.384938056,T,314.39,40,314.89,40,IBM
2025-11-11,9:37:24.531807662,T,314.39,40,314.89,80,IBM
2025-11-11,9:37:24.531852827,T,314.39,40,314.88,80,IBM
2025-11-11,9:37:25.052903277,T,314.39,40,314.88,120,IBM
2025-11-11,9:37:25.273067381,T,314.39,40,314.88,80,IBM
2025-11-11,9:37:25.306907987,T,314.39,40,314.88,120,IBM
2025-11-11,9:37:25.306953058,T,314.39,40,314.87,80,IBM
2025-11-11,9:37:26.005927177,T,314.39,40,314.87,40,IBM
2025-11-11,9:37:26.009836464,T,314.39,40,314.88,80,IBM
2025-11-11,9:37:26.010041900,T,314.39,40,314.88,120,IBM
2025-11-11,9:37:26.010076988,T,314.39,40,314.88,160,IBM
2025-11-11,9:37:26.010112099,T,314.39,40,314.87,80,IBM
2025-11-11,9:37:26.848257407,T,314.39,40,314.87,40,IBM
2025-11-11,9:37:26.848287490,T,314.39,40,314.88,80,IBM
2025-11-11,9:37:26.848387775,T,314.39,40,314.8,40,IBM
2025-11-11,9:37:26.980687717,T,314.39,40,314.88,40,IBM
2025-11-11,9:37:26.980898258,T,314.39,40,314.88,80,IBM
2025-11-11,9:37:27.395004139,T,314.39,40,314.88,40,IBM
2025-11-11,9:37:27.488772444,T,314.39,40,314.88,80,IBM
2025-11-11,9:37:28.186428293,T,314.39,40,314.8,40,IBM
2025-11-11,9:37:28.871128266,T,314.39,40,314.8,80,IBM
2025-11-11,9:37:28.872145640,T,314.39,40,314.8,120,IBM
2025-11-11,9:37:28.872225839,T,314.39,40,314.8,80,IBM
2025-11-11,9:37:28.872511513,T,314.39,40,314.55,40,IBM
2025-11-11,9:37:28.878310308,T,313.88,40,314.55,40,IBM
2025-11-11,9:37:28.878581111,T,313.95,40,314.55,40,IBM
2025-11-11,9:37:28.880154695,T,313.95,40,314.5,40,IBM
2025-11-11,9:37:28.896207938,T,313.88,40,314.5,40,IBM
2025-11-11,9:37:28.896283132,T,313.76,40,314.5,40,IBM
2025-11-11,9:37:30.817762574,T,313.76,40,314.68,40,IBM
2025-11-11,9:37:30.817762574,T,313.76,40,314.8,40,IBM
2025-11-11,9:37:30.817762574,T,313.83,40,314.8,40,IBM
2025-11-11,9:37:30.817767526,T,314.25,40,314.8,40,IBM
2025-11-11,9:37:30.817827595,T,314.26,40,314.8,40,IBM
2025-11-11,9:37:30.817987977,T,314.25,40,314.8,40,IBM
2025-11-11,9:37:30.818900182,T,314.25,40,314.69,80,IBM
2025-11-11,9:37:30.818920241,T,314.25,40,314.69,120,IBM
2025-11-11,9:37:30.821757047,T,314.25,40,314.69,80,IBM
2025-11-11,9:37:30.917840781,T,313.88,40,314.69,80,IBM
2025-11-11,9:37:33.687850000,T,313.95,40,314.69,80,IBM
2025-11-11,9:37:34.057585317,T,313.95,40,314.8,40,IBM
2025-11-11,9:37:34.600081691,T,313.95,40,314.69,80,IBM
2025-11-11,9:37:34.605599789,T,313.95,40,314.8,40,IBM
2025-11-11,9:37:34.606697369,T,313.95,40,314.8,80,IBM
2025-11-11,9:37:34.608737234,T,313.95,40,314.8,40,IBM
2025-11-11,9:37:34.609233527,T,313.88,40,314.8,40,IBM
2025-11-11,9:37:34.609258723,T,313.88,40,314.63,40,IBM
2025-11-11,9:37:34.609278610,T,313.88,40,314.63,80,IBM
2025-11-11,9:37:34.613709154,T,313.88,40,314.24,200,IBM
2025-11-11,9:37:34.613729092,T,313.88,40,314.24,80,IBM
2025-11-11,9:37:34.613734186,T,313.88,40,314.63,80,IBM
2025-11-11,9:37:34.613734186,T,313.88,40,314.63,40,IBM
2025-11-11,9:37:34.613754238,T,313.88,40,314.8,80,IBM
2025-11-11,9:37:34.613759195,T,314.0,40,314.8,80,IBM
2025-11-11,9:37:34.613769276,T,314.0,40,314.79,40,IBM
2025-11-11,9:37:34.613859480,T,314.0,40,314.57,40,IBM
2025-11-11,9:37:34.615508465,T,314.0,40,314.79,40,IBM
2025-11-11,9:37:34.652596771,T,314.28,40,314.79,40,IBM
2025-11-11,9:37:34.652596771,T,314.28,40,314.8,80,IBM
2025-11-11,9:37:34.653609059,T,314.0,40,314.8,80,IBM
2025-11-11,9:37:34.710780234,T,314.0,40,314.8,40,IBM
2025-11-11,9:37:34.713762222,T,313.88,40,314.8,40,IBM
2025-11-11,9:37:34.843711698,T,314.24,40,314.8,40,IBM
2025-11-11,9:37:34.843837281,T,313.88,40,314.8,40,IBM
2025-11-11,9:37:34.843842002,T,314.41,40,314.8,40,IBM
2025-11-11,9:37:34.844227905,T,314.41,40,314.68,40,IBM
2025-11-11,9:37:34.844262947,T,313.88,40,314.68,40,IBM
2025-11-11,9:37:34.862541531,T,314.24,40,314.68,40,IBM
2025-11-11,9:37:39.216977841,T,314.24,40,314.68,80,IBM
2025-11-11,9:37:39.295680230,T,314.24,40,314.68,120,IBM
2025-11-11,9:37:39.295680230,T,314.24,40,314.67,40,IBM
2025-11-11,9:37:39.295710328,T,314.24,40,314.58,80,IBM
2025-11-11,9:37:39.296497217,T,314.24,40,314.58,120,IBM
2025-11-11,9:37:39.296522241,T,313.88,40,314.58,120,IBM
2025-11-11,9:37:39.296612459,T,313.88,40,314.57,40,IBM
2025-11-11,9:37:39.296612459,T,313.88,40,314.57,80,IBM
2025-11-11,9:37:39.631454960,T,313.95,40,314.57,80,IBM
2025-11-11,9:37:39.631459628,T,313.95,40,314.57,40,IBM
2025-11-11,9:37:39.631479571,T,313.88,40,314.57,40,IBM
2025-11-11,9:37:40.644386047,T,313.88,40,314.8,40,IBM
2025-11-11,9:37:44.743474693,T,313.88,40,314.4,40,IBM
2025-11-11,9:37:45.142143866,T,313.88,40,314.8,80,IBM
2025-11-11,9:37:45.142203998,T,313.88,40,314.8,40,IBM
2025-11-11,9:37:45.142223943,T,313.95,40,314.8,40,IBM
2025-11-11,9:37:45.142264045,T,314.32,40,314.8,40,IBM
2025-11-11,9:37:45.157089426,T,313.88,40,314.8,40,IBM
2025-11-11,9:37:45.761358063,T,314.33,40,314.8,40,IBM
2025-11-11,9:37:45.765532897,T,313.88,40,314.8,40,IBM
2025-11-11,9:37:45.771376886,T,314.25,40,314.8,40,IBM
2025-11-11,9:37:46.067707295,T,314.25,80,314.8,40,IBM
2025-11-11,9:37:46.067752385,T,314.37,40,314.8,40,IBM
2025-11-11,9:37:46.267547963,T,313.88,40,314.8,40,IBM
2025-11-11,9:37:46.370638384,T,313.88,40,314.68,40,IBM
2025-11-11,9:37:46.399983284,T,313.88,40,314.67,40,IBM
2025-11-11,9:37:46.400018409,T,313.88,40,314.68,40,IBM
2025-11-11,9:37:46.400018409,T,313.88,40,314.53,40,IBM
2025-11-11,9:37:46.400053459,T,314.33,80,314.53,40,IBM
2025-11-11,9:37:46.400334139,T,314.33,80,314.68,40,IBM
2025-11-11,9:37:46.400519506,T,314.33,80,314.8,40,IBM
2025-11-11,9:37:46.599889199,T,314.33,80,314.53,40,IBM
2025-11-11,9:37:50.227746046,T,313.88,40,314.53,40,IBM
2025-11-11,9:37:50.227750852,T,313.76,40,314.53,40,IBM
2025-11-11,9:37:50.227760896,T,313.76,40,314.52,40,IBM
2025-11-11,9:37:50.227765886,T,313.76,40,314.35,80,IBM
2025-11-11,9:37:50.227926453,T,313.76,40,314.44,40,IBM
2025-11-11,9:37:50.228216982,T,313.76,40,314.35,40,IBM
2025-11-11,9:37:50.228723217,T,313.76,40,314.8,80,IBM
2025-11-11,9:37:50.228923632,T,313.76,40,314.35,40,IBM
2025-11-11,9:37:50.228963815,T,313.69,200,314.35,40,IBM
2025-11-11,9:37:50.232146341,T,313.69,200,314.8,80,IBM
2025-11-11,9:37:50.242190292,T,313.69,200,314.52,40,IBM
2025-11-11,9:37:50.242335638,T,313.69,200,314.51,40,IBM
2025-11-11,9:37:50.329262534,T,313.69,200,314.51,160,IBM
2025-11-11,9:37:50.363769614,T,313.69,200,314.51,120,IBM
2025-11-11,9:37:50.458815891,T,313.69,200,314.51,160,IBM
2025-11-11,9:37:50.614491472,T,313.69,200,314.51,120,IBM
2025-11-11,9:37:51.469847619,T,313.69,200,314.51,160,IBM
2025-11-11,9:37:51.470639518,T,313.69,200,314.51,40,IBM
2025-11-11,9:37:51.645971932,T,313.69,200,314.5,80,IBM
2025-11-11,9:37:53.240317678,T,314.05,40,314.5,80,IBM
2025-11-11,9:37:53.252541873,T,313.69,200,314.5,80,IBM
2025-11-11,9:37:53.270344177,T,314.05,40,314.5,80,IBM
2025-11-11,9:37:53.355306460,T,313.69,200,314.5,80,IBM
2025-11-11,9:37:54.828443432,T,314.05,40,314.5,80,IBM
2025-11-11,9:37:54.974566271,T,313.69,200,314.5,80,IBM
2025-11-11,9:37:54.974826847,T,313.69,200,314.45,40,IBM
2025-11-11,9:37:57.432377508,T,314.05,40,314.45,40,IBM
2025-11-11,9:37:58.027534380,T,313.69,200,314.45,40,IBM
2025-11-11,9:37:58.028261128,T,313.69,200,314.8,40,IBM
2025-11-11,9:37:58.235825210,T,313.69,200,314.45,80,IBM
2025-11-11,9:37:58.235835305,T,313.69,200,314.45,120,IBM
2025-11-11,9:37:59.774483276,T,313.76,40,314.45,120,IBM
2025-11-11,9:38:00.400603894,T,314.06,40,314.45,120,IBM
2025-11-11,9:38:00.400979772,T,313.76,40,314.45,120,IBM
2025-11-11,9:38:00.400979772,T,314.19,40,314.45,120,IBM
2025-11-11,9:38:00.402688826,T,313.76,40,314.45,120,IBM
2025-11-11,9:38:00.411950797,T,314.08,40,314.45,120,IBM
2025-11-11,9:38:00.533420041,T,313.76,40,314.45,120,IBM
2025-11-11,9:38:00.533495246,T,314.09,40,314.45,120,IBM
2025-11-11,9:38:00.939882661,T,314.09,40,314.45,80,IBM
2025-11-11,9:38:00.939897659,T,314.09,40,314.45,40,IBM
2025-11-11,9:38:00.939897659,T,314.09,40,314.8,40,IBM
2025-11-11,9:38:00.939927774,T,314.23,40,314.8,40,IBM
2025-11-11,9:38:00.939937796,T,314.23,80,314.8,40,IBM
2025-11-11,9:38:00.939937796,T,314.24,40,314.8,40,IBM
2025-11-11,9:38:00.940103194,T,314.34,40,314.8,40,IBM
2025-11-11,9:38:00.940113213,T,314.36,40,314.8,40,IBM
2025-11-11,9:38:00.940945193,T,314.36,80,314.8,40,IBM
2025-11-11,9:38:00.941015395,T,314.36,80,314.53,40,IBM
2025-11-11,9:38:00.941020377,T,314.36,40,314.53,40,IBM
2025-11-11,9:38:00.941035429,T,314.36,40,314.8,40,IBM
2025-11-11,9:38:00.941040410,T,314.24,40,314.8,40,IBM
2025-11-11,9:38:00.941140688,T,314.36,40,314.8,40,IBM
2025-11-11,9:38:01.050656329,T,314.36,40,314.78,40,IBM
2025-11-11,9:38:01.061236591,T,313.95,40,314.78,40,IBM
2025-11-11,9:38:01.061657567,T,313.95,40,314.8,40,IBM
2025-11-11,9:38:01.331911015,T,313.95,40,314.8,80,IBM
2025-11-11,9:38:01.968882266,T,313.95,40,314.78,80,IBM
2025-11-11,9:38:06.796505388,T,313.88,40,314.78,80,IBM
2025-11-11,9:38:06.796530498,T,313.88,40,314.75,40,IBM
2025-11-11,9:38:06.796535452,T,313.88,40,314.71,40,IBM
2025-11-11,9:38:06.796565579,T,313.88,40,314.62,40,IBM
2025-11-11,9:38:06.796570550,T,313.88,40,314.62,120,IBM
2025-11-11,9:38:06.797051699,T,313.88,40,314.62,80,IBM
2025-11-11,9:38:06.797272240,T,314.07,40,314.62,80,IBM
2025-11-11,9:38:06.797292274,T,314.07,40,314.62,40,IBM
2025-11-11,9:38:06.797482750,T,314.07,80,314.62,40,IBM
2025-11-11,9:38:06.797497799,T,314.07,120,314.62,40,IBM
2025-11-11,9:38:06.797803531,T,314.07,160,314.62,40,IBM
2025-11-11,9:38:06.798369873,T,314.07,160,314.62,80,IBM
2025-11-11,9:38:06.801402065,T,314.07,120,314.62,80,IBM
2025-11-11,9:38:06.814859077,T,314.07,80,314.62,80,IBM
2025-11-11,9:38:06.815069553,T,314.07,40,314.62,80,IBM
2025-11-11,9:38:06.898337820,T,314.07,40,314.62,120,IBM
2025-11-11,9:38:16.375579890,T,314.07,40,314.62,80,IBM
2025-11-11,9:38:16.375614912,T,314.37,40,314.62,80,IBM
2025-11-11,9:38:16.375930728,T,314.37,40,314.62,40,IBM
2025-11-11,9:38:16.376296635,T,313.88,40,314.62,40,IBM
2025-11-11,9:38:16.377248835,T,314.36,40,314.62,40,IBM
2025-11-11,9:38:16.912898972,T,313.88,40,314.62,40,IBM
2025-11-11,9:38:17.411190246,T,313.88,40,314.62,80,IBM
2025-11-11,9:38:18.612149130,T,313.88,40,314.62,40,IBM
2025-11-11,9:38:18.612169187,T,313.88,40,314.79,80,IBM
2025-11-11,9:38:18.612184284,T,314.37,40,314.79,80,IBM
2025-11-11,9:38:18.612254458,T,314.49,40,314.79,80,IBM
2025-11-11,9:38:18.612520082,T,314.49,80,314.79,80,IBM
2025-11-11,9:38:18.623907153,T,314.49,40,314.79,80,IBM
2025-11-11,9:38:18.706558878,T,314.5,40,314.79,80,IBM
2025-11-11,9:38:18.706859643,T,314.6,40,314.79,80,IBM
2025-11-11,9:38:18.711044607,T,314.5,40,314.79,80,IBM
2025-11-11,9:38:18.711265086,T,314.5,80,314.79,80,IBM
2025-11-11,9:38:18.721394226,T,314.5,40,314.79,80,IBM
2025-11-11,9:38:18.766581748,T,314.5,80,314.79,80,IBM
2025-11-11,9:38:18.766606852,T,314.5,40,314.79,80,IBM
2025-11-11,9:38:18.766611860,T,314.57,40,314.79,80,IBM
2025-11-11,9:38:18.767037897,T,314.08,40,314.79,80,IBM
2025-11-11,9:38:18.781477269,T,314.05,40,314.79,80,IBM
2025-11-11,9:38:18.781497306,T,313.96,40,314.79,80,IBM
2025-11-11,9:38:19.118048570,T,313.96,40,314.75,40,IBM
2025-11-11,9:38:19.852958144,T,314.0,40,314.75,40,IBM
2025-11-11,9:38:19.852958144,T,314.0,40,314.79,80,IBM
2025-11-11,9:38:19.852988278,T,314.62,40,314.79,80,IBM
2025-11-11,9:38:19.853815209,T,314.0,40,314.79,80,IBM
2025-11-11,9:38:19.858671799,T,313.96,40,314.79,80,IBM
2025-11-11,9:38:19.942025199,T,314.49,40,314.79,80,IBM
2025-11-11,9:38:19.943593941,T,313.96,40,314.79,80,IBM
2025-11-11,9:38:20.001401542,T,313.96,40,314.74,80,IBM
2025-11-11,9:38:20.031563425,T,313.96,40,315.0,80,IBM
2025-11-11,9:38:20.031608513,T,313.96,40,314.74,40,IBM
2025-11-11,9:38:20.031638548,T,313.96,40,314.72,40,IBM
2025-11-11,9:38:20.031979337,T,313.96,40,314.72,80,IBM
2025-11-11,9:38:20.249472210,T,313.96,40,314.71,40,IBM
2025-11-11,9:38:20.249572393,T,313.96,40,314.65,40,IBM
2025-11-11,9:38:20.249577466,T,313.96,40,314.62,40,IBM
2025-11-11,9:38:20.249627545,T,313.96,40,314.62,80,IBM
2025-11-11,9:38:20.250624967,T,313.95,40,314.62,80,IBM
2025-11-11,9:38:20.265339900,T,313.95,40,314.49,40,IBM
2025-11-11,9:38:20.487559184,T,313.95,40,314.61,40,IBM
2025-11-11,9:38:20.487564048,T,313.95,40,314.43,40,IBM
2025-11-11,9:38:20.487654243,T,313.95,40,314.42,40,IBM
2025-11-11,9:38:20.487684294,T,313.95,40,314.49,40,IBM
2025-11-11,9:38:20.487684294,T,313.95,40,314.35,40,IBM
2025-11-11,9:38:20.488380992,T,313.76,40,314.35,40,IBM
2025-11-11,9:38:20.488411077,T,313.95,40,314.35,40,IBM
2025-11-11,9:38:20.488932342,T,313.95,40,314.26,40,IBM
2025-11-11,9:38:20.488992397,T,313.76,40,314.26,40,IBM
2025-11-11,9:38:20.489333241,T,314.05,80,314.26,40,IBM
2025-11-11,9:38:20.489358377,T,314.05,80,314.49,40,IBM
2025-11-11,9:38:20.491738949,T,314.05,80,314.61,40,IBM
2025-11-11,9:38:20.571764558,T,314.05,80,314.43,40,IBM
2025-11-11,9:38:20.663658310,T,314.05,80,314.61,40,IBM
2025-11-11,9:38:21.799131574,T,314.05,80,314.62,40,IBM
2025-11-11,9:38:22.176650263,T,314.05,80,314.79,40,IBM
2025-11-11,9:38:22.271465984,T,314.05,80,314.91,40,IBM
2025-11-11,9:38:22.719758132,T,314.05,80,314.49,40,IBM
2025-11-11,9:38:22.938483796,T,314.05,80,314.91,40,IBM
2025-11-11,9:38:23.027109863,T,314.05,80,314.75,200,IBM
2025-11-11,9:38:23.462095463,T,314.05,80,314.49,40,IBM
2025-11-11,9:38:23.462115446,T,314.05,80,314.49,80,IBM
2025-11-11,9:38:23.482819775,T,313.76,40,314.49,80,IBM
2025-11-11,9:38:23.482839873,T,314.06,80,314.49,80,IBM
2025-11-11,9:38:23.482869847,T,314.06,80,314.49,40,IBM
2025-11-11,9:38:23.646664782,T,314.06,80,314.49,80,IBM
2025-11-11,9:38:23.648809922,T,314.06,80,314.49,40,IBM
2025-11-11,9:38:23.652669099,T,314.06,80,314.49,80,IBM
2025-11-11,9:38:23.792882840,T,314.06,80,314.49,40,IBM
2025-11-11,9:38:23.939256387,T,314.06,80,314.49,80,IBM
2025-11-11,9:38:23.939286399,T,314.06,80,314.49,120,IBM
2025-11-11,9:38:23.939932950,T,314.06,80,314.49,80,IBM
2025-11-11,9:38:24.122843432,T,314.06,80,314.49,120,IBM
2025-11-11,9:38:24.336863018,T,314.06,80,314.49,80,IBM
2025-11-11,9:38:24.708778420,T,314.06,80,314.49,40,IBM
2025-11-11,9:38:25.407100963,T,314.06,80,314.49,80,IBM
2025-11-11,9:38:25.456954618,T,314.06,80,314.49,40,IBM
2025-11-11,9:38:25.484775885,T,314.06,80,314.49,80,IBM
2025-11-11,9:38:26.024345422,T,314.06,80,314.49,40,IBM
2025-11-11,9:38:28.976543687,T,314.06,80,314.49,80,IBM
2025-11-11,9:38:28.976573785,T,314.06,80,314.49,120,IBM
2025-11-11,9:38:29.328030502,T,314.06,80,314.49,80,IBM
2025-11-11,9:38:29.328055527,T,314.06,80,314.49,40,IBM
2025-11-11,9:38:31.051242979,T,313.95,40,314.49,40,IBM
2025-11-11,9:38:31.051268034,T,314.2,80,314.49,40,IBM
2025-11-11,9:38:31.795154134,T,313.95,40,314.49,40,IBM
2025-11-11,9:38:31.795179238,T,314.21,80,314.49,40,IBM
2025-11-11,9:38:33.335907096,T,314.21,80,314.49,80,IBM
2025-11-11,9:38:35.268548039,T,314.21,80,314.48,40,IBM
2025-11-11,9:38:35.383256172,T,314.21,80,314.49,80,IBM
2025-11-11,9:38:35.383541789,T,314.21,80,314.49,40,IBM
2025-11-11,9:38:36.506780897,T,313.95,40,314.49,40,IBM
2025-11-11,9:38:36.506780897,T,314.34,40,314.49,40,IBM
2025-11-11,9:38:36.506846037,T,313.96,40,314.49,40,IBM
2025-11-11,9:38:36.506856003,T,313.96,40,314.75,200,IBM
2025-11-11,9:38:36.506876061,T,314.21,40,314.75,200,IBM
2025-11-11,9:38:36.506881045,T,314.35,40,314.75,200,IBM
2025-11-11,9:38:36.507687980,T,314.29,40,314.75,200,IBM
2025-11-11,9:38:36.508169163,T,314.27,40,314.75,200,IBM
2025-11-11,9:38:36.508555266,T,314.23,40,314.75,200,IBM
2025-11-11,9:38:36.508560105,T,314.23,40,314.75,240,IBM
2025-11-11,9:38:36.508590184,T,314.23,40,314.75,400,IBM
2025-11-11,9:38:36.508605164,T,314.23,40,314.75,440,IBM
2025-11-11,9:38:36.517501340,T,314.22,40,314.75,440,IBM
2025-11-11,9:38:36.528983687,T,314.22,40,314.75,400,IBM
2025-11-11,9:38:36.533760137,T,314.22,40,314.74,40,IBM
2025-11-11,9:38:36.533825237,T,314.22,40,314.75,400,IBM
2025-11-11,9:38:36.533830227,T,314.37,40,314.75,400,IBM
2025-11-11,9:38:36.533905445,T,314.37,40,314.75,360,IBM
2025-11-11,9:38:36.533925441,T,314.37,40,314.75,200,IBM
2025-11-11,9:38:36.534341524,T,314.22,40,314.75,200,IBM
2025-11-11,9:38:36.563044830,T,314.22,40,314.73,40,IBM
2025-11-11,9:38:36.563054856,T,314.22,40,314.68,40,IBM
2025-11-11,9:38:36.563054856,T,313.96,40,314.68,40,IBM
2025-11-11,9:38:36.563064844,T,313.95,40,314.68,40,IBM
2025-11-11,9:38:36.577885119,T,313.95,40,314.73,40,IBM
2025-11-11,9:38:36.577910138,T,313.95,40,314.75,200,IBM
2025-11-11,9:38:36.578366304,T,313.95,40,314.73,40,IBM
2025-11-11,9:38:36.578521704,T,313.95,40,314.69,40,IBM
2025-11-11,9:38:36.663854793,T,313.95,40,314.69,120,IBM
2025-11-11,9:38:36.819299897,T,313.95,40,314.69,80,IBM
2025-11-11,9:38:38.860749897,T,313.95,40,314.69,160,IBM
2025-11-11,9:38:39.381023451,T,313.95,40,314.69,200,IBM
2025-11-11,9:38:41.635295007,T,313.95,40,314.69,160,IBM
2025-11-11,9:38:41.635305040,T,313.95,40,314.69,80,IBM
2025-11-11,9:38:41.635655824,T,313.87,40,314.69,80,IBM
2025-11-11,9:38:41.635660872,T,313.87,40,314.69,120,IBM
2025-11-11,9:38:41.635690978,T,313.87,40,314.69,40,IBM
2025-11-11,9:38:41.635771079,T,313.87,40,314.37,40,IBM
2025-11-11,9:38:41.636412637,T,313.87,40,314.69,40,IBM
2025-11-11,9:38:41.901373432,T,313.87,40,314.69,80,IBM
2025-11-11,9:38:41.901413549,T,313.87,40,314.37,120,IBM
2025-11-11,9:38:41.901824493,T,313.87,40,314.37,160,IBM
2025-11-11,9:38:41.903247940,T,313.76,40,314.37,160,IBM
2025-11-11,9:38:41.903413328,T,313.95,40,314.37,160,IBM
2025-11-11,9:38:41.918248572,T,313.76,40,314.37,160,IBM
2025-11-11,9:38:43.398232074,T,313.76,40,314.37,120,IBM
2025-11-11,9:38:43.472889756,T,314.01,40,314.37,120,IBM
2025-11-11,9:38:44.174023877,T,314.01,40,314.51,40,IBM
2025-11-11,9:38:44.174084020,T,314.01,40,314.69,40,IBM
2025-11-11,9:38:44.174109125,T,314.21,40,314.69,40,IBM
2025-11-11,9:38:44.174169275,T,314.28,40,314.69,40,IBM
2025-11-11,9:38:44.174399803,T,314.28,80,314.69,40,IBM
2025-11-11,9:38:44.174830806,T,314.28,80,314.51,40,IBM
2025-11-11,9:38:44.174851199,T,314.28,80,314.51,80,IBM
2025-11-11,9:38:44.174855921,T,314.28,40,314.51,80,IBM
2025-11-11,9:38:45.389181609,T,314.01,40,314.51,80,IBM
2025-11-11,9:38:45.650263200,T,314.01,80,314.51,80,IBM
2025-11-11,9:38:45.650293183,T,314.01,80,314.51,40,IBM
2025-11-11,9:38:45.650293183,T,314.01,80,314.69,40,IBM
2025-11-11,9:38:45.650318285,T,314.31,40,314.69,40,IBM
