DATE,TIME_M,EX,BID,BIDSIZ,ASK,ASKSIZ,SYM_ROOT
2025-10-08,9:30:00.002782225,T,291.09,100,294.5,100,IBM
2025-10-08,9:30:00.006861908,T,289.6,100,294.5,100,IBM
2025-10-08,9:30:00.016083933,T,291.09,100,294.5,100,IBM
2025-10-08,9:30:00.020058370,T,289.6,100,294.5,100,IBM
2025-10-08,9:30:00.883328827,T,291.09,100,294.5,100,IBM
2025-10-08,9:30:00.887368522,T,289.6,100,294.5,100,IBM
2025-10-08,9:30:01.076233136,T,291.09,100,294.5,100,IBM
2025-10-08,9:30:01.186345284,T,291.09,100,294.4,100,IBM
2025-10-08,9:30:01.224120203,T,291.09,100,294.5,100,IBM
2025-10-08,9:30:01.889489248,T,291.09,100,294.5,200,IBM
2025-10-08,9:30:02.023052236,T,291.09,100,294.39,100,IBM
2025-10-08,9:30:02.043049752,T,291.09,100,294.5,200,IBM
2025-10-08,9:30:02.146400849,T,290.96,100,294.5,200,IBM
2025-10-08,9:30:02.179584837,T,291.09,100,294.5,200,IBM
2025-10-08,9:30:02.687859864,T,291.51,100,294.5,200,IBM
2025-10-08,9:30:04.144737978,T,290.96,100,294.5,200,IBM
2025-10-08,9:30:04.144742991,T,290.96,100,294.11,100,IBM
2025-10-08,9:30:04.144763027,T,290.96,100,293.75,100,IBM
2025-10-08,9:30:04.164755602,T,290.96,100,293.86,100,IBM
2025-10-08,9:30:04.176358263,T,290.96,100,294.08,100,IBM
2025-10-08,9:30:04.765836571,T,290.96,100,294.09,100,IBM
2025-10-08,9:30:04.950716710,T,290.66,100,294.09,100,IBM
2025-10-08,9:30:05.025775434,T,290.2,100,294.09,100,IBM
2025-10-08,9:30:05.145154733,T,291.51,100,294.09,100,IBM
2025-10-08,9:30:05.585688578,T,291.51,100,294.5,300,IBM
2025-10-08,9:30:05.948607660,T,291.51,100,294.5,400,IBM
2025-10-08,9:30:07.005654057,T,291.51,100,294.5,300,IBM
2025-10-08,9:30:07.419910204,T,293.44,100,294.5,300,IBM
2025-10-08,9:30:09.143282929,T,291.51,100,294.5,300,IBM
2025-10-08,9:30:09.697396996,T,293.44,100,294.5,300,IBM
2025-10-08,9:30:11.085561763,T,293.44,100,294.5,200,IBM
2025-10-08,9:30:11.175761545,T,293.44,200,294.5,200,IBM
2025-10-08,9:30:13.358082228,T,293.67,100,294.5,200,IBM
2025-10-08,9:30:13.358999352,T,293.67,200,294.5,200,IBM
2025-10-08,9:30:13.378079826,T,293.67,100,294.5,200,IBM
2025-10-08,9:30:17.003069662,T,293.94,100,294.5,200,IBM
2025-10-08,9:30:19.004023161,T,291.51,100,294.5,200,IBM
2025-10-08,9:30:19.004048289,T,291.51,100,293.95,100,IBM
2025-10-08,9:30:19.004133439,T,291.51,100,294.35,100,IBM
2025-10-08,9:30:19.005085708,T,291.51,100,294.38,100,IBM
2025-10-08,9:30:19.009476169,T,293.13,100,294.38,100,IBM
2025-10-08,9:30:19.024045923,T,293.13,100,294.5,200,IBM
2025-10-08,9:30:22.117014448,T,293.0,100,294.5,200,IBM
2025-10-08,9:30:22.427142759,T,293.69,100,294.5,200,IBM
2025-10-08,9:30:22.428125087,T,293.69,200,294.5,200,IBM
2025-10-08,9:30:22.539440160,T,293.69,100,294.5,200,IBM
2025-10-08,9:30:24.255129592,T,293.0,100,294.5,200,IBM
2025-10-08,9:30:29.696493900,T,293.0,200,294.5,200,IBM
2025-10-08,9:30:30.012676628,T,293.09,100,294.5,200,IBM
2025-10-08,9:30:30.034097641,T,293.0,200,294.5,200,IBM
2025-10-08,9:30:30.517403434,T,293.09,100,294.5,200,IBM
2025-10-08,9:30:30.525106693,T,293.0,200,294.5,200,IBM
2025-10-08,9:30:31.019498657,T,293.09,100,294.5,200,IBM
2025-10-08,9:30:31.027211950,T,293.0,200,294.5,200,IBM
2025-10-08,9:30:31.524586014,T,293.09,100,294.5,200,IBM
2025-10-08,9:30:31.532314450,T,293.0,200,294.5,200,IBM
2025-10-08,9:30:32.031753399,T,293.09,100,294.5,200,IBM
2025-10-08,9:30:32.039481809,T,293.0,200,294.5,200,IBM
2025-10-08,9:30:32.532971744,T,293.09,100,294.5,200,IBM
2025-10-08,9:30:32.540614802,T,293.0,200,294.5,200,IBM
2025-10-08,9:30:33.087817601,T,293.09,100,294.5,200,IBM
2025-10-08,9:30:33.095691295,T,293.0,200,294.5,200,IBM
2025-10-08,9:30:34.758495106,T,293.09,100,294.5,200,IBM
2025-10-08,9:30:34.766353748,T,293.0,200,294.5,200,IBM
2025-10-08,9:30:36.422386192,T,293.09,100,294.5,200,IBM
2025-10-08,9:30:36.430214884,T,293.0,200,294.5,200,IBM
2025-10-08,9:30:38.094411850,T,293.09,100,294.5,200,IBM
2025-10-08,9:30:38.102370860,T,293.0,200,294.5,200,IBM
2025-10-08,9:30:39.761545962,T,293.09,100,294.5,200,IBM
2025-10-08,9:30:39.769479931,T,293.0,200,294.5,200,IBM
2025-10-08,9:30:39.769695406,T,293.0,300,294.5,200,IBM
2025-10-08,9:30:41.424594990,T,293.09,100,294.5,200,IBM
2025-10-08,9:30:41.432573938,T,293.0,200,294.5,200,IBM
2025-10-08,9:30:43.097156802,T,293.09,100,294.5,200,IBM
2025-10-08,9:30:43.105060587,T,293.0,200,294.5,200,IBM
2025-10-08,9:30:44.760391430,T,293.09,100,294.5,200,IBM
2025-10-08,9:30:44.768385406,T,293.0,200,294.5,200,IBM
2025-10-08,9:30:45.681078352,T,293.0,300,294.5,200,IBM
2025-10-08,9:30:46.431770550,T,293.09,100,294.5,200,IBM
2025-10-08,9:30:46.432397057,T,293.09,100,294.24,100,IBM
2025-10-08,9:30:46.432412112,T,293.09,100,294.23,100,IBM
2025-10-08,9:30:46.433113783,T,293.0,200,294.23,100,IBM
2025-10-08,9:30:46.441157953,T,293.0,200,294.5,200,IBM
2025-10-08,9:30:48.099791778,T,293.09,100,294.5,200,IBM
2025-10-08,9:30:48.107840849,T,293.0,200,294.5,200,IBM
2025-10-08,9:30:49.768639666,T,293.09,100,294.5,200,IBM
2025-10-08,9:30:49.776693823,T,293.0,200,294.5,200,IBM
2025-10-08,9:30:51.435508015,T,293.09,100,294.5,200,IBM
2025-10-08,9:30:51.443717495,T,293.0,200,294.5,200,IBM
2025-10-08,9:30:53.102270909,T,293.09,100,294.5,200,IBM
2025-10-08,9:30:53.110430328,T,293.0,200,294.5,200,IBM
2025-10-08,9:30:54.772151334,T,293.09,100,294.5,200,IBM
2025-10-08,9:30:54.780190457,T,293.0,200,294.5,200,IBM
2025-10-08,9:30:55.314081498,T,293.0,200,294.5,300,IBM
2025-10-08,9:30:55.321143343,T,293.0,200,294.35,100,IBM
2025-10-08,9:30:55.321594351,T,293.0,200,294.12,100,IBM
2025-10-08,9:30:55.331984096,T,293.0,200,294.49,100,IBM
2025-10-08,9:30:55.332004193,T,293.0,200,294.5,200,IBM
2025-10-08,9:30:55.332054220,T,293.59,100,294.5,200,IBM
2025-10-08,9:30:55.332064356,T,293.68,100,294.5,200,IBM
2025-10-08,9:30:55.332224688,T,293.68,100,294.34,100,IBM
2025-10-08,9:30:55.332986576,T,293.68,200,294.34,100,IBM
2025-10-08,9:30:55.407684310,T,293.68,200,294.35,100,IBM
2025-10-08,9:30:55.407684310,T,293.68,200,294.5,300,IBM
2025-10-08,9:30:55.407714355,T,293.68,200,294.5,200,IBM
2025-10-08,9:30:55.408050143,T,293.68,100,294.5,200,IBM
2025-10-08,9:30:55.408927338,T,293.68,100,294.34,100,IBM
2025-10-08,9:30:55.408977384,T,293.68,100,294.5,200,IBM
2025-10-08,9:30:59.697917953,T,293.68,200,294.5,200,IBM
2025-10-08,9:31:03.572587665,T,293.68,100,294.5,200,IBM
2025-10-08,9:31:05.740453613,T,293.68,100,294.4,100,IBM
2025-10-08,9:31:05.740563783,T,293.69,100,294.4,100,IBM
2025-10-08,9:31:05.740654020,T,293.69,100,294.5,200,IBM
2025-10-08,9:31:05.742919454,T,293.68,100,294.5,200,IBM
2025-10-08,9:31:09.876269516,T,293.19,200,294.5,200,IBM
2025-10-08,9:31:09.876800848,T,293.19,200,294.5,300,IBM
2025-10-08,9:31:10.080936900,T,293.19,200,294.5,200,IBM
2025-10-08,9:31:10.080946815,T,293.19,300,294.5,200,IBM
2025-10-08,9:31:10.318788017,T,293.4,100,294.5,200,IBM
2025-10-08,9:31:10.319083770,T,293.41,100,294.5,200,IBM
2025-10-08,9:31:21.565542992,T,293.42,100,294.5,200,IBM
2025-10-08,9:31:21.567482623,T,293.42,200,294.5,200,IBM
2025-10-08,9:31:24.773324828,T,293.42,100,294.5,200,IBM
2025-10-08,9:31:24.773329774,T,293.43,100,294.5,200,IBM
2025-10-08,9:31:24.773575351,T,293.43,200,294.5,200,IBM
2025-10-08,9:31:26.149521108,T,293.43,300,294.5,200,IBM
2025-10-08,9:31:26.149551165,T,293.44,100,294.5,200,IBM
2025-10-08,9:31:26.149826916,T,293.44,200,294.5,200,IBM
2025-10-08,9:31:26.157710661,T,293.45,100,294.5,200,IBM
2025-10-08,9:31:28.295094065,T,293.45,200,294.5,200,IBM
2025-10-08,9:31:30.164986087,T,293.45,100,294.5,200,IBM
2025-10-08,9:31:30.164986087,T,293.46,100,294.5,200,IBM
2025-10-08,9:31:30.173110285,T,293.46,100,294.5,300,IBM
2025-10-08,9:31:30.490746490,T,293.45,100,294.5,300,IBM
2025-10-08,9:31:32.491504581,T,293.45,100,294.49,100,IBM
2025-10-08,9:31:32.513296416,T,293.45,100,294.5,300,IBM
2025-10-08,9:31:41.678631174,T,293.45,200,294.5,300,IBM
2025-10-08,9:31:42.250928687,T,293.45,200,294.48,100,IBM
2025-10-08,9:31:42.276083518,T,293.46,100,294.48,100,IBM
2025-10-08,9:31:42.314840813,T,293.45,200,294.48,100,IBM
2025-10-08,9:31:42.866804893,T,293.45,200,294.5,300,IBM
2025-10-08,9:31:44.016837626,T,293.45,200,294.48,100,IBM
2025-10-08,9:31:44.266983128,T,293.45,200,294.5,300,IBM
2025-10-08,9:31:45.067894998,T,293.45,100,294.5,300,IBM
2025-10-08,9:31:45.068165596,T,293.46,100,294.5,300,IBM
2025-10-08,9:31:45.104787814,T,293.45,100,294.5,300,IBM
2025-10-08,9:31:45.273750039,T,293.41,100,294.5,300,IBM
2025-10-08,9:31:45.902938044,T,293.46,100,294.5,300,IBM
2025-10-08,9:31:45.959798269,T,293.47,100,294.5,300,IBM
2025-10-08,9:31:46.142904238,T,293.46,100,294.5,300,IBM
2025-10-08,9:31:48.173132630,T,293.46,100,294.5,200,IBM
2025-10-08,9:31:49.153947533,T,293.46,100,294.35,200,IBM
2025-10-08,9:31:49.154508866,T,293.46,100,294.35,300,IBM
2025-10-08,9:31:49.205525298,T,293.46,100,294.35,200,IBM
2025-10-08,9:31:49.205530302,T,293.46,100,294.34,300,IBM
2025-10-08,9:31:49.205800950,T,293.46,100,294.34,400,IBM
2025-10-08,9:31:49.208011253,T,293.46,100,294.33,100,IBM
2025-10-08,9:31:49.209058669,T,293.46,100,294.34,500,IBM
2025-10-08,9:31:49.216270902,T,293.46,100,294.34,400,IBM
2025-10-08,9:31:49.220691464,T,293.46,100,294.34,500,IBM
2025-10-08,9:31:49.225337511,T,293.46,100,294.34,600,IBM
2025-10-08,9:31:49.254191159,T,293.46,100,294.34,500,IBM
2025-10-08,9:31:49.308064350,T,293.46,100,294.33,400,IBM
2025-10-08,9:31:49.308625769,T,293.46,100,294.33,500,IBM
2025-10-08,9:31:49.428751676,T,293.46,100,294.33,600,IBM
2025-10-08,9:31:49.428786884,T,293.46,100,294.32,400,IBM
2025-10-08,9:31:49.429353177,T,293.46,100,294.32,500,IBM
2025-10-08,9:31:53.424524582,T,293.46,100,294.32,600,IBM
2025-10-08,9:31:54.530582688,T,293.46,100,294.32,500,IBM
2025-10-08,9:31:56.062850553,T,293.47,100,294.32,500,IBM
2025-10-08,9:31:56.067441526,T,293.46,100,294.32,500,IBM
2025-10-08,9:31:56.068118118,T,293.68,100,294.32,500,IBM
2025-10-08,9:31:57.794072178,T,293.68,100,294.2,200,IBM
2025-10-08,9:31:57.968432097,T,293.68,100,294.19,100,IBM
2025-10-08,9:31:59.046734183,T,293.68,100,294.19,200,IBM
2025-10-08,9:31:59.354522026,T,293.68,100,294.19,300,IBM
2025-10-08,9:31:59.354572050,T,293.68,100,294.18,300,IBM
2025-10-08,9:31:59.355113567,T,293.68,100,294.19,200,IBM
2025-10-08,9:31:59.355113567,T,293.68,100,294.19,100,IBM
2025-10-08,9:32:01.094564539,T,293.68,100,294.19,200,IBM
2025-10-08,9:32:01.229280325,T,293.68,100,294.19,100,IBM
2025-10-08,9:32:02.641788005,T,293.33,200,294.19,100,IBM
2025-10-08,9:32:02.996607641,T,293.33,200,294.19,200,IBM
2025-10-08,9:32:03.001394041,T,293.33,200,294.18,100,IBM
2025-10-08,9:32:03.001609627,T,291.94,100,294.18,100,IBM
2025-10-08,9:32:03.001614603,T,293.12,200,294.18,100,IBM
2025-10-08,9:32:03.060469706,T,293.12,200,294.19,200,IBM
2025-10-08,9:32:03.258215461,T,293.12,200,294.19,100,IBM
2025-10-08,9:32:03.258606463,T,293.46,100,294.19,100,IBM
2025-10-08,9:32:03.442429085,T,293.46,100,294.2,200,IBM
2025-10-08,9:32:05.337335121,T,293.46,100,293.9,100,IBM
2025-10-08,9:32:11.862339423,T,293.46,100,293.9,200,IBM
2025-10-08,9:32:11.862344258,T,293.46,100,293.85,100,IBM
2025-10-08,9:32:11.862354195,T,293.12,200,293.85,100,IBM
2025-10-08,9:32:11.862384418,T,293.12,200,293.84,100,IBM
2025-10-08,9:32:11.862394311,T,293.12,200,293.78,100,IBM
2025-10-08,9:32:11.862649968,T,293.12,200,293.67,100,IBM
2025-10-08,9:32:11.862850484,T,293.12,200,293.65,100,IBM
2025-10-08,9:32:11.862865542,T,293.12,200,293.67,100,IBM
2025-10-08,9:32:11.863206294,T,293.12,200,293.66,100,IBM
2025-10-08,9:32:11.863246355,T,293.12,200,293.61,100,IBM
2025-10-08,9:32:11.863261417,T,293.12,200,293.62,100,IBM
2025-10-08,9:32:11.863261417,T,293.12,200,293.66,100,IBM
2025-10-08,9:32:11.863286458,T,293.12,200,293.63,100,IBM
2025-10-08,9:32:11.863406809,T,293.12,200,293.66,100,IBM
2025-10-08,9:32:11.863487116,T,291.94,100,293.66,100,IBM
2025-10-08,9:32:11.863487116,T,292.95,200,293.66,100,IBM
2025-10-08,9:32:11.863652643,T,293.0,100,293.66,100,IBM
2025-10-08,9:32:11.864193620,T,293.0,100,293.85,300,IBM
2025-10-08,9:32:11.864223685,T,293.0,100,293.61,100,IBM
2025-10-08,9:32:11.865161019,T,293.0,100,293.85,300,IBM
2025-10-08,9:32:11.865772404,T,293.0,100,293.61,100,IBM
2025-10-08,9:32:11.865852598,T,293.01,100,293.61,100,IBM
2025-10-08,9:32:11.866007969,T,293.0,100,293.61,100,IBM
2025-10-08,9:32:11.866173347,T,293.0,100,293.85,200,IBM
2025-10-08,9:32:11.866288735,T,293.01,100,293.85,200,IBM
2025-10-08,9:32:11.866294022,T,293.01,100,293.84,300,IBM
2025-10-08,9:32:11.873049679,T,293.0,100,293.84,300,IBM
2025-10-08,9:32:11.949471612,T,293.0,100,293.83,300,IBM
2025-10-08,9:32:11.949677162,T,293.0,100,293.83,400,IBM
2025-10-08,9:32:12.051875563,T,292.95,200,293.83,400,IBM
2025-10-08,9:32:12.097008216,T,292.95,200,293.83,300,IBM
2025-10-08,9:32:12.097008216,T,292.95,200,293.82,400,IBM
2025-10-08,9:32:12.097263505,T,292.95,200,293.82,500,IBM
2025-10-08,9:32:12.119711981,T,292.95,200,293.82,100,IBM
2025-10-08,9:32:12.125851663,T,292.95,200,293.81,100,IBM
2025-10-08,9:32:12.125907083,T,292.95,200,293.82,100,IBM
2025-10-08,9:32:12.125911664,T,292.95,200,293.83,300,IBM
2025-10-08,9:32:12.125951854,T,292.95,200,293.82,300,IBM
2025-10-08,9:32:12.125971826,T,292.95,200,293.83,300,IBM
2025-10-08,9:32:12.128608082,T,292.95,200,293.9,200,IBM
2025-10-08,9:32:12.134121246,T,292.95,200,293.82,100,IBM
2025-10-08,9:32:12.203757060,T,292.95,200,293.81,100,IBM
2025-10-08,9:32:12.203932512,T,292.95,200,293.82,100,IBM
2025-10-08,9:32:12.206328176,T,292.95,200,293.9,200,IBM
2025-10-08,9:32:12.837255111,T,293.01,100,293.9,200,IBM
2025-10-08,9:32:12.863026572,T,293.02,100,293.9,200,IBM
2025-10-08,9:32:15.003923425,T,293.02,100,293.9,100,IBM
2025-10-08,9:32:15.003968599,T,293.02,100,293.9,200,IBM
2025-10-08,9:32:15.003993644,T,293.02,100,293.9,100,IBM
2025-10-08,9:32:15.477420583,T,293.02,100,293.9,200,IBM
2025-10-08,9:32:15.764499011,T,293.01,100,293.9,200,IBM
2025-10-08,9:32:15.764534143,T,292.95,200,293.9,200,IBM
2025-10-08,9:32:15.872756779,T,292.95,200,293.77,100,IBM
2025-10-08,9:32:15.872967308,T,292.95,200,293.77,200,IBM
2025-10-08,9:32:15.940964214,T,292.95,200,293.77,100,IBM
2025-10-08,9:32:17.504721953,T,292.95,200,293.76,100,IBM
2025-10-08,9:32:17.504782273,T,292.95,200,293.77,200,IBM
2025-10-08,9:32:17.504787197,T,292.95,200,293.77,100,IBM
2025-10-08,9:32:17.504817239,T,292.95,200,293.9,200,IBM
2025-10-08,9:32:17.963158419,T,292.95,200,294.2,200,IBM
2025-10-08,9:32:17.963198457,T,292.95,200,293.77,300,IBM
2025-10-08,9:32:17.968400882,T,292.95,200,293.77,400,IBM
2025-10-08,9:32:17.968415805,T,292.95,200,293.76,400,IBM
2025-10-08,9:32:17.973237289,T,292.95,200,293.77,300,IBM
2025-10-08,9:32:18.013553313,T,292.95,200,293.76,400,IBM
2025-10-08,9:32:18.045058414,T,292.95,200,293.77,300,IBM
2025-10-08,9:32:18.972927310,T,292.95,200,293.76,400,IBM
2025-10-08,9:32:18.973007537,T,292.95,200,293.75,400,IBM
2025-10-08,9:32:18.973904607,T,291.94,100,293.75,400,IBM
2025-10-08,9:32:18.973914572,T,292.77,200,293.75,400,IBM
2025-10-08,9:32:20.797957085,T,292.77,200,293.74,400,IBM
2025-10-08,9:32:21.899554604,T,292.77,200,293.73,100,IBM
2025-10-08,9:32:23.635913387,T,292.77,200,293.72,100,IBM
2025-10-08,9:32:25.267983731,T,292.77,200,293.71,100,IBM
2025-10-08,9:32:26.926462061,T,292.77,200,293.71,300,IBM
2025-10-08,9:32:27.631069502,T,292.77,200,293.7,100,IBM
2025-10-08,9:32:28.421085331,T,292.77,200,293.71,300,IBM
2025-10-08,9:32:28.576785964,T,292.77,200,293.71,100,IBM
2025-10-08,9:32:28.646948052,T,292.77,200,293.77,300,IBM
2025-10-08,9:32:29.837487646,T,293.02,100,293.77,300,IBM
2025-10-08,9:32:29.837537618,T,292.77,200,293.77,300,IBM
2025-10-08,9:32:29.837652794,T,292.77,300,293.77,300,IBM
2025-10-08,9:32:29.837918349,T,292.77,100,293.77,300,IBM
2025-10-08,9:32:29.837923320,T,292.92,200,293.77,300,IBM
2025-10-08,9:32:29.837948471,T,292.92,300,293.77,300,IBM
2025-10-08,9:32:29.838003505,T,292.92,200,293.77,300,IBM
2025-10-08,9:32:29.977089763,T,292.92,200,293.77,400,IBM
2025-10-08,9:32:31.387412197,T,292.92,200,293.73,100,IBM
2025-10-08,9:32:32.645542484,T,292.92,200,293.72,100,IBM
2025-10-08,9:32:32.645587637,T,292.92,200,293.73,200,IBM
2025-10-08,9:32:32.645587637,T,292.92,200,293.73,100,IBM
2025-10-08,9:32:38.803502781,T,292.92,200,293.72,100,IBM
2025-10-08,9:32:38.812298640,T,293.0,100,293.72,100,IBM
2025-10-08,9:32:38.854734677,T,293.0,100,293.73,100,IBM
2025-10-08,9:32:39.057662869,T,293.0,100,293.57,100,IBM
2025-10-08,9:32:42.145478854,T,292.92,200,293.57,100,IBM
2025-10-08,9:32:44.427241031,T,292.92,200,293.56,100,IBM
2025-10-08,9:32:44.427301153,T,292.92,200,293.57,200,IBM
2025-10-08,9:32:44.427301153,T,292.92,200,293.57,100,IBM
2025-10-08,9:32:46.399371033,T,292.92,200,293.57,200,IBM
2025-10-08,9:32:46.399797132,T,293.01,100,293.57,200,IBM
2025-10-08,9:32:46.399802115,T,293.01,100,293.57,100,IBM
2025-10-08,9:32:46.400288221,T,292.92,200,293.57,100,IBM
2025-10-08,9:32:46.400303275,T,293.01,100,293.57,100,IBM
2025-10-08,9:32:46.400328410,T,293.0,100,293.57,100,IBM
2025-10-08,9:32:46.400333359,T,292.92,200,293.57,100,IBM
2025-10-08,9:32:46.400418597,T,292.92,200,293.56,100,IBM
2025-10-08,9:32:46.400458709,T,292.92,200,293.57,200,IBM
2025-10-08,9:32:46.400458709,T,292.92,200,293.57,100,IBM
2025-10-08,9:32:58.438307247,T,292.92,200,293.73,100,IBM
2025-10-08,9:32:58.438307247,T,293.0,100,293.73,100,IBM
2025-10-08,9:32:58.438317136,T,293.11,100,293.73,100,IBM
2025-10-08,9:32:58.438322432,T,293.56,100,293.73,100,IBM
2025-10-08,9:32:58.438903470,T,293.29,100,293.73,100,IBM
2025-10-08,9:32:58.438923482,T,293.07,200,293.73,100,IBM
2025-10-08,9:32:58.438973661,T,293.1,100,293.73,100,IBM
2025-10-08,9:32:58.439018765,T,293.39,100,293.73,100,IBM
2025-10-08,9:32:58.439514947,T,293.4,100,293.73,100,IBM
2025-10-08,9:32:58.439705395,T,293.41,100,293.73,100,IBM
2025-10-08,9:32:58.439720441,T,293.4,100,293.73,100,IBM
2025-10-08,9:32:58.440457287,T,293.39,100,293.73,100,IBM
2025-10-08,9:32:58.440742982,T,293.38,100,293.73,100,IBM
2025-10-08,9:32:58.440838167,T,293.11,100,293.73,100,IBM
2025-10-08,9:32:58.441209021,T,293.07,200,293.73,100,IBM
2025-10-08,9:33:03.565042157,T,293.07,200,294.02,200,IBM
2025-10-08,9:33:03.565553662,T,293.11,100,294.02,200,IBM
2025-10-08,9:33:03.565583409,T,293.43,100,294.02,200,IBM
2025-10-08,9:33:03.565823982,T,293.43,200,294.02,200,IBM
2025-10-08,9:33:03.566530761,T,293.49,100,294.02,200,IBM
2025-10-08,9:33:03.566540660,T,293.43,200,294.02,200,IBM
2025-10-08,9:33:03.566580852,T,293.48,100,294.02,200,IBM
2025-10-08,9:33:03.566796373,T,293.43,200,294.02,200,IBM
2025-10-08,9:33:03.570961185,T,293.43,100,294.02,200,IBM
2025-10-08,9:33:03.585951866,T,293.1,100,294.02,200,IBM
2025-10-08,9:33:03.611748335,T,293.07,200,294.02,200,IBM
2025-10-08,9:33:08.729316869,T,293.1,100,294.02,200,IBM
2025-10-08,9:33:10.438014672,T,293.27,100,294.02,200,IBM
2025-10-08,9:33:10.438099864,T,293.57,100,294.02,200,IBM
2025-10-08,9:33:10.438124923,T,293.58,100,294.02,200,IBM
2025-10-08,9:33:10.440515594,T,293.58,100,294.5,200,IBM
2025-10-08,9:33:10.440525609,T,293.58,100,294.19,200,IBM
2025-10-08,9:33:10.441733605,T,293.27,100,294.19,200,IBM
2025-10-08,9:33:10.445552551,T,293.1,100,294.19,200,IBM
2025-10-08,9:33:10.452554308,T,293.27,100,294.19,200,IBM
2025-10-08,9:33:10.452564262,T,293.58,100,294.19,200,IBM
2025-10-08,9:33:10.452594366,T,293.27,100,294.19,200,IBM
2025-10-08,9:33:10.452774751,T,293.58,100,294.19,200,IBM
2025-10-08,9:33:10.468201506,T,293.1,100,294.19,200,IBM
2025-10-08,9:33:10.544297721,T,293.27,100,294.19,200,IBM
2025-10-08,9:33:12.039898182,T,293.1,100,294.19,200,IBM
2025-10-08,9:33:12.990651678,T,293.57,100,294.19,200,IBM
2025-10-08,9:33:18.215876439,T,293.28,200,294.19,200,IBM
2025-10-08,9:33:20.474603940,T,293.28,200,294.19,300,IBM
2025-10-08,9:33:21.264724709,T,293.28,300,294.19,300,IBM
2025-10-08,9:33:21.788962775,T,293.28,300,294.06,100,IBM
2025-10-08,9:33:21.788972793,T,293.28,300,294.01,100,IBM
2025-10-08,9:33:21.788992791,T,293.28,200,294.01,100,IBM
2025-10-08,9:33:21.789970164,T,293.28,200,294.06,100,IBM
2025-10-08,9:33:21.835157751,T,293.28,200,294.19,300,IBM
2025-10-08,9:33:21.889712598,T,293.28,200,294.01,100,IBM
2025-10-08,9:33:21.889762737,T,293.28,200,293.99,100,IBM
2025-10-08,9:33:21.890329087,T,293.28,200,293.82,100,IBM
2025-10-08,9:33:21.890584719,T,293.1,100,293.82,100,IBM
2025-10-08,9:33:21.890885444,T,293.1,100,293.99,100,IBM
2025-10-08,9:33:21.891035723,T,293.28,100,293.99,100,IBM
2025-10-08,9:33:21.900002044,T,293.28,100,294.0,100,IBM
2025-10-08,9:33:22.503488835,T,293.28,100,294.0,200,IBM
2025-10-08,9:33:23.245810967,T,293.28,100,293.97,100,IBM
2025-10-08,9:33:23.246267130,T,293.28,100,294.0,200,IBM
2025-10-08,9:33:23.838948188,T,293.28,100,293.96,100,IBM
2025-10-08,9:33:27.149730109,T,293.28,100,293.96,200,IBM
2025-10-08,9:33:27.149945668,T,293.28,100,293.96,300,IBM
2025-10-08,9:33:27.842394129,T,293.28,100,293.96,200,IBM
2025-10-08,9:33:27.842689737,T,293.28,100,293.95,100,IBM
2025-10-08,9:33:27.842905309,T,293.28,100,293.95,200,IBM
2025-10-08,9:33:28.092669977,T,293.28,100,293.95,100,IBM
2025-10-08,9:33:28.672565603,T,293.28,100,293.95,200,IBM
2025-10-08,9:33:31.046572639,T,293.28,100,293.95,100,IBM
2025-10-08,9:33:32.439583558,T,293.28,100,293.94,100,IBM
2025-10-08,9:33:32.499852005,T,293.28,100,293.93,100,IBM
2025-10-08,9:33:32.500558708,T,293.28,100,293.9,100,IBM
2025-10-08,9:33:32.500578659,T,293.28,100,293.93,100,IBM
2025-10-08,9:33:32.500774184,T,293.28,100,293.9,100,IBM
2025-10-08,9:33:32.560030233,T,293.28,100,293.93,100,IBM
2025-10-08,9:33:32.588653400,T,293.28,100,293.94,100,IBM
2025-10-08,9:33:34.146747852,T,293.28,100,293.89,300,IBM
2025-10-08,9:33:34.146958443,T,293.28,100,293.89,400,IBM
2025-10-08,9:33:35.243288392,T,293.28,100,293.89,300,IBM
2025-10-08,9:33:35.588805888,T,293.28,100,293.89,400,IBM
2025-10-08,9:33:35.819485091,T,293.28,100,293.89,300,IBM
2025-10-08,9:33:35.820031728,T,293.28,100,293.89,400,IBM
2025-10-08,9:33:36.366527386,T,293.28,100,293.89,300,IBM
2025-10-08,9:33:36.367209130,T,293.28,100,293.89,400,IBM
2025-10-08,9:33:38.990038498,T,293.28,100,293.88,100,IBM
2025-10-08,9:33:38.990113459,T,293.27,100,293.88,100,IBM
2025-10-08,9:33:38.990138554,T,293.1,100,293.88,100,IBM
2025-10-08,9:33:38.990138554,T,293.08,200,293.88,100,IBM
2025-10-08,9:33:38.990163932,T,293.08,200,293.63,100,IBM
2025-10-08,9:33:38.990188653,T,293.08,200,293.62,100,IBM
2025-10-08,9:33:38.990318931,T,292.47,100,293.62,100,IBM
2025-10-08,9:33:38.990329025,T,292.83,200,293.62,100,IBM
2025-10-08,9:33:38.990509566,T,292.83,200,293.59,100,IBM
2025-10-08,9:33:38.990554559,T,292.83,300,293.59,100,IBM
2025-10-08,9:33:38.990584574,T,293.0,100,293.59,100,IBM
2025-10-08,9:33:38.990584574,T,293.0,100,293.58,100,IBM
2025-10-08,9:33:38.990825171,T,293.0,100,293.58,200,IBM
2025-10-08,9:33:38.991216116,T,293.0,100,293.58,100,IBM
2025-10-08,9:33:38.991226150,T,293.0,100,293.58,200,IBM
2025-10-08,9:33:38.991241116,T,293.0,100,293.58,100,IBM
2025-10-08,9:33:38.991266302,T,293.0,100,293.59,200,IBM
2025-10-08,9:33:38.991426612,T,293.0,100,293.58,100,IBM
2025-10-08,9:33:39.001721071,T,293.0,100,293.59,100,IBM
2025-10-08,9:33:39.001746181,T,293.0,100,293.6,200,IBM
2025-10-08,9:33:39.036358527,T,293.0,100,293.6,100,IBM
2025-10-08,9:33:39.112269275,T,293.0,100,293.6,200,IBM
2025-10-08,9:33:39.587676015,T,293.0,100,293.6,600,IBM
2025-10-08,9:33:39.855473631,T,293.0,100,293.6,500,IBM
2025-10-08,9:33:43.456220713,T,293.0,300,293.6,500,IBM
2025-10-08,9:33:43.806740211,T,293.0,300,293.6,400,IBM
2025-10-08,9:33:44.553758650,T,293.0,100,293.6,400,IBM
2025-10-08,9:33:44.870883784,T,292.83,200,293.6,400,IBM
2025-10-08,9:33:45.023462035,T,293.0,100,293.6,400,IBM
2025-10-08,9:33:46.986409960,T,293.0,100,293.59,100,IBM
2025-10-08,9:33:47.542879750,T,293.02,100,293.59,100,IBM
2025-10-08,9:33:47.543340845,T,293.0,100,293.59,100,IBM
2025-10-08,9:33:47.548828968,T,293.0,100,293.45,100,IBM
2025-10-08,9:33:47.734250432,T,293.0,100,293.44,100,IBM
2025-10-08,9:33:47.734275453,T,293.0,100,293.45,100,IBM
2025-10-08,9:33:49.464700044,T,293.0,100,293.44,100,IBM
2025-10-08,9:33:49.465070882,T,293.0,100,293.3,100,IBM
2025-10-08,9:33:49.465341530,T,293.0,100,293.31,100,IBM
2025-10-08,9:33:49.465852789,T,293.0,100,293.29,100,IBM
2025-10-08,9:33:49.466128411,T,293.0,100,293.31,100,IBM
2025-10-08,9:33:49.491483830,T,293.0,100,293.31,600,IBM
2025-10-08,9:33:49.494906925,T,293.0,100,293.31,500,IBM
2025-10-08,9:33:50.623298244,T,292.64,200,293.31,500,IBM
2025-10-08,9:33:50.623338429,T,292.64,200,293.29,100,IBM
2025-10-08,9:33:50.623373398,T,292.64,200,293.28,100,IBM
2025-10-08,9:33:50.623378542,T,292.64,200,293.25,100,IBM
2025-10-08,9:33:50.623388457,T,292.64,200,293.24,100,IBM
2025-10-08,9:33:50.623749293,T,292.8,100,293.24,100,IBM
2025-10-08,9:33:50.623769398,T,292.8,100,293.29,100,IBM
2025-10-08,9:33:50.623849580,T,292.8,100,293.31,500,IBM
2025-10-08,9:33:50.623864577,T,292.64,200,293.31,500,IBM
2025-10-08,9:33:50.624070087,T,292.64,200,293.15,100,IBM
2025-10-08,9:33:50.624561344,T,292.8,100,293.15,100,IBM
2025-10-08,9:33:50.630906356,T,292.8,100,293.16,100,IBM
2025-10-08,9:33:50.630906356,T,292.8,100,293.31,500,IBM
2025-10-08,9:33:50.632495109,T,292.8,100,293.15,100,IBM
2025-10-08,9:33:50.635001207,T,292.8,100,293.31,500,IBM
2025-10-08,9:33:50.648969391,T,292.8,100,293.15,100,IBM
2025-10-08,9:33:50.663534061,T,292.46,200,293.15,100,IBM
2025-10-08,9:33:50.663569113,T,292.46,200,293.08,100,IBM
2025-10-08,9:33:50.663634260,T,292.46,200,292.94,100,IBM
2025-10-08,9:33:50.663644365,T,292.46,200,292.93,100,IBM
2025-10-08,9:33:50.664701821,T,292.46,200,292.94,100,IBM
2025-10-08,9:33:50.664706827,T,292.46,200,293.08,100,IBM
2025-10-08,9:33:50.664706827,T,292.46,200,293.15,100,IBM
2025-10-08,9:33:50.794791548,T,292.73,100,293.15,100,IBM
2025-10-08,9:33:53.206948979,T,292.73,100,293.14,100,IBM
2025-10-08,9:33:53.546246747,T,292.73,100,293.14,200,IBM
2025-10-08,9:33:53.955195336,T,292.73,100,293.14,100,IBM
2025-10-08,9:33:55.108556025,T,292.73,100,293.78,200,IBM
2025-10-08,9:33:56.724001943,T,292.73,100,293.94,100,IBM
2025-10-08,9:33:56.724012006,T,292.73,100,293.56,200,IBM
2025-10-08,9:34:06.548180109,T,292.74,100,293.56,200,IBM
2025-10-08,9:34:08.300140998,T,292.74,100,293.16,100,IBM
2025-10-08,9:34:08.500658450,T,292.74,100,293.15,100,IBM
2025-10-08,9:34:08.500938980,T,292.74,100,293.16,100,IBM
2025-10-08,9:34:08.533837354,T,292.74,100,293.56,200,IBM
2025-10-08,9:34:09.177985916,T,292.74,100,293.82,100,IBM
2025-10-08,9:34:09.177985916,T,292.74,100,293.39,200,IBM
2025-10-08,9:34:09.326068417,T,292.74,100,293.15,100,IBM
2025-10-08,9:34:09.516747396,T,292.74,100,293.14,100,IBM
2025-10-08,9:34:10.022822224,T,292.74,100,293.14,700,IBM
2025-10-08,9:34:10.023213453,T,292.26,200,293.14,700,IBM
2025-10-08,9:34:10.023248320,T,292.26,200,293.06,100,IBM
2025-10-08,9:34:10.023468739,T,292.26,200,292.98,100,IBM
2025-10-08,9:34:10.023508840,T,292.26,200,292.94,100,IBM
2025-10-08,9:34:10.023599079,T,292.26,200,292.93,100,IBM
2025-10-08,9:34:10.023639204,T,292.26,200,292.86,100,IBM
2025-10-08,9:34:10.023744371,T,292.26,200,292.86,200,IBM
2025-10-08,9:34:10.024235629,T,292.26,200,292.78,100,IBM
2025-10-08,9:34:10.024255667,T,292.26,200,292.77,100,IBM
2025-10-08,9:34:10.025022504,T,292.26,200,292.68,100,IBM
2025-10-08,9:34:10.025167770,T,291.75,100,292.68,100,IBM
2025-10-08,9:34:10.025172866,T,292.07,200,292.68,100,IBM
2025-10-08,9:34:10.025804308,T,292.07,200,292.67,100,IBM
2025-10-08,9:34:10.041080640,T,292.07,200,292.68,100,IBM
2025-10-08,9:34:10.167957780,T,292.07,200,292.69,100,IBM
2025-10-08,9:34:10.167957780,T,292.07,200,292.86,100,IBM
2025-10-08,9:34:10.233543816,T,292.07,200,292.87,100,IBM
2025-10-08,9:34:10.305916184,T,292.07,200,293.14,600,IBM
2025-10-08,9:34:12.054148168,T,292.07,200,293.39,200,IBM
2025-10-08,9:34:12.068051258,T,292.28,100,293.39,200,IBM
2025-10-08,9:34:13.385172155,T,292.29,100,293.39,200,IBM
2025-10-08,9:34:13.420847132,T,292.28,100,293.39,200,IBM
2025-10-08,9:34:14.095247615,T,292.07,200,293.39,200,IBM
2025-10-08,9:34:14.367475670,T,292.07,200,293.51,100,IBM
2025-10-08,9:34:14.367480686,T,292.07,200,293.18,200,IBM
2025-10-08,9:34:14.582031402,T,292.28,100,293.18,200,IBM
2025-10-08,9:34:14.774334164,T,292.29,100,293.18,200,IBM
2025-10-08,9:34:14.946990272,T,292.28,100,293.18,200,IBM
2025-10-08,9:34:15.411601478,T,292.28,100,292.66,100,IBM
2025-10-08,9:34:15.411646458,T,292.28,100,292.65,100,IBM
2025-10-08,9:34:15.416267483,T,292.28,100,292.66,100,IBM
2025-10-08,9:34:15.416317586,T,292.28,100,292.67,100,IBM
2025-10-08,9:34:15.416608322,T,292.28,100,293.18,200,IBM
2025-10-08,9:34:15.418222140,T,292.28,100,292.66,100,IBM
2025-10-08,9:34:15.421625207,T,292.28,100,293.18,200,IBM
2025-10-08,9:34:15.593539542,T,292.07,200,293.18,200,IBM
2025-10-08,9:34:15.593554560,T,292.07,200,293.12,100,IBM
2025-10-08,9:34:15.593559634,T,292.07,200,293.18,200,IBM
2025-10-08,9:34:15.593559634,T,292.07,200,292.67,100,IBM
2025-10-08,9:34:15.593599652,T,292.07,200,292.48,100,IBM
2025-10-08,9:34:15.593609753,T,292.07,200,292.48,200,IBM
2025-10-08,9:34:15.593644906,T,292.07,200,292.46,100,IBM
2025-10-08,9:34:15.593659877,T,292.11,100,292.46,100,IBM
2025-10-08,9:34:15.594552009,T,292.1,100,292.46,100,IBM
2025-10-08,9:34:15.594552009,T,291.89,200,292.46,100,IBM
2025-10-08,9:34:15.595484112,T,292.11,100,292.46,100,IBM
2025-10-08,9:34:15.604410380,T,292.11,100,292.48,100,IBM
2025-10-08,9:34:15.614028344,T,292.11,100,293.18,200,IBM
2025-10-08,9:34:15.628843792,T,292.11,100,292.66,100,IBM
2025-10-08,9:34:17.646953204,T,292.11,100,293.18,200,IBM
2025-10-08,9:34:19.167192276,T,292.11,100,292.51,100,IBM
2025-10-08,9:34:19.707603769,T,292.11,100,292.45,200,IBM
2025-10-08,9:34:20.833925214,T,292.12,100,292.45,200,IBM
2025-10-08,9:34:21.611230784,T,291.89,200,292.45,200,IBM
2025-10-08,9:34:21.739626442,T,291.89,200,292.45,300,IBM
2025-10-08,9:34:21.739997453,T,291.89,200,292.44,100,IBM
2025-10-08,9:34:21.739997453,T,291.89,200,292.45,200,IBM
2025-10-08,9:34:21.740072489,T,291.89,200,292.38,100,IBM
2025-10-08,9:34:21.740087624,T,291.89,200,292.45,200,IBM
2025-10-08,9:34:21.740207921,T,292.11,100,292.45,200,IBM
2025-10-08,9:34:22.950925526,T,292.11,100,292.51,100,IBM
2025-10-08,9:34:22.950975286,T,292.11,100,292.36,200,IBM
2025-10-08,9:34:23.536674699,T,291.89,200,292.36,200,IBM
2025-10-08,9:34:23.536719914,T,291.89,200,292.36,300,IBM
2025-10-08,9:34:23.536935410,T,291.89,200,292.36,200,IBM
2025-10-08,9:34:23.536945349,T,291.3,100,292.36,200,IBM
2025-10-08,9:34:23.536955378,T,291.69,200,292.36,200,IBM
2025-10-08,9:34:23.537276293,T,291.69,200,292.35,100,IBM
2025-10-08,9:34:23.537496681,T,292.0,100,292.35,100,IBM
2025-10-08,9:34:23.537511753,T,292.0,200,292.35,100,IBM
2025-10-08,9:34:23.557013161,T,292.0,200,292.36,200,IBM
2025-10-08,9:34:23.820229764,T,292.0,300,292.36,200,IBM
2025-10-08,9:34:23.830379023,T,292.0,200,292.36,200,IBM
2025-10-08,9:34:23.830379023,T,292.0,100,292.36,200,IBM
2025-10-08,9:34:23.830383912,T,291.69,200,292.36,200,IBM
2025-10-08,9:34:23.830424033,T,291.69,200,292.28,100,IBM
2025-10-08,9:34:23.830910183,T,291.69,300,292.28,100,IBM
2025-10-08,9:34:23.830995447,T,291.69,100,292.28,100,IBM
2025-10-08,9:34:23.831190834,T,291.69,100,292.03,100,IBM
2025-10-08,9:34:23.831291083,T,291.69,100,292.02,100,IBM
2025-10-08,9:34:23.831316227,T,291.69,100,292.28,100,IBM
2025-10-08,9:34:23.831346288,T,291.69,100,292.03,100,IBM
2025-10-08,9:34:23.831356377,T,291.69,100,292.02,100,IBM
2025-10-08,9:34:23.831381311,T,291.69,100,292.28,100,IBM
2025-10-08,9:34:23.831411435,T,291.69,100,292.02,100,IBM
2025-10-08,9:34:23.831436501,T,291.69,100,292.03,100,IBM
2025-10-08,9:34:23.831461505,T,291.69,100,292.02,100,IBM
2025-10-08,9:34:23.831486583,T,291.69,100,292.03,100,IBM
2025-10-08,9:34:23.831516659,T,291.69,100,292.02,100,IBM
2025-10-08,9:34:23.831536741,T,291.69,100,292.03,100,IBM
2025-10-08,9:34:23.831591812,T,291.69,100,292.36,200,IBM
2025-10-08,9:34:23.831601875,T,291.69,100,292.03,100,IBM
2025-10-08,9:34:23.831742143,T,291.69,100,292.36,200,IBM
2025-10-08,9:34:23.831762240,T,291.69,100,292.05,100,IBM
2025-10-08,9:34:23.831807303,T,291.69,100,292.06,100,IBM
2025-10-08,9:34:23.831807303,T,291.69,100,292.36,200,IBM
2025-10-08,9:34:23.832343621,T,291.85,100,292.36,200,IBM
2025-10-08,9:34:23.832368660,T,292.01,100,292.36,200,IBM
2025-10-08,9:34:23.832489012,T,292.02,100,292.36,200,IBM
2025-10-08,9:34:23.832669440,T,292.02,100,292.36,400,IBM
2025-10-08,9:34:23.832764676,T,292.02,100,292.35,100,IBM
2025-10-08,9:34:23.931183984,T,292.02,100,292.36,200,IBM
2025-10-08,9:34:23.979559081,T,292.02,200,292.36,200,IBM
2025-10-08,9:34:24.194496008,T,292.02,200,292.51,100,IBM
2025-10-08,9:34:24.194781572,T,292.02,200,292.46,100,IBM
2025-10-08,9:34:24.194836647,T,292.02,200,292.51,100,IBM
2025-10-08,9:34:25.062236672,T,292.02,200,292.95,200,IBM
2025-10-08,9:34:30.601869977,T,292.02,200,293.12,100,IBM
2025-10-08,9:34:30.601875006,T,292.02,200,292.75,200,IBM
2025-10-08,9:34:34.307381459,T,292.03,300,292.75,200,IBM
2025-10-08,9:34:34.307406522,T,292.03,400,292.75,200,IBM
2025-10-08,9:34:34.307446498,T,292.03,100,292.75,200,IBM
2025-10-08,9:34:37.662473790,T,292.03,200,292.75,200,IBM
2025-10-08,9:34:37.662573997,T,292.03,100,292.75,200,IBM
2025-10-08,9:34:37.662599029,T,292.04,100,292.75,200,IBM
2025-10-08,9:34:37.662634093,T,292.04,200,292.75,200,IBM
2025-10-08,9:34:37.662864660,T,292.04,100,292.75,200,IBM
2025-10-08,9:34:37.663030102,T,292.05,100,292.75,200,IBM
2025-10-08,9:34:37.663125263,T,292.2,100,292.75,200,IBM
2025-10-08,9:34:37.663165510,T,292.21,100,292.75,200,IBM
2025-10-08,9:34:37.663185515,T,292.2,100,292.75,200,IBM
2025-10-08,9:34:37.663185515,T,292.19,100,292.75,200,IBM
2025-10-08,9:34:37.663370902,T,292.05,100,292.75,200,IBM
2025-10-08,9:34:37.673104022,T,292.1,100,292.75,200,IBM
2025-10-08,9:34:37.677785163,T,292.23,100,292.75,200,IBM
2025-10-08,9:34:37.677875400,T,292.23,100,292.62,100,IBM
2025-10-08,9:34:37.678055831,T,292.23,200,292.62,100,IBM
2025-10-08,9:34:37.678101243,T,292.23,200,292.75,200,IBM
2025-10-08,9:34:37.678146004,T,292.23,200,292.62,100,IBM
2025-10-08,9:34:37.678306558,T,292.23,200,292.75,200,IBM
2025-10-08,9:34:37.678316521,T,292.23,200,293.12,100,IBM
2025-10-08,9:34:37.678321826,T,292.23,200,292.94,200,IBM
2025-10-08,9:34:37.678622157,T,292.34,100,292.94,200,IBM
2025-10-08,9:34:37.682200725,T,292.23,200,292.94,200,IBM
2025-10-08,9:34:37.683233129,T,292.33,100,292.94,200,IBM
2025-10-08,9:34:47.521855971,T,292.28,100,292.94,200,IBM
2025-10-08,9:34:48.208645927,T,292.43,100,292.94,200,IBM
2025-10-08,9:34:48.209062182,T,292.43,100,292.94,300,IBM
2025-10-08,9:34:48.209101979,T,292.52,100,292.94,300,IBM
2025-10-08,9:34:48.209207220,T,292.55,100,292.94,300,IBM
2025-10-08,9:34:48.209427815,T,292.55,100,292.94,100,IBM
2025-10-08,9:34:48.213828249,T,292.54,100,292.94,100,IBM
2025-10-08,9:34:48.213828249,T,292.28,100,292.94,100,IBM
2025-10-08,9:34:48.213908508,T,292.39,100,292.94,100,IBM
2025-10-08,9:34:48.214850717,T,292.54,100,292.94,100,IBM
2025-10-08,9:34:49.993269489,T,292.54,100,292.93,100,IBM
2025-10-08,9:34:50.573911840,T,292.54,100,292.92,100,IBM
2025-10-08,9:34:51.848761822,T,292.54,100,292.91,100,IBM
2025-10-08,9:34:56.599476601,T,292.54,100,292.91,200,IBM
2025-10-08,9:34:56.599496692,T,292.54,100,292.9,100,IBM
2025-10-08,9:34:56.599521723,T,292.54,100,292.9,200,IBM
2025-10-08,9:34:56.599531773,T,292.54,100,292.9,100,IBM
2025-10-08,9:34:56.909269153,T,292.54,100,292.9,200,IBM
2025-10-08,9:35:00.038027874,T,292.49,100,292.9,200,IBM
2025-10-08,9:35:00.038038010,T,292.49,100,292.89,100,IBM
2025-10-08,9:35:00.038052876,T,292.49,100,292.55,100,IBM
2025-10-08,9:35:00.038057981,T,292.49,100,292.55,200,IBM
2025-10-08,9:35:00.038078046,T,292.07,200,292.55,200,IBM
2025-10-08,9:35:00.038233432,T,292.07,200,292.54,100,IBM
2025-10-08,9:35:00.038263452,T,292.07,200,292.54,200,IBM
2025-10-08,9:35:00.038599183,T,292.07,200,292.54,100,IBM
2025-10-08,9:35:00.512642745,T,292.07,200,292.29,100,IBM
2025-10-08,9:35:00.513549877,T,291.21,100,292.29,100,IBM
2025-10-08,9:35:00.513559920,T,291.74,200,292.29,100,IBM
2025-10-08,9:35:00.916544386,T,291.74,200,292.93,100,IBM
2025-10-08,9:35:00.916544386,T,291.74,200,293.0,200,IBM
2025-10-08,9:35:00.916564531,T,292.28,100,293.0,200,IBM
2025-10-08,9:35:00.916599506,T,291.97,100,293.0,200,IBM
2025-10-08,9:35:00.916604709,T,292.02,100,293.0,200,IBM
2025-10-08,9:35:00.916624607,T,291.74,300,293.0,200,IBM
2025-10-08,9:35:00.916639622,T,291.78,100,293.0,200,IBM
2025-10-08,9:35:00.916689751,T,291.74,300,293.0,200,IBM
2025-10-08,9:35:00.916704911,T,292.11,100,293.0,200,IBM
2025-10-08,9:35:00.916870184,T,292.11,100,292.58,100,IBM
2025-10-08,9:35:00.917015456,T,291.94,200,292.58,100,IBM
2025-10-08,9:35:00.917085629,T,291.94,200,292.54,100,IBM
2025-10-08,9:35:00.917135947,T,292.1,100,292.54,100,IBM
2025-10-08,9:35:00.917406477,T,292.1,100,293.0,200,IBM
2025-10-08,9:35:00.917421447,T,292.11,100,293.0,200,IBM
2025-10-08,9:35:00.917471570,T,292.11,100,292.54,100,IBM
2025-10-08,9:35:00.917481671,T,292.1,100,292.54,100,IBM
2025-10-08,9:35:00.918539185,T,291.94,200,292.54,100,IBM
2025-10-08,9:35:00.918594273,T,292.11,100,292.54,100,IBM
2025-10-08,9:35:00.925009491,T,291.94,200,292.54,100,IBM
2025-10-08,9:35:00.926889045,T,291.94,200,293.0,200,IBM
2025-10-08,9:35:00.927249888,T,292.02,100,293.0,200,IBM
2025-10-08,9:35:00.937043279,T,291.94,200,293.0,200,IBM
2025-10-08,9:35:04.297197487,T,291.94,200,292.95,100,IBM
2025-10-08,9:35:04.303898446,T,291.94,200,293.0,200,IBM
2025-10-08,9:35:04.740793624,T,291.94,200,293.12,100,IBM
2025-10-08,9:35:04.740793624,T,291.94,200,292.83,200,IBM
2025-10-08,9:35:05.679784162,T,291.94,200,292.54,200,IBM
2025-10-08,9:35:05.938720645,T,291.94,200,292.53,100,IBM
2025-10-08,9:35:05.938740690,T,291.94,200,292.5,100,IBM
2025-10-08,9:35:05.938740690,T,291.94,200,292.53,100,IBM
2025-10-08,9:35:05.938931171,T,291.21,100,292.53,100,IBM
2025-10-08,9:35:05.938941184,T,291.75,200,292.53,100,IBM
2025-10-08,9:35:05.965649752,T,291.75,200,292.54,200,IBM
2025-10-08,9:35:05.978625722,T,291.75,200,292.54,300,IBM
2025-10-08,9:35:05.978665750,T,291.75,200,292.31,100,IBM
2025-10-08,9:35:05.978896363,T,291.75,200,292.32,100,IBM
2025-10-08,9:35:05.979202016,T,291.75,200,292.31,100,IBM
2025-10-08,9:35:05.982660271,T,291.75,200,292.54,200,IBM
2025-10-08,9:35:08.281653595,T,291.75,200,292.47,100,IBM
2025-10-08,9:35:11.316834158,T,291.75,200,292.45,100,IBM
2025-10-08,9:35:11.326667585,T,291.75,200,292.47,100,IBM
2025-10-08,9:35:12.593949512,T,291.75,200,292.54,200,IBM
2025-10-08,9:35:12.594004634,T,291.75,200,292.33,100,IBM
2025-10-08,9:35:13.167840748,T,291.75,200,292.31,100,IBM
2025-10-08,9:35:13.167845781,T,291.75,200,292.31,200,IBM
2025-10-08,9:35:13.167855967,T,291.75,200,292.3,100,IBM
2025-10-08,9:35:13.168231762,T,291.75,200,292.29,100,IBM
2025-10-08,9:35:13.168397146,T,291.75,200,292.14,100,IBM
2025-10-08,9:35:13.169439658,T,291.75,200,292.29,100,IBM
2025-10-08,9:35:13.170036030,T,291.15,100,292.29,100,IBM
2025-10-08,9:35:13.170046105,T,291.52,200,292.29,100,IBM
2025-10-08,9:35:13.457871318,T,291.52,200,292.3,100,IBM
2025-10-08,9:35:13.583811114,T,291.52,200,292.13,100,IBM
2025-10-08,9:35:13.584517787,T,291.52,200,292.02,100,IBM
2025-10-08,9:35:13.601317745,T,291.52,200,292.13,100,IBM
2025-10-08,9:35:13.601317745,T,291.52,200,292.02,100,IBM
2025-10-08,9:35:13.601347818,T,291.52,200,291.99,100,IBM
2025-10-08,9:35:13.601528325,T,291.52,200,291.9,100,IBM
2025-10-08,9:35:13.601588423,T,291.52,200,291.99,100,IBM
2025-10-08,9:35:13.604039200,T,290.54,100,291.99,100,IBM
2025-10-08,9:35:13.604044214,T,291.31,200,291.99,100,IBM
2025-10-08,9:35:13.609933289,T,291.31,200,292.3,100,IBM
2025-10-08,9:35:13.652188837,T,291.31,200,292.46,100,IBM
2025-10-08,9:35:13.684435738,T,291.31,200,292.54,300,IBM
2025-10-08,9:35:13.757444507,T,291.31,200,292.54,200,IBM
2025-10-08,9:35:14.034423897,T,291.31,200,292.31,100,IBM
2025-10-08,9:35:14.034448887,T,291.31,200,292.54,200,IBM
2025-10-08,9:35:14.034448887,T,291.31,200,292.46,100,IBM
2025-10-08,9:35:14.034579283,T,291.31,200,292.41,100,IBM
2025-10-08,9:35:14.035285891,T,291.31,200,292.5,100,IBM
2025-10-08,9:35:14.051444406,T,291.31,200,292.54,400,IBM
2025-10-08,9:35:14.051755079,T,291.31,200,292.53,100,IBM
2025-10-08,9:35:14.282183704,T,291.31,200,292.5,100,IBM
2025-10-08,9:35:14.282203819,T,291.31,200,292.17,100,IBM
2025-10-08,9:35:14.282218769,T,291.31,200,291.7,100,IBM
2025-10-08,9:35:14.282218769,T,291.31,200,292.17,100,IBM
2025-10-08,9:35:14.282279192,T,291.31,200,291.61,100,IBM
2025-10-08,9:35:14.282389228,T,291.31,200,292.17,100,IBM
2025-10-08,9:35:14.282414307,T,291.31,200,292.5,100,IBM
2025-10-08,9:35:14.282429237,T,291.32,300,292.5,100,IBM
2025-10-08,9:35:14.282484371,T,291.31,300,292.5,100,IBM
2025-10-08,9:35:14.282484371,T,291.13,200,292.5,100,IBM
2025-10-08,9:35:14.282529564,T,291.13,200,292.53,100,IBM
2025-10-08,9:35:14.282564652,T,291.13,200,292.5,100,IBM
2025-10-08,9:35:14.282805170,T,291.13,200,292.54,400,IBM
2025-10-08,9:35:14.282845245,T,291.31,100,292.54,400,IBM
2025-10-08,9:35:14.282905438,T,291.31,100,292.31,100,IBM
2025-10-08,9:35:14.283967994,T,291.31,100,292.54,400,IBM
2025-10-08,9:35:14.283967994,T,291.31,100,292.31,100,IBM
2025-10-08,9:35:14.292483194,T,291.31,100,292.54,400,IBM
2025-10-08,9:35:14.299174157,T,291.31,100,292.31,100,IBM
2025-10-08,9:35:14.646706604,T,291.31,100,291.58,100,IBM
2025-10-08,9:35:15.353679835,T,291.13,200,291.58,100,IBM
2025-10-08,9:35:15.353704746,T,291.13,200,291.32,100,IBM
2025-10-08,9:35:15.353995283,T,290.19,100,291.32,100,IBM
2025-10-08,9:35:15.354005431,T,290.89,200,291.32,100,IBM
2025-10-08,9:35:15.354135701,T,290.89,200,291.31,100,IBM
2025-10-08,9:35:15.354301115,T,290.89,200,291.44,100,IBM
2025-10-08,9:35:15.354436435,T,290.89,300,291.44,100,IBM
2025-10-08,9:35:15.361939243,T,290.89,200,291.44,100,IBM
2025-10-08,9:35:15.398671633,T,290.89,200,291.58,200,IBM
2025-10-08,9:35:15.441348332,T,290.89,200,291.58,100,IBM
2025-10-08,9:35:16.450425715,T,290.71,100,291.58,100,IBM
2025-10-08,9:35:16.458790570,T,290.66,200,291.58,100,IBM
2025-10-08,9:35:17.458766174,T,290.66,300,291.58,100,IBM
2025-10-08,9:35:17.458766174,T,290.71,100,291.58,100,IBM
2025-10-08,9:35:17.458791285,T,291.01,100,291.58,100,IBM
2025-10-08,9:35:17.458801242,T,291.01,200,291.58,100,IBM
2025-10-08,9:35:17.459337871,T,291.18,100,291.58,100,IBM
2025-10-08,9:35:17.462956100,T,291.28,100,291.58,100,IBM
2025-10-08,9:35:17.468820099,T,291.18,100,291.58,100,IBM
2025-10-08,9:35:17.479811253,T,291.0,100,291.58,100,IBM
2025-10-08,9:35:17.479836372,T,291.02,100,291.58,100,IBM
2025-10-08,9:35:17.544565401,T,291.01,100,291.58,100,IBM
2025-10-08,9:35:17.544565401,T,291.02,100,291.58,100,IBM
2025-10-08,9:35:17.866782522,T,290.87,200,291.58,100,IBM
2025-10-08,9:35:17.911158201,T,291.01,100,291.58,100,IBM
2025-10-08,9:35:17.967983488,T,290.87,200,291.58,100,IBM
2025-10-08,9:35:19.038306528,T,291.01,100,291.58,100,IBM
2025-10-08,9:35:20.110599382,T,291.02,100,291.58,100,IBM
2025-10-08,9:35:20.112097875,T,290.87,200,291.58,100,IBM
2025-10-08,9:35:20.122482636,T,291.02,100,291.58,100,IBM
2025-10-08,9:35:20.857026402,T,290.87,200,291.58,100,IBM
2025-10-08,9:35:21.277281796,T,291.02,100,291.58,100,IBM
2025-10-08,9:35:21.625696248,T,291.03,100,291.58,100,IBM
2025-10-08,9:35:21.625906767,T,291.03,200,291.58,100,IBM
2025-10-08,9:35:21.628994132,T,291.03,200,291.57,100,IBM
2025-10-08,9:35:21.629029328,T,291.04,100,291.57,100,IBM
2025-10-08,9:35:21.629034326,T,291.04,100,291.58,100,IBM
2025-10-08,9:35:21.629114474,T,291.24,100,291.58,100,IBM
2025-10-08,9:35:21.630171969,T,291.04,200,291.58,100,IBM
2025-10-08,9:35:21.646325535,T,291.24,100,291.58,100,IBM
2025-10-08,9:35:21.646921873,T,291.35,100,291.58,100,IBM
2025-10-08,9:35:21.647463147,T,291.56,100,291.58,100,IBM
2025-10-08,9:35:21.647488161,T,291.56,100,291.62,100,IBM
2025-10-08,9:35:21.647493632,T,291.35,100,291.62,100,IBM
2025-10-08,9:35:21.647518502,T,291.24,100,291.62,100,IBM
2025-10-08,9:35:21.647518502,T,291.04,200,291.62,100,IBM
2025-10-08,9:35:21.647523287,T,291.04,100,291.62,100,IBM
2025-10-08,9:35:21.647533372,T,291.49,100,291.62,100,IBM
2025-10-08,9:35:21.647573581,T,291.49,100,292.31,100,IBM
2025-10-08,9:35:21.647573581,T,291.58,100,292.31,100,IBM
2025-10-08,9:35:21.647583459,T,291.58,200,292.31,100,IBM
2025-10-08,9:35:21.647829026,T,291.58,200,292.05,100,IBM
2025-10-08,9:35:21.648400294,T,291.58,200,291.71,100,IBM
2025-10-08,9:35:21.648580767,T,291.58,300,291.71,100,IBM
2025-10-08,9:35:21.666182598,T,291.58,200,291.71,100,IBM
2025-10-08,9:35:21.666182598,T,291.58,100,291.71,100,IBM
2025-10-08,9:35:21.666182598,T,291.47,100,291.71,100,IBM
2025-10-08,9:35:21.666202726,T,291.47,100,291.59,100,IBM
2025-10-08,9:35:21.666207855,T,291.04,100,291.59,100,IBM
2025-10-08,9:35:21.666318086,T,291.04,100,292.17,100,IBM
2025-10-08,9:35:21.666318086,T,291.04,100,292.29,100,IBM
2025-10-08,9:35:21.666338086,T,291.04,100,292.31,100,IBM
2025-10-08,9:35:21.666353087,T,291.15,100,292.31,100,IBM
2025-10-08,9:35:21.666884638,T,291.15,100,292.08,100,IBM
2025-10-08,9:35:21.666979629,T,291.58,100,292.08,100,IBM
2025-10-08,9:35:21.666999600,T,291.58,100,292.17,100,IBM
2025-10-08,9:35:21.667616110,T,291.58,100,292.41,100,IBM
2025-10-08,9:35:21.686485945,T,291.04,100,292.41,100,IBM
2025-10-08,9:35:21.686511076,T,291.04,100,292.31,100,IBM
2025-10-08,9:35:21.686511076,T,291.04,100,292.08,100,IBM
2025-10-08,9:35:21.686536274,T,291.04,100,292.07,100,IBM
2025-10-08,9:35:21.686706468,T,291.04,200,292.07,100,IBM
2025-10-08,9:35:21.687293006,T,291.04,200,291.82,100,IBM
2025-10-08,9:35:21.687849253,T,291.24,100,291.82,100,IBM
2025-10-08,9:35:21.687864272,T,291.24,100,291.69,100,IBM
2025-10-08,9:35:21.688109842,T,291.24,100,292.17,100,IBM
2025-10-08,9:35:21.690640912,T,291.24,100,291.69,100,IBM
2025-10-08,9:35:21.694710634,T,291.23,100,291.69,100,IBM
2025-10-08,9:35:21.694971250,T,291.23,100,291.68,100,IBM
2025-10-08,9:35:21.729428224,T,291.04,100,291.68,100,IBM
2025-10-08,9:35:21.740925629,T,291.04,100,291.69,100,IBM
2025-10-08,9:35:21.742013188,T,291.04,100,292.08,100,IBM
2025-10-08,9:35:21.742043237,T,291.04,100,291.7,100,IBM
2025-10-08,9:35:21.742414192,T,291.04,100,292.08,100,IBM
2025-10-08,9:35:21.786604412,T,291.04,100,292.29,100,IBM
2025-10-08,9:35:21.917761580,T,291.04,100,291.81,100,IBM
2025-10-08,9:35:21.918383076,T,291.34,100,291.81,100,IBM
2025-10-08,9:35:22.127355693,T,291.34,100,291.82,100,IBM
2025-10-08,9:35:22.127621178,T,291.34,100,292.29,100,IBM
2025-10-08,9:35:22.127651356,T,291.34,100,291.81,100,IBM
2025-10-08,9:35:22.128192575,T,291.34,100,292.31,100,IBM
2025-10-08,9:35:22.148671337,T,291.34,100,291.82,100,IBM
2025-10-08,9:35:22.211220223,T,291.34,100,292.31,100,IBM
2025-10-08,9:35:22.220081406,T,291.34,100,291.81,100,IBM
2025-10-08,9:35:22.262176506,T,291.34,100,291.82,100,IBM
2025-10-08,9:35:22.271183049,T,291.34,100,292.31,100,IBM
2025-10-08,9:35:22.282149084,T,291.34,100,291.82,100,IBM
2025-10-08,9:35:22.297595851,T,291.34,100,292.31,100,IBM
2025-10-08,9:35:23.651739720,T,291.34,100,292.3,200,IBM
2025-10-08,9:35:25.101691550,T,291.34,200,292.3,200,IBM
2025-10-08,9:35:25.931692649,T,291.34,200,291.71,100,IBM
2025-10-08,9:35:26.670651857,T,291.34,200,291.7,100,IBM
2025-10-08,9:35:26.670677117,T,291.34,200,291.71,100,IBM
2025-10-08,9:35:26.670707058,T,291.34,200,291.7,100,IBM
2025-10-08,9:35:26.670762114,T,291.34,200,291.69,100,IBM
2025-10-08,9:35:26.670767171,T,291.34,100,291.69,100,IBM
2025-10-08,9:35:26.670772471,T,290.87,200,291.69,100,IBM
2025-10-08,9:35:26.670772471,T,290.87,200,291.7,100,IBM
2025-10-08,9:35:26.670777180,T,290.87,200,291.54,100,IBM
2025-10-08,9:35:26.670792159,T,290.87,200,291.35,100,IBM
2025-10-08,9:35:26.670827419,T,290.87,200,291.43,100,IBM
2025-10-08,9:35:26.670907418,T,290.87,200,291.52,200,IBM
2025-10-08,9:35:26.670917525,T,290.87,300,291.52,200,IBM
2025-10-08,9:35:26.670922536,T,290.87,300,291.52,100,IBM
2025-10-08,9:35:26.670937556,T,290.87,300,291.53,200,IBM
2025-10-08,9:35:26.670957586,T,290.87,300,291.53,100,IBM
2025-10-08,9:35:26.670967610,T,290.87,300,291.68,100,IBM
2025-10-08,9:35:26.670992693,T,290.95,100,291.68,100,IBM
2025-10-08,9:35:26.671002738,T,290.9,100,291.68,100,IBM
2025-10-08,9:35:26.671017698,T,290.87,300,291.68,100,IBM
2025-10-08,9:35:26.671027794,T,290.87,200,291.68,100,IBM
2025-10-08,9:35:26.687717480,T,290.9,100,291.68,100,IBM
2025-10-08,9:35:26.687798029,T,290.95,100,291.68,100,IBM
2025-10-08,9:35:26.688013126,T,290.95,100,291.69,100,IBM
2025-10-08,9:35:26.688028278,T,291.21,100,291.69,100,IBM
2025-10-08,9:35:26.691110578,T,291.21,100,291.7,100,IBM
2025-10-08,9:35:26.721116944,T,291.21,100,291.71,100,IBM
2025-10-08,9:35:26.736072631,T,291.21,100,291.7,100,IBM
2025-10-08,9:35:26.736117764,T,291.21,100,291.71,100,IBM
2025-10-08,9:35:27.015753357,T,291.21,100,291.7,500,IBM
2025-10-08,9:35:27.418101375,T,291.2,100,291.7,500,IBM
2025-10-08,9:35:27.441090984,T,290.87,200,291.7,500,IBM
2025-10-08,9:35:27.441657252,T,291.04,100,291.7,500,IBM
2025-10-08,9:35:27.566980673,T,290.87,200,291.7,500,IBM
2025-10-08,9:35:27.568018207,T,290.87,200,291.69,200,IBM
2025-10-08,9:35:27.568243638,T,291.04,100,291.69,200,IBM
2025-10-08,9:35:27.581886209,T,290.87,200,291.69,200,IBM
2025-10-08,9:35:27.583494977,T,290.87,200,291.7,500,IBM
2025-10-08,9:35:27.583760577,T,291.04,100,291.7,500,IBM
2025-10-08,9:35:27.586647524,T,291.04,100,291.69,100,IBM
2025-10-08,9:35:27.720450974,T,291.04,100,291.7,500,IBM
2025-10-08,9:35:27.815276805,T,291.04,100,291.69,100,IBM
2025-10-08,9:35:27.817181365,T,291.04,100,291.7,500,IBM
2025-10-08,9:35:27.841599486,T,290.87,200,291.7,500,IBM
2025-10-08,9:35:28.111371753,T,290.87,200,291.69,200,IBM
2025-10-08,9:35:28.120152582,T,290.87,200,291.7,500,IBM
2025-10-08,9:35:28.211810858,T,291.04,100,291.7,500,IBM
2025-10-08,9:35:29.351408956,T,291.04,100,291.69,100,IBM
2025-10-08,9:35:29.351439099,T,291.04,100,291.7,500,IBM
2025-10-08,9:35:30.124945418,T,290.87,200,291.7,500,IBM
2025-10-08,9:35:30.250975579,T,291.04,100,291.7,500,IBM
2025-10-08,9:35:30.365693679,T,290.87,200,291.7,500,IBM
2025-10-08,9:35:30.516412555,T,291.04,100,291.7,500,IBM
2025-10-08,9:35:30.800338543,T,290.87,200,291.7,500,IBM
2025-10-08,9:35:30.841656804,T,291.04,100,291.7,500,IBM
2025-10-08,9:35:30.912545658,T,291.04,100,291.69,200,IBM
2025-10-08,9:35:31.612051059,T,290.87,200,291.69,200,IBM
2025-10-08,9:35:33.160467259,T,290.9,100,291.69,200,IBM
2025-10-08,9:35:34.964326609,T,291.04,100,291.69,200,IBM
2025-10-08,9:35:34.964747611,T,291.05,100,291.69,200,IBM
2025-10-08,9:35:38.927571751,T,291.04,200,291.69,200,IBM
2025-10-08,9:35:39.006203924,T,291.04,100,291.69,200,IBM
2025-10-08,9:35:42.204728629,T,291.03,100,291.69,200,IBM
2025-10-08,9:35:48.930986622,T,291.03,100,291.69,300,IBM
2025-10-08,9:35:50.057132677,T,291.16,100,291.69,300,IBM
2025-10-08,9:35:51.429334664,T,291.16,100,291.68,100,IBM
2025-10-08,9:35:51.429389782,T,291.16,100,291.65,100,IBM
2025-10-08,9:35:51.429410143,T,291.16,100,291.68,100,IBM
2025-10-08,9:35:51.429555714,T,291.16,100,291.68,200,IBM
2025-10-08,9:35:51.429555714,T,291.16,100,291.68,100,IBM
2025-10-08,9:35:51.429565227,T,290.87,200,291.68,100,IBM
2025-10-08,9:35:51.429580281,T,290.87,300,291.68,100,IBM
2025-10-08,9:35:51.429891031,T,290.87,300,291.58,100,IBM
2025-10-08,9:35:51.429916091,T,290.87,200,291.58,100,IBM
2025-10-08,9:35:51.429941054,T,290.87,200,291.68,200,IBM
2025-10-08,9:35:51.430121648,T,290.87,200,291.68,100,IBM
2025-10-08,9:35:51.430251860,T,290.87,200,291.68,200,IBM
2025-10-08,9:35:51.430286958,T,290.87,200,291.68,100,IBM
2025-10-08,9:35:51.430542568,T,290.87,200,291.59,100,IBM
2025-10-08,9:35:51.430833203,T,290.87,200,291.58,100,IBM
2025-10-08,9:35:51.430893364,T,290.87,200,291.59,100,IBM
2025-10-08,9:35:51.431339472,T,290.87,200,291.58,100,IBM
2025-10-08,9:35:51.440320775,T,290.87,200,291.68,100,IBM
2025-10-08,9:35:51.446300020,T,290.95,100,291.68,100,IBM
2025-10-08,9:35:51.446405270,T,290.87,200,291.68,100,IBM
2025-10-08,9:35:51.446415357,T,290.95,100,291.68,100,IBM
2025-10-08,9:35:51.446430403,T,290.95,100,291.68,200,IBM
2025-10-08,9:35:51.446435747,T,290.95,100,291.65,100,IBM
2025-10-08,9:35:51.446440709,T,290.87,300,291.65,100,IBM
2025-10-08,9:35:51.446440709,T,290.87,200,291.65,100,IBM
2025-10-08,9:35:51.446450407,T,290.87,200,291.68,100,IBM
2025-10-08,9:35:51.446470408,T,290.87,200,291.59,100,IBM
2025-10-08,9:35:51.446480462,T,290.87,200,291.58,100,IBM
2025-10-08,9:35:51.545741793,T,290.87,200,291.68,100,IBM
2025-10-08,9:35:56.255168379,T,290.87,200,291.67,100,IBM
2025-10-08,9:35:59.766442594,T,290.87,200,291.58,100,IBM
2025-10-08,9:35:59.766843604,T,290.87,200,291.52,100,IBM
2025-10-08,9:35:59.766918720,T,290.87,200,291.58,100,IBM
2025-10-08,9:36:02.905225160,T,290.87,200,291.53,100,IBM
2025-10-08,9:36:03.231015753,T,290.87,200,291.52,100,IBM
2025-10-08,9:36:03.231020847,T,290.87,200,291.52,200,IBM
2025-10-08,9:36:03.231060995,T,290.87,200,291.51,100,IBM
2025-10-08,9:36:03.372953773,T,290.87,200,291.53,200,IBM
2025-10-08,9:36:03.395362065,T,290.87,200,291.53,100,IBM
2025-10-08,9:36:03.750873427,T,290.87,200,291.52,200,IBM
2025-10-08,9:36:04.931458903,T,290.87,200,291.52,300,IBM
2025-10-08,9:36:06.285161584,T,290.87,200,291.42,100,IBM
2025-10-08,9:36:06.286569839,T,291.04,100,291.42,100,IBM
2025-10-08,9:36:06.293581543,T,290.87,200,291.42,100,IBM
2025-10-08,9:36:06.449974048,T,291.04,100,291.42,100,IBM
2025-10-08,9:36:06.543636886,T,290.87,200,291.42,100,IBM
2025-10-08,9:36:06.634162360,T,291.04,100,291.42,100,IBM
2025-10-08,9:36:06.634578437,T,290.87,200,291.42,100,IBM
2025-10-08,9:36:09.530888739,T,290.87,300,291.42,100,IBM
2025-10-08,9:36:10.262841310,T,291.0,100,291.42,100,IBM
2025-10-08,9:36:11.656804891,T,291.0,100,291.41,200,IBM
2025-10-08,9:36:11.755494771,T,291.0,100,291.41,300,IBM
2025-10-08,9:36:11.755505375,T,291.0,100,291.4,100,IBM
2025-10-08,9:36:11.759754979,T,291.0,100,291.28,100,IBM
2025-10-08,9:36:11.762676894,T,291.0,100,291.4,100,IBM
2025-10-08,9:36:11.809022249,T,291.0,100,291.41,200,IBM
2025-10-08,9:36:12.830273797,T,291.0,100,291.22,100,IBM
2025-10-08,9:36:12.830479143,T,291.0,100,291.41,200,IBM
2025-10-08,9:36:14.557295020,T,290.63,300,291.41,200,IBM
2025-10-08,9:36:14.557319975,T,290.63,200,291.41,200,IBM
2025-10-08,9:36:14.557325308,T,290.63,200,291.22,100,IBM
2025-10-08,9:36:14.557325308,T,290.63,200,291.21,100,IBM
2025-10-08,9:36:14.557375126,T,290.63,200,291.21,200,IBM
2025-10-08,9:36:14.557420622,T,290.63,200,291.18,100,IBM
2025-10-08,9:36:14.557495657,T,290.63,200,291.12,100,IBM
2025-10-08,9:36:14.560131810,T,290.63,200,291.11,100,IBM
2025-10-08,9:36:14.560156847,T,290.63,200,291.05,100,IBM
2025-10-08,9:36:14.560322156,T,289.98,100,291.05,100,IBM
2025-10-08,9:36:14.560327210,T,290.38,200,291.05,100,IBM
2025-10-08,9:36:14.561159180,T,290.38,200,291.04,100,IBM
2025-10-08,9:36:14.561259459,T,290.38,200,291.05,100,IBM
2025-10-08,9:36:14.561655340,T,290.39,100,291.05,100,IBM
2025-10-08,9:36:14.561690457,T,290.49,100,291.05,100,IBM
2025-10-08,9:36:14.561715510,T,290.39,100,291.05,100,IBM
2025-10-08,9:36:14.561745607,T,290.49,100,291.05,100,IBM
2025-10-08,9:36:14.566251334,T,290.39,100,291.05,100,IBM
2025-10-08,9:36:14.566812601,T,290.39,100,291.04,100,IBM
2025-10-08,9:36:14.567018186,T,290.39,100,291.05,100,IBM
2025-10-08,9:36:14.597716282,T,290.39,100,291.04,100,IBM
2025-10-08,9:36:14.598021911,T,290.38,200,291.04,100,IBM
2025-10-08,9:36:14.598041993,T,290.38,200,290.91,100,IBM
2025-10-08,9:36:14.598041993,T,290.38,200,291.04,100,IBM
2025-10-08,9:36:14.598051989,T,290.5,100,291.04,100,IBM
2025-10-08,9:36:14.598122134,T,290.38,200,291.04,100,IBM
2025-10-08,9:36:14.598317656,T,290.5,100,291.04,100,IBM
2025-10-08,9:36:14.602181770,T,290.38,200,291.04,100,IBM
2025-10-08,9:36:14.602823342,T,290.38,200,290.97,100,IBM
2025-10-08,9:36:14.609669673,T,290.5,100,290.97,100,IBM
2025-10-08,9:36:14.613192990,T,290.38,200,290.97,100,IBM
2025-10-08,9:36:14.617839086,T,290.38,200,290.98,100,IBM
2025-10-08,9:36:14.675756960,T,290.38,200,291.04,100,IBM
2025-10-08,9:36:14.952711289,T,290.51,100,291.04,100,IBM
2025-10-08,9:36:14.978056638,T,290.18,200,291.04,100,IBM
2025-10-08,9:36:15.007050662,T,290.18,200,291.03,100,IBM
2025-10-08,9:36:15.066171457,T,290.25,100,291.03,100,IBM
2025-10-08,9:36:15.103991521,T,290.25,100,291.04,100,IBM
2025-10-08,9:36:15.146462685,T,290.25,100,291.05,100,IBM
2025-10-08,9:36:15.147169242,T,290.25,100,291.03,100,IBM
2025-10-08,9:36:15.147850904,T,290.25,100,291.05,100,IBM
2025-10-08,9:36:15.231595301,T,290.18,200,291.05,100,IBM
2025-10-08,9:36:15.245182625,T,290.51,100,291.05,100,IBM
2025-10-08,9:36:15.245413156,T,290.18,200,291.05,100,IBM
2025-10-08,9:36:15.602894259,T,290.18,200,291.05,200,IBM
2025-10-08,9:36:16.600393950,T,290.18,200,290.85,100,IBM
2025-10-08,9:36:16.813496226,T,290.51,100,290.85,100,IBM
2025-10-08,9:36:16.817966950,T,290.18,200,290.85,100,IBM
2025-10-08,9:36:20.057138400,T,290.25,100,290.85,100,IBM
2025-10-08,9:36:22.972789616,T,290.51,100,290.85,100,IBM
2025-10-08,9:36:22.973235639,T,290.25,100,290.85,100,IBM
2025-10-08,9:36:22.973581555,T,290.51,100,290.85,100,IBM
2025-10-08,9:36:22.974473691,T,290.25,100,290.85,100,IBM
2025-10-08,9:36:22.977796571,T,290.25,100,290.9,300,IBM
2025-10-08,9:36:22.977821668,T,290.5,100,290.9,300,IBM
2025-10-08,9:36:22.977831889,T,290.51,100,290.9,300,IBM
2025-10-08,9:36:22.978388231,T,290.51,200,290.9,300,IBM
2025-10-08,9:36:22.978423167,T,290.64,100,290.9,300,IBM
2025-10-08,9:36:22.979164809,T,290.57,100,290.9,300,IBM
2025-10-08,9:36:22.979425382,T,290.51,200,290.9,300,IBM
2025-10-08,9:36:22.979565748,T,290.51,200,290.9,200,IBM
2025-10-08,9:36:22.979666411,T,290.51,100,290.9,200,IBM
2025-10-08,9:36:22.979670964,T,290.51,100,290.9,100,IBM
2025-10-08,9:36:22.979711112,T,290.51,200,290.9,100,IBM
2025-10-08,9:36:22.979936606,T,290.65,100,290.9,100,IBM
2025-10-08,9:36:22.979946613,T,290.64,100,290.9,100,IBM
2025-10-08,9:36:22.980773644,T,290.51,100,290.9,100,IBM
2025-10-08,9:36:22.983951251,T,290.51,100,290.9,200,IBM
2025-10-08,9:36:23.082606111,T,290.56,100,290.9,200,IBM
2025-10-08,9:36:23.082641104,T,290.57,100,290.9,200,IBM
2025-10-08,9:36:23.457899526,T,290.56,100,290.9,200,IBM
2025-10-08,9:36:24.498166177,T,290.56,100,290.9,300,IBM
2025-10-08,9:36:24.498191193,T,290.56,100,290.9,200,IBM
2025-10-08,9:36:24.498196124,T,290.56,100,290.9,300,IBM
2025-10-08,9:36:24.509267354,T,290.2,100,290.9,300,IBM
2025-10-08,9:36:24.509282483,T,290.18,200,290.9,300,IBM
2025-10-08,9:36:24.679407506,T,290.18,200,290.78,300,IBM
2025-10-08,9:36:25.746909045,T,290.18,200,290.77,100,IBM
2025-10-08,9:36:25.746999265,T,290.18,200,290.78,300,IBM
2025-10-08,9:36:25.747139589,T,290.18,200,290.77,100,IBM
2025-10-08,9:36:25.747911383,T,290.18,200,290.78,300,IBM
2025-10-08,9:36:26.708678668,T,290.18,200,290.9,200,IBM
2025-10-08,9:36:27.751025202,T,290.54,100,290.9,200,IBM
2025-10-08,9:36:28.733453820,T,290.55,100,290.9,200,IBM
2025-10-08,9:36:28.733579139,T,290.54,100,290.9,200,IBM
2025-10-08,9:36:28.733644275,T,290.55,100,290.9,200,IBM
2025-10-08,9:36:28.734185627,T,290.54,100,290.9,200,IBM
2025-10-08,9:36:33.023787904,T,290.55,100,290.9,200,IBM
2025-10-08,9:36:33.023833045,T,290.54,200,290.9,200,IBM
2025-10-08,9:36:33.023838087,T,290.54,100,290.9,200,IBM
2025-10-08,9:36:33.023978365,T,290.55,100,290.9,200,IBM
2025-10-08,9:36:33.024033525,T,290.54,100,290.9,200,IBM
2025-10-08,9:36:33.028594379,T,290.54,200,290.9,200,IBM
2025-10-08,9:36:36.089385949,T,290.54,300,290.9,200,IBM
2025-10-08,9:36:36.089395939,T,290.55,300,290.9,200,IBM
2025-10-08,9:36:36.089395939,T,290.6,100,290.9,200,IBM
2025-10-08,9:36:36.089411001,T,290.71,100,290.9,200,IBM
2025-10-08,9:36:36.089616598,T,290.6,100,290.9,200,IBM
2025-10-08,9:36:36.089706693,T,290.71,100,290.9,200,IBM
2025-10-08,9:36:36.089812028,T,290.7,100,290.9,200,IBM
2025-10-08,9:36:36.089872086,T,290.72,100,290.9,200,IBM
2025-10-08,9:36:36.089972454,T,290.72,200,290.9,200,IBM
2025-10-08,9:36:36.090052586,T,290.88,100,290.9,200,IBM
2025-10-08,9:36:36.090092633,T,290.72,100,290.9,200,IBM
2025-10-08,9:36:36.090157776,T,290.72,100,290.9,100,IBM
2025-10-08,9:36:36.090157776,T,290.72,100,290.94,100,IBM
2025-10-08,9:36:36.090453526,T,290.72,200,290.94,100,IBM
2025-10-08,9:36:36.090528645,T,290.72,200,291.44,100,IBM
2025-10-08,9:36:36.090593798,T,290.73,100,291.44,100,IBM
2025-10-08,9:36:36.091034968,T,290.73,100,291.52,100,IBM
2025-10-08,9:36:36.091260467,T,290.73,100,291.21,100,IBM
2025-10-08,9:36:36.095550641,T,290.77,100,291.21,100,IBM
2025-10-08,9:36:36.097991449,T,290.77,100,291.2,100,IBM
2025-10-08,9:36:36.098081640,T,290.83,100,291.2,100,IBM
2025-10-08,9:36:36.098267072,T,290.83,200,291.2,100,IBM
2025-10-08,9:36:36.204660384,T,290.83,100,291.2,100,IBM
2025-10-08,9:36:36.869673936,T,290.84,100,291.2,100,IBM
2025-10-08,9:36:37.430754637,T,290.83,100,291.2,100,IBM
2025-10-08,9:36:42.719044223,T,290.83,100,291.2,200,IBM
2025-10-08,9:36:44.585808447,T,290.87,100,291.2,200,IBM
2025-10-08,9:36:44.597696661,T,290.87,100,291.2,100,IBM
2025-10-08,9:36:44.706766340,T,290.83,100,291.2,100,IBM
2025-10-08,9:36:45.314728798,T,290.87,100,291.2,100,IBM
2025-10-08,9:36:45.614066322,T,290.83,100,291.2,100,IBM
2025-10-08,9:36:45.723176062,T,290.87,100,291.2,100,IBM
2025-10-08,9:36:45.840124688,T,290.83,100,291.2,100,IBM
2025-10-08,9:36:45.931767644,T,290.86,100,291.2,100,IBM
2025-10-08,9:36:45.932153690,T,290.83,100,291.2,100,IBM
2025-10-08,9:36:47.833745619,T,290.87,100,291.2,100,IBM
2025-10-08,9:36:48.580693826,T,290.86,100,291.2,100,IBM
2025-10-08,9:36:48.694554948,T,290.87,100,291.2,100,IBM
2025-10-08,9:36:48.896626010,T,290.83,100,291.2,100,IBM
2025-10-08,9:36:51.796003530,T,290.89,100,291.2,100,IBM
2025-10-08,9:36:52.190537940,T,290.83,100,291.2,100,IBM
2025-10-08,9:36:52.201027730,T,290.89,100,291.2,100,IBM
2025-10-08,9:36:52.687129971,T,290.83,100,291.2,100,IBM
2025-10-08,9:36:52.901600554,T,290.88,100,291.2,100,IBM
2025-10-08,9:36:52.921187152,T,290.89,100,291.2,100,IBM
2025-10-08,9:36:52.941696085,T,290.89,100,291.53,100,IBM
2025-10-08,9:36:52.941726120,T,290.91,100,291.53,100,IBM
2025-10-08,9:36:52.941751194,T,290.92,100,291.53,100,IBM
2025-10-08,9:36:52.941771302,T,290.96,100,291.53,100,IBM
2025-10-08,9:36:52.941931930,T,290.92,100,291.53,100,IBM
2025-10-08,9:36:52.942006799,T,290.96,100,291.53,100,IBM
2025-10-08,9:36:52.942067080,T,290.92,100,291.53,100,IBM
2025-10-08,9:36:52.942092086,T,290.92,100,291.22,100,IBM
2025-10-08,9:36:52.942097104,T,290.96,100,291.22,100,IBM
2025-10-08,9:36:52.942357623,T,290.96,100,291.62,100,IBM
2025-10-08,9:36:52.942437785,T,291.22,100,291.62,100,IBM
2025-10-08,9:36:52.942447778,T,291.22,100,291.68,100,IBM
2025-10-08,9:36:52.942487866,T,291.22,100,291.62,100,IBM
2025-10-08,9:36:52.942517952,T,291.22,100,291.53,100,IBM
2025-10-08,9:36:52.942543112,T,291.22,100,291.62,100,IBM
2025-10-08,9:36:52.942568114,T,291.22,100,291.68,100,IBM
2025-10-08,9:36:52.942683478,T,291.22,100,291.41,100,IBM
2025-10-08,9:36:52.942748692,T,290.92,100,291.41,100,IBM
2025-10-08,9:36:52.942843792,T,290.98,100,291.41,100,IBM
2025-10-08,9:36:52.942903999,T,290.92,100,291.41,100,IBM
2025-10-08,9:36:52.942928917,T,290.92,100,291.4,100,IBM
2025-10-08,9:36:52.942954129,T,290.92,100,291.39,100,IBM
2025-10-08,9:36:52.942999120,T,291.04,100,291.39,100,IBM
2025-10-08,9:36:52.943099368,T,290.92,100,291.39,100,IBM
2025-10-08,9:36:52.943134541,T,290.92,100,291.4,200,IBM
2025-10-08,9:36:52.943194634,T,290.92,100,291.39,100,IBM
2025-10-08,9:36:52.943214683,T,290.91,100,291.39,100,IBM
2025-10-08,9:36:52.943224674,T,290.89,200,291.39,100,IBM
2025-10-08,9:36:52.943309904,T,290.89,200,291.39,200,IBM
2025-10-08,9:36:52.943921379,T,290.89,200,291.39,100,IBM
2025-10-08,9:36:52.944352319,T,290.89,200,291.3,100,IBM
2025-10-08,9:36:52.947384609,T,290.89,200,291.39,100,IBM
2025-10-08,9:36:52.951298916,T,290.89,200,291.28,100,IBM
2025-10-08,9:36:52.952010615,T,290.89,100,291.28,100,IBM
2025-10-08,9:36:52.956681684,T,290.88,100,291.28,100,IBM
2025-10-08,9:36:53.030838283,T,290.83,100,291.28,100,IBM
2025-10-08,9:36:54.732444310,T,290.83,100,291.28,200,IBM
2025-10-08,9:37:08.117093973,T,291.01,100,291.28,200,IBM
2025-10-08,9:37:08.155059364,T,291.0,100,291.28,200,IBM
2025-10-08,9:37:08.183938064,T,291.01,100,291.28,200,IBM
2025-10-08,9:37:08.329930718,T,290.83,100,291.28,200,IBM
2025-10-08,9:37:09.593784479,T,290.99,100,291.28,200,IBM
2025-10-08,9:37:09.606675145,T,290.83,100,291.28,200,IBM
2025-10-08,9:37:09.634772081,T,290.99,100,291.28,200,IBM
2025-10-08,9:37:09.816890611,T,290.83,100,291.28,200,IBM
2025-10-08,9:37:10.258647262,T,290.99,100,291.28,200,IBM
2025-10-08,9:37:10.258952985,T,290.83,100,291.28,200,IBM
2025-10-08,9:37:10.591409477,T,290.99,100,291.28,200,IBM
2025-10-08,9:37:11.276705848,T,290.83,100,291.28,200,IBM
2025-10-08,9:37:12.899759928,T,290.99,100,291.28,200,IBM
2025-10-08,9:37:13.058918957,T,290.83,100,291.28,200,IBM
2025-10-08,9:37:13.416705728,T,290.99,100,291.28,200,IBM
2025-10-08,9:37:13.571278673,T,290.83,100,291.28,200,IBM
2025-10-08,9:37:13.801622174,T,290.99,100,291.28,200,IBM
2025-10-08,9:37:13.801662241,T,290.83,100,291.28,200,IBM
2025-10-08,9:37:13.893069842,T,290.99,100,291.28,200,IBM
2025-10-08,9:37:15.141933107,T,290.83,100,291.28,200,IBM
2025-10-08,9:37:15.567130343,T,290.99,100,291.28,200,IBM
2025-10-08,9:37:15.588761764,T,290.83,100,291.28,200,IBM
2025-10-08,9:37:16.137959365,T,290.83,100,291.2,100,IBM
2025-10-08,9:37:16.138014452,T,290.83,100,291.28,200,IBM
2025-10-08,9:37:16.138024781,T,290.83,100,291.13,100,IBM
2025-10-08,9:37:16.138069485,T,290.83,100,291.11,100,IBM
2025-10-08,9:37:16.138104592,T,290.74,200,291.11,100,IBM
2025-10-08,9:37:16.138134637,T,290.74,200,291.12,100,IBM
2025-10-08,9:37:16.138159805,T,290.74,200,291.11,100,IBM
2025-10-08,9:37:16.138189845,T,290.74,200,291.13,100,IBM
2025-10-08,9:37:16.138886486,T,290.74,200,291.28,200,IBM
2025-10-08,9:37:16.138896418,T,290.74,200,291.27,100,IBM
2025-10-08,9:37:16.187386883,T,290.74,200,291.28,200,IBM
2025-10-08,9:37:16.187386883,T,290.74,200,291.27,100,IBM
2025-10-08,9:37:16.393362282,T,290.74,200,291.28,200,IBM
2025-10-08,9:37:17.206984197,T,290.74,200,291.28,100,IBM
2025-10-08,9:37:18.719018828,T,290.74,200,291.26,100,IBM
2025-10-08,9:37:19.057404350,T,290.74,200,291.26,200,IBM
2025-10-08,9:37:20.223014249,T,290.74,200,291.25,100,IBM
2025-10-08,9:37:20.223014249,T,290.74,200,291.26,200,IBM
2025-10-08,9:37:20.223014249,T,290.74,200,291.25,100,IBM
2025-10-08,9:37:20.223270253,T,290.74,200,291.12,100,IBM
2025-10-08,9:37:20.223295112,T,290.74,200,291.1,100,IBM
2025-10-08,9:37:20.223339976,T,290.74,200,291.03,100,IBM
2025-10-08,9:37:20.223420514,T,290.74,200,291.1,100,IBM
2025-10-08,9:37:20.226687922,T,290.19,100,291.1,100,IBM
2025-10-08,9:37:20.226693198,T,290.4,200,291.1,100,IBM
2025-10-08,9:37:20.227119069,T,290.72,100,291.1,100,IBM
2025-10-08,9:37:20.303510855,T,290.72,100,291.26,200,IBM
2025-10-08,9:37:20.303540935,T,290.72,100,291.25,100,IBM
2025-10-08,9:37:20.539673045,T,290.73,100,291.25,100,IBM
2025-10-08,9:37:20.540690558,T,290.72,100,291.25,100,IBM
2025-10-08,9:37:20.799596926,T,290.72,100,291.26,200,IBM
2025-10-08,9:37:21.047146259,T,290.72,100,291.26,100,IBM
2025-10-08,9:37:21.784346286,T,290.4,200,291.26,100,IBM
2025-10-08,9:37:21.784777285,T,290.67,100,291.26,100,IBM
2025-10-08,9:37:22.051572533,T,290.4,200,291.26,100,IBM
2025-10-08,9:37:22.566022287,T,290.7,100,291.26,100,IBM
2025-10-08,9:37:22.729095579,T,290.7,100,291.18,200,IBM
2025-10-08,9:37:23.581675255,T,290.7,200,291.18,200,IBM
2025-10-08,9:37:23.581710428,T,290.71,100,291.18,200,IBM
2025-10-08,9:37:23.704191946,T,290.71,200,291.18,200,IBM
2025-10-08,9:37:23.760445977,T,290.71,100,291.18,200,IBM
2025-10-08,9:37:23.760455880,T,290.7,100,291.18,200,IBM
2025-10-08,9:37:24.154218425,T,290.4,300,291.18,200,IBM
2025-10-08,9:37:24.154634317,T,290.72,100,291.18,200,IBM
2025-10-08,9:37:25.179038808,T,290.72,100,291.16,100,IBM
2025-10-08,9:37:25.179063538,T,290.72,100,291.18,300,IBM
2025-10-08,9:37:25.179068528,T,290.72,100,291.01,100,IBM
2025-10-08,9:37:25.179679934,T,290.72,100,291.0,100,IBM
2025-10-08,9:37:25.184145552,T,290.72,100,291.16,100,IBM
2025-10-08,9:37:25.186045174,T,290.72,100,291.16,200,IBM
2025-10-08,9:37:25.186065231,T,290.72,100,291.1,100,IBM
2025-10-08,9:37:25.186130341,T,290.72,100,291.15,100,IBM
2025-10-08,9:37:25.188390727,T,290.72,100,291.16,100,IBM
2025-10-08,9:37:25.188460844,T,290.72,100,291.01,100,IBM
2025-10-08,9:37:25.188530983,T,290.72,100,291.0,100,IBM
2025-10-08,9:37:25.188556086,T,290.72,100,291.01,100,IBM
2025-10-08,9:37:25.188556086,T,290.72,100,291.16,100,IBM
2025-10-08,9:37:25.188586218,T,290.72,100,291.0,100,IBM
2025-10-08,9:37:25.188611249,T,290.72,100,291.16,100,IBM
2025-10-08,9:37:25.188781800,T,290.44,100,291.16,100,IBM
2025-10-08,9:37:25.188781800,T,290.4,200,291.16,100,IBM
2025-10-08,9:37:25.188781800,T,290.4,200,291.16,200,IBM
2025-10-08,9:37:25.188796746,T,290.4,200,291.15,100,IBM
2025-10-08,9:37:25.188806732,T,290.4,200,291.09,100,IBM
2025-10-08,9:37:25.188816687,T,290.4,200,291.06,100,IBM
2025-10-08,9:37:25.188836700,T,290.4,200,290.88,100,IBM
2025-10-08,9:37:25.188836700,T,290.4,200,291.06,100,IBM
2025-10-08,9:37:25.189257745,T,290.53,100,291.06,100,IBM
2025-10-08,9:37:25.189282779,T,290.4,200,291.06,100,IBM
2025-10-08,9:37:25.189327977,T,290.53,100,291.06,100,IBM
2025-10-08,9:37:25.189423135,T,290.4,200,291.06,100,IBM
2025-10-08,9:37:25.189518485,T,290.72,100,291.06,100,IBM
2025-10-08,9:37:25.189543641,T,290.4,200,291.06,100,IBM
2025-10-08,9:37:25.189543641,T,290.54,100,291.06,100,IBM
2025-10-08,9:37:25.189588937,T,290.53,100,291.06,100,IBM
2025-10-08,9:37:25.189593754,T,290.4,200,291.06,100,IBM
2025-10-08,9:37:25.189598631,T,290.55,100,291.06,100,IBM
2025-10-08,9:37:25.189668986,T,290.55,200,291.06,100,IBM
2025-10-08,9:37:25.189789063,T,290.55,300,291.06,100,IBM
2025-10-08,9:37:25.189824207,T,290.55,300,291.16,100,IBM
2025-10-08,9:37:25.190079723,T,290.55,200,291.16,100,IBM
2025-10-08,9:37:25.190159861,T,290.59,100,291.16,100,IBM
2025-10-08,9:37:25.190214990,T,290.59,100,290.96,100,IBM
2025-10-08,9:37:25.190330281,T,290.72,100,290.96,100,IBM
2025-10-08,9:37:25.190806402,T,290.72,100,290.97,100,IBM
2025-10-08,9:37:25.192350120,T,290.59,100,290.97,100,IBM
2025-10-08,9:37:25.192370128,T,290.59,100,290.97,200,IBM
2025-10-08,9:37:25.192385239,T,290.59,100,290.95,100,IBM
2025-10-08,9:37:25.192836467,T,290.59,100,290.92,100,IBM
2025-10-08,9:37:25.192841334,T,290.59,100,290.95,100,IBM
2025-10-08,9:37:25.192841334,T,290.55,100,290.95,100,IBM
2025-10-08,9:37:25.192901383,T,290.55,100,290.96,100,IBM
2025-10-08,9:37:25.192916510,T,290.72,100,290.96,100,IBM
2025-10-08,9:37:25.195131732,T,290.55,100,290.96,100,IBM
2025-10-08,9:37:25.195156830,T,290.54,100,290.96,100,IBM
2025-10-08,9:37:25.289581904,T,290.54,100,290.96,200,IBM
2025-10-08,9:37:25.292533596,T,290.54,100,290.96,100,IBM
2025-10-08,9:37:25.292583681,T,290.53,100,290.96,100,IBM
2025-10-08,9:37:25.292633803,T,290.4,200,290.96,100,IBM
2025-10-08,9:37:25.311835185,T,290.4,200,290.97,100,IBM
2025-10-08,9:37:25.311835185,T,290.4,200,291.16,100,IBM
2025-10-08,9:37:25.391684628,T,289.89,100,291.16,100,IBM
2025-10-08,9:37:25.391694720,T,290.18,200,291.16,100,IBM
2025-10-08,9:37:25.506357609,T,290.18,200,291.13,100,IBM
2025-10-08,9:37:25.639078694,T,290.18,200,291.24,100,IBM
2025-10-08,9:37:25.834353470,T,290.18,200,291.28,100,IBM
2025-10-08,9:37:26.102486883,T,290.18,200,290.77,100,IBM
2025-10-08,9:37:26.708639869,T,290.18,200,291.43,100,IBM
2025-10-08,9:37:26.708654884,T,290.51,100,291.43,100,IBM
2025-10-08,9:37:26.708664840,T,290.76,100,291.43,100,IBM
2025-10-08,9:37:26.708685209,T,290.76,100,291.53,100,IBM
2025-10-08,9:37:26.708730251,T,290.56,100,291.53,100,IBM
2025-10-08,9:37:26.708755028,T,290.51,100,291.53,100,IBM
2025-10-08,9:37:26.708760040,T,290.51,100,291.46,100,IBM
2025-10-08,9:37:26.708770237,T,290.51,100,291.35,100,IBM
2025-10-08,9:37:26.708780711,T,290.51,100,291.18,100,IBM
2025-10-08,9:37:26.708785146,T,290.51,100,291.24,100,IBM
2025-10-08,9:37:26.708840262,T,290.56,100,291.24,100,IBM
2025-10-08,9:37:26.708890343,T,290.66,100,291.24,100,IBM
2025-10-08,9:37:26.708905393,T,290.65,100,291.24,100,IBM
2025-10-08,9:37:26.708905393,T,290.56,100,291.24,100,IBM
2025-10-08,9:37:26.708965851,T,290.51,100,291.24,100,IBM
2025-10-08,9:37:26.708965851,T,290.56,100,291.24,100,IBM
2025-10-08,9:37:26.708980692,T,290.51,100,291.24,100,IBM
2025-10-08,9:37:26.709000637,T,290.66,100,291.24,100,IBM
2025-10-08,9:37:26.709026239,T,290.65,100,291.24,100,IBM
2025-10-08,9:37:26.709030778,T,290.51,100,291.24,100,IBM
2025-10-08,9:37:26.709216210,T,290.51,100,291.05,100,IBM
2025-10-08,9:37:26.709797634,T,290.59,100,291.05,100,IBM
2025-10-08,9:37:26.814957887,T,290.58,100,291.05,100,IBM
2025-10-08,9:37:26.913683139,T,290.58,100,291.06,100,IBM
2025-10-08,9:37:26.913683139,T,290.58,100,291.53,100,IBM
2025-10-08,9:37:26.913712961,T,290.51,100,291.53,100,IBM
2025-10-08,9:37:26.913717977,T,290.51,100,291.17,100,IBM
2025-10-08,9:37:27.004569257,T,290.54,100,291.17,100,IBM
2025-10-08,9:37:27.232998050,T,290.53,100,291.17,100,IBM
2025-10-08,9:37:27.321152992,T,290.51,100,291.17,100,IBM
2025-10-08,9:37:28.234973414,T,290.54,100,291.17,100,IBM
2025-10-08,9:37:28.235775308,T,290.54,200,291.17,100,IBM
2025-10-08,9:37:28.235780311,T,290.54,100,291.17,100,IBM
2025-10-08,9:37:28.321860310,T,290.54,200,291.17,100,IBM
2025-10-08,9:37:28.321860310,T,290.58,100,291.17,100,IBM
2025-10-08,9:37:28.321865212,T,290.54,200,291.17,100,IBM
2025-10-08,9:37:28.321870319,T,290.55,100,291.17,100,IBM
2025-10-08,9:37:28.321875216,T,290.64,100,291.17,100,IBM
2025-10-08,9:37:28.322100796,T,290.73,100,291.17,100,IBM
2025-10-08,9:37:28.322316300,T,290.55,100,291.17,100,IBM
2025-10-08,9:37:28.322667168,T,290.59,100,291.17,100,IBM
2025-10-08,9:37:28.326982341,T,290.55,100,291.17,100,IBM
2025-10-08,9:37:28.350247738,T,290.51,100,291.17,100,IBM
2025-10-08,9:37:28.495658962,T,290.51,100,291.53,100,IBM
2025-10-08,9:37:28.496195267,T,290.61,100,291.53,100,IBM
2025-10-08,9:37:30.561948193,T,290.62,100,291.53,100,IBM
2025-10-08,9:37:30.561968186,T,290.61,100,291.53,100,IBM
2025-10-08,9:37:30.635924209,T,290.62,100,291.53,100,IBM
2025-10-08,9:37:30.901676924,T,290.61,100,291.53,100,IBM
2025-10-08,9:37:30.907094847,T,290.61,100,291.18,100,IBM
2025-10-08,9:37:30.917369311,T,290.61,100,291.53,100,IBM
2025-10-08,9:37:31.043173836,T,290.61,100,291.57,300,IBM
2025-10-08,9:37:31.047238442,T,290.62,100,291.57,300,IBM
2025-10-08,9:37:31.556295267,T,290.62,200,291.57,300,IBM
2025-10-08,9:37:32.066535127,T,290.62,100,291.57,300,IBM
2025-10-08,9:37:32.067893331,T,290.61,100,291.57,300,IBM
2025-10-08,9:37:34.477549884,T,290.61,100,291.16,100,IBM
2025-10-08,9:37:36.463768585,T,290.61,100,291.05,100,IBM
2025-10-08,9:37:39.883294370,T,290.61,100,291.04,100,IBM
2025-10-08,9:37:39.908484246,T,290.61,100,291.05,100,IBM
2025-10-08,9:37:43.786807355,T,290.65,100,291.05,100,IBM
2025-10-08,9:37:45.286958612,T,290.65,200,291.05,100,IBM
2025-10-08,9:37:45.286973660,T,290.66,100,291.05,100,IBM
2025-10-08,9:37:45.286978686,T,290.66,200,291.05,100,IBM
2025-10-08,9:37:45.287274494,T,290.7,100,291.05,100,IBM
2025-10-08,9:37:45.287279409,T,290.79,100,291.05,100,IBM
2025-10-08,9:37:45.294837341,T,290.66,100,291.05,100,IBM
2025-10-08,9:37:45.307562708,T,290.69,100,291.05,100,IBM
2025-10-08,9:37:45.958768238,T,290.51,100,291.05,100,IBM
2025-10-08,9:37:46.116423503,T,290.79,100,291.05,100,IBM
2025-10-08,9:37:46.119139985,T,290.8,100,291.05,100,IBM
2025-10-08,9:37:46.980340025,T,290.8,100,291.57,300,IBM
2025-10-08,9:37:46.980365203,T,290.85,100,291.57,300,IBM
2025-10-08,9:37:46.980515429,T,290.81,100,291.57,300,IBM
2025-10-08,9:37:46.980560649,T,290.81,100,291.57,200,IBM
2025-10-08,9:37:46.980605724,T,290.85,100,291.57,200,IBM
2025-10-08,9:37:47.026560103,T,290.8,100,291.57,200,IBM
2025-10-08,9:37:47.027592562,T,290.79,100,291.57,200,IBM
2025-10-08,9:37:47.030314043,T,290.8,100,291.57,200,IBM
2025-10-08,9:37:47.772180114,T,290.79,200,291.57,200,IBM
2025-10-08,9:37:47.847349025,T,290.79,100,291.57,200,IBM
2025-10-08,9:37:48.903583607,T,290.79,100,291.1,100,IBM
2025-10-08,9:37:48.961511543,T,290.79,100,291.1,200,IBM
2025-10-08,9:37:50.216579479,T,290.79,100,291.09,100,IBM
2025-10-08,9:37:50.216644651,T,290.79,100,291.1,200,IBM
2025-10-08,9:37:54.367897856,T,290.79,100,291.1,300,IBM
2025-10-08,9:37:54.367897856,T,290.79,100,291.1,200,IBM
2025-10-08,9:37:54.367897856,T,290.79,100,291.09,300,IBM
2025-10-08,9:37:54.375550923,T,290.41,200,291.09,300,IBM
2025-10-08,9:37:54.375575977,T,290.41,200,290.8,100,IBM
2025-10-08,9:37:54.375901725,T,290.41,200,290.79,100,IBM
2025-10-08,9:37:54.376132120,T,290.41,200,290.89,100,IBM
2025-10-08,9:37:54.376177409,T,290.41,200,290.91,100,IBM
2025-10-08,9:37:54.376212439,T,290.41,200,291.09,300,IBM
2025-10-08,9:37:54.376508126,T,290.51,100,291.09,300,IBM
2025-10-08,9:37:54.376813878,T,290.5,100,291.09,300,IBM
2025-10-08,9:37:54.376868954,T,290.41,200,291.09,300,IBM
2025-10-08,9:37:54.377064437,T,290.49,200,291.09,300,IBM
2025-10-08,9:37:54.380773253,T,290.49,200,291.1,500,IBM
2025-10-08,9:37:54.459064714,T,290.49,200,291.1,200,IBM
2025-10-08,9:37:54.514416428,T,290.49,200,291.08,100,IBM
2025-10-08,9:37:55.639569936,T,290.49,200,291.03,100,IBM
2025-10-08,9:37:57.365538959,T,290.6,200,291.03,100,IBM
2025-10-08,9:37:57.511471370,T,290.6,200,290.93,100,IBM
2025-10-08,9:37:59.537063613,T,290.61,100,290.93,100,IBM
2025-10-08,9:37:59.537479574,T,290.61,100,291.03,100,IBM
2025-10-08,9:37:59.537569760,T,290.74,100,291.03,100,IBM
2025-10-08,9:37:59.537604904,T,290.75,100,291.03,100,IBM
2025-10-08,9:37:59.537830388,T,290.75,200,291.03,100,IBM
2025-10-08,9:37:59.538056017,T,290.75,100,291.03,100,IBM
2025-10-08,9:37:59.538371681,T,290.79,100,291.03,100,IBM
2025-10-08,9:37:59.545368422,T,290.76,100,291.03,100,IBM
2025-10-08,9:37:59.570633895,T,290.61,200,291.03,100,IBM
2025-10-08,9:37:59.570663633,T,290.62,100,291.03,100,IBM
2025-10-08,9:37:59.579900643,T,290.62,100,290.94,100,IBM
2025-10-08,9:37:59.579975799,T,290.62,100,291.02,100,IBM
2025-10-08,9:37:59.580341663,T,290.62,100,290.93,100,IBM
2025-10-08,9:37:59.580401828,T,290.61,100,290.93,100,IBM
2025-10-08,9:37:59.580421900,T,290.41,200,290.93,100,IBM
2025-10-08,9:37:59.580682459,T,290.41,200,291.02,100,IBM
2025-10-08,9:37:59.581053381,T,290.41,200,291.03,200,IBM
2025-10-08,9:37:59.583118299,T,290.41,300,291.03,200,IBM
2025-10-08,9:37:59.583148262,T,290.41,200,291.03,200,IBM
2025-10-08,9:37:59.583148262,T,290.62,100,291.03,200,IBM
2025-10-08,9:37:59.583178412,T,290.62,100,291.03,100,IBM
2025-10-08,9:37:59.614828749,T,290.41,200,291.03,100,IBM
2025-10-08,9:37:59.614858906,T,290.41,200,291.02,100,IBM
2025-10-08,9:37:59.628631588,T,290.41,200,291.03,200,IBM
2025-10-08,9:37:59.628636632,T,290.41,200,291.03,100,IBM
2025-10-08,9:37:59.634385367,T,290.41,200,291.03,200,IBM
2025-10-08,9:37:59.646018049,T,290.41,200,291.02,100,IBM
2025-10-08,9:37:59.646018049,T,290.41,200,291.02,200,IBM
2025-10-08,9:37:59.680234496,T,290.41,200,291.02,100,IBM
2025-10-08,9:37:59.767411985,T,290.6,100,291.02,100,IBM
2025-10-08,9:37:59.897526830,T,290.6,100,291.03,100,IBM
2025-10-08,9:38:00.849433097,T,290.6,100,291.02,100,IBM
2025-10-08,9:38:00.971563922,T,290.6,100,291.03,100,IBM
2025-10-08,9:38:01.051439088,T,290.6,100,290.93,100,IBM
2025-10-08,9:38:01.700684607,T,290.6,100,290.92,100,IBM
2025-10-08,9:38:01.700814913,T,290.6,100,290.78,100,IBM
2025-10-08,9:38:01.700865047,T,290.41,200,290.78,100,IBM
2025-10-08,9:38:01.700890320,T,290.41,200,290.61,100,IBM
2025-10-08,9:38:01.700920771,T,290.11,100,290.61,100,IBM
2025-10-08,9:38:01.700920771,T,290.22,200,290.61,100,IBM
2025-10-08,9:38:01.701040549,T,290.22,200,290.6,100,IBM
2025-10-08,9:38:01.701401321,T,290.22,200,290.77,100,IBM
2025-10-08,9:38:01.701421429,T,290.22,200,290.78,200,IBM
2025-10-08,9:38:01.701486490,T,290.22,200,290.69,100,IBM
2025-10-08,9:38:01.701667048,T,290.52,100,290.69,100,IBM
2025-10-08,9:38:01.701691976,T,290.22,200,290.69,100,IBM
2025-10-08,9:38:01.767378403,T,289.97,100,290.69,100,IBM
2025-10-08,9:38:01.774615628,T,289.97,100,290.7,100,IBM
2025-10-08,9:38:01.774615628,T,289.97,100,290.78,100,IBM
2025-10-08,9:38:01.809563787,T,290.0,200,290.78,100,IBM
2025-10-08,9:38:02.905743605,T,290.0,200,290.51,100,IBM
2025-10-08,9:38:02.905743605,T,290.0,200,290.78,100,IBM
2025-10-08,9:38:03.420779607,T,290.0,200,290.5,100,IBM
2025-10-08,9:38:03.475790674,T,290.2,100,290.5,100,IBM
2025-10-08,9:38:04.712985962,T,290.2,100,290.49,100,IBM
2025-10-08,9:38:04.715171137,T,290.2,100,290.42,100,IBM
2025-10-08,9:38:04.717461835,T,290.2,100,290.49,100,IBM
2025-10-08,9:38:04.759221034,T,290.2,100,290.5,100,IBM
2025-10-08,9:38:05.076045454,T,290.2,100,290.49,100,IBM
2025-10-08,9:38:05.076065274,T,290.0,200,290.49,100,IBM
2025-10-08,9:38:05.076085673,T,290.0,200,290.2,100,IBM
2025-10-08,9:38:05.076706789,T,290.0,200,290.27,100,IBM
2025-10-08,9:38:05.076706789,T,290.0,200,290.32,100,IBM
2025-10-08,9:38:05.080165020,T,290.0,200,290.33,100,IBM
2025-10-08,9:38:05.080165020,T,290.0,200,290.49,100,IBM
2025-10-08,9:38:05.081037119,T,289.51,100,290.49,100,IBM
2025-10-08,9:38:05.081047136,T,289.73,200,290.49,100,IBM
2025-10-08,9:38:05.662967531,T,290.01,100,290.49,100,IBM
2025-10-08,9:38:05.987846011,T,290.01,100,290.19,100,IBM
2025-10-08,9:38:07.310118829,T,290.01,100,290.17,100,IBM
2025-10-08,9:38:10.656605797,T,289.73,200,290.17,100,IBM
2025-10-08,9:38:10.679079196,T,289.73,200,290.11,100,IBM
2025-10-08,9:38:10.679495302,T,289.73,200,290.1,100,IBM
2025-10-08,9:38:10.679585507,T,289.73,200,290.09,100,IBM
2025-10-08,9:38:10.679906221,T,289.73,200,290.1,100,IBM
2025-10-08,9:38:10.680627911,T,289.6,100,290.1,100,IBM
2025-10-08,9:38:10.680728176,T,289.6,100,290.11,100,IBM
2025-10-08,9:38:10.680788299,T,289.6,100,290.11,200,IBM
2025-10-08,9:38:10.680883495,T,289.6,100,290.11,100,IBM
2025-10-08,9:38:10.681144112,T,289.52,300,290.11,100,IBM
2025-10-08,9:38:10.681169322,T,289.52,200,290.11,100,IBM
2025-10-08,9:38:10.681274523,T,289.52,300,290.11,100,IBM
2025-10-08,9:38:10.681304527,T,289.58,100,290.11,100,IBM
2025-10-08,9:38:10.681314545,T,289.52,300,290.11,100,IBM
2025-10-08,9:38:10.681339584,T,289.75,100,290.11,100,IBM
2025-10-08,9:38:10.681374865,T,289.75,100,290.12,100,IBM
2025-10-08,9:38:10.681374865,T,289.75,100,290.17,100,IBM
2025-10-08,9:38:10.681389766,T,289.75,100,290.16,100,IBM
2025-10-08,9:38:10.681394791,T,289.58,100,290.16,100,IBM
2025-10-08,9:38:10.681419845,T,289.75,100,290.16,100,IBM
2025-10-08,9:38:10.681444901,T,289.79,100,290.16,100,IBM
2025-10-08,9:38:10.682046313,T,289.75,100,290.16,100,IBM
2025-10-08,9:38:10.682331977,T,289.75,100,290.17,100,IBM
2025-10-08,9:38:10.682387074,T,289.75,100,290.17,200,IBM
2025-10-08,9:38:10.682397443,T,289.75,100,290.16,100,IBM
2025-10-08,9:38:10.689012951,T,289.75,100,290.17,100,IBM
2025-10-08,9:38:10.779538453,T,289.88,200,290.17,100,IBM
2025-10-08,9:38:11.384548704,T,289.88,200,290.8,100,IBM
2025-10-08,9:38:11.384568729,T,289.9,100,290.8,100,IBM
2025-10-08,9:38:11.384603944,T,290.05,100,290.8,100,IBM
2025-10-08,9:38:11.384643976,T,289.95,100,290.8,100,IBM
2025-10-08,9:38:11.384659063,T,290.03,100,290.8,100,IBM
2025-10-08,9:38:11.384673971,T,289.95,100,290.8,100,IBM
2025-10-08,9:38:11.384689017,T,289.9,100,290.8,100,IBM
2025-10-08,9:38:11.384694040,T,289.9,100,290.79,100,IBM
2025-10-08,9:38:11.384709159,T,289.9,100,290.58,100,IBM
2025-10-08,9:38:11.385330663,T,289.9,200,290.58,100,IBM
2025-10-08,9:38:11.385516054,T,289.9,200,290.69,100,IBM
2025-10-08,9:38:11.385581244,T,289.9,100,290.69,100,IBM
2025-10-08,9:38:11.385696470,T,289.9,100,290.79,100,IBM
2025-10-08,9:38:11.385716466,T,289.9,100,290.8,100,IBM
2025-10-08,9:38:11.385751623,T,289.9,100,290.79,100,IBM
2025-10-08,9:38:11.385756698,T,289.9,100,290.46,100,IBM
2025-10-08,9:38:11.386117524,T,289.9,100,290.47,100,IBM
2025-10-08,9:38:11.386202621,T,289.9,100,290.46,100,IBM
2025-10-08,9:38:11.386728919,T,289.99,100,290.46,100,IBM
2025-10-08,9:38:11.430317688,T,289.99,100,290.47,100,IBM
2025-10-08,9:38:11.430322747,T,289.99,100,290.79,100,IBM
2025-10-08,9:38:11.430533229,T,289.99,200,290.79,100,IBM
2025-10-08,9:38:11.430563223,T,290.0,100,290.79,100,IBM
2025-10-08,9:38:11.437133923,T,290.0,100,290.69,100,IBM
2025-10-08,9:38:11.484682142,T,290.0,100,290.8,100,IBM
2025-10-08,9:38:11.484917635,T,290.0,100,290.69,100,IBM
2025-10-08,9:38:11.485489019,T,290.0,200,290.69,100,IBM
2025-10-08,9:38:11.527408961,T,290.0,300,290.69,100,IBM
2025-10-08,9:38:11.649805197,T,290.0,300,290.8,100,IBM
2025-10-08,9:38:11.731885574,T,290.0,300,290.89,200,IBM
2025-10-08,9:38:11.892863887,T,290.0,200,290.89,200,IBM
2025-10-08,9:38:12.130003526,T,290.0,200,290.45,100,IBM
2025-10-08,9:38:17.544799579,T,290.0,100,290.45,100,IBM
2025-10-08,9:38:20.414281039,T,290.01,100,290.45,100,IBM
2025-10-08,9:38:22.485361437,T,290.0,100,290.45,100,IBM
2025-10-08,9:38:22.485366494,T,289.99,100,290.45,100,IBM
2025-10-08,9:38:22.491486036,T,290.08,100,290.45,100,IBM
2025-10-08,9:38:23.731768629,T,290.17,100,290.45,100,IBM
2025-10-08,9:38:23.732264833,T,290.17,200,290.45,100,IBM
2025-10-08,9:38:33.403253522,T,290.17,100,290.45,100,IBM
2025-10-08,9:38:33.405594142,T,290.17,100,290.89,200,IBM
2025-10-08,9:38:33.405604134,T,290.12,100,290.89,200,IBM
2025-10-08,9:38:33.405644207,T,290.21,100,290.89,200,IBM
2025-10-08,9:38:33.405649304,T,290.12,100,290.89,200,IBM
2025-10-08,9:38:33.406345934,T,290.21,100,290.89,200,IBM
2025-10-08,9:38:33.406661609,T,290.12,100,290.89,200,IBM
2025-10-08,9:38:33.406867096,T,290.21,100,290.89,200,IBM
2025-10-08,9:38:33.410620999,T,290.12,100,290.89,200,IBM
2025-10-08,9:38:33.414294814,T,290.12,100,290.67,100,IBM
2025-10-08,9:38:33.640292841,T,290.38,200,290.67,100,IBM
2025-10-08,9:38:34.474944806,T,290.52,200,290.67,100,IBM
2025-10-08,9:38:35.506621010,T,290.12,100,290.67,100,IBM
2025-10-08,9:38:35.506641164,T,290.12,100,290.53,100,IBM
2025-10-08,9:38:35.507092174,T,290.12,100,290.52,100,IBM
2025-10-08,9:38:35.507147262,T,290.12,100,290.67,100,IBM
2025-10-08,9:38:35.514073804,T,290.13,100,290.67,100,IBM
2025-10-08,9:38:35.558329158,T,290.24,100,290.67,100,IBM
2025-10-08,9:38:35.971462608,T,290.24,100,290.67,200,IBM
2025-10-08,9:38:36.002025395,T,290.13,100,290.67,200,IBM
2025-10-08,9:38:36.288903299,T,290.12,100,290.67,200,IBM
2025-10-08,9:38:37.001409693,T,290.12,100,290.67,100,IBM
2025-10-08,9:38:37.744463668,T,290.12,100,290.61,100,IBM
2025-10-08,9:38:39.074916060,T,290.12,100,290.61,200,IBM
2025-10-08,9:38:42.835483690,T,290.2,100,290.61,200,IBM
2025-10-08,9:38:45.319036385,T,290.12,100,290.61,200,IBM
2025-10-08,9:38:45.952263741,T,290.2,100,290.61,200,IBM
2025-10-08,9:38:46.447963847,T,290.12,100,290.61,200,IBM
2025-10-08,9:38:47.187880438,T,290.12,100,290.61,100,IBM
2025-10-08,9:38:47.969957272,T,290.12,100,290.48,100,IBM
2025-10-08,9:38:48.784306095,T,290.12,100,290.43,100,IBM
2025-10-08,9:38:48.784837320,T,290.12,100,290.48,100,IBM
2025-10-08,9:38:50.981672181,T,290.12,100,290.37,100,IBM
2025-10-08,9:38:50.982078121,T,290.12,100,290.48,100,IBM
2025-10-08,9:38:50.982248630,T,290.12,100,290.37,100,IBM
2025-10-08,9:38:50.985496355,T,290.12,100,290.48,200,IBM
2025-10-08,9:38:50.988628780,T,290.12,100,290.48,100,IBM
2025-10-08,9:38:50.999214094,T,290.17,100,290.48,100,IBM
2025-10-08,9:38:50.999554831,T,290.17,100,290.37,100,IBM
2025-10-08,9:38:50.999659989,T,290.12,100,290.37,100,IBM
2025-10-08,9:38:51.000030943,T,290.13,100,290.37,100,IBM
2025-10-08,9:38:51.000060961,T,290.17,100,290.37,100,IBM
2025-10-08,9:38:51.003875115,T,290.13,100,290.37,100,IBM
2025-10-08,9:38:51.003895168,T,290.12,100,290.37,100,IBM
2025-10-08,9:38:51.019948302,T,290.17,100,290.37,100,IBM
2025-10-08,9:38:52.309032201,T,290.17,100,290.36,100,IBM
2025-10-08,9:38:52.309052312,T,290.17,100,290.36,200,IBM
2025-10-08,9:38:53.205506339,T,290.13,100,290.36,200,IBM
2025-10-08,9:38:53.205967495,T,290.23,100,290.36,200,IBM
2025-10-08,9:38:53.205992505,T,290.23,100,290.36,100,IBM
2025-10-08,9:38:53.205992505,T,290.23,100,290.53,100,IBM
2025-10-08,9:38:53.206017658,T,290.23,200,290.53,100,IBM
2025-10-08,9:38:53.206488690,T,290.23,100,290.53,100,IBM
2025-10-08,9:38:53.911056049,T,290.23,200,290.53,100,IBM
2025-10-08,9:38:53.911421923,T,290.23,200,290.91,200,IBM
2025-10-08,9:38:53.911472087,T,290.33,100,290.91,200,IBM
2025-10-08,9:38:53.918588939,T,290.23,100,290.91,200,IBM
2025-10-08,9:38:55.172133308,T,290.23,100,290.67,100,IBM
2025-10-08,9:38:58.527892404,T,290.18,100,290.67,100,IBM
2025-10-08,9:38:59.409671639,T,290.33,100,290.67,100,IBM
2025-10-08,9:38:59.409686563,T,290.34,100,290.67,100,IBM
2025-10-08,9:38:59.414021849,T,290.18,100,290.67,100,IBM
2025-10-08,9:39:00.087344742,T,289.9,100,290.67,100,IBM
2025-10-08,9:39:00.087379834,T,290.3,100,290.67,100,IBM
2025-10-08,9:39:00.244534050,T,290.3,100,291.03,100,IBM
2025-10-08,9:39:00.244539034,T,290.3,100,291.09,200,IBM
2025-10-08,9:39:00.245150569,T,290.3,100,291.01,100,IBM
2025-10-08,9:39:00.245245715,T,290.3,100,291.03,100,IBM
2025-10-08,9:39:00.245396051,T,290.3,100,291.09,200,IBM
2025-10-08,9:39:00.245426109,T,290.3,100,291.09,300,IBM
2025-10-08,9:39:00.245776942,T,290.56,100,291.09,300,IBM
2025-10-08,9:39:00.246132851,T,290.56,100,291.09,200,IBM
2025-10-08,9:39:00.249540982,T,290.56,100,290.78,100,IBM
2025-10-08,9:39:01.619166614,T,290.56,100,290.78,200,IBM
2025-10-08,9:39:06.184705728,T,290.56,100,290.78,300,IBM
2025-10-08,9:39:06.184730802,T,290.56,100,290.78,200,IBM
2025-10-08,9:39:06.195020352,T,290.51,100,290.78,200,IBM
2025-10-08,9:39:06.195045422,T,290.51,100,290.57,100,IBM
2025-10-08,9:39:06.195075466,T,290.51,100,290.77,100,IBM
2025-10-08,9:39:06.195105629,T,290.51,100,290.78,300,IBM
2025-10-08,9:39:06.195757066,T,290.51,100,290.78,200,IBM
2025-10-08,9:39:06.498001607,T,290.51,200,290.78,200,IBM
2025-10-08,9:39:07.263879853,T,290.51,200,290.78,300,IBM
2025-10-08,9:39:08.774155309,T,290.51,200,290.78,400,IBM
2025-10-08,9:39:16.300563481,T,290.51,100,290.78,400,IBM
2025-10-08,9:39:16.846247573,T,290.51,200,290.78,400,IBM
2025-10-08,9:39:20.139728413,T,290.51,200,290.78,700,IBM
2025-10-08,9:39:22.103478584,T,290.51,200,290.78,800,IBM
2025-10-08,9:39:22.107838937,T,290.51,200,290.78,700,IBM
2025-10-08,9:39:23.002724309,T,290.51,200,290.78,800,IBM
2025-10-08,9:39:23.011249554,T,290.51,200,290.78,700,IBM
2025-10-08,9:39:24.179305351,T,290.51,200,290.76,100,IBM
2025-10-08,9:39:25.871574243,T,290.51,200,290.76,1000,IBM
2025-10-08,9:39:27.475116571,T,290.51,100,290.76,1000,IBM
2025-10-08,9:39:28.447316142,T,290.51,200,290.76,1000,IBM
2025-10-08,9:39:29.285331380,T,290.51,200,290.76,900,IBM
2025-10-08,9:39:30.584464094,T,290.51,200,290.69,100,IBM
2025-10-08,9:39:33.604012673,T,290.51,200,291.03,100,IBM
2025-10-08,9:39:33.604037618,T,290.68,100,291.03,100,IBM
2025-10-08,9:39:33.604273178,T,290.52,100,291.03,100,IBM
2025-10-08,9:39:33.604293246,T,290.51,200,291.03,100,IBM
2025-10-08,9:39:33.604308243,T,290.51,200,290.91,100,IBM
2025-10-08,9:39:33.604353562,T,290.52,100,290.91,100,IBM
2025-10-08,9:39:33.604373454,T,290.51,200,290.91,100,IBM
2025-10-08,9:39:33.604423583,T,290.52,100,290.91,100,IBM
2025-10-08,9:39:33.604438594,T,290.51,200,290.91,100,IBM
2025-10-08,9:39:33.604669175,T,290.52,100,290.91,100,IBM
2025-10-08,9:39:33.604744400,T,290.51,200,290.91,100,IBM
2025-10-08,9:39:33.604829582,T,290.52,100,290.91,100,IBM
2025-10-08,9:39:33.605380881,T,290.52,100,291.01,100,IBM
2025-10-08,9:39:33.605526248,T,290.52,100,290.91,100,IBM
2025-10-08,9:39:33.605546321,T,290.52,100,291.01,100,IBM
2025-10-08,9:39:33.608879196,T,290.51,200,291.01,100,IBM
2025-10-08,9:39:33.615635298,T,290.51,200,290.88,100,IBM
2025-10-08,9:39:33.616652704,T,290.51,200,290.73,100,IBM
2025-10-08,9:39:33.617881298,T,290.51,200,290.88,100,IBM
2025-10-08,9:39:33.617885621,T,290.51,200,290.91,100,IBM
2025-10-08,9:39:33.617905601,T,290.52,100,290.91,100,IBM
2025-10-08,9:39:33.617910675,T,290.56,100,290.91,100,IBM
2025-10-08,9:39:33.617925733,T,290.56,100,291.03,100,IBM
2025-10-08,9:39:33.617945702,T,290.56,100,291.17,100,IBM
2025-10-08,9:39:33.619459399,T,290.53,100,291.17,100,IBM
2025-10-08,9:39:33.718144302,T,290.51,100,291.17,100,IBM
2025-10-08,9:39:36.257124179,T,290.51,100,291.13,100,IBM
2025-10-08,9:39:36.599118308,T,290.51,200,291.13,100,IBM
2025-10-08,9:39:37.126513800,T,290.51,200,291.03,100,IBM
2025-10-08,9:39:37.640527613,T,290.51,100,291.03,100,IBM
2025-10-08,9:39:40.765923015,T,290.51,100,291.17,100,IBM
2025-10-08,9:39:40.765953034,T,290.51,100,291.24,100,IBM
2025-10-08,9:39:40.767256098,T,290.51,100,291.27,200,IBM
2025-10-08,9:39:40.767286204,T,290.54,100,291.27,200,IBM
2025-10-08,9:39:40.767286204,T,290.59,100,291.27,200,IBM
2025-10-08,9:39:40.767316371,T,290.68,100,291.27,200,IBM
2025-10-08,9:39:40.767887576,T,290.59,100,291.27,200,IBM
2025-10-08,9:39:40.768413826,T,290.68,100,291.27,200,IBM
2025-10-08,9:39:40.932644819,T,290.68,200,291.27,200,IBM
2025-10-08,9:39:43.002998681,T,290.68,100,291.27,200,IBM
2025-10-08,9:39:43.574188980,T,290.7,100,291.27,200,IBM
2025-10-08,9:39:43.574193683,T,290.75,100,291.27,200,IBM
2025-10-08,9:39:43.574624584,T,290.71,100,291.27,200,IBM
2025-10-08,9:39:43.574835195,T,290.71,200,291.27,200,IBM
2025-10-08,9:39:43.574995490,T,290.75,100,291.27,200,IBM
2025-10-08,9:39:43.575501829,T,290.75,100,291.17,100,IBM
2025-10-08,9:39:43.575511799,T,290.75,100,291.16,100,IBM
2025-10-08,9:39:43.575521761,T,290.71,200,291.16,100,IBM
2025-10-08,9:39:43.585164800,T,290.71,100,291.16,100,IBM
2025-10-08,9:39:43.654179017,T,290.75,100,291.16,100,IBM
2025-10-08,9:39:43.675625090,T,290.75,100,291.27,200,IBM
2025-10-08,9:39:43.698133712,T,290.68,100,291.27,200,IBM
2025-10-08,9:39:43.708182697,T,290.75,100,291.27,200,IBM
2025-10-08,9:39:43.937578767,T,290.75,100,291.02,100,IBM
2025-10-08,9:39:43.938210213,T,290.75,100,291.27,200,IBM
2025-10-08,9:39:43.938235311,T,290.76,100,291.27,200,IBM
2025-10-08,9:39:43.938245316,T,290.77,100,291.27,200,IBM
2025-10-08,9:39:43.938495874,T,290.81,100,291.27,200,IBM
2025-10-08,9:39:43.938641229,T,290.81,100,291.93,100,IBM
2025-10-08,9:39:43.938646285,T,290.81,100,291.46,200,IBM
2025-10-08,9:39:43.939032198,T,290.82,100,291.46,200,IBM
2025-10-08,9:39:43.940044574,T,290.82,300,291.46,200,IBM
2025-10-08,9:39:43.984690889,T,290.82,200,291.46,200,IBM
2025-10-08,9:39:43.985202080,T,290.82,300,291.46,200,IBM
2025-10-08,9:39:48.095372056,T,290.82,100,291.46,200,IBM
2025-10-08,9:39:48.626631942,T,290.82,100,291.32,100,IBM
2025-10-08,9:39:49.988007875,T,290.82,100,291.32,200,IBM
2025-10-08,9:39:50.105933666,T,290.78,200,291.32,200,IBM
2025-10-08,9:39:51.094426935,T,291.08,100,291.32,200,IBM
2025-10-08,9:39:51.562185571,T,290.78,100,291.32,200,IBM
2025-10-08,9:39:51.562230599,T,290.78,100,291.25,100,IBM
2025-10-08,9:39:51.562240742,T,290.78,100,291.28,100,IBM
2025-10-08,9:39:51.562245651,T,290.78,100,291.2,100,IBM
2025-10-08,9:39:51.562776900,T,290.78,100,291.28,100,IBM
2025-10-08,9:39:51.562781989,T,290.78,100,291.31,100,IBM
2025-10-08,9:39:51.562802009,T,290.79,100,291.31,100,IBM
2025-10-08,9:39:51.562862392,T,290.81,100,291.31,100,IBM
2025-10-08,9:39:51.562917300,T,290.79,100,291.31,100,IBM
2025-10-08,9:39:51.562982392,T,290.84,100,291.31,100,IBM
2025-10-08,9:39:51.563002423,T,290.84,100,291.28,100,IBM
2025-10-08,9:39:51.563012530,T,290.84,100,291.27,100,IBM
2025-10-08,9:39:51.563042606,T,290.84,100,291.28,100,IBM
2025-10-08,9:39:51.563232964,T,290.79,100,291.28,100,IBM
2025-10-08,9:39:51.563258079,T,290.79,100,291.31,100,IBM
2025-10-08,9:39:51.563383470,T,291.07,100,291.31,100,IBM
2025-10-08,9:39:51.563403354,T,290.79,100,291.31,100,IBM
2025-10-08,9:39:51.563488617,T,290.79,100,291.27,100,IBM
2025-10-08,9:39:51.563498606,T,290.79,100,291.31,100,IBM
2025-10-08,9:39:51.563518649,T,290.79,100,291.27,100,IBM
2025-10-08,9:39:51.563523861,T,290.79,100,291.21,100,IBM
2025-10-08,9:39:51.563568858,T,290.79,100,291.24,100,IBM
2025-10-08,9:39:51.563849507,T,290.84,100,291.24,100,IBM
2025-10-08,9:39:51.563854596,T,290.84,100,291.27,100,IBM
2025-10-08,9:39:51.564030175,T,290.84,100,291.31,100,IBM
2025-10-08,9:39:51.567788952,T,290.79,100,291.31,100,IBM
2025-10-08,9:39:51.573156673,T,290.84,100,291.31,100,IBM
2025-10-08,9:39:51.613211951,T,290.84,100,291.27,100,IBM
2025-10-08,9:39:51.613342262,T,290.79,100,291.27,100,IBM
2025-10-08,9:39:51.613362587,T,290.79,100,291.24,100,IBM
2025-10-08,9:39:51.613377430,T,290.79,100,291.23,100,IBM
2025-10-08,9:39:51.630568311,T,290.79,100,291.24,100,IBM
2025-10-08,9:39:51.662935385,T,290.78,200,291.24,100,IBM
2025-10-08,9:39:51.713636045,T,290.78,200,291.32,200,IBM
2025-10-08,9:39:51.714433005,T,290.84,100,291.32,200,IBM
2025-10-08,9:39:52.859744565,T,290.84,100,291.23,100,IBM
2025-10-08,9:39:53.324215353,T,290.78,100,291.23,100,IBM
2025-10-08,9:39:53.374620326,T,290.78,100,291.23,200,IBM
2025-10-08,9:40:00.788640945,T,290.78,100,291.22,100,IBM
2025-10-08,9:40:00.789127140,T,290.78,100,291.22,200,IBM
2025-10-08,9:40:00.789157144,T,290.78,100,291.22,100,IBM
2025-10-08,9:40:00.789307560,T,290.78,100,291.23,200,IBM
2025-10-08,9:40:00.789337622,T,290.91,100,291.23,200,IBM
2025-10-08,9:40:00.789382825,T,290.78,200,291.23,200,IBM
2025-10-08,9:40:00.789408145,T,290.78,200,291.23,300,IBM
2025-10-08,9:40:00.789408145,T,290.78,200,291.22,100,IBM
2025-10-08,9:40:00.789417834,T,290.78,200,291.18,100,IBM
2025-10-08,9:40:00.789423076,T,290.78,200,291.22,100,IBM
2025-10-08,9:40:00.789423076,T,290.78,200,291.21,100,IBM
2025-10-08,9:40:00.789432879,T,290.88,100,291.21,100,IBM
2025-10-08,9:40:00.789478021,T,290.88,100,291.22,100,IBM
2025-10-08,9:40:00.789482965,T,290.88,100,291.21,100,IBM
2025-10-08,9:40:00.789528085,T,290.88,100,291.22,100,IBM
2025-10-08,9:40:00.789533131,T,290.91,100,291.22,100,IBM
2025-10-08,9:40:00.789858892,T,290.91,100,291.21,100,IBM
2025-10-08,9:40:00.790555710,T,290.88,100,291.21,100,IBM
2025-10-08,9:40:00.806834267,T,290.88,100,291.22,100,IBM
2025-10-08,9:40:00.806859400,T,290.88,100,291.23,200,IBM
2025-10-08,9:40:01.178749749,T,290.88,100,291.23,300,IBM
2025-10-08,9:40:01.179090465,T,290.78,100,291.23,300,IBM
2025-10-08,9:40:01.181786833,T,290.78,100,291.2,100,IBM
2025-10-08,9:40:01.182924563,T,290.78,100,291.23,300,IBM
2025-10-08,9:40:01.183716520,T,290.78,100,291.23,200,IBM
2025-10-08,9:40:01.749503375,T,290.78,100,291.2,100,IBM
2025-10-08,9:40:03.225101309,T,290.78,100,290.88,100,IBM
2025-10-08,9:40:03.225131349,T,290.78,100,291.2,100,IBM
2025-10-08,9:40:03.225151446,T,290.78,100,290.88,100,IBM
2025-10-08,9:40:03.225161433,T,290.78,100,291.06,100,IBM
2025-10-08,9:40:03.225181449,T,290.78,100,290.88,100,IBM
2025-10-08,9:40:03.225186496,T,290.78,100,291.06,100,IBM
2025-10-08,9:40:03.225191540,T,290.78,100,291.2,100,IBM
2025-10-08,9:40:03.225196553,T,290.78,100,290.88,100,IBM
2025-10-08,9:40:03.225201539,T,290.78,100,291.06,100,IBM
2025-10-08,9:40:03.225206629,T,290.78,100,291.2,100,IBM
2025-10-08,9:40:03.225216608,T,290.78,100,290.88,100,IBM
2025-10-08,9:40:03.225231540,T,290.86,100,290.88,100,IBM
2025-10-08,9:40:03.225231540,T,290.78,200,290.88,100,IBM
2025-10-08,9:40:03.225251598,T,290.78,100,290.88,100,IBM
2025-10-08,9:40:03.225788309,T,290.52,200,290.88,100,IBM
2025-10-08,9:40:03.226855481,T,290.57,100,290.88,100,IBM
2025-10-08,9:40:03.234258112,T,290.57,100,290.88,200,IBM
2025-10-08,9:40:03.234288160,T,290.57,100,290.88,100,IBM
2025-10-08,9:40:03.234659001,T,290.52,200,290.88,100,IBM
2025-10-08,9:40:03.236022250,T,290.11,100,290.88,100,IBM
2025-10-08,9:40:03.236027321,T,290.22,200,290.88,100,IBM
2025-10-08,9:40:04.190840472,T,290.22,200,290.88,200,IBM
2025-10-08,9:40:05.437904568,T,290.22,200,290.78,100,IBM
2025-10-08,9:40:06.989874005,T,290.52,100,290.78,100,IBM
2025-10-08,9:40:06.990375133,T,290.57,100,290.78,100,IBM
2025-10-08,9:40:11.441326505,T,290.57,100,290.78,200,IBM
2025-10-08,9:40:11.441336472,T,290.22,200,290.78,200,IBM
2025-10-08,9:40:11.441597122,T,290.22,200,290.69,100,IBM
2025-10-08,9:40:11.441727811,T,290.22,200,290.63,100,IBM
2025-10-08,9:40:11.442419135,T,290.22,200,290.66,100,IBM
2025-10-08,9:40:11.442419135,T,290.22,200,290.64,100,IBM
2025-10-08,9:40:11.442764886,T,290.22,200,290.63,100,IBM
2025-10-08,9:40:11.446518807,T,289.9,100,290.63,100,IBM
2025-10-08,9:40:11.446523897,T,290.01,200,290.63,100,IBM
2025-10-08,9:40:11.446543907,T,290.01,200,290.66,100,IBM
2025-10-08,9:40:11.446759582,T,290.01,200,290.78,200,IBM
2025-10-08,9:40:11.446779530,T,290.01,200,290.78,100,IBM
2025-10-08,9:40:11.668261696,T,290.01,200,290.74,100,IBM
2025-10-08,9:40:12.451255807,T,290.01,200,290.74,200,IBM
2025-10-08,9:40:13.579035733,T,290.01,200,290.62,100,IBM
2025-10-08,9:40:19.491461707,T,290.01,200,290.62,200,IBM
2025-10-08,9:40:19.491837609,T,290.01,200,290.57,100,IBM
2025-10-08,9:40:19.495115381,T,290.01,200,290.62,200,IBM
