DATE,TIME_M,EX,BID,BIDSIZ,ASK,ASKSIZ,SYM_ROOT
2025-12-30,9:30:01.025025007,T,303.66,40,306.5,40,IBM
2025-12-30,9:30:01.025025007,T,303.66,40,305.81,40,IBM
2025-12-30,9:30:01.025029969,T,303.66,40,305.81,80,IBM
2025-12-30,9:30:01.025065075,T,303.66,40,305.81,40,IBM
2025-12-30,9:30:01.025145276,T,303.66,40,307.5,200,IBM
2025-12-30,9:30:01.026222825,T,303.66,40,306.0,40,IBM
2025-12-30,9:30:01.026257853,T,303.66,40,307.5,200,IBM
2025-12-30,9:30:01.026267903,T,303.66,40,307.5,240,IBM
2025-12-30,9:30:01.026308040,T,303.66,40,307.5,200,IBM
2025-12-30,9:30:01.026328025,T,303.66,40,307.5,240,IBM
2025-12-30,9:30:01.026328025,T,303.66,40,307.5,200,IBM
2025-12-30,9:30:01.026844292,T,303.66,40,305.76,40,IBM
2025-12-30,9:30:01.027129996,T,303.66,40,307.5,200,IBM
2025-12-30,9:30:01.027165060,T,303.66,40,307.5,240,IBM
2025-12-30,9:30:01.027175056,T,303.66,40,307.5,200,IBM
2025-12-30,9:30:01.027926902,T,303.66,40,305.75,40,IBM
2025-12-30,9:30:01.027972045,T,303.66,40,306.5,40,IBM
2025-12-30,9:30:01.027972045,T,303.66,40,305.75,40,IBM
2025-12-30,9:30:01.028864187,T,303.66,40,307.5,200,IBM
2025-12-30,9:30:01.028869168,T,303.66,40,305.75,40,IBM
2025-12-30,9:30:01.032197011,T,303.66,40,306.5,40,IBM
2025-12-30,9:30:01.032202003,T,303.66,40,307.5,200,IBM
2025-12-30,9:30:01.033324822,T,303.66,40,305.75,40,IBM
2025-12-30,9:30:01.033349758,T,303.66,40,307.5,200,IBM
2025-12-30,9:30:01.382110138,T,303.66,40,307.5,240,IBM
2025-12-30,9:30:01.399000278,T,303.66,40,307.5,200,IBM
2025-12-30,9:30:01.425262851,T,303.66,40,307.5,240,IBM
2025-12-30,9:30:01.431502665,T,303.66,40,307.0,40,IBM
2025-12-30,9:30:01.431728213,T,303.66,40,306.4,40,IBM
2025-12-30,9:30:01.432490103,T,303.66,40,306.5,40,IBM
2025-12-30,9:30:01.446388188,T,303.66,40,307.0,40,IBM
2025-12-30,9:30:01.448653528,T,303.66,40,307.5,240,IBM
2025-12-30,9:30:01.525271236,T,303.66,40,307.5,200,IBM
2025-12-30,9:30:01.687802907,T,303.66,40,307.5,240,IBM
2025-12-30,9:30:01.704723157,T,303.66,40,307.5,200,IBM
2025-12-30,9:30:02.532253197,T,303.66,40,307.5,240,IBM
2025-12-30,9:30:02.532278542,T,303.66,40,307.5,200,IBM
2025-12-30,9:30:02.532278542,T,303.66,40,307.5,240,IBM
2025-12-30,9:30:02.549168432,T,303.66,40,307.5,200,IBM
2025-12-30,9:30:03.059814122,T,303.66,40,307.5,240,IBM
2025-12-30,9:30:03.070043504,T,303.66,40,307.5,200,IBM
2025-12-30,9:30:03.139158031,T,303.66,40,307.5,240,IBM
2025-12-30,9:30:03.267749129,T,303.66,40,307.5,200,IBM
2025-12-30,9:30:03.775362505,T,303.66,40,307.5,240,IBM
2025-12-30,9:30:03.804336430,T,303.66,40,307.5,200,IBM
2025-12-30,9:30:07.080395358,T,303.66,40,306.19,40,IBM
2025-12-30,9:30:29.700354764,T,305.0,40,306.19,40,IBM
2025-12-30,9:30:29.700374840,T,303.66,40,306.19,40,IBM
2025-12-30,9:30:29.700399874,T,305.0,40,306.19,40,IBM
2025-12-30,9:30:29.701237006,T,303.66,40,306.19,40,IBM
2025-12-30,9:30:29.701241930,T,305.0,40,306.19,40,IBM
2025-12-30,9:30:29.705898009,T,303.66,40,306.19,40,IBM
2025-12-30,9:30:30.700686185,T,305.0,40,306.19,40,IBM
2025-12-30,9:30:30.700696251,T,305.0,40,307.5,200,IBM
2025-12-30,9:30:30.700716265,T,303.66,40,307.5,200,IBM
2025-12-30,9:30:30.700741369,T,305.0,40,307.5,200,IBM
2025-12-30,9:30:30.701087136,T,303.66,40,307.5,200,IBM
2025-12-30,9:30:31.966564872,T,303.81,40,307.5,200,IBM
2025-12-30,9:30:31.968414580,T,304.0,40,307.5,200,IBM
2025-12-30,9:30:31.969742360,T,304.19,40,307.5,200,IBM
2025-12-30,9:30:31.977185111,T,304.38,40,307.5,200,IBM
2025-12-30,9:30:31.979956735,T,304.57,40,307.5,200,IBM
2025-12-30,9:30:31.990837575,T,304.57,40,307.5,240,IBM
2025-12-30,9:30:33.347346943,T,305.52,40,307.5,240,IBM
2025-12-30,9:30:35.676501767,T,305.52,40,307.32,40,IBM
2025-12-30,9:30:35.676717327,T,305.52,40,307.21,40,IBM
2025-12-30,9:30:35.676737346,T,305.52,40,307.02,40,IBM
2025-12-30,9:30:35.676887700,T,305.52,40,307.32,40,IBM
2025-12-30,9:30:35.680787026,T,305.52,40,307.4,40,IBM
2025-12-30,9:30:35.686971755,T,305.52,40,307.5,240,IBM
2025-12-30,9:30:41.964776626,T,305.52,200,307.5,240,IBM
2025-12-30,9:30:44.325421606,T,305.52,200,307.0,40,IBM
2025-12-30,9:30:46.247637589,T,305.52,40,307.0,40,IBM
2025-12-30,9:30:48.807190861,T,305.52,320,307.0,40,IBM
2025-12-30,9:30:59.009929486,T,305.56,80,307.0,40,IBM
2025-12-30,9:30:59.009979657,T,305.56,80,306.94,80,IBM
2025-12-30,9:30:59.010400663,T,305.56,80,306.94,120,IBM
2025-12-30,9:30:59.011187523,T,305.52,320,306.94,120,IBM
2025-12-30,9:30:59.011693708,T,305.52,320,306.94,160,IBM
2025-12-30,9:30:59.019953361,T,305.52,320,306.94,80,IBM
2025-12-30,9:30:59.510721633,T,305.67,80,306.94,80,IBM
2025-12-30,9:30:59.511518552,T,305.67,360,306.94,80,IBM
2025-12-30,9:31:00.236875470,T,305.67,360,306.94,40,IBM
2025-12-30,9:31:00.237111000,T,305.67,80,306.94,40,IBM
2025-12-30,9:31:00.237386588,T,305.67,80,307.0,40,IBM
2025-12-30,9:31:00.248533131,T,305.52,40,307.0,40,IBM
2025-12-30,9:31:00.250678392,T,305.52,40,306.83,40,IBM
2025-12-30,9:31:00.260261133,T,305.62,80,306.83,40,IBM
2025-12-30,9:31:00.260687149,T,305.62,80,307.0,40,IBM
2025-12-30,9:31:00.270279991,T,305.52,40,307.0,40,IBM
2025-12-30,9:31:00.270310076,T,305.52,40,306.5,40,IBM
2025-12-30,9:31:00.270730999,T,305.52,40,306.5,80,IBM
2025-12-30,9:31:00.758417075,T,305.52,40,306.5,40,IBM
2025-12-30,9:31:00.760737659,T,305.52,120,306.5,40,IBM
2025-12-30,9:31:01.262321787,T,305.54,80,306.5,40,IBM
2025-12-30,9:31:01.272330607,T,305.52,40,306.5,40,IBM
2025-12-30,9:31:01.321828489,T,305.52,40,306.65,160,IBM
2025-12-30,9:31:01.323151620,T,305.52,80,306.65,160,IBM
2025-12-30,9:31:01.323577622,T,305.52,80,306.65,200,IBM
2025-12-30,9:31:18.469630759,T,305.52,40,306.65,200,IBM
2025-12-30,9:31:18.475579950,T,305.52,40,306.65,280,IBM
2025-12-30,9:31:20.053135464,T,305.52,160,306.65,280,IBM
2025-12-30,9:31:20.093446396,T,305.52,160,306.65,200,IBM
2025-12-30,9:31:30.985736815,T,305.52,160,306.5,40,IBM
2025-12-30,9:31:30.986212965,T,305.52,40,306.5,40,IBM
2025-12-30,9:31:34.335867122,T,305.52,40,306.48,80,IBM
2025-12-30,9:31:34.336288152,T,305.52,40,306.48,120,IBM
2025-12-30,9:31:34.336679013,T,305.52,280,306.48,120,IBM
2025-12-30,9:31:39.297122853,T,305.52,40,306.48,120,IBM
2025-12-30,9:31:43.921005596,T,305.52,40,306.48,160,IBM
2025-12-30,9:31:43.922293686,T,305.52,40,306.47,40,IBM
2025-12-30,9:31:43.924508935,T,305.52,40,306.47,80,IBM
2025-12-30,9:31:43.924513952,T,305.52,40,306.47,40,IBM
2025-12-30,9:31:43.941559559,T,305.52,40,306.48,80,IBM
2025-12-30,9:31:44.006609456,T,305.52,40,306.5,40,IBM
2025-12-30,9:31:46.232042397,T,305.52,40,306.35,40,IBM
2025-12-30,9:31:46.232468403,T,305.52,40,306.35,80,IBM
2025-12-30,9:31:47.489019817,T,305.52,40,306.35,120,IBM
2025-12-30,9:31:48.121826268,T,305.52,40,306.35,80,IBM
2025-12-30,9:31:49.536639333,T,305.14,160,306.35,80,IBM
2025-12-30,9:31:50.053184044,T,305.49,80,306.35,80,IBM
2025-12-30,9:31:51.125045730,T,305.49,80,306.35,40,IBM
2025-12-30,9:31:51.126108366,T,305.49,80,306.35,80,IBM
2025-12-30,9:31:51.126519320,T,305.49,80,306.21,40,IBM
2025-12-30,9:31:51.126544372,T,305.49,40,306.21,40,IBM
2025-12-30,9:31:51.126569377,T,305.14,160,306.21,40,IBM
2025-12-30,9:31:51.126594467,T,305.14,160,305.62,40,IBM
2025-12-30,9:31:51.126619492,T,305.14,160,305.98,40,IBM
2025-12-30,9:31:51.126639557,T,305.49,40,305.98,40,IBM
2025-12-30,9:31:51.126649600,T,305.49,40,306.35,80,IBM
2025-12-30,9:31:51.126649600,T,305.49,40,306.35,40,IBM
2025-12-30,9:31:51.126724737,T,305.14,160,306.35,40,IBM
2025-12-30,9:31:51.126850037,T,305.14,160,306.21,40,IBM
2025-12-30,9:31:51.126850037,T,305.14,160,305.98,40,IBM
2025-12-30,9:31:51.126870075,T,305.14,160,306.35,80,IBM
2025-12-30,9:31:51.126870075,T,305.14,160,306.35,40,IBM
2025-12-30,9:31:51.126885489,T,305.14,160,306.35,80,IBM
2025-12-30,9:31:51.126890161,T,305.14,160,306.35,40,IBM
2025-12-30,9:31:51.126905243,T,305.14,160,305.68,40,IBM
2025-12-30,9:31:51.126930238,T,305.14,160,306.21,40,IBM
2025-12-30,9:31:51.126945296,T,305.14,160,306.35,80,IBM
2025-12-30,9:31:51.127015431,T,305.14,160,305.98,40,IBM
2025-12-30,9:31:51.127271074,T,305.14,160,305.86,40,IBM
2025-12-30,9:31:51.127281071,T,305.14,160,305.98,40,IBM
2025-12-30,9:31:51.127366309,T,305.49,40,305.98,40,IBM
2025-12-30,9:31:51.127847465,T,305.14,160,305.98,40,IBM
2025-12-30,9:31:51.127902573,T,305.14,160,306.35,40,IBM
2025-12-30,9:31:51.130062741,T,305.0,40,306.35,40,IBM
2025-12-30,9:31:51.147333903,T,305.0,40,306.35,80,IBM
2025-12-30,9:31:51.147358914,T,304.88,200,306.35,80,IBM
2025-12-30,9:31:51.230822531,T,304.88,200,306.35,40,IBM
2025-12-30,9:31:51.230847637,T,304.88,200,306.47,40,IBM
2025-12-30,9:31:51.624665118,T,304.88,160,306.47,40,IBM
2025-12-30,9:31:51.626549699,T,304.88,160,306.0,40,IBM
2025-12-30,9:31:51.626554647,T,304.88,160,305.98,40,IBM
2025-12-30,9:31:51.626710024,T,304.88,160,305.58,40,IBM
2025-12-30,9:31:51.634879452,T,304.88,160,305.98,40,IBM
2025-12-30,9:31:51.634884406,T,304.88,160,305.86,40,IBM
2025-12-30,9:31:51.644367060,T,304.88,160,305.98,40,IBM
2025-12-30,9:31:52.093325838,T,304.88,160,306.3,40,IBM
2025-12-30,9:31:52.127086215,T,304.88,160,306.47,40,IBM
2025-12-30,9:31:52.127111293,T,305.44,40,306.47,40,IBM
2025-12-30,9:31:52.141991740,T,304.88,160,306.47,40,IBM
2025-12-30,9:31:52.247543041,T,304.88,160,306.3,40,IBM
2025-12-30,9:31:53.082149818,T,304.88,160,306.47,40,IBM
2025-12-30,9:31:54.845973777,T,304.88,160,306.35,160,IBM
2025-12-30,9:31:58.872990597,T,304.88,160,306.47,40,IBM
2025-12-30,9:31:58.872995660,T,304.88,160,306.12,160,IBM
2025-12-30,9:32:06.823271989,T,305.3,80,306.12,160,IBM
2025-12-30,9:32:09.963302136,T,304.88,160,306.12,160,IBM
2025-12-30,9:32:09.963322349,T,304.88,160,305.47,40,IBM
2025-12-30,9:32:09.968083568,T,304.88,160,305.73,40,IBM
2025-12-30,9:32:09.968103767,T,304.88,160,305.77,40,IBM
2025-12-30,9:32:09.968258947,T,304.88,160,305.92,160,IBM
2025-12-30,9:32:10.027976194,T,304.88,160,305.62,40,IBM
2025-12-30,9:32:10.901079516,T,304.88,160,305.62,80,IBM
2025-12-30,9:32:11.650899731,T,304.88,160,305.62,40,IBM
2025-12-30,9:32:12.034949189,T,304.88,160,305.61,40,IBM
2025-12-30,9:32:12.035370034,T,304.88,160,305.61,80,IBM
2025-12-30,9:32:12.261393168,T,304.88,160,305.61,40,IBM
2025-12-30,9:32:15.187924844,T,304.88,160,305.92,160,IBM
2025-12-30,9:32:18.195023536,T,304.88,160,305.61,40,IBM
2025-12-30,9:32:18.195444506,T,304.88,160,305.61,80,IBM
2025-12-30,9:32:19.487941495,T,304.88,160,305.61,40,IBM
2025-12-30,9:32:19.489009026,T,304.88,160,305.92,160,IBM
2025-12-30,9:32:20.029079782,T,304.88,160,305.92,200,IBM
2025-12-30,9:32:23.188310601,T,304.38,40,305.92,200,IBM
2025-12-30,9:32:23.188320677,T,304.64,160,305.92,200,IBM
2025-12-30,9:32:23.203436679,T,304.64,160,305.92,160,IBM
2025-12-30,9:32:30.611221758,T,304.64,160,305.61,40,IBM
2025-12-30,9:32:30.611647849,T,304.64,160,305.61,80,IBM
2025-12-30,9:32:30.636261394,T,304.64,160,305.61,120,IBM
2025-12-30,9:32:30.636426806,T,304.64,160,305.6,40,IBM
2025-12-30,9:32:30.636607294,T,304.64,160,305.38,40,IBM
2025-12-30,9:32:30.637233718,T,304.64,160,305.38,80,IBM
2025-12-30,9:32:30.637238773,T,304.64,160,305.24,40,IBM
2025-12-30,9:32:30.637253808,T,304.64,160,305.23,40,IBM
2025-12-30,9:32:30.637419164,T,304.64,160,305.12,40,IBM
2025-12-30,9:32:30.637454412,T,304.88,80,305.12,40,IBM
2025-12-30,9:32:30.637479293,T,304.88,80,305.38,120,IBM
2025-12-30,9:32:30.637524491,T,304.64,160,305.38,120,IBM
2025-12-30,9:32:30.637549548,T,304.64,160,305.12,40,IBM
2025-12-30,9:32:30.637559905,T,304.64,160,305.11,40,IBM
2025-12-30,9:32:30.637579511,T,304.64,160,305.0,40,IBM
2025-12-30,9:32:30.637835181,T,303.81,40,305.0,40,IBM
2025-12-30,9:32:30.637840210,T,304.39,160,305.0,40,IBM
2025-12-30,9:32:30.637855299,T,304.39,160,305.23,40,IBM
2025-12-30,9:32:30.637870313,T,304.39,160,305.24,40,IBM
2025-12-30,9:32:30.637885313,T,304.39,160,305.38,80,IBM
2025-12-30,9:32:30.644175282,T,304.39,160,305.38,40,IBM
2025-12-30,9:32:30.646119892,T,304.39,160,305.38,80,IBM
2025-12-30,9:32:30.647327816,T,304.39,160,305.38,40,IBM
2025-12-30,9:32:30.647352784,T,304.39,160,305.61,80,IBM
2025-12-30,9:32:30.647478128,T,304.39,160,305.61,40,IBM
2025-12-30,9:32:31.072039014,T,304.61,40,305.61,40,IBM
2025-12-30,9:32:32.368445315,T,304.61,40,305.61,80,IBM
2025-12-30,9:32:32.656315521,T,304.61,40,305.61,40,IBM
2025-12-30,9:32:32.657187639,T,304.61,40,305.61,80,IBM
2025-12-30,9:32:32.657212651,T,304.61,40,305.61,40,IBM
2025-12-30,9:32:32.657227682,T,304.61,40,305.35,40,IBM
2025-12-30,9:32:35.137793000,T,304.39,160,305.35,40,IBM
2025-12-30,9:32:35.627899676,T,304.39,160,305.0,80,IBM
2025-12-30,9:32:51.267782231,T,304.39,160,305.35,40,IBM
2025-12-30,9:32:52.180028812,T,304.39,160,305.29,160,IBM
2025-12-30,9:32:54.081500332,T,304.61,80,305.29,160,IBM
2025-12-30,9:32:56.313328624,T,304.61,80,305.0,40,IBM
2025-12-30,9:32:56.313368621,T,304.61,80,304.85,40,IBM
2025-12-30,9:32:58.401003491,T,304.61,40,304.85,40,IBM
2025-12-30,9:32:58.401008486,T,304.39,160,304.85,40,IBM
2025-12-30,9:32:58.401063648,T,304.39,160,304.84,40,IBM
2025-12-30,9:32:58.401083662,T,304.39,160,304.73,40,IBM
2025-12-30,9:32:58.401810429,T,304.5,40,304.73,40,IBM
2025-12-30,9:32:58.401825575,T,304.5,40,304.85,40,IBM
2025-12-30,9:32:58.418094093,T,304.5,40,305.04,40,IBM
2025-12-30,9:32:59.219572143,T,304.5,40,304.85,40,IBM
2025-12-30,9:32:59.236492408,T,304.5,40,305.04,40,IBM
2025-12-30,9:32:59.291738940,T,304.5,40,304.85,40,IBM
2025-12-30,9:32:59.335723686,T,304.5,40,305.04,40,IBM
2025-12-30,9:32:59.522453183,T,304.5,40,304.85,40,IBM
2025-12-30,9:33:00.324577794,T,304.5,40,305.04,40,IBM
2025-12-30,9:33:00.339563526,T,304.5,40,304.85,40,IBM
2025-12-30,9:33:01.282538437,T,304.52,40,304.85,40,IBM
2025-12-30,9:33:01.282573492,T,304.5,80,304.85,40,IBM
2025-12-30,9:33:01.288988813,T,304.52,40,304.85,40,IBM
2025-12-30,9:33:01.305914104,T,304.5,80,304.85,40,IBM
2025-12-30,9:33:03.907748072,T,304.5,80,305.29,160,IBM
2025-12-30,9:33:03.907768069,T,304.52,40,305.29,160,IBM
2025-12-30,9:33:03.907773209,T,304.58,40,305.29,160,IBM
2025-12-30,9:33:03.907833290,T,304.68,80,305.29,160,IBM
2025-12-30,9:33:03.922653580,T,304.68,40,305.29,160,IBM
2025-12-30,9:33:04.042879736,T,304.68,120,305.29,160,IBM
2025-12-30,9:33:04.745913711,T,304.71,40,305.29,160,IBM
2025-12-30,9:33:04.746008615,T,304.71,80,305.29,160,IBM
2025-12-30,9:33:04.746018681,T,304.71,40,305.29,160,IBM
2025-12-30,9:33:04.746028839,T,304.71,40,305.29,200,IBM
2025-12-30,9:33:04.746028839,T,304.71,40,305.2,40,IBM
2025-12-30,9:33:04.746038717,T,304.71,40,305.29,160,IBM
2025-12-30,9:33:04.746148877,T,304.71,40,305.29,200,IBM
2025-12-30,9:33:04.746178980,T,304.71,40,305.28,40,IBM
2025-12-30,9:33:04.747056111,T,304.71,40,305.29,160,IBM
2025-12-30,9:33:06.552428999,T,304.68,40,305.29,160,IBM
2025-12-30,9:33:16.967076807,T,304.17,160,305.29,160,IBM
2025-12-30,9:33:16.967101869,T,304.17,160,305.28,40,IBM
2025-12-30,9:33:16.967101869,T,304.17,160,304.98,40,IBM
2025-12-30,9:33:16.967537852,T,304.17,160,305.27,40,IBM
2025-12-30,9:33:16.967688207,T,304.17,160,304.98,40,IBM
2025-12-30,9:33:17.018203494,T,304.17,160,305.29,160,IBM
2025-12-30,9:33:19.874859057,T,304.47,40,305.29,160,IBM
2025-12-30,9:33:19.891739241,T,304.17,160,305.29,160,IBM
2025-12-30,9:33:26.261322698,T,304.17,160,305.29,200,IBM
2025-12-30,9:33:29.755716509,T,304.17,160,305.0,40,IBM
2025-12-30,9:33:29.756137445,T,304.17,160,305.0,80,IBM
2025-12-30,9:33:30.260838897,T,304.17,160,305.0,40,IBM
2025-12-30,9:33:32.378069069,T,304.17,160,305.0,80,IBM
2025-12-30,9:33:43.331956038,T,304.17,160,305.0,40,IBM
2025-12-30,9:33:43.331965907,T,304.17,160,305.29,160,IBM
2025-12-30,9:33:45.057583813,T,304.17,160,304.99,40,IBM
2025-12-30,9:33:45.057588813,T,304.17,160,304.98,40,IBM
2025-12-30,9:33:45.057593772,T,304.17,160,304.68,40,IBM
2025-12-30,9:33:45.057819347,T,303.71,40,304.68,40,IBM
2025-12-30,9:33:45.057829352,T,303.85,160,304.68,40,IBM
2025-12-30,9:33:45.058716419,T,303.85,160,304.67,40,IBM
2025-12-30,9:33:45.058922263,T,303.85,160,304.68,40,IBM
2025-12-30,9:33:45.059528387,T,303.85,160,304.68,80,IBM
2025-12-30,9:33:45.059583485,T,303.85,160,304.68,40,IBM
2025-12-30,9:33:45.059593591,T,303.85,160,304.67,40,IBM
2025-12-30,9:33:45.059839200,T,303.85,160,304.68,40,IBM
2025-12-30,9:33:45.070023430,T,303.85,160,304.97,40,IBM
2025-12-30,9:33:45.070093520,T,303.85,160,304.67,40,IBM
2025-12-30,9:33:45.070113559,T,303.85,160,304.97,40,IBM
2025-12-30,9:33:45.075967529,T,303.85,160,304.67,40,IBM
2025-12-30,9:33:45.076127962,T,304.11,80,304.67,40,IBM
2025-12-30,9:33:45.158934989,T,304.11,80,304.97,40,IBM
2025-12-30,9:33:45.175965600,T,304.11,80,305.16,40,IBM
2025-12-30,9:33:47.461581752,T,304.11,80,305.01,40,IBM
2025-12-30,9:33:47.461586781,T,304.11,80,305.16,40,IBM
2025-12-30,9:33:47.461606792,T,304.11,80,304.67,40,IBM
2025-12-30,9:33:47.462138089,T,304.11,80,305.16,40,IBM
2025-12-30,9:33:47.852086347,T,304.11,80,305.01,40,IBM
2025-12-30,9:33:47.852096349,T,304.11,80,305.16,40,IBM
2025-12-30,9:33:48.208028683,T,304.11,80,305.01,40,IBM
2025-12-30,9:33:48.208038683,T,304.11,80,305.16,40,IBM
2025-12-30,9:33:48.278140527,T,304.11,80,305.01,40,IBM
2025-12-30,9:33:48.278145512,T,304.11,80,305.16,40,IBM
2025-12-30,9:33:48.578310159,T,304.11,80,305.29,160,IBM
2025-12-30,9:33:49.976017482,T,304.11,80,305.16,40,IBM
2025-12-30,9:33:50.319359827,T,304.11,80,305.01,40,IBM
2025-12-30,9:33:50.319364865,T,304.11,80,305.16,40,IBM
2025-12-30,9:33:50.651280257,T,304.11,80,305.01,40,IBM
2025-12-30,9:33:50.651290179,T,304.11,80,305.16,40,IBM
2025-12-30,9:33:50.728022846,T,304.11,80,305.01,40,IBM
2025-12-30,9:33:50.728032797,T,304.11,80,305.16,40,IBM
2025-12-30,9:33:51.136680619,T,304.11,80,305.01,40,IBM
2025-12-30,9:33:51.136685661,T,304.11,80,305.16,40,IBM
2025-12-30,9:33:51.370978404,T,304.11,80,304.67,40,IBM
2025-12-30,9:33:52.367716094,T,304.11,80,305.05,160,IBM
2025-12-30,9:33:53.368147635,T,304.11,80,304.67,40,IBM
2025-12-30,9:33:54.367496663,T,304.11,80,305.05,160,IBM
2025-12-30,9:33:55.368214128,T,304.11,80,304.67,40,IBM
2025-12-30,9:34:25.367454955,T,304.11,80,304.84,200,IBM
2025-12-30,9:34:27.288117180,T,304.23,40,304.84,200,IBM
2025-12-30,9:34:27.288172308,T,304.23,120,304.84,200,IBM
2025-12-30,9:34:27.290237172,T,304.24,40,304.84,200,IBM
2025-12-30,9:34:27.290262257,T,304.23,120,304.84,200,IBM
2025-12-30,9:34:27.290282257,T,304.23,80,304.84,200,IBM
2025-12-30,9:34:27.290297385,T,304.23,80,304.67,40,IBM
2025-12-30,9:34:27.290307331,T,304.23,80,304.66,40,IBM
2025-12-30,9:34:27.290337499,T,304.23,40,304.66,40,IBM
2025-12-30,9:34:27.290367455,T,303.64,160,304.66,40,IBM
2025-12-30,9:34:27.290387579,T,303.64,160,304.35,40,IBM
2025-12-30,9:34:27.290608035,T,303.64,160,304.35,80,IBM
2025-12-30,9:34:27.294928325,T,303.64,160,304.35,40,IBM
2025-12-30,9:34:27.295765345,T,303.64,160,304.84,200,IBM
2025-12-30,9:34:36.816891421,T,303.64,160,304.71,40,IBM
2025-12-30,9:34:36.817136938,T,303.64,160,304.36,40,IBM
2025-12-30,9:34:36.817157311,T,303.64,160,304.71,40,IBM
2025-12-30,9:34:36.817157311,T,303.64,160,304.2,40,IBM
2025-12-30,9:34:36.817227192,T,303.64,160,304.71,40,IBM
2025-12-30,9:34:36.817262220,T,303.64,160,304.2,40,IBM
2025-12-30,9:34:36.817282286,T,303.64,160,304.71,40,IBM
2025-12-30,9:34:36.817282286,T,303.64,160,304.18,40,IBM
2025-12-30,9:34:36.834182518,T,303.64,160,304.84,240,IBM
2025-12-30,9:34:38.070275000,T,304.09,40,304.84,240,IBM
2025-12-30,9:34:38.070340169,T,303.64,160,304.84,240,IBM
2025-12-30,9:34:38.070400321,T,303.64,160,304.84,200,IBM
2025-12-30,9:34:38.074880931,T,304.08,40,304.84,200,IBM
2025-12-30,9:34:38.079201245,T,303.64,160,304.84,200,IBM
2025-12-30,9:34:38.484054978,T,303.64,160,304.18,120,IBM
2025-12-30,9:34:43.354464602,T,303.64,160,304.66,160,IBM
2025-12-30,9:34:43.354504679,T,303.64,160,304.17,120,IBM
2025-12-30,9:34:45.926036528,T,303.64,160,304.16,120,IBM
2025-12-30,9:34:47.448110088,T,303.64,160,304.16,240,IBM
2025-12-30,9:34:48.700757038,T,303.64,160,304.16,160,IBM
2025-12-30,9:34:48.700767058,T,303.64,160,304.16,120,IBM
2025-12-30,9:34:48.700772121,T,303.64,160,304.66,160,IBM
2025-12-30,9:34:48.700792304,T,304.14,80,304.66,160,IBM
2025-12-30,9:34:48.700822229,T,303.64,160,304.66,160,IBM
2025-12-30,9:34:48.700847297,T,304.14,40,304.66,160,IBM
2025-12-30,9:34:48.700872471,T,304.14,40,304.65,40,IBM
2025-12-30,9:34:48.701934887,T,304.14,40,304.66,160,IBM
2025-12-30,9:34:51.996322604,T,303.99,40,304.66,160,IBM
2025-12-30,9:34:51.996533175,T,303.64,160,304.66,160,IBM
2025-12-30,9:34:58.944768874,T,303.64,160,304.23,120,IBM
2025-12-30,9:34:58.994767942,T,304.0,40,304.23,120,IBM
2025-12-30,9:34:58.995534825,T,304.04,40,304.23,120,IBM
2025-12-30,9:34:58.995594925,T,304.04,80,304.23,120,IBM
2025-12-30,9:34:58.995700128,T,304.04,40,304.23,120,IBM
2025-12-30,9:34:58.995700128,T,304.0,40,304.23,120,IBM
2025-12-30,9:34:58.996031005,T,304.0,80,304.23,120,IBM
2025-12-30,9:34:59.029540691,T,304.0,40,304.23,120,IBM
2025-12-30,9:34:59.029565814,T,304.0,40,304.13,40,IBM
2025-12-30,9:34:59.044451199,T,304.0,40,304.23,120,IBM
2025-12-30,9:35:01.239792420,T,303.64,160,304.23,120,IBM
2025-12-30,9:35:01.239812477,T,303.64,160,304.1,40,IBM
2025-12-30,9:35:01.254697971,T,303.64,160,304.23,120,IBM
2025-12-30,9:35:03.626143267,T,303.99,40,304.23,120,IBM
2025-12-30,9:35:03.626208374,T,303.99,120,304.23,120,IBM
2025-12-30,9:35:03.626619375,T,304.0,40,304.23,120,IBM
2025-12-30,9:35:03.627381179,T,303.99,120,304.23,120,IBM
2025-12-30,9:35:03.641028732,T,303.99,80,304.23,120,IBM
2025-12-30,9:35:05.587116673,T,303.64,160,304.23,120,IBM
2025-12-30,9:35:13.389109800,T,303.64,160,304.66,160,IBM
2025-12-30,9:35:13.390016976,T,303.64,160,304.17,80,IBM
2025-12-30,9:35:19.522465869,T,303.64,160,304.17,120,IBM
2025-12-30,9:35:19.522485910,T,303.64,160,304.17,80,IBM
2025-12-30,9:35:19.522495964,T,303.64,160,304.17,120,IBM
2025-12-30,9:35:19.522500964,T,303.64,160,304.17,80,IBM
2025-12-30,9:35:19.522786605,T,303.64,160,304.17,120,IBM
2025-12-30,9:35:19.522881932,T,303.64,160,304.0,40,IBM
2025-12-30,9:35:19.522957090,T,303.37,40,304.0,40,IBM
2025-12-30,9:35:19.522962062,T,303.48,160,304.0,40,IBM
2025-12-30,9:35:19.526936569,T,303.48,160,304.17,80,IBM
2025-12-30,9:35:21.963822608,T,303.9,40,304.17,80,IBM
2025-12-30,9:35:21.963882837,T,303.9,80,304.17,80,IBM
2025-12-30,9:35:21.964203583,T,303.9,120,304.17,80,IBM
2025-12-30,9:35:21.964248718,T,303.94,80,304.17,80,IBM
2025-12-30,9:35:21.968518955,T,303.94,40,304.17,80,IBM
2025-12-30,9:35:21.968939791,T,303.94,80,304.17,80,IBM
2025-12-30,9:35:22.047967983,T,303.94,40,304.17,80,IBM
2025-12-30,9:35:22.374400087,T,303.9,40,304.17,80,IBM
2025-12-30,9:35:22.383261183,T,303.48,160,304.17,80,IBM
2025-12-30,9:35:22.383291148,T,303.48,160,304.03,40,IBM
2025-12-30,9:35:22.384859950,T,303.48,160,304.17,80,IBM
2025-12-30,9:35:22.391044604,T,303.48,160,304.03,40,IBM
2025-12-30,9:35:22.391049683,T,303.48,160,304.05,40,IBM
2025-12-30,9:35:22.394593116,T,303.48,160,304.03,40,IBM
2025-12-30,9:35:22.394603076,T,303.48,160,304.05,40,IBM
2025-12-30,9:35:22.473095066,T,303.48,160,304.17,80,IBM
2025-12-30,9:35:22.473195303,T,303.48,160,304.05,40,IBM
2025-12-30,9:35:22.473220310,T,303.48,160,304.03,40,IBM
2025-12-30,9:35:22.473230314,T,303.48,160,304.05,40,IBM
2025-12-30,9:35:22.781669739,T,303.48,160,304.03,40,IBM
2025-12-30,9:35:22.781694811,T,303.48,160,304.05,40,IBM
2025-12-30,9:35:23.190307433,T,303.48,160,304.03,40,IBM
2025-12-30,9:35:23.190312439,T,303.48,160,304.05,40,IBM
2025-12-30,9:35:23.399535482,T,303.48,160,304.03,40,IBM
2025-12-30,9:35:23.399545577,T,303.48,160,304.05,40,IBM
2025-12-30,9:35:23.598975316,T,303.48,160,304.03,40,IBM
2025-12-30,9:35:23.598985313,T,303.48,160,304.05,40,IBM
2025-12-30,9:35:23.797412699,T,303.48,160,304.03,40,IBM
2025-12-30,9:35:23.797422636,T,303.48,160,304.05,40,IBM
2025-12-30,9:35:24.007643121,T,303.48,160,304.03,40,IBM
2025-12-30,9:35:24.007648118,T,303.48,160,304.05,40,IBM
2025-12-30,9:35:24.007673209,T,303.48,160,304.0,40,IBM
2025-12-30,9:35:24.007673209,T,303.48,160,304.05,40,IBM
2025-12-30,9:35:24.007698271,T,303.48,160,304.48,40,IBM
2025-12-30,9:35:24.235134681,T,303.48,160,304.5,160,IBM
2025-12-30,9:35:27.423093959,T,303.48,160,303.93,160,IBM
2025-12-30,9:35:29.536705574,T,303.48,160,303.93,120,IBM
2025-12-30,9:35:29.536725741,T,303.48,160,304.5,160,IBM
2025-12-30,9:35:29.536755657,T,303.7,40,304.5,160,IBM
2025-12-30,9:35:29.536760640,T,303.7,80,304.5,160,IBM
2025-12-30,9:35:29.536850826,T,303.81,80,304.5,160,IBM
2025-12-30,9:35:29.537126561,T,303.84,40,304.5,160,IBM
2025-12-30,9:35:29.537773016,T,303.81,120,304.5,160,IBM
2025-12-30,9:35:29.537823099,T,303.84,40,304.5,160,IBM
2025-12-30,9:35:29.537838153,T,303.84,40,304.48,40,IBM
2025-12-30,9:35:29.539056084,T,303.84,40,304.5,160,IBM
2025-12-30,9:35:29.539146349,T,303.87,40,304.5,160,IBM
2025-12-30,9:35:29.541948001,T,303.84,40,304.5,160,IBM
2025-12-30,9:35:29.554743477,T,303.81,80,304.5,160,IBM
2025-12-30,9:35:29.637595781,T,303.81,80,304.5,200,IBM
2025-12-30,9:35:29.638332430,T,303.81,80,304.5,240,IBM
2025-12-30,9:35:29.651899803,T,303.81,80,304.5,200,IBM
2025-12-30,9:35:29.652320859,T,303.81,80,304.5,160,IBM
2025-12-30,9:35:30.023870453,T,303.87,40,304.5,160,IBM
2025-12-30,9:35:30.023930540,T,303.95,80,304.5,160,IBM
2025-12-30,9:35:30.038750814,T,303.95,40,304.5,160,IBM
2025-12-30,9:35:30.038906189,T,303.95,80,304.5,160,IBM
2025-12-30,9:35:30.084168931,T,303.95,80,304.5,200,IBM
2025-12-30,9:35:30.272091291,T,303.95,80,304.5,160,IBM
2025-12-30,9:35:30.532501295,T,303.48,200,304.5,160,IBM
2025-12-30,9:35:30.538916554,T,303.5,40,304.5,160,IBM
2025-12-30,9:35:30.539122098,T,303.48,160,304.5,160,IBM
2025-12-30,9:35:40.065379802,T,303.48,160,304.34,40,IBM
2025-12-30,9:35:43.094706278,T,303.48,160,304.5,160,IBM
2025-12-30,9:35:45.198860484,T,303.48,160,304.34,40,IBM
2025-12-30,9:35:45.198915526,T,303.48,160,304.32,40,IBM
2025-12-30,9:35:45.199602213,T,303.48,160,304.32,80,IBM
2025-12-30,9:35:45.209124835,T,303.48,160,304.32,40,IBM
2025-12-30,9:35:45.248924624,T,303.48,160,304.5,200,IBM
2025-12-30,9:35:45.459666308,T,303.48,160,304.5,160,IBM
2025-12-30,9:35:47.001276146,T,303.48,160,304.5,200,IBM
2025-12-30,9:35:47.323337963,T,303.48,160,304.5,160,IBM
2025-12-30,9:35:47.323844185,T,303.48,160,304.5,200,IBM
2025-12-30,9:35:47.657363184,T,303.48,160,304.5,160,IBM
2025-12-30,9:35:49.278437096,T,303.48,160,304.61,40,IBM
2025-12-30,9:35:49.278467193,T,303.48,160,304.7,160,IBM
2025-12-30,9:35:49.432343450,T,303.48,160,304.61,40,IBM
2025-12-30,9:35:49.755502741,T,303.48,160,304.7,160,IBM
2025-12-30,9:35:49.755978946,T,303.48,160,304.61,40,IBM
2025-12-30,9:35:49.993704842,T,303.48,160,304.7,160,IBM
2025-12-30,9:35:50.480122732,T,303.48,160,304.61,40,IBM
2025-12-30,9:35:50.569876498,T,303.48,160,304.7,160,IBM
2025-12-30,9:35:58.649405587,T,303.48,160,304.32,40,IBM
2025-12-30,9:35:58.649831671,T,303.48,160,304.32,80,IBM
2025-12-30,9:36:00.409159883,T,303.65,40,304.32,80,IBM
2025-12-30,9:36:00.862704556,T,303.65,40,304.32,120,IBM
2025-12-30,9:36:03.152876919,T,303.65,40,304.32,80,IBM
2025-12-30,9:36:03.152886553,T,303.65,40,304.32,40,IBM
2025-12-30,9:36:04.374544781,T,303.65,40,304.7,160,IBM
2025-12-30,9:36:05.912390719,T,303.65,40,304.32,40,IBM
2025-12-30,9:36:05.912410832,T,303.65,40,304.7,160,IBM
2025-12-30,9:36:05.912415778,T,303.65,40,304.32,40,IBM
2025-12-30,9:36:05.922419584,T,303.65,40,304.61,40,IBM
2025-12-30,9:36:05.922444660,T,303.65,40,304.7,160,IBM
2025-12-30,9:36:05.926654667,T,303.65,40,304.61,40,IBM
2025-12-30,9:36:06.179065575,T,303.65,40,304.7,160,IBM
2025-12-30,9:36:06.180308617,T,303.65,40,304.61,40,IBM
2025-12-30,9:36:06.180353615,T,303.65,40,304.22,40,IBM
2025-12-30,9:36:06.180383737,T,303.65,40,304.7,200,IBM
2025-12-30,9:36:06.180388806,T,303.65,40,304.22,40,IBM
2025-12-30,9:36:06.180564226,T,303.65,40,304.22,80,IBM
2025-12-30,9:36:06.180774710,T,303.65,40,304.22,120,IBM
2025-12-30,9:36:06.181175563,T,303.65,40,304.13,40,IBM
2025-12-30,9:36:06.185335566,T,303.65,40,304.22,80,IBM
2025-12-30,9:36:06.200727180,T,303.65,40,304.22,40,IBM
2025-12-30,9:36:06.200737223,T,303.65,40,304.69,40,IBM
2025-12-30,9:36:10.181017686,T,303.65,40,304.51,160,IBM
2025-12-30,9:36:28.731744278,T,303.65,40,304.49,40,IBM
2025-12-30,9:36:28.731859622,T,303.65,40,304.51,160,IBM
2025-12-30,9:36:31.214153964,T,303.92,40,304.51,160,IBM
2025-12-30,9:36:31.214204137,T,303.92,80,304.51,160,IBM
2025-12-30,9:36:31.214234129,T,304.05,40,304.51,160,IBM
2025-12-30,9:36:31.214274251,T,304.05,80,304.51,160,IBM
2025-12-30,9:36:31.214319534,T,304.05,120,304.51,160,IBM
2025-12-30,9:36:31.214524856,T,304.05,80,304.51,160,IBM
2025-12-30,9:36:31.214675213,T,304.05,40,304.51,160,IBM
2025-12-30,9:36:31.218008171,T,304.05,40,304.74,40,IBM
2025-12-30,9:36:31.218013201,T,304.05,40,304.69,160,IBM
2025-12-30,9:36:32.764725211,T,304.06,40,304.69,160,IBM
2025-12-30,9:36:51.368407794,T,304.06,40,304.32,40,IBM
2025-12-30,9:36:54.367507437,T,304.06,40,304.69,160,IBM
2025-12-30,9:36:57.368366322,T,304.06,40,304.32,40,IBM
2025-12-30,9:36:57.546174656,T,304.06,80,304.32,40,IBM
2025-12-30,9:36:57.924575420,T,304.06,120,304.32,40,IBM
2025-12-30,9:36:57.929557309,T,304.06,80,304.32,40,IBM
2025-12-30,9:37:00.367400947,T,304.06,80,304.69,160,IBM
2025-12-30,9:37:08.368819027,T,304.06,80,304.61,40,IBM
2025-12-30,9:37:10.242825369,T,304.06,80,304.49,40,IBM
2025-12-30,9:37:10.370383981,T,304.06,80,304.69,160,IBM
2025-12-30,9:37:11.370259200,T,304.06,80,304.49,40,IBM
2025-12-30,9:37:12.830164588,T,304.06,80,304.69,160,IBM
2025-12-30,9:37:12.830204699,T,304.06,40,304.69,160,IBM
2025-12-30,9:37:24.334787320,T,304.06,40,304.69,200,IBM
2025-12-30,9:37:24.351707616,T,304.06,40,304.69,160,IBM
2025-12-30,9:37:28.085837100,T,304.06,40,304.52,40,IBM
2025-12-30,9:37:28.748785395,T,304.06,40,304.69,160,IBM
2025-12-30,9:37:34.390681379,T,303.66,160,304.69,160,IBM
2025-12-30,9:37:34.390726514,T,303.66,160,304.25,40,IBM
2025-12-30,9:37:34.396941327,T,304.04,40,304.25,40,IBM
2025-12-30,9:37:34.396961332,T,304.04,40,304.49,40,IBM
2025-12-30,9:37:34.490739646,T,304.04,40,304.69,200,IBM
2025-12-30,9:37:35.085390203,T,304.04,40,304.69,160,IBM
2025-12-30,9:37:56.231079494,T,304.05,40,304.69,160,IBM
2025-12-30,9:37:59.165645653,T,304.04,40,304.69,160,IBM
2025-12-30,9:38:00.560030108,T,304.05,40,304.69,160,IBM
2025-12-30,9:38:01.384668175,T,304.04,40,304.69,160,IBM
2025-12-30,9:38:03.445749894,T,304.04,40,304.52,40,IBM
2025-12-30,9:38:03.446321239,T,304.04,80,304.52,40,IBM
2025-12-30,9:38:03.790199870,T,304.04,40,304.52,40,IBM
2025-12-30,9:38:04.270297716,T,304.04,80,304.52,40,IBM
2025-12-30,9:38:04.711934441,T,304.04,40,304.52,40,IBM
2025-12-30,9:38:15.226399808,T,304.05,40,304.52,40,IBM
2025-12-30,9:38:15.950563584,T,304.04,40,304.52,40,IBM
2025-12-30,9:38:16.032954824,T,304.05,40,304.52,40,IBM
2025-12-30,9:38:16.364268488,T,304.04,40,304.52,40,IBM
2025-12-30,9:38:18.369281560,T,304.05,40,304.52,40,IBM
2025-12-30,9:38:18.370339080,T,304.05,40,304.69,200,IBM
2025-12-30,9:38:18.900385850,T,304.04,40,304.69,200,IBM
2025-12-30,9:38:21.062187340,T,304.05,40,304.69,200,IBM
2025-12-30,9:38:21.317124352,T,304.04,40,304.69,200,IBM
2025-12-30,9:38:22.121093321,T,304.05,40,304.69,200,IBM
2025-12-30,9:38:22.410386991,T,304.04,40,304.69,200,IBM
2025-12-30,9:38:22.604804741,T,304.05,40,304.69,200,IBM
2025-12-30,9:38:24.824338505,T,304.04,40,304.69,200,IBM
2025-12-30,9:38:25.568249410,T,304.05,40,304.69,200,IBM
2025-12-30,9:38:25.623300434,T,304.05,40,304.69,160,IBM
2025-12-30,9:38:25.623325428,T,304.2,40,304.69,160,IBM
2025-12-30,9:38:25.623325428,T,304.21,40,304.69,160,IBM
2025-12-30,9:38:25.623405723,T,304.29,40,304.69,160,IBM
2025-12-30,9:38:25.624182572,T,304.2,40,304.69,160,IBM
2025-12-30,9:38:25.626853917,T,304.2,40,304.74,40,IBM
2025-12-30,9:38:25.628387561,T,304.05,40,304.74,40,IBM
2025-12-30,9:38:25.649728315,T,304.05,80,304.74,40,IBM
2025-12-30,9:38:25.708242649,T,304.05,40,304.74,40,IBM
2025-12-30,9:38:26.012271400,T,304.04,40,304.74,40,IBM
2025-12-30,9:38:26.122032726,T,304.04,40,304.86,200,IBM
2025-12-30,9:38:26.122057726,T,304.04,40,304.86,160,IBM
2025-12-30,9:38:26.264216221,T,303.83,160,304.86,160,IBM
2025-12-30,9:38:26.476581785,T,304.29,40,304.86,160,IBM
2025-12-30,9:38:26.916243394,T,304.3,40,304.86,160,IBM
2025-12-30,9:38:28.701969599,T,303.83,160,304.86,160,IBM
2025-12-30,9:38:28.701999666,T,303.83,160,304.5,40,IBM
2025-12-30,9:38:28.702009632,T,303.83,160,304.49,40,IBM
2025-12-30,9:38:28.702375503,T,303.83,160,304.4,40,IBM
2025-12-30,9:38:28.702520874,T,303.83,160,304.4,80,IBM
2025-12-30,9:38:28.702946897,T,303.83,160,304.4,120,IBM
2025-12-30,9:38:28.706695755,T,303.83,160,304.4,80,IBM
2025-12-30,9:38:28.713662404,T,303.83,160,304.4,40,IBM
2025-12-30,9:38:28.716880077,T,303.83,160,304.49,40,IBM
2025-12-30,9:38:28.801992717,T,303.83,160,304.86,160,IBM
2025-12-30,9:38:33.235657532,T,303.83,160,304.52,40,IBM
2025-12-30,9:38:33.522881343,T,303.83,160,304.86,160,IBM
2025-12-30,9:38:34.684882348,T,303.83,160,304.5,40,IBM
2025-12-30,9:38:49.867902070,T,303.83,160,304.49,40,IBM
2025-12-30,9:38:59.767102815,T,303.83,160,304.24,320,IBM
2025-12-30,9:38:59.767117907,T,303.83,160,304.49,40,IBM
2025-12-30,9:38:59.767147969,T,303.85,40,304.49,40,IBM
2025-12-30,9:38:59.767699341,T,303.83,160,304.49,40,IBM
2025-12-30,9:38:59.767929826,T,303.83,160,304.52,40,IBM
2025-12-30,9:38:59.768050140,T,303.83,160,304.46,40,IBM
2025-12-30,9:38:59.768140304,T,303.83,160,304.52,40,IBM
2025-12-30,9:38:59.778018842,T,303.83,160,304.72,40,IBM
2025-12-30,9:38:59.854490859,T,304.23,40,304.72,40,IBM
2025-12-30,9:38:59.924768159,T,304.23,40,304.52,40,IBM
2025-12-30,9:38:59.924783189,T,304.23,40,304.49,40,IBM
2025-12-30,9:39:00.999421575,T,303.83,160,304.49,40,IBM
2025-12-30,9:39:00.999441629,T,303.83,160,304.45,40,IBM
2025-12-30,9:39:00.999526729,T,303.83,160,304.48,40,IBM
2025-12-30,9:39:00.999526729,T,303.83,160,304.36,40,IBM
2025-12-30,9:39:01.014327032,T,303.83,160,304.43,40,IBM
2025-12-30,9:39:01.206263985,T,304.03,40,304.43,40,IBM
2025-12-30,9:39:04.355681426,T,304.03,40,304.52,40,IBM
2025-12-30,9:39:05.064263259,T,304.03,40,304.49,40,IBM
2025-12-30,9:39:05.186634572,T,304.03,40,304.49,80,IBM
2025-12-30,9:39:05.662668022,T,304.03,40,304.49,40,IBM
2025-12-30,9:39:07.899783626,T,303.83,160,304.49,40,IBM
2025-12-30,9:39:07.899823711,T,304.09,40,304.49,40,IBM
2025-12-30,9:39:20.197344020,T,304.09,40,304.48,40,IBM
2025-12-30,9:39:20.937240632,T,304.09,40,304.48,80,IBM
2025-12-30,9:39:20.937967313,T,304.09,40,304.47,40,IBM
2025-12-30,9:39:20.952126052,T,304.09,40,304.48,40,IBM
2025-12-30,9:39:20.953078311,T,304.09,40,304.47,40,IBM
2025-12-30,9:39:20.956706947,T,304.09,40,304.42,40,IBM
2025-12-30,9:39:21.122742217,T,304.09,40,304.42,80,IBM
2025-12-30,9:39:22.202557685,T,304.09,40,304.42,40,IBM
2025-12-30,9:39:24.224170706,T,304.09,40,304.42,80,IBM
2025-12-30,9:39:24.407421921,T,304.09,40,304.42,40,IBM
2025-12-30,9:39:25.292288305,T,304.09,40,304.42,80,IBM
2025-12-30,9:39:25.292303360,T,304.09,40,304.41,40,IBM
2025-12-30,9:39:26.567047971,T,304.09,40,304.42,80,IBM
2025-12-30,9:39:26.675055136,T,304.09,40,304.41,40,IBM
2025-12-30,9:39:26.675220551,T,304.09,40,304.29,40,IBM
2025-12-30,9:39:26.675230550,T,303.83,160,304.29,40,IBM
2025-12-30,9:39:26.675255582,T,303.83,160,304.26,40,IBM
2025-12-30,9:39:26.675816928,T,303.83,160,304.41,40,IBM
2025-12-30,9:39:26.676017378,T,303.83,160,304.29,40,IBM
2025-12-30,9:39:36.985159705,T,303.65,40,304.29,40,IBM
2025-12-30,9:39:36.985169402,T,303.67,160,304.29,40,IBM
2025-12-30,9:39:36.985971301,T,303.67,160,304.2,40,IBM
2025-12-30,9:39:37.680810653,T,304.01,40,304.2,40,IBM
2025-12-30,9:39:39.823506501,T,304.01,80,304.2,40,IBM
2025-12-30,9:39:39.824403650,T,304.01,40,304.2,40,IBM
2025-12-30,9:39:42.844503107,T,304.01,40,304.57,160,IBM
2025-12-30,9:39:42.844633434,T,304.02,40,304.57,160,IBM
2025-12-30,9:39:42.844723662,T,304.07,40,304.57,160,IBM
2025-12-30,9:39:42.845294987,T,304.02,40,304.57,160,IBM
2025-12-30,9:39:42.845294987,T,304.02,40,304.35,40,IBM
2025-12-30,9:39:42.859498900,T,304.01,40,304.35,40,IBM
2025-12-30,9:39:58.493542392,T,304.01,40,304.29,40,IBM
2025-12-30,9:40:00.064301749,T,304.01,40,304.57,160,IBM
2025-12-30,9:40:03.544712073,T,304.15,40,304.57,160,IBM
2025-12-30,9:40:03.545148092,T,304.01,40,304.57,160,IBM
2025-12-30,9:40:04.887082781,T,303.81,160,304.57,160,IBM
2025-12-30,9:40:05.588352205,T,303.81,160,304.5,40,IBM
2025-12-30,9:40:05.908098344,T,304.14,40,304.5,40,IBM
2025-12-30,9:40:16.129822112,T,304.14,80,304.5,40,IBM
2025-12-30,9:40:16.639851382,T,304.15,40,304.5,40,IBM
2025-12-30,9:40:16.640046889,T,304.18,40,304.5,40,IBM
2025-12-30,9:40:16.645033799,T,304.15,80,304.5,40,IBM
2025-12-30,9:40:16.654721827,T,304.15,40,304.5,40,IBM
2025-12-30,9:40:16.654927320,T,304.14,40,304.5,40,IBM
2025-12-30,9:40:16.656836857,T,304.14,80,304.5,40,IBM
2025-12-30,9:40:16.715847333,T,304.14,40,304.5,40,IBM
2025-12-30,9:40:24.540995796,T,304.14,40,304.48,40,IBM
2025-12-30,9:40:24.541211616,T,304.14,40,304.27,40,IBM
2025-12-30,9:40:24.541291665,T,304.14,40,304.48,40,IBM
2025-12-30,9:40:24.541406799,T,304.14,40,304.48,80,IBM
2025-12-30,9:40:24.542008217,T,304.14,40,304.53,40,IBM
2025-12-30,9:40:24.542524547,T,304.14,40,304.72,40,IBM
2025-12-30,9:40:24.641635440,T,304.14,40,304.76,200,IBM
2025-12-30,9:40:24.660625586,T,304.14,40,304.48,40,IBM
2025-12-30,9:40:32.672849450,T,303.95,160,304.48,40,IBM
2025-12-30,9:40:32.672869550,T,303.95,160,304.32,40,IBM
2025-12-30,9:40:32.673010150,T,303.95,160,304.29,40,IBM
2025-12-30,9:40:32.673220429,T,303.65,80,304.29,40,IBM
2025-12-30,9:40:32.673225443,T,303.76,160,304.29,40,IBM
2025-12-30,9:40:32.673235368,T,303.76,160,304.29,80,IBM
2025-12-30,9:40:32.673756801,T,303.76,160,304.29,40,IBM
2025-12-30,9:40:32.678091970,T,304.01,40,304.29,40,IBM
2025-12-30,9:40:32.773925161,T,304.01,40,304.41,40,IBM
2025-12-30,9:40:34.720659883,T,304.01,40,304.41,80,IBM
2025-12-30,9:40:37.497550203,T,304.05,40,304.41,80,IBM
2025-12-30,9:40:42.520522846,T,304.05,40,304.41,40,IBM
2025-12-30,9:40:43.610783372,T,304.05,40,304.41,80,IBM
2025-12-30,9:40:52.995795365,T,304.05,40,304.41,40,IBM
2025-12-30,9:40:55.621937255,T,304.05,80,304.41,40,IBM
2025-12-30,9:40:55.621957312,T,304.05,40,304.41,40,IBM
2025-12-30,9:40:55.621982440,T,304.05,80,304.41,40,IBM
2025-12-30,9:40:56.112886024,T,304.05,40,304.41,40,IBM
2025-12-30,9:40:58.789242658,T,304.05,40,304.21,160,IBM
2025-12-30,9:40:58.789262341,T,304.05,40,304.21,40,IBM
2025-12-30,9:40:58.789262341,T,304.05,40,304.41,40,IBM
2025-12-30,9:40:58.789282570,T,304.05,80,304.41,40,IBM
2025-12-30,9:40:58.789303043,T,304.05,40,304.41,40,IBM
2025-12-30,9:40:58.790034218,T,304.05,40,304.66,40,IBM
2025-12-30,9:40:58.790044275,T,304.05,40,304.72,40,IBM
2025-12-30,9:40:59.506940956,T,304.05,40,304.66,40,IBM
2025-12-30,9:40:59.558182984,T,304.05,40,304.41,40,IBM
2025-12-30,9:41:00.187601317,T,304.21,40,304.41,40,IBM
2025-12-30,9:41:01.150674036,T,304.05,40,304.41,40,IBM
2025-12-30,9:41:01.150698998,T,304.05,40,304.41,80,IBM
2025-12-30,9:41:01.150714010,T,304.05,40,304.4,40,IBM
2025-12-30,9:41:01.165584418,T,304.05,40,304.41,40,IBM
2025-12-30,9:41:06.325919403,T,303.76,160,304.41,40,IBM
2025-12-30,9:41:06.325944480,T,303.76,160,304.41,80,IBM
2025-12-30,9:41:06.325944480,T,303.76,160,304.23,40,IBM
2025-12-30,9:41:06.326300335,T,303.76,160,304.23,80,IBM
2025-12-30,9:41:06.326310287,T,303.76,160,304.23,40,IBM
2025-12-30,9:41:06.326385471,T,303.76,160,304.4,40,IBM
2025-12-30,9:41:06.326686326,T,303.76,160,304.41,80,IBM
2025-12-30,9:41:06.326736297,T,303.76,160,304.23,40,IBM
2025-12-30,9:41:08.512870545,T,303.76,160,304.23,80,IBM
2025-12-30,9:41:12.169039437,T,303.76,160,304.23,40,IBM
2025-12-30,9:41:12.336703572,T,303.99,40,304.23,40,IBM
2025-12-30,9:41:14.287578018,T,303.99,40,304.48,40,IBM
2025-12-30,9:41:14.463677231,T,303.99,40,304.34,40,IBM
2025-12-30,9:41:16.156692449,T,304.0,40,304.34,40,IBM
2025-12-30,9:41:16.156712580,T,304.01,40,304.34,40,IBM
2025-12-30,9:41:16.171577934,T,304.0,40,304.34,40,IBM
2025-12-30,9:41:16.256986229,T,303.99,40,304.34,40,IBM
2025-12-30,9:41:52.188064009,T,303.99,40,304.51,40,IBM
2025-12-30,9:41:53.433017626,T,303.99,40,304.34,80,IBM
2025-12-30,9:42:07.204963110,T,304.16,40,304.34,80,IBM
2025-12-30,9:42:07.205333948,T,304.17,40,304.34,80,IBM
2025-12-30,9:42:07.205489595,T,304.16,40,304.34,80,IBM
2025-12-30,9:42:07.205494347,T,304.16,40,304.51,40,IBM
2025-12-30,9:42:07.205499404,T,304.05,40,304.51,40,IBM
2025-12-30,9:42:07.205599569,T,304.0,40,304.51,40,IBM
2025-12-30,9:42:07.205629725,T,304.17,40,304.51,40,IBM
2025-12-30,9:42:07.205689793,T,304.25,40,304.51,40,IBM
2025-12-30,9:42:07.210671686,T,304.17,40,304.51,40,IBM
2025-12-30,9:42:07.215498166,T,304.0,40,304.51,40,IBM
2025-12-30,9:42:07.220515043,T,303.99,40,304.51,40,IBM
2025-12-30,9:42:07.450973743,T,303.65,40,304.51,40,IBM
2025-12-30,9:42:09.521793645,T,303.65,40,304.89,80,IBM
2025-12-30,9:42:09.521828723,T,303.65,40,304.65,40,IBM
2025-12-30,9:42:15.448848254,T,303.65,40,304.65,80,IBM
2025-12-30,9:42:15.549116983,T,303.65,40,304.65,40,IBM
2025-12-30,9:42:15.672961793,T,303.83,160,304.65,40,IBM
2025-12-30,9:42:15.672961793,T,303.83,160,304.62,160,IBM
2025-12-30,9:42:16.780769225,T,303.83,160,304.62,200,IBM
2025-12-30,9:42:16.783691133,T,303.83,160,304.44,40,IBM
2025-12-30,9:42:16.784483088,T,303.83,160,304.44,120,IBM
2025-12-30,9:42:16.798576573,T,303.83,160,304.44,80,IBM
2025-12-30,9:42:17.509544042,T,303.83,160,304.44,120,IBM
2025-12-30,9:42:20.378413592,T,303.83,160,304.44,160,IBM
2025-12-30,9:42:20.381947056,T,303.83,160,304.44,200,IBM
2025-12-30,9:42:20.381962000,T,303.83,160,304.33,40,IBM
2025-12-30,9:42:20.382232767,T,303.83,160,304.28,40,IBM
2025-12-30,9:42:20.386272280,T,303.83,160,304.33,40,IBM
2025-12-30,9:42:20.386427672,T,303.83,160,304.44,80,IBM
2025-12-30,9:42:20.399157941,T,303.83,160,304.44,40,IBM
2025-12-30,9:42:21.981359514,T,303.83,160,304.37,40,IBM
2025-12-30,9:42:21.981389604,T,303.83,160,304.37,80,IBM
2025-12-30,9:42:24.198352196,T,303.83,160,304.37,120,IBM
2025-12-30,9:42:30.791908930,T,303.83,160,304.37,80,IBM
2025-12-30,9:42:30.999999340,T,303.83,160,304.14,80,IBM
2025-12-30,9:42:31.000024388,T,303.83,160,304.37,80,IBM
2025-12-30,9:42:31.000049473,T,303.98,40,304.37,80,IBM
2025-12-30,9:42:31.000786188,T,303.98,40,304.44,40,IBM
2025-12-30,9:42:31.005081424,T,303.84,40,304.44,40,IBM
2025-12-30,9:42:31.014929891,T,303.83,160,304.44,40,IBM
2025-12-30,9:42:33.832983563,T,303.83,160,304.37,80,IBM
2025-12-30,9:42:50.962802601,T,304.06,40,304.37,80,IBM
2025-12-30,9:43:02.788690492,T,304.06,40,304.36,80,IBM
2025-12-30,9:43:09.279236899,T,303.83,160,304.36,80,IBM
2025-12-30,9:43:09.279271997,T,304.15,40,304.36,80,IBM
2025-12-30,9:43:10.643670185,T,304.22,40,304.36,80,IBM
2025-12-30,9:43:16.032133075,T,304.15,40,304.36,80,IBM
2025-12-30,9:43:16.032278419,T,304.15,40,304.29,40,IBM
2025-12-30,9:43:16.037490737,T,304.15,40,304.29,80,IBM
2025-12-30,9:43:16.047073600,T,304.15,40,304.29,40,IBM
2025-12-30,9:43:16.209244597,T,304.15,40,304.29,120,IBM
2025-12-30,9:43:16.209460111,T,304.15,40,304.29,80,IBM
2025-12-30,9:43:16.298812823,T,304.15,40,304.51,40,IBM
2025-12-30,9:43:17.280369430,T,304.15,40,304.62,200,IBM
2025-12-30,9:43:17.280399576,T,304.15,40,304.54,40,IBM
2025-12-30,9:43:17.280404625,T,304.15,40,304.3,40,IBM
2025-12-30,9:43:22.007372409,T,303.83,160,304.3,40,IBM
2025-12-30,9:43:22.007442642,T,303.83,160,304.24,40,IBM
2025-12-30,9:43:22.007658156,T,303.83,160,304.3,40,IBM
2025-12-30,9:43:22.008189348,T,303.83,160,304.24,80,IBM
2025-12-30,9:43:22.009833318,T,303.83,160,304.2,40,IBM
2025-12-30,9:43:22.010244230,T,303.83,160,304.12,40,IBM
2025-12-30,9:43:22.010780561,T,303.65,40,304.12,40,IBM
2025-12-30,9:43:22.010790564,T,303.7,160,304.12,40,IBM
2025-12-30,9:43:22.014148626,T,303.7,160,304.2,40,IBM
2025-12-30,9:43:22.015226090,T,303.7,160,304.3,40,IBM
2025-12-30,9:43:22.327469480,T,303.7,160,304.08,80,IBM
2025-12-30,9:43:27.161447061,T,303.7,160,304.3,40,IBM
2025-12-30,9:43:27.234074978,T,303.7,160,303.95,40,IBM
2025-12-30,9:43:27.234195366,T,303.7,160,304.0,40,IBM
2025-12-30,9:43:27.234225376,T,303.7,160,304.3,40,IBM
2025-12-30,9:43:27.499957913,T,303.7,160,304.39,40,IBM
2025-12-30,9:43:27.500003038,T,303.7,160,304.16,40,IBM
2025-12-30,9:43:29.449619270,T,303.65,40,304.16,40,IBM
2025-12-30,9:43:32.361095341,T,303.65,40,304.39,40,IBM
2025-12-30,9:43:32.361130451,T,303.65,40,304.06,40,IBM
2025-12-30,9:43:50.390856518,T,303.81,40,304.06,40,IBM
2025-12-30,9:43:50.390966850,T,303.65,40,304.06,40,IBM
2025-12-30,9:43:50.391006933,T,303.88,40,304.06,40,IBM
2025-12-30,9:43:50.391362787,T,303.65,40,304.06,40,IBM
2025-12-30,9:43:50.392084436,T,303.65,40,303.98,40,IBM
2025-12-30,9:43:50.392099479,T,303.65,40,303.98,80,IBM
2025-12-30,9:43:50.394435051,T,303.65,40,303.98,40,IBM
2025-12-30,9:43:50.394820973,T,303.65,40,304.06,40,IBM
2025-12-30,9:43:51.134597158,T,303.95,40,304.06,40,IBM
2025-12-30,9:43:51.134612220,T,303.65,80,304.06,40,IBM
2025-12-30,9:43:51.134612220,T,303.95,40,304.06,40,IBM
2025-12-30,9:43:51.138912356,T,303.65,40,304.06,40,IBM
2025-12-30,9:43:51.251339997,T,303.65,40,304.32,160,IBM
2025-12-30,9:43:51.251415259,T,304.01,40,304.32,160,IBM
2025-12-30,9:43:51.252126929,T,304.01,40,304.2,40,IBM
2025-12-30,9:43:51.252131918,T,303.65,40,304.2,40,IBM
2025-12-30,9:43:57.072728447,T,303.68,160,304.2,40,IBM
2025-12-30,9:44:01.467039715,T,303.68,160,304.32,160,IBM
2025-12-30,9:44:02.054618449,T,304.01,40,304.32,160,IBM
2025-12-30,9:44:02.054638478,T,303.68,160,304.32,160,IBM
2025-12-30,9:44:02.054643598,T,304.05,40,304.32,160,IBM
2025-12-30,9:44:02.055746091,T,304.05,40,304.45,80,IBM
2025-12-30,9:44:02.059625277,T,303.73,40,304.45,80,IBM
2025-12-30,9:44:02.069498849,T,303.68,160,304.45,80,IBM
2025-12-30,9:44:11.912465697,T,303.68,160,304.44,40,IBM
2025-12-30,9:44:13.200076043,T,303.68,160,304.39,40,IBM
2025-12-30,9:44:13.200607251,T,303.68,160,304.2,80,IBM
2025-12-30,9:44:15.545905492,T,304.0,120,304.2,80,IBM
2025-12-30,9:44:16.947757899,T,304.0,120,304.2,40,IBM
2025-12-30,9:44:16.947757899,T,304.0,120,304.43,40,IBM
2025-12-30,9:44:16.947787821,T,304.1,40,304.43,40,IBM
2025-12-30,9:44:16.948589662,T,304.1,40,304.39,40,IBM
2025-12-30,9:44:16.948594727,T,304.0,160,304.39,40,IBM
2025-12-30,9:44:16.957260307,T,304.0,120,304.39,40,IBM
2025-12-30,9:44:17.061302996,T,304.02,40,304.39,40,IBM
2025-12-30,9:44:17.214873584,T,304.0,120,304.39,40,IBM
2025-12-30,9:44:33.743075624,T,304.0,120,304.39,80,IBM
2025-12-30,9:44:42.277933356,T,303.68,160,304.39,80,IBM
2025-12-30,9:44:42.277943526,T,303.68,160,304.21,40,IBM
2025-12-30,9:44:42.278605008,T,303.68,160,304.21,80,IBM
2025-12-30,9:44:42.278760312,T,303.68,160,304.21,120,IBM
2025-12-30,9:44:42.279903077,T,303.68,160,304.2,40,IBM
2025-12-30,9:44:42.283591812,T,303.68,160,304.21,120,IBM
2025-12-30,9:44:42.292823873,T,303.68,160,304.21,80,IBM
2025-12-30,9:44:43.603403994,T,303.68,160,304.2,40,IBM
2025-12-30,9:44:43.603413911,T,303.68,160,304.11,40,IBM
2025-12-30,9:44:43.603428946,T,303.68,160,304.11,80,IBM
2025-12-30,9:44:43.609588670,T,303.68,160,304.11,120,IBM
2025-12-30,9:44:43.610565945,T,303.65,40,304.11,120,IBM
2025-12-30,9:44:43.613914020,T,303.65,40,304.11,80,IBM
2025-12-30,9:44:46.162922008,T,303.65,40,304.11,120,IBM
2025-12-30,9:44:59.351643817,T,303.65,40,304.03,40,IBM
2025-12-30,9:45:00.065558323,T,303.65,40,304.11,40,IBM
2025-12-30,9:45:01.126835014,T,303.65,40,304.11,80,IBM
2025-12-30,9:45:01.126845109,T,303.65,40,304.03,40,IBM
2025-12-30,9:45:01.227474693,T,303.65,40,303.94,40,IBM
2025-12-30,9:45:01.228291559,T,303.65,40,303.94,80,IBM
2025-12-30,9:45:01.242355110,T,303.65,40,303.94,40,IBM
2025-12-30,9:45:01.736937346,T,303.65,40,303.94,160,IBM
2025-12-30,9:45:03.212595263,T,303.65,40,303.94,120,IBM
2025-12-30,9:45:05.064629229,T,303.65,40,303.94,160,IBM
2025-12-30,9:45:12.604177742,T,303.65,40,303.94,200,IBM
2025-12-30,9:45:12.608036961,T,303.65,40,303.94,160,IBM
2025-12-30,9:45:12.619093303,T,303.65,80,303.94,160,IBM
2025-12-30,9:45:12.619143357,T,303.71,40,303.94,160,IBM
2025-12-30,9:45:12.619203564,T,303.72,40,303.94,160,IBM
2025-12-30,9:45:12.623889723,T,303.65,80,303.94,160,IBM
2025-12-30,9:45:12.623909749,T,303.65,40,303.94,160,IBM
2025-12-30,9:45:13.108453273,T,303.84,240,303.94,160,IBM
2025-12-30,9:45:13.108473255,T,303.84,200,303.94,160,IBM
2025-12-30,9:45:13.108483247,T,303.65,40,303.94,160,IBM
2025-12-30,9:45:14.673814665,T,303.65,40,303.87,40,IBM
2025-12-30,9:45:25.233507861,T,303.69,80,303.87,40,IBM
2025-12-30,9:45:25.233938848,T,303.69,80,304.11,40,IBM
2025-12-30,9:45:25.233948936,T,303.69,80,304.13,40,IBM
2025-12-30,9:45:25.234064162,T,303.65,40,304.13,40,IBM
2025-12-30,9:45:25.618098388,T,303.65,40,304.11,40,IBM
2025-12-30,9:45:25.618128467,T,303.65,40,303.87,40,IBM
2025-12-30,9:45:28.216539778,T,303.65,40,304.11,40,IBM
2025-12-30,9:45:28.216544199,T,303.65,40,304.13,40,IBM
2025-12-30,9:45:28.216564579,T,303.76,40,304.13,40,IBM
2025-12-30,9:45:28.216714781,T,303.65,40,304.13,40,IBM
2025-12-30,9:45:28.216759798,T,303.65,80,304.13,40,IBM
2025-12-30,9:45:28.216859972,T,303.66,40,304.13,40,IBM
2025-12-30,9:45:28.217045436,T,303.65,80,304.13,40,IBM
2025-12-30,9:45:28.217471448,T,303.65,40,304.13,40,IBM
2025-12-30,9:45:28.363664448,T,303.65,40,304.11,40,IBM
2025-12-30,9:45:39.000837211,T,303.65,40,303.92,40,IBM
2025-12-30,9:45:42.750553688,T,303.47,200,303.92,40,IBM
2025-12-30,9:45:42.750553688,T,303.47,200,303.77,40,IBM
2025-12-30,9:45:42.750573746,T,303.47,200,303.71,40,IBM
2025-12-30,9:45:42.755540519,T,303.47,200,303.77,40,IBM
2025-12-30,9:45:42.756928870,T,303.47,40,303.77,40,IBM
2025-12-30,9:45:42.765459105,T,303.47,40,303.92,40,IBM
2025-12-30,9:45:51.567859093,T,303.33,160,303.92,40,IBM
2025-12-30,9:45:52.920118262,T,303.35,40,303.92,40,IBM
2025-12-30,9:45:52.924438530,T,303.33,160,303.92,40,IBM
2025-12-30,9:45:53.910706567,T,303.33,160,303.78,40,IBM
2025-12-30,9:46:01.601941169,T,303.33,160,303.92,40,IBM
2025-12-30,9:46:01.601971187,T,303.7,40,303.92,40,IBM
2025-12-30,9:46:01.602768057,T,303.7,40,303.92,80,IBM
2025-12-30,9:46:01.616851631,T,303.33,200,303.92,80,IBM
2025-12-30,9:46:01.616946857,T,303.35,40,303.92,80,IBM
2025-12-30,9:46:01.618194771,T,303.33,200,303.92,80,IBM
2025-12-30,9:46:01.632338458,T,303.33,200,303.92,120,IBM
2025-12-30,9:46:01.940587246,T,303.62,200,303.92,120,IBM
2025-12-30,9:46:02.121227268,T,303.62,200,303.92,80,IBM
2025-12-30,9:46:02.121753546,T,303.62,200,303.92,120,IBM
2025-12-30,9:46:03.043828602,T,303.62,200,303.92,80,IBM
2025-12-30,9:46:25.459701481,T,303.46,160,303.92,80,IBM
2025-12-30,9:46:25.498954977,T,303.46,160,303.92,40,IBM
2025-12-30,9:46:25.498960069,T,303.46,160,304.11,80,IBM
2025-12-30,9:46:25.498974937,T,303.46,160,304.11,40,IBM
2025-12-30,9:46:25.498999952,T,303.91,80,304.11,40,IBM
2025-12-30,9:46:25.499140323,T,303.79,40,304.11,40,IBM
2025-12-30,9:46:25.499230586,T,303.68,40,304.11,40,IBM
2025-12-30,9:46:25.499882062,T,303.67,40,304.11,40,IBM
2025-12-30,9:46:25.499902147,T,303.67,40,304.11,80,IBM
2025-12-30,9:46:25.500137712,T,303.51,40,304.11,80,IBM
2025-12-30,9:46:25.599208525,T,303.47,40,304.11,80,IBM
2025-12-30,9:46:25.609969125,T,303.46,160,304.11,80,IBM
2025-12-30,9:46:30.281836122,T,303.46,160,304.0,40,IBM
2025-12-30,9:46:30.282091733,T,303.46,160,303.92,40,IBM
2025-12-30,9:46:30.283369738,T,303.46,160,303.92,80,IBM
2025-12-30,9:46:30.283495032,T,303.46,160,303.92,40,IBM
2025-12-30,9:46:30.283515014,T,303.46,160,304.0,40,IBM
2025-12-30,9:46:30.283760712,T,303.76,40,304.0,40,IBM
2025-12-30,9:46:30.283805736,T,303.83,80,304.0,40,IBM
2025-12-30,9:46:30.283825774,T,303.83,160,304.0,40,IBM
2025-12-30,9:46:30.284011233,T,303.83,160,304.11,80,IBM
2025-12-30,9:46:30.284061429,T,303.83,160,304.11,40,IBM
2025-12-30,9:46:30.284081424,T,303.83,80,304.11,40,IBM
2025-12-30,9:46:30.284086377,T,303.76,40,304.11,40,IBM
2025-12-30,9:46:30.284106432,T,303.91,160,304.11,40,IBM
2025-12-30,9:46:30.284156637,T,303.92,160,304.11,40,IBM
2025-12-30,9:46:30.284196850,T,303.92,80,304.11,40,IBM
2025-12-30,9:46:30.284221712,T,303.76,40,304.11,40,IBM
2025-12-30,9:46:30.284241784,T,303.47,40,304.11,40,IBM
2025-12-30,9:46:30.285725323,T,303.51,40,304.11,40,IBM
2025-12-30,9:46:30.288722440,T,303.5,40,304.11,40,IBM
2025-12-30,9:46:30.288747522,T,303.47,40,304.11,40,IBM
2025-12-30,9:46:30.467568162,T,303.47,40,304.0,40,IBM
2025-12-30,9:46:30.467578232,T,303.47,40,303.99,40,IBM
2025-12-30,9:46:32.090060566,T,303.46,160,303.99,40,IBM
2025-12-30,9:46:32.090987675,T,303.47,40,303.99,40,IBM
2025-12-30,9:46:32.091017779,T,303.46,160,303.99,40,IBM
2025-12-30,9:46:35.698505818,T,303.5,40,303.99,40,IBM
2025-12-30,9:46:35.698535869,T,303.51,40,303.99,40,IBM
2025-12-30,9:46:36.242034832,T,303.5,40,303.99,40,IBM
2025-12-30,9:46:44.572355816,T,303.46,160,303.99,40,IBM
2025-12-30,9:46:45.569659960,T,303.43,40,303.99,40,IBM
2025-12-30,9:46:45.569669994,T,303.57,160,303.99,40,IBM
2025-12-30,9:46:45.577197947,T,303.57,160,304.11,80,IBM
2025-12-30,9:46:45.577197947,T,303.57,160,304.11,40,IBM
2025-12-30,9:46:45.577223182,T,303.67,40,304.11,40,IBM
2025-12-30,9:46:45.577223182,T,303.83,40,304.11,40,IBM
2025-12-30,9:46:45.577323214,T,303.67,40,304.11,40,IBM
2025-12-30,9:46:45.577333281,T,303.68,40,304.11,40,IBM
2025-12-30,9:46:45.577433447,T,303.83,40,304.11,40,IBM
2025-12-30,9:46:45.577438509,T,303.83,80,304.11,40,IBM
2025-12-30,9:46:45.577453498,T,303.83,40,304.11,40,IBM
2025-12-30,9:46:45.577774228,T,303.83,40,304.11,80,IBM
2025-12-30,9:46:45.577804777,T,303.83,40,304.11,40,IBM
2025-12-30,9:46:45.587467346,T,303.67,40,304.11,40,IBM
2025-12-30,9:46:45.594684593,T,303.59,40,304.11,40,IBM
2025-12-30,9:46:45.621768970,T,303.62,40,304.11,40,IBM
2025-12-30,9:46:45.677266088,T,303.57,200,304.11,40,IBM
2025-12-30,9:46:45.694923182,T,303.57,200,304.11,80,IBM
2025-12-30,9:46:48.976244628,T,303.57,200,304.11,40,IBM
2025-12-30,9:46:48.976805882,T,303.57,200,304.14,40,IBM
2025-12-30,9:46:54.151459914,T,303.57,200,304.11,40,IBM
2025-12-30,9:46:54.162861665,T,303.59,40,304.11,40,IBM
2025-12-30,9:46:54.169898503,T,303.59,40,304.14,40,IBM
2025-12-30,9:46:54.169903500,T,303.59,40,304.26,40,IBM
2025-12-30,9:46:54.175842570,T,303.73,160,304.26,40,IBM
2025-12-30,9:46:54.176559331,T,303.73,160,304.32,40,IBM
2025-12-30,9:46:54.191344518,T,303.73,160,304.14,40,IBM
2025-12-30,9:46:54.204736390,T,303.73,160,304.11,80,IBM
2025-12-30,9:46:54.205478131,T,303.73,160,304.11,120,IBM
2025-12-30,9:46:54.220669325,T,303.73,160,304.11,40,IBM
2025-12-30,9:46:54.220674276,T,303.73,160,304.32,40,IBM
2025-12-30,9:46:54.229104449,T,303.73,160,304.14,40,IBM
2025-12-30,9:46:54.300890277,T,303.73,160,304.32,40,IBM
2025-12-30,9:46:54.300970518,T,303.76,40,304.32,40,IBM
2025-12-30,9:46:54.305917312,T,303.75,40,304.32,40,IBM
2025-12-30,9:46:54.320697482,T,303.73,160,304.32,40,IBM
2025-12-30,9:46:54.418264697,T,303.73,160,304.38,40,IBM
2025-12-30,9:46:55.750972597,T,303.73,160,304.32,40,IBM
2025-12-30,9:46:56.112127370,T,303.73,160,304.23,40,IBM
2025-12-30,9:46:58.849899844,T,303.73,160,304.21,40,IBM
2025-12-30,9:47:02.213482120,T,303.73,160,304.23,40,IBM
2025-12-30,9:47:03.076892535,T,303.73,160,304.2,40,IBM
2025-12-30,9:47:04.226759780,T,303.73,160,304.21,40,IBM
2025-12-30,9:47:04.481325879,T,303.73,160,304.2,40,IBM
2025-12-30,9:47:04.508530549,T,303.73,160,304.21,40,IBM
2025-12-30,9:47:05.064764908,T,303.73,160,304.2,40,IBM
2025-12-30,9:47:16.890431706,T,303.73,160,304.19,40,IBM
2025-12-30,9:47:17.550493012,T,303.73,160,304.2,40,IBM
2025-12-30,9:47:21.596078779,T,303.73,160,304.19,40,IBM
2025-12-30,9:47:21.833975100,T,303.73,160,304.19,80,IBM
2025-12-30,9:47:23.102304465,T,303.73,160,304.19,40,IBM
2025-12-30,9:47:25.903332519,T,303.73,160,304.19,80,IBM
2025-12-30,9:47:25.903347553,T,303.73,160,304.18,40,IBM
2025-12-30,9:47:25.903557960,T,303.73,160,304.1,40,IBM
2025-12-30,9:47:25.903563037,T,303.73,160,304.05,80,IBM
2025-12-30,9:47:25.904124391,T,303.73,160,304.1,40,IBM
2025-12-30,9:47:25.904319945,T,303.73,160,304.1,80,IBM
2025-12-30,9:47:25.904395037,T,303.73,160,304.1,120,IBM
2025-12-30,9:47:25.904896212,T,303.73,160,304.1,160,IBM
2025-12-30,9:47:25.907888293,T,303.73,160,304.1,120,IBM
2025-12-30,9:47:25.908950855,T,303.73,160,304.1,80,IBM
2025-12-30,9:47:25.908970931,T,303.73,160,304.1,40,IBM
2025-12-30,9:47:29.536992618,T,303.73,160,304.09,40,IBM
2025-12-30,9:47:29.536992618,T,303.51,40,304.09,40,IBM
2025-12-30,9:47:29.536997641,T,303.61,200,304.09,40,IBM
2025-12-30,9:47:29.537002664,T,303.61,200,304.0,40,IBM
2025-12-30,9:47:29.562904330,T,303.61,200,304.0,80,IBM
2025-12-30,9:47:30.209884477,T,303.61,200,303.98,40,IBM
2025-12-30,9:47:31.738333107,T,303.61,200,304.0,40,IBM
2025-12-30,9:47:38.910066196,T,303.68,40,304.0,40,IBM
2025-12-30,9:47:38.910341809,T,303.88,40,304.0,40,IBM
2025-12-30,9:47:38.910361899,T,303.88,40,304.21,40,IBM
2025-12-30,9:47:38.910361899,T,303.88,40,304.22,40,IBM
2025-12-30,9:47:38.910361899,T,303.88,40,304.32,40,IBM
2025-12-30,9:47:38.910447094,T,303.88,40,304.31,40,IBM
2025-12-30,9:47:38.910472170,T,303.68,40,304.31,40,IBM
2025-12-30,9:47:38.910572353,T,303.68,40,304.32,40,IBM
2025-12-30,9:47:38.910893131,T,303.67,40,304.32,40,IBM
2025-12-30,9:47:38.910908180,T,303.68,40,304.32,40,IBM
2025-12-30,9:47:38.910913217,T,303.67,40,304.32,40,IBM
2025-12-30,9:47:38.911168866,T,303.67,40,304.19,40,IBM
2025-12-30,9:47:38.911183847,T,303.67,40,304.15,40,IBM
2025-12-30,9:47:39.204121253,T,303.67,40,304.15,80,IBM
2025-12-30,9:47:44.004654108,T,303.67,40,304.09,40,IBM
2025-12-30,9:47:52.936732833,T,303.68,40,304.09,40,IBM
2025-12-30,9:47:54.763672108,T,303.68,40,304.09,80,IBM
2025-12-30,9:47:54.763686978,T,303.68,40,304.09,120,IBM
2025-12-30,9:47:59.545891357,T,303.67,40,304.09,120,IBM
2025-12-30,9:47:59.734866140,T,303.67,40,304.09,80,IBM
2025-12-30,9:47:59.736028959,T,303.67,40,303.95,40,IBM
2025-12-30,9:47:59.736038958,T,303.67,40,303.95,80,IBM
2025-12-30,9:48:02.132253566,T,303.68,40,303.95,80,IBM
2025-12-30,9:48:02.881983278,T,303.68,40,303.95,40,IBM
2025-12-30,9:48:02.881988520,T,303.68,40,304.09,40,IBM
2025-12-30,9:48:02.881988520,T,303.68,40,304.15,40,IBM
2025-12-30,9:48:02.881993355,T,303.76,40,304.15,40,IBM
2025-12-30,9:48:02.882008354,T,303.93,80,304.15,40,IBM
2025-12-30,9:48:02.882108560,T,303.86,40,304.15,40,IBM
2025-12-30,9:48:02.883361608,T,303.76,40,304.15,40,IBM
2025-12-30,9:48:02.883366526,T,303.76,40,304.09,40,IBM
2025-12-30,9:48:02.883381613,T,303.76,40,304.09,80,IBM
2025-12-30,9:48:02.883401672,T,303.68,40,304.09,80,IBM
2025-12-30,9:48:02.883882856,T,303.68,40,304.09,40,IBM
2025-12-30,9:48:02.883892831,T,303.68,40,304.15,40,IBM
2025-12-30,9:48:03.200551631,T,303.68,40,304.09,40,IBM
2025-12-30,9:48:03.200586668,T,303.68,40,304.19,40,IBM
2025-12-30,9:48:03.200621798,T,303.68,40,304.21,40,IBM
2025-12-30,9:48:03.200661836,T,303.68,40,304.22,40,IBM
2025-12-30,9:48:03.200696985,T,303.68,40,304.21,40,IBM
2025-12-30,9:48:03.200822261,T,303.76,40,304.21,40,IBM
2025-12-30,9:48:03.200837317,T,303.76,40,304.22,40,IBM
2025-12-30,9:48:03.201042800,T,303.68,40,304.22,40,IBM
2025-12-30,9:48:03.201122946,T,303.76,40,304.22,40,IBM
2025-12-30,9:48:03.206104886,T,303.68,40,304.22,40,IBM
2025-12-30,9:48:03.402778021,T,303.68,40,304.19,40,IBM
2025-12-30,9:48:03.402793042,T,303.68,40,304.19,80,IBM
2025-12-30,9:48:05.294145496,T,303.68,40,304.19,40,IBM
2025-12-30,9:48:06.403661993,T,303.68,40,304.19,80,IBM
2025-12-30,9:48:09.126629038,T,303.67,40,304.19,80,IBM
2025-12-30,9:48:09.126664138,T,303.68,40,304.19,80,IBM
2025-12-30,9:48:12.857370537,T,303.74,160,304.19,80,IBM
2025-12-30,9:48:13.914642784,T,303.74,160,304.19,40,IBM
2025-12-30,9:48:13.914667568,T,303.91,40,304.19,40,IBM
2025-12-30,9:48:13.914682499,T,303.92,40,304.19,40,IBM
2025-12-30,9:48:13.915198801,T,304.03,40,304.19,40,IBM
2025-12-30,9:48:13.929552910,T,303.91,40,304.19,40,IBM
2025-12-30,9:48:14.012069342,T,303.76,40,304.19,40,IBM
2025-12-30,9:48:14.014891127,T,303.74,160,304.19,40,IBM
2025-12-30,9:48:17.600476775,T,303.74,160,304.22,40,IBM
2025-12-30,9:48:17.600476775,T,303.74,160,304.32,40,IBM
2025-12-30,9:48:17.600481978,T,303.74,160,304.38,40,IBM
2025-12-30,9:48:17.600481978,T,303.76,40,304.38,40,IBM
2025-12-30,9:48:17.600501822,T,304.03,40,304.38,40,IBM
2025-12-30,9:48:17.600511970,T,304.05,40,304.38,40,IBM
2025-12-30,9:48:17.601098304,T,304.03,40,304.38,40,IBM
2025-12-30,9:48:17.601113984,T,303.91,40,304.38,40,IBM
2025-12-30,9:48:17.601268703,T,303.91,40,304.32,40,IBM
2025-12-30,9:48:17.601283659,T,303.91,40,304.3,40,IBM
2025-12-30,9:48:17.617402051,T,303.76,40,304.3,40,IBM
2025-12-30,9:48:17.700575084,T,303.74,160,304.3,40,IBM
2025-12-30,9:48:18.081612141,T,303.98,40,304.3,40,IBM
2025-12-30,9:48:18.081817588,T,303.98,80,304.3,40,IBM
2025-12-30,9:48:18.081922933,T,303.99,40,304.3,40,IBM
2025-12-30,9:48:18.096788332,T,303.98,40,304.3,40,IBM
2025-12-30,9:48:18.096998750,T,303.98,80,304.3,40,IBM
2025-12-30,9:48:19.715536804,T,303.98,40,304.3,40,IBM
2025-12-30,9:48:26.379555925,T,303.98,40,304.32,40,IBM
2025-12-30,9:48:26.379561023,T,303.98,40,304.38,40,IBM
2025-12-30,9:48:26.379580976,T,304.15,40,304.38,40,IBM
2025-12-30,9:48:26.379601061,T,304.15,40,304.48,160,IBM
2025-12-30,9:48:26.379761421,T,304.04,40,304.48,160,IBM
2025-12-30,9:48:26.379866658,T,304.16,40,304.48,160,IBM
2025-12-30,9:48:26.380423033,T,304.16,40,304.44,40,IBM
2025-12-30,9:48:26.380583442,T,304.16,40,304.48,160,IBM
2025-12-30,9:48:26.380773800,T,304.16,40,304.44,40,IBM
2025-12-30,9:48:26.381660945,T,304.16,40,304.44,120,IBM
2025-12-30,9:48:26.394466412,T,303.98,40,304.44,120,IBM
2025-12-30,9:48:26.396957415,T,304.04,40,304.44,120,IBM
2025-12-30,9:48:26.397348259,T,304.03,40,304.44,120,IBM
2025-12-30,9:48:26.397483583,T,304.03,40,304.44,80,IBM
2025-12-30,9:48:26.401277611,T,303.98,40,304.44,80,IBM
2025-12-30,9:48:26.593510235,T,303.98,40,304.44,120,IBM
2025-12-30,9:48:26.799164892,T,303.9,160,304.44,120,IBM
2025-12-30,9:48:26.945147417,T,303.9,160,304.44,80,IBM
2025-12-30,9:48:26.945172481,T,303.9,160,304.62,40,IBM
2025-12-30,9:48:26.945172481,T,303.9,160,304.71,40,IBM
2025-12-30,9:48:26.945172481,T,303.9,160,304.76,160,IBM
2025-12-30,9:48:26.945192559,T,304.44,80,304.76,160,IBM
2025-12-30,9:48:26.945302815,T,304.38,40,304.76,160,IBM
2025-12-30,9:48:26.945307760,T,303.91,40,304.76,160,IBM
2025-12-30,9:48:26.945327787,T,303.9,160,304.76,160,IBM
2025-12-30,9:48:26.945393350,T,303.9,200,304.76,160,IBM
2025-12-30,9:48:26.945423010,T,303.91,40,304.76,160,IBM
2025-12-30,9:48:26.946350316,T,304.03,40,304.76,160,IBM
2025-12-30,9:48:26.946540767,T,304.05,40,304.76,160,IBM
2025-12-30,9:48:27.051064537,T,304.03,40,304.76,160,IBM
2025-12-30,9:48:27.052021862,T,304.02,40,304.76,160,IBM
2025-12-30,9:48:27.066045224,T,303.99,40,304.76,160,IBM
2025-12-30,9:48:27.585602143,T,304.03,40,304.76,160,IBM
2025-12-30,9:48:27.586649621,T,303.99,40,304.76,160,IBM
2025-12-30,9:48:27.682998990,T,304.08,40,304.76,160,IBM
2025-12-30,9:48:27.682998990,T,304.31,40,304.76,160,IBM
2025-12-30,9:48:27.683881029,T,304.09,40,304.76,160,IBM
2025-12-30,9:48:27.683941252,T,304.09,40,304.86,40,IBM
2025-12-30,9:48:27.684216805,T,304.09,40,304.84,80,IBM
2025-12-30,9:48:27.684387209,T,304.28,40,304.84,80,IBM
2025-12-30,9:48:27.687339246,T,304.09,40,304.84,80,IBM
2025-12-30,9:48:27.783072206,T,304.05,40,304.84,80,IBM
2025-12-30,9:48:27.888949239,T,304.03,40,304.84,80,IBM
2025-12-30,9:48:27.985173339,T,304.35,120,304.84,80,IBM
2025-12-30,9:48:31.306620324,T,304.35,120,304.86,40,IBM
2025-12-30,9:48:31.982604525,T,304.35,120,304.83,80,IBM
2025-12-30,9:48:32.884451438,T,304.35,120,304.83,120,IBM
2025-12-30,9:48:33.100671092,T,304.35,120,304.83,80,IBM
2025-12-30,9:48:39.773375955,T,304.23,40,304.83,80,IBM
2025-12-30,9:48:39.773421122,T,304.23,40,304.83,120,IBM
2025-12-30,9:48:39.778538282,T,304.23,40,304.82,80,IBM
2025-12-30,9:48:39.786863026,T,304.23,40,304.83,120,IBM
2025-12-30,9:48:39.786888174,T,304.23,40,304.83,80,IBM
2025-12-30,9:48:43.121391239,T,304.23,40,304.83,160,IBM
2025-12-30,9:48:55.105204709,T,304.23,40,304.83,80,IBM
2025-12-30,9:48:55.127467715,T,304.23,40,304.86,40,IBM
2025-12-30,9:49:02.294058445,T,304.23,40,304.82,80,IBM
2025-12-30,9:49:02.295216207,T,304.23,40,304.82,120,IBM
2025-12-30,9:49:04.009567215,T,304.23,40,304.82,40,IBM
2025-12-30,9:49:06.182023941,T,304.23,40,304.86,40,IBM
2025-12-30,9:49:07.078838975,T,304.23,40,304.82,40,IBM
2025-12-30,9:49:07.734930833,T,304.15,40,304.82,40,IBM
2025-12-30,9:49:11.589411667,T,304.08,200,304.82,40,IBM
2025-12-30,9:49:12.770197690,T,304.08,200,304.61,40,IBM
2025-12-30,9:49:12.774252296,T,304.08,200,304.82,40,IBM
2025-12-30,9:49:12.846278752,T,304.08,200,304.6,40,IBM
2025-12-30,9:49:12.856437955,T,304.08,200,304.82,40,IBM
2025-12-30,9:49:12.856543220,T,304.08,200,304.6,40,IBM
2025-12-30,9:49:12.865449411,T,304.08,200,304.58,40,IBM
2025-12-30,9:49:12.871268304,T,304.08,200,304.6,40,IBM
2025-12-30,9:49:13.460064867,T,304.08,200,304.82,40,IBM
2025-12-30,9:49:20.571353868,T,304.08,200,304.6,40,IBM
2025-12-30,9:49:20.572411459,T,304.08,200,304.42,40,IBM
2025-12-30,9:49:20.575889751,T,304.08,200,304.75,40,IBM
2025-12-30,9:49:20.575909805,T,304.08,200,304.67,40,IBM
2025-12-30,9:49:20.576676558,T,304.08,200,304.82,40,IBM
2025-12-30,9:49:21.303095816,T,304.08,200,304.75,40,IBM
2025-12-30,9:49:21.671397643,T,304.08,200,304.82,40,IBM
2025-12-30,9:49:22.039102856,T,304.08,200,304.75,40,IBM
2025-12-30,9:49:22.039538958,T,304.08,200,304.82,40,IBM
2025-12-30,9:49:22.407108971,T,304.08,200,304.75,40,IBM
2025-12-30,9:49:22.407535068,T,304.08,200,304.82,40,IBM
2025-12-30,9:49:22.775085025,T,304.08,200,304.69,40,IBM
2025-12-30,9:49:22.775511054,T,304.08,200,304.82,40,IBM
2025-12-30,9:49:22.775776638,T,304.08,200,304.76,40,IBM
2025-12-30,9:49:23.143086061,T,304.08,200,304.75,40,IBM
2025-12-30,9:49:23.511392856,T,304.08,200,304.76,40,IBM
2025-12-30,9:49:33.648394847,T,304.15,40,304.76,40,IBM
2025-12-30,9:49:33.648409887,T,304.19,40,304.76,40,IBM
2025-12-30,9:49:33.648434954,T,304.19,40,304.82,40,IBM
2025-12-30,9:49:33.648760761,T,304.15,40,304.82,40,IBM
2025-12-30,9:49:33.648790832,T,304.19,40,304.82,40,IBM
2025-12-30,9:49:33.648941196,T,304.19,40,304.76,40,IBM
2025-12-30,9:49:33.648961283,T,304.08,200,304.76,40,IBM
2025-12-30,9:49:33.649206863,T,304.15,40,304.76,40,IBM
2025-12-30,9:49:33.649557746,T,304.08,200,304.76,40,IBM
2025-12-30,9:49:33.649677969,T,304.08,200,304.82,40,IBM
2025-12-30,9:49:33.758792718,T,304.08,200,304.76,40,IBM
2025-12-30,9:49:34.010085896,T,304.15,40,304.76,40,IBM
2025-12-30,9:49:34.015067680,T,304.08,200,304.76,40,IBM
2025-12-30,9:49:41.844325834,T,304.08,200,304.59,40,IBM
2025-12-30,9:49:42.125941258,T,304.08,200,304.76,40,IBM
2025-12-30,9:49:47.633732959,T,304.27,40,304.76,40,IBM
2025-12-30,9:50:05.143381086,T,304.27,40,304.75,40,IBM
2025-12-30,9:50:07.053563361,T,304.27,40,304.76,40,IBM
2025-12-30,9:50:08.602225220,T,304.27,40,304.54,40,IBM
2025-12-30,9:50:09.036042957,T,304.27,40,304.76,40,IBM
2025-12-30,9:50:09.724702368,T,304.27,40,304.53,40,IBM
2025-12-30,9:50:09.724963115,T,304.27,40,304.53,80,IBM
2025-12-30,9:50:09.745937914,T,304.15,40,304.53,80,IBM
2025-12-30,9:50:09.745937914,T,304.08,200,304.53,80,IBM
2025-12-30,9:50:09.745962980,T,304.08,200,304.53,120,IBM
2025-12-30,9:50:09.745973734,T,304.08,200,304.52,40,IBM
2025-12-30,9:50:09.745988050,T,304.08,200,304.4,40,IBM
2025-12-30,9:50:09.746383998,T,304.23,40,304.4,40,IBM
2025-12-30,9:50:09.746464131,T,304.23,40,304.39,40,IBM
2025-12-30,9:50:09.746749840,T,304.08,200,304.39,40,IBM
2025-12-30,9:50:09.746759926,T,304.03,40,304.39,40,IBM
2025-12-30,9:50:09.746800073,T,304.03,40,304.4,40,IBM
2025-12-30,9:50:09.746809994,T,303.99,40,304.4,40,IBM
2025-12-30,9:50:09.747225989,T,303.94,160,304.4,40,IBM
2025-12-30,9:50:09.751004971,T,303.94,160,304.41,40,IBM
2025-12-30,9:50:09.751035093,T,303.94,160,304.52,40,IBM
2025-12-30,9:50:09.846286803,T,303.94,160,304.53,80,IBM
2025-12-30,9:50:11.177575842,T,304.0,80,304.53,80,IBM
2025-12-30,9:50:15.118076513,T,304.0,80,304.39,40,IBM
2025-12-30,9:50:15.118367188,T,304.0,80,304.31,40,IBM
2025-12-30,9:50:15.126516654,T,303.94,160,304.31,40,IBM
2025-12-30,9:50:15.135026883,T,303.94,160,304.53,80,IBM
2025-12-30,9:50:15.594114942,T,303.94,160,304.53,120,IBM
2025-12-30,9:50:15.962396680,T,303.94,160,304.53,80,IBM
2025-12-30,9:50:16.448513924,T,303.95,80,304.53,80,IBM
2025-12-30,9:50:16.698108036,T,303.95,80,304.53,120,IBM
2025-12-30,9:50:17.009554387,T,303.95,80,304.53,80,IBM
2025-12-30,9:50:17.434104926,T,303.95,80,304.53,120,IBM
2025-12-30,9:50:17.802396665,T,303.95,80,304.53,80,IBM
2025-12-30,9:50:24.892620766,T,303.95,120,304.53,80,IBM
2025-12-30,9:50:24.892680664,T,304.2,40,304.53,80,IBM
2025-12-30,9:50:24.892750940,T,303.95,120,304.53,80,IBM
2025-12-30,9:50:24.893006392,T,303.95,80,304.53,80,IBM
2025-12-30,9:50:38.727235055,T,303.95,120,304.53,80,IBM
2025-12-30,9:50:38.727275113,T,303.99,40,304.53,80,IBM
2025-12-30,9:50:38.727956680,T,303.95,120,304.53,80,IBM
2025-12-30,9:50:38.729495379,T,304.07,160,304.53,80,IBM
2025-12-30,9:50:43.263153431,T,304.15,40,304.53,80,IBM
2025-12-30,9:50:43.906484973,T,304.15,80,304.53,80,IBM
2025-12-30,9:51:07.320453521,T,304.15,80,304.53,120,IBM
2025-12-30,9:51:17.542462769,T,304.15,80,304.53,80,IBM
2025-12-30,9:51:22.636294213,T,304.15,40,304.53,80,IBM
2025-12-30,9:51:22.636329368,T,304.2,40,304.53,80,IBM
2025-12-30,9:51:25.813703342,T,304.15,40,304.53,80,IBM
2025-12-30,9:51:28.574014307,T,304.15,40,304.38,40,IBM
2025-12-30,9:51:28.574329989,T,304.15,40,304.31,40,IBM
2025-12-30,9:51:28.574575614,T,304.15,40,304.29,40,IBM
2025-12-30,9:51:28.574690860,T,304.15,40,304.31,40,IBM
2025-12-30,9:51:28.578780676,T,304.15,40,304.38,40,IBM
2025-12-30,9:51:44.240339442,T,304.15,40,304.35,40,IBM
2025-12-30,9:51:44.671726344,T,304.15,40,304.53,80,IBM
2025-12-30,9:51:47.431651524,T,304.15,80,304.53,80,IBM
2025-12-30,9:51:55.183134682,T,304.15,40,304.53,80,IBM
2025-12-30,9:51:55.183134682,T,303.95,120,304.53,80,IBM
2025-12-30,9:51:55.183179740,T,303.95,120,304.33,40,IBM
2025-12-30,9:51:55.183219793,T,303.95,120,304.34,40,IBM
2025-12-30,9:51:55.190452058,T,303.95,120,304.33,40,IBM
2025-12-30,9:51:55.198065190,T,303.95,120,304.35,80,IBM
2025-12-30,9:51:55.220293116,T,303.95,120,304.35,40,IBM
2025-12-30,9:51:57.408061325,T,303.95,120,304.33,40,IBM
2025-12-30,9:51:58.747685401,T,303.95,80,304.33,40,IBM
2025-12-30,9:52:07.886651405,T,303.95,80,304.35,40,IBM
2025-12-30,9:52:10.422392974,T,303.95,80,304.32,40,IBM
2025-12-30,9:52:21.716359381,T,303.95,80,304.29,40,IBM
2025-12-30,9:52:21.733279708,T,303.95,80,304.32,40,IBM
2025-12-30,9:52:25.879961201,T,303.95,80,304.29,40,IBM
2025-12-30,9:52:35.064982106,T,303.95,80,304.45,40,IBM
2025-12-30,9:52:36.717029960,T,303.95,80,304.52,40,IBM
2025-12-30,9:52:36.717029960,T,303.95,80,304.53,80,IBM
2025-12-30,9:52:36.717054959,T,304.02,40,304.53,80,IBM
2025-12-30,9:52:36.717065000,T,304.06,40,304.53,80,IBM
2025-12-30,9:52:36.717105263,T,304.17,40,304.53,80,IBM
2025-12-30,9:52:36.717666474,T,304.06,40,304.53,80,IBM
2025-12-30,9:52:36.734030459,T,303.97,40,304.53,80,IBM
2025-12-30,9:52:36.817223503,T,303.95,120,304.53,80,IBM
2025-12-30,9:52:41.298260946,T,303.95,120,304.38,40,IBM
2025-12-30,9:52:41.372973729,T,303.95,80,304.38,40,IBM
2025-12-30,9:52:41.373043899,T,303.95,120,304.38,40,IBM
2025-12-30,9:52:45.974513201,T,303.95,120,304.53,120,IBM
2025-12-30,9:52:45.974533267,T,303.95,120,304.53,80,IBM
2025-12-30,9:52:45.974558351,T,304.14,40,304.53,80,IBM
2025-12-30,9:52:45.974573392,T,304.17,40,304.53,80,IBM
2025-12-30,9:52:45.974788890,T,304.17,80,304.53,80,IBM
2025-12-30,9:52:45.974803827,T,304.27,40,304.53,80,IBM
2025-12-30,9:52:45.974818922,T,304.17,80,304.53,80,IBM
2025-12-30,9:52:45.974974328,T,304.26,40,304.53,80,IBM
2025-12-30,9:52:45.975495542,T,304.26,40,304.5,40,IBM
2025-12-30,9:52:45.975515643,T,304.17,40,304.5,40,IBM
2025-12-30,9:52:45.978542748,T,304.17,80,304.5,40,IBM
2025-12-30,9:52:45.985058290,T,304.17,40,304.5,40,IBM
2025-12-30,9:52:45.991899543,T,304.04,40,304.5,40,IBM
2025-12-30,9:52:45.991924588,T,303.97,40,304.5,40,IBM
2025-12-30,9:52:45.996761104,T,304.16,40,304.5,40,IBM
2025-12-30,9:52:46.074601417,T,304.02,40,304.5,40,IBM
2025-12-30,9:52:46.238110709,T,303.95,120,304.5,40,IBM
2025-12-30,9:52:47.684524030,T,304.02,40,304.5,40,IBM
2025-12-30,9:52:48.218515201,T,303.95,120,304.5,40,IBM
2025-12-30,9:53:01.840508961,T,303.95,120,304.47,40,IBM
2025-12-30,9:53:08.016336105,T,303.97,40,304.47,40,IBM
2025-12-30,9:53:08.033256228,T,303.95,120,304.47,40,IBM
2025-12-30,9:53:08.526570897,T,303.97,40,304.47,40,IBM
2025-12-30,9:53:08.526585700,T,303.97,40,304.52,40,IBM
2025-12-30,9:53:08.526585700,T,303.97,40,304.53,80,IBM
2025-12-30,9:53:08.526615824,T,304.31,40,304.53,80,IBM
2025-12-30,9:53:08.526665963,T,304.32,40,304.53,80,IBM
2025-12-30,9:53:08.527162136,T,304.39,40,304.53,80,IBM
2025-12-30,9:53:08.527202176,T,304.39,40,304.53,40,IBM
2025-12-30,9:53:08.527202176,T,304.39,40,304.68,80,IBM
2025-12-30,9:53:08.527994084,T,304.39,40,304.65,40,IBM
2025-12-30,9:53:08.528580472,T,304.32,40,304.65,40,IBM
2025-12-30,9:53:08.528600573,T,304.11,40,304.65,40,IBM
2025-12-30,9:53:08.528630559,T,304.05,40,304.65,40,IBM
2025-12-30,9:53:08.639574668,T,304.05,40,304.59,40,IBM
2025-12-30,9:53:08.639589748,T,304.05,40,304.58,40,IBM
2025-12-30,9:53:08.732380621,T,304.11,40,304.58,40,IBM
2025-12-30,9:53:08.732400655,T,304.05,40,304.58,40,IBM
2025-12-30,9:53:08.978837393,T,304.05,40,304.76,40,IBM
2025-12-30,9:53:08.978857385,T,304.05,40,304.83,40,IBM
2025-12-30,9:53:08.978882444,T,304.32,40,304.83,40,IBM
2025-12-30,9:53:08.978887436,T,304.42,40,304.83,40,IBM
2025-12-30,9:53:08.978957840,T,304.42,40,304.86,40,IBM
2025-12-30,9:53:08.979012815,T,304.42,40,304.9,160,IBM
2025-12-30,9:53:08.979508915,T,304.32,40,304.9,160,IBM
2025-12-30,9:53:08.979579067,T,304.44,40,304.9,160,IBM
2025-12-30,9:53:08.979689273,T,304.44,40,304.86,40,IBM
2025-12-30,9:53:08.979709606,T,304.32,40,304.86,40,IBM
2025-12-30,9:53:08.980255659,T,304.17,40,304.86,40,IBM
2025-12-30,9:53:08.980310862,T,304.04,40,304.86,40,IBM
2025-12-30,9:53:09.078905646,T,304.02,40,304.86,40,IBM
2025-12-30,9:53:10.916249446,T,303.97,40,304.86,40,IBM
2025-12-30,9:53:10.916284510,T,304.02,40,304.86,40,IBM
2025-12-30,9:53:11.340795063,T,304.04,40,304.86,40,IBM
2025-12-30,9:53:11.340795063,T,304.17,40,304.86,40,IBM
2025-12-30,9:53:11.340825113,T,304.02,40,304.86,40,IBM
2025-12-30,9:53:11.340825113,T,304.17,40,304.86,40,IBM
2025-12-30,9:53:11.341807415,T,304.02,40,304.86,40,IBM
2025-12-30,9:53:11.342058019,T,304.02,40,304.9,160,IBM
2025-12-30,9:53:12.075809958,T,304.08,160,304.9,160,IBM
2025-12-30,9:53:17.615602818,T,304.08,160,304.65,40,IBM
2025-12-30,9:53:17.615607812,T,304.08,160,304.64,40,IBM
2025-12-30,9:53:17.615627859,T,304.08,160,304.65,40,IBM
2025-12-30,9:53:17.630488298,T,304.08,160,304.83,40,IBM
2025-12-30,9:53:17.630508307,T,304.08,160,304.9,160,IBM
2025-12-30,9:53:17.639690228,T,304.08,160,304.83,40,IBM
2025-12-30,9:53:17.845059104,T,304.08,160,304.9,160,IBM
2025-12-30,9:53:18.212969940,T,304.08,160,304.63,80,IBM
2025-12-30,9:53:18.966343573,T,304.08,160,304.62,40,IBM
2025-12-30,9:53:26.042589267,T,304.08,160,304.59,80,IBM
2025-12-30,9:53:27.796223829,T,304.08,160,304.62,40,IBM
2025-12-30,9:53:27.914851216,T,304.08,160,304.6,40,IBM
2025-12-30,9:53:35.082299020,T,304.08,160,304.62,40,IBM
2025-12-30,9:53:36.323203151,T,304.08,160,304.6,40,IBM
2025-12-30,9:53:36.323879686,T,304.08,160,304.62,40,IBM
2025-12-30,9:53:37.564808716,T,304.08,160,304.6,40,IBM
2025-12-30,9:53:37.565515491,T,304.08,160,304.62,40,IBM
2025-12-30,9:53:38.806389479,T,304.08,160,304.6,40,IBM
2025-12-30,9:53:38.807056032,T,304.08,160,304.62,40,IBM
2025-12-30,9:53:40.047960709,T,304.08,160,304.6,40,IBM
2025-12-30,9:53:40.048651943,T,304.08,160,304.62,40,IBM
2025-12-30,9:53:41.289545960,T,304.08,160,304.6,40,IBM
2025-12-30,9:53:41.290242540,T,304.08,160,304.62,40,IBM
2025-12-30,9:53:42.531151710,T,304.08,160,304.6,40,IBM
2025-12-30,9:53:42.531823304,T,304.08,160,304.62,40,IBM
2025-12-30,9:53:43.772727426,T,304.08,160,304.6,40,IBM
2025-12-30,9:53:43.773409044,T,304.08,160,304.62,40,IBM
2025-12-30,9:53:43.787287108,T,304.08,160,304.6,40,IBM
2025-12-30,9:53:43.787342268,T,304.08,160,304.38,40,IBM
2025-12-30,9:53:43.790590050,T,304.0,40,304.38,40,IBM
2025-12-30,9:53:43.792329149,T,304.0,40,304.6,40,IBM
2025-12-30,9:53:43.802172553,T,304.0,40,304.62,80,IBM
2025-12-30,9:53:45.014453421,T,304.0,40,304.62,40,IBM
2025-12-30,9:53:45.092890141,T,304.0,40,304.62,80,IBM
2025-12-30,9:53:45.355530455,T,304.0,40,304.62,40,IBM
2025-12-30,9:53:45.604738739,T,304.0,40,304.62,80,IBM
2025-12-30,9:53:46.255883733,T,304.0,40,304.6,40,IBM
2025-12-30,9:53:46.256570393,T,304.0,40,304.62,40,IBM
2025-12-30,9:53:46.334009743,T,304.0,40,304.62,80,IBM
2025-12-30,9:53:46.528833557,T,304.0,40,304.62,40,IBM
2025-12-30,9:53:47.120772756,T,304.0,40,304.62,80,IBM
2025-12-30,9:53:47.497489500,T,304.0,40,304.6,40,IBM
2025-12-30,9:53:47.498171184,T,304.0,40,304.62,40,IBM
2025-12-30,9:53:47.575655643,T,304.0,40,304.62,80,IBM
2025-12-30,9:53:47.702171800,T,304.0,40,304.62,40,IBM
2025-12-30,9:53:47.826191987,T,304.0,40,304.62,80,IBM
2025-12-30,9:53:48.739070128,T,304.0,40,304.6,40,IBM
2025-12-30,9:53:48.739756764,T,304.0,40,304.62,40,IBM
2025-12-30,9:53:48.739947203,T,304.0,40,304.62,80,IBM
2025-12-30,9:53:48.739947203,T,304.0,40,304.62,40,IBM
2025-12-30,9:53:54.033253801,T,303.94,160,304.62,40,IBM
2025-12-30,9:53:58.672567951,T,303.94,160,304.66,200,IBM
2025-12-30,9:54:01.383777467,T,303.94,160,304.5,40,IBM
2025-12-30,9:54:01.383777467,T,303.94,160,304.62,40,IBM
2025-12-30,9:54:01.644838969,T,303.94,160,304.66,200,IBM
2025-12-30,9:54:03.655154578,T,303.94,160,304.62,40,IBM
2025-12-30,9:54:03.991685774,T,303.94,160,304.66,200,IBM
2025-12-30,9:54:04.788888725,T,303.94,160,304.64,40,IBM
2025-12-30,9:54:04.989802044,T,303.94,160,304.66,200,IBM
2025-12-30,9:54:08.790690168,T,303.94,160,304.62,40,IBM
2025-12-30,9:54:08.790805445,T,303.94,160,304.36,40,IBM
2025-12-30,9:54:08.790855591,T,303.94,160,304.27,40,IBM
2025-12-30,9:54:08.791176500,T,303.94,160,304.32,40,IBM
2025-12-30,9:54:08.791176500,T,303.94,160,304.36,40,IBM
2025-12-30,9:54:08.791186373,T,303.94,160,304.62,40,IBM
2025-12-30,9:54:08.791592311,T,303.94,160,304.66,200,IBM
2025-12-30,9:54:08.791767805,T,303.94,160,304.62,40,IBM
2025-12-30,9:54:08.791908140,T,303.94,160,304.66,200,IBM
2025-12-30,9:54:08.791968214,T,303.94,160,304.62,40,IBM
2025-12-30,9:54:08.792469423,T,303.94,160,304.37,40,IBM
2025-12-30,9:54:08.792474456,T,303.94,160,304.26,40,IBM
2025-12-30,9:54:08.793236316,T,303.94,160,304.37,40,IBM
2025-12-30,9:54:08.796789753,T,303.94,160,304.62,40,IBM
2025-12-30,9:54:08.903954864,T,303.94,160,304.37,40,IBM
2025-12-30,9:54:08.903984920,T,303.94,160,304.32,40,IBM
2025-12-30,9:54:08.982251231,T,303.94,160,304.37,40,IBM
2025-12-30,9:54:09.331888533,T,303.94,160,304.62,40,IBM
2025-12-30,9:54:11.529600399,T,303.94,160,304.55,40,IBM
2025-12-30,9:54:17.074430510,T,303.94,160,304.37,40,IBM
2025-12-30,9:54:17.074621026,T,303.94,160,304.26,40,IBM
2025-12-30,9:54:17.075021912,T,303.94,160,304.2,40,IBM
2025-12-30,9:54:17.078750774,T,303.94,160,304.26,40,IBM
2025-12-30,9:54:17.194371089,T,303.94,160,304.48,40,IBM
2025-12-30,9:54:22.702538877,T,303.94,160,304.26,40,IBM
2025-12-30,9:54:24.233869314,T,303.94,160,304.48,40,IBM
2025-12-30,9:54:24.250539000,T,304.04,40,304.48,40,IBM
2025-12-30,9:54:24.250574167,T,304.11,40,304.48,40,IBM
2025-12-30,9:54:24.250629242,T,304.11,40,304.44,40,IBM
2025-12-30,9:54:24.250919953,T,304.11,40,304.48,40,IBM
2025-12-30,9:54:24.250929993,T,304.04,40,304.48,40,IBM
2025-12-30,9:54:24.250950042,T,303.94,160,304.48,40,IBM
2025-12-30,9:54:24.251000153,T,303.94,160,304.54,200,IBM
2025-12-30,9:54:24.251085363,T,303.94,160,304.48,40,IBM
2025-12-30,9:54:24.252017570,T,303.94,160,304.54,200,IBM
2025-12-30,9:54:24.392792642,T,304.04,40,304.54,200,IBM
2025-12-30,9:54:24.392792642,T,304.07,40,304.54,200,IBM
2025-12-30,9:54:24.392812701,T,304.04,40,304.54,200,IBM
2025-12-30,9:54:24.393138497,T,303.94,160,304.54,200,IBM
2025-12-30,9:54:24.393253797,T,304.04,40,304.54,200,IBM
2025-12-30,9:54:24.393333904,T,304.04,40,304.48,40,IBM
2025-12-30,9:54:24.393339016,T,303.94,160,304.48,40,IBM
2025-12-30,9:54:24.393459204,T,303.94,160,304.54,160,IBM
2025-12-30,9:54:24.393935331,T,303.94,160,304.54,200,IBM
2025-12-30,9:54:32.161396521,T,303.94,160,304.54,160,IBM
2025-12-30,9:54:32.337485740,T,303.94,160,304.54,200,IBM
2025-12-30,9:54:33.044789656,T,303.94,160,304.54,160,IBM
2025-12-30,9:54:33.044789656,T,304.04,40,304.54,160,IBM
2025-12-30,9:54:33.044809985,T,304.19,40,304.54,160,IBM
2025-12-30,9:54:33.044889756,T,304.04,40,304.54,160,IBM
2025-12-30,9:54:33.044899738,T,304.16,40,304.54,160,IBM
2025-12-30,9:54:33.045040174,T,303.94,200,304.54,160,IBM
2025-12-30,9:54:33.045045178,T,304.16,40,304.54,160,IBM
2025-12-30,9:54:33.045055098,T,304.2,40,304.54,160,IBM
2025-12-30,9:54:33.045115307,T,304.2,40,304.48,40,IBM
2025-12-30,9:54:33.045230563,T,304.16,40,304.48,40,IBM
2025-12-30,9:54:33.046147760,T,303.94,200,304.48,40,IBM
2025-12-30,9:54:33.046147760,T,303.94,200,304.54,160,IBM
2025-12-30,9:54:33.046162776,T,303.97,40,304.54,160,IBM
2025-12-30,9:54:33.046177814,T,303.97,40,304.37,40,IBM
2025-12-30,9:54:33.049375492,T,303.94,160,304.37,40,IBM
2025-12-30,9:54:33.071202350,T,303.94,160,304.65,160,IBM
2025-12-30,9:54:33.071222481,T,303.94,200,304.65,160,IBM
2025-12-30,9:54:33.071227448,T,303.97,40,304.65,160,IBM
2025-12-30,9:54:33.071232839,T,304.16,40,304.65,160,IBM
2025-12-30,9:54:33.086138017,T,303.97,40,304.65,160,IBM
2025-12-30,9:54:33.171461133,T,303.94,200,304.65,160,IBM
2025-12-30,9:54:34.996641177,T,303.94,160,304.65,160,IBM
2025-12-30,9:54:35.274718117,T,304.04,40,304.65,160,IBM
2025-12-30,9:54:35.276291892,T,303.97,40,304.65,160,IBM
2025-12-30,9:54:35.276316885,T,303.94,160,304.65,160,IBM
2025-12-30,9:54:37.302229846,T,304.23,80,304.65,160,IBM
2025-12-30,9:54:39.009985198,T,304.27,40,304.65,160,IBM
2025-12-30,9:54:39.026329123,T,304.23,80,304.65,160,IBM
2025-12-30,9:54:54.329525062,T,304.06,160,304.65,160,IBM
2025-12-30,9:55:32.440557491,T,304.06,160,304.64,40,IBM
2025-12-30,9:55:32.440572566,T,304.06,160,304.45,40,IBM
2025-12-30,9:55:32.440587604,T,304.06,160,304.4,40,IBM
2025-12-30,9:55:32.441098842,T,304.06,160,304.4,80,IBM
2025-12-30,9:55:32.457492806,T,304.06,160,304.4,40,IBM
2025-12-30,9:55:32.948787400,T,304.06,160,304.55,40,IBM
2025-12-30,9:55:32.956490756,T,304.06,160,304.65,160,IBM
2025-12-30,9:55:34.191435743,T,304.06,160,304.55,40,IBM
2025-12-30,9:55:34.691781825,T,304.06,160,304.65,160,IBM
2025-12-30,9:55:34.943485992,T,304.06,160,304.62,40,IBM
2025-12-30,9:55:35.208872817,T,304.06,160,304.65,160,IBM
2025-12-30,9:55:40.272727941,T,303.75,40,304.65,160,IBM
2025-12-30,9:55:40.272732849,T,303.93,160,304.65,160,IBM
2025-12-30,9:55:48.821423855,T,303.93,160,304.64,40,IBM
2025-12-30,9:55:49.866426702,T,303.93,160,304.45,40,IBM
2025-12-30,9:55:49.872325764,T,303.93,160,304.45,80,IBM
2025-12-30,9:55:50.184839735,T,303.93,160,304.45,40,IBM
2025-12-30,9:55:53.033586427,T,303.93,160,304.45,80,IBM
2025-12-30,9:55:56.718047634,T,303.93,160,304.45,40,IBM
2025-12-30,9:55:56.718082743,T,303.93,160,304.45,80,IBM
2025-12-30,9:55:59.209955062,T,303.93,160,304.42,40,IBM
2025-12-30,9:55:59.705509818,T,303.93,160,304.45,80,IBM
2025-12-30,9:56:00.004130663,T,303.93,160,304.42,40,IBM
2025-12-30,9:56:00.004256024,T,303.93,160,304.39,40,IBM
2025-12-30,9:56:00.004281079,T,303.93,160,304.38,40,IBM
2025-12-30,9:56:00.004281079,T,303.93,160,304.39,40,IBM
2025-12-30,9:56:00.004812307,T,303.93,160,304.3,40,IBM
2025-12-30,9:56:00.005503984,T,303.93,160,304.27,40,IBM
2025-12-30,9:56:00.006571524,T,303.7,40,304.27,40,IBM
2025-12-30,9:56:00.006576517,T,303.79,160,304.27,40,IBM
2025-12-30,9:56:00.013548062,T,303.79,160,304.42,40,IBM
2025-12-30,9:56:00.209564807,T,303.79,160,304.45,40,IBM
2025-12-30,9:56:01.245756702,T,303.79,200,304.45,40,IBM
2025-12-30,9:56:01.245796825,T,303.79,160,304.45,40,IBM
2025-12-30,9:56:01.245947159,T,303.83,40,304.45,40,IBM
2025-12-30,9:56:01.246192788,T,303.79,160,304.45,40,IBM
2025-12-30,9:56:01.246959706,T,303.83,40,304.45,40,IBM
2025-12-30,9:56:01.247059764,T,303.79,160,304.45,40,IBM
2025-12-30,9:56:01.247200090,T,303.79,160,304.42,40,IBM
2025-12-30,9:56:01.248022146,T,303.79,160,304.45,40,IBM
2025-12-30,9:56:01.248107320,T,303.79,200,304.45,40,IBM
2025-12-30,9:56:01.249962117,T,303.79,200,304.42,40,IBM
2025-12-30,9:56:01.250553084,T,303.79,200,304.45,40,IBM
2025-12-30,9:56:01.250638285,T,303.79,160,304.45,40,IBM
2025-12-30,9:56:01.254191807,T,303.79,200,304.45,40,IBM
2025-12-30,9:56:01.345669621,T,303.79,160,304.45,40,IBM
2025-12-30,9:56:05.388894656,T,303.79,160,304.65,160,IBM
2025-12-30,9:56:06.247428749,T,303.83,40,304.65,160,IBM
2025-12-30,9:56:06.247508827,T,303.87,40,304.65,160,IBM
2025-12-30,9:56:06.247528896,T,303.83,40,304.65,160,IBM
2025-12-30,9:56:06.247644121,T,303.83,40,304.62,40,IBM
2025-12-30,9:56:06.247769412,T,303.83,40,304.55,40,IBM
2025-12-30,9:56:06.247859589,T,303.83,40,304.64,40,IBM
2025-12-30,9:56:06.247874633,T,303.9,40,304.64,40,IBM
2025-12-30,9:56:06.247874633,T,303.92,40,304.64,40,IBM
2025-12-30,9:56:06.247884641,T,303.9,40,304.64,40,IBM
2025-12-30,9:56:06.247924782,T,303.9,40,304.65,160,IBM
2025-12-30,9:56:06.247954852,T,303.92,40,304.65,160,IBM
2025-12-30,9:56:06.248070193,T,303.92,40,304.64,40,IBM
2025-12-30,9:56:06.248245591,T,303.9,40,304.64,40,IBM
2025-12-30,9:56:06.248551318,T,303.9,40,304.65,160,IBM
2025-12-30,9:56:06.253172304,T,303.97,40,304.65,160,IBM
2025-12-30,9:56:06.257487557,T,303.9,200,304.65,160,IBM
2025-12-30,9:56:08.254907717,T,303.9,160,304.65,160,IBM
2025-12-30,9:56:09.623956814,T,303.9,200,304.65,160,IBM
2025-12-30,9:56:09.623981882,T,303.9,160,304.65,160,IBM
2025-12-30,9:56:09.624332670,T,303.9,200,304.65,160,IBM
2025-12-30,9:56:09.624452956,T,303.97,40,304.65,160,IBM
2025-12-30,9:56:09.624553271,T,303.9,200,304.65,160,IBM
2025-12-30,9:56:09.624628404,T,303.93,40,304.65,160,IBM
2025-12-30,9:56:09.624633471,T,303.97,40,304.65,160,IBM
2025-12-30,9:56:09.624773700,T,303.93,40,304.65,160,IBM
2025-12-30,9:56:09.624783783,T,303.9,160,304.65,160,IBM
2025-12-30,9:56:09.624838918,T,303.9,200,304.65,160,IBM
2025-12-30,9:56:09.625039438,T,303.9,160,304.65,160,IBM
2025-12-30,9:56:10.478390753,T,303.87,40,304.65,160,IBM
2025-12-30,9:56:10.478395819,T,304.0,160,304.65,160,IBM
2025-12-30,9:56:20.094923942,T,304.0,160,304.62,40,IBM
2025-12-30,9:56:20.269308970,T,304.0,160,304.45,40,IBM
2025-12-30,9:56:24.408613128,T,304.0,160,304.38,40,IBM
2025-12-30,9:56:24.457093913,T,304.0,160,304.32,40,IBM
2025-12-30,9:56:24.457294046,T,304.0,160,304.38,40,IBM
2025-12-30,9:56:24.457329084,T,304.0,160,304.32,40,IBM
2025-12-30,9:56:24.457750072,T,304.0,160,304.32,80,IBM
2025-12-30,9:56:24.462105476,T,304.0,160,304.32,40,IBM
2025-12-30,9:56:25.034939189,T,304.0,160,304.32,80,IBM
2025-12-30,9:56:25.035014336,T,304.0,160,304.22,40,IBM
2025-12-30,9:56:25.035029347,T,304.0,160,304.32,80,IBM
2025-12-30,9:56:25.035239858,T,304.07,40,304.32,80,IBM
2025-12-30,9:56:25.035294981,T,304.0,160,304.32,80,IBM
2025-12-30,9:56:25.035400297,T,304.0,160,304.32,40,IBM
2025-12-30,9:56:25.035425345,T,304.0,160,304.32,80,IBM
2025-12-30,9:56:25.035480410,T,304.0,160,304.32,40,IBM
2025-12-30,9:56:25.035490488,T,304.0,160,304.32,80,IBM
2025-12-30,9:56:25.036994017,T,304.0,160,304.27,40,IBM
2025-12-30,9:56:25.037951350,T,303.75,40,304.27,40,IBM
2025-12-30,9:56:25.037961315,T,303.87,160,304.27,40,IBM
2025-12-30,9:56:42.735687780,T,303.87,160,304.32,40,IBM
2025-12-30,9:56:48.454456972,T,303.87,160,304.27,40,IBM
2025-12-30,9:56:48.455008452,T,303.87,160,304.22,40,IBM
2025-12-30,9:56:48.456612110,T,303.87,160,304.19,40,IBM
2025-12-30,9:56:48.459443839,T,303.87,160,304.22,40,IBM
2025-12-30,9:56:50.735532348,T,303.87,160,304.27,40,IBM
2025-12-30,9:56:50.853137339,T,303.87,160,304.32,80,IBM
2025-12-30,9:56:50.853322802,T,303.87,200,304.32,80,IBM
2025-12-30,9:56:50.853643543,T,303.87,200,304.32,40,IBM
2025-12-30,9:56:50.868002738,T,303.87,160,304.32,40,IBM
2025-12-30,9:56:58.287645936,T,303.87,160,304.32,80,IBM
2025-12-30,9:56:58.287661110,T,303.87,160,304.27,40,IBM
2025-12-30,9:56:58.288192192,T,303.87,160,304.22,40,IBM
2025-12-30,9:56:58.288698432,T,303.87,160,304.27,40,IBM
2025-12-30,9:56:58.291860967,T,303.87,160,304.22,40,IBM
2025-12-30,9:56:58.292512511,T,303.87,160,304.27,40,IBM
2025-12-30,9:56:58.293103966,T,303.87,160,304.32,80,IBM
2025-12-30,9:56:58.294657646,T,303.87,160,304.27,40,IBM
2025-12-30,9:56:58.295173882,T,303.87,160,304.15,40,IBM
2025-12-30,9:56:58.298972950,T,303.87,160,304.27,40,IBM
2025-12-30,9:56:58.299639529,T,303.87,160,304.32,40,IBM
2025-12-30,9:56:58.423384102,T,303.87,160,304.27,40,IBM
2025-12-30,9:56:58.513739140,T,303.87,160,304.32,40,IBM
2025-12-30,9:57:05.054304771,T,303.87,160,304.27,40,IBM
2025-12-30,9:57:09.297040018,T,303.87,160,304.32,40,IBM
2025-12-30,9:57:09.297060099,T,303.93,40,304.32,40,IBM
2025-12-30,9:57:09.297105142,T,304.08,40,304.32,40,IBM
2025-12-30,9:57:09.297395877,T,304.11,40,304.32,40,IBM
2025-12-30,9:57:09.297506124,T,304.08,40,304.32,40,IBM
2025-12-30,9:57:09.297721669,T,304.08,40,304.42,160,IBM
2025-12-30,9:57:09.297821847,T,303.9,40,304.42,160,IBM
2025-12-30,9:57:09.314225890,T,303.87,200,304.42,160,IBM
2025-12-30,9:57:09.434998450,T,303.87,160,304.42,160,IBM
2025-12-30,9:57:09.435168902,T,303.87,160,304.32,40,IBM
2025-12-30,9:57:31.922757928,T,303.87,160,304.27,40,IBM
2025-12-30,9:57:31.923023888,T,303.87,160,304.26,40,IBM
2025-12-30,9:57:31.923023888,T,303.87,160,304.27,40,IBM
2025-12-30,9:57:31.923143852,T,303.87,160,304.32,40,IBM
2025-12-30,9:57:31.923158826,T,304.04,80,304.32,40,IBM
2025-12-30,9:57:31.923189003,T,304.04,80,304.27,40,IBM
2025-12-30,9:57:31.923544855,T,304.04,80,304.26,40,IBM
2025-12-30,9:57:31.923655027,T,304.04,80,304.27,40,IBM
2025-12-30,9:57:31.923715193,T,303.87,160,304.27,40,IBM
2025-12-30,9:57:31.924005845,T,303.87,160,304.26,40,IBM
2025-12-30,9:57:31.940139288,T,303.87,160,304.27,40,IBM
2025-12-30,9:57:33.745853133,T,303.87,160,304.26,40,IBM
2025-12-30,9:57:33.745878320,T,303.87,160,304.21,40,IBM
2025-12-30,9:57:33.745878320,T,303.87,160,304.26,40,IBM
2025-12-30,9:57:33.746394492,T,303.87,160,304.16,40,IBM
2025-12-30,9:57:33.746429548,T,303.87,160,304.26,40,IBM
2025-12-30,9:57:33.747025961,T,303.87,160,304.16,40,IBM
2025-12-30,9:57:33.749892824,T,303.78,40,304.16,40,IBM
2025-12-30,9:57:33.750714703,T,303.78,40,304.27,40,IBM
2025-12-30,9:57:34.216739089,T,303.78,40,304.25,40,IBM
2025-12-30,9:57:34.216774121,T,303.78,40,304.14,40,IBM
2025-12-30,9:57:34.226828081,T,303.78,40,304.25,40,IBM
2025-12-30,9:57:34.226893276,T,303.78,40,304.27,40,IBM
2025-12-30,9:57:52.876721084,T,303.79,40,304.27,40,IBM
2025-12-30,9:57:52.876751245,T,303.82,40,304.27,40,IBM
2025-12-30,9:57:52.884223962,T,303.79,40,304.27,40,IBM
2025-12-30,9:57:52.884229184,T,303.78,40,304.27,40,IBM
2025-12-30,9:57:57.704033331,T,303.81,160,304.27,40,IBM
2025-12-30,9:58:05.057764673,T,303.81,160,304.34,40,IBM
2025-12-30,9:58:05.057794775,T,304.07,40,304.34,40,IBM
2025-12-30,9:58:05.057819750,T,304.07,40,304.41,40,IBM
2025-12-30,9:58:05.058195721,T,304.07,40,304.27,40,IBM
2025-12-30,9:58:05.059473705,T,304.07,40,304.42,200,IBM
2025-12-30,9:58:05.062766527,T,303.94,40,304.42,200,IBM
2025-12-30,9:58:05.062786586,T,303.89,40,304.42,200,IBM
2025-12-30,9:58:05.062811614,T,303.82,40,304.42,200,IBM
2025-12-30,9:58:05.157842905,T,303.81,160,304.42,200,IBM
2025-12-30,9:58:06.076935930,T,303.81,160,304.31,40,IBM
2025-12-30,9:58:07.769605500,T,303.82,40,304.31,40,IBM
2025-12-30,9:58:09.920220295,T,303.9,160,304.31,40,IBM
2025-12-30,9:58:15.351019044,T,303.9,160,304.27,40,IBM
2025-12-30,9:58:15.352216720,T,303.9,160,304.27,80,IBM
2025-12-30,9:58:15.352602643,T,303.9,160,304.27,40,IBM
2025-12-30,9:58:15.352743027,T,303.9,160,304.27,80,IBM
2025-12-30,9:58:15.352753059,T,303.9,160,304.19,40,IBM
2025-12-30,9:58:15.353043699,T,303.9,160,304.19,80,IBM
2025-12-30,9:58:15.466393602,T,303.9,160,304.19,40,IBM
2025-12-30,9:58:15.467140346,T,303.9,160,304.27,40,IBM
2025-12-30,9:58:23.472562975,T,303.78,40,304.27,40,IBM
2025-12-30,9:58:23.472567982,T,303.8,200,304.27,40,IBM
2025-12-30,9:58:26.297814123,T,303.82,40,304.27,40,IBM
2025-12-30,9:58:26.297814123,T,303.8,200,304.27,40,IBM
2025-12-30,9:58:26.298064513,T,303.82,40,304.27,40,IBM
2025-12-30,9:58:26.298094670,T,304.06,40,304.27,40,IBM
2025-12-30,9:58:26.304143989,T,303.82,40,304.27,40,IBM
2025-12-30,9:58:26.304143989,T,303.8,200,304.27,40,IBM
2025-12-30,9:58:26.304685267,T,303.82,40,304.27,40,IBM
2025-12-30,9:58:26.397942222,T,303.8,200,304.27,40,IBM
2025-12-30,9:58:41.218253647,T,303.8,200,304.27,80,IBM
2025-12-30,9:58:41.246556023,T,303.8,200,304.27,40,IBM
2025-12-30,9:58:56.575783974,T,303.82,40,304.27,40,IBM
2025-12-30,9:58:58.955844947,T,303.8,200,304.27,40,IBM
2025-12-30,9:59:18.174958262,T,303.8,200,304.25,40,IBM
2025-12-30,9:59:29.986131023,T,303.8,200,304.27,40,IBM
2025-12-30,9:59:30.069559674,T,303.8,200,304.25,40,IBM
2025-12-30,9:59:30.069574732,T,303.8,200,304.24,40,IBM
2025-12-30,9:59:30.069745072,T,303.8,200,304.13,40,IBM
2025-12-30,9:59:30.069930524,T,303.8,200,304.13,80,IBM
2025-12-30,9:59:30.070075864,T,303.78,40,304.13,80,IBM
2025-12-30,9:59:30.070266341,T,303.78,40,304.13,40,IBM
2025-12-30,9:59:30.070401625,T,303.78,40,304.24,40,IBM
2025-12-30,9:59:30.070562091,T,303.78,40,304.18,40,IBM
2025-12-30,9:59:30.170926001,T,303.78,40,304.18,80,IBM
2025-12-30,9:59:32.519637334,T,303.78,40,304.13,40,IBM
2025-12-30,9:59:32.528939451,T,303.78,40,304.18,80,IBM
2025-12-30,9:59:32.738102341,T,303.78,40,304.13,40,IBM
2025-12-30,9:59:32.743084214,T,303.78,40,304.18,80,IBM
2025-12-30,9:59:32.806134279,T,303.78,40,304.13,40,IBM
2025-12-30,9:59:32.810685076,T,303.78,40,304.18,80,IBM
2025-12-30,9:59:32.810975850,T,303.78,40,304.13,40,IBM
2025-12-30,9:59:32.811055959,T,303.68,200,304.13,40,IBM
2025-12-30,9:59:32.941967698,T,303.68,200,304.18,80,IBM
2025-12-30,9:59:33.109220792,T,303.68,160,304.18,80,IBM
2025-12-30,9:59:35.352260832,T,303.68,160,304.13,40,IBM
2025-12-30,9:59:35.352566563,T,303.68,200,304.13,40,IBM
2025-12-30,9:59:35.352571595,T,303.68,200,304.16,40,IBM
2025-12-30,9:59:35.352576522,T,303.68,40,304.16,40,IBM
2025-12-30,9:59:35.352621650,T,303.68,40,304.18,80,IBM
2025-12-30,9:59:35.353208044,T,303.68,40,304.03,40,IBM
2025-12-30,9:59:35.353654179,T,303.68,40,304.03,80,IBM
2025-12-30,9:59:35.361061751,T,303.63,40,304.03,80,IBM
2025-12-30,9:59:36.068525952,T,303.63,40,304.03,120,IBM
2025-12-30,9:59:37.130198402,T,303.63,40,304.03,160,IBM
2025-12-30,9:59:37.386603808,T,303.59,40,304.03,160,IBM
2025-12-30,9:59:37.386638872,T,303.59,40,304.03,200,IBM
2025-12-30,9:59:37.386658935,T,303.59,40,304.03,160,IBM
2025-12-30,9:59:37.386658935,T,303.59,40,304.02,40,IBM
2025-12-30,9:59:37.386889479,T,303.59,40,303.93,40,IBM
2025-12-30,9:59:37.387405686,T,303.59,40,304.02,40,IBM
2025-12-30,9:59:37.387691342,T,303.59,40,303.93,40,IBM
2025-12-30,9:59:37.401514262,T,303.59,40,304.02,40,IBM
2025-12-30,9:59:37.486927603,T,303.59,40,304.03,120,IBM
2025-12-30,9:59:37.487148191,T,303.59,40,304.03,160,IBM
2025-12-30,9:59:38.377858568,T,303.59,40,304.03,120,IBM
2025-12-30,9:59:40.886926607,T,303.59,40,303.93,40,IBM
2025-12-30,9:59:41.429748766,T,303.59,40,304.03,120,IBM
2025-12-30,9:59:42.457485574,T,303.59,40,303.93,40,IBM
2025-12-30,9:59:44.311363936,T,303.59,40,304.03,120,IBM
2025-12-30,9:59:45.065408928,T,303.59,40,303.93,40,IBM
2025-12-30,9:59:45.103444421,T,303.63,40,303.93,40,IBM
2025-12-30,9:59:45.103690015,T,303.63,40,304.03,120,IBM
2025-12-30,9:59:45.103810317,T,303.59,40,304.03,120,IBM
2025-12-30,9:59:45.104020822,T,303.59,40,303.93,40,IBM
2025-12-30,9:59:45.104065888,T,303.59,40,303.88,40,IBM
2025-12-30,9:59:45.104105988,T,303.59,40,303.93,40,IBM
2025-12-30,9:59:45.104141158,T,303.59,40,303.87,40,IBM
2025-12-30,9:59:45.104226346,T,303.59,40,303.93,40,IBM
2025-12-30,9:59:45.104226346,T,303.59,40,303.87,40,IBM
2025-12-30,9:59:45.104902992,T,303.55,200,303.87,40,IBM
2025-12-30,9:59:45.106932740,T,303.51,40,303.87,40,IBM
2025-12-30,9:59:45.118715803,T,303.51,40,304.03,120,IBM
2025-12-30,9:59:45.161016529,T,303.43,200,304.03,120,IBM
2025-12-30,9:59:45.161061662,T,303.43,200,304.03,160,IBM
2025-12-30,9:59:45.161071927,T,303.43,200,303.78,40,IBM
2025-12-30,9:59:45.161297129,T,303.43,200,303.78,80,IBM
2025-12-30,9:59:45.175921949,T,303.43,200,303.78,40,IBM
2025-12-30,9:59:45.216598881,T,303.43,160,303.78,40,IBM
2025-12-30,9:59:45.217400743,T,303.43,160,303.78,80,IBM
2025-12-30,9:59:45.285683274,T,303.43,160,303.78,40,IBM
2025-12-30,9:59:46.813846291,T,303.43,160,303.77,40,IBM
2025-12-30,9:59:46.814141909,T,303.43,160,303.73,40,IBM
2025-12-30,9:59:46.814512905,T,303.43,160,303.77,40,IBM
2025-12-30,9:59:46.814512905,T,303.43,160,303.73,40,IBM
2025-12-30,9:59:46.822762478,T,303.43,160,303.77,40,IBM
2025-12-30,9:59:46.829398325,T,303.43,160,303.78,40,IBM
2025-12-30,9:59:54.396317296,T,303.43,160,303.7,40,IBM
2025-12-30,9:59:54.396873741,T,303.28,40,303.7,40,IBM
2025-12-30,9:59:54.396883652,T,303.29,160,303.7,40,IBM
2025-12-30,9:59:54.397134291,T,303.29,160,303.7,80,IBM
2025-12-30,9:59:54.397314804,T,303.29,160,303.7,40,IBM
2025-12-30,9:59:54.397941210,T,303.29,160,303.69,40,IBM
2025-12-30,9:59:54.400722831,T,303.29,160,303.7,80,IBM
2025-12-30,9:59:54.400742877,T,303.29,160,303.7,40,IBM
2025-12-30,9:59:54.407769597,T,303.29,160,303.92,40,IBM
2025-12-30,9:59:54.414861441,T,303.29,160,304.0,40,IBM
2025-12-30,9:59:55.012373857,T,303.31,40,304.0,40,IBM
2025-12-30,9:59:55.012393959,T,303.29,200,304.0,40,IBM
2025-12-30,9:59:55.012403871,T,303.31,40,304.0,40,IBM
2025-12-30,9:59:55.012424126,T,303.35,40,304.0,40,IBM
2025-12-30,9:59:55.012453996,T,303.29,160,304.0,40,IBM
2025-12-30,9:59:55.012464056,T,303.29,160,303.98,40,IBM
2025-12-30,9:59:55.012474056,T,303.29,200,303.98,40,IBM
2025-12-30,9:59:55.012474056,T,303.29,200,303.99,40,IBM
2025-12-30,9:59:55.012479064,T,303.29,160,303.99,40,IBM
2025-12-30,9:59:55.012484078,T,303.29,200,303.99,40,IBM
2025-12-30,9:59:55.012504107,T,303.29,200,303.98,40,IBM
2025-12-30,9:59:55.012504107,T,303.29,200,303.99,40,IBM
2025-12-30,9:59:55.012534277,T,303.29,200,303.98,40,IBM
2025-12-30,9:59:55.012679524,T,303.29,200,303.75,40,IBM
2025-12-30,9:59:55.016964824,T,303.29,160,303.75,40,IBM
2025-12-30,10:00:00.199086374,T,303.29,200,303.75,40,IBM
2025-12-30,10:00:02.308407837,T,303.31,40,303.75,40,IBM
2025-12-30,10:00:05.286572586,T,303.31,40,303.75,80,IBM
2025-12-30,10:00:05.286803112,T,303.29,200,303.75,80,IBM
2025-12-30,10:00:05.286828269,T,303.29,160,303.75,80,IBM
2025-12-30,10:00:06.038267228,T,303.29,160,303.75,40,IBM
2025-12-30,10:00:06.313442266,T,303.29,160,303.75,80,IBM
2025-12-30,10:00:09.369542526,T,303.52,40,303.75,80,IBM
2025-12-30,10:00:11.303902646,T,303.52,40,303.75,40,IBM
2025-12-30,10:00:14.040617529,T,303.52,40,303.75,80,IBM
2025-12-30,10:00:14.040622558,T,303.52,40,303.74,40,IBM
2025-12-30,10:00:14.040627625,T,303.52,40,303.73,40,IBM
2025-12-30,10:00:14.040637631,T,303.52,40,303.75,80,IBM
2025-12-30,10:00:14.040637631,T,303.52,40,303.74,40,IBM
2025-12-30,10:00:14.041028534,T,303.52,40,303.73,40,IBM
2025-12-30,10:00:14.041043577,T,303.52,40,303.73,80,IBM
2025-12-30,10:00:14.041344251,T,303.52,40,303.73,40,IBM
2025-12-30,10:00:14.507193278,T,303.52,40,303.64,40,IBM
2025-12-30,10:00:14.508346119,T,303.52,40,303.64,80,IBM
2025-12-30,10:00:20.261933206,T,303.52,40,303.64,40,IBM
2025-12-30,10:00:20.261933206,T,303.52,40,303.69,40,IBM
2025-12-30,10:00:20.261933206,T,303.52,40,303.84,80,IBM
2025-12-30,10:00:20.261988209,T,303.52,80,303.84,80,IBM
2025-12-30,10:00:20.262038369,T,303.58,40,303.84,80,IBM
2025-12-30,10:00:20.264038058,T,303.58,40,303.74,40,IBM
2025-12-30,10:00:20.264048126,T,303.52,80,303.74,40,IBM
2025-12-30,10:00:20.264063147,T,303.52,40,303.74,40,IBM
2025-12-30,10:00:29.313366046,T,303.52,80,303.74,40,IBM
2025-12-30,10:00:29.330256192,T,303.52,40,303.74,40,IBM
2025-12-30,10:00:29.776969752,T,303.52,40,303.84,80,IBM
2025-12-30,10:00:29.776974778,T,303.52,80,303.84,80,IBM
2025-12-30,10:00:29.776994693,T,303.53,40,303.84,80,IBM
2025-12-30,10:00:29.777004752,T,303.58,40,303.84,80,IBM
2025-12-30,10:00:29.777049857,T,303.63,40,303.84,80,IBM
2025-12-30,10:00:29.777591090,T,303.63,80,303.84,80,IBM
2025-12-30,10:00:29.777626257,T,303.63,40,303.84,80,IBM
2025-12-30,10:00:29.777626257,T,303.63,80,303.84,80,IBM
2025-12-30,10:00:29.778057251,T,303.63,80,303.84,40,IBM
2025-12-30,10:00:29.781645784,T,303.63,40,303.84,40,IBM
2025-12-30,10:00:29.781675817,T,303.52,120,303.84,40,IBM
2025-12-30,10:00:29.781695878,T,303.52,80,303.84,40,IBM
2025-12-30,10:00:29.782482767,T,303.52,80,303.84,80,IBM
2025-12-30,10:00:29.787314283,T,303.52,40,303.84,80,IBM
2025-12-30,10:00:29.916005647,T,303.52,80,303.84,80,IBM
2025-12-30,10:00:29.916010993,T,303.52,80,303.84,40,IBM
2025-12-30,10:00:29.916015641,T,303.52,80,303.99,40,IBM
