DATE,TIME_M,EX,BID,BIDSIZ,ASK,ASKSIZ,SYM_ROOT
2025-12-10,9:30:01.021417573,T,309.97,80,311.65,160,IBM
2025-12-10,9:30:01.046412143,T,309.97,80,311.09,40,IBM
2025-12-10,9:30:01.047168841,T,309.97,80,311.09,200,IBM
2025-12-10,9:30:01.066640193,T,309.97,80,310.5,40,IBM
2025-12-10,9:30:01.067412078,T,309.97,80,310.76,40,IBM
2025-12-10,9:30:01.067657660,T,309.97,80,311.09,40,IBM
2025-12-10,9:30:01.100856725,T,310.0,40,311.09,40,IBM
2025-12-10,9:30:01.109818059,T,310.08,120,311.09,40,IBM
2025-12-10,9:30:01.110203952,T,310.08,80,311.09,40,IBM
2025-12-10,9:30:01.110203952,T,309.97,80,311.09,40,IBM
2025-12-10,9:30:01.110239050,T,309.97,40,311.09,40,IBM
2025-12-10,9:30:01.110274125,T,309.97,40,310.28,40,IBM
2025-12-10,9:30:01.111286488,T,308.36,40,310.28,40,IBM
2025-12-10,9:30:01.111286488,T,308.2,320,310.28,40,IBM
2025-12-10,9:30:01.138952332,T,310.0,40,310.28,40,IBM
2025-12-10,9:30:01.138987509,T,308.2,320,310.28,40,IBM
2025-12-10,9:30:01.175148535,T,308.2,320,310.28,80,IBM
2025-12-10,9:30:01.226931782,T,308.2,320,310.28,40,IBM
2025-12-10,9:30:01.226991981,T,308.2,320,310.14,40,IBM
2025-12-10,9:30:01.227047114,T,308.2,320,310.28,40,IBM
2025-12-10,9:30:01.227052117,T,308.2,320,310.03,40,IBM
2025-12-10,9:30:01.234635465,T,308.2,320,310.28,40,IBM
2025-12-10,9:30:01.234710408,T,308.2,320,310.09,40,IBM
2025-12-10,9:30:01.236033457,T,308.2,320,310.28,40,IBM
2025-12-10,9:30:01.242448727,T,308.2,320,310.09,40,IBM
2025-12-10,9:30:01.246738987,T,308.2,320,310.28,40,IBM
2025-12-10,9:30:01.269357829,T,308.2,320,310.27,40,IBM
2025-12-10,9:30:01.270119705,T,308.2,320,310.27,80,IBM
2025-12-10,9:30:01.411596493,T,308.2,320,310.27,40,IBM
2025-12-10,9:30:01.411651535,T,308.2,320,310.26,40,IBM
2025-12-10,9:30:01.412408374,T,308.2,320,310.26,80,IBM
2025-12-10,9:30:01.413972054,T,308.2,320,310.26,120,IBM
2025-12-10,9:30:01.414007201,T,308.2,320,310.26,40,IBM
2025-12-10,9:30:01.414007201,T,308.2,320,310.02,40,IBM
2025-12-10,9:30:01.423068805,T,308.2,320,310.28,40,IBM
2025-12-10,9:30:01.428571849,T,308.2,280,310.28,40,IBM
2025-12-10,9:30:01.442444844,T,308.2,280,310.14,40,IBM
2025-12-10,9:30:01.554707111,T,308.2,280,310.28,40,IBM
2025-12-10,9:30:01.593659880,T,308.2,280,310.13,40,IBM
2025-12-10,9:30:01.742719727,T,308.2,280,310.28,40,IBM
2025-12-10,9:30:02.110981600,T,309.49,40,310.28,40,IBM
2025-12-10,9:30:02.246389005,T,309.51,40,310.28,40,IBM
2025-12-10,9:30:02.276655960,T,309.51,40,310.13,40,IBM
2025-12-10,9:30:02.276655960,T,309.49,40,310.13,40,IBM
2025-12-10,9:30:02.383760959,T,309.49,40,310.28,40,IBM
2025-12-10,9:30:02.509635627,T,309.5,40,310.28,40,IBM
2025-12-10,9:30:02.610962026,T,309.49,40,310.28,40,IBM
2025-12-10,9:30:04.053265265,T,309.51,40,310.28,40,IBM
2025-12-10,9:30:04.159277561,T,309.49,40,310.28,40,IBM
2025-12-10,9:30:04.219937049,T,309.5,40,310.28,40,IBM
2025-12-10,9:30:04.377652494,T,309.49,40,310.28,40,IBM
2025-12-10,9:30:04.443694649,T,309.51,40,310.28,40,IBM
2025-12-10,9:30:04.445804695,T,309.49,40,310.28,40,IBM
2025-12-10,9:30:04.448145238,T,309.5,40,310.28,40,IBM
2025-12-10,9:30:04.719967357,T,308.2,280,310.28,40,IBM
2025-12-10,9:30:05.106492436,T,309.46,40,310.28,40,IBM
2025-12-10,9:30:05.683059911,T,309.51,40,310.28,40,IBM
2025-12-10,9:30:05.819088837,T,309.46,40,310.28,40,IBM
2025-12-10,9:30:05.819153914,T,309.5,40,310.28,40,IBM
2025-12-10,9:30:05.819199026,T,309.51,40,310.28,40,IBM
2025-12-10,9:30:05.954080172,T,309.5,40,310.28,40,IBM
2025-12-10,9:30:06.136684845,T,309.46,40,310.28,40,IBM
2025-12-10,9:30:09.117781653,T,308.2,280,310.28,40,IBM
2025-12-10,9:30:09.746794070,T,308.2,280,310.28,80,IBM
2025-12-10,9:30:11.044929426,T,308.2,280,310.28,40,IBM
2025-12-10,9:30:11.693297997,T,308.2,280,310.31,40,IBM
2025-12-10,9:30:12.641530444,T,308.2,280,310.28,40,IBM
2025-12-10,9:30:14.731696231,T,308.2,280,310.31,40,IBM
2025-12-10,9:30:18.194956012,T,308.2,280,310.13,40,IBM
2025-12-10,9:30:18.299499974,T,308.2,280,310.31,40,IBM
2025-12-10,9:30:18.299820708,T,308.2,280,310.13,40,IBM
2025-12-10,9:30:18.316630688,T,308.2,280,310.31,40,IBM
2025-12-10,9:30:18.434721797,T,308.2,280,310.14,80,IBM
2025-12-10,9:30:18.435147803,T,308.2,280,310.14,120,IBM
2025-12-10,9:30:18.666518624,T,308.2,320,310.14,120,IBM
2025-12-10,9:30:18.666934596,T,308.2,320,310.14,80,IBM
2025-12-10,9:30:26.077972056,T,308.2,320,309.98,40,IBM
2025-12-10,9:30:26.206468034,T,308.2,320,310.14,80,IBM
2025-12-10,9:30:26.206893996,T,308.2,320,310.14,120,IBM
2025-12-10,9:30:28.638231802,T,308.2,320,310.14,80,IBM
2025-12-10,9:30:28.638838317,T,308.25,40,310.14,80,IBM
2025-12-10,9:30:28.644692192,T,308.43,40,310.14,80,IBM
2025-12-10,9:30:28.654881531,T,308.61,40,310.14,80,IBM
2025-12-10,9:30:29.002002835,T,308.61,40,310.14,120,IBM
2025-12-10,9:30:33.925057600,T,308.25,40,310.14,120,IBM
2025-12-10,9:30:33.925077737,T,308.25,40,310.14,160,IBM
2025-12-10,9:30:33.925092700,T,308.25,40,309.75,40,IBM
2025-12-10,9:30:33.925934742,T,308.25,40,309.75,80,IBM
2025-12-10,9:30:33.928545923,T,308.25,40,309.75,40,IBM
2025-12-10,9:30:33.936129039,T,308.25,40,310.14,120,IBM
2025-12-10,9:30:33.941601988,T,308.25,40,309.81,40,IBM
2025-12-10,9:30:33.941912756,T,308.2,320,309.81,40,IBM
2025-12-10,9:30:33.941962893,T,308.2,320,310.14,160,IBM
2025-12-10,9:30:33.941962893,T,308.2,320,309.63,40,IBM
2025-12-10,9:30:33.942985294,T,308.2,320,309.81,40,IBM
2025-12-10,9:30:33.943145712,T,308.2,320,309.63,40,IBM
2025-12-10,9:30:33.943351235,T,308.43,40,309.63,40,IBM
2025-12-10,9:30:33.945496257,T,308.43,40,309.81,40,IBM
2025-12-10,9:30:33.961739927,T,308.43,40,310.14,120,IBM
2025-12-10,9:30:33.962211052,T,308.43,40,309.81,40,IBM
2025-12-10,9:30:33.962637099,T,308.43,40,309.81,80,IBM
2025-12-10,9:30:33.962868029,T,308.43,40,309.81,40,IBM
2025-12-10,9:30:33.962868029,T,308.43,40,309.68,40,IBM
2025-12-10,9:30:33.963093228,T,308.43,40,309.68,80,IBM
2025-12-10,9:30:33.975206967,T,308.43,40,309.68,120,IBM
2025-12-10,9:30:34.027100507,T,308.43,40,309.68,160,IBM
2025-12-10,9:30:34.028003023,T,308.43,40,309.68,120,IBM
2025-12-10,9:30:34.028003023,T,308.43,40,309.44,40,IBM
2025-12-10,9:30:34.028007684,T,308.25,40,309.44,40,IBM
2025-12-10,9:30:34.028353554,T,308.25,40,309.68,80,IBM
2025-12-10,9:30:34.028423738,T,308.25,40,309.68,40,IBM
2025-12-10,9:30:34.038813494,T,308.25,40,310.14,120,IBM
2025-12-10,9:30:34.062775612,T,309.2,40,310.14,120,IBM
2025-12-10,9:30:34.063807915,T,308.25,40,310.14,120,IBM
2025-12-10,9:30:34.082156651,T,309.2,40,310.14,120,IBM
2025-12-10,9:30:34.210261614,T,308.25,40,310.14,120,IBM
2025-12-10,9:30:35.021848641,T,308.25,40,310.14,160,IBM
2025-12-10,9:30:35.116438805,T,309.14,40,310.14,160,IBM
2025-12-10,9:30:35.230219669,T,309.14,40,309.98,40,IBM
2025-12-10,9:30:35.327446031,T,309.14,40,309.82,120,IBM
2025-12-10,9:30:35.327867053,T,309.14,40,309.82,160,IBM
2025-12-10,9:30:35.327882126,T,309.14,40,309.82,200,IBM
2025-12-10,9:30:36.083566192,T,309.14,40,309.82,160,IBM
2025-12-10,9:30:37.420984980,T,309.14,40,309.82,120,IBM
2025-12-10,9:30:37.913442312,T,309.16,40,309.82,120,IBM
2025-12-10,9:30:38.417622624,T,309.16,40,309.82,200,IBM
2025-12-10,9:30:40.897190570,T,309.21,40,309.82,200,IBM
2025-12-10,9:30:41.942489045,T,309.16,40,309.82,200,IBM
2025-12-10,9:30:41.942790076,T,309.22,40,309.82,200,IBM
2025-12-10,9:30:42.947185801,T,309.16,40,309.82,200,IBM
2025-12-10,9:30:42.947486574,T,309.23,40,309.82,200,IBM
2025-12-10,9:30:46.932217648,T,309.16,40,309.82,200,IBM
2025-12-10,9:30:53.954755758,T,309.16,80,309.82,200,IBM
2025-12-10,9:30:57.587258397,T,309.23,40,309.82,200,IBM
2025-12-10,9:30:57.979843008,T,309.16,40,309.82,200,IBM
2025-12-10,9:30:57.980053473,T,309.16,80,309.82,200,IBM
2025-12-10,9:30:58.339629599,T,309.16,120,309.82,200,IBM
2025-12-10,9:30:58.340120693,T,309.24,40,309.82,200,IBM
2025-12-10,9:30:58.340867474,T,309.24,80,309.82,200,IBM
2025-12-10,9:30:58.521036425,T,309.24,40,309.82,200,IBM
2025-12-10,9:31:01.132618543,T,309.24,40,309.82,280,IBM
2025-12-10,9:31:04.948602835,T,309.16,40,309.82,280,IBM
2025-12-10,9:31:04.948627874,T,309.16,40,309.53,40,IBM
2025-12-10,9:31:04.954221161,T,309.16,40,309.53,80,IBM
2025-12-10,9:31:05.109200178,T,309.16,40,309.53,40,IBM
2025-12-10,9:31:05.199054075,T,309.16,40,309.53,80,IBM
2025-12-10,9:31:05.712446269,T,309.14,40,309.53,80,IBM
2025-12-10,9:31:05.712546508,T,309.14,40,309.53,120,IBM
2025-12-10,9:31:05.712892272,T,309.14,40,309.53,80,IBM
2025-12-10,9:31:05.713203329,T,308.77,160,309.53,80,IBM
2025-12-10,9:31:05.713253170,T,308.77,160,309.53,120,IBM
2025-12-10,9:31:05.713278249,T,308.77,160,309.53,80,IBM
2025-12-10,9:31:05.713283176,T,308.77,160,309.53,120,IBM
2025-12-10,9:31:05.714220385,T,308.81,40,309.53,120,IBM
2025-12-10,9:31:05.714310676,T,308.81,40,309.53,80,IBM
2025-12-10,9:31:05.718340209,T,308.81,40,309.53,40,IBM
2025-12-10,9:31:05.722926162,T,308.81,40,309.81,40,IBM
2025-12-10,9:31:06.117400213,T,308.5,160,309.81,40,IBM
2025-12-10,9:31:06.117420294,T,309.21,40,309.81,40,IBM
2025-12-10,9:31:07.516074914,T,309.21,40,309.69,120,IBM
2025-12-10,9:31:07.516495995,T,309.21,40,309.69,160,IBM
2025-12-10,9:31:07.516521054,T,308.5,160,309.69,160,IBM
2025-12-10,9:31:07.516566120,T,308.5,160,309.37,40,IBM
2025-12-10,9:31:07.657747208,T,308.5,160,309.37,80,IBM
2025-12-10,9:31:07.725799267,T,308.5,160,309.37,200,IBM
2025-12-10,9:31:08.422056765,T,308.5,160,309.37,280,IBM
2025-12-10,9:31:09.138672713,T,308.5,160,309.37,320,IBM
2025-12-10,9:31:09.518902983,T,308.5,160,309.37,280,IBM
2025-12-10,9:31:10.822561409,T,308.5,160,309.36,40,IBM
2025-12-10,9:31:10.822781948,T,308.5,160,309.36,80,IBM
2025-12-10,9:31:10.823137834,T,308.5,160,309.09,80,IBM
2025-12-10,9:31:10.823463526,T,308.63,80,309.09,80,IBM
2025-12-10,9:31:10.823483592,T,308.63,80,309.09,120,IBM
2025-12-10,9:31:10.946326040,T,308.63,80,309.09,40,IBM
2025-12-10,9:31:10.946541553,T,308.63,80,309.37,200,IBM
2025-12-10,9:31:10.946967573,T,308.63,80,309.37,240,IBM
2025-12-10,9:31:10.947188131,T,308.63,80,309.37,280,IBM
2025-12-10,9:31:10.963451890,T,308.63,80,309.37,240,IBM
2025-12-10,9:31:10.963672363,T,308.63,80,309.37,200,IBM
2025-12-10,9:31:10.970067575,T,308.63,80,309.36,40,IBM
2025-12-10,9:31:11.114561645,T,308.63,80,309.36,80,IBM
2025-12-10,9:31:11.116706801,T,308.83,40,309.36,80,IBM
2025-12-10,9:31:11.116746800,T,308.83,120,309.36,80,IBM
2025-12-10,9:31:11.367669329,T,308.83,120,309.36,160,IBM
2025-12-10,9:31:11.567560089,T,308.83,120,309.36,200,IBM
2025-12-10,9:31:11.722168173,T,308.83,120,309.36,160,IBM
2025-12-10,9:31:12.117018120,T,308.83,80,309.36,160,IBM
2025-12-10,9:31:12.117724823,T,308.83,120,309.36,160,IBM
2025-12-10,9:31:13.199409758,T,308.83,120,309.36,120,IBM
2025-12-10,9:31:13.201083744,T,308.83,120,309.36,40,IBM
2025-12-10,9:31:13.205930272,T,308.83,120,309.37,80,IBM
2025-12-10,9:31:13.216094466,T,308.83,120,309.36,40,IBM
2025-12-10,9:31:13.805382387,T,308.83,120,309.37,80,IBM
2025-12-10,9:31:14.942534563,T,308.83,120,309.36,80,IBM
2025-12-10,9:31:18.431806376,T,308.83,120,309.36,160,IBM
2025-12-10,9:31:18.432598236,T,308.85,40,309.36,160,IBM
2025-12-10,9:31:18.432643357,T,308.85,160,309.36,160,IBM
2025-12-10,9:31:20.590044019,T,308.85,160,309.36,80,IBM
2025-12-10,9:31:20.967071508,T,308.85,40,309.36,80,IBM
2025-12-10,9:31:20.967091575,T,308.95,80,309.36,80,IBM
2025-12-10,9:31:20.967878462,T,308.95,160,309.36,80,IBM
2025-12-10,9:31:24.599248340,T,308.95,160,309.36,160,IBM
2025-12-10,9:31:26.339591400,T,308.95,160,309.36,80,IBM
2025-12-10,9:31:29.942072473,T,308.95,160,309.42,40,IBM
2025-12-10,9:31:29.942082487,T,309.01,40,309.42,40,IBM
2025-12-10,9:31:29.942092611,T,309.35,80,309.42,40,IBM
2025-12-10,9:31:29.942117581,T,309.35,200,309.42,40,IBM
2025-12-10,9:31:29.942142659,T,309.35,120,309.42,40,IBM
2025-12-10,9:31:29.942288005,T,309.36,40,309.42,40,IBM
2025-12-10,9:31:29.942293032,T,309.36,120,309.42,40,IBM
2025-12-10,9:31:29.942634190,T,309.36,120,309.97,160,IBM
2025-12-10,9:31:29.942653874,T,309.36,40,309.97,160,IBM
2025-12-10,9:31:29.942673880,T,309.18,80,309.97,160,IBM
2025-12-10,9:31:29.942679116,T,309.4,80,309.97,160,IBM
2025-12-10,9:31:29.942688965,T,309.4,80,309.82,40,IBM
2025-12-10,9:31:29.942774576,T,309.18,80,309.82,40,IBM
2025-12-10,9:31:29.942799182,T,309.42,80,309.82,40,IBM
2025-12-10,9:31:30.012445087,T,309.42,80,310.34,40,IBM
2025-12-10,9:31:30.042175856,T,309.42,80,310.52,40,IBM
2025-12-10,9:31:30.042762192,T,309.42,80,310.22,160,IBM
2025-12-10,9:31:30.044030197,T,309.42,120,310.22,160,IBM
2025-12-10,9:31:30.336356176,T,309.42,120,309.82,80,IBM
2025-12-10,9:31:35.572280865,T,309.42,40,309.82,80,IBM
2025-12-10,9:31:35.572280865,T,308.91,40,309.82,80,IBM
2025-12-10,9:31:35.572311002,T,308.91,40,309.62,80,IBM
2025-12-10,9:31:35.579422750,T,308.91,40,309.61,40,IBM
2025-12-10,9:31:35.582615349,T,308.91,40,309.62,80,IBM
2025-12-10,9:31:35.881191122,T,308.91,40,309.82,80,IBM
2025-12-10,9:31:39.216641500,T,308.91,40,309.73,40,IBM
2025-12-10,9:31:42.165847566,T,308.91,40,309.73,80,IBM
2025-12-10,9:31:42.166118078,T,308.91,40,309.71,40,IBM
2025-12-10,9:31:42.417230853,T,308.91,40,309.71,80,IBM
2025-12-10,9:31:45.518203291,T,308.91,40,309.7,80,IBM
2025-12-10,9:31:45.518413689,T,308.91,40,309.7,120,IBM
2025-12-10,9:31:45.546545687,T,308.91,40,309.7,160,IBM
2025-12-10,9:31:48.081720818,T,308.91,40,309.7,80,IBM
2025-12-10,9:31:48.082848486,T,308.91,40,309.7,40,IBM
2025-12-10,9:31:48.082858546,T,308.91,40,309.71,40,IBM
2025-12-10,9:31:50.480887326,T,308.91,40,309.68,40,IBM
2025-12-10,9:31:50.481308293,T,308.91,40,309.68,80,IBM
2025-12-10,9:31:50.648010198,T,308.91,40,309.68,40,IBM
2025-12-10,9:31:51.925100443,T,308.91,40,309.71,40,IBM
2025-12-10,9:32:03.642209441,T,308.91,40,309.33,40,IBM
2025-12-10,9:32:08.095601291,T,308.91,40,309.71,40,IBM
2025-12-10,9:32:08.095626287,T,309.05,40,309.71,40,IBM
2025-12-10,9:32:08.600979416,T,308.91,40,309.71,40,IBM
2025-12-10,9:32:08.601475539,T,308.91,40,309.3,80,IBM
2025-12-10,9:32:09.544620739,T,308.91,40,309.18,40,IBM
2025-12-10,9:32:13.732019365,T,308.91,40,309.17,80,IBM
2025-12-10,9:32:15.013790937,T,308.91,40,309.18,40,IBM
2025-12-10,9:32:15.013810975,T,308.91,40,309.71,40,IBM
2025-12-10,9:32:16.735298918,T,308.91,40,309.6,200,IBM
2025-12-10,9:32:17.579523706,T,308.91,40,309.17,80,IBM
2025-12-10,9:32:18.861315146,T,308.91,40,309.6,200,IBM
2025-12-10,9:32:20.052295420,T,308.96,40,309.6,200,IBM
2025-12-10,9:32:20.052390603,T,309.06,40,309.6,200,IBM
2025-12-10,9:32:20.053418030,T,308.96,40,309.6,200,IBM
2025-12-10,9:32:20.053849078,T,308.96,40,309.82,80,IBM
2025-12-10,9:32:20.053854056,T,308.96,40,309.77,160,IBM
2025-12-10,9:32:20.055828793,T,308.96,40,309.61,40,IBM
2025-12-10,9:32:20.058535292,T,308.96,40,309.77,160,IBM
2025-12-10,9:32:28.221974373,T,308.96,40,309.43,40,IBM
2025-12-10,9:32:30.369857562,T,308.91,40,309.43,40,IBM
2025-12-10,9:32:37.322413739,T,308.91,40,309.37,40,IBM
2025-12-10,9:32:39.289912676,T,308.91,40,309.37,80,IBM
2025-12-10,9:32:40.054147187,T,308.91,40,309.36,40,IBM
2025-12-10,9:32:40.054177228,T,308.91,40,309.19,40,IBM
2025-12-10,9:32:40.054187235,T,308.91,40,309.19,80,IBM
2025-12-10,9:32:40.054372694,T,308.91,40,309.08,40,IBM
2025-12-10,9:32:40.054623322,T,308.83,40,309.08,40,IBM
2025-12-10,9:32:40.054653471,T,308.83,40,309.07,40,IBM
2025-12-10,9:32:40.054673426,T,308.83,40,309.0,40,IBM
2025-12-10,9:32:40.055540529,T,308.81,40,309.0,40,IBM
2025-12-10,9:32:40.055610743,T,308.43,200,309.0,40,IBM
2025-12-10,9:32:40.055616062,T,308.81,40,309.0,40,IBM
2025-12-10,9:32:40.055645758,T,308.43,200,309.0,40,IBM
2025-12-10,9:32:40.055645758,T,308.43,200,308.99,40,IBM
2025-12-10,9:32:40.055735934,T,308.43,200,308.9,40,IBM
2025-12-10,9:32:40.056217116,T,308.43,200,308.84,40,IBM
2025-12-10,9:32:40.056232121,T,308.43,200,308.83,40,IBM
2025-12-10,9:32:40.056567909,T,308.43,560,308.83,40,IBM
2025-12-10,9:32:40.058081566,T,308.43,560,308.84,40,IBM
2025-12-10,9:32:40.058101531,T,308.43,200,308.84,40,IBM
2025-12-10,9:32:40.058116903,T,308.44,40,308.84,40,IBM
2025-12-10,9:32:40.058126660,T,308.5,80,308.84,40,IBM
2025-12-10,9:32:40.058126660,T,308.83,360,308.84,40,IBM
2025-12-10,9:32:40.058131637,T,308.83,360,308.9,40,IBM
2025-12-10,9:32:40.058161736,T,308.83,360,308.99,40,IBM
2025-12-10,9:32:40.058171741,T,308.5,80,308.99,40,IBM
2025-12-10,9:32:40.058171741,T,308.51,40,308.99,40,IBM
2025-12-10,9:32:40.058182139,T,308.51,40,309.07,40,IBM
2025-12-10,9:32:40.058202089,T,308.6,40,309.07,40,IBM
2025-12-10,9:32:40.058206769,T,308.6,40,309.08,40,IBM
2025-12-10,9:32:40.058226907,T,308.6,40,309.19,40,IBM
2025-12-10,9:32:40.058251959,T,308.6,40,309.43,40,IBM
2025-12-10,9:32:40.058487479,T,308.5,80,309.43,40,IBM
2025-12-10,9:32:40.058592761,T,308.5,80,308.99,40,IBM
2025-12-10,9:32:40.068696818,T,308.5,80,309.43,40,IBM
2025-12-10,9:32:40.116345270,T,308.58,40,309.43,40,IBM
2025-12-10,9:32:40.128243527,T,308.58,40,309.07,40,IBM
2025-12-10,9:32:40.128464095,T,308.58,40,309.07,80,IBM
2025-12-10,9:32:40.128664522,T,308.58,40,309.07,120,IBM
2025-12-10,9:32:40.128674627,T,308.58,40,309.07,160,IBM
2025-12-10,9:32:40.140096720,T,308.58,40,309.07,240,IBM
2025-12-10,9:32:40.161131857,T,308.58,40,309.07,280,IBM
2025-12-10,9:32:40.365438186,T,308.58,40,309.07,240,IBM
2025-12-10,9:32:40.365658733,T,308.58,40,309.07,200,IBM
2025-12-10,9:32:40.932447988,T,308.58,40,309.07,120,IBM
2025-12-10,9:32:42.969672684,T,308.58,40,309.07,80,IBM
2025-12-10,9:32:42.969672684,T,308.58,40,309.07,40,IBM
2025-12-10,9:32:42.970409435,T,308.74,40,309.07,40,IBM
2025-12-10,9:32:42.970660028,T,308.74,40,309.12,40,IBM
2025-12-10,9:32:42.970765334,T,308.58,40,309.12,40,IBM
2025-12-10,9:32:42.972559526,T,308.58,40,309.06,40,IBM
2025-12-10,9:32:42.972785061,T,308.58,40,309.06,80,IBM
2025-12-10,9:32:42.972980586,T,308.58,40,309.06,120,IBM
2025-12-10,9:32:42.980899382,T,308.58,40,309.06,160,IBM
2025-12-10,9:32:43.124285777,T,308.58,40,309.06,120,IBM
2025-12-10,9:32:43.124501244,T,308.58,40,309.06,80,IBM
2025-12-10,9:32:43.221522304,T,308.58,40,309.06,40,IBM
2025-12-10,9:32:43.384069323,T,308.58,40,308.89,40,IBM
2025-12-10,9:32:44.506375934,T,308.34,160,308.89,40,IBM
2025-12-10,9:32:44.506631545,T,308.34,160,308.75,40,IBM
2025-12-10,9:32:44.506977427,T,308.34,160,308.89,80,IBM
2025-12-10,9:32:44.506982461,T,308.2,280,308.89,80,IBM
2025-12-10,9:32:44.507388409,T,308.2,280,308.89,40,IBM
2025-12-10,9:32:44.507608913,T,308.2,280,308.89,80,IBM
2025-12-10,9:32:44.526604100,T,308.2,280,308.89,40,IBM
2025-12-10,9:32:44.526729449,T,308.2,280,308.68,40,IBM
2025-12-10,9:32:44.531661275,T,308.2,320,308.68,40,IBM
2025-12-10,9:32:44.531671235,T,308.2,320,309.12,40,IBM
2025-12-10,9:32:44.531686174,T,308.28,40,309.12,40,IBM
2025-12-10,9:32:44.531726365,T,308.28,120,309.12,40,IBM
2025-12-10,9:32:44.536196952,T,308.28,80,309.12,40,IBM
2025-12-10,9:32:44.820819588,T,308.2,280,309.12,40,IBM
2025-12-10,9:32:45.034543363,T,308.26,80,309.12,40,IBM
2025-12-10,9:32:45.035806380,T,308.2,280,309.12,40,IBM
2025-12-10,9:32:45.545148908,T,308.2,360,309.12,40,IBM
2025-12-10,9:32:48.308281811,T,308.2,360,309.23,160,IBM
2025-12-10,9:32:48.308316946,T,308.2,360,308.94,40,IBM
2025-12-10,9:32:51.206511478,T,308.2,400,308.94,40,IBM
2025-12-10,9:32:51.210696446,T,308.2,360,308.94,40,IBM
2025-12-10,9:32:51.210706358,T,308.2,360,308.81,40,IBM
2025-12-10,9:32:51.211127433,T,308.2,360,308.81,80,IBM
2025-12-10,9:32:51.211137435,T,308.2,360,308.81,120,IBM
2025-12-10,9:32:51.227280888,T,308.2,360,308.81,80,IBM
2025-12-10,9:32:51.300029053,T,308.2,240,308.81,80,IBM
2025-12-10,9:32:51.300049080,T,308.2,240,308.59,40,IBM
2025-12-10,9:32:51.300114312,T,308.2,240,308.51,40,IBM
2025-12-10,9:32:51.300916148,T,308.2,240,308.59,40,IBM
2025-12-10,9:32:51.300921234,T,308.2,240,308.51,40,IBM
2025-12-10,9:32:51.300941264,T,308.2,80,308.51,40,IBM
2025-12-10,9:32:51.300966452,T,307.5,40,308.51,40,IBM
2025-12-10,9:32:51.300986299,T,307.5,40,308.2,80,IBM
2025-12-10,9:32:51.301026440,T,307.5,40,308.2,40,IBM
2025-12-10,9:32:51.301041498,T,307.5,40,308.42,40,IBM
2025-12-10,9:32:51.301071532,T,307.53,40,308.42,40,IBM
2025-12-10,9:32:51.301081736,T,307.72,40,308.42,40,IBM
2025-12-10,9:32:51.301337198,T,307.72,40,308.51,40,IBM
2025-12-10,9:32:51.301502532,T,307.8,360,308.51,40,IBM
2025-12-10,9:32:51.305832910,T,308.2,80,308.51,40,IBM
2025-12-10,9:32:51.305877981,T,308.2,440,308.51,40,IBM
2025-12-10,9:32:51.310965038,T,308.2,440,308.81,40,IBM
2025-12-10,9:32:51.310985086,T,308.2,440,308.94,40,IBM
2025-12-10,9:32:51.321530212,T,308.2,440,308.79,40,IBM
2025-12-10,9:32:51.321755757,T,308.2,440,308.79,80,IBM
2025-12-10,9:32:51.321956252,T,308.2,440,308.79,120,IBM
2025-12-10,9:32:51.845111713,T,308.2,440,308.79,80,IBM
2025-12-10,9:32:51.845136686,T,308.2,360,308.79,80,IBM
2025-12-10,9:32:51.845167096,T,308.2,360,308.78,40,IBM
2025-12-10,9:32:51.845673021,T,308.2,360,308.78,80,IBM
2025-12-10,9:32:51.846093988,T,308.2,360,308.78,120,IBM
2025-12-10,9:32:52.013216825,T,308.2,360,308.78,200,IBM
2025-12-10,9:32:52.116703180,T,308.2,360,308.78,160,IBM
2025-12-10,9:32:52.116788386,T,308.2,360,308.77,40,IBM
2025-12-10,9:32:52.117264568,T,308.2,360,308.77,80,IBM
2025-12-10,9:32:52.117685519,T,308.2,360,308.77,120,IBM
2025-12-10,9:32:52.301417971,T,308.2,360,308.77,80,IBM
2025-12-10,9:32:52.301889109,T,308.2,360,308.76,40,IBM
2025-12-10,9:32:52.307692860,T,308.2,360,308.76,80,IBM
2025-12-10,9:32:53.134646604,T,308.2,360,308.76,120,IBM
2025-12-10,9:32:57.465266178,T,308.2,360,308.76,80,IBM
2025-12-10,9:32:57.465491666,T,308.2,360,308.76,40,IBM
2025-12-10,9:33:07.737625719,T,307.82,160,308.76,40,IBM
2025-12-10,9:33:07.737635694,T,308.22,40,308.76,40,IBM
2025-12-10,9:33:07.737645738,T,308.22,400,308.76,40,IBM
2025-12-10,9:33:07.737996602,T,308.22,360,308.76,40,IBM
2025-12-10,9:33:07.741875841,T,307.82,160,308.76,40,IBM
2025-12-10,9:33:07.741900947,T,308.23,360,308.76,40,IBM
2025-12-10,9:33:07.848710123,T,308.23,360,308.84,40,IBM
2025-12-10,9:33:12.141805215,T,308.23,360,308.51,40,IBM
2025-12-10,9:33:17.423924796,T,307.82,160,308.51,40,IBM
2025-12-10,9:33:17.423934857,T,308.23,40,308.51,40,IBM
2025-12-10,9:33:17.423949815,T,308.47,360,308.51,40,IBM
2025-12-10,9:33:17.423979960,T,308.47,280,308.51,40,IBM
2025-12-10,9:33:17.424005054,T,308.35,40,308.51,40,IBM
2025-12-10,9:33:17.424030105,T,308.47,280,308.51,40,IBM
2025-12-10,9:33:17.424040058,T,308.35,40,308.51,40,IBM
2025-12-10,9:33:17.424065243,T,308.47,280,308.51,40,IBM
2025-12-10,9:33:17.424065243,T,308.47,200,308.51,40,IBM
2025-12-10,9:33:17.424095170,T,308.35,40,308.51,40,IBM
2025-12-10,9:33:17.424305759,T,307.82,160,308.51,40,IBM
2025-12-10,9:33:17.427367999,T,307.83,40,308.51,40,IBM
2025-12-10,9:33:17.427388104,T,307.82,160,308.51,40,IBM
2025-12-10,9:33:17.427403067,T,307.83,40,308.51,40,IBM
2025-12-10,9:33:17.427428116,T,308.48,80,308.51,40,IBM
2025-12-10,9:33:17.427443202,T,308.48,80,308.53,40,IBM
2025-12-10,9:33:17.427463219,T,308.48,80,309.01,160,IBM
2025-12-10,9:33:17.427483312,T,308.49,80,309.01,160,IBM
2025-12-10,9:33:17.428184916,T,308.49,80,309.7,40,IBM
2025-12-10,9:33:17.428190010,T,308.49,80,309.22,160,IBM
2025-12-10,9:33:17.428485638,T,308.49,80,308.76,40,IBM
2025-12-10,9:33:17.448022190,T,308.49,80,309.22,160,IBM
2025-12-10,9:33:17.657551084,T,308.49,80,309.22,200,IBM
2025-12-10,9:33:18.116799311,T,308.49,80,309.22,160,IBM
2025-12-10,9:33:18.336808091,T,308.48,80,309.22,160,IBM
2025-12-10,9:33:23.685150328,T,308.48,80,309.12,40,IBM
2025-12-10,9:33:24.119764942,T,308.03,160,309.12,40,IBM
2025-12-10,9:33:24.138599799,T,308.03,160,309.22,160,IBM
2025-12-10,9:33:29.297756714,T,308.03,160,308.76,40,IBM
2025-12-10,9:33:35.340066513,T,308.03,160,308.75,40,IBM
2025-12-10,9:33:35.340086441,T,308.03,160,308.64,40,IBM
2025-12-10,9:33:35.340096389,T,308.03,160,308.63,40,IBM
2025-12-10,9:33:35.340487390,T,308.03,160,308.64,40,IBM
2025-12-10,9:33:35.344552079,T,308.03,160,308.76,40,IBM
2025-12-10,9:33:35.909206116,T,308.03,160,309.22,160,IBM
2025-12-10,9:33:36.168398167,T,308.03,160,308.45,40,IBM
2025-12-10,9:33:36.168623683,T,307.53,40,308.45,40,IBM
2025-12-10,9:33:36.168633748,T,307.81,160,308.45,40,IBM
2025-12-10,9:33:36.279708118,T,307.81,160,309.22,160,IBM
2025-12-10,9:33:36.328163458,T,307.81,160,308.76,40,IBM
2025-12-10,9:33:36.785442095,T,307.81,160,308.45,40,IBM
2025-12-10,9:33:38.040339372,T,307.81,160,308.44,40,IBM
2025-12-10,9:33:38.040359499,T,307.81,160,308.33,40,IBM
2025-12-10,9:33:39.040776080,T,307.81,160,308.44,40,IBM
2025-12-10,9:33:39.040806048,T,307.81,160,309.22,160,IBM
2025-12-10,9:33:39.041217099,T,307.81,160,308.45,40,IBM
2025-12-10,9:33:39.143996812,T,307.81,160,308.45,80,IBM
2025-12-10,9:33:39.144472839,T,307.81,160,308.45,40,IBM
2025-12-10,9:33:57.379744030,T,307.81,160,309.0,160,IBM
2025-12-10,9:33:58.384811799,T,307.81,160,308.45,40,IBM
2025-12-10,9:34:15.387864504,T,307.81,160,308.45,120,IBM
2025-12-10,9:34:20.602684019,T,308.31,240,308.45,120,IBM
2025-12-10,9:34:20.602704040,T,308.31,160,308.45,120,IBM
2025-12-10,9:34:20.602714126,T,307.81,160,308.45,120,IBM
2025-12-10,9:34:20.605565932,T,307.81,160,308.45,160,IBM
2025-12-10,9:34:21.159494668,T,307.81,160,308.38,40,IBM
2025-12-10,9:34:27.847250155,T,307.81,160,308.38,80,IBM
2025-12-10,9:34:31.078738043,T,308.16,40,308.38,80,IBM
2025-12-10,9:34:31.078748114,T,308.16,40,308.38,40,IBM
2025-12-10,9:34:31.078758202,T,308.16,40,308.45,80,IBM
2025-12-10,9:34:31.078768164,T,308.25,40,308.45,80,IBM
2025-12-10,9:34:31.079023795,T,308.25,80,308.45,80,IBM
2025-12-10,9:34:31.079078893,T,308.31,40,308.45,80,IBM
2025-12-10,9:34:31.079189259,T,308.25,40,308.45,80,IBM
2025-12-10,9:34:31.079194224,T,307.81,160,308.45,80,IBM
2025-12-10,9:34:31.079244259,T,307.81,160,308.4,40,IBM
2025-12-10,9:34:31.079530032,T,308.16,40,308.4,40,IBM
2025-12-10,9:34:31.117941369,T,308.16,40,308.82,160,IBM
2025-12-10,9:34:31.118512729,T,308.28,40,308.82,160,IBM
2025-12-10,9:34:31.118577933,T,308.3,40,308.82,160,IBM
2025-12-10,9:34:31.122386948,T,308.28,120,308.82,160,IBM
2025-12-10,9:34:31.122417030,T,308.28,80,308.82,160,IBM
2025-12-10,9:34:31.124772735,T,308.28,40,308.82,160,IBM
2025-12-10,9:34:31.135518216,T,307.81,160,308.82,160,IBM
2025-12-10,9:34:31.135548502,T,307.81,160,308.76,40,IBM
2025-12-10,9:34:31.136405322,T,307.81,160,308.76,80,IBM
2025-12-10,9:34:31.777551700,T,307.81,160,308.76,40,IBM
2025-12-10,9:34:32.868649195,T,307.81,160,308.75,40,IBM
2025-12-10,9:34:32.868654328,T,307.81,160,308.76,80,IBM
2025-12-10,9:34:32.868654328,T,307.81,160,308.54,40,IBM
2025-12-10,9:34:32.869000002,T,307.81,160,308.54,80,IBM
2025-12-10,9:34:32.869000002,T,307.81,160,308.54,40,IBM
2025-12-10,9:34:32.869005078,T,307.81,160,308.76,40,IBM
2025-12-10,9:34:32.869120255,T,307.81,160,308.54,40,IBM
2025-12-10,9:34:32.871526037,T,307.81,160,308.54,80,IBM
2025-12-10,9:34:32.872157532,T,307.81,160,308.54,40,IBM
2025-12-10,9:34:35.076465396,T,307.81,160,308.54,120,IBM
2025-12-10,9:34:35.856973317,T,307.81,160,308.42,40,IBM
2025-12-10,9:34:37.949710276,T,307.81,160,308.54,80,IBM
2025-12-10,9:34:47.663329667,T,307.81,160,308.23,40,IBM
2025-12-10,9:34:47.663605258,T,307.81,160,308.23,80,IBM
2025-12-10,9:34:47.663655425,T,307.81,160,308.23,40,IBM
2025-12-10,9:34:47.665645180,T,307.5,40,308.23,40,IBM
2025-12-10,9:34:47.665650188,T,307.61,160,308.23,40,IBM
2025-12-10,9:34:47.800932200,T,307.61,160,308.54,80,IBM
2025-12-10,9:34:48.586978517,T,307.61,160,308.09,40,IBM
2025-12-10,9:34:48.587203963,T,307.61,160,308.09,80,IBM
2025-12-10,9:34:48.587499758,T,307.61,160,308.09,40,IBM
2025-12-10,9:34:48.588547191,T,307.61,160,308.08,40,IBM
2025-12-10,9:34:48.589745021,T,307.61,160,308.08,80,IBM
2025-12-10,9:34:48.590882817,T,307.61,160,308.08,40,IBM
2025-12-10,9:34:48.590982959,T,307.35,40,308.08,40,IBM
2025-12-10,9:34:48.590988072,T,307.43,160,308.08,40,IBM
2025-12-10,9:34:49.055062807,T,307.43,160,308.08,80,IBM
2025-12-10,9:34:49.118503834,T,307.43,160,308.08,40,IBM
2025-12-10,9:34:49.772626084,T,307.43,160,308.08,80,IBM
2025-12-10,9:34:52.679135518,T,307.5,40,308.08,80,IBM
2025-12-10,9:34:53.990898356,T,307.5,40,307.95,80,IBM
2025-12-10,9:34:54.042952257,T,307.5,40,308.08,80,IBM
2025-12-10,9:34:55.058098808,T,307.5,40,308.08,40,IBM
2025-12-10,9:34:55.669724784,T,307.43,160,308.08,40,IBM
2025-12-10,9:34:58.040989829,T,307.43,160,307.95,80,IBM
2025-12-10,9:34:59.023182957,T,307.43,160,308.08,40,IBM
2025-12-10,9:34:59.025618834,T,307.43,160,307.95,40,IBM
2025-12-10,9:35:00.022737514,T,307.43,160,308.08,40,IBM
2025-12-10,9:35:00.023649719,T,307.43,160,308.0,40,IBM
2025-12-10,9:35:00.129491624,T,307.43,160,307.93,40,IBM
2025-12-10,9:35:01.024592554,T,307.43,160,308.08,40,IBM
2025-12-10,9:35:01.720604537,T,307.43,160,308.0,40,IBM
2025-12-10,9:35:02.258835903,T,307.43,160,307.88,40,IBM
2025-12-10,9:35:02.263055895,T,307.43,160,307.91,40,IBM
2025-12-10,9:35:02.270739273,T,307.43,160,307.85,40,IBM
2025-12-10,9:35:02.271741866,T,307.35,40,307.85,40,IBM
2025-12-10,9:35:02.271997285,T,307.23,200,307.85,40,IBM
2025-12-10,9:35:02.278232025,T,307.23,200,307.93,40,IBM
2025-12-10,9:35:02.300264546,T,307.55,40,307.93,40,IBM
2025-12-10,9:35:02.376581190,T,307.23,200,307.93,40,IBM
2025-12-10,9:35:02.945600937,T,307.55,40,307.93,40,IBM
2025-12-10,9:35:03.106012810,T,307.23,200,307.93,40,IBM
2025-12-10,9:35:03.106438810,T,307.23,200,307.93,80,IBM
2025-12-10,9:35:04.810705995,T,307.23,200,307.93,40,IBM
2025-12-10,9:35:05.028529583,T,307.23,200,307.91,40,IBM
2025-12-10,9:35:06.428011124,T,307.23,200,308.08,40,IBM
2025-12-10,9:35:08.118320091,T,307.52,40,308.08,40,IBM
2025-12-10,9:35:09.024642674,T,307.52,40,307.82,80,IBM
2025-12-10,9:35:09.821369409,T,307.52,40,308.08,40,IBM
2025-12-10,9:35:12.262646132,T,307.52,40,308.0,40,IBM
2025-12-10,9:35:12.941372040,T,307.52,40,307.93,40,IBM
2025-12-10,9:35:13.817121734,T,307.52,40,307.82,80,IBM
2025-12-10,9:35:17.737835397,T,307.55,40,307.82,80,IBM
2025-12-10,9:35:18.030597335,T,307.52,40,307.82,80,IBM
2025-12-10,9:35:22.979859559,T,307.52,40,307.91,40,IBM
2025-12-10,9:35:23.776992407,T,307.52,40,307.9,40,IBM
2025-12-10,9:35:24.877026164,T,307.52,40,307.85,40,IBM
2025-12-10,9:35:24.900933055,T,307.52,40,307.85,80,IBM
2025-12-10,9:35:26.118772340,T,307.23,200,307.85,80,IBM
2025-12-10,9:35:26.119479027,T,307.52,40,307.85,80,IBM
2025-12-10,9:35:27.576176907,T,307.52,40,307.85,40,IBM
2025-12-10,9:35:29.382321513,T,307.52,40,307.7,80,IBM
2025-12-10,9:35:31.268055854,T,307.52,40,308.08,40,IBM
2025-12-10,9:35:36.944749612,T,307.52,40,307.7,80,IBM
2025-12-10,9:35:37.369505799,T,307.52,40,308.08,40,IBM
2025-12-10,9:35:37.369977008,T,307.6,40,308.08,40,IBM
2025-12-10,9:35:37.374427570,T,307.52,40,308.08,40,IBM
2025-12-10,9:35:37.385077872,T,307.62,40,308.08,40,IBM
2025-12-10,9:35:37.385107966,T,307.67,40,308.08,40,IBM
2025-12-10,9:35:37.385468881,T,307.52,40,308.08,40,IBM
2025-12-10,9:35:37.386035206,T,307.55,40,308.08,40,IBM
2025-12-10,9:35:37.624868772,T,307.52,40,308.08,40,IBM
2025-12-10,9:35:39.240359743,T,307.52,40,307.82,40,IBM
2025-12-10,9:35:39.240845865,T,307.52,40,307.82,80,IBM
2025-12-10,9:35:39.717736200,T,307.52,40,307.82,40,IBM
2025-12-10,9:35:40.535738577,T,307.52,40,308.08,40,IBM
2025-12-10,9:35:44.727848261,T,307.6,40,308.08,40,IBM
2025-12-10,9:35:44.730284158,T,307.6,40,308.02,40,IBM
2025-12-10,9:35:45.722005019,T,307.6,40,308.08,40,IBM
2025-12-10,9:36:01.205805993,T,307.6,40,307.85,80,IBM
2025-12-10,9:36:04.289071119,T,307.52,40,307.85,80,IBM
2025-12-10,9:36:09.040016115,T,307.52,40,308.08,40,IBM
2025-12-10,9:36:09.043464332,T,307.57,40,308.08,40,IBM
2025-12-10,9:36:09.391948887,T,307.52,40,308.08,40,IBM
2025-12-10,9:36:10.217499268,T,307.52,40,307.85,80,IBM
2025-12-10,9:36:14.130750156,T,307.52,40,307.84,80,IBM
2025-12-10,9:36:16.303983793,T,307.52,40,307.85,80,IBM
2025-12-10,9:36:19.112955972,T,307.52,40,307.83,40,IBM
2025-12-10,9:36:19.118188337,T,307.54,40,307.83,40,IBM
2025-12-10,9:36:20.024826675,T,307.54,40,307.85,80,IBM
2025-12-10,9:36:20.173154843,T,307.54,40,308.08,40,IBM
2025-12-10,9:36:20.218557974,T,307.54,40,307.83,80,IBM
2025-12-10,9:36:21.305605830,T,307.54,40,307.83,160,IBM
2025-12-10,9:36:21.934061959,T,307.54,40,307.83,80,IBM
2025-12-10,9:36:25.930044906,T,307.54,40,307.83,160,IBM
2025-12-10,9:36:29.753552149,T,307.54,40,307.83,200,IBM
2025-12-10,9:36:30.152872822,T,307.54,40,307.7,40,IBM
2025-12-10,9:36:30.153208568,T,307.52,40,307.7,40,IBM
2025-12-10,9:36:30.153238690,T,307.52,40,307.69,40,IBM
2025-12-10,9:36:30.153243651,T,307.5,40,307.69,40,IBM
2025-12-10,9:36:30.153243651,T,307.5,40,307.69,80,IBM
2025-12-10,9:36:30.153253674,T,307.52,40,307.69,80,IBM
2025-12-10,9:36:30.153484312,T,307.36,40,307.69,80,IBM
2025-12-10,9:36:30.153764930,T,307.25,40,307.69,80,IBM
2025-12-10,9:36:30.153770091,T,307.23,160,307.69,80,IBM
2025-12-10,9:36:30.153785290,T,307.23,160,307.69,120,IBM
2025-12-10,9:36:30.154080645,T,307.23,160,307.69,80,IBM
2025-12-10,9:36:30.154080645,T,307.23,160,307.57,40,IBM
2025-12-10,9:36:30.154085643,T,307.23,160,307.57,80,IBM
2025-12-10,9:36:30.154401430,T,307.23,160,307.56,40,IBM
2025-12-10,9:36:30.155920023,T,307.1,240,307.56,40,IBM
2025-12-10,9:36:30.173802587,T,307.1,240,307.56,80,IBM
2025-12-10,9:36:30.220273180,T,307.1,240,307.56,160,IBM
2025-12-10,9:36:30.254459646,T,307.1,240,307.56,120,IBM
2025-12-10,9:36:30.260233359,T,307.1,240,307.56,80,IBM
2025-12-10,9:36:33.538146758,T,307.1,240,307.47,40,IBM
2025-12-10,9:36:33.538186908,T,307.1,240,307.46,40,IBM
2025-12-10,9:36:33.538693117,T,307.1,240,307.45,40,IBM
2025-12-10,9:36:33.538783354,T,307.1,240,307.43,40,IBM
2025-12-10,9:36:33.538823659,T,307.1,240,307.36,40,IBM
2025-12-10,9:36:33.721793978,T,307.1,240,307.33,40,IBM
2025-12-10,9:36:33.722014470,T,307.1,240,307.33,80,IBM
2025-12-10,9:36:33.722280156,T,307.1,240,307.24,40,IBM
2025-12-10,9:36:33.722340271,T,306.73,200,307.24,40,IBM
2025-12-10,9:36:33.722355277,T,306.73,160,307.24,40,IBM
2025-12-10,9:36:33.722565816,T,306.73,160,307.24,80,IBM
2025-12-10,9:36:33.733321476,T,306.73,160,307.24,120,IBM
2025-12-10,9:36:33.733346497,T,306.73,160,307.24,80,IBM
2025-12-10,9:36:33.733346497,T,306.73,160,307.08,40,IBM
2025-12-10,9:36:33.733592213,T,306.45,40,307.08,40,IBM
2025-12-10,9:36:33.746056788,T,306.56,80,307.08,40,IBM
2025-12-10,9:36:33.784894230,T,306.56,80,307.33,40,IBM
2025-12-10,9:36:33.784899276,T,306.73,40,307.33,40,IBM
2025-12-10,9:36:33.784914235,T,306.73,40,307.56,80,IBM
2025-12-10,9:36:33.784924314,T,306.7,40,307.56,80,IBM
2025-12-10,9:36:33.784934314,T,306.87,40,307.56,80,IBM
2025-12-10,9:36:33.835685179,T,306.87,40,307.34,40,IBM
2025-12-10,9:36:33.885363401,T,306.87,40,307.34,80,IBM
2025-12-10,9:36:34.035270211,T,306.87,40,307.34,40,IBM
2025-12-10,9:36:34.508652229,T,306.7,40,307.34,40,IBM
2025-12-10,9:36:34.722185538,T,306.82,40,307.34,40,IBM
2025-12-10,9:36:34.722606553,T,306.82,40,307.56,80,IBM
2025-12-10,9:36:34.723308274,T,306.83,40,307.56,80,IBM
2025-12-10,9:36:34.845734791,T,306.83,40,307.56,120,IBM
2025-12-10,9:36:34.845809920,T,306.7,40,307.56,120,IBM
2025-12-10,9:36:34.846085630,T,306.83,40,307.56,120,IBM
2025-12-10,9:36:34.847574176,T,306.7,40,307.56,120,IBM
2025-12-10,9:36:35.051419439,T,306.7,40,307.56,80,IBM
2025-12-10,9:36:39.157810197,T,306.87,40,307.56,80,IBM
2025-12-10,9:36:42.714216522,T,306.91,40,307.56,80,IBM
2025-12-10,9:36:42.714221583,T,307.09,40,307.56,80,IBM
2025-12-10,9:36:42.714226552,T,307.09,80,307.56,80,IBM
2025-12-10,9:36:42.716291475,T,307.09,40,307.56,80,IBM
2025-12-10,9:36:45.896317228,T,306.91,40,307.56,80,IBM
2025-12-10,9:36:45.896542437,T,306.91,40,307.56,120,IBM
2025-12-10,9:36:46.512112991,T,306.66,200,307.56,120,IBM
2025-12-10,9:36:46.931516400,T,307.08,40,307.56,120,IBM
2025-12-10,9:36:48.448933778,T,307.1,40,307.56,120,IBM
2025-12-10,9:36:48.448973867,T,307.08,40,307.56,120,IBM
2025-12-10,9:36:48.448973867,T,307.24,40,307.56,120,IBM
2025-12-10,9:36:48.449855991,T,307.09,40,307.56,120,IBM
2025-12-10,9:36:48.449881009,T,307.08,40,307.56,120,IBM
2025-12-10,9:36:48.808344437,T,307.09,40,307.56,120,IBM
2025-12-10,9:36:49.622783247,T,307.08,40,307.56,120,IBM
2025-12-10,9:36:49.623204324,T,307.08,40,307.56,80,IBM
2025-12-10,9:36:49.623234326,T,307.11,40,307.56,80,IBM
2025-12-10,9:36:49.803799663,T,307.08,40,307.56,80,IBM
2025-12-10,9:36:49.803949918,T,307.08,40,307.83,80,IBM
2025-12-10,9:36:49.803974672,T,307.34,40,307.83,80,IBM
2025-12-10,9:36:49.803989642,T,307.35,40,307.83,80,IBM
2025-12-10,9:36:49.804300464,T,307.5,40,307.83,80,IBM
2025-12-10,9:36:49.808781064,T,307.45,40,307.83,80,IBM
2025-12-10,9:36:50.559793940,T,307.45,40,307.8,40,IBM
2025-12-10,9:36:50.559809024,T,307.11,40,307.8,40,IBM
2025-12-10,9:36:50.756772889,T,307.39,40,307.8,40,IBM
2025-12-10,9:36:51.090893234,T,307.08,40,307.8,40,IBM
2025-12-10,9:37:00.007054499,T,307.08,40,307.7,40,IBM
2025-12-10,9:37:00.007811290,T,307.08,40,307.59,40,IBM
2025-12-10,9:37:00.010417461,T,307.08,40,307.57,40,IBM
2025-12-10,9:37:00.010482604,T,307.09,40,307.57,40,IBM
2025-12-10,9:37:00.010497789,T,307.09,40,307.71,40,IBM
2025-12-10,9:37:00.010512663,T,307.1,40,307.71,40,IBM
2025-12-10,9:37:00.011199363,T,307.1,40,307.8,40,IBM
2025-12-10,9:37:00.011234366,T,307.1,40,307.8,80,IBM
2025-12-10,9:37:00.012261864,T,307.1,40,307.8,40,IBM
2025-12-10,9:37:00.228361315,T,307.08,40,307.8,40,IBM
2025-12-10,9:37:00.228541701,T,307.1,40,307.8,40,IBM
2025-12-10,9:37:00.228571794,T,307.09,40,307.8,40,IBM
2025-12-10,9:37:00.228601888,T,307.09,40,307.7,40,IBM
2025-12-10,9:37:00.381054836,T,307.09,40,307.8,40,IBM
2025-12-10,9:37:00.464027365,T,307.09,40,307.76,40,IBM
2025-12-10,9:37:00.464057421,T,307.08,40,307.76,40,IBM
2025-12-10,9:37:00.522411327,T,307.09,40,307.76,40,IBM
2025-12-10,9:37:00.728632295,T,307.08,40,307.76,40,IBM
2025-12-10,9:37:00.728927907,T,307.09,40,307.76,40,IBM
2025-12-10,9:37:00.977083669,T,307.08,40,307.76,40,IBM
2025-12-10,9:37:01.033071970,T,307.09,40,307.76,40,IBM
2025-12-10,9:37:01.396431997,T,307.08,40,307.76,40,IBM
2025-12-10,9:37:01.754765096,T,307.08,40,308.01,200,IBM
2025-12-10,9:37:08.834273671,T,307.08,40,307.92,40,IBM
2025-12-10,9:37:08.834278791,T,307.08,40,307.57,40,IBM
2025-12-10,9:37:08.834303813,T,307.08,40,307.92,40,IBM
2025-12-10,9:37:08.834308851,T,307.08,40,307.57,40,IBM
2025-12-10,9:37:08.834674712,T,307.08,40,307.46,40,IBM
2025-12-10,9:37:08.834990460,T,307.08,40,307.57,40,IBM
2025-12-10,9:37:08.835115740,T,307.08,40,307.92,40,IBM
2025-12-10,9:37:09.098878700,T,307.08,40,307.54,40,IBM
2025-12-10,9:37:10.276356801,T,307.08,40,307.51,40,IBM
2025-12-10,9:37:17.639656099,T,307.08,40,307.92,40,IBM
2025-12-10,9:37:18.225475704,T,307.08,40,307.84,40,IBM
2025-12-10,9:37:18.226292675,T,307.08,40,307.29,40,IBM
2025-12-10,9:37:18.229926288,T,307.08,40,307.57,40,IBM
2025-12-10,9:37:18.229951341,T,307.08,40,307.92,40,IBM
2025-12-10,9:37:20.769922966,T,307.08,40,307.57,40,IBM
2025-12-10,9:37:21.295845001,T,307.08,40,307.28,40,IBM
2025-12-10,9:37:24.280811164,T,307.08,40,307.57,40,IBM
2025-12-10,9:37:25.759681719,T,307.08,40,307.28,40,IBM
2025-12-10,9:37:26.218098010,T,306.71,160,307.28,40,IBM
2025-12-10,9:37:29.118543040,T,307.03,40,307.28,40,IBM
2025-12-10,9:37:29.498652992,T,307.03,40,307.28,80,IBM
2025-12-10,9:37:32.269288667,T,307.03,40,307.28,40,IBM
2025-12-10,9:37:32.269288667,T,307.03,40,307.81,160,IBM
2025-12-10,9:37:32.269309094,T,307.27,80,307.81,160,IBM
2025-12-10,9:37:32.269534323,T,307.28,80,307.81,160,IBM
2025-12-10,9:37:32.269654929,T,307.16,40,307.81,160,IBM
2025-12-10,9:37:32.269654929,T,307.09,40,307.81,160,IBM
2025-12-10,9:37:32.269674695,T,307.08,40,307.81,160,IBM
2025-12-10,9:37:32.269679703,T,307.03,40,307.81,160,IBM
2025-12-10,9:37:32.269679703,T,307.03,40,307.81,200,IBM
2025-12-10,9:37:32.269694728,T,307.03,80,307.81,200,IBM
2025-12-10,9:37:32.269719730,T,307.03,40,307.81,200,IBM
2025-12-10,9:37:32.276791542,T,307.24,40,307.81,200,IBM
2025-12-10,9:37:32.276846661,T,307.24,40,307.81,160,IBM
2025-12-10,9:37:32.277362937,T,307.24,40,307.81,200,IBM
2025-12-10,9:37:32.277388003,T,307.03,80,307.81,200,IBM
2025-12-10,9:37:32.284940998,T,307.03,40,307.81,200,IBM
2025-12-10,9:37:32.290108271,T,307.03,40,307.81,160,IBM
2025-12-10,9:37:32.380834195,T,307.03,40,307.57,40,IBM
2025-12-10,9:37:34.339632445,T,307.03,40,307.55,40,IBM
2025-12-10,9:37:35.892443960,T,307.03,40,307.57,40,IBM
2025-12-10,9:37:36.119068477,T,306.88,160,307.57,40,IBM
2025-12-10,9:37:36.119745086,T,307.03,40,307.57,40,IBM
2025-12-10,9:37:47.573296763,T,307.03,40,307.55,80,IBM
2025-12-10,9:37:47.573331861,T,307.03,40,307.55,120,IBM
2025-12-10,9:37:47.856280465,T,307.03,40,307.55,40,IBM
2025-12-10,9:37:47.856305472,T,307.03,40,307.57,40,IBM
2025-12-10,9:37:50.136228205,T,307.25,40,307.57,40,IBM
2025-12-10,9:37:50.136363557,T,307.03,40,307.57,40,IBM
2025-12-10,9:37:50.136368763,T,307.39,40,307.57,40,IBM
2025-12-10,9:37:50.136413571,T,307.39,40,307.81,160,IBM
2025-12-10,9:37:50.136704301,T,307.43,40,307.81,160,IBM
2025-12-10,9:37:50.137240755,T,307.53,40,307.81,160,IBM
2025-12-10,9:37:50.137325758,T,307.53,40,308.08,40,IBM
2025-12-10,9:37:51.859345255,T,307.53,40,307.83,80,IBM
2025-12-10,9:37:51.859380308,T,307.53,40,307.83,120,IBM
2025-12-10,9:37:51.917057652,T,307.53,40,307.83,40,IBM
2025-12-10,9:37:51.917087755,T,307.53,40,308.08,40,IBM
2025-12-10,9:37:51.917689187,T,307.03,40,308.08,40,IBM
2025-12-10,9:37:51.917689187,T,307.71,40,308.08,40,IBM
2025-12-10,9:37:51.922219978,T,307.53,40,308.08,40,IBM
2025-12-10,9:37:51.927838357,T,307.24,40,308.08,40,IBM
2025-12-10,9:37:51.927868410,T,307.22,40,308.08,40,IBM
2025-12-10,9:37:57.981219303,T,307.3,160,308.08,40,IBM
2025-12-10,9:37:58.812723792,T,307.3,200,308.08,40,IBM
2025-12-10,9:38:01.856068781,T,307.72,40,308.08,40,IBM
2025-12-10,9:38:01.856279207,T,307.72,80,308.08,40,IBM
2025-12-10,9:38:02.102209693,T,307.72,40,308.08,40,IBM
2025-12-10,9:38:03.546738669,T,307.72,40,308.35,160,IBM
2025-12-10,9:38:06.290675922,T,307.73,40,308.35,160,IBM
2025-12-10,9:38:06.290695914,T,307.85,40,308.35,160,IBM
2025-12-10,9:38:06.291151974,T,307.85,80,308.35,160,IBM
2025-12-10,9:38:06.291287302,T,307.85,40,308.35,160,IBM
2025-12-10,9:38:06.291292406,T,307.95,40,308.35,160,IBM
2025-12-10,9:38:06.291332565,T,307.85,40,308.35,160,IBM
2025-12-10,9:38:06.291332565,T,308.01,40,308.35,160,IBM
2025-12-10,9:38:06.293587866,T,308.01,40,308.85,40,IBM
2025-12-10,9:38:06.293592821,T,308.01,40,308.69,160,IBM
2025-12-10,9:38:06.294770628,T,308.01,40,308.69,200,IBM
2025-12-10,9:38:06.299386632,T,307.94,40,308.69,200,IBM
2025-12-10,9:38:06.299411730,T,307.85,40,308.69,200,IBM
2025-12-10,9:38:06.299436739,T,307.85,40,308.54,80,IBM
2025-12-10,9:38:06.299476839,T,307.85,40,308.54,120,IBM
2025-12-10,9:38:06.301526666,T,307.55,40,308.54,120,IBM
2025-12-10,9:38:06.854974279,T,307.55,40,308.54,80,IBM
2025-12-10,9:38:07.160311177,T,307.55,40,308.47,80,IBM
2025-12-10,9:38:08.132756198,T,307.55,40,308.47,160,IBM
2025-12-10,9:38:08.873920493,T,307.55,40,308.47,240,IBM
2025-12-10,9:38:10.144445209,T,307.55,40,308.28,40,IBM
2025-12-10,9:38:10.144735916,T,307.55,40,308.27,40,IBM
2025-12-10,9:38:10.144765947,T,307.55,40,308.27,80,IBM
2025-12-10,9:38:10.152960440,T,307.52,200,308.27,80,IBM
2025-12-10,9:38:10.399011218,T,307.52,200,308.27,40,IBM
2025-12-10,9:38:10.399036223,T,307.52,200,308.28,40,IBM
2025-12-10,9:38:10.399066341,T,307.52,200,308.47,240,IBM
2025-12-10,9:38:10.399096372,T,307.52,200,308.47,160,IBM
2025-12-10,9:38:10.826283413,T,307.52,200,308.47,80,IBM
2025-12-10,9:38:11.154113799,T,307.55,40,308.47,80,IBM
2025-12-10,9:38:11.604370792,T,307.55,40,308.47,120,IBM
2025-12-10,9:38:14.473370770,T,307.55,40,308.47,160,IBM
2025-12-10,9:38:15.236336996,T,307.52,200,308.47,160,IBM
2025-12-10,9:38:15.236422212,T,307.52,200,308.46,40,IBM
2025-12-10,9:38:15.291142553,T,307.52,200,308.46,80,IBM
2025-12-10,9:38:21.609303671,T,307.59,40,308.46,80,IBM
2025-12-10,9:38:22.147088875,T,307.52,200,308.46,80,IBM
2025-12-10,9:38:26.735702694,T,307.55,40,308.46,80,IBM
2025-12-10,9:38:28.646551742,T,307.59,40,308.46,80,IBM
2025-12-10,9:38:34.714928280,T,307.59,40,308.45,80,IBM
2025-12-10,9:38:34.714963283,T,307.59,40,308.45,120,IBM
2025-12-10,9:38:35.496779488,T,307.59,40,308.45,40,IBM
2025-12-10,9:38:35.496809569,T,307.59,40,308.46,80,IBM
2025-12-10,9:38:36.278079525,T,307.59,40,308.41,40,IBM
2025-12-10,9:38:36.284324425,T,307.59,40,308.25,40,IBM
2025-12-10,9:38:36.288764966,T,307.59,40,308.41,40,IBM
2025-12-10,9:38:40.089252445,T,307.59,40,308.38,40,IBM
2025-12-10,9:38:41.465203074,T,307.59,40,308.41,40,IBM
2025-12-10,9:38:41.839083103,T,307.59,40,308.38,40,IBM
2025-12-10,9:38:42.454057156,T,307.59,40,308.41,40,IBM
2025-12-10,9:38:42.483953330,T,307.59,40,308.38,40,IBM
2025-12-10,9:38:43.442911231,T,307.59,40,308.41,40,IBM
2025-12-10,9:38:43.443497666,T,307.59,40,308.38,40,IBM
2025-12-10,9:38:44.431765313,T,307.59,40,308.41,40,IBM
2025-12-10,9:38:44.448525314,T,307.59,40,308.38,40,IBM
2025-12-10,9:38:45.420619430,T,307.59,40,308.41,40,IBM
2025-12-10,9:38:45.453753229,T,307.59,40,308.38,40,IBM
2025-12-10,9:38:46.409478489,T,307.59,40,308.41,40,IBM
2025-12-10,9:38:48.250405965,T,307.59,40,308.37,40,IBM
2025-12-10,9:38:48.387181654,T,307.59,40,308.41,40,IBM
2025-12-10,9:38:48.670360785,T,307.59,40,308.37,40,IBM
2025-12-10,9:38:49.220806125,T,307.55,40,308.37,40,IBM
2025-12-10,9:38:49.220836173,T,307.55,40,308.19,40,IBM
2025-12-10,9:38:49.220866390,T,307.55,40,308.18,40,IBM
2025-12-10,9:38:49.220911431,T,307.55,40,308.18,80,IBM
2025-12-10,9:38:49.221066762,T,307.52,200,308.18,80,IBM
2025-12-10,9:38:49.221337467,T,307.52,200,308.18,40,IBM
2025-12-10,9:38:49.221342435,T,307.52,200,308.1,40,IBM
2025-12-10,9:38:49.221342435,T,307.52,200,308.1,80,IBM
2025-12-10,9:38:49.221517887,T,307.52,200,308.1,40,IBM
2025-12-10,9:38:49.221517887,T,307.52,200,308.03,40,IBM
2025-12-10,9:38:49.221522883,T,307.52,200,308.03,80,IBM
2025-12-10,9:38:49.222354896,T,307.52,200,308.03,40,IBM
2025-12-10,9:38:49.222384911,T,307.71,40,308.03,40,IBM
2025-12-10,9:38:49.222384911,T,307.71,40,308.1,40,IBM
2025-12-10,9:38:49.222605473,T,307.71,40,308.18,40,IBM
2025-12-10,9:38:49.222635532,T,307.71,40,308.19,40,IBM
2025-12-10,9:38:49.225863166,T,307.71,40,308.36,40,IBM
2025-12-10,9:38:49.226344371,T,307.6,40,308.36,40,IBM
2025-12-10,9:38:49.228439293,T,307.71,40,308.36,40,IBM
2025-12-10,9:38:49.279094942,T,307.71,40,308.17,40,IBM
2025-12-10,9:38:49.279099980,T,307.71,40,308.17,80,IBM
2025-12-10,9:38:49.375739960,T,307.71,40,308.17,40,IBM
2025-12-10,9:38:49.376191060,T,307.6,40,308.17,40,IBM
2025-12-10,9:38:49.376526905,T,307.71,40,308.17,40,IBM
2025-12-10,9:38:49.402684140,T,307.59,40,308.17,40,IBM
2025-12-10,9:38:50.118568327,T,307.68,40,308.17,40,IBM
2025-12-10,9:38:52.342597892,T,307.68,40,308.51,40,IBM
2025-12-10,9:38:53.070616203,T,307.68,40,308.17,40,IBM
2025-12-10,9:38:53.331451965,T,307.68,40,308.51,40,IBM
2025-12-10,9:38:53.366650787,T,307.72,40,308.51,40,IBM
2025-12-10,9:38:53.468423043,T,307.72,40,308.17,40,IBM
2025-12-10,9:38:54.320311186,T,307.72,40,308.51,40,IBM
2025-12-10,9:38:54.558042069,T,307.72,40,308.17,40,IBM
2025-12-10,9:38:55.309165242,T,307.72,40,308.51,40,IBM
2025-12-10,9:38:55.733119466,T,307.72,40,308.17,40,IBM
2025-12-10,9:38:56.298014243,T,307.72,40,308.51,40,IBM
2025-12-10,9:38:56.399044792,T,307.72,40,308.17,40,IBM
2025-12-10,9:38:57.003338292,T,307.72,40,308.61,40,IBM
2025-12-10,9:38:59.918227615,T,307.72,40,308.56,160,IBM
2025-12-10,9:39:01.039441750,T,307.72,40,308.1,40,IBM
2025-12-10,9:39:05.137517687,T,307.69,40,308.1,40,IBM
2025-12-10,9:39:08.175043930,T,307.69,40,308.13,40,IBM
2025-12-10,9:39:14.537244877,T,307.69,40,308.56,160,IBM
2025-12-10,9:39:17.384217437,T,307.69,40,308.47,40,IBM
2025-12-10,9:39:18.038449890,T,307.69,40,308.51,40,IBM
2025-12-10,9:39:21.729717467,T,307.69,40,308.56,160,IBM
2025-12-10,9:39:24.766130965,T,307.69,40,308.51,40,IBM
2025-12-10,9:39:24.766166081,T,307.69,40,307.99,40,IBM
2025-12-10,9:39:24.774114973,T,307.69,40,308.51,40,IBM
2025-12-10,9:39:24.774235310,T,307.69,40,308.56,160,IBM
2025-12-10,9:39:26.158821408,T,307.72,40,308.56,160,IBM
2025-12-10,9:39:26.158821408,T,307.84,40,308.56,160,IBM
2025-12-10,9:39:26.158831431,T,307.87,40,308.56,160,IBM
2025-12-10,9:39:26.158841365,T,307.87,80,308.56,160,IBM
2025-12-10,9:39:26.158851497,T,307.87,40,308.56,160,IBM
2025-12-10,9:39:26.158896590,T,307.87,40,308.47,40,IBM
2025-12-10,9:39:26.158916619,T,307.69,80,308.47,40,IBM
2025-12-10,9:39:26.158921624,T,308.02,40,308.47,40,IBM
2025-12-10,9:39:26.159412832,T,308.02,40,308.51,40,IBM
2025-12-10,9:39:26.159788652,T,308.02,40,308.56,160,IBM
2025-12-10,9:39:26.159803953,T,307.87,40,308.56,160,IBM
2025-12-10,9:39:26.159803953,T,308.11,40,308.56,160,IBM
2025-12-10,9:39:26.160585618,T,308.11,40,308.61,40,IBM
2025-12-10,9:39:26.160836678,T,308.11,80,308.61,40,IBM
2025-12-10,9:39:26.160836678,T,308.11,40,308.61,40,IBM
2025-12-10,9:39:26.160836678,T,308.18,40,308.61,40,IBM
2025-12-10,9:39:26.160836678,T,308.18,40,308.73,40,IBM
2025-12-10,9:39:26.162314742,T,308.18,40,308.75,160,IBM
2025-12-10,9:39:26.169065782,T,308.18,40,308.64,80,IBM
2025-12-10,9:39:26.260849236,T,308.11,40,308.64,80,IBM
2025-12-10,9:39:26.262257640,T,308.11,80,308.64,80,IBM
2025-12-10,9:39:26.269008767,T,308.11,80,308.75,160,IBM
2025-12-10,9:39:27.161222668,T,308.11,80,308.65,160,IBM
2025-12-10,9:39:27.470498887,T,308.11,40,308.65,160,IBM
2025-12-10,9:39:27.624119617,T,308.11,40,308.65,200,IBM
2025-12-10,9:39:27.740291170,T,308.11,40,308.47,40,IBM
2025-12-10,9:39:27.740561812,T,308.1,40,308.47,40,IBM
2025-12-10,9:39:27.740742232,T,308.1,40,308.47,120,IBM
2025-12-10,9:39:29.118918269,T,307.69,40,308.47,120,IBM
2025-12-10,9:39:29.119599836,T,308.1,40,308.47,120,IBM
2025-12-10,9:39:30.432921390,T,308.12,40,308.47,120,IBM
2025-12-10,9:39:32.494268611,T,308.1,40,308.47,120,IBM
2025-12-10,9:39:32.495075520,T,308.11,80,308.47,120,IBM
2025-12-10,9:39:33.363883859,T,308.11,80,308.47,80,IBM
2025-12-10,9:39:33.364059263,T,308.29,80,308.47,80,IBM
2025-12-10,9:39:33.868585355,T,308.1,40,308.47,80,IBM
2025-12-10,9:39:33.868630422,T,308.1,40,308.47,120,IBM
2025-12-10,9:39:33.868665545,T,308.1,40,308.38,40,IBM
2025-12-10,9:39:34.365107433,T,308.1,40,308.37,40,IBM
2025-12-10,9:39:36.003337355,T,308.1,40,308.38,40,IBM
2025-12-10,9:39:36.003387530,T,308.1,40,308.75,160,IBM
2025-12-10,9:39:36.235048947,T,308.1,40,308.43,40,IBM
2025-12-10,9:39:37.829725381,T,308.1,40,308.75,160,IBM
2025-12-10,9:39:37.847202009,T,308.1,40,308.43,40,IBM
2025-12-10,9:39:41.367557474,T,308.1,40,308.43,80,IBM
2025-12-10,9:39:44.130725530,T,308.1,40,308.42,40,IBM
2025-12-10,9:39:44.130765647,T,308.1,40,308.42,80,IBM
2025-12-10,9:39:44.131166561,T,308.1,40,308.42,40,IBM
2025-12-10,9:39:44.131166561,T,308.1,40,308.34,40,IBM
2025-12-10,9:39:44.131166561,T,308.1,40,308.34,80,IBM
2025-12-10,9:39:44.237008605,T,308.1,40,308.34,40,IBM
2025-12-10,9:39:44.237549909,T,308.1,40,308.33,40,IBM
2025-12-10,9:39:44.237549909,T,308.1,40,308.33,80,IBM
2025-12-10,9:39:44.390203224,T,308.1,40,308.33,40,IBM
2025-12-10,9:39:45.272383431,T,308.1,40,308.34,40,IBM
2025-12-10,9:39:49.531913734,T,308.1,40,308.34,80,IBM
2025-12-10,9:39:50.147699618,T,308.1,40,308.34,40,IBM
2025-12-10,9:39:50.148075517,T,308.1,40,308.2,40,IBM
2025-12-10,9:39:50.148110555,T,308.1,40,308.2,80,IBM
2025-12-10,9:39:50.148200817,T,308.1,40,308.2,40,IBM
2025-12-10,9:39:50.148225853,T,308.1,40,308.34,40,IBM
2025-12-10,9:39:50.259776418,T,308.1,40,308.34,80,IBM
2025-12-10,9:39:50.259801474,T,308.1,40,308.34,40,IBM
2025-12-10,9:39:50.684677988,T,308.1,40,308.43,40,IBM
2025-12-10,9:39:51.063063747,T,308.1,40,308.47,40,IBM
2025-12-10,9:39:51.655559236,T,308.1,40,308.16,40,IBM
2025-12-10,9:39:51.655564323,T,308.1,40,308.34,40,IBM
2025-12-10,9:39:51.867965442,T,308.1,40,308.43,40,IBM
2025-12-10,9:39:51.867965442,T,308.1,40,308.47,40,IBM
2025-12-10,9:39:51.942873291,T,308.1,40,308.43,40,IBM
2025-12-10,9:39:52.043071728,T,308.1,40,308.47,40,IBM
2025-12-10,9:39:52.863124228,T,307.74,40,308.47,40,IBM
2025-12-10,9:39:52.863144123,T,308.1,40,308.47,40,IBM
2025-12-10,9:39:52.863194210,T,307.74,40,308.47,40,IBM
2025-12-10,9:39:52.864176533,T,307.71,160,308.47,40,IBM
2025-12-10,9:39:52.864206649,T,307.71,160,308.34,40,IBM
2025-12-10,9:39:52.864216779,T,307.71,160,308.33,40,IBM
2025-12-10,9:39:52.866151203,T,307.74,40,308.33,40,IBM
2025-12-10,9:39:52.866176325,T,307.74,40,308.43,40,IBM
2025-12-10,9:39:52.866186380,T,307.71,160,308.43,40,IBM
2025-12-10,9:39:52.866206388,T,307.71,160,308.34,40,IBM
2025-12-10,9:39:52.964229797,T,307.71,160,308.43,40,IBM
2025-12-10,9:39:52.964249839,T,307.71,160,308.47,40,IBM
2025-12-10,9:39:53.118737540,T,308.06,40,308.47,40,IBM
2025-12-10,9:39:54.459755011,T,308.06,40,308.31,40,IBM
2025-12-10,9:39:54.818789732,T,308.06,40,308.63,40,IBM
2025-12-10,9:39:54.818814788,T,308.07,40,308.63,40,IBM
2025-12-10,9:39:54.818824823,T,308.1,40,308.63,40,IBM
2025-12-10,9:39:54.818829772,T,308.1,40,308.73,40,IBM
2025-12-10,9:39:54.818849840,T,308.18,40,308.73,40,IBM
2025-12-10,9:39:54.818879922,T,308.2,40,308.73,40,IBM
2025-12-10,9:39:54.819546509,T,308.2,40,308.75,160,IBM
2025-12-10,9:39:54.819566597,T,308.31,40,308.75,160,IBM
2025-12-10,9:39:54.819902300,T,308.06,40,308.75,160,IBM
2025-12-10,9:39:54.819902300,T,308.39,40,308.75,160,IBM
2025-12-10,9:39:54.821541228,T,308.39,40,308.97,40,IBM
2025-12-10,9:39:54.821546319,T,308.39,40,308.96,160,IBM
2025-12-10,9:39:54.821571353,T,308.06,40,308.96,160,IBM
2025-12-10,9:39:54.821786860,T,308.35,40,308.96,160,IBM
2025-12-10,9:39:54.835980566,T,308.35,40,308.85,40,IBM
2025-12-10,9:39:54.836010642,T,308.35,40,308.96,200,IBM
2025-12-10,9:39:54.933562985,T,308.06,40,308.96,200,IBM
2025-12-10,9:39:55.155471159,T,308.18,40,308.96,200,IBM
2025-12-10,9:39:55.156293138,T,308.18,40,308.62,80,IBM
2025-12-10,9:39:55.191988145,T,308.18,40,308.62,120,IBM
2025-12-10,9:39:55.819231323,T,308.18,40,308.62,240,IBM
2025-12-10,9:39:55.819261389,T,308.06,40,308.62,240,IBM
2025-12-10,9:39:55.819652389,T,308.06,40,308.62,200,IBM
2025-12-10,9:39:55.819682425,T,308.1,40,308.62,200,IBM
2025-12-10,9:39:55.819742618,T,308.06,40,308.62,200,IBM
2025-12-10,9:39:55.819742618,T,308.19,40,308.62,200,IBM
2025-12-10,9:39:56.065382392,T,308.19,80,308.62,200,IBM
2025-12-10,9:39:56.065783262,T,308.19,80,308.62,240,IBM
2025-12-10,9:39:56.065818444,T,308.19,40,308.62,240,IBM
2025-12-10,9:39:56.118443713,T,308.19,80,308.62,240,IBM
2025-12-10,9:39:57.340262329,T,308.19,40,308.62,240,IBM
2025-12-10,9:39:57.340753508,T,308.2,40,308.62,240,IBM
2025-12-10,9:39:57.893434258,T,308.19,40,308.62,240,IBM
2025-12-10,9:39:57.978431534,T,308.19,80,308.62,240,IBM
2025-12-10,9:39:58.434427088,T,308.06,40,308.62,240,IBM
2025-12-10,9:39:58.479464299,T,308.2,40,308.62,240,IBM
2025-12-10,9:39:59.386087699,T,308.2,120,308.62,240,IBM
2025-12-10,9:39:59.386192982,T,308.2,120,308.62,160,IBM
2025-12-10,9:39:59.386192982,T,308.2,120,308.62,120,IBM
2025-12-10,9:39:59.386213333,T,308.2,120,308.85,40,IBM
2025-12-10,9:39:59.386218355,T,308.2,120,308.96,160,IBM
2025-12-10,9:39:59.386218355,T,308.2,160,308.96,160,IBM
2025-12-10,9:39:59.386223087,T,308.4,40,308.96,160,IBM
2025-12-10,9:39:59.386233013,T,308.4,80,308.96,160,IBM
2025-12-10,9:39:59.386278116,T,308.41,40,308.96,160,IBM
2025-12-10,9:39:59.387516075,T,308.41,40,308.92,80,IBM
2025-12-10,9:39:59.387876911,T,308.41,40,308.9,80,IBM
2025-12-10,9:39:59.389395599,T,308.41,40,308.9,160,IBM
2025-12-10,9:39:59.487779750,T,308.41,40,308.9,200,IBM
2025-12-10,9:39:59.521820815,T,308.41,40,308.9,160,IBM
2025-12-10,9:39:59.787322951,T,308.41,40,308.9,80,IBM
2025-12-10,9:39:59.787353029,T,308.41,40,309.22,160,IBM
2025-12-10,9:39:59.788074729,T,308.41,40,309.22,200,IBM
2025-12-10,9:39:59.871954360,T,308.41,40,309.22,160,IBM
2025-12-10,9:39:59.872079695,T,308.41,40,309.11,40,IBM
2025-12-10,9:40:00.001096837,T,308.41,40,309.11,80,IBM
2025-12-10,9:40:00.011256042,T,308.41,40,309.06,80,IBM
2025-12-10,9:40:00.040696140,T,308.41,40,309.06,120,IBM
2025-12-10,9:40:00.120300586,T,308.41,40,309.06,80,IBM
2025-12-10,9:40:00.386639756,T,308.41,40,309.06,280,IBM
2025-12-10,9:40:00.518483699,T,308.41,40,309.04,80,IBM
2025-12-10,9:40:00.518518807,T,308.41,40,309.03,40,IBM
2025-12-10,9:40:00.519641487,T,308.41,40,309.03,240,IBM
2025-12-10,9:40:00.549131638,T,308.24,40,309.03,240,IBM
2025-12-10,9:40:00.549161714,T,308.24,40,308.88,40,IBM
2025-12-10,9:40:00.549161714,T,308.2,40,308.88,40,IBM
2025-12-10,9:40:00.550154054,T,308.2,40,309.04,80,IBM
2025-12-10,9:40:00.550419741,T,308.2,40,308.88,80,IBM
2025-12-10,9:40:01.119168585,T,308.2,40,308.88,120,IBM
2025-12-10,9:40:01.120486908,T,308.46,80,308.88,120,IBM
2025-12-10,9:40:01.342064198,T,308.46,80,308.88,80,IBM
2025-12-10,9:40:01.342866167,T,308.58,80,308.88,80,IBM
2025-12-10,9:40:01.868743075,T,308.58,120,308.88,80,IBM
2025-12-10,9:40:01.873815171,T,308.61,40,308.88,80,IBM
2025-12-10,9:40:01.879588896,T,308.58,120,308.88,80,IBM
2025-12-10,9:40:02.231120690,T,308.58,80,308.88,80,IBM
2025-12-10,9:40:02.231757178,T,308.58,80,309.04,80,IBM
2025-12-10,9:40:02.231782260,T,308.6,40,309.04,80,IBM
2025-12-10,9:40:02.231792296,T,308.61,40,309.04,80,IBM
2025-12-10,9:40:02.231797274,T,308.61,80,309.04,80,IBM
2025-12-10,9:40:02.232318590,T,308.74,40,309.04,80,IBM
2025-12-10,9:40:02.232348682,T,308.74,40,309.22,160,IBM
2025-12-10,9:40:02.232353706,T,308.81,40,309.22,160,IBM
2025-12-10,9:40:02.232448969,T,308.82,40,309.22,160,IBM
2025-12-10,9:40:02.232839809,T,308.81,40,309.22,160,IBM
2025-12-10,9:40:02.238042142,T,308.81,40,309.6,40,IBM
2025-12-10,9:40:02.238047236,T,308.81,40,309.47,160,IBM
2025-12-10,9:40:02.243475082,T,308.81,40,309.47,200,IBM
2025-12-10,9:40:02.282282488,T,308.81,40,309.47,160,IBM
2025-12-10,9:40:02.332522141,T,308.67,80,309.47,160,IBM
2025-12-10,9:40:02.333228721,T,308.72,40,309.47,160,IBM
2025-12-10,9:40:02.437948072,T,308.67,80,309.47,160,IBM
2025-12-10,9:40:02.599337278,T,308.73,40,309.47,160,IBM
2025-12-10,9:40:03.103863349,T,308.67,80,309.47,160,IBM
2025-12-10,9:40:03.118372935,T,308.73,40,309.47,160,IBM
2025-12-10,9:40:03.132942570,T,308.73,40,309.34,80,IBM
2025-12-10,9:40:03.133373589,T,308.73,40,309.34,120,IBM
2025-12-10,9:40:03.232168834,T,308.73,40,309.34,320,IBM
2025-12-10,9:40:03.232193894,T,308.67,80,309.34,320,IBM
2025-12-10,9:40:03.232690003,T,308.72,40,309.34,320,IBM
2025-12-10,9:40:03.633624495,T,308.72,40,309.27,80,IBM
2025-12-10,9:40:03.633654595,T,308.67,80,309.27,80,IBM
2025-12-10,9:40:03.634376327,T,308.67,80,309.27,280,IBM
2025-12-10,9:40:03.634802335,T,308.67,80,309.27,320,IBM
2025-12-10,9:40:04.118814600,T,308.67,80,309.27,280,IBM
2025-12-10,9:40:05.589711165,T,308.7,40,309.27,280,IBM
2025-12-10,9:40:07.750760758,T,308.7,40,309.27,200,IBM
2025-12-10,9:40:08.479701093,T,308.67,80,309.27,200,IBM
2025-12-10,9:40:08.479701093,T,308.94,40,309.27,200,IBM
2025-12-10,9:40:08.480698522,T,308.83,80,309.27,200,IBM
2025-12-10,9:40:08.480908952,T,308.84,40,309.27,200,IBM
2025-12-10,9:40:08.784777396,T,308.83,80,309.27,200,IBM
2025-12-10,9:40:12.872032529,T,308.83,80,309.27,280,IBM
2025-12-10,9:40:13.611137027,T,308.84,40,309.27,280,IBM
2025-12-10,9:40:14.187699606,T,308.83,80,309.27,280,IBM
2025-12-10,9:40:18.857175779,T,308.83,80,309.27,240,IBM
2025-12-10,9:40:19.749008791,T,308.83,80,309.27,200,IBM
2025-12-10,9:40:20.421249209,T,308.84,40,309.27,200,IBM
2025-12-10,9:40:20.421324314,T,308.85,40,309.27,200,IBM
2025-12-10,9:40:20.421324314,T,309.03,40,309.27,200,IBM
2025-12-10,9:40:20.421369425,T,309.03,40,309.27,160,IBM
2025-12-10,9:40:20.422346799,T,308.64,40,309.27,160,IBM
2025-12-10,9:40:20.422406885,T,308.64,40,309.21,40,IBM
2025-12-10,9:40:20.422607378,T,308.64,40,309.21,80,IBM
2025-12-10,9:40:20.422612419,T,308.64,40,309.21,40,IBM
2025-12-10,9:40:20.422637440,T,308.57,40,309.21,40,IBM
2025-12-10,9:40:20.423283981,T,308.64,40,309.21,40,IBM
2025-12-10,9:40:20.423309033,T,308.64,40,309.27,80,IBM
2025-12-10,9:40:20.423444372,T,308.57,40,309.27,80,IBM
2025-12-10,9:40:20.424406704,T,308.57,40,309.27,40,IBM
2025-12-10,9:40:20.424436818,T,308.57,40,309.47,200,IBM
2025-12-10,9:40:20.428180704,T,308.57,40,309.07,80,IBM
2025-12-10,9:40:20.428200739,T,308.57,40,309.07,120,IBM
2025-12-10,9:40:20.428210720,T,308.57,40,309.07,80,IBM
2025-12-10,9:40:20.428270858,T,308.57,40,309.47,200,IBM
2025-12-10,9:40:20.428275911,T,308.57,40,309.47,160,IBM
2025-12-10,9:40:20.428441259,T,308.57,40,309.47,200,IBM
2025-12-10,9:40:20.428651818,T,308.57,40,309.47,160,IBM
2025-12-10,9:40:20.428651818,T,308.57,40,309.47,200,IBM
2025-12-10,9:40:20.428982604,T,308.57,40,309.47,160,IBM
2025-12-10,9:40:20.429388547,T,308.57,40,309.28,40,IBM
2025-12-10,9:40:20.678391337,T,308.57,40,309.47,160,IBM
2025-12-10,9:40:21.118955109,T,308.79,40,309.47,160,IBM
2025-12-10,9:40:27.286151950,T,308.83,40,309.47,160,IBM
2025-12-10,9:40:27.286748423,T,308.91,80,309.47,160,IBM
2025-12-10,9:40:27.386626108,T,308.91,120,309.47,160,IBM
2025-12-10,9:40:28.529085847,T,308.93,40,309.47,160,IBM
2025-12-10,9:40:28.529085847,T,308.94,40,309.47,160,IBM
2025-12-10,9:40:28.539550840,T,308.93,40,309.47,160,IBM
2025-12-10,9:40:28.539570904,T,308.91,80,309.47,160,IBM
2025-12-10,9:40:29.388947937,T,308.88,40,309.47,160,IBM
2025-12-10,9:40:29.529472464,T,308.88,40,309.21,80,IBM
2025-12-10,9:40:29.532654973,T,308.88,40,309.21,160,IBM
2025-12-10,9:40:29.594582448,T,308.88,40,309.21,80,IBM
2025-12-10,9:40:30.052547660,T,308.91,40,309.21,80,IBM
2025-12-10,9:40:32.316517344,T,308.88,40,309.21,80,IBM
2025-12-10,9:40:32.772157002,T,308.88,40,309.11,40,IBM
2025-12-10,9:40:32.772357573,T,308.88,80,309.11,40,IBM
2025-12-10,9:40:32.830480873,T,308.88,80,309.47,200,IBM
2025-12-10,9:40:35.005147918,T,308.88,40,309.47,200,IBM
2025-12-10,9:40:39.346187184,T,308.88,40,309.45,40,IBM
2025-12-10,9:40:39.349675604,T,308.88,40,309.23,40,IBM
2025-12-10,9:40:39.350637847,T,308.88,40,309.47,200,IBM
2025-12-10,9:40:39.370455044,T,308.85,40,309.47,200,IBM
2025-12-10,9:40:39.370500076,T,308.85,40,309.11,40,IBM
2025-12-10,9:40:39.370500076,T,308.85,40,309.09,40,IBM
2025-12-10,9:40:39.371011343,T,308.79,40,309.09,40,IBM
2025-12-10,9:40:39.371256930,T,308.79,40,309.09,80,IBM
2025-12-10,9:40:39.371286929,T,308.79,40,308.99,40,IBM
2025-12-10,9:40:39.379396313,T,308.79,40,309.09,40,IBM
2025-12-10,9:40:39.380148056,T,308.79,40,309.09,80,IBM
2025-12-10,9:40:39.448350484,T,308.79,40,309.09,160,IBM
2025-12-10,9:40:39.471024464,T,308.79,40,309.09,120,IBM
2025-12-10,9:40:39.471229905,T,308.57,40,309.09,120,IBM
2025-12-10,9:40:39.471239908,T,308.79,40,309.09,120,IBM
2025-12-10,9:40:39.471260313,T,308.79,40,308.99,40,IBM
2025-12-10,9:40:39.471264978,T,308.79,40,308.98,40,IBM
2025-12-10,9:40:39.471540684,T,308.79,40,309.09,120,IBM
2025-12-10,9:40:39.471540684,T,308.79,40,308.98,40,IBM
2025-12-10,9:40:39.471585749,T,308.79,40,308.9,40,IBM
2025-12-10,9:40:39.471646163,T,308.57,40,308.9,40,IBM
2025-12-10,9:40:39.471866461,T,308.57,40,309.09,120,IBM
2025-12-10,9:40:39.472081933,T,308.57,40,309.09,80,IBM
2025-12-10,9:40:39.571709148,T,308.77,40,309.09,80,IBM
2025-12-10,9:40:39.648772593,T,308.77,40,309.09,160,IBM
2025-12-10,9:40:39.649569489,T,308.78,40,309.09,160,IBM
2025-12-10,9:40:39.699768990,T,308.78,40,309.09,80,IBM
2025-12-10,9:40:45.892496507,T,308.78,40,309.47,200,IBM
2025-12-10,9:40:45.892501616,T,308.78,40,309.47,160,IBM
2025-12-10,9:40:45.892526476,T,308.79,40,309.47,160,IBM
2025-12-10,9:40:45.892531541,T,308.82,40,309.47,160,IBM
2025-12-10,9:40:45.892752075,T,308.94,40,309.47,160,IBM
2025-12-10,9:40:45.893253191,T,308.94,40,309.26,40,IBM
2025-12-10,9:40:45.893273268,T,308.82,40,309.26,40,IBM
2025-12-10,9:40:45.893343440,T,308.78,40,309.26,40,IBM
2025-12-10,9:40:45.893348444,T,308.94,40,309.26,40,IBM
2025-12-10,9:40:45.893543902,T,308.94,80,309.26,40,IBM
2025-12-10,9:40:45.897267846,T,308.94,40,309.26,40,IBM
2025-12-10,9:40:50.537750135,T,308.94,40,309.55,40,IBM
2025-12-10,9:40:50.537770098,T,308.94,40,309.65,40,IBM
2025-12-10,9:40:50.537790445,T,308.95,40,309.65,40,IBM
2025-12-10,9:40:50.537795193,T,309.1,40,309.65,40,IBM
2025-12-10,9:40:50.537805225,T,309.1,40,309.66,160,IBM
2025-12-10,9:40:50.538587141,T,309.1,80,309.66,160,IBM
2025-12-10,9:40:50.539719768,T,309.1,120,309.66,160,IBM
2025-12-10,9:40:50.546150140,T,309.1,80,309.66,160,IBM
2025-12-10,9:40:50.725331650,T,309.1,40,309.66,160,IBM
2025-12-10,9:40:51.538191835,T,309.1,40,309.66,360,IBM
2025-12-10,9:40:51.801658971,T,309.1,40,309.66,200,IBM
2025-12-10,9:40:54.303820560,T,309.1,40,309.53,120,IBM
2025-12-10,9:41:01.045354589,T,309.1,40,309.53,80,IBM
2025-12-10,9:41:01.167064286,T,309.1,40,309.53,40,IBM
2025-12-10,9:41:04.194962663,T,309.1,40,309.84,160,IBM
2025-12-10,9:41:06.641842564,T,309.1,40,309.6,40,IBM
2025-12-10,9:41:06.649956886,T,309.1,40,309.57,40,IBM
2025-12-10,9:41:07.252822143,T,309.1,40,309.84,160,IBM
2025-12-10,9:41:08.608845351,T,309.1,40,309.49,40,IBM
2025-12-10,9:41:20.973215085,T,309.1,40,309.56,40,IBM
2025-12-10,9:41:20.973220006,T,309.1,40,309.47,40,IBM
2025-12-10,9:41:20.973245163,T,309.1,40,309.56,40,IBM
2025-12-10,9:41:20.973380469,T,308.89,40,309.56,40,IBM
2025-12-10,9:41:20.973641021,T,308.89,40,309.47,40,IBM
2025-12-10,9:41:21.134769649,T,308.89,40,309.48,40,IBM
2025-12-10,9:41:21.135000204,T,308.93,40,309.48,40,IBM
2025-12-10,9:41:21.479936454,T,308.93,40,309.39,40,IBM
2025-12-10,9:41:21.480357415,T,308.93,40,309.39,80,IBM
2025-12-10,9:41:21.488045776,T,308.93,40,309.39,40,IBM
2025-12-10,9:41:21.947699889,T,308.93,80,309.39,40,IBM
2025-12-10,9:41:22.575018219,T,308.93,80,309.75,40,IBM
2025-12-10,9:41:24.623314515,T,308.93,80,309.7,40,IBM
2025-12-10,9:41:25.034478331,T,308.93,80,309.55,40,IBM
2025-12-10,9:41:25.040272112,T,308.93,80,309.5,40,IBM
2025-12-10,9:41:25.040282147,T,308.93,80,309.31,40,IBM
2025-12-10,9:41:25.040562762,T,308.93,40,309.31,40,IBM
2025-12-10,9:41:25.040582829,T,308.93,40,309.22,40,IBM
2025-12-10,9:41:25.040718300,T,308.89,40,309.22,40,IBM
2025-12-10,9:41:25.040743285,T,308.79,40,309.22,40,IBM
2025-12-10,9:41:25.040763268,T,308.79,40,309.22,80,IBM
2025-12-10,9:41:25.040778350,T,308.79,40,309.21,40,IBM
2025-12-10,9:41:25.040798327,T,308.79,40,309.08,40,IBM
2025-12-10,9:41:25.040828412,T,308.77,40,309.08,40,IBM
2025-12-10,9:41:25.048907721,T,308.77,40,309.21,40,IBM
2025-12-10,9:41:25.051739454,T,308.77,40,309.08,40,IBM
2025-12-10,9:41:25.051769531,T,308.77,40,309.04,40,IBM
2025-12-10,9:41:25.052055122,T,308.78,40,309.04,40,IBM
2025-12-10,9:41:25.052080179,T,308.78,40,309.34,40,IBM
2025-12-10,9:41:25.052496249,T,308.78,40,309.34,80,IBM
2025-12-10,9:41:25.055127476,T,308.78,40,309.34,120,IBM
2025-12-10,9:41:25.118778969,T,308.78,40,309.34,80,IBM
2025-12-10,9:41:25.118794095,T,308.78,40,309.34,40,IBM
2025-12-10,9:41:38.644312930,T,308.78,40,309.33,40,IBM
2025-12-10,9:41:41.056620521,T,308.78,40,309.34,40,IBM
2025-12-10,9:41:41.140710819,T,308.78,40,309.34,80,IBM
2025-12-10,9:41:41.140725812,T,308.78,40,309.34,40,IBM
2025-12-10,9:41:41.708286917,T,308.78,40,309.38,40,IBM
2025-12-10,9:41:43.840653242,T,308.78,40,309.38,80,IBM
2025-12-10,9:41:44.094332247,T,308.78,40,309.38,40,IBM
2025-12-10,9:41:44.716708806,T,308.78,40,309.43,40,IBM
2025-12-10,9:41:47.440678555,T,308.78,40,309.52,40,IBM
2025-12-10,9:41:47.441034392,T,308.78,40,309.38,40,IBM
2025-12-10,9:41:47.445114036,T,308.78,40,309.38,80,IBM
2025-12-10,9:41:47.827293926,T,308.78,40,309.38,40,IBM
2025-12-10,9:41:47.827599652,T,308.85,40,309.38,40,IBM
2025-12-10,9:41:51.634051124,T,308.85,40,309.38,80,IBM
2025-12-10,9:41:53.651258359,T,308.85,40,309.38,120,IBM
2025-12-10,9:41:53.651258359,T,308.85,40,309.38,80,IBM
2025-12-10,9:41:53.880714610,T,308.85,40,309.35,40,IBM
2025-12-10,9:41:58.633268678,T,308.85,40,309.52,40,IBM
2025-12-10,9:41:58.633689702,T,308.85,40,309.52,80,IBM
2025-12-10,9:41:58.755850493,T,308.85,40,309.52,40,IBM
2025-12-10,9:41:59.463359710,T,308.85,40,309.38,40,IBM
2025-12-10,9:41:59.730896644,T,308.85,40,309.52,40,IBM
2025-12-10,9:41:59.731192267,T,308.85,40,309.38,40,IBM
2025-12-10,9:41:59.899492985,T,308.85,40,309.52,40,IBM
2025-12-10,9:42:00.221108526,T,308.85,40,309.38,40,IBM
2025-12-10,9:42:00.505660960,T,308.85,40,309.52,40,IBM
2025-12-10,9:42:03.145841274,T,308.85,40,309.55,40,IBM
2025-12-10,9:42:03.145871277,T,308.85,40,309.57,40,IBM
2025-12-10,9:42:11.650743115,T,308.87,40,309.57,40,IBM
2025-12-10,9:42:14.281611105,T,308.77,80,309.57,40,IBM
2025-12-10,9:42:14.908518461,T,308.85,40,309.57,40,IBM
2025-12-10,9:42:15.009253258,T,308.85,40,309.32,40,IBM
2025-12-10,9:42:15.028834872,T,308.85,40,309.32,80,IBM
2025-12-10,9:42:15.108940598,T,308.85,40,309.32,40,IBM
2025-12-10,9:42:15.897232306,T,308.85,40,309.57,40,IBM
2025-12-10,9:42:17.015138537,T,308.85,40,309.32,40,IBM
2025-12-10,9:42:18.776276115,T,308.85,40,309.32,80,IBM
2025-12-10,9:42:19.215802497,T,308.85,40,309.32,40,IBM
2025-12-10,9:42:20.237429594,T,308.77,80,309.32,40,IBM
2025-12-10,9:42:20.238096175,T,308.77,40,309.32,40,IBM
2025-12-10,9:42:20.308298286,T,308.77,40,309.38,40,IBM
2025-12-10,9:42:20.308373444,T,308.77,40,309.32,40,IBM
2025-12-10,9:42:23.224360253,T,308.77,40,309.32,80,IBM
2025-12-10,9:42:24.114609594,T,308.83,40,309.32,80,IBM
2025-12-10,9:42:24.158148336,T,308.83,40,309.32,120,IBM
2025-12-10,9:42:24.874383289,T,308.83,40,309.32,80,IBM
2025-12-10,9:42:24.874398393,T,308.83,40,309.32,40,IBM
2025-12-10,9:42:32.164984378,T,308.77,40,309.32,40,IBM
2025-12-10,9:42:32.165365250,T,308.84,40,309.32,40,IBM
2025-12-10,9:42:32.346150557,T,308.84,40,309.57,40,IBM
2025-12-10,9:42:32.347007617,T,308.93,40,309.57,40,IBM
2025-12-10,9:42:32.347754557,T,308.93,80,309.57,40,IBM
2025-12-10,9:42:32.543971509,T,308.93,40,309.57,40,IBM
2025-12-10,9:42:33.121756935,T,308.94,40,309.57,40,IBM
2025-12-10,9:42:33.121952456,T,308.93,40,309.57,40,IBM
2025-12-10,9:42:33.121957496,T,309.04,40,309.57,40,IBM
2025-12-10,9:42:33.122538857,T,308.77,40,309.57,40,IBM
2025-12-10,9:42:33.122889721,T,309.04,40,309.57,40,IBM
2025-12-10,9:42:49.546833528,T,308.78,40,309.57,40,IBM
2025-12-10,9:42:49.546848843,T,308.77,40,309.57,40,IBM
2025-12-10,9:42:49.546873532,T,308.77,40,309.42,40,IBM
2025-12-10,9:42:49.546879024,T,308.77,40,309.29,40,IBM
2025-12-10,9:42:49.546883608,T,308.77,40,309.29,80,IBM
2025-12-10,9:42:49.647007008,T,308.77,40,309.29,40,IBM
2025-12-10,9:42:50.121912565,T,308.87,40,309.29,40,IBM
2025-12-10,9:42:53.380505056,T,308.87,40,309.57,40,IBM
2025-12-10,9:42:53.380505056,T,308.87,40,309.14,40,IBM
2025-12-10,9:42:53.381156599,T,308.87,40,309.57,40,IBM
2025-12-10,9:42:54.975867987,T,308.87,40,309.32,40,IBM
2025-12-10,9:42:55.127418751,T,308.87,40,309.3,40,IBM
2025-12-10,9:42:58.977604355,T,308.91,40,309.3,40,IBM
2025-12-10,9:42:59.945684037,T,308.91,40,309.32,40,IBM
2025-12-10,9:43:03.530337802,T,308.91,40,309.57,40,IBM
2025-12-10,9:43:09.037222414,T,309.0,40,309.57,40,IBM
2025-12-10,9:43:09.037873865,T,308.91,40,309.57,40,IBM
2025-12-10,9:43:09.485519595,T,308.91,40,309.45,40,IBM
2025-12-10,9:43:14.043660722,T,308.91,80,309.45,40,IBM
2025-12-10,9:43:17.221425639,T,308.91,80,309.57,40,IBM
2025-12-10,9:43:18.901034209,T,308.91,80,309.3,80,IBM
2025-12-10,9:43:18.927016015,T,309.0,40,309.3,80,IBM
2025-12-10,9:43:19.118922830,T,308.91,40,309.3,80,IBM
2025-12-10,9:43:21.475528119,T,308.91,40,309.3,120,IBM
2025-12-10,9:43:21.487271105,T,308.91,40,309.3,80,IBM
2025-12-10,9:43:21.817151313,T,308.91,40,309.25,40,IBM
2025-12-10,9:43:21.857071403,T,308.91,40,309.25,120,IBM
2025-12-10,9:43:21.930576372,T,308.91,40,309.25,80,IBM
2025-12-10,9:43:23.315397915,T,308.91,40,309.23,40,IBM
2025-12-10,9:43:23.315418073,T,308.91,40,309.13,40,IBM
2025-12-10,9:43:23.316535710,T,308.91,40,309.13,120,IBM
2025-12-10,9:43:23.399753801,T,308.87,40,309.13,120,IBM
2025-12-10,9:43:23.400264997,T,308.87,40,309.11,40,IBM
2025-12-10,9:43:23.401402739,T,308.87,40,309.11,120,IBM
2025-12-10,9:43:23.404670516,T,308.87,40,309.11,80,IBM
2025-12-10,9:43:26.229495426,T,308.87,40,309.57,40,IBM
2025-12-10,9:43:26.229871269,T,308.87,40,309.1,80,IBM
2025-12-10,9:43:38.916969288,T,308.77,40,309.1,80,IBM
2025-12-10,9:43:38.916999224,T,308.77,40,309.0,40,IBM
2025-12-10,9:43:38.917034329,T,308.77,80,309.0,40,IBM
2025-12-10,9:43:38.917305051,T,308.77,80,309.1,80,IBM
2025-12-10,9:43:38.917375163,T,308.77,40,309.1,80,IBM
2025-12-10,9:43:38.917375163,T,308.77,40,309.3,200,IBM
2025-12-10,9:43:38.917395208,T,308.77,40,309.24,40,IBM
2025-12-10,9:43:38.917395208,T,308.77,40,309.09,40,IBM
2025-12-10,9:43:38.918147026,T,308.77,40,309.09,120,IBM
2025-12-10,9:43:39.017794169,T,308.77,40,309.09,80,IBM
2025-12-10,9:43:41.745622957,T,308.77,40,309.14,40,IBM
2025-12-10,9:43:41.745793595,T,308.57,40,309.14,40,IBM
2025-12-10,9:43:41.745798356,T,308.57,40,309.07,40,IBM
2025-12-10,9:43:41.745833426,T,308.57,40,308.99,40,IBM
2025-12-10,9:43:41.745903635,T,308.57,40,308.88,40,IBM
2025-12-10,9:43:41.746244455,T,308.57,40,308.99,40,IBM
2025-12-10,9:43:41.746540174,T,308.57,40,308.88,80,IBM
2025-12-10,9:43:41.746550196,T,308.57,40,308.99,40,IBM
2025-12-10,9:43:41.750419385,T,308.57,40,309.14,40,IBM
2025-12-10,9:43:41.809560133,T,308.57,40,308.98,80,IBM
2025-12-10,9:43:42.121131928,T,308.79,40,308.98,80,IBM
2025-12-10,9:43:43.121583644,T,308.77,80,308.98,80,IBM
2025-12-10,9:43:43.122250217,T,308.79,40,308.98,80,IBM
2025-12-10,9:44:01.088420310,T,308.79,40,308.97,40,IBM
2025-12-10,9:44:01.089172050,T,308.79,40,308.97,120,IBM
2025-12-10,9:44:01.096529591,T,308.79,40,308.97,80,IBM
2025-12-10,9:44:02.829254464,T,308.79,40,309.1,240,IBM
2025-12-10,9:44:02.829640436,T,308.79,40,308.96,80,IBM
2025-12-10,9:44:11.711058458,T,308.79,40,309.1,240,IBM
2025-12-10,9:44:11.711444378,T,308.79,40,308.95,80,IBM
2025-12-10,9:44:17.591853301,T,308.8,40,308.95,80,IBM
2025-12-10,9:44:27.588080485,T,308.79,40,308.95,80,IBM
2025-12-10,9:44:27.588230771,T,308.79,40,308.88,40,IBM
2025-12-10,9:44:27.588972626,T,308.77,40,308.88,40,IBM
2025-12-10,9:44:27.589027691,T,308.79,40,308.88,40,IBM
2025-12-10,9:44:27.589057753,T,308.77,40,308.88,40,IBM
2025-12-10,9:44:27.589127906,T,308.77,40,308.88,120,IBM
2025-12-10,9:44:27.589624170,T,308.77,40,308.88,40,IBM
2025-12-10,9:44:27.589699264,T,308.77,40,309.1,280,IBM
2025-12-10,9:44:27.590015038,T,308.77,40,308.88,80,IBM
2025-12-10,9:44:27.602078833,T,308.57,40,308.88,80,IBM
2025-12-10,9:44:27.602083825,T,308.77,40,308.88,80,IBM
2025-12-10,9:44:27.602098840,T,308.57,40,308.88,80,IBM
2025-12-10,9:44:27.602635061,T,308.57,40,309.1,280,IBM
2025-12-10,9:44:27.603015999,T,308.57,40,308.95,40,IBM
2025-12-10,9:44:27.603026087,T,308.57,40,309.1,280,IBM
2025-12-10,9:44:27.703049200,T,308.57,40,308.95,80,IBM
2025-12-10,9:44:29.963269864,T,308.57,40,309.1,280,IBM
2025-12-10,9:44:29.963645768,T,308.57,40,308.93,80,IBM
2025-12-10,9:44:41.452651360,T,308.88,80,308.93,80,IBM
2025-12-10,9:44:41.452671325,T,308.57,40,308.93,80,IBM
2025-12-10,9:44:41.453398131,T,308.57,40,309.1,280,IBM
2025-12-10,9:44:41.453784097,T,308.57,40,308.93,80,IBM
2025-12-10,9:44:48.941659698,T,308.66,40,308.93,80,IBM
2025-12-10,9:45:07.353325122,T,308.66,40,308.95,40,IBM
2025-12-10,9:45:07.353350259,T,308.75,40,308.95,40,IBM
2025-12-10,9:45:07.353355303,T,308.77,40,308.95,40,IBM
2025-12-10,9:45:07.353375332,T,308.76,40,308.95,40,IBM
2025-12-10,9:45:07.353380265,T,308.84,40,308.95,40,IBM
2025-12-10,9:45:07.353400372,T,308.84,40,309.1,240,IBM
2025-12-10,9:45:07.354172154,T,308.84,80,309.1,240,IBM
2025-12-10,9:45:07.355004219,T,308.84,40,309.1,240,IBM
2025-12-10,9:45:07.361439503,T,308.66,40,309.1,240,IBM
2025-12-10,9:45:07.940914067,T,308.75,40,309.1,240,IBM
2025-12-10,9:45:08.123814451,T,308.81,40,309.1,240,IBM
2025-12-10,9:45:09.719277512,T,308.81,40,309.04,80,IBM
2025-12-10,9:45:10.765778884,T,308.75,40,309.04,80,IBM
2025-12-10,9:45:10.765808978,T,308.75,40,308.97,40,IBM
2025-12-10,9:45:10.765829303,T,308.75,40,309.04,80,IBM
2025-12-10,9:45:10.765833974,T,308.75,40,308.91,40,IBM
2025-12-10,9:45:10.767252396,T,308.75,40,308.98,40,IBM
2025-12-10,9:45:10.774123766,T,308.75,40,309.04,120,IBM
2025-12-10,9:45:10.803924625,T,308.57,40,309.04,120,IBM
2025-12-10,9:45:10.803954754,T,308.57,40,308.87,40,IBM
2025-12-10,9:45:10.816339167,T,308.57,40,309.04,160,IBM
2025-12-10,9:45:10.816354364,T,308.57,40,309.04,120,IBM
2025-12-10,9:45:10.878146407,T,308.57,40,309.04,80,IBM
2025-12-10,9:45:11.987306970,T,308.57,40,309.04,120,IBM
2025-12-10,9:45:12.121055390,T,308.57,40,309.04,80,IBM
2025-12-10,9:45:19.676080624,T,308.57,40,309.1,280,IBM
2025-12-10,9:45:19.676110800,T,308.57,40,309.1,240,IBM
2025-12-10,9:45:19.722125310,T,308.57,40,308.97,80,IBM
2025-12-10,9:45:23.113724231,T,308.57,40,308.97,40,IBM
2025-12-10,9:45:23.113734320,T,308.57,40,309.1,240,IBM
2025-12-10,9:45:23.113759390,T,308.76,40,309.1,240,IBM
2025-12-10,9:45:23.113779342,T,308.76,80,309.1,240,IBM
2025-12-10,9:45:23.113899620,T,308.85,40,309.1,240,IBM
2025-12-10,9:45:23.113929697,T,308.87,40,309.1,240,IBM
2025-12-10,9:45:23.116831585,T,308.86,40,309.1,240,IBM
2025-12-10,9:45:23.116851659,T,308.76,40,309.1,240,IBM
2025-12-10,9:45:23.122008925,T,308.75,40,309.1,240,IBM
2025-12-10,9:45:23.164595461,T,308.87,40,309.1,240,IBM
2025-12-10,9:45:23.164986814,T,308.87,40,309.1,40,IBM
2025-12-10,9:45:23.164986814,T,308.87,40,309.3,400,IBM
2025-12-10,9:45:23.165011385,T,308.98,40,309.3,400,IBM
2025-12-10,9:45:23.165026408,T,308.98,40,309.3,360,IBM
2025-12-10,9:45:23.165286951,T,308.99,40,309.3,360,IBM
2025-12-10,9:45:23.166234276,T,308.99,40,309.3,200,IBM
2025-12-10,9:45:23.173381314,T,308.98,40,309.3,200,IBM
2025-12-10,9:45:23.173401288,T,308.88,40,309.3,200,IBM
2025-12-10,9:45:23.265034775,T,308.85,40,309.3,200,IBM
2025-12-10,9:45:24.065199308,T,308.68,40,309.3,200,IBM
2025-12-10,9:45:24.068341866,T,308.88,40,309.3,200,IBM
2025-12-10,9:45:24.243924888,T,308.68,40,309.3,200,IBM
2025-12-10,9:45:24.244406042,T,308.89,40,309.3,200,IBM
2025-12-10,9:45:24.400542770,T,308.89,80,309.3,200,IBM
2025-12-10,9:45:24.400597828,T,308.89,40,309.3,200,IBM
2025-12-10,9:45:25.407264270,T,308.9,40,309.3,200,IBM
2025-12-10,9:45:25.800289847,T,308.68,40,309.3,200,IBM
2025-12-10,9:45:25.800796179,T,308.89,40,309.3,200,IBM
2025-12-10,9:45:26.128420996,T,308.68,40,309.3,200,IBM
2025-12-10,9:45:26.133563249,T,308.85,40,309.3,200,IBM
2025-12-10,9:45:26.771617336,T,308.68,40,309.3,200,IBM
2025-12-10,9:45:26.772178700,T,308.88,40,309.3,200,IBM
2025-12-10,9:45:27.452167357,T,308.68,40,309.3,200,IBM
2025-12-10,9:45:33.609826228,T,308.68,40,309.17,40,IBM
2025-12-10,9:45:34.415208504,T,308.68,40,309.3,200,IBM
2025-12-10,9:45:40.073062540,T,308.6,40,309.3,200,IBM
2025-12-10,9:45:40.073097626,T,308.76,40,309.3,200,IBM
2025-12-10,9:45:40.073308099,T,308.76,80,309.3,200,IBM
2025-12-10,9:45:40.976433262,T,308.76,40,309.3,200,IBM
2025-12-10,9:45:42.832406475,T,308.77,40,309.3,200,IBM
2025-12-10,9:45:43.430164440,T,308.6,40,309.3,200,IBM
2025-12-10,9:45:43.433026311,T,308.76,40,309.3,200,IBM
2025-12-10,9:45:43.606619575,T,308.6,40,309.3,200,IBM
2025-12-10,9:45:45.919405446,T,308.57,80,309.3,200,IBM
2025-12-10,9:45:45.919435465,T,308.57,40,309.3,200,IBM
2025-12-10,9:45:46.047450215,T,308.57,80,309.3,200,IBM
2025-12-10,9:45:47.159021393,T,308.9,40,309.3,200,IBM
2025-12-10,9:45:51.020303420,T,308.57,80,309.3,200,IBM
2025-12-10,9:46:08.560685102,T,308.57,80,309.15,40,IBM
2025-12-10,9:46:09.286563215,T,308.57,80,309.3,200,IBM
2025-12-10,9:46:09.606123992,T,308.64,160,309.3,200,IBM
2025-12-10,9:46:20.885781125,T,308.64,160,309.3,240,IBM
2025-12-10,9:46:35.059172131,T,308.64,160,309.3,200,IBM
2025-12-10,9:46:38.898747732,T,308.64,160,309.15,40,IBM
2025-12-10,9:46:38.898762731,T,308.64,160,309.1,40,IBM
2025-12-10,9:46:38.898762731,T,308.64,160,309.1,80,IBM
2025-12-10,9:46:38.899168662,T,308.64,160,309.06,40,IBM
2025-12-10,9:46:38.899188960,T,308.64,160,309.02,40,IBM
2025-12-10,9:46:38.899459387,T,308.64,160,309.1,80,IBM
2025-12-10,9:46:38.899524521,T,308.64,160,309.1,40,IBM
2025-12-10,9:46:38.899524521,T,308.64,160,309.01,40,IBM
2025-12-10,9:46:38.899544571,T,308.57,40,309.01,40,IBM
2025-12-10,9:46:38.907097610,T,308.57,40,309.1,40,IBM
2025-12-10,9:46:38.909267716,T,308.57,40,309.15,40,IBM
2025-12-10,9:46:38.936622848,T,308.57,40,309.01,40,IBM
2025-12-10,9:46:39.690893429,T,308.57,40,309.19,40,IBM
2025-12-10,9:46:41.017802246,T,308.57,40,309.3,240,IBM
2025-12-10,9:46:41.028883689,T,308.57,40,309.19,40,IBM
2025-12-10,9:46:44.236479625,T,308.57,40,309.11,40,IBM
2025-12-10,9:46:48.780858405,T,308.57,40,309.14,40,IBM
2025-12-10,9:46:48.780878056,T,308.75,40,309.14,40,IBM
2025-12-10,9:46:48.780883500,T,308.57,80,309.14,40,IBM
2025-12-10,9:46:48.780888097,T,308.8,40,309.14,40,IBM
2025-12-10,9:46:48.780903408,T,308.8,40,309.19,40,IBM
2025-12-10,9:46:48.780918178,T,308.8,40,309.14,40,IBM
2025-12-10,9:46:48.780943198,T,308.8,40,309.19,40,IBM
2025-12-10,9:46:48.781088587,T,308.57,40,309.19,40,IBM
2025-12-10,9:46:48.781093652,T,308.86,40,309.19,40,IBM
2025-12-10,9:46:48.782080998,T,308.86,40,309.27,40,IBM
2025-12-10,9:46:48.782091017,T,308.8,40,309.27,40,IBM
2025-12-10,9:46:48.782091017,T,308.92,40,309.27,40,IBM
2025-12-10,9:46:48.785323630,T,308.6,40,309.27,40,IBM
2025-12-10,9:46:48.786135574,T,308.57,80,309.27,40,IBM
2025-12-10,9:46:48.786576655,T,308.57,40,309.27,40,IBM
2025-12-10,9:46:49.116256423,T,308.86,40,309.27,40,IBM
2025-12-10,9:46:49.792736782,T,308.57,40,309.27,40,IBM
2025-12-10,9:46:51.119360000,T,308.57,40,309.3,200,IBM
2025-12-10,9:46:51.119390047,T,308.57,40,309.27,40,IBM
2025-12-10,9:46:52.211515066,T,308.57,80,309.27,40,IBM
2025-12-10,9:46:52.211545099,T,308.92,40,309.27,40,IBM
2025-12-10,9:46:52.642320562,T,308.57,40,309.27,40,IBM
2025-12-10,9:46:54.645273754,T,308.57,80,309.27,40,IBM
2025-12-10,9:46:54.645303829,T,308.84,40,309.27,40,IBM
2025-12-10,9:46:55.053229971,T,308.57,80,309.27,40,IBM
2025-12-10,9:46:55.784871825,T,308.84,40,309.27,40,IBM
2025-12-10,9:46:55.785322837,T,308.91,40,309.27,40,IBM
2025-12-10,9:46:55.786104656,T,308.91,80,309.27,40,IBM
2025-12-10,9:46:55.789798463,T,308.91,40,309.27,40,IBM
2025-12-10,9:46:55.789818520,T,308.57,40,309.27,40,IBM
2025-12-10,9:46:55.792274382,T,308.57,80,309.27,40,IBM
2025-12-10,9:46:55.792565039,T,308.6,40,309.27,40,IBM
2025-12-10,9:46:55.792660284,T,308.6,40,309.3,240,IBM
2025-12-10,9:46:55.792695435,T,308.6,40,309.3,200,IBM
2025-12-10,9:46:55.800188204,T,308.57,80,309.3,200,IBM
2025-12-10,9:46:55.806774011,T,308.57,80,309.3,240,IBM
2025-12-10,9:46:55.806834118,T,308.57,80,309.24,40,IBM
2025-12-10,9:46:55.806859113,T,308.57,80,309.3,240,IBM
2025-12-10,9:46:55.806959375,T,308.57,80,309.24,40,IBM
2025-12-10,9:46:55.807405448,T,308.57,40,309.24,40,IBM
2025-12-10,9:46:55.807440513,T,308.57,40,309.2,40,IBM
2025-12-10,9:46:55.807490624,T,308.57,40,309.24,40,IBM
2025-12-10,9:46:57.640278668,T,308.57,40,308.95,40,IBM
2025-12-10,9:46:57.640308720,T,308.57,40,309.24,40,IBM
2025-12-10,9:46:57.640308720,T,308.57,40,308.89,40,IBM
2025-12-10,9:46:57.640895118,T,308.57,40,309.27,40,IBM
2025-12-10,9:46:57.942402941,T,308.57,40,309.24,40,IBM
2025-12-10,9:46:57.942407961,T,308.57,40,308.95,40,IBM
2025-12-10,9:46:57.942728805,T,308.57,40,309.24,40,IBM
2025-12-10,9:46:57.942733693,T,308.57,40,308.93,40,IBM
2025-12-10,9:46:57.943575655,T,308.57,120,308.93,40,IBM
2025-12-10,9:46:57.943605710,T,308.57,160,308.93,40,IBM
2025-12-10,9:46:57.943635809,T,308.57,160,309.24,40,IBM
2025-12-10,9:46:57.943680994,T,308.57,200,309.24,40,IBM
2025-12-10,9:47:00.446343862,T,308.57,200,309.27,40,IBM
2025-12-10,9:47:00.446373851,T,308.57,200,309.29,160,IBM
2025-12-10,9:47:00.446378875,T,308.57,200,309.19,40,IBM
2025-12-10,9:47:00.851147424,T,308.57,200,309.16,160,IBM
2025-12-10,9:47:01.132357063,T,308.66,40,309.16,160,IBM
2025-12-10,9:47:01.132417018,T,308.66,200,309.16,160,IBM
2025-12-10,9:47:01.132637543,T,308.68,40,309.16,160,IBM
2025-12-10,9:47:01.132682658,T,308.68,200,309.16,160,IBM
2025-12-10,9:47:12.011415620,T,308.68,200,309.11,40,IBM
2025-12-10,9:47:12.012012011,T,308.68,40,309.11,40,IBM
2025-12-10,9:47:12.012032024,T,308.76,40,309.11,40,IBM
2025-12-10,9:47:12.012042431,T,308.76,200,309.11,40,IBM
2025-12-10,9:47:12.123407183,T,308.76,160,309.11,40,IBM
2025-12-10,9:47:41.858750029,T,308.76,80,309.11,40,IBM
2025-12-10,9:47:41.858770183,T,308.68,40,309.11,40,IBM
2025-12-10,9:47:41.858780206,T,308.68,40,308.91,40,IBM
2025-12-10,9:47:41.859511903,T,308.68,40,308.91,80,IBM
2025-12-10,9:47:41.860108335,T,308.67,40,308.91,80,IBM
2025-12-10,9:47:41.860123369,T,308.68,40,308.91,80,IBM
2025-12-10,9:47:41.860383950,T,308.67,40,308.91,80,IBM
2025-12-10,9:47:41.860393966,T,308.68,40,308.91,80,IBM
2025-12-10,9:47:41.860419331,T,308.67,40,308.91,80,IBM
2025-12-10,9:47:41.860419331,T,308.67,40,308.91,40,IBM
2025-12-10,9:47:41.860419331,T,308.67,40,308.85,40,IBM
2025-12-10,9:47:41.860429082,T,308.68,40,308.85,40,IBM
2025-12-10,9:47:41.959389766,T,308.67,40,308.85,40,IBM
2025-12-10,9:47:41.959394752,T,308.68,40,308.85,40,IBM
2025-12-10,9:47:41.959409700,T,308.67,40,308.85,40,IBM
2025-12-10,9:47:41.959414815,T,308.68,40,308.85,40,IBM
2025-12-10,9:47:41.959615282,T,308.67,40,308.85,40,IBM
2025-12-10,9:47:41.959640330,T,308.67,40,308.77,40,IBM
2025-12-10,9:47:41.959660382,T,308.67,40,308.85,40,IBM
2025-12-10,9:47:41.959710512,T,308.66,40,308.85,40,IBM
2025-12-10,9:47:41.959720633,T,308.67,40,308.85,40,IBM
2025-12-10,9:47:41.959730721,T,308.66,40,308.85,40,IBM
2025-12-10,9:47:41.959740680,T,308.67,40,308.85,40,IBM
2025-12-10,9:47:41.959755548,T,308.66,40,308.85,40,IBM
2025-12-10,9:47:41.959765636,T,308.67,40,308.85,40,IBM
2025-12-10,9:47:41.959770612,T,308.66,40,308.85,40,IBM
2025-12-10,9:47:41.959780684,T,308.67,40,308.85,40,IBM
2025-12-10,9:47:41.959850802,T,308.66,40,308.85,40,IBM
2025-12-10,9:47:42.129193991,T,308.57,40,308.85,40,IBM
2025-12-10,9:47:42.129264112,T,308.52,40,308.85,40,IBM
2025-12-10,9:47:42.130036020,T,308.5,160,308.85,40,IBM
2025-12-10,9:47:42.130311688,T,308.44,40,308.85,40,IBM
2025-12-10,9:47:42.130802827,T,308.36,160,308.85,40,IBM
2025-12-10,9:47:42.139288066,T,308.4,80,308.85,40,IBM
2025-12-10,9:47:42.149301915,T,308.36,160,308.85,40,IBM
2025-12-10,9:47:42.646284988,T,308.4,80,308.85,40,IBM
2025-12-10,9:47:46.130168772,T,308.4,80,308.96,40,IBM
2025-12-10,9:47:46.130283982,T,308.61,40,308.96,40,IBM
2025-12-10,9:47:46.131376611,T,308.4,80,308.96,40,IBM
2025-12-10,9:47:46.131406628,T,308.36,160,308.96,40,IBM
2025-12-10,9:47:46.132273705,T,308.6,40,308.96,40,IBM
2025-12-10,9:47:46.143756062,T,308.6,40,308.95,40,IBM
2025-12-10,9:47:46.327283024,T,308.6,40,308.96,40,IBM
2025-12-10,9:47:46.327288004,T,308.36,160,308.96,40,IBM
2025-12-10,9:47:46.327307996,T,308.6,40,308.96,40,IBM
2025-12-10,9:47:46.327313353,T,308.61,40,308.96,40,IBM
2025-12-10,9:47:46.327338097,T,308.72,40,308.96,40,IBM
2025-12-10,9:47:46.327373149,T,308.72,40,309.11,80,IBM
2025-12-10,9:47:46.427436404,T,308.6,40,309.11,80,IBM
2025-12-10,9:47:46.507116021,T,308.49,200,309.11,80,IBM
2025-12-10,9:47:46.507587231,T,308.61,40,309.11,80,IBM
2025-12-10,9:47:46.509516781,T,308.61,40,308.96,40,IBM
2025-12-10,9:47:46.761932633,T,308.49,200,308.96,40,IBM
2025-12-10,9:47:47.085142036,T,308.6,40,308.96,40,IBM
2025-12-10,9:47:47.085653328,T,308.6,40,308.95,40,IBM
2025-12-10,9:47:47.860362558,T,308.58,40,308.95,40,IBM
2025-12-10,9:47:47.860833735,T,308.58,40,308.96,40,IBM
2025-12-10,9:47:47.860863741,T,308.61,40,308.96,40,IBM
2025-12-10,9:47:48.097021031,T,308.58,40,308.96,40,IBM
2025-12-10,9:47:48.098715109,T,308.6,40,308.96,40,IBM
2025-12-10,9:47:48.471066531,T,308.58,40,308.96,40,IBM
2025-12-10,9:47:48.471562658,T,308.61,40,308.96,40,IBM
2025-12-10,9:47:49.035856069,T,308.61,40,308.95,40,IBM
2025-12-10,9:47:49.035886090,T,308.58,40,308.95,40,IBM
2025-12-10,9:47:49.036452461,T,308.61,40,308.95,40,IBM
2025-12-10,9:47:49.177117303,T,308.58,40,308.95,40,IBM
2025-12-10,9:47:49.177192531,T,308.6,40,308.95,40,IBM
2025-12-10,9:47:49.293113469,T,308.58,40,308.95,40,IBM
2025-12-10,9:47:50.475042122,T,308.61,40,308.95,40,IBM
2025-12-10,9:47:50.762280919,T,308.58,40,308.95,40,IBM
2025-12-10,9:47:50.762752056,T,308.58,40,308.96,40,IBM
2025-12-10,9:47:50.762782140,T,308.61,40,308.96,40,IBM
2025-12-10,9:47:51.497040047,T,308.58,40,308.96,40,IBM
2025-12-10,9:47:51.497526247,T,308.61,40,308.96,40,IBM
2025-12-10,9:47:51.509254130,T,308.61,40,308.95,40,IBM
2025-12-10,9:47:52.385851027,T,308.58,40,308.95,40,IBM
2025-12-10,9:47:52.386337152,T,308.6,40,308.95,40,IBM
2025-12-10,9:47:53.678929314,T,308.58,40,308.95,40,IBM
2025-12-10,9:47:54.958044487,T,308.58,40,308.96,40,IBM
2025-12-10,9:48:01.459195938,T,308.58,40,309.11,80,IBM
2025-12-10,9:48:04.234472943,T,308.58,40,308.96,40,IBM
2025-12-10,9:48:05.108453466,T,308.58,40,309.11,80,IBM
2025-12-10,9:48:08.077225944,T,308.58,40,308.85,80,IBM
2025-12-10,9:48:08.823251858,T,308.58,40,308.84,80,IBM
2025-12-10,9:48:09.104346097,T,308.58,40,308.85,80,IBM
2025-12-10,9:48:45.921122066,T,308.58,40,308.71,40,IBM
2025-12-10,9:48:45.921858853,T,308.35,160,308.71,40,IBM
2025-12-10,9:48:45.922004190,T,308.35,160,308.85,120,IBM
2025-12-10,9:48:45.922004190,T,308.35,160,308.64,40,IBM
2025-12-10,9:48:45.922390094,T,308.35,160,308.85,120,IBM
2025-12-10,9:48:45.926108952,T,308.35,160,308.85,80,IBM
2025-12-10,9:48:51.468633596,T,308.35,160,308.83,40,IBM
2025-12-10,9:48:52.199052404,T,308.35,520,308.83,40,IBM
2025-12-10,9:48:52.199082484,T,308.41,40,308.83,40,IBM
2025-12-10,9:48:52.199122537,T,308.56,360,308.83,40,IBM
2025-12-10,9:48:52.199142663,T,308.41,40,308.83,40,IBM
2025-12-10,9:48:52.199167686,T,308.56,360,308.83,40,IBM
2025-12-10,9:48:52.199363418,T,308.41,40,308.83,40,IBM
2025-12-10,9:48:52.199393264,T,308.62,360,308.83,40,IBM
2025-12-10,9:48:52.199583642,T,308.41,40,308.83,40,IBM
2025-12-10,9:48:52.199608752,T,308.62,80,308.83,40,IBM
2025-12-10,9:48:52.199618788,T,308.35,200,308.83,40,IBM
2025-12-10,9:48:52.199623823,T,308.48,40,308.83,40,IBM
2025-12-10,9:48:52.199644085,T,308.48,40,308.82,40,IBM
2025-12-10,9:48:52.199658903,T,308.48,40,308.82,320,IBM
2025-12-10,9:48:52.199708948,T,308.48,40,308.82,640,IBM
2025-12-10,9:48:52.199749066,T,308.48,40,308.82,760,IBM
2025-12-10,9:48:52.200621129,T,308.35,160,308.82,760,IBM
2025-12-10,9:48:52.202776309,T,308.56,40,308.82,760,IBM
2025-12-10,9:48:52.207482473,T,308.35,160,308.82,760,IBM
2025-12-10,9:48:52.311455047,T,308.35,160,308.82,800,IBM
2025-12-10,9:48:52.311475064,T,308.35,160,308.82,760,IBM
2025-12-10,9:48:52.311475064,T,308.35,160,308.82,440,IBM
2025-12-10,9:48:52.311485140,T,308.35,160,308.82,160,IBM
2025-12-10,9:48:52.311485140,T,308.35,160,308.83,40,IBM
2025-12-10,9:48:52.311510116,T,308.35,160,308.72,800,IBM
2025-12-10,9:48:52.790550588,T,308.35,160,308.83,40,IBM
2025-12-10,9:48:52.790575607,T,308.35,160,308.71,760,IBM
2025-12-10,9:48:52.828094864,T,308.35,160,308.83,40,IBM
2025-12-10,9:48:52.828099938,T,308.35,160,308.72,40,IBM
2025-12-10,9:48:52.828120135,T,308.35,160,308.57,760,IBM
2025-12-10,9:48:52.828145061,T,308.35,160,308.57,720,IBM
2025-12-10,9:48:52.828150083,T,308.35,160,308.72,40,IBM
2025-12-10,9:48:52.828170053,T,308.35,160,308.83,40,IBM
2025-12-10,9:48:52.828320495,T,308.35,160,308.71,40,IBM
2025-12-10,9:48:52.830896626,T,308.35,160,308.83,40,IBM
2025-12-10,9:48:52.830901547,T,308.41,40,308.83,40,IBM
2025-12-10,9:48:53.064096723,T,308.35,160,308.83,40,IBM
2025-12-10,9:48:53.360151551,T,308.41,40,308.83,40,IBM
2025-12-10,9:48:54.594500018,T,308.24,40,308.83,40,IBM
2025-12-10,9:48:59.238009378,T,308.24,40,308.68,40,IBM
2025-12-10,9:48:59.238019520,T,308.24,40,308.65,40,IBM
2025-12-10,9:48:59.238219881,T,308.24,40,308.68,40,IBM
2025-12-10,9:48:59.238219881,T,308.24,40,308.57,40,IBM
2025-12-10,9:48:59.257686248,T,308.24,40,308.83,40,IBM
2025-12-10,9:48:59.257997099,T,308.24,40,308.57,40,IBM
2025-12-10,9:48:59.363212397,T,308.24,40,308.83,40,IBM
2025-12-10,9:49:00.665497555,T,308.24,40,308.56,40,IBM
2025-12-10,9:49:00.665557736,T,308.23,160,308.56,40,IBM
2025-12-10,9:49:00.897575146,T,308.23,160,308.83,40,IBM
2025-12-10,9:49:03.258250150,T,308.23,160,308.68,40,IBM
2025-12-10,9:49:03.258500730,T,308.23,160,308.67,40,IBM
2025-12-10,9:49:03.258856494,T,308.04,40,308.67,40,IBM
2025-12-10,9:49:03.258861563,T,308.06,160,308.67,40,IBM
2025-12-10,9:49:03.259352702,T,308.06,160,308.56,40,IBM
2025-12-10,9:49:03.266604947,T,308.06,160,308.68,40,IBM
2025-12-10,9:49:03.272544093,T,308.06,160,308.7,40,IBM
2025-12-10,9:49:03.581434500,T,308.06,160,308.56,40,IBM
2025-12-10,9:49:05.024675169,T,308.06,160,308.61,40,IBM
2025-12-10,9:49:08.173846961,T,308.06,160,308.67,40,IBM
2025-12-10,9:49:08.173857068,T,308.33,40,308.67,40,IBM
2025-12-10,9:49:08.173962326,T,308.33,40,308.61,40,IBM
2025-12-10,9:49:08.174177839,T,308.06,160,308.61,40,IBM
2025-12-10,9:49:10.173953714,T,308.06,160,308.67,40,IBM
2025-12-10,9:49:11.676761095,T,308.06,160,308.67,80,IBM
2025-12-10,9:49:14.956814550,T,308.06,160,308.67,240,IBM
2025-12-10,9:49:21.289966285,T,308.06,160,308.61,40,IBM
2025-12-10,9:49:22.070950612,T,308.06,160,308.47,80,IBM
2025-12-10,9:49:22.130462277,T,308.06,160,308.61,40,IBM
2025-12-10,9:49:23.169124858,T,308.29,40,308.61,40,IBM
2025-12-10,9:49:23.172051839,T,308.29,80,308.61,40,IBM
2025-12-10,9:49:23.172377652,T,308.37,40,308.61,40,IBM
2025-12-10,9:49:23.172442716,T,308.29,40,308.61,40,IBM
2025-12-10,9:49:23.172968954,T,308.29,40,308.67,200,IBM
2025-12-10,9:49:23.172989005,T,308.29,80,308.67,200,IBM
2025-12-10,9:49:23.173004079,T,308.29,80,308.61,40,IBM
2025-12-10,9:49:23.176828201,T,308.29,40,308.61,40,IBM
2025-12-10,9:49:37.361365895,T,308.29,40,308.67,40,IBM
2025-12-10,9:49:37.361416038,T,308.29,40,308.75,40,IBM
2025-12-10,9:49:43.257312075,T,308.29,40,308.6,80,IBM
2025-12-10,9:49:50.692266680,T,308.33,40,308.6,80,IBM
2025-12-10,9:49:50.876710732,T,308.17,160,308.6,80,IBM
2025-12-10,9:50:00.143391023,T,308.3,40,308.6,80,IBM
2025-12-10,9:50:05.037441771,T,308.3,40,308.57,40,IBM
2025-12-10,9:50:12.898039889,T,308.32,40,308.57,40,IBM
2025-12-10,9:50:12.898054775,T,308.33,40,308.57,40,IBM
2025-12-10,9:50:12.898069861,T,308.3,40,308.57,40,IBM
2025-12-10,9:50:12.898074865,T,308.38,40,308.57,40,IBM
2025-12-10,9:50:13.006182189,T,308.3,40,308.57,40,IBM
2025-12-10,9:50:13.063243026,T,308.39,40,308.57,40,IBM
2025-12-10,9:50:13.070700829,T,308.38,40,308.57,40,IBM
2025-12-10,9:50:13.071046697,T,308.3,40,308.57,40,IBM
2025-12-10,9:50:13.163306367,T,308.3,40,308.68,40,IBM
2025-12-10,9:50:13.163336463,T,308.39,40,308.68,40,IBM
2025-12-10,9:50:13.163341468,T,308.42,40,308.68,40,IBM
2025-12-10,9:50:13.163361437,T,308.47,40,308.68,40,IBM
2025-12-10,9:50:13.163747518,T,308.51,40,308.68,40,IBM
2025-12-10,9:50:13.263745409,T,308.47,40,308.68,40,IBM
2025-12-10,9:50:13.275032272,T,308.3,40,308.68,40,IBM
2025-12-10,9:50:13.360415535,T,308.47,40,308.68,40,IBM
2025-12-10,9:50:14.233649312,T,308.3,40,308.68,40,IBM
2025-12-10,9:50:14.234145561,T,308.47,40,308.68,40,IBM
2025-12-10,9:50:15.308793704,T,308.47,40,308.79,40,IBM
2025-12-10,9:50:15.505697436,T,308.47,40,308.78,40,IBM
2025-12-10,9:50:16.068081315,T,308.47,40,308.66,80,IBM
2025-12-10,9:50:19.366403564,T,308.47,40,308.75,40,IBM
2025-12-10,9:50:19.366663884,T,308.57,40,308.75,40,IBM
2025-12-10,9:50:19.366994750,T,308.57,80,308.75,40,IBM
2025-12-10,9:50:19.367024739,T,308.6,40,308.75,40,IBM
2025-12-10,9:50:19.367736469,T,308.6,40,308.88,160,IBM
2025-12-10,9:50:19.563657887,T,308.57,40,308.88,160,IBM
2025-12-10,9:50:19.565828030,T,308.32,40,308.88,160,IBM
2025-12-10,9:50:19.565848126,T,308.3,40,308.88,160,IBM
2025-12-10,9:50:20.143418042,T,308.52,80,308.88,160,IBM
2025-12-10,9:50:20.146375072,T,308.57,40,308.88,160,IBM
2025-12-10,9:50:20.146405205,T,308.52,80,308.88,160,IBM
2025-12-10,9:50:20.146490339,T,308.52,80,309.03,40,IBM
2025-12-10,9:50:20.146500357,T,308.52,80,309.01,200,IBM
2025-12-10,9:50:20.146866210,T,308.72,40,309.01,200,IBM
2025-12-10,9:50:20.147347428,T,308.73,40,309.01,200,IBM
2025-12-10,9:50:20.147577899,T,308.72,40,309.01,200,IBM
2025-12-10,9:50:20.147582958,T,308.75,40,309.01,200,IBM
2025-12-10,9:50:20.151803031,T,308.72,40,309.01,200,IBM
2025-12-10,9:50:20.151843068,T,308.72,40,309.01,280,IBM
2025-12-10,9:50:20.155697243,T,308.52,80,309.01,280,IBM
2025-12-10,9:50:20.195582242,T,308.52,80,309.01,80,IBM
2025-12-10,9:50:20.195607244,T,308.53,40,309.01,80,IBM
2025-12-10,9:50:20.261995283,T,308.52,80,309.01,80,IBM
2025-12-10,9:50:21.351017881,T,308.52,80,309.15,160,IBM
2025-12-10,9:50:22.494600142,T,308.81,40,309.15,160,IBM
2025-12-10,9:50:22.503235737,T,308.6,40,309.15,160,IBM
2025-12-10,9:50:22.503260808,T,308.52,120,309.15,160,IBM
2025-12-10,9:50:22.513866030,T,308.52,80,309.15,160,IBM
2025-12-10,9:50:22.513911278,T,308.6,40,309.15,160,IBM
2025-12-10,9:50:22.513936209,T,308.53,40,309.15,160,IBM
2025-12-10,9:50:22.973425095,T,308.52,80,309.15,160,IBM
2025-12-10,9:50:23.142973738,T,308.53,40,309.15,160,IBM
2025-12-10,9:50:25.272032173,T,308.7,40,309.15,160,IBM
2025-12-10,9:50:25.272032173,T,308.7,80,309.15,160,IBM
2025-12-10,9:50:25.272047126,T,308.71,40,309.15,160,IBM
2025-12-10,9:50:25.272067253,T,308.82,40,309.15,160,IBM
2025-12-10,9:50:25.272277676,T,308.82,80,309.15,160,IBM
2025-12-10,9:50:25.279509952,T,308.82,40,309.15,160,IBM
2025-12-10,9:50:25.279529981,T,308.7,40,309.15,160,IBM
2025-12-10,9:50:25.283028349,T,308.53,40,309.15,160,IBM
2025-12-10,9:50:25.283404257,T,308.52,80,309.15,160,IBM
2025-12-10,9:50:25.283679874,T,308.76,40,309.15,160,IBM
2025-12-10,9:50:25.428008449,T,308.52,120,309.15,160,IBM
2025-12-10,9:50:26.143441733,T,308.7,40,309.15,160,IBM
2025-12-10,9:50:26.143937899,T,308.76,40,309.15,160,IBM
2025-12-10,9:50:26.405946626,T,308.76,40,309.03,80,IBM
2025-12-10,9:50:26.405976769,T,308.7,40,309.03,80,IBM
2025-12-10,9:50:27.710742952,T,308.7,40,309.03,160,IBM
2025-12-10,9:50:34.292691676,T,308.76,40,309.03,160,IBM
2025-12-10,9:50:35.708487200,T,308.7,40,309.03,160,IBM
2025-12-10,9:50:36.033500919,T,308.76,40,309.03,160,IBM
2025-12-10,9:50:36.879935902,T,308.7,40,309.03,160,IBM
2025-12-10,9:50:36.880021102,T,308.76,40,309.03,160,IBM
2025-12-10,9:50:38.009449822,T,308.76,40,309.03,80,IBM
2025-12-10,9:50:38.009474930,T,308.76,40,309.29,160,IBM
2025-12-10,9:50:38.009474930,T,308.7,40,309.29,160,IBM
2025-12-10,9:50:38.009500000,T,308.89,40,309.29,160,IBM
2025-12-10,9:50:38.010296796,T,308.89,80,309.29,160,IBM
2025-12-10,9:50:38.012381789,T,308.89,40,309.29,160,IBM
2025-12-10,9:50:38.012401828,T,308.76,40,309.29,160,IBM
2025-12-10,9:50:38.109608285,T,308.7,40,309.29,160,IBM
2025-12-10,9:50:38.110089393,T,308.89,40,309.29,160,IBM
2025-12-10,9:50:42.143516592,T,308.7,40,309.29,160,IBM
2025-12-10,9:50:43.416065950,T,308.7,40,309.24,40,IBM
2025-12-10,9:50:45.948309150,T,308.7,40,309.09,40,IBM
2025-12-10,9:50:45.954614162,T,308.7,40,309.24,40,IBM
2025-12-10,9:50:47.100136188,T,308.7,40,309.29,160,IBM
2025-12-10,9:50:48.261165071,T,308.7,40,309.22,80,IBM
2025-12-10,9:50:50.432960297,T,308.7,40,309.09,80,IBM
2025-12-10,9:50:50.438698953,T,308.7,40,309.08,40,IBM
2025-12-10,9:50:50.445665539,T,308.7,40,309.07,40,IBM
2025-12-10,9:50:50.546224835,T,308.7,40,309.08,40,IBM
2025-12-10,9:50:51.526663909,T,308.7,40,308.99,40,IBM
2025-12-10,9:50:51.980444253,T,308.7,40,308.98,80,IBM
2025-12-10,9:50:55.897428949,T,308.7,40,308.96,40,IBM
2025-12-10,9:50:55.897484196,T,308.7,40,308.98,80,IBM
2025-12-10,9:50:55.897484196,T,308.7,40,308.86,40,IBM
2025-12-10,9:50:55.913517302,T,308.7,40,308.98,80,IBM
2025-12-10,9:50:55.913883174,T,308.7,40,308.96,40,IBM
2025-12-10,9:50:56.298794383,T,308.7,40,308.96,80,IBM
2025-12-10,9:50:56.871893786,T,308.7,40,308.96,40,IBM
2025-12-10,9:50:56.872059246,T,308.7,40,308.83,40,IBM
2025-12-10,9:50:56.872525282,T,308.52,80,308.83,40,IBM
2025-12-10,9:50:56.873081684,T,308.52,80,308.82,40,IBM
2025-12-10,9:50:56.873126764,T,308.52,80,308.83,40,IBM
2025-12-10,9:50:56.873126764,T,308.52,80,308.76,40,IBM
2025-12-10,9:50:56.877547469,T,308.52,80,308.83,40,IBM
2025-12-10,9:50:56.877567330,T,308.52,80,308.95,40,IBM
2025-12-10,9:50:56.877998348,T,308.52,80,308.98,80,IBM
2025-12-10,9:50:56.892778480,T,308.52,80,308.9,40,IBM
2025-12-10,9:50:56.892989052,T,308.52,80,308.9,80,IBM
2025-12-10,9:50:57.690112017,T,308.52,80,308.9,40,IBM
2025-12-10,9:50:57.690112017,T,308.52,80,308.77,40,IBM
2025-12-10,9:50:57.694557311,T,308.52,80,308.96,40,IBM
2025-12-10,9:50:57.699579237,T,308.52,80,308.77,40,IBM
2025-12-10,9:50:58.716304674,T,308.52,80,308.75,40,IBM
2025-12-10,9:51:01.296477042,T,308.52,80,308.72,40,IBM
2025-12-10,9:51:01.405165707,T,308.52,80,308.75,40,IBM
2025-12-10,9:51:01.988344051,T,308.52,80,308.95,40,IBM
2025-12-10,9:51:02.809388548,T,308.52,80,308.71,80,IBM
2025-12-10,9:51:05.627858238,T,308.52,80,308.7,40,IBM
2025-12-10,9:51:05.874304946,T,308.52,80,308.71,80,IBM
2025-12-10,9:51:10.451631774,T,308.52,80,308.7,40,IBM
2025-12-10,9:51:15.199324210,T,308.51,80,308.7,40,IBM
2025-12-10,9:51:15.468575206,T,308.51,80,308.61,40,IBM
2025-12-10,9:51:16.143206237,T,308.33,160,308.61,40,IBM
2025-12-10,9:51:16.143672304,T,308.11,40,308.61,40,IBM
2025-12-10,9:51:16.143682275,T,308.21,160,308.61,40,IBM
2025-12-10,9:51:16.908628218,T,308.21,160,308.57,40,IBM
2025-12-10,9:51:17.660944187,T,308.21,160,308.57,80,IBM
