DATE,TIME_M,EX,BID,BIDSIZ,ASK,ASKSIZ,SYM_ROOT
2025-10-07,9:30:01.040745899,T,295.0,400,296.2,100,IBM
2025-10-07,9:30:01.233414558,T,295.0,500,296.2,100,IBM
2025-10-07,9:30:01.245844151,T,295.0,500,296.84,100,IBM
2025-10-07,9:30:01.245904308,T,295.13,100,296.84,100,IBM
2025-10-07,9:30:01.265886881,T,295.0,500,296.84,100,IBM
2025-10-07,9:30:01.334109358,T,295.0,500,295.56,100,IBM
2025-10-07,9:30:01.372445546,T,295.0,400,295.56,100,IBM
2025-10-07,9:30:01.471526460,T,295.0,400,295.75,100,IBM
2025-10-07,9:30:01.571524558,T,295.0,400,296.0,100,IBM
2025-10-07,9:30:01.956766731,T,295.0,400,295.8,100,IBM
2025-10-07,9:30:02.653670809,T,295.0,400,295.56,100,IBM
2025-10-07,9:30:02.654192060,T,295.0,400,295.46,100,IBM
2025-10-07,9:30:02.654322468,T,295.0,100,295.46,100,IBM
2025-10-07,9:30:02.654327312,T,294.0,400,295.46,100,IBM
2025-10-07,9:30:02.654327312,T,294.0,400,295.8,100,IBM
2025-10-07,9:30:02.654327312,T,294.0,400,295.46,100,IBM
2025-10-07,9:30:02.654577880,T,294.0,500,295.46,100,IBM
2025-10-07,9:30:02.654878598,T,294.0,500,295.8,100,IBM
2025-10-07,9:30:02.832110542,T,294.7,100,295.8,100,IBM
2025-10-07,9:30:07.115898693,T,294.81,100,295.8,100,IBM
2025-10-07,9:30:08.600868676,T,294.96,100,295.8,100,IBM
2025-10-07,9:30:08.600888739,T,294.96,200,295.8,100,IBM
2025-10-07,9:30:10.093727554,T,295.26,200,295.8,100,IBM
2025-10-07,9:30:10.093747980,T,294.96,200,295.8,100,IBM
2025-10-07,9:30:10.093747980,T,294.96,100,295.8,100,IBM
2025-10-07,9:30:10.093757996,T,295.26,100,295.8,100,IBM
2025-10-07,9:30:10.093757996,T,294.0,400,295.8,100,IBM
2025-10-07,9:30:10.093757996,T,295.26,100,295.8,100,IBM
2025-10-07,9:30:10.093777673,T,294.0,400,295.8,100,IBM
2025-10-07,9:30:11.429557727,T,294.0,400,295.56,100,IBM
2025-10-07,9:30:16.489914740,T,294.0,400,295.56,200,IBM
2025-10-07,9:30:17.320106341,T,294.0,400,295.56,100,IBM
2025-10-07,9:30:17.911534342,T,294.0,400,295.46,100,IBM
2025-10-07,9:30:17.912326294,T,294.0,400,295.46,200,IBM
2025-10-07,9:30:19.352479572,T,294.0,400,295.46,100,IBM
2025-10-07,9:30:20.273647436,T,294.0,400,295.46,200,IBM
2025-10-07,9:30:24.015761289,T,294.0,400,295.46,300,IBM
2025-10-07,9:30:24.019805882,T,294.0,400,295.46,400,IBM
2025-10-07,9:30:24.032556210,T,294.0,400,295.46,600,IBM
2025-10-07,9:30:24.192451880,T,294.0,400,295.46,500,IBM
2025-10-07,9:30:24.797772949,T,294.0,400,295.46,600,IBM
2025-10-07,9:30:24.926695230,T,295.05,100,295.46,600,IBM
2025-10-07,9:30:24.926770080,T,294.0,500,295.46,600,IBM
2025-10-07,9:30:24.926800148,T,294.0,400,295.46,600,IBM
2025-10-07,9:30:24.926975583,T,294.0,400,295.46,700,IBM
2025-10-07,9:30:24.926995596,T,294.0,400,295.35,100,IBM
2025-10-07,9:30:24.927321436,T,294.0,400,295.46,700,IBM
2025-10-07,9:30:24.927346435,T,294.0,400,295.46,600,IBM
2025-10-07,9:30:24.927757541,T,294.0,400,295.35,100,IBM
2025-10-07,9:30:24.927797554,T,294.0,400,295.35,200,IBM
2025-10-07,9:30:24.930764589,T,294.0,400,295.35,100,IBM
2025-10-07,9:30:25.540902109,T,294.0,400,295.25,100,IBM
2025-10-07,9:30:26.834742214,T,294.0,400,295.24,100,IBM
2025-10-07,9:30:26.835308550,T,294.0,400,294.94,100,IBM
2025-10-07,9:30:26.835343602,T,294.0,400,294.94,200,IBM
2025-10-07,9:30:26.862783993,T,294.0,400,294.94,100,IBM
2025-10-07,9:30:31.324064716,T,294.0,500,294.94,100,IBM
2025-10-07,9:30:31.324074833,T,294.15,100,294.94,100,IBM
2025-10-07,9:30:31.324500782,T,294.39,100,294.94,100,IBM
2025-10-07,9:30:31.325202496,T,294.01,100,294.94,100,IBM
2025-10-07,9:30:31.325367823,T,294.39,100,294.94,100,IBM
2025-10-07,9:30:31.325723659,T,294.0,500,294.94,100,IBM
2025-10-07,9:30:31.325728756,T,294.0,500,294.83,100,IBM
2025-10-07,9:30:31.329061646,T,294.0,400,294.83,100,IBM
2025-10-07,9:30:31.387069795,T,294.0,400,295.25,100,IBM
2025-10-07,9:30:32.380875718,T,294.0,400,294.94,100,IBM
2025-10-07,9:30:38.734977385,T,294.0,500,294.94,100,IBM
2025-10-07,9:30:38.737017235,T,294.17,100,294.94,100,IBM
2025-10-07,9:30:38.737037239,T,294.28,100,294.94,100,IBM
2025-10-07,9:30:38.737052263,T,294.17,100,294.94,100,IBM
2025-10-07,9:30:38.737062241,T,294.46,100,294.94,100,IBM
2025-10-07,9:30:38.737072283,T,294.17,100,294.94,100,IBM
2025-10-07,9:30:38.739032016,T,294.0,500,294.94,100,IBM
2025-10-07,9:30:38.740625795,T,294.0,400,294.94,100,IBM
2025-10-07,9:30:38.748459479,T,294.0,400,295.25,100,IBM
2025-10-07,9:30:38.748504588,T,294.0,400,295.8,100,IBM
2025-10-07,9:30:38.748509625,T,294.0,500,295.8,100,IBM
2025-10-07,9:30:38.749000688,T,294.0,500,295.25,100,IBM
2025-10-07,9:30:38.749010727,T,294.0,400,295.25,100,IBM
2025-10-07,9:30:38.762979049,T,294.0,400,295.8,100,IBM
2025-10-07,9:30:39.244184617,T,294.0,400,294.99,100,IBM
2025-10-07,9:30:42.858313701,T,294.0,500,294.99,100,IBM
2025-10-07,9:30:42.858318628,T,294.0,500,295.04,100,IBM
2025-10-07,9:30:42.858344098,T,294.47,100,295.04,100,IBM
2025-10-07,9:30:42.858373837,T,294.47,100,295.8,100,IBM
2025-10-07,9:30:42.858398901,T,294.55,100,295.8,100,IBM
2025-10-07,9:30:42.858599353,T,294.7,100,295.8,100,IBM
2025-10-07,9:30:42.859867321,T,294.47,100,295.8,100,IBM
2025-10-07,9:30:42.860328417,T,294.0,500,295.8,100,IBM
2025-10-07,9:30:42.958627449,T,294.0,400,295.8,100,IBM
2025-10-07,9:30:43.858780462,T,294.0,400,295.36,100,IBM
2025-10-07,9:30:43.859582418,T,294.0,400,295.36,200,IBM
2025-10-07,9:30:44.453641585,T,294.0,400,295.36,100,IBM
2025-10-07,9:30:45.036544242,T,294.0,400,295.35,100,IBM
2025-10-07,9:30:45.103263111,T,294.0,400,295.67,100,IBM
2025-10-07,9:30:45.136818009,T,294.0,400,295.65,400,IBM
2025-10-07,9:30:45.136827993,T,294.0,400,295.67,100,IBM
2025-10-07,9:30:47.393254836,T,294.25,100,295.67,100,IBM
2025-10-07,9:30:47.395024033,T,294.25,200,295.67,100,IBM
2025-10-07,9:30:47.507145905,T,294.52,100,295.67,100,IBM
2025-10-07,9:30:47.507150979,T,294.53,100,295.67,100,IBM
2025-10-07,9:30:47.507160925,T,294.53,100,295.8,100,IBM
2025-10-07,9:30:47.507216095,T,294.85,100,295.8,100,IBM
2025-10-07,9:30:47.508358834,T,294.53,100,295.8,100,IBM
2025-10-07,9:30:47.508383863,T,294.46,100,295.8,100,IBM
2025-10-07,9:30:47.508403890,T,294.25,200,295.8,100,IBM
2025-10-07,9:30:48.507597556,T,294.25,200,295.67,100,IBM
2025-10-07,9:30:49.220655132,T,294.25,200,295.56,100,IBM
2025-10-07,9:30:49.935516953,T,294.25,200,295.67,100,IBM
2025-10-07,9:30:49.943616136,T,294.5,100,295.67,100,IBM
2025-10-07,9:30:50.102579696,T,294.31,100,295.67,100,IBM
2025-10-07,9:30:50.298115196,T,294.5,100,295.67,100,IBM
2025-10-07,9:30:50.538933444,T,294.31,100,295.67,100,IBM
2025-10-07,9:30:50.582311703,T,294.5,100,295.67,100,IBM
2025-10-07,9:30:52.047700234,T,294.31,100,295.67,100,IBM
2025-10-07,9:30:52.092857769,T,294.5,100,295.67,100,IBM
2025-10-07,9:30:52.921254998,T,294.46,100,295.67,100,IBM
2025-10-07,9:30:52.921295031,T,294.31,100,295.67,100,IBM
2025-10-07,9:30:53.024255187,T,294.5,100,295.67,100,IBM
2025-10-07,9:30:53.475504479,T,294.31,100,295.67,100,IBM
2025-10-07,9:30:54.578405490,T,294.31,100,295.8,100,IBM
2025-10-07,9:30:54.578410040,T,294.5,100,295.8,100,IBM
2025-10-07,9:30:54.578535368,T,294.74,100,295.8,100,IBM
2025-10-07,9:30:54.578535368,T,294.5,100,295.8,100,IBM
2025-10-07,9:30:54.579171888,T,294.51,100,295.8,100,IBM
2025-10-07,9:30:54.579292226,T,294.5,100,295.8,100,IBM
2025-10-07,9:30:54.580725560,T,294.5,100,295.8,200,IBM
2025-10-07,9:30:54.580800739,T,294.5,100,295.8,300,IBM
2025-10-07,9:30:54.678403091,T,294.49,100,295.8,300,IBM
2025-10-07,9:30:54.835231725,T,294.49,100,295.8,200,IBM
2025-10-07,9:30:54.835231725,T,294.49,100,295.8,100,IBM
2025-10-07,9:30:54.835236999,T,294.49,100,296.0,100,IBM
2025-10-07,9:30:54.835236999,T,294.49,100,296.2,100,IBM
2025-10-07,9:30:54.835236999,T,294.5,100,296.2,100,IBM
2025-10-07,9:30:54.835241499,T,294.5,100,295.8,100,IBM
2025-10-07,9:30:54.835256807,T,294.5,100,296.2,100,IBM
2025-10-07,9:30:54.835256807,T,294.75,100,296.2,100,IBM
2025-10-07,9:30:54.835261830,T,294.75,100,295.8,100,IBM
2025-10-07,9:30:54.835502086,T,294.75,200,295.8,100,IBM
2025-10-07,9:30:54.835507129,T,294.75,200,296.2,100,IBM
2025-10-07,9:30:54.835517169,T,294.75,200,295.8,100,IBM
2025-10-07,9:30:54.835527091,T,294.75,200,296.2,100,IBM
2025-10-07,9:30:54.835537212,T,294.75,200,295.8,100,IBM
2025-10-07,9:30:54.835557169,T,294.75,200,296.0,100,IBM
2025-10-07,9:30:54.835562184,T,294.75,200,295.8,100,IBM
2025-10-07,9:30:54.835597339,T,294.75,200,296.2,100,IBM
2025-10-07,9:30:54.835602356,T,294.75,200,295.8,100,IBM
2025-10-07,9:30:54.835898022,T,294.75,200,295.8,200,IBM
2025-10-07,9:30:54.836143586,T,294.75,100,295.8,200,IBM
2025-10-07,9:30:54.836414228,T,294.5,100,295.8,200,IBM
2025-10-07,9:30:55.356351979,T,294.5,100,295.8,100,IBM
2025-10-07,9:30:55.356377138,T,294.5,100,296.2,100,IBM
2025-10-07,9:30:55.356783135,T,294.85,100,296.2,100,IBM
2025-10-07,9:30:55.356808151,T,295.28,100,296.2,100,IBM
2025-10-07,9:30:55.357284582,T,295.28,100,296.0,100,IBM
2025-10-07,9:30:55.357434577,T,295.03,100,296.0,100,IBM
2025-10-07,9:30:55.357499725,T,295.03,100,296.66,100,IBM
2025-10-07,9:30:55.357524866,T,294.85,100,296.66,100,IBM
2025-10-07,9:30:55.357544873,T,294.5,100,296.66,100,IBM
2025-10-07,9:30:55.357550127,T,294.5,100,296.2,100,IBM
2025-10-07,9:30:55.357569883,T,294.5,100,296.2,200,IBM
2025-10-07,9:30:55.357579939,T,294.5,100,296.2,100,IBM
2025-10-07,9:30:55.357605010,T,294.5,100,296.13,100,IBM
2025-10-07,9:30:55.357660166,T,294.5,100,296.2,100,IBM
2025-10-07,9:30:55.357685189,T,294.5,100,296.13,100,IBM
2025-10-07,9:30:55.357695261,T,294.5,100,296.2,100,IBM
2025-10-07,9:30:55.357700203,T,295.03,100,296.2,100,IBM
2025-10-07,9:30:55.357710303,T,295.03,100,296.13,100,IBM
2025-10-07,9:30:55.357725295,T,295.03,100,296.09,400,IBM
2025-10-07,9:30:55.357735310,T,295.03,100,296.13,100,IBM
2025-10-07,9:30:55.357750386,T,295.03,100,296.2,100,IBM
2025-10-07,9:30:55.357760419,T,295.03,100,296.0,300,IBM
2025-10-07,9:30:55.357760419,T,295.03,100,296.0,400,IBM
2025-10-07,9:30:55.357930809,T,295.03,100,296.0,100,IBM
2025-10-07,9:30:55.357946232,T,295.03,100,296.13,100,IBM
2025-10-07,9:30:55.357946232,T,295.03,100,296.2,100,IBM
2025-10-07,9:30:55.358712689,T,295.03,100,296.66,100,IBM
2025-10-07,9:30:55.378018793,T,294.5,100,296.66,100,IBM
2025-10-07,9:30:55.579563495,T,294.5,100,296.2,100,IBM
2025-10-07,9:30:56.641361227,T,294.85,100,296.2,100,IBM
2025-10-07,9:30:56.822858304,T,295.0,100,296.2,100,IBM
2025-10-07,9:30:56.823068774,T,295.0,200,296.2,100,IBM
2025-10-07,9:30:56.823855600,T,295.0,200,296.66,100,IBM
2025-10-07,9:30:56.823880648,T,295.03,100,296.66,100,IBM
2025-10-07,9:30:56.823910697,T,295.18,100,296.66,100,IBM
2025-10-07,9:30:56.823930825,T,295.35,100,296.66,100,IBM
2025-10-07,9:30:56.823960856,T,295.55,100,296.66,100,IBM
2025-10-07,9:30:56.824406922,T,295.18,100,296.66,100,IBM
2025-10-07,9:30:56.824602437,T,295.18,100,297.93,100,IBM
2025-10-07,9:30:56.824627564,T,295.36,100,297.93,100,IBM
2025-10-07,9:30:56.824637498,T,295.55,100,297.93,100,IBM
2025-10-07,9:30:56.824647534,T,295.55,100,297.99,100,IBM
2025-10-07,9:30:56.824787801,T,295.55,100,297.93,100,IBM
2025-10-07,9:30:56.824807928,T,295.18,100,297.93,100,IBM
2025-10-07,9:30:56.824812973,T,295.18,100,297.99,100,IBM
2025-10-07,9:30:56.824848041,T,295.18,100,297.93,100,IBM
2025-10-07,9:30:56.827980425,T,295.0,100,297.93,100,IBM
2025-10-07,9:30:56.833468505,T,294.56,100,297.93,100,IBM
2025-10-07,9:30:56.841532757,T,294.31,100,297.93,100,IBM
2025-10-07,9:30:56.862572748,T,295.02,100,297.93,100,IBM
2025-10-07,9:30:56.862652971,T,295.03,100,297.93,100,IBM
2025-10-07,9:30:56.862693081,T,295.18,100,297.93,100,IBM
2025-10-07,9:30:56.862733226,T,295.18,100,297.99,100,IBM
2025-10-07,9:30:56.862758235,T,295.18,100,298.0,100,IBM
2025-10-07,9:30:56.862793278,T,295.18,100,297.99,100,IBM
2025-10-07,9:30:56.866692626,T,295.02,100,297.99,100,IBM
2025-10-07,9:30:56.867123599,T,295.02,100,298.48,100,IBM
2025-10-07,9:30:56.882615480,T,294.49,100,298.48,100,IBM
2025-10-07,9:30:56.884259381,T,294.85,100,298.48,100,IBM
2025-10-07,9:30:57.248987762,T,294.25,100,298.48,100,IBM
2025-10-07,9:30:57.614768756,T,294.25,200,298.48,100,IBM
2025-10-07,9:30:57.614808643,T,294.31,100,298.48,100,IBM
2025-10-07,9:30:57.614868804,T,294.49,100,298.48,100,IBM
2025-10-07,9:30:57.617424918,T,294.31,100,298.48,100,IBM
2025-10-07,9:30:57.617470018,T,294.25,200,298.48,100,IBM
2025-10-07,9:30:57.694042271,T,294.25,200,296.71,100,IBM
2025-10-07,9:30:59.383218624,T,294.25,200,298.36,100,IBM
2025-10-07,9:30:59.504221666,T,296.01,100,298.36,100,IBM
2025-10-07,9:31:00.439558394,T,296.01,100,297.17,200,IBM
2025-10-07,9:31:01.357899783,T,295.09,200,297.17,200,IBM
2025-10-07,9:31:01.516537473,T,296.26,100,297.17,200,IBM
2025-10-07,9:31:01.987217933,T,296.26,100,296.74,100,IBM
2025-10-07,9:31:02.352106516,T,296.26,100,296.92,100,IBM
2025-10-07,9:31:03.104678023,T,296.4,100,296.92,100,IBM
2025-10-07,9:31:03.136092744,T,296.4,100,296.6,200,IBM
2025-10-07,9:31:03.136097749,T,296.4,100,296.6,300,IBM
2025-10-07,9:31:03.136157893,T,296.4,100,296.6,100,IBM
2025-10-07,9:31:03.136162942,T,296.4,100,296.92,100,IBM
2025-10-07,9:31:03.136183004,T,296.4,100,296.42,200,IBM
2025-10-07,9:31:03.136187993,T,296.4,100,296.42,100,IBM
2025-10-07,9:31:03.136192940,T,296.4,100,296.92,100,IBM
2025-10-07,9:31:03.136212996,T,295.09,200,296.92,100,IBM
2025-10-07,9:31:03.136212996,T,295.09,200,296.42,200,IBM
2025-10-07,9:31:03.136218129,T,295.09,200,296.42,100,IBM
2025-10-07,9:31:03.136238081,T,295.09,200,296.92,100,IBM
2025-10-07,9:31:03.136238081,T,296.27,100,296.92,100,IBM
2025-10-07,9:31:03.136308254,T,296.42,100,296.92,100,IBM
2025-10-07,9:31:03.136614014,T,296.42,100,296.62,100,IBM
2025-10-07,9:31:03.136704166,T,296.27,100,296.62,100,IBM
2025-10-07,9:31:03.138729034,T,296.27,100,296.92,100,IBM
2025-10-07,9:31:03.807746657,T,296.27,200,296.92,100,IBM
2025-10-07,9:31:04.500455908,T,296.27,200,297.17,200,IBM
2025-10-07,9:31:05.184629576,T,296.27,100,297.17,200,IBM
2025-10-07,9:31:05.517627355,T,295.42,200,297.17,200,IBM
2025-10-07,9:31:05.518243882,T,295.42,200,298.36,100,IBM
2025-10-07,9:31:05.518253841,T,295.42,200,296.96,200,IBM
2025-10-07,9:31:05.569325450,T,296.18,100,296.96,200,IBM
2025-10-07,9:31:07.615842631,T,295.42,200,296.96,200,IBM
2025-10-07,9:31:11.350007463,T,294.25,100,296.96,200,IBM
2025-10-07,9:31:11.350012409,T,295.7,200,296.96,200,IBM
2025-10-07,9:31:11.844013375,T,296.18,100,296.96,200,IBM
2025-10-07,9:31:11.844259012,T,296.18,100,296.96,300,IBM
2025-10-07,9:31:11.848634355,T,296.18,100,296.96,200,IBM
2025-10-07,9:31:12.063500913,T,296.18,100,296.86,100,IBM
2025-10-07,9:31:12.063546109,T,296.18,100,296.8,100,IBM
2025-10-07,9:31:12.064578522,T,295.7,200,296.8,100,IBM
2025-10-07,9:31:12.065335285,T,295.7,300,296.8,100,IBM
2025-10-07,9:31:12.065410532,T,295.7,300,296.44,100,IBM
2025-10-07,9:31:12.065460572,T,295.7,400,296.44,100,IBM
2025-10-07,9:31:12.065480666,T,296.11,100,296.44,100,IBM
2025-10-07,9:31:12.065480666,T,296.11,200,296.44,100,IBM
2025-10-07,9:31:12.065625969,T,296.11,200,296.5,100,IBM
2025-10-07,9:31:12.066563220,T,296.11,200,296.51,100,IBM
2025-10-07,9:31:12.067600767,T,296.11,200,296.8,100,IBM
2025-10-07,9:31:12.067871381,T,296.11,200,296.96,200,IBM
2025-10-07,9:31:12.113013874,T,296.11,100,296.96,200,IBM
2025-10-07,9:31:12.113013874,T,295.7,200,296.96,200,IBM
2025-10-07,9:31:12.113043906,T,295.7,200,296.8,100,IBM
2025-10-07,9:31:12.114061363,T,295.7,200,296.96,200,IBM
2025-10-07,9:31:12.480939746,T,295.7,200,296.81,100,IBM
2025-10-07,9:31:12.480954745,T,295.7,200,296.8,100,IBM
2025-10-07,9:31:12.480969807,T,295.7,200,296.42,100,IBM
2025-10-07,9:31:12.481415908,T,295.7,200,296.8,100,IBM
2025-10-07,9:31:12.481440898,T,295.7,200,296.42,100,IBM
2025-10-07,9:31:12.481596263,T,295.7,200,296.02,100,IBM
2025-10-07,9:31:12.481642062,T,294.25,100,296.02,100,IBM
2025-10-07,9:31:12.481646422,T,295.36,200,296.02,100,IBM
2025-10-07,9:31:12.481706541,T,295.36,200,296.16,100,IBM
2025-10-07,9:31:12.481841947,T,295.36,200,296.02,100,IBM
2025-10-07,9:31:12.482313073,T,295.36,200,296.16,100,IBM
2025-10-07,9:31:12.485891568,T,295.36,200,296.69,100,IBM
2025-10-07,9:31:12.485991743,T,295.36,200,296.71,300,IBM
2025-10-07,9:31:12.486643284,T,295.36,200,296.69,100,IBM
2025-10-07,9:31:12.486863827,T,295.36,300,296.69,100,IBM
2025-10-07,9:31:12.497068189,T,295.36,300,296.69,200,IBM
2025-10-07,9:31:13.074322278,T,295.36,200,296.69,200,IBM
2025-10-07,9:31:13.594560819,T,294.85,100,296.69,200,IBM
2025-10-07,9:31:13.594560819,T,295.1,200,296.69,200,IBM
2025-10-07,9:31:13.595367798,T,295.28,100,296.69,200,IBM
2025-10-07,9:31:14.418547478,T,295.28,200,296.69,200,IBM
2025-10-07,9:31:14.418582576,T,295.28,100,296.69,200,IBM
2025-10-07,9:31:15.187798637,T,295.33,100,296.69,200,IBM
2025-10-07,9:31:15.187838727,T,295.41,100,296.69,200,IBM
2025-10-07,9:31:15.188635660,T,295.41,200,296.69,200,IBM
2025-10-07,9:31:15.188796018,T,295.41,100,296.69,200,IBM
2025-10-07,9:31:15.188926332,T,295.41,200,296.69,200,IBM
2025-10-07,9:31:15.192765548,T,295.41,200,296.69,100,IBM
2025-10-07,9:31:15.192820615,T,295.56,100,296.69,100,IBM
2025-10-07,9:31:15.192825913,T,295.41,200,296.69,100,IBM
2025-10-07,9:31:15.192830625,T,295.57,100,296.69,100,IBM
2025-10-07,9:31:15.192855697,T,295.41,200,296.69,100,IBM
2025-10-07,9:31:15.193071195,T,295.46,200,296.69,100,IBM
2025-10-07,9:31:16.361036742,T,295.46,200,296.71,200,IBM
2025-10-07,9:31:16.533266762,T,294.25,100,296.71,200,IBM
2025-10-07,9:31:16.533271822,T,295.12,200,296.71,200,IBM
2025-10-07,9:31:20.181106087,T,295.12,200,298.48,100,IBM
2025-10-07,9:31:20.181116071,T,295.12,200,297.06,200,IBM
2025-10-07,9:31:20.922912177,T,295.46,100,297.06,200,IBM
2025-10-07,9:31:20.923373285,T,295.12,200,297.06,200,IBM
2025-10-07,9:31:20.923899575,T,295.46,100,297.06,200,IBM
2025-10-07,9:31:21.345222493,T,295.46,200,297.06,200,IBM
2025-10-07,9:31:22.653171262,T,295.46,200,298.48,100,IBM
2025-10-07,9:31:22.653176176,T,295.46,200,296.76,200,IBM
2025-10-07,9:31:24.527057127,T,295.58,100,296.76,200,IBM
2025-10-07,9:31:24.527072130,T,295.59,100,296.76,200,IBM
2025-10-07,9:31:24.790088429,T,295.69,100,296.76,200,IBM
2025-10-07,9:31:26.626119264,T,295.58,100,296.76,200,IBM
2025-10-07,9:31:27.873057860,T,295.69,100,296.76,200,IBM
2025-10-07,9:31:27.973732528,T,295.58,100,296.76,200,IBM
2025-10-07,9:31:28.024463255,T,295.69,100,296.76,200,IBM
2025-10-07,9:31:28.024819142,T,295.69,100,298.48,100,IBM
2025-10-07,9:31:28.024824159,T,295.69,100,297.1,200,IBM
2025-10-07,9:31:28.025666155,T,295.58,100,297.1,200,IBM
2025-10-07,9:31:28.064117687,T,295.69,100,297.1,200,IBM
2025-10-07,9:31:28.114532701,T,295.58,100,297.1,200,IBM
2025-10-07,9:31:28.282612830,T,295.69,100,297.1,200,IBM
2025-10-07,9:31:28.524513726,T,295.58,100,297.1,200,IBM
2025-10-07,9:31:28.607812032,T,295.69,100,297.1,200,IBM
2025-10-07,9:31:28.738057010,T,295.4,200,297.1,200,IBM
2025-10-07,9:31:28.807186635,T,295.69,100,297.1,200,IBM
2025-10-07,9:31:28.807677786,T,295.7,200,297.1,200,IBM
2025-10-07,9:31:28.912577482,T,295.7,200,296.69,100,IBM
2025-10-07,9:31:29.923835071,T,295.69,100,296.69,100,IBM
2025-10-07,9:31:30.174206194,T,295.4,200,296.69,100,IBM
2025-10-07,9:31:30.308826637,T,295.69,100,296.69,100,IBM
2025-10-07,9:31:30.788358412,T,295.4,200,296.69,100,IBM
2025-10-07,9:31:30.788859714,T,295.7,100,296.69,100,IBM
2025-10-07,9:31:31.166669157,T,295.7,100,296.55,100,IBM
2025-10-07,9:31:32.524621811,T,295.7,100,296.69,100,IBM
2025-10-07,9:31:33.191494430,T,295.7,100,297.05,100,IBM
2025-10-07,9:31:33.476608230,T,295.7,200,297.05,100,IBM
2025-10-07,9:31:33.978417777,T,295.7,200,297.1,200,IBM
2025-10-07,9:31:34.971947958,T,295.7,100,297.1,200,IBM
2025-10-07,9:31:35.631628517,T,295.7,100,297.05,100,IBM
2025-10-07,9:31:37.364308423,T,295.7,100,297.1,200,IBM
2025-10-07,9:31:37.899522465,T,295.71,100,297.1,200,IBM
2025-10-07,9:31:37.900023670,T,295.71,200,297.1,200,IBM
2025-10-07,9:31:38.626363050,T,295.71,100,297.1,200,IBM
2025-10-07,9:31:40.052212525,T,295.71,200,297.1,200,IBM
2025-10-07,9:31:42.074000672,T,295.71,100,297.1,200,IBM
2025-10-07,9:31:42.075404043,T,296.0,100,297.1,200,IBM
2025-10-07,9:31:42.659830405,T,295.71,100,297.1,200,IBM
2025-10-07,9:31:43.728048351,T,296.0,100,297.1,200,IBM
2025-10-07,9:31:44.092320597,T,296.0,100,297.05,100,IBM
2025-10-07,9:31:44.587544502,T,296.0,100,296.89,200,IBM
2025-10-07,9:31:46.750774481,T,296.0,100,296.38,100,IBM
2025-10-07,9:31:46.750799617,T,295.4,200,296.38,100,IBM
2025-10-07,9:31:46.750819677,T,295.4,200,296.01,100,IBM
2025-10-07,9:31:46.751065499,T,295.4,200,296.0,100,IBM
2025-10-07,9:31:46.751335872,T,295.4,300,296.0,100,IBM
2025-10-07,9:31:46.751396008,T,295.4,300,296.31,100,IBM
2025-10-07,9:31:46.751521324,T,295.4,300,296.16,100,IBM
2025-10-07,9:31:46.751616517,T,295.4,200,296.16,100,IBM
2025-10-07,9:31:46.751621900,T,295.92,100,296.16,100,IBM
2025-10-07,9:31:46.751621900,T,295.4,200,296.16,100,IBM
2025-10-07,9:31:46.751641807,T,295.92,100,296.16,100,IBM
2025-10-07,9:31:46.751641807,T,295.4,200,296.16,100,IBM
2025-10-07,9:31:46.758442796,T,295.4,200,296.31,100,IBM
2025-10-07,9:31:46.828414372,T,295.4,200,296.63,200,IBM
2025-10-07,9:31:46.969891205,T,295.4,200,296.48,100,IBM
2025-10-07,9:31:46.969901198,T,295.4,200,296.31,100,IBM
2025-10-07,9:31:46.970582754,T,295.4,200,296.47,100,IBM
2025-10-07,9:31:46.970923656,T,295.4,200,296.48,100,IBM
2025-10-07,9:31:47.058878012,T,295.4,200,296.63,200,IBM
2025-10-07,9:31:49.118265690,T,295.4,200,296.31,100,IBM
2025-10-07,9:31:49.118280764,T,295.4,200,296.14,100,IBM
2025-10-07,9:31:49.118300861,T,295.4,200,295.93,100,IBM
2025-10-07,9:31:49.118476269,T,294.0,500,295.93,100,IBM
2025-10-07,9:31:49.118486220,T,295.18,200,295.93,100,IBM
2025-10-07,9:31:49.118556436,T,295.18,200,296.14,100,IBM
2025-10-07,9:31:49.118581442,T,295.18,200,296.63,200,IBM
2025-10-07,9:31:49.118847109,T,295.59,100,296.63,200,IBM
2025-10-07,9:31:50.623664528,T,295.18,200,296.63,200,IBM
2025-10-07,9:31:50.623699511,T,295.18,200,296.35,100,IBM
2025-10-07,9:31:50.623714453,T,295.18,200,296.04,100,IBM
2025-10-07,9:31:50.623734512,T,295.18,200,296.03,100,IBM
2025-10-07,9:31:50.623779609,T,295.18,200,295.98,100,IBM
2025-10-07,9:31:50.624185653,T,295.18,200,295.82,100,IBM
2025-10-07,9:31:50.624426186,T,295.18,300,295.82,100,IBM
2025-10-07,9:31:50.624556498,T,295.18,100,295.82,100,IBM
2025-10-07,9:31:50.625353369,T,295.18,100,295.98,100,IBM
2025-10-07,9:31:50.631317624,T,295.18,100,296.03,100,IBM
2025-10-07,9:31:50.633948823,T,295.18,100,296.63,200,IBM
2025-10-07,9:31:50.636620206,T,295.28,100,296.63,200,IBM
2025-10-07,9:31:50.636640274,T,295.28,200,296.63,200,IBM
2025-10-07,9:31:51.554675807,T,295.28,200,298.34,100,IBM
2025-10-07,9:31:51.554675807,T,295.28,200,296.36,200,IBM
2025-10-07,9:31:51.948658697,T,295.28,100,296.36,200,IBM
2025-10-07,9:31:54.222933086,T,295.69,100,296.36,200,IBM
2025-10-07,9:31:54.222958060,T,295.69,200,296.36,200,IBM
2025-10-07,9:31:55.767028846,T,295.85,100,296.36,200,IBM
2025-10-07,9:31:55.767274440,T,295.85,100,298.36,100,IBM
2025-10-07,9:31:55.767279503,T,295.85,100,296.57,200,IBM
2025-10-07,9:31:58.879348179,T,295.85,200,296.57,200,IBM
2025-10-07,9:31:59.654313296,T,295.85,100,296.57,200,IBM
2025-10-07,9:31:59.769226860,T,295.37,200,296.57,200,IBM
2025-10-07,9:31:59.769256934,T,295.37,200,296.41,100,IBM
2025-10-07,9:31:59.771492255,T,295.37,200,296.57,200,IBM
2025-10-07,9:32:00.094045081,T,295.37,200,296.05,100,IBM
2025-10-07,9:32:00.318048383,T,295.37,200,296.05,200,IBM
2025-10-07,9:32:00.318589673,T,295.37,200,296.05,100,IBM
2025-10-07,9:32:01.039235264,T,295.37,200,296.05,200,IBM
2025-10-07,9:32:01.307844686,T,295.37,200,295.88,100,IBM
2025-10-07,9:32:01.323542047,T,294.67,100,295.88,100,IBM
2025-10-07,9:32:01.323547023,T,295.08,200,295.88,100,IBM
2025-10-07,9:32:02.726436940,T,295.08,200,295.88,200,IBM
2025-10-07,9:32:05.577614564,T,295.08,200,295.88,100,IBM
2025-10-07,9:32:06.199525095,T,295.08,200,295.88,200,IBM
2025-10-07,9:32:06.199655373,T,294.0,400,295.88,200,IBM
2025-10-07,9:32:06.199660472,T,294.82,200,295.88,200,IBM
2025-10-07,9:32:06.200622659,T,294.82,200,295.87,100,IBM
2025-10-07,9:32:06.202717732,T,294.82,200,295.88,200,IBM
2025-10-07,9:32:06.209734360,T,294.82,200,295.88,100,IBM
2025-10-07,9:32:06.209995025,T,294.82,200,295.88,200,IBM
2025-10-07,9:32:06.237024381,T,294.82,200,295.88,100,IBM
2025-10-07,9:32:06.257006960,T,294.82,200,295.88,200,IBM
2025-10-07,9:32:06.257032028,T,294.82,200,295.88,100,IBM
2025-10-07,9:32:06.257142382,T,294.82,200,295.88,200,IBM
2025-10-07,9:32:06.257172369,T,294.82,200,295.88,100,IBM
2025-10-07,9:32:06.257177282,T,294.82,200,295.76,100,IBM
2025-10-07,9:32:06.257207359,T,294.82,200,295.21,100,IBM
2025-10-07,9:32:06.259117008,T,294.0,400,295.21,100,IBM
2025-10-07,9:32:06.260410046,T,294.0,400,295.21,200,IBM
2025-10-07,9:32:06.264745298,T,294.0,400,295.21,100,IBM
2025-10-07,9:32:06.363876309,T,294.27,200,295.21,100,IBM
2025-10-07,9:32:08.448393984,T,294.27,200,295.21,200,IBM
2025-10-07,9:32:08.568154037,T,294.27,200,295.21,300,IBM
2025-10-07,9:32:08.585570537,T,294.27,200,295.21,400,IBM
2025-10-07,9:32:08.928131087,T,294.27,200,295.21,500,IBM
2025-10-07,9:32:08.928131087,T,294.27,200,295.19,100,IBM
2025-10-07,9:32:08.928166096,T,294.27,200,294.88,100,IBM
2025-10-07,9:32:08.928231264,T,294.27,200,295.07,100,IBM
2025-10-07,9:32:08.928256372,T,294.27,200,294.87,100,IBM
2025-10-07,9:32:08.928351594,T,294.27,200,295.18,100,IBM
2025-10-07,9:32:08.928351594,T,294.27,200,294.87,100,IBM
2025-10-07,9:32:08.929203568,T,294.27,200,294.88,200,IBM
2025-10-07,9:32:08.929263703,T,294.27,200,294.88,100,IBM
2025-10-07,9:32:08.929519366,T,294.27,300,294.88,100,IBM
2025-10-07,9:32:08.933468704,T,294.27,100,294.88,100,IBM
2025-10-07,9:32:09.040558659,T,294.27,100,294.88,200,IBM
2025-10-07,9:32:09.406189183,T,294.0,400,294.88,200,IBM
2025-10-07,9:32:09.406219218,T,294.0,400,294.88,300,IBM
2025-10-07,9:32:09.406219218,T,294.0,400,294.87,100,IBM
2025-10-07,9:32:09.406239660,T,294.0,400,294.86,100,IBM
2025-10-07,9:32:09.406244301,T,294.0,400,294.74,100,IBM
2025-10-07,9:32:09.406299486,T,294.0,400,294.86,100,IBM
2025-10-07,9:32:09.406304394,T,294.0,400,294.57,100,IBM
2025-10-07,9:32:09.406650280,T,294.0,400,294.57,200,IBM
2025-10-07,9:32:09.407462201,T,294.0,400,294.57,100,IBM
2025-10-07,9:32:09.416664225,T,294.0,400,294.75,100,IBM
2025-10-07,9:32:09.417029948,T,294.0,400,294.75,200,IBM
2025-10-07,9:32:09.433173327,T,294.0,500,294.75,200,IBM
2025-10-07,9:32:10.528140083,T,293.41,200,294.75,200,IBM
2025-10-07,9:32:10.528165154,T,293.41,200,294.75,300,IBM
2025-10-07,9:32:10.528175217,T,293.41,200,294.6,100,IBM
2025-10-07,9:32:10.528185201,T,293.41,200,294.38,100,IBM
2025-10-07,9:32:10.528235286,T,293.57,100,294.38,100,IBM
2025-10-07,9:32:10.528265358,T,293.41,200,294.38,100,IBM
2025-10-07,9:32:10.528330520,T,293.41,200,294.74,100,IBM
2025-10-07,9:32:10.528781606,T,293.68,100,294.74,100,IBM
2025-10-07,9:32:10.528871843,T,293.68,200,294.74,100,IBM
2025-10-07,9:32:10.528891853,T,293.68,200,294.6,100,IBM
2025-10-07,9:32:10.528972026,T,293.68,200,294.6,200,IBM
2025-10-07,9:32:10.529222840,T,293.68,200,294.6,100,IBM
2025-10-07,9:32:10.529508446,T,293.68,200,294.6,200,IBM
2025-10-07,9:32:10.529608548,T,293.68,200,294.6,100,IBM
2025-10-07,9:32:10.531001865,T,293.68,200,294.41,100,IBM
2025-10-07,9:32:10.531042145,T,293.68,200,294.6,200,IBM
2025-10-07,9:32:10.531062093,T,293.68,200,294.6,100,IBM
2025-10-07,9:32:10.531067266,T,294.1,100,294.6,100,IBM
2025-10-07,9:32:10.531072038,T,294.1,200,294.6,100,IBM
2025-10-07,9:32:10.531092071,T,294.1,100,294.6,100,IBM
2025-10-07,9:32:10.531097171,T,293.89,100,294.6,100,IBM
2025-10-07,9:32:10.531102176,T,293.69,100,294.6,100,IBM
2025-10-07,9:32:10.531122149,T,293.41,200,294.6,100,IBM
2025-10-07,9:32:10.532310022,T,293.41,200,294.57,100,IBM
2025-10-07,9:32:10.790655056,T,293.41,200,294.57,200,IBM
2025-10-07,9:32:10.830775599,T,293.41,200,294.57,100,IBM
2025-10-07,9:32:10.831352124,T,293.41,200,294.72,100,IBM
2025-10-07,9:32:11.474703468,T,293.41,200,294.57,100,IBM
2025-10-07,9:32:11.804628910,T,293.41,200,294.57,200,IBM
2025-10-07,9:32:11.804969682,T,293.27,100,294.57,200,IBM
2025-10-07,9:32:11.804979664,T,293.66,200,294.57,200,IBM
2025-10-07,9:32:12.592489488,T,293.77,100,294.57,200,IBM
2025-10-07,9:32:16.815227394,T,293.77,100,294.57,100,IBM
2025-10-07,9:32:17.037877408,T,293.77,100,294.57,200,IBM
2025-10-07,9:32:17.455586941,T,293.78,100,294.57,200,IBM
2025-10-07,9:32:20.005712665,T,293.78,100,294.57,100,IBM
2025-10-07,9:32:20.012102865,T,293.78,100,295.31,200,IBM
2025-10-07,9:32:20.013275712,T,294.37,100,295.31,200,IBM
2025-10-07,9:32:20.013295747,T,293.92,100,295.31,200,IBM
2025-10-07,9:32:20.013466181,T,293.86,100,295.31,200,IBM
2025-10-07,9:32:20.013466181,T,293.86,100,295.2,100,IBM
2025-10-07,9:32:20.013496202,T,293.78,100,295.2,100,IBM
2025-10-07,9:32:20.017791496,T,294.08,200,295.2,100,IBM
2025-10-07,9:32:20.113544349,T,294.08,200,295.31,200,IBM
2025-10-07,9:32:20.588033994,T,294.08,200,295.31,300,IBM
2025-10-07,9:32:20.599977403,T,294.08,200,295.31,100,IBM
2025-10-07,9:32:21.757473111,T,294.08,300,295.31,100,IBM
2025-10-07,9:32:21.757713706,T,294.09,100,295.31,100,IBM
2025-10-07,9:32:21.757763781,T,294.08,300,295.31,100,IBM
2025-10-07,9:32:21.757768858,T,294.09,100,295.31,100,IBM
2025-10-07,9:32:21.757899154,T,294.09,100,295.59,200,IBM
2025-10-07,9:32:21.757929173,T,294.91,100,295.59,200,IBM
2025-10-07,9:32:21.757949241,T,294.92,100,295.59,200,IBM
2025-10-07,9:32:21.758350158,T,294.91,100,295.59,200,IBM
2025-10-07,9:32:21.758440381,T,294.18,100,295.59,200,IBM
2025-10-07,9:32:21.758926513,T,294.09,100,295.59,200,IBM
2025-10-07,9:32:21.761282137,T,294.09,100,295.89,100,IBM
2025-10-07,9:32:21.767973147,T,294.08,200,295.89,100,IBM
2025-10-07,9:32:21.772939927,T,294.09,100,295.89,100,IBM
2025-10-07,9:32:21.772949934,T,294.09,100,296.0,200,IBM
2025-10-07,9:32:21.772954945,T,294.08,200,296.0,200,IBM
2025-10-07,9:32:21.793985049,T,294.09,100,296.0,200,IBM
2025-10-07,9:32:21.793985049,T,294.34,100,296.0,200,IBM
2025-10-07,9:32:21.793990224,T,294.66,100,296.0,200,IBM
2025-10-07,9:32:21.793995083,T,294.85,100,296.0,200,IBM
2025-10-07,9:32:21.794982360,T,294.82,100,296.0,200,IBM
2025-10-07,9:32:21.795618920,T,294.82,100,296.42,100,IBM
2025-10-07,9:32:21.798986953,T,294.67,100,296.42,100,IBM
2025-10-07,9:32:21.802269791,T,294.18,100,296.42,100,IBM
2025-10-07,9:32:21.805251847,T,294.09,100,296.42,100,IBM
2025-10-07,9:32:21.865956386,T,294.08,200,296.42,100,IBM
2025-10-07,9:32:22.046646572,T,294.08,200,296.42,300,IBM
2025-10-07,9:32:22.263592949,T,294.08,200,296.38,100,IBM
2025-10-07,9:32:22.741460578,T,293.78,100,296.38,100,IBM
2025-10-07,9:32:22.741465583,T,294.48,200,296.38,100,IBM
2025-10-07,9:32:22.764690901,T,294.48,200,296.34,100,IBM
2025-10-07,9:32:24.046728105,T,294.48,200,296.24,100,IBM
2025-10-07,9:32:24.055178173,T,294.48,200,296.42,300,IBM
2025-10-07,9:32:25.270351095,T,294.48,200,296.38,100,IBM
2025-10-07,9:32:25.270351095,T,294.48,200,296.0,100,IBM
2025-10-07,9:32:25.270376155,T,294.48,200,295.88,100,IBM
2025-10-07,9:32:25.270426217,T,294.48,200,295.69,100,IBM
2025-10-07,9:32:25.271433618,T,294.48,200,295.88,100,IBM
2025-10-07,9:32:25.271488721,T,294.48,200,296.21,200,IBM
2025-10-07,9:32:25.637144176,T,294.48,200,296.16,100,IBM
2025-10-07,9:32:25.645453953,T,294.48,200,296.21,200,IBM
2025-10-07,9:32:25.994499908,T,294.48,300,296.21,200,IBM
2025-10-07,9:32:26.316185870,T,294.48,300,296.21,300,IBM
2025-10-07,9:32:26.544829951,T,294.5,100,296.21,300,IBM
2025-10-07,9:32:26.544844928,T,294.66,100,296.21,300,IBM
2025-10-07,9:32:26.544859962,T,294.82,100,296.21,300,IBM
2025-10-07,9:32:26.544859962,T,295.2,100,296.21,300,IBM
2025-10-07,9:32:26.550017283,T,294.66,100,296.21,300,IBM
2025-10-07,9:32:26.644908207,T,294.48,300,296.21,300,IBM
2025-10-07,9:32:27.441584816,T,294.48,400,296.21,300,IBM
2025-10-07,9:32:28.982407881,T,294.48,300,296.21,300,IBM
2025-10-07,9:32:29.997875437,T,294.48,100,296.21,300,IBM
2025-10-07,9:32:29.997875437,T,294.75,200,296.21,300,IBM
2025-10-07,9:32:32.348476431,T,294.75,200,296.21,400,IBM
2025-10-07,9:32:33.468663132,T,294.48,100,296.21,400,IBM
2025-10-07,9:32:33.468668380,T,295.01,200,296.21,400,IBM
2025-10-07,9:32:34.575693671,T,295.01,200,296.21,300,IBM
2025-10-07,9:32:34.575718801,T,295.26,100,296.21,300,IBM
2025-10-07,9:32:34.575733836,T,295.58,100,296.21,300,IBM
2025-10-07,9:32:34.575819021,T,295.64,100,296.21,300,IBM
2025-10-07,9:32:34.575849081,T,295.75,100,296.21,300,IBM
2025-10-07,9:32:34.576841395,T,295.14,100,296.21,300,IBM
2025-10-07,9:32:34.578104449,T,295.14,100,296.21,100,IBM
2025-10-07,9:32:34.579848548,T,295.01,200,296.21,100,IBM
2025-10-07,9:32:34.975565603,T,295.01,200,296.42,100,IBM
2025-10-07,9:32:35.290545430,T,295.76,100,296.42,100,IBM
2025-10-07,9:32:35.290655695,T,295.76,100,296.2,100,IBM
2025-10-07,9:32:35.290685813,T,295.76,100,296.42,100,IBM
2025-10-07,9:32:35.290811041,T,295.01,200,296.42,100,IBM
2025-10-07,9:32:35.961352393,T,295.01,200,296.3,100,IBM
2025-10-07,9:32:35.961402486,T,295.01,200,296.29,100,IBM
2025-10-07,9:32:35.969687230,T,295.01,200,296.42,100,IBM
2025-10-07,9:32:37.444262594,T,295.01,300,296.42,100,IBM
2025-10-07,9:32:39.005183688,T,295.01,400,296.42,100,IBM
2025-10-07,9:32:39.010546450,T,295.01,300,296.42,100,IBM
2025-10-07,9:32:39.371385363,T,295.89,100,296.42,100,IBM
2025-10-07,9:32:39.371796646,T,295.89,100,296.85,200,IBM
2025-10-07,9:32:39.371806463,T,295.89,100,296.85,300,IBM
2025-10-07,9:32:39.371821431,T,295.89,100,296.85,200,IBM
2025-10-07,9:32:39.371826670,T,296.41,100,296.85,200,IBM
2025-10-07,9:32:39.371866548,T,296.09,100,296.85,200,IBM
2025-10-07,9:32:39.371876606,T,296.24,100,296.85,200,IBM
2025-10-07,9:32:39.371916996,T,295.97,100,296.85,200,IBM
2025-10-07,9:32:39.372152278,T,296.15,100,296.85,200,IBM
2025-10-07,9:32:39.372242423,T,296.24,100,296.85,200,IBM
2025-10-07,9:32:39.372262458,T,296.24,100,296.85,300,IBM
2025-10-07,9:32:39.372282574,T,296.24,100,296.55,100,IBM
2025-10-07,9:32:39.372412854,T,295.9,100,296.55,100,IBM
2025-10-07,9:32:39.372743595,T,295.9,100,296.85,200,IBM
2025-10-07,9:32:39.372773658,T,296.15,100,296.85,200,IBM
2025-10-07,9:32:39.372843958,T,295.9,100,296.85,200,IBM
2025-10-07,9:32:39.373645789,T,295.89,100,296.85,200,IBM
2025-10-07,9:32:39.381389266,T,295.88,100,296.85,200,IBM
2025-10-07,9:32:39.381574668,T,295.88,100,298.35,100,IBM
2025-10-07,9:32:39.381614729,T,295.78,100,298.35,100,IBM
2025-10-07,9:32:39.471453623,T,295.14,100,298.35,100,IBM
2025-10-07,9:32:39.568895592,T,295.14,100,297.27,200,IBM
2025-10-07,9:32:40.318495220,T,295.46,100,297.27,200,IBM
2025-10-07,9:32:40.318580344,T,295.78,100,297.27,200,IBM
2025-10-07,9:32:40.318881023,T,295.88,100,297.27,200,IBM
2025-10-07,9:32:40.318901100,T,295.78,100,297.27,200,IBM
2025-10-07,9:32:40.318906099,T,295.88,100,297.27,200,IBM
2025-10-07,9:32:40.319236839,T,295.14,100,297.27,200,IBM
2025-10-07,9:32:40.319236839,T,295.88,100,297.27,200,IBM
2025-10-07,9:32:40.319282022,T,295.78,100,297.27,200,IBM
2025-10-07,9:32:40.319582753,T,295.01,300,297.27,200,IBM
2025-10-07,9:32:40.327391541,T,295.14,100,297.27,200,IBM
2025-10-07,9:32:40.327396261,T,295.62,100,297.27,200,IBM
2025-10-07,9:32:40.327602171,T,295.78,100,297.27,200,IBM
2025-10-07,9:32:40.327656848,T,295.94,100,297.27,200,IBM
2025-10-07,9:32:40.331566209,T,295.78,100,297.27,200,IBM
2025-10-07,9:32:40.331766666,T,295.14,100,297.27,200,IBM
2025-10-07,9:32:40.334929226,T,295.01,300,297.27,200,IBM
2025-10-07,9:32:41.457125759,T,295.01,300,297.0,100,IBM
2025-10-07,9:32:41.470562684,T,295.01,300,297.27,200,IBM
2025-10-07,9:32:41.470587773,T,295.88,100,297.27,200,IBM
2025-10-07,9:32:41.470953639,T,295.88,100,297.0,100,IBM
2025-10-07,9:32:41.470973730,T,295.01,300,297.0,100,IBM
2025-10-07,9:32:41.473935728,T,295.01,300,297.27,200,IBM
2025-10-07,9:32:41.473960793,T,295.78,100,297.27,200,IBM
2025-10-07,9:32:41.474181379,T,295.01,300,297.27,200,IBM
2025-10-07,9:32:41.474201442,T,295.01,300,297.0,100,IBM
2025-10-07,9:32:41.474261572,T,295.01,300,296.93,100,IBM
2025-10-07,9:32:41.474341758,T,295.01,300,297.0,100,IBM
2025-10-07,9:32:41.474361768,T,295.01,300,296.89,100,IBM
2025-10-07,9:32:41.474381816,T,295.01,300,297.0,100,IBM
2025-10-07,9:32:41.475694969,T,295.01,300,297.27,300,IBM
2025-10-07,9:32:41.482656515,T,295.01,300,297.27,200,IBM
2025-10-07,9:32:41.749852600,T,295.88,100,297.27,200,IBM
2025-10-07,9:32:42.953137453,T,295.44,200,297.27,200,IBM
2025-10-07,9:32:42.953162496,T,295.44,200,297.0,100,IBM
2025-10-07,9:32:42.953212594,T,295.44,200,296.87,100,IBM
2025-10-07,9:32:42.953247650,T,295.44,200,296.79,100,IBM
2025-10-07,9:32:42.953262769,T,295.44,200,296.87,100,IBM
2025-10-07,9:32:42.953643687,T,295.44,200,296.89,100,IBM
2025-10-07,9:32:42.954250113,T,295.44,200,297.27,200,IBM
2025-10-07,9:32:44.528162007,T,295.44,200,297.0,100,IBM
2025-10-07,9:32:47.447692429,T,296.3,100,297.0,100,IBM
2025-10-07,9:32:53.019948194,T,296.3,100,296.99,100,IBM
2025-10-07,9:32:53.019983244,T,296.3,100,296.68,100,IBM
2025-10-07,9:32:53.020699919,T,296.3,100,296.99,100,IBM
2025-10-07,9:32:53.020780098,T,296.3,100,296.68,100,IBM
2025-10-07,9:32:53.024017835,T,296.3,100,296.71,100,IBM
2025-10-07,9:32:53.028242900,T,296.3,100,296.99,100,IBM
2025-10-07,9:32:53.033725902,T,296.32,100,296.99,100,IBM
2025-10-07,9:32:53.033811145,T,296.3,100,296.99,100,IBM
2025-10-07,9:32:53.042261252,T,296.3,100,297.27,200,IBM
2025-10-07,9:32:53.749098917,T,296.3,100,297.0,100,IBM
2025-10-07,9:32:55.292362706,T,296.3,100,296.99,100,IBM
2025-10-07,9:32:55.300842887,T,296.3,100,297.27,200,IBM
2025-10-07,9:32:55.853538621,T,296.3,200,297.27,200,IBM
2025-10-07,9:32:56.965525976,T,296.31,100,297.27,200,IBM
2025-10-07,9:32:56.965611225,T,296.31,100,297.26,100,IBM
2025-10-07,9:32:56.965641298,T,296.31,100,297.0,100,IBM
2025-10-07,9:32:56.967004540,T,296.3,200,297.0,100,IBM
2025-10-07,9:32:57.350136574,T,296.3,200,297.27,200,IBM
2025-10-07,9:32:58.048910133,T,296.32,100,297.27,200,IBM
2025-10-07,9:32:58.049165643,T,296.62,100,297.27,200,IBM
2025-10-07,9:32:58.049376208,T,296.7,100,297.27,200,IBM
2025-10-07,9:32:58.049711940,T,296.62,100,297.27,200,IBM
2025-10-07,9:32:58.049847263,T,296.7,100,297.27,200,IBM
2025-10-07,9:32:58.049942520,T,296.62,100,297.27,200,IBM
2025-10-07,9:32:58.050017666,T,296.7,100,297.27,200,IBM
2025-10-07,9:32:58.050037771,T,296.62,100,297.27,200,IBM
2025-10-07,9:32:58.050107927,T,296.32,100,297.27,200,IBM
2025-10-07,9:32:58.050348526,T,296.3,200,297.27,200,IBM
2025-10-07,9:32:58.050924888,T,296.3,200,298.18,100,IBM
2025-10-07,9:32:58.050934875,T,296.3,200,297.48,200,IBM
2025-10-07,9:32:58.499663074,T,296.3,200,297.18,100,IBM
2025-10-07,9:32:59.323694777,T,296.3,100,297.18,100,IBM
2025-10-07,9:33:01.592090019,T,296.3,100,297.48,200,IBM
2025-10-07,9:33:04.354250903,T,296.3,100,297.0,100,IBM
2025-10-07,9:33:04.354331129,T,296.3,100,297.48,200,IBM
2025-10-07,9:33:04.354331129,T,296.3,100,297.0,100,IBM
2025-10-07,9:33:04.355549014,T,296.3,100,297.48,200,IBM
2025-10-07,9:33:04.355909806,T,296.3,100,297.0,100,IBM
2025-10-07,9:33:04.358801759,T,296.3,100,297.48,200,IBM
2025-10-07,9:33:05.478051101,T,296.3,100,297.0,100,IBM
2025-10-07,9:33:05.760252827,T,296.3,100,297.48,200,IBM
2025-10-07,9:33:07.430468951,T,295.75,200,297.48,200,IBM
2025-10-07,9:33:07.452581657,T,296.6,100,297.48,200,IBM
2025-10-07,9:33:09.460166039,T,296.6,100,297.46,100,IBM
2025-10-07,9:33:09.505082959,T,296.6,100,297.0,100,IBM
2025-10-07,9:33:09.505143073,T,295.75,200,297.0,100,IBM
2025-10-07,9:33:09.505158139,T,295.75,200,296.61,100,IBM
2025-10-07,9:33:09.505173182,T,295.75,200,296.84,100,IBM
2025-10-07,9:33:09.505193460,T,295.75,200,297.0,100,IBM
2025-10-07,9:33:09.505609189,T,295.75,200,297.24,200,IBM
2025-10-07,9:33:09.513292479,T,295.93,100,297.24,200,IBM
2025-10-07,9:33:09.513302500,T,296.09,100,297.24,200,IBM
2025-10-07,9:33:09.516520157,T,296.0,100,297.24,200,IBM
2025-10-07,9:33:09.516540192,T,295.75,200,297.24,200,IBM
2025-10-07,9:33:09.517607727,T,295.93,100,297.24,200,IBM
2025-10-07,9:33:09.517622813,T,296.0,100,297.24,200,IBM
2025-10-07,9:33:09.517657920,T,296.2,100,297.24,200,IBM
2025-10-07,9:33:09.522664839,T,296.0,100,297.24,200,IBM
2025-10-07,9:33:09.525897616,T,295.75,200,297.24,200,IBM
2025-10-07,9:33:09.874467376,T,295.75,200,296.83,100,IBM
2025-10-07,9:33:11.946505270,T,296.3,100,296.83,100,IBM
2025-10-07,9:33:13.527273581,T,296.3,100,296.83,200,IBM
2025-10-07,9:33:15.185982167,T,296.3,100,296.73,100,IBM
2025-10-07,9:33:16.189531343,T,296.3,100,296.8,100,IBM
2025-10-07,9:33:16.189601574,T,296.3,100,296.83,100,IBM
2025-10-07,9:33:16.563972797,T,296.3,100,296.73,100,IBM
2025-10-07,9:33:22.463332135,T,296.3,100,296.74,100,IBM
2025-10-07,9:33:22.463352227,T,296.72,100,296.74,100,IBM
2025-10-07,9:33:22.463382331,T,296.3,100,296.74,100,IBM
2025-10-07,9:33:22.463392261,T,296.43,100,296.74,100,IBM
2025-10-07,9:33:22.463407299,T,296.3,100,296.74,100,IBM
2025-10-07,9:33:22.463472484,T,296.3,100,296.8,100,IBM
2025-10-07,9:33:22.463632839,T,296.3,100,296.83,100,IBM
2025-10-07,9:33:22.463662995,T,296.3,100,297.24,200,IBM
2025-10-07,9:33:22.514198190,T,296.44,100,297.24,200,IBM
2025-10-07,9:33:22.515225674,T,296.34,100,297.24,200,IBM
2025-10-07,9:33:22.515245785,T,296.3,100,297.24,200,IBM
2025-10-07,9:33:22.569720395,T,296.3,100,296.98,100,IBM
2025-10-07,9:33:22.576822338,T,296.34,100,296.98,100,IBM
2025-10-07,9:33:22.576827347,T,296.34,100,297.24,200,IBM
2025-10-07,9:33:22.576832320,T,296.34,100,296.98,100,IBM
2025-10-07,9:33:22.577138034,T,296.45,100,296.98,100,IBM
2025-10-07,9:33:22.577173198,T,296.45,100,297.24,200,IBM
2025-10-07,9:33:22.577173198,T,296.65,100,297.24,200,IBM
2025-10-07,9:33:22.577178138,T,296.65,100,296.98,100,IBM
2025-10-07,9:33:22.577203264,T,296.45,100,296.98,100,IBM
2025-10-07,9:33:22.577208294,T,296.45,100,296.98,200,IBM
2025-10-07,9:33:22.577248349,T,296.45,100,296.98,100,IBM
2025-10-07,9:33:22.577258687,T,296.45,100,296.98,200,IBM
2025-10-07,9:33:22.577258687,T,296.45,100,296.98,100,IBM
2025-10-07,9:33:22.577263366,T,296.45,100,297.24,200,IBM
2025-10-07,9:33:22.577268353,T,296.45,100,296.98,100,IBM
2025-10-07,9:33:22.577288473,T,296.45,100,297.24,200,IBM
2025-10-07,9:33:22.577298461,T,296.45,100,296.98,100,IBM
2025-10-07,9:33:22.577488858,T,296.3,100,296.98,100,IBM
2025-10-07,9:33:22.577564118,T,296.3,100,296.98,200,IBM
2025-10-07,9:33:22.579954738,T,296.3,100,296.98,100,IBM
2025-10-07,9:33:22.579954738,T,296.3,100,297.46,200,IBM
2025-10-07,9:33:22.579959763,T,296.3,100,296.98,100,IBM
2025-10-07,9:33:22.579974795,T,296.3,100,297.46,200,IBM
2025-10-07,9:33:22.579979860,T,296.3,100,296.98,100,IBM
2025-10-07,9:33:22.580546224,T,296.3,100,297.46,200,IBM
2025-10-07,9:33:22.582305364,T,296.3,100,297.0,100,IBM
2025-10-07,9:33:22.582320408,T,296.3,100,297.01,100,IBM
2025-10-07,9:33:22.582516215,T,296.3,100,297.46,200,IBM
2025-10-07,9:33:22.595040668,T,296.45,100,297.46,200,IBM
2025-10-07,9:33:22.599085307,T,296.43,100,297.46,200,IBM
2025-10-07,9:33:22.599426174,T,296.38,100,297.46,200,IBM
2025-10-07,9:33:22.602072426,T,296.3,100,297.46,200,IBM
2025-10-07,9:33:22.857139638,T,296.3,100,297.32,100,IBM
2025-10-07,9:33:24.431622746,T,296.3,100,297.16,100,IBM
2025-10-07,9:33:24.432364489,T,296.3,100,297.32,100,IBM
2025-10-07,9:33:24.699921432,T,296.3,100,297.66,200,IBM
2025-10-07,9:33:24.746918393,T,296.3,100,297.25,100,IBM
2025-10-07,9:33:26.655211422,T,296.65,100,297.25,100,IBM
2025-10-07,9:33:33.475553253,T,296.65,200,297.25,100,IBM
2025-10-07,9:33:33.728851192,T,296.68,100,297.25,100,IBM
2025-10-07,9:33:33.729457693,T,296.65,200,297.25,100,IBM
2025-10-07,9:33:33.729457693,T,296.68,100,297.25,100,IBM
2025-10-07,9:33:33.729763397,T,296.68,100,297.66,200,IBM
2025-10-07,9:33:33.730024074,T,297.01,100,297.66,200,IBM
2025-10-07,9:33:33.730229501,T,297.04,100,297.66,200,IBM
2025-10-07,9:33:33.734399399,T,297.01,200,297.66,200,IBM
2025-10-07,9:33:33.736955499,T,297.1,100,297.66,200,IBM
2025-10-07,9:33:33.736985603,T,297.01,200,297.66,200,IBM
2025-10-07,9:33:33.736985603,T,297.17,100,297.66,200,IBM
2025-10-07,9:33:33.737100853,T,297.17,100,298.01,100,IBM
2025-10-07,9:33:33.737110852,T,297.17,100,297.87,200,IBM
2025-10-07,9:33:33.738078208,T,297.01,200,297.87,200,IBM
2025-10-07,9:33:33.742223075,T,297.01,100,297.87,200,IBM
2025-10-07,9:33:33.742338364,T,297.01,200,297.87,200,IBM
2025-10-07,9:33:33.745150004,T,297.01,100,297.87,200,IBM
2025-10-07,9:33:33.745295340,T,297.01,200,297.87,200,IBM
2025-10-07,9:33:33.749956453,T,297.01,100,297.87,200,IBM
2025-10-07,9:33:33.750051721,T,297.01,200,297.87,200,IBM
2025-10-07,9:33:33.751465030,T,297.01,100,297.87,200,IBM
2025-10-07,9:33:33.751470206,T,297.01,200,297.87,200,IBM
2025-10-07,9:33:33.751595346,T,297.01,300,297.87,200,IBM
2025-10-07,9:33:33.753169093,T,297.01,200,297.87,200,IBM
2025-10-07,9:33:33.753219267,T,297.01,300,297.87,200,IBM
2025-10-07,9:33:33.754427068,T,297.01,200,297.87,200,IBM
2025-10-07,9:33:33.764746733,T,297.01,100,297.87,200,IBM
2025-10-07,9:33:33.769718541,T,297.01,200,297.87,200,IBM
2025-10-07,9:33:33.774484830,T,297.01,300,297.87,200,IBM
2025-10-07,9:33:33.774514970,T,297.24,100,297.87,200,IBM
2025-10-07,9:33:33.774945983,T,297.24,100,298.01,100,IBM
2025-10-07,9:33:33.778820222,T,297.16,100,298.01,100,IBM
2025-10-07,9:33:33.778855289,T,297.01,300,298.01,100,IBM
2025-10-07,9:33:33.778880296,T,297.01,200,298.01,100,IBM
2025-10-07,9:33:33.780674648,T,297.01,100,298.01,100,IBM
2025-10-07,9:33:33.794647874,T,297.01,100,297.75,100,IBM
2025-10-07,9:33:33.794858412,T,297.01,200,297.75,100,IBM
2025-10-07,9:33:33.794888502,T,297.01,300,297.75,100,IBM
2025-10-07,9:33:33.796542336,T,297.01,300,297.75,200,IBM
2025-10-07,9:33:33.802301096,T,297.01,200,297.75,200,IBM
2025-10-07,9:33:33.842541897,T,297.01,100,297.75,200,IBM
2025-10-07,9:33:34.134807686,T,297.01,100,297.45,100,IBM
2025-10-07,9:33:34.135088337,T,297.01,100,297.43,100,IBM
2025-10-07,9:33:34.143463293,T,297.01,100,297.75,100,IBM
2025-10-07,9:33:34.143844184,T,297.01,200,297.75,100,IBM
2025-10-07,9:33:34.144315322,T,297.11,100,297.75,100,IBM
2025-10-07,9:33:34.144330324,T,297.11,200,297.75,100,IBM
2025-10-07,9:33:34.148094249,T,297.11,100,297.75,100,IBM
2025-10-07,9:33:34.774906539,T,297.11,100,297.75,200,IBM
2025-10-07,9:33:34.792934426,T,297.11,100,297.75,100,IBM
2025-10-07,9:33:34.965500244,T,297.11,100,297.75,200,IBM
2025-10-07,9:33:35.986084780,T,297.11,100,297.75,300,IBM
2025-10-07,9:33:36.375060719,T,297.11,100,297.75,400,IBM
2025-10-07,9:33:36.416980554,T,297.11,100,297.75,300,IBM
2025-10-07,9:33:36.449583170,T,297.11,100,297.75,200,IBM
2025-10-07,9:33:36.587747126,T,297.11,200,297.75,200,IBM
2025-10-07,9:33:36.596036876,T,297.11,100,297.75,200,IBM
2025-10-07,9:33:36.871984035,T,297.24,100,297.75,200,IBM
2025-10-07,9:33:36.871984035,T,297.11,200,297.75,200,IBM
2025-10-07,9:33:36.872750615,T,297.35,100,297.75,200,IBM
2025-10-07,9:33:36.872760588,T,297.35,200,297.75,200,IBM
2025-10-07,9:33:37.047336182,T,297.35,100,297.75,200,IBM
2025-10-07,9:33:37.054874227,T,297.35,100,297.75,100,IBM
2025-10-07,9:33:37.054899255,T,297.35,100,297.97,200,IBM
2025-10-07,9:33:37.054934955,T,297.35,200,297.97,200,IBM
2025-10-07,9:33:37.054944437,T,297.47,100,297.97,200,IBM
2025-10-07,9:33:37.055014447,T,297.6,100,297.97,200,IBM
2025-10-07,9:33:37.055194884,T,297.6,100,298.01,100,IBM
2025-10-07,9:33:37.059389889,T,297.52,200,298.01,100,IBM
2025-10-07,9:33:37.062502278,T,297.52,100,298.01,100,IBM
2025-10-07,9:33:38.034676812,T,297.52,100,297.87,100,IBM
2025-10-07,9:33:38.064773515,T,297.52,100,297.87,200,IBM
2025-10-07,9:33:38.064808616,T,297.52,100,297.84,100,IBM
2025-10-07,9:33:38.073053243,T,297.52,100,297.87,100,IBM
2025-10-07,9:33:38.097280906,T,296.9,100,297.87,100,IBM
2025-10-07,9:33:38.097305924,T,296.65,100,297.87,100,IBM
2025-10-07,9:33:38.097346008,T,296.65,100,297.84,100,IBM
2025-10-07,9:33:38.097516438,T,296.65,100,297.77,100,IBM
2025-10-07,9:33:38.097912626,T,296.65,100,297.87,100,IBM
2025-10-07,9:33:38.855631429,T,297.12,100,297.87,100,IBM
2025-10-07,9:33:39.033890755,T,297.12,100,297.62,100,IBM
2025-10-07,9:33:41.833976633,T,297.12,100,297.61,100,IBM
2025-10-07,9:33:42.268405723,T,297.12,100,297.61,200,IBM
2025-10-07,9:33:43.477875167,T,297.12,200,297.61,200,IBM
2025-10-07,9:33:46.275795950,T,297.12,200,297.6,100,IBM
2025-10-07,9:33:46.777600512,T,297.12,200,298.01,100,IBM
2025-10-07,9:33:46.777620603,T,297.12,300,298.01,100,IBM
2025-10-07,9:33:46.777645665,T,297.3,100,298.01,100,IBM
2025-10-07,9:33:46.777856082,T,297.31,100,298.01,100,IBM
2025-10-07,9:33:46.778667991,T,297.3,100,298.01,100,IBM
2025-10-07,9:33:46.785925321,T,297.12,100,298.01,100,IBM
2025-10-07,9:33:46.900142238,T,297.22,100,298.01,100,IBM
2025-10-07,9:33:46.900142238,T,297.58,100,298.01,100,IBM
2025-10-07,9:33:46.900422926,T,297.58,200,298.01,100,IBM
2025-10-07,9:33:46.900427913,T,297.59,100,298.01,100,IBM
2025-10-07,9:33:46.900437966,T,297.65,100,298.01,100,IBM
2025-10-07,9:33:46.900698549,T,297.67,100,298.01,100,IBM
2025-10-07,9:33:46.900718568,T,297.67,100,298.49,200,IBM
2025-10-07,9:33:46.901716024,T,297.59,100,298.49,200,IBM
2025-10-07,9:33:46.901961527,T,297.59,100,298.1,100,IBM
2025-10-07,9:33:46.901981638,T,297.58,200,298.1,100,IBM
2025-10-07,9:33:46.901986601,T,297.58,200,298.49,200,IBM
2025-10-07,9:33:46.902022050,T,297.59,100,298.49,200,IBM
2025-10-07,9:33:46.903545365,T,297.58,200,298.49,200,IBM
2025-10-07,9:33:46.905164123,T,297.58,100,298.49,200,IBM
2025-10-07,9:33:46.905164123,T,297.59,100,298.49,200,IBM
2025-10-07,9:33:46.905244355,T,297.59,100,298.13,100,IBM
2025-10-07,9:33:46.905254385,T,297.59,100,298.13,200,IBM
2025-10-07,9:33:46.905269376,T,297.59,100,298.13,100,IBM
2025-10-07,9:33:46.905279412,T,297.59,100,298.49,200,IBM
2025-10-07,9:33:46.907600027,T,297.58,100,298.49,200,IBM
2025-10-07,9:33:46.910667306,T,297.32,100,298.49,200,IBM
2025-10-07,9:33:46.922014232,T,297.32,100,298.5,100,IBM
2025-10-07,9:33:46.928524830,T,297.29,100,298.5,100,IBM
2025-10-07,9:33:46.967407437,T,297.32,100,298.5,100,IBM
2025-10-07,9:33:46.972419339,T,297.32,100,298.25,100,IBM
2025-10-07,9:33:47.020709216,T,297.36,100,298.25,100,IBM
2025-10-07,9:33:47.078872682,T,297.36,100,298.5,100,IBM
2025-10-07,9:33:47.080100608,T,297.12,100,298.5,100,IBM
2025-10-07,9:33:47.243950633,T,297.59,100,298.5,100,IBM
2025-10-07,9:33:47.394027964,T,297.59,200,298.5,100,IBM
2025-10-07,9:33:47.401976875,T,297.59,100,298.5,100,IBM
2025-10-07,9:33:47.402187453,T,297.59,200,298.5,100,IBM
2025-10-07,9:33:47.503613870,T,297.59,100,298.5,100,IBM
2025-10-07,9:33:47.503949702,T,297.59,200,298.5,100,IBM
2025-10-07,9:33:47.663379220,T,298.0,100,298.5,100,IBM
2025-10-07,9:33:47.925859082,T,298.0,200,298.5,100,IBM
2025-10-07,9:33:47.926440483,T,298.0,200,298.5,200,IBM
2025-10-07,9:33:47.926465547,T,298.0,100,298.5,200,IBM
2025-10-07,9:33:47.929156901,T,298.0,200,298.5,200,IBM
2025-10-07,9:33:47.929322329,T,298.0,100,298.5,200,IBM
2025-10-07,9:33:47.929778691,T,298.0,200,298.5,200,IBM
2025-10-07,9:33:47.935381762,T,298.0,100,298.5,200,IBM
2025-10-07,9:33:47.935401808,T,298.0,100,298.5,100,IBM
2025-10-07,9:33:47.935426864,T,298.0,100,298.45,100,IBM
2025-10-07,9:33:48.326713397,T,298.0,200,298.45,100,IBM
2025-10-07,9:33:48.331008630,T,298.0,100,298.45,100,IBM
2025-10-07,9:33:48.335389046,T,298.0,100,298.5,100,IBM
2025-10-07,9:33:48.335414023,T,298.0,100,298.44,100,IBM
2025-10-07,9:33:48.335639738,T,298.0,100,298.5,100,IBM
2025-10-07,9:33:48.335664677,T,298.0,100,298.34,100,IBM
2025-10-07,9:33:48.361290673,T,298.08,100,298.34,100,IBM
2025-10-07,9:33:48.361646564,T,298.08,100,298.32,300,IBM
2025-10-07,9:33:48.361676547,T,298.08,100,298.5,100,IBM
2025-10-07,9:33:48.361691575,T,298.08,100,298.32,100,IBM
2025-10-07,9:33:48.362082543,T,298.08,200,298.32,100,IBM
2025-10-07,9:33:48.362483524,T,298.14,100,298.32,100,IBM
2025-10-07,9:33:49.086261653,T,297.27,100,298.32,100,IBM
2025-10-07,9:33:49.086286721,T,297.22,100,298.32,100,IBM
2025-10-07,9:33:49.086286721,T,297.12,100,298.32,100,IBM
2025-10-07,9:33:49.086306719,T,297.12,100,298.5,100,IBM
2025-10-07,9:33:49.086331814,T,297.12,100,298.15,100,IBM
2025-10-07,9:33:49.086361844,T,297.12,100,298.5,100,IBM
2025-10-07,9:33:49.218847281,T,297.22,100,298.5,100,IBM
2025-10-07,9:33:49.218857297,T,297.51,100,298.5,100,IBM
2025-10-07,9:33:49.220220575,T,297.29,100,298.5,100,IBM
2025-10-07,9:33:49.223844203,T,297.22,100,298.5,100,IBM
2025-10-07,9:33:49.227127047,T,297.12,100,298.5,100,IBM
2025-10-07,9:33:50.040358047,T,297.96,100,298.5,100,IBM
2025-10-07,9:33:50.835165144,T,298.01,100,298.5,100,IBM
2025-10-07,9:33:51.540719778,T,297.96,100,298.5,100,IBM
2025-10-07,9:33:51.977900513,T,298.01,100,298.5,100,IBM
2025-10-07,9:33:51.978251376,T,298.01,100,298.5,500,IBM
2025-10-07,9:33:51.978607264,T,298.01,100,298.5,100,IBM
2025-10-07,9:33:51.978607264,T,297.96,100,298.5,100,IBM
2025-10-07,9:33:51.978632659,T,297.96,100,298.25,300,IBM
2025-10-07,9:33:51.978657659,T,297.96,100,298.5,100,IBM
2025-10-07,9:33:51.978682472,T,298.01,100,298.5,100,IBM
2025-10-07,9:33:51.978772624,T,297.96,100,298.5,100,IBM
2025-10-07,9:33:51.978928016,T,298.01,100,298.5,100,IBM
2025-10-07,9:33:51.979178610,T,297.96,100,298.5,100,IBM
2025-10-07,9:33:51.981268568,T,297.96,100,298.35,100,IBM
2025-10-07,9:33:51.982065435,T,298.01,100,298.35,100,IBM
2025-10-07,9:33:52.395715211,T,298.01,100,298.5,100,IBM
2025-10-07,9:33:52.395755300,T,298.08,100,298.5,100,IBM
2025-10-07,9:33:52.400110732,T,298.01,100,298.5,100,IBM
2025-10-07,9:33:52.484702171,T,298.01,100,298.5,200,IBM
2025-10-07,9:33:52.652316208,T,297.96,100,298.5,200,IBM
2025-10-07,9:33:52.663678194,T,298.06,100,298.5,200,IBM
2025-10-07,9:33:53.475651069,T,298.06,100,298.5,100,IBM
2025-10-07,9:33:53.486296479,T,298.06,200,298.5,100,IBM
2025-10-07,9:33:54.072502002,T,298.06,100,298.5,100,IBM
2025-10-07,9:33:54.072522019,T,297.96,100,298.5,100,IBM
2025-10-07,9:33:54.072527115,T,297.2,100,298.5,100,IBM
2025-10-07,9:33:54.072527115,T,297.2,100,298.5,200,IBM
2025-10-07,9:33:54.072567131,T,297.2,100,298.24,100,IBM
2025-10-07,9:33:54.072802725,T,297.12,100,298.24,100,IBM
2025-10-07,9:33:54.073253791,T,297.12,100,298.49,100,IBM
2025-10-07,9:33:54.073469339,T,296.96,200,298.49,100,IBM
2025-10-07,9:33:54.073554440,T,296.96,200,298.24,100,IBM
2025-10-07,9:33:54.073975550,T,296.96,200,298.48,100,IBM
2025-10-07,9:33:54.074000535,T,296.96,200,298.5,100,IBM
2025-10-07,9:33:54.084761145,T,296.96,200,298.47,200,IBM
2025-10-07,9:33:54.103390564,T,297.5,100,298.47,200,IBM
2025-10-07,9:33:54.103415548,T,297.36,100,298.47,200,IBM
2025-10-07,9:33:54.482553208,T,297.5,100,298.47,200,IBM
2025-10-07,9:33:54.651254819,T,297.61,100,298.47,200,IBM
2025-10-07,9:33:54.669137348,T,297.5,100,298.47,200,IBM
2025-10-07,9:33:56.531716594,T,297.61,100,298.47,200,IBM
2025-10-07,9:33:56.621766025,T,297.72,100,298.47,200,IBM
2025-10-07,9:33:56.626873103,T,297.61,100,298.47,200,IBM
2025-10-07,9:33:56.627148808,T,297.72,100,298.47,200,IBM
2025-10-07,9:33:56.995856481,T,297.72,300,298.47,200,IBM
2025-10-07,9:33:57.295133980,T,297.72,300,298.5,100,IBM
2025-10-07,9:33:58.041611043,T,297.72,300,298.11,100,IBM
2025-10-07,9:33:58.041701107,T,297.72,200,298.11,100,IBM
2025-10-07,9:33:58.042402840,T,297.61,100,298.11,100,IBM
2025-10-07,9:33:58.946625506,T,297.61,100,298.09,100,IBM
2025-10-07,9:33:58.947592770,T,297.72,100,298.09,100,IBM
2025-10-07,9:33:59.345299667,T,297.72,100,297.93,100,IBM
2025-10-07,9:33:59.345329706,T,297.72,100,298.09,100,IBM
2025-10-07,9:33:59.345354744,T,297.72,200,298.09,100,IBM
2025-10-07,9:33:59.346417282,T,297.72,100,298.09,100,IBM
2025-10-07,9:34:00.748039332,T,297.24,200,298.09,100,IBM
2025-10-07,9:34:00.748089784,T,297.24,200,297.93,100,IBM
2025-10-07,9:34:00.748585671,T,297.24,200,298.09,100,IBM
2025-10-07,9:34:00.748801158,T,297.24,200,297.93,100,IBM
2025-10-07,9:34:00.748811114,T,297.24,200,298.09,100,IBM
2025-10-07,9:34:00.748811114,T,297.24,200,297.78,100,IBM
2025-10-07,9:34:00.748856359,T,297.24,200,297.88,100,IBM
2025-10-07,9:34:00.749147016,T,297.24,200,298.09,100,IBM
2025-10-07,9:34:00.749623084,T,297.24,200,297.93,100,IBM
2025-10-07,9:34:00.749628086,T,297.24,200,297.88,100,IBM
2025-10-07,9:34:00.749643143,T,297.56,100,297.88,100,IBM
2025-10-07,9:34:00.749663236,T,297.24,200,297.88,100,IBM
2025-10-07,9:34:00.749688229,T,297.24,200,297.84,100,IBM
2025-10-07,9:34:00.749803469,T,297.24,200,297.88,100,IBM
2025-10-07,9:34:00.749978945,T,297.24,200,298.09,200,IBM
2025-10-07,9:34:00.750334843,T,297.24,200,298.09,100,IBM
2025-10-07,9:34:00.752063895,T,295.91,100,298.09,100,IBM
2025-10-07,9:34:00.752068933,T,296.88,200,298.09,100,IBM
2025-10-07,9:34:01.252901246,T,296.88,200,297.92,100,IBM
2025-10-07,9:34:01.252906249,T,296.88,200,298.09,100,IBM
2025-10-07,9:34:01.252906249,T,296.88,200,297.7,100,IBM
2025-10-07,9:34:01.252951268,T,296.88,200,297.92,100,IBM
2025-10-07,9:34:01.252951268,T,296.88,200,297.59,100,IBM
2025-10-07,9:34:01.253011370,T,296.88,200,297.58,100,IBM
2025-10-07,9:34:01.253011370,T,296.88,200,297.59,100,IBM
2025-10-07,9:34:01.253251929,T,296.88,200,297.48,100,IBM
2025-10-07,9:34:01.253452496,T,297.12,100,297.48,100,IBM
2025-10-07,9:34:01.253562670,T,297.12,100,297.59,100,IBM
2025-10-07,9:34:01.253813368,T,297.2,100,297.59,100,IBM
2025-10-07,9:34:01.253833378,T,297.2,100,297.69,100,IBM
2025-10-07,9:34:01.253848387,T,297.2,200,297.69,100,IBM
2025-10-07,9:34:01.254239542,T,297.2,200,297.7,100,IBM
2025-10-07,9:34:01.254264342,T,297.2,100,297.7,100,IBM
2025-10-07,9:34:01.254279398,T,297.2,200,297.7,100,IBM
2025-10-07,9:34:01.254299504,T,297.2,200,297.69,100,IBM
2025-10-07,9:34:01.254344563,T,297.2,200,297.59,100,IBM
2025-10-07,9:34:01.254369583,T,297.2,200,297.69,100,IBM
2025-10-07,9:34:01.254394823,T,297.27,100,297.69,100,IBM
2025-10-07,9:34:01.254394823,T,297.27,100,297.91,100,IBM
2025-10-07,9:34:01.254485077,T,297.2,100,297.91,100,IBM
2025-10-07,9:34:01.258208902,T,297.2,100,297.92,100,IBM
2025-10-07,9:34:01.258223774,T,297.2,100,298.06,100,IBM
2025-10-07,9:34:01.263957740,T,297.2,100,298.08,100,IBM
2025-10-07,9:34:01.264293203,T,296.88,200,298.08,100,IBM
2025-10-07,9:34:01.303316159,T,296.88,200,298.08,200,IBM
2025-10-07,9:34:01.303396384,T,296.88,200,297.91,100,IBM
2025-10-07,9:34:01.351425650,T,296.88,200,298.08,200,IBM
2025-10-07,9:34:01.351631208,T,296.88,200,298.08,100,IBM
2025-10-07,9:34:01.351891830,T,296.88,200,298.08,200,IBM
2025-10-07,9:34:01.352914287,T,296.88,200,298.08,100,IBM
2025-10-07,9:34:01.452847105,T,296.88,200,298.09,100,IBM
2025-10-07,9:34:03.626431604,T,297.21,100,298.09,100,IBM
2025-10-07,9:34:04.219112352,T,297.21,100,298.07,100,IBM
2025-10-07,9:34:05.972862472,T,297.21,100,298.07,200,IBM
2025-10-07,9:34:06.010537170,T,296.88,200,298.07,200,IBM
2025-10-07,9:34:06.010587287,T,296.88,200,297.92,100,IBM
2025-10-07,9:34:06.010587287,T,296.88,200,297.6,100,IBM
2025-10-07,9:34:06.010857890,T,295.62,100,297.6,100,IBM
2025-10-07,9:34:06.010862902,T,296.64,200,297.6,100,IBM
2025-10-07,9:34:06.010993209,T,296.64,200,297.52,100,IBM
2025-10-07,9:34:06.011579572,T,296.79,100,297.52,100,IBM
2025-10-07,9:34:06.011775078,T,297.12,100,297.52,100,IBM
2025-10-07,9:34:06.011775078,T,297.12,100,297.6,200,IBM
2025-10-07,9:34:06.011795165,T,297.12,100,297.6,100,IBM
2025-10-07,9:34:06.011800203,T,297.13,100,297.6,100,IBM
2025-10-07,9:34:06.011815130,T,297.16,100,297.6,100,IBM
2025-10-07,9:34:06.011925388,T,297.12,100,297.6,100,IBM
2025-10-07,9:34:06.011925388,T,296.64,200,297.6,100,IBM
2025-10-07,9:34:06.012747447,T,297.13,100,297.6,100,IBM
2025-10-07,9:34:06.013203445,T,296.64,200,297.6,100,IBM
2025-10-07,9:34:06.403738310,T,296.64,200,297.35,100,IBM
2025-10-07,9:34:06.419210073,T,296.64,200,298.09,100,IBM
2025-10-07,9:34:06.419245163,T,296.79,100,298.09,100,IBM
2025-10-07,9:34:06.419295389,T,297.17,100,298.09,100,IBM
2025-10-07,9:34:06.419400523,T,296.79,100,298.09,100,IBM
2025-10-07,9:34:06.419420553,T,296.64,200,298.09,100,IBM
2025-10-07,9:34:06.419440650,T,296.66,100,298.09,100,IBM
2025-10-07,9:34:06.419606071,T,296.64,200,298.09,100,IBM
2025-10-07,9:34:06.420117304,T,297.18,100,298.09,100,IBM
2025-10-07,9:34:09.041918518,T,297.18,200,298.09,100,IBM
2025-10-07,9:34:09.231133980,T,297.18,200,298.07,100,IBM
2025-10-07,9:34:09.549446871,T,297.18,100,298.07,100,IBM
2025-10-07,9:34:11.827936131,T,297.18,400,298.07,100,IBM
2025-10-07,9:34:14.008908046,T,297.18,400,298.0,100,IBM
2025-10-07,9:34:18.296344960,T,297.18,400,297.84,100,IBM
2025-10-07,9:34:18.650072088,T,297.18,400,297.54,100,IBM
2025-10-07,9:34:19.801919283,T,297.19,100,297.54,100,IBM
2025-10-07,9:34:19.802480578,T,297.18,400,297.54,100,IBM
2025-10-07,9:34:20.624377224,T,297.19,100,297.54,100,IBM
2025-10-07,9:34:20.624637883,T,297.21,100,297.54,100,IBM
2025-10-07,9:34:20.624667892,T,297.25,100,297.54,100,IBM
2025-10-07,9:34:20.624888406,T,297.31,100,297.54,100,IBM
2025-10-07,9:34:20.628837884,T,297.21,100,297.54,100,IBM
2025-10-07,9:34:20.632932543,T,297.19,100,297.54,100,IBM
2025-10-07,9:34:21.252743060,T,297.19,100,298.11,100,IBM
2025-10-07,9:34:21.252793189,T,297.21,100,298.11,100,IBM
2025-10-07,9:34:21.252833359,T,297.22,100,298.11,100,IBM
2025-10-07,9:34:21.252868405,T,297.27,100,298.11,100,IBM
2025-10-07,9:34:21.253103943,T,297.37,100,298.11,100,IBM
2025-10-07,9:34:21.253219220,T,297.22,100,298.11,100,IBM
2025-10-07,9:34:21.256973220,T,297.21,100,298.11,100,IBM
2025-10-07,9:34:21.353267413,T,297.18,100,298.11,100,IBM
2025-10-07,9:34:22.172227311,T,297.21,100,298.11,100,IBM
2025-10-07,9:34:22.172558061,T,297.18,100,298.11,100,IBM
2025-10-07,9:34:22.172683343,T,297.21,100,298.11,100,IBM
2025-10-07,9:34:22.172793634,T,297.18,100,298.11,100,IBM
2025-10-07,9:34:22.173445110,T,297.21,100,298.11,100,IBM
2025-10-07,9:34:22.323412141,T,297.18,100,298.11,100,IBM
2025-10-07,9:34:23.103810000,T,297.21,100,298.11,100,IBM
2025-10-07,9:34:23.107809568,T,297.18,100,298.11,100,IBM
2025-10-07,9:34:23.736240617,T,297.57,100,298.11,100,IBM
2025-10-07,9:34:24.435906160,T,297.18,100,298.11,100,IBM
2025-10-07,9:34:24.435926303,T,297.18,100,297.57,100,IBM
2025-10-07,9:34:24.436492531,T,297.18,100,298.01,100,IBM
2025-10-07,9:34:24.436512626,T,297.18,100,298.1,100,IBM
2025-10-07,9:34:24.436928655,T,297.18,100,298.11,200,IBM
2025-10-07,9:34:24.437003792,T,297.18,100,298.11,100,IBM
2025-10-07,9:34:24.437003792,T,297.18,100,298.1,100,IBM
2025-10-07,9:34:24.437028878,T,297.18,100,298.11,200,IBM
2025-10-07,9:34:24.440000960,T,297.18,100,298.11,100,IBM
2025-10-07,9:34:27.238778828,T,297.18,100,298.11,200,IBM
2025-10-07,9:34:27.238944178,T,297.18,100,298.0,100,IBM
2025-10-07,9:34:27.238974264,T,297.18,100,297.85,100,IBM
2025-10-07,9:34:27.238974264,T,297.18,100,297.97,100,IBM
2025-10-07,9:34:27.239149915,T,297.18,100,297.66,100,IBM
2025-10-07,9:34:27.239174698,T,297.18,100,297.97,100,IBM
2025-10-07,9:34:27.239194767,T,297.18,100,298.0,100,IBM
2025-10-07,9:34:27.239254958,T,297.18,100,297.97,100,IBM
2025-10-07,9:34:27.239295066,T,297.18,100,298.0,100,IBM
2025-10-07,9:34:27.251348672,T,297.18,100,298.07,100,IBM
2025-10-07,9:34:27.251494041,T,297.18,100,298.0,100,IBM
2025-10-07,9:34:27.251499362,T,297.18,100,297.8,100,IBM
2025-10-07,9:34:27.251519235,T,297.18,100,297.97,100,IBM
2025-10-07,9:34:27.251524146,T,297.18,100,297.68,100,IBM
2025-10-07,9:34:27.256646269,T,297.18,100,297.8,100,IBM
2025-10-07,9:34:27.259788786,T,297.18,100,297.97,100,IBM
2025-10-07,9:34:27.260084558,T,297.18,100,298.0,100,IBM
2025-10-07,9:34:27.339027488,T,297.18,100,298.07,100,IBM
2025-10-07,9:34:27.339052533,T,297.18,100,298.11,100,IBM
2025-10-07,9:34:27.503108078,T,297.18,100,298.0,100,IBM
2025-10-07,9:34:27.612914562,T,297.18,100,298.11,100,IBM
2025-10-07,9:34:27.612914562,T,297.18,100,298.0,100,IBM
2025-10-07,9:34:27.737400945,T,297.18,100,298.11,100,IBM
2025-10-07,9:34:27.738774288,T,297.18,100,298.0,100,IBM
2025-10-07,9:34:27.740352912,T,297.18,100,298.07,100,IBM
2025-10-07,9:34:27.862914697,T,297.18,100,298.11,100,IBM
2025-10-07,9:34:28.155290672,T,297.18,100,298.07,100,IBM
2025-10-07,9:34:28.277150751,T,297.18,100,298.11,100,IBM
2025-10-07,9:34:28.280684191,T,297.18,100,298.07,100,IBM
2025-10-07,9:34:28.465313765,T,297.18,100,298.11,100,IBM
2025-10-07,9:34:28.613286021,T,297.18,100,298.0,100,IBM
2025-10-07,9:34:28.923940659,T,297.18,100,298.11,100,IBM
2025-10-07,9:34:28.924286462,T,297.18,100,298.07,100,IBM
2025-10-07,9:34:29.070314002,T,297.18,100,298.11,100,IBM
2025-10-07,9:34:29.071251260,T,297.18,100,298.07,100,IBM
2025-10-07,9:34:29.210678155,T,297.18,100,298.11,100,IBM
2025-10-07,9:34:29.357803368,T,297.18,100,298.07,100,IBM
2025-10-07,9:34:29.549835563,T,297.18,100,298.11,100,IBM
2025-10-07,9:34:29.550126168,T,297.18,100,298.0,100,IBM
2025-10-07,9:34:29.550161391,T,297.18,100,297.97,100,IBM
2025-10-07,9:34:29.550161391,T,297.18,100,298.0,100,IBM
2025-10-07,9:34:29.550341780,T,297.18,100,298.0,200,IBM
2025-10-07,9:34:29.570544808,T,297.18,100,298.0,100,IBM
2025-10-07,9:34:29.650174399,T,297.18,100,298.11,100,IBM
2025-10-07,9:34:34.426344648,T,297.18,100,298.0,100,IBM
2025-10-07,9:34:38.784965971,T,297.18,100,298.07,100,IBM
2025-10-07,9:34:39.023177982,T,296.88,200,298.07,100,IBM
2025-10-07,9:34:39.045556327,T,297.22,100,298.07,100,IBM
2025-10-07,9:34:40.133756886,T,297.22,100,298.0,100,IBM
2025-10-07,9:34:41.646307768,T,297.22,100,297.67,100,IBM
2025-10-07,9:34:45.182150419,T,297.22,100,298.0,100,IBM
2025-10-07,9:34:46.378794267,T,297.22,100,297.67,100,IBM
2025-10-07,9:34:49.026261977,T,296.88,200,297.67,100,IBM
2025-10-07,9:34:49.048474812,T,297.23,100,297.67,100,IBM
2025-10-07,9:34:49.406832845,T,297.23,100,298.0,100,IBM
2025-10-07,9:34:49.594419390,T,297.23,100,297.72,100,IBM
2025-10-07,9:34:49.827674724,T,297.23,100,297.67,100,IBM
2025-10-07,9:34:50.155079141,T,297.23,100,297.72,100,IBM
2025-10-07,9:34:50.155079141,T,297.23,100,298.0,100,IBM
2025-10-07,9:34:50.155525242,T,297.23,100,297.72,100,IBM
2025-10-07,9:34:50.155585333,T,297.23,100,298.0,100,IBM
2025-10-07,9:34:50.155585333,T,297.24,100,298.0,100,IBM
2025-10-07,9:34:50.155630560,T,297.46,100,298.0,100,IBM
2025-10-07,9:34:50.155800875,T,297.46,100,298.07,100,IBM
2025-10-07,9:34:50.156758094,T,297.46,100,298.11,200,IBM
2025-10-07,9:34:50.160111110,T,297.23,100,298.11,200,IBM
2025-10-07,9:34:50.171974384,T,297.23,100,298.11,100,IBM
2025-10-07,9:34:50.256926520,T,297.23,200,298.11,100,IBM
2025-10-07,9:34:51.726449844,T,297.23,100,298.11,100,IBM
2025-10-07,9:34:51.789665385,T,297.23,200,298.11,100,IBM
2025-10-07,9:34:51.928831655,T,297.23,100,298.11,100,IBM
2025-10-07,9:34:55.502053166,T,297.67,100,298.11,100,IBM
2025-10-07,9:34:55.506057595,T,297.44,100,298.11,100,IBM
2025-10-07,9:34:55.506268192,T,297.44,200,298.11,100,IBM
2025-10-07,9:34:55.509836672,T,297.44,100,298.11,100,IBM
2025-10-07,9:34:55.521364084,T,297.23,100,298.11,100,IBM
2025-10-07,9:34:55.523343823,T,297.3,100,298.11,100,IBM
2025-10-07,9:34:55.524045487,T,297.3,100,298.11,400,IBM
2025-10-07,9:34:55.527719287,T,297.23,200,298.11,400,IBM
2025-10-07,9:34:55.527779382,T,297.23,100,298.11,400,IBM
2025-10-07,9:34:55.668890304,T,297.23,100,298.11,500,IBM
2025-10-07,9:34:55.668915391,T,297.23,100,298.11,100,IBM
2025-10-07,9:34:55.668940425,T,297.23,100,298.01,400,IBM
2025-10-07,9:34:55.669461700,T,297.23,100,298.01,300,IBM
2025-10-07,9:34:55.918479534,T,297.23,100,298.11,100,IBM
2025-10-07,9:34:55.918504630,T,297.23,100,298.0,300,IBM
2025-10-07,9:34:56.078836341,T,297.23,100,298.0,400,IBM
2025-10-07,9:34:59.029195074,T,297.11,200,298.0,400,IBM
2025-10-07,9:34:59.052806272,T,297.3,100,298.0,400,IBM
2025-10-07,9:35:00.527907843,T,297.3,100,298.0,300,IBM
2025-10-07,9:35:02.148601123,T,297.3,100,298.0,400,IBM
2025-10-07,9:35:02.627476159,T,297.3,100,298.0,300,IBM
2025-10-07,9:35:06.237400188,T,297.3,100,298.0,400,IBM
2025-10-07,9:35:06.237425267,T,297.3,100,298.11,100,IBM
2025-10-07,9:35:06.237450376,T,297.3,100,297.87,300,IBM
2025-10-07,9:35:08.422717572,T,297.3,100,297.89,100,IBM
2025-10-07,9:35:08.422737618,T,297.3,100,297.85,400,IBM
2025-10-07,9:35:08.422882938,T,297.3,100,297.89,100,IBM
2025-10-07,9:35:08.422907983,T,297.3,100,297.75,300,IBM
2025-10-07,9:35:08.642741320,T,297.3,100,297.89,100,IBM
2025-10-07,9:35:08.643167290,T,297.3,100,298.11,100,IBM
2025-10-07,9:35:09.032799921,T,297.11,200,298.11,100,IBM
2025-10-07,9:35:09.054872405,T,297.58,100,298.11,100,IBM
2025-10-07,9:35:13.346504238,T,297.87,400,298.11,100,IBM
2025-10-07,9:35:13.346514245,T,297.58,100,298.11,100,IBM
2025-10-07,9:35:13.346539331,T,297.93,400,298.11,100,IBM
2025-10-07,9:35:13.346584503,T,297.87,100,298.11,100,IBM
2025-10-07,9:35:13.346599491,T,297.72,100,298.11,100,IBM
2025-10-07,9:35:13.346609575,T,297.94,400,298.11,100,IBM
2025-10-07,9:35:13.346614705,T,297.94,500,298.11,100,IBM
2025-10-07,9:35:13.347000422,T,297.94,500,298.2,300,IBM
2025-10-07,9:35:13.347020578,T,297.94,100,298.2,300,IBM
2025-10-07,9:35:13.347020578,T,298.11,100,298.2,300,IBM
2025-10-07,9:35:13.347030537,T,298.11,200,298.2,300,IBM
2025-10-07,9:35:13.347040550,T,298.11,200,298.12,100,IBM
2025-10-07,9:35:13.347045606,T,298.11,600,298.12,100,IBM
2025-10-07,9:35:13.347060691,T,298.11,500,298.12,100,IBM
2025-10-07,9:35:13.347070670,T,298.11,500,298.2,300,IBM
2025-10-07,9:35:13.347081272,T,298.11,400,298.2,300,IBM
2025-10-07,9:35:13.347085640,T,298.11,300,298.2,300,IBM
2025-10-07,9:35:13.347091371,T,297.58,100,298.2,300,IBM
2025-10-07,9:35:13.347095636,T,297.58,200,298.2,300,IBM
2025-10-07,9:35:13.347110767,T,297.58,100,298.2,300,IBM
2025-10-07,9:35:19.035933672,T,297.43,300,298.2,300,IBM
2025-10-07,9:35:19.066591617,T,297.75,100,298.2,300,IBM
2025-10-07,9:35:20.171331673,T,297.75,100,298.19,100,IBM
2025-10-07,9:35:22.721101943,T,297.75,100,298.19,200,IBM
2025-10-07,9:35:26.826530299,T,297.75,400,298.19,200,IBM
2025-10-07,9:35:27.383852016,T,297.75,400,298.19,100,IBM
2025-10-07,9:35:27.383852016,T,297.75,400,298.2,300,IBM
2025-10-07,9:35:27.383922239,T,297.95,100,298.2,300,IBM
2025-10-07,9:35:27.384047558,T,297.95,100,298.21,100,IBM
2025-10-07,9:35:27.384047558,T,297.95,100,298.5,100,IBM
2025-10-07,9:35:27.384067510,T,298.18,100,298.5,100,IBM
2025-10-07,9:35:27.384097599,T,297.95,100,298.5,100,IBM
2025-10-07,9:35:27.384122700,T,297.75,500,298.5,100,IBM
2025-10-07,9:35:27.384423436,T,297.95,100,298.5,100,IBM
2025-10-07,9:35:27.384508660,T,297.97,100,298.5,100,IBM
2025-10-07,9:35:27.384508660,T,297.99,100,298.5,100,IBM
2025-10-07,9:35:27.384538673,T,298.06,100,298.5,100,IBM
2025-10-07,9:35:27.384603833,T,297.99,100,298.5,100,IBM
2025-10-07,9:35:27.384668986,T,298.04,100,298.5,100,IBM
2025-10-07,9:35:27.384769243,T,297.99,100,298.5,100,IBM
2025-10-07,9:35:27.384914569,T,297.97,100,298.5,100,IBM
2025-10-07,9:35:27.388588360,T,297.95,100,298.5,100,IBM
2025-10-07,9:35:27.392993858,T,297.94,100,298.5,100,IBM
2025-10-07,9:35:27.483900257,T,297.75,400,298.5,100,IBM
2025-10-07,9:35:28.378760561,T,297.75,400,298.38,100,IBM
2025-10-07,9:35:29.039493494,T,297.75,300,298.38,100,IBM
2025-10-07,9:35:29.062548425,T,297.91,100,298.38,100,IBM
2025-10-07,9:35:29.601471431,T,297.91,200,298.38,100,IBM
2025-10-07,9:35:31.036662991,T,297.91,100,298.38,100,IBM
2025-10-07,9:35:31.557262435,T,297.91,100,298.5,100,IBM
2025-10-07,9:35:34.806723247,T,297.91,100,298.35,100,IBM
2025-10-07,9:35:36.213391916,T,297.91,100,298.5,100,IBM
2025-10-07,9:35:39.042897806,T,297.38,200,298.5,100,IBM
2025-10-07,9:35:39.065631960,T,298.0,100,298.5,100,IBM
2025-10-07,9:35:39.316188388,T,298.0,100,298.34,100,IBM
2025-10-07,9:35:42.851214104,T,298.0,100,298.5,100,IBM
2025-10-07,9:35:42.851239435,T,298.33,100,298.5,100,IBM
2025-10-07,9:35:42.851354475,T,298.01,100,298.5,100,IBM
2025-10-07,9:35:42.851389570,T,298.0,100,298.5,100,IBM
2025-10-07,9:35:42.851439627,T,298.0,100,298.5,500,IBM
2025-10-07,9:35:42.852111214,T,298.0,100,298.5,100,IBM
2025-10-07,9:35:42.852136264,T,298.0,100,298.33,400,IBM
2025-10-07,9:35:42.852156342,T,298.0,100,298.33,300,IBM
2025-10-07,9:35:43.762894683,T,297.38,200,298.33,300,IBM
2025-10-07,9:35:43.762919892,T,297.38,200,298.37,100,IBM
2025-10-07,9:35:43.762919892,T,297.38,200,298.31,100,IBM
2025-10-07,9:35:43.762929602,T,297.38,200,298.25,100,IBM
2025-10-07,9:35:43.762944925,T,297.38,200,298.0,300,IBM
2025-10-07,9:35:43.763836770,T,297.38,200,298.19,100,IBM
2025-10-07,9:35:43.763861809,T,297.38,200,297.99,300,IBM
2025-10-07,9:35:43.771951034,T,297.38,200,298.32,100,IBM
2025-10-07,9:35:43.771976054,T,297.38,200,297.89,300,IBM
2025-10-07,9:35:43.772201671,T,297.38,200,298.31,100,IBM
2025-10-07,9:35:43.772226745,T,297.38,200,297.86,300,IBM
2025-10-07,9:35:43.772256775,T,297.38,200,298.32,100,IBM
2025-10-07,9:35:43.772286889,T,297.38,200,297.85,300,IBM
2025-10-07,9:35:43.772311848,T,297.44,100,297.85,300,IBM
2025-10-07,9:35:43.772562538,T,297.44,200,297.85,300,IBM
2025-10-07,9:35:43.772853200,T,297.44,200,298.32,100,IBM
2025-10-07,9:35:43.772878197,T,297.44,200,297.85,200,IBM
2025-10-07,9:35:43.773023579,T,297.44,200,298.32,100,IBM
2025-10-07,9:35:43.773048654,T,297.44,200,297.79,200,IBM
2025-10-07,9:35:43.773148933,T,297.44,200,298.32,100,IBM
2025-10-07,9:35:43.773169230,T,297.79,100,298.32,100,IBM
2025-10-07,9:35:43.773173918,T,297.79,200,298.32,100,IBM
2025-10-07,9:35:43.773193962,T,297.79,100,298.32,100,IBM
2025-10-07,9:35:43.773204886,T,297.6,100,298.32,100,IBM
2025-10-07,9:35:43.773239310,T,297.38,200,298.32,100,IBM
2025-10-07,9:35:43.773259109,T,297.38,200,298.31,100,IBM
2025-10-07,9:35:43.773304250,T,297.45,100,298.31,100,IBM
2025-10-07,9:35:43.773344380,T,297.38,200,298.31,100,IBM
2025-10-07,9:35:43.773344380,T,297.45,100,298.31,100,IBM
2025-10-07,9:35:43.773665383,T,297.38,200,298.31,100,IBM
2025-10-07,9:35:43.773665383,T,297.38,200,298.32,100,IBM
2025-10-07,9:35:43.773670163,T,297.38,200,298.27,100,IBM
2025-10-07,9:35:43.773700219,T,297.38,200,298.04,100,IBM
2025-10-07,9:35:43.773710283,T,297.38,200,298.03,100,IBM
2025-10-07,9:35:43.773945770,T,297.38,200,297.98,100,IBM
2025-10-07,9:35:43.774020927,T,297.38,200,298.03,100,IBM
2025-10-07,9:35:43.774366773,T,296.93,100,298.03,100,IBM
2025-10-07,9:35:43.774376814,T,297.14,200,298.03,100,IBM
2025-10-07,9:35:43.781989914,T,297.14,200,298.27,100,IBM
2025-10-07,9:35:43.841837416,T,297.27,100,298.27,100,IBM
2025-10-07,9:35:43.873302368,T,297.27,100,298.37,100,IBM
2025-10-07,9:35:43.877682791,T,297.14,200,298.37,100,IBM
2025-10-07,9:35:45.670906938,T,297.14,200,298.0,100,IBM
2025-10-07,9:35:45.901736457,T,297.14,200,298.37,100,IBM
2025-10-07,9:35:47.050005047,T,297.14,200,298.0,100,IBM
2025-10-07,9:35:47.050030097,T,297.14,200,298.37,100,IBM
2025-10-07,9:35:47.050035169,T,297.14,200,298.0,100,IBM
2025-10-07,9:35:47.051017471,T,297.14,200,297.81,100,IBM
2025-10-07,9:35:47.057863816,T,297.14,200,298.0,100,IBM
2025-10-07,9:35:48.380903362,T,297.14,200,297.81,100,IBM
2025-10-07,9:35:48.384952971,T,297.14,200,298.0,100,IBM
2025-10-07,9:35:48.859492610,T,297.14,200,297.91,100,IBM
2025-10-07,9:35:49.798643385,T,297.14,200,298.5,200,IBM
2025-10-07,9:35:53.870903012,T,297.14,200,298.5,100,IBM
2025-10-07,9:35:54.300134805,T,297.53,100,298.5,100,IBM
2025-10-07,9:35:54.300154912,T,297.54,100,298.5,100,IBM
2025-10-07,9:35:54.300375433,T,297.66,100,298.5,100,IBM
2025-10-07,9:35:54.300550817,T,297.54,100,298.5,100,IBM
2025-10-07,9:35:54.300560879,T,297.58,100,298.5,100,IBM
2025-10-07,9:35:54.300681447,T,297.66,100,298.5,100,IBM
2025-10-07,9:35:54.300711164,T,297.74,100,298.5,100,IBM
2025-10-07,9:35:54.305136777,T,297.44,100,298.5,100,IBM
2025-10-07,9:35:54.305352286,T,297.31,100,298.5,100,IBM
2025-10-07,9:35:54.312093256,T,297.3,100,298.5,100,IBM
2025-10-07,9:35:54.312895171,T,297.14,200,298.5,100,IBM
2025-10-07,9:35:54.800651365,T,297.3,100,298.5,100,IBM
2025-10-07,9:35:54.946262891,T,297.14,200,298.5,100,IBM
2025-10-07,9:35:57.546187459,T,297.14,200,298.45,100,IBM
2025-10-07,9:35:57.546327717,T,297.14,200,298.5,100,IBM
2025-10-07,9:35:57.546548226,T,297.14,200,298.3,100,IBM
2025-10-07,9:35:57.546548226,T,297.14,200,298.5,100,IBM
2025-10-07,9:35:57.992810705,T,297.14,200,298.49,100,IBM
2025-10-07,9:35:59.731529982,T,297.3,100,298.49,100,IBM
2025-10-07,9:36:00.807266004,T,297.3,100,298.5,100,IBM
2025-10-07,9:36:02.993305266,T,297.3,100,298.4,100,IBM
2025-10-07,9:36:02.993916671,T,297.3,100,298.5,100,IBM
2025-10-07,9:36:04.051288752,T,297.14,200,298.5,100,IBM
2025-10-07,9:36:04.051298932,T,297.14,200,298.32,100,IBM
2025-10-07,9:36:04.051318899,T,297.14,200,298.5,100,IBM
2025-10-07,9:36:04.051323864,T,297.14,200,298.32,100,IBM
2025-10-07,9:36:04.051494390,T,297.14,200,298.05,100,IBM
2025-10-07,9:36:04.051519664,T,297.14,200,298.04,100,IBM
2025-10-07,9:36:04.052291103,T,297.14,200,297.96,100,IBM
2025-10-07,9:36:04.059783934,T,297.14,200,298.05,100,IBM
2025-10-07,9:36:04.062680829,T,297.14,200,298.28,100,IBM
2025-10-07,9:36:04.062680829,T,297.14,200,298.04,100,IBM
2025-10-07,9:36:04.151507302,T,297.14,200,298.28,100,IBM
2025-10-07,9:36:04.225553531,T,297.14,200,298.5,100,IBM
2025-10-07,9:36:04.614394164,T,297.14,200,298.4,100,IBM
2025-10-07,9:36:04.614419211,T,297.14,200,297.96,100,IBM
2025-10-07,9:36:04.614419211,T,297.14,200,297.73,100,IBM
2025-10-07,9:36:04.614569639,T,296.1,100,297.73,100,IBM
2025-10-07,9:36:04.614584645,T,296.87,200,297.73,100,IBM
2025-10-07,9:36:04.615156053,T,297.3,200,297.73,100,IBM
2025-10-07,9:36:04.622012325,T,297.3,200,297.8,100,IBM
2025-10-07,9:36:04.622032377,T,297.3,200,298.28,100,IBM
2025-10-07,9:36:04.623831697,T,297.3,200,297.8,100,IBM
2025-10-07,9:36:04.864234038,T,297.3,200,298.5,100,IBM
2025-10-07,9:36:04.899563061,T,297.3,200,297.8,100,IBM
2025-10-07,9:36:04.910824861,T,297.3,200,298.5,100,IBM
2025-10-07,9:36:06.793787608,T,297.3,200,297.77,100,IBM
2025-10-07,9:36:09.272463483,T,297.3,200,298.31,200,IBM
2025-10-07,9:36:09.944227638,T,297.3,200,297.67,100,IBM
2025-10-07,9:36:09.944262714,T,297.3,300,297.67,100,IBM
2025-10-07,9:36:09.944979410,T,297.3,300,298.31,200,IBM
2025-10-07,9:36:15.979921631,T,297.3,300,298.5,100,IBM
2025-10-07,9:36:15.979921631,T,297.3,300,298.09,200,IBM
2025-10-07,9:36:18.051618819,T,297.3,100,298.09,200,IBM
2025-10-07,9:36:18.051714134,T,296.87,200,298.09,200,IBM
2025-10-07,9:36:18.051789086,T,297.3,100,298.09,200,IBM
2025-10-07,9:36:18.051804043,T,296.87,200,298.09,200,IBM
2025-10-07,9:36:18.051949396,T,296.87,200,298.04,100,IBM
2025-10-07,9:36:18.051969530,T,296.87,200,297.46,100,IBM
2025-10-07,9:36:18.052490692,T,296.87,200,297.52,100,IBM
2025-10-07,9:36:18.052540810,T,296.87,200,298.09,200,IBM
2025-10-07,9:36:18.052631085,T,297.3,100,298.09,200,IBM
2025-10-07,9:36:18.052706197,T,296.93,100,298.09,200,IBM
2025-10-07,9:36:18.052706197,T,296.87,200,298.09,200,IBM
2025-10-07,9:36:18.054044419,T,296.87,200,298.04,100,IBM
2025-10-07,9:36:18.054104568,T,296.87,200,298.09,200,IBM
2025-10-07,9:36:18.054465391,T,296.87,200,298.04,100,IBM
2025-10-07,9:36:18.054565687,T,296.87,200,298.09,200,IBM
2025-10-07,9:36:20.862600299,T,296.87,200,297.73,100,IBM
2025-10-07,9:36:20.862620357,T,296.87,200,297.92,100,IBM
2025-10-07,9:36:20.862635383,T,296.87,200,297.52,100,IBM
2025-10-07,9:36:20.862795787,T,296.87,300,297.52,100,IBM
2025-10-07,9:36:20.867296530,T,296.87,100,297.52,100,IBM
2025-10-07,9:36:20.876252868,T,297.08,100,297.52,100,IBM
2025-10-07,9:36:20.882347361,T,297.08,100,298.09,200,IBM
2025-10-07,9:36:21.570480622,T,297.08,100,297.52,100,IBM
2025-10-07,9:36:21.694826635,T,297.08,100,298.09,200,IBM
2025-10-07,9:36:21.704329192,T,297.08,100,297.52,100,IBM
2025-10-07,9:36:22.145860389,T,297.08,100,298.09,200,IBM
2025-10-07,9:36:24.420786142,T,296.58,200,298.09,200,IBM
2025-10-07,9:36:24.420816152,T,296.58,200,298.04,100,IBM
2025-10-07,9:36:24.420816152,T,296.58,200,297.3,100,IBM
2025-10-07,9:36:24.420821439,T,296.58,200,297.29,100,IBM
2025-10-07,9:36:24.421041642,T,296.58,200,297.26,100,IBM
2025-10-07,9:36:24.421061691,T,296.58,200,297.18,100,IBM
2025-10-07,9:36:24.421452685,T,295.3,100,297.18,100,IBM
2025-10-07,9:36:24.421457711,T,296.36,200,297.18,100,IBM
2025-10-07,9:36:24.421532814,T,296.36,200,297.19,100,IBM
2025-10-07,9:36:24.421653180,T,296.36,200,297.18,100,IBM
2025-10-07,9:36:24.421673138,T,296.36,200,297.19,100,IBM
2025-10-07,9:36:24.421698198,T,296.36,200,297.21,100,IBM
2025-10-07,9:36:24.421698198,T,296.36,200,297.26,100,IBM
2025-10-07,9:36:24.421703309,T,296.36,200,297.3,100,IBM
2025-10-07,9:36:24.421858647,T,296.36,200,297.18,100,IBM
2025-10-07,9:36:24.422179609,T,296.38,100,297.18,100,IBM
2025-10-07,9:36:24.422695639,T,296.36,200,297.18,100,IBM
2025-10-07,9:36:24.461683489,T,296.36,200,297.56,100,IBM
2025-10-07,9:36:24.461688407,T,296.36,200,297.18,100,IBM
2025-10-07,9:36:24.464274605,T,296.36,200,297.8,100,IBM
2025-10-07,9:36:24.464455076,T,296.36,200,297.81,200,IBM
2025-10-07,9:36:24.581448591,T,296.36,200,297.29,100,IBM
2025-10-07,9:36:24.582245525,T,296.36,200,297.29,200,IBM
2025-10-07,9:36:24.644333340,T,296.36,200,297.29,100,IBM
2025-10-07,9:36:25.467112097,T,296.36,200,297.29,200,IBM
2025-10-07,9:36:25.950342417,T,296.36,200,297.29,100,IBM
2025-10-07,9:36:35.465028652,T,296.88,100,297.29,100,IBM
2025-10-07,9:36:35.465028652,T,296.38,100,297.29,100,IBM
2025-10-07,9:36:35.465048691,T,296.36,300,297.29,100,IBM
2025-10-07,9:36:35.466311598,T,296.36,200,297.29,100,IBM
2025-10-07,9:36:35.467364171,T,296.38,100,297.29,100,IBM
2025-10-07,9:36:35.467379137,T,296.38,100,297.81,200,IBM
2025-10-07,9:36:35.467384250,T,296.36,200,297.81,200,IBM
2025-10-07,9:36:35.467404262,T,297.29,100,297.81,200,IBM
2025-10-07,9:36:35.467985607,T,297.04,100,297.81,200,IBM
2025-10-07,9:36:35.468005690,T,297.03,100,297.81,200,IBM
2025-10-07,9:36:35.468055816,T,297.03,100,298.5,100,IBM
2025-10-07,9:36:35.468060828,T,297.03,100,298.05,200,IBM
2025-10-07,9:36:35.567417297,T,296.36,200,298.05,200,IBM
2025-10-07,9:36:35.704924719,T,296.36,200,297.8,100,IBM
2025-10-07,9:36:37.041802247,T,296.38,100,297.8,100,IBM
2025-10-07,9:36:37.041842288,T,297.01,100,297.8,100,IBM
2025-10-07,9:36:37.041842288,T,296.36,200,297.8,100,IBM
2025-10-07,9:36:37.042168133,T,295.93,100,297.8,100,IBM
2025-10-07,9:36:37.042173132,T,296.61,200,297.8,100,IBM
2025-10-07,9:36:38.078204294,T,296.61,200,297.56,100,IBM
2025-10-07,9:36:38.947142904,T,296.61,200,297.8,100,IBM
2025-10-07,9:36:42.724194772,T,297.0,100,297.8,100,IBM
2025-10-07,9:36:42.988484045,T,296.61,200,297.8,100,IBM
2025-10-07,9:36:42.989315981,T,297.0,100,297.8,100,IBM
2025-10-07,9:36:44.338728387,T,297.0,100,297.56,100,IBM
2025-10-07,9:36:46.006739346,T,297.0,100,297.8,100,IBM
2025-10-07,9:36:46.006779365,T,297.0,100,297.56,100,IBM
2025-10-07,9:36:46.006804491,T,297.0,100,297.8,100,IBM
2025-10-07,9:36:46.006839605,T,297.01,100,297.8,100,IBM
2025-10-07,9:36:46.006884864,T,297.01,100,297.68,100,IBM
2025-10-07,9:36:46.007009928,T,297.05,100,297.68,100,IBM
2025-10-07,9:36:46.007826967,T,297.01,100,297.68,100,IBM
2025-10-07,9:36:46.011059656,T,297.0,100,297.68,100,IBM
2025-10-07,9:36:48.953890444,T,297.0,100,297.48,100,IBM
2025-10-07,9:36:50.948313487,T,297.0,100,297.47,100,IBM
2025-10-07,9:36:52.982345650,T,297.0,100,297.46,100,IBM
2025-10-07,9:36:55.008474063,T,297.0,100,297.45,100,IBM
2025-10-07,9:36:56.590680702,T,297.0,100,297.5,100,IBM
2025-10-07,9:36:57.329254184,T,297.0,200,297.5,100,IBM
2025-10-07,9:36:58.587203914,T,297.0,200,297.45,100,IBM
2025-10-07,9:37:05.428274944,T,297.0,100,297.45,100,IBM
2025-10-07,9:37:05.439546776,T,297.05,100,297.45,100,IBM
2025-10-07,9:37:05.439616874,T,297.0,100,297.45,100,IBM
2025-10-07,9:37:05.439972780,T,297.05,100,297.45,100,IBM
2025-10-07,9:37:05.440027906,T,297.0,100,297.45,100,IBM
2025-10-07,9:37:05.564935277,T,296.61,200,297.45,100,IBM
2025-10-07,9:37:05.565882500,T,297.0,100,297.45,100,IBM
2025-10-07,9:37:08.522781891,T,297.05,100,297.45,100,IBM
2025-10-07,9:37:08.522796980,T,297.06,100,297.45,100,IBM
2025-10-07,9:37:08.522922202,T,297.06,100,297.5,100,IBM
2025-10-07,9:37:08.522937330,T,297.12,100,297.5,100,IBM
2025-10-07,9:37:08.522947430,T,297.22,100,297.5,100,IBM
2025-10-07,9:37:08.522967397,T,297.23,100,297.5,100,IBM
2025-10-07,9:37:08.523072610,T,297.23,100,298.05,200,IBM
2025-10-07,9:37:08.523433452,T,297.2,100,298.05,200,IBM
2025-10-07,9:37:08.523473502,T,297.12,100,298.05,200,IBM
2025-10-07,9:37:08.523473502,T,297.23,100,298.05,200,IBM
2025-10-07,9:37:08.523478542,T,297.06,100,298.05,200,IBM
2025-10-07,9:37:08.523779338,T,297.0,100,298.05,200,IBM
2025-10-07,9:37:08.587901961,T,296.61,200,298.05,200,IBM
2025-10-07,9:37:10.388147424,T,296.61,200,297.8,100,IBM
2025-10-07,9:37:11.590890643,T,296.61,200,297.68,100,IBM
2025-10-07,9:37:11.591076090,T,296.61,200,297.51,100,IBM
2025-10-07,9:37:11.591647448,T,296.61,200,297.68,100,IBM
2025-10-07,9:37:11.845642209,T,296.61,200,297.51,100,IBM
2025-10-07,9:37:12.000746508,T,296.61,200,297.68,100,IBM
2025-10-07,9:37:12.329895221,T,297.0,100,297.68,100,IBM
2025-10-07,9:37:15.491516805,T,297.0,100,297.51,100,IBM
2025-10-07,9:37:15.630076751,T,297.0,100,297.68,100,IBM
2025-10-07,9:37:17.405282544,T,297.0,100,297.45,100,IBM
2025-10-07,9:37:20.915539246,T,297.0,200,297.45,100,IBM
2025-10-07,9:37:20.915604419,T,297.07,100,297.45,100,IBM
2025-10-07,9:37:20.915860098,T,297.07,100,297.45,200,IBM
2025-10-07,9:37:20.916631901,T,297.0,200,297.45,200,IBM
2025-10-07,9:37:20.917814658,T,297.06,100,297.45,200,IBM
2025-10-07,9:37:20.917875009,T,297.0,200,297.45,200,IBM
2025-10-07,9:37:20.917894937,T,297.0,100,297.45,200,IBM
2025-10-07,9:37:20.918466262,T,297.0,100,297.45,100,IBM
2025-10-07,9:37:21.286271911,T,297.0,100,297.83,200,IBM
2025-10-07,9:37:22.319546810,T,297.0,100,297.43,100,IBM
2025-10-07,9:37:22.320193273,T,297.0,100,297.83,200,IBM
2025-10-07,9:37:22.320213402,T,297.06,100,297.83,200,IBM
2025-10-07,9:37:22.320373756,T,297.0,100,297.83,200,IBM
2025-10-07,9:37:22.321000261,T,297.28,100,297.83,200,IBM
2025-10-07,9:37:22.321115535,T,297.28,100,298.5,100,IBM
2025-10-07,9:37:22.321120524,T,297.28,100,298.04,200,IBM
2025-10-07,9:37:22.324057504,T,297.0,100,298.04,200,IBM
2025-10-07,9:37:22.806701532,T,297.0,100,298.5,100,IBM
2025-10-07,9:37:22.806711557,T,297.0,100,298.25,200,IBM
2025-10-07,9:37:32.311002921,T,296.88,200,298.25,200,IBM
2025-10-07,9:37:32.339606015,T,297.36,100,298.25,200,IBM
2025-10-07,9:37:33.175155014,T,297.36,200,298.25,200,IBM
2025-10-07,9:37:33.175455644,T,297.36,300,298.25,200,IBM
2025-10-07,9:37:33.175480789,T,297.36,200,298.25,200,IBM
2025-10-07,9:37:33.175480789,T,297.36,300,298.25,200,IBM
2025-10-07,9:37:33.175646156,T,297.45,100,298.25,200,IBM
2025-10-07,9:37:33.175676230,T,297.36,300,298.25,200,IBM
2025-10-07,9:37:33.177645895,T,297.36,200,298.25,200,IBM
2025-10-07,9:37:33.179470175,T,297.36,300,298.25,200,IBM
2025-10-07,9:37:33.179695791,T,297.36,200,298.25,200,IBM
2025-10-07,9:37:33.185760255,T,297.36,100,298.25,200,IBM
2025-10-07,9:37:34.203938963,T,297.36,100,298.02,100,IBM
2025-10-07,9:37:36.170951666,T,297.36,100,298.16,100,IBM
2025-10-07,9:37:36.219266789,T,297.36,100,298.0,100,IBM
2025-10-07,9:37:36.405029002,T,297.36,100,298.25,200,IBM
2025-10-07,9:37:37.912031644,T,297.36,100,298.16,100,IBM
2025-10-07,9:37:37.983662176,T,297.36,200,298.16,100,IBM
2025-10-07,9:37:39.055062873,T,297.36,200,298.25,200,IBM
2025-10-07,9:37:40.738796220,T,297.36,200,298.0,100,IBM
2025-10-07,9:37:42.268608171,T,297.36,200,298.25,200,IBM
2025-10-07,9:37:42.314181629,T,297.36,100,298.25,200,IBM
2025-10-07,9:37:42.336128896,T,297.37,100,298.25,200,IBM
2025-10-07,9:37:44.080611853,T,297.6,100,298.25,200,IBM
2025-10-07,9:37:46.516771389,T,297.6,100,297.99,100,IBM
2025-10-07,9:37:46.525056060,T,297.6,100,298.25,200,IBM
2025-10-07,9:37:46.729071835,T,297.6,100,297.9,100,IBM
2025-10-07,9:37:47.888707393,T,297.37,100,297.9,100,IBM
2025-10-07,9:37:47.888767882,T,297.37,100,297.9,200,IBM
2025-10-07,9:37:47.889173602,T,297.37,200,297.9,200,IBM
2025-10-07,9:37:47.889208697,T,297.37,200,297.74,100,IBM
2025-10-07,9:37:47.889604763,T,297.37,200,297.73,100,IBM
2025-10-07,9:37:47.889649729,T,297.37,200,297.74,100,IBM
2025-10-07,9:37:47.889649729,T,297.37,200,297.6,100,IBM
2025-10-07,9:37:47.889749916,T,297.37,100,297.6,100,IBM
2025-10-07,9:37:47.889775371,T,297.36,100,297.6,100,IBM
2025-10-07,9:37:47.889800321,T,297.36,100,297.38,100,IBM
2025-10-07,9:37:47.890015582,T,296.88,200,297.38,100,IBM
2025-10-07,9:37:47.890030658,T,296.88,200,297.38,200,IBM
2025-10-07,9:37:47.890035826,T,296.88,200,297.38,300,IBM
2025-10-07,9:37:47.890140879,T,296.88,200,297.37,100,IBM
2025-10-07,9:37:47.890140879,T,296.88,200,297.37,200,IBM
2025-10-07,9:37:47.890145908,T,296.88,200,297.37,300,IBM
2025-10-07,9:37:47.890386450,T,296.88,200,297.37,200,IBM
2025-10-07,9:37:47.891198384,T,296.88,200,297.37,100,IBM
2025-10-07,9:37:48.421260177,T,297.05,100,297.37,100,IBM
2025-10-07,9:37:49.989709275,T,297.05,100,297.45,100,IBM
2025-10-07,9:37:50.744726634,T,297.2,100,297.45,100,IBM
2025-10-07,9:37:50.744761754,T,296.63,200,297.45,100,IBM
2025-10-07,9:37:50.744831896,T,296.74,100,297.45,100,IBM
2025-10-07,9:37:50.744952174,T,296.85,100,297.45,100,IBM
2025-10-07,9:37:50.745222785,T,296.63,200,297.45,100,IBM
2025-10-07,9:37:55.829215738,T,297.0,200,297.45,100,IBM
2025-10-07,9:38:00.831725170,T,297.11,100,297.45,100,IBM
2025-10-07,9:38:01.354770317,T,297.12,100,297.45,100,IBM
2025-10-07,9:38:01.354875586,T,297.18,100,297.45,100,IBM
2025-10-07,9:38:01.355010822,T,297.24,100,297.45,100,IBM
2025-10-07,9:38:01.355281525,T,297.18,100,297.45,100,IBM
2025-10-07,9:38:01.355662374,T,297.12,100,297.45,100,IBM
2025-10-07,9:38:01.355662374,T,297.11,100,297.45,100,IBM
2025-10-07,9:38:03.356340353,T,297.12,100,297.45,100,IBM
2025-10-07,9:38:16.599256830,T,297.11,100,297.45,100,IBM
2025-10-07,9:38:16.599256830,T,297.11,100,297.4,100,IBM
2025-10-07,9:38:16.599271895,T,297.11,100,297.3,100,IBM
2025-10-07,9:38:16.599276963,T,297.11,100,297.13,100,IBM
2025-10-07,9:38:16.599281961,T,296.63,200,297.13,100,IBM
2025-10-07,9:38:16.599302263,T,297.11,100,297.13,100,IBM
2025-10-07,9:38:16.599307011,T,296.85,100,297.13,100,IBM
2025-10-07,9:38:16.599312120,T,296.85,100,297.22,100,IBM
2025-10-07,9:38:16.599322009,T,296.85,100,297.3,100,IBM
2025-10-07,9:38:16.599347064,T,296.63,200,297.3,100,IBM
2025-10-07,9:38:16.599357073,T,296.63,200,297.43,100,IBM
2025-10-07,9:38:16.599507535,T,296.63,200,297.45,100,IBM
2025-10-07,9:38:16.599632784,T,297.11,100,297.45,100,IBM
2025-10-07,9:38:16.599652840,T,297.12,100,297.45,100,IBM
2025-10-07,9:38:16.599677862,T,297.13,100,297.45,100,IBM
2025-10-07,9:38:16.599712964,T,297.14,100,297.45,100,IBM
2025-10-07,9:38:16.600725368,T,296.63,200,297.45,100,IBM
2025-10-07,9:38:18.184415635,T,296.63,200,297.4,100,IBM
2025-10-07,9:38:18.185307758,T,296.63,200,297.45,100,IBM
2025-10-07,9:38:18.388511384,T,296.63,200,297.45,200,IBM
2025-10-07,9:38:19.011088536,T,296.63,200,297.45,100,IBM
2025-10-07,9:38:19.017789425,T,296.63,200,297.47,100,IBM
2025-10-07,9:38:19.825702790,T,296.63,200,297.76,200,IBM
2025-10-07,9:38:21.218192817,T,296.63,200,297.41,100,IBM
2025-10-07,9:38:21.668751109,T,296.63,200,297.34,100,IBM
2025-10-07,9:38:21.668775423,T,296.63,200,297.41,100,IBM
2025-10-07,9:38:21.668780514,T,296.63,200,297.4,100,IBM
2025-10-07,9:38:21.669071220,T,296.63,200,297.34,100,IBM
2025-10-07,9:38:21.669086172,T,296.63,200,297.23,100,IBM
2025-10-07,9:38:21.669697672,T,296.63,200,297.41,100,IBM
2025-10-07,9:38:21.672739865,T,296.63,200,297.4,100,IBM
2025-10-07,9:38:21.678769249,T,296.63,200,297.41,100,IBM
2025-10-07,9:38:22.677697384,T,297.01,100,297.41,100,IBM
2025-10-07,9:38:32.830372091,T,297.01,200,297.41,100,IBM
2025-10-07,9:38:32.831053748,T,297.01,100,297.41,100,IBM
2025-10-07,9:38:32.831234209,T,297.01,200,297.41,100,IBM
2025-10-07,9:38:32.832732785,T,297.01,100,297.41,100,IBM
2025-10-07,9:38:47.329138298,T,297.02,200,297.41,100,IBM
2025-10-07,9:38:49.177047596,T,297.02,200,297.38,100,IBM
2025-10-07,9:38:50.033576781,T,297.02,200,297.41,100,IBM
2025-10-07,9:38:50.565267480,T,297.08,100,297.41,100,IBM
2025-10-07,9:38:50.565613470,T,297.09,100,297.41,100,IBM
2025-10-07,9:38:50.565658470,T,297.09,100,297.42,100,IBM
2025-10-07,9:38:50.565693585,T,297.15,100,297.42,100,IBM
2025-10-07,9:38:50.565798827,T,297.18,100,297.42,100,IBM
2025-10-07,9:38:50.565808822,T,297.18,100,297.76,200,IBM
2025-10-07,9:38:50.566034394,T,297.15,100,297.76,200,IBM
2025-10-07,9:38:50.567061833,T,297.02,200,297.76,200,IBM
2025-10-07,9:38:50.571206633,T,297.02,200,298.5,100,IBM
2025-10-07,9:38:50.571216666,T,297.02,200,297.95,200,IBM
2025-10-07,9:38:50.572755297,T,297.02,200,297.56,100,IBM
2025-10-07,9:38:50.833917063,T,297.03,100,297.56,100,IBM
2025-10-07,9:38:50.869196042,T,297.03,100,297.95,200,IBM
2025-10-07,9:38:50.869231156,T,297.14,100,297.95,200,IBM
2025-10-07,9:38:50.869236079,T,297.28,100,297.95,200,IBM
2025-10-07,9:38:50.869311754,T,297.32,100,297.95,200,IBM
2025-10-07,9:38:50.869436564,T,297.33,100,297.95,200,IBM
2025-10-07,9:38:50.869872645,T,297.36,100,297.95,200,IBM
2025-10-07,9:38:50.870007932,T,297.32,100,297.95,200,IBM
2025-10-07,9:38:50.870313676,T,297.14,100,297.95,200,IBM
2025-10-07,9:38:50.870338772,T,297.03,200,297.95,200,IBM
2025-10-07,9:38:50.870348741,T,297.32,100,297.95,200,IBM
2025-10-07,9:38:50.870388825,T,297.03,200,297.95,200,IBM
2025-10-07,9:38:50.870499188,T,297.03,100,297.95,200,IBM
2025-10-07,9:38:50.872403648,T,297.03,200,297.95,200,IBM
2025-10-07,9:38:50.872518917,T,297.03,100,297.95,200,IBM
2025-10-07,9:38:50.880262386,T,297.32,100,297.95,200,IBM
2025-10-07,9:38:50.880287559,T,297.03,100,297.95,200,IBM
2025-10-07,9:38:50.880287559,T,297.33,100,297.95,200,IBM
2025-10-07,9:38:50.880367662,T,297.03,100,297.95,200,IBM
2025-10-07,9:38:50.884938488,T,297.03,100,298.5,100,IBM
2025-10-07,9:38:50.884948544,T,297.03,100,298.15,200,IBM
2025-10-07,9:38:50.890667139,T,297.03,100,297.94,100,IBM
2025-10-07,9:38:50.896390730,T,297.03,100,298.15,200,IBM
2025-10-07,9:38:50.901482917,T,297.22,100,298.15,200,IBM
2025-10-07,9:38:50.991913194,T,297.22,100,298.0,100,IBM
2025-10-07,9:38:51.393338753,T,297.22,100,297.94,100,IBM
2025-10-07,9:38:51.399007328,T,297.22,100,298.0,100,IBM
2025-10-07,9:38:54.663899731,T,297.22,100,298.15,200,IBM
2025-10-07,9:38:57.621084697,T,297.22,200,298.15,200,IBM
2025-10-07,9:38:58.920047162,T,297.22,300,298.15,200,IBM
2025-10-07,9:39:00.141925782,T,297.22,200,298.15,200,IBM
2025-10-07,9:39:00.142637519,T,297.22,300,298.15,200,IBM
2025-10-07,9:39:03.451600146,T,297.22,400,298.15,200,IBM
2025-10-07,9:39:03.451885802,T,297.22,300,298.15,200,IBM
2025-10-07,9:39:03.451960979,T,297.5,100,298.15,200,IBM
2025-10-07,9:39:03.452166501,T,297.22,300,298.15,200,IBM
2025-10-07,9:39:03.452186561,T,297.22,200,298.15,200,IBM
2025-10-07,9:39:03.452206565,T,297.22,100,298.15,200,IBM
2025-10-07,9:39:03.453564771,T,297.22,100,298.5,100,IBM
2025-10-07,9:39:03.453569873,T,297.22,100,298.41,200,IBM
2025-10-07,9:39:03.561236205,T,297.36,100,298.41,200,IBM
2025-10-07,9:39:03.561251218,T,297.36,200,298.41,200,IBM
2025-10-07,9:39:03.561446654,T,297.36,300,298.41,200,IBM
2025-10-07,9:39:04.299663979,T,297.36,200,298.41,200,IBM
2025-10-07,9:39:04.300195234,T,297.36,100,298.41,200,IBM
2025-10-07,9:39:04.300235327,T,297.22,100,298.41,200,IBM
2025-10-07,9:39:04.453635553,T,297.22,200,298.41,200,IBM
2025-10-07,9:39:04.453635553,T,297.61,100,298.41,200,IBM
2025-10-07,9:39:04.453845997,T,297.61,200,298.41,200,IBM
2025-10-07,9:39:04.454216867,T,297.61,100,298.41,200,IBM
2025-10-07,9:39:04.454216867,T,297.75,100,298.41,200,IBM
2025-10-07,9:39:04.454808363,T,297.61,100,298.41,200,IBM
2025-10-07,9:39:04.473888723,T,297.47,200,298.41,200,IBM
2025-10-07,9:39:04.711850269,T,297.75,100,298.41,200,IBM
2025-10-07,9:39:04.711860315,T,297.75,200,298.41,200,IBM
2025-10-07,9:39:04.748848326,T,297.75,300,298.41,200,IBM
2025-10-07,9:39:05.329731237,T,297.75,500,298.41,200,IBM
2025-10-07,9:39:08.928954680,T,297.75,300,298.41,200,IBM
2025-10-07,9:39:12.151441005,T,297.75,200,298.41,200,IBM
2025-10-07,9:39:12.151997283,T,297.75,100,298.41,200,IBM
2025-10-07,9:39:12.152007345,T,297.26,200,298.41,200,IBM
2025-10-07,9:39:12.152338028,T,297.4,100,298.41,200,IBM
2025-10-07,9:39:12.152378160,T,297.26,200,298.41,200,IBM
2025-10-07,9:39:12.152703927,T,297.26,200,298.39,100,IBM
2025-10-07,9:39:12.153054745,T,297.26,200,298.41,200,IBM
2025-10-07,9:39:12.153245286,T,297.26,200,298.39,100,IBM
2025-10-07,9:39:12.153540947,T,297.26,200,298.41,200,IBM
2025-10-07,9:39:12.159394943,T,297.92,100,298.41,200,IBM
2025-10-07,9:39:12.351968274,T,297.92,200,298.41,200,IBM
2025-10-07,9:39:12.719212685,T,297.92,200,298.27,100,IBM
2025-10-07,9:39:12.808194478,T,297.92,300,298.27,100,IBM
2025-10-07,9:39:12.808214535,T,297.92,200,298.27,100,IBM
2025-10-07,9:39:13.496959237,T,297.92,200,298.14,100,IBM
2025-10-07,9:39:13.497425355,T,297.92,100,298.14,100,IBM
2025-10-07,9:39:13.497440323,T,297.26,200,298.14,100,IBM
2025-10-07,9:39:13.497460427,T,297.26,200,297.93,100,IBM
2025-10-07,9:39:13.497756151,T,297.51,100,297.93,100,IBM
2025-10-07,9:39:13.497851300,T,297.51,100,297.92,100,IBM
2025-10-07,9:39:13.497936583,T,297.79,100,297.92,100,IBM
2025-10-07,9:39:13.497986671,T,297.79,100,298.13,100,IBM
2025-10-07,9:39:13.498803599,T,297.79,100,298.14,100,IBM
2025-10-07,9:39:13.498803599,T,297.79,100,298.12,100,IBM
2025-10-07,9:39:13.501971118,T,297.79,100,298.14,100,IBM
2025-10-07,9:39:13.507870167,T,297.75,300,298.14,100,IBM
2025-10-07,9:39:13.507920292,T,297.75,200,298.14,100,IBM
2025-10-07,9:39:13.507940680,T,297.75,200,298.02,100,IBM
2025-10-07,9:39:13.507955415,T,297.75,200,298.01,100,IBM
2025-10-07,9:39:13.507980599,T,297.75,200,297.98,100,IBM
2025-10-07,9:39:13.508025802,T,297.75,100,297.98,100,IBM
2025-10-07,9:39:13.508025802,T,297.26,200,297.98,100,IBM
2025-10-07,9:39:13.508110761,T,297.26,200,298.01,100,IBM
2025-10-07,9:39:13.508286188,T,297.26,200,298.02,100,IBM
2025-10-07,9:39:13.508401586,T,297.26,200,298.14,100,IBM
2025-10-07,9:39:13.508406810,T,297.26,200,298.01,100,IBM
2025-10-07,9:39:13.508987799,T,297.26,200,298.14,100,IBM
2025-10-07,9:39:15.459977377,T,297.26,200,298.13,100,IBM
2025-10-07,9:39:15.459992465,T,297.26,200,298.12,100,IBM
2025-10-07,9:39:15.468272149,T,297.26,200,298.14,100,IBM
2025-10-07,9:39:15.519268593,T,297.7,100,298.14,100,IBM
2025-10-07,9:39:17.036260146,T,297.83,100,298.14,100,IBM
2025-10-07,9:39:26.365354108,T,297.45,200,298.14,100,IBM
2025-10-07,9:39:26.365374204,T,297.45,200,297.85,100,IBM
2025-10-07,9:39:26.365439641,T,297.45,200,298.07,100,IBM
2025-10-07,9:39:26.369714554,T,297.45,200,298.14,100,IBM
2025-10-07,9:39:26.947926052,T,297.45,200,298.16,200,IBM
2025-10-07,9:39:27.478424013,T,297.55,100,298.16,200,IBM
2025-10-07,9:39:29.386030220,T,297.55,100,297.99,100,IBM
2025-10-07,9:39:30.612149193,T,297.55,200,297.99,100,IBM
2025-10-07,9:39:31.619788039,T,297.55,100,297.99,100,IBM
2025-10-07,9:39:42.877859246,T,297.56,100,297.99,100,IBM
2025-10-07,9:39:42.877874647,T,297.63,100,297.99,100,IBM
2025-10-07,9:39:42.877894415,T,297.73,100,297.99,100,IBM
2025-10-07,9:39:42.877934426,T,297.73,200,297.99,100,IBM
2025-10-07,9:39:42.878325395,T,297.73,200,298.02,200,IBM
2025-10-07,9:39:42.878345427,T,297.98,100,298.02,200,IBM
2025-10-07,9:39:42.878525857,T,297.98,200,298.02,200,IBM
2025-10-07,9:39:42.878646191,T,297.99,100,298.02,200,IBM
2025-10-07,9:39:42.878646191,T,297.99,200,298.02,200,IBM
2025-10-07,9:39:42.878726370,T,297.99,200,298.41,200,IBM
2025-10-07,9:39:42.878751716,T,298.0,100,298.41,200,IBM
2025-10-07,9:39:42.879884080,T,297.57,100,298.41,200,IBM
2025-10-07,9:39:42.879899127,T,297.73,100,298.41,200,IBM
2025-10-07,9:39:42.880691090,T,298.0,100,298.41,200,IBM
2025-10-07,9:39:42.881382644,T,297.83,100,298.41,200,IBM
2025-10-07,9:39:42.882876263,T,297.83,100,298.5,100,IBM
2025-10-07,9:39:42.884830842,T,297.83,100,298.19,100,IBM
2025-10-07,9:39:42.903375052,T,297.55,200,298.19,100,IBM
2025-10-07,9:39:42.903405111,T,297.55,100,298.19,100,IBM
2025-10-07,9:39:42.903450203,T,297.55,100,298.19,200,IBM
2025-10-07,9:39:42.903465205,T,297.55,100,298.19,100,IBM
2025-10-07,9:39:42.906372195,T,297.55,200,298.19,100,IBM
2025-10-07,9:39:43.151059686,T,297.55,300,298.19,100,IBM
2025-10-07,9:39:43.677703541,T,297.55,200,298.19,100,IBM
2025-10-07,9:39:43.678239886,T,297.55,100,298.19,100,IBM
2025-10-07,9:39:47.460644282,T,297.45,200,298.19,100,IBM
2025-10-07,9:39:47.482601560,T,297.65,100,298.19,100,IBM
2025-10-07,9:39:48.252298860,T,297.65,200,298.19,100,IBM
2025-10-07,9:39:48.253085746,T,297.75,100,298.19,100,IBM
2025-10-07,9:39:48.256338512,T,297.65,100,298.19,100,IBM
2025-10-07,9:39:48.768477721,T,297.75,100,298.19,100,IBM
2025-10-07,9:39:48.768512724,T,297.65,100,298.19,100,IBM
2025-10-07,9:39:48.768512724,T,297.75,100,298.19,100,IBM
2025-10-07,9:39:48.768537878,T,297.65,200,298.19,100,IBM
2025-10-07,9:39:48.769299604,T,297.65,100,298.19,100,IBM
2025-10-07,9:39:49.924965929,T,297.85,100,298.19,100,IBM
2025-10-07,9:39:50.148803856,T,297.85,500,298.19,100,IBM
2025-10-07,9:39:53.440450041,T,297.91,100,298.19,100,IBM
2025-10-07,9:39:53.440480294,T,297.85,500,298.19,100,IBM
