DATE,TIME_M,EX,BID,BIDSIZ,ASK,ASKSIZ,SYM_ROOT
2025-11-17,9:30:01.028988954,T,304.45,240,310.07,40,IBM
2025-11-17,9:30:01.166431180,T,304.45,240,310.0,200,IBM
2025-11-17,9:30:01.181241415,T,304.45,200,310.0,200,IBM
2025-11-17,9:30:01.181291556,T,304.45,200,306.69,80,IBM
2025-11-17,9:30:01.181296575,T,304.45,200,306.69,120,IBM
2025-11-17,9:30:01.183677164,T,304.45,240,306.69,120,IBM
2025-11-17,9:30:01.183707320,T,304.45,200,306.69,120,IBM
2025-11-17,9:30:01.183747367,T,304.45,200,306.69,80,IBM
2025-11-17,9:30:01.201309180,T,304.45,200,306.86,40,IBM
2025-11-17,9:30:01.201344277,T,304.45,200,310.0,200,IBM
2025-11-17,9:30:01.388359525,T,304.45,200,307.54,40,IBM
2025-11-17,9:30:01.402037092,T,304.45,200,306.35,40,IBM
2025-11-17,9:30:01.465608476,T,305.7,200,306.35,40,IBM
2025-11-17,9:30:01.519802491,T,304.45,200,306.35,40,IBM
2025-11-17,9:30:01.519827530,T,304.45,200,305.71,80,IBM
2025-11-17,9:30:01.519847601,T,304.45,200,306.35,40,IBM
2025-11-17,9:30:01.519882848,T,304.45,200,306.29,40,IBM
2025-11-17,9:30:01.519917727,T,304.45,200,306.13,40,IBM
2025-11-17,9:30:01.520098163,T,304.45,200,306.01,40,IBM
2025-11-17,9:30:01.520118270,T,304.45,200,306.13,40,IBM
2025-11-17,9:30:01.520619467,T,304.45,200,305.9,40,IBM
2025-11-17,9:30:01.520709611,T,304.45,400,305.9,40,IBM
2025-11-17,9:30:01.520900235,T,304.45,800,305.9,40,IBM
2025-11-17,9:30:01.524293167,T,304.45,800,306.13,40,IBM
2025-11-17,9:30:01.534923481,T,304.45,800,306.29,40,IBM
2025-11-17,9:30:01.535539999,T,304.45,800,306.13,40,IBM
2025-11-17,9:30:01.535590053,T,304.45,800,306.29,40,IBM
2025-11-17,9:30:01.789253961,T,304.45,600,306.29,40,IBM
2025-11-17,9:30:01.789253961,T,304.45,200,306.29,40,IBM
2025-11-17,9:30:01.789278996,T,305.1,600,306.29,40,IBM
2025-11-17,9:30:01.898569190,T,304.45,200,306.29,40,IBM
2025-11-17,9:30:01.898599250,T,305.3,600,306.29,40,IBM
2025-11-17,9:30:01.905004488,T,304.45,200,306.29,40,IBM
2025-11-17,9:30:01.905029602,T,305.5,600,306.29,40,IBM
2025-11-17,9:30:02.621665813,T,305.5,560,306.29,40,IBM
2025-11-17,9:30:02.621685737,T,304.45,200,306.29,40,IBM
2025-11-17,9:30:02.621710839,T,304.45,200,306.0,80,IBM
2025-11-17,9:30:02.622061664,T,304.45,200,306.0,120,IBM
2025-11-17,9:30:02.622322276,T,304.45,200,305.82,40,IBM
2025-11-17,9:30:02.626507221,T,304.45,200,306.0,120,IBM
2025-11-17,9:30:02.641708465,T,304.45,200,306.29,40,IBM
2025-11-17,9:30:05.105498858,T,304.45,200,305.93,80,IBM
2025-11-17,9:30:05.105543957,T,304.45,200,305.75,40,IBM
2025-11-17,9:30:05.109553487,T,304.45,200,305.93,80,IBM
2025-11-17,9:30:05.125501515,T,304.45,200,306.29,80,IBM
2025-11-17,9:30:05.276280688,T,304.45,200,306.02,40,IBM
2025-11-17,9:30:05.376293591,T,304.45,200,306.29,80,IBM
2025-11-17,9:30:06.286495405,T,304.45,200,305.84,80,IBM
2025-11-17,9:30:06.286495405,T,304.45,200,305.53,80,IBM
2025-11-17,9:30:06.286550629,T,304.45,200,305.53,320,IBM
2025-11-17,9:30:06.290560019,T,304.45,200,305.53,80,IBM
2025-11-17,9:30:06.290740508,T,304.45,200,305.53,120,IBM
2025-11-17,9:30:06.295802585,T,304.45,200,305.53,40,IBM
2025-11-17,9:30:06.295822549,T,304.45,200,305.84,120,IBM
2025-11-17,9:30:06.306487979,T,304.45,200,305.84,40,IBM
2025-11-17,9:30:06.306513035,T,304.45,200,306.02,80,IBM
2025-11-17,9:30:06.386769078,T,304.45,200,306.02,40,IBM
2025-11-17,9:30:06.386794174,T,304.45,200,306.06,40,IBM
2025-11-17,9:30:06.396662601,T,304.45,200,306.09,40,IBM
2025-11-17,9:30:06.787803831,T,304.45,240,306.09,40,IBM
2025-11-17,9:30:07.408305999,T,304.45,240,306.48,40,IBM
2025-11-17,9:30:07.408792145,T,304.45,240,306.19,40,IBM
2025-11-17,9:30:08.367489364,T,304.45,240,306.09,40,IBM
2025-11-17,9:30:09.766825722,T,304.45,200,306.09,40,IBM
2025-11-17,9:30:14.007486350,T,304.45,200,305.69,40,IBM
2025-11-17,9:30:14.493583577,T,304.45,480,305.69,40,IBM
2025-11-17,9:30:14.500229379,T,304.45,480,305.53,40,IBM
2025-11-17,9:30:15.231901313,T,304.45,480,305.26,40,IBM
2025-11-17,9:30:15.232006446,T,304.45,520,305.26,40,IBM
2025-11-17,9:30:15.236858040,T,304.45,520,305.26,80,IBM
2025-11-17,9:30:15.243438702,T,304.45,520,305.26,40,IBM
2025-11-17,9:30:15.332079656,T,304.45,520,305.53,40,IBM
2025-11-17,9:30:15.855565982,T,304.46,120,305.53,40,IBM
2025-11-17,9:30:15.855981922,T,304.46,160,305.53,40,IBM
2025-11-17,9:30:15.855997028,T,304.46,200,305.53,40,IBM
2025-11-17,9:30:15.918525790,T,304.46,160,305.53,40,IBM
2025-11-17,9:30:15.918525790,T,304.61,40,305.53,40,IBM
2025-11-17,9:30:15.918971863,T,304.61,80,305.53,40,IBM
2025-11-17,9:30:15.919322723,T,304.61,360,305.53,40,IBM
2025-11-17,9:30:15.919392907,T,304.61,400,305.53,40,IBM
2025-11-17,9:30:16.114086354,T,304.61,360,305.53,40,IBM
2025-11-17,9:30:18.323265711,T,304.61,360,305.53,80,IBM
2025-11-17,9:30:18.323681775,T,304.61,320,305.53,80,IBM
2025-11-17,9:30:22.008388754,T,304.61,280,305.53,80,IBM
2025-11-17,9:30:26.005534778,T,304.61,280,305.53,120,IBM
2025-11-17,9:30:26.490835136,T,304.61,200,305.53,120,IBM
2025-11-17,9:30:26.490845122,T,304.45,200,305.53,120,IBM
2025-11-17,9:30:26.490850170,T,304.45,200,305.51,40,IBM
2025-11-17,9:30:26.490870181,T,304.45,200,305.07,120,IBM
2025-11-17,9:30:26.491366405,T,303.14,40,305.07,120,IBM
2025-11-17,9:30:26.491506741,T,302.96,40,305.07,120,IBM
2025-11-17,9:30:26.491652069,T,304.56,40,305.07,120,IBM
2025-11-17,9:30:26.491672109,T,304.56,40,305.35,40,IBM
2025-11-17,9:30:26.491677106,T,303.14,40,305.35,40,IBM
2025-11-17,9:30:26.491682176,T,302.96,40,305.35,40,IBM
2025-11-17,9:30:26.491782385,T,303.86,80,305.35,40,IBM
2025-11-17,9:30:26.491902701,T,303.86,80,305.51,80,IBM
2025-11-17,9:30:26.495230553,T,303.86,80,305.51,40,IBM
2025-11-17,9:30:26.495335827,T,303.86,80,305.19,40,IBM
2025-11-17,9:30:26.498352980,T,304.43,40,305.19,40,IBM
2025-11-17,9:30:26.498398094,T,304.43,80,305.19,40,IBM
2025-11-17,9:30:26.498408160,T,304.43,40,305.19,40,IBM
2025-11-17,9:30:26.498428226,T,302.96,40,305.19,40,IBM
2025-11-17,9:30:26.498453236,T,302.96,40,304.59,40,IBM
2025-11-17,9:30:26.499866672,T,302.96,40,305.19,40,IBM
2025-11-17,9:30:26.499886810,T,303.68,40,305.19,40,IBM
2025-11-17,9:30:26.499886810,T,304.43,40,305.19,40,IBM
2025-11-17,9:30:26.500262507,T,304.43,40,305.19,80,IBM
2025-11-17,9:30:26.500543226,T,304.43,80,305.19,80,IBM
2025-11-17,9:30:26.500693613,T,304.43,80,304.8,40,IBM
2025-11-17,9:30:26.500748678,T,304.59,40,304.8,40,IBM
2025-11-17,9:30:26.500768800,T,304.59,80,304.8,40,IBM
2025-11-17,9:30:26.500798863,T,304.59,40,304.8,40,IBM
2025-11-17,9:30:26.500818905,T,304.43,40,304.8,40,IBM
2025-11-17,9:30:26.500838910,T,304.43,40,304.59,40,IBM
2025-11-17,9:30:26.500868956,T,304.43,40,305.19,40,IBM
2025-11-17,9:30:26.501244932,T,304.43,40,305.18,80,IBM
2025-11-17,9:30:26.502362586,T,304.43,40,305.18,40,IBM
2025-11-17,9:30:26.510732520,T,303.87,40,305.18,40,IBM
2025-11-17,9:30:26.600130364,T,302.96,40,305.18,40,IBM
2025-11-17,9:30:26.601278045,T,302.96,40,305.19,40,IBM
2025-11-17,9:30:26.603272841,T,302.96,40,305.53,40,IBM
2025-11-17,9:30:27.322720529,T,302.96,40,305.79,40,IBM
2025-11-17,9:30:27.380823938,T,302.96,40,306.19,40,IBM
2025-11-17,9:30:27.491261865,T,303.5,40,306.19,40,IBM
2025-11-17,9:30:28.323227309,T,303.5,40,305.21,40,IBM
2025-11-17,9:30:29.367663715,T,303.5,40,305.21,80,IBM
2025-11-17,9:30:30.322637317,T,303.5,40,305.21,40,IBM
2025-11-17,9:30:31.291789682,T,303.68,40,305.21,40,IBM
2025-11-17,9:30:33.236389077,T,304.1,80,305.21,40,IBM
2025-11-17,9:30:33.236815098,T,304.1,120,305.21,40,IBM
2025-11-17,9:30:33.829576207,T,304.1,120,305.2,80,IBM
2025-11-17,9:30:33.830002294,T,304.1,80,305.2,80,IBM
2025-11-17,9:30:33.837695529,T,304.1,80,305.58,40,IBM
2025-11-17,9:30:36.009972022,T,304.1,80,305.2,40,IBM
2025-11-17,9:30:38.744962988,T,304.1,80,305.58,40,IBM
2025-11-17,9:30:38.760294556,T,304.1,80,304.86,80,IBM
2025-11-17,9:30:38.769596665,T,304.1,80,305.35,40,IBM
2025-11-17,9:30:38.860693603,T,304.1,80,305.58,40,IBM
2025-11-17,9:30:39.007598352,T,304.1,80,305.12,40,IBM
2025-11-17,9:30:40.328924018,T,304.1,80,305.12,80,IBM
2025-11-17,9:30:41.651743212,T,302.96,40,305.12,80,IBM
2025-11-17,9:30:41.651768615,T,302.96,40,305.11,40,IBM
2025-11-17,9:30:41.651768615,T,302.96,40,304.62,80,IBM
2025-11-17,9:30:41.651798231,T,304.1,80,304.62,80,IBM
2025-11-17,9:30:41.651808309,T,304.1,80,304.51,160,IBM
2025-11-17,9:30:41.651828378,T,302.78,40,304.51,160,IBM
2025-11-17,9:30:41.651848410,T,302.78,40,304.51,200,IBM
2025-11-17,9:30:41.652048887,T,302.78,40,304.51,240,IBM
2025-11-17,9:30:41.652865852,T,302.78,40,304.51,200,IBM
2025-11-17,9:30:41.652900887,T,304.08,40,304.51,200,IBM
2025-11-17,9:30:41.655817860,T,304.08,40,304.51,40,IBM
2025-11-17,9:30:41.662839570,T,304.29,40,304.51,40,IBM
2025-11-17,9:30:41.662854659,T,304.08,40,304.51,40,IBM
2025-11-17,9:30:41.663140292,T,302.78,40,304.51,40,IBM
2025-11-17,9:30:41.663255545,T,303.5,40,304.51,40,IBM
2025-11-17,9:30:41.663270633,T,302.96,40,304.51,40,IBM
2025-11-17,9:30:41.663275564,T,302.78,40,304.51,40,IBM
2025-11-17,9:30:41.663581336,T,304.08,40,304.51,40,IBM
2025-11-17,9:30:41.663721804,T,304.08,40,305.11,40,IBM
2025-11-17,9:30:41.663746693,T,304.35,40,305.11,40,IBM
2025-11-17,9:30:41.663746693,T,304.35,40,305.11,120,IBM
2025-11-17,9:30:41.663766800,T,304.35,40,305.11,240,IBM
2025-11-17,9:30:41.663776759,T,304.08,40,305.11,240,IBM
2025-11-17,9:30:41.663796885,T,304.08,40,304.35,80,IBM
2025-11-17,9:30:41.663801834,T,304.08,40,304.35,200,IBM
2025-11-17,9:30:41.663842244,T,304.08,40,304.35,80,IBM
2025-11-17,9:30:41.663847009,T,304.08,40,305.1,40,IBM
2025-11-17,9:30:41.663856984,T,304.08,80,305.1,40,IBM
2025-11-17,9:30:41.663912082,T,304.08,80,304.96,40,IBM
2025-11-17,9:30:41.663917138,T,304.08,80,304.96,120,IBM
2025-11-17,9:30:41.663982256,T,304.08,80,304.96,200,IBM
2025-11-17,9:30:41.664022379,T,304.08,80,304.96,240,IBM
2025-11-17,9:30:41.664042403,T,304.08,80,304.51,40,IBM
2025-11-17,9:30:41.664047800,T,304.08,80,304.51,120,IBM
2025-11-17,9:30:41.664047800,T,304.08,80,304.51,200,IBM
2025-11-17,9:30:41.664052438,T,304.08,40,304.51,200,IBM
2025-11-17,9:30:41.664072524,T,304.08,40,304.51,240,IBM
2025-11-17,9:30:41.664142649,T,304.08,40,304.2,40,IBM
2025-11-17,9:30:41.664142649,T,304.08,40,304.2,80,IBM
2025-11-17,9:30:41.664147704,T,304.08,40,304.2,200,IBM
2025-11-17,9:30:41.664177797,T,304.08,40,304.2,160,IBM
2025-11-17,9:30:41.664183047,T,304.08,40,304.2,200,IBM
2025-11-17,9:30:41.664197828,T,304.08,40,304.2,120,IBM
2025-11-17,9:30:41.664202809,T,304.08,40,304.2,40,IBM
2025-11-17,9:30:41.664202809,T,304.08,40,304.36,40,IBM
2025-11-17,9:30:41.664202809,T,304.08,80,304.36,40,IBM
2025-11-17,9:30:41.664207860,T,304.08,40,304.36,40,IBM
2025-11-17,9:30:41.664222880,T,304.08,40,305.1,80,IBM
2025-11-17,9:30:41.664232845,T,303.32,40,305.1,80,IBM
2025-11-17,9:30:41.664273005,T,304.35,80,305.1,80,IBM
2025-11-17,9:30:41.664293049,T,303.32,40,305.1,80,IBM
2025-11-17,9:30:41.664308086,T,303.32,40,304.96,40,IBM
2025-11-17,9:30:41.664343195,T,303.5,40,304.96,40,IBM
2025-11-17,9:30:41.664358576,T,303.5,40,305.02,40,IBM
2025-11-17,9:30:41.664358576,T,303.5,40,305.1,80,IBM
2025-11-17,9:30:41.664368215,T,303.32,40,305.1,80,IBM
2025-11-17,9:30:41.664513631,T,304.08,40,305.1,80,IBM
2025-11-17,9:30:41.664553668,T,304.08,40,304.96,40,IBM
2025-11-17,9:30:41.664553668,T,304.08,40,304.96,80,IBM
2025-11-17,9:30:41.664628869,T,304.08,40,304.61,40,IBM
2025-11-17,9:30:41.664724005,T,304.08,40,304.55,40,IBM
2025-11-17,9:30:41.664729025,T,304.08,40,304.41,80,IBM
2025-11-17,9:30:41.664739100,T,304.08,40,304.96,40,IBM
2025-11-17,9:30:41.664764176,T,304.08,40,304.41,40,IBM
2025-11-17,9:30:41.664804262,T,304.08,40,304.35,40,IBM
2025-11-17,9:30:41.665400651,T,304.08,40,305.1,80,IBM
2025-11-17,9:30:41.665460868,T,304.21,40,305.1,80,IBM
2025-11-17,9:30:41.665490872,T,304.08,40,305.1,80,IBM
2025-11-17,9:30:41.665515935,T,304.08,40,305.02,40,IBM
2025-11-17,9:30:41.665526025,T,304.08,40,304.35,40,IBM
2025-11-17,9:30:41.665776712,T,304.08,40,304.35,80,IBM
2025-11-17,9:30:41.665801626,T,303.32,40,304.35,80,IBM
2025-11-17,9:30:41.665922234,T,304.08,40,304.35,80,IBM
2025-11-17,9:30:41.666017109,T,304.08,40,304.35,40,IBM
2025-11-17,9:30:41.666017109,T,304.08,40,304.86,40,IBM
2025-11-17,9:30:41.666017109,T,304.08,40,305.01,80,IBM
2025-11-17,9:30:41.666598491,T,304.08,40,305.01,40,IBM
2025-11-17,9:30:41.666618567,T,304.08,80,305.01,40,IBM
2025-11-17,9:30:41.666653665,T,304.08,40,305.01,40,IBM
2025-11-17,9:30:41.666673643,T,304.08,40,305.01,80,IBM
2025-11-17,9:30:41.666678736,T,304.08,40,304.85,40,IBM
2025-11-17,9:30:41.666678736,T,304.08,40,304.35,40,IBM
2025-11-17,9:30:41.666914287,T,304.08,40,304.35,80,IBM
2025-11-17,9:30:41.666944342,T,303.5,40,304.35,80,IBM
2025-11-17,9:30:41.667590884,T,303.32,40,304.35,80,IBM
2025-11-17,9:30:41.668457898,T,304.08,40,304.35,80,IBM
2025-11-17,9:30:41.680476520,T,303.32,40,304.35,80,IBM
2025-11-17,9:30:41.702173252,T,303.32,40,304.35,40,IBM
2025-11-17,9:30:41.702173252,T,303.32,40,305.0,40,IBM
2025-11-17,9:30:41.702208323,T,304.21,40,305.0,40,IBM
2025-11-17,9:30:41.702213356,T,304.21,40,305.01,40,IBM
2025-11-17,9:30:41.702288505,T,304.21,40,305.1,40,IBM
2025-11-17,9:30:41.703676827,T,303.5,40,305.1,40,IBM
2025-11-17,9:30:41.716512305,T,304.21,40,305.1,40,IBM
2025-11-17,9:30:41.733041658,T,303.5,40,305.1,40,IBM
2025-11-17,9:30:41.753274901,T,304.21,40,305.1,40,IBM
2025-11-17,9:30:41.764872426,T,304.21,40,305.12,40,IBM
2025-11-17,9:30:41.765674422,T,304.21,80,305.12,40,IBM
2025-11-17,9:30:41.773939075,T,304.21,40,305.12,40,IBM
2025-11-17,9:30:44.726082113,T,304.21,40,305.12,120,IBM
2025-11-17,9:30:44.733695238,T,304.21,40,305.09,80,IBM
2025-11-17,9:30:44.777980658,T,303.5,40,305.09,80,IBM
2025-11-17,9:30:44.778025735,T,303.5,40,304.65,80,IBM
2025-11-17,9:30:44.778060804,T,303.32,40,304.65,80,IBM
2025-11-17,9:30:44.787327925,T,303.32,40,305.08,40,IBM
2025-11-17,9:30:44.788300158,T,303.32,40,305.12,120,IBM
2025-11-17,9:30:46.344159069,T,304.0,40,305.12,120,IBM
2025-11-17,9:30:48.403591826,T,304.0,80,305.12,120,IBM
2025-11-17,9:30:49.775568087,T,304.0,80,305.12,80,IBM
2025-11-17,9:30:49.775989101,T,304.0,40,305.12,80,IBM
2025-11-17,9:30:50.073793048,T,304.0,40,304.94,40,IBM
2025-11-17,9:30:50.370233730,T,304.0,40,304.7,40,IBM
2025-11-17,9:30:50.372393880,T,304.0,40,304.94,40,IBM
2025-11-17,9:30:50.671210316,T,304.0,40,305.12,80,IBM
2025-11-17,9:30:50.673170026,T,304.0,40,305.37,40,IBM
2025-11-17,9:30:51.193388403,T,304.0,40,304.99,40,IBM
2025-11-17,9:30:53.639085839,T,304.0,40,304.94,80,IBM
2025-11-17,9:30:54.167809564,T,304.0,40,304.94,120,IBM
2025-11-17,9:30:54.935958214,T,304.0,40,304.94,80,IBM
2025-11-17,9:30:54.941090481,T,303.32,40,304.94,80,IBM
2025-11-17,9:30:54.941190710,T,303.5,40,304.94,80,IBM
2025-11-17,9:30:54.941195690,T,304.01,40,304.94,80,IBM
2025-11-17,9:30:54.941225810,T,303.5,40,304.94,80,IBM
2025-11-17,9:30:54.941225810,T,304.25,40,304.94,80,IBM
2025-11-17,9:30:55.238869372,T,303.32,40,304.94,80,IBM
2025-11-17,9:30:55.860303851,T,303.32,40,304.94,120,IBM
2025-11-17,9:30:58.196796155,T,303.32,40,304.94,80,IBM
2025-11-17,9:30:58.200715519,T,303.32,40,304.94,120,IBM
2025-11-17,9:30:58.472983715,T,303.32,40,304.94,40,IBM
2025-11-17,9:31:00.072230898,T,303.5,40,304.94,40,IBM
2025-11-17,9:31:00.194617390,T,303.74,160,304.94,40,IBM
2025-11-17,9:31:00.196311263,T,304.25,40,304.94,40,IBM
2025-11-17,9:31:01.212470485,T,304.25,40,304.99,40,IBM
2025-11-17,9:31:01.216595213,T,304.25,40,304.94,40,IBM
2025-11-17,9:31:04.908915349,T,304.35,80,304.94,40,IBM
2025-11-17,9:31:04.909015632,T,304.35,120,304.94,40,IBM
2025-11-17,9:31:04.912924949,T,304.21,40,304.94,40,IBM
2025-11-17,9:31:07.391219706,T,304.21,80,304.94,40,IBM
2025-11-17,9:31:09.936118469,T,304.21,40,304.94,40,IBM
2025-11-17,9:31:12.014065342,T,304.21,40,304.99,40,IBM
2025-11-17,9:31:22.920374486,T,304.21,40,304.75,40,IBM
2025-11-17,9:31:22.929671600,T,304.21,40,304.94,40,IBM
2025-11-17,9:31:29.294198758,T,304.17,40,304.94,40,IBM
2025-11-17,9:31:29.294218865,T,304.17,40,304.6,40,IBM
2025-11-17,9:31:29.294258974,T,304.17,40,304.6,80,IBM
2025-11-17,9:31:29.294529553,T,304.17,40,304.48,40,IBM
2025-11-17,9:31:29.294574708,T,303.99,160,304.48,40,IBM
2025-11-17,9:31:29.294980983,T,303.32,40,304.48,40,IBM
2025-11-17,9:31:29.294990659,T,303.78,160,304.48,40,IBM
2025-11-17,9:31:29.295632182,T,303.78,160,304.93,40,IBM
2025-11-17,9:31:29.297677227,T,303.78,160,304.93,80,IBM
2025-11-17,9:31:29.297687211,T,303.78,160,304.48,40,IBM
2025-11-17,9:31:29.297727222,T,303.78,160,304.93,80,IBM
2025-11-17,9:31:29.297727222,T,303.78,160,304.88,40,IBM
2025-11-17,9:31:29.300037679,T,303.78,160,304.72,40,IBM
2025-11-17,9:31:29.312848225,T,303.78,160,304.17,80,IBM
2025-11-17,9:31:29.313143852,T,303.78,160,304.17,120,IBM
2025-11-17,9:31:29.313625057,T,303.32,40,304.17,120,IBM
2025-11-17,9:31:29.313645037,T,303.14,40,304.17,120,IBM
2025-11-17,9:31:29.313655139,T,303.14,40,304.17,160,IBM
2025-11-17,9:31:29.313670109,T,303.14,40,303.94,40,IBM
2025-11-17,9:31:29.322626462,T,303.14,40,304.17,40,IBM
2025-11-17,9:31:29.322671597,T,303.24,80,304.17,40,IBM
2025-11-17,9:31:29.322726668,T,303.24,120,304.17,40,IBM
2025-11-17,9:31:29.322852032,T,303.24,120,304.17,80,IBM
2025-11-17,9:31:29.332840825,T,303.24,120,304.17,40,IBM
2025-11-17,9:31:29.333111410,T,303.24,120,304.17,80,IBM
2025-11-17,9:31:29.416640262,T,303.35,160,304.17,80,IBM
2025-11-17,9:31:29.808488175,T,303.35,160,304.17,40,IBM
2025-11-17,9:31:30.294610383,T,303.35,200,304.17,40,IBM
2025-11-17,9:31:30.590995967,T,303.35,40,304.17,40,IBM
2025-11-17,9:31:31.952637399,T,303.35,40,304.17,80,IBM
2025-11-17,9:31:31.952667543,T,303.35,40,304.16,40,IBM
2025-11-17,9:31:32.826447714,T,303.35,40,304.16,80,IBM
2025-11-17,9:31:32.826658420,T,303.35,40,304.16,120,IBM
2025-11-17,9:31:32.827199443,T,303.35,40,303.86,40,IBM
2025-11-17,9:31:32.879499020,T,303.35,40,304.16,40,IBM
2025-11-17,9:31:32.879709440,T,303.35,40,304.16,80,IBM
2025-11-17,9:31:32.879739524,T,303.35,40,304.15,40,IBM
2025-11-17,9:31:33.031851691,T,303.35,40,304.16,40,IBM
2025-11-17,9:31:33.032057156,T,303.35,40,304.16,80,IBM
2025-11-17,9:31:33.032092202,T,303.35,40,304.15,40,IBM
2025-11-17,9:31:33.151546611,T,303.35,40,304.16,40,IBM
2025-11-17,9:31:33.152002718,T,303.35,40,304.14,40,IBM
2025-11-17,9:31:33.152213219,T,303.35,40,304.14,80,IBM
2025-11-17,9:31:33.747385218,T,303.35,40,304.14,40,IBM
2025-11-17,9:31:33.747685910,T,303.35,40,304.13,40,IBM
2025-11-17,9:31:33.753474716,T,303.35,40,304.13,80,IBM
2025-11-17,9:31:33.864418771,T,303.35,40,304.13,40,IBM
2025-11-17,9:31:33.864719461,T,303.35,40,304.12,40,IBM
2025-11-17,9:31:33.865220661,T,303.35,40,304.12,80,IBM
2025-11-17,9:31:34.053463816,T,303.35,40,304.12,40,IBM
2025-11-17,9:31:34.053955002,T,303.35,40,304.11,40,IBM
2025-11-17,9:31:34.409511419,T,303.35,40,304.16,40,IBM
2025-11-17,9:31:34.933258389,T,303.35,40,304.12,40,IBM
2025-11-17,9:31:34.933468892,T,303.35,40,304.12,80,IBM
2025-11-17,9:31:34.963340016,T,303.35,160,304.12,80,IBM
2025-11-17,9:31:35.115833021,T,303.35,160,304.12,40,IBM
2025-11-17,9:31:35.116324201,T,303.35,160,304.11,40,IBM
2025-11-17,9:31:35.116820352,T,303.35,160,304.11,80,IBM
2025-11-17,9:31:35.236785971,T,303.35,160,304.11,40,IBM
2025-11-17,9:31:35.237277184,T,303.35,160,304.1,40,IBM
2025-11-17,9:31:36.037341885,T,303.35,160,304.1,80,IBM
2025-11-17,9:31:36.037607422,T,303.35,160,304.1,40,IBM
2025-11-17,9:31:36.038093604,T,303.35,160,304.09,40,IBM
2025-11-17,9:31:36.105158267,T,303.35,160,304.09,80,IBM
2025-11-17,9:31:36.320470931,T,303.35,160,304.09,40,IBM
2025-11-17,9:31:36.321468242,T,303.35,160,304.08,40,IBM
2025-11-17,9:31:36.321984503,T,303.35,160,304.08,80,IBM
2025-11-17,9:31:36.848673278,T,303.35,160,304.08,40,IBM
2025-11-17,9:31:38.005532250,T,303.35,160,304.07,40,IBM
2025-11-17,9:31:38.006048472,T,303.35,160,304.07,80,IBM
2025-11-17,9:31:38.122580895,T,303.35,120,304.07,80,IBM
2025-11-17,9:31:38.122600933,T,303.31,40,304.07,80,IBM
2025-11-17,9:31:38.122626332,T,303.09,160,304.07,80,IBM
2025-11-17,9:31:38.122626332,T,303.09,160,303.71,40,IBM
2025-11-17,9:31:38.122646105,T,303.09,160,303.71,80,IBM
2025-11-17,9:31:38.122666062,T,303.09,160,303.71,120,IBM
2025-11-17,9:31:38.122996864,T,302.78,40,303.71,120,IBM
2025-11-17,9:31:38.123648394,T,302.78,40,303.71,80,IBM
2025-11-17,9:31:38.123668495,T,302.78,40,303.71,40,IBM
2025-11-17,9:31:38.222734332,T,302.78,40,303.87,40,IBM
2025-11-17,9:31:38.857946473,T,302.6,40,303.87,40,IBM
2025-11-17,9:31:38.857971533,T,302.6,40,303.48,80,IBM
2025-11-17,9:31:38.858001604,T,302.6,40,303.46,40,IBM
2025-11-17,9:31:38.866932921,T,302.6,40,303.48,80,IBM
2025-11-17,9:31:38.867273705,T,302.6,40,303.87,40,IBM
2025-11-17,9:31:39.123012571,T,302.78,40,303.87,40,IBM
2025-11-17,9:31:39.123037652,T,302.6,40,303.87,40,IBM
2025-11-17,9:31:40.608860060,T,302.6,40,304.22,40,IBM
2025-11-17,9:31:41.426270932,T,302.6,40,304.4,40,IBM
2025-11-17,9:31:41.426306064,T,302.6,40,303.85,40,IBM
2025-11-17,9:31:43.683189012,T,302.6,40,303.8,40,IBM
2025-11-17,9:31:44.366179945,T,302.6,40,303.8,80,IBM
2025-11-17,9:31:44.872124370,T,303.01,40,303.8,80,IBM
2025-11-17,9:31:44.876053801,T,303.02,40,303.8,80,IBM
2025-11-17,9:31:44.876800504,T,303.02,80,303.8,80,IBM
2025-11-17,9:31:45.550995435,T,303.02,120,303.8,80,IBM
2025-11-17,9:31:45.551005458,T,303.02,160,303.8,80,IBM
2025-11-17,9:31:45.551080615,T,303.02,120,303.8,80,IBM
2025-11-17,9:31:45.551421519,T,303.03,40,303.8,80,IBM
2025-11-17,9:31:45.551436961,T,303.02,120,303.8,80,IBM
2025-11-17,9:31:45.551441486,T,303.23,40,303.8,80,IBM
2025-11-17,9:31:45.552574175,T,303.23,80,303.8,80,IBM
2025-11-17,9:31:45.571023154,T,303.23,120,303.8,80,IBM
2025-11-17,9:31:45.905960487,T,303.23,120,303.8,40,IBM
2025-11-17,9:31:45.906005639,T,303.23,120,303.85,40,IBM
2025-11-17,9:31:45.906010647,T,303.4,80,303.85,40,IBM
2025-11-17,9:31:45.906030836,T,303.51,40,303.85,40,IBM
2025-11-17,9:31:45.906030836,T,303.65,40,303.85,40,IBM
2025-11-17,9:31:45.906582053,T,303.65,40,303.95,40,IBM
2025-11-17,9:31:45.906612034,T,303.65,40,304.01,40,IBM
2025-11-17,9:31:45.906692258,T,303.51,40,304.01,40,IBM
2025-11-17,9:31:45.906797535,T,303.65,40,304.01,40,IBM
2025-11-17,9:31:45.907013052,T,303.65,80,304.01,40,IBM
2025-11-17,9:31:45.907925268,T,303.65,120,304.01,40,IBM
2025-11-17,9:31:45.916816387,T,303.65,80,304.01,40,IBM
2025-11-17,9:31:46.399766097,T,303.65,120,304.01,40,IBM
2025-11-17,9:31:46.399986582,T,303.65,80,304.01,40,IBM
2025-11-17,9:31:46.400021643,T,303.8,40,304.01,40,IBM
2025-11-17,9:31:46.400427652,T,303.8,40,304.11,40,IBM
2025-11-17,9:31:46.400598041,T,303.8,40,304.41,160,IBM
2025-11-17,9:31:46.400628178,T,303.65,40,304.41,160,IBM
2025-11-17,9:31:46.400758435,T,303.65,40,304.72,40,IBM
2025-11-17,9:31:46.400763484,T,303.65,40,304.66,160,IBM
2025-11-17,9:31:46.400838635,T,303.65,40,304.17,240,IBM
2025-11-17,9:31:46.402156770,T,303.8,40,304.17,240,IBM
2025-11-17,9:31:46.410436476,T,303.8,40,304.66,160,IBM
2025-11-17,9:31:46.410456832,T,304.17,80,304.66,160,IBM
2025-11-17,9:31:46.411168243,T,303.98,40,304.66,160,IBM
2025-11-17,9:31:46.411193350,T,303.8,120,304.66,160,IBM
2025-11-17,9:31:46.411248389,T,303.8,80,304.66,160,IBM
2025-11-17,9:31:46.411248389,T,303.98,40,304.66,160,IBM
2025-11-17,9:31:46.411253399,T,303.98,40,304.68,80,IBM
2025-11-17,9:31:46.427176313,T,304.17,40,304.68,80,IBM
2025-11-17,9:31:46.427597379,T,304.17,80,304.68,80,IBM
2025-11-17,9:31:46.524117122,T,304.17,40,304.68,80,IBM
2025-11-17,9:31:46.674941207,T,304.17,40,304.94,40,IBM
2025-11-17,9:31:46.701048314,T,304.17,40,304.83,40,IBM
2025-11-17,9:31:47.041564022,T,304.17,40,304.94,40,IBM
2025-11-17,9:31:47.551698503,T,303.4,40,304.94,40,IBM
2025-11-17,9:31:49.352605686,T,303.4,40,304.66,40,IBM
2025-11-17,9:31:49.645558052,T,303.4,40,304.94,40,IBM
2025-11-17,9:31:49.680160509,T,303.4,40,304.88,80,IBM
2025-11-17,9:31:49.688740909,T,303.4,40,304.94,40,IBM
2025-11-17,9:31:49.973659241,T,303.4,80,304.94,40,IBM
2025-11-17,9:31:50.282359104,T,303.4,200,304.94,40,IBM
2025-11-17,9:31:53.275760593,T,303.4,80,304.94,40,IBM
2025-11-17,9:31:55.136816082,T,303.4,120,304.94,40,IBM
2025-11-17,9:31:55.169864756,T,303.41,40,304.94,40,IBM
2025-11-17,9:31:55.178420119,T,303.41,40,304.92,80,IBM
2025-11-17,9:31:55.178846137,T,303.41,80,304.92,80,IBM
2025-11-17,9:31:55.186935434,T,303.41,80,304.94,40,IBM
2025-11-17,9:31:58.466001708,T,303.41,80,304.9,80,IBM
2025-11-17,9:31:58.474552026,T,303.41,80,304.94,40,IBM
2025-11-17,9:31:59.908275224,T,303.41,120,304.94,40,IBM
2025-11-17,9:32:00.833051876,T,303.56,40,304.94,40,IBM
2025-11-17,9:32:00.836364708,T,303.56,80,304.94,40,IBM
2025-11-17,9:32:03.135057059,T,303.56,280,304.94,40,IBM
2025-11-17,9:32:03.135272570,T,303.56,320,304.94,40,IBM
2025-11-17,9:32:04.200167704,T,304.17,40,304.94,40,IBM
2025-11-17,9:32:04.203510706,T,304.17,80,304.94,40,IBM
2025-11-17,9:32:04.350179851,T,304.17,40,304.94,40,IBM
2025-11-17,9:32:06.688015505,T,303.56,240,304.94,40,IBM
2025-11-17,9:32:06.689243398,T,303.56,240,304.94,80,IBM
2025-11-17,9:32:08.245904294,T,303.56,280,304.94,80,IBM
2025-11-17,9:32:08.246129932,T,303.56,320,304.94,80,IBM
2025-11-17,9:32:16.912802424,T,303.56,320,304.94,40,IBM
2025-11-17,9:32:19.488398908,T,304.18,40,304.94,40,IBM
2025-11-17,9:32:19.489276018,T,304.18,80,304.94,40,IBM
2025-11-17,9:32:19.924406873,T,304.18,40,304.94,40,IBM
2025-11-17,9:32:19.925193712,T,304.18,40,304.99,40,IBM
2025-11-17,9:32:20.207059706,T,303.56,240,304.99,40,IBM
2025-11-17,9:32:20.207300297,T,304.19,40,304.99,40,IBM
2025-11-17,9:32:20.207721318,T,304.19,80,304.99,40,IBM
2025-11-17,9:32:21.689804845,T,304.19,40,304.99,40,IBM
2025-11-17,9:32:27.437703563,T,304.2,40,304.99,40,IBM
2025-11-17,9:32:27.438575571,T,304.2,80,304.99,40,IBM
2025-11-17,9:32:27.438926495,T,304.2,40,304.99,40,IBM
2025-11-17,9:32:27.438926495,T,304.43,40,304.99,40,IBM
2025-11-17,9:32:27.441748219,T,304.2,40,304.99,40,IBM
2025-11-17,9:32:27.455430751,T,303.56,240,304.99,40,IBM
2025-11-17,9:32:27.480134504,T,304.2,40,304.99,40,IBM
2025-11-17,9:32:27.480560557,T,304.2,80,304.99,40,IBM
2025-11-17,9:32:27.692344679,T,304.2,80,304.94,40,IBM
2025-11-17,9:32:27.692369853,T,304.2,40,304.94,40,IBM
2025-11-17,9:32:27.693121556,T,304.2,40,304.99,40,IBM
2025-11-17,9:32:33.679398033,T,303.56,240,304.99,40,IBM
2025-11-17,9:32:39.734979213,T,303.56,240,304.99,80,IBM
2025-11-17,9:32:46.968594910,T,303.56,240,304.83,40,IBM
2025-11-17,9:32:46.968609977,T,303.56,240,304.99,80,IBM
2025-11-17,9:32:46.968609977,T,303.56,240,304.83,40,IBM
2025-11-17,9:32:46.968775343,T,304.5,40,304.83,40,IBM
2025-11-17,9:32:46.968795434,T,303.56,240,304.83,40,IBM
2025-11-17,9:32:46.978117590,T,303.56,240,304.99,120,IBM
2025-11-17,9:32:48.251428913,T,303.87,40,304.99,120,IBM
2025-11-17,9:32:48.253423673,T,303.87,40,304.94,120,IBM
2025-11-17,9:32:48.253453778,T,303.87,40,304.94,160,IBM
2025-11-17,9:32:48.260731065,T,303.56,240,304.94,160,IBM
2025-11-17,9:32:48.542461781,T,303.56,240,304.68,40,IBM
2025-11-17,9:32:48.551758855,T,303.56,240,304.74,120,IBM
2025-11-17,9:32:52.727570135,T,303.56,40,304.74,120,IBM
2025-11-17,9:32:52.727575036,T,303.8,160,304.74,120,IBM
2025-11-17,9:32:53.078279937,T,303.8,160,304.57,40,IBM
2025-11-17,9:32:53.079673229,T,303.8,160,304.79,80,IBM
2025-11-17,9:32:55.878711708,T,303.8,160,304.79,120,IBM
2025-11-17,9:32:57.376617791,T,303.8,160,304.73,40,IBM
2025-11-17,9:32:57.376632771,T,303.8,160,304.79,120,IBM
2025-11-17,9:32:57.376642783,T,303.8,160,304.79,80,IBM
2025-11-17,9:32:57.376642783,T,303.8,160,304.79,120,IBM
2025-11-17,9:32:57.376677923,T,303.8,160,304.43,40,IBM
2025-11-17,9:32:57.377008731,T,303.52,80,304.43,40,IBM
2025-11-17,9:32:57.377013699,T,303.53,160,304.43,40,IBM
2025-11-17,9:32:57.380401727,T,303.53,160,304.43,160,IBM
2025-11-17,9:32:57.385980027,T,303.53,160,304.43,120,IBM
2025-11-17,9:32:57.411300345,T,303.53,200,304.43,120,IBM
2025-11-17,9:32:57.411601040,T,303.53,280,304.43,120,IBM
2025-11-17,9:32:57.584447462,T,303.53,240,304.43,120,IBM
2025-11-17,9:33:00.298729479,T,303.53,160,304.43,120,IBM
2025-11-17,9:33:02.823244271,T,303.56,40,304.43,120,IBM
2025-11-17,9:33:02.823454834,T,303.56,80,304.43,120,IBM
2025-11-17,9:33:02.823665346,T,303.56,120,304.43,120,IBM
2025-11-17,9:33:02.831343573,T,303.56,80,304.43,120,IBM
2025-11-17,9:33:05.347503764,T,303.56,120,304.43,120,IBM
2025-11-17,9:33:08.672710030,T,303.56,80,304.43,120,IBM
2025-11-17,9:33:08.672710030,T,303.56,40,304.43,120,IBM
2025-11-17,9:33:08.674639558,T,303.53,160,304.43,120,IBM
2025-11-17,9:33:08.674674710,T,303.56,40,304.43,120,IBM
2025-11-17,9:33:13.912774834,T,303.53,160,304.43,120,IBM
2025-11-17,9:33:25.007176775,T,303.56,40,304.43,120,IBM
2025-11-17,9:33:25.007222145,T,303.56,40,304.48,80,IBM
2025-11-17,9:33:25.007226900,T,303.84,40,304.48,80,IBM
2025-11-17,9:33:25.007246935,T,304.42,80,304.48,80,IBM
2025-11-17,9:33:25.007282079,T,304.21,40,304.48,80,IBM
2025-11-17,9:33:25.007302129,T,304.06,40,304.48,80,IBM
2025-11-17,9:33:25.007347244,T,304.06,40,304.48,40,IBM
2025-11-17,9:33:25.007347244,T,304.06,40,304.92,40,IBM
2025-11-17,9:33:25.007362291,T,304.08,40,304.92,40,IBM
2025-11-17,9:33:25.007372310,T,304.34,40,304.92,40,IBM
2025-11-17,9:33:25.007667976,T,304.42,40,304.92,40,IBM
2025-11-17,9:33:25.007973645,T,304.42,80,304.92,40,IBM
2025-11-17,9:33:25.008545093,T,304.48,40,304.92,40,IBM
2025-11-17,9:33:25.008610168,T,304.48,40,304.94,160,IBM
2025-11-17,9:33:25.008640251,T,304.48,40,304.94,200,IBM
2025-11-17,9:33:25.008971107,T,304.48,40,304.83,200,IBM
2025-11-17,9:33:25.009116451,T,304.48,40,304.83,480,IBM
2025-11-17,9:33:25.009186595,T,304.48,40,304.83,280,IBM
2025-11-17,9:33:25.009186595,T,304.48,40,304.94,160,IBM
2025-11-17,9:33:25.009231706,T,304.48,80,304.94,160,IBM
2025-11-17,9:33:25.010053640,T,304.48,80,304.94,200,IBM
2025-11-17,9:33:25.010419460,T,304.48,80,304.94,40,IBM
2025-11-17,9:33:25.015256048,T,304.48,80,304.78,80,IBM
2025-11-17,9:33:25.027640460,T,304.48,120,304.78,80,IBM
2025-11-17,9:33:25.052544785,T,304.48,80,304.78,80,IBM
2025-11-17,9:33:25.164952448,T,304.48,80,304.78,120,IBM
2025-11-17,9:33:25.279339731,T,304.48,40,304.78,120,IBM
2025-11-17,9:33:25.279364832,T,304.48,40,304.78,40,IBM
2025-11-17,9:33:25.937331236,T,304.01,40,304.78,40,IBM
2025-11-17,9:33:26.050766276,T,304.01,40,305.2,40,IBM
2025-11-17,9:33:26.311496913,T,304.63,40,305.2,40,IBM
2025-11-17,9:33:26.311917913,T,304.63,80,305.2,40,IBM
2025-11-17,9:33:26.320799030,T,304.63,40,305.2,40,IBM
2025-11-17,9:33:27.519567904,T,304.63,40,305.32,200,IBM
2025-11-17,9:33:32.929076154,T,304.01,40,305.32,200,IBM
2025-11-17,9:33:39.741920179,T,304.04,160,305.32,200,IBM
2025-11-17,9:33:46.504905733,T,304.04,160,305.32,40,IBM
2025-11-17,9:33:46.504930701,T,304.04,160,305.36,40,IBM
2025-11-17,9:33:46.505020997,T,304.04,160,305.43,40,IBM
2025-11-17,9:33:46.505632376,T,304.64,40,305.43,40,IBM
2025-11-17,9:33:46.506058397,T,304.64,80,305.43,40,IBM
2025-11-17,9:33:46.517094697,T,304.64,80,305.53,200,IBM
2025-11-17,9:33:46.517320198,T,304.64,40,305.53,200,IBM
2025-11-17,9:33:46.961447607,T,304.38,40,305.53,200,IBM
2025-11-17,9:33:48.983596665,T,304.38,40,305.07,40,IBM
2025-11-17,9:33:48.983626682,T,304.25,40,305.07,40,IBM
2025-11-17,9:34:00.705166567,T,304.38,40,305.07,40,IBM
2025-11-17,9:34:14.782274520,T,304.38,40,305.43,40,IBM
2025-11-17,9:34:14.782284650,T,304.65,40,305.43,40,IBM
2025-11-17,9:34:14.782299591,T,304.85,40,305.43,40,IBM
2025-11-17,9:34:14.782359835,T,304.85,40,305.53,200,IBM
2025-11-17,9:34:14.782720600,T,304.85,80,305.53,200,IBM
2025-11-17,9:34:14.791601804,T,304.85,40,305.53,200,IBM
2025-11-17,9:34:15.233904733,T,304.65,40,305.53,200,IBM
2025-11-17,9:34:15.236069899,T,304.86,40,305.53,200,IBM
2025-11-17,9:34:15.236491113,T,304.86,80,305.53,200,IBM
2025-11-17,9:34:15.466854382,T,305.0,40,305.53,200,IBM
2025-11-17,9:34:15.467871784,T,305.0,80,305.53,200,IBM
2025-11-17,9:34:15.476151490,T,305.0,40,305.53,200,IBM
2025-11-17,9:34:15.510563347,T,305.03,40,305.53,200,IBM
2025-11-17,9:34:15.510613878,T,305.03,40,305.53,160,IBM
2025-11-17,9:34:15.510784310,T,305.03,40,305.71,40,IBM
2025-11-17,9:34:15.511610901,T,305.03,80,305.71,40,IBM
2025-11-17,9:34:16.265635927,T,305.03,40,305.71,40,IBM
2025-11-17,9:34:17.650111755,T,304.64,40,305.71,40,IBM
2025-11-17,9:34:20.673013317,T,304.51,40,305.71,40,IBM
2025-11-17,9:34:20.673033429,T,304.51,40,305.23,40,IBM
2025-11-17,9:34:20.682335459,T,304.51,40,305.43,40,IBM
2025-11-17,9:34:20.773036432,T,304.51,40,305.71,40,IBM
2025-11-17,9:34:26.875394172,T,304.51,40,305.59,40,IBM
2025-11-17,9:34:29.010787920,T,304.51,40,305.42,40,IBM
2025-11-17,9:34:29.010792942,T,304.51,40,305.14,40,IBM
2025-11-17,9:34:29.012426856,T,304.51,40,305.14,80,IBM
2025-11-17,9:34:29.015809897,T,304.51,40,305.14,40,IBM
2025-11-17,9:34:29.111592915,T,304.47,240,305.14,40,IBM
2025-11-17,9:34:29.311914744,T,304.47,200,305.14,40,IBM
2025-11-17,9:34:32.743233514,T,304.47,200,305.71,40,IBM
2025-11-17,9:34:33.032567419,T,304.47,200,305.14,200,IBM
2025-11-17,9:34:46.469636543,T,304.66,40,305.14,200,IBM
2025-11-17,9:34:46.470057556,T,304.66,80,305.14,200,IBM
2025-11-17,9:34:47.263085461,T,304.66,40,305.14,200,IBM
2025-11-17,9:34:47.539022349,T,304.47,200,305.14,200,IBM
2025-11-17,9:34:47.539824266,T,304.67,40,305.14,200,IBM
2025-11-17,9:34:47.540245244,T,304.67,80,305.14,200,IBM
2025-11-17,9:34:48.712310556,T,304.67,40,305.14,200,IBM
2025-11-17,9:34:48.712731596,T,304.47,200,305.14,200,IBM
2025-11-17,9:34:48.713122594,T,304.47,200,305.12,200,IBM
2025-11-17,9:34:50.458808510,T,304.47,200,305.0,200,IBM
2025-11-17,9:34:50.459555252,T,304.38,40,305.0,200,IBM
2025-11-17,9:34:50.459580355,T,304.25,240,305.0,200,IBM
2025-11-17,9:34:50.775226749,T,304.25,240,305.58,160,IBM
2025-11-17,9:34:51.259900658,T,304.38,40,305.58,160,IBM
2025-11-17,9:34:51.260246466,T,304.68,40,305.58,160,IBM
2025-11-17,9:34:51.260667448,T,304.68,80,305.58,160,IBM
2025-11-17,9:34:51.260697542,T,304.83,40,305.58,160,IBM
2025-11-17,9:34:51.288573890,T,304.83,40,305.12,40,IBM
2025-11-17,9:34:51.288578889,T,304.68,40,305.12,40,IBM
2025-11-17,9:34:51.288809480,T,304.64,40,305.12,40,IBM
2025-11-17,9:34:51.288834515,T,304.38,40,305.12,40,IBM
2025-11-17,9:34:53.776306357,T,304.44,160,305.12,40,IBM
2025-11-17,9:34:53.776336399,T,304.44,200,305.12,40,IBM
2025-11-17,9:34:55.043102267,T,304.64,40,305.12,40,IBM
2025-11-17,9:34:55.047287255,T,304.44,200,305.12,40,IBM
2025-11-17,9:35:00.140687776,T,304.88,120,305.12,40,IBM
2025-11-17,9:35:00.140893244,T,304.88,160,305.12,40,IBM
2025-11-17,9:35:00.227173639,T,304.88,40,305.12,40,IBM
2025-11-17,9:35:00.227594685,T,304.88,80,305.12,40,IBM
2025-11-17,9:35:01.054082329,T,304.88,200,305.12,40,IBM
2025-11-17,9:35:01.164099243,T,304.88,80,305.12,40,IBM
2025-11-17,9:35:03.718665969,T,304.88,40,305.12,40,IBM
2025-11-17,9:35:05.342807296,T,304.88,40,305.58,160,IBM
2025-11-17,9:35:05.342837329,T,304.88,80,305.58,160,IBM
2025-11-17,9:35:05.342902520,T,304.97,40,305.58,160,IBM
2025-11-17,9:35:05.343458865,T,305.0,40,305.58,160,IBM
2025-11-17,9:35:05.343488958,T,305.07,40,305.58,160,IBM
2025-11-17,9:35:05.343604163,T,305.07,40,305.43,40,IBM
2025-11-17,9:35:05.343629225,T,305.07,40,305.58,160,IBM
2025-11-17,9:35:05.347493385,T,304.74,40,305.58,160,IBM
2025-11-17,9:35:05.349097242,T,304.74,40,305.71,40,IBM
2025-11-17,9:35:05.366463628,T,304.62,40,305.71,40,IBM
2025-11-17,9:35:05.861441842,T,305.03,40,305.71,40,IBM
2025-11-17,9:35:05.861857842,T,305.03,80,305.71,40,IBM
2025-11-17,9:35:06.195271670,T,305.03,40,305.71,40,IBM
2025-11-17,9:35:06.195692648,T,304.62,40,305.71,40,IBM
2025-11-17,9:35:08.009651025,T,304.64,160,305.71,40,IBM
2025-11-17,9:35:08.009686100,T,304.64,200,305.71,40,IBM
2025-11-17,9:35:11.597778279,T,305.04,40,305.71,40,IBM
2025-11-17,9:35:12.217969728,T,304.64,200,305.71,40,IBM
2025-11-17,9:35:16.608467187,T,304.64,200,305.43,40,IBM
2025-11-17,9:35:16.608472568,T,304.64,200,305.36,40,IBM
2025-11-17,9:35:16.608512349,T,304.64,200,305.43,40,IBM
2025-11-17,9:35:16.608547393,T,304.64,160,305.43,40,IBM
2025-11-17,9:35:16.608567412,T,304.64,160,305.23,40,IBM
2025-11-17,9:35:16.608627566,T,304.64,200,305.23,40,IBM
2025-11-17,9:35:16.608903239,T,304.64,160,305.23,40,IBM
2025-11-17,9:35:16.608908326,T,304.64,200,305.23,40,IBM
2025-11-17,9:35:16.608918265,T,304.64,160,305.23,40,IBM
2025-11-17,9:35:16.618496102,T,305.02,40,305.23,40,IBM
2025-11-17,9:35:16.618526133,T,305.02,40,305.43,80,IBM
2025-11-17,9:35:16.618701571,T,305.02,40,305.43,40,IBM
2025-11-17,9:35:16.641425701,T,304.64,160,305.43,40,IBM
2025-11-17,9:35:16.696862675,T,305.02,40,305.43,40,IBM
2025-11-17,9:35:16.708520407,T,305.02,40,305.71,40,IBM
2025-11-17,9:35:16.925637301,T,304.64,160,305.71,40,IBM
2025-11-17,9:35:18.785344682,T,305.02,120,305.71,40,IBM
2025-11-17,9:35:18.785420115,T,305.02,160,305.71,40,IBM
2025-11-17,9:35:18.785439890,T,305.02,120,305.71,40,IBM
2025-11-17,9:35:18.899055422,T,304.64,160,305.71,40,IBM
2025-11-17,9:35:20.026338976,T,305.12,120,305.71,40,IBM
2025-11-17,9:35:20.213760150,T,304.64,160,305.71,40,IBM
2025-11-17,9:35:20.458176962,T,305.12,120,305.71,40,IBM
2025-11-17,9:35:20.542988879,T,304.64,160,305.71,40,IBM
2025-11-17,9:35:20.810986863,T,305.12,120,305.71,40,IBM
2025-11-17,9:35:23.534460515,T,304.64,160,305.71,40,IBM
2025-11-17,9:35:24.643285224,T,304.64,160,305.43,40,IBM
2025-11-17,9:35:24.644017040,T,304.64,160,305.43,80,IBM
2025-11-17,9:35:24.677471633,T,304.64,160,305.43,40,IBM
2025-11-17,9:35:24.836665660,T,304.64,160,305.71,40,IBM
2025-11-17,9:35:25.843818315,T,304.73,40,305.71,40,IBM
2025-11-17,9:35:29.074649916,T,304.73,40,305.43,40,IBM
2025-11-17,9:35:29.108916551,T,304.73,40,305.71,40,IBM
2025-11-17,9:35:32.666641422,T,304.64,200,305.71,40,IBM
2025-11-17,9:35:32.668004607,T,304.64,200,305.63,160,IBM
2025-11-17,9:35:32.671282832,T,304.74,40,305.63,160,IBM
2025-11-17,9:35:32.680584562,T,304.73,40,305.63,160,IBM
2025-11-17,9:35:36.629455505,T,305.0,40,305.63,160,IBM
2025-11-17,9:35:36.629460422,T,305.21,40,305.63,160,IBM
2025-11-17,9:35:36.629485554,T,305.22,40,305.63,160,IBM
2025-11-17,9:35:36.629761240,T,305.21,40,305.63,160,IBM
2025-11-17,9:35:36.629761240,T,305.35,40,305.63,160,IBM
2025-11-17,9:35:36.629966685,T,305.35,40,305.89,40,IBM
2025-11-17,9:35:36.630006721,T,305.21,40,305.89,40,IBM
2025-11-17,9:35:36.630006721,T,305.47,40,305.89,40,IBM
2025-11-17,9:35:36.630157095,T,305.47,40,305.91,160,IBM
2025-11-17,9:35:36.630187420,T,305.47,40,305.91,200,IBM
2025-11-17,9:35:36.630337580,T,305.01,40,305.91,200,IBM
2025-11-17,9:35:36.630347600,T,305.06,40,305.91,200,IBM
2025-11-17,9:35:36.630452851,T,305.01,40,305.91,200,IBM
2025-11-17,9:35:36.634502438,T,304.95,40,305.91,200,IBM
2025-11-17,9:35:36.634512447,T,304.84,40,305.91,200,IBM
2025-11-17,9:35:36.729548734,T,304.74,40,305.91,200,IBM
2025-11-17,9:35:36.733212416,T,304.74,40,305.79,40,IBM
2025-11-17,9:35:37.405728370,T,305.1,40,305.79,40,IBM
2025-11-17,9:35:37.405933880,T,305.1,80,305.79,40,IBM
2025-11-17,9:35:37.406149387,T,305.1,120,305.79,40,IBM
2025-11-17,9:35:37.791747341,T,305.1,80,305.79,40,IBM
2025-11-17,9:35:38.750790565,T,305.11,40,305.79,40,IBM
2025-11-17,9:35:39.045266678,T,304.74,40,305.79,40,IBM
2025-11-17,9:35:39.045768310,T,305.1,40,305.79,40,IBM
2025-11-17,9:35:39.045978372,T,305.1,80,305.79,40,IBM
2025-11-17,9:35:39.046193930,T,305.1,120,305.79,40,IBM
2025-11-17,9:35:39.297371931,T,305.1,80,305.79,40,IBM
2025-11-17,9:35:39.719947968,T,305.11,40,305.79,40,IBM
2025-11-17,9:35:39.720464136,T,305.11,80,305.79,40,IBM
2025-11-17,9:35:39.720890159,T,305.11,120,305.79,40,IBM
2025-11-17,9:35:40.059010156,T,305.11,80,305.79,40,IBM
2025-11-17,9:35:40.538576846,T,305.11,40,305.79,40,IBM
2025-11-17,9:35:40.538586900,T,304.95,40,305.79,40,IBM
2025-11-17,9:35:40.538606894,T,304.74,40,305.79,40,IBM
2025-11-17,9:35:40.538867560,T,305.13,40,305.79,40,IBM
2025-11-17,9:35:40.539288524,T,305.13,80,305.79,40,IBM
2025-11-17,9:35:40.539769643,T,305.13,120,305.79,40,IBM
2025-11-17,9:35:41.928079704,T,305.13,80,305.79,40,IBM
2025-11-17,9:35:41.928095645,T,305.13,80,305.91,200,IBM
2025-11-17,9:35:41.928129878,T,305.14,40,305.91,200,IBM
2025-11-17,9:35:41.930154711,T,305.14,80,305.91,200,IBM
2025-11-17,9:35:41.930385215,T,305.14,120,305.91,200,IBM
2025-11-17,9:35:42.113536238,T,305.14,80,305.91,200,IBM
2025-11-17,9:35:42.198303049,T,305.15,40,305.91,200,IBM
2025-11-17,9:35:42.541630460,T,305.15,80,305.91,200,IBM
2025-11-17,9:35:42.541645550,T,305.15,80,305.91,160,IBM
2025-11-17,9:35:42.541861032,T,305.15,120,305.91,160,IBM
2025-11-17,9:35:43.296236904,T,305.15,80,305.91,160,IBM
2025-11-17,9:35:43.362429564,T,305.15,40,305.91,160,IBM
2025-11-17,9:35:43.858846310,T,304.95,40,305.91,160,IBM
2025-11-17,9:35:43.858871319,T,304.74,40,305.91,160,IBM
2025-11-17,9:35:43.859628136,T,305.17,40,305.91,160,IBM
2025-11-17,9:35:43.860049103,T,305.17,80,305.91,160,IBM
2025-11-17,9:35:44.272365752,T,305.17,40,305.91,160,IBM
2025-11-17,9:35:45.898196461,T,305.18,40,305.91,160,IBM
2025-11-17,9:35:45.898406938,T,305.18,80,305.91,160,IBM
2025-11-17,9:35:46.055500876,T,305.18,40,305.91,160,IBM
2025-11-17,9:35:46.055500876,T,305.18,80,305.91,160,IBM
2025-11-17,9:35:52.929084785,T,305.18,80,305.83,40,IBM
2025-11-17,9:35:55.733826788,T,305.18,80,305.91,160,IBM
2025-11-17,9:35:55.735525925,T,305.18,40,305.91,160,IBM
2025-11-17,9:35:55.735541010,T,304.74,40,305.91,160,IBM
2025-11-17,9:35:55.736413022,T,304.95,40,305.91,160,IBM
2025-11-17,9:35:55.751348582,T,304.74,40,305.91,160,IBM
2025-11-17,9:35:56.927298063,T,304.64,200,305.91,160,IBM
2025-11-17,9:36:02.443234415,T,305.34,40,305.91,160,IBM
2025-11-17,9:36:02.443399866,T,305.34,40,305.96,40,IBM
2025-11-17,9:36:02.443424911,T,305.34,40,306.07,40,IBM
2025-11-17,9:36:02.443660412,T,305.34,80,306.07,40,IBM
2025-11-17,9:36:02.447384293,T,305.34,40,306.07,40,IBM
2025-11-17,9:36:02.523189813,T,305.34,40,305.83,40,IBM
2025-11-17,9:36:02.929792677,T,304.64,200,305.83,40,IBM
2025-11-17,9:36:02.930399188,T,304.64,200,306.07,40,IBM
2025-11-17,9:36:05.088466868,T,304.64,40,306.07,40,IBM
2025-11-17,9:36:05.088476900,T,304.85,160,306.07,40,IBM
2025-11-17,9:36:10.059140248,T,305.06,40,306.07,40,IBM
2025-11-17,9:36:10.059190316,T,305.35,40,306.07,40,IBM
2025-11-17,9:36:10.059260460,T,305.35,40,306.15,200,IBM
2025-11-17,9:36:10.059320688,T,305.43,40,306.15,200,IBM
2025-11-17,9:36:10.059325682,T,305.5,40,306.15,200,IBM
2025-11-17,9:36:10.059380771,T,305.61,40,306.15,200,IBM
2025-11-17,9:36:10.059806845,T,305.62,40,306.15,200,IBM
2025-11-17,9:36:10.060593624,T,305.61,40,306.15,200,IBM
2025-11-17,9:36:10.060613724,T,305.5,40,306.15,200,IBM
2025-11-17,9:36:10.069755489,T,305.06,40,306.15,200,IBM
2025-11-17,9:36:10.070261675,T,305.61,40,306.15,200,IBM
2025-11-17,9:36:10.070682690,T,305.61,80,306.15,200,IBM
2025-11-17,9:36:10.070712737,T,305.61,80,306.15,160,IBM
2025-11-17,9:36:10.312934421,T,305.61,40,306.15,160,IBM
2025-11-17,9:36:13.709395350,T,305.61,80,306.15,160,IBM
2025-11-17,9:36:13.713089138,T,305.61,80,306.25,40,IBM
2025-11-17,9:36:15.018316601,T,305.61,40,306.25,40,IBM
2025-11-17,9:36:15.018542197,T,305.8,40,306.25,40,IBM
2025-11-17,9:36:15.018637357,T,305.8,40,306.35,200,IBM
2025-11-17,9:36:15.026115163,T,304.85,160,306.35,200,IBM
2025-11-17,9:36:15.026140237,T,304.85,160,306.03,40,IBM
2025-11-17,9:36:15.026395848,T,304.85,160,305.93,40,IBM
2025-11-17,9:36:15.026576248,T,305.17,40,305.93,40,IBM
2025-11-17,9:36:15.026581258,T,305.06,40,305.93,40,IBM
2025-11-17,9:36:15.026611422,T,305.28,40,305.93,40,IBM
2025-11-17,9:36:15.026811850,T,305.28,40,306.32,40,IBM
2025-11-17,9:36:15.026861969,T,305.28,40,306.35,200,IBM
2025-11-17,9:36:15.036169083,T,305.61,40,306.35,200,IBM
2025-11-17,9:36:15.036189227,T,305.61,40,306.35,160,IBM
2025-11-17,9:36:15.036590174,T,305.61,80,306.35,160,IBM
2025-11-17,9:36:15.037612603,T,305.61,40,306.35,160,IBM
2025-11-17,9:36:17.452907361,T,305.57,80,306.35,160,IBM
2025-11-17,9:36:19.835198783,T,305.57,80,306.35,200,IBM
2025-11-17,9:36:19.835218845,T,305.57,80,305.93,40,IBM
2025-11-17,9:36:19.835238983,T,305.57,80,305.78,40,IBM
2025-11-17,9:36:19.835284028,T,305.17,40,305.78,40,IBM
2025-11-17,9:36:19.835604858,T,305.17,40,305.8,40,IBM
2025-11-17,9:36:19.835610078,T,305.17,40,305.67,40,IBM
2025-11-17,9:36:19.835725072,T,305.07,240,305.67,40,IBM
2025-11-17,9:36:19.836085957,T,305.17,40,305.67,40,IBM
2025-11-17,9:36:19.836111018,T,305.07,240,305.67,40,IBM
2025-11-17,9:36:19.839549198,T,305.07,240,305.8,40,IBM
2025-11-17,9:36:19.839574222,T,305.07,240,306.32,40,IBM
2025-11-17,9:36:19.852369754,T,305.07,200,306.32,40,IBM
2025-11-17,9:36:19.852394736,T,305.07,200,305.73,40,IBM
2025-11-17,9:36:19.852695526,T,305.06,40,305.73,40,IBM
2025-11-17,9:36:19.854279440,T,305.0,40,305.73,40,IBM
2025-11-17,9:36:19.854339393,T,305.06,40,305.73,40,IBM
2025-11-17,9:36:19.855376908,T,305.06,40,306.1,40,IBM
2025-11-17,9:36:19.855472088,T,304.84,200,306.1,40,IBM
2025-11-17,9:36:19.857707449,T,304.84,200,306.21,40,IBM
2025-11-17,9:36:19.885724094,T,304.84,200,305.88,40,IBM
2025-11-17,9:36:19.886696452,T,304.84,200,305.88,80,IBM
2025-11-17,9:36:19.891783561,T,304.84,160,305.88,80,IBM
2025-11-17,9:36:19.903170602,T,304.84,160,305.88,40,IBM
2025-11-17,9:36:19.954728433,T,304.84,160,306.32,40,IBM
2025-11-17,9:36:21.234770827,T,305.07,40,306.32,40,IBM
2025-11-17,9:36:22.144727054,T,305.07,40,306.12,160,IBM
2025-11-17,9:36:25.350754672,T,305.07,40,305.73,320,IBM
2025-11-17,9:36:26.501875128,T,305.07,40,306.12,160,IBM
2025-11-17,9:36:32.046099155,T,305.07,80,306.12,160,IBM
2025-11-17,9:36:32.267155411,T,305.0,40,306.12,160,IBM
2025-11-17,9:36:33.649506456,T,305.09,40,306.12,160,IBM
2025-11-17,9:36:35.026013725,T,305.0,40,306.12,160,IBM
2025-11-17,9:36:35.028765221,T,305.1,40,306.12,160,IBM
2025-11-17,9:36:36.081305875,T,305.0,40,306.12,160,IBM
2025-11-17,9:36:41.879599419,T,305.06,40,306.12,160,IBM
2025-11-17,9:36:41.924436227,T,305.44,40,306.12,160,IBM
2025-11-17,9:36:41.927673942,T,305.06,40,306.12,160,IBM
2025-11-17,9:36:41.931999280,T,305.44,40,306.12,160,IBM
2025-11-17,9:36:42.009042618,T,305.06,40,306.12,160,IBM
2025-11-17,9:36:43.505971295,T,304.95,40,306.12,160,IBM
2025-11-17,9:36:43.506041431,T,304.95,40,305.77,40,IBM
2025-11-17,9:36:44.536865497,T,305.08,40,305.77,40,IBM
2025-11-17,9:36:48.490728286,T,305.08,40,306.12,160,IBM
2025-11-17,9:36:48.663594929,T,305.08,40,305.86,40,IBM
2025-11-17,9:37:00.013144576,T,305.08,40,305.86,80,IBM
2025-11-17,9:37:00.032450567,T,305.08,40,305.86,40,IBM
2025-11-17,9:37:00.406120039,T,305.08,40,305.92,40,IBM
2025-11-17,9:37:00.933540587,T,305.08,40,305.97,80,IBM
2025-11-17,9:37:03.253558948,T,305.08,40,305.97,40,IBM
2025-11-17,9:37:03.868597977,T,304.84,200,305.97,40,IBM
2025-11-17,9:37:06.947517901,T,304.84,40,305.97,40,IBM
2025-11-17,9:37:06.947527950,T,305.03,160,305.97,40,IBM
2025-11-17,9:37:10.373528978,T,305.03,160,306.1,40,IBM
2025-11-17,9:37:10.373554074,T,305.03,160,306.12,160,IBM
2025-11-17,9:37:10.406727981,T,305.17,40,306.12,160,IBM
2025-11-17,9:37:10.406738208,T,305.61,40,306.12,160,IBM
2025-11-17,9:37:10.406903373,T,305.61,40,305.9,80,IBM
2025-11-17,9:37:10.407309371,T,305.17,40,305.9,80,IBM
2025-11-17,9:37:10.411604528,T,305.06,40,305.9,80,IBM
2025-11-17,9:37:10.416030063,T,305.03,160,305.9,80,IBM
2025-11-17,9:37:10.653856298,T,305.61,40,305.9,80,IBM
2025-11-17,9:37:11.066859454,T,305.03,160,305.9,80,IBM
2025-11-17,9:37:18.148353201,T,304.84,40,305.9,80,IBM
2025-11-17,9:37:18.148358299,T,305.21,160,305.9,80,IBM
2025-11-17,9:37:20.499846295,T,305.62,40,305.9,80,IBM
2025-11-17,9:37:20.500056796,T,305.62,80,305.9,80,IBM
2025-11-17,9:37:20.500267317,T,305.62,120,305.9,80,IBM
2025-11-17,9:37:20.504447240,T,305.62,80,305.9,80,IBM
2025-11-17,9:37:22.072886259,T,305.62,80,305.9,120,IBM
2025-11-17,9:37:23.072631498,T,305.62,40,305.9,120,IBM
2025-11-17,9:37:30.043236107,T,305.21,160,305.9,120,IBM
2025-11-17,9:37:32.220684834,T,305.21,160,305.9,40,IBM
2025-11-17,9:37:32.220689907,T,305.21,160,305.76,40,IBM
2025-11-17,9:37:32.220709972,T,305.21,160,305.63,80,IBM
2025-11-17,9:37:32.220745221,T,305.21,160,305.76,40,IBM
2025-11-17,9:37:32.220785100,T,305.21,160,305.9,80,IBM
2025-11-17,9:37:32.220790221,T,305.21,160,305.89,40,IBM
2025-11-17,9:37:32.220800172,T,305.21,160,305.9,80,IBM
2025-11-17,9:37:32.220820226,T,305.21,160,305.89,40,IBM
2025-11-17,9:37:32.220825174,T,305.42,40,305.89,40,IBM
2025-11-17,9:37:32.221316440,T,305.42,80,305.89,40,IBM
2025-11-17,9:37:32.225822165,T,305.42,40,305.89,40,IBM
2025-11-17,9:37:32.230122337,T,305.22,40,305.89,40,IBM
2025-11-17,9:37:32.320908536,T,305.22,40,305.9,80,IBM
2025-11-17,9:37:32.320918525,T,305.21,160,305.9,80,IBM
2025-11-17,9:37:32.476970002,T,305.21,160,305.9,40,IBM
2025-11-17,9:37:38.054914201,T,305.21,160,305.9,80,IBM
2025-11-17,9:37:38.054934299,T,305.21,160,305.83,40,IBM
2025-11-17,9:37:38.054949448,T,305.21,160,305.82,40,IBM
2025-11-17,9:37:38.055360332,T,305.21,160,305.83,40,IBM
2025-11-17,9:37:38.055365313,T,305.21,160,305.9,80,IBM
2025-11-17,9:37:38.058126838,T,305.43,40,305.9,80,IBM
2025-11-17,9:37:38.058167005,T,305.43,80,305.9,80,IBM
2025-11-17,9:37:38.058197023,T,305.43,40,305.9,80,IBM
2025-11-17,9:37:38.058202071,T,305.43,80,305.9,80,IBM
2025-11-17,9:37:38.058222416,T,305.43,40,305.9,80,IBM
2025-11-17,9:37:38.058222416,T,305.43,40,305.82,40,IBM
2025-11-17,9:37:38.058237149,T,305.32,40,305.82,40,IBM
2025-11-17,9:37:38.058272159,T,305.32,80,305.82,40,IBM
2025-11-17,9:37:38.058547814,T,305.32,40,305.82,40,IBM
2025-11-17,9:37:38.058568052,T,305.22,40,305.82,40,IBM
2025-11-17,9:37:38.058603010,T,305.29,40,305.82,40,IBM
2025-11-17,9:37:38.059214437,T,305.22,40,305.82,40,IBM
2025-11-17,9:37:38.075668590,T,305.22,40,305.9,80,IBM
2025-11-17,9:37:38.075678598,T,305.22,40,305.9,40,IBM
2025-11-17,9:37:38.158365473,T,305.21,160,305.9,40,IBM
2025-11-17,9:37:38.162976460,T,305.22,40,305.9,40,IBM
2025-11-17,9:37:38.163001492,T,305.21,160,305.9,40,IBM
2025-11-17,9:37:59.416198183,T,305.21,160,305.9,80,IBM
2025-11-17,9:38:07.318932120,T,305.21,160,305.9,120,IBM
2025-11-17,9:38:07.319418565,T,305.21,160,305.9,160,IBM
2025-11-17,9:38:07.319423286,T,305.21,160,305.76,80,IBM
2025-11-17,9:38:07.319854355,T,305.21,160,305.76,40,IBM
2025-11-17,9:38:07.319864369,T,305.21,160,305.76,80,IBM
2025-11-17,9:38:07.325187210,T,305.21,160,305.76,40,IBM
2025-11-17,9:38:07.325192096,T,305.21,160,305.65,40,IBM
2025-11-17,9:38:07.326911166,T,304.84,40,305.65,40,IBM
2025-11-17,9:38:07.326911166,T,304.95,160,305.65,40,IBM
2025-11-17,9:38:07.327923507,T,304.95,160,305.65,80,IBM
2025-11-17,9:38:07.328860775,T,304.95,160,305.65,40,IBM
2025-11-17,9:38:07.329833152,T,304.95,160,305.65,80,IBM
2025-11-17,9:38:08.204991482,T,304.95,160,305.65,40,IBM
2025-11-17,9:38:08.205046558,T,305.11,40,305.65,40,IBM
2025-11-17,9:38:08.205071651,T,305.2,40,305.65,40,IBM
2025-11-17,9:38:08.206424829,T,304.95,160,305.65,40,IBM
2025-11-17,9:38:08.206971288,T,305.11,40,305.65,40,IBM
2025-11-17,9:38:08.424027828,T,304.95,160,305.65,40,IBM
2025-11-17,9:38:08.682357864,T,305.12,40,305.65,40,IBM
2025-11-17,9:38:08.699328199,T,305.12,40,305.92,40,IBM
2025-11-17,9:38:09.402822967,T,305.12,40,306.01,40,IBM
2025-11-17,9:38:10.334270535,T,305.12,40,306.14,160,IBM
2025-11-17,9:38:14.285537094,T,304.95,160,306.14,160,IBM
2025-11-17,9:38:17.133026231,T,304.95,160,305.91,40,IBM
2025-11-17,9:38:17.134524810,T,304.95,160,306.14,160,IBM
2025-11-17,9:38:17.134725291,T,304.95,160,305.91,40,IBM
2025-11-17,9:38:17.798279961,T,304.95,160,306.14,160,IBM
2025-11-17,9:38:21.846422294,T,304.95,160,305.89,40,IBM
2025-11-17,9:38:26.116728366,T,304.95,160,305.8,40,IBM
2025-11-17,9:38:26.117349919,T,304.95,160,305.65,40,IBM
2025-11-17,9:38:26.117374998,T,304.95,160,305.8,40,IBM
2025-11-17,9:38:26.117374998,T,304.95,160,305.65,40,IBM
2025-11-17,9:38:26.117485172,T,304.95,160,305.47,40,IBM
2025-11-17,9:38:26.129007605,T,304.95,160,305.65,80,IBM
2025-11-17,9:38:26.129032671,T,304.95,160,305.65,40,IBM
2025-11-17,9:38:26.677403230,T,304.95,160,305.79,40,IBM
2025-11-17,9:38:27.080116945,T,304.95,160,305.8,40,IBM
2025-11-17,9:38:27.431217814,T,304.95,160,305.7,40,IBM
2025-11-17,9:38:30.828385393,T,304.95,160,305.91,40,IBM
2025-11-17,9:38:31.854007223,T,304.95,160,305.66,40,IBM
2025-11-17,9:38:31.854042255,T,304.95,160,305.45,40,IBM
2025-11-17,9:38:31.854057335,T,304.95,160,305.44,40,IBM
2025-11-17,9:38:31.854197594,T,304.95,160,305.31,40,IBM
2025-11-17,9:38:31.854332974,T,304.73,40,305.31,40,IBM
2025-11-17,9:38:31.854342987,T,304.76,160,305.31,40,IBM
2025-11-17,9:38:31.854373000,T,304.76,200,305.31,40,IBM
2025-11-17,9:38:31.854463218,T,304.76,160,305.31,40,IBM
2025-11-17,9:38:31.854939430,T,304.76,160,305.3,40,IBM
2025-11-17,9:38:31.854974502,T,304.76,200,305.3,40,IBM
2025-11-17,9:38:31.854974502,T,304.76,200,305.25,40,IBM
2025-11-17,9:38:31.864923157,T,304.76,200,305.25,80,IBM
2025-11-17,9:38:32.115619997,T,304.76,200,305.25,40,IBM
2025-11-17,9:38:38.081201904,T,304.76,200,305.75,160,IBM
2025-11-17,9:38:38.997327829,T,305.08,40,305.75,160,IBM
2025-11-17,9:38:38.998214999,T,305.12,40,305.75,160,IBM
2025-11-17,9:38:38.998285087,T,305.25,40,305.75,160,IBM
2025-11-17,9:38:38.998661074,T,305.25,40,305.75,200,IBM
2025-11-17,9:38:38.998681096,T,305.25,40,305.75,280,IBM
2025-11-17,9:38:38.998696100,T,305.25,40,305.75,320,IBM
2025-11-17,9:38:38.999427892,T,305.25,40,305.75,160,IBM
2025-11-17,9:38:39.007582313,T,304.93,40,305.75,160,IBM
2025-11-17,9:38:40.459418570,T,304.93,40,305.74,40,IBM
2025-11-17,9:38:40.459448675,T,304.93,40,305.75,40,IBM
2025-11-17,9:38:40.459448675,T,304.93,40,305.62,40,IBM
2025-11-17,9:38:40.459473775,T,304.93,40,305.62,200,IBM
2025-11-17,9:38:40.705714880,T,304.93,40,305.62,160,IBM
2025-11-17,9:38:42.314068717,T,304.94,160,305.62,160,IBM
2025-11-17,9:38:50.274334461,T,304.94,160,305.91,40,IBM
2025-11-17,9:38:50.274339547,T,304.94,160,305.48,40,IBM
2025-11-17,9:38:50.274359591,T,304.94,160,305.34,160,IBM
2025-11-17,9:38:50.274384621,T,304.94,160,305.48,40,IBM
2025-11-17,9:38:50.274404691,T,304.94,160,305.79,40,IBM
2025-11-17,9:38:50.274439734,T,304.94,160,305.61,40,IBM
2025-11-17,9:38:50.274459722,T,305.34,80,305.61,40,IBM
2025-11-17,9:38:50.274610136,T,305.34,80,305.61,80,IBM
2025-11-17,9:38:50.274835715,T,305.34,80,305.61,40,IBM
2025-11-17,9:38:50.278714864,T,304.94,160,305.61,40,IBM
2025-11-17,9:38:50.278755006,T,304.94,160,305.48,40,IBM
2025-11-17,9:38:50.288057132,T,304.94,160,305.61,40,IBM
2025-11-17,9:38:50.374422810,T,304.94,160,305.79,40,IBM
2025-11-17,9:38:50.374447805,T,304.94,160,305.91,40,IBM
2025-11-17,9:38:57.966987961,T,305.11,40,305.91,40,IBM
2025-11-17,9:38:58.073646889,T,304.94,160,305.91,40,IBM
2025-11-17,9:38:59.861944321,T,304.94,160,305.81,40,IBM
2025-11-17,9:38:59.873797571,T,304.94,160,305.79,40,IBM
2025-11-17,9:38:59.873827748,T,304.94,160,305.48,40,IBM
2025-11-17,9:38:59.873852827,T,304.94,160,305.79,40,IBM
2025-11-17,9:38:59.873887791,T,304.94,160,305.71,40,IBM
2025-11-17,9:38:59.875987831,T,304.73,40,305.71,40,IBM
2025-11-17,9:38:59.875997772,T,304.76,160,305.71,40,IBM
2025-11-17,9:39:04.380321139,T,305.17,40,305.71,40,IBM
2025-11-17,9:39:04.381072566,T,305.11,40,305.71,40,IBM
2025-11-17,9:39:04.746708107,T,305.11,40,305.79,80,IBM
2025-11-17,9:39:04.746728124,T,305.19,40,305.79,80,IBM
2025-11-17,9:39:04.750883014,T,305.11,40,305.79,80,IBM
2025-11-17,9:39:04.750908011,T,305.0,40,305.79,80,IBM
2025-11-17,9:39:07.454484635,T,305.0,40,305.79,40,IBM
2025-11-17,9:39:15.584730112,T,304.92,200,305.79,40,IBM
2025-11-17,9:39:21.560897230,T,304.92,200,305.79,80,IBM
2025-11-17,9:39:22.185348794,T,304.93,40,305.79,80,IBM
2025-11-17,9:39:22.185348794,T,304.93,40,305.79,40,IBM
2025-11-17,9:39:29.597349366,T,304.93,40,305.79,80,IBM
2025-11-17,9:39:29.597489710,T,304.93,40,305.79,40,IBM
2025-11-17,9:39:29.597620100,T,304.93,40,305.91,40,IBM
2025-11-17,9:39:33.930349661,T,304.93,40,305.79,40,IBM
2025-11-17,9:39:33.934359287,T,304.93,40,305.91,40,IBM
2025-11-17,9:39:34.535385147,T,304.93,40,305.87,160,IBM
2025-11-17,9:39:43.880572914,T,304.93,40,305.65,40,IBM
2025-11-17,9:39:43.880778428,T,304.93,40,305.65,80,IBM
2025-11-17,9:39:43.900410153,T,305.0,40,305.65,80,IBM
2025-11-17,9:39:43.900505393,T,304.93,40,305.65,80,IBM
2025-11-17,9:39:43.900525502,T,304.93,40,305.48,40,IBM
2025-11-17,9:39:43.900680835,T,304.93,40,305.47,40,IBM
2025-11-17,9:39:43.900710932,T,304.93,40,305.34,40,IBM
2025-11-17,9:39:43.901176999,T,304.92,200,305.34,40,IBM
2025-11-17,9:39:43.901863621,T,304.92,200,305.34,80,IBM
2025-11-17,9:39:43.901953900,T,304.92,200,305.34,40,IBM
2025-11-17,9:39:43.902044067,T,304.92,40,305.34,40,IBM
2025-11-17,9:39:43.902069174,T,304.83,40,305.34,40,IBM
2025-11-17,9:39:44.000718959,T,304.83,40,305.61,40,IBM
2025-11-17,9:39:44.000929495,T,304.83,40,305.61,80,IBM
2025-11-17,9:39:44.037311133,T,304.83,40,305.61,40,IBM
2025-11-17,9:39:44.037807209,T,304.83,40,305.79,40,IBM
2025-11-17,9:39:44.039726801,T,304.83,40,305.79,80,IBM
2025-11-17,9:39:44.039937363,T,304.83,40,305.79,120,IBM
2025-11-17,9:39:44.104195322,T,304.83,40,305.79,80,IBM
2025-11-17,9:39:44.104205287,T,304.83,40,305.79,40,IBM
2025-11-17,9:39:44.447467495,T,304.83,40,305.79,80,IBM
2025-11-17,9:39:49.514545483,T,304.83,40,305.71,160,IBM
2025-11-17,9:39:50.018986596,T,304.83,40,305.28,40,IBM
2025-11-17,9:39:50.019131936,T,304.83,40,305.71,160,IBM
2025-11-17,9:39:50.019137020,T,304.83,40,305.2,40,IBM
2025-11-17,9:39:50.062294734,T,304.83,40,305.71,160,IBM
2025-11-17,9:39:52.995026404,T,304.76,200,305.71,160,IBM
2025-11-17,9:39:52.996660311,T,304.76,160,305.71,160,IBM
2025-11-17,9:39:53.922900380,T,304.76,200,305.71,160,IBM
2025-11-17,9:39:53.923090767,T,304.76,160,305.71,160,IBM
2025-11-17,9:39:53.923110796,T,304.76,160,305.19,40,IBM
2025-11-17,9:39:53.931205128,T,304.76,160,305.71,160,IBM
2025-11-17,9:39:53.952034683,T,304.76,160,305.43,40,IBM
2025-11-17,9:39:53.952069814,T,304.76,160,305.19,40,IBM
2025-11-17,9:39:53.953127274,T,304.76,160,305.16,40,IBM
2025-11-17,9:39:53.953157303,T,304.76,160,305.08,40,IBM
2025-11-17,9:39:53.953367877,T,304.76,160,305.08,80,IBM
2025-11-17,9:39:53.953879092,T,304.5,40,305.08,80,IBM
2025-11-17,9:39:53.953894070,T,304.55,160,305.08,80,IBM
2025-11-17,9:39:53.953919123,T,304.55,160,305.08,40,IBM
2025-11-17,9:39:53.953924142,T,304.55,200,305.08,40,IBM
2025-11-17,9:39:53.954510610,T,304.55,160,305.08,40,IBM
2025-11-17,9:39:53.954605823,T,304.55,200,305.08,40,IBM
2025-11-17,9:39:53.963637273,T,304.55,200,305.51,40,IBM
2025-11-17,9:39:53.965622039,T,304.55,200,305.65,40,IBM
2025-11-17,9:39:53.972032267,T,304.56,40,305.65,40,IBM
2025-11-17,9:39:53.972037283,T,304.55,200,305.65,40,IBM
2025-11-17,9:39:53.972237738,T,304.61,40,305.65,40,IBM
2025-11-17,9:39:53.972247835,T,304.79,40,305.65,40,IBM
2025-11-17,9:39:58.982034371,T,304.79,40,305.14,200,IBM
2025-11-17,9:39:58.982064466,T,304.79,40,305.14,120,IBM
2025-11-17,9:39:58.982084567,T,304.79,40,305.14,40,IBM
2025-11-17,9:39:58.982099551,T,304.79,40,305.65,40,IBM
2025-11-17,9:39:58.982124623,T,304.79,80,305.65,40,IBM
2025-11-17,9:39:58.982405493,T,304.79,40,305.65,40,IBM
2025-11-17,9:39:58.983051880,T,305.03,40,305.65,40,IBM
2025-11-17,9:39:58.992348944,T,304.79,40,305.65,40,IBM
2025-11-17,9:40:02.742792618,T,304.79,40,305.43,40,IBM
2025-11-17,9:40:02.743148390,T,304.79,40,305.43,80,IBM
2025-11-17,9:40:02.744296144,T,304.79,40,305.43,40,IBM
2025-11-17,9:40:02.773641051,T,304.79,40,305.65,40,IBM
2025-11-17,9:40:02.963377714,T,304.68,40,305.65,40,IBM
2025-11-17,9:40:02.963548091,T,304.63,120,305.65,40,IBM
2025-11-17,9:40:02.963578146,T,304.63,120,305.61,40,IBM
2025-11-17,9:40:02.963583236,T,304.63,80,305.61,40,IBM
2025-11-17,9:40:02.975872451,T,304.63,80,305.65,40,IBM
2025-11-17,9:40:04.005268302,T,304.63,80,305.53,200,IBM
2025-11-17,9:40:05.566504967,T,304.79,40,305.53,200,IBM
2025-11-17,9:40:05.566900853,T,304.63,120,305.53,200,IBM
2025-11-17,9:40:05.617857228,T,304.63,40,305.53,200,IBM
2025-11-17,9:40:05.617882256,T,304.59,160,305.53,200,IBM
2025-11-17,9:40:05.725232799,T,304.65,40,305.53,200,IBM
2025-11-17,9:40:06.928582433,T,304.59,160,305.53,200,IBM
2025-11-17,9:40:07.190280433,T,304.87,40,305.53,200,IBM
2025-11-17,9:40:07.266877840,T,304.88,40,305.53,200,IBM
2025-11-17,9:40:12.177403236,T,304.87,40,305.53,200,IBM
2025-11-17,9:40:12.177433360,T,304.87,40,305.41,40,IBM
2025-11-17,9:40:12.177438309,T,304.87,40,305.23,40,IBM
2025-11-17,9:40:12.177448346,T,304.87,40,305.22,40,IBM
2025-11-17,9:40:12.177478626,T,304.87,40,305.27,40,IBM
2025-11-17,9:40:12.177478626,T,304.87,40,305.08,40,IBM
2025-11-17,9:40:12.177513511,T,304.84,40,305.08,40,IBM
2025-11-17,9:40:12.250101336,T,304.59,160,305.08,40,IBM
2025-11-17,9:40:12.250146439,T,304.59,160,305.07,40,IBM
2025-11-17,9:40:12.250156487,T,304.59,160,305.06,40,IBM
2025-11-17,9:40:12.251359281,T,304.59,160,305.08,40,IBM
2025-11-17,9:40:12.252060971,T,304.48,40,305.08,40,IBM
2025-11-17,9:40:12.277546689,T,304.48,40,305.27,40,IBM
2025-11-17,9:40:13.381635160,T,304.48,40,305.08,40,IBM
2025-11-17,9:40:14.349464162,T,304.48,40,305.02,40,IBM
2025-11-17,9:40:14.349524207,T,304.39,200,305.02,40,IBM
2025-11-17,9:40:14.350687060,T,304.39,200,305.04,40,IBM
2025-11-17,9:40:14.568691018,T,304.39,200,305.27,40,IBM
2025-11-17,9:40:14.568741082,T,304.39,200,305.02,40,IBM
2025-11-17,9:40:15.632769124,T,304.39,200,305.27,40,IBM
2025-11-17,9:40:16.188617452,T,304.39,200,305.04,40,IBM
2025-11-17,9:40:16.492165124,T,304.39,200,305.27,40,IBM
2025-11-17,9:40:16.498795951,T,304.39,200,305.04,40,IBM
2025-11-17,9:40:16.626284384,T,304.39,200,305.27,40,IBM
2025-11-17,9:40:20.694033259,T,304.59,120,305.27,40,IBM
2025-11-17,9:40:20.694594627,T,304.59,160,305.27,40,IBM
2025-11-17,9:40:20.694624703,T,304.59,200,305.27,40,IBM
2025-11-17,9:40:20.865431310,T,304.59,160,305.27,40,IBM
2025-11-17,9:40:21.025196673,T,304.59,40,305.27,40,IBM
2025-11-17,9:40:21.025622696,T,304.39,200,305.27,40,IBM
2025-11-17,9:40:22.811534223,T,304.7,40,305.27,40,IBM
2025-11-17,9:40:22.811559346,T,304.7,40,305.31,40,IBM
2025-11-17,9:40:22.811584398,T,304.71,40,305.31,40,IBM
2025-11-17,9:40:22.811589421,T,304.71,80,305.31,40,IBM
2025-11-17,9:40:22.811609891,T,304.71,40,305.31,40,IBM
2025-11-17,9:40:22.811614476,T,304.86,40,305.31,40,IBM
2025-11-17,9:40:22.811819865,T,304.86,80,305.31,40,IBM
2025-11-17,9:40:22.812150682,T,304.86,80,305.35,200,IBM
2025-11-17,9:40:22.812571738,T,304.86,40,305.35,200,IBM
2025-11-17,9:40:22.812576749,T,304.86,40,305.35,160,IBM
2025-11-17,9:40:22.815734296,T,304.86,40,305.41,40,IBM
2025-11-17,9:40:22.815759291,T,304.86,40,305.51,40,IBM
2025-11-17,9:40:22.819824010,T,304.7,80,305.51,40,IBM
2025-11-17,9:40:22.819919168,T,304.7,40,305.51,40,IBM
2025-11-17,9:40:22.820325196,T,304.72,40,305.51,40,IBM
2025-11-17,9:40:22.823302391,T,304.58,40,305.51,40,IBM
2025-11-17,9:40:22.823307387,T,304.72,40,305.51,40,IBM
2025-11-17,9:40:22.901358130,T,304.7,40,305.51,40,IBM
2025-11-17,9:40:22.954148739,T,304.39,200,305.51,40,IBM
2025-11-17,9:40:23.058401980,T,304.7,40,305.51,40,IBM
2025-11-17,9:40:23.734245955,T,304.39,200,305.51,40,IBM
2025-11-17,9:40:23.734541615,T,304.7,40,305.51,40,IBM
2025-11-17,9:40:24.801436582,T,304.39,200,305.51,40,IBM
2025-11-17,9:40:26.074672803,T,304.7,40,305.51,40,IBM
2025-11-17,9:40:28.471353700,T,304.39,200,305.51,40,IBM
2025-11-17,9:40:32.458290146,T,304.7,40,305.51,40,IBM
2025-11-17,9:40:32.458385352,T,304.48,40,305.51,40,IBM
2025-11-17,9:40:32.458385352,T,304.7,40,305.51,40,IBM
2025-11-17,9:40:32.458711119,T,304.7,80,305.51,40,IBM
2025-11-17,9:40:32.492646919,T,304.7,40,305.51,40,IBM
2025-11-17,9:40:32.493037899,T,304.39,200,305.51,40,IBM
2025-11-17,9:40:36.989246582,T,304.39,200,305.41,40,IBM
2025-11-17,9:40:36.989572440,T,304.39,200,305.32,40,IBM
2025-11-17,9:40:49.016083626,T,304.39,200,305.4,200,IBM
2025-11-17,9:40:49.016158738,T,304.48,40,305.4,200,IBM
2025-11-17,9:40:49.642715284,T,304.53,160,305.4,200,IBM
2025-11-17,9:41:00.765650776,T,304.89,40,305.4,200,IBM
2025-11-17,9:41:00.765735727,T,304.91,40,305.4,200,IBM
2025-11-17,9:41:00.765790893,T,304.89,40,305.4,200,IBM
2025-11-17,9:41:00.765795872,T,305.0,40,305.4,200,IBM
2025-11-17,9:41:00.765901154,T,305.0,80,305.4,200,IBM
2025-11-17,9:41:00.766086566,T,305.0,40,305.4,200,IBM
2025-11-17,9:41:00.766552953,T,304.89,120,305.4,200,IBM
2025-11-17,9:41:00.766557647,T,305.09,40,305.4,200,IBM
2025-11-17,9:41:00.766627887,T,304.89,160,305.4,200,IBM
2025-11-17,9:41:00.767334502,T,304.89,120,305.4,200,IBM
2025-11-17,9:41:00.767339528,T,304.89,80,305.4,200,IBM
2025-11-17,9:41:00.767399713,T,305.01,40,305.4,200,IBM
2025-11-17,9:41:00.768592548,T,305.01,40,305.4,40,IBM
2025-11-17,9:41:00.768612609,T,305.01,40,305.49,80,IBM
2025-11-17,9:41:00.775774664,T,305.01,40,305.49,40,IBM
2025-11-17,9:41:00.776250709,T,305.01,80,305.49,40,IBM
2025-11-17,9:41:00.776671980,T,305.01,120,305.49,40,IBM
2025-11-17,9:41:00.883907111,T,305.01,80,305.49,40,IBM
2025-11-17,9:41:01.156435913,T,305.02,40,305.49,40,IBM
2025-11-17,9:41:01.425496340,T,304.53,160,305.49,40,IBM
2025-11-17,9:41:01.444351249,T,304.57,40,305.49,40,IBM
2025-11-17,9:41:01.766077102,T,304.57,40,305.49,80,IBM
2025-11-17,9:41:02.770553340,T,304.53,160,305.49,80,IBM
2025-11-17,9:41:02.950947789,T,304.53,160,305.49,40,IBM
2025-11-17,9:41:02.950972854,T,304.53,160,305.51,40,IBM
2025-11-17,9:41:03.875874760,T,304.48,40,305.51,40,IBM
2025-11-17,9:41:03.875879819,T,304.69,160,305.51,40,IBM
2025-11-17,9:41:05.016049032,T,304.69,160,305.19,40,IBM
2025-11-17,9:41:05.020103781,T,304.69,160,305.51,40,IBM
2025-11-17,9:41:16.246329331,T,304.48,40,305.51,40,IBM
2025-11-17,9:41:16.246339322,T,304.51,160,305.51,40,IBM
2025-11-17,9:41:16.390908582,T,304.51,160,305.18,40,IBM
2025-11-17,9:41:16.391164130,T,304.51,160,305.18,80,IBM
2025-11-17,9:41:16.391504942,T,304.51,160,305.18,120,IBM
2025-11-17,9:41:16.401573946,T,304.51,160,305.18,80,IBM
2025-11-17,9:41:16.580269354,T,304.51,160,305.18,40,IBM
2025-11-17,9:41:16.709958120,T,304.51,160,305.18,80,IBM
2025-11-17,9:41:16.709978176,T,304.51,160,305.17,40,IBM
2025-11-17,9:41:16.710464277,T,304.51,160,305.17,80,IBM
2025-11-17,9:41:16.872625288,T,304.51,160,305.17,40,IBM
2025-11-17,9:41:17.131847462,T,304.51,160,305.17,80,IBM
2025-11-17,9:41:17.131867512,T,304.51,160,305.16,40,IBM
2025-11-17,9:41:17.258609192,T,304.51,160,305.16,80,IBM
2025-11-17,9:41:17.269946259,T,304.51,160,305.16,40,IBM
2025-11-17,9:41:22.254227112,T,304.51,160,304.99,40,IBM
2025-11-17,9:41:22.254297287,T,304.51,160,304.99,80,IBM
2025-11-17,9:41:22.254317385,T,304.51,160,304.99,40,IBM
2025-11-17,9:41:22.254322382,T,304.51,160,304.86,40,IBM
2025-11-17,9:41:22.254778528,T,304.51,160,305.23,40,IBM
2025-11-17,9:41:22.254778528,T,304.51,160,304.76,40,IBM
2025-11-17,9:41:22.258552407,T,304.25,40,304.76,40,IBM
2025-11-17,9:41:22.269237861,T,304.25,40,305.23,40,IBM
2025-11-17,9:41:22.312195144,T,304.56,40,305.23,40,IBM
2025-11-17,9:41:22.444159295,T,304.25,40,305.23,40,IBM
2025-11-17,9:41:22.444184352,T,304.23,160,305.23,40,IBM
2025-11-17,9:41:23.394361542,T,304.45,40,305.23,40,IBM
2025-11-17,9:41:23.887269989,T,304.45,40,305.24,40,IBM
2025-11-17,9:41:23.887294931,T,304.45,80,305.24,40,IBM
2025-11-17,9:41:23.887304937,T,304.57,40,305.24,40,IBM
2025-11-17,9:41:23.887736014,T,304.57,40,305.26,40,IBM
2025-11-17,9:41:23.888096867,T,304.57,80,305.26,40,IBM
2025-11-17,9:41:23.891324581,T,304.57,40,305.26,40,IBM
2025-11-17,9:41:23.891324581,T,304.76,40,305.26,40,IBM
2025-11-17,9:41:24.039998501,T,304.39,160,305.26,40,IBM
2025-11-17,9:41:24.040780574,T,304.39,160,305.23,40,IBM
2025-11-17,9:41:24.040785359,T,304.45,40,305.23,40,IBM
2025-11-17,9:41:24.040795356,T,304.47,40,305.23,40,IBM
2025-11-17,9:41:24.040805596,T,304.47,40,305.22,40,IBM
2025-11-17,9:41:24.040810752,T,304.47,40,305.15,40,IBM
2025-11-17,9:41:24.040815470,T,304.47,40,305.23,40,IBM
2025-11-17,9:41:24.046794650,T,304.47,40,305.24,40,IBM
2025-11-17,9:41:24.140793464,T,304.47,40,305.26,40,IBM
2025-11-17,9:41:29.470411493,T,304.45,40,305.26,40,IBM
2025-11-17,9:41:29.470436592,T,304.45,40,304.87,40,IBM
2025-11-17,9:41:29.476080584,T,304.34,40,304.87,40,IBM
2025-11-17,9:41:29.476115099,T,304.34,40,304.87,80,IBM
2025-11-17,9:41:29.476135135,T,304.34,40,304.68,40,IBM
2025-11-17,9:41:29.476165921,T,304.25,40,304.68,40,IBM
2025-11-17,9:41:29.476415847,T,304.2,200,304.68,40,IBM
2025-11-17,9:41:29.476456500,T,304.2,200,304.68,80,IBM
2025-11-17,9:41:29.476576350,T,304.2,200,304.67,40,IBM
2025-11-17,9:41:29.476621253,T,304.2,200,304.57,40,IBM
2025-11-17,9:41:29.477648796,T,304.2,160,304.57,40,IBM
2025-11-17,9:41:29.479442979,T,304.2,160,304.57,80,IBM
2025-11-17,9:41:29.482349929,T,303.84,40,304.57,80,IBM
2025-11-17,9:41:29.482775946,T,303.88,80,304.57,80,IBM
2025-11-17,9:41:29.482806261,T,303.88,120,304.57,80,IBM
2025-11-17,9:41:29.488740158,T,303.88,120,304.57,40,IBM
2025-11-17,9:41:29.499666157,T,303.88,120,304.67,40,IBM
2025-11-17,9:41:29.499691217,T,303.88,120,304.7,40,IBM
2025-11-17,9:41:29.499711237,T,303.88,120,304.79,40,IBM
2025-11-17,9:41:29.982941767,T,303.91,80,304.79,40,IBM
2025-11-17,9:41:30.476521765,T,303.91,160,304.79,40,IBM
2025-11-17,9:41:33.007196432,T,303.91,120,304.79,40,IBM
2025-11-17,9:41:35.535079560,T,303.91,40,304.79,40,IBM
2025-11-17,9:41:35.566404027,T,303.91,80,304.79,40,IBM
2025-11-17,9:41:35.566504342,T,304.11,40,304.79,40,IBM
2025-11-17,9:41:35.566759820,T,304.11,40,304.88,40,IBM
2025-11-17,9:41:35.566905145,T,304.05,80,304.88,40,IBM
2025-11-17,9:41:35.566905145,T,304.22,40,304.88,40,IBM
2025-11-17,9:41:35.814324247,T,304.08,40,304.88,40,IBM
2025-11-17,9:41:39.400937767,T,304.22,40,304.88,40,IBM
2025-11-17,9:41:42.682905967,T,304.22,40,304.5,40,IBM
2025-11-17,9:41:42.682996137,T,304.22,40,304.7,40,IBM
2025-11-17,9:41:42.682996137,T,304.22,40,304.37,40,IBM
2025-11-17,9:41:42.683206713,T,304.04,40,304.37,40,IBM
2025-11-17,9:41:42.684168928,T,304.04,40,304.7,40,IBM
2025-11-17,9:41:42.687582076,T,304.04,40,304.79,40,IBM
2025-11-17,9:41:43.683643299,T,304.04,80,304.79,40,IBM
2025-11-17,9:41:45.997912912,T,304.04,80,304.75,160,IBM
2025-11-17,9:41:45.997942938,T,304.04,80,304.75,200,IBM
2025-11-17,9:41:47.662415453,T,304.04,40,304.75,200,IBM
2025-11-17,9:41:49.050535088,T,304.04,80,304.75,200,IBM
2025-11-17,9:41:49.054720068,T,304.04,40,304.75,200,IBM
2025-11-17,9:41:52.896235382,T,304.04,40,304.7,40,IBM
2025-11-17,9:41:52.896235382,T,304.04,40,304.61,40,IBM
2025-11-17,9:41:52.896235382,T,304.04,40,304.37,40,IBM
2025-11-17,9:41:52.896280655,T,303.84,40,304.37,40,IBM
2025-11-17,9:41:52.896280655,T,303.7,40,304.37,40,IBM
2025-11-17,9:41:52.897077412,T,303.84,40,304.37,40,IBM
2025-11-17,9:41:52.897092829,T,303.84,40,304.61,40,IBM
2025-11-17,9:41:52.897097443,T,303.7,40,304.61,40,IBM
2025-11-17,9:41:52.897142551,T,303.7,40,304.7,40,IBM
2025-11-17,9:41:53.013259018,T,303.7,40,304.59,160,IBM
2025-11-17,9:41:53.896647047,T,303.92,40,304.59,160,IBM
2025-11-17,9:41:57.111199767,T,303.7,40,304.59,160,IBM
2025-11-17,9:41:57.111450286,T,303.66,200,304.59,160,IBM
2025-11-17,9:41:57.111475399,T,303.66,200,304.11,40,IBM
2025-11-17,9:41:57.111480491,T,303.66,200,304.1,40,IBM
2025-11-17,9:41:57.357756759,T,303.66,200,304.59,160,IBM
2025-11-17,9:41:58.111881982,T,303.7,40,304.59,160,IBM
2025-11-17,9:41:58.111907049,T,303.66,200,304.59,160,IBM
2025-11-17,9:41:58.117495374,T,303.88,40,304.59,160,IBM
2025-11-17,9:42:00.738815978,T,303.84,80,304.59,160,IBM
2025-11-17,9:42:01.276856885,T,303.88,40,304.59,160,IBM
2025-11-17,9:42:01.293987931,T,303.84,80,304.59,160,IBM
2025-11-17,9:42:03.908436679,T,303.84,80,304.7,40,IBM
2025-11-17,9:42:03.908436679,T,303.84,80,304.44,160,IBM
2025-11-17,9:42:05.334381820,T,303.84,40,304.44,160,IBM
2025-11-17,9:42:05.334416459,T,303.84,40,304.11,40,IBM
2025-11-17,9:42:05.334446568,T,303.84,40,304.16,40,IBM
2025-11-17,9:42:05.334481610,T,303.84,40,304.0,40,IBM
2025-11-17,9:42:05.342570926,T,303.84,40,304.11,40,IBM
2025-11-17,9:42:05.344976582,T,303.84,40,304.43,40,IBM
2025-11-17,9:42:06.205795854,T,303.47,200,304.43,40,IBM
2025-11-17,9:42:06.206592793,T,303.56,40,304.43,40,IBM
2025-11-17,9:42:12.076807773,T,303.47,200,304.43,40,IBM
2025-11-17,9:42:12.076832825,T,303.47,200,304.34,40,IBM
2025-11-17,9:42:12.076842817,T,303.47,200,304.04,40,IBM
2025-11-17,9:42:12.076852791,T,303.47,200,304.01,40,IBM
2025-11-17,9:42:12.076892913,T,303.47,200,304.04,40,IBM
2025-11-17,9:42:12.076938042,T,303.47,160,304.04,40,IBM
2025-11-17,9:42:12.077148535,T,303.47,160,304.0,40,IBM
2025-11-17,9:42:12.077178643,T,303.47,160,304.04,40,IBM
2025-11-17,9:42:12.077183576,T,303.47,160,303.88,40,IBM
2025-11-17,9:42:12.077188582,T,303.47,160,303.88,80,IBM
2025-11-17,9:42:12.077539524,T,303.47,160,303.88,40,IBM
2025-11-17,9:42:12.077539524,T,303.47,160,303.87,40,IBM
2025-11-17,9:42:12.079088133,T,303.24,40,303.87,40,IBM
2025-11-17,9:42:12.081198156,T,303.24,40,303.88,40,IBM
2025-11-17,9:42:12.084085019,T,303.24,40,304.04,40,IBM
2025-11-17,9:42:12.084105128,T,303.24,40,304.16,40,IBM
2025-11-17,9:42:12.084125091,T,303.24,40,304.23,200,IBM
2025-11-17,9:42:12.645611864,T,303.24,40,303.87,40,IBM
2025-11-17,9:42:12.795714169,T,303.24,40,304.23,200,IBM
2025-11-17,9:42:13.037389501,T,303.24,40,303.88,40,IBM
2025-11-17,9:42:13.037780440,T,303.24,40,303.74,40,IBM
2025-11-17,9:42:13.037790442,T,303.24,40,303.88,40,IBM
2025-11-17,9:42:13.037820566,T,303.24,40,304.23,200,IBM
2025-11-17,9:42:13.037825601,T,303.51,40,304.23,200,IBM
2025-11-17,9:42:13.038567348,T,303.24,40,304.23,200,IBM
2025-11-17,9:42:13.057803356,T,303.51,40,304.23,200,IBM
2025-11-17,9:42:13.336446435,T,303.24,40,304.23,200,IBM
2025-11-17,9:42:14.047449159,T,303.24,40,304.16,40,IBM
2025-11-17,9:42:16.338277847,T,303.5,40,304.16,40,IBM
2025-11-17,9:42:26.189039181,T,303.5,40,304.07,40,IBM
2025-11-17,9:42:26.189069231,T,303.5,40,303.98,40,IBM
2025-11-17,9:42:26.189104735,T,303.51,40,303.98,40,IBM
2025-11-17,9:42:26.189104735,T,303.51,40,304.07,40,IBM
2025-11-17,9:42:26.468043388,T,303.24,40,304.07,40,IBM
2025-11-17,9:42:26.468384110,T,303.24,40,303.98,40,IBM
2025-11-17,9:42:26.468454327,T,303.24,40,304.07,40,IBM
2025-11-17,9:42:26.468464298,T,303.24,40,303.98,40,IBM
2025-11-17,9:42:26.502730912,T,303.24,40,304.07,40,IBM
2025-11-17,9:42:27.613294943,T,303.24,40,303.98,40,IBM
2025-11-17,9:42:27.613505406,T,303.24,40,303.98,80,IBM
2025-11-17,9:42:27.613575570,T,303.23,200,303.98,80,IBM
2025-11-17,9:42:27.613615621,T,303.24,40,303.98,80,IBM
2025-11-17,9:42:28.093608387,T,303.24,40,303.98,40,IBM
2025-11-17,9:42:28.715719367,T,303.23,200,303.98,40,IBM
2025-11-17,9:42:30.460423080,T,303.23,200,303.83,40,IBM
2025-11-17,9:42:30.460453168,T,303.5,40,303.83,40,IBM
2025-11-17,9:42:30.460468229,T,303.5,40,303.98,40,IBM
2025-11-17,9:42:30.460638608,T,303.23,200,303.98,40,IBM
2025-11-17,9:42:30.460658715,T,303.23,200,303.83,40,IBM
2025-11-17,9:42:30.460658715,T,303.23,200,303.82,40,IBM
2025-11-17,9:42:30.460673690,T,303.23,200,303.68,40,IBM
2025-11-17,9:42:30.460728792,T,303.23,200,303.76,40,IBM
2025-11-17,9:42:30.460894217,T,303.08,40,303.76,40,IBM
2025-11-17,9:42:30.460929352,T,303.14,40,303.76,40,IBM
2025-11-17,9:42:30.460929352,T,303.08,40,303.76,40,IBM
2025-11-17,9:42:30.464918803,T,303.08,40,303.82,40,IBM
2025-11-17,9:42:30.470416907,T,303.08,40,303.76,40,IBM
2025-11-17,9:42:30.481192533,T,303.08,40,303.76,80,IBM
2025-11-17,9:42:30.560977511,T,303.08,40,303.76,40,IBM
2025-11-17,9:42:30.561002581,T,303.08,40,303.83,40,IBM
2025-11-17,9:42:30.957907486,T,303.08,40,303.8,40,IBM
2025-11-17,9:42:30.959270746,T,303.08,40,303.68,40,IBM
2025-11-17,9:42:30.960313156,T,303.08,40,303.67,40,IBM
2025-11-17,9:42:30.960704072,T,303.08,40,303.68,40,IBM
2025-11-17,9:42:30.962448320,T,303.08,40,303.67,40,IBM
2025-11-17,9:42:30.962999581,T,303.08,40,303.83,40,IBM
2025-11-17,9:42:30.963019690,T,303.08,40,303.8,40,IBM
2025-11-17,9:42:30.963716395,T,303.08,40,303.67,40,IBM
2025-11-17,9:42:31.057524601,T,303.08,40,303.8,40,IBM
2025-11-17,9:42:31.216763757,T,303.08,40,303.83,40,IBM
2025-11-17,9:42:31.957908092,T,303.14,40,303.83,40,IBM
2025-11-17,9:42:32.054352729,T,303.14,40,303.8,40,IBM
2025-11-17,9:42:35.493510060,T,303.25,40,303.8,40,IBM
2025-11-17,9:42:35.494031315,T,303.25,80,303.8,40,IBM
2025-11-17,9:42:35.494036295,T,303.25,120,303.8,40,IBM
2025-11-17,9:42:35.494061564,T,303.26,80,303.8,40,IBM
2025-11-17,9:42:35.494076647,T,303.26,120,303.8,40,IBM
2025-11-17,9:42:35.494101499,T,303.26,80,303.8,40,IBM
2025-11-17,9:42:35.494101499,T,303.37,40,303.8,40,IBM
2025-11-17,9:42:35.629614055,T,303.26,80,303.8,40,IBM
2025-11-17,9:42:37.651056467,T,303.14,40,303.8,40,IBM
2025-11-17,9:42:40.058597902,T,303.25,40,303.8,40,IBM
2025-11-17,9:42:40.058607945,T,303.25,80,303.8,40,IBM
2025-11-17,9:42:42.368602435,T,303.37,40,303.8,40,IBM
2025-11-17,9:42:45.290518520,T,303.37,80,303.8,40,IBM
2025-11-17,9:42:45.290523589,T,303.38,40,303.8,40,IBM
2025-11-17,9:42:45.290543584,T,303.39,40,303.8,40,IBM
2025-11-17,9:42:45.290553579,T,303.38,40,303.8,40,IBM
2025-11-17,9:42:45.290568625,T,303.37,80,303.8,40,IBM
2025-11-17,9:42:45.290618810,T,303.5,40,303.8,40,IBM
2025-11-17,9:42:45.291225224,T,303.37,80,303.8,40,IBM
2025-11-17,9:42:45.291260336,T,303.37,40,303.8,40,IBM
2025-11-17,9:42:45.291275306,T,303.26,40,303.8,40,IBM
2025-11-17,9:42:45.291355576,T,303.26,40,303.89,40,IBM
2025-11-17,9:42:45.294683423,T,303.25,40,303.89,40,IBM
2025-11-17,9:42:45.294934105,T,303.17,40,303.89,40,IBM
2025-11-17,9:42:45.297545303,T,303.14,40,303.89,40,IBM
2025-11-17,9:42:45.297625790,T,303.26,40,303.89,40,IBM
2025-11-17,9:42:45.297685613,T,303.26,40,303.98,40,IBM
2025-11-17,9:42:45.301815472,T,303.14,40,303.98,40,IBM
2025-11-17,9:42:45.302807841,T,303.25,40,303.98,40,IBM
2025-11-17,9:42:45.317302355,T,303.25,40,304.0,40,IBM
2025-11-17,9:42:45.317342379,T,303.39,40,304.0,40,IBM
2025-11-17,9:42:45.317367521,T,303.4,40,304.0,40,IBM
2025-11-17,9:42:45.317437682,T,303.45,40,304.0,40,IBM
2025-11-17,9:42:45.317653172,T,303.45,80,304.0,40,IBM
2025-11-17,9:42:45.317858617,T,303.45,120,304.0,40,IBM
2025-11-17,9:42:45.337866243,T,303.45,80,304.0,40,IBM
2025-11-17,9:42:45.338833560,T,303.45,120,304.0,40,IBM
2025-11-17,9:42:47.247532558,T,303.45,80,304.0,40,IBM
2025-11-17,9:42:47.247547530,T,303.45,40,304.0,40,IBM
2025-11-17,9:42:49.673963973,T,303.45,80,304.0,40,IBM
2025-11-17,9:42:49.673974011,T,303.46,40,304.0,40,IBM
2025-11-17,9:42:49.673988975,T,303.53,40,304.0,40,IBM
2025-11-17,9:42:49.673994015,T,303.56,40,304.0,40,IBM
2025-11-17,9:42:49.674009007,T,303.64,40,304.0,40,IBM
2025-11-17,9:42:49.678349330,T,303.64,80,304.0,40,IBM
2025-11-17,9:42:49.708771751,T,303.64,80,304.16,40,IBM
2025-11-17,9:42:49.932273850,T,303.64,40,304.16,40,IBM
2025-11-17,9:42:49.932599606,T,303.68,40,304.16,40,IBM
2025-11-17,9:42:49.933020671,T,303.68,80,304.16,40,IBM
2025-11-17,9:42:50.209488842,T,303.68,80,304.24,40,IBM
2025-11-17,9:42:50.423543531,T,303.68,40,304.24,40,IBM
2025-11-17,9:42:51.029821770,T,303.56,40,304.24,40,IBM
2025-11-17,9:42:54.657382894,T,303.53,40,304.24,40,IBM
2025-11-17,9:42:57.062623774,T,303.53,40,304.24,80,IBM
2025-11-17,9:42:57.066808751,T,303.53,40,304.24,40,IBM
2025-11-17,9:43:00.348812111,T,303.53,40,304.24,80,IBM
2025-11-17,9:43:00.348847162,T,303.53,40,304.0,40,IBM
2025-11-17,9:43:00.348897411,T,303.5,40,304.0,40,IBM
2025-11-17,9:43:00.349077784,T,303.68,40,304.0,40,IBM
2025-11-17,9:43:00.602410851,T,303.68,40,304.17,40,IBM
2025-11-17,9:43:09.428713136,T,303.68,40,304.0,40,IBM
2025-11-17,9:43:09.428883459,T,303.81,40,304.0,40,IBM
2025-11-17,9:43:09.428899035,T,303.68,40,304.0,40,IBM
2025-11-17,9:43:09.428903502,T,303.68,40,304.17,40,IBM
2025-11-17,9:43:09.429675374,T,303.27,160,304.17,40,IBM
2025-11-17,9:43:10.058622691,T,303.44,40,304.17,40,IBM
2025-11-17,9:43:12.126726153,T,303.5,40,304.17,40,IBM
2025-11-17,9:43:12.174575013,T,303.57,40,304.17,40,IBM
2025-11-17,9:43:12.174605127,T,303.61,40,304.17,40,IBM
2025-11-17,9:43:13.502361117,T,303.57,40,304.17,40,IBM
2025-11-17,9:43:19.645941495,T,303.5,40,304.17,40,IBM
2025-11-17,9:43:22.498923956,T,303.35,40,304.17,40,IBM
2025-11-17,9:43:22.499254438,T,303.35,40,304.0,40,IBM
2025-11-17,9:43:22.499339822,T,303.27,160,304.0,40,IBM
2025-11-17,9:43:22.499369809,T,303.27,160,303.82,40,IBM
2025-11-17,9:43:22.499525190,T,303.27,160,304.0,40,IBM
2025-11-17,9:43:22.499525190,T,303.27,160,303.82,40,IBM
2025-11-17,9:43:22.499650378,T,303.27,160,304.0,40,IBM
2025-11-17,9:43:22.502226509,T,303.27,160,303.99,40,IBM
2025-11-17,9:43:22.502316736,T,303.27,160,303.93,40,IBM
2025-11-17,9:43:22.502607488,T,303.27,160,303.99,40,IBM
2025-11-17,9:43:22.503023408,T,303.27,160,303.8,40,IBM
2025-11-17,9:43:22.503955725,T,303.27,160,303.99,40,IBM
2025-11-17,9:43:22.504331538,T,303.17,40,303.99,40,IBM
2025-11-17,9:43:22.507148282,T,303.38,40,303.99,40,IBM
2025-11-17,9:43:22.511418505,T,303.17,40,303.99,40,IBM
2025-11-17,9:43:22.511809401,T,303.39,40,303.99,40,IBM
2025-11-17,9:43:22.598951778,T,303.39,40,304.0,40,IBM
2025-11-17,9:43:22.694880205,T,303.39,80,304.0,40,IBM
2025-11-17,9:43:25.232531231,T,303.39,120,304.0,40,IBM
2025-11-17,9:43:25.815544154,T,303.39,80,304.0,40,IBM
2025-11-17,9:43:25.840829428,T,303.4,40,304.0,40,IBM
2025-11-17,9:43:26.192035524,T,303.4,80,304.0,40,IBM
2025-11-17,9:43:26.389039530,T,303.4,120,304.0,40,IBM
2025-11-17,9:43:27.053110412,T,303.4,160,304.0,40,IBM
2025-11-17,9:43:27.053160628,T,303.41,80,304.0,40,IBM
2025-11-17,9:43:27.053321103,T,303.41,120,304.0,40,IBM
2025-11-17,9:43:27.053345990,T,303.49,40,304.0,40,IBM
2025-11-17,9:43:27.053345990,T,303.61,40,304.0,40,IBM
2025-11-17,9:43:27.053391168,T,303.62,80,304.0,40,IBM
2025-11-17,9:43:27.053782054,T,303.72,40,304.0,40,IBM
2025-11-17,9:43:27.061851213,T,303.62,160,304.0,40,IBM
2025-11-17,9:43:27.070957942,T,303.62,120,304.0,40,IBM
2025-11-17,9:43:27.072842439,T,303.62,160,304.0,40,IBM
2025-11-17,9:43:27.149700467,T,303.73,40,304.0,40,IBM
2025-11-17,9:43:27.151018535,T,303.73,80,304.0,40,IBM
2025-11-17,9:43:27.164971738,T,303.73,40,304.0,40,IBM
2025-11-17,9:43:27.165112160,T,303.74,40,304.0,40,IBM
2025-11-17,9:43:27.165533095,T,303.74,80,304.0,40,IBM
2025-11-17,9:43:27.165668434,T,303.74,120,304.0,40,IBM
2025-11-17,9:43:27.165678508,T,303.81,40,304.0,40,IBM
2025-11-17,9:43:27.166084449,T,303.81,40,304.17,40,IBM
2025-11-17,9:43:27.171527363,T,303.74,120,304.17,40,IBM
2025-11-17,9:43:27.173767652,T,303.74,80,304.17,40,IBM
2025-11-17,9:43:27.175967922,T,303.74,40,304.17,40,IBM
2025-11-17,9:43:27.176564335,T,303.74,80,304.17,40,IBM
2025-11-17,9:43:27.180363451,T,303.74,120,304.17,40,IBM
2025-11-17,9:43:27.180378437,T,303.74,160,304.17,40,IBM
2025-11-17,9:43:27.182348123,T,303.74,120,304.17,40,IBM
2025-11-17,9:43:31.563839007,T,303.74,160,304.17,40,IBM
2025-11-17,9:43:32.289045357,T,303.74,120,304.17,40,IBM
2025-11-17,9:43:32.289060416,T,303.74,80,304.17,40,IBM
2025-11-17,9:43:32.289566599,T,303.74,80,304.24,40,IBM
2025-11-17,9:43:32.289867348,T,303.58,40,304.24,40,IBM
2025-11-17,9:43:32.289892345,T,303.5,40,304.24,40,IBM
2025-11-17,9:43:33.987228212,T,303.5,40,304.24,80,IBM
2025-11-17,9:43:33.987714438,T,303.5,40,304.24,40,IBM
2025-11-17,9:43:33.987749532,T,303.5,80,304.24,40,IBM
2025-11-17,9:43:34.001848029,T,303.5,40,304.24,40,IBM
2025-11-17,9:43:34.002700086,T,303.5,80,304.24,40,IBM
2025-11-17,9:43:34.002705107,T,303.5,80,304.01,40,IBM
2025-11-17,9:43:34.002730379,T,303.5,80,304.24,40,IBM
2025-11-17,9:43:34.002730379,T,303.5,80,304.01,40,IBM
2025-11-17,9:43:34.002885516,T,303.5,40,304.01,40,IBM
2025-11-17,9:43:34.011365674,T,303.5,40,304.17,40,IBM
2025-11-17,9:43:34.011405855,T,303.5,120,304.17,40,IBM
2025-11-17,9:43:34.011480978,T,303.51,40,304.17,40,IBM
2025-11-17,9:43:34.014914198,T,303.51,80,304.17,40,IBM
2025-11-17,9:43:34.039412449,T,303.51,80,304.01,40,IBM
2025-11-17,9:43:34.039828461,T,303.51,40,304.01,40,IBM
2025-11-17,9:43:34.241107597,T,303.51,40,304.17,40,IBM
2025-11-17,9:43:34.242255425,T,303.51,40,304.01,40,IBM
2025-11-17,9:43:34.494220287,T,303.51,40,304.17,40,IBM
2025-11-17,9:43:34.494250324,T,303.51,40,304.24,40,IBM
2025-11-17,9:43:34.494716366,T,303.51,40,304.17,40,IBM
2025-11-17,9:43:37.967143051,T,303.51,40,304.24,40,IBM
2025-11-17,9:43:40.861393290,T,303.52,40,304.24,40,IBM
2025-11-17,9:43:42.754329813,T,303.53,40,304.24,40,IBM
2025-11-17,9:43:45.542286842,T,303.53,40,304.17,40,IBM
2025-11-17,9:43:46.039635891,T,303.53,40,304.24,40,IBM
2025-11-17,9:43:46.887173588,T,303.53,40,304.23,40,IBM
2025-11-17,9:43:46.887203705,T,303.53,40,304.17,40,IBM
2025-11-17,9:43:47.102556286,T,303.53,40,304.23,40,IBM
2025-11-17,9:43:48.042293430,T,303.53,40,304.17,40,IBM
2025-11-17,9:43:48.062145764,T,303.53,40,304.23,40,IBM
2025-11-17,9:43:49.240465950,T,303.53,80,304.23,40,IBM
2025-11-17,9:44:06.418610989,T,303.53,80,304.17,40,IBM
2025-11-17,9:44:07.131693506,T,303.53,80,304.23,80,IBM
2025-11-17,9:44:07.132179682,T,303.53,80,304.17,40,IBM
2025-11-17,9:44:09.014545937,T,303.53,80,304.23,80,IBM
2025-11-17,9:44:10.009304130,T,303.53,80,304.17,40,IBM
2025-11-17,9:44:10.554075998,T,303.53,80,304.24,80,IBM
2025-11-17,9:44:10.554081017,T,303.53,80,304.11,40,IBM
2025-11-17,9:44:13.687971735,T,303.53,80,304.06,40,IBM
2025-11-17,9:44:13.687991825,T,303.53,80,304.11,40,IBM
2025-11-17,9:44:13.688021881,T,303.53,80,304.06,40,IBM
2025-11-17,9:44:14.610076981,T,303.53,80,304.01,40,IBM
2025-11-17,9:44:19.960073360,T,303.52,80,304.01,40,IBM
2025-11-17,9:44:19.960103616,T,303.52,40,304.01,40,IBM
2025-11-17,9:44:19.960148554,T,303.52,40,303.85,40,IBM
2025-11-17,9:44:19.960173626,T,303.52,40,303.77,40,IBM
2025-11-17,9:44:19.960299065,T,303.51,40,303.77,40,IBM
2025-11-17,9:44:19.960299065,T,303.5,40,303.77,40,IBM
2025-11-17,9:44:19.960374069,T,303.5,40,303.76,40,IBM
2025-11-17,9:44:19.960379067,T,303.5,40,303.75,40,IBM
2025-11-17,9:44:19.960810130,T,303.49,160,303.75,40,IBM
2025-11-17,9:44:19.960850239,T,303.39,40,303.75,40,IBM
2025-11-17,9:44:19.960865305,T,303.39,40,303.71,40,IBM
2025-11-17,9:44:19.961792509,T,303.19,160,303.71,40,IBM
2025-11-17,9:44:19.963376207,T,303.19,200,303.71,40,IBM
2025-11-17,9:44:19.963396340,T,303.19,160,303.71,40,IBM
2025-11-17,9:44:19.963466418,T,303.19,160,303.75,40,IBM
2025-11-17,9:44:19.963636874,T,303.19,160,303.71,40,IBM
2025-11-17,9:44:19.970092301,T,303.17,40,303.71,40,IBM
2025-11-17,9:44:19.976963632,T,303.17,40,303.75,40,IBM
2025-11-17,9:44:19.977264273,T,303.17,40,303.76,40,IBM
2025-11-17,9:44:19.977740488,T,303.17,40,303.75,40,IBM
2025-11-17,9:44:19.977755500,T,303.08,40,303.75,40,IBM
2025-11-17,9:44:20.060402188,T,303.08,40,303.76,40,IBM
2025-11-17,9:44:20.060417321,T,303.08,40,303.77,40,IBM
2025-11-17,9:44:20.060427271,T,303.08,40,303.85,40,IBM
2025-11-17,9:44:20.757070783,T,303.17,40,303.85,40,IBM
2025-11-17,9:44:23.007949337,T,303.4,80,303.85,40,IBM
2025-11-17,9:44:23.665434459,T,303.4,120,303.85,40,IBM
2025-11-17,9:44:25.324965299,T,303.4,80,303.85,40,IBM
2025-11-17,9:44:25.324970229,T,303.4,40,303.85,40,IBM
2025-11-17,9:44:25.324970229,T,303.08,40,303.85,40,IBM
2025-11-17,9:44:25.324995286,T,303.08,40,303.77,40,IBM
2025-11-17,9:44:25.325000665,T,303.08,40,303.76,40,IBM
2025-11-17,9:44:25.325005239,T,303.08,40,303.7,40,IBM
2025-11-17,9:44:25.325035384,T,303.08,40,303.59,40,IBM
2025-11-17,9:44:25.325361077,T,303.08,40,303.59,80,IBM
2025-11-17,9:44:25.325426253,T,303.01,200,303.59,80,IBM
2025-11-17,9:44:25.325521523,T,303.01,200,303.59,120,IBM
2025-11-17,9:44:25.325762005,T,303.08,40,303.59,120,IBM
2025-11-17,9:44:25.325787177,T,303.08,40,303.59,80,IBM
2025-11-17,9:44:25.329731536,T,303.08,40,303.59,40,IBM
2025-11-17,9:44:25.350947047,T,303.08,40,303.58,40,IBM
2025-11-17,9:44:25.351418153,T,303.08,40,303.58,80,IBM
2025-11-17,9:44:25.450955143,T,303.08,40,303.58,40,IBM
2025-11-17,9:44:29.399525265,T,303.3,40,303.58,40,IBM
2025-11-17,9:44:34.388622604,T,303.3,80,303.58,40,IBM
2025-11-17,9:44:34.388833138,T,303.3,80,303.77,40,IBM
2025-11-17,9:44:34.534545047,T,303.3,40,303.77,40,IBM
2025-11-17,9:44:39.405039790,T,303.08,40,303.77,40,IBM
2025-11-17,9:44:39.405074972,T,303.08,40,303.47,40,IBM
2025-11-17,9:44:39.405084899,T,303.08,40,303.77,40,IBM
2025-11-17,9:44:39.405125062,T,302.92,40,303.77,40,IBM
2025-11-17,9:44:39.405190242,T,303.36,40,303.77,40,IBM
2025-11-17,9:44:39.405215301,T,302.92,40,303.77,40,IBM
2025-11-17,9:44:39.405235320,T,302.92,40,303.47,40,IBM
2025-11-17,9:44:39.405245289,T,302.82,240,303.47,40,IBM
2025-11-17,9:44:39.405390679,T,302.82,240,303.77,40,IBM
2025-11-17,9:44:39.476229308,T,303.0,80,303.77,40,IBM
2025-11-17,9:44:41.367010684,T,302.92,40,303.77,40,IBM
2025-11-17,9:44:43.936613287,T,302.92,40,303.77,80,IBM
2025-11-17,9:44:43.936638428,T,302.92,40,303.57,40,IBM
2025-11-17,9:44:43.936648351,T,302.92,40,303.77,40,IBM
2025-11-17,9:44:43.936648351,T,302.92,40,303.42,40,IBM
2025-11-17,9:44:43.936803671,T,302.82,240,303.42,40,IBM
2025-11-17,9:44:43.936813750,T,302.92,40,303.42,40,IBM
2025-11-17,9:44:43.936848738,T,302.92,40,303.57,40,IBM
2025-11-17,9:44:43.936853836,T,303.0,40,303.57,40,IBM
2025-11-17,9:44:43.937054273,T,302.92,40,303.57,40,IBM
2025-11-17,9:44:43.937074490,T,303.12,40,303.57,40,IBM
2025-11-17,9:44:43.937169528,T,303.12,80,303.57,40,IBM
2025-11-17,9:44:43.946952839,T,303.12,80,303.77,40,IBM
2025-11-17,9:44:43.957743574,T,303.12,40,303.77,40,IBM
2025-11-17,9:44:43.987414195,T,302.82,240,303.77,40,IBM
2025-11-17,9:44:44.258604735,T,302.92,40,303.77,40,IBM
2025-11-17,9:44:45.942357953,T,303.12,80,303.77,40,IBM
2025-11-17,9:44:48.683929698,T,302.92,40,303.77,40,IBM
2025-11-17,9:44:49.824840790,T,302.92,40,303.74,40,IBM
2025-11-17,9:44:49.824840790,T,302.92,40,303.69,40,IBM
2025-11-17,9:44:49.824855851,T,302.92,40,303.6,40,IBM
2025-11-17,9:44:49.827000999,T,302.92,40,303.68,40,IBM
2025-11-17,9:44:49.834142996,T,302.92,40,303.77,40,IBM
2025-11-17,9:44:49.846161592,T,303.13,40,303.77,40,IBM
2025-11-17,9:44:53.253282582,T,303.13,40,303.69,40,IBM
2025-11-17,9:44:53.370311198,T,303.13,40,303.77,40,IBM
2025-11-17,9:45:00.033122960,T,303.13,80,303.77,40,IBM
2025-11-17,9:45:02.240623238,T,303.14,40,303.77,40,IBM
2025-11-17,9:45:02.269216296,T,303.16,40,303.77,40,IBM
2025-11-17,9:45:02.269266379,T,303.16,80,303.77,40,IBM
2025-11-17,9:45:02.289609856,T,303.17,40,303.77,40,IBM
2025-11-17,9:45:02.298120093,T,303.17,80,303.77,40,IBM
2025-11-17,9:45:02.640806007,T,303.18,40,303.77,40,IBM
2025-11-17,9:45:02.640846070,T,303.18,80,303.77,40,IBM
2025-11-17,9:45:02.640881112,T,303.25,40,303.77,40,IBM
2025-11-17,9:45:02.640916279,T,303.25,80,303.77,40,IBM
2025-11-17,9:45:02.640941368,T,303.37,40,303.77,40,IBM
2025-11-17,9:45:02.640971335,T,303.37,80,303.77,40,IBM
2025-11-17,9:45:02.643276889,T,303.37,120,303.77,40,IBM
2025-11-17,9:45:02.643302190,T,303.39,40,303.77,40,IBM
2025-11-17,9:45:02.643306953,T,303.39,80,303.77,40,IBM
2025-11-17,9:45:02.643372052,T,303.39,120,303.77,40,IBM
2025-11-17,9:45:02.643402098,T,303.42,80,303.77,40,IBM
2025-11-17,9:45:02.647557003,T,303.42,40,303.77,40,IBM
2025-11-17,9:45:02.653035115,T,303.42,40,303.77,80,IBM
2025-11-17,9:45:06.227003403,T,303.42,40,303.77,40,IBM
2025-11-17,9:45:06.227514674,T,303.17,40,303.77,40,IBM
2025-11-17,9:45:06.231343732,T,303.16,40,303.77,40,IBM
2025-11-17,9:45:08.037228141,T,303.25,40,303.77,40,IBM
2025-11-17,9:45:10.236879597,T,303.25,80,303.77,40,IBM
2025-11-17,9:45:12.562871843,T,303.25,120,303.77,40,IBM
2025-11-17,9:45:12.942445462,T,303.25,80,303.77,40,IBM
2025-11-17,9:45:15.370916994,T,303.29,40,303.77,40,IBM
2025-11-17,9:45:15.492957563,T,303.25,120,303.77,40,IBM
2025-11-17,9:45:15.493027801,T,303.3,40,303.77,40,IBM
2025-11-17,9:45:15.994446596,T,303.25,40,303.77,40,IBM
2025-11-17,9:45:22.018963540,T,303.26,40,303.77,40,IBM
2025-11-17,9:45:24.660913116,T,303.31,40,303.77,40,IBM
2025-11-17,9:45:24.660973199,T,303.31,40,303.85,40,IBM
2025-11-17,9:45:24.661008302,T,303.31,80,303.85,40,IBM
2025-11-17,9:45:24.661123663,T,303.31,120,303.85,40,IBM
2025-11-17,9:45:24.661248967,T,303.38,40,303.85,40,IBM
2025-11-17,9:45:24.661679924,T,303.38,80,303.85,40,IBM
2025-11-17,9:45:24.661935526,T,303.38,120,303.85,40,IBM
2025-11-17,9:45:24.661990633,T,303.38,160,303.85,40,IBM
2025-11-17,9:45:24.662020729,T,303.39,40,303.85,40,IBM
2025-11-17,9:45:24.662075882,T,303.54,40,303.85,40,IBM
2025-11-17,9:45:24.666220794,T,303.54,80,303.85,40,IBM
2025-11-17,9:45:24.667563896,T,303.54,120,303.85,40,IBM
2025-11-17,9:45:24.667604096,T,303.65,80,303.85,40,IBM
2025-11-17,9:45:24.667614044,T,303.65,120,303.85,40,IBM
2025-11-17,9:45:24.667629457,T,303.65,80,303.85,40,IBM
2025-11-17,9:45:24.667634149,T,303.54,80,303.85,40,IBM
2025-11-17,9:45:24.667704276,T,303.54,80,303.77,40,IBM
2025-11-17,9:45:24.667739340,T,303.54,80,303.85,40,IBM
2025-11-17,9:45:24.667819541,T,303.54,80,303.8,40,IBM
2025-11-17,9:45:24.667854597,T,303.54,120,303.8,40,IBM
2025-11-17,9:45:24.667970014,T,303.54,120,303.85,40,IBM
2025-11-17,9:45:24.667989913,T,303.54,120,303.82,40,IBM
2025-11-17,9:45:24.668040121,T,303.54,120,303.78,40,IBM
2025-11-17,9:45:24.668150329,T,303.54,120,303.82,40,IBM
2025-11-17,9:45:24.691721558,T,303.54,80,303.82,40,IBM
2025-11-17,9:45:24.691786575,T,303.54,40,303.82,40,IBM
2025-11-17,9:45:24.696572975,T,303.54,40,303.85,40,IBM
2025-11-17,9:45:24.725306406,T,303.54,80,303.85,40,IBM
2025-11-17,9:45:24.725471743,T,303.54,80,303.93,40,IBM
2025-11-17,9:45:24.726885123,T,303.54,120,303.93,40,IBM
2025-11-17,9:45:24.733410695,T,303.54,80,303.93,40,IBM
2025-11-17,9:45:24.778267429,T,303.54,120,303.93,40,IBM
2025-11-17,9:45:24.778498057,T,303.54,80,303.93,40,IBM
2025-11-17,9:45:25.973973960,T,303.6,80,303.93,40,IBM
2025-11-17,9:45:27.175970491,T,303.54,80,303.93,40,IBM
2025-11-17,9:45:27.176005519,T,303.54,80,303.84,40,IBM
2025-11-17,9:45:27.176486728,T,303.54,40,303.84,40,IBM
2025-11-17,9:45:27.176547052,T,303.32,40,303.84,40,IBM
2025-11-17,9:45:27.177048047,T,303.25,80,303.84,40,IBM
2025-11-17,9:45:27.177323730,T,303.25,80,303.93,40,IBM
2025-11-17,9:45:27.177328732,T,303.25,40,303.93,40,IBM
2025-11-17,9:45:27.177358813,T,303.25,40,303.84,40,IBM
2025-11-17,9:45:27.180456114,T,303.25,40,303.93,40,IBM
2025-11-17,9:45:27.188019188,T,303.25,40,303.84,40,IBM
2025-11-17,9:45:27.256401985,T,303.25,40,303.84,80,IBM
2025-11-17,9:45:27.276314326,T,303.25,40,303.84,40,IBM
2025-11-17,9:45:27.277106272,T,303.26,40,303.84,40,IBM
2025-11-17,9:45:27.277341850,T,303.26,40,303.85,40,IBM
2025-11-17,9:45:27.431453761,T,303.26,40,303.93,40,IBM
2025-11-17,9:45:31.116281128,T,303.26,40,303.85,40,IBM
2025-11-17,9:45:31.116296202,T,303.26,40,303.83,40,IBM
2025-11-17,9:45:31.116321315,T,303.26,40,303.85,40,IBM
2025-11-17,9:45:31.116321315,T,303.26,40,303.65,40,IBM
2025-11-17,9:45:31.116326264,T,303.39,40,303.65,40,IBM
2025-11-17,9:45:31.116371385,T,303.39,40,303.77,40,IBM
2025-11-17,9:45:31.117263521,T,303.39,40,303.83,40,IBM
2025-11-17,9:45:31.125072165,T,303.39,40,303.76,40,IBM
2025-11-17,9:45:31.125102180,T,303.39,40,303.83,40,IBM
2025-11-17,9:45:31.125107200,T,303.39,40,303.58,40,IBM
2025-11-17,9:45:31.125212446,T,303.26,40,303.58,40,IBM
2025-11-17,9:45:31.126285118,T,303.26,40,303.83,40,IBM
2025-11-17,9:45:31.126756066,T,303.26,40,303.84,40,IBM
2025-11-17,9:45:31.126781224,T,303.26,40,303.85,40,IBM
2025-11-17,9:45:31.133161353,T,303.26,40,303.93,40,IBM
2025-11-17,9:45:31.371383411,T,303.26,40,303.85,40,IBM
2025-11-17,9:45:31.372130265,T,303.26,80,303.85,40,IBM
2025-11-17,9:45:31.526818516,T,303.26,40,303.85,40,IBM
2025-11-17,9:45:31.526843601,T,303.26,40,303.77,40,IBM
2025-11-17,9:45:31.526864141,T,303.26,40,303.76,40,IBM
2025-11-17,9:45:31.527184373,T,303.26,40,303.76,80,IBM
2025-11-17,9:45:31.536145744,T,303.26,40,303.76,40,IBM
2025-11-17,9:45:31.537363657,T,303.26,40,303.77,40,IBM
2025-11-17,9:45:31.547412559,T,303.26,40,303.77,80,IBM
2025-11-17,9:45:31.626871709,T,303.26,40,303.77,40,IBM
2025-11-17,9:45:33.029851666,T,303.26,40,303.77,80,IBM
2025-11-17,9:45:33.633132864,T,303.01,160,303.77,80,IBM
2025-11-17,9:45:33.633172868,T,303.26,80,303.77,80,IBM
2025-11-17,9:45:33.633428566,T,303.26,80,303.77,40,IBM
2025-11-17,9:45:37.009861848,T,303.26,120,303.77,40,IBM
2025-11-17,9:45:39.401891048,T,303.26,80,303.77,40,IBM
2025-11-17,9:45:39.402066538,T,303.26,40,303.77,40,IBM
2025-11-17,9:45:39.402086572,T,303.26,40,303.6,40,IBM
2025-11-17,9:45:39.402131645,T,303.26,40,303.77,40,IBM
2025-11-17,9:45:39.402297123,T,303.26,40,303.85,40,IBM
2025-11-17,9:45:39.411388720,T,303.26,40,303.89,40,IBM
2025-11-17,9:45:42.241822107,T,303.26,120,303.89,40,IBM
2025-11-17,9:45:43.017819388,T,303.26,80,303.89,40,IBM
2025-11-17,9:45:44.415937829,T,303.26,80,303.93,40,IBM
2025-11-17,9:45:44.415972857,T,303.26,80,303.76,40,IBM
2025-11-17,9:45:44.856581970,T,303.3,40,303.76,40,IBM
2025-11-17,9:45:45.678613764,T,303.31,40,303.76,40,IBM
2025-11-17,9:45:47.971171592,T,303.31,80,303.76,40,IBM
2025-11-17,9:45:48.021250752,T,303.31,40,303.76,40,IBM
2025-11-17,9:45:57.367656349,T,303.31,80,303.76,40,IBM
2025-11-17,9:46:04.212656747,T,303.31,120,303.76,40,IBM
2025-11-17,9:46:04.858639560,T,303.31,40,303.76,40,IBM
2025-11-17,9:46:04.858669672,T,303.31,80,303.76,40,IBM
2025-11-17,9:46:04.858669672,T,303.32,40,303.76,40,IBM
2025-11-17,9:46:04.858709892,T,303.31,80,303.76,40,IBM
2025-11-17,9:46:04.858739822,T,303.32,40,303.76,40,IBM
2025-11-17,9:46:04.858749828,T,303.32,80,303.76,40,IBM
2025-11-17,9:46:04.859070663,T,303.33,40,303.76,40,IBM
2025-11-17,9:46:04.959449570,T,303.32,80,303.76,40,IBM
2025-11-17,9:46:06.109988844,T,303.34,40,303.76,40,IBM
2025-11-17,9:46:06.338993941,T,303.35,40,303.76,40,IBM
2025-11-17,9:46:06.339039048,T,303.35,80,303.76,40,IBM
2025-11-17,9:46:07.135820889,T,303.35,40,303.76,40,IBM
2025-11-17,9:46:07.136607826,T,303.36,40,303.76,40,IBM
2025-11-17,9:46:07.934176600,T,303.37,40,303.76,40,IBM
2025-11-17,9:46:08.731449601,T,303.38,40,303.76,40,IBM
2025-11-17,9:46:09.082374929,T,303.38,80,303.76,40,IBM
2025-11-17,9:46:09.529033216,T,303.39,40,303.76,40,IBM
2025-11-17,9:46:12.955701036,T,303.39,80,303.76,40,IBM
2025-11-17,9:46:15.255059807,T,303.42,40,303.76,40,IBM
2025-11-17,9:46:20.219202696,T,303.42,40,303.67,40,IBM
2025-11-17,9:46:20.219398417,T,303.42,40,303.76,40,IBM
2025-11-17,9:46:20.219438270,T,303.49,40,303.76,40,IBM
2025-11-17,9:46:20.228700398,T,303.42,40,303.76,40,IBM
2025-11-17,9:46:20.689387098,T,303.42,80,303.76,40,IBM
2025-11-17,9:46:20.690188942,T,303.42,40,303.76,40,IBM
2025-11-17,9:46:22.886201894,T,303.42,40,303.67,40,IBM
2025-11-17,9:46:22.890256516,T,303.42,40,303.76,40,IBM
2025-11-17,9:46:22.895925076,T,303.27,80,303.76,40,IBM
2025-11-17,9:46:22.896721938,T,303.27,120,303.76,40,IBM
2025-11-17,9:46:26.862738760,T,303.27,120,303.76,80,IBM
2025-11-17,9:46:26.866748325,T,303.27,120,303.76,40,IBM
2025-11-17,9:46:26.866843562,T,303.27,120,303.76,80,IBM
2025-11-17,9:46:26.975627624,T,303.27,120,303.76,40,IBM
2025-11-17,9:46:40.254554896,T,303.27,80,303.76,40,IBM
2025-11-17,9:46:40.255181407,T,303.4,40,303.76,40,IBM
2025-11-17,9:46:40.511235955,T,303.4,80,303.76,40,IBM
2025-11-17,9:46:40.569454571,T,303.4,40,303.76,40,IBM
2025-11-17,9:46:41.000094667,T,303.27,120,303.76,40,IBM
2025-11-17,9:46:54.643133699,T,303.27,120,303.76,80,IBM
2025-11-17,9:46:54.643133699,T,303.27,120,303.67,40,IBM
2025-11-17,9:46:54.643143886,T,303.27,120,303.67,80,IBM
2025-11-17,9:46:54.643454481,T,303.27,120,303.67,120,IBM
2025-11-17,9:46:54.643554789,T,303.27,80,303.67,120,IBM
2025-11-17,9:46:54.643554789,T,303.27,80,303.67,160,IBM
2025-11-17,9:46:54.652435923,T,303.27,80,303.67,120,IBM
2025-11-17,9:46:54.743277216,T,303.27,80,303.67,80,IBM
2025-11-17,9:46:54.744069150,T,303.27,120,303.67,80,IBM
2025-11-17,9:46:55.702811622,T,303.27,40,303.67,80,IBM
2025-11-17,9:46:55.702836715,T,303.16,40,303.67,80,IBM
2025-11-17,9:46:56.923698093,T,303.16,40,303.67,120,IBM
2025-11-17,9:46:56.923728070,T,303.35,80,303.67,120,IBM
2025-11-17,9:46:56.983705910,T,303.35,40,303.67,120,IBM
2025-11-17,9:46:57.590565502,T,303.35,40,303.67,80,IBM
2025-11-17,9:46:58.146153180,T,303.35,40,303.67,40,IBM
2025-11-17,9:46:58.146288457,T,303.14,40,303.67,40,IBM
2025-11-17,9:46:58.146654369,T,303.35,40,303.67,40,IBM
2025-11-17,9:46:59.513352999,T,303.35,40,303.67,80,IBM
2025-11-17,9:46:59.513372990,T,303.35,40,303.52,40,IBM
2025-11-17,9:46:59.530579015,T,303.35,40,303.76,40,IBM
2025-11-17,9:47:00.049198834,T,303.41,40,303.76,40,IBM
2025-11-17,9:47:00.050617075,T,303.35,40,303.76,40,IBM
2025-11-17,9:47:00.078763993,T,303.41,40,303.76,40,IBM
2025-11-17,9:47:00.092481740,T,303.35,40,303.76,40,IBM
2025-11-17,9:47:00.648786043,T,303.35,40,303.85,40,IBM
2025-11-17,9:47:00.648821179,T,303.35,40,303.7,40,IBM
2025-11-17,9:47:00.869436371,T,303.38,40,303.7,40,IBM
2025-11-17,9:47:05.181542165,T,303.35,40,303.7,40,IBM
2025-11-17,9:47:06.660527957,T,303.55,120,303.7,40,IBM
2025-11-17,9:47:08.209450247,T,303.35,40,303.7,40,IBM
2025-11-17,9:47:12.815801353,T,303.35,80,303.7,40,IBM
2025-11-17,9:47:14.796837825,T,303.35,80,303.88,40,IBM
2025-11-17,9:47:14.796877944,T,303.35,80,303.68,40,IBM
2025-11-17,9:47:15.167881239,T,303.42,40,303.68,40,IBM
2025-11-17,9:47:15.167886233,T,303.43,40,303.68,40,IBM
2025-11-17,9:47:15.171895782,T,303.42,40,303.68,40,IBM
2025-11-17,9:47:15.178155723,T,303.43,40,303.68,40,IBM
