DATE,TIME_M,EX,BID,BIDSIZ,ASK,ASKSIZ,SYM_ROOT
2025-12-18,9:30:01.005994916,T,303.0,40,303.66,40,IBM
2025-12-18,9:30:01.006055054,T,303.0,40,305.9,240,IBM
2025-12-18,9:30:01.224695761,T,303.01,80,305.9,240,IBM
2025-12-18,9:30:01.225467531,T,303.01,160,305.9,240,IBM
2025-12-18,9:30:01.225658076,T,303.01,200,305.9,240,IBM
2025-12-18,9:30:01.267577861,T,303.01,200,304.89,40,IBM
2025-12-18,9:30:01.270249159,T,303.01,80,304.89,40,IBM
2025-12-18,9:30:01.442534421,T,303.01,120,304.89,40,IBM
2025-12-18,9:30:01.566178935,T,303.01,80,304.89,40,IBM
2025-12-18,9:30:01.566364373,T,301.19,40,304.89,40,IBM
2025-12-18,9:30:01.566369342,T,300.26,40,304.89,40,IBM
2025-12-18,9:30:01.566389382,T,300.26,40,303.01,80,IBM
2025-12-18,9:30:01.566925756,T,300.26,40,303.29,40,IBM
2025-12-18,9:30:01.571160713,T,300.26,40,303.95,40,IBM
2025-12-18,9:30:01.571406274,T,300.26,40,304.51,120,IBM
2025-12-18,9:30:01.586432162,T,300.26,40,304.88,40,IBM
2025-12-18,9:30:01.613481577,T,300.26,40,303.35,40,IBM
2025-12-18,9:30:01.929408698,T,300.26,40,303.07,80,IBM
2025-12-18,9:30:02.047940867,T,300.26,40,303.12,40,IBM
2025-12-18,9:30:02.197953075,T,300.26,40,303.06,40,IBM
2025-12-18,9:30:02.487236660,T,300.26,40,303.12,40,IBM
2025-12-18,9:30:02.566780975,T,302.51,40,303.12,40,IBM
2025-12-18,9:30:02.567207051,T,302.51,80,303.12,40,IBM
2025-12-18,9:30:02.724807518,T,302.51,80,303.06,40,IBM
2025-12-18,9:30:02.725403656,T,302.51,40,303.06,40,IBM
2025-12-18,9:30:02.748804246,T,302.51,40,303.12,40,IBM
2025-12-18,9:30:03.228015043,T,302.51,40,303.06,80,IBM
2025-12-18,9:30:03.358590917,T,302.51,40,303.12,40,IBM
2025-12-18,9:30:03.359112107,T,302.51,40,303.05,40,IBM
2025-12-18,9:30:03.557123541,T,302.51,40,303.12,40,IBM
2025-12-18,9:30:03.594176718,T,302.51,40,303.04,40,IBM
2025-12-18,9:30:03.659883134,T,300.26,40,303.04,40,IBM
2025-12-18,9:30:03.659908133,T,300.26,40,302.93,80,IBM
2025-12-18,9:30:03.659908133,T,300.26,40,302.78,40,IBM
2025-12-18,9:30:03.659943252,T,300.26,40,302.77,40,IBM
2025-12-18,9:30:03.662374032,T,300.26,40,302.78,40,IBM
2025-12-18,9:30:03.662374032,T,300.26,40,302.56,120,IBM
2025-12-18,9:30:03.762326961,T,300.26,40,303.12,40,IBM
2025-12-18,9:30:03.772907158,T,300.26,40,302.56,120,IBM
2025-12-18,9:30:03.780480182,T,300.26,40,303.12,40,IBM
2025-12-18,9:30:03.780700728,T,300.26,40,302.56,40,IBM
2025-12-18,9:30:03.810887585,T,300.26,40,303.12,40,IBM
2025-12-18,9:30:03.825407102,T,300.26,40,302.57,80,IBM
2025-12-18,9:30:03.825828137,T,300.26,40,302.57,120,IBM
2025-12-18,9:30:03.913426672,T,300.26,40,302.57,40,IBM
2025-12-18,9:30:04.252644215,T,299.77,80,302.57,40,IBM
2025-12-18,9:30:04.660299629,T,302.0,40,302.57,40,IBM
2025-12-18,9:30:04.660725694,T,302.0,80,302.57,40,IBM
2025-12-18,9:30:04.865042055,T,302.0,80,302.56,40,IBM
2025-12-18,9:30:04.865859013,T,302.0,80,302.34,40,IBM
2025-12-18,9:30:04.866279991,T,302.0,80,302.34,80,IBM
2025-12-18,9:30:04.869151938,T,302.0,80,302.34,40,IBM
2025-12-18,9:30:05.184567810,T,302.0,40,302.34,40,IBM
2025-12-18,9:30:05.580244753,T,302.01,80,302.34,40,IBM
2025-12-18,9:30:05.580279833,T,302.01,80,302.62,40,IBM
2025-12-18,9:30:05.580304826,T,302.01,120,302.62,40,IBM
2025-12-18,9:30:05.580705741,T,302.01,160,302.62,40,IBM
2025-12-18,9:30:05.581001527,T,302.01,200,302.62,40,IBM
2025-12-18,9:30:05.581026586,T,302.01,200,302.62,80,IBM
2025-12-18,9:30:05.581367348,T,302.01,120,302.62,80,IBM
2025-12-18,9:30:05.581367348,T,302.18,40,302.62,80,IBM
2025-12-18,9:30:05.581703176,T,302.18,40,302.62,40,IBM
2025-12-18,9:30:05.581733561,T,302.18,40,305.9,240,IBM
2025-12-18,9:30:05.582003835,T,302.17,40,305.9,240,IBM
2025-12-18,9:30:05.582003835,T,302.4,40,305.9,240,IBM
2025-12-18,9:30:05.582680540,T,302.4,40,305.06,40,IBM
2025-12-18,9:30:05.582755608,T,302.4,80,305.06,40,IBM
2025-12-18,9:30:05.595536054,T,302.4,120,305.06,40,IBM
2025-12-18,9:30:05.661332746,T,302.4,80,305.06,40,IBM
2025-12-18,9:30:05.699017502,T,302.4,40,305.06,40,IBM
2025-12-18,9:30:06.125272105,T,302.4,40,303.07,40,IBM
2025-12-18,9:30:06.407163186,T,302.4,40,302.84,40,IBM
2025-12-18,9:30:07.838956705,T,302.4,40,302.66,40,IBM
2025-12-18,9:30:08.126060203,T,302.4,40,305.06,40,IBM
2025-12-18,9:30:08.126085245,T,302.4,40,305.7,40,IBM
2025-12-18,9:30:08.126130402,T,302.41,40,305.7,40,IBM
2025-12-18,9:30:08.126300806,T,302.41,40,305.75,40,IBM
2025-12-18,9:30:08.126536392,T,302.41,40,305.9,240,IBM
2025-12-18,9:30:08.126551354,T,302.41,80,305.9,240,IBM
2025-12-18,9:30:08.126706719,T,302.41,80,305.75,40,IBM
2025-12-18,9:30:08.126766920,T,302.41,80,305.9,240,IBM
2025-12-18,9:30:08.126887166,T,302.41,120,305.9,240,IBM
2025-12-18,9:30:11.942571076,T,302.41,160,305.9,240,IBM
2025-12-18,9:30:11.942576102,T,302.54,40,305.9,240,IBM
2025-12-18,9:30:11.942866812,T,302.41,120,305.9,240,IBM
2025-12-18,9:30:11.942866812,T,302.68,40,305.9,240,IBM
2025-12-18,9:30:11.943733825,T,302.68,80,305.9,240,IBM
2025-12-18,9:30:12.202920963,T,302.68,40,305.9,240,IBM
2025-12-18,9:30:12.440451381,T,302.68,40,305.06,40,IBM
2025-12-18,9:30:12.845761312,T,302.68,80,305.06,40,IBM
2025-12-18,9:30:16.332136239,T,302.69,80,305.06,40,IBM
2025-12-18,9:30:16.332381765,T,302.68,80,305.06,40,IBM
2025-12-18,9:30:16.332386880,T,302.87,80,305.06,40,IBM
2025-12-18,9:30:16.332692922,T,302.68,40,305.06,40,IBM
2025-12-18,9:30:16.332692922,T,302.97,80,305.06,40,IBM
2025-12-18,9:30:16.333334026,T,302.87,80,305.06,40,IBM
2025-12-18,9:30:16.333689926,T,302.97,40,305.06,40,IBM
2025-12-18,9:30:17.967193494,T,302.97,40,303.29,40,IBM
2025-12-18,9:30:17.967313752,T,299.94,80,303.29,40,IBM
2025-12-18,9:30:17.967499537,T,299.94,80,305.06,40,IBM
2025-12-18,9:30:17.967499537,T,299.94,80,303.16,40,IBM
2025-12-18,9:30:17.967744784,T,300.55,40,303.16,40,IBM
2025-12-18,9:30:17.967750029,T,300.55,40,303.29,40,IBM
2025-12-18,9:30:17.968105672,T,302.43,40,303.29,40,IBM
2025-12-18,9:30:17.968531688,T,302.43,80,303.29,40,IBM
2025-12-18,9:30:17.987742395,T,302.43,80,305.06,40,IBM
2025-12-18,9:30:17.988945217,T,302.43,80,303.3,120,IBM
2025-12-18,9:30:18.017743839,T,302.43,80,303.3,160,IBM
2025-12-18,9:30:18.217769952,T,302.43,40,303.3,160,IBM
2025-12-18,9:30:18.218055712,T,302.43,40,303.3,40,IBM
2025-12-18,9:30:18.297314389,T,302.44,80,303.3,40,IBM
2025-12-18,9:30:18.297785535,T,302.44,80,303.29,40,IBM
2025-12-18,9:30:18.298216479,T,302.44,120,303.29,40,IBM
2025-12-18,9:30:18.298637510,T,302.44,120,303.29,80,IBM
2025-12-18,9:30:18.467424779,T,302.44,40,303.29,80,IBM
2025-12-18,9:30:18.691202114,T,302.44,40,303.29,40,IBM
2025-12-18,9:30:18.691227148,T,302.44,40,305.06,40,IBM
2025-12-18,9:30:18.871365997,T,302.44,40,303.29,40,IBM
2025-12-18,9:30:18.871787124,T,302.44,40,303.29,80,IBM
2025-12-18,9:30:18.911060528,T,302.44,40,303.29,120,IBM
2025-12-18,9:30:18.911060528,T,302.44,40,303.29,40,IBM
2025-12-18,9:30:18.967730586,T,302.44,120,303.29,40,IBM
2025-12-18,9:30:18.968221686,T,302.44,120,303.4,40,IBM
2025-12-18,9:30:19.121426414,T,302.44,120,305.06,40,IBM
2025-12-18,9:30:19.121932643,T,302.44,120,303.12,40,IBM
2025-12-18,9:30:19.122388726,T,302.44,80,303.12,40,IBM
2025-12-18,9:30:19.122398729,T,302.44,80,303.12,80,IBM
2025-12-18,9:30:19.298748500,T,302.44,80,303.12,40,IBM
2025-12-18,9:30:19.416508867,T,302.44,80,303.4,40,IBM
2025-12-18,9:30:19.416669182,T,302.44,80,305.06,40,IBM
2025-12-18,9:30:19.416674268,T,302.44,80,302.78,40,IBM
2025-12-18,9:30:19.417100254,T,302.44,80,302.78,80,IBM
2025-12-18,9:30:19.417686628,T,302.44,80,302.78,40,IBM
2025-12-18,9:30:25.584226949,T,302.54,80,302.78,40,IBM
2025-12-18,9:30:27.073527440,T,302.54,80,302.77,40,IBM
2025-12-18,9:30:27.073943455,T,302.54,80,305.06,40,IBM
2025-12-18,9:30:27.074364506,T,302.54,120,305.06,40,IBM
2025-12-18,9:30:27.074991004,T,302.78,80,305.06,40,IBM
2025-12-18,9:30:27.075011092,T,302.54,40,305.06,40,IBM
2025-12-18,9:30:27.096782850,T,299.94,120,305.06,40,IBM
2025-12-18,9:30:27.927936658,T,299.94,80,305.06,40,IBM
2025-12-18,9:30:28.075442700,T,302.54,40,305.06,40,IBM
2025-12-18,9:30:28.075863717,T,302.54,80,305.06,40,IBM
2025-12-18,9:30:28.304342590,T,302.54,40,305.06,40,IBM
2025-12-18,9:30:28.305750971,T,302.55,40,305.06,40,IBM
2025-12-18,9:30:29.012548612,T,302.55,40,303.4,40,IBM
2025-12-18,9:30:29.012573622,T,302.55,80,303.4,40,IBM
2025-12-18,9:30:29.013104883,T,302.56,40,303.4,40,IBM
2025-12-18,9:30:29.054959469,T,302.56,80,303.4,40,IBM
2025-12-18,9:30:29.589447063,T,302.56,80,305.06,40,IBM
2025-12-18,9:30:29.595220844,T,302.56,80,303.4,40,IBM
2025-12-18,9:30:30.038024896,T,302.56,80,305.06,40,IBM
2025-12-18,9:30:30.038466078,T,302.56,80,303.4,40,IBM
2025-12-18,9:30:30.319680504,T,302.56,80,305.06,40,IBM
2025-12-18,9:30:30.620416451,T,302.56,80,303.28,40,IBM
2025-12-18,9:30:30.620842464,T,302.56,80,303.28,80,IBM
2025-12-18,9:30:31.042456276,T,302.56,40,303.28,80,IBM
2025-12-18,9:30:32.520840748,T,302.56,40,303.28,40,IBM
2025-12-18,9:30:32.520845836,T,302.56,80,303.28,40,IBM
2025-12-18,9:30:32.521216723,T,302.56,80,304.22,40,IBM
2025-12-18,9:30:32.522610010,T,302.56,40,304.22,40,IBM
2025-12-18,9:30:32.523146389,T,302.56,40,303.3,120,IBM
2025-12-18,9:30:32.523567303,T,302.56,40,303.3,160,IBM
2025-12-18,9:30:32.524238933,T,302.56,40,303.3,40,IBM
2025-12-18,9:30:32.524243889,T,302.56,80,303.3,40,IBM
2025-12-18,9:30:32.771382280,T,302.56,80,304.22,40,IBM
2025-12-18,9:30:33.209986369,T,302.56,40,304.22,40,IBM
2025-12-18,9:30:33.210452517,T,302.57,40,304.22,40,IBM
2025-12-18,9:30:33.211665386,T,302.57,80,304.22,40,IBM
2025-12-18,9:30:33.931193232,T,302.57,40,304.22,40,IBM
2025-12-18,9:30:34.198955693,T,302.58,40,304.22,40,IBM
2025-12-18,9:30:34.199717479,T,302.58,80,304.22,40,IBM
2025-12-18,9:30:34.200138476,T,302.58,120,304.22,40,IBM
2025-12-18,9:30:34.653212191,T,302.58,40,304.22,40,IBM
2025-12-18,9:30:39.867816227,T,302.58,40,304.19,40,IBM
2025-12-18,9:30:42.454013026,T,302.59,80,304.19,40,IBM
2025-12-18,9:30:42.454769793,T,302.59,120,304.19,40,IBM
2025-12-18,9:30:42.455195797,T,302.59,160,304.19,40,IBM
2025-12-18,9:30:42.671245136,T,302.59,40,304.19,40,IBM
2025-12-18,9:30:42.671250199,T,302.59,40,303.4,40,IBM
2025-12-18,9:30:46.159449561,T,302.15,40,303.4,40,IBM
2025-12-18,9:30:46.410632438,T,302.15,40,304.19,40,IBM
2025-12-18,9:30:47.556580480,T,302.15,40,304.03,40,IBM
2025-12-18,9:30:56.003569527,T,302.15,80,304.03,40,IBM
2025-12-18,9:30:56.003649750,T,302.15,40,304.03,40,IBM
2025-12-18,9:30:56.003709964,T,302.15,40,303.3,40,IBM
2025-12-18,9:30:56.054255208,T,301.59,40,303.3,40,IBM
2025-12-18,9:30:56.066033262,T,302.13,80,303.3,40,IBM
2025-12-18,9:30:56.066459324,T,302.13,120,303.3,40,IBM
2025-12-18,9:30:56.079996453,T,302.13,80,303.3,40,IBM
2025-12-18,9:30:56.107717461,T,302.13,80,304.03,40,IBM
2025-12-18,9:30:57.089790394,T,302.35,40,304.03,40,IBM
2025-12-18,9:30:57.103823921,T,302.35,40,303.3,40,IBM
2025-12-18,9:30:58.152590810,T,302.13,80,303.3,40,IBM
2025-12-18,9:30:58.154074364,T,302.13,80,304.03,40,IBM
2025-12-18,9:31:00.773169213,T,302.57,160,304.03,40,IBM
2025-12-18,9:31:00.773169213,T,302.57,160,303.64,160,IBM
2025-12-18,9:31:00.773600288,T,302.57,200,303.64,160,IBM
2025-12-18,9:31:03.693767252,T,302.57,280,303.64,160,IBM
2025-12-18,9:31:07.659733735,T,302.94,40,303.64,160,IBM
2025-12-18,9:31:07.659748635,T,302.57,320,303.64,160,IBM
2025-12-18,9:31:07.659778691,T,302.94,80,303.64,160,IBM
2025-12-18,9:31:07.659954153,T,302.94,80,303.4,40,IBM
2025-12-18,9:31:07.659974338,T,302.94,80,303.4,80,IBM
2025-12-18,9:31:07.660615719,T,302.94,120,303.4,80,IBM
2025-12-18,9:31:07.660666151,T,303.13,40,303.4,80,IBM
2025-12-18,9:31:07.660700941,T,303.13,40,303.4,40,IBM
2025-12-18,9:31:07.660700941,T,303.13,40,303.64,160,IBM
2025-12-18,9:31:07.660720929,T,303.32,80,303.64,160,IBM
2025-12-18,9:31:07.660846245,T,302.94,160,303.64,160,IBM
2025-12-18,9:31:07.660881287,T,303.13,40,303.64,160,IBM
2025-12-18,9:31:07.660966469,T,302.94,160,303.64,160,IBM
2025-12-18,9:31:07.660981597,T,302.94,80,303.64,160,IBM
2025-12-18,9:31:07.660986544,T,303.15,40,303.64,160,IBM
2025-12-18,9:31:07.661121980,T,303.2,40,303.64,160,IBM
2025-12-18,9:31:07.661422598,T,303.2,40,303.64,200,IBM
2025-12-18,9:31:07.661447672,T,303.2,40,303.64,240,IBM
2025-12-18,9:31:07.662084177,T,303.15,40,303.64,240,IBM
2025-12-18,9:31:07.662089151,T,303.15,40,303.64,280,IBM
2025-12-18,9:31:07.662409961,T,303.15,40,303.64,120,IBM
2025-12-18,9:31:07.662866019,T,303.32,40,303.64,120,IBM
2025-12-18,9:31:07.664199272,T,303.15,40,303.64,120,IBM
2025-12-18,9:31:07.665482318,T,302.94,40,303.64,120,IBM
2025-12-18,9:31:07.671386301,T,302.8,160,303.64,120,IBM
2025-12-18,9:31:07.675636598,T,302.8,200,303.64,120,IBM
2025-12-18,9:31:07.830249502,T,302.8,160,303.64,120,IBM
2025-12-18,9:31:09.521686235,T,302.0,40,303.64,120,IBM
2025-12-18,9:31:09.521691338,T,302.97,160,303.64,120,IBM
2025-12-18,9:31:09.522117393,T,302.97,200,303.64,120,IBM
2025-12-18,9:31:14.630874416,T,302.97,200,303.64,80,IBM
2025-12-18,9:31:14.630879408,T,302.97,200,303.64,40,IBM
2025-12-18,9:31:14.630879408,T,302.97,200,304.08,160,IBM
2025-12-18,9:31:14.630924542,T,303.32,40,304.08,160,IBM
2025-12-18,9:31:14.630954632,T,303.2,40,304.08,160,IBM
2025-12-18,9:31:14.631150256,T,302.98,40,304.08,160,IBM
2025-12-18,9:31:14.631240376,T,302.97,200,304.08,160,IBM
2025-12-18,9:31:14.631335462,T,302.97,200,303.64,40,IBM
2025-12-18,9:31:14.631350517,T,302.97,160,303.64,40,IBM
2025-12-18,9:31:14.631791611,T,302.97,200,303.64,40,IBM
2025-12-18,9:31:14.642321701,T,302.97,160,303.64,40,IBM
2025-12-18,9:31:14.642637498,T,302.97,160,303.64,80,IBM
2025-12-18,9:31:14.643063483,T,302.97,200,303.64,80,IBM
2025-12-18,9:31:14.643088495,T,302.97,200,303.64,40,IBM
2025-12-18,9:31:14.731950166,T,302.97,200,304.08,160,IBM
2025-12-18,9:31:14.731995167,T,302.97,280,304.08,160,IBM
2025-12-18,9:31:14.742019071,T,302.97,200,304.08,160,IBM
2025-12-18,9:31:16.733800886,T,302.97,160,304.08,160,IBM
2025-12-18,9:31:20.307593562,T,302.97,240,304.08,160,IBM
2025-12-18,9:31:22.005245012,T,302.97,240,303.64,40,IBM
2025-12-18,9:31:22.005751197,T,302.97,240,303.64,80,IBM
2025-12-18,9:31:22.180692645,T,302.97,240,303.64,40,IBM
2025-12-18,9:31:22.180717704,T,302.97,240,304.08,160,IBM
2025-12-18,9:31:25.393275784,T,302.97,280,304.08,160,IBM
2025-12-18,9:31:25.393280710,T,303.29,40,304.08,160,IBM
2025-12-18,9:31:25.393290668,T,303.29,80,304.08,160,IBM
2025-12-18,9:31:25.393305753,T,303.46,40,304.08,160,IBM
2025-12-18,9:31:25.393947268,T,303.46,40,304.19,40,IBM
2025-12-18,9:31:25.395220365,T,303.46,80,304.19,40,IBM
2025-12-18,9:31:25.395250369,T,303.48,40,304.19,40,IBM
2025-12-18,9:31:25.396192578,T,303.46,80,304.19,40,IBM
2025-12-18,9:31:25.410927673,T,303.46,40,304.19,40,IBM
2025-12-18,9:31:25.410952813,T,303.21,160,304.19,40,IBM
2025-12-18,9:31:25.747935026,T,303.21,200,304.19,40,IBM
2025-12-18,9:31:25.796736254,T,303.21,160,304.19,40,IBM
2025-12-18,9:31:25.823314416,T,303.28,40,304.19,40,IBM
2025-12-18,9:31:26.018719618,T,303.48,40,304.19,40,IBM
2025-12-18,9:31:27.324237639,T,303.49,40,304.19,40,IBM
2025-12-18,9:31:28.030042887,T,303.48,40,304.19,40,IBM
2025-12-18,9:31:28.360800392,T,303.21,160,304.19,40,IBM
2025-12-18,9:31:41.340791183,T,303.21,160,304.33,40,IBM
2025-12-18,9:31:41.340851382,T,303.64,40,304.33,40,IBM
2025-12-18,9:31:41.340856334,T,303.66,40,304.33,40,IBM
2025-12-18,9:31:41.340891441,T,303.82,40,304.33,40,IBM
2025-12-18,9:31:41.341302489,T,303.82,40,304.33,80,IBM
2025-12-18,9:31:41.350584551,T,303.66,80,304.33,80,IBM
2025-12-18,9:31:41.350604622,T,303.66,40,304.33,80,IBM
2025-12-18,9:31:41.351356408,T,303.65,80,304.33,80,IBM
2025-12-18,9:31:41.441125068,T,303.65,40,304.33,80,IBM
2025-12-18,9:31:41.488858687,T,303.64,40,304.33,80,IBM
2025-12-18,9:31:41.488868654,T,304.0,40,304.33,80,IBM
2025-12-18,9:31:41.489044154,T,304.0,40,304.33,40,IBM
2025-12-18,9:31:42.204757816,T,303.4,160,304.33,40,IBM
2025-12-18,9:31:42.448342809,T,303.03,40,304.33,40,IBM
2025-12-18,9:31:42.448352700,T,303.66,160,304.33,40,IBM
2025-12-18,9:31:42.486142757,T,303.66,160,304.74,160,IBM
2025-12-18,9:31:42.486829322,T,304.09,40,304.74,160,IBM
2025-12-18,9:31:42.486859437,T,304.14,40,304.74,160,IBM
2025-12-18,9:31:42.488017210,T,304.09,40,304.74,160,IBM
2025-12-18,9:31:42.488032200,T,304.14,40,304.74,160,IBM
2025-12-18,9:31:42.488488263,T,304.14,40,305.4,40,IBM
2025-12-18,9:31:42.488493410,T,304.14,40,304.93,160,IBM
2025-12-18,9:31:42.498206431,T,303.66,160,304.93,160,IBM
2025-12-18,9:31:42.498963205,T,303.66,160,304.5,80,IBM
2025-12-18,9:31:42.603817940,T,303.66,160,304.5,120,IBM
2025-12-18,9:31:43.004897679,T,303.66,160,304.5,80,IBM
2025-12-18,9:31:43.013808986,T,303.66,160,304.5,120,IBM
2025-12-18,9:31:49.005052093,T,303.66,160,304.5,80,IBM
2025-12-18,9:31:49.005528222,T,303.66,160,304.5,120,IBM
2025-12-18,9:31:49.455760094,T,303.66,160,304.5,160,IBM
2025-12-18,9:31:49.455780152,T,303.66,160,304.49,40,IBM
2025-12-18,9:31:49.455810230,T,303.66,160,304.36,40,IBM
2025-12-18,9:31:49.455845283,T,303.66,160,304.33,40,IBM
2025-12-18,9:31:49.456211164,T,303.66,160,304.24,40,IBM
2025-12-18,9:31:49.456246153,T,303.66,160,304.33,40,IBM
2025-12-18,9:31:49.456261492,T,303.66,160,304.36,40,IBM
2025-12-18,9:31:49.456266291,T,303.66,160,304.5,40,IBM
2025-12-18,9:31:49.456271245,T,303.66,160,304.58,40,IBM
2025-12-18,9:31:49.456276229,T,303.66,160,304.61,40,IBM
2025-12-18,9:31:49.456311444,T,303.66,160,304.93,160,IBM
2025-12-18,9:31:49.456532250,T,303.66,160,304.93,200,IBM
2025-12-18,9:31:49.456546919,T,303.66,160,304.93,160,IBM
2025-12-18,9:31:49.456597104,T,303.66,160,304.5,40,IBM
2025-12-18,9:31:49.456632100,T,303.66,160,304.24,40,IBM
2025-12-18,9:31:49.476063331,T,303.66,160,304.5,40,IBM
2025-12-18,9:31:49.476614723,T,303.66,160,304.5,80,IBM
2025-12-18,9:31:50.068438502,T,303.66,160,304.5,40,IBM
2025-12-18,9:31:50.068643999,T,303.66,160,304.5,80,IBM
2025-12-18,9:31:50.068934787,T,303.66,160,304.5,40,IBM
2025-12-18,9:31:50.069150301,T,303.67,40,304.5,40,IBM
2025-12-18,9:31:50.069165240,T,303.66,160,304.5,40,IBM
2025-12-18,9:31:50.069185351,T,303.66,160,304.5,80,IBM
2025-12-18,9:31:50.069185351,T,303.66,160,304.5,40,IBM
2025-12-18,9:31:50.069235511,T,303.89,40,304.5,40,IBM
2025-12-18,9:31:50.069240414,T,303.89,40,304.61,40,IBM
2025-12-18,9:31:50.069250541,T,303.89,40,304.93,200,IBM
2025-12-18,9:31:50.069310651,T,303.89,80,304.93,200,IBM
2025-12-18,9:31:50.069320730,T,303.89,240,304.93,200,IBM
2025-12-18,9:31:50.069425871,T,303.89,400,304.93,200,IBM
2025-12-18,9:31:50.069436267,T,303.89,240,304.93,200,IBM
2025-12-18,9:31:50.069440899,T,303.89,160,304.93,200,IBM
2025-12-18,9:31:50.069445903,T,303.89,40,304.93,200,IBM
2025-12-18,9:31:50.069476012,T,304.0,360,304.93,200,IBM
2025-12-18,9:31:50.069516186,T,304.0,360,304.81,40,IBM
2025-12-18,9:31:50.069611292,T,304.0,360,304.24,40,IBM
2025-12-18,9:31:50.070032371,T,304.0,360,304.24,80,IBM
2025-12-18,9:31:50.136585838,T,304.0,360,304.24,40,IBM
2025-12-18,9:31:51.180601349,T,303.66,160,304.24,40,IBM
2025-12-18,9:31:51.180626558,T,303.66,160,304.23,40,IBM
2025-12-18,9:31:51.181177627,T,303.02,40,304.23,40,IBM
2025-12-18,9:31:51.181217777,T,303.02,40,304.24,40,IBM
2025-12-18,9:31:51.181222812,T,303.02,40,304.12,40,IBM
2025-12-18,9:31:51.188590434,T,303.02,40,304.23,40,IBM
2025-12-18,9:31:51.188595305,T,303.02,40,303.88,40,IBM
2025-12-18,9:31:51.188595305,T,302.97,40,303.88,40,IBM
2025-12-18,9:31:51.191682720,T,303.13,160,303.88,40,IBM
2025-12-18,9:31:51.192118677,T,303.37,80,303.88,40,IBM
2025-12-18,9:31:51.192128824,T,303.37,80,304.47,40,IBM
2025-12-18,9:31:51.192139076,T,303.37,80,304.64,40,IBM
2025-12-18,9:31:51.192178845,T,303.37,80,304.1,40,IBM
2025-12-18,9:31:51.192524701,T,303.37,80,303.88,40,IBM
2025-12-18,9:31:51.192550164,T,303.37,120,303.88,40,IBM
2025-12-18,9:31:51.208086731,T,303.37,120,304.1,40,IBM
2025-12-18,9:31:51.208091769,T,303.37,80,304.1,40,IBM
2025-12-18,9:31:51.208638034,T,303.37,80,304.1,80,IBM
2025-12-18,9:31:51.220185572,T,303.13,160,304.1,80,IBM
2025-12-18,9:31:51.477883907,T,303.13,160,304.1,40,IBM
2025-12-18,9:31:51.794537650,T,303.13,160,304.64,40,IBM
2025-12-18,9:31:51.794582803,T,303.13,160,304.47,40,IBM
2025-12-18,9:31:51.796216635,T,303.3,80,304.47,40,IBM
2025-12-18,9:31:51.796637716,T,303.3,120,304.47,40,IBM
2025-12-18,9:31:52.004873430,T,303.3,80,304.47,40,IBM
2025-12-18,9:31:52.005048900,T,303.3,80,304.24,40,IBM
2025-12-18,9:31:52.011133290,T,303.3,80,304.09,40,IBM
2025-12-18,9:31:52.011163324,T,303.3,80,304.61,40,IBM
2025-12-18,9:31:52.011163324,T,303.3,80,303.7,40,IBM
2025-12-18,9:31:52.012646923,T,303.3,80,304.61,40,IBM
2025-12-18,9:31:52.095945220,T,303.13,160,304.61,40,IBM
2025-12-18,9:31:52.823166333,T,303.13,160,304.56,160,IBM
2025-12-18,9:31:52.868830109,T,302.32,40,304.56,160,IBM
2025-12-18,9:31:52.868835130,T,302.64,160,304.56,160,IBM
2025-12-18,9:31:52.869662056,T,302.64,160,303.7,40,IBM
2025-12-18,9:31:52.870082994,T,302.64,160,303.7,80,IBM
2025-12-18,9:31:52.872353465,T,302.64,160,303.7,40,IBM
2025-12-18,9:31:53.123441217,T,303.33,40,303.7,40,IBM
2025-12-18,9:31:53.123506386,T,303.33,40,304.56,160,IBM
2025-12-18,9:31:53.123526398,T,303.4,40,304.56,160,IBM
2025-12-18,9:31:53.123852202,T,303.51,40,304.56,160,IBM
2025-12-18,9:31:53.123972463,T,303.4,40,304.56,160,IBM
2025-12-18,9:31:53.124037625,T,303.51,40,304.56,160,IBM
2025-12-18,9:31:53.124062694,T,303.4,40,304.56,160,IBM
2025-12-18,9:31:53.124228028,T,303.4,40,304.5,80,IBM
2025-12-18,9:31:53.124238048,T,303.4,40,304.11,40,IBM
2025-12-18,9:31:53.124468614,T,303.33,80,304.11,40,IBM
2025-12-18,9:31:53.124528828,T,303.33,40,304.11,40,IBM
2025-12-18,9:31:53.141203470,T,303.33,40,304.11,80,IBM
2025-12-18,9:31:53.227959978,T,303.33,40,304.11,40,IBM
2025-12-18,9:31:53.698660740,T,302.97,160,304.11,40,IBM
2025-12-18,9:31:53.698660740,T,302.97,160,304.1,40,IBM
2025-12-18,9:31:53.699838370,T,302.97,160,304.1,80,IBM
2025-12-18,9:31:53.858090143,T,302.63,40,304.1,80,IBM
2025-12-18,9:31:53.858090143,T,303.28,200,304.1,80,IBM
2025-12-18,9:31:53.858120166,T,303.28,200,304.1,40,IBM
2025-12-18,9:31:54.144667379,T,303.28,200,304.09,40,IBM
2025-12-18,9:31:54.145374236,T,303.28,200,304.5,80,IBM
2025-12-18,9:31:54.145424177,T,303.28,200,304.1,40,IBM
2025-12-18,9:31:54.145529427,T,303.28,200,304.09,40,IBM
2025-12-18,9:31:54.242395071,T,303.28,200,304.1,40,IBM
2025-12-18,9:31:54.243232051,T,303.28,200,304.1,80,IBM
2025-12-18,9:31:54.326600540,T,303.28,200,304.1,40,IBM
2025-12-18,9:31:55.466534322,T,303.42,40,304.1,40,IBM
2025-12-18,9:31:55.467792260,T,303.28,200,304.1,40,IBM
2025-12-18,9:31:55.467792260,T,303.28,200,304.08,40,IBM
2025-12-18,9:31:55.467817311,T,303.28,200,304.1,40,IBM
2025-12-18,9:31:55.468213257,T,303.28,200,304.47,40,IBM
2025-12-18,9:31:55.468283468,T,303.28,200,304.11,40,IBM
2025-12-18,9:31:55.468438845,T,302.63,40,304.11,40,IBM
2025-12-18,9:31:55.468443906,T,303.03,200,304.11,40,IBM
2025-12-18,9:31:55.468468966,T,303.03,200,304.5,80,IBM
2025-12-18,9:31:55.468704450,T,303.03,200,304.11,40,IBM
2025-12-18,9:31:55.470959812,T,303.03,200,303.91,40,IBM
2025-12-18,9:31:55.472338110,T,303.03,200,304.11,40,IBM
2025-12-18,9:31:55.472789275,T,303.03,200,303.91,40,IBM
2025-12-18,9:31:55.483765331,T,303.03,200,303.91,80,IBM
2025-12-18,9:31:55.495728810,T,303.03,200,303.91,40,IBM
2025-12-18,9:31:55.701809412,T,303.03,200,303.9,40,IBM
2025-12-18,9:31:55.702982203,T,303.03,200,303.9,80,IBM
2025-12-18,9:31:56.003337241,T,303.03,200,303.9,40,IBM
2025-12-18,9:31:56.003437487,T,303.03,200,304.5,80,IBM
2025-12-18,9:31:58.683538020,T,303.03,200,304.24,40,IBM
2025-12-18,9:31:58.683538020,T,303.03,200,304.11,40,IBM
2025-12-18,9:31:58.780418651,T,303.03,200,304.24,40,IBM
2025-12-18,9:31:58.780899742,T,303.03,200,304.5,80,IBM
2025-12-18,9:31:59.934751678,T,303.03,200,304.44,160,IBM
2025-12-18,9:32:01.243627837,T,303.03,200,303.61,40,IBM
2025-12-18,9:32:01.244053865,T,303.03,200,303.61,80,IBM
2025-12-18,9:32:01.340959546,T,303.03,200,303.61,40,IBM
2025-12-18,9:32:09.941920073,T,303.03,200,304.17,160,IBM
2025-12-18,9:32:10.003501747,T,303.03,200,303.45,40,IBM
2025-12-18,9:32:10.003591889,T,303.03,200,303.91,40,IBM
2025-12-18,9:32:10.003687107,T,303.03,200,303.48,40,IBM
2025-12-18,9:32:10.003827408,T,303.03,200,304.17,160,IBM
2025-12-18,9:32:10.003982830,T,303.03,200,303.45,40,IBM
2025-12-18,9:32:10.006062946,T,303.03,200,304.17,160,IBM
2025-12-18,9:32:10.006303387,T,302.33,40,304.17,160,IBM
2025-12-18,9:32:10.006313388,T,302.8,160,304.17,160,IBM
2025-12-18,9:32:10.006338453,T,302.8,160,303.45,40,IBM
2025-12-18,9:32:10.006719407,T,302.8,160,304.17,160,IBM
2025-12-18,9:32:10.006724616,T,303.0,40,304.17,160,IBM
2025-12-18,9:32:10.007370870,T,302.8,200,304.17,160,IBM
2025-12-18,9:32:10.007415996,T,302.8,200,303.45,40,IBM
2025-12-18,9:32:10.007686725,T,303.03,40,303.45,40,IBM
2025-12-18,9:32:10.007731821,T,303.03,120,303.45,40,IBM
2025-12-18,9:32:10.007751823,T,303.03,120,304.17,160,IBM
2025-12-18,9:32:10.112917173,T,303.03,80,304.17,160,IBM
2025-12-18,9:32:10.125040978,T,302.8,160,304.17,160,IBM
2025-12-18,9:32:10.125522202,T,302.8,200,304.17,160,IBM
2025-12-18,9:32:10.136082268,T,302.8,160,304.17,160,IBM
2025-12-18,9:32:10.138553234,T,302.8,200,304.17,160,IBM
2025-12-18,9:32:10.512363008,T,302.8,280,304.17,160,IBM
2025-12-18,9:32:10.911653609,T,302.8,240,304.17,160,IBM
2025-12-18,9:32:11.104602962,T,302.81,80,304.17,160,IBM
2025-12-18,9:32:12.357921723,T,302.8,160,304.17,160,IBM
2025-12-18,9:32:14.004471476,T,302.8,160,304.16,40,IBM
2025-12-18,9:32:14.004476427,T,302.8,160,304.09,40,IBM
2025-12-18,9:32:15.880532822,T,302.8,160,303.94,40,IBM
2025-12-18,9:32:17.179500086,T,302.8,160,303.93,160,IBM
2025-12-18,9:32:19.188663246,T,302.8,160,303.94,40,IBM
2025-12-18,9:32:19.188668315,T,302.8,160,303.74,200,IBM
2025-12-18,9:32:24.437473816,T,302.8,160,303.3,40,IBM
2025-12-18,9:32:24.437739385,T,302.0,40,303.3,40,IBM
2025-12-18,9:32:24.437744445,T,302.59,160,303.3,40,IBM
2025-12-18,9:32:24.437769510,T,302.59,160,303.74,200,IBM
2025-12-18,9:32:24.438110255,T,302.59,160,303.3,40,IBM
2025-12-18,9:32:24.438441132,T,302.59,160,303.74,200,IBM
2025-12-18,9:32:24.438441132,T,302.59,160,303.3,40,IBM
2025-12-18,9:32:24.439172817,T,302.59,160,303.18,40,IBM
2025-12-18,9:32:24.489046553,T,302.59,160,303.18,80,IBM
2025-12-18,9:32:24.535316739,T,302.59,160,303.18,40,IBM
2025-12-18,9:32:24.654435424,T,302.59,160,303.74,200,IBM
2025-12-18,9:32:24.654440259,T,302.59,160,303.18,40,IBM
2025-12-18,9:32:24.654460621,T,302.59,160,303.74,200,IBM
2025-12-18,9:32:24.654460621,T,302.59,160,303.18,40,IBM
2025-12-18,9:32:24.654595622,T,302.59,240,303.18,40,IBM
2025-12-18,9:32:24.654610718,T,302.59,80,303.18,40,IBM
2025-12-18,9:32:24.655182117,T,302.59,80,302.97,40,IBM
2025-12-18,9:32:24.655648175,T,302.59,80,303.74,200,IBM
2025-12-18,9:32:24.657602894,T,302.59,80,302.97,40,IBM
2025-12-18,9:32:24.657607895,T,302.4,160,302.97,40,IBM
2025-12-18,9:32:24.838072486,T,302.4,160,303.74,200,IBM
2025-12-18,9:32:25.157422691,T,302.41,80,303.74,200,IBM
2025-12-18,9:32:26.036179699,T,302.41,120,303.74,200,IBM
2025-12-18,9:32:27.735304635,T,302.41,120,303.69,40,IBM
2025-12-18,9:32:29.856680018,T,302.41,120,303.64,40,IBM
2025-12-18,9:32:29.856704925,T,302.41,120,303.69,40,IBM
2025-12-18,9:32:29.856725060,T,302.68,80,303.69,40,IBM
2025-12-18,9:32:29.856730036,T,302.68,80,302.97,40,IBM
2025-12-18,9:32:29.856750132,T,302.41,120,302.97,40,IBM
2025-12-18,9:32:29.856760166,T,302.41,40,302.97,40,IBM
2025-12-18,9:32:29.856775153,T,302.41,40,302.83,40,IBM
2025-12-18,9:32:29.857140967,T,302.41,40,302.97,40,IBM
2025-12-18,9:32:29.857151002,T,302.41,40,302.97,80,IBM
2025-12-18,9:32:29.857506831,T,302.41,40,302.9,40,IBM
2025-12-18,9:32:29.857511860,T,302.41,40,302.97,80,IBM
2025-12-18,9:32:29.857892795,T,302.41,40,302.9,40,IBM
2025-12-18,9:32:29.857998060,T,302.41,40,302.84,40,IBM
2025-12-18,9:32:29.933793540,T,302.41,40,302.84,80,IBM
2025-12-18,9:32:31.548607835,T,302.45,40,302.84,80,IBM
2025-12-18,9:32:31.548627843,T,302.45,40,302.84,40,IBM
2025-12-18,9:32:31.548642897,T,302.45,80,302.84,40,IBM
2025-12-18,9:32:34.518738905,T,302.45,80,303.4,40,IBM
2025-12-18,9:32:37.864854479,T,302.45,40,303.4,40,IBM
2025-12-18,9:32:37.864859481,T,302.45,40,302.84,40,IBM
2025-12-18,9:32:37.864879528,T,302.01,200,302.84,40,IBM
2025-12-18,9:32:37.864914557,T,302.01,200,302.83,40,IBM
2025-12-18,9:32:37.864934595,T,302.01,200,302.64,40,IBM
2025-12-18,9:32:37.865561189,T,302.01,240,302.64,40,IBM
2025-12-18,9:32:37.866678815,T,302.01,40,302.64,40,IBM
2025-12-18,9:32:37.866708924,T,302.01,40,302.64,80,IBM
2025-12-18,9:32:37.869370193,T,302.01,40,302.5,40,IBM
2025-12-18,9:32:37.869435321,T,302.01,40,302.64,40,IBM
2025-12-18,9:32:37.869731035,T,302.01,40,302.5,40,IBM
2025-12-18,9:32:37.869741067,T,302.01,40,302.64,80,IBM
2025-12-18,9:32:37.870121987,T,302.01,40,302.5,40,IBM
2025-12-18,9:32:37.870698407,T,302.01,40,302.64,40,IBM
2025-12-18,9:32:37.878772646,T,301.8,200,302.64,40,IBM
2025-12-18,9:32:37.879559553,T,301.8,200,302.84,40,IBM
2025-12-18,9:32:37.882115692,T,301.8,240,302.84,40,IBM
2025-12-18,9:32:37.882115692,T,302.0,40,302.84,40,IBM
2025-12-18,9:32:37.882155909,T,302.22,40,302.84,40,IBM
2025-12-18,9:32:37.882160663,T,302.22,40,302.97,40,IBM
2025-12-18,9:32:37.882160663,T,302.22,40,303.3,40,IBM
2025-12-18,9:32:37.882180891,T,302.22,40,303.4,40,IBM
2025-12-18,9:32:37.882180891,T,302.32,40,303.4,40,IBM
2025-12-18,9:32:37.882200787,T,302.33,40,303.4,40,IBM
2025-12-18,9:32:37.882230839,T,302.41,40,303.4,40,IBM
2025-12-18,9:32:38.010546278,T,302.41,40,303.42,40,IBM
2025-12-18,9:32:38.010892238,T,302.41,40,303.45,160,IBM
2025-12-18,9:32:38.233376811,T,302.41,40,302.97,40,IBM
2025-12-18,9:32:38.544006289,T,302.41,40,303.45,160,IBM
2025-12-18,9:32:38.865346290,T,302.42,40,303.45,160,IBM
2025-12-18,9:32:44.487656352,T,302.43,40,303.45,160,IBM
2025-12-18,9:32:46.243370873,T,302.43,80,303.45,160,IBM
2025-12-18,9:32:46.769177839,T,302.43,120,303.45,160,IBM
2025-12-18,9:32:46.906965805,T,302.44,40,303.45,160,IBM
2025-12-18,9:32:46.906995928,T,302.58,40,303.45,160,IBM
2025-12-18,9:32:46.907010855,T,302.58,80,303.45,160,IBM
2025-12-18,9:32:46.907391795,T,302.73,40,303.45,160,IBM
2025-12-18,9:32:46.907642475,T,302.73,80,303.45,160,IBM
2025-12-18,9:32:46.923139543,T,302.73,40,303.45,160,IBM
2025-12-18,9:32:56.538183941,T,302.43,40,303.45,160,IBM
2025-12-18,9:32:56.795817483,T,302.43,40,303.14,40,IBM
2025-12-18,9:32:56.795822327,T,302.43,40,303.06,40,IBM
2025-12-18,9:32:56.796123055,T,302.43,40,302.94,40,IBM
2025-12-18,9:32:56.806242176,T,302.43,40,303.13,80,IBM
2025-12-18,9:32:56.896662411,T,302.43,40,303.13,40,IBM
2025-12-18,9:32:58.285127890,T,302.43,40,302.94,40,IBM
2025-12-18,9:32:59.426063898,T,302.43,40,303.13,40,IBM
2025-12-18,9:33:00.705479900,T,302.43,40,303.3,40,IBM
2025-12-18,9:33:00.705484762,T,302.43,40,303.45,160,IBM
2025-12-18,9:33:00.705660304,T,302.57,40,303.45,160,IBM
2025-12-18,9:33:00.705690281,T,302.43,40,303.45,160,IBM
2025-12-18,9:33:00.705690281,T,302.73,40,303.45,160,IBM
2025-12-18,9:33:00.705760426,T,302.43,40,303.45,160,IBM
2025-12-18,9:33:01.422516834,T,302.61,40,303.45,160,IBM
2025-12-18,9:33:01.422521891,T,302.85,40,303.45,160,IBM
2025-12-18,9:33:01.422842572,T,302.85,80,303.45,160,IBM
2025-12-18,9:33:01.422922827,T,302.85,40,303.45,160,IBM
2025-12-18,9:33:01.422937873,T,302.85,80,303.45,160,IBM
2025-12-18,9:33:01.425238391,T,302.85,40,303.45,160,IBM
2025-12-18,9:33:01.434941419,T,302.85,40,303.69,40,IBM
2025-12-18,9:33:01.434946377,T,302.85,40,303.66,160,IBM
2025-12-18,9:33:01.435367396,T,302.85,80,303.66,160,IBM
2025-12-18,9:33:01.713178849,T,302.85,40,303.66,160,IBM
2025-12-18,9:33:05.347876653,T,302.43,40,303.66,160,IBM
2025-12-18,9:33:06.631743147,T,302.43,40,303.64,40,IBM
2025-12-18,9:33:06.778246881,T,302.43,40,303.66,160,IBM
2025-12-18,9:33:07.076973071,T,302.43,40,303.64,40,IBM
2025-12-18,9:33:07.077564531,T,302.43,40,303.25,40,IBM
2025-12-18,9:33:07.077564531,T,302.43,40,303.17,40,IBM
2025-12-18,9:33:07.077754912,T,302.43,40,303.25,40,IBM
2025-12-18,9:33:07.177697883,T,302.43,40,303.49,40,IBM
2025-12-18,9:33:07.782973869,T,302.43,40,303.25,40,IBM
2025-12-18,9:33:13.104402111,T,302.43,40,303.25,80,IBM
2025-12-18,9:33:13.226979025,T,302.43,40,303.25,40,IBM
2025-12-18,9:33:14.227445639,T,302.43,40,303.25,80,IBM
2025-12-18,9:33:14.227676194,T,302.43,40,303.25,120,IBM
2025-12-18,9:33:14.229906596,T,302.43,40,303.25,160,IBM
2025-12-18,9:33:14.229906596,T,302.43,40,303.25,120,IBM
2025-12-18,9:33:14.230157040,T,302.43,40,303.0,40,IBM
2025-12-18,9:33:14.230177166,T,302.14,160,303.0,40,IBM
2025-12-18,9:33:14.230187187,T,302.14,160,302.88,40,IBM
2025-12-18,9:33:14.231329901,T,302.14,160,302.87,40,IBM
2025-12-18,9:33:14.231339961,T,302.14,160,303.25,120,IBM
2025-12-18,9:33:14.231344940,T,302.14,160,302.73,40,IBM
2025-12-18,9:33:14.231630618,T,301.89,160,302.73,40,IBM
2025-12-18,9:33:14.231685753,T,302.14,40,302.73,40,IBM
2025-12-18,9:33:14.235329414,T,302.14,40,302.88,40,IBM
2025-12-18,9:33:14.235349412,T,302.14,40,303.19,40,IBM
2025-12-18,9:33:14.238547030,T,302.14,40,302.73,40,IBM
2025-12-18,9:33:14.238577091,T,302.14,40,303.25,40,IBM
2025-12-18,9:33:14.238577091,T,302.14,40,302.66,40,IBM
2025-12-18,9:33:14.241704554,T,301.89,160,302.66,40,IBM
2025-12-18,9:33:14.242531537,T,302.0,40,302.66,40,IBM
2025-12-18,9:33:14.254399868,T,302.0,120,302.66,40,IBM
2025-12-18,9:33:14.254825830,T,302.0,120,302.66,80,IBM
2025-12-18,9:33:14.342705055,T,302.0,80,302.66,80,IBM
2025-12-18,9:33:14.354157223,T,302.0,80,302.66,40,IBM
2025-12-18,9:33:15.037855061,T,302.0,80,302.86,40,IBM
2025-12-18,9:33:15.037865019,T,302.0,120,302.86,40,IBM
2025-12-18,9:33:15.038837430,T,302.0,160,302.86,40,IBM
2025-12-18,9:33:15.038847483,T,302.01,80,302.86,40,IBM
2025-12-18,9:33:15.038877505,T,302.01,120,302.86,40,IBM
2025-12-18,9:33:16.259623764,T,302.01,80,302.86,40,IBM
2025-12-18,9:33:17.541805985,T,302.01,120,302.86,40,IBM
2025-12-18,9:33:17.778148625,T,302.01,80,302.86,40,IBM
2025-12-18,9:33:18.235196854,T,302.02,40,302.86,40,IBM
2025-12-18,9:33:18.235748179,T,302.02,80,302.86,40,IBM
2025-12-18,9:33:18.266290920,T,302.02,80,302.66,40,IBM
2025-12-18,9:33:18.266711911,T,302.02,80,302.66,80,IBM
2025-12-18,9:33:18.266747015,T,302.02,40,302.66,80,IBM
2025-12-18,9:33:18.655101559,T,302.02,40,302.66,40,IBM
2025-12-18,9:33:21.453849218,T,302.02,40,302.66,80,IBM
2025-12-18,9:33:21.454059538,T,301.67,160,302.66,80,IBM
2025-12-18,9:33:21.456565489,T,301.67,160,302.65,40,IBM
2025-12-18,9:33:21.456595605,T,301.67,160,302.66,120,IBM
2025-12-18,9:33:21.456600573,T,301.67,160,302.65,40,IBM
2025-12-18,9:33:21.456791066,T,301.67,160,302.65,80,IBM
2025-12-18,9:33:21.458590398,T,301.67,160,302.65,40,IBM
2025-12-18,9:33:21.458605352,T,301.67,160,302.66,80,IBM
2025-12-18,9:33:21.459337177,T,301.67,160,302.65,40,IBM
2025-12-18,9:33:21.465481738,T,301.67,160,302.66,80,IBM
2025-12-18,9:33:21.467511615,T,301.67,160,302.66,40,IBM
2025-12-18,9:33:21.556668812,T,301.67,160,302.86,40,IBM
2025-12-18,9:33:23.593487778,T,301.67,160,302.65,40,IBM
2025-12-18,9:33:23.593638151,T,301.67,160,302.18,40,IBM
2025-12-18,9:33:23.593658242,T,301.67,160,302.17,40,IBM
2025-12-18,9:33:23.593673191,T,301.67,160,302.09,40,IBM
2025-12-18,9:33:23.594149325,T,301.67,200,302.09,40,IBM
2025-12-18,9:33:23.598955929,T,301.67,40,302.09,40,IBM
2025-12-18,9:33:23.604488936,T,301.67,40,302.18,40,IBM
2025-12-18,9:33:23.678971247,T,301.67,120,302.18,40,IBM
2025-12-18,9:33:23.678996358,T,301.67,120,302.65,40,IBM
2025-12-18,9:33:23.690333406,T,301.67,120,302.66,40,IBM
2025-12-18,9:33:24.278683962,T,301.67,160,302.66,40,IBM
2025-12-18,9:33:24.706758071,T,301.67,120,302.66,40,IBM
2025-12-18,9:33:24.706773268,T,301.68,80,302.66,40,IBM
2025-12-18,9:33:24.706793166,T,301.68,80,302.86,40,IBM
2025-12-18,9:33:24.706818287,T,301.68,120,302.86,40,IBM
2025-12-18,9:33:24.707194137,T,301.68,160,302.86,40,IBM
2025-12-18,9:33:24.989992473,T,301.68,160,302.83,160,IBM
2025-12-18,9:33:25.459264566,T,301.88,40,302.83,160,IBM
2025-12-18,9:33:25.459309715,T,301.88,80,302.83,160,IBM
2025-12-18,9:33:25.459309715,T,301.88,160,302.83,160,IBM
2025-12-18,9:33:25.459815921,T,301.88,120,302.83,160,IBM
2025-12-18,9:33:25.469333564,T,301.88,40,302.83,160,IBM
2025-12-18,9:33:29.574982714,T,301.88,80,302.83,160,IBM
2025-12-18,9:33:29.983901277,T,301.88,40,302.83,160,IBM
2025-12-18,9:33:29.984322198,T,301.88,80,302.83,160,IBM
2025-12-18,9:33:31.046951922,T,301.88,80,302.74,40,IBM
2025-12-18,9:33:31.047372978,T,301.88,40,302.74,40,IBM
2025-12-18,9:33:32.747996490,T,301.29,160,302.74,40,IBM
2025-12-18,9:33:32.748036523,T,301.29,160,301.99,40,IBM
2025-12-18,9:33:34.508211841,T,301.68,40,301.99,40,IBM
2025-12-18,9:33:34.508231847,T,301.68,40,302.66,40,IBM
2025-12-18,9:33:34.510482223,T,301.74,80,302.66,40,IBM
2025-12-18,9:33:34.511740231,T,301.68,40,302.66,40,IBM
2025-12-18,9:33:34.564510849,T,301.29,160,302.66,40,IBM
2025-12-18,9:33:37.461116724,T,301.29,160,302.59,160,IBM
2025-12-18,9:33:38.559962670,T,301.68,40,302.59,160,IBM
2025-12-18,9:33:40.744237648,T,301.7,40,302.59,160,IBM
2025-12-18,9:33:40.744267699,T,301.68,40,302.59,160,IBM
2025-12-18,9:33:40.744488214,T,301.85,40,302.59,160,IBM
2025-12-18,9:33:40.744693809,T,301.85,40,302.59,200,IBM
2025-12-18,9:33:40.745841519,T,301.7,40,302.59,200,IBM
2025-12-18,9:33:40.746262466,T,301.68,40,302.59,200,IBM
2025-12-18,9:33:40.755770230,T,301.68,40,302.59,160,IBM
2025-12-18,9:33:40.756732376,T,301.7,40,302.59,160,IBM
2025-12-18,9:33:40.844441330,T,301.68,40,302.59,160,IBM
2025-12-18,9:33:41.165370271,T,301.71,40,302.59,160,IBM
2025-12-18,9:33:42.315834003,T,301.68,40,302.59,160,IBM
2025-12-18,9:33:42.316385414,T,301.71,40,302.59,160,IBM
2025-12-18,9:33:42.483548398,T,301.71,40,302.59,200,IBM
2025-12-18,9:33:42.789226065,T,301.71,40,302.59,160,IBM
2025-12-18,9:33:45.653474721,T,301.68,40,302.59,160,IBM
2025-12-18,9:33:50.849735117,T,301.68,40,302.59,200,IBM
2025-12-18,9:33:50.973354490,T,301.68,40,302.59,160,IBM
2025-12-18,9:33:52.132273443,T,301.68,40,302.25,40,IBM
2025-12-18,9:33:53.182889503,T,301.68,40,302.59,160,IBM
2025-12-18,9:33:53.428123286,T,301.68,40,302.59,200,IBM
2025-12-18,9:33:53.462194356,T,301.49,160,302.59,200,IBM
2025-12-18,9:33:54.276853924,T,301.49,160,302.59,160,IBM
2025-12-18,9:33:55.474064113,T,301.49,160,302.59,200,IBM
2025-12-18,9:34:00.571569498,T,301.49,160,302.59,240,IBM
2025-12-18,9:34:00.571579405,T,301.49,160,302.22,40,IBM
2025-12-18,9:34:00.571614502,T,301.49,160,302.22,80,IBM
2025-12-18,9:34:00.571644861,T,301.49,160,302.22,40,IBM
2025-12-18,9:34:00.571644861,T,301.49,160,302.0,40,IBM
2025-12-18,9:34:00.571990351,T,300.7,40,302.0,40,IBM
2025-12-18,9:34:00.571995443,T,301.16,160,302.0,40,IBM
2025-12-18,9:34:00.572215951,T,301.16,160,301.99,40,IBM
2025-12-18,9:34:00.572246145,T,301.16,160,302.0,40,IBM
2025-12-18,9:34:00.572246145,T,301.16,160,301.89,40,IBM
2025-12-18,9:34:00.572561835,T,301.16,160,302.0,40,IBM
2025-12-18,9:34:00.572857477,T,301.16,160,302.22,120,IBM
2025-12-18,9:34:00.572877538,T,301.16,160,302.22,80,IBM
2025-12-18,9:34:00.574716872,T,301.16,160,302.22,40,IBM
2025-12-18,9:34:00.580154871,T,301.16,160,302.22,80,IBM
2025-12-18,9:34:00.581999245,T,301.16,160,302.22,40,IBM
2025-12-18,9:34:00.671602567,T,301.16,160,302.34,40,IBM
2025-12-18,9:34:00.821760079,T,301.16,160,302.51,40,IBM
2025-12-18,9:34:01.003026533,T,301.16,160,302.34,40,IBM
2025-12-18,9:34:01.003252051,T,301.16,160,301.97,40,IBM
2025-12-18,9:34:01.003287123,T,301.16,160,302.51,40,IBM
2025-12-18,9:34:01.003287123,T,301.16,160,301.79,40,IBM
2025-12-18,9:34:01.003442514,T,301.16,160,301.79,80,IBM
2025-12-18,9:34:01.003637911,T,301.16,160,301.79,40,IBM
2025-12-18,9:34:01.003662963,T,301.21,80,301.79,40,IBM
2025-12-18,9:34:01.003673131,T,301.21,120,301.79,40,IBM
2025-12-18,9:34:01.003698055,T,301.16,160,301.79,40,IBM
2025-12-18,9:34:01.003698055,T,301.21,40,301.79,40,IBM
2025-12-18,9:34:01.003703169,T,301.16,160,301.79,40,IBM
2025-12-18,9:34:01.003703169,T,301.16,160,302.51,40,IBM
2025-12-18,9:34:01.003718526,T,301.57,80,302.51,40,IBM
2025-12-18,9:34:01.003733250,T,301.16,160,302.51,40,IBM
2025-12-18,9:34:01.003753321,T,301.42,40,302.51,40,IBM
2025-12-18,9:34:01.003758269,T,301.57,200,302.51,40,IBM
2025-12-18,9:34:01.003768242,T,301.42,40,302.51,40,IBM
2025-12-18,9:34:01.003793381,T,301.57,200,302.51,40,IBM
2025-12-18,9:34:01.003903614,T,301.57,320,302.51,40,IBM
2025-12-18,9:34:01.003933759,T,301.57,280,302.51,40,IBM
2025-12-18,9:34:01.003933759,T,301.57,80,302.51,40,IBM
2025-12-18,9:34:01.003954300,T,301.57,40,302.51,40,IBM
2025-12-18,9:34:01.004009299,T,301.57,80,302.51,40,IBM
2025-12-18,9:34:01.004033886,T,301.58,80,302.51,40,IBM
2025-12-18,9:34:01.004184337,T,301.58,40,302.51,40,IBM
2025-12-18,9:34:01.004420182,T,301.58,40,302.46,40,IBM
2025-12-18,9:34:01.004435121,T,301.58,40,302.32,40,IBM
2025-12-18,9:34:01.004530166,T,301.58,40,302.46,40,IBM
2025-12-18,9:34:01.004680491,T,301.58,40,302.3,40,IBM
2025-12-18,9:34:01.044936231,T,301.16,160,302.3,40,IBM
2025-12-18,9:34:01.044961312,T,301.16,160,301.99,40,IBM
2025-12-18,9:34:01.540686382,T,301.16,160,301.97,40,IBM
2025-12-18,9:34:01.540982170,T,301.16,160,301.75,40,IBM
2025-12-18,9:34:01.541062300,T,301.16,160,301.97,40,IBM
2025-12-18,9:34:01.541252765,T,301.16,160,301.88,40,IBM
2025-12-18,9:34:01.541323025,T,300.57,40,301.88,40,IBM
2025-12-18,9:34:01.541323025,T,300.94,160,301.88,40,IBM
2025-12-18,9:34:01.541342921,T,300.94,160,301.71,40,IBM
2025-12-18,9:34:01.541373033,T,300.94,160,301.68,40,IBM
2025-12-18,9:34:01.554198658,T,301.0,80,301.68,40,IBM
2025-12-18,9:34:01.638248620,T,301.0,80,302.18,40,IBM
2025-12-18,9:34:01.638268713,T,301.0,80,302.3,40,IBM
2025-12-18,9:34:02.118015783,T,301.0,80,302.11,160,IBM
2025-12-18,9:34:02.531029051,T,301.0,80,301.52,40,IBM
2025-12-18,9:34:02.531555256,T,301.29,40,301.52,40,IBM
2025-12-18,9:34:02.531580347,T,301.0,80,301.52,40,IBM
2025-12-18,9:34:02.531600431,T,301.29,80,301.52,40,IBM
2025-12-18,9:34:02.531600431,T,301.29,40,301.52,40,IBM
2025-12-18,9:34:02.531600431,T,301.29,40,301.52,80,IBM
2025-12-18,9:34:02.531620370,T,301.0,80,301.52,80,IBM
2025-12-18,9:34:02.531625509,T,301.0,80,301.52,40,IBM
2025-12-18,9:34:02.531635424,T,300.94,160,301.52,40,IBM
2025-12-18,9:34:02.534086287,T,300.2,40,301.52,40,IBM
2025-12-18,9:34:02.534096365,T,300.67,160,301.52,40,IBM
2025-12-18,9:34:02.538336390,T,300.67,160,302.11,160,IBM
2025-12-18,9:34:04.549995392,T,300.67,200,302.11,160,IBM
2025-12-18,9:34:04.550000765,T,301.02,40,302.11,160,IBM
2025-12-18,9:34:04.550010363,T,301.26,40,302.11,160,IBM
2025-12-18,9:34:04.550321133,T,301.27,40,302.11,160,IBM
2025-12-18,9:34:04.550356172,T,301.26,40,302.11,160,IBM
2025-12-18,9:34:04.550361335,T,301.27,40,302.11,160,IBM
2025-12-18,9:34:04.550446514,T,300.83,40,302.11,160,IBM
2025-12-18,9:34:04.550451540,T,300.67,160,302.11,160,IBM
2025-12-18,9:34:04.550681981,T,300.67,160,302.11,200,IBM
2025-12-18,9:34:04.550712102,T,300.67,160,302.08,40,IBM
2025-12-18,9:34:04.555167762,T,300.67,160,302.11,160,IBM
2025-12-18,9:34:11.243705549,T,301.4,40,302.11,160,IBM
2025-12-18,9:34:11.244372295,T,300.67,160,302.11,160,IBM
2025-12-18,9:34:16.116881919,T,301.02,40,302.11,160,IBM
2025-12-18,9:34:16.117593611,T,300.67,160,302.11,160,IBM
2025-12-18,9:34:16.572466448,T,301.02,40,302.11,160,IBM
2025-12-18,9:34:16.572646841,T,301.24,40,302.11,160,IBM
2025-12-18,9:34:16.572947561,T,301.25,40,302.11,160,IBM
2025-12-18,9:34:16.572982760,T,301.41,40,302.11,160,IBM
2025-12-18,9:34:16.573273341,T,301.41,40,302.11,200,IBM
2025-12-18,9:34:16.578144984,T,301.02,40,302.11,200,IBM
2025-12-18,9:34:16.578190152,T,301.02,40,302.09,80,IBM
2025-12-18,9:34:16.579743816,T,301.29,40,302.09,80,IBM
2025-12-18,9:34:16.582756017,T,301.02,40,302.09,80,IBM
2025-12-18,9:34:16.587577429,T,301.02,40,302.09,120,IBM
2025-12-18,9:34:16.588208945,T,301.02,40,302.09,40,IBM
2025-12-18,9:34:16.665162115,T,300.93,160,302.09,40,IBM
2025-12-18,9:34:16.665392709,T,300.93,160,302.11,160,IBM
2025-12-18,9:34:16.665643220,T,301.02,40,302.11,160,IBM
2025-12-18,9:34:16.776983370,T,300.93,160,302.11,160,IBM
2025-12-18,9:34:18.575795666,T,301.41,40,302.11,160,IBM
2025-12-18,9:34:28.622879215,T,301.41,40,301.71,120,IBM
2025-12-18,9:34:29.754904251,T,300.93,160,301.71,120,IBM
2025-12-18,9:34:29.755365449,T,300.93,160,301.67,40,IBM
2025-12-18,9:34:29.759389889,T,300.93,160,301.71,120,IBM
2025-12-18,9:34:32.202290305,T,300.45,40,301.71,120,IBM
2025-12-18,9:34:32.202290305,T,300.68,160,301.71,120,IBM
2025-12-18,9:34:32.565865793,T,300.68,160,301.54,40,IBM
2025-12-18,9:34:32.982477840,T,300.68,160,301.91,40,IBM
2025-12-18,9:34:34.635412651,T,300.68,160,302.04,40,IBM
2025-12-18,9:34:34.635432660,T,300.68,160,302.11,160,IBM
2025-12-18,9:34:45.160493777,T,301.09,40,302.11,160,IBM
2025-12-18,9:34:50.932715490,T,300.68,160,302.11,160,IBM
2025-12-18,9:34:50.933432164,T,300.68,160,301.54,40,IBM
2025-12-18,9:34:50.962972440,T,300.68,160,302.11,160,IBM
2025-12-18,9:34:51.079179257,T,300.68,160,302.04,40,IBM
2025-12-18,9:34:51.079189113,T,300.68,160,301.54,40,IBM
2025-12-18,9:34:51.079534954,T,300.68,160,302.04,40,IBM
2025-12-18,9:34:51.079534954,T,300.68,160,301.54,40,IBM
2025-12-18,9:34:51.079590044,T,300.68,160,301.54,80,IBM
2025-12-18,9:34:51.079610318,T,300.68,160,301.54,120,IBM
2025-12-18,9:34:51.079670251,T,300.68,160,301.32,40,IBM
2025-12-18,9:34:51.080146470,T,300.68,160,301.27,40,IBM
2025-12-18,9:34:51.080562450,T,300.15,40,301.27,40,IBM
2025-12-18,9:34:51.080572442,T,300.39,200,301.27,40,IBM
2025-12-18,9:34:51.084171045,T,300.39,200,301.31,40,IBM
2025-12-18,9:34:51.087328540,T,300.39,200,301.17,40,IBM
2025-12-18,9:34:51.087619159,T,300.39,200,301.31,40,IBM
2025-12-18,9:34:51.087639246,T,300.39,200,301.32,40,IBM
2025-12-18,9:34:51.180174876,T,300.39,200,301.17,40,IBM
2025-12-18,9:34:51.180395071,T,300.39,200,301.17,80,IBM
2025-12-18,9:34:51.180826082,T,300.39,200,301.17,120,IBM
2025-12-18,9:34:51.184850719,T,300.39,200,301.17,80,IBM
2025-12-18,9:34:51.188213634,T,300.39,200,301.17,40,IBM
2025-12-18,9:34:51.192829655,T,300.6,80,301.17,40,IBM
2025-12-18,9:34:51.577750931,T,300.6,80,301.16,40,IBM
2025-12-18,9:34:51.578277244,T,300.6,80,301.15,40,IBM
2025-12-18,9:34:51.578823500,T,300.6,80,301.52,40,IBM
2025-12-18,9:34:51.579079415,T,300.6,80,301.15,40,IBM
2025-12-18,9:34:51.579084154,T,300.6,80,301.0,40,IBM
2025-12-18,9:34:51.579850995,T,300.6,80,301.15,40,IBM
2025-12-18,9:34:51.582041224,T,300.6,80,301.52,40,IBM
2025-12-18,9:34:51.590521387,T,300.6,80,301.52,80,IBM
2025-12-18,9:34:51.590947381,T,300.6,80,301.52,120,IBM
2025-12-18,9:34:51.595418045,T,300.6,80,301.52,80,IBM
2025-12-18,9:34:51.624853122,T,300.14,200,301.52,80,IBM
2025-12-18,9:34:52.080071927,T,300.66,40,301.52,80,IBM
2025-12-18,9:34:52.816439879,T,300.66,40,301.52,40,IBM
2025-12-18,9:34:52.816730527,T,300.66,40,301.58,40,IBM
2025-12-18,9:34:52.817101397,T,300.26,40,301.58,40,IBM
2025-12-18,9:34:52.992343709,T,300.2,40,301.58,40,IBM
2025-12-18,9:34:54.938276343,T,300.68,40,301.58,40,IBM
2025-12-18,9:34:57.395285445,T,300.14,240,301.58,40,IBM
2025-12-18,9:34:57.560278205,T,300.14,200,301.58,40,IBM
2025-12-18,9:34:57.560303269,T,300.14,200,301.52,40,IBM
2025-12-18,9:34:57.560303269,T,300.14,200,301.0,40,IBM
2025-12-18,9:34:57.560558847,T,300.14,200,301.0,80,IBM
2025-12-18,9:34:57.560578903,T,300.14,200,300.99,40,IBM
2025-12-18,9:34:57.560624007,T,300.14,200,301.0,40,IBM
2025-12-18,9:34:57.560664043,T,300.14,200,301.0,80,IBM
2025-12-18,9:34:57.560729163,T,300.14,200,301.0,120,IBM
2025-12-18,9:34:57.560939746,T,300.14,200,300.88,40,IBM
2025-12-18,9:34:57.561486127,T,300.14,200,301.0,80,IBM
2025-12-18,9:34:57.561536376,T,300.14,200,300.99,40,IBM
2025-12-18,9:34:57.561711541,T,300.14,200,301.0,40,IBM
2025-12-18,9:34:57.562343026,T,300.14,200,300.88,40,IBM
2025-12-18,9:34:57.673933737,T,300.14,200,301.46,40,IBM
2025-12-18,9:34:58.560694780,T,300.2,40,301.46,40,IBM
2025-12-18,9:34:58.975552363,T,300.14,200,301.46,40,IBM
2025-12-18,9:34:59.544827822,T,300.2,40,301.46,40,IBM
2025-12-18,9:35:00.564505404,T,300.45,1000,301.46,40,IBM
2025-12-18,9:35:02.937168570,T,300.45,1000,301.39,40,IBM
2025-12-18,9:35:02.937198562,T,300.45,1000,300.87,40,IBM
2025-12-18,9:35:02.937639750,T,300.45,1000,301.03,40,IBM
2025-12-18,9:35:02.937965394,T,300.45,1000,300.87,40,IBM
2025-12-18,9:35:02.938381417,T,300.45,1000,300.78,40,IBM
2025-12-18,9:35:02.942872097,T,300.45,1000,301.26,40,IBM
2025-12-18,9:35:03.411593044,T,300.45,1000,301.39,40,IBM
2025-12-18,9:35:04.836730749,T,300.45,1000,301.26,40,IBM
2025-12-18,9:35:04.836765686,T,300.45,1000,301.0,40,IBM
2025-12-18,9:35:04.840790337,T,300.45,1000,301.26,40,IBM
2025-12-18,9:35:05.016057542,T,300.45,1000,301.38,40,IBM
2025-12-18,9:35:05.139170781,T,300.45,1000,301.39,40,IBM
2025-12-18,9:35:05.639612067,T,300.45,1000,301.26,40,IBM
2025-12-18,9:35:05.639807522,T,300.45,1000,301.39,40,IBM
2025-12-18,9:35:05.705629176,T,300.59,40,301.39,40,IBM
2025-12-18,9:35:07.952944267,T,300.59,40,301.52,40,IBM
2025-12-18,9:35:08.006441623,T,300.45,1000,301.52,40,IBM
2025-12-18,9:35:08.007880114,T,300.45,1000,301.56,160,IBM
2025-12-18,9:35:20.107023611,T,300.45,1040,301.56,160,IBM
2025-12-18,9:35:20.107189235,T,300.9,40,301.56,160,IBM
2025-12-18,9:35:20.107599938,T,300.93,40,301.56,160,IBM
2025-12-18,9:35:20.110572026,T,300.93,40,301.61,80,IBM
2025-12-18,9:35:20.112381396,T,300.9,40,301.61,80,IBM
2025-12-18,9:35:20.119583482,T,300.55,40,301.61,80,IBM
2025-12-18,9:35:20.176935079,T,300.9,40,301.61,80,IBM
2025-12-18,9:35:20.310282577,T,300.55,40,301.61,80,IBM
2025-12-18,9:35:21.343291718,T,300.94,40,301.61,80,IBM
2025-12-18,9:35:21.345326558,T,300.94,40,301.82,160,IBM
2025-12-18,9:35:21.396192659,T,300.55,40,301.82,160,IBM
2025-12-18,9:35:24.526560039,T,300.45,1000,301.82,160,IBM
2025-12-18,9:35:27.293271366,T,300.95,40,301.82,160,IBM
2025-12-18,9:35:27.456925933,T,300.45,1000,301.82,160,IBM
2025-12-18,9:35:31.057282538,T,300.45,1000,301.82,200,IBM
2025-12-18,9:35:31.147331913,T,300.45,1000,301.36,40,IBM
2025-12-18,9:35:31.147697731,T,300.45,1000,301.29,40,IBM
2025-12-18,9:35:31.147707760,T,300.45,1000,301.37,40,IBM
2025-12-18,9:35:31.147707760,T,300.45,1000,301.17,40,IBM
2025-12-18,9:35:31.147993413,T,300.45,1000,301.16,40,IBM
2025-12-18,9:35:31.148073635,T,300.45,1000,301.13,40,IBM
2025-12-18,9:35:31.151717359,T,300.45,1000,301.16,40,IBM
2025-12-18,9:35:31.152569396,T,300.45,1000,301.17,40,IBM
2025-12-18,9:35:31.332056630,T,300.45,1000,300.93,40,IBM
2025-12-18,9:35:31.336266583,T,300.45,1000,301.07,40,IBM
2025-12-18,9:35:31.336266583,T,300.45,1000,301.53,40,IBM
2025-12-18,9:35:31.336522183,T,300.45,1000,301.65,40,IBM
2025-12-18,9:35:31.339780005,T,300.45,1080,301.65,40,IBM
2025-12-18,9:35:31.343609136,T,300.45,1080,301.71,40,IBM
2025-12-18,9:35:31.343634086,T,300.74,40,301.71,40,IBM
2025-12-18,9:35:31.344235541,T,300.74,40,301.72,40,IBM
2025-12-18,9:35:31.344255924,T,300.74,40,301.36,40,IBM
2025-12-18,9:35:31.344280685,T,300.45,1120,301.36,40,IBM
2025-12-18,9:35:31.344636524,T,300.45,1080,301.36,40,IBM
2025-12-18,9:35:31.344721731,T,300.45,1000,301.36,40,IBM
2025-12-18,9:35:31.345057595,T,300.45,1000,301.72,40,IBM
2025-12-18,9:35:31.345142724,T,300.45,1000,301.36,40,IBM
2025-12-18,9:35:31.346090034,T,300.56,40,301.36,40,IBM
2025-12-18,9:35:31.383519057,T,300.45,1000,301.36,40,IBM
2025-12-18,9:35:31.386345864,T,300.45,1000,301.36,80,IBM
2025-12-18,9:35:31.429693990,T,300.45,1000,301.36,40,IBM
2025-12-18,9:35:31.587058545,T,300.67,40,301.36,40,IBM
2025-12-18,9:35:33.660263890,T,300.67,40,301.69,40,IBM
2025-12-18,9:35:33.660930508,T,300.67,40,301.36,40,IBM
2025-12-18,9:35:33.661587035,T,300.45,1000,301.36,40,IBM
2025-12-18,9:35:35.232101035,T,300.45,1000,301.78,40,IBM
2025-12-18,9:35:35.535598517,T,300.45,1000,301.36,40,IBM
2025-12-18,9:35:36.771871584,T,300.45,1000,301.82,200,IBM
2025-12-18,9:35:36.842549895,T,300.45,1000,301.36,40,IBM
2025-12-18,9:35:37.087924120,T,300.45,1000,301.82,200,IBM
2025-12-18,9:35:37.665894912,T,300.78,40,301.82,200,IBM
2025-12-18,9:35:39.576908988,T,300.78,40,301.82,160,IBM
2025-12-18,9:35:40.815838783,T,300.78,40,301.78,40,IBM
2025-12-18,9:35:40.820334372,T,300.78,40,301.82,160,IBM
2025-12-18,9:35:40.902459870,T,300.45,1000,301.82,160,IBM
2025-12-18,9:35:40.902775742,T,300.45,1000,301.56,40,IBM
2025-12-18,9:35:41.558862598,T,300.45,1000,301.82,160,IBM
2025-12-18,9:35:43.164881021,T,300.45,1000,301.56,40,IBM
2025-12-18,9:35:43.381722153,T,300.45,1000,301.82,160,IBM
2025-12-18,9:35:43.382488995,T,300.45,1000,301.56,40,IBM
2025-12-18,9:35:43.554363245,T,300.45,1000,301.82,160,IBM
2025-12-18,9:35:43.625417399,T,300.45,1000,301.56,40,IBM
2025-12-18,9:35:43.879457141,T,300.45,1000,301.82,160,IBM
2025-12-18,9:35:44.196822661,T,300.45,1000,301.56,40,IBM
2025-12-18,9:35:44.440016726,T,300.45,1000,301.82,160,IBM
2025-12-18,9:35:44.484382343,T,300.45,1000,301.56,40,IBM
2025-12-18,9:35:45.622436603,T,300.45,1000,301.82,160,IBM
2025-12-18,9:35:45.623744726,T,300.45,1000,301.56,40,IBM
2025-12-18,9:35:45.951489907,T,300.45,1000,301.82,160,IBM
2025-12-18,9:35:45.953915734,T,300.45,1000,301.56,40,IBM
2025-12-18,9:35:46.469493261,T,300.45,1000,301.82,160,IBM
2025-12-18,9:35:46.805528116,T,300.45,1000,301.56,40,IBM
2025-12-18,9:35:46.807126965,T,300.45,1000,301.82,160,IBM
2025-12-18,9:35:46.807126965,T,300.45,1000,301.56,40,IBM
2025-12-18,9:35:46.807146977,T,300.45,1000,301.53,40,IBM
2025-12-18,9:35:46.807297394,T,300.45,1000,301.41,40,IBM
2025-12-18,9:35:46.807643128,T,300.45,1000,301.37,40,IBM
2025-12-18,9:35:46.807643128,T,300.45,1000,301.35,40,IBM
2025-12-18,9:35:46.807913891,T,300.45,1000,300.99,40,IBM
2025-12-18,9:35:46.807993978,T,300.68,40,300.99,40,IBM
2025-12-18,9:35:46.811943443,T,300.68,40,301.35,40,IBM
2025-12-18,9:35:46.868337683,T,300.45,1000,301.35,40,IBM
2025-12-18,9:35:46.907901836,T,300.45,1000,301.41,40,IBM
2025-12-18,9:35:53.213037046,T,300.45,1000,301.37,40,IBM
2025-12-18,9:35:53.213367837,T,300.45,1000,301.29,40,IBM
2025-12-18,9:35:57.100220842,T,300.55,40,301.29,40,IBM
2025-12-18,9:35:57.925119683,T,300.45,1000,301.29,40,IBM
2025-12-18,9:36:00.678790248,T,300.45,1000,300.99,40,IBM
2025-12-18,9:36:00.678815263,T,300.45,1000,300.85,40,IBM
2025-12-18,9:36:00.678835284,T,300.45,1000,300.66,40,IBM
2025-12-18,9:36:00.679070819,T,300.45,1000,300.66,80,IBM
2025-12-18,9:36:00.679120975,T,300.45,960,300.66,80,IBM
2025-12-18,9:36:00.679141134,T,300.1,160,300.66,80,IBM
2025-12-18,9:36:00.680378984,T,300.1,160,300.59,40,IBM
2025-12-18,9:36:00.680699760,T,299.77,40,300.59,40,IBM
2025-12-18,9:36:00.680704722,T,299.85,160,300.59,40,IBM
2025-12-18,9:36:00.680935266,T,299.85,160,301.0,40,IBM
2025-12-18,9:36:00.680950307,T,299.85,160,301.17,40,IBM
2025-12-18,9:36:00.680960402,T,299.85,160,301.0,40,IBM
2025-12-18,9:36:00.680985463,T,299.85,160,301.17,40,IBM
2025-12-18,9:36:00.681115735,T,299.85,160,301.05,40,IBM
2025-12-18,9:36:00.681165912,T,299.85,160,301.17,40,IBM
2025-12-18,9:36:00.681231057,T,299.85,160,301.0,40,IBM
2025-12-18,9:36:00.681236035,T,299.85,160,300.59,40,IBM
2025-12-18,9:36:00.681516650,T,299.85,160,300.59,80,IBM
2025-12-18,9:36:00.685726676,T,299.85,160,300.59,40,IBM
2025-12-18,9:36:00.839076827,T,300.37,40,300.59,40,IBM
2025-12-18,9:36:00.839277257,T,300.37,40,301.33,160,IBM
2025-12-18,9:36:00.839473186,T,300.37,40,300.59,40,IBM
2025-12-18,9:36:00.839497804,T,300.21,80,300.59,40,IBM
2025-12-18,9:36:00.839557983,T,300.21,80,301.33,160,IBM
2025-12-18,9:36:00.839583074,T,300.33,40,301.33,160,IBM
2025-12-18,9:36:00.839583074,T,300.45,40,301.33,160,IBM
2025-12-18,9:36:00.843492363,T,300.45,40,301.0,40,IBM
2025-12-18,9:36:00.843512320,T,300.33,40,301.0,40,IBM
2025-12-18,9:36:00.939681266,T,299.88,40,301.0,40,IBM
2025-12-18,9:36:00.980217898,T,299.88,40,301.33,160,IBM
2025-12-18,9:36:01.573871222,T,299.88,40,301.0,40,IBM
2025-12-18,9:36:01.574202009,T,299.85,200,301.0,40,IBM
2025-12-18,9:36:01.584957669,T,299.85,200,300.95,40,IBM
2025-12-18,9:36:01.958436757,T,299.88,40,300.95,40,IBM
2025-12-18,9:36:01.958466863,T,299.88,40,301.33,160,IBM
2025-12-18,9:36:01.958927878,T,299.88,40,300.95,40,IBM
2025-12-18,9:36:01.959153455,T,299.88,40,300.94,40,IBM
2025-12-18,9:36:02.060529819,T,299.88,40,300.94,80,IBM
2025-12-18,9:36:02.060620080,T,299.88,40,300.94,120,IBM
2025-12-18,9:36:02.061286582,T,299.88,40,300.94,80,IBM
2025-12-18,9:36:02.061747703,T,299.88,40,300.94,120,IBM
2025-12-18,9:36:02.580046598,T,299.88,40,300.94,80,IBM
2025-12-18,9:36:02.580071575,T,299.88,40,300.94,40,IBM
2025-12-18,9:36:02.580522668,T,299.88,40,300.94,80,IBM
2025-12-18,9:36:02.960316820,T,299.88,40,300.94,40,IBM
2025-12-18,9:36:03.347894476,T,299.88,40,300.94,80,IBM
2025-12-18,9:36:03.783100444,T,299.88,40,300.94,40,IBM
2025-12-18,9:36:03.939578052,T,300.06,200,300.94,40,IBM
2025-12-18,9:36:21.300788545,T,300.06,200,300.99,120,IBM
2025-12-18,9:36:21.309699826,T,300.52,40,300.99,120,IBM
2025-12-18,9:36:38.607484516,T,300.52,40,300.99,160,IBM
2025-12-18,9:36:38.608055858,T,300.06,240,300.99,160,IBM
2025-12-18,9:36:41.275531136,T,300.06,240,300.99,120,IBM
2025-12-18,9:36:41.364041794,T,300.06,200,300.99,120,IBM
2025-12-18,9:36:41.379338197,T,300.56,40,300.99,120,IBM
2025-12-18,9:36:42.055939023,T,300.06,200,300.99,120,IBM
2025-12-18,9:36:42.994503355,T,300.06,240,300.99,120,IBM
2025-12-18,9:36:44.948740742,T,300.56,40,300.99,120,IBM
2025-12-18,9:36:45.750629624,T,300.58,40,300.99,120,IBM
2025-12-18,9:36:45.896627205,T,300.06,240,300.99,120,IBM
2025-12-18,9:36:47.709262450,T,300.56,40,300.99,120,IBM
2025-12-18,9:36:48.081443468,T,300.06,240,300.99,120,IBM
2025-12-18,9:36:48.081473591,T,300.12,40,300.99,120,IBM
2025-12-18,9:36:48.081478551,T,300.66,40,300.99,120,IBM
2025-12-18,9:36:48.081523691,T,300.66,40,301.33,160,IBM
2025-12-18,9:36:48.081548752,T,300.99,80,301.33,160,IBM
2025-12-18,9:36:48.081588914,T,300.99,120,301.33,160,IBM
2025-12-18,9:36:48.081749287,T,300.99,80,301.33,160,IBM
2025-12-18,9:36:48.081754250,T,300.99,40,301.33,160,IBM
2025-12-18,9:36:48.081774220,T,300.66,40,301.33,160,IBM
2025-12-18,9:36:48.081784259,T,300.76,40,301.33,160,IBM
2025-12-18,9:36:48.081794331,T,300.66,40,301.33,160,IBM
2025-12-18,9:36:48.081829380,T,300.6,40,301.33,160,IBM
2025-12-18,9:36:48.081829380,T,300.76,40,301.33,160,IBM
2025-12-18,9:36:48.081884512,T,300.76,40,301.38,80,IBM
2025-12-18,9:36:48.082075038,T,300.77,40,301.38,80,IBM
2025-12-18,9:36:48.082365629,T,300.66,40,301.38,80,IBM
2025-12-18,9:36:48.082521090,T,300.66,40,301.52,40,IBM
2025-12-18,9:36:48.082556162,T,300.66,40,301.41,40,IBM
2025-12-18,9:36:48.082571188,T,300.56,40,301.41,40,IBM
2025-12-18,9:36:48.083132541,T,300.6,40,301.41,40,IBM
2025-12-18,9:36:48.091502473,T,300.56,40,301.41,40,IBM
2025-12-18,9:36:48.131673040,T,300.56,40,301.53,40,IBM
2025-12-18,9:36:48.182859990,T,300.24,40,301.53,40,IBM
2025-12-18,9:36:48.182935150,T,300.2,40,301.53,40,IBM
2025-12-18,9:36:48.182965177,T,300.12,40,301.53,40,IBM
2025-12-18,9:36:48.183000225,T,300.2,40,301.53,40,IBM
2025-12-18,9:36:48.185210558,T,300.56,40,301.53,40,IBM
2025-12-18,9:36:48.290466115,T,300.2,40,301.53,40,IBM
2025-12-18,9:36:49.081880310,T,300.2,40,301.52,40,IBM
2025-12-18,9:36:49.892054021,T,300.62,40,301.52,40,IBM
2025-12-18,9:36:51.454929679,T,300.2,40,301.52,40,IBM
2025-12-18,9:36:53.354647213,T,300.56,40,301.52,40,IBM
2025-12-18,9:36:54.042043775,T,300.2,40,301.52,40,IBM
2025-12-18,9:36:57.335825136,T,300.56,40,301.52,40,IBM
2025-12-18,9:36:57.340326200,T,300.2,40,301.52,40,IBM
2025-12-18,9:36:57.358022881,T,300.56,40,301.52,40,IBM
2025-12-18,9:36:57.361942210,T,300.2,40,301.52,40,IBM
2025-12-18,9:36:57.362909589,T,300.56,40,301.52,40,IBM
2025-12-18,9:36:57.510435810,T,300.2,40,301.52,40,IBM
2025-12-18,9:36:58.628993533,T,300.12,40,301.52,40,IBM
2025-12-18,9:36:58.629023596,T,300.06,240,301.52,40,IBM
2025-12-18,9:36:59.083410393,T,300.73,80,301.52,40,IBM
2025-12-18,9:36:59.091269104,T,300.73,120,301.52,40,IBM
2025-12-18,9:37:00.266191180,T,300.73,80,301.52,40,IBM
2025-12-18,9:37:00.266777608,T,300.73,120,301.52,40,IBM
2025-12-18,9:37:00.273067506,T,300.73,120,301.53,40,IBM
2025-12-18,9:37:00.273087602,T,300.74,40,301.53,40,IBM
2025-12-18,9:37:00.273092685,T,300.75,40,301.53,40,IBM
2025-12-18,9:37:00.273167736,T,300.88,40,301.53,40,IBM
2025-12-18,9:37:00.273273019,T,300.89,40,301.53,40,IBM
2025-12-18,9:37:00.273283063,T,300.96,40,301.53,40,IBM
2025-12-18,9:37:00.273368294,T,300.96,40,301.56,40,IBM
2025-12-18,9:37:00.273398405,T,300.96,40,301.57,160,IBM
2025-12-18,9:37:00.284054095,T,300.75,40,301.57,160,IBM
2025-12-18,9:37:00.373481589,T,300.73,120,301.57,160,IBM
2025-12-18,9:37:00.379165171,T,300.96,40,301.57,160,IBM
2025-12-18,9:37:00.379225283,T,300.96,40,301.57,240,IBM
2025-12-18,9:37:00.383189789,T,300.73,120,301.57,240,IBM
2025-12-18,9:37:00.406605423,T,300.96,40,301.57,240,IBM
2025-12-18,9:37:00.406640572,T,301.2,40,301.57,240,IBM
2025-12-18,9:37:00.408820712,T,301.2,40,301.57,80,IBM
2025-12-18,9:37:00.457040561,T,300.84,40,301.57,80,IBM
2025-12-18,9:37:00.457431419,T,301.12,40,301.57,80,IBM
2025-12-18,9:37:00.461461124,T,300.84,40,301.57,80,IBM
2025-12-18,9:37:00.477123362,T,300.84,40,301.76,80,IBM
2025-12-18,9:37:00.477885132,T,301.2,40,301.76,80,IBM
2025-12-18,9:37:00.477890168,T,301.27,40,301.76,80,IBM
2025-12-18,9:37:00.478962796,T,301.21,40,301.76,80,IBM
2025-12-18,9:37:00.479258513,T,301.21,40,301.93,200,IBM
2025-12-18,9:37:00.479519030,T,301.2,40,301.93,200,IBM
2025-12-18,9:37:00.577903360,T,301.08,40,301.93,200,IBM
2025-12-18,9:37:00.601865276,T,301.28,80,301.93,200,IBM
2025-12-18,9:37:00.885159712,T,301.28,80,301.9,80,IBM
2025-12-18,9:37:01.107744645,T,300.36,40,301.9,80,IBM
2025-12-18,9:37:01.107834849,T,300.36,40,301.89,40,IBM
2025-12-18,9:37:01.107839859,T,300.36,40,301.9,80,IBM
2025-12-18,9:37:01.108371094,T,301.29,80,301.9,80,IBM
2025-12-18,9:37:01.507225616,T,301.29,80,301.9,120,IBM
2025-12-18,9:37:01.507255835,T,301.29,80,301.9,80,IBM
2025-12-18,9:37:01.507255835,T,301.29,80,301.9,120,IBM
2025-12-18,9:37:01.507491344,T,301.29,80,301.61,40,IBM
2025-12-18,9:37:01.507521702,T,301.29,80,301.61,80,IBM
2025-12-18,9:37:01.507526398,T,301.29,80,301.6,40,IBM
2025-12-18,9:37:01.507561460,T,300.84,40,301.6,40,IBM
2025-12-18,9:37:01.507596598,T,300.6,40,301.6,40,IBM
2025-12-18,9:37:01.507776987,T,300.5,160,301.6,40,IBM
2025-12-18,9:37:01.508443599,T,300.5,160,301.46,40,IBM
2025-12-18,9:37:01.508513757,T,301.23,80,301.46,40,IBM
2025-12-18,9:37:01.508533728,T,301.23,80,301.6,40,IBM
2025-12-18,9:37:01.512468091,T,301.23,80,301.76,80,IBM
2025-12-18,9:37:01.590478873,T,300.72,40,301.76,80,IBM
2025-12-18,9:37:01.590488948,T,300.5,160,301.76,80,IBM
2025-12-18,9:37:01.590509153,T,300.5,160,301.6,40,IBM
2025-12-18,9:37:01.590519007,T,300.5,160,301.46,40,IBM
2025-12-18,9:37:01.591090405,T,300.5,160,301.6,40,IBM
2025-12-18,9:37:01.591285809,T,300.5,160,301.51,40,IBM
2025-12-18,9:37:01.591290836,T,300.98,80,301.51,40,IBM
2025-12-18,9:37:01.591310820,T,300.98,80,301.6,40,IBM
2025-12-18,9:37:01.591355910,T,300.98,80,301.72,200,IBM
2025-12-18,9:37:01.607609624,T,300.98,80,301.72,160,IBM
2025-12-18,9:37:02.013751502,T,300.98,80,301.68,80,IBM
2025-12-18,9:37:02.023770302,T,300.98,80,301.72,160,IBM
2025-12-18,9:37:02.097205158,T,300.5,160,301.72,160,IBM
2025-12-18,9:37:02.097881857,T,301.0,80,301.72,160,IBM
2025-12-18,9:37:02.492611511,T,301.0,120,301.72,160,IBM
2025-12-18,9:37:02.492611511,T,301.01,40,301.72,160,IBM
2025-12-18,9:37:02.517971896,T,301.01,40,301.72,240,IBM
2025-12-18,9:37:02.592659590,T,301.0,120,301.72,240,IBM
2025-12-18,9:37:02.603746074,T,300.6,40,301.72,240,IBM
2025-12-18,9:37:02.604412576,T,301.16,80,301.72,240,IBM
2025-12-18,9:37:03.110281842,T,300.6,40,301.72,240,IBM
2025-12-18,9:37:03.110301894,T,300.5,160,301.72,240,IBM
2025-12-18,9:37:03.110933441,T,301.17,80,301.72,240,IBM
2025-12-18,9:37:03.616802798,T,300.5,160,301.72,240,IBM
2025-12-18,9:37:03.617439200,T,301.19,80,301.72,240,IBM
2025-12-18,9:37:04.123323602,T,300.5,160,301.72,240,IBM
2025-12-18,9:37:04.123980157,T,301.19,80,301.72,240,IBM
2025-12-18,9:37:04.471798299,T,301.19,120,301.72,240,IBM
2025-12-18,9:37:04.472174043,T,301.19,120,301.72,80,IBM
2025-12-18,9:37:04.484508392,T,301.19,120,302.03,160,IBM
2025-12-18,9:37:04.497318960,T,301.19,120,301.86,80,IBM
2025-12-18,9:37:04.522574028,T,301.19,120,301.86,160,IBM
2025-12-18,9:37:04.629849555,T,300.84,40,301.86,160,IBM
2025-12-18,9:37:04.630475956,T,301.32,80,301.86,160,IBM
2025-12-18,9:37:04.648308350,T,301.32,80,301.66,40,IBM
2025-12-18,9:37:04.649310772,T,301.32,80,301.86,160,IBM
2025-12-18,9:37:04.652718869,T,301.32,80,301.66,40,IBM
2025-12-18,9:37:04.653500818,T,301.32,80,301.86,160,IBM
2025-12-18,9:37:05.642455176,T,300.5,160,301.86,160,IBM
2025-12-18,9:37:05.643081610,T,301.31,80,301.86,160,IBM
2025-12-18,9:37:06.148970979,T,300.5,160,301.86,160,IBM
2025-12-18,9:37:06.149602419,T,301.32,80,301.86,160,IBM
2025-12-18,9:37:06.569361699,T,301.32,120,301.86,160,IBM
2025-12-18,9:37:06.569371817,T,301.34,40,301.86,160,IBM
2025-12-18,9:37:06.569406922,T,301.48,40,301.86,160,IBM
2025-12-18,9:37:06.569662521,T,301.48,40,301.86,240,IBM
2025-12-18,9:37:06.569752670,T,301.34,40,301.86,240,IBM
2025-12-18,9:37:06.570023347,T,301.34,40,301.86,160,IBM
2025-12-18,9:37:06.571191119,T,301.34,40,301.76,80,IBM
2025-12-18,9:37:06.571226144,T,301.32,120,301.76,80,IBM
2025-12-18,9:37:06.571231164,T,301.32,80,301.76,80,IBM
2025-12-18,9:37:06.655481777,T,300.6,40,301.76,80,IBM
2025-12-18,9:37:06.656123243,T,301.39,80,301.76,80,IBM
2025-12-18,9:37:07.026470017,T,301.39,120,301.76,80,IBM
2025-12-18,9:37:07.162012635,T,300.96,40,301.76,80,IBM
2025-12-18,9:37:07.162634182,T,301.4,120,301.76,80,IBM
2025-12-18,9:37:12.223171774,T,300.96,40,301.76,80,IBM
2025-12-18,9:37:12.223848451,T,301.41,120,301.76,80,IBM
2025-12-18,9:37:13.474931801,T,301.41,120,301.86,80,IBM
2025-12-18,9:37:13.474951862,T,301.76,80,301.86,80,IBM
2025-12-18,9:37:13.474982303,T,301.76,80,301.86,40,IBM
2025-12-18,9:37:13.474982303,T,301.58,40,301.86,40,IBM
2025-12-18,9:37:13.475001906,T,301.58,40,302.31,160,IBM
2025-12-18,9:37:13.475021906,T,301.42,40,302.31,160,IBM
2025-12-18,9:37:13.475037053,T,301.48,40,302.31,160,IBM
2025-12-18,9:37:13.475262489,T,301.48,40,301.98,40,IBM
2025-12-18,9:37:13.475959203,T,301.42,80,301.98,40,IBM
2025-12-18,9:37:13.576052512,T,301.42,40,301.98,40,IBM
2025-12-18,9:37:13.576062495,T,301.41,120,301.98,40,IBM
2025-12-18,9:37:13.741812239,T,301.19,40,301.98,40,IBM
2025-12-18,9:37:13.742453641,T,301.65,80,301.98,40,IBM
2025-12-18,9:37:17.482963547,T,301.65,80,302.31,160,IBM
2025-12-18,9:37:17.482988646,T,301.65,80,301.9,40,IBM
2025-12-18,9:37:18.840044267,T,301.65,120,301.9,40,IBM
2025-12-18,9:37:18.844093949,T,301.65,120,301.9,80,IBM
2025-12-18,9:37:18.844118972,T,301.65,80,301.9,80,IBM
2025-12-18,9:37:19.309035703,T,300.76,200,301.9,80,IBM
2025-12-18,9:37:19.309667267,T,301.66,80,301.9,80,IBM
2025-12-18,9:37:24.487388521,T,301.66,80,301.9,40,IBM
2025-12-18,9:37:25.095030125,T,301.66,80,302.31,160,IBM
2025-12-18,9:37:25.095636521,T,301.66,120,302.31,160,IBM
2025-12-18,9:37:25.096122668,T,301.67,40,302.31,160,IBM
2025-12-18,9:37:25.096538649,T,301.66,120,302.31,160,IBM
2025-12-18,9:37:25.096543697,T,301.78,40,302.31,160,IBM
2025-12-18,9:37:25.108081252,T,301.66,120,302.31,160,IBM
2025-12-18,9:37:25.108121362,T,301.66,120,302.31,240,IBM
2025-12-18,9:37:25.116005078,T,301.66,120,302.31,160,IBM
2025-12-18,9:37:25.195203593,T,301.66,80,302.31,160,IBM
2025-12-18,9:37:25.195699716,T,301.67,40,302.31,160,IBM
2025-12-18,9:37:25.348989603,T,301.66,80,302.31,160,IBM
2025-12-18,9:37:25.382334094,T,301.08,40,302.31,160,IBM
2025-12-18,9:37:25.382975612,T,301.67,80,302.31,160,IBM
2025-12-18,9:37:25.888859812,T,301.08,40,302.31,160,IBM
2025-12-18,9:37:25.889496337,T,301.68,80,302.31,160,IBM
2025-12-18,9:37:26.335197407,T,301.68,80,302.31,200,IBM
2025-12-18,9:37:26.336064456,T,301.69,40,302.31,200,IBM
2025-12-18,9:37:26.395997163,T,301.7,80,302.31,200,IBM
2025-12-18,9:37:26.901886392,T,301.69,40,302.31,200,IBM
2025-12-18,9:37:26.902507998,T,301.77,80,302.31,200,IBM
2025-12-18,9:37:27.408402233,T,301.69,40,302.31,200,IBM
2025-12-18,9:37:27.409023739,T,301.77,80,302.31,200,IBM
2025-12-18,9:37:27.504340585,T,301.77,80,302.31,40,IBM
2025-12-18,9:37:27.504761632,T,301.77,80,302.31,80,IBM
2025-12-18,9:37:27.510330039,T,301.77,120,302.31,80,IBM
2025-12-18,9:37:27.914908227,T,301.41,40,302.31,80,IBM
2025-12-18,9:37:27.915529689,T,301.78,120,302.31,80,IBM
2025-12-18,9:37:28.561722953,T,301.78,120,302.31,40,IBM
2025-12-18,9:37:28.927488688,T,301.41,40,302.31,40,IBM
2025-12-18,9:37:28.928105069,T,301.79,80,302.31,40,IBM
2025-12-18,9:37:29.434014588,T,301.24,200,302.31,40,IBM
2025-12-18,9:37:29.434646008,T,301.8,80,302.31,40,IBM
2025-12-18,9:37:29.669109240,T,301.8,80,302.19,40,IBM
2025-12-18,9:37:29.669525229,T,301.8,80,302.19,80,IBM
2025-12-18,9:37:29.884647387,T,301.8,80,302.19,40,IBM
2025-12-18,9:37:29.940530282,T,301.24,200,302.19,40,IBM
2025-12-18,9:37:29.941156804,T,301.81,80,302.19,40,IBM
2025-12-18,9:37:30.341880818,T,301.24,200,302.19,40,IBM
2025-12-18,9:37:30.341905840,T,301.24,200,302.0,40,IBM
2025-12-18,9:37:30.342386951,T,301.24,200,302.0,80,IBM
2025-12-18,9:37:30.342432133,T,301.24,200,301.91,40,IBM
2025-12-18,9:37:30.342903215,T,301.24,200,302.0,40,IBM
2025-12-18,9:37:30.342968371,T,301.24,200,302.11,40,IBM
2025-12-18,9:37:30.343208898,T,301.41,40,302.11,40,IBM
2025-12-18,9:37:30.343569831,T,301.41,40,302.18,40,IBM
2025-12-18,9:37:30.343795329,T,301.41,40,302.13,40,IBM
2025-12-18,9:37:30.344035970,T,301.41,40,302.18,40,IBM
2025-12-18,9:37:30.347654545,T,301.41,40,302.19,40,IBM
2025-12-18,9:37:30.352145216,T,301.41,40,302.27,40,IBM
2025-12-18,9:37:30.381805806,T,301.02,160,302.27,40,IBM
2025-12-18,9:37:30.441908890,T,301.02,160,302.32,160,IBM
2025-12-18,9:37:31.304998615,T,301.02,160,302.27,40,IBM
2025-12-18,9:37:31.305008638,T,301.02,160,301.76,40,IBM
2025-12-18,9:37:31.325241782,T,301.02,160,302.27,40,IBM
2025-12-18,9:37:31.325783066,T,301.02,160,301.76,40,IBM
2025-12-18,9:37:31.685018217,T,301.02,200,301.76,40,IBM
2025-12-18,9:37:31.690606587,T,301.02,160,301.76,40,IBM
2025-12-18,9:37:31.690631619,T,301.02,160,301.59,40,IBM
2025-12-18,9:37:31.691208012,T,300.52,40,301.59,40,IBM
2025-12-18,9:37:31.691212996,T,300.8,160,301.59,40,IBM
2025-12-18,9:37:31.691428512,T,300.91,80,301.59,40,IBM
2025-12-18,9:37:31.699287185,T,300.8,160,301.59,40,IBM
2025-12-18,9:37:31.702540018,T,301.02,40,301.59,40,IBM
2025-12-18,9:37:31.809434383,T,300.8,160,301.59,40,IBM
2025-12-18,9:37:31.910454974,T,300.84,40,301.59,40,IBM
2025-12-18,9:37:31.910474909,T,300.84,40,301.76,40,IBM
2025-12-18,9:37:31.921145382,T,300.8,160,301.76,40,IBM
2025-12-18,9:37:31.935233917,T,301.02,40,301.76,40,IBM
2025-12-18,9:37:31.935644953,T,301.02,80,301.76,40,IBM
2025-12-18,9:37:32.192401119,T,301.03,80,301.76,40,IBM
2025-12-18,9:37:34.407719989,T,301.03,80,302.02,40,IBM
2025-12-18,9:37:34.411674326,T,301.03,80,302.1,40,IBM
2025-12-18,9:37:41.379251545,T,301.02,40,302.1,40,IBM
2025-12-18,9:37:46.222080607,T,300.8,160,302.1,40,IBM
2025-12-18,9:37:46.222080607,T,300.8,160,301.58,40,IBM
2025-12-18,9:37:46.222185782,T,300.8,160,301.42,40,IBM
2025-12-18,9:37:46.222616731,T,300.8,160,301.42,80,IBM
2025-12-18,9:37:48.876254123,T,300.8,160,301.42,40,IBM
2025-12-18,9:37:50.768954985,T,300.8,160,301.69,40,IBM
2025-12-18,9:37:51.362422732,T,301.12,40,301.69,40,IBM
2025-12-18,9:37:51.363575444,T,301.12,40,302.04,160,IBM
2025-12-18,9:37:51.415053023,T,300.8,160,302.04,160,IBM
2025-12-18,9:37:51.416656818,T,301.13,40,302.04,160,IBM
2025-12-18,9:37:51.531495245,T,300.8,160,302.04,160,IBM
2025-12-18,9:37:52.562554933,T,301.26,40,302.04,160,IBM
2025-12-18,9:37:52.562569902,T,301.14,40,302.04,160,IBM
2025-12-18,9:37:55.353534217,T,301.2,40,302.04,160,IBM
2025-12-18,9:37:56.626760715,T,301.14,40,302.04,160,IBM
2025-12-18,9:37:57.840895882,T,300.83,40,302.04,160,IBM
2025-12-18,9:37:58.111444825,T,300.8,160,302.04,160,IBM
2025-12-18,9:37:58.112071402,T,300.83,40,302.04,160,IBM
2025-12-18,9:37:59.490959096,T,300.8,160,302.04,160,IBM
2025-12-18,9:37:59.491585509,T,300.83,40,302.04,160,IBM
2025-12-18,9:38:00.870478266,T,300.8,160,302.04,160,IBM
2025-12-18,9:38:00.871099740,T,300.83,40,302.04,160,IBM
2025-12-18,9:38:02.193923809,T,300.83,40,302.13,40,IBM
2025-12-18,9:38:02.250002489,T,300.8,160,302.13,40,IBM
2025-12-18,9:38:02.250683977,T,300.83,40,302.13,40,IBM
2025-12-18,9:38:02.939508916,T,300.83,40,301.71,40,IBM
2025-12-18,9:38:02.940040241,T,300.83,40,301.71,80,IBM
2025-12-18,9:38:03.175089727,T,300.83,40,301.71,40,IBM
2025-12-18,9:38:03.185584655,T,301.26,40,301.71,40,IBM
2025-12-18,9:38:03.629536506,T,300.8,160,301.71,40,IBM
2025-12-18,9:38:03.630163267,T,301.29,40,301.71,40,IBM
2025-12-18,9:38:04.295567072,T,300.83,40,301.71,40,IBM
2025-12-18,9:38:04.295572187,T,300.8,160,301.71,40,IBM
2025-12-18,9:38:04.295592092,T,300.8,160,301.51,40,IBM
2025-12-18,9:38:04.295707446,T,300.8,160,301.5,40,IBM
2025-12-18,9:38:04.296288869,T,300.83,40,301.5,40,IBM
2025-12-18,9:38:04.296323900,T,300.8,160,301.5,40,IBM
2025-12-18,9:38:04.296414130,T,300.8,160,301.63,40,IBM
2025-12-18,9:38:04.296459217,T,300.8,160,301.5,40,IBM
2025-12-18,9:38:04.297336323,T,301.12,40,301.5,40,IBM
2025-12-18,9:38:04.306944168,T,301.12,40,301.8,40,IBM
2025-12-18,9:38:04.394051645,T,301.12,40,301.7,40,IBM
2025-12-18,9:38:04.394317169,T,301.12,40,301.38,40,IBM
2025-12-18,9:38:04.396447293,T,300.8,200,301.38,40,IBM
2025-12-18,9:38:04.399514580,T,300.8,200,301.7,80,IBM
2025-12-18,9:38:04.406200578,T,300.8,200,301.7,40,IBM
2025-12-18,9:38:04.406481112,T,300.8,200,302.06,40,IBM
2025-12-18,9:38:04.406506286,T,300.8,200,302.1,40,IBM
2025-12-18,9:38:04.635767115,T,300.8,200,302.02,40,IBM
2025-12-18,9:38:05.676218955,T,300.8,160,302.02,40,IBM
2025-12-18,9:38:05.676900666,T,300.8,200,302.02,40,IBM
2025-12-18,9:38:07.055793212,T,300.8,160,302.02,40,IBM
2025-12-18,9:38:07.056499935,T,300.8,200,302.02,40,IBM
2025-12-18,9:38:08.435402601,T,300.8,160,302.02,40,IBM
2025-12-18,9:38:08.436189483,T,300.8,200,302.02,40,IBM
2025-12-18,9:38:09.510707590,T,300.8,160,302.02,40,IBM
2025-12-18,9:38:09.510727678,T,300.8,160,301.27,40,IBM
2025-12-18,9:38:09.511153562,T,300.8,160,301.27,80,IBM
2025-12-18,9:38:09.511454316,T,300.8,200,301.27,80,IBM
2025-12-18,9:38:09.511474371,T,300.8,200,301.27,40,IBM
2025-12-18,9:38:09.511479362,T,300.8,160,301.27,40,IBM
2025-12-18,9:38:09.521673655,T,300.8,160,301.37,40,IBM
2025-12-18,9:38:09.521683707,T,300.8,160,301.69,40,IBM
2025-12-18,9:38:09.521704100,T,300.8,160,301.78,40,IBM
2025-12-18,9:38:09.521708777,T,301.12,40,301.78,40,IBM
2025-12-18,9:38:09.522154813,T,300.83,40,301.78,40,IBM
2025-12-18,9:38:10.030820723,T,300.8,200,301.78,40,IBM
2025-12-18,9:38:10.891038616,T,300.8,160,301.78,40,IBM
2025-12-18,9:38:10.891745335,T,300.8,200,301.78,40,IBM
2025-12-18,9:38:11.823037240,T,300.83,40,301.78,40,IBM
2025-12-18,9:38:11.823222762,T,300.83,40,301.8,40,IBM
2025-12-18,9:38:11.833787917,T,301.13,40,301.8,40,IBM
2025-12-18,9:38:12.270582784,T,300.8,160,301.8,40,IBM
2025-12-18,9:38:12.271214304,T,301.22,40,301.8,40,IBM
2025-12-18,9:38:12.510102951,T,300.8,200,301.8,40,IBM
2025-12-18,9:38:13.829809677,T,300.83,40,301.8,40,IBM
2025-12-18,9:38:15.029170021,T,300.8,160,301.8,40,IBM
2025-12-18,9:38:15.029811467,T,300.83,40,301.8,40,IBM
2025-12-18,9:38:17.200248587,T,300.83,40,301.78,40,IBM
2025-12-18,9:38:17.787762173,T,300.8,160,301.78,40,IBM
2025-12-18,9:38:17.788453842,T,300.83,40,301.78,40,IBM
2025-12-18,9:38:20.546384533,T,300.8,160,301.78,40,IBM
2025-12-18,9:38:20.547066106,T,300.83,40,301.78,40,IBM
2025-12-18,9:38:21.925913645,T,300.8,160,301.78,40,IBM
2025-12-18,9:38:21.926575259,T,300.83,40,301.78,40,IBM
2025-12-18,9:38:23.305432911,T,300.8,160,301.78,40,IBM
2025-12-18,9:38:23.306109457,T,300.83,40,301.78,40,IBM
2025-12-18,9:38:24.684966997,T,300.8,160,301.78,40,IBM
2025-12-18,9:38:24.686265143,T,300.83,40,301.78,40,IBM
2025-12-18,9:38:25.817843990,T,300.8,200,301.78,40,IBM
2025-12-18,9:38:25.817899045,T,300.83,40,301.78,40,IBM
2025-12-18,9:38:25.817909056,T,300.8,160,301.78,40,IBM
2025-12-18,9:38:25.817909056,T,300.8,160,301.45,40,IBM
2025-12-18,9:38:25.817964248,T,300.8,160,301.34,40,IBM
2025-12-18,9:38:25.818660925,T,300.8,200,301.34,40,IBM
2025-12-18,9:38:25.818686152,T,300.8,160,301.34,40,IBM
2025-12-18,9:38:25.818686152,T,300.8,160,301.45,80,IBM
2025-12-18,9:38:25.818690966,T,300.8,160,301.45,40,IBM
2025-12-18,9:38:25.819051881,T,301.2,40,301.45,40,IBM
2025-12-18,9:38:25.819076918,T,300.8,160,301.45,40,IBM
2025-12-18,9:38:25.819327464,T,300.8,200,301.45,40,IBM
2025-12-18,9:38:25.918493572,T,300.8,200,301.78,40,IBM
2025-12-18,9:38:25.934892657,T,300.8,160,301.78,40,IBM
2025-12-18,9:38:25.934912693,T,300.8,160,301.67,40,IBM
2025-12-18,9:38:25.935168325,T,300.8,160,301.34,40,IBM
2025-12-18,9:38:25.935589236,T,300.8,160,301.34,80,IBM
2025-12-18,9:38:25.936556618,T,300.8,160,301.34,40,IBM
2025-12-18,9:38:25.937363503,T,300.3,40,301.34,40,IBM
2025-12-18,9:38:25.937368461,T,300.58,160,301.34,40,IBM
2025-12-18,9:38:26.646115746,T,300.58,160,301.78,40,IBM
2025-12-18,9:38:32.771788837,T,300.58,160,301.34,40,IBM
2025-12-18,9:38:32.772209949,T,300.58,160,301.34,80,IBM
2025-12-18,9:38:32.795931395,T,300.58,160,301.34,40,IBM
2025-12-18,9:38:36.071890258,T,300.58,160,301.17,40,IBM
2025-12-18,9:38:36.072411488,T,300.58,160,301.17,80,IBM
2025-12-18,9:38:36.075904942,T,300.58,160,301.17,40,IBM
2025-12-18,9:38:41.453862779,T,300.12,40,301.17,40,IBM
2025-12-18,9:38:41.453867834,T,300.37,160,301.17,40,IBM
2025-12-18,9:38:41.581170846,T,300.37,160,301.47,40,IBM
2025-12-18,9:38:41.584649245,T,300.37,160,301.58,40,IBM
2025-12-18,9:38:49.647338619,T,300.37,160,301.36,40,IBM
2025-12-18,9:38:53.648012906,T,300.37,160,301.58,40,IBM
2025-12-18,9:39:01.737495902,T,300.37,160,301.47,40,IBM
2025-12-18,9:39:01.737500946,T,300.37,160,301.09,40,IBM
2025-12-18,9:39:01.741996629,T,300.37,160,301.25,40,IBM
2025-12-18,9:39:01.746061311,T,300.37,160,301.09,40,IBM
2025-12-18,9:39:01.787555146,T,300.37,160,301.09,80,IBM
2025-12-18,9:39:02.565206388,T,300.37,160,301.09,120,IBM
2025-12-18,9:39:02.578217271,T,300.37,160,301.02,40,IBM
2025-12-18,9:39:02.579254796,T,300.37,160,300.96,40,IBM
2025-12-18,9:39:02.583730448,T,300.37,160,300.96,80,IBM
2025-12-18,9:39:02.584422104,T,300.37,160,300.96,40,IBM
2025-12-18,9:39:02.591393674,T,300.37,160,300.96,80,IBM
2025-12-18,9:39:02.746718495,T,300.37,160,300.96,120,IBM
2025-12-18,9:39:02.747209656,T,300.37,160,300.96,80,IBM
2025-12-18,9:39:03.832603663,T,300.37,160,300.96,40,IBM
2025-12-18,9:39:07.465752985,T,300.37,160,300.95,40,IBM
2025-12-18,9:39:07.466048585,T,300.37,160,300.77,40,IBM
2025-12-18,9:39:07.466459592,T,300.37,160,300.96,40,IBM
2025-12-18,9:39:07.466459592,T,300.37,160,300.68,40,IBM
2025-12-18,9:39:07.467316640,T,300.37,160,300.68,80,IBM
2025-12-18,9:39:07.468324183,T,299.77,80,300.68,80,IBM
2025-12-18,9:39:07.468334084,T,300.0,160,300.68,80,IBM
2025-12-18,9:39:07.470925256,T,300.0,160,300.68,40,IBM
2025-12-18,9:39:07.486717764,T,300.0,160,300.68,80,IBM
2025-12-18,9:39:07.488171289,T,300.0,160,300.58,40,IBM
2025-12-18,9:39:07.488201338,T,300.0,160,300.54,40,IBM
2025-12-18,9:39:07.492666953,T,300.0,160,300.68,40,IBM
2025-12-18,9:39:07.504861005,T,300.0,160,300.92,40,IBM
2025-12-18,9:39:07.505071464,T,300.0,160,300.92,80,IBM
2025-12-18,9:39:07.505492501,T,300.0,160,300.92,120,IBM
2025-12-18,9:39:07.602267965,T,300.0,160,300.92,80,IBM
2025-12-18,9:39:07.725010141,T,300.0,160,300.92,40,IBM
2025-12-18,9:39:07.725240606,T,300.0,160,301.02,40,IBM
2025-12-18,9:39:10.976175713,T,300.0,160,300.53,40,IBM
2025-12-18,9:39:10.976345507,T,300.0,160,300.92,40,IBM
2025-12-18,9:39:10.976345507,T,300.0,160,300.37,40,IBM
2025-12-18,9:39:10.976560961,T,299.77,40,300.37,40,IBM
2025-12-18,9:39:10.976565951,T,299.77,40,300.37,80,IBM
2025-12-18,9:39:10.976570948,T,299.79,160,300.37,80,IBM
2025-12-18,9:39:10.976826558,T,299.79,160,300.29,40,IBM
2025-12-18,9:39:10.977658559,T,299.79,160,300.21,40,IBM
2025-12-18,9:39:10.980169522,T,299.79,160,300.29,40,IBM
2025-12-18,9:39:10.980169522,T,299.79,160,300.21,40,IBM
2025-12-18,9:39:10.980570517,T,299.79,160,300.2,40,IBM
2025-12-18,9:39:10.980836160,T,299.79,160,300.29,40,IBM
2025-12-18,9:39:10.981096739,T,299.79,160,300.21,40,IBM
2025-12-18,9:39:10.982018922,T,299.79,160,300.29,40,IBM
2025-12-18,9:39:10.985612548,T,299.79,160,300.53,80,IBM
2025-12-18,9:39:10.986519725,T,299.79,160,300.29,40,IBM
2025-12-18,9:39:10.986554808,T,299.79,160,300.53,40,IBM
2025-12-18,9:39:10.986609909,T,299.79,160,300.75,40,IBM
2025-12-18,9:39:10.986640004,T,299.77,80,300.75,40,IBM
2025-12-18,9:39:10.987096012,T,299.77,40,300.75,40,IBM
2025-12-18,9:39:10.991005368,T,299.77,40,300.74,40,IBM
2025-12-18,9:39:10.991120671,T,299.77,40,300.69,40,IBM
2025-12-18,9:39:10.991967726,T,299.77,40,300.67,40,IBM
2025-12-18,9:39:10.991997713,T,299.77,40,300.58,40,IBM
2025-12-18,9:39:11.006823053,T,299.26,40,300.58,40,IBM
2025-12-18,9:39:11.006863182,T,299.26,40,300.47,40,IBM
2025-12-18,9:39:11.006863182,T,299.26,40,300.2,40,IBM
2025-12-18,9:39:11.006878115,T,299.26,40,300.09,40,IBM
2025-12-18,9:39:11.006903178,T,299.6,80,300.09,40,IBM
2025-12-18,9:39:11.006923264,T,299.6,80,300.2,40,IBM
2025-12-18,9:39:11.007078631,T,299.6,80,300.09,40,IBM
2025-12-18,9:39:11.011313684,T,299.6,80,300.18,40,IBM
2025-12-18,9:39:11.011574282,T,299.6,80,300.2,40,IBM
2025-12-18,9:39:11.017207786,T,299.6,80,300.46,40,IBM
2025-12-18,9:39:11.025001326,T,299.6,80,300.09,40,IBM
2025-12-18,9:39:11.027306803,T,299.6,80,300.46,40,IBM
2025-12-18,9:39:11.116990371,T,299.6,80,300.47,40,IBM
2025-12-18,9:39:11.473083041,T,299.89,40,300.47,40,IBM
2025-12-18,9:39:11.473083041,T,299.6,80,300.47,40,IBM
2025-12-18,9:39:11.495240710,T,299.8,40,300.47,40,IBM
2025-12-18,9:39:11.495265916,T,299.61,40,300.47,40,IBM
2025-12-18,9:39:11.495285877,T,299.8,40,300.47,40,IBM
2025-12-18,9:39:11.495291033,T,299.6,80,300.47,40,IBM
2025-12-18,9:39:11.495311023,T,299.6,80,300.58,40,IBM
2025-12-18,9:39:11.495341143,T,299.61,40,300.58,40,IBM
2025-12-18,9:39:11.499791625,T,299.6,80,300.58,40,IBM
2025-12-18,9:39:11.712553042,T,299.63,40,300.58,40,IBM
2025-12-18,9:39:11.740269056,T,299.6,80,300.58,40,IBM
2025-12-18,9:39:11.815132320,T,299.6,80,300.46,40,IBM
2025-12-18,9:39:11.912449006,T,299.6,80,300.58,40,IBM
2025-12-18,9:39:12.105939611,T,299.6,80,300.47,40,IBM
2025-12-18,9:39:13.827232336,T,299.6,80,300.58,40,IBM
2025-12-18,9:39:13.827397663,T,299.6,80,300.46,40,IBM
2025-12-18,9:39:13.827432810,T,299.6,80,300.11,40,IBM
2025-12-18,9:39:13.828219640,T,299.6,80,300.46,40,IBM
2025-12-18,9:39:13.828645622,T,299.6,80,300.11,40,IBM
2025-12-18,9:39:13.828785986,T,299.6,80,300.23,40,IBM
2025-12-18,9:39:13.831652867,T,299.6,80,300.47,40,IBM
2025-12-18,9:39:16.339011962,T,299.6,80,300.58,40,IBM
2025-12-18,9:39:16.339402977,T,299.6,80,300.47,40,IBM
2025-12-18,9:39:16.354849795,T,299.6,80,300.46,40,IBM
2025-12-18,9:39:17.049678821,T,299.6,80,300.47,40,IBM
2025-12-18,9:39:17.050460714,T,299.6,80,300.46,40,IBM
2025-12-18,9:39:17.052420379,T,299.6,80,300.02,40,IBM
2025-12-18,9:39:17.057592731,T,299.6,80,300.46,40,IBM
2025-12-18,9:39:17.057948635,T,299.6,80,300.0,40,IBM
2025-12-18,9:39:17.057968545,T,299.6,80,300.46,40,IBM
2025-12-18,9:39:17.057968545,T,299.6,80,300.44,40,IBM
2025-12-18,9:39:17.058023768,T,299.6,80,300.23,40,IBM
2025-12-18,9:39:17.058048778,T,299.6,80,300.44,40,IBM
2025-12-18,9:39:17.058073822,T,299.6,80,300.46,40,IBM
2025-12-18,9:39:17.058369549,T,299.6,80,300.0,40,IBM
2025-12-18,9:39:18.951752096,T,299.46,160,300.0,40,IBM
2025-12-18,9:39:24.263196688,T,299.46,160,299.86,40,IBM
2025-12-18,9:39:24.263507539,T,299.46,160,300.0,40,IBM
2025-12-18,9:39:24.263617812,T,299.46,160,300.46,40,IBM
2025-12-18,9:39:24.263813218,T,299.46,160,300.58,40,IBM
2025-12-18,9:39:24.263838294,T,299.46,160,300.66,40,IBM
2025-12-18,9:39:24.263948566,T,299.46,160,300.58,40,IBM
2025-12-18,9:39:24.264790606,T,299.46,160,300.47,40,IBM
2025-12-18,9:39:24.379207883,T,299.46,160,300.48,40,IBM
2025-12-18,9:39:25.164236743,T,299.46,160,300.58,40,IBM
2025-12-18,9:39:25.856003507,T,299.46,160,300.54,40,IBM
2025-12-18,9:39:26.010631651,T,299.46,160,300.47,40,IBM
2025-12-18,9:39:26.011614099,T,299.09,40,300.47,40,IBM
2025-12-18,9:39:26.011619089,T,299.24,160,300.47,40,IBM
2025-12-18,9:39:27.906384850,T,299.24,160,300.23,40,IBM
2025-12-18,9:39:27.906384850,T,299.24,160,299.92,120,IBM
2025-12-18,9:39:27.906800823,T,299.24,160,299.73,80,IBM
2025-12-18,9:39:27.906845954,T,299.24,160,299.83,40,IBM
2025-12-18,9:39:27.906911072,T,299.24,160,299.92,80,IBM
2025-12-18,9:39:27.907011299,T,299.24,160,299.87,40,IBM
2025-12-18,9:39:27.907076524,T,299.24,160,299.92,80,IBM
2025-12-18,9:39:27.907101466,T,299.26,40,299.92,80,IBM
2025-12-18,9:39:27.907572638,T,299.26,40,299.92,40,IBM
2025-12-18,9:39:27.907938520,T,299.26,40,299.92,80,IBM
2025-12-18,9:39:27.908309485,T,299.26,40,299.92,40,IBM
2025-12-18,9:39:27.927294644,T,299.26,40,300.47,40,IBM
2025-12-18,9:39:27.928477407,T,299.26,40,299.92,40,IBM
2025-12-18,9:39:27.928903364,T,299.26,40,299.92,80,IBM
2025-12-18,9:39:28.007224970,T,299.24,160,299.92,80,IBM
2025-12-18,9:39:28.149473455,T,299.24,160,299.92,40,IBM
2025-12-18,9:39:29.463226117,T,299.24,160,300.47,40,IBM
2025-12-18,9:39:29.463817546,T,299.24,160,299.91,40,IBM
2025-12-18,9:39:29.868375547,T,299.24,160,300.05,40,IBM
2025-12-18,9:39:34.470180892,T,299.24,160,299.98,40,IBM
2025-12-18,9:39:34.701225995,T,299.24,160,300.05,40,IBM
2025-12-18,9:39:37.067118374,T,299.24,160,299.98,40,IBM
2025-12-18,9:39:38.285463790,T,299.24,160,300.05,40,IBM
2025-12-18,9:39:38.315455274,T,299.24,160,299.91,40,IBM
2025-12-18,9:39:38.423572588,T,299.24,160,300.05,40,IBM
2025-12-18,9:39:44.017449560,T,299.36,40,300.05,40,IBM
2025-12-18,9:39:44.017469586,T,299.63,40,300.05,40,IBM
2025-12-18,9:39:44.017479565,T,299.24,160,300.05,40,IBM
2025-12-18,9:39:44.017479565,T,299.71,40,300.05,40,IBM
2025-12-18,9:39:44.017559861,T,299.76,40,300.05,40,IBM
2025-12-18,9:39:44.017640020,T,299.76,40,300.47,40,IBM
2025-12-18,9:39:44.017845521,T,299.71,40,300.47,40,IBM
2025-12-18,9:39:44.017915819,T,299.71,80,300.47,40,IBM
2025-12-18,9:39:44.017925662,T,299.8,40,300.47,40,IBM
2025-12-18,9:39:44.017960709,T,299.88,40,300.47,40,IBM
2025-12-18,9:39:44.017970765,T,299.88,40,300.37,40,IBM
2025-12-18,9:39:44.018081034,T,299.8,40,300.37,40,IBM
2025-12-18,9:39:44.018401767,T,299.8,40,300.47,40,IBM
2025-12-18,9:39:44.018426865,T,299.8,40,300.48,160,IBM
2025-12-18,9:39:44.019133540,T,299.46,40,300.48,160,IBM
2025-12-18,9:39:44.019153697,T,299.26,40,300.48,160,IBM
2025-12-18,9:39:44.019163904,T,299.26,40,300.23,80,IBM
2025-12-18,9:39:44.019379155,T,299.76,40,300.23,80,IBM
2025-12-18,9:39:44.021494123,T,299.56,40,300.23,80,IBM
2025-12-18,9:39:44.024997593,T,299.36,40,300.23,80,IBM
2025-12-18,9:39:44.027268015,T,299.56,40,300.23,80,IBM
2025-12-18,9:39:44.273188312,T,299.43,160,300.23,80,IBM
2025-12-18,9:39:44.273489058,T,299.56,40,300.23,80,IBM
2025-12-18,9:39:44.478091213,T,299.43,160,300.23,80,IBM
2025-12-18,9:39:44.590538855,T,299.43,160,300.48,160,IBM
2025-12-18,9:39:44.590563886,T,299.43,160,300.21,80,IBM
2025-12-18,9:39:45.444532033,T,299.56,40,300.21,80,IBM
2025-12-18,9:39:45.692447142,T,299.43,160,300.21,80,IBM
2025-12-18,9:39:48.357742462,T,299.79,40,300.21,80,IBM
2025-12-18,9:39:48.650950491,T,299.43,160,300.21,80,IBM
2025-12-18,9:39:53.804869905,T,299.56,40,300.21,80,IBM
2025-12-18,9:39:54.680920414,T,299.43,160,300.21,80,IBM
2025-12-18,9:39:55.357902458,T,299.43,160,300.48,160,IBM
2025-12-18,9:39:55.357922655,T,299.46,40,300.48,160,IBM
2025-12-18,9:39:55.357922655,T,299.5,40,300.48,160,IBM
2025-12-18,9:39:55.357932469,T,299.81,40,300.48,160,IBM
2025-12-18,9:39:55.357952666,T,299.56,40,300.48,160,IBM
2025-12-18,9:39:55.357957387,T,299.88,40,300.48,160,IBM
2025-12-18,9:39:55.358082793,T,299.89,40,300.48,160,IBM
2025-12-18,9:39:55.358127878,T,299.88,40,300.48,160,IBM
2025-12-18,9:39:55.358127878,T,300.02,40,300.48,160,IBM
2025-12-18,9:39:55.358714272,T,300.03,40,300.48,160,IBM
2025-12-18,9:39:55.358939748,T,300.0,40,300.48,160,IBM
2025-12-18,9:39:55.358939748,T,300.04,40,300.48,160,IBM
2025-12-18,9:39:55.359120227,T,300.04,40,300.48,120,IBM
2025-12-18,9:39:55.359125234,T,300.04,40,300.48,40,IBM
2025-12-18,9:39:55.359150236,T,300.04,40,300.8,40,IBM
2025-12-18,9:39:55.359160345,T,300.09,40,300.8,40,IBM
2025-12-18,9:39:55.359185385,T,300.16,40,300.8,40,IBM
2025-12-18,9:39:55.359215366,T,300.02,40,300.8,40,IBM
2025-12-18,9:39:55.359215366,T,300.17,40,300.8,40,IBM
2025-12-18,9:39:55.359561210,T,300.17,40,300.89,40,IBM
2025-12-18,9:39:55.371384427,T,299.88,40,300.89,40,IBM
2025-12-18,9:39:55.371404536,T,299.76,40,300.89,40,IBM
2025-12-18,9:39:55.371404536,T,299.65,40,300.89,40,IBM
2025-12-18,9:39:55.371434563,T,299.64,40,300.89,40,IBM
2025-12-18,9:39:55.371464526,T,299.65,40,300.89,40,IBM
2025-12-18,9:39:55.371534692,T,299.66,40,300.89,40,IBM
2025-12-18,9:39:55.376351257,T,299.86,40,300.89,40,IBM
2025-12-18,9:39:55.410171747,T,299.96,40,300.89,40,IBM
2025-12-18,9:39:55.458757434,T,299.86,40,300.89,40,IBM
2025-12-18,9:39:55.477201370,T,299.86,40,300.91,40,IBM
2025-12-18,9:39:55.477246529,T,299.86,40,300.92,40,IBM
2025-12-18,9:39:55.923127869,T,299.86,40,300.93,80,IBM
2025-12-18,9:39:56.333570005,T,299.64,40,300.93,80,IBM
2025-12-18,9:39:56.693867683,T,299.76,40,300.93,80,IBM
2025-12-18,9:39:56.693882720,T,300.24,40,300.93,80,IBM
2025-12-18,9:39:56.713093457,T,299.96,40,300.93,80,IBM
2025-12-18,9:39:57.559483325,T,299.96,40,300.93,120,IBM
2025-12-18,9:39:57.969925495,T,299.96,40,300.93,80,IBM
2025-12-18,9:39:58.152695565,T,300.33,40,300.93,80,IBM
2025-12-18,9:39:58.153723036,T,300.33,40,301.06,160,IBM
2025-12-18,9:39:58.154144107,T,300.33,40,301.06,200,IBM
2025-12-18,9:39:58.203451360,T,300.33,40,301.06,160,IBM
2025-12-18,9:39:58.379605747,T,300.49,40,301.06,160,IBM
2025-12-18,9:39:59.153097463,T,300.49,40,301.06,200,IBM
2025-12-18,9:39:59.607930073,T,300.5,40,301.06,200,IBM
2025-12-18,9:40:00.019630143,T,300.49,40,301.06,200,IBM
2025-12-18,9:40:00.019650222,T,300.16,40,301.06,200,IBM
2025-12-18,9:40:00.089762100,T,300.5,40,301.06,200,IBM
2025-12-18,9:40:00.093786679,T,300.26,40,301.06,200,IBM
2025-12-18,9:40:00.097415306,T,300.26,40,301.06,160,IBM
2025-12-18,9:40:00.098412674,T,300.26,40,301.25,40,IBM
2025-12-18,9:40:00.427987240,T,300.26,40,301.25,80,IBM
2025-12-18,9:40:00.494295186,T,300.26,40,301.25,40,IBM
2025-12-18,9:40:02.403665780,T,300.36,40,301.25,40,IBM
2025-12-18,9:40:02.513191609,T,300.26,40,301.25,40,IBM
2025-12-18,9:40:03.952883792,T,299.86,40,301.25,40,IBM
2025-12-18,9:40:03.952888787,T,299.86,40,301.06,40,IBM
2025-12-18,9:40:03.952938941,T,299.86,40,301.05,40,IBM
2025-12-18,9:40:03.952953997,T,299.86,40,301.01,40,IBM
2025-12-18,9:40:03.952979005,T,299.86,40,300.97,40,IBM
2025-12-18,9:40:03.953475255,T,299.85,40,300.97,40,IBM
2025-12-18,9:40:03.953776131,T,299.85,40,300.96,40,IBM
2025-12-18,9:40:03.953800958,T,299.86,40,300.96,40,IBM
2025-12-18,9:40:03.953821096,T,299.86,40,300.9,40,IBM
2025-12-18,9:40:03.953881139,T,299.86,40,300.96,40,IBM
2025-12-18,9:40:03.953911357,T,299.96,40,300.96,40,IBM
2025-12-18,9:40:03.954307176,T,299.96,40,300.9,40,IBM
2025-12-18,9:40:03.954347307,T,299.86,40,300.9,40,IBM
2025-12-18,9:40:03.967067614,T,299.86,40,300.9,80,IBM
2025-12-18,9:40:03.990473378,T,300.16,40,300.9,80,IBM
2025-12-18,9:40:05.332257710,T,299.96,40,300.9,80,IBM
2025-12-18,9:40:06.196214435,T,299.96,40,300.9,40,IBM
2025-12-18,9:40:07.199969237,T,299.96,40,300.9,80,IBM
2025-12-18,9:40:07.857188829,T,299.96,40,300.9,120,IBM
2025-12-18,9:40:07.857198557,T,299.96,40,300.9,160,IBM
2025-12-18,9:40:07.857223528,T,299.86,40,300.9,160,IBM
2025-12-18,9:40:07.857233724,T,299.86,40,300.9,200,IBM
2025-12-18,9:40:07.857444072,T,299.78,200,300.9,200,IBM
2025-12-18,9:40:07.857494241,T,299.78,200,300.72,40,IBM
2025-12-18,9:40:07.857509381,T,299.78,160,300.72,40,IBM
2025-12-18,9:40:07.857514296,T,299.78,160,300.71,40,IBM
2025-12-18,9:40:07.857674569,T,299.78,160,300.71,80,IBM
2025-12-18,9:40:07.858261069,T,299.78,160,300.71,120,IBM
2025-12-18,9:40:07.858316130,T,299.78,160,300.71,160,IBM
2025-12-18,9:40:07.858707135,T,299.86,40,300.71,160,IBM
2025-12-18,9:40:07.858727090,T,299.86,40,300.71,120,IBM
2025-12-18,9:40:07.859123036,T,299.86,40,300.61,40,IBM
2025-12-18,9:40:07.859148165,T,299.86,40,300.71,120,IBM
2025-12-18,9:40:07.859228264,T,299.86,40,300.71,80,IBM
2025-12-18,9:40:07.859248348,T,300.03,40,300.71,80,IBM
2025-12-18,9:40:07.859273530,T,299.86,40,300.71,80,IBM
2025-12-18,9:40:07.859278419,T,300.12,40,300.71,80,IBM
2025-12-18,9:40:07.869307403,T,300.12,40,300.71,40,IBM
2025-12-18,9:40:07.869693198,T,300.12,40,300.9,80,IBM
2025-12-18,9:40:07.869723308,T,300.12,40,300.9,40,IBM
2025-12-18,9:40:07.869728320,T,300.12,40,300.71,40,IBM
2025-12-18,9:40:07.870149257,T,300.12,40,300.71,80,IBM
2025-12-18,9:40:07.955487421,T,300.21,40,300.71,80,IBM
2025-12-18,9:40:16.816552600,T,300.21,40,300.71,40,IBM
2025-12-18,9:40:17.077583976,T,300.21,40,300.85,40,IBM
2025-12-18,9:40:17.077884745,T,300.12,40,300.85,40,IBM
2025-12-18,9:40:24.066421874,T,300.12,40,300.7,40,IBM
2025-12-18,9:40:24.066847977,T,300.12,40,300.7,80,IBM
2025-12-18,9:40:24.955618854,T,300.12,40,300.55,40,IBM
2025-12-18,9:40:24.957102314,T,300.12,40,300.55,80,IBM
2025-12-18,9:40:25.410887768,T,299.78,200,300.55,80,IBM
2025-12-18,9:40:25.411218346,T,299.78,200,300.55,40,IBM
2025-12-18,9:40:25.411228492,T,299.78,200,300.55,80,IBM
2025-12-18,9:40:25.414300721,T,300.21,40,300.55,80,IBM
2025-12-18,9:40:26.317751588,T,300.21,40,300.55,40,IBM
2025-12-18,9:40:27.933929036,T,300.27,40,300.55,40,IBM
2025-12-18,9:40:29.220968129,T,300.27,40,300.85,40,IBM
2025-12-18,9:40:29.220968129,T,300.27,40,300.9,40,IBM
2025-12-18,9:40:29.220988190,T,300.3,40,300.9,40,IBM
2025-12-18,9:40:29.220993089,T,300.35,40,300.9,40,IBM
2025-12-18,9:40:29.221138497,T,300.31,40,300.9,40,IBM
2025-12-18,9:40:29.221263759,T,300.42,40,300.9,40,IBM
2025-12-18,9:40:29.224135630,T,300.42,40,300.6,40,IBM
2025-12-18,9:40:29.224160663,T,300.3,40,300.6,40,IBM
2025-12-18,9:40:29.224481423,T,300.27,80,300.6,40,IBM
2025-12-18,9:40:29.224496451,T,300.27,40,300.6,40,IBM
2025-12-18,9:40:29.224536595,T,300.3,40,300.6,40,IBM
2025-12-18,9:40:29.225318475,T,300.35,40,300.6,40,IBM
2025-12-18,9:40:29.233302530,T,300.35,40,300.9,40,IBM
2025-12-18,9:40:29.233327455,T,300.36,40,300.9,40,IBM
2025-12-18,9:40:29.233337488,T,300.45,40,300.9,40,IBM
2025-12-18,9:40:29.233377688,T,300.47,40,300.9,40,IBM
2025-12-18,9:40:29.233477894,T,300.45,40,300.9,40,IBM
2025-12-18,9:40:29.237061385,T,300.36,40,300.9,40,IBM
2025-12-18,9:40:29.257379748,T,300.36,40,301.03,160,IBM
2025-12-18,9:40:29.321893354,T,300.47,40,301.03,160,IBM
2025-12-18,9:40:29.321928438,T,300.58,40,301.03,160,IBM
2025-12-18,9:40:29.322179029,T,300.58,40,301.06,40,IBM
2025-12-18,9:40:29.323231541,T,300.47,40,301.06,40,IBM
2025-12-18,9:40:29.325922963,T,300.36,40,301.06,40,IBM
2025-12-18,9:40:29.325942954,T,300.35,40,301.06,40,IBM
2025-12-18,9:40:29.617151339,T,300.53,40,301.06,40,IBM
2025-12-18,9:40:30.221379684,T,300.53,40,301.05,40,IBM
2025-12-18,9:40:30.221515027,T,300.53,40,301.06,40,IBM
2025-12-18,9:40:30.221535047,T,300.56,40,301.06,40,IBM
2025-12-18,9:40:30.221635344,T,300.53,40,301.06,40,IBM
2025-12-18,9:40:30.221810779,T,300.66,40,301.06,40,IBM
2025-12-18,9:40:30.221885856,T,300.68,40,301.06,40,IBM
2025-12-18,9:40:30.222357022,T,300.68,40,301.27,160,IBM
2025-12-18,9:40:30.223138857,T,300.68,40,301.43,40,IBM
2025-12-18,9:40:30.223234106,T,300.68,40,301.47,40,IBM
2025-12-18,9:40:30.223499713,T,300.68,40,301.48,160,IBM
2025-12-18,9:40:30.706780259,T,300.85,40,301.48,160,IBM
2025-12-18,9:40:31.221931586,T,300.85,40,301.39,40,IBM
2025-12-18,9:40:32.156100461,T,300.86,40,301.39,40,IBM
2025-12-18,9:40:33.182970093,T,300.87,40,301.39,40,IBM
2025-12-18,9:40:34.232934763,T,300.87,40,301.1,40,IBM
2025-12-18,9:40:36.451686761,T,300.35,40,301.1,40,IBM
2025-12-18,9:40:36.451711805,T,300.35,40,301.1,80,IBM
2025-12-18,9:40:36.451716940,T,300.35,40,301.09,40,IBM
2025-12-18,9:40:36.452979855,T,300.36,40,301.09,40,IBM
2025-12-18,9:40:36.453445944,T,300.36,40,300.99,40,IBM
2025-12-18,9:40:36.454197705,T,300.36,40,300.99,80,IBM
2025-12-18,9:40:36.556797007,T,300.35,40,300.99,80,IBM
2025-12-18,9:40:36.702985021,T,300.35,40,300.99,120,IBM
2025-12-18,9:40:36.704057617,T,300.35,40,300.99,80,IBM
2025-12-18,9:40:36.704313218,T,300.35,40,300.79,40,IBM
2025-12-18,9:40:37.962042306,T,300.35,40,300.79,80,IBM
2025-12-18,9:40:38.320154851,T,300.35,40,300.79,40,IBM
2025-12-18,9:40:44.502768525,T,300.35,40,300.78,40,IBM
2025-12-18,9:40:44.503189515,T,300.35,40,300.78,80,IBM
2025-12-18,9:40:44.503525286,T,300.35,40,300.78,120,IBM
2025-12-18,9:40:44.504001414,T,300.35,40,300.78,80,IBM
2025-12-18,9:40:47.092388418,T,300.35,40,300.78,40,IBM
2025-12-18,9:40:50.119620293,T,300.35,40,300.76,40,IBM
2025-12-18,9:40:50.461639518,T,300.35,40,300.73,40,IBM
2025-12-18,9:40:50.461644803,T,300.35,40,300.73,80,IBM
2025-12-18,9:40:50.462000348,T,300.35,40,300.64,40,IBM
2025-12-18,9:40:50.462025471,T,300.35,40,300.63,40,IBM
2025-12-18,9:40:50.462677042,T,300.0,200,300.63,40,IBM
2025-12-18,9:40:50.466285574,T,300.0,200,300.75,40,IBM
2025-12-18,9:40:50.466305628,T,300.0,200,300.76,40,IBM
2025-12-18,9:40:50.466325624,T,300.04,80,300.76,40,IBM
2025-12-18,9:40:50.570513742,T,300.0,200,300.76,40,IBM
2025-12-18,9:40:54.730797672,T,300.06,40,300.76,40,IBM
2025-12-18,9:40:54.930297647,T,300.0,200,300.76,40,IBM
2025-12-18,9:40:55.507667198,T,300.25,40,300.76,40,IBM
2025-12-18,9:40:55.669697969,T,300.0,200,300.76,40,IBM
2025-12-18,9:40:55.791698280,T,300.26,40,300.76,40,IBM
2025-12-18,9:40:55.945399235,T,300.0,200,300.76,40,IBM
2025-12-18,9:40:56.057846912,T,300.27,40,300.76,40,IBM
2025-12-18,9:40:56.403128953,T,300.0,200,300.76,40,IBM
2025-12-18,9:40:59.115150460,T,300.31,40,300.76,40,IBM
2025-12-18,9:40:59.368022469,T,300.0,200,300.76,40,IBM
2025-12-18,9:40:59.368543827,T,300.32,40,300.76,40,IBM
2025-12-18,9:40:59.737742696,T,300.0,200,300.76,40,IBM
2025-12-18,9:40:59.872618754,T,300.33,40,300.76,40,IBM
2025-12-18,9:41:00.043450516,T,300.0,200,300.76,40,IBM
2025-12-18,9:41:01.086438666,T,300.0,200,300.74,40,IBM
2025-12-18,9:41:01.086463610,T,300.0,200,300.76,40,IBM
2025-12-18,9:41:01.086468466,T,300.0,200,300.64,40,IBM
2025-12-18,9:41:01.086829485,T,300.0,200,300.76,40,IBM
2025-12-18,9:41:01.086829485,T,300.0,200,300.63,40,IBM
2025-12-18,9:41:01.086829485,T,300.0,200,300.76,40,IBM
2025-12-18,9:41:01.086919559,T,300.0,200,300.49,40,IBM
2025-12-18,9:41:01.087185183,T,300.0,200,300.76,40,IBM
2025-12-18,9:41:01.087390621,T,300.0,200,300.76,80,IBM
2025-12-18,9:41:01.087681739,T,300.0,200,300.76,40,IBM
2025-12-18,9:41:01.087701437,T,300.24,40,300.76,40,IBM
2025-12-18,9:41:01.087791745,T,300.0,200,300.76,40,IBM
2025-12-18,9:41:01.087911951,T,300.0,200,300.76,80,IBM
2025-12-18,9:41:01.087947138,T,300.0,200,300.76,40,IBM
2025-12-18,9:41:01.087962055,T,300.0,200,300.75,40,IBM
2025-12-18,9:41:01.087977063,T,300.0,200,300.67,40,IBM
2025-12-18,9:41:01.087987135,T,300.0,200,300.53,40,IBM
2025-12-18,9:41:01.087992121,T,300.0,200,300.75,40,IBM
2025-12-18,9:41:01.088012165,T,300.0,200,300.53,40,IBM
2025-12-18,9:41:01.088042229,T,300.0,200,300.3,40,IBM
2025-12-18,9:41:01.088067401,T,300.0,200,300.75,40,IBM
2025-12-18,9:41:01.088067401,T,300.0,200,300.76,80,IBM
2025-12-18,9:41:01.088067401,T,300.0,200,300.75,40,IBM
2025-12-18,9:41:01.088152579,T,300.0,200,300.67,40,IBM
2025-12-18,9:41:01.088172540,T,300.0,200,300.75,40,IBM
2025-12-18,9:41:01.088177607,T,300.0,200,300.67,40,IBM
2025-12-18,9:41:01.088182569,T,300.0,200,300.75,40,IBM
2025-12-18,9:41:01.088192781,T,300.0,200,300.76,80,IBM
2025-12-18,9:41:01.088207695,T,300.0,200,300.76,40,IBM
2025-12-18,9:41:01.088267734,T,300.0,200,300.53,40,IBM
2025-12-18,9:41:01.089290216,T,299.86,40,300.53,40,IBM
2025-12-18,9:41:01.089615933,T,299.7,160,300.53,40,IBM
2025-12-18,9:41:01.089911639,T,299.7,160,300.53,80,IBM
2025-12-18,9:41:01.089931744,T,299.7,160,300.53,40,IBM
2025-12-18,9:41:01.090142508,T,299.7,160,300.53,80,IBM
2025-12-18,9:41:01.090452978,T,299.7,160,300.53,40,IBM
2025-12-18,9:41:01.090462950,T,299.76,40,300.53,40,IBM
2025-12-18,9:41:01.090498128,T,300.2,40,300.53,40,IBM
2025-12-18,9:41:01.090518085,T,299.76,40,300.53,40,IBM
2025-12-18,9:41:01.091460409,T,300.0,40,300.53,40,IBM
2025-12-18,9:41:01.092838734,T,300.0,40,300.66,40,IBM
2025-12-18,9:41:01.466773913,T,299.7,160,300.66,40,IBM
2025-12-18,9:41:01.566551350,T,299.7,160,300.76,40,IBM
2025-12-18,9:41:02.440060878,T,299.7,160,300.66,40,IBM
2025-12-18,9:41:02.440085944,T,299.7,160,300.49,40,IBM
2025-12-18,9:41:02.440085944,T,299.7,160,300.66,40,IBM
2025-12-18,9:41:02.440267042,T,299.7,160,300.66,80,IBM
2025-12-18,9:41:02.440416710,T,299.7,160,300.43,40,IBM
2025-12-18,9:41:02.440501898,T,299.7,160,300.37,40,IBM
2025-12-18,9:41:02.440582095,T,299.7,160,300.37,80,IBM
