DATE,TIME_M,EX,BID,BIDSIZ,ASK,ASKSIZ,SYM_ROOT
2025-12-16,9:30:01.084010996,T,306.43,240,311.29,40,IBM
2025-12-16,9:30:01.102534707,T,306.43,240,307.8,40,IBM
2025-12-16,9:30:01.102559758,T,306.43,240,311.29,40,IBM
2025-12-16,9:30:01.102559758,T,306.43,240,307.22,40,IBM
2025-12-16,9:30:01.102599842,T,306.43,320,307.22,40,IBM
2025-12-16,9:30:01.102950712,T,306.43,320,311.29,40,IBM
2025-12-16,9:30:01.143437053,T,306.43,240,311.29,40,IBM
2025-12-16,9:30:01.143462070,T,306.5,80,311.29,40,IBM
2025-12-16,9:30:01.143502493,T,306.43,240,311.29,40,IBM
2025-12-16,9:30:01.143522477,T,306.43,240,308.98,80,IBM
2025-12-16,9:30:01.143527314,T,306.43,240,308.98,120,IBM
2025-12-16,9:30:01.143983398,T,306.43,240,308.98,80,IBM
2025-12-16,9:30:01.163519862,T,306.43,240,309.61,40,IBM
2025-12-16,9:30:01.243540428,T,306.43,240,311.29,40,IBM
2025-12-16,9:30:01.308214318,T,306.43,240,309.61,40,IBM
2025-12-16,9:30:01.308650364,T,306.43,440,309.61,40,IBM
2025-12-16,9:30:01.308660402,T,306.43,400,309.61,40,IBM
2025-12-16,9:30:01.309126524,T,306.43,320,309.61,40,IBM
2025-12-16,9:30:01.309146525,T,306.43,280,309.61,40,IBM
2025-12-16,9:30:01.309171605,T,306.43,200,309.61,40,IBM
2025-12-16,9:30:01.309171605,T,303.82,40,309.61,40,IBM
2025-12-16,9:30:01.309226726,T,303.82,40,306.44,80,IBM
2025-12-16,9:30:01.309803079,T,303.82,40,309.61,40,IBM
2025-12-16,9:30:01.310209088,T,306.44,80,309.61,40,IBM
2025-12-16,9:30:01.310304318,T,303.82,40,309.61,40,IBM
2025-12-16,9:30:01.310324360,T,303.82,40,306.88,80,IBM
2025-12-16,9:30:01.310329437,T,303.82,40,306.88,120,IBM
2025-12-16,9:30:01.330326987,T,303.82,40,307.05,40,IBM
2025-12-16,9:30:01.533861546,T,303.82,40,309.61,40,IBM
2025-12-16,9:30:01.748893404,T,303.82,40,306.91,80,IBM
2025-12-16,9:30:01.748893404,T,303.82,40,306.91,120,IBM
2025-12-16,9:30:01.749369542,T,306.0,40,306.91,120,IBM
2025-12-16,9:30:01.749389624,T,306.0,40,306.91,80,IBM
2025-12-16,9:30:01.768891017,T,306.0,40,309.61,40,IBM
2025-12-16,9:30:01.994417879,T,306.0,40,306.49,40,IBM
2025-12-16,9:30:02.396224294,T,306.0,40,306.44,40,IBM
2025-12-16,9:30:02.420908109,T,306.0,120,306.44,40,IBM
2025-12-16,9:30:02.511187918,T,306.0,40,306.44,40,IBM
2025-12-16,9:30:03.105818440,T,306.0,40,306.44,80,IBM
2025-12-16,9:30:03.123650901,T,303.98,40,306.44,80,IBM
2025-12-16,9:30:03.461024013,T,304.53,40,306.44,80,IBM
2025-12-16,9:30:03.465760319,T,304.53,40,306.21,40,IBM
2025-12-16,9:30:03.466832874,T,304.53,40,306.21,80,IBM
2025-12-16,9:30:03.467524583,T,304.53,40,306.21,120,IBM
2025-12-16,9:30:03.468982952,T,304.53,40,306.21,80,IBM
2025-12-16,9:30:04.459004926,T,305.05,240,306.21,80,IBM
2025-12-16,9:30:04.459049959,T,305.05,280,306.21,80,IBM
2025-12-16,9:30:04.459696602,T,305.2,240,306.21,80,IBM
2025-12-16,9:30:04.459741676,T,305.2,280,306.21,80,IBM
2025-12-16,9:30:04.585631319,T,305.2,280,306.21,40,IBM
2025-12-16,9:30:04.585636417,T,305.2,280,306.49,40,IBM
2025-12-16,9:30:04.585656663,T,305.2,240,306.49,40,IBM
2025-12-16,9:30:04.585656663,T,305.41,80,306.49,40,IBM
2025-12-16,9:30:04.585661458,T,305.41,120,306.49,40,IBM
2025-12-16,9:30:04.585681466,T,306.2,40,306.49,40,IBM
2025-12-16,9:30:04.585716555,T,305.41,120,306.49,40,IBM
2025-12-16,9:30:04.585751658,T,305.41,80,306.49,40,IBM
2025-12-16,9:30:04.586653830,T,305.41,360,306.49,40,IBM
2025-12-16,9:30:04.587104912,T,305.41,360,306.21,40,IBM
2025-12-16,9:30:04.587525827,T,305.41,360,306.21,80,IBM
2025-12-16,9:30:04.605654005,T,305.41,240,306.21,80,IBM
2025-12-16,9:30:05.213370661,T,305.41,240,306.21,40,IBM
2025-12-16,9:30:06.214142969,T,305.41,240,306.26,40,IBM
2025-12-16,9:30:06.214183025,T,305.41,280,306.26,40,IBM
2025-12-16,9:30:06.214188059,T,305.5,40,306.26,40,IBM
2025-12-16,9:30:06.214203013,T,305.51,40,306.26,40,IBM
2025-12-16,9:30:06.214363660,T,305.41,240,306.26,40,IBM
2025-12-16,9:30:06.214438577,T,305.41,240,309.01,40,IBM
2025-12-16,9:30:06.214438577,T,305.41,240,309.22,40,IBM
2025-12-16,9:30:06.214438577,T,305.41,280,309.22,40,IBM
2025-12-16,9:30:06.214463677,T,305.51,40,309.22,40,IBM
2025-12-16,9:30:06.214614070,T,305.41,280,309.22,40,IBM
2025-12-16,9:30:06.214824529,T,306.26,40,309.22,40,IBM
2025-12-16,9:30:06.215546222,T,306.26,40,307.11,40,IBM
2025-12-16,9:30:06.217145073,T,306.26,40,309.01,40,IBM
2025-12-16,9:30:06.217170069,T,306.26,40,309.22,40,IBM
2025-12-16,9:30:06.227213981,T,306.26,40,309.28,80,IBM
2025-12-16,9:30:06.230907820,T,306.26,40,309.28,40,IBM
2025-12-16,9:30:06.230937848,T,306.26,40,310.0,40,IBM
2025-12-16,9:30:06.384358092,T,306.26,40,307.0,40,IBM
2025-12-16,9:30:07.005351382,T,303.98,40,307.0,40,IBM
2025-12-16,9:30:15.628700041,T,304.44,40,307.0,40,IBM
2025-12-16,9:30:23.636643493,T,304.44,40,309.01,40,IBM
2025-12-16,9:30:24.041697797,T,304.44,40,306.94,40,IBM
2025-12-16,9:30:27.789599948,T,304.44,40,306.94,80,IBM
2025-12-16,9:30:28.047483805,T,304.53,40,306.94,80,IBM
2025-12-16,9:30:28.162206938,T,304.53,40,306.94,40,IBM
2025-12-16,9:30:28.162492650,T,304.62,40,306.94,40,IBM
2025-12-16,9:30:28.228885718,T,304.62,40,307.93,40,IBM
2025-12-16,9:30:28.229837946,T,304.62,40,306.83,40,IBM
2025-12-16,9:30:28.560470014,T,304.62,40,306.83,80,IBM
2025-12-16,9:30:31.136618062,T,304.62,40,306.83,40,IBM
2025-12-16,9:30:37.321376149,T,304.53,40,306.83,40,IBM
2025-12-16,9:30:37.321736984,T,304.53,40,306.72,40,IBM
2025-12-16,9:30:37.321787628,T,306.21,40,306.72,40,IBM
2025-12-16,9:30:37.322523840,T,306.21,40,307.36,40,IBM
2025-12-16,9:30:37.323060114,T,306.21,40,307.84,40,IBM
2025-12-16,9:30:37.323080191,T,304.81,40,307.84,40,IBM
2025-12-16,9:30:37.323100189,T,306.21,40,307.84,40,IBM
2025-12-16,9:30:37.323100189,T,306.26,40,307.84,40,IBM
2025-12-16,9:30:37.323110258,T,306.67,40,307.84,40,IBM
2025-12-16,9:30:37.323130263,T,305.57,40,307.84,40,IBM
2025-12-16,9:30:37.323155407,T,304.62,40,307.84,40,IBM
2025-12-16,9:30:37.323185430,T,305.57,40,307.84,40,IBM
2025-12-16,9:30:37.323190412,T,305.57,40,306.68,40,IBM
2025-12-16,9:30:37.323200814,T,306.34,40,306.68,40,IBM
2025-12-16,9:30:37.323215570,T,306.34,40,307.84,40,IBM
2025-12-16,9:30:37.324538594,T,306.32,40,307.84,40,IBM
2025-12-16,9:30:37.324608836,T,306.32,40,306.88,40,IBM
2025-12-16,9:30:37.324804283,T,306.32,40,307.93,40,IBM
2025-12-16,9:30:37.325521041,T,306.32,40,308.12,40,IBM
2025-12-16,9:30:37.326027126,T,306.57,80,308.12,40,IBM
2025-12-16,9:30:37.326723804,T,306.57,80,306.88,40,IBM
2025-12-16,9:30:37.328227391,T,306.57,80,306.88,120,IBM
2025-12-16,9:30:37.332527667,T,306.57,40,306.88,120,IBM
2025-12-16,9:30:37.340251043,T,306.57,80,306.88,120,IBM
2025-12-16,9:30:37.340717254,T,306.57,80,306.88,80,IBM
2025-12-16,9:30:37.340717254,T,306.57,80,307.93,40,IBM
2025-12-16,9:30:37.340732141,T,306.57,80,308.05,40,IBM
2025-12-16,9:30:37.340747239,T,306.57,80,308.12,40,IBM
2025-12-16,9:30:37.340812425,T,306.57,80,307.55,40,IBM
2025-12-16,9:30:37.341639337,T,306.57,80,307.0,40,IBM
2025-12-16,9:30:37.341684465,T,306.57,80,307.0,80,IBM
2025-12-16,9:30:37.342050304,T,306.57,80,307.0,320,IBM
2025-12-16,9:30:37.342356087,T,306.57,80,307.0,360,IBM
2025-12-16,9:30:37.342466353,T,306.57,80,307.0,400,IBM
2025-12-16,9:30:37.343052728,T,306.57,80,307.0,320,IBM
2025-12-16,9:30:37.343553879,T,306.57,80,307.0,400,IBM
2025-12-16,9:30:37.416838376,T,306.57,80,307.0,360,IBM
2025-12-16,9:30:37.416918551,T,306.57,80,306.83,240,IBM
2025-12-16,9:30:37.416918551,T,306.57,80,306.83,280,IBM
2025-12-16,9:30:37.416938625,T,306.57,80,306.83,320,IBM
2025-12-16,9:30:37.416963639,T,306.57,80,306.83,360,IBM
2025-12-16,9:30:37.416978765,T,306.57,80,306.83,320,IBM
2025-12-16,9:30:37.416998868,T,306.57,80,306.83,80,IBM
2025-12-16,9:30:37.417003798,T,306.57,80,306.83,40,IBM
2025-12-16,9:30:37.417103979,T,306.57,80,307.0,320,IBM
2025-12-16,9:30:37.417103979,T,306.83,320,307.0,320,IBM
2025-12-16,9:30:37.417124150,T,306.83,120,307.0,320,IBM
2025-12-16,9:30:37.417129289,T,306.83,40,307.0,320,IBM
2025-12-16,9:30:37.417129289,T,306.57,80,307.0,320,IBM
2025-12-16,9:30:37.417720435,T,306.57,80,306.83,40,IBM
2025-12-16,9:30:37.417790682,T,306.57,80,307.0,320,IBM
2025-12-16,9:30:37.422747487,T,306.57,80,307.0,400,IBM
2025-12-16,9:30:38.062114545,T,306.57,40,307.0,400,IBM
2025-12-16,9:30:38.062144599,T,305.0,40,307.0,400,IBM
2025-12-16,9:30:38.126377465,T,305.0,40,307.0,320,IBM
2025-12-16,9:30:38.126888698,T,305.0,40,307.0,360,IBM
2025-12-16,9:30:38.141839323,T,305.0,40,307.0,320,IBM
2025-12-16,9:30:38.160774311,T,305.0,40,307.0,280,IBM
2025-12-16,9:30:38.160774311,T,305.0,40,307.0,240,IBM
2025-12-16,9:30:38.160794401,T,305.0,40,307.0,40,IBM
2025-12-16,9:30:38.160799373,T,305.0,40,307.84,40,IBM
2025-12-16,9:30:38.160799373,T,305.0,40,308.12,40,IBM
2025-12-16,9:30:38.160839524,T,305.19,40,308.12,40,IBM
2025-12-16,9:30:38.160839524,T,305.94,40,308.12,40,IBM
2025-12-16,9:30:38.160839524,T,306.64,40,308.12,40,IBM
2025-12-16,9:30:38.160984909,T,306.64,40,308.31,40,IBM
2025-12-16,9:30:38.161070009,T,306.64,80,308.31,40,IBM
2025-12-16,9:30:38.161310651,T,306.65,40,308.31,40,IBM
2025-12-16,9:30:38.161501103,T,307.0,320,308.31,40,IBM
2025-12-16,9:30:38.161871965,T,307.0,320,308.5,40,IBM
2025-12-16,9:30:38.162092445,T,307.0,320,307.38,80,IBM
2025-12-16,9:30:38.162929443,T,307.0,320,307.38,120,IBM
2025-12-16,9:30:38.163099861,T,307.0,320,307.38,160,IBM
2025-12-16,9:30:38.163275294,T,307.0,320,307.38,200,IBM
2025-12-16,9:30:38.163631203,T,307.0,320,307.38,240,IBM
2025-12-16,9:30:38.164312751,T,307.0,320,307.38,280,IBM
2025-12-16,9:30:38.185924198,T,307.0,320,307.38,320,IBM
2025-12-16,9:30:38.200343601,T,307.0,320,307.38,360,IBM
2025-12-16,9:30:38.321797706,T,307.0,360,307.38,360,IBM
2025-12-16,9:30:38.393328010,T,306.32,40,307.38,360,IBM
2025-12-16,9:30:38.443622669,T,306.32,40,307.38,320,IBM
2025-12-16,9:30:38.543605700,T,306.32,40,307.38,280,IBM
2025-12-16,9:30:38.643403358,T,306.32,40,307.38,240,IBM
2025-12-16,9:30:38.743657037,T,306.32,40,307.38,200,IBM
2025-12-16,9:30:39.443127231,T,306.32,40,307.38,160,IBM
2025-12-16,9:30:40.225444562,T,306.32,40,307.38,200,IBM
2025-12-16,9:30:40.635355500,T,306.32,40,307.38,120,IBM
2025-12-16,9:30:40.635355500,T,306.32,40,307.38,80,IBM
2025-12-16,9:30:40.635355500,T,306.32,40,307.38,40,IBM
2025-12-16,9:30:40.635360439,T,306.32,40,307.84,40,IBM
2025-12-16,9:30:40.635375436,T,306.32,40,308.5,40,IBM
2025-12-16,9:30:40.635395535,T,307.0,40,308.5,40,IBM
2025-12-16,9:30:40.635621023,T,307.0,80,308.5,40,IBM
2025-12-16,9:30:40.635771398,T,307.0,80,308.31,40,IBM
2025-12-16,9:30:40.636137260,T,307.0,80,308.5,40,IBM
2025-12-16,9:30:40.636613401,T,307.0,80,309.01,40,IBM
2025-12-16,9:30:40.640708115,T,307.0,80,309.07,40,IBM
2025-12-16,9:30:42.052819735,T,307.0,40,309.07,40,IBM
2025-12-16,9:30:51.710500623,T,306.5,40,309.07,40,IBM
2025-12-16,9:30:51.710500623,T,306.5,40,308.69,40,IBM
2025-12-16,9:30:51.710520713,T,306.5,40,308.12,40,IBM
2025-12-16,9:30:51.710520713,T,306.5,40,308.5,40,IBM
2025-12-16,9:30:51.710525778,T,306.5,40,308.12,40,IBM
2025-12-16,9:30:51.710540809,T,306.5,40,308.88,40,IBM
2025-12-16,9:30:51.710861524,T,306.5,40,307.71,40,IBM
2025-12-16,9:30:51.711242434,T,306.5,40,308.88,40,IBM
2025-12-16,9:30:51.711563215,T,306.5,40,309.07,40,IBM
2025-12-16,9:30:52.768198516,T,306.5,40,308.9,40,IBM
2025-12-16,9:30:54.100309684,T,306.5,40,309.07,40,IBM
2025-12-16,9:30:54.100790821,T,306.5,40,308.5,40,IBM
2025-12-16,9:30:55.485797906,T,305.57,40,308.5,40,IBM
2025-12-16,9:30:55.485822998,T,305.57,40,307.94,40,IBM
2025-12-16,9:30:55.485833063,T,305.57,40,307.76,40,IBM
2025-12-16,9:30:55.485843801,T,305.38,40,307.76,40,IBM
2025-12-16,9:30:55.486379310,T,305.19,40,307.76,40,IBM
2025-12-16,9:30:55.487767678,T,305.19,40,307.47,40,IBM
2025-12-16,9:30:55.789130106,T,305.19,40,307.47,80,IBM
2025-12-16,9:30:55.889549102,T,305.19,40,307.47,40,IBM
2025-12-16,9:30:56.486239599,T,306.21,120,307.47,40,IBM
2025-12-16,9:30:59.028677057,T,306.21,120,307.76,40,IBM
2025-12-16,9:31:00.161077841,T,306.21,120,307.47,40,IBM
2025-12-16,9:31:00.376305172,T,306.21,120,307.47,80,IBM
2025-12-16,9:31:03.509819792,T,306.21,120,307.47,40,IBM
2025-12-16,9:31:03.717098220,T,306.21,120,307.47,80,IBM
2025-12-16,9:31:03.717128277,T,306.21,120,307.47,120,IBM
2025-12-16,9:31:03.717313726,T,306.21,120,307.47,160,IBM
2025-12-16,9:31:04.670287404,T,306.21,120,307.47,120,IBM
2025-12-16,9:31:05.807459588,T,306.21,120,307.47,80,IBM
2025-12-16,9:31:09.308904968,T,306.21,120,307.47,120,IBM
2025-12-16,9:31:14.499010433,T,306.21,80,307.47,120,IBM
2025-12-16,9:31:14.499030481,T,305.72,160,307.47,120,IBM
2025-12-16,9:31:14.499050772,T,305.72,160,306.22,80,IBM
2025-12-16,9:31:14.499070683,T,305.72,160,306.53,40,IBM
2025-12-16,9:31:14.499090663,T,305.72,160,307.47,120,IBM
2025-12-16,9:31:14.499260966,T,305.72,160,307.47,80,IBM
2025-12-16,9:31:14.499306080,T,305.72,160,306.72,40,IBM
2025-12-16,9:31:14.499476541,T,305.72,160,306.22,40,IBM
2025-12-16,9:31:14.499506570,T,305.72,160,306.72,40,IBM
2025-12-16,9:31:14.499531611,T,306.2,40,306.72,40,IBM
2025-12-16,9:31:14.499782342,T,306.2,40,307.0,40,IBM
2025-12-16,9:31:14.499787921,T,305.72,160,307.0,40,IBM
2025-12-16,9:31:14.499787921,T,305.72,160,306.84,40,IBM
2025-12-16,9:31:14.499807366,T,305.72,160,306.72,40,IBM
2025-12-16,9:31:14.499812323,T,305.72,160,306.53,40,IBM
2025-12-16,9:31:14.500163205,T,304.53,40,306.53,40,IBM
2025-12-16,9:31:14.500173216,T,305.36,160,306.53,40,IBM
2025-12-16,9:31:14.500819726,T,305.36,160,306.76,40,IBM
2025-12-16,9:31:14.503566213,T,305.36,160,306.84,40,IBM
2025-12-16,9:31:14.505340455,T,305.36,160,306.73,40,IBM
2025-12-16,9:31:14.510948862,T,305.36,160,306.73,80,IBM
2025-12-16,9:31:14.569658601,T,305.36,160,306.73,120,IBM
2025-12-16,9:31:14.569869076,T,305.36,160,306.73,80,IBM
2025-12-16,9:31:14.570916600,T,305.36,160,306.38,40,IBM
2025-12-16,9:31:14.571142098,T,305.36,160,306.38,80,IBM
2025-12-16,9:31:14.571337608,T,305.36,160,306.38,120,IBM
2025-12-16,9:31:14.575978675,T,305.36,160,306.38,80,IBM
2025-12-16,9:31:14.579983166,T,305.36,160,306.38,40,IBM
2025-12-16,9:31:14.580148579,T,304.53,40,306.38,40,IBM
2025-12-16,9:31:14.582965242,T,304.53,40,306.49,40,IBM
2025-12-16,9:31:14.605960046,T,305.06,160,306.49,40,IBM
2025-12-16,9:31:15.499441999,T,305.17,240,306.49,40,IBM
2025-12-16,9:31:15.501752469,T,305.25,240,306.49,40,IBM
2025-12-16,9:31:26.239464489,T,305.5,240,306.49,40,IBM
2025-12-16,9:31:45.426656143,T,305.5,240,306.42,40,IBM
2025-12-16,9:31:45.430725866,T,305.5,240,306.49,40,IBM
2025-12-16,9:31:46.689637680,T,305.5,280,306.49,40,IBM
2025-12-16,9:31:50.531202857,T,305.51,40,306.49,40,IBM
2025-12-16,9:31:50.531819327,T,306.15,120,306.49,40,IBM
2025-12-16,9:31:53.807662758,T,306.15,120,306.98,160,IBM
2025-12-16,9:31:53.807903409,T,306.15,120,306.49,80,IBM
2025-12-16,9:31:53.808048739,T,306.15,120,306.49,160,IBM
2025-12-16,9:31:53.808544907,T,306.15,160,306.49,160,IBM
2025-12-16,9:31:53.808579924,T,306.15,120,306.49,160,IBM
2025-12-16,9:31:53.808600128,T,306.15,120,306.49,120,IBM
2025-12-16,9:31:53.808600128,T,306.15,120,306.98,160,IBM
2025-12-16,9:31:53.808630036,T,306.15,120,306.38,160,IBM
2025-12-16,9:31:53.808655114,T,306.15,120,306.38,120,IBM
2025-12-16,9:31:53.808675156,T,306.15,120,306.98,160,IBM
2025-12-16,9:31:55.390505763,T,306.15,120,306.98,200,IBM
2025-12-16,9:31:59.738015505,T,306.15,120,306.98,160,IBM
2025-12-16,9:32:02.023355968,T,306.15,160,306.98,160,IBM
2025-12-16,9:32:05.292007174,T,306.15,200,306.98,160,IBM
2025-12-16,9:32:05.292092531,T,306.15,280,306.98,160,IBM
2025-12-16,9:32:05.292999541,T,306.15,240,306.98,160,IBM
2025-12-16,9:32:05.294994239,T,306.15,280,306.98,160,IBM
2025-12-16,9:32:05.302010986,T,306.15,280,307.13,40,IBM
2025-12-16,9:32:08.570356573,T,306.15,240,307.13,40,IBM
2025-12-16,9:32:09.570527459,T,306.15,280,307.13,40,IBM
2025-12-16,9:32:10.061486206,T,306.15,240,307.13,40,IBM
2025-12-16,9:32:11.293589321,T,306.15,160,307.13,40,IBM
2025-12-16,9:32:12.763714009,T,306.15,240,307.13,40,IBM
2025-12-16,9:32:15.168368644,T,306.15,240,306.78,40,IBM
2025-12-16,9:32:15.168794612,T,306.15,240,306.78,80,IBM
2025-12-16,9:32:15.228862662,T,306.15,240,306.78,120,IBM
2025-12-16,9:32:15.229504137,T,306.15,240,306.78,80,IBM
2025-12-16,9:32:21.288322411,T,306.15,160,306.78,80,IBM
2025-12-16,9:32:25.476202118,T,306.15,160,306.78,40,IBM
2025-12-16,9:32:25.476217137,T,306.15,160,307.13,40,IBM
2025-12-16,9:32:43.713532275,T,306.15,240,307.13,40,IBM
2025-12-16,9:32:51.732857786,T,306.15,200,307.13,40,IBM
2025-12-16,9:32:51.732877960,T,306.15,80,307.13,40,IBM
2025-12-16,9:32:51.732877960,T,306.15,40,307.13,40,IBM
2025-12-16,9:32:51.732882851,T,305.83,160,307.13,40,IBM
2025-12-16,9:32:51.732903034,T,305.83,160,306.15,80,IBM
2025-12-16,9:32:51.732937992,T,305.83,160,306.39,80,IBM
2025-12-16,9:32:51.732958122,T,305.83,160,306.61,40,IBM
2025-12-16,9:32:51.733178768,T,305.83,160,306.62,80,IBM
2025-12-16,9:32:51.733178768,T,305.83,160,306.39,40,IBM
2025-12-16,9:32:51.733198677,T,304.81,40,306.39,40,IBM
2025-12-16,9:32:51.733208643,T,305.57,160,306.39,40,IBM
2025-12-16,9:32:51.733328935,T,305.57,160,306.15,40,IBM
2025-12-16,9:32:51.733915348,T,305.57,160,306.39,40,IBM
2025-12-16,9:32:51.733965502,T,305.57,160,306.62,40,IBM
2025-12-16,9:32:51.833317054,T,305.57,160,307.01,40,IBM
2025-12-16,9:32:52.418064080,T,305.57,160,306.9,160,IBM
2025-12-16,9:32:52.440171653,T,304.62,40,306.9,160,IBM
2025-12-16,9:32:52.440181672,T,305.34,160,306.9,160,IBM
2025-12-16,9:32:52.733299472,T,305.5,240,306.9,160,IBM
2025-12-16,9:32:55.344425624,T,305.5,240,306.53,40,IBM
2025-12-16,9:33:08.529578982,T,305.8,120,306.53,40,IBM
2025-12-16,9:33:16.345184473,T,305.06,160,306.53,40,IBM
2025-12-16,9:33:16.345204460,T,305.06,160,305.99,80,IBM
2025-12-16,9:33:16.345234559,T,305.8,40,305.99,80,IBM
2025-12-16,9:33:16.345255360,T,305.06,160,305.99,80,IBM
2025-12-16,9:33:16.345259659,T,305.06,160,306.53,40,IBM
2025-12-16,9:33:16.345465060,T,305.06,160,306.1,40,IBM
2025-12-16,9:33:16.345630453,T,305.06,160,305.99,40,IBM
2025-12-16,9:33:16.355759635,T,305.06,160,306.53,40,IBM
2025-12-16,9:33:17.345611098,T,305.5,40,306.53,40,IBM
2025-12-16,9:33:23.312881581,T,305.5,120,306.53,40,IBM
2025-12-16,9:33:28.207784340,T,305.74,80,306.53,40,IBM
2025-12-16,9:33:28.207839553,T,305.74,120,306.53,40,IBM
2025-12-16,9:33:28.207884674,T,305.74,160,306.53,40,IBM
2025-12-16,9:33:28.208230403,T,305.74,200,306.53,40,IBM
2025-12-16,9:33:28.208265576,T,305.86,40,306.53,40,IBM
2025-12-16,9:33:28.208325639,T,305.74,200,306.53,40,IBM
2025-12-16,9:33:28.208856888,T,305.74,320,306.53,40,IBM
2025-12-16,9:33:28.208861920,T,305.74,280,306.53,40,IBM
2025-12-16,9:33:28.208881997,T,305.74,200,306.53,40,IBM
2025-12-16,9:33:28.208886981,T,305.74,160,306.53,40,IBM
2025-12-16,9:33:28.209583724,T,305.74,120,306.53,40,IBM
2025-12-16,9:33:28.209588627,T,305.74,80,306.53,40,IBM
2025-12-16,9:33:28.209608682,T,305.74,40,306.53,40,IBM
2025-12-16,9:33:28.209613751,T,305.51,40,306.53,40,IBM
2025-12-16,9:33:28.209633834,T,305.51,40,305.87,40,IBM
2025-12-16,9:33:28.209653837,T,305.51,40,306.09,40,IBM
2025-12-16,9:33:28.209658881,T,305.51,40,305.81,40,IBM
2025-12-16,9:33:28.209939556,T,305.51,40,306.09,40,IBM
2025-12-16,9:33:28.209979575,T,305.51,40,305.81,40,IBM
2025-12-16,9:33:28.210155017,T,305.51,40,305.81,80,IBM
2025-12-16,9:33:28.218078851,T,305.29,40,305.81,80,IBM
2025-12-16,9:33:28.228298231,T,305.29,40,305.81,40,IBM
2025-12-16,9:33:28.239364505,T,305.29,40,305.81,80,IBM
2025-12-16,9:33:28.285724868,T,305.29,40,305.81,40,IBM
2025-12-16,9:33:29.210040323,T,305.5,80,305.81,40,IBM
2025-12-16,9:33:29.210060342,T,305.5,80,306.47,40,IBM
2025-12-16,9:33:31.030478951,T,305.5,40,306.47,40,IBM
2025-12-16,9:33:31.030488993,T,305.29,40,306.47,40,IBM
2025-12-16,9:33:31.030529098,T,305.29,40,306.32,40,IBM
2025-12-16,9:33:31.030529098,T,305.29,40,305.66,80,IBM
2025-12-16,9:33:31.030554167,T,305.5,40,305.66,80,IBM
2025-12-16,9:33:31.030569161,T,305.5,40,306.53,40,IBM
2025-12-16,9:33:31.030579186,T,305.29,40,306.53,40,IBM
2025-12-16,9:33:31.030619282,T,305.29,40,305.8,80,IBM
2025-12-16,9:33:31.030629298,T,305.29,40,305.8,120,IBM
2025-12-16,9:33:31.030829767,T,305.29,40,305.8,160,IBM
2025-12-16,9:33:31.030940005,T,305.29,40,305.8,200,IBM
2025-12-16,9:33:31.030960111,T,305.29,40,305.66,40,IBM
2025-12-16,9:33:31.037485615,T,304.81,160,305.66,40,IBM
2025-12-16,9:33:31.041059161,T,304.81,160,305.8,120,IBM
2025-12-16,9:33:31.436555768,T,304.81,160,305.8,80,IBM
2025-12-16,9:33:31.436560613,T,304.81,160,305.57,40,IBM
2025-12-16,9:33:31.436796189,T,304.81,160,305.57,80,IBM
2025-12-16,9:33:31.436811588,T,305.0,240,305.57,80,IBM
2025-12-16,9:33:31.436996609,T,305.0,240,305.57,120,IBM
2025-12-16,9:33:31.437006653,T,305.0,240,305.57,80,IBM
2025-12-16,9:33:31.437111883,T,305.0,640,305.57,80,IBM
2025-12-16,9:33:31.437472853,T,305.0,400,305.57,80,IBM
2025-12-16,9:33:31.437477826,T,304.81,160,305.57,80,IBM
2025-12-16,9:33:31.437492817,T,305.01,40,305.57,80,IBM
2025-12-16,9:33:31.437502814,T,305.41,640,305.57,80,IBM
2025-12-16,9:33:31.437678288,T,305.41,640,305.57,120,IBM
2025-12-16,9:33:31.437938856,T,305.41,720,305.57,120,IBM
2025-12-16,9:33:31.439597881,T,305.41,720,305.57,80,IBM
2025-12-16,9:33:31.439597881,T,305.41,720,305.57,40,IBM
2025-12-16,9:33:31.439602839,T,305.41,720,306.17,40,IBM
2025-12-16,9:33:31.439632957,T,305.41,40,306.17,40,IBM
2025-12-16,9:33:31.439632957,T,305.41,80,306.17,40,IBM
2025-12-16,9:33:31.439658043,T,305.57,640,306.17,40,IBM
2025-12-16,9:33:31.439713111,T,305.41,80,306.17,40,IBM
2025-12-16,9:33:31.439723203,T,305.49,40,306.17,40,IBM
2025-12-16,9:33:31.439733313,T,305.49,40,306.09,40,IBM
2025-12-16,9:33:31.439748171,T,305.49,40,306.01,40,IBM
2025-12-16,9:33:31.439763242,T,305.57,40,306.01,40,IBM
2025-12-16,9:33:31.439773279,T,305.49,80,306.01,40,IBM
2025-12-16,9:33:31.439783316,T,305.49,40,306.01,40,IBM
2025-12-16,9:33:31.439808406,T,305.49,40,305.75,80,IBM
2025-12-16,9:33:31.445186107,T,305.41,40,305.75,80,IBM
2025-12-16,9:33:31.744162880,T,304.81,160,305.75,80,IBM
2025-12-16,9:33:31.745325607,T,304.81,160,306.17,40,IBM
2025-12-16,9:33:32.030935674,T,305.28,40,306.17,40,IBM
2025-12-16,9:33:32.258607842,T,305.28,40,306.09,40,IBM
2025-12-16,9:33:34.486055196,T,304.9,40,306.09,40,IBM
2025-12-16,9:33:35.572030265,T,304.81,200,306.09,40,IBM
2025-12-16,9:33:38.828713032,T,305.28,40,306.09,40,IBM
2025-12-16,9:33:38.828733071,T,305.28,40,306.17,40,IBM
2025-12-16,9:33:38.828733071,T,305.28,80,306.17,40,IBM
2025-12-16,9:33:38.828788228,T,305.33,40,306.17,40,IBM
2025-12-16,9:33:40.258597222,T,305.28,120,306.17,40,IBM
2025-12-16,9:33:40.258632357,T,305.28,80,306.17,40,IBM
2025-12-16,9:33:44.360516931,T,305.0,40,306.17,40,IBM
2025-12-16,9:33:44.360562023,T,305.0,40,305.49,80,IBM
2025-12-16,9:33:44.365388561,T,305.0,40,305.68,40,IBM
2025-12-16,9:33:44.460570158,T,305.0,40,306.09,40,IBM
2025-12-16,9:33:45.243709435,T,305.0,40,306.05,160,IBM
2025-12-16,9:33:45.360988560,T,305.0,120,306.05,160,IBM
2025-12-16,9:33:48.143773278,T,305.0,160,306.05,160,IBM
2025-12-16,9:33:48.143943538,T,305.0,200,306.05,160,IBM
2025-12-16,9:33:48.143973541,T,305.32,40,306.05,160,IBM
2025-12-16,9:33:48.144419667,T,305.37,40,306.05,160,IBM
2025-12-16,9:33:48.144444688,T,305.32,40,306.05,160,IBM
2025-12-16,9:33:48.144464875,T,305.37,40,306.05,160,IBM
2025-12-16,9:33:48.144549960,T,305.42,40,306.05,160,IBM
2025-12-16,9:33:48.223873865,T,305.37,40,306.05,160,IBM
2025-12-16,9:33:48.223873865,T,305.32,40,306.05,160,IBM
2025-12-16,9:33:48.223883834,T,305.32,40,305.56,40,IBM
2025-12-16,9:33:49.572814966,T,305.1,40,305.56,40,IBM
2025-12-16,9:33:49.572870153,T,305.0,40,305.56,40,IBM
2025-12-16,9:33:49.573566749,T,305.1,80,305.56,40,IBM
2025-12-16,9:33:55.044155065,T,305.1,160,305.56,40,IBM
2025-12-16,9:33:55.510159414,T,305.1,160,305.54,40,IBM
2025-12-16,9:33:57.146204095,T,305.1,160,305.56,40,IBM
2025-12-16,9:33:57.711900778,T,305.1,160,306.05,160,IBM
2025-12-16,9:34:01.333472478,T,305.1,200,306.05,160,IBM
2025-12-16,9:34:02.332094668,T,305.1,200,305.42,40,IBM
2025-12-16,9:34:02.655238865,T,305.1,120,305.42,40,IBM
2025-12-16,9:34:02.655238865,T,305.1,80,305.42,40,IBM
2025-12-16,9:34:02.655259435,T,305.1,40,305.42,40,IBM
2025-12-16,9:34:02.655259435,T,304.64,160,305.42,40,IBM
2025-12-16,9:34:02.655283998,T,304.64,160,305.21,40,IBM
2025-12-16,9:34:02.656126143,T,304.64,160,305.21,80,IBM
2025-12-16,9:34:02.656186101,T,304.64,160,305.12,40,IBM
2025-12-16,9:34:02.656241214,T,304.64,160,305.21,80,IBM
2025-12-16,9:34:02.656697864,T,304.64,160,305.32,40,IBM
2025-12-16,9:34:02.656732621,T,304.64,160,305.42,40,IBM
2025-12-16,9:34:02.656968029,T,304.64,200,305.42,40,IBM
2025-12-16,9:34:02.877538021,T,304.64,160,305.42,40,IBM
2025-12-16,9:34:02.877553069,T,304.91,40,305.42,40,IBM
2025-12-16,9:34:02.877668371,T,304.64,200,305.42,40,IBM
2025-12-16,9:34:02.877808757,T,304.91,40,305.42,40,IBM
2025-12-16,9:34:02.877843776,T,304.98,40,305.42,40,IBM
2025-12-16,9:34:03.655665390,T,304.98,120,305.42,40,IBM
2025-12-16,9:34:04.855551883,T,304.98,120,306.02,40,IBM
2025-12-16,9:34:04.855606915,T,305.17,40,306.02,40,IBM
2025-12-16,9:34:04.855717434,T,305.17,80,306.02,40,IBM
2025-12-16,9:34:04.855862624,T,305.17,80,306.05,160,IBM
2025-12-16,9:34:04.860543710,T,304.98,40,306.05,160,IBM
2025-12-16,9:34:04.867600558,T,304.67,40,306.05,160,IBM
2025-12-16,9:34:04.867630592,T,304.64,200,306.05,160,IBM
2025-12-16,9:34:04.867665677,T,304.67,40,306.05,160,IBM
2025-12-16,9:34:04.906152302,T,304.64,160,306.05,160,IBM
2025-12-16,9:34:13.485170340,T,304.55,40,306.05,160,IBM
2025-12-16,9:34:13.485170340,T,304.84,160,306.05,160,IBM
2025-12-16,9:34:18.253501797,T,305.42,40,306.05,160,IBM
2025-12-16,9:34:18.253591986,T,305.42,120,306.05,160,IBM
2025-12-16,9:34:18.253937783,T,305.42,160,306.05,160,IBM
2025-12-16,9:34:18.254719670,T,305.42,200,306.05,160,IBM
2025-12-16,9:34:18.258353362,T,305.42,160,306.05,160,IBM
2025-12-16,9:34:19.468845033,T,305.42,120,306.05,160,IBM
2025-12-16,9:34:21.926234948,T,305.42,40,306.05,160,IBM
2025-12-16,9:34:21.926270109,T,305.42,80,306.05,160,IBM
2025-12-16,9:34:21.926280138,T,305.42,200,306.05,160,IBM
2025-12-16,9:34:21.926290121,T,305.42,80,306.05,160,IBM
2025-12-16,9:34:21.926295380,T,305.42,80,306.01,40,IBM
2025-12-16,9:34:21.926315229,T,305.5,120,306.01,40,IBM
2025-12-16,9:34:21.927883873,T,305.5,520,306.01,40,IBM
2025-12-16,9:34:21.927918975,T,305.5,520,306.02,40,IBM
2025-12-16,9:34:22.026583879,T,305.5,520,306.05,160,IBM
2025-12-16,9:34:28.199774591,T,305.5,600,306.05,160,IBM
2025-12-16,9:34:28.295868374,T,305.5,560,306.05,160,IBM
2025-12-16,9:34:28.295873372,T,305.5,440,306.05,160,IBM
2025-12-16,9:34:28.295873372,T,305.5,40,306.05,160,IBM
2025-12-16,9:34:28.295873372,T,305.03,160,306.05,160,IBM
2025-12-16,9:34:28.295908454,T,305.03,160,305.92,40,IBM
2025-12-16,9:34:28.295923455,T,305.03,160,306.05,160,IBM
2025-12-16,9:34:28.295948543,T,305.43,40,306.05,160,IBM
2025-12-16,9:34:28.295953523,T,305.43,40,306.01,40,IBM
2025-12-16,9:34:28.296334644,T,305.43,40,306.01,80,IBM
2025-12-16,9:34:28.296354453,T,305.43,40,306.01,40,IBM
2025-12-16,9:34:28.296354453,T,305.3,40,306.01,40,IBM
2025-12-16,9:34:28.306593906,T,305.3,40,306.05,160,IBM
2025-12-16,9:34:28.396031785,T,305.03,160,306.05,160,IBM
2025-12-16,9:34:31.006185366,T,305.4,40,306.05,160,IBM
2025-12-16,9:34:31.007102640,T,305.4,80,306.05,160,IBM
2025-12-16,9:34:31.007112672,T,305.4,120,306.05,160,IBM
2025-12-16,9:34:31.007152750,T,305.57,40,306.05,160,IBM
2025-12-16,9:34:31.007749111,T,305.57,40,306.05,200,IBM
2025-12-16,9:34:31.011633495,T,305.4,120,306.05,200,IBM
2025-12-16,9:34:31.014820938,T,305.4,120,306.05,40,IBM
2025-12-16,9:34:31.020529524,T,305.4,120,306.24,160,IBM
2025-12-16,9:34:31.387428018,T,305.4,120,305.8,40,IBM
2025-12-16,9:34:31.387448062,T,305.4,80,305.8,40,IBM
2025-12-16,9:34:31.387853985,T,305.4,80,305.8,80,IBM
2025-12-16,9:34:32.115811950,T,305.4,80,305.8,40,IBM
2025-12-16,9:34:32.115846998,T,305.4,40,305.8,40,IBM
2025-12-16,9:34:47.255848794,T,305.4,40,305.8,80,IBM
2025-12-16,9:34:47.386940956,T,305.4,40,305.8,40,IBM
2025-12-16,9:34:56.619013134,T,305.4,40,306.24,160,IBM
2025-12-16,9:35:04.037984533,T,305.4,80,306.24,160,IBM
2025-12-16,9:35:04.525660881,T,305.03,160,306.24,160,IBM
2025-12-16,9:35:04.525690557,T,305.03,160,305.75,40,IBM
2025-12-16,9:35:04.525690557,T,305.03,160,305.75,80,IBM
2025-12-16,9:35:04.526181765,T,305.03,160,305.57,40,IBM
2025-12-16,9:35:04.527590063,T,304.43,40,305.57,40,IBM
2025-12-16,9:35:04.527595167,T,304.81,160,305.57,40,IBM
2025-12-16,9:35:04.530226422,T,304.81,160,305.75,120,IBM
2025-12-16,9:35:04.530246442,T,304.81,160,305.75,40,IBM
2025-12-16,9:35:04.530707556,T,304.81,160,305.81,40,IBM
2025-12-16,9:35:04.536345896,T,304.81,160,305.93,40,IBM
2025-12-16,9:35:04.546941181,T,304.81,160,306.08,40,IBM
2025-12-16,9:35:04.625783825,T,304.81,160,306.09,40,IBM
2025-12-16,9:35:05.921874298,T,305.05,40,306.09,40,IBM
2025-12-16,9:35:05.921934787,T,304.81,200,306.09,40,IBM
2025-12-16,9:35:05.921989522,T,304.81,160,306.09,40,IBM
2025-12-16,9:35:05.922104931,T,304.81,200,306.09,40,IBM
2025-12-16,9:35:05.926640561,T,304.81,160,306.09,40,IBM
2025-12-16,9:35:05.972103881,T,304.81,160,305.26,40,IBM
2025-12-16,9:35:11.396948073,T,304.81,160,305.26,80,IBM
2025-12-16,9:35:11.397389177,T,304.81,160,305.25,40,IBM
2025-12-16,9:35:11.397870365,T,304.81,160,305.27,40,IBM
2025-12-16,9:35:11.398035696,T,304.82,80,305.27,40,IBM
2025-12-16,9:35:11.399895091,T,304.82,80,305.25,40,IBM
2025-12-16,9:35:11.400952702,T,304.82,80,305.27,40,IBM
2025-12-16,9:35:11.405693887,T,304.82,40,305.27,40,IBM
2025-12-16,9:35:11.405714034,T,304.82,40,305.08,40,IBM
2025-12-16,9:35:11.406150262,T,304.82,40,305.08,80,IBM
2025-12-16,9:35:11.406340455,T,304.82,40,305.02,40,IBM
2025-12-16,9:35:11.406656367,T,304.82,40,305.24,40,IBM
2025-12-16,9:35:11.406726417,T,304.82,40,305.25,40,IBM
2025-12-16,9:35:11.406881824,T,304.82,440,305.25,40,IBM
2025-12-16,9:35:11.407112302,T,304.82,440,305.24,40,IBM
2025-12-16,9:35:11.411638135,T,304.82,440,305.25,40,IBM
2025-12-16,9:35:11.411658118,T,304.82,440,305.27,40,IBM
2025-12-16,9:35:16.771201913,T,304.82,40,305.27,40,IBM
2025-12-16,9:35:16.771226966,T,304.85,400,305.27,40,IBM
2025-12-16,9:35:17.764160725,T,304.77,40,305.27,40,IBM
2025-12-16,9:35:17.764185792,T,304.93,400,305.27,40,IBM
2025-12-16,9:35:17.764200800,T,304.93,440,305.27,40,IBM
2025-12-16,9:35:17.764571714,T,304.93,40,305.27,40,IBM
2025-12-16,9:35:17.764591748,T,305.0,40,305.27,40,IBM
2025-12-16,9:35:17.764596705,T,305.0,440,305.27,40,IBM
2025-12-16,9:35:17.765007779,T,305.0,40,305.27,40,IBM
2025-12-16,9:35:17.765032801,T,305.0,320,305.27,40,IBM
2025-12-16,9:35:17.765323599,T,305.0,360,305.27,40,IBM
2025-12-16,9:35:17.765343618,T,305.0,40,305.27,40,IBM
2025-12-16,9:35:17.765358517,T,305.0,80,305.27,40,IBM
2025-12-16,9:35:17.765368580,T,305.06,320,305.27,40,IBM
2025-12-16,9:35:17.765458834,T,305.0,80,305.27,40,IBM
2025-12-16,9:35:17.765488828,T,305.07,280,305.27,40,IBM
2025-12-16,9:35:17.765659332,T,305.0,80,305.27,40,IBM
2025-12-16,9:35:17.765684351,T,305.07,200,305.27,40,IBM
2025-12-16,9:35:25.328548253,T,305.07,200,305.79,160,IBM
2025-12-16,9:35:25.328568257,T,305.0,80,305.79,160,IBM
2025-12-16,9:35:25.328568257,T,305.07,40,305.79,160,IBM
2025-12-16,9:35:25.328593355,T,305.26,200,305.79,160,IBM
2025-12-16,9:35:25.328618420,T,305.06,40,305.79,160,IBM
2025-12-16,9:35:25.328638702,T,304.93,40,305.79,160,IBM
2025-12-16,9:35:25.328653473,T,305.17,40,305.79,160,IBM
2025-12-16,9:35:25.328653473,T,305.17,40,305.69,40,IBM
2025-12-16,9:35:25.328663780,T,305.17,40,305.68,80,IBM
2025-12-16,9:35:25.328673876,T,305.17,40,305.48,80,IBM
2025-12-16,9:35:25.328683513,T,305.26,40,305.48,80,IBM
2025-12-16,9:35:25.328683513,T,305.17,80,305.48,80,IBM
2025-12-16,9:35:25.328688589,T,305.17,80,305.68,80,IBM
2025-12-16,9:35:25.328688589,T,305.17,80,305.48,40,IBM
2025-12-16,9:35:25.328703781,T,305.17,40,305.48,40,IBM
2025-12-16,9:35:25.328708621,T,305.17,40,305.68,80,IBM
2025-12-16,9:35:25.328713586,T,305.17,40,305.26,40,IBM
2025-12-16,9:35:25.328743754,T,305.17,40,305.68,80,IBM
2025-12-16,9:35:25.328753777,T,304.93,40,305.68,80,IBM
2025-12-16,9:35:25.328763751,T,305.06,40,305.68,80,IBM
2025-12-16,9:35:25.328773856,T,305.06,40,305.47,40,IBM
2025-12-16,9:35:25.328779297,T,304.93,40,305.47,40,IBM
2025-12-16,9:35:25.328848939,T,305.06,40,305.47,40,IBM
2025-12-16,9:35:25.328904353,T,305.06,40,305.34,40,IBM
2025-12-16,9:35:25.329009319,T,304.93,40,305.34,40,IBM
2025-12-16,9:35:25.329194818,T,304.77,40,305.34,40,IBM
2025-12-16,9:35:25.347653694,T,304.75,160,305.34,40,IBM
2025-12-16,9:35:28.428928961,T,304.75,160,305.34,80,IBM
2025-12-16,9:35:28.508819148,T,304.75,160,305.34,40,IBM
2025-12-16,9:35:32.254932033,T,304.75,160,305.79,160,IBM
2025-12-16,9:35:33.687873224,T,304.75,200,305.79,160,IBM
2025-12-16,9:35:37.978998494,T,305.07,40,305.79,160,IBM
2025-12-16,9:35:37.979008494,T,305.07,40,305.37,40,IBM
2025-12-16,9:35:37.979038539,T,304.92,40,305.37,40,IBM
2025-12-16,9:35:37.979224056,T,304.92,40,305.79,160,IBM
2025-12-16,9:35:37.980055959,T,304.75,200,305.79,160,IBM
2025-12-16,9:35:43.234093575,T,304.75,240,305.79,160,IBM
2025-12-16,9:35:43.635709654,T,304.75,200,305.79,160,IBM
2025-12-16,9:35:44.828774794,T,304.75,240,305.79,160,IBM
2025-12-16,9:35:46.688231697,T,304.75,200,305.79,160,IBM
2025-12-16,9:35:47.031207832,T,305.15,40,305.79,160,IBM
2025-12-16,9:35:47.031318079,T,304.75,200,305.79,160,IBM
2025-12-16,9:35:47.031678981,T,304.87,40,305.79,160,IBM
2025-12-16,9:35:47.031889459,T,304.87,80,305.79,160,IBM
2025-12-16,9:35:47.035062066,T,304.87,40,305.79,160,IBM
2025-12-16,9:35:47.037648183,T,305.15,40,305.79,160,IBM
2025-12-16,9:35:47.037683245,T,305.3,40,305.79,160,IBM
2025-12-16,9:35:47.038124311,T,305.3,40,305.79,200,IBM
2025-12-16,9:35:47.118911697,T,305.3,40,305.53,80,IBM
2025-12-16,9:35:47.118956778,T,305.3,40,305.53,120,IBM
2025-12-16,9:35:47.276226213,T,304.75,200,305.53,120,IBM
2025-12-16,9:35:47.276246267,T,304.75,200,305.53,80,IBM
2025-12-16,9:35:47.276251256,T,304.75,200,305.42,40,IBM
2025-12-16,9:35:47.276271260,T,304.75,200,305.3,40,IBM
2025-12-16,9:35:47.276306672,T,304.75,200,305.42,40,IBM
2025-12-16,9:35:47.276326415,T,304.75,200,305.53,80,IBM
2025-12-16,9:35:47.276977954,T,304.85,40,305.53,80,IBM
2025-12-16,9:35:47.278160823,T,304.85,80,305.53,80,IBM
2025-12-16,9:35:47.287352634,T,304.85,40,305.53,80,IBM
2025-12-16,9:35:47.296855317,T,304.75,200,305.53,80,IBM
2025-12-16,9:35:47.385536340,T,305.15,40,305.53,80,IBM
2025-12-16,9:35:47.385571423,T,305.3,40,305.53,80,IBM
2025-12-16,9:35:47.391661043,T,305.23,40,305.53,80,IBM
2025-12-16,9:35:48.244596359,T,305.23,40,305.53,120,IBM
2025-12-16,9:35:52.803348934,T,305.23,40,305.53,80,IBM
2025-12-16,9:35:53.329295987,T,305.23,40,305.79,160,IBM
2025-12-16,9:35:53.329320978,T,305.3,40,305.79,160,IBM
2025-12-16,9:35:53.329401184,T,305.46,40,305.79,160,IBM
2025-12-16,9:35:53.329406167,T,305.46,80,305.79,160,IBM
2025-12-16,9:35:53.329426291,T,305.46,80,306.09,40,IBM
2025-12-16,9:35:53.329436217,T,305.46,80,305.96,160,IBM
2025-12-16,9:35:53.329556612,T,305.46,40,305.96,160,IBM
2025-12-16,9:35:54.247727286,T,304.92,160,305.96,160,IBM
2025-12-16,9:35:54.249055497,T,304.92,200,305.96,160,IBM
2025-12-16,9:35:54.249266042,T,304.92,240,305.96,160,IBM
2025-12-16,9:35:54.249651955,T,304.92,200,305.96,160,IBM
2025-12-16,9:36:01.641674353,T,304.92,160,305.96,160,IBM
2025-12-16,9:36:03.201101512,T,304.92,160,305.53,40,IBM
2025-12-16,9:36:03.201522518,T,304.92,160,305.53,80,IBM
2025-12-16,9:36:03.217500478,T,304.92,160,305.31,40,IBM
2025-12-16,9:36:03.217881464,T,304.92,280,305.31,40,IBM
2025-12-16,9:36:03.217916485,T,304.92,280,305.53,40,IBM
2025-12-16,9:36:03.217921547,T,304.92,280,305.16,40,IBM
2025-12-16,9:36:03.218482823,T,304.92,280,305.16,80,IBM
2025-12-16,9:36:03.221855917,T,304.92,320,305.16,80,IBM
2025-12-16,9:36:03.221880869,T,304.92,320,305.16,40,IBM
2025-12-16,9:36:03.223163959,T,304.92,160,305.16,40,IBM
2025-12-16,9:36:03.272551602,T,304.92,40,305.16,40,IBM
2025-12-16,9:36:03.272626736,T,304.75,40,305.16,40,IBM
2025-12-16,9:36:03.826044107,T,304.75,40,305.96,160,IBM
2025-12-16,9:36:04.220528194,T,304.75,40,306.05,40,IBM
2025-12-16,9:36:04.220538213,T,304.75,40,305.74,160,IBM
2025-12-16,9:36:11.711205431,T,304.78,40,305.74,160,IBM
2025-12-16,9:36:11.711215446,T,304.75,40,305.74,160,IBM
2025-12-16,9:36:11.711275601,T,305.02,40,305.74,160,IBM
2025-12-16,9:36:11.711375734,T,304.93,40,305.74,160,IBM
2025-12-16,9:36:11.711491036,T,305.02,40,305.74,160,IBM
2025-12-16,9:36:11.711601294,T,304.93,40,305.74,160,IBM
2025-12-16,9:36:11.711616314,T,305.02,40,305.74,160,IBM
2025-12-16,9:36:11.713505861,T,305.04,40,305.74,160,IBM
2025-12-16,9:36:11.713555959,T,305.1,40,305.74,160,IBM
2025-12-16,9:36:11.718031601,T,305.04,40,305.74,160,IBM
2025-12-16,9:36:14.456846541,T,305.04,80,305.74,160,IBM
2025-12-16,9:36:14.456856818,T,305.1,40,305.74,160,IBM
2025-12-16,9:36:14.456921819,T,305.29,40,305.74,160,IBM
2025-12-16,9:36:14.457072111,T,305.29,80,305.74,160,IBM
2025-12-16,9:36:14.457077168,T,305.29,40,305.74,160,IBM
2025-12-16,9:36:14.457167386,T,305.29,80,305.74,160,IBM
2025-12-16,9:36:14.457668515,T,305.29,80,305.74,200,IBM
2025-12-16,9:36:14.458244908,T,305.29,80,305.74,280,IBM
2025-12-16,9:36:14.467371659,T,305.29,40,305.74,280,IBM
2025-12-16,9:36:14.467597133,T,305.29,40,305.74,120,IBM
2025-12-16,9:36:21.868595733,T,305.07,160,305.74,120,IBM
2025-12-16,9:36:23.510604675,T,305.07,160,305.74,80,IBM
2025-12-16,9:36:23.510604675,T,305.07,160,306.1,160,IBM
2025-12-16,9:36:23.510604675,T,305.07,160,305.61,40,IBM
2025-12-16,9:36:23.510624720,T,305.07,160,306.05,40,IBM
2025-12-16,9:36:23.510629678,T,305.07,160,305.48,120,IBM
2025-12-16,9:36:23.510669874,T,305.07,160,306.05,40,IBM
2025-12-16,9:36:23.510800403,T,305.4,40,306.05,40,IBM
2025-12-16,9:36:23.521650964,T,305.4,40,306.1,160,IBM
2025-12-16,9:36:37.603288325,T,305.07,160,306.1,160,IBM
2025-12-16,9:36:37.603298315,T,305.07,160,306.09,40,IBM
2025-12-16,9:36:37.603313349,T,305.07,160,305.6,40,IBM
2025-12-16,9:36:37.603328339,T,305.07,160,305.5,40,IBM
2025-12-16,9:36:37.603458694,T,305.1,40,305.5,40,IBM
2025-12-16,9:36:37.604125252,T,305.1,360,305.5,40,IBM
2025-12-16,9:36:37.604155340,T,305.1,360,306.05,40,IBM
2025-12-16,9:36:37.604340827,T,305.1,400,306.05,40,IBM
2025-12-16,9:36:37.604360774,T,305.1,400,306.1,160,IBM
2025-12-16,9:36:37.604360774,T,305.1,360,306.1,160,IBM
2025-12-16,9:36:37.604360774,T,305.07,160,306.1,160,IBM
2025-12-16,9:36:37.604385850,T,305.22,360,306.1,160,IBM
2025-12-16,9:36:39.073783960,T,305.22,360,306.09,40,IBM
2025-12-16,9:36:39.073793910,T,305.22,360,305.42,40,IBM
2025-12-16,9:36:39.165963342,T,305.22,360,306.09,40,IBM
2025-12-16,9:36:39.902246085,T,305.22,400,306.09,40,IBM
2025-12-16,9:36:39.902536714,T,305.07,160,306.09,40,IBM
2025-12-16,9:36:39.902561846,T,305.27,400,306.09,40,IBM
2025-12-16,9:36:39.902707199,T,305.22,40,306.09,40,IBM
2025-12-16,9:36:39.902712141,T,305.07,160,306.09,40,IBM
2025-12-16,9:36:39.902717165,T,305.35,40,306.09,40,IBM
2025-12-16,9:36:39.902732254,T,305.35,440,306.09,40,IBM
2025-12-16,9:36:39.902792483,T,305.35,400,306.09,40,IBM
2025-12-16,9:36:39.902842450,T,305.35,40,306.09,40,IBM
2025-12-16,9:36:39.902867582,T,305.39,400,306.09,40,IBM
2025-12-16,9:36:40.462329359,T,305.35,40,306.09,40,IBM
2025-12-16,9:36:40.462344565,T,305.39,40,306.09,40,IBM
2025-12-16,9:36:40.462349412,T,305.44,400,306.09,40,IBM
2025-12-16,9:36:41.753959343,T,305.44,400,306.1,160,IBM
2025-12-16,9:36:41.753979341,T,305.07,160,306.1,160,IBM
2025-12-16,9:36:41.753984429,T,305.44,40,306.1,160,IBM
2025-12-16,9:36:41.754004453,T,305.6,360,306.1,160,IBM
2025-12-16,9:36:41.754044569,T,305.6,40,306.1,160,IBM
2025-12-16,9:36:42.084826992,T,305.6,80,306.1,160,IBM
2025-12-16,9:36:42.084852048,T,305.6,80,306.32,40,IBM
2025-12-16,9:36:42.084856990,T,305.6,80,306.27,160,IBM
2025-12-16,9:36:42.338180110,T,305.6,40,306.27,160,IBM
2025-12-16,9:36:42.338896804,T,305.23,160,306.27,160,IBM
2025-12-16,9:36:42.338926830,T,305.81,40,306.27,160,IBM
2025-12-16,9:36:42.339182480,T,305.23,160,306.27,160,IBM
2025-12-16,9:36:42.339187437,T,305.93,40,306.27,160,IBM
2025-12-16,9:36:42.339207534,T,306.05,40,306.27,160,IBM
2025-12-16,9:36:42.339242909,T,305.93,40,306.27,160,IBM
2025-12-16,9:36:42.339252629,T,306.05,40,306.27,160,IBM
2025-12-16,9:36:42.339272642,T,305.93,40,306.27,160,IBM
2025-12-16,9:36:42.339272642,T,305.23,160,306.27,160,IBM
2025-12-16,9:36:42.343111814,T,305.23,160,306.53,40,IBM
2025-12-16,9:36:42.343121840,T,305.23,160,306.47,160,IBM
2025-12-16,9:36:42.457007994,T,305.23,160,306.26,40,IBM
2025-12-16,9:36:43.448889219,T,305.23,160,306.1,40,IBM
2025-12-16,9:36:43.688013639,T,305.23,160,306.26,40,IBM
2025-12-16,9:36:47.113037040,T,304.91,40,306.26,40,IBM
2025-12-16,9:36:47.113041896,T,305.41,160,306.26,40,IBM
2025-12-16,9:36:59.360397591,T,305.63,40,306.26,40,IBM
2025-12-16,9:36:59.365590042,T,305.41,160,306.26,40,IBM
2025-12-16,9:37:01.473443001,T,305.19,40,306.26,40,IBM
2025-12-16,9:37:01.473448022,T,305.58,160,306.26,40,IBM
2025-12-16,9:37:16.097431388,T,305.63,40,306.26,40,IBM
2025-12-16,9:37:16.097436354,T,305.58,160,306.26,40,IBM
2025-12-16,9:37:16.189054499,T,305.58,160,306.03,40,IBM
2025-12-16,9:37:16.189279982,T,305.69,40,306.03,40,IBM
2025-12-16,9:37:16.189450463,T,305.69,40,306.12,40,IBM
2025-12-16,9:37:16.189450463,T,305.93,40,306.12,40,IBM
2025-12-16,9:37:16.189500495,T,305.93,40,306.26,40,IBM
2025-12-16,9:37:16.189711022,T,305.58,160,306.26,40,IBM
2025-12-16,9:37:16.189731096,T,305.58,160,306.1,40,IBM
2025-12-16,9:37:16.189836330,T,305.58,160,306.26,80,IBM
2025-12-16,9:37:16.190001720,T,305.69,40,306.26,80,IBM
2025-12-16,9:37:16.190021780,T,305.9,40,306.26,80,IBM
2025-12-16,9:37:16.190137383,T,305.58,160,306.26,80,IBM
2025-12-16,9:37:16.190137383,T,305.58,160,306.2,40,IBM
2025-12-16,9:37:16.190698443,T,305.6,40,306.2,40,IBM
2025-12-16,9:37:16.198627598,T,305.58,160,306.2,40,IBM
2025-12-16,9:37:16.198647462,T,305.58,160,306.05,40,IBM
2025-12-16,9:37:16.199013244,T,305.58,160,306.04,40,IBM
2025-12-16,9:37:16.204205557,T,305.58,160,306.05,40,IBM
2025-12-16,9:37:16.204225557,T,305.58,160,306.25,40,IBM
2025-12-16,9:37:16.289954691,T,305.58,160,306.26,40,IBM
2025-12-16,9:37:16.455984956,T,305.58,160,306.24,40,IBM
2025-12-16,9:37:16.686208055,T,305.58,160,306.24,80,IBM
2025-12-16,9:37:16.687556198,T,305.58,160,306.24,40,IBM
2025-12-16,9:37:17.361179766,T,305.58,160,306.24,80,IBM
2025-12-16,9:37:19.309092263,T,305.58,160,306.24,120,IBM
2025-12-16,9:37:19.309187307,T,305.58,160,306.23,40,IBM
2025-12-16,9:37:19.309207330,T,305.58,160,306.24,120,IBM
2025-12-16,9:37:19.309207330,T,305.58,160,306.03,40,IBM
2025-12-16,9:37:19.309593325,T,305.03,40,306.03,40,IBM
2025-12-16,9:37:19.309598307,T,305.39,160,306.03,40,IBM
2025-12-16,9:37:19.309613334,T,305.39,160,305.86,40,IBM
2025-12-16,9:37:19.309648406,T,305.39,160,305.85,40,IBM
2025-12-16,9:37:19.310259902,T,305.39,160,305.86,120,IBM
2025-12-16,9:37:19.310259902,T,305.39,160,305.72,40,IBM
2025-12-16,9:37:19.314419747,T,305.39,160,305.86,40,IBM
2025-12-16,9:37:19.320599447,T,305.39,160,306.26,40,IBM
2025-12-16,9:37:19.320885198,T,304.79,40,306.26,40,IBM
2025-12-16,9:37:19.423058388,T,305.11,160,306.26,40,IBM
2025-12-16,9:37:19.815287045,T,305.11,160,306.45,40,IBM
2025-12-16,9:37:20.310676245,T,305.16,40,306.45,40,IBM
2025-12-16,9:37:21.513860530,T,305.16,40,306.39,200,IBM
2025-12-16,9:37:23.749602910,T,305.16,40,305.71,40,IBM
2025-12-16,9:37:23.752585020,T,305.16,40,305.71,80,IBM
2025-12-16,9:37:23.752850698,T,305.16,40,305.71,120,IBM
2025-12-16,9:37:23.755968124,T,305.16,40,305.71,160,IBM
2025-12-16,9:37:25.750040463,T,305.11,200,305.71,160,IBM
2025-12-16,9:37:25.750897455,T,305.11,160,305.71,160,IBM
2025-12-16,9:37:25.924184912,T,305.11,160,305.5,40,IBM
2025-12-16,9:37:25.924525701,T,304.79,40,305.5,40,IBM
2025-12-16,9:37:25.924535822,T,304.9,160,305.5,40,IBM
2025-12-16,9:37:25.924651045,T,304.9,160,305.5,80,IBM
2025-12-16,9:37:25.925046965,T,304.9,160,305.5,120,IBM
2025-12-16,9:37:25.925057097,T,304.9,160,305.5,160,IBM
2025-12-16,9:37:27.539775700,T,304.9,160,305.5,120,IBM
2025-12-16,9:37:30.003285207,T,304.9,160,305.4,40,IBM
2025-12-16,9:37:30.004157328,T,304.9,160,305.4,80,IBM
2025-12-16,9:37:30.004167632,T,304.9,160,305.4,120,IBM
2025-12-16,9:37:30.095454615,T,304.9,160,305.4,80,IBM
2025-12-16,9:37:30.472296803,T,304.9,160,305.4,40,IBM
2025-12-16,9:37:31.666128707,T,304.9,160,305.93,40,IBM
2025-12-16,9:37:35.322723560,T,304.9,160,305.93,80,IBM
2025-12-16,9:37:37.885885565,T,304.9,160,305.84,40,IBM
2025-12-16,9:37:38.706037878,T,304.9,160,305.73,40,IBM
2025-12-16,9:37:42.521937116,T,304.9,160,305.93,80,IBM
2025-12-16,9:37:42.521997131,T,305.15,40,305.93,80,IBM
2025-12-16,9:37:42.522012126,T,304.9,160,305.93,80,IBM
2025-12-16,9:37:42.522157468,T,304.9,160,305.33,40,IBM
2025-12-16,9:37:42.582736633,T,304.9,160,305.93,80,IBM
2025-12-16,9:37:44.029074658,T,304.9,160,305.33,40,IBM
2025-12-16,9:37:44.029109774,T,304.9,160,305.23,40,IBM
2025-12-16,9:37:44.032838647,T,304.24,40,305.23,40,IBM
2025-12-16,9:37:44.032848582,T,304.72,160,305.23,40,IBM
2025-12-16,9:37:45.029586416,T,304.72,160,305.33,40,IBM
2025-12-16,9:37:46.536604004,T,304.72,160,305.84,40,IBM
2025-12-16,9:37:48.202093805,T,304.72,160,305.73,160,IBM
2025-12-16,9:37:52.834977819,T,304.89,40,305.73,160,IBM
2025-12-16,9:37:52.834982794,T,305.12,40,305.73,160,IBM
2025-12-16,9:37:52.835163275,T,304.72,160,305.73,160,IBM
2025-12-16,9:37:52.835529052,T,304.72,160,305.2,80,IBM
2025-12-16,9:37:52.835549119,T,304.72,160,305.73,160,IBM
2025-12-16,9:37:52.835579230,T,304.89,40,305.73,160,IBM
2025-12-16,9:37:52.835594269,T,304.72,160,305.73,160,IBM
2025-12-16,9:37:52.835629295,T,304.72,200,305.73,160,IBM
2025-12-16,9:37:52.835644698,T,304.72,160,305.73,160,IBM
2025-12-16,9:37:52.835734576,T,304.67,40,305.73,160,IBM
2025-12-16,9:37:52.835740006,T,304.78,40,305.73,160,IBM
2025-12-16,9:37:52.835740006,T,304.95,160,305.73,160,IBM
2025-12-16,9:37:52.835864930,T,304.95,160,305.49,40,IBM
2025-12-16,9:37:52.837278266,T,304.95,160,305.37,40,IBM
2025-12-16,9:37:52.842776306,T,304.95,160,305.49,40,IBM
2025-12-16,9:37:53.037820609,T,304.95,160,305.73,160,IBM
2025-12-16,9:37:53.068979772,T,304.95,160,305.64,40,IBM
2025-12-16,9:37:53.480765172,T,304.95,160,305.89,200,IBM
2025-12-16,9:37:53.480815230,T,304.95,160,305.65,40,IBM
2025-12-16,9:37:53.607807618,T,304.95,160,305.89,200,IBM
2025-12-16,9:37:53.608303832,T,304.95,160,305.84,40,IBM
2025-12-16,9:37:53.821240810,T,304.95,160,305.89,200,IBM
2025-12-16,9:37:53.825160105,T,304.95,160,305.73,40,IBM
2025-12-16,9:37:54.070514121,T,304.95,160,305.89,200,IBM
2025-12-16,9:37:55.037280534,T,304.95,160,305.72,40,IBM
2025-12-16,9:37:55.037491060,T,304.95,160,305.72,80,IBM
2025-12-16,9:37:55.037701566,T,304.95,160,305.72,120,IBM
2025-12-16,9:37:55.198088745,T,304.95,160,305.72,80,IBM
2025-12-16,9:37:55.198118427,T,304.95,160,305.72,40,IBM
2025-12-16,9:37:55.198464213,T,304.95,160,305.72,80,IBM
2025-12-16,9:37:55.198499285,T,304.95,160,305.71,40,IBM
2025-12-16,9:37:55.200448979,T,304.95,160,305.71,80,IBM
2025-12-16,9:37:55.200679456,T,304.95,160,305.71,120,IBM
2025-12-16,9:37:55.309217850,T,304.95,160,305.71,80,IBM
2025-12-16,9:37:55.309237936,T,304.95,160,305.71,40,IBM
2025-12-16,9:37:55.309298095,T,304.95,160,305.7,40,IBM
2025-12-16,9:37:55.488895572,T,304.95,160,305.71,40,IBM
2025-12-16,9:37:55.489311586,T,304.95,160,305.89,200,IBM
2025-12-16,9:37:56.650034783,T,304.95,160,305.69,40,IBM
2025-12-16,9:37:56.650245204,T,304.95,160,305.69,80,IBM
2025-12-16,9:37:56.650455727,T,304.95,160,305.69,120,IBM
2025-12-16,9:37:56.650470792,T,304.95,160,305.69,160,IBM
2025-12-16,9:37:56.652400423,T,305.2,40,305.69,160,IBM
2025-12-16,9:37:56.749165710,T,305.2,40,305.69,120,IBM
2025-12-16,9:37:56.792007689,T,305.2,40,305.69,80,IBM
2025-12-16,9:37:56.792513996,T,305.2,40,305.68,40,IBM
2025-12-16,9:37:56.792944965,T,305.2,40,305.68,80,IBM
2025-12-16,9:37:56.793155523,T,305.2,40,305.68,120,IBM
2025-12-16,9:37:57.475960956,T,305.2,40,305.68,80,IBM
2025-12-16,9:37:57.475985919,T,305.2,40,305.68,40,IBM
2025-12-16,9:37:57.476341828,T,305.2,40,305.67,40,IBM
2025-12-16,9:37:57.476772882,T,305.2,40,305.67,80,IBM
2025-12-16,9:37:57.476983350,T,305.2,40,305.67,120,IBM
2025-12-16,9:37:57.548704085,T,305.2,40,305.67,80,IBM
2025-12-16,9:37:58.329217158,T,305.2,40,305.67,40,IBM
2025-12-16,9:37:58.395099080,T,305.2,40,305.67,80,IBM
2025-12-16,9:37:58.509150570,T,305.2,40,305.67,40,IBM
2025-12-16,9:37:59.439034268,T,304.95,160,305.67,40,IBM
2025-12-16,9:38:00.031163841,T,304.95,160,305.89,200,IBM
2025-12-16,9:38:02.867295530,T,304.95,160,305.66,40,IBM
2025-12-16,9:38:04.027948485,T,304.95,160,305.89,200,IBM
2025-12-16,9:38:05.515058818,T,304.95,160,305.45,40,IBM
2025-12-16,9:38:07.002224033,T,304.95,160,305.42,40,IBM
2025-12-16,9:38:07.002544782,T,304.95,160,305.42,80,IBM
2025-12-16,9:38:07.002725287,T,304.95,160,305.42,120,IBM
2025-12-16,9:38:07.002810389,T,304.95,160,305.42,160,IBM
2025-12-16,9:38:07.002845658,T,304.95,160,305.42,120,IBM
2025-12-16,9:38:07.003998250,T,304.43,40,305.42,120,IBM
2025-12-16,9:38:07.004008307,T,304.77,160,305.42,120,IBM
2025-12-16,9:38:07.094759279,T,304.77,160,305.42,80,IBM
2025-12-16,9:38:08.701258646,T,304.77,160,305.32,40,IBM
2025-12-16,9:38:08.701774949,T,304.77,160,305.32,80,IBM
2025-12-16,9:38:08.802264237,T,304.77,160,305.32,40,IBM
2025-12-16,9:38:19.001238544,T,304.77,160,305.73,160,IBM
2025-12-16,9:38:19.735060531,T,304.77,160,306.06,40,IBM
2025-12-16,9:38:19.735065506,T,304.77,160,305.57,160,IBM
2025-12-16,9:38:19.735977801,T,304.0,40,305.57,160,IBM
2025-12-16,9:38:19.735982700,T,304.59,160,305.57,160,IBM
2025-12-16,9:38:25.008739888,T,304.97,40,305.57,160,IBM
2025-12-16,9:38:25.008880294,T,304.59,160,305.57,160,IBM
2025-12-16,9:38:25.009251012,T,304.59,200,305.57,160,IBM
2025-12-16,9:38:25.009291149,T,304.59,160,305.57,160,IBM
2025-12-16,9:38:37.270660302,T,304.59,160,305.28,40,IBM
2025-12-16,9:38:37.270930876,T,304.59,160,305.28,80,IBM
2025-12-16,9:38:37.272193855,T,304.59,160,305.28,120,IBM
2025-12-16,9:38:37.274664813,T,304.59,160,305.28,80,IBM
2025-12-16,9:38:37.274845161,T,304.59,160,305.28,40,IBM
2025-12-16,9:38:37.276905098,T,304.59,160,305.28,80,IBM
2025-12-16,9:38:37.277331136,T,304.59,160,305.28,120,IBM
2025-12-16,9:38:37.290973647,T,304.59,160,305.28,80,IBM
2025-12-16,9:38:37.579280017,T,304.59,160,305.05,40,IBM
2025-12-16,9:38:37.579500516,T,304.59,160,305.05,80,IBM
2025-12-16,9:38:37.579550660,T,304.59,160,304.96,40,IBM
2025-12-16,9:38:37.584021241,T,304.59,160,305.04,40,IBM
2025-12-16,9:38:37.584046352,T,304.59,160,305.05,80,IBM
2025-12-16,9:38:37.584066376,T,304.59,160,305.05,40,IBM
2025-12-16,9:38:37.590321282,T,304.59,160,305.36,40,IBM
2025-12-16,9:38:37.680816802,T,304.59,160,305.4,40,IBM
2025-12-16,9:38:37.688896058,T,304.59,160,305.36,40,IBM
2025-12-16,9:38:37.688926101,T,304.59,160,304.91,40,IBM
2025-12-16,9:38:37.693196201,T,304.0,40,304.91,40,IBM
2025-12-16,9:38:37.693206297,T,304.44,160,304.91,40,IBM
2025-12-16,9:38:37.693416797,T,304.44,160,305.28,40,IBM
2025-12-16,9:38:37.693446855,T,304.44,160,305.4,40,IBM
2025-12-16,9:38:38.271061967,T,304.59,80,305.4,40,IBM
2025-12-16,9:38:41.599129590,T,304.59,80,305.38,160,IBM
2025-12-16,9:38:43.678138792,T,304.59,80,305.36,40,IBM
2025-12-16,9:38:43.678183873,T,304.59,80,305.29,40,IBM
2025-12-16,9:38:43.678319170,T,304.59,80,304.81,40,IBM
2025-12-16,9:38:43.678349185,T,304.44,160,304.81,40,IBM
2025-12-16,9:38:43.678354249,T,304.44,160,305.29,40,IBM
2025-12-16,9:38:43.678374277,T,304.44,160,305.36,40,IBM
2025-12-16,9:38:43.678379366,T,304.44,160,305.28,40,IBM
2025-12-16,9:38:43.678409345,T,304.59,40,305.28,40,IBM
2025-12-16,9:38:43.678449439,T,304.59,40,305.18,40,IBM
2025-12-16,9:38:43.678484543,T,304.59,80,305.18,40,IBM
2025-12-16,9:38:43.678510144,T,304.59,40,305.18,40,IBM
2025-12-16,9:38:43.678534787,T,304.59,40,304.73,40,IBM
2025-12-16,9:38:43.678559787,T,304.44,160,304.73,40,IBM
2025-12-16,9:38:43.678715135,T,304.44,160,305.36,40,IBM
2025-12-16,9:38:43.678770287,T,303.86,40,305.36,40,IBM
2025-12-16,9:38:43.678775284,T,304.27,160,305.36,40,IBM
2025-12-16,9:38:43.678830340,T,304.27,160,305.28,40,IBM
2025-12-16,9:38:43.679111100,T,304.27,160,304.7,40,IBM
2025-12-16,9:38:43.680308851,T,304.27,160,305.29,40,IBM
2025-12-16,9:38:43.680333989,T,304.27,160,304.75,40,IBM
2025-12-16,9:38:43.680810193,T,304.27,160,304.7,40,IBM
2025-12-16,9:38:43.680810193,T,304.27,160,304.65,40,IBM
2025-12-16,9:38:43.682574409,T,304.27,160,305.18,40,IBM
2025-12-16,9:38:43.682584282,T,304.27,160,305.29,40,IBM
2025-12-16,9:38:43.682619346,T,304.27,160,305.36,40,IBM
2025-12-16,9:38:44.678971323,T,304.27,200,305.36,40,IBM
2025-12-16,9:38:44.748211184,T,304.27,160,305.36,40,IBM
2025-12-16,9:38:44.748266318,T,304.27,200,305.36,40,IBM
2025-12-16,9:38:45.544967974,T,304.27,160,305.36,40,IBM
2025-12-16,9:38:45.618603205,T,304.27,160,305.29,40,IBM
2025-12-16,9:38:52.612718391,T,304.27,160,305.36,40,IBM
2025-12-16,9:38:53.272228636,T,304.27,160,304.8,40,IBM
2025-12-16,9:38:53.272253439,T,304.27,160,304.8,80,IBM
2025-12-16,9:38:53.272278482,T,304.27,160,304.72,40,IBM
2025-12-16,9:38:53.272278482,T,304.27,160,304.69,40,IBM
2025-12-16,9:38:53.272333588,T,304.27,160,304.8,40,IBM
2025-12-16,9:38:53.272333588,T,304.27,160,304.62,40,IBM
2025-12-16,9:38:53.277476200,T,304.27,160,304.8,80,IBM
2025-12-16,9:38:53.364482960,T,304.27,160,304.8,40,IBM
2025-12-16,9:38:53.364502966,T,304.27,160,305.29,40,IBM
2025-12-16,9:38:53.374436660,T,304.27,160,305.36,40,IBM
2025-12-16,9:38:55.515288150,T,304.27,160,305.18,160,IBM
2025-12-16,9:38:55.549459507,T,304.27,200,305.18,160,IBM
2025-12-16,9:38:56.584834241,T,304.27,160,305.18,160,IBM
2025-12-16,9:38:56.605648739,T,304.44,40,305.18,160,IBM
2025-12-16,9:39:02.361470845,T,304.12,160,305.18,160,IBM
2025-12-16,9:39:02.361621235,T,304.12,160,304.62,40,IBM
2025-12-16,9:39:02.362002118,T,304.12,160,304.53,40,IBM
2025-12-16,9:39:02.373950575,T,304.12,160,304.53,80,IBM
2025-12-16,9:39:02.459835070,T,304.12,160,304.53,120,IBM
2025-12-16,9:39:03.241521096,T,304.12,160,304.53,80,IBM
2025-12-16,9:39:03.241521096,T,304.12,160,304.53,40,IBM
2025-12-16,9:39:03.241521096,T,304.12,160,305.01,160,IBM
2025-12-16,9:39:03.241561032,T,304.25,40,305.01,160,IBM
2025-12-16,9:39:03.241606148,T,304.44,80,305.01,160,IBM
2025-12-16,9:39:03.242077273,T,304.44,40,305.01,160,IBM
2025-12-16,9:39:03.242418117,T,304.44,80,305.01,160,IBM
2025-12-16,9:39:03.242428114,T,304.47,40,305.01,160,IBM
2025-12-16,9:39:03.243465616,T,304.44,40,305.01,160,IBM
2025-12-16,9:39:03.243465616,T,304.47,40,305.01,160,IBM
2025-12-16,9:39:03.243470539,T,304.54,40,305.01,160,IBM
2025-12-16,9:39:03.243510714,T,304.55,40,305.01,160,IBM
2025-12-16,9:39:03.243515688,T,304.55,80,305.01,160,IBM
2025-12-16,9:39:03.243530725,T,304.55,80,305.01,320,IBM
2025-12-16,9:39:03.249545073,T,304.62,40,305.01,320,IBM
2025-12-16,9:39:03.253885330,T,304.62,40,305.01,160,IBM
2025-12-16,9:39:03.253910401,T,304.62,40,304.76,160,IBM
2025-12-16,9:39:03.254642213,T,304.62,40,304.76,200,IBM
2025-12-16,9:39:03.399657381,T,304.62,40,304.76,160,IBM
2025-12-16,9:39:03.578417862,T,304.62,40,304.76,120,IBM
2025-12-16,9:39:03.578417862,T,304.62,40,304.76,160,IBM
2025-12-16,9:39:03.578437951,T,304.62,40,304.76,80,IBM
2025-12-16,9:39:03.578437951,T,304.62,40,304.76,40,IBM
2025-12-16,9:39:03.578473007,T,304.62,40,305.01,160,IBM
2025-12-16,9:39:03.881018292,T,304.62,40,305.36,40,IBM
2025-12-16,9:39:03.881028282,T,304.62,40,305.16,160,IBM
2025-12-16,9:39:09.323068483,T,304.55,40,305.16,160,IBM
2025-12-16,9:39:09.323073530,T,304.55,40,304.9,40,IBM
2025-12-16,9:39:09.323093959,T,304.55,40,304.85,40,IBM
2025-12-16,9:39:09.323093959,T,304.55,40,304.85,80,IBM
2025-12-16,9:39:09.323123594,T,304.55,40,304.79,40,IBM
2025-12-16,9:39:09.323169121,T,304.55,40,304.85,40,IBM
2025-12-16,9:39:09.323169121,T,304.55,40,304.7,40,IBM
2025-12-16,9:39:09.323233956,T,304.55,40,304.85,80,IBM
2025-12-16,9:39:09.323273967,T,304.12,160,304.85,80,IBM
2025-12-16,9:39:09.323504543,T,304.12,160,304.85,40,IBM
2025-12-16,9:39:09.323524545,T,304.12,160,305.16,160,IBM
2025-12-16,9:39:10.224970906,T,304.46,40,305.16,160,IBM
2025-12-16,9:39:10.225020729,T,304.46,120,305.16,160,IBM
2025-12-16,9:39:10.225095833,T,304.52,40,305.16,160,IBM
2025-12-16,9:39:10.277655988,T,304.65,40,305.16,160,IBM
2025-12-16,9:39:10.277696143,T,304.65,120,305.16,160,IBM
2025-12-16,9:39:10.336260529,T,304.65,40,305.16,160,IBM
2025-12-16,9:39:11.239951756,T,304.77,40,305.16,160,IBM
2025-12-16,9:39:11.240031936,T,304.77,80,305.16,160,IBM
2025-12-16,9:39:11.240583343,T,304.77,120,305.16,160,IBM
2025-12-16,9:39:11.603672661,T,304.77,80,305.16,160,IBM
2025-12-16,9:39:12.679177967,T,304.77,40,305.16,160,IBM
2025-12-16,9:39:13.394009596,T,304.77,40,305.4,40,IBM
2025-12-16,9:39:13.394014593,T,304.77,40,305.31,160,IBM
2025-12-16,9:39:14.333696621,T,304.3,160,305.31,160,IBM
2025-12-16,9:39:22.522470784,T,304.94,40,305.31,160,IBM
2025-12-16,9:39:24.951463127,T,304.98,40,305.31,160,IBM
2025-12-16,9:39:24.953362649,T,304.99,40,305.31,160,IBM
2025-12-16,9:39:24.953397753,T,305.11,40,305.31,160,IBM
2025-12-16,9:39:24.953783654,T,305.11,40,305.73,40,IBM
2025-12-16,9:39:24.953788723,T,305.11,40,305.6,160,IBM
2025-12-16,9:39:24.959497352,T,305.03,40,305.6,160,IBM
2025-12-16,9:39:32.538118744,T,304.98,40,305.6,160,IBM
2025-12-16,9:39:32.538173894,T,304.52,160,305.6,160,IBM
2025-12-16,9:39:32.586478805,T,304.52,200,305.6,160,IBM
2025-12-16,9:39:32.586518945,T,304.52,160,305.6,160,IBM
2025-12-16,9:39:32.586564112,T,304.6,40,305.6,160,IBM
2025-12-16,9:39:32.586574105,T,304.52,160,305.6,160,IBM
2025-12-16,9:39:32.586599114,T,304.6,40,305.6,160,IBM
2025-12-16,9:39:32.586604125,T,305.25,40,305.6,160,IBM
2025-12-16,9:39:32.587080274,T,305.25,40,306.17,40,IBM
2025-12-16,9:39:32.587090335,T,305.25,40,305.76,160,IBM
2025-12-16,9:39:32.587736814,T,305.25,40,305.73,40,IBM
2025-12-16,9:39:32.587766920,T,305.25,40,305.76,160,IBM
2025-12-16,9:39:32.588784358,T,305.25,40,305.71,160,IBM
2025-12-16,9:39:33.590408813,T,305.25,40,305.7,160,IBM
2025-12-16,9:39:33.595280447,T,304.82,40,305.7,160,IBM
2025-12-16,9:39:39.657351590,T,304.75,160,305.7,160,IBM
2025-12-16,9:39:39.657391741,T,304.75,160,305.66,40,IBM
2025-12-16,9:39:39.894025138,T,304.75,160,305.7,160,IBM
2025-12-16,9:39:43.542991711,T,304.82,40,305.7,160,IBM
2025-12-16,9:39:49.156064210,T,304.75,160,305.7,160,IBM
2025-12-16,9:40:00.720709822,T,304.75,160,305.31,40,IBM
2025-12-16,9:40:00.720885178,T,304.75,160,305.7,160,IBM
2025-12-16,9:40:00.720890210,T,304.75,160,305.31,40,IBM
2025-12-16,9:40:00.720890210,T,304.75,160,305.3,40,IBM
2025-12-16,9:40:00.720980456,T,304.75,160,305.31,40,IBM
2025-12-16,9:40:00.721346244,T,304.49,40,305.31,40,IBM
2025-12-16,9:40:00.721356350,T,304.55,200,305.31,40,IBM
2025-12-16,9:40:00.721486644,T,304.55,200,305.7,160,IBM
2025-12-16,9:40:00.730819237,T,304.55,200,305.31,40,IBM
2025-12-16,9:40:00.745924778,T,304.55,200,305.21,40,IBM
2025-12-16,9:40:00.755587798,T,304.55,200,305.31,40,IBM
2025-12-16,9:40:00.785423826,T,304.55,200,305.21,40,IBM
2025-12-16,9:40:00.785844777,T,304.55,200,305.21,80,IBM
2025-12-16,9:40:00.802574662,T,304.55,200,305.21,40,IBM
2025-12-16,9:40:01.243614518,T,304.55,200,305.7,160,IBM
2025-12-16,9:40:01.364041128,T,304.55,200,305.54,40,IBM
2025-12-16,9:40:02.362999337,T,304.55,200,305.7,160,IBM
2025-12-16,9:40:03.363155383,T,304.55,200,305.54,40,IBM
2025-12-16,9:40:03.798812375,T,304.71,40,305.54,40,IBM
2025-12-16,9:40:04.362704828,T,304.71,40,305.64,40,IBM
2025-12-16,9:40:04.369671456,T,304.95,40,305.64,40,IBM
2025-12-16,9:40:04.370588559,T,304.95,40,305.7,160,IBM
2025-12-16,9:40:04.370628728,T,305.05,40,305.7,160,IBM
2025-12-16,9:40:04.370663840,T,305.05,120,305.7,160,IBM
2025-12-16,9:40:04.371084824,T,305.05,160,305.7,160,IBM
2025-12-16,9:40:04.371109857,T,305.05,120,305.7,160,IBM
2025-12-16,9:40:04.371109857,T,305.08,40,305.7,160,IBM
2025-12-16,9:40:04.371124888,T,305.08,80,305.7,160,IBM
2025-12-16,9:40:04.371375557,T,305.08,40,305.7,160,IBM
2025-12-16,9:40:04.371380526,T,305.11,40,305.7,160,IBM
2025-12-16,9:40:04.372422975,T,305.08,40,305.7,160,IBM
2025-12-16,9:40:04.372427987,T,305.11,40,305.7,160,IBM
2025-12-16,9:40:04.372438021,T,305.18,40,305.7,160,IBM
2025-12-16,9:40:04.372458093,T,305.18,40,305.7,200,IBM
2025-12-16,9:40:04.383128482,T,305.18,40,305.7,160,IBM
2025-12-16,9:40:04.648715692,T,305.18,80,305.7,160,IBM
2025-12-16,9:40:05.386537113,T,305.31,40,305.7,160,IBM
2025-12-16,9:40:05.386557148,T,305.31,80,305.7,160,IBM
2025-12-16,9:40:05.386602287,T,305.31,120,305.7,160,IBM
2025-12-16,9:40:05.387328987,T,305.31,160,305.7,160,IBM
2025-12-16,9:40:05.388877718,T,305.31,120,305.7,160,IBM
2025-12-16,9:40:05.388882790,T,305.31,80,305.7,160,IBM
2025-12-16,9:40:05.388882790,T,305.31,40,305.7,160,IBM
2025-12-16,9:40:05.388882790,T,304.8,40,305.7,160,IBM
2025-12-16,9:40:05.388912808,T,304.8,40,305.47,40,IBM
2025-12-16,9:40:05.388912808,T,304.8,40,305.44,40,IBM
2025-12-16,9:40:05.389173396,T,304.8,40,305.44,80,IBM
2025-12-16,9:40:05.389173396,T,304.8,40,305.44,40,IBM
2025-12-16,9:40:05.389193643,T,304.8,40,305.47,40,IBM
2025-12-16,9:40:05.389193643,T,304.8,40,305.31,40,IBM
2025-12-16,9:40:05.389209008,T,304.8,40,305.47,40,IBM
2025-12-16,9:40:05.389213465,T,304.8,40,305.51,40,IBM
2025-12-16,9:40:05.389233609,T,304.85,40,305.51,40,IBM
2025-12-16,9:40:05.389243537,T,304.85,40,305.47,40,IBM
2025-12-16,9:40:05.389253641,T,304.85,40,305.51,40,IBM
2025-12-16,9:40:05.389268638,T,304.8,40,305.51,40,IBM
2025-12-16,9:40:05.389328826,T,304.8,40,305.47,40,IBM
2025-12-16,9:40:05.389419060,T,304.8,40,305.51,40,IBM
2025-12-16,9:40:05.389950297,T,304.8,40,305.69,40,IBM
2025-12-16,9:40:05.395032397,T,304.8,40,305.47,40,IBM
2025-12-16,9:40:05.401016604,T,304.8,40,305.69,40,IBM
2025-12-16,9:40:05.401036706,T,304.6,40,305.69,40,IBM
2025-12-16,9:40:05.401141918,T,304.55,200,305.69,40,IBM
2025-12-16,9:40:05.401442628,T,304.55,200,305.64,40,IBM
2025-12-16,9:40:05.401462638,T,304.55,200,305.7,160,IBM
2025-12-16,9:40:05.405667655,T,304.55,200,305.44,40,IBM
2025-12-16,9:40:05.489642613,T,304.71,40,305.44,40,IBM
2025-12-16,9:40:05.489652566,T,304.71,40,305.7,160,IBM
2025-12-16,9:40:05.545535628,T,304.71,40,305.7,200,IBM
2025-12-16,9:40:05.545555692,T,304.71,40,305.7,160,IBM
2025-12-16,9:40:06.404605747,T,304.85,40,305.7,160,IBM
2025-12-16,9:40:13.498814029,T,304.7,40,305.7,160,IBM
2025-12-16,9:40:13.498844091,T,304.6,40,305.7,160,IBM
2025-12-16,9:40:18.629843970,T,304.7,40,305.7,160,IBM
2025-12-16,9:40:20.947776858,T,304.9,40,305.7,160,IBM
2025-12-16,9:40:20.947836983,T,304.91,40,305.7,160,IBM
2025-12-16,9:40:20.947841993,T,304.9,40,305.7,160,IBM
2025-12-16,9:40:20.948418410,T,304.99,40,305.7,160,IBM
2025-12-16,9:40:20.953300001,T,304.9,40,305.7,160,IBM
2025-12-16,9:40:20.959174048,T,304.8,40,305.7,160,IBM
2025-12-16,9:40:24.916850767,T,304.7,40,305.7,160,IBM
2025-12-16,9:40:25.898136759,T,304.8,40,305.7,160,IBM
2025-12-16,9:40:25.899625338,T,304.7,40,305.7,160,IBM
2025-12-16,9:40:25.923838092,T,304.8,40,305.7,160,IBM
2025-12-16,9:40:30.142074840,T,304.7,40,305.7,160,IBM
2025-12-16,9:40:33.039547456,T,304.73,160,305.7,160,IBM
2025-12-16,9:40:36.536221547,T,305.05,40,305.7,160,IBM
2025-12-16,9:40:39.090717707,T,305.07,40,305.7,160,IBM
2025-12-16,9:40:43.342689827,T,305.05,40,305.7,160,IBM
2025-12-16,9:40:43.695539810,T,305.05,40,305.4,360,IBM
2025-12-16,9:40:43.696196328,T,305.05,80,305.4,360,IBM
2025-12-16,9:40:44.400578192,T,305.05,80,305.39,40,IBM
2025-12-16,9:40:44.401004279,T,305.05,80,305.39,80,IBM
2025-12-16,9:40:44.407830522,T,305.05,40,305.39,80,IBM
2025-12-16,9:40:44.407850581,T,305.05,40,305.2,40,IBM
2025-12-16,9:40:44.407940701,T,304.73,160,305.2,40,IBM
2025-12-16,9:40:44.408622447,T,304.73,160,305.3,40,IBM
2025-12-16,9:40:44.408662554,T,304.73,160,305.3,80,IBM
2025-12-16,9:40:44.408667528,T,304.73,160,305.3,40,IBM
2025-12-16,9:40:44.408898032,T,304.95,40,305.3,40,IBM
2025-12-16,9:40:44.411900151,T,304.95,40,305.39,120,IBM
2025-12-16,9:40:44.411920195,T,304.95,40,305.39,80,IBM
2025-12-16,9:40:44.418676271,T,304.95,40,305.39,40,IBM
2025-12-16,9:40:49.393499153,T,304.7,40,305.39,40,IBM
2025-12-16,9:40:49.393529263,T,304.56,160,305.39,40,IBM
2025-12-16,9:40:49.393534182,T,304.56,160,305.08,40,IBM
2025-12-16,9:40:49.398726599,T,304.56,160,305.39,40,IBM
2025-12-16,9:40:50.291191237,T,304.77,80,305.39,40,IBM
2025-12-16,9:40:54.422410895,T,304.77,80,305.39,80,IBM
2025-12-16,9:40:54.422441045,T,304.77,40,305.39,80,IBM
2025-12-16,9:40:54.422461029,T,304.56,160,305.39,80,IBM
2025-12-16,9:40:54.422476104,T,304.56,160,305.18,40,IBM
2025-12-16,9:40:54.422486083,T,304.56,160,304.91,40,IBM
2025-12-16,9:40:54.423037435,T,304.56,160,304.8,40,IBM
2025-12-16,9:40:54.423207777,T,304.56,160,304.91,40,IBM
2025-12-16,9:40:54.423227893,T,304.56,160,305.04,40,IBM
2025-12-16,9:40:54.423247936,T,304.56,160,305.18,40,IBM
2025-12-16,9:40:54.426585914,T,304.49,40,305.18,40,IBM
2025-12-16,9:40:54.429608014,T,304.34,160,305.18,40,IBM
2025-12-16,9:40:56.351889193,T,304.34,160,305.02,40,IBM
2025-12-16,9:40:56.352099783,T,304.34,160,305.02,80,IBM
2025-12-16,9:40:56.352315201,T,304.34,160,305.02,120,IBM
2025-12-16,9:40:56.588813239,T,304.34,160,305.02,80,IBM
2025-12-16,9:40:58.595325069,T,304.34,160,305.02,40,IBM
2025-12-16,9:41:01.567741048,T,304.5,40,305.02,40,IBM
2025-12-16,9:41:04.917660896,T,304.5,40,304.94,40,IBM
2025-12-16,9:41:04.917660896,T,304.5,40,305.02,40,IBM
2025-12-16,9:41:04.918081806,T,304.5,40,304.94,40,IBM
2025-12-16,9:41:04.974395926,T,304.5,40,305.02,40,IBM
2025-12-16,9:41:04.981182027,T,304.5,40,304.83,40,IBM
2025-12-16,9:41:04.981217149,T,304.5,40,304.73,40,IBM
2025-12-16,9:41:04.981723371,T,304.34,160,304.73,40,IBM
2025-12-16,9:41:04.981753444,T,304.16,40,304.73,40,IBM
2025-12-16,9:41:04.982134566,T,304.14,200,304.73,40,IBM
2025-12-16,9:41:04.982144384,T,304.14,200,304.73,80,IBM
2025-12-16,9:41:04.985707808,T,304.14,200,304.73,40,IBM
2025-12-16,9:41:05.219855239,T,304.14,200,304.73,80,IBM
2025-12-16,9:41:06.433639834,T,304.14,200,304.72,40,IBM
2025-12-16,9:41:06.433644883,T,304.14,200,304.73,80,IBM
2025-12-16,9:41:06.433745207,T,304.14,200,304.62,40,IBM
2025-12-16,9:41:06.434106024,T,304.14,200,304.8,40,IBM
2025-12-16,9:41:06.843425245,T,303.95,160,304.8,40,IBM
2025-12-16,9:41:06.846327207,T,304.3,40,304.8,40,IBM
2025-12-16,9:41:06.847590235,T,304.3,40,305.01,40,IBM
2025-12-16,9:41:06.863367787,T,303.95,160,305.01,40,IBM
2025-12-16,9:41:09.931060764,T,303.95,160,304.8,40,IBM
2025-12-16,9:41:09.931090669,T,303.95,160,304.52,40,IBM
2025-12-16,9:41:09.931301237,T,303.95,160,304.52,80,IBM
2025-12-16,9:41:09.931386747,T,303.95,160,304.49,40,IBM
2025-12-16,9:41:09.931406454,T,303.95,160,304.43,40,IBM
2025-12-16,9:41:09.931421524,T,303.95,160,304.4,40,IBM
2025-12-16,9:41:09.937531005,T,303.95,160,304.52,80,IBM
2025-12-16,9:41:09.951213601,T,303.95,160,304.52,40,IBM
2025-12-16,9:41:09.951439147,T,303.95,160,304.8,40,IBM
2025-12-16,9:41:10.004465437,T,303.95,160,304.84,40,IBM
2025-12-16,9:41:11.209098349,T,303.95,160,304.39,40,IBM
2025-12-16,9:41:11.209308829,T,303.95,160,304.39,80,IBM
2025-12-16,9:41:11.209524293,T,303.95,160,304.39,120,IBM
2025-12-16,9:41:11.616698566,T,303.95,160,304.39,80,IBM
2025-12-16,9:41:12.716636921,T,303.31,40,304.39,80,IBM
2025-12-16,9:41:12.716641964,T,303.77,160,304.39,80,IBM
2025-12-16,9:41:14.050472208,T,304.0,40,304.39,80,IBM
2025-12-16,9:41:15.375341146,T,304.0,40,304.39,40,IBM
2025-12-16,9:41:21.088276263,T,303.77,160,304.39,40,IBM
2025-12-16,9:41:23.004442867,T,304.0,80,304.39,40,IBM
2025-12-16,9:41:30.280629452,T,304.0,120,304.39,40,IBM
2025-12-16,9:41:33.857815200,T,304.0,80,304.39,40,IBM
2025-12-16,9:41:49.217344848,T,304.14,40,304.39,40,IBM
2025-12-16,9:41:49.217415064,T,304.14,120,304.39,40,IBM
2025-12-16,9:41:49.218136696,T,304.14,200,304.39,40,IBM
2025-12-16,9:41:51.264272821,T,304.14,120,304.39,40,IBM
2025-12-16,9:41:52.144197494,T,304.14,40,304.39,40,IBM
2025-12-16,9:41:52.271134669,T,304.14,120,304.39,40,IBM
2025-12-16,9:41:52.271184815,T,304.24,40,304.39,40,IBM
2025-12-16,9:41:52.271249905,T,304.24,80,304.39,40,IBM
2025-12-16,9:41:52.271415458,T,304.24,120,304.39,40,IBM
2025-12-16,9:41:52.271721027,T,304.24,160,304.39,40,IBM
2025-12-16,9:41:52.271911596,T,304.24,160,304.77,160,IBM
2025-12-16,9:41:52.272502928,T,304.24,120,304.77,160,IBM
2025-12-16,9:41:52.272758596,T,304.24,80,304.77,160,IBM
2025-12-16,9:41:53.200973121,T,303.86,40,304.77,160,IBM
2025-12-16,9:41:53.205398650,T,303.86,40,304.94,40,IBM
2025-12-16,9:41:53.205408748,T,303.86,40,304.94,200,IBM
2025-12-16,9:41:55.061963569,T,304.39,80,304.94,200,IBM
2025-12-16,9:41:57.722386808,T,304.39,40,304.94,200,IBM
2025-12-16,9:41:57.722411866,T,303.77,160,304.94,200,IBM
2025-12-16,9:41:57.722431948,T,303.77,160,304.8,40,IBM
2025-12-16,9:41:57.722436861,T,303.77,160,304.57,40,IBM
2025-12-16,9:41:57.722436861,T,303.77,160,304.5,40,IBM
2025-12-16,9:41:57.722832922,T,304.24,40,304.5,40,IBM
2025-12-16,9:41:57.727624277,T,304.24,40,304.73,40,IBM
2025-12-16,9:41:57.730601360,T,304.24,40,304.8,40,IBM
2025-12-16,9:41:57.822520158,T,304.24,40,304.84,40,IBM
2025-12-16,9:41:57.944159724,T,304.24,40,304.72,40,IBM
2025-12-16,9:41:59.078926090,T,303.77,160,304.72,40,IBM
2025-12-16,9:41:59.079717926,T,304.09,40,304.72,40,IBM
2025-12-16,9:42:04.038116853,T,304.09,40,304.4,40,IBM
2025-12-16,9:42:04.454478134,T,304.09,40,304.4,80,IBM
2025-12-16,9:42:04.454548304,T,304.09,40,304.4,120,IBM
2025-12-16,9:42:04.454598365,T,304.09,40,304.4,80,IBM
2025-12-16,9:42:04.508742268,T,304.09,40,304.4,40,IBM
2025-12-16,9:42:06.352982479,T,303.86,40,304.4,40,IBM
2025-12-16,9:42:06.353002650,T,303.77,200,304.4,40,IBM
2025-12-16,9:42:06.353022580,T,303.77,160,304.4,40,IBM
2025-12-16,9:42:06.353042614,T,303.77,160,304.25,40,IBM
2025-12-16,9:42:06.353418482,T,303.77,160,304.19,40,IBM
2025-12-16,9:42:06.353819492,T,303.77,160,304.25,120,IBM
2025-12-16,9:42:06.357934337,T,303.77,160,304.25,80,IBM
2025-12-16,9:42:06.363507608,T,303.77,160,304.25,40,IBM
2025-12-16,9:42:06.363713013,T,303.77,160,304.4,40,IBM
2025-12-16,9:42:06.453045760,T,303.77,160,304.56,40,IBM
2025-12-16,9:42:06.740996242,T,303.77,160,304.4,40,IBM
2025-12-16,9:42:06.742379544,T,303.77,160,304.16,40,IBM
2025-12-16,9:42:06.742404670,T,303.77,160,304.4,40,IBM
2025-12-16,9:42:06.742504880,T,303.77,200,304.4,40,IBM
2025-12-16,9:42:06.742535136,T,303.77,40,304.4,40,IBM
2025-12-16,9:42:06.742565006,T,303.67,40,304.4,40,IBM
2025-12-16,9:42:06.742700359,T,303.67,40,304.56,40,IBM
2025-12-16,9:42:06.742800529,T,303.67,40,304.16,40,IBM
2025-12-16,9:42:06.742820661,T,303.59,160,304.16,40,IBM
2025-12-16,9:42:06.760347377,T,303.59,160,304.56,40,IBM
2025-12-16,9:42:09.459528095,T,304.04,40,304.56,40,IBM
2025-12-16,9:42:09.459598274,T,304.08,40,304.56,40,IBM
2025-12-16,9:42:11.644103401,T,304.08,40,304.55,40,IBM
2025-12-16,9:42:15.941884665,T,304.08,40,304.59,160,IBM
2025-12-16,9:42:15.943448385,T,303.59,160,304.59,160,IBM
2025-12-16,9:42:15.944435768,T,303.67,40,304.59,160,IBM
2025-12-16,9:42:15.944485909,T,303.76,40,304.59,160,IBM
2025-12-16,9:42:15.944495953,T,304.24,40,304.59,160,IBM
2025-12-16,9:42:15.944631377,T,304.24,80,304.59,160,IBM
2025-12-16,9:42:15.946671068,T,304.24,80,304.72,40,IBM
2025-12-16,9:42:15.957707413,T,304.24,40,304.72,40,IBM
2025-12-16,9:42:16.409077006,T,304.27,40,304.72,40,IBM
2025-12-16,9:42:16.409172147,T,304.24,40,304.72,40,IBM
2025-12-16,9:42:16.409227328,T,304.3,40,304.72,40,IBM
2025-12-16,9:42:16.409282507,T,304.33,80,304.72,40,IBM
2025-12-16,9:42:16.409292422,T,304.33,40,304.72,40,IBM
2025-12-16,9:42:16.416579765,T,304.33,40,304.55,40,IBM
2025-12-16,9:42:16.475951141,T,304.33,40,304.72,40,IBM
2025-12-16,9:42:17.794354778,T,304.33,80,304.72,40,IBM
2025-12-16,9:42:29.067641420,T,304.33,40,304.72,40,IBM
2025-12-16,9:42:29.067641420,T,303.85,40,304.72,40,IBM
2025-12-16,9:42:29.067651536,T,303.81,160,304.72,40,IBM
2025-12-16,9:42:29.067651536,T,303.81,160,304.54,40,IBM
2025-12-16,9:42:29.067676601,T,303.81,160,304.47,40,IBM
2025-12-16,9:42:29.068192892,T,303.81,160,304.54,120,IBM
2025-12-16,9:42:29.068383227,T,303.81,160,304.34,80,IBM
2025-12-16,9:42:29.069099918,T,303.81,160,304.54,120,IBM
2025-12-16,9:42:29.069119953,T,303.81,160,304.54,80,IBM
2025-12-16,9:42:29.078362013,T,303.81,160,304.54,40,IBM
2025-12-16,9:42:29.078372063,T,303.81,160,304.72,40,IBM
2025-12-16,9:42:40.488970581,T,304.24,40,304.72,40,IBM
2025-12-16,9:42:40.489020742,T,304.24,80,304.72,40,IBM
2025-12-16,9:42:40.489100990,T,304.37,40,304.72,40,IBM
2025-12-16,9:42:40.489391596,T,304.38,40,304.72,40,IBM
2025-12-16,9:42:40.621987283,T,304.38,80,304.72,40,IBM
2025-12-16,9:42:40.622323111,T,304.49,40,304.72,40,IBM
2025-12-16,9:42:40.622478450,T,304.52,40,304.72,40,IBM
2025-12-16,9:42:40.622483525,T,304.52,40,304.79,160,IBM
2025-12-16,9:42:40.622608738,T,304.53,40,304.79,160,IBM
2025-12-16,9:42:40.622633889,T,304.53,40,305.04,40,IBM
2025-12-16,9:42:40.622643810,T,304.53,40,304.99,160,IBM
2025-12-16,9:42:40.631524947,T,304.53,80,304.99,160,IBM
2025-12-16,9:42:40.632717850,T,304.53,80,305.34,40,IBM
2025-12-16,9:42:40.633850596,T,304.53,80,305.4,360,IBM
2025-12-16,9:42:40.722742100,T,304.53,40,305.4,360,IBM
2025-12-16,9:42:40.723549066,T,304.53,80,305.4,360,IBM
2025-12-16,9:42:40.806170808,T,304.53,80,305.2,160,IBM
2025-12-16,9:42:41.837891813,T,304.53,80,305.17,40,IBM
2025-12-16,9:42:43.660074634,T,304.53,160,305.17,40,IBM
2025-12-16,9:42:46.653505845,T,304.53,80,305.17,40,IBM
2025-12-16,9:42:46.686283667,T,304.75,40,305.17,40,IBM
2025-12-16,9:42:46.686333848,T,304.75,120,305.17,40,IBM
2025-12-16,9:42:46.686419053,T,304.75,160,305.17,40,IBM
2025-12-16,9:42:46.690944832,T,304.75,120,305.17,40,IBM
2025-12-16,9:42:46.691521184,T,304.75,80,305.17,40,IBM
2025-12-16,9:42:46.903946952,T,304.75,240,305.17,40,IBM
2025-12-16,9:42:47.021196057,T,304.75,240,305.11,40,IBM
2025-12-16,9:42:47.021216527,T,304.75,200,305.11,40,IBM
2025-12-16,9:42:47.089704192,T,304.76,120,305.11,40,IBM
2025-12-16,9:42:47.089759252,T,304.76,160,305.11,40,IBM
2025-12-16,9:42:47.090120160,T,304.76,160,305.11,80,IBM
2025-12-16,9:42:47.157149735,T,304.76,160,305.11,40,IBM
2025-12-16,9:42:47.157570700,T,304.76,160,305.17,40,IBM
2025-12-16,9:42:47.230694828,T,304.76,160,305.12,40,IBM
2025-12-16,9:42:47.231100734,T,304.76,280,305.12,40,IBM
2025-12-16,9:42:47.231722234,T,304.76,280,305.12,80,IBM
2025-12-16,9:42:47.308925978,T,304.76,280,305.12,40,IBM
2025-12-16,9:42:47.308951031,T,304.76,280,305.17,40,IBM
2025-12-16,9:42:47.740097388,T,304.76,280,305.11,40,IBM
2025-12-16,9:42:47.807522927,T,304.76,240,305.11,40,IBM
2025-12-16,9:42:47.808174436,T,304.76,200,305.11,40,IBM
2025-12-16,9:42:47.894194239,T,304.76,160,305.11,40,IBM
2025-12-16,9:42:47.894229356,T,304.76,120,305.11,40,IBM
2025-12-16,9:42:47.894229356,T,304.21,40,305.11,40,IBM
2025-12-16,9:42:47.894269378,T,304.12,40,305.11,40,IBM
2025-12-16,9:42:47.894294462,T,304.39,40,305.11,40,IBM
2025-12-16,9:42:47.894314531,T,304.12,40,305.11,40,IBM
2025-12-16,9:42:47.894339589,T,304.76,40,305.11,40,IBM
2025-12-16,9:42:47.973713472,T,304.12,40,305.11,40,IBM
2025-12-16,9:42:47.973733628,T,304.12,40,304.93,40,IBM
2025-12-16,9:42:47.973758648,T,304.12,40,305.11,40,IBM
2025-12-16,9:42:47.973779089,T,304.06,160,305.11,40,IBM
2025-12-16,9:42:47.973813746,T,304.06,160,305.04,40,IBM
2025-12-16,9:42:47.995981545,T,304.06,160,305.17,40,IBM
2025-12-16,9:42:47.996477709,T,304.06,160,305.1,40,IBM
2025-12-16,9:42:48.169685097,T,304.06,160,305.17,40,IBM
2025-12-16,9:42:48.514696582,T,304.53,80,305.17,40,IBM
2025-12-16,9:42:48.808826686,T,304.53,80,305.12,40,IBM
2025-12-16,9:42:48.836382278,T,304.53,80,305.17,40,IBM
2025-12-16,9:42:49.798597920,T,304.53,80,305.37,160,IBM
2025-12-16,9:42:49.798637995,T,304.53,80,305.31,40,IBM
2025-12-16,9:42:51.565138372,T,304.53,80,305.16,40,IBM
2025-12-16,9:42:51.565168339,T,304.53,80,305.25,40,IBM
2025-12-16,9:42:51.565218438,T,304.53,80,305.11,40,IBM
2025-12-16,9:42:51.816511953,T,304.53,80,305.25,40,IBM
2025-12-16,9:42:51.816531679,T,304.68,40,305.25,40,IBM
2025-12-16,9:42:51.816541687,T,304.68,40,305.31,40,IBM
2025-12-16,9:42:51.816626960,T,304.68,80,305.31,40,IBM
2025-12-16,9:42:51.821824253,T,304.68,40,305.31,40,IBM
2025-12-16,9:43:00.689148685,T,304.68,80,305.31,40,IBM
2025-12-16,9:43:04.353196115,T,304.68,40,305.31,40,IBM
2025-12-16,9:43:06.367766871,T,304.26,160,305.31,40,IBM
2025-12-16,9:43:06.367786979,T,304.26,160,305.07,40,IBM
2025-12-16,9:43:06.368172931,T,304.26,160,305.07,80,IBM
2025-12-16,9:43:06.368212990,T,304.26,160,305.07,120,IBM
2025-12-16,9:43:06.374307477,T,304.26,160,305.07,80,IBM
2025-12-16,9:43:06.464437062,T,304.26,160,305.07,40,IBM
2025-12-16,9:43:06.464647521,T,304.26,160,305.31,40,IBM
2025-12-16,9:43:07.059924576,T,304.26,160,305.01,40,IBM
2025-12-16,9:43:07.087931292,T,304.26,160,305.01,80,IBM
2025-12-16,9:43:07.087941281,T,304.26,160,305.01,40,IBM
2025-12-16,9:43:07.145944404,T,304.26,160,305.0,40,IBM
2025-12-16,9:43:07.146811441,T,304.26,160,305.0,80,IBM
2025-12-16,9:43:07.146841601,T,304.26,160,305.0,120,IBM
2025-12-16,9:43:07.147006921,T,304.53,40,305.0,120,IBM
2025-12-16,9:43:07.147878994,T,304.53,40,305.0,80,IBM
2025-12-16,9:43:11.509226649,T,304.53,40,305.0,40,IBM
2025-12-16,9:43:14.443697308,T,304.53,40,305.31,40,IBM
2025-12-16,9:43:16.311824624,T,304.53,40,305.37,160,IBM
2025-12-16,9:43:16.311859780,T,304.53,40,305.19,40,IBM
2025-12-16,9:43:21.563185925,T,304.53,40,305.37,160,IBM
2025-12-16,9:43:21.563216049,T,304.53,40,305.35,40,IBM
2025-12-16,9:43:22.366377909,T,304.6,40,305.35,40,IBM
2025-12-16,9:43:24.206137487,T,304.8,40,305.35,40,IBM
2025-12-16,9:43:25.428387396,T,304.3,40,305.35,40,IBM
2025-12-16,9:43:26.088418401,T,304.8,80,305.35,40,IBM
2025-12-16,9:43:34.095575109,T,304.8,120,305.35,40,IBM
2025-12-16,9:43:34.096086321,T,304.73,40,305.35,40,IBM
2025-12-16,9:43:38.300234718,T,304.9,40,305.35,40,IBM
2025-12-16,9:43:38.300359989,T,304.73,40,305.35,40,IBM
2025-12-16,9:43:38.300379961,T,304.48,40,305.35,40,IBM
2025-12-16,9:43:38.300415032,T,304.66,40,305.35,40,IBM
2025-12-16,9:43:38.300440269,T,304.48,40,305.35,40,IBM
2025-12-16,9:43:39.053372468,T,304.47,160,305.35,40,IBM
2025-12-16,9:43:39.053397526,T,304.48,40,305.35,40,IBM
2025-12-16,9:43:39.053938857,T,304.83,40,305.35,40,IBM
2025-12-16,9:43:41.271011628,T,304.83,40,305.12,40,IBM
2025-12-16,9:43:41.479147262,T,304.83,40,305.35,40,IBM
2025-12-16,9:43:42.691949374,T,304.83,40,305.15,40,IBM
2025-12-16,9:43:46.061385958,T,304.83,40,305.35,40,IBM
2025-12-16,9:43:46.061405420,T,305.01,40,305.35,40,IBM
2025-12-16,9:43:46.061615870,T,304.9,40,305.35,40,IBM
2025-12-16,9:43:46.061656023,T,304.83,40,305.35,40,IBM
2025-12-16,9:43:46.402913348,T,304.83,40,305.2,80,IBM
2025-12-16,9:43:47.644468917,T,304.83,40,305.15,40,IBM
2025-12-16,9:43:47.644493985,T,304.83,40,305.09,40,IBM
2025-12-16,9:43:47.644509091,T,304.9,120,305.09,40,IBM
2025-12-16,9:43:47.644644321,T,304.9,240,305.09,40,IBM
2025-12-16,9:43:47.644804770,T,304.9,240,305.13,40,IBM
2025-12-16,9:43:47.644809803,T,304.9,240,305.15,40,IBM
2025-12-16,9:43:47.644870211,T,304.9,120,305.15,40,IBM
2025-12-16,9:43:47.644875188,T,304.9,120,305.2,80,IBM
2025-12-16,9:43:47.644879926,T,304.9,160,305.2,80,IBM
2025-12-16,9:43:47.644879926,T,304.9,40,305.2,80,IBM
2025-12-16,9:43:47.644899983,T,305.06,240,305.2,80,IBM
2025-12-16,9:43:47.644925954,T,305.06,160,305.2,80,IBM
2025-12-16,9:43:47.644925954,T,305.06,40,305.2,80,IBM
2025-12-16,9:43:47.644960132,T,304.98,40,305.2,80,IBM
2025-12-16,9:43:47.645000203,T,304.9,40,305.2,80,IBM
2025-12-16,9:43:47.645020288,T,304.83,40,305.2,80,IBM
2025-12-16,9:43:47.645025316,T,304.9,40,305.2,80,IBM
2025-12-16,9:43:47.645030253,T,304.91,40,305.2,80,IBM
2025-12-16,9:43:47.645035348,T,304.83,40,305.2,80,IBM
2025-12-16,9:43:47.645060304,T,304.91,40,305.2,80,IBM
2025-12-16,9:43:47.645065435,T,304.83,40,305.2,80,IBM
2025-12-16,9:43:47.645090461,T,304.91,40,305.2,80,IBM
2025-12-16,9:43:47.645225702,T,304.94,40,305.2,80,IBM
2025-12-16,9:43:47.649295501,T,304.91,40,305.2,80,IBM
2025-12-16,9:43:47.650222664,T,304.66,40,305.2,80,IBM
2025-12-16,9:43:47.650247741,T,304.57,40,305.2,80,IBM
2025-12-16,9:43:48.108222947,T,304.47,160,305.2,80,IBM
2025-12-16,9:43:48.108222947,T,304.48,40,305.2,80,IBM
2025-12-16,9:43:48.108237954,T,304.47,160,305.2,80,IBM
2025-12-16,9:43:48.108473462,T,304.48,40,305.2,80,IBM
2025-12-16,9:43:48.108563730,T,304.48,40,305.35,40,IBM
2025-12-16,9:43:48.108613790,T,304.53,40,305.35,40,IBM
2025-12-16,9:43:48.108633844,T,304.57,40,305.35,40,IBM
2025-12-16,9:43:48.109029824,T,305.08,80,305.35,40,IBM
2025-12-16,9:43:48.119890720,T,305.08,40,305.35,40,IBM
2025-12-16,9:43:48.120411942,T,304.57,40,305.35,40,IBM
2025-12-16,9:43:50.062044184,T,305.08,40,305.35,40,IBM
2025-12-16,9:43:52.635826403,T,305.08,40,305.4,360,IBM
2025-12-16,9:43:56.216349949,T,304.67,40,305.4,360,IBM
2025-12-16,9:43:58.109010574,T,304.67,40,305.39,40,IBM
2025-12-16,9:43:58.109040559,T,304.67,40,305.21,40,IBM
2025-12-16,9:43:58.109070633,T,304.67,40,305.21,80,IBM
2025-12-16,9:43:58.109146144,T,304.67,40,305.21,40,IBM
2025-12-16,9:43:58.109546939,T,304.94,40,305.21,40,IBM
2025-12-16,9:43:58.110012964,T,304.75,40,305.21,40,IBM
2025-12-16,9:43:58.110779879,T,304.75,40,305.4,360,IBM
2025-12-16,9:43:58.110970204,T,304.75,40,305.21,40,IBM
2025-12-16,9:43:58.328347680,T,304.75,40,305.4,360,IBM
2025-12-16,9:43:59.263163053,T,304.75,40,305.2,40,IBM
2025-12-16,9:43:59.308786606,T,304.75,40,305.2,80,IBM
2025-12-16,9:44:00.109572994,T,304.75,40,305.2,40,IBM
2025-12-16,9:44:02.153809439,T,304.75,40,305.4,360,IBM
2025-12-16,9:44:04.032827536,T,304.94,40,305.4,360,IBM
2025-12-16,9:44:04.942327663,T,304.75,40,305.4,360,IBM
2025-12-16,9:44:08.288784229,T,304.94,80,305.4,360,IBM
2025-12-16,9:44:08.489527125,T,304.94,120,305.4,360,IBM
2025-12-16,9:44:08.489527125,T,304.94,160,305.4,360,IBM
2025-12-16,9:44:08.495797084,T,304.94,120,305.4,360,IBM
2025-12-16,9:44:11.071157860,T,304.94,40,305.4,360,IBM
2025-12-16,9:44:12.992226110,T,304.84,40,305.4,360,IBM
2025-12-16,9:44:12.992767410,T,304.64,160,305.4,360,IBM
2025-12-16,9:44:13.533228965,T,304.64,160,305.47,40,IBM
2025-12-16,9:44:13.535995573,T,304.64,160,305.25,360,IBM
2025-12-16,9:44:13.536802450,T,304.64,160,305.25,200,IBM
2025-12-16,9:44:13.536922709,T,304.75,40,305.25,200,IBM
2025-12-16,9:44:13.536992877,T,304.75,40,305.25,80,IBM
2025-12-16,9:44:13.536997941,T,304.75,40,305.39,40,IBM
2025-12-16,9:44:13.537027982,T,304.92,40,305.39,40,IBM
2025-12-16,9:44:13.537283652,T,304.92,80,305.39,40,IBM
2025-12-16,9:44:13.537438960,T,304.92,80,305.41,40,IBM
2025-12-16,9:44:13.537459003,T,305.12,40,305.41,40,IBM
2025-12-16,9:44:13.537464035,T,305.12,40,305.47,40,IBM
2025-12-16,9:44:13.537734647,T,304.99,40,305.47,40,IBM
2025-12-16,9:44:13.537890041,T,304.94,40,305.47,40,IBM
2025-12-16,9:44:13.541197906,T,304.92,80,305.47,40,IBM
2025-12-16,9:44:13.547688361,T,304.92,40,305.47,40,IBM
2025-12-16,9:44:13.547708470,T,304.84,40,305.47,40,IBM
2025-12-16,9:44:13.634169235,T,304.92,40,305.47,40,IBM
2025-12-16,9:44:13.635637794,T,304.84,40,305.47,40,IBM
2025-12-16,9:44:14.048826397,T,305.03,800,305.47,40,IBM
2025-12-16,9:44:47.060643895,T,304.79,160,305.47,40,IBM
2025-12-16,9:44:47.062307909,T,305.03,800,305.47,40,IBM
2025-12-16,9:44:50.696734927,T,305.12,40,305.47,40,IBM
2025-12-16,9:44:50.696749991,T,305.13,40,305.47,40,IBM
2025-12-16,9:44:50.717845237,T,305.13,80,305.47,40,IBM
2025-12-16,9:44:50.798682772,T,305.13,40,305.47,40,IBM
2025-12-16,9:44:56.819345190,T,305.03,840,305.47,40,IBM
2025-12-16,9:44:56.819375285,T,305.03,800,305.47,40,IBM
2025-12-16,9:44:58.097222236,T,304.12,40,305.47,40,IBM
2025-12-16,9:44:58.097282367,T,304.03,40,305.47,40,IBM
2025-12-16,9:44:58.097953939,T,305.03,800,305.47,40,IBM
2025-12-16,9:44:58.106910290,T,305.03,800,305.39,40,IBM
2025-12-16,9:44:58.408698673,T,305.03,800,305.47,40,IBM
2025-12-16,9:45:00.350777030,T,305.03,800,305.38,40,IBM
2025-12-16,9:45:00.350932321,T,305.03,800,305.47,40,IBM
2025-12-16,9:45:00.350932321,T,305.03,800,305.28,40,IBM
2025-12-16,9:45:00.361286998,T,305.03,800,305.47,40,IBM
2025-12-16,9:45:00.399352621,T,305.09,80,305.47,40,IBM
2025-12-16,9:45:00.448634917,T,305.03,800,305.47,40,IBM
2025-12-16,9:45:02.833161554,T,305.03,800,305.47,80,IBM
2025-12-16,9:45:02.833176591,T,305.03,800,305.47,120,IBM
2025-12-16,9:45:05.656943739,T,305.03,800,305.47,80,IBM
2025-12-16,9:45:12.956496013,T,305.03,800,305.47,40,IBM
2025-12-16,9:45:13.894814970,T,305.03,800,305.7,160,IBM
2025-12-16,9:45:13.894855059,T,305.03,800,305.58,40,IBM
2025-12-16,9:45:14.501388801,T,305.18,40,305.58,40,IBM
2025-12-16,9:45:14.501624754,T,305.26,40,305.58,40,IBM
2025-12-16,9:45:14.503208129,T,305.18,40,305.58,40,IBM
2025-12-16,9:45:14.504005006,T,305.18,120,305.58,40,IBM
2025-12-16,9:45:14.505358228,T,305.18,80,305.58,40,IBM
2025-12-16,9:45:14.510119643,T,305.18,80,305.52,40,IBM
2025-12-16,9:45:14.510169672,T,305.18,80,305.38,40,IBM
2025-12-16,9:45:14.510300463,T,304.12,40,305.38,40,IBM
2025-12-16,9:45:14.510485497,T,304.12,40,305.4,40,IBM
2025-12-16,9:45:14.510510560,T,304.12,40,305.41,40,IBM
2025-12-16,9:45:14.510590704,T,305.19,800,305.41,40,IBM
2025-12-16,9:45:14.510610728,T,305.19,800,305.52,40,IBM
2025-12-16,9:45:14.511903830,T,305.19,800,305.58,40,IBM
2025-12-16,9:45:14.511908830,T,305.19,800,305.52,40,IBM
2025-12-16,9:45:14.512149396,T,305.19,520,305.52,40,IBM
2025-12-16,9:45:14.512149396,T,305.19,440,305.52,40,IBM
2025-12-16,9:45:14.512174516,T,305.19,440,305.3,40,IBM
2025-12-16,9:45:14.512179455,T,305.19,360,305.3,40,IBM
2025-12-16,9:45:14.512189471,T,304.0,40,305.3,40,IBM
2025-12-16,9:45:14.512435119,T,304.3,80,305.3,40,IBM
2025-12-16,9:45:14.512460192,T,304.3,200,305.3,40,IBM
2025-12-16,9:45:14.512520259,T,304.3,200,305.4,40,IBM
2025-12-16,9:45:14.512815997,T,304.3,200,305.52,40,IBM
2025-12-16,9:45:14.512821154,T,304.77,80,305.52,40,IBM
2025-12-16,9:45:14.512825989,T,304.77,200,305.52,40,IBM
2025-12-16,9:45:14.517081165,T,304.77,200,305.58,40,IBM
2025-12-16,9:45:14.548861816,T,304.77,200,305.29,40,IBM
2025-12-16,9:45:15.495390141,T,305.0,40,305.29,40,IBM
2025-12-16,9:45:15.495410111,T,305.0,120,305.29,40,IBM
2025-12-16,9:45:15.495415141,T,305.0,240,305.29,40,IBM
2025-12-16,9:45:15.884557218,T,305.0,240,305.58,40,IBM
2025-12-16,9:45:15.884581726,T,305.29,80,305.58,40,IBM
2025-12-16,9:45:15.884581726,T,305.29,200,305.58,40,IBM
2025-12-16,9:45:15.884611745,T,305.29,160,305.58,40,IBM
2025-12-16,9:45:15.884661854,T,305.29,80,305.58,40,IBM
2025-12-16,9:45:15.884661854,T,305.14,40,305.58,40,IBM
2025-12-16,9:45:15.884842333,T,305.18,40,305.58,40,IBM
2025-12-16,9:45:15.885127962,T,305.14,40,305.58,40,IBM
2025-12-16,9:45:15.885148035,T,305.18,40,305.58,40,IBM
2025-12-16,9:45:15.885173048,T,305.14,40,305.58,40,IBM
2025-12-16,9:45:15.898259314,T,305.28,40,305.58,40,IBM
2025-12-16,9:45:15.898349497,T,305.37,40,305.58,40,IBM
2025-12-16,9:45:15.898845593,T,305.37,40,305.7,160,IBM
2025-12-16,9:45:15.898870700,T,305.47,40,305.7,160,IBM
2025-12-16,9:45:15.898925778,T,305.36,40,305.7,160,IBM
2025-12-16,9:45:15.898940878,T,305.01,80,305.7,160,IBM
2025-12-16,9:45:15.898950912,T,305.37,40,305.7,160,IBM
2025-12-16,9:45:15.900319167,T,305.37,40,306.28,40,IBM
2025-12-16,9:45:15.902785038,T,305.01,80,306.28,40,IBM
2025-12-16,9:45:15.904474079,T,305.01,40,306.28,40,IBM
2025-12-16,9:45:15.984689963,T,304.8,40,306.28,40,IBM
2025-12-16,9:45:15.986023167,T,304.98,40,306.28,40,IBM
2025-12-16,9:45:15.986644638,T,305.47,80,306.28,40,IBM
2025-12-16,9:45:16.140099941,T,305.47,80,306.17,40,IBM
2025-12-16,9:45:16.203530894,T,305.52,40,306.17,40,IBM
2025-12-16,9:45:16.203530894,T,305.6,40,306.17,40,IBM
2025-12-16,9:45:16.203711390,T,305.52,80,306.17,40,IBM
2025-12-16,9:45:16.203736446,T,305.6,40,306.17,40,IBM
2025-12-16,9:45:16.203736446,T,305.52,40,306.17,40,IBM
2025-12-16,9:45:16.204317817,T,305.6,80,306.17,40,IBM
2025-12-16,9:45:16.316825681,T,305.6,80,305.89,40,IBM
2025-12-16,9:45:16.408368581,T,305.6,80,306.17,40,IBM
2025-12-16,9:45:16.899272311,T,305.6,80,305.9,200,IBM
2025-12-16,9:45:18.477343882,T,305.6,80,305.88,80,IBM
2025-12-16,9:45:18.477764813,T,305.6,80,305.88,120,IBM
2025-12-16,9:45:18.478100635,T,305.6,80,305.88,320,IBM
2025-12-16,9:45:18.486585842,T,305.6,40,305.88,320,IBM
2025-12-16,9:45:18.486610930,T,305.6,40,305.88,360,IBM
2025-12-16,9:45:18.486625929,T,305.6,40,305.87,40,IBM
2025-12-16,9:45:18.487372699,T,304.21,40,305.87,40,IBM
2025-12-16,9:45:18.487377768,T,304.21,40,305.87,280,IBM
2025-12-16,9:45:18.489026702,T,304.38,40,305.87,280,IBM
2025-12-16,9:45:18.489046721,T,304.38,40,305.87,240,IBM
2025-12-16,9:45:18.496890444,T,304.38,40,305.87,280,IBM
2025-12-16,9:45:18.544488704,T,304.91,160,305.87,280,IBM
2025-12-16,9:45:18.544904743,T,304.91,160,305.87,240,IBM
2025-12-16,9:45:18.586704263,T,304.91,160,305.87,200,IBM
2025-12-16,9:45:18.958379011,T,304.91,160,305.86,160,IBM
2025-12-16,9:45:18.958800021,T,304.91,160,305.86,200,IBM
2025-12-16,9:45:18.959135786,T,304.91,160,305.86,440,IBM
2025-12-16,9:45:21.013396303,T,304.91,160,305.84,160,IBM
2025-12-16,9:45:21.013451417,T,304.91,160,305.83,40,IBM
2025-12-16,9:45:21.014288408,T,304.91,160,305.83,80,IBM
2025-12-16,9:45:21.014559053,T,304.91,160,305.83,320,IBM
2025-12-16,9:45:22.907119323,T,304.91,160,305.83,280,IBM
2025-12-16,9:45:22.907395023,T,304.91,160,305.82,240,IBM
2025-12-16,9:45:22.907815962,T,304.91,160,305.82,280,IBM
2025-12-16,9:45:23.009102116,T,304.91,160,305.81,160,IBM
2025-12-16,9:45:23.009853837,T,304.91,160,305.81,400,IBM
2025-12-16,9:45:23.010149643,T,304.91,160,305.81,440,IBM
2025-12-16,9:45:25.019137287,T,304.91,160,305.81,400,IBM
2025-12-16,9:45:25.019503202,T,304.91,160,305.8,160,IBM
2025-12-16,9:45:25.019924116,T,304.91,160,305.8,200,IBM
2025-12-16,9:45:25.020259917,T,304.91,160,305.8,440,IBM
2025-12-16,9:45:25.154188800,T,304.91,160,305.8,480,IBM
2025-12-16,9:45:25.310530878,T,304.91,160,305.8,440,IBM
2025-12-16,9:45:25.311012025,T,304.91,160,305.8,480,IBM
2025-12-16,9:45:26.718602919,T,304.91,160,305.8,440,IBM
2025-12-16,9:45:26.720662812,T,304.91,160,305.76,40,IBM
2025-12-16,9:45:26.721083875,T,304.91,160,305.76,80,IBM
2025-12-16,9:45:26.721419585,T,304.91,160,305.76,320,IBM
2025-12-16,9:45:27.034329526,T,304.91,160,305.69,40,IBM
2025-12-16,9:45:27.035086402,T,304.91,160,305.69,240,IBM
2025-12-16,9:45:27.712403777,T,304.91,160,305.69,200,IBM
2025-12-16,9:45:27.712945104,T,304.91,160,305.67,40,IBM
2025-12-16,9:45:27.713701974,T,304.91,160,305.67,240,IBM
2025-12-16,9:45:29.032100492,T,304.91,160,305.64,160,IBM
2025-12-16,9:45:29.032857256,T,304.91,160,305.64,320,IBM
2025-12-16,9:45:29.310297663,T,304.91,160,305.64,360,IBM
2025-12-16,9:45:29.586871070,T,304.91,160,305.64,320,IBM
2025-12-16,9:45:29.586961307,T,304.91,160,305.58,40,IBM
2025-12-16,9:45:29.587191866,T,304.91,160,305.4,40,IBM
2025-12-16,9:45:29.587221897,T,304.91,160,305.58,40,IBM
2025-12-16,9:45:29.587241984,T,305.27,40,305.58,40,IBM
2025-12-16,9:45:29.592339056,T,304.91,160,305.58,40,IBM
2025-12-16,9:45:29.740938113,T,304.91,160,305.57,40,IBM
2025-12-16,9:45:29.841136358,T,304.91,160,305.58,40,IBM
2025-12-16,9:45:30.587683606,T,304.91,160,305.55,80,IBM
2025-12-16,9:45:30.597246364,T,304.91,160,305.55,120,IBM
2025-12-16,9:45:30.597296448,T,304.91,160,305.54,80,IBM
2025-12-16,9:45:30.694738465,T,304.91,160,305.54,120,IBM
2025-12-16,9:45:31.037289006,T,304.91,160,305.53,160,IBM
2025-12-16,9:45:31.037775155,T,304.91,160,305.51,40,IBM
2025-12-16,9:45:31.038526844,T,304.91,160,305.51,120,IBM
2025-12-16,9:45:31.050690834,T,304.91,160,305.51,160,IBM
2025-12-16,9:45:31.150663842,T,304.91,160,305.51,120,IBM
2025-12-16,9:45:32.693371406,T,304.91,160,305.51,80,IBM
2025-12-16,9:45:40.218174959,T,304.62,40,305.51,80,IBM
2025-12-16,9:45:40.218179981,T,304.74,160,305.51,80,IBM
2025-12-16,9:45:40.218676072,T,304.74,160,305.51,40,IBM
2025-12-16,9:45:40.484995759,T,305.17,40,305.51,40,IBM
2025-12-16,9:45:40.484995759,T,305.17,40,305.53,160,IBM
2025-12-16,9:45:40.485095344,T,305.06,40,305.53,160,IBM
2025-12-16,9:45:40.585183587,T,304.74,160,305.53,160,IBM
2025-12-16,9:45:56.918306210,T,304.74,160,305.41,40,IBM
2025-12-16,9:45:57.157806359,T,304.74,160,305.53,160,IBM
2025-12-16,9:46:00.331707110,T,304.8,40,305.53,160,IBM
2025-12-16,9:46:06.184795915,T,304.86,40,305.53,160,IBM
2025-12-16,9:46:06.189311661,T,304.8,40,305.53,160,IBM
2025-12-16,9:46:08.716282241,T,304.82,40,305.53,160,IBM
2025-12-16,9:46:09.216653566,T,304.82,40,305.66,160,IBM
2025-12-16,9:46:09.707512056,T,305.1,80,305.66,160,IBM
2025-12-16,9:46:09.742601024,T,305.1,120,305.66,160,IBM
2025-12-16,9:46:09.742630700,T,305.1,160,305.66,160,IBM
2025-12-16,9:46:09.742705926,T,305.26,40,305.66,160,IBM
2025-12-16,9:46:09.742796139,T,305.1,120,305.66,160,IBM
2025-12-16,9:46:09.744670697,T,305.1,160,305.66,160,IBM
2025-12-16,9:46:09.758097552,T,305.1,120,305.66,160,IBM
2025-12-16,9:46:09.792344019,T,305.18,40,305.66,160,IBM
2025-12-16,9:46:09.792549545,T,305.18,80,305.66,160,IBM
2025-12-16,9:46:09.801571396,T,305.26,40,305.66,160,IBM
2025-12-16,9:46:09.804603236,T,305.26,80,305.66,160,IBM
2025-12-16,9:46:09.806773438,T,305.26,40,305.66,160,IBM
2025-12-16,9:46:09.807089171,T,305.26,40,305.88,80,IBM
2025-12-16,9:46:09.834078448,T,305.1,120,305.88,80,IBM
2025-12-16,9:46:10.464574342,T,305.46,40,305.88,80,IBM
2025-12-16,9:46:10.743007099,T,305.46,40,305.88,280,IBM
2025-12-16,9:46:16.243441322,T,305.46,40,305.88,200,IBM
2025-12-16,9:46:22.892314486,T,305.46,40,305.83,40,IBM
2025-12-16,9:46:22.893076366,T,305.46,40,305.83,160,IBM
2025-12-16,9:46:23.241586002,T,305.46,40,305.83,120,IBM
2025-12-16,9:46:23.242062147,T,305.46,40,305.82,40,IBM
2025-12-16,9:46:23.242818977,T,305.46,40,305.82,120,IBM
2025-12-16,9:46:24.019984237,T,305.46,40,305.82,80,IBM
2025-12-16,9:46:24.020069438,T,305.46,40,305.81,40,IBM
2025-12-16,9:46:24.020831267,T,305.46,40,305.81,120,IBM
2025-12-16,9:46:27.174729257,T,305.1,120,305.81,120,IBM
2025-12-16,9:46:27.174754236,T,305.1,120,305.64,40,IBM
2025-12-16,9:46:27.174769279,T,305.1,120,305.64,80,IBM
2025-12-16,9:46:27.175245395,T,305.1,120,305.64,40,IBM
2025-12-16,9:46:27.179821228,T,305.1,120,305.8,40,IBM
2025-12-16,9:46:27.181650565,T,305.1,120,305.65,40,IBM
2025-12-16,9:46:27.434708013,T,305.1,120,305.95,40,IBM
2025-12-16,9:46:28.481815862,T,305.1,160,305.95,40,IBM
2025-12-16,9:46:32.813913756,T,305.1,160,305.59,40,IBM
2025-12-16,9:46:32.814399911,T,305.1,160,305.49,40,IBM
2025-12-16,9:46:32.818424390,T,305.1,160,305.59,40,IBM
2025-12-16,9:46:33.690124576,T,305.1,160,305.49,40,IBM
2025-12-16,9:46:37.106362495,T,305.1,160,305.59,40,IBM
2025-12-16,9:46:40.878211476,T,305.1,160,305.86,200,IBM
2025-12-16,9:46:42.196935757,T,305.1,160,305.48,40,IBM
2025-12-16,9:46:42.541455811,T,305.1,160,305.86,200,IBM
2025-12-16,9:46:49.623490259,T,305.1,240,305.86,200,IBM
2025-12-16,9:46:50.203977602,T,305.1,200,305.86,200,IBM
2025-12-16,9:46:50.204012318,T,305.1,200,305.48,40,IBM
2025-12-16,9:46:50.204022356,T,305.1,200,305.34,40,IBM
2025-12-16,9:46:50.204157639,T,305.1,120,305.34,40,IBM
2025-12-16,9:46:50.208863846,T,305.1,120,305.48,40,IBM
2025-12-16,9:46:54.039543050,T,305.21,40,305.48,40,IBM
2025-12-16,9:46:54.039548403,T,305.21,40,305.68,160,IBM
2025-12-16,9:46:54.132108419,T,305.11,40,305.68,160,IBM
2025-12-16,9:46:54.139551202,T,305.1,160,305.68,160,IBM
2025-12-16,9:46:54.202771621,T,305.22,80,305.68,160,IBM
2025-12-16,9:46:57.591468686,T,305.22,120,305.68,160,IBM
2025-12-16,9:47:00.908846160,T,305.22,80,305.68,160,IBM
2025-12-16,9:47:01.823974677,T,305.22,80,305.95,40,IBM
2025-12-16,9:47:01.823984615,T,305.22,80,305.84,160,IBM
2025-12-16,9:47:03.364627366,T,305.22,120,305.84,160,IBM
2025-12-16,9:47:03.386960471,T,305.23,40,305.84,160,IBM
2025-12-16,9:47:03.386970527,T,305.22,80,305.84,160,IBM
2025-12-16,9:47:04.534647607,T,305.22,80,305.77,80,IBM
2025-12-16,9:47:04.534742817,T,305.22,80,305.77,160,IBM
2025-12-16,9:47:04.534772885,T,305.22,80,305.77,280,IBM
2025-12-16,9:47:04.534807965,T,305.22,80,305.77,360,IBM
2025-12-16,9:47:04.535264385,T,305.22,80,305.77,440,IBM
2025-12-16,9:47:04.539358992,T,305.22,80,305.77,360,IBM
2025-12-16,9:47:04.539358992,T,305.22,80,305.77,280,IBM
2025-12-16,9:47:04.539363869,T,305.22,80,305.63,80,IBM
2025-12-16,9:47:04.539393979,T,305.22,80,305.63,440,IBM
2025-12-16,9:47:09.869753240,T,305.22,80,305.63,80,IBM
2025-12-16,9:47:09.869753240,T,305.22,80,305.52,40,IBM
2025-12-16,9:47:09.869758292,T,305.22,80,305.41,80,IBM
2025-12-16,9:47:09.869773315,T,305.22,80,305.41,440,IBM
2025-12-16,9:47:10.490932012,T,305.22,80,305.41,360,IBM
2025-12-16,9:47:10.490936994,T,305.22,80,305.41,40,IBM
2025-12-16,9:47:10.490952022,T,305.22,80,305.66,40,IBM
2025-12-16,9:47:10.490972295,T,305.28,40,305.66,40,IBM
2025-12-16,9:47:10.491082359,T,305.34,40,305.66,40,IBM
2025-12-16,9:47:10.491212804,T,305.28,40,305.66,40,IBM
2025-12-16,9:47:10.491212804,T,305.22,80,305.66,40,IBM
2025-12-16,9:47:10.498344677,T,305.22,80,305.5,40,IBM
2025-12-16,9:47:10.498665386,T,305.22,80,305.66,40,IBM
2025-12-16,9:47:10.745237459,T,305.22,80,305.59,40,IBM
2025-12-16,9:47:11.336254444,T,305.22,80,305.66,40,IBM
2025-12-16,9:47:13.958030959,T,305.22,120,305.66,40,IBM
2025-12-16,9:47:13.958050985,T,305.22,80,305.66,40,IBM
2025-12-16,9:47:13.963564096,T,305.22,80,305.95,40,IBM
2025-12-16,9:47:13.963619193,T,305.22,80,306.01,200,IBM
2025-12-16,9:47:13.963649317,T,305.22,120,306.01,200,IBM
2025-12-16,9:47:13.963649317,T,305.26,40,306.01,200,IBM
2025-12-16,9:47:13.963829712,T,305.34,40,306.01,200,IBM
2025-12-16,9:47:13.964020174,T,305.52,40,306.01,200,IBM
2025-12-16,9:47:13.964030178,T,305.52,40,306.01,160,IBM
2025-12-16,9:47:13.967899383,T,305.52,80,306.01,160,IBM
2025-12-16,9:47:13.968089859,T,305.52,40,306.01,160,IBM
2025-12-16,9:47:14.201781296,T,305.22,80,306.01,160,IBM
2025-12-16,9:47:16.646130015,T,305.28,160,306.01,160,IBM
2025-12-16,9:47:21.049211973,T,305.28,160,306.01,200,IBM
2025-12-16,9:47:21.049537760,T,305.28,160,306.01,160,IBM
2025-12-16,9:47:30.237244748,T,305.28,160,306.05,40,IBM
2025-12-16,9:47:30.240352102,T,305.75,40,306.05,40,IBM
2025-12-16,9:47:30.240722951,T,305.75,120,306.05,40,IBM
2025-12-16,9:47:30.241048726,T,305.75,120,306.16,160,IBM
2025-12-16,9:47:30.242692626,T,305.75,160,306.16,160,IBM
2025-12-16,9:47:30.248000263,T,305.75,200,306.16,160,IBM
2025-12-16,9:47:30.315696409,T,305.75,240,306.16,160,IBM
2025-12-16,9:47:30.316012292,T,305.77,40,306.16,160,IBM
2025-12-16,9:47:30.316593580,T,305.77,40,306.33,40,IBM
2025-12-16,9:47:30.317355443,T,305.77,40,306.35,160,IBM
2025-12-16,9:47:30.320297412,T,305.77,40,306.5,40,IBM
2025-12-16,9:47:30.320477855,T,305.75,160,306.5,40,IBM
2025-12-16,9:47:30.320497833,T,305.75,120,306.5,40,IBM
2025-12-16,9:47:30.354814610,T,305.77,40,306.5,40,IBM
2025-12-16,9:47:30.415774727,T,305.75,80,306.5,40,IBM
2025-12-16,9:47:42.623210554,T,305.75,80,306.51,40,IBM
2025-12-16,9:47:45.541597973,T,305.75,80,306.24,40,IBM
2025-12-16,9:47:45.541968872,T,305.75,80,306.24,80,IBM
2025-12-16,9:47:45.708224661,T,305.75,80,306.24,40,IBM
2025-12-16,9:47:45.708650652,T,305.75,80,306.22,40,IBM
2025-12-16,9:47:45.708936350,T,305.75,80,306.22,80,IBM
2025-12-16,9:47:45.817735380,T,305.75,80,306.22,40,IBM
2025-12-16,9:47:47.303717981,T,305.75,80,306.5,40,IBM
2025-12-16,9:47:48.100680088,T,305.75,80,306.21,40,IBM
2025-12-16,9:47:48.101321657,T,305.75,80,306.21,80,IBM
2025-12-16,9:47:48.632766795,T,305.75,80,306.04,40,IBM
2025-12-16,9:47:48.632887090,T,305.75,80,306.03,40,IBM
2025-12-16,9:47:48.633177720,T,305.75,80,306.03,80,IBM
2025-12-16,9:47:48.633318103,T,305.64,160,306.03,80,IBM
2025-12-16,9:47:48.633558692,T,305.5,40,306.03,80,IBM
2025-12-16,9:47:48.633623833,T,305.44,200,306.03,80,IBM
2025-12-16,9:47:48.634074834,T,305.44,160,306.03,80,IBM
2025-12-16,9:47:48.732930159,T,305.44,160,306.03,40,IBM
2025-12-16,9:47:49.696549155,T,305.44,160,306.04,40,IBM
2025-12-16,9:47:49.763137717,T,305.34,40,306.04,40,IBM
2025-12-16,9:47:50.396385297,T,305.37,80,306.04,40,IBM
2025-12-16,9:47:51.291090199,T,305.44,80,306.04,40,IBM
2025-12-16,9:47:51.301103925,T,305.34,40,306.04,40,IBM
2025-12-16,9:47:52.302828538,T,305.44,80,306.04,40,IBM
2025-12-16,9:47:52.319864136,T,305.34,40,306.04,40,IBM
2025-12-16,9:47:52.322014321,T,305.34,40,306.18,40,IBM
2025-12-16,9:47:52.322084408,T,305.34,40,306.26,40,IBM
2025-12-16,9:47:52.799340618,T,305.43,80,306.26,40,IBM
2025-12-16,9:47:52.885510697,T,305.57,80,306.26,40,IBM
2025-12-16,9:47:53.321794353,T,305.64,40,306.26,40,IBM
2025-12-16,9:47:55.956471841,T,305.64,160,306.26,40,IBM
2025-12-16,9:47:56.066212761,T,305.64,160,306.33,200,IBM
2025-12-16,9:47:56.099336653,T,305.64,40,306.33,200,IBM
2025-12-16,9:48:11.636699553,T,305.64,40,306.18,40,IBM
2025-12-16,9:48:11.636734627,T,305.64,40,306.26,40,IBM
2025-12-16,9:48:11.636759653,T,305.73,40,306.26,40,IBM
2025-12-16,9:48:11.637000254,T,305.64,40,306.26,40,IBM
