DATE,TIME_M,EX,BID,BIDSIZ,ASK,ASKSIZ,SYM_ROOT
2025-10-10,9:30:00.605620625,T,287.2,100,290.45,100,IBM
2025-10-10,9:30:00.605655787,T,288.36,100,290.45,100,IBM
2025-10-10,9:30:00.625658381,T,287.2,100,290.45,100,IBM
2025-10-10,9:30:01.121298687,T,288.0,100,290.45,100,IBM
2025-10-10,9:30:01.121754361,T,288.37,100,290.45,100,IBM
2025-10-10,9:30:01.125788953,T,288.0,100,290.45,100,IBM
2025-10-10,9:30:01.129462771,T,288.0,100,290.93,100,IBM
2025-10-10,9:30:01.139286111,T,288.23,100,290.93,100,IBM
2025-10-10,9:30:01.139461581,T,289.0,100,290.93,100,IBM
2025-10-10,9:30:01.142017593,T,288.23,100,290.93,100,IBM
2025-10-10,9:30:01.142082781,T,288.23,100,289.72,100,IBM
2025-10-10,9:30:01.162075430,T,288.23,100,290.93,100,IBM
2025-10-10,9:30:01.228648874,T,289.01,100,290.93,100,IBM
2025-10-10,9:30:01.335333230,T,288.23,100,290.93,100,IBM
2025-10-10,9:30:02.064980056,T,289.01,100,290.93,100,IBM
2025-10-10,9:30:02.231587048,T,288.23,100,290.93,100,IBM
2025-10-10,9:30:02.924035194,T,289.0,100,290.93,100,IBM
2025-10-10,9:30:03.568639634,T,289.01,100,290.93,100,IBM
2025-10-10,9:30:03.835114024,T,289.0,100,290.93,100,IBM
2025-10-10,9:30:04.544322291,T,289.0,100,290.0,100,IBM
2025-10-10,9:30:04.544638026,T,288.23,100,290.0,100,IBM
2025-10-10,9:30:04.544663158,T,288.23,100,289.0,100,IBM
2025-10-10,9:30:04.544713272,T,288.23,100,289.36,100,IBM
2025-10-10,9:30:04.544908736,T,288.23,100,289.36,200,IBM
2025-10-10,9:30:04.545239620,T,288.23,100,289.36,300,IBM
2025-10-10,9:30:04.545665531,T,288.23,100,289.36,200,IBM
2025-10-10,9:30:04.557894645,T,288.23,100,289.36,100,IBM
2025-10-10,9:30:04.564660679,T,288.23,100,290.0,100,IBM
2025-10-10,9:30:04.565688132,T,288.23,100,289.9,100,IBM
2025-10-10,9:30:04.565713287,T,288.23,100,290.0,100,IBM
2025-10-10,9:30:05.146325484,T,288.23,100,289.45,100,IBM
2025-10-10,9:30:05.146330558,T,288.23,100,290.0,100,IBM
2025-10-10,9:30:05.146330558,T,288.23,100,289.9,100,IBM
2025-10-10,9:30:05.146731373,T,288.23,100,289.45,100,IBM
2025-10-10,9:30:05.146751461,T,288.23,100,289.45,200,IBM
2025-10-10,9:30:05.146761485,T,288.23,100,289.45,100,IBM
2025-10-10,9:30:05.202754804,T,288.23,100,289.37,100,IBM
2025-10-10,9:30:05.249170299,T,288.23,100,290.0,100,IBM
2025-10-10,9:30:05.250092566,T,288.23,100,289.37,100,IBM
2025-10-10,9:30:05.250518537,T,288.23,100,289.37,200,IBM
2025-10-10,9:30:05.382237066,T,288.23,100,289.37,100,IBM
2025-10-10,9:30:05.452785078,T,288.23,100,289.37,200,IBM
2025-10-10,9:30:05.608159909,T,288.23,100,289.37,100,IBM
2025-10-10,9:30:05.719003800,T,288.23,100,289.37,200,IBM
2025-10-10,9:30:05.874769538,T,288.23,100,289.37,100,IBM
2025-10-10,9:30:06.308181333,T,288.81,100,289.37,100,IBM
2025-10-10,9:30:06.820325650,T,288.23,100,289.37,100,IBM
2025-10-10,9:30:07.337145896,T,288.23,200,289.37,100,IBM
2025-10-10,9:30:07.447162772,T,288.23,100,289.37,100,IBM
2025-10-10,9:30:10.015687575,T,288.23,100,289.37,200,IBM
2025-10-10,9:30:11.724169651,T,288.23,100,289.37,100,IBM
2025-10-10,9:30:13.724135877,T,288.23,100,289.37,200,IBM
2025-10-10,9:30:15.233003096,T,288.23,100,289.37,100,IBM
2025-10-10,9:30:17.803141524,T,288.23,100,289.37,200,IBM
2025-10-10,9:30:23.034811391,T,288.23,100,289.37,300,IBM
2025-10-10,9:30:23.036099444,T,288.23,100,289.36,100,IBM
2025-10-10,9:30:23.036415112,T,288.23,100,289.35,100,IBM
2025-10-10,9:30:23.044865241,T,288.23,100,289.35,200,IBM
2025-10-10,9:30:23.045286235,T,288.23,100,289.35,300,IBM
2025-10-10,9:30:23.045501764,T,288.23,100,289.35,400,IBM
2025-10-10,9:30:23.102071436,T,288.23,100,289.35,300,IBM
2025-10-10,9:30:33.148513508,T,288.23,100,289.35,400,IBM
2025-10-10,9:30:33.248276055,T,288.23,100,289.35,300,IBM
2025-10-10,9:30:33.248301116,T,288.23,100,289.35,200,IBM
2025-10-10,9:30:33.249098017,T,288.23,100,289.35,300,IBM
2025-10-10,9:30:33.249123091,T,288.23,100,289.35,400,IBM
2025-10-10,9:30:34.399231011,T,288.23,100,289.35,300,IBM
2025-10-10,9:30:34.523161072,T,288.23,100,289.35,400,IBM
2025-10-10,9:30:35.469198226,T,288.23,100,289.35,300,IBM
2025-10-10,9:30:35.469483933,T,288.23,100,289.35,400,IBM
2025-10-10,9:30:35.469488916,T,288.23,100,289.34,100,IBM
2025-10-10,9:30:35.469619293,T,288.23,100,289.35,400,IBM
2025-10-10,9:30:35.469694490,T,288.23,100,289.35,300,IBM
2025-10-10,9:30:35.469909959,T,288.23,100,289.34,100,IBM
2025-10-10,9:30:35.470636666,T,288.23,100,289.34,200,IBM
2025-10-10,9:30:35.475393101,T,288.23,200,289.34,200,IBM
2025-10-10,9:30:35.475633614,T,288.23,100,289.34,200,IBM
2025-10-10,9:30:35.520154574,T,288.23,100,289.34,100,IBM
2025-10-10,9:30:35.520400164,T,288.23,100,289.34,200,IBM
2025-10-10,9:30:35.520610591,T,288.23,100,289.34,300,IBM
2025-10-10,9:30:37.486395572,T,288.23,100,289.33,100,IBM
2025-10-10,9:30:37.486836544,T,288.23,100,289.35,100,IBM
2025-10-10,9:30:37.486891756,T,288.23,100,289.34,100,IBM
2025-10-10,9:30:37.487337766,T,288.23,100,289.34,200,IBM
2025-10-10,9:30:37.647909967,T,288.23,100,289.34,100,IBM
2025-10-10,9:30:37.648125510,T,288.23,100,289.34,200,IBM
2025-10-10,9:30:37.648341077,T,288.23,100,289.34,300,IBM
2025-10-10,9:30:37.648376141,T,288.23,100,289.33,100,IBM
2025-10-10,9:30:37.668724606,T,288.23,100,289.34,200,IBM
2025-10-10,9:30:37.668935044,T,288.23,100,289.34,100,IBM
2025-10-10,9:30:37.669150575,T,288.23,100,289.34,200,IBM
2025-10-10,9:30:37.669160662,T,288.23,100,289.34,100,IBM
2025-10-10,9:30:37.669376170,T,288.23,100,289.34,200,IBM
2025-10-10,9:30:37.669591589,T,288.23,100,289.34,300,IBM
2025-10-10,9:30:37.669621666,T,288.23,100,289.33,100,IBM
2025-10-10,9:30:37.905528308,T,288.23,100,289.34,300,IBM
2025-10-10,9:30:37.905798950,T,288.23,100,289.34,200,IBM
2025-10-10,9:30:37.906024517,T,288.23,100,289.34,100,IBM
2025-10-10,9:30:37.906034511,T,288.23,100,289.35,100,IBM
2025-10-10,9:30:37.906240015,T,288.23,100,289.34,100,IBM
2025-10-10,9:30:37.980070737,T,288.23,100,289.35,100,IBM
2025-10-10,9:30:37.980336447,T,288.23,100,289.35,200,IBM
2025-10-10,9:30:37.980491810,T,288.23,100,289.35,300,IBM
2025-10-10,9:30:37.980501756,T,288.23,100,289.35,400,IBM
2025-10-10,9:30:38.249176356,T,288.23,100,289.35,500,IBM
2025-10-10,9:30:38.385150070,T,288.23,100,289.35,400,IBM
2025-10-10,9:30:38.387445563,T,288.23,100,289.35,500,IBM
2025-10-10,9:30:38.539407366,T,288.23,100,289.35,400,IBM
2025-10-10,9:30:38.561454768,T,288.23,100,289.35,500,IBM
2025-10-10,9:30:39.048965392,T,288.23,100,289.35,400,IBM
2025-10-10,9:30:39.628780721,T,288.23,100,289.35,500,IBM
2025-10-10,9:30:39.902372028,T,288.23,100,289.35,400,IBM
2025-10-10,9:30:39.903189046,T,288.23,100,289.35,500,IBM
2025-10-10,9:30:40.118200861,T,288.23,100,289.35,400,IBM
2025-10-10,9:30:41.581509719,T,288.23,100,289.35,500,IBM
2025-10-10,9:30:41.581514715,T,288.23,100,289.34,100,IBM
2025-10-10,9:30:41.582005862,T,288.23,100,289.34,200,IBM
2025-10-10,9:30:41.582426923,T,288.23,100,289.34,300,IBM
2025-10-10,9:30:41.582441918,T,288.23,100,289.34,400,IBM
2025-10-10,9:30:41.681838503,T,288.23,100,289.34,300,IBM
2025-10-10,9:30:42.462531892,T,288.23,100,289.33,100,IBM
2025-10-10,9:30:42.504461696,T,288.23,100,289.35,200,IBM
2025-10-10,9:30:42.504672379,T,288.23,100,289.35,300,IBM
2025-10-10,9:30:42.505098231,T,288.23,100,289.35,400,IBM
2025-10-10,9:30:42.670797736,T,288.23,100,289.35,300,IBM
2025-10-10,9:30:42.670852892,T,288.23,100,289.35,400,IBM
2025-10-10,9:30:43.773507840,T,288.23,100,289.35,300,IBM
2025-10-10,9:30:44.019047294,T,288.23,100,289.35,400,IBM
2025-10-10,9:30:44.874859786,T,288.23,100,289.35,300,IBM
2025-10-10,9:30:44.875085248,T,288.23,100,289.35,400,IBM
2025-10-10,9:30:44.875115344,T,288.23,100,289.35,500,IBM
2025-10-10,9:30:45.244700283,T,288.23,100,289.35,400,IBM
2025-10-10,9:30:45.244730341,T,288.23,100,289.35,300,IBM
2025-10-10,9:30:49.935221479,T,288.23,100,289.34,100,IBM
2025-10-10,9:30:49.935642555,T,288.23,100,289.34,200,IBM
2025-10-10,9:30:49.935722740,T,288.23,100,289.34,300,IBM
2025-10-10,9:30:49.936013420,T,288.23,100,289.34,400,IBM
2025-10-10,9:30:49.936143667,T,288.23,100,289.34,500,IBM
2025-10-10,9:30:49.944097649,T,288.23,100,289.34,600,IBM
2025-10-10,9:30:50.930510971,T,288.23,100,289.34,500,IBM
2025-10-10,9:30:57.111079686,T,288.49,100,289.34,500,IBM
2025-10-10,9:30:57.111210020,T,288.49,100,289.34,600,IBM
2025-10-10,9:30:58.178024808,T,288.23,100,289.34,600,IBM
2025-10-10,9:30:58.178155156,T,288.23,100,289.34,500,IBM
2025-10-10,9:31:00.057930062,T,288.24,200,289.34,500,IBM
2025-10-10,9:31:02.075022131,T,288.24,200,289.34,400,IBM
2025-10-10,9:31:08.497842407,T,288.24,200,289.34,300,IBM
2025-10-10,9:31:08.497872482,T,288.24,200,289.34,200,IBM
2025-10-10,9:31:08.497877509,T,288.61,100,289.34,200,IBM
2025-10-10,9:31:08.885349970,T,288.49,200,289.34,200,IBM
2025-10-10,9:31:10.082645214,T,288.23,200,289.34,200,IBM
2025-10-10,9:31:10.082670213,T,288.23,100,289.34,200,IBM
2025-10-10,9:31:10.369097104,T,288.23,200,289.34,200,IBM
2025-10-10,9:31:11.407188482,T,288.23,100,289.34,200,IBM
2025-10-10,9:31:11.593496927,T,288.62,100,289.34,200,IBM
2025-10-10,9:31:13.247970914,T,288.23,100,289.34,200,IBM
2025-10-10,9:31:17.677470795,T,288.23,200,289.34,200,IBM
2025-10-10,9:31:20.372085722,T,288.54,100,289.34,200,IBM
2025-10-10,9:31:20.506315347,T,288.37,100,289.34,200,IBM
2025-10-10,9:31:20.506345301,T,288.23,200,289.34,200,IBM
2025-10-10,9:31:24.014577158,T,288.5,100,289.34,200,IBM
2025-10-10,9:31:25.348121886,T,288.23,200,289.34,200,IBM
2025-10-10,9:31:30.366709404,T,288.25,100,289.34,200,IBM
2025-10-10,9:31:31.499731775,T,288.23,200,289.34,200,IBM
2025-10-10,9:31:33.993839383,T,288.23,200,289.34,300,IBM
2025-10-10,9:31:34.904712789,T,288.23,100,289.34,300,IBM
2025-10-10,9:31:35.666431189,T,288.23,100,289.34,400,IBM
2025-10-10,9:31:38.579862165,T,288.23,100,289.34,300,IBM
2025-10-10,9:31:55.029142003,T,288.23,200,289.34,300,IBM
2025-10-10,9:31:55.768732643,T,288.23,100,289.34,300,IBM
2025-10-10,9:31:57.691309529,T,288.23,200,289.34,300,IBM
2025-10-10,9:31:58.539649106,T,288.23,100,289.34,300,IBM
2025-10-10,9:32:00.104499562,T,288.23,100,289.34,200,IBM
2025-10-10,9:32:03.982546802,T,288.23,100,289.34,100,IBM
2025-10-10,9:32:03.982561838,T,288.23,100,289.58,200,IBM
2025-10-10,9:32:04.033237510,T,288.23,100,289.34,100,IBM
2025-10-10,9:32:04.041527294,T,288.23,100,289.58,200,IBM
2025-10-10,9:32:05.033779569,T,288.23,200,289.58,200,IBM
2025-10-10,9:32:05.034060279,T,288.69,100,289.58,200,IBM
2025-10-10,9:32:05.034345906,T,288.23,200,289.58,200,IBM
2025-10-10,9:32:05.042349949,T,288.23,100,289.58,200,IBM
2025-10-10,9:32:05.065660480,T,288.23,200,289.58,200,IBM
2025-10-10,9:32:05.165167425,T,288.4,200,289.58,200,IBM
2025-10-10,9:32:09.634973444,T,288.23,100,289.58,200,IBM
2025-10-10,9:32:17.449371632,T,288.15,200,289.58,200,IBM
2025-10-10,9:32:22.823124528,T,288.61,100,289.58,200,IBM
2025-10-10,9:32:30.018659608,T,288.34,200,289.58,200,IBM
2025-10-10,9:32:37.219958259,T,288.34,200,290.0,100,IBM
2025-10-10,9:32:37.219963273,T,288.34,200,289.39,200,IBM
2025-10-10,9:32:56.341194294,T,288.34,200,289.05,100,IBM
2025-10-10,9:33:04.149693486,T,287.63,100,289.05,100,IBM
2025-10-10,9:33:04.149703607,T,288.04,200,289.05,100,IBM
2025-10-10,9:33:04.196244361,T,288.04,200,288.98,100,IBM
2025-10-10,9:33:05.400932220,T,288.25,100,288.98,100,IBM
2025-10-10,9:33:05.401097638,T,288.25,100,289.05,200,IBM
2025-10-10,9:33:05.401313076,T,288.25,100,288.98,100,IBM
2025-10-10,9:33:05.401523650,T,288.25,100,288.98,200,IBM
2025-10-10,9:33:05.405122191,T,288.06,100,288.98,200,IBM
2025-10-10,9:33:05.777127809,T,288.06,100,288.98,100,IBM
2025-10-10,9:33:05.891149207,T,288.25,100,288.98,100,IBM
2025-10-10,9:33:05.891545136,T,288.25,100,288.98,200,IBM
2025-10-10,9:33:05.899438981,T,288.06,100,288.98,200,IBM
2025-10-10,9:33:05.911572799,T,288.06,100,288.98,100,IBM
2025-10-10,9:33:10.657912229,T,288.04,200,288.98,100,IBM
2025-10-10,9:33:10.657942261,T,288.04,300,288.98,100,IBM
2025-10-10,9:33:12.899092749,T,288.06,100,288.98,100,IBM
2025-10-10,9:33:12.899127735,T,288.04,300,288.98,100,IBM
2025-10-10,9:33:12.899378365,T,288.04,300,289.03,100,IBM
2025-10-10,9:33:12.899383376,T,288.04,300,288.99,100,IBM
2025-10-10,9:33:12.899403473,T,288.04,300,289.03,100,IBM
2025-10-10,9:33:12.899408495,T,288.04,300,288.99,100,IBM
2025-10-10,9:33:12.899539403,T,288.04,300,289.03,100,IBM
2025-10-10,9:33:12.899543803,T,288.04,300,289.05,100,IBM
2025-10-10,9:33:12.899543803,T,288.04,300,289.05,200,IBM
2025-10-10,9:33:12.899543803,T,288.04,300,289.05,100,IBM
2025-10-10,9:33:12.899654275,T,288.04,300,289.03,100,IBM
2025-10-10,9:33:12.899674031,T,288.04,300,289.05,100,IBM
2025-10-10,9:33:12.899704542,T,288.04,300,289.05,200,IBM
2025-10-10,9:33:12.900315547,T,288.25,100,289.05,200,IBM
2025-10-10,9:33:12.900340605,T,288.04,300,289.05,200,IBM
2025-10-10,9:33:12.900365714,T,288.04,300,289.03,100,IBM
2025-10-10,9:33:12.900390770,T,288.04,300,289.05,200,IBM
2025-10-10,9:33:12.902069757,T,288.04,300,289.05,100,IBM
2025-10-10,9:33:12.902570923,T,288.04,300,289.05,200,IBM
2025-10-10,9:33:12.902595992,T,288.04,300,289.05,100,IBM
2025-10-10,9:33:14.058492865,T,288.06,100,289.05,100,IBM
2025-10-10,9:33:14.058522953,T,288.25,100,289.05,100,IBM
2025-10-10,9:33:14.058603121,T,288.06,100,289.05,100,IBM
2025-10-10,9:33:16.996046018,T,288.04,300,289.05,100,IBM
2025-10-10,9:33:25.402448620,T,288.04,100,289.05,100,IBM
2025-10-10,9:33:25.402458623,T,288.23,200,289.05,100,IBM
2025-10-10,9:33:36.847380122,T,288.45,100,289.05,100,IBM
2025-10-10,9:33:56.049453528,T,288.5,100,289.05,100,IBM
2025-10-10,9:33:56.049508572,T,288.45,100,289.05,100,IBM
2025-10-10,9:33:56.049528713,T,288.45,100,289.39,200,IBM
2025-10-10,9:33:56.049563722,T,288.45,100,289.28,200,IBM
2025-10-10,9:33:56.049568719,T,288.45,100,289.28,300,IBM
2025-10-10,9:33:56.050054922,T,288.45,100,289.28,100,IBM
2025-10-10,9:33:56.050054922,T,288.45,100,289.39,300,IBM
2025-10-10,9:33:56.050079934,T,288.45,100,289.2,300,IBM
2025-10-10,9:33:56.050195208,T,288.45,100,289.28,100,IBM
2025-10-10,9:33:56.050220354,T,288.45,100,289.05,300,IBM
2025-10-10,9:33:56.050306029,T,288.45,100,289.05,100,IBM
2025-10-10,9:33:56.050306029,T,288.45,100,289.28,100,IBM
2025-10-10,9:33:56.051222654,T,289.05,100,289.28,100,IBM
2025-10-10,9:33:56.051292826,T,288.45,100,289.28,100,IBM
2025-10-10,9:33:56.060770385,T,288.45,100,289.39,200,IBM
2025-10-10,9:33:56.112633904,T,288.45,100,289.39,300,IBM
2025-10-10,9:33:56.112673966,T,288.45,100,289.33,100,IBM
2025-10-10,9:33:56.112714133,T,288.45,100,289.28,100,IBM
2025-10-10,9:33:56.112744130,T,288.45,100,289.27,100,IBM
2025-10-10,9:33:56.113661301,T,288.45,100,289.28,100,IBM
2025-10-10,9:33:56.114192637,T,288.45,100,289.33,200,IBM
2025-10-10,9:33:56.114222640,T,288.45,100,289.33,100,IBM
2025-10-10,9:33:56.124687549,T,288.45,100,289.39,200,IBM
2025-10-10,9:33:56.150428851,T,288.5,100,289.39,200,IBM
2025-10-10,9:33:56.216857061,T,288.45,100,289.39,200,IBM
2025-10-10,9:33:59.993317321,T,288.5,100,289.39,200,IBM
2025-10-10,9:34:00.763731515,T,288.5,200,289.39,200,IBM
2025-10-10,9:34:00.763786675,T,288.5,100,289.39,200,IBM
2025-10-10,9:34:00.763962026,T,288.49,100,289.39,200,IBM
2025-10-10,9:34:00.767751094,T,288.45,100,289.39,200,IBM
2025-10-10,9:34:00.774276568,T,288.5,100,289.39,200,IBM
2025-10-10,9:34:01.128204125,T,288.45,100,289.39,200,IBM
2025-10-10,9:34:01.809421051,T,288.49,100,289.39,200,IBM
2025-10-10,9:34:02.477290929,T,288.5,100,289.39,200,IBM
2025-10-10,9:34:05.038974387,T,288.5,200,289.39,200,IBM
2025-10-10,9:34:05.619110482,T,288.5,200,289.33,100,IBM
2025-10-10,9:34:05.711901278,T,288.5,100,289.33,100,IBM
2025-10-10,9:34:07.624028364,T,288.5,100,289.31,100,IBM
2025-10-10,9:34:12.786202851,T,288.5,100,289.33,100,IBM
2025-10-10,9:34:12.786212924,T,288.5,100,289.3,100,IBM
2025-10-10,9:34:12.786237932,T,288.5,100,289.33,100,IBM
2025-10-10,9:34:16.013721345,T,288.45,200,289.33,100,IBM
2025-10-10,9:34:31.009079991,T,288.55,100,289.33,100,IBM
2025-10-10,9:34:31.009606168,T,288.45,200,289.33,100,IBM
2025-10-10,9:34:34.239585497,T,288.45,100,289.33,100,IBM
2025-10-10,9:34:36.066384273,T,288.49,100,289.33,100,IBM
2025-10-10,9:34:36.101783532,T,288.5,100,289.33,100,IBM
2025-10-10,9:34:36.482093891,T,288.49,100,289.33,100,IBM
2025-10-10,9:34:36.914949460,T,288.49,100,289.39,200,IBM
2025-10-10,9:34:36.967745277,T,288.55,100,289.39,200,IBM
2025-10-10,9:34:37.630994117,T,288.49,100,289.39,200,IBM
2025-10-10,9:34:49.050790465,T,288.49,100,289.0,100,IBM
2025-10-10,9:34:49.050840928,T,288.49,100,289.39,200,IBM
2025-10-10,9:34:49.050865581,T,288.5,100,289.39,200,IBM
2025-10-10,9:34:49.051241592,T,288.55,100,289.39,200,IBM
2025-10-10,9:34:49.051396895,T,288.7,100,289.39,200,IBM
2025-10-10,9:34:49.051637389,T,288.55,100,289.39,200,IBM
2025-10-10,9:34:49.051707631,T,288.77,100,289.39,200,IBM
2025-10-10,9:34:49.051827943,T,288.5,100,289.39,200,IBM
2025-10-10,9:34:49.052133587,T,288.49,100,289.39,200,IBM
2025-10-10,9:34:49.053341478,T,288.77,100,289.39,200,IBM
2025-10-10,9:34:57.829960380,T,288.72,100,289.39,200,IBM
2025-10-10,9:35:21.324126247,T,288.73,100,289.39,200,IBM
2025-10-10,9:35:21.716450192,T,288.72,100,289.39,200,IBM
2025-10-10,9:35:21.718224427,T,288.73,100,289.39,200,IBM
2025-10-10,9:35:22.705309370,T,288.72,100,289.39,200,IBM
2025-10-10,9:35:23.535956822,T,288.73,100,289.39,200,IBM
2025-10-10,9:35:23.694158493,T,288.72,100,289.39,200,IBM
2025-10-10,9:35:24.657882800,T,288.73,100,289.39,200,IBM
2025-10-10,9:35:24.683012568,T,288.72,100,289.39,200,IBM
2025-10-10,9:35:24.683939770,T,288.73,100,289.39,200,IBM
2025-10-10,9:35:25.671866759,T,288.72,100,289.39,200,IBM
2025-10-10,9:35:25.754959495,T,288.73,100,289.39,200,IBM
2025-10-10,9:35:26.660725894,T,288.72,100,289.39,200,IBM
2025-10-10,9:35:26.667492048,T,288.73,100,289.39,200,IBM
2025-10-10,9:35:27.649580003,T,288.72,100,289.39,200,IBM
2025-10-10,9:35:28.106397459,T,288.73,100,289.39,200,IBM
2025-10-10,9:35:28.638429047,T,288.72,100,289.39,200,IBM
2025-10-10,9:35:28.726744240,T,288.73,100,289.39,200,IBM
2025-10-10,9:35:29.627288024,T,288.72,100,289.39,200,IBM
2025-10-10,9:35:30.085724507,T,288.73,100,289.39,200,IBM
2025-10-10,9:35:30.616142245,T,288.72,100,289.39,200,IBM
2025-10-10,9:35:30.620748304,T,288.73,100,289.39,200,IBM
2025-10-10,9:35:31.604996366,T,288.72,100,289.39,200,IBM
2025-10-10,9:35:31.943437051,T,288.73,100,289.39,200,IBM
2025-10-10,9:35:32.593850332,T,288.72,100,289.39,200,IBM
2025-10-10,9:35:32.594667332,T,288.73,100,289.39,200,IBM
2025-10-10,9:35:32.595198555,T,288.72,100,289.39,200,IBM
2025-10-10,9:35:32.686049866,T,288.73,100,289.39,200,IBM
2025-10-10,9:35:32.686065111,T,289.0,100,289.39,200,IBM
2025-10-10,9:35:32.686365594,T,289.02,100,289.39,200,IBM
2025-10-10,9:35:32.686716435,T,289.02,100,289.9,100,IBM
2025-10-10,9:35:32.686721480,T,289.02,100,289.6,200,IBM
2025-10-10,9:35:32.686987021,T,289.03,100,289.6,200,IBM
2025-10-10,9:35:32.687027174,T,289.03,100,289.33,100,IBM
2025-10-10,9:35:32.687047516,T,289.02,100,289.33,100,IBM
2025-10-10,9:35:32.687052423,T,289.03,100,289.33,100,IBM
2025-10-10,9:35:32.687052423,T,289.03,100,289.6,200,IBM
2025-10-10,9:35:32.687102358,T,289.1,100,289.6,200,IBM
2025-10-10,9:35:32.688300217,T,289.03,100,289.6,200,IBM
2025-10-10,9:35:32.695427218,T,289.02,100,289.6,200,IBM
2025-10-10,9:35:32.724907387,T,289.0,100,289.6,200,IBM
2025-10-10,9:35:32.970486943,T,289.02,100,289.6,200,IBM
2025-10-10,9:35:48.665215142,T,289.03,100,289.6,200,IBM
2025-10-10,9:35:57.825281708,T,289.03,100,289.2,400,IBM
2025-10-10,9:35:57.825306769,T,289.03,100,289.2,200,IBM
2025-10-10,9:35:57.825311775,T,289.03,100,289.6,200,IBM
2025-10-10,9:35:57.825336904,T,289.03,200,289.6,200,IBM
2025-10-10,9:35:57.826073639,T,289.03,100,289.6,200,IBM
2025-10-10,9:35:57.833631565,T,288.98,100,289.6,200,IBM
2025-10-10,9:36:01.975261378,T,288.98,100,289.4,100,IBM
2025-10-10,9:36:01.975366587,T,289.02,100,289.4,100,IBM
2025-10-10,9:36:01.975466837,T,289.03,100,289.4,100,IBM
2025-10-10,9:36:01.975511933,T,289.02,100,289.4,100,IBM
2025-10-10,9:36:01.975547017,T,288.98,200,289.4,100,IBM
2025-10-10,9:36:01.975552016,T,288.98,200,289.32,100,IBM
2025-10-10,9:36:01.975947980,T,288.98,100,289.32,100,IBM
2025-10-10,9:36:01.985295271,T,288.98,100,289.4,100,IBM
2025-10-10,9:36:01.985300416,T,288.98,100,289.6,200,IBM
2025-10-10,9:36:03.816905720,T,288.98,100,289.23,100,IBM
2025-10-10,9:36:03.816965843,T,288.98,100,289.6,200,IBM
2025-10-10,9:36:03.816970900,T,288.98,100,289.6,300,IBM
2025-10-10,9:36:03.820910208,T,288.98,100,289.6,200,IBM
2025-10-10,9:36:03.923028491,T,288.98,100,289.6,300,IBM
2025-10-10,9:36:03.923058460,T,288.98,100,289.43,100,IBM
2025-10-10,9:36:03.923103464,T,288.98,100,289.31,100,IBM
2025-10-10,9:36:03.923128588,T,288.98,100,289.23,100,IBM
2025-10-10,9:36:03.923314081,T,288.65,100,289.23,100,IBM
2025-10-10,9:36:03.923339059,T,288.65,100,289.01,100,IBM
2025-10-10,9:36:03.923369121,T,288.65,100,289.23,100,IBM
2025-10-10,9:36:03.923394185,T,288.65,100,289.43,200,IBM
2025-10-10,9:36:03.923394185,T,288.66,100,289.43,200,IBM
2025-10-10,9:36:03.923399191,T,288.66,100,289.43,100,IBM
2025-10-10,9:36:03.923399191,T,288.65,100,289.43,100,IBM
2025-10-10,9:36:03.923404220,T,288.67,100,289.43,100,IBM
2025-10-10,9:36:03.923900445,T,288.74,100,289.43,100,IBM
2025-10-10,9:36:03.924416606,T,288.73,100,289.43,100,IBM
2025-10-10,9:36:03.933663618,T,288.73,100,289.6,200,IBM
2025-10-10,9:36:03.933909210,T,288.73,100,289.43,100,IBM
2025-10-10,9:36:03.945837607,T,288.73,100,289.6,300,IBM
2025-10-10,9:36:03.945862685,T,288.73,100,289.6,200,IBM
2025-10-10,9:36:04.023417318,T,288.72,100,289.6,200,IBM
2025-10-10,9:36:06.578474985,T,288.73,100,289.6,200,IBM
2025-10-10,9:36:06.578510022,T,288.98,100,289.6,200,IBM
2025-10-10,9:36:06.586829855,T,288.96,100,289.6,200,IBM
2025-10-10,9:36:08.735149303,T,288.98,100,289.6,200,IBM
2025-10-10,9:36:08.735209511,T,288.96,100,289.6,200,IBM
2025-10-10,9:36:19.263693918,T,288.95,100,289.6,200,IBM
2025-10-10,9:36:27.326177809,T,288.77,100,289.6,200,IBM
2025-10-10,9:36:31.560768864,T,289.03,100,289.6,200,IBM
2025-10-10,9:36:46.414059238,T,289.03,100,289.98,100,IBM
2025-10-10,9:36:46.414069231,T,289.03,100,289.76,200,IBM
2025-10-10,9:36:46.415693111,T,288.81,200,289.76,200,IBM
2025-10-10,9:36:46.464549380,T,288.77,100,289.76,200,IBM
2025-10-10,9:36:46.464554368,T,288.95,200,289.76,200,IBM
2025-10-10,9:36:50.040928348,T,289.08,100,289.76,200,IBM
2025-10-10,9:36:50.807914290,T,289.21,100,289.76,200,IBM
2025-10-10,9:36:50.808485623,T,289.22,100,289.76,200,IBM
2025-10-10,9:36:50.808650945,T,289.25,100,289.76,200,IBM
2025-10-10,9:36:50.808665979,T,289.22,100,289.76,200,IBM
2025-10-10,9:36:50.808681034,T,289.26,100,289.76,200,IBM
2025-10-10,9:36:50.808731135,T,289.26,200,289.76,200,IBM
2025-10-10,9:36:50.809086951,T,289.26,100,289.76,200,IBM
2025-10-10,9:36:50.809247366,T,289.22,100,289.76,200,IBM
2025-10-10,9:36:50.816178895,T,289.21,100,289.76,200,IBM
2025-10-10,9:36:50.816203928,T,289.06,100,289.76,200,IBM
2025-10-10,9:36:50.908022515,T,289.03,100,289.76,200,IBM
2025-10-10,9:36:50.947371263,T,289.0,100,289.76,200,IBM
2025-10-10,9:36:50.988819876,T,288.96,100,289.76,200,IBM
2025-10-10,9:36:50.988849979,T,288.99,100,289.76,200,IBM
2025-10-10,9:36:51.959104715,T,289.03,100,289.76,200,IBM
2025-10-10,9:36:51.959270114,T,289.03,100,289.98,100,IBM
2025-10-10,9:36:51.959285225,T,289.03,100,289.9,200,IBM
2025-10-10,9:36:51.963109316,T,289.0,100,289.9,200,IBM
2025-10-10,9:36:51.963219542,T,288.99,100,289.9,200,IBM
2025-10-10,9:36:55.174750058,T,289.0,100,289.9,200,IBM
2025-10-10,9:36:55.174785179,T,289.03,100,289.9,200,IBM
2025-10-10,9:36:55.180619018,T,289.0,100,289.9,200,IBM
2025-10-10,9:37:00.138291446,T,289.1,200,289.9,200,IBM
2025-10-10,9:37:00.559509163,T,289.1,300,289.9,200,IBM
2025-10-10,9:37:00.559529241,T,289.1,200,289.9,200,IBM
2025-10-10,9:37:06.676175668,T,289.47,100,289.9,200,IBM
2025-10-10,9:37:08.625761933,T,289.47,200,289.9,200,IBM
2025-10-10,9:37:08.625772014,T,289.47,100,289.9,200,IBM
2025-10-10,9:37:08.625967398,T,289.46,100,289.9,200,IBM
2025-10-10,9:37:08.625967398,T,289.46,100,290.0,100,IBM
2025-10-10,9:37:08.629766498,T,289.21,100,290.0,100,IBM
2025-10-10,9:37:08.629851721,T,289.46,100,290.0,100,IBM
2025-10-10,9:37:08.638146466,T,289.38,100,290.0,100,IBM
2025-10-10,9:37:08.705216056,T,289.21,100,290.0,100,IBM
2025-10-10,9:37:08.852105839,T,289.68,100,290.0,100,IBM
2025-10-10,9:37:12.182193474,T,289.31,100,290.0,100,IBM
2025-10-10,9:37:15.529412075,T,289.68,100,290.0,100,IBM
2025-10-10,9:37:15.997050383,T,289.68,200,290.0,100,IBM
2025-10-10,9:37:16.001054892,T,289.68,100,290.0,100,IBM
2025-10-10,9:37:17.005581295,T,289.68,200,290.0,100,IBM
2025-10-10,9:37:17.005816926,T,289.68,200,290.07,300,IBM
2025-10-10,9:37:17.005816926,T,289.68,200,290.07,200,IBM
2025-10-10,9:37:17.005831978,T,289.68,200,290.25,100,IBM
2025-10-10,9:37:17.005836957,T,289.68,200,290.22,200,IBM
2025-10-10,9:37:17.006323096,T,289.68,100,290.22,200,IBM
2025-10-10,9:37:17.013840953,T,289.32,100,290.22,200,IBM
2025-10-10,9:37:17.014402378,T,289.68,100,290.22,200,IBM
2025-10-10,9:37:17.014778187,T,289.68,100,290.22,300,IBM
2025-10-10,9:37:17.014938624,T,289.68,100,290.0,100,IBM
2025-10-10,9:37:17.015008775,T,289.68,100,290.22,200,IBM
2025-10-10,9:37:17.015083919,T,289.8,100,290.22,200,IBM
2025-10-10,9:37:17.015119042,T,289.68,100,290.22,200,IBM
2025-10-10,9:37:17.015154120,T,289.8,100,290.22,200,IBM
2025-10-10,9:37:17.015324502,T,289.68,100,290.22,200,IBM
2025-10-10,9:37:17.015504963,T,289.8,100,290.22,200,IBM
2025-10-10,9:37:17.015665394,T,289.56,100,290.22,200,IBM
2025-10-10,9:37:17.015700389,T,289.43,100,290.22,200,IBM
2025-10-10,9:37:17.015925953,T,289.43,100,290.8,100,IBM
2025-10-10,9:37:17.015971111,T,289.43,100,290.44,100,IBM
2025-10-10,9:37:17.015976140,T,289.28,300,290.44,100,IBM
2025-10-10,9:37:17.015976140,T,289.43,100,290.44,100,IBM
2025-10-10,9:37:17.015986081,T,289.43,100,290.62,100,IBM
2025-10-10,9:37:17.016001093,T,289.32,100,290.62,100,IBM
2025-10-10,9:37:17.016011215,T,289.28,300,290.62,100,IBM
2025-10-10,9:37:17.016111345,T,289.32,100,290.62,100,IBM
2025-10-10,9:37:17.045361103,T,289.43,100,290.62,100,IBM
2025-10-10,9:37:17.045701795,T,289.43,100,290.8,100,IBM
2025-10-10,9:37:17.045736913,T,289.32,100,290.8,100,IBM
2025-10-10,9:37:17.045736913,T,289.43,100,290.8,100,IBM
2025-10-10,9:37:17.045761945,T,289.32,100,290.8,100,IBM
2025-10-10,9:37:17.045792062,T,289.43,100,290.8,100,IBM
2025-10-10,9:37:17.046503769,T,289.28,300,290.8,100,IBM
2025-10-10,9:37:17.046674158,T,289.28,300,290.93,100,IBM
2025-10-10,9:37:17.046709269,T,289.28,300,290.93,200,IBM
2025-10-10,9:37:17.048257898,T,289.28,300,290.93,100,IBM
2025-10-10,9:37:17.048403333,T,289.32,100,290.93,100,IBM
2025-10-10,9:37:17.049831698,T,289.32,100,290.98,100,IBM
2025-10-10,9:37:17.049856783,T,289.32,100,291.16,100,IBM
2025-10-10,9:37:17.054081752,T,289.28,300,291.16,100,IBM
2025-10-10,9:37:17.065153161,T,289.43,100,291.16,100,IBM
2025-10-10,9:37:17.162650298,T,289.28,300,291.16,100,IBM
2025-10-10,9:37:17.162710348,T,289.32,100,291.16,100,IBM
2025-10-10,9:37:17.165276528,T,289.32,100,290.51,200,IBM
2025-10-10,9:37:17.883566396,T,289.43,100,290.51,200,IBM
2025-10-10,9:37:17.884303162,T,289.54,100,290.51,200,IBM
2025-10-10,9:37:17.892592859,T,289.43,100,290.51,200,IBM
2025-10-10,9:37:18.018302157,T,289.51,200,290.51,200,IBM
2025-10-10,9:37:18.018337248,T,289.51,300,290.51,200,IBM
2025-10-10,9:37:18.039527747,T,289.51,200,290.51,200,IBM
2025-10-10,9:37:18.306237722,T,289.51,300,290.51,200,IBM
2025-10-10,9:37:18.306272701,T,289.65,100,290.51,200,IBM
2025-10-10,9:37:18.306302840,T,289.73,100,290.51,200,IBM
2025-10-10,9:37:18.306312870,T,289.76,100,290.51,200,IBM
2025-10-10,9:37:18.306748891,T,290.2,100,290.51,200,IBM
2025-10-10,9:37:18.307981768,T,290.23,100,290.51,200,IBM
2025-10-10,9:37:18.311314777,T,290.23,100,291.03,100,IBM
2025-10-10,9:37:18.311324809,T,290.23,100,290.67,200,IBM
2025-10-10,9:37:28.236227173,T,289.8,100,290.67,200,IBM
2025-10-10,9:37:29.897767615,T,289.71,200,290.67,200,IBM
2025-10-10,9:37:30.950709459,T,289.8,100,290.67,200,IBM
2025-10-10,9:37:32.746409384,T,289.76,100,290.67,200,IBM
2025-10-10,9:37:32.746409384,T,289.71,200,290.67,200,IBM
2025-10-10,9:37:32.757586211,T,289.8,100,290.67,200,IBM
2025-10-10,9:37:32.758087233,T,289.71,200,290.67,200,IBM
2025-10-10,9:37:32.759234935,T,289.71,200,290.58,100,IBM
2025-10-10,9:37:32.847434900,T,289.71,200,290.67,200,IBM
2025-10-10,9:37:36.695986803,T,289.71,200,290.24,100,IBM
2025-10-10,9:37:36.696177201,T,289.71,200,290.2,100,IBM
2025-10-10,9:37:36.696197264,T,289.71,200,290.09,100,IBM
2025-10-10,9:37:36.697725980,T,289.54,100,290.09,100,IBM
2025-10-10,9:37:36.708511561,T,289.48,300,290.09,100,IBM
2025-10-10,9:37:36.732383417,T,289.48,300,290.23,100,IBM
2025-10-10,9:37:36.796019878,T,289.48,300,290.3,100,IBM
2025-10-10,9:37:36.939987718,T,289.48,300,290.47,100,IBM
2025-10-10,9:37:37.783946886,T,289.48,300,290.58,100,IBM
2025-10-10,9:37:39.698324281,T,289.48,300,290.3,100,IBM
2025-10-10,9:37:40.635931454,T,289.48,300,290.58,100,IBM
2025-10-10,9:37:46.177935082,T,289.48,300,290.47,100,IBM
2025-10-10,9:37:47.176893264,T,289.48,300,290.58,100,IBM
2025-10-10,9:37:47.177885631,T,289.48,300,290.3,100,IBM
2025-10-10,9:37:48.002288185,T,289.48,300,290.58,100,IBM
2025-10-10,9:37:53.844606884,T,289.48,300,290.47,100,IBM
2025-10-10,9:37:53.844626884,T,289.54,100,290.47,100,IBM
2025-10-10,9:37:53.848661418,T,289.48,300,290.47,100,IBM
2025-10-10,9:37:56.380959895,T,289.48,300,290.36,100,IBM
2025-10-10,9:37:56.384994540,T,289.48,300,290.47,100,IBM
2025-10-10,9:38:00.802536182,T,289.48,300,290.22,100,IBM
2025-10-10,9:38:00.802581288,T,289.48,200,290.22,100,IBM
2025-10-10,9:38:00.802616405,T,289.48,200,290.04,100,IBM
2025-10-10,9:38:00.802821854,T,289.48,200,289.99,100,IBM
2025-10-10,9:38:00.802827146,T,289.48,200,290.04,100,IBM
2025-10-10,9:38:00.802827146,T,289.48,200,289.92,100,IBM
2025-10-10,9:38:00.902935178,T,289.48,200,290.22,100,IBM
2025-10-10,9:38:01.900755625,T,289.48,200,290.47,100,IBM
2025-10-10,9:38:01.954909588,T,289.48,200,290.36,100,IBM
2025-10-10,9:38:02.531326744,T,289.48,200,290.04,100,IBM
2025-10-10,9:38:03.798849176,T,289.48,200,290.36,100,IBM
2025-10-10,9:38:04.266958682,T,289.48,200,289.96,100,IBM
2025-10-10,9:38:07.597081607,T,289.48,200,289.92,100,IBM
2025-10-10,9:38:07.597116659,T,289.48,200,289.96,100,IBM
2025-10-10,9:38:07.597121706,T,289.48,200,289.92,100,IBM
2025-10-10,9:38:07.597442413,T,289.48,200,289.96,100,IBM
2025-10-10,9:38:07.597517692,T,289.53,100,289.96,100,IBM
2025-10-10,9:38:07.597537716,T,289.48,300,289.96,100,IBM
2025-10-10,9:38:07.597537716,T,289.48,200,289.96,100,IBM
2025-10-10,9:38:07.598860873,T,289.48,200,290.32,200,IBM
2025-10-10,9:38:07.598870897,T,289.48,200,290.32,300,IBM
2025-10-10,9:38:07.600840584,T,289.27,100,290.32,300,IBM
2025-10-10,9:38:07.600865581,T,289.24,200,290.32,300,IBM
2025-10-10,9:38:07.600900709,T,289.24,300,290.32,300,IBM
2025-10-10,9:38:07.647416383,T,289.24,300,290.3,100,IBM
2025-10-10,9:38:07.647421423,T,289.24,300,290.04,100,IBM
2025-10-10,9:38:07.651791844,T,289.24,300,290.3,100,IBM
2025-10-10,9:38:07.697550885,T,289.24,200,290.3,100,IBM
2025-10-10,9:38:07.697741467,T,289.24,200,290.32,300,IBM
2025-10-10,9:38:07.774408732,T,289.24,200,290.06,100,IBM
2025-10-10,9:38:16.043960653,T,289.24,300,290.06,100,IBM
2025-10-10,9:38:20.960164342,T,289.24,200,290.06,100,IBM
2025-10-10,9:38:24.234955431,T,289.24,300,290.06,100,IBM
2025-10-10,9:38:24.234955431,T,289.27,100,290.06,100,IBM
2025-10-10,9:38:24.235456623,T,289.4,100,290.06,100,IBM
2025-10-10,9:38:24.239491205,T,289.27,100,290.06,100,IBM
2025-10-10,9:38:24.243245202,T,289.24,200,290.06,100,IBM
2025-10-10,9:38:26.365798079,T,289.24,200,290.16,200,IBM
2025-10-10,9:38:45.634840579,T,289.24,200,289.93,100,IBM
2025-10-10,9:38:51.066661658,T,289.24,300,289.93,100,IBM
2025-10-10,9:39:02.230734690,T,289.24,300,289.9,100,IBM
2025-10-10,9:39:05.692871775,T,289.24,300,289.93,100,IBM
2025-10-10,9:39:06.441228321,T,289.24,200,289.93,100,IBM
2025-10-10,9:39:06.747998596,T,289.24,300,289.93,100,IBM
2025-10-10,9:39:06.998454813,T,289.24,300,290.16,200,IBM
2025-10-10,9:39:19.875194861,T,289.27,100,290.16,200,IBM
2025-10-10,9:39:19.875204849,T,289.4,100,290.16,200,IBM
2025-10-10,9:39:19.875209893,T,289.55,100,290.16,200,IBM
2025-10-10,9:39:19.875244985,T,289.4,100,290.16,200,IBM
2025-10-10,9:39:19.875249964,T,289.55,100,290.16,200,IBM
2025-10-10,9:39:19.875260041,T,289.51,100,290.16,200,IBM
2025-10-10,9:39:19.875520649,T,289.58,100,290.16,200,IBM
2025-10-10,9:39:19.875555668,T,289.62,100,290.16,200,IBM
2025-10-10,9:39:19.875625862,T,289.65,100,290.16,200,IBM
2025-10-10,9:39:19.888982703,T,289.56,100,290.16,200,IBM
2025-10-10,9:39:19.888992661,T,289.54,100,290.16,200,IBM
2025-10-10,9:39:21.066636063,T,289.65,100,290.16,200,IBM
2025-10-10,9:39:23.093396335,T,289.65,100,290.47,100,IBM
2025-10-10,9:39:23.093406359,T,289.65,100,290.3,200,IBM
2025-10-10,9:39:25.659660585,T,289.65,100,290.04,400,IBM
2025-10-10,9:39:25.660061385,T,289.54,100,290.04,400,IBM
2025-10-10,9:39:25.660076487,T,289.54,100,290.3,200,IBM
2025-10-10,9:39:25.660091725,T,289.54,100,290.3,300,IBM
2025-10-10,9:39:25.660101478,T,289.54,100,289.85,400,IBM
2025-10-10,9:39:25.660112103,T,289.4,300,289.85,400,IBM
2025-10-10,9:39:25.660327034,T,289.4,300,289.85,300,IBM
2025-10-10,9:39:25.660352327,T,289.4,300,290.3,300,IBM
2025-10-10,9:39:25.660372190,T,289.4,300,290.3,200,IBM
2025-10-10,9:39:25.660377103,T,289.4,300,289.85,300,IBM
2025-10-10,9:39:25.660387156,T,289.4,300,290.3,300,IBM
2025-10-10,9:39:25.660387156,T,289.43,100,290.3,300,IBM
2025-10-10,9:39:25.660412201,T,289.43,100,289.85,300,IBM
2025-10-10,9:39:25.660462355,T,289.4,300,289.85,300,IBM
2025-10-10,9:39:25.660477800,T,289.4,300,290.3,300,IBM
2025-10-10,9:39:25.660502419,T,289.41,100,290.3,300,IBM
2025-10-10,9:39:25.660517435,T,289.4,300,290.3,300,IBM
2025-10-10,9:39:25.660527475,T,289.4,300,290.14,100,IBM
2025-10-10,9:39:25.660587677,T,289.4,300,290.04,100,IBM
2025-10-10,9:39:25.660728322,T,289.4,300,290.03,100,IBM
2025-10-10,9:39:25.661344481,T,289.4,300,290.17,300,IBM
2025-10-10,9:39:25.661379664,T,289.4,300,290.17,200,IBM
2025-10-10,9:39:25.661379664,T,289.4,300,290.17,300,IBM
2025-10-10,9:39:25.666381474,T,289.4,300,290.17,200,IBM
2025-10-10,9:39:25.673899378,T,289.4,300,290.17,300,IBM
2025-10-10,9:39:25.760375196,T,289.4,300,290.17,200,IBM
2025-10-10,9:39:26.485240975,T,289.4,300,290.06,100,IBM
2025-10-10,9:39:26.778849982,T,289.4,300,289.95,100,IBM
2025-10-10,9:39:26.778865643,T,289.4,300,289.94,100,IBM
2025-10-10,9:39:26.779190846,T,289.4,200,289.94,100,IBM
2025-10-10,9:39:26.779206114,T,289.4,200,289.95,100,IBM
2025-10-10,9:39:26.779206114,T,289.4,200,289.85,100,IBM
2025-10-10,9:39:26.783240428,T,289.4,200,289.93,100,IBM
2025-10-10,9:39:26.787144717,T,289.4,200,289.95,100,IBM
2025-10-10,9:39:26.878853035,T,289.4,200,290.06,200,IBM
2025-10-10,9:39:26.966982855,T,289.4,200,290.06,100,IBM
2025-10-10,9:39:27.700529085,T,289.4,200,290.16,100,IBM
2025-10-10,9:39:27.700554175,T,289.4,200,290.17,300,IBM
2025-10-10,9:39:38.813349453,T,289.4,200,290.17,200,IBM
2025-10-10,9:39:38.814687613,T,289.4,200,290.16,100,IBM
2025-10-10,9:39:39.069038172,T,289.4,200,290.17,200,IBM
2025-10-10,9:39:39.070240946,T,289.4,200,290.16,100,IBM
2025-10-10,9:39:39.475440602,T,289.4,200,290.17,200,IBM
2025-10-10,9:39:39.475495778,T,289.4,200,290.16,100,IBM
2025-10-10,9:39:40.993289096,T,289.4,200,290.17,200,IBM
2025-10-10,9:39:48.629698675,T,289.31,100,290.17,200,IBM
2025-10-10,9:39:49.143346386,T,289.31,100,290.16,100,IBM
2025-10-10,9:39:49.882019848,T,289.31,100,290.17,200,IBM
2025-10-10,9:39:49.906593313,T,289.31,100,290.16,100,IBM
2025-10-10,9:39:50.036598028,T,289.31,100,290.17,200,IBM
2025-10-10,9:39:50.487766843,T,289.31,100,290.01,100,IBM
2025-10-10,9:39:51.087950953,T,289.27,100,290.01,100,IBM
2025-10-10,9:39:51.754537748,T,289.31,100,290.01,100,IBM
2025-10-10,9:39:53.962253361,T,289.4,100,290.01,100,IBM
2025-10-10,9:39:54.371287393,T,289.31,100,290.01,100,IBM
2025-10-10,9:39:54.746305131,T,289.31,100,290.17,300,IBM
2025-10-10,9:39:54.746330212,T,289.31,100,290.17,200,IBM
2025-10-10,9:39:55.493944830,T,289.31,100,290.17,300,IBM
2025-10-10,9:39:55.494035047,T,289.4,100,290.17,300,IBM
2025-10-10,9:39:55.494115320,T,289.4,100,290.16,100,IBM
2025-10-10,9:39:55.502404975,T,289.4,100,290.17,200,IBM
2025-10-10,9:39:55.505512473,T,289.31,100,290.17,200,IBM
2025-10-10,9:39:55.614842688,T,289.31,100,290.17,300,IBM
2025-10-10,9:39:55.733670510,T,289.4,100,290.17,300,IBM
2025-10-10,9:39:55.760328979,T,289.31,100,290.17,300,IBM
2025-10-10,9:40:02.415106538,T,289.31,100,289.95,100,IBM
2025-10-10,9:40:02.415116575,T,289.31,100,289.84,100,IBM
2025-10-10,9:40:02.415156622,T,289.27,100,289.84,100,IBM
2025-10-10,9:40:02.415221862,T,289.24,300,289.84,100,IBM
2025-10-10,9:40:02.415462362,T,289.24,200,289.84,100,IBM
2025-10-10,9:40:02.416224161,T,289.24,200,289.78,100,IBM
2025-10-10,9:40:02.419261462,T,289.24,200,289.75,100,IBM
2025-10-10,9:40:02.419496990,T,289.24,200,289.78,100,IBM
2025-10-10,9:40:02.426628944,T,289.09,100,289.78,100,IBM
2025-10-10,9:40:02.426654046,T,289.02,200,289.78,100,IBM
2025-10-10,9:40:02.429565959,T,289.02,200,289.86,100,IBM
2025-10-10,9:40:02.451498191,T,289.09,100,289.86,100,IBM
2025-10-10,9:40:02.451533258,T,289.1,100,289.86,100,IBM
2025-10-10,9:40:02.455537901,T,289.09,100,289.86,100,IBM
2025-10-10,9:40:02.455562807,T,289.02,200,289.86,100,IBM
2025-10-10,9:40:02.472884050,T,289.08,100,289.86,100,IBM
2025-10-10,9:40:02.478783096,T,289.02,200,289.86,100,IBM
2025-10-10,9:40:02.516262371,T,289.02,200,289.95,100,IBM
2025-10-10,9:40:02.634985022,T,289.08,100,289.95,100,IBM
2025-10-10,9:40:02.863899934,T,289.09,100,289.95,100,IBM
2025-10-10,9:40:03.541778603,T,289.09,100,289.81,100,IBM
2025-10-10,9:40:05.201755396,T,289.09,100,289.6,100,IBM
2025-10-10,9:40:06.622728200,T,289.09,100,289.56,100,IBM
2025-10-10,9:40:06.622728200,T,289.09,100,289.6,100,IBM
2025-10-10,9:40:06.622738199,T,289.02,200,289.6,100,IBM
2025-10-10,9:40:06.622773307,T,289.02,300,289.6,100,IBM
2025-10-10,9:40:06.622853582,T,289.02,200,289.6,100,IBM
2025-10-10,9:40:22.198267685,T,289.09,100,289.6,100,IBM
2025-10-10,9:40:22.199114694,T,289.02,200,289.6,100,IBM
2025-10-10,9:40:22.199144803,T,289.02,200,289.6,200,IBM
2025-10-10,9:40:22.199159841,T,289.02,200,289.58,100,IBM
2025-10-10,9:40:22.199165141,T,289.02,200,289.55,100,IBM
2025-10-10,9:40:22.204221893,T,289.02,200,289.58,100,IBM
2025-10-10,9:40:22.204327101,T,289.02,200,289.59,100,IBM
2025-10-10,9:40:22.204362173,T,289.02,200,289.6,200,IBM
2025-10-10,9:40:22.204522618,T,289.02,200,289.6,100,IBM
2025-10-10,9:40:22.204707998,T,289.02,300,289.6,100,IBM
2025-10-10,9:40:22.207193957,T,289.02,300,289.59,100,IBM
2025-10-10,9:40:22.218245180,T,289.02,300,289.6,100,IBM
2025-10-10,9:40:22.304380299,T,289.02,200,289.6,100,IBM
2025-10-10,9:40:22.465042774,T,289.02,200,289.6,200,IBM
2025-10-10,9:40:22.465223115,T,289.27,100,289.6,200,IBM
2025-10-10,9:40:22.465228200,T,289.27,100,289.48,100,IBM
2025-10-10,9:40:23.374813572,T,289.27,100,289.48,200,IBM
2025-10-10,9:40:23.476275040,T,289.27,100,289.48,300,IBM
2025-10-10,9:40:23.531636918,T,289.27,100,289.48,400,IBM
2025-10-10,9:40:26.533969417,T,289.09,100,289.48,400,IBM
2025-10-10,9:40:26.533989750,T,289.02,200,289.48,400,IBM
2025-10-10,9:40:26.534014452,T,289.02,200,289.48,300,IBM
2025-10-10,9:40:26.534019461,T,289.02,200,289.48,200,IBM
2025-10-10,9:40:26.534024663,T,289.02,200,289.48,100,IBM
2025-10-10,9:40:26.534029459,T,289.02,200,289.6,100,IBM
2025-10-10,9:40:26.534039559,T,289.02,200,289.6,200,IBM
2025-10-10,9:40:26.534054599,T,289.02,200,289.27,400,IBM
2025-10-10,9:40:26.534139809,T,289.02,200,289.27,300,IBM
2025-10-10,9:40:26.534164777,T,289.02,200,289.27,200,IBM
2025-10-10,9:40:26.534189848,T,289.02,200,289.6,100,IBM
2025-10-10,9:40:26.534245053,T,289.02,200,289.6,200,IBM
2025-10-10,9:40:26.534260027,T,289.02,200,289.59,100,IBM
2025-10-10,9:40:26.534280066,T,289.02,200,289.47,100,IBM
2025-10-10,9:40:26.534375325,T,289.27,100,289.47,100,IBM
2025-10-10,9:40:26.534400688,T,289.02,200,289.47,100,IBM
2025-10-10,9:40:26.534620885,T,289.02,200,289.59,100,IBM
2025-10-10,9:40:26.534620885,T,289.02,200,289.47,100,IBM
2025-10-10,9:40:26.535051963,T,289.02,200,289.56,100,IBM
2025-10-10,9:40:26.535633372,T,288.95,100,289.56,100,IBM
2025-10-10,9:40:26.535658417,T,288.88,100,289.56,100,IBM
2025-10-10,9:40:26.547160715,T,288.88,100,289.55,100,IBM
2025-10-10,9:40:26.634052648,T,288.88,100,289.6,200,IBM
2025-10-10,9:40:26.662555456,T,288.88,100,289.6,100,IBM
2025-10-10,9:40:33.525829436,T,289.0,100,289.6,100,IBM
2025-10-10,9:40:41.827427205,T,288.85,200,289.6,100,IBM
2025-10-10,9:40:51.540731063,T,288.85,300,289.6,100,IBM
2025-10-10,9:41:06.674378632,T,288.85,200,289.6,100,IBM
2025-10-10,9:41:10.051242524,T,288.85,200,289.44,100,IBM
2025-10-10,9:41:12.314139610,T,288.85,200,289.43,100,IBM
2025-10-10,9:41:12.314159724,T,288.85,200,289.3,100,IBM
2025-10-10,9:41:12.314165100,T,288.85,200,289.43,100,IBM
2025-10-10,9:41:12.314199744,T,288.85,200,289.39,100,IBM
2025-10-10,9:41:12.314490435,T,288.85,200,289.3,100,IBM
2025-10-10,9:41:12.314911528,T,289.08,200,289.3,100,IBM
2025-10-10,9:41:12.314936549,T,289.08,200,289.43,100,IBM
2025-10-10,9:41:12.314941930,T,289.08,200,289.39,100,IBM
2025-10-10,9:41:12.314946604,T,289.08,200,289.43,100,IBM
2025-10-10,9:41:12.314946604,T,288.85,200,289.43,100,IBM
2025-10-10,9:41:12.314971625,T,289.09,200,289.43,100,IBM
2025-10-10,9:41:12.315117026,T,289.09,200,289.44,200,IBM
2025-10-10,9:41:12.315142036,T,289.09,200,289.44,100,IBM
2025-10-10,9:41:19.984860711,T,288.85,200,289.44,100,IBM
2025-10-10,9:41:22.007179942,T,288.85,200,289.54,200,IBM
2025-10-10,9:41:28.794909016,T,288.85,200,289.33,100,IBM
2025-10-10,9:41:29.885550372,T,288.85,200,289.32,100,IBM
2025-10-10,9:41:29.885575403,T,288.85,200,289.32,200,IBM
2025-10-10,9:41:34.774188465,T,288.85,200,289.18,100,IBM
2025-10-10,9:41:37.239181696,T,288.55,100,289.18,100,IBM
2025-10-10,9:41:37.239186828,T,288.7,200,289.18,100,IBM
2025-10-10,9:41:38.452254679,T,288.7,200,289.17,100,IBM
2025-10-10,9:41:43.101708069,T,288.7,200,289.16,100,IBM
2025-10-10,9:41:44.295505064,T,288.95,100,289.16,100,IBM
2025-10-10,9:41:44.295971175,T,288.95,100,289.22,100,IBM
2025-10-10,9:41:44.295986164,T,288.95,100,289.54,200,IBM
2025-10-10,9:41:44.296026298,T,289.0,100,289.54,200,IBM
2025-10-10,9:41:44.296046357,T,289.01,100,289.54,200,IBM
2025-10-10,9:41:44.296352054,T,289.08,100,289.54,200,IBM
2025-10-10,9:41:44.296712925,T,289.05,100,289.54,200,IBM
2025-10-10,9:41:44.296752992,T,289.01,100,289.54,200,IBM
2025-10-10,9:41:44.296858318,T,288.95,100,289.54,200,IBM
2025-10-10,9:41:44.296868313,T,288.95,200,289.54,200,IBM
2025-10-10,9:41:44.296903350,T,288.99,100,289.54,200,IBM
2025-10-10,9:41:44.296978553,T,288.95,200,289.54,200,IBM
2025-10-10,9:41:44.297138937,T,288.99,100,289.54,200,IBM
2025-10-10,9:41:44.297314336,T,288.95,200,289.54,200,IBM
2025-10-10,9:41:44.297379473,T,288.95,100,289.54,200,IBM
2025-10-10,9:41:44.297564982,T,288.95,200,289.54,200,IBM
2025-10-10,9:41:44.301278800,T,288.99,100,289.54,200,IBM
2025-10-10,9:41:44.396219807,T,288.95,200,289.54,200,IBM
2025-10-10,9:41:44.954679373,T,288.95,100,289.54,200,IBM
2025-10-10,9:41:54.558843095,T,288.95,100,289.59,100,IBM
2025-10-10,9:42:13.909795295,T,288.95,200,289.59,100,IBM
2025-10-10,9:42:13.920696529,T,288.95,100,289.59,100,IBM
2025-10-10,9:42:13.920696529,T,288.95,200,289.59,100,IBM
2025-10-10,9:42:13.920701185,T,288.99,100,289.59,100,IBM
2025-10-10,9:42:13.920731324,T,289.05,100,289.59,100,IBM
2025-10-10,9:42:13.920766422,T,289.09,100,289.59,100,IBM
2025-10-10,9:42:13.925708192,T,289.15,100,289.59,100,IBM
2025-10-10,9:42:13.925743215,T,289.05,100,289.59,100,IBM
2025-10-10,9:42:13.925743215,T,289.15,100,289.59,100,IBM
2025-10-10,9:42:13.926154266,T,289.09,100,289.59,100,IBM
2025-10-10,9:42:13.926164240,T,289.05,100,289.59,100,IBM
2025-10-10,9:42:13.926705586,T,289.09,100,289.59,100,IBM
2025-10-10,9:42:13.926740560,T,289.15,100,289.59,100,IBM
2025-10-10,9:42:13.932429175,T,289.24,100,289.59,100,IBM
2025-10-10,9:42:13.932439201,T,289.25,100,289.59,100,IBM
2025-10-10,9:42:13.933837538,T,289.25,100,289.81,200,IBM
2025-10-10,9:42:13.940718848,T,289.24,100,289.81,200,IBM
2025-10-10,9:42:14.032512365,T,289.15,100,289.81,200,IBM
2025-10-10,9:42:14.108563515,T,289.24,100,289.81,200,IBM
2025-10-10,9:42:14.108568861,T,289.25,100,289.81,200,IBM
2025-10-10,9:42:14.108568861,T,289.24,100,289.81,200,IBM
2025-10-10,9:42:14.108573514,T,289.25,100,289.81,200,IBM
2025-10-10,9:42:14.108593623,T,289.24,100,289.81,200,IBM
2025-10-10,9:42:14.108598559,T,289.26,100,289.81,200,IBM
2025-10-10,9:42:14.108603593,T,289.24,100,289.81,200,IBM
2025-10-10,9:42:14.108643708,T,289.15,100,289.81,200,IBM
2025-10-10,9:42:14.108643708,T,289.26,100,289.81,200,IBM
2025-10-10,9:42:14.108758968,T,289.3,100,289.81,200,IBM
2025-10-10,9:42:14.108803992,T,289.26,100,289.81,200,IBM
2025-10-10,9:42:14.108829046,T,289.39,100,289.81,200,IBM
2025-10-10,9:42:14.109014502,T,289.38,100,289.81,200,IBM
2025-10-10,9:42:14.109139798,T,289.39,100,289.81,200,IBM
2025-10-10,9:42:14.109435544,T,289.4,100,289.81,200,IBM
2025-10-10,9:42:14.109515673,T,289.39,100,289.81,200,IBM
2025-10-10,9:42:14.109741212,T,289.39,100,289.96,100,IBM
2025-10-10,9:42:14.109746275,T,289.39,100,289.94,200,IBM
2025-10-10,9:42:14.109791334,T,289.38,100,289.94,200,IBM
2025-10-10,9:42:14.110072107,T,289.26,100,289.94,200,IBM
2025-10-10,9:42:14.114297162,T,289.24,100,289.94,200,IBM
2025-10-10,9:42:14.208596564,T,289.15,100,289.94,200,IBM
2025-10-10,9:42:14.263216635,T,289.11,100,289.94,200,IBM
2025-10-10,9:42:14.363254730,T,289.09,100,289.94,200,IBM
2025-10-10,9:42:14.477777468,T,289.11,100,289.94,200,IBM
2025-10-10,9:42:14.910432432,T,289.15,100,289.94,200,IBM
2025-10-10,9:42:14.911414754,T,289.07,300,289.94,200,IBM
2025-10-10,9:42:14.914316612,T,289.07,300,289.95,100,IBM
2025-10-10,9:42:14.914326662,T,289.07,300,289.83,200,IBM
2025-10-10,9:42:31.449129788,T,289.15,100,289.83,200,IBM
2025-10-10,9:42:31.449139888,T,289.24,100,289.83,200,IBM
2025-10-10,9:42:31.449164967,T,289.35,100,289.83,200,IBM
2025-10-10,9:42:31.449170363,T,289.24,100,289.83,200,IBM
2025-10-10,9:42:31.449170363,T,289.35,100,289.83,200,IBM
2025-10-10,9:42:31.449175084,T,289.36,100,289.83,200,IBM
2025-10-10,9:42:31.450167305,T,289.35,100,289.83,200,IBM
2025-10-10,9:42:31.450192359,T,289.24,100,289.83,200,IBM
2025-10-10,9:42:31.450212393,T,289.15,100,289.83,200,IBM
2025-10-10,9:42:31.450302656,T,289.35,100,289.83,200,IBM
2025-10-10,9:42:31.452102247,T,289.36,100,289.83,200,IBM
2025-10-10,9:42:31.452327465,T,289.36,100,290.06,100,IBM
2025-10-10,9:42:31.452332501,T,289.36,100,289.97,200,IBM
2025-10-10,9:42:31.452367551,T,289.36,100,289.97,300,IBM
2025-10-10,9:42:31.456467291,T,289.35,100,289.97,300,IBM
2025-10-10,9:42:31.457088781,T,289.36,100,289.97,300,IBM
2025-10-10,9:42:31.457103763,T,289.36,100,289.97,200,IBM
2025-10-10,9:42:31.457138913,T,289.47,100,289.97,200,IBM
2025-10-10,9:42:31.457439568,T,289.48,100,289.97,200,IBM
2025-10-10,9:42:31.457870622,T,289.48,100,289.97,300,IBM
2025-10-10,9:42:31.457890648,T,289.47,100,289.97,300,IBM
2025-10-10,9:42:31.457940843,T,289.47,100,289.97,200,IBM
2025-10-10,9:42:31.463153172,T,289.47,100,290.16,100,IBM
2025-10-10,9:42:31.463178335,T,289.47,100,290.26,100,IBM
2025-10-10,9:42:31.467208116,T,289.36,100,290.26,100,IBM
2025-10-10,9:42:31.467212880,T,289.47,100,290.26,100,IBM
2025-10-10,9:42:31.467237945,T,289.36,100,290.26,100,IBM
2025-10-10,9:42:31.467683985,T,289.36,100,290.16,100,IBM
2025-10-10,9:42:31.467709077,T,289.36,100,290.26,100,IBM
2025-10-10,9:42:31.483942722,T,289.35,100,290.26,100,IBM
2025-10-10,9:42:31.549177989,T,289.29,100,290.26,100,IBM
2025-10-10,9:42:31.557096814,T,289.24,100,290.26,100,IBM
2025-10-10,9:42:31.557121977,T,289.2,100,290.26,100,IBM
2025-10-10,9:42:31.611942443,T,289.2,100,290.14,200,IBM
2025-10-10,9:42:31.612188029,T,289.2,100,290.06,100,IBM
2025-10-10,9:42:34.891514755,T,289.24,200,290.06,100,IBM
2025-10-10,9:42:36.639280480,T,289.24,300,290.06,100,IBM
2025-10-10,9:42:38.667503920,T,289.24,200,290.06,100,IBM
2025-10-10,9:42:43.091821591,T,289.24,200,290.12,100,IBM
2025-10-10,9:42:43.091851662,T,289.24,200,290.14,300,IBM
2025-10-10,9:42:43.091886668,T,289.24,200,290.12,100,IBM
2025-10-10,9:42:44.799161009,T,289.24,200,290.14,200,IBM
2025-10-10,9:42:52.678679091,T,289.24,300,290.14,200,IBM
2025-10-10,9:42:53.811711391,T,289.24,200,290.14,200,IBM
2025-10-10,9:42:53.830090380,T,289.24,200,290.12,100,IBM
2025-10-10,9:42:53.830095160,T,289.24,200,289.91,100,IBM
2025-10-10,9:42:53.838374941,T,289.24,200,290.12,100,IBM
2025-10-10,9:42:53.838830936,T,289.24,200,290.14,300,IBM
2025-10-10,9:42:53.857139609,T,289.24,300,290.14,300,IBM
2025-10-10,9:42:53.857490376,T,289.24,300,290.12,100,IBM
2025-10-10,9:42:53.857555600,T,289.24,300,290.07,100,IBM
2025-10-10,9:42:53.861655375,T,289.24,300,290.12,100,IBM
2025-10-10,9:42:53.861655375,T,289.28,100,290.12,100,IBM
2025-10-10,9:42:53.863374428,T,289.28,100,290.14,300,IBM
2025-10-10,9:42:53.863579918,T,289.28,100,290.12,100,IBM
2025-10-10,9:42:53.930298779,T,289.28,100,290.14,300,IBM
2025-10-10,9:42:55.941601866,T,289.35,100,290.14,300,IBM
2025-10-10,9:42:55.941601866,T,289.28,100,290.14,300,IBM
2025-10-10,9:42:56.616463403,T,289.24,300,290.14,300,IBM
2025-10-10,9:42:57.736043830,T,289.24,300,290.12,100,IBM
2025-10-10,9:43:00.726151975,T,289.24,300,290.14,300,IBM
2025-10-10,9:43:10.116446701,T,289.24,300,290.14,200,IBM
2025-10-10,9:43:11.653611169,T,289.24,300,290.14,300,IBM
2025-10-10,9:43:11.653631292,T,289.24,300,290.12,100,IBM
2025-10-10,9:43:11.653661391,T,289.24,300,290.07,100,IBM
2025-10-10,9:43:11.654132457,T,289.24,300,290.0,100,IBM
2025-10-10,9:43:11.654142504,T,289.24,200,290.0,100,IBM
2025-10-10,9:43:11.654197620,T,289.24,200,289.98,100,IBM
2025-10-10,9:43:11.654312937,T,289.24,200,289.82,100,IBM
2025-10-10,9:43:11.661926014,T,289.24,200,289.97,300,IBM
2025-10-10,9:43:11.666556993,T,289.24,300,289.97,300,IBM
2025-10-10,9:43:11.753764691,T,289.24,300,289.97,200,IBM
2025-10-10,9:43:13.681468645,T,289.26,100,289.97,200,IBM
2025-10-10,9:43:17.167683082,T,289.35,100,289.97,200,IBM
2025-10-10,9:43:17.167683082,T,289.26,100,289.97,200,IBM
2025-10-10,9:43:17.168755661,T,289.24,300,289.97,200,IBM
2025-10-10,9:43:17.169211732,T,289.26,100,289.97,200,IBM
2025-10-10,9:43:17.247909076,T,289.24,300,289.97,200,IBM
2025-10-10,9:43:17.248079453,T,289.24,200,289.97,200,IBM
2025-10-10,9:43:20.585584786,T,289.22,100,289.97,200,IBM
2025-10-10,9:43:20.585614881,T,289.2,100,289.97,200,IBM
2025-10-10,9:43:20.955986622,T,289.22,100,289.97,200,IBM
2025-10-10,9:43:23.224903128,T,289.24,100,289.97,200,IBM
2025-10-10,9:43:23.224908130,T,289.22,100,289.97,200,IBM
2025-10-10,9:43:23.225083471,T,289.22,100,289.97,300,IBM
2025-10-10,9:43:23.225895510,T,289.2,100,289.97,300,IBM
2025-10-10,9:43:23.540599613,T,289.22,100,289.97,300,IBM
2025-10-10,9:43:25.624756303,T,289.2,100,289.97,300,IBM
2025-10-10,9:43:25.728357956,T,289.22,100,289.97,300,IBM
2025-10-10,9:43:27.244331855,T,289.2,100,289.97,300,IBM
2025-10-10,9:43:27.244361960,T,289.15,100,289.97,300,IBM
2025-10-10,9:43:28.047909923,T,289.2,100,289.97,300,IBM
2025-10-10,9:43:29.858966443,T,289.22,100,289.97,300,IBM
2025-10-10,9:43:31.950600819,T,289.2,100,289.97,300,IBM
2025-10-10,9:43:33.248275467,T,289.18,100,289.97,300,IBM
2025-10-10,9:43:33.248275467,T,289.18,100,289.97,200,IBM
2025-10-10,9:43:33.248290113,T,289.15,100,289.97,200,IBM
2025-10-10,9:43:42.114802829,T,289.11,100,289.97,200,IBM
2025-10-10,9:43:43.483381493,T,289.11,100,289.97,300,IBM
2025-10-10,9:43:43.483381493,T,289.11,100,289.9,100,IBM
2025-10-10,9:43:43.483395888,T,289.05,100,289.9,100,IBM
2025-10-10,9:43:43.483430953,T,289.02,100,289.9,100,IBM
2025-10-10,9:43:46.060646426,T,288.95,200,289.9,100,IBM
2025-10-10,9:43:46.060676529,T,288.95,100,289.9,100,IBM
2025-10-10,9:43:46.969034039,T,288.95,100,289.82,200,IBM
2025-10-10,9:43:51.405560737,T,288.95,200,289.82,200,IBM
2025-10-10,9:43:51.952778301,T,288.95,100,289.82,200,IBM
2025-10-10,9:43:56.237769481,T,288.93,100,289.82,200,IBM
2025-10-10,9:44:03.512312503,T,289.02,100,289.82,200,IBM
2025-10-10,9:44:03.512337515,T,288.93,100,289.82,200,IBM
2025-10-10,9:44:03.512367658,T,289.02,100,289.82,200,IBM
2025-10-10,9:44:04.969617006,T,289.05,100,289.82,200,IBM
2025-10-10,9:44:06.843437703,T,289.05,100,289.77,100,IBM
2025-10-10,9:44:08.540352368,T,289.09,100,289.77,100,IBM
2025-10-10,9:44:13.134283863,T,289.09,100,289.69,200,IBM
2025-10-10,9:44:34.475278848,T,289.1,100,289.69,200,IBM
2025-10-10,9:44:38.772934862,T,289.05,100,289.69,200,IBM
2025-10-10,9:44:39.358960008,T,289.1,100,289.69,200,IBM
2025-10-10,9:44:42.425415217,T,289.05,100,289.69,200,IBM
2025-10-10,9:44:44.109639813,T,289.02,100,289.69,200,IBM
2025-10-10,9:44:44.109669910,T,288.93,100,289.69,200,IBM
2025-10-10,9:44:49.297074050,T,289.02,100,289.69,200,IBM
2025-10-10,9:45:00.441144226,T,289.02,100,289.77,100,IBM
2025-10-10,9:45:00.469216073,T,289.05,100,289.77,100,IBM
2025-10-10,9:45:00.469561916,T,289.1,100,289.77,100,IBM
2025-10-10,9:45:00.470148316,T,289.13,100,289.77,100,IBM
2025-10-10,9:45:00.470198365,T,289.15,100,289.77,100,IBM
2025-10-10,9:45:00.470228447,T,289.13,100,289.77,100,IBM
2025-10-10,9:45:00.471055413,T,289.1,100,289.77,100,IBM
2025-10-10,9:45:00.471060426,T,289.05,100,289.77,100,IBM
2025-10-10,9:45:00.930434159,T,289.1,100,289.77,100,IBM
2025-10-10,9:45:00.930459216,T,289.05,100,289.77,100,IBM
2025-10-10,9:45:00.930494323,T,289.1,100,289.77,100,IBM
2025-10-10,9:45:00.930514390,T,289.05,100,289.77,100,IBM
2025-10-10,9:45:00.930549449,T,289.1,100,289.77,100,IBM
2025-10-10,9:45:08.819865849,T,289.33,100,289.77,100,IBM
2025-10-10,9:45:08.820266794,T,289.33,200,289.77,100,IBM
2025-10-10,9:45:08.820276844,T,289.33,100,289.77,100,IBM
2025-10-10,9:45:08.820321884,T,289.33,200,289.77,100,IBM
2025-10-10,9:45:08.820336987,T,289.33,100,289.77,100,IBM
2025-10-10,9:45:08.820382013,T,289.33,200,289.77,100,IBM
2025-10-10,9:45:08.820412085,T,289.33,100,289.77,100,IBM
2025-10-10,9:45:08.820452290,T,289.33,200,289.77,100,IBM
2025-10-10,9:45:08.820482259,T,289.33,100,289.77,100,IBM
2025-10-10,9:45:08.820517357,T,289.33,200,289.77,100,IBM
2025-10-10,9:45:08.820542421,T,289.33,100,289.77,100,IBM
2025-10-10,9:45:08.820582593,T,289.33,200,289.77,100,IBM
2025-10-10,9:45:08.820612662,T,289.33,100,289.77,100,IBM
2025-10-10,9:45:08.820618232,T,289.39,100,289.77,100,IBM
2025-10-10,9:45:08.820642739,T,289.33,100,289.77,100,IBM
2025-10-10,9:45:08.820642739,T,289.39,100,289.77,100,IBM
2025-10-10,9:45:08.820652724,T,289.4,100,289.77,100,IBM
2025-10-10,9:45:08.820667795,T,289.39,100,289.77,100,IBM
2025-10-10,9:45:08.820707828,T,289.4,100,289.77,100,IBM
2025-10-10,9:45:08.820913284,T,289.47,100,289.77,100,IBM
2025-10-10,9:45:08.821188951,T,289.47,100,289.74,100,IBM
2025-10-10,9:45:08.824391586,T,289.48,100,289.74,100,IBM
2025-10-10,9:45:08.824391586,T,289.47,100,289.74,100,IBM
2025-10-10,9:45:08.824652254,T,289.47,100,289.74,200,IBM
2025-10-10,9:45:08.824983011,T,289.4,100,289.74,200,IBM
2025-10-10,9:45:08.825008062,T,289.39,100,289.74,200,IBM
2025-10-10,9:45:08.825804980,T,289.33,200,289.74,200,IBM
2025-10-10,9:45:08.825824986,T,289.33,100,289.74,200,IBM
2025-10-10,9:45:08.831303028,T,289.33,100,289.74,100,IBM
2025-10-10,9:45:08.831303028,T,289.33,100,289.86,200,IBM
2025-10-10,9:45:08.831333112,T,289.42,100,289.86,200,IBM
2025-10-10,9:45:08.831403299,T,289.42,200,289.86,200,IBM
2025-10-10,9:45:08.831418350,T,289.42,100,289.86,200,IBM
2025-10-10,9:45:08.833753887,T,289.42,100,290.16,100,IBM
2025-10-10,9:45:08.833763873,T,289.42,100,290.06,200,IBM
2025-10-10,9:45:08.833788971,T,289.39,100,290.06,200,IBM
2025-10-10,9:45:08.833798985,T,289.39,100,289.95,100,IBM
2025-10-10,9:45:08.833814095,T,289.34,100,289.95,100,IBM
2025-10-10,9:45:08.837603043,T,289.33,200,289.95,100,IBM
2025-10-10,9:45:08.837833636,T,289.33,100,289.95,100,IBM
2025-10-10,9:45:08.870937458,T,289.2,100,289.95,100,IBM
2025-10-10,9:45:08.870962470,T,289.15,100,289.95,100,IBM
2025-10-10,9:45:08.870992596,T,289.1,100,289.95,100,IBM
2025-10-10,9:45:08.871022669,T,289.15,100,289.95,100,IBM
2025-10-10,9:45:08.871052720,T,289.2,100,289.95,100,IBM
2025-10-10,9:45:09.304484479,T,289.18,100,289.95,100,IBM
2025-10-10,9:45:09.337999260,T,289.18,100,289.98,100,IBM
2025-10-10,9:45:09.337999260,T,289.2,100,289.98,100,IBM
2025-10-10,9:45:10.524559001,T,289.18,100,289.98,100,IBM
2025-10-10,9:45:10.783254942,T,289.15,100,289.98,100,IBM
2025-10-10,9:45:16.543006882,T,289.11,100,289.98,100,IBM
2025-10-10,9:45:16.543748687,T,289.1,100,289.98,100,IBM
2025-10-10,9:45:16.553276336,T,289.1,100,289.91,100,IBM
2025-10-10,9:45:16.604578404,T,289.15,100,289.91,100,IBM
2025-10-10,9:45:18.427197326,T,289.15,100,289.98,100,IBM
2025-10-10,9:45:19.002827960,T,289.17,100,289.98,100,IBM
2025-10-10,9:45:22.962258862,T,289.2,200,289.98,100,IBM
2025-10-10,9:45:26.575926516,T,289.2,200,289.94,200,IBM
2025-10-10,9:45:27.405195642,T,289.2,200,289.91,100,IBM
2025-10-10,9:45:27.409325432,T,289.2,200,289.94,200,IBM
2025-10-10,9:45:27.414587993,T,289.2,300,289.94,200,IBM
2025-10-10,9:45:27.414618024,T,289.26,100,289.94,200,IBM
2025-10-10,9:45:27.414653131,T,289.37,100,289.94,200,IBM
2025-10-10,9:45:27.971774508,T,289.37,100,289.92,100,IBM
2025-10-10,9:45:31.625573004,T,289.39,100,289.92,100,IBM
2025-10-10,9:45:31.625598380,T,289.37,100,289.92,100,IBM
2025-10-10,9:45:31.625598380,T,289.39,100,289.92,100,IBM
2025-10-10,9:45:31.661729096,T,289.37,100,289.92,100,IBM
2025-10-10,9:45:31.663237600,T,289.39,100,289.92,100,IBM
2025-10-10,9:45:31.893831611,T,289.37,100,289.92,100,IBM
2025-10-10,9:45:33.065004876,T,289.39,100,289.92,100,IBM
2025-10-10,9:45:33.066919310,T,289.4,100,289.92,100,IBM
2025-10-10,9:45:34.419774963,T,289.49,100,289.92,100,IBM
2025-10-10,9:45:34.419905235,T,289.4,100,289.92,100,IBM
2025-10-10,9:45:34.419975422,T,289.49,100,289.92,100,IBM
2025-10-10,9:45:34.876201497,T,289.39,100,289.92,100,IBM
2025-10-10,9:45:35.193787532,T,289.49,100,289.92,100,IBM
2025-10-10,9:45:36.395162500,T,289.39,100,289.92,100,IBM
2025-10-10,9:45:36.423349655,T,289.49,100,289.92,100,IBM
2025-10-10,9:45:36.423374730,T,289.39,100,289.92,100,IBM
2025-10-10,9:45:36.423374730,T,289.49,100,289.92,100,IBM
2025-10-10,9:45:36.424392113,T,289.49,100,290.06,200,IBM
2025-10-10,9:45:36.424422165,T,289.5,100,290.06,200,IBM
2025-10-10,9:45:36.424427364,T,289.56,100,290.06,200,IBM
2025-10-10,9:45:36.424432208,T,289.72,100,290.06,200,IBM
2025-10-10,9:45:36.424692999,T,289.72,100,290.15,100,IBM
2025-10-10,9:45:36.424988501,T,289.72,200,290.15,100,IBM
2025-10-10,9:45:36.425053706,T,289.75,100,290.15,100,IBM
2025-10-10,9:45:36.425480469,T,289.73,100,290.15,100,IBM
2025-10-10,9:45:36.425494910,T,289.72,200,290.15,100,IBM
2025-10-10,9:45:36.425514850,T,289.72,100,290.15,100,IBM
2025-10-10,9:45:36.425605072,T,289.72,100,290.15,200,IBM
2025-10-10,9:45:36.425640137,T,289.72,100,290.05,100,IBM
2025-10-10,9:45:36.425665229,T,289.72,100,290.15,200,IBM
2025-10-10,9:45:36.425675210,T,289.72,100,290.05,100,IBM
2025-10-10,9:45:36.425715287,T,289.72,100,290.0,100,IBM
2025-10-10,9:45:36.425755376,T,289.72,100,289.94,100,IBM
2025-10-10,9:45:36.426106177,T,289.5,100,289.94,100,IBM
2025-10-10,9:45:36.426111210,T,289.42,100,289.94,100,IBM
2025-10-10,9:45:36.426116292,T,289.42,100,289.93,100,IBM
2025-10-10,9:45:36.427549656,T,289.43,100,289.93,100,IBM
2025-10-10,9:45:36.430145841,T,289.43,100,290.0,100,IBM
2025-10-10,9:45:36.433929830,T,289.43,100,290.05,100,IBM
2025-10-10,9:45:36.474481397,T,289.42,100,290.05,100,IBM
2025-10-10,9:45:36.481011916,T,289.5,100,290.05,100,IBM
2025-10-10,9:45:36.500513396,T,289.5,100,290.15,200,IBM
2025-10-10,9:45:36.500543490,T,289.5,100,290.08,100,IBM
2025-10-10,9:45:36.525683300,T,289.5,100,290.15,200,IBM
2025-10-10,9:45:36.525708350,T,289.5,100,290.15,100,IBM
2025-10-10,9:45:36.613051295,T,289.5,100,290.07,200,IBM
2025-10-10,9:45:36.613076394,T,289.42,100,290.07,200,IBM
2025-10-10,9:45:36.613547492,T,289.5,100,290.07,200,IBM
2025-10-10,9:45:36.922904022,T,289.42,100,290.07,200,IBM
2025-10-10,9:45:37.568079825,T,289.5,100,290.07,200,IBM
2025-10-10,9:45:37.850547388,T,289.42,100,290.07,200,IBM
2025-10-10,9:45:38.395269020,T,289.5,100,290.07,200,IBM
2025-10-10,9:45:39.403860088,T,289.42,100,290.07,200,IBM
2025-10-10,9:45:58.393747914,T,289.42,100,290.07,300,IBM
2025-10-10,9:45:58.393752922,T,289.42,100,289.99,100,IBM
2025-10-10,9:45:58.393772964,T,289.42,100,290.07,300,IBM
2025-10-10,9:45:58.393772964,T,289.4,100,290.07,300,IBM
2025-10-10,9:45:58.393778008,T,289.4,100,290.07,200,IBM
2025-10-10,9:45:58.393778008,T,289.4,100,290.07,300,IBM
2025-10-10,9:45:58.394173973,T,289.5,100,290.07,300,IBM
2025-10-10,9:45:58.394279170,T,289.5,100,290.0,100,IBM
2025-10-10,9:45:58.394604988,T,289.5,100,290.07,300,IBM
2025-10-10,9:45:58.394720278,T,289.5,100,290.07,200,IBM
2025-10-10,9:46:02.824125237,T,289.58,100,290.07,200,IBM
2025-10-10,9:46:03.814267214,T,289.62,100,290.07,200,IBM
2025-10-10,9:46:03.815440097,T,289.7,100,290.07,200,IBM
2025-10-10,9:46:03.827298301,T,289.7,100,290.15,200,IBM
2025-10-10,9:46:03.827323311,T,289.7,100,290.15,100,IBM
2025-10-10,9:46:04.795192398,T,289.71,100,290.15,100,IBM
2025-10-10,9:46:06.020063529,T,289.71,200,290.15,100,IBM
2025-10-10,9:46:16.389629568,T,289.71,200,290.08,100,IBM
2025-10-10,9:46:16.396571057,T,289.71,200,290.15,100,IBM
2025-10-10,9:46:16.396621177,T,289.87,100,290.15,100,IBM
2025-10-10,9:46:16.396641301,T,289.71,100,290.15,100,IBM
2025-10-10,9:46:25.753366231,T,289.71,200,290.15,100,IBM
2025-10-10,9:46:25.753366231,T,289.71,100,290.15,100,IBM
2025-10-10,9:46:25.753426335,T,289.71,100,290.15,200,IBM
2025-10-10,9:46:25.753436431,T,289.71,100,290.15,100,IBM
2025-10-10,9:46:25.753441399,T,289.71,100,289.99,100,IBM
2025-10-10,9:46:25.753626817,T,289.71,100,289.97,100,IBM
2025-10-10,9:46:25.753666926,T,289.71,100,289.99,100,IBM
2025-10-10,9:46:25.753777192,T,289.71,100,290.15,200,IBM
2025-10-10,9:46:25.753837347,T,289.71,100,290.15,100,IBM
2025-10-10,9:46:25.753837347,T,289.71,100,290.15,200,IBM
2025-10-10,9:46:25.754012829,T,289.71,100,290.15,100,IBM
2025-10-10,9:46:36.448737873,T,289.72,100,290.15,100,IBM
2025-10-10,9:46:36.448757948,T,289.71,200,290.15,100,IBM
2025-10-10,9:46:36.448762981,T,289.72,100,290.15,100,IBM
2025-10-10,9:46:36.448762981,T,289.78,100,290.15,100,IBM
2025-10-10,9:46:36.449133825,T,289.84,100,290.15,100,IBM
2025-10-10,9:46:36.449163979,T,289.72,100,290.15,100,IBM
2025-10-10,9:46:36.449163979,T,289.84,100,290.15,100,IBM
2025-10-10,9:46:36.449489704,T,289.72,200,290.15,100,IBM
2025-10-10,9:46:36.450041007,T,289.72,100,290.15,100,IBM
2025-10-10,9:46:36.450126228,T,289.72,200,290.15,100,IBM
2025-10-10,9:46:36.450161325,T,289.74,100,290.15,100,IBM
2025-10-10,9:46:36.453093324,T,289.72,200,290.15,100,IBM
2025-10-10,9:46:36.461708844,T,289.72,100,290.15,100,IBM
2025-10-10,9:46:36.461733903,T,289.71,200,290.15,100,IBM
2025-10-10,9:46:36.523526004,T,289.71,100,290.15,100,IBM
2025-10-10,9:46:36.529339798,T,289.79,100,290.15,100,IBM
2025-10-10,9:46:36.671012058,T,289.78,100,290.15,100,IBM
2025-10-10,9:46:36.671012058,T,289.71,100,290.15,100,IBM
2025-10-10,9:46:36.961884566,T,289.74,100,290.15,100,IBM
2025-10-10,9:46:36.961909548,T,289.71,300,290.15,100,IBM
2025-10-10,9:46:36.961914655,T,289.74,100,290.15,100,IBM
2025-10-10,9:46:36.962345634,T,289.71,300,290.15,100,IBM
2025-10-10,9:46:36.962370664,T,289.71,200,290.15,100,IBM
2025-10-10,9:46:36.963924395,T,289.71,300,290.15,100,IBM
2025-10-10,9:46:36.963959511,T,289.72,100,290.15,100,IBM
2025-10-10,9:46:37.083248609,T,289.71,100,290.15,100,IBM
2025-10-10,9:46:37.841308177,T,289.72,100,290.15,100,IBM
2025-10-10,9:46:37.841909645,T,289.78,100,290.15,100,IBM
2025-10-10,9:46:37.842340656,T,289.72,100,290.15,100,IBM
2025-10-10,9:46:37.842901936,T,289.72,200,290.15,100,IBM
2025-10-10,9:46:37.846149751,T,289.72,200,290.22,200,IBM
2025-10-10,9:46:50.125387098,T,289.74,100,290.22,200,IBM
2025-10-10,9:46:55.819212057,T,289.72,100,290.22,200,IBM
2025-10-10,9:46:55.819452598,T,289.71,200,290.22,200,IBM
2025-10-10,9:46:55.819477678,T,289.71,100,290.22,200,IBM
2025-10-10,9:46:56.511800925,T,289.58,100,290.22,200,IBM
2025-10-10,9:46:56.511855874,T,289.75,100,290.22,200,IBM
2025-10-10,9:47:03.167310129,T,289.58,100,290.22,200,IBM
2025-10-10,9:47:03.553524634,T,289.56,200,290.22,200,IBM
2025-10-10,9:47:03.553554677,T,289.56,300,290.22,200,IBM
2025-10-10,9:47:03.571908296,T,289.56,300,290.22,300,IBM
2025-10-10,9:47:03.571938413,T,289.56,300,290.09,100,IBM
2025-10-10,9:47:03.571938413,T,289.56,300,290.08,100,IBM
2025-10-10,9:47:03.571963595,T,289.56,200,290.08,100,IBM
2025-10-10,9:47:03.571973834,T,289.56,200,290.22,300,IBM
2025-10-10,9:47:03.571973834,T,289.56,200,290.08,100,IBM
2025-10-10,9:47:03.572650108,T,289.56,200,289.94,100,IBM
2025-10-10,9:47:03.572705374,T,289.56,200,289.86,100,IBM
2025-10-10,9:47:03.572770387,T,289.56,200,289.94,100,IBM
2025-10-10,9:47:03.572946002,T,289.56,200,290.02,100,IBM
2025-10-10,9:47:03.572950822,T,289.56,200,289.94,100,IBM
2025-10-10,9:47:03.572975909,T,289.56,200,290.02,100,IBM
2025-10-10,9:47:03.573051046,T,289.56,200,290.08,100,IBM
2025-10-10,9:47:03.573146352,T,289.56,200,290.09,100,IBM
2025-10-10,9:47:03.573873027,T,289.56,200,290.1,100,IBM
2025-10-10,9:47:03.576414072,T,289.34,100,290.1,100,IBM
2025-10-10,9:47:03.576429162,T,289.36,200,290.1,100,IBM
2025-10-10,9:47:03.576444193,T,289.36,200,290.09,100,IBM
2025-10-10,9:47:03.576940316,T,289.36,200,290.1,100,IBM
2025-10-10,9:47:03.578844920,T,289.36,200,290.18,100,IBM
2025-10-10,9:47:03.590236939,T,289.36,200,290.22,300,IBM
2025-10-10,9:47:03.677043634,T,289.36,200,290.22,200,IBM
2025-10-10,9:47:04.234365455,T,289.39,100,290.22,200,IBM
2025-10-10,9:47:04.234791495,T,289.39,100,290.16,100,IBM
2025-10-10,9:47:04.238395034,T,289.36,200,290.16,100,IBM
2025-10-10,9:47:04.624404017,T,289.36,200,290.1,200,IBM
2025-10-10,9:47:04.672012348,T,289.36,200,290.1,300,IBM
2025-10-10,9:47:04.672027375,T,289.36,200,289.94,100,IBM
2025-10-10,9:47:04.672062453,T,289.36,200,290.1,300,IBM
2025-10-10,9:47:04.672463445,T,289.36,200,290.1,200,IBM
2025-10-10,9:47:04.672463445,T,289.36,200,290.1,300,IBM
2025-10-10,9:47:04.672523541,T,289.36,200,290.02,100,IBM
2025-10-10,9:47:04.672834237,T,289.36,200,290.1,300,IBM
2025-10-10,9:47:04.676568129,T,289.36,200,290.1,200,IBM
2025-10-10,9:47:04.677144568,T,289.15,100,290.1,200,IBM
2025-10-10,9:47:04.677149491,T,289.15,300,290.1,200,IBM
2025-10-10,9:47:04.677184597,T,289.24,100,290.1,200,IBM
2025-10-10,9:47:04.678342360,T,289.24,100,290.1,300,IBM
2025-10-10,9:47:04.678457659,T,289.24,100,290.1,200,IBM
2025-10-10,9:47:08.674570760,T,289.15,300,290.1,200,IBM
2025-10-10,9:47:08.674595805,T,289.15,200,290.1,200,IBM
2025-10-10,9:47:11.947853286,T,289.15,200,290.16,100,IBM
2025-10-10,9:47:11.947863321,T,289.15,200,289.95,200,IBM
2025-10-10,9:47:16.442052218,T,289.15,300,289.95,200,IBM
2025-10-10,9:47:19.380362426,T,289.16,100,289.95,200,IBM
2025-10-10,9:47:19.528931129,T,289.18,100,289.95,200,IBM
2025-10-10,9:47:20.847239332,T,289.16,100,289.95,200,IBM
2025-10-10,9:47:30.494726680,T,289.18,100,289.95,200,IBM
2025-10-10,9:47:31.441335075,T,289.16,100,289.95,200,IBM
2025-10-10,9:47:33.560194334,T,289.16,100,290.16,100,IBM
2025-10-10,9:47:33.560199363,T,289.16,100,289.82,200,IBM
2025-10-10,9:47:39.440964049,T,289.18,100,289.82,200,IBM
2025-10-10,9:47:39.499824144,T,289.16,100,289.82,200,IBM
2025-10-10,9:47:39.589823445,T,289.15,300,289.82,200,IBM
2025-10-10,9:47:52.971916284,T,289.15,200,289.82,200,IBM
2025-10-10,9:47:52.971941325,T,289.15,200,289.79,100,IBM
2025-10-10,9:47:52.971951398,T,289.15,200,289.52,100,IBM
2025-10-10,9:47:52.971956317,T,289.15,300,289.52,100,IBM
2025-10-10,9:47:52.971966423,T,289.15,200,289.52,100,IBM
2025-10-10,9:47:52.971976460,T,289.15,200,289.79,100,IBM
2025-10-10,9:47:52.971981510,T,289.15,200,289.72,100,IBM
2025-10-10,9:47:52.971986463,T,289.15,200,289.52,100,IBM
2025-10-10,9:47:52.974051342,T,289.15,200,289.72,100,IBM
2025-10-10,9:47:52.974081397,T,289.15,200,289.79,100,IBM
2025-10-10,9:47:52.974106543,T,289.15,200,289.82,300,IBM
2025-10-10,9:47:52.974176709,T,289.15,200,289.82,200,IBM
2025-10-10,9:48:18.070677023,T,289.15,300,289.82,200,IBM
2025-10-10,9:48:18.070707196,T,289.15,200,289.82,200,IBM
2025-10-10,9:48:18.070712198,T,289.15,300,289.82,200,IBM
2025-10-10,9:48:18.070752301,T,289.18,100,289.82,200,IBM
2025-10-10,9:48:18.087702591,T,289.34,100,289.82,200,IBM
2025-10-10,9:48:18.097401281,T,289.4,100,289.82,200,IBM
2025-10-10,9:48:18.097656277,T,289.34,100,289.82,200,IBM
2025-10-10,9:48:18.097691468,T,289.34,100,290.02,100,IBM
2025-10-10,9:48:18.097696381,T,289.4,100,290.02,100,IBM
2025-10-10,9:48:18.097701385,T,289.4,100,289.95,200,IBM
2025-10-10,9:48:18.097821712,T,289.4,100,289.95,300,IBM
2025-10-10,9:48:18.097841767,T,289.34,100,289.95,300,IBM
2025-10-10,9:48:18.108943110,T,289.17,100,289.95,300,IBM
2025-10-10,9:48:18.108968209,T,289.17,100,289.94,100,IBM
2025-10-10,9:48:18.109409328,T,289.15,300,289.94,100,IBM
2025-10-10,9:48:18.117263016,T,289.15,300,289.95,300,IBM
2025-10-10,9:48:18.154035543,T,289.15,300,289.94,100,IBM
2025-10-10,9:48:18.471411132,T,289.15,300,289.83,200,IBM
2025-10-10,9:48:18.471526401,T,289.15,300,289.82,100,IBM
2025-10-10,9:48:19.059406188,T,289.15,300,289.67,100,IBM
2025-10-10,9:48:19.059406188,T,289.15,300,289.82,100,IBM
2025-10-10,9:48:19.059461120,T,289.15,300,289.69,100,IBM
2025-10-10,9:48:19.067755789,T,289.15,300,289.82,100,IBM
2025-10-10,9:48:23.756267222,T,289.15,300,289.83,200,IBM
2025-10-10,9:48:24.080634385,T,289.16,100,289.83,200,IBM
2025-10-10,9:48:32.816696680,T,289.15,100,289.83,200,IBM
2025-10-10,9:48:45.050896923,T,289.15,100,289.83,300,IBM
2025-10-10,9:48:45.050896923,T,289.15,100,289.66,100,IBM
2025-10-10,9:48:45.050911891,T,289.16,100,289.66,100,IBM
2025-10-10,9:48:45.050911891,T,289.16,100,289.58,100,IBM
2025-10-10,9:48:45.050926964,T,289.16,100,289.82,100,IBM
2025-10-10,9:48:45.050931959,T,289.16,100,289.58,100,IBM
2025-10-10,9:48:45.050956965,T,289.15,100,289.58,100,IBM
2025-10-10,9:48:45.050967072,T,289.13,100,289.58,100,IBM
2025-10-10,9:48:45.051788999,T,289.13,100,289.72,100,IBM
2025-10-10,9:48:45.053127173,T,289.13,100,289.58,100,IBM
2025-10-10,9:48:45.055517846,T,289.13,100,289.72,100,IBM
2025-10-10,9:48:45.055818547,T,289.13,100,289.58,100,IBM
2025-10-10,9:48:45.057998775,T,289.13,100,289.72,100,IBM
2025-10-10,9:48:45.151190660,T,289.13,100,289.79,100,IBM
2025-10-10,9:48:49.054673325,T,289.13,100,289.72,100,IBM
2025-10-10,9:48:49.054693406,T,289.13,100,289.58,100,IBM
2025-10-10,9:48:49.054733501,T,289.13,100,289.79,100,IBM
2025-10-10,9:48:49.054733501,T,289.13,100,289.72,100,IBM
2025-10-10,9:48:49.054913992,T,289.13,100,289.58,100,IBM
2025-10-10,9:48:53.645883156,T,289.13,100,289.71,300,IBM
2025-10-10,9:48:59.624370700,T,289.13,100,289.71,200,IBM
2025-10-10,9:49:45.103890182,T,289.15,100,289.71,200,IBM
2025-10-10,9:49:45.103900293,T,289.16,100,289.71,200,IBM
2025-10-10,9:49:45.103915362,T,289.18,100,289.71,200,IBM
2025-10-10,9:49:45.103915362,T,289.15,100,289.71,200,IBM
2025-10-10,9:49:45.103920331,T,289.18,100,289.71,200,IBM
2025-10-10,9:49:45.104376449,T,289.16,100,289.71,200,IBM
2025-10-10,9:49:45.108816911,T,289.18,100,289.71,200,IBM
2025-10-10,9:49:45.110490893,T,289.18,100,289.87,100,IBM
2025-10-10,9:49:45.110500928,T,289.18,100,289.82,200,IBM
2025-10-10,9:49:45.117106644,T,289.17,100,289.82,200,IBM
2025-10-10,9:49:45.720327724,T,289.15,100,289.82,200,IBM
2025-10-10,9:49:45.720493068,T,289.16,100,289.82,200,IBM
2025-10-10,9:49:48.011517547,T,289.15,100,289.82,200,IBM
2025-10-10,9:49:48.011547349,T,289.15,100,289.82,300,IBM
2025-10-10,9:49:48.013281473,T,289.15,100,289.82,200,IBM
2025-10-10,9:49:48.016895069,T,289.15,100,289.79,100,IBM
2025-10-10,9:49:48.016940203,T,289.1,100,289.79,100,IBM
2025-10-10,9:49:48.017150610,T,289.1,100,289.82,200,IBM
2025-10-10,9:49:48.056329078,T,289.1,100,289.86,100,IBM
2025-10-10,9:49:48.056329078,T,289.1,100,289.69,200,IBM
2025-10-10,9:49:49.523251074,T,289.15,100,289.69,200,IBM
2025-10-10,9:49:50.215449177,T,289.16,100,289.69,200,IBM
2025-10-10,9:49:50.249369943,T,289.15,100,289.69,200,IBM
2025-10-10,9:49:50.256085917,T,289.1,100,289.69,200,IBM
2025-10-10,9:49:56.415493775,T,289.15,100,289.69,200,IBM
2025-10-10,9:49:56.415498820,T,289.16,100,289.69,200,IBM
2025-10-10,9:49:56.415523796,T,289.15,100,289.69,200,IBM
2025-10-10,9:49:56.415523796,T,289.16,100,289.69,200,IBM
2025-10-10,9:49:56.415649141,T,289.17,100,289.69,200,IBM
2025-10-10,9:49:56.419894223,T,289.15,100,289.69,200,IBM
2025-10-10,9:50:00.080303189,T,289.16,100,289.69,200,IBM
2025-10-10,9:50:18.912871708,T,289.16,100,289.87,100,IBM
2025-10-10,9:50:18.912876761,T,289.16,100,289.81,200,IBM
2025-10-10,9:50:22.012966903,T,289.16,100,289.81,300,IBM
2025-10-10,9:50:22.012971635,T,289.16,100,289.79,100,IBM
2025-10-10,9:50:22.013071864,T,289.16,100,289.56,100,IBM
2025-10-10,9:50:22.113651231,T,289.16,100,289.61,100,IBM
2025-10-10,9:50:22.113676324,T,289.16,100,289.79,100,IBM
2025-10-10,9:50:22.113701386,T,289.16,100,289.81,300,IBM
2025-10-10,9:50:22.113736512,T,289.16,100,289.79,100,IBM
2025-10-10,9:50:22.113761524,T,289.16,100,289.81,300,IBM
2025-10-10,9:50:22.113796611,T,289.16,100,289.79,100,IBM
2025-10-10,9:50:26.127391374,T,289.17,100,289.79,100,IBM
2025-10-10,9:50:26.133305468,T,289.17,100,289.81,300,IBM
2025-10-10,9:50:26.138653194,T,289.16,100,289.81,300,IBM
2025-10-10,9:50:26.138783434,T,289.15,100,289.81,300,IBM
2025-10-10,9:50:48.785060728,T,289.15,100,289.72,100,IBM
2025-10-10,9:50:48.785757298,T,289.15,100,289.81,300,IBM
2025-10-10,9:50:52.166495559,T,289.15,100,289.72,100,IBM
2025-10-10,9:50:52.166530635,T,289.15,100,289.61,100,IBM
2025-10-10,9:50:52.166545622,T,289.15,100,289.72,100,IBM
2025-10-10,9:50:52.166550659,T,289.1,300,289.72,100,IBM
2025-10-10,9:50:52.166575725,T,289.1,300,289.61,100,IBM
2025-10-10,9:50:52.166610779,T,289.1,300,289.56,100,IBM
2025-10-10,9:50:52.166821306,T,289.1,300,289.56,200,IBM
2025-10-10,9:50:52.175371699,T,289.1,300,289.56,100,IBM
2025-10-10,9:50:52.175371699,T,289.1,300,289.56,200,IBM
2025-10-10,9:50:52.175396736,T,289.1,300,289.56,100,IBM
2025-10-10,9:50:52.191364713,T,289.1,200,289.56,100,IBM
2025-10-10,9:50:52.191404787,T,289.1,300,289.56,100,IBM
2025-10-10,9:50:57.112013886,T,289.1,300,289.65,100,IBM
2025-10-10,9:50:57.112620273,T,289.1,200,289.65,100,IBM
2025-10-10,9:50:57.113948822,T,289.1,200,289.62,100,IBM
2025-10-10,9:50:57.114018643,T,289.1,200,289.61,100,IBM
2025-10-10,9:50:57.114053743,T,289.1,200,289.56,100,IBM
2025-10-10,9:50:57.114088806,T,289.1,200,289.61,100,IBM
2025-10-10,9:50:57.114113866,T,289.1,200,289.56,100,IBM
2025-10-10,9:50:57.114334403,T,289.02,100,289.56,100,IBM
2025-10-10,9:50:57.115156291,T,289.05,100,289.56,100,IBM
2025-10-10,9:50:57.115281680,T,289.02,100,289.56,100,IBM
2025-10-10,9:50:57.115512212,T,289.02,100,289.61,100,IBM
2025-10-10,9:50:57.115547255,T,289.02,100,289.58,100,IBM
2025-10-10,9:50:57.115948290,T,289.05,100,289.58,100,IBM
2025-10-10,9:50:57.122423616,T,289.05,100,289.61,100,IBM
2025-10-10,9:50:59.031017299,T,289.05,100,289.56,100,IBM
2025-10-10,9:50:59.031027406,T,289.05,100,289.47,100,IBM
2025-10-10,9:50:59.031127540,T,289.05,100,289.4,100,IBM
2025-10-10,9:50:59.031147601,T,289.02,100,289.4,100,IBM
2025-10-10,9:50:59.031182773,T,289.02,100,289.37,100,IBM
2025-10-10,9:50:59.031182773,T,289.02,100,289.4,100,IBM
2025-10-10,9:50:59.031207787,T,289.02,100,289.42,100,IBM
2025-10-10,9:50:59.031443354,T,288.99,200,289.42,100,IBM
2025-10-10,9:50:59.031834272,T,288.99,200,289.46,100,IBM
2025-10-10,9:50:59.031894376,T,288.99,200,289.47,200,IBM
2025-10-10,9:50:59.032094909,T,288.99,200,289.47,100,IBM
2025-10-10,9:50:59.032591032,T,288.99,200,289.47,200,IBM
2025-10-10,9:50:59.041321886,T,288.99,200,289.47,100,IBM
2025-10-10,9:50:59.041346907,T,288.99,200,289.56,100,IBM
2025-10-10,9:50:59.041381984,T,288.99,200,289.51,100,IBM
2025-10-10,9:50:59.061765487,T,288.99,200,289.56,100,IBM
2025-10-10,9:51:15.808197385,T,288.99,200,289.51,100,IBM
2025-10-10,9:51:16.198636880,T,288.99,200,289.56,100,IBM
2025-10-10,9:51:17.094664955,T,288.99,200,289.51,100,IBM
2025-10-10,9:51:17.218970796,T,288.99,200,289.56,100,IBM
2025-10-10,9:51:17.219482072,T,288.99,200,289.51,100,IBM
2025-10-10,9:51:17.269761771,T,288.84,100,289.51,100,IBM
2025-10-10,9:51:17.269771789,T,288.86,200,289.51,100,IBM
2025-10-10,9:51:17.322782935,T,288.86,200,289.56,100,IBM
2025-10-10,9:51:19.521011180,T,288.86,200,289.51,100,IBM
2025-10-10,9:51:19.521021214,T,288.86,200,289.46,100,IBM
2025-10-10,9:51:19.521031303,T,288.86,200,289.4,100,IBM
2025-10-10,9:51:19.521036305,T,288.86,300,289.4,100,IBM
2025-10-10,9:51:19.521066339,T,288.86,200,289.4,100,IBM
2025-10-10,9:51:19.521086437,T,288.86,200,289.46,100,IBM
2025-10-10,9:51:19.521296872,T,288.86,200,289.46,200,IBM
2025-10-10,9:51:19.521848158,T,288.86,200,289.35,100,IBM
2025-10-10,9:51:19.521853204,T,288.86,200,289.46,200,IBM
2025-10-10,9:51:19.521853204,T,288.86,200,289.4,100,IBM
2025-10-10,9:51:19.521893333,T,288.86,200,289.35,100,IBM
2025-10-10,9:51:19.524679921,T,288.86,200,289.4,100,IBM
2025-10-10,9:51:19.528413881,T,288.86,200,289.44,100,IBM
2025-10-10,9:51:19.532338154,T,288.86,200,289.46,100,IBM
2025-10-10,9:51:19.532658891,T,288.86,200,289.46,300,IBM
2025-10-10,9:51:19.532688980,T,288.86,200,289.44,100,IBM
2025-10-10,9:51:19.604329591,T,288.86,200,289.44,200,IBM
2025-10-10,9:51:20.142124853,T,288.86,200,289.4,100,IBM
2025-10-10,9:51:20.142144962,T,288.86,200,289.3,100,IBM
2025-10-10,9:51:20.142144962,T,288.86,200,289.4,100,IBM
2025-10-10,9:51:20.142154835,T,288.86,200,289.3,100,IBM
2025-10-10,9:51:20.142199947,T,288.86,200,289.4,100,IBM
2025-10-10,9:51:20.142410487,T,288.86,200,289.29,100,IBM
2025-10-10,9:51:20.142445730,T,288.86,200,289.28,100,IBM
2025-10-10,9:51:20.142480630,T,288.86,200,289.2,100,IBM
2025-10-10,9:51:20.143147274,T,288.86,200,289.24,100,IBM
2025-10-10,9:51:20.143167275,T,288.86,200,289.28,100,IBM
2025-10-10,9:51:20.143222459,T,288.86,200,289.26,100,IBM
2025-10-10,9:51:20.143287618,T,288.86,200,289.28,100,IBM
2025-10-10,9:51:20.143427880,T,288.62,100,289.28,100,IBM
2025-10-10,9:51:20.143432899,T,288.72,200,289.28,100,IBM
2025-10-10,9:51:20.147101684,T,288.72,200,289.29,100,IBM
2025-10-10,9:51:20.192705234,T,288.72,200,289.29,200,IBM
2025-10-10,9:51:20.242168020,T,288.72,200,289.29,100,IBM
2025-10-10,9:51:21.111086499,T,288.72,200,289.37,100,IBM
2025-10-10,9:51:21.815348456,T,288.72,200,289.19,100,IBM
2025-10-10,9:51:21.815558620,T,288.72,200,289.19,200,IBM
2025-10-10,9:51:21.823637818,T,288.72,200,289.19,100,IBM
2025-10-10,9:51:21.877070062,T,288.72,200,289.19,200,IBM
2025-10-10,9:51:21.877070062,T,288.72,200,289.19,100,IBM
2025-10-10,9:51:21.877120233,T,288.72,200,289.19,200,IBM
2025-10-10,9:51:21.877120233,T,288.72,200,289.19,100,IBM
2025-10-10,9:51:21.877280967,T,288.75,100,289.19,100,IBM
2025-10-10,9:51:21.877285570,T,288.75,100,289.23,100,IBM
2025-10-10,9:51:21.877330659,T,288.75,200,289.23,100,IBM
2025-10-10,9:51:21.877335655,T,288.75,300,289.23,100,IBM
2025-10-10,9:51:21.877340768,T,288.75,300,289.19,100,IBM
2025-10-10,9:51:21.877340768,T,288.75,400,289.19,100,IBM
2025-10-10,9:51:21.877370824,T,288.75,400,289.23,100,IBM
2025-10-10,9:51:21.877390782,T,288.75,300,289.23,100,IBM
2025-10-10,9:51:21.877395908,T,288.9,100,289.23,100,IBM
2025-10-10,9:51:21.877395908,T,288.9,200,289.23,100,IBM
2025-10-10,9:51:21.877415873,T,288.9,100,289.23,100,IBM
2025-10-10,9:51:21.877421005,T,288.82,100,289.23,100,IBM
2025-10-10,9:51:21.877421005,T,288.72,200,289.23,100,IBM
2025-10-10,9:51:21.877425972,T,288.9,200,289.23,100,IBM
2025-10-10,9:51:21.877425972,T,288.9,300,289.23,100,IBM
2025-10-10,9:51:21.877430940,T,288.9,200,289.23,100,IBM
2025-10-10,9:51:21.877435911,T,288.9,100,289.23,100,IBM
2025-10-10,9:51:21.877441013,T,288.72,200,289.23,100,IBM
2025-10-10,9:51:21.877446063,T,288.9,100,289.23,100,IBM
2025-10-10,9:51:21.877446063,T,288.72,200,289.23,100,IBM
2025-10-10,9:51:21.877476057,T,288.72,200,289.3,100,IBM
2025-10-10,9:51:21.877491050,T,288.72,200,289.23,100,IBM
2025-10-10,9:51:21.877511139,T,288.72,200,289.3,100,IBM
2025-10-10,9:51:21.877516124,T,288.72,200,289.23,100,IBM
2025-10-10,9:51:21.877521157,T,288.72,200,289.3,100,IBM
2025-10-10,9:51:21.877551192,T,288.72,200,289.19,100,IBM
2025-10-10,9:51:21.877626378,T,288.72,300,289.19,100,IBM
2025-10-10,9:51:21.877651508,T,288.82,100,289.19,100,IBM
2025-10-10,9:51:21.906815937,T,288.82,100,289.23,100,IBM
2025-10-10,9:51:21.906840950,T,288.82,100,289.3,100,IBM
2025-10-10,9:51:21.917055204,T,288.82,100,289.37,100,IBM
2025-10-10,9:51:22.027658584,T,288.82,100,289.3,100,IBM
2025-10-10,9:51:28.856996703,T,288.82,100,289.23,100,IBM
2025-10-10,9:51:28.856996703,T,288.82,100,289.3,100,IBM
2025-10-10,9:51:28.857016670,T,288.59,200,289.3,100,IBM
2025-10-10,9:51:28.857036792,T,288.59,200,289.23,100,IBM
2025-10-10,9:51:28.857072215,T,288.59,200,289.04,100,IBM
2025-10-10,9:51:28.857072215,T,288.59,200,289.23,100,IBM
2025-10-10,9:51:28.857076861,T,288.59,200,289.04,100,IBM
2025-10-10,9:51:28.857101981,T,288.59,200,289.23,100,IBM
2025-10-10,9:51:28.857157079,T,288.59,200,289.16,100,IBM
2025-10-10,9:51:28.857292384,T,288.59,200,289.04,100,IBM
2025-10-10,9:51:28.863978235,T,288.5,100,289.04,100,IBM
2025-10-10,9:51:28.867316212,T,288.5,100,289.09,100,IBM
2025-10-10,9:51:28.867341292,T,288.5,100,289.16,100,IBM
2025-10-10,9:51:29.041962020,T,288.5,100,289.23,100,IBM
2025-10-10,9:51:29.559534152,T,288.5,100,289.2,200,IBM
2025-10-10,9:51:42.156146815,T,288.5,100,289.16,100,IBM
2025-10-10,9:51:43.123995958,T,288.5,100,289.2,200,IBM
2025-10-10,9:51:43.123995958,T,288.5,100,289.16,100,IBM
2025-10-10,9:51:43.124031111,T,288.5,100,289.2,200,IBM
2025-10-10,9:51:43.124131270,T,288.55,100,289.2,200,IBM
2025-10-10,9:51:43.132345832,T,288.5,100,289.2,200,IBM
2025-10-10,9:52:03.542263590,T,288.55,100,289.2,200,IBM
2025-10-10,9:52:03.542429050,T,288.5,100,289.2,200,IBM
2025-10-10,9:52:03.542444070,T,288.57,100,289.2,200,IBM
2025-10-10,9:52:03.542569376,T,288.59,200,289.2,200,IBM
2025-10-10,9:52:03.542724678,T,288.59,300,289.2,200,IBM
2025-10-10,9:52:03.543110633,T,288.59,200,289.2,200,IBM
2025-10-10,9:52:08.501559958,T,288.59,200,288.95,100,IBM
2025-10-10,9:52:09.321356636,T,288.59,200,288.99,100,IBM
2025-10-10,9:52:09.321376723,T,288.59,200,289.2,200,IBM
2025-10-10,9:52:09.321406684,T,288.59,300,289.2,200,IBM
2025-10-10,9:52:09.321476936,T,288.62,100,289.2,200,IBM
2025-10-10,9:52:09.321727543,T,288.59,200,289.2,200,IBM
2025-10-10,9:52:09.321988144,T,288.59,200,289.2,300,IBM
2025-10-10,9:52:09.322013154,T,288.59,200,289.2,200,IBM
2025-10-10,9:52:09.322013154,T,288.59,200,289.2,300,IBM
2025-10-10,9:52:09.322153511,T,288.59,200,288.92,100,IBM
2025-10-10,9:52:09.324779768,T,288.59,200,288.83,100,IBM
2025-10-10,9:52:09.324805075,T,288.59,200,289.16,100,IBM
2025-10-10,9:52:09.324814901,T,288.59,200,289.2,300,IBM
2025-10-10,9:52:09.324834888,T,288.59,200,289.2,200,IBM
2025-10-10,9:52:15.345628399,T,288.59,200,289.2,300,IBM
2025-10-10,9:52:15.345914427,T,288.59,200,289.2,200,IBM
2025-10-10,9:52:15.345919211,T,288.59,200,289.2,300,IBM
2025-10-10,9:52:15.345919211,T,288.59,200,289.16,100,IBM
2025-10-10,9:52:15.345959126,T,288.59,200,289.09,100,IBM
2025-10-10,9:52:15.345979233,T,288.59,200,289.16,100,IBM
2025-10-10,9:52:15.346014281,T,288.59,200,289.09,100,IBM
2025-10-10,9:52:15.346044600,T,288.59,200,289.04,100,IBM
2025-10-10,9:52:15.346124620,T,288.59,200,289.03,100,IBM
2025-10-10,9:52:15.346239782,T,288.59,200,289.06,100,IBM
2025-10-10,9:52:15.347317416,T,288.5,100,289.06,100,IBM
2025-10-10,9:52:15.347372522,T,288.5,100,289.03,100,IBM
2025-10-10,9:52:15.350264464,T,288.5,100,289.04,100,IBM
2025-10-10,9:52:15.351472281,T,288.5,100,289.06,100,IBM
2025-10-10,9:52:15.357190955,T,288.5,100,289.04,100,IBM
2025-10-10,9:52:15.522013242,T,288.5,100,289.06,100,IBM
2025-10-10,9:52:23.806510636,T,288.51,100,289.06,100,IBM
2025-10-10,9:52:23.806510636,T,288.57,100,289.06,100,IBM
2025-10-10,9:52:23.806535576,T,288.51,100,289.06,100,IBM
2025-10-10,9:52:23.806540519,T,288.57,100,289.06,100,IBM
2025-10-10,9:52:23.806761102,T,288.57,100,289.16,100,IBM
2025-10-10,9:52:23.806791116,T,288.51,100,289.16,100,IBM
2025-10-10,9:52:23.806791116,T,288.57,100,289.16,100,IBM
2025-10-10,9:52:23.806801149,T,288.57,100,289.09,100,IBM
2025-10-10,9:52:23.806811246,T,288.57,100,289.06,100,IBM
2025-10-10,9:52:23.806931517,T,288.58,100,289.06,100,IBM
2025-10-10,9:52:23.807247281,T,288.58,100,289.16,100,IBM
2025-10-10,9:52:23.807643264,T,288.57,100,289.16,100,IBM
2025-10-10,9:52:23.807643264,T,288.57,100,289.06,100,IBM
2025-10-10,9:52:23.809943657,T,288.59,200,289.06,100,IBM
2025-10-10,9:52:24.543334586,T,288.59,200,289.16,100,IBM
2025-10-10,9:52:24.828874330,T,288.59,200,289.2,300,IBM
2025-10-10,9:52:27.541146153,T,288.59,200,289.2,200,IBM
2025-10-10,9:53:01.906837980,T,288.59,200,289.16,100,IBM
2025-10-10,9:53:01.906873065,T,288.59,200,289.2,200,IBM
2025-10-10,9:53:01.906873065,T,288.59,200,289.16,100,IBM
2025-10-10,9:53:01.906913122,T,288.59,200,289.06,100,IBM
2025-10-10,9:53:01.906998351,T,288.59,200,289.03,100,IBM
2025-10-10,9:53:01.907043404,T,288.59,200,289.02,100,IBM
2025-10-10,9:53:01.912721978,T,288.59,200,289.16,100,IBM
2025-10-10,9:53:01.915202874,T,288.59,200,289.2,300,IBM
2025-10-10,9:53:02.590315096,T,288.59,200,289.16,100,IBM
2025-10-10,9:53:03.411575280,T,288.59,200,289.06,100,IBM
2025-10-10,9:53:03.411750599,T,288.59,200,289.01,100,IBM
2025-10-10,9:53:03.664787919,T,288.59,200,289.02,100,IBM
2025-10-10,9:53:03.665294142,T,288.59,200,289.01,100,IBM
2025-10-10,9:53:03.964020282,T,288.59,200,289.02,100,IBM
2025-10-10,9:53:04.611581972,T,288.59,200,289.13,100,IBM
2025-10-10,9:53:06.902971922,T,288.59,200,289.06,100,IBM
2025-10-10,9:53:07.013023912,T,288.59,200,289.13,100,IBM
2025-10-10,9:53:08.214083118,T,288.59,200,289.02,100,IBM
2025-10-10,9:53:08.500504987,T,288.59,200,289.13,100,IBM
2025-10-10,9:53:09.414300425,T,288.59,200,289.02,100,IBM
2025-10-10,9:53:09.794300075,T,288.59,200,289.13,100,IBM
2025-10-10,9:53:17.076310708,T,288.59,200,289.01,100,IBM
2025-10-10,9:53:18.993780508,T,288.59,200,289.06,100,IBM
2025-10-10,9:53:35.233370847,T,288.59,200,289.0,100,IBM
2025-10-10,9:53:35.233882041,T,288.59,200,289.01,100,IBM
2025-10-10,9:53:35.233887007,T,288.59,200,289.0,100,IBM
2025-10-10,9:53:35.238773685,T,288.59,200,289.06,100,IBM
2025-10-10,9:53:37.018701035,T,288.59,200,289.0,100,IBM
2025-10-10,9:53:37.018911556,T,288.59,200,289.0,200,IBM
2025-10-10,9:53:37.812510751,T,288.59,200,289.0,100,IBM
2025-10-10,9:53:37.813297540,T,288.59,200,289.0,200,IBM
2025-10-10,9:53:38.175981054,T,288.59,200,289.0,100,IBM
2025-10-10,9:53:38.219228920,T,288.59,200,289.0,200,IBM
2025-10-10,9:53:38.637695160,T,288.59,200,289.0,100,IBM
2025-10-10,9:53:41.820818141,T,288.59,200,289.0,200,IBM
2025-10-10,9:53:45.422773030,T,288.59,200,289.0,100,IBM
2025-10-10,9:53:45.422773030,T,288.59,200,289.0,200,IBM
2025-10-10,9:53:46.148646052,T,288.59,200,289.0,100,IBM
2025-10-10,9:53:47.544429304,T,288.59,200,289.0,200,IBM
2025-10-10,9:53:55.026170353,T,288.59,200,289.0,100,IBM
2025-10-10,9:54:24.150068478,T,288.59,200,288.97,100,IBM
2025-10-10,9:54:24.150279090,T,288.59,200,288.97,200,IBM
2025-10-10,9:54:24.150319129,T,288.5,100,288.97,200,IBM
2025-10-10,9:54:24.176506440,T,288.5,100,288.97,100,IBM
2025-10-10,9:54:24.177047759,T,288.5,100,288.96,100,IBM
2025-10-10,9:54:24.177258313,T,288.5,100,288.96,200,IBM
2025-10-10,9:54:24.510536597,T,288.5,100,288.96,100,IBM
2025-10-10,9:54:24.510862423,T,288.5,100,288.95,100,IBM
2025-10-10,9:54:24.511097934,T,288.5,100,288.95,200,IBM
2025-10-10,9:54:25.033832388,T,288.5,100,288.95,100,IBM
2025-10-10,9:54:25.034368611,T,288.5,100,288.97,100,IBM
2025-10-10,9:54:25.034413812,T,288.5,100,289.0,100,IBM
2025-10-10,9:54:27.543757609,T,288.48,300,289.0,100,IBM
2025-10-10,9:54:27.543757609,T,288.48,200,289.0,100,IBM
2025-10-10,9:54:27.543812834,T,288.48,200,288.97,100,IBM
2025-10-10,9:54:27.885907235,T,288.44,100,288.97,100,IBM
2025-10-10,9:54:30.004270234,T,288.37,300,288.97,100,IBM
2025-10-10,9:54:30.004285241,T,288.37,300,289.0,300,IBM
2025-10-10,9:54:30.004285241,T,288.37,300,288.97,100,IBM
2025-10-10,9:54:30.004295646,T,288.37,300,288.92,100,IBM
2025-10-10,9:54:30.004621026,T,288.37,300,288.89,100,IBM
2025-10-10,9:54:30.004686341,T,288.37,300,288.79,100,IBM
2025-10-10,9:54:30.005362761,T,288.37,300,288.82,100,IBM
2025-10-10,9:54:30.005462990,T,288.37,300,288.79,100,IBM
2025-10-10,9:54:30.024819158,T,288.37,300,288.79,200,IBM
2025-10-10,9:54:37.036100367,T,288.37,300,288.79,100,IBM
2025-10-10,9:54:37.036416103,T,288.37,300,288.79,200,IBM
2025-10-10,9:54:37.050589786,T,288.37,300,288.79,100,IBM
2025-10-10,9:54:38.236668463,T,288.37,300,288.79,200,IBM
2025-10-10,9:54:38.998577300,T,288.37,300,288.79,100,IBM
2025-10-10,9:54:39.085248679,T,288.37,300,288.97,100,IBM
2025-10-10,9:54:40.723949975,T,288.37,300,288.78,100,IBM
2025-10-10,9:54:40.724160500,T,288.37,300,288.78,200,IBM
2025-10-10,9:54:40.724190465,T,288.37,200,288.78,200,IBM
2025-10-10,9:54:44.945394573,T,288.19,100,288.78,200,IBM
2025-10-10,9:54:44.945399564,T,288.26,200,288.78,200,IBM
2025-10-10,9:54:48.140551192,T,288.26,200,288.78,300,IBM
2025-10-10,9:54:48.140611345,T,288.26,200,288.73,100,IBM
2025-10-10,9:54:48.140621295,T,288.26,200,288.78,300,IBM
2025-10-10,9:54:48.140621295,T,288.26,200,288.73,100,IBM
2025-10-10,9:54:48.140646381,T,288.26,200,288.65,100,IBM
2025-10-10,9:54:48.140671427,T,288.26,200,288.77,100,IBM
2025-10-10,9:54:48.140676452,T,288.26,200,288.65,100,IBM
2025-10-10,9:54:48.140696538,T,288.26,200,288.73,100,IBM
2025-10-10,9:54:48.140906962,T,288.26,200,288.64,100,IBM
2025-10-10,9:54:48.140947105,T,288.26,200,288.75,100,IBM
2025-10-10,9:54:48.140947105,T,288.26,200,288.64,100,IBM
2025-10-10,9:54:48.141117475,T,288.26,200,288.64,200,IBM
2025-10-10,9:54:48.146655680,T,288.05,300,288.64,200,IBM
2025-10-10,9:54:48.146660687,T,288.14,200,288.64,200,IBM
2025-10-10,9:54:48.146811051,T,288.14,200,288.64,100,IBM
2025-10-10,9:55:00.882033833,T,288.14,200,288.64,200,IBM
2025-10-10,9:55:00.882299799,T,288.14,200,288.64,100,IBM
2025-10-10,9:55:00.882519983,T,288.14,200,288.63,100,IBM
2025-10-10,9:55:00.882790664,T,288.14,200,288.59,100,IBM
2025-10-10,9:55:00.882815700,T,288.14,200,288.58,100,IBM
2025-10-10,9:55:00.882865846,T,288.05,300,288.58,100,IBM
2025-10-10,9:55:00.883026262,T,288.05,300,288.58,200,IBM
2025-10-10,9:55:00.883131498,T,288.05,300,288.51,100,IBM
2025-10-10,9:55:00.884985965,T,288.05,300,288.5,100,IBM
2025-10-10,9:55:00.885010988,T,288.05,300,288.51,100,IBM
2025-10-10,9:55:00.885722713,T,288.05,300,288.5,100,IBM
2025-10-10,9:55:00.885752678,T,288.05,300,288.44,100,IBM
2025-10-10,9:55:00.885757715,T,288.05,300,288.5,100,IBM
2025-10-10,9:55:00.886604799,T,288.05,300,288.51,100,IBM
2025-10-10,9:55:00.888800028,T,288.05,300,288.5,100,IBM
2025-10-10,9:55:00.888804968,T,288.05,300,288.49,100,IBM
2025-10-10,9:55:00.889241075,T,288.05,300,288.49,200,IBM
2025-10-10,9:55:00.889687150,T,288.05,300,288.49,100,IBM
2025-10-10,9:55:00.893310739,T,288.05,300,288.49,200,IBM
2025-10-10,9:55:00.893516182,T,288.05,300,288.49,300,IBM
2025-10-10,9:55:01.136449704,T,288.05,300,288.49,200,IBM
2025-10-10,9:55:01.136454615,T,288.05,300,288.49,100,IBM
2025-10-10,9:55:01.136469607,T,288.05,300,288.56,100,IBM
2025-10-10,9:55:03.441762804,T,288.05,300,288.55,100,IBM
2025-10-10,9:55:03.492994843,T,288.05,300,288.56,100,IBM
2025-10-10,9:55:03.493044945,T,288.06,100,288.56,100,IBM
2025-10-10,9:55:03.501339671,T,288.05,300,288.56,100,IBM
2025-10-10,9:55:12.174712664,T,288.05,300,288.48,100,IBM
2025-10-10,9:55:12.174918139,T,288.05,300,288.48,200,IBM
2025-10-10,9:55:14.792639786,T,288.05,300,288.48,100,IBM
2025-10-10,9:55:32.815425273,T,288.05,300,288.47,100,IBM
2025-10-10,9:55:32.815445460,T,288.05,300,288.46,100,IBM
2025-10-10,9:55:32.815465332,T,288.05,300,288.4,100,IBM
2025-10-10,9:55:32.815475352,T,288.05,300,288.46,100,IBM
2025-10-10,9:55:32.815675901,T,288.05,300,288.46,200,IBM
2025-10-10,9:55:32.815851304,T,287.82,200,288.46,200,IBM
2025-10-10,9:55:32.815921467,T,287.82,200,288.43,100,IBM
2025-10-10,9:55:32.815951452,T,287.82,200,288.4,100,IBM
2025-10-10,9:55:32.816232111,T,287.82,200,288.32,100,IBM
2025-10-10,9:55:32.816252233,T,287.7,100,288.32,100,IBM
2025-10-10,9:55:32.816277287,T,287.67,200,288.32,100,IBM
2025-10-10,9:55:32.816312314,T,287.69,100,288.32,100,IBM
2025-10-10,9:55:32.816497817,T,287.67,200,288.32,100,IBM
2025-10-10,9:55:32.816502799,T,287.67,200,288.28,100,IBM
2025-10-10,9:55:32.816613127,T,287.67,200,288.24,100,IBM
2025-10-10,9:55:32.816653169,T,287.75,100,288.24,100,IBM
2025-10-10,9:55:32.816698282,T,287.75,100,288.2,100,IBM
2025-10-10,9:55:32.816923793,T,287.75,100,288.2,200,IBM
2025-10-10,9:55:32.817154385,T,287.75,100,288.14,100,IBM
2025-10-10,9:55:32.817996315,T,287.75,100,288.2,100,IBM
2025-10-10,9:55:32.818216915,T,287.75,100,288.2,200,IBM
2025-10-10,9:55:32.821930714,T,287.75,100,288.2,100,IBM
2025-10-10,9:55:32.826666958,T,287.67,200,288.2,100,IBM
2025-10-10,9:55:32.826877565,T,287.67,200,288.2,200,IBM
2025-10-10,9:55:32.910265989,T,287.7,100,288.2,200,IBM
2025-10-10,9:55:33.770679232,T,287.7,100,288.2,100,IBM
2025-10-10,9:55:36.150224092,T,287.59,100,288.2,100,IBM
2025-10-10,9:55:36.150885683,T,287.7,100,288.2,100,IBM
2025-10-10,9:55:37.494895234,T,287.59,100,288.2,100,IBM
2025-10-10,9:55:37.494920354,T,287.59,100,288.2,200,IBM
2025-10-10,9:55:37.494920354,T,287.59,100,288.14,100,IBM
2025-10-10,9:55:37.494935369,T,287.53,200,288.14,100,IBM
2025-10-10,9:55:37.495386466,T,287.53,200,288.14,200,IBM
2025-10-10,9:55:37.495692211,T,287.53,200,288.13,100,IBM
2025-10-10,9:55:37.503215057,T,287.53,200,288.14,200,IBM
2025-10-10,9:55:37.503280236,T,287.53,200,288.13,100,IBM
2025-10-10,9:55:37.589726024,T,287.7,100,288.13,100,IBM
2025-10-10,9:55:37.589751084,T,287.7,100,288.14,100,IBM
2025-10-10,9:55:37.595159008,T,287.7,100,288.2,100,IBM
2025-10-10,9:55:37.651006974,T,287.7,100,288.14,100,IBM
2025-10-10,9:55:39.209607447,T,287.53,200,288.14,100,IBM
2025-10-10,9:55:39.210309108,T,287.7,100,288.14,100,IBM
2025-10-10,9:55:39.790069322,T,287.7,100,288.14,200,IBM
2025-10-10,9:55:40.583162297,T,287.7,100,288.14,100,IBM
2025-10-10,9:55:40.830170298,T,287.53,200,288.14,100,IBM
2025-10-10,9:55:40.830816827,T,287.7,100,288.14,100,IBM
2025-10-10,9:55:42.450718177,T,287.53,200,288.14,100,IBM
2025-10-10,9:55:42.451374791,T,287.7,100,288.14,100,IBM
2025-10-10,9:55:44.071256190,T,287.53,200,288.14,100,IBM
2025-10-10,9:55:44.071887628,T,287.7,100,288.14,100,IBM
2025-10-10,9:55:45.691784110,T,287.53,200,288.14,100,IBM
2025-10-10,9:55:45.692410607,T,287.7,100,288.14,100,IBM
2025-10-10,9:55:47.312307110,T,287.53,200,288.14,100,IBM
2025-10-10,9:55:47.312943624,T,287.7,100,288.14,100,IBM
2025-10-10,9:55:48.932824940,T,287.53,200,288.14,100,IBM
2025-10-10,9:55:48.933456460,T,287.7,100,288.14,100,IBM
2025-10-10,9:55:50.553317671,T,287.53,200,288.14,100,IBM
2025-10-10,9:55:50.553944178,T,287.7,100,288.14,100,IBM
2025-10-10,9:55:52.173835515,T,287.53,200,288.14,100,IBM
2025-10-10,9:55:52.174456903,T,287.7,100,288.14,100,IBM
2025-10-10,9:55:53.794318324,T,287.53,200,288.14,100,IBM
2025-10-10,9:55:53.794939776,T,287.7,100,288.14,100,IBM
2025-10-10,9:55:55.414831025,T,287.53,200,288.14,100,IBM
2025-10-10,9:55:55.415457588,T,287.7,100,288.14,100,IBM
2025-10-10,9:55:57.035338765,T,287.53,200,288.14,100,IBM
2025-10-10,9:55:57.036040369,T,287.7,100,288.14,100,IBM
2025-10-10,9:56:06.158537602,T,287.7,100,288.31,100,IBM
2025-10-10,9:56:06.158562686,T,287.7,100,288.33,300,IBM
2025-10-10,9:56:11.196396055,T,287.6,100,288.33,300,IBM
2025-10-10,9:56:11.196426336,T,287.6,100,288.31,100,IBM
2025-10-10,9:56:11.196446037,T,287.6,100,288.25,100,IBM
2025-10-10,9:56:11.196446037,T,287.6,100,288.11,100,IBM
2025-10-10,9:56:11.196481189,T,287.6,100,288.08,100,IBM
2025-10-10,9:56:11.196531991,T,287.53,200,288.08,100,IBM
2025-10-10,9:56:11.196842007,T,287.53,200,288.11,100,IBM
2025-10-10,9:56:11.196952271,T,287.53,200,288.08,100,IBM
2025-10-10,9:56:11.197227902,T,287.53,200,288.1,100,IBM
2025-10-10,9:56:11.197278091,T,287.53,200,288.08,100,IBM
2025-10-10,9:56:11.204465293,T,287.53,200,288.05,100,IBM
2025-10-10,9:56:11.204500223,T,287.53,200,288.02,100,IBM
2025-10-10,9:56:11.204730821,T,287.53,200,288.05,100,IBM
2025-10-10,9:56:11.207026282,T,287.53,200,288.08,100,IBM
2025-10-10,9:56:11.291221785,T,287.6,100,288.08,100,IBM
2025-10-10,9:56:11.297742260,T,287.6,100,288.13,100,IBM
2025-10-10,9:56:11.297767283,T,287.6,100,288.19,100,IBM
2025-10-10,9:56:12.911108049,T,287.53,200,288.19,100,IBM
2025-10-10,9:56:12.911754574,T,287.6,100,288.19,100,IBM
2025-10-10,9:56:13.508214522,T,287.53,200,288.19,100,IBM
2025-10-10,9:56:13.508239528,T,287.53,200,288.08,100,IBM
2025-10-10,9:56:13.508284660,T,287.53,200,288.07,100,IBM
2025-10-10,9:56:13.508996326,T,287.53,200,288.08,100,IBM
2025-10-10,9:56:13.509537626,T,287.5,100,288.08,100,IBM
2025-10-10,9:56:13.509562696,T,287.44,100,288.08,100,IBM
2025-10-10,9:56:13.509597751,T,287.5,100,288.08,100,IBM
2025-10-10,9:56:13.516529283,T,287.5,100,288.19,100,IBM
2025-10-10,9:56:14.617836102,T,287.5,100,288.18,200,IBM
2025-10-10,9:56:14.617861131,T,287.44,100,288.18,200,IBM
2025-10-10,9:56:14.617866157,T,287.44,100,288.18,300,IBM
2025-10-10,9:56:15.116057209,T,287.44,100,288.03,100,IBM
2025-10-10,9:56:15.116262652,T,287.44,100,288.03,200,IBM
2025-10-10,9:56:18.711100525,T,287.44,100,288.03,300,IBM
2025-10-10,9:56:18.732737088,T,287.42,100,288.03,300,IBM
2025-10-10,9:56:18.733353599,T,287.44,100,288.03,300,IBM
2025-10-10,9:56:18.733358536,T,287.5,100,288.03,300,IBM
2025-10-10,9:56:18.733729424,T,287.5,100,288.03,200,IBM
2025-10-10,9:56:18.733734440,T,287.44,100,288.03,200,IBM
2025-10-10,9:56:18.733954943,T,287.44,100,288.03,100,IBM
2025-10-10,9:56:18.741773622,T,287.46,100,288.03,100,IBM
2025-10-10,9:56:19.043406609,T,287.44,100,288.03,100,IBM
2025-10-10,9:56:19.043617164,T,287.44,100,288.03,200,IBM
2025-10-10,9:56:19.062973285,T,287.44,100,288.03,100,IBM
2025-10-10,9:56:26.104105580,T,287.42,100,288.03,100,IBM
2025-10-10,9:56:26.105488906,T,287.4,100,288.03,100,IBM
2025-10-10,9:56:26.110656308,T,287.34,100,288.03,100,IBM
2025-10-10,9:56:26.110811578,T,287.34,100,287.89,100,IBM
2025-10-10,9:56:26.110841656,T,287.34,100,288.03,100,IBM
2025-10-10,9:56:26.110866706,T,287.31,100,288.03,100,IBM
2025-10-10,9:56:26.110881737,T,287.31,100,288.01,100,IBM
2025-10-10,9:56:26.110881737,T,287.31,100,287.95,100,IBM
2025-10-10,9:56:26.110881737,T,287.31,100,288.01,100,IBM
2025-10-10,9:56:26.110891755,T,287.31,100,287.95,100,IBM
2025-10-10,9:56:26.110912022,T,287.31,100,287.83,100,IBM
2025-10-10,9:56:26.110921849,T,287.31,100,287.95,100,IBM
2025-10-10,9:56:26.110956894,T,287.31,100,287.89,100,IBM
2025-10-10,9:56:26.110961858,T,287.31,100,287.83,100,IBM
2025-10-10,9:56:26.110982016,T,287.31,100,287.89,100,IBM
2025-10-10,9:56:26.111017013,T,287.31,100,287.83,100,IBM
2025-10-10,9:56:26.111728739,T,287.24,300,287.83,100,IBM
2025-10-10,9:56:26.111748745,T,287.24,300,287.53,100,IBM
2025-10-10,9:56:26.111844040,T,287.24,200,287.53,100,IBM
2025-10-10,9:56:26.112310179,T,287.31,100,287.53,100,IBM
2025-10-10,9:56:26.112325171,T,287.31,200,287.53,100,IBM
2025-10-10,9:56:26.112946646,T,287.31,200,287.77,100,IBM
2025-10-10,9:56:26.112986747,T,287.31,300,287.77,100,IBM
2025-10-10,9:56:26.113011921,T,287.31,300,287.79,100,IBM
2025-10-10,9:56:26.113011921,T,287.36,100,287.79,100,IBM
2025-10-10,9:56:26.113016866,T,287.36,200,287.79,100,IBM
2025-10-10,9:56:26.114936429,T,287.36,200,287.83,100,IBM
2025-10-10,9:56:26.376694485,T,287.36,200,287.79,100,IBM
2025-10-10,9:56:30.105797172,T,287.36,100,287.79,100,IBM
2025-10-10,9:56:30.105797172,T,287.36,200,287.79,100,IBM
2025-10-10,9:56:30.105807056,T,287.5,100,287.79,100,IBM
2025-10-10,9:56:30.106333296,T,287.31,100,287.79,100,IBM
2025-10-10,9:56:30.106368443,T,287.2,200,287.79,100,IBM
2025-10-10,9:56:30.111671032,T,287.22,100,287.79,100,IBM
2025-10-10,9:56:30.387472730,T,287.2,200,287.79,100,IBM
2025-10-10,9:56:30.393577251,T,287.22,100,287.79,100,IBM
2025-10-10,9:56:39.323741682,T,287.2,200,287.79,100,IBM
2025-10-10,9:56:40.367210957,T,287.2,200,287.84,100,IBM
2025-10-10,9:56:40.879500424,T,287.2,100,287.84,100,IBM
2025-10-10,9:56:41.823537777,T,287.21,100,287.84,100,IBM
2025-10-10,9:56:41.823678041,T,287.21,100,287.85,300,IBM
2025-10-10,9:56:41.824484975,T,287.21,100,287.84,100,IBM
2025-10-10,9:56:41.882237421,T,287.2,100,287.84,100,IBM
2025-10-10,9:56:42.105208243,T,287.2,100,287.83,100,IBM
