DATE,TIME_M,EX,BID,BIDSIZ,ASK,ASKSIZ,SYM_ROOT
2025-12-02,9:30:00.738923102,T,304.43,40,309.0,40,IBM
2025-12-02,9:30:00.739063439,T,303.9,40,309.0,40,IBM
2025-12-02,9:30:00.739103475,T,304.43,40,309.0,40,IBM
2025-12-02,9:30:00.739118493,T,303.9,40,309.0,40,IBM
2025-12-02,9:30:01.047658097,T,304.43,40,309.0,40,IBM
2025-12-02,9:30:01.055697207,T,306.45,40,309.0,40,IBM
2025-12-02,9:30:01.057461483,T,304.43,40,309.0,40,IBM
2025-12-02,9:30:01.057461483,T,306.72,40,309.0,40,IBM
2025-12-02,9:30:01.061952074,T,304.43,40,309.0,40,IBM
2025-12-02,9:30:01.061952074,T,306.98,40,309.0,40,IBM
2025-12-02,9:30:01.064723668,T,304.43,40,309.0,40,IBM
2025-12-02,9:30:01.075654685,T,306.45,40,309.0,40,IBM
2025-12-02,9:30:01.077213488,T,304.43,40,309.0,40,IBM
2025-12-02,9:30:01.077213488,T,306.82,40,309.0,40,IBM
2025-12-02,9:30:01.666656595,T,304.43,40,309.0,40,IBM
2025-12-02,9:30:01.666661672,T,307.51,40,309.0,40,IBM
2025-12-02,9:30:01.824642752,T,304.43,40,309.0,40,IBM
2025-12-02,9:30:01.825148892,T,307.51,40,309.0,40,IBM
2025-12-02,9:30:02.002731623,T,304.43,40,309.0,40,IBM
2025-12-02,9:30:02.003232868,T,307.51,40,309.0,40,IBM
2025-12-02,9:30:02.191826778,T,304.43,40,309.0,40,IBM
2025-12-02,9:30:02.192328075,T,307.51,40,309.0,40,IBM
2025-12-02,9:30:02.342199784,T,304.43,40,309.0,40,IBM
2025-12-02,9:30:02.359420845,T,307.5,40,309.0,40,IBM
2025-12-02,9:30:02.528297843,T,304.43,40,309.0,40,IBM
2025-12-02,9:30:02.741731021,T,307.51,40,309.0,40,IBM
2025-12-02,9:30:03.012640878,T,304.43,40,309.0,40,IBM
2025-12-02,9:30:03.015412528,T,307.51,40,309.0,40,IBM
2025-12-02,9:30:03.123479730,T,304.43,40,309.0,40,IBM
2025-12-02,9:30:03.123980929,T,307.51,40,309.0,40,IBM
2025-12-02,9:30:03.250366802,T,304.43,40,309.0,40,IBM
2025-12-02,9:30:03.250657579,T,307.51,40,309.0,40,IBM
2025-12-02,9:30:03.595683867,T,307.51,80,309.0,40,IBM
2025-12-02,9:30:03.596170104,T,307.51,40,309.0,40,IBM
2025-12-02,9:30:03.596886758,T,304.43,80,309.0,40,IBM
2025-12-02,9:30:03.597172394,T,307.51,40,309.0,40,IBM
2025-12-02,9:30:03.697556434,T,307.5,40,309.0,40,IBM
2025-12-02,9:30:03.707319633,T,307.51,40,309.0,40,IBM
2025-12-02,9:30:03.902429159,T,307.5,40,309.0,40,IBM
2025-12-02,9:30:03.942534645,T,307.52,40,309.0,40,IBM
2025-12-02,9:30:03.990438668,T,307.52,80,309.0,40,IBM
2025-12-02,9:30:04.270129517,T,307.52,40,309.0,40,IBM
2025-12-02,9:30:04.270590581,T,307.53,40,309.0,40,IBM
2025-12-02,9:30:04.444389319,T,304.43,80,309.0,40,IBM
2025-12-02,9:30:04.445111093,T,307.5,40,309.0,40,IBM
2025-12-02,9:30:04.445141185,T,307.52,40,309.0,40,IBM
2025-12-02,9:30:04.783827473,T,307.5,40,309.0,40,IBM
2025-12-02,9:30:04.789596150,T,307.52,40,309.0,40,IBM
2025-12-02,9:30:05.586037208,T,304.43,80,309.0,40,IBM
2025-12-02,9:30:05.586037208,T,307.71,40,309.0,40,IBM
2025-12-02,9:30:05.586989459,T,307.84,40,309.0,40,IBM
2025-12-02,9:30:05.649332841,T,307.84,80,309.0,40,IBM
2025-12-02,9:30:05.846953284,T,307.84,40,309.0,40,IBM
2025-12-02,9:30:05.887690279,T,307.85,40,309.0,40,IBM
2025-12-02,9:30:06.322079482,T,304.43,80,309.0,40,IBM
2025-12-02,9:30:06.322705958,T,307.85,40,309.0,40,IBM
2025-12-02,9:30:06.322741068,T,307.86,40,309.0,40,IBM
2025-12-02,9:30:06.439664503,T,304.43,80,309.0,40,IBM
2025-12-02,9:30:06.440280882,T,307.86,40,309.0,40,IBM
2025-12-02,9:30:06.440310938,T,307.87,40,309.0,40,IBM
2025-12-02,9:30:06.743222121,T,307.87,80,309.0,40,IBM
2025-12-02,9:30:07.137801328,T,307.87,120,309.0,40,IBM
2025-12-02,9:30:07.766718574,T,308.09,40,309.0,40,IBM
2025-12-02,9:30:07.767089539,T,307.87,80,309.0,40,IBM
2025-12-02,9:30:07.767089539,T,308.34,40,309.0,40,IBM
2025-12-02,9:30:07.780280842,T,308.34,80,309.0,40,IBM
2025-12-02,9:30:07.886704161,T,308.34,40,309.0,40,IBM
2025-12-02,9:30:07.988461434,T,308.35,40,309.0,40,IBM
2025-12-02,9:30:08.134529204,T,305.25,40,309.0,40,IBM
2025-12-02,9:30:08.134995260,T,308.36,40,309.0,40,IBM
2025-12-02,9:30:08.307841765,T,308.35,40,309.0,40,IBM
2025-12-02,9:30:08.307921976,T,308.37,40,309.0,40,IBM
2025-12-02,9:30:08.309385391,T,308.37,80,309.0,40,IBM
2025-12-02,9:30:08.842153714,T,308.37,40,309.0,40,IBM
2025-12-02,9:30:08.842574735,T,308.38,40,309.0,40,IBM
2025-12-02,9:30:08.979535799,T,305.29,40,309.0,40,IBM
2025-12-02,9:30:08.979741226,T,308.38,40,309.0,40,IBM
2025-12-02,9:30:08.979771317,T,308.39,40,309.0,40,IBM
2025-12-02,9:30:09.240692474,T,305.29,40,309.0,40,IBM
2025-12-02,9:30:09.240993204,T,308.4,40,309.0,40,IBM
2025-12-02,9:30:10.037409174,T,305.29,40,309.0,40,IBM
2025-12-02,9:30:10.037830251,T,308.41,40,309.0,40,IBM
2025-12-02,9:30:10.536066349,T,305.29,40,309.0,40,IBM
2025-12-02,9:30:10.536066349,T,308.57,40,309.0,40,IBM
2025-12-02,9:30:10.541409054,T,308.57,80,309.0,40,IBM
2025-12-02,9:30:10.542767269,T,308.76,40,309.0,40,IBM
2025-12-02,9:30:10.552485346,T,305.97,40,309.0,40,IBM
2025-12-02,9:30:10.553497749,T,308.36,40,309.0,40,IBM
2025-12-02,9:30:11.696859674,T,308.36,280,309.0,40,IBM
2025-12-02,9:30:14.491587915,T,308.36,280,309.0,80,IBM
2025-12-02,9:30:14.631075034,T,308.36,40,309.0,80,IBM
2025-12-02,9:30:14.670609178,T,308.36,40,308.99,40,IBM
2025-12-02,9:30:24.028742648,T,308.36,40,309.0,40,IBM
2025-12-02,9:30:24.028767592,T,308.78,40,309.0,40,IBM
2025-12-02,9:30:24.028787646,T,308.78,40,310.0,40,IBM
2025-12-02,9:30:24.029183585,T,308.89,40,310.0,40,IBM
2025-12-02,9:30:24.030612020,T,308.78,40,310.0,40,IBM
2025-12-02,9:30:24.030612020,T,309.0,40,310.0,40,IBM
2025-12-02,9:30:24.081237557,T,305.8,40,310.0,40,IBM
2025-12-02,9:30:24.081954269,T,308.36,40,310.0,40,IBM
2025-12-02,9:30:24.082505568,T,308.36,80,310.0,40,IBM
2025-12-02,9:30:24.128981218,T,308.36,80,309.37,40,IBM
2025-12-02,9:30:24.129422246,T,308.36,40,309.37,40,IBM
2025-12-02,9:30:24.129487362,T,305.8,40,309.37,40,IBM
2025-12-02,9:30:24.132088719,T,308.48,40,309.37,40,IBM
2025-12-02,9:30:24.132108985,T,308.48,40,310.0,40,IBM
2025-12-02,9:30:24.132675058,T,308.48,80,310.0,40,IBM
2025-12-02,9:30:24.494085391,T,308.48,40,310.0,40,IBM
2025-12-02,9:30:25.773035100,T,305.97,40,310.0,40,IBM
2025-12-02,9:30:25.773035100,T,305.8,40,310.0,40,IBM
2025-12-02,9:30:25.773325742,T,305.8,40,309.5,40,IBM
2025-12-02,9:30:25.773370898,T,305.8,40,308.65,40,IBM
2025-12-02,9:30:25.773641493,T,305.8,40,310.0,40,IBM
2025-12-02,9:30:25.774443413,T,308.43,40,310.0,40,IBM
2025-12-02,9:30:25.774473823,T,305.8,40,310.0,40,IBM
2025-12-02,9:30:25.774498557,T,305.8,40,308.68,40,IBM
2025-12-02,9:30:25.775295474,T,305.8,40,308.58,40,IBM
2025-12-02,9:30:25.775340589,T,308.29,40,308.58,40,IBM
2025-12-02,9:30:25.775350610,T,308.29,80,308.58,40,IBM
2025-12-02,9:30:25.775385631,T,308.29,40,308.58,40,IBM
2025-12-02,9:30:25.775415751,T,305.8,40,308.58,40,IBM
2025-12-02,9:30:25.775666290,T,305.97,40,308.58,40,IBM
2025-12-02,9:30:25.775731442,T,307.88,40,308.58,40,IBM
2025-12-02,9:30:25.775751474,T,305.97,40,308.58,40,IBM
2025-12-02,9:30:25.775771555,T,305.8,40,308.58,40,IBM
2025-12-02,9:30:25.775796658,T,305.8,40,308.45,40,IBM
2025-12-02,9:30:25.775987129,T,305.8,40,308.58,40,IBM
2025-12-02,9:30:25.776007085,T,305.8,40,310.0,40,IBM
2025-12-02,9:30:25.776012132,T,308.31,40,310.0,40,IBM
2025-12-02,9:30:25.776017093,T,305.8,40,310.0,40,IBM
2025-12-02,9:30:25.776027189,T,305.98,40,310.0,40,IBM
2025-12-02,9:30:25.776037194,T,306.44,40,310.0,40,IBM
2025-12-02,9:30:25.776042207,T,307.17,40,310.0,40,IBM
2025-12-02,9:30:25.776042207,T,307.17,40,308.57,40,IBM
2025-12-02,9:30:25.776067325,T,305.99,40,308.57,40,IBM
2025-12-02,9:30:25.776092409,T,305.99,40,308.56,40,IBM
2025-12-02,9:30:25.777205005,T,305.98,40,308.56,40,IBM
2025-12-02,9:30:25.777230157,T,305.98,40,308.57,40,IBM
2025-12-02,9:30:25.777230157,T,305.98,40,309.36,40,IBM
2025-12-02,9:30:25.777230157,T,305.97,40,309.36,40,IBM
2025-12-02,9:30:25.778172290,T,305.97,40,310.0,40,IBM
2025-12-02,9:30:25.778357726,T,308.0,40,310.0,40,IBM
2025-12-02,9:30:25.824778260,T,308.0,80,310.0,40,IBM
2025-12-02,9:30:26.044060280,T,308.0,40,310.0,40,IBM
2025-12-02,9:30:27.124316959,T,305.8,40,310.0,40,IBM
2025-12-02,9:30:27.124332199,T,305.8,40,309.99,40,IBM
2025-12-02,9:30:27.124362081,T,305.8,40,308.19,40,IBM
2025-12-02,9:30:27.126121232,T,307.7,40,308.19,40,IBM
2025-12-02,9:30:27.126136323,T,307.7,40,310.0,40,IBM
2025-12-02,9:30:29.027282379,T,307.7,40,308.57,40,IBM
2025-12-02,9:30:32.971186285,T,307.7,40,308.57,120,IBM
2025-12-02,9:30:32.973216171,T,307.7,40,308.56,40,IBM
2025-12-02,9:31:01.144982761,T,307.7,40,308.56,120,IBM
2025-12-02,9:31:01.187483917,T,307.7,40,308.55,40,IBM
2025-12-02,9:31:04.256800940,T,307.72,40,308.55,40,IBM
2025-12-02,9:31:04.257542679,T,307.14,160,308.55,40,IBM
2025-12-02,9:31:04.394799471,T,307.7,40,308.55,40,IBM
2025-12-02,9:31:06.202086825,T,307.7,40,308.23,40,IBM
2025-12-02,9:31:10.612907486,T,307.73,40,308.23,40,IBM
2025-12-02,9:31:10.612932531,T,307.7,40,308.23,40,IBM
2025-12-02,9:31:10.613619171,T,307.35,40,308.23,40,IBM
2025-12-02,9:31:10.651594554,T,307.35,40,308.55,40,IBM
2025-12-02,9:31:10.651649706,T,308.07,40,308.55,40,IBM
2025-12-02,9:31:10.653443998,T,308.07,80,308.55,40,IBM
2025-12-02,9:31:13.586090380,T,308.07,120,308.55,40,IBM
2025-12-02,9:31:14.857833022,T,308.07,80,308.55,40,IBM
2025-12-02,9:31:15.659942494,T,308.07,80,308.5,40,IBM
2025-12-02,9:31:20.898869429,T,308.07,80,308.5,120,IBM
2025-12-02,9:31:21.439356051,T,308.07,40,308.5,120,IBM
2025-12-02,9:31:21.439356051,T,307.42,160,308.5,120,IBM
2025-12-02,9:31:21.439396128,T,307.42,160,308.29,40,IBM
2025-12-02,9:31:21.439521784,T,307.42,160,308.5,120,IBM
2025-12-02,9:31:21.439596625,T,307.89,80,308.5,120,IBM
2025-12-02,9:31:21.439691829,T,307.89,80,308.07,80,IBM
2025-12-02,9:31:21.439711977,T,307.89,80,308.5,120,IBM
2025-12-02,9:31:21.439737024,T,308.07,80,308.5,120,IBM
2025-12-02,9:31:21.439757043,T,308.08,200,308.5,120,IBM
2025-12-02,9:31:21.439762072,T,308.08,80,308.5,120,IBM
2025-12-02,9:31:21.439777034,T,308.08,200,308.5,120,IBM
2025-12-02,9:31:21.439797125,T,308.08,240,308.5,120,IBM
2025-12-02,9:31:21.440318383,T,308.08,200,308.5,120,IBM
2025-12-02,9:31:21.440338462,T,308.08,120,308.5,120,IBM
2025-12-02,9:31:21.440338462,T,308.08,40,308.5,120,IBM
2025-12-02,9:31:21.440344009,T,307.42,160,308.5,120,IBM
2025-12-02,9:31:21.440363431,T,307.42,160,308.41,80,IBM
2025-12-02,9:31:21.440659198,T,307.71,40,308.41,80,IBM
2025-12-02,9:31:21.440674227,T,307.71,80,308.41,80,IBM
2025-12-02,9:31:21.440679263,T,307.71,40,308.41,80,IBM
2025-12-02,9:31:21.440839816,T,307.87,40,308.41,80,IBM
2025-12-02,9:31:21.440864687,T,307.87,40,308.29,40,IBM
2025-12-02,9:31:21.440889730,T,307.87,40,308.41,80,IBM
2025-12-02,9:31:21.440914846,T,308.18,40,308.41,80,IBM
2025-12-02,9:31:21.440939872,T,308.18,80,308.41,80,IBM
2025-12-02,9:31:21.440974933,T,308.18,80,308.41,40,IBM
2025-12-02,9:31:21.441045079,T,308.18,80,308.5,120,IBM
2025-12-02,9:31:21.441581394,T,308.18,40,308.5,120,IBM
2025-12-02,9:31:21.442603863,T,307.71,40,308.5,120,IBM
2025-12-02,9:31:21.443315541,T,308.18,40,308.5,120,IBM
2025-12-02,9:31:33.058712550,T,308.18,40,308.5,200,IBM
2025-12-02,9:31:33.059775009,T,308.18,40,308.48,40,IBM
2025-12-02,9:31:33.059800083,T,308.18,40,308.48,120,IBM
2025-12-02,9:31:37.679788778,T,308.18,40,308.48,80,IBM
2025-12-02,9:31:37.679788778,T,308.18,40,308.5,80,IBM
2025-12-02,9:31:37.679788778,T,308.18,40,308.5,40,IBM
2025-12-02,9:31:37.679808646,T,308.48,80,308.5,40,IBM
2025-12-02,9:31:37.679833713,T,308.48,80,308.86,200,IBM
2025-12-02,9:31:37.679833713,T,308.33,40,308.86,200,IBM
2025-12-02,9:31:37.679868751,T,308.18,40,308.86,200,IBM
2025-12-02,9:31:37.679904033,T,308.19,40,308.86,200,IBM
2025-12-02,9:31:37.680194510,T,308.19,80,308.86,200,IBM
2025-12-02,9:31:37.680520418,T,308.25,40,308.86,200,IBM
2025-12-02,9:31:37.680540295,T,308.19,40,308.86,200,IBM
2025-12-02,9:31:37.680545362,T,308.25,40,308.86,200,IBM
2025-12-02,9:31:37.680565506,T,308.19,80,308.86,200,IBM
2025-12-02,9:31:37.680610524,T,308.19,40,308.86,200,IBM
2025-12-02,9:31:37.680640623,T,308.19,80,308.86,200,IBM
2025-12-02,9:31:37.680655661,T,308.19,40,308.86,200,IBM
2025-12-02,9:31:37.680660589,T,308.19,80,308.86,200,IBM
2025-12-02,9:31:37.680871102,T,308.19,40,308.86,200,IBM
2025-12-02,9:31:37.681066612,T,308.19,40,309.12,40,IBM
2025-12-02,9:31:37.681076660,T,308.19,40,309.07,160,IBM
2025-12-02,9:31:37.681417392,T,308.19,80,309.07,160,IBM
2025-12-02,9:31:37.697174920,T,308.19,80,308.92,80,IBM
2025-12-02,9:31:37.744116659,T,308.19,40,308.92,80,IBM
2025-12-02,9:31:38.046651873,T,308.19,40,308.77,80,IBM
2025-12-02,9:31:42.688161879,T,308.19,40,308.77,120,IBM
2025-12-02,9:31:44.521175478,T,308.19,40,308.76,40,IBM
2025-12-02,9:31:44.528207065,T,308.19,40,308.6,40,IBM
2025-12-02,9:31:45.146032916,T,307.88,200,308.6,40,IBM
2025-12-02,9:31:45.146589273,T,307.88,240,308.6,40,IBM
2025-12-02,9:31:45.146749597,T,307.88,200,308.6,40,IBM
2025-12-02,9:31:45.207529337,T,307.88,160,308.6,40,IBM
2025-12-02,9:31:50.471842220,T,307.88,160,308.5,40,IBM
2025-12-02,9:31:52.088280192,T,307.88,200,308.5,40,IBM
2025-12-02,9:32:08.915259207,T,307.88,200,308.49,40,IBM
2025-12-02,9:32:14.221822269,T,307.88,200,308.45,40,IBM
2025-12-02,9:32:18.738479805,T,307.88,240,308.45,40,IBM
2025-12-02,9:32:25.303859573,T,307.88,240,308.49,40,IBM
2025-12-02,9:32:25.303884585,T,308.32,40,308.49,40,IBM
2025-12-02,9:32:25.303899531,T,308.32,40,308.77,80,IBM
2025-12-02,9:32:25.304611263,T,308.32,80,308.77,80,IBM
2025-12-02,9:32:25.305087428,T,308.32,40,308.77,80,IBM
2025-12-02,9:32:25.305147620,T,308.32,80,308.77,80,IBM
2025-12-02,9:32:25.305292872,T,308.32,80,308.53,40,IBM
2025-12-02,9:32:25.316539717,T,308.32,40,308.53,40,IBM
2025-12-02,9:32:25.316599817,T,307.88,200,308.53,40,IBM
2025-12-02,9:32:25.317311451,T,307.88,160,308.53,40,IBM
2025-12-02,9:32:25.322147983,T,307.88,160,308.77,80,IBM
2025-12-02,9:32:25.322157990,T,307.88,200,308.77,80,IBM
2025-12-02,9:32:25.322754470,T,307.88,240,308.77,80,IBM
2025-12-02,9:32:25.322784499,T,307.88,280,308.77,80,IBM
2025-12-02,9:32:25.323150439,T,307.88,240,308.77,80,IBM
2025-12-02,9:32:25.422978053,T,308.2,40,308.77,80,IBM
2025-12-02,9:32:25.423003370,T,308.2,80,308.77,80,IBM
2025-12-02,9:32:25.423369030,T,308.2,120,308.77,80,IBM
2025-12-02,9:32:25.423970403,T,308.2,120,308.92,80,IBM
2025-12-02,9:32:25.424687181,T,308.37,40,308.92,80,IBM
2025-12-02,9:32:25.425233384,T,308.37,40,309.09,160,IBM
2025-12-02,9:32:25.432550790,T,308.2,40,309.09,160,IBM
2025-12-02,9:32:25.449275659,T,308.2,40,308.96,80,IBM
2025-12-02,9:32:25.459284470,T,308.2,40,309.09,160,IBM
2025-12-02,9:32:25.669409765,T,308.2,80,309.09,160,IBM
2025-12-02,9:32:25.684716187,T,308.2,40,309.09,160,IBM
2025-12-02,9:32:25.959329921,T,308.2,40,309.0,80,IBM
2025-12-02,9:32:26.463054070,T,308.2,40,308.99,80,IBM
2025-12-02,9:32:33.528018251,T,308.09,160,308.99,80,IBM
2025-12-02,9:32:33.528098535,T,308.09,160,308.62,40,IBM
2025-12-02,9:32:33.528168659,T,308.09,160,308.99,80,IBM
2025-12-02,9:32:33.528213742,T,308.09,160,308.62,40,IBM
2025-12-02,9:32:33.528554534,T,308.09,160,308.99,120,IBM
2025-12-02,9:32:33.528800184,T,308.09,200,308.99,120,IBM
2025-12-02,9:32:33.528900438,T,308.32,40,308.99,120,IBM
2025-12-02,9:32:33.528925420,T,308.35,40,308.99,120,IBM
2025-12-02,9:32:33.528950485,T,308.43,40,308.99,120,IBM
2025-12-02,9:32:33.529095928,T,308.35,40,308.99,120,IBM
2025-12-02,9:32:33.529100882,T,308.09,160,308.99,120,IBM
2025-12-02,9:32:33.529226400,T,308.09,200,308.99,120,IBM
2025-12-02,9:32:33.529371560,T,308.09,200,308.99,160,IBM
2025-12-02,9:32:33.529401624,T,308.09,40,308.99,160,IBM
2025-12-02,9:32:33.529426625,T,307.88,40,308.99,160,IBM
2025-12-02,9:32:33.529441731,T,308.1,40,308.99,160,IBM
2025-12-02,9:32:33.530058173,T,308.1,40,308.85,40,IBM
2025-12-02,9:32:33.530519283,T,307.88,40,308.85,40,IBM
2025-12-02,9:32:33.531616821,T,308.48,40,308.85,40,IBM
2025-12-02,9:32:33.551514237,T,307.86,160,308.85,40,IBM
2025-12-02,9:32:33.551564340,T,307.86,160,308.67,40,IBM
2025-12-02,9:32:33.555112821,T,307.86,160,308.85,80,IBM
2025-12-02,9:32:33.651737807,T,307.86,160,308.85,40,IBM
2025-12-02,9:32:33.668477706,T,307.86,240,308.85,40,IBM
2025-12-02,9:32:36.437855481,T,307.86,280,308.85,40,IBM
2025-12-02,9:32:42.186876957,T,307.86,280,309.09,200,IBM
2025-12-02,9:32:42.609748672,T,307.86,280,308.94,40,IBM
2025-12-02,9:32:42.609798784,T,307.86,280,308.83,40,IBM
2025-12-02,9:32:42.611557970,T,307.86,240,308.83,40,IBM
2025-12-02,9:32:42.623255842,T,307.86,160,308.83,40,IBM
2025-12-02,9:32:42.835260503,T,307.67,40,308.83,40,IBM
2025-12-02,9:32:42.835265490,T,308.03,160,308.83,40,IBM
2025-12-02,9:32:42.835821864,T,308.03,200,308.83,40,IBM
2025-12-02,9:32:42.860711054,T,308.03,200,308.94,40,IBM
2025-12-02,9:32:42.860746154,T,308.03,200,309.09,200,IBM
2025-12-02,9:32:42.964478119,T,308.03,200,308.94,40,IBM
2025-12-02,9:32:47.659710478,T,308.03,160,308.94,40,IBM
2025-12-02,9:32:48.596716254,T,308.03,160,309.09,200,IBM
2025-12-02,9:32:49.652404543,T,308.03,160,308.85,40,IBM
2025-12-02,9:32:50.931183888,T,308.03,160,309.09,200,IBM
2025-12-02,9:33:00.386563437,T,308.03,160,309.08,40,IBM
2025-12-02,9:33:00.386613569,T,308.03,160,309.08,80,IBM
2025-12-02,9:33:04.681638411,T,308.03,160,309.01,40,IBM
2025-12-02,9:33:04.681803714,T,307.67,40,309.01,40,IBM
2025-12-02,9:33:04.681813796,T,307.82,160,309.01,40,IBM
2025-12-02,9:33:04.681843910,T,308.03,40,309.01,40,IBM
2025-12-02,9:33:04.682019332,T,308.03,80,309.01,40,IBM
2025-12-02,9:33:05.727402858,T,308.3,40,309.01,40,IBM
2025-12-02,9:33:05.727768786,T,308.3,40,309.08,80,IBM
2025-12-02,9:33:05.730615543,T,308.3,40,309.08,40,IBM
2025-12-02,9:33:05.746728872,T,308.3,80,309.08,40,IBM
2025-12-02,9:33:05.747280220,T,308.31,40,309.08,40,IBM
2025-12-02,9:33:06.028344303,T,308.3,40,309.08,40,IBM
2025-12-02,9:33:09.933591143,T,308.03,40,309.08,40,IBM
2025-12-02,9:33:09.961838448,T,308.03,80,309.08,40,IBM
2025-12-02,9:33:10.481961635,T,308.03,80,308.94,40,IBM
2025-12-02,9:33:14.628057053,T,308.03,40,308.94,40,IBM
2025-12-02,9:33:14.644636497,T,308.03,40,308.7,40,IBM
2025-12-02,9:33:20.067486326,T,308.45,40,308.7,40,IBM
2025-12-02,9:33:20.069536182,T,308.03,40,308.7,40,IBM
2025-12-02,9:33:22.302867934,T,308.03,40,309.08,40,IBM
2025-12-02,9:33:27.071500183,T,308.03,40,308.62,40,IBM
2025-12-02,9:33:28.188409390,T,308.03,40,309.08,40,IBM
2025-12-02,9:33:41.849647039,T,308.03,40,309.08,80,IBM
2025-12-02,9:33:41.850278520,T,308.03,40,308.65,40,IBM
2025-12-02,9:33:41.850654485,T,308.04,80,308.65,40,IBM
2025-12-02,9:33:41.850874968,T,308.04,280,308.65,40,IBM
2025-12-02,9:33:41.850945148,T,308.04,280,309.08,40,IBM
2025-12-02,9:33:41.850995318,T,308.04,680,309.08,40,IBM
2025-12-02,9:33:41.851035415,T,308.05,40,309.08,40,IBM
2025-12-02,9:33:41.851085490,T,308.05,720,309.08,40,IBM
2025-12-02,9:33:45.026690437,T,308.05,40,309.08,40,IBM
2025-12-02,9:33:45.026705488,T,308.03,40,309.08,40,IBM
2025-12-02,9:33:45.026705488,T,308.04,40,309.08,40,IBM
2025-12-02,9:33:45.026715477,T,308.26,720,309.08,40,IBM
2025-12-02,9:33:45.027707891,T,308.26,680,309.08,40,IBM
2025-12-02,9:33:49.455990064,T,308.03,40,309.08,40,IBM
2025-12-02,9:33:49.456010093,T,308.27,680,309.08,40,IBM
2025-12-02,9:33:56.864612335,T,308.27,680,308.92,160,IBM
2025-12-02,9:33:58.383352903,T,308.28,40,308.92,160,IBM
2025-12-02,9:33:58.383397909,T,308.28,720,308.92,160,IBM
2025-12-02,9:33:58.392464587,T,308.28,720,308.59,120,IBM
2025-12-02,9:33:58.553823705,T,308.28,720,308.71,40,IBM
2025-12-02,9:33:58.553828806,T,308.28,720,308.92,160,IBM
2025-12-02,9:33:58.553848752,T,308.28,40,308.92,160,IBM
2025-12-02,9:33:58.553858782,T,308.43,80,308.92,160,IBM
2025-12-02,9:33:58.553873909,T,308.58,680,308.92,160,IBM
2025-12-02,9:33:58.553898923,T,308.43,80,308.92,160,IBM
2025-12-02,9:33:58.553928932,T,308.29,40,308.92,160,IBM
2025-12-02,9:33:58.554309893,T,308.43,40,308.92,160,IBM
2025-12-02,9:33:58.554610770,T,308.29,40,308.92,160,IBM
2025-12-02,9:33:58.554610770,T,308.57,40,308.92,160,IBM
2025-12-02,9:33:58.554821117,T,308.57,40,309.15,40,IBM
2025-12-02,9:33:58.554826068,T,308.57,40,309.11,160,IBM
2025-12-02,9:33:58.554986471,T,308.29,80,309.11,160,IBM
2025-12-02,9:33:58.554991409,T,308.29,40,309.11,160,IBM
2025-12-02,9:33:58.555031604,T,308.29,40,308.96,80,IBM
2025-12-02,9:33:58.555171860,T,308.29,40,308.92,40,IBM
2025-12-02,9:33:58.555638033,T,308.29,40,308.96,80,IBM
2025-12-02,9:33:58.565050381,T,308.29,40,309.11,160,IBM
2025-12-02,9:33:58.565070449,T,308.03,40,309.11,160,IBM
2025-12-02,9:34:00.909130660,T,308.32,40,309.11,160,IBM
2025-12-02,9:34:00.909155876,T,308.48,40,309.11,160,IBM
2025-12-02,9:34:01.723449258,T,308.03,40,309.11,160,IBM
2025-12-02,9:34:01.723840261,T,308.03,40,308.89,40,IBM
2025-12-02,9:34:01.724511886,T,308.03,40,308.71,40,IBM
2025-12-02,9:34:01.748804695,T,308.48,40,308.71,40,IBM
2025-12-02,9:34:01.824364588,T,308.03,40,308.71,40,IBM
2025-12-02,9:34:01.833666720,T,308.03,40,308.84,40,IBM
2025-12-02,9:34:12.491108083,T,308.03,40,308.71,40,IBM
2025-12-02,9:34:17.556201368,T,308.03,40,308.71,80,IBM
2025-12-02,9:34:18.726492263,T,308.03,40,308.71,40,IBM
2025-12-02,9:34:18.727078721,T,307.98,160,308.71,40,IBM
2025-12-02,9:34:23.529757010,T,307.98,160,308.9,40,IBM
2025-12-02,9:34:23.943471920,T,307.98,160,309.11,160,IBM
2025-12-02,9:34:29.134284227,T,307.98,160,308.68,40,IBM
2025-12-02,9:34:30.843829101,T,307.81,40,308.68,40,IBM
2025-12-02,9:34:49.087360253,T,308.09,40,308.68,40,IBM
2025-12-02,9:34:49.088738634,T,307.81,40,308.68,40,IBM
2025-12-02,9:34:49.092868347,T,307.81,40,308.3,40,IBM
2025-12-02,9:34:50.434246725,T,307.81,40,308.29,40,IBM
2025-12-02,9:34:52.569459936,T,307.81,40,308.28,40,IBM
2025-12-02,9:34:53.340284933,T,307.81,40,308.27,40,IBM
2025-12-02,9:34:54.043428954,T,307.81,40,308.26,40,IBM
2025-12-02,9:34:55.547604631,T,307.81,40,308.24,40,IBM
2025-12-02,9:34:56.014551432,T,307.81,40,308.23,40,IBM
2025-12-02,9:34:56.840973776,T,307.81,40,308.22,40,IBM
2025-12-02,9:34:57.723594935,T,307.81,40,308.21,40,IBM
2025-12-02,9:34:58.435755376,T,307.81,40,308.2,40,IBM
2025-12-02,9:34:58.437138672,T,307.62,160,308.2,40,IBM
2025-12-02,9:34:58.466924598,T,307.62,160,308.21,40,IBM
2025-12-02,9:34:58.467786644,T,307.62,160,308.68,80,IBM
2025-12-02,9:34:58.467846771,T,307.62,160,308.56,40,IBM
2025-12-02,9:34:58.467946973,T,307.9,40,308.56,40,IBM
2025-12-02,9:34:59.393014339,T,307.9,40,308.68,40,IBM
2025-12-02,9:34:59.393816240,T,307.9,40,308.56,40,IBM
2025-12-02,9:34:59.442000964,T,307.62,160,308.56,40,IBM
2025-12-02,9:35:00.144754038,T,307.62,160,308.19,120,IBM
2025-12-02,9:35:00.532662638,T,307.62,160,308.18,120,IBM
2025-12-02,9:35:00.793288090,T,307.62,160,308.56,40,IBM
2025-12-02,9:35:01.051417474,T,308.03,40,308.56,40,IBM
2025-12-02,9:35:01.051487670,T,308.03,40,308.68,40,IBM
2025-12-02,9:35:01.051773357,T,307.69,40,308.68,40,IBM
2025-12-02,9:35:01.052204357,T,307.69,40,308.56,40,IBM
2025-12-02,9:35:01.052224455,T,307.62,200,308.56,40,IBM
2025-12-02,9:35:01.052249456,T,307.62,200,308.68,40,IBM
2025-12-02,9:35:01.053281945,T,307.63,40,308.68,40,IBM
2025-12-02,9:35:01.055873083,T,307.62,200,308.68,40,IBM
2025-12-02,9:35:01.059200987,T,307.62,160,308.68,40,IBM
2025-12-02,9:35:01.086546153,T,307.62,160,308.23,40,IBM
2025-12-02,9:35:01.327384386,T,307.62,160,308.23,160,IBM
2025-12-02,9:35:01.587789307,T,307.62,160,308.23,40,IBM
2025-12-02,9:35:02.634576235,T,307.62,160,308.23,160,IBM
2025-12-02,9:35:02.699280303,T,307.62,160,308.23,40,IBM
2025-12-02,9:35:03.096120116,T,307.62,160,308.23,160,IBM
2025-12-02,9:35:03.147061430,T,307.62,160,308.23,40,IBM
2025-12-02,9:35:04.329947658,T,307.62,160,308.68,80,IBM
2025-12-02,9:35:04.329952410,T,307.62,160,308.68,40,IBM
2025-12-02,9:35:04.329952410,T,307.69,40,308.68,40,IBM
2025-12-02,9:35:04.329977423,T,307.84,40,308.68,40,IBM
2025-12-02,9:35:04.330528759,T,307.84,80,308.68,40,IBM
2025-12-02,9:35:04.330543843,T,307.84,120,308.68,40,IBM
2025-12-02,9:35:04.331070092,T,308.17,40,308.68,40,IBM
2025-12-02,9:35:04.331746673,T,307.84,120,308.68,40,IBM
2025-12-02,9:35:04.331756644,T,307.84,80,308.68,40,IBM
2025-12-02,9:35:04.331886952,T,308.17,40,308.68,40,IBM
2025-12-02,9:35:04.341705413,T,308.17,80,308.68,40,IBM
2025-12-02,9:35:04.344887964,T,308.17,80,308.7,160,IBM
2025-12-02,9:35:04.352591286,T,308.17,40,308.7,160,IBM
2025-12-02,9:35:04.356971742,T,308.17,40,308.69,80,IBM
2025-12-02,9:35:04.366990507,T,308.17,40,308.7,160,IBM
2025-12-02,9:35:04.371581522,T,308.17,40,308.68,40,IBM
2025-12-02,9:35:04.592577625,T,307.62,160,308.68,40,IBM
2025-12-02,9:35:04.777096799,T,307.62,160,308.67,40,IBM
2025-12-02,9:35:09.133402518,T,307.62,160,308.67,160,IBM
2025-12-02,9:35:09.462044855,T,307.62,160,308.46,120,IBM
2025-12-02,9:35:09.462355649,T,307.62,160,308.46,160,IBM
2025-12-02,9:35:10.123710016,T,307.62,160,308.46,40,IBM
2025-12-02,9:35:10.848169842,T,307.62,160,308.46,160,IBM
2025-12-02,9:35:11.260561582,T,307.62,160,308.46,40,IBM
2025-12-02,9:35:12.064154733,T,307.62,160,308.46,160,IBM
2025-12-02,9:35:13.318009733,T,307.62,160,308.46,40,IBM
2025-12-02,9:35:13.636748555,T,307.62,160,308.46,160,IBM
2025-12-02,9:35:13.692345924,T,307.62,160,308.46,40,IBM
2025-12-02,9:35:14.372289548,T,307.62,160,308.7,160,IBM
2025-12-02,9:35:14.372299634,T,308.18,40,308.7,160,IBM
2025-12-02,9:35:14.372314673,T,308.31,40,308.7,160,IBM
2025-12-02,9:35:14.373056451,T,308.31,40,308.67,120,IBM
2025-12-02,9:35:14.373081473,T,308.18,120,308.67,120,IBM
2025-12-02,9:35:14.373286992,T,308.31,40,308.67,120,IBM
2025-12-02,9:35:14.392793365,T,308.31,80,308.67,120,IBM
2025-12-02,9:35:14.392803419,T,308.31,40,308.67,120,IBM
2025-12-02,9:35:14.394001320,T,308.31,80,308.67,120,IBM
2025-12-02,9:35:14.424539337,T,308.31,80,308.93,160,IBM
2025-12-02,9:35:16.857455643,T,308.31,40,308.93,160,IBM
2025-12-02,9:35:16.857460652,T,308.18,40,308.93,160,IBM
2025-12-02,9:35:17.119770180,T,308.18,80,308.93,160,IBM
2025-12-02,9:35:21.103950345,T,308.18,120,308.93,160,IBM
2025-12-02,9:35:25.970971803,T,308.18,120,308.67,120,IBM
2025-12-02,9:35:26.079029016,T,308.18,120,308.93,160,IBM
2025-12-02,9:35:26.455795912,T,308.18,120,308.67,120,IBM
2025-12-02,9:35:27.653362020,T,308.18,120,308.93,160,IBM
2025-12-02,9:35:27.653923359,T,308.18,80,308.93,160,IBM
2025-12-02,9:35:27.923124268,T,308.18,80,308.67,120,IBM
2025-12-02,9:35:28.001170053,T,308.18,80,308.93,160,IBM
2025-12-02,9:35:31.039272830,T,308.18,80,308.67,120,IBM
2025-12-02,9:35:31.039824171,T,308.18,40,308.67,120,IBM
2025-12-02,9:35:31.105289957,T,308.18,40,308.93,160,IBM
2025-12-02,9:35:35.415119972,T,308.32,40,308.93,160,IBM
2025-12-02,9:35:35.415170177,T,308.48,40,308.93,160,IBM
2025-12-02,9:35:35.415175135,T,308.48,80,308.93,160,IBM
2025-12-02,9:35:35.415215299,T,308.57,40,308.93,160,IBM
2025-12-02,9:35:35.415520960,T,308.57,40,309.15,40,IBM
2025-12-02,9:35:35.415525986,T,308.57,40,309.13,160,IBM
2025-12-02,9:35:35.434160404,T,308.57,80,309.13,160,IBM
2025-12-02,9:35:35.434190413,T,308.58,40,309.13,160,IBM
2025-12-02,9:35:35.560280810,T,308.48,40,309.13,160,IBM
2025-12-02,9:35:35.560882098,T,308.48,80,309.13,160,IBM
2025-12-02,9:35:35.720346824,T,308.48,40,309.13,160,IBM
2025-12-02,9:35:36.549109600,T,308.09,40,309.13,160,IBM
2025-12-02,9:35:37.475479862,T,308.2,160,309.13,160,IBM
2025-12-02,9:35:37.475570036,T,308.2,200,309.13,160,IBM
2025-12-02,9:35:37.475570036,T,308.74,40,309.13,160,IBM
2025-12-02,9:35:37.475875939,T,308.74,40,309.15,40,IBM
2025-12-02,9:35:37.476126366,T,308.74,80,309.15,40,IBM
2025-12-02,9:35:37.476136401,T,308.74,120,309.15,40,IBM
2025-12-02,9:35:37.486125220,T,308.74,80,309.15,40,IBM
2025-12-02,9:35:39.226729089,T,308.74,40,309.15,40,IBM
2025-12-02,9:35:39.792245314,T,308.74,40,308.98,120,IBM
2025-12-02,9:35:39.792275514,T,308.59,40,308.98,120,IBM
2025-12-02,9:35:39.792310462,T,308.2,200,308.98,120,IBM
2025-12-02,9:35:39.792411052,T,308.2,200,308.86,40,IBM
2025-12-02,9:35:39.792801642,T,308.2,200,308.98,120,IBM
2025-12-02,9:35:39.792806670,T,308.2,200,308.97,40,IBM
2025-12-02,9:35:39.793082295,T,308.2,160,308.97,40,IBM
2025-12-02,9:35:39.833709038,T,308.2,160,308.98,120,IBM
2025-12-02,9:35:40.092289609,T,308.2,160,308.8,120,IBM
2025-12-02,9:35:40.092875930,T,308.2,160,308.67,40,IBM
2025-12-02,9:35:40.093557585,T,308.2,200,308.67,40,IBM
2025-12-02,9:35:40.117609865,T,308.21,40,308.67,40,IBM
2025-12-02,9:35:40.117624881,T,308.21,40,308.8,120,IBM
2025-12-02,9:35:40.118206250,T,307.96,160,308.8,120,IBM
2025-12-02,9:35:40.137757862,T,308.16,40,308.8,120,IBM
2025-12-02,9:35:40.138314114,T,308.16,80,308.8,120,IBM
2025-12-02,9:35:40.266389069,T,308.16,80,309.15,40,IBM
2025-12-02,9:35:40.348103555,T,308.16,40,309.15,40,IBM
2025-12-02,9:35:40.348248960,T,308.17,40,309.15,40,IBM
2025-12-02,9:35:40.425101871,T,308.17,80,309.15,40,IBM
2025-12-02,9:35:40.761803415,T,308.17,80,308.75,120,IBM
2025-12-02,9:35:40.761833501,T,308.17,40,308.75,120,IBM
2025-12-02,9:35:40.839744000,T,308.17,40,309.12,160,IBM
2025-12-02,9:35:41.101261543,T,308.17,40,308.75,120,IBM
2025-12-02,9:35:41.270584649,T,308.17,40,309.12,160,IBM
2025-12-02,9:35:42.597268040,T,308.17,40,308.75,120,IBM
2025-12-02,9:35:43.684621596,T,308.17,40,309.12,160,IBM
2025-12-02,9:35:44.209320705,T,308.17,40,308.75,120,IBM
2025-12-02,9:35:47.510890486,T,307.96,160,308.75,120,IBM
2025-12-02,9:35:47.649726355,T,307.96,160,308.56,120,IBM
2025-12-02,9:35:47.657464420,T,307.96,200,308.56,120,IBM
2025-12-02,9:35:47.658993058,T,307.96,40,308.56,120,IBM
2025-12-02,9:35:47.675487397,T,307.96,80,308.56,120,IBM
2025-12-02,9:35:47.675517417,T,307.97,40,308.56,120,IBM
2025-12-02,9:35:47.924630445,T,307.96,40,308.56,120,IBM
2025-12-02,9:35:47.924680645,T,307.98,40,308.56,120,IBM
2025-12-02,9:35:48.215878847,T,307.97,40,308.56,120,IBM
2025-12-02,9:35:48.215969029,T,307.97,40,308.55,120,IBM
2025-12-02,9:35:48.216059304,T,307.99,40,308.55,120,IBM
2025-12-02,9:35:48.607902146,T,307.96,40,308.55,120,IBM
2025-12-02,9:35:48.607957267,T,308.0,40,308.55,120,IBM
2025-12-02,9:35:48.730288516,T,307.99,40,308.55,120,IBM
2025-12-02,9:35:48.730809760,T,307.96,40,308.55,120,IBM
2025-12-02,9:35:49.559773221,T,307.96,80,308.55,120,IBM
2025-12-02,9:35:49.559803357,T,307.97,40,308.55,120,IBM
2025-12-02,9:35:51.309608915,T,307.97,40,308.56,40,IBM
2025-12-02,9:35:51.503620699,T,307.97,40,309.12,160,IBM
2025-12-02,9:35:51.504337443,T,307.97,40,309.11,80,IBM
2025-12-02,9:35:52.582469064,T,307.97,40,308.97,40,IBM
2025-12-02,9:35:53.481394191,T,307.97,40,308.84,40,IBM
2025-12-02,9:35:57.544552103,T,307.97,40,308.84,80,IBM
2025-12-02,9:35:57.645316950,T,307.97,40,308.84,40,IBM
2025-12-02,9:35:57.645352355,T,308.25,40,308.84,40,IBM
2025-12-02,9:35:57.645387070,T,308.25,80,308.84,40,IBM
2025-12-02,9:35:57.645632757,T,308.25,80,309.12,160,IBM
2025-12-02,9:35:57.645908349,T,308.25,120,309.12,160,IBM
2025-12-02,9:35:57.645928387,T,308.26,40,309.12,160,IBM
2025-12-02,9:35:57.646369425,T,308.26,40,309.11,40,IBM
2025-12-02,9:35:57.663936302,T,308.26,80,309.11,40,IBM
2025-12-02,9:35:58.739842651,T,308.26,80,308.98,120,IBM
2025-12-02,9:35:58.740499181,T,308.26,80,308.98,160,IBM
2025-12-02,9:35:58.805118071,T,308.26,80,308.98,40,IBM
2025-12-02,9:35:58.813287500,T,308.26,80,309.11,40,IBM
2025-12-02,9:36:01.054122205,T,308.26,80,309.0,40,IBM
2025-12-02,9:36:01.436692901,T,308.26,80,308.98,120,IBM
2025-12-02,9:36:01.437249144,T,308.26,40,308.98,120,IBM
2025-12-02,9:36:01.585948156,T,308.26,40,309.0,40,IBM
2025-12-02,9:36:01.852312279,T,308.26,40,308.98,120,IBM
2025-12-02,9:36:02.613764974,T,308.26,40,309.11,40,IBM
2025-12-02,9:36:02.838269446,T,308.0,40,309.11,40,IBM
2025-12-02,9:36:03.203879937,T,308.01,40,309.11,40,IBM
2025-12-02,9:36:03.204030296,T,308.01,40,308.98,120,IBM
2025-12-02,9:36:03.428965737,T,308.05,40,308.98,120,IBM
2025-12-02,9:36:03.489499944,T,308.27,40,308.98,120,IBM
2025-12-02,9:36:03.490582531,T,308.27,40,308.97,40,IBM
2025-12-02,9:36:03.490697749,T,308.27,40,308.97,160,IBM
2025-12-02,9:36:03.537930168,T,308.27,40,308.97,200,IBM
2025-12-02,9:36:03.560985061,T,308.27,40,308.97,80,IBM
2025-12-02,9:36:03.633352399,T,308.05,40,308.97,80,IBM
2025-12-02,9:36:03.870802721,T,308.05,40,308.97,200,IBM
2025-12-02,9:36:04.144273765,T,308.05,40,308.89,120,IBM
2025-12-02,9:36:05.143843241,T,308.05,40,308.97,40,IBM
2025-12-02,9:36:05.499083968,T,308.05,40,308.89,120,IBM
2025-12-02,9:36:05.643247164,T,308.05,40,308.97,40,IBM
2025-12-02,9:36:06.217925188,T,308.05,40,308.89,120,IBM
2025-12-02,9:36:06.680060440,T,308.05,40,308.97,40,IBM
2025-12-02,9:36:07.363532776,T,308.05,40,308.89,120,IBM
2025-12-02,9:36:07.417255676,T,308.05,40,308.97,40,IBM
2025-12-02,9:36:07.902134825,T,308.05,40,308.89,120,IBM
2025-12-02,9:36:09.545005795,T,308.05,40,308.97,40,IBM
2025-12-02,9:36:10.301957956,T,308.05,40,308.89,40,IBM
2025-12-02,9:36:12.742071909,T,308.05,40,308.89,160,IBM
2025-12-02,9:36:14.250332611,T,308.05,40,308.89,40,IBM
2025-12-02,9:36:14.317191777,T,308.05,40,308.8,40,IBM
2025-12-02,9:36:14.327125544,T,308.05,40,308.97,40,IBM
2025-12-02,9:36:14.327150503,T,308.28,40,308.97,40,IBM
2025-12-02,9:36:14.327160590,T,308.53,40,308.97,40,IBM
2025-12-02,9:36:14.327466262,T,308.53,40,309.12,160,IBM
2025-12-02,9:36:14.327496397,T,308.53,40,309.15,40,IBM
2025-12-02,9:36:14.328167904,T,308.53,40,309.11,40,IBM
2025-12-02,9:36:14.329476126,T,308.53,80,309.11,40,IBM
2025-12-02,9:36:14.329501158,T,308.6,40,309.11,40,IBM
2025-12-02,9:36:14.329852010,T,308.6,40,309.15,40,IBM
2025-12-02,9:36:14.329887077,T,308.54,40,309.15,40,IBM
2025-12-02,9:36:14.334723594,T,308.28,80,309.15,40,IBM
2025-12-02,9:36:14.334753661,T,308.28,80,309.15,80,IBM
2025-12-02,9:36:14.334788755,T,308.28,80,308.98,40,IBM
2025-12-02,9:36:14.334828797,T,308.28,80,309.15,80,IBM
2025-12-02,9:36:14.334903970,T,308.28,80,309.15,40,IBM
2025-12-02,9:36:14.337730822,T,308.28,40,309.15,40,IBM
2025-12-02,9:36:14.346436495,T,308.28,40,308.98,40,IBM
2025-12-02,9:36:14.427419228,T,308.27,40,308.98,40,IBM
2025-12-02,9:36:14.428156021,T,308.27,40,308.95,40,IBM
2025-12-02,9:36:14.429824987,T,308.05,40,308.95,40,IBM
2025-12-02,9:36:14.528319687,T,308.05,40,308.88,120,IBM
2025-12-02,9:36:15.377821760,T,308.05,40,308.8,120,IBM
2025-12-02,9:36:15.377826872,T,308.09,40,308.8,120,IBM
2025-12-02,9:36:15.378142617,T,308.05,80,308.8,120,IBM
2025-12-02,9:36:15.378257795,T,308.05,120,308.8,120,IBM
2025-12-02,9:36:15.378458302,T,308.05,160,308.8,120,IBM
2025-12-02,9:36:15.379275286,T,308.05,160,308.8,160,IBM
2025-12-02,9:36:15.393679572,T,308.05,160,308.79,40,IBM
2025-12-02,9:36:15.394230861,T,308.05,120,308.79,40,IBM
2025-12-02,9:36:15.394240947,T,308.05,80,308.79,40,IBM
2025-12-02,9:36:15.678161774,T,308.05,80,308.79,160,IBM
2025-12-02,9:36:15.678758172,T,308.05,120,308.79,160,IBM
2025-12-02,9:36:15.678768239,T,308.05,160,308.79,160,IBM
2025-12-02,9:36:15.888467337,T,308.05,160,308.79,40,IBM
2025-12-02,9:36:15.889018643,T,308.05,120,308.79,40,IBM
2025-12-02,9:36:15.889028734,T,308.05,80,308.79,40,IBM
2025-12-02,9:36:16.287136448,T,308.05,80,308.79,160,IBM
2025-12-02,9:36:16.774105702,T,308.05,80,308.79,200,IBM
2025-12-02,9:36:17.420865442,T,308.05,40,308.79,200,IBM
2025-12-02,9:36:19.210541113,T,308.05,80,308.79,200,IBM
2025-12-02,9:36:19.250411001,T,308.05,40,308.79,200,IBM
2025-12-02,9:36:21.850726380,T,308.05,80,308.79,200,IBM
2025-12-02,9:36:21.850821569,T,308.36,40,308.79,200,IBM
2025-12-02,9:36:21.851397895,T,308.36,80,308.79,200,IBM
2025-12-02,9:36:23.688150556,T,308.36,120,308.79,200,IBM
2025-12-02,9:36:23.688215681,T,308.36,80,308.79,200,IBM
2025-12-02,9:36:23.688671938,T,308.36,40,308.79,200,IBM
2025-12-02,9:36:23.688671938,T,308.51,40,308.79,200,IBM
2025-12-02,9:36:23.688681791,T,308.51,40,308.79,160,IBM
2025-12-02,9:36:23.688706919,T,308.51,40,308.79,120,IBM
2025-12-02,9:36:23.688706919,T,308.51,40,309.08,40,IBM
2025-12-02,9:36:23.688706919,T,308.51,40,309.15,80,IBM
2025-12-02,9:36:23.688731964,T,308.65,40,309.15,80,IBM
2025-12-02,9:36:23.688807167,T,308.65,40,309.15,40,IBM
2025-12-02,9:36:23.689173393,T,308.65,80,309.15,40,IBM
2025-12-02,9:36:23.689538843,T,308.65,40,309.15,40,IBM
2025-12-02,9:36:23.698354869,T,308.52,40,309.15,40,IBM
2025-12-02,9:36:23.699161789,T,308.65,40,309.15,40,IBM
2025-12-02,9:36:23.699262069,T,308.72,80,309.15,40,IBM
2025-12-02,9:36:23.699327147,T,308.65,40,309.15,40,IBM
2025-12-02,9:36:23.699352293,T,308.65,40,308.84,40,IBM
2025-12-02,9:36:23.699362243,T,308.52,40,308.84,40,IBM
2025-12-02,9:36:23.699387292,T,308.52,40,308.95,40,IBM
2025-12-02,9:36:23.699402514,T,308.52,40,309.15,40,IBM
2025-12-02,9:36:23.699407370,T,308.65,40,309.15,40,IBM
2025-12-02,9:36:23.699422375,T,308.67,40,309.15,40,IBM
2025-12-02,9:36:23.699427367,T,308.72,40,309.15,40,IBM
2025-12-02,9:36:23.699562753,T,308.72,160,309.15,40,IBM
2025-12-02,9:36:23.700013783,T,308.72,200,309.15,40,IBM
2025-12-02,9:36:23.700013783,T,308.72,160,309.15,40,IBM
2025-12-02,9:36:24.698872200,T,308.72,120,309.15,40,IBM
2025-12-02,9:36:24.698872200,T,308.72,80,309.15,40,IBM
2025-12-02,9:36:24.698872200,T,308.52,40,309.15,40,IBM
2025-12-02,9:36:24.698876688,T,308.36,40,309.15,40,IBM
2025-12-02,9:36:24.698896812,T,308.36,40,308.72,80,IBM
2025-12-02,9:36:24.698926773,T,308.36,40,309.15,40,IBM
2025-12-02,9:36:24.698986890,T,308.31,40,309.15,40,IBM
2025-12-02,9:36:24.699503074,T,308.36,120,309.15,40,IBM
2025-12-02,9:36:25.000634989,T,308.72,80,309.15,40,IBM
2025-12-02,9:36:25.698893232,T,308.72,40,309.15,40,IBM
2025-12-02,9:36:25.698907398,T,308.2,40,309.15,40,IBM
2025-12-02,9:36:25.699348508,T,308.31,200,309.15,40,IBM
2025-12-02,9:36:25.699463759,T,308.31,240,309.15,40,IBM
2025-12-02,9:36:25.699478946,T,308.31,200,309.15,40,IBM
2025-12-02,9:36:25.699483775,T,308.2,80,309.15,40,IBM
2025-12-02,9:36:25.699483775,T,308.31,40,309.15,40,IBM
2025-12-02,9:36:25.699508920,T,308.79,200,309.15,40,IBM
2025-12-02,9:36:25.699533988,T,308.2,80,309.15,40,IBM
2025-12-02,9:36:25.699544001,T,308.31,40,309.15,40,IBM
2025-12-02,9:36:25.699579042,T,308.2,80,309.15,40,IBM
2025-12-02,9:36:25.699644158,T,308.2,80,309.15,80,IBM
2025-12-02,9:36:25.699719433,T,308.2,80,309.15,40,IBM
2025-12-02,9:36:25.699739390,T,308.66,40,309.15,40,IBM
2025-12-02,9:36:25.699804567,T,308.66,80,309.15,40,IBM
2025-12-02,9:36:25.699869707,T,308.72,40,309.15,40,IBM
2025-12-02,9:36:25.700075287,T,308.66,80,309.15,40,IBM
2025-12-02,9:36:25.700075287,T,308.72,40,309.15,40,IBM
2025-12-02,9:36:25.904557090,T,308.72,40,308.92,120,IBM
2025-12-02,9:36:25.955814106,T,308.72,40,309.15,40,IBM
2025-12-02,9:36:26.902312291,T,308.72,40,308.92,120,IBM
2025-12-02,9:36:27.058499138,T,308.72,40,309.15,40,IBM
2025-12-02,9:36:30.817598267,T,308.72,40,308.92,120,IBM
2025-12-02,9:36:30.984625888,T,308.72,40,309.15,40,IBM
2025-12-02,9:36:31.664795130,T,308.72,80,309.15,40,IBM
2025-12-02,9:36:31.664815286,T,308.72,40,309.15,40,IBM
2025-12-02,9:36:31.664815286,T,308.73,40,309.15,40,IBM
2025-12-02,9:36:31.664835255,T,308.82,40,309.15,40,IBM
2025-12-02,9:36:31.665326468,T,308.83,40,309.15,40,IBM
2025-12-02,9:36:31.665356575,T,308.83,80,309.15,40,IBM
2025-12-02,9:36:31.665361830,T,308.85,40,309.15,40,IBM
2025-12-02,9:36:31.665416627,T,308.86,40,309.15,40,IBM
2025-12-02,9:36:31.665426739,T,308.85,40,309.15,40,IBM
2025-12-02,9:36:31.673155147,T,308.83,40,309.15,40,IBM
2025-12-02,9:36:31.673180180,T,308.82,40,309.15,40,IBM
2025-12-02,9:36:32.258192857,T,308.82,40,309.15,160,IBM
2025-12-02,9:36:32.545567000,T,308.82,40,309.15,40,IBM
2025-12-02,9:36:33.417733330,T,308.82,40,309.15,160,IBM
2025-12-02,9:36:33.417758348,T,308.82,40,309.15,120,IBM
2025-12-02,9:36:33.417763319,T,308.82,40,309.25,480,IBM
2025-12-02,9:36:33.417768343,T,308.82,40,309.15,40,IBM
2025-12-02,9:36:33.417783629,T,309.14,80,309.15,40,IBM
2025-12-02,9:36:33.417783629,T,309.14,80,309.25,520,IBM
2025-12-02,9:36:33.417793452,T,309.14,80,309.15,40,IBM
2025-12-02,9:36:33.417803409,T,309.14,80,309.25,520,IBM
2025-12-02,9:36:33.417803409,T,309.14,80,309.25,480,IBM
2025-12-02,9:36:33.417808436,T,309.0,40,309.25,480,IBM
2025-12-02,9:36:33.417808436,T,308.86,40,309.25,480,IBM
2025-12-02,9:36:33.417813477,T,308.86,40,309.15,40,IBM
2025-12-02,9:36:33.417818802,T,308.86,40,309.25,480,IBM
2025-12-02,9:36:33.417828476,T,308.86,40,309.15,40,IBM
2025-12-02,9:36:33.417828476,T,308.85,40,309.15,40,IBM
2025-12-02,9:36:33.417833481,T,308.85,40,309.25,520,IBM
2025-12-02,9:36:33.417843706,T,309.14,40,309.25,520,IBM
2025-12-02,9:36:33.417848623,T,309.14,40,309.25,480,IBM
2025-12-02,9:36:33.417903654,T,308.85,40,309.25,480,IBM
2025-12-02,9:36:33.417923764,T,308.85,40,309.25,520,IBM
2025-12-02,9:36:33.417933774,T,308.86,40,309.25,520,IBM
2025-12-02,9:36:33.417954100,T,308.86,40,309.25,480,IBM
2025-12-02,9:36:33.417963808,T,308.91,40,309.25,480,IBM
2025-12-02,9:36:33.418249521,T,308.91,40,309.14,80,IBM
2025-12-02,9:36:33.418615395,T,308.86,40,309.14,80,IBM
2025-12-02,9:36:33.518618435,T,308.85,40,309.14,80,IBM
2025-12-02,9:36:33.803190998,T,308.85,40,309.25,480,IBM
2025-12-02,9:36:33.803200844,T,308.86,40,309.25,480,IBM
2025-12-02,9:36:33.803216001,T,309.02,40,309.25,480,IBM
2025-12-02,9:36:38.009404441,T,308.42,40,309.25,480,IBM
2025-12-02,9:36:40.062271691,T,308.42,40,309.25,400,IBM
2025-12-02,9:36:40.062291599,T,308.42,40,309.6,160,IBM
2025-12-02,9:36:40.062316605,T,309.25,80,309.6,160,IBM
2025-12-02,9:36:40.062391839,T,309.13,40,309.6,160,IBM
2025-12-02,9:36:40.062411807,T,308.97,40,309.6,160,IBM
2025-12-02,9:36:40.062411807,T,308.97,40,309.53,40,IBM
2025-12-02,9:36:40.062446984,T,309.03,40,309.53,40,IBM
2025-12-02,9:36:40.063083504,T,309.03,40,309.52,40,IBM
2025-12-02,9:36:40.162354817,T,308.97,40,309.52,40,IBM
2025-12-02,9:36:40.162444999,T,308.97,40,309.66,40,IBM
2025-12-02,9:36:42.482267868,T,308.64,40,309.66,40,IBM
2025-12-02,9:36:42.482658840,T,308.97,40,309.66,40,IBM
2025-12-02,9:36:42.485069596,T,308.64,40,309.66,40,IBM
2025-12-02,9:36:45.515358588,T,308.64,40,309.82,200,IBM
2025-12-02,9:36:48.253767869,T,308.64,40,309.4,120,IBM
2025-12-02,9:36:48.253808008,T,308.59,200,309.4,120,IBM
2025-12-02,9:36:48.322381169,T,308.59,200,309.82,200,IBM
2025-12-02,9:36:49.460821396,T,308.59,200,309.75,40,IBM
2025-12-02,9:36:52.544923542,T,308.64,40,309.75,40,IBM
2025-12-02,9:36:52.549143569,T,308.59,200,309.75,40,IBM
2025-12-02,9:36:52.557603757,T,308.64,40,309.75,40,IBM
2025-12-02,9:36:53.604646652,T,308.97,40,309.75,40,IBM
2025-12-02,9:36:53.604646652,T,308.97,40,309.82,200,IBM
2025-12-02,9:36:53.604676389,T,308.97,40,309.82,160,IBM
2025-12-02,9:36:53.604681450,T,308.97,40,309.82,200,IBM
2025-12-02,9:36:53.604706462,T,309.0,40,309.82,200,IBM
2025-12-02,9:36:53.605859208,T,309.0,40,309.75,40,IBM
2025-12-02,9:36:53.612600331,T,309.0,40,309.82,200,IBM
2025-12-02,9:36:54.736771460,T,308.97,40,309.82,200,IBM
2025-12-02,9:36:57.812343365,T,308.75,40,309.82,200,IBM
2025-12-02,9:36:57.834646498,T,308.64,40,309.82,200,IBM
2025-12-02,9:37:00.100054473,T,308.64,40,309.4,120,IBM
2025-12-02,9:37:00.243205165,T,308.64,40,309.82,200,IBM
2025-12-02,9:37:00.598455903,T,308.64,40,309.4,120,IBM
2025-12-02,9:37:00.697361476,T,308.64,40,309.82,200,IBM
2025-12-02,9:37:01.292378067,T,308.64,40,309.4,120,IBM
2025-12-02,9:37:01.548242220,T,308.64,40,309.37,120,IBM
2025-12-02,9:37:01.714713553,T,308.64,40,309.82,200,IBM
2025-12-02,9:37:04.266047489,T,308.64,40,309.37,120,IBM
2025-12-02,9:37:04.311515700,T,308.64,40,309.82,200,IBM
2025-12-02,9:37:04.578190624,T,308.64,40,309.37,120,IBM
2025-12-02,9:37:11.240160006,T,308.64,40,309.82,200,IBM
2025-12-02,9:37:12.416550605,T,308.64,40,309.82,160,IBM
2025-12-02,9:37:12.420324519,T,309.01,40,309.82,160,IBM
2025-12-02,9:37:12.420359655,T,308.97,40,309.82,160,IBM
2025-12-02,9:37:12.420359655,T,309.18,40,309.82,160,IBM
2025-12-02,9:37:12.421051280,T,309.18,80,309.82,160,IBM
2025-12-02,9:37:12.421367032,T,309.18,40,309.82,160,IBM
2025-12-02,9:37:12.470990189,T,309.24,40,309.82,160,IBM
2025-12-02,9:37:12.472073023,T,309.0,40,309.82,160,IBM
2025-12-02,9:37:12.472077839,T,309.34,40,309.82,160,IBM
2025-12-02,9:37:12.475270390,T,309.24,40,309.82,160,IBM
2025-12-02,9:37:12.475390645,T,309.34,40,309.82,160,IBM
2025-12-02,9:37:12.480532967,T,309.34,40,310.0,80,IBM
2025-12-02,9:37:12.485715269,T,309.34,80,310.0,80,IBM
2025-12-02,9:37:12.505352042,T,309.34,80,310.0,40,IBM
2025-12-02,9:37:12.509181129,T,309.34,40,310.0,40,IBM
2025-12-02,9:37:12.552569387,T,308.86,40,310.0,40,IBM
2025-12-02,9:37:12.725897003,T,308.97,40,310.0,40,IBM
2025-12-02,9:37:12.737374375,T,309.34,40,310.0,40,IBM
2025-12-02,9:37:12.972699523,T,308.97,40,310.0,40,IBM
2025-12-02,9:37:13.528748280,T,308.83,160,310.0,40,IBM
2025-12-02,9:37:13.528788328,T,308.97,40,310.0,40,IBM
2025-12-02,9:37:15.052340381,T,308.97,40,309.86,40,IBM
2025-12-02,9:37:15.052365492,T,308.97,40,310.0,80,IBM
2025-12-02,9:37:17.174863353,T,308.97,40,309.67,120,IBM
2025-12-02,9:37:17.887439838,T,308.97,40,310.0,80,IBM
2025-12-02,9:37:20.855861361,T,308.97,40,309.67,120,IBM
2025-12-02,9:37:20.950225970,T,308.97,40,310.0,80,IBM
2025-12-02,9:37:21.639737581,T,309.0,40,310.0,80,IBM
2025-12-02,9:37:22.388129356,T,309.0,40,309.67,120,IBM
2025-12-02,9:37:22.477451920,T,309.0,40,310.0,80,IBM
2025-12-02,9:37:23.247921137,T,309.0,40,309.72,120,IBM
2025-12-02,9:37:23.904012963,T,309.0,40,310.0,80,IBM
2025-12-02,9:37:25.210187534,T,309.0,40,309.72,120,IBM
2025-12-02,9:37:25.347619827,T,309.0,40,310.0,80,IBM
2025-12-02,9:37:25.607714016,T,309.0,40,310.0,40,IBM
2025-12-02,9:37:26.438837504,T,309.0,40,309.72,120,IBM
2025-12-02,9:37:26.439193271,T,309.35,40,309.72,120,IBM
2025-12-02,9:37:26.439388798,T,309.35,40,310.0,40,IBM
2025-12-02,9:37:26.439433830,T,309.53,40,310.0,40,IBM
2025-12-02,9:37:27.301180346,T,309.53,80,310.0,40,IBM
2025-12-02,9:37:27.956580678,T,309.53,40,310.0,40,IBM
2025-12-02,9:37:28.904271583,T,309.53,40,309.86,120,IBM
2025-12-02,9:37:28.904296727,T,309.35,80,309.86,120,IBM
2025-12-02,9:37:29.014789688,T,309.36,40,309.86,120,IBM
2025-12-02,9:37:29.014854834,T,309.55,40,309.86,120,IBM
2025-12-02,9:37:29.019310492,T,309.36,40,309.86,120,IBM
2025-12-02,9:37:29.278507562,T,309.19,40,309.86,120,IBM
2025-12-02,9:37:30.135557871,T,309.19,40,310.0,40,IBM
2025-12-02,9:37:35.205708096,T,309.19,40,309.86,120,IBM
2025-12-02,9:37:35.461762547,T,309.19,40,310.0,40,IBM
2025-12-02,9:37:35.903138336,T,309.19,40,309.75,120,IBM
2025-12-02,9:37:36.067705055,T,309.19,40,310.0,40,IBM
2025-12-02,9:37:36.849275624,T,309.19,40,309.75,120,IBM
2025-12-02,9:37:37.018673916,T,309.19,40,310.0,40,IBM
2025-12-02,9:37:37.359740796,T,309.19,40,309.75,120,IBM
2025-12-02,9:37:37.827208664,T,309.19,40,309.65,120,IBM
2025-12-02,9:37:37.827294056,T,309.19,40,309.86,40,IBM
2025-12-02,9:37:37.827298959,T,309.19,40,310.0,80,IBM
2025-12-02,9:37:37.827338987,T,309.48,40,310.0,80,IBM
2025-12-02,9:37:37.827349073,T,309.53,40,310.0,80,IBM
2025-12-02,9:37:37.827359325,T,309.56,40,310.0,80,IBM
2025-12-02,9:37:37.827369362,T,309.53,40,310.0,80,IBM
2025-12-02,9:37:37.827369362,T,309.48,40,310.0,80,IBM
2025-12-02,9:37:37.827374136,T,309.56,40,310.0,80,IBM
2025-12-02,9:37:37.827379143,T,309.56,80,310.0,80,IBM
2025-12-02,9:37:37.827389101,T,309.56,40,310.0,80,IBM
2025-12-02,9:37:37.827394291,T,309.59,40,310.0,80,IBM
2025-12-02,9:37:37.827489426,T,309.58,40,310.0,80,IBM
2025-12-02,9:37:37.827509399,T,309.56,80,310.0,80,IBM
2025-12-02,9:37:37.827599648,T,309.59,280,310.0,80,IBM
2025-12-02,9:37:37.827684819,T,309.59,280,310.0,40,IBM
2025-12-02,9:37:37.827745005,T,309.59,240,310.0,40,IBM
2025-12-02,9:37:37.827745005,T,309.59,40,310.0,40,IBM
2025-12-02,9:37:38.066924440,T,309.58,40,310.0,40,IBM
2025-12-02,9:37:38.067124937,T,309.48,40,310.0,40,IBM
2025-12-02,9:37:38.067154940,T,309.48,40,310.0,80,IBM
2025-12-02,9:37:38.067154940,T,309.48,40,309.73,40,IBM
2025-12-02,9:37:38.067165006,T,309.19,40,309.73,40,IBM
2025-12-02,9:37:38.067836636,T,309.08,40,309.73,40,IBM
2025-12-02,9:37:38.069229855,T,309.08,40,309.86,40,IBM
2025-12-02,9:37:38.069244956,T,309.19,40,309.86,40,IBM
2025-12-02,9:37:38.069290405,T,309.19,40,310.0,80,IBM
2025-12-02,9:37:38.069345234,T,309.48,40,310.0,80,IBM
2025-12-02,9:37:38.069746094,T,309.19,40,310.0,80,IBM
2025-12-02,9:37:38.088882065,T,309.08,40,310.0,80,IBM
2025-12-02,9:37:38.088911738,T,309.08,40,309.85,40,IBM
2025-12-02,9:37:38.088916832,T,309.08,40,309.7,40,IBM
2025-12-02,9:37:38.092179566,T,309.19,40,309.7,40,IBM
2025-12-02,9:37:38.092204597,T,309.19,40,309.85,40,IBM
2025-12-02,9:37:38.095833276,T,309.08,40,309.85,40,IBM
2025-12-02,9:37:38.167163049,T,309.08,40,309.86,40,IBM
2025-12-02,9:37:38.189295817,T,309.08,40,310.0,80,IBM
2025-12-02,9:37:38.591107516,T,309.08,40,309.86,40,IBM
2025-12-02,9:37:38.591182698,T,309.08,40,309.67,40,IBM
2025-12-02,9:37:38.591508454,T,309.19,200,309.67,40,IBM
2025-12-02,9:37:38.597943725,T,309.19,200,310.0,80,IBM
2025-12-02,9:37:38.691261083,T,309.19,200,310.0,40,IBM
2025-12-02,9:37:39.248938498,T,309.04,200,310.0,40,IBM
2025-12-02,9:37:39.248963495,T,309.41,200,310.0,40,IBM
2025-12-02,9:37:39.249374538,T,309.43,240,310.0,40,IBM
2025-12-02,9:37:39.249419594,T,309.43,440,310.0,40,IBM
2025-12-02,9:37:39.899998337,T,309.43,440,309.75,120,IBM
2025-12-02,9:37:40.249009249,T,309.43,360,309.75,120,IBM
2025-12-02,9:37:40.249059337,T,309.43,320,309.75,120,IBM
2025-12-02,9:37:40.362138536,T,309.43,200,309.75,120,IBM
2025-12-02,9:37:40.362138536,T,309.04,160,309.75,120,IBM
2025-12-02,9:37:40.362143484,T,309.44,120,309.75,120,IBM
2025-12-02,9:37:40.362163543,T,309.44,320,309.75,120,IBM
2025-12-02,9:37:40.499675895,T,309.44,320,309.7,120,IBM
2025-12-02,9:37:40.499700958,T,309.44,320,309.75,120,IBM
2025-12-02,9:37:40.499726088,T,309.44,120,309.75,120,IBM
2025-12-02,9:37:40.499731185,T,309.44,160,309.75,120,IBM
2025-12-02,9:37:40.499741146,T,309.57,40,309.75,120,IBM
2025-12-02,9:37:40.499746149,T,309.7,200,309.75,120,IBM
2025-12-02,9:37:40.499776631,T,309.7,200,309.75,40,IBM
2025-12-02,9:37:40.499791232,T,309.7,320,309.75,40,IBM
2025-12-02,9:37:40.499801197,T,309.7,320,310.0,40,IBM
2025-12-02,9:37:40.499816310,T,309.7,120,310.0,40,IBM
2025-12-02,9:37:40.499846334,T,309.75,200,310.0,40,IBM
2025-12-02,9:37:40.499866431,T,309.75,320,310.0,40,IBM
2025-12-02,9:37:40.499956603,T,309.75,240,310.0,40,IBM
2025-12-02,9:37:40.500177154,T,309.75,120,310.0,40,IBM
2025-12-02,9:37:40.500177154,T,309.57,40,310.0,40,IBM
2025-12-02,9:37:40.500197163,T,309.19,40,310.0,40,IBM
2025-12-02,9:37:40.500307641,T,309.19,40,309.75,40,IBM
2025-12-02,9:37:40.500693373,T,309.19,40,310.0,80,IBM
2025-12-02,9:37:40.599739182,T,309.08,40,310.0,80,IBM
2025-12-02,9:37:40.600225323,T,309.45,40,310.0,80,IBM
2025-12-02,9:37:40.969068832,T,309.08,40,310.0,80,IBM
2025-12-02,9:37:41.287200672,T,309.08,40,310.0,40,IBM
2025-12-02,9:37:42.373080894,T,309.19,40,310.0,40,IBM
2025-12-02,9:37:42.373080894,T,309.46,40,310.0,40,IBM
2025-12-02,9:37:42.376428841,T,309.46,80,310.0,40,IBM
2025-12-02,9:37:42.378228077,T,309.46,80,309.87,40,IBM
2025-12-02,9:37:42.389625365,T,309.46,40,309.87,40,IBM
2025-12-02,9:37:42.610065080,T,309.08,40,309.87,40,IBM
2025-12-02,9:37:43.589887783,T,309.08,40,309.86,120,IBM
2025-12-02,9:37:43.691133815,T,309.08,40,309.87,40,IBM
2025-12-02,9:37:44.190933595,T,309.08,40,309.86,120,IBM
2025-12-02,9:37:45.362111807,T,309.08,40,309.87,40,IBM
2025-12-02,9:37:45.726108428,T,309.08,40,309.86,120,IBM
2025-12-02,9:37:46.250572007,T,309.08,40,309.86,160,IBM
2025-12-02,9:37:46.328988649,T,309.08,40,309.86,120,IBM
2025-12-02,9:37:50.686692735,T,309.08,40,309.86,160,IBM
2025-12-02,9:37:52.794736018,T,309.08,40,309.86,120,IBM
2025-12-02,9:37:52.888368890,T,309.08,40,310.0,40,IBM
2025-12-02,9:37:53.452516998,T,309.08,40,309.86,120,IBM
2025-12-02,9:37:54.751018270,T,309.08,40,310.0,40,IBM
2025-12-02,9:37:55.004301216,T,309.08,40,309.86,120,IBM
2025-12-02,9:37:55.500071403,T,309.08,40,310.0,40,IBM
2025-12-02,9:37:56.170823188,T,309.08,40,309.86,120,IBM
2025-12-02,9:37:56.747826896,T,309.08,40,310.0,40,IBM
2025-12-02,9:37:57.011835452,T,309.08,40,309.86,120,IBM
2025-12-02,9:37:58.246213983,T,309.08,40,310.0,40,IBM
2025-12-02,9:37:58.563263681,T,309.08,40,309.86,120,IBM
2025-12-02,9:37:59.380253655,T,309.08,40,310.0,40,IBM
2025-12-02,9:38:01.484402831,T,309.08,40,309.86,40,IBM
2025-12-02,9:38:01.529209511,T,309.08,40,310.0,40,IBM
2025-12-02,9:38:01.901079780,T,309.08,40,309.86,120,IBM
2025-12-02,9:38:02.222630244,T,309.08,40,309.76,120,IBM
2025-12-02,9:38:02.310218781,T,309.08,40,310.0,40,IBM
2025-12-02,9:38:02.642364567,T,309.08,40,309.76,120,IBM
2025-12-02,9:38:02.747169100,T,309.08,40,310.0,40,IBM
2025-12-02,9:38:03.267252304,T,309.08,40,309.76,120,IBM
2025-12-02,9:38:03.524925739,T,309.08,40,310.0,40,IBM
2025-12-02,9:38:05.076925214,T,309.08,40,309.76,120,IBM
2025-12-02,9:38:05.347108427,T,309.08,40,310.0,40,IBM
2025-12-02,9:38:05.761194247,T,309.08,40,309.76,120,IBM
2025-12-02,9:38:06.316160437,T,309.08,40,310.0,40,IBM
2025-12-02,9:38:11.616368513,T,309.19,40,310.0,40,IBM
2025-12-02,9:38:11.616373429,T,309.61,40,310.0,40,IBM
2025-12-02,9:38:12.521051976,T,309.61,80,310.0,40,IBM
2025-12-02,9:38:15.822556583,T,309.61,40,310.0,40,IBM
2025-12-02,9:38:17.751253088,T,309.61,40,309.8,40,IBM
2025-12-02,9:38:17.801562970,T,309.61,40,310.0,40,IBM
2025-12-02,9:38:26.376311190,T,309.62,40,310.0,40,IBM
2025-12-02,9:38:26.376897558,T,309.7,40,310.0,40,IBM
2025-12-02,9:38:26.376932644,T,309.73,40,310.0,40,IBM
2025-12-02,9:38:26.400253225,T,309.61,40,310.0,40,IBM
2025-12-02,9:38:26.400253225,T,309.87,40,310.0,40,IBM
2025-12-02,9:38:26.400584004,T,309.61,40,310.0,40,IBM
2025-12-02,9:38:27.214942620,T,309.64,40,310.0,40,IBM
2025-12-02,9:38:27.215218291,T,309.64,40,309.93,40,IBM
2025-12-02,9:38:27.240292890,T,309.64,40,309.92,40,IBM
2025-12-02,9:38:27.363671696,T,309.64,40,309.92,160,IBM
2025-12-02,9:38:27.363962311,T,309.61,40,309.92,160,IBM
2025-12-02,9:38:27.435337305,T,309.61,40,309.92,40,IBM
2025-12-02,9:38:27.934455564,T,309.61,40,309.91,40,IBM
2025-12-02,9:38:30.156911471,T,309.61,40,310.0,40,IBM
2025-12-02,9:38:31.360441640,T,309.73,40,310.0,40,IBM
2025-12-02,9:38:31.360997942,T,309.73,80,310.0,40,IBM
2025-12-02,9:38:32.148402431,T,309.73,40,310.0,40,IBM
2025-12-02,9:38:32.148948742,T,309.63,40,310.0,40,IBM
2025-12-02,9:38:36.559714071,T,309.73,40,310.0,40,IBM
2025-12-02,9:38:37.036168358,T,309.63,40,310.0,40,IBM
2025-12-02,9:38:37.043661244,T,309.77,40,310.0,40,IBM
2025-12-02,9:38:37.044553360,T,309.63,40,310.0,40,IBM
2025-12-02,9:38:37.095434474,T,309.77,40,310.0,40,IBM
2025-12-02,9:38:37.114670235,T,309.77,40,310.41,160,IBM
2025-12-02,9:38:37.114695297,T,309.88,40,310.41,160,IBM
2025-12-02,9:38:37.115296878,T,309.88,80,310.41,160,IBM
2025-12-02,9:38:37.116569761,T,309.96,40,310.41,160,IBM
2025-12-02,9:38:37.118920360,T,309.88,80,310.41,160,IBM
2025-12-02,9:38:37.132963825,T,309.88,40,310.41,160,IBM
2025-12-02,9:38:37.181253745,T,309.88,40,310.74,40,IBM
2025-12-02,9:38:37.342487634,T,309.88,40,310.6,160,IBM
2025-12-02,9:38:38.052257296,T,309.88,40,310.6,200,IBM
2025-12-02,9:38:38.116440030,T,309.88,40,310.56,40,IBM
2025-12-02,9:38:38.116465137,T,309.85,40,310.56,40,IBM
2025-12-02,9:38:39.151148243,T,309.85,80,310.56,40,IBM
2025-12-02,9:38:58.711844949,T,309.85,80,310.6,200,IBM
2025-12-02,9:38:59.491200219,T,309.85,80,310.56,40,IBM
2025-12-02,9:38:59.492192676,T,309.85,80,310.6,200,IBM
2025-12-02,9:38:59.695606870,T,310.18,40,310.6,200,IBM
2025-12-02,9:38:59.695647016,T,310.18,40,310.6,160,IBM
2025-12-02,9:38:59.695992826,T,309.85,80,310.6,160,IBM
2025-12-02,9:38:59.696353695,T,309.85,80,310.74,40,IBM
2025-12-02,9:38:59.955235055,T,309.85,80,310.72,40,IBM
2025-12-02,9:38:59.955235055,T,309.85,80,310.29,40,IBM
2025-12-02,9:38:59.955260113,T,309.85,80,310.64,40,IBM
2025-12-02,9:38:59.955260113,T,309.85,80,310.29,40,IBM
2025-12-02,9:38:59.955265030,T,309.85,80,310.4,40,IBM
2025-12-02,9:38:59.955625911,T,309.85,80,310.28,80,IBM
2025-12-02,9:38:59.962838180,T,309.85,80,310.29,40,IBM
2025-12-02,9:39:00.527657826,T,309.85,80,310.23,120,IBM
2025-12-02,9:39:00.578338538,T,309.85,80,310.72,40,IBM
2025-12-02,9:39:00.578398562,T,309.85,80,310.74,40,IBM
2025-12-02,9:39:02.919907547,T,309.85,80,310.72,40,IBM
2025-12-02,9:39:03.539477756,T,309.85,80,310.4,40,IBM
2025-12-02,9:39:03.660535941,T,309.85,80,310.39,40,IBM
2025-12-02,9:39:04.126590507,T,309.85,80,310.38,40,IBM
2025-12-02,9:39:04.126655674,T,309.85,120,310.38,40,IBM
2025-12-02,9:39:04.286360882,T,309.85,120,310.37,40,IBM
2025-12-02,9:39:04.293678219,T,309.85,120,310.36,40,IBM
2025-12-02,9:39:04.299025985,T,309.85,120,310.35,40,IBM
2025-12-02,9:39:05.787093454,T,309.85,80,310.35,40,IBM
2025-12-02,9:39:09.187433423,T,309.85,80,310.72,40,IBM
2025-12-02,9:39:09.663236107,T,309.85,80,310.74,40,IBM
2025-12-02,9:39:12.354933901,T,309.85,80,310.72,40,IBM
2025-12-02,9:39:16.770916593,T,309.85,80,310.74,40,IBM
2025-12-02,9:39:22.794606784,T,309.85,80,310.34,40,IBM
2025-12-02,9:39:30.241780635,T,309.85,80,310.34,80,IBM
2025-12-02,9:39:30.241981199,T,309.85,320,310.34,80,IBM
2025-12-02,9:39:30.242071364,T,309.85,360,310.34,80,IBM
2025-12-02,9:39:30.242306887,T,309.86,40,310.34,80,IBM
2025-12-02,9:39:30.242357085,T,309.86,320,310.34,80,IBM
2025-12-02,9:39:30.242898302,T,309.86,320,310.34,40,IBM
2025-12-02,9:39:30.243073781,T,309.86,280,310.34,40,IBM
2025-12-02,9:39:30.243409582,T,309.86,280,310.39,40,IBM
2025-12-02,9:39:30.256144863,T,309.86,320,310.39,40,IBM
2025-12-02,9:39:30.256706226,T,309.86,320,310.3,40,IBM
2025-12-02,9:39:31.806976662,T,309.86,280,310.3,40,IBM
2025-12-02,9:39:33.218416872,T,309.86,280,310.3,160,IBM
2025-12-02,9:39:33.325972917,T,309.86,280,310.3,40,IBM
2025-12-02,9:39:34.240951070,T,309.86,280,310.3,80,IBM
2025-12-02,9:39:35.239823835,T,309.85,80,310.3,80,IBM
2025-12-02,9:39:35.239843914,T,309.85,80,309.86,80,IBM
2025-12-02,9:39:35.239848959,T,309.85,40,309.86,80,IBM
2025-12-02,9:39:35.239848959,T,309.83,40,309.86,80,IBM
2025-12-02,9:39:35.239848959,T,309.82,40,309.86,80,IBM
2025-12-02,9:39:35.239919075,T,309.75,40,309.86,80,IBM
2025-12-02,9:39:35.239969261,T,309.61,160,309.86,80,IBM
2025-12-02,9:39:35.240184697,T,309.48,80,309.86,80,IBM
2025-12-02,9:39:35.240435345,T,309.48,80,310.08,40,IBM
2025-12-02,9:39:35.240455392,T,309.48,80,310.16,40,IBM
2025-12-02,9:39:35.240670924,T,309.48,80,310.24,40,IBM
2025-12-02,9:39:35.240866331,T,309.48,80,310.29,40,IBM
2025-12-02,9:39:35.244043897,T,309.48,80,310.3,40,IBM
2025-12-02,9:39:37.157359034,T,309.48,80,310.0,120,IBM
2025-12-02,9:39:39.038662711,T,309.48,80,309.99,120,IBM
2025-12-02,9:39:39.047167960,T,309.48,80,310.0,120,IBM
2025-12-02,9:39:39.051378023,T,309.48,80,309.74,40,IBM
2025-12-02,9:39:39.052550855,T,309.08,200,309.74,40,IBM
2025-12-02,9:39:39.054695859,T,309.08,200,309.74,80,IBM
2025-12-02,9:39:39.062023358,T,309.08,200,309.73,40,IBM
2025-12-02,9:39:40.466802465,T,309.08,200,309.6,1480,IBM
2025-12-02,9:39:40.467273606,T,309.08,200,309.6,560,IBM
2025-12-02,9:39:40.467278668,T,309.08,200,309.6,360,IBM
2025-12-02,9:39:40.467293757,T,309.08,200,309.6,320,IBM
2025-12-02,9:39:40.467308910,T,309.08,200,309.73,40,IBM
2025-12-02,9:39:40.467313666,T,309.08,200,309.59,40,IBM
2025-12-02,9:39:40.467313666,T,309.08,200,309.88,120,IBM
2025-12-02,9:39:40.467338781,T,309.19,40,309.88,120,IBM
2025-12-02,9:39:40.467353824,T,309.08,200,309.88,120,IBM
2025-12-02,9:39:40.467434025,T,309.08,200,309.75,120,IBM
2025-12-02,9:39:40.467599362,T,309.44,40,309.75,120,IBM
2025-12-02,9:39:40.518876437,T,309.44,40,309.88,120,IBM
2025-12-02,9:39:40.519006787,T,309.08,200,309.88,120,IBM
2025-12-02,9:39:43.373742684,T,309.08,200,309.87,120,IBM
2025-12-02,9:39:45.227776475,T,309.08,200,310.04,40,IBM
2025-12-02,9:39:45.228287587,T,309.08,200,309.87,80,IBM
2025-12-02,9:39:45.259436757,T,309.08,200,310.04,40,IBM
2025-12-02,9:39:45.259937986,T,309.08,200,309.87,40,IBM
2025-12-02,9:39:45.359374881,T,309.08,200,310.04,40,IBM
2025-12-02,9:39:46.081193244,T,309.44,80,310.04,40,IBM
2025-12-02,9:39:46.749298773,T,309.44,80,310.3,80,IBM
2025-12-02,9:39:47.437456917,T,309.08,200,310.3,80,IBM
2025-12-02,9:39:49.097574074,T,309.44,40,310.3,80,IBM
2025-12-02,9:39:49.559298235,T,309.08,200,310.3,80,IBM
2025-12-02,9:39:52.214368725,T,309.08,200,310.04,40,IBM
2025-12-02,9:39:55.783635926,T,309.08,200,310.3,80,IBM
2025-12-02,9:39:55.945877121,T,309.44,40,310.3,80,IBM
2025-12-02,9:39:55.988814476,T,309.44,40,310.3,40,IBM
2025-12-02,9:39:55.999715350,T,309.44,40,310.07,40,IBM
2025-12-02,9:39:59.540068499,T,309.19,40,310.07,40,IBM
2025-12-02,9:39:59.682131810,T,309.19,40,309.86,120,IBM
2025-12-02,9:39:59.883867079,T,309.19,40,310.07,40,IBM
2025-12-02,9:40:00.509531453,T,309.19,40,310.0,40,IBM
2025-12-02,9:40:01.401264335,T,309.19,40,310.16,160,IBM
2025-12-02,9:40:03.391016346,T,309.08,200,310.16,160,IBM
2025-12-02,9:40:03.391021322,T,309.08,200,310.14,40,IBM
2025-12-02,9:40:03.395321598,T,309.08,200,310.08,40,IBM
2025-12-02,9:40:03.419579330,T,309.08,200,310.16,160,IBM
2025-12-02,9:40:04.488729568,T,309.44,40,310.16,160,IBM
2025-12-02,9:40:04.642951742,T,309.44,120,310.16,160,IBM
2025-12-02,9:40:05.041635726,T,309.44,80,310.16,160,IBM
2025-12-02,9:40:08.121758296,T,309.44,80,309.55,80,IBM
2025-12-02,9:40:08.121793336,T,309.44,80,309.55,40,IBM
2025-12-02,9:40:08.121803418,T,309.44,80,310.16,160,IBM
2025-12-02,9:40:08.151619303,T,309.44,80,310.07,40,IBM
2025-12-02,9:40:09.764118002,T,309.08,200,310.07,40,IBM
2025-12-02,9:40:12.169819958,T,309.08,200,310.16,160,IBM
2025-12-02,9:40:19.543839941,T,309.08,200,310.0,40,IBM
2025-12-02,9:40:19.543849932,T,309.08,200,309.78,40,IBM
2025-12-02,9:40:19.543879659,T,309.08,200,309.65,40,IBM
2025-12-02,9:40:19.543994951,T,309.08,160,309.65,40,IBM
2025-12-02,9:40:19.545533728,T,309.08,160,309.65,80,IBM
2025-12-02,9:40:19.551593082,T,309.08,160,309.65,40,IBM
2025-12-02,9:40:19.553632864,T,309.08,160,309.85,40,IBM
2025-12-02,9:40:19.553657942,T,309.08,160,310.07,40,IBM
2025-12-02,9:40:19.644804910,T,309.08,160,310.14,40,IBM
2025-12-02,9:40:19.690032557,T,309.08,200,310.14,40,IBM
2025-12-02,9:40:19.719412476,T,309.08,160,310.14,40,IBM
2025-12-02,9:40:19.803206984,T,309.08,160,310.16,160,IBM
2025-12-02,9:40:20.672075583,T,309.08,160,310.14,40,IBM
2025-12-02,9:40:20.672145769,T,309.08,160,310.07,40,IBM
2025-12-02,9:40:20.672346221,T,309.08,160,310.04,40,IBM
2025-12-02,9:40:20.672391300,T,308.95,40,310.04,40,IBM
2025-12-02,9:40:20.681327690,T,308.95,40,310.07,40,IBM
2025-12-02,9:40:20.715884843,T,308.95,40,309.84,40,IBM
2025-12-02,9:40:21.764967389,T,308.95,40,309.68,40,IBM
2025-12-02,9:40:23.917321106,T,308.95,40,309.52,120,IBM
2025-12-02,9:40:23.967159804,T,308.95,40,309.52,160,IBM
2025-12-02,9:40:24.009315251,T,308.95,40,309.52,40,IBM
2025-12-02,9:40:24.541091384,T,308.95,40,309.52,160,IBM
2025-12-02,9:40:24.596949339,T,308.95,40,309.52,40,IBM
2025-12-02,9:40:24.887826747,T,308.95,40,309.52,160,IBM
2025-12-02,9:40:25.094669225,T,308.95,40,309.52,40,IBM
2025-12-02,9:40:25.109790186,T,308.95,40,309.51,40,IBM
2025-12-02,9:40:25.109915520,T,308.95,40,309.39,40,IBM
2025-12-02,9:40:25.110126036,T,308.95,40,309.26,40,IBM
2025-12-02,9:40:25.110436767,T,308.95,40,309.5,40,IBM
2025-12-02,9:40:25.110602166,T,308.95,40,309.41,40,IBM
2025-12-02,9:40:25.119969430,T,309.09,40,309.41,40,IBM
2025-12-02,9:40:25.130444364,T,309.09,80,309.41,40,IBM
2025-12-02,9:40:25.139405699,T,309.09,40,309.41,40,IBM
2025-12-02,9:40:25.162450793,T,309.09,40,309.51,40,IBM
2025-12-02,9:40:25.165923829,T,309.09,40,309.52,40,IBM
2025-12-02,9:40:25.176874894,T,309.09,40,309.68,40,IBM
2025-12-02,9:40:25.177536448,T,309.09,40,309.8,40,IBM
2025-12-02,9:40:25.472228050,T,309.09,80,309.8,40,IBM
2025-12-02,9:40:26.230944197,T,309.09,40,309.8,40,IBM
2025-12-02,9:40:26.231495454,T,308.95,40,309.8,40,IBM
2025-12-02,9:40:26.265050338,T,308.95,40,309.61,40,IBM
2025-12-02,9:40:28.250487141,T,308.95,40,309.6,40,IBM
2025-12-02,9:40:29.761839890,T,309.09,80,309.6,40,IBM
2025-12-02,9:40:29.762396242,T,309.09,120,309.6,40,IBM
2025-12-02,9:40:30.228510938,T,309.09,160,309.6,40,IBM
2025-12-02,9:40:30.228540950,T,309.1,40,309.6,40,IBM
2025-12-02,9:40:30.229844076,T,309.1,80,309.6,40,IBM
2025-12-02,9:40:30.562796681,T,309.1,40,309.6,40,IBM
2025-12-02,9:40:31.018431455,T,309.1,40,309.6,120,IBM
2025-12-02,9:40:31.765961192,T,309.1,120,309.6,120,IBM
2025-12-02,9:40:34.612176897,T,309.1,80,309.6,120,IBM
2025-12-02,9:40:37.252316999,T,309.1,120,309.6,120,IBM
2025-12-02,9:40:37.545249282,T,309.1,80,309.6,120,IBM
2025-12-02,9:40:45.058184773,T,309.1,80,309.5,40,IBM
2025-12-02,9:40:45.058265050,T,309.1,80,309.6,120,IBM
2025-12-02,9:40:47.036750129,T,309.1,80,309.6,40,IBM
2025-12-02,9:40:47.095369685,T,309.1,80,309.6,80,IBM
2025-12-02,9:40:47.095890857,T,309.1,80,309.6,120,IBM
2025-12-02,9:40:48.208775165,T,309.1,80,309.6,80,IBM
2025-12-02,9:40:48.755226019,T,309.11,40,309.6,80,IBM
2025-12-02,9:40:48.771890650,T,309.11,40,309.6,120,IBM
2025-12-02,9:40:48.833567469,T,309.11,120,309.6,120,IBM
2025-12-02,9:40:49.132018035,T,309.11,80,309.6,120,IBM
2025-12-02,9:40:49.976112449,T,308.88,160,309.6,120,IBM
2025-12-02,9:40:51.657836140,T,308.88,160,309.57,40,IBM
2025-12-02,9:40:51.657840983,T,308.88,160,309.57,80,IBM
2025-12-02,9:40:51.695225055,T,308.88,160,309.57,120,IBM
2025-12-02,9:40:53.411987079,T,308.88,160,309.56,40,IBM
2025-12-02,9:40:53.411987079,T,308.88,160,309.56,80,IBM
2025-12-02,9:40:53.411987079,T,308.88,160,309.56,120,IBM
2025-12-02,9:40:53.656694607,T,308.88,160,309.56,80,IBM
2025-12-02,9:40:54.028574790,T,309.18,40,309.56,80,IBM
2025-12-02,9:40:54.029126066,T,309.18,80,309.56,80,IBM
2025-12-02,9:40:54.356755997,T,309.18,40,309.56,80,IBM
2025-12-02,9:40:54.356976571,T,309.18,40,309.54,40,IBM
2025-12-02,9:40:54.356976571,T,309.18,40,309.54,80,IBM
2025-12-02,9:40:54.416277704,T,309.18,40,309.53,40,IBM
2025-12-02,9:40:54.416282746,T,309.18,40,309.53,80,IBM
2025-12-02,9:40:54.621952331,T,309.18,40,309.53,40,IBM
2025-12-02,9:40:54.622458633,T,309.18,40,309.53,80,IBM
2025-12-02,9:40:55.795135515,T,309.18,40,309.53,40,IBM
2025-12-02,9:40:55.795135515,T,309.18,40,309.54,80,IBM
2025-12-02,9:40:55.795902212,T,309.18,40,309.52,40,IBM
2025-12-02,9:40:55.795902212,T,309.18,40,309.52,80,IBM
2025-12-02,9:40:57.175536453,T,309.18,40,309.51,40,IBM
2025-12-02,9:40:57.175541500,T,309.18,40,309.51,80,IBM
2025-12-02,9:40:58.206390432,T,309.18,40,309.5,40,IBM
2025-12-02,9:40:58.206395556,T,309.18,40,309.5,80,IBM
2025-12-02,9:40:58.554293831,T,308.88,160,309.5,80,IBM
2025-12-02,9:41:00.084386202,T,308.88,160,309.5,200,IBM
2025-12-02,9:41:00.863997830,T,308.88,160,309.5,160,IBM
2025-12-02,9:41:00.863997830,T,308.88,160,309.5,120,IBM
2025-12-02,9:41:00.864002199,T,308.88,160,309.95,200,IBM
2025-12-02,9:41:00.864027420,T,308.94,40,309.95,200,IBM
2025-12-02,9:41:00.864032255,T,309.18,40,309.95,200,IBM
2025-12-02,9:41:00.864037194,T,309.19,40,309.95,200,IBM
2025-12-02,9:41:00.864227857,T,309.34,40,309.95,200,IBM
2025-12-02,9:41:00.864899269,T,309.34,40,309.56,40,IBM
2025-12-02,9:41:00.864914418,T,309.28,40,309.56,40,IBM
2025-12-02,9:41:00.864919377,T,309.28,40,309.95,200,IBM
2025-12-02,9:41:00.864944425,T,309.34,40,309.95,200,IBM
2025-12-02,9:41:00.865009550,T,309.35,40,309.95,200,IBM
2025-12-02,9:41:00.865756365,T,309.35,40,309.79,40,IBM
2025-12-02,9:41:00.866157327,T,309.35,40,309.66,40,IBM
2025-12-02,9:41:00.867861413,T,309.35,40,309.66,80,IBM
2025-12-02,9:41:00.956582551,T,309.19,40,309.66,80,IBM
2025-12-02,9:41:00.956788023,T,309.19,40,309.65,40,IBM
2025-12-02,9:41:00.956793104,T,309.19,40,309.65,80,IBM
2025-12-02,9:41:00.964060437,T,309.03,40,309.65,80,IBM
2025-12-02,9:41:00.965132964,T,308.94,40,309.65,80,IBM
2025-12-02,9:41:01.339133349,T,309.33,40,309.65,80,IBM
2025-12-02,9:41:05.623708229,T,309.33,40,309.64,40,IBM
2025-12-02,9:41:05.623708229,T,309.33,40,309.64,80,IBM
2025-12-02,9:41:09.013893851,T,309.33,40,309.64,40,IBM
2025-12-02,9:41:11.991602558,T,309.33,40,309.63,40,IBM
2025-12-02,9:41:11.991617561,T,309.33,40,309.63,80,IBM
2025-12-02,9:41:11.991737940,T,309.33,80,309.63,80,IBM
2025-12-02,9:41:12.078674908,T,309.33,80,309.63,40,IBM
2025-12-02,9:41:12.079201149,T,309.33,40,309.63,40,IBM
2025-12-02,9:41:12.411777874,T,309.33,40,309.62,40,IBM
2025-12-02,9:41:12.721745745,T,308.94,40,309.62,40,IBM
2025-12-02,9:41:12.721770798,T,308.94,40,309.62,80,IBM
2025-12-02,9:41:12.721785864,T,308.94,40,309.61,40,IBM
2025-12-02,9:41:12.721860986,T,308.94,40,309.55,40,IBM
2025-12-02,9:41:12.771890066,T,308.94,40,309.62,40,IBM
2025-12-02,9:41:13.371247039,T,308.94,40,309.6,40,IBM
2025-12-02,9:41:13.706986354,T,308.94,40,309.6,80,IBM
2025-12-02,9:41:14.053045146,T,309.19,40,309.6,80,IBM
2025-12-02,9:41:14.336695460,T,309.19,40,309.6,40,IBM
2025-12-02,9:41:14.336825787,T,309.19,40,309.59,40,IBM
2025-12-02,9:41:14.750846407,T,309.19,40,309.58,40,IBM
2025-12-02,9:41:15.299337025,T,309.19,40,309.57,40,IBM
2025-12-02,9:41:16.130455414,T,309.19,40,309.5,40,IBM
2025-12-02,9:41:23.026096182,T,309.19,80,309.5,40,IBM
2025-12-02,9:41:25.311055850,T,309.19,80,309.49,40,IBM
2025-12-02,9:41:25.784843781,T,309.19,40,309.49,40,IBM
2025-12-02,9:41:28.226932455,T,309.19,40,309.86,40,IBM
2025-12-02,9:41:28.247020229,T,309.19,40,309.8,40,IBM
2025-12-02,9:41:29.444265456,T,309.19,40,309.84,40,IBM
2025-12-02,9:41:30.519044041,T,309.19,40,309.8,40,IBM
2025-12-02,9:41:32.164380889,T,309.19,40,309.86,40,IBM
2025-12-02,9:41:37.202945865,T,309.19,40,309.8,40,IBM
2025-12-02,9:41:40.445039020,T,309.19,40,309.84,40,IBM
2025-12-02,9:41:41.445916875,T,309.19,40,309.8,40,IBM
2025-12-02,9:41:41.446433094,T,309.19,40,309.86,40,IBM
2025-12-02,9:41:42.581716124,T,309.19,40,309.8,40,IBM
2025-12-02,9:41:42.581716124,T,309.19,40,309.48,40,IBM
2025-12-02,9:41:42.581741006,T,309.19,40,309.35,40,IBM
2025-12-02,9:41:42.581795951,T,308.88,160,309.35,40,IBM
2025-12-02,9:41:42.581931386,T,308.88,160,309.48,40,IBM
2025-12-02,9:41:42.581956415,T,308.88,160,309.65,40,IBM
2025-12-02,9:41:42.589514344,T,308.88,160,309.48,40,IBM
2025-12-02,9:41:42.589744864,T,308.75,40,309.48,40,IBM
2025-12-02,9:41:42.589970452,T,308.68,200,309.48,40,IBM
2025-12-02,9:41:42.590140848,T,308.68,200,309.28,40,IBM
2025-12-02,9:41:42.590185993,T,308.68,160,309.28,40,IBM
2025-12-02,9:41:42.590301270,T,308.75,40,309.28,40,IBM
2025-12-02,9:41:42.590687187,T,308.75,40,309.48,40,IBM
2025-12-02,9:41:42.591423862,T,308.75,40,309.39,40,IBM
2025-12-02,9:41:42.594070166,T,308.75,40,309.48,40,IBM
2025-12-02,9:41:42.595533654,T,308.75,40,309.39,40,IBM
2025-12-02,9:41:42.595558769,T,308.75,40,309.48,40,IBM
2025-12-02,9:41:42.600340177,T,308.68,200,309.48,40,IBM
2025-12-02,9:41:42.604229410,T,308.7,80,309.48,40,IBM
2025-12-02,9:41:42.604269470,T,308.75,40,309.48,40,IBM
2025-12-02,9:41:42.604530066,T,308.75,40,309.48,80,IBM
2025-12-02,9:41:42.604540141,T,308.75,40,309.48,120,IBM
2025-12-02,9:41:42.612473988,T,308.68,200,309.48,120,IBM
2025-12-02,9:41:42.622693352,T,308.75,40,309.48,120,IBM
2025-12-02,9:41:42.625184226,T,308.68,200,309.48,120,IBM
2025-12-02,9:41:42.625790688,T,308.75,40,309.48,120,IBM
2025-12-02,9:41:42.626347100,T,308.68,200,309.48,120,IBM
2025-12-02,9:41:42.626758081,T,308.75,40,309.48,120,IBM
2025-12-02,9:41:42.627083854,T,308.68,200,309.48,120,IBM
2025-12-02,9:41:42.639929378,T,308.75,40,309.48,120,IBM
2025-12-02,9:41:42.682034613,T,308.75,40,309.48,80,IBM
2025-12-02,9:41:42.831996675,T,308.68,160,309.48,80,IBM
2025-12-02,9:41:42.832056823,T,308.68,160,309.48,40,IBM
2025-12-02,9:41:42.832071800,T,308.68,160,309.59,40,IBM
2025-12-02,9:41:42.834086623,T,308.68,160,309.57,40,IBM
2025-12-02,9:41:43.201646605,T,308.64,40,309.57,40,IBM
2025-12-02,9:41:43.201681769,T,308.65,80,309.57,40,IBM
2025-12-02,9:41:43.584498105,T,308.65,80,309.49,40,IBM
2025-12-02,9:41:43.585034381,T,308.65,80,309.48,40,IBM
2025-12-02,9:41:43.888446592,T,308.65,80,309.49,40,IBM
2025-12-02,9:41:44.169505694,T,308.59,80,309.49,40,IBM
2025-12-02,9:41:44.638331677,T,308.59,80,309.48,40,IBM
2025-12-02,9:41:45.863653915,T,308.59,120,309.48,40,IBM
2025-12-02,9:41:45.890061786,T,308.59,80,309.48,40,IBM
2025-12-02,9:41:50.194995325,T,308.59,80,309.42,40,IBM
2025-12-02,9:41:50.407135292,T,308.59,80,309.48,40,IBM
2025-12-02,9:41:50.407691691,T,308.59,120,309.48,40,IBM
2025-12-02,9:41:50.898790677,T,308.59,80,309.48,40,IBM
2025-12-02,9:42:02.079432393,T,308.59,80,309.39,40,IBM
2025-12-02,9:42:02.730918470,T,308.59,80,309.23,40,IBM
2025-12-02,9:42:02.730963560,T,308.59,80,309.21,40,IBM
2025-12-02,9:42:03.139751681,T,308.59,80,309.3,40,IBM
2025-12-02,9:42:03.937701271,T,308.59,80,309.39,40,IBM
2025-12-02,9:42:04.265521663,T,308.59,80,309.28,40,IBM
2025-12-02,9:42:04.265561838,T,308.59,80,309.3,40,IBM
2025-12-02,9:42:04.265576811,T,308.59,80,309.28,40,IBM
2025-12-02,9:42:04.273300229,T,308.59,80,309.23,40,IBM
2025-12-02,9:42:04.273330295,T,308.59,80,309.21,40,IBM
2025-12-02,9:42:04.276367505,T,308.59,80,309.23,40,IBM
2025-12-02,9:42:04.437856904,T,308.59,80,309.21,40,IBM
2025-12-02,9:42:06.280087583,T,308.59,120,309.21,40,IBM
2025-12-02,9:42:06.280102664,T,308.75,40,309.21,40,IBM
2025-12-02,9:42:06.280323084,T,308.75,40,309.16,40,IBM
2025-12-02,9:42:06.280338222,T,308.68,40,309.16,40,IBM
2025-12-02,9:42:06.280714065,T,308.8,40,309.16,40,IBM
2025-12-02,9:42:06.283004503,T,308.68,40,309.16,40,IBM
2025-12-02,9:42:06.287019065,T,308.59,120,309.16,40,IBM
2025-12-02,9:42:06.287770919,T,308.59,80,309.16,40,IBM
2025-12-02,9:42:11.939164837,T,308.59,80,309.13,40,IBM
2025-12-02,9:42:11.939169762,T,308.59,80,309.04,40,IBM
2025-12-02,9:42:11.939410038,T,308.59,80,309.03,40,IBM
2025-12-02,9:42:11.940442518,T,308.32,200,309.03,40,IBM
2025-12-02,9:42:11.940467651,T,308.32,160,309.03,40,IBM
2025-12-02,9:42:11.941234443,T,308.32,160,308.9,40,IBM
2025-12-02,9:42:11.943630133,T,308.32,160,309.03,40,IBM
2025-12-02,9:42:11.943650198,T,308.32,160,309.13,40,IBM
2025-12-02,9:42:12.036816923,T,308.32,200,309.13,40,IBM
2025-12-02,9:42:13.191335508,T,308.32,200,309.16,40,IBM
2025-12-02,9:42:13.762901222,T,308.32,200,309.13,40,IBM
2025-12-02,9:42:16.639564308,T,308.32,200,309.16,40,IBM
2025-12-02,9:42:21.550034218,T,308.32,200,309.13,40,IBM
2025-12-02,9:42:21.867374740,T,308.32,200,309.16,40,IBM
2025-12-02,9:42:23.891643898,T,308.32,200,309.13,40,IBM
2025-12-02,9:42:27.237849784,T,308.32,200,309.16,40,IBM
2025-12-02,9:42:27.237874901,T,308.32,200,309.21,40,IBM
2025-12-02,9:42:27.237884854,T,308.32,200,309.16,40,IBM
2025-12-02,9:42:28.347752299,T,308.32,200,309.0,40,IBM
2025-12-02,9:42:28.347762305,T,308.32,160,309.0,40,IBM
2025-12-02,9:42:28.347792347,T,308.32,160,309.16,40,IBM
2025-12-02,9:42:28.347802404,T,308.32,160,309.12,40,IBM
2025-12-02,9:42:28.348253423,T,308.32,160,309.03,40,IBM
2025-12-02,9:42:28.348273481,T,308.32,160,309.0,40,IBM
2025-12-02,9:42:28.348273481,T,308.32,160,308.81,40,IBM
2025-12-02,9:42:28.350293283,T,308.32,160,308.8,40,IBM
2025-12-02,9:42:28.351190434,T,308.2,40,308.8,40,IBM
2025-12-02,9:42:28.351220474,T,308.12,160,308.8,40,IBM
2025-12-02,9:42:28.351255582,T,308.12,200,308.8,40,IBM
2025-12-02,9:42:28.351796834,T,308.12,200,308.79,40,IBM
2025-12-02,9:42:28.351831960,T,308.12,200,308.69,40,IBM
2025-12-02,9:42:28.352222849,T,308.12,160,308.69,40,IBM
2025-12-02,9:42:28.352473493,T,308.12,160,308.79,40,IBM
2025-12-02,9:42:28.352498562,T,308.12,160,308.8,40,IBM
2025-12-02,9:42:28.352999763,T,308.12,200,308.8,40,IBM
2025-12-02,9:42:28.362672727,T,308.12,200,308.94,40,IBM
2025-12-02,9:42:28.362707880,T,308.12,200,308.86,40,IBM
2025-12-02,9:42:28.362918332,T,308.12,200,308.94,40,IBM
2025-12-02,9:42:28.362938361,T,308.12,200,309.0,40,IBM
2025-12-02,9:42:28.447855499,T,308.12,200,309.03,40,IBM
2025-12-02,9:42:29.166781865,T,308.13,40,309.03,40,IBM
2025-12-02,9:42:29.352203343,T,308.3,40,309.03,40,IBM
2025-12-02,9:42:29.724534650,T,308.3,40,309.0,40,IBM
2025-12-02,9:42:30.722746028,T,308.3,40,308.71,120,IBM
2025-12-02,9:42:30.723016670,T,308.3,40,308.71,160,IBM
2025-12-02,9:42:30.847197399,T,308.3,40,308.71,40,IBM
2025-12-02,9:42:31.125559999,T,308.3,40,308.7,120,IBM
2025-12-02,9:42:31.126186575,T,308.3,40,308.7,160,IBM
2025-12-02,9:42:31.205595512,T,308.3,40,308.7,120,IBM
2025-12-02,9:42:31.367987167,T,308.3,40,309.0,40,IBM
2025-12-02,9:42:34.178878816,T,308.3,40,309.03,40,IBM
2025-12-02,9:42:34.178913927,T,308.3,40,308.86,40,IBM
2025-12-02,9:42:34.400165670,T,308.3,40,308.85,40,IBM
2025-12-02,9:42:34.446756570,T,308.3,40,308.86,40,IBM
2025-12-02,9:42:35.814196880,T,308.3,40,308.65,120,IBM
2025-12-02,9:42:35.814467564,T,308.3,40,308.65,160,IBM
2025-12-02,9:42:36.237133803,T,308.3,40,308.65,40,IBM
2025-12-02,9:42:36.724218383,T,308.3,40,308.86,40,IBM
2025-12-02,9:42:37.087473106,T,308.3,40,308.64,120,IBM
2025-12-02,9:42:37.087743699,T,308.3,40,308.64,160,IBM
2025-12-02,9:42:37.486818747,T,308.3,40,308.63,120,IBM
2025-12-02,9:42:37.487440219,T,308.3,40,308.63,160,IBM
2025-12-02,9:42:37.748977876,T,308.3,40,308.62,120,IBM
2025-12-02,9:42:38.102995643,T,308.3,40,308.62,160,IBM
2025-12-02,9:42:38.521522122,T,308.3,40,308.61,120,IBM
2025-12-02,9:42:38.522148535,T,308.3,40,308.61,160,IBM
2025-12-02,9:42:38.611812051,T,308.07,40,308.61,160,IBM
2025-12-02,9:42:38.611832163,T,307.98,40,308.61,160,IBM
2025-12-02,9:42:38.611867158,T,307.98,40,308.61,200,IBM
2025-12-02,9:42:38.611882204,T,307.98,40,308.6,40,IBM
2025-12-02,9:42:38.612233085,T,307.94,200,308.6,40,IBM
2025-12-02,9:42:38.612844581,T,307.94,200,308.61,160,IBM
2025-12-02,9:42:38.616964334,T,307.94,200,308.6,40,IBM
2025-12-02,9:42:38.632391109,T,307.94,200,308.6,80,IBM
2025-12-02,9:42:38.642550297,T,307.94,200,308.6,40,IBM
2025-12-02,9:42:38.642815880,T,307.94,200,308.64,40,IBM
2025-12-02,9:42:38.711865261,T,307.94,200,308.76,40,IBM
2025-12-02,9:42:38.711895346,T,307.94,160,308.76,40,IBM
2025-12-02,9:42:38.721222514,T,307.94,160,308.82,40,IBM
2025-12-02,9:42:38.721247616,T,307.94,160,308.86,40,IBM
2025-12-02,9:42:38.999855836,T,307.87,40,308.86,40,IBM
2025-12-02,9:42:39.483361786,T,307.76,240,308.86,40,IBM
2025-12-02,9:42:39.483386914,T,307.76,200,308.86,40,IBM
2025-12-02,9:42:39.511674862,T,307.76,200,308.85,40,IBM
2025-12-02,9:42:39.511679244,T,307.76,200,308.68,40,IBM
2025-12-02,9:42:39.511689292,T,307.76,200,308.67,40,IBM
2025-12-02,9:42:39.511699330,T,307.76,200,308.63,40,IBM
2025-12-02,9:42:39.512711680,T,307.76,200,308.64,40,IBM
2025-12-02,9:42:39.516119817,T,307.76,200,308.63,40,IBM
2025-12-02,9:42:39.516395482,T,307.76,200,308.41,40,IBM
2025-12-02,9:42:39.516405467,T,307.76,200,308.63,40,IBM
2025-12-02,9:42:39.516430613,T,307.76,200,308.68,40,IBM
2025-12-02,9:42:39.516475673,T,307.76,200,308.67,40,IBM
2025-12-02,9:42:39.516515770,T,307.76,200,308.64,40,IBM
2025-12-02,9:42:39.516691233,T,307.76,200,308.67,40,IBM
2025-12-02,9:42:39.603552907,T,307.76,200,308.76,40,IBM
2025-12-02,9:42:39.611707431,T,307.76,200,308.85,40,IBM
2025-12-02,9:42:39.612248636,T,308.0,80,308.85,40,IBM
2025-12-02,9:42:40.183428324,T,308.0,120,308.85,40,IBM
2025-12-02,9:42:40.183909462,T,308.11,80,308.85,40,IBM
2025-12-02,9:42:40.192615139,T,308.11,40,308.85,40,IBM
2025-12-02,9:42:41.198399381,T,308.11,40,308.76,40,IBM
2025-12-02,9:42:41.199141108,T,308.12,40,308.76,40,IBM
2025-12-02,9:42:42.446656052,T,308.12,40,308.67,40,IBM
2025-12-02,9:42:42.446696304,T,307.87,40,308.67,40,IBM
2025-12-02,9:42:42.446721282,T,307.76,200,308.67,40,IBM
2025-12-02,9:42:42.446746485,T,307.76,200,308.51,40,IBM
2025-12-02,9:42:42.446761327,T,307.76,200,308.67,40,IBM
2025-12-02,9:42:42.450866179,T,307.76,200,308.76,40,IBM
2025-12-02,9:42:42.452069034,T,307.76,200,308.58,40,IBM
2025-12-02,9:42:42.452099124,T,307.76,200,308.34,40,IBM
2025-12-02,9:42:42.452134109,T,307.76,200,308.58,40,IBM
2025-12-02,9:42:42.452364701,T,307.76,200,308.2,40,IBM
2025-12-02,9:42:42.452369678,T,307.76,200,308.58,40,IBM
2025-12-02,9:42:42.452575180,T,307.76,200,308.76,40,IBM
2025-12-02,9:42:43.447168010,T,308.0,40,308.76,40,IBM
2025-12-02,9:42:47.761453627,T,308.03,40,308.76,40,IBM
2025-12-02,9:42:47.762205470,T,308.03,80,308.76,40,IBM
2025-12-02,9:42:48.094812202,T,308.03,40,308.76,40,IBM
2025-12-02,9:42:52.208530365,T,308.03,40,308.73,40,IBM
2025-12-02,9:42:54.033289760,T,308.03,40,308.7,160,IBM
2025-12-02,9:42:59.836830811,T,308.09,40,308.7,160,IBM
2025-12-02,9:42:59.837026117,T,308.03,40,308.7,160,IBM
2025-12-02,9:42:59.837031518,T,308.03,40,308.51,40,IBM
2025-12-02,9:42:59.837031518,T,308.03,40,308.42,40,IBM
2025-12-02,9:42:59.837061227,T,308.09,40,308.42,40,IBM
2025-12-02,9:42:59.837086355,T,308.09,40,308.64,40,IBM
2025-12-02,9:42:59.837161475,T,308.09,40,308.42,40,IBM
2025-12-02,9:42:59.837161475,T,308.09,40,308.41,40,IBM
2025-12-02,9:42:59.837182121,T,308.09,40,308.4,40,IBM
2025-12-02,9:42:59.837186563,T,308.09,40,308.28,40,IBM
2025-12-02,9:42:59.839261454,T,308.09,80,308.28,40,IBM
2025-12-02,9:42:59.839341665,T,308.09,80,308.51,40,IBM
2025-12-02,9:42:59.839416862,T,308.09,80,308.41,40,IBM
2025-12-02,9:42:59.839492056,T,308.09,40,308.41,40,IBM
2025-12-02,9:42:59.839652414,T,307.76,240,308.41,40,IBM
2025-12-02,9:42:59.839687509,T,307.76,240,308.4,40,IBM
2025-12-02,9:42:59.848598690,T,307.76,240,308.41,40,IBM
2025-12-02,9:42:59.859394428,T,308.01,40,308.41,40,IBM
2025-12-02,9:42:59.888744276,T,307.76,240,308.41,40,IBM
2025-12-02,9:42:59.938257133,T,307.76,240,308.42,40,IBM
2025-12-02,9:42:59.938267192,T,307.76,240,308.51,40,IBM
2025-12-02,9:42:59.938292233,T,307.76,240,308.64,40,IBM
2025-12-02,9:43:00.144919110,T,308.01,40,308.64,40,IBM
2025-12-02,9:43:00.145129696,T,308.01,40,308.4,40,IBM
2025-12-02,9:43:00.149134185,T,307.76,240,308.4,40,IBM
2025-12-02,9:43:01.029069003,T,307.76,200,308.4,40,IBM
2025-12-02,9:43:01.029088973,T,307.76,200,308.58,40,IBM
2025-12-02,9:43:01.029094054,T,307.76,200,308.4,40,IBM
2025-12-02,9:43:01.029119145,T,307.76,200,308.09,40,IBM
2025-12-02,9:43:01.029374695,T,307.76,200,308.39,40,IBM
2025-12-02,9:43:01.029394746,T,307.76,200,308.49,40,IBM
2025-12-02,9:43:01.029479935,T,307.75,40,308.49,40,IBM
2025-12-02,9:43:01.029504989,T,307.63,40,308.49,40,IBM
2025-12-02,9:43:01.069530250,T,307.63,40,308.42,40,IBM
2025-12-02,9:43:01.129478037,T,307.63,40,308.51,40,IBM
2025-12-02,9:43:02.029485577,T,307.75,40,308.51,40,IBM
2025-12-02,9:43:02.401902240,T,308.0,40,308.51,40,IBM
2025-12-02,9:43:02.406117263,T,307.75,40,308.51,40,IBM
2025-12-02,9:43:02.432880935,T,307.75,40,308.49,40,IBM
2025-12-02,9:43:02.493936357,T,308.01,40,308.49,40,IBM
2025-12-02,9:43:02.494733173,T,307.75,40,308.49,40,IBM
2025-12-02,9:43:03.894996814,T,308.01,40,308.49,40,IBM
2025-12-02,9:43:04.127019117,T,307.75,40,308.49,40,IBM
2025-12-02,9:43:04.192449844,T,307.75,40,308.51,40,IBM
2025-12-02,9:43:04.192469873,T,308.01,40,308.51,40,IBM
2025-12-02,9:43:04.193377111,T,308.02,40,308.51,40,IBM
2025-12-02,9:43:04.193512390,T,308.02,40,308.58,40,IBM
2025-12-02,9:43:04.243802128,T,308.02,40,308.68,40,IBM
2025-12-02,9:43:04.244488712,T,308.05,40,308.68,40,IBM
2025-12-02,9:43:04.244654107,T,308.05,40,308.37,40,IBM
2025-12-02,9:43:04.244674184,T,308.01,40,308.37,40,IBM
2025-12-02,9:43:04.244889691,T,308.12,40,308.37,40,IBM
2025-12-02,9:43:04.280464374,T,307.75,40,308.37,40,IBM
2025-12-02,9:43:04.285341022,T,308.12,40,308.37,40,IBM
2025-12-02,9:43:04.293766084,T,307.75,40,308.37,40,IBM
2025-12-02,9:43:04.294262192,T,307.75,40,308.35,40,IBM
2025-12-02,9:43:05.665155650,T,307.75,40,308.33,40,IBM
2025-12-02,9:43:06.598918740,T,307.75,40,308.32,80,IBM
2025-12-02,9:43:06.599079033,T,307.75,40,308.32,120,IBM
2025-12-02,9:43:07.761280741,T,307.75,40,308.32,80,IBM
2025-12-02,9:43:13.039360814,T,307.63,40,308.32,80,IBM
2025-12-02,9:43:14.600251688,T,307.59,160,308.32,80,IBM
2025-12-02,9:43:16.830445993,T,307.59,160,308.31,40,IBM
2025-12-02,9:43:16.917503154,T,307.59,160,308.32,80,IBM
2025-12-02,9:43:17.425452488,T,307.59,160,308.32,120,IBM
2025-12-02,9:43:17.425683031,T,307.59,160,308.32,160,IBM
2025-12-02,9:43:17.425703126,T,307.59,160,308.31,40,IBM
2025-12-02,9:43:17.425703126,T,307.59,160,308.22,40,IBM
2025-12-02,9:43:17.425753230,T,307.59,160,308.21,40,IBM
2025-12-02,9:43:17.425848426,T,307.59,160,308.2,80,IBM
2025-12-02,9:43:17.426058974,T,307.59,160,308.01,80,IBM
2025-12-02,9:43:17.426129034,T,307.59,160,308.2,80,IBM
2025-12-02,9:43:17.426199208,T,307.59,160,308.2,120,IBM
2025-12-02,9:43:17.426469914,T,307.59,160,308.13,80,IBM
2025-12-02,9:43:17.431531925,T,307.59,160,308.13,120,IBM
2025-12-02,9:43:17.439195222,T,307.59,160,308.13,160,IBM
2025-12-02,9:43:17.439210184,T,307.7,40,308.13,160,IBM
2025-12-02,9:43:17.448392130,T,307.59,160,308.13,160,IBM
2025-12-02,9:43:17.556339053,T,307.59,160,308.13,120,IBM
2025-12-02,9:43:18.425838996,T,307.78,40,308.13,120,IBM
2025-12-02,9:43:18.426104575,T,307.78,40,308.13,80,IBM
2025-12-02,9:43:18.504070189,T,307.78,40,308.42,40,IBM
2025-12-02,9:43:18.504706667,T,307.78,40,308.13,40,IBM
2025-12-02,9:43:19.409104654,T,307.78,40,308.11,40,IBM
2025-12-02,9:43:19.458006128,T,307.78,40,308.09,40,IBM
2025-12-02,9:43:19.752537339,T,307.78,40,308.08,40,IBM
2025-12-02,9:43:20.837876320,T,307.78,40,308.06,40,IBM
2025-12-02,9:43:20.845539504,T,307.78,40,308.42,40,IBM
2025-12-02,9:43:20.845569647,T,307.78,80,308.42,40,IBM
2025-12-02,9:43:20.845574622,T,307.83,40,308.42,40,IBM
2025-12-02,9:43:20.846040720,T,307.94,40,308.42,40,IBM
2025-12-02,9:43:20.846080808,T,307.94,120,308.42,40,IBM
2025-12-02,9:43:20.846316340,T,307.94,160,308.42,40,IBM
2025-12-02,9:43:20.850255690,T,307.94,120,308.42,40,IBM
2025-12-02,9:43:25.329233110,T,307.94,40,308.42,40,IBM
2025-12-02,9:43:25.329233110,T,307.59,160,308.42,40,IBM
2025-12-02,9:43:25.329313374,T,307.59,160,308.31,40,IBM
2025-12-02,9:43:25.329734406,T,307.59,160,308.42,40,IBM
2025-12-02,9:43:25.362512471,T,307.75,40,308.42,40,IBM
2025-12-02,9:43:26.329674929,T,307.78,40,308.42,40,IBM
2025-12-02,9:43:26.997890782,T,307.78,40,308.34,40,IBM
2025-12-02,9:43:30.450399857,T,307.78,80,308.34,40,IBM
2025-12-02,9:43:34.547037420,T,307.78,80,308.37,160,IBM
2025-12-02,9:43:36.042657739,T,307.78,80,307.94,40,IBM
2025-12-02,9:43:40.691144204,T,307.78,40,307.94,40,IBM
2025-12-02,9:43:40.691149210,T,307.75,40,307.94,40,IBM
2025-12-02,9:43:40.691209352,T,307.43,160,307.94,40,IBM
2025-12-02,9:43:45.671079522,T,307.77,40,307.94,40,IBM
2025-12-02,9:43:45.671811230,T,307.77,40,308.34,40,IBM
2025-12-02,9:43:45.671831262,T,307.82,40,308.34,40,IBM
2025-12-02,9:43:45.671836216,T,307.82,80,308.34,40,IBM
2025-12-02,9:43:45.671881357,T,307.83,80,308.34,40,IBM
2025-12-02,9:43:45.671896406,T,307.83,120,308.34,40,IBM
2025-12-02,9:43:45.671911488,T,307.83,120,308.35,40,IBM
2025-12-02,9:43:45.671941935,T,307.85,40,308.35,40,IBM
2025-12-02,9:43:45.671951578,T,307.85,80,308.35,40,IBM
2025-12-02,9:43:45.672096900,T,307.89,40,308.35,40,IBM
2025-12-02,9:43:45.672417626,T,307.85,40,308.35,40,IBM
2025-12-02,9:43:45.675525014,T,307.9,40,308.35,40,IBM
2025-12-02,9:43:45.680186209,T,307.85,40,308.35,40,IBM
2025-12-02,9:43:45.695557704,T,307.9,40,308.35,40,IBM
2025-12-02,9:43:45.714217139,T,307.9,40,308.07,40,IBM
2025-12-02,9:43:45.926332174,T,307.85,40,308.07,40,IBM
2025-12-02,9:43:45.927119044,T,307.85,40,308.35,40,IBM
2025-12-02,9:43:46.389970881,T,307.85,40,308.37,160,IBM
2025-12-02,9:43:46.394712180,T,307.85,40,308.12,40,IBM
2025-12-02,9:43:48.089907674,T,307.85,40,308.37,160,IBM
2025-12-02,9:43:48.089932692,T,308.0,40,308.37,160,IBM
2025-12-02,9:43:48.090769701,T,308.0,40,308.56,40,IBM
2025-12-02,9:43:48.090869932,T,308.0,40,308.5,40,IBM
2025-12-02,9:43:48.090900049,T,308.0,40,308.4,40,IBM
2025-12-02,9:43:48.104903372,T,307.91,40,308.4,40,IBM
2025-12-02,9:43:48.104933408,T,307.9,40,308.4,40,IBM
2025-12-02,9:43:48.110416498,T,307.67,40,308.4,40,IBM
2025-12-02,9:43:48.110436461,T,307.58,160,308.4,40,IBM
2025-12-02,9:43:48.110441517,T,307.59,40,308.4,40,IBM
2025-12-02,9:43:48.110471604,T,307.75,40,308.4,40,IBM
2025-12-02,9:43:48.136694007,T,307.75,40,308.31,40,IBM
2025-12-02,9:43:49.161178128,T,307.75,40,308.4,40,IBM
2025-12-02,9:43:50.342635624,T,307.59,40,308.4,40,IBM
2025-12-02,9:43:50.646874864,T,307.58,160,308.4,40,IBM
2025-12-02,9:43:50.647075282,T,307.67,40,308.4,40,IBM
2025-12-02,9:43:57.956626578,T,307.67,40,308.33,40,IBM
2025-12-02,9:43:57.956661636,T,307.67,40,308.4,40,IBM
2025-12-02,9:44:01.303363854,T,307.67,40,308.5,40,IBM
2025-12-02,9:44:01.486324429,T,307.67,40,308.35,40,IBM
2025-12-02,9:44:01.486910907,T,307.67,40,308.31,40,IBM
2025-12-02,9:44:01.486966023,T,307.59,40,308.31,40,IBM
2025-12-02,9:44:01.487146468,T,307.72,40,308.31,40,IBM
2025-12-02,9:44:01.489617340,T,307.59,40,308.31,40,IBM
2025-12-02,9:44:01.491110871,T,307.59,40,308.35,40,IBM
2025-12-02,9:44:01.499175029,T,307.58,160,308.35,40,IBM
2025-12-02,9:44:01.501746128,T,307.58,160,308.31,40,IBM
2025-12-02,9:44:01.501766245,T,307.58,160,308.35,40,IBM
2025-12-02,9:44:01.501776253,T,307.58,160,308.31,40,IBM
2025-12-02,9:44:01.501836443,T,307.58,160,308.14,40,IBM
2025-12-02,9:44:01.501836443,T,307.58,160,308.31,40,IBM
2025-12-02,9:44:01.501836443,T,307.59,40,308.31,40,IBM
2025-12-02,9:44:01.501886556,T,307.72,40,308.31,40,IBM
2025-12-02,9:44:01.502788681,T,307.72,40,308.34,40,IBM
2025-12-02,9:44:01.552742579,T,307.72,40,308.28,40,IBM
2025-12-02,9:44:01.563107307,T,307.72,40,308.14,40,IBM
2025-12-02,9:44:01.569101582,T,307.72,40,308.31,40,IBM
2025-12-02,9:44:01.601974860,T,307.72,40,308.35,40,IBM
2025-12-02,9:44:01.612580020,T,307.59,40,308.35,40,IBM
2025-12-02,9:44:02.502157836,T,307.72,40,308.35,40,IBM
2025-12-02,9:44:03.065709451,T,307.72,80,308.35,40,IBM
2025-12-02,9:44:03.065739525,T,307.73,40,308.35,40,IBM
2025-12-02,9:44:03.187980521,T,307.59,40,308.35,40,IBM
2025-12-02,9:44:05.027003470,T,307.51,40,308.35,40,IBM
2025-12-02,9:44:06.092053940,T,307.51,40,308.26,40,IBM
2025-12-02,9:44:09.887379270,T,307.51,40,308.15,40,IBM
2025-12-02,9:44:10.326148804,T,307.73,40,308.15,40,IBM
2025-12-02,9:44:16.580598146,T,307.59,40,308.15,40,IBM
2025-12-02,9:44:16.580638205,T,307.8,40,308.15,40,IBM
2025-12-02,9:44:17.037320477,T,307.51,40,308.15,40,IBM
2025-12-02,9:44:20.889415884,T,307.59,40,308.15,40,IBM
2025-12-02,9:44:20.889556166,T,307.59,40,308.34,40,IBM
2025-12-02,9:44:20.909934749,T,307.8,40,308.34,40,IBM
2025-12-02,9:44:21.468920312,T,307.59,40,308.34,40,IBM
2025-12-02,9:44:26.427479821,T,307.59,40,308.31,40,IBM
2025-12-02,9:44:26.427509886,T,307.51,40,308.31,40,IBM
2025-12-02,9:44:26.427514933,T,307.51,40,308.34,40,IBM
2025-12-02,9:44:26.427519905,T,307.43,40,308.34,40,IBM
2025-12-02,9:44:26.427544976,T,307.43,40,308.31,40,IBM
2025-12-02,9:44:26.427565015,T,307.51,40,308.31,40,IBM
2025-12-02,9:44:26.427574977,T,307.51,40,308.26,40,IBM
2025-12-02,9:44:26.427574977,T,307.73,40,308.26,40,IBM
2025-12-02,9:44:26.427630128,T,307.51,40,308.26,40,IBM
2025-12-02,9:44:26.427650140,T,307.68,40,308.26,40,IBM
2025-12-02,9:44:26.427655254,T,307.68,40,308.14,40,IBM
2025-12-02,9:44:26.427860648,T,307.51,40,308.14,40,IBM
2025-12-02,9:44:26.427940883,T,307.73,40,308.14,40,IBM
2025-12-02,9:44:26.427960972,T,307.73,40,308.26,40,IBM
2025-12-02,9:44:26.427981065,T,307.78,40,308.26,40,IBM
2025-12-02,9:44:26.432642070,T,307.78,40,308.31,40,IBM
2025-12-02,9:44:26.433068105,T,307.78,40,307.97,40,IBM
2025-12-02,9:44:26.434080522,T,307.78,40,308.31,40,IBM
2025-12-02,9:44:26.437689090,T,307.78,40,307.97,40,IBM
2025-12-02,9:44:26.437919638,T,307.43,40,307.97,40,IBM
2025-12-02,9:44:26.437949725,T,307.43,40,307.96,40,IBM
2025-12-02,9:44:26.438105058,T,307.43,40,307.97,40,IBM
2025-12-02,9:44:26.438170373,T,307.43,40,308.15,40,IBM
2025-12-02,9:44:26.438205300,T,307.43,40,308.14,40,IBM
2025-12-02,9:44:26.438716502,T,307.43,40,307.96,40,IBM
2025-12-02,9:44:26.528254719,T,307.51,40,307.96,40,IBM
2025-12-02,9:44:26.537972843,T,307.51,40,308.15,40,IBM
2025-12-02,9:44:26.681288945,T,307.43,40,308.15,40,IBM
2025-12-02,9:44:52.467025198,T,307.43,40,307.9,40,IBM
2025-12-02,9:44:52.467065307,T,307.42,120,307.9,40,IBM
2025-12-02,9:44:52.467080279,T,307.7,40,307.9,40,IBM
2025-12-02,9:44:52.467290814,T,307.42,80,307.9,40,IBM
2025-12-02,9:44:52.467947423,T,307.43,40,307.9,40,IBM
2025-12-02,9:44:52.467952312,T,307.56,40,307.9,40,IBM
2025-12-02,9:44:52.468979752,T,307.56,120,307.9,40,IBM
2025-12-02,9:44:52.469029973,T,307.56,80,307.9,40,IBM
2025-12-02,9:44:52.479184091,T,307.56,80,308.1,40,IBM
2025-12-02,9:44:52.479449718,T,307.56,80,308.18,40,IBM
2025-12-02,9:44:53.087582477,T,307.56,80,308.26,40,IBM
2025-12-02,9:44:53.467426711,T,307.56,160,308.26,40,IBM
2025-12-02,9:44:54.092148914,T,307.56,160,308.18,40,IBM
2025-12-02,9:44:56.337213483,T,307.56,120,308.18,40,IBM
2025-12-02,9:44:56.337213483,T,307.56,40,308.18,40,IBM
2025-12-02,9:44:56.337213483,T,307.43,40,308.18,40,IBM
2025-12-02,9:44:56.337228831,T,307.4,40,308.18,40,IBM
2025-12-02,9:44:56.337233573,T,307.39,200,308.18,40,IBM
2025-12-02,9:44:56.337248606,T,307.39,200,308.15,40,IBM
2025-12-02,9:44:56.337258780,T,307.39,200,307.96,40,IBM
2025-12-02,9:44:56.337298779,T,307.39,200,307.95,40,IBM
2025-12-02,9:44:56.337303780,T,307.39,160,307.95,40,IBM
2025-12-02,9:44:56.337309027,T,307.39,160,307.88,40,IBM
2025-12-02,9:44:56.338291068,T,307.39,160,307.95,40,IBM
2025-12-02,9:44:56.338331211,T,307.51,80,307.95,40,IBM
2025-12-02,9:44:56.338351173,T,307.51,80,307.96,40,IBM
2025-12-02,9:44:56.338376561,T,307.51,120,307.96,40,IBM
2025-12-02,9:44:56.338566778,T,307.51,120,307.96,80,IBM
2025-12-02,9:44:56.338576916,T,307.51,120,307.96,40,IBM
2025-12-02,9:44:56.346405350,T,307.51,40,307.96,40,IBM
2025-12-02,9:44:56.347878985,T,307.51,40,308.02,40,IBM
2025-12-02,9:44:57.337665320,T,307.51,80,308.02,40,IBM
2025-12-02,9:44:58.657251634,T,307.51,40,308.02,40,IBM
2025-12-02,9:44:58.657276693,T,307.51,40,307.96,40,IBM
2025-12-02,9:44:58.657291781,T,307.51,40,307.75,40,IBM
2025-12-02,9:44:58.657472261,T,307.22,200,307.75,40,IBM
2025-12-02,9:44:58.657702780,T,307.22,160,307.75,40,IBM
2025-12-02,9:44:58.658073673,T,307.22,160,307.65,40,IBM
2025-12-02,9:44:58.662288643,T,307.22,160,307.75,40,IBM
2025-12-02,9:44:58.663857634,T,307.22,160,307.51,40,IBM
2025-12-02,9:44:58.664133110,T,307.13,40,307.51,40,IBM
2025-12-02,9:44:58.664313490,T,307.13,40,307.51,80,IBM
2025-12-02,9:44:58.665065254,T,307.02,200,307.51,80,IBM
2025-12-02,9:44:58.665431172,T,307.03,80,307.51,80,IBM
2025-12-02,9:44:58.665461213,T,307.03,120,307.51,80,IBM
2025-12-02,9:44:58.665531373,T,307.03,120,307.51,120,IBM
2025-12-02,9:44:58.666152885,T,307.17,40,307.51,120,IBM
2025-12-02,9:44:58.668528570,T,307.17,40,307.51,80,IBM
2025-12-02,9:44:58.673039256,T,307.17,40,307.51,40,IBM
2025-12-02,9:44:58.681258835,T,307.17,40,307.65,40,IBM
2025-12-02,9:44:58.919270425,T,307.03,120,307.65,40,IBM
2025-12-02,9:44:58.919270425,T,307.03,80,307.65,40,IBM
2025-12-02,9:44:59.168298234,T,307.1,80,307.65,40,IBM
2025-12-02,9:44:59.657678338,T,307.1,200,307.65,40,IBM
2025-12-02,9:44:59.668398808,T,307.16,80,307.65,40,IBM
2025-12-02,9:44:59.668418928,T,307.16,80,307.7,40,IBM
2025-12-02,9:44:59.668458978,T,307.16,120,307.7,40,IBM
2025-12-02,9:44:59.669095480,T,307.16,240,307.7,40,IBM
2025-12-02,9:45:00.175686580,T,307.19,80,307.7,40,IBM
2025-12-02,9:45:00.175746713,T,307.19,120,307.7,40,IBM
2025-12-02,9:45:00.176794138,T,307.19,240,307.7,40,IBM
2025-12-02,9:45:00.681154830,T,307.2,80,307.7,40,IBM
2025-12-02,9:45:00.681230069,T,307.2,160,307.7,40,IBM
2025-12-02,9:45:00.681280508,T,307.21,80,307.7,40,IBM
2025-12-02,9:45:00.681320260,T,307.21,80,307.95,40,IBM
2025-12-02,9:45:00.681340313,T,307.21,120,307.95,40,IBM
2025-12-02,9:45:00.681360487,T,307.22,40,307.95,40,IBM
2025-12-02,9:45:00.681380558,T,307.34,80,307.95,40,IBM
2025-12-02,9:45:00.682297626,T,307.34,120,307.95,40,IBM
2025-12-02,9:45:00.716073338,T,307.35,40,307.95,40,IBM
2025-12-02,9:45:00.716083099,T,307.34,160,307.95,40,IBM
2025-12-02,9:45:00.716123194,T,307.35,40,307.95,40,IBM
2025-12-02,9:45:00.716163244,T,307.41,40,307.95,40,IBM
2025-12-02,9:45:00.716208509,T,307.34,160,307.95,40,IBM
2025-12-02,9:45:00.716208509,T,307.41,40,307.95,40,IBM
2025-12-02,9:45:00.716208509,T,307.48,40,307.95,40,IBM
2025-12-02,9:45:00.733990629,T,307.48,80,307.95,40,IBM
2025-12-02,9:45:01.240366235,T,307.48,40,307.95,40,IBM
2025-12-02,9:45:01.265029911,T,307.41,40,307.95,40,IBM
2025-12-02,9:45:01.265786724,T,307.34,80,307.95,40,IBM
2025-12-02,9:45:01.761125952,T,307.34,40,307.95,40,IBM
2025-12-02,9:45:01.761231261,T,307.23,40,307.95,40,IBM
2025-12-02,9:45:01.965798248,T,307.2,80,307.95,40,IBM
2025-12-02,9:45:02.145034923,T,307.38,80,307.95,40,IBM
2025-12-02,9:45:03.291118335,T,307.38,160,307.95,40,IBM
2025-12-02,9:45:04.974510926,T,307.39,80,307.95,40,IBM
2025-12-02,9:45:04.974575958,T,307.39,120,307.95,40,IBM
2025-12-02,9:45:04.975162281,T,307.39,160,307.95,40,IBM
2025-12-02,9:45:04.975202368,T,307.4,80,307.95,40,IBM
2025-12-02,9:45:07.157407445,T,307.4,160,307.95,40,IBM
2025-12-02,9:45:08.483614513,T,307.4,200,307.95,40,IBM
2025-12-02,9:45:08.490556089,T,307.41,80,307.95,40,IBM
2025-12-02,9:45:08.490611137,T,307.41,120,307.95,40,IBM
2025-12-02,9:45:08.816847846,T,307.41,40,307.95,40,IBM
2025-12-02,9:45:11.182810297,T,307.41,120,307.95,40,IBM
2025-12-02,9:45:12.750101508,T,307.41,160,307.95,40,IBM
2025-12-02,9:45:12.852520320,T,307.41,200,307.95,40,IBM
2025-12-02,9:45:12.857071138,T,307.41,280,307.95,40,IBM
2025-12-02,9:45:12.857146374,T,307.42,80,307.95,40,IBM
2025-12-02,9:45:13.729753714,T,307.42,160,307.95,40,IBM
2025-12-02,9:45:15.437985222,T,307.43,80,307.95,40,IBM
2025-12-02,9:45:15.438040524,T,307.43,120,307.95,40,IBM
2025-12-02,9:45:16.294835064,T,307.43,40,307.95,40,IBM
2025-12-02,9:45:20.234614293,T,307.42,40,307.95,40,IBM
2025-12-02,9:45:20.234919989,T,307.42,40,307.65,40,IBM
2025-12-02,9:45:20.262565742,T,307.42,40,307.64,40,IBM
2025-12-02,9:45:20.666026177,T,307.42,40,307.63,40,IBM
2025-12-02,9:45:22.343294109,T,307.42,40,307.62,40,IBM
2025-12-02,9:45:23.014321486,T,307.42,40,307.61,40,IBM
2025-12-02,9:45:23.014341626,T,307.41,120,307.61,40,IBM
2025-12-02,9:45:23.014361614,T,307.41,80,307.61,40,IBM
2025-12-02,9:45:23.014366689,T,307.4,40,307.61,40,IBM
2025-12-02,9:45:23.014386692,T,307.39,40,307.61,40,IBM
2025-12-02,9:45:23.014411736,T,307.23,40,307.61,40,IBM
2025-12-02,9:45:23.014426833,T,307.15,40,307.61,40,IBM
2025-12-02,9:45:23.114545079,T,307.15,40,307.66,40,IBM
2025-12-02,9:45:23.218963780,T,307.15,40,307.53,40,IBM
2025-12-02,9:45:24.014678165,T,307.3,40,307.53,40,IBM
2025-12-02,9:45:26.107575450,T,307.3,80,307.53,40,IBM
2025-12-02,9:45:26.108522915,T,307.3,80,307.78,40,IBM
2025-12-02,9:45:26.108547781,T,307.3,80,307.86,40,IBM
2025-12-02,9:45:26.108733636,T,307.3,120,307.86,40,IBM
2025-12-02,9:45:26.142207876,T,307.3,120,307.67,40,IBM
2025-12-02,9:45:26.216088811,T,307.3,120,307.53,40,IBM
2025-12-02,9:45:28.287720556,T,307.3,80,307.53,40,IBM
2025-12-02,9:45:28.287745533,T,307.3,80,307.44,40,IBM
2025-12-02,9:45:32.493928974,T,307.3,80,307.67,40,IBM
2025-12-02,9:45:35.233836811,T,307.3,120,307.67,40,IBM
2025-12-02,9:45:35.233871862,T,307.37,40,307.67,40,IBM
2025-12-02,9:45:35.233911960,T,307.37,80,307.67,40,IBM
2025-12-02,9:45:35.235716330,T,307.37,40,307.67,40,IBM
2025-12-02,9:45:35.238863745,T,307.37,80,307.67,40,IBM
2025-12-02,9:45:35.238893822,T,307.41,40,307.67,40,IBM
2025-12-02,9:45:35.239415127,T,307.41,40,307.86,40,IBM
2025-12-02,9:45:35.239480216,T,307.41,40,307.94,40,IBM
2025-12-02,9:45:35.243108847,T,307.37,80,307.94,40,IBM
2025-12-02,9:45:35.253273077,T,307.37,40,307.94,40,IBM
2025-12-02,9:45:35.276593562,T,307.44,40,307.94,40,IBM
2025-12-02,9:45:35.276618590,T,307.37,40,307.94,40,IBM
2025-12-02,9:45:35.276618590,T,307.43,40,307.94,40,IBM
2025-12-02,9:45:35.276643697,T,307.55,40,307.94,40,IBM
2025-12-02,9:45:35.276678841,T,307.55,40,307.96,40,IBM
2025-12-02,9:45:35.277290257,T,307.55,40,307.99,200,IBM
2025-12-02,9:45:35.277535781,T,307.55,40,307.99,40,IBM
2025-12-02,9:45:35.470124262,T,307.37,40,307.99,40,IBM
2025-12-02,9:45:35.487721120,T,307.56,40,307.99,40,IBM
2025-12-02,9:45:35.487941649,T,307.56,80,307.99,40,IBM
2025-12-02,9:45:35.880395952,T,307.56,40,307.99,40,IBM
2025-12-02,9:45:40.097605505,T,307.57,40,307.99,40,IBM
2025-12-02,9:45:40.097675576,T,307.57,80,307.99,40,IBM
2025-12-02,9:45:40.151659160,T,307.57,120,307.99,40,IBM
2025-12-02,9:45:44.958823290,T,307.57,120,308.02,40,IBM
2025-12-02,9:45:53.005975248,T,307.58,40,308.02,40,IBM
2025-12-02,9:45:53.005985292,T,307.58,40,308.1,40,IBM
2025-12-02,9:45:53.006025376,T,307.58,40,308.15,40,IBM
2025-12-02,9:45:53.006140596,T,307.58,40,308.18,40,IBM
2025-12-02,9:45:53.012886629,T,307.57,120,308.18,40,IBM
2025-12-02,9:45:53.027421278,T,307.57,120,308.15,40,IBM
2025-12-02,9:45:53.034558229,T,307.57,120,307.97,40,IBM
2025-12-02,9:45:53.636791971,T,307.57,120,307.96,40,IBM
2025-12-02,9:45:54.686871834,T,307.57,120,307.95,40,IBM
2025-12-02,9:45:54.686942051,T,307.58,40,307.95,40,IBM
2025-12-02,9:45:54.689092217,T,307.58,40,308.15,40,IBM
2025-12-02,9:45:54.689117239,T,307.78,40,308.15,40,IBM
2025-12-02,9:45:54.689132348,T,307.78,40,308.18,40,IBM
2025-12-02,9:45:54.689162357,T,307.78,40,308.19,200,IBM
2025-12-02,9:45:54.689192587,T,307.79,40,308.19,200,IBM
2025-12-02,9:45:54.689212493,T,307.79,80,308.19,200,IBM
2025-12-02,9:45:54.689774027,T,307.79,80,308.26,40,IBM
2025-12-02,9:45:54.689859008,T,307.79,120,308.26,40,IBM
2025-12-02,9:45:54.689873980,T,307.79,120,308.31,40,IBM
