DATE,TIME_M,EX,BID,BIDSIZ,ASK,ASKSIZ,SYM_ROOT
2025-10-03,9:30:01.124804465,T,286.0,200,288.0,300,IBM
2025-10-03,9:30:01.124839571,T,286.0,100,288.0,300,IBM
2025-10-03,9:30:01.124839571,T,286.0,200,288.0,300,IBM
2025-10-03,9:30:01.136567451,T,286.0,100,288.0,300,IBM
2025-10-03,9:30:01.500960064,T,286.08,100,288.0,300,IBM
2025-10-03,9:30:01.501235883,T,287.4,100,288.0,300,IBM
2025-10-03,9:30:01.501235883,T,286.08,100,288.0,300,IBM
2025-10-03,9:30:01.501421149,T,286.08,100,287.9,100,IBM
2025-10-03,9:30:01.501426086,T,286.08,100,287.9,200,IBM
2025-10-03,9:30:01.501656717,T,286.08,100,287.9,300,IBM
2025-10-03,9:30:01.501661706,T,286.08,100,287.9,400,IBM
2025-10-03,9:30:01.501706927,T,286.08,100,287.9,500,IBM
2025-10-03,9:30:01.501711781,T,286.08,100,287.9,600,IBM
2025-10-03,9:30:01.501827115,T,286.0,100,287.9,600,IBM
2025-10-03,9:30:02.545426686,T,286.0,100,287.9,500,IBM
2025-10-03,9:30:02.545431671,T,286.0,100,287.9,400,IBM
2025-10-03,9:30:02.545436672,T,286.0,100,287.9,300,IBM
2025-10-03,9:30:02.545441692,T,286.0,100,287.9,200,IBM
2025-10-03,9:30:02.545446731,T,286.0,100,287.9,100,IBM
2025-10-03,9:30:02.545451718,T,286.0,100,287.95,100,IBM
2025-10-03,9:30:02.545476774,T,286.0,100,287.83,600,IBM
2025-10-03,9:30:05.877248454,T,286.49,100,287.83,600,IBM
2025-10-03,9:30:05.978459340,T,286.49,100,287.83,200,IBM
2025-10-03,9:30:05.978479443,T,286.49,100,287.88,100,IBM
2025-10-03,9:30:05.978489360,T,286.5,100,287.88,100,IBM
2025-10-03,9:30:05.978504682,T,287.83,100,287.88,100,IBM
2025-10-03,9:30:05.979181064,T,286.84,100,287.88,100,IBM
2025-10-03,9:30:05.979201148,T,286.5,100,287.88,100,IBM
2025-10-03,9:30:05.979361481,T,286.8,100,287.88,100,IBM
2025-10-03,9:30:05.979426696,T,286.8,100,288.0,300,IBM
2025-10-03,9:30:05.979446697,T,286.84,100,288.0,300,IBM
2025-10-03,9:30:05.979451747,T,287.15,100,288.0,300,IBM
2025-10-03,9:30:05.979527156,T,286.84,100,288.0,300,IBM
2025-10-03,9:30:05.979842576,T,286.49,100,288.0,300,IBM
2025-10-03,9:30:05.979842576,T,286.5,100,288.0,300,IBM
2025-10-03,9:30:05.979852638,T,286.5,100,287.97,200,IBM
2025-10-03,9:30:05.981045516,T,287.07,100,287.97,200,IBM
2025-10-03,9:30:10.332309232,T,286.5,100,287.97,200,IBM
2025-10-03,9:30:15.905582406,T,287.07,100,287.97,200,IBM
2025-10-03,9:30:17.017800102,T,286.5,100,287.97,200,IBM
2025-10-03,9:30:17.108190352,T,287.07,100,287.97,200,IBM
2025-10-03,9:30:19.888023176,T,286.5,100,287.97,200,IBM
2025-10-03,9:30:20.093517451,T,287.07,100,287.97,200,IBM
2025-10-03,9:30:21.281460394,T,286.5,100,287.97,200,IBM
2025-10-03,9:30:21.281555584,T,287.07,100,287.97,200,IBM
2025-10-03,9:30:21.281686002,T,287.07,100,287.96,200,IBM
2025-10-03,9:30:21.923704348,T,287.07,100,288.0,300,IBM
2025-10-03,9:30:21.923734444,T,287.49,100,288.0,300,IBM
2025-10-03,9:30:21.923734444,T,287.51,100,288.0,300,IBM
2025-10-03,9:30:21.923764837,T,287.28,100,288.0,300,IBM
2025-10-03,9:30:21.923764837,T,287.49,100,288.0,300,IBM
2025-10-03,9:30:21.923975148,T,287.49,100,288.0,200,IBM
2025-10-03,9:30:21.923975148,T,287.49,100,288.0,100,IBM
2025-10-03,9:30:21.923980046,T,287.49,100,289.24,200,IBM
2025-10-03,9:30:21.923980046,T,287.53,100,289.24,200,IBM
2025-10-03,9:30:21.924010094,T,287.6,100,289.24,200,IBM
2025-10-03,9:30:21.924185436,T,287.6,100,288.14,200,IBM
2025-10-03,9:30:21.924741840,T,287.53,100,288.14,200,IBM
2025-10-03,9:30:21.925032484,T,287.28,100,288.14,200,IBM
2025-10-03,9:30:21.925037501,T,287.07,100,288.14,200,IBM
2025-10-03,9:30:21.925102732,T,287.07,100,288.0,200,IBM
2025-10-03,9:30:21.925107683,T,287.07,100,288.0,100,IBM
2025-10-03,9:30:21.925107683,T,287.07,100,288.0,200,IBM
2025-10-03,9:30:21.925127793,T,287.25,100,288.0,200,IBM
2025-10-03,9:30:21.925137786,T,287.15,100,288.0,200,IBM
2025-10-03,9:30:21.925152825,T,287.15,100,288.0,500,IBM
2025-10-03,9:30:21.925162858,T,287.15,100,288.0,400,IBM
2025-10-03,9:30:21.925187825,T,287.15,100,288.0,300,IBM
2025-10-03,9:30:21.925192857,T,287.15,100,288.0,200,IBM
2025-10-03,9:30:21.926004835,T,287.07,100,288.0,200,IBM
2025-10-03,9:30:21.926245402,T,286.64,100,288.0,200,IBM
2025-10-03,9:30:21.941952772,T,286.64,100,289.24,200,IBM
2025-10-03,9:30:21.941988180,T,287.28,100,289.24,200,IBM
2025-10-03,9:30:21.950313053,T,286.64,100,289.24,200,IBM
2025-10-03,9:30:22.082572535,T,287.15,100,289.24,200,IBM
2025-10-03,9:30:22.449791797,T,287.51,100,289.24,200,IBM
2025-10-03,9:30:22.449897387,T,287.15,100,289.24,200,IBM
2025-10-03,9:30:22.449901995,T,287.52,100,289.24,200,IBM
2025-10-03,9:30:22.449967230,T,287.63,100,289.24,200,IBM
2025-10-03,9:30:22.449997262,T,287.52,100,289.24,200,IBM
2025-10-03,9:30:22.450002275,T,287.82,100,289.24,200,IBM
2025-10-03,9:30:22.450603734,T,287.52,100,289.24,200,IBM
2025-10-03,9:30:22.450608757,T,287.82,100,289.24,200,IBM
2025-10-03,9:30:22.454412790,T,287.52,100,289.24,200,IBM
2025-10-03,9:30:22.458081504,T,287.07,100,289.24,200,IBM
2025-10-03,9:30:22.469147859,T,286.64,100,289.24,200,IBM
2025-10-03,9:30:22.486814974,T,287.07,100,289.24,200,IBM
2025-10-03,9:30:23.487406991,T,286.64,100,289.24,200,IBM
2025-10-03,9:30:24.948891252,T,287.07,100,289.24,200,IBM
2025-10-03,9:30:25.367392561,T,286.64,100,289.24,200,IBM
2025-10-03,9:30:25.939103471,T,286.65,100,289.24,200,IBM
2025-10-03,9:30:25.947533593,T,286.84,100,289.24,200,IBM
2025-10-03,9:30:29.654067640,T,287.07,100,289.24,200,IBM
2025-10-03,9:30:30.016360101,T,287.31,100,289.24,200,IBM
2025-10-03,9:30:30.037710915,T,287.07,100,289.24,200,IBM
2025-10-03,9:30:30.037715960,T,287.07,100,288.68,100,IBM
2025-10-03,9:30:32.823322690,T,286.84,100,288.68,100,IBM
2025-10-03,9:30:33.480351809,T,286.85,100,288.68,100,IBM
2025-10-03,9:30:42.427311411,T,287.06,100,288.68,100,IBM
2025-10-03,9:30:46.945988802,T,287.06,100,289.24,200,IBM
2025-10-03,9:30:46.953892680,T,287.25,100,289.24,200,IBM
2025-10-03,9:30:47.704033418,T,287.34,100,289.24,200,IBM
2025-10-03,9:30:47.889439795,T,287.44,100,289.24,200,IBM
2025-10-03,9:30:47.925605924,T,287.44,200,289.24,200,IBM
2025-10-03,9:30:47.942175424,T,287.49,100,289.24,200,IBM
2025-10-03,9:30:47.972297112,T,288.27,100,289.24,200,IBM
2025-10-03,9:30:47.972307130,T,287.34,100,289.24,200,IBM
2025-10-03,9:30:47.972522657,T,287.34,200,289.24,200,IBM
2025-10-03,9:30:47.972978762,T,287.51,100,289.24,200,IBM
2025-10-03,9:30:47.973018807,T,287.54,100,289.24,200,IBM
2025-10-03,9:30:47.973409720,T,287.51,100,289.24,200,IBM
2025-10-03,9:30:47.973444831,T,287.44,100,289.24,200,IBM
2025-10-03,9:30:47.980857483,T,287.51,100,289.24,200,IBM
2025-10-03,9:30:48.142893268,T,287.51,200,289.24,200,IBM
2025-10-03,9:30:48.150721849,T,287.51,100,289.24,200,IBM
2025-10-03,9:30:48.181881039,T,287.51,200,289.24,200,IBM
2025-10-03,9:30:48.260202643,T,287.51,100,289.24,200,IBM
2025-10-03,9:30:48.699753947,T,287.51,200,289.24,200,IBM
2025-10-03,9:30:49.142888933,T,287.51,200,288.92,100,IBM
2025-10-03,9:30:49.142914031,T,287.51,200,288.74,100,IBM
2025-10-03,9:30:51.118366895,T,287.51,300,288.74,100,IBM
2025-10-03,9:30:51.118396970,T,287.51,200,288.74,100,IBM
2025-10-03,9:30:53.246718664,T,287.52,100,288.74,100,IBM
2025-10-03,9:30:53.246793922,T,287.52,100,288.74,200,IBM
2025-10-03,9:30:53.246819020,T,287.52,100,288.73,100,IBM
2025-10-03,9:30:53.247219871,T,287.52,200,288.73,100,IBM
2025-10-03,9:30:53.247575686,T,287.52,200,288.73,200,IBM
2025-10-03,9:30:53.667680823,T,287.52,200,288.73,100,IBM
2025-10-03,9:31:00.029310805,T,287.87,200,288.73,100,IBM
2025-10-03,9:31:00.047228457,T,287.87,300,288.73,100,IBM
2025-10-03,9:31:00.058074235,T,287.87,300,289.06,200,IBM
2025-10-03,9:31:00.058144356,T,287.88,100,289.06,200,IBM
2025-10-03,9:31:00.066394061,T,287.87,200,289.06,200,IBM
2025-10-03,9:31:00.107912934,T,287.88,100,289.06,200,IBM
2025-10-03,9:31:00.107948006,T,287.87,200,289.06,200,IBM
2025-10-03,9:31:00.107953008,T,288.42,100,289.06,200,IBM
2025-10-03,9:31:00.108414047,T,288.54,100,289.06,200,IBM
2025-10-03,9:31:00.111726952,T,288.54,100,289.24,200,IBM
2025-10-03,9:31:00.112538881,T,287.88,100,289.24,200,IBM
2025-10-03,9:31:00.112553910,T,287.87,300,289.24,200,IBM
2025-10-03,9:31:00.112609102,T,287.87,200,289.24,200,IBM
2025-10-03,9:31:00.112979932,T,287.87,300,289.24,200,IBM
2025-10-03,9:31:00.433994238,T,287.87,200,289.24,200,IBM
2025-10-03,9:31:00.457019032,T,287.87,300,289.24,200,IBM
2025-10-03,9:31:00.459936019,T,287.87,400,289.24,200,IBM
2025-10-03,9:31:00.459971049,T,287.88,100,289.24,200,IBM
2025-10-03,9:31:00.460928330,T,287.87,300,289.24,200,IBM
2025-10-03,9:31:00.467724508,T,287.87,200,289.24,200,IBM
2025-10-03,9:31:00.468080355,T,287.87,300,289.24,200,IBM
2025-10-03,9:31:04.131161058,T,287.87,400,289.24,200,IBM
2025-10-03,9:31:04.131256266,T,287.87,300,289.24,200,IBM
2025-10-03,9:31:04.131652231,T,287.88,100,289.24,200,IBM
2025-10-03,9:31:04.132048208,T,287.87,200,289.24,200,IBM
2025-10-03,9:31:04.132153409,T,287.87,200,289.02,100,IBM
2025-10-03,9:31:05.063390263,T,287.51,100,289.02,100,IBM
2025-10-03,9:31:05.063395298,T,288.17,200,289.02,100,IBM
2025-10-03,9:31:05.063610759,T,288.17,300,289.02,100,IBM
2025-10-03,9:31:14.825906444,T,288.17,200,289.02,100,IBM
2025-10-03,9:31:14.845879099,T,288.17,300,289.02,100,IBM
2025-10-03,9:31:16.164728868,T,288.17,100,289.02,100,IBM
2025-10-03,9:31:16.164733843,T,288.34,200,289.02,100,IBM
2025-10-03,9:31:32.651192653,T,288.34,200,289.02,200,IBM
2025-10-03,9:31:34.279980174,T,288.34,200,289.02,300,IBM
2025-10-03,9:31:37.198192584,T,288.34,200,288.99,100,IBM
2025-10-03,9:31:37.198448194,T,288.34,200,288.99,200,IBM
2025-10-03,9:31:37.198633599,T,288.34,200,288.59,100,IBM
2025-10-03,9:31:37.198864206,T,288.34,200,288.99,100,IBM
2025-10-03,9:31:37.200548194,T,288.34,200,288.91,100,IBM
2025-10-03,9:31:37.201685882,T,287.51,100,288.91,100,IBM
2025-10-03,9:31:37.201690841,T,288.15,200,288.91,100,IBM
2025-10-03,9:31:37.219072295,T,288.15,200,288.91,200,IBM
2025-10-03,9:31:37.500126369,T,288.15,200,288.91,300,IBM
2025-10-03,9:31:39.044653319,T,288.15,200,288.91,200,IBM
2025-10-03,9:31:46.526996940,T,288.15,200,288.91,100,IBM
2025-10-03,9:31:46.526996940,T,288.15,200,289.24,200,IBM
2025-10-03,9:31:46.527036243,T,288.31,100,289.24,200,IBM
2025-10-03,9:31:46.527036243,T,288.37,100,289.24,200,IBM
2025-10-03,9:31:46.527051369,T,288.4,100,289.24,200,IBM
2025-10-03,9:31:46.527056711,T,288.65,100,289.24,200,IBM
2025-10-03,9:31:46.527617661,T,288.5,100,289.24,200,IBM
2025-10-03,9:31:46.527617661,T,288.65,100,289.24,200,IBM
2025-10-03,9:31:46.535331028,T,288.41,100,289.24,200,IBM
2025-10-03,9:31:46.627274950,T,288.15,200,289.24,200,IBM
2025-10-03,9:31:47.541972590,T,288.15,200,289.22,100,IBM
2025-10-03,9:31:48.216162587,T,288.15,200,289.07,100,IBM
2025-10-03,9:31:50.171412246,T,288.0,100,289.07,100,IBM
2025-10-03,9:31:50.171417295,T,288.35,200,289.07,100,IBM
2025-10-03,9:31:54.983252748,T,288.35,200,288.89,100,IBM
2025-10-03,9:31:55.712413571,T,288.35,200,289.24,200,IBM
2025-10-03,9:32:01.161345774,T,288.35,200,289.2,200,IBM
2025-10-03,9:32:03.479248663,T,288.35,200,288.89,100,IBM
2025-10-03,9:32:04.304032111,T,288.35,200,289.2,200,IBM
2025-10-03,9:32:04.304052177,T,288.66,100,289.2,200,IBM
2025-10-03,9:32:04.312346944,T,288.35,200,289.2,200,IBM
2025-10-03,9:32:04.312381985,T,288.35,200,289.2,300,IBM
2025-10-03,9:32:04.929180417,T,288.74,100,289.2,300,IBM
2025-10-03,9:32:05.913734308,T,288.74,100,289.2,200,IBM
2025-10-03,9:32:06.776438033,T,288.74,100,289.24,200,IBM
2025-10-03,9:32:12.920529855,T,288.35,200,289.24,200,IBM
2025-10-03,9:32:12.981520057,T,288.32,100,289.24,200,IBM
2025-10-03,9:32:12.981530103,T,288.58,200,289.24,200,IBM
2025-10-03,9:32:20.324445868,T,288.58,200,289.24,100,IBM
2025-10-03,9:32:20.324445868,T,288.58,200,289.5,200,IBM
2025-10-03,9:32:20.324505980,T,288.82,100,289.5,200,IBM
2025-10-03,9:32:20.324511072,T,289.07,100,289.5,200,IBM
2025-10-03,9:32:20.324521021,T,288.82,100,289.5,200,IBM
2025-10-03,9:32:20.324686429,T,288.82,100,289.47,100,IBM
2025-10-03,9:32:20.324686429,T,288.82,100,289.47,200,IBM
2025-10-03,9:32:20.324741611,T,288.82,100,289.47,300,IBM
2025-10-03,9:32:20.324881894,T,288.82,100,289.47,400,IBM
2025-10-03,9:32:20.325112409,T,288.82,100,289.47,500,IBM
2025-10-03,9:32:20.325142558,T,288.58,200,289.47,500,IBM
2025-10-03,9:32:20.503381823,T,288.58,200,289.47,400,IBM
2025-10-03,9:32:20.503381823,T,288.58,200,289.47,300,IBM
2025-10-03,9:32:20.503386886,T,288.58,200,289.29,100,IBM
2025-10-03,9:32:20.503386886,T,288.58,200,289.29,200,IBM
2025-10-03,9:32:20.503416925,T,288.58,200,289.29,500,IBM
2025-10-03,9:32:20.533358189,T,288.58,200,289.29,400,IBM
2025-10-03,9:32:20.533393365,T,288.58,200,289.29,300,IBM
2025-10-03,9:32:22.866858478,T,288.32,100,289.29,300,IBM
2025-10-03,9:32:22.866868436,T,288.72,200,289.29,300,IBM
2025-10-03,9:32:24.319928184,T,288.72,200,289.5,200,IBM
2025-10-03,9:32:24.319963017,T,289.09,100,289.5,200,IBM
2025-10-03,9:32:24.320038180,T,289.12,100,289.5,200,IBM
2025-10-03,9:32:24.320113312,T,289.09,100,289.5,200,IBM
2025-10-03,9:32:24.320133423,T,288.72,200,289.5,200,IBM
2025-10-03,9:32:24.320358926,T,289.18,100,289.5,200,IBM
2025-10-03,9:32:24.415079407,T,288.72,200,289.5,200,IBM
2025-10-03,9:32:24.415079407,T,289.29,100,289.5,200,IBM
2025-10-03,9:32:24.420046265,T,289.34,100,289.5,200,IBM
2025-10-03,9:32:24.965720311,T,288.72,200,289.5,200,IBM
2025-10-03,9:32:29.930539746,T,289.1,100,289.5,200,IBM
2025-10-03,9:32:29.930554780,T,289.1,100,289.5,100,IBM
2025-10-03,9:32:29.930554780,T,289.1,100,289.79,200,IBM
2025-10-03,9:32:29.930554780,T,289.11,100,289.79,200,IBM
2025-10-03,9:32:29.930584853,T,289.17,100,289.79,200,IBM
2025-10-03,9:32:29.930614914,T,289.28,100,289.79,200,IBM
2025-10-03,9:32:29.938829481,T,288.72,200,289.79,200,IBM
2025-10-03,9:32:35.052518553,T,288.72,200,289.58,100,IBM
2025-10-03,9:32:39.572012775,T,288.72,200,289.99,200,IBM
2025-10-03,9:32:39.572107991,T,289.05,100,289.99,200,IBM
2025-10-03,9:32:39.572854737,T,288.72,200,289.99,200,IBM
2025-10-03,9:32:39.575536084,T,288.32,100,289.99,200,IBM
2025-10-03,9:32:39.575546120,T,288.98,200,289.99,200,IBM
2025-10-03,9:32:40.215710316,T,288.98,200,290.0,200,IBM
2025-10-03,9:32:43.789322673,T,288.85,100,290.0,200,IBM
2025-10-03,9:32:43.789322673,T,289.16,200,290.0,200,IBM
2025-10-03,9:32:44.238361736,T,289.16,200,289.83,100,IBM
2025-10-03,9:32:46.536838624,T,289.66,100,289.83,100,IBM
2025-10-03,9:32:52.188402931,T,289.66,100,289.83,200,IBM
2025-10-03,9:32:52.188402931,T,289.66,100,289.83,300,IBM
2025-10-03,9:32:54.305488412,T,289.3,200,289.83,300,IBM
2025-10-03,9:32:54.305513051,T,289.3,200,289.67,100,IBM
2025-10-03,9:32:54.305543115,T,289.3,200,289.83,200,IBM
2025-10-03,9:32:54.305588512,T,289.3,200,289.83,300,IBM
2025-10-03,9:32:54.305598225,T,289.3,200,289.83,400,IBM
2025-10-03,9:32:54.305773689,T,289.3,200,289.83,300,IBM
2025-10-03,9:32:54.305929075,T,289.3,200,289.83,200,IBM
2025-10-03,9:32:54.305974109,T,289.67,100,289.83,200,IBM
2025-10-03,9:32:54.306014239,T,289.3,200,289.83,200,IBM
2025-10-03,9:32:54.375188960,T,289.3,200,289.83,100,IBM
2025-10-03,9:32:54.375193924,T,289.3,200,290.0,200,IBM
2025-10-03,9:32:54.387518322,T,289.3,200,289.98,100,IBM
2025-10-03,9:32:54.899898064,T,289.3,200,289.83,100,IBM
2025-10-03,9:32:54.899933152,T,289.3,200,289.83,200,IBM
2025-10-03,9:32:55.292091790,T,288.88,100,289.83,200,IBM
2025-10-03,9:32:55.292091790,T,289.13,200,289.83,200,IBM
2025-10-03,9:32:58.741974696,T,289.13,200,289.83,100,IBM
2025-10-03,9:32:58.742200231,T,289.13,200,290.0,200,IBM
2025-10-03,9:33:00.298395008,T,289.13,200,289.6,100,IBM
2025-10-03,9:33:00.298430129,T,289.13,200,289.6,200,IBM
2025-10-03,9:33:00.298565676,T,289.13,200,289.6,100,IBM
2025-10-03,9:33:00.298570398,T,289.13,200,289.98,100,IBM
2025-10-03,9:33:00.298590508,T,289.13,200,290.0,300,IBM
2025-10-03,9:33:00.298595442,T,289.13,200,290.0,200,IBM
2025-10-03,9:33:00.298821018,T,289.13,200,289.6,100,IBM
2025-10-03,9:33:00.298846137,T,289.13,200,289.98,100,IBM
2025-10-03,9:33:00.303151403,T,289.13,200,290.0,200,IBM
2025-10-03,9:33:05.774591957,T,289.49,100,290.0,200,IBM
2025-10-03,9:33:05.774616938,T,289.5,100,290.0,200,IBM
2025-10-03,9:33:05.774907603,T,289.55,100,290.0,200,IBM
2025-10-03,9:33:05.774937617,T,289.65,100,290.0,200,IBM
2025-10-03,9:33:05.775388720,T,289.55,100,290.0,200,IBM
2025-10-03,9:33:05.775388720,T,289.5,100,290.0,200,IBM
2025-10-03,9:33:05.775408778,T,289.13,200,290.0,200,IBM
2025-10-03,9:33:05.825377701,T,289.13,200,290.0,300,IBM
2025-10-03,9:33:05.825412765,T,289.13,200,289.98,100,IBM
2025-10-03,9:33:05.825678408,T,289.5,100,289.98,100,IBM
2025-10-03,9:33:05.825944095,T,289.5,100,290.0,300,IBM
2025-10-03,9:33:05.825989145,T,289.5,100,290.0,200,IBM
2025-10-03,9:33:05.826019257,T,289.54,100,290.0,200,IBM
2025-10-03,9:33:05.826279845,T,289.65,100,290.0,200,IBM
2025-10-03,9:33:10.286407905,T,289.77,100,290.0,200,IBM
2025-10-03,9:33:10.292286947,T,289.77,100,289.94,100,IBM
2025-10-03,9:33:12.441668927,T,289.77,100,290.0,200,IBM
2025-10-03,9:33:12.441693943,T,289.93,100,290.0,200,IBM
2025-10-03,9:33:12.441729048,T,289.13,200,290.0,200,IBM
2025-10-03,9:33:12.444916868,T,289.13,200,290.0,100,IBM
2025-10-03,9:33:12.445332666,T,289.13,200,290.24,200,IBM
2025-10-03,9:33:12.445513027,T,289.13,200,291.61,200,IBM
2025-10-03,9:33:12.445523100,T,289.13,200,290.42,200,IBM
2025-10-03,9:33:12.447202140,T,289.17,100,290.42,200,IBM
2025-10-03,9:33:12.447227220,T,289.13,300,290.42,200,IBM
2025-10-03,9:33:12.447247352,T,289.13,200,290.42,200,IBM
2025-10-03,9:33:12.448094278,T,289.13,200,290.0,100,IBM
2025-10-03,9:33:12.448154377,T,289.13,200,290.42,200,IBM
2025-10-03,9:33:12.449201865,T,289.17,100,290.42,200,IBM
2025-10-03,9:33:12.449226927,T,289.13,200,290.42,200,IBM
2025-10-03,9:33:12.457215987,T,289.77,100,290.42,200,IBM
2025-10-03,9:33:12.457266010,T,289.49,100,290.42,200,IBM
2025-10-03,9:33:12.459270823,T,289.78,100,290.42,200,IBM
2025-10-03,9:33:12.461766729,T,289.83,100,290.42,200,IBM
2025-10-03,9:33:12.474592381,T,289.83,200,290.42,200,IBM
2025-10-03,9:33:12.479534116,T,289.95,100,290.42,200,IBM
2025-10-03,9:33:12.487337678,T,289.83,100,290.42,200,IBM
2025-10-03,9:33:12.487518082,T,289.78,100,290.42,200,IBM
2025-10-03,9:33:12.488796166,T,289.95,100,290.42,200,IBM
2025-10-03,9:33:12.488986578,T,289.95,100,291.74,100,IBM
2025-10-03,9:33:12.492860795,T,289.78,100,291.74,100,IBM
2025-10-03,9:33:12.513610232,T,289.95,100,291.74,100,IBM
2025-10-03,9:33:12.535151510,T,289.78,100,291.74,100,IBM
2025-10-03,9:33:12.547220255,T,289.57,100,291.74,100,IBM
2025-10-03,9:33:12.564691852,T,289.57,100,290.35,100,IBM
2025-10-03,9:33:12.599484667,T,289.61,100,290.35,100,IBM
2025-10-03,9:33:12.599509797,T,289.77,100,290.35,100,IBM
2025-10-03,9:33:12.599524867,T,289.95,100,290.35,100,IBM
2025-10-03,9:33:12.599544867,T,289.77,100,290.35,100,IBM
2025-10-03,9:33:12.599544867,T,289.95,100,290.35,100,IBM
2025-10-03,9:33:12.622554630,T,289.49,100,290.35,100,IBM
2025-10-03,9:33:12.777563802,T,289.61,100,290.35,100,IBM
2025-10-03,9:33:12.777588840,T,289.95,100,290.35,100,IBM
2025-10-03,9:33:12.782515544,T,289.49,100,290.35,100,IBM
2025-10-03,9:33:12.783102077,T,289.61,100,290.35,100,IBM
2025-10-03,9:33:13.165101340,T,289.13,200,290.35,100,IBM
2025-10-03,9:33:13.660034564,T,289.13,200,290.61,200,IBM
2025-10-03,9:33:16.306960793,T,289.13,200,290.35,100,IBM
2025-10-03,9:33:16.336796752,T,289.13,200,290.61,200,IBM
2025-10-03,9:33:16.538111053,T,289.13,200,290.35,100,IBM
2025-10-03,9:33:16.955098707,T,289.13,200,290.61,200,IBM
2025-10-03,9:33:16.955163897,T,289.49,100,290.61,200,IBM
2025-10-03,9:33:16.955163897,T,290.12,100,290.61,200,IBM
2025-10-03,9:33:16.955173963,T,290.14,100,290.61,200,IBM
2025-10-03,9:33:16.955579875,T,290.14,100,291.74,100,IBM
2025-10-03,9:33:16.955589910,T,290.14,100,290.81,200,IBM
2025-10-03,9:33:16.955599909,T,290.15,100,290.81,200,IBM
2025-10-03,9:33:16.955609947,T,290.14,100,290.81,200,IBM
2025-10-03,9:33:17.055171940,T,289.61,100,290.81,200,IBM
2025-10-03,9:33:17.202602931,T,289.65,100,290.81,200,IBM
2025-10-03,9:33:17.225622757,T,289.61,100,290.81,200,IBM
2025-10-03,9:33:18.549519518,T,290.14,100,290.81,200,IBM
2025-10-03,9:33:18.549549540,T,290.35,100,290.81,200,IBM
2025-10-03,9:33:18.551123327,T,289.49,100,290.81,200,IBM
2025-10-03,9:33:18.557804224,T,289.13,200,290.81,200,IBM
2025-10-03,9:33:20.375636815,T,289.17,100,290.81,200,IBM
2025-10-03,9:33:20.375646911,T,290.35,100,290.81,200,IBM
2025-10-03,9:33:20.375812292,T,290.35,100,292.0,100,IBM
2025-10-03,9:33:20.375817319,T,290.35,100,291.0,200,IBM
2025-10-03,9:33:20.585972637,T,290.41,100,291.0,200,IBM
2025-10-03,9:33:21.050754018,T,290.42,100,291.0,200,IBM
2025-10-03,9:33:21.050784099,T,290.41,100,291.0,200,IBM
2025-10-03,9:33:21.325969237,T,290.42,100,291.0,200,IBM
2025-10-03,9:33:21.326189912,T,290.5,100,291.0,200,IBM
2025-10-03,9:33:21.326194761,T,290.41,100,291.0,200,IBM
2025-10-03,9:33:21.341441017,T,290.5,100,291.0,200,IBM
2025-10-03,9:33:21.486486397,T,290.5,100,292.0,100,IBM
2025-10-03,9:33:21.486491322,T,290.5,100,291.19,200,IBM
2025-10-03,9:33:21.554874151,T,290.41,100,291.19,200,IBM
2025-10-03,9:33:21.555600844,T,290.58,100,291.19,200,IBM
2025-10-03,9:33:21.691469468,T,290.64,100,291.19,200,IBM
2025-10-03,9:33:21.691780055,T,290.72,100,291.19,200,IBM
2025-10-03,9:33:21.691810153,T,290.72,100,291.0,100,IBM
2025-10-03,9:33:21.691870592,T,290.72,100,291.19,200,IBM
2025-10-03,9:33:21.691925594,T,290.7,100,291.19,200,IBM
2025-10-03,9:33:21.691930388,T,290.79,100,291.19,200,IBM
2025-10-03,9:33:21.692912818,T,290.72,100,291.19,200,IBM
2025-10-03,9:33:21.694611804,T,290.7,100,291.19,200,IBM
2025-10-03,9:33:21.694897494,T,290.59,100,291.19,200,IBM
2025-10-03,9:33:21.695909872,T,290.41,100,291.19,200,IBM
2025-10-03,9:33:21.697413515,T,290.41,100,291.0,100,IBM
2025-10-03,9:33:21.700926859,T,290.64,100,291.0,100,IBM
2025-10-03,9:33:21.713321371,T,290.41,100,291.0,100,IBM
2025-10-03,9:33:21.814697695,T,290.64,100,291.0,100,IBM
2025-10-03,9:33:22.194907817,T,290.41,100,291.0,100,IBM
2025-10-03,9:33:22.719832578,T,290.41,100,291.0,200,IBM
2025-10-03,9:33:23.848760150,T,290.41,100,291.0,100,IBM
2025-10-03,9:33:24.389126573,T,290.41,100,291.0,200,IBM
2025-10-03,9:33:25.279130304,T,290.41,100,291.0,100,IBM
2025-10-03,9:33:25.473347684,T,290.41,100,291.0,200,IBM
2025-10-03,9:33:26.733552782,T,290.77,100,291.0,200,IBM
2025-10-03,9:33:28.922413716,T,290.41,100,291.0,200,IBM
2025-10-03,9:33:28.923180556,T,290.79,100,291.0,200,IBM
2025-10-03,9:33:29.092794332,T,290.79,100,291.0,100,IBM
2025-10-03,9:33:29.092804371,T,290.79,100,291.39,200,IBM
2025-10-03,9:33:29.092834390,T,290.79,200,291.39,200,IBM
2025-10-03,9:33:29.092864552,T,290.79,100,291.39,200,IBM
2025-10-03,9:33:29.092864552,T,290.83,100,291.39,200,IBM
2025-10-03,9:33:29.093210293,T,290.89,100,291.39,200,IBM
2025-10-03,9:33:29.094257857,T,290.89,100,291.1,100,IBM
2025-10-03,9:33:29.094263110,T,290.41,100,291.1,100,IBM
2025-10-03,9:33:29.094272813,T,290.41,100,291.39,200,IBM
2025-10-03,9:33:29.094298137,T,290.89,100,291.39,200,IBM
2025-10-03,9:33:29.094328004,T,290.41,100,291.39,200,IBM
2025-10-03,9:33:29.094328004,T,290.8,100,291.39,200,IBM
2025-10-03,9:33:29.095696206,T,290.8,100,292.0,100,IBM
2025-10-03,9:33:29.095701229,T,290.8,100,291.59,200,IBM
2025-10-03,9:33:29.095721234,T,290.41,100,291.59,200,IBM
2025-10-03,9:33:31.239063962,T,290.41,100,291.21,100,IBM
2025-10-03,9:33:31.239094008,T,290.41,100,291.2,100,IBM
2025-10-03,9:33:31.239214360,T,290.41,100,291.59,200,IBM
2025-10-03,9:33:31.239500057,T,290.41,100,291.33,100,IBM
2025-10-03,9:33:33.799845459,T,290.41,100,291.59,200,IBM
2025-10-03,9:33:33.800091059,T,290.41,100,291.59,300,IBM
2025-10-03,9:33:33.800091059,T,290.41,100,291.59,400,IBM
2025-10-03,9:33:33.800847839,T,290.41,100,291.59,300,IBM
2025-10-03,9:33:33.800847839,T,290.41,100,291.33,100,IBM
2025-10-03,9:33:33.800872829,T,290.41,100,291.33,200,IBM
2025-10-03,9:33:33.800883095,T,290.41,100,291.33,100,IBM
2025-10-03,9:33:33.800897887,T,290.41,100,291.59,200,IBM
2025-10-03,9:33:33.800943012,T,290.44,100,291.59,200,IBM
2025-10-03,9:33:33.801263815,T,290.41,100,291.59,200,IBM
2025-10-03,9:33:33.801298836,T,290.97,100,291.59,200,IBM
2025-10-03,9:33:33.801328957,T,290.41,100,291.59,200,IBM
2025-10-03,9:33:34.296507779,T,290.41,100,292.0,100,IBM
2025-10-03,9:33:34.296522873,T,290.41,100,291.79,200,IBM
2025-10-03,9:33:38.490176339,T,290.44,200,291.79,200,IBM
2025-10-03,9:33:40.646519848,T,290.44,200,291.4,100,IBM
2025-10-03,9:33:40.646534935,T,290.44,200,291.33,100,IBM
2025-10-03,9:33:40.647246562,T,290.44,200,291.4,100,IBM
2025-10-03,9:33:40.647286981,T,290.44,200,291.39,100,IBM
2025-10-03,9:33:40.647366895,T,290.44,200,291.79,200,IBM
2025-10-03,9:33:42.231974185,T,291.07,100,291.79,200,IBM
2025-10-03,9:33:45.261766982,T,291.07,100,291.31,100,IBM
2025-10-03,9:33:46.754630949,T,291.07,100,291.31,200,IBM
2025-10-03,9:33:47.069430778,T,291.07,100,291.31,100,IBM
2025-10-03,9:33:47.069465464,T,291.07,100,291.79,200,IBM
2025-10-03,9:33:47.069495576,T,291.07,200,291.79,200,IBM
2025-10-03,9:33:47.069500724,T,291.11,100,291.79,200,IBM
2025-10-03,9:33:47.069981862,T,291.09,100,291.79,200,IBM
2025-10-03,9:33:47.069981862,T,291.19,100,291.79,200,IBM
2025-10-03,9:33:47.070598235,T,291.19,100,291.54,100,IBM
2025-10-03,9:33:47.070618283,T,291.07,100,291.54,100,IBM
2025-10-03,9:33:47.070633274,T,291.07,100,291.54,200,IBM
2025-10-03,9:33:47.697460566,T,291.07,100,291.54,100,IBM
2025-10-03,9:33:47.697460566,T,291.07,100,291.79,200,IBM
2025-10-03,9:33:47.697485537,T,291.26,100,291.79,200,IBM
2025-10-03,9:33:47.697495576,T,291.32,100,291.79,200,IBM
2025-10-03,9:33:47.697515604,T,291.07,200,291.79,200,IBM
2025-10-03,9:33:47.697520659,T,291.33,100,291.79,200,IBM
2025-10-03,9:33:47.697721091,T,291.33,100,291.79,300,IBM
2025-10-03,9:33:47.697956672,T,291.36,100,291.79,300,IBM
2025-10-03,9:33:47.698497945,T,291.33,100,291.79,300,IBM
2025-10-03,9:33:47.701705677,T,291.33,100,291.79,100,IBM
2025-10-03,9:33:47.705775277,T,291.07,100,291.79,100,IBM
2025-10-03,9:33:48.069877114,T,291.07,100,291.77,100,IBM
2025-10-03,9:33:48.495806175,T,291.39,100,291.77,100,IBM
2025-10-03,9:33:48.820363898,T,291.39,100,291.77,200,IBM
2025-10-03,9:33:50.848532158,T,291.48,100,291.77,200,IBM
2025-10-03,9:33:52.899334676,T,291.48,100,291.77,100,IBM
2025-10-03,9:33:52.899334676,T,291.48,100,292.04,200,IBM
2025-10-03,9:33:52.899359457,T,291.48,200,292.04,200,IBM
2025-10-03,9:33:52.901153729,T,291.48,200,292.47,100,IBM
2025-10-03,9:33:52.901163772,T,291.48,200,292.34,200,IBM
2025-10-03,9:33:52.906446280,T,291.48,200,292.3,100,IBM
2025-10-03,9:33:52.906481376,T,291.48,100,292.3,100,IBM
2025-10-03,9:33:52.909749172,T,291.48,100,292.34,200,IBM
2025-10-03,9:33:52.910350668,T,291.48,200,292.34,200,IBM
2025-10-03,9:33:52.910666362,T,291.48,100,292.34,200,IBM
2025-10-03,9:33:52.915167101,T,291.64,100,292.34,200,IBM
2025-10-03,9:33:52.915197148,T,291.48,100,292.34,200,IBM
2025-10-03,9:33:52.915217191,T,291.48,200,292.34,200,IBM
2025-10-03,9:33:52.915222175,T,291.48,100,292.34,200,IBM
2025-10-03,9:33:52.915267302,T,291.48,200,292.34,200,IBM
2025-10-03,9:33:52.923557055,T,291.48,100,292.34,200,IBM
2025-10-03,9:33:54.388073466,T,291.48,100,292.0,100,IBM
2025-10-03,9:33:54.649445786,T,291.48,100,292.34,200,IBM
2025-10-03,9:33:54.736538179,T,291.53,100,292.34,200,IBM
2025-10-03,9:33:55.201379919,T,291.53,100,291.99,200,IBM
2025-10-03,9:33:55.201901185,T,291.53,100,292.34,200,IBM
2025-10-03,9:33:56.328492991,T,291.53,100,291.99,200,IBM
2025-10-03,9:34:00.477525388,T,291.53,100,292.34,200,IBM
2025-10-03,9:34:00.628088838,T,291.48,100,292.34,200,IBM
2025-10-03,9:34:00.628093903,T,291.48,100,292.0,100,IBM
2025-10-03,9:34:00.628098863,T,291.53,100,292.0,100,IBM
2025-10-03,9:34:00.628103948,T,291.48,100,292.0,100,IBM
2025-10-03,9:34:00.628153983,T,291.48,100,291.73,100,IBM
2025-10-03,9:34:00.628174176,T,291.48,100,292.0,100,IBM
2025-10-03,9:34:00.628174176,T,291.48,100,291.72,100,IBM
2025-10-03,9:34:00.628489869,T,291.39,100,291.72,100,IBM
2025-10-03,9:34:00.628509879,T,291.39,100,291.54,100,IBM
2025-10-03,9:34:00.628760850,T,291.39,100,291.72,100,IBM
2025-10-03,9:34:00.628990975,T,291.39,100,291.77,100,IBM
2025-10-03,9:34:00.628990975,T,291.39,100,291.71,100,IBM
2025-10-03,9:34:00.629021085,T,291.07,100,291.71,100,IBM
2025-10-03,9:34:00.629031095,T,291.39,100,291.71,100,IBM
2025-10-03,9:34:00.629046197,T,291.39,100,291.46,100,IBM
2025-10-03,9:34:00.629056131,T,291.07,100,291.46,100,IBM
2025-10-03,9:34:00.629161366,T,291.07,100,291.72,100,IBM
2025-10-03,9:34:00.629301775,T,291.07,100,291.76,100,IBM
2025-10-03,9:34:00.629522248,T,291.07,100,292.0,100,IBM
2025-10-03,9:34:00.630193917,T,291.27,100,292.0,100,IBM
2025-10-03,9:34:00.630399312,T,291.27,100,291.6,200,IBM
2025-10-03,9:34:00.638238054,T,291.07,100,291.6,200,IBM
2025-10-03,9:34:01.225330809,T,291.07,100,291.54,100,IBM
2025-10-03,9:34:01.225385716,T,291.07,100,291.6,200,IBM
2025-10-03,9:34:03.247023661,T,291.07,100,291.6,300,IBM
2025-10-03,9:34:03.247078689,T,290.68,200,291.6,300,IBM
2025-10-03,9:34:03.247098864,T,290.68,200,291.11,100,IBM
2025-10-03,9:34:03.247184005,T,290.68,200,291.35,100,IBM
2025-10-03,9:34:03.247640115,T,289.91,100,291.35,100,IBM
2025-10-03,9:34:03.247645068,T,290.46,200,291.35,100,IBM
2025-10-03,9:34:03.247680227,T,290.46,200,291.25,100,IBM
2025-10-03,9:34:03.247865594,T,290.46,200,291.41,100,IBM
2025-10-03,9:34:03.248151256,T,290.46,200,291.6,200,IBM
2025-10-03,9:34:03.257408297,T,290.46,200,291.6,100,IBM
2025-10-03,9:34:03.257588716,T,290.46,200,291.92,100,IBM
2025-10-03,9:34:03.286367273,T,290.83,100,291.92,100,IBM
2025-10-03,9:34:03.286417343,T,290.83,100,291.87,100,IBM
2025-10-03,9:34:03.286437447,T,290.46,200,291.87,100,IBM
2025-10-03,9:34:03.303548128,T,290.46,200,291.92,100,IBM
2025-10-03,9:34:03.347823606,T,290.46,200,292.0,100,IBM
2025-10-03,9:34:18.328707519,T,290.46,200,291.65,200,IBM
2025-10-03,9:34:18.328752586,T,290.46,200,291.65,300,IBM
2025-10-03,9:34:18.329303964,T,290.46,200,291.65,100,IBM
2025-10-03,9:34:26.709248498,T,291.14,100,291.65,100,IBM
2025-10-03,9:34:26.709459006,T,291.14,100,291.65,200,IBM
2025-10-03,9:34:27.100429799,T,290.46,200,291.65,200,IBM
2025-10-03,9:34:27.100449918,T,290.46,200,291.14,100,IBM
2025-10-03,9:34:27.100565132,T,290.46,200,291.37,100,IBM
2025-10-03,9:34:27.100571000,T,290.46,200,291.4,100,IBM
2025-10-03,9:34:27.100595229,T,290.46,200,291.64,100,IBM
2025-10-03,9:34:27.100610203,T,290.46,200,291.4,100,IBM
2025-10-03,9:34:27.101221634,T,290.49,100,291.4,100,IBM
2025-10-03,9:34:27.101567454,T,290.49,100,291.4,300,IBM
2025-10-03,9:34:27.101707889,T,290.46,200,291.4,300,IBM
2025-10-03,9:34:27.110614043,T,290.46,200,291.4,200,IBM
2025-10-03,9:34:27.117640746,T,291.14,100,291.4,200,IBM
2025-10-03,9:34:27.121494936,T,291.14,200,291.4,200,IBM
2025-10-03,9:34:27.125534601,T,291.14,100,291.4,200,IBM
2025-10-03,9:34:27.393096509,T,291.14,200,291.4,200,IBM
2025-10-03,9:34:27.847723806,T,291.14,200,291.85,200,IBM
2025-10-03,9:34:27.848686174,T,291.14,200,291.4,200,IBM
2025-10-03,9:34:27.880902819,T,291.14,100,291.4,200,IBM
2025-10-03,9:34:27.908648923,T,290.46,200,291.4,200,IBM
2025-10-03,9:34:29.630833730,T,290.46,200,291.58,100,IBM
2025-10-03,9:34:29.631044282,T,290.46,200,291.85,200,IBM
2025-10-03,9:34:29.631079356,T,290.46,200,291.85,300,IBM
2025-10-03,9:34:29.631234752,T,290.46,200,291.35,100,IBM
2025-10-03,9:34:29.631234752,T,290.46,200,291.27,100,IBM
2025-10-03,9:34:29.631269977,T,290.46,200,291.58,100,IBM
2025-10-03,9:34:29.631269977,T,290.46,200,291.23,100,IBM
2025-10-03,9:34:29.632237152,T,290.46,200,291.27,100,IBM
2025-10-03,9:34:29.634703026,T,290.46,200,291.58,100,IBM
2025-10-03,9:34:29.639519386,T,290.46,200,291.85,300,IBM
2025-10-03,9:34:29.639770003,T,290.46,200,291.85,200,IBM
2025-10-03,9:34:29.767724652,T,290.46,200,291.27,200,IBM
2025-10-03,9:34:33.420856558,T,290.46,200,291.27,300,IBM
2025-10-03,9:34:43.232679863,T,290.79,100,291.27,300,IBM
2025-10-03,9:34:43.232714997,T,290.46,200,291.27,300,IBM
2025-10-03,9:34:43.233451698,T,290.46,200,291.27,100,IBM
2025-10-03,9:34:44.085129435,T,290.46,200,291.27,300,IBM
2025-10-03,9:34:49.981401202,T,290.46,200,291.13,100,IBM
2025-10-03,9:34:49.981446306,T,290.46,200,291.11,100,IBM
2025-10-03,9:34:49.981837226,T,290.46,200,291.07,100,IBM
2025-10-03,9:34:49.982443741,T,290.46,200,291.11,100,IBM
2025-10-03,9:34:49.982704403,T,289.91,100,291.11,100,IBM
2025-10-03,9:34:49.982714397,T,290.17,200,291.11,100,IBM
2025-10-03,9:34:49.989680975,T,290.17,200,291.26,100,IBM
2025-10-03,9:34:50.001829826,T,290.17,200,291.26,200,IBM
2025-10-03,9:34:50.081499554,T,290.17,200,291.26,100,IBM
2025-10-03,9:34:50.082301469,T,290.17,200,291.26,200,IBM
2025-10-03,9:34:51.104289456,T,290.17,200,291.26,300,IBM
2025-10-03,9:34:52.230791112,T,290.17,200,291.06,100,IBM
2025-10-03,9:34:52.230796126,T,290.17,200,291.26,300,IBM
2025-10-03,9:34:52.230816192,T,290.17,200,291.26,200,IBM
2025-10-03,9:34:52.231553003,T,290.17,200,291.26,100,IBM
2025-10-03,9:34:52.232049099,T,290.17,200,290.98,100,IBM
2025-10-03,9:34:55.186141781,T,290.17,200,290.98,200,IBM
2025-10-03,9:34:55.186577877,T,290.17,200,290.98,100,IBM
2025-10-03,9:34:55.190176393,T,290.17,200,291.2,100,IBM
2025-10-03,9:34:55.209362049,T,290.17,200,291.25,100,IBM
2025-10-03,9:34:55.286405559,T,290.17,200,291.58,100,IBM
2025-10-03,9:34:55.586790675,T,290.17,200,291.33,100,IBM
2025-10-03,9:34:55.590825283,T,290.17,200,291.58,100,IBM
2025-10-03,9:34:58.994959258,T,290.17,200,290.98,100,IBM
2025-10-03,9:34:59.037941583,T,290.17,200,290.98,200,IBM
2025-10-03,9:35:00.124824071,T,290.17,200,290.98,100,IBM
2025-10-03,9:35:00.696279521,T,290.17,200,291.58,100,IBM
2025-10-03,9:35:00.905166802,T,290.17,200,290.98,200,IBM
2025-10-03,9:35:04.304850186,T,290.17,200,290.97,100,IBM
2025-10-03,9:35:06.481010964,T,290.17,200,290.96,100,IBM
2025-10-03,9:35:06.482288973,T,290.17,200,290.78,100,IBM
2025-10-03,9:35:06.482584861,T,289.82,100,290.78,100,IBM
2025-10-03,9:35:06.482584861,T,289.93,200,290.78,100,IBM
2025-10-03,9:35:06.483226292,T,289.93,200,290.96,100,IBM
2025-10-03,9:35:06.546667240,T,289.93,200,290.88,200,IBM
2025-10-03,9:35:06.546737489,T,289.93,200,290.88,300,IBM
2025-10-03,9:35:07.066379400,T,289.93,200,290.88,100,IBM
2025-10-03,9:35:07.066409547,T,289.93,200,290.96,100,IBM
2025-10-03,9:35:07.212757935,T,289.93,200,290.78,200,IBM
2025-10-03,9:35:07.212772960,T,289.93,200,290.78,300,IBM
2025-10-03,9:35:07.457731126,T,289.93,200,290.78,200,IBM
2025-10-03,9:35:12.010449567,T,289.93,200,291.2,100,IBM
2025-10-03,9:35:12.010910605,T,289.93,200,290.77,100,IBM
2025-10-03,9:35:12.017746843,T,289.93,200,291.2,100,IBM
2025-10-03,9:35:12.028382206,T,289.93,200,291.35,100,IBM
2025-10-03,9:35:12.033935427,T,289.93,200,291.37,200,IBM
2025-10-03,9:35:12.309225771,T,289.93,200,290.67,100,IBM
2025-10-03,9:35:12.525966745,T,289.93,200,290.67,300,IBM
2025-10-03,9:35:15.113792488,T,289.93,200,290.67,200,IBM
2025-10-03,9:35:25.069819101,T,289.93,200,290.67,300,IBM
2025-10-03,9:35:28.373679491,T,289.93,200,290.67,100,IBM
2025-10-03,9:35:28.481982271,T,289.93,200,290.66,100,IBM
2025-10-03,9:35:28.482794222,T,289.93,200,290.66,300,IBM
2025-10-03,9:35:30.513824357,T,289.93,200,290.66,100,IBM
2025-10-03,9:35:30.618974669,T,289.93,200,290.64,200,IBM
2025-10-03,9:35:30.637603962,T,289.93,200,290.64,300,IBM
2025-10-03,9:35:33.210218465,T,289.93,200,290.49,100,IBM
2025-10-03,9:35:33.210474010,T,289.93,200,290.48,100,IBM
2025-10-03,9:35:33.210484083,T,289.93,200,290.46,100,IBM
2025-10-03,9:35:33.214513884,T,289.82,100,290.46,100,IBM
2025-10-03,9:35:33.215175198,T,289.82,100,290.49,200,IBM
2025-10-03,9:35:33.446811635,T,289.82,100,290.39,100,IBM
2025-10-03,9:35:33.447748925,T,289.82,100,290.39,300,IBM
2025-10-03,9:35:33.875817967,T,289.6,200,290.39,300,IBM
2025-10-03,9:35:33.875848575,T,289.6,200,290.37,100,IBM
2025-10-03,9:35:33.875848575,T,289.6,200,290.14,100,IBM
2025-10-03,9:35:33.876158884,T,288.68,100,290.14,100,IBM
2025-10-03,9:35:33.876168849,T,289.4,200,290.14,100,IBM
2025-10-03,9:35:33.876559818,T,289.82,100,290.14,100,IBM
2025-10-03,9:35:33.879181049,T,289.82,100,290.37,100,IBM
2025-10-03,9:35:33.879186070,T,289.83,100,290.37,100,IBM
2025-10-03,9:35:33.893274560,T,289.83,200,290.37,100,IBM
2025-10-03,9:35:33.893284610,T,289.83,200,290.39,100,IBM
2025-10-03,9:35:33.893299678,T,289.95,100,290.39,100,IBM
2025-10-03,9:35:33.893725603,T,289.98,100,290.39,100,IBM
2025-10-03,9:35:33.894883456,T,289.99,100,290.39,100,IBM
2025-10-03,9:35:33.906130194,T,290.07,100,290.39,100,IBM
2025-10-03,9:35:33.907303003,T,290.08,100,290.39,100,IBM
2025-10-03,9:35:33.954430505,T,289.82,100,290.39,100,IBM
2025-10-03,9:35:33.954460418,T,289.82,100,290.33,100,IBM
2025-10-03,9:35:33.954660707,T,289.4,200,290.33,100,IBM
2025-10-03,9:35:33.955467710,T,289.4,200,290.38,100,IBM
2025-10-03,9:35:33.962745000,T,289.4,200,290.39,100,IBM
2025-10-03,9:35:33.985824946,T,289.4,200,290.39,200,IBM
2025-10-03,9:35:34.613734782,T,289.4,200,290.39,100,IBM
2025-10-03,9:35:37.224910903,T,289.4,200,290.37,100,IBM
2025-10-03,9:35:37.400639282,T,289.4,200,290.27,100,IBM
2025-10-03,9:35:38.595909887,T,289.4,200,290.26,100,IBM
2025-10-03,9:35:38.631244005,T,289.4,200,290.06,100,IBM
2025-10-03,9:35:38.631244005,T,289.4,200,290.04,100,IBM
2025-10-03,9:35:38.636240829,T,289.4,200,290.05,100,IBM
2025-10-03,9:35:38.639533642,T,289.4,200,290.17,100,IBM
2025-10-03,9:35:38.900269471,T,289.4,200,290.16,100,IBM
2025-10-03,9:35:38.900299496,T,289.4,200,290.17,100,IBM
2025-10-03,9:35:38.900900934,T,289.4,200,289.97,100,IBM
2025-10-03,9:35:39.201155790,T,289.4,200,289.97,200,IBM
2025-10-03,9:35:39.222291028,T,288.68,100,289.97,200,IBM
2025-10-03,9:35:39.222296098,T,289.14,200,289.97,200,IBM
2025-10-03,9:35:40.294548643,T,289.17,100,289.97,200,IBM
2025-10-03,9:35:40.295641177,T,289.52,100,289.97,200,IBM
2025-10-03,9:35:40.296062174,T,289.52,200,289.97,200,IBM
2025-10-03,9:35:40.296753979,T,289.52,100,289.97,200,IBM
2025-10-03,9:35:40.296753979,T,289.59,100,289.97,200,IBM
2025-10-03,9:35:40.296909362,T,289.59,100,289.97,100,IBM
2025-10-03,9:35:40.296939636,T,289.59,100,290.62,100,IBM
2025-10-03,9:35:40.296944317,T,289.59,100,290.68,100,IBM
2025-10-03,9:35:40.296969370,T,289.6,100,290.68,100,IBM
2025-10-03,9:35:40.296974405,T,289.67,100,290.68,100,IBM
2025-10-03,9:35:40.296979366,T,289.69,100,290.68,100,IBM
2025-10-03,9:35:40.296994464,T,289.78,100,290.68,100,IBM
2025-10-03,9:35:40.297029481,T,289.78,100,290.8,200,IBM
2025-10-03,9:35:40.297560728,T,289.67,100,290.8,200,IBM
2025-10-03,9:35:40.298066939,T,289.61,100,290.8,200,IBM
2025-10-03,9:35:40.298718538,T,289.61,100,290.36,100,IBM
2025-10-03,9:35:40.298738599,T,289.52,100,290.36,100,IBM
2025-10-03,9:35:40.307293873,T,289.14,200,290.36,100,IBM
2025-10-03,9:35:40.310732170,T,289.14,200,290.36,200,IBM
2025-10-03,9:35:41.677686373,T,289.14,200,290.36,100,IBM
2025-10-03,9:35:42.698581775,T,289.14,200,290.8,200,IBM
2025-10-03,9:35:42.772126909,T,288.79,100,290.8,200,IBM
2025-10-03,9:35:42.772131833,T,289.48,200,290.8,200,IBM
2025-10-03,9:35:43.210284877,T,289.48,200,290.36,100,IBM
2025-10-03,9:35:47.176642334,T,289.48,200,290.8,200,IBM
2025-10-03,9:35:47.176657401,T,290.01,100,290.8,200,IBM
2025-10-03,9:35:47.176662416,T,289.48,200,290.8,200,IBM
2025-10-03,9:35:47.176667405,T,290.12,100,290.8,200,IBM
2025-10-03,9:35:47.177228682,T,290.12,200,290.8,200,IBM
2025-10-03,9:35:47.177424188,T,290.16,100,290.8,200,IBM
2025-10-03,9:35:47.177664812,T,290.12,200,290.8,200,IBM
2025-10-03,9:35:47.177850190,T,290.12,200,291.59,100,IBM
2025-10-03,9:35:47.177855217,T,290.12,200,291.03,200,IBM
2025-10-03,9:35:47.184957121,T,290.12,100,291.03,200,IBM
2025-10-03,9:35:47.186205063,T,290.12,100,291.01,100,IBM
2025-10-03,9:35:47.187463058,T,289.48,200,291.01,100,IBM
2025-10-03,9:35:47.196223895,T,289.48,200,291.03,200,IBM
2025-10-03,9:35:47.432245891,T,289.48,200,290.76,100,IBM
2025-10-03,9:35:49.968082936,T,290.29,100,290.76,100,IBM
2025-10-03,9:35:49.968082936,T,290.35,100,290.76,100,IBM
2025-10-03,9:35:49.969160469,T,290.3,100,290.76,100,IBM
2025-10-03,9:35:49.976367567,T,289.82,100,290.76,100,IBM
2025-10-03,9:35:50.068161197,T,289.48,200,290.76,100,IBM
2025-10-03,9:35:50.574391310,T,288.68,100,290.76,100,IBM
2025-10-03,9:35:50.574391310,T,289.75,200,290.76,100,IBM
2025-10-03,9:35:51.856122754,T,289.82,100,290.76,100,IBM
2025-10-03,9:35:51.856152817,T,289.95,100,290.76,100,IBM
2025-10-03,9:35:52.897341358,T,290.29,100,290.76,100,IBM
2025-10-03,9:35:52.899732048,T,290.29,100,291.03,200,IBM
2025-10-03,9:35:52.899762069,T,290.32,100,291.03,200,IBM
2025-10-03,9:35:52.899762069,T,290.52,100,291.03,200,IBM
2025-10-03,9:35:52.900042713,T,290.52,100,291.87,100,IBM
2025-10-03,9:35:52.900047789,T,290.52,100,291.36,200,IBM
2025-10-03,9:35:52.900533922,T,290.52,200,291.36,200,IBM
2025-10-03,9:35:52.922751808,T,290.52,100,291.36,200,IBM
2025-10-03,9:35:55.339104375,T,290.62,100,291.36,200,IBM
2025-10-03,9:35:56.556737983,T,290.63,100,291.36,200,IBM
2025-10-03,9:35:56.965145266,T,290.64,100,291.36,200,IBM
2025-10-03,9:35:56.965160397,T,290.66,100,291.36,200,IBM
2025-10-03,9:35:56.965205485,T,290.79,100,291.36,200,IBM
2025-10-03,9:35:56.973435086,T,290.66,100,291.36,200,IBM
2025-10-03,9:35:57.065183426,T,290.62,100,291.36,200,IBM
2025-10-03,9:35:58.158030065,T,290.62,100,291.35,100,IBM
2025-10-03,9:36:00.581449516,T,290.62,100,291.36,200,IBM
2025-10-03,9:36:04.250975224,T,290.62,100,290.85,100,IBM
2025-10-03,9:36:04.251035377,T,290.24,200,290.85,100,IBM
2025-10-03,9:36:04.251060463,T,290.24,200,290.71,100,IBM
2025-10-03,9:36:04.251105795,T,290.24,200,290.84,100,IBM
2025-10-03,9:36:04.251155615,T,290.24,300,290.84,100,IBM
2025-10-03,9:36:04.252062814,T,290.24,300,290.85,100,IBM
2025-10-03,9:36:04.254638981,T,290.24,100,290.85,100,IBM
2025-10-03,9:36:04.254974800,T,290.24,100,291.17,100,IBM
2025-10-03,9:36:04.261364976,T,290.24,100,291.17,200,IBM
2025-10-03,9:36:04.273944922,T,290.24,100,291.17,100,IBM
2025-10-03,9:36:04.275403407,T,290.24,100,291.26,100,IBM
2025-10-03,9:36:04.352547058,T,290.24,100,291.36,200,IBM
2025-10-03,9:36:06.643831793,T,290.24,100,291.36,300,IBM
2025-10-03,9:36:07.941230304,T,290.24,100,291.36,200,IBM
2025-10-03,9:36:07.942658667,T,290.53,100,291.36,200,IBM
2025-10-03,9:36:07.942703766,T,290.54,100,291.36,200,IBM
2025-10-03,9:36:07.942718891,T,290.54,100,291.2,100,IBM
2025-10-03,9:36:07.942819111,T,290.54,100,291.26,100,IBM
2025-10-03,9:36:07.942829154,T,290.61,100,291.26,100,IBM
2025-10-03,9:36:07.942904232,T,290.61,100,291.22,100,IBM
2025-10-03,9:36:07.943345413,T,289.96,200,291.22,100,IBM
2025-10-03,9:36:07.943370374,T,289.96,200,290.98,100,IBM
2025-10-03,9:36:07.943390398,T,289.96,200,290.97,100,IBM
2025-10-03,9:36:07.943916751,T,289.96,200,290.91,100,IBM
2025-10-03,9:36:07.944072058,T,289.96,200,290.66,100,IBM
2025-10-03,9:36:08.057341705,T,289.96,200,290.66,300,IBM
2025-10-03,9:36:11.986671009,T,289.96,200,290.66,100,IBM
2025-10-03,9:36:12.843701573,T,289.96,200,290.65,100,IBM
2025-10-03,9:36:12.843726582,T,289.96,200,290.65,200,IBM
2025-10-03,9:36:17.241059851,T,289.96,200,290.5,100,IBM
2025-10-03,9:36:17.264059652,T,289.96,200,290.64,100,IBM
2025-10-03,9:36:17.912147458,T,289.96,200,290.74,100,IBM
2025-10-03,9:36:27.985969582,T,289.96,200,290.5,100,IBM
2025-10-03,9:36:27.985999628,T,289.96,200,290.49,100,IBM
2025-10-03,9:36:27.986054774,T,289.96,200,290.46,100,IBM
2025-10-03,9:36:27.986195108,T,289.96,200,290.35,100,IBM
2025-10-03,9:36:27.986390522,T,289.96,200,290.35,200,IBM
2025-10-03,9:36:27.986410593,T,289.96,200,290.34,100,IBM
2025-10-03,9:36:27.987718687,T,289.96,200,290.34,200,IBM
2025-10-03,9:36:27.989903866,T,289.13,100,290.34,200,IBM
2025-10-03,9:36:27.989908913,T,289.64,200,290.34,200,IBM
2025-10-03,9:36:42.122197837,T,289.64,200,290.34,100,IBM
2025-10-03,9:36:42.723409013,T,289.64,200,290.33,100,IBM
2025-10-03,9:36:54.465046577,T,289.64,200,290.81,100,IBM
2025-10-03,9:36:54.465046577,T,289.64,200,290.88,200,IBM
2025-10-03,9:36:54.465066681,T,290.32,100,290.88,200,IBM
2025-10-03,9:36:54.465097202,T,290.07,100,290.88,200,IBM
2025-10-03,9:36:54.465121718,T,289.64,200,290.88,200,IBM
2025-10-03,9:36:54.465157054,T,290.12,100,290.88,200,IBM
2025-10-03,9:36:54.465196860,T,290.12,100,290.81,100,IBM
2025-10-03,9:36:54.465372330,T,289.91,100,290.81,100,IBM
2025-10-03,9:36:54.465377361,T,290.22,100,290.81,100,IBM
2025-10-03,9:36:54.465723226,T,290.22,100,290.8,100,IBM
2025-10-03,9:36:54.465748215,T,290.12,100,290.8,100,IBM
2025-10-03,9:36:54.466104020,T,290.12,100,290.72,100,IBM
2025-10-03,9:36:54.466124441,T,290.12,100,290.8,100,IBM
2025-10-03,9:36:54.474393867,T,290.12,100,290.88,200,IBM
2025-10-03,9:36:54.475822363,T,289.64,200,290.88,200,IBM
2025-10-03,9:36:54.475892335,T,290.12,100,290.88,200,IBM
2025-10-03,9:36:54.813070282,T,290.12,200,290.88,200,IBM
2025-10-03,9:36:54.965663563,T,290.22,100,290.88,200,IBM
2025-10-03,9:36:54.973938224,T,290.12,100,290.88,200,IBM
2025-10-03,9:36:59.334739509,T,290.15,100,290.88,200,IBM
2025-10-03,9:37:00.158736109,T,290.12,100,290.88,200,IBM
2025-10-03,9:37:02.918811754,T,290.15,100,290.88,200,IBM
2025-10-03,9:37:02.921433041,T,290.15,100,290.57,100,IBM
2025-10-03,9:37:03.442678975,T,290.15,200,290.57,100,IBM
2025-10-03,9:37:04.635423490,T,290.15,300,290.57,100,IBM
2025-10-03,9:37:04.637949451,T,290.15,400,290.57,100,IBM
2025-10-03,9:37:04.805939404,T,290.26,100,290.57,100,IBM
2025-10-03,9:37:04.807808856,T,290.26,200,290.57,100,IBM
2025-10-03,9:37:04.983923134,T,290.26,300,290.57,100,IBM
2025-10-03,9:37:05.615937693,T,290.26,200,290.57,100,IBM
2025-10-03,9:37:07.426628207,T,290.26,100,290.57,100,IBM
2025-10-03,9:37:07.550929169,T,290.27,100,290.57,100,IBM
2025-10-03,9:37:07.952384920,T,290.27,200,290.57,100,IBM
2025-10-03,9:37:08.798644681,T,290.27,300,290.57,100,IBM
2025-10-03,9:37:10.647355889,T,290.27,200,290.57,100,IBM
2025-10-03,9:37:12.150955333,T,290.27,200,290.88,200,IBM
2025-10-03,9:37:13.992228692,T,290.27,100,290.88,200,IBM
2025-10-03,9:37:14.220331678,T,289.64,200,290.88,200,IBM
2025-10-03,9:37:14.220371836,T,290.19,100,290.88,200,IBM
2025-10-03,9:37:22.222737555,T,290.19,100,290.47,100,IBM
2025-10-03,9:37:22.245752394,T,290.19,100,290.88,200,IBM
2025-10-03,9:37:22.745261588,T,289.84,200,290.88,200,IBM
2025-10-03,9:37:22.745291643,T,289.84,200,290.57,100,IBM
2025-10-03,9:37:22.745301660,T,290.13,100,290.57,100,IBM
2025-10-03,9:37:23.945388619,T,290.13,100,290.88,200,IBM
2025-10-03,9:37:24.401309028,T,290.13,100,290.56,100,IBM
2025-10-03,9:37:24.751397404,T,290.13,100,290.88,200,IBM
2025-10-03,9:37:31.130493892,T,290.13,100,290.54,100,IBM
2025-10-03,9:37:31.150456481,T,290.13,100,290.53,100,IBM
2025-10-03,9:37:31.158731207,T,290.13,100,290.54,100,IBM
2025-10-03,9:37:31.180663394,T,290.13,100,290.53,100,IBM
2025-10-03,9:37:31.180678422,T,290.13,100,290.52,100,IBM
2025-10-03,9:37:31.188958080,T,290.13,100,290.54,100,IBM
2025-10-03,9:37:32.625492910,T,290.13,100,290.88,200,IBM
2025-10-03,9:37:32.666069507,T,290.13,100,290.53,100,IBM
2025-10-03,9:37:32.707603351,T,290.13,100,290.88,200,IBM
2025-10-03,9:37:32.784686849,T,289.84,200,290.88,200,IBM
2025-10-03,9:37:32.784686849,T,289.84,200,290.38,100,IBM
2025-10-03,9:37:32.785032701,T,289.84,200,290.88,200,IBM
2025-10-03,9:37:32.785052780,T,290.05,100,290.88,200,IBM
2025-10-03,9:37:32.785057771,T,290.13,100,290.88,200,IBM
2025-10-03,9:37:32.785077856,T,290.05,100,290.88,200,IBM
2025-10-03,9:37:32.785087789,T,290.14,100,290.88,200,IBM
2025-10-03,9:37:32.835588014,T,289.84,200,290.88,200,IBM
2025-10-03,9:37:32.835613228,T,289.84,200,290.55,100,IBM
2025-10-03,9:37:33.028131412,T,289.84,200,290.88,200,IBM
2025-10-03,9:37:33.028131412,T,290.15,100,290.88,200,IBM
2025-10-03,9:37:33.785093518,T,289.84,200,290.88,200,IBM
2025-10-03,9:37:44.622041936,T,290.17,100,290.88,200,IBM
2025-10-03,9:37:57.883307268,T,289.84,200,290.88,200,IBM
2025-10-03,9:37:57.883848565,T,289.84,200,290.4,100,IBM
2025-10-03,9:37:57.884204453,T,290.09,100,290.4,100,IBM
2025-10-03,9:37:57.884334800,T,290.09,200,290.4,100,IBM
2025-10-03,9:37:57.884805863,T,290.09,300,290.4,100,IBM
2025-10-03,9:37:57.884976259,T,290.09,300,290.88,200,IBM
2025-10-03,9:37:57.884981512,T,290.09,200,290.88,200,IBM
2025-10-03,9:37:57.884981512,T,290.09,100,290.88,200,IBM
2025-10-03,9:37:57.884986327,T,290.21,100,290.88,200,IBM
2025-10-03,9:37:57.885006362,T,290.21,300,290.88,200,IBM
2025-10-03,9:37:57.901956686,T,290.21,300,290.44,100,IBM
2025-10-03,9:37:57.901961884,T,290.21,200,290.44,100,IBM
2025-10-03,9:37:57.901971949,T,290.21,100,290.44,100,IBM
2025-10-03,9:37:57.901971949,T,289.65,200,290.44,100,IBM
2025-10-03,9:37:57.902974093,T,289.65,200,290.88,200,IBM
2025-10-03,9:37:57.915754520,T,289.65,200,290.44,100,IBM
2025-10-03,9:37:57.993715103,T,289.65,200,290.88,200,IBM
2025-10-03,9:37:58.096955893,T,289.65,200,290.44,100,IBM
2025-10-03,9:37:58.145265885,T,289.65,200,290.88,200,IBM
2025-10-03,9:37:58.262585327,T,289.65,200,290.44,100,IBM
2025-10-03,9:37:58.572994088,T,289.65,200,290.88,200,IBM
2025-10-03,9:38:04.012248163,T,289.65,200,290.36,100,IBM
2025-10-03,9:38:04.677201149,T,289.65,200,290.35,100,IBM
2025-10-03,9:38:06.535339595,T,289.65,200,290.23,100,IBM
2025-10-03,9:38:06.535675414,T,289.65,200,290.19,100,IBM
2025-10-03,9:38:06.535815769,T,289.65,200,290.23,100,IBM
2025-10-03,9:38:06.535835838,T,289.65,200,290.25,100,IBM
2025-10-03,9:38:06.535921009,T,288.34,100,290.25,100,IBM
2025-10-03,9:38:06.535926046,T,289.44,200,290.25,100,IBM
2025-10-03,9:38:06.536081346,T,289.44,200,290.35,100,IBM
2025-10-03,9:38:06.595327504,T,289.44,200,290.18,100,IBM
2025-10-03,9:38:07.772951048,T,289.44,200,290.88,200,IBM
2025-10-03,9:38:08.874588455,T,289.91,100,290.88,200,IBM
2025-10-03,9:38:08.874944303,T,289.44,200,290.88,200,IBM
2025-10-03,9:38:08.874944303,T,290.0,100,290.88,200,IBM
2025-10-03,9:38:09.019774138,T,289.66,200,290.88,200,IBM
2025-10-03,9:38:16.060891427,T,290.08,100,290.88,200,IBM
2025-10-03,9:38:16.061152129,T,290.08,200,290.88,200,IBM
2025-10-03,9:38:16.061157046,T,290.08,100,290.88,200,IBM
2025-10-03,9:38:16.651597694,T,289.66,200,290.88,200,IBM
2025-10-03,9:38:17.808196153,T,289.3,100,290.88,200,IBM
2025-10-03,9:38:17.808201178,T,289.83,200,290.88,200,IBM
2025-10-03,9:38:17.850176199,T,290.18,100,290.88,200,IBM
2025-10-03,9:38:21.824878550,T,290.18,200,290.88,200,IBM
2025-10-03,9:38:21.847898337,T,290.18,100,290.88,200,IBM
2025-10-03,9:38:30.593097807,T,290.18,100,292.0,100,IBM
2025-10-03,9:38:30.593102756,T,290.18,100,291.09,200,IBM
2025-10-03,9:38:32.207425851,T,290.39,100,291.09,200,IBM
2025-10-03,9:38:39.134907234,T,290.18,100,291.09,200,IBM
2025-10-03,9:38:39.135052756,T,290.18,100,291.09,300,IBM
2025-10-03,9:38:39.135132784,T,290.18,100,291.09,200,IBM
2025-10-03,9:38:39.135684101,T,290.18,100,291.07,100,IBM
2025-10-03,9:38:39.135689094,T,290.18,100,291.09,200,IBM
2025-10-03,9:38:39.135739298,T,290.18,100,291.07,100,IBM
2025-10-03,9:38:39.135959731,T,290.18,100,291.06,100,IBM
2025-10-03,9:38:39.135974830,T,290.18,100,291.07,100,IBM
2025-10-03,9:38:39.135999885,T,290.18,100,291.09,200,IBM
2025-10-03,9:38:39.394229553,T,289.83,200,291.09,200,IBM
2025-10-03,9:38:47.336567452,T,290.21,100,291.09,200,IBM
2025-10-03,9:38:47.766230445,T,290.21,100,291.87,100,IBM
2025-10-03,9:38:47.766235447,T,290.21,100,290.91,200,IBM
2025-10-03,9:38:48.587595773,T,290.18,100,290.91,200,IBM
2025-10-03,9:38:48.587665859,T,289.83,200,290.91,200,IBM
2025-10-03,9:38:52.542681150,T,290.2,100,290.91,200,IBM
2025-10-03,9:38:55.001113995,T,290.2,200,290.91,200,IBM
2025-10-03,9:38:55.702398514,T,290.2,100,290.91,200,IBM
2025-10-03,9:38:55.706092302,T,289.83,200,290.91,200,IBM
2025-10-03,9:38:55.963931211,T,289.87,100,290.91,200,IBM
2025-10-03,9:38:55.974451238,T,289.83,200,290.91,200,IBM
2025-10-03,9:39:00.714139855,T,289.87,100,290.91,200,IBM
2025-10-03,9:39:00.714144883,T,290.2,100,290.91,200,IBM
2025-10-03,9:39:00.714360376,T,290.2,200,290.91,200,IBM
2025-10-03,9:39:00.714595947,T,290.27,100,290.91,200,IBM
2025-10-03,9:39:00.714651083,T,290.2,200,290.91,200,IBM
2025-10-03,9:39:00.715087057,T,290.27,100,290.91,200,IBM
2025-10-03,9:39:00.715733649,T,290.2,100,290.91,200,IBM
2025-10-03,9:39:00.715743643,T,290.34,100,290.91,200,IBM
2025-10-03,9:39:00.716951542,T,290.2,100,290.91,200,IBM
2025-10-03,9:39:00.716966526,T,290.2,100,292.0,100,IBM
2025-10-03,9:39:00.716976605,T,290.2,100,291.21,200,IBM
2025-10-03,9:39:00.726023138,T,290.02,100,291.21,200,IBM
2025-10-03,9:39:00.729937369,T,289.91,100,291.21,200,IBM
2025-10-03,9:39:00.732117625,T,289.87,100,291.21,200,IBM
2025-10-03,9:39:00.820598289,T,290.2,100,291.21,200,IBM
2025-10-03,9:39:01.714691717,T,289.91,100,291.21,200,IBM
2025-10-03,9:39:01.715202879,T,290.2,100,291.21,200,IBM
2025-10-03,9:39:01.766389790,T,290.34,100,291.21,200,IBM
2025-10-03,9:39:01.766389790,T,290.2,100,291.21,200,IBM
2025-10-03,9:39:01.767161581,T,290.51,100,291.21,200,IBM
2025-10-03,9:39:01.767372079,T,290.51,200,291.21,200,IBM
2025-10-03,9:39:01.772574472,T,290.51,300,291.21,200,IBM
2025-10-03,9:39:01.772785054,T,290.51,200,291.21,200,IBM
2025-10-03,9:39:01.776579049,T,290.51,100,291.21,200,IBM
2025-10-03,9:39:01.778578764,T,289.83,200,291.21,200,IBM
2025-10-03,9:39:01.778854455,T,290.02,100,291.21,200,IBM
2025-10-03,9:39:01.899697165,T,290.51,100,291.21,200,IBM
2025-10-03,9:39:01.899907646,T,290.51,200,291.21,200,IBM
2025-10-03,9:39:02.015161988,T,290.51,100,291.21,200,IBM
2025-10-03,9:39:02.015402566,T,290.61,100,291.21,200,IBM
2025-10-03,9:39:02.016394985,T,290.77,100,291.21,200,IBM
2025-10-03,9:39:02.016415025,T,290.8,100,291.21,200,IBM
2025-10-03,9:39:02.016620487,T,290.8,200,291.21,200,IBM
2025-10-03,9:39:02.018504999,T,290.8,200,292.0,100,IBM
2025-10-03,9:39:02.018504999,T,290.8,200,291.49,200,IBM
2025-10-03,9:39:02.019101403,T,290.8,100,291.49,200,IBM
2025-10-03,9:39:02.037630473,T,290.81,100,291.49,200,IBM
2025-10-03,9:39:02.043714941,T,290.81,200,291.49,200,IBM
2025-10-03,9:39:02.116824003,T,290.81,100,291.49,200,IBM
2025-10-03,9:39:02.117615977,T,290.81,200,291.49,200,IBM
2025-10-03,9:39:03.070689794,T,290.87,100,291.49,200,IBM
2025-10-03,9:39:11.844025957,T,290.99,100,291.49,200,IBM
2025-10-03,9:39:11.844983223,T,290.87,100,291.49,200,IBM
2025-10-03,9:39:11.848376364,T,290.87,100,292.0,100,IBM
2025-10-03,9:39:11.848381301,T,290.87,100,291.72,200,IBM
2025-10-03,9:39:11.860750808,T,290.9,100,291.72,200,IBM
2025-10-03,9:39:11.866554613,T,290.87,100,291.72,200,IBM
2025-10-03,9:39:15.050118576,T,290.99,100,291.72,200,IBM
2025-10-03,9:39:15.090705182,T,291.0,100,291.72,200,IBM
2025-10-03,9:39:15.090740391,T,291.01,100,291.72,200,IBM
2025-10-03,9:39:15.317089116,T,291.0,100,291.72,200,IBM
2025-10-03,9:39:15.683546589,T,291.03,100,291.72,200,IBM
2025-10-03,9:39:15.683937487,T,291.05,100,291.72,200,IBM
2025-10-03,9:39:16.499208263,T,291.0,100,291.72,200,IBM
2025-10-03,9:39:16.949304796,T,291.05,100,291.72,200,IBM
2025-10-03,9:39:18.114834458,T,291.14,100,291.72,200,IBM
2025-10-03,9:39:18.127374224,T,290.87,100,291.72,200,IBM
2025-10-03,9:39:18.128241254,T,291.14,100,291.72,200,IBM
2025-10-03,9:39:18.295479469,T,291.15,100,291.72,200,IBM
2025-10-03,9:39:18.323841908,T,291.21,100,291.72,200,IBM
2025-10-03,9:39:20.355949607,T,291.21,100,291.4,100,IBM
2025-10-03,9:39:20.402460762,T,291.14,100,291.4,100,IBM
2025-10-03,9:39:20.402460762,T,290.87,100,291.4,100,IBM
2025-10-03,9:39:20.402841312,T,290.87,100,291.38,100,IBM
2025-10-03,9:39:20.402976634,T,290.87,100,291.4,100,IBM
2025-10-03,9:39:20.402986594,T,290.87,100,291.31,100,IBM
2025-10-03,9:39:20.403006746,T,291.05,100,291.31,100,IBM
2025-10-03,9:39:20.403347535,T,291.05,100,291.4,100,IBM
2025-10-03,9:39:20.403367606,T,290.87,100,291.4,100,IBM
2025-10-03,9:39:20.403392633,T,291.07,100,291.4,100,IBM
2025-10-03,9:39:20.414504121,T,290.87,100,291.4,100,IBM
2025-10-03,9:39:20.414529112,T,291.08,100,291.4,100,IBM
2025-10-03,9:39:24.021446030,T,290.69,100,291.4,100,IBM
2025-10-03,9:39:24.021471128,T,291.14,100,291.4,100,IBM
2025-10-03,9:39:25.053292472,T,291.14,200,291.4,100,IBM
2025-10-03,9:39:25.053708399,T,291.14,100,291.4,100,IBM
2025-10-03,9:39:26.333700454,T,291.14,200,291.4,100,IBM
2025-10-03,9:39:26.333725505,T,291.14,100,291.4,100,IBM
2025-10-03,9:39:26.333750631,T,291.15,100,291.4,100,IBM
2025-10-03,9:39:27.920984181,T,291.15,200,291.4,100,IBM
2025-10-03,9:39:29.413166561,T,291.15,100,291.4,100,IBM
2025-10-03,9:39:29.413602796,T,291.07,100,291.4,100,IBM
2025-10-03,9:39:29.413602796,T,290.69,100,291.4,100,IBM
2025-10-03,9:39:29.413627699,T,290.69,100,291.37,100,IBM
2025-10-03,9:39:29.414394430,T,290.59,300,291.37,100,IBM
2025-10-03,9:39:29.414905746,T,290.59,300,291.4,100,IBM
2025-10-03,9:39:29.416178680,T,290.59,300,291.26,100,IBM
2025-10-03,9:39:29.911628210,T,290.69,100,291.26,100,IBM
2025-10-03,9:39:32.445365117,T,290.69,100,291.21,100,IBM
2025-10-03,9:39:34.143161924,T,290.69,100,291.72,200,IBM
2025-10-03,9:39:34.143231991,T,290.94,100,291.72,200,IBM
2025-10-03,9:39:34.143627973,T,290.95,100,291.72,200,IBM
2025-10-03,9:39:34.144249504,T,290.94,100,291.72,200,IBM
2025-10-03,9:39:34.147682641,T,290.69,100,291.72,200,IBM
2025-10-03,9:39:38.188823318,T,290.76,200,291.72,200,IBM
2025-10-03,9:39:42.768069668,T,291.1,100,291.72,200,IBM
2025-10-03,9:39:42.772239615,T,291.1,200,291.72,200,IBM
2025-10-03,9:39:42.774424837,T,291.1,200,292.0,100,IBM
2025-10-03,9:39:42.774429841,T,291.1,200,291.95,200,IBM
2025-10-03,9:39:42.785431042,T,291.2,100,291.95,200,IBM
2025-10-03,9:39:42.785431042,T,291.1,200,291.95,200,IBM
2025-10-03,9:39:42.827892058,T,291.1,100,291.95,200,IBM
2025-10-03,9:39:42.827932128,T,291.1,200,291.95,200,IBM
2025-10-03,9:39:43.592708050,T,291.1,100,291.95,200,IBM
2025-10-03,9:39:49.735802331,T,290.76,200,291.95,200,IBM
2025-10-03,9:39:51.773458142,T,291.06,100,291.95,200,IBM
2025-10-03,9:39:56.881844444,T,291.16,100,291.95,200,IBM
2025-10-03,9:39:56.922285752,T,290.76,200,291.95,200,IBM
2025-10-03,9:39:56.922310786,T,290.76,200,291.68,100,IBM
2025-10-03,9:39:56.922360889,T,290.76,200,291.58,100,IBM
2025-10-03,9:39:56.923097712,T,290.76,200,291.95,200,IBM
2025-10-03,9:39:57.291780389,T,290.76,200,292.0,100,IBM
2025-10-03,9:39:57.291785375,T,290.76,200,291.77,200,IBM
2025-10-03,9:40:01.877667721,T,290.8,100,291.77,200,IBM
2025-10-03,9:40:05.620427872,T,291.06,100,291.77,200,IBM
2025-10-03,9:40:07.968106899,T,291.16,100,291.77,200,IBM
2025-10-03,9:40:07.968858777,T,291.17,100,291.77,200,IBM
2025-10-03,9:40:07.969094318,T,291.16,100,291.77,200,IBM
2025-10-03,9:40:07.979423886,T,291.17,100,291.77,200,IBM
2025-10-03,9:40:08.772762551,T,291.21,100,291.77,200,IBM
2025-10-03,9:40:08.943859910,T,291.17,100,291.77,200,IBM
2025-10-03,9:40:23.133349703,T,291.18,100,291.77,200,IBM
2025-10-03,9:40:27.362963838,T,291.18,200,291.77,200,IBM
2025-10-03,9:40:27.385973532,T,291.18,100,291.77,200,IBM
2025-10-03,9:40:28.231255909,T,291.18,200,291.77,200,IBM
2025-10-03,9:40:30.041260036,T,291.18,100,291.77,200,IBM
2025-10-03,9:40:30.670728575,T,290.93,100,291.77,200,IBM
2025-10-03,9:40:31.017409039,T,291.18,100,291.77,200,IBM
2025-10-03,9:40:32.562296711,T,291.16,100,291.77,200,IBM
2025-10-03,9:40:32.827778676,T,291.18,100,291.77,200,IBM
2025-10-03,9:40:32.828119479,T,291.16,100,291.77,200,IBM
2025-10-03,9:40:32.828204708,T,291.18,100,291.77,200,IBM
2025-10-03,9:40:32.839015484,T,290.92,200,291.77,200,IBM
2025-10-03,9:40:32.839015484,T,291.14,100,291.77,200,IBM
2025-10-03,9:40:33.601866407,T,291.18,100,291.77,200,IBM
2025-10-03,9:40:33.602076966,T,291.18,200,291.77,200,IBM
2025-10-03,9:40:34.361189112,T,291.27,100,291.77,200,IBM
2025-10-03,9:40:49.742481397,T,291.28,100,291.77,200,IBM
2025-10-03,9:40:53.409781898,T,291.16,100,291.77,200,IBM
2025-10-03,9:40:59.521912531,T,291.2,100,291.77,200,IBM
2025-10-03,9:40:59.611265277,T,291.04,100,291.77,200,IBM
2025-10-03,9:40:59.611285380,T,290.93,100,291.77,200,IBM
2025-10-03,9:40:59.611295317,T,290.93,100,291.68,100,IBM
2025-10-03,9:40:59.619585124,T,290.93,100,291.77,200,IBM
2025-10-03,9:40:59.706667418,T,290.92,200,291.77,200,IBM
2025-10-03,9:41:04.049601315,T,291.28,100,291.77,200,IBM
2025-10-03,9:41:04.958259554,T,291.18,100,291.77,200,IBM
2025-10-03,9:41:04.958269496,T,290.92,200,291.77,200,IBM
2025-10-03,9:41:10.737788702,T,291.2,100,291.77,200,IBM
2025-10-03,9:41:10.737853800,T,291.26,100,291.77,200,IBM
2025-10-03,9:41:10.738094387,T,291.28,100,291.77,200,IBM
2025-10-03,9:41:10.738114409,T,291.28,200,291.77,200,IBM
2025-10-03,9:41:10.738445207,T,291.28,100,291.77,200,IBM
2025-10-03,9:41:10.750293354,T,291.28,200,291.77,200,IBM
2025-10-03,9:41:10.750313434,T,291.28,100,291.77,200,IBM
2025-10-03,9:41:10.750313434,T,291.28,200,291.77,200,IBM
2025-10-03,9:41:10.750508972,T,291.39,100,291.77,200,IBM
2025-10-03,9:41:10.750518985,T,291.28,100,291.77,200,IBM
2025-10-03,9:41:10.750518985,T,291.39,100,291.77,200,IBM
2025-10-03,9:41:10.750774551,T,291.28,200,291.77,200,IBM
2025-10-03,9:41:10.750834660,T,291.28,100,291.77,200,IBM
2025-10-03,9:41:10.751120413,T,291.26,100,291.77,200,IBM
2025-10-03,9:41:10.751365927,T,291.28,100,291.77,200,IBM
2025-10-03,9:41:10.751421097,T,291.16,100,291.77,200,IBM
2025-10-03,9:41:10.751421097,T,291.28,100,291.77,200,IBM
2025-10-03,9:41:10.751812063,T,291.26,100,291.77,200,IBM
2025-10-03,9:41:10.752253049,T,291.04,100,291.77,200,IBM
2025-10-03,9:41:10.752273178,T,290.92,200,291.77,200,IBM
2025-10-03,9:41:10.765053600,T,291.2,100,291.77,200,IBM
2025-10-03,9:41:10.765188920,T,291.2,100,292.0,100,IBM
2025-10-03,9:41:10.765198859,T,291.2,100,291.93,200,IBM
2025-10-03,9:41:10.788043308,T,291.18,100,291.93,200,IBM
2025-10-03,9:41:10.792544041,T,291.26,100,291.93,200,IBM
2025-10-03,9:41:10.796578611,T,291.18,100,291.93,200,IBM
2025-10-03,9:41:11.568887183,T,290.92,200,291.93,200,IBM
2025-10-03,9:41:11.568887183,T,291.18,100,291.93,200,IBM
2025-10-03,9:41:11.911903735,T,291.26,100,291.93,200,IBM
2025-10-03,9:41:11.911923757,T,291.29,100,291.93,200,IBM
2025-10-03,9:41:11.911934046,T,291.48,100,291.93,200,IBM
2025-10-03,9:41:11.912209532,T,291.49,100,291.93,200,IBM
2025-10-03,9:41:11.912720736,T,291.49,100,292.17,100,IBM
2025-10-03,9:41:11.912725745,T,291.49,100,292.1,200,IBM
2025-10-03,9:41:11.913517617,T,291.49,200,292.1,200,IBM
2025-10-03,9:41:11.913567725,T,291.49,300,292.1,200,IBM
2025-10-03,9:41:11.916524781,T,291.49,200,292.1,200,IBM
2025-10-03,9:41:12.684407838,T,291.59,100,292.1,200,IBM
2025-10-03,9:41:12.685229790,T,291.59,200,292.1,200,IBM
2025-10-03,9:41:17.488695055,T,291.64,100,292.1,200,IBM
2025-10-03,9:41:17.488755143,T,291.64,100,291.93,100,IBM
2025-10-03,9:41:17.488986093,T,291.64,100,292.1,200,IBM
2025-10-03,9:41:17.489010731,T,291.9,100,292.1,200,IBM
2025-10-03,9:41:17.489040847,T,291.65,100,292.1,200,IBM
2025-10-03,9:41:17.489065958,T,291.64,100,292.1,200,IBM
2025-10-03,9:41:17.489131097,T,291.26,100,292.1,200,IBM
2025-10-03,9:41:17.489136089,T,291.64,100,292.1,200,IBM
2025-10-03,9:41:17.489241341,T,291.64,100,292.0,100,IBM
2025-10-03,9:41:17.489296491,T,291.64,100,292.0,200,IBM
2025-10-03,9:41:17.489456826,T,291.26,100,292.0,200,IBM
2025-10-03,9:41:17.489476872,T,291.28,100,292.0,200,IBM
2025-10-03,9:41:17.489486897,T,291.26,100,292.0,200,IBM
2025-10-03,9:41:17.489692393,T,291.48,100,292.0,200,IBM
2025-10-03,9:41:17.489717465,T,291.64,100,292.0,200,IBM
2025-10-03,9:41:17.490860526,T,291.64,100,292.0,100,IBM
2025-10-03,9:41:17.490860526,T,291.64,100,292.1,200,IBM
2025-10-03,9:41:17.490915480,T,291.68,100,292.1,200,IBM
2025-10-03,9:41:17.490920275,T,291.64,100,292.1,200,IBM
2025-10-03,9:41:17.490920275,T,291.68,100,292.1,200,IBM
2025-10-03,9:41:17.491411490,T,291.74,100,292.1,200,IBM
2025-10-03,9:41:17.491416552,T,291.78,100,292.1,200,IBM
2025-10-03,9:41:17.491446554,T,291.74,100,292.1,200,IBM
2025-10-03,9:41:17.491451592,T,291.68,100,292.1,200,IBM
2025-10-03,9:41:17.491451592,T,291.64,100,292.1,200,IBM
2025-10-03,9:41:17.491451592,T,291.78,100,292.1,200,IBM
2025-10-03,9:41:17.491456552,T,291.64,100,292.1,200,IBM
2025-10-03,9:41:17.491471632,T,291.48,100,292.1,200,IBM
2025-10-03,9:41:17.491787386,T,291.64,100,292.1,200,IBM
2025-10-03,9:41:17.492809822,T,291.48,100,292.1,200,IBM
2025-10-03,9:41:17.492985233,T,291.64,100,292.1,200,IBM
2025-10-03,9:41:17.493110536,T,291.74,100,292.1,200,IBM
2025-10-03,9:41:17.493131372,T,291.64,100,292.1,200,IBM
2025-10-03,9:41:17.493135761,T,291.48,100,292.1,200,IBM
2025-10-03,9:41:17.493135761,T,291.64,100,292.1,200,IBM
2025-10-03,9:41:17.493436407,T,291.48,100,292.1,200,IBM
2025-10-03,9:41:17.493897369,T,291.64,100,292.1,200,IBM
2025-10-03,9:41:17.494007717,T,291.68,100,292.1,200,IBM
2025-10-03,9:41:17.494017962,T,291.64,100,292.1,200,IBM
2025-10-03,9:41:17.495005013,T,291.48,100,292.1,200,IBM
2025-10-03,9:41:17.495040110,T,291.48,100,293.02,100,IBM
2025-10-03,9:41:17.495050111,T,291.48,100,292.36,200,IBM
2025-10-03,9:41:17.743902614,T,291.64,100,292.36,200,IBM
2025-10-03,9:41:17.744183250,T,291.72,100,292.36,200,IBM
2025-10-03,9:41:19.888006940,T,291.64,100,292.36,200,IBM
2025-10-03,9:41:20.422108411,T,291.72,100,292.36,200,IBM
2025-10-03,9:41:20.808849159,T,291.58,100,292.36,200,IBM
2025-10-03,9:41:20.819674903,T,291.58,100,291.72,100,IBM
2025-10-03,9:41:20.820802636,T,291.58,100,292.32,100,IBM
2025-10-03,9:41:20.822852460,T,291.58,100,292.36,200,IBM
2025-10-03,9:41:20.827227937,T,291.64,100,292.36,200,IBM
2025-10-03,9:41:20.834665633,T,291.58,100,292.36,200,IBM
2025-10-03,9:41:20.835582849,T,291.48,100,292.36,200,IBM
2025-10-03,9:41:20.838509766,T,291.48,100,293.0,100,IBM
2025-10-03,9:41:20.841546967,T,291.48,100,292.19,200,IBM
2025-10-03,9:41:20.848683973,T,291.62,100,292.19,200,IBM
2025-10-03,9:41:20.872856606,T,291.48,100,292.19,200,IBM
2025-10-03,9:41:20.880319298,T,291.58,100,292.19,200,IBM
2025-10-03,9:41:20.883667329,T,291.62,100,292.19,200,IBM
2025-10-03,9:41:20.923226538,T,291.73,100,292.19,200,IBM
2025-10-03,9:41:20.932674024,T,291.48,100,292.19,200,IBM
2025-10-03,9:41:21.001342499,T,291.48,100,291.94,100,IBM
2025-10-03,9:41:21.001342499,T,291.48,100,292.19,200,IBM
2025-10-03,9:41:21.075679442,T,291.58,100,292.19,200,IBM
2025-10-03,9:41:21.077984929,T,291.48,100,292.19,200,IBM
2025-10-03,9:41:21.177421748,T,291.31,100,292.19,200,IBM
2025-10-03,9:41:21.320001205,T,291.48,100,292.19,200,IBM
2025-10-03,9:41:21.377638336,T,291.31,100,292.19,200,IBM
2025-10-03,9:41:23.168967764,T,291.73,100,292.19,200,IBM
2025-10-03,9:41:30.778588491,T,291.73,100,292.04,100,IBM
2025-10-03,9:41:31.843122768,T,291.73,100,292.36,200,IBM
2025-10-03,9:41:35.385135016,T,291.48,100,292.36,200,IBM
2025-10-03,9:41:35.385135016,T,291.41,100,292.36,200,IBM
2025-10-03,9:41:35.385160012,T,291.41,100,292.22,100,IBM
2025-10-03,9:41:35.385160012,T,291.41,100,291.73,100,IBM
2025-10-03,9:41:35.385255234,T,291.31,100,291.73,100,IBM
2025-10-03,9:41:35.385731437,T,291.31,100,291.92,100,IBM
2025-10-03,9:41:35.385751466,T,291.31,100,292.36,200,IBM
2025-10-03,9:41:35.385881746,T,291.31,100,292.36,300,IBM
2025-10-03,9:41:35.385916848,T,291.31,100,292.32,100,IBM
2025-10-03,9:41:35.386132312,T,291.31,100,292.12,100,IBM
2025-10-03,9:41:35.386372892,T,291.29,300,292.12,100,IBM
2025-10-03,9:41:35.392582668,T,291.29,300,292.22,100,IBM
2025-10-03,9:41:35.485223187,T,291.29,300,292.36,200,IBM
2025-10-03,9:41:36.044008465,T,291.56,100,292.36,200,IBM
2025-10-03,9:41:37.823284349,T,291.56,100,291.78,100,IBM
2025-10-03,9:41:38.580451952,T,291.28,100,291.78,100,IBM
2025-10-03,9:41:38.580476959,T,291.28,100,291.56,100,IBM
2025-10-03,9:41:38.580507403,T,291.11,200,291.56,100,IBM
2025-10-03,9:41:38.580512108,T,291.11,200,291.78,100,IBM
2025-10-03,9:41:38.850960902,T,291.11,200,292.36,200,IBM
2025-10-03,9:41:39.250376787,T,291.16,100,292.36,200,IBM
2025-10-03,9:41:39.250547250,T,291.11,200,292.36,200,IBM
2025-10-03,9:41:39.261252694,T,291.11,300,292.36,200,IBM
2025-10-03,9:41:39.267547637,T,291.11,200,292.36,200,IBM
2025-10-03,9:41:40.500367617,T,291.01,100,292.36,200,IBM
2025-10-03,9:41:40.500372604,T,291.3,200,292.36,200,IBM
2025-10-03,9:41:45.210275023,T,291.3,200,292.36,300,IBM
2025-10-03,9:41:45.210275023,T,291.3,200,292.1,100,IBM
2025-10-03,9:41:45.210285048,T,291.3,200,292.0,100,IBM
2025-10-03,9:41:45.210300108,T,291.3,200,292.36,200,IBM
2025-10-03,9:41:45.210305042,T,291.3,200,292.32,100,IBM
2025-10-03,9:41:45.210310090,T,291.3,200,291.99,100,IBM
2025-10-03,9:41:45.210330150,T,291.3,200,291.88,100,IBM
2025-10-03,9:41:45.210415377,T,291.3,200,291.84,100,IBM
2025-10-03,9:41:45.210786196,T,291.3,200,291.99,100,IBM
2025-10-03,9:41:45.213497721,T,290.83,100,291.99,100,IBM
2025-10-03,9:41:45.213507750,T,291.09,200,291.99,100,IBM
2025-10-03,9:41:45.215392162,T,291.09,200,292.1,100,IBM
2025-10-03,9:41:45.217492154,T,291.09,200,292.32,100,IBM
2025-10-03,9:41:45.261100980,T,291.09,200,292.36,200,IBM
2025-10-03,9:41:50.761555704,T,291.11,100,292.36,200,IBM
2025-10-03,9:41:50.761555704,T,291.09,200,292.36,200,IBM
2025-10-03,9:41:50.762307541,T,291.16,100,292.36,200,IBM
2025-10-03,9:41:52.663673897,T,291.09,200,292.36,200,IBM
2025-10-03,9:41:52.758234013,T,291.16,100,292.36,200,IBM
2025-10-03,9:41:52.836590500,T,291.21,100,292.36,200,IBM
2025-10-03,9:41:52.836590500,T,291.16,100,292.36,200,IBM
2025-10-03,9:41:52.934032763,T,291.41,100,292.36,200,IBM
2025-10-03,9:41:52.934037509,T,291.16,100,292.36,200,IBM
2025-10-03,9:41:52.934082895,T,291.21,100,292.36,200,IBM
2025-10-03,9:41:52.934869531,T,291.61,100,292.36,200,IBM
2025-10-03,9:41:52.934869531,T,291.7,100,292.36,200,IBM
2025-10-03,9:41:52.934879479,T,291.8,100,292.36,200,IBM
2025-10-03,9:41:52.935180222,T,291.8,100,293.01,100,IBM
2025-10-03,9:41:52.935185265,T,291.8,100,292.58,200,IBM
2025-10-03,9:41:52.935385723,T,291.86,100,292.58,200,IBM
2025-10-03,9:41:52.935896918,T,291.81,100,292.58,200,IBM
2025-10-03,9:41:52.936127488,T,291.7,100,292.58,200,IBM
2025-10-03,9:41:52.936147580,T,291.51,100,292.58,200,IBM
2025-10-03,9:41:52.936909335,T,291.61,100,292.58,200,IBM
2025-10-03,9:41:52.937651180,T,291.7,100,292.58,200,IBM
2025-10-03,9:41:52.938127311,T,291.61,100,292.58,200,IBM
2025-10-03,9:41:52.940553082,T,291.7,100,292.58,200,IBM
2025-10-03,9:41:52.940583062,T,291.61,100,292.58,200,IBM
2025-10-03,9:41:52.940583062,T,291.7,100,292.58,200,IBM
2025-10-03,9:41:52.942467573,T,291.51,100,292.58,200,IBM
2025-10-03,9:41:52.958129852,T,291.21,100,292.58,200,IBM
2025-10-03,9:41:53.036215747,T,291.16,100,292.58,200,IBM
2025-10-03,9:41:53.103014846,T,291.21,100,292.58,200,IBM
2025-10-03,9:41:53.122842050,T,291.16,100,292.58,200,IBM
2025-10-03,9:41:54.695325568,T,291.35,200,292.58,200,IBM
2025-10-03,9:41:59.091320900,T,290.91,100,292.58,200,IBM
2025-10-03,9:41:59.091325931,T,291.55,200,292.58,200,IBM
2025-10-03,9:42:00.249102355,T,291.55,200,292.54,100,IBM
2025-10-03,9:42:00.301516974,T,291.55,200,292.5,100,IBM
2025-10-03,9:42:06.382759075,T,291.55,200,292.58,200,IBM
2025-10-03,9:42:10.676731632,T,291.55,200,292.5,100,IBM
2025-10-03,9:42:17.806790468,T,291.55,200,292.38,300,IBM
2025-10-03,9:42:17.806850574,T,291.55,200,292.5,100,IBM
2025-10-03,9:42:17.807091190,T,291.55,200,292.44,100,IBM
2025-10-03,9:42:17.807121217,T,291.55,200,292.32,100,IBM
2025-10-03,9:42:17.811426536,T,291.55,200,292.43,100,IBM
2025-10-03,9:42:17.811446566,T,291.55,200,292.44,100,IBM
2025-10-03,9:42:17.815375967,T,291.55,200,292.5,100,IBM
2025-10-03,9:42:18.116698274,T,291.55,200,292.44,100,IBM
2025-10-03,9:42:18.253749484,T,291.55,200,292.19,100,IBM
2025-10-03,9:42:18.253754522,T,291.55,200,292.44,100,IBM
2025-10-03,9:42:18.254631631,T,291.55,200,292.5,100,IBM
2025-10-03,9:42:22.402851996,T,291.55,200,292.44,100,IBM
2025-10-03,9:42:22.402867002,T,291.55,200,292.4,100,IBM
2025-10-03,9:42:22.402897158,T,291.55,200,292.44,100,IBM
2025-10-03,9:42:22.402897158,T,291.55,200,292.4,100,IBM
2025-10-03,9:42:22.402902133,T,291.55,200,292.39,100,IBM
2025-10-03,9:42:22.408174664,T,291.55,200,292.4,100,IBM
2025-10-03,9:42:22.411156797,T,291.55,200,292.44,100,IBM
2025-10-03,9:42:22.411182088,T,291.55,200,292.5,100,IBM
2025-10-03,9:42:22.570390898,T,291.55,200,292.44,100,IBM
2025-10-03,9:42:23.700902336,T,291.55,200,292.5,100,IBM
2025-10-03,9:42:24.571825692,T,291.55,200,292.44,100,IBM
2025-10-03,9:42:24.573113754,T,291.55,200,292.5,100,IBM
2025-10-03,9:42:25.263341917,T,291.55,200,292.44,100,IBM
2025-10-03,9:42:25.263366976,T,291.55,200,292.31,100,IBM
2025-10-03,9:42:25.263372054,T,291.55,200,292.44,100,IBM
2025-10-03,9:42:25.286386804,T,291.55,200,292.5,100,IBM
2025-10-03,9:42:25.291604257,T,291.55,200,292.44,100,IBM
2025-10-03,9:42:25.800155041,T,291.55,200,292.5,100,IBM
2025-10-03,9:42:25.800159834,T,291.55,200,292.44,100,IBM
2025-10-03,9:42:25.975186503,T,291.55,200,292.5,100,IBM
2025-10-03,9:42:25.986257860,T,291.55,200,292.44,100,IBM
2025-10-03,9:42:26.253664440,T,291.55,200,292.5,100,IBM
2025-10-03,9:42:26.253809824,T,291.55,200,292.44,100,IBM
2025-10-03,9:42:26.617881495,T,291.55,200,292.5,100,IBM
2025-10-03,9:42:26.932274916,T,291.55,200,292.44,100,IBM
2025-10-03,9:42:26.964035444,T,291.55,200,292.16,100,IBM
2025-10-03,9:42:27.326753948,T,291.55,200,292.14,100,IBM
2025-10-03,9:42:27.853683398,T,291.55,200,292.5,100,IBM
2025-10-03,9:42:27.854089347,T,291.55,200,292.16,100,IBM
2025-10-03,9:42:29.003575831,T,291.55,200,292.44,100,IBM
2025-10-03,9:42:29.003971862,T,291.55,200,292.2,100,IBM
2025-10-03,9:42:29.005284904,T,291.25,100,292.2,100,IBM
2025-10-03,9:42:29.005289934,T,291.29,200,292.2,100,IBM
2025-10-03,9:42:29.014291332,T,291.29,200,292.44,100,IBM
2025-10-03,9:42:30.616290237,T,291.29,200,292.04,100,IBM
2025-10-03,9:42:30.966057953,T,291.29,200,292.44,100,IBM
2025-10-03,9:42:31.995303245,T,291.29,200,292.34,100,IBM
2025-10-03,9:42:31.996325669,T,291.29,200,292.44,100,IBM
2025-10-03,9:42:32.005297006,T,291.29,200,292.5,100,IBM
2025-10-03,9:42:32.081363188,T,291.29,200,292.05,100,IBM
2025-10-03,9:42:32.434288313,T,291.29,200,292.07,100,IBM
2025-10-03,9:42:32.435300717,T,291.29,200,292.5,100,IBM
2025-10-03,9:42:32.528061553,T,291.29,200,292.07,100,IBM
2025-10-03,9:42:33.531580536,T,291.29,200,292.37,200,IBM
2025-10-03,9:42:34.976550339,T,291.29,200,292.34,100,IBM
2025-10-03,9:42:34.976550339,T,291.29,200,292.24,100,IBM
2025-10-03,9:42:34.976565407,T,291.29,200,292.05,100,IBM
2025-10-03,9:42:34.984840155,T,291.29,200,292.37,200,IBM
2025-10-03,9:42:35.285210152,T,291.29,200,292.05,100,IBM
2025-10-03,9:42:35.285210152,T,291.29,200,292.37,200,IBM
2025-10-03,9:42:48.970585254,T,291.29,200,292.37,300,IBM
2025-10-03,9:42:48.981701716,T,291.29,200,292.36,100,IBM
2025-10-03,9:42:48.982273103,T,291.29,200,292.36,200,IBM
2025-10-03,9:42:49.087027467,T,291.29,200,292.36,100,IBM
2025-10-03,9:42:49.641542568,T,291.29,200,292.44,100,IBM
2025-10-03,9:42:49.641557605,T,291.29,200,292.5,100,IBM
2025-10-03,9:42:49.641562631,T,291.29,200,292.44,100,IBM
2025-10-03,9:42:50.970150408,T,291.29,200,292.5,100,IBM
2025-10-03,9:42:50.970967422,T,291.29,200,292.44,100,IBM
2025-10-03,9:42:56.694092175,T,291.41,100,292.44,100,IBM
2025-10-03,9:42:57.968836821,T,291.41,100,292.5,100,IBM
2025-10-03,9:43:08.953757967,T,291.51,200,292.5,100,IBM
2025-10-03,9:43:11.180980240,T,291.51,200,292.61,200,IBM
2025-10-03,9:43:12.853702296,T,291.51,200,293.01,100,IBM
2025-10-03,9:43:12.853707327,T,291.51,200,292.82,200,IBM
2025-10-03,9:43:12.853732465,T,291.61,100,292.82,200,IBM
2025-10-03,9:43:12.853787497,T,291.71,100,292.82,200,IBM
2025-10-03,9:43:12.853993066,T,292.12,100,292.82,200,IBM
2025-10-03,9:43:12.854549298,T,292.12,200,292.82,200,IBM
2025-10-03,9:43:12.854689751,T,292.12,100,292.82,200,IBM
2025-10-03,9:43:12.863841518,T,292.12,100,293.7,100,IBM
2025-10-03,9:43:12.865625670,T,291.51,200,293.7,100,IBM
2025-10-03,9:43:12.876481599,T,291.51,200,293.92,100,IBM
2025-10-03,9:43:12.959985314,T,291.51,200,294.0,100,IBM
2025-10-03,9:43:12.971011667,T,291.51,200,294.07,100,IBM
2025-10-03,9:43:13.079695383,T,291.51,200,293.05,200,IBM
2025-10-03,9:43:14.290387568,T,292.26,100,293.05,200,IBM
2025-10-03,9:43:14.422707564,T,292.26,200,293.05,200,IBM
2025-10-03,9:43:19.053912824,T,292.33,100,293.05,200,IBM
2025-10-03,9:43:20.820794124,T,292.39,100,293.05,200,IBM
2025-10-03,9:43:20.822638561,T,292.39,200,293.05,200,IBM
2025-10-03,9:43:20.837528957,T,292.39,100,293.05,200,IBM
2025-10-03,9:43:23.017914942,T,292.39,100,293.01,100,IBM
2025-10-03,9:43:23.017934995,T,292.39,100,293.05,200,IBM
2025-10-03,9:43:39.422813789,T,292.51,100,293.05,200,IBM
2025-10-03,9:43:56.516442684,T,292.52,100,293.05,200,IBM
2025-10-03,9:43:56.520482245,T,292.51,100,293.05,200,IBM
2025-10-03,9:44:06.809100839,T,292.51,100,293.02,100,IBM
2025-10-03,9:44:06.810103268,T,292.51,100,293.05,300,IBM
2025-10-03,9:44:06.812518959,T,292.51,100,293.05,200,IBM
2025-10-03,9:44:07.314724585,T,292.51,100,293.0,100,IBM
2025-10-03,9:44:07.314729870,T,292.39,100,293.0,100,IBM
2025-10-03,9:44:07.314734587,T,292.39,100,292.75,100,IBM
2025-10-03,9:44:07.314754867,T,292.39,100,292.52,100,IBM
2025-10-03,9:44:07.314794774,T,292.39,100,292.75,200,IBM
2025-10-03,9:44:07.315110470,T,292.39,100,292.75,100,IBM
2025-10-03,9:44:07.324813561,T,292.39,100,293.05,200,IBM
2025-10-03,9:44:07.898313870,T,292.44,100,293.05,200,IBM
2025-10-03,9:44:07.898394093,T,292.47,100,293.05,200,IBM
2025-10-03,9:44:07.898594485,T,292.44,100,293.05,200,IBM
2025-10-03,9:44:07.898604580,T,292.39,100,293.05,200,IBM
2025-10-03,9:44:08.522544884,T,292.39,100,293.01,100,IBM
2025-10-03,9:44:09.168372561,T,292.39,100,293.05,200,IBM
2025-10-03,9:44:09.168467666,T,292.62,100,293.05,200,IBM
2025-10-03,9:44:09.168933640,T,292.39,100,293.05,200,IBM
2025-10-03,9:44:09.172592315,T,292.39,100,294.0,100,IBM
2025-10-03,9:44:09.172597392,T,292.39,100,293.24,200,IBM
2025-10-03,9:44:13.176444145,T,292.51,100,293.24,200,IBM
2025-10-03,9:44:13.176654592,T,292.51,200,293.24,200,IBM
2025-10-03,9:44:15.092655874,T,292.51,100,293.24,200,IBM
2025-10-03,9:44:18.902275185,T,292.11,100,293.24,200,IBM
2025-10-03,9:44:18.902310274,T,292.58,100,293.24,200,IBM
2025-10-03,9:44:20.949819610,T,292.58,100,293.12,100,IBM
2025-10-03,9:44:20.949844617,T,292.58,100,293.01,100,IBM
2025-10-03,9:44:20.949849697,T,292.58,100,292.88,100,IBM
2025-10-03,9:44:20.951458459,T,292.58,100,293.01,100,IBM
2025-10-03,9:44:20.953879225,T,292.58,100,293.12,100,IBM
2025-10-03,9:44:20.953919295,T,292.58,100,293.24,200,IBM
2025-10-03,9:44:21.028451984,T,292.36,100,293.24,200,IBM
2025-10-03,9:44:21.028486877,T,292.36,100,292.88,100,IBM
2025-10-03,9:44:21.028496935,T,292.11,100,292.88,100,IBM
2025-10-03,9:44:21.029038141,T,292.11,100,293.0,100,IBM
2025-10-03,9:44:21.036811714,T,292.11,100,293.01,100,IBM
2025-10-03,9:44:21.039969150,T,292.11,100,292.88,100,IBM
2025-10-03,9:44:21.051546792,T,292.11,100,293.0,100,IBM
2025-10-03,9:44:21.475085038,T,292.11,100,293.12,100,IBM
2025-10-03,9:44:21.523154462,T,292.11,100,292.88,100,IBM
2025-10-03,9:44:22.171994162,T,292.51,100,292.88,100,IBM
2025-10-03,9:44:23.279049736,T,292.21,100,292.88,100,IBM
2025-10-03,9:44:23.279049736,T,292.11,100,292.88,100,IBM
2025-10-03,9:44:23.279074724,T,292.11,100,292.51,100,IBM
2025-10-03,9:44:23.279114797,T,292.03,100,292.51,100,IBM
2025-10-03,9:44:23.279605918,T,292.03,100,292.65,100,IBM
2025-10-03,9:44:23.279631044,T,292.03,100,292.74,100,IBM
2025-10-03,9:44:23.279696122,T,292.03,100,292.65,100,IBM
2025-10-03,9:44:23.281084449,T,292.03,100,292.94,100,IBM
2025-10-03,9:44:23.281345076,T,292.03,100,293.0,100,IBM
2025-10-03,9:44:23.283094315,T,292.03,100,293.03,100,IBM
2025-10-03,9:44:23.534963872,T,292.03,100,293.07,200,IBM
2025-10-03,9:44:23.535515113,T,292.03,100,293.03,100,IBM
2025-10-03,9:44:23.535520163,T,292.03,100,292.79,100,IBM
2025-10-03,9:44:24.558114682,T,292.03,100,293.01,100,IBM
2025-10-03,9:44:25.628026608,T,292.03,100,293.03,100,IBM
2025-10-03,9:44:29.250906337,T,292.03,100,293.02,100,IBM
2025-10-03,9:44:30.477571759,T,292.24,100,293.02,100,IBM
2025-10-03,9:44:31.650524037,T,292.03,100,293.02,100,IBM
2025-10-03,9:44:34.048432645,T,292.29,100,293.02,100,IBM
2025-10-03,9:44:36.852182388,T,292.03,100,293.02,100,IBM
2025-10-03,9:44:38.731731907,T,292.31,100,293.02,100,IBM
2025-10-03,9:44:41.098967443,T,292.36,100,293.02,100,IBM
2025-10-03,9:44:41.098982423,T,292.36,100,293.03,100,IBM
2025-10-03,9:44:41.102986976,T,292.31,100,293.03,100,IBM
2025-10-03,9:44:44.689996394,T,292.32,100,293.03,100,IBM
2025-10-03,9:44:45.012609397,T,292.44,100,293.03,100,IBM
2025-10-03,9:44:48.154313799,T,292.44,100,293.07,200,IBM
2025-10-03,9:44:49.577035605,T,292.46,100,293.07,200,IBM
2025-10-03,9:44:51.955878861,T,292.46,100,293.01,100,IBM
2025-10-03,9:44:51.955908981,T,292.46,100,292.87,100,IBM
2025-10-03,9:44:51.958555290,T,292.46,100,293.02,100,IBM
2025-10-03,9:44:51.958795874,T,292.46,100,293.07,200,IBM
2025-10-03,9:44:51.959632799,T,292.44,100,293.07,200,IBM
2025-10-03,9:44:53.002345110,T,292.38,100,293.07,200,IBM
2025-10-03,9:44:54.869635388,T,292.38,100,293.0,100,IBM
2025-10-03,9:44:55.424456202,T,292.38,200,293.0,100,IBM
2025-10-03,9:44:56.156298610,T,292.38,200,292.94,100,IBM
2025-10-03,9:44:57.112700402,T,292.38,200,293.03,100,IBM
2025-10-03,9:44:57.928467348,T,292.38,200,293.0,100,IBM
2025-10-03,9:44:58.930497914,T,292.38,200,293.07,200,IBM
2025-10-03,9:45:00.170916339,T,292.38,200,292.62,100,IBM
2025-10-03,9:45:00.190562724,T,292.38,200,293.03,100,IBM
2025-10-03,9:45:00.190572648,T,292.38,200,292.62,100,IBM
2025-10-03,9:45:00.190587761,T,292.38,200,292.75,100,IBM
2025-10-03,9:45:00.190597794,T,292.38,200,292.62,100,IBM
2025-10-03,9:45:00.190738136,T,292.38,200,293.03,100,IBM
2025-10-03,9:45:00.190748057,T,292.38,200,292.62,100,IBM
2025-10-03,9:45:00.190793219,T,292.38,200,293.03,100,IBM
2025-10-03,9:45:00.190803214,T,292.38,200,293.02,100,IBM
2025-10-03,9:45:00.315630481,T,292.38,200,293.07,200,IBM
2025-10-03,9:45:01.097892751,T,292.38,300,293.07,200,IBM
2025-10-03,9:45:01.097897975,T,292.46,100,293.07,200,IBM
2025-10-03,9:45:01.098058241,T,292.38,400,293.07,200,IBM
2025-10-03,9:45:01.098845118,T,292.38,300,293.07,200,IBM
2025-10-03,9:45:01.108092131,T,292.38,200,293.07,200,IBM
2025-10-03,9:45:01.117980588,T,292.38,300,293.07,200,IBM
2025-10-03,9:45:02.083985189,T,292.38,200,293.07,200,IBM
2025-10-03,9:45:02.113224799,T,292.45,200,293.07,200,IBM
2025-10-03,9:45:02.116131925,T,292.45,300,293.07,200,IBM
2025-10-03,9:45:02.352499471,T,292.45,300,294.0,100,IBM
2025-10-03,9:45:02.352504463,T,292.45,300,293.25,200,IBM
2025-10-03,9:45:02.356874858,T,292.45,200,293.25,200,IBM
2025-10-03,9:45:02.728013649,T,292.54,100,293.25,200,IBM
2025-10-03,9:45:07.587126382,T,292.54,100,293.01,100,IBM
2025-10-03,9:45:07.587547315,T,292.54,100,293.0,100,IBM
2025-10-03,9:45:07.587732840,T,292.54,100,292.88,100,IBM
2025-10-03,9:45:07.588670024,T,292.45,200,292.88,100,IBM
2025-10-03,9:45:07.591586948,T,292.45,200,293.0,100,IBM
2025-10-03,9:45:07.595411119,T,292.45,200,293.25,200,IBM
2025-10-03,9:45:07.639551201,T,292.54,100,293.25,200,IBM
2025-10-03,9:45:08.319299250,T,292.54,100,293.12,100,IBM
2025-10-03,9:45:08.624881768,T,292.54,100,293.25,200,IBM
2025-10-03,9:45:08.935000087,T,292.54,100,293.01,100,IBM
2025-10-03,9:45:08.939305270,T,292.54,100,293.25,200,IBM
2025-10-03,9:45:13.427575307,T,292.54,100,293.02,100,IBM
2025-10-03,9:45:14.612486006,T,292.54,100,293.25,200,IBM
2025-10-03,9:45:19.915044422,T,292.62,100,293.25,200,IBM
2025-10-03,9:45:21.854230935,T,292.62,100,293.01,100,IBM
2025-10-03,9:45:21.858125212,T,292.62,100,293.25,200,IBM
2025-10-03,9:45:23.278366327,T,292.7,300,293.25,200,IBM
2025-10-03,9:45:27.302692150,T,292.7,300,293.0,200,IBM
2025-10-03,9:45:27.302696793,T,292.7,300,293.0,400,IBM
2025-10-03,9:45:27.302701916,T,292.7,300,293.0,600,IBM
2025-10-03,9:45:27.302706830,T,292.7,300,293.0,700,IBM
2025-10-03,9:45:27.302716991,T,292.7,300,293.0,900,IBM
2025-10-03,9:45:27.302716991,T,292.7,300,293.0,700,IBM
2025-10-03,9:45:27.302727033,T,292.7,300,293.0,500,IBM
2025-10-03,9:45:27.302727033,T,292.7,300,293.0,400,IBM
2025-10-03,9:45:27.302736953,T,292.7,300,293.0,200,IBM
2025-10-03,9:45:27.302747001,T,292.7,300,293.25,200,IBM
2025-10-03,9:45:27.302772054,T,292.7,300,292.94,1300,IBM
2025-10-03,9:45:27.302902361,T,292.7,300,293.01,100,IBM
2025-10-03,9:45:27.302923206,T,292.7,300,292.93,1300,IBM
2025-10-03,9:45:27.303057719,T,292.7,300,292.93,1400,IBM
2025-10-03,9:45:27.303173015,T,292.7,300,292.93,100,IBM
2025-10-03,9:45:27.303173015,T,292.7,300,293.01,100,IBM
2025-10-03,9:45:27.303183047,T,292.7,300,293.25,200,IBM
2025-10-03,9:45:27.303198042,T,292.7,300,292.77,1300,IBM
2025-10-03,9:45:27.303213408,T,292.7,300,292.77,1100,IBM
2025-10-03,9:45:27.303218262,T,292.7,300,292.77,1000,IBM
2025-10-03,9:45:27.303218262,T,292.7,300,292.77,900,IBM
2025-10-03,9:45:27.303218262,T,292.7,300,293.25,200,IBM
2025-10-03,9:45:27.303233078,T,292.7,300,293.01,100,IBM
2025-10-03,9:45:27.303243439,T,292.7,300,293.0,100,IBM
2025-10-03,9:45:27.303243439,T,292.7,300,293.25,300,IBM
2025-10-03,9:45:27.303248160,T,292.7,300,293.01,100,IBM
2025-10-03,9:45:27.303263219,T,292.7,300,293.25,300,IBM
2025-10-03,9:45:27.303263219,T,292.7,300,292.85,100,IBM
2025-10-03,9:45:27.303278222,T,292.7,300,293.25,300,IBM
2025-10-03,9:45:27.303303253,T,292.7,300,292.77,100,IBM
2025-10-03,9:45:27.303308250,T,292.76,100,292.77,100,IBM
2025-10-03,9:45:27.303318302,T,292.76,100,293.25,300,IBM
2025-10-03,9:45:27.303343357,T,292.76,100,292.77,100,IBM
2025-10-03,9:45:27.303353373,T,292.76,100,293.25,300,IBM
2025-10-03,9:45:27.303358388,T,292.76,100,293.25,200,IBM
2025-10-03,9:45:27.303378493,T,292.76,100,292.77,100,IBM
2025-10-03,9:45:27.303388473,T,292.76,100,292.99,100,IBM
2025-10-03,9:45:27.303388473,T,292.76,100,293.25,200,IBM
2025-10-03,9:45:27.303413553,T,292.76,100,292.99,100,IBM
2025-10-03,9:45:27.303428542,T,292.76,100,293.25,200,IBM
2025-10-03,9:45:27.303453689,T,292.76,100,292.99,100,IBM
2025-10-03,9:45:27.303468607,T,292.76,100,293.25,200,IBM
2025-10-03,9:45:27.303473679,T,292.76,100,293.01,100,IBM
2025-10-03,9:45:27.303478668,T,292.76,100,293.25,200,IBM
2025-10-03,9:45:27.303488727,T,292.7,300,293.25,200,IBM
2025-10-03,9:45:27.303493747,T,292.7,300,292.99,100,IBM
2025-10-03,9:45:27.303513755,T,292.7,300,293.25,200,IBM
2025-10-03,9:45:27.303513755,T,292.7,300,293.19,100,IBM
2025-10-03,9:45:27.303538812,T,292.7,300,293.01,100,IBM
2025-10-03,9:45:27.303543817,T,292.7,300,293.19,100,IBM
2025-10-03,9:45:27.303844588,T,292.7,300,293.25,200,IBM
2025-10-03,9:45:27.496247564,T,292.7,100,293.25,200,IBM
2025-10-03,9:45:27.496277985,T,292.36,100,293.25,200,IBM
2025-10-03,9:45:27.496302748,T,292.36,100,292.71,100,IBM
2025-10-03,9:45:27.496884063,T,292.36,100,293.01,100,IBM
2025-10-03,9:45:27.496904124,T,292.36,100,293.25,200,IBM
2025-10-03,9:45:27.496939239,T,292.36,100,293.1,100,IBM
2025-10-03,9:45:27.496939239,T,292.36,100,293.25,200,IBM
2025-10-03,9:45:27.497009348,T,292.36,100,292.99,100,IBM
2025-10-03,9:45:27.497300103,T,292.36,100,293.0,100,IBM
2025-10-03,9:45:27.497325194,T,292.36,100,293.25,200,IBM
2025-10-03,9:45:27.552867313,T,292.36,100,292.98,100,IBM
2025-10-03,9:45:27.552922503,T,292.28,100,292.98,100,IBM
2025-10-03,9:45:27.553343489,T,292.28,100,292.97,100,IBM
2025-10-03,9:45:27.553383544,T,292.2,100,292.97,100,IBM
2025-10-03,9:45:27.553423742,T,292.2,100,292.81,100,IBM
2025-10-03,9:45:27.553724394,T,292.14,100,292.81,100,IBM
2025-10-03,9:45:27.553734413,T,292.14,100,292.97,100,IBM
2025-10-03,9:45:27.554200656,T,292.14,100,292.98,100,IBM
2025-10-03,9:45:27.554235605,T,292.36,100,292.98,100,IBM
2025-10-03,9:45:27.558485777,T,292.28,100,292.98,100,IBM
2025-10-03,9:45:27.558616057,T,292.2,100,292.98,100,IBM
2025-10-03,9:45:27.569617270,T,292.3,100,292.98,100,IBM
2025-10-03,9:45:29.244459538,T,292.31,100,292.98,100,IBM
2025-10-03,9:45:29.271629245,T,292.2,100,292.98,100,IBM
2025-10-03,9:45:29.761475302,T,292.2,100,292.98,200,IBM
2025-10-03,9:45:29.761510423,T,292.2,100,292.98,100,IBM
2025-10-03,9:45:29.761510423,T,292.2,100,292.98,200,IBM
2025-10-03,9:45:29.762517783,T,292.2,100,292.98,100,IBM
2025-10-03,9:45:32.388785105,T,292.3,100,292.98,100,IBM
2025-10-03,9:45:32.620787312,T,292.37,100,292.98,100,IBM
2025-10-03,9:45:33.866868732,T,292.3,100,292.98,100,IBM
2025-10-03,9:45:36.856145275,T,292.3,100,292.97,100,IBM
2025-10-03,9:45:36.856145275,T,292.3,100,292.98,100,IBM
2025-10-03,9:45:39.020833821,T,292.36,100,292.98,100,IBM
2025-10-03,9:45:39.173366930,T,292.46,100,292.98,100,IBM
2025-10-03,9:45:39.174123793,T,292.46,200,292.98,100,IBM
2025-10-03,9:45:39.174509670,T,292.56,100,292.98,100,IBM
2025-10-03,9:45:39.174695078,T,292.47,100,292.98,100,IBM
2025-10-03,9:45:39.179421340,T,292.47,100,293.44,100,IBM
2025-10-03,9:45:39.179421340,T,292.47,100,293.54,200,IBM
2025-10-03,9:45:39.179446571,T,292.98,100,293.54,200,IBM
2025-10-03,9:45:39.179481806,T,292.48,100,293.54,200,IBM
2025-10-03,9:45:39.179486576,T,292.63,100,293.54,200,IBM
2025-10-03,9:45:39.179501730,T,292.63,100,292.99,100,IBM
2025-10-03,9:45:39.179506554,T,292.47,100,292.99,100,IBM
2025-10-03,9:45:39.179516650,T,292.64,100,292.99,100,IBM
2025-10-03,9:45:39.179521644,T,292.64,100,293.0,100,IBM
2025-10-03,9:45:39.179762180,T,292.64,100,293.54,200,IBM
2025-10-03,9:45:39.179787198,T,292.65,100,293.54,200,IBM
2025-10-03,9:45:39.179797324,T,292.7,100,293.54,200,IBM
2025-10-03,9:45:39.179812315,T,292.75,100,293.54,200,IBM
2025-10-03,9:45:39.179987697,T,292.7,100,293.54,200,IBM
2025-10-03,9:45:39.180017793,T,292.76,100,293.54,200,IBM
2025-10-03,9:45:39.180027864,T,292.7,100,293.54,200,IBM
2025-10-03,9:45:39.180047927,T,292.81,100,293.54,200,IBM
2025-10-03,9:45:39.180062864,T,292.76,100,293.54,200,IBM
2025-10-03,9:45:39.180097932,T,292.48,100,293.54,200,IBM
2025-10-03,9:45:39.180113222,T,292.7,100,293.54,200,IBM
2025-10-03,9:45:39.180148102,T,292.76,100,293.54,200,IBM
2025-10-03,9:45:39.180163116,T,292.7,100,293.54,200,IBM
2025-10-03,9:45:39.180173149,T,292.48,100,293.54,200,IBM
2025-10-03,9:45:39.180183235,T,292.56,100,293.54,200,IBM
2025-10-03,9:45:39.180223274,T,292.47,100,293.54,200,IBM
2025-10-03,9:45:39.180223274,T,292.56,100,293.54,200,IBM
2025-10-03,9:45:39.180313449,T,292.65,100,293.54,200,IBM
2025-10-03,9:45:39.180323814,T,292.56,100,293.54,200,IBM
2025-10-03,9:45:39.180323814,T,292.65,100,293.54,200,IBM
2025-10-03,9:45:39.180368580,T,292.56,100,293.54,200,IBM
2025-10-03,9:45:39.180448771,T,292.48,100,293.54,200,IBM
2025-10-03,9:45:39.180544005,T,292.65,100,293.54,200,IBM
2025-10-03,9:45:39.180559078,T,292.48,100,293.54,200,IBM
2025-10-03,9:45:39.180614238,T,292.61,100,293.54,200,IBM
2025-10-03,9:45:39.180629598,T,292.54,100,293.54,200,IBM
2025-10-03,9:45:39.180694456,T,292.47,100,293.54,200,IBM
2025-10-03,9:45:39.180789605,T,292.46,100,293.54,200,IBM
2025-10-03,9:45:39.180904957,T,292.46,200,293.54,200,IBM
2025-10-03,9:45:39.181070265,T,292.47,100,293.54,200,IBM
2025-10-03,9:45:39.181085344,T,292.46,200,293.54,200,IBM
2025-10-03,9:45:39.181140422,T,292.47,100,293.54,200,IBM
2025-10-03,9:45:39.181155477,T,292.46,200,293.54,200,IBM
2025-10-03,9:45:39.188493007,T,292.47,100,293.54,200,IBM
2025-10-03,9:45:39.188507955,T,292.46,200,293.54,200,IBM
2025-10-03,9:45:39.188568198,T,292.47,100,293.54,200,IBM
2025-10-03,9:45:39.188578133,T,292.46,200,293.54,200,IBM
2025-10-03,9:45:39.188613232,T,292.47,100,293.54,200,IBM
2025-10-03,9:45:39.188673456,T,292.56,100,293.54,200,IBM
2025-10-03,9:45:39.190452627,T,292.47,100,293.54,200,IBM
2025-10-03,9:45:39.200180942,T,292.48,100,293.54,200,IBM
2025-10-03,9:45:39.279474607,T,292.46,100,293.54,200,IBM
2025-10-03,9:45:40.033830448,T,292.47,100,293.54,200,IBM
2025-10-03,9:45:40.033830448,T,292.48,100,293.54,200,IBM
2025-10-03,9:45:40.033845408,T,292.76,100,293.54,200,IBM
2025-10-03,9:45:40.034351511,T,292.83,100,293.54,200,IBM
2025-10-03,9:45:40.034486837,T,292.61,100,293.54,200,IBM
2025-10-03,9:45:40.034526961,T,292.54,100,293.54,200,IBM
2025-10-03,9:45:40.034542002,T,292.47,100,293.54,200,IBM
2025-10-03,9:45:40.034572360,T,292.48,100,293.54,200,IBM
2025-10-03,9:45:40.034587157,T,292.47,100,293.54,200,IBM
2025-10-03,9:45:40.034607196,T,292.48,100,293.54,200,IBM
2025-10-03,9:45:40.034622228,T,292.47,100,293.54,200,IBM
2025-10-03,9:45:40.034692373,T,292.46,100,293.54,200,IBM
2025-10-03,9:45:40.034837728,T,292.47,100,293.54,200,IBM
2025-10-03,9:45:40.054243960,T,292.46,100,293.54,200,IBM
2025-10-03,9:45:40.387607483,T,292.84,100,293.54,200,IBM
2025-10-03,9:45:40.388414388,T,292.84,100,293.0,100,IBM
2025-10-03,9:45:40.849772645,T,292.84,100,293.28,100,IBM
2025-10-03,9:45:40.850213742,T,292.84,100,293.54,200,IBM
2025-10-03,9:45:43.501400193,T,292.84,100,293.44,100,IBM
2025-10-03,9:45:45.120740327,T,292.84,100,293.54,200,IBM
2025-10-03,9:45:45.423030003,T,292.85,200,293.54,200,IBM
2025-10-03,9:45:45.621908427,T,292.87,100,293.54,200,IBM
2025-10-03,9:45:46.676990292,T,292.87,200,293.54,200,IBM
2025-10-03,9:45:47.362296614,T,292.87,300,293.54,200,IBM
2025-10-03,9:45:50.430911898,T,292.91,100,293.54,200,IBM
2025-10-03,9:45:53.823277877,T,292.91,200,293.54,200,IBM
2025-10-03,9:45:53.839962554,T,292.91,100,293.54,200,IBM
2025-10-03,9:45:53.844894375,T,292.91,200,293.54,200,IBM
2025-10-03,9:45:54.520212121,T,292.91,200,293.28,100,IBM
2025-10-03,9:45:54.521079109,T,292.91,200,293.5,100,IBM
2025-10-03,9:45:54.521099195,T,292.91,200,293.54,200,IBM
2025-10-03,9:45:58.411465827,T,292.91,100,293.54,200,IBM
2025-10-03,9:45:58.433858993,T,292.87,100,293.54,200,IBM
2025-10-03,9:45:58.433879745,T,292.87,100,292.91,100,IBM
2025-10-03,9:45:58.434234818,T,292.87,100,293.1,100,IBM
2025-10-03,9:45:58.434255071,T,292.87,100,293.27,100,IBM
2025-10-03,9:45:58.434255071,T,292.88,100,293.27,100,IBM
2025-10-03,9:45:58.434309993,T,292.88,100,293.21,100,IBM
2025-10-03,9:45:58.434475592,T,292.88,100,293.27,100,IBM
2025-10-03,9:45:58.434505468,T,292.87,100,293.27,100,IBM
2025-10-03,9:45:58.434530484,T,292.87,100,293.1,100,IBM
2025-10-03,9:45:58.434570629,T,292.77,100,293.1,100,IBM
2025-10-03,9:45:58.434575628,T,292.87,100,293.1,100,IBM
2025-10-03,9:45:58.434590679,T,292.77,100,293.1,100,IBM
2025-10-03,9:45:58.434661138,T,292.77,100,293.44,100,IBM
2025-10-03,9:45:58.434861338,T,292.77,100,293.54,300,IBM
2025-10-03,9:45:58.434881385,T,292.77,100,293.54,200,IBM
2025-10-03,9:45:58.435126938,T,292.88,100,293.54,200,IBM
2025-10-03,9:45:58.435131942,T,292.77,100,293.54,200,IBM
2025-10-03,9:45:58.435131942,T,292.94,100,293.54,200,IBM
2025-10-03,9:45:58.435412837,T,292.77,100,293.54,200,IBM
2025-10-03,9:45:58.435793554,T,292.77,100,293.5,100,IBM
2025-10-03,9:45:58.435808547,T,292.77,100,293.44,100,IBM
2025-10-03,9:45:58.438885875,T,292.77,100,293.5,100,IBM
2025-10-03,9:45:58.438911000,T,292.77,100,293.54,300,IBM
2025-10-03,9:45:58.443336525,T,292.77,100,293.54,200,IBM
2025-10-03,9:45:58.524970780,T,292.88,100,293.54,200,IBM
2025-10-03,9:45:59.923515256,T,292.88,300,293.54,200,IBM
2025-10-03,9:46:02.121603200,T,292.88,300,293.0,100,IBM
2025-10-03,9:46:02.122009190,T,292.88,300,292.99,100,IBM
2025-10-03,9:46:02.122034221,T,292.88,300,293.0,100,IBM
2025-10-03,9:46:02.122690801,T,292.88,300,293.54,200,IBM
2025-10-03,9:46:02.123197011,T,292.88,300,292.9,100,IBM
2025-10-03,9:46:02.123222024,T,292.88,300,293.54,200,IBM
2025-10-03,9:46:02.123512717,T,292.88,300,294.28,100,IBM
2025-10-03,9:46:02.123517773,T,292.88,300,293.38,200,IBM
2025-10-03,9:46:02.124720648,T,292.88,300,293.28,100,IBM
2025-10-03,9:46:02.124740703,T,292.88,300,293.38,200,IBM
2025-10-03,9:46:02.125462469,T,292.88,300,292.91,100,IBM
2025-10-03,9:46:02.125487519,T,292.88,300,293.38,200,IBM
2025-10-03,9:46:02.126274353,T,292.88,300,293.09,100,IBM
2025-10-03,9:46:02.127326849,T,292.88,300,293.38,200,IBM
2025-10-03,9:46:02.419677821,T,292.88,300,293.28,100,IBM
2025-10-03,9:46:02.419692845,T,292.88,300,293.0,100,IBM
2025-10-03,9:46:02.714660229,T,292.88,300,293.38,200,IBM
2025-10-03,9:46:02.714930735,T,292.88,300,293.28,100,IBM
2025-10-03,9:46:03.332982144,T,292.88,300,293.09,100,IBM
2025-10-03,9:46:05.092636226,T,292.88,300,293.02,100,IBM
2025-10-03,9:46:05.092876798,T,292.88,300,293.0,100,IBM
2025-10-03,9:46:06.763298322,T,292.88,300,293.28,100,IBM
2025-10-03,9:46:08.907467792,T,292.88,300,293.38,300,IBM
2025-10-03,9:46:08.970101825,T,292.88,300,293.38,200,IBM
2025-10-03,9:46:12.960095620,T,292.88,400,293.38,200,IBM
2025-10-03,9:46:12.960882487,T,292.88,400,294.28,100,IBM
2025-10-03,9:46:12.960892519,T,292.88,400,293.55,200,IBM
2025-10-03,9:46:13.063757378,T,292.89,100,293.55,200,IBM
2025-10-03,9:46:13.063792469,T,292.94,100,293.55,200,IBM
2025-10-03,9:46:13.064113184,T,293.04,100,293.55,200,IBM
2025-10-03,9:46:13.064283599,T,293.04,200,293.55,200,IBM
2025-10-03,9:46:13.064358845,T,293.04,100,293.55,200,IBM
2025-10-03,9:46:13.068889766,T,292.94,100,293.55,200,IBM
2025-10-03,9:46:13.084341359,T,292.89,100,293.55,200,IBM
2025-10-03,9:46:13.084576922,T,292.89,200,293.55,200,IBM
2025-10-03,9:46:13.128145660,T,292.89,100,293.55,200,IBM
2025-10-03,9:46:13.164181424,T,292.88,300,293.55,200,IBM
2025-10-03,9:46:13.421163247,T,292.88,100,293.55,200,IBM
2025-10-03,9:46:17.195473279,T,293.1,100,293.55,200,IBM
2025-10-03,9:46:17.203758055,T,292.88,100,293.55,200,IBM
2025-10-03,9:46:19.855325441,T,292.88,100,293.32,100,IBM
2025-10-03,9:46:19.855956981,T,292.88,100,293.31,100,IBM
2025-10-03,9:46:19.855992011,T,292.88,100,293.28,100,IBM
2025-10-03,9:46:19.855992011,T,292.88,100,293.21,100,IBM
2025-10-03,9:46:19.856242683,T,292.95,100,293.21,100,IBM
2025-10-03,9:46:19.856563417,T,292.95,200,293.21,100,IBM
2025-10-03,9:46:19.860021587,T,292.95,200,293.31,100,IBM
2025-10-03,9:46:19.956050281,T,292.95,200,293.32,100,IBM
2025-10-03,9:46:19.998822141,T,293.08,100,293.32,100,IBM
2025-10-03,9:46:20.360688676,T,293.08,200,293.32,100,IBM
2025-10-03,9:46:20.536146345,T,293.08,100,293.32,100,IBM
2025-10-03,9:46:20.536171409,T,292.88,100,293.32,100,IBM
2025-10-03,9:46:20.536196434,T,292.88,100,293.21,100,IBM
2025-10-03,9:46:20.536211499,T,292.88,100,293.32,100,IBM
2025-10-03,9:46:20.536246569,T,292.88,100,293.15,100,IBM
2025-10-03,9:46:20.537038431,T,292.88,100,293.32,100,IBM
2025-10-03,9:46:22.657215805,T,292.88,100,293.29,100,IBM
2025-10-03,9:46:24.663933049,T,292.88,100,293.21,100,IBM
2025-10-03,9:46:25.417301554,T,292.88,100,293.14,100,IBM
2025-10-03,9:46:25.687269295,T,292.81,100,293.14,100,IBM
2025-10-03,9:46:25.687294327,T,292.81,100,293.14,200,IBM
2025-10-03,9:46:25.687319655,T,292.81,100,293.13,100,IBM
2025-10-03,9:46:25.687329434,T,292.81,100,293.01,100,IBM
2025-10-03,9:46:25.689319541,T,292.49,200,293.01,100,IBM
2025-10-03,9:46:25.689354254,T,292.49,200,293.01,200,IBM
2025-10-03,9:46:25.689379372,T,292.49,200,293.0,100,IBM
2025-10-03,9:46:25.689404330,T,292.49,200,293.0,200,IBM
2025-10-03,9:46:25.689404330,T,292.49,200,293.0,100,IBM
2025-10-03,9:46:25.689584854,T,292.49,200,293.0,200,IBM
2025-10-03,9:46:25.689604872,T,292.49,200,292.96,100,IBM
2025-10-03,9:46:25.689634922,T,292.49,200,292.91,100,IBM
2025-10-03,9:46:25.689795325,T,292.36,100,292.91,100,IBM
2025-10-03,9:46:25.690015939,T,292.36,100,292.96,100,IBM
2025-10-03,9:46:25.690121639,T,292.73,100,292.96,100,IBM
2025-10-03,9:46:25.690126064,T,292.73,100,293.0,200,IBM
2025-10-03,9:46:25.690172048,T,292.36,100,293.0,200,IBM
2025-10-03,9:46:25.690186232,T,292.36,100,292.91,100,IBM
2025-10-03,9:46:25.690186232,T,292.73,100,292.91,100,IBM
2025-10-03,9:46:25.690191332,T,292.67,100,292.91,100,IBM
2025-10-03,9:46:25.690196268,T,292.67,100,293.0,200,IBM
2025-10-03,9:46:25.690216264,T,292.36,100,293.0,200,IBM
2025-10-03,9:46:25.690221291,T,292.36,100,293.0,100,IBM
2025-10-03,9:46:25.690431820,T,292.67,100,293.0,100,IBM
2025-10-03,9:46:25.690521989,T,292.36,100,293.0,100,IBM
2025-10-03,9:46:25.690547057,T,292.8,100,293.0,100,IBM
2025-10-03,9:46:25.690557068,T,292.48,100,293.0,100,IBM
2025-10-03,9:46:25.690572153,T,292.36,100,293.0,100,IBM
2025-10-03,9:46:25.690592225,T,292.36,100,292.82,100,IBM
2025-10-03,9:46:25.690627285,T,292.36,100,292.81,100,IBM
2025-10-03,9:46:25.690867902,T,292.36,100,292.8,100,IBM
2025-10-03,9:46:25.690928055,T,292.36,100,292.81,100,IBM
2025-10-03,9:46:25.691028261,T,292.8,100,292.81,100,IBM
2025-10-03,9:46:25.691048316,T,292.36,100,292.81,100,IBM
2025-10-03,9:46:25.691083340,T,292.36,100,292.8,100,IBM
2025-10-03,9:46:25.691499540,T,292.36,100,292.81,100,IBM
2025-10-03,9:46:25.691594553,T,292.38,100,292.81,100,IBM
2025-10-03,9:46:25.691644720,T,292.38,100,293.0,100,IBM
2025-10-03,9:46:25.691659695,T,292.36,100,293.0,100,IBM
2025-10-03,9:46:25.691730184,T,292.79,100,293.0,100,IBM
2025-10-03,9:46:25.691754965,T,292.36,100,293.0,100,IBM
2025-10-03,9:46:25.691920380,T,292.3,300,293.0,100,IBM
2025-10-03,9:46:25.692185991,T,292.36,100,293.0,100,IBM
2025-10-03,9:46:25.699698935,T,292.3,300,293.0,100,IBM
2025-10-03,9:46:26.525860681,T,292.36,100,293.0,100,IBM
2025-10-03,9:46:26.526702612,T,292.36,100,293.21,100,IBM
2025-10-03,9:46:26.530195970,T,292.3,300,293.21,100,IBM
2025-10-03,9:46:26.595090435,T,292.36,100,293.21,100,IBM
2025-10-03,9:46:26.595146074,T,292.3,300,293.21,100,IBM
