DATE,TIME_M,EX,BID,BIDSIZ,ASK,ASKSIZ,SYM_ROOT
2025-11-10,9:30:00.652767185,T,306.6,40,310.58,40,IBM
2025-11-10,9:30:00.663327400,T,305.0,40,310.58,40,IBM
2025-11-10,9:30:01.016493350,T,306.55,80,310.58,40,IBM
2025-11-10,9:30:01.186442984,T,306.55,80,310.58,40,IBM
2025-11-10,9:30:01.186598394,T,306.55,40,310.58,40,IBM
2025-11-10,9:30:01.186623728,T,306.55,40,308.76,80,IBM
2025-11-10,9:30:01.186628369,T,306.55,40,307.95,40,IBM
2025-11-10,9:30:01.187806125,T,306.0,40,307.95,40,IBM
2025-11-10,9:30:01.190843366,T,306.0,40,308.76,80,IBM
2025-11-10,9:30:01.198411386,T,306.0,40,308.76,120,IBM
2025-11-10,9:30:01.198451473,T,306.0,40,307.49,40,IBM
2025-11-10,9:30:01.198546715,T,304.77,40,307.49,40,IBM
2025-11-10,9:30:01.198596828,T,304.77,40,308.76,120,IBM
2025-11-10,9:30:01.198601869,T,304.77,40,307.02,40,IBM
2025-11-10,9:30:01.202531217,T,304.77,40,308.76,120,IBM
2025-11-10,9:30:01.202596515,T,304.77,40,308.76,80,IBM
2025-11-10,9:30:01.206325220,T,304.5,40,308.76,80,IBM
2025-11-10,9:30:01.206621083,T,304.5,40,309.3,40,IBM
2025-11-10,9:30:01.206651062,T,304.5,40,310.58,40,IBM
2025-11-10,9:30:01.208740995,T,304.5,40,309.3,40,IBM
2025-11-10,9:30:01.213417165,T,304.5,40,308.76,320,IBM
2025-11-10,9:30:01.244852012,T,304.5,40,308.76,360,IBM
2025-11-10,9:30:01.245142735,T,304.5,40,308.76,320,IBM
2025-11-10,9:30:01.245212853,T,304.5,40,308.76,280,IBM
2025-11-10,9:30:01.245212853,T,304.5,40,310.58,40,IBM
2025-11-10,9:30:01.245318119,T,304.5,40,306.88,320,IBM
2025-11-10,9:30:01.245353177,T,304.5,40,307.38,40,IBM
2025-11-10,9:30:01.245403336,T,304.5,40,306.0,200,IBM
2025-11-10,9:30:01.712204730,T,304.5,40,307.5,40,IBM
2025-11-10,9:30:01.712229782,T,304.5,40,305.8,200,IBM
2025-11-10,9:30:02.098965499,T,304.51,80,305.8,200,IBM
2025-11-10,9:30:02.198968529,T,305.55,80,305.8,200,IBM
2025-11-10,9:30:02.424144701,T,305.55,80,305.8,160,IBM
2025-11-10,9:30:02.424164707,T,305.55,80,308.0,80,IBM
2025-11-10,9:30:02.424184781,T,305.8,80,308.0,80,IBM
2025-11-10,9:30:02.424214830,T,305.55,80,308.0,80,IBM
2025-11-10,9:30:02.424235674,T,305.55,80,306.76,80,IBM
2025-11-10,9:30:02.424239944,T,305.55,80,306.4,40,IBM
2025-11-10,9:30:02.424816243,T,305.79,80,306.4,40,IBM
2025-11-10,9:30:02.424836286,T,305.79,80,306.76,80,IBM
2025-11-10,9:30:02.424846344,T,304.5,40,306.76,80,IBM
2025-11-10,9:30:02.424866365,T,304.5,40,306.56,80,IBM
2025-11-10,9:30:02.424881480,T,304.5,40,306.28,40,IBM
2025-11-10,9:30:02.434288868,T,304.5,40,306.56,80,IBM
2025-11-10,9:30:02.444868966,T,304.5,40,308.0,80,IBM
2025-11-10,9:30:02.511833473,T,304.5,40,306.05,40,IBM
2025-11-10,9:30:02.512550346,T,304.5,40,306.05,80,IBM
2025-11-10,9:30:03.425263096,T,305.55,80,306.05,80,IBM
2025-11-10,9:30:03.586577097,T,305.55,80,306.05,40,IBM
2025-11-10,9:30:04.124116729,T,305.55,360,306.05,40,IBM
2025-11-10,9:30:04.427308461,T,305.55,360,306.05,240,IBM
2025-11-10,9:30:05.007990794,T,305.6,80,306.05,240,IBM
2025-11-10,9:30:05.008471984,T,305.6,160,306.05,240,IBM
2025-11-10,9:30:05.011499159,T,305.6,200,306.05,240,IBM
2025-11-10,9:30:05.028419504,T,305.6,160,306.05,240,IBM
2025-11-10,9:30:06.407933669,T,305.6,160,306.05,200,IBM
2025-11-10,9:30:06.407953691,T,305.6,160,308.0,80,IBM
2025-11-10,9:30:06.408129150,T,306.0,80,308.0,80,IBM
2025-11-10,9:30:06.408199236,T,306.0,80,307.0,40,IBM
2025-11-10,9:30:06.409537479,T,306.0,320,307.0,40,IBM
2025-11-10,9:30:06.409557512,T,306.0,360,307.0,40,IBM
2025-11-10,9:30:06.409973527,T,306.0,360,307.0,80,IBM
2025-11-10,9:30:06.533297109,T,306.0,360,306.55,40,IBM
2025-11-10,9:30:06.533317376,T,306.0,360,306.55,80,IBM
2025-11-10,9:30:06.809239017,T,306.0,360,306.55,120,IBM
2025-11-10,9:30:06.932236829,T,306.15,40,306.55,120,IBM
2025-11-10,9:30:06.932788623,T,306.26,40,306.55,120,IBM
2025-11-10,9:30:06.933534863,T,306.26,120,306.55,120,IBM
2025-11-10,9:30:06.933564937,T,306.26,80,306.55,120,IBM
2025-11-10,9:30:06.933569941,T,306.15,240,306.55,120,IBM
2025-11-10,9:30:06.933610061,T,306.15,240,306.26,40,IBM
2025-11-10,9:30:06.933635176,T,306.15,240,306.55,80,IBM
2025-11-10,9:30:06.934321776,T,306.15,240,306.55,40,IBM
2025-11-10,9:30:06.935304066,T,306.15,240,306.55,80,IBM
2025-11-10,9:30:06.938461635,T,306.15,280,306.55,80,IBM
2025-11-10,9:30:06.991302434,T,306.31,40,306.55,80,IBM
2025-11-10,9:30:07.137981608,T,306.31,280,306.55,80,IBM
2025-11-10,9:30:07.934016897,T,306.31,360,306.55,80,IBM
2025-11-10,9:30:09.444723569,T,306.31,120,306.55,80,IBM
2025-11-10,9:30:09.444778748,T,306.31,80,306.55,80,IBM
2025-11-10,9:30:09.444778748,T,305.0,40,306.55,80,IBM
2025-11-10,9:30:09.444798730,T,304.5,40,306.55,80,IBM
2025-11-10,9:30:09.445781140,T,305.0,40,306.55,80,IBM
2025-11-10,9:30:09.453860321,T,306.0,40,306.55,80,IBM
2025-11-10,9:30:10.445215555,T,306.0,80,306.55,80,IBM
2025-11-10,9:30:12.168392931,T,306.0,80,306.55,40,IBM
2025-11-10,9:30:12.169109616,T,306.0,80,308.0,120,IBM
2025-11-10,9:30:12.243737290,T,306.0,80,306.54,40,IBM
2025-11-10,9:30:12.244454003,T,306.0,80,306.54,80,IBM
2025-11-10,9:30:18.047649830,T,306.0,80,306.54,40,IBM
2025-11-10,9:30:18.047649830,T,306.0,80,307.67,40,IBM
2025-11-10,9:30:18.047674888,T,306.11,80,307.67,40,IBM
2025-11-10,9:30:18.048662263,T,306.11,160,307.67,40,IBM
2025-11-10,9:30:18.051909882,T,306.11,120,307.67,40,IBM
2025-11-10,9:30:18.052350989,T,306.11,160,307.67,40,IBM
2025-11-10,9:30:18.052501327,T,306.11,160,306.7,40,IBM
2025-11-10,9:30:18.052506408,T,306.11,120,306.7,40,IBM
2025-11-10,9:30:18.052506408,T,306.11,160,306.7,40,IBM
2025-11-10,9:30:18.052526393,T,306.11,160,307.88,40,IBM
2025-11-10,9:30:18.053593982,T,306.11,120,307.88,40,IBM
2025-11-10,9:30:18.054310645,T,306.11,120,307.5,40,IBM
2025-11-10,9:30:18.059648393,T,306.11,160,307.5,40,IBM
2025-11-10,9:30:18.067667619,T,306.11,40,307.5,40,IBM
2025-11-10,9:30:20.713731852,T,306.11,80,307.5,40,IBM
2025-11-10,9:30:20.714117832,T,306.11,120,307.5,40,IBM
2025-11-10,9:30:20.714378464,T,306.11,120,308.0,120,IBM
2025-11-10,9:30:20.714508674,T,306.28,80,308.0,120,IBM
2025-11-10,9:30:20.714779361,T,306.28,40,308.0,120,IBM
2025-11-10,9:30:20.714909643,T,306.51,40,308.0,120,IBM
2025-11-10,9:30:20.719270046,T,306.51,40,307.25,40,IBM
2025-11-10,9:30:20.731278647,T,307.0,40,307.25,40,IBM
2025-11-10,9:30:20.732030447,T,307.0,120,307.25,40,IBM
2025-11-10,9:30:21.496485432,T,307.0,40,307.25,40,IBM
2025-11-10,9:30:22.247638737,T,305.41,40,307.25,40,IBM
2025-11-10,9:30:22.247638737,T,305.2,40,307.25,40,IBM
2025-11-10,9:30:23.248050515,T,305.62,40,307.25,40,IBM
2025-11-10,9:30:23.515156408,T,305.62,40,307.25,80,IBM
2025-11-10,9:30:27.118089089,T,305.62,40,307.25,120,IBM
2025-11-10,9:30:27.715431342,T,305.62,40,307.25,80,IBM
2025-11-10,9:30:37.300811462,T,305.62,40,307.25,120,IBM
2025-11-10,9:30:38.771352531,T,305.62,40,307.14,80,IBM
2025-11-10,9:30:38.771778573,T,305.62,40,307.14,120,IBM
2025-11-10,9:30:38.771813657,T,305.62,40,307.14,160,IBM
2025-11-10,9:30:38.773166819,T,305.62,40,307.14,200,IBM
2025-11-10,9:30:39.673369947,T,305.62,40,307.08,80,IBM
2025-11-10,9:30:39.674156843,T,305.62,40,307.08,120,IBM
2025-11-10,9:30:39.674577909,T,305.62,40,307.08,160,IBM
2025-11-10,9:30:39.675294620,T,305.62,40,307.08,200,IBM
2025-11-10,9:30:41.243287582,T,305.62,40,307.08,160,IBM
2025-11-10,9:30:41.251421910,T,305.62,40,307.08,120,IBM
2025-11-10,9:30:43.425317376,T,305.62,40,307.08,80,IBM
2025-11-10,9:30:47.554843737,T,306.05,40,307.08,80,IBM
2025-11-10,9:30:47.675791616,T,306.05,40,307.08,40,IBM
2025-11-10,9:30:47.675937028,T,306.05,40,308.0,120,IBM
2025-11-10,9:30:47.793552022,T,306.05,40,307.68,40,IBM
2025-11-10,9:30:47.793582087,T,306.05,40,306.98,40,IBM
2025-11-10,9:30:47.794759907,T,306.05,40,306.98,80,IBM
2025-11-10,9:30:47.822801644,T,306.05,40,306.98,40,IBM
2025-11-10,9:30:47.823518366,T,306.05,40,306.98,80,IBM
2025-11-10,9:30:48.037988937,T,306.05,40,306.98,40,IBM
2025-11-10,9:30:56.457037341,T,306.05,40,306.99,40,IBM
2025-11-10,9:30:56.460505615,T,306.05,40,307.56,40,IBM
2025-11-10,9:30:56.461583191,T,306.05,40,307.56,80,IBM
2025-11-10,9:30:56.464635412,T,306.05,40,307.56,40,IBM
2025-11-10,9:30:56.556844995,T,306.05,40,307.06,40,IBM
2025-11-10,9:30:57.507132367,T,306.05,40,307.06,80,IBM
2025-11-10,9:30:57.507753787,T,306.05,40,307.06,40,IBM
2025-11-10,9:30:57.520719645,T,306.05,40,307.06,80,IBM
2025-11-10,9:30:57.528097228,T,306.05,40,307.04,80,IBM
2025-11-10,9:30:57.536507422,T,306.05,40,307.06,40,IBM
2025-11-10,9:30:57.536933271,T,306.05,40,307.06,80,IBM
2025-11-10,9:30:57.627864820,T,306.05,40,307.06,120,IBM
2025-11-10,9:30:57.683251669,T,306.05,40,307.06,160,IBM
2025-11-10,9:30:58.034723320,T,306.05,40,307.03,80,IBM
2025-11-10,9:30:58.035204462,T,306.05,40,307.03,120,IBM
2025-11-10,9:30:58.035625563,T,306.05,40,307.03,160,IBM
2025-11-10,9:30:59.948153831,T,306.05,40,307.03,200,IBM
2025-11-10,9:31:00.236264678,T,306.05,40,307.03,240,IBM
2025-11-10,9:31:01.211656840,T,306.05,40,307.03,200,IBM
2025-11-10,9:31:01.967922348,T,306.05,40,307.03,160,IBM
2025-11-10,9:31:01.967932346,T,306.05,40,307.03,120,IBM
2025-11-10,9:31:01.969065067,T,306.05,40,307.03,80,IBM
2025-11-10,9:31:02.172554490,T,306.05,40,307.01,40,IBM
2025-11-10,9:31:02.172970543,T,306.05,40,307.01,80,IBM
2025-11-10,9:31:02.814412652,T,306.05,40,307.01,40,IBM
2025-11-10,9:31:04.459258513,T,306.05,40,307.03,80,IBM
2025-11-10,9:31:04.461413655,T,306.05,40,307.08,40,IBM
2025-11-10,9:31:05.689407248,T,306.05,40,307.01,40,IBM
2025-11-10,9:31:05.689437299,T,306.05,40,307.01,80,IBM
2025-11-10,9:31:05.689617775,T,306.05,40,307.01,120,IBM
2025-11-10,9:31:05.797700049,T,306.05,40,307.01,80,IBM
2025-11-10,9:31:05.797710171,T,306.05,40,307.01,40,IBM
2025-11-10,9:31:05.797775456,T,306.05,40,307.01,80,IBM
2025-11-10,9:31:05.797780316,T,306.05,40,307.01,120,IBM
2025-11-10,9:31:05.797990850,T,306.05,40,307.01,160,IBM
2025-11-10,9:31:05.798306558,T,306.05,40,307.01,120,IBM
2025-11-10,9:31:05.802491557,T,306.05,40,306.85,40,IBM
2025-11-10,9:31:05.902990763,T,306.05,40,306.85,80,IBM
2025-11-10,9:31:05.903251365,T,306.05,40,306.85,40,IBM
2025-11-10,9:31:05.903707481,T,306.05,40,306.85,80,IBM
2025-11-10,9:31:06.380121647,T,306.05,40,306.85,120,IBM
2025-11-10,9:31:06.380347118,T,306.05,40,306.85,160,IBM
2025-11-10,9:31:07.158825344,T,306.05,40,306.85,200,IBM
2025-11-10,9:31:07.158835371,T,306.05,40,306.84,40,IBM
2025-11-10,9:31:07.158855407,T,306.05,40,306.47,40,IBM
2025-11-10,9:31:07.159562121,T,306.05,40,306.84,40,IBM
2025-11-10,9:31:07.159597156,T,306.05,40,306.84,80,IBM
2025-11-10,9:31:07.159772557,T,306.05,40,306.84,120,IBM
2025-11-10,9:31:07.159988100,T,306.05,40,306.84,160,IBM
2025-11-10,9:31:07.160709792,T,306.05,40,306.84,200,IBM
2025-11-10,9:31:07.169651112,T,306.05,40,306.84,160,IBM
2025-11-10,9:31:07.169821450,T,306.05,40,306.84,120,IBM
2025-11-10,9:31:07.169976903,T,306.05,40,306.84,80,IBM
2025-11-10,9:31:07.170072078,T,306.05,40,306.84,40,IBM
2025-11-10,9:31:07.176126481,T,306.05,40,306.82,40,IBM
2025-11-10,9:31:07.176161613,T,306.05,40,306.82,80,IBM
2025-11-10,9:31:07.176341992,T,306.05,40,306.82,120,IBM
2025-11-10,9:31:07.176552515,T,306.05,40,306.82,160,IBM
2025-11-10,9:31:08.323277552,T,306.05,40,306.82,120,IBM
2025-11-10,9:31:10.173111473,T,306.05,40,306.82,80,IBM
2025-11-10,9:31:10.173121492,T,306.05,40,306.82,40,IBM
2025-11-10,9:31:10.173261792,T,306.05,40,306.87,40,IBM
2025-11-10,9:31:10.174349452,T,306.05,40,306.81,40,IBM
2025-11-10,9:31:10.174384454,T,306.05,40,306.81,80,IBM
2025-11-10,9:31:10.174559900,T,306.05,40,306.81,120,IBM
2025-11-10,9:31:10.425051272,T,306.05,40,306.81,160,IBM
2025-11-10,9:31:10.762269095,T,306.05,40,306.81,120,IBM
2025-11-10,9:31:21.564872165,T,306.05,40,306.81,200,IBM
2025-11-10,9:31:22.501186257,T,305.62,160,306.81,200,IBM
2025-11-10,9:31:32.565787262,T,305.62,160,306.81,240,IBM
2025-11-10,9:31:42.538234008,T,305.62,160,306.81,200,IBM
2025-11-10,9:31:43.437199020,T,305.62,200,306.81,200,IBM
2025-11-10,9:31:43.437229035,T,306.01,40,306.81,200,IBM
2025-11-10,9:31:43.582630276,T,305.86,160,306.81,200,IBM
2025-11-10,9:31:46.332281570,T,306.01,40,306.81,200,IBM
2025-11-10,9:31:46.738092601,T,305.86,160,306.81,200,IBM
2025-11-10,9:31:46.738122815,T,306.01,40,306.81,200,IBM
2025-11-10,9:31:46.971273134,T,306.01,40,306.81,160,IBM
2025-11-10,9:31:46.971278183,T,306.01,40,306.81,120,IBM
2025-11-10,9:31:46.971278183,T,306.01,40,306.81,80,IBM
2025-11-10,9:31:46.971278183,T,306.01,40,306.81,40,IBM
2025-11-10,9:31:46.971282813,T,306.01,40,306.81,120,IBM
2025-11-10,9:31:46.971308127,T,306.01,40,306.81,80,IBM
2025-11-10,9:31:46.971308127,T,306.01,40,306.81,40,IBM
2025-11-10,9:31:46.971312872,T,306.01,40,306.82,40,IBM
2025-11-10,9:31:46.971317921,T,306.01,40,306.81,40,IBM
2025-11-10,9:31:46.971317921,T,306.01,40,306.81,120,IBM
2025-11-10,9:31:46.971323084,T,306.01,40,306.81,80,IBM
2025-11-10,9:31:46.971323084,T,306.01,40,306.86,40,IBM
2025-11-10,9:31:46.971327906,T,306.01,40,306.81,40,IBM
2025-11-10,9:31:46.971338049,T,306.01,40,306.86,40,IBM
2025-11-10,9:31:46.971393147,T,306.06,40,306.86,40,IBM
2025-11-10,9:31:46.971473285,T,306.25,40,306.86,40,IBM
2025-11-10,9:31:46.971533673,T,306.28,40,306.86,40,IBM
2025-11-10,9:31:46.971533673,T,306.33,40,306.86,40,IBM
2025-11-10,9:31:46.971578578,T,306.28,40,306.86,40,IBM
2025-11-10,9:31:46.971583590,T,306.25,40,306.86,40,IBM
2025-11-10,9:31:46.971608662,T,306.33,40,306.86,40,IBM
2025-11-10,9:31:46.971633689,T,306.33,40,306.86,80,IBM
2025-11-10,9:31:46.971663711,T,306.42,40,306.86,80,IBM
2025-11-10,9:31:46.971668747,T,306.33,40,306.86,80,IBM
2025-11-10,9:31:46.971949390,T,306.42,40,306.86,80,IBM
2025-11-10,9:31:46.972420535,T,306.33,40,306.86,80,IBM
2025-11-10,9:31:46.972671089,T,306.33,40,306.86,120,IBM
2025-11-10,9:31:46.975798553,T,306.01,40,306.86,120,IBM
2025-11-10,9:31:46.981141297,T,306.01,40,306.86,80,IBM
2025-11-10,9:31:46.991942069,T,306.01,40,306.86,120,IBM
2025-11-10,9:31:53.191105638,T,306.01,40,306.86,160,IBM
2025-11-10,9:31:53.308359748,T,306.01,40,306.86,200,IBM
2025-11-10,9:31:54.428095492,T,306.01,40,306.86,160,IBM
2025-11-10,9:32:00.832277141,T,306.35,40,306.86,160,IBM
2025-11-10,9:32:00.832487580,T,306.35,40,306.86,120,IBM
2025-11-10,9:32:01.005419350,T,306.35,80,306.86,120,IBM
2025-11-10,9:32:01.368949804,T,306.35,40,306.86,120,IBM
2025-11-10,9:32:04.212123695,T,306.35,40,306.86,160,IBM
2025-11-10,9:32:06.141667445,T,306.06,160,306.86,160,IBM
2025-11-10,9:32:06.400628910,T,306.06,160,306.86,200,IBM
2025-11-10,9:32:06.400628910,T,306.06,160,306.61,40,IBM
2025-11-10,9:32:06.400759275,T,306.06,160,306.61,80,IBM
2025-11-10,9:32:06.400839403,T,306.06,160,306.61,120,IBM
2025-11-10,9:32:06.401305585,T,306.06,160,306.61,160,IBM
2025-11-10,9:32:06.401546110,T,305.2,40,306.61,160,IBM
2025-11-10,9:32:06.401556171,T,305.76,160,306.61,160,IBM
2025-11-10,9:32:06.401556171,T,305.76,160,306.61,200,IBM
2025-11-10,9:32:06.401781640,T,305.76,160,306.61,240,IBM
2025-11-10,9:32:06.406462884,T,305.76,160,306.61,280,IBM
2025-11-10,9:32:06.406548038,T,305.76,160,306.61,240,IBM
2025-11-10,9:32:06.406673347,T,305.76,160,306.61,200,IBM
2025-11-10,9:32:06.407470220,T,305.76,160,306.4,40,IBM
2025-11-10,9:32:06.407620572,T,305.76,160,306.4,80,IBM
2025-11-10,9:32:06.408046613,T,305.76,240,306.4,80,IBM
2025-11-10,9:32:06.408978776,T,305.76,240,306.4,40,IBM
2025-11-10,9:32:06.410828197,T,305.76,240,306.4,80,IBM
2025-11-10,9:32:06.411103827,T,305.76,240,306.4,120,IBM
2025-11-10,9:32:06.420887180,T,305.76,80,306.4,120,IBM
2025-11-10,9:32:06.644108544,T,305.76,80,306.4,160,IBM
2025-11-10,9:32:09.042734114,T,305.51,200,306.4,160,IBM
2025-11-10,9:32:09.042739168,T,305.51,200,306.4,120,IBM
2025-11-10,9:32:09.042749170,T,305.51,200,306.4,80,IBM
2025-11-10,9:32:09.042879557,T,305.51,200,306.4,40,IBM
2025-11-10,9:32:09.042924648,T,305.51,200,306.4,80,IBM
2025-11-10,9:32:09.042929644,T,305.55,80,306.4,80,IBM
2025-11-10,9:32:09.042974687,T,305.55,80,306.4,120,IBM
2025-11-10,9:32:09.043069907,T,305.55,80,306.4,160,IBM
2025-11-10,9:32:09.043290526,T,305.55,80,306.12,40,IBM
2025-11-10,9:32:09.043375699,T,305.55,80,306.4,160,IBM
2025-11-10,9:32:09.043987183,T,305.55,80,305.93,40,IBM
2025-11-10,9:32:09.044172583,T,305.55,80,305.91,40,IBM
2025-11-10,9:32:09.049861142,T,305.55,80,305.91,80,IBM
2025-11-10,9:32:09.053299285,T,305.55,80,305.91,120,IBM
2025-11-10,9:32:10.563529725,T,305.55,80,305.91,160,IBM
2025-11-10,9:32:12.470304178,T,305.55,80,305.91,120,IBM
2025-11-10,9:32:12.470304178,T,305.55,80,305.91,80,IBM
2025-11-10,9:32:12.470309464,T,305.55,80,305.91,40,IBM
2025-11-10,9:32:12.470309464,T,305.55,80,305.96,40,IBM
2025-11-10,9:32:12.470329356,T,305.74,40,305.96,40,IBM
2025-11-10,9:32:12.471838309,T,305.74,40,306.45,40,IBM
2025-11-10,9:32:12.472424226,T,305.74,40,306.45,80,IBM
2025-11-10,9:32:12.479731608,T,305.55,80,306.45,80,IBM
2025-11-10,9:32:12.479771729,T,305.51,160,306.45,80,IBM
2025-11-10,9:32:19.826908365,T,305.51,160,306.45,40,IBM
2025-11-10,9:32:20.565802283,T,305.51,160,306.44,40,IBM
2025-11-10,9:32:20.566012830,T,305.51,160,306.44,80,IBM
2025-11-10,9:32:34.185456944,T,305.82,80,306.44,80,IBM
2025-11-10,9:32:37.100536860,T,305.82,80,306.44,120,IBM
2025-11-10,9:32:37.100556910,T,305.82,80,306.44,160,IBM
2025-11-10,9:32:37.109613507,T,305.82,120,306.44,160,IBM
2025-11-10,9:32:37.147994835,T,305.82,120,306.44,120,IBM
2025-11-10,9:32:37.147999826,T,305.82,120,306.22,40,IBM
2025-11-10,9:32:37.149142579,T,305.82,160,306.22,40,IBM
2025-11-10,9:32:37.206840029,T,305.82,200,306.22,40,IBM
2025-11-10,9:32:38.187930681,T,305.82,200,306.22,80,IBM
2025-11-10,9:32:51.340869093,T,305.82,200,306.11,40,IBM
2025-11-10,9:32:51.340894163,T,305.82,200,306.11,80,IBM
2025-11-10,9:32:51.341154818,T,305.82,200,306.11,120,IBM
2025-11-10,9:32:52.128348954,T,305.85,40,306.11,120,IBM
2025-11-10,9:32:55.242999207,T,305.85,80,306.11,120,IBM
2025-11-10,9:32:55.243299960,T,305.85,160,306.11,120,IBM
2025-11-10,9:32:55.243395116,T,305.85,200,306.11,120,IBM
2025-11-10,9:32:55.243465312,T,305.85,240,306.11,120,IBM
2025-11-10,9:33:00.052213527,T,305.85,200,306.11,120,IBM
2025-11-10,9:33:00.289408314,T,305.85,240,306.11,120,IBM
2025-11-10,9:33:00.750801726,T,305.85,240,306.11,80,IBM
2025-11-10,9:33:00.750806788,T,305.85,240,306.07,40,IBM
2025-11-10,9:33:00.750912006,T,305.85,240,306.07,80,IBM
2025-11-10,9:33:02.878502393,T,305.85,240,306.07,40,IBM
2025-11-10,9:33:02.878502393,T,305.85,240,306.11,40,IBM
2025-11-10,9:33:02.878527162,T,305.85,280,306.11,40,IBM
2025-11-10,9:33:02.878537327,T,305.85,280,306.16,40,IBM
2025-11-10,9:33:02.878542210,T,305.96,40,306.16,40,IBM
2025-11-10,9:33:02.878642357,T,305.96,40,306.5,200,IBM
2025-11-10,9:33:02.878742664,T,305.85,280,306.5,200,IBM
2025-11-10,9:33:02.878993243,T,305.85,240,306.5,200,IBM
2025-11-10,9:33:02.879128535,T,305.85,280,306.5,200,IBM
2025-11-10,9:33:02.879619718,T,305.85,240,306.5,200,IBM
2025-11-10,9:33:02.879674887,T,305.85,240,306.16,40,IBM
2025-11-10,9:33:02.879689939,T,305.85,240,306.5,200,IBM
2025-11-10,9:33:02.879694928,T,305.85,240,306.09,40,IBM
2025-11-10,9:33:02.889077206,T,305.85,240,306.5,200,IBM
2025-11-10,9:33:04.567848854,T,305.9,240,306.5,200,IBM
2025-11-10,9:33:04.568390169,T,305.85,240,306.5,200,IBM
2025-11-10,9:33:07.086354793,T,305.85,160,306.5,200,IBM
2025-11-10,9:33:07.086419955,T,305.85,120,306.5,200,IBM
2025-11-10,9:33:07.086460038,T,305.85,80,306.5,200,IBM
2025-11-10,9:33:07.087742995,T,305.85,40,306.5,200,IBM
2025-11-10,9:33:07.114201077,T,305.53,120,306.5,200,IBM
2025-11-10,9:33:07.291853980,T,306.03,40,306.5,200,IBM
2025-11-10,9:33:07.293412671,T,306.03,280,306.5,200,IBM
2025-11-10,9:33:07.300539615,T,306.03,240,306.5,200,IBM
2025-11-10,9:33:07.304389149,T,306.03,240,306.99,40,IBM
2025-11-10,9:33:07.304393803,T,306.03,240,306.82,160,IBM
2025-11-10,9:33:07.931341357,T,306.03,240,306.82,200,IBM
2025-11-10,9:33:08.747860261,T,306.03,240,306.82,240,IBM
2025-11-10,9:33:08.980298524,T,306.03,240,306.82,320,IBM
2025-11-10,9:33:10.147727861,T,306.03,240,306.82,360,IBM
2025-11-10,9:33:13.896216953,T,306.04,160,306.82,360,IBM
2025-11-10,9:33:16.658478286,T,306.13,40,306.82,360,IBM
2025-11-10,9:33:16.658528424,T,306.29,40,306.82,360,IBM
2025-11-10,9:33:16.658954499,T,306.29,40,306.82,320,IBM
2025-11-10,9:33:16.659014661,T,306.29,40,306.82,160,IBM
2025-11-10,9:33:16.659530895,T,306.29,40,306.82,200,IBM
2025-11-10,9:33:16.667910856,T,306.13,40,306.82,200,IBM
2025-11-10,9:33:16.758551598,T,306.04,160,306.82,200,IBM
2025-11-10,9:33:16.760310776,T,306.04,720,306.82,200,IBM
2025-11-10,9:33:16.767187158,T,306.04,720,306.82,120,IBM
2025-11-10,9:33:22.567541164,T,306.04,720,306.82,160,IBM
2025-11-10,9:33:25.639725159,T,306.04,160,306.82,160,IBM
2025-11-10,9:33:30.052841520,T,306.04,720,306.82,160,IBM
2025-11-10,9:33:31.049990721,T,306.04,720,306.81,40,IBM
2025-11-10,9:33:31.050356613,T,306.04,720,306.81,80,IBM
2025-11-10,9:33:31.050496883,T,306.04,720,306.81,120,IBM
2025-11-10,9:33:31.050717462,T,306.04,160,306.81,120,IBM
2025-11-10,9:33:32.106621149,T,306.04,160,306.81,80,IBM
2025-11-10,9:33:32.762868458,T,306.04,160,306.81,120,IBM
2025-11-10,9:33:32.816771757,T,306.04,160,306.81,80,IBM
2025-11-10,9:33:37.066804878,T,306.04,160,306.81,160,IBM
2025-11-10,9:33:37.066834910,T,306.04,160,306.8,40,IBM
2025-11-10,9:33:37.067386274,T,306.04,160,306.8,80,IBM
2025-11-10,9:33:37.298361149,T,306.04,160,306.8,120,IBM
2025-11-10,9:33:37.298752089,T,306.04,160,306.8,80,IBM
2025-11-10,9:33:40.130699286,T,306.04,160,306.79,40,IBM
2025-11-10,9:33:40.131220509,T,306.04,160,306.79,80,IBM
2025-11-10,9:33:40.131230488,T,306.04,160,306.79,120,IBM
2025-11-10,9:33:40.312787745,T,306.04,160,306.79,80,IBM
2025-11-10,9:33:40.313454288,T,306.19,40,306.79,80,IBM
2025-11-10,9:33:44.572799612,T,306.19,40,306.78,40,IBM
2025-11-10,9:33:44.573591555,T,306.19,40,306.78,80,IBM
2025-11-10,9:33:44.573766891,T,306.19,40,306.78,120,IBM
2025-11-10,9:33:44.721533838,T,306.19,40,306.78,80,IBM
2025-11-10,9:33:49.044701079,T,306.35,40,306.78,80,IBM
2025-11-10,9:33:53.266923189,T,306.35,40,306.78,40,IBM
2025-11-10,9:33:53.266933191,T,306.35,40,306.82,40,IBM
2025-11-10,9:33:53.267369159,T,306.35,40,306.77,40,IBM
2025-11-10,9:33:53.267399299,T,306.35,40,306.77,80,IBM
2025-11-10,9:33:53.267574939,T,306.35,40,306.77,120,IBM
2025-11-10,9:33:53.289722461,T,305.91,160,306.77,120,IBM
2025-11-10,9:33:53.289772497,T,305.91,160,306.56,40,IBM
2025-11-10,9:33:53.289868070,T,305.91,160,306.56,80,IBM
2025-11-10,9:33:53.290148474,T,305.91,160,306.41,40,IBM
2025-11-10,9:33:53.290358953,T,305.91,160,306.41,80,IBM
2025-11-10,9:33:53.290514334,T,306.26,40,306.41,80,IBM
2025-11-10,9:33:53.290534396,T,305.91,160,306.41,80,IBM
2025-11-10,9:33:53.290659589,T,305.91,160,306.41,120,IBM
2025-11-10,9:33:53.291230953,T,305.91,160,306.37,40,IBM
2025-11-10,9:33:53.297295424,T,305.24,40,306.37,40,IBM
2025-11-10,9:33:53.297300425,T,305.53,160,306.37,40,IBM
2025-11-10,9:33:53.297686363,T,305.56,80,306.37,40,IBM
2025-11-10,9:33:53.300062051,T,305.56,80,306.41,80,IBM
2025-11-10,9:33:53.300477969,T,305.56,80,306.41,40,IBM
2025-11-10,9:33:53.300488094,T,305.56,80,306.41,80,IBM
2025-11-10,9:33:53.307710278,T,305.53,160,306.41,80,IBM
2025-11-10,9:33:53.430201908,T,305.53,160,306.41,120,IBM
2025-11-10,9:33:53.430432442,T,305.53,160,306.41,160,IBM
2025-11-10,9:33:54.036314875,T,305.53,160,306.41,120,IBM
2025-11-10,9:33:54.379441736,T,305.53,160,306.41,80,IBM
2025-11-10,9:33:57.348219621,T,305.53,160,306.41,40,IBM
2025-11-10,9:33:58.634296403,T,306.22,40,306.41,40,IBM
2025-11-10,9:33:58.634962931,T,306.22,80,306.41,40,IBM
2025-11-10,9:33:58.634993055,T,306.22,40,306.41,40,IBM
2025-11-10,9:33:58.634993055,T,305.53,160,306.41,40,IBM
2025-11-10,9:33:58.634998127,T,306.22,40,306.41,40,IBM
2025-11-10,9:33:58.635008020,T,305.85,40,306.41,40,IBM
2025-11-10,9:33:58.635018105,T,306.22,40,306.41,40,IBM
2025-11-10,9:33:58.651662730,T,306.22,80,306.41,40,IBM
2025-11-10,9:33:58.651682794,T,306.22,40,306.41,40,IBM
2025-11-10,9:33:58.651918344,T,306.22,40,306.82,40,IBM
2025-11-10,9:33:58.651933365,T,306.22,80,306.82,40,IBM
2025-11-10,9:34:00.492179436,T,306.22,80,307.0,1000,IBM
2025-11-10,9:34:05.458031643,T,306.23,120,307.0,1000,IBM
2025-11-10,9:34:05.458552859,T,306.22,80,307.0,1000,IBM
2025-11-10,9:34:05.970065627,T,306.23,480,307.0,1000,IBM
2025-11-10,9:34:07.691649284,T,306.23,520,307.0,1000,IBM
2025-11-10,9:34:10.092645393,T,306.23,480,307.0,1000,IBM
2025-11-10,9:34:16.191204399,T,306.22,80,307.0,1000,IBM
2025-11-10,9:34:16.207783720,T,306.22,40,307.0,1000,IBM
2025-11-10,9:34:17.776398287,T,306.46,120,307.0,1000,IBM
2025-11-10,9:34:23.170510117,T,306.46,120,306.77,80,IBM
2025-11-10,9:34:26.756843224,T,306.46,120,306.62,40,IBM
2025-11-10,9:34:26.757043880,T,306.22,80,306.62,40,IBM
2025-11-10,9:34:26.757504821,T,306.22,80,306.77,120,IBM
2025-11-10,9:34:26.767207831,T,306.22,80,306.77,80,IBM
2025-11-10,9:34:27.182546715,T,306.22,80,306.82,40,IBM
2025-11-10,9:34:29.157503606,T,306.34,40,306.82,40,IBM
2025-11-10,9:34:29.157829419,T,306.49,40,306.82,40,IBM
2025-11-10,9:34:29.158275431,T,306.34,40,306.82,40,IBM
2025-11-10,9:34:29.257682080,T,306.22,80,306.82,40,IBM
2025-11-10,9:34:30.508229275,T,306.61,40,306.82,40,IBM
2025-11-10,9:34:30.508244359,T,306.22,80,306.82,40,IBM
2025-11-10,9:34:30.508254376,T,306.33,40,306.82,40,IBM
2025-11-10,9:34:30.508269398,T,306.22,80,306.82,40,IBM
2025-11-10,9:34:30.509066289,T,306.22,80,307.0,1000,IBM
2025-11-10,9:34:30.509432135,T,306.49,120,307.0,1000,IBM
2025-11-10,9:34:30.509657744,T,306.49,120,307.0,1080,IBM
2025-11-10,9:34:30.516960121,T,306.49,120,307.0,1000,IBM
2025-11-10,9:34:30.516985105,T,306.49,120,306.83,80,IBM
2025-11-10,9:34:30.517005163,T,306.49,120,307.0,1000,IBM
2025-11-10,9:34:30.517030205,T,306.66,40,307.0,1000,IBM
2025-11-10,9:34:30.526432643,T,306.5,40,307.0,1000,IBM
2025-11-10,9:34:30.617288928,T,306.49,120,307.0,1000,IBM
2025-11-10,9:34:30.870005570,T,306.51,80,307.0,1000,IBM
2025-11-10,9:34:32.569882384,T,306.51,80,306.98,40,IBM
2025-11-10,9:34:38.613149957,T,306.49,120,306.98,40,IBM
2025-11-10,9:34:39.225552858,T,306.22,80,306.98,40,IBM
2025-11-10,9:34:39.479196632,T,306.78,40,306.98,40,IBM
2025-11-10,9:34:39.479211664,T,306.22,80,306.98,40,IBM
2025-11-10,9:34:39.480053717,T,306.56,40,306.98,40,IBM
2025-11-10,9:34:39.480063698,T,306.78,40,306.98,40,IBM
2025-11-10,9:34:39.486443937,T,306.78,40,307.0,1000,IBM
2025-11-10,9:34:39.486463983,T,306.78,40,307.0,360,IBM
2025-11-10,9:34:39.486463983,T,306.78,80,307.0,360,IBM
2025-11-10,9:34:39.486484008,T,306.78,40,307.0,360,IBM
2025-11-10,9:34:39.486488995,T,306.88,40,307.0,360,IBM
2025-11-10,9:34:39.486509025,T,306.88,40,307.29,160,IBM
2025-11-10,9:34:39.486945059,T,306.88,80,307.29,160,IBM
2025-11-10,9:34:39.487115510,T,306.88,80,307.88,40,IBM
2025-11-10,9:34:39.487120542,T,306.88,80,307.5,160,IBM
2025-11-10,9:34:39.596957017,T,306.88,40,307.5,160,IBM
2025-11-10,9:34:39.596962029,T,307.0,40,307.5,160,IBM
2025-11-10,9:34:39.605562498,T,307.0,80,307.5,160,IBM
2025-11-10,9:34:39.654729530,T,307.0,40,307.5,160,IBM
2025-11-10,9:34:39.654874951,T,306.89,120,307.5,160,IBM
2025-11-10,9:34:39.655075329,T,307.06,40,307.5,160,IBM
2025-11-10,9:34:39.655120525,T,307.06,40,307.5,240,IBM
2025-11-10,9:34:39.655285838,T,307.06,80,307.5,240,IBM
2025-11-10,9:34:39.660372960,T,307.06,80,307.5,80,IBM
2025-11-10,9:34:39.674546677,T,307.06,40,307.5,80,IBM
2025-11-10,9:34:39.705229763,T,307.07,120,307.5,80,IBM
2025-11-10,9:34:39.705440245,T,307.07,160,307.5,80,IBM
2025-11-10,9:34:39.705550572,T,307.07,200,307.5,80,IBM
2025-11-10,9:34:39.958813527,T,307.07,200,307.7,160,IBM
2025-11-10,9:34:39.959034071,T,307.07,160,307.7,160,IBM
2025-11-10,9:34:41.569312721,T,307.29,40,307.7,160,IBM
2025-11-10,9:34:41.570104538,T,307.29,160,307.7,160,IBM
2025-11-10,9:34:41.570420292,T,307.29,200,307.7,160,IBM
2025-11-10,9:34:41.571533017,T,307.29,200,308.0,80,IBM
2025-11-10,9:34:41.571542949,T,307.29,200,307.91,200,IBM
2025-11-10,9:34:41.729854877,T,307.29,160,307.91,200,IBM
2025-11-10,9:34:42.597355078,T,307.29,120,307.91,200,IBM
2025-11-10,9:34:43.982407489,T,307.31,40,307.91,200,IBM
2025-11-10,9:34:44.701800244,T,307.4,40,307.91,200,IBM
2025-11-10,9:34:44.702546988,T,307.4,40,307.75,80,IBM
2025-11-10,9:34:44.702567337,T,307.4,40,307.69,40,IBM
2025-11-10,9:34:44.702567337,T,307.4,40,307.75,80,IBM
2025-11-10,9:34:44.702622207,T,307.4,40,307.63,40,IBM
2025-11-10,9:34:44.702672326,T,307.31,40,307.63,40,IBM
2025-11-10,9:34:44.702692762,T,307.31,40,307.75,80,IBM
2025-11-10,9:34:44.702692762,T,307.31,40,307.62,40,IBM
2025-11-10,9:34:44.702877791,T,307.31,40,307.75,80,IBM
2025-11-10,9:34:45.052344773,T,307.4,240,307.75,80,IBM
2025-11-10,9:34:46.164492709,T,307.43,120,307.75,80,IBM
2025-11-10,9:34:47.522931632,T,307.43,80,307.75,80,IBM
2025-11-10,9:34:47.522941709,T,307.4,240,307.75,80,IBM
2025-11-10,9:34:47.523061966,T,307.4,160,307.75,80,IBM
2025-11-10,9:34:47.523072109,T,306.46,40,307.75,80,IBM
2025-11-10,9:34:47.523092017,T,306.46,40,307.42,80,IBM
2025-11-10,9:34:47.523127106,T,306.46,40,307.42,120,IBM
2025-11-10,9:34:47.523227312,T,306.46,40,307.42,40,IBM
2025-11-10,9:34:47.523738615,T,306.46,40,307.42,80,IBM
2025-11-10,9:34:47.523868913,T,307.31,40,307.42,80,IBM
2025-11-10,9:34:47.523888966,T,306.46,40,307.42,80,IBM
2025-11-10,9:34:47.524059302,T,306.44,40,307.42,80,IBM
2025-11-10,9:34:47.532123525,T,306.43,160,307.42,80,IBM
2025-11-10,9:34:47.534414370,T,306.43,160,307.42,40,IBM
2025-11-10,9:34:47.534418995,T,306.43,160,307.75,120,IBM
2025-11-10,9:34:47.534434005,T,306.43,160,307.75,80,IBM
2025-11-10,9:34:47.534975370,T,306.43,160,307.75,120,IBM
2025-11-10,9:34:47.535000419,T,306.43,160,307.75,160,IBM
2025-11-10,9:34:47.627866422,T,306.43,160,307.75,120,IBM
2025-11-10,9:34:47.628096975,T,306.43,160,307.75,80,IBM
2025-11-10,9:34:47.628447825,T,306.43,160,307.91,200,IBM
2025-11-10,9:34:51.161664476,T,306.43,160,307.22,40,IBM
2025-11-10,9:34:51.171066835,T,306.43,160,307.35,40,IBM
2025-11-10,9:34:51.261787786,T,306.43,160,307.64,160,IBM
2025-11-10,9:34:51.262213762,T,306.43,160,307.64,200,IBM
2025-11-10,9:34:51.412286110,T,306.43,160,307.64,160,IBM
2025-11-10,9:34:52.113595699,T,307.02,120,307.64,160,IBM
2025-11-10,9:34:52.658708389,T,307.02,120,307.64,200,IBM
2025-11-10,9:34:52.658738485,T,306.49,40,307.64,200,IBM
2025-11-10,9:34:52.658798649,T,306.43,160,307.64,200,IBM
2025-11-10,9:34:52.658808680,T,306.43,160,307.64,240,IBM
2025-11-10,9:34:52.658848895,T,306.43,160,307.34,40,IBM
2025-11-10,9:34:52.659765934,T,306.89,40,307.34,40,IBM
2025-11-10,9:34:52.659785905,T,306.89,40,307.64,240,IBM
2025-11-10,9:34:52.660362350,T,306.43,160,307.64,240,IBM
2025-11-10,9:34:52.668857601,T,306.43,160,307.64,200,IBM
2025-11-10,9:34:52.668857601,T,306.43,160,307.64,160,IBM
2025-11-10,9:34:59.300465601,T,306.92,40,307.64,160,IBM
2025-11-10,9:34:59.483255771,T,306.43,160,307.64,160,IBM
2025-11-10,9:34:59.483300930,T,306.43,160,307.07,40,IBM
2025-11-10,9:34:59.484403487,T,306.77,40,307.07,40,IBM
2025-11-10,9:34:59.484418895,T,306.77,40,307.2,40,IBM
2025-11-10,9:34:59.484774391,T,306.77,40,307.06,40,IBM
2025-11-10,9:34:59.484929812,T,306.43,160,307.06,40,IBM
2025-11-10,9:34:59.485631449,T,306.43,160,307.2,40,IBM
2025-11-10,9:34:59.492537843,T,306.43,160,307.36,40,IBM
2025-11-10,9:34:59.492567948,T,306.43,160,307.36,80,IBM
2025-11-10,9:34:59.503644256,T,306.43,160,307.36,40,IBM
2025-11-10,9:34:59.583303982,T,306.43,160,307.63,40,IBM
2025-11-10,9:34:59.584140987,T,306.43,160,307.63,80,IBM
2025-11-10,9:34:59.584657181,T,306.43,160,307.63,40,IBM
2025-11-10,9:34:59.854223963,T,306.43,160,307.44,160,IBM
2025-11-10,9:35:00.617170434,T,306.78,40,307.44,160,IBM
2025-11-10,9:35:01.724060573,T,306.43,160,307.44,160,IBM
2025-11-10,9:35:01.724070671,T,306.43,160,307.1,40,IBM
2025-11-10,9:35:01.724090659,T,306.43,160,306.95,40,IBM
2025-11-10,9:35:01.724115702,T,306.43,160,306.95,80,IBM
2025-11-10,9:35:01.732605986,T,306.43,160,306.95,40,IBM
2025-11-10,9:35:01.733488480,T,306.43,160,307.1,80,IBM
2025-11-10,9:35:01.750829378,T,306.43,160,307.1,40,IBM
2025-11-10,9:35:01.750829378,T,306.43,160,306.95,40,IBM
2025-11-10,9:35:01.824123824,T,306.43,160,307.43,40,IBM
2025-11-10,9:35:03.327828840,T,306.66,40,307.43,40,IBM
2025-11-10,9:35:04.037007149,T,306.66,40,307.44,160,IBM
2025-11-10,9:35:04.052133164,T,306.66,40,307.09,40,IBM
2025-11-10,9:35:04.334244798,T,306.67,40,307.09,40,IBM
2025-11-10,9:35:06.080191392,T,306.67,40,307.44,160,IBM
2025-11-10,9:35:06.094816272,T,306.67,40,307.43,40,IBM
2025-11-10,9:35:06.253388972,T,306.66,40,307.43,40,IBM
2025-11-10,9:35:06.253428906,T,306.22,80,307.43,40,IBM
2025-11-10,9:35:06.253433918,T,306.22,80,306.95,40,IBM
2025-11-10,9:35:06.253453951,T,306.22,80,306.94,40,IBM
2025-11-10,9:35:06.254200735,T,306.22,80,306.88,40,IBM
2025-11-10,9:35:06.254285912,T,306.22,80,306.95,40,IBM
2025-11-10,9:35:06.254526465,T,306.22,80,307.09,40,IBM
2025-11-10,9:35:06.254596678,T,306.22,80,307.11,40,IBM
2025-11-10,9:35:06.303823793,T,306.22,160,307.11,40,IBM
2025-11-10,9:35:06.353477047,T,306.22,160,307.43,80,IBM
2025-11-10,9:35:07.575285800,T,306.22,80,307.43,80,IBM
2025-11-10,9:35:07.983422349,T,306.22,80,307.39,40,IBM
2025-11-10,9:35:07.983452516,T,306.22,80,306.75,40,IBM
2025-11-10,9:35:07.984409763,T,306.23,40,306.75,40,IBM
2025-11-10,9:35:08.078348406,T,306.34,40,306.75,40,IBM
2025-11-10,9:35:08.078864650,T,306.34,40,307.39,40,IBM
2025-11-10,9:35:08.181955032,T,306.34,80,307.39,40,IBM
2025-11-10,9:35:08.182436193,T,306.34,80,306.89,40,IBM
2025-11-10,9:35:10.644477703,T,306.34,80,307.39,40,IBM
2025-11-10,9:35:10.947163393,T,306.34,80,307.26,40,IBM
2025-11-10,9:35:10.948230913,T,306.34,80,306.98,40,IBM
2025-11-10,9:35:12.086405477,T,306.5,40,306.98,40,IBM
2025-11-10,9:35:13.541489495,T,306.51,40,306.98,40,IBM
2025-11-10,9:35:15.280965630,T,306.51,40,307.22,160,IBM
2025-11-10,9:35:15.281672315,T,306.51,40,307.21,40,IBM
2025-11-10,9:35:15.289270434,T,306.51,40,307.22,160,IBM
2025-11-10,9:35:15.289932062,T,306.51,40,306.98,40,IBM
2025-11-10,9:35:16.573868732,T,306.51,40,307.22,160,IBM
2025-11-10,9:35:16.574555353,T,306.51,40,307.21,40,IBM
2025-11-10,9:35:16.578730278,T,306.51,40,306.99,40,IBM
2025-11-10,9:35:16.909337414,T,306.51,40,306.98,40,IBM
2025-11-10,9:35:18.696557265,T,306.5,40,306.98,40,IBM
2025-11-10,9:35:19.676780892,T,306.53,40,306.98,40,IBM
2025-11-10,9:35:20.331950723,T,306.53,40,306.99,40,IBM
2025-11-10,9:35:20.382761763,T,306.53,40,306.98,40,IBM
2025-11-10,9:35:20.533986874,T,306.53,40,306.99,40,IBM
2025-11-10,9:35:20.534683453,T,306.53,40,306.98,40,IBM
2025-11-10,9:35:20.554265061,T,306.53,40,306.99,40,IBM
2025-11-10,9:35:20.583364371,T,306.53,40,306.95,40,IBM
2025-11-10,9:35:20.657385634,T,306.53,40,306.99,40,IBM
2025-11-10,9:35:20.658182543,T,306.64,40,306.99,40,IBM
2025-11-10,9:35:22.523904118,T,306.65,40,306.99,40,IBM
2025-11-10,9:35:26.568578323,T,306.65,40,307.22,160,IBM
2025-11-10,9:35:28.470040341,T,306.64,40,307.22,160,IBM
2025-11-10,9:35:28.570068439,T,306.64,40,306.98,40,IBM
2025-11-10,9:35:29.313092253,T,306.67,40,306.98,40,IBM
2025-11-10,9:35:33.947876722,T,306.22,80,306.98,40,IBM
2025-11-10,9:35:33.947921498,T,306.22,80,306.83,40,IBM
2025-11-10,9:35:33.948437684,T,306.22,80,306.81,40,IBM
2025-11-10,9:35:33.949134365,T,306.22,80,306.83,40,IBM
2025-11-10,9:35:33.949149417,T,306.22,80,306.98,40,IBM
2025-11-10,9:35:33.949735823,T,306.22,80,306.81,40,IBM
2025-11-10,9:35:33.998406630,T,306.22,80,306.66,40,IBM
2025-11-10,9:35:33.998902807,T,306.22,80,306.97,40,IBM
2025-11-10,9:35:34.007047201,T,306.22,80,306.98,40,IBM
2025-11-10,9:35:34.007292843,T,306.22,160,306.98,40,IBM
2025-11-10,9:35:34.205344379,T,306.22,240,306.98,40,IBM
2025-11-10,9:35:34.206873099,T,306.22,240,306.66,40,IBM
2025-11-10,9:35:34.206877977,T,306.22,240,306.65,40,IBM
2025-11-10,9:35:34.216280333,T,306.22,240,306.98,40,IBM
2025-11-10,9:35:34.216716397,T,306.22,240,306.61,40,IBM
2025-11-10,9:35:34.361200401,T,306.28,40,306.61,40,IBM
2025-11-10,9:35:34.361230465,T,306.28,40,306.98,40,IBM
2025-11-10,9:35:37.571438011,T,306.28,40,307.22,160,IBM
2025-11-10,9:35:42.118879402,T,306.22,160,307.22,160,IBM
2025-11-10,9:35:42.118919529,T,306.22,160,306.6,40,IBM
2025-11-10,9:35:42.118924544,T,306.22,160,306.45,40,IBM
2025-11-10,9:35:42.119601088,T,306.22,160,306.4,40,IBM
2025-11-10,9:35:42.119832044,T,306.22,120,306.4,40,IBM
2025-11-10,9:35:42.119832044,T,306.22,80,306.4,40,IBM
2025-11-10,9:35:42.119836656,T,305.99,160,306.4,40,IBM
2025-11-10,9:35:42.119911817,T,305.99,160,306.45,40,IBM
2025-11-10,9:35:42.120062185,T,305.99,160,307.0,40,IBM
2025-11-10,9:35:42.120112274,T,305.99,160,306.6,40,IBM
2025-11-10,9:35:42.120167415,T,305.99,160,306.87,40,IBM
2025-11-10,9:35:42.120272685,T,305.99,240,306.87,40,IBM
2025-11-10,9:35:42.123625714,T,305.99,80,306.87,40,IBM
2025-11-10,9:35:42.125344763,T,306.01,40,306.87,40,IBM
2025-11-10,9:35:42.219338506,T,306.01,40,307.11,40,IBM
2025-11-10,9:35:42.219814713,T,306.01,40,306.4,40,IBM
2025-11-10,9:35:42.364173325,T,306.01,40,306.96,160,IBM
2025-11-10,9:35:43.818325157,T,305.73,160,306.96,160,IBM
2025-11-10,9:35:44.720362733,T,306.03,80,306.96,160,IBM
2025-11-10,9:35:45.286791389,T,306.03,120,306.96,160,IBM
2025-11-10,9:35:56.374482988,T,306.03,40,306.96,160,IBM
2025-11-10,9:35:56.374488032,T,305.73,160,306.96,160,IBM
2025-11-10,9:35:56.374488032,T,305.73,160,306.39,40,IBM
2025-11-10,9:35:56.374508136,T,305.73,160,306.22,40,IBM
2025-11-10,9:35:56.375610699,T,305.75,80,306.22,40,IBM
2025-11-10,9:35:56.375615789,T,305.75,80,306.39,80,IBM
2025-11-10,9:35:56.376182018,T,305.75,80,306.39,40,IBM
2025-11-10,9:35:56.376187089,T,305.75,80,306.11,40,IBM
2025-11-10,9:35:56.376497783,T,305.75,80,306.39,40,IBM
2025-11-10,9:35:56.380993506,T,305.88,40,306.39,40,IBM
2025-11-10,9:35:56.384256238,T,305.88,40,306.61,40,IBM
2025-11-10,9:35:56.474516212,T,305.88,40,306.87,40,IBM
2025-11-10,9:35:57.344567497,T,305.75,80,306.87,40,IBM
2025-11-10,9:35:57.528264866,T,305.75,80,306.78,40,IBM
2025-11-10,9:35:58.700600578,T,305.9,80,306.78,40,IBM
2025-11-10,9:35:58.738034687,T,305.9,80,306.87,40,IBM
2025-11-10,9:35:58.738079830,T,305.91,40,306.87,40,IBM
2025-11-10,9:35:58.738099805,T,305.91,40,306.96,160,IBM
2025-11-10,9:35:58.747482249,T,305.9,80,306.96,160,IBM
2025-11-10,9:35:58.748178882,T,305.9,80,307.0,40,IBM
2025-11-10,9:35:58.748188882,T,305.9,80,306.75,160,IBM
2025-11-10,9:36:01.572863629,T,305.9,80,306.42,40,IBM
2025-11-10,9:36:02.812159018,T,305.9,80,306.41,40,IBM
2025-11-10,9:36:04.197352004,T,305.9,80,306.42,40,IBM
2025-11-10,9:36:05.342693647,T,305.75,80,306.42,40,IBM
2025-11-10,9:36:06.368736282,T,305.92,40,306.42,40,IBM
2025-11-10,9:36:07.258765390,T,305.75,80,306.42,40,IBM
2025-11-10,9:36:08.415799872,T,306.14,40,306.42,40,IBM
2025-11-10,9:36:08.999544492,T,306.15,40,306.42,40,IBM
2025-11-10,9:36:08.999549536,T,306.15,40,306.75,160,IBM
2025-11-10,9:36:08.999564591,T,306.15,40,306.42,40,IBM
2025-11-10,9:36:08.999564591,T,306.15,40,306.75,160,IBM
2025-11-10,9:36:08.999569633,T,306.15,40,306.42,40,IBM
2025-11-10,9:36:08.999584595,T,306.14,40,306.42,40,IBM
2025-11-10,9:36:08.999714972,T,306.14,40,306.75,160,IBM
2025-11-10,9:36:08.999720004,T,306.14,40,306.42,40,IBM
2025-11-10,9:36:08.999795346,T,306.15,40,306.42,40,IBM
2025-11-10,9:36:08.999915412,T,306.15,40,306.75,160,IBM
2025-11-10,9:36:08.999920413,T,306.15,40,306.42,40,IBM
2025-11-10,9:36:08.999995606,T,306.15,40,306.75,160,IBM
2025-11-10,9:36:09.000005578,T,306.15,40,306.42,40,IBM
2025-11-10,9:36:09.000020634,T,306.16,40,306.42,40,IBM
2025-11-10,9:36:09.000040702,T,306.15,40,306.42,40,IBM
2025-11-10,9:36:09.000060803,T,306.14,40,306.42,40,IBM
2025-11-10,9:36:09.000090854,T,306.14,40,306.75,160,IBM
2025-11-10,9:36:09.000271205,T,306.15,40,306.75,160,IBM
2025-11-10,9:36:09.000271205,T,306.17,40,306.75,160,IBM
2025-11-10,9:36:09.000356460,T,306.15,40,306.75,160,IBM
2025-11-10,9:36:09.000592061,T,306.17,40,306.75,160,IBM
2025-11-10,9:36:09.000597048,T,306.18,40,306.75,160,IBM
2025-11-10,9:36:09.100705381,T,305.75,80,306.75,160,IBM
2025-11-10,9:36:10.399863351,T,306.34,40,306.75,160,IBM
2025-11-10,9:36:11.375115155,T,306.34,40,307.19,40,IBM
2025-11-10,9:36:11.375125247,T,306.34,40,307.0,160,IBM
2025-11-10,9:36:11.375330685,T,306.34,40,306.83,80,IBM
2025-11-10,9:36:11.385349568,T,306.34,40,307.0,160,IBM
2025-11-10,9:36:11.393539035,T,306.34,40,307.0,200,IBM
2025-11-10,9:36:11.403537812,T,306.34,40,307.0,160,IBM
2025-11-10,9:36:15.106979504,T,306.0,80,307.0,160,IBM
2025-11-10,9:36:15.962025215,T,306.36,40,307.0,160,IBM
2025-11-10,9:36:17.935147697,T,306.36,120,307.0,160,IBM
2025-11-10,9:36:18.740374716,T,306.36,120,306.51,40,IBM
2025-11-10,9:36:18.740700502,T,306.36,80,306.51,40,IBM
2025-11-10,9:36:18.740700502,T,306.0,120,306.51,40,IBM
2025-11-10,9:36:18.740720506,T,306.0,80,306.51,40,IBM
2025-11-10,9:36:18.740755669,T,306.0,80,306.71,40,IBM
2025-11-10,9:36:18.740825823,T,306.0,80,307.0,200,IBM
2025-11-10,9:36:18.741437254,T,306.0,80,306.87,40,IBM
2025-11-10,9:36:18.741502385,T,306.0,80,306.83,160,IBM
2025-11-10,9:36:18.741522471,T,306.0,80,306.36,40,IBM
2025-11-10,9:36:18.747185923,T,306.01,120,306.36,40,IBM
2025-11-10,9:36:18.747596928,T,306.01,120,306.83,160,IBM
2025-11-10,9:36:18.747657039,T,306.18,40,306.83,160,IBM
2025-11-10,9:36:18.757059485,T,306.02,40,306.83,160,IBM
2025-11-10,9:36:18.757425316,T,306.02,40,306.59,40,IBM
2025-11-10,9:36:18.847655176,T,306.01,120,306.59,40,IBM
2025-11-10,9:36:19.743066890,T,306.0,80,306.59,40,IBM
2025-11-10,9:36:19.743277310,T,306.0,120,306.59,40,IBM
2025-11-10,9:36:20.045306396,T,306.35,80,306.59,40,IBM
2025-11-10,9:36:20.473109886,T,306.36,40,306.59,40,IBM
2025-11-10,9:36:22.532617973,T,306.36,40,306.59,80,IBM
2025-11-10,9:36:22.750296163,T,306.35,80,306.59,80,IBM
2025-11-10,9:36:22.750301118,T,306.35,80,306.59,120,IBM
2025-11-10,9:36:22.750321199,T,306.0,80,306.59,120,IBM
2025-11-10,9:36:22.750321199,T,306.0,80,306.48,40,IBM
2025-11-10,9:36:22.750326390,T,306.35,80,306.48,40,IBM
2025-11-10,9:36:22.750336237,T,306.0,80,306.48,40,IBM
2025-11-10,9:36:22.750341189,T,306.0,120,306.48,40,IBM
2025-11-10,9:36:22.750351474,T,306.0,80,306.48,40,IBM
2025-11-10,9:36:22.750351474,T,306.0,120,306.48,40,IBM
2025-11-10,9:36:22.750351474,T,306.0,120,306.58,40,IBM
2025-11-10,9:36:22.750381390,T,306.0,80,306.58,40,IBM
2025-11-10,9:36:22.750406432,T,306.0,80,306.48,40,IBM
2025-11-10,9:36:22.750621958,T,306.0,80,306.42,40,IBM
2025-11-10,9:36:22.751328617,T,306.0,80,306.48,40,IBM
2025-11-10,9:36:22.752170595,T,306.16,40,306.48,40,IBM
2025-11-10,9:36:22.757643569,T,306.17,40,306.48,40,IBM
2025-11-10,9:36:22.761678183,T,306.17,40,306.59,40,IBM
2025-11-10,9:36:22.775110237,T,306.17,40,306.57,40,IBM
2025-11-10,9:36:23.042115816,T,306.17,40,306.57,80,IBM
2025-11-10,9:36:23.068032587,T,306.17,40,306.56,40,IBM
2025-11-10,9:36:23.158087021,T,306.17,40,306.56,80,IBM
2025-11-10,9:36:24.355442643,T,306.17,40,306.55,40,IBM
2025-11-10,9:36:24.356505169,T,306.17,40,306.55,80,IBM
2025-11-10,9:36:24.876513107,T,306.17,40,306.54,40,IBM
2025-11-10,9:36:26.270020599,T,306.17,40,306.59,40,IBM
2025-11-10,9:36:26.386011632,T,306.17,80,306.59,40,IBM
2025-11-10,9:36:27.203212186,T,306.17,80,306.83,160,IBM
2025-11-10,9:36:31.288232624,T,306.17,80,306.54,40,IBM
2025-11-10,9:36:31.288262680,T,306.17,80,306.54,80,IBM
2025-11-10,9:36:31.288653573,T,306.17,80,306.54,120,IBM
2025-11-10,9:36:31.288698820,T,306.17,40,306.54,120,IBM
2025-11-10,9:36:31.288723780,T,306.0,80,306.54,120,IBM
2025-11-10,9:36:31.288748847,T,306.0,80,306.36,40,IBM
2025-11-10,9:36:31.289505650,T,306.0,80,306.36,80,IBM
2025-11-10,9:36:31.294116622,T,306.0,80,306.36,40,IBM
2025-11-10,9:36:31.295159386,T,306.0,80,306.35,40,IBM
2025-11-10,9:36:31.299128586,T,306.0,80,306.35,80,IBM
2025-11-10,9:36:31.320604699,T,306.0,80,306.35,40,IBM
2025-11-10,9:36:33.318511272,T,306.0,80,306.54,40,IBM
2025-11-10,9:36:35.543683684,T,306.0,80,306.67,160,IBM
2025-11-10,9:36:36.578707779,T,306.0,80,306.3,40,IBM
2025-11-10,9:36:36.578742903,T,306.0,80,306.3,80,IBM
2025-11-10,9:36:36.603171021,T,306.0,80,306.3,40,IBM
2025-11-10,9:36:38.728185194,T,306.0,120,306.3,40,IBM
2025-11-10,9:36:38.728215172,T,306.0,120,306.67,160,IBM
2025-11-10,9:36:38.728225186,T,306.0,120,306.3,40,IBM
2025-11-10,9:36:38.728245242,T,306.0,80,306.3,40,IBM
2025-11-10,9:36:38.728275324,T,306.0,80,306.67,160,IBM
2025-11-10,9:36:38.728295360,T,306.0,120,306.67,160,IBM
2025-11-10,9:36:38.736344551,T,306.0,80,306.67,160,IBM
2025-11-10,9:36:38.946479914,T,306.16,40,306.67,160,IBM
2025-11-10,9:36:40.264863588,T,306.16,40,306.45,40,IBM
2025-11-10,9:36:40.268657668,T,306.16,40,306.44,40,IBM
2025-11-10,9:36:43.398754580,T,306.0,80,306.44,40,IBM
2025-11-10,9:36:43.398784816,T,306.0,80,306.43,40,IBM
2025-11-10,9:36:43.499639696,T,306.0,80,306.44,40,IBM
2025-11-10,9:36:44.234464033,T,306.0,80,306.37,40,IBM
2025-11-10,9:36:45.158709507,T,306.0,80,306.67,160,IBM
2025-11-10,9:36:45.158709507,T,306.0,80,306.19,40,IBM
2025-11-10,9:36:45.158714456,T,305.67,160,306.19,40,IBM
2025-11-10,9:36:45.158794628,T,305.67,160,306.1,40,IBM
2025-11-10,9:36:45.158894954,T,305.67,240,306.1,40,IBM
2025-11-10,9:36:45.159140510,T,305.67,240,306.43,40,IBM
2025-11-10,9:36:45.159145462,T,305.67,240,306.67,160,IBM
2025-11-10,9:36:45.162899472,T,305.67,80,306.67,160,IBM
2025-11-10,9:36:45.162909405,T,305.67,80,306.85,40,IBM
2025-11-10,9:36:45.162909405,T,305.67,80,306.49,160,IBM
2025-11-10,9:36:45.164297741,T,305.88,40,306.49,160,IBM
2025-11-10,9:36:46.635680840,T,305.88,40,306.36,40,IBM
2025-11-10,9:36:46.644231169,T,305.88,40,306.34,40,IBM
2025-11-10,9:36:47.809324868,T,305.88,40,306.34,80,IBM
2025-11-10,9:36:47.836233939,T,305.88,40,306.33,40,IBM
2025-11-10,9:36:47.883862281,T,305.88,40,306.33,80,IBM
2025-11-10,9:36:47.883907425,T,305.67,80,306.33,80,IBM
2025-11-10,9:36:47.883932447,T,305.67,80,306.11,40,IBM
2025-11-10,9:36:47.893334975,T,305.67,80,306.33,40,IBM
2025-11-10,9:36:47.893400071,T,305.72,80,306.33,40,IBM
2025-11-10,9:36:47.894171873,T,305.72,80,306.35,40,IBM
2025-11-10,9:36:47.894216986,T,305.72,80,306.49,160,IBM
2025-11-10,9:36:47.905077865,T,305.72,80,306.24,40,IBM
2025-11-10,9:36:47.905283302,T,305.72,80,306.24,80,IBM
2025-11-10,9:36:47.936587867,T,305.72,80,306.24,40,IBM
2025-11-10,9:36:49.319054204,T,305.72,80,306.04,40,IBM
2025-11-10,9:36:49.322707841,T,305.72,80,306.49,160,IBM
2025-11-10,9:36:49.322868315,T,305.72,80,306.04,40,IBM
2025-11-10,9:36:49.327915236,T,305.72,80,306.49,160,IBM
2025-11-10,9:36:51.148424410,T,305.4,160,306.49,160,IBM
2025-11-10,9:36:54.829132103,T,305.4,160,306.0,40,IBM
2025-11-10,9:36:54.829342639,T,305.4,160,306.0,80,IBM
2025-11-10,9:36:56.950547687,T,305.4,160,306.0,40,IBM
2025-11-10,9:36:56.952427203,T,305.88,40,306.0,40,IBM
2025-11-10,9:36:56.955479494,T,305.88,40,306.48,40,IBM
2025-11-10,9:36:56.963794322,T,305.88,40,306.49,160,IBM
2025-11-10,9:36:56.970354895,T,305.88,80,306.49,160,IBM
2025-11-10,9:36:57.033831054,T,305.88,40,306.49,160,IBM
2025-11-10,9:36:57.116933974,T,305.95,80,306.49,160,IBM
2025-11-10,9:36:58.062906003,T,306.17,40,306.49,160,IBM
2025-11-10,9:36:58.062931383,T,305.95,80,306.49,160,IBM
2025-11-10,9:36:58.062971134,T,305.95,80,306.36,40,IBM
2025-11-10,9:36:58.063301974,T,305.95,80,306.32,40,IBM
2025-11-10,9:36:58.063713044,T,305.95,80,306.36,40,IBM
2025-11-10,9:36:58.072373509,T,305.95,80,306.49,160,IBM
2025-11-10,9:36:58.188499985,T,305.95,120,306.49,160,IBM
2025-11-10,9:37:06.577426465,T,305.95,80,306.49,160,IBM
2025-11-10,9:37:06.779081502,T,305.57,160,306.49,160,IBM
2025-11-10,9:37:06.893844807,T,305.62,40,306.49,160,IBM
2025-11-10,9:37:06.894300828,T,305.94,40,306.49,160,IBM
2025-11-10,9:37:06.902966475,T,305.62,40,306.49,160,IBM
2025-11-10,9:37:06.905186731,T,305.62,40,306.94,40,IBM
2025-11-10,9:37:06.905196802,T,305.62,40,306.67,160,IBM
2025-11-10,9:37:07.715856705,T,305.62,40,306.31,40,IBM
2025-11-10,9:37:08.125136210,T,306.09,40,306.31,40,IBM
2025-11-10,9:37:10.391862397,T,306.09,40,306.67,160,IBM
2025-11-10,9:37:10.391902563,T,306.1,40,306.67,160,IBM
2025-11-10,9:37:10.401289831,T,306.09,40,306.67,160,IBM
2025-11-10,9:37:11.475176667,T,305.94,40,306.67,160,IBM
2025-11-10,9:37:11.475201744,T,305.74,200,306.67,160,IBM
2025-11-10,9:37:12.387217934,T,306.21,40,306.67,160,IBM
2025-11-10,9:37:27.785391462,T,306.21,120,306.67,160,IBM
2025-11-10,9:37:27.785566766,T,306.21,120,306.66,40,IBM
2025-11-10,9:37:27.785596850,T,306.21,120,306.38,40,IBM
2025-11-10,9:37:27.785636967,T,306.21,120,306.38,80,IBM
2025-11-10,9:37:27.785832415,T,306.21,40,306.38,80,IBM
2025-11-10,9:37:27.786007832,T,306.21,40,306.38,40,IBM
2025-11-10,9:37:27.836583240,T,306.21,40,306.67,160,IBM
2025-11-10,9:37:27.846211156,T,306.22,40,306.67,160,IBM
2025-11-10,9:37:27.846436784,T,306.22,40,306.56,80,IBM
2025-11-10,9:37:27.853167724,T,306.21,40,306.56,80,IBM
2025-11-10,9:37:27.853172719,T,306.21,40,306.48,80,IBM
2025-11-10,9:37:30.017084356,T,305.9,200,306.48,80,IBM
2025-11-10,9:37:30.342388771,T,305.9,200,306.82,160,IBM
2025-11-10,9:37:30.342408891,T,306.48,80,306.82,160,IBM
2025-11-10,9:37:30.342519064,T,305.9,200,306.82,160,IBM
2025-11-10,9:37:30.343080441,T,305.94,40,306.82,160,IBM
2025-11-10,9:37:30.343265846,T,305.9,200,306.82,160,IBM
2025-11-10,9:37:30.343315949,T,306.47,40,306.82,160,IBM
2025-11-10,9:37:30.343356109,T,306.47,80,306.82,160,IBM
2025-11-10,9:37:30.343516461,T,306.47,40,306.82,160,IBM
2025-11-10,9:37:31.419121939,T,306.48,40,306.82,160,IBM
2025-11-10,9:37:32.991891353,T,306.48,40,307.2,40,IBM
2025-11-10,9:37:32.991901309,T,306.48,40,307.05,200,IBM
2025-11-10,9:37:40.660247736,T,306.47,80,307.05,200,IBM
2025-11-10,9:37:42.112284644,T,306.51,160,307.05,200,IBM
2025-11-10,9:37:43.564963231,T,306.47,80,307.05,200,IBM
2025-11-10,9:37:43.564983030,T,306.47,80,306.52,80,IBM
2025-11-10,9:37:43.565013165,T,306.47,80,306.71,40,IBM
2025-11-10,9:37:43.565033217,T,306.47,40,306.71,40,IBM
2025-11-10,9:37:43.565038194,T,306.47,40,307.04,40,IBM
2025-11-10,9:37:43.565058242,T,306.06,160,307.04,40,IBM
2025-11-10,9:37:43.565088581,T,306.06,160,306.72,40,IBM
2025-11-10,9:37:43.565088581,T,306.06,160,306.71,40,IBM
2025-11-10,9:37:43.565098681,T,306.06,160,306.71,80,IBM
2025-11-10,9:37:43.565364335,T,306.06,160,306.7,40,IBM
2025-11-10,9:37:43.565393989,T,306.06,160,306.62,40,IBM
2025-11-10,9:37:43.565524378,T,306.06,160,306.62,80,IBM
2025-11-10,9:37:43.565709816,T,306.06,160,306.62,40,IBM
2025-11-10,9:37:43.565900642,T,306.06,160,306.7,40,IBM
2025-11-10,9:37:43.565940386,T,306.06,160,306.71,40,IBM
2025-11-10,9:37:43.574114757,T,306.1,40,306.71,40,IBM
2025-11-10,9:37:43.580344647,T,306.1,40,306.7,40,IBM
2025-11-10,9:37:43.582219107,T,306.06,160,306.7,40,IBM
2025-11-10,9:37:43.819519066,T,306.06,160,307.05,200,IBM
2025-11-10,9:37:44.014077226,T,306.45,40,307.05,200,IBM
2025-11-10,9:37:44.581087267,T,306.45,40,306.69,40,IBM
2025-11-10,9:37:47.613927353,T,306.46,40,306.69,40,IBM
2025-11-10,9:37:47.616283001,T,306.45,80,306.69,40,IBM
2025-11-10,9:37:47.616318045,T,306.47,40,306.69,40,IBM
2025-11-10,9:37:48.043675453,T,306.45,40,306.69,40,IBM
2025-11-10,9:37:49.927244888,T,306.51,80,306.69,40,IBM
2025-11-10,9:37:51.029609259,T,306.52,40,306.69,40,IBM
2025-11-10,9:37:51.104657973,T,306.52,80,306.69,40,IBM
2025-11-10,9:37:51.104953678,T,306.52,80,307.05,200,IBM
2025-11-10,9:37:51.104963677,T,306.52,80,306.69,40,IBM
2025-11-10,9:37:51.104973720,T,306.52,80,306.79,40,IBM
2025-11-10,9:37:51.104973720,T,306.52,80,307.04,40,IBM
2025-11-10,9:37:51.104978737,T,306.52,80,307.05,200,IBM
2025-11-10,9:37:51.105034077,T,306.53,40,307.05,200,IBM
2025-11-10,9:37:51.105048938,T,306.52,80,307.05,200,IBM
2025-11-10,9:37:51.105991176,T,306.52,160,307.05,200,IBM
2025-11-10,9:37:51.109168745,T,306.52,120,307.05,200,IBM
2025-11-10,9:37:51.109203784,T,306.52,160,307.05,200,IBM
2025-11-10,9:37:51.109434314,T,306.52,120,307.05,200,IBM
2025-11-10,9:37:51.109850353,T,306.52,160,307.05,200,IBM
2025-11-10,9:37:51.109865393,T,306.56,40,307.05,200,IBM
2025-11-10,9:37:51.131120910,T,306.57,40,307.05,200,IBM
2025-11-10,9:37:51.138593782,T,306.58,40,307.05,200,IBM
2025-11-10,9:37:51.138784177,T,306.58,80,307.05,200,IBM
2025-11-10,9:37:51.138804231,T,306.63,40,307.05,200,IBM
2025-11-10,9:37:51.139205202,T,306.63,40,307.26,40,IBM
2025-11-10,9:37:51.139210266,T,306.63,40,307.2,200,IBM
2025-11-10,9:37:51.147149139,T,306.58,80,307.2,200,IBM
2025-11-10,9:37:51.148206626,T,306.58,40,307.2,200,IBM
2025-11-10,9:37:51.148737887,T,306.71,40,307.2,200,IBM
2025-11-10,9:37:52.453985307,T,306.73,40,307.2,200,IBM
2025-11-10,9:37:52.462450434,T,306.75,40,307.2,200,IBM
2025-11-10,9:37:52.462625792,T,306.86,40,307.2,200,IBM
2025-11-10,9:37:52.462706079,T,306.75,40,307.2,200,IBM
2025-11-10,9:37:52.465683093,T,306.75,40,307.67,40,IBM
2025-11-10,9:37:52.465688067,T,306.75,40,307.41,160,IBM
2025-11-10,9:37:52.467798162,T,306.71,40,307.41,160,IBM
2025-11-10,9:37:52.467808186,T,306.71,40,307.3,40,IBM
2025-11-10,9:37:52.474839962,T,306.58,40,307.3,40,IBM
2025-11-10,9:37:52.474880007,T,306.71,40,307.3,40,IBM
2025-11-10,9:37:52.521050203,T,306.71,40,307.41,160,IBM
2025-11-10,9:37:52.525716042,T,306.58,40,307.41,160,IBM
2025-11-10,9:37:52.525751274,T,306.71,40,307.41,160,IBM
2025-11-10,9:37:52.552925818,T,306.58,40,307.41,160,IBM
2025-11-10,9:37:52.552960958,T,306.71,40,307.41,160,IBM
2025-11-10,9:37:52.581253218,T,306.58,40,307.41,160,IBM
2025-11-10,9:37:52.581288548,T,306.71,40,307.41,160,IBM
2025-11-10,9:37:52.822678067,T,307.0,40,307.41,160,IBM
2025-11-10,9:37:53.578256996,T,307.0,40,307.41,200,IBM
2025-11-10,9:37:53.983276170,T,307.0,40,307.27,40,IBM
2025-11-10,9:37:53.983281254,T,307.0,40,307.26,40,IBM
2025-11-10,9:37:53.983301222,T,306.53,80,307.26,40,IBM
2025-11-10,9:37:53.983301222,T,306.53,80,307.27,80,IBM
2025-11-10,9:37:53.983306242,T,306.53,80,307.27,40,IBM
2025-11-10,9:37:53.983306242,T,306.53,80,307.2,40,IBM
2025-11-10,9:37:53.983652075,T,306.53,80,307.15,40,IBM
2025-11-10,9:37:53.983692222,T,306.53,80,307.13,40,IBM
2025-11-10,9:37:53.984303575,T,306.53,80,307.26,40,IBM
2025-11-10,9:37:53.984313600,T,306.53,80,307.27,40,IBM
2025-11-10,9:37:53.984784754,T,306.53,80,307.22,40,IBM
2025-11-10,9:37:54.161274871,T,306.53,80,307.41,200,IBM
2025-11-10,9:37:54.832733400,T,307.01,40,307.41,200,IBM
2025-11-10,9:37:55.784915331,T,307.01,40,307.41,240,IBM
2025-11-10,9:37:55.996103104,T,307.01,40,307.41,200,IBM
2025-11-10,9:37:56.384377405,T,307.01,40,307.41,240,IBM
2025-11-10,9:37:56.626308430,T,307.01,40,307.41,200,IBM
2025-11-10,9:37:57.264482634,T,306.53,80,307.41,200,IBM
2025-11-10,9:37:57.264507757,T,306.53,80,307.32,40,IBM
2025-11-10,9:37:57.264512745,T,306.53,80,307.21,40,IBM
2025-11-10,9:37:57.264522813,T,306.53,80,307.21,80,IBM
2025-11-10,9:37:57.264543185,T,306.53,80,307.21,40,IBM
2025-11-10,9:37:57.264547840,T,306.53,80,307.12,40,IBM
2025-11-10,9:37:57.264883682,T,306.53,80,307.21,40,IBM
2025-11-10,9:37:57.264968781,T,306.53,80,307.32,80,IBM
2025-11-10,9:37:57.265109218,T,306.53,80,307.21,40,IBM
2025-11-10,9:37:57.270943051,T,306.93,40,307.21,40,IBM
2025-11-10,9:37:58.466083345,T,306.93,40,307.41,200,IBM
2025-11-10,9:38:01.208978451,T,306.53,80,307.41,200,IBM
2025-11-10,9:38:01.423313732,T,306.53,80,307.41,40,IBM
2025-11-10,9:38:01.423353883,T,306.53,80,307.3,40,IBM
2025-11-10,9:38:01.613757149,T,306.53,80,307.41,40,IBM
2025-11-10,9:38:01.714025809,T,307.07,40,307.41,40,IBM
2025-11-10,9:38:11.358937629,T,307.07,40,307.41,80,IBM
2025-11-10,9:38:11.359233315,T,307.07,40,307.41,120,IBM
2025-11-10,9:38:11.362355673,T,307.07,40,307.31,40,IBM
2025-11-10,9:38:11.362471015,T,306.75,40,307.31,40,IBM
2025-11-10,9:38:11.362476008,T,306.75,40,307.29,40,IBM
2025-11-10,9:38:11.362496052,T,306.68,160,307.29,40,IBM
2025-11-10,9:38:11.362506104,T,306.68,160,307.2,40,IBM
2025-11-10,9:38:11.371988629,T,306.68,160,307.2,80,IBM
2025-11-10,9:38:11.382934698,T,306.68,160,307.2,40,IBM
2025-11-10,9:38:12.418555389,T,306.68,160,307.41,40,IBM
2025-11-10,9:38:13.581739495,T,306.68,160,307.58,200,IBM
2025-11-10,9:38:15.852204873,T,307.02,40,307.58,200,IBM
2025-11-10,9:38:35.412031214,T,307.04,80,307.58,200,IBM
2025-11-10,9:38:38.014000759,T,307.06,40,307.58,200,IBM
2025-11-10,9:38:42.645812698,T,307.04,80,307.58,200,IBM
2025-11-10,9:38:42.645842775,T,307.04,80,307.29,40,IBM
2025-11-10,9:38:42.645867826,T,307.04,80,307.29,80,IBM
2025-11-10,9:38:42.645877955,T,307.04,80,307.29,120,IBM
2025-11-10,9:38:42.646479290,T,306.68,160,307.29,120,IBM
2025-11-10,9:38:42.646754970,T,306.68,160,307.29,80,IBM
2025-11-10,9:38:42.646754970,T,306.68,160,307.11,40,IBM
2025-11-10,9:38:42.650904899,T,306.68,160,307.18,40,IBM
2025-11-10,9:38:42.651406116,T,306.96,40,307.18,40,IBM
2025-11-10,9:38:42.651421096,T,306.96,40,307.29,40,IBM
2025-11-10,9:38:42.651872576,T,306.96,40,307.11,40,IBM
2025-11-10,9:38:42.657239919,T,306.96,40,307.11,80,IBM
2025-11-10,9:38:42.657274986,T,306.96,40,307.11,40,IBM
2025-11-10,9:38:42.902744556,T,306.75,40,307.11,40,IBM
2025-11-10,9:38:42.902764488,T,306.68,160,307.11,40,IBM
2025-11-10,9:38:42.902819561,T,306.68,160,307.04,40,IBM
2025-11-10,9:38:42.902959954,T,306.68,160,307.04,80,IBM
2025-11-10,9:38:42.904674029,T,306.68,160,307.04,40,IBM
2025-11-10,9:38:43.648500219,T,306.5,120,307.04,40,IBM
2025-11-10,9:38:43.696318807,T,306.5,80,307.04,40,IBM
2025-11-10,9:38:44.356926361,T,306.51,40,307.04,40,IBM
2025-11-10,9:38:44.905106405,T,306.7,80,307.04,40,IBM
2025-11-10,9:38:53.743132421,T,306.7,80,307.4,160,IBM
2025-11-10,9:38:53.743352975,T,306.7,80,307.03,40,IBM
2025-11-10,9:38:53.743388081,T,306.7,80,307.03,80,IBM
2025-11-10,9:38:54.582886495,T,306.7,80,307.03,40,IBM
2025-11-10,9:38:55.583603915,T,306.7,80,307.03,80,IBM
2025-11-10,9:38:56.357807097,T,306.7,80,307.03,120,IBM
2025-11-10,9:38:59.797891922,T,306.7,80,307.02,40,IBM
2025-11-10,9:38:59.797937086,T,306.7,80,307.03,80,IBM
2025-11-10,9:38:59.797937086,T,306.7,80,306.95,40,IBM
2025-11-10,9:38:59.797987209,T,306.7,80,306.95,80,IBM
2025-11-10,9:38:59.798388110,T,306.7,80,306.95,40,IBM
2025-11-10,9:38:59.798688835,T,306.7,80,306.95,80,IBM
2025-11-10,9:38:59.799355467,T,306.7,80,306.91,40,IBM
2025-11-10,9:38:59.800387876,T,306.7,80,306.95,80,IBM
2025-11-10,9:38:59.818195327,T,306.7,80,306.95,40,IBM
2025-11-10,9:38:59.818205375,T,306.7,80,307.03,40,IBM
2025-11-10,9:38:59.818240453,T,306.7,80,307.03,80,IBM
2025-11-10,9:38:59.818270455,T,306.7,80,306.91,40,IBM
2025-11-10,9:38:59.828284525,T,306.7,40,306.91,40,IBM
2025-11-10,9:38:59.828299389,T,306.53,40,306.91,40,IBM
2025-11-10,9:38:59.828339457,T,306.53,40,306.9,40,IBM
2025-11-10,9:38:59.828549940,T,306.53,40,306.9,80,IBM
2025-11-10,9:38:59.828665209,T,306.5,80,306.9,80,IBM
2025-11-10,9:38:59.828960951,T,306.5,80,306.8,40,IBM
2025-11-10,9:38:59.829051177,T,306.53,40,306.8,40,IBM
2025-11-10,9:38:59.829116316,T,306.5,80,306.8,40,IBM
2025-11-10,9:38:59.829347498,T,306.5,80,306.9,40,IBM
2025-11-10,9:38:59.829417051,T,306.53,40,306.9,40,IBM
2025-11-10,9:38:59.829477181,T,306.5,80,306.9,40,IBM
2025-11-10,9:38:59.830284107,T,306.53,40,306.9,40,IBM
2025-11-10,9:38:59.838814425,T,306.53,40,307.03,40,IBM
2025-11-10,9:38:59.839034913,T,306.53,40,307.03,80,IBM
2025-11-10,9:38:59.839064988,T,306.53,40,306.8,40,IBM
2025-11-10,9:39:00.057815718,T,306.53,40,307.03,40,IBM
2025-11-10,9:39:01.806077971,T,306.54,40,307.03,40,IBM
2025-11-10,9:39:02.710806748,T,306.55,40,307.03,40,IBM
2025-11-10,9:39:04.151030483,T,306.56,40,307.03,40,IBM
2025-11-10,9:39:04.582823544,T,306.56,40,307.22,160,IBM
2025-11-10,9:39:05.591284346,T,306.57,40,307.22,160,IBM
2025-11-10,9:39:08.471606721,T,306.58,40,307.22,160,IBM
2025-11-10,9:39:09.911845493,T,306.59,40,307.22,160,IBM
2025-11-10,9:39:11.352129393,T,306.6,40,307.22,160,IBM
2025-11-10,9:39:12.792358121,T,306.61,40,307.22,160,IBM
2025-11-10,9:39:13.527879114,T,306.68,40,307.22,160,IBM
2025-11-10,9:39:13.812817470,T,306.69,40,307.22,160,IBM
2025-11-10,9:39:14.232611914,T,306.69,80,307.22,160,IBM
2025-11-10,9:39:15.484803179,T,306.7,40,307.22,160,IBM
2025-11-10,9:39:17.113074571,T,306.71,40,307.22,160,IBM
2025-11-10,9:39:19.398380151,T,306.72,40,307.22,160,IBM
2025-11-10,9:39:22.757357064,T,306.73,40,307.22,160,IBM
2025-11-10,9:39:29.687641071,T,306.73,80,307.22,160,IBM
2025-11-10,9:39:29.687716218,T,306.78,40,307.22,160,IBM
2025-11-10,9:39:29.687751291,T,306.73,80,307.22,160,IBM
2025-11-10,9:39:29.687761348,T,306.78,40,307.22,160,IBM
2025-11-10,9:39:29.687771390,T,306.73,80,307.22,160,IBM
2025-11-10,9:39:29.687786418,T,306.73,40,307.22,160,IBM
2025-11-10,9:39:29.687936798,T,306.78,40,307.22,160,IBM
2025-11-10,9:39:29.687946802,T,306.94,40,307.22,160,IBM
2025-11-10,9:39:29.687966806,T,306.94,40,307.55,40,IBM
2025-11-10,9:39:29.687976834,T,306.94,40,307.37,160,IBM
2025-11-10,9:39:29.688077168,T,306.73,40,307.37,160,IBM
2025-11-10,9:39:29.688087109,T,306.94,40,307.37,160,IBM
2025-11-10,9:39:29.688212403,T,306.73,40,307.37,160,IBM
2025-11-10,9:39:30.074261537,T,306.79,40,307.37,160,IBM
2025-11-10,9:39:31.138685634,T,306.8,40,307.37,160,IBM
2025-11-10,9:39:31.840917295,T,306.82,40,307.37,160,IBM
2025-11-10,9:39:32.117220067,T,306.83,40,307.37,160,IBM
2025-11-10,9:39:32.585509940,T,306.83,40,307.05,40,IBM
2025-11-10,9:39:35.013811064,T,306.82,40,307.05,40,IBM
2025-11-10,9:39:35.013846134,T,306.82,40,307.04,40,IBM
2025-11-10,9:39:35.013861358,T,306.82,40,307.04,80,IBM
2025-11-10,9:39:35.013886214,T,306.82,40,307.04,40,IBM
2025-11-10,9:39:35.013886214,T,306.82,40,306.94,40,IBM
2025-11-10,9:39:35.014036631,T,306.5,40,306.94,40,IBM
2025-11-10,9:39:35.014091754,T,306.5,40,306.94,80,IBM
2025-11-10,9:39:35.016823200,T,306.5,40,306.94,40,IBM
2025-11-10,9:39:35.016823200,T,306.5,40,306.84,40,IBM
2025-11-10,9:39:35.019970665,T,306.61,40,306.84,40,IBM
2025-11-10,9:39:35.027097702,T,306.61,40,306.84,80,IBM
2025-11-10,9:39:35.053706020,T,306.61,40,306.83,40,IBM
2025-11-10,9:39:35.053726047,T,306.5,40,306.83,40,IBM
2025-11-10,9:39:35.053746162,T,306.5,40,306.73,40,IBM
2025-11-10,9:39:35.054086919,T,306.5,40,306.73,80,IBM
2025-11-10,9:39:35.054317414,T,306.5,40,306.73,40,IBM
2025-11-10,9:39:35.054317414,T,306.5,40,306.67,40,IBM
2025-11-10,9:39:35.057875903,T,306.5,40,306.73,40,IBM
2025-11-10,9:39:35.074320099,T,306.5,40,307.04,40,IBM
2025-11-10,9:39:35.113919454,T,306.5,40,307.05,80,IBM
2025-11-10,9:39:35.155328066,T,306.5,40,307.05,40,IBM
2025-11-10,9:39:37.678559977,T,306.56,40,307.05,40,IBM
2025-11-10,9:39:37.678575009,T,306.5,40,307.05,40,IBM
2025-11-10,9:39:37.678920845,T,306.61,40,307.05,40,IBM
2025-11-10,9:39:37.851070683,T,306.62,40,307.05,40,IBM
2025-11-10,9:39:37.851090686,T,306.62,80,307.05,40,IBM
2025-11-10,9:39:40.032248490,T,306.62,40,307.05,40,IBM
2025-11-10,9:39:40.255319518,T,306.65,80,307.05,40,IBM
2025-11-10,9:39:40.896641166,T,306.5,40,307.05,40,IBM
2025-11-10,9:39:41.583877365,T,306.5,40,307.23,160,IBM
2025-11-10,9:39:41.810336530,T,306.5,40,307.07,40,IBM
2025-11-10,9:39:42.010147271,T,306.58,40,307.07,40,IBM
2025-11-10,9:39:44.084395546,T,306.58,80,307.07,40,IBM
2025-11-10,9:39:44.197800461,T,306.58,40,307.07,40,IBM
2025-11-10,9:39:44.223190947,T,306.5,40,307.07,40,IBM
2025-11-10,9:39:45.110242722,T,306.67,40,307.07,40,IBM
2025-11-10,9:39:49.781453562,T,306.5,40,307.07,40,IBM
2025-11-10,9:39:51.201494286,T,306.78,80,307.07,40,IBM
2025-11-10,9:39:54.590958621,T,306.5,40,307.07,40,IBM
2025-11-10,9:39:54.590998754,T,306.5,40,307.05,40,IBM
2025-11-10,9:39:54.591013749,T,306.5,40,306.96,40,IBM
2025-11-10,9:39:54.591439718,T,306.5,40,306.93,40,IBM
2025-11-10,9:39:54.591945951,T,306.5,40,306.92,40,IBM
2025-11-10,9:39:54.592542373,T,306.5,40,306.84,40,IBM
2025-11-10,9:39:54.596336448,T,306.67,40,306.84,40,IBM
2025-11-10,9:39:54.596366427,T,306.67,40,307.07,40,IBM
2025-11-10,9:39:54.600210610,T,306.67,40,306.93,40,IBM
2025-11-10,9:39:54.601739244,T,306.67,40,307.07,40,IBM
2025-11-10,9:39:54.603749063,T,306.67,40,306.97,40,IBM
2025-11-10,9:39:54.952669749,T,306.67,40,307.07,40,IBM
2025-11-10,9:39:55.987022275,T,306.67,40,306.96,40,IBM
2025-11-10,9:39:55.987027324,T,306.5,40,306.96,40,IBM
2025-11-10,9:39:55.987037653,T,306.5,40,307.07,40,IBM
2025-11-10,9:39:55.987042272,T,306.5,40,306.87,40,IBM
2025-11-10,9:39:55.987062370,T,306.5,40,306.87,80,IBM
2025-11-10,9:39:55.996454763,T,306.5,40,306.87,40,IBM
2025-11-10,9:39:55.996915772,T,306.54,40,306.87,40,IBM
2025-11-10,9:39:56.655403506,T,306.55,80,306.87,40,IBM
2025-11-10,9:39:56.878544702,T,306.55,80,307.07,40,IBM
2025-11-10,9:39:57.341607357,T,306.5,40,307.07,40,IBM
2025-11-10,9:39:57.395650995,T,306.5,40,306.96,40,IBM
2025-11-10,9:39:57.649670723,T,306.5,40,307.07,40,IBM
2025-11-10,9:39:57.649780955,T,306.5,40,306.96,40,IBM
2025-11-10,9:39:57.649811016,T,306.5,40,306.95,40,IBM
2025-11-10,9:39:58.694057239,T,306.56,40,306.95,40,IBM
2025-11-10,9:39:58.694067234,T,306.56,40,306.96,40,IBM
2025-11-10,9:39:58.694297732,T,306.56,40,307.07,40,IBM
2025-11-10,9:39:58.694372950,T,306.56,40,306.97,40,IBM
2025-11-10,9:39:58.739495296,T,306.56,40,307.07,40,IBM
2025-11-10,9:39:58.834436311,T,306.66,40,307.07,40,IBM
2025-11-10,9:39:59.501865188,T,306.77,40,307.07,40,IBM
2025-11-10,9:39:59.824593514,T,306.78,40,307.07,40,IBM
2025-11-10,9:39:59.825074660,T,306.79,40,307.07,40,IBM
2025-11-10,9:40:00.222470747,T,306.78,40,307.07,40,IBM
2025-11-10,9:40:01.340367208,T,306.8,80,307.07,40,IBM
2025-11-10,9:40:02.999667410,T,306.82,40,307.07,40,IBM
2025-11-10,9:40:03.841311017,T,306.83,40,307.07,40,IBM
2025-11-10,9:40:04.553897683,T,306.84,120,307.07,40,IBM
2025-11-10,9:40:04.980027203,T,306.84,120,307.23,160,IBM
2025-11-10,9:40:10.597966926,T,306.85,40,307.23,160,IBM
2025-11-10,9:40:10.598573160,T,306.85,80,307.23,160,IBM
2025-11-10,9:40:10.598593313,T,306.85,80,307.25,40,IBM
2025-11-10,9:40:10.606592336,T,306.85,40,307.25,40,IBM
2025-11-10,9:40:10.608592057,T,306.84,120,307.25,40,IBM
2025-11-10,9:40:10.615704051,T,306.84,120,307.37,160,IBM
2025-11-10,9:40:10.615724035,T,306.85,40,307.37,160,IBM
2025-11-10,9:40:10.616080003,T,306.85,40,307.95,40,IBM
2025-11-10,9:40:10.625126404,T,306.84,120,307.95,40,IBM
2025-11-10,9:40:10.718659111,T,306.84,120,308.0,120,IBM
2025-11-10,9:40:10.730948372,T,306.84,120,307.53,160,IBM
2025-11-10,9:40:11.271359878,T,307.01,40,307.53,160,IBM
2025-11-10,9:40:11.317795405,T,307.01,80,307.53,160,IBM
2025-11-10,9:40:11.318261503,T,307.02,40,307.53,160,IBM
2025-11-10,9:40:12.805803039,T,306.8,80,307.53,160,IBM
2025-11-10,9:40:13.047052355,T,307.05,40,307.53,160,IBM
2025-11-10,9:40:14.780458990,T,307.05,80,307.53,160,IBM
2025-11-10,9:40:15.683173240,T,307.06,40,307.53,160,IBM
2025-11-10,9:40:16.879766983,T,307.06,40,308.0,120,IBM
2025-11-10,9:40:16.879776977,T,307.06,40,307.69,160,IBM
2025-11-10,9:40:16.880127793,T,307.19,80,307.69,160,IBM
2025-11-10,9:40:17.137124614,T,307.23,40,307.69,160,IBM
2025-11-10,9:40:17.137645850,T,307.23,80,307.69,160,IBM
2025-11-10,9:40:17.227730343,T,307.23,40,307.69,160,IBM
2025-11-10,9:40:17.228036152,T,307.33,80,307.69,160,IBM
2025-11-10,9:40:17.235844661,T,307.33,40,307.69,160,IBM
2025-11-10,9:40:17.236636640,T,307.33,40,308.0,80,IBM
2025-11-10,9:40:17.236636640,T,307.33,40,307.88,160,IBM
2025-11-10,9:40:19.246185713,T,307.34,40,307.88,160,IBM
2025-11-10,9:40:21.478690670,T,307.34,40,307.63,40,IBM
2025-11-10,9:40:21.478705680,T,307.33,80,307.63,40,IBM
2025-11-10,9:40:21.478715651,T,307.33,80,307.88,160,IBM
2025-11-10,9:40:21.478715651,T,307.33,80,307.54,40,IBM
2025-11-10,9:40:21.478756153,T,307.33,40,307.54,40,IBM
2025-11-10,9:40:21.478795923,T,307.33,40,307.53,40,IBM
2025-11-10,9:40:21.479211916,T,306.8,80,307.53,40,IBM
2025-11-10,9:40:21.488178178,T,306.8,80,307.73,160,IBM
2025-11-10,9:40:21.488604194,T,306.8,80,307.73,200,IBM
2025-11-10,9:40:22.762707486,T,306.81,160,307.73,200,IBM
2025-11-10,9:40:24.752093607,T,306.81,160,307.73,160,IBM
2025-11-10,9:40:25.130529582,T,306.81,160,308.0,120,IBM
2025-11-10,9:40:25.130534583,T,306.81,160,307.89,160,IBM
2025-11-10,9:40:33.299412551,T,307.31,40,307.89,160,IBM
2025-11-10,9:40:37.497471812,T,306.81,160,307.89,160,IBM
2025-11-10,9:40:37.900045231,T,306.82,40,307.89,160,IBM
2025-11-10,9:40:38.102502222,T,307.5,40,307.89,160,IBM
2025-11-10,9:40:50.567868835,T,306.98,160,307.89,160,IBM
2025-11-10,9:40:50.567903880,T,306.98,160,307.63,40,IBM
2025-11-10,9:40:50.567938903,T,306.98,160,307.63,80,IBM
2025-11-10,9:40:50.568334818,T,306.98,160,307.63,120,IBM
2025-11-10,9:40:50.568404985,T,306.98,160,307.63,80,IBM
2025-11-10,9:40:50.568409998,T,306.98,160,307.57,40,IBM
2025-11-10,9:40:50.569532734,T,306.98,200,307.57,40,IBM
2025-11-10,9:40:50.570028926,T,306.98,160,307.57,40,IBM
2025-11-10,9:40:50.574299028,T,306.98,160,307.63,80,IBM
2025-11-10,9:40:50.618078360,T,306.98,160,307.63,40,IBM
2025-11-10,9:40:50.618499279,T,306.98,160,307.89,160,IBM
2025-11-10,9:40:54.372276061,T,306.99,40,307.89,160,IBM
2025-11-10,9:40:54.372341241,T,306.98,160,307.89,160,IBM
2025-11-10,9:40:54.373684336,T,306.99,40,307.89,160,IBM
2025-11-10,9:40:55.957605239,T,306.99,40,307.56,40,IBM
2025-11-10,9:40:55.957705437,T,307.34,40,307.56,40,IBM
2025-11-10,9:40:55.957715816,T,306.99,40,307.56,40,IBM
2025-11-10,9:40:55.957745594,T,306.99,40,307.56,80,IBM
2025-11-10,9:40:55.957780659,T,306.99,40,307.55,40,IBM
2025-11-10,9:40:55.957890871,T,306.99,40,307.47,40,IBM
2025-11-10,9:40:55.957901021,T,306.98,160,307.47,40,IBM
2025-11-10,9:40:55.957920957,T,306.98,160,307.46,40,IBM
2025-11-10,9:40:55.958226721,T,306.98,160,307.46,80,IBM
2025-11-10,9:40:55.958326941,T,306.98,160,307.46,40,IBM
2025-11-10,9:40:55.958361974,T,306.98,160,307.47,40,IBM
2025-11-10,9:40:55.959083685,T,306.98,160,307.55,80,IBM
2025-11-10,9:40:55.967147937,T,306.98,160,307.55,40,IBM
2025-11-10,9:40:55.978159170,T,306.98,160,307.89,200,IBM
2025-11-10,9:40:55.978805682,T,306.8,80,307.89,200,IBM
2025-11-10,9:40:55.978815645,T,306.84,160,307.89,200,IBM
2025-11-10,9:40:56.057964148,T,306.84,160,307.89,160,IBM
2025-11-10,9:40:56.359166116,T,306.84,200,307.89,160,IBM
2025-11-10,9:40:56.639834257,T,307.14,80,307.89,160,IBM
2025-11-10,9:41:02.617851385,T,307.14,80,307.4,40,IBM
2025-11-10,9:41:02.660628142,T,307.14,80,307.89,200,IBM
2025-11-10,9:41:02.661144462,T,307.14,80,307.4,40,IBM
2025-11-10,9:41:02.661936292,T,307.14,80,307.89,200,IBM
2025-11-10,9:41:03.686485371,T,307.14,80,307.89,160,IBM
2025-11-10,9:41:03.686540420,T,307.14,80,307.89,200,IBM
2025-11-10,9:41:05.006417503,T,306.84,200,307.89,200,IBM
2025-11-10,9:41:05.561338599,T,306.84,160,307.89,200,IBM
2025-11-10,9:41:06.349459997,T,307.21,40,307.89,200,IBM
2025-11-10,9:41:06.349725643,T,307.21,40,307.89,40,IBM
2025-11-10,9:41:06.349730683,T,307.21,40,307.74,160,IBM
2025-11-10,9:41:17.564289165,T,307.22,80,307.74,160,IBM
2025-11-10,9:41:19.580644444,T,307.23,40,307.74,160,IBM
2025-11-10,9:41:21.889015330,T,307.23,80,307.74,160,IBM
2025-11-10,9:41:21.889015330,T,307.23,120,307.74,160,IBM
2025-11-10,9:41:21.889025053,T,307.24,40,307.74,160,IBM
2025-11-10,9:41:21.889105283,T,307.28,40,307.74,160,IBM
2025-11-10,9:41:21.889461131,T,307.35,40,307.74,160,IBM
2025-11-10,9:41:21.889706658,T,307.35,40,307.59,200,IBM
2025-11-10,9:41:21.893590872,T,307.28,40,307.59,200,IBM
2025-11-10,9:41:21.897580391,T,307.23,40,307.59,200,IBM
2025-11-10,9:41:21.918389941,T,307.23,40,307.74,160,IBM
2025-11-10,9:41:21.918409961,T,307.41,40,307.74,160,IBM
2025-11-10,9:41:21.919101637,T,307.41,40,307.74,120,IBM
2025-11-10,9:41:21.919121656,T,307.41,80,307.74,120,IBM
2025-11-10,9:41:21.919156780,T,307.41,80,308.0,120,IBM
2025-11-10,9:41:21.919171851,T,307.41,80,307.95,160,IBM
2025-11-10,9:41:21.919191907,T,307.41,40,307.95,160,IBM
2025-11-10,9:41:21.919357287,T,307.41,40,307.87,40,IBM
2025-11-10,9:41:21.927812409,T,307.23,40,307.87,40,IBM
2025-11-10,9:41:21.928799744,T,307.23,40,307.75,40,IBM
2025-11-10,9:41:21.928844838,T,307.23,40,307.75,80,IBM
2025-11-10,9:41:21.929351020,T,307.23,40,307.75,40,IBM
2025-11-10,9:41:22.038355621,T,307.51,80,307.75,40,IBM
2025-11-10,9:41:23.876717357,T,307.53,40,307.75,40,IBM
2025-11-10,9:41:26.265569756,T,307.53,40,307.95,160,IBM
2025-11-10,9:41:26.265594537,T,307.53,40,307.69,40,IBM
2025-11-10,9:41:27.572551187,T,307.53,40,307.95,160,IBM
2025-11-10,9:41:27.572571141,T,307.53,40,307.66,40,IBM
2025-11-10,9:41:27.669752595,T,307.22,40,307.66,40,IBM
2025-11-10,9:41:27.669772561,T,306.99,40,307.66,40,IBM
2025-11-10,9:41:27.669787652,T,306.99,40,307.66,80,IBM
2025-11-10,9:41:27.669792608,T,306.99,40,307.66,40,IBM
2025-11-10,9:41:27.669817695,T,306.99,40,307.54,40,IBM
2025-11-10,9:41:27.669862848,T,306.99,40,307.66,40,IBM
2025-11-10,9:41:27.669882939,T,307.1,40,307.66,40,IBM
2025-11-10,9:41:27.669897874,T,307.13,40,307.66,40,IBM
2025-11-10,9:41:27.669907871,T,307.22,40,307.66,40,IBM
2025-11-10,9:41:27.669937982,T,307.23,40,307.66,40,IBM
2025-11-10,9:41:27.671717172,T,307.37,40,307.66,40,IBM
2025-11-10,9:41:27.672413830,T,307.41,40,307.66,40,IBM
2025-11-10,9:41:27.679340328,T,307.23,40,307.66,40,IBM
2025-11-10,9:41:27.679917068,T,307.23,40,307.95,160,IBM
2025-11-10,9:41:27.720829132,T,307.22,40,307.95,160,IBM
2025-11-10,9:41:27.720854249,T,307.22,40,307.74,40,IBM
2025-11-10,9:41:27.720889404,T,307.22,40,307.74,80,IBM
2025-11-10,9:41:27.720904300,T,307.22,40,307.63,40,IBM
2025-11-10,9:41:27.720929372,T,307.22,40,307.58,40,IBM
2025-11-10,9:41:27.721169905,T,307.22,40,307.63,40,IBM
2025-11-10,9:41:27.721174915,T,307.22,40,307.74,80,IBM
2025-11-10,9:41:27.721195005,T,307.22,40,307.74,40,IBM
2025-11-10,9:41:27.726607928,T,307.1,40,307.74,40,IBM
2025-11-10,9:41:27.731048480,T,307.1,40,307.95,160,IBM
2025-11-10,9:41:27.770136571,T,306.98,160,307.95,160,IBM
2025-11-10,9:41:28.582279893,T,307.52,40,307.95,160,IBM
2025-11-10,9:41:29.080420927,T,307.52,40,307.75,80,IBM
2025-11-10,9:41:29.651325169,T,306.98,160,307.75,80,IBM
2025-11-10,9:41:29.651355213,T,306.98,160,307.74,40,IBM
2025-11-10,9:41:29.651360233,T,306.98,160,307.74,80,IBM
2025-11-10,9:41:29.656141613,T,306.98,160,307.74,40,IBM
2025-11-10,9:41:30.118297095,T,306.98,160,307.75,80,IBM
2025-11-10,9:41:30.118301943,T,306.98,160,307.59,40,IBM
2025-11-10,9:41:30.118692878,T,307.25,80,307.59,40,IBM
2025-11-10,9:41:30.135091833,T,307.25,80,307.75,80,IBM
2025-11-10,9:41:30.601327018,T,307.34,40,307.75,80,IBM
2025-11-10,9:41:30.602118858,T,307.34,120,307.75,80,IBM
2025-11-10,9:41:35.101861279,T,307.34,120,307.58,40,IBM
2025-11-10,9:41:35.102422655,T,307.34,120,307.75,80,IBM
2025-11-10,9:41:35.102653262,T,307.34,120,307.58,40,IBM
2025-11-10,9:41:35.102683254,T,307.34,80,307.58,40,IBM
2025-11-10,9:41:35.102708305,T,306.99,40,307.58,40,IBM
2025-11-10,9:41:35.102708305,T,306.98,160,307.58,40,IBM
2025-11-10,9:41:35.102733490,T,306.98,160,307.35,80,IBM
2025-11-10,9:41:35.103064202,T,306.98,160,307.35,120,IBM
2025-11-10,9:41:35.103199462,T,306.98,160,307.34,80,IBM
2025-11-10,9:41:35.103209523,T,306.98,160,307.35,40,IBM
2025-11-10,9:41:35.104026515,T,306.98,160,307.58,80,IBM
2025-11-10,9:41:35.104061511,T,306.98,160,307.58,120,IBM
2025-11-10,9:41:35.104452537,T,306.98,160,307.58,160,IBM
2025-11-10,9:41:35.104592897,T,306.98,160,307.58,120,IBM
2025-11-10,9:41:35.104597808,T,306.98,160,307.52,40,IBM
2025-11-10,9:41:35.111293776,T,307.26,40,307.52,40,IBM
2025-11-10,9:41:35.363138337,T,307.26,40,307.52,80,IBM
2025-11-10,9:41:35.363363865,T,307.26,40,307.52,120,IBM
2025-11-10,9:41:35.363433997,T,307.26,40,307.52,80,IBM
2025-11-10,9:41:35.363489203,T,307.26,40,307.51,40,IBM
2025-11-10,9:41:35.650622736,T,307.26,40,307.52,80,IBM
2025-11-10,9:41:35.650627783,T,307.26,40,307.52,40,IBM
2025-11-10,9:41:35.650853249,T,307.26,40,307.75,240,IBM
2025-11-10,9:41:35.650943495,T,307.26,40,307.52,40,IBM
2025-11-10,9:41:35.907709782,T,307.26,40,307.75,240,IBM
2025-11-10,9:41:35.988797872,T,307.26,120,307.75,240,IBM
2025-11-10,9:41:36.718895903,T,307.26,120,307.52,40,IBM
2025-11-10,9:41:36.974023288,T,307.26,120,307.75,240,IBM
2025-11-10,9:41:45.678491154,T,307.26,40,307.75,240,IBM
2025-11-10,9:41:46.470336347,T,307.26,40,307.51,40,IBM
2025-11-10,9:41:46.470371466,T,307.26,40,307.51,80,IBM
2025-11-10,9:41:46.489015816,T,306.98,160,307.51,80,IBM
2025-11-10,9:41:46.489226313,T,306.98,160,307.51,120,IBM
2025-11-10,9:41:46.489497025,T,306.98,160,307.51,160,IBM
2025-11-10,9:41:46.885269214,T,307.26,40,307.51,160,IBM
2025-11-10,9:41:46.885564935,T,307.26,40,307.51,120,IBM
2025-11-10,9:41:47.079060546,T,307.28,80,307.51,120,IBM
2025-11-10,9:41:51.063761986,T,307.28,80,307.45,40,IBM
2025-11-10,9:41:51.064037650,T,307.28,80,307.45,80,IBM
2025-11-10,9:41:51.064187978,T,307.28,80,307.45,120,IBM
2025-11-10,9:41:51.064353370,T,307.28,80,307.45,80,IBM
2025-11-10,9:41:52.716020603,T,307.28,80,307.45,40,IBM
2025-11-10,9:41:52.716040999,T,307.28,80,307.75,240,IBM
2025-11-10,9:41:52.716537162,T,307.37,40,307.75,240,IBM
2025-11-10,9:41:52.716572073,T,307.28,80,307.75,240,IBM
2025-11-10,9:41:52.716576910,T,307.29,40,307.75,240,IBM
2025-11-10,9:41:52.726084775,T,307.44,40,307.75,240,IBM
2025-11-10,9:41:52.726866395,T,307.44,40,307.75,80,IBM
2025-11-10,9:41:52.728004048,T,307.3,40,307.75,80,IBM
2025-11-10,9:41:52.734810311,T,307.28,80,307.75,80,IBM
2025-11-10,9:41:53.501199954,T,306.99,40,307.75,80,IBM
2025-11-10,9:41:53.502031919,T,307.09,40,307.75,80,IBM
2025-11-10,9:41:53.502618359,T,307.22,40,307.75,80,IBM
2025-11-10,9:41:54.004563417,T,307.45,80,307.75,80,IBM
2025-11-10,9:41:56.438217101,T,307.22,40,307.75,80,IBM
2025-11-10,9:41:56.438242488,T,307.22,40,307.6,40,IBM
2025-11-10,9:41:56.438272297,T,307.22,40,307.6,80,IBM
2025-11-10,9:41:56.438302332,T,306.99,40,307.6,80,IBM
2025-11-10,9:41:56.438307318,T,306.98,160,307.6,80,IBM
2025-11-10,9:41:56.438322344,T,306.98,160,307.56,40,IBM
2025-11-10,9:41:56.438728380,T,306.98,160,307.6,80,IBM
2025-11-10,9:41:56.438808598,T,306.98,160,307.56,40,IBM
2025-11-10,9:41:56.438828849,T,306.98,160,307.56,80,IBM
2025-11-10,9:41:56.438998988,T,307.22,40,307.56,80,IBM
2025-11-10,9:41:56.439690653,T,306.98,160,307.56,80,IBM
2025-11-10,9:41:56.446196178,T,306.98,160,307.56,40,IBM
2025-11-10,9:41:56.450165601,T,306.98,160,307.75,80,IBM
2025-11-10,9:42:01.014597250,T,306.98,160,307.42,40,IBM
2025-11-10,9:42:01.014953130,T,306.98,160,307.42,80,IBM
2025-11-10,9:42:01.015033284,T,306.98,160,307.42,40,IBM
2025-11-10,9:42:01.015123469,T,307.25,40,307.42,40,IBM
2025-11-10,9:42:01.015694883,T,306.98,160,307.42,40,IBM
2025-11-10,9:42:01.024240236,T,307.3,40,307.42,40,IBM
2025-11-10,9:42:01.753601604,T,307.3,40,307.75,80,IBM
2025-11-10,9:42:01.754408595,T,307.3,80,307.75,80,IBM
2025-11-10,9:42:01.754448685,T,307.3,40,307.75,80,IBM
2025-11-10,9:42:01.757906882,T,307.3,80,307.75,80,IBM
2025-11-10,9:42:01.766096776,T,307.3,40,307.75,80,IBM
2025-11-10,9:42:05.003673972,T,306.98,160,307.75,80,IBM
2025-11-10,9:42:05.738974528,T,307.3,40,307.75,80,IBM
2025-11-10,9:42:05.898719905,T,307.31,40,307.75,80,IBM
2025-11-10,9:42:20.335294024,T,307.31,40,307.56,40,IBM
2025-11-10,9:42:20.512721428,T,307.31,40,307.75,80,IBM
2025-11-10,9:42:22.586513545,T,306.98,160,307.75,80,IBM
2025-11-10,9:42:22.586538653,T,306.98,160,307.56,40,IBM
2025-11-10,9:42:22.586548670,T,306.98,160,307.55,40,IBM
2025-11-10,9:42:22.586548670,T,306.98,160,307.55,80,IBM
2025-11-10,9:42:22.586574084,T,306.98,160,307.44,40,IBM
2025-11-10,9:42:22.586994708,T,306.98,160,307.43,40,IBM
2025-11-10,9:42:22.587320500,T,306.8,80,307.43,40,IBM
2025-11-10,9:42:22.587325450,T,306.83,160,307.43,40,IBM
2025-11-10,9:42:22.588192816,T,306.83,160,307.36,40,IBM
2025-11-10,9:42:22.588202626,T,306.83,160,307.43,40,IBM
2025-11-10,9:42:22.588207653,T,306.83,160,307.43,80,IBM
2025-11-10,9:42:22.588288031,T,306.83,160,307.43,40,IBM
2025-11-10,9:42:22.588292812,T,306.83,160,307.34,40,IBM
2025-11-10,9:42:22.589565819,T,306.83,160,307.43,40,IBM
2025-11-10,9:42:22.598256534,T,306.83,160,307.75,80,IBM
2025-11-10,9:42:22.598752679,T,306.83,160,307.43,40,IBM
2025-11-10,9:42:22.598782807,T,306.83,160,307.43,80,IBM
2025-11-10,9:42:22.800232408,T,306.83,160,307.43,40,IBM
2025-11-10,9:42:28.597544051,T,306.83,160,307.43,80,IBM
2025-11-10,9:42:30.149859642,T,306.83,160,307.33,40,IBM
2025-11-10,9:42:30.150170361,T,306.83,160,307.33,80,IBM
2025-11-10,9:42:30.150425966,T,306.83,160,307.33,40,IBM
2025-11-10,9:42:30.160750625,T,306.83,160,307.43,40,IBM
2025-11-10,9:42:30.160895996,T,306.83,160,307.62,160,IBM
2025-11-10,9:42:30.170759473,T,306.83,160,307.33,40,IBM
2025-11-10,9:42:30.416730031,T,306.83,160,307.62,160,IBM
2025-11-10,9:42:36.232485667,T,306.83,160,307.58,40,IBM
2025-11-10,9:42:37.353168666,T,306.83,160,307.33,40,IBM
2025-11-10,9:42:37.668775063,T,306.83,160,307.58,40,IBM
2025-11-10,9:42:39.677106392,T,306.83,160,307.62,160,IBM
2025-11-10,9:42:47.710301271,T,306.83,160,307.62,200,IBM
2025-11-10,9:42:47.710571844,T,306.83,160,307.32,40,IBM
2025-11-10,9:42:47.710657195,T,306.83,160,307.47,40,IBM
2025-11-10,9:42:47.710662143,T,306.83,160,307.21,40,IBM
2025-11-10,9:42:47.711083463,T,306.83,160,307.34,40,IBM
2025-11-10,9:42:47.711083463,T,306.83,160,307.43,40,IBM
2025-11-10,9:42:47.711118249,T,306.83,160,307.47,80,IBM
2025-11-10,9:42:47.711163341,T,306.83,160,307.43,40,IBM
2025-11-10,9:42:47.711188313,T,306.83,160,307.47,80,IBM
2025-11-10,9:42:47.711208426,T,306.83,160,307.47,40,IBM
2025-11-10,9:42:47.711253491,T,306.83,160,307.47,80,IBM
2025-11-10,9:42:47.711258578,T,306.83,160,307.47,40,IBM
2025-11-10,9:42:47.711268851,T,306.83,160,307.47,80,IBM
2025-11-10,9:42:47.711283820,T,306.83,160,307.21,40,IBM
2025-11-10,9:42:47.711684499,T,306.83,240,307.21,40,IBM
2025-11-10,9:42:47.711689522,T,306.83,240,307.47,40,IBM
2025-11-10,9:42:47.711789793,T,306.83,240,307.21,40,IBM
2025-11-10,9:42:47.711789793,T,306.83,360,307.21,40,IBM
2025-11-10,9:42:47.712265881,T,306.83,240,307.21,40,IBM
2025-11-10,9:42:47.712265881,T,306.83,160,307.21,40,IBM
2025-11-10,9:42:47.712295996,T,306.89,200,307.21,40,IBM
2025-11-10,9:42:47.712321070,T,306.89,200,307.47,40,IBM
2025-11-10,9:42:47.718129913,T,306.8,80,307.47,40,IBM
2025-11-10,9:42:47.718154926,T,307.02,200,307.47,40,IBM
2025-11-10,9:42:47.720710989,T,307.02,200,307.58,40,IBM
2025-11-10,9:42:47.734909863,T,307.02,160,307.58,40,IBM
2025-11-10,9:42:47.836697177,T,307.02,160,307.62,200,IBM
2025-11-10,9:42:47.836722276,T,307.02,160,307.62,160,IBM
2025-11-10,9:42:50.017508901,T,307.02,160,307.62,200,IBM
2025-11-10,9:42:52.598944838,T,307.02,160,307.62,40,IBM
2025-11-10,9:42:52.598944838,T,307.02,160,307.49,200,IBM
2025-11-10,9:42:54.188192984,T,306.63,160,307.49,200,IBM
2025-11-10,9:42:54.188202964,T,307.03,40,307.49,200,IBM
2025-11-10,9:42:54.188218058,T,306.63,160,307.49,200,IBM
2025-11-10,9:42:54.188222977,T,307.2,160,307.49,200,IBM
2025-11-10,9:42:54.188248067,T,306.63,160,307.49,200,IBM
2025-11-10,9:42:54.188273157,T,307.2,160,307.49,200,IBM
2025-11-10,9:42:54.188283116,T,306.63,160,307.49,200,IBM
2025-11-10,9:42:54.188303463,T,306.66,40,307.49,200,IBM
2025-11-10,9:42:54.188308210,T,307.2,160,307.49,200,IBM
2025-11-10,9:42:54.188323207,T,306.66,40,307.49,200,IBM
2025-11-10,9:42:54.188353315,T,306.76,40,307.49,200,IBM
2025-11-10,9:42:54.188433529,T,307.03,40,307.49,200,IBM
2025-11-10,9:42:54.188639054,T,307.08,40,307.49,200,IBM
2025-11-10,9:42:54.188669100,T,307.12,40,307.49,200,IBM
2025-11-10,9:42:54.188804431,T,307.03,40,307.49,200,IBM
2025-11-10,9:42:54.188854515,T,306.76,40,307.49,200,IBM
2025-11-10,9:42:54.188874726,T,306.66,40,307.49,200,IBM
2025-11-10,9:42:54.188874726,T,306.66,40,307.43,40,IBM
2025-11-10,9:42:54.188884547,T,306.66,40,307.32,40,IBM
2025-11-10,9:42:54.193896507,T,306.66,40,307.32,80,IBM
2025-11-10,9:42:54.199444864,T,306.66,40,307.32,40,IBM
2025-11-10,9:42:54.288576931,T,306.63,160,307.32,40,IBM
2025-11-10,9:42:56.597428668,T,306.63,160,307.32,80,IBM
2025-11-10,9:42:57.166643870,T,306.63,160,307.32,40,IBM
2025-11-10,9:43:04.787306430,T,306.63,160,307.49,200,IBM
2025-11-10,9:43:04.787497163,T,306.63,160,307.31,40,IBM
2025-11-10,9:43:04.787531967,T,306.63,160,307.31,80,IBM
2025-11-10,9:43:04.788073319,T,306.63,160,307.31,120,IBM
2025-11-10,9:43:04.788078373,T,306.63,160,307.31,80,IBM
2025-11-10,9:43:04.788083380,T,306.63,160,307.2,40,IBM
2025-11-10,9:43:04.797435581,T,306.63,160,307.31,80,IBM
2025-11-10,9:43:04.797550813,T,306.63,160,307.31,40,IBM
2025-11-10,9:43:04.797605985,T,306.63,160,307.31,80,IBM
2025-11-10,9:43:04.797636085,T,306.63,160,307.2,40,IBM
2025-11-10,9:43:04.797936780,T,306.63,160,307.12,40,IBM
2025-11-10,9:43:04.798327757,T,306.63,160,307.12,80,IBM
2025-11-10,9:43:04.806852962,T,306.63,160,307.12,40,IBM
2025-11-10,9:43:04.832960108,T,306.63,160,307.38,40,IBM
2025-11-10,9:43:04.832960108,T,306.63,160,307.06,40,IBM
2025-11-10,9:43:04.833215823,T,306.5,40,307.06,40,IBM
2025-11-10,9:43:04.833265928,T,306.5,40,307.06,80,IBM
2025-11-10,9:43:04.833295921,T,306.5,40,307.02,40,IBM
2025-11-10,9:43:04.833295921,T,306.5,40,306.97,40,IBM
2025-11-10,9:43:04.833852312,T,306.5,40,306.98,40,IBM
2025-11-10,9:43:04.833872290,T,306.5,40,307.02,40,IBM
2025-11-10,9:43:04.833882308,T,306.65,40,307.02,40,IBM
2025-11-10,9:43:04.833892331,T,306.65,40,307.06,40,IBM
2025-11-10,9:43:04.833937454,T,306.51,80,307.06,40,IBM
2025-11-10,9:43:04.833952941,T,306.51,80,307.28,40,IBM
2025-11-10,9:43:04.833962528,T,306.66,40,307.28,40,IBM
2025-11-10,9:43:04.833982715,T,306.51,80,307.28,40,IBM
2025-11-10,9:43:04.833982715,T,306.66,40,307.28,40,IBM
2025-11-10,9:43:04.834243159,T,306.55,40,307.28,40,IBM
2025-11-10,9:43:04.834458675,T,306.55,40,307.28,80,IBM
2025-11-10,9:43:04.843364934,T,306.5,40,307.28,80,IBM
2025-11-10,9:43:04.933740084,T,306.5,40,307.28,40,IBM
2025-11-10,9:43:05.878905208,T,306.5,40,307.34,200,IBM
2025-11-10,9:43:05.958309314,T,306.5,40,306.97,40,IBM
2025-11-10,9:43:05.959371840,T,306.5,40,307.28,40,IBM
2025-11-10,9:43:05.959391847,T,306.5,40,307.34,200,IBM
2025-11-10,9:43:06.704225187,T,306.5,40,307.28,40,IBM
2025-11-10,9:43:06.704801517,T,306.5,40,307.06,40,IBM
2025-11-10,9:43:06.704831600,T,306.5,40,306.93,40,IBM
2025-11-10,9:43:07.145109829,T,306.5,40,307.28,40,IBM
2025-11-10,9:43:09.738929977,T,306.5,40,307.06,40,IBM
2025-11-10,9:43:09.738935026,T,306.5,40,306.92,40,IBM
2025-11-10,9:43:09.738960013,T,306.5,40,307.06,40,IBM
2025-11-10,9:43:09.738960013,T,306.5,40,306.82,40,IBM
2025-11-10,9:43:09.739521406,T,306.5,40,307.06,40,IBM
2025-11-10,9:43:09.740624032,T,306.5,40,306.93,40,IBM
2025-11-10,9:43:09.743114926,T,306.5,40,307.06,40,IBM
2025-11-10,9:43:12.719195051,T,306.5,40,307.17,160,IBM
2025-11-10,9:43:12.719220115,T,306.66,40,307.17,160,IBM
2025-11-10,9:43:12.719245275,T,306.5,40,307.17,160,IBM
2025-11-10,9:43:34.038299923,T,306.5,40,307.17,200,IBM
2025-11-10,9:43:34.038314610,T,306.5,40,307.06,40,IBM
2025-11-10,9:43:34.038334565,T,306.5,40,306.74,40,IBM
2025-11-10,9:43:34.038349620,T,306.5,40,307.06,40,IBM
2025-11-10,9:43:34.038349620,T,306.5,40,306.67,40,IBM
2025-11-10,9:43:34.038810740,T,306.5,40,306.74,40,IBM
2025-11-10,9:43:34.039021216,T,306.5,40,306.74,80,IBM
2025-11-10,9:43:34.058352318,T,306.5,40,306.74,40,IBM
2025-11-10,9:43:34.058833464,T,306.5,40,306.74,80,IBM
2025-11-10,9:43:35.045206712,T,306.5,40,306.74,40,IBM
2025-11-10,9:43:35.045206712,T,306.5,40,307.01,160,IBM
2025-11-10,9:43:35.045472296,T,306.58,40,307.01,160,IBM
2025-11-10,9:43:35.045637776,T,306.5,40,307.01,160,IBM
2025-11-10,9:43:38.029952664,T,306.55,40,307.01,160,IBM
2025-11-10,9:43:38.993275873,T,306.7,40,307.01,160,IBM
2025-11-10,9:43:38.993321043,T,306.55,40,307.01,160,IBM
2025-11-10,9:43:38.994067788,T,306.7,40,307.01,160,IBM
2025-11-10,9:43:38.999290204,T,306.7,40,307.28,40,IBM
2025-11-10,9:43:38.999295209,T,306.7,40,307.2,160,IBM
2025-11-10,9:43:40.598537760,T,306.7,40,306.92,40,IBM
2025-11-10,9:43:44.118427647,T,306.5,40,306.92,40,IBM
2025-11-10,9:43:49.374320387,T,306.5,40,307.13,40,IBM
2025-11-10,9:43:49.374330419,T,306.5,40,306.92,40,IBM
2025-11-10,9:43:49.374335610,T,306.5,40,306.93,40,IBM
2025-11-10,9:43:49.374345444,T,306.73,40,306.93,40,IBM
2025-11-10,9:43:49.374360442,T,306.73,40,307.13,40,IBM
2025-11-10,9:43:49.374375513,T,306.5,40,307.13,40,IBM
2025-11-10,9:43:49.374575926,T,306.71,40,307.13,40,IBM
2025-11-10,9:43:49.374741354,T,306.71,80,307.13,40,IBM
2025-11-10,9:43:49.379517799,T,306.71,40,307.13,40,IBM
2025-11-10,9:43:49.400297186,T,306.71,80,307.13,40,IBM
2025-11-10,9:43:49.400357353,T,306.71,120,307.13,40,IBM
2025-11-10,9:43:49.408847579,T,306.71,80,307.13,40,IBM
2025-11-10,9:43:49.410341096,T,306.71,40,307.13,40,IBM
2025-11-10,9:43:49.410631832,T,306.71,80,307.13,40,IBM
2025-11-10,9:43:52.878628087,T,306.71,40,307.13,40,IBM
2025-11-10,9:43:52.878853696,T,306.84,40,307.13,40,IBM
2025-11-10,9:43:53.938872190,T,306.84,40,307.35,160,IBM
2025-11-10,9:44:08.152986788,T,306.87,40,307.35,160,IBM
2025-11-10,9:44:09.844323436,T,306.55,160,307.35,160,IBM
2025-11-10,9:44:14.666393202,T,306.87,40,307.35,160,IBM
2025-11-10,9:44:14.666964605,T,306.87,80,307.35,160,IBM
2025-11-10,9:44:14.666969569,T,306.88,40,307.35,160,IBM
2025-11-10,9:44:14.667044803,T,306.98,40,307.35,160,IBM
2025-11-10,9:44:14.667555889,T,306.98,40,307.58,40,IBM
2025-11-10,9:44:14.667566017,T,306.98,40,307.52,160,IBM
2025-11-10,9:44:14.667601002,T,306.98,40,307.52,200,IBM
2025-11-10,9:44:14.676366938,T,306.88,40,307.52,200,IBM
2025-11-10,9:44:14.680135861,T,306.68,40,307.52,200,IBM
2025-11-10,9:44:14.683779608,T,306.68,40,307.52,160,IBM
2025-11-10,9:44:14.683809659,T,306.79,40,307.52,160,IBM
2025-11-10,9:44:14.689017054,T,306.79,40,307.52,200,IBM
2025-11-10,9:44:14.689042406,T,306.68,40,307.52,200,IBM
2025-11-10,9:44:14.689042406,T,306.68,40,307.27,40,IBM
2025-11-10,9:44:14.767128041,T,306.55,160,307.27,40,IBM
2025-11-10,9:44:14.767599143,T,306.55,160,307.52,200,IBM
2025-11-10,9:44:16.067894829,T,306.59,40,307.52,200,IBM
2025-11-10,9:44:16.346558326,T,306.55,160,307.52,200,IBM
2025-11-10,9:44:25.997454157,T,306.55,160,307.51,40,IBM
2025-11-10,9:44:29.245692427,T,306.59,40,307.51,40,IBM
2025-11-10,9:44:29.254779053,T,306.55,160,307.51,40,IBM
2025-11-10,9:44:29.254814164,T,306.59,40,307.51,40,IBM
2025-11-10,9:44:30.084048236,T,306.59,40,307.52,160,IBM
2025-11-10,9:44:34.330547969,T,306.7,200,307.52,160,IBM
2025-11-10,9:44:40.860714429,T,306.77,40,307.52,160,IBM
2025-11-10,9:44:41.636937346,T,306.7,200,307.52,160,IBM
2025-11-10,9:44:41.636977440,T,306.77,40,307.52,160,IBM
2025-11-10,9:44:41.637002451,T,306.99,40,307.52,160,IBM
2025-11-10,9:44:42.145377756,T,306.77,40,307.52,160,IBM
2025-11-10,9:44:44.692336298,T,306.99,40,307.52,160,IBM
2025-11-10,9:44:44.692872606,T,307.01,40,307.52,160,IBM
2025-11-10,9:44:44.692882594,T,307.02,40,307.52,160,IBM
2025-11-10,9:44:44.692897733,T,307.03,40,307.52,160,IBM
2025-11-10,9:44:44.692917686,T,307.04,40,307.52,160,IBM
2025-11-10,9:44:44.692917686,T,307.14,40,307.52,160,IBM
2025-11-10,9:44:44.693644438,T,307.02,40,307.52,160,IBM
2025-11-10,9:44:44.693654479,T,307.01,40,307.52,160,IBM
2025-11-10,9:44:44.693709737,T,307.02,40,307.52,160,IBM
2025-11-10,9:44:44.694125617,T,306.7,200,307.52,160,IBM
2025-11-10,9:44:44.725144463,T,306.7,200,307.43,40,IBM
2025-11-10,9:44:44.725174556,T,306.7,200,307.45,40,IBM
2025-11-10,9:44:44.725184502,T,306.7,200,307.24,40,IBM
2025-11-10,9:44:44.725931386,T,306.7,200,307.45,40,IBM
2025-11-10,9:44:44.734546791,T,306.7,200,307.52,160,IBM
2025-11-10,9:44:44.981564978,T,307.02,40,307.52,160,IBM
2025-11-10,9:44:47.603542054,T,307.02,40,307.27,40,IBM
2025-11-10,9:44:50.177114049,T,306.7,200,307.27,40,IBM
2025-11-10,9:44:50.362806121,T,307.04,40,307.27,40,IBM
2025-11-10,9:44:50.506894147,T,306.7,200,307.27,40,IBM
2025-11-10,9:44:50.506944662,T,306.7,200,307.27,80,IBM
2025-11-10,9:44:50.506984389,T,306.7,200,307.26,40,IBM
2025-11-10,9:44:50.507214894,T,306.7,200,307.16,40,IBM
2025-11-10,9:44:50.507224969,T,306.7,200,307.16,80,IBM
2025-11-10,9:44:50.507635874,T,306.7,200,307.16,40,IBM
2025-11-10,9:44:50.507660974,T,306.77,40,307.16,40,IBM
2025-11-10,9:44:50.507686071,T,306.77,40,307.26,40,IBM
2025-11-10,9:44:50.507706121,T,306.7,200,307.26,40,IBM
2025-11-10,9:44:50.507731186,T,306.7,200,307.26,80,IBM
2025-11-10,9:44:50.507741138,T,306.7,200,307.26,40,IBM
2025-11-10,9:44:50.511410187,T,306.7,200,307.27,40,IBM
2025-11-10,9:44:50.513474838,T,306.68,40,307.27,40,IBM
2025-11-10,9:44:51.656130317,T,306.68,40,307.27,80,IBM
2025-11-10,9:44:54.656863990,T,306.59,40,307.27,80,IBM
2025-11-10,9:44:58.062361635,T,306.59,40,307.27,40,IBM
2025-11-10,9:45:02.311522783,T,306.66,40,307.27,40,IBM
2025-11-10,9:45:15.661941266,T,306.92,40,307.27,40,IBM
2025-11-10,9:45:15.688093536,T,307.09,40,307.27,40,IBM
2025-11-10,9:45:24.623109957,T,306.71,160,307.27,40,IBM
2025-11-10,9:45:24.623540950,T,306.79,40,307.27,40,IBM
2025-11-10,9:45:24.623621190,T,306.93,40,307.27,40,IBM
2025-11-10,9:45:24.624217605,T,306.71,160,307.27,40,IBM
2025-11-10,9:45:24.967475039,T,306.71,160,307.47,40,IBM
2025-11-10,9:45:24.967605140,T,306.71,160,307.47,80,IBM
2025-11-10,9:45:24.967625190,T,306.71,160,307.47,40,IBM
2025-11-10,9:45:24.967635221,T,306.71,160,307.26,40,IBM
2025-11-10,9:45:24.967665265,T,306.71,160,307.47,40,IBM
2025-11-10,9:45:24.967690319,T,306.71,200,307.47,40,IBM
2025-11-10,9:45:24.967840650,T,306.77,40,307.47,40,IBM
2025-11-10,9:45:24.967950891,T,307.02,40,307.47,40,IBM
2025-11-10,9:45:24.967970956,T,306.77,40,307.47,40,IBM
2025-11-10,9:45:24.977092738,T,306.71,160,307.47,40,IBM
2025-11-10,9:45:26.763200172,T,306.71,200,307.47,40,IBM
2025-11-10,9:45:29.898048467,T,306.71,200,307.55,160,IBM
2025-11-10,9:45:30.551103107,T,307.14,40,307.55,160,IBM
2025-11-10,9:45:31.005249261,T,307.14,80,307.55,160,IBM
2025-11-10,9:45:32.034569914,T,307.14,80,307.43,40,IBM
2025-11-10,9:45:32.034579730,T,307.14,80,307.36,40,IBM
2025-11-10,9:45:32.034895496,T,307.14,40,307.36,40,IBM
2025-11-10,9:45:32.034895496,T,306.77,40,307.36,40,IBM
2025-11-10,9:45:32.034895496,T,306.71,160,307.36,40,IBM
2025-11-10,9:45:32.034900533,T,307.14,40,307.36,40,IBM
2025-11-10,9:45:32.034910511,T,306.71,160,307.36,40,IBM
2025-11-10,9:45:32.034920512,T,306.71,160,307.31,40,IBM
2025-11-10,9:45:32.034975724,T,306.71,160,307.36,40,IBM
2025-11-10,9:45:32.034975724,T,306.71,160,307.25,40,IBM
2025-11-10,9:45:32.035597198,T,306.71,160,307.36,40,IBM
2025-11-10,9:45:32.035627243,T,306.71,160,307.36,80,IBM
2025-11-10,9:45:32.035697425,T,306.71,200,307.36,80,IBM
2025-11-10,9:45:32.036288842,T,306.71,160,307.36,80,IBM
2025-11-10,9:45:32.043059883,T,306.71,160,307.36,40,IBM
2025-11-10,9:45:32.640286739,T,306.71,160,307.55,160,IBM
2025-11-10,9:45:35.239504818,T,306.71,160,307.44,40,IBM
2025-11-10,9:45:42.353806852,T,306.77,40,307.44,40,IBM
2025-11-10,9:45:42.353831962,T,306.82,40,307.44,40,IBM
2025-11-10,9:45:42.353836932,T,306.77,40,307.44,40,IBM
2025-11-10,9:45:42.353846984,T,306.82,40,307.44,40,IBM
2025-11-10,9:45:42.353851975,T,307.0,40,307.44,40,IBM
2025-11-10,9:45:42.353862135,T,307.08,40,307.44,40,IBM
2025-11-10,9:45:42.354072443,T,307.0,40,307.44,40,IBM
2025-11-10,9:45:42.354172704,T,306.82,40,307.44,40,IBM
2025-11-10,9:45:42.354568658,T,306.71,200,307.44,40,IBM
2025-11-10,9:45:42.354593694,T,306.71,160,307.44,40,IBM
2025-11-10,9:45:42.354714011,T,306.71,200,307.44,40,IBM
2025-11-10,9:45:42.358011893,T,306.77,40,307.44,40,IBM
2025-11-10,9:45:42.362322103,T,306.71,160,307.44,40,IBM
2025-11-10,9:45:42.715994147,T,307.19,40,307.44,40,IBM
2025-11-10,9:45:42.725396477,T,306.77,40,307.44,40,IBM
2025-11-10,9:45:42.816047308,T,306.73,40,307.44,40,IBM
2025-11-10,9:45:42.817901698,T,306.71,160,307.44,40,IBM
2025-11-10,9:45:42.817931845,T,306.71,200,307.44,40,IBM
2025-11-10,9:45:42.827043523,T,306.71,160,307.44,40,IBM
2025-11-10,9:45:43.083037913,T,306.71,200,307.44,40,IBM
2025-11-10,9:45:44.031951951,T,306.71,160,307.44,40,IBM
2025-11-10,9:45:44.035365155,T,306.74,40,307.44,40,IBM
2025-11-10,9:45:44.058745806,T,307.2,80,307.44,40,IBM
2025-11-10,9:45:44.597057323,T,307.2,80,307.69,160,IBM
2025-11-10,9:45:44.597092430,T,307.2,80,307.61,40,IBM
2025-11-10,9:45:45.079966960,T,306.71,160,307.61,40,IBM
2025-11-10,9:45:45.079982054,T,306.71,160,307.32,40,IBM
2025-11-10,9:45:45.080337906,T,306.71,160,307.41,40,IBM
2025-11-10,9:45:45.080783898,T,306.71,160,307.53,160,IBM
2025-11-10,9:45:45.100525987,T,306.71,160,307.41,40,IBM
2025-11-10,9:45:45.304586759,T,306.71,160,307.53,160,IBM
2025-11-10,9:45:46.513043743,T,306.71,200,307.53,160,IBM
2025-11-10,9:45:47.290479574,T,306.77,40,307.53,160,IBM
2025-11-10,9:45:48.676875191,T,306.71,200,307.53,160,IBM
2025-11-10,9:45:49.852138161,T,306.71,40,307.53,160,IBM
2025-11-10,9:45:49.852148169,T,306.85,160,307.53,160,IBM
2025-11-10,9:45:50.970851542,T,306.85,160,307.61,40,IBM
2025-11-10,9:45:52.803529564,T,307.08,40,307.61,40,IBM
2025-11-10,9:45:54.499582524,T,306.86,40,307.61,40,IBM
2025-11-10,9:45:55.099114794,T,306.86,40,307.33,40,IBM
2025-11-10,9:45:55.099350389,T,306.98,40,307.33,40,IBM
2025-11-10,9:45:55.099691221,T,306.98,40,307.61,40,IBM
2025-11-10,9:45:55.104773261,T,306.85,160,307.61,40,IBM
2025-11-10,9:45:55.104813357,T,306.85,200,307.61,40,IBM
2025-11-10,9:45:55.957829039,T,306.85,160,307.61,40,IBM
2025-11-10,9:45:56.104819009,T,306.85,160,307.58,40,IBM
2025-11-10,9:45:56.114216314,T,306.85,160,307.61,40,IBM
2025-11-10,9:45:57.104829711,T,306.85,160,307.58,40,IBM
2025-11-10,9:45:57.114232158,T,306.85,160,307.61,40,IBM
2025-11-10,9:46:03.033544343,T,306.85,200,307.61,40,IBM
2025-11-10,9:46:03.033579418,T,306.85,200,307.28,40,IBM
2025-11-10,9:46:03.033829983,T,306.85,40,307.28,40,IBM
2025-11-10,9:46:03.034195935,T,306.68,200,307.28,40,IBM
2025-11-10,9:46:03.034682076,T,306.68,160,307.28,40,IBM
2025-11-10,9:46:05.763603886,T,306.68,160,307.21,40,IBM
2025-11-10,9:46:05.886721935,T,306.68,160,307.48,40,IBM
2025-11-10,9:46:11.232844508,T,306.68,160,307.43,40,IBM
2025-11-10,9:46:11.232884579,T,306.68,160,307.4,40,IBM
2025-11-10,9:46:12.044035749,T,306.77,40,307.4,40,IBM
2025-11-10,9:46:12.184851071,T,306.82,40,307.4,40,IBM
2025-11-10,9:46:12.184971331,T,306.82,40,307.43,40,IBM
2025-11-10,9:46:12.184996369,T,307.02,40,307.43,40,IBM
2025-11-10,9:46:12.185026509,T,306.82,40,307.43,40,IBM
2025-11-10,9:46:12.185026509,T,307.11,40,307.43,40,IBM
2025-11-10,9:46:12.185091595,T,307.11,40,307.48,40,IBM
2025-11-10,9:46:12.185542739,T,306.77,40,307.48,40,IBM
2025-11-10,9:46:12.185642969,T,306.84,160,307.48,40,IBM
2025-11-10,9:46:12.292788093,T,306.92,80,307.48,40,IBM
2025-11-10,9:46:12.735832733,T,307.04,40,307.48,40,IBM
2025-11-10,9:46:12.987967979,T,307.04,80,307.48,40,IBM
2025-11-10,9:46:12.988238603,T,307.04,120,307.48,40,IBM
2025-11-10,9:46:12.992864649,T,307.04,80,307.48,40,IBM
2025-11-10,9:46:12.993270616,T,307.04,120,307.48,40,IBM
2025-11-10,9:46:12.993295714,T,307.04,80,307.48,40,IBM
2025-11-10,9:46:12.993295714,T,307.04,120,307.48,40,IBM
2025-11-10,9:46:12.993335774,T,307.2,40,307.48,40,IBM
2025-11-10,9:46:12.993370994,T,307.21,40,307.48,40,IBM
2025-11-10,9:46:12.993400966,T,307.3,40,307.48,40,IBM
2025-11-10,9:46:13.002763265,T,307.2,80,307.48,40,IBM
2025-11-10,9:46:13.044141751,T,307.21,40,307.48,40,IBM
2025-11-10,9:46:13.044146690,T,307.21,40,307.71,160,IBM
2025-11-10,9:46:13.044181896,T,307.3,40,307.71,160,IBM
2025-11-10,9:46:13.044216916,T,307.2,80,307.71,160,IBM
2025-11-10,9:46:13.044216916,T,307.41,40,307.71,160,IBM
2025-11-10,9:46:13.053579347,T,307.04,80,307.71,160,IBM
2025-11-10,9:46:13.053604292,T,307.04,40,307.71,160,IBM
2025-11-10,9:46:13.055749613,T,307.04,80,307.71,160,IBM
2025-11-10,9:46:13.055749613,T,307.04,80,307.46,80,IBM
2025-11-10,9:46:13.055754453,T,307.04,40,307.46,80,IBM
2025-11-10,9:46:13.055795550,T,307.04,80,307.46,80,IBM
2025-11-10,9:46:13.055954841,T,307.04,80,307.71,160,IBM
2025-11-10,9:46:13.056090207,T,307.04,40,307.71,160,IBM
2025-11-10,9:46:13.056225451,T,307.04,80,307.71,160,IBM
2025-11-10,9:46:13.056280613,T,307.04,120,307.71,160,IBM
2025-11-10,9:46:13.056310957,T,307.27,40,307.71,160,IBM
2025-11-10,9:46:13.056310957,T,307.04,80,307.71,160,IBM
2025-11-10,9:46:13.056315727,T,307.27,40,307.71,160,IBM
2025-11-10,9:46:13.056355780,T,307.04,120,307.71,160,IBM
2025-11-10,9:46:13.059162508,T,307.04,80,307.71,160,IBM
2025-11-10,9:46:13.059703740,T,307.04,120,307.71,160,IBM
2025-11-10,9:46:13.068254130,T,307.04,80,307.71,160,IBM
2025-11-10,9:46:13.068544806,T,307.04,120,307.71,160,IBM
2025-11-10,9:46:13.073005488,T,307.04,80,307.71,160,IBM
2025-11-10,9:46:13.156268709,T,307.04,40,307.71,160,IBM
2025-11-10,9:46:13.156514258,T,307.13,40,307.71,160,IBM
2025-11-10,9:46:13.156724735,T,307.13,80,307.71,160,IBM
2025-11-10,9:46:13.408073160,T,307.13,120,307.71,160,IBM
2025-11-10,9:46:13.698349203,T,307.13,80,307.71,160,IBM
2025-11-10,9:46:15.108496682,T,307.35,40,307.71,160,IBM
2025-11-10,9:46:15.108526299,T,307.13,80,307.71,160,IBM
2025-11-10,9:46:15.108531401,T,307.35,40,307.71,160,IBM
2025-11-10,9:46:15.108611502,T,307.35,40,307.75,80,IBM
2025-11-10,9:46:15.112661162,T,307.22,40,307.75,80,IBM
2025-11-10,9:46:15.112701342,T,307.22,40,307.68,80,IBM
2025-11-10,9:46:15.117257107,T,307.22,80,307.68,80,IBM
2025-11-10,9:46:15.224823212,T,307.22,40,307.68,80,IBM
2025-11-10,9:46:15.372073804,T,307.23,120,307.68,80,IBM
2025-11-10,9:46:15.378198462,T,307.23,120,307.75,80,IBM
2025-11-10,9:46:15.378408847,T,307.23,160,307.75,80,IBM
