DATE,TIME_M,EX,BID,BIDSIZ,ASK,ASKSIZ,SYM_ROOT
2025-11-13,9:30:01.078926230,T,309.7,40,313.27,40,IBM
2025-11-13,9:30:01.082895726,T,309.7,40,314.0,480,IBM
2025-11-13,9:30:01.098693270,T,309.7,40,313.99,40,IBM
2025-11-13,9:30:01.542173956,T,309.95,40,313.99,40,IBM
2025-11-13,9:30:01.813966044,T,309.95,40,313.54,40,IBM
2025-11-13,9:30:02.135155632,T,309.95,40,312.83,40,IBM
2025-11-13,9:30:02.242345896,T,309.95,40,313.54,40,IBM
2025-11-13,9:30:02.812472985,T,309.95,40,312.83,40,IBM
2025-11-13,9:30:02.812919114,T,309.95,40,312.55,40,IBM
2025-11-13,9:30:02.817109085,T,309.95,40,313.64,80,IBM
2025-11-13,9:30:02.866962830,T,309.95,40,312.83,40,IBM
2025-11-13,9:30:02.967000956,T,309.95,40,313.64,80,IBM
2025-11-13,9:30:03.123804124,T,310.0,40,313.64,80,IBM
2025-11-13,9:30:03.687185321,T,310.59,40,313.64,80,IBM
2025-11-13,9:30:03.687906959,T,310.59,40,312.83,40,IBM
2025-11-13,9:30:03.980894450,T,310.59,40,312.53,80,IBM
2025-11-13,9:30:03.981631274,T,310.59,40,313.64,80,IBM
2025-11-13,9:30:03.985715990,T,310.59,40,312.83,40,IBM
2025-11-13,9:30:04.000300633,T,310.59,40,313.64,80,IBM
2025-11-13,9:30:04.077163606,T,310.59,40,312.82,40,IBM
2025-11-13,9:30:04.077193727,T,310.59,40,312.82,80,IBM
2025-11-13,9:30:04.106949565,T,310.59,40,312.82,40,IBM
2025-11-13,9:30:04.106954547,T,310.59,40,312.5,80,IBM
2025-11-13,9:30:04.107952007,T,310.59,40,313.64,80,IBM
2025-11-13,9:30:04.108668660,T,310.59,40,312.83,40,IBM
2025-11-13,9:30:04.113555312,T,310.59,40,312.83,80,IBM
2025-11-13,9:30:04.115189236,T,310.59,40,312.83,40,IBM
2025-11-13,9:30:04.157540009,T,310.59,40,312.82,40,IBM
2025-11-13,9:30:04.269962649,T,310.59,40,312.82,80,IBM
2025-11-13,9:30:04.322542753,T,310.0,40,312.82,80,IBM
2025-11-13,9:30:04.322567901,T,309.7,40,312.82,80,IBM
2025-11-13,9:30:04.322587851,T,309.7,40,312.67,80,IBM
2025-11-13,9:30:04.322628016,T,309.7,40,312.46,40,IBM
2025-11-13,9:30:04.323520065,T,309.7,40,312.67,80,IBM
2025-11-13,9:30:04.324236812,T,309.7,40,312.67,120,IBM
2025-11-13,9:30:04.342585591,T,309.7,40,312.67,40,IBM
2025-11-13,9:30:04.365780802,T,309.7,40,313.64,80,IBM
2025-11-13,9:30:04.373188353,T,309.7,40,312.83,40,IBM
2025-11-13,9:30:04.395401220,T,309.7,40,313.64,80,IBM
2025-11-13,9:30:05.402172966,T,309.7,40,312.82,40,IBM
2025-11-13,9:30:05.480384136,T,309.7,40,312.73,40,IBM
2025-11-13,9:30:05.556936365,T,309.7,40,313.64,80,IBM
2025-11-13,9:30:05.557011464,T,309.7,40,312.73,40,IBM
2025-11-13,9:30:05.918887963,T,309.7,40,312.39,40,IBM
2025-11-13,9:30:05.920597078,T,309.7,40,312.39,80,IBM
2025-11-13,9:30:05.956462545,T,309.1,40,312.39,80,IBM
2025-11-13,9:30:05.964411348,T,311.43,40,312.39,80,IBM
2025-11-13,9:30:06.035330148,T,311.43,40,312.39,40,IBM
2025-11-13,9:30:06.084387041,T,311.48,120,312.39,40,IBM
2025-11-13,9:30:06.219212924,T,311.48,160,312.39,40,IBM
2025-11-13,9:30:07.420858677,T,311.48,160,312.39,80,IBM
2025-11-13,9:30:07.961350337,T,311.48,40,312.39,80,IBM
2025-11-13,9:30:08.185103007,T,311.48,40,312.39,40,IBM
2025-11-13,9:30:08.185143157,T,311.48,40,313.64,80,IBM
2025-11-13,9:30:08.261660317,T,311.48,40,312.38,40,IBM
2025-11-13,9:30:08.261690374,T,311.48,40,312.38,160,IBM
2025-11-13,9:30:08.340989193,T,311.48,40,312.38,40,IBM
2025-11-13,9:30:08.525799052,T,311.48,280,312.38,40,IBM
2025-11-13,9:30:10.724317909,T,311.48,280,312.04,40,IBM
2025-11-13,9:30:10.724473379,T,311.48,280,312.04,80,IBM
2025-11-13,9:30:10.724538491,T,311.48,280,312.04,40,IBM
2025-11-13,9:30:10.726052092,T,311.48,280,312.04,80,IBM
2025-11-13,9:30:10.727395459,T,311.48,240,312.04,80,IBM
2025-11-13,9:30:10.727395459,T,311.43,40,312.04,80,IBM
2025-11-13,9:30:10.727395459,T,311.43,40,312.04,40,IBM
2025-11-13,9:30:10.727400248,T,311.43,40,311.84,40,IBM
2025-11-13,9:30:10.727756155,T,310.03,40,311.84,40,IBM
2025-11-13,9:30:10.727886476,T,309.1,40,311.84,40,IBM
2025-11-13,9:30:10.730723327,T,311.23,40,311.84,40,IBM
2025-11-13,9:30:10.731439904,T,311.23,40,311.76,40,IBM
2025-11-13,9:30:10.741037711,T,311.23,40,313.64,80,IBM
2025-11-13,9:30:10.741433711,T,311.23,80,313.64,80,IBM
2025-11-13,9:30:10.742055131,T,311.23,80,311.54,40,IBM
2025-11-13,9:30:13.910874069,T,311.23,80,313.64,80,IBM
2025-11-13,9:30:13.910999311,T,311.24,40,313.64,80,IBM
2025-11-13,9:30:13.911250162,T,311.24,40,312.69,40,IBM
2025-11-13,9:30:13.911254952,T,311.24,40,312.42,80,IBM
2025-11-13,9:30:13.911259903,T,311.24,40,311.55,40,IBM
2025-11-13,9:30:13.911299981,T,311.24,40,312.42,80,IBM
2025-11-13,9:30:13.911330012,T,311.24,40,311.55,80,IBM
2025-11-13,9:30:13.911340045,T,311.24,40,311.55,40,IBM
2025-11-13,9:30:13.911360211,T,311.24,40,312.42,80,IBM
2025-11-13,9:30:13.911475457,T,311.24,80,312.42,80,IBM
2025-11-13,9:30:13.911495888,T,311.24,80,312.04,160,IBM
2025-11-13,9:30:13.911600665,T,311.24,80,312.42,80,IBM
2025-11-13,9:30:13.911916448,T,311.24,80,312.42,120,IBM
2025-11-13,9:30:13.912322362,T,311.24,80,312.38,40,IBM
2025-11-13,9:30:13.921970447,T,311.24,80,312.42,120,IBM
2025-11-13,9:30:13.930876565,T,311.24,160,312.42,120,IBM
2025-11-13,9:30:13.931257582,T,311.24,160,313.64,80,IBM
2025-11-13,9:30:13.931598342,T,311.24,160,312.22,40,IBM
2025-11-13,9:30:13.961830233,T,311.24,120,312.22,40,IBM
2025-11-13,9:30:14.221513502,T,311.24,120,313.64,80,IBM
2025-11-13,9:30:15.023267283,T,311.24,120,312.1,40,IBM
2025-11-13,9:30:15.281692504,T,311.24,160,312.1,40,IBM
2025-11-13,9:30:16.183940372,T,311.24,120,312.1,40,IBM
2025-11-13,9:30:17.386458162,T,311.24,720,312.1,40,IBM
2025-11-13,9:30:21.548476370,T,311.25,160,312.1,40,IBM
2025-11-13,9:30:22.542232089,T,311.26,40,312.1,40,IBM
2025-11-13,9:30:22.544467377,T,311.25,160,312.1,40,IBM
2025-11-13,9:30:22.619320663,T,311.26,40,312.1,40,IBM
2025-11-13,9:30:22.705931806,T,311.25,160,312.1,40,IBM
2025-11-13,9:30:23.771974753,T,311.54,80,312.1,40,IBM
2025-11-13,9:30:24.148641446,T,311.56,40,312.1,40,IBM
2025-11-13,9:30:24.989598260,T,311.54,80,312.1,40,IBM
2025-11-13,9:30:24.990314981,T,311.58,40,312.1,40,IBM
2025-11-13,9:30:24.991046804,T,311.58,160,312.1,40,IBM
2025-11-13,9:30:24.991127022,T,311.58,160,313.03,40,IBM
2025-11-13,9:30:24.991127022,T,311.58,160,313.64,80,IBM
2025-11-13,9:30:24.991172205,T,311.68,40,313.64,80,IBM
2025-11-13,9:30:24.991172205,T,311.84,80,313.64,80,IBM
2025-11-13,9:30:24.991608067,T,311.84,80,313.03,120,IBM
2025-11-13,9:30:24.991698384,T,311.68,40,313.03,120,IBM
2025-11-13,9:30:24.991698384,T,311.68,40,313.64,80,IBM
2025-11-13,9:30:24.991708309,T,311.68,40,312.1,40,IBM
2025-11-13,9:30:24.991713315,T,311.68,40,312.1,120,IBM
2025-11-13,9:30:24.991763450,T,311.68,40,312.1,200,IBM
2025-11-13,9:30:24.991778581,T,311.68,40,312.1,120,IBM
2025-11-13,9:30:24.991778581,T,311.68,40,312.1,80,IBM
2025-11-13,9:30:24.991788532,T,311.68,40,312.1,280,IBM
2025-11-13,9:30:24.991803514,T,311.68,40,312.1,160,IBM
2025-11-13,9:30:24.991953918,T,311.84,80,312.1,160,IBM
2025-11-13,9:30:24.992520738,T,311.84,80,312.1,200,IBM
2025-11-13,9:30:24.993056617,T,311.84,80,312.1,40,IBM
2025-11-13,9:30:24.993056617,T,311.84,80,313.64,80,IBM
2025-11-13,9:30:25.075016651,T,311.84,80,313.51,40,IBM
2025-11-13,9:30:25.087075430,T,311.84,80,313.0,40,IBM
2025-11-13,9:30:25.190977655,T,311.84,120,313.0,40,IBM
2025-11-13,9:30:26.186066508,T,311.84,120,313.33,40,IBM
2025-11-13,9:30:26.186627964,T,311.85,80,313.33,40,IBM
2025-11-13,9:30:26.187344507,T,311.85,80,312.38,40,IBM
2025-11-13,9:30:26.195368671,T,311.85,80,313.33,40,IBM
2025-11-13,9:30:26.201608600,T,311.85,80,312.38,40,IBM
2025-11-13,9:30:26.263134982,T,311.85,80,313.33,40,IBM
2025-11-13,9:30:26.264864149,T,311.85,80,312.59,40,IBM
2025-11-13,9:30:29.025927548,T,311.85,80,313.33,40,IBM
2025-11-13,9:30:29.781010004,T,311.85,320,313.33,40,IBM
2025-11-13,9:30:29.781651612,T,311.85,320,313.0,40,IBM
2025-11-13,9:30:29.781691613,T,311.85,360,313.0,40,IBM
2025-11-13,9:30:30.008692090,T,311.85,360,313.0,120,IBM
2025-11-13,9:30:30.143297573,T,311.85,360,313.0,80,IBM
2025-11-13,9:30:31.314580827,T,311.85,360,312.55,40,IBM
2025-11-13,9:30:31.316846148,T,311.85,360,313.0,80,IBM
2025-11-13,9:30:31.485813556,T,311.85,240,313.0,80,IBM
2025-11-13,9:30:31.485813556,T,311.85,80,313.0,80,IBM
2025-11-13,9:30:31.485818449,T,311.84,40,313.0,80,IBM
2025-11-13,9:30:31.485838986,T,311.84,40,312.96,80,IBM
2025-11-13,9:30:31.485843459,T,311.84,40,312.41,160,IBM
2025-11-13,9:30:31.485878552,T,311.84,40,312.41,240,IBM
2025-11-13,9:30:31.486074058,T,311.25,160,312.41,240,IBM
2025-11-13,9:30:31.486149172,T,311.25,160,312.41,160,IBM
2025-11-13,9:30:31.486815807,T,311.25,160,311.84,40,IBM
2025-11-13,9:30:31.488940806,T,311.25,160,311.84,80,IBM
2025-11-13,9:30:31.490123644,T,311.6,80,311.84,80,IBM
2025-11-13,9:30:31.490153753,T,311.25,160,311.84,80,IBM
2025-11-13,9:30:31.744328768,T,311.25,160,311.84,40,IBM
2025-11-13,9:30:31.745045545,T,311.25,160,313.15,40,IBM
2025-11-13,9:30:31.745521597,T,311.36,80,313.15,40,IBM
2025-11-13,9:30:31.745571867,T,311.36,80,313.33,40,IBM
2025-11-13,9:30:31.745601874,T,311.36,80,312.43,40,IBM
2025-11-13,9:30:31.746779694,T,311.25,160,312.43,40,IBM
2025-11-13,9:30:31.770666509,T,311.25,160,312.43,80,IBM
2025-11-13,9:30:31.985963978,T,311.25,160,312.43,40,IBM
2025-11-13,9:30:33.708980947,T,311.59,120,312.43,40,IBM
2025-11-13,9:30:35.898012026,T,311.25,160,312.43,40,IBM
2025-11-13,9:30:35.898032179,T,311.25,160,312.42,120,IBM
2025-11-13,9:30:35.898032179,T,311.25,160,312.01,160,IBM
2025-11-13,9:30:35.898573319,T,311.25,160,312.01,200,IBM
2025-11-13,9:30:35.898949165,T,311.25,200,312.01,200,IBM
2025-11-13,9:30:35.899660857,T,311.25,200,312.0,40,IBM
2025-11-13,9:30:35.903169339,T,311.25,40,312.0,40,IBM
2025-11-13,9:30:35.903209328,T,311.25,80,312.0,40,IBM
2025-11-13,9:30:35.909624652,T,311.25,40,312.0,40,IBM
2025-11-13,9:30:36.073755457,T,311.59,40,312.0,40,IBM
2025-11-13,9:30:36.074933219,T,311.59,40,312.79,40,IBM
2025-11-13,9:30:36.075063566,T,311.59,40,312.97,40,IBM
2025-11-13,9:30:36.075399325,T,311.59,40,312.79,40,IBM
2025-11-13,9:30:36.075409273,T,311.59,40,312.79,80,IBM
2025-11-13,9:30:36.075444400,T,311.59,40,312.78,80,IBM
2025-11-13,9:30:36.083458501,T,311.59,40,312.79,80,IBM
2025-11-13,9:30:36.141165885,T,311.59,40,312.79,40,IBM
2025-11-13,9:30:36.141170897,T,311.59,40,312.82,40,IBM
2025-11-13,9:30:36.149240094,T,311.59,40,312.97,40,IBM
2025-11-13,9:30:37.056434878,T,311.59,40,312.65,40,IBM
2025-11-13,9:30:37.056855891,T,311.59,40,312.65,80,IBM
2025-11-13,9:30:37.056870875,T,311.59,40,312.65,120,IBM
2025-11-13,9:30:37.062208686,T,311.59,40,312.65,200,IBM
2025-11-13,9:30:39.038473223,T,311.59,40,312.65,160,IBM
2025-11-13,9:30:39.038483375,T,311.59,40,312.65,120,IBM
2025-11-13,9:30:39.038748877,T,311.59,40,312.65,80,IBM
2025-11-13,9:30:39.039916682,T,311.59,40,312.13,40,IBM
2025-11-13,9:30:39.039941782,T,311.59,40,312.13,120,IBM
2025-11-13,9:30:39.040337704,T,311.59,40,312.13,160,IBM
2025-11-13,9:30:39.159626653,T,311.59,40,312.13,80,IBM
2025-11-13,9:30:39.175549660,T,311.23,40,312.13,80,IBM
2025-11-13,9:30:39.175574829,T,311.23,40,311.86,120,IBM
2025-11-13,9:30:39.176351704,T,311.23,80,311.86,120,IBM
2025-11-13,9:30:39.177073195,T,311.23,80,311.86,160,IBM
2025-11-13,9:30:39.180952493,T,311.23,80,311.86,200,IBM
2025-11-13,9:30:39.195101141,T,311.23,120,311.86,200,IBM
2025-11-13,9:30:39.237787734,T,311.23,120,311.86,80,IBM
2025-11-13,9:30:39.476716582,T,311.23,120,311.86,120,IBM
2025-11-13,9:30:39.476932050,T,311.23,120,311.86,80,IBM
2025-11-13,9:30:39.969940708,T,311.23,80,311.86,80,IBM
2025-11-13,9:30:42.371247317,T,311.23,40,311.86,80,IBM
2025-11-13,9:30:43.959082315,T,311.23,40,311.86,40,IBM
2025-11-13,9:30:45.031034308,T,311.23,40,312.65,80,IBM
2025-11-13,9:30:45.032272372,T,311.23,400,312.65,80,IBM
2025-11-13,9:30:45.032788593,T,311.23,400,312.13,40,IBM
2025-11-13,9:30:45.032863731,T,311.23,40,312.13,40,IBM
2025-11-13,9:30:45.035625266,T,311.23,40,312.65,80,IBM
2025-11-13,9:30:45.600865907,T,311.23,120,312.65,80,IBM
2025-11-13,9:30:45.601582600,T,311.23,120,312.12,40,IBM
2025-11-13,9:30:45.602003596,T,311.23,120,312.12,80,IBM
2025-11-13,9:30:46.100435190,T,311.23,120,312.12,40,IBM
2025-11-13,9:30:46.122096762,T,311.23,200,312.12,40,IBM
2025-11-13,9:30:46.122252064,T,311.23,200,312.65,80,IBM
2025-11-13,9:30:46.123655437,T,311.23,200,312.13,40,IBM
2025-11-13,9:30:46.580487977,T,311.23,200,312.13,80,IBM
2025-11-13,9:30:47.282724781,T,311.23,200,312.13,40,IBM
2025-11-13,9:30:47.283441774,T,311.23,200,312.65,80,IBM
2025-11-13,9:30:47.504282240,T,311.23,200,312.1,40,IBM
2025-11-13,9:30:47.504703276,T,311.23,200,312.1,80,IBM
2025-11-13,9:30:47.678276541,T,311.23,120,312.1,80,IBM
2025-11-13,9:30:47.686491119,T,311.23,40,312.1,80,IBM
2025-11-13,9:30:48.475905226,T,311.23,280,312.1,80,IBM
2025-11-13,9:30:48.885841201,T,311.23,280,312.1,40,IBM
2025-11-13,9:30:48.972497459,T,311.23,40,312.1,40,IBM
2025-11-13,9:30:50.818532168,T,311.23,40,312.65,80,IBM
2025-11-13,9:30:51.130570047,T,311.23,40,311.99,40,IBM
2025-11-13,9:30:53.619755754,T,311.23,40,311.99,80,IBM
2025-11-13,9:30:53.633448456,T,311.23,40,311.99,40,IBM
2025-11-13,9:30:55.841800676,T,311.23,80,311.99,40,IBM
2025-11-13,9:30:56.996524745,T,311.23,40,311.99,40,IBM
2025-11-13,9:30:57.002684575,T,311.23,80,311.99,40,IBM
2025-11-13,9:31:02.943015993,T,311.23,40,311.99,40,IBM
2025-11-13,9:31:03.796763423,T,311.25,80,311.99,40,IBM
2025-11-13,9:31:06.763035045,T,311.25,80,312.34,160,IBM
2025-11-13,9:31:06.914741157,T,311.25,80,312.65,80,IBM
2025-11-13,9:31:06.914746150,T,311.25,80,312.1,160,IBM
2025-11-13,9:31:07.558603977,T,311.25,80,311.65,40,IBM
2025-11-13,9:31:10.512576382,T,311.41,40,311.65,40,IBM
2025-11-13,9:31:10.512631375,T,311.41,40,312.1,160,IBM
2025-11-13,9:31:10.512736742,T,311.53,40,312.1,160,IBM
2025-11-13,9:31:10.512917111,T,311.41,40,312.1,160,IBM
2025-11-13,9:31:10.512922120,T,311.23,40,312.1,160,IBM
2025-11-13,9:31:10.515137438,T,311.23,40,311.99,40,IBM
2025-11-13,9:31:10.517412796,T,311.23,40,312.1,160,IBM
2025-11-13,9:31:10.518465287,T,311.23,40,311.99,40,IBM
2025-11-13,9:31:11.013940038,T,311.23,40,312.33,160,IBM
2025-11-13,9:31:11.701672214,T,311.23,40,311.95,40,IBM
2025-11-13,9:31:11.741577182,T,311.59,40,311.95,40,IBM
2025-11-13,9:31:11.742288853,T,311.59,40,312.33,160,IBM
2025-11-13,9:31:12.084017375,T,311.79,40,312.33,160,IBM
2025-11-13,9:31:12.084142680,T,311.79,40,311.99,40,IBM
2025-11-13,9:31:12.084167715,T,311.79,40,312.33,160,IBM
2025-11-13,9:31:12.084498579,T,311.59,80,312.33,160,IBM
2025-11-13,9:31:12.086708787,T,311.59,80,312.65,80,IBM
2025-11-13,9:31:12.087926791,T,311.79,80,312.65,80,IBM
2025-11-13,9:31:12.095514853,T,311.79,80,312.66,160,IBM
2025-11-13,9:31:12.146400943,T,311.79,40,312.66,160,IBM
2025-11-13,9:31:12.147037588,T,311.79,40,312.66,200,IBM
2025-11-13,9:31:12.161236280,T,311.79,40,312.66,160,IBM
2025-11-13,9:31:13.166063274,T,311.79,40,312.64,40,IBM
2025-11-13,9:31:14.279383724,T,311.79,40,312.66,160,IBM
2025-11-13,9:31:16.788331446,T,311.79,40,312.65,40,IBM
2025-11-13,9:31:16.788411639,T,311.78,80,312.65,40,IBM
2025-11-13,9:31:16.789268656,T,311.78,80,312.66,160,IBM
2025-11-13,9:31:16.792320931,T,311.78,80,312.55,40,IBM
2025-11-13,9:31:16.970064155,T,311.78,80,312.66,160,IBM
2025-11-13,9:31:17.539028708,T,311.78,80,312.65,40,IBM
2025-11-13,9:31:20.177234161,T,311.19,80,312.65,40,IBM
2025-11-13,9:31:20.177655164,T,311.19,80,312.65,80,IBM
2025-11-13,9:31:20.177665208,T,311.19,80,312.65,120,IBM
2025-11-13,9:31:20.424583053,T,311.19,80,312.65,80,IBM
2025-11-13,9:31:20.424593097,T,311.19,80,312.65,40,IBM
2025-11-13,9:31:20.425289788,T,311.19,80,312.66,160,IBM
2025-11-13,9:31:20.430807911,T,311.19,80,312.56,40,IBM
2025-11-13,9:31:21.861619036,T,311.41,160,312.56,40,IBM
2025-11-13,9:31:23.807676945,T,311.79,40,312.56,40,IBM
2025-11-13,9:31:24.074837953,T,311.8,40,312.56,40,IBM
2025-11-13,9:31:24.602253484,T,311.8,80,312.56,40,IBM
2025-11-13,9:31:30.095064905,T,311.92,40,312.56,40,IBM
2025-11-13,9:31:31.257667481,T,311.92,40,312.66,160,IBM
2025-11-13,9:31:31.257692530,T,311.92,80,312.66,160,IBM
2025-11-13,9:31:31.257692530,T,312.13,40,312.66,160,IBM
2025-11-13,9:31:31.258143673,T,312.13,40,313.15,40,IBM
2025-11-13,9:31:31.258148609,T,312.13,40,312.91,160,IBM
2025-11-13,9:31:31.258484468,T,312.13,120,312.91,160,IBM
2025-11-13,9:31:31.319905691,T,312.13,40,312.91,160,IBM
2025-11-13,9:31:31.829659312,T,312.13,80,312.91,160,IBM
2025-11-13,9:31:32.114071296,T,312.13,40,312.91,160,IBM
2025-11-13,9:31:37.816160901,T,312.13,80,312.91,160,IBM
2025-11-13,9:31:37.819679222,T,312.13,40,312.91,160,IBM
2025-11-13,9:31:39.946236827,T,312.4,40,312.91,160,IBM
2025-11-13,9:31:39.946256917,T,312.13,40,312.91,160,IBM
2025-11-13,9:31:39.946281897,T,312.13,40,312.52,40,IBM
2025-11-13,9:31:39.953544247,T,312.13,40,312.91,160,IBM
2025-11-13,9:31:40.651565902,T,312.06,40,312.91,160,IBM
2025-11-13,9:31:40.651646036,T,312.06,40,312.33,40,IBM
2025-11-13,9:31:40.651831504,T,311.79,40,312.33,40,IBM
2025-11-13,9:31:40.651836476,T,312.06,40,312.33,40,IBM
2025-11-13,9:31:40.651851504,T,311.79,40,312.33,40,IBM
2025-11-13,9:31:40.651856609,T,312.06,40,312.33,40,IBM
2025-11-13,9:31:40.651861896,T,311.79,40,312.33,40,IBM
2025-11-13,9:31:40.651861896,T,311.79,40,312.91,160,IBM
2025-11-13,9:31:40.651866951,T,312.06,40,312.91,160,IBM
2025-11-13,9:31:40.651871557,T,311.79,40,312.91,160,IBM
2025-11-13,9:31:40.651896691,T,311.79,40,312.26,40,IBM
2025-11-13,9:31:40.652392788,T,311.79,40,312.45,40,IBM
2025-11-13,9:31:40.652417948,T,311.79,40,312.26,40,IBM
2025-11-13,9:31:40.678028880,T,311.79,40,312.51,40,IBM
2025-11-13,9:31:40.802074194,T,311.79,40,312.52,40,IBM
2025-11-13,9:31:42.116383022,T,311.79,40,312.36,40,IBM
2025-11-13,9:31:42.562059076,T,311.79,40,312.32,40,IBM
2025-11-13,9:31:42.562059076,T,311.79,40,312.13,40,IBM
2025-11-13,9:31:42.562284620,T,311.62,160,312.13,40,IBM
2025-11-13,9:31:42.562329659,T,311.62,160,312.13,80,IBM
2025-11-13,9:31:42.562409856,T,311.62,160,312.07,40,IBM
2025-11-13,9:31:42.562680501,T,311.79,40,312.07,40,IBM
2025-11-13,9:31:42.562700547,T,311.62,160,312.07,40,IBM
2025-11-13,9:31:42.562961185,T,311.62,160,312.13,40,IBM
2025-11-13,9:31:42.566344333,T,311.19,80,312.13,40,IBM
2025-11-13,9:31:42.566354242,T,311.21,160,312.13,40,IBM
2025-11-13,9:31:42.573491210,T,311.21,160,312.36,40,IBM
2025-11-13,9:31:42.586356943,T,311.19,80,312.36,40,IBM
2025-11-13,9:31:47.777941132,T,311.2,40,312.36,40,IBM
2025-11-13,9:31:47.785413836,T,311.2,120,312.36,40,IBM
2025-11-13,9:31:50.690389442,T,311.27,40,312.36,40,IBM
2025-11-13,9:31:50.699115303,T,311.2,40,312.36,40,IBM
2025-11-13,9:31:51.178516528,T,311.31,40,312.36,40,IBM
2025-11-13,9:31:51.178596722,T,311.31,80,312.36,40,IBM
2025-11-13,9:31:51.286919581,T,311.31,40,312.36,40,IBM
2025-11-13,9:31:53.119141441,T,311.32,40,312.36,40,IBM
2025-11-13,9:31:53.607057953,T,311.31,40,312.36,40,IBM
2025-11-13,9:32:00.495351394,T,311.49,40,312.36,40,IBM
2025-11-13,9:32:02.490771803,T,311.19,80,312.36,40,IBM
2025-11-13,9:32:06.917550081,T,311.19,80,312.0,40,IBM
2025-11-13,9:32:06.917580194,T,311.19,80,311.78,40,IBM
2025-11-13,9:32:06.918061278,T,311.19,80,312.36,40,IBM
2025-11-13,9:32:08.137644711,T,311.19,80,312.31,40,IBM
2025-11-13,9:32:08.258667798,T,311.19,40,312.31,40,IBM
2025-11-13,9:32:08.259339466,T,311.19,40,312.36,40,IBM
2025-11-13,9:32:11.304729362,T,311.19,40,312.31,40,IBM
2025-11-13,9:32:12.378891473,T,311.19,40,311.94,40,IBM
2025-11-13,9:32:12.379097023,T,311.19,40,311.94,80,IBM
2025-11-13,9:32:12.379312476,T,311.19,40,311.94,120,IBM
2025-11-13,9:32:15.300336378,T,311.19,40,311.59,40,IBM
2025-11-13,9:32:15.300792467,T,311.19,40,311.59,80,IBM
2025-11-13,9:32:15.302155748,T,311.19,40,311.59,120,IBM
2025-11-13,9:32:15.302872374,T,311.19,40,311.59,160,IBM
2025-11-13,9:32:15.326949693,T,311.19,40,311.59,120,IBM
2025-11-13,9:32:15.326964904,T,311.19,40,311.59,80,IBM
2025-11-13,9:32:15.327015039,T,310.84,40,311.59,80,IBM
2025-11-13,9:32:15.327080329,T,310.84,40,311.59,120,IBM
2025-11-13,9:32:15.327100065,T,310.84,40,311.59,80,IBM
2025-11-13,9:32:15.327110171,T,310.84,40,311.51,40,IBM
2025-11-13,9:32:15.327110171,T,310.84,40,311.39,40,IBM
2025-11-13,9:32:15.327206307,T,310.84,40,311.39,80,IBM
2025-11-13,9:32:15.327385795,T,310.84,40,311.39,40,IBM
2025-11-13,9:32:15.327531136,T,310.84,40,311.51,40,IBM
2025-11-13,9:32:15.327596245,T,310.84,40,311.39,40,IBM
2025-11-13,9:32:15.327867050,T,310.84,40,311.39,80,IBM
2025-11-13,9:32:15.328162601,T,310.84,40,311.39,120,IBM
2025-11-13,9:32:15.328182721,T,310.84,40,311.39,80,IBM
2025-11-13,9:32:15.328192892,T,310.7,200,311.39,80,IBM
2025-11-13,9:32:15.328262844,T,310.7,200,311.39,120,IBM
2025-11-13,9:32:15.328272937,T,310.7,200,311.38,40,IBM
2025-11-13,9:32:15.328282867,T,310.7,200,311.39,120,IBM
2025-11-13,9:32:15.328323109,T,310.7,200,311.38,40,IBM
2025-11-13,9:32:15.328363049,T,310.7,200,311.39,120,IBM
2025-11-13,9:32:15.328403230,T,310.7,200,311.15,40,IBM
2025-11-13,9:32:15.328468365,T,310.7,200,311.3,40,IBM
2025-11-13,9:32:15.329165050,T,310.7,200,311.3,80,IBM
2025-11-13,9:32:15.329305506,T,310.7,40,311.3,80,IBM
2025-11-13,9:32:15.329490780,T,310.7,40,310.99,40,IBM
2025-11-13,9:32:15.329570970,T,310.7,80,310.99,40,IBM
2025-11-13,9:32:15.329611127,T,310.7,80,311.3,80,IBM
2025-11-13,9:32:15.330097187,T,310.7,40,311.3,80,IBM
2025-11-13,9:32:15.330122377,T,310.84,40,311.3,80,IBM
2025-11-13,9:32:15.330663544,T,310.38,40,311.3,80,IBM
2025-11-13,9:32:15.330693661,T,310.38,40,311.14,40,IBM
2025-11-13,9:32:15.330703678,T,310.38,40,310.99,40,IBM
2025-11-13,9:32:15.392916738,T,310.38,40,311.38,80,IBM
2025-11-13,9:32:15.392956827,T,310.52,80,311.38,80,IBM
2025-11-13,9:32:15.393633560,T,310.52,80,311.38,40,IBM
2025-11-13,9:32:15.393844031,T,310.52,80,311.38,80,IBM
2025-11-13,9:32:15.393874152,T,310.52,80,311.37,40,IBM
2025-11-13,9:32:15.463960917,T,310.38,40,311.37,40,IBM
2025-11-13,9:32:15.480801083,T,310.26,160,311.37,40,IBM
2025-11-13,9:32:15.899427671,T,310.42,80,311.37,40,IBM
2025-11-13,9:32:15.911396048,T,310.42,80,311.67,40,IBM
2025-11-13,9:32:16.055038076,T,310.46,80,311.67,40,IBM
2025-11-13,9:32:16.380347442,T,310.46,80,311.67,80,IBM
2025-11-13,9:32:16.403221987,T,310.46,160,311.67,80,IBM
2025-11-13,9:32:17.023393345,T,310.76,40,311.67,80,IBM
2025-11-13,9:32:17.038875264,T,310.46,160,311.67,80,IBM
2025-11-13,9:32:17.073347289,T,310.46,160,311.67,40,IBM
2025-11-13,9:32:17.073347289,T,310.53,40,311.67,40,IBM
2025-11-13,9:32:17.073367447,T,310.46,160,311.67,40,IBM
2025-11-13,9:32:17.073367447,T,310.7,40,311.67,40,IBM
2025-11-13,9:32:17.073382690,T,311.12,40,311.67,40,IBM
2025-11-13,9:32:17.073557777,T,311.12,80,311.67,40,IBM
2025-11-13,9:32:17.073587863,T,311.15,40,311.67,40,IBM
2025-11-13,9:32:17.077597394,T,311.12,40,311.67,40,IBM
2025-11-13,9:32:17.077617554,T,310.92,40,311.67,40,IBM
2025-11-13,9:32:17.084117950,T,310.69,40,311.67,40,IBM
2025-11-13,9:32:17.086784370,T,310.7,40,311.67,40,IBM
2025-11-13,9:32:18.461261269,T,310.7,80,311.67,40,IBM
2025-11-13,9:32:18.509967170,T,310.8,40,311.67,40,IBM
2025-11-13,9:32:18.708870775,T,310.7,80,311.67,40,IBM
2025-11-13,9:32:18.710073538,T,310.7,320,311.67,40,IBM
2025-11-13,9:32:18.710624899,T,310.7,80,311.67,40,IBM
2025-11-13,9:32:18.711356675,T,310.7,120,311.67,40,IBM
2025-11-13,9:32:18.714584281,T,310.96,40,311.67,40,IBM
2025-11-13,9:32:18.714649576,T,310.96,40,311.91,40,IBM
2025-11-13,9:32:18.714664503,T,310.7,80,311.91,40,IBM
2025-11-13,9:32:18.714664503,T,311.14,40,311.91,40,IBM
2025-11-13,9:32:18.714859943,T,311.52,40,311.91,40,IBM
2025-11-13,9:32:18.715777291,T,311.52,40,312.21,40,IBM
2025-11-13,9:32:18.777068014,T,311.14,80,312.21,40,IBM
2025-11-13,9:32:19.321038012,T,311.32,120,312.21,40,IBM
2025-11-13,9:32:19.321088230,T,311.32,200,312.21,40,IBM
2025-11-13,9:32:19.321418917,T,311.32,240,312.21,40,IBM
2025-11-13,9:32:19.739890215,T,311.61,40,312.21,40,IBM
2025-11-13,9:32:19.739950371,T,311.78,40,312.21,40,IBM
2025-11-13,9:32:19.740446506,T,311.32,200,312.21,40,IBM
2025-11-13,9:32:19.740471915,T,311.61,120,312.21,40,IBM
2025-11-13,9:32:19.740506656,T,311.61,200,312.21,40,IBM
2025-11-13,9:32:19.740732213,T,311.66,40,312.21,40,IBM
2025-11-13,9:32:19.740847413,T,311.61,240,312.21,40,IBM
2025-11-13,9:32:19.740877470,T,311.66,40,312.21,40,IBM
2025-11-13,9:32:19.743233118,T,311.66,40,312.35,40,IBM
2025-11-13,9:32:20.365960545,T,311.89,120,312.35,40,IBM
2025-11-13,9:32:20.365985666,T,311.89,200,312.35,40,IBM
2025-11-13,9:32:20.549317121,T,311.89,80,312.35,40,IBM
2025-11-13,9:32:20.549317121,T,311.24,40,312.35,40,IBM
2025-11-13,9:32:20.549337201,T,311.24,40,311.9,80,IBM
2025-11-13,9:32:20.549357296,T,311.24,40,311.9,120,IBM
2025-11-13,9:32:20.549447384,T,311.46,40,311.9,120,IBM
2025-11-13,9:32:20.549492515,T,311.14,80,311.9,120,IBM
2025-11-13,9:32:20.549527659,T,311.46,40,311.9,120,IBM
2025-11-13,9:32:20.549562731,T,311.68,40,311.9,120,IBM
2025-11-13,9:32:20.549577809,T,311.68,40,311.9,160,IBM
2025-11-13,9:32:20.549677923,T,311.68,40,311.89,80,IBM
2025-11-13,9:32:20.549677923,T,311.68,40,311.89,120,IBM
2025-11-13,9:32:20.549958585,T,311.68,40,311.9,40,IBM
2025-11-13,9:32:20.551652691,T,311.68,120,311.9,40,IBM
2025-11-13,9:32:20.599772165,T,311.68,80,311.9,40,IBM
2025-11-13,9:32:21.020874667,T,311.68,120,311.9,40,IBM
2025-11-13,9:32:21.021100271,T,311.68,120,312.36,40,IBM
2025-11-13,9:32:23.757183784,T,311.74,80,312.36,40,IBM
2025-11-13,9:32:23.760987808,T,311.68,160,312.36,40,IBM
2025-11-13,9:32:23.760992852,T,311.74,80,312.36,40,IBM
2025-11-13,9:32:23.761032992,T,311.74,40,312.36,40,IBM
2025-11-13,9:32:23.761037895,T,311.68,120,312.36,40,IBM
2025-11-13,9:32:23.761108093,T,311.68,120,312.07,40,IBM
2025-11-13,9:32:23.761138112,T,311.68,160,312.07,40,IBM
2025-11-13,9:32:23.813507939,T,311.68,120,312.07,40,IBM
2025-11-13,9:32:23.813553033,T,311.68,120,312.36,80,IBM
2025-11-13,9:32:24.191202021,T,311.68,80,312.36,80,IBM
2025-11-13,9:32:24.191282192,T,311.68,80,312.02,40,IBM
2025-11-13,9:32:24.191362397,T,311.68,40,312.02,40,IBM
2025-11-13,9:32:24.191417611,T,311.14,80,312.02,40,IBM
2025-11-13,9:32:24.191437605,T,311.14,80,311.85,40,IBM
2025-11-13,9:32:24.206688950,T,311.14,40,311.85,40,IBM
2025-11-13,9:32:24.221188498,T,311.14,40,311.84,40,IBM
2025-11-13,9:32:24.222361206,T,311.14,40,311.85,40,IBM
2025-11-13,9:32:24.225528729,T,311.14,40,311.84,40,IBM
2025-11-13,9:32:24.230084644,T,311.14,40,312.3,160,IBM
2025-11-13,9:32:24.230124674,T,311.14,120,312.3,160,IBM
2025-11-13,9:32:24.248468380,T,311.14,120,311.5,40,IBM
2025-11-13,9:32:24.248493449,T,311.14,120,311.84,40,IBM
2025-11-13,9:32:24.248513533,T,311.15,40,311.84,40,IBM
2025-11-13,9:32:24.248513533,T,311.15,80,311.84,40,IBM
2025-11-13,9:32:24.248523471,T,311.15,80,311.71,40,IBM
2025-11-13,9:32:24.248533533,T,311.14,160,311.71,40,IBM
2025-11-13,9:32:24.248543783,T,311.14,120,311.71,40,IBM
2025-11-13,9:32:24.248688899,T,311.21,80,311.71,40,IBM
2025-11-13,9:32:24.248703995,T,311.21,120,311.71,40,IBM
2025-11-13,9:32:24.248779151,T,311.21,160,311.71,40,IBM
2025-11-13,9:32:24.248789097,T,311.21,280,311.71,40,IBM
2025-11-13,9:32:24.248919457,T,311.21,280,311.83,80,IBM
2025-11-13,9:32:24.248999626,T,311.21,320,311.83,80,IBM
2025-11-13,9:32:24.249054784,T,311.21,320,311.83,40,IBM
2025-11-13,9:32:24.249230187,T,311.21,320,311.83,80,IBM
2025-11-13,9:32:24.252778709,T,311.23,40,311.83,80,IBM
2025-11-13,9:32:24.252798659,T,311.23,120,311.83,80,IBM
2025-11-13,9:32:24.252803719,T,311.23,200,311.83,80,IBM
2025-11-13,9:32:24.252803719,T,311.23,240,311.83,80,IBM
2025-11-13,9:32:24.252803719,T,311.23,360,311.83,80,IBM
2025-11-13,9:32:24.253465615,T,311.23,320,311.83,80,IBM
2025-11-13,9:32:24.253465615,T,311.23,240,311.83,80,IBM
2025-11-13,9:32:24.253470287,T,311.23,200,311.83,80,IBM
2025-11-13,9:32:24.299840758,T,311.23,640,311.83,80,IBM
2025-11-13,9:32:24.348591761,T,311.23,640,311.83,40,IBM
2025-11-13,9:32:24.348616806,T,311.23,640,312.04,40,IBM
2025-11-13,9:32:26.711692287,T,311.24,40,312.04,40,IBM
2025-11-13,9:32:26.711717388,T,311.24,80,312.04,40,IBM
2025-11-13,9:32:26.711722467,T,311.24,120,312.04,40,IBM
2025-11-13,9:32:26.711722467,T,311.24,200,312.04,40,IBM
2025-11-13,9:32:26.711722467,T,311.24,240,312.04,40,IBM
2025-11-13,9:32:27.016924306,T,311.24,280,312.04,40,IBM
2025-11-13,9:32:27.310603085,T,311.25,120,312.04,40,IBM
2025-11-13,9:32:27.310628137,T,311.25,160,312.04,40,IBM
2025-11-13,9:32:27.310628137,T,311.25,240,312.04,40,IBM
2025-11-13,9:32:27.310633136,T,311.25,280,312.04,40,IBM
2025-11-13,9:32:32.927565015,T,311.31,120,312.04,40,IBM
2025-11-13,9:32:32.927590091,T,311.31,160,312.04,40,IBM
2025-11-13,9:32:32.927590091,T,311.31,280,312.04,40,IBM
2025-11-13,9:32:36.023079277,T,311.31,320,312.04,40,IBM
2025-11-13,9:32:40.064891305,T,311.31,760,312.04,40,IBM
2025-11-13,9:32:41.494770292,T,311.31,800,312.04,40,IBM
2025-11-13,9:32:41.553710663,T,311.31,760,312.04,40,IBM
2025-11-13,9:32:42.670289166,T,311.31,640,312.04,40,IBM
2025-11-13,9:32:42.670289166,T,311.31,600,312.04,40,IBM
2025-11-13,9:32:42.670294124,T,311.31,480,312.04,40,IBM
2025-11-13,9:32:42.670294124,T,311.31,440,312.04,40,IBM
2025-11-13,9:32:42.670294124,T,311.25,80,312.04,40,IBM
2025-11-13,9:32:42.670298809,T,311.25,80,311.7,40,IBM
2025-11-13,9:32:42.670313823,T,311.25,80,311.32,80,IBM
2025-11-13,9:32:42.670343929,T,311.25,80,311.51,40,IBM
2025-11-13,9:32:42.670349139,T,311.14,120,311.51,40,IBM
2025-11-13,9:32:42.670354289,T,311.25,80,311.51,40,IBM
2025-11-13,9:32:42.670358972,T,311.14,120,311.51,40,IBM
2025-11-13,9:32:42.670369101,T,311.14,120,311.57,40,IBM
2025-11-13,9:32:42.670394014,T,311.14,120,311.51,40,IBM
2025-11-13,9:32:42.670669755,T,311.14,120,311.57,40,IBM
2025-11-13,9:32:42.670780014,T,311.14,120,311.7,120,IBM
2025-11-13,9:32:42.670800042,T,311.14,120,311.7,80,IBM
2025-11-13,9:32:42.670825046,T,311.27,40,311.7,80,IBM
2025-11-13,9:32:42.670925341,T,311.27,200,311.7,80,IBM
2025-11-13,9:32:42.670960459,T,311.27,120,311.7,80,IBM
2025-11-13,9:32:42.671165945,T,311.31,80,311.7,80,IBM
2025-11-13,9:32:42.671211010,T,311.31,200,311.7,80,IBM
2025-11-13,9:32:42.671316248,T,311.31,120,311.7,80,IBM
2025-11-13,9:32:42.671316248,T,310.76,40,311.7,80,IBM
2025-11-13,9:32:42.671336271,T,310.76,40,311.47,40,IBM
2025-11-13,9:32:42.671351346,T,310.76,40,311.7,80,IBM
2025-11-13,9:32:42.671536758,T,310.76,40,311.7,40,IBM
2025-11-13,9:32:42.770412107,T,310.76,40,311.71,40,IBM
2025-11-13,9:32:45.209488649,T,311.05,40,311.71,40,IBM
2025-11-13,9:32:53.773300749,T,310.72,200,311.71,40,IBM
2025-11-13,9:32:54.024799484,T,311.05,40,311.71,40,IBM
2025-11-13,9:32:58.739728899,T,311.05,40,311.49,40,IBM
2025-11-13,9:32:59.568587151,T,311.05,40,311.71,40,IBM
2025-11-13,9:33:00.254294627,T,310.72,200,311.71,40,IBM
2025-11-13,9:33:00.259381801,T,310.72,200,311.71,80,IBM
2025-11-13,9:33:00.508955874,T,311.11,40,311.71,80,IBM
2025-11-13,9:33:00.508976208,T,310.72,200,311.71,80,IBM
2025-11-13,9:33:00.509000966,T,310.72,200,311.6,40,IBM
2025-11-13,9:33:00.509016203,T,310.72,200,311.47,40,IBM
2025-11-13,9:33:00.509016203,T,310.72,200,311.3,40,IBM
2025-11-13,9:33:00.509441978,T,310.72,200,311.3,80,IBM
2025-11-13,9:33:00.509487091,T,310.72,200,311.3,40,IBM
2025-11-13,9:33:00.509507183,T,310.72,200,311.47,40,IBM
2025-11-13,9:33:00.510153703,T,310.72,40,311.47,40,IBM
2025-11-13,9:33:00.609139368,T,310.72,40,311.71,80,IBM
2025-11-13,9:33:01.146227952,T,310.46,40,311.71,80,IBM
2025-11-13,9:33:02.477582409,T,310.46,40,311.71,40,IBM
2025-11-13,9:33:03.163620571,T,310.46,40,311.05,40,IBM
2025-11-13,9:33:03.165921103,T,310.46,40,311.05,80,IBM
2025-11-13,9:33:03.166632832,T,310.39,40,311.05,80,IBM
2025-11-13,9:33:03.174255907,T,310.39,40,311.05,40,IBM
2025-11-13,9:33:03.282779277,T,310.39,40,311.05,80,IBM
2025-11-13,9:33:03.299163318,T,310.39,40,311.05,40,IBM
2025-11-13,9:33:03.299178342,T,310.39,40,311.71,40,IBM
2025-11-13,9:33:03.375685427,T,310.39,40,311.71,80,IBM
2025-11-13,9:33:03.375715487,T,310.39,40,311.04,40,IBM
2025-11-13,9:33:03.375921119,T,310.39,40,311.04,80,IBM
2025-11-13,9:33:03.376136604,T,310.39,40,311.04,120,IBM
2025-11-13,9:33:03.420161340,T,310.39,40,311.04,80,IBM
2025-11-13,9:33:03.533576295,T,310.39,40,311.04,160,IBM
2025-11-13,9:33:03.934626037,T,310.42,40,311.04,160,IBM
2025-11-13,9:33:06.072144517,T,310.52,40,311.04,160,IBM
2025-11-13,9:33:06.072239709,T,310.52,40,311.04,120,IBM
2025-11-13,9:33:06.529438144,T,310.52,40,311.04,40,IBM
2025-11-13,9:33:14.631310709,T,310.36,120,311.04,40,IBM
2025-11-13,9:33:15.151163169,T,310.28,40,311.04,40,IBM
2025-11-13,9:33:16.097260429,T,310.28,40,311.71,80,IBM
2025-11-13,9:33:16.097305680,T,310.66,80,311.71,80,IBM
2025-11-13,9:33:16.097706535,T,310.66,80,311.71,40,IBM
2025-11-13,9:33:16.097786728,T,310.66,120,311.71,40,IBM
2025-11-13,9:33:16.097796773,T,310.78,40,311.71,40,IBM
2025-11-13,9:33:16.098072410,T,310.78,40,311.71,80,IBM
2025-11-13,9:33:16.098107550,T,310.66,40,311.71,80,IBM
2025-11-13,9:33:16.099014702,T,310.93,40,311.71,80,IBM
2025-11-13,9:33:18.051978988,T,310.93,80,311.71,80,IBM
2025-11-13,9:33:18.226379221,T,310.93,80,311.56,80,IBM
2025-11-13,9:33:18.226404351,T,310.93,80,311.56,120,IBM
2025-11-13,9:33:18.226419347,T,310.93,80,311.56,160,IBM
2025-11-13,9:33:18.227080910,T,311.16,40,311.56,160,IBM
2025-11-13,9:33:18.227416670,T,311.16,40,311.56,80,IBM
2025-11-13,9:33:18.227421667,T,311.16,40,311.56,40,IBM
2025-11-13,9:33:18.227426695,T,311.16,40,311.71,80,IBM
2025-11-13,9:33:18.227451785,T,311.16,40,311.53,160,IBM
2025-11-13,9:33:18.553427789,T,310.93,40,311.53,160,IBM
2025-11-13,9:33:18.553863891,T,310.94,40,311.53,160,IBM
2025-11-13,9:33:18.824914056,T,310.94,520,311.53,160,IBM
2025-11-13,9:33:23.275353940,T,310.94,480,311.53,160,IBM
2025-11-13,9:33:25.887482204,T,310.95,80,311.53,160,IBM
2025-11-13,9:33:25.887868114,T,311.14,40,311.53,160,IBM
2025-11-13,9:33:25.887923243,T,310.95,80,311.53,160,IBM
2025-11-13,9:33:25.887928350,T,311.14,40,311.53,160,IBM
2025-11-13,9:33:25.887933302,T,310.95,80,311.53,160,IBM
2025-11-13,9:33:25.887943438,T,310.95,80,311.71,40,IBM
2025-11-13,9:33:25.887948294,T,310.95,80,311.71,80,IBM
2025-11-13,9:33:25.887948294,T,310.95,80,311.34,80,IBM
2025-11-13,9:33:25.887963644,T,310.95,80,311.52,80,IBM
2025-11-13,9:33:25.887963644,T,310.95,80,311.14,160,IBM
2025-11-13,9:33:25.887968787,T,310.95,80,311.14,120,IBM
2025-11-13,9:33:25.898874301,T,310.95,80,311.14,160,IBM
2025-11-13,9:33:25.958646701,T,310.4,40,311.14,160,IBM
2025-11-13,9:33:25.958656682,T,310.95,80,311.14,160,IBM
2025-11-13,9:33:25.958671661,T,310.95,40,311.14,160,IBM
2025-11-13,9:33:25.958671661,T,310.95,40,311.14,40,IBM
2025-11-13,9:33:25.958676954,T,310.4,40,311.14,40,IBM
2025-11-13,9:33:25.958696709,T,310.4,40,310.96,120,IBM
2025-11-13,9:33:25.958942325,T,310.4,40,311.14,40,IBM
2025-11-13,9:33:25.958967348,T,310.67,120,311.14,40,IBM
2025-11-13,9:33:25.958982432,T,310.67,120,311.14,80,IBM
2025-11-13,9:33:25.959007508,T,310.78,40,311.14,80,IBM
2025-11-13,9:33:25.959113306,T,310.78,40,311.14,40,IBM
2025-11-13,9:33:25.959142892,T,310.67,160,311.14,40,IBM
2025-11-13,9:33:25.959152774,T,310.67,160,311.52,40,IBM
2025-11-13,9:33:25.959162785,T,310.67,40,311.52,40,IBM
2025-11-13,9:33:25.959408401,T,310.67,40,311.71,40,IBM
2025-11-13,9:33:25.959563780,T,310.67,40,311.14,40,IBM
2025-11-13,9:33:25.959999839,T,310.51,40,311.14,40,IBM
2025-11-13,9:33:26.059657132,T,310.41,40,311.14,40,IBM
2025-11-13,9:33:26.060644363,T,310.41,40,311.71,40,IBM
2025-11-13,9:33:33.845582422,T,310.41,40,310.96,40,IBM
2025-11-13,9:33:33.845602484,T,310.4,40,310.96,40,IBM
2025-11-13,9:33:33.845863049,T,310.4,40,311.71,80,IBM
2025-11-13,9:33:33.845863049,T,310.4,40,310.76,40,IBM
2025-11-13,9:33:33.846073575,T,310.38,160,310.76,40,IBM
2025-11-13,9:33:33.846189164,T,310.38,160,311.71,80,IBM
2025-11-13,9:33:33.846359362,T,310.42,40,311.71,80,IBM
2025-11-13,9:33:33.846790339,T,310.38,160,311.71,80,IBM
2025-11-13,9:33:33.847251345,T,310.0,40,311.71,80,IBM
2025-11-13,9:33:33.881247342,T,310.0,80,311.71,80,IBM
2025-11-13,9:33:33.881302458,T,310.0,80,311.12,40,IBM
2025-11-13,9:33:33.885482383,T,310.0,80,311.12,80,IBM
2025-11-13,9:33:34.072948655,T,310.0,80,311.12,40,IBM
2025-11-13,9:33:34.073439824,T,310.0,80,311.11,40,IBM
2025-11-13,9:33:34.075304244,T,310.0,80,311.11,80,IBM
2025-11-13,9:33:34.511131820,T,310.0,80,311.11,40,IBM
2025-11-13,9:33:34.511151892,T,310.0,80,311.11,80,IBM
2025-11-13,9:33:34.511186930,T,310.0,80,311.1,40,IBM
2025-11-13,9:33:34.512059041,T,310.0,80,311.1,80,IBM
2025-11-13,9:33:34.664922952,T,310.0,80,311.1,40,IBM
2025-11-13,9:33:34.665133472,T,310.0,80,311.1,80,IBM
2025-11-13,9:33:37.379374918,T,310.0,80,311.1,40,IBM
2025-11-13,9:33:37.379385006,T,310.0,80,311.71,80,IBM
2025-11-13,9:33:37.379500188,T,310.0,80,311.09,40,IBM
2025-11-13,9:33:37.379710790,T,310.0,80,311.09,80,IBM
2025-11-13,9:33:37.379921188,T,310.0,80,311.09,120,IBM
2025-11-13,9:33:37.538749337,T,310.0,80,311.09,80,IBM
2025-11-13,9:33:39.818040410,T,310.0,80,311.09,120,IBM
2025-11-13,9:33:39.917868092,T,310.08,40,311.09,120,IBM
2025-11-13,9:33:40.514217822,T,310.08,40,311.08,40,IBM
2025-11-13,9:33:40.514248082,T,310.08,40,311.09,160,IBM
2025-11-13,9:33:40.514252934,T,310.08,40,310.83,40,IBM
2025-11-13,9:33:40.514528469,T,310.08,40,310.83,80,IBM
2025-11-13,9:33:40.514754069,T,310.08,40,310.83,40,IBM
2025-11-13,9:33:40.514814258,T,310.08,40,310.81,40,IBM
2025-11-13,9:33:40.514839233,T,310.08,40,310.81,80,IBM
2025-11-13,9:33:40.515215216,T,310.08,40,310.81,40,IBM
2025-11-13,9:33:40.515496130,T,310.0,80,310.81,40,IBM
2025-11-13,9:33:40.515521145,T,310.0,80,310.66,40,IBM
2025-11-13,9:33:40.516042116,T,310.0,40,310.66,40,IBM
2025-11-13,9:33:40.531569131,T,310.0,40,310.83,40,IBM
2025-11-13,9:33:40.531965357,T,310.0,40,311.09,40,IBM
2025-11-13,9:33:45.663541397,T,310.35,40,311.09,40,IBM
2025-11-13,9:33:46.757806401,T,310.35,80,311.09,40,IBM
2025-11-13,9:33:46.757836433,T,310.41,40,311.09,40,IBM
2025-11-13,9:33:46.757851467,T,310.41,40,310.87,40,IBM
2025-11-13,9:33:46.758067102,T,310.41,40,310.87,120,IBM
2025-11-13,9:33:46.758072023,T,310.41,40,310.87,240,IBM
2025-11-13,9:33:46.758172183,T,310.35,80,310.87,240,IBM
2025-11-13,9:33:46.758272465,T,310.35,80,310.87,280,IBM
2025-11-13,9:33:46.758523122,T,310.35,80,310.87,320,IBM
2025-11-13,9:33:46.775277933,T,310.35,80,310.87,280,IBM
2025-11-13,9:33:46.878889609,T,310.35,80,310.75,40,IBM
2025-11-13,9:33:46.878914620,T,310.35,80,310.75,120,IBM
2025-11-13,9:33:46.878934790,T,310.35,80,310.75,240,IBM
2025-11-13,9:33:46.879310538,T,310.35,80,310.75,280,IBM
2025-11-13,9:33:46.922323027,T,310.35,80,310.75,160,IBM
2025-11-13,9:33:46.922323027,T,310.35,80,310.49,80,IBM
2025-11-13,9:33:46.922333029,T,310.35,40,310.49,80,IBM
2025-11-13,9:33:46.922342993,T,310.35,40,310.49,200,IBM
2025-11-13,9:33:46.923275239,T,310.35,40,310.49,240,IBM
2025-11-13,9:33:47.172669038,T,310.35,40,310.49,280,IBM
2025-11-13,9:33:49.085216931,T,310.36,120,310.49,280,IBM
2025-11-13,9:33:49.086008795,T,310.36,120,310.49,240,IBM
2025-11-13,9:33:49.711187068,T,310.36,80,310.49,240,IBM
2025-11-13,9:33:49.711207141,T,310.35,40,310.49,240,IBM
2025-11-13,9:33:49.711212233,T,310.36,40,310.49,240,IBM
2025-11-13,9:33:49.711217274,T,310.35,40,310.49,240,IBM
2025-11-13,9:33:49.711227193,T,310.35,40,310.49,120,IBM
2025-11-13,9:33:49.711232279,T,310.35,40,310.37,80,IBM
2025-11-13,9:33:49.711252239,T,310.35,40,310.37,200,IBM
2025-11-13,9:33:49.711257254,T,310.0,40,310.37,200,IBM
2025-11-13,9:33:49.711267257,T,310.0,40,310.37,80,IBM
2025-11-13,9:33:49.711272273,T,310.0,40,310.49,40,IBM
2025-11-13,9:33:49.711302396,T,310.01,40,310.49,40,IBM
2025-11-13,9:33:49.711332495,T,310.01,40,310.49,80,IBM
2025-11-13,9:33:49.711653217,T,310.01,40,310.49,40,IBM
2025-11-13,9:33:49.711663208,T,310.01,40,310.8,40,IBM
2025-11-13,9:33:49.712074190,T,310.01,40,310.49,40,IBM
2025-11-13,9:33:49.712741234,T,310.16,40,310.49,40,IBM
2025-11-13,9:33:49.712745830,T,310.18,40,310.49,40,IBM
2025-11-13,9:33:49.712836032,T,310.16,80,310.49,40,IBM
2025-11-13,9:33:49.712866159,T,310.2,40,310.49,40,IBM
2025-11-13,9:33:49.721095709,T,310.16,40,310.49,40,IBM
2025-11-13,9:33:49.721120819,T,310.01,40,310.49,40,IBM
2025-11-13,9:33:49.730422884,T,310.01,40,310.88,40,IBM
2025-11-13,9:33:49.811746480,T,310.0,40,310.88,40,IBM
2025-11-13,9:33:58.699559929,T,310.0,40,310.32,40,IBM
2025-11-13,9:33:58.699981003,T,310.0,40,310.32,80,IBM
2025-11-13,9:33:58.700176478,T,310.0,40,310.32,40,IBM
2025-11-13,9:33:58.730117671,T,310.0,40,310.3,40,IBM
2025-11-13,9:33:58.731581196,T,310.0,40,310.3,80,IBM
2025-11-13,9:33:58.734247494,T,310.0,40,310.3,40,IBM
2025-11-13,9:33:58.738247041,T,309.74,200,310.3,40,IBM
2025-11-13,9:33:58.994346744,T,309.74,200,310.88,40,IBM
2025-11-13,9:34:00.443817729,T,310.15,40,310.88,40,IBM
2025-11-13,9:34:00.444037939,T,310.15,40,310.48,40,IBM
2025-11-13,9:34:00.450037236,T,309.74,200,310.48,40,IBM
2025-11-13,9:34:02.079421162,T,309.74,200,310.48,80,IBM
2025-11-13,9:34:02.206112732,T,309.74,200,310.48,40,IBM
2025-11-13,9:34:03.716368252,T,309.74,200,310.56,40,IBM
2025-11-13,9:34:03.716368252,T,310.09,40,310.56,40,IBM
2025-11-13,9:34:03.716388207,T,310.09,40,310.88,40,IBM
2025-11-13,9:34:03.716408223,T,310.09,80,310.88,40,IBM
2025-11-13,9:34:03.716443257,T,310.28,40,310.88,40,IBM
2025-11-13,9:34:03.716663937,T,310.1,40,310.88,40,IBM
2025-11-13,9:34:03.716698968,T,310.16,40,310.88,40,IBM
2025-11-13,9:34:03.716728976,T,310.16,40,310.56,80,IBM
2025-11-13,9:34:03.716949512,T,310.28,40,310.56,80,IBM
2025-11-13,9:34:03.716979568,T,310.28,40,310.56,200,IBM
2025-11-13,9:34:03.717265337,T,310.24,40,310.56,200,IBM
2025-11-13,9:34:03.717375679,T,310.24,40,310.56,240,IBM
2025-11-13,9:34:03.717450657,T,310.16,40,310.56,240,IBM
2025-11-13,9:34:03.727203931,T,310.16,40,310.56,120,IBM
2025-11-13,9:34:03.728507083,T,310.16,40,310.56,40,IBM
2025-11-13,9:34:03.728532097,T,310.16,40,310.93,200,IBM
2025-11-13,9:34:03.728557247,T,310.36,40,310.93,200,IBM
2025-11-13,9:34:03.735869602,T,310.36,40,310.93,40,IBM
2025-11-13,9:34:03.790770282,T,310.1,80,310.93,40,IBM
2025-11-13,9:34:03.790790286,T,310.1,40,310.93,40,IBM
2025-11-13,9:34:03.791241326,T,310.16,40,310.93,40,IBM
2025-11-13,9:34:03.950289995,T,310.0,40,310.93,40,IBM
2025-11-13,9:34:03.950365202,T,310.0,40,310.75,40,IBM
2025-11-13,9:34:08.886581378,T,310.17,40,310.75,40,IBM
2025-11-13,9:34:09.013729127,T,310.0,40,310.75,40,IBM
2025-11-13,9:34:09.014210245,T,310.17,40,310.75,40,IBM
2025-11-13,9:34:10.304461893,T,310.0,40,310.75,40,IBM
2025-11-13,9:34:11.332033166,T,310.17,40,310.75,40,IBM
2025-11-13,9:34:11.616585564,T,310.0,40,310.75,40,IBM
2025-11-13,9:34:11.616881254,T,310.16,40,310.75,40,IBM
2025-11-13,9:34:11.620329507,T,310.0,40,310.75,40,IBM
2025-11-13,9:34:11.621116313,T,310.16,40,310.75,40,IBM
2025-11-13,9:34:11.626960208,T,310.0,40,310.75,40,IBM
2025-11-13,9:34:11.626990290,T,310.0,40,310.46,80,IBM
2025-11-13,9:34:11.689198416,T,310.0,40,310.61,40,IBM
2025-11-13,9:34:11.979549598,T,310.0,40,310.45,40,IBM
2025-11-13,9:34:19.290022991,T,310.0,40,310.89,40,IBM
2025-11-13,9:34:19.290058114,T,310.17,40,310.89,40,IBM
2025-11-13,9:34:19.290068064,T,310.23,80,310.89,40,IBM
2025-11-13,9:34:19.290113583,T,310.23,120,310.89,40,IBM
2025-11-13,9:34:19.290388912,T,310.3,40,310.89,40,IBM
2025-11-13,9:34:19.290704713,T,310.23,160,310.89,40,IBM
2025-11-13,9:34:19.290830050,T,310.23,80,310.89,40,IBM
2025-11-13,9:34:19.290839915,T,310.23,80,311.02,40,IBM
2025-11-13,9:34:23.347176533,T,310.23,40,311.02,40,IBM
2025-11-13,9:34:24.383238477,T,310.01,40,311.02,40,IBM
2025-11-13,9:34:24.383243040,T,310.32,40,311.02,40,IBM
2025-11-13,9:34:24.387418014,T,310.01,40,311.02,40,IBM
2025-11-13,9:34:25.157566323,T,310.1,40,311.02,40,IBM
2025-11-13,9:34:29.037893921,T,310.31,40,311.02,40,IBM
2025-11-13,9:34:29.053370814,T,310.1,40,311.02,40,IBM
2025-11-13,9:34:31.832296353,T,310.36,80,311.02,40,IBM
2025-11-13,9:34:43.391499465,T,310.36,80,310.59,40,IBM
2025-11-13,9:34:47.376647164,T,310.36,40,310.59,40,IBM
2025-11-13,9:34:47.376647164,T,310.01,40,310.59,40,IBM
2025-11-13,9:34:47.376656516,T,310.36,80,310.59,40,IBM
2025-11-13,9:34:47.376666593,T,310.01,40,310.59,40,IBM
2025-11-13,9:34:47.376671516,T,310.01,40,310.5,40,IBM
2025-11-13,9:34:47.376691723,T,310.01,40,310.59,40,IBM
2025-11-13,9:34:47.377072547,T,310.19,40,310.59,40,IBM
2025-11-13,9:34:47.377122590,T,310.02,40,310.59,40,IBM
2025-11-13,9:34:47.377147710,T,310.08,40,310.59,40,IBM
2025-11-13,9:34:47.377152721,T,310.19,40,310.59,40,IBM
2025-11-13,9:34:47.377232920,T,310.08,40,310.59,40,IBM
2025-11-13,9:34:47.377463439,T,310.02,40,310.59,40,IBM
2025-11-13,9:34:47.378110033,T,310.01,40,310.59,40,IBM
2025-11-13,9:34:47.851301488,T,310.21,40,310.59,40,IBM
2025-11-13,9:34:47.855315975,T,310.01,40,310.59,40,IBM
2025-11-13,9:34:52.273318868,T,310.01,40,310.5,40,IBM
2025-11-13,9:34:52.273399055,T,310.01,40,310.41,40,IBM
2025-11-13,9:34:52.273724834,T,310.01,40,310.5,40,IBM
2025-11-13,9:34:52.273759808,T,310.01,40,310.59,40,IBM
2025-11-13,9:34:52.273789869,T,310.01,40,310.5,40,IBM
2025-11-13,9:34:52.273794932,T,310.02,40,310.5,40,IBM
2025-11-13,9:34:52.273809921,T,310.02,40,310.59,40,IBM
2025-11-13,9:34:52.273850261,T,310.01,40,310.59,40,IBM
2025-11-13,9:34:52.273890131,T,310.01,40,310.5,40,IBM
2025-11-13,9:34:52.274190840,T,310.01,40,310.41,40,IBM
2025-11-13,9:34:52.336098310,T,310.01,40,310.59,40,IBM
2025-11-13,9:34:54.596925858,T,310.24,40,310.59,40,IBM
2025-11-13,9:34:54.939270406,T,310.01,40,310.59,40,IBM
2025-11-13,9:34:56.313166059,T,310.01,40,310.49,40,IBM
2025-11-13,9:34:58.935518918,T,310.26,40,310.49,40,IBM
2025-11-13,9:34:59.596818170,T,310.26,40,310.5,40,IBM
2025-11-13,9:34:59.596983514,T,310.26,40,310.59,40,IBM
2025-11-13,9:34:59.597314326,T,310.26,40,310.49,40,IBM
2025-11-13,9:35:00.170483801,T,310.26,40,310.5,40,IBM
2025-11-13,9:35:00.170483801,T,310.26,40,310.59,40,IBM
2025-11-13,9:35:00.170498812,T,310.27,40,310.59,40,IBM
2025-11-13,9:35:00.170509119,T,310.37,40,310.59,40,IBM
2025-11-13,9:35:00.170524122,T,310.38,40,310.59,40,IBM
2025-11-13,9:35:00.170950068,T,310.38,40,310.99,160,IBM
2025-11-13,9:35:00.171280710,T,310.38,40,310.59,40,IBM
2025-11-13,9:35:00.171300789,T,310.38,40,310.75,40,IBM
2025-11-13,9:35:00.171305817,T,310.38,40,310.99,160,IBM
2025-11-13,9:35:00.171325891,T,310.26,40,310.99,160,IBM
2025-11-13,9:35:00.171827124,T,310.4,80,310.99,160,IBM
2025-11-13,9:35:00.175455683,T,310.4,80,310.75,40,IBM
2025-11-13,9:35:00.175455683,T,310.5,40,310.75,40,IBM
2025-11-13,9:35:00.175956862,T,310.4,80,310.75,40,IBM
2025-11-13,9:35:00.233619243,T,310.4,80,310.99,200,IBM
2025-11-13,9:35:02.215372027,T,310.4,80,310.99,40,IBM
2025-11-13,9:35:02.215396969,T,310.4,80,311.09,40,IBM
2025-11-13,9:35:02.322948055,T,310.57,40,311.09,40,IBM
2025-11-13,9:35:02.323038355,T,310.57,80,311.09,40,IBM
2025-11-13,9:35:02.323323959,T,310.61,40,311.09,40,IBM
2025-11-13,9:35:02.423322015,T,310.4,80,311.09,40,IBM
2025-11-13,9:35:02.993694807,T,310.78,40,311.09,40,IBM
2025-11-13,9:35:02.993734834,T,310.78,40,311.13,40,IBM
2025-11-13,9:35:02.993760015,T,310.93,40,311.13,40,IBM
2025-11-13,9:35:02.993815016,T,310.93,40,311.3,40,IBM
2025-11-13,9:35:02.993830173,T,310.93,40,311.38,200,IBM
2025-11-13,9:35:02.994556802,T,310.79,40,311.38,200,IBM
2025-11-13,9:35:02.994596938,T,310.93,40,311.38,200,IBM
2025-11-13,9:35:02.998561427,T,310.79,40,311.38,200,IBM
2025-11-13,9:35:03.015426521,T,310.61,40,311.38,200,IBM
2025-11-13,9:35:03.016965303,T,310.73,40,311.38,200,IBM
2025-11-13,9:35:03.017180662,T,310.73,80,311.38,200,IBM
2025-11-13,9:35:03.149921642,T,310.73,40,311.38,200,IBM
2025-11-13,9:35:03.275270066,T,310.61,40,311.38,200,IBM
2025-11-13,9:35:03.275475547,T,310.61,40,311.38,40,IBM
2025-11-13,9:35:03.276031953,T,310.61,40,311.44,40,IBM
2025-11-13,9:35:03.431451952,T,310.61,40,311.54,40,IBM
2025-11-13,9:35:03.431481959,T,310.61,200,311.54,40,IBM
2025-11-13,9:35:03.431502020,T,310.61,400,311.54,40,IBM
2025-11-13,9:35:03.431522136,T,310.61,240,311.54,40,IBM
2025-11-13,9:35:03.431527074,T,310.61,40,311.54,40,IBM
2025-11-13,9:35:03.431547129,T,310.61,40,311.54,80,IBM
2025-11-13,9:35:03.431552166,T,310.85,360,311.54,80,IBM
2025-11-13,9:35:03.431562402,T,310.85,400,311.54,80,IBM
2025-11-13,9:35:03.431567115,T,310.85,400,311.1,40,IBM
2025-11-13,9:35:03.431607285,T,310.85,400,311.54,80,IBM
2025-11-13,9:35:03.431607285,T,310.86,40,311.54,80,IBM
2025-11-13,9:35:03.431607285,T,310.86,40,311.54,40,IBM
2025-11-13,9:35:03.431627350,T,310.86,80,311.54,40,IBM
2025-11-13,9:35:03.431637484,T,310.86,120,311.54,40,IBM
2025-11-13,9:35:03.431647381,T,311.09,360,311.54,40,IBM
2025-11-13,9:35:03.431677625,T,311.09,400,311.54,40,IBM
2025-11-13,9:35:03.431687483,T,311.09,400,311.17,40,IBM
2025-11-13,9:35:03.431692434,T,311.09,360,311.17,40,IBM
2025-11-13,9:35:03.431707514,T,311.09,360,311.54,40,IBM
2025-11-13,9:35:03.431727584,T,310.86,80,311.54,40,IBM
2025-11-13,9:35:03.431752598,T,311.17,360,311.54,40,IBM
2025-11-13,9:35:03.431787710,T,311.17,40,311.54,40,IBM
2025-11-13,9:35:03.432158622,T,310.86,120,311.54,40,IBM
2025-11-13,9:35:03.432178879,T,310.86,80,311.54,40,IBM
2025-11-13,9:35:03.432193645,T,310.86,80,311.54,80,IBM
2025-11-13,9:35:03.432228723,T,311.09,40,311.54,80,IBM
2025-11-13,9:35:03.432248887,T,311.09,80,311.54,80,IBM
2025-11-13,9:35:03.432634740,T,311.09,40,311.54,80,IBM
2025-11-13,9:35:03.433271220,T,311.09,40,311.54,40,IBM
2025-11-13,9:35:03.436183105,T,310.86,40,311.54,40,IBM
2025-11-13,9:35:05.507804992,T,310.61,40,311.54,40,IBM
2025-11-13,9:35:05.507810046,T,311.19,40,311.54,40,IBM
2025-11-13,9:35:05.507830111,T,310.61,40,311.54,40,IBM
2025-11-13,9:35:05.729227147,T,310.61,40,311.28,40,IBM
2025-11-13,9:35:05.730976310,T,310.61,40,311.54,80,IBM
2025-11-13,9:35:05.737582028,T,310.61,40,311.54,40,IBM
2025-11-13,9:35:19.153515258,T,310.95,40,311.54,40,IBM
2025-11-13,9:35:19.939657048,T,311.11,40,311.54,40,IBM
2025-11-13,9:35:19.940288216,T,311.31,80,311.54,40,IBM
2025-11-13,9:35:19.940328386,T,311.11,40,311.54,40,IBM
2025-11-13,9:35:19.940333324,T,311.31,40,311.54,40,IBM
2025-11-13,9:35:19.940353419,T,310.95,40,311.54,40,IBM
2025-11-13,9:35:19.940854631,T,310.96,40,311.54,40,IBM
2025-11-13,9:35:19.940884666,T,311.0,40,311.54,40,IBM
2025-11-13,9:35:19.940909807,T,310.96,40,311.54,40,IBM
2025-11-13,9:35:19.940914694,T,311.18,40,311.54,40,IBM
2025-11-13,9:35:19.942884362,T,310.96,40,311.54,40,IBM
2025-11-13,9:35:19.943430678,T,311.31,40,311.54,40,IBM
2025-11-13,9:35:19.943450731,T,311.3,40,311.54,40,IBM
2025-11-13,9:35:19.943450731,T,311.36,40,311.54,40,IBM
2025-11-13,9:35:19.943791631,T,310.96,40,311.54,40,IBM
2025-11-13,9:35:19.943831666,T,310.95,40,311.54,40,IBM
2025-11-13,9:35:19.950231960,T,310.96,40,311.54,40,IBM
2025-11-13,9:35:19.960315903,T,310.96,40,311.41,40,IBM
2025-11-13,9:35:19.960340987,T,310.95,40,311.41,40,IBM
2025-11-13,9:35:19.960411126,T,310.96,40,311.41,40,IBM
2025-11-13,9:35:20.036813063,T,310.95,40,311.41,40,IBM
2025-11-13,9:35:20.523586842,T,311.0,200,311.41,40,IBM
2025-11-13,9:35:20.741204900,T,311.0,200,311.54,40,IBM
2025-11-13,9:35:20.818303461,T,311.0,200,311.54,80,IBM
2025-11-13,9:35:22.075521431,T,311.0,200,311.48,40,IBM
2025-11-13,9:35:22.075601578,T,311.0,40,311.48,40,IBM
2025-11-13,9:35:22.075621605,T,310.95,40,311.48,40,IBM
2025-11-13,9:35:22.075641629,T,310.95,40,311.48,80,IBM
2025-11-13,9:35:22.075646633,T,310.95,40,311.24,80,IBM
2025-11-13,9:35:22.075867248,T,310.95,40,311.24,120,IBM
2025-11-13,9:35:22.075947421,T,310.95,40,311.24,160,IBM
2025-11-13,9:35:22.075957382,T,310.61,40,311.24,160,IBM
2025-11-13,9:35:22.075997651,T,310.61,40,311.23,40,IBM
2025-11-13,9:35:22.075997651,T,310.61,40,311.1,40,IBM
2025-11-13,9:35:22.076353392,T,310.61,40,311.24,80,IBM
2025-11-13,9:35:22.076423537,T,310.61,40,311.23,40,IBM
2025-11-13,9:35:22.076839518,T,310.61,40,311.24,120,IBM
2025-11-13,9:35:22.076839518,T,310.61,40,311.1,40,IBM
2025-11-13,9:35:22.086146625,T,310.61,40,311.23,40,IBM
2025-11-13,9:35:22.086567660,T,310.61,40,311.23,80,IBM
2025-11-13,9:35:22.096225679,T,310.61,40,311.1,40,IBM
2025-11-13,9:35:22.118097765,T,310.61,40,311.1,80,IBM
2025-11-13,9:35:22.126096921,T,310.61,40,311.1,40,IBM
2025-11-13,9:35:25.193849954,T,310.44,40,311.1,40,IBM
2025-11-13,9:35:25.193915085,T,310.4,120,311.1,40,IBM
2025-11-13,9:35:25.194331104,T,310.4,120,311.1,80,IBM
2025-11-13,9:35:25.213772430,T,310.4,120,311.1,40,IBM
2025-11-13,9:35:25.213787453,T,310.4,120,311.39,200,IBM
2025-11-13,9:35:25.213872693,T,310.4,160,311.39,200,IBM
2025-11-13,9:35:25.290755720,T,310.4,160,311.1,40,IBM
2025-11-13,9:35:25.448391028,T,310.4,120,311.1,40,IBM
2025-11-13,9:35:25.864687172,T,310.4,120,311.39,200,IBM
2025-11-13,9:35:27.215026679,T,310.4,120,311.09,40,IBM
2025-11-13,9:35:27.215232255,T,310.4,120,311.09,80,IBM
2025-11-13,9:35:27.215447726,T,310.4,120,311.09,120,IBM
2025-11-13,9:35:27.723883167,T,310.4,120,311.09,80,IBM
2025-11-13,9:35:27.723893078,T,310.4,120,311.09,40,IBM
2025-11-13,9:35:27.723963298,T,310.4,120,311.07,40,IBM
2025-11-13,9:35:27.724168770,T,310.4,120,311.07,80,IBM
2025-11-13,9:35:27.724379266,T,310.4,120,311.07,120,IBM
2025-11-13,9:35:27.724559782,T,310.4,120,310.84,40,IBM
2025-11-13,9:35:27.724574831,T,310.4,120,310.84,80,IBM
2025-11-13,9:35:27.731701746,T,310.4,120,310.84,40,IBM
2025-11-13,9:35:27.731706961,T,310.4,120,310.72,40,IBM
2025-11-13,9:35:27.731782275,T,310.4,40,310.72,40,IBM
2025-11-13,9:35:27.731786878,T,310.27,40,310.72,40,IBM
2025-11-13,9:35:27.731806946,T,310.27,40,310.5,80,IBM
2025-11-13,9:35:27.731867234,T,310.27,40,310.71,40,IBM
2025-11-13,9:35:27.731882183,T,310.27,40,310.72,80,IBM
2025-11-13,9:35:27.731917163,T,310.27,40,310.66,40,IBM
2025-11-13,9:35:27.732318217,T,310.27,40,310.65,40,IBM
2025-11-13,9:35:27.732854413,T,310.27,40,310.66,40,IBM
2025-11-13,9:35:27.741560144,T,310.0,40,310.66,40,IBM
2025-11-13,9:35:27.782653049,T,310.0,40,310.47,40,IBM
2025-11-13,9:35:27.782963750,T,310.0,40,310.47,80,IBM
2025-11-13,9:35:27.783023862,T,310.0,40,310.37,40,IBM
2025-11-13,9:35:27.783815699,T,310.0,40,310.47,160,IBM
2025-11-13,9:35:27.784041353,T,310.0,40,310.47,200,IBM
2025-11-13,9:35:27.784086388,T,310.0,40,310.29,40,IBM
2025-11-13,9:35:27.787800279,T,310.0,40,310.47,160,IBM
2025-11-13,9:35:27.787815264,T,310.0,40,310.47,120,IBM
2025-11-13,9:35:27.787990738,T,310.0,40,310.47,80,IBM
2025-11-13,9:35:27.791669422,T,310.0,40,310.47,120,IBM
2025-11-13,9:35:27.793107960,T,310.0,40,310.47,80,IBM
2025-11-13,9:35:27.793318346,T,310.0,40,310.47,40,IBM
2025-11-13,9:35:27.793734380,T,310.0,40,310.47,80,IBM
2025-11-13,9:35:27.793944842,T,310.0,40,310.47,120,IBM
2025-11-13,9:35:27.804770599,T,310.0,40,310.45,40,IBM
2025-11-13,9:35:27.805051368,T,310.0,40,310.45,80,IBM
2025-11-13,9:35:27.805331934,T,310.0,40,310.45,120,IBM
2025-11-13,9:35:27.819485681,T,310.0,40,310.45,80,IBM
2025-11-13,9:35:27.819501117,T,310.0,40,310.45,40,IBM
2025-11-13,9:35:27.819580886,T,310.0,40,310.71,80,IBM
2025-11-13,9:35:27.819590880,T,310.0,40,310.28,40,IBM
2025-11-13,9:35:27.819781431,T,309.71,40,310.28,40,IBM
2025-11-13,9:35:27.819801472,T,309.71,40,310.28,80,IBM
2025-11-13,9:35:27.820007010,T,309.71,40,310.28,120,IBM
2025-11-13,9:35:27.830065817,T,309.71,40,310.28,80,IBM
2025-11-13,9:35:27.830080870,T,309.71,40,310.28,40,IBM
2025-11-13,9:35:27.886324825,T,309.71,40,310.27,80,IBM
2025-11-13,9:35:27.886740863,T,309.71,40,310.27,120,IBM
2025-11-13,9:35:28.523772334,T,309.71,40,310.27,80,IBM
2025-11-13,9:35:29.026729656,T,309.71,40,310.78,40,IBM
2025-11-13,9:35:29.026749635,T,310.13,40,310.78,40,IBM
2025-11-13,9:35:29.026774736,T,310.13,80,310.78,40,IBM
2025-11-13,9:35:29.026870003,T,310.14,40,310.78,40,IBM
2025-11-13,9:35:29.027301006,T,310.0,40,310.78,40,IBM
2025-11-13,9:35:29.027341047,T,310.02,40,310.78,40,IBM
2025-11-13,9:35:29.027526534,T,310.02,40,310.42,40,IBM
2025-11-13,9:35:29.027606737,T,310.02,40,310.78,40,IBM
2025-11-13,9:35:29.027621720,T,310.28,40,310.78,40,IBM
2025-11-13,9:35:29.027676852,T,310.28,40,310.78,80,IBM
2025-11-13,9:35:29.028122918,T,310.02,40,310.78,80,IBM
2025-11-13,9:35:29.028203117,T,310.02,40,310.78,120,IBM
2025-11-13,9:35:29.031054893,T,310.01,40,310.78,120,IBM
2025-11-13,9:35:29.045895197,T,310.01,40,310.78,80,IBM
2025-11-13,9:35:29.089839804,T,309.95,40,310.78,80,IBM
2025-11-13,9:35:29.089884967,T,309.95,40,310.78,40,IBM
2025-11-13,9:35:29.089910045,T,310.02,40,310.78,40,IBM
2025-11-13,9:35:29.090145598,T,310.02,40,311.02,40,IBM
2025-11-13,9:35:29.127048449,T,310.0,40,311.02,40,IBM
2025-11-13,9:35:29.305157443,T,309.92,160,311.02,40,IBM
2025-11-13,9:35:29.305463183,T,310.0,40,311.02,40,IBM
2025-11-13,9:35:29.516931647,T,309.92,160,311.02,40,IBM
2025-11-13,9:35:29.517422824,T,310.0,40,311.02,40,IBM
2025-11-13,9:35:29.657741795,T,309.92,160,311.02,40,IBM
2025-11-13,9:35:29.657791974,T,310.0,40,311.02,40,IBM
2025-11-13,9:35:30.151557486,T,309.92,160,311.02,40,IBM
2025-11-13,9:35:30.930206294,T,310.0,40,311.02,40,IBM
2025-11-13,9:35:31.275593416,T,310.0,40,310.78,160,IBM
2025-11-13,9:35:31.275623526,T,309.92,160,310.78,160,IBM
2025-11-13,9:35:31.278064411,T,309.92,160,310.78,200,IBM
2025-11-13,9:35:31.291416068,T,310.0,40,310.78,200,IBM
2025-11-13,9:35:31.454674806,T,309.71,40,310.78,200,IBM
2025-11-13,9:35:31.455095800,T,309.71,40,310.78,240,IBM
2025-11-13,9:35:31.675996690,T,309.71,40,310.78,440,IBM
2025-11-13,9:35:31.935755117,T,309.71,40,310.78,400,IBM
2025-11-13,9:35:31.935765095,T,309.71,40,310.78,360,IBM
2025-11-13,9:35:31.935840317,T,309.71,40,310.78,400,IBM
2025-11-13,9:35:32.494660517,T,309.71,40,310.78,240,IBM
2025-11-13,9:35:32.507957317,T,309.71,40,310.76,40,IBM
2025-11-13,9:35:36.379153038,T,309.71,40,310.75,40,IBM
2025-11-13,9:35:36.379163124,T,309.71,40,310.66,40,IBM
2025-11-13,9:35:36.379173014,T,309.71,40,310.55,40,IBM
2025-11-13,9:35:36.379177997,T,309.71,40,310.66,40,IBM
2025-11-13,9:35:36.379213209,T,309.83,40,310.66,40,IBM
2025-11-13,9:35:36.379238309,T,310.0,40,310.66,40,IBM
2025-11-13,9:35:36.379308308,T,309.83,40,310.66,40,IBM
2025-11-13,9:35:36.379313336,T,309.71,40,310.66,40,IBM
2025-11-13,9:35:36.379343434,T,309.71,40,310.75,40,IBM
2025-11-13,9:35:36.379343434,T,309.71,40,310.55,40,IBM
2025-11-13,9:35:36.379358438,T,309.71,40,310.55,80,IBM
2025-11-13,9:35:36.379428745,T,309.71,40,310.55,40,IBM
2025-11-13,9:35:36.379468723,T,309.71,80,310.55,40,IBM
2025-11-13,9:35:36.379483993,T,309.71,40,310.55,40,IBM
2025-11-13,9:35:36.379508830,T,309.71,40,310.55,80,IBM
2025-11-13,9:35:36.379558916,T,310.02,40,310.55,80,IBM
2025-11-13,9:35:36.379579349,T,310.02,40,310.55,40,IBM
2025-11-13,9:35:36.379589125,T,310.0,40,310.55,40,IBM
2025-11-13,9:35:36.379604092,T,310.03,40,310.55,40,IBM
2025-11-13,9:35:36.379654591,T,310.03,80,310.55,40,IBM
2025-11-13,9:35:36.379739340,T,310.03,80,310.66,80,IBM
2025-11-13,9:35:36.379754473,T,310.03,40,310.66,80,IBM
2025-11-13,9:35:36.379754473,T,310.17,40,310.66,80,IBM
2025-11-13,9:35:36.380075142,T,309.71,80,310.66,80,IBM
2025-11-13,9:35:36.380120458,T,310.0,40,310.66,80,IBM
2025-11-13,9:35:36.380190415,T,309.71,40,310.66,80,IBM
2025-11-13,9:35:36.380671679,T,309.71,80,310.66,80,IBM
2025-11-13,9:35:36.391136775,T,309.71,80,310.66,40,IBM
2025-11-13,9:35:36.391161623,T,309.71,80,310.9,40,IBM
2025-11-13,9:35:39.094412037,T,310.01,40,310.9,40,IBM
2025-11-13,9:35:39.275473005,T,310.34,40,310.9,40,IBM
2025-11-13,9:35:39.275488273,T,310.01,40,310.9,40,IBM
2025-11-13,9:35:39.275493108,T,310.44,40,310.9,40,IBM
2025-11-13,9:35:39.300587871,T,310.44,40,310.75,40,IBM
2025-11-13,9:35:39.300607880,T,310.01,40,310.75,40,IBM
2025-11-13,9:35:39.300642938,T,310.44,40,310.75,40,IBM
2025-11-13,9:35:39.488986416,T,310.44,40,311.02,40,IBM
2025-11-13,9:35:39.489011435,T,310.59,40,311.02,40,IBM
2025-11-13,9:35:39.489477492,T,310.59,80,311.02,40,IBM
2025-11-13,9:35:39.489627842,T,310.59,120,311.02,40,IBM
2025-11-13,9:35:39.493662548,T,310.59,80,311.02,40,IBM
2025-11-13,9:35:39.501601454,T,310.59,40,311.02,40,IBM
2025-11-13,9:35:39.501606509,T,310.59,40,311.08,40,IBM
2025-11-13,9:35:39.501606509,T,310.55,40,311.08,40,IBM
2025-11-13,9:35:39.504969381,T,310.45,40,311.08,40,IBM
2025-11-13,9:35:39.513359447,T,310.59,40,311.08,40,IBM
2025-11-13,9:35:39.589716109,T,310.19,40,311.08,40,IBM
2025-11-13,9:35:44.811336876,T,310.63,40,311.08,40,IBM
2025-11-13,9:35:45.418241701,T,310.63,40,310.99,40,IBM
2025-11-13,9:35:46.076012661,T,310.19,40,310.99,40,IBM
2025-11-13,9:35:46.973078176,T,310.47,40,310.99,40,IBM
2025-11-13,9:35:49.022772699,T,310.19,40,310.99,40,IBM
2025-11-13,9:35:52.266620134,T,310.63,40,310.99,40,IBM
2025-11-13,9:35:52.266805684,T,310.19,40,310.99,40,IBM
2025-11-13,9:35:52.266805684,T,310.73,40,310.99,40,IBM
2025-11-13,9:35:52.266890851,T,310.73,80,310.99,40,IBM
2025-11-13,9:35:52.266905811,T,310.73,40,310.99,40,IBM
2025-11-13,9:35:52.266946037,T,310.73,40,311.08,80,IBM
2025-11-13,9:35:52.266971030,T,310.73,40,311.08,40,IBM
2025-11-13,9:35:52.266996081,T,310.73,80,311.08,40,IBM
2025-11-13,9:35:52.267016130,T,310.73,40,311.08,40,IBM
2025-11-13,9:35:52.267016130,T,310.73,80,311.08,40,IBM
2025-11-13,9:35:52.267331795,T,310.73,40,311.08,40,IBM
2025-11-13,9:35:52.267447163,T,310.81,40,311.08,40,IBM
2025-11-13,9:35:52.267462099,T,310.73,40,311.08,40,IBM
2025-11-13,9:35:52.267562431,T,310.31,40,311.08,40,IBM
2025-11-13,9:35:52.267562431,T,310.73,40,311.08,40,IBM
2025-11-13,9:35:52.267732734,T,310.31,40,311.08,40,IBM
2025-11-13,9:35:52.267737791,T,310.73,40,311.08,40,IBM
2025-11-13,9:35:52.267883211,T,310.31,40,311.08,40,IBM
2025-11-13,9:35:52.267888172,T,310.73,40,311.08,40,IBM
2025-11-13,9:35:52.268043486,T,310.31,40,311.08,40,IBM
2025-11-13,9:35:52.268043486,T,310.19,80,311.08,40,IBM
2025-11-13,9:35:52.268269233,T,310.19,40,311.08,40,IBM
2025-11-13,9:35:52.268269233,T,310.19,40,311.08,80,IBM
2025-11-13,9:35:52.268604827,T,310.19,40,311.02,40,IBM
2025-11-13,9:35:52.330482663,T,310.19,40,311.08,80,IBM
2025-11-13,9:35:52.823180121,T,310.61,40,311.08,80,IBM
2025-11-13,9:35:57.149299223,T,310.64,40,311.08,80,IBM
2025-11-13,9:35:59.321490207,T,310.64,40,311.02,40,IBM
2025-11-13,9:35:59.321765867,T,310.64,40,310.94,40,IBM
2025-11-13,9:35:59.321951319,T,310.64,40,311.02,40,IBM
2025-11-13,9:35:59.325499714,T,310.64,40,311.08,80,IBM
2025-11-13,9:35:59.332491434,T,310.28,160,311.08,80,IBM
2025-11-13,9:35:59.332516468,T,310.28,160,311.02,40,IBM
2025-11-13,9:35:59.332521545,T,310.28,160,310.78,40,IBM
2025-11-13,9:35:59.333198006,T,310.28,160,311.08,80,IBM
2025-11-13,9:35:59.333343419,T,310.28,160,310.78,40,IBM
2025-11-13,9:35:59.334145353,T,310.19,40,310.78,40,IBM
2025-11-13,9:35:59.341202145,T,310.19,40,310.65,40,IBM
2025-11-13,9:35:59.341342408,T,310.19,40,310.65,80,IBM
2025-11-13,9:35:59.341382504,T,310.08,200,310.65,80,IBM
2025-11-13,9:35:59.341487878,T,310.08,200,310.65,40,IBM
2025-11-13,9:35:59.341513203,T,310.35,40,310.65,40,IBM
2025-11-13,9:35:59.341527892,T,310.35,40,311.08,80,IBM
2025-11-13,9:35:59.341733393,T,310.5,40,311.08,80,IBM
2025-11-13,9:35:59.341853613,T,310.5,40,311.08,40,IBM
2025-11-13,9:35:59.341948925,T,310.5,40,311.08,80,IBM
2025-11-13,9:35:59.341964317,T,310.3,40,311.08,80,IBM
2025-11-13,9:35:59.342039051,T,310.08,200,311.08,80,IBM
2025-11-13,9:35:59.342044259,T,310.36,40,311.08,80,IBM
2025-11-13,9:35:59.342074225,T,310.36,40,310.77,40,IBM
2025-11-13,9:35:59.356904463,T,310.08,200,310.77,40,IBM
2025-11-13,9:35:59.370386723,T,310.08,200,311.02,40,IBM
2025-11-13,9:35:59.370386723,T,310.08,200,310.56,40,IBM
2025-11-13,9:35:59.374020295,T,310.08,40,310.56,40,IBM
2025-11-13,9:35:59.447700689,T,310.08,40,310.55,40,IBM
2025-11-13,9:35:59.565220470,T,310.0,40,310.55,40,IBM
2025-11-13,9:35:59.596890927,T,309.83,40,310.55,40,IBM
2025-11-13,9:36:00.413224257,T,309.83,40,310.54,40,IBM
2025-11-13,9:36:00.881824895,T,309.83,40,310.55,40,IBM
2025-11-13,9:36:00.886020004,T,309.83,40,310.53,40,IBM
2025-11-13,9:36:00.886085157,T,309.8,160,310.53,40,IBM
2025-11-13,9:36:00.886290600,T,309.8,160,310.33,40,IBM
2025-11-13,9:36:00.887017285,T,309.8,160,310.43,40,IBM
2025-11-13,9:36:00.887022384,T,309.8,160,310.22,40,IBM
2025-11-13,9:36:00.887097598,T,309.8,160,310.22,80,IBM
2025-11-13,9:36:00.887278136,T,309.8,160,310.11,40,IBM
2025-11-13,9:36:00.887358207,T,309.58,40,310.11,40,IBM
2025-11-13,9:36:00.887373258,T,309.58,40,310.22,120,IBM
2025-11-13,9:36:00.887403233,T,309.58,40,310.22,80,IBM
2025-11-13,9:36:00.887538593,T,309.59,40,310.22,80,IBM
2025-11-13,9:36:00.887538593,T,309.59,40,310.11,40,IBM
2025-11-13,9:36:00.887658849,T,309.58,40,310.11,40,IBM
2025-11-13,9:36:00.887678939,T,309.58,40,310.22,40,IBM
2025-11-13,9:36:00.887703987,T,309.59,40,310.22,40,IBM
2025-11-13,9:36:00.887713918,T,309.96,40,310.22,40,IBM
2025-11-13,9:36:00.888049718,T,309.59,40,310.22,40,IBM
2025-11-13,9:36:00.892575583,T,309.58,80,310.22,40,IBM
2025-11-13,9:36:00.897442147,T,309.58,80,311.02,40,IBM
2025-11-13,9:36:00.904619229,T,309.58,40,311.02,40,IBM
2025-11-13,9:36:00.988759564,T,309.58,40,310.9,40,IBM
2025-11-13,9:36:01.042051324,T,309.72,80,310.9,40,IBM
2025-11-13,9:36:01.081359953,T,309.72,80,310.22,40,IBM
2025-11-13,9:36:01.081389961,T,309.58,40,310.22,40,IBM
2025-11-13,9:36:01.119245208,T,309.58,40,310.9,40,IBM
2025-11-13,9:36:01.119265496,T,309.58,40,311.02,80,IBM
2025-11-13,9:36:01.119270233,T,309.58,40,311.02,40,IBM
2025-11-13,9:36:01.119285261,T,310.09,40,311.02,40,IBM
2025-11-13,9:36:01.119626074,T,309.82,40,311.02,40,IBM
2025-11-13,9:36:01.120052082,T,309.82,40,311.02,80,IBM
2025-11-13,9:36:01.120077154,T,309.82,40,310.48,40,IBM
2025-11-13,9:36:01.120302639,T,309.77,160,310.48,40,IBM
2025-11-13,9:36:02.352661308,T,309.77,160,311.02,80,IBM
2025-11-13,9:36:05.579397909,T,309.77,160,310.48,40,IBM
2025-11-13,9:36:05.579929199,T,309.98,40,310.48,40,IBM
2025-11-13,9:36:05.684613442,T,309.98,80,310.48,40,IBM
2025-11-13,9:36:05.685114686,T,309.98,40,310.48,40,IBM
2025-11-13,9:36:05.878479953,T,309.77,160,310.48,40,IBM
2025-11-13,9:36:05.879121506,T,309.99,40,310.48,40,IBM
2025-11-13,9:36:06.323073311,T,309.99,40,311.02,80,IBM
2025-11-13,9:36:06.323078467,T,309.99,40,311.02,40,IBM
2025-11-13,9:36:06.323098382,T,310.23,40,311.02,40,IBM
2025-11-13,9:36:06.323168547,T,310.24,40,311.02,40,IBM
2025-11-13,9:36:06.323689855,T,310.24,80,311.02,40,IBM
2025-11-13,9:36:06.324015668,T,310.24,40,311.02,40,IBM
2025-11-13,9:36:06.324020673,T,310.39,40,311.02,40,IBM
2025-11-13,9:36:06.325153342,T,310.23,40,311.02,40,IBM
2025-11-13,9:36:06.328100284,T,310.0,40,311.02,40,IBM
2025-11-13,9:36:06.332345435,T,309.96,160,311.02,40,IBM
2025-11-13,9:36:06.410506481,T,310.24,40,311.02,40,IBM
2025-11-13,9:36:06.495969990,T,309.96,160,311.02,40,IBM
2025-11-13,9:36:06.599606610,T,310.25,40,311.02,40,IBM
2025-11-13,9:36:06.853466029,T,309.96,160,311.02,40,IBM
2025-11-13,9:36:07.760826226,T,310.25,40,311.02,40,IBM
2025-11-13,9:36:07.918275915,T,309.96,160,311.02,40,IBM
2025-11-13,9:36:07.919047778,T,310.17,40,311.02,40,IBM
2025-11-13,9:36:07.948542978,T,310.25,40,311.02,40,IBM
2025-11-13,9:36:07.948578061,T,310.26,40,311.02,40,IBM
2025-11-13,9:36:07.976885483,T,310.25,40,311.02,40,IBM
2025-11-13,9:36:08.351246677,T,310.25,40,310.76,40,IBM
2025-11-13,9:36:08.694879699,T,310.25,40,311.02,40,IBM
2025-11-13,9:36:09.542577696,T,310.27,120,311.02,40,IBM
2025-11-13,9:36:12.126163355,T,310.27,120,310.76,40,IBM
2025-11-13,9:36:19.625917417,T,310.28,40,310.76,40,IBM
2025-11-13,9:36:19.630002122,T,310.28,40,311.02,40,IBM
2025-11-13,9:36:19.630027107,T,310.52,40,311.02,40,IBM
2025-11-13,9:36:19.630097314,T,310.52,80,311.02,40,IBM
2025-11-13,9:36:19.630297756,T,310.55,40,311.02,40,IBM
2025-11-13,9:36:19.630538385,T,310.66,40,311.02,40,IBM
2025-11-13,9:36:19.630824061,T,310.66,40,311.07,200,IBM
2025-11-13,9:36:19.630894204,T,310.66,80,311.07,200,IBM
2025-11-13,9:36:19.630904252,T,310.66,80,311.07,40,IBM
2025-11-13,9:36:19.631084677,T,310.72,40,311.07,40,IBM
2025-11-13,9:36:19.631535742,T,310.72,40,311.08,40,IBM
2025-11-13,9:36:19.631565918,T,310.72,40,311.1,40,IBM
2025-11-13,9:36:19.631681134,T,310.66,80,311.1,40,IBM
2025-11-13,9:36:19.631771310,T,310.72,120,311.1,40,IBM
2025-11-13,9:36:19.635966365,T,310.85,40,311.1,40,IBM
2025-11-13,9:36:19.638351977,T,310.72,120,311.1,40,IBM
2025-11-13,9:36:19.645905026,T,310.85,40,311.1,40,IBM
2025-11-13,9:36:19.647213047,T,310.72,120,311.1,40,IBM
2025-11-13,9:36:19.665030449,T,310.72,120,311.34,200,IBM
2025-11-13,9:36:19.792864843,T,310.72,120,311.14,40,IBM
2025-11-13,9:36:19.916193446,T,310.27,120,311.14,40,IBM
2025-11-13,9:36:20.751527000,T,310.27,120,311.34,200,IBM
2025-11-13,9:36:20.751552043,T,310.73,40,311.34,200,IBM
2025-11-13,9:36:20.751562139,T,310.86,40,311.34,200,IBM
2025-11-13,9:36:20.752123407,T,310.73,40,311.34,200,IBM
2025-11-13,9:36:20.752128495,T,310.98,40,311.34,200,IBM
2025-11-13,9:36:20.752399119,T,310.98,40,311.34,40,IBM
2025-11-13,9:36:20.752439309,T,310.39,40,311.34,40,IBM
2025-11-13,9:36:20.752639651,T,310.38,40,311.34,40,IBM
2025-11-13,9:36:20.753311372,T,310.39,40,311.34,40,IBM
2025-11-13,9:36:20.753546810,T,310.39,40,311.32,40,IBM
2025-11-13,9:36:20.756564003,T,310.38,40,311.32,40,IBM
2025-11-13,9:36:20.803671159,T,310.38,40,311.34,40,IBM
2025-11-13,9:36:20.851800752,T,310.27,120,311.34,40,IBM
2025-11-13,9:36:21.010167711,T,310.27,120,311.54,40,IBM
2025-11-13,9:36:21.010177810,T,310.86,40,311.54,40,IBM
2025-11-13,9:36:21.066216184,T,310.86,40,311.49,80,IBM
2025-11-13,9:36:23.203865133,T,310.86,40,311.54,40,IBM
2025-11-13,9:36:24.592927005,T,311.09,40,311.54,40,IBM
2025-11-13,9:36:24.626336528,T,311.11,40,311.54,40,IBM
2025-11-13,9:36:24.626406748,T,311.09,40,311.54,40,IBM
2025-11-13,9:36:24.626406748,T,311.29,40,311.54,40,IBM
2025-11-13,9:36:24.626462007,T,311.29,40,311.71,40,IBM
2025-11-13,9:36:24.626612204,T,311.3,40,311.71,40,IBM
2025-11-13,9:36:24.642735625,T,311.3,40,311.8,200,IBM
2025-11-13,9:36:24.644028605,T,311.3,40,311.8,40,IBM
2025-11-13,9:36:24.644404570,T,311.3,40,311.99,40,IBM
2025-11-13,9:36:25.381308858,T,311.09,40,311.99,40,IBM
2025-11-13,9:36:25.397357101,T,311.09,40,311.8,40,IBM
2025-11-13,9:36:25.447511490,T,311.09,40,311.99,40,IBM
2025-11-13,9:36:25.663049622,T,311.32,40,311.99,40,IBM
2025-11-13,9:36:33.272143929,T,311.32,40,311.8,40,IBM
2025-11-13,9:36:33.360980380,T,311.31,80,311.8,40,IBM
2025-11-13,9:36:33.361210970,T,311.31,80,311.79,40,IBM
2025-11-13,9:36:33.385964832,T,311.31,80,311.8,40,IBM
2025-11-13,9:36:33.387162727,T,311.31,80,311.79,40,IBM
2025-11-13,9:36:34.182270625,T,311.31,80,311.8,40,IBM
2025-11-13,9:36:35.832178772,T,311.35,40,311.8,40,IBM
2025-11-13,9:36:35.832183497,T,311.55,40,311.8,40,IBM
2025-11-13,9:36:35.832218521,T,311.56,40,311.8,40,IBM
2025-11-13,9:36:35.832434023,T,311.56,40,311.99,40,IBM
2025-11-13,9:36:35.832614495,T,311.55,80,311.99,40,IBM
2025-11-13,9:36:35.832845028,T,311.55,40,311.99,40,IBM
2025-11-13,9:36:35.833030453,T,311.33,40,311.99,40,IBM
2025-11-13,9:36:35.833065601,T,311.57,40,311.99,40,IBM
2025-11-13,9:36:35.833075591,T,311.67,40,311.99,40,IBM
2025-11-13,9:36:35.837716660,T,311.33,40,311.99,40,IBM
2025-11-13,9:36:35.837761746,T,311.31,80,311.99,40,IBM
2025-11-13,9:36:35.838032379,T,311.57,40,311.99,40,IBM
2025-11-13,9:36:35.838032379,T,311.57,40,312.23,200,IBM
2025-11-13,9:36:36.110080004,T,311.57,40,312.1,40,IBM
2025-11-13,9:36:36.116841157,T,311.31,80,312.1,40,IBM
2025-11-13,9:36:36.117262189,T,311.31,80,312.1,80,IBM
2025-11-13,9:36:36.195478340,T,311.31,80,312.0,40,IBM
2025-11-13,9:36:36.195563581,T,311.31,80,312.1,160,IBM
2025-11-13,9:36:36.195563581,T,311.31,80,311.8,40,IBM
2025-11-13,9:36:36.195764030,T,311.58,120,311.8,40,IBM
2025-11-13,9:36:36.195924426,T,311.58,120,312.1,120,IBM
2025-11-13,9:36:36.196034620,T,311.31,80,312.1,120,IBM
2025-11-13,9:36:36.196039740,T,311.58,80,312.1,120,IBM
2025-11-13,9:36:36.196054766,T,311.31,80,312.1,120,IBM
2025-11-13,9:36:36.196069777,T,311.58,80,312.1,120,IBM
2025-11-13,9:36:36.196255600,T,311.32,40,312.1,120,IBM
2025-11-13,9:36:36.196255600,T,311.58,80,312.1,120,IBM
2025-11-13,9:36:36.196335365,T,311.58,80,311.8,40,IBM
2025-11-13,9:36:36.196906739,T,311.58,480,311.8,40,IBM
2025-11-13,9:36:36.213726814,T,311.58,480,312.1,120,IBM
2025-11-13,9:36:36.214423470,T,311.58,480,312.1,160,IBM
2025-11-13,9:36:36.222763320,T,311.58,480,312.1,80,IBM
2025-11-13,9:36:36.223820900,T,311.58,80,312.1,80,IBM
2025-11-13,9:36:36.223825847,T,311.58,120,312.1,80,IBM
2025-11-13,9:36:36.223845886,T,311.8,400,312.1,80,IBM
2025-11-13,9:36:36.223881091,T,311.8,160,312.1,80,IBM
2025-11-13,9:36:36.223881091,T,311.8,280,312.1,80,IBM
2025-11-13,9:36:36.223885925,T,311.8,80,312.1,80,IBM
2025-11-13,9:36:36.223896120,T,311.32,40,312.1,80,IBM
2025-11-13,9:36:36.223906291,T,311.32,40,312.0,40,IBM
2025-11-13,9:36:36.223921052,T,311.32,40,312.0,80,IBM
2025-11-13,9:36:36.231639466,T,311.32,40,312.0,40,IBM
2025-11-13,9:36:36.746164290,T,311.43,40,312.0,40,IBM
2025-11-13,9:36:38.683406158,T,311.49,40,312.0,40,IBM
2025-11-13,9:36:38.725787117,T,311.49,40,311.81,40,IBM
2025-11-13,9:36:38.726248198,T,311.49,40,312.02,40,IBM
2025-11-13,9:36:43.714373080,T,311.15,40,312.02,40,IBM
2025-11-13,9:36:43.714383116,T,311.49,40,312.02,40,IBM
2025-11-13,9:36:43.714388233,T,311.15,40,312.02,40,IBM
2025-11-13,9:36:43.714403227,T,311.49,40,312.02,40,IBM
2025-11-13,9:36:43.714413689,T,311.15,40,312.02,40,IBM
2025-11-13,9:36:43.714413689,T,311.15,40,311.8,40,IBM
2025-11-13,9:36:43.714443190,T,311.15,40,311.65,40,IBM
2025-11-13,9:36:43.714458331,T,311.15,40,311.8,40,IBM
2025-11-13,9:36:43.714458331,T,311.15,40,311.8,80,IBM
2025-11-13,9:36:43.714633674,T,311.15,40,311.8,120,IBM
2025-11-13,9:36:43.715305325,T,311.15,40,311.8,160,IBM
2025-11-13,9:36:43.715550943,T,311.15,440,311.8,160,IBM
2025-11-13,9:36:43.722738028,T,311.32,40,311.8,160,IBM
2025-11-13,9:36:43.722783100,T,311.32,440,311.8,160,IBM
2025-11-13,9:36:43.722783100,T,311.32,400,311.8,160,IBM
2025-11-13,9:36:43.724682565,T,311.32,400,311.8,120,IBM
2025-11-13,9:36:43.755916943,T,311.32,400,311.74,120,IBM
2025-11-13,9:36:43.756337954,T,311.32,400,311.74,160,IBM
2025-11-13,9:36:43.795902203,T,311.32,400,311.74,120,IBM
2025-11-13,9:36:43.867382388,T,311.32,400,311.65,40,IBM
2025-11-13,9:36:44.928237928,T,311.32,400,311.65,80,IBM
2025-11-13,9:36:45.662134941,T,311.32,400,311.65,40,IBM
2025-11-13,9:36:50.106039286,T,311.32,400,311.65,120,IBM
2025-11-13,9:36:52.001180943,T,311.09,40,311.65,120,IBM
2025-11-13,9:36:52.001185937,T,311.09,40,311.65,80,IBM
2025-11-13,9:36:52.001185937,T,311.09,40,312.03,200,IBM
2025-11-13,9:36:52.001185937,T,311.48,40,312.03,200,IBM
2025-11-13,9:36:52.001200990,T,311.33,40,312.03,200,IBM
2025-11-13,9:36:52.001200990,T,311.64,400,312.03,200,IBM
2025-11-13,9:36:52.001230963,T,311.33,40,312.03,200,IBM
2025-11-13,9:36:52.001251042,T,311.64,400,312.03,200,IBM
2025-11-13,9:36:52.001767268,T,311.64,400,312.03,40,IBM
2025-11-13,9:36:52.001792412,T,311.64,400,312.1,40,IBM
2025-11-13,9:36:52.001807336,T,311.65,400,312.1,40,IBM
2025-11-13,9:36:52.011480356,T,311.33,40,312.1,40,IBM
2025-11-13,9:36:52.011505539,T,311.8,120,312.1,40,IBM
2025-11-13,9:36:52.011525524,T,311.8,120,312.21,40,IBM
2025-11-13,9:36:52.011530475,T,311.33,40,312.21,40,IBM
2025-11-13,9:36:52.011560642,T,311.15,40,312.21,40,IBM
2025-11-13,9:36:52.011580579,T,311.09,40,312.21,40,IBM
2025-11-13,9:36:52.012137005,T,311.33,40,312.21,40,IBM
2025-11-13,9:36:52.019168698,T,311.26,40,312.21,40,IBM
2025-11-13,9:36:52.022611987,T,311.33,40,312.21,40,IBM
2025-11-13,9:36:53.106487318,T,311.34,40,312.21,40,IBM
2025-11-13,9:36:53.198721898,T,311.33,40,312.21,40,IBM
2025-11-13,9:36:53.607309449,T,311.15,40,312.21,40,IBM
2025-11-13,9:36:53.607329530,T,311.15,40,311.84,40,IBM
2025-11-13,9:36:53.607459844,T,311.15,40,311.82,40,IBM
2025-11-13,9:36:53.652847906,T,311.15,40,311.81,40,IBM
2025-11-13,9:36:53.795337142,T,311.15,40,311.82,40,IBM
2025-11-13,9:36:57.368573704,T,311.15,40,311.8,40,IBM
2025-11-13,9:36:59.442375553,T,311.15,40,311.82,40,IBM
2025-11-13,9:36:59.804968787,T,311.15,40,312.1,40,IBM
2025-11-13,9:36:59.804988768,T,311.36,40,312.1,40,IBM
2025-11-13,9:36:59.806056365,T,311.15,40,312.1,40,IBM
2025-11-13,9:37:00.726813418,T,311.15,40,312.21,40,IBM
2025-11-13,9:37:01.315585076,T,311.15,40,311.81,40,IBM
2025-11-13,9:37:09.126274470,T,311.15,40,311.9,40,IBM
2025-11-13,9:37:10.156892935,T,311.15,40,312.21,40,IBM
2025-11-13,9:37:10.156913080,T,311.47,40,312.21,40,IBM
2025-11-13,9:37:10.156913080,T,311.47,80,312.21,40,IBM
2025-11-13,9:37:10.157023242,T,311.6,40,312.21,40,IBM
2025-11-13,9:37:10.157048267,T,311.61,40,312.21,40,IBM
2025-11-13,9:37:10.157153541,T,311.61,80,312.21,40,IBM
2025-11-13,9:37:10.157183608,T,311.62,40,312.21,40,IBM
2025-11-13,9:37:10.157539508,T,311.7,40,312.21,40,IBM
2025-11-13,9:37:10.157644656,T,311.62,80,312.21,40,IBM
2025-11-13,9:37:10.157644656,T,311.8,40,312.21,40,IBM
2025-11-13,9:37:10.157699801,T,311.8,40,312.22,160,IBM
2025-11-13,9:37:10.157920290,T,311.8,40,312.32,40,IBM
2025-11-13,9:37:10.158030562,T,311.62,40,312.32,40,IBM
2025-11-13,9:37:10.158070688,T,311.62,80,312.32,40,IBM
2025-11-13,9:37:10.158080732,T,311.7,40,312.32,40,IBM
2025-11-13,9:37:10.158587082,T,311.62,80,312.32,40,IBM
2025-11-13,9:37:10.158587082,T,311.8,40,312.32,40,IBM
2025-11-13,9:37:10.172244536,T,311.62,80,312.32,40,IBM
2025-11-13,9:37:10.177752573,T,311.8,40,312.32,40,IBM
2025-11-13,9:37:10.208315330,T,311.62,80,312.32,40,IBM
2025-11-13,9:37:10.220283774,T,311.62,40,312.32,40,IBM
2025-11-13,9:37:10.220769975,T,311.7,40,312.32,40,IBM
2025-11-13,9:37:10.257196700,T,311.37,40,312.32,40,IBM
2025-11-13,9:37:12.577861327,T,311.37,40,312.31,40,IBM
2025-11-13,9:37:12.578577991,T,311.37,40,312.25,40,IBM
2025-11-13,9:37:12.578608046,T,311.37,40,312.0,40,IBM
2025-11-13,9:37:12.637648621,T,311.37,40,312.0,80,IBM
2025-11-13,9:37:12.638255148,T,311.26,40,312.0,80,IBM
2025-11-13,9:37:12.650288717,T,311.26,40,312.0,40,IBM
2025-11-13,9:37:12.721368004,T,311.26,40,311.96,40,IBM
2025-11-13,9:37:12.828693420,T,311.26,40,312.0,40,IBM
2025-11-13,9:37:12.829946372,T,311.26,40,311.96,40,IBM
2025-11-13,9:37:13.104570209,T,311.26,40,311.96,80,IBM
2025-11-13,9:37:20.102920724,T,311.26,40,311.96,40,IBM
2025-11-13,9:37:33.408666781,T,311.15,40,311.96,40,IBM
2025-11-13,9:37:34.860663488,T,311.09,40,311.96,40,IBM
2025-11-13,9:37:36.037550419,T,311.09,40,311.55,40,IBM
2025-11-13,9:37:36.037555139,T,311.38,200,311.55,40,IBM
2025-11-13,9:37:36.037575635,T,311.38,200,311.77,40,IBM
2025-11-13,9:37:36.037595221,T,311.09,40,311.77,40,IBM
2025-11-13,9:37:36.037605248,T,311.09,40,311.76,40,IBM
2025-11-13,9:37:36.037620289,T,311.09,40,311.54,40,IBM
2025-11-13,9:37:36.037685545,T,311.45,160,311.54,40,IBM
2025-11-13,9:37:36.037705693,T,311.09,40,311.54,40,IBM
2025-11-13,9:37:36.037710934,T,311.09,40,311.68,40,IBM
2025-11-13,9:37:36.037740598,T,311.09,120,311.68,40,IBM
2025-11-13,9:37:36.037740598,T,311.09,120,311.47,40,IBM
2025-11-13,9:37:36.037750727,T,311.09,120,311.68,40,IBM
2025-11-13,9:37:36.037755664,T,311.09,120,311.55,40,IBM
2025-11-13,9:37:36.037765676,T,311.09,200,311.55,40,IBM
2025-11-13,9:37:36.037786018,T,311.09,280,311.55,40,IBM
2025-11-13,9:37:36.037825846,T,311.09,360,311.55,40,IBM
2025-11-13,9:37:36.037835788,T,311.09,400,311.55,40,IBM
2025-11-13,9:37:36.037855981,T,311.09,520,311.55,40,IBM
2025-11-13,9:37:36.037865875,T,311.09,600,311.55,40,IBM
2025-11-13,9:37:36.037891220,T,311.09,680,311.55,40,IBM
2025-11-13,9:37:36.037896024,T,311.09,720,311.55,40,IBM
2025-11-13,9:37:36.037916206,T,311.09,680,311.55,40,IBM
2025-11-13,9:37:36.037916206,T,311.36,80,311.55,40,IBM
2025-11-13,9:37:36.037921125,T,311.36,120,311.55,40,IBM
2025-11-13,9:37:36.037926308,T,311.36,160,311.55,40,IBM
2025-11-13,9:37:36.037926308,T,311.36,240,311.55,40,IBM
2025-11-13,9:37:36.037926308,T,311.36,280,311.55,40,IBM
2025-11-13,9:37:36.037931114,T,311.36,400,311.55,40,IBM
2025-11-13,9:37:36.037956493,T,311.36,680,311.55,40,IBM
2025-11-13,9:37:36.037961123,T,311.36,720,311.55,40,IBM
2025-11-13,9:37:36.037991181,T,311.36,680,311.55,40,IBM
2025-11-13,9:37:36.038056391,T,311.36,680,311.54,40,IBM
2025-11-13,9:37:36.038231748,T,311.43,240,311.54,40,IBM
2025-11-13,9:37:36.038256929,T,311.43,320,311.54,40,IBM
2025-11-13,9:37:36.038256929,T,311.43,360,311.54,40,IBM
2025-11-13,9:37:36.038261817,T,311.43,400,311.54,40,IBM
2025-11-13,9:37:36.038261817,T,311.43,440,311.54,40,IBM
2025-11-13,9:37:36.038261817,T,311.43,520,311.54,40,IBM
2025-11-13,9:37:36.038266847,T,311.43,640,311.54,40,IBM
2025-11-13,9:37:36.038276890,T,311.43,920,311.54,40,IBM
2025-11-13,9:37:36.048145419,T,311.43,920,311.55,40,IBM
2025-11-13,9:37:36.048155414,T,311.43,920,311.76,40,IBM
2025-11-13,9:37:36.054876684,T,311.43,880,311.76,40,IBM
2025-11-13,9:37:36.054901640,T,311.43,640,311.76,40,IBM
2025-11-13,9:37:36.054906652,T,311.43,560,311.76,40,IBM
2025-11-13,9:37:36.054906652,T,311.43,520,311.76,40,IBM
2025-11-13,9:37:36.054911550,T,311.43,480,311.76,40,IBM
2025-11-13,9:37:36.054911550,T,311.43,440,311.76,40,IBM
2025-11-13,9:37:36.054911550,T,311.43,360,311.76,40,IBM
2025-11-13,9:37:36.054916465,T,311.43,240,311.76,40,IBM
2025-11-13,9:37:36.054916465,T,311.31,160,311.76,40,IBM
2025-11-13,9:37:36.055317509,T,311.31,160,311.68,40,IBM
2025-11-13,9:37:36.055583048,T,311.31,160,311.76,40,IBM
2025-11-13,9:37:36.088065401,T,311.31,40,311.76,40,IBM
2025-11-13,9:37:36.088085562,T,310.93,40,311.76,40,IBM
2025-11-13,9:37:36.088110542,T,310.93,40,311.68,40,IBM
2025-11-13,9:37:36.088125560,T,310.93,40,311.76,40,IBM
2025-11-13,9:37:36.088321033,T,310.93,80,311.76,40,IBM
2025-11-13,9:37:36.088336036,T,310.93,120,311.76,40,IBM
2025-11-13,9:37:36.088381120,T,310.93,200,311.76,40,IBM
2025-11-13,9:37:36.088476363,T,310.93,240,311.76,40,IBM
2025-11-13,9:37:36.088506477,T,310.93,280,311.76,40,IBM
2025-11-13,9:37:36.094189961,T,310.93,280,311.68,40,IBM
2025-11-13,9:37:36.094200029,T,310.93,280,311.39,40,IBM
2025-11-13,9:37:36.094225038,T,310.93,280,311.39,80,IBM
2025-11-13,9:37:36.094320344,T,310.93,280,311.39,120,IBM
2025-11-13,9:37:36.094410629,T,310.93,280,311.39,160,IBM
2025-11-13,9:37:36.094425607,T,310.93,280,311.39,200,IBM
2025-11-13,9:37:36.094535815,T,310.93,280,311.39,160,IBM
2025-11-13,9:37:36.094856678,T,310.93,280,311.39,120,IBM
2025-11-13,9:37:36.094941774,T,311.0,40,311.39,120,IBM
2025-11-13,9:37:36.094946776,T,311.0,80,311.39,120,IBM
2025-11-13,9:37:36.094961834,T,311.0,80,311.39,80,IBM
2025-11-13,9:37:36.094961834,T,311.0,80,311.39,40,IBM
2025-11-13,9:37:36.094967291,T,311.0,80,311.68,40,IBM
2025-11-13,9:37:36.094967291,T,311.0,120,311.68,40,IBM
2025-11-13,9:37:36.094967291,T,311.0,240,311.68,40,IBM
2025-11-13,9:37:36.094971875,T,311.0,280,311.68,40,IBM
2025-11-13,9:37:36.094971875,T,311.0,320,311.68,40,IBM
2025-11-13,9:37:36.094976918,T,311.19,40,311.68,40,IBM
2025-11-13,9:37:36.094976918,T,311.19,160,311.68,40,IBM
2025-11-13,9:37:36.094981848,T,311.19,200,311.68,40,IBM
2025-11-13,9:37:36.094986918,T,311.19,240,311.68,40,IBM
2025-11-13,9:37:36.095006945,T,311.19,240,311.76,40,IBM
2025-11-13,9:37:36.095011941,T,311.19,280,311.76,40,IBM
2025-11-13,9:37:36.095032022,T,311.19,320,311.76,40,IBM
2025-11-13,9:37:36.095037029,T,311.38,80,311.76,40,IBM
2025-11-13,9:37:36.095037029,T,311.38,120,311.76,40,IBM
2025-11-13,9:37:36.095042141,T,311.38,160,311.76,40,IBM
2025-11-13,9:37:36.095042141,T,311.38,200,311.76,40,IBM
2025-11-13,9:37:36.095042141,T,311.38,240,311.76,40,IBM
2025-11-13,9:37:36.095062950,T,311.38,120,311.76,40,IBM
2025-11-13,9:37:36.095062950,T,311.38,80,311.76,40,IBM
2025-11-13,9:37:36.095062950,T,311.38,40,311.76,40,IBM
2025-11-13,9:37:36.095067051,T,311.19,80,311.76,40,IBM
2025-11-13,9:37:36.095072357,T,311.29,40,311.76,40,IBM
2025-11-13,9:37:36.095112270,T,311.19,40,311.76,40,IBM
2025-11-13,9:37:36.095387971,T,311.0,80,311.76,40,IBM
2025-11-13,9:37:36.137543248,T,311.0,80,311.96,40,IBM
2025-11-13,9:37:36.154268053,T,311.0,80,312.03,160,IBM
2025-11-13,9:37:36.261508314,T,311.0,80,311.77,40,IBM
2025-11-13,9:37:36.261713781,T,311.0,80,311.77,80,IBM
2025-11-13,9:37:36.261728847,T,311.0,80,311.77,120,IBM
2025-11-13,9:37:36.261929345,T,311.0,80,311.77,160,IBM
2025-11-13,9:37:36.295574378,T,311.0,80,311.77,120,IBM
2025-11-13,9:37:36.368563183,T,311.0,80,311.77,80,IBM
2025-11-13,9:37:36.368783664,T,311.0,80,311.77,40,IBM
2025-11-13,9:37:36.369214783,T,311.0,80,311.77,80,IBM
2025-11-13,9:37:37.977633833,T,311.0,80,311.77,40,IBM
2025-11-13,9:37:49.208731016,T,311.0,80,311.75,40,IBM
2025-11-13,9:37:53.905953216,T,311.0,80,311.75,80,IBM
2025-11-13,9:37:53.906815315,T,311.0,80,311.75,120,IBM
2025-11-13,9:37:53.913385956,T,311.0,80,311.74,40,IBM
2025-11-13,9:37:53.913756913,T,311.0,40,311.74,40,IBM
2025-11-13,9:37:53.913781880,T,310.96,200,311.74,40,IBM
2025-11-13,9:37:53.914067526,T,310.96,200,311.6,40,IBM
2025-11-13,9:37:53.914904541,T,310.96,200,311.75,120,IBM
2025-11-13,9:37:57.066056443,T,310.96,200,311.75,80,IBM
2025-11-13,9:38:01.504222001,T,310.96,200,311.58,40,IBM
2025-11-13,9:38:02.334157888,T,310.96,200,311.75,80,IBM
2025-11-13,9:38:04.926188397,T,311.14,80,311.75,80,IBM
2025-11-13,9:38:05.901044112,T,311.14,80,311.75,40,IBM
2025-11-13,9:38:06.010058699,T,311.14,80,311.58,40,IBM
2025-11-13,9:38:06.119920161,T,311.14,80,311.75,40,IBM
2025-11-13,9:38:06.120591833,T,311.14,80,311.58,40,IBM
2025-11-13,9:38:07.340731560,T,311.14,80,311.58,80,IBM
2025-11-13,9:38:07.914793181,T,310.93,40,311.58,80,IBM
2025-11-13,9:38:11.712534170,T,310.93,40,311.58,120,IBM
2025-11-13,9:38:11.720332693,T,310.93,40,311.58,80,IBM
2025-11-13,9:38:11.720513112,T,310.93,40,311.57,40,IBM
2025-11-13,9:38:11.720723653,T,310.93,40,311.57,80,IBM
2025-11-13,9:38:11.965776987,T,310.93,40,311.57,40,IBM
2025-11-13,9:38:14.588676237,T,310.93,40,311.56,40,IBM
2025-11-13,9:38:15.380852086,T,310.93,40,311.58,40,IBM
2025-11-13,9:38:15.602915745,T,310.93,40,311.56,80,IBM
2025-11-13,9:38:20.755396933,T,310.93,40,311.58,40,IBM
2025-11-13,9:38:21.272958954,T,310.93,40,311.55,40,IBM
2025-11-13,9:38:21.291763712,T,310.93,40,311.55,80,IBM
2025-11-13,9:38:21.292059458,T,310.93,40,311.55,120,IBM
2025-11-13,9:38:21.292265005,T,310.93,40,311.19,40,IBM
2025-11-13,9:38:21.292355164,T,310.93,40,311.55,160,IBM
2025-11-13,9:38:21.292405252,T,310.93,40,311.19,40,IBM
2025-11-13,9:38:21.292460904,T,310.93,40,311.55,160,IBM
2025-11-13,9:38:21.292500649,T,310.82,40,311.55,160,IBM
2025-11-13,9:38:21.292550819,T,310.77,200,311.55,160,IBM
2025-11-13,9:38:21.292595704,T,310.77,200,311.55,120,IBM
2025-11-13,9:38:21.292600835,T,310.77,200,311.36,40,IBM
2025-11-13,9:38:21.293357537,T,310.77,200,311.55,120,IBM
2025-11-13,9:38:21.293618222,T,310.77,200,311.31,40,IBM
2025-11-13,9:38:21.293618222,T,310.77,200,311.31,80,IBM
2025-11-13,9:38:21.295713189,T,310.77,40,311.31,80,IBM
2025-11-13,9:38:21.295773282,T,310.77,40,311.31,40,IBM
2025-11-13,9:38:21.298715301,T,310.77,40,311.55,120,IBM
2025-11-13,9:38:21.299111226,T,310.77,40,311.37,40,IBM
2025-11-13,9:38:21.299141301,T,310.77,40,311.37,80,IBM
2025-11-13,9:38:21.299331751,T,310.77,40,311.37,120,IBM
2025-11-13,9:38:21.306473845,T,310.77,40,311.37,160,IBM
2025-11-13,9:38:21.306548993,T,310.77,40,311.28,40,IBM
2025-11-13,9:38:21.306558935,T,310.77,80,311.28,40,IBM
2025-11-13,9:38:21.306583982,T,311.18,40,311.28,40,IBM
2025-11-13,9:38:21.306604731,T,310.77,80,311.28,40,IBM
2025-11-13,9:38:21.306609382,T,311.18,40,311.28,40,IBM
2025-11-13,9:38:21.306609382,T,310.77,40,311.28,40,IBM
2025-11-13,9:38:21.306619540,T,310.77,40,311.28,80,IBM
2025-11-13,9:38:21.306629192,T,310.77,40,311.28,120,IBM
2025-11-13,9:38:21.306634156,T,310.71,40,311.28,120,IBM
2025-11-13,9:38:21.306644184,T,310.71,40,311.28,80,IBM
2025-11-13,9:38:21.306664308,T,310.71,40,311.23,40,IBM
2025-11-13,9:38:21.306939829,T,310.71,40,311.23,80,IBM
2025-11-13,9:38:21.306949856,T,310.71,40,311.14,40,IBM
2025-11-13,9:38:21.307085196,T,310.71,40,311.23,80,IBM
2025-11-13,9:38:21.342815236,T,310.71,40,311.23,40,IBM
2025-11-13,9:38:21.342845391,T,310.71,40,311.28,120,IBM
2025-11-13,9:38:21.343030801,T,310.71,40,311.28,80,IBM
2025-11-13,9:38:21.833999567,T,310.6,40,311.28,80,IBM
2025-11-13,9:38:21.836881459,T,310.56,40,311.28,80,IBM
2025-11-13,9:38:21.911494145,T,310.57,40,311.28,80,IBM
2025-11-13,9:38:22.051086366,T,310.49,40,311.28,80,IBM
2025-11-13,9:38:22.051166681,T,310.58,40,311.28,80,IBM
2025-11-13,9:38:22.178935725,T,310.49,40,311.28,80,IBM
2025-11-13,9:38:22.186503788,T,310.54,40,311.28,80,IBM
2025-11-13,9:38:22.485014368,T,310.49,40,311.28,80,IBM
2025-11-13,9:38:22.485094591,T,310.55,40,311.28,80,IBM
2025-11-13,9:38:23.318714194,T,310.49,40,311.28,80,IBM
2025-11-13,9:38:23.319255423,T,310.54,40,311.28,80,IBM
2025-11-13,9:38:23.463669196,T,310.49,40,311.28,80,IBM
2025-11-13,9:38:23.463749377,T,310.55,40,311.28,80,IBM
2025-11-13,9:38:23.657390373,T,310.49,40,311.28,80,IBM
2025-11-13,9:38:23.657675997,T,310.56,40,311.28,80,IBM
2025-11-13,9:38:23.665494685,T,310.56,40,311.28,40,IBM
2025-11-13,9:38:23.665519724,T,310.56,40,311.44,40,IBM
2025-11-13,9:38:23.897782822,T,310.49,40,311.44,40,IBM
2025-11-13,9:38:23.897857985,T,310.57,40,311.44,40,IBM
2025-11-13,9:38:24.243109934,T,310.49,40,311.44,40,IBM
2025-11-13,9:38:24.243566045,T,310.57,40,311.44,40,IBM
2025-11-13,9:38:24.972536415,T,310.49,40,311.44,40,IBM
2025-11-13,9:38:24.972536415,T,310.85,40,311.44,40,IBM
2025-11-13,9:38:24.972561438,T,310.99,40,311.44,40,IBM
2025-11-13,9:38:24.972631710,T,310.99,40,311.45,40,IBM
2025-11-13,9:38:25.034769604,T,310.85,40,311.45,40,IBM
2025-11-13,9:38:32.260551496,T,310.89,40,311.45,40,IBM
2025-11-13,9:38:32.260561510,T,311.06,40,311.45,40,IBM
2025-11-13,9:38:32.260942364,T,311.08,40,311.45,40,IBM
2025-11-13,9:38:32.260997536,T,311.08,40,311.45,80,IBM
2025-11-13,9:38:32.261152971,T,311.08,40,311.42,40,IBM
2025-11-13,9:38:32.261172869,T,311.08,40,311.42,80,IBM
2025-11-13,9:38:32.261619035,T,310.6,40,311.42,80,IBM
2025-11-13,9:38:32.262215378,T,310.89,40,311.42,80,IBM
2025-11-13,9:38:39.582818199,T,310.71,40,311.42,80,IBM
2025-11-13,9:38:44.033899472,T,310.71,40,311.41,40,IBM
2025-11-13,9:38:46.641913084,T,311.02,40,311.41,40,IBM
2025-11-13,9:38:46.641933253,T,310.71,40,311.41,40,IBM
2025-11-13,9:38:46.641933253,T,311.18,40,311.41,40,IBM
2025-11-13,9:38:46.642013440,T,311.18,40,311.42,40,IBM
2025-11-13,9:38:46.642013440,T,311.18,40,311.59,40,IBM
2025-11-13,9:38:46.642063707,T,311.21,40,311.59,40,IBM
2025-11-13,9:38:46.642088561,T,311.29,40,311.59,40,IBM
2025-11-13,9:38:46.642098578,T,311.29,80,311.59,40,IBM
2025-11-13,9:38:46.642544589,T,311.29,40,311.59,40,IBM
2025-11-13,9:38:46.643176187,T,311.29,40,311.59,120,IBM
2025-11-13,9:38:46.646103103,T,311.21,40,311.59,120,IBM
2025-11-13,9:38:46.646254079,T,311.18,40,311.59,120,IBM
2025-11-13,9:38:46.646940110,T,310.82,40,311.59,120,IBM
2025-11-13,9:38:46.650729075,T,310.71,40,311.59,120,IBM
2025-11-13,9:38:46.723392155,T,310.71,40,311.59,80,IBM
2025-11-13,9:38:46.761487875,T,310.71,40,311.62,40,IBM
2025-11-13,9:38:46.761512827,T,311.2,80,311.62,40,IBM
2025-11-13,9:38:46.762104323,T,311.2,80,311.75,40,IBM
2025-11-13,9:38:46.762139546,T,311.35,40,311.75,40,IBM
2025-11-13,9:38:46.762224611,T,311.48,40,311.75,40,IBM
2025-11-13,9:38:46.762269627,T,311.48,40,311.84,40,IBM
2025-11-13,9:38:46.763161757,T,311.3,80,311.84,40,IBM
2025-11-13,9:38:46.770564464,T,311.3,40,311.84,40,IBM
2025-11-13,9:38:46.906723544,T,311.3,40,311.84,80,IBM
2025-11-13,9:38:46.952061485,T,311.3,40,311.84,40,IBM
2025-11-13,9:38:46.959439077,T,311.3,40,311.96,40,IBM
2025-11-13,9:38:46.986628791,T,311.35,40,311.96,40,IBM
2025-11-13,9:38:49.873586657,T,311.35,40,311.92,40,IBM
2025-11-13,9:38:50.003806598,T,311.35,40,311.91,40,IBM
2025-11-13,9:38:50.004047243,T,311.35,40,311.8,40,IBM
2025-11-13,9:38:50.004658729,T,311.35,40,311.96,40,IBM
2025-11-13,9:38:52.096799145,T,311.15,40,311.96,40,IBM
2025-11-13,9:38:52.096804104,T,311.15,40,311.8,40,IBM
2025-11-13,9:38:52.096814229,T,311.15,40,311.69,80,IBM
2025-11-13,9:38:52.096824158,T,311.15,40,311.63,40,IBM
2025-11-13,9:38:52.096824158,T,311.15,40,311.53,40,IBM
2025-11-13,9:38:52.097435742,T,311.04,40,311.53,40,IBM
2025-11-13,9:38:52.097971994,T,311.04,40,311.52,40,IBM
2025-11-13,9:38:52.098327749,T,310.93,40,311.52,40,IBM
2025-11-13,9:38:52.098673559,T,310.93,40,311.53,40,IBM
2025-11-13,9:38:52.098688643,T,310.93,40,311.56,80,IBM
2025-11-13,9:38:52.098894082,T,310.93,40,311.53,40,IBM
2025-11-13,9:38:52.197353554,T,310.93,40,311.53,80,IBM
2025-11-13,9:38:52.220884542,T,310.93,40,311.53,40,IBM
2025-11-13,9:38:52.220899528,T,310.93,40,311.56,80,IBM
2025-11-13,9:38:52.683340511,T,310.93,40,311.51,40,IBM
2025-11-13,9:39:05.165856913,T,310.82,40,311.51,40,IBM
2025-11-13,9:39:08.020267182,T,311.05,40,311.51,40,IBM
2025-11-13,9:39:09.146152566,T,311.05,80,311.51,40,IBM
2025-11-13,9:39:10.031229486,T,311.06,40,311.51,40,IBM
2025-11-13,9:39:10.031269620,T,311.25,40,311.51,40,IBM
2025-11-13,9:39:10.031480052,T,311.25,40,311.86,160,IBM
2025-11-13,9:39:10.031565338,T,311.25,80,311.86,160,IBM
2025-11-13,9:39:10.031590306,T,311.38,40,311.86,160,IBM
2025-11-13,9:39:10.031951286,T,311.25,40,311.86,160,IBM
2025-11-13,9:39:10.031961267,T,311.05,160,311.86,160,IBM
2025-11-13,9:39:10.032011489,T,311.05,120,311.86,160,IBM
2025-11-13,9:39:10.032397278,T,311.05,120,311.96,40,IBM
2025-11-13,9:39:10.342214914,T,311.25,40,311.96,40,IBM
2025-11-13,9:39:10.343272665,T,311.44,40,311.96,40,IBM
2025-11-13,9:39:10.344054179,T,311.26,40,311.96,40,IBM
2025-11-13,9:39:10.344059261,T,311.26,40,312.01,40,IBM
2025-11-13,9:39:11.987040723,T,311.26,40,311.91,40,IBM
2025-11-13,9:39:12.041124330,T,311.32,40,311.91,40,IBM
2025-11-13,9:39:12.041149453,T,311.32,40,312.01,40,IBM
2025-11-13,9:39:13.751611367,T,311.32,40,311.9,80,IBM
2025-11-13,9:39:15.156676405,T,311.49,80,311.9,80,IBM
2025-11-13,9:39:15.468227997,T,311.49,80,311.9,200,IBM
2025-11-13,9:39:15.882173427,T,311.32,40,311.9,200,IBM
2025-11-13,9:39:16.444086230,T,311.38,40,311.9,200,IBM
2025-11-13,9:39:17.549983878,T,311.41,40,311.9,200,IBM
2025-11-13,9:39:17.858302949,T,311.41,40,311.89,40,IBM
2025-11-13,9:39:17.858332946,T,311.41,40,311.88,40,IBM
2025-11-13,9:39:17.858363050,T,311.41,40,311.88,80,IBM
2025-11-13,9:39:17.858804093,T,311.41,40,311.88,40,IBM
2025-11-13,9:39:17.858804093,T,311.41,40,311.74,40,IBM
2025-11-13,9:39:17.864873571,T,311.41,40,311.9,200,IBM
2025-11-13,9:39:19.171744672,T,311.32,40,311.9,200,IBM
2025-11-13,9:39:19.673198524,T,311.5,40,311.9,200,IBM
2025-11-13,9:39:21.348351397,T,311.5,40,311.74,40,IBM
2025-11-13,9:39:25.104929535,T,311.5,40,311.74,80,IBM
2025-11-13,9:39:27.104264158,T,311.32,40,311.74,80,IBM
2025-11-13,9:39:27.104299212,T,311.32,40,311.74,120,IBM
2025-11-13,9:39:27.104314315,T,311.32,40,311.74,160,IBM
2025-11-13,9:39:27.104519951,T,311.32,40,311.62,40,IBM
2025-11-13,9:39:27.104519951,T,311.32,200,311.62,40,IBM
2025-11-13,9:39:27.108759827,T,311.32,160,311.62,40,IBM
2025-11-13,9:39:27.166512337,T,311.32,160,311.74,120,IBM
2025-11-13,9:39:27.941036286,T,311.32,160,311.74,80,IBM
2025-11-13,9:39:31.103184152,T,311.32,160,311.74,40,IBM
2025-11-13,9:39:31.103209242,T,311.32,160,311.89,40,IBM
2025-11-13,9:39:36.060671108,T,311.37,40,311.89,40,IBM
2025-11-13,9:39:36.060711287,T,311.45,160,311.89,40,IBM
2025-11-13,9:39:36.060811578,T,311.45,200,311.89,40,IBM
2025-11-13,9:39:36.060931739,T,311.45,200,311.73,80,IBM
2025-11-13,9:39:36.060971905,T,311.45,200,311.73,120,IBM
2025-11-13,9:39:36.076188032,T,311.45,160,311.73,120,IBM
2025-11-13,9:39:40.957132711,T,311.45,160,311.7,40,IBM
2025-11-13,9:39:41.824708177,T,311.45,160,311.69,40,IBM
2025-11-13,9:39:41.824718219,T,311.45,160,311.69,80,IBM
2025-11-13,9:39:42.544241100,T,311.45,160,311.69,40,IBM
2025-11-13,9:39:43.932866962,T,311.45,200,311.69,40,IBM
2025-11-13,9:39:46.095470412,T,311.45,200,311.7,40,IBM
2025-11-13,9:39:46.134488296,T,311.45,200,311.69,40,IBM
2025-11-13,9:39:46.265735642,T,311.45,200,311.7,40,IBM
2025-11-13,9:39:46.359869728,T,311.45,40,311.7,40,IBM
2025-11-13,9:39:46.359874810,T,311.46,40,311.7,40,IBM
2025-11-13,9:39:46.359879805,T,311.46,40,311.73,80,IBM
2025-11-13,9:39:46.359894868,T,311.68,160,311.73,80,IBM
2025-11-13,9:39:46.360000041,T,311.68,120,311.73,80,IBM
2025-11-13,9:39:46.360025171,T,311.68,80,311.73,80,IBM
2025-11-13,9:39:46.360025171,T,311.57,40,311.73,80,IBM
2025-11-13,9:39:46.360050210,T,311.68,80,311.73,80,IBM
2025-11-13,9:39:46.360230650,T,311.68,80,312.0,40,IBM
2025-11-13,9:39:46.360245657,T,311.57,40,312.0,40,IBM
2025-11-13,9:39:46.360275752,T,311.71,80,312.0,40,IBM
2025-11-13,9:39:46.360536343,T,311.71,80,312.1,40,IBM
2025-11-13,9:39:46.360566450,T,311.71,120,312.1,40,IBM
2025-11-13,9:39:46.360661585,T,311.71,40,312.1,40,IBM
2025-11-13,9:39:46.360666739,T,311.72,40,312.1,40,IBM
2025-11-13,9:39:46.360686733,T,311.73,80,312.1,40,IBM
2025-11-13,9:39:47.363027862,T,311.73,80,312.21,40,IBM
2025-11-13,9:39:48.389321115,T,311.45,40,312.21,40,IBM
2025-11-13,9:39:48.389346595,T,311.89,80,312.21,40,IBM
2025-11-13,9:39:48.389481549,T,311.9,80,312.21,40,IBM
2025-11-13,9:39:48.389697069,T,311.81,40,312.21,40,IBM
2025-11-13,9:39:48.389722185,T,311.9,80,312.21,40,IBM
2025-11-13,9:39:48.389947619,T,311.81,40,312.21,40,IBM
2025-11-13,9:39:48.389972749,T,311.91,80,312.21,40,IBM
2025-11-13,9:39:48.400698222,T,311.91,80,312.29,40,IBM
2025-11-13,9:39:48.634028758,T,311.91,80,312.25,40,IBM
2025-11-13,9:39:49.389722655,T,311.91,80,312.25,80,IBM
2025-11-13,9:39:49.845567931,T,311.91,80,312.24,40,IBM
2025-11-13,9:39:52.738825659,T,311.91,80,312.24,80,IBM
2025-11-13,9:39:58.318443706,T,311.91,80,312.24,120,IBM
2025-11-13,9:40:00.204934778,T,311.91,80,312.24,80,IBM
2025-11-13,9:40:04.208971813,T,311.91,80,312.24,120,IBM
2025-11-13,9:40:04.209021911,T,311.8,120,312.24,120,IBM
2025-11-13,9:40:04.209031928,T,311.8,120,312.23,40,IBM
2025-11-13,9:40:04.209042398,T,311.8,120,312.08,40,IBM
2025-11-13,9:40:04.209267702,T,311.8,120,312.08,80,IBM
2025-11-13,9:40:04.210224786,T,311.61,40,312.08,80,IBM
2025-11-13,9:40:04.210234766,T,311.8,40,312.08,80,IBM
2025-11-13,9:40:04.210239897,T,311.61,40,312.08,80,IBM
2025-11-13,9:40:04.210260257,T,311.61,40,312.08,120,IBM
2025-11-13,9:40:04.210290007,T,311.61,40,312.08,40,IBM
2025-11-13,9:40:04.210355120,T,311.61,40,312.07,40,IBM
2025-11-13,9:40:04.210400229,T,311.61,40,311.94,40,IBM
2025-11-13,9:40:04.219301389,T,311.28,160,311.94,40,IBM
2025-11-13,9:40:04.229410481,T,311.28,160,312.07,40,IBM
2025-11-13,9:40:04.310338160,T,311.28,160,312.23,40,IBM
2025-11-13,9:40:05.689867213,T,311.66,40,312.23,40,IBM
2025-11-13,9:40:05.689872293,T,311.66,40,312.24,80,IBM
2025-11-13,9:40:05.690654134,T,311.66,40,312.24,40,IBM
2025-11-13,9:40:05.752075450,T,311.42,40,312.24,40,IBM
2025-11-13,9:40:05.752566603,T,311.66,40,312.24,40,IBM
2025-11-13,9:40:05.789995634,T,311.28,160,312.24,40,IBM
2025-11-13,9:40:06.973252514,T,311.28,160,312.22,40,IBM
2025-11-13,9:40:06.973277526,T,311.28,160,312.2,40,IBM
2025-11-13,9:40:06.974029350,T,311.28,160,312.2,80,IBM
2025-11-13,9:40:09.973209290,T,311.54,40,312.2,80,IBM
2025-11-13,9:40:10.062662310,T,311.54,40,312.19,40,IBM
2025-11-13,9:40:10.063424095,T,311.54,40,312.19,80,IBM
2025-11-13,9:40:10.199718593,T,311.54,40,312.19,40,IBM
2025-11-13,9:40:12.132815560,T,311.54,40,312.18,40,IBM
2025-11-13,9:40:14.444528979,T,311.28,160,312.18,40,IBM
2025-11-13,9:40:21.452101436,T,311.28,160,312.17,40,IBM
2025-11-13,9:40:21.452858260,T,311.28,160,312.17,80,IBM
2025-11-13,9:40:22.106288882,T,311.28,160,312.17,40,IBM
2025-11-13,9:40:22.420426545,T,311.28,160,312.24,40,IBM
2025-11-13,9:40:24.004181889,T,311.67,40,312.24,40,IBM
2025-11-13,9:40:24.005008803,T,311.83,40,312.24,40,IBM
2025-11-13,9:40:24.005289601,T,311.83,40,312.28,40,IBM
2025-11-13,9:40:24.067222020,T,311.67,40,312.28,40,IBM
2025-11-13,9:40:25.005455613,T,311.67,40,312.36,80,IBM
2025-11-13,9:40:25.131681128,T,311.92,40,312.36,80,IBM
2025-11-13,9:40:25.131726235,T,311.96,40,312.36,80,IBM
2025-11-13,9:40:25.131826461,T,311.92,80,312.36,80,IBM
2025-11-13,9:40:25.131826461,T,312.06,40,312.36,80,IBM
2025-11-13,9:40:25.132152284,T,311.68,40,312.36,80,IBM
2025-11-13,9:40:25.132442844,T,311.92,40,312.36,80,IBM
2025-11-13,9:40:25.132583201,T,311.92,80,312.36,80,IBM
2025-11-13,9:40:25.132653405,T,311.92,120,312.36,80,IBM
2025-11-13,9:40:25.142587073,T,311.92,120,312.36,40,IBM
2025-11-13,9:40:25.142607482,T,311.92,80,312.36,40,IBM
2025-11-13,9:40:25.142607482,T,312.08,40,312.36,40,IBM
2025-11-13,9:40:25.144225898,T,311.72,40,312.36,40,IBM
2025-11-13,9:40:25.152450540,T,311.78,40,312.36,40,IBM
2025-11-13,9:40:25.152655932,T,311.78,80,312.36,40,IBM
2025-11-13,9:40:25.385425079,T,311.78,40,312.36,40,IBM
2025-11-13,9:40:25.621437058,T,311.86,40,312.36,40,IBM
2025-11-13,9:40:25.621893020,T,311.86,80,312.36,40,IBM
2025-11-13,9:40:25.753746940,T,311.86,40,312.36,40,IBM
2025-11-13,9:40:25.997502232,T,311.87,40,312.36,40,IBM
2025-11-13,9:40:26.024225920,T,311.87,80,312.36,40,IBM
2025-11-13,9:40:26.130563970,T,312.1,40,312.36,40,IBM
2025-11-13,9:40:26.131040367,T,312.1,40,312.64,40,IBM
2025-11-13,9:40:26.131065260,T,312.1,80,312.64,40,IBM
2025-11-13,9:40:26.131095278,T,312.11,40,312.64,40,IBM
2025-11-13,9:40:26.131551563,T,312.11,80,312.64,40,IBM
2025-11-13,9:40:26.132338210,T,312.11,40,312.64,40,IBM
2025-11-13,9:40:26.132398352,T,312.12,40,312.64,40,IBM
