DATE,TIME_M,EX,BID,BIDSIZ,ASK,ASKSIZ,SYM_ROOT
2025-11-06,9:30:01.379846286,T,305.0,80,307.5,40,IBM
2025-11-06,9:30:01.392265865,T,305.0,40,307.5,40,IBM
2025-11-06,9:30:05.879002265,T,305.0,80,307.5,40,IBM
2025-11-06,9:30:05.879318002,T,306.29,40,307.5,40,IBM
2025-11-06,9:30:05.883011767,T,305.0,80,307.5,40,IBM
2025-11-06,9:30:05.885853580,T,305.0,40,307.5,40,IBM
2025-11-06,9:30:05.977652064,T,305.0,40,307.5,80,IBM
2025-11-06,9:30:06.393061068,T,305.0,40,307.5,40,IBM
2025-11-06,9:30:08.157025311,T,305.0,80,307.5,40,IBM
2025-11-06,9:30:08.157100534,T,305.0,80,308.0,40,IBM
2025-11-06,9:30:08.157155640,T,306.44,40,308.0,40,IBM
2025-11-06,9:30:08.157902465,T,306.44,40,307.71,40,IBM
2025-11-06,9:30:08.157922491,T,306.44,40,307.71,80,IBM
2025-11-06,9:30:08.157947581,T,306.44,40,307.71,40,IBM
2025-11-06,9:30:08.157952560,T,306.44,40,308.0,40,IBM
2025-11-06,9:30:08.157962564,T,305.28,40,308.0,40,IBM
2025-11-06,9:30:08.157982703,T,305.28,40,307.4,80,IBM
2025-11-06,9:30:08.158017760,T,306.44,40,307.4,80,IBM
2025-11-06,9:30:08.158022925,T,306.44,40,308.0,40,IBM
2025-11-06,9:30:08.158027759,T,306.44,40,308.0,80,IBM
2025-11-06,9:30:08.158027759,T,305.28,40,308.0,80,IBM
2025-11-06,9:30:08.158173134,T,305.0,40,308.0,80,IBM
2025-11-06,9:30:08.193286703,T,305.28,40,308.0,80,IBM
2025-11-06,9:30:08.197296271,T,305.0,40,308.0,80,IBM
2025-11-06,9:30:08.963761035,T,305.0,40,308.0,40,IBM
2025-11-06,9:30:09.230190190,T,305.0,80,308.0,40,IBM
2025-11-06,9:30:09.230205527,T,307.09,40,308.0,40,IBM
2025-11-06,9:30:09.230235424,T,307.27,40,308.0,40,IBM
2025-11-06,9:30:09.230260364,T,307.09,40,308.0,40,IBM
2025-11-06,9:30:09.230656333,T,307.27,40,308.0,40,IBM
2025-11-06,9:30:09.230671384,T,307.27,80,308.0,40,IBM
2025-11-06,9:30:09.781633009,T,307.27,120,308.0,40,IBM
2025-11-06,9:30:09.781688154,T,307.27,80,308.0,40,IBM
2025-11-06,9:30:09.781698208,T,307.27,40,308.0,40,IBM
2025-11-06,9:30:09.781713242,T,305.86,40,308.0,40,IBM
2025-11-06,9:30:09.782891088,T,305.67,40,308.0,40,IBM
2025-11-06,9:30:10.193949837,T,305.86,40,308.0,40,IBM
2025-11-06,9:30:10.201227215,T,305.67,40,308.0,40,IBM
2025-11-06,9:30:10.230797594,T,305.67,40,308.5,40,IBM
2025-11-06,9:30:10.230822634,T,305.67,40,308.72,40,IBM
2025-11-06,9:30:10.230847836,T,305.86,40,308.72,40,IBM
2025-11-06,9:30:10.230872982,T,307.27,40,308.72,40,IBM
2025-11-06,9:30:10.230877823,T,307.41,40,308.72,40,IBM
2025-11-06,9:30:10.230877823,T,307.27,40,308.72,40,IBM
2025-11-06,9:30:10.230902874,T,307.41,40,308.72,40,IBM
2025-11-06,9:30:10.230927908,T,307.61,40,308.72,40,IBM
2025-11-06,9:30:10.230947915,T,307.63,40,308.72,40,IBM
2025-11-06,9:30:10.232541738,T,307.61,40,308.72,40,IBM
2025-11-06,9:30:10.234887364,T,307.27,40,308.72,40,IBM
2025-11-06,9:30:10.237182853,T,307.27,40,308.0,80,IBM
2025-11-06,9:30:10.237227921,T,305.86,40,308.0,80,IBM
2025-11-06,9:30:10.237262978,T,305.86,40,308.72,40,IBM
2025-11-06,9:30:10.238205293,T,305.67,40,308.72,40,IBM
2025-11-06,9:30:11.096819475,T,307.27,40,308.72,40,IBM
2025-11-06,9:30:11.096974719,T,307.65,40,308.72,40,IBM
2025-11-06,9:30:11.100558260,T,307.27,40,308.72,40,IBM
2025-11-06,9:30:11.104101802,T,305.67,40,308.72,40,IBM
2025-11-06,9:30:13.884681417,T,305.67,40,308.61,120,IBM
2025-11-06,9:30:14.291404712,T,305.67,40,308.42,80,IBM
2025-11-06,9:30:14.291630315,T,305.67,40,308.42,120,IBM
2025-11-06,9:30:14.291805597,T,305.67,40,308.42,40,IBM
2025-11-06,9:30:14.300912273,T,305.67,40,308.72,40,IBM
2025-11-06,9:30:15.417901347,T,305.81,40,308.72,40,IBM
2025-11-06,9:30:15.427423965,T,305.86,40,308.72,40,IBM
2025-11-06,9:30:15.429223324,T,306.02,40,308.72,40,IBM
2025-11-06,9:30:15.434861734,T,306.23,40,308.72,40,IBM
2025-11-06,9:30:15.444203950,T,306.44,40,308.72,40,IBM
2025-11-06,9:30:15.458643293,T,306.65,40,308.72,40,IBM
2025-11-06,9:30:15.459660766,T,306.86,40,308.72,40,IBM
2025-11-06,9:30:17.304392501,T,306.86,40,308.39,40,IBM
2025-11-06,9:30:18.508007962,T,307.27,40,308.39,40,IBM
2025-11-06,9:30:18.508073130,T,307.27,40,308.39,80,IBM
2025-11-06,9:30:18.508278604,T,307.27,40,308.39,120,IBM
2025-11-06,9:30:18.515285214,T,306.86,40,308.39,120,IBM
2025-11-06,9:30:18.627557616,T,306.86,40,308.39,80,IBM
2025-11-06,9:30:19.418410392,T,306.86,40,308.39,40,IBM
2025-11-06,9:30:23.735919071,T,306.86,40,308.38,40,IBM
2025-11-06,9:30:23.735994228,T,306.86,40,308.37,40,IBM
2025-11-06,9:30:23.736385192,T,306.86,40,308.37,80,IBM
2025-11-06,9:30:23.736505442,T,306.86,40,308.37,120,IBM
2025-11-06,9:30:23.736550561,T,306.86,40,308.37,160,IBM
2025-11-06,9:30:23.736575644,T,306.65,40,308.37,160,IBM
2025-11-06,9:30:23.736710975,T,306.65,40,307.77,40,IBM
2025-11-06,9:30:23.736826249,T,306.65,40,308.37,160,IBM
2025-11-06,9:30:23.737051786,T,306.86,40,308.37,160,IBM
2025-11-06,9:30:23.737071955,T,306.65,40,308.37,160,IBM
2025-11-06,9:30:23.737252324,T,306.65,40,308.37,120,IBM
2025-11-06,9:30:23.737558041,T,306.74,40,308.37,120,IBM
2025-11-06,9:30:23.737593090,T,306.65,40,308.37,120,IBM
2025-11-06,9:30:23.737703320,T,306.65,40,308.37,80,IBM
2025-11-06,9:30:23.737893808,T,306.86,40,308.37,80,IBM
2025-11-06,9:30:23.737903802,T,306.86,40,308.37,120,IBM
2025-11-06,9:30:23.737928867,T,307.27,40,308.37,120,IBM
2025-11-06,9:30:23.738194476,T,306.86,40,308.37,120,IBM
2025-11-06,9:30:23.738475259,T,306.86,40,308.37,80,IBM
2025-11-06,9:30:23.739227372,T,306.65,40,308.37,80,IBM
2025-11-06,9:30:23.746449166,T,306.65,40,308.37,40,IBM
2025-11-06,9:30:23.747822431,T,306.65,40,308.72,40,IBM
2025-11-06,9:30:23.753210253,T,306.65,40,307.77,40,IBM
2025-11-06,9:30:24.001120667,T,306.65,40,307.77,160,IBM
2025-11-06,9:30:24.001125407,T,306.65,40,307.77,200,IBM
2025-11-06,9:30:24.484070274,T,306.65,40,307.77,160,IBM
2025-11-06,9:30:29.277206468,T,306.44,40,307.77,160,IBM
2025-11-06,9:30:30.165851973,T,306.44,40,307.77,120,IBM
2025-11-06,9:30:30.165871983,T,306.44,40,307.77,40,IBM
2025-11-06,9:30:30.165871983,T,306.44,40,308.65,40,IBM
2025-11-06,9:30:30.165891994,T,307.76,80,308.65,40,IBM
2025-11-06,9:30:30.166112590,T,307.76,80,308.5,40,IBM
2025-11-06,9:30:30.166127610,T,307.76,80,308.65,40,IBM
2025-11-06,9:30:30.166147683,T,307.76,80,308.5,40,IBM
2025-11-06,9:30:30.166232881,T,307.77,80,308.5,40,IBM
2025-11-06,9:30:30.166242928,T,307.27,40,308.5,40,IBM
2025-11-06,9:30:30.166298023,T,306.85,40,308.5,40,IBM
2025-11-06,9:30:30.166318055,T,307.76,40,308.5,40,IBM
2025-11-06,9:30:30.166458389,T,307.76,40,308.5,80,IBM
2025-11-06,9:30:30.166458389,T,307.76,80,308.5,80,IBM
2025-11-06,9:30:30.166819294,T,307.76,40,308.5,80,IBM
2025-11-06,9:30:30.166844381,T,306.65,40,308.5,80,IBM
2025-11-06,9:30:30.166874337,T,306.65,40,308.5,120,IBM
2025-11-06,9:30:30.166879446,T,306.85,40,308.5,120,IBM
2025-11-06,9:30:30.166894436,T,306.65,40,308.5,120,IBM
2025-11-06,9:30:30.166914453,T,306.85,40,308.5,120,IBM
2025-11-06,9:30:30.166969615,T,306.65,40,308.5,120,IBM
2025-11-06,9:30:30.167285345,T,306.65,40,308.44,40,IBM
2025-11-06,9:30:30.167360790,T,306.65,40,308.5,80,IBM
2025-11-06,9:30:30.167576091,T,306.65,40,308.44,40,IBM
2025-11-06,9:30:30.177640051,T,306.65,40,308.44,120,IBM
2025-11-06,9:30:30.187648959,T,306.65,40,308.44,40,IBM
2025-11-06,9:30:31.395634662,T,306.65,40,308.44,80,IBM
2025-11-06,9:30:31.395860244,T,306.65,40,308.44,40,IBM
2025-11-06,9:30:31.396717183,T,306.65,40,308.44,80,IBM
2025-11-06,9:30:31.617818625,T,306.65,40,308.17,120,IBM
2025-11-06,9:30:31.618820957,T,306.65,40,308.5,40,IBM
2025-11-06,9:30:31.619036432,T,306.65,40,308.5,80,IBM
2025-11-06,9:30:31.739558366,T,307.3,80,308.5,80,IBM
2025-11-06,9:30:31.739979389,T,307.3,120,308.5,80,IBM
2025-11-06,9:30:31.740405338,T,307.3,160,308.5,80,IBM
2025-11-06,9:30:31.747261703,T,307.3,80,308.5,80,IBM
2025-11-06,9:30:33.274633044,T,307.3,160,308.5,80,IBM
2025-11-06,9:30:35.703119321,T,307.3,160,308.5,40,IBM
2025-11-06,9:30:36.028604304,T,307.31,80,308.5,40,IBM
2025-11-06,9:30:36.029646734,T,307.31,120,308.5,40,IBM
2025-11-06,9:30:36.036588233,T,307.31,40,308.5,40,IBM
2025-11-06,9:30:37.605272889,T,307.31,40,308.5,80,IBM
2025-11-06,9:30:37.605503512,T,307.31,80,308.5,80,IBM
2025-11-06,9:30:44.016485931,T,307.31,80,308.5,40,IBM
2025-11-06,9:30:44.016496005,T,307.31,80,308.65,40,IBM
2025-11-06,9:30:44.016681485,T,307.31,80,308.5,40,IBM
2025-11-06,9:30:44.024434878,T,307.31,80,308.37,80,IBM
2025-11-06,9:30:44.024645367,T,307.31,80,308.37,120,IBM
2025-11-06,9:30:44.032609317,T,307.31,80,308.37,40,IBM
2025-11-06,9:30:56.606809689,T,307.31,80,308.37,80,IBM
2025-11-06,9:30:56.612337913,T,307.31,80,308.37,160,IBM
2025-11-06,9:30:56.625143466,T,307.31,80,308.36,40,IBM
2025-11-06,9:30:56.625318807,T,307.31,80,308.36,80,IBM
2025-11-06,9:30:56.626115691,T,307.31,80,308.36,120,IBM
2025-11-06,9:30:56.639728050,T,307.31,40,308.36,120,IBM
2025-11-06,9:30:56.639728050,T,306.85,40,308.36,120,IBM
2025-11-06,9:30:56.639753108,T,306.85,40,307.84,40,IBM
2025-11-06,9:30:56.640033742,T,306.85,40,307.75,40,IBM
2025-11-06,9:30:56.640063886,T,306.73,40,307.75,40,IBM
2025-11-06,9:30:56.640094034,T,306.65,40,307.75,40,IBM
2025-11-06,9:30:56.640234241,T,306.65,40,307.75,80,IBM
2025-11-06,9:30:56.640284447,T,306.54,40,307.75,80,IBM
2025-11-06,9:30:56.640339934,T,306.54,40,307.75,40,IBM
2025-11-06,9:30:56.640354612,T,306.54,40,307.84,80,IBM
2025-11-06,9:30:56.640359593,T,306.54,40,307.75,40,IBM
2025-11-06,9:30:56.640379664,T,306.54,40,307.84,80,IBM
2025-11-06,9:30:56.640379664,T,306.54,40,307.73,40,IBM
2025-11-06,9:30:56.640555012,T,306.54,40,307.73,80,IBM
2025-11-06,9:30:56.640590113,T,306.54,40,307.73,120,IBM
2025-11-06,9:30:56.641121372,T,306.54,40,307.73,80,IBM
2025-11-06,9:30:56.641146406,T,306.92,40,307.73,80,IBM
2025-11-06,9:30:56.650603974,T,306.92,40,307.73,40,IBM
2025-11-06,9:30:56.650613994,T,306.92,40,308.25,40,IBM
2025-11-06,9:30:56.654798986,T,306.92,40,308.35,40,IBM
2025-11-06,9:30:56.657114500,T,306.92,40,307.3,40,IBM
2025-11-06,9:30:56.657134484,T,306.92,40,308.35,40,IBM
2025-11-06,9:30:56.657154586,T,306.54,40,308.35,40,IBM
2025-11-06,9:30:56.657154586,T,306.73,40,308.35,40,IBM
2025-11-06,9:30:56.657179592,T,307.3,40,308.35,40,IBM
2025-11-06,9:30:56.657214761,T,306.73,40,308.35,40,IBM
2025-11-06,9:30:56.657239813,T,306.73,40,308.06,40,IBM
2025-11-06,9:30:56.657600622,T,307.3,40,308.06,40,IBM
2025-11-06,9:30:56.657616053,T,307.3,40,308.25,40,IBM
2025-11-06,9:30:56.657630665,T,307.3,40,308.24,40,IBM
2025-11-06,9:30:56.657660829,T,307.3,40,307.73,80,IBM
2025-11-06,9:30:56.657851240,T,306.73,40,307.73,80,IBM
2025-11-06,9:30:56.657871244,T,306.73,40,307.73,120,IBM
2025-11-06,9:30:56.658046633,T,306.73,40,308.06,40,IBM
2025-11-06,9:30:56.658061658,T,306.73,40,307.73,40,IBM
2025-11-06,9:30:56.658111781,T,306.73,40,307.3,40,IBM
2025-11-06,9:30:56.658146886,T,306.73,40,307.73,40,IBM
2025-11-06,9:30:56.658166975,T,306.64,40,307.73,40,IBM
2025-11-06,9:30:56.668712087,T,306.64,40,308.24,40,IBM
2025-11-06,9:30:56.757373219,T,306.64,40,308.36,40,IBM
2025-11-06,9:30:56.757393176,T,306.64,40,308.45,40,IBM
2025-11-06,9:31:00.666634952,T,306.64,40,308.36,40,IBM
2025-11-06,9:31:00.666664969,T,306.64,40,307.66,80,IBM
2025-11-06,9:31:00.666715164,T,306.64,40,307.66,120,IBM
2025-11-06,9:31:00.666875578,T,306.64,40,307.66,160,IBM
2025-11-06,9:31:00.670328725,T,306.64,80,307.66,160,IBM
2025-11-06,9:31:00.670434385,T,306.64,80,307.66,80,IBM
2025-11-06,9:31:00.670469083,T,306.64,40,307.66,80,IBM
2025-11-06,9:31:01.307525795,T,306.64,80,307.66,80,IBM
2025-11-06,9:31:01.839562279,T,306.64,80,307.66,120,IBM
2025-11-06,9:31:10.442573142,T,306.64,80,307.66,200,IBM
2025-11-06,9:31:10.963347990,T,306.64,80,307.66,120,IBM
2025-11-06,9:31:13.485657914,T,306.64,40,307.66,120,IBM
2025-11-06,9:31:13.485873515,T,306.34,40,307.66,120,IBM
2025-11-06,9:31:13.486710459,T,306.42,40,307.66,120,IBM
2025-11-06,9:31:13.486745540,T,306.54,40,307.66,120,IBM
2025-11-06,9:31:14.569834167,T,306.53,40,307.66,120,IBM
2025-11-06,9:31:15.844022670,T,306.53,40,307.66,80,IBM
2025-11-06,9:31:17.908617724,T,306.54,40,307.66,80,IBM
2025-11-06,9:31:17.909174078,T,306.53,40,307.66,80,IBM
2025-11-06,9:31:17.944788860,T,306.55,160,307.66,80,IBM
2025-11-06,9:31:19.217739323,T,306.55,160,307.66,40,IBM
2025-11-06,9:31:19.217744432,T,306.55,160,308.05,40,IBM
2025-11-06,9:31:19.222195013,T,306.55,160,308.25,40,IBM
2025-11-06,9:31:19.233211234,T,306.55,160,308.05,40,IBM
2025-11-06,9:31:19.233221185,T,306.55,200,308.05,40,IBM
2025-11-06,9:31:19.233241248,T,306.55,200,307.7,40,IBM
2025-11-06,9:31:19.233281381,T,306.55,200,307.66,40,IBM
2025-11-06,9:31:19.233582116,T,306.55,40,307.66,40,IBM
2025-11-06,9:31:19.234268746,T,306.55,40,307.7,40,IBM
2025-11-06,9:31:19.241485884,T,306.55,120,307.7,40,IBM
2025-11-06,9:31:19.333419779,T,306.55,120,308.16,200,IBM
2025-11-06,9:31:19.333439809,T,306.55,120,308.16,160,IBM
2025-11-06,9:31:22.960163959,T,306.55,40,308.16,160,IBM
2025-11-06,9:31:25.643887963,T,306.55,40,308.25,40,IBM
2025-11-06,9:31:25.643893035,T,306.55,40,307.87,160,IBM
2025-11-06,9:31:34.528484517,T,306.55,40,308.25,40,IBM
2025-11-06,9:31:34.528484517,T,306.55,40,307.65,160,IBM
2025-11-06,9:31:40.139186887,T,306.55,120,307.65,160,IBM
2025-11-06,9:31:42.114073651,T,306.55,80,307.65,160,IBM
2025-11-06,9:31:42.114284122,T,306.67,40,307.65,160,IBM
2025-11-06,9:31:42.114705094,T,306.67,80,307.65,160,IBM
2025-11-06,9:31:42.121265747,T,306.67,40,307.65,160,IBM
2025-11-06,9:32:01.622627431,T,306.67,40,307.42,80,IBM
2025-11-06,9:32:01.622837872,T,306.67,40,307.42,120,IBM
2025-11-06,9:32:11.062781172,T,306.67,40,307.42,40,IBM
2025-11-06,9:32:27.054056236,T,306.67,40,307.42,80,IBM
2025-11-06,9:32:48.966577917,T,306.55,80,307.42,80,IBM
2025-11-06,9:32:48.967269644,T,306.55,80,307.38,40,IBM
2025-11-06,9:32:48.967770760,T,306.55,80,307.38,80,IBM
2025-11-06,9:32:48.968171688,T,306.55,80,307.38,40,IBM
2025-11-06,9:32:53.398223276,T,306.68,40,307.38,40,IBM
2025-11-06,9:32:53.398644211,T,306.68,80,307.38,40,IBM
2025-11-06,9:33:00.281018695,T,306.68,80,307.68,160,IBM
2025-11-06,9:33:00.357661161,T,306.68,80,307.37,40,IBM
2025-11-06,9:33:00.357866672,T,306.68,80,307.37,80,IBM
2025-11-06,9:33:04.771078427,T,306.68,40,307.37,80,IBM
2025-11-06,9:33:04.771078427,T,306.55,80,307.37,80,IBM
2025-11-06,9:33:04.771087959,T,306.55,80,307.36,40,IBM
2025-11-06,9:33:04.771138084,T,306.55,80,307.24,40,IBM
2025-11-06,9:33:04.771138084,T,306.55,80,307.03,40,IBM
2025-11-06,9:33:04.771474010,T,306.55,80,307.03,80,IBM
2025-11-06,9:33:04.771524007,T,306.55,80,307.03,120,IBM
2025-11-06,9:33:04.771574197,T,306.55,80,307.03,160,IBM
2025-11-06,9:33:04.771719512,T,306.55,80,307.03,120,IBM
2025-11-06,9:33:04.772195803,T,306.55,80,307.03,160,IBM
2025-11-06,9:33:04.772200632,T,306.13,200,307.03,160,IBM
2025-11-06,9:33:04.772205964,T,306.55,80,307.03,160,IBM
2025-11-06,9:33:04.772235731,T,306.13,200,307.03,160,IBM
2025-11-06,9:33:04.772235731,T,306.13,200,307.03,120,IBM
2025-11-06,9:33:04.772245787,T,306.55,80,307.03,120,IBM
2025-11-06,9:33:04.772245787,T,306.55,120,307.03,120,IBM
2025-11-06,9:33:04.772265767,T,306.55,80,307.03,120,IBM
2025-11-06,9:33:04.772295841,T,306.55,40,307.03,120,IBM
2025-11-06,9:33:04.772295841,T,306.13,200,307.03,120,IBM
2025-11-06,9:33:04.772300913,T,306.55,40,307.03,120,IBM
2025-11-06,9:33:04.772320969,T,306.55,40,306.75,40,IBM
2025-11-06,9:33:04.772346134,T,306.55,40,307.03,120,IBM
2025-11-06,9:33:04.772346134,T,306.13,200,307.03,120,IBM
2025-11-06,9:33:04.772396149,T,306.13,200,306.75,40,IBM
2025-11-06,9:33:04.772556556,T,306.13,200,306.75,80,IBM
2025-11-06,9:33:04.772721892,T,306.55,40,306.75,80,IBM
2025-11-06,9:33:04.772746946,T,306.55,40,306.75,40,IBM
2025-11-06,9:33:04.772756935,T,306.13,200,306.75,40,IBM
2025-11-06,9:33:04.772782032,T,306.13,200,306.75,80,IBM
2025-11-06,9:33:04.772937437,T,306.13,200,306.75,40,IBM
2025-11-06,9:33:04.773162919,T,306.13,200,306.75,80,IBM
2025-11-06,9:33:04.775117588,T,305.81,40,306.75,80,IBM
2025-11-06,9:33:04.776039759,T,305.81,40,306.75,40,IBM
2025-11-06,9:33:04.781688249,T,306.29,80,306.75,40,IBM
2025-11-06,9:33:04.781893779,T,306.29,80,306.75,80,IBM
2025-11-06,9:33:04.782109260,T,306.29,120,306.75,80,IBM
2025-11-06,9:33:04.880333248,T,306.29,120,306.75,40,IBM
2025-11-06,9:33:05.229509286,T,306.29,40,306.75,40,IBM
2025-11-06,9:33:05.229514329,T,305.72,200,306.75,40,IBM
2025-11-06,9:33:05.229534378,T,305.72,200,306.54,40,IBM
2025-11-06,9:33:05.229544469,T,305.72,200,306.54,80,IBM
2025-11-06,9:33:05.229790061,T,305.72,160,306.54,80,IBM
2025-11-06,9:33:05.229895271,T,305.72,160,306.54,120,IBM
2025-11-06,9:33:05.230296355,T,305.72,160,306.54,80,IBM
2025-11-06,9:33:05.233634113,T,305.72,160,306.54,40,IBM
2025-11-06,9:33:05.271479648,T,305.72,160,306.45,40,IBM
2025-11-06,9:33:05.275944843,T,305.72,160,306.45,80,IBM
2025-11-06,9:33:05.288574908,T,306.0,80,306.45,80,IBM
2025-11-06,9:33:05.288600037,T,306.0,80,306.45,40,IBM
2025-11-06,9:33:05.288996018,T,306.0,120,306.45,40,IBM
2025-11-06,9:33:05.315333758,T,306.0,120,306.28,40,IBM
2025-11-06,9:33:05.315343728,T,306.0,120,306.28,80,IBM
2025-11-06,9:33:05.315378805,T,306.0,120,306.28,40,IBM
2025-11-06,9:33:05.315634375,T,306.0,80,306.28,40,IBM
2025-11-06,9:33:05.315664394,T,306.0,80,307.49,40,IBM
2025-11-06,9:33:05.315669666,T,306.0,40,307.49,40,IBM
2025-11-06,9:33:05.315669666,T,305.47,40,307.49,40,IBM
2025-11-06,9:33:05.315689750,T,305.47,40,307.38,40,IBM
2025-11-06,9:33:05.315694632,T,305.47,40,306.9,40,IBM
2025-11-06,9:33:05.315699755,T,305.47,40,306.6,40,IBM
2025-11-06,9:33:05.315844826,T,305.43,40,306.6,40,IBM
2025-11-06,9:33:05.315849974,T,305.43,40,306.88,40,IBM
2025-11-06,9:33:05.315920026,T,305.43,40,306.6,40,IBM
2025-11-06,9:33:05.315955103,T,305.43,40,306.37,40,IBM
2025-11-06,9:33:05.316270978,T,305.47,40,306.37,40,IBM
2025-11-06,9:33:05.316275926,T,305.47,40,306.6,40,IBM
2025-11-06,9:33:05.316426364,T,305.47,40,306.37,40,IBM
2025-11-06,9:33:05.326745828,T,305.39,160,306.37,40,IBM
2025-11-06,9:33:05.327186851,T,305.39,200,306.37,40,IBM
2025-11-06,9:33:05.366209795,T,305.39,200,306.9,40,IBM
2025-11-06,9:33:05.366590646,T,305.39,200,307.06,40,IBM
2025-11-06,9:33:05.376183573,T,305.39,200,306.72,40,IBM
2025-11-06,9:33:05.376394098,T,305.39,200,306.72,80,IBM
2025-11-06,9:33:05.492109565,T,305.39,200,306.72,40,IBM
2025-11-06,9:33:05.612686515,T,305.39,200,306.71,40,IBM
2025-11-06,9:33:05.613237827,T,305.39,200,306.71,80,IBM
2025-11-06,9:33:05.771499601,T,305.39,320,306.71,80,IBM
2025-11-06,9:33:05.771524752,T,305.39,320,306.71,40,IBM
2025-11-06,9:33:05.772005888,T,305.39,320,306.7,40,IBM
2025-11-06,9:33:05.772517074,T,305.39,320,306.7,80,IBM
2025-11-06,9:33:05.788921177,T,305.56,80,306.7,80,IBM
2025-11-06,9:33:05.789372223,T,305.56,80,306.7,120,IBM
2025-11-06,9:33:05.789672919,T,305.56,160,306.7,120,IBM
2025-11-06,9:33:05.789798300,T,305.56,200,306.7,120,IBM
2025-11-06,9:33:05.857885319,T,305.56,120,306.7,120,IBM
2025-11-06,9:33:05.925832102,T,305.56,120,306.7,80,IBM
2025-11-06,9:33:05.926032675,T,305.56,120,306.69,40,IBM
2025-11-06,9:33:05.926107676,T,305.56,120,306.69,80,IBM
2025-11-06,9:33:05.926523720,T,305.56,120,306.69,120,IBM
2025-11-06,9:33:06.083006333,T,305.56,120,306.69,80,IBM
2025-11-06,9:33:06.087451814,T,305.56,120,306.68,40,IBM
2025-11-06,9:33:06.087882830,T,305.56,120,306.68,80,IBM
2025-11-06,9:33:06.087917892,T,305.56,120,306.68,120,IBM
2025-11-06,9:33:06.560818783,T,305.56,120,306.68,80,IBM
2025-11-06,9:33:07.036511381,T,305.56,120,306.67,40,IBM
2025-11-06,9:33:07.036992566,T,305.56,120,306.67,80,IBM
2025-11-06,9:33:07.037007544,T,305.56,120,306.67,120,IBM
2025-11-06,9:33:07.165237933,T,305.56,120,306.32,40,IBM
2025-11-06,9:33:07.173738117,T,305.56,200,306.32,40,IBM
2025-11-06,9:33:07.196216634,T,305.56,200,306.9,40,IBM
2025-11-06,9:33:07.196767879,T,305.56,200,306.74,40,IBM
2025-11-06,9:33:07.196777961,T,305.56,200,306.32,40,IBM
2025-11-06,9:33:07.206120209,T,305.56,200,306.9,40,IBM
2025-11-06,9:33:07.206155322,T,305.56,200,307.06,40,IBM
2025-11-06,9:33:07.206425886,T,305.56,200,306.75,40,IBM
2025-11-06,9:33:07.317139499,T,305.56,200,307.06,40,IBM
2025-11-06,9:33:07.384519952,T,305.56,200,307.22,40,IBM
2025-11-06,9:33:07.384585072,T,305.56,200,306.65,40,IBM
2025-11-06,9:33:07.384795585,T,305.56,200,306.65,80,IBM
2025-11-06,9:33:07.385051253,T,305.56,200,306.65,120,IBM
2025-11-06,9:33:07.469417059,T,305.56,120,306.65,120,IBM
2025-11-06,9:33:07.541598910,T,305.56,120,306.65,80,IBM
2025-11-06,9:33:07.542085110,T,305.56,120,306.64,40,IBM
2025-11-06,9:33:07.542571144,T,305.56,120,306.64,80,IBM
2025-11-06,9:33:07.542586181,T,305.56,120,306.64,120,IBM
2025-11-06,9:33:08.162632282,T,305.56,120,306.64,80,IBM
2025-11-06,9:33:08.163118393,T,305.56,120,306.63,40,IBM
2025-11-06,9:33:08.163158603,T,305.57,80,306.63,40,IBM
2025-11-06,9:33:08.163374040,T,305.57,80,306.63,80,IBM
2025-11-06,9:33:08.163584578,T,305.57,80,306.63,120,IBM
2025-11-06,9:33:08.163910320,T,305.57,160,306.63,120,IBM
2025-11-06,9:33:08.164005517,T,305.57,200,306.63,120,IBM
2025-11-06,9:33:08.241154244,T,305.57,120,306.63,120,IBM
2025-11-06,9:33:08.266233879,T,305.57,120,306.63,80,IBM
2025-11-06,9:33:08.266479486,T,305.57,120,306.62,40,IBM
2025-11-06,9:33:08.266649965,T,305.57,120,306.62,80,IBM
2025-11-06,9:33:08.266965591,T,305.57,120,306.62,120,IBM
2025-11-06,9:33:08.423352907,T,305.57,120,306.62,80,IBM
2025-11-06,9:33:08.427101935,T,305.57,120,306.61,40,IBM
2025-11-06,9:33:08.427573024,T,305.57,120,306.61,80,IBM
2025-11-06,9:33:08.427588064,T,305.57,120,306.61,120,IBM
2025-11-06,9:33:09.170351249,T,305.57,120,306.61,80,IBM
2025-11-06,9:33:09.797078301,T,305.57,120,306.6,40,IBM
2025-11-06,9:33:09.797343918,T,305.57,120,306.6,80,IBM
2025-11-06,9:33:09.797549421,T,305.57,120,306.6,120,IBM
2025-11-06,9:33:10.034558654,T,305.57,120,306.6,80,IBM
2025-11-06,9:33:10.060921357,T,305.57,120,306.59,40,IBM
2025-11-06,9:33:10.061182007,T,305.57,120,306.59,80,IBM
2025-11-06,9:33:10.061392485,T,305.57,120,306.59,120,IBM
2025-11-06,9:33:10.712066556,T,305.57,120,306.59,80,IBM
2025-11-06,9:33:11.012782361,T,305.57,120,306.58,40,IBM
2025-11-06,9:33:11.012967825,T,305.57,120,306.58,80,IBM
2025-11-06,9:33:11.013273550,T,305.57,120,306.58,120,IBM
2025-11-06,9:33:11.879134884,T,305.57,120,306.58,80,IBM
2025-11-06,9:33:12.223890683,T,305.57,120,306.57,40,IBM
2025-11-06,9:33:12.224146282,T,305.57,120,306.57,80,IBM
2025-11-06,9:33:12.224361745,T,305.57,120,306.57,120,IBM
2025-11-06,9:33:14.297291749,T,305.57,120,306.57,80,IBM
2025-11-06,9:33:14.628455511,T,305.57,120,306.56,40,IBM
2025-11-06,9:33:14.628660704,T,305.57,120,306.56,80,IBM
2025-11-06,9:33:14.628946304,T,305.57,120,306.56,120,IBM
2025-11-06,9:33:15.361485252,T,305.57,120,306.56,80,IBM
2025-11-06,9:33:15.365765422,T,305.57,120,306.55,40,IBM
2025-11-06,9:33:15.366021107,T,305.57,120,306.55,80,IBM
2025-11-06,9:33:15.366231518,T,305.57,120,306.55,120,IBM
2025-11-06,9:33:15.968004266,T,305.57,120,306.55,80,IBM
2025-11-06,9:33:16.361475956,T,305.57,120,306.54,40,IBM
2025-11-06,9:33:16.361731694,T,305.57,120,306.54,80,IBM
2025-11-06,9:33:16.361942213,T,305.57,120,306.54,120,IBM
2025-11-06,9:33:16.889964103,T,305.57,120,306.54,80,IBM
2025-11-06,9:33:17.620608650,T,305.57,120,306.53,40,IBM
2025-11-06,9:33:17.620869184,T,305.57,120,306.53,80,IBM
2025-11-06,9:33:17.621069740,T,305.57,120,306.53,120,IBM
2025-11-06,9:33:17.733031194,T,305.57,120,306.53,80,IBM
2025-11-06,9:33:17.775672783,T,305.57,120,306.52,40,IBM
2025-11-06,9:33:17.775948406,T,305.57,120,306.52,80,IBM
2025-11-06,9:33:17.776153941,T,305.57,120,306.52,120,IBM
2025-11-06,9:33:17.936600903,T,305.57,120,306.52,80,IBM
2025-11-06,9:33:18.254607854,T,305.57,120,306.51,40,IBM
2025-11-06,9:33:18.254863533,T,305.57,120,306.51,80,IBM
2025-11-06,9:33:18.255078990,T,305.57,120,306.51,120,IBM
2025-11-06,9:33:18.388276096,T,305.57,120,306.51,80,IBM
2025-11-06,9:33:18.397478057,T,305.57,120,306.5,40,IBM
2025-11-06,9:33:18.397934101,T,305.57,120,306.5,80,IBM
2025-11-06,9:33:18.397944115,T,305.57,120,306.5,120,IBM
2025-11-06,9:33:18.518130380,T,305.57,120,306.5,80,IBM
2025-11-06,9:33:18.518320802,T,305.57,120,306.49,40,IBM
2025-11-06,9:33:18.518410902,T,305.57,120,306.49,80,IBM
2025-11-06,9:33:18.518801845,T,305.57,120,306.49,120,IBM
2025-11-06,9:33:20.882348623,T,305.57,120,306.49,80,IBM
2025-11-06,9:33:20.898612431,T,305.57,120,306.48,40,IBM
2025-11-06,9:33:20.898868050,T,305.57,120,306.48,80,IBM
2025-11-06,9:33:20.899078534,T,305.57,120,306.48,120,IBM
2025-11-06,9:33:21.047747438,T,305.57,120,306.48,80,IBM
2025-11-06,9:33:21.125056502,T,305.57,120,306.47,40,IBM
2025-11-06,9:33:21.125312114,T,305.57,120,306.47,80,IBM
2025-11-06,9:33:21.125517596,T,305.57,120,306.47,120,IBM
2025-11-06,9:33:21.543151947,T,305.57,120,306.47,80,IBM
2025-11-06,9:33:21.543417583,T,305.57,120,306.46,40,IBM
2025-11-06,9:33:21.543673130,T,305.57,120,306.46,80,IBM
2025-11-06,9:33:21.543883682,T,305.57,120,306.46,120,IBM
2025-11-06,9:33:21.812262658,T,305.57,120,306.46,80,IBM
2025-11-06,9:33:21.838865894,T,305.57,120,306.45,40,IBM
2025-11-06,9:33:21.839121554,T,305.57,120,306.45,80,IBM
2025-11-06,9:33:21.839332089,T,305.57,120,306.45,120,IBM
2025-11-06,9:33:21.994040359,T,305.57,120,306.45,80,IBM
2025-11-06,9:33:21.994260856,T,305.57,120,306.44,40,IBM
2025-11-06,9:33:21.994426276,T,305.57,120,306.44,80,IBM
2025-11-06,9:33:21.994912351,T,305.57,120,306.44,120,IBM
2025-11-06,9:33:23.222409578,T,305.57,120,306.44,80,IBM
2025-11-06,9:33:23.239259709,T,305.57,120,306.43,40,IBM
2025-11-06,9:33:23.239520323,T,305.57,120,306.43,80,IBM
2025-11-06,9:33:23.239730830,T,305.57,120,306.43,120,IBM
2025-11-06,9:33:24.957690778,T,305.57,120,306.43,80,IBM
2025-11-06,9:33:25.243250518,T,305.57,120,306.42,40,IBM
2025-11-06,9:33:25.243506185,T,305.57,120,306.42,80,IBM
2025-11-06,9:33:25.243716701,T,305.57,120,306.42,120,IBM
2025-11-06,9:33:25.255604984,T,305.57,120,306.42,80,IBM
2025-11-06,9:33:25.255675189,T,305.57,120,306.42,40,IBM
2025-11-06,9:33:25.255690141,T,305.57,120,306.44,40,IBM
2025-11-06,9:33:25.255720313,T,305.57,120,306.44,80,IBM
2025-11-06,9:33:25.255930778,T,305.57,120,306.44,120,IBM
2025-11-06,9:33:25.256016021,T,305.57,120,306.44,80,IBM
2025-11-06,9:33:25.256587344,T,305.57,120,306.44,120,IBM
2025-11-06,9:33:25.256617459,T,305.57,120,306.26,40,IBM
2025-11-06,9:33:25.363857686,T,305.57,120,306.26,80,IBM
2025-11-06,9:33:25.363862682,T,305.57,120,306.26,120,IBM
2025-11-06,9:33:25.363912907,T,305.57,120,306.26,80,IBM
2025-11-06,9:33:26.517128203,T,305.57,120,306.26,40,IBM
2025-11-06,9:33:29.068677676,T,305.57,120,306.58,40,IBM
2025-11-06,9:33:29.150261846,T,305.57,120,306.26,40,IBM
2025-11-06,9:33:29.762018161,T,305.57,80,306.26,40,IBM
2025-11-06,9:33:32.019783244,T,305.57,80,306.25,40,IBM
2025-11-06,9:33:32.021818102,T,305.57,80,306.58,40,IBM
2025-11-06,9:33:32.099147158,T,305.57,80,306.26,40,IBM
2025-11-06,9:33:32.099182200,T,305.57,80,306.26,80,IBM
2025-11-06,9:33:32.100334933,T,305.57,80,306.26,40,IBM
2025-11-06,9:33:33.301835443,T,305.57,80,306.58,40,IBM
2025-11-06,9:33:33.379274773,T,305.57,80,306.26,40,IBM
2025-11-06,9:33:35.391289612,T,305.57,80,306.58,40,IBM
2025-11-06,9:33:56.588813920,T,305.57,40,306.58,40,IBM
2025-11-06,9:33:56.589009378,T,305.68,40,306.58,40,IBM
2025-11-06,9:33:56.589430407,T,305.68,80,306.58,40,IBM
2025-11-06,9:33:57.131160132,T,305.68,40,306.58,40,IBM
2025-11-06,9:33:57.131365542,T,305.69,40,306.58,40,IBM
2025-11-06,9:33:57.131786556,T,305.69,80,306.58,40,IBM
2025-11-06,9:34:01.111225240,T,305.69,40,306.58,40,IBM
2025-11-06,9:34:01.111425691,T,305.71,40,306.58,40,IBM
2025-11-06,9:34:01.111846784,T,305.71,80,306.58,40,IBM
2025-11-06,9:34:19.491387413,T,305.71,120,306.58,40,IBM
2025-11-06,9:34:19.491422587,T,305.71,80,306.58,40,IBM
2025-11-06,9:34:19.491437626,T,305.71,80,306.74,40,IBM
2025-11-06,9:34:19.491442941,T,305.71,80,306.44,40,IBM
2025-11-06,9:34:19.491447616,T,305.71,80,306.47,40,IBM
2025-11-06,9:34:19.491447616,T,305.71,80,306.38,40,IBM
2025-11-06,9:34:19.491582930,T,305.98,40,306.38,40,IBM
2025-11-06,9:34:19.491663215,T,305.99,40,306.38,40,IBM
2025-11-06,9:34:19.491693234,T,305.99,40,306.9,40,IBM
2025-11-06,9:34:19.491703199,T,305.99,40,306.74,40,IBM
2025-11-06,9:34:19.491718327,T,305.99,40,306.9,40,IBM
2025-11-06,9:34:19.491753344,T,306.12,40,306.9,40,IBM
2025-11-06,9:34:19.491773436,T,306.18,40,306.9,40,IBM
2025-11-06,9:34:19.491868606,T,306.18,40,306.89,80,IBM
2025-11-06,9:34:19.492675503,T,306.18,80,306.89,80,IBM
2025-11-06,9:34:19.503230679,T,306.18,120,306.89,80,IBM
2025-11-06,9:34:19.506588660,T,306.18,80,306.89,80,IBM
2025-11-06,9:34:19.567132796,T,306.18,40,306.89,80,IBM
2025-11-06,9:34:19.567428477,T,305.71,40,306.89,80,IBM
2025-11-06,9:34:20.313474685,T,305.69,40,306.89,80,IBM
2025-11-06,9:34:20.313479701,T,305.48,200,306.89,80,IBM
2025-11-06,9:34:20.313504886,T,305.48,200,306.42,40,IBM
2025-11-06,9:34:20.313845555,T,305.71,40,306.42,40,IBM
2025-11-06,9:34:20.323859522,T,305.48,200,306.42,40,IBM
2025-11-06,9:34:20.328340139,T,305.48,200,306.76,40,IBM
2025-11-06,9:34:20.329502845,T,305.48,200,306.89,120,IBM
2025-11-06,9:34:21.313916448,T,305.69,40,306.89,120,IBM
2025-11-06,9:34:21.922515307,T,305.69,40,306.65,40,IBM
2025-11-06,9:34:23.451701000,T,305.57,40,306.65,40,IBM
2025-11-06,9:34:23.467869594,T,305.48,200,306.65,40,IBM
2025-11-06,9:34:23.467889540,T,305.48,200,306.37,40,IBM
2025-11-06,9:34:23.482729918,T,305.48,200,306.58,40,IBM
2025-11-06,9:34:23.567927732,T,305.48,200,306.65,40,IBM
2025-11-06,9:34:24.468291029,T,305.69,40,306.65,40,IBM
2025-11-06,9:34:29.829098304,T,305.73,40,306.65,40,IBM
2025-11-06,9:34:29.829514173,T,305.73,80,306.65,40,IBM
2025-11-06,9:34:31.231361661,T,305.73,80,306.65,80,IBM
2025-11-06,9:34:31.231391660,T,305.73,80,306.64,40,IBM
2025-11-06,9:34:32.643368284,T,305.73,80,306.65,80,IBM
2025-11-06,9:34:32.643398196,T,305.73,80,306.65,40,IBM
2025-11-06,9:34:48.431905571,T,305.73,80,306.65,80,IBM
2025-11-06,9:35:00.167754810,T,305.73,80,306.5,40,IBM
2025-11-06,9:35:00.167965357,T,305.73,80,306.5,80,IBM
2025-11-06,9:35:00.189466550,T,305.73,80,306.5,120,IBM
2025-11-06,9:35:00.492147237,T,305.73,40,306.5,120,IBM
2025-11-06,9:35:00.492147237,T,305.44,40,306.5,120,IBM
2025-11-06,9:35:00.492147237,T,305.43,40,306.5,120,IBM
2025-11-06,9:35:00.492152132,T,305.43,40,306.49,40,IBM
2025-11-06,9:35:00.492152132,T,305.43,40,306.5,160,IBM
2025-11-06,9:35:00.492172175,T,305.43,40,305.94,40,IBM
2025-11-06,9:35:00.492187234,T,305.29,40,305.94,40,IBM
2025-11-06,9:35:00.492648325,T,305.29,40,305.94,80,IBM
2025-11-06,9:35:00.492913955,T,305.23,160,305.94,80,IBM
2025-11-06,9:35:00.499424417,T,305.23,160,305.94,40,IBM
2025-11-06,9:35:00.544877861,T,305.23,160,305.94,80,IBM
2025-11-06,9:35:00.544877861,T,305.23,160,305.94,120,IBM
2025-11-06,9:35:00.545288543,T,305.23,200,305.94,120,IBM
2025-11-06,9:35:00.545499430,T,305.23,40,305.94,120,IBM
2025-11-06,9:35:00.551994563,T,305.23,40,305.94,80,IBM
2025-11-06,9:35:00.559697977,T,305.23,40,305.94,40,IBM
2025-11-06,9:35:00.560088916,T,305.09,40,305.94,40,IBM
2025-11-06,9:35:00.567772162,T,305.44,40,305.94,40,IBM
2025-11-06,9:35:00.582607411,T,305.09,40,305.94,40,IBM
2025-11-06,9:35:03.387705327,T,305.09,40,305.76,40,IBM
2025-11-06,9:35:03.387715329,T,305.0,240,305.76,40,IBM
2025-11-06,9:35:03.388251580,T,305.0,240,305.76,80,IBM
2025-11-06,9:35:03.388757735,T,305.2,40,305.76,80,IBM
2025-11-06,9:35:03.389178746,T,305.2,80,305.76,80,IBM
2025-11-06,9:35:03.402540574,T,305.2,80,305.76,40,IBM
2025-11-06,9:35:03.402751039,T,305.2,80,306.36,40,IBM
2025-11-06,9:35:03.402771091,T,305.2,80,306.46,160,IBM
2025-11-06,9:35:03.402791175,T,305.2,160,306.46,160,IBM
2025-11-06,9:35:03.402961536,T,305.2,120,306.46,160,IBM
2025-11-06,9:35:03.411727422,T,305.2,40,306.46,160,IBM
2025-11-06,9:35:03.597930704,T,305.09,40,306.46,160,IBM
2025-11-06,9:35:03.598832943,T,305.09,40,306.46,200,IBM
2025-11-06,9:35:03.598863010,T,305.09,40,305.99,40,IBM
2025-11-06,9:35:03.599073512,T,305.09,40,305.99,80,IBM
2025-11-06,9:35:03.790564333,T,305.09,40,305.99,40,IBM
2025-11-06,9:35:04.005145276,T,305.0,240,305.99,40,IBM
2025-11-06,9:35:04.428879328,T,305.0,240,305.99,120,IBM
2025-11-06,9:35:09.495140160,T,305.0,240,305.79,40,IBM
2025-11-06,9:35:09.495601112,T,305.0,240,305.99,80,IBM
2025-11-06,9:35:09.495661234,T,305.0,240,306.36,40,IBM
2025-11-06,9:35:09.582483038,T,305.0,240,305.79,40,IBM
2025-11-06,9:35:14.035479159,T,305.0,240,306.23,40,IBM
2025-11-06,9:35:14.035494590,T,305.09,40,306.23,40,IBM
2025-11-06,9:35:14.035499200,T,305.14,40,306.23,40,IBM
2025-11-06,9:35:14.035509207,T,305.14,40,306.36,40,IBM
2025-11-06,9:35:14.035529367,T,305.09,40,306.36,40,IBM
2025-11-06,9:35:14.035539335,T,305.44,40,306.36,40,IBM
2025-11-06,9:35:14.035609450,T,305.09,40,306.36,40,IBM
2025-11-06,9:35:14.035624450,T,305.0,240,306.36,40,IBM
2025-11-06,9:35:14.035834942,T,305.09,40,306.36,40,IBM
2025-11-06,9:35:14.035840053,T,305.09,40,306.46,200,IBM
2025-11-06,9:35:14.035864973,T,305.09,40,306.46,160,IBM
2025-11-06,9:35:14.035950259,T,305.09,40,306.09,40,IBM
2025-11-06,9:35:14.078882495,T,305.09,40,306.46,160,IBM
2025-11-06,9:35:14.084470839,T,305.09,40,306.09,40,IBM
2025-11-06,9:35:15.038146141,T,305.09,40,306.46,200,IBM
2025-11-06,9:35:19.062466756,T,305.09,40,306.36,40,IBM
2025-11-06,9:35:20.639526276,T,305.45,40,306.36,40,IBM
2025-11-06,9:35:20.678709663,T,305.44,40,306.36,40,IBM
2025-11-06,9:35:20.691359779,T,305.44,40,305.94,40,IBM
2025-11-06,9:35:20.695499502,T,305.44,40,306.36,40,IBM
2025-11-06,9:35:20.847807148,T,305.09,40,306.36,40,IBM
2025-11-06,9:35:20.848794503,T,305.09,40,306.09,40,IBM
2025-11-06,9:35:20.848914846,T,305.09,40,305.88,40,IBM
2025-11-06,9:35:20.849536305,T,305.0,240,305.88,40,IBM
2025-11-06,9:35:20.879522686,T,305.0,240,305.98,40,IBM
2025-11-06,9:35:20.879748151,T,305.0,240,305.88,40,IBM
2025-11-06,9:35:21.070998471,T,305.0,240,306.09,40,IBM
2025-11-06,9:35:21.149921355,T,305.0,240,306.36,40,IBM
2025-11-06,9:35:21.854574229,T,305.09,40,306.36,40,IBM
2025-11-06,9:35:23.314549804,T,305.0,240,306.36,40,IBM
2025-11-06,9:35:27.749388071,T,305.09,40,306.36,40,IBM
2025-11-06,9:35:29.887412850,T,305.09,40,305.98,40,IBM
2025-11-06,9:35:29.887578195,T,305.14,40,305.98,40,IBM
2025-11-06,9:35:29.889282245,T,305.14,40,306.36,40,IBM
2025-11-06,9:35:29.902413593,T,305.09,40,306.36,40,IBM
2025-11-06,9:35:31.686946874,T,305.0,240,306.36,40,IBM
2025-11-06,9:35:32.695818836,T,305.0,240,306.09,40,IBM
2025-11-06,9:35:32.704344009,T,305.0,240,306.36,40,IBM
2025-11-06,9:35:35.697936078,T,305.0,240,305.93,40,IBM
2025-11-06,9:35:35.698076312,T,305.0,240,306.09,40,IBM
2025-11-06,9:35:35.698076312,T,305.0,240,305.77,40,IBM
2025-11-06,9:35:35.698412063,T,305.0,240,305.93,40,IBM
2025-11-06,9:35:35.705183271,T,305.0,240,305.98,40,IBM
2025-11-06,9:35:35.713051958,T,305.0,240,306.09,40,IBM
2025-11-06,9:35:35.713081982,T,305.0,240,306.36,40,IBM
2025-11-06,9:35:35.801893482,T,305.0,240,306.23,40,IBM
2025-11-06,9:35:35.801938613,T,305.09,40,306.23,40,IBM
2025-11-06,9:35:35.801958919,T,305.09,40,306.23,80,IBM
2025-11-06,9:35:35.802103932,T,305.09,40,306.23,120,IBM
2025-11-06,9:35:35.802119120,T,305.09,40,306.09,40,IBM
2025-11-06,9:35:35.802134013,T,305.09,40,305.98,40,IBM
2025-11-06,9:35:35.802154220,T,305.0,240,305.98,40,IBM
2025-11-06,9:35:37.635844635,T,305.0,240,305.97,40,IBM
2025-11-06,9:35:37.635844635,T,305.0,240,305.9,40,IBM
2025-11-06,9:35:37.637007418,T,305.0,240,305.96,40,IBM
2025-11-06,9:35:37.650679929,T,305.0,240,305.98,40,IBM
2025-11-06,9:35:37.805473368,T,305.0,240,306.23,40,IBM
2025-11-06,9:35:43.874992921,T,305.0,240,306.09,40,IBM
2025-11-06,9:35:43.875028124,T,305.0,240,305.98,40,IBM
2025-11-06,9:35:43.875033022,T,305.0,240,305.69,40,IBM
2025-11-06,9:35:43.875058071,T,305.0,240,305.69,80,IBM
2025-11-06,9:35:43.875093199,T,305.0,200,305.69,80,IBM
2025-11-06,9:35:43.875273575,T,305.0,200,305.69,120,IBM
2025-11-06,9:35:43.875293660,T,305.0,200,305.6,40,IBM
2025-11-06,9:35:43.882570984,T,305.0,200,305.69,80,IBM
2025-11-06,9:35:43.883367794,T,305.0,200,305.69,120,IBM
2025-11-06,9:35:43.885342525,T,305.0,200,305.69,80,IBM
2025-11-06,9:35:43.889868330,T,305.0,200,305.69,40,IBM
2025-11-06,9:35:44.416692462,T,305.0,200,305.69,80,IBM
2025-11-06,9:35:44.527055130,T,305.0,200,305.68,40,IBM
2025-11-06,9:35:44.527080307,T,305.0,200,305.5,40,IBM
2025-11-06,9:35:44.527551357,T,305.0,200,305.5,80,IBM
2025-11-06,9:35:44.529150154,T,305.0,40,305.5,80,IBM
2025-11-06,9:35:44.688699996,T,305.0,40,305.5,40,IBM
2025-11-06,9:35:46.069627540,T,305.0,40,306.09,40,IBM
2025-11-06,9:35:50.035503872,T,305.09,40,306.09,40,IBM
2025-11-06,9:35:50.038631361,T,305.2,40,306.09,40,IBM
2025-11-06,9:35:50.039358029,T,305.2,120,306.09,40,IBM
2025-11-06,9:35:50.039733933,T,305.2,80,306.09,40,IBM
2025-11-06,9:35:53.886727353,T,305.2,40,306.09,40,IBM
2025-11-06,9:35:57.052569441,T,305.2,80,306.09,40,IBM
2025-11-06,9:35:58.850800236,T,305.2,40,306.09,40,IBM
2025-11-06,9:35:59.041850061,T,305.2,40,305.97,160,IBM
2025-11-06,9:36:06.658082253,T,305.2,80,305.97,160,IBM
2025-11-06,9:36:06.658082253,T,305.25,40,305.97,160,IBM
2025-11-06,9:36:06.658507955,T,305.25,80,305.97,160,IBM
2025-11-06,9:36:06.658518140,T,305.34,40,305.97,160,IBM
2025-11-06,9:36:06.665795380,T,305.25,40,305.97,160,IBM
2025-11-06,9:36:06.669303647,T,305.05,40,305.97,160,IBM
2025-11-06,9:36:06.720660933,T,305.44,120,305.97,160,IBM
2025-11-06,9:36:06.721077009,T,305.44,160,305.97,160,IBM
2025-11-06,9:36:19.407700028,T,305.44,240,305.97,160,IBM
2025-11-06,9:36:22.315647993,T,305.44,240,305.72,40,IBM
2025-11-06,9:36:22.330488277,T,305.44,240,305.97,160,IBM
2025-11-06,9:36:22.352931995,T,305.44,120,305.97,160,IBM
2025-11-06,9:36:22.352936747,T,305.44,80,305.97,160,IBM
2025-11-06,9:36:22.352936747,T,305.0,80,305.97,160,IBM
2025-11-06,9:36:22.352962039,T,305.0,80,305.96,40,IBM
2025-11-06,9:36:22.352966822,T,305.0,80,305.56,40,IBM
2025-11-06,9:36:22.353417852,T,305.0,80,305.96,40,IBM
2025-11-06,9:36:22.367792174,T,305.0,80,305.97,160,IBM
2025-11-06,9:36:22.393773927,T,305.0,120,305.97,160,IBM
2025-11-06,9:36:22.394009450,T,305.0,160,305.97,160,IBM
2025-11-06,9:36:22.394560816,T,305.0,160,305.96,40,IBM
2025-11-06,9:36:22.400946085,T,305.0,160,305.97,160,IBM
2025-11-06,9:36:22.403998279,T,305.0,120,305.97,160,IBM
2025-11-06,9:36:22.404023320,T,305.0,120,305.66,40,IBM
2025-11-06,9:36:22.404238791,T,305.0,120,305.66,80,IBM
2025-11-06,9:36:22.404444406,T,305.0,160,305.66,80,IBM
2025-11-06,9:36:22.505900893,T,305.0,160,305.66,40,IBM
2025-11-06,9:36:22.506196649,T,305.0,160,305.44,40,IBM
2025-11-06,9:36:22.506672739,T,305.0,160,305.44,80,IBM
2025-11-06,9:36:22.506978455,T,305.0,80,305.44,80,IBM
2025-11-06,9:36:22.521036949,T,305.0,80,305.44,40,IBM
2025-11-06,9:36:23.942440795,T,305.0,40,305.44,40,IBM
2025-11-06,9:36:23.971740739,T,305.0,40,305.65,40,IBM
2025-11-06,9:36:23.971860784,T,305.0,40,305.44,40,IBM
2025-11-06,9:36:24.676778944,T,305.0,40,305.97,160,IBM
2025-11-06,9:36:40.317028770,T,305.0,40,305.44,40,IBM
2025-11-06,9:36:40.317439703,T,305.0,40,305.44,80,IBM
2025-11-06,9:36:40.317444737,T,305.0,40,305.33,40,IBM
2025-11-06,9:36:40.317915829,T,305.0,40,305.44,80,IBM
2025-11-06,9:36:40.318186532,T,305.0,80,305.44,80,IBM
2025-11-06,9:36:40.318226608,T,305.13,40,305.44,80,IBM
2025-11-06,9:36:40.318647577,T,305.13,80,305.44,80,IBM
2025-11-06,9:36:40.322196033,T,305.13,40,305.44,80,IBM
2025-11-06,9:36:40.338549971,T,305.13,40,305.44,40,IBM
2025-11-06,9:36:44.146450512,T,305.13,80,305.44,40,IBM
2025-11-06,9:36:44.146450512,T,305.15,40,305.44,40,IBM
2025-11-06,9:36:44.146535709,T,305.13,80,305.44,40,IBM
2025-11-06,9:36:44.146701155,T,305.16,40,305.44,40,IBM
2025-11-06,9:36:44.146731229,T,305.22,40,305.44,40,IBM
2025-11-06,9:36:44.146761298,T,305.22,40,305.96,40,IBM
2025-11-06,9:36:44.146796297,T,305.22,40,305.97,160,IBM
2025-11-06,9:36:44.146871559,T,305.26,40,305.97,160,IBM
2025-11-06,9:36:44.154168926,T,305.22,80,305.97,160,IBM
2025-11-06,9:36:44.157566983,T,305.22,40,305.97,160,IBM
2025-11-06,9:36:44.161090423,T,305.13,40,305.97,160,IBM
2025-11-06,9:36:44.161115424,T,305.0,80,305.97,160,IBM
2025-11-06,9:36:47.393194654,T,305.0,80,305.96,40,IBM
2025-11-06,9:36:47.393229691,T,305.0,40,305.96,40,IBM
2025-11-06,9:36:47.393279804,T,305.0,40,305.97,160,IBM
2025-11-06,9:36:47.393420252,T,305.0,80,305.97,160,IBM
2025-11-06,9:36:47.413598236,T,305.0,40,305.97,160,IBM
2025-11-06,9:36:48.293402835,T,305.0,40,305.43,40,IBM
2025-11-06,9:36:48.294440249,T,305.0,40,305.97,160,IBM
2025-11-06,9:36:51.191331711,T,305.0,40,305.59,40,IBM
2025-11-06,9:36:51.431578616,T,305.0,40,305.59,80,IBM
2025-11-06,9:36:51.431789162,T,305.0,40,305.59,120,IBM
2025-11-06,9:36:53.677104454,T,305.0,40,305.59,80,IBM
2025-11-06,9:36:53.677109521,T,305.0,40,305.38,40,IBM
2025-11-06,9:36:53.677796217,T,305.0,40,305.59,40,IBM
2025-11-06,9:36:53.678006649,T,305.0,40,305.59,80,IBM
2025-11-06,9:36:55.224558353,T,305.0,40,305.59,40,IBM
2025-11-06,9:37:02.130619744,T,305.0,40,305.8,200,IBM
2025-11-06,9:37:02.157413549,T,305.0,80,305.8,200,IBM
2025-11-06,9:37:02.165923852,T,305.0,40,305.8,200,IBM
2025-11-06,9:37:02.211311793,T,305.0,40,305.59,40,IBM
2025-11-06,9:37:03.090169040,T,305.0,120,305.59,40,IBM
2025-11-06,9:37:07.885309821,T,305.0,160,305.59,40,IBM
2025-11-06,9:37:08.556793509,T,305.0,160,305.98,40,IBM
2025-11-06,9:37:08.556818692,T,305.3,40,305.98,40,IBM
2025-11-06,9:37:08.556843698,T,305.31,40,305.98,40,IBM
2025-11-06,9:37:08.557129336,T,305.31,80,305.98,40,IBM
2025-11-06,9:37:08.557149388,T,305.31,120,305.98,40,IBM
2025-11-06,9:37:08.557309754,T,305.31,120,305.99,160,IBM
2025-11-06,9:37:08.559329528,T,305.37,80,305.99,160,IBM
2025-11-06,9:37:08.563694917,T,305.37,120,305.99,160,IBM
2025-11-06,9:37:08.569283218,T,305.37,160,305.99,160,IBM
2025-11-06,9:37:08.571648914,T,305.37,120,305.99,160,IBM
2025-11-06,9:37:10.273941382,T,305.37,80,305.99,160,IBM
2025-11-06,9:37:10.274162016,T,305.37,40,305.99,160,IBM
2025-11-06,9:37:10.274467656,T,305.28,80,305.99,160,IBM
2025-11-06,9:37:10.278216537,T,305.3,40,305.99,160,IBM
2025-11-06,9:37:10.281679828,T,305.28,80,305.99,160,IBM
2025-11-06,9:37:10.287548849,T,305.3,40,305.99,160,IBM
2025-11-06,9:37:12.255017756,T,305.4,80,305.99,160,IBM
2025-11-06,9:37:20.052380883,T,305.44,40,305.99,160,IBM
2025-11-06,9:37:20.052806819,T,305.44,80,305.99,160,IBM
2025-11-06,9:37:20.352199597,T,305.44,80,305.98,40,IBM
2025-11-06,9:37:20.993917405,T,305.44,40,305.98,40,IBM
2025-11-06,9:37:27.876833535,T,305.4,80,305.98,40,IBM
2025-11-06,9:37:27.876853606,T,305.4,80,305.64,40,IBM
2025-11-06,9:37:27.877194433,T,305.44,40,305.64,40,IBM
2025-11-06,9:37:27.877239406,T,305.44,40,305.98,40,IBM
2025-11-06,9:37:27.877294635,T,305.4,80,305.98,40,IBM
2025-11-06,9:37:27.877299668,T,305.49,40,305.98,40,IBM
2025-11-06,9:37:27.877349678,T,305.4,120,305.98,40,IBM
2025-11-06,9:37:27.877359693,T,305.49,40,305.98,40,IBM
2025-11-06,9:37:27.877550168,T,305.49,40,305.77,40,IBM
2025-11-06,9:37:27.885303689,T,305.49,40,305.98,40,IBM
2025-11-06,9:37:27.886616733,T,305.4,80,305.98,40,IBM
2025-11-06,9:37:27.886657081,T,305.4,80,305.77,40,IBM
2025-11-06,9:37:27.886987602,T,305.4,80,305.98,40,IBM
2025-11-06,9:37:27.887338452,T,305.4,80,305.96,40,IBM
2025-11-06,9:37:27.887388699,T,305.4,80,305.76,40,IBM
2025-11-06,9:37:27.887423797,T,305.4,80,305.63,40,IBM
2025-11-06,9:37:27.887459136,T,305.4,80,305.63,80,IBM
2025-11-06,9:37:27.888205558,T,305.4,80,305.63,40,IBM
2025-11-06,9:37:27.891373127,T,305.4,80,305.76,80,IBM
2025-11-06,9:37:27.895959021,T,305.4,80,305.76,40,IBM
2025-11-06,9:37:27.897668132,T,305.4,80,305.96,40,IBM
2025-11-06,9:37:27.986654893,T,305.4,80,305.98,40,IBM
2025-11-06,9:37:28.689854147,T,305.4,80,305.76,40,IBM
2025-11-06,9:37:28.804291636,T,305.4,80,305.98,40,IBM
2025-11-06,9:37:28.886662696,T,305.4,80,305.76,40,IBM
2025-11-06,9:37:28.886682658,T,305.4,80,305.75,40,IBM
2025-11-06,9:37:28.886692766,T,305.4,80,305.7,40,IBM
2025-11-06,9:37:28.886988405,T,305.4,80,305.7,80,IBM
2025-11-06,9:37:28.887649950,T,305.4,80,305.7,40,IBM
2025-11-06,9:37:29.749035863,T,305.16,40,305.7,40,IBM
2025-11-06,9:37:29.749035863,T,305.0,80,305.7,40,IBM
2025-11-06,9:37:29.749065781,T,305.0,80,305.7,80,IBM
2025-11-06,9:37:29.749085815,T,305.0,80,305.69,40,IBM
2025-11-06,9:37:29.749101211,T,305.0,80,305.64,40,IBM
2025-11-06,9:37:29.749110829,T,305.0,80,305.58,40,IBM
2025-11-06,9:37:29.757626223,T,305.0,80,305.69,40,IBM
2025-11-06,9:37:29.757836664,T,305.0,80,305.69,80,IBM
2025-11-06,9:37:29.758382944,T,305.0,80,305.55,40,IBM
2025-11-06,9:37:29.758713764,T,305.0,40,305.55,40,IBM
2025-11-06,9:37:29.763901103,T,305.0,40,305.69,80,IBM
2025-11-06,9:37:29.766893192,T,305.0,40,305.69,40,IBM
2025-11-06,9:37:29.768010822,T,305.0,40,305.76,40,IBM
2025-11-06,9:37:29.768476985,T,305.0,40,305.64,40,IBM
2025-11-06,9:37:29.886668311,T,305.0,40,305.64,80,IBM
2025-11-06,9:37:29.886678455,T,305.0,40,305.63,40,IBM
2025-11-06,9:37:29.893975703,T,305.0,40,305.63,80,IBM
2025-11-06,9:37:29.901202946,T,305.0,40,305.63,40,IBM
2025-11-06,9:37:29.904009728,T,305.0,40,305.64,40,IBM
2025-11-06,9:37:30.090012476,T,305.0,40,305.81,200,IBM
2025-11-06,9:37:30.090493613,T,305.0,40,305.63,40,IBM
2025-11-06,9:37:30.315489159,T,305.0,40,305.63,80,IBM
2025-11-06,9:37:30.315579453,T,305.0,40,305.63,40,IBM
2025-11-06,9:37:30.749061448,T,305.0,40,305.62,40,IBM
2025-11-06,9:37:30.886679099,T,305.0,40,305.38,40,IBM
2025-11-06,9:37:30.887175206,T,305.0,40,305.37,40,IBM
2025-11-06,9:37:30.894447597,T,305.0,40,305.38,40,IBM
2025-11-06,9:37:30.894467719,T,305.0,40,305.76,40,IBM
2025-11-06,9:37:30.896783165,T,305.0,40,305.61,40,IBM
2025-11-06,9:37:30.896993583,T,305.0,40,305.61,80,IBM
2025-11-06,9:37:30.915457547,T,305.0,40,305.52,40,IBM
2025-11-06,9:37:30.915958826,T,305.0,40,305.52,80,IBM
2025-11-06,9:37:33.106137999,T,305.0,40,305.52,40,IBM
2025-11-06,9:37:33.106428698,T,305.0,80,305.52,40,IBM
2025-11-06,9:37:33.266705403,T,305.0,80,305.51,40,IBM
2025-11-06,9:37:33.611907203,T,305.0,80,305.76,80,IBM
2025-11-06,9:37:33.612408352,T,305.0,80,305.52,40,IBM
2025-11-06,9:37:34.613361292,T,305.0,80,305.76,80,IBM
2025-11-06,9:37:34.613381200,T,305.0,80,305.76,40,IBM
2025-11-06,9:37:34.613416307,T,305.0,80,305.55,80,IBM
2025-11-06,9:37:37.050803955,T,305.0,80,305.52,80,IBM
2025-11-06,9:37:40.793899998,T,305.0,40,305.52,80,IBM
2025-11-06,9:37:42.143167159,T,305.0,80,305.52,80,IBM
2025-11-06,9:37:42.593173488,T,305.0,40,305.52,80,IBM
2025-11-06,9:37:43.043199946,T,305.0,80,305.52,80,IBM
2025-11-06,9:37:43.493201168,T,305.0,40,305.52,80,IBM
2025-11-06,9:37:43.939634055,T,305.0,80,305.52,80,IBM
2025-11-06,9:37:43.939694273,T,305.17,40,305.52,80,IBM
2025-11-06,9:37:43.948775851,T,305.03,40,305.52,80,IBM
2025-11-06,9:37:43.948800904,T,305.0,80,305.52,80,IBM
2025-11-06,9:37:44.701492801,T,305.03,40,305.52,80,IBM
2025-11-06,9:37:49.264155119,T,305.03,40,305.37,40,IBM
2025-11-06,9:37:49.264320376,T,305.0,80,305.37,40,IBM
2025-11-06,9:37:49.268465257,T,305.0,80,305.52,80,IBM
2025-11-06,9:37:49.432205111,T,305.0,40,305.52,80,IBM
2025-11-06,9:37:49.601392911,T,305.0,40,305.52,120,IBM
2025-11-06,9:37:49.601417948,T,305.0,40,305.51,40,IBM
2025-11-06,9:37:49.601864016,T,305.0,40,305.34,40,IBM
2025-11-06,9:37:49.601899035,T,305.0,40,305.33,40,IBM
2025-11-06,9:37:49.609171363,T,305.0,40,305.34,40,IBM
2025-11-06,9:37:49.609191414,T,305.0,40,305.52,120,IBM
2025-11-06,9:37:49.701390949,T,305.0,40,305.52,80,IBM
2025-11-06,9:37:50.466306934,T,305.0,40,305.51,40,IBM
2025-11-06,9:37:50.466316990,T,305.0,40,305.43,40,IBM
2025-11-06,9:37:50.466612645,T,305.0,40,305.31,40,IBM
2025-11-06,9:37:50.466693010,T,305.0,80,305.31,40,IBM
2025-11-06,9:37:50.466712930,T,305.0,80,305.5,40,IBM
2025-11-06,9:37:50.466718100,T,305.0,80,305.3,40,IBM
2025-11-06,9:37:50.466813242,T,305.0,80,305.22,40,IBM
2025-11-06,9:37:50.469750229,T,305.0,80,305.31,40,IBM
2025-11-06,9:37:50.469760208,T,305.0,80,305.5,40,IBM
2025-11-06,9:37:50.470045811,T,305.0,80,305.31,40,IBM
2025-11-06,9:37:50.476726750,T,305.0,40,305.31,40,IBM
2025-11-06,9:37:50.583566161,T,305.0,40,305.52,80,IBM
2025-11-06,9:37:51.084298234,T,305.05,40,305.52,80,IBM
2025-11-06,9:37:51.162474355,T,305.05,40,305.31,40,IBM
2025-11-06,9:37:51.614675810,T,305.05,40,305.21,40,IBM
2025-11-06,9:37:51.614951549,T,305.05,80,305.21,40,IBM
2025-11-06,9:37:51.625135720,T,305.05,40,305.21,40,IBM
2025-11-06,9:37:51.629506151,T,305.05,40,305.52,80,IBM
2025-11-06,9:37:51.633089678,T,305.05,40,305.52,120,IBM
2025-11-06,9:37:51.633099801,T,305.05,40,305.51,40,IBM
2025-11-06,9:37:51.647925016,T,305.05,40,305.52,80,IBM
2025-11-06,9:37:51.705527123,T,305.05,40,305.31,40,IBM
2025-11-06,9:37:52.740465940,T,305.05,80,305.31,40,IBM
2025-11-06,9:37:52.740501027,T,305.05,40,305.31,40,IBM
2025-11-06,9:37:52.740521091,T,305.0,40,305.31,40,IBM
2025-11-06,9:37:52.740641414,T,305.0,40,305.3,40,IBM
2025-11-06,9:37:52.740646639,T,305.0,40,305.24,40,IBM
2025-11-06,9:37:52.741067574,T,305.0,80,305.24,40,IBM
2025-11-06,9:37:52.741393169,T,305.0,80,305.3,40,IBM
2025-11-06,9:37:52.743929307,T,305.0,80,305.23,40,IBM
2025-11-06,9:37:52.751131442,T,305.0,40,305.23,40,IBM
2025-11-06,9:37:52.751211590,T,305.0,40,305.3,40,IBM
2025-11-06,9:37:52.755476756,T,305.0,40,305.52,80,IBM
2025-11-06,9:37:52.833697968,T,305.0,40,305.31,40,IBM
2025-11-06,9:37:53.740927897,T,305.0,80,305.31,40,IBM
2025-11-06,9:37:53.742596899,T,305.0,40,305.31,40,IBM
2025-11-06,9:37:53.742601737,T,304.75,40,305.31,40,IBM
2025-11-06,9:37:53.742601737,T,304.71,40,305.31,40,IBM
2025-11-06,9:37:53.742627151,T,304.71,40,305.25,40,IBM
2025-11-06,9:37:53.742907584,T,304.71,40,305.18,40,IBM
2025-11-06,9:37:53.742957685,T,304.71,40,305.16,40,IBM
2025-11-06,9:37:53.742987697,T,304.71,40,305.18,40,IBM
2025-11-06,9:37:53.743007776,T,304.71,40,305.25,40,IBM
2025-11-06,9:37:53.743037878,T,304.71,40,305.25,80,IBM
2025-11-06,9:37:53.743153119,T,304.71,40,305.25,40,IBM
2025-11-06,9:37:53.743193252,T,304.75,40,305.25,40,IBM
2025-11-06,9:37:53.743293497,T,304.91,40,305.25,40,IBM
2025-11-06,9:37:53.743333557,T,305.0,40,305.25,40,IBM
2025-11-06,9:37:53.753001577,T,305.0,80,305.25,40,IBM
2025-11-06,9:37:53.753222089,T,305.0,80,305.52,80,IBM
2025-11-06,9:37:54.743254082,T,305.0,40,305.52,80,IBM
2025-11-06,9:37:54.770108135,T,305.0,40,305.31,40,IBM
2025-11-06,9:37:54.943666267,T,305.0,40,305.52,80,IBM
2025-11-06,9:37:55.908588304,T,304.91,40,305.52,80,IBM
2025-11-06,9:37:55.908603382,T,304.75,40,305.52,80,IBM
2025-11-06,9:37:55.908623442,T,304.75,40,305.21,40,IBM
2025-11-06,9:37:55.909009354,T,304.71,40,305.21,40,IBM
2025-11-06,9:37:56.192499243,T,304.71,40,305.52,80,IBM
2025-11-06,9:37:59.489067316,T,304.71,40,305.35,40,IBM
2025-11-06,9:37:59.508548591,T,304.71,40,305.21,40,IBM
2025-11-06,9:38:04.757123973,T,304.71,40,305.35,40,IBM
2025-11-06,9:38:07.958269613,T,304.75,40,305.35,40,IBM
2025-11-06,9:38:08.267611074,T,304.75,40,305.31,40,IBM
2025-11-06,9:38:08.267621238,T,304.75,40,305.3,40,IBM
2025-11-06,9:38:08.267671420,T,304.71,40,305.3,40,IBM
2025-11-06,9:38:08.267916824,T,304.71,40,305.19,40,IBM
2025-11-06,9:38:08.268302927,T,304.71,40,305.17,40,IBM
2025-11-06,9:38:08.268473182,T,304.71,40,305.19,40,IBM
2025-11-06,9:38:08.268493156,T,304.71,40,305.31,40,IBM
2025-11-06,9:38:08.268498205,T,304.71,40,305.35,80,IBM
2025-11-06,9:38:08.268844048,T,304.75,40,305.35,80,IBM
2025-11-06,9:38:08.318332199,T,304.75,40,305.31,40,IBM
2025-11-06,9:38:08.318361832,T,304.75,40,305.21,40,IBM
2025-11-06,9:38:08.367929958,T,304.71,40,305.21,40,IBM
2025-11-06,9:38:08.367954940,T,304.71,40,305.2,40,IBM
2025-11-06,9:38:08.375893927,T,304.75,40,305.2,40,IBM
2025-11-06,9:38:08.382790319,T,304.75,40,305.35,80,IBM
2025-11-06,9:38:08.382810478,T,304.75,40,305.35,40,IBM
2025-11-06,9:38:08.459537986,T,304.75,40,305.21,40,IBM
2025-11-06,9:38:09.040606323,T,304.92,160,305.21,40,IBM
2025-11-06,9:38:09.207338378,T,304.92,200,305.21,40,IBM
2025-11-06,9:38:09.702782913,T,304.92,200,305.35,40,IBM
2025-11-06,9:38:10.551177583,T,304.92,200,305.52,80,IBM
2025-11-06,9:38:10.551212563,T,304.92,200,305.19,40,IBM
2025-11-06,9:38:10.566448941,T,304.92,200,305.14,80,IBM
2025-11-06,9:38:23.356868481,T,304.92,160,305.14,80,IBM
2025-11-06,9:38:38.280481861,T,304.92,160,305.07,40,IBM
2025-11-06,9:38:38.280522216,T,304.75,1680,305.07,40,IBM
2025-11-06,9:38:38.280522216,T,304.75,1640,305.07,40,IBM
2025-11-06,9:38:38.280567063,T,304.75,1640,305.14,80,IBM
2025-11-06,9:38:38.280572096,T,304.75,1640,305.0,40,IBM
2025-11-06,9:38:38.280587515,T,304.75,1640,305.14,80,IBM
2025-11-06,9:38:38.280777500,T,304.75,1640,305.07,40,IBM
2025-11-06,9:38:38.284782130,T,304.75,1640,305.14,80,IBM
2025-11-06,9:38:38.318051261,T,304.75,1640,305.13,40,IBM
2025-11-06,9:38:38.388990153,T,304.75,1640,305.13,80,IBM
2025-11-06,9:38:38.388990153,T,304.75,1640,305.13,40,IBM
2025-11-06,9:38:38.419968907,T,304.75,1640,305.14,80,IBM
2025-11-06,9:38:39.280948577,T,304.75,1720,305.14,80,IBM
2025-11-06,9:38:40.358213281,T,304.75,1720,305.12,40,IBM
2025-11-06,9:38:40.827976692,T,304.75,1680,305.12,40,IBM
2025-11-06,9:38:40.828457859,T,304.75,1680,305.14,80,IBM
2025-11-06,9:38:43.805745824,T,304.75,1720,305.14,80,IBM
2025-11-06,9:38:43.805815959,T,304.75,1720,305.01,40,IBM
2025-11-06,9:38:43.813083255,T,304.75,1720,305.14,120,IBM
2025-11-06,9:38:43.857589232,T,304.75,1720,305.14,80,IBM
2025-11-06,9:38:44.121712923,T,304.75,1720,305.12,40,IBM
2025-11-06,9:38:45.080059516,T,304.75,1720,305.14,80,IBM
2025-11-06,9:38:45.080074550,T,304.75,1720,305.19,40,IBM
2025-11-06,9:38:45.080114643,T,304.75,1720,305.12,80,IBM
2025-11-06,9:38:46.803667765,T,304.75,1720,305.11,80,IBM
2025-11-06,9:38:46.803672894,T,304.75,1720,305.11,120,IBM
2025-11-06,9:38:46.803943470,T,304.75,1720,305.11,160,IBM
2025-11-06,9:38:46.814042552,T,304.75,1720,305.11,120,IBM
2025-11-06,9:38:46.903670993,T,304.75,1720,305.12,120,IBM
2025-11-06,9:38:47.684575005,T,304.75,1720,305.12,80,IBM
2025-11-06,9:38:50.609989581,T,304.75,1720,305.15,40,IBM
2025-11-06,9:38:50.610029649,T,304.75,1720,305.11,80,IBM
2025-11-06,9:38:54.495599959,T,304.75,1680,305.11,80,IBM
2025-11-06,9:38:54.502561400,T,304.75,1680,305.1,40,IBM
2025-11-06,9:38:54.502897292,T,304.75,1680,305.1,80,IBM
2025-11-06,9:38:54.502902219,T,304.75,1680,305.1,40,IBM
2025-11-06,9:38:54.502902219,T,304.75,1680,304.96,40,IBM
2025-11-06,9:38:54.502912258,T,304.75,1240,304.96,40,IBM
2025-11-06,9:38:54.502932328,T,304.75,40,304.96,40,IBM
2025-11-06,9:38:54.502932328,T,304.39,40,304.96,40,IBM
2025-11-06,9:38:54.502957392,T,304.39,40,304.96,80,IBM
2025-11-06,9:38:54.502967444,T,304.39,40,304.95,120,IBM
2025-11-06,9:38:54.503523697,T,304.36,160,304.95,120,IBM
2025-11-06,9:38:54.517792707,T,304.36,160,304.95,80,IBM
2025-11-06,9:38:54.573610669,T,304.36,160,304.94,80,IBM
2025-11-06,9:38:54.573615708,T,304.36,160,304.94,120,IBM
2025-11-06,9:38:54.584396242,T,304.36,160,304.94,160,IBM
2025-11-06,9:38:54.615229701,T,304.36,160,304.83,40,IBM
2025-11-06,9:38:54.750266129,T,304.36,160,305.11,80,IBM
2025-11-06,9:38:55.450392821,T,304.36,160,304.94,40,IBM
2025-11-06,9:38:55.450478102,T,304.36,160,304.83,80,IBM
2025-11-06,9:38:55.503359006,T,304.36,240,304.83,80,IBM
2025-11-06,9:38:56.727062213,T,304.36,280,304.83,80,IBM
2025-11-06,9:38:59.268462539,T,304.36,280,305.04,120,IBM
2025-11-06,9:38:59.268477473,T,304.41,40,305.04,120,IBM
2025-11-06,9:38:59.268497566,T,304.67,40,305.04,120,IBM
2025-11-06,9:38:59.268497566,T,304.67,80,305.04,120,IBM
2025-11-06,9:38:59.269504937,T,304.67,120,305.04,120,IBM
2025-11-06,9:38:59.273574664,T,304.67,80,305.04,120,IBM
2025-11-06,9:38:59.283047205,T,304.67,120,305.04,120,IBM
2025-11-06,9:38:59.283327928,T,304.67,80,305.04,120,IBM
2025-11-06,9:39:02.397266155,T,304.67,40,305.04,120,IBM
2025-11-06,9:39:09.811597273,T,304.51,40,305.04,120,IBM
2025-11-06,9:39:09.812354046,T,304.37,40,305.04,120,IBM
2025-11-06,9:39:10.309572748,T,304.36,200,305.04,120,IBM
2025-11-06,9:39:10.309597747,T,304.36,200,304.86,40,IBM
2025-11-06,9:39:10.309602837,T,304.36,200,304.86,80,IBM
2025-11-06,9:39:10.310996149,T,304.36,40,304.86,80,IBM
2025-11-06,9:39:10.311021142,T,304.29,40,304.86,80,IBM
2025-11-06,9:39:10.315130941,T,304.29,40,304.86,40,IBM
2025-11-06,9:39:10.324438199,T,304.29,40,305.03,120,IBM
2025-11-06,9:39:10.363295675,T,304.31,40,305.03,120,IBM
2025-11-06,9:39:10.409635945,T,304.31,40,305.04,160,IBM
2025-11-06,9:39:10.409661147,T,304.31,40,305.04,120,IBM
2025-11-06,9:39:11.310014429,T,304.32,80,305.04,120,IBM
2025-11-06,9:39:11.310054541,T,304.32,120,305.04,120,IBM
2025-11-06,9:39:15.015826782,T,304.37,40,305.04,120,IBM
2025-11-06,9:39:15.016794204,T,304.37,120,305.04,120,IBM
2025-11-06,9:39:15.019260049,T,304.37,80,305.04,120,IBM
2025-11-06,9:39:17.832963512,T,304.39,80,305.04,120,IBM
2025-11-06,9:39:17.922566860,T,304.39,80,305.04,160,IBM
2025-11-06,9:39:19.759956114,T,304.39,80,305.04,120,IBM
2025-11-06,9:39:19.772285494,T,304.4,80,305.04,120,IBM
2025-11-06,9:39:19.793676425,T,304.42,80,305.04,120,IBM
2025-11-06,9:39:19.817603377,T,304.45,80,305.04,120,IBM
2025-11-06,9:39:20.883130059,T,304.45,80,305.02,40,IBM
2025-11-06,9:39:21.002043104,T,304.45,80,305.04,120,IBM
2025-11-06,9:39:21.238586217,T,304.45,120,305.04,120,IBM
2025-11-06,9:39:21.259902071,T,304.46,40,305.04,120,IBM
2025-11-06,9:39:22.237915252,T,304.35,200,305.04,120,IBM
2025-11-06,9:39:22.239298523,T,304.36,40,305.04,120,IBM
2025-11-06,9:39:24.598720477,T,304.36,40,305.04,80,IBM
2025-11-06,9:39:24.598890968,T,304.36,40,305.25,40,IBM
2025-11-06,9:39:26.555834848,T,304.36,40,305.31,40,IBM
2025-11-06,9:39:29.614897479,T,304.36,40,305.37,40,IBM
2025-11-06,9:39:31.391261493,T,304.58,40,305.37,40,IBM
2025-11-06,9:39:32.170656791,T,304.36,40,305.37,40,IBM
2025-11-06,9:39:33.565462208,T,304.36,40,305.45,200,IBM
2025-11-06,9:39:38.023054374,T,304.36,40,305.37,40,IBM
2025-11-06,9:39:38.027063941,T,304.36,40,305.45,200,IBM
2025-11-06,9:39:41.679479224,T,304.36,40,305.37,40,IBM
2025-11-06,9:39:41.680065577,T,304.36,40,304.96,40,IBM
2025-11-06,9:39:41.686104990,T,304.36,40,305.31,40,IBM
2025-11-06,9:39:41.694339573,T,304.36,40,305.37,40,IBM
2025-11-06,9:39:42.935369075,T,304.36,40,305.31,40,IBM
2025-11-06,9:39:42.935404071,T,304.36,40,305.0,40,IBM
2025-11-06,9:39:42.991272169,T,304.36,40,305.31,40,IBM
2025-11-06,9:39:47.090039728,T,304.74,80,305.31,40,IBM
2025-11-06,9:39:47.095066658,T,304.36,40,305.31,40,IBM
2025-11-06,9:39:47.095091816,T,304.36,40,304.99,40,IBM
2025-11-06,9:39:47.095091816,T,304.36,40,304.99,80,IBM
2025-11-06,9:39:47.095547868,T,304.36,40,304.99,120,IBM
2025-11-06,9:39:47.109927015,T,304.36,40,304.99,80,IBM
2025-11-06,9:39:47.195094821,T,304.36,40,304.99,40,IBM
2025-11-06,9:39:48.419534883,T,304.36,40,304.79,40,IBM
2025-11-06,9:39:48.427669177,T,304.36,40,305.26,200,IBM
2025-11-06,9:39:52.715201491,T,304.31,40,305.26,200,IBM
2025-11-06,9:39:52.715226467,T,304.29,40,305.26,200,IBM
2025-11-06,9:39:52.729400321,T,304.29,40,305.02,40,IBM
2025-11-06,9:39:52.729425344,T,304.29,40,304.91,40,IBM
2025-11-06,9:39:52.729460427,T,304.29,40,304.91,80,IBM
2025-11-06,9:39:53.090013775,T,304.29,40,304.91,40,IBM
2025-11-06,9:39:54.257488259,T,304.29,40,304.91,80,IBM
2025-11-06,9:39:54.395326335,T,304.29,40,304.9,40,IBM
2025-11-06,9:39:54.395351362,T,304.31,40,304.9,40,IBM
2025-11-06,9:39:54.395351362,T,304.31,40,304.91,80,IBM
2025-11-06,9:39:54.395356387,T,304.31,40,304.91,40,IBM
2025-11-06,9:39:54.395356387,T,304.31,40,304.78,40,IBM
2025-11-06,9:39:54.395386449,T,304.29,40,304.78,40,IBM
2025-11-06,9:39:54.399496273,T,304.29,40,304.78,80,IBM
2025-11-06,9:39:54.660993801,T,304.29,40,304.78,40,IBM
2025-11-06,9:39:58.242169488,T,304.2,40,304.78,40,IBM
2025-11-06,9:39:58.242199450,T,304.29,40,304.78,40,IBM
2025-11-06,9:39:58.286816166,T,304.29,40,304.75,40,IBM
2025-11-06,9:39:58.296348360,T,304.29,40,304.91,40,IBM
2025-11-06,9:39:58.464899708,T,304.2,40,304.91,40,IBM
2025-11-06,9:40:03.387533659,T,304.18,40,304.91,40,IBM
2025-11-06,9:40:04.132998411,T,304.17,200,304.91,40,IBM
2025-11-06,9:40:04.178241113,T,304.17,200,304.78,40,IBM
2025-11-06,9:40:04.178246068,T,304.17,200,304.77,40,IBM
2025-11-06,9:40:04.178251166,T,304.17,200,304.77,120,IBM
2025-11-06,9:40:04.178531753,T,304.01,40,304.77,120,IBM
2025-11-06,9:40:04.179163232,T,304.0,40,304.77,120,IBM
2025-11-06,9:40:04.180581770,T,304.01,40,304.77,120,IBM
2025-11-06,9:40:04.184871925,T,304.01,40,304.77,160,IBM
2025-11-06,9:40:04.188941614,T,304.01,40,304.77,120,IBM
2025-11-06,9:40:04.188946583,T,304.01,40,304.62,40,IBM
2025-11-06,9:40:04.188956562,T,304.0,40,304.62,40,IBM
2025-11-06,9:40:04.196213976,T,304.0,40,304.77,80,IBM
2025-11-06,9:40:04.196213976,T,304.0,40,304.77,40,IBM
2025-11-06,9:40:04.228766432,T,304.0,40,304.77,80,IBM
2025-11-06,9:40:04.228796409,T,304.0,40,304.76,40,IBM
2025-11-06,9:40:04.385714985,T,304.0,40,304.91,40,IBM
2025-11-06,9:40:04.386191155,T,304.0,40,304.75,40,IBM
2025-11-06,9:40:04.408759906,T,304.0,40,304.75,80,IBM
2025-11-06,9:40:04.408769926,T,304.0,40,304.75,40,IBM
2025-11-06,9:40:04.408774962,T,304.0,40,304.62,40,IBM
2025-11-06,9:40:04.435563693,T,304.0,40,304.62,80,IBM
2025-11-06,9:40:04.457460858,T,304.0,40,304.51,40,IBM
2025-11-06,9:40:04.464733093,T,304.0,40,304.78,40,IBM
2025-11-06,9:40:04.482229849,T,304.0,40,304.59,40,IBM
2025-11-06,9:40:04.866369278,T,304.0,40,304.78,40,IBM
2025-11-06,9:40:07.140242697,T,304.07,40,304.78,40,IBM
2025-11-06,9:40:22.218559135,T,304.18,40,304.78,40,IBM
2025-11-06,9:40:24.361671174,T,304.18,80,304.78,40,IBM
2025-11-06,9:40:26.192770473,T,304.18,80,304.75,40,IBM
2025-11-06,9:40:26.192775455,T,304.18,80,304.54,40,IBM
2025-11-06,9:40:26.192845739,T,304.18,80,304.75,40,IBM
2025-11-06,9:40:26.192845739,T,304.18,80,304.47,40,IBM
2025-11-06,9:40:26.193206485,T,304.18,40,304.47,40,IBM
2025-11-06,9:40:26.193266771,T,304.18,40,304.75,40,IBM
2025-11-06,9:40:26.196780041,T,304.18,40,304.78,40,IBM
2025-11-06,9:40:26.278439473,T,304.18,40,304.62,40,IBM
2025-11-06,9:40:41.026805488,T,304.18,40,304.62,80,IBM
2025-11-06,9:40:44.544585215,T,304.18,40,304.62,40,IBM
2025-11-06,9:40:44.545858190,T,304.18,40,304.78,40,IBM
2025-11-06,9:40:44.620526030,T,304.18,40,304.61,40,IBM
2025-11-06,9:40:44.621132392,T,304.18,40,304.54,40,IBM
2025-11-06,9:40:44.621157434,T,304.18,40,304.61,80,IBM
2025-11-06,9:40:44.621157434,T,304.18,40,304.42,40,IBM
2025-11-06,9:40:44.624014313,T,303.97,40,304.42,40,IBM
2025-11-06,9:40:44.628439778,T,303.97,40,304.61,40,IBM
2025-11-06,9:40:44.631537219,T,303.97,40,304.78,40,IBM
2025-11-06,9:40:44.656110644,T,303.97,40,304.55,40,IBM
2025-11-06,9:40:44.656231080,T,303.97,40,304.37,40,IBM
2025-11-06,9:40:44.743388528,T,303.97,40,304.37,80,IBM
2025-11-06,9:40:44.872581071,T,303.97,40,304.37,40,IBM
2025-11-06,9:40:49.458002309,T,303.97,40,304.46,80,IBM
2025-11-06,9:40:49.458343232,T,303.97,80,304.46,80,IBM
2025-11-06,9:40:49.536564325,T,303.97,80,304.39,40,IBM
2025-11-06,9:40:49.536594421,T,303.97,40,304.39,40,IBM
2025-11-06,9:40:50.830945928,T,304.07,40,304.39,40,IBM
2025-11-06,9:40:51.832435067,T,304.08,40,304.39,40,IBM
2025-11-06,9:40:52.134764870,T,304.08,40,304.46,80,IBM
2025-11-06,9:40:54.656067391,T,304.08,40,304.75,40,IBM
2025-11-06,9:40:54.656097432,T,304.08,40,304.46,120,IBM
2025-11-06,9:40:56.075566688,T,304.08,80,304.46,120,IBM
2025-11-06,9:40:58.813189033,T,304.08,40,304.46,120,IBM
2025-11-06,9:41:00.780262146,T,304.08,40,304.38,40,IBM
2025-11-06,9:41:02.466150939,T,304.08,40,304.37,40,IBM
2025-11-06,9:41:02.993611207,T,304.08,40,304.36,40,IBM
2025-11-06,9:41:02.993636584,T,304.08,40,304.37,40,IBM
2025-11-06,9:41:02.993636584,T,304.08,40,304.26,40,IBM
2025-11-06,9:41:02.993841788,T,303.97,40,304.26,40,IBM
2025-11-06,9:41:03.000908651,T,303.97,40,304.37,80,IBM
2025-11-06,9:41:03.003980922,T,303.97,40,304.37,40,IBM
2025-11-06,9:41:03.004266650,T,303.97,40,304.37,80,IBM
2025-11-06,9:41:03.154464207,T,304.0,40,304.37,80,IBM
2025-11-06,9:41:07.840429873,T,303.97,40,304.37,80,IBM
2025-11-06,9:41:09.176174957,T,303.97,40,304.37,40,IBM
2025-11-06,9:41:10.092215668,T,304.1,40,304.37,40,IBM
2025-11-06,9:41:13.255486339,T,304.1,80,304.37,40,IBM
2025-11-06,9:41:17.645602988,T,304.1,80,304.71,40,IBM
2025-11-06,9:41:17.645602988,T,304.1,80,304.75,40,IBM
2025-11-06,9:41:17.645623012,T,304.11,40,304.75,40,IBM
2025-11-06,9:41:17.645633060,T,304.12,40,304.75,40,IBM
2025-11-06,9:41:17.645653062,T,304.18,40,304.75,40,IBM
2025-11-06,9:41:17.645698206,T,304.24,40,304.75,40,IBM
2025-11-06,9:41:17.646154326,T,304.24,80,304.75,40,IBM
2025-11-06,9:41:17.646485047,T,304.24,120,304.75,40,IBM
2025-11-06,9:41:17.646951238,T,304.24,200,304.75,40,IBM
2025-11-06,9:41:17.653431609,T,304.24,160,304.75,40,IBM
2025-11-06,9:41:17.660343115,T,304.24,200,304.75,40,IBM
2025-11-06,9:41:17.660343115,T,304.25,40,304.75,40,IBM
2025-11-06,9:41:17.660378119,T,304.24,200,304.75,40,IBM
2025-11-06,9:41:17.660378119,T,304.25,40,304.75,40,IBM
2025-11-06,9:41:17.660553605,T,304.25,40,304.76,160,IBM
2025-11-06,9:41:17.660578662,T,304.37,40,304.76,160,IBM
2025-11-06,9:41:17.660593672,T,304.38,40,304.76,160,IBM
2025-11-06,9:41:17.660613756,T,304.37,40,304.76,160,IBM
2025-11-06,9:41:17.660618808,T,304.38,40,304.76,160,IBM
2025-11-06,9:41:17.660638756,T,304.38,40,304.75,40,IBM
2025-11-06,9:41:17.661124951,T,304.38,40,304.76,160,IBM
2025-11-06,9:41:17.661195124,T,304.38,80,304.76,160,IBM
2025-11-06,9:41:17.662623526,T,304.38,80,304.78,40,IBM
2025-11-06,9:41:17.668657877,T,304.38,40,304.78,40,IBM
2025-11-06,9:41:17.670988705,T,304.38,40,304.82,40,IBM
2025-11-06,9:41:17.671243987,T,304.25,40,304.82,40,IBM
2025-11-06,9:41:17.671524686,T,304.25,80,304.82,40,IBM
2025-11-06,9:41:17.671795387,T,304.25,120,304.82,40,IBM
2025-11-06,9:41:18.408258620,T,304.25,80,304.82,40,IBM
2025-11-06,9:41:18.408519322,T,304.25,80,304.88,40,IBM
2025-11-06,9:41:18.425780408,T,304.25,40,304.88,40,IBM
2025-11-06,9:41:19.377405745,T,304.24,40,304.88,40,IBM
2025-11-06,9:41:19.377500969,T,304.1,40,304.88,40,IBM
2025-11-06,9:41:26.515308944,T,304.26,40,304.88,40,IBM
2025-11-06,9:41:26.781462534,T,304.1,40,304.88,40,IBM
2025-11-06,9:41:28.143996285,T,304.1,40,304.78,40,IBM
2025-11-06,9:41:32.059668373,T,304.1,40,304.78,80,IBM
2025-11-06,9:41:32.959761206,T,304.1,40,304.78,120,IBM
2025-11-06,9:41:32.968316540,T,304.1,40,304.78,80,IBM
2025-11-06,9:41:32.972305997,T,304.1,40,304.78,40,IBM
2025-11-06,9:41:33.224225715,T,304.1,40,304.75,40,IBM
2025-11-06,9:41:35.347570798,T,304.1,40,304.75,80,IBM
2025-11-06,9:41:36.009080571,T,304.1,40,304.57,40,IBM
2025-11-06,9:41:36.010338581,T,304.1,40,304.75,80,IBM
2025-11-06,9:41:36.097686537,T,304.1,40,304.75,40,IBM
2025-11-06,9:41:39.145893289,T,304.1,40,304.78,40,IBM
2025-11-06,9:41:46.827761383,T,304.1,40,304.88,40,IBM
2025-11-06,9:41:46.829796310,T,304.1,80,304.88,40,IBM
2025-11-06,9:41:49.201858661,T,304.1,80,304.91,40,IBM
2025-11-06,9:41:49.201873417,T,304.16,40,304.91,40,IBM
2025-11-06,9:41:49.201873417,T,304.45,40,304.91,40,IBM
2025-11-06,9:41:49.201883413,T,304.51,40,304.91,40,IBM
2025-11-06,9:41:49.201888465,T,304.61,40,304.91,40,IBM
2025-11-06,9:41:49.202139078,T,304.61,80,304.91,40,IBM
2025-11-06,9:41:49.202159198,T,304.61,120,304.91,40,IBM
2025-11-06,9:41:49.202259343,T,304.61,120,305.0,40,IBM
2025-11-06,9:41:49.203026137,T,304.61,120,305.02,40,IBM
2025-11-06,9:41:49.203722816,T,304.61,120,305.07,40,IBM
2025-11-06,9:41:49.216723799,T,304.61,80,305.07,40,IBM
2025-11-06,9:41:49.217535742,T,304.62,40,305.07,40,IBM
2025-11-06,9:41:49.218016808,T,304.62,80,305.07,40,IBM
2025-11-06,9:41:49.221545239,T,304.62,40,305.07,40,IBM
2025-11-06,9:41:49.299951868,T,304.62,40,305.22,200,IBM
2025-11-06,9:41:52.027926321,T,304.62,80,305.22,200,IBM
2025-11-06,9:41:52.746356621,T,304.62,80,305.22,160,IBM
2025-11-06,9:42:01.572393322,T,304.62,40,305.22,160,IBM
2025-11-06,9:42:01.572533677,T,304.62,40,305.26,40,IBM
2025-11-06,9:42:01.572654010,T,304.62,80,305.26,40,IBM
2025-11-06,9:42:01.572669071,T,304.62,40,305.26,40,IBM
2025-11-06,9:42:01.883293582,T,304.32,40,305.26,40,IBM
2025-11-06,9:42:02.071180797,T,304.23,40,305.26,40,IBM
2025-11-06,9:42:02.071190958,T,304.23,40,305.16,40,IBM
2025-11-06,9:42:02.071226003,T,304.23,40,304.99,40,IBM
2025-11-06,9:42:02.122046943,T,304.23,40,305.16,40,IBM
2025-11-06,9:42:06.185671076,T,304.23,40,304.99,40,IBM
2025-11-06,9:42:06.201373884,T,304.23,40,305.16,40,IBM
2025-11-06,9:42:07.457458835,T,304.23,40,304.99,40,IBM
2025-11-06,9:42:07.976293976,T,304.23,40,305.16,40,IBM
2025-11-06,9:42:12.444145555,T,304.23,40,305.07,40,IBM
2025-11-06,9:42:12.451422825,T,304.23,40,305.16,40,IBM
2025-11-06,9:42:12.952490676,T,304.23,40,305.11,40,IBM
2025-11-06,9:42:13.843787644,T,304.63,40,305.11,40,IBM
2025-11-06,9:42:13.844208760,T,304.63,80,305.11,40,IBM
2025-11-06,9:42:15.973573007,T,304.64,40,305.11,40,IBM
2025-11-06,9:42:15.980679922,T,304.64,80,305.11,40,IBM
2025-11-06,9:42:17.353322780,T,304.64,40,305.11,40,IBM
2025-11-06,9:42:20.386102805,T,304.64,80,305.11,40,IBM
2025-11-06,9:42:23.094580866,T,304.66,40,305.11,40,IBM
2025-11-06,9:42:23.095347680,T,304.66,80,305.11,40,IBM
2025-11-06,9:42:23.095543204,T,304.66,80,305.26,40,IBM
2025-11-06,9:42:23.095553168,T,304.66,120,305.26,40,IBM
2025-11-06,9:42:23.095553168,T,304.83,40,305.26,40,IBM
2025-11-06,9:42:23.095623342,T,304.83,40,305.37,40,IBM
2025-11-06,9:42:23.102885642,T,304.82,40,305.37,40,IBM
2025-11-06,9:42:23.102910678,T,304.67,40,305.37,40,IBM
2025-11-06,9:42:23.110388456,T,304.66,80,305.37,40,IBM
2025-11-06,9:42:23.115846483,T,304.66,40,305.37,40,IBM
2025-11-06,9:42:40.753681639,T,304.86,80,305.37,40,IBM
2025-11-06,9:42:46.972737220,T,304.66,40,305.37,40,IBM
2025-11-06,9:42:46.972757265,T,304.66,40,305.07,40,IBM
2025-11-06,9:42:46.972762285,T,304.66,40,305.06,40,IBM
2025-11-06,9:42:46.972767282,T,304.66,40,305.06,80,IBM
2025-11-06,9:42:46.972862499,T,304.66,40,304.97,40,IBM
2025-11-06,9:42:46.973218440,T,304.66,40,305.0,40,IBM
2025-11-06,9:42:46.973268421,T,304.66,40,305.04,40,IBM
2025-11-06,9:42:46.973268421,T,304.66,40,305.06,80,IBM
2025-11-06,9:42:46.973433800,T,304.66,40,305.0,40,IBM
2025-11-06,9:42:46.973804821,T,304.66,40,305.0,80,IBM
2025-11-06,9:42:46.975368427,T,304.66,40,304.97,40,IBM
2025-11-06,9:42:46.980225088,T,304.55,40,304.97,40,IBM
2025-11-06,9:42:46.987597509,T,304.55,40,305.0,80,IBM
2025-11-06,9:42:46.987627676,T,304.55,40,305.0,40,IBM
2025-11-06,9:42:46.987803063,T,304.55,40,305.06,40,IBM
2025-11-06,9:42:47.020320517,T,304.42,40,305.06,40,IBM
2025-11-06,9:42:47.020440734,T,304.38,160,305.06,40,IBM
2025-11-06,9:42:47.138968033,T,304.38,160,304.97,40,IBM
2025-11-06,9:42:47.139068167,T,304.38,160,304.97,80,IBM
2025-11-06,9:42:47.388742517,T,304.38,160,304.97,120,IBM
2025-11-06,9:42:47.389334014,T,304.38,160,304.97,80,IBM
2025-11-06,9:42:48.593115144,T,304.38,160,304.97,40,IBM
2025-11-06,9:42:48.593119774,T,304.38,160,305.07,40,IBM
2025-11-06,9:42:48.593169913,T,304.38,160,304.93,40,IBM
2025-11-06,9:42:48.593209985,T,304.38,160,304.81,40,IBM
2025-11-06,9:42:48.593415460,T,304.38,160,304.81,80,IBM
2025-11-06,9:42:48.593445531,T,304.38,160,304.81,120,IBM
2025-11-06,9:42:48.593465608,T,304.38,160,304.8,40,IBM
2025-11-06,9:42:48.594102162,T,304.38,160,304.81,120,IBM
2025-11-06,9:42:48.594357735,T,304.38,160,304.81,80,IBM
2025-11-06,9:42:48.594563236,T,304.22,40,304.81,80,IBM
2025-11-06,9:42:48.603464384,T,304.22,40,304.81,40,IBM
2025-11-06,9:42:48.603474476,T,304.22,40,304.94,40,IBM
2025-11-06,9:42:48.603504538,T,304.22,40,304.97,40,IBM
2025-11-06,9:42:48.693288269,T,304.22,40,305.07,40,IBM
2025-11-06,9:42:49.460695235,T,304.23,40,305.07,40,IBM
2025-11-06,9:42:49.467125488,T,304.22,40,305.07,40,IBM
2025-11-06,9:42:49.467275794,T,304.23,40,305.07,40,IBM
2025-11-06,9:42:49.467376052,T,304.22,40,305.07,40,IBM
2025-11-06,9:42:49.467631621,T,304.23,40,305.07,40,IBM
2025-11-06,9:42:49.467666771,T,304.27,40,305.07,40,IBM
2025-11-06,9:42:49.468037750,T,304.23,40,305.07,40,IBM
2025-11-06,9:42:50.322612140,T,304.22,40,305.07,40,IBM
2025-11-06,9:42:53.860629944,T,304.23,40,305.07,40,IBM
2025-11-06,9:42:53.861672464,T,304.32,40,305.07,40,IBM
2025-11-06,9:42:53.861988160,T,304.55,40,305.07,40,IBM
2025-11-06,9:42:53.862514499,T,304.55,40,305.11,40,IBM
2025-11-06,9:42:53.866022860,T,304.47,40,305.11,40,IBM
2025-11-06,9:42:53.872277656,T,304.32,40,305.11,40,IBM
2025-11-06,9:42:54.870303704,T,304.55,40,305.11,40,IBM
2025-11-06,9:42:59.964786929,T,304.32,40,305.11,40,IBM
2025-11-06,9:43:00.049954761,T,304.42,40,305.11,40,IBM
2025-11-06,9:43:00.915254740,T,304.32,40,305.11,40,IBM
2025-11-06,9:43:01.002672897,T,304.42,40,305.11,40,IBM
2025-11-06,9:43:15.313156617,T,304.58,40,305.11,40,IBM
2025-11-06,9:43:17.234545858,T,304.52,40,305.11,40,IBM
2025-11-06,9:43:19.401885517,T,304.58,40,305.11,40,IBM
2025-11-06,9:43:19.401925625,T,304.58,40,305.27,40,IBM
2025-11-06,9:43:22.702067272,T,304.58,40,305.37,40,IBM
2025-11-06,9:43:22.702087402,T,304.76,40,305.37,40,IBM
2025-11-06,9:43:22.702122467,T,304.77,40,305.37,40,IBM
2025-11-06,9:43:22.702879233,T,304.77,80,305.37,40,IBM
2025-11-06,9:43:22.707104404,T,304.77,40,305.37,40,IBM
2025-11-06,9:43:22.802295896,T,304.76,40,305.37,40,IBM
2025-11-06,9:43:23.192800595,T,304.58,40,305.37,40,IBM
2025-11-06,9:43:25.456299064,T,304.78,40,305.37,40,IBM
2025-11-06,9:43:29.021381363,T,304.58,40,305.37,40,IBM
2025-11-06,9:43:30.553062900,T,304.52,40,305.37,40,IBM
2025-11-06,9:43:30.554686766,T,304.6,40,305.37,40,IBM
2025-11-06,9:43:30.556736675,T,304.6,40,305.01,40,IBM
2025-11-06,9:43:30.560199835,T,304.6,40,305.37,40,IBM
2025-11-06,9:43:30.568539664,T,304.6,40,305.08,40,IBM
2025-11-06,9:43:31.063267528,T,304.6,40,305.37,40,IBM
2025-11-06,9:43:31.116945294,T,304.52,40,305.37,40,IBM
2025-11-06,9:43:36.481887619,T,304.52,40,305.08,40,IBM
2025-11-06,9:43:36.483125510,T,304.52,40,305.08,80,IBM
2025-11-06,9:43:36.871976256,T,304.52,40,305.08,40,IBM
2025-11-06,9:43:36.872156748,T,304.52,40,305.08,80,IBM
2025-11-06,9:43:36.872186781,T,304.52,40,305.07,40,IBM
2025-11-06,9:43:36.977858298,T,304.52,40,305.37,40,IBM
2025-11-06,9:43:36.978349493,T,304.52,40,305.08,40,IBM
2025-11-06,9:43:37.097037022,T,304.52,40,305.37,40,IBM
2025-11-06,9:43:39.478085595,T,304.42,40,305.37,40,IBM
2025-11-06,9:43:39.478110602,T,304.42,40,305.11,40,IBM
2025-11-06,9:43:39.478115661,T,304.42,40,305.08,40,IBM
2025-11-06,9:43:39.478120705,T,304.42,40,305.07,40,IBM
2025-11-06,9:43:39.478140889,T,304.42,40,305.07,80,IBM
2025-11-06,9:43:39.478356141,T,304.37,200,305.07,80,IBM
2025-11-06,9:43:39.478366261,T,304.37,200,304.94,40,IBM
2025-11-06,9:43:39.478396275,T,304.37,200,304.85,40,IBM
2025-11-06,9:43:39.482375724,T,304.37,200,304.93,40,IBM
2025-11-06,9:43:39.482856860,T,304.37,200,305.07,40,IBM
2025-11-06,9:43:39.485417948,T,304.37,200,305.08,80,IBM
2025-11-06,9:43:39.485438053,T,304.37,200,304.93,40,IBM
2025-11-06,9:43:39.485483090,T,304.37,200,304.83,40,IBM
2025-11-06,9:43:39.485483090,T,304.37,160,304.83,40,IBM
2025-11-06,9:43:39.486941668,T,304.37,160,304.93,40,IBM
2025-11-06,9:43:39.487332595,T,304.42,40,304.93,40,IBM
2025-11-06,9:43:39.492945999,T,304.42,40,305.08,40,IBM
2025-11-06,9:43:39.494113693,T,304.42,40,305.07,40,IBM
2025-11-06,9:43:39.498113174,T,304.42,40,305.01,40,IBM
2025-11-06,9:43:39.498323744,T,304.42,40,305.01,80,IBM
2025-11-06,9:43:39.498353762,T,304.42,40,305.01,120,IBM
2025-11-06,9:43:40.129992502,T,304.32,40,305.01,120,IBM
2025-11-06,9:43:40.485859749,T,304.55,40,305.01,120,IBM
2025-11-06,9:43:40.547396334,T,304.55,40,305.01,80,IBM
2025-11-06,9:43:40.547406268,T,304.55,40,305.01,40,IBM
2025-11-06,9:43:40.552378159,T,304.23,40,305.01,40,IBM
2025-11-06,9:43:40.552413215,T,304.55,40,305.01,40,IBM
2025-11-06,9:43:44.092070123,T,304.32,40,305.01,40,IBM
2025-11-06,9:43:44.092075431,T,304.23,40,305.01,40,IBM
2025-11-06,9:43:44.092095241,T,304.23,40,305.01,80,IBM
2025-11-06,9:43:44.092110342,T,304.23,40,305.0,40,IBM
2025-11-06,9:43:44.092130341,T,304.23,40,304.8,40,IBM
2025-11-06,9:43:44.092481099,T,304.23,40,304.81,40,IBM
2025-11-06,9:43:44.092481099,T,304.23,40,304.7,40,IBM
2025-11-06,9:43:44.092691681,T,304.22,40,304.7,40,IBM
2025-11-06,9:43:44.092726753,T,304.22,40,304.7,80,IBM
2025-11-06,9:43:44.101307229,T,304.23,40,304.7,80,IBM
2025-11-06,9:43:44.110193266,T,304.23,40,304.7,120,IBM
2025-11-06,9:43:44.110233461,T,304.23,40,304.7,80,IBM
2025-11-06,9:43:44.192589681,T,304.23,40,304.7,40,IBM
2025-11-06,9:43:44.544261632,T,304.22,40,304.7,40,IBM
2025-11-06,9:43:44.544296822,T,304.23,40,304.7,40,IBM
2025-11-06,9:43:49.239539482,T,304.23,40,305.01,40,IBM
2025-11-06,9:43:49.239559544,T,304.48,40,305.01,40,IBM
2025-11-06,9:43:49.239574576,T,304.49,40,305.01,40,IBM
2025-11-06,9:43:49.239644758,T,304.48,40,305.01,40,IBM
2025-11-06,9:43:49.240110788,T,304.49,40,305.01,40,IBM
2025-11-06,9:43:49.240135883,T,304.49,40,305.08,40,IBM
2025-11-06,9:43:49.240341429,T,304.53,40,305.08,40,IBM
2025-11-06,9:43:49.254399852,T,304.49,40,305.08,40,IBM
2025-11-06,9:43:49.339848300,T,304.48,40,305.08,40,IBM
2025-11-06,9:43:49.774472952,T,304.31,40,305.08,40,IBM
2025-11-06,9:43:49.778918539,T,304.23,40,305.08,40,IBM
2025-11-06,9:43:49.778953575,T,304.31,40,305.08,40,IBM
2025-11-06,9:43:50.468440174,T,304.48,40,305.08,40,IBM
2025-11-06,9:43:50.473632411,T,304.23,40,305.08,40,IBM
2025-11-06,9:43:50.473672529,T,304.48,40,305.08,40,IBM
2025-11-06,9:43:50.507442904,T,304.31,40,305.08,40,IBM
2025-11-06,9:43:54.085456014,T,304.48,40,305.08,40,IBM
2025-11-06,9:43:55.002945371,T,304.4,40,305.08,40,IBM
2025-11-06,9:43:55.002970335,T,304.4,40,304.99,40,IBM
2025-11-06,9:43:55.004889890,T,304.23,40,304.99,40,IBM
2025-11-06,9:43:55.004924995,T,304.4,40,304.99,40,IBM
2025-11-06,9:43:55.387375514,T,304.4,40,305.08,40,IBM
2025-11-06,9:43:55.422834980,T,304.4,40,305.11,40,IBM
2025-11-06,9:43:56.700200967,T,304.31,40,305.11,40,IBM
2025-11-06,9:43:57.312523887,T,304.4,40,305.11,40,IBM
2025-11-06,9:43:57.312744237,T,304.4,40,304.95,40,IBM
2025-11-06,9:43:57.343718033,T,304.4,40,305.11,40,IBM
2025-11-06,9:44:06.557683538,T,304.49,40,305.11,40,IBM
2025-11-06,9:44:12.087864084,T,304.4,40,305.11,40,IBM
2025-11-06,9:44:12.087904148,T,304.49,40,305.11,40,IBM
2025-11-06,9:44:12.168300601,T,304.4,40,305.11,40,IBM
2025-11-06,9:44:12.168340773,T,304.49,40,305.11,40,IBM
2025-11-06,9:44:13.211859966,T,304.4,40,305.11,40,IBM
2025-11-06,9:44:13.211895031,T,304.49,40,305.11,40,IBM
2025-11-06,9:44:15.465866203,T,304.79,40,305.11,40,IBM
2025-11-06,9:44:15.465866203,T,304.79,40,305.22,80,IBM
2025-11-06,9:44:15.480701404,T,304.62,40,305.22,80,IBM
2025-11-06,9:44:15.528239528,T,304.62,40,305.11,40,IBM
2025-11-06,9:44:15.528284666,T,304.62,40,305.1,40,IBM
2025-11-06,9:44:15.566074565,T,304.49,40,305.1,40,IBM
2025-11-06,9:44:15.725794868,T,304.4,40,305.1,40,IBM
2025-11-06,9:44:15.725829893,T,304.49,40,305.1,40,IBM
2025-11-06,9:44:16.163922988,T,304.49,40,305.09,40,IBM
2025-11-06,9:44:16.793155981,T,304.8,40,305.09,40,IBM
2025-11-06,9:44:17.096222432,T,304.8,40,305.1,40,IBM
2025-11-06,9:44:17.171411466,T,304.8,40,305.08,40,IBM
2025-11-06,9:44:17.537853876,T,304.8,80,305.08,40,IBM
2025-11-06,9:44:17.538104424,T,304.8,80,305.1,40,IBM
2025-11-06,9:44:17.538104424,T,304.8,80,305.22,80,IBM
2025-11-06,9:44:17.538129428,T,304.81,40,305.22,80,IBM
2025-11-06,9:44:17.538169545,T,304.82,40,305.22,80,IBM
2025-11-06,9:44:17.538375038,T,304.86,40,305.22,80,IBM
2025-11-06,9:44:17.538390189,T,304.94,40,305.22,80,IBM
2025-11-06,9:44:17.538615601,T,304.94,80,305.22,80,IBM
2025-11-06,9:44:17.539658065,T,304.94,40,305.22,80,IBM
2025-11-06,9:44:17.549260930,T,304.94,80,305.22,80,IBM
2025-11-06,9:44:17.549466476,T,304.94,120,305.22,80,IBM
2025-11-06,9:44:17.552969830,T,304.94,80,305.22,80,IBM
2025-11-06,9:44:17.582314638,T,304.94,40,305.22,80,IBM
2025-11-06,9:44:17.582344831,T,304.81,40,305.22,80,IBM
2025-11-06,9:44:17.647259215,T,304.8,40,305.22,80,IBM
2025-11-06,9:44:17.647279262,T,304.67,40,305.22,80,IBM
2025-11-06,9:44:17.654090519,T,304.64,40,305.22,80,IBM
2025-11-06,9:44:17.664420167,T,304.97,40,305.22,80,IBM
2025-11-06,9:44:17.664630660,T,304.97,80,305.22,80,IBM
2025-11-06,9:44:17.664841113,T,304.97,120,305.22,80,IBM
2025-11-06,9:44:17.947193311,T,304.97,80,305.22,80,IBM
2025-11-06,9:44:18.454155274,T,304.97,40,305.22,80,IBM
2025-11-06,9:44:18.454881938,T,304.97,40,305.22,40,IBM
2025-11-06,9:44:18.536962348,T,304.97,40,305.43,160,IBM
2025-11-06,9:44:18.537007457,T,304.97,80,305.43,160,IBM
2025-11-06,9:44:18.551847880,T,304.97,40,305.43,160,IBM
2025-11-06,9:44:18.766353469,T,304.64,40,305.43,160,IBM
2025-11-06,9:44:18.779514834,T,304.62,40,305.43,160,IBM
2025-11-06,9:44:18.779549854,T,304.64,40,305.43,160,IBM
2025-11-06,9:44:19.078230963,T,304.67,40,305.43,160,IBM
2025-11-06,9:44:21.484870427,T,304.62,40,305.43,160,IBM
2025-11-06,9:44:21.484905440,T,304.67,40,305.43,160,IBM
2025-11-06,9:44:21.625770836,T,304.8,40,305.43,160,IBM
2025-11-06,9:44:21.625800891,T,304.96,40,305.43,160,IBM
2025-11-06,9:44:21.625876398,T,305.0,40,305.43,160,IBM
2025-11-06,9:44:21.627234343,T,305.0,40,305.61,40,IBM
2025-11-06,9:44:21.628913285,T,304.96,40,305.61,40,IBM
2025-11-06,9:44:21.628948431,T,305.11,40,305.61,40,IBM
2025-11-06,9:44:21.630025935,T,305.1,40,305.61,40,IBM
2025-11-06,9:44:21.633333849,T,304.96,40,305.61,40,IBM
2025-11-06,9:44:21.633484282,T,304.85,40,305.61,40,IBM
2025-11-06,9:44:21.682631210,T,304.85,40,305.71,200,IBM
2025-11-06,9:44:21.683302784,T,304.85,40,305.71,160,IBM
2025-11-06,9:44:21.688720752,T,304.85,40,305.59,80,IBM
2025-11-06,9:44:21.694449429,T,304.85,40,305.71,160,IBM
2025-11-06,9:44:22.114504345,T,304.9,40,305.71,160,IBM
2025-11-06,9:44:22.136196011,T,304.96,40,305.71,160,IBM
2025-11-06,9:44:22.299369442,T,304.9,40,305.71,160,IBM
2025-11-06,9:44:23.392421740,T,304.96,40,305.71,160,IBM
2025-11-06,9:44:23.394957733,T,304.9,40,305.71,160,IBM
2025-11-06,9:44:23.394992846,T,304.96,40,305.71,160,IBM
2025-11-06,9:44:23.637324784,T,304.9,40,305.71,160,IBM
2025-11-06,9:44:24.177089736,T,304.96,40,305.71,160,IBM
2025-11-06,9:44:24.529974786,T,304.9,40,305.71,160,IBM
2025-11-06,9:44:26.721712624,T,304.96,40,305.71,160,IBM
2025-11-06,9:44:26.722850341,T,304.94,40,305.71,160,IBM
2025-11-06,9:44:26.723727445,T,304.96,40,305.71,160,IBM
2025-11-06,9:44:27.238142219,T,304.94,40,305.71,160,IBM
2025-11-06,9:44:27.240653138,T,304.96,40,305.71,160,IBM
2025-11-06,9:44:27.328933309,T,304.94,40,305.71,160,IBM
2025-11-06,9:44:27.328963326,T,304.96,40,305.71,160,IBM
2025-11-06,9:44:27.755198326,T,304.9,40,305.71,160,IBM
2025-11-06,9:44:27.755233203,T,304.96,40,305.71,160,IBM
2025-11-06,9:44:28.258190595,T,304.94,40,305.71,160,IBM
2025-11-06,9:44:28.655200736,T,304.96,40,305.71,160,IBM
2025-11-06,9:44:28.768535528,T,304.94,40,305.71,160,IBM
2025-11-06,9:44:28.768971687,T,304.96,40,305.71,160,IBM
2025-11-06,9:44:29.278810496,T,304.94,40,305.71,160,IBM
2025-11-06,9:44:31.674433611,T,304.9,40,305.71,160,IBM
2025-11-06,9:44:31.674468776,T,304.94,40,305.71,160,IBM
2025-11-06,9:44:31.835010900,T,304.94,40,305.85,40,IBM
2025-11-06,9:44:31.896697825,T,304.94,40,305.96,200,IBM
2025-11-06,9:44:43.108509649,T,304.94,40,305.96,40,IBM
2025-11-06,9:44:43.108519796,T,304.94,40,305.79,160,IBM
2025-11-06,9:44:45.560617350,T,304.96,40,305.79,160,IBM
2025-11-06,9:44:45.567914765,T,304.94,40,305.79,160,IBM
2025-11-06,9:44:50.441517326,T,304.96,40,305.79,160,IBM
2025-11-06,9:44:50.702974820,T,304.94,40,305.79,160,IBM
2025-11-06,9:44:55.128029243,T,304.96,40,305.79,160,IBM
2025-11-06,9:44:55.293819038,T,304.94,40,305.79,160,IBM
2025-11-06,9:44:55.371964981,T,304.96,40,305.79,160,IBM
2025-11-06,9:44:55.670841511,T,304.94,40,305.79,160,IBM
2025-11-06,9:44:56.704898222,T,304.96,40,305.79,160,IBM
2025-11-06,9:44:56.707654815,T,304.9,40,305.79,160,IBM
2025-11-06,9:44:56.707690159,T,304.96,40,305.79,160,IBM
2025-11-06,9:44:56.824523078,T,304.94,40,305.79,160,IBM
2025-11-06,9:44:57.349883824,T,304.96,40,305.79,160,IBM
2025-11-06,9:45:00.856667591,T,304.96,40,305.85,40,IBM
2025-11-06,9:45:00.907408429,T,304.96,40,305.53,40,IBM
2025-11-06,9:45:00.908054970,T,304.96,40,305.73,40,IBM
2025-11-06,9:45:00.908746568,T,305.01,40,305.73,40,IBM
2025-11-06,9:45:00.908776682,T,305.03,40,305.73,40,IBM
2025-11-06,9:45:00.910285212,T,305.01,40,305.73,40,IBM
2025-11-06,9:45:00.910320569,T,305.03,40,305.73,40,IBM
2025-11-06,9:45:00.911382821,T,305.03,40,305.85,40,IBM
2025-11-06,9:45:00.959402191,T,305.22,40,305.85,40,IBM
2025-11-06,9:45:00.959823198,T,305.22,80,305.85,40,IBM
2025-11-06,9:45:04.671353734,T,305.22,120,305.85,40,IBM
2025-11-06,9:45:06.009970471,T,305.22,120,305.97,40,IBM
2025-11-06,9:45:06.010165949,T,305.22,80,305.97,40,IBM
2025-11-06,9:45:06.010396455,T,305.22,40,305.97,40,IBM
2025-11-06,9:45:06.597644554,T,305.23,40,305.97,40,IBM
2025-11-06,9:45:06.598065566,T,305.23,80,305.97,40,IBM
2025-11-06,9:45:06.832077684,T,305.23,80,305.99,160,IBM
2025-11-06,9:45:06.832097673,T,305.39,40,305.99,160,IBM
2025-11-06,9:45:06.832097673,T,305.4,40,305.99,160,IBM
2025-11-06,9:45:06.832684076,T,305.4,80,305.99,160,IBM
2025-11-06,9:45:06.832839568,T,305.4,120,305.99,160,IBM
2025-11-06,9:45:06.846933075,T,305.4,80,305.99,160,IBM
2025-11-06,9:45:06.847419172,T,305.4,120,305.99,160,IBM
2025-11-06,9:45:06.877054815,T,305.4,80,305.99,160,IBM
2025-11-06,9:45:06.877064731,T,305.4,40,305.99,160,IBM
2025-11-06,9:45:06.877079804,T,305.12,40,305.99,160,IBM
2025-11-06,9:45:06.879821348,T,305.08,40,305.99,160,IBM
2025-11-06,9:45:06.879856496,T,305.08,80,305.99,160,IBM
2025-11-06,9:45:08.313359178,T,305.12,40,305.99,160,IBM
2025-11-06,9:45:12.440624907,T,305.12,40,305.68,40,IBM
2025-11-06,9:45:13.296502502,T,305.12,40,305.99,160,IBM
2025-11-06,9:45:13.947086371,T,305.21,40,305.99,160,IBM
2025-11-06,9:45:14.523263170,T,305.21,40,305.68,40,IBM
2025-11-06,9:45:16.017089483,T,305.21,40,305.58,40,IBM
2025-11-06,9:45:16.017325087,T,305.12,40,305.58,40,IBM
2025-11-06,9:45:16.025569633,T,305.12,40,305.88,40,IBM
2025-11-06,9:45:16.025594748,T,305.12,40,305.99,160,IBM
2025-11-06,9:45:16.062086582,T,305.07,200,305.99,160,IBM
2025-11-06,9:45:16.062126714,T,305.12,40,305.99,160,IBM
2025-11-06,9:45:20.202603802,T,305.07,200,305.99,160,IBM
2025-11-06,9:45:20.202628829,T,305.07,200,305.97,40,IBM
2025-11-06,9:45:20.202648938,T,305.07,200,305.88,40,IBM
2025-11-06,9:45:20.202849446,T,305.07,200,305.58,40,IBM
2025-11-06,9:45:20.203014835,T,305.07,160,305.58,40,IBM
2025-11-06,9:45:20.203616165,T,305.07,160,305.55,40,IBM
2025-11-06,9:45:20.203621265,T,305.07,160,305.5,40,IBM
2025-11-06,9:45:20.210733178,T,305.07,160,305.63,40,IBM
2025-11-06,9:45:20.211565156,T,305.07,160,305.79,40,IBM
2025-11-06,9:45:20.212326993,T,305.07,160,305.49,40,IBM
2025-11-06,9:45:20.217624543,T,305.07,200,305.49,40,IBM
2025-11-06,9:45:20.692845949,T,305.07,200,305.87,40,IBM
2025-11-06,9:45:20.718812705,T,305.07,160,305.87,40,IBM
2025-11-06,9:45:20.719484282,T,305.07,160,305.79,40,IBM
2025-11-06,9:45:24.738597720,T,305.07,200,305.79,40,IBM
2025-11-06,9:45:24.885477298,T,305.07,200,305.7,40,IBM
2025-11-06,9:45:24.885863244,T,305.07,160,305.7,40,IBM
2025-11-06,9:45:24.887266645,T,304.96,40,305.7,40,IBM
2025-11-06,9:45:24.888745144,T,304.96,40,305.79,40,IBM
2025-11-06,9:45:24.888750099,T,305.08,40,305.79,40,IBM
2025-11-06,9:45:24.888800490,T,305.23,40,305.79,40,IBM
2025-11-06,9:45:24.889040858,T,305.28,40,305.79,40,IBM
2025-11-06,9:45:24.889096016,T,305.28,40,305.87,40,IBM
2025-11-06,9:45:24.897556117,T,305.23,40,305.87,40,IBM
2025-11-06,9:45:24.903765916,T,305.03,40,305.87,40,IBM
2025-11-06,9:45:25.756942167,T,304.96,40,305.87,40,IBM
2025-11-06,9:45:25.833499299,T,304.96,40,305.54,40,IBM
2025-11-06,9:45:25.834140938,T,304.96,40,305.53,40,IBM
2025-11-06,9:45:26.196959548,T,304.96,40,305.79,40,IBM
2025-11-06,9:45:30.510208041,T,305.28,40,305.79,40,IBM
2025-11-06,9:45:30.511992301,T,305.28,80,305.79,40,IBM
2025-11-06,9:45:30.513195084,T,305.28,160,305.79,40,IBM
2025-11-06,9:45:30.527464110,T,305.28,200,305.79,40,IBM
2025-11-06,9:45:30.563650366,T,305.28,160,305.79,40,IBM
2025-11-06,9:45:31.356813651,T,305.28,120,305.79,40,IBM
2025-11-06,9:45:31.356823636,T,305.28,80,305.79,40,IBM
2025-11-06,9:45:32.042085012,T,305.3,80,305.79,40,IBM
2025-11-06,9:45:32.042506012,T,305.3,120,305.79,40,IBM
2025-11-06,9:45:32.671243001,T,305.3,80,305.79,40,IBM
2025-11-06,9:45:34.713690337,T,305.29,40,305.79,40,IBM
2025-11-06,9:45:35.467098969,T,305.14,40,305.79,40,IBM
2025-11-06,9:45:35.467124019,T,305.03,40,305.79,40,IBM
2025-11-06,9:45:46.354488411,T,305.03,40,305.63,40,IBM
2025-11-06,9:45:46.357670876,T,305.03,80,305.63,40,IBM
2025-11-06,9:45:46.370827175,T,305.03,40,305.63,40,IBM
2025-11-06,9:45:46.393862011,T,305.03,40,305.79,40,IBM
2025-11-06,9:45:49.185046877,T,305.03,40,305.47,40,IBM
2025-11-06,9:45:49.185848812,T,305.03,40,305.79,40,IBM
2025-11-06,9:45:49.195732451,T,305.03,40,305.87,40,IBM
2025-11-06,9:45:49.273883376,T,305.03,40,305.54,40,IBM
2025-11-06,9:45:54.597697785,T,305.14,40,305.54,40,IBM
2025-11-06,9:45:54.597707826,T,305.27,40,305.54,40,IBM
2025-11-06,9:45:54.597798094,T,305.3,40,305.54,40,IBM
2025-11-06,9:45:54.598449589,T,305.3,40,305.87,40,IBM
2025-11-06,9:45:54.599091308,T,305.32,40,305.87,40,IBM
2025-11-06,9:45:54.599903059,T,305.4,40,305.87,40,IBM
2025-11-06,9:45:54.604930287,T,305.4,40,305.79,40,IBM
2025-11-06,9:45:54.679397327,T,305.4,40,305.54,40,IBM
2025-11-06,9:45:55.107561594,T,305.3,40,305.54,40,IBM
2025-11-06,9:45:55.895973647,T,305.3,40,305.79,40,IBM
2025-11-06,9:45:55.895978728,T,305.3,40,305.87,40,IBM
2025-11-06,9:45:55.896008908,T,305.4,40,305.87,40,IBM
2025-11-06,9:45:55.896484926,T,305.4,40,305.88,40,IBM
2025-11-06,9:46:02.302816371,T,305.4,40,305.87,40,IBM
2025-11-06,9:46:02.302816371,T,305.4,40,305.63,40,IBM
2025-11-06,9:46:02.303021767,T,305.3,40,305.63,40,IBM
2025-11-06,9:46:02.303021767,T,305.14,40,305.63,40,IBM
2025-11-06,9:46:02.303046795,T,305.14,40,305.62,40,IBM
2025-11-06,9:46:02.303066811,T,305.14,40,305.58,40,IBM
2025-11-06,9:46:02.303322518,T,305.14,40,305.62,40,IBM
2025-11-06,9:46:02.303357592,T,305.14,40,305.53,40,IBM
2025-11-06,9:46:02.304881179,T,305.14,40,305.62,40,IBM
2025-11-06,9:46:02.304966373,T,305.14,40,305.63,40,IBM
2025-11-06,9:46:02.305622964,T,305.14,40,305.58,40,IBM
2025-11-06,9:46:02.312549462,T,305.14,40,305.63,40,IBM
2025-11-06,9:46:02.320187631,T,305.14,40,305.62,40,IBM
2025-11-06,9:46:02.402814366,T,305.14,40,305.63,40,IBM
2025-11-06,9:46:02.402839541,T,305.14,40,305.79,40,IBM
2025-11-06,9:46:02.559742926,T,305.14,40,305.87,40,IBM
2025-11-06,9:46:02.603712561,T,305.14,40,305.79,40,IBM
2025-11-06,9:46:02.603742711,T,305.14,40,305.63,40,IBM
2025-11-06,9:46:02.603777748,T,305.14,40,305.58,40,IBM
2025-11-06,9:46:02.603792842,T,305.14,40,305.57,40,IBM
2025-11-06,9:46:06.887400687,T,305.14,40,305.79,40,IBM
2025-11-06,9:46:06.958780641,T,305.14,40,305.87,40,IBM
2025-11-06,9:46:11.372638931,T,305.14,40,305.79,40,IBM
2025-11-06,9:46:14.573699953,T,305.14,40,305.6,40,IBM
2025-11-06,9:46:14.574140907,T,305.14,40,305.6,80,IBM
2025-11-06,9:46:14.574211023,T,305.14,40,305.6,40,IBM
2025-11-06,9:46:14.574211023,T,305.14,40,305.5,40,IBM
2025-11-06,9:46:14.574772348,T,305.03,40,305.5,40,IBM
2025-11-06,9:46:14.574812482,T,305.03,40,305.5,80,IBM
2025-11-06,9:46:14.574857647,T,305.03,40,305.49,40,IBM
2025-11-06,9:46:14.575178572,T,305.03,40,305.39,40,IBM
2025-11-06,9:46:14.591813060,T,305.03,40,305.39,80,IBM
2025-11-06,9:46:14.591868167,T,305.03,40,305.39,40,IBM
2025-11-06,9:46:14.591873434,T,305.03,40,305.3,40,IBM
2025-11-06,9:46:14.591878183,T,304.98,40,305.3,40,IBM
2025-11-06,9:46:14.599140478,T,304.98,40,305.39,40,IBM
2025-11-06,9:46:14.599180592,T,305.0,80,305.39,40,IBM
2025-11-06,9:46:14.603997042,T,305.0,80,305.63,40,IBM
2025-11-06,9:46:14.604352795,T,305.0,80,305.39,40,IBM
2025-11-06,9:46:14.604563273,T,305.0,80,305.39,80,IBM
2025-11-06,9:46:15.149134720,T,305.0,80,305.39,120,IBM
2025-11-06,9:46:15.149215056,T,305.0,80,305.38,40,IBM
2025-11-06,9:46:15.149540757,T,305.0,80,305.39,80,IBM
2025-11-06,9:46:15.149540757,T,305.0,80,305.2,40,IBM
2025-11-06,9:46:15.156808012,T,305.0,80,305.39,40,IBM
2025-11-06,9:46:15.159564603,T,305.0,80,305.63,40,IBM
2025-11-06,9:46:15.160186050,T,305.0,80,305.38,40,IBM
2025-11-06,9:46:15.160396507,T,305.0,80,305.38,80,IBM
2025-11-06,9:46:15.743013567,T,305.0,80,305.38,120,IBM
2025-11-06,9:46:16.965854759,T,305.0,80,305.38,80,IBM
2025-11-06,9:46:16.965864795,T,305.0,80,305.38,40,IBM
2025-11-06,9:46:17.240654026,T,304.96,40,305.38,40,IBM
2025-11-06,9:46:17.880612602,T,304.96,40,305.37,80,IBM
2025-11-06,9:46:17.880642613,T,304.96,40,305.37,120,IBM
2025-11-06,9:46:17.880823055,T,304.96,40,305.37,160,IBM
2025-11-06,9:46:19.302908656,T,304.96,40,305.37,240,IBM
2025-11-06,9:46:22.730172829,T,304.96,40,305.37,200,IBM
2025-11-06,9:46:24.156739197,T,304.96,40,305.22,40,IBM
2025-11-06,9:46:24.157962256,T,304.96,40,305.37,160,IBM
2025-11-06,9:46:24.157962256,T,304.96,40,305.15,40,IBM
2025-11-06,9:46:24.157997000,T,304.89,40,305.15,40,IBM
2025-11-06,9:46:24.158021979,T,304.89,40,305.22,40,IBM
2025-11-06,9:46:24.158027096,T,304.89,40,305.08,40,IBM
2025-11-06,9:46:24.158287624,T,304.98,40,305.08,40,IBM
2025-11-06,9:46:24.158312686,T,304.98,40,305.22,40,IBM
2025-11-06,9:46:24.158352827,T,305.02,40,305.22,40,IBM
2025-11-06,9:46:24.159224951,T,304.98,40,305.22,40,IBM
2025-11-06,9:46:24.160292454,T,304.97,40,305.22,40,IBM
2025-11-06,9:46:24.166968329,T,304.96,40,305.22,40,IBM
2025-11-06,9:46:24.170346344,T,304.96,40,305.37,160,IBM
2025-11-06,9:46:24.170586882,T,304.96,40,305.37,200,IBM
2025-11-06,9:46:24.170611927,T,304.96,40,305.35,40,IBM
2025-11-06,9:46:24.197140094,T,304.96,40,305.37,160,IBM
2025-11-06,9:46:24.197165247,T,304.96,40,305.35,40,IBM
2025-11-06,9:46:24.207429588,T,304.96,40,305.37,160,IBM
2025-11-06,9:46:24.207915768,T,304.96,40,305.36,40,IBM
2025-11-06,9:46:24.388265104,T,304.96,40,305.37,160,IBM
2025-11-06,9:46:24.388280243,T,304.96,40,305.36,40,IBM
2025-11-06,9:46:24.388310301,T,304.96,40,305.34,40,IBM
2025-11-06,9:46:24.408357971,T,304.96,40,305.37,160,IBM
2025-11-06,9:46:24.408568474,T,304.96,40,305.37,200,IBM
2025-11-06,9:46:24.408593518,T,304.96,40,305.35,40,IBM
2025-11-06,9:46:24.656483736,T,304.89,40,305.35,40,IBM
2025-11-06,9:46:24.656714427,T,304.89,40,305.37,160,IBM
2025-11-06,9:46:24.656929833,T,304.89,40,305.37,200,IBM
2025-11-06,9:46:24.656954875,T,304.89,40,305.34,40,IBM
2025-11-06,9:46:25.494047838,T,304.89,40,305.37,120,IBM
2025-11-06,9:46:25.494253243,T,304.89,40,305.37,80,IBM
2025-11-06,9:46:34.174057090,T,304.89,40,305.33,80,IBM
2025-11-06,9:46:34.174643488,T,304.89,40,305.32,40,IBM
2025-11-06,9:46:35.595370729,T,304.89,40,305.37,80,IBM
2025-11-06,9:46:35.595370729,T,304.89,40,305.32,80,IBM
2025-11-06,9:46:40.897523411,T,304.89,40,305.31,40,IBM
2025-11-06,9:46:42.184121425,T,304.89,40,305.32,80,IBM
2025-11-06,9:46:43.293667943,T,304.89,40,305.31,160,IBM
2025-11-06,9:46:47.355327384,T,304.89,40,305.31,200,IBM
2025-11-06,9:46:58.947895405,T,304.96,40,305.31,200,IBM
2025-11-06,9:46:58.948201211,T,304.89,40,305.31,200,IBM
2025-11-06,9:47:00.888009203,T,304.89,40,305.31,160,IBM
2025-11-06,9:47:02.516566256,T,304.96,40,305.31,160,IBM
2025-11-06,9:47:02.517112481,T,304.89,40,305.31,160,IBM
2025-11-06,9:47:02.518180138,T,304.96,40,305.31,160,IBM
2025-11-06,9:47:04.609057859,T,304.89,40,305.31,160,IBM
2025-11-06,9:47:07.517917806,T,304.96,40,305.31,160,IBM
2025-11-06,9:47:08.159926258,T,305.05,40,305.31,160,IBM
2025-11-06,9:47:08.161720480,T,305.05,80,305.31,160,IBM
2025-11-06,9:47:08.170125541,T,305.05,80,305.61,40,IBM
2025-11-06,9:47:08.170150825,T,305.06,40,305.61,40,IBM
2025-11-06,9:47:08.170175648,T,305.3,80,305.61,40,IBM
2025-11-06,9:47:08.170526438,T,305.3,80,305.63,40,IBM
2025-11-06,9:47:08.170551551,T,305.06,80,305.63,40,IBM
2025-11-06,9:47:08.170591814,T,305.06,120,305.63,40,IBM
2025-11-06,9:47:08.170671774,T,305.06,80,305.63,40,IBM
2025-11-06,9:47:08.170706917,T,305.18,40,305.63,40,IBM
2025-11-06,9:47:08.170847273,T,305.18,40,305.61,40,IBM
2025-11-06,9:47:08.171007561,T,305.3,40,305.61,40,IBM
2025-11-06,9:47:08.171073150,T,305.3,40,305.31,40,IBM
2025-11-06,9:47:08.171077928,T,305.3,40,305.42,40,IBM
2025-11-06,9:47:08.171097881,T,305.3,40,305.61,40,IBM
2025-11-06,9:47:08.171107824,T,305.18,40,305.61,40,IBM
2025-11-06,9:47:08.171117905,T,305.31,40,305.61,40,IBM
2025-11-06,9:47:08.171132981,T,305.18,80,305.61,40,IBM
2025-11-06,9:47:08.171137956,T,305.18,80,305.54,40,IBM
2025-11-06,9:47:08.171137956,T,305.18,40,305.54,40,IBM
2025-11-06,9:47:08.171172931,T,305.18,40,305.53,40,IBM
2025-11-06,9:47:08.171408553,T,305.06,40,305.53,40,IBM
2025-11-06,9:47:08.173403276,T,305.06,40,305.42,40,IBM
2025-11-06,9:47:08.191857170,T,305.06,80,305.42,40,IBM
2025-11-06,9:47:08.220580574,T,305.06,40,305.42,40,IBM
2025-11-06,9:47:08.301463262,T,305.06,40,305.61,40,IBM
2025-11-06,9:47:08.538262065,T,304.98,40,305.61,40,IBM
2025-11-06,9:47:09.198513897,T,304.96,40,305.61,40,IBM
2025-11-06,9:47:11.153337652,T,304.98,40,305.61,40,IBM
2025-11-06,9:47:11.168233202,T,304.98,40,305.44,40,IBM
2025-11-06,9:47:11.477534423,T,305.05,40,305.44,40,IBM
2025-11-06,9:47:14.936048048,T,304.98,40,305.44,40,IBM
2025-11-06,9:47:17.602375902,T,305.08,40,305.44,40,IBM
2025-11-06,9:47:17.602390857,T,305.09,40,305.44,40,IBM
2025-11-06,9:47:17.617211186,T,305.08,40,305.44,40,IBM
2025-11-06,9:47:17.617637182,T,305.08,80,305.44,40,IBM
2025-11-06,9:47:17.702388961,T,305.08,40,305.44,40,IBM
2025-11-06,9:47:17.703010427,T,305.08,80,305.44,40,IBM
2025-11-06,9:47:17.703010427,T,305.09,40,305.44,40,IBM
2025-11-06,9:47:17.703025634,T,305.08,80,305.44,40,IBM
2025-11-06,9:47:17.703431418,T,305.08,40,305.44,40,IBM
2025-11-06,9:47:17.703541759,T,305.07,40,305.44,40,IBM
2025-11-06,9:47:17.703566731,T,304.98,40,305.44,40,IBM
2025-11-06,9:47:17.803018539,T,304.96,40,305.44,40,IBM
2025-11-06,9:47:18.036143420,T,304.98,40,305.44,40,IBM
2025-11-06,9:47:18.036158459,T,304.96,40,305.44,40,IBM
2025-11-06,9:47:18.036168488,T,304.98,40,305.44,40,IBM
2025-11-06,9:47:19.083752514,T,304.96,40,305.44,40,IBM
2025-11-06,9:47:20.758900989,T,304.96,40,305.61,40,IBM
2025-11-06,9:47:20.758925679,T,304.98,40,305.61,40,IBM
2025-11-06,9:47:20.758935645,T,305.28,40,305.61,40,IBM
2025-11-06,9:47:20.759256435,T,305.28,80,305.61,40,IBM
2025-11-06,9:47:20.759787715,T,305.28,80,305.63,40,IBM
2025-11-06,9:47:20.761391521,T,305.28,120,305.63,40,IBM
2025-11-06,9:47:20.764473901,T,305.28,80,305.63,40,IBM
2025-11-06,9:47:20.773765889,T,305.28,40,305.63,40,IBM
2025-11-06,9:47:20.810483429,T,305.28,40,305.79,40,IBM
2025-11-06,9:47:20.810508353,T,305.29,40,305.79,40,IBM
2025-11-06,9:47:20.810518470,T,305.3,40,305.79,40,IBM
2025-11-06,9:47:20.825343746,T,305.14,40,305.79,40,IBM
2025-11-06,9:47:20.825363725,T,305.07,40,305.79,40,IBM
2025-11-06,9:47:20.849566354,T,305.14,40,305.79,40,IBM
2025-11-06,9:47:20.849621525,T,305.07,40,305.79,40,IBM
2025-11-06,9:47:20.849631601,T,305.12,40,305.79,40,IBM
2025-11-06,9:47:20.850037509,T,305.12,40,305.8,160,IBM
2025-11-06,9:47:20.853565878,T,305.07,40,305.8,160,IBM
2025-11-06,9:47:20.858928641,T,305.03,40,305.8,160,IBM
2025-11-06,9:47:20.964409835,T,305.07,40,305.8,160,IBM
2025-11-06,9:47:20.971677044,T,305.03,40,305.8,160,IBM
2025-11-06,9:47:20.972178247,T,305.07,40,305.8,160,IBM
2025-11-06,9:47:21.014589301,T,305.12,40,305.8,160,IBM
2025-11-06,9:47:21.014599289,T,305.14,40,305.8,160,IBM
2025-11-06,9:47:21.014609304,T,305.42,40,305.8,160,IBM
2025-11-06,9:47:21.015701907,T,305.42,80,305.8,160,IBM
2025-11-06,9:47:21.016288238,T,305.42,80,306.01,40,IBM
2025-11-06,9:47:21.016298275,T,305.42,80,305.99,160,IBM
2025-11-06,9:47:21.029429591,T,305.42,40,305.99,160,IBM
2025-11-06,9:47:21.594394701,T,305.43,40,305.99,160,IBM
2025-11-06,9:47:21.596584799,T,305.43,80,305.99,160,IBM
2025-11-06,9:47:21.734678500,T,305.43,40,305.99,160,IBM
2025-11-06,9:47:28.166300265,T,305.43,40,306.23,40,IBM
2025-11-06,9:47:28.166305256,T,305.43,40,306.15,160,IBM
2025-11-06,9:47:28.166335256,T,305.43,40,306.15,200,IBM
2025-11-06,9:47:31.458964130,T,305.47,40,306.15,200,IBM
2025-11-06,9:47:31.459415119,T,305.47,80,306.15,200,IBM
2025-11-06,9:47:31.462452390,T,305.47,40,306.15,200,IBM
2025-11-06,9:47:32.666463678,T,305.47,40,306.1,40,IBM
2025-11-06,9:47:32.666493781,T,305.47,40,305.72,40,IBM
2025-11-06,9:47:32.667496183,T,305.47,40,305.97,40,IBM
2025-11-06,9:47:32.667516197,T,305.47,40,306.15,200,IBM
2025-11-06,9:47:33.716844317,T,305.47,40,306.1,40,IBM
2025-11-06,9:47:33.718122300,T,305.47,40,306.15,200,IBM
2025-11-06,9:47:33.961080803,T,305.49,40,306.15,200,IBM
2025-11-06,9:47:33.961115878,T,305.61,40,306.15,200,IBM
2025-11-06,9:47:33.961175951,T,305.61,40,306.15,160,IBM
2025-11-06,9:47:33.963125638,T,305.61,80,306.15,160,IBM
2025-11-06,9:47:34.007837083,T,305.61,120,306.15,160,IBM
2025-11-06,9:47:34.007887283,T,305.62,40,306.15,160,IBM
2025-11-06,9:47:34.008112736,T,305.68,40,306.15,160,IBM
2025-11-06,9:47:34.008368290,T,305.75,40,306.15,160,IBM
2025-11-06,9:47:34.008408442,T,305.76,40,306.15,160,IBM
2025-11-06,9:47:34.008628967,T,305.76,80,306.15,160,IBM
2025-11-06,9:47:34.008649012,T,305.76,80,306.23,40,IBM
2025-11-06,9:47:34.008674107,T,305.76,80,306.36,200,IBM
2025-11-06,9:47:34.008789350,T,305.76,80,306.36,160,IBM
