DATE,TIME_M,EX,BID,BIDSIZ,ASK,ASKSIZ,SYM_ROOT
2025-12-29,9:30:00.025274662,T,301.24,40,305.1,80,IBM
2025-12-29,9:30:02.789826265,T,301.45,40,305.1,80,IBM
2025-12-29,9:30:02.851031938,T,301.45,40,305.1,120,IBM
2025-12-29,9:30:02.875550281,T,301.45,40,305.1,80,IBM
2025-12-29,9:30:03.259218611,T,301.97,40,305.1,80,IBM
2025-12-29,9:30:03.260226052,T,301.45,40,305.1,80,IBM
2025-12-29,9:30:03.520776319,T,301.97,40,305.1,80,IBM
2025-12-29,9:30:03.759269018,T,301.45,40,305.1,80,IBM
2025-12-29,9:30:03.879630577,T,301.97,40,305.1,80,IBM
2025-12-29,9:30:03.880627942,T,301.45,40,305.1,80,IBM
2025-12-29,9:30:03.983883701,T,301.97,40,305.1,80,IBM
2025-12-29,9:30:03.990283979,T,301.45,40,305.1,80,IBM
2025-12-29,9:30:04.570059103,T,301.97,40,305.1,80,IBM
2025-12-29,9:30:04.660424278,T,301.97,40,304.8,40,IBM
2025-12-29,9:30:06.642758382,T,301.45,40,304.8,40,IBM
2025-12-29,9:30:13.282655193,T,301.24,40,304.8,40,IBM
2025-12-29,9:30:18.244602358,T,301.97,40,304.8,40,IBM
2025-12-29,9:30:18.245599687,T,301.24,40,304.8,40,IBM
2025-12-29,9:30:19.454868435,T,301.03,40,304.8,40,IBM
2025-12-29,9:30:21.433874713,T,303.19,40,304.8,40,IBM
2025-12-29,9:30:21.433889801,T,303.93,40,304.8,40,IBM
2025-12-29,9:30:21.435167768,T,303.18,40,304.8,40,IBM
2025-12-29,9:30:21.435187787,T,301.97,40,304.8,40,IBM
2025-12-29,9:30:21.512251296,T,302.37,40,304.8,40,IBM
2025-12-29,9:30:21.533892799,T,301.03,40,304.8,40,IBM
2025-12-29,9:30:28.262911900,T,301.03,40,304.76,40,IBM
2025-12-29,9:30:33.121498275,T,301.03,40,304.8,40,IBM
2025-12-29,9:30:33.585442678,T,301.59,40,304.8,40,IBM
2025-12-29,9:30:33.586710658,T,301.78,40,304.8,40,IBM
2025-12-29,9:30:33.632850447,T,301.97,40,304.8,40,IBM
2025-12-29,9:30:33.639300904,T,302.16,40,304.8,40,IBM
2025-12-29,9:30:33.643646167,T,302.35,40,304.8,40,IBM
2025-12-29,9:30:33.645089593,T,302.37,40,304.8,40,IBM
2025-12-29,9:30:33.650597735,T,302.5,40,304.8,40,IBM
2025-12-29,9:30:44.660588086,T,302.5,40,304.76,40,IBM
2025-12-29,9:30:48.138467441,T,302.5,40,304.76,120,IBM
2025-12-29,9:30:50.994225811,T,302.54,40,304.76,120,IBM
2025-12-29,9:30:50.994351093,T,302.5,40,304.76,120,IBM
2025-12-29,9:30:50.994501437,T,302.54,40,304.76,120,IBM
2025-12-29,9:30:50.994566577,T,302.54,40,304.75,40,IBM
2025-12-29,9:30:50.995323448,T,302.54,40,304.75,120,IBM
2025-12-29,9:30:51.534291523,T,302.54,40,304.75,80,IBM
2025-12-29,9:30:55.047941146,T,302.73,40,304.75,80,IBM
2025-12-29,9:30:55.049469795,T,302.92,40,304.75,80,IBM
2025-12-29,9:30:55.547946384,T,302.73,40,304.75,80,IBM
2025-12-29,9:30:56.644742571,T,302.92,40,304.75,80,IBM
2025-12-29,9:30:57.843370856,T,302.73,40,304.75,80,IBM
2025-12-29,9:30:57.925195712,T,302.73,40,304.75,120,IBM
2025-12-29,9:30:59.485334765,T,302.92,40,304.75,120,IBM
2025-12-29,9:30:59.808569339,T,302.73,40,304.75,120,IBM
2025-12-29,9:31:00.644609797,T,303.93,160,304.75,120,IBM
2025-12-29,9:31:01.191687061,T,303.93,160,304.75,80,IBM
2025-12-29,9:31:05.161457312,T,303.93,160,304.8,40,IBM
2025-12-29,9:31:05.161838192,T,303.93,160,304.74,80,IBM
2025-12-29,9:31:05.819584031,T,303.93,160,304.8,40,IBM
2025-12-29,9:31:05.819964866,T,303.93,160,304.71,80,IBM
2025-12-29,9:31:06.070020220,T,303.93,160,304.8,40,IBM
2025-12-29,9:31:06.070401141,T,303.93,160,304.7,80,IBM
2025-12-29,9:31:06.099229776,T,303.93,160,304.8,40,IBM
2025-12-29,9:31:06.099345124,T,303.93,160,304.7,40,IBM
2025-12-29,9:31:06.099615715,T,303.93,160,304.56,80,IBM
2025-12-29,9:31:06.099625764,T,303.93,160,304.7,40,IBM
2025-12-29,9:31:06.099645820,T,303.93,160,304.7,80,IBM
2025-12-29,9:31:06.100432659,T,303.93,160,304.58,80,IBM
2025-12-29,9:31:06.104562498,T,303.93,160,304.58,120,IBM
2025-12-29,9:31:06.111068030,T,303.93,160,304.56,40,IBM
2025-12-29,9:31:06.111078007,T,303.93,160,304.58,120,IBM
2025-12-29,9:31:06.111143193,T,303.93,160,304.58,80,IBM
2025-12-29,9:31:06.111293502,T,303.93,160,304.8,40,IBM
2025-12-29,9:31:06.111674374,T,303.93,160,304.56,80,IBM
2025-12-29,9:31:06.111894917,T,303.93,160,304.56,120,IBM
2025-12-29,9:31:06.147063724,T,302.73,40,304.56,120,IBM
2025-12-29,9:31:06.147073673,T,303.7,160,304.56,120,IBM
2025-12-29,9:31:06.156952168,T,304.0,40,304.56,120,IBM
2025-12-29,9:31:06.156952168,T,304.08,40,304.56,120,IBM
2025-12-29,9:31:06.156957182,T,303.7,160,304.56,120,IBM
2025-12-29,9:31:06.157373273,T,304.08,40,304.56,120,IBM
2025-12-29,9:31:06.169271498,T,303.7,160,304.56,120,IBM
2025-12-29,9:31:06.361574323,T,303.7,160,304.56,80,IBM
2025-12-29,9:31:08.132194505,T,303.7,160,304.56,120,IBM
2025-12-29,9:31:08.189100001,T,303.7,160,304.56,80,IBM
2025-12-29,9:31:08.189260407,T,303.7,160,305.1,120,IBM
2025-12-29,9:31:08.189455788,T,303.7,160,304.56,40,IBM
2025-12-29,9:31:08.189641289,T,303.7,160,304.56,120,IBM
2025-12-29,9:31:08.193876284,T,303.7,200,304.56,120,IBM
2025-12-29,9:31:08.193881355,T,304.0,40,304.56,120,IBM
2025-12-29,9:31:08.194903829,T,303.7,200,304.56,120,IBM
2025-12-29,9:31:08.270453681,T,303.7,160,304.56,120,IBM
2025-12-29,9:31:19.346771732,T,303.7,160,304.56,80,IBM
2025-12-29,9:31:19.346777056,T,303.7,160,304.56,40,IBM
2025-12-29,9:31:19.346777056,T,303.7,160,305.1,80,IBM
2025-12-29,9:31:19.346802046,T,304.55,80,305.1,80,IBM
2025-12-29,9:31:19.346807012,T,304.55,40,305.1,80,IBM
2025-12-29,9:31:19.346816832,T,304.56,120,305.1,80,IBM
2025-12-29,9:31:19.346826874,T,304.56,160,305.1,80,IBM
2025-12-29,9:31:19.347408254,T,304.56,120,305.1,80,IBM
2025-12-29,9:31:19.347488425,T,304.56,120,304.68,120,IBM
2025-12-29,9:31:19.347673842,T,304.56,80,304.68,120,IBM
2025-12-29,9:31:19.347698894,T,304.55,40,304.68,120,IBM
2025-12-29,9:31:19.347718979,T,304.55,40,305.1,80,IBM
2025-12-29,9:31:19.347744063,T,304.55,40,304.56,120,IBM
2025-12-29,9:31:19.347764123,T,304.55,40,304.56,40,IBM
2025-12-29,9:31:19.347769095,T,304.55,40,305.1,80,IBM
2025-12-29,9:31:19.352164590,T,304.55,40,304.75,40,IBM
2025-12-29,9:31:19.367240496,T,304.01,200,304.75,40,IBM
2025-12-29,9:31:19.429754315,T,304.01,200,305.1,80,IBM
2025-12-29,9:31:19.430055003,T,304.01,200,305.1,120,IBM
2025-12-29,9:31:19.430972199,T,303.11,40,305.1,120,IBM
2025-12-29,9:31:19.434475458,T,303.11,40,305.1,80,IBM
2025-12-29,9:31:19.455490539,T,303.87,160,305.1,80,IBM
2025-12-29,9:31:27.951591258,T,303.87,160,304.75,40,IBM
2025-12-29,9:31:31.380223521,T,303.87,160,304.75,120,IBM
2025-12-29,9:31:31.380333843,T,303.87,160,304.75,80,IBM
2025-12-29,9:31:34.144459009,T,304.2,40,304.75,80,IBM
2025-12-29,9:31:34.144880014,T,304.2,80,304.75,80,IBM
2025-12-29,9:31:37.373967971,T,304.2,80,304.75,40,IBM
2025-12-29,9:31:37.373987467,T,304.2,80,305.1,80,IBM
2025-12-29,9:31:37.374012394,T,304.45,40,305.1,80,IBM
2025-12-29,9:31:37.374037368,T,304.2,80,305.1,80,IBM
2025-12-29,9:31:37.374087419,T,304.6,40,305.1,80,IBM
2025-12-29,9:31:37.374122883,T,304.2,80,305.1,80,IBM
2025-12-29,9:31:37.374227738,T,304.74,40,305.1,80,IBM
2025-12-29,9:31:37.374252873,T,304.2,80,305.1,80,IBM
2025-12-29,9:31:37.374378228,T,304.2,40,305.1,80,IBM
2025-12-29,9:31:37.375711307,T,304.6,40,305.1,80,IBM
2025-12-29,9:31:37.376132287,T,304.6,80,305.1,80,IBM
2025-12-29,9:31:37.391498939,T,304.6,120,305.1,80,IBM
2025-12-29,9:31:37.391779515,T,304.6,80,305.1,80,IBM
2025-12-29,9:31:37.391950001,T,304.6,40,305.1,80,IBM
2025-12-29,9:31:37.392175541,T,304.8,40,305.1,80,IBM
2025-12-29,9:31:37.392195872,T,304.6,40,305.1,80,IBM
2025-12-29,9:31:37.392521290,T,304.6,40,304.9,80,IBM
2025-12-29,9:31:37.392571486,T,304.6,40,305.1,120,IBM
2025-12-29,9:31:37.392596478,T,304.6,40,304.89,80,IBM
2025-12-29,9:31:37.392596478,T,304.8,40,304.89,80,IBM
2025-12-29,9:31:37.392636633,T,304.6,40,304.89,80,IBM
2025-12-29,9:31:37.392656648,T,304.6,40,305.1,80,IBM
2025-12-29,9:31:37.392681987,T,304.6,40,304.8,80,IBM
2025-12-29,9:31:37.392706760,T,304.6,40,304.8,40,IBM
2025-12-29,9:31:37.392716800,T,304.6,40,305.1,80,IBM
2025-12-29,9:31:37.393258038,T,304.64,40,305.1,80,IBM
2025-12-29,9:31:37.393283117,T,304.6,40,305.1,80,IBM
2025-12-29,9:31:37.412774554,T,304.6,40,305.1,120,IBM
2025-12-29,9:31:37.413015096,T,304.6,80,305.1,120,IBM
2025-12-29,9:31:37.413040177,T,304.6,80,304.79,40,IBM
2025-12-29,9:31:37.413095282,T,304.6,80,305.1,120,IBM
2025-12-29,9:31:37.413130514,T,304.6,80,305.1,80,IBM
2025-12-29,9:31:37.413215619,T,304.6,120,305.1,80,IBM
2025-12-29,9:31:37.413235576,T,304.6,80,305.1,80,IBM
2025-12-29,9:31:37.413255705,T,304.6,120,305.1,80,IBM
2025-12-29,9:31:37.413260663,T,304.6,80,305.1,80,IBM
2025-12-29,9:31:37.424447346,T,304.6,40,305.1,80,IBM
2025-12-29,9:31:37.425053786,T,304.6,80,305.1,80,IBM
2025-12-29,9:31:37.426021096,T,304.6,40,305.1,80,IBM
2025-12-29,9:31:37.435623899,T,304.6,40,305.1,120,IBM
2025-12-29,9:31:37.448048473,T,304.11,160,305.1,120,IBM
2025-12-29,9:31:37.448519676,T,304.11,160,305.1,80,IBM
2025-12-29,9:31:37.450574482,T,304.11,200,305.1,80,IBM
2025-12-29,9:31:37.450579559,T,304.11,160,305.1,80,IBM
2025-12-29,9:31:37.450579559,T,304.11,200,305.1,80,IBM
2025-12-29,9:31:37.450589573,T,304.11,160,305.1,80,IBM
2025-12-29,9:31:37.450609598,T,304.11,200,305.1,80,IBM
2025-12-29,9:31:37.450614643,T,304.11,160,305.1,80,IBM
2025-12-29,9:31:37.450629645,T,304.11,200,305.1,80,IBM
2025-12-29,9:31:37.450644623,T,304.11,160,305.1,80,IBM
2025-12-29,9:31:37.450664759,T,304.11,200,305.1,80,IBM
2025-12-29,9:31:37.450669739,T,304.11,160,305.1,80,IBM
2025-12-29,9:31:37.450689795,T,304.11,200,305.1,80,IBM
2025-12-29,9:31:37.450694747,T,304.11,160,305.1,80,IBM
2025-12-29,9:31:37.450719818,T,304.11,200,305.1,80,IBM
2025-12-29,9:31:37.450719818,T,304.11,160,305.1,80,IBM
2025-12-29,9:31:37.450739893,T,304.11,200,305.1,80,IBM
2025-12-29,9:31:37.450749889,T,304.11,160,305.1,80,IBM
2025-12-29,9:31:37.450910258,T,304.11,200,305.1,80,IBM
2025-12-29,9:31:37.450920337,T,304.11,160,305.1,80,IBM
2025-12-29,9:31:37.497747044,T,304.11,200,305.1,80,IBM
2025-12-29,9:31:37.497751773,T,304.37,40,305.1,80,IBM
2025-12-29,9:31:37.498067512,T,304.11,160,305.1,80,IBM
2025-12-29,9:31:37.498167757,T,304.37,40,305.1,80,IBM
2025-12-29,9:31:37.508878293,T,304.11,160,305.1,80,IBM
2025-12-29,9:31:37.533968062,T,304.37,40,305.1,80,IBM
2025-12-29,9:31:37.534313797,T,304.11,160,305.1,80,IBM
2025-12-29,9:31:37.534389018,T,304.37,40,305.1,80,IBM
2025-12-29,9:31:41.422560220,T,304.47,40,305.1,80,IBM
2025-12-29,9:31:41.499904272,T,304.47,80,305.1,80,IBM
2025-12-29,9:31:51.213714043,T,304.47,40,305.1,80,IBM
2025-12-29,9:31:53.240734606,T,304.47,80,305.1,80,IBM
2025-12-29,9:31:54.214071899,T,304.57,40,305.1,80,IBM
2025-12-29,9:31:54.218091381,T,304.47,40,305.1,80,IBM
2025-12-29,9:31:55.135214603,T,304.47,40,305.1,120,IBM
2025-12-29,9:31:55.135214603,T,304.47,40,305.04,40,IBM
2025-12-29,9:31:55.136853538,T,304.47,40,305.1,120,IBM
2025-12-29,9:31:55.284289571,T,304.47,80,305.1,120,IBM
2025-12-29,9:31:55.284434867,T,304.79,40,305.1,120,IBM
2025-12-29,9:31:55.284449921,T,304.79,40,305.1,80,IBM
2025-12-29,9:31:55.285211716,T,304.47,80,305.1,80,IBM
2025-12-29,9:31:55.285211716,T,304.94,40,305.1,80,IBM
2025-12-29,9:31:55.285221806,T,304.47,80,305.1,80,IBM
2025-12-29,9:31:55.285231779,T,304.47,80,305.1,120,IBM
2025-12-29,9:31:55.285251802,T,304.47,80,305.1,80,IBM
2025-12-29,9:31:55.488435488,T,304.47,40,305.1,80,IBM
2025-12-29,9:31:56.183204508,T,304.47,80,305.1,80,IBM
2025-12-29,9:31:59.935396858,T,304.47,40,305.1,80,IBM
2025-12-29,9:32:02.004106847,T,304.28,200,305.1,80,IBM
2025-12-29,9:32:02.013709644,T,304.28,200,305.1,120,IBM
2025-12-29,9:32:02.017729296,T,304.28,200,305.1,80,IBM
2025-12-29,9:32:02.098135661,T,304.28,200,305.1,120,IBM
2025-12-29,9:32:02.941768851,T,304.28,240,305.1,120,IBM
2025-12-29,9:32:18.936420792,T,304.28,240,304.99,40,IBM
2025-12-29,9:32:18.936420792,T,304.28,240,305.1,120,IBM
2025-12-29,9:32:18.936651294,T,304.28,40,305.1,120,IBM
2025-12-29,9:32:18.937202616,T,304.28,40,305.1,80,IBM
2025-12-29,9:32:19.325837740,T,304.28,40,304.98,40,IBM
2025-12-29,9:32:19.325837740,T,304.28,40,304.8,40,IBM
2025-12-29,9:32:19.325857865,T,304.28,40,304.74,40,IBM
2025-12-29,9:32:19.326885324,T,304.28,40,304.98,80,IBM
2025-12-29,9:32:19.336322684,T,304.28,40,304.98,40,IBM
2025-12-29,9:32:24.153310026,T,304.28,40,304.64,40,IBM
2025-12-29,9:32:24.153320010,T,304.28,40,304.98,40,IBM
2025-12-29,9:32:24.153344970,T,304.28,40,304.64,40,IBM
2025-12-29,9:32:24.153851202,T,304.28,40,304.98,40,IBM
2025-12-29,9:32:24.418325861,T,304.07,160,304.98,40,IBM
2025-12-29,9:32:26.059327358,T,304.07,160,304.64,40,IBM
2025-12-29,9:32:26.059337362,T,304.07,160,304.98,40,IBM
2025-12-29,9:32:30.145615180,T,304.07,160,304.95,160,IBM
2025-12-29,9:32:31.881628046,T,304.07,160,305.1,120,IBM
2025-12-29,9:32:33.264078954,T,304.07,160,305.1,80,IBM
2025-12-29,9:32:36.735457922,T,304.07,160,305.1,120,IBM
2025-12-29,9:32:44.481608318,T,304.07,200,305.1,120,IBM
2025-12-29,9:32:44.481613427,T,304.43,40,305.1,120,IBM
2025-12-29,9:32:44.482039469,T,304.43,80,305.1,120,IBM
2025-12-29,9:32:44.482159739,T,304.6,40,305.1,120,IBM
2025-12-29,9:32:44.486174188,T,304.43,40,305.1,120,IBM
2025-12-29,9:32:44.492158463,T,304.07,160,305.1,120,IBM
2025-12-29,9:32:45.481654006,T,304.07,160,305.1,80,IBM
2025-12-29,9:32:45.481679095,T,304.07,200,305.1,80,IBM
2025-12-29,9:32:45.481699192,T,304.43,40,305.1,80,IBM
2025-12-29,9:32:45.482681471,T,304.32,40,305.1,80,IBM
2025-12-29,9:32:45.582123249,T,304.07,160,305.1,80,IBM
2025-12-29,9:32:45.888642879,T,304.01,40,305.1,80,IBM
2025-12-29,9:32:45.888647996,T,304.25,200,305.1,80,IBM
2025-12-29,9:32:46.481905337,T,304.65,40,305.1,80,IBM
2025-12-29,9:32:46.488300518,T,304.25,200,305.1,80,IBM
2025-12-29,9:32:46.799366100,T,304.66,40,305.1,80,IBM
2025-12-29,9:32:46.799787096,T,304.66,80,305.1,80,IBM
2025-12-29,9:32:51.431057457,T,304.66,80,304.97,80,IBM
2025-12-29,9:32:51.431172456,T,304.66,40,304.97,80,IBM
2025-12-29,9:32:51.431598483,T,304.66,80,304.97,80,IBM
2025-12-29,9:32:51.434786050,T,304.66,40,304.97,80,IBM
2025-12-29,9:32:51.451405676,T,304.25,200,304.97,80,IBM
2025-12-29,9:32:59.026824631,T,304.25,200,304.95,80,IBM
2025-12-29,9:33:16.920441873,T,304.25,200,305.1,120,IBM
2025-12-29,9:33:16.920462060,T,304.25,200,305.1,80,IBM
2025-12-29,9:33:16.920462060,T,304.95,40,305.1,80,IBM
2025-12-29,9:33:16.920482364,T,304.25,200,305.1,80,IBM
2025-12-29,9:33:16.920487056,T,304.32,40,305.1,80,IBM
2025-12-29,9:33:16.920487056,T,304.43,40,305.1,80,IBM
2025-12-29,9:33:16.920507465,T,304.25,200,305.1,80,IBM
2025-12-29,9:33:16.920507465,T,304.25,240,305.1,80,IBM
2025-12-29,9:33:16.920537126,T,304.43,40,305.1,80,IBM
2025-12-29,9:33:16.920892960,T,304.95,40,305.1,80,IBM
2025-12-29,9:33:16.920918059,T,304.43,40,305.1,80,IBM
2025-12-29,9:33:16.920938062,T,304.43,40,305.03,40,IBM
2025-12-29,9:33:16.941131153,T,304.25,200,305.03,40,IBM
2025-12-29,9:33:18.129450067,T,304.25,200,305.1,80,IBM
2025-12-29,9:33:36.356716976,T,304.25,240,305.1,80,IBM
2025-12-29,9:33:36.356897437,T,304.43,40,305.1,80,IBM
2025-12-29,9:33:36.356907452,T,304.8,40,305.1,80,IBM
2025-12-29,9:33:36.357047756,T,304.43,40,305.1,80,IBM
2025-12-29,9:33:36.357153074,T,304.8,40,305.1,80,IBM
2025-12-29,9:33:36.357233225,T,304.8,80,305.1,80,IBM
2025-12-29,9:33:36.357403599,T,304.8,120,305.1,80,IBM
2025-12-29,9:33:36.360962158,T,304.8,80,305.1,80,IBM
2025-12-29,9:33:36.367487634,T,304.8,40,305.1,80,IBM
2025-12-29,9:33:36.368149202,T,304.5,160,305.1,80,IBM
2025-12-29,9:33:43.823071372,T,304.68,40,305.1,80,IBM
2025-12-29,9:33:43.823296817,T,304.83,40,305.1,80,IBM
2025-12-29,9:33:43.823813119,T,304.83,40,305.48,160,IBM
2025-12-29,9:33:43.823838146,T,304.95,40,305.48,160,IBM
2025-12-29,9:33:43.823853459,T,304.97,40,305.48,160,IBM
2025-12-29,9:33:43.829466532,T,304.95,40,305.48,160,IBM
2025-12-29,9:33:43.838437888,T,304.5,160,305.48,160,IBM
2025-12-29,9:33:58.494262598,T,304.94,40,305.48,160,IBM
2025-12-29,9:33:58.494688619,T,304.94,80,305.48,160,IBM
2025-12-29,9:34:00.123581407,T,304.94,40,305.48,160,IBM
2025-12-29,9:34:00.177494779,T,304.5,160,305.48,160,IBM
2025-12-29,9:34:00.177514794,T,304.5,160,305.44,40,IBM
2025-12-29,9:34:00.222642231,T,304.5,160,305.18,40,IBM
2025-12-29,9:34:00.222882811,T,304.5,200,305.18,40,IBM
2025-12-29,9:34:00.223138446,T,304.5,200,305.44,40,IBM
2025-12-29,9:34:00.223353930,T,304.5,240,305.44,40,IBM
2025-12-29,9:34:00.254954185,T,304.5,200,305.44,40,IBM
2025-12-29,9:34:00.255184730,T,304.5,160,305.44,40,IBM
2025-12-29,9:34:28.836024048,T,304.5,160,305.48,160,IBM
2025-12-29,9:34:30.533540123,T,305.04,40,305.48,160,IBM
2025-12-29,9:34:30.533961167,T,305.04,80,305.48,160,IBM
2025-12-29,9:34:30.537554700,T,305.04,40,305.48,160,IBM
2025-12-29,9:34:31.230273735,T,304.61,40,305.48,160,IBM
2025-12-29,9:34:31.233396158,T,304.5,160,305.48,160,IBM
2025-12-29,9:34:31.233501430,T,304.5,160,306.0,40,IBM
2025-12-29,9:34:31.233511483,T,304.5,160,305.64,160,IBM
2025-12-29,9:34:31.634897076,T,304.61,40,305.64,160,IBM
2025-12-29,9:34:31.665459827,T,304.7,160,305.64,160,IBM
2025-12-29,9:34:38.234683411,T,304.7,160,306.19,40,IBM
2025-12-29,9:34:38.234688361,T,304.7,160,305.79,200,IBM
2025-12-29,9:34:43.403292850,T,304.45,40,305.79,200,IBM
2025-12-29,9:34:43.403297819,T,304.86,160,305.79,200,IBM
2025-12-29,9:34:56.697205295,T,304.86,200,305.79,200,IBM
2025-12-29,9:34:56.697420743,T,305.14,40,305.79,200,IBM
2025-12-29,9:34:56.697531066,T,305.35,40,305.79,200,IBM
2025-12-29,9:34:56.698292907,T,305.04,40,305.79,200,IBM
2025-12-29,9:34:56.698317951,T,305.01,200,305.79,200,IBM
2025-12-29,9:34:57.619997002,T,305.01,200,305.39,40,IBM
2025-12-29,9:34:57.620062214,T,305.01,240,305.39,40,IBM
2025-12-29,9:34:57.620077267,T,305.01,240,305.79,200,IBM
2025-12-29,9:34:57.620829001,T,305.01,280,305.79,200,IBM
2025-12-29,9:34:57.628868113,T,305.15,40,305.79,200,IBM
2025-12-29,9:34:57.640716378,T,305.15,80,305.79,200,IBM
2025-12-29,9:34:58.872944662,T,305.15,40,305.79,200,IBM
2025-12-29,9:34:59.450284053,T,305.15,80,305.79,200,IBM
2025-12-29,9:35:00.156710859,T,305.15,40,305.79,200,IBM
2025-12-29,9:35:06.359592357,T,305.17,40,305.79,200,IBM
2025-12-29,9:35:06.359958294,T,305.15,40,305.79,200,IBM
2025-12-29,9:35:07.779657968,T,305.17,40,305.79,200,IBM
2025-12-29,9:35:07.779748226,T,305.45,40,305.79,200,IBM
2025-12-29,9:35:07.784489586,T,305.45,40,306.38,40,IBM
2025-12-29,9:35:07.784499566,T,305.45,40,305.94,160,IBM
2025-12-29,9:35:07.786734915,T,305.17,40,305.94,160,IBM
2025-12-29,9:35:07.798472845,T,305.15,40,305.94,160,IBM
2025-12-29,9:35:09.304422894,T,305.45,40,305.94,160,IBM
2025-12-29,9:35:09.304477984,T,305.15,40,305.94,160,IBM
2025-12-29,9:35:09.304688468,T,305.17,40,305.94,160,IBM
2025-12-29,9:35:09.304994234,T,305.15,40,305.94,160,IBM
2025-12-29,9:35:09.314216153,T,305.45,40,305.94,160,IBM
2025-12-29,9:35:09.435504828,T,305.15,40,305.94,160,IBM
2025-12-29,9:35:17.462118075,T,305.27,40,305.94,160,IBM
2025-12-29,9:35:17.462218267,T,305.47,40,305.94,160,IBM
2025-12-29,9:35:17.462333599,T,305.55,40,305.94,160,IBM
2025-12-29,9:35:17.462338740,T,305.59,40,305.94,160,IBM
2025-12-29,9:35:17.462468825,T,305.55,40,305.94,160,IBM
2025-12-29,9:35:17.462473855,T,305.45,40,305.94,160,IBM
2025-12-29,9:35:17.462524269,T,305.15,40,305.94,160,IBM
2025-12-29,9:35:17.462529290,T,305.15,40,305.78,40,IBM
2025-12-29,9:35:17.462534085,T,305.17,40,305.78,40,IBM
2025-12-29,9:35:17.462649383,T,305.15,40,305.78,40,IBM
2025-12-29,9:35:17.490079587,T,305.15,40,305.94,160,IBM
2025-12-29,9:35:17.507776750,T,305.17,40,305.94,160,IBM
2025-12-29,9:35:17.516201797,T,305.15,40,305.94,160,IBM
2025-12-29,9:35:17.533974187,T,305.15,40,305.93,40,IBM
2025-12-29,9:35:17.540374375,T,305.15,40,305.94,160,IBM
2025-12-29,9:35:17.685986059,T,305.17,40,305.94,160,IBM
2025-12-29,9:35:17.694411153,T,305.15,40,305.94,160,IBM
2025-12-29,9:35:22.764270265,T,305.16,160,305.94,160,IBM
2025-12-29,9:35:26.833372128,T,305.17,40,305.94,160,IBM
2025-12-29,9:35:26.833712871,T,305.17,40,305.93,40,IBM
2025-12-29,9:35:26.841797163,T,305.16,160,305.93,40,IBM
2025-12-29,9:35:29.335453684,T,305.27,40,305.93,40,IBM
2025-12-29,9:35:29.335709215,T,305.45,40,305.93,40,IBM
2025-12-29,9:35:29.335829502,T,305.16,160,305.93,40,IBM
2025-12-29,9:35:30.093723757,T,305.16,160,306.1,200,IBM
2025-12-29,9:35:30.093748815,T,305.16,160,305.88,40,IBM
2025-12-29,9:35:30.929117435,T,305.17,40,305.88,40,IBM
2025-12-29,9:35:32.364484421,T,305.17,40,306.1,160,IBM
2025-12-29,9:35:32.364489523,T,305.16,160,306.1,160,IBM
2025-12-29,9:35:32.364489523,T,305.23,40,306.1,160,IBM
2025-12-29,9:35:32.364504484,T,305.77,40,306.1,160,IBM
2025-12-29,9:35:32.364930467,T,305.77,80,306.1,160,IBM
2025-12-29,9:35:32.365196129,T,305.77,120,306.1,160,IBM
2025-12-29,9:35:32.366469139,T,305.77,80,306.1,160,IBM
2025-12-29,9:35:32.367226037,T,305.77,80,306.76,40,IBM
2025-12-29,9:35:32.367236019,T,305.77,80,306.3,160,IBM
2025-12-29,9:35:33.432096023,T,305.77,40,306.3,160,IBM
2025-12-29,9:35:34.195939391,T,305.16,160,306.3,160,IBM
2025-12-29,9:35:34.727123887,T,305.15,40,306.3,160,IBM
2025-12-29,9:35:34.727128863,T,305.33,200,306.3,160,IBM
2025-12-29,9:35:48.427528772,T,305.33,200,306.0,40,IBM
2025-12-29,9:35:48.427543766,T,305.33,200,305.89,40,IBM
2025-12-29,9:35:48.427859547,T,305.33,200,305.88,40,IBM
2025-12-29,9:35:48.431894144,T,305.33,200,305.89,40,IBM
2025-12-29,9:35:48.431924175,T,305.33,200,305.99,40,IBM
2025-12-29,9:35:48.436585281,T,305.33,200,306.3,200,IBM
2025-12-29,9:35:48.449095063,T,305.33,200,306.0,40,IBM
2025-12-29,9:35:48.527591952,T,305.33,200,306.3,200,IBM
2025-12-29,9:35:51.315814513,T,305.33,200,306.3,160,IBM
2025-12-29,9:36:01.475299995,T,305.15,40,306.3,160,IBM
2025-12-29,9:36:01.475299995,T,305.46,160,306.3,160,IBM
2025-12-29,9:36:04.536858217,T,305.77,40,306.3,160,IBM
2025-12-29,9:36:04.537183934,T,305.46,160,306.3,160,IBM
2025-12-29,9:36:08.177424817,T,305.46,160,306.0,40,IBM
2025-12-29,9:36:23.051283288,T,305.46,160,306.0,120,IBM
2025-12-29,9:36:25.738836427,T,305.46,160,306.0,80,IBM
2025-12-29,9:36:25.738861395,T,305.46,160,306.3,160,IBM
2025-12-29,9:36:25.738896553,T,305.78,40,306.3,160,IBM
2025-12-29,9:36:25.738906460,T,305.88,40,306.3,160,IBM
2025-12-29,9:36:25.739081949,T,305.88,80,306.3,160,IBM
2025-12-29,9:36:25.739187109,T,305.88,40,306.3,160,IBM
2025-12-29,9:36:25.739192182,T,305.88,80,306.3,160,IBM
2025-12-29,9:36:25.739332501,T,305.88,120,306.3,160,IBM
2025-12-29,9:36:25.739352630,T,305.88,80,306.3,160,IBM
2025-12-29,9:36:25.744259236,T,305.88,80,306.11,40,IBM
2025-12-29,9:36:25.757866633,T,305.88,40,306.11,40,IBM
2025-12-29,9:36:25.763555202,T,305.78,40,306.11,40,IBM
2025-12-29,9:36:25.763555202,T,305.78,40,306.11,80,IBM
2025-12-29,9:36:25.775418606,T,305.46,160,306.11,80,IBM
2025-12-29,9:36:25.775423402,T,305.46,160,306.1,40,IBM
2025-12-29,9:36:25.775438461,T,305.46,160,306.0,40,IBM
2025-12-29,9:36:25.775448560,T,305.46,160,305.96,40,IBM
2025-12-29,9:36:25.775458505,T,305.46,160,306.0,40,IBM
2025-12-29,9:36:25.775463520,T,305.46,160,305.96,40,IBM
2025-12-29,9:36:25.775779279,T,305.46,160,306.0,40,IBM
2025-12-29,9:36:25.776325596,T,305.46,160,305.96,40,IBM
2025-12-29,9:36:26.010753675,T,305.46,160,306.3,200,IBM
2025-12-29,9:36:27.898858382,T,305.46,160,306.24,40,IBM
2025-12-29,9:36:27.902872958,T,305.46,160,306.3,200,IBM
2025-12-29,9:36:28.404867962,T,305.46,160,306.3,160,IBM
2025-12-29,9:36:28.407619466,T,305.46,200,306.3,160,IBM
2025-12-29,9:36:28.407634545,T,305.73,40,306.3,160,IBM
2025-12-29,9:36:28.508078659,T,305.46,200,306.3,160,IBM
2025-12-29,9:36:29.803698080,T,305.82,40,306.3,160,IBM
2025-12-29,9:36:29.807717585,T,305.46,200,306.3,160,IBM
2025-12-29,9:36:29.807737697,T,305.46,160,306.3,160,IBM
2025-12-29,9:36:29.940453599,T,305.46,160,306.11,40,IBM
2025-12-29,9:36:30.329198965,T,305.82,200,306.11,40,IBM
2025-12-29,9:36:30.352529529,T,305.82,200,306.3,160,IBM
2025-12-29,9:36:34.217164709,T,305.82,240,306.3,160,IBM
2025-12-29,9:36:34.217174711,T,305.82,200,306.3,160,IBM
2025-12-29,9:36:34.217325096,T,305.82,240,306.3,160,IBM
2025-12-29,9:36:34.217330021,T,305.82,200,306.3,160,IBM
2025-12-29,9:36:34.217545574,T,305.82,240,306.3,160,IBM
2025-12-29,9:36:34.217570704,T,305.88,40,306.3,160,IBM
2025-12-29,9:36:34.217580704,T,305.82,240,306.3,160,IBM
2025-12-29,9:36:34.217580704,T,305.82,200,306.3,160,IBM
2025-12-29,9:36:34.217680901,T,305.9,40,306.3,160,IBM
2025-12-29,9:36:34.217811207,T,305.9,40,307.14,40,IBM
2025-12-29,9:36:34.217821224,T,305.9,40,306.48,160,IBM
2025-12-29,9:36:34.320585843,T,305.9,80,306.48,160,IBM
2025-12-29,9:36:34.333601924,T,305.9,80,306.18,40,IBM
2025-12-29,9:36:36.142067135,T,305.9,80,306.48,160,IBM
2025-12-29,9:36:38.141161168,T,305.9,40,306.48,160,IBM
2025-12-29,9:36:44.903825281,T,306.17,40,306.48,160,IBM
2025-12-29,9:36:44.904256356,T,306.17,80,306.48,160,IBM
2025-12-29,9:36:44.906020540,T,306.17,80,307.33,40,IBM
2025-12-29,9:36:44.906025516,T,306.17,80,306.73,160,IBM
2025-12-29,9:36:44.910380977,T,306.17,40,306.73,160,IBM
2025-12-29,9:36:45.340434674,T,306.17,40,306.46,40,IBM
2025-12-29,9:36:45.365248727,T,306.17,40,306.73,160,IBM
2025-12-29,9:36:46.239259430,T,305.9,40,306.73,160,IBM
2025-12-29,9:36:59.058712094,T,305.9,40,306.53,40,IBM
2025-12-29,9:36:59.631736118,T,305.9,40,306.53,80,IBM
2025-12-29,9:36:59.631766242,T,305.9,40,306.4,40,IBM
2025-12-29,9:36:59.636402233,T,305.9,40,306.53,40,IBM
2025-12-29,9:36:59.636422315,T,305.9,40,306.73,160,IBM
2025-12-29,9:37:04.209373635,T,305.9,40,306.41,40,IBM
2025-12-29,9:37:04.209378750,T,305.9,40,306.73,160,IBM
2025-12-29,9:37:04.209383761,T,305.9,40,306.37,40,IBM
2025-12-29,9:37:04.209383761,T,305.9,40,306.73,200,IBM
2025-12-29,9:37:04.209408942,T,305.9,40,306.41,40,IBM
2025-12-29,9:37:04.209408942,T,305.9,40,306.73,200,IBM
2025-12-29,9:37:04.216355306,T,305.9,40,306.73,160,IBM
2025-12-29,9:37:04.216440551,T,305.9,40,306.73,200,IBM
2025-12-29,9:37:04.219131891,T,305.9,40,306.41,40,IBM
2025-12-29,9:37:04.219141929,T,305.9,40,306.73,200,IBM
2025-12-29,9:37:04.795037886,T,305.9,40,306.41,40,IBM
2025-12-29,9:37:04.795047831,T,305.9,40,306.73,200,IBM
2025-12-29,9:37:04.795047831,T,305.9,40,306.73,160,IBM
2025-12-29,9:37:05.209459414,T,305.9,40,306.73,200,IBM
2025-12-29,9:37:05.209469369,T,305.9,40,306.73,160,IBM
2025-12-29,9:37:05.234694437,T,306.04,40,306.73,160,IBM
2025-12-29,9:37:05.235115404,T,306.04,80,306.73,160,IBM
2025-12-29,9:37:06.509890140,T,306.04,40,306.73,160,IBM
2025-12-29,9:37:08.526114906,T,305.9,40,306.73,160,IBM
2025-12-29,9:37:08.526140155,T,305.9,40,306.41,40,IBM
2025-12-29,9:37:08.526155111,T,305.9,40,306.36,40,IBM
2025-12-29,9:37:08.626629216,T,305.9,40,306.41,40,IBM
2025-12-29,9:37:09.500895517,T,305.9,40,306.37,40,IBM
2025-12-29,9:37:09.500905546,T,305.9,40,306.26,40,IBM
2025-12-29,9:37:09.500930628,T,305.9,40,306.24,40,IBM
2025-12-29,9:37:09.500935912,T,305.9,40,306.26,40,IBM
2025-12-29,9:37:09.505140643,T,305.9,40,306.41,40,IBM
2025-12-29,9:37:09.505160635,T,305.9,40,306.73,160,IBM
2025-12-29,9:37:09.505205713,T,305.9,40,306.64,40,IBM
2025-12-29,9:37:09.640633156,T,305.9,40,306.73,160,IBM
2025-12-29,9:37:12.179858121,T,305.9,40,306.95,40,IBM
2025-12-29,9:37:12.179868155,T,305.9,40,306.56,160,IBM
2025-12-29,9:37:12.186103001,T,305.77,160,306.56,160,IBM
2025-12-29,9:37:21.160341855,T,306.07,40,306.56,160,IBM
2025-12-29,9:37:21.893026066,T,306.15,40,306.56,160,IBM
2025-12-29,9:37:21.897431633,T,306.15,80,306.56,160,IBM
2025-12-29,9:37:22.147075842,T,306.15,40,306.56,160,IBM
2025-12-29,9:37:22.970115105,T,306.15,40,307.33,40,IBM
2025-12-29,9:37:22.970125201,T,306.15,40,306.7,200,IBM
2025-12-29,9:37:24.198614615,T,306.07,40,306.7,200,IBM
2025-12-29,9:37:24.512296360,T,306.22,40,306.7,200,IBM
2025-12-29,9:37:24.512321367,T,306.23,40,306.7,200,IBM
2025-12-29,9:37:24.512742383,T,306.23,80,306.7,200,IBM
2025-12-29,9:37:26.491878969,T,306.23,40,306.7,200,IBM
2025-12-29,9:37:35.944747406,T,305.9,160,306.7,200,IBM
2025-12-29,9:37:35.944772566,T,305.9,160,306.7,240,IBM
2025-12-29,9:37:35.944772566,T,305.9,160,306.4,40,IBM
2025-12-29,9:37:35.953247679,T,305.9,160,306.55,40,IBM
2025-12-29,9:37:35.953267734,T,305.9,160,306.7,200,IBM
2025-12-29,9:37:40.369220259,T,305.9,160,306.45,40,IBM
2025-12-29,9:37:44.330039393,T,305.9,160,306.45,80,IBM
2025-12-29,9:37:44.330049319,T,305.9,160,306.45,40,IBM
2025-12-29,9:37:44.330325024,T,305.9,160,306.45,80,IBM
2025-12-29,9:37:44.330330049,T,305.9,160,306.4,40,IBM
2025-12-29,9:37:44.330340281,T,305.9,160,306.45,40,IBM
2025-12-29,9:37:44.330340281,T,305.9,160,306.4,40,IBM
2025-12-29,9:37:44.330340281,T,305.9,160,306.45,80,IBM
2025-12-29,9:37:44.330370149,T,305.9,160,306.45,40,IBM
2025-12-29,9:37:44.331472713,T,305.9,160,306.45,80,IBM
2025-12-29,9:37:44.331472713,T,305.9,160,306.4,40,IBM
2025-12-29,9:37:44.331482797,T,305.9,160,306.45,80,IBM
2025-12-29,9:37:44.331482797,T,305.9,160,306.3,40,IBM
2025-12-29,9:37:44.331497789,T,305.9,160,306.4,40,IBM
2025-12-29,9:37:44.336103913,T,305.9,160,306.3,40,IBM
2025-12-29,9:37:44.341782257,T,305.9,160,306.4,40,IBM
2025-12-29,9:37:44.341947661,T,305.9,160,306.3,40,IBM
2025-12-29,9:37:44.342042900,T,305.9,160,306.4,40,IBM
2025-12-29,9:37:44.342062965,T,305.9,160,306.45,40,IBM
2025-12-29,9:37:44.342469303,T,305.35,40,306.45,40,IBM
2025-12-29,9:37:44.342469303,T,305.76,160,306.45,40,IBM
2025-12-29,9:37:44.526832873,T,305.76,160,306.7,200,IBM
2025-12-29,9:37:44.689795719,T,305.76,160,306.7,240,IBM
2025-12-29,9:37:44.689800769,T,305.76,160,306.7,200,IBM
2025-12-29,9:37:44.689805749,T,305.76,160,306.3,40,IBM
2025-12-29,9:37:44.689815853,T,305.76,160,306.7,200,IBM
2025-12-29,9:37:44.925988025,T,305.76,160,306.7,240,IBM
2025-12-29,9:37:45.660892605,T,305.76,160,306.59,40,IBM
2025-12-29,9:37:45.660902562,T,305.76,160,306.7,240,IBM
2025-12-29,9:37:45.660927663,T,305.76,160,306.21,40,IBM
2025-12-29,9:37:45.660937623,T,305.76,160,306.59,40,IBM
2025-12-29,9:37:45.660947723,T,305.76,160,306.4,40,IBM
2025-12-29,9:37:45.660957750,T,305.76,160,306.59,40,IBM
2025-12-29,9:37:45.837738581,T,305.76,160,306.4,40,IBM
2025-12-29,9:37:45.837748602,T,305.76,160,306.59,40,IBM
2025-12-29,9:37:45.906792880,T,305.76,160,306.7,200,IBM
2025-12-29,9:37:46.755117548,T,305.76,200,306.7,200,IBM
2025-12-29,9:37:46.755117548,T,305.82,40,306.7,200,IBM
2025-12-29,9:37:46.755127519,T,305.88,40,306.7,200,IBM
2025-12-29,9:37:46.755147580,T,305.97,40,306.7,200,IBM
2025-12-29,9:37:46.755182566,T,305.98,40,306.7,200,IBM
2025-12-29,9:37:46.755207635,T,305.97,40,306.7,200,IBM
2025-12-29,9:37:46.755503335,T,305.88,40,306.7,200,IBM
2025-12-29,9:37:46.755523439,T,305.97,40,306.7,200,IBM
2025-12-29,9:37:46.755523439,T,305.83,40,306.7,200,IBM
2025-12-29,9:37:46.755533441,T,305.76,200,306.7,200,IBM
2025-12-29,9:37:46.755583920,T,305.76,200,306.7,240,IBM
2025-12-29,9:37:46.755583920,T,305.76,200,306.39,40,IBM
2025-12-29,9:37:46.755588560,T,305.76,200,306.4,40,IBM
2025-12-29,9:37:46.755603613,T,305.76,200,306.59,40,IBM
2025-12-29,9:37:46.755663760,T,305.76,200,306.4,40,IBM
2025-12-29,9:37:46.755668776,T,305.76,200,306.39,40,IBM
2025-12-29,9:37:46.756129870,T,305.76,160,306.39,40,IBM
2025-12-29,9:37:46.761422426,T,305.76,160,306.4,40,IBM
2025-12-29,9:37:46.764093880,T,305.76,160,306.7,200,IBM
2025-12-29,9:37:47.013668016,T,305.35,40,306.7,200,IBM
2025-12-29,9:37:47.013673013,T,305.6,160,306.7,200,IBM
2025-12-29,9:37:47.635768889,T,305.6,160,306.95,40,IBM
2025-12-29,9:37:47.635773880,T,305.6,160,306.53,160,IBM
2025-12-29,9:37:52.216177996,T,305.81,40,306.53,160,IBM
2025-12-29,9:37:52.216553807,T,305.6,160,306.53,160,IBM
2025-12-29,9:38:01.977525707,T,305.9,40,306.53,160,IBM
2025-12-29,9:38:01.977941754,T,305.9,80,306.53,160,IBM
2025-12-29,9:38:02.128845954,T,305.9,40,306.53,160,IBM
2025-12-29,9:38:23.515167900,T,305.91,40,306.53,160,IBM
2025-12-29,9:38:23.515172873,T,305.93,40,306.53,160,IBM
2025-12-29,9:38:23.516085054,T,305.91,40,306.53,160,IBM
2025-12-29,9:38:23.615847576,T,305.9,40,306.53,160,IBM
2025-12-29,9:38:25.344006650,T,306.03,40,306.53,160,IBM
2025-12-29,9:38:25.675380595,T,305.9,40,306.53,160,IBM
2025-12-29,9:38:37.682188755,T,305.9,40,306.3,40,IBM
2025-12-29,9:38:37.682193733,T,305.9,40,306.53,160,IBM
2025-12-29,9:38:37.682354095,T,305.9,40,306.53,200,IBM
2025-12-29,9:38:37.682379205,T,305.9,40,306.21,40,IBM
2025-12-29,9:38:37.682389239,T,305.9,40,306.53,200,IBM
2025-12-29,9:38:37.682449410,T,305.9,40,306.53,160,IBM
2025-12-29,9:38:37.683311478,T,305.83,40,306.53,160,IBM
2025-12-29,9:38:39.571526854,T,305.83,40,306.25,40,IBM
2025-12-29,9:38:39.571526854,T,305.83,40,306.53,160,IBM
2025-12-29,9:38:39.781190655,T,305.83,40,306.24,40,IBM
2025-12-29,9:38:39.781200717,T,305.83,40,306.53,160,IBM
2025-12-29,9:38:40.516556169,T,305.83,40,306.18,40,IBM
2025-12-29,9:38:40.516566213,T,305.83,40,306.53,200,IBM
2025-12-29,9:38:40.516571275,T,305.83,40,306.13,40,IBM
2025-12-29,9:38:40.516591354,T,305.83,40,306.18,40,IBM
2025-12-29,9:38:40.520174886,T,305.83,40,306.24,40,IBM
2025-12-29,9:38:40.528254117,T,305.83,40,306.53,160,IBM
2025-12-29,9:38:40.528354269,T,305.83,40,306.48,40,IBM
2025-12-29,9:38:40.528364322,T,305.83,40,306.53,160,IBM
2025-12-29,9:38:40.782920235,T,305.83,40,306.48,40,IBM
2025-12-29,9:38:40.782925250,T,305.83,40,306.53,160,IBM
2025-12-29,9:38:41.394982271,T,305.83,40,306.48,40,IBM
2025-12-29,9:38:41.394987355,T,305.83,40,306.53,160,IBM
2025-12-29,9:38:41.460623566,T,305.83,40,306.48,40,IBM
2025-12-29,9:38:41.460638547,T,305.83,40,306.53,160,IBM
2025-12-29,9:38:41.787922649,T,305.83,40,306.48,40,IBM
2025-12-29,9:38:41.787932747,T,305.83,40,306.53,160,IBM
2025-12-29,9:38:41.787957750,T,305.83,40,306.12,40,IBM
2025-12-29,9:38:41.787962778,T,305.83,40,306.53,200,IBM
2025-12-29,9:38:41.787977759,T,305.83,40,306.48,40,IBM
2025-12-29,9:38:41.787987858,T,305.83,40,306.53,200,IBM
2025-12-29,9:38:42.405177150,T,305.83,40,306.48,40,IBM
2025-12-29,9:38:42.405187131,T,305.83,40,306.53,200,IBM
2025-12-29,9:38:42.720938770,T,305.6,160,306.53,200,IBM
2025-12-29,9:38:42.720978871,T,305.64,40,306.53,200,IBM
2025-12-29,9:38:43.349765773,T,305.64,40,306.48,40,IBM
2025-12-29,9:38:43.349770826,T,305.64,40,306.53,200,IBM
2025-12-29,9:38:44.197308434,T,305.64,40,306.53,40,IBM
2025-12-29,9:38:44.197313466,T,305.64,40,306.38,160,IBM
2025-12-29,9:38:44.294088862,T,305.64,40,306.24,40,IBM
2025-12-29,9:38:44.294113837,T,305.64,40,306.06,40,IBM
2025-12-29,9:38:44.294119000,T,305.64,40,306.24,40,IBM
2025-12-29,9:38:44.294329421,T,305.64,40,306.06,40,IBM
2025-12-29,9:38:44.294339381,T,305.64,40,306.24,40,IBM
2025-12-29,9:38:45.238552265,T,305.64,40,306.38,160,IBM
2025-12-29,9:38:45.238577303,T,305.64,40,306.24,40,IBM
2025-12-29,9:38:45.238587299,T,305.64,40,306.38,160,IBM
2025-12-29,9:38:45.238662493,T,305.64,40,306.24,40,IBM
2025-12-29,9:38:45.238687523,T,305.64,40,306.07,40,IBM
2025-12-29,9:38:45.238692728,T,305.64,40,306.24,40,IBM
2025-12-29,9:38:45.238913112,T,305.64,40,306.07,40,IBM
2025-12-29,9:38:45.238923067,T,305.64,40,306.24,40,IBM
2025-12-29,9:38:45.238943117,T,305.64,40,306.38,160,IBM
2025-12-29,9:38:46.183176033,T,305.64,40,306.24,40,IBM
2025-12-29,9:38:46.183466653,T,305.64,40,306.08,40,IBM
2025-12-29,9:38:46.183476716,T,305.64,40,306.24,40,IBM
2025-12-29,9:38:46.475361877,T,305.64,40,306.38,160,IBM
2025-12-29,9:38:46.475491897,T,305.64,40,306.24,40,IBM
2025-12-29,9:38:46.475516926,T,305.64,40,306.07,40,IBM
2025-12-29,9:38:46.475526921,T,305.64,40,306.24,40,IBM
2025-12-29,9:38:46.475772730,T,305.64,40,306.07,40,IBM
2025-12-29,9:38:46.475787643,T,305.64,40,306.24,40,IBM
2025-12-29,9:38:46.475812655,T,305.64,40,306.38,160,IBM
2025-12-29,9:38:47.420020466,T,305.64,40,306.24,40,IBM
2025-12-29,9:38:47.420326093,T,305.64,40,306.11,40,IBM
2025-12-29,9:38:47.420336172,T,305.64,40,306.24,40,IBM
2025-12-29,9:38:48.364558983,T,305.64,40,306.38,160,IBM
2025-12-29,9:38:48.364584073,T,305.64,40,306.24,40,IBM
2025-12-29,9:38:48.364584073,T,305.64,40,306.38,160,IBM
2025-12-29,9:38:48.364659197,T,305.64,40,306.24,40,IBM
2025-12-29,9:38:48.364684367,T,305.64,40,306.13,40,IBM
2025-12-29,9:38:48.364694339,T,305.64,40,306.24,40,IBM
2025-12-29,9:38:48.364894820,T,305.64,40,306.13,40,IBM
2025-12-29,9:38:48.364899763,T,305.64,40,306.24,40,IBM
2025-12-29,9:38:48.365130293,T,305.64,40,306.38,160,IBM
2025-12-29,9:38:48.365180440,T,305.65,40,306.38,160,IBM
2025-12-29,9:38:48.366498613,T,305.64,40,306.38,160,IBM
2025-12-29,9:38:50.293215411,T,305.64,40,306.14,40,IBM
2025-12-29,9:38:50.293235456,T,305.64,40,306.13,40,IBM
2025-12-29,9:38:50.293245481,T,305.64,40,306.14,40,IBM
2025-12-29,9:38:51.782350187,T,305.64,40,306.13,40,IBM
2025-12-29,9:38:51.782360251,T,305.64,40,306.14,40,IBM
2025-12-29,9:38:54.180193735,T,305.64,40,306.13,40,IBM
2025-12-29,9:38:54.180203835,T,305.64,40,306.14,40,IBM
2025-12-29,9:38:54.447003951,T,305.86,40,306.14,40,IBM
2025-12-29,9:38:55.599692857,T,305.86,80,306.14,40,IBM
2025-12-29,9:38:55.936374462,T,305.86,80,306.38,160,IBM
2025-12-29,9:38:55.942393747,T,305.86,80,306.14,40,IBM
2025-12-29,9:38:56.199335482,T,305.86,80,306.38,160,IBM
2025-12-29,9:38:57.837971325,T,305.86,40,306.38,160,IBM
2025-12-29,9:39:07.918092805,T,305.94,40,306.38,160,IBM
2025-12-29,9:39:07.918138050,T,306.03,40,306.38,160,IBM
2025-12-29,9:39:07.918709295,T,305.94,80,306.38,160,IBM
2025-12-29,9:39:07.933078472,T,305.94,40,306.38,160,IBM
2025-12-29,9:39:07.938561515,T,305.94,80,306.38,160,IBM
2025-12-29,9:39:08.018085921,T,305.94,40,306.38,160,IBM
2025-12-29,9:39:14.797960984,T,305.86,80,306.38,160,IBM
2025-12-29,9:39:23.507675184,T,305.86,40,306.38,160,IBM
2025-12-29,9:39:23.507755350,T,305.86,80,306.38,160,IBM
2025-12-29,9:39:23.507775429,T,305.93,40,306.38,160,IBM
2025-12-29,9:39:23.507785483,T,305.86,80,306.38,160,IBM
2025-12-29,9:39:23.767318359,T,305.86,40,306.38,160,IBM
2025-12-29,9:39:24.443012137,T,305.86,40,306.15,40,IBM
2025-12-29,9:39:24.443012137,T,305.86,40,306.15,80,IBM
2025-12-29,9:39:24.443082154,T,305.86,40,306.06,40,IBM
2025-12-29,9:39:24.443342686,T,305.64,40,306.06,40,IBM
2025-12-29,9:39:24.443618353,T,305.64,40,306.05,40,IBM
2025-12-29,9:39:24.443683434,T,305.64,40,306.06,40,IBM
2025-12-29,9:39:24.443753586,T,305.64,40,306.15,40,IBM
2025-12-29,9:39:24.482611154,T,305.64,40,306.16,40,IBM
2025-12-29,9:39:24.482636163,T,305.64,40,306.15,40,IBM
2025-12-29,9:39:24.509149295,T,305.64,80,306.15,40,IBM
2025-12-29,9:39:24.543060120,T,305.64,80,306.38,200,IBM
2025-12-29,9:39:24.772355903,T,305.64,80,306.37,40,IBM
2025-12-29,9:39:24.772365972,T,305.64,80,306.38,200,IBM
2025-12-29,9:39:24.772385946,T,305.64,80,306.38,160,IBM
2025-12-29,9:39:24.772385946,T,305.64,80,306.38,200,IBM
2025-12-29,9:39:24.772411061,T,305.64,80,306.37,40,IBM
2025-12-29,9:39:24.772421103,T,305.64,80,306.38,200,IBM
2025-12-29,9:39:24.773538725,T,305.64,80,306.38,160,IBM
2025-12-29,9:39:25.025112611,T,305.64,40,306.38,160,IBM
2025-12-29,9:39:25.025147677,T,305.79,40,306.38,160,IBM
2025-12-29,9:39:25.342728815,T,305.64,40,306.38,160,IBM
2025-12-29,9:39:27.878590491,T,305.64,40,306.38,200,IBM
2025-12-29,9:39:27.878610731,T,305.64,40,306.37,40,IBM
2025-12-29,9:39:27.878655742,T,305.64,40,305.94,40,IBM
2025-12-29,9:39:27.878750937,T,305.64,40,305.92,40,IBM
2025-12-29,9:39:27.878780983,T,305.64,40,306.16,40,IBM
2025-12-29,9:39:27.878806082,T,305.64,80,306.16,40,IBM
2025-12-29,9:39:27.879016583,T,305.64,80,306.37,40,IBM
2025-12-29,9:39:27.879372339,T,305.64,80,305.92,40,IBM
2025-12-29,9:39:27.879392474,T,305.64,40,305.92,40,IBM
2025-12-29,9:39:27.879497686,T,305.64,40,306.37,40,IBM
2025-12-29,9:39:27.879748315,T,305.64,40,305.92,40,IBM
2025-12-29,9:39:27.885005756,T,305.64,80,305.92,40,IBM
2025-12-29,9:39:27.888173316,T,305.64,80,306.37,40,IBM
2025-12-29,9:39:27.918189769,T,305.64,80,306.23,160,IBM
2025-12-29,9:39:29.696683659,T,305.64,40,306.23,160,IBM
2025-12-29,9:39:29.818909684,T,305.71,40,306.23,160,IBM
2025-12-29,9:39:29.818909684,T,305.64,40,306.23,160,IBM
2025-12-29,9:39:34.439223783,T,305.64,40,306.06,40,IBM
2025-12-29,9:39:37.201058576,T,305.64,40,306.03,40,IBM
2025-12-29,9:39:40.309503449,T,305.64,40,306.23,160,IBM
2025-12-29,9:39:41.187288043,T,305.65,40,306.23,160,IBM
2025-12-29,9:39:41.605283184,T,305.44,160,306.23,160,IBM
2025-12-29,9:39:43.772853115,T,305.65,40,306.23,160,IBM
2025-12-29,9:39:44.766653994,T,305.44,160,306.23,160,IBM
2025-12-29,9:39:45.028352013,T,305.44,160,306.16,40,IBM
2025-12-29,9:39:45.032331504,T,305.44,160,306.23,160,IBM
2025-12-29,9:39:48.442690221,T,305.44,160,305.99,40,IBM
2025-12-29,9:39:49.525392663,T,305.44,160,306.23,200,IBM
2025-12-29,9:39:49.525422796,T,305.44,160,306.23,160,IBM
2025-12-29,9:39:49.527713246,T,305.44,160,305.92,40,IBM
2025-12-29,9:39:49.527728279,T,305.44,160,305.92,80,IBM
2025-12-29,9:39:49.927319420,T,305.44,160,305.92,40,IBM
2025-12-29,9:39:49.928056154,T,305.44,160,305.92,80,IBM
2025-12-29,9:39:50.410730190,T,305.44,160,305.92,40,IBM
2025-12-29,9:40:00.221736145,T,305.44,160,305.9,40,IBM
2025-12-29,9:40:00.221791391,T,305.44,160,305.92,80,IBM
2025-12-29,9:40:00.221791391,T,305.44,160,305.82,40,IBM
2025-12-29,9:40:00.222387779,T,305.44,160,306.23,160,IBM
2025-12-29,9:40:00.224016591,T,305.44,160,305.82,40,IBM
2025-12-29,9:40:00.224026678,T,305.44,160,305.81,40,IBM
2025-12-29,9:40:00.229269176,T,305.44,160,306.23,160,IBM
2025-12-29,9:40:00.250108818,T,305.44,160,306.23,200,IBM
2025-12-29,9:40:00.250118823,T,305.44,160,305.8,40,IBM
2025-12-29,9:40:00.250133774,T,305.44,160,305.91,40,IBM
2025-12-29,9:40:00.250219022,T,305.44,160,305.8,40,IBM
2025-12-29,9:40:00.250404421,T,305.44,160,305.91,40,IBM
2025-12-29,9:40:00.250429454,T,305.44,160,305.8,40,IBM
2025-12-29,9:40:00.250429454,T,305.44,160,306.23,160,IBM
2025-12-29,9:40:00.250509653,T,305.44,160,305.81,40,IBM
2025-12-29,9:40:00.251121162,T,305.44,160,306.23,160,IBM
2025-12-29,9:40:00.381586950,T,305.44,160,305.91,40,IBM
2025-12-29,9:40:00.468368285,T,305.44,160,305.82,40,IBM
2025-12-29,9:40:00.605103912,T,305.44,160,305.79,40,IBM
2025-12-29,9:40:00.605484749,T,305.44,160,305.82,40,IBM
2025-12-29,9:40:00.606131249,T,305.44,160,305.78,40,IBM
2025-12-29,9:40:00.628304106,T,305.44,160,305.82,40,IBM
2025-12-29,9:40:00.628644946,T,305.44,160,305.79,40,IBM
2025-12-29,9:40:00.628654879,T,305.44,160,305.82,40,IBM
2025-12-29,9:40:01.086580051,T,305.15,40,305.82,40,IBM
2025-12-29,9:40:01.086580051,T,305.3,160,305.82,40,IBM
2025-12-29,9:40:01.440106749,T,305.3,160,305.81,40,IBM
2025-12-29,9:40:01.845296318,T,305.3,160,305.73,40,IBM
2025-12-29,9:40:02.092905750,T,305.3,160,305.81,40,IBM
2025-12-29,9:40:02.203123139,T,305.3,160,305.7,40,IBM
2025-12-29,9:40:02.385928370,T,305.3,160,305.81,40,IBM
2025-12-29,9:40:02.476108024,T,305.3,160,305.82,40,IBM
2025-12-29,9:40:02.612021576,T,305.3,160,305.71,40,IBM
2025-12-29,9:40:03.022323557,T,305.3,160,305.82,40,IBM
2025-12-29,9:40:03.022328273,T,305.3,160,305.66,40,IBM
2025-12-29,9:40:03.022739323,T,305.3,160,305.82,40,IBM
2025-12-29,9:40:03.023405881,T,305.3,160,305.65,40,IBM
2025-12-29,9:40:03.023771674,T,305.3,160,305.82,40,IBM
2025-12-29,9:40:03.706351647,T,305.3,160,305.58,40,IBM
2025-12-29,9:40:03.710050443,T,305.15,40,305.58,40,IBM
2025-12-29,9:40:03.714756746,T,305.15,40,305.82,40,IBM
2025-12-29,9:40:04.221763678,T,305.15,40,305.62,40,IBM
2025-12-29,9:40:04.706026587,T,305.15,40,305.53,40,IBM
2025-12-29,9:40:04.706362313,T,305.15,40,305.62,40,IBM
2025-12-29,9:40:04.707199507,T,305.15,40,305.53,40,IBM
2025-12-29,9:40:04.711364207,T,305.15,40,305.62,40,IBM
2025-12-29,9:40:04.958302195,T,305.15,40,305.5,40,IBM
2025-12-29,9:40:05.889599108,T,305.15,40,305.45,40,IBM
2025-12-29,9:40:06.298457650,T,305.15,40,305.51,40,IBM
2025-12-29,9:40:06.298532851,T,305.15,40,305.46,40,IBM
2025-12-29,9:40:06.508257125,T,305.15,40,306.06,160,IBM
2025-12-29,9:40:06.604621584,T,305.0,160,306.06,160,IBM
2025-12-29,9:40:06.708854661,T,305.15,40,306.06,160,IBM
2025-12-29,9:40:06.708859852,T,305.15,40,306.04,40,IBM
2025-12-29,9:40:06.708869728,T,305.15,40,306.06,160,IBM
2025-12-29,9:40:06.709831939,T,305.0,160,306.06,160,IBM
2025-12-29,9:40:06.709907200,T,305.1,40,306.06,160,IBM
2025-12-29,9:40:06.710172837,T,305.1,40,306.04,40,IBM
2025-12-29,9:40:06.710182765,T,305.1,40,306.06,160,IBM
2025-12-29,9:40:06.812050339,T,304.86,160,306.06,160,IBM
2025-12-29,9:40:06.872794872,T,304.86,160,306.04,40,IBM
2025-12-29,9:40:06.872804904,T,304.86,160,306.06,160,IBM
2025-12-29,9:40:07.118374517,T,304.86,160,306.04,40,IBM
2025-12-29,9:40:07.118384513,T,304.86,160,306.06,160,IBM
2025-12-29,9:40:07.527979687,T,304.86,160,305.93,40,IBM
2025-12-29,9:40:07.527984714,T,304.86,160,306.06,160,IBM
2025-12-29,9:40:07.710484043,T,304.86,160,306.04,40,IBM
2025-12-29,9:40:07.710504104,T,304.86,160,305.93,40,IBM
2025-12-29,9:40:07.710514149,T,304.86,160,306.04,40,IBM
2025-12-29,9:40:07.726958276,T,304.86,160,305.93,40,IBM
2025-12-29,9:40:07.726968280,T,304.86,160,306.04,40,IBM
2025-12-29,9:40:07.833767549,T,304.86,160,305.84,160,IBM
2025-12-29,9:40:08.756849980,T,305.04,40,305.84,160,IBM
2025-12-29,9:40:08.757361158,T,305.15,40,305.84,160,IBM
2025-12-29,9:40:08.758107933,T,305.04,40,305.84,160,IBM
2025-12-29,9:40:08.758128026,T,304.86,160,305.84,160,IBM
2025-12-29,9:40:08.758193156,T,304.87,40,305.84,160,IBM
2025-12-29,9:40:08.758228239,T,305.16,40,305.84,160,IBM
2025-12-29,9:40:08.762217757,T,304.86,160,305.84,160,IBM
2025-12-29,9:40:08.792464717,T,305.1,40,305.84,160,IBM
2025-12-29,9:40:09.020778242,T,304.86,160,305.84,160,IBM
2025-12-29,9:40:09.060462632,T,304.86,160,305.29,40,IBM
2025-12-29,9:40:13.553418701,T,305.11,40,305.29,40,IBM
2025-12-29,9:40:13.553438749,T,304.86,160,305.29,40,IBM
2025-12-29,9:40:13.553438749,T,305.18,40,305.29,40,IBM
2025-12-29,9:40:13.553779650,T,305.18,40,305.84,160,IBM
2025-12-29,9:40:13.554150451,T,305.11,40,305.84,160,IBM
2025-12-29,9:40:13.554441156,T,305.12,40,305.84,160,IBM
2025-12-29,9:40:13.807764168,T,305.12,80,305.84,160,IBM
2025-12-29,9:40:13.963119019,T,305.12,40,305.84,160,IBM
2025-12-29,9:40:13.963119019,T,305.2,40,305.84,160,IBM
2025-12-29,9:40:14.237221402,T,304.86,160,305.84,160,IBM
2025-12-29,9:40:14.311568353,T,304.86,160,305.51,40,IBM
2025-12-29,9:40:26.023810097,T,304.86,160,305.46,40,IBM
2025-12-29,9:40:33.373977907,T,304.86,160,305.44,40,IBM
2025-12-29,9:40:33.374012944,T,304.86,160,305.34,40,IBM
2025-12-29,9:40:33.374053032,T,304.86,160,305.44,40,IBM
2025-12-29,9:40:33.374093187,T,304.86,160,305.46,80,IBM
2025-12-29,9:40:33.374093187,T,304.86,160,305.33,40,IBM
2025-12-29,9:40:34.181039240,T,304.86,160,305.42,40,IBM
2025-12-29,9:40:36.143470990,T,305.11,40,305.42,40,IBM
2025-12-29,9:40:36.143786743,T,305.21,40,305.42,40,IBM
2025-12-29,9:40:36.144262848,T,305.21,80,305.42,40,IBM
2025-12-29,9:40:36.144287972,T,305.22,40,305.42,40,IBM
2025-12-29,9:40:36.144297951,T,305.21,80,305.42,40,IBM
2025-12-29,9:40:36.144954518,T,305.21,40,305.42,40,IBM
2025-12-29,9:40:36.157439297,T,305.21,40,305.7,160,IBM
2025-12-29,9:40:36.166681286,T,305.12,40,305.7,160,IBM
2025-12-29,9:40:36.166701351,T,304.86,160,305.7,160,IBM
2025-12-29,9:40:36.166716391,T,305.22,40,305.7,160,IBM
2025-12-29,9:40:36.313701246,T,304.86,160,305.7,160,IBM
2025-12-29,9:40:36.313951906,T,305.15,40,305.7,160,IBM
2025-12-29,9:40:36.449950612,T,305.15,80,305.7,160,IBM
2025-12-29,9:40:36.749478660,T,305.15,80,305.46,40,IBM
2025-12-29,9:40:36.750285559,T,305.15,80,305.46,120,IBM
2025-12-29,9:40:37.328056001,T,305.15,40,305.46,120,IBM
2025-12-29,9:40:37.550655922,T,304.86,160,305.46,120,IBM
2025-12-29,9:40:37.564734408,T,304.86,200,305.46,120,IBM
2025-12-29,9:40:37.564739429,T,304.86,160,305.46,120,IBM
2025-12-29,9:40:45.989816135,T,304.86,160,305.46,80,IBM
2025-12-29,9:40:45.989836200,T,305.32,40,305.46,80,IBM
2025-12-29,9:40:46.353291397,T,305.32,80,305.46,80,IBM
2025-12-29,9:40:47.330958784,T,305.32,80,305.7,160,IBM
2025-12-29,9:40:47.330983831,T,305.45,80,305.7,160,IBM
2025-12-29,9:40:47.331018868,T,305.32,80,305.7,160,IBM
2025-12-29,9:40:47.331038905,T,305.32,40,305.7,160,IBM
2025-12-29,9:40:47.331399766,T,305.31,40,305.7,160,IBM
2025-12-29,9:40:47.333454720,T,305.31,40,305.7,240,IBM
2025-12-29,9:40:47.333479714,T,304.92,80,305.7,240,IBM
2025-12-29,9:40:47.334236540,T,304.92,80,305.7,160,IBM
2025-12-29,9:40:48.030905018,T,305.38,40,305.7,160,IBM
2025-12-29,9:40:48.031045294,T,305.38,40,306.37,40,IBM
2025-12-29,9:40:48.031055395,T,305.38,40,305.83,160,IBM
2025-12-29,9:40:48.031325948,T,305.38,80,305.83,160,IBM
2025-12-29,9:40:48.035445817,T,305.38,40,305.83,160,IBM
2025-12-29,9:40:49.228040042,T,305.38,40,305.7,80,IBM
2025-12-29,9:40:50.218964029,T,304.92,80,305.7,80,IBM
2025-12-29,9:40:51.631652077,T,304.92,80,305.65,40,IBM
2025-12-29,9:40:53.613404619,T,304.92,80,305.7,80,IBM
2025-12-29,9:40:53.614026106,T,304.92,80,305.64,40,IBM
2025-12-29,9:40:54.604915132,T,304.92,80,305.69,40,IBM
2025-12-29,9:40:54.605551570,T,304.92,80,305.62,40,IBM
2025-12-29,9:40:54.606353547,T,304.92,80,305.62,120,IBM
2025-12-29,9:40:55.596425616,T,304.92,80,305.62,80,IBM
2025-12-29,9:40:55.597057214,T,304.92,80,305.61,40,IBM
2025-12-29,9:40:56.587951168,T,304.92,80,305.62,80,IBM
2025-12-29,9:40:56.588572684,T,304.92,80,305.59,40,IBM
2025-12-29,9:40:57.579451319,T,304.92,80,305.62,80,IBM
2025-12-29,9:40:57.580087908,T,304.92,80,305.57,40,IBM
2025-12-29,9:40:58.040042751,T,305.01,160,305.57,40,IBM
2025-12-29,9:40:58.570966738,T,305.01,160,305.83,160,IBM
2025-12-29,9:40:58.571593080,T,305.01,160,305.56,40,IBM
2025-12-29,9:40:58.572395058,T,305.01,160,305.56,120,IBM
2025-12-29,9:40:59.348657916,T,305.01,160,305.55,40,IBM
2025-12-29,9:40:59.563113422,T,305.01,160,305.54,40,IBM
2025-12-29,9:41:00.553997285,T,305.01,160,305.55,40,IBM
2025-12-29,9:41:00.554628820,T,305.01,160,305.52,40,IBM
2025-12-29,9:41:01.542495509,T,305.01,160,305.52,80,IBM
2025-12-29,9:41:01.542510586,T,305.01,160,305.47,40,IBM
2025-12-29,9:41:01.542926558,T,305.01,160,305.52,80,IBM
2025-12-29,9:41:01.543307473,T,305.01,160,305.47,80,IBM
2025-12-29,9:41:01.546144236,T,305.01,160,305.44,40,IBM
2025-12-29,9:41:01.563595756,T,304.92,80,305.44,40,IBM
2025-12-29,9:41:01.778196691,T,304.92,80,305.37,80,IBM
2025-12-29,9:41:02.537754891,T,304.92,80,305.36,40,IBM
2025-12-29,9:41:03.528603969,T,304.92,80,305.37,80,IBM
2025-12-29,9:41:03.529235406,T,304.92,80,305.34,40,IBM
2025-12-29,9:41:04.474064494,T,305.11,40,305.34,40,IBM
2025-12-29,9:41:04.474064494,T,304.92,80,305.34,40,IBM
2025-12-29,9:41:04.474234976,T,304.92,80,305.4,40,IBM
2025-12-29,9:41:04.474254955,T,305.27,40,305.4,40,IBM
2025-12-29,9:41:04.474575785,T,304.92,80,305.4,40,IBM
2025-12-29,9:41:04.474615797,T,305.2,40,305.4,40,IBM
2025-12-29,9:41:04.474876486,T,305.2,40,305.36,40,IBM
2025-12-29,9:41:04.475177211,T,304.92,80,305.36,40,IBM
2025-12-29,9:41:04.475958978,T,305.2,40,305.36,40,IBM
2025-12-29,9:41:04.476049281,T,305.2,40,305.4,40,IBM
2025-12-29,9:41:04.476089333,T,305.27,40,305.4,40,IBM
2025-12-29,9:41:04.476620554,T,304.92,80,305.4,40,IBM
2025-12-29,9:41:04.476680693,T,304.92,80,305.36,40,IBM
2025-12-29,9:41:05.467574565,T,304.92,80,305.69,160,IBM
2025-12-29,9:41:05.468241075,T,304.92,80,305.35,40,IBM
2025-12-29,9:41:06.459139991,T,304.92,80,305.69,160,IBM
2025-12-29,9:41:06.459871673,T,304.92,80,305.35,40,IBM
2025-12-29,9:41:07.450875964,T,304.92,80,305.69,160,IBM
2025-12-29,9:41:07.451487452,T,304.92,80,305.32,40,IBM
2025-12-29,9:41:07.511174496,T,304.92,80,305.69,160,IBM
2025-12-29,9:41:07.511219672,T,305.15,40,305.69,160,IBM
2025-12-29,9:41:07.511264763,T,305.14,40,305.69,160,IBM
2025-12-29,9:41:07.511856182,T,305.14,40,305.33,40,IBM
2025-12-29,9:41:07.511876169,T,304.92,80,305.33,40,IBM
2025-12-29,9:41:07.511941340,T,304.92,80,305.69,160,IBM
2025-12-29,9:41:07.511956404,T,304.92,120,305.69,160,IBM
2025-12-29,9:41:07.511961440,T,305.24,40,305.69,160,IBM
2025-12-29,9:41:07.512006529,T,305.24,80,305.69,160,IBM
2025-12-29,9:41:07.512327286,T,305.24,80,305.35,40,IBM
2025-12-29,9:41:07.512347307,T,304.92,120,305.35,40,IBM
2025-12-29,9:41:07.512357337,T,304.92,80,305.35,40,IBM
2025-12-29,9:41:08.503211093,T,304.92,80,305.36,40,IBM
2025-12-29,9:41:08.503526788,T,304.92,80,305.69,160,IBM
2025-12-29,9:41:08.504012905,T,304.92,80,305.36,40,IBM
2025-12-29,9:41:08.504143286,T,304.92,80,305.36,120,IBM
2025-12-29,9:41:09.495157351,T,304.92,80,305.36,40,IBM
2025-12-29,9:41:09.495778915,T,304.92,80,305.34,40,IBM
2025-12-29,9:41:10.486788158,T,304.92,80,305.36,40,IBM
2025-12-29,9:41:10.487404714,T,304.92,80,305.32,40,IBM
2025-12-29,9:41:11.478388718,T,304.92,80,305.36,40,IBM
2025-12-29,9:41:11.479005147,T,304.92,80,305.3,40,IBM
2025-12-29,9:41:12.469994276,T,304.92,80,305.36,40,IBM
2025-12-29,9:41:12.470620763,T,304.92,80,305.28,40,IBM
2025-12-29,9:41:12.471096948,T,304.92,80,305.36,40,IBM
2025-12-29,9:41:12.471122049,T,305.16,40,305.36,40,IBM
2025-12-29,9:41:12.471412747,T,305.16,40,305.28,40,IBM
2025-12-29,9:41:12.471432755,T,305.16,40,305.69,160,IBM
2025-12-29,9:41:12.471442764,T,304.92,80,305.69,160,IBM
2025-12-29,9:41:12.471462807,T,305.15,40,305.69,160,IBM
2025-12-29,9:41:12.471558013,T,305.16,40,305.69,160,IBM
2025-12-29,9:41:12.471768546,T,305.16,40,305.29,40,IBM
2025-12-29,9:41:12.471788600,T,305.16,40,305.69,160,IBM
2025-12-29,9:41:12.472405107,T,305.16,40,305.36,40,IBM
2025-12-29,9:41:12.472440116,T,305.15,40,305.36,40,IBM
2025-12-29,9:41:12.472470197,T,305.16,40,305.36,40,IBM
2025-12-29,9:41:12.475577639,T,305.15,40,305.36,40,IBM
2025-12-29,9:41:12.479892916,T,304.92,80,305.36,40,IBM
2025-12-29,9:41:14.137158054,T,305.16,40,305.36,40,IBM
2025-12-29,9:41:14.137158054,T,304.92,80,305.36,40,IBM
2025-12-29,9:41:14.454363118,T,304.92,80,305.39,40,IBM
2025-12-29,9:41:14.454989658,T,304.92,80,305.36,40,IBM
2025-12-29,9:41:15.445888515,T,304.92,80,305.39,40,IBM
2025-12-29,9:41:15.446519994,T,304.92,80,305.36,40,IBM
2025-12-29,9:41:16.437398966,T,304.92,80,305.39,40,IBM
2025-12-29,9:41:16.438035454,T,304.92,80,305.36,40,IBM
2025-12-29,9:41:17.428919328,T,304.92,80,305.39,40,IBM
2025-12-29,9:41:17.429550828,T,304.92,80,305.36,40,IBM
2025-12-29,9:41:18.420434713,T,304.92,80,305.39,40,IBM
2025-12-29,9:41:18.421071264,T,304.92,80,305.36,40,IBM
2025-12-29,9:41:19.411950097,T,304.92,80,305.39,40,IBM
2025-12-29,9:41:19.412591667,T,304.92,80,305.36,40,IBM
2025-12-29,9:41:20.403475388,T,304.92,80,305.39,40,IBM
2025-12-29,9:41:20.404106946,T,304.92,80,305.36,40,IBM
2025-12-29,9:41:20.641296638,T,304.92,80,305.36,80,IBM
2025-12-29,9:41:20.641301597,T,304.92,80,305.35,40,IBM
2025-12-29,9:41:21.395662491,T,304.92,80,305.29,80,IBM
2025-12-29,9:41:21.678496199,T,304.92,80,305.29,40,IBM
2025-12-29,9:41:21.678496199,T,304.92,80,305.39,40,IBM
2025-12-29,9:41:21.678520885,T,305.1,40,305.39,40,IBM
2025-12-29,9:41:21.678535863,T,305.22,40,305.39,40,IBM
2025-12-29,9:41:21.680129691,T,305.22,40,305.37,40,IBM
2025-12-29,9:41:21.704582878,T,305.22,40,305.39,40,IBM
2025-12-29,9:41:21.704607908,T,305.22,80,305.39,40,IBM
2025-12-29,9:41:21.704628007,T,305.22,40,305.39,40,IBM
2025-12-29,9:41:21.704918711,T,305.22,40,305.69,160,IBM
2025-12-29,9:41:21.704978802,T,305.29,40,305.69,160,IBM
2025-12-29,9:41:24.609413194,T,305.22,40,305.69,160,IBM
2025-12-29,9:41:24.622283912,T,305.22,40,305.5,40,IBM
2025-12-29,9:41:24.627571491,T,304.92,80,305.5,40,IBM
2025-12-29,9:41:24.628328251,T,304.92,80,305.5,80,IBM
2025-12-29,9:41:24.628343368,T,304.92,80,305.58,40,IBM
2025-12-29,9:41:24.630272934,T,304.92,80,305.69,160,IBM
2025-12-29,9:41:24.639976020,T,304.92,80,305.58,40,IBM
2025-12-29,9:41:25.741733718,T,304.92,80,305.69,160,IBM
2025-12-29,9:41:25.741853946,T,304.92,120,305.69,160,IBM
2025-12-29,9:41:25.741863986,T,304.92,80,305.69,160,IBM
2025-12-29,9:41:25.742014404,T,304.92,120,305.69,160,IBM
2025-12-29,9:41:25.742019356,T,305.21,40,305.69,160,IBM
2025-12-29,9:41:25.742044423,T,305.23,40,305.69,160,IBM
2025-12-29,9:41:25.742054430,T,305.21,40,305.69,160,IBM
2025-12-29,9:41:25.742219887,T,305.23,40,305.69,160,IBM
2025-12-29,9:41:25.742254932,T,305.24,40,305.69,160,IBM
2025-12-29,9:41:25.742665869,T,305.24,40,305.5,80,IBM
2025-12-29,9:41:25.742726015,T,305.21,40,305.5,80,IBM
2025-12-29,9:41:25.750444396,T,304.96,40,305.5,80,IBM
2025-12-29,9:41:25.751075926,T,304.92,80,305.5,80,IBM
2025-12-29,9:41:26.164339611,T,304.92,120,305.5,80,IBM
2025-12-29,9:41:26.164349694,T,304.92,80,305.5,80,IBM
2025-12-29,9:41:26.164780713,T,304.92,120,305.5,80,IBM
2025-12-29,9:41:26.164805715,T,305.38,40,305.5,80,IBM
2025-12-29,9:41:26.164815793,T,305.38,40,305.5,40,IBM
2025-12-29,9:41:26.164815793,T,304.92,120,305.5,40,IBM
2025-12-29,9:41:26.173205751,T,304.92,80,305.5,40,IBM
2025-12-29,9:41:27.976433512,T,304.92,80,305.69,160,IBM
2025-12-29,9:41:27.976438507,T,304.92,120,305.69,160,IBM
2025-12-29,9:41:27.976458549,T,305.25,40,305.69,160,IBM
2025-12-29,9:41:27.977064954,T,305.25,40,306.04,40,IBM
2025-12-29,9:41:27.977075033,T,305.25,40,305.84,160,IBM
2025-12-29,9:41:27.977225424,T,305.25,40,305.66,80,IBM
2025-12-29,9:41:27.977486379,T,305.25,40,305.66,40,IBM
2025-12-29,9:41:28.011146123,T,305.02,40,305.66,40,IBM
2025-12-29,9:41:28.011166107,T,305.01,40,305.66,40,IBM
2025-12-29,9:41:28.011201183,T,305.02,40,305.66,40,IBM
2025-12-29,9:41:28.076471560,T,305.01,40,305.66,40,IBM
2025-12-29,9:41:28.218815441,T,305.03,160,305.66,40,IBM
2025-12-29,9:41:31.214567255,T,305.03,160,305.66,80,IBM
2025-12-29,9:41:31.784343688,T,305.03,160,305.46,40,IBM
2025-12-29,9:41:31.791139887,T,305.03,240,305.46,40,IBM
2025-12-29,9:41:31.834087083,T,305.03,240,305.7,200,IBM
2025-12-29,9:41:31.835690954,T,305.03,240,305.66,40,IBM
2025-12-29,9:41:31.846045541,T,305.03,240,305.46,40,IBM
2025-12-29,9:41:31.870553887,T,305.03,240,305.7,200,IBM
2025-12-29,9:41:31.948634815,T,305.23,80,305.7,200,IBM
2025-12-29,9:41:32.966959217,T,305.23,120,305.7,200,IBM
2025-12-29,9:41:32.966959217,T,305.24,40,305.7,200,IBM
2025-12-29,9:41:32.966959217,T,305.45,80,305.7,200,IBM
2025-12-29,9:41:32.967139437,T,305.46,80,305.7,200,IBM
2025-12-29,9:41:32.967655754,T,305.34,40,305.7,200,IBM
2025-12-29,9:41:32.967720828,T,305.29,40,305.7,200,IBM
2025-12-29,9:41:32.967966429,T,305.29,40,305.69,40,IBM
2025-12-29,9:41:32.968006512,T,305.03,160,305.69,40,IBM
2025-12-29,9:41:32.969831207,T,305.03,160,305.7,200,IBM
2025-12-29,9:41:32.969891060,T,305.03,160,305.69,40,IBM
2025-12-29,9:41:33.067688862,T,305.03,160,305.7,200,IBM
2025-12-29,9:41:34.572887179,T,305.03,160,305.7,280,IBM
2025-12-29,9:41:35.322165741,T,305.03,160,305.7,80,IBM
2025-12-29,9:41:36.081107498,T,305.03,160,305.7,120,IBM
2025-12-29,9:41:39.978701140,T,305.03,160,305.7,80,IBM
2025-12-29,9:41:44.160391095,T,305.03,160,305.7,120,IBM
2025-12-29,9:41:45.296966727,T,305.03,160,305.7,80,IBM
2025-12-29,9:41:45.297768684,T,305.03,160,305.68,40,IBM
2025-12-29,9:41:46.170466198,T,305.03,160,305.7,80,IBM
2025-12-29,9:41:46.289349199,T,305.03,160,305.68,40,IBM
2025-12-29,9:41:46.613420695,T,305.03,160,305.66,40,IBM
2025-12-29,9:41:46.736042590,T,305.03,160,305.68,40,IBM
2025-12-29,9:41:47.281120197,T,305.03,160,305.7,80,IBM
2025-12-29,9:41:47.281506090,T,305.03,160,305.68,40,IBM
2025-12-29,9:41:48.762145909,T,305.03,160,305.65,40,IBM
2025-12-29,9:41:48.764897453,T,305.03,160,305.64,40,IBM
2025-12-29,9:41:48.764897453,T,305.03,160,305.65,40,IBM
2025-12-29,9:41:48.765017765,T,305.03,160,305.49,40,IBM
2025-12-29,9:41:48.765027767,T,305.03,160,305.48,40,IBM
2025-12-29,9:41:48.765027767,T,305.03,160,305.49,40,IBM
2025-12-29,9:41:48.765027767,T,305.03,160,305.65,40,IBM
2025-12-29,9:41:48.765153087,T,305.03,160,305.68,40,IBM
2025-12-29,9:41:48.765308447,T,305.03,160,305.59,40,IBM
2025-12-29,9:41:48.765539043,T,305.03,160,305.59,80,IBM
2025-12-29,9:41:48.765579091,T,305.03,160,305.59,40,IBM
2025-12-29,9:41:48.765774571,T,305.03,160,305.68,40,IBM
2025-12-29,9:41:48.766165538,T,305.03,160,305.56,40,IBM
2025-12-29,9:41:48.772565708,T,304.92,80,305.56,40,IBM
2025-12-29,9:41:48.858800933,T,304.92,80,305.56,80,IBM
2025-12-29,9:41:48.858886204,T,304.92,80,305.56,40,IBM
2025-12-29,9:41:48.859262037,T,304.92,80,305.56,80,IBM
2025-12-29,9:41:48.981001870,T,304.92,80,305.56,40,IBM
2025-12-29,9:41:49.022079622,T,304.92,80,305.73,40,IBM
2025-12-29,9:41:49.022465574,T,304.92,80,305.54,40,IBM
2025-12-29,9:41:49.022886634,T,304.92,80,305.54,80,IBM
2025-12-29,9:41:49.180226090,T,304.92,80,305.54,160,IBM
2025-12-29,9:41:49.263619631,T,304.92,80,305.54,120,IBM
2025-12-29,9:41:49.263795088,T,304.92,80,305.54,80,IBM
2025-12-29,9:41:49.264176015,T,304.92,80,305.39,40,IBM
2025-12-29,9:41:49.269523650,T,304.92,80,305.38,40,IBM
2025-12-29,9:41:49.269914661,T,304.92,80,305.54,80,IBM
2025-12-29,9:41:49.270265520,T,304.92,80,305.39,40,IBM
2025-12-29,9:41:49.270275475,T,304.92,80,305.54,80,IBM
2025-12-29,9:41:49.270661383,T,304.92,80,305.38,40,IBM
2025-12-29,9:41:49.270691518,T,304.92,80,305.37,40,IBM
2025-12-29,9:41:49.271077412,T,304.92,80,305.54,80,IBM
2025-12-29,9:41:49.271428258,T,304.92,80,305.38,40,IBM
2025-12-29,9:41:49.271438292,T,304.92,80,305.54,80,IBM
2025-12-29,9:41:49.271829208,T,304.92,80,305.37,40,IBM
2025-12-29,9:41:49.271879323,T,304.92,80,305.36,40,IBM
2025-12-29,9:41:49.272265195,T,304.92,80,305.54,80,IBM
2025-12-29,9:41:49.272340409,T,304.92,80,305.38,40,IBM
2025-12-29,9:41:49.272616045,T,304.92,80,305.37,40,IBM
2025-12-29,9:41:49.272626086,T,304.92,80,305.38,40,IBM
2025-12-29,9:41:49.273007028,T,304.92,80,305.37,40,IBM
2025-12-29,9:41:49.273017055,T,304.92,80,305.38,40,IBM
2025-12-29,9:41:49.273042019,T,304.92,80,305.54,80,IBM
2025-12-29,9:41:49.273397930,T,304.92,80,305.38,40,IBM
2025-12-29,9:41:49.273758768,T,304.92,80,305.54,80,IBM
2025-12-29,9:41:49.274134709,T,304.92,80,305.39,40,IBM
2025-12-29,9:41:49.274144905,T,304.92,80,305.54,80,IBM
2025-12-29,9:41:49.274520578,T,304.92,80,305.39,40,IBM
2025-12-29,9:41:49.283907927,T,304.92,80,305.39,120,IBM
2025-12-29,9:41:50.255405663,T,304.92,80,305.39,80,IBM
2025-12-29,9:41:50.255786577,T,304.92,80,305.36,40,IBM
2025-12-29,9:41:50.349840500,T,304.92,80,305.39,120,IBM
2025-12-29,9:41:50.349865565,T,304.92,120,305.39,120,IBM
2025-12-29,9:41:50.349870593,T,305.13,40,305.39,120,IBM
2025-12-29,9:41:50.349940842,T,305.13,40,305.39,80,IBM
2025-12-29,9:41:50.349995941,T,305.14,40,305.39,80,IBM
2025-12-29,9:41:50.349995941,T,305.15,40,305.39,80,IBM
2025-12-29,9:41:50.350020993,T,305.25,40,305.39,80,IBM
2025-12-29,9:41:50.350341668,T,305.25,40,305.83,40,IBM
2025-12-29,9:41:50.350356788,T,305.25,40,305.93,40,IBM
2025-12-29,9:41:51.342157798,T,305.25,80,305.93,40,IBM
2025-12-29,9:41:51.342488583,T,305.25,80,305.73,40,IBM
2025-12-29,9:41:51.342508678,T,305.25,40,305.73,40,IBM
2025-12-29,9:41:52.624575723,T,304.92,80,305.73,40,IBM
2025-12-29,9:41:53.753458148,T,304.92,80,305.93,40,IBM
2025-12-29,9:41:53.819385031,T,304.92,80,305.85,160,IBM
2025-12-29,9:41:55.939637602,T,304.97,160,305.85,160,IBM
2025-12-29,9:42:11.403906695,T,304.97,160,305.43,40,IBM
2025-12-29,9:42:12.394765464,T,304.97,160,305.73,200,IBM
2025-12-29,9:42:13.726761505,T,304.97,160,305.43,40,IBM
2025-12-29,9:42:13.727578399,T,304.97,160,305.43,80,IBM
2025-12-29,9:42:14.379334876,T,304.97,160,305.42,40,IBM
2025-12-29,9:42:15.063974764,T,304.97,160,305.42,80,IBM
2025-12-29,9:42:15.064641364,T,304.97,160,305.37,40,IBM
2025-12-29,9:42:15.071688069,T,304.97,200,305.37,40,IBM
2025-12-29,9:42:15.157752992,T,304.97,160,305.37,40,IBM
2025-12-29,9:42:18.346473998,T,304.92,80,305.37,40,IBM
2025-12-29,9:42:18.506870803,T,304.92,80,305.26,40,IBM
2025-12-29,9:42:18.506875770,T,304.92,80,305.37,40,IBM
2025-12-29,9:42:18.506940974,T,304.92,80,305.18,40,IBM
2025-12-29,9:42:18.507913242,T,304.81,160,305.18,40,IBM
2025-12-29,9:42:18.510960511,T,304.81,160,305.37,40,IBM
2025-12-29,9:42:18.512323763,T,304.81,160,305.26,80,IBM
2025-12-29,9:42:18.550509624,T,304.81,160,305.26,120,IBM
2025-12-29,9:42:18.746310745,T,304.81,160,305.26,80,IBM
2025-12-29,9:42:19.336054613,T,304.81,160,305.17,80,IBM
2025-12-29,9:42:19.337162209,T,304.17,40,305.17,80,IBM
2025-12-29,9:42:19.337167216,T,304.65,200,305.17,80,IBM
2025-12-29,9:42:20.207900112,T,304.65,200,305.37,40,IBM
2025-12-29,9:42:20.327143968,T,304.65,240,305.37,40,IBM
2025-12-29,9:42:20.327349519,T,304.65,200,305.37,40,IBM
2025-12-29,9:42:20.432088807,T,304.65,200,305.08,40,IBM
2025-12-29,9:42:21.439587275,T,304.82,40,305.08,40,IBM
2025-12-29,9:42:21.539605366,T,304.65,200,305.08,40,IBM
2025-12-29,9:42:22.188204475,T,304.65,200,305.08,80,IBM
2025-12-29,9:42:26.431270395,T,304.65,200,305.07,40,IBM
2025-12-29,9:42:36.040165369,T,304.65,200,305.04,40,IBM
2025-12-29,9:42:39.533556575,T,304.65,200,305.04,80,IBM
2025-12-29,9:42:39.534348490,T,304.65,200,305.04,120,IBM
2025-12-29,9:42:45.542852231,T,304.65,200,305.03,40,IBM
2025-12-29,9:42:46.123294072,T,304.65,200,305.03,80,IBM
2025-12-29,9:42:51.439524683,T,304.65,200,304.97,40,IBM
2025-12-29,9:42:51.852002024,T,304.52,80,304.97,40,IBM
2025-12-29,9:42:51.852006742,T,304.53,160,304.97,40,IBM
2025-12-29,9:42:52.685095060,T,304.53,160,304.97,120,IBM
2025-12-29,9:42:55.201625729,T,304.53,200,304.97,120,IBM
2025-12-29,9:42:55.201660832,T,304.53,160,304.97,120,IBM
2025-12-29,9:42:55.258892033,T,304.78,40,304.97,120,IBM
2025-12-29,9:42:55.258967286,T,304.78,40,304.97,80,IBM
2025-12-29,9:42:55.258967286,T,304.78,40,305.03,80,IBM
2025-12-29,9:42:55.258987256,T,304.78,80,305.03,80,IBM
2025-12-29,9:42:55.259002332,T,304.79,40,305.03,80,IBM
2025-12-29,9:42:55.259052398,T,304.87,40,305.03,80,IBM
2025-12-29,9:42:55.259282974,T,304.87,40,305.03,40,IBM
2025-12-29,9:42:55.309973636,T,304.87,80,305.03,40,IBM
2025-12-29,9:42:55.355938037,T,304.87,40,305.03,40,IBM
2025-12-29,9:42:56.577711689,T,304.53,200,305.03,40,IBM
2025-12-29,9:42:59.566326143,T,304.88,40,305.03,40,IBM
2025-12-29,9:43:00.257361235,T,304.88,40,305.0,40,IBM
2025-12-29,9:43:08.247357202,T,304.53,160,305.0,40,IBM
2025-12-29,9:43:08.247437105,T,304.88,40,305.0,40,IBM
2025-12-29,9:43:08.247442118,T,304.53,200,305.0,40,IBM
2025-12-29,9:43:08.247522326,T,304.53,160,305.0,40,IBM
2025-12-29,9:43:08.247542454,T,304.88,40,305.0,40,IBM
2025-12-29,9:43:08.247547346,T,304.53,160,305.0,40,IBM
2025-12-29,9:43:08.247617576,T,304.53,160,304.95,40,IBM
2025-12-29,9:43:08.248128759,T,304.53,160,305.0,120,IBM
2025-12-29,9:43:08.253155709,T,304.53,160,304.95,40,IBM
2025-12-29,9:43:13.355317135,T,304.53,160,305.0,120,IBM
2025-12-29,9:43:13.355321915,T,304.53,200,305.0,120,IBM
2025-12-29,9:43:13.355342015,T,304.84,40,305.0,120,IBM
2025-12-29,9:43:13.355682801,T,304.84,80,305.0,120,IBM
2025-12-29,9:43:13.355762985,T,304.84,120,305.0,120,IBM
2025-12-29,9:43:13.355793058,T,304.84,120,305.0,80,IBM
2025-12-29,9:43:13.355813117,T,304.84,120,305.0,40,IBM
2025-12-29,9:43:13.356158937,T,304.84,120,305.18,40,IBM
2025-12-29,9:43:13.356414484,T,304.86,40,305.18,40,IBM
2025-12-29,9:43:13.356444530,T,304.84,80,305.18,40,IBM
2025-12-29,9:43:13.356444530,T,304.93,40,305.18,40,IBM
2025-12-29,9:43:13.356765477,T,304.84,120,305.18,40,IBM
2025-12-29,9:43:13.356785429,T,304.88,40,305.18,40,IBM
2025-12-29,9:43:13.356810414,T,304.84,80,305.18,40,IBM
2025-12-29,9:43:13.356840499,T,304.84,40,305.18,40,IBM
2025-12-29,9:43:13.372402554,T,304.74,40,305.18,40,IBM
2025-12-29,9:43:13.372507854,T,304.85,40,305.18,40,IBM
2025-12-29,9:43:13.372938878,T,304.85,40,305.28,160,IBM
2025-12-29,9:43:13.372959143,T,304.94,40,305.28,160,IBM
2025-12-29,9:43:13.373239626,T,304.8,40,305.28,160,IBM
2025-12-29,9:43:13.373324815,T,304.74,40,305.28,160,IBM
2025-12-29,9:43:13.373409956,T,304.85,40,305.28,160,IBM
2025-12-29,9:43:13.373490184,T,304.74,40,305.28,160,IBM
2025-12-29,9:43:13.373555419,T,304.85,40,305.28,160,IBM
2025-12-29,9:43:13.374156869,T,304.74,40,305.28,160,IBM
2025-12-29,9:43:13.376331916,T,304.85,40,305.28,160,IBM
2025-12-29,9:43:13.376331916,T,304.96,40,305.28,160,IBM
2025-12-29,9:43:13.377549793,T,304.98,40,305.28,160,IBM
2025-12-29,9:43:13.381564452,T,304.96,40,305.28,160,IBM
2025-12-29,9:43:13.386410920,T,304.85,40,305.28,160,IBM
2025-12-29,9:43:13.386766806,T,304.74,40,305.28,160,IBM
2025-12-29,9:43:13.406107775,T,304.98,40,305.28,160,IBM
2025-12-29,9:43:13.406308563,T,304.98,40,305.47,40,IBM
2025-12-29,9:43:13.406313339,T,304.98,40,305.4,160,IBM
2025-12-29,9:43:13.406659135,T,304.98,80,305.4,160,IBM
2025-12-29,9:43:13.450528536,T,304.99,40,305.4,160,IBM
2025-12-29,9:43:13.456963855,T,304.99,80,305.4,160,IBM
2025-12-29,9:43:13.457780787,T,304.99,40,305.4,160,IBM
2025-12-29,9:43:13.458898621,T,304.99,80,305.4,160,IBM
2025-12-29,9:43:13.465298721,T,304.99,40,305.4,160,IBM
2025-12-29,9:43:13.475969081,T,304.54,40,305.4,160,IBM
2025-12-29,9:43:13.610268806,T,304.53,160,305.4,160,IBM
2025-12-29,9:43:13.610569515,T,304.72,40,305.4,160,IBM
2025-12-29,9:43:13.793279495,T,304.53,160,305.4,160,IBM
2025-12-29,9:43:13.793480021,T,304.72,40,305.4,160,IBM
2025-12-29,9:43:13.906975237,T,304.53,160,305.4,160,IBM
2025-12-29,9:43:14.030805010,T,304.72,40,305.4,160,IBM
2025-12-29,9:43:14.030805010,T,305.0,40,305.4,160,IBM
2025-12-29,9:43:14.039230032,T,304.99,40,305.4,160,IBM
2025-12-29,9:43:14.056566372,T,304.99,40,305.36,80,IBM
2025-12-29,9:43:14.056806863,T,304.99,80,305.36,80,IBM
2025-12-29,9:43:15.432531972,T,304.99,40,305.36,80,IBM
2025-12-29,9:43:15.432542014,T,304.99,40,305.36,120,IBM
2025-12-29,9:43:15.732771750,T,304.99,40,305.36,80,IBM
2025-12-29,9:43:18.696001027,T,304.72,40,305.36,80,IBM
2025-12-29,9:43:30.955175060,T,304.67,160,305.36,80,IBM
2025-12-29,9:43:34.005792187,T,304.67,160,305.36,40,IBM
2025-12-29,9:43:34.828896741,T,304.67,160,305.36,80,IBM
2025-12-29,9:43:38.065361480,T,304.67,160,305.36,120,IBM
2025-12-29,9:43:38.065566956,T,304.67,160,305.34,40,IBM
2025-12-29,9:43:38.065637078,T,304.67,160,305.14,40,IBM
2025-12-29,9:43:38.065867597,T,304.67,200,305.14,40,IBM
2025-12-29,9:43:38.065897738,T,304.67,160,305.14,40,IBM
2025-12-29,9:43:38.066193448,T,304.67,160,305.36,80,IBM
2025-12-29,9:43:38.066499196,T,304.67,200,305.36,80,IBM
2025-12-29,9:43:38.067316104,T,304.67,40,305.36,80,IBM
2025-12-29,9:43:38.067346167,T,304.54,40,305.36,80,IBM
2025-12-29,9:43:38.067491496,T,304.54,40,305.36,40,IBM
2025-12-29,9:43:38.068178170,T,304.54,40,305.25,40,IBM
2025-12-29,9:43:38.069466241,T,304.54,40,305.4,160,IBM
2025-12-29,9:43:38.172882345,T,304.54,40,305.34,40,IBM
2025-12-29,9:43:42.198631009,T,304.52,80,305.34,40,IBM
2025-12-29,9:43:57.292152634,T,304.52,80,305.01,40,IBM
2025-12-29,9:43:57.459626389,T,304.52,80,305.01,80,IBM
2025-12-29,9:43:58.935975817,T,304.52,80,305.01,120,IBM
2025-12-29,9:43:58.936000903,T,304.52,80,305.01,80,IBM
2025-12-29,9:43:58.936005945,T,304.52,80,304.9,40,IBM
2025-12-29,9:43:58.936106154,T,304.52,80,305.0,40,IBM
2025-12-29,9:43:58.936316724,T,304.52,80,305.0,80,IBM
2025-12-29,9:43:58.936436877,T,304.52,80,304.9,40,IBM
2025-12-29,9:43:58.936802810,T,304.52,80,304.9,80,IBM
2025-12-29,9:43:58.939298699,T,304.52,80,304.9,40,IBM
2025-12-29,9:43:58.939734711,T,304.52,80,304.9,80,IBM
2025-12-29,9:43:58.939749753,T,304.52,80,304.84,40,IBM
2025-12-29,9:43:58.940391367,T,304.52,80,304.9,80,IBM
2025-12-29,9:43:58.940516637,T,304.49,160,304.9,80,IBM
2025-12-29,9:43:58.940531696,T,304.49,160,304.9,40,IBM
2025-12-29,9:43:58.941338589,T,304.49,160,304.9,160,IBM
2025-12-29,9:43:58.942406087,T,304.55,80,304.9,160,IBM
2025-12-29,9:43:58.942416191,T,304.55,80,304.9,120,IBM
2025-12-29,9:43:58.942746987,T,304.49,160,304.9,120,IBM
2025-12-29,9:43:58.947969416,T,304.49,160,304.9,160,IBM
2025-12-29,9:43:58.948390357,T,304.49,160,304.9,120,IBM
2025-12-29,9:43:58.948871455,T,304.49,160,304.89,40,IBM
2025-12-29,9:43:58.949372720,T,304.49,160,304.89,80,IBM
2025-12-29,9:43:58.953051401,T,304.49,160,304.89,40,IBM
2025-12-29,9:43:58.956299148,T,303.85,40,304.89,40,IBM
2025-12-29,9:43:58.956304171,T,304.31,160,304.89,40,IBM
2025-12-29,9:43:59.067649302,T,304.31,160,304.89,80,IBM
2025-12-29,9:43:59.196691456,T,304.31,160,304.89,40,IBM
2025-12-29,9:44:02.255413024,T,304.32,40,304.89,40,IBM
2025-12-29,9:44:02.255438101,T,304.6,40,304.89,40,IBM
2025-12-29,9:44:02.255478101,T,304.6,80,304.89,40,IBM
2025-12-29,9:44:02.255919191,T,304.6,80,305.0,40,IBM
2025-12-29,9:44:02.267667166,T,304.6,40,305.0,40,IBM
2025-12-29,9:44:02.460115238,T,304.6,40,304.96,40,IBM
2025-12-29,9:44:02.460902107,T,304.6,40,304.96,120,IBM
2025-12-29,9:44:04.761248430,T,304.44,160,304.96,120,IBM
2025-12-29,9:44:05.968552391,T,304.44,160,304.96,160,IBM
2025-12-29,9:44:08.004985349,T,304.44,160,304.94,40,IBM
2025-12-29,9:44:08.005140665,T,304.44,160,304.96,160,IBM
2025-12-29,9:44:08.005311053,T,304.44,160,304.86,40,IBM
2025-12-29,9:44:08.005842379,T,304.44,160,304.96,120,IBM
2025-12-29,9:44:08.005962676,T,304.45,40,304.96,120,IBM
2025-12-29,9:44:08.006107998,T,304.45,40,304.86,40,IBM
2025-12-29,9:44:08.006769528,T,304.44,200,304.86,40,IBM
2025-12-29,9:44:08.006899821,T,304.44,200,304.96,120,IBM
2025-12-29,9:44:08.006904944,T,304.6,40,304.96,120,IBM
2025-12-29,9:44:08.007025157,T,304.6,80,304.96,120,IBM
2025-12-29,9:44:08.007611513,T,304.6,80,304.96,40,IBM
2025-12-29,9:44:08.010754048,T,304.6,40,304.96,40,IBM
2025-12-29,9:44:08.012292690,T,304.6,40,304.86,40,IBM
2025-12-29,9:44:08.017249489,T,304.45,40,304.86,40,IBM
2025-12-29,9:44:08.105775183,T,304.44,200,304.86,40,IBM
2025-12-29,9:44:08.335622323,T,304.44,160,304.86,40,IBM
2025-12-29,9:44:28.147576738,T,304.32,40,304.86,40,IBM
2025-12-29,9:44:29.870232599,T,304.3,160,304.86,40,IBM
2025-12-29,9:44:29.870257700,T,304.3,160,304.73,40,IBM
2025-12-29,9:44:29.870298055,T,304.3,160,304.86,40,IBM
2025-12-29,9:44:29.870322812,T,304.6,40,304.86,40,IBM
2025-12-29,9:44:29.870362949,T,304.6,160,304.86,40,IBM
2025-12-29,9:44:29.870367906,T,304.6,240,304.86,40,IBM
2025-12-29,9:44:29.870387956,T,304.6,320,304.86,40,IBM
2025-12-29,9:44:29.870398002,T,304.6,320,304.74,40,IBM
2025-12-29,9:44:29.870403098,T,304.6,400,304.74,40,IBM
2025-12-29,9:44:29.870543476,T,304.6,440,304.74,40,IBM
2025-12-29,9:44:29.870588436,T,304.6,440,304.86,40,IBM
2025-12-29,9:44:29.870603464,T,304.6,360,304.86,40,IBM
2025-12-29,9:44:29.870608640,T,304.74,80,304.86,40,IBM
2025-12-29,9:44:29.870608640,T,304.74,120,304.86,40,IBM
2025-12-29,9:44:29.870633709,T,304.74,40,304.86,40,IBM
2025-12-29,9:44:29.870643605,T,304.74,400,304.86,40,IBM
2025-12-29,9:44:29.870648645,T,304.74,360,304.86,40,IBM
2025-12-29,9:44:29.870648645,T,304.74,320,304.86,40,IBM
2025-12-29,9:44:29.870653887,T,304.74,240,304.86,40,IBM
2025-12-29,9:44:29.870653887,T,304.74,360,304.86,40,IBM
2025-12-29,9:44:29.870653887,T,304.74,360,304.86,80,IBM
2025-12-29,9:44:29.870659009,T,304.74,200,304.86,80,IBM
2025-12-29,9:44:29.870659009,T,304.74,120,304.86,80,IBM
2025-12-29,9:44:29.870738941,T,304.74,80,304.86,80,IBM
2025-12-29,9:44:29.870743791,T,304.74,40,304.86,80,IBM
2025-12-29,9:44:29.870804017,T,304.33,40,304.86,80,IBM
2025-12-29,9:44:29.870829044,T,304.32,40,304.86,80,IBM
2025-12-29,9:44:29.870834012,T,304.32,40,304.74,40,IBM
2025-12-29,9:44:29.870864137,T,304.32,40,304.86,80,IBM
2025-12-29,9:44:29.870879188,T,304.32,40,304.86,120,IBM
2025-12-29,9:44:29.870889183,T,304.52,40,304.86,120,IBM
2025-12-29,9:44:29.870889183,T,304.53,40,304.86,120,IBM
2025-12-29,9:44:29.870904160,T,304.61,40,304.86,120,IBM
2025-12-29,9:44:29.870959327,T,304.63,40,304.86,120,IBM
2025-12-29,9:44:29.870974365,T,304.63,120,304.86,120,IBM
2025-12-29,9:44:29.870984384,T,304.67,80,304.86,120,IBM
2025-12-29,9:44:29.871154881,T,304.67,80,304.86,80,IBM
2025-12-29,9:44:29.871355323,T,304.67,80,304.86,40,IBM
2025-12-29,9:44:29.871645940,T,304.67,80,304.81,40,IBM
2025-12-29,9:44:29.871921657,T,304.52,40,304.81,40,IBM
2025-12-29,9:44:29.871941651,T,304.33,40,304.81,40,IBM
2025-12-29,9:44:29.875324706,T,304.32,40,304.81,40,IBM
2025-12-29,9:44:29.875389896,T,304.33,40,304.81,40,IBM
2025-12-29,9:44:29.875419893,T,304.32,40,304.81,40,IBM
2025-12-29,9:44:29.875490320,T,304.33,40,304.81,40,IBM
2025-12-29,9:44:29.875515219,T,304.32,40,304.81,40,IBM
2025-12-29,9:44:29.879990847,T,304.3,160,304.81,40,IBM
2025-12-29,9:44:29.879995958,T,304.3,40,304.81,40,IBM
2025-12-29,9:44:29.880010920,T,304.3,40,304.81,80,IBM
2025-12-29,9:44:29.880016195,T,304.3,40,304.68,40,IBM
2025-12-29,9:44:29.880030933,T,304.3,40,304.67,40,IBM
2025-12-29,9:44:29.880121144,T,304.3,40,304.62,40,IBM
2025-12-29,9:44:29.880146180,T,304.3,40,304.57,40,IBM
2025-12-29,9:44:29.880201457,T,304.3,40,304.67,40,IBM
2025-12-29,9:44:29.880256434,T,304.35,80,304.67,40,IBM
2025-12-29,9:44:29.880296563,T,304.35,80,304.68,40,IBM
2025-12-29,9:44:29.880316637,T,304.3,40,304.68,40,IBM
2025-12-29,9:44:29.880326720,T,304.3,40,304.72,40,IBM
2025-12-29,9:44:29.880326720,T,304.3,40,304.68,40,IBM
2025-12-29,9:44:29.880341725,T,304.3,40,304.62,40,IBM
2025-12-29,9:44:29.880351666,T,304.3,40,304.68,40,IBM
2025-12-29,9:44:29.880371794,T,304.3,80,304.68,40,IBM
2025-12-29,9:44:29.880381710,T,304.31,40,304.68,40,IBM
2025-12-29,9:44:29.880396776,T,304.31,40,304.62,40,IBM
2025-12-29,9:44:29.880401938,T,304.43,40,304.62,40,IBM
2025-12-29,9:44:29.880416881,T,304.3,80,304.62,40,IBM
2025-12-29,9:44:29.880431853,T,304.35,80,304.62,40,IBM
2025-12-29,9:44:29.880441902,T,304.35,80,304.68,40,IBM
2025-12-29,9:44:29.880476973,T,304.3,80,304.68,40,IBM
2025-12-29,9:44:29.880486976,T,304.3,80,304.62,40,IBM
2025-12-29,9:44:29.880522113,T,304.3,80,304.72,40,IBM
2025-12-29,9:44:29.880552481,T,304.31,40,304.72,40,IBM
2025-12-29,9:44:29.880552481,T,304.3,80,304.72,40,IBM
2025-12-29,9:44:29.880562249,T,304.31,40,304.72,40,IBM
2025-12-29,9:44:29.880657451,T,304.31,40,304.8,40,IBM
2025-12-29,9:44:29.881053415,T,304.31,40,304.85,40,IBM
2025-12-29,9:44:29.881123523,T,304.3,80,304.85,40,IBM
2025-12-29,9:44:29.881329000,T,304.31,40,304.85,40,IBM
2025-12-29,9:44:29.926556696,T,304.22,40,304.85,40,IBM
2025-12-29,9:44:29.926571667,T,304.22,40,304.67,40,IBM
2025-12-29,9:44:29.976680972,T,304.22,40,304.67,120,IBM
2025-12-29,9:44:29.976696064,T,304.22,40,304.67,160,IBM
2025-12-29,9:44:29.977197226,T,304.22,40,304.67,80,IBM
2025-12-29,9:44:29.978605580,T,304.22,40,304.67,120,IBM
2025-12-29,9:44:30.089805316,T,304.22,40,304.67,80,IBM
2025-12-29,9:44:30.121530907,T,304.22,40,304.66,40,IBM
2025-12-29,9:44:30.282589270,T,304.22,40,304.66,80,IBM
2025-12-29,9:44:30.288779036,T,304.22,40,304.66,40,IBM
2025-12-29,9:44:30.529076081,T,304.22,40,304.66,80,IBM
2025-12-29,9:44:30.529331694,T,304.22,40,304.66,40,IBM
2025-12-29,9:44:30.529366843,T,304.07,200,304.66,40,IBM
2025-12-29,9:44:30.529662452,T,304.07,200,304.56,40,IBM
2025-12-29,9:44:30.761709880,T,304.07,200,304.57,80,IBM
2025-12-29,9:44:30.765634298,T,304.07,200,304.56,40,IBM
2025-12-29,9:44:31.140185960,T,304.07,200,304.57,80,IBM
2025-12-29,9:44:31.140682146,T,304.07,200,304.56,40,IBM
2025-12-29,9:44:31.476621851,T,304.07,200,304.57,80,IBM
2025-12-29,9:44:31.476641858,T,304.07,200,304.57,40,IBM
2025-12-29,9:44:32.158825875,T,304.07,200,304.57,80,IBM
2025-12-29,9:44:32.158850860,T,304.07,200,304.57,120,IBM
2025-12-29,9:44:32.634593588,T,304.07,200,304.57,80,IBM
2025-12-29,9:44:33.891149751,T,304.07,200,304.55,40,IBM
2025-12-29,9:44:33.976302682,T,304.07,200,304.57,80,IBM
2025-12-29,9:44:33.977094385,T,304.07,200,304.55,40,IBM
2025-12-29,9:44:34.466043296,T,304.07,200,304.57,80,IBM
2025-12-29,9:44:34.466504483,T,304.07,200,304.55,40,IBM
2025-12-29,9:44:34.802389057,T,304.07,200,304.57,80,IBM
2025-12-29,9:44:34.860236805,T,304.07,200,304.55,40,IBM
2025-12-29,9:44:36.710055472,T,304.07,200,304.57,80,IBM
2025-12-29,9:44:36.710556683,T,304.07,200,304.57,120,IBM
2025-12-29,9:44:37.891432814,T,304.07,200,304.57,80,IBM
2025-12-29,9:44:37.894029020,T,304.07,200,304.55,40,IBM
2025-12-29,9:44:39.769764337,T,304.07,200,304.57,80,IBM
2025-12-29,9:44:44.266905219,T,304.07,200,304.55,40,IBM
2025-12-29,9:44:44.722058781,T,304.07,200,304.57,40,IBM
2025-12-29,9:44:44.722875724,T,304.07,200,304.56,80,IBM
2025-12-29,9:44:45.165379114,T,304.07,200,304.54,40,IBM
2025-12-29,9:44:45.338496269,T,304.07,200,304.56,80,IBM
2025-12-29,9:44:45.338967436,T,304.07,200,304.54,40,IBM
2025-12-29,9:44:45.671659407,T,304.07,200,304.56,40,IBM
2025-12-29,9:44:45.671724603,T,304.07,200,304.54,40,IBM
2025-12-29,9:44:45.672150725,T,304.07,200,304.54,80,IBM
2025-12-29,9:44:46.004582024,T,304.07,200,304.54,40,IBM
2025-12-29,9:44:46.482670157,T,303.95,40,304.54,40,IBM
2025-12-29,9:44:50.673035539,T,303.95,40,304.53,40,IBM
2025-12-29,9:44:50.673767304,T,303.95,40,304.53,80,IBM
2025-12-29,9:44:51.069469453,T,303.95,40,304.53,40,IBM
2025-12-29,9:44:51.069775170,T,303.95,40,304.52,40,IBM
2025-12-29,9:44:51.080515742,T,303.95,40,304.52,80,IBM
2025-12-29,9:44:51.397475295,T,303.95,40,304.52,40,IBM
2025-12-29,9:44:51.397525393,T,303.95,40,304.54,40,IBM
2025-12-29,9:44:51.397956388,T,303.95,40,304.51,40,IBM
2025-12-29,9:44:51.398382467,T,303.95,40,304.51,80,IBM
2025-12-29,9:44:51.747523537,T,303.95,40,304.51,40,IBM
2025-12-29,9:44:51.747548779,T,303.95,40,304.54,40,IBM
2025-12-29,9:44:51.748034799,T,303.95,40,304.5,40,IBM
2025-12-29,9:44:51.873298017,T,303.95,40,304.54,40,IBM
2025-12-29,9:44:51.873303023,T,303.95,40,304.5,40,IBM
2025-12-29,9:44:52.256289798,T,303.95,40,304.54,40,IBM
2025-12-29,9:44:52.256420072,T,303.95,40,304.51,40,IBM
2025-12-29,9:44:52.256846065,T,303.95,40,304.51,80,IBM
2025-12-29,9:44:52.415709204,T,303.95,40,304.51,40,IBM
2025-12-29,9:44:53.258390373,T,303.95,40,304.54,40,IBM
2025-12-29,9:45:01.163930265,T,303.95,40,304.51,40,IBM
2025-12-29,9:45:01.164476580,T,303.95,40,304.51,80,IBM
2025-12-29,9:45:02.887137502,T,303.95,40,304.51,40,IBM
2025-12-29,9:45:03.687903724,T,303.95,40,304.51,80,IBM
2025-12-29,9:45:05.238019074,T,303.95,40,304.43,40,IBM
2025-12-29,9:45:05.238820986,T,303.95,40,304.43,80,IBM
2025-12-29,9:45:05.238846029,T,303.95,40,304.43,160,IBM
2025-12-29,9:45:05.967129776,T,303.9,160,304.43,160,IBM
2025-12-29,9:45:06.519875517,T,303.9,160,304.43,80,IBM
2025-12-29,9:45:07.824817087,T,303.9,160,304.4,40,IBM
2025-12-29,9:45:07.824842170,T,303.9,160,304.43,80,IBM
2025-12-29,9:45:07.824847157,T,303.9,160,304.33,40,IBM
2025-12-29,9:45:07.826450958,T,303.9,160,304.33,80,IBM
2025-12-29,9:45:07.826476009,T,303.9,160,304.33,120,IBM
2025-12-29,9:45:07.828270274,T,303.9,160,304.33,80,IBM
2025-12-29,9:45:08.767260573,T,303.9,160,304.33,120,IBM
2025-12-29,9:45:08.767305791,T,303.9,160,304.23,40,IBM
2025-12-29,9:45:08.767421052,T,303.85,40,304.23,40,IBM
2025-12-29,9:45:08.768087552,T,303.85,40,304.23,80,IBM
2025-12-29,9:45:08.768102687,T,303.85,40,304.23,120,IBM
2025-12-29,9:45:09.084455738,T,303.85,40,304.23,80,IBM
2025-12-29,9:45:09.085217570,T,303.84,80,304.23,80,IBM
2025-12-29,9:45:09.085237665,T,303.84,80,304.23,120,IBM
2025-12-29,9:45:09.087046944,T,303.84,80,304.23,80,IBM
2025-12-29,9:45:10.841087646,T,303.84,80,304.23,120,IBM
2025-12-29,9:45:10.842090071,T,303.75,40,304.23,120,IBM
2025-12-29,9:45:10.845032084,T,303.75,40,304.23,80,IBM
2025-12-29,9:45:10.906563490,T,303.75,40,304.22,40,IBM
2025-12-29,9:45:10.906593594,T,303.73,200,304.22,40,IBM
2025-12-29,9:45:10.937983293,T,303.73,200,304.23,120,IBM
2025-12-29,9:45:11.650173821,T,303.73,200,304.23,80,IBM
2025-12-29,9:45:11.650244008,T,303.73,200,304.14,40,IBM
2025-12-29,9:45:11.650253947,T,303.73,200,304.14,80,IBM
2025-12-29,9:45:11.650559755,T,303.73,200,304.14,120,IBM
2025-12-29,9:45:11.650664976,T,303.73,200,304.14,160,IBM
2025-12-29,9:45:12.080177591,T,303.95,40,304.14,160,IBM
2025-12-29,9:45:12.269117303,T,303.95,40,304.14,120,IBM
2025-12-29,9:45:12.269187529,T,303.95,40,304.14,40,IBM
2025-12-29,9:45:12.269874361,T,303.95,40,304.47,40,IBM
2025-12-29,9:45:12.269874361,T,303.95,40,304.62,160,IBM
2025-12-29,9:45:12.269899159,T,304.07,40,304.62,160,IBM
2025-12-29,9:45:12.271197352,T,304.0,40,304.62,160,IBM
2025-12-29,9:45:12.271442918,T,304.0,40,304.22,80,IBM
2025-12-29,9:45:12.271668451,T,304.0,40,304.22,120,IBM
2025-12-29,9:45:12.279582250,T,303.95,40,304.22,120,IBM
2025-12-29,9:45:12.331801567,T,303.95,40,304.22,80,IBM
2025-12-29,9:45:12.525968799,T,303.95,40,304.21,80,IBM
2025-12-29,9:45:12.826474081,T,303.75,40,304.21,80,IBM
2025-12-29,9:45:13.061137755,T,303.83,40,304.21,80,IBM
2025-12-29,9:45:13.302462186,T,303.83,40,304.21,120,IBM
2025-12-29,9:45:13.302477190,T,303.83,40,304.21,80,IBM
2025-12-29,9:45:13.302527362,T,303.83,40,304.21,120,IBM
2025-12-29,9:45:13.302537296,T,303.83,40,304.21,80,IBM
2025-12-29,9:45:13.303454567,T,303.75,40,304.21,80,IBM
2025-12-29,9:45:13.414473867,T,303.95,40,304.21,80,IBM
2025-12-29,9:45:13.415230564,T,303.75,40,304.21,80,IBM
2025-12-29,9:45:13.415270732,T,303.95,40,304.21,80,IBM
2025-12-29,9:45:13.415982446,T,303.75,40,304.21,80,IBM
2025-12-29,9:45:13.416037510,T,303.95,40,304.21,80,IBM
2025-12-29,9:45:13.416749190,T,303.75,40,304.21,80,IBM
2025-12-29,9:45:13.416809346,T,303.95,40,304.21,80,IBM
2025-12-29,9:45:13.417511042,T,303.75,40,304.21,80,IBM
2025-12-29,9:45:13.417566125,T,303.95,40,304.21,80,IBM
2025-12-29,9:45:13.418272836,T,303.75,40,304.21,80,IBM
2025-12-29,9:45:13.418323022,T,303.95,40,304.21,80,IBM
2025-12-29,9:45:13.419029632,T,303.75,40,304.21,80,IBM
2025-12-29,9:45:13.884156837,T,303.75,40,304.19,40,IBM
2025-12-29,9:45:14.985593959,T,303.75,40,304.21,80,IBM
2025-12-29,9:45:16.232006084,T,303.95,40,304.21,80,IBM
2025-12-29,9:45:16.232011270,T,304.1,40,304.21,80,IBM
2025-12-29,9:45:16.232131453,T,304.1,40,304.55,40,IBM
2025-12-29,9:45:16.232146424,T,304.1,40,304.62,160,IBM
2025-12-29,9:45:16.232171561,T,304.1,80,304.62,160,IBM
2025-12-29,9:45:16.232732829,T,304.1,40,304.62,160,IBM
2025-12-29,9:45:16.232943375,T,304.1,40,304.31,40,IBM
2025-12-29,9:45:16.232963459,T,303.95,40,304.31,40,IBM
2025-12-29,9:45:16.233078709,T,303.83,40,304.31,40,IBM
2025-12-29,9:45:16.233178915,T,303.95,40,304.31,40,IBM
2025-12-29,9:45:16.233204010,T,303.95,40,304.31,80,IBM
2025-12-29,9:45:16.233384375,T,303.95,40,304.31,40,IBM
2025-12-29,9:45:16.233790581,T,303.83,40,304.31,40,IBM
2025-12-29,9:45:16.233800430,T,303.95,40,304.31,40,IBM
2025-12-29,9:45:16.233805364,T,303.83,40,304.31,40,IBM
2025-12-29,9:45:16.233815472,T,303.95,40,304.31,40,IBM
2025-12-29,9:45:16.234016186,T,303.83,40,304.31,40,IBM
2025-12-29,9:45:16.234021170,T,303.83,40,304.29,40,IBM
2025-12-29,9:45:16.234056019,T,303.83,40,304.31,40,IBM
2025-12-29,9:45:16.234061008,T,303.83,40,304.21,40,IBM
2025-12-29,9:45:16.234161308,T,303.83,40,304.31,40,IBM
2025-12-29,9:45:16.234236457,T,303.83,40,304.62,160,IBM
2025-12-29,9:45:16.234341667,T,303.83,40,304.21,40,IBM
2025-12-29,9:45:16.234406826,T,303.95,40,304.21,40,IBM
2025-12-29,9:45:16.234437127,T,303.83,40,304.21,40,IBM
2025-12-29,9:45:16.234938851,T,303.95,40,304.21,40,IBM
2025-12-29,9:45:16.238957699,T,303.83,40,304.21,40,IBM
2025-12-29,9:45:16.343145722,T,303.83,40,304.62,160,IBM
2025-12-29,9:45:16.343957577,T,303.83,40,304.29,40,IBM
2025-12-29,9:45:16.343977649,T,303.83,40,304.29,80,IBM
2025-12-29,9:45:16.552433973,T,303.83,40,304.29,40,IBM
2025-12-29,9:45:16.567148982,T,303.83,40,304.29,80,IBM
2025-12-29,9:45:17.357300120,T,303.83,40,304.29,40,IBM
2025-12-29,9:45:31.369382096,T,303.83,40,304.28,40,IBM
2025-12-29,9:45:44.668055939,T,303.83,40,304.62,160,IBM
2025-12-29,9:45:45.130947870,T,303.83,40,304.62,200,IBM
2025-12-29,9:45:45.381113417,T,303.83,40,304.33,80,IBM
2025-12-29,9:45:45.381148812,T,303.83,40,304.23,40,IBM
2025-12-29,9:45:45.381373958,T,304.11,40,304.23,40,IBM
2025-12-29,9:45:45.381519337,T,304.11,40,304.62,160,IBM
2025-12-29,9:45:45.387769381,T,303.83,40,304.62,160,IBM
2025-12-29,9:45:45.630662413,T,303.83,40,304.55,40,IBM
2025-12-29,9:45:46.659321178,T,303.83,40,304.62,160,IBM
2025-12-29,9:45:46.659401702,T,304.11,40,304.62,160,IBM
2025-12-29,9:45:46.659677033,T,304.13,40,304.62,160,IBM
2025-12-29,9:45:46.659737212,T,304.13,80,304.62,160,IBM
2025-12-29,9:45:46.659952726,T,304.13,40,304.62,160,IBM
2025-12-29,9:45:46.660514049,T,304.11,40,304.62,160,IBM
2025-12-29,9:45:46.660794689,T,304.11,40,304.38,80,IBM
2025-12-29,9:45:46.660985166,T,303.95,40,304.38,80,IBM
2025-12-29,9:45:46.662608980,T,303.95,40,304.62,160,IBM
2025-12-29,9:45:46.737231603,T,303.95,40,304.49,40,IBM
2025-12-29,9:45:46.759364374,T,303.91,40,304.49,40,IBM
2025-12-29,9:45:46.791841633,T,303.91,40,304.49,120,IBM
2025-12-29,9:45:47.387148921,T,303.91,40,304.49,200,IBM
2025-12-29,9:45:53.171273551,T,303.91,40,304.49,120,IBM
2025-12-29,9:45:56.303069027,T,303.91,40,304.38,80,IBM
2025-12-29,9:46:02.031791934,T,303.91,40,304.36,40,IBM
2025-12-29,9:46:02.440525100,T,303.91,40,304.38,80,IBM
2025-12-29,9:46:03.701847544,T,303.91,40,304.36,40,IBM
2025-12-29,9:46:03.733934003,T,303.91,40,304.38,80,IBM
2025-12-29,9:46:03.733934003,T,303.91,40,304.25,40,IBM
2025-12-29,9:46:03.734755870,T,303.91,40,304.25,120,IBM
2025-12-29,9:46:03.736094131,T,303.91,40,304.25,80,IBM
2025-12-29,9:46:04.015830109,T,303.91,40,304.25,40,IBM
2025-12-29,9:46:04.015850019,T,303.91,40,304.62,160,IBM
2025-12-29,9:46:04.015875179,T,304.1,40,304.62,160,IBM
2025-12-29,9:46:04.016411361,T,304.1,80,304.62,160,IBM
2025-12-29,9:46:04.016676988,T,304.1,40,304.62,160,IBM
2025-12-29,9:46:04.016707145,T,303.96,40,304.62,160,IBM
2025-12-29,9:46:04.016727112,T,303.95,40,304.62,160,IBM
2025-12-29,9:46:04.115928290,T,303.91,40,304.62,160,IBM
2025-12-29,9:46:14.624540201,T,304.16,40,304.62,160,IBM
2025-12-29,9:46:14.624585246,T,304.26,40,304.62,160,IBM
2025-12-29,9:46:14.625221724,T,304.26,40,304.47,40,IBM
2025-12-29,9:46:14.625242006,T,304.17,40,304.47,40,IBM
2025-12-29,9:46:14.625422251,T,304.21,40,304.47,40,IBM
2025-12-29,9:46:14.625652780,T,304.21,40,304.62,160,IBM
2025-12-29,9:46:14.625853222,T,304.17,40,304.62,160,IBM
2025-12-29,9:46:14.626058790,T,304.21,40,304.62,160,IBM
2025-12-29,9:46:14.626875627,T,304.17,40,304.62,160,IBM
2025-12-29,9:46:14.628835388,T,304.17,40,304.98,40,IBM
2025-12-29,9:46:14.628845351,T,304.17,40,304.76,160,IBM
2025-12-29,9:46:14.629436758,T,303.99,40,304.76,160,IBM
2025-12-29,9:46:14.633090497,T,303.95,40,304.76,160,IBM
2025-12-29,9:46:14.633762128,T,303.99,40,304.76,160,IBM
2025-12-29,9:46:14.660089751,T,304.17,40,304.76,160,IBM
2025-12-29,9:46:14.702941767,T,304.17,40,304.71,40,IBM
2025-12-29,9:46:14.724713628,T,303.95,40,304.71,40,IBM
2025-12-29,9:46:14.884759597,T,303.91,40,304.71,40,IBM
2025-12-29,9:46:15.035563618,T,303.91,40,304.49,40,IBM
2025-12-29,9:46:15.036606159,T,303.91,40,304.63,40,IBM
2025-12-29,9:46:15.597792152,T,303.91,40,304.45,40,IBM
2025-12-29,9:46:15.854392936,T,303.91,40,304.63,40,IBM
2025-12-29,9:46:15.864752558,T,304.15,40,304.63,40,IBM
2025-12-29,9:46:15.931541561,T,304.15,40,304.45,40,IBM
2025-12-29,9:46:16.171683336,T,303.91,40,304.45,40,IBM
2025-12-29,9:46:16.545352800,T,304.16,40,304.45,40,IBM
2025-12-29,9:46:16.676720530,T,303.91,40,304.45,40,IBM
2025-12-29,9:46:19.276835467,T,304.17,40,304.45,40,IBM
2025-12-29,9:46:19.293465045,T,303.91,40,304.45,40,IBM
2025-12-29,9:46:19.294517582,T,303.95,40,304.45,40,IBM
2025-12-29,9:46:19.946123761,T,303.95,40,304.63,40,IBM
2025-12-29,9:46:20.023713413,T,303.95,40,304.45,40,IBM
2025-12-29,9:46:20.721133661,T,303.91,40,304.45,40,IBM
2025-12-29,9:46:25.264133814,T,303.91,40,304.63,40,IBM
2025-12-29,9:46:25.341122164,T,303.91,40,304.45,40,IBM
2025-12-29,9:46:25.673904449,T,303.91,40,304.63,40,IBM
2025-12-29,9:46:25.751413907,T,303.91,40,304.45,40,IBM
2025-12-29,9:46:25.894218863,T,303.95,40,304.45,40,IBM
2025-12-29,9:46:26.139858656,T,303.91,40,304.45,40,IBM
2025-12-29,9:46:29.836924987,T,303.91,40,304.4,40,IBM
2025-12-29,9:46:29.888577753,T,303.91,40,304.4,80,IBM
2025-12-29,9:46:30.061649870,T,303.91,40,304.4,120,IBM
2025-12-29,9:46:30.227955756,T,303.91,40,304.4,80,IBM
2025-12-29,9:46:43.654038030,T,303.91,40,304.4,40,IBM
2025-12-29,9:46:43.654048012,T,303.91,40,304.71,40,IBM
2025-12-29,9:46:44.384261326,T,303.95,40,304.71,40,IBM
2025-12-29,9:46:44.491987680,T,303.95,40,304.76,160,IBM
2025-12-29,9:46:44.492017828,T,303.91,40,304.76,160,IBM
2025-12-29,9:46:44.569136328,T,303.91,40,304.71,40,IBM
2025-12-29,9:46:44.569181480,T,303.95,40,304.71,40,IBM
2025-12-29,9:46:44.570374369,T,303.95,40,304.76,160,IBM
2025-12-29,9:46:44.570409356,T,303.91,40,304.76,160,IBM
2025-12-29,9:46:44.883534782,T,304.18,40,304.76,160,IBM
2025-12-29,9:46:44.883569873,T,304.18,80,304.76,160,IBM
2025-12-29,9:46:44.884341683,T,304.18,80,304.67,40,IBM
2025-12-29,9:46:45.309654165,T,304.18,80,304.4,80,IBM
2025-12-29,9:46:45.334207630,T,304.18,120,304.4,80,IBM
2025-12-29,9:46:45.459761590,T,304.18,80,304.4,80,IBM
2025-12-29,9:46:45.459761590,T,304.18,40,304.4,80,IBM
2025-12-29,9:46:47.269509769,T,304.18,80,304.4,80,IBM
2025-12-29,9:46:47.269514763,T,304.27,40,304.4,80,IBM
2025-12-29,9:46:47.270026046,T,304.27,40,304.4,40,IBM
2025-12-29,9:46:47.270036099,T,304.27,40,304.76,160,IBM
2025-12-29,9:46:47.274090673,T,304.27,80,304.76,160,IBM
2025-12-29,9:46:47.274576840,T,304.29,40,304.76,160,IBM
2025-12-29,9:46:47.278766879,T,304.27,80,304.76,160,IBM
2025-12-29,9:46:47.278786949,T,304.27,40,304.76,160,IBM
2025-12-29,9:46:47.295180863,T,303.99,40,304.76,160,IBM
2025-12-29,9:46:47.295652081,T,304.27,40,304.76,160,IBM
2025-12-29,9:46:47.331622620,T,304.27,80,304.76,160,IBM
2025-12-29,9:46:47.484291152,T,304.27,40,304.76,160,IBM
2025-12-29,9:46:48.221335697,T,303.95,40,304.76,160,IBM
2025-12-29,9:46:48.406411313,T,304.28,40,304.76,160,IBM
2025-12-29,9:46:48.689490168,T,303.95,40,304.76,160,IBM
2025-12-29,9:46:52.039019094,T,304.36,40,304.76,160,IBM
2025-12-29,9:46:52.039816010,T,304.36,40,304.6,40,IBM
2025-12-29,9:46:52.039836116,T,303.95,40,304.6,40,IBM
2025-12-29,9:46:52.039991466,T,304.36,40,304.6,40,IBM
2025-12-29,9:46:52.043379514,T,303.95,40,304.6,40,IBM
2025-12-29,9:47:00.297058191,T,303.97,80,304.6,40,IBM
2025-12-29,9:47:10.274109463,T,304.02,160,304.6,40,IBM
2025-12-29,9:47:15.756921878,T,304.02,160,304.54,40,IBM
2025-12-29,9:47:15.757718703,T,304.02,160,304.54,80,IBM
2025-12-29,9:47:25.234594451,T,304.02,160,304.54,40,IBM
2025-12-29,9:47:29.103068667,T,304.02,160,304.76,160,IBM
2025-12-29,9:47:29.103083667,T,304.37,40,304.76,160,IBM
2025-12-29,9:47:29.103093711,T,304.45,40,304.76,160,IBM
2025-12-29,9:47:29.103108711,T,304.45,80,304.76,160,IBM
2025-12-29,9:47:29.103259055,T,304.45,40,304.76,160,IBM
2025-12-29,9:47:29.103399414,T,304.45,40,305.07,40,IBM
2025-12-29,9:47:29.103404465,T,304.45,40,304.91,160,IBM
2025-12-29,9:47:29.103875594,T,304.45,40,304.89,40,IBM
2025-12-29,9:47:29.103900607,T,304.45,40,304.91,160,IBM
2025-12-29,9:47:29.103920691,T,304.37,40,304.91,160,IBM
2025-12-29,9:47:29.178397984,T,304.36,40,304.91,160,IBM
2025-12-29,9:47:29.210424232,T,304.02,160,304.91,160,IBM
2025-12-29,9:47:29.234075500,T,303.99,40,304.91,160,IBM
2025-12-29,9:47:29.234075500,T,304.14,160,304.91,160,IBM
2025-12-29,9:47:29.799286138,T,304.41,40,304.91,160,IBM
2025-12-29,9:47:29.799491535,T,304.41,80,304.91,160,IBM
2025-12-29,9:47:30.103234657,T,304.41,40,304.91,160,IBM
2025-12-29,9:47:30.128299282,T,304.41,40,304.75,40,IBM
2025-12-29,9:47:32.810474682,T,304.41,80,304.75,40,IBM
2025-12-29,9:47:33.217694026,T,304.41,120,304.75,40,IBM
2025-12-29,9:47:33.518981433,T,304.41,80,304.75,40,IBM
2025-12-29,9:47:33.518981433,T,304.41,40,304.75,40,IBM
2025-12-29,9:47:33.518996309,T,304.14,160,304.75,40,IBM
2025-12-29,9:47:33.908072588,T,304.43,40,304.75,40,IBM
2025-12-29,9:47:33.910553424,T,304.43,80,304.75,40,IBM
2025-12-29,9:47:34.555779421,T,304.43,40,304.75,40,IBM
2025-12-29,9:47:34.692715410,T,304.14,160,304.75,40,IBM
2025-12-29,9:47:34.694509682,T,304.36,40,304.75,40,IBM
2025-12-29,9:47:34.908338633,T,304.14,160,304.75,40,IBM
2025-12-29,9:47:34.919124376,T,304.45,40,304.75,40,IBM
2025-12-29,9:47:35.604811695,T,304.45,80,304.75,40,IBM
2025-12-29,9:47:35.604846873,T,304.45,80,304.89,40,IBM
2025-12-29,9:47:35.604871871,T,304.56,40,304.89,40,IBM
2025-12-29,9:47:35.605162592,T,304.58,40,304.89,40,IBM
2025-12-29,9:47:35.605232793,T,304.58,40,304.91,160,IBM
2025-12-29,9:47:35.605473324,T,304.58,80,304.91,160,IBM
2025-12-29,9:47:35.605513400,T,304.59,40,304.91,160,IBM
2025-12-29,9:47:35.605799091,T,304.59,40,305.09,40,IBM
2025-12-29,9:47:35.605804141,T,304.59,40,305.07,160,IBM
2025-12-29,9:47:35.605809112,T,304.58,80,305.07,160,IBM
2025-12-29,9:47:35.605809112,T,304.66,40,305.07,160,IBM
2025-12-29,9:47:35.607016998,T,304.58,80,305.07,160,IBM
2025-12-29,9:47:35.607047051,T,304.58,40,305.07,160,IBM
2025-12-29,9:47:35.607267602,T,304.66,40,305.07,160,IBM
2025-12-29,9:47:35.607758748,T,304.66,40,305.07,200,IBM
2025-12-29,9:47:35.615692638,T,304.36,40,305.07,200,IBM
2025-12-29,9:47:35.615732755,T,304.36,40,304.92,80,IBM
2025-12-29,9:47:35.616529587,T,304.36,40,304.92,160,IBM
2025-12-29,9:47:35.625250377,T,304.36,40,304.84,40,IBM
2025-12-29,9:47:35.625265432,T,304.39,40,304.84,40,IBM
2025-12-29,9:47:35.625275426,T,304.39,40,304.92,200,IBM
2025-12-29,9:47:35.625310551,T,304.39,40,304.92,160,IBM
2025-12-29,9:47:35.625330545,T,304.36,40,304.92,160,IBM
2025-12-29,9:47:35.625656300,T,304.46,40,304.92,160,IBM
2025-12-29,9:47:35.631660633,T,304.46,40,304.92,120,IBM
2025-12-29,9:47:35.658524644,T,304.36,40,304.92,120,IBM
2025-12-29,9:47:35.705015331,T,304.28,40,304.92,120,IBM
2025-12-29,9:47:35.705045309,T,304.28,40,304.76,40,IBM
2025-12-29,9:47:35.727518852,T,304.28,40,304.76,80,IBM
2025-12-29,9:47:35.916298304,T,304.28,40,304.76,40,IBM
2025-12-29,9:47:37.962960504,T,304.51,40,304.76,40,IBM
2025-12-29,9:47:37.963381569,T,304.51,80,304.76,40,IBM
2025-12-29,9:47:39.000676141,T,304.51,40,304.76,40,IBM
2025-12-29,9:47:39.891416607,T,304.28,40,304.76,40,IBM
2025-12-29,9:47:39.895706803,T,304.52,40,304.76,40,IBM
2025-12-29,9:47:39.896127816,T,304.52,80,304.76,40,IBM
2025-12-29,9:47:40.850815497,T,304.52,40,304.76,40,IBM
2025-12-29,9:47:44.153668228,T,304.52,40,304.92,80,IBM
2025-12-29,9:47:44.153693300,T,304.64,40,304.92,80,IBM
2025-12-29,9:47:44.153738448,T,304.64,80,304.92,80,IBM
2025-12-29,9:47:44.154119294,T,304.64,120,304.92,80,IBM
2025-12-29,9:47:44.154164454,T,304.64,120,305.07,160,IBM
2025-12-29,9:47:44.164353696,T,304.64,160,305.07,160,IBM
2025-12-29,9:47:44.254067213,T,304.64,120,305.07,160,IBM
2025-12-29,9:47:45.658535682,T,304.64,80,305.07,160,IBM
2025-12-29,9:47:46.604858670,T,304.64,40,305.07,160,IBM
2025-12-29,9:47:46.604868688,T,304.35,160,305.07,160,IBM
2025-12-29,9:47:48.458776995,T,304.39,40,305.07,160,IBM
2025-12-29,9:47:48.929833407,T,304.35,160,305.07,160,IBM
2025-12-29,9:47:48.929918546,T,304.65,40,305.07,160,IBM
2025-12-29,9:47:48.930339525,T,304.65,80,305.07,160,IBM
2025-12-29,9:47:49.635222597,T,304.65,40,305.07,160,IBM
2025-12-29,9:47:49.836105915,T,304.35,160,305.07,160,IBM
2025-12-29,9:48:02.888949655,T,304.35,160,304.93,40,IBM
2025-12-29,9:48:02.888954589,T,304.35,160,304.79,40,IBM
2025-12-29,9:48:02.888974718,T,304.35,160,304.79,80,IBM
2025-12-29,9:48:02.889195190,T,304.35,160,304.76,40,IBM
2025-12-29,9:48:02.889626229,T,304.35,160,304.75,40,IBM
2025-12-29,9:48:02.891731255,T,304.35,160,304.62,40,IBM
2025-12-29,9:48:02.891751222,T,304.28,40,304.62,40,IBM
2025-12-29,9:48:03.225210102,T,304.28,40,304.62,80,IBM
2025-12-29,9:48:03.225520811,T,304.28,40,304.62,40,IBM
2025-12-29,9:48:03.225555925,T,304.36,40,304.62,40,IBM
2025-12-29,9:48:03.225711297,T,304.36,40,304.55,40,IBM
2025-12-29,9:48:03.262163082,T,304.05,160,304.55,40,IBM
2025-12-29,9:48:03.271735881,T,304.32,40,304.55,40,IBM
2025-12-29,9:48:03.399234339,T,304.05,160,304.55,40,IBM
2025-12-29,9:48:03.465281592,T,304.27,40,304.55,40,IBM
2025-12-29,9:48:03.615795013,T,304.05,160,304.55,40,IBM
2025-12-29,9:48:04.021029671,T,304.28,40,304.55,40,IBM
2025-12-29,9:48:04.423643091,T,304.05,160,304.55,40,IBM
2025-12-29,9:48:04.602122959,T,304.28,40,304.55,40,IBM
2025-12-29,9:48:07.901432365,T,304.28,40,304.75,40,IBM
2025-12-29,9:48:09.213445690,T,304.28,40,304.65,40,IBM
2025-12-29,9:48:11.186908793,T,304.34,40,304.65,40,IBM
2025-12-29,9:48:11.479871155,T,304.05,160,304.65,40,IBM
2025-12-29,9:48:19.689710437,T,304.05,160,304.54,40,IBM
2025-12-29,9:48:19.690507377,T,304.05,160,304.54,80,IBM
2025-12-29,9:48:19.693218806,T,304.05,160,304.54,40,IBM
2025-12-29,9:48:19.693218806,T,304.05,160,304.48,40,IBM
2025-12-29,9:48:19.697213348,T,304.05,160,304.54,40,IBM
2025-12-29,9:48:19.699197987,T,304.05,160,304.49,40,IBM
2025-12-29,9:48:19.703408062,T,304.05,160,304.54,40,IBM
2025-12-29,9:48:24.858179541,T,304.05,160,304.54,80,IBM
2025-12-29,9:48:24.858179541,T,304.05,160,304.53,40,IBM
2025-12-29,9:48:24.858189574,T,304.05,160,304.46,40,IBM
2025-12-29,9:48:24.858214626,T,304.05,160,304.53,40,IBM
2025-12-29,9:48:24.858219685,T,304.05,160,304.41,40,IBM
2025-12-29,9:48:24.862509877,T,303.97,80,304.41,40,IBM
2025-12-29,9:48:24.902369695,T,304.0,80,304.41,40,IBM
2025-12-29,9:48:24.902850871,T,304.0,120,304.41,40,IBM
2025-12-29,9:48:25.402811173,T,304.02,80,304.41,40,IBM
2025-12-29,9:48:27.871162206,T,303.97,80,304.41,40,IBM
2025-12-29,9:48:29.071254120,T,303.97,80,304.46,40,IBM
2025-12-29,9:48:33.693277387,T,303.95,40,304.46,40,IBM
2025-12-29,9:48:33.693307483,T,303.91,80,304.46,40,IBM
2025-12-29,9:48:33.693768594,T,303.95,40,304.46,40,IBM
2025-12-29,9:48:33.795615955,T,303.91,80,304.46,40,IBM
2025-12-29,9:48:33.796067114,T,303.95,40,304.46,40,IBM
2025-12-29,9:48:34.611693905,T,303.91,80,304.46,40,IBM
2025-12-29,9:48:34.872194021,T,303.91,40,304.46,40,IBM
2025-12-29,9:48:37.586094661,T,303.92,40,304.46,40,IBM
2025-12-29,9:48:39.697841853,T,303.92,40,304.46,80,IBM
2025-12-29,9:48:50.239797886,T,303.92,40,304.46,40,IBM
