DATE,TIME_M,EX,BID,BIDSIZ,ASK,ASKSIZ,SYM_ROOT
2025-11-03,9:30:01.279390199,T,307.72,240,309.0,40,IBM
2025-11-03,9:30:01.286386882,T,307.72,240,308.78,40,IBM
2025-11-03,9:30:01.286687615,T,307.72,240,309.0,40,IBM
2025-11-03,9:30:01.927718665,T,307.72,200,309.0,40,IBM
2025-11-03,9:30:01.927743707,T,307.72,240,309.0,40,IBM
2025-11-03,9:30:02.263483023,T,307.72,200,309.0,40,IBM
2025-11-03,9:30:02.263503123,T,307.72,200,308.57,80,IBM
2025-11-03,9:30:02.263513128,T,307.72,200,308.27,40,IBM
2025-11-03,9:30:02.263858892,T,307.72,200,308.27,80,IBM
2025-11-03,9:30:02.264079468,T,307.72,160,308.27,80,IBM
2025-11-03,9:30:02.264154629,T,307.61,40,308.27,80,IBM
2025-11-03,9:30:02.264179654,T,307.61,40,307.74,80,IBM
2025-11-03,9:30:02.264776068,T,307.61,40,308.27,80,IBM
2025-11-03,9:30:02.264796293,T,307.61,40,308.57,120,IBM
2025-11-03,9:30:02.268384759,T,307.61,40,308.57,80,IBM
2025-11-03,9:30:02.283500811,T,307.61,40,309.0,40,IBM
2025-11-03,9:30:02.544406855,T,307.43,40,309.0,40,IBM
2025-11-03,9:30:02.724360199,T,307.45,40,309.0,40,IBM
2025-11-03,9:30:03.100751219,T,307.51,40,309.0,40,IBM
2025-11-03,9:30:03.337379416,T,307.65,40,309.0,40,IBM
2025-11-03,9:30:03.337920743,T,307.65,40,308.78,80,IBM
2025-11-03,9:30:03.714943230,T,307.51,40,308.78,80,IBM
2025-11-03,9:30:04.361948500,T,307.65,40,308.78,80,IBM
2025-11-03,9:30:04.364434333,T,307.51,40,308.78,80,IBM
2025-11-03,9:30:05.108826488,T,307.65,40,308.78,80,IBM
2025-11-03,9:30:05.266561912,T,307.51,40,308.78,80,IBM
2025-11-03,9:30:05.287586957,T,307.65,40,308.78,80,IBM
2025-11-03,9:30:05.307288948,T,307.51,40,308.78,80,IBM
2025-11-03,9:30:05.325412078,T,307.65,40,308.78,80,IBM
2025-11-03,9:30:05.612365184,T,307.51,40,308.78,80,IBM
2025-11-03,9:30:05.613638236,T,307.65,40,308.78,80,IBM
2025-11-03,9:30:05.653899063,T,307.51,40,308.78,80,IBM
2025-11-03,9:30:05.718337662,T,307.61,40,308.78,80,IBM
2025-11-03,9:30:05.803384921,T,307.61,40,309.0,40,IBM
2025-11-03,9:30:05.803409959,T,307.61,40,308.0,80,IBM
2025-11-03,9:30:08.104061916,T,307.51,40,308.0,80,IBM
2025-11-03,9:30:08.104076945,T,307.51,40,309.0,40,IBM
2025-11-03,9:30:08.104101980,T,307.51,40,307.65,80,IBM
2025-11-03,9:30:08.104132937,T,307.51,40,307.65,40,IBM
2025-11-03,9:30:08.104132937,T,307.51,40,309.0,40,IBM
2025-11-03,9:30:11.389793846,T,307.51,40,308.78,40,IBM
2025-11-03,9:30:11.390931588,T,307.51,40,307.83,40,IBM
2025-11-03,9:30:11.390936585,T,305.87,40,307.83,40,IBM
2025-11-03,9:30:11.390946545,T,307.51,40,307.83,40,IBM
2025-11-03,9:30:11.390956585,T,305.87,40,307.83,40,IBM
2025-11-03,9:30:11.390966672,T,305.87,40,308.78,40,IBM
2025-11-03,9:30:11.392871187,T,305.75,40,308.78,40,IBM
2025-11-03,9:30:11.393146802,T,305.0,160,308.78,40,IBM
2025-11-03,9:30:11.393592918,T,305.0,160,308.05,40,IBM
2025-11-03,9:30:11.393622962,T,305.0,160,307.69,40,IBM
2025-11-03,9:30:11.394500062,T,305.0,160,308.05,80,IBM
2025-11-03,9:30:11.394725564,T,305.0,160,308.05,120,IBM
2025-11-03,9:30:11.404293461,T,305.0,160,308.05,80,IBM
2025-11-03,9:30:11.404308442,T,305.0,160,308.05,40,IBM
2025-11-03,9:30:11.404734386,T,305.0,160,308.05,80,IBM
2025-11-03,9:30:11.412989074,T,307.31,40,308.05,80,IBM
2025-11-03,9:30:11.420787643,T,307.31,40,308.05,40,IBM
2025-11-03,9:30:11.566559689,T,305.0,160,308.05,40,IBM
2025-11-03,9:30:11.566780216,T,305.0,160,308.78,40,IBM
2025-11-03,9:30:11.568674639,T,305.0,200,308.78,40,IBM
2025-11-03,9:30:12.275933317,T,307.32,40,308.78,40,IBM
2025-11-03,9:30:12.915125002,T,305.0,200,308.78,40,IBM
2025-11-03,9:30:12.921249655,T,307.33,40,308.78,40,IBM
2025-11-03,9:30:13.358189898,T,307.33,40,308.84,40,IBM
2025-11-03,9:30:13.878022376,T,307.33,40,308.78,40,IBM
2025-11-03,9:30:13.878052454,T,305.0,200,308.78,40,IBM
2025-11-03,9:30:14.324119340,T,307.34,40,308.78,40,IBM
2025-11-03,9:30:14.537371923,T,305.0,200,308.78,40,IBM
2025-11-03,9:30:14.537888220,T,306.38,40,308.78,40,IBM
2025-11-03,9:30:14.579326866,T,307.36,40,308.78,40,IBM
2025-11-03,9:30:14.579381970,T,307.49,40,308.78,40,IBM
2025-11-03,9:30:14.579427064,T,307.36,40,308.78,40,IBM
2025-11-03,9:30:14.579427064,T,307.69,40,308.78,40,IBM
2025-11-03,9:30:14.579587492,T,307.36,40,308.78,40,IBM
2025-11-03,9:30:14.579587492,T,307.87,40,308.78,40,IBM
2025-11-03,9:30:14.580855457,T,307.87,40,308.21,80,IBM
2025-11-03,9:30:14.581000848,T,307.87,40,308.21,160,IBM
2025-11-03,9:30:14.581025838,T,307.36,80,308.21,160,IBM
2025-11-03,9:30:14.584484116,T,307.36,40,308.21,160,IBM
2025-11-03,9:30:14.592027111,T,307.7,40,308.21,160,IBM
2025-11-03,9:30:14.629892254,T,306.0,40,308.21,160,IBM
2025-11-03,9:30:14.629942287,T,307.34,40,308.21,160,IBM
2025-11-03,9:30:14.745251826,T,306.0,40,308.21,160,IBM
2025-11-03,9:30:14.745487417,T,307.31,40,308.21,160,IBM
2025-11-03,9:30:14.745527441,T,307.31,40,308.21,200,IBM
2025-11-03,9:30:14.746675161,T,307.31,40,308.21,240,IBM
2025-11-03,9:30:14.746720342,T,306.0,40,308.21,240,IBM
2025-11-03,9:30:15.048353381,T,306.0,40,308.21,200,IBM
2025-11-03,9:30:16.257055772,T,306.17,40,308.21,200,IBM
2025-11-03,9:30:16.268808759,T,306.36,40,308.21,200,IBM
2025-11-03,9:30:16.282320875,T,306.38,40,308.21,200,IBM
2025-11-03,9:30:17.975807394,T,307.32,40,308.21,200,IBM
2025-11-03,9:30:18.505217681,T,306.5,40,308.21,200,IBM
2025-11-03,9:30:18.505287922,T,307.32,40,308.21,200,IBM
2025-11-03,9:30:18.745775417,T,307.33,40,308.21,200,IBM
2025-11-03,9:30:18.746737727,T,307.33,80,308.21,200,IBM
2025-11-03,9:30:19.262881355,T,307.33,40,308.21,200,IBM
2025-11-03,9:30:19.262961570,T,307.34,40,308.21,200,IBM
2025-11-03,9:30:19.263928875,T,307.34,80,308.21,200,IBM
2025-11-03,9:30:19.807573126,T,307.34,40,308.21,200,IBM
2025-11-03,9:30:20.034989431,T,307.35,40,308.21,200,IBM
2025-11-03,9:30:20.035505633,T,307.35,80,308.21,200,IBM
2025-11-03,9:30:20.221553639,T,307.35,40,308.21,200,IBM
2025-11-03,9:30:20.417926105,T,307.36,40,308.21,200,IBM
2025-11-03,9:30:20.418427338,T,307.36,80,308.21,200,IBM
2025-11-03,9:30:21.304291101,T,307.36,40,308.21,200,IBM
2025-11-03,9:30:21.304566842,T,307.37,40,308.21,200,IBM
2025-11-03,9:30:21.305068045,T,307.37,80,308.21,200,IBM
2025-11-03,9:30:21.660689548,T,307.37,40,308.21,200,IBM
2025-11-03,9:30:21.660764801,T,307.38,40,308.21,200,IBM
2025-11-03,9:30:21.661727064,T,307.38,80,308.21,200,IBM
2025-11-03,9:30:21.777958947,T,307.38,40,308.21,200,IBM
2025-11-03,9:30:21.778033946,T,307.39,40,308.21,200,IBM
2025-11-03,9:30:21.779021319,T,307.39,80,308.21,200,IBM
2025-11-03,9:30:22.753350743,T,307.39,40,308.21,200,IBM
2025-11-03,9:30:22.978030674,T,307.4,40,308.21,200,IBM
2025-11-03,9:30:22.978491781,T,307.4,80,308.21,200,IBM
2025-11-03,9:30:26.018072587,T,307.4,80,308.21,160,IBM
2025-11-03,9:30:26.018097959,T,307.4,80,308.21,120,IBM
2025-11-03,9:30:26.018097959,T,307.4,80,308.41,40,IBM
2025-11-03,9:30:26.018097959,T,307.4,80,308.61,40,IBM
2025-11-03,9:30:26.018112766,T,307.57,80,308.61,40,IBM
2025-11-03,9:30:26.018117751,T,308.2,80,308.61,40,IBM
2025-11-03,9:30:26.018147948,T,307.57,120,308.61,40,IBM
2025-11-03,9:30:26.018167815,T,307.57,80,308.61,40,IBM
2025-11-03,9:30:26.018218088,T,307.57,120,308.61,40,IBM
2025-11-03,9:30:26.018228014,T,307.57,80,308.61,40,IBM
2025-11-03,9:30:26.018258061,T,307.57,120,308.61,40,IBM
2025-11-03,9:30:26.018338224,T,307.57,160,308.61,40,IBM
2025-11-03,9:30:26.018433417,T,307.57,120,308.61,40,IBM
2025-11-03,9:30:26.018448920,T,307.57,160,308.61,40,IBM
2025-11-03,9:30:26.018478637,T,307.57,120,308.61,40,IBM
2025-11-03,9:30:26.018523736,T,308.0,40,308.61,40,IBM
2025-11-03,9:30:26.018648938,T,308.0,40,308.21,240,IBM
2025-11-03,9:30:26.018664072,T,308.0,40,308.21,40,IBM
2025-11-03,9:30:26.018679094,T,308.0,40,308.61,40,IBM
2025-11-03,9:30:26.018999818,T,308.0,40,308.78,40,IBM
2025-11-03,9:30:26.019260470,T,308.0,40,308.61,160,IBM
2025-11-03,9:30:26.019596213,T,308.0,80,308.61,160,IBM
2025-11-03,9:30:26.019651673,T,308.0,40,308.61,160,IBM
2025-11-03,9:30:26.019651673,T,308.22,40,308.61,160,IBM
2025-11-03,9:30:26.020232808,T,308.0,40,308.61,160,IBM
2025-11-03,9:30:26.021225184,T,308.0,40,308.78,40,IBM
2025-11-03,9:30:26.021250327,T,308.0,40,308.41,160,IBM
2025-11-03,9:30:26.021480748,T,308.0,40,308.41,120,IBM
2025-11-03,9:30:26.038310821,T,307.61,80,308.41,120,IBM
2025-11-03,9:30:26.038385956,T,307.61,80,308.78,40,IBM
2025-11-03,9:30:26.038395989,T,307.41,120,308.78,40,IBM
2025-11-03,9:30:26.038411113,T,307.41,120,308.19,120,IBM
2025-11-03,9:30:26.043107229,T,307.62,40,308.19,120,IBM
2025-11-03,9:30:26.043317749,T,307.62,80,308.19,120,IBM
2025-11-03,9:30:26.043332728,T,307.62,120,308.19,120,IBM
2025-11-03,9:30:26.156236472,T,307.62,80,308.19,120,IBM
2025-11-03,9:30:26.156266605,T,307.62,40,308.19,120,IBM
2025-11-03,9:30:26.418801612,T,307.63,40,308.19,120,IBM
2025-11-03,9:30:26.419027144,T,307.63,80,308.19,120,IBM
2025-11-03,9:30:26.419237582,T,307.63,120,308.19,120,IBM
2025-11-03,9:30:26.591257131,T,307.63,80,308.19,120,IBM
2025-11-03,9:30:26.591482614,T,307.63,40,308.19,120,IBM
2025-11-03,9:30:26.777776145,T,307.64,40,308.19,120,IBM
2025-11-03,9:30:26.778282389,T,307.64,80,308.19,120,IBM
2025-11-03,9:30:26.986137165,T,307.64,40,308.19,120,IBM
2025-11-03,9:30:26.993183997,T,307.65,40,308.19,120,IBM
2025-11-03,9:30:26.993685202,T,307.65,80,308.19,120,IBM
2025-11-03,9:30:27.419398638,T,307.65,40,308.19,120,IBM
2025-11-03,9:30:27.476274177,T,307.66,40,308.19,120,IBM
2025-11-03,9:30:27.476785287,T,307.66,80,308.19,120,IBM
2025-11-03,9:30:28.165980961,T,307.66,40,308.19,120,IBM
2025-11-03,9:30:28.175383292,T,307.67,40,308.19,120,IBM
2025-11-03,9:30:28.176350555,T,307.67,80,308.19,120,IBM
2025-11-03,9:30:28.708156554,T,307.67,40,308.19,120,IBM
2025-11-03,9:30:34.805246151,T,307.11,40,308.19,120,IBM
2025-11-03,9:30:35.916381267,T,307.11,40,308.19,160,IBM
2025-11-03,9:30:35.916506498,T,307.0,80,308.19,160,IBM
2025-11-03,9:30:35.917288343,T,307.0,40,308.19,160,IBM
2025-11-03,9:30:35.931391964,T,307.0,40,308.19,120,IBM
2025-11-03,9:30:38.566780737,T,307.53,40,308.19,120,IBM
2025-11-03,9:30:39.526680859,T,307.0,40,308.19,120,IBM
2025-11-03,9:30:39.905828436,T,307.54,40,308.19,120,IBM
2025-11-03,9:30:40.801104639,T,307.0,80,308.19,120,IBM
2025-11-03,9:30:41.507576446,T,307.0,80,308.19,400,IBM
2025-11-03,9:30:56.187493002,T,307.53,40,308.19,400,IBM
2025-11-03,9:31:00.370250447,T,307.53,40,308.19,120,IBM
2025-11-03,9:31:01.140278597,T,307.53,40,308.19,320,IBM
2025-11-03,9:31:01.268343594,T,307.35,40,308.19,320,IBM
2025-11-03,9:31:02.911715722,T,307.35,40,308.19,200,IBM
2025-11-03,9:31:02.911740764,T,307.35,40,308.03,120,IBM
2025-11-03,9:31:03.606745151,T,307.53,40,308.03,120,IBM
2025-11-03,9:31:03.933357712,T,307.53,80,308.03,120,IBM
2025-11-03,9:31:04.824654422,T,307.53,80,308.03,160,IBM
2025-11-03,9:31:06.351885098,T,307.53,80,308.03,40,IBM
2025-11-03,9:31:06.351885098,T,307.53,80,308.51,160,IBM
2025-11-03,9:31:06.351885098,T,307.61,40,308.51,160,IBM
2025-11-03,9:31:06.351955268,T,307.61,80,308.51,160,IBM
2025-11-03,9:31:06.351965562,T,307.61,40,308.51,160,IBM
2025-11-03,9:31:06.351970371,T,307.78,40,308.51,160,IBM
2025-11-03,9:31:06.352531713,T,307.78,40,308.51,200,IBM
2025-11-03,9:31:06.352767237,T,307.78,40,308.51,240,IBM
2025-11-03,9:31:06.356025047,T,307.81,80,308.51,240,IBM
2025-11-03,9:31:06.356065109,T,307.81,80,308.49,80,IBM
2025-11-03,9:31:06.357328058,T,307.81,80,308.51,240,IBM
2025-11-03,9:31:06.362675784,T,307.81,80,308.51,200,IBM
2025-11-03,9:31:06.372353972,T,307.81,80,308.51,240,IBM
2025-11-03,9:31:06.382818813,T,308.0,40,308.51,240,IBM
2025-11-03,9:31:06.386823319,T,307.81,80,308.51,240,IBM
2025-11-03,9:31:06.386988731,T,307.81,80,308.51,80,IBM
2025-11-03,9:31:06.392847636,T,307.82,40,308.51,80,IBM
2025-11-03,9:31:06.455862631,T,307.53,80,308.51,80,IBM
2025-11-03,9:31:06.456649568,T,307.61,40,308.51,80,IBM
2025-11-03,9:31:06.604351073,T,307.53,80,308.51,80,IBM
2025-11-03,9:31:06.604646806,T,307.61,40,308.51,80,IBM
2025-11-03,9:31:06.700129095,T,307.61,80,308.51,80,IBM
2025-11-03,9:31:06.717345057,T,307.61,40,308.51,80,IBM
2025-11-03,9:31:06.801746034,T,307.62,40,308.51,80,IBM
2025-11-03,9:31:07.049109873,T,307.62,80,308.51,80,IBM
2025-11-03,9:31:07.263084210,T,307.62,40,308.51,80,IBM
2025-11-03,9:31:07.617723491,T,307.63,40,308.51,80,IBM
2025-11-03,9:31:07.621702994,T,307.63,80,308.51,80,IBM
2025-11-03,9:31:07.938923072,T,307.63,40,308.51,80,IBM
2025-11-03,9:31:07.939153604,T,307.63,40,308.51,40,IBM
2025-11-03,9:31:07.939524495,T,307.63,40,308.76,160,IBM
2025-11-03,9:31:08.050739339,T,307.53,80,308.76,160,IBM
2025-11-03,9:31:12.085800135,T,307.53,80,308.34,80,IBM
2025-11-03,9:31:12.086817569,T,307.53,80,308.34,120,IBM
2025-11-03,9:31:12.351337262,T,307.53,80,308.34,40,IBM
2025-11-03,9:31:12.352670440,T,307.53,80,308.34,80,IBM
2025-11-03,9:31:12.545108626,T,307.53,40,308.34,80,IBM
2025-11-03,9:31:12.545143703,T,307.53,80,308.34,80,IBM
2025-11-03,9:31:13.362649759,T,307.53,80,308.34,40,IBM
2025-11-03,9:31:15.467585864,T,307.53,40,308.34,40,IBM
2025-11-03,9:31:15.468482962,T,307.6,40,308.34,40,IBM
2025-11-03,9:31:15.468693477,T,307.6,80,308.34,40,IBM
2025-11-03,9:31:15.758809092,T,307.6,80,308.76,200,IBM
2025-11-03,9:31:17.517761403,T,307.6,40,308.76,200,IBM
2025-11-03,9:31:17.518107265,T,307.6,80,308.76,200,IBM
2025-11-03,9:31:20.307031565,T,307.6,40,308.76,200,IBM
2025-11-03,9:31:20.307417527,T,307.6,40,308.34,80,IBM
2025-11-03,9:31:20.360829641,T,307.6,40,308.76,200,IBM
2025-11-03,9:31:22.216567426,T,307.6,40,308.55,80,IBM
2025-11-03,9:31:22.216988445,T,307.6,40,308.55,120,IBM
2025-11-03,9:31:22.888486933,T,307.6,40,308.55,40,IBM
2025-11-03,9:31:22.896881974,T,307.6,40,308.55,120,IBM
2025-11-03,9:31:23.594868769,T,307.6,40,308.48,80,IBM
2025-11-03,9:31:23.594883718,T,307.6,40,308.31,40,IBM
2025-11-03,9:31:23.700850998,T,307.6,40,308.48,80,IBM
2025-11-03,9:31:23.701281949,T,307.6,40,308.48,120,IBM
2025-11-03,9:31:23.883886707,T,307.6,80,308.48,120,IBM
2025-11-03,9:31:23.883906729,T,307.6,40,308.48,120,IBM
2025-11-03,9:31:23.883931780,T,307.6,40,308.48,160,IBM
2025-11-03,9:31:23.883941928,T,307.6,40,308.47,80,IBM
2025-11-03,9:31:23.885004282,T,307.6,40,308.47,40,IBM
2025-11-03,9:31:23.885430337,T,307.6,40,308.47,80,IBM
2025-11-03,9:31:23.983974919,T,307.6,40,308.47,40,IBM
2025-11-03,9:31:25.637421057,T,307.6,80,308.47,40,IBM
2025-11-03,9:31:26.351876860,T,307.62,40,308.47,40,IBM
2025-11-03,9:31:26.535944982,T,307.6,80,308.47,40,IBM
2025-11-03,9:31:28.976640178,T,307.6,80,308.37,80,IBM
2025-11-03,9:31:28.976690352,T,307.62,40,308.37,80,IBM
2025-11-03,9:31:28.977647561,T,307.62,40,308.37,160,IBM
2025-11-03,9:31:29.627710177,T,307.6,80,308.37,160,IBM
2025-11-03,9:31:29.636365793,T,307.6,80,308.37,80,IBM
2025-11-03,9:31:32.339886757,T,307.6,80,308.46,160,IBM
2025-11-03,9:31:33.312316765,T,307.62,40,308.46,160,IBM
2025-11-03,9:31:33.312396912,T,307.8,40,308.46,160,IBM
2025-11-03,9:31:33.312737728,T,307.6,80,308.46,160,IBM
2025-11-03,9:31:33.313529660,T,307.6,80,308.06,80,IBM
2025-11-03,9:31:33.314125945,T,307.6,80,308.06,120,IBM
2025-11-03,9:31:35.431266022,T,307.6,80,308.06,80,IBM
2025-11-03,9:31:46.007814177,T,307.6,40,308.06,80,IBM
2025-11-03,9:31:46.008901868,T,307.62,40,308.06,80,IBM
2025-11-03,9:31:46.059873175,T,307.62,120,308.06,80,IBM
2025-11-03,9:31:46.509503604,T,307.62,160,308.06,80,IBM
2025-11-03,9:31:47.705104841,T,307.62,160,308.46,160,IBM
2025-11-03,9:31:47.705530862,T,307.62,160,308.46,200,IBM
2025-11-03,9:31:47.722375935,T,307.63,40,308.46,200,IBM
2025-11-03,9:31:47.722872092,T,307.63,80,308.46,200,IBM
2025-11-03,9:31:47.730986381,T,307.63,80,308.42,80,IBM
2025-11-03,9:31:47.851743893,T,307.63,40,308.42,80,IBM
2025-11-03,9:31:47.852029571,T,307.64,40,308.42,80,IBM
2025-11-03,9:31:47.928266086,T,307.62,120,308.42,80,IBM
2025-11-03,9:31:47.928286207,T,307.64,40,308.42,80,IBM
2025-11-03,9:31:47.994894748,T,307.62,120,308.42,80,IBM
2025-11-03,9:31:47.995395935,T,307.62,160,308.42,80,IBM
2025-11-03,9:31:48.003615502,T,307.62,160,308.46,160,IBM
2025-11-03,9:31:48.004036541,T,307.62,160,308.46,200,IBM
2025-11-03,9:31:48.312355452,T,307.62,160,308.46,280,IBM
2025-11-03,9:31:48.711204946,T,307.62,160,308.46,240,IBM
2025-11-03,9:31:49.944425617,T,307.8,40,308.46,240,IBM
2025-11-03,9:31:49.944906779,T,307.8,40,308.46,160,IBM
2025-11-03,9:31:49.948430122,T,307.62,120,308.46,160,IBM
2025-11-03,9:31:49.948700763,T,307.62,120,308.39,80,IBM
2025-11-03,9:31:49.948911347,T,307.62,160,308.39,80,IBM
2025-11-03,9:31:49.949126819,T,307.62,160,308.39,120,IBM
2025-11-03,9:31:49.957446588,T,307.62,160,308.39,40,IBM
2025-11-03,9:31:50.479374143,T,307.62,80,308.39,40,IBM
2025-11-03,9:31:53.629919180,T,307.62,40,308.39,40,IBM
2025-11-03,9:32:00.422474398,T,307.62,40,308.46,160,IBM
2025-11-03,9:32:03.720265082,T,307.6,40,308.46,160,IBM
2025-11-03,9:32:03.745274572,T,307.6,40,308.16,80,IBM
2025-11-03,9:32:03.745790851,T,307.6,40,308.16,120,IBM
2025-11-03,9:32:03.746582661,T,307.6,40,308.16,200,IBM
2025-11-03,9:32:04.033275214,T,307.6,40,308.16,160,IBM
2025-11-03,9:32:04.415089220,T,307.6,40,308.16,80,IBM
2025-11-03,9:32:18.824045726,T,307.6,40,308.15,80,IBM
2025-11-03,9:32:21.622502573,T,307.62,40,308.15,80,IBM
2025-11-03,9:32:21.622542728,T,307.81,40,308.15,80,IBM
2025-11-03,9:32:21.622963729,T,307.81,40,308.46,160,IBM
2025-11-03,9:32:21.623079006,T,307.81,80,308.46,160,IBM
2025-11-03,9:32:21.623399784,T,307.81,40,308.46,160,IBM
2025-11-03,9:32:21.623930989,T,307.81,80,308.46,160,IBM
2025-11-03,9:32:21.628276358,T,307.81,40,308.46,160,IBM
2025-11-03,9:32:23.852576467,T,307.81,80,308.46,160,IBM
2025-11-03,9:32:28.146653780,T,307.81,80,308.15,40,IBM
2025-11-03,9:32:29.754767070,T,307.81,40,308.15,40,IBM
2025-11-03,9:32:33.687313767,T,307.42,160,308.15,40,IBM
2025-11-03,9:32:33.687338867,T,307.42,160,307.98,40,IBM
2025-11-03,9:32:33.687394025,T,307.42,160,307.98,80,IBM
2025-11-03,9:32:33.687424076,T,307.42,160,307.82,40,IBM
2025-11-03,9:32:33.687599473,T,307.42,160,307.98,80,IBM
2025-11-03,9:32:33.687619522,T,307.42,160,307.98,40,IBM
2025-11-03,9:32:33.687789890,T,307.42,160,307.81,40,IBM
2025-11-03,9:32:33.688115687,T,307.04,40,307.81,40,IBM
2025-11-03,9:32:33.688120655,T,307.25,160,307.81,40,IBM
2025-11-03,9:32:33.748128595,T,307.34,40,307.81,40,IBM
2025-11-03,9:32:33.748454322,T,307.34,40,307.98,80,IBM
2025-11-03,9:32:33.748474430,T,307.64,40,307.98,80,IBM
2025-11-03,9:32:33.748614717,T,307.72,40,307.98,80,IBM
2025-11-03,9:32:33.748810159,T,307.72,40,308.3,160,IBM
2025-11-03,9:32:33.748815608,T,307.64,80,308.3,160,IBM
2025-11-03,9:32:33.748845299,T,307.72,40,308.3,160,IBM
2025-11-03,9:32:33.777448368,T,307.58,40,308.3,160,IBM
2025-11-03,9:32:33.838849514,T,307.48,40,308.3,160,IBM
2025-11-03,9:32:33.839095083,T,307.46,200,308.3,160,IBM
2025-11-03,9:32:33.839165334,T,307.64,40,308.3,160,IBM
2025-11-03,9:32:33.839395852,T,307.64,40,308.15,40,IBM
2025-11-03,9:32:33.947062180,T,307.46,200,308.15,40,IBM
2025-11-03,9:32:33.947934166,T,307.75,40,308.15,40,IBM
2025-11-03,9:32:33.948009424,T,307.75,40,307.97,40,IBM
2025-11-03,9:32:33.948029405,T,307.75,40,308.3,160,IBM
2025-11-03,9:32:33.948249900,T,307.48,40,308.3,160,IBM
2025-11-03,9:32:33.953111490,T,307.46,200,308.3,160,IBM
2025-11-03,9:32:33.977349165,T,307.64,40,308.3,160,IBM
2025-11-03,9:32:34.104687328,T,307.46,200,308.3,160,IBM
2025-11-03,9:32:35.343120554,T,307.46,200,308.15,40,IBM
2025-11-03,9:32:43.255416378,T,307.46,200,308.02,80,IBM
2025-11-03,9:32:43.256504019,T,307.2,40,308.02,80,IBM
2025-11-03,9:32:43.256514053,T,307.25,160,308.02,80,IBM
2025-11-03,9:32:51.690997893,T,307.25,160,308.01,40,IBM
2025-11-03,9:32:53.481004164,T,307.25,160,308.01,80,IBM
2025-11-03,9:32:54.289759433,T,307.25,160,308.01,40,IBM
2025-11-03,9:32:59.277543175,T,307.25,160,308.01,120,IBM
2025-11-03,9:33:00.641790937,T,307.25,160,308.01,80,IBM
2025-11-03,9:33:02.076666802,T,307.25,160,308.0,80,IBM
2025-11-03,9:33:02.129091654,T,307.25,160,308.01,80,IBM
2025-11-03,9:33:03.658076364,T,307.25,160,308.31,160,IBM
2025-11-03,9:33:04.433732922,T,307.25,160,308.01,200,IBM
2025-11-03,9:33:09.873758294,T,307.73,40,308.01,200,IBM
2025-11-03,9:33:09.873883588,T,307.73,40,308.44,40,IBM
2025-11-03,9:33:09.873904080,T,307.73,40,308.55,160,IBM
2025-11-03,9:33:09.873908694,T,307.8,40,308.55,160,IBM
2025-11-03,9:33:09.873958855,T,307.9,40,308.55,160,IBM
2025-11-03,9:33:09.874279627,T,307.8,80,308.55,160,IBM
2025-11-03,9:33:09.874545219,T,307.9,40,308.55,160,IBM
2025-11-03,9:33:09.874695549,T,307.9,40,308.25,40,IBM
2025-11-03,9:33:09.877281694,T,307.8,80,308.25,40,IBM
2025-11-03,9:33:09.902882680,T,307.8,40,308.25,40,IBM
2025-11-03,9:33:09.949709101,T,307.48,200,308.25,40,IBM
2025-11-03,9:33:09.950210312,T,307.48,200,308.22,80,IBM
2025-11-03,9:33:10.448526649,T,307.48,200,308.22,120,IBM
2025-11-03,9:33:13.530508500,T,307.8,40,308.22,120,IBM
2025-11-03,9:33:15.291009469,T,307.8,40,308.22,40,IBM
2025-11-03,9:33:15.291034458,T,307.8,40,308.11,80,IBM
2025-11-03,9:33:20.097205985,T,307.9,40,308.11,80,IBM
2025-11-03,9:33:20.101255692,T,307.8,40,308.11,80,IBM
2025-11-03,9:33:20.172961372,T,307.8,40,308.11,40,IBM
2025-11-03,9:33:20.172961372,T,307.8,40,308.22,40,IBM
2025-11-03,9:33:20.172981422,T,307.95,40,308.22,40,IBM
2025-11-03,9:33:20.173552796,T,307.95,40,308.55,160,IBM
2025-11-03,9:33:20.173592838,T,308.03,40,308.55,160,IBM
2025-11-03,9:33:20.173988822,T,308.03,40,308.47,80,IBM
2025-11-03,9:33:20.186719117,T,307.48,240,308.47,80,IBM
2025-11-03,9:33:20.186739329,T,307.48,200,308.47,80,IBM
2025-11-03,9:33:20.187064874,T,307.87,40,308.47,80,IBM
2025-11-03,9:33:21.888625597,T,307.87,80,308.47,80,IBM
2025-11-03,9:33:22.014329810,T,307.87,80,308.55,160,IBM
2025-11-03,9:33:23.085795582,T,307.87,40,308.55,160,IBM
2025-11-03,9:33:23.086807983,T,307.87,40,308.46,40,IBM
2025-11-03,9:33:24.767133096,T,307.48,200,308.46,40,IBM
2025-11-03,9:33:29.606443515,T,307.34,40,308.46,40,IBM
2025-11-03,9:33:29.606448504,T,307.66,160,308.46,40,IBM
2025-11-03,9:33:34.591776457,T,307.66,160,308.55,160,IBM
2025-11-03,9:33:36.145008899,T,307.66,160,308.46,120,IBM
2025-11-03,9:33:44.325723889,T,307.66,160,308.46,200,IBM
2025-11-03,9:33:46.123348295,T,307.66,160,308.46,240,IBM
2025-11-03,9:33:46.124049906,T,307.66,160,308.46,200,IBM
2025-11-03,9:33:49.576944834,T,307.66,160,308.46,120,IBM
2025-11-03,9:33:49.586888416,T,308.04,40,308.46,120,IBM
2025-11-03,9:33:49.587118978,T,308.05,40,308.46,120,IBM
2025-11-03,9:33:49.818655215,T,308.05,40,308.72,200,IBM
2025-11-03,9:33:49.818675235,T,308.25,40,308.72,200,IBM
2025-11-03,9:33:49.818700253,T,308.25,80,308.72,200,IBM
2025-11-03,9:33:49.818775454,T,308.25,120,308.72,200,IBM
2025-11-03,9:33:49.818820580,T,308.25,80,308.72,200,IBM
2025-11-03,9:33:49.818820580,T,308.36,40,308.72,200,IBM
2025-11-03,9:33:49.819662667,T,308.36,40,308.78,40,IBM
2025-11-03,9:33:49.821572112,T,308.31,40,308.78,40,IBM
2025-11-03,9:33:49.821867787,T,308.38,40,308.78,40,IBM
2025-11-03,9:33:49.823206054,T,308.25,80,308.78,40,IBM
2025-11-03,9:33:49.823221108,T,308.06,40,308.78,40,IBM
2025-11-03,9:33:49.824007942,T,308.06,40,308.61,40,IBM
2025-11-03,9:33:49.824043036,T,308.06,40,308.84,40,IBM
2025-11-03,9:33:49.824053036,T,308.06,40,308.78,40,IBM
2025-11-03,9:33:49.824063092,T,308.36,40,308.78,40,IBM
2025-11-03,9:33:49.824083169,T,308.06,40,308.78,40,IBM
2025-11-03,9:33:49.824524145,T,308.06,40,308.84,40,IBM
2025-11-03,9:33:49.824549273,T,308.36,40,308.84,40,IBM
2025-11-03,9:33:49.824925216,T,308.06,40,308.84,40,IBM
2025-11-03,9:33:49.825005272,T,308.48,40,308.84,40,IBM
2025-11-03,9:33:49.825371191,T,308.06,40,308.84,40,IBM
2025-11-03,9:33:49.825416334,T,308.06,40,308.8,80,IBM
2025-11-03,9:33:49.853518179,T,308.04,40,308.8,80,IBM
2025-11-03,9:33:49.865817461,T,308.33,40,308.8,80,IBM
2025-11-03,9:33:50.009429292,T,308.04,40,308.8,80,IBM
2025-11-03,9:33:50.012847470,T,308.04,40,308.74,40,IBM
2025-11-03,9:33:50.039726464,T,308.04,40,308.74,200,IBM
2025-11-03,9:33:50.700910500,T,308.04,40,308.74,40,IBM
2025-11-03,9:33:53.573929931,T,308.04,40,308.74,120,IBM
2025-11-03,9:33:54.017721470,T,308.04,40,308.74,200,IBM
2025-11-03,9:33:54.020708505,T,308.06,40,308.74,200,IBM
2025-11-03,9:33:54.883487465,T,308.06,40,308.74,160,IBM
2025-11-03,9:33:56.203835662,T,308.04,40,308.74,160,IBM
2025-11-03,9:33:56.204256621,T,308.04,40,308.74,200,IBM
2025-11-03,9:33:56.208747285,T,308.04,80,308.74,200,IBM
2025-11-03,9:34:00.654635997,T,308.04,80,308.74,120,IBM
2025-11-03,9:34:02.980257438,T,308.04,40,308.74,120,IBM
2025-11-03,9:34:02.981585537,T,308.32,40,308.74,120,IBM
2025-11-03,9:34:04.650649062,T,308.32,40,308.74,200,IBM
2025-11-03,9:34:04.910968617,T,308.32,40,308.74,120,IBM
2025-11-03,9:34:05.184339820,T,308.32,40,308.74,80,IBM
2025-11-03,9:34:08.917195774,T,308.32,40,308.74,160,IBM
2025-11-03,9:34:09.025062578,T,308.32,40,308.57,40,IBM
2025-11-03,9:34:09.025082742,T,308.32,40,308.74,160,IBM
2025-11-03,9:34:09.025082742,T,308.32,40,308.74,200,IBM
2025-11-03,9:34:09.025112656,T,308.32,40,308.74,160,IBM
2025-11-03,9:34:09.025137762,T,308.32,40,308.74,120,IBM
2025-11-03,9:34:09.025363632,T,308.32,40,308.74,80,IBM
2025-11-03,9:34:09.025363632,T,308.32,40,308.74,40,IBM
2025-11-03,9:34:09.025593790,T,308.39,40,308.74,40,IBM
2025-11-03,9:34:09.025638994,T,308.44,40,308.74,40,IBM
2025-11-03,9:34:09.025719161,T,308.53,40,308.74,40,IBM
2025-11-03,9:34:09.025819438,T,308.53,40,308.74,80,IBM
2025-11-03,9:34:09.025854517,T,308.53,40,308.74,40,IBM
2025-11-03,9:34:09.025974801,T,308.44,40,308.74,40,IBM
2025-11-03,9:34:09.025989833,T,308.44,40,308.84,40,IBM
2025-11-03,9:34:09.026024908,T,308.53,40,308.84,40,IBM
2025-11-03,9:34:09.026054988,T,308.39,40,308.84,40,IBM
2025-11-03,9:34:09.026059915,T,308.39,80,308.84,40,IBM
2025-11-03,9:34:09.026065018,T,308.39,80,308.78,40,IBM
2025-11-03,9:34:09.026074957,T,308.39,80,308.68,40,IBM
2025-11-03,9:34:09.026095117,T,308.39,40,308.68,40,IBM
2025-11-03,9:34:09.026125194,T,308.39,40,308.74,40,IBM
2025-11-03,9:34:09.026125194,T,308.39,40,308.78,40,IBM
2025-11-03,9:34:09.026125194,T,308.39,40,308.84,40,IBM
2025-11-03,9:34:09.026315572,T,308.39,40,308.78,40,IBM
2025-11-03,9:34:09.026340640,T,308.39,40,308.84,40,IBM
2025-11-03,9:34:09.026340640,T,308.39,40,308.78,40,IBM
2025-11-03,9:34:09.026355668,T,308.39,40,308.84,40,IBM
2025-11-03,9:34:09.026631305,T,308.39,40,308.53,40,IBM
2025-11-03,9:34:09.026646344,T,308.32,40,308.53,40,IBM
2025-11-03,9:34:09.026651375,T,308.32,40,308.84,40,IBM
2025-11-03,9:34:09.026671381,T,308.32,80,308.84,40,IBM
2025-11-03,9:34:09.026696522,T,308.32,40,308.84,40,IBM
2025-11-03,9:34:09.026911970,T,308.32,80,308.84,40,IBM
2025-11-03,9:34:09.026916981,T,308.48,40,308.84,40,IBM
2025-11-03,9:34:09.027598658,T,308.32,80,308.84,40,IBM
2025-11-03,9:34:09.027904375,T,308.32,80,308.78,40,IBM
2025-11-03,9:34:09.027919366,T,308.32,40,308.78,40,IBM
2025-11-03,9:34:09.028039666,T,308.32,40,308.84,40,IBM
2025-11-03,9:34:09.028069934,T,308.32,40,308.78,40,IBM
2025-11-03,9:34:09.028806509,T,308.32,40,308.78,80,IBM
2025-11-03,9:34:09.028961850,T,308.32,40,308.78,120,IBM
2025-11-03,9:34:09.028981956,T,308.32,40,308.78,80,IBM
2025-11-03,9:34:09.029007221,T,308.32,80,308.78,80,IBM
2025-11-03,9:34:09.029252574,T,308.39,40,308.78,80,IBM
2025-11-03,9:34:09.033262050,T,308.32,80,308.78,80,IBM
2025-11-03,9:34:09.033287208,T,308.32,40,308.78,80,IBM
2025-11-03,9:34:09.037191486,T,308.32,40,308.78,120,IBM
2025-11-03,9:34:09.101013368,T,308.39,40,308.78,120,IBM
2025-11-03,9:34:09.101394262,T,308.39,40,308.78,80,IBM
2025-11-03,9:34:09.101479489,T,308.39,40,308.84,40,IBM
2025-11-03,9:34:09.114480399,T,308.32,40,308.84,40,IBM
2025-11-03,9:34:09.184196448,T,308.39,40,308.84,40,IBM
2025-11-03,9:34:09.304287327,T,308.32,40,308.84,40,IBM
2025-11-03,9:34:09.863047534,T,308.32,40,308.9,40,IBM
2025-11-03,9:34:11.032336110,T,308.32,40,308.8,120,IBM
2025-11-03,9:34:11.032757088,T,308.32,40,308.8,160,IBM
2025-11-03,9:34:12.926765939,T,308.39,40,308.8,160,IBM
2025-11-03,9:34:12.926780944,T,308.32,40,308.8,160,IBM
2025-11-03,9:34:12.927297183,T,308.32,40,308.8,120,IBM
2025-11-03,9:34:15.977182514,T,308.32,40,308.8,80,IBM
2025-11-03,9:34:15.977252691,T,308.32,40,309.0,200,IBM
2025-11-03,9:34:15.977723810,T,308.32,80,309.0,200,IBM
2025-11-03,9:34:15.977743839,T,308.32,40,309.0,200,IBM
2025-11-03,9:34:15.978024542,T,308.32,40,308.9,40,IBM
2025-11-03,9:34:15.978039544,T,308.32,40,308.85,40,IBM
2025-11-03,9:34:15.982049066,T,308.32,40,308.9,40,IBM
2025-11-03,9:34:15.984515248,T,308.32,40,309.0,200,IBM
2025-11-03,9:34:16.038062441,T,308.57,40,309.0,200,IBM
2025-11-03,9:34:16.067036437,T,308.39,40,309.0,200,IBM
2025-11-03,9:34:16.138085529,T,308.32,40,309.0,200,IBM
2025-11-03,9:34:16.660975284,T,308.32,40,309.0,160,IBM
2025-11-03,9:34:17.060170826,T,308.6,80,309.0,160,IBM
2025-11-03,9:34:17.078464116,T,308.6,120,309.0,160,IBM
2025-11-03,9:34:17.078499254,T,308.7,40,309.0,160,IBM
2025-11-03,9:34:17.078754904,T,308.7,40,309.32,40,IBM
2025-11-03,9:34:17.078759872,T,308.7,40,309.2,200,IBM
2025-11-03,9:34:17.079175891,T,308.7,40,309.0,80,IBM
2025-11-03,9:34:17.082999932,T,308.6,120,309.0,80,IBM
2025-11-03,9:34:17.083225527,T,308.6,80,309.0,80,IBM
2025-11-03,9:34:17.093229366,T,308.6,80,309.0,40,IBM
2025-11-03,9:34:17.093249342,T,308.6,120,309.0,40,IBM
2025-11-03,9:34:17.093254428,T,308.66,40,309.0,40,IBM
2025-11-03,9:34:17.094246701,T,308.61,40,309.0,40,IBM
2025-11-03,9:34:17.122228318,T,308.6,120,309.0,40,IBM
2025-11-03,9:34:17.195021650,T,308.6,80,309.0,40,IBM
2025-11-03,9:34:17.241682779,T,308.6,80,309.0,80,IBM
2025-11-03,9:34:17.595179377,T,308.6,120,309.0,80,IBM
2025-11-03,9:34:17.867622858,T,308.62,40,309.0,80,IBM
2025-11-03,9:34:18.762322766,T,308.62,40,309.0,40,IBM
2025-11-03,9:34:19.394006540,T,308.6,120,309.0,40,IBM
2025-11-03,9:34:23.292286630,T,308.6,120,309.38,200,IBM
2025-11-03,9:34:23.292311755,T,308.8,40,309.38,200,IBM
2025-11-03,9:34:23.292316696,T,308.8,80,309.38,200,IBM
2025-11-03,9:34:23.292341870,T,308.88,40,309.38,200,IBM
2025-11-03,9:34:23.300395999,T,309.0,40,309.38,200,IBM
2025-11-03,9:34:23.300686654,T,309.0,40,309.7,40,IBM
2025-11-03,9:34:23.300691728,T,309.0,40,309.55,160,IBM
2025-11-03,9:34:23.300721783,T,308.61,40,309.55,160,IBM
2025-11-03,9:34:23.300826987,T,308.6,120,309.55,160,IBM
2025-11-03,9:34:23.300887222,T,308.61,40,309.55,160,IBM
2025-11-03,9:34:23.300917280,T,308.9,40,309.55,160,IBM
2025-11-03,9:34:23.331645353,T,308.61,40,309.55,160,IBM
2025-11-03,9:34:23.332061409,T,308.9,40,309.55,160,IBM
2025-11-03,9:34:23.332848211,T,308.9,40,309.25,40,IBM
2025-11-03,9:34:23.351988809,T,308.9,40,309.25,80,IBM
2025-11-03,9:34:23.352043949,T,308.61,40,309.25,80,IBM
2025-11-03,9:34:23.360839818,T,308.61,40,309.25,160,IBM
2025-11-03,9:34:23.392319849,T,308.6,120,309.25,160,IBM
2025-11-03,9:34:24.842106099,T,308.6,120,309.25,120,IBM
2025-11-03,9:34:26.646526783,T,308.82,40,309.25,120,IBM
2025-11-03,9:34:26.772366326,T,308.6,120,309.25,120,IBM
2025-11-03,9:34:26.772436512,T,308.83,40,309.25,120,IBM
2025-11-03,9:34:27.329808344,T,308.82,40,309.25,120,IBM
2025-11-03,9:34:27.933971622,T,308.82,40,309.25,200,IBM
2025-11-03,9:34:28.773630549,T,308.82,40,309.25,240,IBM
2025-11-03,9:34:29.318552842,T,308.82,40,309.25,160,IBM
2025-11-03,9:34:35.165978068,T,308.6,40,309.25,160,IBM
2025-11-03,9:34:35.165983072,T,308.6,40,309.24,40,IBM
2025-11-03,9:34:35.166003219,T,308.6,40,309.04,80,IBM
2025-11-03,9:34:35.166073348,T,308.6,40,309.04,120,IBM
2025-11-03,9:34:35.166719850,T,308.6,40,309.04,160,IBM
2025-11-03,9:34:35.166729909,T,308.6,40,309.03,40,IBM
2025-11-03,9:34:35.166784986,T,308.6,40,309.04,160,IBM
2025-11-03,9:34:35.166784986,T,308.6,40,308.9,80,IBM
2025-11-03,9:34:35.166945435,T,308.6,40,308.9,40,IBM
2025-11-03,9:34:35.167115784,T,308.6,40,309.24,40,IBM
2025-11-03,9:34:35.187604586,T,308.6,40,309.03,40,IBM
2025-11-03,9:34:35.187775007,T,308.6,40,309.03,120,IBM
2025-11-03,9:34:35.287351973,T,308.6,40,309.03,80,IBM
2025-11-03,9:34:35.353018404,T,308.6,40,309.37,160,IBM
2025-11-03,9:34:36.664701173,T,308.6,40,309.03,40,IBM
2025-11-03,9:34:36.664911724,T,308.6,40,309.03,80,IBM
2025-11-03,9:34:38.699144159,T,308.6,40,309.03,120,IBM
2025-11-03,9:34:39.349672805,T,308.6,40,309.03,200,IBM
2025-11-03,9:34:43.401884537,T,308.6,40,309.03,480,IBM
2025-11-03,9:34:43.402300543,T,308.6,40,309.03,440,IBM
2025-11-03,9:34:46.460094819,T,308.6,40,308.99,40,IBM
2025-11-03,9:34:46.460115224,T,308.58,40,308.99,40,IBM
2025-11-03,9:34:46.460115224,T,308.34,160,308.99,40,IBM
2025-11-03,9:34:46.460129995,T,308.34,160,309.03,440,IBM
2025-11-03,9:34:46.460129995,T,308.34,160,308.86,40,IBM
2025-11-03,9:34:46.460150049,T,308.34,160,308.85,40,IBM
2025-11-03,9:34:46.460180084,T,308.34,160,308.73,40,IBM
2025-11-03,9:34:46.460420668,T,308.34,160,308.63,40,IBM
2025-11-03,9:34:46.460460882,T,308.34,160,308.73,40,IBM
2025-11-03,9:34:46.460485766,T,308.58,200,308.73,40,IBM
2025-11-03,9:34:46.460495847,T,308.58,200,308.85,40,IBM
2025-11-03,9:34:46.460505901,T,308.34,160,308.85,40,IBM
2025-11-03,9:34:46.460530855,T,308.6,200,308.85,40,IBM
2025-11-03,9:34:46.460641451,T,308.6,120,308.85,40,IBM
2025-11-03,9:34:46.460661264,T,308.34,160,308.85,40,IBM
2025-11-03,9:34:46.460716367,T,308.34,160,308.72,120,IBM
2025-11-03,9:34:46.461047786,T,308.34,160,308.85,40,IBM
2025-11-03,9:34:46.461232577,T,308.48,40,308.85,40,IBM
2025-11-03,9:34:46.461448056,T,308.34,200,308.85,40,IBM
2025-11-03,9:34:46.461458129,T,308.34,160,308.85,40,IBM
2025-11-03,9:34:46.461473158,T,308.34,160,308.77,40,IBM
2025-11-03,9:34:46.461493253,T,308.34,160,308.85,40,IBM
2025-11-03,9:34:46.461884113,T,308.32,40,308.85,40,IBM
2025-11-03,9:34:46.461949300,T,308.32,40,308.6,120,IBM
2025-11-03,9:34:46.461969321,T,308.32,40,308.85,40,IBM
2025-11-03,9:34:46.477050253,T,308.32,40,308.66,40,IBM
2025-11-03,9:34:46.477075269,T,308.32,40,308.85,40,IBM
2025-11-03,9:34:46.510805593,T,308.32,40,308.85,80,IBM
2025-11-03,9:34:46.560278364,T,308.32,40,308.85,40,IBM
2025-11-03,9:34:46.561075250,T,308.32,40,308.85,160,IBM
2025-11-03,9:34:46.591046583,T,308.32,40,308.85,200,IBM
2025-11-03,9:34:46.591161877,T,308.32,40,308.85,160,IBM
2025-11-03,9:34:46.591252065,T,308.48,200,308.85,160,IBM
2025-11-03,9:34:46.591472667,T,308.32,40,308.85,160,IBM
2025-11-03,9:34:46.591472667,T,308.32,40,308.85,120,IBM
2025-11-03,9:34:46.591497714,T,308.63,200,308.85,120,IBM
2025-11-03,9:34:46.591583188,T,308.32,40,308.85,120,IBM
2025-11-03,9:34:46.591728267,T,308.48,40,308.85,120,IBM
2025-11-03,9:34:46.591878651,T,308.57,40,308.85,120,IBM
2025-11-03,9:34:46.591883556,T,308.6,40,308.85,120,IBM
2025-11-03,9:34:46.591903616,T,308.63,40,308.85,120,IBM
2025-11-03,9:34:46.591903616,T,308.6,40,308.85,120,IBM
2025-11-03,9:34:46.592069012,T,308.48,40,308.85,120,IBM
2025-11-03,9:34:46.592124207,T,308.32,40,308.85,120,IBM
2025-11-03,9:34:46.592129220,T,308.48,40,308.85,120,IBM
2025-11-03,9:34:46.595742746,T,308.33,80,308.85,120,IBM
2025-11-03,9:35:00.098557371,T,308.33,40,308.85,120,IBM
2025-11-03,9:35:00.098712783,T,308.33,40,308.84,40,IBM
2025-11-03,9:35:00.098878426,T,308.33,40,308.85,160,IBM
2025-11-03,9:35:00.098878426,T,308.33,40,308.75,40,IBM
2025-11-03,9:35:00.099018478,T,308.33,40,308.75,80,IBM
2025-11-03,9:35:00.099053633,T,308.33,40,308.71,40,IBM
2025-11-03,9:35:00.099640021,T,308.33,40,308.71,80,IBM
2025-11-03,9:35:00.100662451,T,308.33,40,308.71,40,IBM
2025-11-03,9:35:00.103308740,T,308.33,40,308.84,40,IBM
2025-11-03,9:35:00.110941865,T,308.33,40,309.03,80,IBM
2025-11-03,9:35:00.112390369,T,308.33,40,308.55,40,IBM
2025-11-03,9:35:00.134938979,T,308.33,40,308.55,80,IBM
2025-11-03,9:35:00.135710892,T,308.33,40,308.55,40,IBM
2025-11-03,9:35:00.251506580,T,308.33,40,308.55,160,IBM
2025-11-03,9:35:00.383525829,T,308.33,40,308.55,280,IBM
2025-11-03,9:35:00.690241055,T,308.33,40,308.55,160,IBM
2025-11-03,9:35:01.116154991,T,308.33,40,308.55,280,IBM
2025-11-03,9:35:01.116580916,T,308.33,40,308.55,320,IBM
2025-11-03,9:35:01.118109641,T,308.32,40,308.55,320,IBM
2025-11-03,9:35:01.118139698,T,308.0,160,308.55,320,IBM
2025-11-03,9:35:01.118184827,T,308.0,160,308.44,40,IBM
2025-11-03,9:35:01.118400276,T,308.0,240,308.44,40,IBM
2025-11-03,9:35:01.118475453,T,308.0,240,308.44,80,IBM
2025-11-03,9:35:01.118490643,T,308.0,240,308.44,120,IBM
2025-11-03,9:35:01.118575754,T,308.0,240,308.44,80,IBM
2025-11-03,9:35:01.118675999,T,308.0,240,308.43,40,IBM
2025-11-03,9:35:01.118705990,T,308.0,240,308.43,80,IBM
2025-11-03,9:35:01.119021808,T,308.0,240,308.43,40,IBM
2025-11-03,9:35:01.125196462,T,308.0,240,308.44,80,IBM
2025-11-03,9:35:01.125251636,T,308.0,80,308.44,80,IBM
2025-11-03,9:35:01.125822931,T,308.0,120,308.44,80,IBM
2025-11-03,9:35:01.127326561,T,308.0,200,308.44,80,IBM
2025-11-03,9:35:01.130288614,T,308.0,200,308.44,40,IBM
2025-11-03,9:35:01.135901924,T,308.0,240,308.44,40,IBM
2025-11-03,9:35:01.147108654,T,308.0,240,308.55,280,IBM
2025-11-03,9:35:01.168630049,T,308.0,240,308.55,160,IBM
2025-11-03,9:35:01.503812788,T,308.0,240,308.43,80,IBM
2025-11-03,9:35:01.567449309,T,308.0,240,308.55,160,IBM
2025-11-03,9:35:03.011246302,T,308.0,240,308.43,40,IBM
2025-11-03,9:35:03.011672355,T,308.0,240,308.43,80,IBM
2025-11-03,9:35:03.716339928,T,308.0,240,308.43,40,IBM
2025-11-03,9:35:04.192353165,T,308.0,240,308.43,160,IBM
2025-11-03,9:35:04.246948240,T,308.0,240,308.43,40,IBM
2025-11-03,9:35:04.664201480,T,308.0,240,308.43,160,IBM
2025-11-03,9:35:05.572794439,T,308.0,240,308.43,240,IBM
2025-11-03,9:35:07.618885212,T,308.0,240,308.43,120,IBM
2025-11-03,9:35:07.917922170,T,308.0,240,308.43,240,IBM
2025-11-03,9:35:08.101804960,T,308.0,240,308.43,120,IBM
2025-11-03,9:35:09.686687909,T,308.0,240,308.43,240,IBM
2025-11-03,9:35:09.782776600,T,308.0,240,308.43,120,IBM
2025-11-03,9:35:13.284873690,T,308.0,240,308.43,200,IBM
2025-11-03,9:35:13.408207297,T,308.0,240,308.43,320,IBM
2025-11-03,9:35:13.689597096,T,308.0,240,308.43,200,IBM
2025-11-03,9:35:13.970681298,T,308.0,240,308.43,320,IBM
2025-11-03,9:35:14.288001736,T,308.0,240,308.43,360,IBM
2025-11-03,9:35:15.453245669,T,308.0,240,308.43,240,IBM
2025-11-03,9:35:15.994784863,T,308.0,240,308.43,360,IBM
2025-11-03,9:35:16.296322663,T,308.0,240,308.43,240,IBM
2025-11-03,9:35:17.011149337,T,308.0,240,308.43,360,IBM
2025-11-03,9:35:17.178332522,T,308.0,240,308.43,240,IBM
2025-11-03,9:35:17.555755783,T,308.0,240,308.43,360,IBM
2025-11-03,9:35:17.785537800,T,308.0,240,308.43,240,IBM
2025-11-03,9:35:19.827398658,T,308.0,240,308.43,160,IBM
2025-11-03,9:35:21.175227196,T,308.0,240,308.43,280,IBM
2025-11-03,9:35:22.070623782,T,308.0,240,308.43,240,IBM
2025-11-03,9:35:22.070623782,T,308.0,240,308.43,200,IBM
2025-11-03,9:35:22.070628787,T,308.0,240,308.43,240,IBM
2025-11-03,9:35:22.070644200,T,308.0,240,308.43,200,IBM
2025-11-03,9:35:22.070649138,T,308.0,240,308.43,160,IBM
2025-11-03,9:35:22.070649138,T,308.0,240,308.43,40,IBM
2025-11-03,9:35:22.070649138,T,308.0,240,308.55,40,IBM
2025-11-03,9:35:22.070653751,T,308.0,240,308.72,200,IBM
2025-11-03,9:35:22.070664217,T,308.0,200,308.72,200,IBM
2025-11-03,9:35:22.070668787,T,308.0,120,308.72,200,IBM
2025-11-03,9:35:22.070674174,T,308.0,160,308.72,200,IBM
2025-11-03,9:35:22.070674174,T,308.21,80,308.72,200,IBM
2025-11-03,9:35:22.070748980,T,308.42,160,308.72,200,IBM
2025-11-03,9:35:22.070774289,T,308.21,80,308.72,200,IBM
2025-11-03,9:35:22.070789116,T,308.08,40,308.72,200,IBM
2025-11-03,9:35:22.070834271,T,308.22,40,308.72,200,IBM
2025-11-03,9:35:22.070849498,T,308.22,40,308.42,160,IBM
2025-11-03,9:35:22.070879288,T,308.22,40,308.72,200,IBM
2025-11-03,9:35:22.070904371,T,308.22,80,308.72,200,IBM
2025-11-03,9:35:22.071200117,T,308.32,40,308.72,200,IBM
2025-11-03,9:35:22.071345469,T,308.32,40,308.72,160,IBM
2025-11-03,9:35:22.071821616,T,308.32,40,308.94,40,IBM
2025-11-03,9:35:22.071826635,T,308.32,40,308.93,160,IBM
2025-11-03,9:35:22.072137362,T,308.32,80,308.93,160,IBM
2025-11-03,9:35:22.072162359,T,308.32,80,308.72,40,IBM
2025-11-03,9:35:22.072543246,T,308.32,40,308.72,40,IBM
2025-11-03,9:35:22.072984396,T,308.01,80,308.72,40,IBM
2025-11-03,9:35:22.073114618,T,308.01,80,308.72,80,IBM
2025-11-03,9:35:22.075710864,T,308.01,40,308.72,80,IBM
2025-11-03,9:35:22.080306833,T,308.01,40,308.72,40,IBM
2025-11-03,9:35:22.080833081,T,308.01,40,308.72,80,IBM
2025-11-03,9:35:22.091713934,T,308.01,40,308.72,40,IBM
2025-11-03,9:35:22.170827231,T,308.0,40,308.72,40,IBM
2025-11-03,9:35:22.325395198,T,308.0,40,308.93,160,IBM
2025-11-03,9:35:23.920968746,T,308.0,40,308.64,120,IBM
2025-11-03,9:35:24.043956469,T,308.0,40,308.93,160,IBM
2025-11-03,9:35:24.727588995,T,308.0,40,308.64,120,IBM
2025-11-03,9:35:24.850436298,T,308.0,40,308.93,160,IBM
2025-11-03,9:35:26.847084629,T,308.23,40,308.93,160,IBM
2025-11-03,9:35:27.380885327,T,308.0,40,308.93,160,IBM
2025-11-03,9:35:27.414625536,T,308.22,40,308.93,160,IBM
2025-11-03,9:35:28.111840342,T,308.0,40,308.93,160,IBM
2025-11-03,9:35:30.057867823,T,308.0,80,308.93,160,IBM
2025-11-03,9:35:30.057867823,T,308.23,40,308.93,160,IBM
2025-11-03,9:35:30.598329859,T,308.0,80,308.93,160,IBM
2025-11-03,9:35:30.653911889,T,308.0,80,308.64,120,IBM
2025-11-03,9:35:30.653941937,T,308.0,40,308.64,120,IBM
2025-11-03,9:35:30.654167423,T,308.22,40,308.64,120,IBM
2025-11-03,9:35:30.793814937,T,308.22,40,308.93,160,IBM
2025-11-03,9:35:30.794336160,T,308.0,40,308.93,160,IBM
2025-11-03,9:35:31.253614499,T,308.0,80,308.93,160,IBM
2025-11-03,9:35:31.876667631,T,308.0,80,308.64,120,IBM
2025-11-03,9:35:31.896048819,T,308.0,40,308.64,120,IBM
2025-11-03,9:35:31.896073846,T,307.98,160,308.64,120,IBM
2025-11-03,9:35:31.947586428,T,307.98,160,308.93,160,IBM
2025-11-03,9:35:31.961710048,T,308.23,40,308.93,160,IBM
2025-11-03,9:35:32.272905901,T,307.98,160,308.93,160,IBM
2025-11-03,9:35:32.273402095,T,308.22,40,308.93,160,IBM
2025-11-03,9:35:32.647121822,T,307.98,160,308.93,160,IBM
2025-11-03,9:35:35.625106201,T,307.98,160,308.64,120,IBM
2025-11-03,9:35:35.917386827,T,307.98,160,308.93,160,IBM
2025-11-03,9:35:36.907022718,T,307.98,160,308.64,120,IBM
2025-11-03,9:35:37.022743283,T,307.98,160,308.93,160,IBM
2025-11-03,9:35:37.593356993,T,307.98,160,308.64,120,IBM
2025-11-03,9:35:38.782768040,T,307.98,160,308.93,160,IBM
2025-11-03,9:35:39.931252108,T,307.98,160,308.64,80,IBM
2025-11-03,9:35:40.157891554,T,308.22,40,308.64,80,IBM
2025-11-03,9:35:40.384731644,T,307.98,160,308.64,80,IBM
2025-11-03,9:35:40.881579513,T,307.98,160,308.64,200,IBM
2025-11-03,9:35:41.118403220,T,307.98,160,308.64,80,IBM
2025-11-03,9:35:41.118618727,T,307.98,160,308.93,160,IBM
2025-11-03,9:35:41.884025856,T,307.98,160,308.64,120,IBM
2025-11-03,9:35:42.054606995,T,307.98,160,308.93,160,IBM
2025-11-03,9:35:45.628219157,T,307.98,160,308.64,80,IBM
2025-11-03,9:35:49.925304059,T,307.98,160,308.93,160,IBM
2025-11-03,9:35:53.921126997,T,307.98,160,308.64,80,IBM
2025-11-03,9:35:53.922514714,T,307.98,160,308.93,160,IBM
2025-11-03,9:35:53.922539728,T,308.43,40,308.93,160,IBM
2025-11-03,9:35:53.922785278,T,308.43,80,308.93,160,IBM
2025-11-03,9:35:53.923456877,T,308.44,40,308.93,160,IBM
2025-11-03,9:35:53.923471944,T,308.43,120,308.93,160,IBM
2025-11-03,9:35:53.923487013,T,308.43,160,308.93,160,IBM
2025-11-03,9:35:53.923492151,T,308.43,120,308.93,160,IBM
2025-11-03,9:35:53.924138518,T,308.43,120,308.93,40,IBM
2025-11-03,9:35:53.924173654,T,308.53,40,308.93,40,IBM
2025-11-03,9:35:53.924203653,T,308.53,40,309.43,40,IBM
2025-11-03,9:35:53.924228718,T,308.73,40,309.43,40,IBM
2025-11-03,9:35:53.924319041,T,308.73,40,309.44,40,IBM
2025-11-03,9:35:53.924739968,T,308.73,80,309.44,40,IBM
2025-11-03,9:35:53.924790065,T,308.87,40,309.44,40,IBM
2025-11-03,9:35:53.924845232,T,308.87,40,309.52,40,IBM
2025-11-03,9:35:53.925341418,T,308.73,80,309.52,40,IBM
2025-11-03,9:35:53.925381495,T,308.73,80,309.09,80,IBM
2025-11-03,9:35:53.925401615,T,308.64,40,309.09,80,IBM
2025-11-03,9:35:53.925411595,T,308.64,40,309.52,40,IBM
2025-11-03,9:35:53.925436598,T,308.87,40,309.52,40,IBM
2025-11-03,9:35:53.925556923,T,308.98,40,309.52,40,IBM
2025-11-03,9:35:53.926018027,T,308.98,40,309.57,40,IBM
2025-11-03,9:35:53.930493716,T,308.98,80,309.57,40,IBM
2025-11-03,9:35:53.930603913,T,308.98,40,309.57,40,IBM
2025-11-03,9:35:53.940146610,T,308.98,80,309.57,40,IBM
2025-11-03,9:35:53.940156664,T,308.98,80,309.63,40,IBM
2025-11-03,9:35:53.940176790,T,308.98,40,309.63,40,IBM
2025-11-03,9:35:53.940176790,T,309.15,40,309.63,40,IBM
2025-11-03,9:35:53.940256905,T,309.16,40,309.63,40,IBM
2025-11-03,9:35:53.940537674,T,309.29,40,309.63,40,IBM
2025-11-03,9:35:53.940552656,T,309.29,40,309.89,40,IBM
2025-11-03,9:35:53.940652910,T,309.29,40,309.92,40,IBM
2025-11-03,9:35:53.944491958,T,309.16,80,309.92,40,IBM
2025-11-03,9:35:53.947053135,T,309.16,40,309.92,40,IBM
2025-11-03,9:35:53.956139719,T,309.16,40,310.0,680,IBM
2025-11-03,9:35:53.956160025,T,309.16,80,310.0,680,IBM
2025-11-03,9:35:53.956160025,T,309.36,40,310.0,680,IBM
2025-11-03,9:35:53.981765712,T,309.36,40,309.9,160,IBM
2025-11-03,9:35:53.985133718,T,309.32,40,309.9,160,IBM
2025-11-03,9:35:54.008669719,T,309.47,40,309.9,160,IBM
2025-11-03,9:35:54.009912720,T,309.47,40,310.0,640,IBM
2025-11-03,9:35:54.013867216,T,309.33,40,310.0,640,IBM
2025-11-03,9:35:54.040234874,T,309.33,80,310.0,640,IBM
2025-11-03,9:35:54.108692925,T,309.03,40,310.0,640,IBM
2025-11-03,9:35:54.428905215,T,309.03,40,309.92,80,IBM
2025-11-03,9:35:54.931401505,T,309.03,40,309.91,80,IBM
2025-11-03,9:35:55.436042876,T,309.03,40,309.9,80,IBM
2025-11-03,9:35:58.110203885,T,309.33,360,309.9,80,IBM
2025-11-03,9:35:58.117521388,T,309.33,360,310.0,640,IBM
2025-11-03,9:35:59.798392776,T,309.33,360,309.88,120,IBM
2025-11-03,9:35:59.811047861,T,309.33,360,309.88,160,IBM
2025-11-03,9:35:59.811589136,T,309.33,360,309.88,120,IBM
2025-11-03,9:35:59.828038387,T,309.33,360,309.88,160,IBM
2025-11-03,9:35:59.907833329,T,309.33,360,309.88,40,IBM
2025-11-03,9:35:59.947512733,T,309.03,40,309.88,40,IBM
2025-11-03,9:35:59.972677662,T,309.03,40,310.0,680,IBM
2025-11-03,9:35:59.981513688,T,309.03,40,309.92,80,IBM
2025-11-03,9:36:00.165391479,T,309.03,40,309.87,120,IBM
2025-11-03,9:36:00.483438684,T,309.03,40,309.87,200,IBM
2025-11-03,9:36:00.665071099,T,308.79,40,309.87,200,IBM
2025-11-03,9:36:00.764442607,T,308.79,40,309.87,80,IBM
2025-11-03,9:36:01.029669033,T,308.79,40,309.87,200,IBM
2025-11-03,9:36:01.548213556,T,308.79,40,309.87,80,IBM
2025-11-03,9:36:03.781139202,T,308.79,40,310.0,640,IBM
2025-11-03,9:36:03.781179189,T,308.91,40,310.0,640,IBM
2025-11-03,9:36:03.781264432,T,308.91,40,309.92,80,IBM
2025-11-03,9:36:03.801542748,T,309.33,40,309.92,80,IBM
2025-11-03,9:36:03.802730587,T,309.33,120,309.92,80,IBM
2025-11-03,9:36:03.808704788,T,309.33,120,310.0,640,IBM
2025-11-03,9:36:03.808915292,T,309.33,160,310.0,640,IBM
2025-11-03,9:36:06.031972402,T,309.33,80,310.0,640,IBM
2025-11-03,9:36:07.639484207,T,309.33,40,310.0,640,IBM
2025-11-03,9:36:08.360841483,T,309.33,40,309.87,120,IBM
2025-11-03,9:36:08.574485221,T,309.33,40,310.0,640,IBM
2025-11-03,9:36:08.867166772,T,309.33,40,309.87,120,IBM
2025-11-03,9:36:08.927635753,T,309.33,40,310.0,640,IBM
2025-11-03,9:36:09.208820154,T,309.33,40,309.87,120,IBM
2025-11-03,9:36:09.209256143,T,309.33,40,309.87,200,IBM
2025-11-03,9:36:09.520326775,T,309.33,40,309.87,120,IBM
2025-11-03,9:36:10.006343754,T,309.33,40,310.0,640,IBM
2025-11-03,9:36:10.709708150,T,309.33,40,309.87,120,IBM
2025-11-03,9:36:10.895270006,T,309.33,40,310.0,640,IBM
2025-11-03,9:36:11.184909500,T,309.33,40,309.87,120,IBM
2025-11-03,9:36:11.383772840,T,309.33,40,310.0,640,IBM
2025-11-03,9:36:13.206507043,T,309.33,40,309.87,120,IBM
2025-11-03,9:36:13.534502789,T,309.33,40,309.87,200,IBM
2025-11-03,9:36:13.710191070,T,309.33,40,309.87,80,IBM
2025-11-03,9:36:13.881042789,T,309.61,40,309.87,80,IBM
2025-11-03,9:36:13.881082872,T,309.61,40,310.0,640,IBM
2025-11-03,9:36:13.881143009,T,309.74,40,310.0,640,IBM
2025-11-03,9:36:13.881178073,T,309.74,80,310.0,640,IBM
2025-11-03,9:36:13.881193172,T,309.74,40,310.0,640,IBM
2025-11-03,9:36:13.881609139,T,309.74,80,310.0,640,IBM
2025-11-03,9:36:13.881624212,T,309.74,40,310.0,640,IBM
2025-11-03,9:36:13.881764496,T,309.33,40,310.0,640,IBM
2025-11-03,9:36:13.881789618,T,309.74,40,310.0,640,IBM
2025-11-03,9:36:13.882215583,T,309.33,40,310.0,640,IBM
2025-11-03,9:36:13.882390971,T,309.33,40,310.0,600,IBM
2025-11-03,9:36:13.882390971,T,309.33,40,310.0,280,IBM
2025-11-03,9:36:13.882390971,T,309.33,40,310.0,240,IBM
2025-11-03,9:36:13.882395970,T,309.33,40,310.0,200,IBM
2025-11-03,9:36:13.882395970,T,309.33,40,310.0,160,IBM
2025-11-03,9:36:13.882395970,T,309.33,40,310.0,120,IBM
2025-11-03,9:36:13.882401143,T,309.33,40,310.0,80,IBM
2025-11-03,9:36:13.882401143,T,309.33,40,310.0,40,IBM
2025-11-03,9:36:13.882401143,T,309.33,40,310.07,160,IBM
2025-11-03,9:36:13.882401143,T,309.33,40,310.0,40,IBM
2025-11-03,9:36:13.882411228,T,309.33,40,310.07,160,IBM
2025-11-03,9:36:13.882431071,T,309.74,40,310.07,160,IBM
2025-11-03,9:36:13.882456453,T,309.77,80,310.07,160,IBM
2025-11-03,9:36:13.882476377,T,309.84,40,310.07,160,IBM
2025-11-03,9:36:13.882516265,T,309.87,40,310.07,160,IBM
2025-11-03,9:36:13.882611543,T,309.87,80,310.07,160,IBM
2025-11-03,9:36:13.882761851,T,309.87,80,310.65,40,IBM
2025-11-03,9:36:13.882797001,T,309.87,120,310.65,40,IBM
2025-11-03,9:36:13.882907209,T,309.87,120,310.69,40,IBM
2025-11-03,9:36:13.902809624,T,309.87,160,310.69,40,IBM
2025-11-03,9:36:13.904964799,T,310.08,40,310.69,40,IBM
2025-11-03,9:36:13.905190335,T,310.08,80,310.69,40,IBM
2025-11-03,9:36:13.910948981,T,310.08,40,310.69,40,IBM
2025-11-03,9:36:13.928601018,T,309.39,80,310.69,40,IBM
2025-11-03,9:36:13.938519591,T,309.39,80,310.27,40,IBM
2025-11-03,9:36:13.938609921,T,309.43,40,310.27,40,IBM
2025-11-03,9:36:13.938629921,T,309.43,40,310.45,40,IBM
2025-11-03,9:36:13.959394371,T,309.39,80,310.45,40,IBM
2025-11-03,9:36:13.967919566,T,309.43,40,310.45,40,IBM
2025-11-03,9:36:14.028759453,T,309.77,80,310.45,40,IBM
2025-11-03,9:36:14.028789581,T,309.77,120,310.45,40,IBM
2025-11-03,9:36:14.028969989,T,309.77,160,310.45,40,IBM
2025-11-03,9:36:14.038582854,T,309.77,160,310.49,200,IBM
2025-11-03,9:36:14.048531501,T,309.77,120,310.49,200,IBM
2025-11-03,9:36:14.049218181,T,309.77,160,310.49,200,IBM
2025-11-03,9:36:14.049288449,T,309.77,40,310.49,200,IBM
2025-11-03,9:36:15.769934450,T,309.77,80,310.49,200,IBM
2025-11-03,9:36:16.258181887,T,309.77,80,310.2,120,IBM
2025-11-03,9:36:16.311509187,T,309.77,80,310.49,200,IBM
2025-11-03,9:36:17.338558839,T,309.77,80,310.2,40,IBM
2025-11-03,9:36:19.020061740,T,309.77,80,310.2,160,IBM
2025-11-03,9:36:19.021309698,T,309.77,200,310.2,160,IBM
2025-11-03,9:36:19.187345030,T,309.77,200,310.2,40,IBM
2025-11-03,9:36:20.751483647,T,309.77,80,310.2,40,IBM
2025-11-03,9:36:20.755227534,T,309.77,80,310.49,200,IBM
2025-11-03,9:36:21.957785628,T,309.77,80,310.24,40,IBM
2025-11-03,9:36:21.958857890,T,309.77,120,310.24,40,IBM
2025-11-03,9:36:21.961980267,T,309.77,120,310.49,200,IBM
2025-11-03,9:36:22.518545346,T,309.77,80,310.49,200,IBM
2025-11-03,9:36:22.755464320,T,309.77,80,310.14,40,IBM
2025-11-03,9:36:23.006602209,T,309.77,80,310.49,200,IBM
2025-11-03,9:36:28.297277154,T,309.77,40,310.49,200,IBM
2025-11-03,9:36:28.738131635,T,309.77,40,310.14,40,IBM
2025-11-03,9:36:28.738667948,T,309.39,80,310.14,40,IBM
2025-11-03,9:36:28.738677914,T,309.77,40,310.14,40,IBM
2025-11-03,9:36:28.738688018,T,309.51,40,310.14,40,IBM
2025-11-03,9:36:28.738692911,T,309.39,80,310.14,40,IBM
2025-11-03,9:36:28.738698012,T,309.39,80,309.96,40,IBM
2025-11-03,9:36:28.738708713,T,309.39,80,310.14,40,IBM
2025-11-03,9:36:28.738718042,T,309.39,80,310.13,40,IBM
2025-11-03,9:36:28.738738032,T,309.39,40,310.13,40,IBM
2025-11-03,9:36:28.738778199,T,309.39,80,310.13,40,IBM
2025-11-03,9:36:28.738783169,T,309.52,40,310.13,40,IBM
2025-11-03,9:36:28.739244285,T,309.52,40,310.13,80,IBM
2025-11-03,9:36:28.739274352,T,309.52,40,310.13,40,IBM
2025-11-03,9:36:28.739274352,T,309.52,40,310.13,80,IBM
2025-11-03,9:36:28.743424229,T,309.52,40,310.13,40,IBM
2025-11-03,9:36:28.751789084,T,309.39,40,310.13,40,IBM
2025-11-03,9:36:28.838691075,T,309.39,40,310.14,40,IBM
2025-11-03,9:36:30.572603812,T,309.39,40,309.95,80,IBM
2025-11-03,9:36:30.574117383,T,309.39,40,309.95,120,IBM
2025-11-03,9:36:31.170361810,T,309.39,40,309.94,40,IBM
2025-11-03,9:36:31.270394904,T,309.39,40,309.95,120,IBM
2025-11-03,9:36:32.583661278,T,309.39,40,309.89,40,IBM
2025-11-03,9:36:32.584082272,T,309.39,40,309.89,80,IBM
2025-11-03,9:36:32.979007490,T,309.39,40,309.89,40,IBM
2025-11-03,9:36:36.309044961,T,309.39,40,309.79,40,IBM
2025-11-03,9:36:36.309340612,T,309.33,40,309.79,40,IBM
2025-11-03,9:36:36.309365773,T,309.33,40,309.65,40,IBM
2025-11-03,9:36:36.309370788,T,309.33,40,309.64,40,IBM
2025-11-03,9:36:36.309516023,T,309.28,80,309.64,40,IBM
2025-11-03,9:36:36.309521014,T,309.33,40,309.64,40,IBM
2025-11-03,9:36:36.309576159,T,309.28,80,309.64,40,IBM
2025-11-03,9:36:36.309581154,T,309.28,40,309.64,40,IBM
2025-11-03,9:36:36.309626339,T,309.18,40,309.64,40,IBM
2025-11-03,9:36:36.309952079,T,309.18,120,309.64,40,IBM
2025-11-03,9:36:36.310002222,T,309.28,80,309.64,40,IBM
2025-11-03,9:36:36.319845593,T,309.28,80,309.79,40,IBM
2025-11-03,9:36:38.314579270,T,309.28,80,309.64,40,IBM
2025-11-03,9:36:38.315000243,T,309.28,80,309.64,80,IBM
2025-11-03,9:36:38.845107225,T,309.28,80,309.64,40,IBM
2025-11-03,9:36:40.123200169,T,309.28,40,309.64,40,IBM
2025-11-03,9:36:40.123225283,T,309.18,80,309.64,40,IBM
2025-11-03,9:36:40.123230009,T,309.18,40,309.64,40,IBM
2025-11-03,9:36:40.123255058,T,309.18,40,309.46,40,IBM
2025-11-03,9:36:40.123280142,T,309.18,40,309.63,40,IBM
2025-11-03,9:36:40.223313281,T,309.18,40,309.64,40,IBM
2025-11-03,9:36:40.224265561,T,309.18,40,309.64,80,IBM
2025-11-03,9:36:40.320639940,T,309.18,40,309.62,40,IBM
2025-11-03,9:36:40.323762369,T,309.18,40,309.62,80,IBM
2025-11-03,9:36:42.626248577,T,309.18,40,309.61,40,IBM
2025-11-03,9:36:42.629696788,T,309.18,40,309.61,80,IBM
2025-11-03,9:36:43.503552061,T,309.18,40,309.61,120,IBM
2025-11-03,9:36:44.677566963,T,309.18,40,309.6,40,IBM
2025-11-03,9:36:44.678654622,T,309.18,40,309.6,80,IBM
2025-11-03,9:36:44.678669609,T,309.18,40,309.6,120,IBM
2025-11-03,9:36:45.282572215,T,309.18,40,309.6,80,IBM
2025-11-03,9:36:45.282993279,T,309.18,40,309.6,40,IBM
2025-11-03,9:36:47.289910953,T,309.18,40,309.59,40,IBM
2025-11-03,9:36:47.586035956,T,309.18,40,309.95,80,IBM
2025-11-03,9:36:49.351052892,T,309.15,80,309.95,80,IBM
2025-11-03,9:36:49.351057614,T,309.15,40,309.95,80,IBM
2025-11-03,9:36:49.351082824,T,309.15,40,309.56,80,IBM
2025-11-03,9:36:49.351132744,T,309.15,40,309.56,120,IBM
2025-11-03,9:36:49.355122298,T,309.15,40,309.56,80,IBM
2025-11-03,9:36:49.358395006,T,309.15,40,309.92,40,IBM
2025-11-03,9:36:49.430777377,T,308.86,40,309.92,40,IBM
2025-11-03,9:36:49.430802362,T,308.86,40,309.36,40,IBM
2025-11-03,9:36:49.459776340,T,308.86,40,309.55,40,IBM
2025-11-03,9:36:49.530820554,T,308.86,40,309.95,80,IBM
2025-11-03,9:36:49.591264392,T,308.86,40,309.93,40,IBM
2025-11-03,9:36:49.591279508,T,308.86,40,309.81,40,IBM
2025-11-03,9:36:49.591279508,T,308.86,40,309.93,40,IBM
2025-11-03,9:36:49.591309555,T,308.86,40,309.81,40,IBM
2025-11-03,9:36:49.591334567,T,308.86,40,309.93,40,IBM
2025-11-03,9:36:49.591369654,T,308.86,40,309.81,40,IBM
2025-11-03,9:36:49.591590232,T,308.86,40,309.77,40,IBM
2025-11-03,9:36:49.595710016,T,308.86,40,309.81,40,IBM
2025-11-03,9:36:49.595740060,T,308.86,40,309.93,40,IBM
2025-11-03,9:36:49.715039092,T,308.86,40,309.61,80,IBM
2025-11-03,9:36:50.402325242,T,308.57,40,309.61,80,IBM
2025-11-03,9:36:50.402365266,T,308.57,40,309.57,40,IBM
2025-11-03,9:36:50.402395422,T,308.57,40,309.61,80,IBM
2025-11-03,9:36:50.402395422,T,308.57,40,309.57,40,IBM
2025-11-03,9:36:50.402751182,T,308.57,40,309.35,40,IBM
2025-11-03,9:36:50.403793727,T,308.57,40,309.45,40,IBM
2025-11-03,9:36:50.407041416,T,308.57,40,309.57,40,IBM
2025-11-03,9:36:50.409567408,T,308.57,40,309.45,40,IBM
2025-11-03,9:36:50.431339289,T,308.57,40,309.61,80,IBM
2025-11-03,9:36:50.458889830,T,308.69,40,309.61,80,IBM
2025-11-03,9:36:50.459857197,T,308.69,40,309.11,80,IBM
2025-11-03,9:36:50.488831144,T,308.69,40,309.45,40,IBM
2025-11-03,9:36:50.560145880,T,308.69,40,309.61,80,IBM
2025-11-03,9:36:50.983929812,T,308.69,40,309.93,40,IBM
2025-11-03,9:36:50.990610642,T,308.69,40,309.91,40,IBM
2025-11-03,9:36:51.904496260,T,308.69,40,309.81,40,IBM
2025-11-03,9:36:51.904546396,T,308.85,40,309.81,40,IBM
2025-11-03,9:36:51.905548780,T,308.85,40,309.91,40,IBM
2025-11-03,9:36:51.987433751,T,308.85,40,309.4,40,IBM
2025-11-03,9:36:52.010503645,T,308.69,40,309.4,40,IBM
2025-11-03,9:36:52.205207142,T,308.86,40,309.4,40,IBM
2025-11-03,9:36:52.239664152,T,308.86,40,309.69,40,IBM
2025-11-03,9:36:52.351014255,T,308.69,40,309.69,40,IBM
2025-11-03,9:36:52.351159670,T,308.87,40,309.69,40,IBM
2025-11-03,9:36:52.578786554,T,308.69,40,309.69,40,IBM
2025-11-03,9:36:52.642127332,T,308.76,40,309.69,40,IBM
2025-11-03,9:36:52.907619387,T,308.69,40,309.69,40,IBM
2025-11-03,9:36:53.089341999,T,308.76,40,309.69,40,IBM
2025-11-03,9:36:53.376164774,T,308.76,40,309.93,40,IBM
2025-11-03,9:36:53.376655876,T,308.69,40,309.93,40,IBM
2025-11-03,9:36:53.377197256,T,308.76,40,309.93,40,IBM
2025-11-03,9:36:53.713547887,T,308.69,40,309.93,40,IBM
2025-11-03,9:36:53.713943872,T,308.69,40,309.69,40,IBM
2025-11-03,9:36:53.714770814,T,308.76,40,309.69,40,IBM
2025-11-03,9:36:53.863865727,T,308.69,40,309.69,40,IBM
2025-11-03,9:36:53.864352067,T,308.76,40,309.69,40,IBM
2025-11-03,9:36:53.864502259,T,308.76,40,309.81,40,IBM
2025-11-03,9:36:53.864522274,T,308.76,40,309.93,40,IBM
2025-11-03,9:36:53.864547369,T,309.06,80,309.93,40,IBM
2025-11-03,9:36:53.864557555,T,309.06,120,309.93,40,IBM
2025-11-03,9:36:53.864692707,T,309.06,120,309.95,80,IBM
2025-11-03,9:36:53.865158892,T,309.06,80,309.95,80,IBM
2025-11-03,9:36:53.865158892,T,309.23,40,309.95,80,IBM
2025-11-03,9:36:53.865825480,T,308.95,40,309.95,80,IBM
2025-11-03,9:36:53.869584316,T,308.91,40,309.95,80,IBM
2025-11-03,9:36:53.876881735,T,308.82,160,309.95,80,IBM
2025-11-03,9:36:53.965798445,T,309.06,40,309.95,80,IBM
2025-11-03,9:36:54.022508389,T,308.82,160,309.95,80,IBM
2025-11-03,9:36:54.029830874,T,308.82,160,309.76,40,IBM
2025-11-03,9:36:54.030327037,T,308.92,40,309.76,40,IBM
2025-11-03,9:36:54.035910357,T,308.92,40,309.74,40,IBM
2025-11-03,9:36:54.152884007,T,308.82,160,309.74,40,IBM
2025-11-03,9:36:54.153099318,T,308.93,40,309.74,40,IBM
2025-11-03,9:36:54.154026470,T,308.93,40,309.93,40,IBM
2025-11-03,9:36:54.243920563,T,308.93,40,309.75,40,IBM
2025-11-03,9:36:54.246221004,T,308.93,40,309.74,40,IBM
2025-11-03,9:36:54.539774849,T,308.82,160,309.74,40,IBM
2025-11-03,9:36:54.540321154,T,308.92,40,309.74,40,IBM
2025-11-03,9:36:54.540982679,T,308.92,40,309.73,40,IBM
2025-11-03,9:36:54.676139507,T,308.82,160,309.73,40,IBM
2025-11-03,9:36:54.676625685,T,308.92,40,309.73,40,IBM
2025-11-03,9:36:54.683491948,T,308.92,40,309.72,40,IBM
2025-11-03,9:36:55.049728797,T,308.82,160,309.72,40,IBM
2025-11-03,9:36:55.050260159,T,308.92,40,309.72,40,IBM
2025-11-03,9:36:55.246973446,T,308.92,40,309.72,80,IBM
2025-11-03,9:36:55.246998475,T,308.82,160,309.72,80,IBM
2025-11-03,9:36:55.247449480,T,308.82,160,309.71,40,IBM
2025-11-03,9:36:55.247464612,T,308.93,40,309.71,40,IBM
2025-11-03,9:36:55.561076071,T,308.82,160,309.71,40,IBM
2025-11-03,9:36:55.561612370,T,308.92,40,309.71,40,IBM
2025-11-03,9:36:55.587889969,T,308.92,40,309.72,40,IBM
2025-11-03,9:36:56.278769589,T,308.82,160,309.72,40,IBM
2025-11-03,9:36:56.279075321,T,308.93,40,309.72,40,IBM
2025-11-03,9:36:56.306991805,T,308.93,40,309.7,40,IBM
2025-11-03,9:36:56.307016925,T,308.82,160,309.7,40,IBM
2025-11-03,9:36:56.307783673,T,308.88,40,309.7,40,IBM
2025-11-03,9:36:56.563727999,T,308.82,160,309.7,40,IBM
2025-11-03,9:36:56.581034179,T,308.89,40,309.7,40,IBM
2025-11-03,9:36:57.237100994,T,308.89,40,309.72,40,IBM
2025-11-03,9:36:57.237597200,T,308.82,160,309.72,40,IBM
2025-11-03,9:36:57.238123441,T,308.89,40,309.72,40,IBM
2025-11-03,9:36:57.247320300,T,308.89,40,309.7,40,IBM
2025-11-03,9:36:57.247796498,T,308.89,40,309.69,40,IBM
2025-11-03,9:36:57.601839292,T,308.57,200,309.69,40,IBM
2025-11-03,9:36:57.779938240,T,308.85,40,309.69,40,IBM
2025-11-03,9:36:57.780464552,T,308.85,40,309.68,40,IBM
2025-11-03,9:36:58.112459914,T,308.57,200,309.68,40,IBM
2025-11-03,9:36:58.127776379,T,308.85,40,309.68,40,IBM
2025-11-03,9:36:58.133550087,T,308.85,40,309.67,40,IBM
2025-11-03,9:36:58.232360307,T,308.57,200,309.67,40,IBM
2025-11-03,9:36:58.232425425,T,308.86,40,309.67,40,IBM
2025-11-03,9:36:58.623772088,T,308.57,200,309.67,40,IBM
2025-11-03,9:36:58.624308447,T,308.86,40,309.67,40,IBM
2025-11-03,9:36:58.831175874,T,308.57,200,309.67,40,IBM
2025-11-03,9:36:58.836102614,T,308.87,40,309.67,40,IBM
2025-11-03,9:36:58.851639590,T,308.87,40,309.66,40,IBM
2025-11-03,9:36:59.133686013,T,308.57,200,309.66,40,IBM
2025-11-03,9:36:59.134046951,T,308.88,40,309.66,40,IBM
2025-11-03,9:36:59.163617258,T,308.88,40,309.65,40,IBM
2025-11-03,9:36:59.644316635,T,308.57,200,309.65,40,IBM
2025-11-03,9:36:59.902426110,T,308.86,40,309.65,40,IBM
2025-11-03,9:36:59.909482895,T,308.86,40,309.63,40,IBM
2025-11-03,9:37:00.152195774,T,308.57,200,309.63,40,IBM
2025-11-03,9:37:00.154847031,T,308.86,40,309.63,40,IBM
2025-11-03,9:37:00.232897893,T,308.57,200,309.63,40,IBM
2025-11-03,9:37:00.232897893,T,308.99,40,309.63,40,IBM
2025-11-03,9:37:00.233133386,T,308.99,40,309.93,40,IBM
2025-11-03,9:37:00.246650622,T,308.57,200,309.93,40,IBM
2025-11-03,9:37:00.506303717,T,308.57,200,309.95,80,IBM
2025-11-03,9:37:00.544534714,T,308.57,200,309.93,40,IBM
2025-11-03,9:37:00.612406234,T,308.57,200,309.95,80,IBM
2025-11-03,9:37:00.985364144,T,308.57,200,309.62,40,IBM
2025-11-03,9:37:01.112882767,T,308.57,200,309.62,80,IBM
2025-11-03,9:37:02.729992402,T,308.57,200,309.61,40,IBM
2025-11-03,9:37:02.749549012,T,308.57,200,309.61,80,IBM
2025-11-03,9:37:04.101076390,T,308.57,200,309.59,40,IBM
2025-11-03,9:37:04.725272313,T,308.57,200,309.59,80,IBM
2025-11-03,9:37:05.452348278,T,308.57,200,309.59,40,IBM
2025-11-03,9:37:05.802777521,T,308.57,200,309.58,40,IBM
2025-11-03,9:37:08.350667941,T,308.57,200,309.58,80,IBM
2025-11-03,9:37:10.511527030,T,308.57,200,309.57,40,IBM
2025-11-03,9:37:12.699831365,T,308.57,200,309.45,40,IBM
2025-11-03,9:37:26.499612705,T,308.57,200,309.44,120,IBM
2025-11-03,9:37:26.610426459,T,308.57,200,309.45,40,IBM
2025-11-03,9:37:27.906491941,T,308.57,200,309.44,120,IBM
2025-11-03,9:37:28.114497046,T,308.57,200,309.45,40,IBM
2025-11-03,9:37:28.151089194,T,308.57,200,309.4,40,IBM
2025-11-03,9:37:28.611079259,T,308.57,200,309.4,160,IBM
2025-11-03,9:37:28.710781623,T,308.57,200,309.4,40,IBM
2025-11-03,9:37:28.710811641,T,308.57,200,309.45,40,IBM
2025-11-03,9:37:29.576818180,T,308.57,200,309.4,120,IBM
2025-11-03,9:37:29.653139924,T,308.57,200,309.45,40,IBM
2025-11-03,9:37:35.962189125,T,308.57,200,309.25,40,IBM
2025-11-03,9:37:35.966464212,T,308.57,200,309.45,40,IBM
2025-11-03,9:37:41.699577466,T,308.57,240,309.45,40,IBM
2025-11-03,9:37:41.699632677,T,309.12,40,309.45,40,IBM
2025-11-03,9:37:41.699868304,T,309.12,40,309.45,320,IBM
2025-11-03,9:37:41.699873175,T,309.12,40,309.45,360,IBM
2025-11-03,9:37:41.699878239,T,309.12,40,309.45,40,IBM
2025-11-03,9:37:41.699923346,T,309.12,40,309.21,280,IBM
2025-11-03,9:37:41.699953661,T,308.57,200,309.21,280,IBM
2025-11-03,9:37:41.699958363,T,308.57,200,309.45,40,IBM
2025-11-03,9:37:41.699998493,T,308.67,40,309.45,40,IBM
2025-11-03,9:37:41.700013557,T,308.67,40,309.33,40,IBM
2025-11-03,9:37:41.703972888,T,308.67,40,309.45,40,IBM
2025-11-03,9:37:41.800422502,T,308.57,200,309.45,40,IBM
2025-11-03,9:37:42.483107850,T,309.14,40,309.45,40,IBM
2025-11-03,9:37:42.487167397,T,308.57,200,309.45,40,IBM
2025-11-03,9:37:42.738686116,T,308.67,40,309.45,40,IBM
2025-11-03,9:37:42.738711184,T,308.57,200,309.45,40,IBM
2025-11-03,9:37:42.738716191,T,309.15,40,309.45,40,IBM
2025-11-03,9:37:42.740190159,T,309.15,40,309.89,160,IBM
2025-11-03,9:37:42.743347268,T,308.67,40,309.89,160,IBM
2025-11-03,9:37:42.743347268,T,309.24,40,309.89,160,IBM
2025-11-03,9:37:42.745737989,T,309.15,40,309.89,160,IBM
2025-11-03,9:37:42.745918410,T,309.24,40,309.89,160,IBM
2025-11-03,9:37:42.747477144,T,309.24,80,309.89,160,IBM
2025-11-03,9:37:42.862375680,T,309.24,40,309.89,160,IBM
2025-11-03,9:37:42.862596195,T,308.76,160,309.89,160,IBM
2025-11-03,9:37:42.862636273,T,308.76,160,309.74,80,IBM
2025-11-03,9:37:42.862716451,T,309.09,40,309.74,80,IBM
2025-11-03,9:37:42.964067745,T,308.76,160,309.74,80,IBM
2025-11-03,9:37:42.964468636,T,309.01,40,309.74,80,IBM
2025-11-03,9:37:43.131205648,T,309.01,40,309.49,40,IBM
2025-11-03,9:37:43.131230644,T,308.76,160,309.49,40,IBM
2025-11-03,9:37:43.131711815,T,309.01,40,309.49,40,IBM
2025-11-03,9:37:44.028872532,T,308.76,160,309.49,40,IBM
2025-11-03,9:37:44.029373790,T,309.01,40,309.49,40,IBM
2025-11-03,9:37:44.999738835,T,309.01,40,309.74,80,IBM
2025-11-03,9:37:56.719213181,T,309.01,40,309.89,160,IBM
2025-11-03,9:37:56.782062736,T,309.01,40,309.43,80,IBM
2025-11-03,9:37:58.643083090,T,309.01,40,309.89,160,IBM
2025-11-03,9:37:58.644210790,T,309.01,40,309.52,80,IBM
2025-11-03,9:37:58.644220889,T,309.01,40,309.52,120,IBM
2025-11-03,9:37:58.644240848,T,309.01,40,309.52,80,IBM
2025-11-03,9:37:58.644240848,T,309.01,40,309.5,80,IBM
2025-11-03,9:37:58.644245768,T,308.76,160,309.5,80,IBM
2025-11-03,9:37:58.644265908,T,308.76,160,309.5,120,IBM
2025-11-03,9:37:58.644270920,T,308.76,160,309.5,200,IBM
2025-11-03,9:37:58.644331065,T,308.76,160,309.33,40,IBM
2025-11-03,9:37:58.644351040,T,308.76,160,309.33,120,IBM
2025-11-03,9:37:58.644381088,T,308.76,160,309.33,280,IBM
2025-11-03,9:37:58.644431226,T,308.76,160,309.33,360,IBM
2025-11-03,9:37:58.644611998,T,308.76,160,309.33,320,IBM
2025-11-03,9:37:58.644616945,T,308.76,160,309.29,80,IBM
2025-11-03,9:37:58.644616945,T,308.76,160,309.29,160,IBM
2025-11-03,9:37:58.644641770,T,308.76,160,309.29,360,IBM
2025-11-03,9:37:58.644721985,T,308.76,160,309.29,160,IBM
2025-11-03,9:37:58.913882761,T,308.78,40,309.29,160,IBM
2025-11-03,9:37:58.913907807,T,308.76,160,309.29,160,IBM
2025-11-03,9:37:59.349168889,T,308.76,160,309.29,240,IBM
2025-11-03,9:37:59.402155026,T,308.76,160,309.29,160,IBM
2025-11-03,9:38:03.024909398,T,308.57,40,309.29,160,IBM
2025-11-03,9:38:03.653335453,T,308.57,40,309.28,80,IBM
2025-11-03,9:38:03.653360451,T,308.57,40,309.28,120,IBM
2025-11-03,9:38:03.653380614,T,308.57,40,309.28,160,IBM
2025-11-03,9:38:03.653916838,T,308.57,40,309.28,240,IBM
2025-11-03,9:38:03.717693894,T,308.57,40,309.28,160,IBM
2025-11-03,9:38:07.713982224,T,308.57,40,309.28,240,IBM
2025-11-03,9:38:07.780220155,T,308.57,40,309.28,160,IBM
2025-11-03,9:38:08.172649579,T,308.57,40,309.28,80,IBM
2025-11-03,9:38:08.172649579,T,308.57,40,309.72,160,IBM
2025-11-03,9:38:08.172679305,T,309.02,40,309.72,160,IBM
2025-11-03,9:38:08.172684580,T,309.09,40,309.72,160,IBM
2025-11-03,9:38:08.172739430,T,309.02,40,309.72,160,IBM
2025-11-03,9:38:08.172799567,T,308.67,40,309.72,160,IBM
2025-11-03,9:38:08.172869685,T,309.02,40,309.72,160,IBM
2025-11-03,9:38:08.172889754,T,309.02,80,309.72,160,IBM
2025-11-03,9:38:08.172894905,T,309.15,40,309.72,160,IBM
2025-11-03,9:38:08.172979973,T,309.09,40,309.72,160,IBM
2025-11-03,9:38:08.173120330,T,309.15,40,309.72,160,IBM
2025-11-03,9:38:08.173180453,T,309.15,40,309.7,40,IBM
2025-11-03,9:38:08.173180453,T,309.15,40,309.3,40,IBM
2025-11-03,9:38:08.173195439,T,309.15,40,309.33,40,IBM
2025-11-03,9:38:08.173195439,T,309.09,40,309.33,40,IBM
2025-11-03,9:38:08.173200458,T,309.09,40,309.72,160,IBM
2025-11-03,9:38:08.173205531,T,309.09,40,309.33,40,IBM
2025-11-03,9:38:08.173215528,T,309.09,40,309.3,40,IBM
2025-11-03,9:38:08.173245542,T,309.09,40,309.7,40,IBM
2025-11-03,9:38:08.173250599,T,309.09,40,309.3,40,IBM
2025-11-03,9:38:08.173280664,T,309.09,40,309.29,40,IBM
2025-11-03,9:38:08.173280664,T,309.09,40,309.3,40,IBM
2025-11-03,9:38:08.173380916,T,309.09,40,309.33,40,IBM
2025-11-03,9:38:08.173451075,T,309.09,40,309.7,40,IBM
2025-11-03,9:38:08.173461231,T,309.09,40,309.72,160,IBM
2025-11-03,9:38:08.173466354,T,309.02,40,309.72,160,IBM
2025-11-03,9:38:08.173882165,T,309.02,80,309.72,160,IBM
2025-11-03,9:38:08.174072516,T,309.02,80,309.7,40,IBM
2025-11-03,9:38:08.174087651,T,309.02,80,309.72,160,IBM
2025-11-03,9:38:08.174092595,T,309.02,80,309.7,40,IBM
2025-11-03,9:38:08.175681380,T,309.02,80,309.72,160,IBM
2025-11-03,9:38:08.175742015,T,309.05,40,309.72,160,IBM
2025-11-03,9:38:08.175967033,T,309.05,80,309.72,160,IBM
2025-11-03,9:38:08.180132023,T,309.05,40,309.72,160,IBM
2025-11-03,9:38:08.183464955,T,308.57,40,309.72,160,IBM
2025-11-03,9:38:08.291201438,T,308.57,40,309.42,40,IBM
2025-11-03,9:38:08.291517162,T,308.67,40,309.42,40,IBM
2025-11-03,9:38:09.246139681,T,308.67,40,309.41,40,IBM
2025-11-03,9:38:09.267670860,T,308.67,40,309.72,160,IBM
2025-11-03,9:38:13.015753617,T,309.02,40,309.72,160,IBM
2025-11-03,9:38:13.187803094,T,309.02,40,309.41,40,IBM
2025-11-03,9:38:13.471538559,T,309.02,40,309.72,160,IBM
2025-11-03,9:38:13.901928422,T,308.78,40,309.72,160,IBM
2025-11-03,9:38:13.901928422,T,309.02,40,309.72,160,IBM
2025-11-03,9:38:13.901943153,T,309.25,40,309.72,160,IBM
2025-11-03,9:38:13.902193821,T,309.25,40,310.05,40,IBM
2025-11-03,9:38:13.902198823,T,309.25,40,309.9,160,IBM
2025-11-03,9:38:15.749115668,T,309.1,40,309.9,160,IBM
2025-11-03,9:38:18.035573622,T,309.2,40,309.9,160,IBM
2025-11-03,9:38:20.813907762,T,309.2,40,309.63,40,IBM
2025-11-03,9:38:24.224572120,T,309.2,40,309.62,40,IBM
2025-11-03,9:38:25.674012743,T,309.1,40,309.62,40,IBM
2025-11-03,9:38:26.109504449,T,309.1,40,309.62,120,IBM
2025-11-03,9:38:26.316657554,T,309.1,40,309.62,40,IBM
2025-11-03,9:38:31.320740162,T,309.1,40,309.62,120,IBM
2025-11-03,9:38:31.321306455,T,308.91,160,309.62,120,IBM
2025-11-03,9:38:31.321331550,T,308.91,160,309.44,40,IBM
2025-11-03,9:38:31.321371705,T,308.91,160,309.62,120,IBM
2025-11-03,9:38:31.321401703,T,308.91,160,309.61,40,IBM
2025-11-03,9:38:31.321907881,T,308.91,160,309.61,80,IBM
2025-11-03,9:38:31.321907881,T,308.91,160,309.55,40,IBM
2025-11-03,9:38:31.321907881,T,308.91,160,309.46,40,IBM
2025-11-03,9:38:31.322003102,T,308.91,160,309.55,40,IBM
2025-11-03,9:38:31.322073343,T,308.91,160,309.61,80,IBM
2025-11-03,9:38:31.322795023,T,308.91,160,309.6,40,IBM
2025-11-03,9:38:31.322805082,T,308.91,160,309.61,80,IBM
2025-11-03,9:38:31.323010585,T,308.91,160,309.15,40,IBM
2025-11-03,9:38:31.323531824,T,308.91,160,309.61,80,IBM
2025-11-03,9:38:31.323622039,T,308.91,160,309.61,40,IBM
2025-11-03,9:38:31.323647092,T,308.67,40,309.61,40,IBM
2025-11-03,9:38:31.323782427,T,308.98,40,309.61,40,IBM
2025-11-03,9:38:31.323917771,T,308.67,40,309.61,40,IBM
2025-11-03,9:38:31.325947589,T,308.67,40,309.61,120,IBM
2025-11-03,9:38:31.329741985,T,308.58,160,309.61,120,IBM
2025-11-03,9:38:31.331325353,T,308.58,160,309.61,40,IBM
2025-11-03,9:38:31.341795226,T,308.58,160,309.62,80,IBM
2025-11-03,9:38:31.342121047,T,308.58,160,309.61,40,IBM
2025-11-03,9:38:31.346135604,T,308.58,160,309.62,80,IBM
2025-11-03,9:38:31.415776351,T,308.58,160,309.61,40,IBM
2025-11-03,9:38:31.421454882,T,308.58,160,309.62,80,IBM
2025-11-03,9:38:32.299931240,T,308.58,160,309.41,40,IBM
2025-11-03,9:38:32.300352480,T,308.58,160,309.41,80,IBM
2025-11-03,9:38:32.405567726,T,308.58,160,309.41,40,IBM
2025-11-03,9:38:33.657357747,T,308.58,160,309.62,80,IBM
2025-11-03,9:38:36.843929040,T,308.58,160,309.37,40,IBM
2025-11-03,9:38:37.246998091,T,308.58,160,309.37,80,IBM
2025-11-03,9:38:37.735586154,T,308.58,160,309.37,40,IBM
2025-11-03,9:38:38.070252877,T,308.58,160,309.62,80,IBM
2025-11-03,9:38:39.933513570,T,308.58,160,309.34,80,IBM
2025-11-03,9:38:39.933934516,T,308.58,160,309.34,120,IBM
2025-11-03,9:38:41.410379277,T,308.58,160,309.34,80,IBM
2025-11-03,9:38:41.875787509,T,308.58,160,309.33,40,IBM
2025-11-03,9:38:41.875797347,T,308.58,160,309.34,80,IBM
2025-11-03,9:38:41.875842438,T,308.58,160,309.34,120,IBM
2025-11-03,9:38:41.875997820,T,308.58,160,309.33,40,IBM
2025-11-03,9:38:41.876033000,T,308.58,160,309.33,80,IBM
2025-11-03,9:38:41.876213291,T,308.58,160,309.33,120,IBM
2025-11-03,9:38:41.876629318,T,308.58,200,309.33,120,IBM
2025-11-03,9:38:41.877506331,T,308.85,120,309.33,120,IBM
2025-11-03,9:38:41.877556444,T,308.58,200,309.33,120,IBM
2025-11-03,9:38:41.877581580,T,308.58,160,309.33,120,IBM
2025-11-03,9:38:41.877606597,T,308.58,160,309.08,40,IBM
2025-11-03,9:38:41.879726670,T,308.57,40,309.08,40,IBM
2025-11-03,9:38:41.881566070,T,308.58,200,309.08,40,IBM
2025-11-03,9:38:41.886658159,T,308.58,200,309.33,80,IBM
2025-11-03,9:38:41.886683257,T,308.58,200,309.33,40,IBM
2025-11-03,9:38:41.887079147,T,308.58,200,309.34,120,IBM
2025-11-03,9:38:41.887104255,T,308.58,200,309.34,80,IBM
2025-11-03,9:38:42.170523997,T,308.58,200,309.39,160,IBM
2025-11-03,9:38:42.231012926,T,308.33,240,309.39,160,IBM
2025-11-03,9:38:42.231017995,T,308.57,40,309.39,160,IBM
2025-11-03,9:38:42.231037991,T,308.82,200,309.39,160,IBM
2025-11-03,9:38:42.231113219,T,308.83,200,309.39,160,IBM
2025-11-03,9:38:42.231208462,T,308.42,40,309.39,160,IBM
2025-11-03,9:38:42.231228540,T,308.42,40,309.11,40,IBM
2025-11-03,9:38:42.231243447,T,308.58,40,309.11,40,IBM
2025-11-03,9:38:42.231263561,T,308.58,40,309.37,40,IBM
2025-11-03,9:38:42.231965175,T,308.42,40,309.37,40,IBM
2025-11-03,9:38:42.232035393,T,308.58,40,309.37,40,IBM
2025-11-03,9:38:42.232621770,T,308.58,40,309.38,40,IBM
2025-11-03,9:38:42.232641813,T,308.58,40,309.39,160,IBM
2025-11-03,9:38:42.241422732,T,308.58,40,309.38,40,IBM
2025-11-03,9:38:42.251652072,T,308.58,40,309.39,160,IBM
2025-11-03,9:38:47.186946075,T,308.59,40,309.39,160,IBM
2025-11-03,9:38:47.353933564,T,308.58,40,309.39,160,IBM
2025-11-03,9:38:47.459991043,T,308.42,40,309.39,160,IBM
2025-11-03,9:38:49.038944817,T,308.59,40,309.39,160,IBM
2025-11-03,9:38:53.932614528,T,308.6,40,309.39,160,IBM
2025-11-03,9:38:53.932634703,T,308.59,40,309.39,160,IBM
2025-11-03,9:38:53.932639587,T,308.78,40,309.39,160,IBM
2025-11-03,9:38:53.933391404,T,308.57,40,309.39,160,IBM
2025-11-03,9:38:53.933396413,T,308.89,40,309.39,160,IBM
2025-11-03,9:38:53.934579295,T,308.78,40,309.39,160,IBM
2025-11-03,9:38:53.936338389,T,308.78,40,309.49,40,IBM
2025-11-03,9:38:53.936368588,T,308.89,40,309.49,40,IBM
2025-11-03,9:38:53.936508789,T,308.89,40,309.29,80,IBM
2025-11-03,9:38:53.937400896,T,308.57,40,309.29,80,IBM
2025-11-03,9:38:53.937831954,T,308.54,40,309.29,80,IBM
2025-11-03,9:38:53.952857793,T,308.78,40,309.29,80,IBM
2025-11-03,9:38:54.104523807,T,308.54,40,309.29,80,IBM
2025-11-03,9:38:54.953329461,T,308.54,40,309.28,80,IBM
2025-11-03,9:38:56.232589796,T,308.53,40,309.28,80,IBM
2025-11-03,9:38:56.232625016,T,308.57,40,309.28,80,IBM
2025-11-03,9:39:04.290016256,T,308.78,40,309.28,80,IBM
2025-11-03,9:39:07.674799096,T,308.57,40,309.28,80,IBM
2025-11-03,9:39:07.904150064,T,308.78,40,309.28,80,IBM
2025-11-03,9:39:09.578480836,T,308.79,40,309.28,80,IBM
2025-11-03,9:39:09.578525954,T,308.79,40,309.49,40,IBM
2025-11-03,9:39:09.578546235,T,309.03,40,309.49,40,IBM
2025-11-03,9:39:09.578601132,T,309.03,40,309.61,160,IBM
2025-11-03,9:39:09.579142495,T,309.03,80,309.61,160,IBM
2025-11-03,9:39:09.579252742,T,309.16,40,309.61,160,IBM
2025-11-03,9:39:09.579297866,T,309.16,40,309.62,80,IBM
2025-11-03,9:39:09.580154842,T,309.16,40,309.84,160,IBM
2025-11-03,9:39:09.580164915,T,309.08,80,309.84,160,IBM
2025-11-03,9:39:09.580164915,T,309.27,40,309.84,160,IBM
2025-11-03,9:39:09.580646059,T,309.17,40,309.84,160,IBM
2025-11-03,9:39:09.580646059,T,309.45,40,309.84,160,IBM
2025-11-03,9:39:09.581337652,T,309.08,120,309.84,160,IBM
2025-11-03,9:39:09.581462982,T,309.33,40,309.84,160,IBM
2025-11-03,9:39:09.586394988,T,309.33,40,309.74,80,IBM
2025-11-03,9:39:09.594784744,T,309.08,80,309.74,80,IBM
2025-11-03,9:39:09.594804707,T,309.08,40,309.74,80,IBM
2025-11-03,9:39:09.594829783,T,309.08,40,309.74,160,IBM
2025-11-03,9:39:09.595320916,T,309.18,40,309.74,160,IBM
2025-11-03,9:39:09.711362159,T,309.08,40,309.74,160,IBM
2025-11-03,9:39:09.712159087,T,309.19,40,309.74,160,IBM
2025-11-03,9:39:09.712189251,T,309.19,40,309.74,80,IBM
2025-11-03,9:39:09.823880078,T,309.08,40,309.74,80,IBM
2025-11-03,9:39:09.824451534,T,309.19,40,309.74,80,IBM
2025-11-03,9:39:09.825017765,T,309.18,40,309.74,80,IBM
2025-11-03,9:39:09.831643588,T,309.19,40,309.74,80,IBM
2025-11-03,9:39:10.079894590,T,309.18,40,309.74,80,IBM
2025-11-03,9:39:10.426193934,T,309.19,40,309.74,80,IBM
2025-11-03,9:39:10.525670700,T,309.18,40,309.74,80,IBM
2025-11-03,9:39:19.127929130,T,308.86,40,309.74,80,IBM
2025-11-03,9:39:19.964946758,T,309.19,200,309.74,80,IBM
2025-11-03,9:39:22.341073241,T,309.2,40,309.74,80,IBM
2025-11-03,9:39:22.350400368,T,309.19,200,309.74,80,IBM
2025-11-03,9:39:27.381587570,T,309.46,200,309.74,80,IBM
2025-11-03,9:39:29.151932039,T,309.46,200,310.06,160,IBM
2025-11-03,9:39:30.130085642,T,309.46,200,309.72,120,IBM
2025-11-03,9:39:30.651511934,T,309.46,200,310.06,160,IBM
2025-11-03,9:39:30.655967573,T,309.46,200,310.05,40,IBM
2025-11-03,9:39:32.946214555,T,309.46,200,309.91,40,IBM
2025-11-03,9:39:34.917311924,T,309.46,200,310.05,40,IBM
2025-11-03,9:39:36.902172071,T,309.46,200,309.91,40,IBM
2025-11-03,9:39:39.057452895,T,309.46,200,309.65,40,IBM
2025-11-03,9:39:39.058204753,T,308.97,40,309.65,40,IBM
2025-11-03,9:39:39.058229724,T,308.97,40,309.47,80,IBM
2025-11-03,9:39:39.058259849,T,308.97,40,309.65,40,IBM
2025-11-03,9:39:39.058310227,T,308.97,40,309.78,40,IBM
2025-11-03,9:39:39.058505612,T,308.97,40,309.65,40,IBM
2025-11-03,9:39:39.058510400,T,308.97,40,309.74,40,IBM
2025-11-03,9:39:39.058515465,T,308.97,40,309.78,40,IBM
2025-11-03,9:39:39.058741047,T,308.97,40,309.79,40,IBM
2025-11-03,9:39:39.059026714,T,308.97,40,309.78,40,IBM
2025-11-03,9:39:39.059091830,T,309.38,40,309.78,40,IBM
2025-11-03,9:39:39.096365571,T,309.38,40,309.79,40,IBM
2025-11-03,9:39:39.157455999,T,309.38,40,309.95,40,IBM
2025-11-03,9:39:42.422959788,T,309.38,40,309.6,40,IBM
2025-11-03,9:39:42.451933786,T,309.38,40,309.8,40,IBM
2025-11-03,9:39:42.451953830,T,309.38,40,310.05,40,IBM
2025-11-03,9:39:49.815859273,T,309.48,40,310.05,40,IBM
2025-11-03,9:39:49.816024625,T,309.48,40,310.06,160,IBM
2025-11-03,9:39:49.816781464,T,309.19,40,310.06,160,IBM
2025-11-03,9:39:51.210855219,T,309.19,40,310.05,40,IBM
2025-11-03,9:39:51.211085660,T,309.19,40,310.06,160,IBM
2025-11-03,9:39:53.879377829,T,309.48,40,310.06,160,IBM
2025-11-03,9:39:53.883698106,T,309.61,40,310.06,160,IBM
2025-11-03,9:39:53.883933628,T,309.61,80,310.06,160,IBM
2025-11-03,9:39:53.883958746,T,309.61,40,310.06,160,IBM
2025-11-03,9:39:53.883958746,T,309.7,40,310.06,160,IBM
2025-11-03,9:39:53.884635301,T,309.61,40,310.06,160,IBM
2025-11-03,9:39:53.885196629,T,309.7,40,310.06,160,IBM
2025-11-03,9:39:53.886148958,T,309.7,40,310.29,40,IBM
2025-11-03,9:39:53.886159002,T,309.7,40,310.28,160,IBM
2025-11-03,9:39:53.886219140,T,309.48,40,310.28,160,IBM
2025-11-03,9:39:54.884214856,T,309.48,40,310.17,40,IBM
2025-11-03,9:39:55.956387301,T,309.48,40,310.28,200,IBM
2025-11-03,9:40:00.026376220,T,309.48,40,309.79,40,IBM
2025-11-03,9:40:00.039547564,T,309.48,40,310.28,200,IBM
2025-11-03,9:40:00.041226509,T,309.48,40,309.79,40,IBM
2025-11-03,9:40:02.024878772,T,309.48,40,309.95,40,IBM
2025-11-03,9:40:03.032838305,T,309.49,40,309.95,40,IBM
2025-11-03,9:40:03.033199115,T,309.48,40,309.95,40,IBM
2025-11-03,9:40:03.033199115,T,309.59,40,309.95,40,IBM
2025-11-03,9:40:03.033449766,T,309.59,80,309.95,40,IBM
2025-11-03,9:40:03.033615134,T,309.59,40,309.95,40,IBM
2025-11-03,9:40:03.033615134,T,309.69,40,309.95,40,IBM
2025-11-03,9:40:03.034412008,T,309.69,80,309.95,40,IBM
2025-11-03,9:40:03.034462099,T,309.69,40,309.95,40,IBM
2025-11-03,9:40:04.582397078,T,309.69,40,310.28,200,IBM
2025-11-03,9:40:04.582417145,T,309.69,40,310.28,160,IBM
2025-11-03,9:40:04.588421426,T,309.84,40,310.28,160,IBM
2025-11-03,9:40:04.588747197,T,309.37,40,310.28,160,IBM
2025-11-03,9:40:04.588752172,T,309.37,40,310.28,200,IBM
2025-11-03,9:40:04.588757571,T,309.27,40,310.28,200,IBM
2025-11-03,9:40:04.589749574,T,309.27,40,310.28,160,IBM
2025-11-03,9:40:04.866483377,T,309.7,80,310.28,160,IBM
2025-11-03,9:40:14.490519081,T,309.7,80,310.29,40,IBM
2025-11-03,9:40:14.490544184,T,309.7,80,310.41,40,IBM
2025-11-03,9:40:15.211665847,T,309.7,80,310.04,40,IBM
2025-11-03,9:40:15.240639826,T,309.7,80,310.21,40,IBM
2025-11-03,9:40:15.311804305,T,309.7,80,310.41,40,IBM
2025-11-03,9:40:31.631775630,T,309.37,160,310.41,40,IBM
2025-11-03,9:40:31.632281822,T,309.37,160,310.29,40,IBM
2025-11-03,9:40:31.632296906,T,309.37,160,310.24,40,IBM
2025-11-03,9:40:31.632306861,T,309.37,160,310.04,40,IBM
2025-11-03,9:40:31.632316889,T,309.37,160,310.24,40,IBM
2025-11-03,9:40:31.632316889,T,309.37,160,310.04,40,IBM
2025-11-03,9:40:31.632332103,T,309.37,160,310.29,40,IBM
2025-11-03,9:40:31.632332103,T,309.37,160,310.04,40,IBM
2025-11-03,9:40:31.632602583,T,309.37,160,310.09,40,IBM
2025-11-03,9:40:31.632647674,T,309.25,40,310.09,40,IBM
2025-11-03,9:40:31.632742996,T,309.25,40,310.19,40,IBM
2025-11-03,9:40:31.633003585,T,309.25,40,310.09,40,IBM
2025-11-03,9:40:31.634847972,T,309.25,40,309.98,40,IBM
2025-11-03,9:40:31.635268911,T,309.17,200,309.98,40,IBM
2025-11-03,9:40:31.635394200,T,309.17,200,309.99,40,IBM
2025-11-03,9:40:31.635589734,T,309.17,200,310.09,40,IBM
2025-11-03,9:40:31.635624782,T,309.17,200,309.99,40,IBM
2025-11-03,9:40:31.635750062,T,309.17,200,310.19,40,IBM
2025-11-03,9:40:31.651968691,T,309.17,200,309.99,40,IBM
2025-11-03,9:40:31.651998830,T,309.17,200,310.09,40,IBM
2025-11-03,9:40:34.564692629,T,309.25,40,310.09,40,IBM
2025-11-03,9:40:34.564697682,T,309.39,40,310.09,40,IBM
2025-11-03,9:40:34.564737729,T,309.39,40,309.99,40,IBM
2025-11-03,9:40:34.568727304,T,309.38,80,309.99,40,IBM
2025-11-03,9:40:34.760373564,T,309.38,80,310.09,40,IBM
2025-11-03,9:40:38.610318567,T,309.38,80,309.68,120,IBM
2025-11-03,9:40:38.618618341,T,309.38,80,310.1,160,IBM
2025-11-03,9:40:38.618618341,T,309.38,80,309.67,120,IBM
2025-11-03,9:40:38.625695245,T,309.38,80,310.1,160,IBM
2025-11-03,9:40:38.625695245,T,309.38,80,309.66,120,IBM
2025-11-03,9:40:38.626251550,T,309.38,80,310.1,160,IBM
2025-11-03,9:40:38.626276611,T,309.38,120,310.1,160,IBM
2025-11-03,9:40:38.626276611,T,309.39,40,310.1,160,IBM
2025-11-03,9:40:38.626281726,T,309.39,80,310.1,160,IBM
2025-11-03,9:40:38.655250553,T,309.39,40,310.1,160,IBM
2025-11-03,9:40:38.776163437,T,309.45,40,310.1,160,IBM
2025-11-03,9:40:39.626673117,T,309.45,40,310.09,40,IBM
2025-11-03,9:40:39.789094786,T,309.53,40,310.09,40,IBM
2025-11-03,9:40:39.789155009,T,309.53,40,310.1,160,IBM
2025-11-03,9:40:39.909737045,T,309.45,40,310.1,160,IBM
2025-11-03,9:40:40.068690375,T,309.53,40,310.1,160,IBM
2025-11-03,9:40:40.069236834,T,309.53,80,310.1,160,IBM
2025-11-03,9:40:40.069236834,T,309.58,40,310.1,160,IBM
2025-11-03,9:40:40.070289180,T,309.54,40,310.1,160,IBM
2025-11-03,9:40:40.070830471,T,309.67,40,310.1,160,IBM
2025-11-03,9:40:40.070860591,T,309.68,40,310.1,160,IBM
2025-11-03,9:40:40.075266058,T,309.68,40,310.41,40,IBM
2025-11-03,9:40:40.075276108,T,309.68,40,310.3,160,IBM
2025-11-03,9:40:40.085675846,T,309.68,40,309.97,40,IBM
2025-11-03,9:40:40.085700937,T,309.67,40,309.97,40,IBM
2025-11-03,9:40:40.469158766,T,309.67,40,310.3,160,IBM
2025-11-03,9:40:41.069638218,T,309.67,40,310.29,40,IBM
2025-11-03,9:40:41.314496064,T,309.67,40,310.19,40,IBM
2025-11-03,9:40:41.314591345,T,309.67,40,309.95,40,IBM
2025-11-03,9:40:41.314591345,T,309.67,40,310.19,40,IBM
2025-11-03,9:40:41.314631390,T,309.27,40,310.19,40,IBM
2025-11-03,9:40:41.314651449,T,309.27,40,309.95,40,IBM
2025-11-03,9:40:41.343625461,T,309.27,40,310.09,40,IBM
2025-11-03,9:40:41.343926209,T,309.38,40,310.09,40,IBM
2025-11-03,9:40:41.343976322,T,309.38,40,309.95,40,IBM
2025-11-03,9:40:41.344282147,T,309.38,40,309.95,120,IBM
2025-11-03,9:40:41.344858426,T,309.38,40,309.95,40,IBM
2025-11-03,9:40:41.357749086,T,309.38,40,309.94,40,IBM
2025-11-03,9:40:41.879912106,T,309.38,40,309.9,80,IBM
2025-11-03,9:40:42.347991490,T,309.38,40,309.94,40,IBM
2025-11-03,9:40:43.413442818,T,309.38,40,310.09,40,IBM
2025-11-03,9:40:45.186187991,T,309.38,40,310.14,200,IBM
2025-11-03,9:40:45.186202949,T,309.61,40,310.14,200,IBM
2025-11-03,9:40:45.186213021,T,309.62,40,310.14,200,IBM
2025-11-03,9:40:45.186218041,T,309.62,40,310.14,160,IBM
2025-11-03,9:40:45.186573853,T,309.73,40,310.14,160,IBM
2025-11-03,9:40:45.186714214,T,309.73,40,310.29,40,IBM
2025-11-03,9:40:45.186744291,T,309.73,40,310.33,200,IBM
2025-11-03,9:40:45.186774361,T,309.73,40,310.33,240,IBM
2025-11-03,9:40:45.197454762,T,309.62,40,310.33,240,IBM
2025-11-03,9:40:45.215186934,T,309.39,40,310.33,240,IBM
2025-11-03,9:40:45.215207048,T,309.38,40,310.33,240,IBM
2025-11-03,9:40:45.286326333,T,309.37,40,310.33,240,IBM
2025-11-03,9:40:45.286351353,T,309.27,40,310.33,240,IBM
2025-11-03,9:40:46.556600259,T,309.37,40,310.33,240,IBM
2025-11-03,9:40:47.529170732,T,309.38,40,310.33,240,IBM
2025-11-03,9:40:47.529732083,T,309.38,40,310.33,200,IBM
2025-11-03,9:40:47.529752154,T,309.66,40,310.33,200,IBM
2025-11-03,9:40:47.529767177,T,309.84,40,310.33,200,IBM
2025-11-03,9:40:47.533245430,T,309.66,40,310.33,200,IBM
2025-11-03,9:40:47.540036575,T,309.38,40,310.33,200,IBM
2025-11-03,9:40:47.540517753,T,309.84,40,310.33,200,IBM
2025-11-03,9:40:47.541891033,T,309.38,40,310.33,200,IBM
2025-11-03,9:40:51.488360810,T,309.92,40,310.33,200,IBM
2025-11-03,9:40:51.488636761,T,309.92,80,310.33,200,IBM
2025-11-03,9:40:51.488892003,T,309.92,40,310.33,200,IBM
2025-11-03,9:40:52.488947722,T,309.38,40,310.33,200,IBM
2025-11-03,9:40:52.496094791,T,309.47,40,310.33,200,IBM
2025-11-03,9:40:52.496139985,T,309.6,40,310.33,200,IBM
2025-11-03,9:40:52.496350425,T,309.6,80,310.33,200,IBM
2025-11-03,9:40:52.496570897,T,309.6,80,309.97,40,IBM
2025-11-03,9:40:52.590248896,T,309.6,40,309.97,40,IBM
2025-11-03,9:40:52.740561750,T,309.61,40,309.97,40,IBM
2025-11-03,9:40:52.878775777,T,309.38,40,309.97,40,IBM
2025-11-03,9:40:52.879567698,T,309.6,40,309.97,40,IBM
2025-11-03,9:40:53.011607223,T,309.62,40,309.97,40,IBM
2025-11-03,9:40:53.012328722,T,309.62,80,309.97,40,IBM
2025-11-03,9:40:54.958251179,T,309.62,40,309.97,40,IBM
2025-11-03,9:40:54.958611994,T,309.62,40,310.33,200,IBM
2025-11-03,9:40:54.958632041,T,309.79,40,310.33,200,IBM
2025-11-03,9:40:54.958717462,T,309.63,40,310.33,200,IBM
2025-11-03,9:41:01.940658331,T,309.47,40,310.33,200,IBM
2025-11-03,9:41:03.426420259,T,309.64,40,310.33,200,IBM
2025-11-03,9:41:03.426630788,T,309.64,80,310.33,200,IBM
2025-11-03,9:41:03.444789068,T,309.64,120,310.33,200,IBM
2025-11-03,9:41:05.296477224,T,309.64,80,310.33,200,IBM
2025-11-03,9:41:06.655938429,T,309.64,80,309.97,40,IBM
2025-11-03,9:41:09.638268079,T,309.65,40,309.97,40,IBM
2025-11-03,9:41:09.638298181,T,309.66,40,309.97,40,IBM
2025-11-03,9:41:09.638333250,T,309.77,40,309.97,40,IBM
2025-11-03,9:41:09.638794355,T,309.66,40,309.97,40,IBM
2025-11-03,9:41:09.638829462,T,309.65,40,309.97,40,IBM
2025-11-03,9:41:09.638864567,T,309.77,40,309.97,40,IBM
2025-11-03,9:41:09.649564935,T,309.64,40,309.97,40,IBM
2025-11-03,9:41:09.660150202,T,309.36,160,309.97,40,IBM
2025-11-03,9:41:10.058067444,T,309.6,120,309.97,40,IBM
2025-11-03,9:41:11.709784490,T,309.36,160,309.97,40,IBM
2025-11-03,9:41:12.886806454,T,309.27,40,309.97,40,IBM
2025-11-03,9:41:19.941941744,T,309.25,40,309.97,40,IBM
2025-11-03,9:41:19.944613256,T,309.39,40,309.97,40,IBM
2025-11-03,9:41:20.228363626,T,309.39,80,309.97,40,IBM
2025-11-03,9:41:20.461258115,T,309.39,40,309.97,40,IBM
2025-11-03,9:41:20.724214102,T,309.39,40,309.71,40,IBM
2025-11-03,9:41:20.724239107,T,309.39,40,309.97,80,IBM
2025-11-03,9:41:20.724239107,T,309.39,40,309.7,40,IBM
2025-11-03,9:41:21.211945185,T,309.39,40,309.97,80,IBM
2025-11-03,9:41:21.211945185,T,309.39,40,309.69,40,IBM
2025-11-03,9:41:21.290467064,T,309.39,40,309.97,80,IBM
2025-11-03,9:41:21.290467064,T,309.39,40,309.68,40,IBM
2025-11-03,9:41:21.328592805,T,309.39,40,309.68,80,IBM
2025-11-03,9:41:21.367590708,T,309.39,40,309.68,40,IBM
2025-11-03,9:41:21.367590708,T,309.39,40,309.67,40,IBM
2025-11-03,9:41:21.367610791,T,309.39,40,309.67,80,IBM
2025-11-03,9:41:22.974721693,T,309.39,40,309.67,40,IBM
2025-11-03,9:41:22.974721693,T,309.39,40,309.67,80,IBM
2025-11-03,9:41:22.974741620,T,309.39,40,309.65,40,IBM
2025-11-03,9:41:23.041064532,T,309.39,40,309.65,80,IBM
2025-11-03,9:41:25.031021801,T,309.39,40,309.65,40,IBM
2025-11-03,9:41:26.875878645,T,309.4,40,309.65,40,IBM
2025-11-03,9:41:26.893129675,T,309.4,40,309.97,40,IBM
2025-11-03,9:41:26.893154833,T,309.4,80,309.97,40,IBM
2025-11-03,9:41:26.893164845,T,309.4,40,309.97,40,IBM
2025-11-03,9:41:26.893164845,T,309.51,40,309.97,40,IBM
2025-11-03,9:41:26.893786349,T,309.4,40,309.97,40,IBM
2025-11-03,9:41:26.893851386,T,309.41,40,309.97,40,IBM
2025-11-03,9:41:26.898277019,T,309.41,80,309.97,40,IBM
2025-11-03,9:41:26.898282035,T,309.41,40,309.97,40,IBM
2025-11-03,9:41:26.898282035,T,309.55,40,309.97,40,IBM
2025-11-03,9:41:26.899103958,T,309.41,40,309.97,40,IBM
2025-11-03,9:41:26.903539481,T,309.54,40,309.97,40,IBM
2025-11-03,9:41:26.905343765,T,309.27,40,309.97,40,IBM
2025-11-03,9:41:26.910320617,T,309.41,40,309.97,40,IBM
2025-11-03,9:41:26.910350732,T,309.46,40,309.97,40,IBM
2025-11-03,9:41:27.417267470,T,309.25,40,309.97,40,IBM
2025-11-03,9:41:27.417518077,T,309.27,40,309.97,40,IBM
2025-11-03,9:41:28.159394165,T,309.27,40,309.89,80,IBM
2025-11-03,9:41:28.159434384,T,309.27,40,309.89,120,IBM
2025-11-03,9:41:29.055798200,T,309.27,40,309.89,40,IBM
2025-11-03,9:41:29.055823267,T,309.27,40,309.97,40,IBM
2025-11-03,9:41:32.422828834,T,309.39,40,309.97,40,IBM
2025-11-03,9:41:32.423059210,T,309.39,80,309.97,40,IBM
2025-11-03,9:41:33.169395912,T,309.39,40,309.97,40,IBM
2025-11-03,9:41:33.169616440,T,309.27,40,309.97,40,IBM
2025-11-03,9:41:35.109058405,T,309.39,40,309.97,40,IBM
2025-11-03,9:41:42.318375720,T,309.39,80,309.97,40,IBM
2025-11-03,9:41:42.739087296,T,309.39,80,309.82,80,IBM
2025-11-03,9:41:43.600698541,T,309.39,120,309.82,80,IBM
2025-11-03,9:41:43.600788985,T,309.39,120,309.97,40,IBM
2025-11-03,9:41:43.600848839,T,309.39,80,309.97,40,IBM
2025-11-03,9:41:43.600853829,T,309.46,40,309.97,40,IBM
2025-11-03,9:41:43.600959076,T,309.58,40,309.97,40,IBM
2025-11-03,9:41:43.601054383,T,309.59,40,309.97,40,IBM
2025-11-03,9:41:43.601084406,T,309.6,40,309.97,40,IBM
2025-11-03,9:41:43.601259814,T,309.6,80,309.97,40,IBM
2025-11-03,9:41:43.601715885,T,309.6,40,309.97,40,IBM
2025-11-03,9:41:43.606251703,T,309.76,40,309.97,40,IBM
2025-11-03,9:41:43.606477264,T,309.76,80,309.97,40,IBM
2025-11-03,9:41:44.197584389,T,309.77,40,309.97,40,IBM
2025-11-03,9:41:44.197729738,T,309.77,40,310.16,160,IBM
2025-11-03,9:41:44.197784787,T,309.76,80,310.16,160,IBM
2025-11-03,9:41:44.197784787,T,309.87,40,310.16,160,IBM
2025-11-03,9:41:44.197890048,T,309.87,40,310.0,80,IBM
2025-11-03,9:41:44.197955196,T,309.87,40,310.0,200,IBM
2025-11-03,9:41:44.197990298,T,309.87,40,310.0,280,IBM
2025-11-03,9:41:44.198090520,T,309.87,40,310.0,520,IBM
2025-11-03,9:41:44.198125614,T,309.76,40,310.0,520,IBM
2025-11-03,9:41:44.198476531,T,309.76,40,310.0,440,IBM
2025-11-03,9:41:44.198476531,T,309.76,40,310.0,320,IBM
2025-11-03,9:41:44.198486495,T,309.76,40,310.0,240,IBM
2025-11-03,9:41:44.198486495,T,309.76,40,310.31,40,IBM
2025-11-03,9:41:44.198491539,T,309.76,40,309.97,40,IBM
2025-11-03,9:41:44.198511524,T,309.76,40,309.87,520,IBM
2025-11-03,9:41:44.198942644,T,309.76,40,309.87,360,IBM
2025-11-03,9:41:44.198962692,T,309.76,40,310.31,40,IBM
2025-11-03,9:41:44.198962692,T,309.76,40,310.33,160,IBM
2025-11-03,9:41:44.551577074,T,309.46,40,310.33,160,IBM
2025-11-03,9:41:44.552078217,T,309.46,80,310.33,160,IBM
2025-11-03,9:41:44.552398988,T,309.61,40,310.33,160,IBM
2025-11-03,9:41:44.680368694,T,309.46,40,310.33,160,IBM
2025-11-03,9:41:52.011906923,T,309.61,40,310.33,160,IBM
2025-11-03,9:41:52.011917045,T,309.62,40,310.33,160,IBM
2025-11-03,9:41:52.448165525,T,309.62,40,309.93,40,IBM
2025-11-03,9:41:52.455061891,T,309.62,40,309.92,40,IBM
2025-11-03,9:41:52.763656604,T,309.62,40,309.91,40,IBM
2025-11-03,9:41:53.621924733,T,309.62,40,309.9,40,IBM
2025-11-03,9:41:54.152182117,T,309.62,40,309.89,40,IBM
2025-11-03,9:41:54.422560742,T,309.62,40,309.88,40,IBM
2025-11-03,9:41:54.549397670,T,309.62,40,309.87,40,IBM
2025-11-03,9:41:56.617987200,T,309.62,40,310.33,160,IBM
2025-11-03,9:41:56.618022323,T,309.62,80,310.33,160,IBM
2025-11-03,9:41:56.618027255,T,309.63,40,310.33,160,IBM
2025-11-03,9:41:56.618027255,T,309.63,80,310.33,160,IBM
2025-11-03,9:41:56.618513470,T,309.74,40,310.33,160,IBM
2025-11-03,9:41:56.618543495,T,309.75,40,310.33,160,IBM
2025-11-03,9:41:56.627108923,T,309.62,80,310.33,160,IBM
2025-11-03,9:41:56.627550017,T,309.63,40,310.33,160,IBM
2025-11-03,9:41:57.618413832,T,309.63,40,310.31,40,IBM
2025-11-03,9:41:57.697015967,T,309.81,40,310.31,40,IBM
2025-11-03,9:41:57.697041040,T,309.81,80,310.31,40,IBM
2025-11-03,9:41:57.697056090,T,309.81,80,310.33,160,IBM
2025-11-03,9:41:57.697071037,T,309.81,80,310.31,40,IBM
2025-11-03,9:41:57.697086076,T,309.81,80,310.33,160,IBM
2025-11-03,9:41:57.697091184,T,309.81,40,310.33,160,IBM
2025-11-03,9:41:57.697857925,T,309.7,40,310.33,160,IBM
2025-11-03,9:41:57.698098536,T,309.64,40,310.33,160,IBM
2025-11-03,9:41:57.704037672,T,309.81,40,310.33,160,IBM
2025-11-03,9:42:00.258874572,T,309.62,40,310.33,160,IBM
2025-11-03,9:42:00.258914757,T,309.62,40,310.27,40,IBM
2025-11-03,9:42:00.258914757,T,309.62,40,310.33,160,IBM
2025-11-03,9:42:00.258919743,T,309.62,40,310.27,40,IBM
2025-11-03,9:42:00.258924663,T,309.62,40,310.1,40,IBM
2025-11-03,9:42:00.258929676,T,309.62,40,310.05,40,IBM
2025-11-03,9:42:00.259145253,T,309.62,80,310.05,40,IBM
2025-11-03,9:42:00.259696788,T,309.62,80,310.1,40,IBM
2025-11-03,9:42:00.259701545,T,309.62,40,310.1,40,IBM
2025-11-03,9:42:00.259731665,T,309.66,40,310.1,40,IBM
2025-11-03,9:42:00.358932764,T,309.66,40,310.23,40,IBM
2025-11-03,9:42:00.361153446,T,309.62,40,310.23,40,IBM
2025-11-03,9:42:00.361173517,T,309.8,40,310.23,40,IBM
2025-11-03,9:42:01.012644022,T,309.8,40,310.27,40,IBM
2025-11-03,9:42:01.171522282,T,309.8,40,310.32,40,IBM
2025-11-03,9:42:01.171552335,T,309.8,40,310.33,160,IBM
2025-11-03,9:42:01.172028498,T,309.8,40,310.09,40,IBM
2025-11-03,9:42:02.118967656,T,309.8,40,310.32,40,IBM
2025-11-03,9:42:02.118992761,T,309.8,40,310.33,200,IBM
2025-11-03,9:42:10.335983926,T,309.8,40,310.33,160,IBM
2025-11-03,9:42:10.336049038,T,309.62,40,310.33,160,IBM
2025-11-03,9:42:10.336089109,T,309.66,40,310.33,160,IBM
2025-11-03,9:42:10.336104133,T,309.8,40,310.33,160,IBM
2025-11-03,9:42:10.336129244,T,310.04,40,310.33,160,IBM
2025-11-03,9:42:10.336199382,T,309.81,40,310.33,160,IBM
2025-11-03,9:42:10.336239467,T,309.81,40,310.33,200,IBM
2025-11-03,9:42:10.336269520,T,309.66,40,310.33,200,IBM
2025-11-03,9:42:10.336490127,T,309.66,40,310.27,40,IBM
2025-11-03,9:42:10.336585339,T,309.81,40,310.27,40,IBM
2025-11-03,9:42:10.336630456,T,309.81,40,310.24,40,IBM
2025-11-03,9:42:10.346939953,T,309.81,40,310.27,40,IBM
2025-11-03,9:42:10.346955285,T,309.95,40,310.27,40,IBM
2025-11-03,9:42:10.346960022,T,309.95,40,310.33,200,IBM
2025-11-03,9:42:10.350272927,T,309.95,40,310.33,40,IBM
2025-11-03,9:42:10.350297982,T,309.95,40,310.41,40,IBM
2025-11-03,9:42:10.436262597,T,309.95,40,310.5,40,IBM
2025-11-03,9:42:10.452035198,T,309.64,40,310.5,40,IBM
2025-11-03,9:42:10.592449417,T,309.62,40,310.5,40,IBM
2025-11-03,9:42:10.642007350,T,309.62,40,310.41,40,IBM
2025-11-03,9:42:10.656181164,T,309.62,40,310.27,40,IBM
2025-11-03,9:42:10.656201231,T,309.62,40,310.41,40,IBM
2025-11-03,9:42:10.656201231,T,309.62,40,310.27,40,IBM
2025-11-03,9:42:10.656226273,T,309.62,40,310.22,40,IBM
2025-11-03,9:42:10.656226273,T,309.62,40,310.27,40,IBM
2025-11-03,9:42:10.656256338,T,309.62,40,310.32,40,IBM
2025-11-03,9:42:10.656256338,T,309.62,40,310.27,40,IBM
2025-11-03,9:42:10.656336450,T,309.62,40,310.32,40,IBM
2025-11-03,9:42:10.656582110,T,309.62,40,310.27,40,IBM
2025-11-03,9:42:10.657248703,T,309.62,40,310.32,40,IBM
2025-11-03,9:42:11.902879067,T,309.63,40,310.32,40,IBM
2025-11-03,9:42:11.955604571,T,309.63,40,310.36,160,IBM
2025-11-03,9:42:11.955644669,T,309.63,40,310.36,200,IBM
2025-11-03,9:42:11.956471608,T,309.63,40,310.15,40,IBM
2025-11-03,9:42:12.437627087,T,309.62,80,310.15,40,IBM
2025-11-03,9:42:12.535510096,T,309.62,120,310.15,40,IBM
2025-11-03,9:42:12.536271875,T,309.62,120,310.15,80,IBM
2025-11-03,9:42:12.536788123,T,309.62,120,310.22,40,IBM
2025-11-03,9:42:12.537409551,T,309.62,120,310.14,80,IBM
2025-11-03,9:42:13.799283498,T,309.62,120,310.22,40,IBM
2025-11-03,9:42:13.799930092,T,309.62,120,310.13,80,IBM
2025-11-03,9:42:14.208858592,T,309.62,120,310.22,40,IBM
2025-11-03,9:42:23.387448963,T,309.62,120,310.36,200,IBM
2025-11-03,9:42:24.778921404,T,309.62,80,310.36,200,IBM
2025-11-03,9:42:25.549280244,T,309.62,160,310.36,200,IBM
2025-11-03,9:42:26.342453469,T,309.62,160,310.27,40,IBM
2025-11-03,9:42:26.342498632,T,309.62,160,310.23,40,IBM
2025-11-03,9:42:26.342649004,T,309.62,120,310.23,40,IBM
2025-11-03,9:42:26.350968783,T,309.62,120,310.32,40,IBM
2025-11-03,9:42:26.931816482,T,309.62,120,309.93,40,IBM
2025-11-03,9:42:27.504720328,T,309.62,80,309.93,40,IBM
2025-11-03,9:42:28.620817262,T,309.62,80,310.36,160,IBM
2025-11-03,9:42:29.897240966,T,309.63,40,310.36,160,IBM
2025-11-03,9:42:29.909635410,T,309.62,80,310.36,160,IBM
2025-11-03,9:42:29.913845998,T,309.62,120,310.36,160,IBM
2025-11-03,9:42:29.913845998,T,309.62,160,310.36,160,IBM
2025-11-03,9:42:29.913850480,T,309.63,40,310.36,160,IBM
2025-11-03,9:42:29.913880523,T,309.62,160,310.36,160,IBM
2025-11-03,9:42:29.913880523,T,309.77,40,310.36,160,IBM
2025-11-03,9:42:29.914341715,T,309.77,80,310.36,160,IBM
2025-11-03,9:42:29.914617285,T,309.77,40,310.36,160,IBM
2025-11-03,9:42:29.914642328,T,309.77,40,310.22,40,IBM
2025-11-03,9:42:29.914642328,T,309.77,40,310.04,40,IBM
2025-11-03,9:42:29.914642328,T,309.62,80,310.04,40,IBM
2025-11-03,9:42:29.914707565,T,309.62,80,309.98,40,IBM
2025-11-03,9:42:29.914722501,T,309.62,80,309.97,40,IBM
2025-11-03,9:42:29.915374113,T,309.62,80,310.04,40,IBM
2025-11-03,9:42:29.915559514,T,309.77,40,310.04,40,IBM
2025-11-03,9:42:29.915579570,T,309.77,40,310.17,40,IBM
2025-11-03,9:42:29.919839771,T,309.77,40,310.21,40,IBM
2025-11-03,9:42:29.925568345,T,309.77,40,310.32,40,IBM
2025-11-03,9:42:30.014765750,T,309.77,40,310.36,160,IBM
2025-11-03,9:42:30.058133968,T,309.77,80,310.36,160,IBM
2025-11-03,9:42:30.058509836,T,309.77,120,310.36,160,IBM
2025-11-03,9:42:30.188098572,T,309.77,80,310.36,160,IBM
2025-11-03,9:42:31.012305480,T,309.77,40,310.36,160,IBM
2025-11-03,9:42:31.012340475,T,309.77,40,310.36,200,IBM
2025-11-03,9:42:31.012571079,T,309.77,40,310.32,40,IBM
2025-11-03,9:42:31.012576030,T,309.77,40,310.22,40,IBM
2025-11-03,9:42:31.012581567,T,309.62,80,310.22,40,IBM
2025-11-03,9:42:31.012586104,T,309.62,40,310.22,40,IBM
2025-11-03,9:42:31.012601176,T,309.62,40,310.32,40,IBM
2025-11-03,9:42:31.012606173,T,309.62,40,310.12,40,IBM
2025-11-03,9:42:31.012616193,T,309.62,40,309.94,40,IBM
2025-11-03,9:42:31.012987187,T,309.62,80,309.94,40,IBM
2025-11-03,9:42:31.013388039,T,309.62,80,310.22,40,IBM
2025-11-03,9:42:31.013393070,T,309.64,40,310.22,40,IBM
2025-11-03,9:42:31.016585639,T,309.64,40,310.23,40,IBM
2025-11-03,9:42:31.017126915,T,309.64,40,310.32,40,IBM
2025-11-03,9:42:31.021091489,T,309.64,40,310.36,200,IBM
2025-11-03,9:42:31.028669377,T,309.64,40,309.93,40,IBM
2025-11-03,9:42:31.062349855,T,309.62,40,309.93,40,IBM
2025-11-03,9:42:31.068995403,T,309.62,40,309.92,40,IBM
2025-11-03,9:42:31.106554787,T,309.62,40,309.91,40,IBM
2025-11-03,9:42:31.620633680,T,309.62,40,310.32,40,IBM
2025-11-03,9:42:31.656854882,T,309.62,40,309.9,40,IBM
2025-11-03,9:42:31.656889930,T,309.62,40,309.9,80,IBM
2025-11-03,9:42:31.772470179,T,309.62,40,309.89,40,IBM
2025-11-03,9:42:31.772510250,T,309.62,40,309.89,80,IBM
2025-11-03,9:42:31.951225700,T,309.62,40,309.89,40,IBM
2025-11-03,9:42:31.951255748,T,309.62,40,310.32,40,IBM
2025-11-03,9:42:32.041390308,T,309.62,40,309.89,40,IBM
2025-11-03,9:42:32.041425383,T,309.62,40,309.89,80,IBM
2025-11-03,9:42:33.055745077,T,309.62,40,309.88,40,IBM
2025-11-03,9:42:33.055785141,T,309.62,40,309.88,80,IBM
2025-11-03,9:42:33.092362292,T,309.62,80,309.88,80,IBM
2025-11-03,9:42:34.203317031,T,309.62,80,309.88,40,IBM
2025-11-03,9:42:34.203347066,T,309.62,80,310.21,160,IBM
2025-11-03,9:42:34.703783392,T,309.62,80,309.88,40,IBM
2025-11-03,9:42:34.703818487,T,309.62,80,309.88,80,IBM
2025-11-03,9:42:35.449187836,T,309.62,80,309.88,40,IBM
2025-11-03,9:42:35.449213001,T,309.62,80,310.21,160,IBM
2025-11-03,9:42:37.055481716,T,309.62,80,309.88,40,IBM
2025-11-03,9:42:37.299417440,T,309.62,80,309.87,40,IBM
2025-11-03,9:42:37.334370738,T,309.62,80,310.21,160,IBM
2025-11-03,9:42:38.118437325,T,309.62,40,310.21,160,IBM
2025-11-03,9:42:38.118517489,T,309.62,40,310.14,40,IBM
2025-11-03,9:42:38.118532486,T,309.62,40,309.88,40,IBM
2025-11-03,9:42:38.118532486,T,309.62,40,309.87,40,IBM
2025-11-03,9:42:38.118702851,T,309.62,40,309.88,40,IBM
2025-11-03,9:42:38.147491393,T,309.62,40,310.21,160,IBM
