DATE,TIME_M,EX,BID,BIDSIZ,ASK,ASKSIZ,SYM_ROOT
2025-11-28,9:30:00.778147117,T,301.98,40,308.05,40,IBM
2025-11-28,9:30:01.644469655,T,301.98,40,304.54,40,IBM
2025-11-28,9:30:03.995887585,T,301.98,40,304.42,80,IBM
2025-11-28,9:30:04.015890096,T,301.98,40,304.54,40,IBM
2025-11-28,9:30:04.052747940,T,301.98,40,304.37,80,IBM
2025-11-28,9:30:04.052903265,T,301.98,40,304.14,40,IBM
2025-11-28,9:30:04.052933344,T,301.98,40,304.37,80,IBM
2025-11-28,9:30:04.052958397,T,303.42,80,304.37,80,IBM
2025-11-28,9:30:04.053183870,T,303.42,80,304.37,120,IBM
2025-11-28,9:30:04.053204019,T,303.42,80,304.37,80,IBM
2025-11-28,9:30:04.053254090,T,303.42,120,304.37,80,IBM
2025-11-28,9:30:04.053264222,T,303.42,120,303.96,40,IBM
2025-11-28,9:30:04.053289112,T,303.42,120,304.37,80,IBM
2025-11-28,9:30:04.053294183,T,303.42,80,304.37,80,IBM
2025-11-28,9:30:04.072745448,T,303.42,80,304.54,40,IBM
2025-11-28,9:30:04.072956028,T,301.98,40,304.54,40,IBM
2025-11-28,9:30:08.228784295,T,301.98,40,304.14,40,IBM
2025-11-28,9:30:08.228814407,T,301.98,40,304.02,40,IBM
2025-11-28,9:30:08.232698616,T,301.98,40,304.14,40,IBM
2025-11-28,9:30:08.233375196,T,301.98,40,304.54,40,IBM
2025-11-28,9:30:08.595016136,T,303.55,40,304.54,40,IBM
2025-11-28,9:30:18.452347841,T,303.8,40,304.54,40,IBM
2025-11-28,9:30:18.460301755,T,303.55,40,304.54,40,IBM
2025-11-28,9:30:20.194901096,T,302.8,40,304.54,40,IBM
2025-11-28,9:30:20.195372186,T,303.81,40,304.54,40,IBM
2025-11-28,9:30:20.195908474,T,302.8,40,304.54,40,IBM
2025-11-28,9:30:20.199963074,T,301.98,40,304.54,40,IBM
2025-11-28,9:30:24.843683152,T,303.9,40,304.54,40,IBM
2025-11-28,9:30:24.850579556,T,301.98,40,304.54,40,IBM
2025-11-28,9:30:26.444178341,T,302.13,40,304.54,40,IBM
2025-11-28,9:30:26.448263112,T,302.3,40,304.54,40,IBM
2025-11-28,9:30:26.452718653,T,302.47,40,304.54,40,IBM
2025-11-28,9:30:26.454968954,T,302.64,40,304.54,40,IBM
2025-11-28,9:30:26.455470158,T,302.8,40,304.54,40,IBM
2025-11-28,9:30:30.760027817,T,302.8,40,304.49,40,IBM
2025-11-28,9:30:34.133939695,T,303.88,40,304.49,40,IBM
2025-11-28,9:30:35.914994757,T,302.8,40,304.49,40,IBM
2025-11-28,9:31:00.849058722,T,303.53,160,304.49,40,IBM
2025-11-28,9:31:03.192181449,T,303.53,160,304.49,80,IBM
2025-11-28,9:31:23.889108468,T,302.98,40,304.49,80,IBM
2025-11-28,9:31:23.889108468,T,303.72,160,304.49,80,IBM
2025-11-28,9:31:25.496058285,T,303.72,160,304.27,40,IBM
2025-11-28,9:31:25.496088395,T,303.72,160,304.49,80,IBM
2025-11-28,9:31:25.530515325,T,304.05,40,304.49,80,IBM
2025-11-28,9:31:25.819267836,T,303.72,160,304.49,80,IBM
2025-11-28,9:31:30.846631256,T,303.72,160,304.49,40,IBM
2025-11-28,9:31:38.787685839,T,304.06,40,304.49,40,IBM
2025-11-28,9:31:39.679032892,T,303.72,160,304.49,40,IBM
2025-11-28,9:31:41.593009142,T,303.72,160,304.49,80,IBM
2025-11-28,9:31:41.596141691,T,303.72,160,304.49,40,IBM
2025-11-28,9:31:42.091801687,T,303.72,160,304.49,80,IBM
2025-11-28,9:31:42.125331402,T,303.72,160,304.49,40,IBM
2025-11-28,9:31:42.948521141,T,303.72,160,304.49,80,IBM
2025-11-28,9:31:42.948811864,T,303.72,160,304.37,40,IBM
2025-11-28,9:31:42.951072203,T,303.72,160,304.36,120,IBM
2025-11-28,9:31:56.450298683,T,303.72,160,304.36,160,IBM
2025-11-28,9:32:02.827259836,T,303.72,160,304.36,40,IBM
2025-11-28,9:32:02.827259836,T,303.72,160,304.54,40,IBM
2025-11-28,9:32:02.827280853,T,304.35,80,304.54,40,IBM
2025-11-28,9:32:02.827310062,T,304.21,80,304.54,40,IBM
2025-11-28,9:32:02.827330098,T,304.21,40,304.54,40,IBM
2025-11-28,9:32:02.827655785,T,303.86,160,304.54,40,IBM
2025-11-28,9:32:02.828608078,T,304.12,40,304.54,40,IBM
2025-11-28,9:32:02.837799987,T,303.86,160,304.54,40,IBM
2025-11-28,9:32:02.849593100,T,304.12,40,304.54,40,IBM
2025-11-28,9:32:06.700706006,T,303.86,160,304.54,40,IBM
2025-11-28,9:32:28.203390590,T,303.86,160,304.34,40,IBM
2025-11-28,9:32:28.203470561,T,303.86,160,304.53,40,IBM
2025-11-28,9:32:28.203691054,T,303.86,160,304.46,40,IBM
2025-11-28,9:32:28.203721225,T,303.86,160,304.53,40,IBM
2025-11-28,9:32:28.203741257,T,303.86,160,304.54,40,IBM
2025-11-28,9:32:28.203741257,T,304.02,40,304.54,40,IBM
2025-11-28,9:32:28.237271014,T,303.86,160,304.54,40,IBM
2025-11-28,9:32:52.047444190,T,304.18,40,304.54,40,IBM
2025-11-28,9:32:52.047644489,T,303.86,160,304.54,40,IBM
2025-11-28,9:32:52.047764709,T,304.26,40,304.54,40,IBM
2025-11-28,9:32:52.047769927,T,303.86,160,304.54,40,IBM
2025-11-28,9:32:52.047880036,T,304.26,40,304.54,40,IBM
2025-11-28,9:32:52.047885052,T,304.33,40,304.54,40,IBM
2025-11-28,9:32:52.048180729,T,304.26,40,304.54,40,IBM
2025-11-28,9:32:52.048210835,T,303.86,160,304.54,40,IBM
2025-11-28,9:32:52.048742070,T,304.26,40,304.54,40,IBM
2025-11-28,9:32:52.050340843,T,303.86,160,304.54,40,IBM
2025-11-28,9:33:25.162507804,T,304.32,40,304.54,40,IBM
2025-11-28,9:33:25.162623159,T,303.86,160,304.54,40,IBM
2025-11-28,9:33:25.163009075,T,303.86,160,304.54,80,IBM
2025-11-28,9:33:39.627919161,T,303.15,40,304.54,80,IBM
2025-11-28,9:33:39.627924139,T,304.0,160,304.54,80,IBM
2025-11-28,9:33:45.364696170,T,304.0,160,304.48,40,IBM
2025-11-28,9:33:54.857795527,T,304.0,160,304.54,40,IBM
2025-11-28,9:33:54.857840571,T,304.37,40,304.54,40,IBM
2025-11-28,9:33:54.864932518,T,304.0,160,304.54,40,IBM
2025-11-28,9:33:54.877557590,T,304.4,40,304.54,40,IBM
2025-11-28,9:33:54.877587570,T,304.45,40,304.54,40,IBM
2025-11-28,9:33:54.877617645,T,304.0,160,304.54,40,IBM
2025-11-28,9:33:58.957335159,T,304.0,160,304.53,40,IBM
2025-11-28,9:33:58.963494734,T,304.0,160,304.44,40,IBM
2025-11-28,9:33:58.963504738,T,304.0,160,304.43,40,IBM
2025-11-28,9:33:58.963504738,T,304.0,160,304.41,40,IBM
2025-11-28,9:33:58.964797858,T,304.0,160,304.43,40,IBM
2025-11-28,9:33:58.965539658,T,303.15,40,304.43,40,IBM
2025-11-28,9:33:58.966050904,T,303.86,160,304.43,40,IBM
2025-11-28,9:33:58.968085709,T,303.86,160,304.54,40,IBM
2025-11-28,9:33:59.058656323,T,303.86,160,304.53,40,IBM
2025-11-28,9:33:59.311468207,T,303.86,160,304.54,40,IBM
2025-11-28,9:33:59.318159060,T,303.86,160,304.53,40,IBM
2025-11-28,9:34:00.205446373,T,303.86,160,304.54,40,IBM
2025-11-28,9:34:00.302773039,T,303.86,160,304.53,40,IBM
2025-11-28,9:34:00.634352388,T,303.86,160,304.54,40,IBM
2025-11-28,9:34:02.311354675,T,303.86,160,304.52,40,IBM
2025-11-28,9:34:26.666349139,T,303.86,160,304.37,40,IBM
2025-11-28,9:34:27.071628998,T,303.86,160,304.54,40,IBM
2025-11-28,9:34:40.205009096,T,303.86,160,304.38,80,IBM
2025-11-28,9:34:43.701748399,T,303.86,160,304.37,40,IBM
2025-11-28,9:34:44.321348556,T,303.86,160,304.38,80,IBM
2025-11-28,9:34:56.188409228,T,304.13,40,304.38,80,IBM
2025-11-28,9:34:56.188514558,T,304.13,40,304.38,40,IBM
2025-11-28,9:34:56.188524536,T,304.13,40,304.38,80,IBM
2025-11-28,9:34:56.188534951,T,304.13,40,304.38,40,IBM
2025-11-28,9:34:56.188549579,T,304.13,40,304.54,40,IBM
2025-11-28,9:34:56.188574824,T,303.86,160,304.54,40,IBM
2025-11-28,9:34:56.188574824,T,304.25,40,304.54,40,IBM
2025-11-28,9:34:56.188624812,T,304.25,80,304.54,40,IBM
2025-11-28,9:34:56.190263723,T,304.25,40,304.54,40,IBM
2025-11-28,9:34:56.190263723,T,304.4,40,304.54,40,IBM
2025-11-28,9:34:56.191892849,T,304.4,40,304.72,160,IBM
2025-11-28,9:34:56.207635027,T,304.4,40,305.81,40,IBM
2025-11-28,9:34:56.212316151,T,304.4,40,304.73,40,IBM
2025-11-28,9:34:56.291494638,T,303.86,160,304.73,40,IBM
2025-11-28,9:34:59.467951449,T,303.8,40,304.73,40,IBM
2025-11-28,9:34:59.467956468,T,304.03,160,304.73,40,IBM
2025-11-28,9:35:00.003090403,T,304.03,160,304.73,80,IBM
2025-11-28,9:35:03.457599230,T,304.03,160,304.73,40,IBM
2025-11-28,9:35:03.878822063,T,303.8,40,304.73,40,IBM
2025-11-28,9:35:03.878832044,T,303.84,200,304.73,40,IBM
2025-11-28,9:35:10.790145314,T,303.8,40,304.73,40,IBM
2025-11-28,9:35:10.790150344,T,303.97,200,304.73,40,IBM
2025-11-28,9:35:18.918771229,T,303.97,200,304.86,200,IBM
2025-11-28,9:35:18.919377829,T,303.97,200,304.66,40,IBM
2025-11-28,9:35:19.656261845,T,303.97,200,304.86,200,IBM
2025-11-28,9:35:22.771067106,T,303.8,40,304.86,200,IBM
2025-11-28,9:35:22.771072107,T,304.1,160,304.86,200,IBM
2025-11-28,9:35:24.352000693,T,304.1,160,304.66,40,IBM
2025-11-28,9:35:30.542858553,T,304.41,40,304.66,40,IBM
2025-11-28,9:35:30.703666467,T,304.1,160,304.66,40,IBM
2025-11-28,9:35:31.532389201,T,304.1,160,304.86,200,IBM
2025-11-28,9:35:31.767759491,T,304.42,40,304.86,200,IBM
2025-11-28,9:35:31.767995132,T,304.53,40,304.86,200,IBM
2025-11-28,9:35:31.768526312,T,304.42,40,304.86,200,IBM
2025-11-28,9:35:31.768541412,T,304.42,40,304.75,40,IBM
2025-11-28,9:35:31.768797178,T,304.1,160,304.75,40,IBM
2025-11-28,9:35:31.768802053,T,304.53,40,304.75,40,IBM
2025-11-28,9:35:31.770987178,T,304.53,40,304.73,40,IBM
2025-11-28,9:35:31.867817665,T,304.22,160,304.73,40,IBM
2025-11-28,9:35:33.046633979,T,304.22,160,304.75,40,IBM
2025-11-28,9:35:33.046659268,T,304.63,40,304.75,40,IBM
2025-11-28,9:35:33.046684095,T,304.63,40,304.86,200,IBM
2025-11-28,9:35:33.049545829,T,304.63,40,305.98,40,IBM
2025-11-28,9:35:33.049555946,T,304.63,40,305.04,160,IBM
2025-11-28,9:35:33.049575968,T,304.61,40,305.04,160,IBM
2025-11-28,9:35:33.051570743,T,304.54,40,305.04,160,IBM
2025-11-28,9:35:33.054718176,T,304.65,40,305.04,160,IBM
2025-11-28,9:35:33.068300559,T,304.72,40,305.04,160,IBM
2025-11-28,9:35:33.072861401,T,304.54,40,305.04,160,IBM
2025-11-28,9:35:33.077397240,T,304.22,160,305.04,160,IBM
2025-11-28,9:35:33.147258562,T,304.62,40,305.04,160,IBM
2025-11-28,9:35:33.282124665,T,304.22,160,305.04,160,IBM
2025-11-28,9:35:34.400426884,T,304.22,160,306.12,40,IBM
2025-11-28,9:35:34.400426884,T,304.22,160,305.18,160,IBM
2025-11-28,9:35:34.553927294,T,304.73,40,305.18,160,IBM
2025-11-28,9:35:42.619387653,T,304.24,40,305.18,160,IBM
2025-11-28,9:35:42.619407764,T,304.22,160,305.18,160,IBM
2025-11-28,9:35:42.619422776,T,304.22,160,304.99,40,IBM
2025-11-28,9:35:42.619503000,T,304.22,160,304.96,40,IBM
2025-11-28,9:35:42.619517976,T,304.22,160,304.87,40,IBM
2025-11-28,9:35:42.619533000,T,304.22,160,304.87,80,IBM
2025-11-28,9:35:42.619798780,T,304.22,160,304.87,40,IBM
2025-11-28,9:35:42.619843738,T,304.22,160,304.87,80,IBM
2025-11-28,9:35:42.619873888,T,304.22,160,304.87,40,IBM
2025-11-28,9:35:42.619873888,T,304.22,160,304.78,40,IBM
2025-11-28,9:35:42.634899562,T,304.22,160,305.05,200,IBM
2025-11-28,9:35:42.637731309,T,304.22,160,304.78,40,IBM
2025-11-28,9:35:42.764558220,T,304.22,160,305.05,200,IBM
2025-11-28,9:35:42.764728703,T,304.22,160,304.78,40,IBM
2025-11-28,9:35:42.764758731,T,304.22,160,304.77,40,IBM
2025-11-28,9:35:42.866074909,T,304.22,160,304.78,40,IBM
2025-11-28,9:35:42.866105036,T,304.22,160,305.05,200,IBM
2025-11-28,9:35:42.869152269,T,304.22,160,304.78,40,IBM
2025-11-28,9:35:43.031729307,T,304.22,160,305.05,200,IBM
2025-11-28,9:35:44.115048302,T,304.35,40,305.05,200,IBM
2025-11-28,9:35:51.468128005,T,304.07,160,305.05,200,IBM
2025-11-28,9:35:52.184167572,T,304.37,40,305.05,200,IBM
2025-11-28,9:35:53.198181453,T,304.07,160,305.05,200,IBM
2025-11-28,9:35:54.315205720,T,304.39,80,305.05,200,IBM
2025-11-28,9:36:05.299585197,T,304.39,80,304.81,40,IBM
2025-11-28,9:36:05.299770573,T,304.39,80,304.77,40,IBM
2025-11-28,9:36:05.299810749,T,304.39,80,304.81,40,IBM
2025-11-28,9:36:05.299810749,T,304.39,80,304.69,40,IBM
2025-11-28,9:36:05.519538788,T,304.39,80,305.05,200,IBM
2025-11-28,9:36:21.659722187,T,304.39,80,304.69,40,IBM
2025-11-28,9:36:25.177476345,T,304.5,600,304.69,40,IBM
2025-11-28,9:36:25.607094155,T,304.5,600,305.05,200,IBM
2025-11-28,9:36:25.607129564,T,304.51,40,305.05,200,IBM
2025-11-28,9:36:25.607154376,T,304.5,640,305.05,200,IBM
2025-11-28,9:36:25.607154376,T,304.59,40,305.05,200,IBM
2025-11-28,9:36:25.607229557,T,304.59,80,305.05,200,IBM
2025-11-28,9:36:25.607460060,T,304.59,40,305.05,200,IBM
2025-11-28,9:36:25.609224308,T,304.59,80,305.05,200,IBM
2025-11-28,9:36:25.640649120,T,304.59,40,305.05,200,IBM
2025-11-28,9:36:25.867238433,T,304.5,600,305.05,200,IBM
2025-11-28,9:36:26.983550945,T,304.6,40,305.05,200,IBM
2025-11-28,9:36:28.378712342,T,304.61,40,305.05,200,IBM
2025-11-28,9:36:28.378732442,T,304.6,80,305.05,200,IBM
2025-11-28,9:36:28.378732442,T,304.72,40,305.05,200,IBM
2025-11-28,9:36:28.379098265,T,304.72,40,305.98,40,IBM
2025-11-28,9:36:28.379103336,T,304.72,40,305.2,160,IBM
2025-11-28,9:36:28.479697773,T,304.6,40,305.2,160,IBM
2025-11-28,9:36:29.809568650,T,304.5,600,305.2,160,IBM
2025-11-28,9:36:31.246589814,T,304.73,40,305.2,160,IBM
2025-11-28,9:36:41.470077521,T,304.74,40,305.2,160,IBM
2025-11-28,9:36:41.610406621,T,304.73,40,305.2,160,IBM
2025-11-28,9:36:44.520900372,T,304.75,40,305.2,160,IBM
2025-11-28,9:36:44.520940515,T,304.74,40,305.2,160,IBM
2025-11-28,9:36:44.520940515,T,304.86,40,305.2,160,IBM
2025-11-28,9:36:44.520955498,T,304.86,80,305.2,160,IBM
2025-11-28,9:36:44.521211184,T,304.86,80,306.17,40,IBM
2025-11-28,9:36:44.521216121,T,304.86,80,305.35,160,IBM
2025-11-28,9:36:44.521236209,T,304.86,40,305.35,160,IBM
2025-11-28,9:36:44.521336477,T,304.86,80,305.35,160,IBM
2025-11-28,9:36:44.521546907,T,304.86,40,305.35,160,IBM
2025-11-28,9:36:44.521546907,T,304.93,40,305.35,160,IBM
2025-11-28,9:36:44.522228537,T,304.93,80,305.35,160,IBM
2025-11-28,9:36:44.522794882,T,305.01,40,305.35,160,IBM
2025-11-28,9:36:44.522824936,T,305.03,40,305.35,160,IBM
2025-11-28,9:36:44.523050580,T,305.03,80,305.35,160,IBM
2025-11-28,9:36:44.524047894,T,305.03,40,305.35,160,IBM
2025-11-28,9:36:44.556109249,T,305.03,80,305.35,160,IBM
2025-11-28,9:36:44.556184406,T,305.1,40,305.35,160,IBM
2025-11-28,9:36:44.556214469,T,305.11,40,305.35,160,IBM
2025-11-28,9:36:44.556439967,T,305.11,80,305.35,160,IBM
2025-11-28,9:36:44.560013534,T,305.11,80,306.32,40,IBM
2025-11-28,9:36:44.630255723,T,305.11,80,305.57,160,IBM
2025-11-28,9:36:44.686379359,T,305.11,40,305.57,160,IBM
2025-11-28,9:36:44.686599878,T,304.73,40,305.57,160,IBM
2025-11-28,9:36:44.687467261,T,304.73,40,305.56,40,IBM
2025-11-28,9:36:44.687702465,T,304.73,40,305.53,40,IBM
2025-11-28,9:36:44.688459379,T,304.73,40,305.56,40,IBM
2025-11-28,9:36:44.688489429,T,304.87,40,305.56,40,IBM
2025-11-28,9:36:44.688709937,T,304.87,80,305.56,40,IBM
2025-11-28,9:36:44.720966680,T,304.87,80,305.57,160,IBM
2025-11-28,9:36:44.835604582,T,304.87,40,305.57,160,IBM
2025-11-28,9:36:44.835825105,T,304.73,40,305.57,160,IBM
2025-11-28,9:36:44.840105351,T,304.73,40,306.17,40,IBM
2025-11-28,9:36:44.840115276,T,304.73,40,305.44,200,IBM
2025-11-28,9:36:44.840611547,T,304.73,80,305.44,200,IBM
2025-11-28,9:36:44.840811974,T,304.73,80,305.24,40,IBM
2025-11-28,9:36:44.841814333,T,304.73,80,305.44,200,IBM
2025-11-28,9:36:44.912006433,T,304.73,80,305.33,40,IBM
2025-11-28,9:36:45.005519086,T,304.73,40,305.33,40,IBM
2025-11-28,9:36:45.020720248,T,304.5,600,305.33,40,IBM
2025-11-28,9:36:49.854763033,T,304.5,600,305.11,40,IBM
2025-11-28,9:36:49.854773095,T,304.5,600,305.1,40,IBM
2025-11-28,9:36:49.958409711,T,304.5,600,305.44,200,IBM
2025-11-28,9:36:49.958680374,T,304.5,600,305.1,40,IBM
2025-11-28,9:36:50.466153475,T,304.5,600,305.44,200,IBM
2025-11-28,9:36:58.407924954,T,304.51,200,305.44,200,IBM
2025-11-28,9:37:02.521532767,T,304.51,200,305.24,80,IBM
2025-11-28,9:37:05.908029644,T,304.51,200,305.15,40,IBM
2025-11-28,9:37:05.908485678,T,304.51,200,305.02,40,IBM
2025-11-28,9:37:05.909523082,T,304.51,200,305.24,80,IBM
2025-11-28,9:37:05.912560350,T,304.51,200,305.13,40,IBM
2025-11-28,9:37:06.389555864,T,304.51,200,305.24,80,IBM
2025-11-28,9:37:06.389851574,T,304.51,200,305.13,40,IBM
2025-11-28,9:37:06.736652229,T,304.51,200,305.15,40,IBM
2025-11-28,9:37:06.736657196,T,304.51,200,304.99,40,IBM
2025-11-28,9:37:06.736707367,T,304.51,200,304.99,80,IBM
2025-11-28,9:37:06.743799241,T,304.51,200,304.99,40,IBM
2025-11-28,9:37:06.945734884,T,304.51,200,305.44,200,IBM
2025-11-28,9:37:17.610799713,T,304.51,200,305.42,40,IBM
2025-11-28,9:37:17.610804080,T,304.51,200,304.98,40,IBM
2025-11-28,9:37:17.610824575,T,304.51,200,305.42,40,IBM
2025-11-28,9:37:17.610829174,T,304.51,200,304.89,40,IBM
2025-11-28,9:37:17.618928450,T,303.8,40,304.89,40,IBM
2025-11-28,9:37:17.618933385,T,304.31,160,304.89,40,IBM
2025-11-28,9:37:17.649451016,T,304.45,80,304.89,40,IBM
2025-11-28,9:37:17.818318046,T,304.45,80,305.26,200,IBM
2025-11-28,9:37:19.565758016,T,304.46,40,305.26,200,IBM
2025-11-28,9:37:19.566294336,T,304.46,120,305.26,200,IBM
2025-11-28,9:37:19.690068996,T,304.46,80,305.26,200,IBM
2025-11-28,9:37:21.385430140,T,304.46,80,304.89,40,IBM
2025-11-28,9:37:26.312098419,T,304.46,80,305.26,200,IBM
2025-11-28,9:37:26.581515111,T,304.46,80,304.89,40,IBM
2025-11-28,9:37:27.300952473,T,304.46,80,305.26,200,IBM
2025-11-28,9:37:27.474485515,T,304.46,80,304.89,40,IBM
2025-11-28,9:37:28.289806468,T,304.46,80,305.26,200,IBM
2025-11-28,9:37:28.700178371,T,304.46,80,304.89,40,IBM
2025-11-28,9:37:29.278660487,T,304.46,80,305.26,200,IBM
2025-11-28,9:37:30.302307207,T,304.46,80,304.89,40,IBM
2025-11-28,9:37:31.013796061,T,304.47,40,304.89,40,IBM
2025-11-28,9:37:31.256363508,T,304.47,40,305.26,200,IBM
2025-11-28,9:37:31.256859603,T,304.46,120,305.26,200,IBM
2025-11-28,9:37:32.325628821,T,304.46,120,304.89,40,IBM
2025-11-28,9:37:33.234076568,T,304.46,120,305.26,200,IBM
2025-11-28,9:37:33.307220676,T,304.46,120,304.89,40,IBM
2025-11-28,9:37:34.222930766,T,304.46,120,305.26,200,IBM
2025-11-28,9:37:34.234713721,T,304.46,120,304.89,40,IBM
2025-11-28,9:37:35.211784737,T,304.46,120,305.26,200,IBM
2025-11-28,9:37:35.578066732,T,304.46,120,304.89,40,IBM
2025-11-28,9:37:36.200643750,T,304.46,120,305.26,200,IBM
2025-11-28,9:37:37.631895960,T,304.46,120,304.89,40,IBM
2025-11-28,9:37:38.178352017,T,304.46,120,305.26,200,IBM
2025-11-28,9:37:38.333611549,T,304.46,120,304.89,40,IBM
2025-11-28,9:37:38.894737358,T,304.31,160,304.89,40,IBM
2025-11-28,9:37:39.167200960,T,304.31,160,305.26,200,IBM
2025-11-28,9:37:40.362711958,T,304.31,160,304.89,40,IBM
2025-11-28,9:37:41.144914040,T,304.31,160,305.26,200,IBM
2025-11-28,9:37:41.180734311,T,304.31,160,304.89,40,IBM
2025-11-28,9:37:42.133768227,T,304.31,160,305.26,200,IBM
2025-11-28,9:37:42.134951042,T,304.31,160,304.89,40,IBM
2025-11-28,9:37:43.122622186,T,304.31,160,305.26,200,IBM
2025-11-28,9:37:43.641527476,T,304.31,160,304.89,40,IBM
2025-11-28,9:37:44.111476204,T,304.31,160,305.26,200,IBM
2025-11-28,9:37:44.273787645,T,304.47,120,305.26,200,IBM
2025-11-28,9:37:44.273817729,T,304.48,40,305.26,200,IBM
2025-11-28,9:37:44.343673967,T,304.48,40,304.89,40,IBM
2025-11-28,9:37:45.100335329,T,304.48,40,305.26,200,IBM
2025-11-28,9:37:45.288598510,T,304.49,120,305.26,200,IBM
2025-11-28,9:37:45.434916784,T,304.49,120,304.89,40,IBM
2025-11-28,9:37:46.089184358,T,304.49,120,305.26,200,IBM
2025-11-28,9:37:48.837872903,T,304.49,120,304.89,40,IBM
2025-11-28,9:37:49.055746566,T,304.49,120,305.26,200,IBM
2025-11-28,9:37:49.766102593,T,304.49,120,304.89,40,IBM
2025-11-28,9:37:50.044595538,T,304.49,120,305.11,160,IBM
2025-11-28,9:37:50.057751940,T,304.49,120,304.89,40,IBM
2025-11-28,9:37:51.033454677,T,304.49,120,305.11,160,IBM
2025-11-28,9:37:51.089347775,T,304.49,120,304.89,40,IBM
2025-11-28,9:37:51.297287764,T,304.48,40,304.89,40,IBM
2025-11-28,9:37:52.022303729,T,304.48,40,305.11,160,IBM
2025-11-28,9:37:52.187852807,T,304.48,40,304.89,40,IBM
2025-11-28,9:37:53.011162766,T,304.48,40,305.11,160,IBM
2025-11-28,9:37:53.033320538,T,304.48,40,304.89,40,IBM
2025-11-28,9:37:54.000016802,T,304.48,40,305.11,160,IBM
2025-11-28,9:37:54.116985360,T,304.48,40,304.89,40,IBM
2025-11-28,9:37:54.988870879,T,304.48,40,305.11,160,IBM
2025-11-28,9:37:55.204098333,T,304.48,40,304.89,40,IBM
2025-11-28,9:37:55.977725047,T,304.48,40,305.11,160,IBM
2025-11-28,9:37:56.043010484,T,304.48,40,304.89,40,IBM
2025-11-28,9:37:56.966584179,T,304.48,40,305.11,160,IBM
2025-11-28,9:37:57.991193271,T,304.48,40,304.89,40,IBM
2025-11-28,9:37:58.944292211,T,304.48,40,305.11,160,IBM
2025-11-28,9:37:59.160131035,T,304.48,40,304.88,40,IBM
2025-11-28,9:37:59.933146227,T,304.48,40,305.11,160,IBM
2025-11-28,9:38:01.125625307,T,304.48,40,304.88,40,IBM
2025-11-28,9:38:01.910854759,T,304.48,40,305.11,160,IBM
2025-11-28,9:38:01.959776237,T,304.48,40,304.88,40,IBM
2025-11-28,9:38:02.540238042,T,304.5,40,304.88,40,IBM
2025-11-28,9:38:02.540739306,T,304.48,40,304.88,40,IBM
2025-11-28,9:38:30.023093535,T,304.48,40,304.87,40,IBM
2025-11-28,9:38:37.003596069,T,304.48,40,304.88,40,IBM
2025-11-28,9:38:37.003616198,T,304.55,40,304.88,40,IBM
2025-11-28,9:38:37.003626193,T,304.55,40,305.11,160,IBM
2025-11-28,9:38:37.003641217,T,304.56,40,305.11,160,IBM
2025-11-28,9:38:37.003641217,T,304.71,40,305.11,160,IBM
2025-11-28,9:38:37.003651321,T,304.71,80,305.11,160,IBM
2025-11-28,9:38:37.003691324,T,304.71,40,305.11,160,IBM
2025-11-28,9:38:37.003696560,T,304.78,40,305.11,160,IBM
2025-11-28,9:38:37.004102341,T,304.71,40,305.11,160,IBM
2025-11-28,9:38:37.004603534,T,304.5,40,305.11,160,IBM
2025-11-28,9:38:37.004613497,T,304.5,40,305.0,40,IBM
2025-11-28,9:38:37.004618545,T,304.5,40,305.0,80,IBM
2025-11-28,9:38:37.008613106,T,304.44,40,305.0,80,IBM
2025-11-28,9:38:37.011063857,T,304.29,160,305.0,80,IBM
2025-11-28,9:38:37.104786980,T,304.29,160,305.0,40,IBM
2025-11-28,9:38:40.094404247,T,304.34,40,305.0,40,IBM
2025-11-28,9:38:40.094474357,T,304.29,160,305.0,40,IBM
2025-11-28,9:38:40.094629625,T,304.29,160,305.11,160,IBM
2025-11-28,9:38:40.385441899,T,304.29,160,305.0,40,IBM
2025-11-28,9:38:48.037789173,T,304.13,40,305.0,40,IBM
2025-11-28,9:38:48.037799140,T,304.43,160,305.0,40,IBM
2025-11-28,9:38:53.233006819,T,304.43,160,305.25,200,IBM
2025-11-28,9:38:53.233036823,T,304.44,40,305.25,200,IBM
2025-11-28,9:38:53.233046900,T,304.76,40,305.25,200,IBM
2025-11-28,9:38:53.233071939,T,304.87,40,305.25,200,IBM
2025-11-28,9:38:53.233277384,T,304.87,80,305.25,200,IBM
2025-11-28,9:38:53.233292577,T,304.87,120,305.25,200,IBM
2025-11-28,9:38:53.233462889,T,304.87,80,305.25,200,IBM
2025-11-28,9:38:53.233528050,T,304.89,40,305.25,200,IBM
2025-11-28,9:38:53.233748563,T,304.89,80,305.25,200,IBM
2025-11-28,9:38:53.234189595,T,304.89,40,305.25,200,IBM
2025-11-28,9:38:53.440706265,T,304.55,160,305.25,200,IBM
2025-11-28,9:38:57.844304562,T,304.91,40,305.25,200,IBM
2025-11-28,9:38:57.844324597,T,304.55,160,305.25,200,IBM
2025-11-28,9:38:57.844459937,T,304.91,40,305.25,200,IBM
2025-11-28,9:38:57.844480053,T,304.55,160,305.25,200,IBM
2025-11-28,9:38:57.844590237,T,304.91,40,305.25,200,IBM
2025-11-28,9:38:57.844660367,T,304.55,160,305.25,200,IBM
2025-11-28,9:38:57.844926010,T,304.91,40,305.25,200,IBM
2025-11-28,9:38:57.845492307,T,304.55,160,305.25,200,IBM
2025-11-28,9:38:57.845522364,T,304.55,200,305.25,200,IBM
2025-11-28,9:38:57.846068726,T,304.91,40,305.25,200,IBM
2025-11-28,9:38:57.846870643,T,304.91,40,305.81,40,IBM
2025-11-28,9:38:57.846880669,T,304.91,40,305.39,160,IBM
2025-11-28,9:38:57.946853679,T,304.55,160,305.39,160,IBM
2025-11-28,9:39:15.296871715,T,304.55,160,305.29,40,IBM
2025-11-28,9:39:15.296881715,T,304.55,160,305.15,40,IBM
2025-11-28,9:39:15.296921846,T,304.55,160,305.1,40,IBM
2025-11-28,9:39:15.296956839,T,304.55,160,305.03,40,IBM
2025-11-28,9:39:15.296961944,T,304.55,160,305.03,80,IBM
2025-11-28,9:39:15.297803960,T,304.55,160,305.03,120,IBM
2025-11-28,9:39:15.297829486,T,304.55,160,305.03,40,IBM
2025-11-28,9:39:15.297833998,T,304.55,160,304.96,40,IBM
2025-11-28,9:39:15.300991441,T,304.55,160,305.1,40,IBM
2025-11-28,9:39:15.305311836,T,304.55,160,305.15,40,IBM
2025-11-28,9:39:15.305963330,T,304.55,160,304.96,40,IBM
2025-11-28,9:39:15.478764673,T,304.55,160,305.39,160,IBM
2025-11-28,9:39:16.792517454,T,304.55,160,305.06,40,IBM
2025-11-28,9:39:16.792542430,T,304.55,160,304.95,40,IBM
2025-11-28,9:39:16.795228890,T,304.55,160,305.01,40,IBM
2025-11-28,9:39:16.795228890,T,304.55,160,304.89,40,IBM
2025-11-28,9:39:16.795619732,T,304.04,120,304.89,40,IBM
2025-11-28,9:39:16.795629852,T,304.39,160,304.89,40,IBM
2025-11-28,9:39:16.796035853,T,304.39,160,304.89,80,IBM
2025-11-28,9:39:16.838466749,T,304.39,160,304.89,40,IBM
2025-11-28,9:39:16.896830756,T,304.39,160,305.22,40,IBM
2025-11-28,9:39:21.347641254,T,304.39,160,304.89,40,IBM
2025-11-28,9:39:34.199010171,T,304.39,160,304.88,40,IBM
2025-11-28,9:39:34.199015003,T,304.39,160,304.88,80,IBM
2025-11-28,9:39:34.753169253,T,304.39,160,304.88,40,IBM
2025-11-28,9:39:46.018702735,T,304.39,160,304.88,80,IBM
2025-11-28,9:39:46.018707721,T,304.39,160,304.87,40,IBM
2025-11-28,9:39:46.018727687,T,304.39,160,304.88,80,IBM
2025-11-28,9:39:46.018727687,T,304.39,160,304.79,40,IBM
2025-11-28,9:39:46.018742732,T,304.39,160,304.79,80,IBM
2025-11-28,9:39:46.018742732,T,304.39,160,304.79,120,IBM
2025-11-28,9:39:46.025784525,T,304.39,160,304.79,80,IBM
2025-11-28,9:39:46.044744716,T,304.39,160,304.79,40,IBM
2025-11-28,9:39:46.158315028,T,304.39,160,304.79,80,IBM
2025-11-28,9:39:52.294442613,T,304.39,160,304.79,40,IBM
2025-11-28,9:40:00.879856342,T,304.5,40,304.79,40,IBM
2025-11-28,9:40:01.555635172,T,304.55,40,304.79,40,IBM
2025-11-28,9:40:08.520029412,T,304.55,40,304.82,40,IBM
2025-11-28,9:40:08.520064459,T,304.56,40,304.82,40,IBM
2025-11-28,9:40:08.520084520,T,304.56,40,305.1,160,IBM
2025-11-28,9:40:08.520089665,T,304.56,80,305.1,160,IBM
2025-11-28,9:40:08.520104528,T,304.56,40,305.1,160,IBM
2025-11-28,9:40:08.520109621,T,304.67,40,305.1,160,IBM
2025-11-28,9:40:08.520109621,T,304.67,80,305.1,160,IBM
2025-11-28,9:40:08.520736117,T,304.79,40,305.1,160,IBM
2025-11-28,9:40:08.612760088,T,304.79,40,305.0,120,IBM
2025-11-28,9:40:08.660127868,T,304.8,40,305.0,120,IBM
2025-11-28,9:40:08.660303327,T,304.79,40,305.0,120,IBM
2025-11-28,9:40:08.660303327,T,304.87,40,305.0,120,IBM
2025-11-28,9:40:08.660313311,T,304.87,40,305.1,160,IBM
2025-11-28,9:40:08.660318366,T,304.87,40,305.0,120,IBM
2025-11-28,9:40:08.660338402,T,304.87,40,305.1,160,IBM
2025-11-28,9:40:08.660348394,T,304.87,40,305.0,120,IBM
2025-11-28,9:40:08.660358448,T,304.87,40,305.0,160,IBM
2025-11-28,9:40:08.660378498,T,304.87,40,305.0,80,IBM
2025-11-28,9:40:08.660383485,T,304.87,40,305.0,40,IBM
2025-11-28,9:40:08.660388885,T,304.87,40,305.1,160,IBM
2025-11-28,9:40:08.660393545,T,304.87,40,305.0,40,IBM
2025-11-28,9:40:08.660398597,T,304.87,40,305.1,160,IBM
2025-11-28,9:40:08.660448665,T,304.79,40,305.1,160,IBM
2025-11-28,9:40:08.660448665,T,304.93,40,305.1,160,IBM
2025-11-28,9:40:08.660453692,T,304.93,40,305.32,40,IBM
2025-11-28,9:40:08.660463739,T,304.93,40,305.23,160,IBM
2025-11-28,9:40:08.661100241,T,304.79,40,305.23,160,IBM
2025-11-28,9:40:08.661215549,T,304.79,80,305.23,160,IBM
2025-11-28,9:40:08.661220566,T,304.93,40,305.23,160,IBM
2025-11-28,9:40:08.662127661,T,304.79,80,305.23,160,IBM
2025-11-28,9:40:08.666823890,T,304.79,40,305.23,160,IBM
2025-11-28,9:40:08.673569850,T,304.79,40,305.2,40,IBM
2025-11-28,9:40:08.728350314,T,304.79,40,305.08,40,IBM
2025-11-28,9:40:08.732034097,T,304.55,40,305.08,40,IBM
2025-11-28,9:40:08.732309767,T,304.74,40,305.08,40,IBM
2025-11-28,9:40:08.761880153,T,304.74,40,305.2,40,IBM
2025-11-28,9:40:08.981954099,T,304.74,40,305.08,40,IBM
2025-11-28,9:40:13.663804730,T,304.55,40,305.08,40,IBM
2025-11-28,9:40:18.058847502,T,304.55,40,305.23,160,IBM
2025-11-28,9:40:21.402286930,T,304.55,40,305.0,40,IBM
2025-11-28,9:40:21.402317526,T,304.55,40,305.0,80,IBM
2025-11-28,9:40:23.009057026,T,304.52,160,305.0,80,IBM
2025-11-28,9:40:23.125128422,T,304.8,40,305.0,80,IBM
2025-11-28,9:40:24.464391699,T,304.8,40,305.0,40,IBM
2025-11-28,9:40:24.464752618,T,304.8,40,304.99,40,IBM
2025-11-28,9:40:24.464787660,T,304.8,40,304.99,80,IBM
2025-11-28,9:40:25.086021436,T,304.8,40,304.99,40,IBM
2025-11-28,9:40:25.086046481,T,304.8,40,305.0,40,IBM
2025-11-28,9:40:25.086382293,T,304.8,40,304.99,80,IBM
2025-11-28,9:40:25.086417362,T,304.8,40,304.99,120,IBM
2025-11-28,9:40:27.293275999,T,304.8,40,304.99,40,IBM
2025-11-28,9:40:27.293280957,T,304.8,40,305.0,40,IBM
2025-11-28,9:40:27.293306330,T,304.8,80,305.0,40,IBM
2025-11-28,9:40:27.293310954,T,304.81,40,305.0,40,IBM
2025-11-28,9:40:27.293320997,T,304.81,80,305.0,40,IBM
2025-11-28,9:40:27.293336001,T,304.81,40,305.0,40,IBM
2025-11-28,9:40:27.293341086,T,304.89,40,305.0,40,IBM
2025-11-28,9:40:27.293346003,T,304.89,40,305.23,160,IBM
2025-11-28,9:40:27.293656796,T,304.89,80,305.23,160,IBM
2025-11-28,9:40:27.298247737,T,304.89,40,305.23,160,IBM
2025-11-28,9:40:27.306657767,T,304.8,40,305.23,160,IBM
2025-11-28,9:40:27.339430774,T,304.89,40,305.23,160,IBM
2025-11-28,9:40:27.393334102,T,304.8,40,305.23,160,IBM
2025-11-28,9:40:27.428763490,T,304.8,40,305.42,40,IBM
2025-11-28,9:40:27.428773436,T,304.8,40,305.37,200,IBM
2025-11-28,9:40:28.925421537,T,304.8,80,305.37,200,IBM
2025-11-28,9:40:28.925596917,T,304.8,40,305.37,200,IBM
2025-11-28,9:40:28.926238496,T,304.8,80,305.37,200,IBM
2025-11-28,9:40:30.361590900,T,304.9,40,305.37,200,IBM
2025-11-28,9:40:30.361626017,T,304.96,40,305.37,200,IBM
2025-11-28,9:40:30.361946803,T,304.9,40,305.37,200,IBM
2025-11-28,9:40:30.363004335,T,304.96,40,305.37,200,IBM
2025-11-28,9:40:30.396554205,T,304.9,40,305.37,200,IBM
2025-11-28,9:40:30.530162168,T,304.8,80,305.37,200,IBM
2025-11-28,9:40:33.516591340,T,304.8,80,305.29,200,IBM
2025-11-28,9:40:33.554802281,T,304.8,80,305.29,240,IBM
2025-11-28,9:40:33.554832639,T,304.8,80,305.06,40,IBM
2025-11-28,9:40:33.555042848,T,304.8,80,305.06,80,IBM
2025-11-28,9:40:33.555594101,T,304.8,80,305.06,40,IBM
2025-11-28,9:40:33.561202480,T,304.8,80,305.37,200,IBM
2025-11-28,9:40:37.261230946,T,304.8,80,305.06,40,IBM
2025-11-28,9:40:41.786483711,T,304.8,80,305.37,200,IBM
2025-11-28,9:40:41.786854686,T,304.8,80,305.06,80,IBM
2025-11-28,9:40:49.155270578,T,304.8,80,305.05,200,IBM
2025-11-28,9:40:49.155982326,T,304.8,80,305.05,280,IBM
2025-11-28,9:40:49.615406025,T,304.8,80,305.05,200,IBM
2025-11-28,9:40:49.615766814,T,304.8,80,305.05,280,IBM
2025-11-28,9:40:50.069391708,T,304.8,80,305.05,480,IBM
2025-11-28,9:40:54.321424173,T,304.8,40,305.05,480,IBM
2025-11-28,9:40:54.321449156,T,304.8,40,305.05,520,IBM
2025-11-28,9:40:54.321484337,T,304.8,40,304.98,40,IBM
2025-11-28,9:40:54.322035637,T,304.8,40,305.05,440,IBM
2025-11-28,9:40:54.322200945,T,304.8,40,304.98,80,IBM
2025-11-28,9:40:54.397986347,T,304.81,40,304.98,80,IBM
2025-11-28,9:40:54.399069043,T,304.8,40,304.98,80,IBM
2025-11-28,9:40:54.901610396,T,304.82,40,304.98,80,IBM
2025-11-28,9:40:55.111610316,T,304.8,40,304.98,80,IBM
2025-11-28,9:40:56.018594638,T,304.8,40,305.02,120,IBM
2025-11-28,9:40:56.018734897,T,304.8,40,304.97,200,IBM
2025-11-28,9:40:56.018960435,T,304.8,40,304.97,280,IBM
2025-11-28,9:40:57.544191542,T,304.8,40,304.97,80,IBM
2025-11-28,9:40:57.796286640,T,304.8,40,305.02,120,IBM
2025-11-28,9:40:57.796657570,T,304.8,40,304.97,80,IBM
2025-11-28,9:41:06.624393053,T,304.8,40,305.02,120,IBM
2025-11-28,9:41:06.624748908,T,304.8,40,304.97,120,IBM
2025-11-28,9:41:06.912368628,T,304.8,40,305.02,120,IBM
2025-11-28,9:41:07.169305312,T,304.8,40,304.97,80,IBM
2025-11-28,9:41:14.819913322,T,304.8,40,305.01,120,IBM
2025-11-28,9:41:14.820269176,T,304.8,40,304.97,80,IBM
2025-11-28,9:41:19.778553005,T,304.8,40,305.01,120,IBM
2025-11-28,9:41:19.778573034,T,304.84,40,305.01,120,IBM
2025-11-28,9:41:19.778658245,T,304.9,40,305.01,120,IBM
2025-11-28,9:41:19.779049187,T,304.9,40,305.01,80,IBM
2025-11-28,9:41:19.779089315,T,304.9,40,305.02,120,IBM
2025-11-28,9:41:19.779144760,T,304.9,40,305.01,120,IBM
2025-11-28,9:41:19.779244649,T,304.9,40,305.02,120,IBM
2025-11-28,9:41:19.779299801,T,304.9,40,305.01,80,IBM
2025-11-28,9:41:19.779565425,T,304.8,40,305.01,80,IBM
2025-11-28,9:41:19.779886122,T,304.8,40,305.01,40,IBM
2025-11-28,9:41:19.779886122,T,304.8,40,305.02,120,IBM
2025-11-28,9:41:19.779926317,T,304.91,40,305.02,120,IBM
2025-11-28,9:41:19.782226756,T,304.8,40,305.02,120,IBM
2025-11-28,9:41:19.782392082,T,304.91,40,305.02,120,IBM
2025-11-28,9:41:19.788075665,T,304.8,40,305.02,120,IBM
2025-11-28,9:41:21.710126311,T,304.81,40,305.02,120,IBM
2025-11-28,9:41:21.765217469,T,304.81,40,305.02,40,IBM
2025-11-28,9:41:21.765242512,T,304.81,40,305.05,200,IBM
2025-11-28,9:41:21.765252539,T,304.81,40,305.02,120,IBM
2025-11-28,9:41:21.765272511,T,304.81,40,305.02,40,IBM
2025-11-28,9:41:21.765322632,T,304.81,40,305.02,80,IBM
2025-11-28,9:41:21.765382810,T,304.81,40,305.02,40,IBM
2025-11-28,9:41:21.765387878,T,304.81,40,305.05,200,IBM
2025-11-28,9:41:21.765397850,T,304.81,40,305.02,80,IBM
2025-11-28,9:41:21.765427942,T,304.92,40,305.02,80,IBM
2025-11-28,9:41:21.765758665,T,304.92,40,305.02,40,IBM
2025-11-28,9:41:21.766405211,T,304.92,40,305.05,200,IBM
2025-11-28,9:41:21.772454634,T,304.81,40,305.05,200,IBM
2025-11-28,9:41:21.773707618,T,304.81,40,305.04,40,IBM
2025-11-28,9:41:21.773717613,T,304.81,40,305.04,160,IBM
2025-11-28,9:41:21.785746258,T,304.81,40,304.97,40,IBM
2025-11-28,9:41:21.787440347,T,304.8,40,304.97,40,IBM
2025-11-28,9:41:21.787746389,T,304.54,160,304.97,40,IBM
2025-11-28,9:41:21.789004037,T,304.54,160,305.05,200,IBM
2025-11-28,9:41:21.790302161,T,304.54,160,305.01,40,IBM
2025-11-28,9:41:21.865922214,T,304.68,40,305.01,40,IBM
2025-11-28,9:41:21.876768025,T,304.54,160,305.01,40,IBM
2025-11-28,9:41:21.952834062,T,304.63,40,305.01,40,IBM
2025-11-28,9:41:21.953054567,T,304.63,80,305.01,40,IBM
2025-11-28,9:41:21.953630920,T,304.63,80,305.01,80,IBM
2025-11-28,9:41:21.953645926,T,304.63,80,305.01,160,IBM
2025-11-28,9:41:22.920467549,T,304.63,40,305.01,160,IBM
2025-11-28,9:41:23.148540480,T,304.54,160,305.01,160,IBM
2025-11-28,9:41:23.587781198,T,304.54,160,305.01,120,IBM
2025-11-28,9:41:23.666393438,T,304.8,40,305.01,120,IBM
2025-11-28,9:41:27.031033305,T,304.8,40,305.01,160,IBM
2025-11-28,9:41:27.032401518,T,304.54,160,305.01,160,IBM
2025-11-28,9:41:27.123037322,T,304.8,40,305.01,160,IBM
2025-11-28,9:41:28.459188251,T,304.54,160,305.01,160,IBM
2025-11-28,9:41:28.459218295,T,304.54,160,305.01,200,IBM
2025-11-28,9:41:28.459253412,T,304.54,160,305.0,40,IBM
2025-11-28,9:41:28.459919958,T,304.54,160,305.0,80,IBM
2025-11-28,9:41:28.592280105,T,304.54,160,305.0,40,IBM
2025-11-28,9:41:29.078041440,T,304.54,160,305.0,80,IBM
2025-11-28,9:41:29.078046391,T,304.54,160,304.99,40,IBM
2025-11-28,9:41:29.078066838,T,304.54,160,305.0,80,IBM
2025-11-28,9:41:29.078066838,T,304.54,160,304.9,40,IBM
2025-11-28,9:41:29.079169157,T,304.54,160,304.9,80,IBM
2025-11-28,9:41:29.178375249,T,304.54,160,304.9,40,IBM
2025-11-28,9:41:29.179177231,T,304.54,160,304.9,160,IBM
2025-11-28,9:41:29.601868406,T,304.54,160,304.9,200,IBM
2025-11-28,9:41:31.292503442,T,304.54,160,304.9,160,IBM
2025-11-28,9:41:31.292864268,T,304.54,160,304.9,240,IBM
2025-11-28,9:41:39.949903296,T,304.54,160,304.9,160,IBM
2025-11-28,9:41:39.950264032,T,304.54,160,304.9,240,IBM
2025-11-28,9:41:46.351808622,T,304.54,160,304.9,160,IBM
2025-11-28,9:41:46.351883799,T,304.54,160,304.89,40,IBM
2025-11-28,9:41:46.351903848,T,304.54,160,304.89,160,IBM
2025-11-28,9:41:46.352179606,T,304.54,160,304.89,240,IBM
2025-11-28,9:41:48.614876207,T,304.54,160,304.89,160,IBM
2025-11-28,9:41:48.615232028,T,304.54,160,304.89,240,IBM
2025-11-28,9:41:55.016851820,T,304.54,160,304.89,120,IBM
2025-11-28,9:41:55.583195109,T,304.54,160,304.89,240,IBM
2025-11-28,9:41:57.035647803,T,304.54,160,304.89,160,IBM
2025-11-28,9:41:57.036013667,T,304.54,160,304.89,280,IBM
2025-11-28,9:41:57.214734052,T,304.54,160,304.89,160,IBM
2025-11-28,9:41:57.214769155,T,304.54,160,304.87,80,IBM
2025-11-28,9:41:57.215089927,T,304.54,160,304.87,160,IBM
2025-11-28,9:41:57.396712244,T,304.54,160,304.87,80,IBM
2025-11-28,9:41:57.396742418,T,304.54,160,304.89,160,IBM
2025-11-28,9:41:57.598542837,T,304.54,160,304.86,80,IBM
2025-11-28,9:42:02.062008386,T,304.54,160,304.86,120,IBM
2025-11-28,9:42:06.063955460,T,304.54,160,304.86,40,IBM
2025-11-28,9:42:06.064311321,T,304.54,160,304.86,120,IBM
2025-11-28,9:42:12.863923491,T,304.54,160,304.86,240,IBM
2025-11-28,9:42:15.138778917,T,304.54,160,304.86,160,IBM
2025-11-28,9:42:15.139134835,T,304.54,160,304.86,240,IBM
2025-11-28,9:42:19.641523391,T,304.54,160,304.86,200,IBM
2025-11-28,9:42:19.641528593,T,304.54,160,304.86,120,IBM
2025-11-28,9:42:19.641553350,T,304.54,160,304.86,80,IBM
2025-11-28,9:42:19.641553350,T,304.54,160,305.05,200,IBM
2025-11-28,9:42:19.641573732,T,304.63,40,305.05,200,IBM
2025-11-28,9:42:19.641578672,T,304.75,40,305.05,200,IBM
2025-11-28,9:42:19.641904179,T,304.75,80,305.05,200,IBM
2025-11-28,9:42:19.642395332,T,304.75,80,305.0,40,IBM
2025-11-28,9:42:19.642415414,T,304.75,80,305.0,80,IBM
2025-11-28,9:42:19.642420417,T,304.75,40,305.0,80,IBM
2025-11-28,9:42:19.651010841,T,304.75,40,305.0,40,IBM
2025-11-28,9:42:19.651020901,T,304.75,40,305.05,200,IBM
2025-11-28,9:42:20.026725347,T,304.71,40,305.05,200,IBM
2025-11-28,9:42:20.026945856,T,304.71,40,305.0,40,IBM
2025-11-28,9:42:28.206102286,T,304.71,40,305.0,240,IBM
2025-11-28,9:42:28.206433141,T,304.71,40,305.0,280,IBM
2025-11-28,9:42:28.206894191,T,304.54,160,305.0,280,IBM
2025-11-28,9:42:32.789438719,T,304.54,160,305.0,240,IBM
2025-11-28,9:42:32.789799597,T,304.54,160,305.0,320,IBM
2025-11-28,9:42:41.896494230,T,304.54,160,305.0,240,IBM
2025-11-28,9:42:41.896850095,T,304.54,160,305.0,320,IBM
2025-11-28,9:42:43.220070145,T,304.54,160,305.0,240,IBM
2025-11-28,9:42:43.220160393,T,304.54,160,304.99,40,IBM
2025-11-28,9:42:43.220190479,T,304.54,160,304.99,240,IBM
2025-11-28,9:42:43.220426061,T,304.54,160,304.99,320,IBM
2025-11-28,9:42:43.444785176,T,304.54,160,304.99,240,IBM
2025-11-28,9:42:43.784433731,T,304.54,160,304.98,80,IBM
2025-11-28,9:42:50.019286442,T,304.57,40,304.98,80,IBM
2025-11-28,9:42:50.857005627,T,304.57,40,304.99,240,IBM
2025-11-28,9:42:50.857371515,T,304.57,40,304.98,120,IBM
2025-11-28,9:42:51.169775253,T,304.57,40,304.99,240,IBM
2025-11-28,9:42:51.879489919,T,304.57,40,304.98,80,IBM
2025-11-28,9:42:57.403425104,T,304.57,40,304.99,240,IBM
2025-11-28,9:42:57.403780927,T,304.57,40,304.97,80,IBM
2025-11-28,9:42:57.624461282,T,304.57,40,304.99,240,IBM
2025-11-28,9:42:57.843347302,T,304.57,40,304.96,80,IBM
2025-11-28,9:42:59.098129676,T,304.57,40,304.96,120,IBM
2025-11-28,9:42:59.098159777,T,304.57,40,304.96,320,IBM
2025-11-28,9:43:00.005409533,T,304.57,40,304.96,240,IBM
2025-11-28,9:43:00.005775477,T,304.57,40,304.96,360,IBM
2025-11-28,9:43:00.479763851,T,304.57,40,304.96,240,IBM
2025-11-28,9:43:01.168728924,T,304.57,40,304.96,320,IBM
2025-11-28,9:43:01.677074139,T,304.54,160,304.96,320,IBM
2025-11-28,9:43:03.264302657,T,304.54,160,304.96,240,IBM
2025-11-28,9:43:03.264658480,T,304.54,160,304.95,80,IBM
2025-11-28,9:43:03.441975564,T,304.54,160,304.96,240,IBM
2025-11-28,9:43:03.663974055,T,304.54,160,304.94,80,IBM
2025-11-28,9:43:09.327767595,T,304.54,160,304.96,240,IBM
2025-11-28,9:43:09.328123125,T,304.54,160,304.94,120,IBM
2025-11-28,9:43:09.693583149,T,304.54,160,304.96,240,IBM
2025-11-28,9:43:10.496925687,T,304.54,160,304.94,80,IBM
2025-11-28,9:43:15.069486122,T,304.54,160,304.94,120,IBM
2025-11-28,9:43:15.069506113,T,304.54,160,304.94,320,IBM
2025-11-28,9:43:18.410028896,T,304.54,160,304.94,240,IBM
2025-11-28,9:43:18.410028896,T,304.54,160,304.94,200,IBM
2025-11-28,9:43:18.410028896,T,304.54,160,305.05,200,IBM
2025-11-28,9:43:18.410048733,T,304.76,40,305.05,200,IBM
2025-11-28,9:43:18.410259540,T,304.85,40,305.05,200,IBM
2025-11-28,9:43:18.410289291,T,304.9,40,305.05,200,IBM
2025-11-28,9:43:18.412018728,T,304.85,40,305.05,200,IBM
2025-11-28,9:43:18.412138746,T,304.8,40,305.05,200,IBM
2025-11-28,9:43:18.412138746,T,304.67,40,305.05,200,IBM
2025-11-28,9:43:18.412144075,T,304.66,160,305.05,200,IBM
2025-11-28,9:43:18.412364247,T,304.76,80,305.05,200,IBM
2025-11-28,9:43:18.412369312,T,304.76,120,305.05,200,IBM
2025-11-28,9:43:18.412379363,T,304.76,160,305.05,200,IBM
2025-11-28,9:43:18.413396726,T,304.76,160,305.0,40,IBM
2025-11-28,9:43:18.413476981,T,304.76,160,305.0,80,IBM
2025-11-28,9:43:18.420488592,T,304.76,160,305.0,40,IBM
2025-11-28,9:43:19.809420081,T,304.81,80,305.0,40,IBM
2025-11-28,9:43:19.809420081,T,304.81,120,305.0,40,IBM
2025-11-28,9:43:23.489260330,T,304.81,120,305.0,80,IBM
2025-11-28,9:43:28.087371603,T,304.81,120,305.0,40,IBM
2025-11-28,9:43:28.087732413,T,304.81,120,305.0,120,IBM
2025-11-28,9:43:29.490983039,T,304.81,120,305.0,40,IBM
2025-11-28,9:43:29.491088204,T,304.82,120,305.0,40,IBM
2025-11-28,9:43:29.491108302,T,304.82,200,305.0,40,IBM
2025-11-28,9:43:29.491113350,T,304.82,240,305.0,40,IBM
2025-11-28,9:43:29.491343874,T,304.82,240,304.99,80,IBM
2025-11-28,9:43:29.799783086,T,304.82,240,305.0,40,IBM
2025-11-28,9:43:30.442237713,T,304.82,240,304.98,80,IBM
2025-11-28,9:43:33.662444052,T,304.82,240,304.98,120,IBM
2025-11-28,9:43:33.663065445,T,304.82,240,304.98,40,IBM
2025-11-28,9:43:33.663070423,T,304.82,240,305.05,200,IBM
2025-11-28,9:43:33.663090560,T,304.97,80,305.05,200,IBM
2025-11-28,9:43:33.663095525,T,304.97,120,305.05,200,IBM
2025-11-28,9:43:33.663120530,T,304.97,40,305.05,200,IBM
2025-11-28,9:43:33.663311064,T,304.98,40,305.05,200,IBM
2025-11-28,9:43:33.663536588,T,304.98,40,305.05,160,IBM
2025-11-28,9:43:33.663752046,T,304.98,40,305.28,160,IBM
2025-11-28,9:43:33.663762086,T,304.98,160,305.28,160,IBM
2025-11-28,9:43:33.663777102,T,305.03,40,305.28,160,IBM
2025-11-28,9:43:33.663807622,T,305.03,80,305.28,160,IBM
2025-11-28,9:43:33.663812304,T,305.03,40,305.28,160,IBM
2025-11-28,9:43:33.663847334,T,305.03,80,305.28,160,IBM
2025-11-28,9:43:33.664599101,T,305.03,40,305.28,160,IBM
2025-11-28,9:43:34.210814513,T,305.06,40,305.28,160,IBM
2025-11-28,9:43:34.217475367,T,304.66,160,305.28,160,IBM
2025-11-28,9:43:34.217500429,T,304.66,160,305.27,40,IBM
2025-11-28,9:43:34.217500429,T,304.66,160,305.17,40,IBM
2025-11-28,9:43:34.218407554,T,304.66,160,305.11,40,IBM
2025-11-28,9:43:34.218427550,T,304.66,160,305.11,120,IBM
2025-11-28,9:43:34.224953129,T,304.66,160,305.11,80,IBM
2025-11-28,9:43:34.319889189,T,304.99,40,305.11,80,IBM
2025-11-28,9:43:34.398120442,T,304.66,160,305.11,80,IBM
2025-11-28,9:43:34.398145522,T,304.66,160,305.11,120,IBM
2025-11-28,9:43:34.398175568,T,304.66,160,305.03,40,IBM
2025-11-28,9:43:34.398215613,T,304.77,40,305.03,40,IBM
2025-11-28,9:43:34.398491340,T,304.77,40,305.11,80,IBM
2025-11-28,9:43:34.398671788,T,304.77,40,305.06,40,IBM
2025-11-28,9:43:34.398957400,T,304.77,40,305.05,40,IBM
2025-11-28,9:43:34.399453616,T,304.77,40,305.06,40,IBM
2025-11-28,9:43:34.399508753,T,304.77,40,305.05,40,IBM
2025-11-28,9:43:34.407943787,T,304.77,40,305.28,160,IBM
2025-11-28,9:43:34.413903147,T,304.89,40,305.28,160,IBM
2025-11-28,9:43:34.413958125,T,304.89,80,305.28,160,IBM
2025-11-28,9:43:34.413978224,T,304.77,80,305.28,160,IBM
2025-11-28,9:43:34.413978224,T,304.95,80,305.28,160,IBM
2025-11-28,9:43:34.416228743,T,304.77,80,305.28,160,IBM
2025-11-28,9:43:34.419676799,T,304.77,40,305.28,160,IBM
2025-11-28,9:43:34.498489366,T,304.66,160,305.28,160,IBM
2025-11-28,9:43:34.667797526,T,304.66,160,305.11,80,IBM
2025-11-28,9:43:35.175135217,T,304.66,160,305.1,40,IBM
2025-11-28,9:43:35.337095781,T,304.66,160,305.11,80,IBM
2025-11-28,9:43:35.455146758,T,304.75,40,305.11,80,IBM
2025-11-28,9:43:35.696701816,T,304.94,120,305.11,80,IBM
2025-11-28,9:43:35.697057618,T,304.75,40,305.11,80,IBM
2025-11-28,9:43:36.908837304,T,304.95,40,305.11,80,IBM
2025-11-28,9:43:39.140359654,T,304.75,40,305.11,80,IBM
2025-11-28,9:43:39.463218305,T,304.75,40,305.09,40,IBM
2025-11-28,9:43:39.463243428,T,304.75,40,305.11,120,IBM
2025-11-28,9:43:39.463243428,T,304.75,40,305.03,40,IBM
2025-11-28,9:43:39.496773142,T,304.75,40,305.13,40,IBM
2025-11-28,9:43:39.946799683,T,304.75,40,305.09,40,IBM
2025-11-28,9:43:39.946834605,T,304.75,40,305.08,40,IBM
2025-11-28,9:43:40.175894976,T,304.75,40,305.09,40,IBM
2025-11-28,9:43:41.828714671,T,304.75,40,305.09,80,IBM
2025-11-28,9:43:41.828744736,T,304.75,40,305.08,40,IBM
2025-11-28,9:43:42.091289747,T,304.75,40,305.09,40,IBM
2025-11-28,9:43:42.487302495,T,304.75,40,305.09,80,IBM
2025-11-28,9:43:45.043873822,T,304.75,40,305.08,40,IBM
2025-11-28,9:43:45.044550446,T,304.75,40,305.08,80,IBM
2025-11-28,9:43:46.158958357,T,304.75,40,305.08,40,IBM
2025-11-28,9:43:46.985140101,T,304.75,40,305.09,40,IBM
2025-11-28,9:43:46.985505968,T,304.75,40,305.09,120,IBM
2025-11-28,9:43:46.985536047,T,304.75,40,305.08,40,IBM
2025-11-28,9:43:47.420566744,T,304.75,40,305.09,40,IBM
2025-11-28,9:43:47.967413620,T,304.75,40,305.09,120,IBM
2025-11-28,9:43:47.967443603,T,304.75,40,305.08,40,IBM
2025-11-28,9:43:48.142530505,T,304.75,40,305.09,120,IBM
2025-11-28,9:43:48.143026655,T,304.75,40,305.08,40,IBM
2025-11-28,9:43:48.390545971,T,304.75,40,305.09,40,IBM
2025-11-28,9:43:48.801619524,T,304.75,40,305.09,120,IBM
2025-11-28,9:43:48.801649599,T,304.75,40,305.08,40,IBM
2025-11-28,9:43:49.215113950,T,304.75,40,305.09,40,IBM
2025-11-28,9:43:49.949712874,T,304.75,40,305.09,120,IBM
2025-11-28,9:43:49.949747888,T,304.75,40,305.08,40,IBM
2025-11-28,9:43:50.419325692,T,304.75,40,305.09,40,IBM
2025-11-28,9:43:50.977404230,T,304.75,40,305.09,120,IBM
2025-11-28,9:43:50.977434337,T,304.75,40,305.08,40,IBM
2025-11-28,9:43:51.297822103,T,304.75,40,305.09,40,IBM
2025-11-28,9:43:51.729910683,T,304.75,40,305.09,120,IBM
2025-11-28,9:43:51.729945794,T,304.75,40,305.08,40,IBM
2025-11-28,9:43:51.877672378,T,304.75,40,305.09,120,IBM
2025-11-28,9:43:51.878163600,T,304.75,40,305.08,40,IBM
2025-11-28,9:43:51.978602778,T,304.75,40,305.09,40,IBM
2025-11-28,9:43:52.226563025,T,304.75,40,305.09,120,IBM
2025-11-28,9:43:54.410366838,T,304.82,40,305.09,120,IBM
2025-11-28,9:43:55.887919294,T,304.82,40,305.09,40,IBM
2025-11-28,9:43:55.888285091,T,304.82,40,305.09,160,IBM
2025-11-28,9:43:56.475989163,T,304.82,40,305.09,40,IBM
2025-11-28,9:43:56.476345064,T,304.82,40,305.09,120,IBM
2025-11-28,9:44:03.361922176,T,304.87,40,305.09,120,IBM
2025-11-28,9:44:05.119245526,T,304.87,40,305.09,40,IBM
2025-11-28,9:44:05.119611473,T,304.87,40,305.09,160,IBM
2025-11-28,9:44:05.413601350,T,304.87,40,305.09,40,IBM
2025-11-28,9:44:05.413962161,T,304.87,40,305.09,120,IBM
2025-11-28,9:44:14.342502722,T,304.87,40,305.09,40,IBM
2025-11-28,9:44:14.342868636,T,304.87,40,305.09,160,IBM
2025-11-28,9:44:14.967701019,T,304.87,40,305.09,40,IBM
2025-11-28,9:44:14.968061941,T,304.87,40,305.09,120,IBM
2025-11-28,9:44:17.183987215,T,304.87,40,305.09,40,IBM
2025-11-28,9:44:17.184112544,T,304.87,40,305.08,40,IBM
2025-11-28,9:44:17.184132633,T,304.87,40,305.08,80,IBM
2025-11-28,9:44:17.184358088,T,304.87,40,305.08,160,IBM
2025-11-28,9:44:17.607159668,T,304.87,40,305.08,80,IBM
2025-11-28,9:44:18.147601299,T,304.87,40,305.07,80,IBM
2025-11-28,9:44:18.557356668,T,304.87,40,305.08,80,IBM
2025-11-28,9:44:28.859261347,T,304.87,40,305.08,40,IBM
2025-11-28,9:44:32.391059528,T,304.87,40,305.05,40,IBM
2025-11-28,9:44:35.615951721,T,304.87,40,305.13,40,IBM
2025-11-28,9:44:35.615966544,T,304.98,40,305.13,40,IBM
2025-11-28,9:44:35.615996647,T,304.98,80,305.13,40,IBM
2025-11-28,9:44:35.616202208,T,304.98,40,305.13,40,IBM
2025-11-28,9:44:35.616693299,T,304.88,40,305.13,40,IBM
2025-11-28,9:44:35.616708312,T,304.87,40,305.13,40,IBM
2025-11-28,9:44:35.616818611,T,304.97,40,305.13,40,IBM
2025-11-28,9:44:35.616934223,T,304.87,40,305.13,40,IBM
2025-11-28,9:44:35.617325346,T,304.87,40,305.07,120,IBM
2025-11-28,9:44:35.617480266,T,304.88,40,305.07,120,IBM
2025-11-28,9:44:35.617490202,T,304.96,40,305.07,120,IBM
2025-11-28,9:44:35.617555509,T,304.96,40,305.13,40,IBM
2025-11-28,9:44:35.617570368,T,304.97,40,305.13,40,IBM
2025-11-28,9:44:35.617575513,T,304.96,40,305.13,40,IBM
2025-11-28,9:44:35.617590499,T,304.97,40,305.13,40,IBM
2025-11-28,9:44:35.617600611,T,304.96,40,305.13,40,IBM
2025-11-28,9:44:35.617615885,T,304.97,40,305.13,40,IBM
2025-11-28,9:44:35.617615885,T,304.98,40,305.13,40,IBM
2025-11-28,9:44:35.617715809,T,304.98,80,305.13,40,IBM
2025-11-28,9:44:35.617725744,T,304.98,40,305.13,40,IBM
2025-11-28,9:44:35.617805951,T,305.02,40,305.13,40,IBM
2025-11-28,9:44:35.617816023,T,304.98,40,305.13,40,IBM
2025-11-28,9:44:35.617956315,T,304.87,40,305.13,40,IBM
2025-11-28,9:44:37.059147285,T,304.87,40,305.13,80,IBM
2025-11-28,9:44:39.029107040,T,305.0,40,305.13,80,IBM
2025-11-28,9:44:39.437489093,T,305.0,40,305.1,40,IBM
2025-11-28,9:44:47.618425116,T,305.0,40,305.13,40,IBM
2025-11-28,9:44:47.618455191,T,305.04,40,305.13,40,IBM
2025-11-28,9:44:47.618806046,T,305.04,40,305.13,440,IBM
2025-11-28,9:44:47.618831013,T,305.0,40,305.13,440,IBM
2025-11-28,9:44:47.618861155,T,305.0,40,305.11,40,IBM
2025-11-28,9:44:47.618896246,T,305.0,40,305.11,440,IBM
2025-11-28,9:44:47.619106753,T,305.0,40,305.11,40,IBM
2025-11-28,9:44:47.619126722,T,305.0,40,305.1,400,IBM
2025-11-28,9:44:47.619242086,T,304.85,40,305.1,400,IBM
2025-11-28,9:44:47.619262027,T,304.85,40,305.11,40,IBM
2025-11-28,9:44:47.619272047,T,304.85,40,305.11,80,IBM
2025-11-28,9:44:47.619282278,T,304.85,40,305.01,400,IBM
2025-11-28,9:44:47.619372332,T,304.85,40,305.01,360,IBM
2025-11-28,9:44:47.619397397,T,304.85,40,305.11,80,IBM
2025-11-28,9:44:47.619422480,T,304.85,40,305.04,360,IBM
2025-11-28,9:44:47.619462581,T,304.85,40,305.07,40,IBM
2025-11-28,9:44:47.619482625,T,304.85,40,305.01,360,IBM
2025-11-28,9:44:47.620179429,T,304.85,40,305.07,40,IBM
2025-11-28,9:44:47.620194282,T,304.85,40,305.1,40,IBM
2025-11-28,9:44:47.620194282,T,304.85,40,304.98,40,IBM
2025-11-28,9:44:47.620204371,T,304.85,40,304.98,400,IBM
2025-11-28,9:44:47.620479962,T,304.85,40,304.98,40,IBM
2025-11-28,9:44:47.620484980,T,304.85,40,304.98,80,IBM
2025-11-28,9:44:47.620505063,T,304.85,40,304.92,360,IBM
2025-11-28,9:44:47.620535057,T,304.85,40,304.94,40,IBM
2025-11-28,9:44:47.620830774,T,304.85,40,305.13,80,IBM
2025-11-28,9:44:47.620905999,T,304.85,40,305.11,40,IBM
2025-11-28,9:44:47.620921008,T,304.85,40,305.13,80,IBM
2025-11-28,9:44:47.620926037,T,304.85,40,305.11,40,IBM
2025-11-28,9:44:47.621131649,T,304.85,40,305.13,80,IBM
2025-11-28,9:44:48.762679159,T,304.65,160,305.13,80,IBM
2025-11-28,9:44:48.762714285,T,304.65,200,305.13,80,IBM
2025-11-28,9:44:49.030481704,T,304.65,200,305.03,80,IBM
2025-11-28,9:44:52.795885654,T,304.65,200,305.03,120,IBM
2025-11-28,9:44:52.795900753,T,304.65,200,304.97,40,IBM
2025-11-28,9:44:52.796416925,T,304.65,200,304.95,40,IBM
2025-11-28,9:44:52.796452047,T,304.65,200,304.9,40,IBM
2025-11-28,9:44:52.797369205,T,304.65,200,304.95,40,IBM
2025-11-28,9:44:52.798301393,T,304.65,200,304.9,40,IBM
2025-11-28,9:44:52.801027979,T,304.65,200,304.95,40,IBM
2025-11-28,9:44:52.801052911,T,304.65,200,305.13,80,IBM
2025-11-28,9:44:52.804285633,T,304.65,200,305.13,40,IBM
2025-11-28,9:44:54.013434097,T,304.65,200,304.9,40,IBM
2025-11-28,9:44:59.809833050,T,304.65,40,304.9,40,IBM
2025-11-28,9:45:02.482856513,T,304.65,40,305.13,40,IBM
2025-11-28,9:45:03.046914312,T,304.65,40,304.9,80,IBM
2025-11-28,9:45:13.531128355,T,304.65,40,304.84,40,IBM
2025-11-28,9:45:13.535077699,T,304.65,40,305.13,80,IBM
2025-11-28,9:45:13.535082792,T,304.65,40,304.78,40,IBM
2025-11-28,9:45:13.539382987,T,304.65,40,305.13,80,IBM
2025-11-28,9:45:13.540164879,T,304.65,40,304.78,40,IBM
2025-11-28,9:45:13.540751350,T,304.65,40,305.13,80,IBM
2025-11-28,9:45:13.543247165,T,304.53,200,305.13,80,IBM
2025-11-28,9:45:13.543307307,T,304.65,40,305.13,80,IBM
2025-11-28,9:45:13.546048940,T,304.53,200,305.13,80,IBM
2025-11-28,9:45:14.379838654,T,304.68,40,305.13,80,IBM
2025-11-28,9:45:14.380505222,T,304.68,40,305.13,40,IBM
2025-11-28,9:45:14.380580440,T,304.7,40,305.13,40,IBM
2025-11-28,9:45:14.380615479,T,304.72,40,305.13,40,IBM
2025-11-28,9:45:14.381427413,T,304.72,40,305.13,80,IBM
2025-11-28,9:45:14.381432475,T,304.65,40,305.13,80,IBM
2025-11-28,9:45:14.381447461,T,304.53,240,305.13,80,IBM
2025-11-28,9:45:14.381452458,T,304.53,200,305.13,80,IBM
2025-11-28,9:45:14.543703707,T,304.53,240,305.13,80,IBM
2025-11-28,9:45:14.543728861,T,304.53,200,305.13,80,IBM
2025-11-28,9:45:14.543733844,T,304.67,40,305.13,80,IBM
2025-11-28,9:45:14.682689606,T,304.53,200,305.13,80,IBM
2025-11-28,9:45:23.570919281,T,304.67,40,305.13,80,IBM
2025-11-28,9:45:24.320208059,T,304.53,200,305.13,80,IBM
2025-11-28,9:45:24.320779470,T,304.53,200,304.89,80,IBM
2025-11-28,9:45:27.269774786,T,304.53,200,304.88,40,IBM
2025-11-28,9:45:27.269950261,T,304.53,200,304.83,40,IBM
2025-11-28,9:45:27.303470086,T,304.53,200,304.89,80,IBM
2025-11-28,9:45:27.372614583,T,304.53,240,304.89,80,IBM
2025-11-28,9:45:27.373090816,T,304.53,240,304.87,40,IBM
2025-11-28,9:45:27.725950780,T,304.53,240,304.89,80,IBM
2025-11-28,9:45:27.726432120,T,304.53,240,304.87,40,IBM
2025-11-28,9:45:28.039873104,T,304.53,240,304.89,80,IBM
2025-11-28,9:45:31.538622294,T,304.53,240,304.89,40,IBM
2025-11-28,9:45:33.280814684,T,304.53,40,304.89,40,IBM
2025-11-28,9:45:33.280839689,T,304.44,40,304.89,40,IBM
2025-11-28,9:45:33.681167993,T,304.42,160,304.89,40,IBM
2025-11-28,9:45:33.681192813,T,304.42,160,304.78,40,IBM
2025-11-28,9:45:33.681202896,T,304.42,160,304.76,40,IBM
2025-11-28,9:45:33.681448539,T,304.42,160,304.78,40,IBM
2025-11-28,9:45:33.681453444,T,304.42,160,304.71,40,IBM
2025-11-28,9:45:33.686034355,T,304.42,160,304.88,40,IBM
2025-11-28,9:45:33.688570393,T,304.42,160,305.06,160,IBM
2025-11-28,9:45:33.722646721,T,304.42,160,304.76,40,IBM
2025-11-28,9:45:34.199150925,T,304.42,160,305.06,160,IBM
2025-11-28,9:45:40.730745078,T,304.42,160,304.76,80,IBM
2025-11-28,9:45:43.773052540,T,304.42,160,305.06,160,IBM
2025-11-28,9:45:43.773413430,T,304.42,160,304.76,120,IBM
2025-11-28,9:45:45.599160017,T,304.42,160,305.06,160,IBM
2025-11-28,9:45:45.599520721,T,304.42,160,304.76,80,IBM
2025-11-28,9:45:48.032953785,T,304.42,160,304.75,40,IBM
2025-11-28,9:45:48.032953785,T,304.42,160,304.75,80,IBM
2025-11-28,9:45:48.033480076,T,304.42,160,304.68,40,IBM
2025-11-28,9:45:48.037068605,T,304.13,40,304.68,40,IBM
2025-11-28,9:45:48.037078575,T,304.27,200,304.68,40,IBM
2025-11-28,9:45:48.063411274,T,304.27,200,304.66,40,IBM
2025-11-28,9:45:48.063441362,T,304.27,200,304.64,40,IBM
2025-11-28,9:45:48.063661860,T,304.27,200,304.66,40,IBM
2025-11-28,9:45:48.063666868,T,304.27,200,304.57,40,IBM
2025-11-28,9:45:48.064874859,T,304.27,200,304.51,40,IBM
2025-11-28,9:45:48.067054962,T,304.27,200,304.71,80,IBM
2025-11-28,9:45:48.068247786,T,304.13,40,304.71,80,IBM
2025-11-28,9:45:48.068272872,T,304.04,120,304.71,80,IBM
2025-11-28,9:45:48.068277897,T,304.04,120,304.51,40,IBM
2025-11-28,9:45:48.071961637,T,304.04,120,304.71,80,IBM
2025-11-28,9:45:48.150889547,T,304.15,160,304.71,80,IBM
2025-11-28,9:45:48.277004814,T,304.15,160,304.45,40,IBM
2025-11-28,9:45:48.277781622,T,304.15,160,304.71,80,IBM
2025-11-28,9:45:48.277786629,T,304.15,160,304.41,40,IBM
2025-11-28,9:45:48.281996613,T,304.15,160,304.71,80,IBM
2025-11-28,9:45:48.293950143,T,304.15,160,304.41,40,IBM
2025-11-28,9:45:48.318423400,T,304.15,160,304.71,80,IBM
2025-11-28,9:45:48.318468485,T,304.16,80,304.71,80,IBM
2025-11-28,9:45:48.325745780,T,304.15,160,304.71,80,IBM
2025-11-28,9:45:48.325770822,T,304.15,160,304.44,40,IBM
2025-11-28,9:45:48.447024499,T,304.15,160,304.89,160,IBM
2025-11-28,9:45:48.451249564,T,304.15,160,304.44,40,IBM
2025-11-28,9:45:48.933643033,T,304.15,160,304.42,80,IBM
2025-11-28,9:45:49.033335316,T,304.15,200,304.42,80,IBM
2025-11-28,9:45:50.011058127,T,304.15,40,304.42,80,IBM
2025-11-28,9:45:50.376427941,T,304.15,40,304.44,40,IBM
2025-11-28,9:45:50.376793787,T,304.15,40,304.41,80,IBM
2025-11-28,9:45:50.539651566,T,304.15,40,304.44,40,IBM
2025-11-28,9:45:50.790949863,T,304.15,40,304.4,80,IBM
2025-11-28,9:45:51.634297423,T,304.15,40,304.44,40,IBM
2025-11-28,9:45:51.634658302,T,304.15,40,304.4,120,IBM
2025-11-28,9:45:52.296679223,T,304.15,40,304.44,40,IBM
2025-11-28,9:45:52.513740943,T,304.15,40,304.4,80,IBM
2025-11-28,9:45:58.826048110,T,304.26,40,304.4,80,IBM
2025-11-28,9:45:58.826083107,T,304.26,40,304.75,160,IBM
2025-11-28,9:45:58.826128242,T,304.3,40,304.75,160,IBM
2025-11-28,9:45:58.827210773,T,304.3,80,304.75,160,IBM
2025-11-28,9:45:58.875440600,T,304.31,40,304.75,160,IBM
2025-11-28,9:46:00.360405791,T,304.31,40,304.43,40,IBM
2025-11-28,9:46:03.521381031,T,304.31,40,304.75,160,IBM
2025-11-28,9:46:03.521486286,T,304.31,40,304.43,40,IBM
2025-11-28,9:46:07.493216339,T,304.31,40,304.75,160,IBM
2025-11-28,9:46:07.493577109,T,304.31,40,304.43,80,IBM
2025-11-28,9:46:10.578004962,T,304.14,40,304.43,80,IBM
2025-11-28,9:46:10.578030021,T,304.14,40,304.43,120,IBM
2025-11-28,9:46:10.578065159,T,304.14,40,304.37,40,IBM
2025-11-28,9:46:10.578721804,T,304.14,40,304.37,120,IBM
2025-11-28,9:46:10.651805663,T,304.14,40,304.37,80,IBM
2025-11-28,9:46:11.578441673,T,304.14,80,304.37,80,IBM
2025-11-28,9:46:12.309306487,T,304.14,80,304.7,40,IBM
2025-11-28,9:46:12.309336632,T,304.25,40,304.7,40,IBM
2025-11-28,9:46:12.309336632,T,304.26,40,304.7,40,IBM
2025-11-28,9:46:12.309732510,T,304.26,40,304.75,160,IBM
2025-11-28,9:46:12.309872890,T,304.25,80,304.75,160,IBM
2025-11-28,9:46:12.309872890,T,304.31,40,304.75,160,IBM
2025-11-28,9:46:12.310529441,T,304.14,40,304.75,160,IBM
2025-11-28,9:46:12.310574579,T,304.25,40,304.75,160,IBM
2025-11-28,9:46:12.310574579,T,304.26,40,304.75,160,IBM
2025-11-28,9:46:12.310579602,T,304.27,40,304.75,160,IBM
2025-11-28,9:46:12.310820410,T,304.34,40,304.75,160,IBM
2025-11-28,9:46:12.310930418,T,304.34,40,304.57,40,IBM
2025-11-28,9:46:12.312669523,T,304.34,40,304.75,160,IBM
2025-11-28,9:46:12.313521559,T,304.34,40,304.6,40,IBM
2025-11-28,9:46:12.313536570,T,304.27,40,304.6,40,IBM
2025-11-28,9:46:12.330336622,T,304.34,40,304.6,40,IBM
2025-11-28,9:46:12.393366658,T,304.34,40,304.75,160,IBM
2025-11-28,9:46:12.412106247,T,304.34,40,304.6,40,IBM
2025-11-28,9:46:12.412492179,T,304.34,40,304.75,160,IBM
2025-11-28,9:46:12.412522188,T,304.42,40,304.75,160,IBM
2025-11-28,9:46:12.412747814,T,304.42,40,304.63,40,IBM
2025-11-28,9:46:12.413549674,T,304.42,40,304.75,160,IBM
2025-11-28,9:46:12.413594853,T,304.14,40,304.75,160,IBM
2025-11-28,9:46:12.413624886,T,304.14,40,304.6,40,IBM
2025-11-28,9:46:12.417599291,T,304.14,40,304.75,160,IBM
2025-11-28,9:46:13.763097453,T,304.14,40,304.63,40,IBM
2025-11-28,9:46:13.770184292,T,304.14,40,304.75,160,IBM
2025-11-28,9:46:13.786583409,T,304.35,40,304.75,160,IBM
2025-11-28,9:46:14.064630203,T,304.14,40,304.75,160,IBM
2025-11-28,9:46:14.536328146,T,304.36,40,304.75,160,IBM
2025-11-28,9:46:14.556125238,T,304.14,40,304.75,160,IBM
2025-11-28,9:46:14.556425927,T,304.35,40,304.75,160,IBM
2025-11-28,9:46:17.475615416,T,304.14,40,304.75,160,IBM
2025-11-28,9:46:19.725060539,T,304.14,40,304.55,40,IBM
2025-11-28,9:46:23.793731541,T,304.14,40,304.75,160,IBM
2025-11-28,9:46:23.794097380,T,304.14,40,304.55,80,IBM
2025-11-28,9:46:27.491685018,T,304.36,40,304.55,80,IBM
2025-11-28,9:46:27.538997642,T,304.14,40,304.55,80,IBM
2025-11-28,9:46:32.143609556,T,304.14,40,304.75,160,IBM
2025-11-28,9:46:32.143975474,T,304.14,40,304.67,120,IBM
2025-11-28,9:46:32.144757354,T,304.15,200,304.67,120,IBM
2025-11-28,9:46:32.145589249,T,304.17,40,304.67,120,IBM
2025-11-28,9:46:32.178362295,T,304.17,40,304.66,40,IBM
2025-11-28,9:46:32.227950335,T,304.17,40,304.62,40,IBM
2025-11-28,9:46:32.346527613,T,304.17,40,304.62,80,IBM
2025-11-28,9:46:32.346813362,T,304.17,40,304.62,40,IBM
2025-11-28,9:46:32.350371770,T,304.17,40,304.61,40,IBM
2025-11-28,9:46:32.778049951,T,304.17,40,304.62,40,IBM
2025-11-28,9:46:32.778335611,T,304.17,40,304.61,120,IBM
2025-11-28,9:46:32.778591207,T,304.17,40,304.6,40,IBM
2025-11-28,9:46:33.092859384,T,304.17,40,304.62,40,IBM
2025-11-28,9:46:33.751457355,T,304.17,40,304.62,120,IBM
2025-11-28,9:46:33.986662133,T,304.17,40,304.61,40,IBM
2025-11-28,9:46:34.002199183,T,304.15,200,304.61,40,IBM
2025-11-28,9:46:34.002224213,T,304.15,200,304.49,40,IBM
2025-11-28,9:46:34.003011103,T,304.15,200,304.49,80,IBM
2025-11-28,9:46:34.035754077,T,304.15,200,304.49,40,IBM
2025-11-28,9:46:34.186853729,T,304.15,200,304.49,120,IBM
2025-11-28,9:46:40.458774717,T,304.15,200,304.49,40,IBM
2025-11-28,9:46:40.459140583,T,304.15,200,304.49,160,IBM
2025-11-28,9:46:41.533703686,T,304.15,200,304.49,40,IBM
2025-11-28,9:46:41.534059524,T,304.15,200,304.49,120,IBM
2025-11-28,9:46:42.619092689,T,304.15,200,304.49,80,IBM
2025-11-28,9:46:42.619092689,T,304.15,200,304.66,40,IBM
2025-11-28,9:46:42.619117587,T,304.17,40,304.66,40,IBM
2025-11-28,9:46:42.619127548,T,304.21,40,304.66,40,IBM
2025-11-28,9:46:42.619152618,T,304.43,40,304.66,40,IBM
2025-11-28,9:46:42.619914432,T,304.43,40,304.62,40,IBM
2025-11-28,9:46:42.619929439,T,304.43,40,304.62,80,IBM
2025-11-28,9:46:42.619939525,T,304.17,40,304.62,80,IBM
2025-11-28,9:46:42.775665212,T,304.15,200,304.62,80,IBM
2025-11-28,9:46:42.880725300,T,304.15,200,304.62,40,IBM
2025-11-28,9:46:48.953001212,T,304.31,40,304.62,40,IBM
2025-11-28,9:46:53.258496074,T,304.31,40,304.61,40,IBM
2025-11-28,9:46:54.027496701,T,304.31,40,304.6,40,IBM
2025-11-28,9:46:54.028564313,T,304.31,40,304.6,80,IBM
2025-11-28,9:46:54.324393541,T,304.31,40,304.6,40,IBM
2025-11-28,9:46:55.212999072,T,304.31,40,304.62,40,IBM
2025-11-28,9:46:55.213359957,T,304.31,40,304.59,40,IBM
2025-11-28,9:46:57.255015358,T,304.31,40,304.62,40,IBM
2025-11-28,9:46:57.255381197,T,304.31,40,304.59,80,IBM
2025-11-28,9:46:58.253191454,T,304.31,40,304.59,120,IBM
2025-11-28,9:47:03.558531586,T,304.31,40,304.59,80,IBM
2025-11-28,9:47:05.069638895,T,304.31,40,304.59,160,IBM
2025-11-28,9:47:05.438236331,T,304.31,40,304.59,80,IBM
2025-11-28,9:47:05.438602236,T,304.31,40,304.59,200,IBM
2025-11-28,9:47:07.310152832,T,304.31,40,304.59,240,IBM
2025-11-28,9:47:07.310152832,T,304.31,40,304.58,40,IBM
2025-11-28,9:47:07.310177862,T,304.31,40,304.5,40,IBM
2025-11-28,9:47:07.310493557,T,304.31,40,304.48,40,IBM
2025-11-28,9:47:07.310869452,T,304.31,40,304.48,160,IBM
2025-11-28,9:47:07.312057682,T,304.31,40,304.48,120,IBM
2025-11-28,9:47:07.312062308,T,304.31,40,304.42,40,IBM
2025-11-28,9:47:07.314252602,T,304.04,280,304.42,40,IBM
2025-11-28,9:47:07.331498619,T,304.04,280,304.48,120,IBM
2025-11-28,9:47:07.331974760,T,304.04,280,304.46,40,IBM
2025-11-28,9:47:07.433426248,T,304.04,240,304.46,40,IBM
2025-11-28,9:47:07.433446594,T,304.04,240,304.48,120,IBM
2025-11-28,9:47:07.433451281,T,304.04,240,304.38,40,IBM
2025-11-28,9:47:07.435390975,T,304.04,240,304.38,80,IBM
2025-11-28,9:47:07.435421040,T,304.04,240,304.31,40,IBM
2025-11-28,9:47:07.439109764,T,304.04,240,304.38,40,IBM
2025-11-28,9:47:07.439380472,T,304.04,240,304.31,40,IBM
2025-11-28,9:47:07.439485651,T,304.04,160,304.31,40,IBM
2025-11-28,9:47:07.440473004,T,303.8,40,304.31,40,IBM
2025-11-28,9:47:07.440483025,T,303.86,160,304.31,40,IBM
2025-11-28,9:47:07.440513111,T,303.86,200,304.31,40,IBM
2025-11-28,9:47:07.445479915,T,303.86,200,304.38,40,IBM
2025-11-28,9:47:07.466946024,T,303.86,200,304.48,120,IBM
2025-11-28,9:47:07.475992625,T,303.86,200,304.5,40,IBM
2025-11-28,9:47:07.476017685,T,303.86,200,304.57,40,IBM
2025-11-28,9:47:07.476048092,T,303.86,200,304.5,40,IBM
2025-11-28,9:47:07.513251339,T,303.86,200,304.57,40,IBM
2025-11-28,9:47:07.574361746,T,303.86,200,304.38,120,IBM
2025-11-28,9:47:07.574391860,T,303.86,160,304.38,120,IBM
2025-11-28,9:47:08.344600448,T,303.86,160,304.38,200,IBM
2025-11-28,9:47:08.433812770,T,304.11,80,304.38,200,IBM
2025-11-28,9:47:13.367437733,T,304.12,40,304.38,200,IBM
2025-11-28,9:47:13.591896988,T,304.12,40,304.38,80,IBM
2025-11-28,9:47:13.592257859,T,304.12,40,304.38,240,IBM
2025-11-28,9:47:21.856326469,T,304.12,40,304.38,80,IBM
2025-11-28,9:47:21.856692434,T,304.12,40,304.38,280,IBM
2025-11-28,9:47:22.342393597,T,304.12,80,304.38,280,IBM
2025-11-28,9:47:22.349460416,T,304.12,80,304.38,80,IBM
2025-11-28,9:47:22.847029928,T,304.12,80,304.38,240,IBM
2025-11-28,9:47:22.847065008,T,304.12,40,304.38,240,IBM
2025-11-28,9:47:24.342304662,T,304.12,80,304.38,240,IBM
2025-11-28,9:47:25.341703766,T,304.12,40,304.38,240,IBM
2025-11-28,9:47:26.584998737,T,304.13,40,304.38,240,IBM
2025-11-28,9:47:26.585038840,T,304.13,80,304.38,240,IBM
2025-11-28,9:47:26.585068870,T,304.14,40,304.38,240,IBM
2025-11-28,9:47:26.585815667,T,304.14,120,304.38,240,IBM
2025-11-28,9:47:26.713965771,T,304.14,120,304.38,80,IBM
2025-11-28,9:47:26.714326664,T,304.14,120,304.38,280,IBM
2025-11-28,9:47:26.714356764,T,304.14,80,304.38,280,IBM
2025-11-28,9:47:33.419178392,T,304.14,40,304.38,280,IBM
2025-11-28,9:47:46.288810773,T,304.15,40,304.38,280,IBM
2025-11-28,9:47:47.233178903,T,304.16,40,304.38,280,IBM
2025-11-28,9:47:48.342900717,T,304.16,40,304.38,80,IBM
2025-11-28,9:47:48.343261598,T,304.16,40,304.38,160,IBM
2025-11-28,9:47:52.147918979,T,304.16,40,304.38,80,IBM
2025-11-28,9:47:52.148284870,T,304.16,40,304.38,200,IBM
2025-11-28,9:47:52.342276713,T,304.16,80,304.38,200,IBM
2025-11-28,9:47:53.341445310,T,304.16,40,304.38,200,IBM
2025-11-28,9:47:58.342175170,T,304.16,80,304.38,200,IBM
2025-11-28,9:47:59.341524262,T,304.16,40,304.38,200,IBM
2025-11-28,9:48:00.342387054,T,304.16,40,304.38,80,IBM
2025-11-28,9:48:00.342742933,T,304.16,40,304.38,240,IBM
2025-11-28,9:48:02.342047505,T,304.16,80,304.38,240,IBM
2025-11-28,9:48:03.341572068,T,304.16,40,304.38,240,IBM
2025-11-28,9:48:04.227671434,T,304.16,40,304.38,160,IBM
2025-11-28,9:48:04.759617878,T,304.16,40,304.62,200,IBM
2025-11-28,9:48:04.759983681,T,304.16,40,304.51,80,IBM
2025-11-28,9:48:04.760409676,T,304.16,40,304.51,120,IBM
2025-11-28,9:48:04.760490050,T,304.16,80,304.51,120,IBM
2025-11-28,9:48:04.760519954,T,304.17,40,304.51,120,IBM
2025-11-28,9:48:04.761271816,T,304.17,160,304.51,120,IBM
2025-11-28,9:48:04.911439277,T,304.17,120,304.51,120,IBM
2025-11-28,9:48:08.753375448,T,304.17,120,304.51,40,IBM
2025-11-28,9:48:08.753736242,T,304.17,120,304.51,160,IBM
2025-11-28,9:48:10.617082263,T,304.19,80,304.51,160,IBM
2025-11-28,9:48:10.663888702,T,304.19,80,304.51,40,IBM
2025-11-28,9:48:10.664018908,T,304.19,80,304.37,40,IBM
2025-11-28,9:48:10.664254565,T,304.19,80,304.37,160,IBM
2025-11-28,9:48:10.665522783,T,304.19,80,304.37,120,IBM
2025-11-28,9:48:10.665532544,T,304.19,80,304.62,200,IBM
2025-11-28,9:48:10.665562656,T,304.26,40,304.62,200,IBM
2025-11-28,9:48:10.665577690,T,304.27,40,304.62,200,IBM
2025-11-28,9:48:10.665773146,T,304.28,40,304.62,200,IBM
2025-11-28,9:48:10.666354470,T,304.28,80,304.62,200,IBM
2025-11-28,9:48:10.666454713,T,304.28,80,304.62,40,IBM
2025-11-28,9:48:10.672564331,T,304.32,40,304.62,40,IBM
2025-11-28,9:48:10.672619470,T,304.28,80,304.62,40,IBM
2025-11-28,9:48:10.672619470,T,304.4,40,304.62,40,IBM
2025-11-28,9:48:10.673456402,T,304.32,40,304.62,40,IBM
2025-11-28,9:48:11.616015169,T,304.16,40,304.62,40,IBM
2025-11-28,9:48:19.089406486,T,304.16,80,304.62,40,IBM
2025-11-28,9:48:19.341676974,T,304.16,40,304.62,40,IBM
2025-11-28,9:48:20.342319164,T,304.16,80,304.62,40,IBM
2025-11-28,9:48:21.029410061,T,304.16,80,304.59,40,IBM
2025-11-28,9:48:21.341603260,T,304.16,40,304.59,40,IBM
2025-11-28,9:48:25.138873055,T,304.16,40,304.62,40,IBM
2025-11-28,9:48:25.139238982,T,304.16,40,304.59,80,IBM
2025-11-28,9:48:26.342072305,T,304.16,80,304.59,80,IBM
2025-11-28,9:48:27.341531623,T,304.16,40,304.59,80,IBM
2025-11-28,9:48:28.342158838,T,304.16,80,304.59,80,IBM
2025-11-28,9:48:29.341753361,T,304.16,40,304.59,80,IBM
2025-11-28,9:48:30.342290198,T,304.16,80,304.59,80,IBM
2025-11-28,9:48:30.679648494,T,304.16,40,304.59,80,IBM
2025-11-28,9:48:30.679673469,T,304.13,200,304.59,80,IBM
2025-11-28,9:48:33.398075182,T,304.13,200,304.62,40,IBM
2025-11-28,9:48:33.398441106,T,304.13,200,304.59,120,IBM
2025-11-28,9:48:41.836930157,T,304.13,200,304.62,40,IBM
2025-11-28,9:48:41.837296014,T,304.13,200,304.59,160,IBM
2025-11-28,9:48:43.115358384,T,304.13,200,304.62,40,IBM
2025-11-28,9:48:43.115714218,T,304.13,200,304.59,80,IBM
2025-11-28,9:48:50.236516161,T,304.13,200,304.62,40,IBM
2025-11-28,9:48:50.236881999,T,304.13,200,304.59,120,IBM
2025-11-28,9:48:52.016303074,T,304.13,200,304.62,40,IBM
2025-11-28,9:48:52.016658848,T,304.13,200,304.59,80,IBM
2025-11-28,9:48:53.169578662,T,304.13,200,304.62,40,IBM
2025-11-28,9:48:53.169939515,T,304.13,200,304.58,80,IBM
2025-11-28,9:48:53.381733807,T,304.13,200,304.62,40,IBM
2025-11-28,9:48:53.562048053,T,304.13,200,304.57,80,IBM
2025-11-28,9:48:58.984606835,T,304.13,200,304.62,40,IBM
2025-11-28,9:48:58.984977674,T,304.13,200,304.57,120,IBM
2025-11-28,9:49:00.282065792,T,304.13,200,304.62,40,IBM
2025-11-28,9:49:00.282426592,T,304.13,200,304.57,80,IBM
2025-11-28,9:49:07.282981933,T,304.13,200,304.62,40,IBM
2025-11-28,9:49:07.283342813,T,304.13,200,304.58,120,IBM
2025-11-28,9:49:07.283638492,T,304.31,40,304.58,120,IBM
2025-11-28,9:49:07.511355696,T,304.31,40,304.62,40,IBM
2025-11-28,9:49:07.511390651,T,304.42,40,304.62,40,IBM
2025-11-28,9:49:07.511395720,T,304.47,40,304.62,40,IBM
2025-11-28,9:49:07.511425974,T,304.31,40,304.62,40,IBM
2025-11-28,9:49:07.511430786,T,304.52,40,304.62,40,IBM
2025-11-28,9:49:07.512844200,T,304.52,40,304.86,40,IBM
2025-11-28,9:49:07.512974534,T,304.51,40,304.86,40,IBM
2025-11-28,9:49:07.512974534,T,304.57,40,304.86,40,IBM
2025-11-28,9:49:07.513661146,T,304.52,40,304.86,40,IBM
2025-11-28,9:49:07.513691147,T,304.42,40,304.86,40,IBM
2025-11-28,9:49:07.516247252,T,304.34,40,304.86,40,IBM
2025-11-28,9:49:07.516327425,T,304.42,40,304.86,40,IBM
2025-11-28,9:49:07.516377612,T,304.62,40,304.86,40,IBM
2025-11-28,9:49:07.523880402,T,304.42,40,304.86,40,IBM
2025-11-28,9:49:07.524386681,T,304.63,40,304.86,40,IBM
2025-11-28,9:49:07.525739858,T,304.42,40,304.86,40,IBM
2025-11-28,9:49:07.536886437,T,304.63,40,304.86,40,IBM
2025-11-28,9:49:07.549902417,T,304.42,40,304.86,40,IBM
2025-11-28,9:49:07.550122941,T,304.42,80,304.86,40,IBM
2025-11-28,9:49:07.582084045,T,304.42,40,304.86,40,IBM
2025-11-28,9:49:07.706665525,T,304.32,40,304.86,40,IBM
2025-11-28,9:49:08.161127431,T,304.28,200,304.86,40,IBM
2025-11-28,9:49:09.659960775,T,304.32,40,304.86,40,IBM
2025-11-28,9:49:09.660000918,T,304.39,40,304.86,40,IBM
2025-11-28,9:49:09.661629740,T,304.42,40,304.86,40,IBM
2025-11-28,9:49:09.693490686,T,304.39,40,304.86,40,IBM
2025-11-28,9:49:11.570834699,T,304.42,40,304.86,40,IBM
2025-11-28,9:49:12.648354772,T,304.39,200,304.86,40,IBM
2025-11-28,9:49:12.649016397,T,304.42,40,304.86,40,IBM
2025-11-28,9:49:20.254752560,T,304.42,40,304.86,80,IBM
2025-11-28,9:49:23.419386390,T,304.39,200,304.86,80,IBM
2025-11-28,9:49:23.419406475,T,304.39,200,304.78,40,IBM
2025-11-28,9:49:23.419436757,T,304.39,160,304.78,40,IBM
2025-11-28,9:49:23.419436757,T,304.39,160,304.72,40,IBM
2025-11-28,9:49:23.419922691,T,304.39,160,304.72,80,IBM
2025-11-28,9:49:23.420133179,T,304.39,160,304.72,120,IBM
2025-11-28,9:49:23.420148276,T,304.39,160,304.72,80,IBM
2025-11-28,9:49:23.420173348,T,304.39,160,304.72,40,IBM
2025-11-28,9:49:24.342448990,T,304.42,40,304.72,40,IBM
2025-11-28,9:49:24.922329572,T,304.42,40,304.86,40,IBM
2025-11-28,9:49:24.922705450,T,304.42,40,304.85,80,IBM
2025-11-28,9:49:24.928860092,T,304.39,160,304.85,80,IBM
2025-11-28,9:49:30.158805274,T,304.39,160,304.86,40,IBM
2025-11-28,9:49:46.597253948,T,304.39,160,304.76,40,IBM
2025-11-28,9:49:46.992640122,T,304.39,160,304.86,40,IBM
2025-11-28,9:49:46.993061098,T,304.39,160,304.75,40,IBM
2025-11-28,9:49:47.432206537,T,304.39,160,304.86,40,IBM
2025-11-28,9:49:47.438551716,T,304.39,160,304.77,40,IBM
2025-11-28,9:49:48.448480875,T,304.42,40,304.77,40,IBM
2025-11-28,9:49:48.448505901,T,304.42,40,304.86,40,IBM
2025-11-28,9:49:48.893780927,T,304.42,40,304.78,40,IBM
2025-11-28,9:49:49.094243123,T,304.42,40,304.86,40,IBM
2025-11-28,9:49:49.347937264,T,304.42,40,304.76,40,IBM
2025-11-28,9:49:49.486842913,T,304.42,40,304.86,40,IBM
2025-11-28,9:49:49.492541642,T,304.42,40,304.77,40,IBM
2025-11-28,9:49:50.342725335,T,304.42,40,304.86,40,IBM
2025-11-28,9:49:59.452086206,T,304.56,80,304.86,40,IBM
2025-11-28,9:50:01.188544978,T,304.58,40,304.86,40,IBM
2025-11-28,9:50:01.295660051,T,304.56,80,304.86,40,IBM
2025-11-28,9:50:14.604994220,T,304.6,80,304.86,40,IBM
2025-11-28,9:50:15.361374868,T,304.6,40,304.86,40,IBM
2025-11-28,9:50:18.361301476,T,304.6,80,304.86,40,IBM
2025-11-28,9:50:19.360650621,T,304.6,40,304.86,40,IBM
2025-11-28,9:50:19.833110299,T,304.6,80,304.86,40,IBM
2025-11-28,9:50:20.053078983,T,304.61,40,304.86,40,IBM
2025-11-28,9:50:20.129871727,T,304.6,80,304.86,40,IBM
2025-11-28,9:50:22.281143160,T,304.62,40,304.86,40,IBM
2025-11-28,9:50:22.285513518,T,304.6,80,304.86,40,IBM
2025-11-28,9:50:24.361255084,T,304.61,40,304.86,40,IBM
2025-11-28,9:50:24.747213949,T,304.63,40,304.86,40,IBM
2025-11-28,9:50:24.747404371,T,304.7,40,304.86,40,IBM
2025-11-28,9:50:24.750070760,T,304.62,40,304.86,40,IBM
2025-11-28,9:50:24.750201115,T,304.7,40,304.86,40,IBM
2025-11-28,9:50:24.767888112,T,304.61,40,304.86,40,IBM
2025-11-28,9:50:24.791248918,T,304.7,40,304.86,40,IBM
2025-11-28,9:50:26.396685717,T,304.7,80,304.86,40,IBM
2025-11-28,9:50:27.741537318,T,304.7,40,304.86,40,IBM
2025-11-28,9:50:33.947025262,T,304.52,40,304.86,40,IBM
2025-11-28,9:50:33.947040097,T,304.52,40,304.8,40,IBM
2025-11-28,9:50:34.228951145,T,304.52,40,304.86,40,IBM
2025-11-28,9:50:46.770357665,T,304.52,40,304.86,80,IBM
2025-11-28,9:50:46.770362234,T,304.52,40,304.83,40,IBM
2025-11-28,9:50:46.770688050,T,304.52,40,304.72,40,IBM
2025-11-28,9:50:46.813956025,T,304.52,40,304.86,40,IBM
2025-11-28,9:50:46.816712627,T,304.52,40,304.72,40,IBM
2025-11-28,9:50:47.157649189,T,304.52,40,304.86,40,IBM
2025-11-28,9:50:47.770773750,T,304.62,40,304.86,40,IBM
2025-11-28,9:50:47.771575703,T,304.62,120,304.86,40,IBM
2025-11-28,9:50:47.775700495,T,304.62,80,304.86,40,IBM
2025-11-28,9:50:47.775815773,T,304.62,40,304.86,40,IBM
2025-11-28,9:50:47.775840880,T,304.42,40,304.86,40,IBM
2025-11-28,9:50:47.775860946,T,304.42,40,304.86,80,IBM
2025-11-28,9:50:47.780326536,T,304.42,40,304.86,40,IBM
2025-11-28,9:50:59.247645554,T,304.52,40,304.86,40,IBM
2025-11-28,9:50:59.247650601,T,304.62,40,304.86,40,IBM
2025-11-28,9:50:59.247675645,T,304.52,40,304.86,40,IBM
2025-11-28,9:50:59.247680617,T,304.66,40,304.86,40,IBM
2025-11-28,9:50:59.281195441,T,304.42,40,304.86,40,IBM
2025-11-28,9:50:59.349041961,T,304.62,40,304.86,40,IBM
2025-11-28,9:51:00.380482499,T,304.71,40,304.86,40,IBM
2025-11-28,9:51:00.380958583,T,304.72,40,304.86,40,IBM
2025-11-28,9:51:00.519713961,T,304.46,40,304.86,40,IBM
2025-11-28,9:51:00.844171335,T,304.64,40,304.86,40,IBM
2025-11-28,9:51:03.233809950,T,304.64,40,304.99,160,IBM
2025-11-28,9:51:21.194647394,T,304.64,40,304.84,80,IBM
2025-11-28,9:51:25.217143426,T,304.64,40,304.83,40,IBM
2025-11-28,9:51:25.217288948,T,304.64,40,304.84,80,IBM
2025-11-28,9:51:25.217288948,T,304.64,40,304.78,40,IBM
2025-11-28,9:51:25.217825058,T,304.64,40,304.78,120,IBM
2025-11-28,9:51:25.250813615,T,304.64,40,304.78,80,IBM
2025-11-28,9:51:26.159842709,T,304.64,40,304.99,160,IBM
2025-11-28,9:51:26.160203599,T,304.64,40,304.84,120,IBM
2025-11-28,9:51:28.111433649,T,304.64,40,304.99,160,IBM
2025-11-28,9:51:28.111794399,T,304.64,40,304.84,80,IBM
2025-11-28,9:51:29.160440971,T,304.64,40,304.83,40,IBM
2025-11-28,9:51:29.161112599,T,304.64,40,304.83,120,IBM
2025-11-28,9:51:29.361023464,T,304.64,40,304.83,80,IBM
2025-11-28,9:51:31.596805781,T,304.66,40,304.83,80,IBM
2025-11-28,9:51:32.974350046,T,304.66,80,304.83,80,IBM
2025-11-28,9:51:35.525764022,T,304.66,80,304.97,40,IBM
2025-11-28,9:51:35.526129938,T,304.66,80,304.84,120,IBM
2025-11-28,9:51:37.361183636,T,304.66,80,304.97,40,IBM
2025-11-28,9:51:37.361539387,T,304.66,80,304.84,80,IBM
2025-11-28,9:51:45.140542805,T,304.66,80,304.97,40,IBM
2025-11-28,9:51:45.140913706,T,304.66,80,304.84,120,IBM
2025-11-28,9:51:46.809947030,T,304.66,80,304.97,40,IBM
2025-11-28,9:51:46.810307891,T,304.66,80,304.84,80,IBM
2025-11-28,9:51:54.361423956,T,304.66,80,304.97,40,IBM
2025-11-28,9:51:54.361789801,T,304.66,80,304.84,120,IBM
2025-11-28,9:51:55.029238772,T,304.67,40,304.84,120,IBM
2025-11-28,9:51:56.116116207,T,304.67,40,304.97,40,IBM
2025-11-28,9:51:56.116477085,T,304.67,40,304.84,80,IBM
2025-11-28,9:51:59.459660765,T,304.66,40,304.84,80,IBM
2025-11-28,9:52:03.876630748,T,304.66,40,304.97,40,IBM
2025-11-28,9:52:03.876996591,T,304.66,40,304.84,120,IBM
2025-11-28,9:52:05.620557447,T,304.66,40,304.97,40,IBM
2025-11-28,9:52:05.620918305,T,304.66,40,304.84,80,IBM
2025-11-28,9:52:13.361159408,T,304.66,40,304.99,160,IBM
2025-11-28,9:52:13.361525256,T,304.66,40,304.84,120,IBM
2025-11-28,9:52:15.024544274,T,304.67,120,304.84,120,IBM
2025-11-28,9:52:15.025366279,T,304.67,160,304.84,120,IBM
2025-11-28,9:52:15.151566641,T,304.67,160,304.99,160,IBM
2025-11-28,9:52:15.151927520,T,304.67,160,304.84,80,IBM
2025-11-28,9:52:22.859736674,T,304.67,160,304.99,160,IBM
2025-11-28,9:52:22.860107466,T,304.67,160,304.84,120,IBM
2025-11-28,9:52:22.915644717,T,304.67,40,304.84,120,IBM
2025-11-28,9:52:22.915644717,T,304.66,40,304.84,120,IBM
2025-11-28,9:52:22.915664945,T,304.66,40,304.68,80,IBM
2025-11-28,9:52:22.915729922,T,304.6,40,304.68,80,IBM
2025-11-28,9:52:22.915845168,T,304.6,40,304.67,80,IBM
2025-11-28,9:52:22.916100769,T,304.6,40,304.76,80,IBM
2025-11-28,9:52:22.916125886,T,304.6,40,304.76,40,IBM
2025-11-28,9:52:22.916165979,T,304.6,40,304.69,40,IBM
2025-11-28,9:52:22.919754411,T,304.6,40,304.76,80,IBM
2025-11-28,9:52:22.920315749,T,304.6,40,304.76,40,IBM
2025-11-28,9:52:22.928004115,T,304.6,40,304.76,80,IBM
2025-11-28,9:52:23.114282593,T,304.6,40,304.76,40,IBM
2025-11-28,9:52:23.114372718,T,304.6,40,304.99,160,IBM
2025-11-28,9:52:23.690248717,T,304.6,40,304.84,120,IBM
2025-11-28,9:52:32.333369644,T,304.6,40,304.99,160,IBM
2025-11-28,9:52:32.333740625,T,304.6,40,304.84,160,IBM
2025-11-28,9:52:33.821457126,T,304.6,40,304.81,40,IBM
2025-11-28,9:52:33.822118622,T,304.6,40,304.81,200,IBM
2025-11-28,9:52:35.328955938,T,304.6,40,304.81,160,IBM
2025-11-28,9:52:37.979941727,T,304.6,40,304.76,40,IBM
2025-11-28,9:52:37.980613348,T,304.6,40,304.76,200,IBM
2025-11-28,9:52:38.136770051,T,304.6,40,304.76,160,IBM
2025-11-28,9:52:40.397281343,T,304.61,40,304.76,160,IBM
2025-11-28,9:52:41.620934304,T,304.61,40,304.99,160,IBM
2025-11-28,9:52:41.621295183,T,304.61,40,304.84,200,IBM
2025-11-28,9:52:43.417200762,T,304.6,40,304.84,200,IBM
2025-11-28,9:52:43.417210774,T,304.39,160,304.84,200,IBM
2025-11-28,9:52:43.417220735,T,304.39,160,304.73,40,IBM
2025-11-28,9:52:43.417897397,T,304.39,160,304.73,240,IBM
2025-11-28,9:52:43.450750579,T,304.39,160,304.73,200,IBM
2025-11-28,9:52:46.605836476,T,304.39,160,304.69,40,IBM
2025-11-28,9:52:46.606503093,T,304.39,160,304.69,240,IBM
2025-11-28,9:52:46.646733890,T,304.39,160,304.69,200,IBM
2025-11-28,9:52:46.747328427,T,304.39,160,304.63,40,IBM
2025-11-28,9:52:46.754555639,T,304.39,160,304.69,200,IBM
2025-11-28,9:52:50.544623407,T,304.39,160,304.76,40,IBM
2025-11-28,9:52:50.544994231,T,304.39,160,304.68,200,IBM
2025-11-28,9:52:53.366220161,T,304.39,160,304.63,40,IBM
2025-11-28,9:52:53.366595964,T,304.11,40,304.63,40,IBM
2025-11-28,9:52:53.366606081,T,304.29,200,304.63,40,IBM
2025-11-28,9:52:53.399744984,T,304.29,200,304.68,200,IBM
2025-11-28,9:52:58.289766086,T,304.29,200,304.76,40,IBM
2025-11-28,9:52:58.290126900,T,304.29,200,304.69,160,IBM
2025-11-28,9:52:58.475453102,T,304.29,200,304.76,40,IBM
2025-11-28,9:52:58.605201892,T,304.29,200,304.76,120,IBM
2025-11-28,9:53:00.232706447,T,304.53,40,304.76,120,IBM
2025-11-28,9:53:00.232746646,T,304.29,200,304.76,120,IBM
2025-11-28,9:53:00.232746646,T,304.57,40,304.76,120,IBM
2025-11-28,9:53:00.569738764,T,304.29,200,304.76,120,IBM
2025-11-28,9:53:05.231261070,T,304.29,200,304.76,40,IBM
2025-11-28,9:53:05.231621966,T,304.29,200,304.76,160,IBM
2025-11-28,9:53:07.009579464,T,304.29,200,304.76,40,IBM
2025-11-28,9:53:07.009940350,T,304.29,200,304.76,120,IBM
2025-11-28,9:53:09.331135892,T,304.11,40,304.76,120,IBM
2025-11-28,9:53:09.331140827,T,304.38,160,304.76,120,IBM
2025-11-28,9:53:12.796014197,T,304.65,40,304.76,120,IBM
2025-11-28,9:53:12.798890971,T,304.65,40,304.76,80,IBM
2025-11-28,9:53:12.798890971,T,304.65,40,305.0,800,IBM
2025-11-28,9:53:12.798926041,T,304.39,40,305.0,800,IBM
2025-11-28,9:53:12.798926041,T,304.7,40,305.0,800,IBM
2025-11-28,9:53:12.798981229,T,304.7,40,305.0,760,IBM
2025-11-28,9:53:13.345091320,T,304.77,40,305.0,760,IBM
2025-11-28,9:53:13.345517268,T,304.77,40,305.0,600,IBM
2025-11-28,9:53:13.593442574,T,304.38,160,305.0,600,IBM
2025-11-28,9:53:14.220390262,T,304.46,40,305.0,600,IBM
2025-11-28,9:53:14.609230843,T,304.49,200,305.0,600,IBM
2025-11-28,9:53:16.106485121,T,304.57,40,305.0,600,IBM
2025-11-28,9:53:16.106515259,T,304.71,40,305.0,600,IBM
2025-11-28,9:53:16.107683026,T,304.77,80,305.0,600,IBM
2025-11-28,9:53:16.107753202,T,304.82,40,305.0,600,IBM
2025-11-28,9:53:16.107983751,T,304.88,40,305.0,600,IBM
2025-11-28,9:53:16.108144138,T,304.77,80,305.0,600,IBM
2025-11-28,9:53:16.108560039,T,304.71,40,305.0,600,IBM
2025-11-28,9:53:16.108590119,T,304.71,40,305.0,240,IBM
2025-11-28,9:53:16.108615176,T,304.77,40,305.0,240,IBM
2025-11-28,9:53:16.109271786,T,304.85,40,305.0,240,IBM
2025-11-28,9:53:16.113647183,T,304.85,40,305.02,40,IBM
2025-11-28,9:53:16.113687437,T,304.85,40,305.11,160,IBM
2025-11-28,9:53:16.113707679,T,304.85,80,305.11,160,IBM
2025-11-28,9:53:16.113717396,T,304.85,40,305.11,160,IBM
2025-11-28,9:53:16.113747464,T,304.94,40,305.11,160,IBM
2025-11-28,9:53:16.113777851,T,304.85,40,305.11,160,IBM
2025-11-28,9:53:16.113842731,T,304.85,40,305.18,40,IBM
2025-11-28,9:53:16.113883164,T,304.85,40,305.02,40,IBM
2025-11-28,9:53:16.113912852,T,304.85,40,305.18,40,IBM
2025-11-28,9:53:16.113963019,T,304.77,40,305.18,40,IBM
2025-11-28,9:53:16.113963019,T,304.94,40,305.18,40,IBM
2025-11-28,9:53:16.114028172,T,304.77,40,305.18,40,IBM
2025-11-28,9:53:16.114053128,T,304.77,40,305.02,40,IBM
2025-11-28,9:53:16.114098230,T,304.77,40,305.18,40,IBM
2025-11-28,9:53:16.114183429,T,304.77,80,305.18,40,IBM
2025-11-28,9:53:16.115040553,T,304.88,40,305.18,40,IBM
2025-11-28,9:53:16.119631399,T,304.77,40,305.18,40,IBM
2025-11-28,9:53:16.147838657,T,304.77,40,305.22,40,IBM
2025-11-28,9:53:16.220662006,T,304.85,40,305.22,40,IBM
2025-11-28,9:53:16.220887454,T,304.85,80,305.22,40,IBM
2025-11-28,9:53:16.221348606,T,304.85,120,305.22,40,IBM
2025-11-28,9:53:16.395372885,T,304.85,80,305.22,40,IBM
2025-11-28,9:53:16.958849285,T,304.89,40,305.22,40,IBM
2025-11-28,9:53:19.270036234,T,304.89,40,305.13,40,IBM
2025-11-28,9:53:23.830938893,T,304.89,40,305.22,40,IBM
2025-11-28,9:53:23.831299745,T,304.89,40,305.13,80,IBM
2025-11-28,9:53:26.118284081,T,304.89,40,305.22,40,IBM
2025-11-28,9:53:26.118644991,T,304.89,40,305.13,80,IBM
2025-11-28,9:53:28.407463714,T,304.77,40,305.13,80,IBM
2025-11-28,9:53:28.407488786,T,304.77,40,305.12,40,IBM
2025-11-28,9:53:28.408175420,T,304.77,40,305.12,120,IBM
2025-11-28,9:53:29.016483679,T,304.91,80,305.12,120,IBM
2025-11-28,9:53:29.016513719,T,304.91,80,305.12,80,IBM
2025-11-28,9:53:32.334602578,T,304.91,120,305.12,80,IBM
2025-11-28,9:53:33.439728403,T,304.91,120,305.22,40,IBM
2025-11-28,9:53:33.440094207,T,304.91,120,305.13,120,IBM
2025-11-28,9:53:42.738334392,T,304.91,120,305.22,40,IBM
2025-11-28,9:53:42.738695239,T,304.91,120,305.13,160,IBM
2025-11-28,9:53:52.301690987,T,304.91,120,305.22,40,IBM
2025-11-28,9:53:52.302061775,T,304.91,120,305.13,200,IBM
2025-11-28,9:54:00.315839577,T,304.91,80,305.13,200,IBM
2025-11-28,9:54:00.319778879,T,304.91,40,305.13,200,IBM
2025-11-28,9:54:13.994357118,T,304.91,40,305.22,40,IBM
2025-11-28,9:54:13.994728022,T,304.91,40,305.13,120,IBM
2025-11-28,9:54:14.416822912,T,304.91,40,305.22,40,IBM
2025-11-28,9:54:14.429257517,T,304.85,40,305.22,40,IBM
2025-11-28,9:54:14.914367396,T,304.85,40,305.13,200,IBM
2025-11-28,9:54:15.271442456,T,304.85,40,305.22,40,IBM
2025-11-28,9:54:15.271803327,T,304.85,40,305.13,120,IBM
2025-11-28,9:54:15.678696915,T,304.85,40,305.22,40,IBM
2025-11-28,9:54:16.065958777,T,304.85,40,305.13,200,IBM
2025-11-28,9:54:16.536879798,T,304.85,40,305.22,40,IBM
2025-11-28,9:54:17.165215592,T,304.85,40,305.13,200,IBM
2025-11-28,9:54:17.682086006,T,304.85,40,305.22,40,IBM
2025-11-28,9:54:18.102191302,T,304.85,40,305.13,200,IBM
2025-11-28,9:54:18.723144334,T,304.85,40,305.22,40,IBM
2025-11-28,9:54:19.032500950,T,304.85,40,305.13,200,IBM
2025-11-28,9:54:19.753717830,T,304.85,40,305.22,160,IBM
2025-11-28,9:54:19.956104680,T,304.85,40,305.13,200,IBM
2025-11-28,9:54:20.872982270,T,304.85,40,305.22,160,IBM
2025-11-28,9:54:20.873348167,T,304.85,40,305.13,120,IBM
2025-11-28,9:54:21.002054579,T,304.85,40,305.22,160,IBM
2025-11-28,9:54:21.177086240,T,304.85,40,305.13,200,IBM
2025-11-28,9:54:21.945585751,T,304.85,40,305.22,160,IBM
2025-11-28,9:54:21.945951654,T,304.85,40,305.13,120,IBM
2025-11-28,9:54:22.402754156,T,304.85,40,305.22,160,IBM
2025-11-28,9:54:22.985877397,T,304.85,40,305.13,120,IBM
2025-11-28,9:54:23.395297019,T,304.85,40,305.22,160,IBM
2025-11-28,9:54:23.879960756,T,304.85,40,305.13,40,IBM
2025-11-28,9:54:25.354696666,T,304.85,40,305.22,160,IBM
2025-11-28,9:54:25.355062537,T,304.85,40,305.13,80,IBM
2025-11-28,9:54:28.814487821,T,304.85,40,305.22,160,IBM
2025-11-28,9:54:31.609646790,T,304.85,40,305.13,40,IBM
2025-11-28,9:54:33.725433533,T,304.85,40,305.0,120,IBM
2025-11-28,9:54:33.725709208,T,304.85,40,305.22,160,IBM
2025-11-28,9:54:33.725959867,T,304.85,40,305.0,40,IBM
2025-11-28,9:54:33.725979866,T,304.85,40,305.22,160,IBM
2025-11-28,9:54:33.824459336,T,305.01,40,305.22,160,IBM
2025-11-28,9:54:35.856752321,T,305.01,40,305.22,40,IBM
2025-11-28,9:54:36.898717845,T,305.01,80,305.22,40,IBM
2025-11-28,9:54:36.898943408,T,305.02,40,305.22,40,IBM
2025-11-28,9:54:36.899073704,T,305.02,40,305.22,120,IBM
2025-11-28,9:54:36.899098859,T,305.02,40,305.22,520,IBM
2025-11-28,9:54:36.899168967,T,305.02,40,305.17,440,IBM
2025-11-28,9:54:36.899188981,T,305.01,80,305.17,440,IBM
2025-11-28,9:54:36.899188981,T,305.01,80,305.17,520,IBM
2025-11-28,9:54:36.899214119,T,305.01,80,305.17,960,IBM
2025-11-28,9:54:36.899625358,T,305.01,80,305.17,480,IBM
2025-11-28,9:54:36.899625358,T,305.01,80,305.17,80,IBM
2025-11-28,9:54:36.899630048,T,305.01,80,305.15,80,IBM
2025-11-28,9:54:36.899630048,T,305.01,80,305.15,560,IBM
2025-11-28,9:54:36.899650154,T,305.01,80,305.15,960,IBM
2025-11-28,9:54:36.900031062,T,305.01,40,305.15,960,IBM
2025-11-28,9:54:36.902316440,T,305.01,40,305.15,840,IBM
2025-11-28,9:54:36.902321810,T,305.01,40,305.15,400,IBM
2025-11-28,9:54:36.902321810,T,305.01,40,305.15,160,IBM
2025-11-28,9:54:36.902321810,T,305.01,40,305.15,80,IBM
2025-11-28,9:54:36.902331458,T,305.01,40,305.22,40,IBM
2025-11-28,9:54:36.902351559,T,305.01,80,305.22,40,IBM
2025-11-28,9:54:36.906676810,T,305.01,40,305.22,40,IBM
2025-11-28,9:54:36.916745860,T,304.87,40,305.22,40,IBM
2025-11-28,9:54:37.308518387,T,305.03,40,305.22,40,IBM
2025-11-28,9:54:43.612400339,T,305.03,40,305.19,40,IBM
2025-11-28,9:54:44.314461608,T,305.03,40,305.19,80,IBM
2025-11-28,9:54:47.680459663,T,305.03,40,305.19,40,IBM
2025-11-28,9:54:58.194689716,T,304.87,40,305.19,40,IBM
2025-11-28,9:54:59.528730395,T,305.05,40,305.19,40,IBM
2025-11-28,9:54:59.977012573,T,305.05,80,305.19,40,IBM
2025-11-28,9:55:00.438015024,T,305.05,40,305.19,40,IBM
2025-11-28,9:55:01.132418237,T,304.87,40,305.19,40,IBM
2025-11-28,9:55:01.132478402,T,304.87,40,305.12,40,IBM
2025-11-28,9:55:01.133325423,T,304.87,40,305.12,80,IBM
2025-11-28,9:55:01.133350419,T,304.87,40,305.12,40,IBM
2025-11-28,9:55:01.133375501,T,304.87,40,305.19,40,IBM
2025-11-28,9:55:14.835860380,T,305.1,40,305.19,40,IBM
2025-11-28,9:55:15.378873059,T,305.07,40,305.19,40,IBM
2025-11-28,9:55:15.378958227,T,305.07,40,305.15,40,IBM
2025-11-28,9:55:15.412478117,T,305.07,40,305.19,40,IBM
2025-11-28,9:55:15.412563320,T,305.05,40,305.19,40,IBM
2025-11-28,9:55:15.486424051,T,304.87,40,305.19,40,IBM
2025-11-28,9:55:16.731152359,T,304.85,40,305.19,40,IBM
2025-11-28,9:55:16.731187474,T,304.96,40,305.19,40,IBM
2025-11-28,9:55:23.432630730,T,305.05,40,305.19,40,IBM
2025-11-28,9:55:25.584884419,T,304.96,40,305.19,40,IBM
2025-11-28,9:55:25.585921978,T,304.96,80,305.19,40,IBM
2025-11-28,9:55:25.588182288,T,304.96,40,305.19,40,IBM
2025-11-28,9:55:25.588708525,T,305.05,40,305.19,40,IBM
2025-11-28,9:55:25.590623083,T,304.96,40,305.19,40,IBM
2025-11-28,9:55:26.640041379,T,304.98,40,305.19,40,IBM
2025-11-28,9:55:31.057091481,T,304.85,40,305.19,40,IBM
2025-11-28,9:55:32.035124710,T,305.0,40,305.19,40,IBM
2025-11-28,9:55:34.059268361,T,305.0,40,305.15,40,IBM
2025-11-28,9:55:52.154646144,T,305.0,40,305.19,40,IBM
2025-11-28,9:55:52.154656154,T,305.0,80,305.19,40,IBM
2025-11-28,9:55:52.154676229,T,305.0,40,305.19,40,IBM
2025-11-28,9:55:52.154681189,T,305.0,80,305.19,40,IBM
2025-11-28,9:55:52.154681189,T,305.01,40,305.19,40,IBM
2025-11-28,9:55:52.154686192,T,305.0,40,305.19,40,IBM
2025-11-28,9:55:52.154691436,T,305.0,80,305.19,40,IBM
2025-11-28,9:55:52.155262657,T,305.01,40,305.19,40,IBM
2025-11-28,9:55:52.155292646,T,305.0,80,305.19,40,IBM
2025-11-28,9:55:52.155292646,T,305.01,40,305.19,40,IBM
2025-11-28,9:55:52.155493134,T,305.01,40,305.2,40,IBM
2025-11-28,9:55:52.155568349,T,305.01,40,305.22,40,IBM
2025-11-28,9:55:52.155783884,T,305.01,40,305.38,200,IBM
2025-11-28,9:55:52.155849322,T,305.01,40,305.38,160,IBM
2025-11-28,9:55:52.155984354,T,305.01,40,305.49,40,IBM
2025-11-28,9:55:52.155989371,T,305.01,40,305.49,200,IBM
2025-11-28,9:55:52.156009339,T,305.01,40,305.49,160,IBM
2025-11-28,9:55:52.156054499,T,305.01,40,305.49,200,IBM
2025-11-28,9:55:52.156104560,T,305.01,40,305.28,40,IBM
2025-11-28,9:55:52.156199798,T,305.01,40,305.49,200,IBM
2025-11-28,9:55:52.156229852,T,305.01,40,305.24,40,IBM
2025-11-28,9:55:52.156254960,T,305.0,80,305.24,40,IBM
2025-11-28,9:55:52.156315076,T,305.01,40,305.24,40,IBM
2025-11-28,9:55:52.157192220,T,305.01,80,305.24,40,IBM
2025-11-28,9:55:52.158139403,T,305.01,40,305.24,40,IBM
2025-11-28,9:55:52.158590516,T,305.01,80,305.24,40,IBM
2025-11-28,9:55:52.163757829,T,305.01,40,305.24,40,IBM
2025-11-28,9:55:52.280350393,T,305.0,40,305.24,40,IBM
2025-11-28,9:55:53.534315521,T,304.91,40,305.24,40,IBM
2025-11-28,9:55:54.828350829,T,305.02,40,305.24,40,IBM
2025-11-28,9:55:58.885188713,T,305.02,40,305.23,40,IBM
2025-11-28,9:55:58.885228742,T,305.02,40,305.23,80,IBM
2025-11-28,9:56:00.019484133,T,305.02,40,305.23,40,IBM
2025-11-28,9:56:00.460258390,T,305.02,40,305.22,40,IBM
2025-11-28,9:56:00.460298456,T,305.02,40,305.22,80,IBM
2025-11-28,9:56:00.565934884,T,305.02,40,305.22,40,IBM
2025-11-28,9:56:01.651549049,T,305.02,40,305.21,40,IBM
2025-11-28,9:56:01.651594153,T,305.02,40,305.21,80,IBM
2025-11-28,9:56:02.399720075,T,304.91,40,305.21,80,IBM
2025-11-28,9:56:02.399740058,T,304.91,40,305.21,40,IBM
2025-11-28,9:56:02.399765335,T,304.91,40,305.2,40,IBM
2025-11-28,9:56:02.399765335,T,304.91,40,305.03,40,IBM
2025-11-28,9:56:02.399795192,T,304.91,40,305.2,40,IBM
2025-11-28,9:56:02.399820271,T,304.91,40,305.35,40,IBM
2025-11-28,9:56:02.399820271,T,304.91,40,305.42,40,IBM
2025-11-28,9:56:02.399870372,T,304.91,40,305.35,40,IBM
2025-11-28,9:56:02.399900419,T,304.91,40,305.19,40,IBM
2025-11-28,9:56:02.400001006,T,304.91,40,305.2,40,IBM
2025-11-28,9:56:02.400005682,T,304.91,40,305.15,40,IBM
2025-11-28,9:56:02.400050796,T,304.91,40,305.2,40,IBM
2025-11-28,9:56:02.400050796,T,304.91,40,305.11,40,IBM
2025-11-28,9:56:02.400582015,T,304.91,80,305.11,40,IBM
2025-11-28,9:56:02.404025210,T,304.91,80,305.16,40,IBM
2025-11-28,9:56:02.404310883,T,304.91,80,305.14,40,IBM
2025-11-28,9:56:02.600838787,T,304.91,80,305.42,40,IBM
2025-11-28,9:56:02.601074372,T,304.91,80,305.28,40,IBM
2025-11-28,9:56:02.787167349,T,304.91,80,305.42,40,IBM
2025-11-28,9:56:02.787648426,T,304.91,80,305.14,40,IBM
2025-11-28,9:56:02.905348714,T,304.91,80,305.42,40,IBM
2025-11-28,9:56:02.905418847,T,304.91,80,305.15,40,IBM
2025-11-28,9:56:03.443314632,T,304.91,80,305.42,40,IBM
2025-11-28,9:56:03.848158340,T,304.91,80,305.14,40,IBM
2025-11-28,9:56:04.333849522,T,304.91,80,305.42,40,IBM
2025-11-28,9:56:04.354954761,T,304.91,80,305.14,40,IBM
2025-11-28,9:56:04.446818351,T,304.91,80,305.42,40,IBM
2025-11-28,9:56:05.567601558,T,304.91,40,305.42,40,IBM
2025-11-28,9:56:05.567631574,T,304.91,40,305.14,40,IBM
2025-11-28,9:56:05.803563278,T,304.91,40,305.42,40,IBM
2025-11-28,9:56:05.803653418,T,304.91,40,305.13,40,IBM
2025-11-28,9:56:05.824573197,T,304.91,40,305.42,40,IBM
2025-11-28,9:56:05.824853859,T,304.91,40,305.14,40,IBM
2025-11-28,9:56:06.235576683,T,304.91,40,305.42,40,IBM
2025-11-28,9:56:07.037761270,T,304.91,40,305.13,40,IBM
2025-11-28,9:56:07.778960716,T,304.91,40,305.36,40,IBM
2025-11-28,9:56:08.008076180,T,304.91,40,305.13,40,IBM
2025-11-28,9:56:08.292433176,T,304.91,40,305.35,40,IBM
2025-11-28,9:56:08.298392337,T,304.91,40,305.12,40,IBM
2025-11-28,9:56:08.489843076,T,304.91,40,305.35,40,IBM
2025-11-28,9:56:09.435043222,T,304.91,40,305.11,40,IBM
2025-11-28,9:56:09.763545216,T,304.91,40,305.35,40,IBM
2025-11-28,9:56:18.127972705,T,304.92,40,305.35,40,IBM
2025-11-28,9:56:27.235643898,T,305.02,40,305.35,40,IBM
2025-11-28,9:56:27.236440855,T,305.02,80,305.35,40,IBM
2025-11-28,9:56:27.350462229,T,305.02,80,305.3,40,IBM
2025-11-28,9:56:29.703348605,T,305.02,40,305.3,40,IBM
2025-11-28,9:56:29.703348605,T,304.74,40,305.3,40,IBM
2025-11-28,9:56:29.703373641,T,304.74,40,305.17,40,IBM
2025-11-28,9:56:29.703403662,T,304.74,40,305.07,40,IBM
2025-11-28,9:56:29.704140462,T,304.92,40,305.07,40,IBM
2025-11-28,9:56:29.704496263,T,304.92,40,305.3,40,IBM
2025-11-28,9:56:29.704822001,T,304.92,40,305.07,40,IBM
2025-11-28,9:56:30.070031485,T,304.92,40,305.3,40,IBM
2025-11-28,9:56:34.444349967,T,304.92,40,305.28,40,IBM
2025-11-28,9:56:46.162511194,T,304.92,40,305.3,40,IBM
2025-11-28,9:56:46.162556267,T,304.92,40,305.28,40,IBM
2025-11-28,9:56:46.177506905,T,304.92,40,305.04,40,IBM
2025-11-28,9:56:46.445389586,T,304.92,40,305.28,40,IBM
2025-11-28,9:56:52.616490420,T,304.92,40,305.01,40,IBM
2025-11-28,9:56:52.939579556,T,304.92,40,305.28,40,IBM
2025-11-28,9:56:54.445980511,T,304.92,40,305.18,40,IBM
2025-11-28,9:56:54.940051658,T,304.9,40,305.18,40,IBM
2025-11-28,9:56:54.940076669,T,304.9,40,305.17,40,IBM
2025-11-28,9:56:54.940086792,T,304.9,40,304.99,40,IBM
2025-11-28,9:56:54.941434902,T,304.85,40,304.99,40,IBM
2025-11-28,9:56:54.941434902,T,304.84,40,304.99,40,IBM
2025-11-28,9:56:55.217978230,T,304.86,40,304.99,40,IBM
2025-11-28,9:56:55.218038473,T,304.86,40,305.26,40,IBM
2025-11-28,9:56:55.218609753,T,304.86,40,305.24,40,IBM
2025-11-28,9:56:55.218790178,T,304.86,40,305.21,40,IBM
2025-11-28,9:56:55.218810239,T,304.86,40,305.24,40,IBM
2025-11-28,9:56:55.218835365,T,304.86,40,305.21,40,IBM
2025-11-28,9:56:55.218965623,T,304.86,40,305.24,40,IBM
2025-11-28,9:57:01.445338310,T,304.86,40,305.28,200,IBM
2025-11-28,9:57:01.446701522,T,304.86,40,305.24,40,IBM
2025-11-28,9:57:09.446144509,T,304.86,40,305.28,200,IBM
2025-11-28,9:57:12.535148426,T,304.85,40,305.28,200,IBM
2025-11-28,9:57:13.835178269,T,304.89,40,305.28,200,IBM
2025-11-28,9:57:14.383047458,T,304.89,40,304.99,40,IBM
2025-11-28,9:57:14.770329460,T,304.89,40,305.28,200,IBM
2025-11-28,9:57:45.573048026,T,304.9,40,305.28,200,IBM
2025-11-28,9:57:55.092139011,T,304.89,40,305.28,200,IBM
2025-11-28,9:57:55.092164075,T,304.89,40,305.18,40,IBM
2025-11-28,9:57:55.092199183,T,304.89,40,304.95,40,IBM
2025-11-28,9:57:55.092219211,T,304.85,40,304.95,40,IBM
2025-11-28,9:57:55.092224243,T,304.85,40,305.18,40,IBM
2025-11-28,9:57:55.092224243,T,304.85,40,304.91,40,IBM
2025-11-28,9:57:55.092765437,T,304.85,40,305.04,40,IBM
2025-11-28,9:57:55.092820574,T,304.71,160,305.04,40,IBM
2025-11-28,9:57:55.092840647,T,304.71,160,305.1,40,IBM
2025-11-28,9:57:55.092850691,T,304.71,160,304.9,40,IBM
2025-11-28,9:57:55.093317372,T,304.71,160,305.18,40,IBM
2025-11-28,9:57:55.093341851,T,304.71,160,305.28,200,IBM
2025-11-28,9:57:55.097246173,T,304.71,160,305.28,40,IBM
2025-11-28,9:57:55.097256175,T,304.71,160,305.17,160,IBM
2025-11-28,9:57:55.098133226,T,304.82,40,305.17,160,IBM
2025-11-28,9:57:55.575143750,T,304.82,40,304.95,40,IBM
2025-11-28,9:57:56.309907948,T,304.82,40,305.17,160,IBM
2025-11-28,9:58:01.384548853,T,304.83,40,305.17,160,IBM
2025-11-28,9:58:01.384548853,T,304.89,40,305.17,160,IBM
2025-11-28,9:58:01.384553825,T,304.83,40,305.17,160,IBM
2025-11-28,9:58:01.385330683,T,304.89,40,305.17,160,IBM
2025-11-28,9:58:01.385716633,T,304.82,40,305.17,160,IBM
2025-11-28,9:58:01.448831897,T,304.82,40,305.01,40,IBM
2025-11-28,9:58:01.460795415,T,304.82,40,305.17,160,IBM
2025-11-28,9:58:01.525108412,T,304.83,40,305.17,160,IBM
2025-11-28,9:58:01.646417174,T,304.82,40,305.17,160,IBM
2025-11-28,9:58:01.759000196,T,304.71,160,305.17,160,IBM
2025-11-28,9:58:02.638022814,T,304.9,40,305.17,160,IBM
2025-11-28,9:58:03.235074005,T,304.9,40,305.4,40,IBM
2025-11-28,9:58:03.235079060,T,304.9,40,305.27,200,IBM
2025-11-28,9:58:03.414055160,T,304.98,40,305.27,200,IBM
2025-11-28,9:58:03.443590497,T,304.9,80,305.27,200,IBM
2025-11-28,9:58:03.443605489,T,304.9,40,305.27,200,IBM
2025-11-28,9:58:03.622190733,T,304.9,80,305.27,200,IBM
2025-11-28,9:58:03.784071118,T,304.9,40,305.27,200,IBM
2025-11-28,9:58:04.555046430,T,304.79,40,305.27,200,IBM
2025-11-28,9:58:05.118071765,T,304.99,40,305.27,200,IBM
2025-11-28,9:58:05.226981061,T,304.99,80,305.27,200,IBM
2025-11-28,9:58:05.227011138,T,305.0,40,305.27,200,IBM
2025-11-28,9:58:05.227011138,T,304.99,80,305.27,200,IBM
2025-11-28,9:58:05.228118765,T,304.99,80,305.4,40,IBM
2025-11-28,9:58:05.228128737,T,304.99,80,305.38,200,IBM
2025-11-28,9:58:05.235416051,T,304.99,40,305.38,200,IBM
2025-11-28,9:58:07.902745878,T,304.99,80,305.38,200,IBM
2025-11-28,9:58:08.011038716,T,304.99,40,305.38,200,IBM
2025-11-28,9:58:08.731523971,T,304.99,80,305.38,200,IBM
2025-11-28,9:58:09.071588461,T,304.99,40,305.38,200,IBM
2025-11-28,9:58:11.012619329,T,304.99,80,305.38,200,IBM
2025-11-28,9:58:14.074668729,T,304.99,40,305.38,200,IBM
2025-11-28,9:58:14.520510107,T,304.99,80,305.38,200,IBM
2025-11-28,9:58:14.829505628,T,304.99,40,305.38,200,IBM
2025-11-28,9:58:15.685212740,T,304.99,80,305.38,200,IBM
2025-11-28,9:58:16.930993493,T,304.99,40,305.38,200,IBM
2025-11-28,9:58:29.114588007,T,304.99,40,305.36,40,IBM
2025-11-28,9:58:47.231958047,T,304.99,40,305.27,40,IBM
2025-11-28,9:58:48.491756946,T,304.99,40,305.18,40,IBM
2025-11-28,9:58:49.142004915,T,304.99,40,305.27,40,IBM
2025-11-28,9:58:58.512827930,T,304.99,80,305.27,40,IBM
2025-11-28,9:58:58.526064461,T,304.99,40,305.27,40,IBM
2025-11-28,9:59:00.113378105,T,304.99,40,305.18,40,IBM
2025-11-28,9:59:00.259084951,T,304.83,40,305.18,40,IBM
2025-11-28,9:59:00.259561032,T,304.83,40,305.27,40,IBM
2025-11-28,9:59:02.565089600,T,304.82,40,305.27,40,IBM
2025-11-28,9:59:02.565109572,T,304.82,40,305.27,80,IBM
2025-11-28,9:59:02.565139696,T,304.82,40,305.13,40,IBM
2025-11-28,9:59:02.566367589,T,304.83,40,305.13,40,IBM
2025-11-28,9:59:02.566387656,T,304.83,40,305.17,40,IBM
2025-11-28,9:59:02.566528023,T,304.83,40,305.18,80,IBM
2025-11-28,9:59:02.566798694,T,304.83,40,305.27,80,IBM
2025-11-28,9:59:02.566798694,T,304.82,40,305.27,80,IBM
2025-11-28,9:59:02.913649288,T,304.82,40,305.27,40,IBM
2025-11-28,9:59:17.654992572,T,304.82,40,305.17,40,IBM
2025-11-28,9:59:17.901945424,T,304.82,40,305.27,40,IBM
2025-11-28,9:59:18.130339108,T,304.82,40,305.17,40,IBM
2025-11-28,9:59:18.440733117,T,304.82,40,305.27,40,IBM
2025-11-28,9:59:18.716213853,T,304.82,40,305.17,40,IBM
2025-11-28,9:59:18.877557968,T,304.82,40,305.27,40,IBM
2025-11-28,9:59:18.929546728,T,304.82,40,305.16,40,IBM
2025-11-28,9:59:19.258454803,T,304.82,40,305.27,40,IBM
2025-11-28,9:59:19.266178207,T,304.82,40,305.36,40,IBM
2025-11-28,9:59:19.839618300,T,304.81,160,305.36,40,IBM
2025-11-28,9:59:22.913155210,T,305.0,40,305.36,40,IBM
2025-11-28,9:59:27.803822887,T,305.0,40,305.38,200,IBM
2025-11-28,9:59:28.022002176,T,305.0,40,305.36,40,IBM
2025-11-28,9:59:58.507350704,T,305.0,40,305.18,40,IBM
2025-11-28,9:59:59.441048615,T,304.83,40,305.18,40,IBM
2025-11-28,9:59:59.441058553,T,304.81,160,305.18,40,IBM
2025-11-28,9:59:59.441063512,T,304.81,160,305.17,40,IBM
2025-11-28,9:59:59.441128677,T,304.81,160,305.17,80,IBM
2025-11-28,9:59:59.441274058,T,304.81,160,305.1,40,IBM
2025-11-28,9:59:59.441509638,T,304.81,160,305.09,40,IBM
2025-11-28,9:59:59.441539636,T,304.81,160,305.08,40,IBM
2025-11-28,9:59:59.442015773,T,304.81,160,305.01,40,IBM
2025-11-28,9:59:59.607815594,T,304.73,40,305.01,40,IBM
2025-11-28,9:59:59.607845641,T,304.73,40,305.28,40,IBM
2025-11-28,10:00:00.070321618,T,304.79,40,305.28,40,IBM
2025-11-28,10:00:02.091904453,T,304.73,40,305.28,40,IBM
2025-11-28,10:00:02.091924501,T,304.73,40,305.24,40,IBM
2025-11-28,10:00:02.091959683,T,304.73,40,304.98,40,IBM
2025-11-28,10:00:02.092280369,T,304.71,200,304.98,40,IBM
2025-11-28,10:00:02.092501132,T,304.71,160,304.98,40,IBM
2025-11-28,10:00:02.125454385,T,304.71,160,305.18,40,IBM
2025-11-28,10:00:02.193436262,T,304.71,160,305.28,40,IBM
2025-11-28,10:00:04.021312439,T,304.71,160,305.24,40,IBM
2025-11-28,10:00:06.055505139,T,304.71,160,304.95,760,IBM
2025-11-28,10:00:07.056808688,T,304.71,160,304.95,720,IBM
2025-11-28,10:00:13.999290863,T,304.71,160,305.24,40,IBM
2025-11-28,10:00:13.999310945,T,304.92,80,305.24,40,IBM
2025-11-28,10:00:13.999361028,T,304.92,80,305.25,40,IBM
2025-11-28,10:00:13.999511350,T,304.92,80,305.24,40,IBM
2025-11-28,10:00:13.999541473,T,304.92,40,305.24,40,IBM
2025-11-28,10:00:13.999571536,T,304.92,40,305.12,40,IBM
2025-11-28,10:00:13.999616658,T,304.88,40,305.12,40,IBM
2025-11-28,10:00:13.999646716,T,304.88,40,305.12,80,IBM
2025-11-28,10:00:14.000112783,T,304.83,80,305.12,80,IBM
2025-11-28,10:00:14.000117853,T,304.83,80,305.0,40,IBM
