DATE,TIME_M,EX,BID,BIDSIZ,ASK,ASKSIZ,SYM_ROOT
2025-10-15,9:30:01.026165132,T,276.0,100,281.64,100,IBM
2025-10-15,9:30:01.042062957,T,276.0,100,278.8,500,IBM
2025-10-15,9:30:01.126398697,T,275.46,100,278.8,500,IBM
2025-10-15,9:30:01.155502970,T,275.46,100,278.77,100,IBM
2025-10-15,9:30:01.155508040,T,275.46,100,278.77,200,IBM
2025-10-15,9:30:01.155538029,T,275.46,100,278.77,500,IBM
2025-10-15,9:30:01.155558065,T,275.46,100,278.77,600,IBM
2025-10-15,9:30:01.155573211,T,275.46,100,278.77,700,IBM
2025-10-15,9:30:01.155593204,T,275.46,100,278.77,800,IBM
2025-10-15,9:30:01.155613220,T,275.46,100,278.77,900,IBM
2025-10-15,9:30:01.155628342,T,275.46,100,278.77,1200,IBM
2025-10-15,9:30:01.155648314,T,275.46,100,278.77,1500,IBM
2025-10-15,9:30:01.155673412,T,275.46,100,278.77,1600,IBM
2025-10-15,9:30:01.155678419,T,275.46,100,278.77,1700,IBM
2025-10-15,9:30:01.155728531,T,275.46,100,278.77,2000,IBM
2025-10-15,9:30:01.155898976,T,275.46,100,278.77,2100,IBM
2025-10-15,9:30:01.155999859,T,275.46,100,278.77,2200,IBM
2025-10-15,9:30:01.156074346,T,275.46,100,278.77,2300,IBM
2025-10-15,9:30:01.163201254,T,276.0,100,278.77,2300,IBM
2025-10-15,9:30:01.225730189,T,276.0,100,278.77,2400,IBM
2025-10-15,9:30:01.225810353,T,276.0,100,278.77,2500,IBM
2025-10-15,9:30:01.373156079,T,276.0,100,278.77,2400,IBM
2025-10-15,9:30:01.373156079,T,276.0,100,278.77,2300,IBM
2025-10-15,9:30:01.373221554,T,276.0,100,278.77,2000,IBM
2025-10-15,9:30:01.373226308,T,276.0,100,278.77,1900,IBM
2025-10-15,9:30:01.373276370,T,276.0,100,278.77,1800,IBM
2025-10-15,9:30:01.373276370,T,276.0,100,278.77,1700,IBM
2025-10-15,9:30:01.373306454,T,276.0,100,278.77,1600,IBM
2025-10-15,9:30:01.373311561,T,276.0,100,278.77,1300,IBM
2025-10-15,9:30:01.373321580,T,276.0,100,278.77,1000,IBM
2025-10-15,9:30:01.373321580,T,276.0,100,278.77,900,IBM
2025-10-15,9:30:01.373336555,T,276.0,100,278.77,600,IBM
2025-10-15,9:30:01.373336555,T,276.0,100,278.77,500,IBM
2025-10-15,9:30:01.373341545,T,276.0,100,278.77,400,IBM
2025-10-15,9:30:01.373346613,T,276.0,100,278.77,300,IBM
2025-10-15,9:30:01.373356763,T,276.0,100,278.77,200,IBM
2025-10-15,9:30:01.373386741,T,276.0,100,278.61,2000,IBM
2025-10-15,9:30:01.373411796,T,276.0,100,278.61,2300,IBM
2025-10-15,9:30:01.385826322,T,276.0,100,278.61,2400,IBM
2025-10-15,9:30:01.461631789,T,276.0,100,278.61,2500,IBM
2025-10-15,9:30:01.461661851,T,276.0,100,278.61,500,IBM
2025-10-15,9:30:01.461661851,T,276.0,100,278.61,100,IBM
2025-10-15,9:30:01.461666844,T,276.0,100,278.55,100,IBM
2025-10-15,9:30:01.461676830,T,276.0,100,278.48,100,IBM
2025-10-15,9:30:01.461696949,T,276.0,100,277.95,2000,IBM
2025-10-15,9:30:01.461701892,T,276.0,100,277.95,2300,IBM
2025-10-15,9:30:01.461782107,T,276.0,100,277.95,2200,IBM
2025-10-15,9:30:01.496424585,T,276.0,100,277.95,2300,IBM
2025-10-15,9:30:02.166530019,T,276.0,100,277.95,2400,IBM
2025-10-15,9:30:02.166540009,T,276.0,100,277.95,400,IBM
2025-10-15,9:30:02.166545048,T,276.0,100,277.95,100,IBM
2025-10-15,9:30:02.166570079,T,276.0,100,277.73,2000,IBM
2025-10-15,9:30:02.166600203,T,276.0,100,277.73,2200,IBM
2025-10-15,9:30:02.166635206,T,276.0,100,277.73,2300,IBM
2025-10-15,9:30:02.166635206,T,276.0,100,277.73,300,IBM
2025-10-15,9:30:02.166640394,T,276.0,100,277.95,100,IBM
2025-10-15,9:30:02.166640394,T,276.0,100,277.94,100,IBM
2025-10-15,9:30:02.166665325,T,276.0,100,277.95,100,IBM
2025-10-15,9:30:02.166670325,T,276.0,100,277.51,2000,IBM
2025-10-15,9:30:02.166690314,T,276.0,100,277.51,2200,IBM
2025-10-15,9:30:02.167432140,T,276.0,100,277.51,2300,IBM
2025-10-15,9:30:02.211953329,T,276.0,100,277.51,300,IBM
2025-10-15,9:30:02.211953329,T,276.0,100,277.51,100,IBM
2025-10-15,9:30:02.211958190,T,276.0,100,278.8,500,IBM
2025-10-15,9:30:02.211983177,T,276.49,100,278.8,500,IBM
2025-10-15,9:30:02.212975503,T,276.0,100,278.8,500,IBM
2025-10-15,9:30:02.463827866,T,276.0,100,278.0,100,IBM
2025-10-15,9:30:02.464253799,T,276.0,100,278.0,200,IBM
2025-10-15,9:30:02.464268819,T,276.0,100,278.0,300,IBM
2025-10-15,9:30:02.571589349,T,276.0,100,278.0,200,IBM
2025-10-15,9:30:03.024246971,T,276.0,100,277.78,100,IBM
2025-10-15,9:30:03.024487587,T,276.0,100,277.57,100,IBM
2025-10-15,9:30:03.024818366,T,274.94,100,277.57,100,IBM
2025-10-15,9:30:03.024878458,T,277.0,100,277.57,100,IBM
2025-10-15,9:30:03.025199249,T,277.0,100,277.57,200,IBM
2025-10-15,9:30:03.034120473,T,277.0,100,277.57,100,IBM
2025-10-15,9:30:03.672199444,T,277.0,100,277.57,200,IBM
2025-10-15,9:30:05.065290780,T,277.0,100,277.57,100,IBM
2025-10-15,9:30:05.065290780,T,277.0,100,278.8,500,IBM
2025-10-15,9:30:05.065300802,T,277.0,100,277.57,100,IBM
2025-10-15,9:30:05.065315844,T,277.0,100,278.8,500,IBM
2025-10-15,9:30:05.065320866,T,277.0,100,277.57,100,IBM
2025-10-15,9:30:05.065340934,T,277.28,100,277.57,100,IBM
2025-10-15,9:30:05.145531820,T,277.28,100,278.8,500,IBM
2025-10-15,9:30:05.266269234,T,277.28,100,277.57,100,IBM
2025-10-15,9:30:05.266695320,T,277.28,100,277.57,200,IBM
2025-10-15,9:30:05.316974991,T,276.0,100,277.57,200,IBM
2025-10-15,9:30:05.317030068,T,275.46,100,277.57,200,IBM
2025-10-15,9:30:06.024709968,T,275.46,100,277.57,100,IBM
2025-10-15,9:30:06.024709968,T,275.46,100,278.8,500,IBM
2025-10-15,9:30:06.024720061,T,275.46,100,277.57,100,IBM
2025-10-15,9:30:06.042151958,T,275.46,100,278.8,500,IBM
2025-10-15,9:30:06.042156512,T,277.01,100,278.8,500,IBM
2025-10-15,9:30:06.042161908,T,277.01,100,277.57,100,IBM
2025-10-15,9:30:06.042176968,T,277.56,100,277.57,100,IBM
2025-10-15,9:30:06.042196695,T,277.56,100,278.8,500,IBM
2025-10-15,9:30:06.042221746,T,277.12,100,278.8,500,IBM
2025-10-15,9:30:06.042587573,T,277.12,100,277.57,100,IBM
2025-10-15,9:30:06.042607732,T,277.12,100,278.8,500,IBM
2025-10-15,9:30:06.062179222,T,277.01,200,278.8,500,IBM
2025-10-15,9:30:06.142179636,T,277.01,100,278.8,500,IBM
2025-10-15,9:30:06.142189705,T,276.8,100,278.8,500,IBM
2025-10-15,9:30:06.142219718,T,276.49,100,278.8,500,IBM
2025-10-15,9:30:06.142259893,T,276.73,100,278.8,500,IBM
2025-10-15,9:30:06.178380827,T,276.8,100,278.8,500,IBM
2025-10-15,9:30:06.178410956,T,277.11,100,278.8,500,IBM
2025-10-15,9:30:06.178415993,T,277.2,100,278.8,500,IBM
2025-10-15,9:30:06.178426008,T,276.8,100,278.8,500,IBM
2025-10-15,9:30:06.178451004,T,277.0,100,278.8,500,IBM
2025-10-15,9:30:06.178451004,T,276.8,100,278.8,500,IBM
2025-10-15,9:30:06.182420471,T,276.73,100,278.8,500,IBM
2025-10-15,9:30:06.351498000,T,276.0,100,278.8,500,IBM
2025-10-15,9:30:06.352004317,T,276.49,100,278.8,500,IBM
2025-10-15,9:30:06.447551665,T,276.49,100,277.99,100,IBM
2025-10-15,9:30:06.447591875,T,276.0,100,277.99,100,IBM
2025-10-15,9:30:06.547825332,T,276.0,100,278.8,500,IBM
2025-10-15,9:30:06.548882849,T,276.0,100,277.99,100,IBM
2025-10-15,9:30:07.402013864,T,276.0,100,277.99,200,IBM
2025-10-15,9:30:08.140948071,T,276.0,100,277.99,100,IBM
2025-10-15,9:30:08.140953375,T,276.0,100,277.99,200,IBM
2025-10-15,9:30:08.140978201,T,276.73,100,277.99,200,IBM
2025-10-15,9:30:08.140998194,T,276.49,100,277.99,200,IBM
2025-10-15,9:30:08.141033299,T,276.54,100,277.99,200,IBM
2025-10-15,9:30:08.141088690,T,277.01,100,277.99,200,IBM
2025-10-15,9:30:08.141148542,T,277.01,100,277.99,100,IBM
2025-10-15,9:30:08.141148542,T,277.01,100,278.8,500,IBM
2025-10-15,9:30:08.187288855,T,277.01,200,278.8,500,IBM
2025-10-15,9:30:08.241101548,T,277.01,100,278.8,500,IBM
2025-10-15,9:30:10.029824976,T,276.73,100,278.8,500,IBM
2025-10-15,9:30:10.294705850,T,276.98,100,278.8,500,IBM
2025-10-15,9:30:10.294916289,T,277.72,100,278.8,500,IBM
2025-10-15,9:30:10.314913851,T,277.6,100,278.8,500,IBM
2025-10-15,9:30:10.351761595,T,276.8,100,278.8,500,IBM
2025-10-15,9:30:10.352217654,T,276.98,100,278.8,500,IBM
2025-10-15,9:30:10.401946088,T,276.8,100,278.8,500,IBM
2025-10-15,9:30:10.402958436,T,276.98,100,278.8,500,IBM
2025-10-15,9:30:10.794811425,T,276.8,100,278.8,500,IBM
2025-10-15,9:30:11.398608803,T,276.98,100,278.8,500,IBM
2025-10-15,9:30:11.400814099,T,276.73,100,278.8,500,IBM
2025-10-15,9:30:12.708016084,T,276.73,100,278.8,600,IBM
2025-10-15,9:30:12.928977227,T,276.73,100,278.8,500,IBM
2025-10-15,9:30:19.358689419,T,276.8,100,278.8,500,IBM
2025-10-15,9:30:23.453537957,T,276.8,100,278.58,100,IBM
2025-10-15,9:30:24.281905177,T,276.8,100,278.58,200,IBM
2025-10-15,9:30:24.761872875,T,276.8,100,278.58,300,IBM
2025-10-15,9:30:26.559217000,T,276.9,100,278.58,300,IBM
2025-10-15,9:30:27.434796208,T,276.98,100,278.58,300,IBM
2025-10-15,9:30:32.016048038,T,276.98,100,278.57,100,IBM
2025-10-15,9:30:32.016088153,T,276.98,100,278.55,100,IBM
2025-10-15,9:30:32.016133188,T,276.98,100,278.57,100,IBM
2025-10-15,9:30:32.017100502,T,276.98,100,278.58,100,IBM
2025-10-15,9:30:32.017185730,T,276.98,100,278.57,100,IBM
2025-10-15,9:30:32.017646889,T,276.98,100,278.57,200,IBM
2025-10-15,9:30:32.017686940,T,276.9,100,278.57,200,IBM
2025-10-15,9:30:32.018463785,T,276.9,100,278.42,100,IBM
2025-10-15,9:30:32.018594153,T,276.9,100,278.36,100,IBM
2025-10-15,9:30:32.018599503,T,276.9,100,278.42,100,IBM
2025-10-15,9:30:32.018779556,T,276.98,100,278.42,100,IBM
2025-10-15,9:30:32.019105343,T,277.08,100,278.42,100,IBM
2025-10-15,9:30:32.019130408,T,277.08,200,278.42,100,IBM
2025-10-15,9:30:32.019601442,T,277.08,200,278.57,100,IBM
2025-10-15,9:30:32.019651637,T,277.08,500,278.57,100,IBM
2025-10-15,9:30:32.031043698,T,277.08,500,278.58,300,IBM
2025-10-15,9:30:32.031329441,T,277.08,500,278.58,200,IBM
2025-10-15,9:30:32.031745418,T,277.08,500,278.58,100,IBM
2025-10-15,9:30:32.052635125,T,277.08,500,278.37,100,IBM
2025-10-15,9:30:32.153961349,T,277.08,500,278.36,100,IBM
2025-10-15,9:30:32.154176895,T,277.08,500,278.36,200,IBM
2025-10-15,9:30:32.154382366,T,277.08,500,278.36,300,IBM
2025-10-15,9:30:32.154397340,T,277.08,500,278.36,400,IBM
2025-10-15,9:30:32.923327939,T,277.08,500,278.36,300,IBM
2025-10-15,9:30:32.923337881,T,277.08,500,278.36,200,IBM
2025-10-15,9:30:32.923949409,T,277.08,500,278.36,100,IBM
2025-10-15,9:30:32.952186637,T,277.08,500,278.37,100,IBM
2025-10-15,9:30:32.952286926,T,277.08,500,278.8,500,IBM
2025-10-15,9:30:33.153515887,T,277.08,500,277.73,200,IBM
2025-10-15,9:30:33.153936988,T,277.08,500,277.73,300,IBM
2025-10-15,9:30:33.262099361,T,277.08,500,277.73,200,IBM
2025-10-15,9:30:33.359852187,T,277.08,500,278.8,500,IBM
2025-10-15,9:30:33.458276443,T,277.08,500,277.73,200,IBM
2025-10-15,9:30:35.254051690,T,277.26,100,277.73,200,IBM
2025-10-15,9:30:35.254056688,T,277.26,200,277.73,200,IBM
2025-10-15,9:30:35.254056688,T,277.26,500,277.73,200,IBM
2025-10-15,9:30:35.258457147,T,277.26,500,277.73,300,IBM
2025-10-15,9:30:37.382393815,T,277.26,500,277.73,200,IBM
2025-10-15,9:30:38.119864512,T,277.26,500,277.73,100,IBM
2025-10-15,9:30:38.119889548,T,277.26,500,278.8,500,IBM
2025-10-15,9:30:38.119904599,T,277.26,500,278.48,100,IBM
2025-10-15,9:30:38.119904599,T,277.26,500,278.8,500,IBM
2025-10-15,9:30:38.119914840,T,277.72,100,278.8,500,IBM
2025-10-15,9:30:38.119929764,T,277.72,200,278.8,500,IBM
2025-10-15,9:30:38.119929764,T,277.72,300,278.8,500,IBM
2025-10-15,9:30:38.119929764,T,277.72,600,278.8,500,IBM
2025-10-15,9:30:38.119959691,T,277.72,500,278.8,500,IBM
2025-10-15,9:30:38.119964893,T,277.72,400,278.8,500,IBM
2025-10-15,9:30:38.119969973,T,277.72,300,278.8,500,IBM
2025-10-15,9:30:38.120010184,T,277.0,100,278.8,500,IBM
2025-10-15,9:30:38.120010184,T,276.98,100,278.8,500,IBM
2025-10-15,9:30:38.120049895,T,276.98,100,278.33,100,IBM
2025-10-15,9:30:38.120095060,T,276.98,100,278.47,100,IBM
2025-10-15,9:30:38.120130125,T,277.0,100,278.47,100,IBM
2025-10-15,9:30:38.120165172,T,276.98,100,278.47,100,IBM
2025-10-15,9:30:38.120325640,T,277.1,100,278.47,100,IBM
2025-10-15,9:30:38.120891951,T,277.1,100,278.47,200,IBM
2025-10-15,9:30:38.121157572,T,277.1,200,278.47,200,IBM
2025-10-15,9:30:38.121358059,T,277.1,200,278.47,300,IBM
2025-10-15,9:30:38.131026060,T,277.1,200,278.47,200,IBM
2025-10-15,9:30:38.131472154,T,277.1,200,278.47,300,IBM
2025-10-15,9:30:38.165197485,T,277.1,200,278.47,400,IBM
2025-10-15,9:30:38.220243467,T,277.1,200,278.47,300,IBM
2025-10-15,9:30:38.220328665,T,277.1,100,278.47,300,IBM
2025-10-15,9:30:38.265701746,T,277.1,100,278.47,200,IBM
2025-10-15,9:30:38.265711783,T,277.1,100,278.47,100,IBM
2025-10-15,9:30:38.465953670,T,277.1,100,278.46,100,IBM
2025-10-15,9:30:38.466379574,T,277.1,100,278.46,200,IBM
2025-10-15,9:30:38.466389606,T,277.1,100,278.46,300,IBM
2025-10-15,9:30:38.674735610,T,277.1,100,278.46,400,IBM
2025-10-15,9:30:38.674770664,T,277.1,100,278.46,300,IBM
2025-10-15,9:30:39.242161428,T,277.1,100,278.46,200,IBM
2025-10-15,9:30:39.321996484,T,276.9,100,278.46,200,IBM
2025-10-15,9:30:39.458185717,T,277.09,100,278.46,200,IBM
2025-10-15,9:30:39.959273538,T,277.1,100,278.46,200,IBM
2025-10-15,9:30:39.967443003,T,276.9,100,278.46,200,IBM
2025-10-15,9:30:40.462707107,T,277.1,100,278.46,200,IBM
2025-10-15,9:30:40.462732093,T,277.0,100,278.46,200,IBM
2025-10-15,9:30:40.462767165,T,276.8,100,278.46,200,IBM
2025-10-15,9:30:40.966125577,T,277.0,100,278.46,200,IBM
2025-10-15,9:30:45.651229482,T,277.0,100,278.46,100,IBM
2025-10-15,9:30:45.665588576,T,277.0,100,278.47,100,IBM
2025-10-15,9:30:45.665623617,T,277.0,100,278.8,500,IBM
2025-10-15,9:30:45.666174966,T,277.0,100,277.79,100,IBM
2025-10-15,9:30:46.462084836,T,276.8,100,277.79,100,IBM
2025-10-15,9:30:46.566688923,T,276.8,100,278.8,500,IBM
2025-10-15,9:30:46.566694345,T,276.8,100,277.79,100,IBM
2025-10-15,9:30:46.566708883,T,276.8,100,278.48,100,IBM
2025-10-15,9:30:46.566714589,T,276.8,100,277.79,100,IBM
2025-10-15,9:30:46.566714589,T,276.98,100,277.79,100,IBM
2025-10-15,9:30:46.566718975,T,277.39,100,277.79,100,IBM
2025-10-15,9:30:46.566750132,T,277.39,100,278.8,500,IBM
2025-10-15,9:30:46.566750132,T,277.01,100,278.8,500,IBM
2025-10-15,9:30:46.566753978,T,277.1,100,278.8,500,IBM
2025-10-15,9:30:46.566964578,T,277.1,200,278.8,500,IBM
2025-10-15,9:30:46.567185192,T,277.1,200,278.8,600,IBM
2025-10-15,9:30:46.567195038,T,277.17,100,278.8,600,IBM
2025-10-15,9:30:46.567200122,T,277.17,100,278.8,700,IBM
2025-10-15,9:30:46.567205117,T,277.17,100,278.7,100,IBM
2025-10-15,9:30:46.567230211,T,277.1,200,278.7,100,IBM
2025-10-15,9:30:46.577073606,T,277.1,100,278.7,100,IBM
2025-10-15,9:30:46.666752132,T,276.8,100,278.7,100,IBM
2025-10-15,9:30:47.320333081,T,277.0,100,278.7,100,IBM
2025-10-15,9:30:48.430922235,T,277.09,100,278.7,100,IBM
2025-10-15,9:30:48.431388351,T,277.0,100,278.7,100,IBM
2025-10-15,9:30:48.436004392,T,277.1,100,278.7,100,IBM
2025-10-15,9:30:48.531401409,T,276.8,100,278.7,100,IBM
2025-10-15,9:30:53.970259657,T,276.8,100,278.7,200,IBM
2025-10-15,9:30:53.970269634,T,276.98,100,278.7,200,IBM
2025-10-15,9:30:53.970304761,T,277.0,100,278.7,200,IBM
2025-10-15,9:30:53.970319772,T,277.0,100,278.7,100,IBM
2025-10-15,9:30:53.970390106,T,277.59,100,278.7,100,IBM
2025-10-15,9:30:53.970394941,T,276.98,100,278.7,100,IBM
2025-10-15,9:30:53.970430166,T,277.0,100,278.7,100,IBM
2025-10-15,9:30:53.970430166,T,277.51,100,278.7,100,IBM
2025-10-15,9:30:53.971116653,T,277.08,100,278.7,100,IBM
2025-10-15,9:30:53.971156809,T,276.9,100,278.7,100,IBM
2025-10-15,9:30:53.971176813,T,276.98,100,278.7,100,IBM
2025-10-15,9:30:53.972259405,T,276.9,100,278.7,100,IBM
2025-10-15,9:30:53.984754116,T,276.9,100,278.8,600,IBM
2025-10-15,9:30:53.984799262,T,277.1,100,278.8,600,IBM
2025-10-15,9:30:53.987686427,T,277.11,100,278.8,600,IBM
2025-10-15,9:30:53.987716139,T,277.1,100,278.8,600,IBM
2025-10-15,9:30:53.989746044,T,277.1,100,278.8,500,IBM
2025-10-15,9:30:53.989751041,T,277.1,100,278.8,600,IBM
2025-10-15,9:30:53.989786100,T,277.1,100,278.8,700,IBM
2025-10-15,9:30:54.023300843,T,277.1,100,278.8,600,IBM
2025-10-15,9:30:54.086075292,T,276.9,100,278.8,600,IBM
2025-10-15,9:30:54.103847660,T,276.9,100,278.8,700,IBM
2025-10-15,9:30:54.103847660,T,276.9,100,278.8,600,IBM
2025-10-15,9:30:54.121860510,T,276.9,100,278.8,500,IBM
2025-10-15,9:30:54.164988192,T,276.9,100,278.58,100,IBM
2025-10-15,9:30:54.165504584,T,276.9,100,278.58,200,IBM
2025-10-15,9:30:54.266058849,T,276.9,100,278.58,100,IBM
2025-10-15,9:30:54.266780589,T,276.9,100,278.58,200,IBM
2025-10-15,9:30:54.267201550,T,276.9,100,278.58,100,IBM
2025-10-15,9:30:54.775321289,T,276.9,100,278.8,500,IBM
2025-10-15,9:30:54.867987009,T,276.9,100,278.34,100,IBM
2025-10-15,9:30:54.965464042,T,276.9,100,278.8,500,IBM
2025-10-15,9:30:56.366258887,T,276.9,100,278.07,100,IBM
2025-10-15,9:30:58.868270451,T,276.9,100,278.8,500,IBM
2025-10-15,9:31:00.174465234,T,277.09,200,278.8,500,IBM
2025-10-15,9:31:00.174470071,T,277.09,200,278.4,200,IBM
2025-10-15,9:31:01.307086563,T,277.09,200,278.38,100,IBM
2025-10-15,9:31:01.314844972,T,277.09,200,278.4,200,IBM
2025-10-15,9:31:02.201431016,T,277.51,100,278.4,200,IBM
2025-10-15,9:31:02.206513131,T,277.51,100,278.8,600,IBM
2025-10-15,9:31:02.206553149,T,277.51,100,278.8,500,IBM
2025-10-15,9:31:02.380211599,T,277.09,200,278.8,500,IBM
2025-10-15,9:31:03.173184314,T,277.09,200,278.72,200,IBM
2025-10-15,9:31:03.173610330,T,277.09,200,278.72,300,IBM
2025-10-15,9:31:03.252999256,T,277.09,200,278.66,100,IBM
2025-10-15,9:31:04.108746530,T,277.09,200,278.66,200,IBM
2025-10-15,9:31:05.261245260,T,277.09,200,278.66,100,IBM
2025-10-15,9:31:07.327885439,T,276.9,100,278.66,100,IBM
2025-10-15,9:31:07.327890446,T,277.37,200,278.66,100,IBM
2025-10-15,9:31:07.336320457,T,277.37,200,278.72,200,IBM
2025-10-15,9:31:08.302691214,T,277.38,100,278.72,200,IBM
2025-10-15,9:31:08.302696418,T,277.87,100,278.72,200,IBM
2025-10-15,9:31:08.302696418,T,277.87,200,278.72,200,IBM
2025-10-15,9:31:08.307733211,T,277.87,100,278.72,200,IBM
2025-10-15,9:31:08.312569674,T,277.38,100,278.72,200,IBM
2025-10-15,9:31:08.402714306,T,277.37,200,278.72,200,IBM
2025-10-15,9:31:11.537888424,T,277.37,200,278.72,300,IBM
2025-10-15,9:31:12.070456286,T,277.37,200,278.72,100,IBM
2025-10-15,9:31:12.070877403,T,277.37,200,278.8,600,IBM
2025-10-15,9:31:12.202209964,T,277.37,200,278.8,700,IBM
2025-10-15,9:31:12.306343035,T,277.37,200,278.8,600,IBM
2025-10-15,9:31:12.306343035,T,277.37,200,278.7,100,IBM
2025-10-15,9:31:12.953553746,T,277.37,200,278.8,600,IBM
2025-10-15,9:31:12.953563770,T,277.37,200,278.8,500,IBM
2025-10-15,9:31:13.906021233,T,277.37,200,278.8,600,IBM
2025-10-15,9:31:14.455850250,T,277.37,200,278.8,100,IBM
2025-10-15,9:31:14.455875309,T,277.37,200,278.84,100,IBM
2025-10-15,9:31:14.457283662,T,277.37,200,278.72,500,IBM
2025-10-15,9:31:15.309111530,T,277.37,200,278.69,100,IBM
2025-10-15,9:31:15.309141675,T,277.37,200,278.72,500,IBM
2025-10-15,9:31:15.309532553,T,277.37,200,278.69,100,IBM
2025-10-15,9:31:16.811247763,T,277.37,200,278.69,200,IBM
2025-10-15,9:31:16.959676200,T,277.37,200,278.69,100,IBM
2025-10-15,9:31:16.959686215,T,277.37,200,278.72,500,IBM
2025-10-15,9:31:16.976175469,T,277.37,200,278.68,100,IBM
2025-10-15,9:31:16.976215545,T,277.37,200,278.72,500,IBM
2025-10-15,9:31:19.605214384,T,277.9,100,278.72,500,IBM
2025-10-15,9:31:20.383567273,T,277.9,100,278.72,600,IBM
2025-10-15,9:31:20.383577266,T,277.9,100,278.72,700,IBM
2025-10-15,9:31:23.356510199,T,277.9,100,278.72,200,IBM
2025-10-15,9:31:23.357938564,T,277.9,100,278.69,500,IBM
2025-10-15,9:31:23.502908702,T,277.9,100,278.69,600,IBM
2025-10-15,9:31:23.502918755,T,277.9,100,278.69,700,IBM
2025-10-15,9:31:23.535040226,T,277.9,100,278.69,600,IBM
2025-10-15,9:31:23.535140506,T,277.9,100,278.69,500,IBM
2025-10-15,9:31:23.587931154,T,277.37,200,278.69,500,IBM
2025-10-15,9:31:25.885220329,T,277.37,200,278.69,600,IBM
2025-10-15,9:31:25.942090714,T,277.37,200,278.69,500,IBM
2025-10-15,9:31:27.201809843,T,276.8,100,278.69,500,IBM
2025-10-15,9:31:27.201814751,T,277.65,200,278.69,500,IBM
2025-10-15,9:31:30.786804704,T,277.65,200,278.65,100,IBM
2025-10-15,9:31:31.010882992,T,277.65,200,278.69,500,IBM
2025-10-15,9:31:32.728246758,T,276.8,100,278.69,500,IBM
2025-10-15,9:31:32.728246758,T,277.86,200,278.69,500,IBM
2025-10-15,9:31:33.850007156,T,277.86,200,278.69,600,IBM
2025-10-15,9:31:33.850102429,T,277.88,100,278.69,600,IBM
2025-10-15,9:31:33.850202667,T,277.86,200,278.69,600,IBM
2025-10-15,9:31:33.850227705,T,277.86,200,278.69,100,IBM
2025-10-15,9:31:33.850252989,T,277.92,100,278.69,100,IBM
2025-10-15,9:31:33.850257970,T,278.07,100,278.69,100,IBM
2025-10-15,9:31:33.850773993,T,278.07,100,278.9,100,IBM
2025-10-15,9:31:33.850779070,T,278.07,100,279.1,200,IBM
2025-10-15,9:31:33.850804101,T,278.3,100,279.1,200,IBM
2025-10-15,9:31:33.854979039,T,277.93,100,279.1,200,IBM
2025-10-15,9:31:33.854999054,T,277.92,100,279.1,200,IBM
2025-10-15,9:31:33.855019089,T,277.92,100,278.9,100,IBM
2025-10-15,9:31:33.950506386,T,277.88,100,278.9,100,IBM
2025-10-15,9:31:33.959046853,T,277.88,100,279.1,200,IBM
2025-10-15,9:31:35.017396475,T,277.88,100,278.75,100,IBM
2025-10-15,9:31:35.017822393,T,277.88,100,278.75,200,IBM
2025-10-15,9:31:35.031048985,T,277.88,100,278.75,100,IBM
2025-10-15,9:31:35.692102712,T,277.88,100,278.75,200,IBM
2025-10-15,9:31:36.594305626,T,277.88,100,278.75,100,IBM
2025-10-15,9:31:37.816971465,T,277.88,100,279.1,200,IBM
2025-10-15,9:31:39.186867781,T,277.92,100,279.1,200,IBM
2025-10-15,9:31:39.186882834,T,277.93,100,279.1,200,IBM
2025-10-15,9:31:39.196736500,T,277.92,100,279.1,200,IBM
2025-10-15,9:31:39.286905989,T,277.88,100,279.1,200,IBM
2025-10-15,9:31:40.255612161,T,278.05,200,279.1,200,IBM
2025-10-15,9:31:42.123995206,T,278.05,200,278.76,100,IBM
2025-10-15,9:31:42.125132975,T,278.05,200,279.1,200,IBM
2025-10-15,9:31:42.125162943,T,278.19,100,279.1,200,IBM
2025-10-15,9:31:42.125533826,T,278.4,100,279.1,200,IBM
2025-10-15,9:31:42.126355851,T,278.06,100,279.1,200,IBM
2025-10-15,9:31:42.126821904,T,278.4,100,279.1,200,IBM
2025-10-15,9:31:42.130280112,T,278.4,100,280.0,100,IBM
2025-10-15,9:31:42.130290141,T,278.4,100,279.37,200,IBM
2025-10-15,9:31:42.130320245,T,278.4,100,279.35,100,IBM
2025-10-15,9:31:42.135031502,T,278.06,100,279.35,100,IBM
2025-10-15,9:31:42.136535067,T,278.84,100,279.35,100,IBM
2025-10-15,9:31:42.137537493,T,278.1,100,279.35,100,IBM
2025-10-15,9:31:42.139091122,T,278.06,100,279.35,100,IBM
2025-10-15,9:31:42.145185649,T,278.05,200,279.35,100,IBM
2025-10-15,9:31:42.485891746,T,278.05,200,279.37,200,IBM
2025-10-15,9:31:42.637252088,T,278.05,200,279.35,100,IBM
2025-10-15,9:31:42.645657124,T,278.05,200,279.37,200,IBM
2025-10-15,9:31:43.141211883,T,278.05,200,279.35,100,IBM
2025-10-15,9:31:44.384561922,T,278.05,200,279.35,200,IBM
2025-10-15,9:31:44.405712248,T,278.05,200,279.35,100,IBM
2025-10-15,9:31:45.194996441,T,278.83,100,279.35,100,IBM
2025-10-15,9:31:46.216628712,T,278.83,100,279.35,200,IBM
2025-10-15,9:31:47.511581784,T,278.83,100,279.35,100,IBM
2025-10-15,9:31:47.511581784,T,278.83,100,279.7,200,IBM
2025-10-15,9:31:47.512192891,T,278.83,100,279.68,100,IBM
2025-10-15,9:31:47.513044982,T,278.83,100,279.68,200,IBM
2025-10-15,9:31:47.513060011,T,278.83,100,279.68,300,IBM
2025-10-15,9:31:47.521003934,T,278.83,200,279.68,300,IBM
2025-10-15,9:31:47.521033999,T,278.84,100,279.68,300,IBM
2025-10-15,9:31:47.521655411,T,278.83,100,279.68,300,IBM
2025-10-15,9:31:47.529318671,T,278.83,100,279.68,200,IBM
2025-10-15,9:31:47.531138010,T,278.05,200,279.68,200,IBM
2025-10-15,9:31:48.512013301,T,278.05,200,279.68,300,IBM
2025-10-15,9:31:48.513211128,T,278.05,200,279.67,100,IBM
2025-10-15,9:31:48.513962957,T,278.05,200,279.67,200,IBM
2025-10-15,9:31:48.514193504,T,278.05,200,279.67,300,IBM
2025-10-15,9:31:49.423783867,T,278.1,100,279.67,300,IBM
2025-10-15,9:31:49.425939071,T,278.05,200,279.67,300,IBM
2025-10-15,9:31:49.426174552,T,278.05,200,279.67,200,IBM
2025-10-15,9:31:49.426199712,T,278.44,100,279.67,200,IBM
2025-10-15,9:31:49.426465474,T,278.44,100,279.65,100,IBM
2025-10-15,9:31:49.426891249,T,278.44,100,279.65,200,IBM
2025-10-15,9:31:49.428114160,T,278.05,200,279.65,200,IBM
2025-10-15,9:31:49.525105103,T,278.05,200,279.65,100,IBM
2025-10-15,9:31:49.525325707,T,278.05,200,279.64,100,IBM
2025-10-15,9:31:49.525746678,T,278.05,200,279.64,200,IBM
2025-10-15,9:31:49.649671692,T,278.87,100,279.64,200,IBM
2025-10-15,9:31:49.784522671,T,278.87,100,279.64,300,IBM
2025-10-15,9:31:53.001907317,T,278.87,100,279.64,400,IBM
2025-10-15,9:31:53.088518502,T,278.33,200,279.64,400,IBM
2025-10-15,9:31:53.088573629,T,278.88,100,279.64,400,IBM
2025-10-15,9:31:53.089495861,T,278.88,100,279.64,300,IBM
2025-10-15,9:31:53.528430868,T,278.88,100,279.64,200,IBM
2025-10-15,9:31:53.528651371,T,278.88,100,279.63,100,IBM
2025-10-15,9:31:53.528666396,T,278.89,100,279.63,100,IBM
2025-10-15,9:31:53.529072399,T,278.89,100,279.63,200,IBM
2025-10-15,9:31:53.537066370,T,278.89,100,279.63,300,IBM
2025-10-15,9:31:55.280025822,T,278.89,100,279.63,400,IBM
2025-10-15,9:31:55.280045947,T,278.89,200,279.63,400,IBM
2025-10-15,9:31:55.284045423,T,278.89,100,279.63,400,IBM
2025-10-15,9:31:57.530428353,T,278.89,100,279.63,300,IBM
2025-10-15,9:31:57.530648948,T,278.89,100,279.62,100,IBM
2025-10-15,9:31:57.531220266,T,278.89,100,279.62,200,IBM
2025-10-15,9:31:57.531305464,T,278.89,100,279.62,300,IBM
2025-10-15,9:31:57.650088221,T,278.89,100,279.62,400,IBM
2025-10-15,9:31:57.690524506,T,278.89,100,279.62,300,IBM
2025-10-15,9:31:58.263172921,T,278.89,100,279.62,200,IBM
2025-10-15,9:31:58.263172921,T,278.89,100,279.62,100,IBM
2025-10-15,9:31:58.263172921,T,278.89,100,279.7,200,IBM
2025-10-15,9:31:58.263207994,T,279.05,100,279.7,200,IBM
2025-10-15,9:31:58.263523696,T,279.05,100,280.0,100,IBM
2025-10-15,9:31:58.263533748,T,279.05,100,279.97,200,IBM
2025-10-15,9:31:58.263598916,T,279.05,100,279.7,100,IBM
2025-10-15,9:31:58.263999823,T,279.05,200,279.7,100,IBM
2025-10-15,9:31:58.265799172,T,279.05,100,279.7,100,IBM
2025-10-15,9:31:58.288077200,T,279.05,100,279.97,200,IBM
2025-10-15,9:31:58.783456639,T,279.05,100,280.31,100,IBM
2025-10-15,9:31:58.783466716,T,279.05,100,280.26,200,IBM
2025-10-15,9:31:58.783987985,T,279.31,100,280.26,200,IBM
2025-10-15,9:31:59.263610037,T,279.31,100,280.12,100,IBM
2025-10-15,9:31:59.263640080,T,279.31,100,280.26,300,IBM
2025-10-15,9:32:00.973781348,T,278.33,200,280.26,300,IBM
2025-10-15,9:32:03.634590785,T,278.28,200,280.26,300,IBM
2025-10-15,9:32:03.652553541,T,278.28,300,280.26,300,IBM
2025-10-15,9:32:03.799969454,T,278.62,200,280.26,300,IBM
2025-10-15,9:32:03.800926795,T,278.62,300,280.26,300,IBM
2025-10-15,9:32:07.131460841,T,278.62,500,280.26,300,IBM
2025-10-15,9:32:07.300618611,T,278.62,400,280.26,300,IBM
2025-10-15,9:32:17.583037945,T,278.62,500,280.26,300,IBM
2025-10-15,9:32:18.002215851,T,278.62,300,280.26,300,IBM
2025-10-15,9:32:18.002842393,T,278.92,100,280.26,300,IBM
2025-10-15,9:32:20.474015577,T,278.92,100,280.26,100,IBM
2025-10-15,9:32:20.474020585,T,278.92,100,280.06,200,IBM
2025-10-15,9:32:23.237549664,T,279.31,100,280.06,200,IBM
2025-10-15,9:32:23.795382791,T,278.92,100,280.06,200,IBM
2025-10-15,9:32:24.423558386,T,279.51,100,280.06,200,IBM
2025-10-15,9:32:24.424655927,T,279.51,200,280.06,200,IBM
2025-10-15,9:32:24.425307456,T,279.51,200,280.5,100,IBM
2025-10-15,9:32:24.425312566,T,279.51,200,280.29,200,IBM
2025-10-15,9:32:24.425678423,T,279.51,100,280.29,200,IBM
2025-10-15,9:32:24.432038558,T,279.32,100,280.29,200,IBM
2025-10-15,9:32:24.432089026,T,279.31,100,280.29,200,IBM
2025-10-15,9:32:24.461107697,T,278.92,100,280.29,200,IBM
2025-10-15,9:32:24.466285008,T,278.92,100,280.2,100,IBM
2025-10-15,9:32:24.466921605,T,279.06,100,280.2,100,IBM
2025-10-15,9:32:24.467207295,T,279.06,200,280.2,100,IBM
2025-10-15,9:32:24.530252313,T,279.32,100,280.2,100,IBM
2025-10-15,9:32:24.530277367,T,279.51,100,280.2,100,IBM
2025-10-15,9:32:24.530282377,T,279.32,100,280.2,100,IBM
2025-10-15,9:32:24.530322559,T,279.46,100,280.2,100,IBM
2025-10-15,9:32:24.530833775,T,279.46,100,280.0,100,IBM
2025-10-15,9:32:24.531264799,T,279.32,100,280.0,100,IBM
2025-10-15,9:32:24.531445134,T,279.32,100,280.0,300,IBM
2025-10-15,9:32:24.531460361,T,279.32,100,280.0,200,IBM
2025-10-15,9:32:24.531495351,T,279.32,100,280.29,200,IBM
2025-10-15,9:32:24.531520305,T,279.51,100,280.29,200,IBM
2025-10-15,9:32:24.531540385,T,279.73,100,280.29,200,IBM
2025-10-15,9:32:24.531575433,T,279.51,100,280.29,200,IBM
2025-10-15,9:32:24.531595506,T,279.32,100,280.29,200,IBM
2025-10-15,9:32:24.532026567,T,279.06,100,280.29,200,IBM
2025-10-15,9:32:24.532597882,T,279.06,100,280.18,100,IBM
2025-10-15,9:32:24.545097633,T,279.06,100,280.29,200,IBM
2025-10-15,9:32:24.545308240,T,279.06,200,280.29,200,IBM
2025-10-15,9:32:24.567215384,T,279.06,100,280.29,200,IBM
2025-10-15,9:32:25.156678599,T,278.88,200,280.29,200,IBM
2025-10-15,9:32:26.186560454,T,279.05,200,280.29,200,IBM
2025-10-15,9:32:26.211740427,T,279.05,200,280.88,100,IBM
2025-10-15,9:32:26.211745439,T,279.05,200,280.52,200,IBM
2025-10-15,9:32:27.216171684,T,278.88,200,280.52,200,IBM
2025-10-15,9:32:28.923325974,T,278.6,100,280.52,200,IBM
2025-10-15,9:32:28.923330977,T,279.12,200,280.52,200,IBM
2025-10-15,9:32:29.317424084,T,279.12,200,280.07,100,IBM
2025-10-15,9:32:29.317669701,T,279.12,200,280.52,200,IBM
2025-10-15,9:32:29.317945401,T,279.12,200,280.69,100,IBM
2025-10-15,9:32:29.317945401,T,279.12,200,280.28,200,IBM
2025-10-15,9:32:31.393576847,T,279.12,200,280.0,100,IBM
2025-10-15,9:32:31.445525598,T,279.12,200,280.07,100,IBM
2025-10-15,9:32:37.584866428,T,278.44,100,280.07,100,IBM
2025-10-15,9:32:37.584876512,T,278.87,200,280.07,100,IBM
2025-10-15,9:32:37.584911572,T,278.87,300,280.07,100,IBM
2025-10-15,9:32:37.584991788,T,278.87,200,280.07,100,IBM
2025-10-15,9:32:37.819530220,T,279.19,200,280.07,100,IBM
2025-10-15,9:32:37.821284727,T,279.31,300,280.07,100,IBM
2025-10-15,9:32:37.864843064,T,278.87,200,280.07,100,IBM
2025-10-15,9:32:37.865113736,T,278.87,300,280.07,100,IBM
2025-10-15,9:32:37.865123795,T,279.14,200,280.07,100,IBM
2025-10-15,9:32:39.961980711,T,279.14,200,280.07,200,IBM
2025-10-15,9:32:40.842341563,T,278.87,200,280.07,200,IBM
2025-10-15,9:32:40.845398769,T,279.31,100,280.07,200,IBM
2025-10-15,9:32:40.864504234,T,279.31,100,280.07,100,IBM
2025-10-15,9:32:41.381710589,T,279.42,100,280.07,100,IBM
2025-10-15,9:32:41.591780709,T,279.42,300,280.07,100,IBM
2025-10-15,9:32:42.659477616,T,279.57,100,280.07,100,IBM
2025-10-15,9:32:42.659542709,T,279.57,100,280.28,200,IBM
2025-10-15,9:32:51.532982835,T,279.57,100,280.0,100,IBM
2025-10-15,9:32:51.851596461,T,279.57,100,280.0,200,IBM
2025-10-15,9:32:51.851631512,T,279.57,100,280.0,100,IBM
2025-10-15,9:32:51.851676662,T,279.57,100,280.0,200,IBM
2025-10-15,9:32:51.855631048,T,279.57,100,280.0,100,IBM
2025-10-15,9:32:51.959864258,T,279.57,100,280.0,200,IBM
2025-10-15,9:32:51.960089769,T,279.57,100,280.0,100,IBM
2025-10-15,9:32:51.960144843,T,279.61,100,280.0,100,IBM
2025-10-15,9:32:51.960149883,T,279.57,100,280.0,100,IBM
2025-10-15,9:32:51.966956086,T,279.12,200,280.0,100,IBM
2025-10-15,9:32:51.970875356,T,279.12,200,280.28,200,IBM
2025-10-15,9:32:52.960591646,T,279.12,200,280.0,100,IBM
2025-10-15,9:32:55.476290914,T,279.12,200,280.28,200,IBM
2025-10-15,9:32:55.476305906,T,279.5,100,280.28,200,IBM
2025-10-15,9:32:55.476310971,T,279.12,200,280.28,200,IBM
2025-10-15,9:32:55.476315974,T,279.99,100,280.28,200,IBM
2025-10-15,9:32:55.476752003,T,280.0,100,280.28,200,IBM
2025-10-15,9:32:55.476897421,T,279.76,100,280.28,200,IBM
2025-10-15,9:32:55.477087845,T,279.76,100,280.28,300,IBM
2025-10-15,9:32:55.477112838,T,279.76,100,280.28,200,IBM
2025-10-15,9:32:55.477122884,T,279.72,100,280.28,200,IBM
2025-10-15,9:32:55.477132977,T,279.5,100,280.28,200,IBM
2025-10-15,9:32:55.477142990,T,279.66,100,280.28,200,IBM
2025-10-15,9:32:55.477153019,T,279.5,100,280.28,200,IBM
2025-10-15,9:32:55.477157989,T,279.72,100,280.28,200,IBM
2025-10-15,9:32:55.477323416,T,279.66,100,280.28,200,IBM
2025-10-15,9:32:55.478937248,T,279.66,100,281.43,100,IBM
2025-10-15,9:32:55.478947213,T,279.66,100,280.62,200,IBM
2025-10-15,9:32:55.588964130,T,279.12,200,280.62,200,IBM
2025-10-15,9:32:57.627256796,T,279.12,200,281.56,100,IBM
2025-10-15,9:32:57.627261782,T,279.12,200,280.45,200,IBM
2025-10-15,9:32:58.467051140,T,279.98,100,280.45,200,IBM
2025-10-15,9:32:58.467642589,T,279.77,100,280.45,200,IBM
2025-10-15,9:32:58.467662573,T,279.52,100,280.45,200,IBM
2025-10-15,9:32:58.467687669,T,279.4,100,280.45,200,IBM
2025-10-15,9:32:58.467747967,T,279.4,100,280.45,100,IBM
2025-10-15,9:32:58.468243986,T,279.4,100,280.45,200,IBM
2025-10-15,9:32:58.468243986,T,279.53,100,280.45,200,IBM
2025-10-15,9:32:58.468755187,T,279.53,100,280.45,100,IBM
2025-10-15,9:32:58.471180975,T,279.4,100,280.45,100,IBM
2025-10-15,9:32:58.475771963,T,279.78,100,280.45,100,IBM
2025-10-15,9:32:58.493684615,T,279.4,100,280.45,100,IBM
2025-10-15,9:32:58.568367391,T,279.37,100,280.45,100,IBM
2025-10-15,9:32:58.568372363,T,279.12,200,280.45,100,IBM
2025-10-15,9:32:58.568552814,T,279.12,200,280.77,200,IBM
2025-10-15,9:33:02.566430803,T,279.12,200,280.5,100,IBM
2025-10-15,9:33:02.567919318,T,279.12,200,280.5,200,IBM
2025-10-15,9:33:02.750529110,T,279.12,200,280.5,100,IBM
2025-10-15,9:33:03.329682789,T,279.12,200,280.5,200,IBM
2025-10-15,9:33:03.331141254,T,279.12,200,280.5,300,IBM
2025-10-15,9:33:03.350266819,T,279.12,200,280.5,200,IBM
2025-10-15,9:33:03.826550627,T,279.12,200,280.5,100,IBM
2025-10-15,9:33:04.346593737,T,279.12,200,280.5,200,IBM
2025-10-15,9:33:08.396856179,T,279.12,200,280.5,300,IBM
2025-10-15,9:33:08.397638060,T,279.12,200,280.5,200,IBM
2025-10-15,9:33:08.404419181,T,279.12,200,280.5,100,IBM
2025-10-15,9:33:08.415219884,T,279.12,200,280.5,200,IBM
2025-10-15,9:33:08.424557288,T,279.12,200,280.5,100,IBM
2025-10-15,9:33:08.424562425,T,279.12,200,280.46,100,IBM
2025-10-15,9:33:08.425088414,T,279.12,200,280.08,100,IBM
2025-10-15,9:33:08.579360680,T,279.12,200,280.46,100,IBM
2025-10-15,9:33:08.579786657,T,279.12,200,280.46,200,IBM
2025-10-15,9:33:08.579791775,T,279.12,200,280.46,100,IBM
2025-10-15,9:33:08.580157644,T,279.12,200,280.46,200,IBM
2025-10-15,9:33:08.662383354,T,279.12,200,280.46,100,IBM
2025-10-15,9:33:09.949081606,T,279.75,100,280.46,100,IBM
2025-10-15,9:33:09.949176816,T,279.76,100,280.46,100,IBM
2025-10-15,9:33:09.950319617,T,279.12,300,280.46,100,IBM
2025-10-15,9:33:09.959050347,T,279.12,200,280.46,100,IBM
2025-10-15,9:33:11.220503397,T,279.12,200,280.77,200,IBM
2025-10-15,9:33:11.220543497,T,279.66,100,280.77,200,IBM
2025-10-15,9:33:11.220618698,T,279.77,100,280.77,200,IBM
2025-10-15,9:33:11.220738993,T,279.81,100,280.77,200,IBM
2025-10-15,9:33:11.221064781,T,279.77,100,280.77,200,IBM
2025-10-15,9:33:11.221099877,T,279.93,100,280.77,200,IBM
2025-10-15,9:33:11.221155001,T,279.94,100,280.77,200,IBM
2025-10-15,9:33:11.221821612,T,279.93,100,280.77,200,IBM
2025-10-15,9:33:11.228572806,T,279.67,100,280.77,200,IBM
2025-10-15,9:33:11.228597736,T,279.22,100,280.77,200,IBM
2025-10-15,9:33:11.228893404,T,279.77,100,280.77,200,IBM
2025-10-15,9:33:11.471566132,T,279.12,200,280.77,200,IBM
2025-10-15,9:33:11.918204444,T,279.66,100,280.77,200,IBM
2025-10-15,9:33:12.221040498,T,279.12,200,280.77,200,IBM
2025-10-15,9:33:13.228719556,T,279.66,100,280.77,200,IBM
2025-10-15,9:33:14.008350504,T,279.12,200,280.77,200,IBM
2025-10-15,9:33:14.223883628,T,279.12,300,280.77,200,IBM
2025-10-15,9:33:14.224279582,T,279.12,300,280.5,100,IBM
2025-10-15,9:33:20.918396432,T,279.37,100,280.5,100,IBM
2025-10-15,9:33:20.918421346,T,279.52,100,280.5,100,IBM
2025-10-15,9:33:20.918421346,T,280.03,100,280.5,100,IBM
2025-10-15,9:33:20.918902546,T,280.03,100,280.77,200,IBM
2025-10-15,9:33:20.919448803,T,279.95,100,280.77,200,IBM
2025-10-15,9:33:20.928294851,T,279.52,200,280.77,200,IBM
2025-10-15,9:33:20.930149240,T,279.52,100,280.77,200,IBM
2025-10-15,9:33:20.930169291,T,279.37,100,280.77,200,IBM
2025-10-15,9:33:21.018454565,T,279.12,300,280.77,200,IBM
2025-10-15,9:33:22.402454608,T,279.12,100,280.77,200,IBM
2025-10-15,9:33:22.402459543,T,279.38,200,280.77,200,IBM
2025-10-15,9:33:23.082663870,T,279.52,100,280.77,200,IBM
2025-10-15,9:33:23.082673879,T,280.24,100,280.77,200,IBM
2025-10-15,9:33:23.082859322,T,280.24,100,281.68,100,IBM
2025-10-15,9:33:23.082869425,T,280.24,100,281.04,200,IBM
2025-10-15,9:33:23.083150126,T,279.52,100,281.04,200,IBM
2025-10-15,9:33:23.092903330,T,279.38,200,281.04,200,IBM
2025-10-15,9:33:29.744819491,T,279.22,100,281.04,200,IBM
2025-10-15,9:33:29.744824578,T,279.64,200,281.04,200,IBM
2025-10-15,9:33:30.137178674,T,279.64,300,281.04,200,IBM
2025-10-15,9:33:30.159832576,T,279.67,100,281.04,200,IBM
2025-10-15,9:33:30.162644242,T,279.64,200,281.04,200,IBM
2025-10-15,9:33:30.162859782,T,279.64,300,281.04,200,IBM
2025-10-15,9:33:31.013434793,T,279.64,200,281.04,200,IBM
2025-10-15,9:33:33.056679072,T,280.0,100,281.04,200,IBM
2025-10-15,9:33:33.147134476,T,279.64,200,281.04,200,IBM
2025-10-15,9:33:33.245067607,T,280.01,100,281.04,200,IBM
2025-10-15,9:33:33.245112964,T,280.08,100,281.04,200,IBM
2025-10-15,9:33:33.246059971,T,280.01,100,281.04,200,IBM
2025-10-15,9:33:33.345150820,T,279.64,200,281.04,200,IBM
2025-10-15,9:33:33.365960337,T,279.67,100,281.04,200,IBM
2025-10-15,9:33:33.453513766,T,279.64,200,281.04,200,IBM
2025-10-15,9:33:33.958476002,T,279.67,100,281.04,200,IBM
2025-10-15,9:33:34.108387941,T,279.64,200,281.04,200,IBM
2025-10-15,9:33:34.232718867,T,280.01,100,281.04,200,IBM
2025-10-15,9:33:35.279581255,T,279.64,200,281.04,200,IBM
2025-10-15,9:33:36.537185110,T,280.02,100,281.04,200,IBM
2025-10-15,9:33:36.538192515,T,279.64,200,281.04,200,IBM
2025-10-15,9:33:36.538783952,T,280.01,100,281.04,200,IBM
2025-10-15,9:33:37.231122309,T,279.64,200,281.04,200,IBM
2025-10-15,9:33:37.236374841,T,280.02,100,281.04,200,IBM
2025-10-15,9:33:38.101469350,T,279.64,200,281.04,200,IBM
2025-10-15,9:33:38.103273695,T,280.02,100,281.04,200,IBM
2025-10-15,9:33:38.621903318,T,279.64,200,281.04,200,IBM
2025-10-15,9:33:39.386634082,T,280.02,100,281.04,200,IBM
2025-10-15,9:33:39.942948392,T,279.64,200,281.04,200,IBM
2025-10-15,9:33:40.029775027,T,280.01,100,281.04,200,IBM
2025-10-15,9:33:40.290390495,T,279.64,200,281.04,200,IBM
2025-10-15,9:33:40.319414603,T,280.01,100,281.04,200,IBM
2025-10-15,9:33:40.647290100,T,279.64,200,281.04,200,IBM
2025-10-15,9:33:41.879829470,T,280.01,100,281.04,200,IBM
2025-10-15,9:33:41.920511293,T,279.64,200,281.04,200,IBM
2025-10-15,9:33:42.213087813,T,280.01,100,281.04,200,IBM
2025-10-15,9:33:42.214305691,T,279.64,200,281.04,200,IBM
2025-10-15,9:33:43.612825298,T,279.64,200,280.72,200,IBM
2025-10-15,9:33:49.269171475,T,280.35,2000,280.72,200,IBM
2025-10-15,9:33:51.187698864,T,280.35,2000,280.65,100,IBM
2025-10-15,9:33:51.239958362,T,280.35,2000,280.72,200,IBM
2025-10-15,9:33:51.659687573,T,280.35,2000,280.72,300,IBM
2025-10-15,9:33:52.261961482,T,280.35,2000,280.72,200,IBM
2025-10-15,9:33:53.004048377,T,280.46,100,280.72,200,IBM
2025-10-15,9:33:53.004659567,T,280.35,2000,280.72,200,IBM
2025-10-15,9:33:55.856664387,T,279.64,200,280.72,200,IBM
2025-10-15,9:33:55.930545309,T,279.64,200,280.72,300,IBM
2025-10-15,9:33:55.941305886,T,279.64,200,280.69,100,IBM
2025-10-15,9:33:55.962371000,T,279.64,200,280.69,200,IBM
2025-10-15,9:33:56.017021082,T,280.32,100,280.69,200,IBM
2025-10-15,9:33:56.017397031,T,280.32,100,280.69,100,IBM
2025-10-15,9:33:56.087433702,T,280.32,100,280.72,200,IBM
2025-10-15,9:33:56.087909882,T,279.64,200,280.72,200,IBM
2025-10-15,9:33:56.670707252,T,280.06,100,280.72,200,IBM
2025-10-15,9:33:57.101798630,T,280.06,200,280.72,200,IBM
2025-10-15,9:33:57.101853790,T,280.06,200,281.04,200,IBM
2025-10-15,9:33:57.101878862,T,280.71,100,281.04,200,IBM
2025-10-15,9:33:57.102094375,T,280.71,100,280.72,100,IBM
2025-10-15,9:33:57.102119443,T,280.71,100,281.04,200,IBM
2025-10-15,9:33:57.102169470,T,280.72,100,281.04,200,IBM
2025-10-15,9:33:57.102480268,T,280.33,100,281.04,200,IBM
2025-10-15,9:33:57.102911261,T,280.06,200,281.04,200,IBM
2025-10-15,9:33:57.103232040,T,280.06,200,281.68,100,IBM
2025-10-15,9:33:57.103242100,T,280.06,200,281.31,200,IBM
2025-10-15,9:33:57.103632936,T,280.33,100,281.31,200,IBM
2025-10-15,9:33:57.201906953,T,280.06,200,281.31,200,IBM
2025-10-15,9:33:57.201931968,T,280.06,100,281.31,200,IBM
2025-10-15,9:33:57.327074952,T,280.11,100,281.31,200,IBM
2025-10-15,9:33:57.576639033,T,280.06,100,281.31,200,IBM
2025-10-15,9:33:57.577155265,T,280.11,100,281.31,200,IBM
2025-10-15,9:33:57.973208195,T,280.06,100,281.31,200,IBM
2025-10-15,9:33:57.976270417,T,280.06,200,281.31,200,IBM
2025-10-15,9:33:59.593355443,T,280.06,200,281.0,200,IBM
2025-10-15,9:33:59.593385539,T,280.06,100,281.0,200,IBM
2025-10-15,9:34:03.065812332,T,279.64,200,281.0,200,IBM
2025-10-15,9:34:03.069405794,T,280.37,100,281.0,200,IBM
2025-10-15,9:34:05.700915747,T,280.38,100,281.0,200,IBM
2025-10-15,9:34:05.700945900,T,280.37,100,281.0,200,IBM
2025-10-15,9:34:05.701006030,T,280.62,100,281.0,200,IBM
2025-10-15,9:34:05.710879563,T,280.37,100,281.0,200,IBM
2025-10-15,9:34:12.989362457,T,280.37,100,281.0,300,IBM
2025-10-15,9:34:13.965210682,T,280.37,100,281.0,200,IBM
2025-10-15,9:34:15.273330100,T,280.37,100,281.56,100,IBM
2025-10-15,9:34:15.273334826,T,280.37,100,281.57,300,IBM
2025-10-15,9:34:15.273334826,T,280.37,100,281.57,200,IBM
2025-10-15,9:34:15.273359897,T,280.73,100,281.57,200,IBM
2025-10-15,9:34:15.273580415,T,280.79,100,281.57,200,IBM
2025-10-15,9:34:15.281980386,T,280.37,100,281.57,200,IBM
2025-10-15,9:34:15.294414992,T,280.48,100,281.57,200,IBM
2025-10-15,9:34:15.374119782,T,280.37,100,281.57,200,IBM
2025-10-15,9:34:15.603310370,T,279.94,200,281.57,200,IBM
2025-10-15,9:34:15.606437811,T,280.59,200,281.57,200,IBM
2025-10-15,9:34:17.762380485,T,279.94,200,281.57,200,IBM
2025-10-15,9:34:17.762921810,T,280.85,100,281.57,200,IBM
2025-10-15,9:34:17.972295227,T,280.85,100,281.24,100,IBM
2025-10-15,9:34:17.972716236,T,280.85,100,281.24,200,IBM
2025-10-15,9:34:18.071165626,T,281.0,200,281.24,200,IBM
2025-10-15,9:34:18.071446315,T,281.0,200,281.24,100,IBM
2025-10-15,9:34:20.731820041,T,281.07,100,281.24,100,IBM
2025-10-15,9:34:20.733599340,T,281.1,100,281.24,100,IBM
2025-10-15,9:34:20.733654423,T,281.1,200,281.24,100,IBM
2025-10-15,9:34:22.248345367,T,281.1,200,281.29,100,IBM
2025-10-15,9:34:22.248350458,T,281.1,200,281.68,100,IBM
2025-10-15,9:34:22.248365471,T,281.1,100,281.68,100,IBM
2025-10-15,9:34:22.248375499,T,281.0,200,281.68,100,IBM
2025-10-15,9:34:22.248395530,T,281.2,100,281.68,100,IBM
2025-10-15,9:34:22.248711261,T,281.23,100,281.68,100,IBM
2025-10-15,9:34:22.248856585,T,281.2,100,281.68,100,IBM
2025-10-15,9:34:22.248856585,T,281.24,100,281.68,100,IBM
2025-10-15,9:34:22.249167415,T,281.2,100,281.68,100,IBM
2025-10-15,9:34:22.249192449,T,281.24,100,281.68,100,IBM
2025-10-15,9:34:22.249212441,T,281.2,100,281.68,100,IBM
2025-10-15,9:34:22.249212441,T,281.29,100,281.68,100,IBM
2025-10-15,9:34:22.249382829,T,281.29,100,281.4,100,IBM
2025-10-15,9:34:22.249608375,T,281.29,100,281.68,100,IBM
2025-10-15,9:34:22.249713663,T,281.0,200,281.68,100,IBM
2025-10-15,9:34:22.249723665,T,281.17,100,281.68,100,IBM
2025-10-15,9:34:22.249738781,T,281.29,100,281.68,100,IBM
2025-10-15,9:34:22.249743729,T,281.17,100,281.68,100,IBM
2025-10-15,9:34:22.249743729,T,281.34,100,281.68,100,IBM
2025-10-15,9:34:22.249758820,T,281.17,100,281.68,100,IBM
2025-10-15,9:34:22.249778872,T,281.4,100,281.68,100,IBM
2025-10-15,9:34:22.256630457,T,281.0,200,281.68,100,IBM
2025-10-15,9:34:29.058277910,T,281.0,200,281.49,100,IBM
2025-10-15,9:34:29.058698886,T,281.0,200,281.49,200,IBM
2025-10-15,9:34:29.267160107,T,281.0,200,281.49,100,IBM
2025-10-15,9:34:29.335472804,T,281.18,100,281.49,100,IBM
2025-10-15,9:34:30.025570755,T,281.0,200,281.49,100,IBM
2025-10-15,9:34:30.025691034,T,281.18,100,281.49,100,IBM
2025-10-15,9:34:30.026362696,T,281.0,200,281.49,100,IBM
2025-10-15,9:34:31.469889269,T,281.0,200,281.49,200,IBM
2025-10-15,9:34:31.791976014,T,281.19,100,281.49,200,IBM
2025-10-15,9:34:32.058365170,T,281.19,100,281.49,100,IBM
2025-10-15,9:34:32.128968227,T,281.19,100,281.49,200,IBM
2025-10-15,9:34:33.619416583,T,281.19,100,281.49,100,IBM
2025-10-15,9:34:35.279333262,T,281.19,100,281.49,200,IBM
2025-10-15,9:34:36.097245590,T,281.19,100,281.49,100,IBM
2025-10-15,9:34:36.097255449,T,281.19,100,281.49,200,IBM
2025-10-15,9:34:36.098423343,T,281.19,100,281.49,300,IBM
2025-10-15,9:34:38.352083520,T,281.19,100,281.49,400,IBM
2025-10-15,9:34:38.622647653,T,281.19,100,281.49,300,IBM
2025-10-15,9:34:39.999971651,T,281.19,100,281.49,200,IBM
2025-10-15,9:34:42.022496809,T,281.19,100,281.49,100,IBM
2025-10-15,9:34:42.677155395,T,281.19,100,281.49,200,IBM
2025-10-15,9:34:44.189917027,T,280.49,100,281.49,200,IBM
2025-10-15,9:34:44.207734352,T,280.49,100,281.49,100,IBM
2025-10-15,9:34:44.208360786,T,280.62,100,281.49,100,IBM
2025-10-15,9:34:44.511773071,T,281.23,100,281.49,100,IBM
2025-10-15,9:34:44.521646554,T,280.62,100,281.49,100,IBM
2025-10-15,9:34:45.104063121,T,281.24,100,281.49,100,IBM
2025-10-15,9:34:48.205847604,T,281.24,100,281.42,100,IBM
2025-10-15,9:34:48.206268605,T,281.24,100,281.42,200,IBM
2025-10-15,9:34:49.178017033,T,281.24,100,281.42,300,IBM
2025-10-15,9:34:51.205153038,T,281.24,100,281.42,400,IBM
2025-10-15,9:34:51.206030151,T,281.24,200,281.42,400,IBM
2025-10-15,9:34:51.206115329,T,281.28,100,281.42,400,IBM
2025-10-15,9:34:51.206140392,T,281.28,200,281.42,400,IBM
2025-10-15,9:34:51.591297473,T,281.28,200,281.42,300,IBM
2025-10-15,9:34:51.592164486,T,281.28,200,281.42,200,IBM
2025-10-15,9:34:51.592635524,T,281.28,200,281.42,100,IBM
2025-10-15,9:34:51.592640499,T,281.28,200,281.68,200,IBM
2025-10-15,9:34:51.593181725,T,281.28,200,281.42,100,IBM
2025-10-15,9:34:51.594018766,T,281.28,200,281.68,100,IBM
2025-10-15,9:34:51.594444884,T,281.28,200,281.42,100,IBM
2025-10-15,9:34:51.598439253,T,281.28,100,281.42,100,IBM
2025-10-15,9:34:51.598439253,T,281.28,100,281.68,100,IBM
2025-10-15,9:34:51.598439253,T,281.24,100,281.68,100,IBM
2025-10-15,9:34:51.598745050,T,281.24,100,281.42,100,IBM
2025-10-15,9:34:51.598835180,T,281.24,100,281.43,100,IBM
2025-10-15,9:34:51.599155962,T,281.24,100,281.42,100,IBM
2025-10-15,9:34:51.642679611,T,281.24,100,281.42,200,IBM
2025-10-15,9:34:51.668516084,T,281.24,100,281.42,100,IBM
2025-10-15,9:34:52.383172593,T,281.0,100,281.42,100,IBM
2025-10-15,9:34:52.769973350,T,281.0,100,281.42,200,IBM
2025-10-15,9:34:53.060199202,T,281.0,100,281.37,100,IBM
2025-10-15,9:34:53.060725532,T,281.0,100,281.37,200,IBM
2025-10-15,9:34:53.067331234,T,281.0,100,281.37,100,IBM
2025-10-15,9:34:53.067541693,T,281.0,100,281.37,200,IBM
2025-10-15,9:34:53.331765708,T,281.0,100,281.37,100,IBM
2025-10-15,9:34:53.641267543,T,281.04,100,281.37,100,IBM
2025-10-15,9:34:55.026164603,T,281.04,100,281.37,200,IBM
2025-10-15,9:35:02.882678952,T,281.04,100,281.37,300,IBM
2025-10-15,9:35:07.545118783,T,281.06,100,281.37,300,IBM
2025-10-15,9:35:07.545880588,T,281.06,100,281.37,200,IBM
2025-10-15,9:35:07.547840259,T,281.06,100,281.37,100,IBM
2025-10-15,9:35:07.553238163,T,281.04,100,281.37,100,IBM
2025-10-15,9:35:08.223453749,T,281.04,100,281.68,100,IBM
2025-10-15,9:35:08.223478858,T,281.06,100,281.68,100,IBM
2025-10-15,9:35:08.223483799,T,281.12,100,281.68,100,IBM
2025-10-15,9:35:08.224295755,T,281.13,100,281.68,100,IBM
2025-10-15,9:35:08.233352354,T,281.06,100,281.68,100,IBM
2025-10-15,9:35:08.234520051,T,281.13,100,281.68,100,IBM
2025-10-15,9:35:08.235181643,T,281.06,100,281.68,100,IBM
2025-10-15,9:35:08.244388672,T,281.06,100,281.41,100,IBM
2025-10-15,9:35:08.244604144,T,281.06,100,281.41,200,IBM
2025-10-15,9:35:08.245786964,T,281.06,100,281.41,100,IBM
2025-10-15,9:35:08.323712463,T,281.04,100,281.41,100,IBM
2025-10-15,9:35:08.835656246,T,281.03,100,281.41,100,IBM
2025-10-15,9:35:10.929706454,T,281.14,100,281.41,100,IBM
2025-10-15,9:35:13.482188244,T,281.14,100,281.41,200,IBM
2025-10-15,9:35:14.806260429,T,281.14,100,281.37,100,IBM
2025-10-15,9:35:14.847844570,T,281.14,100,281.37,200,IBM
2025-10-15,9:35:14.847859476,T,281.14,100,281.37,300,IBM
2025-10-15,9:35:14.847889589,T,280.75,100,281.37,300,IBM
2025-10-15,9:35:14.847914678,T,280.75,100,281.14,100,IBM
2025-10-15,9:35:14.847914678,T,280.62,100,281.14,100,IBM
2025-10-15,9:35:14.847944680,T,280.62,100,281.36,100,IBM
2025-10-15,9:35:14.847949766,T,280.62,100,281.13,100,IBM
2025-10-15,9:35:14.847969791,T,280.62,100,281.26,100,IBM
2025-10-15,9:35:14.847969791,T,280.62,100,281.33,100,IBM
2025-10-15,9:35:14.847979883,T,280.52,200,281.33,100,IBM
2025-10-15,9:35:14.848024916,T,280.52,200,281.13,100,IBM
2025-10-15,9:35:14.848691446,T,280.52,300,281.13,100,IBM
2025-10-15,9:35:14.848701514,T,280.52,200,281.13,100,IBM
2025-10-15,9:35:14.848997216,T,280.52,200,281.37,300,IBM
2025-10-15,9:35:14.850580992,T,280.2,100,281.37,300,IBM
2025-10-15,9:35:14.850586160,T,280.28,200,281.37,300,IBM
2025-10-15,9:35:14.857923419,T,280.53,100,281.37,300,IBM
2025-10-15,9:35:14.858128954,T,280.53,100,281.37,200,IBM
2025-10-15,9:35:14.858339475,T,280.53,100,281.37,100,IBM
2025-10-15,9:35:14.861346628,T,280.53,100,281.37,200,IBM
2025-10-15,9:35:14.861346628,T,280.53,100,281.36,100,IBM
2025-10-15,9:35:14.861361657,T,280.53,100,281.35,100,IBM
2025-10-15,9:35:14.862704883,T,281.06,100,281.35,100,IBM
2025-10-15,9:35:14.862725242,T,280.53,100,281.35,100,IBM
2025-10-15,9:35:14.862725242,T,280.53,100,281.36,100,IBM
2025-10-15,9:35:14.863216077,T,280.53,100,281.35,100,IBM
2025-10-15,9:35:14.863426539,T,280.53,100,281.35,200,IBM
2025-10-15,9:35:14.961399807,T,280.53,100,281.35,100,IBM
2025-10-15,9:35:15.102535821,T,280.53,100,281.65,100,IBM
2025-10-15,9:35:15.429534278,T,280.53,200,281.65,100,IBM
2025-10-15,9:35:15.617105786,T,280.53,200,281.68,100,IBM
2025-10-15,9:35:16.102902341,T,280.53,100,281.68,100,IBM
2025-10-15,9:35:16.186180638,T,280.53,100,281.68,200,IBM
2025-10-15,9:35:16.349785103,T,280.35,100,281.68,200,IBM
2025-10-15,9:35:16.355824634,T,280.52,100,281.68,200,IBM
2025-10-15,9:35:18.164851226,T,280.69,100,281.68,200,IBM
2025-10-15,9:35:18.976804361,T,280.69,200,281.68,200,IBM
2025-10-15,9:35:18.976939789,T,280.69,200,281.68,100,IBM
2025-10-15,9:35:18.977150236,T,280.69,300,281.68,100,IBM
2025-10-15,9:35:18.977992174,T,280.69,200,281.68,100,IBM
2025-10-15,9:35:19.635417321,T,280.69,300,281.68,100,IBM
2025-10-15,9:35:19.636394640,T,280.69,300,281.23,100,IBM
2025-10-15,9:35:19.637677668,T,280.69,200,281.23,100,IBM
2025-10-15,9:35:20.896790157,T,280.69,200,281.68,100,IBM
2025-10-15,9:35:22.297073960,T,280.69,300,281.68,100,IBM
2025-10-15,9:35:22.705305825,T,280.69,200,281.68,100,IBM
2025-10-15,9:35:23.070981594,T,280.69,300,281.68,100,IBM
2025-10-15,9:35:23.379891769,T,280.73,100,281.68,100,IBM
2025-10-15,9:35:23.379901858,T,280.69,300,281.68,100,IBM
2025-10-15,9:35:23.379921892,T,280.94,100,281.68,100,IBM
2025-10-15,9:35:23.380738883,T,280.94,200,281.68,100,IBM
2025-10-15,9:35:25.548539552,T,280.95,100,281.68,100,IBM
2025-10-15,9:35:32.209657692,T,280.95,200,281.68,100,IBM
2025-10-15,9:35:32.209657692,T,280.95,100,281.68,100,IBM
2025-10-15,9:35:32.221776643,T,280.95,100,281.23,100,IBM
2025-10-15,9:35:32.294148843,T,280.95,100,281.23,200,IBM
2025-10-15,9:35:32.401865367,T,280.95,100,281.23,100,IBM
2025-10-15,9:35:33.619980310,T,280.95,200,281.23,100,IBM
2025-10-15,9:35:34.587022547,T,280.95,200,281.68,100,IBM
2025-10-15,9:35:34.718816367,T,280.95,100,281.68,100,IBM
2025-10-15,9:35:34.730148238,T,280.95,200,281.68,100,IBM
2025-10-15,9:35:38.653744320,T,280.95,300,281.68,100,IBM
2025-10-15,9:35:40.340695593,T,280.95,200,281.68,100,IBM
2025-10-15,9:35:40.340720724,T,280.95,100,281.68,100,IBM
2025-10-15,9:35:40.340720724,T,280.48,300,281.68,100,IBM
2025-10-15,9:35:40.340725655,T,280.48,200,281.68,100,IBM
2025-10-15,9:35:40.340750795,T,280.48,200,281.3,100,IBM
2025-10-15,9:35:40.340881058,T,280.48,200,281.09,100,IBM
2025-10-15,9:35:40.341091565,T,280.48,200,281.09,200,IBM
2025-10-15,9:35:40.341537659,T,280.48,200,281.09,100,IBM
2025-10-15,9:35:40.342349493,T,280.48,300,281.09,100,IBM
2025-10-15,9:35:40.342364540,T,280.53,100,281.09,100,IBM
2025-10-15,9:35:40.349787266,T,280.48,200,281.09,100,IBM
2025-10-15,9:35:40.349847748,T,280.48,300,281.09,100,IBM
2025-10-15,9:35:41.249363790,T,280.53,100,281.09,100,IBM
2025-10-15,9:35:41.249378805,T,280.55,100,281.09,100,IBM
2025-10-15,9:35:41.327695317,T,280.53,100,281.09,100,IBM
2025-10-15,9:35:41.771591931,T,280.53,100,281.09,200,IBM
2025-10-15,9:35:41.820608660,T,280.53,100,281.09,100,IBM
2025-10-15,9:35:43.276755296,T,280.53,100,281.68,100,IBM
2025-10-15,9:35:50.258777457,T,280.48,200,281.68,100,IBM
2025-10-15,9:35:50.628357269,T,280.55,100,281.68,100,IBM
2025-10-15,9:35:52.615653473,T,280.48,300,281.68,100,IBM
2025-10-15,9:35:52.656109723,T,280.48,300,281.08,100,IBM
2025-10-15,9:35:52.707136262,T,280.48,300,281.68,100,IBM
2025-10-15,9:35:55.204281259,T,280.53,100,281.68,100,IBM
2025-10-15,9:35:55.204431643,T,280.55,100,281.68,100,IBM
2025-10-15,9:35:55.205208398,T,280.56,100,281.68,100,IBM
2025-10-15,9:35:55.208466254,T,280.53,100,281.68,100,IBM
2025-10-15,9:35:55.222183925,T,280.48,300,281.68,100,IBM
2025-10-15,9:35:55.805146674,T,280.56,100,281.68,100,IBM
2025-10-15,9:35:55.805171775,T,280.66,100,281.68,100,IBM
2025-10-15,9:35:55.805171775,T,280.9,100,281.68,100,IBM
2025-10-15,9:35:55.805211891,T,280.56,100,281.68,100,IBM
2025-10-15,9:35:55.805246907,T,280.6,100,281.68,100,IBM
2025-10-15,9:35:55.805332107,T,280.53,100,281.68,100,IBM
2025-10-15,9:35:55.805367216,T,280.94,100,281.68,100,IBM
2025-10-15,9:35:55.806474913,T,280.48,200,281.68,100,IBM
2025-10-15,9:35:55.806585158,T,280.9,100,281.68,100,IBM
2025-10-15,9:35:55.910602782,T,280.91,100,281.68,100,IBM
2025-10-15,9:35:55.911414660,T,280.91,200,281.68,100,IBM
2025-10-15,9:36:00.042143847,T,280.91,200,281.65,100,IBM
2025-10-15,9:36:00.110336240,T,281.04,100,281.65,100,IBM
2025-10-15,9:36:00.111123079,T,281.04,200,281.65,100,IBM
2025-10-15,9:36:00.111228377,T,281.04,100,281.65,100,IBM
2025-10-15,9:36:05.390742017,T,281.04,100,281.27,100,IBM
2025-10-15,9:36:05.390777135,T,281.04,100,281.65,200,IBM
2025-10-15,9:36:05.390797173,T,281.04,100,281.65,100,IBM
2025-10-15,9:36:05.390862329,T,281.15,100,281.65,100,IBM
2025-10-15,9:36:05.391649143,T,281.15,200,281.65,100,IBM
2025-10-15,9:36:05.391864712,T,281.15,100,281.65,100,IBM
2025-10-15,9:36:07.172779521,T,281.16,100,281.65,100,IBM
2025-10-15,9:36:09.409775142,T,280.72,100,281.65,100,IBM
2025-10-15,9:36:09.409795535,T,280.72,100,281.16,100,IBM
2025-10-15,9:36:09.409810279,T,280.48,300,281.16,100,IBM
2025-10-15,9:36:09.409825745,T,280.48,300,281.41,100,IBM
2025-10-15,9:36:09.409855302,T,280.48,300,281.65,200,IBM
2025-10-15,9:36:09.409870369,T,280.48,300,281.64,100,IBM
2025-10-15,9:36:09.409885400,T,280.48,300,281.56,100,IBM
2025-10-15,9:36:09.409905449,T,280.48,300,281.44,100,IBM
2025-10-15,9:36:09.410156045,T,280.48,300,281.41,100,IBM
2025-10-15,9:36:09.410371847,T,280.48,200,281.41,100,IBM
2025-10-15,9:36:09.410577053,T,280.48,200,281.44,100,IBM
2025-10-15,9:36:09.410827636,T,280.48,200,281.56,100,IBM
2025-10-15,9:36:09.410837672,T,280.48,200,281.64,100,IBM
2025-10-15,9:36:09.417358188,T,280.48,200,281.65,100,IBM
2025-10-15,9:36:10.596525762,T,280.48,300,281.65,100,IBM
2025-10-15,9:36:10.596550653,T,281.0,100,281.65,100,IBM
2025-10-15,9:36:10.596801221,T,280.48,300,281.65,100,IBM
2025-10-15,9:36:10.596801221,T,280.53,100,281.65,100,IBM
2025-10-15,9:36:10.596831250,T,280.6,100,281.65,100,IBM
2025-10-15,9:36:10.596856246,T,280.53,100,281.65,100,IBM
2025-10-15,9:36:10.597257307,T,280.52,100,281.65,100,IBM
2025-10-15,9:36:10.597282359,T,280.48,200,281.65,100,IBM
2025-10-15,9:36:10.599071610,T,280.48,300,281.65,100,IBM
2025-10-15,9:36:10.599843427,T,280.48,200,281.65,100,IBM
2025-10-15,9:36:10.746497533,T,280.52,100,281.65,100,IBM
2025-10-15,9:36:11.878843514,T,281.0,100,281.65,100,IBM
2025-10-15,9:36:13.752484160,T,281.0,200,281.65,100,IBM
2025-10-15,9:36:13.752488964,T,281.02,100,281.65,100,IBM
2025-10-15,9:36:13.752509035,T,281.07,100,281.65,100,IBM
2025-10-15,9:36:13.752724540,T,281.19,100,281.65,100,IBM
2025-10-15,9:36:13.758753853,T,281.02,100,281.65,100,IBM
2025-10-15,9:36:13.776676483,T,281.0,100,281.65,100,IBM
2025-10-15,9:36:13.776681492,T,281.19,100,281.65,100,IBM
2025-10-15,9:36:13.958800152,T,281.0,100,281.65,100,IBM
2025-10-15,9:36:21.176373039,T,281.0,100,281.48,100,IBM
2025-10-15,9:36:25.480590168,T,281.0,100,281.65,100,IBM
2025-10-15,9:36:31.183757714,T,281.15,100,281.65,100,IBM
2025-10-15,9:36:31.427502908,T,281.0,100,281.65,100,IBM
2025-10-15,9:36:34.621451791,T,281.15,100,281.65,100,IBM
2025-10-15,9:36:34.621486811,T,281.16,100,281.65,100,IBM
2025-10-15,9:36:34.621502333,T,281.17,100,281.65,100,IBM
2025-10-15,9:36:34.621847826,T,281.22,100,281.65,100,IBM
2025-10-15,9:36:34.621887859,T,281.32,100,281.65,100,IBM
2025-10-15,9:36:34.622218646,T,281.22,100,281.65,100,IBM
2025-10-15,9:36:34.622293838,T,281.17,100,281.65,100,IBM
2025-10-15,9:36:34.622313878,T,281.15,100,281.65,100,IBM
2025-10-15,9:36:34.622484281,T,281.0,200,281.65,100,IBM
2025-10-15,9:36:34.622704734,T,281.0,100,281.65,100,IBM
2025-10-15,9:36:35.016096311,T,280.95,200,281.65,100,IBM
2025-10-15,9:36:35.195663832,T,280.95,200,281.65,200,IBM
2025-10-15,9:36:35.195678860,T,280.95,200,281.64,100,IBM
2025-10-15,9:36:35.195693880,T,280.95,300,281.64,100,IBM
2025-10-15,9:36:35.195824167,T,280.95,300,281.65,100,IBM
2025-10-15,9:36:35.195824167,T,280.95,400,281.65,100,IBM
2025-10-15,9:36:35.196049752,T,281.27,100,281.65,100,IBM
2025-10-15,9:36:35.196049752,T,281.27,200,281.65,100,IBM
2025-10-15,9:36:35.196104838,T,281.27,100,281.65,100,IBM
2025-10-15,9:36:35.196139866,T,281.27,100,281.59,100,IBM
2025-10-15,9:36:35.196315366,T,281.27,100,281.55,100,IBM
2025-10-15,9:36:35.196606033,T,280.95,200,281.55,100,IBM
2025-10-15,9:36:35.276441052,T,280.95,200,281.64,100,IBM
2025-10-15,9:36:35.281147335,T,280.95,200,281.65,100,IBM
2025-10-15,9:36:35.872144325,T,281.28,100,281.65,100,IBM
2025-10-15,9:36:40.440625617,T,281.28,200,281.65,100,IBM
2025-10-15,9:36:40.458538311,T,281.28,100,281.65,100,IBM
2025-10-15,9:36:41.873376542,T,281.28,200,281.65,100,IBM
2025-10-15,9:36:41.931720381,T,281.28,300,281.65,100,IBM
2025-10-15,9:36:41.935750044,T,281.28,200,281.65,100,IBM
2025-10-15,9:36:43.120705926,T,281.28,200,281.68,100,IBM
2025-10-15,9:36:43.120751021,T,281.28,300,281.68,100,IBM
2025-10-15,9:36:43.120756051,T,281.36,100,281.68,100,IBM
2025-10-15,9:36:43.120776400,T,281.37,100,281.68,100,IBM
2025-10-15,9:36:43.121362516,T,281.37,100,281.96,200,IBM
2025-10-15,9:36:43.121367549,T,281.41,100,281.96,200,IBM
2025-10-15,9:36:43.121412602,T,281.5,100,281.96,200,IBM
2025-10-15,9:36:43.121743399,T,281.5,100,282.23,100,IBM
2025-10-15,9:36:43.121753438,T,281.5,100,282.18,200,IBM
2025-10-15,9:36:43.128319043,T,281.37,100,282.18,200,IBM
2025-10-15,9:36:43.128324098,T,281.28,100,282.18,200,IBM
2025-10-15,9:36:43.128599748,T,281.37,100,282.18,200,IBM
2025-10-15,9:36:43.136959672,T,281.43,100,282.18,200,IBM
2025-10-15,9:36:43.136969890,T,281.36,100,282.18,200,IBM
2025-10-15,9:36:43.136974721,T,281.43,100,282.18,200,IBM
2025-10-15,9:36:43.137170134,T,281.43,200,282.18,200,IBM
2025-10-15,9:36:43.141274906,T,281.43,100,282.18,200,IBM
2025-10-15,9:36:43.143229571,T,281.43,200,282.18,200,IBM
2025-10-15,9:36:43.176704741,T,281.43,100,282.18,200,IBM
2025-10-15,9:36:43.176709269,T,281.43,200,282.18,200,IBM
2025-10-15,9:36:43.180738816,T,281.43,100,282.18,200,IBM
2025-10-15,9:36:43.704325326,T,281.28,100,282.18,200,IBM
2025-10-15,9:36:44.346218614,T,281.27,100,282.18,200,IBM
2025-10-15,9:36:45.622256428,T,281.66,100,282.18,200,IBM
2025-10-15,9:36:46.188484485,T,281.66,200,282.18,200,IBM
2025-10-15,9:36:46.188745130,T,281.66,200,282.23,100,IBM
2025-10-15,9:36:46.188905510,T,281.69,100,282.23,100,IBM
2025-10-15,9:36:46.189216220,T,281.66,100,282.23,100,IBM
2025-10-15,9:36:46.189221253,T,281.69,100,282.23,100,IBM
2025-10-15,9:36:46.190754863,T,281.66,200,282.23,100,IBM
2025-10-15,9:36:46.194032686,T,281.69,100,282.23,100,IBM
2025-10-15,9:36:46.198904291,T,281.66,200,282.23,100,IBM
2025-10-15,9:36:46.200348146,T,281.66,100,282.23,100,IBM
2025-10-15,9:36:46.200348146,T,281.69,100,282.23,100,IBM
2025-10-15,9:36:46.201866350,T,281.66,200,282.23,100,IBM
2025-10-15,9:36:46.201891517,T,281.66,100,282.23,100,IBM
2025-10-15,9:36:47.589875766,T,281.66,200,282.23,100,IBM
2025-10-15,9:36:50.497187396,T,281.66,200,281.9,100,IBM
2025-10-15,9:36:50.497207443,T,281.66,200,282.23,100,IBM
2025-10-15,9:36:50.497267550,T,281.81,100,282.23,100,IBM
2025-10-15,9:36:50.507130983,T,281.66,100,282.23,100,IBM
2025-10-15,9:36:51.079563911,T,281.66,200,282.23,100,IBM
2025-10-15,9:36:51.079598963,T,281.72,100,282.23,100,IBM
2025-10-15,9:36:51.498235688,T,281.81,100,282.23,100,IBM
2025-10-15,9:36:52.098409402,T,281.72,100,282.23,100,IBM
2025-10-15,9:36:53.196413414,T,281.82,100,282.23,100,IBM
2025-10-15,9:36:56.177385294,T,281.82,100,282.17,100,IBM
2025-10-15,9:36:56.822877069,T,281.82,100,282.18,100,IBM
2025-10-15,9:36:59.575901278,T,281.82,100,282.23,100,IBM
2025-10-15,9:37:00.056159752,T,281.82,200,282.23,100,IBM
2025-10-15,9:37:00.057081751,T,281.82,100,282.23,100,IBM
2025-10-15,9:37:01.901217158,T,281.82,100,282.18,100,IBM
2025-10-15,9:37:04.957748783,T,281.82,100,282.12,100,IBM
2025-10-15,9:37:05.324536971,T,281.44,100,282.12,100,IBM
2025-10-15,9:37:05.879012061,T,281.64,200,282.12,100,IBM
2025-10-15,9:37:06.067570869,T,281.72,100,282.12,100,IBM
2025-10-15,9:37:09.663501704,T,281.81,200,282.12,100,IBM
2025-10-15,9:37:09.664298648,T,281.81,300,282.12,100,IBM
2025-10-15,9:37:14.963880393,T,281.72,100,282.12,100,IBM
2025-10-15,9:37:14.963900414,T,281.72,100,281.89,100,IBM
2025-10-15,9:37:14.964000675,T,281.72,100,282.0,100,IBM
2025-10-15,9:37:14.964020656,T,281.72,100,282.12,100,IBM
2025-10-15,9:37:14.964170992,T,281.72,100,282.12,200,IBM
2025-10-15,9:37:14.964211103,T,281.72,100,282.12,100,IBM
2025-10-15,9:37:14.964211103,T,281.72,100,282.12,200,IBM
2025-10-15,9:37:14.964241162,T,281.72,100,282.12,100,IBM
2025-10-15,9:37:14.989852204,T,281.27,100,282.12,100,IBM
2025-10-15,9:37:14.989872258,T,281.27,100,281.72,100,IBM
2025-10-15,9:37:14.990107776,T,281.27,100,282.02,100,IBM
2025-10-15,9:37:14.991225467,T,281.27,100,282.12,100,IBM
2025-10-15,9:37:14.996728557,T,281.67,100,282.12,100,IBM
2025-10-15,9:37:20.746817709,T,281.68,100,282.12,100,IBM
2025-10-15,9:37:20.756676274,T,281.67,100,282.12,100,IBM
2025-10-15,9:37:22.263052433,T,281.67,100,282.23,100,IBM
2025-10-15,9:37:24.314431194,T,281.68,100,282.23,100,IBM
2025-10-15,9:37:24.314651818,T,281.71,100,282.23,100,IBM
2025-10-15,9:37:24.314651818,T,281.69,100,282.23,100,IBM
2025-10-15,9:37:24.319002136,T,281.68,100,282.23,100,IBM
2025-10-15,9:37:24.332524315,T,281.67,100,282.23,100,IBM
2025-10-15,9:37:24.347880899,T,281.68,100,282.23,100,IBM
2025-10-15,9:37:25.719817092,T,281.45,200,282.23,100,IBM
2025-10-15,9:37:26.703845005,T,281.71,100,282.23,100,IBM
2025-10-15,9:37:27.001107605,T,281.72,100,282.23,100,IBM
2025-10-15,9:37:27.001107605,T,281.71,100,282.23,100,IBM
2025-10-15,9:37:27.001187783,T,281.81,100,282.23,100,IBM
2025-10-15,9:37:27.001202816,T,281.88,100,282.23,100,IBM
2025-10-15,9:37:27.001237973,T,281.99,100,282.23,100,IBM
2025-10-15,9:37:27.002115019,T,281.99,100,282.65,200,IBM
2025-10-15,9:37:27.002200264,T,282.0,100,282.65,200,IBM
2025-10-15,9:37:27.002375580,T,282.01,100,282.65,200,IBM
2025-10-15,9:37:27.002956969,T,282.0,100,282.65,200,IBM
2025-10-15,9:37:27.006660896,T,281.82,100,282.65,200,IBM
2025-10-15,9:37:27.012093767,T,281.81,100,282.65,200,IBM
2025-10-15,9:37:27.026808770,T,281.72,100,282.65,200,IBM
2025-10-15,9:37:27.027024355,T,281.72,200,282.65,200,IBM
2025-10-15,9:37:27.027054372,T,281.81,100,282.65,200,IBM
2025-10-15,9:37:27.052685448,T,281.72,100,282.65,200,IBM
2025-10-15,9:37:27.071700676,T,281.81,100,282.65,200,IBM
2025-10-15,9:37:27.101211058,T,281.72,100,282.65,200,IBM
2025-10-15,9:37:27.139722547,T,281.72,200,282.65,200,IBM
2025-10-15,9:37:27.776919478,T,281.72,100,282.65,200,IBM
2025-10-15,9:37:27.776924544,T,281.72,200,282.65,200,IBM
2025-10-15,9:37:27.776929499,T,281.81,100,282.65,200,IBM
2025-10-15,9:37:27.776974625,T,281.72,100,282.65,200,IBM
2025-10-15,9:37:27.777170082,T,281.71,100,282.65,200,IBM
2025-10-15,9:37:27.778042177,T,281.71,100,283.16,100,IBM
2025-10-15,9:37:27.778042177,T,281.71,100,282.99,200,IBM
2025-10-15,9:37:27.778909195,T,281.69,100,282.99,200,IBM
2025-10-15,9:37:27.967904263,T,281.57,200,282.99,200,IBM
2025-10-15,9:37:27.967959304,T,281.69,100,282.99,200,IBM
2025-10-15,9:37:27.991761051,T,281.72,100,282.99,200,IBM
2025-10-15,9:37:27.992603035,T,281.69,100,282.99,200,IBM
2025-10-15,9:37:27.992608051,T,281.72,100,282.99,200,IBM
2025-10-15,9:37:27.997745247,T,281.69,100,282.99,200,IBM
2025-10-15,9:37:27.998211399,T,281.72,100,282.99,200,IBM
2025-10-15,9:37:27.999860312,T,281.84,100,282.99,200,IBM
2025-10-15,9:37:28.507478715,T,281.69,100,282.99,200,IBM
2025-10-15,9:37:28.908333077,T,281.84,100,282.99,200,IBM
2025-10-15,9:37:29.907957890,T,281.85,100,282.99,200,IBM
2025-10-15,9:37:29.916994393,T,281.87,100,282.99,200,IBM
2025-10-15,9:37:30.902014495,T,281.85,100,282.99,200,IBM
2025-10-15,9:37:31.594242323,T,282.19,100,282.99,200,IBM
2025-10-15,9:37:31.969059609,T,282.24,100,282.99,200,IBM
2025-10-15,9:37:32.938116649,T,282.19,100,282.99,200,IBM
2025-10-15,9:37:32.938136644,T,282.19,100,282.24,100,IBM
2025-10-15,9:37:32.938367244,T,282.19,200,282.24,100,IBM
2025-10-15,9:37:32.938718090,T,282.19,200,282.98,100,IBM
2025-10-15,9:37:32.938738053,T,282.19,100,282.98,100,IBM
2025-10-15,9:37:32.938743174,T,282.2,100,282.98,100,IBM
2025-10-15,9:37:32.938743174,T,282.2,100,282.99,200,IBM
2025-10-15,9:37:32.938763215,T,282.24,100,282.99,200,IBM
2025-10-15,9:37:32.938833321,T,282.2,100,282.99,200,IBM
2025-10-15,9:37:32.938848321,T,282.24,100,282.99,200,IBM
2025-10-15,9:37:32.938853323,T,282.24,200,282.99,200,IBM
2025-10-15,9:37:32.938878389,T,282.25,100,282.99,200,IBM
2025-10-15,9:37:32.938878389,T,282.25,200,282.99,200,IBM
2025-10-15,9:37:32.941554792,T,282.25,100,282.99,200,IBM
2025-10-15,9:37:33.474047608,T,282.19,100,282.99,200,IBM
2025-10-15,9:37:33.474112884,T,282.19,100,282.78,100,IBM
2025-10-15,9:37:33.474117830,T,282.19,100,282.71,100,IBM
2025-10-15,9:37:33.474142873,T,282.19,100,282.7,100,IBM
2025-10-15,9:37:33.483986317,T,282.19,100,282.86,100,IBM
2025-10-15,9:37:33.574115907,T,282.19,100,282.99,200,IBM
2025-10-15,9:37:33.754390127,T,281.85,100,282.99,200,IBM
2025-10-15,9:37:33.755212030,T,282.19,100,282.99,200,IBM
2025-10-15,9:37:34.162120750,T,282.2,100,282.99,200,IBM
2025-10-15,9:37:40.065600123,T,282.2,100,282.52,100,IBM
2025-10-15,9:37:40.066021181,T,282.2,100,282.52,200,IBM
2025-10-15,9:37:40.681907507,T,282.2,100,282.52,100,IBM
2025-10-15,9:37:41.013938044,T,282.2,100,282.99,200,IBM
2025-10-15,9:37:41.661464817,T,282.2,100,282.52,100,IBM
2025-10-15,9:37:41.790707061,T,282.2,100,282.99,200,IBM
2025-10-15,9:37:43.202879173,T,282.38,100,282.99,200,IBM
2025-10-15,9:37:43.322057897,T,282.38,100,282.99,300,IBM
2025-10-15,9:37:43.346781741,T,282.38,100,282.9,100,IBM
2025-10-15,9:37:43.347067452,T,282.38,100,282.9,200,IBM
2025-10-15,9:37:43.347508422,T,282.38,100,282.9,300,IBM
2025-10-15,9:37:43.347929482,T,282.38,100,282.9,400,IBM
2025-10-15,9:37:43.426401317,T,282.38,100,282.9,300,IBM
2025-10-15,9:37:43.524635166,T,282.38,100,282.9,200,IBM
2025-10-15,9:37:45.074725420,T,282.6,100,282.9,200,IBM
2025-10-15,9:37:45.449186852,T,282.6,100,282.9,100,IBM
2025-10-15,9:37:46.252469261,T,282.6,100,283.24,200,IBM
2025-10-15,9:37:46.252574457,T,282.6,100,282.8,100,IBM
2025-10-15,9:37:46.253371486,T,282.6,100,283.24,200,IBM
2025-10-15,9:37:48.029404734,T,282.38,100,283.24,200,IBM
2025-10-15,9:37:48.030296852,T,282.38,100,283.24,300,IBM
2025-10-15,9:37:48.030331967,T,282.38,100,283.16,100,IBM
2025-10-15,9:37:48.030362064,T,282.38,100,283.24,300,IBM
2025-10-15,9:37:48.030397100,T,282.38,100,283.16,100,IBM
2025-10-15,9:37:48.030422156,T,282.38,100,283.24,300,IBM
2025-10-15,9:37:48.030457257,T,282.38,100,283.16,100,IBM
2025-10-15,9:37:48.034892858,T,282.38,100,283.05,100,IBM
2025-10-15,9:37:48.039328383,T,282.38,100,283.24,200,IBM
2025-10-15,9:37:48.838586201,T,282.38,100,283.24,300,IBM
2025-10-15,9:37:51.235908544,T,282.38,100,283.24,200,IBM
2025-10-15,9:37:52.519790008,T,282.39,100,283.24,200,IBM
2025-10-15,9:37:55.083819178,T,282.4,100,283.24,200,IBM
2025-10-15,9:37:56.004741657,T,282.4,100,283.16,100,IBM
2025-10-15,9:38:00.231624600,T,282.41,100,283.16,100,IBM
2025-10-15,9:38:00.829092088,T,282.41,100,283.24,200,IBM
2025-10-15,9:38:00.829137399,T,282.42,100,283.24,200,IBM
2025-10-15,9:38:00.829152132,T,282.48,100,283.24,200,IBM
2025-10-15,9:38:00.922479396,T,282.4,100,283.24,200,IBM
2025-10-15,9:38:01.192797865,T,282.41,100,283.24,200,IBM
2025-10-15,9:38:01.294845878,T,282.4,100,283.24,200,IBM
2025-10-15,9:38:01.472348550,T,282.41,100,283.24,200,IBM
2025-10-15,9:38:02.001207494,T,282.4,100,283.24,200,IBM
2025-10-15,9:38:02.362287192,T,282.41,100,283.24,200,IBM
2025-10-15,9:38:04.599488275,T,282.4,100,283.24,200,IBM
2025-10-15,9:38:04.599924325,T,282.42,100,283.24,200,IBM
2025-10-15,9:38:04.996543648,T,282.42,100,283.24,300,IBM
2025-10-15,9:38:04.996573678,T,282.4,100,283.24,300,IBM
2025-10-15,9:38:04.996573678,T,282.4,100,283.24,200,IBM
2025-10-15,9:38:05.376427974,T,282.42,100,283.24,200,IBM
2025-10-15,9:38:05.476826930,T,282.4,100,283.24,200,IBM
2025-10-15,9:38:06.084774314,T,282.42,100,283.24,200,IBM
2025-10-15,9:38:06.084774314,T,282.61,100,283.24,200,IBM
2025-10-15,9:38:06.084809301,T,282.62,100,283.24,200,IBM
2025-10-15,9:38:06.102706918,T,282.4,100,283.24,200,IBM
2025-10-15,9:38:06.383710865,T,282.4,200,283.24,200,IBM
2025-10-15,9:38:06.586493684,T,282.4,100,283.24,200,IBM
2025-10-15,9:38:06.591420395,T,282.5,100,283.24,200,IBM
2025-10-15,9:38:06.790273710,T,282.39,100,283.24,200,IBM
2025-10-15,9:38:08.357219061,T,282.51,100,283.24,200,IBM
2025-10-15,9:38:08.357579948,T,282.61,100,283.24,200,IBM
2025-10-15,9:38:08.366872120,T,282.39,100,283.24,200,IBM
2025-10-15,9:38:08.399319274,T,282.62,100,283.24,200,IBM
2025-10-15,9:38:09.248801733,T,282.62,100,282.9,100,IBM
2025-10-15,9:38:09.408030758,T,282.62,100,283.24,200,IBM
2025-10-15,9:38:11.318569356,T,282.75,100,283.24,200,IBM
2025-10-15,9:38:11.318890040,T,282.62,100,283.24,200,IBM
2025-10-15,9:38:11.319260904,T,282.62,100,282.87,100,IBM
2025-10-15,9:38:11.319797159,T,282.62,100,283.24,200,IBM
2025-10-15,9:38:11.321370904,T,282.63,100,283.24,200,IBM
2025-10-15,9:38:11.322343255,T,282.62,200,283.24,200,IBM
2025-10-15,9:38:11.331214395,T,282.62,100,283.24,200,IBM
2025-10-15,9:38:12.087915900,T,282.38,100,283.24,200,IBM
2025-10-15,9:38:12.087970998,T,282.38,100,283.24,300,IBM
2025-10-15,9:38:12.087981013,T,282.38,100,283.0,100,IBM
2025-10-15,9:38:12.087996001,T,282.38,100,282.99,100,IBM
2025-10-15,9:38:12.088171480,T,282.38,100,282.93,100,IBM
2025-10-15,9:38:12.088221689,T,282.38,100,282.75,100,IBM
2025-10-15,9:38:12.088792968,T,282.38,100,283.0,100,IBM
2025-10-15,9:38:12.098516047,T,282.38,100,283.19,100,IBM
2025-10-15,9:38:12.188109406,T,282.38,100,283.24,200,IBM
2025-10-15,9:38:12.212602705,T,282.38,100,283.24,300,IBM
2025-10-15,9:38:12.212637766,T,282.38,100,283.19,100,IBM
2025-10-15,9:38:12.215449525,T,282.38,100,283.1,100,IBM
2025-10-15,9:38:12.218607027,T,282.38,100,283.19,100,IBM
2025-10-15,9:38:12.219749700,T,282.38,100,283.24,200,IBM
2025-10-15,9:38:12.219885050,T,282.38,100,283.19,100,IBM
2025-10-15,9:38:12.237797704,T,282.38,100,283.24,300,IBM
2025-10-15,9:38:12.237822783,T,282.38,100,283.24,200,IBM
2025-10-15,9:38:12.901377495,T,282.48,100,283.24,200,IBM
2025-10-15,9:38:13.404545450,T,282.48,100,282.78,100,IBM
2025-10-15,9:38:13.404971351,T,282.48,100,282.78,200,IBM
2025-10-15,9:38:14.989463630,T,282.48,100,282.78,100,IBM
2025-10-15,9:38:14.989483658,T,282.48,100,283.0,100,IBM
2025-10-15,9:38:14.989694220,T,282.48,100,283.0,200,IBM
2025-10-15,9:38:14.989799394,T,282.48,100,283.0,100,IBM
2025-10-15,9:38:15.013450803,T,282.48,100,283.24,200,IBM
2025-10-15,9:38:16.552419555,T,282.38,100,283.24,200,IBM
2025-10-15,9:38:17.880456135,T,282.66,100,283.24,200,IBM
2025-10-15,9:38:27.411361523,T,282.82,100,283.24,200,IBM
2025-10-15,9:38:27.413787324,T,282.82,100,283.53,100,IBM
2025-10-15,9:38:27.413792316,T,282.82,100,283.46,200,IBM
2025-10-15,9:38:27.415391143,T,282.66,100,283.46,200,IBM
2025-10-15,9:38:27.625275845,T,282.84,100,283.46,200,IBM
2025-10-15,9:38:27.625696861,T,282.66,100,283.46,200,IBM
2025-10-15,9:38:27.625741909,T,282.66,100,283.44,100,IBM
2025-10-15,9:38:27.625772043,T,282.66,100,283.28,100,IBM
2025-10-15,9:38:27.625797074,T,282.66,100,283.24,100,IBM
2025-10-15,9:38:27.625822168,T,282.66,100,283.3,100,IBM
2025-10-15,9:38:27.626072736,T,282.66,100,283.0,100,IBM
2025-10-15,9:38:27.626107760,T,282.66,100,283.28,100,IBM
2025-10-15,9:38:27.626493751,T,282.66,100,283.0,100,IBM
2025-10-15,9:38:27.707466499,T,282.66,100,283.0,200,IBM
2025-10-15,9:38:27.928126835,T,282.66,200,283.0,200,IBM
2025-10-15,9:38:29.040640813,T,282.66,100,283.0,200,IBM
2025-10-15,9:38:30.791107838,T,282.66,100,283.0,300,IBM
2025-10-15,9:38:31.383488034,T,282.66,100,283.0,200,IBM
2025-10-15,9:38:35.379806947,T,282.66,100,282.99,100,IBM
2025-10-15,9:38:35.380313176,T,282.66,100,282.99,200,IBM
2025-10-15,9:38:35.380659016,T,282.66,100,282.99,300,IBM
2025-10-15,9:38:35.386527987,T,282.66,100,282.99,400,IBM
2025-10-15,9:38:35.947924544,T,282.66,100,282.99,300,IBM
2025-10-15,9:38:36.800193614,T,282.66,100,282.99,200,IBM
2025-10-15,9:38:36.931270705,T,282.66,200,282.99,200,IBM
2025-10-15,9:38:37.353631144,T,282.66,100,282.99,200,IBM
2025-10-15,9:38:38.762680724,T,282.71,100,282.99,200,IBM
2025-10-15,9:38:39.769677981,T,282.71,100,282.99,100,IBM
2025-10-15,9:38:39.769677981,T,282.71,100,283.28,100,IBM
2025-10-15,9:38:39.769703427,T,282.71,100,283.3,100,IBM
2025-10-15,9:38:39.769703427,T,282.71,100,283.46,200,IBM
2025-10-15,9:38:39.769718118,T,282.71,200,283.46,200,IBM
2025-10-15,9:38:39.769728165,T,282.72,100,283.46,200,IBM
2025-10-15,9:38:39.769753212,T,282.72,200,283.46,200,IBM
2025-10-15,9:38:39.769758264,T,282.72,100,283.46,200,IBM
2025-10-15,9:38:39.769758264,T,282.85,100,283.46,200,IBM
2025-10-15,9:38:39.770274492,T,282.84,100,283.46,200,IBM
2025-10-15,9:38:39.770389746,T,282.76,100,283.46,200,IBM
2025-10-15,9:38:39.770515315,T,282.76,100,283.44,100,IBM
2025-10-15,9:38:39.770580231,T,282.78,100,283.44,100,IBM
2025-10-15,9:38:39.770710469,T,282.72,100,283.44,100,IBM
2025-10-15,9:38:39.771161539,T,282.72,100,283.46,200,IBM
2025-10-15,9:38:39.786332719,T,282.78,100,283.46,200,IBM
2025-10-15,9:38:39.816594702,T,282.79,100,283.46,200,IBM
2025-10-15,9:38:39.816620154,T,282.72,100,283.46,200,IBM
2025-10-15,9:38:39.816624853,T,282.86,100,283.46,200,IBM
2025-10-15,9:38:39.816649910,T,282.8,100,283.46,200,IBM
2025-10-15,9:38:39.816675355,T,282.72,100,283.46,200,IBM
2025-10-15,9:38:39.816675355,T,282.8,100,283.46,200,IBM
2025-10-15,9:38:39.816810239,T,282.93,100,283.46,200,IBM
2025-10-15,9:38:39.816925501,T,282.93,100,283.44,100,IBM
2025-10-15,9:38:39.816940631,T,282.93,100,283.46,300,IBM
2025-10-15,9:38:39.817000701,T,282.72,100,283.46,300,IBM
2025-10-15,9:38:39.817075860,T,282.72,100,283.46,200,IBM
2025-10-15,9:38:39.870292649,T,282.71,100,283.46,200,IBM
2025-10-15,9:38:40.016565872,T,282.71,100,283.46,300,IBM
2025-10-15,9:38:40.130066188,T,282.71,100,283.46,200,IBM
2025-10-15,9:38:40.546698033,T,282.66,100,283.46,200,IBM
2025-10-15,9:38:41.002322722,T,282.66,100,283.54,100,IBM
2025-10-15,9:38:42.323763854,T,283.01,100,283.54,100,IBM
2025-10-15,9:38:42.462218156,T,283.01,100,283.63,100,IBM
2025-10-15,9:38:42.462218156,T,283.01,100,283.68,200,IBM
2025-10-15,9:38:42.462248331,T,283.02,100,283.68,200,IBM
2025-10-15,9:38:42.462679344,T,283.06,100,283.68,200,IBM
2025-10-15,9:38:42.463235582,T,283.02,100,283.68,200,IBM
2025-10-15,9:38:42.463260670,T,283.02,100,283.63,100,IBM
2025-10-15,9:38:42.463646617,T,283.01,100,283.63,100,IBM
2025-10-15,9:38:42.463646617,T,283.02,100,283.63,100,IBM
2025-10-15,9:38:42.463942302,T,283.02,100,283.53,100,IBM
2025-10-15,9:38:42.466698888,T,283.01,100,283.53,100,IBM
2025-10-15,9:38:42.581061127,T,283.01,100,283.54,100,IBM
2025-10-15,9:38:42.581086217,T,283.01,100,283.68,200,IBM
2025-10-15,9:38:42.868044328,T,283.01,200,283.68,200,IBM
2025-10-15,9:38:46.271521925,T,283.01,200,283.63,100,IBM
2025-10-15,9:38:46.646033514,T,283.01,200,283.46,100,IBM
2025-10-15,9:38:46.793850380,T,283.01,200,283.63,100,IBM
2025-10-15,9:38:51.441289703,T,283.01,200,283.46,100,IBM
2025-10-15,9:38:52.156442321,T,283.01,200,283.46,200,IBM
2025-10-15,9:38:52.164716967,T,283.01,200,283.45,100,IBM
2025-10-15,9:38:52.164716967,T,283.01,200,283.46,100,IBM
2025-10-15,9:38:52.167243060,T,283.01,200,283.46,200,IBM
2025-10-15,9:38:53.176149868,T,283.01,200,283.46,100,IBM
2025-10-15,9:38:53.401927342,T,283.01,200,283.46,200,IBM
2025-10-15,9:38:53.402052666,T,283.01,200,283.46,300,IBM
2025-10-15,9:38:53.952382918,T,283.01,200,283.46,400,IBM
2025-10-15,9:38:53.953555777,T,283.01,200,283.46,300,IBM
2025-10-15,9:38:54.113356144,T,283.01,200,283.46,400,IBM
2025-10-15,9:38:54.587550336,T,283.01,200,283.44,100,IBM
2025-10-15,9:38:54.587575122,T,283.01,200,283.43,100,IBM
2025-10-15,9:38:54.588407103,T,283.01,200,283.43,200,IBM
2025-10-15,9:38:54.588567474,T,283.01,200,283.43,100,IBM
2025-10-15,9:38:54.594546803,T,283.01,200,283.43,200,IBM
2025-10-15,9:38:54.618163018,T,283.01,200,283.43,300,IBM
2025-10-15,9:38:54.699967739,T,283.01,200,283.43,200,IBM
2025-10-15,9:38:55.274154718,T,283.01,200,283.43,100,IBM
2025-10-15,9:38:55.274385189,T,283.01,200,283.46,100,IBM
2025-10-15,9:38:55.274931512,T,283.01,200,283.46,200,IBM
2025-10-15,9:38:55.275222167,T,283.01,200,283.46,300,IBM
2025-10-15,9:38:55.851854998,T,283.01,100,283.46,300,IBM
2025-10-15,9:38:57.524888058,T,283.03,100,283.46,300,IBM
2025-10-15,9:38:57.677175723,T,283.03,100,283.46,400,IBM
2025-10-15,9:38:57.850668773,T,283.03,100,283.46,300,IBM
2025-10-15,9:38:58.733204775,T,283.03,100,283.46,200,IBM
2025-10-15,9:38:59.542516358,T,283.03,100,283.46,100,IBM
2025-10-15,9:39:04.251672464,T,283.03,200,283.46,100,IBM
2025-10-15,9:39:04.251672464,T,283.03,100,283.46,100,IBM
2025-10-15,9:39:04.251767650,T,283.03,100,283.53,100,IBM
2025-10-15,9:39:04.251792762,T,283.03,100,283.71,100,IBM
2025-10-15,9:39:04.251817861,T,283.03,200,283.71,100,IBM
2025-10-15,9:39:04.251882978,T,283.03,100,283.71,100,IBM
2025-10-15,9:39:04.251887989,T,283.03,100,283.63,100,IBM
2025-10-15,9:39:04.251923091,T,283.03,100,283.46,100,IBM
2025-10-15,9:39:04.252068367,T,283.03,100,283.46,200,IBM
2025-10-15,9:39:04.263580801,T,283.03,100,283.46,100,IBM
2025-10-15,9:39:04.421817466,T,283.03,100,283.44,100,IBM
2025-10-15,9:39:04.422028018,T,283.03,100,283.44,200,IBM
2025-10-15,9:39:05.105515171,T,283.03,100,283.44,300,IBM
2025-10-15,9:39:05.705062522,T,283.03,100,283.44,200,IBM
2025-10-15,9:39:09.845680114,T,283.03,100,283.44,100,IBM
2025-10-15,9:39:17.135575168,T,283.03,100,283.44,200,IBM
2025-10-15,9:39:17.842217535,T,283.03,100,283.44,300,IBM
2025-10-15,9:39:19.643260217,T,283.03,100,283.44,200,IBM
2025-10-15,9:39:19.643490786,T,283.03,100,283.44,100,IBM
2025-10-15,9:39:19.664104879,T,283.03,100,283.31,100,IBM
2025-10-15,9:39:19.664134965,T,283.03,100,283.44,100,IBM
2025-10-15,9:39:19.664174994,T,283.03,100,283.84,100,IBM
2025-10-15,9:39:19.664891683,T,283.03,100,283.87,100,IBM
2025-10-15,9:39:19.904126304,T,283.01,100,283.87,100,IBM
2025-10-15,9:39:21.338270704,T,283.25,100,283.87,100,IBM
2025-10-15,9:39:21.884160138,T,283.25,200,283.87,100,IBM
2025-10-15,9:39:21.885017252,T,283.25,200,283.79,100,IBM
2025-10-15,9:39:22.721664198,T,283.25,200,283.84,100,IBM
2025-10-15,9:39:22.721844639,T,283.25,200,283.91,200,IBM
2025-10-15,9:39:23.080779100,T,283.25,200,283.84,100,IBM
2025-10-15,9:39:23.507179104,T,283.25,100,283.84,100,IBM
2025-10-15,9:39:24.035306410,T,283.25,100,283.87,100,IBM
2025-10-15,9:39:25.598312574,T,283.26,100,283.87,100,IBM
2025-10-15,9:39:26.827659167,T,283.26,100,283.91,200,IBM
2025-10-15,9:39:27.134489655,T,283.26,100,283.53,100,IBM
2025-10-15,9:39:27.265446511,T,283.26,100,283.79,100,IBM
2025-10-15,9:39:31.400796586,T,283.26,100,283.84,100,IBM
2025-10-15,9:39:32.064717249,T,283.26,100,283.91,200,IBM
2025-10-15,9:39:32.064747280,T,283.26,200,283.91,200,IBM
2025-10-15,9:39:32.064757310,T,283.27,100,283.91,200,IBM
2025-10-15,9:39:32.064902612,T,283.37,100,283.91,200,IBM
2025-10-15,9:39:32.065098124,T,283.27,100,283.91,200,IBM
2025-10-15,9:39:32.065238408,T,283.26,100,283.91,200,IBM
2025-10-15,9:39:32.065363753,T,283.26,100,283.91,300,IBM
2025-10-15,9:39:32.069393381,T,283.26,100,283.91,200,IBM
2025-10-15,9:39:36.435958918,T,283.33,100,283.91,200,IBM
2025-10-15,9:39:36.436139421,T,283.33,100,283.49,100,IBM
2025-10-15,9:39:36.436961230,T,283.26,100,283.49,100,IBM
2025-10-15,9:39:36.437046420,T,283.26,100,283.33,100,IBM
2025-10-15,9:39:36.437066849,T,283.26,100,283.49,100,IBM
2025-10-15,9:39:36.438955960,T,283.26,100,283.49,200,IBM
2025-10-15,9:39:36.450288035,T,283.26,100,283.49,100,IBM
2025-10-15,9:39:36.464261231,T,283.26,100,283.49,200,IBM
2025-10-15,9:39:36.493841734,T,283.26,100,283.49,100,IBM
2025-10-15,9:39:36.494729034,T,283.01,100,283.49,100,IBM
2025-10-15,9:39:36.494844044,T,283.01,100,283.48,100,IBM
2025-10-15,9:39:36.494849049,T,283.01,100,283.49,100,IBM
2025-10-15,9:39:36.495014519,T,283.01,100,283.48,100,IBM
2025-10-15,9:39:36.495029476,T,283.01,100,283.49,100,IBM
2025-10-15,9:39:36.495074624,T,283.01,100,283.48,100,IBM
2025-10-15,9:39:36.495240161,T,283.01,100,283.49,100,IBM
2025-10-15,9:39:36.499956280,T,283.14,100,283.49,100,IBM
2025-10-15,9:39:36.507955242,T,283.25,100,283.49,100,IBM
2025-10-15,9:39:36.507985331,T,283.14,100,283.49,100,IBM
2025-10-15,9:39:36.507995381,T,283.25,100,283.49,100,IBM
2025-10-15,9:39:36.508025805,T,283.14,100,283.49,100,IBM
2025-10-15,9:39:36.508030497,T,283.25,100,283.49,100,IBM
2025-10-15,9:39:36.508045445,T,283.14,100,283.49,100,IBM
2025-10-15,9:39:36.522645200,T,283.14,100,283.48,100,IBM
2025-10-15,9:39:36.523191587,T,283.14,200,283.48,100,IBM
2025-10-15,9:39:36.590882721,T,283.14,200,283.42,100,IBM
2025-10-15,9:39:36.591303723,T,283.14,200,283.42,200,IBM
2025-10-15,9:39:36.654729716,T,283.14,200,283.42,100,IBM
2025-10-15,9:39:36.681292935,T,283.14,100,283.42,100,IBM
2025-10-15,9:39:36.681929432,T,283.14,200,283.42,100,IBM
2025-10-15,9:39:37.022224536,T,283.14,200,283.39,100,IBM
2025-10-15,9:39:37.029176115,T,283.14,200,283.39,200,IBM
2025-10-15,9:39:37.110013584,T,283.14,200,283.39,100,IBM
2025-10-15,9:39:40.593697146,T,283.14,200,283.37,100,IBM
2025-10-15,9:39:40.595526487,T,283.14,200,283.37,200,IBM
2025-10-15,9:39:40.596684193,T,283.14,200,283.37,300,IBM
2025-10-15,9:39:40.705984493,T,283.14,200,283.37,200,IBM
2025-10-15,9:39:40.995243142,T,283.14,200,283.36,100,IBM
2025-10-15,9:39:40.998721375,T,283.14,200,283.36,200,IBM
2025-10-15,9:39:41.211763593,T,283.14,200,283.36,100,IBM
2025-10-15,9:39:41.300875729,T,283.14,200,283.36,200,IBM
2025-10-15,9:39:41.616326773,T,283.14,200,283.36,300,IBM
2025-10-15,9:39:41.828321408,T,283.14,200,283.36,200,IBM
2025-10-15,9:39:41.881893927,T,283.14,200,283.36,100,IBM
2025-10-15,9:39:44.575752355,T,283.14,200,283.25,100,IBM
2025-10-15,9:39:44.576529157,T,283.14,200,283.25,200,IBM
2025-10-15,9:39:44.576569245,T,283.14,100,283.25,200,IBM
2025-10-15,9:39:44.576589329,T,283.01,100,283.25,200,IBM
2025-10-15,9:39:44.581611338,T,283.03,100,283.25,200,IBM
2025-10-15,9:39:44.589449979,T,283.03,100,283.25,100,IBM
2025-10-15,9:39:55.613229199,T,283.03,100,283.37,100,IBM
2025-10-15,9:39:55.615504634,T,283.03,100,283.49,100,IBM
2025-10-15,9:39:55.615529660,T,283.12,100,283.49,100,IBM
2025-10-15,9:39:55.615539781,T,283.03,100,283.49,100,IBM
2025-10-15,9:39:55.615544711,T,283.19,100,283.49,100,IBM
2025-10-15,9:39:55.616161218,T,283.03,100,283.49,100,IBM
2025-10-15,9:39:57.314449393,T,283.03,100,283.49,200,IBM
2025-10-15,9:39:58.707901796,T,283.03,100,283.49,300,IBM
2025-10-15,9:39:59.550066716,T,283.03,100,283.49,200,IBM
2025-10-15,9:40:00.119091390,T,283.03,100,283.49,300,IBM
2025-10-15,9:40:00.119121504,T,283.03,100,283.48,100,IBM
2025-10-15,9:40:00.128964842,T,283.03,100,283.49,100,IBM
2025-10-15,9:40:00.640913703,T,283.03,100,283.49,200,IBM
2025-10-15,9:40:02.024728135,T,283.03,100,283.49,100,IBM
2025-10-15,9:40:02.025249351,T,283.03,100,283.72,200,IBM
2025-10-15,9:40:02.060292802,T,283.03,100,283.53,100,IBM
2025-10-15,9:40:02.210365156,T,283.03,100,283.49,100,IBM
2025-10-15,9:40:02.594424440,T,283.03,100,283.53,100,IBM
2025-10-15,9:40:02.603245382,T,283.03,100,283.49,100,IBM
2025-10-15,9:40:02.603245382,T,283.03,100,283.53,100,IBM
2025-10-15,9:40:02.603305589,T,283.03,100,283.49,100,IBM
2025-10-15,9:40:02.817375202,T,283.03,100,283.53,100,IBM
2025-10-15,9:40:02.855917072,T,283.03,100,283.72,200,IBM
2025-10-15,9:40:03.907585600,T,283.03,100,283.53,100,IBM
2025-10-15,9:40:04.211830010,T,283.03,100,283.72,200,IBM
2025-10-15,9:40:06.109988984,T,283.01,100,283.72,200,IBM
2025-10-15,9:40:07.614039643,T,283.15,100,283.72,200,IBM
2025-10-15,9:40:08.041412130,T,283.15,100,283.72,300,IBM
2025-10-15,9:40:08.504990820,T,283.15,100,283.72,200,IBM
2025-10-15,9:40:12.806065175,T,283.15,100,283.4,100,IBM
2025-10-15,9:40:12.806275683,T,283.15,100,283.4,200,IBM
2025-10-15,9:40:13.011634580,T,283.15,100,283.4,100,IBM
2025-10-15,9:40:13.310240498,T,283.15,100,283.4,200,IBM
2025-10-15,9:40:13.780154244,T,283.15,100,283.4,300,IBM
2025-10-15,9:40:14.549150016,T,283.15,100,283.4,400,IBM
2025-10-15,9:40:14.599494870,T,283.15,100,283.4,300,IBM
2025-10-15,9:40:15.254003060,T,283.15,100,283.4,200,IBM
2025-10-15,9:40:15.561976282,T,283.15,100,283.4,100,IBM
2025-10-15,9:40:15.562537686,T,283.15,100,283.4,200,IBM
2025-10-15,9:40:15.562978754,T,283.01,100,283.4,200,IBM
2025-10-15,9:40:15.563008715,T,283.01,100,283.35,100,IBM
2025-10-15,9:40:15.564006083,T,283.01,100,283.4,200,IBM
2025-10-15,9:40:15.573298235,T,283.01,100,283.4,100,IBM
2025-10-15,9:40:15.599771267,T,282.88,100,283.4,100,IBM
2025-10-15,9:40:15.599781180,T,282.99,100,283.4,100,IBM
2025-10-15,9:40:15.599801240,T,282.88,100,283.4,100,IBM
2025-10-15,9:40:15.599951686,T,282.64,300,283.4,100,IBM
2025-10-15,9:40:15.599951686,T,282.64,200,283.4,100,IBM
2025-10-15,9:40:15.600041880,T,282.64,200,283.4,200,IBM
2025-10-15,9:40:15.600107041,T,282.64,200,283.4,100,IBM
2025-10-15,9:40:15.600477841,T,282.57,100,283.4,100,IBM
2025-10-15,9:40:15.601204575,T,282.44,300,283.4,100,IBM
2025-10-15,9:40:16.281824965,T,282.44,300,283.4,200,IBM
2025-10-15,9:40:16.281839983,T,282.44,300,283.08,100,IBM
2025-10-15,9:40:16.281850118,T,282.44,300,283.12,100,IBM
2025-10-15,9:40:16.281855015,T,282.44,300,283.0,100,IBM
2025-10-15,9:40:16.281975341,T,282.44,300,283.11,100,IBM
2025-10-15,9:40:16.281980354,T,282.44,300,283.0,100,IBM
2025-10-15,9:40:16.282010459,T,282.46,100,283.0,100,IBM
2025-10-15,9:40:16.282737132,T,282.46,100,283.08,100,IBM
2025-10-15,9:40:16.283057927,T,282.46,100,282.99,100,IBM
2025-10-15,9:40:16.288881841,T,282.44,300,282.99,100,IBM
2025-10-15,9:40:16.330345768,T,282.44,300,283.11,100,IBM
2025-10-15,9:40:16.330350564,T,282.44,300,282.99,100,IBM
2025-10-15,9:40:16.331553358,T,282.44,100,282.99,100,IBM
2025-10-15,9:40:16.334355075,T,282.44,100,283.11,100,IBM
2025-10-15,9:40:16.334380156,T,282.44,100,283.12,100,IBM
2025-10-15,9:40:16.335688234,T,282.44,100,283.11,100,IBM
2025-10-15,9:40:16.338444753,T,282.44,100,283.11,200,IBM
2025-10-15,9:40:16.381963356,T,282.44,100,283.11,100,IBM
2025-10-15,9:40:16.382755316,T,282.44,100,283.11,200,IBM
2025-10-15,9:40:16.383126175,T,282.44,100,283.11,100,IBM
2025-10-15,9:40:16.383923067,T,282.44,200,283.11,100,IBM
2025-10-15,9:40:17.034707303,T,282.66,100,283.11,100,IBM
2025-10-15,9:40:17.041318050,T,282.66,100,283.4,200,IBM
2025-10-15,9:40:19.028333609,T,282.66,100,283.4,100,IBM
2025-10-15,9:40:19.123490196,T,282.66,200,283.4,100,IBM
2025-10-15,9:40:19.261413538,T,282.66,100,283.4,100,IBM
2025-10-15,9:40:19.262045014,T,282.66,200,283.4,100,IBM
2025-10-15,9:40:22.004564168,T,282.66,200,283.4,200,IBM
2025-10-15,9:40:22.315318978,T,282.66,200,283.4,100,IBM
2025-10-15,9:40:24.737139662,T,282.66,200,283.4,200,IBM
2025-10-15,9:40:24.737165054,T,282.66,200,283.4,100,IBM
2025-10-15,9:40:24.737165054,T,282.66,200,283.4,200,IBM
2025-10-15,9:40:24.737204815,T,282.66,100,283.4,200,IBM
2025-10-15,9:40:24.737204815,T,282.66,100,283.23,100,IBM
2025-10-15,9:40:24.737214841,T,282.44,100,283.23,100,IBM
2025-10-15,9:40:24.737240072,T,282.44,100,283.04,100,IBM
2025-10-15,9:40:24.737254961,T,282.44,100,283.23,100,IBM
2025-10-15,9:40:24.737305039,T,282.44,100,283.4,100,IBM
2025-10-15,9:40:24.737305039,T,282.44,100,283.11,100,IBM
2025-10-15,9:40:24.737515495,T,282.44,100,283.11,200,IBM
2025-10-15,9:40:24.737615813,T,282.44,100,283.04,100,IBM
2025-10-15,9:40:24.738983992,T,282.38,100,283.04,100,IBM
2025-10-15,9:40:24.741625335,T,282.38,100,283.11,100,IBM
2025-10-15,9:40:24.741660441,T,282.39,100,283.11,100,IBM
2025-10-15,9:40:24.747504341,T,282.38,100,283.11,100,IBM
2025-10-15,9:40:24.747709764,T,282.38,100,283.4,200,IBM
2025-10-15,9:40:24.838125070,T,282.38,100,283.4,100,IBM
2025-10-15,9:40:26.238338522,T,282.44,100,283.4,100,IBM
2025-10-15,9:40:26.238348583,T,282.49,100,283.4,100,IBM
2025-10-15,9:40:26.238679307,T,282.58,100,283.4,100,IBM
2025-10-15,9:40:26.238965300,T,282.49,100,283.4,100,IBM
2025-10-15,9:40:26.238970073,T,282.49,100,283.4,200,IBM
2025-10-15,9:40:26.238980030,T,282.44,100,283.4,200,IBM
2025-10-15,9:40:26.238990109,T,282.44,100,283.33,100,IBM
2025-10-15,9:40:26.239000165,T,282.44,100,283.23,100,IBM
2025-10-15,9:40:26.239005101,T,282.44,100,282.97,100,IBM
2025-10-15,9:40:26.239010087,T,282.44,100,282.92,100,IBM
2025-10-15,9:40:26.239010087,T,282.44,100,282.9,100,IBM
2025-10-15,9:40:26.239025113,T,282.44,100,282.81,100,IBM
2025-10-15,9:40:26.239220663,T,282.45,100,282.81,100,IBM
2025-10-15,9:40:26.239240703,T,282.44,100,282.81,100,IBM
2025-10-15,9:40:26.239345914,T,282.38,200,282.81,100,IBM
2025-10-15,9:40:26.239506260,T,282.38,100,282.81,100,IBM
2025-10-15,9:40:26.239591523,T,282.38,100,282.73,100,IBM
2025-10-15,9:40:26.473077413,T,282.39,100,282.73,100,IBM
2025-10-15,9:40:29.675646843,T,282.39,100,282.72,100,IBM
2025-10-15,9:40:29.779604346,T,282.39,100,282.63,100,IBM
2025-10-15,9:40:33.206232190,T,282.39,100,283.23,100,IBM
2025-10-15,9:40:33.206252237,T,282.39,100,283.4,100,IBM
2025-10-15,9:40:33.206322516,T,282.43,100,283.4,100,IBM
2025-10-15,9:40:33.206332456,T,282.39,100,283.4,100,IBM
2025-10-15,9:40:33.206357508,T,282.39,100,283.23,100,IBM
2025-10-15,9:40:33.206357508,T,282.39,100,283.13,100,IBM
2025-10-15,9:40:33.206372596,T,282.39,100,283.03,100,IBM
2025-10-15,9:40:33.206382860,T,282.39,100,282.92,100,IBM
2025-10-15,9:40:33.206387621,T,282.39,100,282.63,100,IBM
2025-10-15,9:40:33.206738467,T,282.39,100,282.63,200,IBM
2025-10-15,9:40:33.209169189,T,282.39,100,282.63,100,IBM
2025-10-15,9:40:33.337775362,T,282.39,100,282.63,200,IBM
2025-10-15,9:40:34.244965067,T,282.39,100,282.63,100,IBM
2025-10-15,9:40:36.317173367,T,282.39,100,282.63,200,IBM
2025-10-15,9:40:37.327784380,T,282.39,100,282.63,100,IBM
2025-10-15,9:40:41.499471209,T,282.39,100,282.93,100,IBM
2025-10-15,9:40:41.499476901,T,282.39,100,283.25,300,IBM
2025-10-15,9:40:41.499476901,T,282.39,100,283.25,200,IBM
2025-10-15,9:40:41.499506143,T,282.43,100,283.25,200,IBM
2025-10-15,9:40:41.499716409,T,282.39,100,283.25,200,IBM
2025-10-15,9:40:41.499716409,T,282.51,100,283.25,200,IBM
2025-10-15,9:40:41.499897076,T,282.39,200,283.25,200,IBM
2025-10-15,9:40:41.499916904,T,282.39,100,283.25,200,IBM
2025-10-15,9:40:41.500117424,T,282.39,100,283.23,100,IBM
2025-10-15,9:40:41.500282736,T,282.39,100,283.13,100,IBM
2025-10-15,9:40:41.507048846,T,282.39,100,283.03,100,IBM
2025-10-15,9:40:41.507058918,T,282.39,100,282.85,100,IBM
2025-10-15,9:40:41.507114010,T,282.39,100,282.92,100,IBM
2025-10-15,9:40:41.600055281,T,282.39,100,283.13,100,IBM
2025-10-15,9:40:42.019689280,T,282.39,100,283.25,300,IBM
2025-10-15,9:40:42.604847438,T,282.39,100,283.25,200,IBM
2025-10-15,9:40:42.681525012,T,282.39,200,283.25,200,IBM
2025-10-15,9:40:42.744900896,T,282.39,200,283.23,100,IBM
2025-10-15,9:40:42.750584368,T,282.39,200,283.2,100,IBM
2025-10-15,9:40:42.756453410,T,282.39,200,283.23,100,IBM
2025-10-15,9:40:42.987042372,T,282.39,100,283.23,100,IBM
2025-10-15,9:40:42.987097435,T,282.56,100,283.23,100,IBM
2025-10-15,9:40:43.012277386,T,282.56,100,283.13,100,IBM
2025-10-15,9:40:44.117278100,T,282.61,100,283.13,100,IBM
2025-10-15,9:40:45.160195900,T,282.61,100,283.23,100,IBM
2025-10-15,9:40:45.160221038,T,282.74,100,283.23,100,IBM
2025-10-15,9:40:45.160792383,T,282.76,100,283.23,100,IBM
2025-10-15,9:40:45.160912911,T,282.74,100,283.23,100,IBM
2025-10-15,9:40:45.161093130,T,282.74,100,283.25,200,IBM
2025-10-15,9:40:45.161218399,T,282.67,100,283.25,200,IBM
2025-10-15,9:40:45.161223466,T,282.62,100,283.25,200,IBM
2025-10-15,9:40:45.163423595,T,282.62,100,283.43,100,IBM
2025-10-15,9:40:45.163453692,T,282.62,100,283.47,200,IBM
2025-10-15,9:40:45.163634151,T,282.62,100,283.43,100,IBM
2025-10-15,9:40:45.170094507,T,282.61,100,283.43,100,IBM
2025-10-15,9:40:45.170315083,T,282.61,100,283.43,200,IBM
2025-10-15,9:40:45.177938141,T,282.61,100,283.43,100,IBM
2025-10-15,9:40:45.177953169,T,282.61,100,283.47,200,IBM
2025-10-15,9:40:45.327900226,T,282.61,100,283.42,100,IBM
2025-10-15,9:40:45.328110720,T,282.61,100,283.42,200,IBM
2025-10-15,9:40:45.328697101,T,282.61,100,283.42,100,IBM
2025-10-15,9:40:45.329047919,T,282.61,100,283.4,100,IBM
2025-10-15,9:40:45.334871784,T,282.61,100,283.42,100,IBM
2025-10-15,9:40:45.419914302,T,282.61,100,283.47,200,IBM
2025-10-15,9:40:45.712265302,T,282.61,100,283.42,100,IBM
2025-10-15,9:40:45.955118418,T,282.61,100,283.42,200,IBM
2025-10-15,9:40:45.959353470,T,282.61,100,283.33,100,IBM
2025-10-15,9:40:45.969728142,T,282.61,100,283.33,200,IBM
2025-10-15,9:40:46.472460040,T,282.61,100,283.33,100,IBM
2025-10-15,9:40:47.658764250,T,282.61,100,283.33,200,IBM
2025-10-15,9:40:48.315542824,T,282.61,100,283.0,100,IBM
2025-10-15,9:40:48.315587888,T,282.61,100,282.99,100,IBM
2025-10-15,9:40:48.315768312,T,282.61,100,282.87,100,IBM
2025-10-15,9:40:48.319261715,T,282.38,100,282.87,100,IBM
2025-10-15,9:40:48.319286886,T,282.38,100,282.99,100,IBM
2025-10-15,9:40:48.319291705,T,282.38,100,282.87,100,IBM
2025-10-15,9:40:48.319306803,T,282.38,100,282.86,100,IBM
2025-10-15,9:40:48.319306803,T,282.38,100,282.81,100,IBM
2025-10-15,9:40:48.319316813,T,282.38,100,282.81,200,IBM
2025-10-15,9:40:48.319336800,T,282.38,100,282.74,100,IBM
2025-10-15,9:40:48.329180280,T,282.38,100,282.81,200,IBM
2025-10-15,9:40:48.330844217,T,282.38,100,282.74,100,IBM
2025-10-15,9:40:52.741710241,T,282.38,100,282.74,200,IBM
2025-10-15,9:40:53.125398743,T,282.04,200,282.74,200,IBM
2025-10-15,9:40:53.125428818,T,282.04,200,282.56,100,IBM
2025-10-15,9:40:53.126080382,T,282.04,200,282.55,100,IBM
2025-10-15,9:40:53.126080382,T,282.04,200,282.56,100,IBM
2025-10-15,9:40:53.130525944,T,282.04,200,282.58,100,IBM
2025-10-15,9:40:53.133558146,T,282.04,200,282.72,100,IBM
2025-10-15,9:40:53.135297300,T,282.04,200,282.83,100,IBM
2025-10-15,9:40:53.170275544,T,282.04,200,282.74,100,IBM
2025-10-15,9:40:53.225572175,T,282.04,200,282.89,200,IBM
2025-10-15,9:40:53.311175944,T,282.04,200,282.89,100,IBM
2025-10-15,9:40:53.991355357,T,282.31,100,282.89,100,IBM
2025-10-15,9:40:59.320612803,T,282.31,100,282.93,100,IBM
2025-10-15,9:40:59.320647820,T,282.31,100,283.0,100,IBM
2025-10-15,9:40:59.777179634,T,282.31,100,282.74,100,IBM
2025-10-15,9:41:01.443090807,T,282.31,100,282.56,100,IBM
2025-10-15,9:41:03.153262003,T,282.04,200,282.56,100,IBM
2025-10-15,9:41:03.153272022,T,282.04,200,282.56,200,IBM
2025-10-15,9:41:03.153282031,T,282.04,200,282.55,100,IBM
2025-10-15,9:41:03.153317195,T,282.04,200,282.44,100,IBM
2025-10-15,9:41:03.157476994,T,282.04,200,282.44,200,IBM
2025-10-15,9:41:03.157502052,T,282.04,200,282.44,100,IBM
2025-10-15,9:41:03.157502052,T,282.04,200,282.44,200,IBM
2025-10-15,9:41:03.157827871,T,282.04,200,282.44,100,IBM
2025-10-15,9:41:03.158865347,T,282.04,200,282.55,100,IBM
2025-10-15,9:41:03.159657235,T,282.04,200,282.56,100,IBM
2025-10-15,9:41:03.160464156,T,281.32,100,282.56,100,IBM
2025-10-15,9:41:03.160474184,T,281.67,200,282.56,100,IBM
2025-10-15,9:41:03.160494191,T,281.67,200,282.55,100,IBM
2025-10-15,9:41:03.177900630,T,281.67,200,282.56,100,IBM
2025-10-15,9:41:03.178101249,T,281.7,100,282.56,100,IBM
2025-10-15,9:41:03.179399217,T,281.7,100,282.56,200,IBM
2025-10-15,9:41:03.180211194,T,281.7,100,282.55,100,IBM
2025-10-15,9:41:03.183884878,T,281.67,200,282.55,100,IBM
2025-10-15,9:41:03.253280070,T,281.67,200,282.56,100,IBM
2025-10-15,9:41:07.626281143,T,281.67,200,282.63,100,IBM
2025-10-15,9:41:07.626306220,T,281.67,200,282.74,100,IBM
2025-10-15,9:41:07.633648699,T,281.67,200,282.63,100,IBM
2025-10-15,9:41:07.811341707,T,281.67,200,282.43,100,IBM
2025-10-15,9:41:07.811341707,T,281.67,200,282.63,100,IBM
2025-10-15,9:41:07.812389229,T,281.67,200,282.74,100,IBM
2025-10-15,9:41:07.816513981,T,281.67,200,282.63,100,IBM
2025-10-15,9:41:08.019837980,T,281.67,200,282.74,100,IBM
2025-10-15,9:41:08.022303878,T,281.67,200,282.63,100,IBM
2025-10-15,9:41:08.777401479,T,281.67,200,282.74,100,IBM
2025-10-15,9:41:08.777446660,T,281.67,200,282.56,100,IBM
2025-10-15,9:41:08.777471685,T,281.67,200,282.74,100,IBM
2025-10-15,9:41:08.777476662,T,281.67,200,282.56,100,IBM
2025-10-15,9:41:08.778604408,T,281.67,200,282.63,100,IBM
2025-10-15,9:41:08.778629393,T,281.67,200,282.74,100,IBM
2025-10-15,9:41:08.779145679,T,281.67,200,282.63,100,IBM
2025-10-15,9:41:09.019848621,T,281.67,200,282.74,100,IBM
2025-10-15,9:41:09.020425080,T,281.67,200,282.63,100,IBM
2025-10-15,9:41:09.243290678,T,281.67,200,282.74,100,IBM
2025-10-15,9:41:09.243922170,T,281.67,200,282.63,100,IBM
2025-10-15,9:41:09.629264601,T,281.67,200,282.74,100,IBM
2025-10-15,9:41:09.634206742,T,281.67,300,282.74,100,IBM
2025-10-15,9:41:09.634241450,T,282.02,100,282.74,100,IBM
2025-10-15,9:41:09.634241450,T,281.76,100,282.74,100,IBM
2025-10-15,9:41:09.634426874,T,281.67,300,282.74,100,IBM
2025-10-15,9:41:09.634592256,T,281.67,200,282.74,100,IBM
2025-10-15,9:41:09.680606797,T,281.67,200,282.83,100,IBM
2025-10-15,9:41:09.682461407,T,281.67,200,282.93,100,IBM
2025-10-15,9:41:09.682466207,T,281.67,200,282.83,100,IBM
2025-10-15,9:41:09.686505843,T,281.67,200,282.93,100,IBM
2025-10-15,9:41:09.687783915,T,281.67,200,282.83,100,IBM
2025-10-15,9:41:09.703461167,T,281.67,300,282.83,100,IBM
2025-10-15,9:41:09.705180315,T,281.67,200,282.83,100,IBM
2025-10-15,9:41:09.705180315,T,281.76,100,282.83,100,IBM
2025-10-15,9:41:09.705205587,T,281.76,100,282.93,100,IBM
2025-10-15,9:41:09.705215353,T,281.76,100,282.74,100,IBM
2025-10-15,9:41:09.705440931,T,281.67,300,282.74,100,IBM
2025-10-15,9:41:09.705480962,T,281.67,200,282.74,100,IBM
2025-10-15,9:41:09.705942140,T,281.67,200,282.83,100,IBM
2025-10-15,9:41:09.705947089,T,281.67,300,282.83,100,IBM
2025-10-15,9:41:09.705967211,T,281.67,300,282.93,100,IBM
2025-10-15,9:41:09.708618482,T,281.67,300,282.74,100,IBM
2025-10-15,9:41:09.708628540,T,281.76,100,282.74,100,IBM
2025-10-15,9:41:09.708663597,T,281.79,100,282.74,100,IBM
2025-10-15,9:41:09.708703618,T,281.86,100,282.74,100,IBM
2025-10-15,9:41:09.724340945,T,282.07,100,282.74,100,IBM
2025-10-15,9:41:09.724371016,T,282.07,100,282.93,100,IBM
2025-10-15,9:41:09.726751672,T,282.07,100,282.74,100,IBM
2025-10-15,9:41:09.726791679,T,282.07,100,282.73,100,IBM
2025-10-15,9:41:09.726811769,T,282.07,100,282.74,100,IBM
2025-10-15,9:41:09.726826835,T,282.07,100,282.73,100,IBM
2025-10-15,9:41:09.726907012,T,282.07,100,282.74,100,IBM
2025-10-15,9:41:09.726972155,T,282.07,100,282.73,100,IBM
2025-10-15,9:41:09.726987191,T,282.07,100,282.74,100,IBM
2025-10-15,9:41:09.727032342,T,282.07,100,282.73,100,IBM
2025-10-15,9:41:09.727042490,T,282.07,100,282.74,100,IBM
2025-10-15,9:41:09.727062368,T,282.07,100,282.73,100,IBM
2025-10-15,9:41:09.727092504,T,282.07,100,282.83,100,IBM
2025-10-15,9:41:09.727102474,T,282.07,100,282.74,100,IBM
2025-10-15,9:41:09.727122499,T,282.07,100,282.83,100,IBM
2025-10-15,9:41:09.727127490,T,282.07,100,282.93,100,IBM
2025-10-15,9:41:09.727162591,T,282.07,100,282.83,100,IBM
2025-10-15,9:41:09.727232799,T,282.07,100,282.74,100,IBM
2025-10-15,9:41:09.727232799,T,282.07,100,282.83,100,IBM
2025-10-15,9:41:09.727247832,T,282.07,100,282.93,100,IBM
2025-10-15,9:41:09.727277867,T,282.07,100,282.83,100,IBM
2025-10-15,9:41:09.727287898,T,282.07,100,282.73,100,IBM
2025-10-15,9:41:09.727312989,T,282.07,100,282.74,100,IBM
2025-10-15,9:41:09.727323319,T,282.07,100,282.73,100,IBM
2025-10-15,9:41:09.727333192,T,282.07,100,282.74,100,IBM
2025-10-15,9:41:09.727378112,T,282.07,100,282.73,100,IBM
2025-10-15,9:41:09.727403143,T,282.07,100,282.74,100,IBM
2025-10-15,9:41:09.727408242,T,282.07,100,282.73,100,IBM
2025-10-15,9:41:09.727533512,T,282.07,100,282.74,100,IBM
2025-10-15,9:41:09.727598698,T,282.07,100,282.93,100,IBM
2025-10-15,9:41:09.730285092,T,282.07,100,282.83,100,IBM
