DATE,TIME_M,EX,BID,BIDSIZ,ASK,ASKSIZ,SYM_ROOT
2025-10-13,9:30:01.177292761,T,279.5,100,282.0,100,IBM
2025-10-13,9:30:01.188339055,T,279.5,100,281.5,100,IBM
2025-10-13,9:30:01.192348660,T,279.5,100,282.0,100,IBM
2025-10-13,9:30:01.194950038,T,279.5,100,281.5,100,IBM
2025-10-13,9:30:01.198969409,T,279.5,100,282.0,100,IBM
2025-10-13,9:30:01.208647477,T,279.5,100,281.5,100,IBM
2025-10-13,9:30:01.214175659,T,279.5,100,282.0,100,IBM
2025-10-13,9:30:01.282347980,T,279.5,100,281.5,100,IBM
2025-10-13,9:30:01.305523133,T,279.5,100,282.0,100,IBM
2025-10-13,9:30:01.311773012,T,279.5,100,281.5,100,IBM
2025-10-13,9:30:01.311918306,T,279.5,100,282.0,100,IBM
2025-10-13,9:30:01.733903058,T,279.5,200,282.0,100,IBM
2025-10-13,9:30:02.294422601,T,279.8,100,282.0,100,IBM
2025-10-13,9:30:02.294818281,T,279.8,100,281.5,100,IBM
2025-10-13,9:30:02.294853429,T,279.8,100,282.0,100,IBM
2025-10-13,9:30:02.607111731,T,279.81,100,282.0,100,IBM
2025-10-13,9:30:02.875475586,T,279.8,100,282.0,100,IBM
2025-10-13,9:30:03.293064747,T,279.8,100,282.0,600,IBM
2025-10-13,9:30:03.295134579,T,279.8,100,281.0,100,IBM
2025-10-13,9:30:04.001912137,T,279.5,100,281.0,100,IBM
2025-10-13,9:30:04.860861923,T,279.5,200,281.0,100,IBM
2025-10-13,9:30:04.884443139,T,279.5,100,281.0,100,IBM
2025-10-13,9:30:05.364355601,T,279.5,200,281.0,100,IBM
2025-10-13,9:30:05.689193966,T,279.5,100,281.0,100,IBM
2025-10-13,9:30:06.645365267,T,279.81,100,281.0,100,IBM
2025-10-13,9:30:06.784852303,T,279.5,100,281.0,100,IBM
2025-10-13,9:30:06.802825213,T,279.82,100,281.0,100,IBM
2025-10-13,9:30:06.942587807,T,279.5,100,281.0,100,IBM
2025-10-13,9:30:06.944838290,T,279.5,200,281.0,100,IBM
2025-10-13,9:30:07.073208789,T,279.5,100,281.0,100,IBM
2025-10-13,9:30:07.091487300,T,279.5,200,281.0,100,IBM
2025-10-13,9:30:07.194693089,T,279.5,100,281.0,100,IBM
2025-10-13,9:30:07.234863642,T,279.5,200,281.0,100,IBM
2025-10-13,9:30:07.520934760,T,279.5,100,281.0,100,IBM
2025-10-13,9:30:07.521185373,T,279.5,200,281.0,100,IBM
2025-10-13,9:30:07.676374894,T,279.5,100,281.0,100,IBM
2025-10-13,9:30:07.718800811,T,279.82,100,281.0,100,IBM
2025-10-13,9:30:07.843181996,T,279.5,100,281.0,100,IBM
2025-10-13,9:30:08.181336928,T,279.5,200,281.0,100,IBM
2025-10-13,9:30:11.237216953,T,279.5,100,281.0,100,IBM
2025-10-13,9:30:11.497301162,T,279.5,100,280.5,300,IBM
2025-10-13,9:30:15.665083214,T,279.5,200,280.5,300,IBM
2025-10-13,9:30:15.679016437,T,279.5,100,280.5,300,IBM
2025-10-13,9:30:20.278907089,T,279.82,100,280.5,300,IBM
2025-10-13,9:30:26.288679433,T,279.82,100,281.5,100,IBM
2025-10-13,9:30:29.256063707,T,279.5,100,281.5,100,IBM
2025-10-13,9:30:30.475637094,T,279.5,100,281.0,100,IBM
2025-10-13,9:30:30.477396190,T,279.5,200,281.0,100,IBM
2025-10-13,9:30:30.575625082,T,279.5,200,281.5,100,IBM
2025-10-13,9:30:30.769316162,T,279.82,100,281.5,100,IBM
2025-10-13,9:30:36.935195042,T,279.5,100,281.5,100,IBM
2025-10-13,9:30:47.768670768,T,279.5,100,281.0,100,IBM
2025-10-13,9:30:47.768720780,T,279.5,100,280.96,100,IBM
2025-10-13,9:30:47.768755847,T,279.5,100,280.49,100,IBM
2025-10-13,9:30:47.769021564,T,279.5,100,280.5,100,IBM
2025-10-13,9:30:47.769648053,T,279.5,100,280.74,100,IBM
2025-10-13,9:30:47.781566391,T,279.5,100,280.8,100,IBM
2025-10-13,9:30:47.869054704,T,279.5,100,280.96,100,IBM
2025-10-13,9:30:47.869084692,T,279.5,100,281.0,100,IBM
2025-10-13,9:30:53.502987326,T,279.5,100,280.96,100,IBM
2025-10-13,9:30:53.507021845,T,279.5,100,281.0,100,IBM
2025-10-13,9:30:58.132829125,T,279.5,100,280.96,100,IBM
2025-10-13,9:30:58.132839151,T,279.5,100,280.8,100,IBM
2025-10-13,9:30:58.132849186,T,279.5,100,280.75,100,IBM
2025-10-13,9:30:58.132869531,T,279.5,100,280.49,100,IBM
2025-10-13,9:30:58.133295239,T,279.5,100,280.49,200,IBM
2025-10-13,9:30:58.133305303,T,279.5,100,280.49,300,IBM
2025-10-13,9:30:58.133405478,T,279.5,100,280.49,400,IBM
2025-10-13,9:30:58.133480732,T,279.5,100,280.49,500,IBM
2025-10-13,9:30:58.142702612,T,279.5,100,280.49,400,IBM
2025-10-13,9:30:58.143639839,T,279.5,100,280.49,300,IBM
2025-10-13,9:30:58.241106881,T,279.5,100,280.49,200,IBM
2025-10-13,9:30:59.051761848,T,279.5,300,280.49,200,IBM
2025-10-13,9:31:00.005462350,T,279.5,400,280.49,200,IBM
2025-10-13,9:31:02.663765688,T,279.5,200,280.49,200,IBM
2025-10-13,9:31:03.166978693,T,279.5,300,280.49,200,IBM
2025-10-13,9:31:03.929975086,T,279.5,200,280.49,200,IBM
2025-10-13,9:31:06.203693220,T,279.5,100,280.49,200,IBM
2025-10-13,9:31:09.735606171,T,279.5,300,280.49,200,IBM
2025-10-13,9:31:13.675515872,T,279.5,100,280.49,200,IBM
2025-10-13,9:31:14.409097242,T,279.5,200,280.49,200,IBM
2025-10-13,9:31:15.373658564,T,279.5,300,280.49,200,IBM
2025-10-13,9:31:15.827714464,T,280.0,100,280.49,200,IBM
2025-10-13,9:31:15.827739455,T,279.5,300,280.49,200,IBM
2025-10-13,9:31:15.827839758,T,279.5,400,280.49,200,IBM
2025-10-13,9:31:15.828842151,T,279.5,400,280.49,100,IBM
2025-10-13,9:31:15.829127772,T,279.5,400,280.65,300,IBM
2025-10-13,9:31:15.829248107,T,279.5,400,280.65,200,IBM
2025-10-13,9:31:15.829303180,T,279.51,100,280.65,200,IBM
2025-10-13,9:31:15.830766641,T,279.55,100,280.65,200,IBM
2025-10-13,9:31:15.830796815,T,279.75,100,280.65,200,IBM
2025-10-13,9:31:15.833894156,T,279.55,100,280.65,200,IBM
2025-10-13,9:31:17.781801679,T,279.5,200,280.65,200,IBM
2025-10-13,9:31:18.321606667,T,279.55,200,280.65,200,IBM
2025-10-13,9:31:19.720907761,T,279.5,200,280.65,200,IBM
2025-10-13,9:31:24.246326131,T,279.55,200,280.65,200,IBM
2025-10-13,9:31:24.402583106,T,279.55,300,280.65,200,IBM
2025-10-13,9:31:30.521404823,T,279.55,100,280.65,200,IBM
2025-10-13,9:31:30.521590345,T,279.88,100,280.65,200,IBM
2025-10-13,9:31:30.521595306,T,279.55,100,280.65,200,IBM
2025-10-13,9:31:30.521600316,T,279.89,100,280.65,200,IBM
2025-10-13,9:31:30.522567625,T,279.81,100,280.65,200,IBM
2025-10-13,9:31:30.523925930,T,279.81,100,280.96,100,IBM
2025-10-13,9:31:30.523950934,T,279.81,100,280.98,200,IBM
2025-10-13,9:31:30.523986045,T,279.81,100,280.98,300,IBM
2025-10-13,9:31:30.531463818,T,279.71,200,280.98,300,IBM
2025-10-13,9:31:30.531930369,T,279.71,200,280.98,200,IBM
2025-10-13,9:31:30.531960086,T,279.81,100,280.98,200,IBM
2025-10-13,9:31:30.532000443,T,279.89,100,280.98,200,IBM
2025-10-13,9:31:30.532000443,T,279.9,100,280.98,200,IBM
2025-10-13,9:31:30.532205877,T,280.01,100,280.98,200,IBM
2025-10-13,9:31:30.532210605,T,280.09,100,280.98,200,IBM
2025-10-13,9:31:30.532406120,T,280.19,100,280.98,200,IBM
2025-10-13,9:31:30.533864582,T,280.09,100,280.98,200,IBM
2025-10-13,9:31:30.536580990,T,280.01,100,280.98,200,IBM
2025-10-13,9:31:30.595671701,T,280.19,100,280.98,200,IBM
2025-10-13,9:31:30.595671701,T,280.01,100,280.98,200,IBM
2025-10-13,9:31:30.595882169,T,280.19,100,280.98,200,IBM
2025-10-13,9:31:30.597240368,T,280.19,100,281.24,100,IBM
2025-10-13,9:31:30.605630371,T,280.19,100,281.0,100,IBM
2025-10-13,9:31:31.683541521,T,280.19,100,281.0,200,IBM
2025-10-13,9:31:33.953675984,T,280.19,300,281.0,200,IBM
2025-10-13,9:31:33.956327308,T,280.19,300,281.0,100,IBM
2025-10-13,9:31:34.404263685,T,280.19,400,281.0,100,IBM
2025-10-13,9:31:34.771172211,T,280.19,500,281.0,100,IBM
2025-10-13,9:31:38.586881189,T,280.19,300,281.0,100,IBM
2025-10-13,9:31:47.515261654,T,280.19,400,281.0,100,IBM
2025-10-13,9:31:50.152089088,T,280.19,300,281.0,100,IBM
2025-10-13,9:31:52.133140246,T,280.19,200,281.0,100,IBM
2025-10-13,9:31:53.359725306,T,280.19,300,281.0,100,IBM
2025-10-13,9:31:57.697767669,T,280.19,200,281.0,100,IBM
2025-10-13,9:31:59.224246650,T,280.19,300,281.0,100,IBM
2025-10-13,9:32:00.085587193,T,280.19,300,281.0,200,IBM
2025-10-13,9:32:02.789614524,T,280.19,300,281.0,300,IBM
2025-10-13,9:32:02.819756332,T,280.19,300,281.0,200,IBM
2025-10-13,9:32:03.528388247,T,280.19,200,281.0,200,IBM
2025-10-13,9:32:03.529104996,T,280.19,300,281.0,200,IBM
2025-10-13,9:32:03.529130052,T,280.5,100,281.0,200,IBM
2025-10-13,9:32:04.393487800,T,280.5,200,281.0,200,IBM
2025-10-13,9:32:08.949123132,T,280.5,100,281.0,200,IBM
2025-10-13,9:32:08.957342732,T,280.75,100,281.0,200,IBM
2025-10-13,9:32:09.078907136,T,280.18,200,281.0,200,IBM
2025-10-13,9:32:09.078972284,T,280.18,200,280.99,100,IBM
2025-10-13,9:32:09.079909460,T,280.18,200,281.0,200,IBM
2025-10-13,9:32:09.079999695,T,280.18,200,280.99,100,IBM
2025-10-13,9:32:09.080175142,T,280.19,100,280.99,100,IBM
2025-10-13,9:32:09.080210238,T,280.19,100,281.0,200,IBM
2025-10-13,9:32:09.080305402,T,280.19,300,281.0,200,IBM
2025-10-13,9:32:09.080310491,T,280.19,400,281.0,200,IBM
2025-10-13,9:32:10.298310112,T,280.19,200,281.0,200,IBM
2025-10-13,9:32:10.298310112,T,280.19,100,281.0,200,IBM
2025-10-13,9:32:10.298310112,T,280.3,100,281.0,200,IBM
2025-10-13,9:32:10.298335208,T,280.3,300,281.0,200,IBM
2025-10-13,9:32:19.060986077,T,280.5,100,281.0,200,IBM
2025-10-13,9:32:19.061006191,T,280.5,200,281.0,200,IBM
2025-10-13,9:32:19.061031132,T,280.5,400,281.0,200,IBM
2025-10-13,9:32:22.347159379,T,280.5,500,281.0,200,IBM
2025-10-13,9:32:22.347179455,T,280.74,100,281.0,200,IBM
2025-10-13,9:32:22.347209494,T,280.74,400,281.0,200,IBM
2025-10-13,9:32:23.170960854,T,280.74,100,281.0,200,IBM
2025-10-13,9:32:23.170965592,T,280.81,100,281.0,200,IBM
2025-10-13,9:32:23.170985545,T,280.81,300,281.0,200,IBM
2025-10-13,9:32:24.578922387,T,280.81,200,281.0,200,IBM
2025-10-13,9:32:24.578922387,T,280.5,100,281.0,200,IBM
2025-10-13,9:32:24.579203188,T,280.5,100,280.99,100,IBM
2025-10-13,9:32:24.579598989,T,280.5,100,281.0,200,IBM
2025-10-13,9:32:29.032294208,T,280.32,200,281.0,200,IBM
2025-10-13,9:32:29.054336700,T,280.55,100,281.0,200,IBM
2025-10-13,9:32:29.403573159,T,280.32,200,281.0,200,IBM
2025-10-13,9:32:29.403573159,T,280.32,200,280.94,100,IBM
2025-10-13,9:32:29.403783609,T,280.32,200,280.94,200,IBM
2025-10-13,9:32:29.403994082,T,280.32,200,280.94,300,IBM
2025-10-13,9:32:29.408494808,T,279.5,200,280.94,300,IBM
2025-10-13,9:32:29.408504860,T,280.1,200,280.94,300,IBM
2025-10-13,9:32:29.432918019,T,280.1,200,280.94,200,IBM
2025-10-13,9:32:29.433148528,T,280.1,200,280.94,100,IBM
2025-10-13,9:32:29.433424132,T,280.1,200,280.93,100,IBM
2025-10-13,9:32:29.433634657,T,280.1,200,280.93,200,IBM
2025-10-13,9:32:29.433845226,T,280.1,200,280.93,300,IBM
2025-10-13,9:32:30.006588593,T,280.1,200,280.93,200,IBM
2025-10-13,9:32:30.006995105,T,280.1,100,280.93,200,IBM
2025-10-13,9:32:30.007019631,T,279.5,200,280.93,200,IBM
2025-10-13,9:32:30.007054716,T,279.5,200,280.36,100,IBM
2025-10-13,9:32:30.007596017,T,279.82,100,280.36,100,IBM
2025-10-13,9:32:30.010167473,T,279.82,100,280.62,100,IBM
2025-10-13,9:32:30.010167473,T,280.02,100,280.62,100,IBM
2025-10-13,9:32:30.017875451,T,280.02,200,280.62,100,IBM
2025-10-13,9:32:30.107102912,T,280.02,200,280.96,200,IBM
2025-10-13,9:32:31.394327409,T,280.02,100,280.96,200,IBM
2025-10-13,9:32:31.394327409,T,279.8,200,280.96,200,IBM
2025-10-13,9:32:31.394357596,T,279.8,200,280.83,100,IBM
2025-10-13,9:32:31.394362485,T,279.8,200,280.24,100,IBM
2025-10-13,9:32:31.394918749,T,279.8,200,280.16,100,IBM
2025-10-13,9:32:31.394943799,T,279.8,200,280.24,100,IBM
2025-10-13,9:32:31.394943799,T,279.8,200,280.16,100,IBM
2025-10-13,9:32:31.398738029,T,279.5,100,280.16,100,IBM
2025-10-13,9:32:31.399138855,T,279.5,200,280.16,100,IBM
2025-10-13,9:32:31.404225978,T,279.5,200,280.96,200,IBM
2025-10-13,9:32:31.404977675,T,279.5,200,280.89,100,IBM
2025-10-13,9:32:31.409157701,T,279.5,100,280.89,100,IBM
2025-10-13,9:32:31.471155262,T,279.5,100,280.96,200,IBM
2025-10-13,9:32:32.526006592,T,279.5,100,281.0,100,IBM
2025-10-13,9:32:32.526011520,T,279.5,100,280.73,200,IBM
2025-10-13,9:32:32.769471087,T,279.5,200,280.73,200,IBM
2025-10-13,9:32:35.058730905,T,279.5,300,280.73,200,IBM
2025-10-13,9:32:35.429854420,T,279.5,400,280.73,200,IBM
2025-10-13,9:32:35.429889484,T,279.51,100,280.73,200,IBM
2025-10-13,9:32:35.429929561,T,279.51,200,280.73,200,IBM
2025-10-13,9:32:35.431844148,T,279.66,200,280.73,200,IBM
2025-10-13,9:32:35.432640966,T,279.66,300,280.73,200,IBM
2025-10-13,9:32:35.437437407,T,279.66,400,280.73,200,IBM
2025-10-13,9:32:35.437442456,T,279.96,100,280.73,200,IBM
2025-10-13,9:32:35.437457467,T,279.66,400,280.73,200,IBM
2025-10-13,9:32:35.437462436,T,280.01,100,280.73,200,IBM
2025-10-13,9:32:35.438530013,T,279.66,400,280.73,200,IBM
2025-10-13,9:32:35.447310988,T,279.66,300,280.73,200,IBM
2025-10-13,9:32:35.592361290,T,279.66,100,280.73,200,IBM
2025-10-13,9:32:35.592371335,T,279.83,200,280.73,200,IBM
2025-10-13,9:32:35.593158159,T,279.83,300,280.73,200,IBM
2025-10-13,9:32:36.612038668,T,279.83,200,280.73,200,IBM
2025-10-13,9:32:52.867367084,T,279.83,200,280.62,100,IBM
2025-10-13,9:32:52.871737443,T,279.83,200,280.73,200,IBM
2025-10-13,9:32:58.710076460,T,280.13,100,280.73,200,IBM
2025-10-13,9:33:02.776126671,T,279.63,100,280.73,200,IBM
2025-10-13,9:33:02.776126671,T,279.62,200,280.73,200,IBM
2025-10-13,9:33:02.776176569,T,279.62,200,280.5,100,IBM
2025-10-13,9:33:02.776176569,T,279.62,200,280.37,100,IBM
2025-10-13,9:33:02.776216538,T,279.62,200,280.42,100,IBM
2025-10-13,9:33:02.777244070,T,279.88,100,280.42,100,IBM
2025-10-13,9:33:02.777269038,T,279.62,200,280.42,100,IBM
2025-10-13,9:33:02.796935863,T,279.62,200,280.42,200,IBM
2025-10-13,9:33:02.819785275,T,279.62,200,280.42,100,IBM
2025-10-13,9:33:02.876254725,T,279.62,200,280.58,300,IBM
2025-10-13,9:33:04.385026524,T,279.62,200,280.5,100,IBM
2025-10-13,9:33:04.385071678,T,279.62,200,280.42,100,IBM
2025-10-13,9:33:04.385121937,T,279.62,200,280.35,100,IBM
2025-10-13,9:33:04.385242080,T,279.62,200,280.27,100,IBM
2025-10-13,9:33:04.385302209,T,279.62,200,280.35,100,IBM
2025-10-13,9:33:04.385337356,T,279.62,200,280.35,200,IBM
2025-10-13,9:33:04.385998852,T,279.65,100,280.35,200,IBM
2025-10-13,9:33:04.386008865,T,279.65,100,280.35,100,IBM
2025-10-13,9:33:04.386028960,T,279.62,200,280.35,100,IBM
2025-10-13,9:33:04.386054037,T,279.62,200,280.35,200,IBM
2025-10-13,9:33:04.386089046,T,279.62,200,280.35,100,IBM
2025-10-13,9:33:04.386921119,T,279.65,100,280.35,100,IBM
2025-10-13,9:33:04.395757124,T,279.65,100,280.5,100,IBM
2025-10-13,9:33:07.483748573,T,279.65,100,280.42,100,IBM
2025-10-13,9:33:10.282235689,T,279.65,100,280.39,200,IBM
2025-10-13,9:33:10.282265822,T,279.65,100,280.39,300,IBM
2025-10-13,9:33:10.282345929,T,279.65,100,280.35,100,IBM
2025-10-13,9:33:21.896565406,T,279.65,100,280.23,200,IBM
2025-10-13,9:33:22.004998621,T,279.66,100,280.23,200,IBM
2025-10-13,9:33:24.158003947,T,279.66,100,279.92,100,IBM
2025-10-13,9:33:24.775724698,T,279.65,100,279.92,100,IBM
2025-10-13,9:33:24.775754689,T,279.61,100,279.92,100,IBM
2025-10-13,9:33:33.772913914,T,279.5,200,279.92,100,IBM
2025-10-13,9:33:33.772989003,T,279.5,100,279.92,100,IBM
2025-10-13,9:33:33.773019129,T,279.5,100,279.92,200,IBM
2025-10-13,9:33:33.773039133,T,279.5,100,279.91,100,IBM
2025-10-13,9:33:33.773134431,T,279.5,100,279.87,100,IBM
2025-10-13,9:33:33.773154428,T,279.5,100,279.8,100,IBM
2025-10-13,9:33:33.773896187,T,279.5,100,279.91,100,IBM
2025-10-13,9:33:33.773951326,T,279.5,100,279.8,100,IBM
2025-10-13,9:33:33.805290995,T,279.5,100,279.91,100,IBM
2025-10-13,9:33:33.875292579,T,279.5,100,279.92,100,IBM
2025-10-13,9:33:34.831293602,T,279.5,100,280.0,100,IBM
2025-10-13,9:33:47.086103234,T,279.5,100,280.07,200,IBM
2025-10-13,9:33:47.086163285,T,279.5,200,280.07,200,IBM
2025-10-13,9:33:47.086193436,T,279.54,100,280.07,200,IBM
2025-10-13,9:33:47.086398887,T,279.54,100,279.8,100,IBM
2025-10-13,9:33:47.086484096,T,279.54,100,279.73,100,IBM
2025-10-13,9:33:47.086494126,T,279.51,100,279.73,100,IBM
2025-10-13,9:33:47.086514236,T,279.51,100,279.8,100,IBM
2025-10-13,9:33:47.086529221,T,279.5,200,279.8,100,IBM
2025-10-13,9:33:47.086554318,T,279.5,200,280.07,200,IBM
2025-10-13,9:33:47.086619394,T,279.51,100,280.07,200,IBM
2025-10-13,9:33:47.096492966,T,279.5,200,280.07,200,IBM
2025-10-13,9:33:47.119046644,T,279.5,100,280.07,200,IBM
2025-10-13,9:33:57.125818976,T,279.5,100,279.8,300,IBM
2025-10-13,9:34:00.492293230,T,279.5,100,279.8,100,IBM
2025-10-13,9:34:00.492308286,T,279.5,100,280.07,200,IBM
2025-10-13,9:34:00.492333372,T,279.79,100,280.07,200,IBM
2025-10-13,9:34:00.492508813,T,279.8,100,280.07,200,IBM
2025-10-13,9:34:00.492694233,T,279.8,400,280.07,200,IBM
2025-10-13,9:34:00.492914734,T,279.8,300,280.07,200,IBM
2025-10-13,9:34:00.494653882,T,279.8,300,280.41,100,IBM
2025-10-13,9:34:00.494663881,T,279.8,300,280.37,200,IBM
2025-10-13,9:34:01.262326715,T,279.5,100,280.37,200,IBM
2025-10-13,9:34:04.288906642,T,279.5,100,280.37,300,IBM
2025-10-13,9:34:20.334786288,T,279.5,100,280.37,100,IBM
2025-10-13,9:34:21.349136292,T,279.5,200,280.37,100,IBM
2025-10-13,9:34:21.396498967,T,279.5,100,280.37,100,IBM
2025-10-13,9:34:21.601537112,T,279.5,200,280.37,100,IBM
2025-10-13,9:34:22.385358068,T,279.5,100,280.37,100,IBM
2025-10-13,9:34:22.436590086,T,279.5,200,280.37,100,IBM
2025-10-13,9:34:23.374217050,T,279.5,100,280.37,100,IBM
2025-10-13,9:34:23.383494139,T,279.5,200,280.37,100,IBM
2025-10-13,9:34:23.538047052,T,279.5,200,280.36,100,IBM
2025-10-13,9:34:24.363071204,T,279.5,100,280.36,100,IBM
2025-10-13,9:34:24.396144955,T,279.5,200,280.36,100,IBM
2025-10-13,9:34:25.351925302,T,279.5,100,280.36,100,IBM
2025-10-13,9:34:25.410194050,T,279.5,200,280.36,100,IBM
2025-10-13,9:34:26.340609015,T,279.5,100,280.36,100,IBM
2025-10-13,9:34:26.367087063,T,279.5,200,280.36,100,IBM
2025-10-13,9:34:26.793767849,T,279.59,200,280.36,100,IBM
2025-10-13,9:34:28.015370994,T,279.59,200,280.33,100,IBM
2025-10-13,9:34:28.016172908,T,279.59,200,280.33,200,IBM
2025-10-13,9:34:28.603902079,T,279.59,200,280.33,300,IBM
2025-10-13,9:34:28.604954569,T,279.59,200,280.33,200,IBM
2025-10-13,9:34:28.604954569,T,279.59,200,280.33,300,IBM
2025-10-13,9:34:30.093403149,T,279.59,200,280.26,100,IBM
2025-10-13,9:34:30.260911938,T,279.93,100,280.26,100,IBM
2025-10-13,9:34:30.295865155,T,279.59,200,280.26,100,IBM
2025-10-13,9:34:32.186506029,T,279.59,200,280.33,200,IBM
2025-10-13,9:34:36.036541576,T,279.59,200,280.33,100,IBM
2025-10-13,9:34:36.377413024,T,279.59,200,280.33,200,IBM
2025-10-13,9:34:36.377423067,T,279.59,200,280.32,100,IBM
2025-10-13,9:34:36.387286527,T,279.59,200,280.33,200,IBM
2025-10-13,9:34:39.287470896,T,279.59,200,280.32,100,IBM
2025-10-13,9:34:39.287686404,T,279.59,200,280.25,100,IBM
2025-10-13,9:34:39.291721017,T,279.59,200,280.29,100,IBM
2025-10-13,9:34:39.291826294,T,279.59,200,280.32,200,IBM
2025-10-13,9:34:39.292342553,T,279.59,200,280.32,300,IBM
2025-10-13,9:34:39.292467790,T,279.59,200,280.29,100,IBM
2025-10-13,9:34:39.295018868,T,279.59,200,280.32,300,IBM
2025-10-13,9:34:39.297960951,T,279.59,200,280.32,200,IBM
2025-10-13,9:34:39.298296693,T,279.59,200,280.32,300,IBM
2025-10-13,9:34:39.298381892,T,279.59,200,280.32,200,IBM
2025-10-13,9:34:39.307759247,T,279.59,200,280.32,300,IBM
2025-10-13,9:34:53.114127483,T,279.59,200,280.32,200,IBM
2025-10-13,9:34:53.114222563,T,279.59,200,280.25,100,IBM
2025-10-13,9:34:53.115114713,T,279.59,200,280.25,200,IBM
2025-10-13,9:34:53.115736182,T,279.59,200,280.25,300,IBM
2025-10-13,9:34:53.148023095,T,279.59,200,280.25,200,IBM
2025-10-13,9:34:54.117315435,T,279.59,200,280.2,100,IBM
2025-10-13,9:34:55.513669651,T,279.59,200,280.2,200,IBM
2025-10-13,9:34:55.891749765,T,279.59,200,280.2,100,IBM
2025-10-13,9:34:58.498530722,T,279.59,200,280.2,400,IBM
2025-10-13,9:35:01.851101885,T,279.59,200,280.19,100,IBM
2025-10-13,9:35:02.781441813,T,279.59,200,280.14,100,IBM
2025-10-13,9:35:08.130410881,T,279.59,200,280.14,200,IBM
2025-10-13,9:35:10.166147259,T,279.59,200,280.14,100,IBM
2025-10-13,9:35:10.422733058,T,279.59,200,280.1,100,IBM
2025-10-13,9:35:10.423154120,T,279.59,200,280.1,200,IBM
2025-10-13,9:35:10.643684021,T,279.59,200,280.1,100,IBM
2025-10-13,9:35:13.136683807,T,279.59,200,280.0,100,IBM
2025-10-13,9:35:13.137104830,T,279.59,200,280.0,200,IBM
2025-10-13,9:35:13.137320388,T,279.59,200,279.93,100,IBM
2025-10-13,9:35:13.137631127,T,279.59,200,279.87,100,IBM
2025-10-13,9:35:13.137771404,T,279.5,100,279.87,100,IBM
2025-10-13,9:35:13.146537238,T,279.5,100,280.0,100,IBM
2025-10-13,9:35:13.146557493,T,279.68,100,280.0,100,IBM
2025-10-13,9:35:13.146732744,T,279.68,200,280.0,100,IBM
2025-10-13,9:35:13.147108647,T,279.68,200,280.19,100,IBM
2025-10-13,9:35:13.147188833,T,279.68,200,280.2,100,IBM
2025-10-13,9:35:13.150802443,T,279.68,100,280.2,100,IBM
2025-10-13,9:35:13.150977831,T,279.51,100,280.2,100,IBM
2025-10-13,9:35:13.151007986,T,279.5,200,280.2,100,IBM
2025-10-13,9:35:13.246911265,T,279.5,100,280.2,100,IBM
2025-10-13,9:35:14.571259220,T,279.5,100,280.25,100,IBM
2025-10-13,9:35:15.279089334,T,279.5,100,280.28,200,IBM
2025-10-13,9:35:19.613081810,T,279.5,100,280.25,100,IBM
2025-10-13,9:35:19.614014055,T,279.5,100,280.2,100,IBM
2025-10-13,9:35:19.645263518,T,279.5,100,280.25,100,IBM
2025-10-13,9:35:22.015065100,T,279.5,200,280.25,100,IBM
2025-10-13,9:35:22.015090194,T,279.51,100,280.25,100,IBM
2025-10-13,9:35:22.015090194,T,279.8,100,280.25,100,IBM
2025-10-13,9:35:22.015100170,T,279.8,100,280.28,300,IBM
2025-10-13,9:35:22.015105211,T,279.93,100,280.28,300,IBM
2025-10-13,9:35:22.015125240,T,279.93,100,280.28,200,IBM
2025-10-13,9:35:22.015420977,T,279.93,200,280.28,200,IBM
2025-10-13,9:35:22.015641794,T,279.95,100,280.28,200,IBM
2025-10-13,9:35:22.015676508,T,279.95,100,280.35,100,IBM
2025-10-13,9:35:22.015706657,T,279.95,100,280.42,300,IBM
2025-10-13,9:35:22.015907076,T,279.95,100,280.42,200,IBM
2025-10-13,9:35:22.016192767,T,279.97,100,280.42,200,IBM
2025-10-13,9:35:22.017385657,T,279.93,100,280.42,200,IBM
2025-10-13,9:35:22.025484903,T,279.53,100,280.42,200,IBM
2025-10-13,9:35:22.025515013,T,279.52,100,280.42,200,IBM
2025-10-13,9:35:22.091968204,T,279.51,100,280.42,200,IBM
2025-10-13,9:35:22.102638520,T,279.5,200,280.42,200,IBM
2025-10-13,9:35:22.102738746,T,279.52,100,280.42,200,IBM
2025-10-13,9:35:22.115168334,T,279.5,200,280.42,200,IBM
2025-10-13,9:35:22.645886824,T,279.5,100,280.42,200,IBM
2025-10-13,9:35:23.015496729,T,279.5,100,280.42,300,IBM
2025-10-13,9:35:23.016188400,T,279.5,100,280.38,100,IBM
2025-10-13,9:35:23.016218409,T,279.5,100,280.42,300,IBM
2025-10-13,9:35:23.117995690,T,279.5,100,280.25,100,IBM
2025-10-13,9:35:27.070590533,T,279.5,100,280.25,200,IBM
2025-10-13,9:35:27.144566667,T,279.5,100,280.25,100,IBM
2025-10-13,9:35:29.406737018,T,279.5,100,280.25,200,IBM
2025-10-13,9:35:30.657735085,T,279.5,100,280.12,100,IBM
2025-10-13,9:35:30.657945551,T,279.5,100,280.12,200,IBM
2025-10-13,9:35:30.658156107,T,279.5,100,280.12,300,IBM
2025-10-13,9:35:30.658627238,T,279.5,100,280.12,400,IBM
2025-10-13,9:35:30.667989467,T,279.5,100,280.12,300,IBM
2025-10-13,9:35:30.668164985,T,279.5,100,280.12,200,IBM
2025-10-13,9:35:30.734763528,T,279.5,100,280.12,100,IBM
2025-10-13,9:35:31.682539759,T,279.5,100,280.17,100,IBM
2025-10-13,9:35:31.682564837,T,279.5,100,280.25,200,IBM
2025-10-13,9:35:31.895301312,T,279.5,200,280.25,200,IBM
2025-10-13,9:35:31.896639466,T,279.5,200,280.08,100,IBM
2025-10-13,9:35:32.107666894,T,279.5,200,280.25,200,IBM
2025-10-13,9:35:32.403095314,T,279.68,100,280.25,200,IBM
2025-10-13,9:35:32.557131981,T,279.68,100,280.08,100,IBM
2025-10-13,9:35:32.593694002,T,279.5,200,280.08,100,IBM
2025-10-13,9:35:33.683759094,T,279.5,200,280.25,200,IBM
2025-10-13,9:35:35.575923631,T,279.5,100,280.25,200,IBM
2025-10-13,9:35:35.652601248,T,279.5,200,280.25,200,IBM
2025-10-13,9:35:36.549441206,T,279.5,100,280.25,200,IBM
2025-10-13,9:35:36.567704682,T,279.5,200,280.25,200,IBM
2025-10-13,9:35:37.324476264,T,279.68,100,280.25,200,IBM
2025-10-13,9:35:37.335627877,T,279.5,200,280.25,200,IBM
2025-10-13,9:35:37.538119864,T,279.5,100,280.25,200,IBM
2025-10-13,9:35:37.619974766,T,279.5,200,280.25,200,IBM
2025-10-13,9:35:38.526978989,T,279.5,100,280.25,200,IBM
2025-10-13,9:35:38.581368494,T,279.5,200,280.25,200,IBM
2025-10-13,9:35:39.515828245,T,279.5,100,280.25,200,IBM
2025-10-13,9:35:39.561211400,T,279.5,100,280.11,100,IBM
2025-10-13,9:35:39.654117546,T,279.5,200,280.11,100,IBM
2025-10-13,9:35:40.504682525,T,279.5,100,280.11,100,IBM
2025-10-13,9:35:40.603227021,T,279.5,200,280.11,100,IBM
2025-10-13,9:35:40.954267794,T,279.5,200,280.25,200,IBM
2025-10-13,9:35:41.096005228,T,279.5,200,280.25,100,IBM
2025-10-13,9:35:41.493536565,T,279.5,100,280.25,100,IBM
2025-10-13,9:35:41.684240592,T,279.5,200,280.25,100,IBM
2025-10-13,9:35:42.482390720,T,279.5,100,280.25,100,IBM
2025-10-13,9:35:42.511459941,T,279.5,200,280.25,100,IBM
2025-10-13,9:35:42.753050170,T,279.5,100,280.25,100,IBM
2025-10-13,9:35:42.797921904,T,279.5,200,280.25,100,IBM
2025-10-13,9:35:43.471244878,T,279.5,100,280.25,100,IBM
2025-10-13,9:35:43.960644896,T,279.5,200,280.25,100,IBM
2025-10-13,9:35:44.460098971,T,279.5,100,280.25,100,IBM
2025-10-13,9:35:44.495242576,T,279.5,200,280.25,100,IBM
2025-10-13,9:35:45.448958078,T,279.5,100,280.25,100,IBM
2025-10-13,9:35:45.651234658,T,279.5,200,280.25,100,IBM
2025-10-13,9:35:45.653615245,T,279.56,100,280.25,100,IBM
2025-10-13,9:35:45.653655329,T,279.78,100,280.25,100,IBM
2025-10-13,9:35:45.653966097,T,279.79,100,280.25,100,IBM
2025-10-13,9:35:45.653966097,T,279.8,100,280.25,100,IBM
2025-10-13,9:35:45.653981211,T,279.84,100,280.25,100,IBM
2025-10-13,9:35:45.654016220,T,279.85,100,280.25,100,IBM
2025-10-13,9:35:45.654286851,T,279.88,100,280.25,100,IBM
2025-10-13,9:35:45.654722872,T,279.92,100,280.25,100,IBM
2025-10-13,9:35:45.654742916,T,279.93,100,280.25,100,IBM
2025-10-13,9:35:45.654752998,T,280.04,100,280.25,100,IBM
2025-10-13,9:35:45.654788081,T,279.97,100,280.25,100,IBM
2025-10-13,9:35:45.654798144,T,279.92,100,280.25,100,IBM
2025-10-13,9:35:45.654798144,T,279.93,100,280.25,100,IBM
2025-10-13,9:35:45.655750388,T,279.92,100,280.25,100,IBM
2025-10-13,9:35:45.656356861,T,279.92,100,280.27,200,IBM
2025-10-13,9:35:45.656417019,T,279.93,100,280.27,200,IBM
2025-10-13,9:35:45.656472280,T,279.93,100,280.5,100,IBM
2025-10-13,9:35:45.656477530,T,279.93,100,280.55,100,IBM
2025-10-13,9:35:45.656507206,T,280.06,100,280.55,100,IBM
2025-10-13,9:35:45.656507206,T,280.24,100,280.55,100,IBM
2025-10-13,9:35:45.656517243,T,280.24,100,280.62,100,IBM
2025-10-13,9:35:45.656552389,T,280.08,100,280.62,100,IBM
2025-10-13,9:35:45.656577338,T,280.08,100,280.9,100,IBM
2025-10-13,9:35:45.656612470,T,280.08,100,280.63,100,IBM
2025-10-13,9:35:45.656652888,T,280.06,100,280.63,100,IBM
2025-10-13,9:35:45.656722726,T,280.06,100,280.58,100,IBM
2025-10-13,9:35:45.656742776,T,280.06,100,280.5,100,IBM
2025-10-13,9:35:45.656777846,T,280.06,100,280.55,100,IBM
2025-10-13,9:35:45.656837993,T,280.06,100,280.58,100,IBM
2025-10-13,9:35:45.657800279,T,280.08,100,280.58,100,IBM
2025-10-13,9:35:45.657870367,T,280.18,100,280.58,100,IBM
2025-10-13,9:35:45.657880495,T,280.21,100,280.58,100,IBM
2025-10-13,9:35:45.657910546,T,280.22,100,280.58,100,IBM
2025-10-13,9:35:45.658025848,T,280.22,100,280.55,100,IBM
2025-10-13,9:35:45.658321505,T,280.22,100,280.58,100,IBM
2025-10-13,9:35:45.658341565,T,280.22,100,280.5,100,IBM
2025-10-13,9:35:45.658436809,T,280.22,100,280.58,100,IBM
2025-10-13,9:35:45.658441953,T,280.08,100,280.58,100,IBM
2025-10-13,9:35:45.658466791,T,280.22,100,280.58,100,IBM
2025-10-13,9:35:45.658572132,T,280.26,100,280.58,100,IBM
2025-10-13,9:35:45.658862728,T,280.22,100,280.58,100,IBM
2025-10-13,9:35:45.658927970,T,280.08,100,280.58,100,IBM
2025-10-13,9:35:45.659940296,T,280.08,100,281.0,100,IBM
2025-10-13,9:35:45.659975418,T,280.22,100,281.0,100,IBM
2025-10-13,9:35:45.660005533,T,280.3,100,281.0,100,IBM
2025-10-13,9:35:45.660030567,T,280.22,100,281.0,100,IBM
2025-10-13,9:35:45.660035560,T,280.31,100,281.0,100,IBM
2025-10-13,9:35:45.660150797,T,280.22,100,281.0,100,IBM
2025-10-13,9:35:45.660150797,T,280.31,100,281.0,100,IBM
2025-10-13,9:35:45.660321289,T,280.31,100,280.85,100,IBM
2025-10-13,9:35:45.660336317,T,280.31,100,280.85,200,IBM
2025-10-13,9:35:45.660341276,T,280.31,100,280.85,300,IBM
2025-10-13,9:35:45.660351384,T,280.31,100,280.85,400,IBM
2025-10-13,9:35:45.660356355,T,280.31,100,280.85,300,IBM
2025-10-13,9:35:45.660361559,T,280.31,100,280.85,200,IBM
2025-10-13,9:35:45.660366367,T,280.31,100,280.85,100,IBM
2025-10-13,9:35:45.660376384,T,280.31,100,281.0,100,IBM
2025-10-13,9:35:45.660401409,T,280.31,100,280.63,300,IBM
2025-10-13,9:35:45.660611891,T,280.22,100,280.63,300,IBM
2025-10-13,9:35:45.664506210,T,280.22,100,281.0,100,IBM
2025-10-13,9:35:45.664531286,T,280.22,100,280.52,200,IBM
2025-10-13,9:35:45.664541345,T,280.22,100,280.52,100,IBM
2025-10-13,9:35:45.664546306,T,280.22,100,281.05,100,IBM
2025-10-13,9:35:45.664561404,T,280.22,100,281.0,100,IBM
2025-10-13,9:35:45.664561404,T,280.31,100,281.0,100,IBM
2025-10-13,9:35:45.664596442,T,280.31,100,281.05,100,IBM
2025-10-13,9:35:45.664606489,T,280.31,100,281.0,100,IBM
2025-10-13,9:35:45.664631555,T,280.31,100,281.05,100,IBM
2025-10-13,9:35:45.664641959,T,280.31,100,281.0,100,IBM
2025-10-13,9:35:45.664702191,T,280.31,100,281.05,100,IBM
2025-10-13,9:35:45.664852050,T,280.22,100,281.05,100,IBM
2025-10-13,9:35:45.664852050,T,280.31,100,281.05,100,IBM
2025-10-13,9:35:45.664887106,T,280.22,100,281.05,100,IBM
2025-10-13,9:35:45.664892099,T,280.22,100,281.0,100,IBM
2025-10-13,9:35:45.665097575,T,280.31,100,281.0,100,IBM
2025-10-13,9:35:45.665348215,T,280.31,100,281.05,100,IBM
2025-10-13,9:35:45.666120050,T,280.22,100,281.05,100,IBM
2025-10-13,9:35:45.666235524,T,280.31,100,281.05,100,IBM
2025-10-13,9:35:45.670059396,T,280.22,100,281.05,100,IBM
2025-10-13,9:35:45.672124370,T,280.31,100,281.05,100,IBM
2025-10-13,9:35:45.680479249,T,280.22,100,281.05,100,IBM
2025-10-13,9:35:45.683997634,T,280.31,100,281.05,100,IBM
2025-10-13,9:35:45.714069179,T,280.31,100,280.94,200,IBM
2025-10-13,9:35:45.760033597,T,280.01,100,280.94,200,IBM
2025-10-13,9:35:45.760058785,T,279.89,100,280.94,200,IBM
2025-10-13,9:35:45.760264225,T,280.01,100,280.94,200,IBM
2025-10-13,9:35:45.917082480,T,279.88,100,280.94,200,IBM
2025-10-13,9:35:46.108793855,T,279.88,100,280.71,100,IBM
2025-10-13,9:35:46.437656744,T,279.77,100,280.71,100,IBM
2025-10-13,9:35:46.654322537,T,279.77,100,280.71,200,IBM
2025-10-13,9:35:48.839890613,T,279.71,200,280.71,200,IBM
2025-10-13,9:35:48.839930692,T,279.71,300,280.71,200,IBM
2025-10-13,9:35:53.858037181,T,279.77,100,280.71,200,IBM
2025-10-13,9:35:53.993584744,T,279.71,300,280.71,200,IBM
2025-10-13,9:35:57.054882441,T,279.71,200,280.71,200,IBM
2025-10-13,9:35:58.397864530,T,279.65,100,280.71,200,IBM
2025-10-13,9:35:58.397874548,T,279.89,200,280.71,200,IBM
2025-10-13,9:36:00.772427558,T,279.89,300,280.71,200,IBM
2025-10-13,9:36:00.772462693,T,279.97,100,280.71,200,IBM
2025-10-13,9:36:00.776838041,T,279.89,300,280.71,200,IBM
2025-10-13,9:36:00.780090824,T,279.97,100,280.71,200,IBM
2025-10-13,9:36:00.780356447,T,280.01,100,280.71,200,IBM
2025-10-13,9:36:00.783163119,T,280.09,200,280.71,200,IBM
2025-10-13,9:36:01.953960366,T,280.41,100,280.71,200,IBM
2025-10-13,9:36:01.953960366,T,280.42,100,280.71,200,IBM
2025-10-13,9:36:01.954010484,T,280.42,100,280.71,100,IBM
2025-10-13,9:36:01.954010484,T,280.42,100,280.94,200,IBM
2025-10-13,9:36:01.954511652,T,280.54,100,280.94,200,IBM
2025-10-13,9:36:01.959102618,T,280.54,100,281.23,200,IBM
2025-10-13,9:36:01.959112668,T,280.54,100,281.11,200,IBM
2025-10-13,9:36:01.963833930,T,280.41,100,281.11,200,IBM
2025-10-13,9:36:01.994120947,T,280.41,200,281.11,200,IBM
2025-10-13,9:36:02.053988645,T,280.41,100,281.11,200,IBM
2025-10-13,9:36:02.208115458,T,280.09,200,281.11,200,IBM
2025-10-13,9:36:02.208120466,T,280.35,100,281.11,200,IBM
2025-10-13,9:36:02.370416879,T,280.09,200,281.11,200,IBM
2025-10-13,9:36:02.398097754,T,280.35,100,281.11,200,IBM
2025-10-13,9:36:02.454356633,T,280.09,200,281.11,200,IBM
2025-10-13,9:36:02.460501370,T,280.35,100,281.11,200,IBM
2025-10-13,9:36:02.578331861,T,280.09,200,281.11,200,IBM
2025-10-13,9:36:02.954457261,T,280.09,200,280.99,100,IBM
2025-10-13,9:36:03.530588776,T,280.09,200,280.97,100,IBM
2025-10-13,9:36:04.127805661,T,280.09,200,281.0,100,IBM
2025-10-13,9:36:04.127835757,T,280.35,100,281.0,100,IBM
2025-10-13,9:36:04.128983486,T,280.41,100,281.0,100,IBM
2025-10-13,9:36:04.128998456,T,280.56,100,281.0,100,IBM
2025-10-13,9:36:04.137709182,T,280.25,100,281.0,100,IBM
2025-10-13,9:36:04.228465234,T,280.09,200,281.0,100,IBM
2025-10-13,9:36:07.423471422,T,280.53,100,281.0,100,IBM
2025-10-13,9:36:07.423476362,T,280.66,100,281.0,100,IBM
2025-10-13,9:36:09.421422655,T,280.53,100,281.0,100,IBM
2025-10-13,9:36:10.481045280,T,280.41,100,281.0,100,IBM
2025-10-13,9:36:10.481220841,T,280.53,100,281.0,100,IBM
2025-10-13,9:36:10.747825453,T,280.41,100,281.0,100,IBM
2025-10-13,9:36:16.620761869,T,280.13,100,281.0,100,IBM
2025-10-13,9:36:16.620796936,T,280.41,100,281.0,100,IBM
2025-10-13,9:36:18.847041869,T,280.26,300,281.0,100,IBM
2025-10-13,9:36:18.847066862,T,280.26,200,281.0,100,IBM
2025-10-13,9:36:19.162898848,T,280.26,300,281.0,100,IBM
2025-10-13,9:36:22.127461314,T,280.26,100,281.0,100,IBM
2025-10-13,9:36:22.127471347,T,280.42,200,281.0,100,IBM
2025-10-13,9:36:24.176409050,T,280.52,100,281.0,100,IBM
2025-10-13,9:36:24.176614527,T,280.52,200,281.0,100,IBM
2025-10-13,9:36:26.423819304,T,280.52,100,281.0,100,IBM
2025-10-13,9:36:30.785528104,T,280.52,100,281.23,100,IBM
2025-10-13,9:36:30.785553235,T,280.73,100,281.23,100,IBM
2025-10-13,9:36:30.785553235,T,280.71,100,281.23,100,IBM
2025-10-13,9:36:30.785558482,T,280.77,100,281.23,100,IBM
2025-10-13,9:36:30.785878955,T,280.79,100,281.23,100,IBM
2025-10-13,9:36:30.786154643,T,280.77,200,281.23,100,IBM
2025-10-13,9:36:30.786194866,T,280.77,100,281.23,100,IBM
2025-10-13,9:36:30.786194866,T,280.85,100,281.23,100,IBM
2025-10-13,9:36:30.786465401,T,280.88,100,281.23,100,IBM
2025-10-13,9:36:30.786465401,T,280.85,100,281.23,100,IBM
2025-10-13,9:36:30.792319413,T,280.85,100,281.26,200,IBM
2025-10-13,9:36:30.794659855,T,280.85,100,281.5,100,IBM
2025-10-13,9:36:30.794664840,T,280.85,100,281.46,200,IBM
2025-10-13,9:36:30.795426724,T,280.77,100,281.46,200,IBM
2025-10-13,9:36:30.795466797,T,280.77,100,281.45,100,IBM
2025-10-13,9:36:30.796524322,T,280.71,100,281.45,100,IBM
2025-10-13,9:36:30.796544421,T,280.77,100,281.45,100,IBM
2025-10-13,9:36:30.796754876,T,280.77,200,281.45,100,IBM
2025-10-13,9:36:30.925751968,T,280.77,100,281.45,100,IBM
2025-10-13,9:36:31.012282965,T,280.77,100,281.22,100,IBM
2025-10-13,9:36:31.736401907,T,280.69,200,281.22,100,IBM
2025-10-13,9:36:40.137110812,T,280.95,100,281.22,100,IBM
2025-10-13,9:36:40.686213086,T,280.96,100,281.22,100,IBM
2025-10-13,9:36:40.686664184,T,280.98,100,281.22,100,IBM
2025-10-13,9:36:40.690698764,T,280.96,100,281.22,100,IBM
2025-10-13,9:36:40.696071582,T,280.95,100,281.22,100,IBM
2025-10-13,9:36:50.960442558,T,280.95,100,281.27,100,IBM
2025-10-13,9:36:50.960492670,T,281.07,100,281.27,100,IBM
2025-10-13,9:36:50.960542833,T,281.02,100,281.27,100,IBM
2025-10-13,9:36:50.960728226,T,281.08,100,281.27,100,IBM
2025-10-13,9:36:50.960753249,T,280.99,100,281.27,100,IBM
2025-10-13,9:36:50.960758348,T,281.1,100,281.27,100,IBM
2025-10-13,9:36:50.961279552,T,281.02,100,281.27,100,IBM
2025-10-13,9:36:50.961279552,T,280.99,100,281.27,100,IBM
2025-10-13,9:36:50.961299591,T,280.98,100,281.27,100,IBM
2025-10-13,9:36:50.961520097,T,280.95,200,281.27,100,IBM
2025-10-13,9:36:50.961550166,T,280.95,100,281.27,100,IBM
2025-10-13,9:36:50.979142061,T,280.98,100,281.27,100,IBM
2025-10-13,9:36:51.060500759,T,280.95,100,281.27,100,IBM
2025-10-13,9:36:56.816473397,T,281.04,400,281.27,100,IBM
2025-10-13,9:36:56.816478459,T,281.04,800,281.27,100,IBM
2025-10-13,9:36:56.816483422,T,281.04,1000,281.27,100,IBM
2025-10-13,9:36:56.816553696,T,281.04,600,281.27,100,IBM
2025-10-13,9:36:56.816553696,T,281.04,200,281.27,100,IBM
2025-10-13,9:36:56.816563629,T,280.95,100,281.27,100,IBM
2025-10-13,9:36:56.816588734,T,281.18,1000,281.27,100,IBM
2025-10-13,9:36:56.816603769,T,280.95,100,281.27,100,IBM
2025-10-13,9:36:56.816623936,T,281.18,1000,281.27,100,IBM
2025-10-13,9:36:56.816628828,T,281.18,900,281.27,100,IBM
2025-10-13,9:36:56.816638791,T,280.95,100,281.27,100,IBM
2025-10-13,9:36:56.816663920,T,281.18,900,281.27,100,IBM
2025-10-13,9:36:56.816674152,T,280.95,100,281.27,100,IBM
2025-10-13,9:36:56.816699014,T,281.18,1300,281.27,100,IBM
2025-10-13,9:36:56.816708926,T,280.95,100,281.27,100,IBM
2025-10-13,9:36:56.816733998,T,281.18,1300,281.27,100,IBM
2025-10-13,9:36:56.816744094,T,280.95,100,281.27,100,IBM
2025-10-13,9:36:56.816769096,T,281.18,1300,281.27,100,IBM
2025-10-13,9:36:56.816769096,T,281.18,1700,281.27,100,IBM
2025-10-13,9:36:56.816784154,T,281.18,400,281.27,100,IBM
2025-10-13,9:36:56.816784154,T,280.95,100,281.27,100,IBM
2025-10-13,9:36:56.816809167,T,281.18,1700,281.27,100,IBM
2025-10-13,9:36:56.816819197,T,280.95,100,281.27,100,IBM
2025-10-13,9:36:56.816844360,T,281.18,1700,281.27,100,IBM
2025-10-13,9:36:56.816924503,T,281.18,1900,281.27,100,IBM
2025-10-13,9:36:56.817355514,T,281.18,1800,281.27,100,IBM
2025-10-13,9:36:56.817375665,T,281.18,200,281.27,100,IBM
2025-10-13,9:36:56.817375665,T,280.95,100,281.27,100,IBM
2025-10-13,9:36:56.827113791,T,280.95,100,281.22,100,IBM
2025-10-13,9:37:00.342041812,T,280.95,100,281.27,100,IBM
2025-10-13,9:37:00.342452870,T,280.95,100,281.22,100,IBM
2025-10-13,9:37:00.342457908,T,280.95,100,281.27,100,IBM
2025-10-13,9:37:00.342658287,T,280.95,100,281.22,100,IBM
2025-10-13,9:37:01.583577378,T,280.95,100,281.18,100,IBM
2025-10-13,9:37:01.584003774,T,280.95,100,281.14,100,IBM
2025-10-13,9:37:01.584223939,T,280.95,100,281.27,100,IBM
2025-10-13,9:37:01.584669988,T,280.95,200,281.27,100,IBM
2025-10-13,9:37:01.585010749,T,280.95,100,281.27,100,IBM
2025-10-13,9:37:01.585036081,T,281.06,100,281.27,100,IBM
2025-10-13,9:37:01.585045899,T,280.95,100,281.27,100,IBM
2025-10-13,9:37:01.588333674,T,280.95,300,281.27,100,IBM
2025-10-13,9:37:12.657535417,T,280.95,700,281.27,100,IBM
2025-10-13,9:37:12.657535417,T,280.95,1100,281.27,100,IBM
2025-10-13,9:37:12.657550440,T,280.95,1300,281.27,100,IBM
2025-10-13,9:37:12.657560499,T,280.95,1700,281.27,100,IBM
2025-10-13,9:37:12.657565456,T,280.95,1900,281.27,100,IBM
2025-10-13,9:37:12.657570451,T,280.95,2100,281.27,100,IBM
2025-10-13,9:37:12.657630611,T,280.95,2500,281.27,100,IBM
2025-10-13,9:37:12.657695813,T,280.95,2900,281.27,100,IBM
2025-10-13,9:37:12.658242582,T,280.95,2500,281.27,100,IBM
2025-10-13,9:37:12.658242582,T,280.95,2100,281.27,100,IBM
2025-10-13,9:37:12.658247053,T,281.19,200,281.27,100,IBM
2025-10-13,9:37:12.658297195,T,281.19,100,281.27,100,IBM
2025-10-13,9:37:12.658302217,T,281.19,2100,281.27,100,IBM
2025-10-13,9:37:12.658322232,T,281.19,2000,281.27,100,IBM
2025-10-13,9:37:12.658322232,T,281.19,2600,281.27,100,IBM
2025-10-13,9:37:12.658337363,T,281.19,2800,281.27,100,IBM
2025-10-13,9:37:12.658527956,T,281.19,2800,281.5,100,IBM
2025-10-13,9:37:12.658527956,T,281.19,2800,281.56,100,IBM
2025-10-13,9:37:12.658532788,T,281.19,2800,281.6,100,IBM
2025-10-13,9:37:12.658552863,T,281.19,800,281.6,100,IBM
2025-10-13,9:37:12.658552863,T,281.19,200,281.6,100,IBM
2025-10-13,9:37:12.658562875,T,281.07,100,281.6,100,IBM
2025-10-13,9:37:12.658562875,T,281.07,100,281.63,300,IBM
2025-10-13,9:37:12.658587894,T,281.26,2000,281.63,300,IBM
2025-10-13,9:37:12.658607970,T,281.26,2800,281.63,300,IBM
2025-10-13,9:37:12.658773477,T,281.26,1700,281.63,300,IBM
2025-10-13,9:37:12.658773477,T,281.26,1700,281.5,100,IBM
2025-10-13,9:37:12.658783411,T,281.26,1700,281.5,200,IBM
2025-10-13,9:37:12.658788387,T,281.26,800,281.5,200,IBM
2025-10-13,9:37:12.658788387,T,281.07,100,281.5,200,IBM
2025-10-13,9:37:12.658803382,T,281.07,100,281.5,400,IBM
2025-10-13,9:37:12.658808419,T,280.96,100,281.5,400,IBM
2025-10-13,9:37:12.658813589,T,281.26,1900,281.5,400,IBM
2025-10-13,9:37:12.658833438,T,280.96,100,281.5,400,IBM
2025-10-13,9:37:12.658858612,T,281.26,1700,281.5,400,IBM
2025-10-13,9:37:12.658883657,T,281.26,1700,281.5,500,IBM
2025-10-13,9:37:12.658933777,T,280.96,100,281.5,500,IBM
2025-10-13,9:37:12.658953745,T,281.26,1600,281.5,500,IBM
2025-10-13,9:37:12.658963762,T,280.96,100,281.5,500,IBM
2025-10-13,9:37:12.658988813,T,281.26,1600,281.5,500,IBM
2025-10-13,9:37:12.661399611,T,281.26,1700,281.5,500,IBM
2025-10-13,9:37:12.661419630,T,280.96,100,281.5,500,IBM
2025-10-13,9:37:12.661444884,T,281.27,1700,281.5,500,IBM
2025-10-13,9:37:12.711072802,T,280.96,100,281.5,500,IBM
2025-10-13,9:37:12.711092918,T,281.35,1700,281.5,500,IBM
2025-10-13,9:37:12.711278703,T,281.35,1700,281.5,400,IBM
2025-10-13,9:37:12.711308364,T,281.35,1700,281.5,300,IBM
2025-10-13,9:37:12.711318823,T,281.35,1700,281.5,200,IBM
2025-10-13,9:37:12.711343473,T,281.35,1700,281.5,100,IBM
2025-10-13,9:37:12.711363491,T,281.35,1700,281.75,200,IBM
2025-10-13,9:37:12.711363491,T,281.35,1700,281.75,100,IBM
2025-10-13,9:37:12.711433693,T,280.96,100,281.75,100,IBM
2025-10-13,9:37:12.711433693,T,281.1,100,281.75,100,IBM
2025-10-13,9:37:12.711458788,T,281.5,1600,281.75,100,IBM
2025-10-13,9:37:12.711483862,T,281.5,800,281.75,100,IBM
2025-10-13,9:37:12.711498831,T,281.5,400,281.75,100,IBM
2025-10-13,9:37:12.711509708,T,281.5,300,281.75,100,IBM
2025-10-13,9:37:12.711513861,T,281.5,200,281.75,100,IBM
2025-10-13,9:37:12.711513861,T,281.5,100,281.75,100,IBM
2025-10-13,9:37:12.711523937,T,281.42,100,281.75,100,IBM
2025-10-13,9:37:12.711523937,T,281.1,100,281.75,100,IBM
2025-10-13,9:37:12.711544000,T,280.96,100,281.75,100,IBM
2025-10-13,9:37:12.711544000,T,280.95,100,281.75,100,IBM
2025-10-13,9:37:12.711985075,T,280.95,100,281.75,200,IBM
2025-10-13,9:37:12.722164294,T,280.95,100,281.75,100,IBM
2025-10-13,9:37:13.314068272,T,280.95,100,281.57,100,IBM
2025-10-13,9:37:22.357422514,T,280.95,100,281.75,200,IBM
2025-10-13,9:37:22.357427546,T,280.95,100,281.75,100,IBM
2025-10-13,9:37:22.358906061,T,280.95,100,281.93,200,IBM
2025-10-13,9:37:23.357899061,T,280.95,100,281.77,100,IBM
2025-10-13,9:37:24.276952019,T,281.04,200,281.77,100,IBM
2025-10-13,9:37:28.845934228,T,281.04,200,281.93,300,IBM
2025-10-13,9:37:35.011427038,T,280.49,100,281.93,300,IBM
2025-10-13,9:37:35.011437084,T,281.2,200,281.93,300,IBM
2025-10-13,9:37:37.630777741,T,281.2,200,281.77,100,IBM
2025-10-13,9:37:37.630792779,T,281.2,200,281.76,100,IBM
2025-10-13,9:37:37.631058583,T,281.2,500,281.76,100,IBM
2025-10-13,9:37:37.631083495,T,281.2,700,281.76,100,IBM
2025-10-13,9:37:37.631098898,T,281.2,700,281.72,100,IBM
2025-10-13,9:37:37.631138608,T,281.2,1100,281.72,100,IBM
2025-10-13,9:37:37.631143721,T,281.2,1300,281.72,100,IBM
2025-10-13,9:37:37.631153734,T,281.2,1700,281.72,100,IBM
2025-10-13,9:37:37.631193761,T,281.2,1900,281.72,100,IBM
2025-10-13,9:37:37.631284052,T,281.2,2100,281.72,100,IBM
2025-10-13,9:37:37.631289021,T,281.2,2100,281.77,100,IBM
2025-10-13,9:37:37.631289021,T,281.4,300,281.77,100,IBM
2025-10-13,9:37:37.631289021,T,281.4,500,281.77,100,IBM
2025-10-13,9:37:37.631339124,T,281.4,1900,281.77,100,IBM
2025-10-13,9:37:37.631634885,T,281.4,1900,281.93,300,IBM
2025-10-13,9:37:37.631775152,T,281.4,1900,281.93,200,IBM
2025-10-13,9:37:37.634682042,T,281.4,2100,281.93,200,IBM
2025-10-13,9:37:37.645393891,T,281.4,1800,281.93,200,IBM
2025-10-13,9:37:37.645393891,T,281.4,1600,281.93,200,IBM
2025-10-13,9:37:37.645397710,T,281.4,200,281.93,200,IBM
2025-10-13,9:37:37.645397710,T,281.4,100,281.93,200,IBM
2025-10-13,9:37:37.645417635,T,281.2,200,281.93,200,IBM
2025-10-13,9:37:37.645442721,T,281.2,200,281.76,100,IBM
2025-10-13,9:37:37.645457719,T,281.2,200,281.69,100,IBM
2025-10-13,9:37:37.645658255,T,281.2,400,281.69,100,IBM
2025-10-13,9:37:37.645673256,T,281.2,700,281.69,100,IBM
2025-10-13,9:37:37.645683817,T,281.2,900,281.69,100,IBM
2025-10-13,9:37:37.645693277,T,281.2,1000,281.69,100,IBM
2025-10-13,9:37:37.645698277,T,281.2,1000,281.64,100,IBM
2025-10-13,9:37:37.645718302,T,281.2,1000,281.56,100,IBM
2025-10-13,9:37:37.645723395,T,281.2,1200,281.56,100,IBM
2025-10-13,9:37:37.645743677,T,281.26,200,281.56,100,IBM
2025-10-13,9:37:37.645743677,T,281.26,200,281.76,100,IBM
2025-10-13,9:37:37.645748576,T,281.26,500,281.76,100,IBM
2025-10-13,9:37:37.645748576,T,281.26,700,281.76,100,IBM
2025-10-13,9:37:37.645748576,T,281.26,800,281.76,100,IBM
2025-10-13,9:37:37.645748576,T,281.26,1000,281.76,100,IBM
2025-10-13,9:37:37.645898797,T,281.41,200,281.76,100,IBM
2025-10-13,9:37:37.645918855,T,281.41,400,281.76,100,IBM
2025-10-13,9:37:37.645924156,T,281.41,200,281.76,100,IBM
2025-10-13,9:37:37.645928817,T,281.41,100,281.76,100,IBM
2025-10-13,9:37:37.645928817,T,281.41,300,281.76,100,IBM
2025-10-13,9:37:37.645934176,T,281.41,600,281.76,100,IBM
2025-10-13,9:37:37.645934176,T,281.41,700,281.76,100,IBM
2025-10-13,9:37:37.645934176,T,281.41,600,281.76,100,IBM
2025-10-13,9:37:37.645934176,T,281.41,800,281.76,100,IBM
2025-10-13,9:37:37.646029153,T,281.41,600,281.76,100,IBM
2025-10-13,9:37:37.646029153,T,281.41,300,281.76,100,IBM
2025-10-13,9:37:37.646029153,T,281.41,200,281.76,100,IBM
2025-10-13,9:37:37.646034150,T,281.01,200,281.76,100,IBM
2025-10-13,9:37:37.646059154,T,281.41,200,281.76,100,IBM
2025-10-13,9:37:37.646084206,T,281.41,100,281.76,100,IBM
2025-10-13,9:37:37.646099427,T,281.01,200,281.76,100,IBM
2025-10-13,9:37:37.646450046,T,281.01,200,281.93,300,IBM
2025-10-13,9:37:37.646465120,T,281.01,200,281.93,200,IBM
2025-10-13,9:37:37.646510274,T,281.44,300,281.93,200,IBM
2025-10-13,9:37:37.646795952,T,281.44,300,281.93,300,IBM
2025-10-13,9:37:37.647241948,T,281.01,200,281.93,300,IBM
2025-10-13,9:37:37.647266993,T,281.01,200,281.69,100,IBM
2025-10-13,9:37:37.647317176,T,281.01,200,281.93,300,IBM
2025-10-13,9:37:37.647668025,T,281.01,200,281.93,200,IBM
2025-10-13,9:37:37.647728160,T,281.01,200,281.93,300,IBM
2025-10-13,9:37:37.648134092,T,281.01,200,281.93,200,IBM
2025-10-13,9:37:37.788332814,T,281.01,200,281.58,100,IBM
2025-10-13,9:37:41.494039619,T,281.26,100,281.58,100,IBM
2025-10-13,9:37:41.503918185,T,281.02,100,281.58,100,IBM
2025-10-13,9:37:41.594178037,T,281.01,200,281.58,100,IBM
2025-10-13,9:37:42.495523790,T,281.01,200,281.93,200,IBM
2025-10-13,9:37:42.495573815,T,281.27,100,281.93,200,IBM
2025-10-13,9:37:42.495593977,T,281.28,100,281.93,200,IBM
2025-10-13,9:37:42.495604019,T,281.34,100,281.93,200,IBM
2025-10-13,9:37:42.495659087,T,281.28,100,281.93,200,IBM
2025-10-13,9:37:42.495659087,T,281.42,100,281.93,200,IBM
2025-10-13,9:37:42.505447428,T,281.26,100,281.93,200,IBM
2025-10-13,9:37:42.508484588,T,281.28,100,281.93,200,IBM
2025-10-13,9:37:42.595581949,T,281.15,300,281.93,200,IBM
2025-10-13,9:37:42.749839215,T,281.15,200,281.93,200,IBM
2025-10-13,9:37:42.941405268,T,281.15,300,281.93,200,IBM
2025-10-13,9:37:43.222574626,T,281.15,200,281.93,200,IBM
2025-10-13,9:37:44.507162712,T,281.15,300,281.93,200,IBM
2025-10-13,9:37:45.222345337,T,281.15,200,281.93,200,IBM
2025-10-13,9:37:45.228890887,T,281.15,200,282.0,100,IBM
2025-10-13,9:37:50.167678532,T,281.15,200,281.96,200,IBM
2025-10-13,9:37:51.945871782,T,281.15,300,281.96,200,IBM
2025-10-13,9:38:03.929731032,T,281.26,100,281.96,200,IBM
2025-10-13,9:38:03.929736008,T,281.15,300,281.96,200,IBM
2025-10-13,9:38:03.983183281,T,281.15,200,281.96,200,IBM
2025-10-13,9:38:03.983233370,T,281.15,300,281.96,200,IBM
2025-10-13,9:38:03.996449926,T,281.15,200,281.96,200,IBM
2025-10-13,9:38:07.236027033,T,281.26,200,281.96,200,IBM
2025-10-13,9:38:07.236077097,T,281.26,400,281.96,200,IBM
2025-10-13,9:38:07.236077097,T,281.26,600,281.96,200,IBM
2025-10-13,9:38:07.236227719,T,281.35,200,281.96,200,IBM
2025-10-13,9:38:07.236227719,T,281.35,400,281.96,200,IBM
2025-10-13,9:38:07.236252546,T,281.35,600,281.96,200,IBM
2025-10-13,9:38:07.236422974,T,281.35,800,281.96,200,IBM
2025-10-13,9:38:07.238367612,T,281.35,1000,281.96,200,IBM
2025-10-13,9:38:09.428546679,T,281.35,1000,281.82,100,IBM
2025-10-13,9:38:11.093981342,T,281.35,800,281.82,100,IBM
2025-10-13,9:38:11.094011383,T,281.35,600,281.82,100,IBM
2025-10-13,9:38:11.094011383,T,281.35,400,281.82,100,IBM
2025-10-13,9:38:11.094016422,T,281.35,200,281.82,100,IBM
2025-10-13,9:38:11.094016422,T,281.15,200,281.82,100,IBM
2025-10-13,9:38:11.094036492,T,281.15,200,281.35,100,IBM
2025-10-13,9:38:11.094547690,T,281.15,200,281.53,100,IBM
2025-10-13,9:38:11.094567723,T,281.15,200,281.69,100,IBM
2025-10-13,9:38:11.094758203,T,281.15,200,281.53,100,IBM
2025-10-13,9:38:11.094873456,T,281.15,100,281.53,100,IBM
2025-10-13,9:38:11.098241459,T,280.49,100,281.53,100,IBM
2025-10-13,9:38:11.098251517,T,280.83,200,281.53,100,IBM
2025-10-13,9:38:11.099003361,T,280.83,200,281.53,200,IBM
2025-10-13,9:38:11.099053486,T,280.83,200,281.53,100,IBM
2025-10-13,9:38:11.104887370,T,280.83,200,281.69,100,IBM
2025-10-13,9:38:11.194039582,T,280.83,200,281.82,100,IBM
2025-10-13,9:38:11.232666547,T,280.83,200,281.77,100,IBM
2025-10-13,9:38:11.243106414,T,280.83,200,281.82,100,IBM
2025-10-13,9:38:15.136961268,T,280.83,200,281.96,200,IBM
2025-10-13,9:38:15.136991400,T,280.83,200,281.55,100,IBM
2025-10-13,9:38:17.065983535,T,280.84,100,281.55,100,IBM
2025-10-13,9:38:26.041661410,T,280.84,100,281.49,100,IBM
2025-10-13,9:38:26.041871843,T,280.84,100,281.49,200,IBM
2025-10-13,9:38:26.042082353,T,280.84,100,281.49,300,IBM
2025-10-13,9:38:26.053539659,T,280.84,100,281.49,200,IBM
2025-10-13,9:38:26.054251312,T,280.84,100,281.49,100,IBM
2025-10-13,9:38:28.639245515,T,280.84,100,281.06,100,IBM
2025-10-13,9:38:28.639671380,T,280.84,100,281.06,200,IBM
2025-10-13,9:38:28.970158129,T,280.84,100,281.06,300,IBM
2025-10-13,9:38:29.246095012,T,280.84,100,281.06,200,IBM
2025-10-13,9:38:32.011608694,T,280.51,200,281.06,200,IBM
2025-10-13,9:38:32.011628659,T,280.51,200,280.85,100,IBM
2025-10-13,9:38:32.012179999,T,280.51,200,281.06,200,IBM
2025-10-13,9:38:32.038923942,T,280.01,100,281.06,200,IBM
2025-10-13,9:38:32.039490084,T,280.03,100,281.06,200,IBM
2025-10-13,9:38:32.110328798,T,280.27,200,281.06,200,IBM
2025-10-13,9:38:38.423442878,T,280.27,300,281.06,200,IBM
2025-10-13,9:38:38.423492966,T,280.28,100,281.06,200,IBM
2025-10-13,9:38:38.427933516,T,280.36,100,281.06,200,IBM
2025-10-13,9:38:38.428409720,T,280.28,100,281.06,200,IBM
2025-10-13,9:38:38.433296295,T,280.27,200,281.06,200,IBM
2025-10-13,9:38:39.962612215,T,280.27,200,281.06,100,IBM
2025-10-13,9:38:40.239706792,T,280.27,200,281.05,100,IBM
2025-10-13,9:38:40.253499653,T,280.27,200,281.05,300,IBM
2025-10-13,9:38:45.749568672,T,280.25,100,281.05,300,IBM
2025-10-13,9:38:45.749573591,T,280.42,200,281.05,300,IBM
2025-10-13,9:38:52.282070144,T,280.42,200,281.05,200,IBM
2025-10-13,9:38:52.295256549,T,280.42,200,281.06,100,IBM
2025-10-13,9:39:00.131787418,T,280.03,100,281.06,100,IBM
2025-10-13,9:39:00.131797438,T,280.22,200,281.06,100,IBM
2025-10-13,9:39:14.339831667,T,280.22,200,280.83,100,IBM
2025-10-13,9:39:14.690451335,T,280.22,200,280.83,200,IBM
2025-10-13,9:39:15.699363031,T,280.22,200,280.78,100,IBM
2025-10-13,9:39:16.872891769,T,280.22,200,280.71,100,IBM
2025-10-13,9:39:17.645450871,T,280.03,100,280.71,100,IBM
2025-10-13,9:39:17.645460980,T,280.07,200,280.71,100,IBM
2025-10-13,9:39:20.244372948,T,280.07,200,280.54,100,IBM
2025-10-13,9:39:24.621698671,T,280.07,200,280.71,100,IBM
2025-10-13,9:39:24.621723690,T,280.07,300,280.71,100,IBM
2025-10-13,9:39:24.621728742,T,280.28,100,280.71,100,IBM
2025-10-13,9:39:24.621753713,T,280.29,100,280.71,100,IBM
2025-10-13,9:39:24.622004341,T,280.33,100,280.71,100,IBM
2025-10-13,9:39:24.622014345,T,280.29,100,280.71,100,IBM
2025-10-13,9:39:24.625833525,T,280.28,100,280.71,100,IBM
2025-10-13,9:39:24.721927261,T,280.07,300,280.71,100,IBM
2025-10-13,9:39:24.722207969,T,280.07,200,280.71,100,IBM
2025-10-13,9:39:26.035840165,T,280.07,300,280.71,100,IBM
2025-10-13,9:39:28.771197265,T,280.07,200,280.71,100,IBM
2025-10-13,9:39:32.898487630,T,280.07,200,280.71,200,IBM
2025-10-13,9:39:56.909709530,T,280.07,300,280.71,200,IBM
2025-10-13,9:39:56.909729586,T,280.07,200,280.71,200,IBM
2025-10-13,9:39:56.909779741,T,280.07,300,280.71,200,IBM
2025-10-13,9:39:56.909789647,T,280.07,200,280.71,200,IBM
2025-10-13,9:39:56.909849964,T,280.07,200,280.71,100,IBM
2025-10-13,9:39:56.909849964,T,280.07,200,280.78,100,IBM
2025-10-13,9:39:56.909875049,T,280.12,100,280.78,100,IBM
2025-10-13,9:39:56.909894984,T,280.07,300,280.78,100,IBM
2025-10-13,9:39:56.909905297,T,280.07,200,280.78,100,IBM
2025-10-13,9:39:56.909915019,T,280.12,100,280.78,100,IBM
2025-10-13,9:39:56.910070431,T,280.6,100,280.78,100,IBM
2025-10-13,9:39:56.910080438,T,280.12,100,280.78,100,IBM
2025-10-13,9:39:56.910095439,T,280.22,100,280.78,100,IBM
2025-10-13,9:39:56.910135532,T,280.63,100,280.78,100,IBM
2025-10-13,9:39:56.910155962,T,280.22,100,280.78,100,IBM
2025-10-13,9:39:56.910160586,T,280.63,100,280.78,100,IBM
2025-10-13,9:39:56.910215774,T,280.22,100,280.78,100,IBM
2025-10-13,9:39:56.910270895,T,280.12,100,280.78,100,IBM
2025-10-13,9:39:56.919748364,T,280.07,300,280.78,100,IBM
2025-10-13,9:39:57.470439535,T,280.07,200,280.78,100,IBM
2025-10-13,9:40:00.021893440,T,280.12,100,280.78,100,IBM
2025-10-13,9:40:04.292836103,T,280.12,100,280.87,100,IBM
2025-10-13,9:40:04.293051697,T,280.12,100,280.87,200,IBM
2025-10-13,9:40:06.263893502,T,280.12,100,280.69,100,IBM
2025-10-13,9:40:13.580742072,T,280.22,100,280.69,100,IBM
2025-10-13,9:40:13.827028394,T,280.22,100,280.65,100,IBM
2025-10-13,9:40:15.378587143,T,280.12,100,280.65,100,IBM
2025-10-13,9:40:19.849415493,T,280.12,100,280.69,100,IBM
2025-10-13,9:40:19.849445478,T,280.35,100,280.69,100,IBM
2025-10-13,9:40:19.849475739,T,280.35,100,280.87,100,IBM
2025-10-13,9:40:19.849475739,T,280.36,100,280.87,100,IBM
2025-10-13,9:40:19.849866571,T,280.5,100,280.87,100,IBM
2025-10-13,9:40:19.859318999,T,280.36,100,280.87,100,IBM
2025-10-13,9:40:19.949518830,T,280.24,200,280.87,100,IBM
2025-10-13,9:40:22.514520030,T,280.24,200,281.0,200,IBM
2025-10-13,9:40:22.514550104,T,280.53,100,281.0,200,IBM
2025-10-13,9:40:22.514570152,T,280.54,100,281.0,200,IBM
2025-10-13,9:40:22.514760585,T,280.58,100,281.0,200,IBM
2025-10-13,9:40:22.515587572,T,280.54,100,281.0,200,IBM
2025-10-13,9:40:22.519151049,T,280.53,100,281.0,200,IBM
2025-10-13,9:40:22.519381621,T,280.53,100,281.71,100,IBM
2025-10-13,9:40:22.519396654,T,280.53,100,281.19,200,IBM
2025-10-13,9:40:22.615069370,T,280.24,200,281.19,200,IBM
2025-10-13,9:40:22.930074269,T,280.24,200,280.86,100,IBM
2025-10-13,9:40:31.338336347,T,280.24,200,280.86,200,IBM
2025-10-13,9:40:34.160434727,T,280.24,200,280.86,300,IBM
2025-10-13,9:40:35.013395098,T,280.24,200,280.78,100,IBM
2025-10-13,9:40:37.784401931,T,280.24,200,280.86,100,IBM
2025-10-13,9:40:38.202206616,T,280.24,200,280.86,200,IBM
2025-10-13,9:40:39.437377065,T,280.24,200,280.86,100,IBM
2025-10-13,9:40:40.173434414,T,280.59,100,280.86,100,IBM
2025-10-13,9:40:40.177774756,T,280.45,100,280.86,100,IBM
2025-10-13,9:40:40.183012214,T,280.44,200,280.86,100,IBM
2025-10-13,9:40:51.183255186,T,280.01,100,280.86,100,IBM
2025-10-13,9:40:51.183255186,T,280.27,200,280.86,100,IBM
2025-10-13,9:40:56.607482848,T,280.32,100,280.86,100,IBM
2025-10-13,9:40:58.612390788,T,280.27,200,280.86,100,IBM
2025-10-13,9:40:58.612425815,T,280.27,300,280.86,100,IBM
2025-10-13,9:40:58.929475647,T,280.37,100,280.86,100,IBM
2025-10-13,9:40:59.168224068,T,280.27,300,280.86,100,IBM
2025-10-13,9:40:59.364170620,T,280.37,100,280.86,100,IBM
2025-10-13,9:40:59.364200512,T,280.49,100,280.86,100,IBM
2025-10-13,9:40:59.366300524,T,280.45,100,280.86,100,IBM
2025-10-13,9:41:00.107244421,T,280.49,100,280.86,100,IBM
2025-10-13,9:41:00.107274526,T,280.58,100,280.86,100,IBM
2025-10-13,9:41:00.107324567,T,280.59,100,280.86,100,IBM
2025-10-13,9:41:00.107369725,T,280.59,100,281.24,200,IBM
2025-10-13,9:41:00.107419836,T,280.7,100,281.24,200,IBM
2025-10-13,9:41:00.107690755,T,280.71,100,281.24,200,IBM
2025-10-13,9:41:00.107695468,T,280.7,100,281.24,200,IBM
2025-10-13,9:41:00.117178120,T,280.59,100,281.24,200,IBM
2025-10-13,9:41:00.117333450,T,280.49,100,281.24,200,IBM
2025-10-13,9:41:00.207342732,T,280.45,100,281.24,200,IBM
2025-10-13,9:41:00.215552260,T,280.49,100,281.24,200,IBM
2025-10-13,9:41:00.360878255,T,280.45,100,281.24,200,IBM
2025-10-13,9:41:01.587980282,T,280.49,100,281.24,200,IBM
2025-10-13,9:41:01.587984602,T,280.71,100,281.24,200,IBM
2025-10-13,9:41:01.597848056,T,280.49,100,281.24,200,IBM
2025-10-13,9:41:03.839164089,T,280.71,100,281.24,200,IBM
2025-10-13,9:41:03.839755182,T,280.51,100,281.24,200,IBM
2025-10-13,9:41:03.840020735,T,280.49,100,281.24,200,IBM
2025-10-13,9:41:03.840562111,T,280.51,100,281.24,200,IBM
2025-10-13,9:41:03.843393822,T,280.55,200,281.24,200,IBM
2025-10-13,9:41:03.844852282,T,280.55,200,281.4,200,IBM
2025-10-13,9:41:03.849698776,T,280.55,300,281.4,200,IBM
2025-10-13,9:41:03.849779009,T,280.62,100,281.4,200,IBM
2025-10-13,9:41:03.851417865,T,280.55,300,281.4,200,IBM
2025-10-13,9:41:03.925895180,T,280.55,200,281.4,200,IBM
2025-10-13,9:41:04.018731298,T,280.62,100,281.4,200,IBM
2025-10-13,9:41:04.077240524,T,280.55,200,281.4,200,IBM
2025-10-13,9:41:08.240266286,T,280.55,300,281.4,200,IBM
2025-10-13,9:41:08.799011479,T,280.55,200,281.4,200,IBM
2025-10-13,9:41:31.967917967,T,280.62,100,281.4,200,IBM
2025-10-13,9:41:31.967958126,T,280.66,100,281.4,200,IBM
2025-10-13,9:41:31.967973156,T,280.86,100,281.4,200,IBM
2025-10-13,9:41:31.967973156,T,280.9,100,281.4,200,IBM
2025-10-13,9:41:31.968935438,T,280.86,100,281.4,200,IBM
2025-10-13,9:41:31.969682263,T,280.86,100,281.71,100,IBM
2025-10-13,9:41:31.969687165,T,280.86,100,281.56,200,IBM
2025-10-13,9:41:31.977821608,T,280.66,100,281.56,200,IBM
2025-10-13,9:41:31.977846578,T,280.62,100,281.56,200,IBM
2025-10-13,9:41:32.035047855,T,280.66,100,281.56,200,IBM
2025-10-13,9:41:32.068226864,T,280.62,100,281.56,200,IBM
2025-10-13,9:41:32.528557709,T,280.55,200,281.56,200,IBM
2025-10-13,9:41:32.532081124,T,280.62,100,281.56,200,IBM
2025-10-13,9:41:32.829529126,T,280.55,200,281.56,200,IBM
2025-10-13,9:41:32.830295959,T,280.62,100,281.56,200,IBM
2025-10-13,9:41:33.364999007,T,280.55,200,281.56,200,IBM
2025-10-13,9:41:33.573665685,T,280.55,300,281.56,200,IBM
2025-10-13,9:41:33.573700758,T,280.62,100,281.56,200,IBM
2025-10-13,9:41:33.573710836,T,280.66,100,281.56,200,IBM
2025-10-13,9:41:34.168607065,T,280.62,100,281.56,200,IBM
2025-10-13,9:41:34.168607065,T,280.55,200,281.56,200,IBM
2025-10-13,9:41:34.168612017,T,280.55,300,281.56,200,IBM
2025-10-13,9:41:35.617496238,T,280.62,100,281.56,200,IBM
2025-10-13,9:41:35.618117688,T,280.55,300,281.56,200,IBM
2025-10-13,9:41:35.618137670,T,280.56,100,281.56,200,IBM
2025-10-13,9:41:35.618162834,T,280.72,100,281.56,200,IBM
2025-10-13,9:41:35.618197860,T,280.79,100,281.56,200,IBM
2025-10-13,9:41:36.970336802,T,280.72,100,281.56,200,IBM
2025-10-13,9:41:36.971133759,T,280.79,100,281.56,200,IBM
2025-10-13,9:41:37.744625089,T,280.72,100,281.56,200,IBM
2025-10-13,9:41:42.304465339,T,280.65,100,281.56,200,IBM
2025-10-13,9:41:43.970471813,T,280.79,100,281.56,200,IBM
2025-10-13,9:41:44.620684618,T,280.65,100,281.56,200,IBM
2025-10-13,9:41:45.762237176,T,280.65,100,281.23,100,IBM
2025-10-13,9:41:45.762447700,T,280.65,100,281.23,200,IBM
2025-10-13,9:41:45.762663181,T,280.65,100,281.23,300,IBM
2025-10-13,9:41:49.839333444,T,280.65,100,281.23,200,IBM
2025-10-13,9:41:52.153372230,T,280.62,100,281.23,200,IBM
2025-10-13,9:41:52.153447458,T,280.79,100,281.23,200,IBM
2025-10-13,9:41:52.154274324,T,280.79,100,281.23,100,IBM
2025-10-13,9:41:52.154555034,T,280.79,100,281.56,200,IBM
2025-10-13,9:41:52.429053555,T,280.62,100,281.56,200,IBM
2025-10-13,9:41:54.249492167,T,280.62,100,281.23,100,IBM
2025-10-13,9:41:54.249702663,T,280.62,100,281.23,200,IBM
2025-10-13,9:41:54.279112696,T,280.62,100,281.23,300,IBM
2025-10-13,9:41:58.170927885,T,280.62,100,281.23,200,IBM
2025-10-13,9:41:58.170942979,T,280.62,100,281.23,100,IBM
2025-10-13,9:41:58.171223609,T,280.55,300,281.23,100,IBM
2025-10-13,9:41:58.171303759,T,280.55,300,281.22,100,IBM
2025-10-13,9:41:58.171895255,T,280.55,300,281.23,200,IBM
2025-10-13,9:41:58.173388721,T,280.55,300,281.22,100,IBM
2025-10-13,9:41:58.173799737,T,280.55,200,281.22,100,IBM
2025-10-13,9:41:58.174797152,T,280.55,200,281.21,100,IBM
2025-10-13,9:41:58.175513779,T,280.55,200,281.22,100,IBM
2025-10-13,9:41:58.175538878,T,280.55,200,281.23,200,IBM
2025-10-13,9:41:58.181493071,T,280.55,200,281.23,100,IBM
2025-10-13,9:41:58.181708600,T,280.55,200,281.23,200,IBM
2025-10-13,9:41:58.182129568,T,280.55,200,281.23,300,IBM
2025-10-13,9:41:58.192930278,T,280.55,200,281.23,200,IBM
2025-10-13,9:41:58.192945297,T,280.55,200,281.23,100,IBM
2025-10-13,9:42:00.021949507,T,280.55,200,280.99,100,IBM
2025-10-13,9:42:02.959783239,T,280.55,200,281.22,100,IBM
2025-10-13,9:42:02.959803329,T,280.55,200,281.23,100,IBM
2025-10-13,9:42:02.959828495,T,280.99,100,281.23,100,IBM
2025-10-13,9:42:02.960434817,T,280.73,100,281.23,100,IBM
2025-10-13,9:42:02.960459891,T,280.72,100,281.23,100,IBM
2025-10-13,9:42:02.960524974,T,280.73,100,281.23,100,IBM
2025-10-13,9:42:03.059876545,T,280.72,100,281.23,100,IBM
2025-10-13,9:42:03.199087948,T,280.55,300,281.23,100,IBM
2025-10-13,9:42:03.397785926,T,280.62,100,281.23,100,IBM
2025-10-13,9:42:07.982620899,T,280.66,100,281.23,100,IBM
2025-10-13,9:42:08.014757642,T,280.62,100,281.23,100,IBM
2025-10-13,9:42:09.467440697,T,280.66,100,281.23,100,IBM
2025-10-13,9:42:09.471811058,T,280.62,100,281.23,100,IBM
2025-10-13,9:42:11.320171327,T,280.68,100,281.23,100,IBM
2025-10-13,9:42:11.324175877,T,280.62,100,281.23,100,IBM
2025-10-13,9:42:11.324331221,T,280.68,100,281.23,100,IBM
2025-10-13,9:42:11.324336219,T,280.72,100,281.23,100,IBM
2025-10-13,9:42:11.325589230,T,280.72,100,281.39,200,IBM
2025-10-13,9:42:11.711372666,T,280.78,100,281.39,200,IBM
2025-10-13,9:42:14.570018201,T,280.94,100,281.39,200,IBM
2025-10-13,9:42:14.572243516,T,280.94,100,282.0,100,IBM
2025-10-13,9:42:14.572253469,T,280.94,100,281.54,200,IBM
2025-10-13,9:42:14.670637823,T,280.78,100,281.54,200,IBM
2025-10-13,9:42:15.484745733,T,280.94,100,281.54,200,IBM
2025-10-13,9:42:15.484755730,T,280.78,100,281.54,200,IBM
2025-10-13,9:42:15.484785800,T,280.72,100,281.54,200,IBM
2025-10-13,9:42:15.484881071,T,280.78,100,281.54,200,IBM
2025-10-13,9:42:15.485036406,T,280.82,100,281.54,200,IBM
2025-10-13,9:42:15.596967794,T,280.78,100,281.54,200,IBM
2025-10-13,9:42:15.682736989,T,280.82,100,281.54,200,IBM
2025-10-13,9:42:22.788618524,T,280.82,100,281.5,100,IBM
2025-10-13,9:42:33.540995867,T,280.82,300,281.5,100,IBM
2025-10-13,9:42:39.073952777,T,281.1,100,281.5,100,IBM
2025-10-13,9:42:39.074163202,T,281.1,200,281.5,100,IBM
2025-10-13,9:42:39.079034796,T,281.1,100,281.5,100,IBM
2025-10-13,9:42:43.178449107,T,280.82,300,281.5,100,IBM
2025-10-13,9:42:44.394674458,T,280.9,100,281.5,100,IBM
2025-10-13,9:42:44.395691915,T,280.82,300,281.5,100,IBM
2025-10-13,9:42:45.485170491,T,280.9,100,281.5,100,IBM
2025-10-13,9:42:45.485170491,T,280.91,100,281.5,100,IBM
2025-10-13,9:42:45.485190617,T,281.02,100,281.5,100,IBM
2025-10-13,9:42:45.485190617,T,281.17,100,281.5,100,IBM
2025-10-13,9:42:45.485255779,T,281.02,100,281.5,100,IBM
2025-10-13,9:42:45.485320902,T,280.91,100,281.5,100,IBM
2025-10-13,9:42:45.485456238,T,281.02,100,281.5,100,IBM
2025-10-13,9:42:45.485671699,T,280.91,100,281.5,100,IBM
2025-10-13,9:42:45.485807044,T,280.92,100,281.5,100,IBM
2025-10-13,9:42:45.486248099,T,280.99,200,281.5,100,IBM
2025-10-13,9:42:45.486283147,T,280.99,300,281.5,100,IBM
2025-10-13,9:42:45.495074052,T,280.99,200,281.5,100,IBM
2025-10-13,9:42:47.964142034,T,280.99,300,281.5,100,IBM
2025-10-13,9:42:47.964177200,T,281.02,100,281.5,100,IBM
2025-10-13,9:42:47.964217267,T,281.07,100,281.5,100,IBM
2025-10-13,9:42:47.964362641,T,281.27,100,281.5,100,IBM
2025-10-13,9:42:47.964548425,T,281.27,100,281.61,100,IBM
2025-10-13,9:42:47.964883787,T,281.27,200,281.61,100,IBM
2025-10-13,9:42:47.964913946,T,281.35,100,281.61,100,IBM
2025-10-13,9:42:47.965014533,T,281.27,200,281.61,100,IBM
2025-10-13,9:42:47.965014533,T,281.27,100,281.61,100,IBM
2025-10-13,9:42:47.975153286,T,281.07,100,281.61,100,IBM
2025-10-13,9:42:47.975153286,T,281.02,100,281.61,100,IBM
2025-10-13,9:42:50.207562799,T,281.07,100,281.61,100,IBM
2025-10-13,9:42:50.262182934,T,281.02,100,281.61,100,IBM
2025-10-13,9:42:50.944010982,T,281.05,100,281.61,100,IBM
2025-10-13,9:42:50.944036092,T,281.02,100,281.61,100,IBM
2025-10-13,9:42:50.944036092,T,281.07,100,281.61,100,IBM
2025-10-13,9:42:50.944437064,T,281.09,100,281.61,100,IBM
2025-10-13,9:42:51.066668016,T,281.05,100,281.61,100,IBM
2025-10-13,9:42:51.085076997,T,281.09,100,281.61,100,IBM
2025-10-13,9:42:51.235825797,T,281.05,100,281.61,100,IBM
2025-10-13,9:42:51.235855808,T,281.09,100,281.61,100,IBM
2025-10-13,9:42:51.236963492,T,281.27,100,281.61,100,IBM
2025-10-13,9:42:51.236978526,T,281.28,100,281.61,100,IBM
2025-10-13,9:42:51.236988472,T,281.27,100,281.61,100,IBM
2025-10-13,9:42:51.245729270,T,281.07,100,281.61,100,IBM
2025-10-13,9:42:51.320878265,T,281.27,100,281.61,100,IBM
2025-10-13,9:42:51.336214685,T,281.09,100,281.61,100,IBM
2025-10-13,9:42:51.523545706,T,281.05,100,281.61,100,IBM
2025-10-13,9:42:54.865316241,T,281.09,100,281.61,100,IBM
2025-10-13,9:42:55.104089742,T,281.05,100,281.61,100,IBM
2025-10-13,9:42:55.242654539,T,281.09,100,281.61,100,IBM
2025-10-13,9:42:55.400299836,T,281.05,100,281.61,100,IBM
2025-10-13,9:42:55.781061289,T,281.09,100,281.61,100,IBM
2025-10-13,9:42:55.853383492,T,281.05,100,281.61,100,IBM
2025-10-13,9:42:55.854085168,T,281.09,100,281.61,100,IBM
2025-10-13,9:42:55.854105211,T,281.05,100,281.61,100,IBM
2025-10-13,9:42:55.854105211,T,281.09,100,281.61,100,IBM
2025-10-13,9:42:55.856340513,T,281.14,200,281.61,100,IBM
2025-10-13,9:42:55.856380623,T,281.14,300,281.61,100,IBM
2025-10-13,9:42:55.989281960,T,281.14,200,281.61,100,IBM
2025-10-13,9:42:57.726698163,T,281.14,200,281.84,100,IBM
2025-10-13,9:42:57.726713222,T,281.14,300,281.84,100,IBM
2025-10-13,9:42:57.726723239,T,281.27,100,281.84,100,IBM
2025-10-13,9:42:57.726743356,T,281.52,100,281.84,100,IBM
2025-10-13,9:42:57.736596803,T,281.27,100,281.84,100,IBM
2025-10-13,9:42:57.758834749,T,281.24,100,281.84,100,IBM
2025-10-13,9:42:57.758859814,T,281.18,100,281.84,100,IBM
2025-10-13,9:42:57.759381027,T,281.27,100,281.84,100,IBM
2025-10-13,9:42:58.905659900,T,281.18,100,281.84,100,IBM
2025-10-13,9:43:00.281349896,T,281.27,100,281.84,100,IBM
2025-10-13,9:43:00.281455191,T,281.44,100,281.84,100,IBM
2025-10-13,9:43:00.281916212,T,281.27,100,281.84,100,IBM
2025-10-13,9:43:00.283078947,T,281.45,100,281.84,100,IBM
2025-10-13,9:43:00.291053054,T,281.24,100,281.84,100,IBM
2025-10-13,9:43:00.292611686,T,281.27,200,281.84,100,IBM
2025-10-13,9:43:00.493289435,T,281.27,300,281.84,100,IBM
2025-10-13,9:43:00.493359743,T,281.57,100,281.84,100,IBM
2025-10-13,9:43:00.493359743,T,281.27,300,281.84,100,IBM
2025-10-13,9:43:00.493474971,T,281.27,200,281.84,100,IBM
2025-10-13,9:43:00.658828539,T,281.27,300,281.84,100,IBM
2025-10-13,9:43:00.668702061,T,281.27,200,281.84,100,IBM
2025-10-13,9:43:01.522900729,T,281.27,300,281.84,100,IBM
2025-10-13,9:43:01.787094633,T,281.27,300,281.76,100,IBM
2025-10-13,9:43:01.787124728,T,281.27,200,281.76,100,IBM
2025-10-13,9:43:01.914512965,T,281.42,100,281.76,100,IBM
2025-10-13,9:43:05.128834872,T,281.27,200,281.76,100,IBM
2025-10-13,9:43:05.129236208,T,281.27,200,281.63,100,IBM
2025-10-13,9:43:05.129250921,T,281.27,200,281.76,100,IBM
2025-10-13,9:43:05.129501463,T,281.27,200,281.63,100,IBM
2025-10-13,9:43:05.129516789,T,281.27,200,281.76,100,IBM
2025-10-13,9:43:05.130493907,T,281.27,200,281.76,200,IBM
2025-10-13,9:43:05.130528960,T,281.27,300,281.76,200,IBM
2025-10-13,9:43:05.130563984,T,281.27,300,281.71,100,IBM
2025-10-13,9:43:05.130894881,T,281.27,300,281.72,100,IBM
2025-10-13,9:43:05.131320840,T,281.27,300,281.71,100,IBM
2025-10-13,9:43:05.131621623,T,281.27,300,281.72,100,IBM
2025-10-13,9:43:05.134914365,T,281.27,100,281.72,100,IBM
2025-10-13,9:43:05.149689547,T,281.27,100,281.76,200,IBM
2025-10-13,9:43:05.149709661,T,281.27,100,281.76,100,IBM
2025-10-13,9:43:05.150005289,T,281.27,100,281.72,100,IBM
2025-10-13,9:43:05.186291671,T,281.27,100,281.76,100,IBM
2025-10-13,9:43:05.186727725,T,281.27,100,281.76,200,IBM
2025-10-13,9:43:05.186757854,T,281.27,100,281.72,100,IBM
2025-10-13,9:43:05.233724677,T,281.27,100,281.76,200,IBM
2025-10-13,9:43:05.264046850,T,281.27,100,281.71,100,IBM
2025-10-13,9:43:05.286695762,T,281.27,100,281.76,200,IBM
2025-10-13,9:43:05.753146133,T,281.27,100,281.72,100,IBM
2025-10-13,9:43:06.775635361,T,281.27,100,281.76,200,IBM
2025-10-13,9:43:06.780301416,T,281.27,100,281.72,100,IBM
2025-10-13,9:43:06.899760749,T,281.27,100,281.76,200,IBM
2025-10-13,9:43:08.754260770,T,281.27,100,281.71,100,IBM
2025-10-13,9:43:12.066074944,T,281.28,100,281.71,100,IBM
2025-10-13,9:43:12.458629468,T,281.28,100,281.76,200,IBM
2025-10-13,9:43:12.458684615,T,281.28,100,281.76,100,IBM
2025-10-13,9:43:12.458714722,T,281.57,100,281.76,100,IBM
2025-10-13,9:43:12.459396367,T,281.33,100,281.76,100,IBM
2025-10-13,9:43:12.459416423,T,281.18,100,281.76,100,IBM
2025-10-13,9:43:12.558943256,T,281.12,100,281.76,100,IBM
2025-10-13,9:43:12.622740172,T,281.09,300,281.76,100,IBM
2025-10-13,9:43:12.622810341,T,281.09,200,281.76,100,IBM
2025-10-13,9:43:13.495768549,T,281.09,300,281.76,100,IBM
2025-10-13,9:43:18.801409459,T,281.1,100,281.76,100,IBM
2025-10-13,9:43:19.668308180,T,281.12,100,281.76,100,IBM
2025-10-13,9:43:22.255331989,T,281.21,100,281.76,100,IBM
2025-10-13,9:43:22.255477293,T,281.24,100,281.76,100,IBM
2025-10-13,9:43:22.257216474,T,281.36,100,281.76,100,IBM
2025-10-13,9:43:22.265145280,T,281.24,100,281.76,100,IBM
2025-10-13,9:43:22.269310208,T,281.21,100,281.76,100,IBM
2025-10-13,9:43:22.355370164,T,281.19,100,281.76,100,IBM
2025-10-13,9:43:23.977526810,T,281.12,100,281.76,100,IBM
2025-10-13,9:43:23.978388946,T,281.19,100,281.76,100,IBM
2025-10-13,9:43:24.124506729,T,281.12,100,281.76,100,IBM
2025-10-13,9:43:24.205564640,T,281.1,100,281.76,100,IBM
2025-10-13,9:43:45.996130228,T,281.2,100,281.76,100,IBM
2025-10-13,9:43:56.831936499,T,281.2,100,281.76,200,IBM
2025-10-13,9:43:56.831941418,T,281.2,100,281.62,100,IBM
2025-10-13,9:43:56.831946506,T,281.2,100,281.5,100,IBM
2025-10-13,9:43:56.831981560,T,281.2,100,281.49,100,IBM
2025-10-13,9:43:56.832392577,T,281.2,100,281.45,100,IBM
2025-10-13,9:43:56.832417759,T,281.2,100,281.46,100,IBM
2025-10-13,9:43:56.832457642,T,281.19,100,281.46,100,IBM
2025-10-13,9:43:56.832498195,T,281.13,100,281.46,100,IBM
2025-10-13,9:43:56.832507818,T,281.09,200,281.46,100,IBM
2025-10-13,9:43:56.832683222,T,281.09,200,281.39,100,IBM
2025-10-13,9:43:56.832758382,T,281.06,100,281.39,100,IBM
2025-10-13,9:43:56.832788459,T,280.93,200,281.39,100,IBM
2025-10-13,9:43:56.833014070,T,280.93,200,281.49,100,IBM
2025-10-13,9:43:56.833034062,T,280.93,200,281.5,100,IBM
2025-10-13,9:43:56.836286770,T,280.93,200,281.51,100,IBM
2025-10-13,9:43:56.838998301,T,280.93,200,281.62,100,IBM
2025-10-13,9:43:56.839058420,T,280.93,200,281.51,100,IBM
2025-10-13,9:43:56.867476109,T,280.93,200,281.51,200,IBM
2025-10-13,9:43:56.932370573,T,280.93,200,281.51,100,IBM
2025-10-13,9:43:57.841519904,T,280.93,200,281.65,100,IBM
2025-10-13,9:43:58.786284390,T,280.93,200,281.74,100,IBM
2025-10-13,9:43:58.786284390,T,280.93,200,281.65,100,IBM
2025-10-13,9:43:58.837777336,T,280.93,200,281.51,100,IBM
2025-10-13,9:43:58.837777336,T,280.93,200,281.49,100,IBM
2025-10-13,9:43:58.837831650,T,280.93,200,281.42,100,IBM
2025-10-13,9:43:58.838052189,T,280.93,200,281.42,200,IBM
2025-10-13,9:43:58.838778830,T,280.93,200,281.42,100,IBM
2025-10-13,9:43:58.860460533,T,280.93,200,281.51,100,IBM
2025-10-13,9:44:00.712529815,T,280.93,200,281.49,100,IBM
2025-10-13,9:44:00.712529815,T,280.93,200,281.51,100,IBM
2025-10-13,9:44:02.068146942,T,280.93,200,281.33,100,IBM
2025-10-13,9:44:02.068146942,T,280.93,200,281.51,100,IBM
2025-10-13,9:44:02.068247250,T,280.93,200,281.49,100,IBM
2025-10-13,9:44:02.068287271,T,280.93,200,281.38,100,IBM
2025-10-13,9:44:02.068357547,T,280.93,200,281.33,100,IBM
2025-10-13,9:44:02.068397570,T,280.93,200,281.24,100,IBM
2025-10-13,9:44:02.068492771,T,280.93,300,281.24,100,IBM
2025-10-13,9:44:02.070452428,T,280.93,100,281.24,100,IBM
2025-10-13,9:44:02.072462213,T,280.93,100,281.33,200,IBM
2025-10-13,9:44:02.078125727,T,280.93,100,281.33,100,IBM
2025-10-13,9:44:02.078366473,T,280.93,100,281.38,100,IBM
2025-10-13,9:44:02.078396438,T,280.93,100,281.49,100,IBM
2025-10-13,9:44:02.281800600,T,280.93,100,281.51,100,IBM
2025-10-13,9:44:02.282392063,T,280.93,100,281.49,100,IBM
2025-10-13,9:44:02.502821863,T,280.93,100,281.51,100,IBM
2025-10-13,9:44:02.846329627,T,280.93,100,281.49,100,IBM
2025-10-13,9:44:03.299844294,T,280.93,200,281.49,100,IBM
2025-10-13,9:44:03.299869421,T,281.0,100,281.49,100,IBM
2025-10-13,9:44:03.299874325,T,281.0,100,281.51,100,IBM
2025-10-13,9:44:03.380421114,T,281.0,100,281.49,100,IBM
2025-10-13,9:44:03.552144857,T,281.0,100,281.51,100,IBM
2025-10-13,9:44:03.552360420,T,281.0,100,281.52,300,IBM
2025-10-13,9:44:03.552390456,T,281.0,100,281.52,200,IBM
2025-10-13,9:44:03.552455708,T,281.0,100,281.49,100,IBM
2025-10-13,9:44:03.664271800,T,281.0,100,281.52,200,IBM
2025-10-13,9:44:05.048572238,T,281.0,100,281.52,300,IBM
2025-10-13,9:44:05.791089912,T,281.0,100,281.49,100,IBM
2025-10-13,9:44:08.353404910,T,281.0,100,281.52,300,IBM
2025-10-13,9:44:08.353615325,T,281.0,100,281.49,100,IBM
2025-10-13,9:44:09.345351437,T,281.0,100,281.38,100,IBM
2025-10-13,9:44:09.345561903,T,281.0,100,281.38,200,IBM
2025-10-13,9:44:09.473311039,T,281.0,100,281.38,100,IBM
2025-10-13,9:44:09.473336016,T,281.0,100,281.52,300,IBM
2025-10-13,9:44:09.474102853,T,281.0,100,281.49,100,IBM
2025-10-13,9:44:09.475481115,T,281.0,100,281.45,100,IBM
2025-10-13,9:44:09.475691621,T,281.0,100,281.45,200,IBM
2025-10-13,9:44:09.761421858,T,281.0,100,281.45,100,IBM
2025-10-13,9:44:09.761446934,T,281.0,100,281.49,100,IBM
2025-10-13,9:44:09.761451949,T,281.0,100,281.52,300,IBM
2025-10-13,9:44:13.908118648,T,281.0,100,281.28,100,IBM
2025-10-13,9:44:17.670029412,T,281.0,100,281.38,100,IBM
2025-10-13,9:44:17.670049589,T,280.92,100,281.38,100,IBM
2025-10-13,9:44:17.670154757,T,280.92,100,281.49,100,IBM
2025-10-13,9:44:17.671252370,T,280.92,100,281.46,100,IBM
2025-10-13,9:44:17.671748541,T,280.92,100,281.41,100,IBM
2025-10-13,9:44:18.063761782,T,280.92,100,281.28,100,IBM
2025-10-13,9:44:19.193375811,T,280.92,100,281.23,100,IBM
2025-10-13,9:44:19.203244383,T,280.92,100,281.29,100,IBM
2025-10-13,9:44:19.365109715,T,280.92,100,281.23,100,IBM
2025-10-13,9:44:19.369149255,T,280.92,100,281.29,100,IBM
2025-10-13,9:44:19.389718307,T,280.92,100,281.47,100,IBM
2025-10-13,9:44:19.389743318,T,280.92,100,281.49,100,IBM
2025-10-13,9:44:24.175235869,T,280.82,100,281.49,100,IBM
2025-10-13,9:44:26.859641735,T,280.82,100,281.5,100,IBM
2025-10-13,9:44:26.859656386,T,280.92,100,281.5,100,IBM
2025-10-13,9:44:26.859691471,T,280.92,100,281.52,300,IBM
2025-10-13,9:44:26.859836945,T,281.01,100,281.52,300,IBM
2025-10-13,9:44:26.860112567,T,281.01,100,281.52,200,IBM
2025-10-13,9:44:26.860187634,T,281.06,100,281.52,200,IBM
2025-10-13,9:44:26.860273036,T,281.07,100,281.52,200,IBM
2025-10-13,9:44:26.860307979,T,281.11,100,281.52,200,IBM
2025-10-13,9:44:26.860443291,T,281.07,100,281.52,200,IBM
2025-10-13,9:44:26.860628751,T,281.11,100,281.52,200,IBM
2025-10-13,9:44:26.863776257,T,281.11,100,281.65,100,IBM
2025-10-13,9:44:26.863811537,T,281.11,100,281.74,100,IBM
2025-10-13,9:44:26.863811537,T,281.07,100,281.74,100,IBM
2025-10-13,9:44:26.864252361,T,281.06,100,281.74,100,IBM
2025-10-13,9:44:26.869549940,T,281.03,100,281.74,100,IBM
2025-10-13,9:44:26.959814829,T,280.96,300,281.74,100,IBM
2025-10-13,9:44:26.959844898,T,280.96,200,281.74,100,IBM
2025-10-13,9:44:28.152719915,T,280.96,300,281.74,100,IBM
2025-10-13,9:44:28.152749899,T,281.02,100,281.74,100,IBM
2025-10-13,9:44:31.098968836,T,281.02,100,281.44,100,IBM
2025-10-13,9:44:31.099008885,T,280.96,300,281.44,100,IBM
2025-10-13,9:44:31.101128911,T,280.96,100,281.44,100,IBM
2025-10-13,9:44:31.101153982,T,280.92,100,281.44,100,IBM
2025-10-13,9:44:46.672393338,T,281.05,100,281.44,100,IBM
2025-10-13,9:44:46.672418316,T,281.06,100,281.44,100,IBM
2025-10-13,9:44:46.678527932,T,281.05,100,281.44,100,IBM
2025-10-13,9:44:46.682251819,T,280.94,200,281.44,100,IBM
2025-10-13,9:44:48.115794701,T,280.94,200,281.78,300,IBM
2025-10-13,9:44:48.115794701,T,280.94,200,281.78,200,IBM
2025-10-13,9:44:48.115819856,T,281.05,100,281.78,200,IBM
2025-10-13,9:44:48.115839609,T,281.19,100,281.78,200,IBM
2025-10-13,9:44:48.115849598,T,280.94,200,281.78,200,IBM
2025-10-13,9:44:48.115849598,T,281.19,100,281.78,200,IBM
2025-10-13,9:44:48.115884937,T,281.05,100,281.78,200,IBM
2025-10-13,9:44:48.115889794,T,281.24,100,281.78,200,IBM
2025-10-13,9:44:48.125693117,T,281.19,100,281.78,200,IBM
2025-10-13,9:44:48.126063939,T,280.99,100,281.78,200,IBM
2025-10-13,9:44:50.661494991,T,281.14,100,281.78,200,IBM
2025-10-13,9:44:51.643803458,T,281.22,100,281.78,200,IBM
2025-10-13,9:44:51.643878773,T,281.24,100,281.78,200,IBM
2025-10-13,9:44:51.643883619,T,281.14,100,281.78,200,IBM
2025-10-13,9:44:51.646299379,T,280.99,100,281.78,200,IBM
2025-10-13,9:44:53.811459028,T,281.22,100,281.78,200,IBM
2025-10-13,9:44:53.811474038,T,281.24,100,281.78,200,IBM
2025-10-13,9:44:53.811719589,T,281.28,100,281.78,200,IBM
2025-10-13,9:44:53.811975176,T,281.24,100,281.78,200,IBM
2025-10-13,9:44:53.815503633,T,281.24,100,281.84,100,IBM
2025-10-13,9:44:53.821322439,T,281.06,100,281.84,100,IBM
2025-10-13,9:44:53.911447233,T,280.99,100,281.84,100,IBM
2025-10-13,9:44:54.153017146,T,280.99,100,281.77,100,IBM
2025-10-13,9:44:58.883919670,T,281.06,100,281.77,100,IBM
2025-10-13,9:44:58.884430884,T,281.06,100,281.95,200,IBM
2025-10-13,9:44:58.884470928,T,281.14,100,281.95,200,IBM
2025-10-13,9:44:58.888290020,T,280.99,100,281.95,200,IBM
2025-10-13,9:44:59.188439541,T,281.11,200,281.95,200,IBM
2025-10-13,9:45:00.005234080,T,281.43,100,281.95,200,IBM
2025-10-13,9:45:00.191066536,T,281.44,100,281.95,200,IBM
2025-10-13,9:45:00.191096604,T,281.45,100,281.95,200,IBM
2025-10-13,9:45:00.191522691,T,281.5,100,281.95,200,IBM
2025-10-13,9:45:00.191813347,T,281.59,100,281.95,200,IBM
2025-10-13,9:45:00.278675147,T,281.59,100,282.01,100,IBM
2025-10-13,9:45:00.278915734,T,281.59,100,282.08,300,IBM
2025-10-13,9:45:00.291535794,T,281.44,100,282.08,300,IBM
2025-10-13,9:45:01.191929188,T,281.44,100,282.0,100,IBM
2025-10-13,9:45:02.004318145,T,281.38,100,282.0,100,IBM
2025-10-13,9:45:02.275959830,T,281.31,100,282.0,100,IBM
2025-10-13,9:45:02.275994887,T,281.31,200,282.0,100,IBM
2025-10-13,9:45:02.276024997,T,281.43,100,282.0,100,IBM
2025-10-13,9:45:02.481809959,T,281.31,200,282.0,100,IBM
2025-10-13,9:45:03.010523631,T,281.44,100,282.0,100,IBM
2025-10-13,9:45:04.516508950,T,281.45,100,282.0,100,IBM
2025-10-13,9:45:04.516543964,T,281.46,100,282.0,100,IBM
2025-10-13,9:45:05.010279347,T,281.43,100,282.0,100,IBM
2025-10-13,9:45:06.011457723,T,281.45,100,282.0,100,IBM
2025-10-13,9:45:08.851634221,T,281.66,100,282.0,100,IBM
2025-10-13,9:45:08.851950006,T,281.69,100,282.0,100,IBM
2025-10-13,9:45:08.852045167,T,281.69,100,282.08,200,IBM
2025-10-13,9:45:08.852060202,T,281.75,100,282.08,200,IBM
2025-10-13,9:45:08.852070256,T,281.77,100,282.08,200,IBM
2025-10-13,9:45:08.852285824,T,281.77,100,282.29,100,IBM
2025-10-13,9:45:08.852290809,T,281.77,100,282.21,200,IBM
2025-10-13,9:45:08.852300774,T,281.77,100,282.0,100,IBM
2025-10-13,9:45:08.852310822,T,281.77,100,282.0,200,IBM
2025-10-13,9:45:08.852852163,T,281.77,100,282.0,100,IBM
2025-10-13,9:45:08.852857158,T,281.77,100,282.21,200,IBM
2025-10-13,9:45:08.853122795,T,281.77,100,282.21,300,IBM
2025-10-13,9:45:08.853127796,T,281.77,100,282.21,400,IBM
2025-10-13,9:45:08.853187918,T,281.77,100,282.21,500,IBM
2025-10-13,9:45:08.853243102,T,281.75,100,282.21,500,IBM
2025-10-13,9:45:08.853248023,T,281.75,100,282.0,100,IBM
2025-10-13,9:45:08.853273090,T,281.75,100,282.0,300,IBM
2025-10-13,9:45:08.853278172,T,281.72,100,282.0,300,IBM
2025-10-13,9:45:08.853283098,T,281.75,100,282.0,300,IBM
2025-10-13,9:45:08.853393376,T,281.75,100,282.0,400,IBM
2025-10-13,9:45:08.853759223,T,281.72,100,282.0,400,IBM
2025-10-13,9:45:08.853944725,T,281.66,100,282.0,400,IBM
2025-10-13,9:45:08.853969737,T,281.44,100,282.0,400,IBM
2025-10-13,9:45:08.854009874,T,281.54,100,282.0,400,IBM
2025-10-13,9:45:08.856009647,T,281.46,100,282.0,400,IBM
2025-10-13,9:45:08.856039673,T,281.44,100,282.0,400,IBM
2025-10-13,9:45:08.856070432,T,281.46,100,282.0,400,IBM
2025-10-13,9:45:08.897217783,T,281.54,100,282.0,400,IBM
2025-10-13,9:45:08.897247855,T,281.46,100,282.0,400,IBM
2025-10-13,9:45:08.983949291,T,281.44,100,282.0,400,IBM
2025-10-13,9:45:09.289922726,T,281.44,100,282.0,200,IBM
2025-10-13,9:45:09.289922726,T,281.44,100,281.95,100,IBM
2025-10-13,9:45:09.289952770,T,281.44,100,281.95,400,IBM
2025-10-13,9:45:09.864385230,T,281.66,100,281.95,400,IBM
2025-10-13,9:45:11.229064097,T,281.66,100,281.95,300,IBM
2025-10-13,9:45:11.229064097,T,281.66,100,282.21,200,IBM
2025-10-13,9:45:11.229119166,T,281.66,200,282.21,200,IBM
2025-10-13,9:45:11.229144202,T,281.67,100,282.21,200,IBM
2025-10-13,9:45:11.238982720,T,281.66,100,282.21,200,IBM
2025-10-13,9:45:11.492009968,T,281.54,100,282.21,200,IBM
2025-10-13,9:45:11.864331313,T,281.38,100,282.21,200,IBM
2025-10-13,9:45:13.100920207,T,281.44,100,282.21,200,IBM
2025-10-13,9:45:13.100975399,T,281.38,100,282.21,200,IBM
2025-10-13,9:45:15.269943989,T,281.3,100,282.21,200,IBM
2025-10-13,9:45:15.276970713,T,281.3,100,281.97,100,IBM
2025-10-13,9:45:15.302175708,T,281.46,100,281.97,100,IBM
2025-10-13,9:45:15.312179511,T,281.54,100,281.97,100,IBM
2025-10-13,9:45:15.332497810,T,281.54,200,281.97,100,IBM
2025-10-13,9:45:15.352761105,T,281.54,100,281.97,100,IBM
2025-10-13,9:45:15.396615521,T,281.66,100,281.97,100,IBM
2025-10-13,9:45:16.589324917,T,281.54,100,281.97,100,IBM
2025-10-13,9:45:16.589324917,T,281.46,100,281.97,100,IBM
2025-10-13,9:45:16.589460632,T,281.46,100,281.87,100,IBM
2025-10-13,9:45:16.589590624,T,281.46,100,281.67,100,IBM
2025-10-13,9:45:16.589796043,T,281.46,100,281.66,100,IBM
2025-10-13,9:45:16.589926449,T,281.44,100,281.66,100,IBM
2025-10-13,9:45:16.590242193,T,281.44,100,281.84,100,IBM
2025-10-13,9:45:16.590412601,T,281.44,100,281.77,100,IBM
2025-10-13,9:45:16.593038836,T,281.3,100,281.77,100,IBM
2025-10-13,9:45:16.593068865,T,281.27,100,281.77,100,IBM
2025-10-13,9:45:16.593169138,T,281.44,100,281.77,100,IBM
2025-10-13,9:45:16.593750511,T,281.44,100,281.69,100,IBM
2025-10-13,9:45:16.607197534,T,281.44,100,281.69,200,IBM
2025-10-13,9:45:16.624754249,T,281.44,100,281.69,100,IBM
2025-10-13,9:45:16.624984833,T,281.44,100,281.87,100,IBM
2025-10-13,9:45:16.809243512,T,281.44,100,281.88,100,IBM
2025-10-13,9:45:17.281903870,T,281.44,100,281.66,100,IBM
2025-10-13,9:45:18.676549270,T,281.27,100,281.66,100,IBM
2025-10-13,9:45:18.676554059,T,281.22,100,281.66,100,IBM
2025-10-13,9:45:18.676714321,T,281.14,100,281.66,100,IBM
2025-10-13,9:45:18.680413076,T,281.06,100,281.66,100,IBM
2025-10-13,9:45:18.680448160,T,280.99,100,281.66,100,IBM
2025-10-13,9:45:19.441730478,T,281.06,100,281.66,100,IBM
2025-10-13,9:45:19.441735429,T,281.27,100,281.66,100,IBM
2025-10-13,9:45:19.443294123,T,281.27,100,281.56,100,IBM
2025-10-13,9:45:19.443314211,T,281.06,100,281.56,100,IBM
2025-10-13,9:45:19.443594887,T,280.99,100,281.56,100,IBM
2025-10-13,9:45:20.779961327,T,280.99,100,281.55,100,IBM
2025-10-13,9:45:21.649215830,T,280.99,100,281.56,100,IBM
2025-10-13,9:45:22.948428775,T,281.06,100,281.56,100,IBM
2025-10-13,9:45:22.948433756,T,281.27,100,281.56,100,IBM
2025-10-13,9:45:22.948453839,T,281.28,100,281.56,100,IBM
2025-10-13,9:45:22.949446310,T,281.28,100,281.84,200,IBM
2025-10-13,9:45:22.949751947,T,281.27,100,281.84,200,IBM
2025-10-13,9:45:23.048978170,T,281.14,100,281.84,200,IBM
2025-10-13,9:45:25.166007939,T,281.14,100,281.84,300,IBM
2025-10-13,9:45:25.166704603,T,280.99,100,281.84,300,IBM
2025-10-13,9:45:25.178888649,T,280.99,100,281.84,200,IBM
2025-10-13,9:45:29.491886207,T,280.99,100,281.84,300,IBM
2025-10-13,9:45:29.535239487,T,280.99,100,281.84,200,IBM
2025-10-13,9:45:31.235276615,T,281.06,100,281.84,200,IBM
2025-10-13,9:45:31.238875171,T,280.99,100,281.84,200,IBM
2025-10-13,9:45:31.645202657,T,280.99,100,281.83,100,IBM
2025-10-13,9:45:31.645418172,T,280.99,100,281.83,200,IBM
2025-10-13,9:45:31.655762750,T,280.99,100,281.82,100,IBM
2025-10-13,9:45:31.657116036,T,280.99,100,281.82,200,IBM
2025-10-13,9:45:31.843685251,T,280.99,100,281.82,100,IBM
2025-10-13,9:45:31.844186397,T,280.99,100,281.81,100,IBM
2025-10-13,9:45:31.844401891,T,280.99,100,281.81,200,IBM
2025-10-13,9:45:42.385210996,T,280.99,100,281.81,100,IBM
2025-10-13,9:45:42.385241067,T,281.06,100,281.81,100,IBM
2025-10-13,9:45:42.385261117,T,281.09,100,281.81,100,IBM
2025-10-13,9:45:42.385306162,T,281.14,100,281.81,100,IBM
2025-10-13,9:45:42.385336233,T,281.19,100,281.81,100,IBM
2025-10-13,9:45:42.385336233,T,281.27,100,281.81,100,IBM
2025-10-13,9:45:42.386178550,T,281.19,100,281.81,100,IBM
2025-10-13,9:45:42.386348690,T,281.15,100,281.81,100,IBM
2025-10-13,9:45:42.389696639,T,281.09,100,281.81,100,IBM
2025-10-13,9:45:42.485850487,T,281.06,100,281.81,100,IBM
2025-10-13,9:45:42.485875646,T,280.99,100,281.81,100,IBM
2025-10-13,9:45:44.906292484,T,280.99,100,281.84,200,IBM
2025-10-13,9:45:46.290577897,T,280.99,100,281.84,300,IBM
2025-10-13,9:45:46.303598867,T,280.99,100,281.84,200,IBM
2025-10-13,9:45:49.323824025,T,281.09,100,281.84,200,IBM
2025-10-13,9:45:49.324029478,T,281.2,100,281.84,200,IBM
2025-10-13,9:45:49.326946441,T,281.06,100,281.84,200,IBM
2025-10-13,9:45:49.333897980,T,280.99,100,281.84,200,IBM
2025-10-13,9:45:54.122543251,T,281.06,100,281.84,200,IBM
2025-10-13,9:45:54.122553216,T,281.09,100,281.84,200,IBM
2025-10-13,9:45:54.122563311,T,281.14,100,281.84,200,IBM
2025-10-13,9:45:54.123550607,T,281.09,100,281.84,200,IBM
2025-10-13,9:45:54.132411753,T,280.99,100,281.84,200,IBM
2025-10-13,9:45:54.471238258,T,281.1,200,281.84,200,IBM
2025-10-13,9:46:10.111953232,T,281.1,200,281.56,100,IBM
2025-10-13,9:46:10.112314064,T,281.1,200,281.45,100,IBM
2025-10-13,9:46:10.112354163,T,281.1,200,281.44,100,IBM
2025-10-13,9:46:10.112735500,T,281.1,200,281.45,100,IBM
2025-10-13,9:46:10.112735500,T,281.1,200,281.44,100,IBM
2025-10-13,9:46:10.112760116,T,281.1,200,281.45,100,IBM
2025-10-13,9:46:10.116373757,T,281.1,200,281.5,100,IBM
2025-10-13,9:46:10.121475869,T,281.1,200,281.56,200,IBM
2025-10-13,9:46:10.122373021,T,281.1,200,281.56,100,IBM
2025-10-13,9:46:10.122804008,T,281.1,200,281.56,200,IBM
2025-10-13,9:46:10.123004538,T,280.9,100,281.56,200,IBM
2025-10-13,9:46:10.123941725,T,280.9,100,281.56,100,IBM
2025-10-13,9:46:10.129013847,T,281.0,100,281.56,100,IBM
2025-10-13,9:46:10.372618811,T,280.9,100,281.56,100,IBM
2025-10-13,9:46:10.372648924,T,280.9,100,281.56,200,IBM
2025-10-13,9:46:11.882322713,T,280.9,100,281.56,100,IBM
2025-10-13,9:46:12.339987219,T,280.9,100,281.65,100,IBM
2025-10-13,9:46:12.339992204,T,280.9,100,281.56,100,IBM
2025-10-13,9:46:12.391730334,T,280.9,100,281.65,100,IBM
2025-10-13,9:46:13.718398762,T,281.02,100,281.65,100,IBM
2025-10-13,9:46:13.759080632,T,281.02,100,281.5,100,IBM
2025-10-13,9:46:14.761973095,T,281.02,100,281.65,100,IBM
2025-10-13,9:46:15.110608064,T,281.03,100,281.65,100,IBM
2025-10-13,9:46:15.110653143,T,281.03,200,281.65,100,IBM
2025-10-13,9:46:15.110688274,T,281.06,100,281.65,100,IBM
2025-10-13,9:46:15.110708265,T,281.03,100,281.65,100,IBM
2025-10-13,9:46:15.110818574,T,281.06,100,281.65,100,IBM
2025-10-13,9:46:15.111369816,T,281.03,100,281.65,100,IBM
2025-10-13,9:46:15.111715694,T,281.02,100,281.65,100,IBM
2025-10-13,9:46:15.112467474,T,281.02,200,281.65,100,IBM
2025-10-13,9:46:15.115695182,T,281.02,100,281.65,100,IBM
2025-10-13,9:46:16.328001209,T,281.02,100,281.69,300,IBM
2025-10-13,9:46:20.433109025,T,281.02,200,281.69,300,IBM
2025-10-13,9:46:20.433114018,T,281.16,100,281.69,300,IBM
2025-10-13,9:46:20.433164191,T,281.16,100,281.69,200,IBM
2025-10-13,9:46:20.465240520,T,281.02,200,281.69,200,IBM
2025-10-13,9:46:21.432959450,T,281.15,100,281.69,200,IBM
2025-10-13,9:46:23.721241743,T,281.15,200,281.69,200,IBM
2025-10-13,9:46:25.457971458,T,281.15,100,281.69,200,IBM
2025-10-13,9:46:26.774179878,T,281.15,100,281.81,100,IBM
2025-10-13,9:46:26.774210031,T,281.15,100,281.86,200,IBM
2025-10-13,9:46:26.774250053,T,281.15,100,281.86,300,IBM
2025-10-13,9:46:29.964474813,T,281.15,100,281.86,200,IBM
2025-10-13,9:46:33.909561584,T,281.15,200,281.86,200,IBM
2025-10-13,9:46:33.909581609,T,281.19,100,281.86,200,IBM
2025-10-13,9:46:33.909591592,T,281.15,200,281.86,200,IBM
2025-10-13,9:46:33.909591592,T,281.19,100,281.86,200,IBM
2025-10-13,9:46:33.909596712,T,281.21,100,281.86,200,IBM
2025-10-13,9:46:33.914077351,T,281.15,200,281.86,200,IBM
2025-10-13,9:46:33.914553507,T,281.15,100,281.86,200,IBM
2025-10-13,9:46:33.975699061,T,281.15,200,281.86,200,IBM
2025-10-13,9:46:33.975699061,T,281.21,100,281.86,200,IBM
2025-10-13,9:46:33.975704010,T,281.27,100,281.86,200,IBM
2025-10-13,9:46:33.985572566,T,281.21,100,281.86,200,IBM
2025-10-13,9:46:34.076463938,T,281.19,100,281.86,200,IBM
2025-10-13,9:46:34.076488933,T,281.15,100,281.86,200,IBM
2025-10-13,9:46:34.736239741,T,281.15,200,281.86,200,IBM
2025-10-13,9:46:35.847976413,T,281.15,100,281.86,200,IBM
2025-10-13,9:46:35.867848724,T,281.15,200,281.86,200,IBM
2025-10-13,9:46:35.867848724,T,281.19,100,281.86,200,IBM
2025-10-13,9:46:35.867854035,T,281.27,100,281.86,200,IBM
2025-10-13,9:46:35.877722561,T,281.21,100,281.86,200,IBM
2025-10-13,9:46:35.967856826,T,281.19,100,281.86,200,IBM
2025-10-13,9:46:35.967881909,T,281.15,100,281.86,200,IBM
2025-10-13,9:46:36.633857256,T,281.15,200,281.86,200,IBM
2025-10-13,9:46:36.633857256,T,281.19,100,281.86,200,IBM
2025-10-13,9:46:36.633862268,T,281.27,100,281.86,200,IBM
2025-10-13,9:46:36.643725765,T,281.21,100,281.86,200,IBM
2025-10-13,9:46:36.734020690,T,281.19,100,281.86,200,IBM
2025-10-13,9:46:36.734050859,T,281.15,100,281.86,200,IBM
2025-10-13,9:46:37.709021839,T,281.15,200,281.86,200,IBM
2025-10-13,9:46:37.709322684,T,281.19,100,281.86,200,IBM
2025-10-13,9:46:37.709342658,T,281.21,100,281.86,200,IBM
2025-10-13,9:46:37.709362651,T,281.15,200,281.86,200,IBM
2025-10-13,9:46:37.709362651,T,281.21,100,281.86,200,IBM
2025-10-13,9:46:37.709387780,T,281.27,100,281.86,200,IBM
2025-10-13,9:46:37.709398151,T,281.21,100,281.86,200,IBM
2025-10-13,9:46:37.709513069,T,281.24,100,281.86,200,IBM
2025-10-13,9:46:37.709543168,T,281.24,100,281.86,300,IBM
2025-10-13,9:46:37.709568131,T,281.27,100,281.86,300,IBM
2025-10-13,9:46:37.709638319,T,281.24,100,281.86,300,IBM
2025-10-13,9:46:37.709668396,T,281.21,100,281.86,300,IBM
2025-10-13,9:46:37.710109447,T,281.36,100,281.86,300,IBM
2025-10-13,9:46:37.713592885,T,281.21,100,281.86,300,IBM
2025-10-13,9:46:37.718153562,T,281.21,100,281.86,200,IBM
2025-10-13,9:46:37.719196134,T,281.19,100,281.86,200,IBM
2025-10-13,9:46:37.732307302,T,281.15,200,281.86,200,IBM
2025-10-13,9:46:37.732478075,T,281.15,200,281.86,300,IBM
2025-10-13,9:46:37.732478075,T,281.15,200,281.68,100,IBM
2025-10-13,9:46:37.732517774,T,281.15,200,281.6,100,IBM
2025-10-13,9:46:37.742341148,T,281.15,200,281.68,100,IBM
2025-10-13,9:46:37.776196747,T,281.15,200,281.81,100,IBM
2025-10-13,9:46:37.776226857,T,281.15,200,281.86,300,IBM
2025-10-13,9:46:37.832726376,T,281.15,200,281.86,200,IBM
2025-10-13,9:46:37.857279787,T,281.19,100,281.86,200,IBM
2025-10-13,9:46:38.032151100,T,281.15,200,281.86,200,IBM
2025-10-13,9:46:38.032151100,T,281.19,100,281.86,200,IBM
2025-10-13,9:46:38.033328951,T,281.15,200,281.86,200,IBM
2025-10-13,9:46:38.034035613,T,281.19,100,281.86,200,IBM
2025-10-13,9:46:40.050681442,T,281.15,200,281.86,200,IBM
2025-10-13,9:46:41.357292193,T,281.15,100,281.86,200,IBM
2025-10-13,9:47:01.245163540,T,281.15,200,281.86,200,IBM
2025-10-13,9:47:01.245208705,T,281.19,100,281.86,200,IBM
2025-10-13,9:47:01.245785003,T,281.21,100,281.86,200,IBM
2025-10-13,9:47:01.246171020,T,281.19,100,281.86,200,IBM
2025-10-13,9:47:01.247273591,T,281.21,100,281.86,200,IBM
2025-10-13,9:47:01.247514168,T,281.21,100,281.89,100,IBM
2025-10-13,9:47:01.255037108,T,281.15,200,281.89,100,IBM
2025-10-13,9:47:01.345296959,T,281.15,100,281.89,100,IBM
2025-10-13,9:47:01.423427901,T,281.15,200,281.89,100,IBM
2025-10-13,9:47:02.070182635,T,281.15,200,281.97,100,IBM
2025-10-13,9:47:02.560640141,T,281.15,100,281.97,100,IBM
2025-10-13,9:47:03.242147540,T,281.15,200,281.97,100,IBM
2025-10-13,9:47:03.702688933,T,281.15,100,281.97,100,IBM
2025-10-13,9:47:03.723749026,T,281.24,100,281.97,100,IBM
2025-10-13,9:47:09.301587891,T,281.25,100,281.97,100,IBM
2025-10-13,9:47:12.845038716,T,281.25,100,281.76,100,IBM
2025-10-13,9:47:13.727063532,T,281.25,200,281.76,100,IBM
2025-10-13,9:47:23.532411246,T,281.26,100,281.76,100,IBM
2025-10-13,9:47:23.538034660,T,281.25,100,281.76,100,IBM
2025-10-13,9:47:23.707924056,T,281.14,100,281.76,100,IBM
2025-10-13,9:47:23.730187070,T,281.3,100,281.76,100,IBM
2025-10-13,9:47:53.710394236,T,281.22,100,281.76,100,IBM
2025-10-13,9:47:53.731950526,T,281.37,100,281.76,100,IBM
2025-10-13,9:47:56.697710898,T,281.37,100,281.75,100,IBM
2025-10-13,9:47:56.697806497,T,281.37,100,281.7,100,IBM
2025-10-13,9:47:56.698813618,T,281.37,100,281.74,100,IBM
2025-10-13,9:47:56.699374915,T,281.37,100,281.69,100,IBM
2025-10-13,9:47:56.700848449,T,281.37,100,281.75,100,IBM
2025-10-13,9:47:56.702913375,T,281.37,100,281.74,100,IBM
2025-10-13,9:47:56.702948395,T,281.37,100,281.69,100,IBM
2025-10-13,9:47:56.706597094,T,281.37,100,281.74,100,IBM
2025-10-13,9:47:56.796681627,T,281.37,100,281.75,100,IBM
2025-10-13,9:47:56.840641274,T,281.37,100,281.76,200,IBM
2025-10-13,9:47:59.169846365,T,281.37,100,281.75,100,IBM
2025-10-13,9:48:03.633292330,T,281.37,100,281.75,200,IBM
2025-10-13,9:48:03.635938810,T,281.15,200,281.75,200,IBM
2025-10-13,9:48:03.635938810,T,281.15,200,281.61,100,IBM
2025-10-13,9:48:03.636008728,T,281.15,200,281.55,100,IBM
2025-10-13,9:48:03.645807064,T,281.15,200,281.61,100,IBM
2025-10-13,9:48:03.647821862,T,281.11,100,281.61,100,IBM
2025-10-13,9:48:03.654031651,T,281.11,100,281.55,100,IBM
2025-10-13,9:48:03.654527887,T,281.06,100,281.55,100,IBM
2025-10-13,9:48:03.654557948,T,281.06,100,281.5,100,IBM
2025-10-13,9:48:03.654562958,T,281.0,300,281.5,100,IBM
2025-10-13,9:48:03.654618110,T,281.0,200,281.5,100,IBM
2025-10-13,9:48:03.654893914,T,281.0,200,281.55,100,IBM
2025-10-13,9:48:03.655019212,T,281.0,200,281.53,100,IBM
2025-10-13,9:48:03.655019212,T,281.0,200,281.46,100,IBM
2025-10-13,9:48:03.659058676,T,281.0,200,281.53,100,IBM
2025-10-13,9:48:03.659254142,T,281.0,200,281.55,200,IBM
2025-10-13,9:48:03.659314230,T,281.0,200,281.55,100,IBM
2025-10-13,9:48:03.665148158,T,281.0,200,281.65,100,IBM
2025-10-13,9:48:03.695284864,T,281.0,200,281.65,200,IBM
2025-10-13,9:48:03.701218993,T,281.03,100,281.65,200,IBM
2025-10-13,9:48:03.707097988,T,281.0,200,281.65,200,IBM
2025-10-13,9:48:04.204597445,T,281.01,100,281.65,200,IBM
2025-10-13,9:48:04.210361079,T,281.0,200,281.65,200,IBM
2025-10-13,9:48:04.741360292,T,281.0,300,281.65,200,IBM
2025-10-13,9:48:04.796581757,T,281.0,300,281.61,100,IBM
2025-10-13,9:48:04.812238965,T,281.0,300,281.61,200,IBM
2025-10-13,9:48:06.670933787,T,281.0,300,281.61,100,IBM
2025-10-13,9:48:06.773087060,T,281.0,300,281.55,100,IBM
2025-10-13,9:48:06.773126993,T,281.0,300,281.44,100,IBM
2025-10-13,9:48:06.773136994,T,281.0,300,281.43,100,IBM
2025-10-13,9:48:06.805273567,T,281.0,300,281.44,100,IBM
2025-10-13,9:48:07.714282564,T,281.0,300,281.43,100,IBM
2025-10-13,9:48:08.356426251,T,281.0,300,281.44,100,IBM
2025-10-13,9:48:08.356426251,T,281.0,300,281.39,100,IBM
2025-10-13,9:48:08.360761606,T,281.0,300,281.44,100,IBM
2025-10-13,9:48:08.365117108,T,281.0,100,281.44,100,IBM
2025-10-13,9:48:08.371026051,T,280.98,100,281.44,100,IBM
2025-10-13,9:48:08.371507237,T,280.86,200,281.44,100,IBM
2025-10-13,9:48:08.404375404,T,280.86,200,281.55,100,IBM
2025-10-13,9:48:08.409858495,T,280.86,200,281.55,200,IBM
2025-10-13,9:48:08.846152161,T,280.86,200,281.55,100,IBM
2025-10-13,9:48:09.846167852,T,280.86,200,281.44,100,IBM
2025-10-13,9:48:10.133742448,T,280.86,200,281.55,100,IBM
2025-10-13,9:48:11.139632154,T,280.86,200,281.44,100,IBM
2025-10-13,9:48:12.474164207,T,280.86,200,281.55,100,IBM
2025-10-13,9:48:12.681157037,T,280.86,200,281.37,100,IBM
2025-10-13,9:48:18.380600593,T,280.86,200,281.39,100,IBM
2025-10-13,9:48:18.563515967,T,280.86,200,281.35,100,IBM
2025-10-13,9:48:24.757411303,T,280.86,200,281.34,100,IBM
2025-10-13,9:48:24.757466415,T,280.86,200,281.35,100,IBM
2025-10-13,9:48:24.757541609,T,280.86,200,281.34,100,IBM
2025-10-13,9:48:24.757787197,T,280.86,200,281.3,100,IBM
2025-10-13,9:48:24.758433779,T,280.86,200,281.19,200,IBM
2025-10-13,9:48:24.763009645,T,280.62,100,281.19,200,IBM
2025-10-13,9:48:24.763014644,T,280.72,200,281.19,200,IBM
2025-10-13,9:48:29.924266845,T,280.72,200,281.3,100,IBM
2025-10-13,9:48:29.924953483,T,280.72,200,281.18,200,IBM
2025-10-13,9:48:30.928572585,T,280.72,200,281.18,100,IBM
2025-10-13,9:48:30.928662811,T,280.72,200,281.3,100,IBM
2025-10-13,9:48:30.928813169,T,280.72,300,281.3,100,IBM
2025-10-13,9:48:30.929038752,T,281.18,100,281.3,100,IBM
2025-10-13,9:48:30.929118982,T,281.18,100,281.34,200,IBM
2025-10-13,9:48:30.929163995,T,280.81,100,281.34,200,IBM
2025-10-13,9:48:30.929169010,T,280.72,300,281.34,200,IBM
2025-10-13,9:48:30.929204316,T,280.81,100,281.34,200,IBM
2025-10-13,9:48:30.929219175,T,280.72,300,281.34,200,IBM
2025-10-13,9:48:30.930086255,T,280.72,200,281.34,200,IBM
2025-10-13,9:48:30.932266420,T,280.87,100,281.34,200,IBM
2025-10-13,9:48:30.933168631,T,280.72,300,281.34,200,IBM
2025-10-13,9:48:30.933439259,T,280.72,200,281.34,200,IBM
2025-10-13,9:48:53.152765517,T,280.72,200,281.3,100,IBM
2025-10-13,9:48:53.152845757,T,280.72,200,281.27,100,IBM
2025-10-13,9:48:53.152940947,T,280.72,200,281.21,100,IBM
2025-10-13,9:48:53.152975987,T,280.72,200,281.2,100,IBM
2025-10-13,9:48:53.156885360,T,280.72,200,281.21,100,IBM
2025-10-13,9:48:53.167951671,T,280.72,200,281.27,100,IBM
2025-10-13,9:48:53.167951671,T,280.72,200,281.21,100,IBM
2025-10-13,9:48:53.167976737,T,280.72,200,281.27,100,IBM
2025-10-13,9:48:53.168016866,T,280.72,300,281.27,100,IBM
2025-10-13,9:48:53.253375073,T,280.72,300,281.3,100,IBM
2025-10-13,9:48:53.596181301,T,280.72,300,281.27,100,IBM
2025-10-13,9:48:53.600215848,T,280.72,300,281.3,100,IBM
2025-10-13,9:48:55.300979719,T,280.72,300,281.16,100,IBM
2025-10-13,9:48:55.305490393,T,280.72,200,281.16,100,IBM
2025-10-13,9:48:55.821929985,T,280.72,200,281.16,200,IBM
2025-10-13,9:48:58.142880477,T,280.72,200,281.14,100,IBM
2025-10-13,9:49:01.939834461,T,280.72,200,281.16,200,IBM
2025-10-13,9:49:01.939834461,T,280.72,200,281.14,100,IBM
2025-10-13,9:49:01.939854561,T,280.72,200,281.16,200,IBM
2025-10-13,9:49:04.462941169,T,280.72,200,281.14,100,IBM
2025-10-13,9:49:04.463622873,T,280.72,200,281.05,100,IBM
2025-10-13,9:49:04.463713049,T,280.72,200,281.14,100,IBM
2025-10-13,9:49:04.463753086,T,280.72,200,281.16,200,IBM
2025-10-13,9:49:04.463858601,T,280.55,100,281.16,200,IBM
2025-10-13,9:49:04.463873421,T,280.55,300,281.16,200,IBM
2025-10-13,9:49:04.463948637,T,280.55,200,281.16,200,IBM
2025-10-13,9:49:04.464053824,T,280.55,200,281.14,100,IBM
2025-10-13,9:49:04.468088504,T,280.55,200,281.16,200,IBM
2025-10-13,9:49:04.598498857,T,280.55,200,281.14,100,IBM
2025-10-13,9:49:04.602528466,T,280.55,200,281.16,200,IBM
2025-10-13,9:49:05.598253951,T,280.5,100,281.16,200,IBM
2025-10-13,9:49:05.605671605,T,280.5,100,281.14,100,IBM
2025-10-13,9:49:05.605907223,T,280.5,100,281.09,100,IBM
2025-10-13,9:49:05.606052516,T,280.5,100,281.14,100,IBM
2025-10-13,9:49:05.606749223,T,280.49,100,281.14,100,IBM
2025-10-13,9:49:06.616477935,T,280.43,200,281.14,100,IBM
2025-10-13,9:49:06.616518035,T,280.43,300,281.14,100,IBM
2025-10-13,9:49:06.853817910,T,280.43,100,281.14,100,IBM
2025-10-13,9:49:06.853842903,T,280.42,100,281.14,100,IBM
2025-10-13,9:49:08.334041701,T,280.32,100,281.14,100,IBM
2025-10-13,9:49:10.541567055,T,280.32,100,281.03,100,IBM
2025-10-13,9:49:10.541777580,T,280.32,100,281.03,200,IBM
2025-10-13,9:49:10.550733882,T,280.31,300,281.03,200,IBM
2025-10-13,9:49:10.550738827,T,280.31,200,281.03,200,IBM
2025-10-13,9:49:10.551129762,T,280.31,200,280.83,100,IBM
2025-10-13,9:49:10.553049322,T,280.31,200,280.83,200,IBM
2025-10-13,9:49:10.553440314,T,280.31,200,280.74,100,IBM
2025-10-13,9:49:10.554768455,T,280.31,200,280.71,100,IBM
2025-10-13,9:49:10.554808506,T,280.31,200,280.7,100,IBM
2025-10-13,9:49:10.554973982,T,280.31,200,280.71,100,IBM
2025-10-13,9:49:10.555409951,T,280.22,100,280.71,100,IBM
2025-10-13,9:49:10.555470262,T,280.22,100,280.83,200,IBM
2025-10-13,9:49:10.555500152,T,280.18,300,280.83,200,IBM
2025-10-13,9:49:10.555575391,T,280.18,300,280.83,100,IBM
2025-10-13,9:49:10.555700722,T,280.18,300,280.71,100,IBM
2025-10-13,9:49:10.556327200,T,280.18,200,280.71,100,IBM
2025-10-13,9:49:10.651193039,T,280.18,200,280.93,100,IBM
2025-10-13,9:49:10.651233087,T,280.31,100,280.93,100,IBM
2025-10-13,9:49:10.651403488,T,280.31,100,280.93,200,IBM
2025-10-13,9:49:10.657046919,T,280.18,200,280.93,200,IBM
2025-10-13,9:49:10.747361981,T,280.18,200,280.93,100,IBM
