DATE,TIME_M,EX,BID,BIDSIZ,ASK,ASKSIZ,SYM_ROOT
2025-11-04,9:30:01.231134236,T,298.5,40,301.69,40,IBM
2025-11-04,9:30:01.231475025,T,298.5,40,300.47,40,IBM
2025-11-04,9:30:01.233098906,T,298.69,40,300.47,40,IBM
2025-11-04,9:30:01.235459587,T,298.69,40,301.69,40,IBM
2025-11-04,9:30:01.239017965,T,298.69,40,301.75,40,IBM
2025-11-04,9:30:01.245959525,T,298.69,40,300.45,40,IBM
2025-11-04,9:30:01.249102058,T,298.69,40,300.17,40,IBM
2025-11-04,9:30:01.251537872,T,298.5,40,300.17,40,IBM
2025-11-04,9:30:01.251603014,T,299.47,40,300.17,40,IBM
2025-11-04,9:30:01.252414931,T,299.47,40,300.45,40,IBM
2025-11-04,9:30:01.270422835,T,299.47,80,300.45,40,IBM
2025-11-04,9:30:01.270433491,T,299.47,80,301.75,40,IBM
2025-11-04,9:30:01.270437857,T,299.47,80,300.0,40,IBM
2025-11-04,9:30:01.289438128,T,299.47,80,301.75,40,IBM
2025-11-04,9:30:01.350297965,T,299.47,80,299.84,40,IBM
2025-11-04,9:30:01.350754019,T,299.47,80,299.84,80,IBM
2025-11-04,9:30:01.352403028,T,299.47,40,299.84,80,IBM
2025-11-04,9:30:01.352403028,T,298.5,40,299.84,80,IBM
2025-11-04,9:30:01.359590149,T,298.5,40,299.84,120,IBM
2025-11-04,9:30:01.360382022,T,298.5,40,299.84,160,IBM
2025-11-04,9:30:01.360757854,T,298.5,40,299.84,120,IBM
2025-11-04,9:30:01.369729271,T,298.5,40,299.84,80,IBM
2025-11-04,9:30:01.370425848,T,298.5,40,299.84,40,IBM
2025-11-04,9:30:01.373513297,T,298.5,40,299.5,40,IBM
2025-11-04,9:30:01.373553402,T,298.5,40,299.84,80,IBM
2025-11-04,9:30:01.373758884,T,298.5,40,299.5,40,IBM
2025-11-04,9:30:01.377001596,T,298.5,40,299.5,80,IBM
2025-11-04,9:30:01.377011536,T,298.5,40,299.5,120,IBM
2025-11-04,9:30:01.377181953,T,298.5,40,299.5,80,IBM
2025-11-04,9:30:01.377853869,T,298.0,40,299.5,80,IBM
2025-11-04,9:30:01.378164377,T,298.5,40,299.5,80,IBM
2025-11-04,9:30:01.378364767,T,298.6,40,299.5,80,IBM
2025-11-04,9:30:01.378424962,T,298.6,80,299.5,80,IBM
2025-11-04,9:30:01.378600338,T,298.6,40,299.5,80,IBM
2025-11-04,9:30:01.378600338,T,298.0,40,299.5,80,IBM
2025-11-04,9:30:01.378660475,T,298.0,40,299.06,40,IBM
2025-11-04,9:30:01.378705623,T,298.0,40,299.5,80,IBM
2025-11-04,9:30:01.389937421,T,298.0,40,299.5,40,IBM
2025-11-04,9:30:01.389982493,T,298.0,40,299.84,40,IBM
2025-11-04,9:30:01.506344477,T,298.0,40,298.99,40,IBM
2025-11-04,9:30:01.506775549,T,298.0,40,298.99,80,IBM
2025-11-04,9:30:01.510419215,T,298.0,40,298.99,40,IBM
2025-11-04,9:30:01.511862623,T,298.5,80,298.99,40,IBM
2025-11-04,9:30:01.511878338,T,298.5,160,298.99,40,IBM
2025-11-04,9:30:01.511897770,T,298.5,240,298.99,40,IBM
2025-11-04,9:30:01.511917774,T,298.5,280,298.99,40,IBM
2025-11-04,9:30:01.511933027,T,298.5,360,298.99,40,IBM
2025-11-04,9:30:01.511962899,T,298.5,480,298.99,40,IBM
2025-11-04,9:30:01.512083208,T,298.5,480,298.99,80,IBM
2025-11-04,9:30:01.512163423,T,298.5,560,298.99,80,IBM
2025-11-04,9:30:01.515391094,T,298.64,40,298.99,80,IBM
2025-11-04,9:30:01.515501289,T,298.7,520,298.99,80,IBM
2025-11-04,9:30:01.516904723,T,298.64,40,298.99,80,IBM
2025-11-04,9:30:01.516934759,T,298.71,520,298.99,80,IBM
2025-11-04,9:30:01.520047181,T,298.64,40,298.99,80,IBM
2025-11-04,9:30:01.520072188,T,298.82,520,298.99,80,IBM
2025-11-04,9:30:01.520157370,T,298.82,520,298.99,40,IBM
2025-11-04,9:30:01.520172498,T,298.82,520,300.0,40,IBM
2025-11-04,9:30:01.520202522,T,298.64,40,300.0,40,IBM
2025-11-04,9:30:01.520232548,T,299.05,520,300.0,40,IBM
2025-11-04,9:30:01.520292681,T,299.05,400,300.0,40,IBM
2025-11-04,9:30:01.520312814,T,298.64,40,300.0,40,IBM
2025-11-04,9:30:01.520332806,T,298.64,40,299.81,80,IBM
2025-11-04,9:30:01.520593469,T,298.64,40,299.81,120,IBM
2025-11-04,9:30:01.520628570,T,298.64,40,299.81,160,IBM
2025-11-04,9:30:01.520633852,T,298.5,40,299.81,160,IBM
2025-11-04,9:30:01.520638522,T,298.5,40,299.52,40,IBM
2025-11-04,9:30:01.521380335,T,298.5,40,299.81,160,IBM
2025-11-04,9:30:01.521791325,T,298.5,40,299.53,40,IBM
2025-11-04,9:30:01.523735921,T,298.5,40,299.81,160,IBM
2025-11-04,9:30:01.524222099,T,298.5,40,299.75,40,IBM
2025-11-04,9:30:01.530857850,T,298.5,40,299.75,80,IBM
2025-11-04,9:30:01.530933109,T,298.5,40,299.75,120,IBM
2025-11-04,9:30:01.531078416,T,298.5,40,299.75,160,IBM
2025-11-04,9:30:01.531283867,T,298.5,40,299.75,200,IBM
2025-11-04,9:30:01.540876705,T,298.5,40,299.75,160,IBM
2025-11-04,9:30:01.541092234,T,298.5,40,299.75,120,IBM
2025-11-04,9:30:01.541132328,T,298.5,40,299.75,80,IBM
2025-11-04,9:30:01.541312797,T,298.5,40,299.75,40,IBM
2025-11-04,9:30:01.541327766,T,298.5,40,299.75,80,IBM
2025-11-04,9:30:01.541347897,T,298.5,40,299.75,120,IBM
2025-11-04,9:30:01.541352838,T,298.5,40,299.75,160,IBM
2025-11-04,9:30:01.541753828,T,298.5,40,299.75,200,IBM
2025-11-04,9:30:01.583814001,T,298.5,40,299.75,160,IBM
2025-11-04,9:30:01.603145045,T,298.72,40,299.75,160,IBM
2025-11-04,9:30:01.676474539,T,299.0,40,299.75,160,IBM
2025-11-04,9:30:01.725290786,T,298.5,40,299.75,160,IBM
2025-11-04,9:30:01.727736630,T,298.5,80,299.75,160,IBM
2025-11-04,9:30:01.735640418,T,298.5,40,299.75,160,IBM
2025-11-04,9:30:01.762584582,T,298.73,40,299.75,160,IBM
2025-11-04,9:30:01.762855244,T,298.73,40,299.73,40,IBM
2025-11-04,9:30:01.762890238,T,298.5,40,299.73,40,IBM
2025-11-04,9:30:01.762950423,T,298.5,40,299.73,80,IBM
2025-11-04,9:30:01.769506057,T,298.5,40,299.73,120,IBM
2025-11-04,9:30:01.769521068,T,298.5,40,299.73,160,IBM
2025-11-04,9:30:01.777820889,T,298.73,40,299.73,160,IBM
2025-11-04,9:30:01.792495731,T,298.73,40,299.73,120,IBM
2025-11-04,9:30:01.841783142,T,298.73,40,299.73,160,IBM
2025-11-04,9:30:01.842053711,T,298.5,40,299.73,160,IBM
2025-11-04,9:30:01.857335108,T,298.5,40,299.72,40,IBM
2025-11-04,9:30:01.857585760,T,298.5,40,299.72,80,IBM
2025-11-04,9:30:01.857811271,T,298.5,40,299.72,120,IBM
2025-11-04,9:30:01.858242253,T,298.5,40,299.72,160,IBM
2025-11-04,9:30:02.196282067,T,298.5,40,299.72,200,IBM
2025-11-04,9:30:02.277395165,T,298.5,40,299.72,240,IBM
2025-11-04,9:30:02.361289967,T,298.5,40,299.72,200,IBM
2025-11-04,9:30:02.361289967,T,298.72,40,299.72,200,IBM
2025-11-04,9:30:02.490978543,T,298.72,40,299.72,160,IBM
2025-11-04,9:30:02.804690387,T,298.72,40,299.72,200,IBM
2025-11-04,9:30:02.809020661,T,298.72,40,299.72,160,IBM
2025-11-04,9:30:02.858809266,T,298.5,40,299.72,160,IBM
2025-11-04,9:30:02.858809266,T,299.0,40,299.72,160,IBM
2025-11-04,9:30:02.859866724,T,298.5,40,299.72,160,IBM
2025-11-04,9:30:02.874015410,T,299.0,40,299.72,160,IBM
2025-11-04,9:30:02.899867012,T,298.5,40,299.72,160,IBM
2025-11-04,9:30:02.899871972,T,298.5,40,299.69,40,IBM
2025-11-04,9:30:02.900137555,T,298.5,40,299.69,80,IBM
2025-11-04,9:30:02.901265345,T,298.5,40,299.69,120,IBM
2025-11-04,9:30:02.911725240,T,298.5,40,299.69,160,IBM
2025-11-04,9:30:02.911935680,T,298.5,40,299.69,200,IBM
2025-11-04,9:30:02.911965801,T,298.5,40,299.69,120,IBM
2025-11-04,9:30:02.911970773,T,298.5,40,299.47,40,IBM
2025-11-04,9:30:02.931938367,T,298.5,40,299.69,40,IBM
2025-11-04,9:30:02.931968671,T,298.5,40,299.69,80,IBM
2025-11-04,9:30:02.932148829,T,298.5,40,299.69,40,IBM
2025-11-04,9:30:02.932359368,T,298.5,40,299.69,80,IBM
2025-11-04,9:30:02.932569779,T,298.5,40,299.69,120,IBM
2025-11-04,9:30:02.932599912,T,298.5,40,299.47,40,IBM
2025-11-04,9:30:02.939636691,T,298.5,40,299.47,80,IBM
2025-11-04,9:30:02.952602553,T,298.5,40,299.47,120,IBM
2025-11-04,9:30:02.952838073,T,298.5,40,299.47,160,IBM
2025-11-04,9:30:03.053818466,T,298.5,40,299.47,120,IBM
2025-11-04,9:30:03.054244466,T,298.5,40,299.47,160,IBM
2025-11-04,9:30:03.054314608,T,298.5,40,299.46,40,IBM
2025-11-04,9:30:03.054364795,T,298.5,40,299.47,120,IBM
2025-11-04,9:30:03.054364795,T,298.5,40,299.24,40,IBM
2025-11-04,9:30:03.055367604,T,298.0,80,299.24,40,IBM
2025-11-04,9:30:03.055367604,T,298.0,40,299.24,40,IBM
2025-11-04,9:30:03.055432247,T,298.0,40,298.87,40,IBM
2025-11-04,9:30:03.055507449,T,298.0,120,298.87,40,IBM
2025-11-04,9:30:03.055527497,T,298.0,160,298.87,40,IBM
2025-11-04,9:30:03.055542557,T,298.0,200,298.87,40,IBM
2025-11-04,9:30:03.055617779,T,298.0,240,298.87,40,IBM
2025-11-04,9:30:03.055627713,T,298.0,280,298.87,40,IBM
2025-11-04,9:30:03.055632762,T,298.0,360,298.87,40,IBM
2025-11-04,9:30:03.055637790,T,298.0,400,298.87,40,IBM
2025-11-04,9:30:03.055647787,T,298.0,480,298.87,40,IBM
2025-11-04,9:30:03.055647787,T,298.0,520,298.87,40,IBM
2025-11-04,9:30:03.055667812,T,298.0,560,298.87,40,IBM
2025-11-04,9:30:03.055768077,T,298.0,600,298.87,40,IBM
2025-11-04,9:30:03.055793205,T,298.0,600,299.24,40,IBM
2025-11-04,9:30:03.060484367,T,298.0,520,299.24,40,IBM
2025-11-04,9:30:03.060484367,T,298.43,40,299.24,40,IBM
2025-11-04,9:30:03.060484367,T,298.43,80,299.24,40,IBM
2025-11-04,9:30:03.060489326,T,298.43,160,299.24,40,IBM
2025-11-04,9:30:03.060489326,T,298.43,200,299.24,40,IBM
2025-11-04,9:30:03.060494395,T,298.43,240,299.24,40,IBM
2025-11-04,9:30:03.060529445,T,298.43,560,299.24,40,IBM
2025-11-04,9:30:03.064478886,T,298.43,640,299.24,40,IBM
2025-11-04,9:30:03.065817157,T,298.43,640,301.45,120,IBM
2025-11-04,9:30:03.099011100,T,298.43,640,299.94,40,IBM
2025-11-04,9:30:03.231240846,T,298.43,640,301.45,120,IBM
2025-11-04,9:30:03.240367586,T,298.43,640,299.94,40,IBM
2025-11-04,9:30:03.271692173,T,298.43,640,299.06,120,IBM
2025-11-04,9:30:03.272118117,T,298.43,640,299.06,160,IBM
2025-11-04,9:30:03.284221911,T,298.43,640,299.06,200,IBM
2025-11-04,9:30:03.460626948,T,298.43,640,299.06,240,IBM
2025-11-04,9:30:03.470655754,T,298.43,640,299.06,120,IBM
2025-11-04,9:30:03.561000875,T,298.43,640,299.06,160,IBM
2025-11-04,9:30:03.581334627,T,298.43,640,299.06,120,IBM
2025-11-04,9:30:03.581339308,T,298.43,640,299.06,80,IBM
2025-11-04,9:30:03.581344246,T,298.43,640,299.06,40,IBM
2025-11-04,9:30:03.656743809,T,298.54,40,299.06,40,IBM
2025-11-04,9:30:03.656768826,T,298.54,80,299.06,40,IBM
2025-11-04,9:30:03.656768826,T,298.54,120,299.06,40,IBM
2025-11-04,9:30:03.656773896,T,298.54,200,299.06,40,IBM
2025-11-04,9:30:03.656773896,T,298.54,240,299.06,40,IBM
2025-11-04,9:30:03.656773896,T,298.54,280,299.06,40,IBM
2025-11-04,9:30:03.656808915,T,298.54,680,299.06,40,IBM
2025-11-04,9:30:03.968190439,T,298.54,640,299.06,40,IBM
2025-11-04,9:30:03.968195646,T,298.54,600,299.06,40,IBM
2025-11-04,9:30:03.968195646,T,298.54,560,299.06,40,IBM
2025-11-04,9:30:03.968195646,T,298.54,440,299.06,40,IBM
2025-11-04,9:30:03.968200466,T,298.54,400,299.06,40,IBM
2025-11-04,9:30:03.968200466,T,298.54,360,299.06,40,IBM
2025-11-04,9:30:03.968250396,T,298.54,360,298.99,40,IBM
2025-11-04,9:30:03.968671367,T,298.54,360,298.99,80,IBM
2025-11-04,9:30:03.969092425,T,298.54,360,298.99,120,IBM
2025-11-04,9:30:03.969628632,T,298.54,360,298.99,80,IBM
2025-11-04,9:30:03.985882431,T,298.54,360,298.99,40,IBM
2025-11-04,9:30:04.544392009,T,298.54,360,298.99,160,IBM
2025-11-04,9:30:04.664167251,T,298.55,40,298.99,160,IBM
2025-11-04,9:30:04.664207352,T,298.55,400,298.99,160,IBM
2025-11-04,9:30:04.843840169,T,298.55,400,298.99,120,IBM
2025-11-04,9:30:04.843840169,T,298.55,400,298.99,80,IBM
2025-11-04,9:30:04.843859998,T,298.55,400,299.06,40,IBM
2025-11-04,9:30:04.843880058,T,298.55,40,299.06,40,IBM
2025-11-04,9:30:04.843905160,T,298.99,360,299.06,40,IBM
2025-11-04,9:30:04.843935260,T,298.55,40,299.06,40,IBM
2025-11-04,9:30:04.843975336,T,298.55,80,299.06,40,IBM
2025-11-04,9:30:04.843995353,T,298.55,40,299.06,40,IBM
2025-11-04,9:30:04.844416522,T,298.55,80,299.06,40,IBM
2025-11-04,9:30:04.844526608,T,298.55,80,299.06,80,IBM
2025-11-04,9:30:04.844717051,T,298.55,80,298.99,80,IBM
2025-11-04,9:30:04.844762210,T,298.55,80,298.99,120,IBM
2025-11-04,9:30:04.844807436,T,298.56,40,298.99,120,IBM
2025-11-04,9:30:04.844807436,T,298.56,40,298.99,80,IBM
2025-11-04,9:30:04.844827389,T,298.56,40,298.99,40,IBM
2025-11-04,9:30:04.844827389,T,298.56,40,299.06,80,IBM
2025-11-04,9:30:04.845303486,T,298.55,40,299.06,80,IBM
2025-11-04,9:30:04.864504156,T,298.55,40,299.06,40,IBM
2025-11-04,9:30:04.864985294,T,298.55,40,299.06,80,IBM
2025-11-04,9:30:04.977047122,T,298.77,120,299.06,80,IBM
2025-11-04,9:30:05.012696997,T,298.77,120,299.06,40,IBM
2025-11-04,9:30:05.012702019,T,298.77,120,301.45,120,IBM
2025-11-04,9:30:05.012762142,T,298.82,40,301.45,120,IBM
2025-11-04,9:30:05.109487486,T,299.15,40,301.45,120,IBM
2025-11-04,9:30:05.109537506,T,299.15,40,300.09,80,IBM
2025-11-04,9:30:05.109562569,T,299.15,40,300.09,120,IBM
2025-11-04,9:30:05.110565025,T,298.0,80,300.09,120,IBM
2025-11-04,9:30:05.112795313,T,298.0,40,300.09,120,IBM
2025-11-04,9:30:05.114364049,T,299.15,200,300.09,120,IBM
2025-11-04,9:30:05.399828616,T,299.15,200,299.75,80,IBM
2025-11-04,9:30:05.399848689,T,299.15,200,299.75,120,IBM
2025-11-04,9:30:05.400249628,T,299.15,200,299.75,160,IBM
2025-11-04,9:30:05.935864731,T,299.22,40,299.75,160,IBM
2025-11-04,9:30:06.821357860,T,299.22,40,299.75,40,IBM
2025-11-04,9:30:06.821382749,T,299.22,40,301.45,120,IBM
2025-11-04,9:30:06.821397775,T,299.23,40,301.45,120,IBM
2025-11-04,9:30:06.821428000,T,299.22,40,301.45,120,IBM
2025-11-04,9:30:06.821432860,T,299.49,40,301.45,120,IBM
2025-11-04,9:30:06.821954166,T,299.49,80,301.45,120,IBM
2025-11-04,9:30:06.822690924,T,299.46,200,301.45,120,IBM
2025-11-04,9:30:06.822695923,T,299.69,40,301.45,120,IBM
2025-11-04,9:30:06.822986593,T,299.99,40,301.45,120,IBM
2025-11-04,9:30:06.823026650,T,299.69,40,301.45,120,IBM
2025-11-04,9:30:06.823036727,T,299.99,40,301.45,120,IBM
2025-11-04,9:30:06.823046743,T,299.69,40,301.45,120,IBM
2025-11-04,9:30:06.823071854,T,300.0,40,301.45,120,IBM
2025-11-04,9:30:06.823091888,T,299.69,40,301.45,120,IBM
2025-11-04,9:30:06.823778790,T,299.6,40,301.45,120,IBM
2025-11-04,9:30:06.823778790,T,299.89,40,301.45,120,IBM
2025-11-04,9:30:06.826174169,T,299.46,200,301.45,120,IBM
2025-11-04,9:30:06.826765555,T,299.71,40,301.45,120,IBM
2025-11-04,9:30:06.831782572,T,299.46,200,301.45,120,IBM
2025-11-04,9:30:06.904134782,T,299.7,40,301.45,120,IBM
2025-11-04,9:30:06.904550782,T,299.78,40,301.45,120,IBM
2025-11-04,9:30:06.985022405,T,299.46,200,301.45,120,IBM
2025-11-04,9:30:06.985057430,T,299.78,40,301.45,120,IBM
2025-11-04,9:30:06.985087502,T,299.79,40,301.45,120,IBM
2025-11-04,9:30:07.075166958,T,299.79,80,301.45,120,IBM
2025-11-04,9:30:07.304352540,T,299.79,40,301.45,120,IBM
2025-11-04,9:30:07.305154822,T,299.8,40,301.45,120,IBM
2025-11-04,9:30:07.308712894,T,299.79,240,301.45,120,IBM
2025-11-04,9:30:07.852322131,T,299.84,40,301.45,120,IBM
2025-11-04,9:30:07.858005878,T,299.94,200,301.45,120,IBM
2025-11-04,9:30:07.903433857,T,299.94,240,301.45,120,IBM
2025-11-04,9:30:08.430298429,T,299.95,40,301.45,120,IBM
2025-11-04,9:30:08.430368296,T,299.94,240,301.45,120,IBM
2025-11-04,9:30:08.430368296,T,300.12,40,301.45,120,IBM
2025-11-04,9:30:08.431100052,T,300.49,200,301.45,120,IBM
2025-11-04,9:30:08.467426609,T,300.49,240,301.45,120,IBM
2025-11-04,9:30:08.585647983,T,300.5,40,301.45,120,IBM
2025-11-04,9:30:08.585753622,T,300.5,40,300.99,80,IBM
2025-11-04,9:30:08.585768441,T,300.66,40,300.99,80,IBM
2025-11-04,9:30:08.585778364,T,300.66,40,300.99,160,IBM
2025-11-04,9:30:08.585873605,T,300.66,40,300.99,40,IBM
2025-11-04,9:30:08.585873605,T,300.66,40,301.45,120,IBM
2025-11-04,9:30:08.586484976,T,300.69,200,301.45,120,IBM
2025-11-04,9:30:08.590579707,T,300.69,120,301.45,120,IBM
2025-11-04,9:30:08.590599790,T,300.69,120,301.06,40,IBM
2025-11-04,9:30:08.590880466,T,300.69,120,301.39,40,IBM
2025-11-04,9:30:08.590880466,T,300.69,120,300.88,40,IBM
2025-11-04,9:30:08.594799773,T,300.69,120,301.39,40,IBM
2025-11-04,9:30:08.595175719,T,300.69,120,301.45,120,IBM
2025-11-04,9:30:08.637145672,T,300.69,160,301.45,120,IBM
2025-11-04,9:30:08.710816020,T,300.69,200,301.45,120,IBM
2025-11-04,9:30:08.756028681,T,300.84,120,301.45,120,IBM
2025-11-04,9:30:08.833307679,T,300.84,160,301.45,120,IBM
2025-11-04,9:30:08.834119621,T,300.84,200,301.45,120,IBM
2025-11-04,9:30:08.927466857,T,300.84,40,301.45,120,IBM
2025-11-04,9:30:08.927466857,T,298.0,40,301.45,120,IBM
2025-11-04,9:30:08.927506885,T,298.0,40,301.39,40,IBM
2025-11-04,9:30:08.927506885,T,298.0,40,301.06,40,IBM
2025-11-04,9:30:08.927952975,T,298.0,40,301.06,80,IBM
2025-11-04,9:30:08.928018105,T,298.0,80,301.06,80,IBM
2025-11-04,9:30:08.928143422,T,298.0,80,301.06,40,IBM
2025-11-04,9:30:08.928569464,T,298.0,40,301.06,40,IBM
2025-11-04,9:30:08.938262460,T,298.0,80,301.06,40,IBM
2025-11-04,9:30:08.938277504,T,298.0,80,301.45,120,IBM
2025-11-04,9:30:09.028783035,T,300.31,40,301.45,120,IBM
2025-11-04,9:30:09.241679853,T,300.5,40,301.45,120,IBM
2025-11-04,9:30:09.242471753,T,300.5,80,301.45,120,IBM
2025-11-04,9:30:09.413794656,T,300.5,80,301.1,40,IBM
2025-11-04,9:30:09.774042192,T,300.5,80,301.1,80,IBM
2025-11-04,9:30:09.807326417,T,300.5,80,301.1,120,IBM
2025-11-04,9:30:10.693190562,T,300.5,40,301.1,120,IBM
2025-11-04,9:30:10.693190562,T,298.0,40,301.1,120,IBM
2025-11-04,9:30:10.693195795,T,298.0,40,301.06,40,IBM
2025-11-04,9:30:10.693235557,T,298.0,40,301.1,80,IBM
2025-11-04,9:30:10.693240490,T,298.0,40,300.88,40,IBM
2025-11-04,9:30:10.693310764,T,298.0,40,300.88,80,IBM
2025-11-04,9:30:10.694017436,T,300.5,40,300.88,80,IBM
2025-11-04,9:30:10.694037406,T,298.0,40,300.88,80,IBM
2025-11-04,9:30:10.695566101,T,298.0,40,300.88,120,IBM
2025-11-04,9:30:10.706241566,T,298.0,40,300.88,80,IBM
2025-11-04,9:30:10.966355805,T,298.0,40,300.88,40,IBM
2025-11-04,9:30:11.003263720,T,300.5,40,300.88,40,IBM
2025-11-04,9:30:11.003288791,T,298.0,40,300.88,40,IBM
2025-11-04,9:30:11.003509305,T,298.0,40,301.45,120,IBM
2025-11-04,9:30:11.003925225,T,300.21,40,301.45,120,IBM
2025-11-04,9:30:11.005739584,T,300.21,80,301.45,120,IBM
2025-11-04,9:30:11.008275609,T,300.21,40,301.45,120,IBM
2025-11-04,9:30:11.053102370,T,300.21,80,301.45,120,IBM
2025-11-04,9:30:11.205490083,T,300.21,40,301.45,120,IBM
2025-11-04,9:30:11.226144279,T,300.22,40,301.45,120,IBM
2025-11-04,9:30:11.288156891,T,300.22,80,301.45,120,IBM
2025-11-04,9:30:11.353662860,T,300.22,120,301.45,120,IBM
2025-11-04,9:30:11.353687903,T,300.23,40,301.45,120,IBM
2025-11-04,9:30:11.353707946,T,300.53,40,301.45,120,IBM
2025-11-04,9:30:11.354394666,T,300.54,40,301.45,120,IBM
2025-11-04,9:30:11.433507968,T,300.54,80,301.45,120,IBM
2025-11-04,9:30:14.587661992,T,300.54,80,301.06,40,IBM
2025-11-04,9:30:14.896101257,T,300.54,80,301.45,120,IBM
2025-11-04,9:30:14.938838009,T,300.54,40,301.45,120,IBM
2025-11-04,9:30:14.938868014,T,300.54,40,301.06,40,IBM
2025-11-04,9:30:15.922499860,T,300.54,40,301.45,120,IBM
2025-11-04,9:30:17.241439957,T,300.54,40,301.05,40,IBM
2025-11-04,9:30:17.241495029,T,300.0,40,301.05,40,IBM
2025-11-04,9:30:17.241520092,T,298.0,40,301.05,40,IBM
2025-11-04,9:30:17.241550421,T,298.0,40,301.45,120,IBM
2025-11-04,9:30:17.241555170,T,298.0,40,300.8,40,IBM
2025-11-04,9:30:17.241860883,T,298.0,40,300.8,80,IBM
2025-11-04,9:30:17.251313381,T,298.0,40,300.38,40,IBM
2025-11-04,9:30:17.251669284,T,298.0,40,300.8,40,IBM
2025-11-04,9:30:17.251859731,T,298.0,40,301.3,40,IBM
2025-11-04,9:30:17.251965014,T,298.0,40,301.04,40,IBM
2025-11-04,9:30:17.251969986,T,298.0,40,300.55,40,IBM
2025-11-04,9:30:17.252010013,T,298.0,40,300.28,40,IBM
2025-11-04,9:30:17.252215521,T,298.0,80,300.28,40,IBM
2025-11-04,9:30:17.252360925,T,298.0,120,300.28,40,IBM
2025-11-04,9:30:17.252746771,T,298.0,120,300.56,40,IBM
2025-11-04,9:30:17.252957288,T,299.76,40,300.56,40,IBM
2025-11-04,9:30:17.252977328,T,299.76,80,300.56,40,IBM
2025-11-04,9:30:17.252997460,T,299.76,120,300.56,40,IBM
2025-11-04,9:30:17.253252973,T,299.76,120,300.45,40,IBM
2025-11-04,9:30:17.255328001,T,299.76,120,301.04,40,IBM
2025-11-04,9:30:17.258776123,T,299.76,80,301.04,40,IBM
2025-11-04,9:30:17.272599123,T,299.76,80,301.3,40,IBM
2025-11-04,9:30:17.272604071,T,299.76,80,301.08,40,IBM
2025-11-04,9:30:17.273225589,T,299.76,80,301.3,40,IBM
2025-11-04,9:30:17.273255609,T,299.76,80,301.1,40,IBM
2025-11-04,9:30:17.341543211,T,299.76,80,301.39,40,IBM
2025-11-04,9:30:17.342239828,T,299.76,80,301.45,120,IBM
2025-11-04,9:30:17.345923666,T,299.76,80,301.39,40,IBM
2025-11-04,9:30:18.355832938,T,299.77,40,301.39,40,IBM
2025-11-04,9:30:18.355832938,T,299.77,40,301.45,120,IBM
2025-11-04,9:30:18.355853135,T,299.77,80,301.45,120,IBM
2025-11-04,9:30:18.355878108,T,299.77,120,301.45,120,IBM
2025-11-04,9:30:18.606078743,T,299.77,80,301.45,120,IBM
2025-11-04,9:30:18.606128787,T,299.78,40,301.45,120,IBM
2025-11-04,9:30:18.606153949,T,299.78,80,301.45,120,IBM
2025-11-04,9:30:18.606178914,T,299.78,120,301.45,120,IBM
2025-11-04,9:30:18.746528094,T,299.78,80,301.45,120,IBM
2025-11-04,9:30:18.918302061,T,299.78,80,301.04,40,IBM
2025-11-04,9:30:18.918332090,T,299.78,80,301.04,80,IBM
2025-11-04,9:30:19.506271833,T,299.78,80,300.68,40,IBM
2025-11-04,9:30:19.667661038,T,299.78,160,300.68,40,IBM
2025-11-04,9:30:20.009043768,T,299.78,160,301.04,40,IBM
2025-11-04,9:30:20.009073750,T,299.78,160,301.04,80,IBM
2025-11-04,9:30:20.009103885,T,299.78,160,300.69,40,IBM
2025-11-04,9:30:20.178221447,T,299.78,160,301.04,40,IBM
2025-11-04,9:30:20.220401864,T,299.78,160,300.7,40,IBM
2025-11-04,9:30:20.263604754,T,299.78,440,300.7,40,IBM
2025-11-04,9:30:20.264171066,T,299.78,440,301.04,40,IBM
2025-11-04,9:30:20.264331443,T,299.78,160,301.04,40,IBM
2025-11-04,9:30:20.264972975,T,299.78,160,300.9,40,IBM
2025-11-04,9:30:20.821412797,T,299.78,160,301.04,40,IBM
2025-11-04,9:30:22.962921524,T,299.78,160,300.9,40,IBM
2025-11-04,9:30:22.962951687,T,299.78,160,300.89,40,IBM
2025-11-04,9:30:23.092374793,T,299.78,160,300.9,40,IBM
2025-11-04,9:30:23.095046095,T,299.95,40,300.9,40,IBM
2025-11-04,9:30:23.095071137,T,299.95,80,300.9,40,IBM
2025-11-04,9:30:23.095091206,T,299.95,120,300.9,40,IBM
2025-11-04,9:30:23.474434655,T,299.95,80,300.9,40,IBM
2025-11-04,9:30:23.474434655,T,300.42,40,300.9,40,IBM
2025-11-04,9:30:23.474459366,T,300.42,80,300.9,40,IBM
2025-11-04,9:30:23.475226105,T,300.42,120,300.9,40,IBM
2025-11-04,9:30:25.638245564,T,300.42,120,300.9,80,IBM
2025-11-04,9:30:25.638310685,T,300.42,120,300.89,40,IBM
2025-11-04,9:30:25.638757282,T,300.42,80,300.89,40,IBM
2025-11-04,9:30:25.638757282,T,300.42,40,300.89,40,IBM
2025-11-04,9:30:25.638826940,T,299.78,80,300.89,40,IBM
2025-11-04,9:30:25.638856935,T,299.78,80,300.89,80,IBM
2025-11-04,9:30:25.638897052,T,299.78,80,300.88,40,IBM
2025-11-04,9:30:25.642425489,T,300.01,40,300.88,40,IBM
2025-11-04,9:30:25.643162265,T,300.01,40,300.9,80,IBM
2025-11-04,9:30:25.649783097,T,299.78,80,300.9,80,IBM
2025-11-04,9:30:25.649783097,T,300.3,40,300.9,80,IBM
2025-11-04,9:30:25.670582504,T,299.78,80,300.9,80,IBM
2025-11-04,9:30:26.544658284,T,299.78,80,300.89,40,IBM
2025-11-04,9:30:26.547048974,T,299.78,80,300.59,40,IBM
2025-11-04,9:30:26.547615381,T,299.88,40,300.59,40,IBM
2025-11-04,9:30:26.551419416,T,299.88,40,300.89,40,IBM
2025-11-04,9:30:26.551419416,T,299.88,40,300.33,40,IBM
2025-11-04,9:30:26.554306279,T,299.88,40,300.9,80,IBM
2025-11-04,9:30:26.803203796,T,299.88,40,300.89,40,IBM
2025-11-04,9:30:27.335876865,T,299.88,40,300.9,80,IBM
2025-11-04,9:30:27.336102417,T,299.88,40,300.88,40,IBM
2025-11-04,9:30:27.552853365,T,299.88,40,300.9,80,IBM
2025-11-04,9:30:27.553068941,T,299.88,40,300.87,40,IBM
2025-11-04,9:30:27.852085818,T,299.88,40,300.9,80,IBM
2025-11-04,9:30:27.852396579,T,299.88,40,300.86,40,IBM
2025-11-04,9:30:28.395855351,T,299.88,40,300.9,80,IBM
2025-11-04,9:30:28.396356599,T,299.88,40,300.85,40,IBM
2025-11-04,9:30:29.192968110,T,299.88,40,300.9,80,IBM
2025-11-04,9:30:29.193489439,T,299.88,40,300.84,40,IBM
2025-11-04,9:30:29.230251921,T,299.88,40,300.9,80,IBM
2025-11-04,9:30:29.231880817,T,299.88,40,300.84,40,IBM
2025-11-04,9:30:29.479796019,T,299.88,40,300.9,80,IBM
2025-11-04,9:30:29.645169807,T,299.88,120,300.9,80,IBM
2025-11-04,9:30:29.645199842,T,299.95,40,300.9,80,IBM
2025-11-04,9:30:31.237786267,T,299.88,120,300.9,80,IBM
2025-11-04,9:30:31.237846403,T,299.94,40,300.9,80,IBM
2025-11-04,9:30:31.237871465,T,299.88,120,300.9,80,IBM
2025-11-04,9:30:31.237871465,T,300.27,40,300.9,80,IBM
2025-11-04,9:30:31.238863844,T,300.02,80,300.9,80,IBM
2025-11-04,9:30:31.240302252,T,300.27,40,300.9,80,IBM
2025-11-04,9:30:31.247474377,T,300.02,80,300.9,80,IBM
2025-11-04,9:30:31.773566807,T,300.27,40,300.9,80,IBM
2025-11-04,9:30:31.934264367,T,300.39,40,300.9,80,IBM
2025-11-04,9:30:31.937461913,T,300.27,40,300.9,80,IBM
2025-11-04,9:30:31.937461913,T,300.27,40,300.84,40,IBM
2025-11-04,9:30:31.951074333,T,300.27,40,300.9,80,IBM
2025-11-04,9:30:32.022679842,T,300.27,40,300.84,40,IBM
2025-11-04,9:30:32.034367601,T,300.27,40,300.9,80,IBM
2025-11-04,9:30:32.141402461,T,300.27,40,300.84,40,IBM
2025-11-04,9:30:32.142074125,T,300.27,40,300.9,80,IBM
2025-11-04,9:30:32.227221811,T,300.27,40,300.84,40,IBM
2025-11-04,9:30:32.238603924,T,300.02,80,300.84,40,IBM
2025-11-04,9:30:32.238648997,T,299.88,80,300.84,40,IBM
2025-11-04,9:30:32.394730593,T,299.88,80,300.9,40,IBM
2025-11-04,9:30:34.684030649,T,299.88,80,300.78,40,IBM
2025-11-04,9:30:34.684898182,T,299.88,80,300.9,80,IBM
2025-11-04,9:30:34.684902714,T,299.88,80,300.59,40,IBM
2025-11-04,9:30:34.685328738,T,299.88,80,300.9,80,IBM
2025-11-04,9:30:34.686220816,T,300.06,80,300.9,80,IBM
2025-11-04,9:30:34.686220816,T,300.06,80,300.75,40,IBM
2025-11-04,9:30:34.686541548,T,300.06,160,300.75,40,IBM
2025-11-04,9:30:34.686997693,T,300.06,160,300.9,80,IBM
2025-11-04,9:30:34.784900804,T,300.06,160,300.9,40,IBM
2025-11-04,9:30:34.842918968,T,300.06,160,300.9,80,IBM
2025-11-04,9:30:34.934812658,T,300.06,160,300.83,40,IBM
2025-11-04,9:30:35.188316299,T,300.07,80,300.83,40,IBM
2025-11-04,9:30:35.188346361,T,300.07,80,300.9,40,IBM
2025-11-04,9:30:36.877026789,T,300.08,80,300.9,40,IBM
2025-11-04,9:30:36.886168602,T,300.06,80,300.9,40,IBM
2025-11-04,9:30:38.101872659,T,300.06,80,300.82,40,IBM
2025-11-04,9:30:38.105145533,T,300.06,80,300.82,80,IBM
2025-11-04,9:30:38.692634011,T,300.06,80,300.82,40,IBM
2025-11-04,9:30:38.692724300,T,300.06,80,300.81,40,IBM
2025-11-04,9:30:38.848294630,T,300.06,80,300.82,40,IBM
2025-11-04,9:30:39.026178092,T,300.06,80,300.81,40,IBM
2025-11-04,9:30:39.518284664,T,300.06,80,300.82,40,IBM
2025-11-04,9:30:39.518795880,T,300.06,80,300.81,40,IBM
2025-11-04,9:30:39.623434960,T,300.06,80,300.82,40,IBM
2025-11-04,9:30:39.645387234,T,300.07,80,300.82,40,IBM
2025-11-04,9:30:41.064435525,T,300.07,80,300.77,40,IBM
2025-11-04,9:30:41.314881811,T,300.07,80,300.82,40,IBM
2025-11-04,9:30:41.731699136,T,300.07,360,300.82,40,IBM
2025-11-04,9:30:41.732406130,T,300.07,80,300.82,40,IBM
2025-11-04,9:30:46.062213921,T,300.08,40,300.82,40,IBM
2025-11-04,9:30:48.308621823,T,300.08,40,300.79,40,IBM
2025-11-04,9:30:48.411461720,T,300.08,40,300.82,40,IBM
2025-11-04,9:30:51.470659691,T,300.08,40,300.79,40,IBM
2025-11-04,9:30:51.470679756,T,300.08,40,300.82,40,IBM
2025-11-04,9:30:51.470684807,T,300.08,40,300.46,40,IBM
2025-11-04,9:30:51.471241128,T,300.08,40,300.81,40,IBM
2025-11-04,9:30:51.471446559,T,298.59,40,300.81,40,IBM
2025-11-04,9:30:51.471712225,T,298.59,40,300.44,40,IBM
2025-11-04,9:30:51.471867670,T,298.59,40,300.81,40,IBM
2025-11-04,9:30:51.471872575,T,298.59,40,300.25,40,IBM
2025-11-04,9:30:51.471942775,T,298.4,40,300.25,40,IBM
2025-11-04,9:30:51.472243469,T,298.4,40,300.25,80,IBM
2025-11-04,9:30:51.472479075,T,299.87,40,300.25,80,IBM
2025-11-04,9:30:51.472754692,T,298.4,40,300.25,80,IBM
2025-11-04,9:30:51.473095570,T,298.4,40,300.25,120,IBM
2025-11-04,9:30:51.473205792,T,298.4,40,300.25,160,IBM
2025-11-04,9:30:51.473336111,T,298.21,40,300.25,160,IBM
2025-11-04,9:30:51.473616831,T,298.59,40,300.25,160,IBM
2025-11-04,9:30:51.479250233,T,298.21,40,300.25,160,IBM
2025-11-04,9:30:51.489599851,T,298.21,40,300.25,120,IBM
2025-11-04,9:30:51.489629878,T,298.21,40,300.25,80,IBM
2025-11-04,9:30:51.576311292,T,298.21,40,300.25,40,IBM
2025-11-04,9:30:51.654156645,T,298.21,40,300.82,40,IBM
2025-11-04,9:30:52.294024940,T,299.59,40,300.82,40,IBM
2025-11-04,9:30:52.295603739,T,298.21,40,300.82,40,IBM
2025-11-04,9:30:52.483626289,T,299.59,160,300.82,40,IBM
2025-11-04,9:30:54.772234996,T,299.59,160,300.25,120,IBM
2025-11-04,9:30:54.777502447,T,299.59,160,300.25,160,IBM
2025-11-04,9:30:54.983868819,T,298.21,40,300.25,160,IBM
2025-11-04,9:30:55.922553492,T,299.59,600,300.25,160,IBM
2025-11-04,9:30:55.923024598,T,298.21,40,300.25,160,IBM
2025-11-04,9:31:00.145517274,T,299.59,80,300.25,160,IBM
2025-11-04,9:31:00.426836993,T,299.59,80,300.25,40,IBM
2025-11-04,9:31:00.426857351,T,299.59,80,301.39,40,IBM
2025-11-04,9:31:00.426887063,T,299.83,40,301.39,40,IBM
2025-11-04,9:31:00.426897078,T,299.83,40,301.33,40,IBM
2025-11-04,9:31:00.426952210,T,299.84,40,301.33,40,IBM
2025-11-04,9:31:00.427052481,T,299.84,40,300.34,400,IBM
2025-11-04,9:31:00.427122660,T,300.06,40,300.34,400,IBM
2025-11-04,9:31:00.427217950,T,300.06,40,300.34,480,IBM
2025-11-04,9:31:00.427358207,T,300.25,40,300.34,480,IBM
2025-11-04,9:31:00.427383333,T,300.06,40,300.34,480,IBM
2025-11-04,9:31:00.427403330,T,300.06,40,300.34,80,IBM
2025-11-04,9:31:00.427408324,T,300.06,40,300.25,80,IBM
2025-11-04,9:31:00.427433445,T,300.06,40,300.25,480,IBM
2025-11-04,9:31:00.427498615,T,300.06,40,300.25,600,IBM
2025-11-04,9:31:00.427724106,T,299.59,80,300.25,600,IBM
2025-11-04,9:31:00.427744488,T,299.59,80,300.25,200,IBM
2025-11-04,9:31:00.427749110,T,299.59,80,300.25,80,IBM
2025-11-04,9:31:00.427749110,T,299.59,80,300.06,80,IBM
2025-11-04,9:31:00.427749110,T,299.59,80,300.06,160,IBM
2025-11-04,9:31:00.427764193,T,299.59,80,300.06,560,IBM
2025-11-04,9:31:00.427769178,T,299.59,80,300.06,480,IBM
2025-11-04,9:31:00.427769178,T,299.59,80,300.06,400,IBM
2025-11-04,9:31:00.427784202,T,299.59,80,300.06,200,IBM
2025-11-04,9:31:00.427794303,T,299.59,80,300.06,120,IBM
2025-11-04,9:31:00.427829592,T,299.59,80,301.39,40,IBM
2025-11-04,9:31:00.427829592,T,299.84,40,301.39,40,IBM
2025-11-04,9:31:00.427884466,T,299.59,80,301.39,40,IBM
2025-11-04,9:31:00.427904538,T,299.6,40,301.39,40,IBM
2025-11-04,9:31:00.427909595,T,299.91,40,301.39,40,IBM
2025-11-04,9:31:00.428105045,T,299.91,40,301.33,40,IBM
2025-11-04,9:31:00.428190588,T,299.91,40,301.3,40,IBM
2025-11-04,9:31:00.428235327,T,299.91,40,301.33,40,IBM
2025-11-04,9:31:00.428255380,T,299.6,40,301.33,40,IBM
2025-11-04,9:31:00.428290392,T,299.6,40,301.39,40,IBM
2025-11-04,9:31:00.428395662,T,299.84,40,301.39,40,IBM
2025-11-04,9:31:00.429047248,T,300.06,160,301.39,40,IBM
2025-11-04,9:31:00.429844174,T,300.06,80,301.39,40,IBM
2025-11-04,9:31:00.434064159,T,300.06,80,301.44,40,IBM
2025-11-04,9:31:00.434274685,T,300.06,80,300.82,40,IBM
2025-11-04,9:31:00.506682091,T,300.08,40,300.82,40,IBM
2025-11-04,9:31:00.651236192,T,299.59,80,300.82,40,IBM
2025-11-04,9:31:00.652068171,T,300.06,360,300.82,40,IBM
2025-11-04,9:31:02.923826657,T,300.06,360,301.27,160,IBM
2025-11-04,9:31:03.919100913,T,300.06,360,300.78,40,IBM
2025-11-04,9:31:03.919181165,T,300.06,360,300.48,40,IBM
2025-11-04,9:31:03.919907818,T,300.06,80,300.48,40,IBM
2025-11-04,9:31:03.919917941,T,299.71,200,300.48,40,IBM
2025-11-04,9:31:03.920434165,T,299.71,200,300.78,40,IBM
2025-11-04,9:31:03.920469207,T,299.71,200,300.78,80,IBM
2025-11-04,9:31:03.920519340,T,299.71,200,300.78,40,IBM
2025-11-04,9:31:03.920554406,T,299.71,200,300.44,40,IBM
2025-11-04,9:31:03.920664721,T,299.59,120,300.44,40,IBM
2025-11-04,9:31:03.920694798,T,300.06,40,300.44,40,IBM
2025-11-04,9:31:03.920724848,T,299.59,80,300.44,40,IBM
2025-11-04,9:31:03.920754891,T,299.59,120,300.44,40,IBM
2025-11-04,9:31:03.920759955,T,299.59,80,300.44,40,IBM
2025-11-04,9:31:03.920835073,T,299.59,120,300.44,40,IBM
2025-11-04,9:31:03.920855143,T,299.59,80,300.44,40,IBM
2025-11-04,9:31:03.920865141,T,299.59,120,300.44,40,IBM
2025-11-04,9:31:03.920900262,T,299.64,40,300.44,40,IBM
2025-11-04,9:31:03.921050655,T,299.59,120,300.44,40,IBM
2025-11-04,9:31:03.921191230,T,299.59,80,300.44,40,IBM
2025-11-04,9:31:03.921346292,T,299.59,80,300.78,120,IBM
2025-11-04,9:31:03.921451515,T,299.59,80,300.78,80,IBM
2025-11-04,9:31:03.921491615,T,299.64,80,300.78,80,IBM
2025-11-04,9:31:03.921631999,T,299.64,120,300.78,80,IBM
2025-11-04,9:31:03.929495653,T,299.64,40,300.78,80,IBM
2025-11-04,9:31:03.986245789,T,299.64,40,300.78,40,IBM
2025-11-04,9:31:03.986421240,T,299.64,40,300.96,40,IBM
2025-11-04,9:31:04.019910984,T,299.64,40,301.27,200,IBM
2025-11-04,9:31:04.360762595,T,299.64,40,301.14,40,IBM
2025-11-04,9:31:04.360767588,T,299.16,40,301.14,40,IBM
2025-11-04,9:31:04.361013186,T,299.16,40,300.77,40,IBM
2025-11-04,9:31:04.361223631,T,299.16,40,300.77,80,IBM
2025-11-04,9:31:04.361248679,T,299.64,40,300.77,80,IBM
2025-11-04,9:31:04.513962339,T,299.64,40,300.77,40,IBM
2025-11-04,9:31:04.514017540,T,299.64,40,300.76,40,IBM
2025-11-04,9:31:04.514528681,T,299.64,40,300.76,80,IBM
2025-11-04,9:31:04.674655046,T,299.64,40,300.76,40,IBM
2025-11-04,9:31:04.674900592,T,299.64,40,300.75,40,IBM
2025-11-04,9:31:04.675050880,T,299.16,40,300.75,40,IBM
2025-11-04,9:31:04.675076038,T,299.16,40,300.2,40,IBM
2025-11-04,9:31:04.675106095,T,298.97,40,300.2,40,IBM
2025-11-04,9:31:04.675116074,T,299.65,80,300.2,40,IBM
2025-11-04,9:31:04.675136389,T,299.65,80,300.51,40,IBM
2025-11-04,9:31:04.675216798,T,299.65,80,300.74,40,IBM
2025-11-04,9:31:04.675222021,T,299.65,80,300.2,40,IBM
2025-11-04,9:31:04.676374053,T,299.59,40,300.2,40,IBM
2025-11-04,9:31:04.680243308,T,299.59,40,300.51,40,IBM
2025-11-04,9:31:04.680303639,T,299.59,40,300.47,40,IBM
2025-11-04,9:31:04.695569736,T,299.59,40,300.47,80,IBM
2025-11-04,9:31:04.974473785,T,299.59,40,300.47,40,IBM
2025-11-04,9:31:04.974804624,T,299.59,40,300.46,40,IBM
2025-11-04,9:31:05.547006844,T,299.59,40,301.14,40,IBM
2025-11-04,9:31:05.547477894,T,299.67,80,301.14,40,IBM
2025-11-04,9:31:05.547818735,T,299.67,80,300.5,40,IBM
2025-11-04,9:31:05.548745967,T,299.59,40,300.5,40,IBM
2025-11-04,9:31:05.710009891,T,299.59,120,300.5,40,IBM
2025-11-04,9:31:05.725581909,T,299.59,80,300.5,40,IBM
2025-11-04,9:31:05.725902713,T,299.59,80,300.5,80,IBM
2025-11-04,9:31:05.726343706,T,298.98,160,300.5,80,IBM
2025-11-04,9:31:05.726363973,T,298.98,160,299.97,40,IBM
2025-11-04,9:31:05.726398836,T,298.98,160,299.96,40,IBM
2025-11-04,9:31:05.726870097,T,298.98,160,299.96,80,IBM
2025-11-04,9:31:05.726950201,T,298.98,160,299.96,120,IBM
2025-11-04,9:31:05.727065490,T,298.98,160,299.96,80,IBM
2025-11-04,9:31:05.727080531,T,298.98,160,299.96,40,IBM
2025-11-04,9:31:05.727175754,T,298.78,40,299.96,40,IBM
2025-11-04,9:31:05.727195774,T,298.59,40,299.96,40,IBM
2025-11-04,9:31:05.727947567,T,298.78,40,299.96,40,IBM
2025-11-04,9:31:05.728363608,T,298.59,40,299.96,40,IBM
2025-11-04,9:31:05.762214146,T,298.59,40,299.96,80,IBM
2025-11-04,9:31:05.763757859,T,298.4,40,299.96,80,IBM
2025-11-04,9:31:05.851501741,T,298.4,40,299.96,40,IBM
2025-11-04,9:31:05.960180510,T,298.44,200,299.96,40,IBM
2025-11-04,9:31:05.960210506,T,298.44,240,299.96,40,IBM
2025-11-04,9:31:06.052049194,T,298.74,80,299.96,40,IBM
2025-11-04,9:31:06.052079192,T,299.0,40,299.96,40,IBM
2025-11-04,9:31:06.141401883,T,298.74,80,299.96,40,IBM
2025-11-04,9:31:06.239475408,T,299.0,40,299.96,40,IBM
2025-11-04,9:31:06.555547733,T,299.01,80,299.96,40,IBM
2025-11-04,9:31:06.555612957,T,299.02,40,299.96,40,IBM
2025-11-04,9:31:06.556099041,T,299.02,40,300.6,40,IBM
2025-11-04,9:31:06.769757706,T,299.01,80,300.6,40,IBM
2025-11-04,9:31:06.769837888,T,299.03,40,300.6,40,IBM
2025-11-04,9:31:06.943295937,T,299.02,40,300.6,40,IBM
2025-11-04,9:31:07.059312099,T,299.04,40,300.6,40,IBM
2025-11-04,9:31:07.067541708,T,299.1,80,300.6,40,IBM
2025-11-04,9:31:07.302345721,T,299.1,80,300.6,80,IBM
2025-11-04,9:31:07.302651479,T,299.1,80,300.6,120,IBM
2025-11-04,9:31:07.302821846,T,299.1,80,300.53,80,IBM
2025-11-04,9:31:07.302851888,T,299.1,80,300.53,120,IBM
2025-11-04,9:31:07.303312966,T,299.1,80,300.53,80,IBM
2025-11-04,9:31:07.920266866,T,299.1,160,300.53,80,IBM
2025-11-04,9:31:07.928922405,T,299.1,160,300.6,40,IBM
2025-11-04,9:31:07.928952570,T,299.1,160,300.6,80,IBM
2025-11-04,9:31:07.929132978,T,299.1,160,300.6,120,IBM
2025-11-04,9:31:07.974987138,T,299.1,80,300.6,120,IBM
2025-11-04,9:31:07.975478248,T,299.1,80,300.6,80,IBM
2025-11-04,9:31:07.975488337,T,299.1,80,300.6,40,IBM
2025-11-04,9:31:09.988991851,T,299.04,40,300.6,40,IBM
2025-11-04,9:31:12.390945316,T,299.11,80,300.6,40,IBM
2025-11-04,9:31:12.878696235,T,299.11,160,300.6,40,IBM
2025-11-04,9:31:14.289710387,T,299.11,80,300.6,40,IBM
2025-11-04,9:31:14.291023444,T,299.04,40,300.6,40,IBM
2025-11-04,9:31:14.455144136,T,299.02,40,300.6,40,IBM
2025-11-04,9:31:14.455149156,T,299.02,40,299.94,40,IBM
2025-11-04,9:31:14.470270161,T,299.02,40,300.6,40,IBM
2025-11-04,9:31:15.237416566,T,298.59,40,300.6,40,IBM
2025-11-04,9:31:15.240358509,T,299.12,40,300.6,40,IBM
2025-11-04,9:31:15.258591913,T,298.59,40,300.6,40,IBM
2025-11-04,9:31:15.352936595,T,299.11,120,300.6,40,IBM
2025-11-04,9:31:15.357582648,T,299.12,80,300.6,40,IBM
2025-11-04,9:31:15.367145385,T,299.11,120,300.6,40,IBM
2025-11-04,9:31:16.306376528,T,299.11,200,300.6,40,IBM
2025-11-04,9:31:17.076364607,T,299.22,40,300.6,40,IBM
2025-11-04,9:31:17.472207017,T,299.11,120,300.6,40,IBM
2025-11-04,9:31:17.837226058,T,299.25,120,300.6,40,IBM
2025-11-04,9:31:17.837226058,T,299.25,160,300.6,40,IBM
2025-11-04,9:31:18.077367737,T,299.25,120,300.6,40,IBM
2025-11-04,9:31:18.245327596,T,299.25,120,300.77,40,IBM
2025-11-04,9:31:18.295030970,T,299.61,80,300.77,40,IBM
2025-11-04,9:31:18.295822887,T,299.61,200,300.77,40,IBM
2025-11-04,9:31:20.623865411,T,299.61,160,300.77,40,IBM
2025-11-04,9:31:20.623890540,T,299.61,120,300.77,40,IBM
2025-11-04,9:31:20.623890540,T,298.78,40,300.77,40,IBM
2025-11-04,9:31:20.623920602,T,298.78,40,300.6,40,IBM
2025-11-04,9:31:20.623935603,T,298.78,40,300.42,40,IBM
2025-11-04,9:31:20.623950684,T,298.78,40,299.93,40,IBM
2025-11-04,9:31:20.624702458,T,299.25,40,299.93,40,IBM
2025-11-04,9:31:20.642529840,T,299.25,40,300.77,40,IBM
2025-11-04,9:31:20.982579498,T,299.25,40,299.93,40,IBM
2025-11-04,9:31:20.989826818,T,298.78,40,299.93,40,IBM
2025-11-04,9:31:20.989881810,T,298.78,40,299.59,40,IBM
2025-11-04,9:31:20.989891909,T,298.75,200,299.59,40,IBM
2025-11-04,9:31:20.989982044,T,298.75,160,299.59,40,IBM
2025-11-04,9:31:20.991235099,T,298.75,160,299.93,40,IBM
2025-11-04,9:31:20.991585882,T,298.75,160,299.6,40,IBM
2025-11-04,9:31:21.002807659,T,298.75,360,299.6,40,IBM
2025-11-04,9:31:21.007644145,T,298.82,80,299.6,40,IBM
2025-11-04,9:31:21.008942215,T,298.82,80,300.42,40,IBM
2025-11-04,9:31:21.017462460,T,298.75,360,300.42,40,IBM
2025-11-04,9:31:21.017492611,T,298.75,360,299.6,40,IBM
2025-11-04,9:31:21.018279494,T,298.75,160,299.6,40,IBM
2025-11-04,9:31:21.020965839,T,298.75,160,300.42,40,IBM
2025-11-04,9:31:21.090391157,T,298.75,160,300.6,40,IBM
2025-11-04,9:31:23.908394855,T,298.21,40,300.6,40,IBM
2025-11-04,9:31:23.908404858,T,298.46,160,300.6,40,IBM
2025-11-04,9:31:23.954594895,T,298.46,160,300.42,40,IBM
2025-11-04,9:31:23.954624959,T,298.46,160,299.3,40,IBM
2025-11-04,9:31:23.958629459,T,298.46,160,300.42,40,IBM
2025-11-04,9:31:23.964744028,T,298.75,80,300.42,40,IBM
2025-11-04,9:31:24.829502748,T,298.46,160,300.42,40,IBM
2025-11-04,9:31:26.326366327,T,298.46,160,300.39,160,IBM
2025-11-04,9:31:27.093998734,T,298.46,160,299.72,40,IBM
2025-11-04,9:31:27.094550017,T,298.76,40,299.72,40,IBM
2025-11-04,9:31:27.102509011,T,298.76,40,300.39,160,IBM
2025-11-04,9:31:33.452075509,T,298.76,40,299.15,40,IBM
2025-11-04,9:31:33.452205911,T,298.76,40,300.39,160,IBM
2025-11-04,9:31:33.452251015,T,298.76,120,300.39,160,IBM
2025-11-04,9:31:33.452451500,T,298.76,80,300.39,160,IBM
2025-11-04,9:31:33.452591756,T,299.15,40,300.39,160,IBM
2025-11-04,9:31:33.452626898,T,298.76,80,300.39,160,IBM
2025-11-04,9:31:33.452646953,T,298.76,80,300.31,40,IBM
2025-11-04,9:31:33.452651998,T,298.76,80,300.29,40,IBM
2025-11-04,9:31:33.452661962,T,298.76,80,300.24,40,IBM
2025-11-04,9:31:33.452661962,T,298.46,160,300.24,40,IBM
2025-11-04,9:31:33.452671979,T,298.46,160,299.88,40,IBM
2025-11-04,9:31:33.452742158,T,298.46,160,299.8,40,IBM
2025-11-04,9:31:33.452947641,T,298.46,160,299.88,40,IBM
2025-11-04,9:31:33.453724508,T,298.46,160,300.06,40,IBM
2025-11-04,9:31:33.453749525,T,298.46,160,300.16,40,IBM
2025-11-04,9:31:33.552875528,T,298.46,160,300.39,160,IBM
2025-11-04,9:31:36.149036530,T,298.78,80,300.39,160,IBM
2025-11-04,9:31:37.199201553,T,298.78,80,300.42,40,IBM
2025-11-04,9:31:37.199201553,T,298.78,80,300.08,160,IBM
2025-11-04,9:31:39.328841394,T,298.78,120,300.08,160,IBM
2025-11-04,9:31:44.943102409,T,298.78,120,300.42,40,IBM
2025-11-04,9:31:44.943102409,T,298.78,120,299.83,160,IBM
2025-11-04,9:31:49.185747955,T,299.0,40,299.83,160,IBM
2025-11-04,9:31:51.500684046,T,298.78,80,299.83,160,IBM
2025-11-04,9:31:51.500709112,T,298.78,80,299.69,40,IBM
2025-11-04,9:31:51.500709112,T,298.78,80,299.56,40,IBM
2025-11-04,9:31:51.500769226,T,298.78,80,299.52,40,IBM
2025-11-04,9:31:51.500779252,T,298.78,80,299.56,40,IBM
2025-11-04,9:31:51.500804342,T,298.78,80,299.52,40,IBM
2025-11-04,9:31:51.500959632,T,298.78,80,299.35,40,IBM
2025-11-04,9:31:51.502533445,T,298.78,280,299.35,40,IBM
2025-11-04,9:31:51.505089505,T,298.78,200,299.35,40,IBM
2025-11-04,9:31:51.505089505,T,298.46,160,299.35,40,IBM
2025-11-04,9:31:51.505114842,T,298.46,160,299.18,40,IBM
2025-11-04,9:31:51.505129658,T,298.46,160,299.05,40,IBM
2025-11-04,9:31:51.505285008,T,298.0,80,299.05,40,IBM
2025-11-04,9:31:51.505294957,T,298.2,160,299.05,40,IBM
2025-11-04,9:31:51.505355132,T,298.2,160,299.05,80,IBM
2025-11-04,9:31:51.505550660,T,298.2,160,299.05,40,IBM
2025-11-04,9:31:51.511118874,T,298.2,160,299.05,80,IBM
2025-11-04,9:31:51.511329349,T,298.2,160,299.05,120,IBM
2025-11-04,9:31:51.511730409,T,298.2,160,299.05,160,IBM
2025-11-04,9:31:51.519829558,T,298.2,160,299.05,200,IBM
2025-11-04,9:31:51.520862023,T,298.2,160,299.05,280,IBM
2025-11-04,9:31:51.520882087,T,298.2,160,298.92,80,IBM
2025-11-04,9:31:51.520997392,T,298.2,160,298.92,200,IBM
2025-11-04,9:31:51.521398322,T,298.2,160,298.92,160,IBM
2025-11-04,9:31:51.521398322,T,298.2,160,298.92,120,IBM
2025-11-04,9:31:51.521423439,T,298.2,200,298.92,120,IBM
2025-11-04,9:31:51.521428406,T,298.36,40,298.92,120,IBM
2025-11-04,9:31:51.521438382,T,298.78,40,298.92,120,IBM
2025-11-04,9:31:51.521438382,T,298.36,40,298.92,120,IBM
2025-11-04,9:31:51.521448466,T,298.36,40,298.92,80,IBM
2025-11-04,9:31:51.521448466,T,298.36,40,298.92,40,IBM
2025-11-04,9:31:51.521453494,T,298.2,160,298.92,40,IBM
2025-11-04,9:31:51.521473475,T,298.2,160,299.05,80,IBM
2025-11-04,9:31:51.521493573,T,298.36,40,299.05,80,IBM
2025-11-04,9:31:51.521498580,T,298.47,40,299.05,80,IBM
2025-11-04,9:31:51.521508855,T,298.59,40,299.05,80,IBM
2025-11-04,9:31:51.521508855,T,298.2,160,299.05,80,IBM
2025-11-04,9:31:51.521513580,T,298.36,40,299.05,80,IBM
2025-11-04,9:31:51.521538648,T,298.37,40,299.05,80,IBM
2025-11-04,9:31:51.521608832,T,298.37,40,298.92,40,IBM
2025-11-04,9:31:51.521694087,T,298.37,40,299.05,80,IBM
2025-11-04,9:31:51.521764184,T,298.37,40,298.92,40,IBM
2025-11-04,9:31:51.521899526,T,298.37,40,298.92,80,IBM
2025-11-04,9:31:51.521899526,T,298.37,40,298.92,40,IBM
2025-11-04,9:31:51.521914593,T,298.37,40,298.87,40,IBM
2025-11-04,9:31:51.522039887,T,298.37,40,298.87,80,IBM
2025-11-04,9:31:51.522165132,T,298.37,40,298.87,120,IBM
2025-11-04,9:31:51.522335613,T,298.37,40,298.87,160,IBM
2025-11-04,9:31:51.522350605,T,298.37,40,298.87,120,IBM
2025-11-04,9:31:51.522350605,T,298.37,40,298.87,80,IBM
2025-11-04,9:31:51.522380970,T,298.47,40,298.87,80,IBM
2025-11-04,9:31:51.522395684,T,298.5,40,298.87,80,IBM
2025-11-04,9:31:51.522410688,T,298.37,40,298.87,80,IBM
2025-11-04,9:31:51.522531083,T,298.36,40,298.87,80,IBM
2025-11-04,9:31:51.522546320,T,298.37,40,298.87,80,IBM
2025-11-04,9:31:51.522596460,T,298.36,40,298.87,80,IBM
2025-11-04,9:31:51.522631215,T,298.2,200,298.87,80,IBM
2025-11-04,9:31:51.531156528,T,298.37,40,298.87,80,IBM
2025-11-04,9:31:51.531156528,T,298.37,40,298.87,40,IBM
2025-11-04,9:31:51.531161557,T,298.37,40,299.05,40,IBM
2025-11-04,9:31:51.531181601,T,298.5,40,299.05,40,IBM
2025-11-04,9:31:51.531181601,T,298.37,40,299.05,40,IBM
2025-11-04,9:31:51.531221681,T,298.2,200,299.05,40,IBM
2025-11-04,9:31:51.531412186,T,298.2,200,298.92,40,IBM
2025-11-04,9:31:51.531502393,T,298.2,200,298.92,80,IBM
2025-11-04,9:31:51.531507420,T,298.2,200,298.92,160,IBM
2025-11-04,9:31:51.531507420,T,298.2,200,298.92,200,IBM
2025-11-04,9:31:51.531522443,T,298.2,200,298.89,40,IBM
2025-11-04,9:31:51.531527439,T,298.2,200,298.89,160,IBM
2025-11-04,9:31:51.531562510,T,298.2,200,298.87,40,IBM
2025-11-04,9:31:51.531562510,T,298.2,200,298.87,120,IBM
2025-11-04,9:31:51.531667815,T,298.2,200,298.87,240,IBM
2025-11-04,9:31:51.531878241,T,298.2,200,298.87,280,IBM
2025-11-04,9:31:51.532690273,T,298.2,200,298.87,240,IBM
2025-11-04,9:31:51.532690273,T,298.2,200,298.87,200,IBM
2025-11-04,9:31:51.532715243,T,298.2,200,298.87,120,IBM
2025-11-04,9:31:51.532725312,T,298.36,40,298.87,120,IBM
2025-11-04,9:31:51.532745370,T,298.36,40,298.87,40,IBM
2025-11-04,9:31:51.532745370,T,298.36,40,298.92,120,IBM
2025-11-04,9:31:51.532755320,T,298.5,40,298.92,120,IBM
2025-11-04,9:31:51.532765437,T,298.57,40,298.92,120,IBM
2025-11-04,9:31:51.532795792,T,298.5,40,298.92,120,IBM
2025-11-04,9:31:51.532840596,T,298.5,40,298.87,40,IBM
2025-11-04,9:31:51.532985876,T,298.5,40,298.87,120,IBM
2025-11-04,9:31:51.533061067,T,298.5,40,298.87,160,IBM
2025-11-04,9:31:51.533081109,T,298.37,40,298.87,160,IBM
2025-11-04,9:31:51.533106239,T,298.36,40,298.87,160,IBM
2025-11-04,9:31:51.533256542,T,298.36,40,298.87,200,IBM
2025-11-04,9:31:51.533276612,T,298.36,40,298.87,160,IBM
2025-11-04,9:31:51.533276612,T,298.36,40,298.85,80,IBM
2025-11-04,9:31:51.533362369,T,298.36,40,298.85,40,IBM
2025-11-04,9:31:51.533366811,T,298.37,40,298.85,40,IBM
2025-11-04,9:31:51.533381978,T,298.37,40,298.87,40,IBM
2025-11-04,9:31:51.533391838,T,298.36,40,298.87,40,IBM
2025-11-04,9:31:51.533396951,T,298.37,40,298.87,40,IBM
2025-11-04,9:31:51.533497470,T,298.37,40,298.85,40,IBM
2025-11-04,9:31:51.533572373,T,298.57,40,298.85,40,IBM
2025-11-04,9:31:51.533637481,T,298.57,80,298.85,40,IBM
2025-11-04,9:31:51.533642491,T,298.57,40,298.85,40,IBM
2025-11-04,9:31:51.533672921,T,298.57,40,298.87,40,IBM
2025-11-04,9:31:51.533842969,T,298.57,40,298.85,40,IBM
2025-11-04,9:31:51.533863011,T,298.57,40,298.87,40,IBM
2025-11-04,9:31:51.533888073,T,298.37,40,298.87,40,IBM
2025-11-04,9:31:51.534058616,T,298.37,40,298.85,40,IBM
2025-11-04,9:31:51.534058616,T,298.36,40,298.85,40,IBM
2025-11-04,9:31:51.534073465,T,298.36,40,298.87,40,IBM
2025-11-04,9:31:51.534108620,T,298.36,40,298.92,120,IBM
2025-11-04,9:31:51.534399338,T,298.36,40,298.92,160,IBM
2025-11-04,9:31:51.534564685,T,298.36,40,298.92,120,IBM
2025-11-04,9:31:51.534594764,T,298.5,40,298.92,120,IBM
2025-11-04,9:31:51.534930597,T,298.36,40,298.92,120,IBM
2025-11-04,9:31:51.535206253,T,298.5,40,298.92,120,IBM
2025-11-04,9:31:51.535968033,T,298.36,40,298.92,120,IBM
2025-11-04,9:31:51.536173490,T,298.5,40,298.92,120,IBM
2025-11-04,9:31:51.542017608,T,298.5,40,298.92,80,IBM
2025-11-04,9:31:51.542017608,T,298.5,40,298.92,40,IBM
2025-11-04,9:31:51.543916996,T,298.5,40,299.28,40,IBM
2025-11-04,9:31:51.543942004,T,298.5,40,299.29,40,IBM
2025-11-04,9:31:51.548422670,T,298.24,40,299.29,40,IBM
2025-11-04,9:31:51.621546725,T,298.21,40,299.29,40,IBM
2025-11-04,9:31:51.622158158,T,298.21,40,299.59,40,IBM
2025-11-04,9:31:51.633685620,T,298.2,160,299.59,40,IBM
2025-11-04,9:31:51.658870618,T,298.45,120,299.59,40,IBM
2025-11-04,9:31:51.701807782,T,298.45,120,299.38,160,IBM
2025-11-04,9:31:56.098340131,T,298.64,40,299.38,160,IBM
2025-11-04,9:31:56.098374820,T,298.67,40,299.38,160,IBM
2025-11-04,9:31:56.098409959,T,298.67,40,299.38,480,IBM
2025-11-04,9:31:56.098429987,T,298.67,40,299.38,680,IBM
2025-11-04,9:31:56.098444981,T,298.67,40,299.38,800,IBM
2025-11-04,9:31:56.098485124,T,298.67,40,299.38,1040,IBM
2025-11-04,9:31:56.098550244,T,298.67,40,299.38,680,IBM
2025-11-04,9:31:56.098550244,T,298.67,40,299.38,480,IBM
2025-11-04,9:31:56.098560303,T,298.67,40,299.38,520,IBM
2025-11-04,9:31:56.098565281,T,298.67,40,299.38,400,IBM
2025-11-04,9:31:56.098565281,T,298.67,40,299.38,160,IBM
2025-11-04,9:31:56.098565281,T,298.67,40,299.38,200,IBM
2025-11-04,9:31:56.098570811,T,298.02,40,299.38,200,IBM
2025-11-04,9:31:56.098575330,T,298.0,80,299.38,200,IBM
2025-11-04,9:31:56.098575330,T,298.0,80,299.38,160,IBM
2025-11-04,9:31:56.098600367,T,298.0,80,298.67,880,IBM
2025-11-04,9:31:56.098615364,T,298.0,80,299.37,40,IBM
2025-11-04,9:31:56.098640408,T,298.0,80,298.85,880,IBM
2025-11-04,9:31:56.098650519,T,298.0,80,299.37,40,IBM
2025-11-04,9:31:56.098650519,T,298.0,80,299.26,40,IBM
2025-11-04,9:31:56.098685538,T,298.0,80,298.85,920,IBM
2025-11-04,9:31:56.098695794,T,298.0,80,299.26,40,IBM
2025-11-04,9:31:56.098720677,T,298.0,80,298.84,920,IBM
2025-11-04,9:31:56.098865953,T,298.0,80,298.84,960,IBM
2025-11-04,9:31:56.099412258,T,298.0,80,298.84,1160,IBM
2025-11-04,9:31:56.109441226,T,298.0,80,298.84,1560,IBM
2025-11-04,9:31:56.249003467,T,298.46,120,298.84,1560,IBM
2025-11-04,9:31:56.323671199,T,298.46,120,298.84,640,IBM
2025-11-04,9:31:56.323676154,T,298.46,120,298.83,40,IBM
2025-11-04,9:31:56.323706278,T,298.46,120,298.83,1560,IBM
2025-11-04,9:31:58.308822468,T,298.46,120,298.83,40,IBM
2025-11-04,9:31:58.308827528,T,298.46,120,298.66,40,IBM
2025-11-04,9:31:58.308847602,T,298.46,120,298.66,1560,IBM
2025-11-04,9:31:58.308862578,T,298.46,120,298.66,1520,IBM
2025-11-04,9:31:58.308862578,T,298.46,120,298.66,1480,IBM
2025-11-04,9:31:58.308872602,T,298.46,120,298.66,1440,IBM
2025-11-04,9:31:58.308897664,T,298.46,120,299.38,160,IBM
2025-11-04,9:31:58.330343702,T,298.46,120,299.38,200,IBM
2025-11-04,9:31:58.526044609,T,298.46,120,299.38,240,IBM
2025-11-04,9:31:58.613783467,T,298.69,40,299.38,240,IBM
2025-11-04,9:31:58.613908691,T,298.69,40,299.38,80,IBM
2025-11-04,9:31:58.614580313,T,298.69,160,299.38,80,IBM
2025-11-04,9:31:58.618013446,T,298.69,120,299.38,80,IBM
2025-11-04,9:32:00.514212729,T,298.69,120,299.38,120,IBM
2025-11-04,9:32:02.021691684,T,298.69,120,299.38,160,IBM
2025-11-04,9:32:02.021937315,T,298.69,120,299.38,120,IBM
2025-11-04,9:32:03.881479201,T,298.69,120,299.38,80,IBM
2025-11-04,9:32:05.059298283,T,298.7,40,299.38,80,IBM
2025-11-04,9:32:05.966483202,T,298.69,120,299.38,80,IBM
2025-11-04,9:32:06.064997711,T,298.71,40,299.38,80,IBM
2025-11-04,9:32:06.373772853,T,298.69,120,299.38,80,IBM
2025-11-04,9:32:06.481850131,T,298.69,160,299.38,80,IBM
2025-11-04,9:32:06.481880239,T,298.89,40,299.38,80,IBM
2025-11-04,9:32:06.482241099,T,298.69,160,299.38,80,IBM
2025-11-04,9:32:06.482391457,T,298.69,40,299.38,80,IBM
2025-11-04,9:32:06.490370405,T,298.22,160,299.38,80,IBM
2025-11-04,9:32:06.696606413,T,298.89,360,299.38,80,IBM
2025-11-04,9:32:07.164384988,T,298.9,80,299.38,80,IBM
2025-11-04,9:32:07.318882844,T,299.06,360,299.38,80,IBM
2025-11-04,9:32:07.840780213,T,298.9,80,299.38,80,IBM
2025-11-04,9:32:07.840985694,T,298.9,80,299.38,40,IBM
2025-11-04,9:32:07.915904040,T,298.36,40,299.38,40,IBM
2025-11-04,9:32:07.915924159,T,298.36,40,299.29,40,IBM
2025-11-04,9:32:07.915949181,T,298.36,40,299.1,40,IBM
2025-11-04,9:32:07.915984262,T,298.36,40,299.1,120,IBM
2025-11-04,9:32:07.915994207,T,298.22,200,299.1,120,IBM
2025-11-04,9:32:07.916019349,T,298.22,160,299.1,120,IBM
2025-11-04,9:32:07.916209798,T,298.22,200,299.1,120,IBM
2025-11-04,9:32:07.916229815,T,298.22,160,299.1,120,IBM
2025-11-04,9:32:07.916239825,T,298.22,160,299.1,80,IBM
2025-11-04,9:32:07.916330080,T,298.7,80,299.1,80,IBM
2025-11-04,9:32:07.916580636,T,298.7,80,299.28,40,IBM
2025-11-04,9:32:07.916640760,T,298.22,160,299.28,40,IBM
2025-11-04,9:32:07.916665816,T,298.22,160,298.96,40,IBM
2025-11-04,9:32:07.916700906,T,298.22,160,298.96,80,IBM
2025-11-04,9:32:07.916706045,T,298.22,160,298.96,120,IBM
2025-11-04,9:32:07.916710918,T,298.22,160,298.96,80,IBM
2025-11-04,9:32:07.916741171,T,298.22,160,298.95,80,IBM
2025-11-04,9:32:07.916971591,T,298.22,160,298.95,120,IBM
2025-11-04,9:32:07.916981605,T,298.22,160,298.95,80,IBM
2025-11-04,9:32:07.916986610,T,298.22,160,298.95,120,IBM
2025-11-04,9:32:07.917006640,T,298.22,160,298.95,160,IBM
2025-11-04,9:32:07.923236725,T,298.22,160,298.95,120,IBM
2025-11-04,9:32:07.923241519,T,298.22,160,298.95,80,IBM
2025-11-04,9:32:07.967201103,T,298.22,160,298.95,40,IBM
2025-11-04,9:32:07.967506845,T,298.22,160,298.95,80,IBM
2025-11-04,9:32:07.967712501,T,298.45,120,298.95,80,IBM
2025-11-04,9:32:07.972102861,T,298.45,120,298.95,40,IBM
2025-11-04,9:32:07.972132929,T,298.45,120,299.2,40,IBM
2025-11-04,9:32:07.978548194,T,298.45,120,298.94,40,IBM
2025-11-04,9:32:08.104317555,T,298.45,120,299.38,40,IBM
2025-11-04,9:32:08.906076317,T,298.45,160,299.38,40,IBM
2025-11-04,9:32:09.069750933,T,298.47,240,299.38,40,IBM
2025-11-04,9:32:09.329795095,T,298.45,160,299.38,40,IBM
2025-11-04,9:32:09.335784292,T,298.63,240,299.38,40,IBM
2025-11-04,9:32:09.832957941,T,298.45,40,299.38,40,IBM
2025-11-04,9:32:09.995720382,T,298.63,40,299.38,40,IBM
2025-11-04,9:32:10.007593577,T,298.78,40,299.38,40,IBM
2025-11-04,9:32:10.007774022,T,298.78,40,299.38,80,IBM
2025-11-04,9:32:10.007979588,T,298.63,40,299.38,80,IBM
2025-11-04,9:32:10.008005040,T,298.63,40,299.38,120,IBM
2025-11-04,9:32:10.008014605,T,298.63,40,299.38,160,IBM
2025-11-04,9:32:10.008265182,T,298.63,40,298.94,40,IBM
2025-11-04,9:32:10.008571176,T,298.45,40,298.94,40,IBM
2025-11-04,9:32:10.008596279,T,298.45,40,298.94,80,IBM
2025-11-04,9:32:10.008601405,T,298.45,40,298.94,120,IBM
2025-11-04,9:32:10.008601405,T,298.45,40,298.88,40,IBM
2025-11-04,9:32:10.008626127,T,298.45,40,298.82,40,IBM
2025-11-04,9:32:10.009067172,T,298.45,40,298.88,40,IBM
2025-11-04,9:32:10.009067172,T,298.45,40,298.82,40,IBM
2025-11-04,9:32:10.017998363,T,298.45,40,299.38,80,IBM
2025-11-04,9:32:10.018203891,T,298.45,40,299.38,40,IBM
2025-11-04,9:32:10.018464489,T,298.45,40,299.38,80,IBM
2025-11-04,9:32:11.580593453,T,298.45,40,299.38,40,IBM
2025-11-04,9:32:11.969258754,T,298.45,80,299.38,40,IBM
2025-11-04,9:32:11.975729178,T,298.45,40,299.38,40,IBM
2025-11-04,9:32:13.040799923,T,298.45,40,299.32,160,IBM
2025-11-04,9:32:13.981529392,T,298.45,80,299.32,160,IBM
2025-11-04,9:32:13.984431392,T,298.45,80,298.94,40,IBM
2025-11-04,9:32:13.987107707,T,298.66,40,298.94,40,IBM
2025-11-04,9:32:13.987192876,T,298.66,40,298.94,240,IBM
2025-11-04,9:32:13.987263055,T,298.66,40,298.94,40,IBM
2025-11-04,9:32:13.987263055,T,298.56,40,298.94,40,IBM
2025-11-04,9:32:13.987288192,T,298.56,40,298.94,240,IBM
2025-11-04,9:32:13.987288192,T,298.56,40,298.94,400,IBM
2025-11-04,9:32:13.987303174,T,298.56,40,298.94,680,IBM
2025-11-04,9:32:13.987318599,T,298.56,40,298.94,480,IBM
2025-11-04,9:32:13.987318599,T,298.56,40,298.94,320,IBM
2025-11-04,9:32:13.987333188,T,298.56,40,298.94,40,IBM
2025-11-04,9:32:13.987348309,T,298.56,40,298.88,40,IBM
2025-11-04,9:32:13.987353288,T,298.56,40,298.88,80,IBM
2025-11-04,9:32:13.987353288,T,298.56,40,298.83,600,IBM
2025-11-04,9:32:13.987393450,T,298.56,40,298.83,480,IBM
2025-11-04,9:32:13.987473612,T,298.45,120,298.83,480,IBM
2025-11-04,9:32:13.987478628,T,298.45,80,298.83,480,IBM
2025-11-04,9:32:13.987568860,T,298.45,80,298.83,680,IBM
2025-11-04,9:32:13.988120119,T,298.45,40,298.83,680,IBM
2025-11-04,9:32:13.995136768,T,298.45,40,298.83,1080,IBM
2025-11-04,9:32:13.995893760,T,298.45,40,298.83,1120,IBM
2025-11-04,9:32:13.995918723,T,298.45,40,298.83,600,IBM
2025-11-04,9:32:13.995918723,T,298.45,40,298.83,400,IBM
2025-11-04,9:32:13.995923801,T,298.45,40,298.94,40,IBM
2025-11-04,9:32:13.995928710,T,298.45,40,298.76,40,IBM
2025-11-04,9:32:13.995948779,T,298.45,40,298.76,1120,IBM
2025-11-04,9:32:13.996875993,T,298.45,40,298.76,1160,IBM
2025-11-04,9:32:14.000223950,T,298.45,40,298.76,1120,IBM
2025-11-04,9:32:14.004343791,T,298.45,40,298.76,1080,IBM
2025-11-04,9:32:14.046654480,T,298.45,40,298.94,80,IBM
2025-11-04,9:32:14.046679591,T,298.0,40,298.94,80,IBM
2025-11-04,9:32:14.046679591,T,298.0,40,298.63,1120,IBM
2025-11-04,9:32:14.046694654,T,298.0,40,298.63,1160,IBM
2025-11-04,9:32:14.046699615,T,298.0,40,298.63,40,IBM
2025-11-04,9:32:14.046719675,T,298.0,40,298.46,1080,IBM
2025-11-04,9:32:14.047065438,T,298.0,40,298.45,1080,IBM
2025-11-04,9:32:14.157774045,T,298.23,80,298.45,1080,IBM
2025-11-04,9:32:14.641671082,T,298.23,80,298.45,40,IBM
2025-11-04,9:32:14.641726176,T,298.23,80,298.94,40,IBM
2025-11-04,9:32:14.813254589,T,298.34,80,298.94,40,IBM
2025-11-04,9:32:14.813279642,T,298.23,80,298.94,40,IBM
2025-11-04,9:32:14.813279642,T,298.49,80,298.94,40,IBM
2025-11-04,9:32:14.814056464,T,298.34,40,298.94,40,IBM
2025-11-04,9:32:14.814271904,T,298.49,80,298.94,40,IBM
2025-11-04,9:32:14.817259738,T,298.71,40,298.94,40,IBM
2025-11-04,9:32:14.817259738,T,298.71,120,298.94,40,IBM
2025-11-04,9:32:14.817349821,T,298.71,80,298.94,40,IBM
2025-11-04,9:32:14.817374583,T,298.71,80,298.93,40,IBM
2025-11-04,9:32:14.817514734,T,298.71,80,298.94,40,IBM
2025-11-04,9:32:14.817529716,T,298.71,80,298.93,40,IBM
2025-11-04,9:32:14.817570150,T,298.71,80,298.94,40,IBM
2025-11-04,9:32:14.817574863,T,298.71,80,298.88,40,IBM
2025-11-04,9:32:14.817574863,T,298.23,80,298.88,40,IBM
2025-11-04,9:32:14.817594841,T,298.23,80,298.94,40,IBM
2025-11-04,9:32:14.817619939,T,298.23,80,298.93,40,IBM
2025-11-04,9:32:14.818281487,T,298.26,80,298.93,40,IBM
2025-11-04,9:32:14.984883185,T,298.23,80,298.93,40,IBM
2025-11-04,9:32:14.985369358,T,298.26,40,298.93,40,IBM
2025-11-04,9:32:14.985715169,T,298.26,40,298.94,40,IBM
2025-11-04,9:32:14.985720118,T,298.26,40,298.87,40,IBM
2025-11-04,9:32:15.130063824,T,298.25,120,298.87,40,IBM
2025-11-04,9:32:15.130309382,T,298.27,40,298.87,40,IBM
2025-11-04,9:32:15.131607454,T,298.25,120,298.87,40,IBM
2025-11-04,9:32:15.991890544,T,298.25,120,298.87,80,IBM
2025-11-04,9:32:16.378049775,T,298.25,120,298.87,40,IBM
2025-11-04,9:32:17.366051934,T,298.23,80,298.87,40,IBM
2025-11-04,9:32:18.423880325,T,298.23,80,298.94,40,IBM
2025-11-04,9:32:18.423910341,T,298.23,120,298.94,40,IBM
2025-11-04,9:32:18.423910341,T,298.54,40,298.94,40,IBM
2025-11-04,9:32:18.423950403,T,298.66,40,298.94,40,IBM
2025-11-04,9:32:18.424075720,T,298.66,40,299.32,160,IBM
2025-11-04,9:32:18.425398934,T,298.67,120,299.32,160,IBM
2025-11-04,9:32:18.914398068,T,298.67,120,299.32,200,IBM
2025-11-04,9:32:21.436196826,T,298.77,40,299.32,200,IBM
2025-11-04,9:32:21.436271972,T,298.77,40,299.32,40,IBM
2025-11-04,9:32:21.436843271,T,298.87,120,299.32,40,IBM
2025-11-04,9:32:27.120248823,T,298.43,160,299.32,40,IBM
2025-11-04,9:32:27.403934208,T,298.87,200,299.32,40,IBM
2025-11-04,9:32:27.973815837,T,298.87,200,299.75,200,IBM
2025-11-04,9:32:27.973846055,T,299.11,40,299.75,200,IBM
2025-11-04,9:32:27.973916134,T,299.12,40,299.75,200,IBM
2025-11-04,9:32:27.974402331,T,299.12,80,299.75,200,IBM
2025-11-04,9:32:27.974442317,T,299.12,40,299.75,200,IBM
2025-11-04,9:32:27.974442317,T,299.27,40,299.75,200,IBM
2025-11-04,9:32:27.975805644,T,299.12,200,299.75,200,IBM
2025-11-04,9:32:27.975845658,T,299.12,200,299.75,280,IBM
2025-11-04,9:32:27.978732559,T,299.12,200,299.75,80,IBM
2025-11-04,9:32:27.978782655,T,299.12,200,300.1,200,IBM
2025-11-04,9:32:28.431766147,T,299.12,200,300.0,40,IBM
2025-11-04,9:32:28.480888084,T,299.12,200,299.97,80,IBM
2025-11-04,9:32:28.489498536,T,299.12,200,300.0,40,IBM
2025-11-04,9:32:28.987178318,T,299.12,200,299.99,80,IBM
2025-11-04,9:32:28.995723716,T,299.12,200,300.0,40,IBM
2025-11-04,9:32:29.493518772,T,299.12,200,300.0,120,IBM
2025-11-04,9:32:29.668009174,T,299.13,40,300.0,120,IBM
2025-11-04,9:32:29.668219655,T,299.13,80,300.0,120,IBM
2025-11-04,9:32:29.999032137,T,299.13,80,299.94,80,IBM
2025-11-04,9:32:29.999062231,T,299.13,40,299.94,80,IBM
2025-11-04,9:32:30.007833123,T,299.13,40,300.0,40,IBM
2025-11-04,9:32:30.502575999,T,299.13,40,299.93,80,IBM
2025-11-04,9:32:31.139778126,T,299.12,200,299.93,80,IBM
2025-11-04,9:32:31.140003687,T,299.28,200,299.93,80,IBM
2025-11-04,9:32:31.148303429,T,299.28,200,300.0,40,IBM
2025-11-04,9:32:33.279376838,T,299.28,200,299.92,40,IBM
2025-11-04,9:32:33.279532401,T,299.28,160,299.92,40,IBM
2025-11-04,9:32:33.279557525,T,298.62,40,299.92,40,IBM
2025-11-04,9:32:33.279557525,T,298.46,40,299.92,40,IBM
2025-11-04,9:32:33.279577333,T,298.46,40,299.29,80,IBM
2025-11-04,9:32:33.279602277,T,298.46,40,299.6,80,IBM
2025-11-04,9:32:33.279622396,T,298.46,40,299.6,40,IBM
2025-11-04,9:32:33.279672465,T,298.78,40,299.6,40,IBM
2025-11-04,9:32:33.279782816,T,298.67,40,299.6,40,IBM
2025-11-04,9:32:33.279958187,T,298.67,40,299.61,40,IBM
2025-11-04,9:32:33.279998285,T,298.62,40,299.61,40,IBM
2025-11-04,9:32:33.280033357,T,299.28,40,299.61,40,IBM
2025-11-04,9:32:33.280048635,T,298.46,40,299.61,40,IBM
2025-11-04,9:32:33.280078434,T,298.43,200,299.61,40,IBM
2025-11-04,9:32:33.280078434,T,298.43,200,299.6,40,IBM
2025-11-04,9:32:33.280113518,T,298.46,40,299.6,40,IBM
2025-11-04,9:32:33.280133539,T,298.46,40,299.6,80,IBM
2025-11-04,9:32:33.280273919,T,298.46,40,299.54,40,IBM
2025-11-04,9:32:33.281286337,T,298.46,40,299.6,40,IBM
2025-11-04,9:32:33.284504053,T,299.07,40,299.6,40,IBM
2025-11-04,9:32:33.284980128,T,299.07,40,299.91,80,IBM
2025-11-04,9:32:33.289671311,T,299.07,40,299.91,40,IBM
2025-11-04,9:32:33.291455511,T,298.46,40,299.91,40,IBM
2025-11-04,9:32:33.291495604,T,298.46,40,299.24,40,IBM
2025-11-04,9:32:33.291550758,T,298.43,200,299.24,40,IBM
2025-11-04,9:32:33.291565838,T,298.43,160,299.24,40,IBM
2025-11-04,9:32:33.291931664,T,298.43,200,299.24,40,IBM
2025-11-04,9:32:33.300893046,T,298.43,200,299.91,40,IBM
2025-11-04,9:32:33.379630418,T,298.43,200,299.99,40,IBM
2025-11-04,9:32:33.379675695,T,298.87,80,299.99,40,IBM
2025-11-04,9:32:33.380036400,T,298.87,80,300.0,40,IBM
2025-11-04,9:32:33.527823210,T,298.87,240,300.0,40,IBM
2025-11-04,9:32:33.527833558,T,298.87,240,299.76,40,IBM
2025-11-04,9:32:33.906554864,T,298.87,240,299.76,120,IBM
2025-11-04,9:32:34.870058647,T,298.87,240,299.76,40,IBM
2025-11-04,9:32:34.873251180,T,298.87,240,299.76,80,IBM
2025-11-04,9:32:36.268613283,T,298.87,240,299.76,160,IBM
2025-11-04,9:32:36.268638283,T,298.87,240,299.75,40,IBM
2025-11-04,9:32:36.740962809,T,298.87,240,299.76,160,IBM
2025-11-04,9:32:36.775675436,T,298.87,160,299.76,160,IBM
2025-11-04,9:32:36.795958789,T,298.87,160,299.76,80,IBM
2025-11-04,9:32:43.934633973,T,298.87,160,299.73,40,IBM
2025-11-04,9:32:43.934844400,T,298.87,160,299.73,80,IBM
2025-11-04,9:32:43.935054899,T,298.87,160,299.73,120,IBM
2025-11-04,9:32:44.108994068,T,298.87,160,299.73,200,IBM
2025-11-04,9:32:44.109029143,T,298.87,160,299.73,240,IBM
2025-11-04,9:32:44.109475114,T,298.87,160,299.73,200,IBM
2025-11-04,9:32:44.679873121,T,298.87,160,299.72,40,IBM
2025-11-04,9:32:44.680750205,T,298.87,160,299.72,80,IBM
2025-11-04,9:32:46.013893993,T,298.87,160,299.72,40,IBM
2025-11-04,9:32:46.013924004,T,298.87,160,299.72,80,IBM
2025-11-04,9:32:46.013959066,T,298.87,160,299.71,80,IBM
2025-11-04,9:32:48.049815820,T,298.87,120,299.71,80,IBM
2025-11-04,9:32:48.049835858,T,298.87,120,299.71,120,IBM
2025-11-04,9:32:48.049835858,T,298.87,80,299.71,120,IBM
2025-11-04,9:32:48.049850983,T,298.87,80,299.38,40,IBM
2025-11-04,9:32:48.049865961,T,298.43,160,299.38,40,IBM
2025-11-04,9:32:48.049890969,T,298.43,160,299.09,40,IBM
2025-11-04,9:32:48.050111512,T,298.43,160,299.09,80,IBM
2025-11-04,9:32:48.050116560,T,298.43,160,299.09,120,IBM
2025-11-04,9:32:48.050146688,T,298.43,160,299.09,80,IBM
2025-11-04,9:32:48.050211822,T,298.0,80,299.09,80,IBM
2025-11-04,9:32:48.050216851,T,298.11,200,299.09,80,IBM
2025-11-04,9:32:48.050246870,T,298.11,240,299.09,80,IBM
2025-11-04,9:32:48.051524887,T,298.5,80,299.09,80,IBM
2025-11-04,9:32:48.057644455,T,298.5,80,298.98,40,IBM
2025-11-04,9:32:48.057644455,T,298.5,80,298.94,40,IBM
2025-11-04,9:32:48.057980318,T,298.5,80,298.94,80,IBM
2025-11-04,9:32:48.061343260,T,298.5,80,298.94,120,IBM
2025-11-04,9:32:48.061659092,T,298.5,80,298.94,80,IBM
2025-11-04,9:32:48.065247551,T,298.11,200,298.94,80,IBM
2025-11-04,9:32:48.065272787,T,298.11,200,298.72,40,IBM
2025-11-04,9:32:48.065503163,T,298.11,200,298.72,80,IBM
2025-11-04,9:32:48.069432529,T,298.0,40,298.72,80,IBM
2025-11-04,9:32:48.073998474,T,298.0,40,298.72,120,IBM
2025-11-04,9:32:48.074148723,T,298.23,80,298.72,120,IBM
2025-11-04,9:32:48.074173851,T,298.23,80,298.72,80,IBM
2025-11-04,9:32:48.158584828,T,298.23,200,298.72,80,IBM
2025-11-04,9:32:48.158604861,T,298.23,200,298.72,120,IBM
2025-11-04,9:32:48.261113899,T,298.23,200,298.72,80,IBM
2025-11-04,9:32:49.175535908,T,298.23,240,298.72,80,IBM
2025-11-04,9:32:49.910510595,T,298.23,240,298.72,40,IBM
2025-11-04,9:32:50.015375237,T,298.23,120,298.72,40,IBM
2025-11-04,9:32:50.019294529,T,298.23,120,298.72,80,IBM
2025-11-04,9:32:52.202657680,T,298.23,120,298.59,40,IBM
2025-11-04,9:32:52.203078633,T,298.23,120,298.72,80,IBM
2025-11-04,9:32:52.203414341,T,298.23,160,298.72,80,IBM
2025-11-04,9:32:52.203449485,T,298.23,160,298.59,40,IBM
2025-11-04,9:32:55.354766891,T,298.23,80,298.59,40,IBM
2025-11-04,9:32:55.354771800,T,298.23,40,298.59,40,IBM
2025-11-04,9:32:55.354771800,T,298.0,40,298.59,40,IBM
2025-11-04,9:32:55.354831865,T,298.0,40,298.37,40,IBM
2025-11-04,9:32:55.355177746,T,298.0,40,298.48,40,IBM
2025-11-04,9:32:55.355247943,T,298.14,40,298.48,40,IBM
2025-11-04,9:32:55.355288025,T,298.0,40,298.48,40,IBM
2025-11-04,9:32:55.355528528,T,298.23,40,298.48,40,IBM
2025-11-04,9:32:55.355563650,T,298.0,40,298.48,40,IBM
2025-11-04,9:32:55.355914442,T,298.0,40,298.72,40,IBM
2025-11-04,9:32:55.441819166,T,298.16,80,298.72,40,IBM
2025-11-04,9:32:56.131916954,T,298.18,120,298.72,40,IBM
2025-11-04,9:32:57.010388297,T,298.18,40,298.72,40,IBM
2025-11-04,9:32:58.607761175,T,298.18,40,299.39,160,IBM
2025-11-04,9:32:58.607821281,T,298.18,40,298.47,40,IBM
2025-11-04,9:32:59.849627620,T,298.23,40,298.47,40,IBM
2025-11-04,9:32:59.853637200,T,298.18,40,298.47,40,IBM
2025-11-04,9:33:00.999284749,T,298.18,80,298.47,40,IBM
2025-11-04,9:33:00.999710800,T,298.18,80,298.47,80,IBM
2025-11-04,9:33:01.673319382,T,298.18,40,298.47,80,IBM
2025-11-04,9:33:01.673324351,T,298.0,40,298.47,80,IBM
2025-11-04,9:33:01.673354470,T,298.0,40,298.33,40,IBM
2025-11-04,9:33:01.673399583,T,298.0,40,298.33,80,IBM
2025-11-04,9:33:01.673409600,T,298.0,40,298.32,40,IBM
2025-11-04,9:33:01.673660207,T,298.0,40,298.32,80,IBM
2025-11-04,9:33:01.673785468,T,298.0,40,298.32,40,IBM
2025-11-04,9:33:01.673865780,T,298.0,40,298.25,40,IBM
2025-11-04,9:33:01.673940874,T,297.61,120,298.25,40,IBM
2025-11-04,9:33:01.674011068,T,298.18,40,298.25,40,IBM
2025-11-04,9:33:01.674031101,T,297.61,120,298.25,40,IBM
2025-11-04,9:33:01.674101190,T,297.61,120,298.22,40,IBM
2025-11-04,9:33:01.674306684,T,297.61,120,298.22,80,IBM
2025-11-04,9:33:01.674321699,T,297.61,120,298.22,120,IBM
2025-11-04,9:33:01.674336749,T,298.04,200,298.22,120,IBM
2025-11-04,9:33:01.674351785,T,298.04,120,298.22,120,IBM
2025-11-04,9:33:01.674356813,T,297.61,120,298.22,120,IBM
2025-11-04,9:33:01.674437259,T,297.61,120,298.22,80,IBM
2025-11-04,9:33:01.675068534,T,297.62,40,298.22,80,IBM
2025-11-04,9:33:01.675384300,T,297.62,40,298.22,40,IBM
2025-11-04,9:33:01.675945905,T,297.62,80,298.22,40,IBM
2025-11-04,9:33:01.676060928,T,297.62,40,298.22,40,IBM
2025-11-04,9:33:01.676762571,T,297.62,80,298.22,40,IBM
2025-11-04,9:33:01.676762571,T,297.86,40,298.22,40,IBM
2025-11-04,9:33:01.677283876,T,298.03,40,298.22,40,IBM
2025-11-04,9:33:01.677308922,T,297.83,40,298.22,40,IBM
2025-11-04,9:33:01.677328954,T,297.62,80,298.22,40,IBM
2025-11-04,9:33:01.677429116,T,297.62,80,298.18,40,IBM
2025-11-04,9:33:01.677524356,T,297.62,80,298.04,40,IBM
2025-11-04,9:33:01.677669749,T,297.62,80,298.18,40,IBM
2025-11-04,9:33:01.677694791,T,297.62,80,298.22,40,IBM
2025-11-04,9:33:01.677770006,T,297.62,40,298.22,40,IBM
2025-11-04,9:33:01.678516805,T,297.62,40,298.13,40,IBM
2025-11-04,9:33:01.678561807,T,297.62,40,298.22,40,IBM
2025-11-04,9:33:01.679078120,T,297.62,80,298.22,40,IBM
2025-11-04,9:33:01.679083083,T,297.85,40,298.22,40,IBM
2025-11-04,9:33:01.679103123,T,297.84,40,298.22,40,IBM
2025-11-04,9:33:01.679168299,T,297.63,40,298.22,40,IBM
2025-11-04,9:33:01.679183284,T,297.63,80,298.22,40,IBM
2025-11-04,9:33:01.679213440,T,297.71,40,298.22,40,IBM
2025-11-04,9:33:01.679233457,T,297.63,80,298.22,40,IBM
2025-11-04,9:33:01.679524203,T,297.71,40,298.22,40,IBM
2025-11-04,9:33:01.679549219,T,297.63,80,298.22,40,IBM
2025-11-04,9:33:01.679734692,T,297.71,40,298.22,40,IBM
2025-11-04,9:33:01.680060392,T,298.04,40,298.22,40,IBM
2025-11-04,9:33:01.680516527,T,297.98,40,298.22,40,IBM
2025-11-04,9:33:01.680541531,T,297.63,40,298.22,40,IBM
2025-11-04,9:33:01.680757122,T,298.06,40,298.22,40,IBM
2025-11-04,9:33:01.680857359,T,298.14,80,298.22,40,IBM
2025-11-04,9:33:01.680877346,T,298.06,40,298.22,40,IBM
2025-11-04,9:33:01.680897771,T,297.63,40,298.22,40,IBM
2025-11-04,9:33:01.681092828,T,297.63,80,298.22,40,IBM
2025-11-04,9:33:01.681118047,T,297.63,40,298.22,40,IBM
2025-11-04,9:33:01.684375677,T,297.63,40,298.47,40,IBM
2025-11-04,9:33:01.685809079,T,297.63,40,298.31,40,IBM
2025-11-04,9:33:01.701566666,T,297.63,40,298.14,40,IBM
2025-11-04,9:33:01.715549871,T,297.63,40,298.14,80,IBM
2025-11-04,9:33:01.715554923,T,297.63,40,298.14,40,IBM
2025-11-04,9:33:01.715599978,T,297.63,40,298.14,80,IBM
2025-11-04,9:33:01.723027692,T,297.63,40,297.94,40,IBM
2025-11-04,9:33:01.723403654,T,297.63,40,298.14,40,IBM
2025-11-04,9:33:01.725663996,T,297.63,40,298.31,40,IBM
2025-11-04,9:33:01.763779716,T,297.63,40,298.31,80,IBM
2025-11-04,9:33:01.777171626,T,297.63,160,298.31,80,IBM
2025-11-04,9:33:01.779091211,T,297.63,120,298.31,80,IBM
2025-11-04,9:33:01.859768261,T,297.63,200,298.31,80,IBM
2025-11-04,9:33:01.936535949,T,297.63,200,298.31,40,IBM
2025-11-04,9:33:01.936851755,T,297.63,200,298.15,40,IBM
2025-11-04,9:33:01.936886828,T,297.63,200,298.15,80,IBM
2025-11-04,9:33:01.937272753,T,297.63,200,298.15,120,IBM
2025-11-04,9:33:03.986125561,T,297.63,80,298.15,120,IBM
2025-11-04,9:33:03.986145888,T,297.63,80,297.82,40,IBM
2025-11-04,9:33:03.986145888,T,297.63,40,297.82,40,IBM
2025-11-04,9:33:03.986150771,T,297.61,120,297.82,40,IBM
2025-11-04,9:33:03.986155625,T,297.61,120,297.82,80,IBM
2025-11-04,9:33:03.986180736,T,297.61,120,297.82,120,IBM
2025-11-04,9:33:03.986431347,T,297.61,120,297.82,160,IBM
2025-11-04,9:33:03.986711979,T,297.61,120,297.82,200,IBM
2025-11-04,9:33:03.986922478,T,297.61,120,297.82,240,IBM
2025-11-04,9:33:03.986932500,T,297.28,160,297.82,240,IBM
2025-11-04,9:33:03.987183071,T,297.0,40,297.82,240,IBM
2025-11-04,9:33:03.987188071,T,297.03,200,297.82,240,IBM
2025-11-04,9:33:03.987198103,T,297.03,200,297.82,280,IBM
2025-11-04,9:33:03.987218174,T,297.03,240,297.82,280,IBM
2025-11-04,9:33:03.987298395,T,297.03,240,297.82,320,IBM
2025-11-04,9:33:03.990165185,T,297.03,240,297.82,280,IBM
2025-11-04,9:33:03.993563288,T,297.57,40,297.82,280,IBM
2025-11-04,9:33:03.994660928,T,297.57,40,297.82,200,IBM
2025-11-04,9:33:04.000880749,T,297.57,40,297.82,160,IBM
2025-11-04,9:33:04.017680774,T,297.57,40,297.82,120,IBM
2025-11-04,9:33:04.017686038,T,297.57,40,297.82,80,IBM
2025-11-04,9:33:04.017686038,T,297.57,40,297.82,40,IBM
2025-11-04,9:33:04.017686038,T,297.57,40,298.47,40,IBM
2025-11-04,9:33:04.017725953,T,297.61,40,298.47,40,IBM
2025-11-04,9:33:04.017750875,T,297.61,80,298.47,40,IBM
2025-11-04,9:33:04.017755921,T,297.61,40,298.47,40,IBM
2025-11-04,9:33:04.017780912,T,297.69,40,298.47,40,IBM
2025-11-04,9:33:04.022286723,T,297.55,80,298.47,40,IBM
2025-11-04,9:33:04.026311236,T,297.07,40,298.47,40,IBM
2025-11-04,9:33:04.026336275,T,297.03,240,298.47,40,IBM
2025-11-04,9:33:04.069203373,T,297.03,200,298.47,40,IBM
2025-11-04,9:33:05.353049650,T,297.03,200,298.15,240,IBM
2025-11-04,9:33:05.353475728,T,297.03,200,298.15,280,IBM
2025-11-04,9:33:05.353601045,T,297.03,200,298.15,40,IBM
2025-11-04,9:33:05.984122138,T,297.69,40,298.15,40,IBM
2025-11-04,9:33:05.984137171,T,297.69,40,298.15,80,IBM
2025-11-04,9:33:05.984187274,T,297.69,40,298.15,120,IBM
2025-11-04,9:33:05.984352670,T,297.69,40,298.15,80,IBM
2025-11-04,9:33:05.987194381,T,297.69,40,298.15,120,IBM
2025-11-04,9:33:06.017842430,T,297.69,120,298.15,120,IBM
2025-11-04,9:33:06.017917505,T,297.77,40,298.15,120,IBM
2025-11-04,9:33:06.021927088,T,297.69,120,298.15,120,IBM
2025-11-04,9:33:06.024007030,T,297.77,40,298.15,120,IBM
2025-11-04,9:33:06.034647383,T,297.77,40,298.15,200,IBM
2025-11-04,9:33:06.034652444,T,297.77,40,298.15,160,IBM
2025-11-04,9:33:06.034652444,T,297.77,40,298.15,120,IBM
2025-11-04,9:33:06.034652444,T,297.77,40,298.15,80,IBM
2025-11-04,9:33:06.034657622,T,297.84,40,298.15,80,IBM
2025-11-04,9:33:06.034657622,T,297.88,40,298.15,80,IBM
2025-11-04,9:33:06.034662378,T,297.88,40,298.8,40,IBM
2025-11-04,9:33:06.034677415,T,298.14,80,298.8,40,IBM
2025-11-04,9:33:06.034677415,T,298.14,80,298.96,40,IBM
2025-11-04,9:33:06.034682513,T,298.14,80,298.64,40,IBM
2025-11-04,9:33:06.034692543,T,298.14,80,298.8,40,IBM
2025-11-04,9:33:06.034692543,T,297.88,40,298.8,40,IBM
2025-11-04,9:33:06.034697456,T,297.88,40,298.96,40,IBM
2025-11-04,9:33:06.034712795,T,297.96,40,298.96,40,IBM
2025-11-04,9:33:06.034762818,T,297.96,40,298.15,40,IBM
2025-11-04,9:33:06.034767724,T,297.96,40,298.64,40,IBM
2025-11-04,9:33:06.034797846,T,297.96,40,298.96,40,IBM
2025-11-04,9:33:06.034802705,T,297.96,40,299.04,200,IBM
2025-11-04,9:33:06.034913062,T,297.86,40,299.04,200,IBM
2025-11-04,9:33:06.034913062,T,297.84,40,299.04,200,IBM
2025-11-04,9:33:06.034933342,T,297.77,40,299.04,200,IBM
2025-11-04,9:33:06.034938099,T,297.77,40,298.8,40,IBM
2025-11-04,9:33:06.034953160,T,297.77,40,298.64,40,IBM
2025-11-04,9:33:06.034963143,T,297.77,40,298.63,80,IBM
2025-11-04,9:33:06.034998235,T,297.69,120,298.63,80,IBM
2025-11-04,9:33:06.035018399,T,297.86,40,298.63,80,IBM
2025-11-04,9:33:06.035048386,T,297.77,40,298.63,80,IBM
2025-11-04,9:33:06.035183656,T,297.69,120,298.63,80,IBM
2025-11-04,9:33:06.035349058,T,297.69,80,298.63,80,IBM
2025-11-04,9:33:06.035419180,T,298.15,40,298.63,80,IBM
2025-11-04,9:33:06.035439289,T,297.69,80,298.63,80,IBM
2025-11-04,9:33:06.035459473,T,297.69,80,298.35,40,IBM
2025-11-04,9:33:06.035559588,T,297.69,80,298.63,80,IBM
2025-11-04,9:33:06.035564554,T,297.84,40,298.63,80,IBM
2025-11-04,9:33:06.035920417,T,297.69,80,298.63,80,IBM
2025-11-04,9:33:06.035940454,T,297.69,80,298.63,40,IBM
2025-11-04,9:33:06.062769345,T,297.84,40,298.63,40,IBM
2025-11-04,9:33:06.062789390,T,297.84,40,299.04,160,IBM
2025-11-04,9:33:06.086295342,T,297.84,40,298.48,40,IBM
2025-11-04,9:33:06.086310385,T,297.84,40,298.48,200,IBM
2025-11-04,9:33:06.137191587,T,297.84,160,298.48,200,IBM
2025-11-04,9:33:06.222720159,T,297.84,120,298.48,200,IBM
2025-11-04,9:33:06.543624177,T,297.84,120,298.48,240,IBM
2025-11-04,9:33:06.923759109,T,297.84,120,298.48,280,IBM
2025-11-04,9:33:07.026393488,T,297.84,120,298.48,240,IBM
2025-11-04,9:33:09.911822761,T,297.84,120,298.48,200,IBM
2025-11-04,9:33:13.929562863,T,297.84,120,298.47,40,IBM
2025-11-04,9:33:13.929597934,T,297.84,120,298.47,80,IBM
2025-11-04,9:33:13.929988881,T,297.84,120,298.47,120,IBM
2025-11-04,9:33:14.050385489,T,297.84,120,298.47,80,IBM
2025-11-04,9:33:14.185311752,T,297.84,120,298.46,40,IBM
2025-11-04,9:33:14.186404326,T,297.84,120,298.46,80,IBM
2025-11-04,9:33:15.256090897,T,297.84,120,298.46,40,IBM
2025-11-04,9:33:15.787235491,T,297.84,120,298.46,80,IBM
2025-11-04,9:33:16.372077781,T,297.84,120,298.46,120,IBM
2025-11-04,9:33:18.720242984,T,297.84,120,298.46,80,IBM
2025-11-04,9:33:18.720242984,T,297.84,120,298.46,40,IBM
2025-11-04,9:33:18.720247973,T,297.84,120,298.48,200,IBM
2025-11-04,9:33:18.720513591,T,297.84,120,298.18,160,IBM
2025-11-04,9:33:18.720934531,T,297.84,120,298.18,200,IBM
2025-11-04,9:33:19.943515315,T,297.84,120,298.18,280,IBM
2025-11-04,9:33:19.946873334,T,297.84,120,298.18,320,IBM
2025-11-04,9:33:21.214416007,T,297.79,40,298.18,320,IBM
2025-11-04,9:33:21.214441182,T,297.79,40,298.18,360,IBM
2025-11-04,9:33:21.214446034,T,297.79,40,298.01,40,IBM
2025-11-04,9:33:21.214506167,T,297.28,160,298.01,40,IBM
2025-11-04,9:33:21.214506167,T,297.28,160,298.01,120,IBM
2025-11-04,9:33:21.214701755,T,297.28,160,298.01,160,IBM
2025-11-04,9:33:21.214721721,T,297.28,160,298.01,200,IBM
2025-11-04,9:33:21.214731726,T,297.28,160,298.01,240,IBM
2025-11-04,9:33:21.214751794,T,297.28,160,298.01,280,IBM
2025-11-04,9:33:21.214776871,T,297.28,160,298.01,200,IBM
2025-11-04,9:33:21.214912096,T,297.28,160,298.01,120,IBM
2025-11-04,9:33:21.215107579,T,297.28,160,297.85,40,IBM
2025-11-04,9:33:21.215603851,T,297.28,160,297.85,80,IBM
2025-11-04,9:33:21.215683963,T,297.07,40,297.85,80,IBM
2025-11-04,9:33:21.215709078,T,297.03,200,297.85,80,IBM
2025-11-04,9:33:21.215739388,T,297.03,240,297.85,80,IBM
2025-11-04,9:33:21.215744135,T,297.03,240,297.81,40,IBM
2025-11-04,9:33:21.215939554,T,297.03,200,297.81,40,IBM
2025-11-04,9:33:21.215959622,T,297.03,200,297.67,40,IBM
2025-11-04,9:33:21.217312836,T,297.25,120,297.67,40,IBM
2025-11-04,9:33:21.217342964,T,297.25,120,297.81,40,IBM
2025-11-04,9:33:21.218661053,T,297.25,120,297.67,40,IBM
2025-11-04,9:33:21.218881633,T,297.25,120,297.67,80,IBM
2025-11-04,9:33:21.219082110,T,297.25,120,297.67,120,IBM
2025-11-04,9:33:21.219813873,T,297.25,120,297.67,80,IBM
2025-11-04,9:33:21.230158483,T,297.25,120,297.67,40,IBM
2025-11-04,9:33:21.230409086,T,297.25,120,298.17,40,IBM
2025-11-04,9:33:21.244743167,T,297.25,120,297.45,40,IBM
2025-11-04,9:33:21.245053880,T,297.25,120,298.17,40,IBM
2025-11-04,9:33:21.245134604,T,297.25,120,298.17,80,IBM
2025-11-04,9:33:21.245169193,T,297.25,120,297.45,40,IBM
2025-11-04,9:33:21.256852018,T,297.25,120,298.17,40,IBM
2025-11-04,9:33:21.258936993,T,296.71,40,298.17,40,IBM
2025-11-04,9:33:21.258962021,T,296.53,40,298.17,40,IBM
2025-11-04,9:33:21.258967020,T,296.53,40,298.17,80,IBM
2025-11-04,9:33:21.259262835,T,296.53,40,298.17,40,IBM
2025-11-04,9:33:21.264590438,T,296.88,40,298.17,40,IBM
2025-11-04,9:33:21.264645580,T,296.88,40,298.17,80,IBM
2025-11-04,9:33:21.264670566,T,296.71,40,298.17,80,IBM
2025-11-04,9:33:21.264926266,T,296.53,40,298.17,80,IBM
2025-11-04,9:33:21.265031445,T,297.17,80,298.17,80,IBM
2025-11-04,9:33:21.265061594,T,297.17,80,298.17,40,IBM
2025-11-04,9:33:21.265211873,T,297.17,80,298.17,80,IBM
2025-11-04,9:33:21.265232306,T,297.17,80,298.17,40,IBM
2025-11-04,9:33:21.271201200,T,297.17,80,298.17,80,IBM
2025-11-04,9:33:21.271221257,T,297.17,80,298.17,40,IBM
2025-11-04,9:33:21.271286336,T,297.17,80,298.17,80,IBM
2025-11-04,9:33:21.271306445,T,297.17,80,298.17,40,IBM
2025-11-04,9:33:21.272860065,T,297.17,80,298.17,80,IBM
2025-11-04,9:33:21.272865226,T,297.17,80,298.04,40,IBM
2025-11-04,9:33:21.272865226,T,297.17,80,297.52,40,IBM
2025-11-04,9:33:21.272895215,T,297.17,80,297.7,40,IBM
2025-11-04,9:33:21.272930321,T,297.17,80,297.7,80,IBM
2025-11-04,9:33:21.273095705,T,297.17,80,297.52,40,IBM
2025-11-04,9:33:21.273175822,T,297.17,80,297.36,40,IBM
2025-11-04,9:33:21.273346229,T,297.17,80,297.52,120,IBM
2025-11-04,9:33:21.273436461,T,297.17,80,297.36,40,IBM
2025-11-04,9:33:21.282217374,T,297.17,80,297.52,80,IBM
2025-11-04,9:33:21.282257531,T,297.18,40,297.52,80,IBM
2025-11-04,9:33:21.283099539,T,297.18,40,297.52,40,IBM
2025-11-04,9:33:21.283299914,T,297.18,40,297.8,40,IBM
2025-11-04,9:33:21.283345060,T,297.18,40,298.17,40,IBM
2025-11-04,9:33:21.284106878,T,297.17,120,298.17,40,IBM
2025-11-04,9:33:21.284106878,T,297.17,80,298.17,40,IBM
2025-11-04,9:33:21.284367525,T,297.05,40,298.17,40,IBM
2025-11-04,9:33:21.286377257,T,297.05,40,298.04,40,IBM
2025-11-04,9:33:21.290386856,T,297.05,40,298.17,40,IBM
2025-11-04,9:33:21.295423788,T,297.05,40,298.17,80,IBM
2025-11-04,9:33:21.314459226,T,297.05,40,298.18,40,IBM
2025-11-04,9:33:21.314569410,T,297.17,40,298.18,40,IBM
2025-11-04,9:33:21.314875082,T,297.17,80,298.18,40,IBM
2025-11-04,9:33:21.314885211,T,297.25,80,298.18,40,IBM
2025-11-04,9:33:21.315050554,T,297.3,40,298.18,40,IBM
2025-11-04,9:33:21.315070636,T,297.33,80,298.18,40,IBM
2025-11-04,9:33:21.315571833,T,297.33,80,297.85,80,IBM
2025-11-04,9:33:21.315652023,T,297.33,80,297.85,320,IBM
2025-11-04,9:33:21.319385881,T,297.33,40,297.85,320,IBM
2025-11-04,9:33:21.320182821,T,297.33,120,297.85,320,IBM
2025-11-04,9:33:21.321926871,T,297.33,120,297.85,360,IBM
2025-11-04,9:33:21.331960782,T,297.33,80,297.85,360,IBM
2025-11-04,9:33:22.142435291,T,297.33,120,297.85,360,IBM
2025-11-04,9:33:27.879658791,T,297.33,120,297.85,320,IBM
2025-11-04,9:33:27.882575797,T,297.33,120,297.84,40,IBM
2025-11-04,9:33:30.202689264,T,297.33,40,297.84,40,IBM
2025-11-04,9:33:30.202689264,T,297.05,40,297.84,40,IBM
2025-11-04,9:33:30.202724427,T,297.05,40,297.83,40,IBM
2025-11-04,9:33:30.202734433,T,297.05,40,297.48,40,IBM
2025-11-04,9:33:30.204643966,T,297.05,40,297.48,80,IBM
2025-11-04,9:33:30.204929577,T,297.11,240,297.48,80,IBM
2025-11-04,9:33:30.204949717,T,297.11,240,297.48,40,IBM
2025-11-04,9:33:30.204974691,T,297.11,240,297.59,80,IBM
2025-11-04,9:33:30.207420624,T,297.11,240,297.59,40,IBM
2025-11-04,9:33:30.207701248,T,297.11,240,297.62,80,IBM
2025-11-04,9:33:30.207706183,T,297.11,240,297.41,40,IBM
2025-11-04,9:33:30.207731251,T,297.11,240,297.58,80,IBM
2025-11-04,9:33:30.208603517,T,297.11,240,297.52,40,IBM
2025-11-04,9:33:30.208608340,T,297.11,240,297.33,40,IBM
2025-11-04,9:33:30.208818901,T,297.11,240,297.33,80,IBM
2025-11-04,9:33:30.208843994,T,297.05,40,297.33,80,IBM
2025-11-04,9:33:30.208949230,T,297.05,40,297.33,120,IBM
2025-11-04,9:33:30.210573012,T,297.05,40,297.33,80,IBM
2025-11-04,9:33:30.210593074,T,297.05,40,297.33,40,IBM
2025-11-04,9:33:30.210633429,T,297.05,40,297.51,80,IBM
2025-11-04,9:33:30.213139149,T,297.05,40,297.51,40,IBM
2025-11-04,9:33:30.230510508,T,297.05,40,297.62,80,IBM
2025-11-04,9:33:30.336738393,T,297.05,120,297.62,80,IBM
2025-11-04,9:33:31.512663050,T,297.05,120,297.62,120,IBM
2025-11-04,9:33:31.512673218,T,297.05,120,297.62,160,IBM
2025-11-04,9:33:31.512678049,T,297.05,120,297.62,200,IBM
2025-11-04,9:33:32.956420205,T,297.05,80,297.62,200,IBM
2025-11-04,9:33:32.956420205,T,297.0,40,297.62,200,IBM
2025-11-04,9:33:32.956430273,T,297.05,40,297.62,200,IBM
2025-11-04,9:33:32.956440288,T,297.02,40,297.62,200,IBM
2025-11-04,9:33:32.956450362,T,297.05,40,297.62,200,IBM
2025-11-04,9:33:32.956465328,T,297.05,40,297.37,40,IBM
2025-11-04,9:33:32.956490608,T,296.68,40,297.37,40,IBM
2025-11-04,9:33:32.956495356,T,296.68,40,297.34,40,IBM
2025-11-04,9:33:32.956500425,T,296.68,40,297.3,40,IBM
2025-11-04,9:33:32.956500425,T,296.55,200,297.3,40,IBM
2025-11-04,9:33:32.956505418,T,296.55,160,297.3,40,IBM
2025-11-04,9:33:32.956515798,T,296.55,160,297.3,80,IBM
2025-11-04,9:33:32.956515798,T,296.55,160,297.2,40,IBM
2025-11-04,9:33:32.956600596,T,296.55,160,297.2,80,IBM
2025-11-04,9:33:32.957006657,T,296.55,160,297.2,120,IBM
2025-11-04,9:33:32.957021627,T,296.55,160,297.2,160,IBM
2025-11-04,9:33:32.957222140,T,296.55,160,297.2,200,IBM
2025-11-04,9:33:32.957287260,T,296.55,160,297.2,240,IBM
2025-11-04,9:33:32.960314541,T,296.6,80,297.2,240,IBM
2025-11-04,9:33:32.960339702,T,296.6,80,297.2,200,IBM
2025-11-04,9:33:32.979339777,T,296.6,80,297.2,160,IBM
2025-11-04,9:33:32.979345125,T,296.6,80,296.88,40,IBM
2025-11-04,9:33:32.979525239,T,296.63,40,296.88,40,IBM
2025-11-04,9:33:32.979660514,T,296.63,40,297.37,80,IBM
2025-11-04,9:33:32.979691307,T,296.63,40,297.37,120,IBM
2025-11-04,9:33:32.979700630,T,296.63,40,296.88,40,IBM
2025-11-04,9:33:32.979716089,T,296.63,40,297.37,120,IBM
2025-11-04,9:33:32.979721241,T,296.6,120,297.37,120,IBM
2025-11-04,9:33:32.979721241,T,296.6,120,297.37,80,IBM
2025-11-04,9:33:32.979740750,T,296.6,80,297.37,80,IBM
2025-11-04,9:33:32.979936154,T,296.63,40,297.37,80,IBM
2025-11-04,9:33:32.979951278,T,296.6,80,297.37,80,IBM
2025-11-04,9:33:32.980046443,T,296.68,40,297.37,80,IBM
2025-11-04,9:33:32.980141671,T,296.68,40,297.04,40,IBM
2025-11-04,9:33:32.980216886,T,296.68,40,297.04,80,IBM
2025-11-04,9:33:32.980352171,T,296.68,40,297.04,120,IBM
2025-11-04,9:33:32.980397308,T,296.68,40,297.04,160,IBM
2025-11-04,9:33:32.984061051,T,296.26,160,297.04,160,IBM
2025-11-04,9:33:32.992310664,T,296.26,160,296.87,40,IBM
2025-11-04,9:33:32.992531218,T,296.26,160,296.87,80,IBM
2025-11-04,9:33:32.996635966,T,296.26,160,296.87,40,IBM
2025-11-04,9:33:33.087772938,T,296.6,120,296.87,40,IBM
2025-11-04,9:33:33.087797985,T,296.6,120,296.87,80,IBM
2025-11-04,9:33:33.088024086,T,296.6,120,296.87,40,IBM
2025-11-04,9:33:33.088028685,T,296.6,120,297.44,40,IBM
2025-11-04,9:33:33.088033536,T,296.6,120,297.65,80,IBM
2025-11-04,9:33:33.088038516,T,296.6,160,297.65,80,IBM
2025-11-04,9:33:33.088053595,T,296.68,40,297.65,80,IBM
2025-11-04,9:33:33.088078687,T,296.68,80,297.65,80,IBM
2025-11-04,9:33:33.088088617,T,296.73,80,297.65,80,IBM
2025-11-04,9:33:33.088259060,T,296.73,80,297.74,40,IBM
2025-11-04,9:33:33.088279176,T,296.73,80,297.65,40,IBM
2025-11-04,9:33:33.088294200,T,296.73,80,297.65,80,IBM
2025-11-04,9:33:33.088840565,T,296.73,80,297.65,160,IBM
2025-11-04,9:33:33.096979833,T,296.6,160,297.65,160,IBM
2025-11-04,9:33:33.097455957,T,296.6,120,297.65,160,IBM
2025-11-04,9:33:33.101079626,T,296.6,120,297.65,120,IBM
2025-11-04,9:33:33.101089596,T,296.6,120,297.65,80,IBM
2025-11-04,9:33:33.101560761,T,296.6,120,297.65,120,IBM
2025-11-04,9:33:33.101575728,T,296.6,120,297.65,160,IBM
2025-11-04,9:33:33.179816993,T,296.6,120,297.19,40,IBM
2025-11-04,9:33:33.179912241,T,296.6,120,297.19,80,IBM
2025-11-04,9:33:33.180102743,T,296.6,120,297.19,120,IBM
2025-11-04,9:33:33.184117232,T,296.26,160,297.19,120,IBM
2025-11-04,9:33:33.184147338,T,296.26,160,297.19,160,IBM
2025-11-04,9:33:33.184152301,T,296.26,160,296.96,40,IBM
2025-11-04,9:33:33.184372915,T,296.26,160,296.96,80,IBM
2025-11-04,9:33:33.184904189,T,296.26,160,296.96,40,IBM
2025-11-04,9:33:33.189850873,T,296.26,160,296.96,80,IBM
2025-11-04,9:33:33.189921114,T,296.26,160,296.96,160,IBM
2025-11-04,9:33:33.189941074,T,296.26,160,296.96,200,IBM
2025-11-04,9:33:33.190482364,T,296.26,160,296.96,160,IBM
2025-11-04,9:33:33.312563059,T,296.38,40,296.96,160,IBM
2025-11-04,9:33:33.312783604,T,296.38,40,296.96,120,IBM
2025-11-04,9:33:33.396984019,T,296.38,40,296.87,80,IBM
2025-11-04,9:33:33.400527401,T,296.38,40,296.87,40,IBM
2025-11-04,9:33:33.446702357,T,296.38,40,296.87,80,IBM
2025-11-04,9:33:33.463477275,T,296.38,40,296.87,40,IBM
2025-11-04,9:33:33.593451676,T,296.38,120,296.87,40,IBM
2025-11-04,9:33:33.680373653,T,296.38,120,296.8,40,IBM
2025-11-04,9:33:33.680383728,T,296.38,120,296.8,80,IBM
2025-11-04,9:33:34.018308510,T,296.38,120,296.8,40,IBM
2025-11-04,9:33:34.018313491,T,296.38,120,297.44,40,IBM
2025-11-04,9:33:34.018328796,T,296.79,80,297.44,40,IBM
2025-11-04,9:33:34.018353603,T,296.79,80,297.59,40,IBM
2025-11-04,9:33:34.018358392,T,296.59,40,297.59,40,IBM
2025-11-04,9:33:34.018378401,T,296.59,80,297.59,40,IBM
2025-11-04,9:33:34.018378401,T,296.39,80,297.59,40,IBM
2025-11-04,9:33:34.018573795,T,296.59,40,297.59,40,IBM
2025-11-04,9:33:34.018744209,T,296.39,80,297.59,40,IBM
2025-11-04,9:33:34.018854495,T,296.46,40,297.59,40,IBM
2025-11-04,9:33:34.019085032,T,296.39,80,297.59,40,IBM
2025-11-04,9:33:34.019090040,T,296.39,80,297.74,40,IBM
2025-11-04,9:33:34.019335692,T,296.39,40,297.74,40,IBM
2025-11-04,9:33:34.020518404,T,296.39,40,296.92,40,IBM
2025-11-04,9:33:34.093903219,T,296.48,40,296.92,40,IBM
2025-11-04,9:33:34.094394374,T,296.48,40,297.74,40,IBM
2025-11-04,9:33:34.094855482,T,296.48,80,297.74,40,IBM
2025-11-04,9:33:34.094930835,T,296.68,40,297.74,40,IBM
2025-11-04,9:33:34.095035828,T,296.71,40,297.74,40,IBM
2025-11-04,9:33:34.095035828,T,296.79,40,297.74,40,IBM
2025-11-04,9:33:34.095131102,T,296.79,40,297.44,80,IBM
2025-11-04,9:33:34.095371647,T,296.71,40,297.44,80,IBM
2025-11-04,9:33:34.095607261,T,296.73,40,297.44,80,IBM
2025-11-04,9:33:34.095617269,T,296.71,40,297.44,80,IBM
2025-11-04,9:33:34.095687402,T,296.48,40,297.44,80,IBM
2025-11-04,9:33:34.095697685,T,296.39,40,297.44,80,IBM
2025-11-04,9:33:34.095747606,T,296.39,80,297.44,80,IBM
2025-11-04,9:33:34.095752580,T,296.39,40,297.44,80,IBM
2025-11-04,9:33:34.095782686,T,296.39,40,297.44,120,IBM
2025-11-04,9:33:34.095923024,T,296.39,40,297.44,200,IBM
2025-11-04,9:33:34.096454209,T,296.39,80,297.44,200,IBM
2025-11-04,9:33:34.118411456,T,296.25,200,297.44,200,IBM
2025-11-04,9:33:34.197539852,T,296.71,40,297.44,200,IBM
2025-11-04,9:33:34.293728882,T,296.71,40,297.44,160,IBM
2025-11-04,9:33:34.859500772,T,296.71,40,297.44,80,IBM
2025-11-04,9:33:34.859505808,T,296.71,40,297.44,120,IBM
2025-11-04,9:33:34.859510833,T,296.71,40,297.14,80,IBM
2025-11-04,9:33:34.859525802,T,296.71,40,296.84,80,IBM
2025-11-04,9:33:34.859545882,T,296.71,40,296.84,40,IBM
2025-11-04,9:33:34.859566289,T,296.71,40,297.14,80,IBM
2025-11-04,9:33:34.859590943,T,296.71,40,297.32,40,IBM
2025-11-04,9:33:34.859636063,T,296.84,40,297.32,40,IBM
2025-11-04,9:33:34.859851604,T,296.84,40,297.32,80,IBM
2025-11-04,9:33:34.860302694,T,296.84,40,297.14,80,IBM
2025-11-04,9:33:35.135883750,T,296.71,40,297.14,80,IBM
2025-11-04,9:33:35.975172051,T,296.71,40,297.14,360,IBM
2025-11-04,9:33:35.975512876,T,296.71,40,296.99,40,IBM
2025-11-04,9:33:35.975653501,T,296.3,40,296.99,40,IBM
2025-11-04,9:33:35.975778452,T,296.3,40,296.99,80,IBM
2025-11-04,9:33:35.975838631,T,296.3,40,296.99,120,IBM
2025-11-04,9:33:35.975943844,T,296.3,40,296.99,80,IBM
2025-11-04,9:33:35.975978931,T,296.25,200,296.99,80,IBM
2025-11-04,9:33:35.975988925,T,296.25,200,296.99,120,IBM
2025-11-04,9:33:35.976019066,T,296.5,40,296.99,120,IBM
2025-11-04,9:33:35.976039115,T,296.5,40,296.99,80,IBM
2025-11-04,9:33:35.977637830,T,296.25,160,296.99,80,IBM
2025-11-04,9:33:36.007198393,T,296.25,160,296.99,40,IBM
2025-11-04,9:33:36.007203303,T,296.25,200,296.99,40,IBM
2025-11-04,9:33:36.025812538,T,296.5,40,296.99,40,IBM
2025-11-04,9:33:36.329515636,T,296.25,160,296.99,40,IBM
2025-11-04,9:33:36.329545643,T,296.25,160,297.74,40,IBM
2025-11-04,9:33:36.332598003,T,296.25,160,296.99,40,IBM
2025-11-04,9:33:37.274886227,T,296.25,160,296.71,40,IBM
2025-11-04,9:33:37.274906137,T,296.25,160,296.99,40,IBM
2025-11-04,9:33:37.274931189,T,296.31,40,296.99,40,IBM
2025-11-04,9:33:37.274936301,T,296.51,40,296.99,40,IBM
2025-11-04,9:33:37.275848375,T,296.51,40,296.99,320,IBM
2025-11-04,9:33:37.284333609,T,296.32,40,296.99,320,IBM
2025-11-04,9:33:37.375064730,T,296.15,40,296.99,320,IBM
2025-11-04,9:33:40.395876254,T,296.15,40,296.99,280,IBM
2025-11-04,9:33:40.395876254,T,296.15,40,296.99,200,IBM
2025-11-04,9:33:40.395901384,T,296.15,40,296.99,80,IBM
2025-11-04,9:33:40.395916361,T,296.15,40,297.74,40,IBM
2025-11-04,9:33:40.395916361,T,296.55,40,297.74,40,IBM
2025-11-04,9:33:40.395956458,T,296.83,40,297.74,40,IBM
2025-11-04,9:33:40.396071779,T,296.83,40,297.74,80,IBM
2025-11-04,9:33:40.396146934,T,296.83,40,297.29,80,IBM
2025-11-04,9:33:40.396602952,T,296.83,40,297.29,200,IBM
2025-11-04,9:33:40.398692965,T,296.83,40,297.29,240,IBM
2025-11-04,9:33:40.405348761,T,296.76,40,297.29,240,IBM
2025-11-04,9:33:40.591652378,T,296.76,40,297.28,40,IBM
2025-11-04,9:33:40.591697476,T,296.76,40,297.28,240,IBM
2025-11-04,9:33:40.597010054,T,296.32,160,297.28,240,IBM
2025-11-04,9:33:40.597025137,T,296.32,160,297.02,40,IBM
2025-11-04,9:33:40.597035158,T,296.32,160,297.02,120,IBM
2025-11-04,9:33:40.597055199,T,296.32,160,296.77,200,IBM
2025-11-04,9:33:40.597095260,T,296.32,160,297.02,120,IBM
2025-11-04,9:33:40.597120396,T,296.32,160,297.02,40,IBM
2025-11-04,9:33:40.597130501,T,296.33,80,297.02,40,IBM
2025-11-04,9:33:40.597155404,T,296.33,80,297.02,80,IBM
2025-11-04,9:33:40.597210602,T,296.33,80,297.02,40,IBM
2025-11-04,9:33:40.597261083,T,296.33,80,297.02,80,IBM
2025-11-04,9:33:40.597315853,T,296.33,80,297.02,120,IBM
2025-11-04,9:33:40.597571404,T,296.33,80,297.02,80,IBM
2025-11-04,9:33:40.598122709,T,296.33,40,297.02,80,IBM
2025-11-04,9:33:40.601731346,T,296.33,40,297.02,120,IBM
2025-11-04,9:33:40.601756417,T,296.38,40,297.02,120,IBM
2025-11-04,9:33:40.601816595,T,296.38,40,297.02,80,IBM
2025-11-04,9:33:40.605926321,T,296.38,40,297.02,40,IBM
2025-11-04,9:33:40.607214419,T,296.38,40,297.27,40,IBM
2025-11-04,9:33:40.620480933,T,296.33,40,297.27,40,IBM
2025-11-04,9:33:40.620500982,T,296.05,160,297.27,40,IBM
2025-11-04,9:33:40.697093382,T,296.05,160,297.41,80,IBM
2025-11-04,9:33:40.697118447,T,296.05,160,297.41,40,IBM
2025-11-04,9:33:40.697424168,T,296.05,160,297.59,40,IBM
2025-11-04,9:33:40.697449221,T,296.05,160,297.74,40,IBM
2025-11-04,9:33:40.698536823,T,296.05,160,297.15,80,IBM
2025-11-04,9:33:40.699328701,T,296.05,160,297.15,160,IBM
2025-11-04,9:33:40.797327039,T,296.05,160,297.15,200,IBM
2025-11-04,9:33:41.051131189,T,296.05,200,297.15,200,IBM
2025-11-04,9:33:41.855280681,T,296.38,480,297.15,200,IBM
2025-11-04,9:33:43.609977992,T,296.38,480,297.15,240,IBM
2025-11-04,9:33:43.610509221,T,296.38,480,296.85,80,IBM
2025-11-04,9:33:43.610524259,T,296.38,480,296.85,160,IBM
2025-11-04,9:33:45.808918180,T,296.05,200,296.85,160,IBM
2025-11-04,9:33:46.407362856,T,296.05,160,296.85,160,IBM
2025-11-04,9:33:46.892457887,T,296.05,160,296.76,40,IBM
2025-11-04,9:33:46.892487885,T,296.05,160,296.76,80,IBM
2025-11-04,9:33:46.892502913,T,296.05,160,296.64,40,IBM
2025-11-04,9:33:46.892548046,T,296.05,160,296.63,40,IBM
2025-11-04,9:33:46.893024187,T,296.05,160,296.63,120,IBM
2025-11-04,9:33:46.893044201,T,296.05,160,296.63,80,IBM
2025-11-04,9:33:46.893124369,T,296.38,480,296.63,80,IBM
2025-11-04,9:33:47.074897203,T,296.38,480,296.63,400,IBM
2025-11-04,9:33:47.924715195,T,296.38,480,296.63,360,IBM
2025-11-04,9:33:47.924750254,T,296.38,480,296.63,320,IBM
2025-11-04,9:33:47.924755323,T,296.38,480,297.15,40,IBM
2025-11-04,9:33:47.924785671,T,296.38,520,297.15,40,IBM
2025-11-04,9:33:47.924980848,T,296.38,600,297.15,40,IBM
2025-11-04,9:33:47.924995935,T,296.5,40,297.15,40,IBM
2025-11-04,9:33:47.925086111,T,296.5,80,297.15,40,IBM
2025-11-04,9:33:47.925391870,T,296.5,40,297.15,40,IBM
2025-11-04,9:33:47.925446985,T,296.38,600,297.15,40,IBM
2025-11-04,9:33:47.925522128,T,296.5,40,297.15,40,IBM
2025-11-04,9:33:47.934182767,T,296.38,560,297.15,40,IBM
2025-11-04,9:33:48.278813172,T,296.54,40,297.15,40,IBM
2025-11-04,9:33:48.279604996,T,296.54,520,297.15,40,IBM
2025-11-04,9:33:48.283875142,T,296.54,480,297.15,40,IBM
2025-11-04,9:33:50.418471742,T,296.54,480,297.45,40,IBM
2025-11-04,9:33:50.418496851,T,296.54,480,297.59,40,IBM
2025-11-04,9:33:50.418526911,T,296.54,480,296.82,40,IBM
2025-11-04,9:33:50.709419459,T,296.54,480,297.31,40,IBM
2025-11-04,9:33:50.709439546,T,296.54,480,297.59,40,IBM
2025-11-04,9:33:50.709459567,T,296.68,40,297.59,40,IBM
2025-11-04,9:33:50.709489583,T,296.68,40,297.31,400,IBM
2025-11-04,9:33:50.709489583,T,296.68,120,297.31,400,IBM
2025-11-04,9:33:50.709494698,T,296.68,120,297.31,800,IBM
2025-11-04,9:33:50.709509804,T,296.68,80,297.31,800,IBM
2025-11-04,9:33:50.709514892,T,296.68,40,297.31,800,IBM
2025-11-04,9:33:50.709519705,T,296.54,480,297.31,800,IBM
2025-11-04,9:33:50.709519705,T,296.54,480,297.31,1200,IBM
2025-11-04,9:33:50.709530194,T,296.54,480,297.31,800,IBM
2025-11-04,9:33:50.709534748,T,296.54,480,297.03,40,IBM
2025-11-04,9:33:50.709550316,T,296.54,480,296.75,80,IBM
2025-11-04,9:33:50.709559835,T,296.54,480,296.69,80,IBM
2025-11-04,9:33:50.709564819,T,296.54,480,296.69,1680,IBM
2025-11-04,9:33:50.709570089,T,296.54,480,296.69,1640,IBM
2025-11-04,9:33:50.709574843,T,296.54,480,296.68,40,IBM
2025-11-04,9:33:50.709584826,T,296.54,480,297.0,40,IBM
2025-11-04,9:33:50.709604943,T,296.54,480,297.03,40,IBM
2025-11-04,9:33:50.709609865,T,296.54,480,296.68,1600,IBM
2025-11-04,9:33:50.709619950,T,296.54,480,296.68,1840,IBM
2025-11-04,9:33:50.709629947,T,296.54,480,296.68,240,IBM
2025-11-04,9:33:50.709680062,T,296.54,80,296.68,240,IBM
2025-11-04,9:33:50.709710171,T,296.54,80,296.68,280,IBM
2025-11-04,9:33:50.709730253,T,296.38,120,296.68,280,IBM
2025-11-04,9:33:50.709740224,T,296.38,120,296.68,40,IBM
2025-11-04,9:33:50.709740224,T,296.38,120,296.82,40,IBM
2025-11-04,9:33:50.709750308,T,296.38,80,296.82,40,IBM
2025-11-04,9:33:50.709765279,T,296.38,80,296.69,40,IBM
2025-11-04,9:33:50.709770258,T,296.38,80,296.82,40,IBM
2025-11-04,9:33:50.709895689,T,296.5,80,296.82,40,IBM
2025-11-04,9:33:50.709910658,T,296.5,200,296.82,40,IBM
2025-11-04,9:33:50.709940926,T,296.5,200,296.69,80,IBM
2025-11-04,9:33:50.709940926,T,296.5,200,296.69,120,IBM
2025-11-04,9:33:50.709960759,T,296.5,200,296.69,240,IBM
2025-11-04,9:33:50.710000817,T,296.5,200,296.69,280,IBM
2025-11-04,9:33:50.710226488,T,296.5,200,296.69,240,IBM
2025-11-04,9:33:50.710251835,T,296.5,200,296.69,160,IBM
2025-11-04,9:33:50.710261439,T,296.5,200,296.69,40,IBM
2025-11-04,9:33:50.710276535,T,296.5,160,296.69,40,IBM
2025-11-04,9:33:50.710286468,T,296.5,160,296.62,240,IBM
2025-11-04,9:33:50.710291516,T,296.5,80,296.62,240,IBM
2025-11-04,9:33:50.710291516,T,296.38,80,296.62,240,IBM
2025-11-04,9:33:50.710311569,T,296.38,80,296.69,40,IBM
2025-11-04,9:33:50.710311569,T,296.38,80,296.5,80,IBM
2025-11-04,9:33:50.710336673,T,296.38,80,296.5,120,IBM
2025-11-04,9:33:50.710336673,T,296.38,80,296.5,320,IBM
2025-11-04,9:33:50.710752609,T,295.83,40,296.5,320,IBM
2025-11-04,9:33:50.710752609,T,295.78,160,296.5,320,IBM
2025-11-04,9:33:50.710772760,T,295.78,160,296.5,280,IBM
2025-11-04,9:33:50.710772760,T,295.78,160,296.5,80,IBM
2025-11-04,9:33:50.710787791,T,295.78,200,296.5,80,IBM
2025-11-04,9:33:50.710787791,T,295.78,200,296.5,40,IBM
2025-11-04,9:33:50.710792742,T,295.78,200,296.39,200,IBM
2025-11-04,9:33:50.710818299,T,295.78,160,296.39,200,IBM
2025-11-04,9:33:50.710818299,T,295.78,160,296.39,240,IBM
2025-11-04,9:33:50.710842904,T,295.78,200,296.39,240,IBM
2025-11-04,9:33:50.710867889,T,295.78,160,296.39,240,IBM
2025-11-04,9:33:50.710983169,T,295.78,200,296.39,240,IBM
2025-11-04,9:33:50.711018286,T,296.32,200,296.39,240,IBM
2025-11-04,9:33:50.711028336,T,296.32,200,296.69,40,IBM
2025-11-04,9:33:50.711053400,T,296.32,200,296.5,440,IBM
2025-11-04,9:33:50.711078361,T,296.32,200,296.69,40,IBM
2025-11-04,9:33:50.711098406,T,296.32,200,296.39,440,IBM
2025-11-04,9:33:50.711359191,T,296.32,200,296.39,400,IBM
2025-11-04,9:33:50.711359191,T,296.32,200,296.76,40,IBM
2025-11-04,9:33:50.711359191,T,296.32,200,296.69,40,IBM
2025-11-04,9:33:50.711384170,T,296.32,200,296.36,440,IBM
2025-11-04,9:33:50.711394177,T,296.32,200,296.36,400,IBM
2025-11-04,9:33:50.711424251,T,296.16,40,296.36,400,IBM
2025-11-04,9:33:50.711459310,T,295.78,160,296.36,400,IBM
2025-11-04,9:33:50.711479317,T,295.78,160,297.0,40,IBM
2025-11-04,9:33:50.711479317,T,295.78,160,296.35,120,IBM
2025-11-04,9:33:50.711499473,T,295.78,160,296.32,400,IBM
2025-11-04,9:33:50.711755360,T,295.78,200,296.32,400,IBM
2025-11-04,9:33:50.712607080,T,295.78,200,296.32,440,IBM
2025-11-04,9:33:50.713183700,T,295.78,160,296.32,440,IBM
2025-11-04,9:33:50.713183700,T,295.78,160,296.32,280,IBM
2025-11-04,9:33:50.713819917,T,295.78,160,296.32,40,IBM
2025-11-04,9:33:50.713819917,T,295.78,160,296.69,40,IBM
2025-11-04,9:33:50.713845021,T,295.78,160,296.29,280,IBM
2025-11-04,9:33:50.713895340,T,295.78,160,296.29,40,IBM
2025-11-04,9:33:50.713920131,T,295.78,160,296.69,40,IBM
2025-11-04,9:33:50.713940203,T,295.78,160,296.89,40,IBM
2025-11-04,9:33:50.714140654,T,296.32,40,296.89,40,IBM
2025-11-04,9:33:50.714376270,T,296.32,40,296.69,40,IBM
2025-11-04,9:33:50.714381299,T,296.32,40,297.0,40,IBM
2025-11-04,9:33:50.714491498,T,296.32,40,296.69,40,IBM
2025-11-04,9:33:50.714536689,T,296.32,40,296.69,80,IBM
2025-11-04,9:33:50.714556644,T,296.32,40,296.69,40,IBM
2025-11-04,9:33:50.714566665,T,295.78,160,296.69,40,IBM
2025-11-04,9:33:50.714586809,T,295.78,160,296.69,80,IBM
2025-11-04,9:33:50.714601854,T,295.78,160,296.68,80,IBM
2025-11-04,9:33:50.714606829,T,295.78,160,296.51,40,IBM
2025-11-04,9:33:50.724009216,T,295.78,160,296.68,80,IBM
2025-11-04,9:33:50.724199643,T,295.78,160,296.68,40,IBM
2025-11-04,9:33:50.724199643,T,295.78,160,296.69,80,IBM
2025-11-04,9:33:50.724199643,T,295.78,160,296.69,40,IBM
2025-11-04,9:33:50.724224675,T,296.36,40,296.69,40,IBM
2025-11-04,9:33:50.724244719,T,296.36,40,297.17,40,IBM
2025-11-04,9:33:50.724294884,T,296.36,40,297.3,80,IBM
2025-11-04,9:33:50.724450212,T,296.36,40,297.17,40,IBM
2025-11-04,9:33:50.724460310,T,296.36,40,296.89,40,IBM
2025-11-04,9:33:50.724580511,T,296.31,40,296.89,40,IBM
2025-11-04,9:33:50.724585985,T,296.31,40,296.89,80,IBM
2025-11-04,9:33:50.724605681,T,296.31,40,296.68,40,IBM
2025-11-04,9:33:50.724610947,T,296.31,40,296.68,80,IBM
2025-11-04,9:33:50.724635740,T,296.31,40,296.57,40,IBM
2025-11-04,9:33:50.724645718,T,296.31,40,296.57,80,IBM
2025-11-04,9:33:50.724650767,T,296.31,40,296.57,120,IBM
2025-11-04,9:33:50.724695857,T,296.31,40,296.57,160,IBM
2025-11-04,9:33:50.724695857,T,296.23,80,296.57,160,IBM
2025-11-04,9:33:50.724831190,T,296.23,80,296.57,120,IBM
2025-11-04,9:33:50.724836126,T,296.23,80,296.47,80,IBM
2025-11-04,9:33:50.724836126,T,296.23,80,296.47,120,IBM
2025-11-04,9:33:50.724841163,T,296.23,80,296.47,160,IBM
2025-11-04,9:33:50.724891317,T,296.23,80,296.47,240,IBM
2025-11-04,9:33:50.724946468,T,296.23,80,296.47,280,IBM
2025-11-04,9:33:50.724956435,T,296.23,80,296.47,320,IBM
2025-11-04,9:33:50.725272197,T,296.23,40,296.47,320,IBM
2025-11-04,9:33:50.728820678,T,296.23,40,296.47,280,IBM
2025-11-04,9:33:50.760115197,T,296.23,40,296.47,200,IBM
