DATE,TIME_M,EX,BID,BIDSIZ,ASK,ASKSIZ,SYM_ROOT
2025-11-07,9:30:00.993824997,T,309.0,200,314.11,40,IBM
2025-11-07,9:30:01.409549612,T,309.0,200,310.5,40,IBM
2025-11-07,9:30:01.488587813,T,309.0,200,310.5,80,IBM
2025-11-07,9:30:01.522658937,T,309.0,200,310.5,40,IBM
2025-11-07,9:30:01.600178435,T,309.0,200,309.69,80,IBM
2025-11-07,9:30:01.600213634,T,309.0,200,310.5,40,IBM
2025-11-07,9:30:01.600238810,T,309.14,80,310.5,40,IBM
2025-11-07,9:30:01.601464393,T,309.14,80,309.69,80,IBM
2025-11-07,9:30:01.601476535,T,309.14,80,310.5,40,IBM
2025-11-07,9:30:01.602007819,T,309.14,80,309.7,40,IBM
2025-11-07,9:30:01.602052987,T,309.14,80,310.5,40,IBM
2025-11-07,9:30:01.602113078,T,309.26,80,310.5,40,IBM
2025-11-07,9:30:01.602458938,T,309.26,80,309.69,40,IBM
2025-11-07,9:30:01.602494002,T,309.26,80,310.5,40,IBM
2025-11-07,9:30:01.602759662,T,309.68,40,310.5,40,IBM
2025-11-07,9:30:01.602990186,T,309.26,80,310.5,40,IBM
2025-11-07,9:30:01.622080625,T,309.0,200,310.5,40,IBM
2025-11-07,9:30:01.965332887,T,309.0,200,310.5,80,IBM
2025-11-07,9:30:01.965408034,T,309.0,200,310.02,80,IBM
2025-11-07,9:30:01.985410612,T,309.0,200,310.5,80,IBM
2025-11-07,9:30:01.985841606,T,309.0,200,310.5,40,IBM
2025-11-07,9:30:01.986322797,T,309.0,200,310.5,80,IBM
2025-11-07,9:30:02.008094620,T,309.0,200,310.5,120,IBM
2025-11-07,9:30:02.008154695,T,309.0,200,310.5,80,IBM
2025-11-07,9:30:02.008335183,T,308.75,40,310.5,80,IBM
2025-11-07,9:30:02.008736184,T,309.0,160,310.5,80,IBM
2025-11-07,9:30:02.015386939,T,309.0,160,310.5,40,IBM
2025-11-07,9:30:02.017406760,T,309.0,160,310.5,80,IBM
2025-11-07,9:30:02.205885451,T,309.0,160,310.5,120,IBM
2025-11-07,9:30:02.750111045,T,309.0,160,310.5,80,IBM
2025-11-07,9:30:02.750120980,T,309.0,160,310.5,40,IBM
2025-11-07,9:30:03.183247059,T,309.0,160,310.5,80,IBM
2025-11-07,9:30:03.183287200,T,309.0,160,310.5,40,IBM
2025-11-07,9:30:03.183753310,T,309.0,160,309.56,40,IBM
2025-11-07,9:30:03.183843452,T,309.0,40,309.56,40,IBM
2025-11-07,9:30:03.183868612,T,308.75,40,309.56,40,IBM
2025-11-07,9:30:03.191040705,T,308.75,40,310.5,40,IBM
2025-11-07,9:30:04.322689570,T,308.3,40,310.5,40,IBM
2025-11-07,9:30:04.322709629,T,307.43,40,310.5,40,IBM
2025-11-07,9:30:04.322729690,T,307.43,40,309.81,80,IBM
2025-11-07,9:30:04.322739906,T,307.43,40,309.42,40,IBM
2025-11-07,9:30:04.323737162,T,307.43,40,309.81,200,IBM
2025-11-07,9:30:04.333169526,T,307.43,40,309.81,160,IBM
2025-11-07,9:30:04.333179503,T,307.43,40,309.81,120,IBM
2025-11-07,9:30:04.333600580,T,307.43,40,309.81,160,IBM
2025-11-07,9:30:04.334026636,T,307.43,40,309.81,200,IBM
2025-11-07,9:30:04.337575032,T,307.43,40,309.81,160,IBM
2025-11-07,9:30:04.342727734,T,307.43,40,309.81,80,IBM
2025-11-07,9:30:04.391022446,T,307.43,40,309.81,40,IBM
2025-11-07,9:30:04.391027230,T,307.43,40,310.31,40,IBM
2025-11-07,9:30:04.394630807,T,306.15,40,310.31,40,IBM
2025-11-07,9:30:04.398244508,T,306.15,40,310.5,80,IBM
2025-11-07,9:30:04.398264467,T,306.15,40,310.5,40,IBM
2025-11-07,9:30:04.436204794,T,306.93,40,310.5,40,IBM
2025-11-07,9:30:04.848020165,T,306.93,40,309.4,40,IBM
2025-11-07,9:30:05.082508394,T,308.49,40,309.4,40,IBM
2025-11-07,9:30:05.443327484,T,308.49,40,309.4,80,IBM
2025-11-07,9:30:05.560957565,T,308.49,40,309.35,120,IBM
2025-11-07,9:30:05.561378600,T,308.49,40,309.35,160,IBM
2025-11-07,9:30:05.561744400,T,308.49,40,309.35,40,IBM
2025-11-07,9:30:05.562486191,T,308.49,40,309.35,80,IBM
2025-11-07,9:30:05.634272415,T,306.93,40,309.35,80,IBM
2025-11-07,9:30:05.634512684,T,306.93,40,309.18,40,IBM
2025-11-07,9:30:05.635008929,T,306.93,40,308.92,40,IBM
2025-11-07,9:30:05.635429846,T,306.93,40,308.92,80,IBM
2025-11-07,9:30:05.637720316,T,306.15,40,308.92,80,IBM
2025-11-07,9:30:05.639464509,T,306.15,40,308.92,40,IBM
2025-11-07,9:30:05.646396001,T,306.23,40,308.92,40,IBM
2025-11-07,9:30:05.649523436,T,306.15,40,308.92,40,IBM
2025-11-07,9:30:05.649543492,T,306.15,40,308.79,80,IBM
2025-11-07,9:30:05.650500762,T,306.15,40,308.79,120,IBM
2025-11-07,9:30:05.669546146,T,306.15,40,308.79,40,IBM
2025-11-07,9:30:07.097961583,T,304.92,40,308.79,40,IBM
2025-11-07,9:30:09.546315158,T,304.92,40,308.84,120,IBM
2025-11-07,9:30:13.050051455,T,304.91,40,308.84,120,IBM
2025-11-07,9:30:14.581366882,T,304.91,40,308.84,160,IBM
2025-11-07,9:30:14.626123413,T,304.91,40,308.84,120,IBM
2025-11-07,9:30:15.267234780,T,304.91,40,308.83,80,IBM
2025-11-07,9:30:15.267244745,T,306.09,40,308.83,80,IBM
2025-11-07,9:30:17.115800529,T,306.09,40,308.84,120,IBM
2025-11-07,9:30:17.978414042,T,308.01,80,308.84,120,IBM
2025-11-07,9:30:17.978469358,T,308.0,80,308.84,120,IBM
2025-11-07,9:30:17.978474203,T,304.92,80,308.84,120,IBM
2025-11-07,9:30:17.978494240,T,306.21,40,308.84,120,IBM
2025-11-07,9:30:17.978514274,T,308.01,80,308.84,120,IBM
2025-11-07,9:30:17.978644546,T,308.01,80,308.83,80,IBM
2025-11-07,9:30:17.978714889,T,308.01,80,308.83,160,IBM
2025-11-07,9:30:17.978739763,T,308.01,80,308.83,320,IBM
2025-11-07,9:30:17.978794900,T,308.01,80,308.83,240,IBM
2025-11-07,9:30:17.978794900,T,308.01,80,308.83,80,IBM
2025-11-07,9:30:17.978819978,T,308.01,80,308.83,320,IBM
2025-11-07,9:30:17.978834980,T,308.01,80,308.83,80,IBM
2025-11-07,9:30:17.978860025,T,308.01,80,308.75,240,IBM
2025-11-07,9:30:17.979130761,T,308.01,80,308.83,80,IBM
2025-11-07,9:30:17.979155743,T,308.01,80,308.62,240,IBM
2025-11-07,9:30:17.979240938,T,308.01,80,308.61,80,IBM
2025-11-07,9:30:17.979291103,T,308.01,80,308.61,320,IBM
2025-11-07,9:30:17.984212812,T,308.01,80,308.61,240,IBM
2025-11-07,9:30:17.984463370,T,308.01,120,308.61,240,IBM
2025-11-07,9:30:18.176340239,T,308.01,40,308.61,240,IBM
2025-11-07,9:30:18.176560716,T,306.59,40,308.61,240,IBM
2025-11-07,9:30:18.305878505,T,308.0,80,308.61,240,IBM
2025-11-07,9:30:18.306284556,T,304.92,80,308.61,240,IBM
2025-11-07,9:30:18.306289500,T,306.59,40,308.61,240,IBM
2025-11-07,9:30:21.007630633,T,308.01,80,308.61,240,IBM
2025-11-07,9:30:21.007730827,T,306.64,40,308.61,240,IBM
2025-11-07,9:30:21.112720788,T,306.64,40,308.61,320,IBM
2025-11-07,9:30:21.142276095,T,308.01,40,308.61,320,IBM
2025-11-07,9:30:23.939319810,T,308.01,120,308.61,320,IBM
2025-11-07,9:30:23.939385013,T,308.01,40,308.61,320,IBM
2025-11-07,9:30:25.113956146,T,308.01,120,308.61,320,IBM
2025-11-07,9:30:25.114091462,T,308.01,120,308.61,120,IBM
2025-11-07,9:30:25.114091462,T,308.01,120,308.61,80,IBM
2025-11-07,9:30:25.114091462,T,308.01,120,308.65,80,IBM
2025-11-07,9:30:25.114116563,T,308.61,80,308.65,80,IBM
2025-11-07,9:30:25.114141654,T,308.61,80,308.66,120,IBM
2025-11-07,9:30:25.114156651,T,308.01,40,308.66,120,IBM
2025-11-07,9:30:25.114156651,T,308.31,80,308.66,120,IBM
2025-11-07,9:30:25.114242097,T,308.31,80,308.66,80,IBM
2025-11-07,9:30:25.114242097,T,308.31,80,308.66,40,IBM
2025-11-07,9:30:25.114242097,T,308.31,80,310.11,40,IBM
2025-11-07,9:30:25.114512517,T,308.31,120,310.11,40,IBM
2025-11-07,9:30:25.114512517,T,308.32,80,310.11,40,IBM
2025-11-07,9:30:25.114788167,T,308.32,80,310.16,40,IBM
2025-11-07,9:30:25.114868291,T,308.31,40,310.16,40,IBM
2025-11-07,9:30:25.114873368,T,308.32,40,310.16,40,IBM
2025-11-07,9:30:25.114988664,T,308.32,40,309.48,40,IBM
2025-11-07,9:30:25.115008671,T,308.32,40,309.48,80,IBM
2025-11-07,9:30:25.115369521,T,308.32,760,309.48,80,IBM
2025-11-07,9:30:25.115404767,T,308.32,840,309.48,80,IBM
2025-11-07,9:30:25.115429721,T,308.32,800,309.48,80,IBM
2025-11-07,9:30:25.115484797,T,308.32,720,309.48,80,IBM
2025-11-07,9:30:25.115610065,T,308.32,40,309.48,80,IBM
2025-11-07,9:30:25.115670203,T,308.33,80,309.48,80,IBM
2025-11-07,9:30:25.115885746,T,308.33,80,309.48,40,IBM
2025-11-07,9:30:25.115890799,T,308.33,80,310.16,40,IBM
2025-11-07,9:30:25.115915849,T,308.33,80,309.18,80,IBM
2025-11-07,9:30:25.116146414,T,308.33,80,309.17,80,IBM
2025-11-07,9:30:25.116191454,T,308.33,80,309.17,160,IBM
2025-11-07,9:30:25.116316832,T,308.33,760,309.17,160,IBM
2025-11-07,9:30:25.124436127,T,308.33,760,309.17,80,IBM
2025-11-07,9:30:26.115475449,T,308.33,800,309.17,80,IBM
2025-11-07,9:30:26.801313121,T,308.33,800,309.18,80,IBM
2025-11-07,9:30:26.801333271,T,308.33,800,308.98,80,IBM
2025-11-07,9:30:30.126383907,T,308.33,720,308.98,80,IBM
2025-11-07,9:30:30.126399015,T,308.33,720,310.11,40,IBM
2025-11-07,9:30:30.126424061,T,308.33,720,308.65,80,IBM
2025-11-07,9:30:30.126449058,T,308.33,720,310.11,40,IBM
2025-11-07,9:30:30.209852634,T,308.33,720,308.84,40,IBM
2025-11-07,9:30:33.046470686,T,308.39,40,308.84,40,IBM
2025-11-07,9:30:33.046475578,T,308.39,40,309.9,40,IBM
2025-11-07,9:30:33.046540797,T,308.39,40,310.11,40,IBM
2025-11-07,9:30:33.046565821,T,308.39,80,310.11,40,IBM
2025-11-07,9:30:33.046595818,T,308.4,80,310.11,40,IBM
2025-11-07,9:30:33.047658401,T,308.4,120,310.11,40,IBM
2025-11-07,9:30:33.093041397,T,308.4,40,310.11,40,IBM
2025-11-07,9:30:34.744147036,T,308.09,80,310.11,40,IBM
2025-11-07,9:30:34.744182201,T,308.09,80,309.93,80,IBM
2025-11-07,9:30:35.087459375,T,308.09,80,310.32,40,IBM
2025-11-07,9:30:35.087469312,T,308.34,80,310.32,40,IBM
2025-11-07,9:30:35.095152711,T,308.09,80,310.32,40,IBM
2025-11-07,9:30:35.250677856,T,308.09,80,309.93,80,IBM
2025-11-07,9:30:35.258296049,T,308.09,80,310.32,40,IBM
2025-11-07,9:30:35.593754610,T,308.11,80,310.32,40,IBM
2025-11-07,9:30:35.601603317,T,308.09,80,310.32,40,IBM
2025-11-07,9:30:36.094431470,T,308.11,80,310.32,40,IBM
2025-11-07,9:30:36.102190225,T,308.09,80,310.32,40,IBM
2025-11-07,9:30:36.102205011,T,308.09,80,309.68,80,IBM
2025-11-07,9:30:36.104440310,T,308.09,80,310.32,40,IBM
2025-11-07,9:30:36.599949979,T,308.11,80,310.32,40,IBM
2025-11-07,9:30:36.607768581,T,308.09,80,310.32,40,IBM
2025-11-07,9:30:36.607778581,T,308.09,80,309.68,80,IBM
2025-11-07,9:30:36.609953775,T,308.09,80,310.32,40,IBM
2025-11-07,9:30:37.105067455,T,308.11,80,310.32,40,IBM
2025-11-07,9:30:37.112785826,T,308.09,80,310.32,40,IBM
2025-11-07,9:30:37.112800812,T,308.09,80,309.68,80,IBM
2025-11-07,9:30:37.115086340,T,308.09,80,310.32,40,IBM
2025-11-07,9:30:37.612019300,T,308.11,80,310.32,40,IBM
2025-11-07,9:30:37.619752663,T,308.09,80,310.32,40,IBM
2025-11-07,9:30:37.619762671,T,308.09,80,309.68,80,IBM
2025-11-07,9:30:37.622023209,T,308.09,80,310.32,40,IBM
2025-11-07,9:30:38.165872868,T,308.11,80,310.32,40,IBM
2025-11-07,9:30:38.173711496,T,308.09,80,310.32,40,IBM
2025-11-07,9:30:38.173721452,T,308.09,80,309.68,80,IBM
2025-11-07,9:30:38.175881693,T,308.09,80,310.32,40,IBM
2025-11-07,9:30:39.678228159,T,308.61,40,310.32,40,IBM
2025-11-07,9:30:39.709201924,T,308.09,80,310.32,40,IBM
2025-11-07,9:30:39.833618230,T,308.11,80,310.32,40,IBM
2025-11-07,9:30:39.841537011,T,308.09,80,310.32,40,IBM
2025-11-07,9:30:39.841547058,T,308.09,80,309.68,80,IBM
2025-11-07,9:30:39.842810094,T,308.09,80,310.32,40,IBM
2025-11-07,9:30:41.502571299,T,308.11,80,310.32,40,IBM
2025-11-07,9:30:41.510480039,T,308.09,80,310.32,40,IBM
2025-11-07,9:30:41.510490079,T,308.09,80,309.68,80,IBM
2025-11-07,9:30:41.510911075,T,308.09,80,309.68,120,IBM
2025-11-07,9:30:41.512575092,T,308.09,80,309.68,40,IBM
2025-11-07,9:30:41.701194192,T,308.09,80,310.32,40,IBM
2025-11-07,9:30:41.701384630,T,308.4,40,310.32,40,IBM
2025-11-07,9:30:42.646845359,T,308.09,80,310.32,40,IBM
2025-11-07,9:30:43.169785301,T,308.11,80,310.32,40,IBM
2025-11-07,9:30:43.177744161,T,308.09,80,310.32,40,IBM
2025-11-07,9:30:43.177759270,T,308.09,80,309.67,80,IBM
2025-11-07,9:30:43.179017214,T,308.09,80,310.32,40,IBM
2025-11-07,9:30:46.647248793,T,308.09,80,309.04,80,IBM
2025-11-07,9:30:49.727170999,T,308.09,80,308.79,80,IBM
2025-11-07,9:30:49.727316452,T,308.09,80,308.8,80,IBM
2025-11-07,9:30:49.727316452,T,308.09,80,309.04,80,IBM
2025-11-07,9:30:49.808644899,T,308.0,80,309.04,80,IBM
2025-11-07,9:30:49.808674996,T,308.01,80,309.04,80,IBM
2025-11-07,9:30:49.808705132,T,308.09,40,309.04,80,IBM
2025-11-07,9:30:50.370998654,T,308.01,80,309.04,80,IBM
2025-11-07,9:30:51.775372028,T,308.0,80,309.04,80,IBM
2025-11-07,9:30:52.086768355,T,308.01,80,309.04,80,IBM
2025-11-07,9:30:52.087194389,T,308.01,80,309.04,120,IBM
2025-11-07,9:30:52.271092096,T,308.0,80,309.04,120,IBM
2025-11-07,9:30:52.281075870,T,308.01,80,309.04,120,IBM
2025-11-07,9:30:52.281110957,T,308.09,40,309.04,120,IBM
2025-11-07,9:30:52.804246300,T,308.09,40,309.04,80,IBM
2025-11-07,9:30:54.009380313,T,308.01,80,309.04,80,IBM
2025-11-07,9:30:54.701778710,T,308.09,40,309.04,80,IBM
2025-11-07,9:30:54.701778710,T,308.09,40,308.96,80,IBM
2025-11-07,9:30:54.732777441,T,308.09,40,308.97,80,IBM
2025-11-07,9:30:54.853815616,T,308.01,80,308.97,80,IBM
2025-11-07,9:30:56.853666563,T,308.01,80,309.02,40,IBM
2025-11-07,9:31:00.031917901,T,308.09,80,309.02,40,IBM
2025-11-07,9:31:02.158475396,T,308.09,80,309.02,80,IBM
2025-11-07,9:31:02.158500448,T,308.09,80,309.01,80,IBM
2025-11-07,9:31:02.269334347,T,308.09,80,309.02,80,IBM
2025-11-07,9:31:02.269750269,T,308.09,80,309.02,40,IBM
2025-11-07,9:31:02.277278208,T,308.01,80,309.02,40,IBM
2025-11-07,9:31:02.403182928,T,308.01,80,309.02,80,IBM
2025-11-07,9:31:02.602542595,T,308.01,80,309.01,80,IBM
2025-11-07,9:31:02.752364196,T,308.01,80,309.01,120,IBM
2025-11-07,9:31:03.310979078,T,308.01,80,309.01,40,IBM
2025-11-07,9:31:03.318421774,T,308.09,80,309.01,40,IBM
2025-11-07,9:31:03.318461909,T,308.1,80,309.01,40,IBM
2025-11-07,9:31:03.742561591,T,308.09,80,309.01,40,IBM
2025-11-07,9:31:04.028422158,T,308.1,80,309.01,40,IBM
2025-11-07,9:31:04.028462217,T,308.1,160,309.01,40,IBM
2025-11-07,9:31:04.035960082,T,308.1,80,309.01,40,IBM
2025-11-07,9:31:04.319013913,T,308.1,160,309.01,40,IBM
2025-11-07,9:31:04.319204398,T,308.1,80,309.01,40,IBM
2025-11-07,9:31:04.319219532,T,308.1,160,309.01,40,IBM
2025-11-07,9:31:04.319224356,T,308.1,160,309.01,80,IBM
2025-11-07,9:31:04.319234422,T,308.1,80,309.01,80,IBM
2025-11-07,9:31:04.319284581,T,308.09,80,309.01,80,IBM
2025-11-07,9:31:04.319289521,T,308.0,80,309.01,80,IBM
2025-11-07,9:31:04.319294629,T,308.0,80,309.0,80,IBM
2025-11-07,9:31:04.319329633,T,308.01,80,309.0,80,IBM
2025-11-07,9:31:04.319740656,T,308.01,80,309.01,120,IBM
2025-11-07,9:31:04.320161634,T,308.01,80,309.01,160,IBM
2025-11-07,9:31:04.520197828,T,308.01,80,309.01,120,IBM
2025-11-07,9:31:04.520694400,T,308.01,80,309.01,80,IBM
2025-11-07,9:31:04.520698981,T,308.01,80,309.0,80,IBM
2025-11-07,9:31:04.521430822,T,308.01,80,309.0,120,IBM
2025-11-07,9:31:05.240537653,T,308.01,80,309.0,80,IBM
2025-11-07,9:31:05.240567707,T,308.01,80,309.02,40,IBM
2025-11-07,9:31:05.244040950,T,308.09,80,309.02,40,IBM
2025-11-07,9:31:05.244076077,T,308.1,80,309.02,40,IBM
2025-11-07,9:31:07.042888365,T,308.0,80,309.02,40,IBM
2025-11-07,9:31:07.042918347,T,308.01,80,309.02,40,IBM
2025-11-07,9:31:08.376653545,T,308.0,80,309.02,40,IBM
2025-11-07,9:31:08.392436101,T,307.68,160,309.02,40,IBM
2025-11-07,9:31:08.460242580,T,308.09,80,309.02,40,IBM
2025-11-07,9:31:08.460302719,T,307.68,160,309.02,40,IBM
2025-11-07,9:31:08.460332784,T,307.68,160,308.99,80,IBM
2025-11-07,9:31:08.460543356,T,307.68,160,308.99,120,IBM
2025-11-07,9:31:08.460753812,T,307.68,160,308.99,160,IBM
2025-11-07,9:31:08.460783865,T,307.68,160,308.74,80,IBM
2025-11-07,9:31:08.467093898,T,307.68,160,308.75,80,IBM
2025-11-07,9:31:08.467600119,T,307.68,160,308.99,160,IBM
2025-11-07,9:31:08.475037783,T,307.68,160,308.99,120,IBM
2025-11-07,9:31:08.475138055,T,307.68,160,308.99,80,IBM
2025-11-07,9:31:08.496002719,T,307.68,160,309.0,80,IBM
2025-11-07,9:31:08.504507942,T,308.0,80,309.0,80,IBM
2025-11-07,9:31:08.568645664,T,308.0,80,309.02,40,IBM
2025-11-07,9:31:08.746318621,T,308.0,80,308.99,80,IBM
2025-11-07,9:31:08.746529155,T,308.0,80,308.99,120,IBM
2025-11-07,9:31:08.746739640,T,308.0,80,308.99,160,IBM
2025-11-07,9:31:08.793691374,T,308.0,80,308.99,120,IBM
2025-11-07,9:31:08.793706423,T,308.0,80,308.99,80,IBM
2025-11-07,9:31:08.870704715,T,308.0,80,309.02,40,IBM
2025-11-07,9:31:09.098467070,T,308.0,80,308.56,80,IBM
2025-11-07,9:31:09.098617399,T,308.0,80,308.55,80,IBM
2025-11-07,9:31:09.098647994,T,308.0,80,308.54,80,IBM
2025-11-07,9:31:09.098672480,T,308.09,80,308.54,80,IBM
2025-11-07,9:31:09.098697529,T,308.09,80,308.55,80,IBM
2025-11-07,9:31:09.098702515,T,308.09,80,308.56,80,IBM
2025-11-07,9:31:09.098707547,T,308.09,80,308.55,40,IBM
2025-11-07,9:31:09.098752738,T,308.09,80,308.56,80,IBM
2025-11-07,9:31:09.098752738,T,308.09,80,308.54,80,IBM
2025-11-07,9:31:09.098787711,T,308.09,80,308.56,80,IBM
2025-11-07,9:31:09.098852953,T,308.09,80,308.55,80,IBM
2025-11-07,9:31:09.098863035,T,308.09,80,308.54,80,IBM
2025-11-07,9:31:09.098867989,T,308.09,80,308.54,120,IBM
2025-11-07,9:31:09.098983256,T,308.09,80,308.54,40,IBM
2025-11-07,9:31:09.099028356,T,308.09,80,308.54,120,IBM
2025-11-07,9:31:09.099043335,T,308.09,80,308.54,40,IBM
2025-11-07,9:31:09.118108761,T,308.09,80,308.56,80,IBM
2025-11-07,9:31:09.161847866,T,308.09,80,309.02,40,IBM
2025-11-07,9:31:11.875753685,T,307.31,200,309.02,40,IBM
2025-11-07,9:31:12.258775605,T,307.31,200,308.74,80,IBM
2025-11-07,9:31:12.258986150,T,307.31,200,308.74,120,IBM
2025-11-07,9:31:12.259286745,T,307.31,200,308.6,40,IBM
2025-11-07,9:31:12.259316818,T,307.31,200,308.49,40,IBM
2025-11-07,9:31:12.259341894,T,307.31,200,308.6,40,IBM
2025-11-07,9:31:12.259341894,T,307.31,200,308.34,80,IBM
2025-11-07,9:31:12.259392055,T,307.31,200,308.18,40,IBM
2025-11-07,9:31:12.259632623,T,307.31,200,308.17,80,IBM
2025-11-07,9:31:12.259853088,T,307.31,200,308.17,120,IBM
2025-11-07,9:31:12.259893213,T,307.31,200,308.17,40,IBM
2025-11-07,9:31:12.291232838,T,307.31,200,308.17,80,IBM
2025-11-07,9:31:12.494261190,T,307.31,200,308.17,40,IBM
2025-11-07,9:31:12.958130376,T,307.43,40,308.17,40,IBM
2025-11-07,9:31:12.958155467,T,307.31,200,308.17,40,IBM
2025-11-07,9:31:12.959172854,T,307.31,160,308.17,40,IBM
2025-11-07,9:31:13.102243385,T,307.31,200,308.17,40,IBM
2025-11-07,9:31:13.102248424,T,307.31,200,308.22,40,IBM
2025-11-07,9:31:13.151179888,T,307.31,160,308.22,40,IBM
2025-11-07,9:31:13.206040571,T,307.31,160,308.22,80,IBM
2025-11-07,9:31:13.245599686,T,307.31,200,308.22,80,IBM
2025-11-07,9:31:13.245679889,T,307.43,40,308.22,80,IBM
2025-11-07,9:31:13.245730031,T,307.53,40,308.22,80,IBM
2025-11-07,9:31:13.245745087,T,307.43,40,308.22,80,IBM
2025-11-07,9:31:13.245765169,T,307.51,40,308.22,80,IBM
2025-11-07,9:31:13.245775171,T,307.53,40,308.22,80,IBM
2025-11-07,9:31:13.246622117,T,307.43,40,308.22,80,IBM
2025-11-07,9:31:13.274834343,T,307.31,200,308.22,80,IBM
2025-11-07,9:31:13.274859380,T,307.31,160,308.22,80,IBM
2025-11-07,9:31:13.530192177,T,307.31,160,308.22,120,IBM
2025-11-07,9:31:13.530222288,T,307.31,160,308.16,40,IBM
2025-11-07,9:31:13.530247409,T,307.31,160,308.22,120,IBM
2025-11-07,9:31:13.530247409,T,307.31,200,308.22,120,IBM
2025-11-07,9:31:13.530272391,T,307.43,40,308.22,120,IBM
2025-11-07,9:31:13.530302514,T,307.75,40,308.22,120,IBM
2025-11-07,9:31:13.530327605,T,307.43,40,308.22,120,IBM
2025-11-07,9:31:13.530332598,T,307.31,200,308.22,120,IBM
2025-11-07,9:31:13.530362599,T,307.31,200,308.22,80,IBM
2025-11-07,9:31:13.530432829,T,307.31,200,308.22,40,IBM
2025-11-07,9:31:13.551623296,T,307.31,160,308.22,40,IBM
2025-11-07,9:31:13.837383571,T,307.31,160,308.01,80,IBM
2025-11-07,9:31:13.837423625,T,307.31,240,308.01,80,IBM
2025-11-07,9:31:13.841102439,T,307.31,80,308.01,80,IBM
2025-11-07,9:31:13.846645614,T,307.31,80,308.22,40,IBM
2025-11-07,9:31:13.847432486,T,307.06,40,308.22,40,IBM
2025-11-07,9:31:14.152418639,T,307.06,40,308.14,80,IBM
2025-11-07,9:31:14.461674751,T,307.06,40,308.15,80,IBM
2025-11-07,9:31:14.461674751,T,307.06,40,308.22,40,IBM
2025-11-07,9:31:14.462687159,T,307.04,160,308.22,40,IBM
2025-11-07,9:31:16.304827630,T,307.0,40,308.22,40,IBM
2025-11-07,9:31:16.304832599,T,307.27,160,308.22,40,IBM
2025-11-07,9:31:16.605518462,T,307.27,360,308.22,40,IBM
2025-11-07,9:31:20.675176727,T,307.27,160,308.22,40,IBM
2025-11-07,9:31:21.064859502,T,307.27,160,308.74,240,IBM
2025-11-07,9:31:21.064864454,T,307.73,80,308.74,240,IBM
2025-11-07,9:31:21.064869544,T,307.96,40,308.74,240,IBM
2025-11-07,9:31:21.064944683,T,308.22,40,308.74,240,IBM
2025-11-07,9:31:21.065661331,T,308.22,40,308.74,80,IBM
2025-11-07,9:31:21.275711461,T,308.22,40,308.74,120,IBM
2025-11-07,9:31:21.287704966,T,307.98,80,308.74,120,IBM
2025-11-07,9:31:21.287735021,T,307.97,80,308.74,120,IBM
2025-11-07,9:31:21.287740057,T,307.96,80,308.74,120,IBM
2025-11-07,9:31:21.287740057,T,307.73,80,308.74,120,IBM
2025-11-07,9:31:21.287740057,T,307.72,80,308.74,120,IBM
2025-11-07,9:31:21.287745180,T,307.27,160,308.74,120,IBM
2025-11-07,9:31:21.289584432,T,307.27,160,308.74,200,IBM
2025-11-07,9:31:21.289604527,T,307.27,160,308.4,40,IBM
2025-11-07,9:31:21.289704744,T,307.72,80,308.4,40,IBM
2025-11-07,9:31:21.291198582,T,307.72,80,308.74,240,IBM
2025-11-07,9:31:21.291233417,T,307.72,80,308.74,200,IBM
2025-11-07,9:31:21.291413889,T,307.72,120,308.74,200,IBM
2025-11-07,9:31:21.291448953,T,307.73,80,308.74,200,IBM
2025-11-07,9:31:21.291794799,T,307.72,120,308.74,200,IBM
2025-11-07,9:31:21.425011927,T,307.72,120,308.74,160,IBM
2025-11-07,9:31:21.425217416,T,307.72,80,308.74,160,IBM
2025-11-07,9:31:21.425247516,T,307.27,200,308.74,160,IBM
2025-11-07,9:31:21.433421886,T,307.27,200,308.74,80,IBM
2025-11-07,9:31:21.685697479,T,307.27,200,308.74,120,IBM
2025-11-07,9:31:22.413865977,T,307.27,200,308.74,80,IBM
2025-11-07,9:31:22.575340380,T,307.27,200,308.74,120,IBM
2025-11-07,9:31:23.402720090,T,307.27,200,308.74,80,IBM
2025-11-07,9:31:23.513739436,T,307.27,200,308.74,120,IBM
2025-11-07,9:31:24.351889967,T,307.73,40,308.74,120,IBM
2025-11-07,9:31:24.352100447,T,307.73,80,308.74,120,IBM
2025-11-07,9:31:24.391574404,T,307.73,80,308.74,80,IBM
2025-11-07,9:31:24.475494248,T,307.73,80,308.74,120,IBM
2025-11-07,9:31:24.475589476,T,307.73,40,308.74,120,IBM
2025-11-07,9:31:24.503109999,T,307.27,160,308.74,120,IBM
2025-11-07,9:31:24.504352911,T,307.27,160,308.74,80,IBM
2025-11-07,9:31:26.076064309,T,307.27,160,308.74,120,IBM
2025-11-07,9:31:26.369282347,T,307.27,160,308.74,80,IBM
2025-11-07,9:31:26.482947911,T,307.27,160,308.74,120,IBM
2025-11-07,9:31:26.753391747,T,307.27,160,308.73,40,IBM
2025-11-07,9:31:26.753416836,T,307.27,160,308.64,40,IBM
2025-11-07,9:31:26.753416836,T,307.27,160,308.53,40,IBM
2025-11-07,9:31:26.753426898,T,307.27,200,308.53,40,IBM
2025-11-07,9:31:26.753447201,T,307.27,200,308.36,40,IBM
2025-11-07,9:31:26.753451900,T,307.27,160,308.36,40,IBM
2025-11-07,9:31:26.753637307,T,307.27,200,308.36,40,IBM
2025-11-07,9:31:26.753647421,T,307.44,80,308.36,40,IBM
2025-11-07,9:31:26.753662674,T,307.44,80,308.53,40,IBM
2025-11-07,9:31:26.753692501,T,307.44,80,308.73,40,IBM
2025-11-07,9:31:26.753767678,T,307.44,80,308.73,120,IBM
2025-11-07,9:31:26.753772702,T,307.44,80,308.73,160,IBM
2025-11-07,9:31:26.753802786,T,307.44,80,308.53,40,IBM
2025-11-07,9:31:26.754108489,T,307.44,80,308.52,80,IBM
2025-11-07,9:31:26.754133541,T,307.44,80,308.52,120,IBM
2025-11-07,9:31:26.755792467,T,307.44,80,308.52,40,IBM
2025-11-07,9:31:26.755817533,T,307.44,80,308.53,40,IBM
2025-11-07,9:31:27.603265069,T,307.44,80,308.52,80,IBM
2025-11-07,9:31:27.603345284,T,307.72,40,308.52,80,IBM
2025-11-07,9:31:28.346975563,T,307.44,80,308.52,80,IBM
2025-11-07,9:31:29.105245773,T,307.44,80,308.19,40,IBM
2025-11-07,9:31:29.105285886,T,307.44,80,308.19,80,IBM
2025-11-07,9:31:29.779130081,T,307.27,160,308.19,80,IBM
2025-11-07,9:31:29.779255314,T,307.27,160,308.18,80,IBM
2025-11-07,9:31:29.779295466,T,307.27,160,308.18,120,IBM
2025-11-07,9:31:30.052821618,T,307.27,160,308.18,200,IBM
2025-11-07,9:31:32.260241780,T,307.27,160,308.18,280,IBM
2025-11-07,9:31:39.808676715,T,307.27,160,308.18,320,IBM
2025-11-07,9:31:39.809017533,T,307.27,160,308.18,240,IBM
2025-11-07,9:31:39.830503691,T,307.27,160,308.18,280,IBM
2025-11-07,9:31:39.850010092,T,307.27,160,308.18,240,IBM
2025-11-07,9:31:41.320345573,T,307.27,160,308.18,200,IBM
2025-11-07,9:31:44.622937707,T,307.27,160,308.18,440,IBM
2025-11-07,9:31:44.623469005,T,307.27,160,308.18,200,IBM
2025-11-07,9:31:45.548401038,T,307.27,160,308.0,120,IBM
2025-11-07,9:31:45.548436113,T,307.27,160,308.0,160,IBM
2025-11-07,9:31:46.250256875,T,307.27,160,308.0,40,IBM
2025-11-07,9:31:46.250256875,T,307.27,160,308.18,200,IBM
2025-11-07,9:31:46.250281866,T,307.27,200,308.18,200,IBM
2025-11-07,9:31:46.250307006,T,307.45,40,308.18,200,IBM
2025-11-07,9:31:46.250347089,T,307.63,40,308.18,200,IBM
2025-11-07,9:31:46.250437264,T,307.74,80,308.18,200,IBM
2025-11-07,9:31:46.250763110,T,307.74,80,308.18,240,IBM
2025-11-07,9:31:46.250853306,T,308.0,160,308.18,240,IBM
2025-11-07,9:31:46.251294272,T,308.0,280,308.18,240,IBM
2025-11-07,9:31:46.251329443,T,308.0,280,308.18,160,IBM
2025-11-07,9:31:46.251329443,T,308.0,280,308.18,120,IBM
2025-11-07,9:31:46.251334369,T,308.0,280,308.18,40,IBM
2025-11-07,9:31:46.251334369,T,308.0,280,308.6,160,IBM
2025-11-07,9:31:46.252938374,T,308.0,280,308.23,40,IBM
2025-11-07,9:31:46.284388169,T,308.0,280,308.6,200,IBM
2025-11-07,9:31:46.284423215,T,308.0,280,308.6,160,IBM
2025-11-07,9:31:46.351352516,T,308.0,280,308.9,40,IBM
2025-11-07,9:31:46.351357536,T,308.0,280,308.84,160,IBM
2025-11-07,9:31:46.471854417,T,308.0,120,308.84,160,IBM
2025-11-07,9:31:46.534628918,T,307.83,80,308.84,160,IBM
2025-11-07,9:31:46.534659269,T,307.82,80,308.84,160,IBM
2025-11-07,9:31:46.534664110,T,307.74,80,308.84,160,IBM
2025-11-07,9:31:46.534664110,T,307.73,80,308.84,160,IBM
2025-11-07,9:31:46.534664110,T,307.27,160,308.84,160,IBM
2025-11-07,9:31:46.534944574,T,307.27,360,308.84,160,IBM
2025-11-07,9:31:46.536393069,T,307.68,40,308.84,160,IBM
2025-11-07,9:31:47.355287518,T,307.27,360,308.84,160,IBM
2025-11-07,9:31:47.355498039,T,307.27,400,308.84,160,IBM
2025-11-07,9:31:47.363677473,T,307.27,480,308.84,160,IBM
2025-11-07,9:31:48.628358227,T,307.28,80,308.84,160,IBM
2025-11-07,9:31:48.628363193,T,307.73,80,308.84,160,IBM
2025-11-07,9:31:48.636888499,T,307.28,80,308.84,160,IBM
2025-11-07,9:31:48.678307079,T,307.73,40,308.84,160,IBM
2025-11-07,9:31:48.686506596,T,307.73,40,309.29,40,IBM
2025-11-07,9:31:48.686516610,T,307.73,40,309.29,200,IBM
2025-11-07,9:31:50.080510420,T,307.73,40,309.29,40,IBM
2025-11-07,9:31:50.080510420,T,307.73,40,309.05,160,IBM
2025-11-07,9:32:00.030542781,T,307.73,40,308.99,80,IBM
2025-11-07,9:32:00.331008036,T,307.8,160,308.99,80,IBM
2025-11-07,9:32:01.435537483,T,307.8,160,309.0,80,IBM
2025-11-07,9:32:01.511423055,T,307.8,160,309.05,160,IBM
2025-11-07,9:32:02.861191308,T,307.8,160,308.5,120,IBM
2025-11-07,9:32:09.148408711,T,307.8,160,308.5,160,IBM
2025-11-07,9:32:09.148413809,T,307.8,160,308.35,40,IBM
2025-11-07,9:32:09.149075326,T,307.8,160,309.05,160,IBM
2025-11-07,9:32:09.149110414,T,308.19,40,309.05,160,IBM
2025-11-07,9:32:09.149160564,T,308.19,80,309.05,160,IBM
2025-11-07,9:32:09.169283519,T,308.19,80,309.0,200,IBM
2025-11-07,9:32:09.169293487,T,308.19,40,309.0,200,IBM
2025-11-07,9:32:09.169298499,T,308.25,80,309.0,200,IBM
2025-11-07,9:32:09.169338595,T,308.25,80,309.0,280,IBM
2025-11-07,9:32:09.169373710,T,308.25,80,308.99,320,IBM
2025-11-07,9:32:09.169393704,T,308.25,80,308.99,400,IBM
2025-11-07,9:32:09.169624321,T,307.81,40,308.99,400,IBM
2025-11-07,9:32:09.169639328,T,308.26,80,308.99,400,IBM
2025-11-07,9:32:09.169729608,T,308.25,80,308.99,400,IBM
2025-11-07,9:32:09.169729608,T,307.81,40,308.99,400,IBM
2025-11-07,9:32:09.170115433,T,308.25,80,308.99,400,IBM
2025-11-07,9:32:11.312129834,T,308.25,40,308.99,400,IBM
2025-11-07,9:32:11.312149888,T,307.8,160,308.99,400,IBM
2025-11-07,9:32:11.312170064,T,307.8,160,308.25,80,IBM
2025-11-07,9:32:11.313452996,T,307.8,160,308.25,200,IBM
2025-11-07,9:32:11.696018747,T,307.0,40,308.25,200,IBM
2025-11-07,9:32:11.696028752,T,307.62,160,308.25,200,IBM
2025-11-07,9:32:15.437280447,T,307.62,160,308.25,80,IBM
2025-11-07,9:32:15.522368012,T,307.81,80,308.25,80,IBM
2025-11-07,9:32:16.191511017,T,307.62,160,308.25,80,IBM
2025-11-07,9:32:22.880951019,T,307.74,80,308.25,80,IBM
2025-11-07,9:32:24.644063248,T,307.73,80,308.25,80,IBM
2025-11-07,9:32:24.644429190,T,307.62,160,308.25,80,IBM
2025-11-07,9:32:26.996599027,T,307.62,160,308.25,120,IBM
2025-11-07,9:32:26.996619048,T,307.62,160,308.08,80,IBM
2025-11-07,9:32:26.996759356,T,307.62,160,308.81,160,IBM
2025-11-07,9:32:26.996759356,T,307.62,160,308.08,40,IBM
2025-11-07,9:32:26.996864560,T,307.0,40,308.08,40,IBM
2025-11-07,9:32:26.996869635,T,307.41,160,308.08,40,IBM
2025-11-07,9:32:26.997440950,T,307.49,80,308.08,40,IBM
2025-11-07,9:32:26.997461000,T,307.49,80,308.09,80,IBM
2025-11-07,9:32:26.997466045,T,307.49,80,308.24,80,IBM
2025-11-07,9:32:26.997551249,T,307.49,80,308.1,40,IBM
2025-11-07,9:32:26.997591520,T,307.49,80,308.24,80,IBM
2025-11-07,9:32:26.997872062,T,307.5,80,308.24,80,IBM
2025-11-07,9:32:26.998167725,T,307.5,80,307.87,120,IBM
2025-11-07,9:32:27.001651068,T,307.49,80,307.87,120,IBM
2025-11-07,9:32:27.501586264,T,307.57,80,307.87,120,IBM
2025-11-07,9:32:27.501987197,T,307.19,160,307.87,120,IBM
2025-11-07,9:32:27.501992226,T,307.19,160,307.87,160,IBM
2025-11-07,9:32:27.502007193,T,307.19,160,307.72,40,IBM
2025-11-07,9:32:27.502543472,T,307.19,160,307.87,40,IBM
2025-11-07,9:32:27.502784153,T,307.19,160,307.81,40,IBM
2025-11-07,9:32:27.502789122,T,307.19,160,307.75,40,IBM
2025-11-07,9:32:27.502994587,T,307.19,160,307.81,40,IBM
2025-11-07,9:32:27.503014607,T,307.19,160,307.87,40,IBM
2025-11-07,9:32:27.503420603,T,307.19,160,307.74,40,IBM
2025-11-07,9:32:27.503686267,T,307.19,160,307.74,120,IBM
2025-11-07,9:32:27.503711292,T,307.19,160,307.73,80,IBM
2025-11-07,9:32:27.506011793,T,306.85,40,307.73,80,IBM
2025-11-07,9:32:27.506021807,T,306.91,160,307.73,80,IBM
2025-11-07,9:32:27.506051841,T,306.91,200,307.73,80,IBM
2025-11-07,9:32:27.507049277,T,306.91,200,307.74,80,IBM
2025-11-07,9:32:27.507069321,T,306.91,200,307.75,80,IBM
2025-11-07,9:32:27.507069321,T,306.91,200,307.87,40,IBM
2025-11-07,9:32:27.517714632,T,306.91,200,308.25,80,IBM
2025-11-07,9:32:27.582548943,T,306.91,200,308.56,160,IBM
2025-11-07,9:32:28.004984528,T,307.26,80,308.56,160,IBM
2025-11-07,9:32:31.053797548,T,307.26,120,308.56,160,IBM
2025-11-07,9:32:32.044676415,T,307.26,120,308.97,40,IBM
2025-11-07,9:32:32.044676415,T,307.26,120,308.31,160,IBM
2025-11-07,9:32:32.304394649,T,307.26,40,308.31,160,IBM
2025-11-07,9:32:34.176381202,T,307.26,40,307.73,120,IBM
2025-11-07,9:32:35.535917772,T,307.26,80,307.73,120,IBM
2025-11-07,9:32:38.580716371,T,307.26,40,307.73,120,IBM
2025-11-07,9:32:43.669330597,T,307.27,80,307.73,120,IBM
2025-11-07,9:32:43.685619315,T,307.26,40,307.73,120,IBM
2025-11-07,9:32:44.294358444,T,307.27,80,307.73,120,IBM
2025-11-07,9:32:44.320099805,T,307.35,40,307.73,120,IBM
2025-11-07,9:32:49.504045889,T,307.35,40,307.73,160,IBM
2025-11-07,9:32:50.549609890,T,307.35,40,307.73,120,IBM
2025-11-07,9:32:54.820457131,T,306.91,160,307.73,120,IBM
2025-11-07,9:32:54.820482235,T,306.91,160,307.54,40,IBM
2025-11-07,9:32:54.820507310,T,306.91,160,307.54,80,IBM
2025-11-07,9:32:54.820632570,T,306.91,160,307.53,80,IBM
2025-11-07,9:32:54.820747994,T,306.91,160,307.54,120,IBM
2025-11-07,9:32:54.820763500,T,306.91,160,307.54,160,IBM
2025-11-07,9:32:54.820767915,T,306.91,160,307.54,120,IBM
2025-11-07,9:32:54.820772895,T,306.91,160,307.53,80,IBM
2025-11-07,9:32:54.820797931,T,307.0,160,307.53,80,IBM
2025-11-07,9:32:54.820812952,T,307.0,360,307.53,80,IBM
2025-11-07,9:32:54.820838062,T,307.0,480,307.53,80,IBM
2025-11-07,9:32:54.820843079,T,307.0,480,307.53,120,IBM
2025-11-07,9:32:54.820853354,T,307.0,680,307.53,120,IBM
2025-11-07,9:32:54.820878109,T,307.0,1000,307.53,120,IBM
2025-11-07,9:32:54.820888145,T,307.0,1200,307.53,120,IBM
2025-11-07,9:32:54.820913189,T,307.0,1200,307.53,40,IBM
2025-11-07,9:32:54.820913189,T,307.0,1600,307.53,40,IBM
2025-11-07,9:32:54.820933251,T,307.0,1800,307.53,40,IBM
2025-11-07,9:32:54.820958299,T,307.0,2160,307.53,40,IBM
2025-11-07,9:32:54.821093613,T,307.0,2240,307.53,40,IBM
2025-11-07,9:32:54.821108727,T,307.0,2160,307.53,40,IBM
2025-11-07,9:32:54.821314207,T,307.0,2000,307.53,40,IBM
2025-11-07,9:32:54.821314207,T,307.0,1800,307.53,40,IBM
2025-11-07,9:32:54.821324215,T,307.0,1680,307.53,40,IBM
2025-11-07,9:32:54.821324215,T,307.0,1480,307.53,40,IBM
2025-11-07,9:32:54.821334227,T,307.01,80,307.53,40,IBM
2025-11-07,9:32:54.821374356,T,307.08,2000,307.53,40,IBM
2025-11-07,9:32:54.821399431,T,307.08,2160,307.53,40,IBM
2025-11-07,9:32:54.821414503,T,307.08,2200,307.53,40,IBM
2025-11-07,9:32:54.821434447,T,307.09,240,307.53,40,IBM
2025-11-07,9:32:54.821469505,T,307.21,2000,307.53,40,IBM
2025-11-07,9:32:54.821489657,T,307.21,2160,307.53,40,IBM
2025-11-07,9:32:54.821755208,T,307.21,2360,307.53,40,IBM
2025-11-07,9:32:54.822025864,T,307.21,2400,307.53,40,IBM
2025-11-07,9:32:54.822025864,T,307.23,40,307.53,40,IBM
2025-11-07,9:32:54.822045910,T,307.32,40,307.53,40,IBM
2025-11-07,9:32:54.822081050,T,307.33,2000,307.53,40,IBM
2025-11-07,9:32:54.822106033,T,307.33,2400,307.53,40,IBM
2025-11-07,9:32:54.822562180,T,307.33,2360,307.53,40,IBM
2025-11-07,9:32:54.822742613,T,307.33,2440,307.53,40,IBM
2025-11-07,9:32:54.822857805,T,307.33,2360,307.53,40,IBM
2025-11-07,9:32:54.824652106,T,307.33,2360,307.72,120,IBM
2025-11-07,9:32:54.824667342,T,307.33,360,307.72,120,IBM
2025-11-07,9:32:54.824672194,T,307.32,80,307.72,120,IBM
2025-11-07,9:32:54.824682220,T,307.32,80,307.72,40,IBM
2025-11-07,9:32:54.824697249,T,307.53,2000,307.72,40,IBM
2025-11-07,9:32:54.824697249,T,307.53,2360,307.72,40,IBM
2025-11-07,9:32:54.825108236,T,307.53,2360,308.25,40,IBM
2025-11-07,9:32:54.825108236,T,307.53,2360,308.31,200,IBM
2025-11-07,9:32:54.825128212,T,307.53,360,308.31,200,IBM
2025-11-07,9:32:54.825133244,T,307.43,40,308.31,200,IBM
2025-11-07,9:32:54.825148313,T,307.55,80,308.31,200,IBM
2025-11-07,9:32:54.825158405,T,307.72,2000,308.31,200,IBM
2025-11-07,9:32:54.825183396,T,307.72,2360,308.31,200,IBM
2025-11-07,9:32:54.826220840,T,307.72,2000,308.31,200,IBM
2025-11-07,9:32:54.826245918,T,307.72,2280,308.31,200,IBM
2025-11-07,9:32:54.826271020,T,307.72,2000,308.31,200,IBM
2025-11-07,9:32:54.826291026,T,307.72,2160,308.31,200,IBM
2025-11-07,9:32:54.826496474,T,307.72,2000,308.31,200,IBM
2025-11-07,9:32:54.826516629,T,307.72,2080,308.31,200,IBM
2025-11-07,9:32:54.858181959,T,307.73,80,308.31,200,IBM
2025-11-07,9:32:54.858217032,T,307.73,80,308.31,40,IBM
2025-11-07,9:32:54.858237069,T,307.73,2080,308.31,40,IBM
2025-11-07,9:32:54.858237069,T,307.73,2160,308.31,40,IBM
2025-11-07,9:32:54.858242136,T,307.73,2160,308.52,160,IBM
2025-11-07,9:32:54.858247066,T,307.73,2080,308.52,160,IBM
2025-11-07,9:32:54.858262144,T,307.73,2160,308.52,160,IBM
2025-11-07,9:32:54.858272177,T,307.73,2160,308.52,200,IBM
2025-11-07,9:32:54.858392449,T,307.73,2200,308.52,200,IBM
2025-11-07,9:32:54.858402505,T,307.73,2200,308.52,160,IBM
2025-11-07,9:32:54.858402505,T,307.73,2240,308.52,160,IBM
2025-11-07,9:32:54.858583117,T,307.74,320,308.52,160,IBM
2025-11-07,9:32:54.858622974,T,307.75,2000,308.52,160,IBM
2025-11-07,9:32:54.858648105,T,307.75,2080,308.52,160,IBM
2025-11-07,9:32:54.858678094,T,307.76,320,308.52,160,IBM
2025-11-07,9:32:54.858723188,T,307.76,2320,308.52,160,IBM
2025-11-07,9:32:54.858728246,T,307.76,2000,308.52,160,IBM
2025-11-07,9:32:54.858748345,T,307.76,2080,308.52,160,IBM
2025-11-07,9:32:54.858898713,T,307.76,2120,308.52,160,IBM
2025-11-07,9:32:54.869819628,T,307.76,2160,308.52,160,IBM
2025-11-07,9:32:54.946807950,T,307.76,2160,308.52,760,IBM
2025-11-07,9:32:54.948872897,T,307.76,2200,308.52,760,IBM
2025-11-07,9:32:54.971536802,T,307.76,2200,308.52,600,IBM
2025-11-07,9:32:54.971752373,T,307.76,2160,308.52,600,IBM
2025-11-07,9:32:55.028276848,T,307.76,2120,308.52,600,IBM
2025-11-07,9:32:55.036676895,T,307.76,2120,308.51,80,IBM
2025-11-07,9:32:55.121959975,T,307.76,2120,308.52,600,IBM
2025-11-07,9:32:55.537519219,T,307.76,2120,308.51,80,IBM
2025-11-07,9:32:55.538782212,T,307.76,2120,308.52,600,IBM
2025-11-07,9:32:55.820908834,T,307.76,120,308.52,600,IBM
2025-11-07,9:32:55.820908834,T,307.76,40,308.52,600,IBM
2025-11-07,9:32:55.820933810,T,307.78,2000,308.52,600,IBM
2025-11-07,9:32:55.820963963,T,307.78,2080,308.52,600,IBM
2025-11-07,9:32:55.821144362,T,307.78,2120,308.52,600,IBM
2025-11-07,9:32:56.218951425,T,307.78,2080,308.52,600,IBM
2025-11-07,9:32:56.218986579,T,307.78,2080,308.52,640,IBM
2025-11-07,9:32:56.219016623,T,307.78,2080,308.51,80,IBM
2025-11-07,9:32:56.997249321,T,307.8,40,308.51,80,IBM
2025-11-07,9:32:56.997264198,T,308.04,40,308.51,80,IBM
2025-11-07,9:32:56.997289262,T,308.29,2000,308.51,80,IBM
2025-11-07,9:32:56.997294359,T,308.29,2080,308.51,80,IBM
2025-11-07,9:32:56.997334465,T,308.29,1240,308.51,80,IBM
2025-11-07,9:32:56.997339418,T,308.29,1160,308.51,80,IBM
2025-11-07,9:32:56.997354427,T,308.29,80,308.51,80,IBM
2025-11-07,9:32:56.997359524,T,308.04,80,308.51,80,IBM
2025-11-07,9:32:56.997379573,T,308.04,80,309.05,200,IBM
2025-11-07,9:32:56.997379573,T,307.88,40,309.05,200,IBM
2025-11-07,9:32:56.997384521,T,308.29,1160,309.05,200,IBM
2025-11-07,9:32:56.997394794,T,307.88,40,309.05,200,IBM
2025-11-07,9:32:56.997414551,T,308.29,1160,309.05,200,IBM
2025-11-07,9:32:56.997449733,T,308.29,1120,309.05,200,IBM
2025-11-07,9:32:56.997514861,T,308.29,1160,309.05,200,IBM
2025-11-07,9:32:56.997560002,T,308.29,40,309.05,200,IBM
2025-11-07,9:32:56.997565110,T,308.05,80,309.05,200,IBM
2025-11-07,9:32:56.997565110,T,308.04,80,309.05,200,IBM
2025-11-07,9:32:56.997570013,T,308.04,120,309.05,200,IBM
2025-11-07,9:32:56.997585035,T,308.04,80,309.05,200,IBM
2025-11-07,9:32:56.997595007,T,308.05,80,309.05,200,IBM
2025-11-07,9:32:56.997595007,T,308.05,80,308.51,40,IBM
2025-11-07,9:32:56.997625086,T,308.05,80,308.91,40,IBM
2025-11-07,9:32:56.998021082,T,308.04,40,308.91,40,IBM
2025-11-07,9:32:56.998316763,T,308.04,40,309.05,160,IBM
2025-11-07,9:32:56.998742802,T,308.04,80,309.05,160,IBM
2025-11-07,9:32:56.998933269,T,308.04,80,308.51,280,IBM
2025-11-07,9:32:57.007232941,T,308.04,80,308.51,360,IBM
2025-11-07,9:32:57.007573837,T,308.04,40,308.51,360,IBM
2025-11-07,9:32:57.016500034,T,308.04,80,308.51,360,IBM
2025-11-07,9:32:57.016976206,T,308.04,40,308.51,360,IBM
2025-11-07,9:32:57.612027698,T,307.79,80,308.51,360,IBM
2025-11-07,9:32:57.612057831,T,307.78,80,308.51,360,IBM
2025-11-07,9:32:57.612303415,T,307.78,80,308.5,80,IBM
2025-11-07,9:32:57.612814601,T,307.79,40,308.5,80,IBM
2025-11-07,9:32:57.620708421,T,307.79,40,308.51,360,IBM
2025-11-07,9:32:57.620718403,T,307.79,40,308.51,280,IBM
2025-11-07,9:32:57.718050122,T,307.76,120,308.51,280,IBM
2025-11-07,9:32:57.971628783,T,307.8,40,308.51,280,IBM
2025-11-07,9:32:57.974059673,T,307.8,80,308.51,280,IBM
2025-11-07,9:32:58.222506161,T,307.8,40,308.51,280,IBM
2025-11-07,9:32:58.228445242,T,307.8,40,308.5,80,IBM
2025-11-07,9:32:58.228906423,T,308.05,360,308.5,80,IBM
2025-11-07,9:32:58.237256297,T,308.05,360,308.51,280,IBM
2025-11-07,9:32:58.306445930,T,307.76,40,308.51,280,IBM
2025-11-07,9:32:58.306651490,T,307.76,80,308.51,280,IBM
2025-11-07,9:32:58.306681556,T,307.8,40,308.51,280,IBM
2025-11-07,9:32:58.312886307,T,308.05,320,308.51,280,IBM
2025-11-07,9:32:58.318424495,T,307.8,40,308.51,280,IBM
2025-11-07,9:32:58.544813441,T,307.76,40,308.51,280,IBM
2025-11-07,9:32:58.544883567,T,307.8,40,308.51,280,IBM
2025-11-07,9:32:58.545640425,T,307.8,40,308.5,120,IBM
2025-11-07,9:32:58.571161187,T,307.76,40,308.5,120,IBM
2025-11-07,9:32:58.726731427,T,307.8,40,308.5,120,IBM
2025-11-07,9:32:58.735131460,T,307.8,40,308.49,80,IBM
2025-11-07,9:32:58.956012301,T,307.8,80,308.49,80,IBM
2025-11-07,9:32:58.964317102,T,307.8,80,308.5,120,IBM
2025-11-07,9:32:58.966562384,T,307.8,40,308.5,120,IBM
2025-11-07,9:32:59.235327286,T,307.8,40,308.49,80,IBM
2025-11-07,9:32:59.245085474,T,307.8,40,308.5,120,IBM
2025-11-07,9:33:00.638668261,T,307.8,40,308.49,80,IBM
2025-11-07,9:33:00.724683032,T,307.8,40,308.5,120,IBM
2025-11-07,9:33:00.880178208,T,307.8,40,308.27,280,IBM
2025-11-07,9:33:00.880198243,T,307.8,40,308.27,400,IBM
2025-11-07,9:33:00.956715417,T,307.8,40,308.27,120,IBM
2025-11-07,9:33:00.956740464,T,307.8,40,308.91,40,IBM
2025-11-07,9:33:01.039843322,T,307.8,40,309.05,160,IBM
2025-11-07,9:33:01.039868402,T,308.03,40,309.05,160,IBM
2025-11-07,9:33:01.040093928,T,308.03,80,309.05,160,IBM
2025-11-07,9:33:01.040319470,T,308.03,120,309.05,160,IBM
2025-11-07,9:33:01.040464805,T,308.04,80,309.05,160,IBM
2025-11-07,9:33:01.040715352,T,308.04,80,308.91,40,IBM
2025-11-07,9:33:01.040740377,T,308.03,80,308.91,40,IBM
2025-11-07,9:33:01.041011100,T,308.04,80,308.91,40,IBM
2025-11-07,9:33:01.041251631,T,308.03,40,308.91,40,IBM
2025-11-07,9:33:01.041477135,T,308.03,80,308.91,40,IBM
2025-11-07,9:33:01.054468140,T,308.03,40,308.91,40,IBM
2025-11-07,9:33:01.086349001,T,308.03,80,308.91,40,IBM
2025-11-07,9:33:01.086429176,T,308.03,80,308.51,40,IBM
2025-11-07,9:33:01.291417181,T,308.03,40,308.51,40,IBM
2025-11-07,9:33:01.291427230,T,307.8,120,308.51,40,IBM
2025-11-07,9:33:01.291702796,T,307.8,40,308.51,40,IBM
2025-11-07,9:33:02.312307345,T,307.8,40,308.5,80,IBM
2025-11-07,9:33:02.974849649,T,308.13,80,308.5,80,IBM
2025-11-07,9:33:02.975265566,T,308.13,80,308.5,40,IBM
2025-11-07,9:33:02.975290617,T,308.13,80,308.91,40,IBM
2025-11-07,9:33:02.975315723,T,308.31,40,308.91,40,IBM
2025-11-07,9:33:02.975962238,T,308.31,40,309.05,200,IBM
2025-11-07,9:33:02.975982308,T,308.31,40,309.05,160,IBM
2025-11-07,9:33:02.990151102,T,308.14,40,309.05,160,IBM
2025-11-07,9:33:02.990391766,T,307.91,80,309.05,160,IBM
2025-11-07,9:33:02.990421640,T,307.9,80,309.05,160,IBM
2025-11-07,9:33:02.990421640,T,307.8,40,309.05,160,IBM
2025-11-07,9:33:02.990642223,T,307.8,80,309.05,160,IBM
2025-11-07,9:33:03.098990195,T,307.8,80,308.55,40,IBM
2025-11-07,9:33:03.099075402,T,307.8,80,308.54,80,IBM
2025-11-07,9:33:03.107129749,T,307.8,80,308.55,80,IBM
2025-11-07,9:33:03.107134569,T,307.8,80,309.05,160,IBM
2025-11-07,9:33:03.232858895,T,307.8,120,309.05,160,IBM
2025-11-07,9:33:03.233079429,T,307.8,80,309.05,160,IBM
2025-11-07,9:33:03.478759290,T,307.8,80,308.51,240,IBM
2025-11-07,9:33:03.479295579,T,307.8,80,309.05,160,IBM
2025-11-07,9:33:06.484174096,T,307.8,40,309.05,160,IBM
2025-11-07,9:33:06.484209089,T,307.8,40,308.5,80,IBM
2025-11-07,9:33:06.500327486,T,307.8,40,309.05,200,IBM
2025-11-07,9:33:07.054817577,T,307.8,40,308.5,80,IBM
2025-11-07,9:33:07.055043172,T,307.8,40,309.05,200,IBM
2025-11-07,9:33:07.162443672,T,307.8,40,308.5,80,IBM
2025-11-07,9:33:07.162498908,T,307.32,40,308.5,80,IBM
2025-11-07,9:33:07.162528898,T,307.32,40,308.15,80,IBM
2025-11-07,9:33:07.162544010,T,307.3,240,308.15,80,IBM
2025-11-07,9:33:07.162604165,T,307.3,240,308.14,80,IBM
2025-11-07,9:33:07.162989975,T,307.3,240,308.15,80,IBM
2025-11-07,9:33:07.163010087,T,307.3,240,308.15,40,IBM
2025-11-07,9:33:07.163050119,T,307.3,240,308.14,40,IBM
2025-11-07,9:33:07.164383357,T,307.3,240,308.14,160,IBM
2025-11-07,9:33:07.173099059,T,307.3,240,308.14,120,IBM
2025-11-07,9:33:08.746103731,T,307.3,240,307.89,40,IBM
2025-11-07,9:33:08.746108653,T,307.3,160,307.89,40,IBM
2025-11-07,9:33:08.746855424,T,307.3,160,307.89,80,IBM
2025-11-07,9:33:08.746870538,T,307.3,160,307.89,200,IBM
2025-11-07,9:33:08.747386715,T,307.3,160,307.89,80,IBM
2025-11-07,9:33:08.749181048,T,306.81,40,307.89,80,IBM
2025-11-07,9:33:08.749190986,T,306.85,160,307.89,80,IBM
2025-11-07,9:33:08.749571937,T,307.01,80,307.89,80,IBM
2025-11-07,9:33:08.749592306,T,307.01,80,308.12,40,IBM
2025-11-07,9:33:08.846096707,T,307.01,80,308.14,80,IBM
2025-11-07,9:33:08.884608349,T,307.01,80,308.5,40,IBM
2025-11-07,9:33:09.672549192,T,307.09,80,308.5,40,IBM
2025-11-07,9:33:09.672569140,T,307.09,80,308.51,40,IBM
2025-11-07,9:33:09.672629366,T,307.09,80,307.89,80,IBM
2025-11-07,9:33:09.672659430,T,307.09,80,307.88,80,IBM
2025-11-07,9:33:09.672734605,T,307.09,80,307.89,80,IBM
2025-11-07,9:33:09.672739600,T,307.09,80,308.51,40,IBM
2025-11-07,9:33:09.672749562,T,307.09,80,307.89,80,IBM
2025-11-07,9:33:09.672779677,T,307.09,80,307.88,80,IBM
2025-11-07,9:33:09.672854903,T,307.09,80,307.89,80,IBM
2025-11-07,9:33:09.672864879,T,307.09,80,308.51,40,IBM
2025-11-07,9:33:09.672909980,T,307.09,80,307.88,80,IBM
2025-11-07,9:33:09.746525194,T,307.3,80,307.88,80,IBM
2025-11-07,9:33:10.975335797,T,307.09,80,307.88,80,IBM
2025-11-07,9:33:11.186418313,T,307.09,80,308.48,160,IBM
2025-11-07,9:33:11.709794199,T,307.09,80,307.88,80,IBM
2025-11-07,9:33:11.754009414,T,307.09,80,308.48,160,IBM
2025-11-07,9:33:12.275039967,T,307.09,80,307.88,80,IBM
2025-11-07,9:33:12.276092396,T,307.09,80,308.48,160,IBM
2025-11-07,9:33:12.446478194,T,307.09,80,307.88,80,IBM
2025-11-07,9:33:12.480574249,T,307.09,80,308.48,160,IBM
2025-11-07,9:33:14.289836243,T,307.08,80,308.48,160,IBM
2025-11-07,9:33:14.289896437,T,307.01,80,308.48,160,IBM
2025-11-07,9:33:14.290277272,T,307.08,80,308.48,160,IBM
2025-11-07,9:33:14.794387462,T,307.09,80,308.48,160,IBM
2025-11-07,9:33:15.945653175,T,307.09,80,308.41,40,IBM
2025-11-07,9:33:16.539010832,T,307.09,80,307.88,40,IBM
2025-11-07,9:33:16.539802697,T,307.09,80,308.41,40,IBM
2025-11-07,9:33:16.651473552,T,307.09,80,307.88,120,IBM
2025-11-07,9:33:19.647651439,T,307.09,80,307.87,80,IBM
2025-11-07,9:33:23.666589075,T,307.09,80,307.87,200,IBM
2025-11-07,9:33:28.112272906,T,307.08,80,307.87,200,IBM
2025-11-07,9:33:28.215754189,T,307.08,80,307.87,80,IBM
2025-11-07,9:33:29.590827781,T,307.08,80,307.86,40,IBM
2025-11-07,9:33:29.650314336,T,307.08,80,307.86,120,IBM
2025-11-07,9:33:32.591696700,T,307.08,80,307.68,40,IBM
2025-11-07,9:33:32.591701730,T,307.01,80,307.68,40,IBM
2025-11-07,9:33:32.606040891,T,307.01,80,307.67,40,IBM
2025-11-07,9:33:33.350728633,T,307.01,80,307.67,80,IBM
2025-11-07,9:33:33.350743730,T,307.01,80,307.67,120,IBM
2025-11-07,9:33:34.031739912,T,307.01,80,307.67,80,IBM
2025-11-07,9:33:34.032561810,T,307.01,80,307.67,280,IBM
2025-11-07,9:33:34.033098117,T,307.01,80,307.67,80,IBM
2025-11-07,9:33:34.591362209,T,307.01,80,307.67,120,IBM
2025-11-07,9:33:34.591778166,T,307.01,80,307.67,80,IBM
2025-11-07,9:33:38.702609628,T,307.01,80,307.49,40,IBM
2025-11-07,9:33:38.702840179,T,306.85,200,307.49,40,IBM
2025-11-07,9:33:38.703060658,T,306.85,200,307.49,80,IBM
2025-11-07,9:33:38.703772382,T,306.85,200,307.49,120,IBM
2025-11-07,9:33:38.705060512,T,306.85,200,307.49,160,IBM
2025-11-07,9:33:38.713094570,T,306.85,200,307.49,120,IBM
2025-11-07,9:33:38.717444900,T,306.85,200,307.49,80,IBM
2025-11-07,9:33:38.720236572,T,306.85,200,307.48,40,IBM
2025-11-07,9:33:39.651879540,T,306.85,200,307.48,120,IBM
2025-11-07,9:33:39.688531796,T,306.85,200,307.48,80,IBM
2025-11-07,9:33:39.688531796,T,306.85,200,307.49,80,IBM
2025-11-07,9:33:39.688566868,T,307.02,80,307.49,80,IBM
2025-11-07,9:33:39.688586956,T,307.24,40,307.49,80,IBM
2025-11-07,9:33:39.689012957,T,307.24,80,307.49,80,IBM
2025-11-07,9:33:39.689048027,T,307.28,40,307.49,80,IBM
2025-11-07,9:33:39.689183905,T,307.28,40,307.49,40,IBM
2025-11-07,9:33:39.689183905,T,307.28,40,307.67,40,IBM
2025-11-07,9:33:39.689243503,T,307.28,80,307.67,40,IBM
2025-11-07,9:33:39.689278556,T,307.28,160,307.67,40,IBM
2025-11-07,9:33:39.689519198,T,307.29,80,307.67,40,IBM
2025-11-07,9:33:39.691358545,T,307.28,40,307.67,40,IBM
2025-11-07,9:33:39.696300305,T,307.24,80,307.67,40,IBM
2025-11-07,9:33:39.697733703,T,307.24,40,307.67,40,IBM
2025-11-07,9:33:39.697753787,T,307.1,80,307.67,40,IBM
2025-11-07,9:33:39.709165927,T,307.1,120,307.67,40,IBM
2025-11-07,9:33:39.709191046,T,307.1,80,307.67,40,IBM
2025-11-07,9:33:39.709195959,T,307.25,80,307.67,40,IBM
2025-11-07,9:33:39.716322982,T,307.24,80,307.67,40,IBM
2025-11-07,9:33:39.716568523,T,307.1,80,307.67,40,IBM
2025-11-07,9:33:40.792164037,T,307.1,80,307.86,40,IBM
2025-11-07,9:33:40.792189148,T,307.1,120,307.86,40,IBM
2025-11-07,9:33:40.792194138,T,307.25,80,307.86,40,IBM
2025-11-07,9:33:40.792219231,T,307.53,40,307.86,40,IBM
2025-11-07,9:33:40.792765459,T,307.48,40,307.86,40,IBM
2025-11-07,9:33:40.793542330,T,307.53,40,307.86,40,IBM
2025-11-07,9:33:40.793582421,T,307.53,40,308.13,40,IBM
2025-11-07,9:33:40.793792894,T,307.53,80,308.13,40,IBM
2025-11-07,9:33:40.796684821,T,307.53,40,308.13,40,IBM
2025-11-07,9:33:41.345346029,T,307.25,80,308.13,40,IBM
2025-11-07,9:33:41.345751935,T,307.4,80,308.13,40,IBM
2025-11-07,9:33:41.345852219,T,307.4,80,308.13,80,IBM
2025-11-07,9:33:41.346233118,T,307.4,120,308.13,80,IBM
2025-11-07,9:33:41.418415032,T,307.4,120,308.13,40,IBM
2025-11-07,9:33:41.418720681,T,307.4,120,308.24,160,IBM
2025-11-07,9:33:41.419036424,T,307.41,80,308.24,160,IBM
2025-11-07,9:33:41.434859146,T,307.4,80,308.24,160,IBM
2025-11-07,9:33:41.435074608,T,307.4,120,308.24,160,IBM
2025-11-07,9:33:41.492481343,T,307.63,40,308.24,160,IBM
2025-11-07,9:33:41.507321670,T,307.41,80,308.24,160,IBM
2025-11-07,9:33:41.507532119,T,307.41,120,308.24,160,IBM
2025-11-07,9:33:41.507772658,T,307.41,40,308.24,160,IBM
2025-11-07,9:33:41.593326338,T,307.42,80,308.24,160,IBM
2025-11-07,9:33:41.594213501,T,307.42,120,308.24,160,IBM
2025-11-07,9:33:41.594218582,T,307.56,40,308.24,160,IBM
2025-11-07,9:33:41.594248604,T,307.57,80,308.24,160,IBM
2025-11-07,9:33:41.596965076,T,307.57,80,308.75,40,IBM
2025-11-07,9:33:41.596970037,T,307.57,80,308.52,160,IBM
2025-11-07,9:33:41.604803709,T,307.42,120,308.52,160,IBM
2025-11-07,9:33:41.604818682,T,307.42,80,308.52,160,IBM
2025-11-07,9:33:41.605074281,T,307.42,120,308.52,160,IBM
2025-11-07,9:33:41.607154321,T,307.42,40,308.52,160,IBM
2025-11-07,9:33:50.337041847,T,307.57,40,308.52,160,IBM
2025-11-07,9:33:50.345527070,T,307.41,80,308.52,160,IBM
2025-11-07,9:33:50.736748389,T,307.41,80,308.16,40,IBM
2025-11-07,9:33:57.941560421,T,307.25,80,308.16,40,IBM
2025-11-07,9:33:57.942006489,T,307.25,80,308.16,80,IBM
2025-11-07,9:34:00.177593781,T,307.25,120,308.16,80,IBM
2025-11-07,9:34:00.177779194,T,307.25,80,308.16,80,IBM
2025-11-07,9:34:00.177904466,T,307.25,80,308.16,40,IBM
2025-11-07,9:34:00.178014717,T,307.25,80,308.52,160,IBM
2025-11-07,9:34:00.178079789,T,307.25,80,308.52,200,IBM
2025-11-07,9:34:00.896881069,T,307.25,80,308.12,80,IBM
2025-11-07,9:34:00.897302058,T,307.25,80,308.12,120,IBM
2025-11-07,9:34:02.565714022,T,307.25,80,308.12,80,IBM
2025-11-07,9:34:02.709827050,T,307.25,80,308.12,120,IBM
2025-11-07,9:34:02.859483285,T,307.25,80,308.12,80,IBM
2025-11-07,9:34:04.630484463,T,307.25,80,308.12,160,IBM
2025-11-07,9:34:04.630554588,T,307.25,80,308.12,80,IBM
2025-11-07,9:34:04.630830211,T,307.25,80,308.12,280,IBM
2025-11-07,9:34:05.066352032,T,307.25,80,308.11,280,IBM
2025-11-07,9:34:05.068411981,T,307.25,80,308.11,80,IBM
2025-11-07,9:34:05.081452968,T,307.25,80,307.89,160,IBM
2025-11-07,9:34:05.279113517,T,306.96,40,307.89,160,IBM
2025-11-07,9:34:05.279138662,T,306.85,200,307.89,160,IBM
2025-11-07,9:34:05.408386314,T,307.24,80,307.89,160,IBM
2025-11-07,9:34:05.512514168,T,306.85,200,307.89,160,IBM
2025-11-07,9:34:06.079950094,T,306.85,200,307.66,40,IBM
2025-11-07,9:34:06.080576500,T,307.01,80,307.66,40,IBM
2025-11-07,9:34:06.080596634,T,307.01,80,307.88,40,IBM
2025-11-07,9:34:06.080641719,T,307.01,80,307.66,80,IBM
2025-11-07,9:34:06.080656676,T,307.01,80,307.64,80,IBM
2025-11-07,9:34:06.089713257,T,307.01,80,307.65,80,IBM
2025-11-07,9:34:06.089713257,T,307.01,80,307.66,80,IBM
2025-11-07,9:34:06.089713257,T,307.01,80,307.89,280,IBM
2025-11-07,9:34:06.131086763,T,307.01,80,307.89,200,IBM
2025-11-07,9:34:06.131096852,T,307.01,80,307.89,240,IBM
2025-11-07,9:34:06.179958122,T,307.01,80,307.89,200,IBM
2025-11-07,9:34:06.180173631,T,307.01,80,307.89,240,IBM
2025-11-07,9:34:06.180379181,T,307.01,80,307.89,280,IBM
2025-11-07,9:34:06.181877774,T,306.79,40,307.89,280,IBM
2025-11-07,9:34:06.501162900,T,306.79,40,307.88,80,IBM
2025-11-07,9:34:06.501639037,T,306.79,40,307.89,160,IBM
2025-11-07,9:34:06.501659109,T,306.79,40,307.88,40,IBM
2025-11-07,9:34:06.501689121,T,306.79,40,307.88,120,IBM
2025-11-07,9:34:06.502080111,T,306.79,40,307.88,160,IBM
2025-11-07,9:34:06.552695624,T,306.79,40,307.88,80,IBM
2025-11-07,9:34:06.820016898,T,306.79,40,307.88,40,IBM
2025-11-07,9:34:06.923964319,T,306.79,40,307.87,80,IBM
2025-11-07,9:34:06.924004378,T,307.01,80,307.87,80,IBM
2025-11-07,9:34:06.924385284,T,307.01,80,307.87,120,IBM
2025-11-07,9:34:06.924595800,T,307.01,80,307.87,160,IBM
2025-11-07,9:34:07.080842823,T,307.01,80,307.87,80,IBM
2025-11-07,9:34:07.081263844,T,307.01,80,307.87,120,IBM
2025-11-07,9:34:07.082090801,T,307.01,80,307.87,320,IBM
2025-11-07,9:34:07.082156130,T,307.01,80,307.86,160,IBM
2025-11-07,9:34:07.082602015,T,307.01,80,307.87,240,IBM
2025-11-07,9:34:07.178470199,T,307.01,80,307.87,200,IBM
2025-11-07,9:34:07.178590494,T,306.85,40,307.87,200,IBM
2025-11-07,9:34:07.178610618,T,307.02,80,307.87,200,IBM
2025-11-07,9:34:07.404633707,T,307.02,80,307.86,80,IBM
2025-11-07,9:34:07.404653744,T,307.02,80,307.87,200,IBM
2025-11-07,9:34:07.404839158,T,307.02,80,307.86,40,IBM
2025-11-07,9:34:07.405049686,T,307.02,80,307.86,80,IBM
2025-11-07,9:34:07.405064654,T,307.02,80,307.86,120,IBM
2025-11-07,9:34:07.844024664,T,306.85,40,307.86,120,IBM
2025-11-07,9:34:07.844440632,T,306.85,40,307.86,80,IBM
2025-11-07,9:34:10.575426916,T,306.79,40,307.86,80,IBM
2025-11-07,9:34:11.564997774,T,306.79,40,307.86,40,IBM
2025-11-07,9:34:12.940742818,T,306.79,40,307.86,80,IBM
2025-11-07,9:34:12.940953373,T,306.79,40,307.86,40,IBM
2025-11-07,9:34:12.940983383,T,307.28,40,307.86,40,IBM
2025-11-07,9:34:12.945263621,T,307.28,40,307.87,200,IBM
2025-11-07,9:34:12.945273608,T,307.28,40,307.89,160,IBM
2025-11-07,9:34:14.315089660,T,307.01,40,307.89,160,IBM
2025-11-07,9:34:15.323114425,T,307.44,40,307.89,160,IBM
2025-11-07,9:34:15.437647070,T,307.01,40,307.89,160,IBM
2025-11-07,9:34:15.455419428,T,307.01,40,307.89,200,IBM
2025-11-07,9:34:28.424629157,T,307.68,40,307.89,200,IBM
2025-11-07,9:34:28.424679068,T,307.68,40,307.89,160,IBM
2025-11-07,9:34:28.424869529,T,307.68,40,308.11,80,IBM
2025-11-07,9:34:28.424954761,T,307.44,40,308.11,80,IBM
2025-11-07,9:34:28.424969832,T,307.56,40,308.11,80,IBM
2025-11-07,9:34:28.425095055,T,307.68,40,308.11,80,IBM
2025-11-07,9:34:28.425110027,T,307.68,40,308.11,120,IBM
2025-11-07,9:34:28.425155307,T,307.68,80,308.11,120,IBM
2025-11-07,9:34:28.425170212,T,307.76,40,308.11,120,IBM
2025-11-07,9:34:28.425175209,T,307.76,40,308.11,40,IBM
2025-11-07,9:34:28.425475993,T,307.76,40,307.89,40,IBM
2025-11-07,9:34:28.425490968,T,307.68,80,307.89,40,IBM
2025-11-07,9:34:28.425510999,T,307.76,40,307.89,40,IBM
2025-11-07,9:34:28.425891972,T,307.76,40,308.13,40,IBM
2025-11-07,9:34:28.429676592,T,307.68,40,308.13,40,IBM
2025-11-07,9:34:28.429716023,T,307.68,40,307.83,40,IBM
2025-11-07,9:34:28.429786260,T,307.01,40,307.83,40,IBM
2025-11-07,9:34:28.429831280,T,307.01,40,308.41,40,IBM
2025-11-07,9:34:28.429851314,T,307.01,40,308.52,200,IBM
2025-11-07,9:34:28.429936603,T,307.44,80,308.52,200,IBM
2025-11-07,9:34:28.430032024,T,307.44,200,308.52,200,IBM
2025-11-07,9:34:28.430066940,T,307.68,80,308.52,200,IBM
2025-11-07,9:34:28.430071845,T,307.68,200,308.52,200,IBM
2025-11-07,9:34:28.430287432,T,307.68,240,308.52,200,IBM
2025-11-07,9:34:28.446420821,T,307.69,40,308.52,200,IBM
2025-11-07,9:34:28.446440953,T,307.69,120,308.52,200,IBM
2025-11-07,9:34:28.446440953,T,307.69,240,308.52,200,IBM
2025-11-07,9:34:33.577761782,T,307.69,240,308.41,40,IBM
2025-11-07,9:34:33.577937258,T,307.77,80,308.41,40,IBM
2025-11-07,9:34:33.577937258,T,307.77,200,308.41,40,IBM
2025-11-07,9:34:33.577977353,T,307.77,200,308.13,40,IBM
2025-11-07,9:34:34.885640288,T,307.78,80,308.13,40,IBM
2025-11-07,9:34:34.885640288,T,307.78,200,308.13,40,IBM
2025-11-07,9:34:36.384563733,T,307.82,80,308.13,40,IBM
2025-11-07,9:34:36.384563733,T,307.82,200,308.13,40,IBM
2025-11-07,9:34:36.384563733,T,307.82,240,308.13,40,IBM
2025-11-07,9:34:36.385385583,T,307.82,240,308.12,120,IBM
2025-11-07,9:34:36.385410680,T,307.82,200,308.12,120,IBM
2025-11-07,9:34:36.408365404,T,307.83,80,308.12,120,IBM
2025-11-07,9:34:36.408365404,T,307.83,200,308.12,120,IBM
2025-11-07,9:34:36.636197772,T,307.83,200,308.12,80,IBM
2025-11-07,9:34:36.636222831,T,308.02,80,308.12,80,IBM
2025-11-07,9:34:36.636222831,T,308.02,200,308.12,80,IBM
2025-11-07,9:34:36.636242871,T,308.02,80,308.12,80,IBM
2025-11-07,9:34:36.636242871,T,307.23,40,308.12,80,IBM
2025-11-07,9:34:36.636268052,T,307.05,40,308.12,80,IBM
2025-11-07,9:34:36.636318072,T,307.09,40,308.12,80,IBM
2025-11-07,9:34:36.636779102,T,307.05,40,308.12,80,IBM
2025-11-07,9:34:36.637024700,T,307.05,40,308.52,160,IBM
2025-11-07,9:34:36.930287824,T,307.85,40,308.52,160,IBM
2025-11-07,9:34:36.945123156,T,307.37,40,308.52,160,IBM
2025-11-07,9:34:37.031353487,T,307.05,40,308.52,160,IBM
2025-11-07,9:34:37.561866355,T,307.24,160,308.52,160,IBM
2025-11-07,9:34:39.521225857,T,307.24,160,308.12,40,IBM
2025-11-07,9:34:39.521391315,T,307.25,40,308.12,40,IBM
2025-11-07,9:34:39.521416304,T,307.44,40,308.12,40,IBM
2025-11-07,9:34:39.521887423,T,307.44,40,308.52,160,IBM
2025-11-07,9:34:39.522032866,T,307.37,40,308.52,160,IBM
2025-11-07,9:34:39.522103006,T,307.24,160,308.52,160,IBM
2025-11-07,9:34:39.522599186,T,307.25,40,308.52,160,IBM
2025-11-07,9:34:39.522849781,T,307.95,80,308.52,160,IBM
2025-11-07,9:34:39.523070322,T,307.95,80,308.51,80,IBM
2025-11-07,9:34:39.523165508,T,307.25,40,308.51,80,IBM
2025-11-07,9:34:39.523756977,T,307.28,40,308.51,80,IBM
2025-11-07,9:34:39.532838566,T,307.28,40,308.51,120,IBM
2025-11-07,9:34:39.549032058,T,307.28,40,308.11,80,IBM
2025-11-07,9:34:39.549052086,T,307.28,40,308.51,120,IBM
2025-11-07,9:34:39.549062165,T,307.25,40,308.51,120,IBM
2025-11-07,9:34:39.549067162,T,307.25,40,308.5,80,IBM
2025-11-07,9:34:39.549077219,T,307.44,40,308.5,80,IBM
2025-11-07,9:34:39.549087256,T,307.44,40,308.51,200,IBM
2025-11-07,9:34:39.549092252,T,307.44,40,308.51,120,IBM
2025-11-07,9:34:39.549117328,T,307.95,80,308.51,120,IBM
2025-11-07,9:34:39.549823921,T,307.95,80,308.51,80,IBM
2025-11-07,9:34:39.563937632,T,307.24,160,308.51,80,IBM
2025-11-07,9:34:39.787564879,T,307.25,40,308.51,80,IBM
2025-11-07,9:34:40.827866492,T,307.25,40,308.5,80,IBM
2025-11-07,9:34:40.828964111,T,307.25,40,308.49,80,IBM
2025-11-07,9:34:40.829786059,T,307.25,40,308.5,80,IBM
2025-11-07,9:34:41.334392358,T,307.25,40,308.49,80,IBM
2025-11-07,9:34:47.188824786,T,307.25,40,308.89,160,IBM
2025-11-07,9:34:50.038643971,T,307.25,40,308.49,80,IBM
2025-11-07,9:34:50.073261443,T,307.25,40,308.89,160,IBM
2025-11-07,9:34:54.948247126,T,307.25,40,308.49,80,IBM
2025-11-07,9:34:55.078617403,T,307.25,40,308.89,160,IBM
2025-11-07,9:34:56.051047366,T,307.25,40,308.48,80,IBM
2025-11-07,9:34:56.061216526,T,307.25,40,308.49,80,IBM
2025-11-07,9:34:56.061216526,T,307.25,40,308.89,160,IBM
2025-11-07,9:35:01.233500034,T,307.25,40,308.48,80,IBM
2025-11-07,9:35:01.925276921,T,307.25,40,308.48,160,IBM
2025-11-07,9:35:02.852058125,T,307.48,160,308.48,160,IBM
2025-11-07,9:35:03.536943902,T,307.48,160,308.47,80,IBM
2025-11-07,9:35:03.536988997,T,307.48,160,308.47,160,IBM
2025-11-07,9:35:03.537369880,T,307.48,160,308.47,200,IBM
2025-11-07,9:35:03.544401616,T,307.48,160,308.47,120,IBM
2025-11-07,9:35:03.547168193,T,307.48,160,308.47,40,IBM
2025-11-07,9:35:04.348375512,T,307.48,160,308.48,160,IBM
2025-11-07,9:35:06.272982020,T,307.48,160,308.48,360,IBM
2025-11-07,9:35:06.366660133,T,307.48,160,308.47,80,IBM
2025-11-07,9:35:06.987237604,T,307.48,160,308.48,280,IBM
2025-11-07,9:35:07.066165434,T,307.48,160,308.47,40,IBM
2025-11-07,9:35:07.432637847,T,307.76,40,308.47,40,IBM
2025-11-07,9:35:12.062073758,T,307.76,40,308.48,280,IBM
2025-11-07,9:35:12.062079139,T,307.76,40,308.48,200,IBM
2025-11-07,9:35:12.062079139,T,307.76,40,308.48,80,IBM
2025-11-07,9:35:12.062079139,T,307.76,40,308.89,160,IBM
2025-11-07,9:35:12.062104200,T,308.28,40,308.89,160,IBM
2025-11-07,9:35:12.062524920,T,308.28,80,308.89,160,IBM
2025-11-07,9:35:12.062675290,T,308.29,80,308.89,160,IBM
2025-11-07,9:35:12.062680204,T,308.4,40,308.89,160,IBM
2025-11-07,9:35:12.062915784,T,308.4,80,308.89,160,IBM
2025-11-07,9:35:12.063171416,T,308.4,80,308.92,40,IBM
2025-11-07,9:35:12.063196442,T,308.4,80,309.09,40,IBM
2025-11-07,9:35:12.063597477,T,308.4,80,308.99,80,IBM
2025-11-07,9:35:12.063627559,T,308.4,80,308.99,120,IBM
2025-11-07,9:35:12.063717698,T,308.4,80,308.99,200,IBM
2025-11-07,9:35:12.063757848,T,308.4,80,308.99,160,IBM
2025-11-07,9:35:12.063772851,T,308.41,80,308.99,160,IBM
2025-11-07,9:35:12.063893184,T,308.41,80,308.99,80,IBM
2025-11-07,9:35:12.064178862,T,308.29,80,308.99,80,IBM
2025-11-07,9:35:12.064374327,T,308.4,40,308.99,80,IBM
2025-11-07,9:35:12.065106022,T,308.35,80,308.99,80,IBM
2025-11-07,9:35:12.066108374,T,308.4,40,308.99,80,IBM
2025-11-07,9:35:12.066749974,T,308.35,80,308.99,80,IBM
2025-11-07,9:35:12.071020139,T,308.34,80,308.99,80,IBM
2025-11-07,9:35:12.071020139,T,308.29,80,308.99,80,IBM
2025-11-07,9:35:12.071992388,T,308.28,120,308.99,80,IBM
2025-11-07,9:35:12.072047588,T,308.28,40,308.99,80,IBM
2025-11-07,9:35:12.072583883,T,308.13,80,308.99,80,IBM
2025-11-07,9:35:12.073080012,T,308.12,80,308.99,80,IBM
2025-11-07,9:35:12.086792601,T,308.13,40,308.99,80,IBM
2025-11-07,9:35:12.101903576,T,308.13,120,308.99,80,IBM
2025-11-07,9:35:12.112609090,T,308.13,40,308.99,80,IBM
2025-11-07,9:35:12.316489466,T,307.56,40,308.99,80,IBM
2025-11-07,9:35:12.316965622,T,308.14,40,308.99,80,IBM
2025-11-07,9:35:12.318048220,T,307.56,40,308.99,80,IBM
2025-11-07,9:35:12.326498313,T,307.56,40,309.16,160,IBM
2025-11-07,9:35:12.326528353,T,308.13,40,309.16,160,IBM
2025-11-07,9:35:12.351267269,T,307.56,40,309.16,160,IBM
2025-11-07,9:35:12.351267269,T,308.28,40,309.16,160,IBM
2025-11-07,9:35:12.517713640,T,308.28,40,308.99,40,IBM
2025-11-07,9:35:12.520109270,T,308.28,40,308.99,80,IBM
2025-11-07,9:35:12.527371485,T,308.28,40,308.99,120,IBM
2025-11-07,9:35:12.568258905,T,308.28,40,308.99,200,IBM
2025-11-07,9:35:13.318890789,T,308.28,40,308.99,160,IBM
2025-11-07,9:35:13.318900745,T,308.28,40,308.99,120,IBM
2025-11-07,9:35:14.684471650,T,307.56,40,308.99,120,IBM
2025-11-07,9:35:16.686116870,T,307.56,40,308.99,160,IBM
2025-11-07,9:35:16.740817110,T,307.65,40,308.99,160,IBM
2025-11-07,9:35:17.008253690,T,307.65,40,308.99,200,IBM
2025-11-07,9:35:17.008278787,T,307.65,40,308.99,240,IBM
2025-11-07,9:35:17.154481850,T,307.56,40,308.99,240,IBM
2025-11-07,9:35:17.155238607,T,307.65,40,308.99,240,IBM
2025-11-07,9:35:17.431406130,T,308.48,80,308.99,240,IBM
2025-11-07,9:35:18.654773462,T,308.48,80,308.99,320,IBM
2025-11-07,9:35:18.654878750,T,308.48,80,308.99,280,IBM
2025-11-07,9:35:18.654888796,T,308.48,80,308.99,240,IBM
2025-11-07,9:35:18.655139431,T,308.48,80,308.99,200,IBM
2025-11-07,9:35:18.673207368,T,308.48,80,308.99,120,IBM
2025-11-07,9:35:18.710711711,T,308.48,80,308.99,200,IBM
2025-11-07,9:35:19.144293823,T,308.48,80,308.99,120,IBM
2025-11-07,9:35:19.145165926,T,308.48,80,308.99,200,IBM
2025-11-07,9:35:19.145476687,T,308.48,80,308.99,120,IBM
2025-11-07,9:35:20.473042156,T,308.48,120,308.99,120,IBM
2025-11-07,9:35:20.475262395,T,308.48,120,308.99,40,IBM
2025-11-07,9:35:20.475297519,T,308.48,120,308.99,120,IBM
2025-11-07,9:35:20.677513942,T,308.48,120,308.99,40,IBM
2025-11-07,9:35:20.688825820,T,308.48,120,309.0,80,IBM
2025-11-07,9:35:20.732544976,T,308.48,120,309.44,160,IBM
2025-11-07,9:35:22.569999487,T,308.48,120,308.98,40,IBM
2025-11-07,9:35:22.570024473,T,308.48,120,308.98,80,IBM
2025-11-07,9:35:22.570420371,T,308.48,120,308.98,120,IBM
2025-11-07,9:35:22.577026078,T,308.48,120,308.98,200,IBM
2025-11-07,9:35:26.009327382,T,308.48,120,308.98,280,IBM
2025-11-07,9:35:28.758376756,T,308.48,120,308.98,240,IBM
2025-11-07,9:35:29.404996200,T,308.48,120,308.98,160,IBM
2025-11-07,9:35:31.450365488,T,308.48,120,308.97,80,IBM
2025-11-07,9:35:31.450781416,T,308.48,120,308.97,120,IBM
2025-11-07,9:35:31.478537540,T,308.48,120,308.97,40,IBM
2025-11-07,9:35:31.941955781,T,308.48,120,308.98,120,IBM
2025-11-07,9:35:31.941960784,T,308.48,120,308.97,80,IBM
2025-11-07,9:35:31.942101196,T,308.48,120,308.98,120,IBM
2025-11-07,9:35:31.942201386,T,308.48,120,308.73,40,IBM
2025-11-07,9:35:31.943915418,T,308.49,40,308.73,40,IBM
2025-11-07,9:35:31.943935421,T,308.48,120,308.73,40,IBM
2025-11-07,9:35:31.943960818,T,308.48,120,308.97,120,IBM
2025-11-07,9:35:31.944015721,T,308.49,80,308.97,120,IBM
2025-11-07,9:35:31.944020639,T,308.49,80,308.97,40,IBM
2025-11-07,9:35:31.944025697,T,308.6,40,308.97,40,IBM
2025-11-07,9:35:31.944045685,T,308.49,80,308.97,40,IBM
2025-11-07,9:35:31.944050769,T,308.66,40,308.97,40,IBM
2025-11-07,9:35:31.944096056,T,308.66,40,308.97,120,IBM
2025-11-07,9:35:31.944100866,T,308.48,120,308.97,120,IBM
2025-11-07,9:35:31.944136167,T,308.48,120,308.91,40,IBM
2025-11-07,9:35:31.944155950,T,308.48,120,308.82,40,IBM
2025-11-07,9:35:31.944171065,T,308.48,120,308.73,40,IBM
2025-11-07,9:35:31.944211353,T,308.48,120,308.91,40,IBM
2025-11-07,9:35:31.944216128,T,308.48,120,308.97,120,IBM
2025-11-07,9:35:31.944276326,T,308.49,40,308.97,120,IBM
2025-11-07,9:35:31.944431616,T,308.49,40,308.97,40,IBM
2025-11-07,9:35:31.944622055,T,308.48,120,308.97,40,IBM
2025-11-07,9:35:31.944912837,T,308.48,120,308.97,120,IBM
2025-11-07,9:35:31.970784352,T,308.48,120,308.97,80,IBM
2025-11-07,9:35:32.161192670,T,308.48,120,308.97,120,IBM
2025-11-07,9:35:33.088520447,T,308.49,120,308.97,120,IBM
2025-11-07,9:35:33.236382439,T,308.48,120,308.97,120,IBM
2025-11-07,9:35:34.043944978,T,308.48,120,308.97,80,IBM
2025-11-07,9:35:36.013067653,T,308.48,120,308.96,80,IBM
2025-11-07,9:35:36.013493753,T,308.48,120,308.96,120,IBM
2025-11-07,9:35:37.455982793,T,308.49,120,308.96,120,IBM
2025-11-07,9:35:37.741131601,T,308.48,120,308.96,120,IBM
2025-11-07,9:35:38.085887267,T,308.49,120,308.96,120,IBM
2025-11-07,9:35:38.197493098,T,308.48,120,308.96,120,IBM
2025-11-07,9:35:39.058858516,T,308.49,120,308.96,120,IBM
2025-11-07,9:35:39.254514286,T,308.48,120,308.96,120,IBM
2025-11-07,9:35:42.368843583,T,308.48,80,308.96,120,IBM
2025-11-07,9:35:44.298552363,T,308.48,80,308.96,200,IBM
2025-11-07,9:35:44.298577494,T,307.78,160,308.96,200,IBM
2025-11-07,9:35:44.298602529,T,307.78,160,308.73,40,IBM
2025-11-07,9:35:44.298622914,T,307.78,160,308.96,200,IBM
2025-11-07,9:35:44.298627559,T,307.78,160,308.73,40,IBM
2025-11-07,9:35:44.298752918,T,307.78,160,308.72,80,IBM
2025-11-07,9:35:44.298768213,T,307.78,160,308.61,40,IBM
2025-11-07,9:35:44.299078604,T,307.78,160,308.6,80,IBM
2025-11-07,9:35:44.299499653,T,307.78,160,308.6,120,IBM
2025-11-07,9:35:44.299529756,T,307.78,160,308.59,80,IBM
2025-11-07,9:35:44.303018178,T,307.78,160,308.6,120,IBM
2025-11-07,9:35:44.303018178,T,307.78,160,308.6,40,IBM
2025-11-07,9:35:44.309648789,T,307.78,160,308.61,40,IBM
2025-11-07,9:35:44.310094867,T,307.78,160,308.61,80,IBM
2025-11-07,9:35:44.310891822,T,307.78,160,308.61,120,IBM
2025-11-07,9:35:44.310901839,T,307.78,160,308.61,200,IBM
2025-11-07,9:35:44.311102219,T,307.78,160,308.6,80,IBM
2025-11-07,9:35:44.311448112,T,307.78,160,308.61,80,IBM
2025-11-07,9:35:44.312224952,T,307.78,160,308.6,80,IBM
2025-11-07,9:35:44.313573160,T,307.78,160,308.61,40,IBM
2025-11-07,9:35:44.342587183,T,307.78,160,308.72,80,IBM
2025-11-07,9:35:44.342617320,T,307.78,160,308.61,80,IBM
2025-11-07,9:35:44.343038335,T,307.78,160,308.61,120,IBM
2025-11-07,9:35:45.315869258,T,307.78,160,308.61,40,IBM
2025-11-07,9:35:45.537311490,T,307.78,160,308.6,80,IBM
2025-11-07,9:35:45.537817672,T,307.78,160,308.96,80,IBM
2025-11-07,9:35:45.967630909,T,307.78,160,309.0,80,IBM
2025-11-07,9:35:46.013926145,T,307.78,160,308.61,80,IBM
2025-11-07,9:35:46.014347181,T,307.78,160,308.61,120,IBM
2025-11-07,9:35:47.087516945,T,307.78,160,308.61,80,IBM
2025-11-07,9:35:48.823279689,T,307.78,160,308.6,80,IBM
2025-11-07,9:35:48.823805520,T,307.78,160,308.36,80,IBM
2025-11-07,9:35:48.824216592,T,307.8,40,308.36,80,IBM
2025-11-07,9:35:48.824547298,T,308.0,120,308.36,80,IBM
2025-11-07,9:35:48.832661715,T,308.0,120,308.6,80,IBM
2025-11-07,9:35:48.832987431,T,308.0,120,308.52,80,IBM
2025-11-07,9:35:48.972649819,T,307.8,40,308.52,80,IBM
2025-11-07,9:35:48.973151058,T,307.8,40,308.49,80,IBM
2025-11-07,9:35:48.974143452,T,307.8,40,308.49,160,IBM
2025-11-07,9:35:48.974163488,T,307.8,40,308.49,280,IBM
2025-11-07,9:35:48.974193592,T,307.8,40,308.48,80,IBM
2025-11-07,9:35:48.975165870,T,307.8,40,308.48,120,IBM
2025-11-07,9:35:49.040255798,T,307.8,40,308.48,40,IBM
2025-11-07,9:35:49.040686766,T,307.8,40,308.49,200,IBM
2025-11-07,9:35:49.302770673,T,307.8,40,308.49,240,IBM
2025-11-07,9:35:49.703063544,T,307.8,40,308.49,200,IBM
2025-11-07,9:35:56.021435246,T,307.8,40,308.46,80,IBM
2025-11-07,9:35:56.021856273,T,307.8,40,308.46,120,IBM
2025-11-07,9:35:58.501058252,T,307.8,40,308.46,160,IBM
2025-11-07,9:36:00.053609516,T,308.0,40,308.46,160,IBM
2025-11-07,9:36:00.053835043,T,308.0,40,308.46,120,IBM
2025-11-07,9:36:00.062094730,T,307.8,40,308.46,120,IBM
2025-11-07,9:36:00.062129777,T,307.9,80,308.46,120,IBM
2025-11-07,9:36:00.062425464,T,307.8,40,308.46,120,IBM
2025-11-07,9:36:00.067307067,T,307.8,40,308.46,80,IBM
2025-11-07,9:36:00.164568671,T,307.55,160,308.46,80,IBM
2025-11-07,9:36:01.987032267,T,307.55,160,308.49,80,IBM
2025-11-07,9:36:03.985173943,T,307.55,160,308.46,80,IBM
2025-11-07,9:36:04.530988433,T,307.9,80,308.46,80,IBM
2025-11-07,9:36:04.563320411,T,307.55,160,308.46,80,IBM
2025-11-07,9:36:04.580365975,T,307.9,80,308.46,80,IBM
2025-11-07,9:36:04.721872832,T,307.55,160,308.46,80,IBM
2025-11-07,9:36:04.995549394,T,307.9,80,308.46,80,IBM
2025-11-07,9:36:05.000415926,T,307.55,160,308.46,80,IBM
2025-11-07,9:36:08.448414368,T,307.55,160,308.46,280,IBM
2025-11-07,9:36:09.507696006,T,307.9,80,308.46,280,IBM
2025-11-07,9:36:09.598802897,T,307.55,160,308.46,280,IBM
2025-11-07,9:36:10.563644838,T,307.55,160,308.45,280,IBM
2025-11-07,9:36:10.563990605,T,307.91,40,308.45,280,IBM
2025-11-07,9:36:10.570952179,T,307.91,40,308.45,80,IBM
2025-11-07,9:36:10.573728829,T,307.91,40,308.9,40,IBM
2025-11-07,9:36:11.342027802,T,307.91,40,308.46,80,IBM
2025-11-07,9:36:13.534502351,T,307.91,40,308.45,80,IBM
2025-11-07,9:36:13.543012660,T,307.91,40,308.46,80,IBM
2025-11-07,9:36:14.279936964,T,307.91,40,308.45,80,IBM
2025-11-07,9:36:14.279957091,T,307.55,160,308.45,80,IBM
2025-11-07,9:36:14.280132464,T,307.55,160,308.21,40,IBM
2025-11-07,9:36:14.280167587,T,307.55,160,308.14,40,IBM
2025-11-07,9:36:14.281009562,T,307.55,160,308.05,40,IBM
2025-11-07,9:36:14.281199976,T,307.09,40,308.05,40,IBM
2025-11-07,9:36:14.281210013,T,307.33,160,308.05,40,IBM
2025-11-07,9:36:14.281370450,T,307.56,80,308.05,40,IBM
2025-11-07,9:36:14.281370450,T,307.56,240,308.05,40,IBM
2025-11-07,9:36:14.281681123,T,307.56,240,308.13,80,IBM
2025-11-07,9:36:14.281806411,T,307.56,120,308.13,80,IBM
2025-11-07,9:36:14.281806411,T,307.68,80,308.13,80,IBM
2025-11-07,9:36:14.281816454,T,307.77,80,308.13,80,IBM
2025-11-07,9:36:14.281826537,T,307.77,240,308.13,80,IBM
2025-11-07,9:36:14.281921680,T,307.77,320,308.13,80,IBM
2025-11-07,9:36:14.281956869,T,307.77,320,308.14,120,IBM
2025-11-07,9:36:14.282082268,T,307.77,320,308.14,40,IBM
2025-11-07,9:36:14.680791386,T,307.77,320,308.05,40,IBM
2025-11-07,9:36:19.576912011,T,307.77,320,308.14,40,IBM
2025-11-07,9:36:19.583668042,T,307.77,320,308.46,80,IBM
2025-11-07,9:36:20.052664625,T,307.77,320,308.04,40,IBM
2025-11-07,9:36:20.052684652,T,307.77,320,308.04,240,IBM
2025-11-07,9:36:21.324853106,T,307.77,320,308.04,280,IBM
2025-11-07,9:36:21.344489914,T,307.77,320,308.04,360,IBM
2025-11-07,9:36:22.085614289,T,307.77,160,308.04,360,IBM
2025-11-07,9:36:22.085614289,T,307.78,80,308.04,360,IBM
2025-11-07,9:36:22.085619270,T,307.78,160,308.04,360,IBM
2025-11-07,9:36:22.085639308,T,307.78,320,308.04,360,IBM
2025-11-07,9:36:28.217672363,T,307.78,320,308.04,320,IBM
2025-11-07,9:36:28.336966378,T,307.78,160,308.04,320,IBM
2025-11-07,9:36:28.336971326,T,307.79,80,308.04,320,IBM
2025-11-07,9:36:28.336971326,T,307.79,160,308.04,320,IBM
2025-11-07,9:36:28.336991390,T,307.79,320,308.04,320,IBM
2025-11-07,9:36:28.339397134,T,307.79,320,308.04,360,IBM
2025-11-07,9:36:30.607852476,T,307.79,160,308.04,360,IBM
2025-11-07,9:36:30.607852476,T,307.8,80,308.04,360,IBM
2025-11-07,9:36:30.607857450,T,307.8,160,308.04,360,IBM
2025-11-07,9:36:30.607877536,T,307.8,320,308.04,360,IBM
2025-11-07,9:36:33.868414663,T,307.8,200,308.04,360,IBM
2025-11-07,9:36:33.868419709,T,307.8,120,308.04,360,IBM
2025-11-07,9:36:33.868419709,T,307.37,40,308.04,360,IBM
2025-11-07,9:36:33.868439793,T,307.37,40,307.8,80,IBM
2025-11-07,9:36:33.868464952,T,307.37,40,307.8,120,IBM
2025-11-07,9:36:33.868470165,T,307.37,40,307.92,40,IBM
2025-11-07,9:36:33.868509890,T,307.37,40,308.03,80,IBM
2025-11-07,9:36:33.868509890,T,307.33,200,308.03,80,IBM
2025-11-07,9:36:33.868514910,T,307.8,40,308.03,80,IBM
2025-11-07,9:36:33.868539970,T,307.8,40,308.04,320,IBM
2025-11-07,9:36:33.868560066,T,307.8,40,308.04,360,IBM
2025-11-07,9:36:33.868925921,T,307.33,200,308.04,360,IBM
2025-11-07,9:36:33.868950971,T,307.33,200,307.92,40,IBM
2025-11-07,9:36:33.876223254,T,307.33,200,308.04,80,IBM
2025-11-07,9:36:34.118033972,T,307.33,200,307.92,200,IBM
2025-11-07,9:36:34.457246514,T,307.68,40,307.92,200,IBM
2025-11-07,9:36:36.698782958,T,307.33,200,307.92,200,IBM
2025-11-07,9:36:36.698812909,T,307.33,200,307.91,80,IBM
2025-11-07,9:36:36.698983334,T,307.33,160,307.91,80,IBM
2025-11-07,9:36:36.699018439,T,307.33,160,307.79,80,IBM
2025-11-07,9:36:36.699609843,T,307.33,160,307.79,120,IBM
2025-11-07,9:36:36.700156098,T,307.33,160,307.72,80,IBM
2025-11-07,9:36:36.700897864,T,307.05,40,307.72,80,IBM
2025-11-07,9:36:36.700958084,T,307.01,40,307.72,80,IBM
2025-11-07,9:36:36.709147585,T,307.01,40,307.68,80,IBM
2025-11-07,9:36:36.709353025,T,307.01,40,307.68,120,IBM
2025-11-07,9:36:36.709864216,T,307.01,40,307.61,80,IBM
2025-11-07,9:36:36.710069693,T,306.96,160,307.61,80,IBM
2025-11-07,9:36:36.710099795,T,306.96,160,307.62,80,IBM
2025-11-07,9:36:36.710104847,T,307.0,40,307.62,80,IBM
2025-11-07,9:36:36.710205021,T,306.96,200,307.62,80,IBM
2025-11-07,9:36:36.710936787,T,306.96,200,307.68,160,IBM
2025-11-07,9:36:36.711062139,T,306.96,200,307.62,80,IBM
2025-11-07,9:36:36.711357845,T,306.96,200,307.61,80,IBM
2025-11-07,9:36:36.719005989,T,306.96,200,307.62,80,IBM
2025-11-07,9:36:36.722288785,T,306.96,200,307.61,80,IBM
2025-11-07,9:36:36.723536765,T,306.96,200,307.62,80,IBM
2025-11-07,9:36:36.723957815,T,306.96,200,307.62,120,IBM
2025-11-07,9:36:36.742411684,T,306.96,200,307.62,160,IBM
2025-11-07,9:36:36.750315534,T,306.96,200,307.61,160,IBM
2025-11-07,9:36:36.750761596,T,306.96,200,307.61,80,IBM
2025-11-07,9:36:36.751182669,T,306.96,200,307.61,120,IBM
2025-11-07,9:36:36.799587885,T,306.96,200,307.61,160,IBM
2025-11-07,9:36:36.800896011,T,306.96,200,307.61,320,IBM
2025-11-07,9:36:36.979436058,T,306.96,200,307.6,80,IBM
2025-11-07,9:36:36.979927157,T,306.96,200,307.61,240,IBM
2025-11-07,9:36:37.017626916,T,306.96,200,307.61,280,IBM
2025-11-07,9:36:37.017657015,T,306.96,200,307.6,80,IBM
2025-11-07,9:36:37.032251757,T,306.96,200,307.61,240,IBM
2025-11-07,9:36:37.032983485,T,306.96,200,307.61,280,IBM
2025-11-07,9:36:37.033013489,T,306.96,200,307.6,80,IBM
2025-11-07,9:36:37.079925277,T,306.96,200,307.61,240,IBM
2025-11-07,9:36:37.080135734,T,306.96,200,307.61,280,IBM
2025-11-07,9:36:37.080426383,T,306.96,200,307.6,80,IBM
2025-11-07,9:36:37.089021865,T,306.96,200,307.61,280,IBM
2025-11-07,9:36:37.372917698,T,306.96,200,307.6,80,IBM
2025-11-07,9:36:37.373148292,T,306.96,200,307.61,240,IBM
2025-11-07,9:36:37.373358739,T,306.96,200,307.61,280,IBM
2025-11-07,9:36:37.373383832,T,306.96,200,307.6,80,IBM
2025-11-07,9:36:37.446257305,T,306.96,200,307.61,240,IBM
2025-11-07,9:36:37.446262274,T,306.96,200,307.61,160,IBM
2025-11-07,9:36:37.446477791,T,306.96,200,307.6,40,IBM
2025-11-07,9:36:37.446688370,T,306.96,200,307.6,80,IBM
2025-11-07,9:36:37.707504252,T,306.96,40,307.6,80,IBM
2025-11-07,9:36:37.707529408,T,306.91,40,307.6,80,IBM
2025-11-07,9:36:38.489235304,T,306.91,40,307.6,40,IBM
2025-11-07,9:36:39.856806070,T,306.91,40,307.6,80,IBM
2025-11-07,9:36:40.103678719,T,306.91,40,307.6,40,IBM
2025-11-07,9:36:41.000989759,T,306.91,40,307.59,120,IBM
2025-11-07,9:36:41.348461915,T,306.91,40,307.59,200,IBM
2025-11-07,9:36:42.155729037,T,306.85,40,307.59,200,IBM
2025-11-07,9:36:42.155813960,T,306.91,40,307.59,200,IBM
2025-11-07,9:36:42.155869116,T,306.91,40,307.59,280,IBM
2025-11-07,9:36:42.156791314,T,306.91,40,307.46,40,IBM
2025-11-07,9:36:42.156816428,T,306.91,40,307.59,240,IBM
2025-11-07,9:36:42.156816428,T,306.91,40,307.59,200,IBM
2025-11-07,9:36:42.156836712,T,306.91,40,307.46,80,IBM
2025-11-07,9:36:42.156856478,T,306.91,40,307.59,200,IBM
2025-11-07,9:36:42.159402585,T,306.91,40,307.59,240,IBM
2025-11-07,9:36:42.160530179,T,306.91,40,307.46,40,IBM
2025-11-07,9:36:42.160555301,T,306.91,40,307.59,200,IBM
2025-11-07,9:36:42.160585330,T,307.0,40,307.59,200,IBM
2025-11-07,9:36:42.161266938,T,307.35,40,307.59,200,IBM
2025-11-07,9:36:42.161327152,T,307.35,80,307.59,200,IBM
2025-11-07,9:36:42.161367219,T,307.35,80,307.59,80,IBM
2025-11-07,9:36:42.161367219,T,307.35,80,307.6,40,IBM
2025-11-07,9:36:42.161387289,T,307.58,80,307.6,40,IBM
2025-11-07,9:36:42.161397321,T,307.58,80,307.6,240,IBM
2025-11-07,9:36:42.161412339,T,307.58,80,307.6,200,IBM
2025-11-07,9:36:42.161412339,T,307.58,80,307.6,160,IBM
2025-11-07,9:36:42.161432330,T,307.58,80,307.6,80,IBM
2025-11-07,9:36:42.161452480,T,307.59,80,307.6,80,IBM
2025-11-07,9:36:42.161462478,T,307.59,80,307.6,40,IBM
2025-11-07,9:36:42.161482495,T,307.59,80,307.72,80,IBM
2025-11-07,9:36:42.161512710,T,307.59,80,307.92,40,IBM
2025-11-07,9:36:42.161657941,T,307.46,40,307.92,40,IBM
2025-11-07,9:36:42.161697982,T,307.34,80,307.92,40,IBM
2025-11-07,9:36:42.161943569,T,307.34,80,307.78,40,IBM
2025-11-07,9:36:42.161958615,T,307.34,80,307.58,80,IBM
2025-11-07,9:36:42.161978693,T,307.33,80,307.58,80,IBM
2025-11-07,9:36:42.161978693,T,306.91,40,307.58,80,IBM
2025-11-07,9:36:42.161998866,T,306.91,40,307.78,40,IBM
2025-11-07,9:36:42.162033766,T,306.91,40,307.92,40,IBM
2025-11-07,9:36:42.162058918,T,307.0,40,307.92,40,IBM
2025-11-07,9:36:42.162058918,T,307.0,40,307.96,200,IBM
2025-11-07,9:36:42.162068944,T,307.11,40,307.96,200,IBM
2025-11-07,9:36:42.162494912,T,307.12,80,307.96,200,IBM
2025-11-07,9:36:42.166098484,T,307.12,80,307.59,40,IBM
2025-11-07,9:36:42.166915453,T,307.12,80,307.96,200,IBM
2025-11-07,9:36:42.169080575,T,307.12,80,307.59,40,IBM
2025-11-07,9:36:42.170554092,T,307.01,80,307.59,40,IBM
2025-11-07,9:36:42.170579110,T,307.01,40,307.59,40,IBM
2025-11-07,9:36:42.170609175,T,307.01,80,307.59,40,IBM
2025-11-07,9:36:42.171200619,T,307.11,80,307.59,40,IBM
2025-11-07,9:36:42.172087784,T,307.01,80,307.59,40,IBM
2025-11-07,9:36:42.206449501,T,307.12,40,307.59,40,IBM
2025-11-07,9:36:42.396461865,T,306.91,40,307.59,40,IBM
2025-11-07,9:36:44.354673619,T,306.85,40,307.59,40,IBM
2025-11-07,9:36:47.880893388,T,306.85,40,307.58,40,IBM
2025-11-07,9:36:47.885203602,T,306.91,40,307.58,40,IBM
2025-11-07,9:36:51.157448671,T,306.91,40,307.59,40,IBM
2025-11-07,9:36:51.157478910,T,306.91,40,307.64,40,IBM
2025-11-07,9:36:51.157478910,T,307.0,40,307.64,40,IBM
2025-11-07,9:36:51.157503842,T,307.36,40,307.64,40,IBM
2025-11-07,9:36:51.157513907,T,307.46,40,307.64,40,IBM
2025-11-07,9:36:51.157969943,T,307.46,80,307.64,40,IBM
2025-11-07,9:36:51.158020054,T,307.46,80,307.96,200,IBM
2025-11-07,9:36:51.158040196,T,307.46,80,307.96,160,IBM
2025-11-07,9:36:51.158155378,T,307.47,80,307.96,160,IBM
2025-11-07,9:36:51.158180501,T,307.48,80,307.96,160,IBM
2025-11-07,9:36:51.160340564,T,307.48,80,308.0,40,IBM
2025-11-07,9:36:51.167262293,T,307.47,80,308.0,40,IBM
2025-11-07,9:36:51.167262293,T,307.46,120,308.0,40,IBM
2025-11-07,9:36:51.167292217,T,307.46,80,308.0,40,IBM
2025-11-07,9:36:51.169928508,T,307.36,80,308.0,40,IBM
2025-11-07,9:36:51.172314167,T,307.36,40,308.0,40,IBM
2025-11-07,9:36:51.193965676,T,307.36,40,308.0,120,IBM
2025-11-07,9:36:51.257521965,T,307.0,40,308.0,120,IBM
2025-11-07,9:36:55.421695329,T,307.16,80,308.0,120,IBM
2025-11-07,9:36:56.892376532,T,307.16,120,308.0,120,IBM
2025-11-07,9:36:57.318861802,T,307.16,80,308.0,120,IBM
2025-11-07,9:36:57.318866769,T,307.16,80,308.0,40,IBM
2025-11-07,9:36:58.231273937,T,307.24,80,308.0,40,IBM
2025-11-07,9:36:58.231484369,T,307.24,120,308.0,40,IBM
2025-11-07,9:37:00.443139627,T,307.24,80,308.0,40,IBM
2025-11-07,9:37:00.443239771,T,307.58,80,308.0,40,IBM
2025-11-07,9:37:00.443269942,T,307.71,40,308.0,40,IBM
2025-11-07,9:37:00.444472710,T,307.58,80,308.0,40,IBM
2025-11-07,9:37:00.458075127,T,307.58,40,308.0,40,IBM
2025-11-07,9:37:00.543423331,T,307.24,80,308.0,40,IBM
2025-11-07,9:37:00.543503466,T,307.24,80,307.99,40,IBM
2025-11-07,9:37:00.543503466,T,307.24,80,307.99,80,IBM
2025-11-07,9:37:00.543548587,T,307.24,80,307.99,160,IBM
2025-11-07,9:37:00.543633853,T,307.24,120,307.99,160,IBM
2025-11-07,9:37:00.543934653,T,307.24,40,307.99,160,IBM
2025-11-07,9:37:00.544335503,T,307.24,40,307.99,80,IBM
2025-11-07,9:37:00.553818106,T,307.23,80,307.99,80,IBM
2025-11-07,9:37:00.558343886,T,307.23,80,307.99,40,IBM
2025-11-07,9:37:00.559842469,T,307.24,80,307.99,40,IBM
2025-11-07,9:37:00.643516663,T,307.24,80,308.0,40,IBM
2025-11-07,9:37:00.784186492,T,307.24,80,307.94,40,IBM
2025-11-07,9:37:00.784973427,T,307.24,80,308.0,40,IBM
2025-11-07,9:37:02.769071711,T,307.0,40,308.0,40,IBM
2025-11-07,9:37:02.770134256,T,307.24,80,308.0,40,IBM
2025-11-07,9:37:02.771662930,T,307.23,80,308.0,40,IBM
2025-11-07,9:37:02.772991019,T,307.0,40,308.0,40,IBM
2025-11-07,9:37:02.774223928,T,307.0,40,307.99,80,IBM
2025-11-07,9:37:02.774710151,T,307.24,80,307.99,80,IBM
2025-11-07,9:37:02.783215405,T,307.24,80,308.0,40,IBM
2025-11-07,9:37:02.793981030,T,307.23,80,308.0,40,IBM
2025-11-07,9:37:02.936029223,T,307.0,40,308.0,40,IBM
2025-11-07,9:37:04.551800906,T,306.99,160,308.0,40,IBM
2025-11-07,9:37:04.551906186,T,306.99,160,307.69,80,IBM
2025-11-07,9:37:04.552116736,T,306.99,160,307.69,120,IBM
2025-11-07,9:37:04.553379687,T,307.15,200,307.69,120,IBM
2025-11-07,9:37:04.553645361,T,307.15,400,307.69,120,IBM
2025-11-07,9:37:04.554331985,T,307.29,480,307.69,120,IBM
2025-11-07,9:37:04.554377052,T,307.29,880,307.69,120,IBM
2025-11-07,9:37:04.554412127,T,307.29,480,307.69,120,IBM
2025-11-07,9:37:04.554437254,T,307.29,400,307.69,120,IBM
2025-11-07,9:37:04.554437254,T,307.02,200,307.69,120,IBM
2025-11-07,9:37:04.554467329,T,307.01,80,307.69,120,IBM
2025-11-07,9:37:04.554467329,T,306.99,160,307.69,120,IBM
2025-11-07,9:37:04.554527384,T,307.02,80,307.69,120,IBM
2025-11-07,9:37:04.554587523,T,307.01,80,307.69,120,IBM
2025-11-07,9:37:04.554592638,T,306.99,160,307.69,120,IBM
2025-11-07,9:37:04.554642719,T,307.02,80,307.69,120,IBM
2025-11-07,9:37:04.554657712,T,307.01,80,307.69,120,IBM
2025-11-07,9:37:04.554657712,T,306.99,160,307.69,120,IBM
2025-11-07,9:37:04.554898314,T,307.01,80,307.69,120,IBM
2025-11-07,9:37:04.555289214,T,306.99,160,307.69,120,IBM
2025-11-07,9:37:04.556081180,T,306.99,160,307.59,80,IBM
2025-11-07,9:37:04.556722755,T,306.99,160,307.59,120,IBM
2025-11-07,9:37:05.133225121,T,306.85,40,307.59,120,IBM
2025-11-07,9:37:05.133646128,T,306.85,40,307.59,160,IBM
2025-11-07,9:37:05.514623005,T,306.85,40,307.59,120,IBM
2025-11-07,9:37:10.713329307,T,306.85,40,307.59,240,IBM
2025-11-07,9:37:11.247581222,T,306.85,40,307.58,80,IBM
2025-11-07,9:37:11.247641291,T,306.91,40,307.58,80,IBM
2025-11-07,9:37:11.247661326,T,306.85,40,307.58,80,IBM
2025-11-07,9:37:11.247666380,T,306.85,40,307.59,160,IBM
2025-11-07,9:37:11.247696410,T,306.85,40,307.59,80,IBM
2025-11-07,9:37:11.248002196,T,306.85,40,307.58,40,IBM
2025-11-07,9:37:12.097885302,T,306.85,40,307.59,80,IBM
2025-11-07,9:37:13.249236179,T,306.85,40,307.58,80,IBM
2025-11-07,9:37:13.557299521,T,306.85,40,307.58,120,IBM
2025-11-07,9:37:13.741939134,T,306.85,40,307.58,200,IBM
2025-11-07,9:37:14.002980564,T,306.85,40,307.57,80,IBM
2025-11-07,9:37:14.003401567,T,306.85,40,307.57,120,IBM
2025-11-07,9:37:14.549025572,T,306.85,40,307.57,40,IBM
2025-11-07,9:37:16.723041027,T,306.85,40,307.57,80,IBM
2025-11-07,9:37:16.723587361,T,306.85,40,307.57,120,IBM
2025-11-07,9:37:17.005122556,T,306.85,40,307.57,160,IBM
2025-11-07,9:37:17.005142623,T,306.85,40,307.57,80,IBM
2025-11-07,9:37:18.081094351,T,306.85,40,307.57,40,IBM
2025-11-07,9:37:19.749385653,T,306.85,40,307.56,80,IBM
2025-11-07,9:37:19.749811617,T,306.85,40,307.56,120,IBM
2025-11-07,9:37:19.750022188,T,306.85,40,307.56,160,IBM
2025-11-07,9:37:19.759068735,T,306.85,40,307.56,80,IBM
2025-11-07,9:37:20.620880295,T,306.85,40,307.56,40,IBM
2025-11-07,9:37:20.644877354,T,306.91,40,307.56,40,IBM
2025-11-07,9:37:20.676813465,T,306.91,40,307.58,80,IBM
2025-11-07,9:37:20.677860862,T,306.91,40,307.48,80,IBM
2025-11-07,9:37:20.677880985,T,306.91,40,307.48,160,IBM
2025-11-07,9:37:20.710232928,T,306.91,40,307.48,200,IBM
2025-11-07,9:37:20.710363345,T,306.85,40,307.48,200,IBM
2025-11-07,9:37:20.710388400,T,306.85,40,307.39,40,IBM
2025-11-07,9:37:20.711455910,T,306.85,40,307.36,80,IBM
2025-11-07,9:37:20.711486032,T,307.01,200,307.36,80,IBM
2025-11-07,9:37:20.711491055,T,307.01,200,307.39,40,IBM
2025-11-07,9:37:20.711491055,T,307.01,280,307.39,40,IBM
2025-11-07,9:37:20.711516178,T,307.01,480,307.39,40,IBM
2025-11-07,9:37:20.711516178,T,307.01,600,307.39,40,IBM
2025-11-07,9:37:20.711541098,T,307.01,1000,307.39,40,IBM
2025-11-07,9:37:20.711696457,T,307.01,1000,307.37,40,IBM
2025-11-07,9:37:20.711701483,T,307.01,1000,307.28,40,IBM
2025-11-07,9:37:20.711736560,T,307.01,1160,307.28,40,IBM
2025-11-07,9:37:20.711741762,T,307.01,1280,307.28,40,IBM
2025-11-07,9:37:20.711756978,T,307.01,1520,307.28,40,IBM
2025-11-07,9:37:20.711761642,T,307.01,1600,307.28,40,IBM
2025-11-07,9:37:20.711776640,T,307.01,1800,307.28,40,IBM
2025-11-07,9:37:20.711802075,T,307.01,1800,307.36,80,IBM
2025-11-07,9:37:20.711821756,T,307.02,40,307.36,80,IBM
2025-11-07,9:37:20.711832016,T,307.21,80,307.36,80,IBM
2025-11-07,9:37:20.711832016,T,307.21,200,307.36,80,IBM
2025-11-07,9:37:20.711832016,T,307.21,280,307.36,80,IBM
2025-11-07,9:37:20.711836849,T,307.21,400,307.36,80,IBM
2025-11-07,9:37:20.711856836,T,307.21,400,307.48,160,IBM
2025-11-07,9:37:20.711871886,T,307.21,1800,307.48,160,IBM
2025-11-07,9:37:20.711881908,T,307.21,1720,307.48,160,IBM
2025-11-07,9:37:20.711881908,T,307.21,1600,307.48,160,IBM
2025-11-07,9:37:20.711886924,T,307.21,1520,307.48,160,IBM
2025-11-07,9:37:20.711886924,T,307.21,1400,307.48,160,IBM
2025-11-07,9:37:20.711896958,T,307.21,1000,307.48,160,IBM
2025-11-07,9:37:20.712057298,T,307.21,960,307.48,160,IBM
2025-11-07,9:37:20.712087355,T,307.21,960,307.37,80,IBM
2025-11-07,9:37:20.712102469,T,307.21,920,307.37,80,IBM
2025-11-07,9:37:20.712122433,T,307.21,760,307.37,80,IBM
2025-11-07,9:37:20.712122433,T,307.21,760,307.28,40,IBM
2025-11-07,9:37:20.712182580,T,307.21,360,307.28,40,IBM
2025-11-07,9:37:20.712192597,T,307.21,200,307.28,40,IBM
2025-11-07,9:37:20.712197637,T,307.02,40,307.28,40,IBM
2025-11-07,9:37:20.712202663,T,307.1,80,307.28,40,IBM
2025-11-07,9:37:20.718648013,T,307.01,80,307.28,40,IBM
2025-11-07,9:37:20.722512200,T,307.01,80,307.58,80,IBM
2025-11-07,9:37:20.791757108,T,307.0,80,307.58,80,IBM
2025-11-07,9:37:20.868399467,T,306.8,200,307.58,80,IBM
2025-11-07,9:37:23.015711477,T,306.8,200,307.54,40,IBM
2025-11-07,9:37:23.015751645,T,306.8,200,307.39,40,IBM
2025-11-07,9:37:23.015992225,T,306.8,200,307.34,80,IBM
2025-11-07,9:37:23.016448226,T,306.8,200,307.39,40,IBM
2025-11-07,9:37:23.017400510,T,306.8,200,307.28,40,IBM
2025-11-07,9:37:23.017435594,T,306.8,200,307.28,80,IBM
2025-11-07,9:37:23.049682348,T,306.8,200,307.27,40,IBM
2025-11-07,9:37:23.049722521,T,306.8,200,307.27,80,IBM
2025-11-07,9:37:23.050103383,T,306.8,200,307.27,120,IBM
2025-11-07,9:37:23.306829499,T,307.0,240,307.27,120,IBM
2025-11-07,9:37:23.306834495,T,307.0,320,307.27,120,IBM
2025-11-07,9:37:23.306844602,T,307.0,520,307.27,120,IBM
2025-11-07,9:37:23.306864632,T,307.0,720,307.27,120,IBM
2025-11-07,9:37:23.306864632,T,307.0,800,307.27,120,IBM
2025-11-07,9:37:23.306879599,T,307.0,800,307.27,160,IBM
2025-11-07,9:37:23.306884713,T,307.0,1200,307.27,160,IBM
2025-11-07,9:37:23.306919753,T,307.0,1200,307.15,40,IBM
2025-11-07,9:37:23.307035065,T,307.0,1360,307.15,40,IBM
2025-11-07,9:37:23.307105183,T,307.0,1560,307.15,40,IBM
2025-11-07,9:37:23.307180425,T,307.0,1400,307.15,40,IBM
2025-11-07,9:37:23.307180425,T,307.0,1480,307.15,40,IBM
2025-11-07,9:37:23.307235437,T,307.0,1600,307.15,40,IBM
2025-11-07,9:37:23.307305700,T,307.0,1520,307.15,40,IBM
2025-11-07,9:37:23.307310975,T,307.0,1440,307.15,40,IBM
2025-11-07,9:37:23.307310975,T,307.0,1240,307.15,40,IBM
2025-11-07,9:37:23.307310975,T,307.0,1040,307.15,40,IBM
2025-11-07,9:37:23.307315837,T,307.0,960,307.15,40,IBM
2025-11-07,9:37:23.307315837,T,307.0,560,307.15,40,IBM
2025-11-07,9:37:23.307320660,T,307.0,400,307.15,40,IBM
2025-11-07,9:37:23.307320660,T,307.0,200,307.15,40,IBM
2025-11-07,9:37:23.307320660,T,307.0,80,307.15,40,IBM
2025-11-07,9:37:23.307320660,T,306.99,80,307.15,40,IBM
2025-11-07,9:37:23.307340777,T,306.8,200,307.15,40,IBM
2025-11-07,9:37:23.307656438,T,306.8,200,307.15,120,IBM
2025-11-07,9:37:23.307681557,T,306.8,200,307.15,40,IBM
2025-11-07,9:37:23.307732076,T,306.8,160,307.15,40,IBM
2025-11-07,9:37:23.307761900,T,306.8,160,307.15,80,IBM
2025-11-07,9:37:23.307801893,T,306.8,160,307.15,40,IBM
2025-11-07,9:37:23.307862036,T,306.8,160,307.15,120,IBM
2025-11-07,9:37:23.307881992,T,306.85,400,307.15,120,IBM
2025-11-07,9:37:23.308002283,T,307.0,80,307.15,120,IBM
2025-11-07,9:37:23.308027507,T,306.85,480,307.15,120,IBM
2025-11-07,9:37:23.308027507,T,306.85,80,307.15,120,IBM
2025-11-07,9:37:23.308027507,T,306.8,160,307.15,120,IBM
2025-11-07,9:37:23.308032411,T,307.0,80,307.15,120,IBM
2025-11-07,9:37:23.308032411,T,307.0,80,307.15,40,IBM
2025-11-07,9:37:23.308037366,T,306.8,160,307.15,40,IBM
2025-11-07,9:37:23.308057510,T,307.0,680,307.15,40,IBM
2025-11-07,9:37:23.308057510,T,307.0,1080,307.15,40,IBM
2025-11-07,9:37:23.308077716,T,307.0,960,307.15,40,IBM
2025-11-07,9:37:23.308077716,T,307.0,400,307.15,40,IBM
2025-11-07,9:37:23.308077716,T,307.0,280,307.15,40,IBM
2025-11-07,9:37:23.308077716,T,307.0,400,307.15,40,IBM
2025-11-07,9:37:23.308082612,T,307.0,80,307.15,40,IBM
2025-11-07,9:37:23.308087554,T,306.8,160,307.15,40,IBM
2025-11-07,9:37:23.308112736,T,306.85,200,307.15,40,IBM
2025-11-07,9:37:23.308122698,T,306.85,200,307.14,80,IBM
2025-11-07,9:37:23.308142644,T,306.85,200,307.15,120,IBM
2025-11-07,9:37:23.308237883,T,306.85,200,307.15,80,IBM
2025-11-07,9:37:23.308252901,T,306.85,280,307.15,80,IBM
2025-11-07,9:37:23.308328112,T,306.85,480,307.15,80,IBM
2025-11-07,9:37:23.308563915,T,306.85,680,307.15,80,IBM
2025-11-07,9:37:23.308598742,T,306.85,680,307.27,80,IBM
2025-11-07,9:37:23.338509908,T,306.85,680,307.27,40,IBM
2025-11-07,9:37:23.417783628,T,306.85,680,307.15,40,IBM
2025-11-07,9:37:23.428975286,T,306.85,680,307.14,80,IBM
2025-11-07,9:37:23.742231081,T,306.85,680,307.14,160,IBM
2025-11-07,9:37:24.346800404,T,306.86,40,307.14,160,IBM
2025-11-07,9:37:24.346855519,T,306.86,720,307.14,160,IBM
2025-11-07,9:37:24.699374728,T,306.86,720,307.14,400,IBM
2025-11-07,9:37:25.489901601,T,306.86,40,307.14,400,IBM
2025-11-07,9:37:25.489926740,T,306.87,680,307.14,400,IBM
2025-11-07,9:37:25.779385838,T,306.87,680,307.14,440,IBM
2025-11-07,9:37:25.779430997,T,306.87,400,307.14,440,IBM
2025-11-07,9:37:25.779446665,T,306.86,40,307.14,440,IBM
2025-11-07,9:37:25.779476017,T,306.86,40,307.01,40,IBM
2025-11-07,9:37:25.779481034,T,306.79,80,307.01,40,IBM
2025-11-07,9:37:25.779491151,T,306.68,40,307.01,40,IBM
2025-11-07,9:37:25.779511157,T,306.57,40,307.01,40,IBM
2025-11-07,9:37:25.779691621,T,306.79,280,307.01,40,IBM
2025-11-07,9:37:25.779706621,T,306.79,440,307.01,40,IBM
2025-11-07,9:37:25.779711676,T,306.79,640,307.01,40,IBM
2025-11-07,9:37:25.779721633,T,306.79,840,307.01,40,IBM
2025-11-07,9:37:25.779736713,T,306.79,1040,307.01,40,IBM
2025-11-07,9:37:25.779776749,T,306.79,1320,307.01,40,IBM
2025-11-07,9:37:25.779796856,T,306.79,1640,307.01,40,IBM
2025-11-07,9:37:25.779836910,T,306.79,1920,307.01,40,IBM
2025-11-07,9:37:25.779892091,T,306.87,560,307.01,40,IBM
2025-11-07,9:37:25.779912094,T,306.87,560,307.13,120,IBM
2025-11-07,9:37:25.779912094,T,306.87,880,307.13,120,IBM
2025-11-07,9:37:25.779912094,T,306.87,1080,307.13,120,IBM
2025-11-07,9:37:25.779917427,T,306.87,1240,307.13,120,IBM
2025-11-07,9:37:25.779917427,T,306.87,1440,307.13,120,IBM
2025-11-07,9:37:25.779917427,T,306.87,1720,307.13,120,IBM
2025-11-07,9:37:25.779922785,T,306.87,1920,307.13,120,IBM
2025-11-07,9:37:25.779922785,T,306.87,2200,307.13,120,IBM
2025-11-07,9:37:25.779922785,T,306.87,2520,307.13,120,IBM
2025-11-07,9:37:25.779927184,T,306.87,2480,307.13,120,IBM
2025-11-07,9:37:25.779942275,T,306.87,2880,307.13,120,IBM
2025-11-07,9:37:25.779947146,T,306.87,3280,307.13,120,IBM
2025-11-07,9:37:25.779967894,T,306.87,3680,307.13,120,IBM
2025-11-07,9:37:25.780032723,T,306.87,3280,307.13,120,IBM
2025-11-07,9:37:25.780037355,T,306.91,280,307.13,120,IBM
2025-11-07,9:37:25.780037355,T,306.91,440,307.13,120,IBM
2025-11-07,9:37:25.780042381,T,306.91,640,307.13,120,IBM
2025-11-07,9:37:25.780042381,T,306.91,840,307.13,120,IBM
2025-11-07,9:37:25.780047455,T,306.91,1160,307.13,120,IBM
2025-11-07,9:37:25.780047455,T,306.91,1360,307.13,120,IBM
2025-11-07,9:37:25.780047455,T,306.91,1640,307.13,120,IBM
2025-11-07,9:37:25.780047455,T,306.91,1920,307.13,120,IBM
2025-11-07,9:37:25.780062471,T,306.91,2480,307.13,120,IBM
2025-11-07,9:37:25.780067487,T,306.91,4080,307.13,120,IBM
2025-11-07,9:37:25.780077825,T,306.91,4280,307.13,120,IBM
2025-11-07,9:37:25.780077825,T,306.91,4320,307.13,120,IBM
2025-11-07,9:37:25.780137604,T,306.91,4320,307.13,160,IBM
2025-11-07,9:37:25.780323054,T,306.91,4520,307.13,160,IBM
2025-11-07,9:37:25.780328093,T,306.91,4520,307.01,40,IBM
2025-11-07,9:37:25.780593701,T,306.91,4520,307.13,160,IBM
2025-11-07,9:37:25.780598797,T,306.91,4520,307.01,40,IBM
2025-11-07,9:37:25.780614102,T,306.91,4520,307.13,160,IBM
2025-11-07,9:37:25.780614102,T,306.91,2920,307.13,160,IBM
2025-11-07,9:37:25.780614102,T,307.0,280,307.13,160,IBM
2025-11-07,9:37:25.780618833,T,307.0,480,307.13,160,IBM
2025-11-07,9:37:25.780618833,T,307.0,640,307.13,160,IBM
2025-11-07,9:37:25.780618833,T,307.0,840,307.13,160,IBM
2025-11-07,9:37:25.780623854,T,307.0,1160,307.13,160,IBM
2025-11-07,9:37:25.780623854,T,307.0,1360,307.13,160,IBM
2025-11-07,9:37:25.780623854,T,307.0,1360,307.13,80,IBM
2025-11-07,9:37:25.780628876,T,307.0,1640,307.13,80,IBM
2025-11-07,9:37:25.780628876,T,307.0,1920,307.13,80,IBM
2025-11-07,9:37:25.780638889,T,307.0,2000,307.13,80,IBM
2025-11-07,9:37:25.780638889,T,307.0,2520,307.13,80,IBM
2025-11-07,9:37:25.780648812,T,307.0,4520,307.13,80,IBM
2025-11-07,9:37:25.780718993,T,307.01,280,307.13,80,IBM
2025-11-07,9:37:25.780718993,T,307.01,480,307.13,80,IBM
2025-11-07,9:37:25.780724015,T,307.01,640,307.13,80,IBM
2025-11-07,9:37:25.780724015,T,307.01,840,307.13,80,IBM
2025-11-07,9:37:25.780724015,T,307.01,1160,307.13,80,IBM
2025-11-07,9:37:25.780729064,T,307.01,1360,307.13,80,IBM
2025-11-07,9:37:25.780729064,T,307.01,1640,307.13,80,IBM
2025-11-07,9:37:25.780729064,T,307.01,1920,307.13,80,IBM
2025-11-07,9:37:25.780729064,T,307.01,2000,307.13,80,IBM
2025-11-07,9:37:25.780729064,T,307.01,4000,307.13,80,IBM
2025-11-07,9:37:25.780739029,T,307.01,4520,307.13,80,IBM
2025-11-07,9:37:25.781170075,T,307.01,4520,307.13,40,IBM
2025-11-07,9:37:25.781681318,T,307.01,4520,307.14,200,IBM
2025-11-07,9:37:25.781701413,T,307.01,2520,307.14,200,IBM
2025-11-07,9:37:25.781701413,T,307.12,280,307.14,200,IBM
2025-11-07,9:37:25.781707104,T,307.12,480,307.14,200,IBM
2025-11-07,9:37:25.781707104,T,307.12,640,307.14,200,IBM
2025-11-07,9:37:25.781711758,T,307.12,840,307.14,200,IBM
2025-11-07,9:37:25.781711758,T,307.12,1040,307.14,200,IBM
2025-11-07,9:37:25.781711758,T,307.12,1360,307.14,200,IBM
2025-11-07,9:37:25.781711758,T,307.12,1640,307.14,200,IBM
2025-11-07,9:37:25.781716373,T,307.12,1920,307.14,200,IBM
2025-11-07,9:37:25.781716373,T,307.12,2000,307.14,200,IBM
2025-11-07,9:37:25.781726429,T,307.12,1680,307.14,200,IBM
2025-11-07,9:37:25.781726429,T,307.12,3680,307.14,200,IBM
2025-11-07,9:37:25.781726429,T,307.12,4240,307.14,200,IBM
2025-11-07,9:37:25.781731410,T,307.12,4040,307.14,200,IBM
2025-11-07,9:37:25.781736780,T,307.12,3880,307.14,200,IBM
2025-11-07,9:37:25.781736780,T,307.12,3680,307.14,200,IBM
2025-11-07,9:37:25.781736780,T,307.12,3480,307.14,200,IBM
2025-11-07,9:37:25.781736780,T,307.12,3200,307.14,200,IBM
2025-11-07,9:37:25.781741927,T,307.12,3160,307.14,200,IBM
2025-11-07,9:37:25.781741927,T,307.12,2880,307.14,200,IBM
2025-11-07,9:37:25.781741927,T,307.12,2800,307.14,200,IBM
2025-11-07,9:37:25.781746460,T,307.12,2600,307.14,200,IBM
2025-11-07,9:37:25.781746460,T,307.12,2520,307.14,200,IBM
2025-11-07,9:37:25.781746460,T,307.12,2480,307.14,200,IBM
2025-11-07,9:37:25.781752141,T,307.12,2120,307.14,200,IBM
2025-11-07,9:37:25.781756517,T,307.12,1920,307.14,200,IBM
2025-11-07,9:37:25.781761451,T,307.12,1440,307.14,200,IBM
2025-11-07,9:37:25.781766485,T,307.12,1160,307.14,200,IBM
2025-11-07,9:37:25.781771498,T,307.12,520,307.14,200,IBM
2025-11-07,9:37:25.781781569,T,307.12,680,307.14,200,IBM
2025-11-07,9:37:25.781786653,T,307.12,640,307.14,200,IBM
2025-11-07,9:37:25.781791572,T,307.12,240,307.14,200,IBM
2025-11-07,9:37:25.781796560,T,307.12,840,307.14,200,IBM
2025-11-07,9:37:25.781972011,T,307.12,720,307.14,200,IBM
2025-11-07,9:37:25.781992177,T,307.12,600,307.14,200,IBM
2025-11-07,9:37:25.781997107,T,306.86,80,307.14,200,IBM
2025-11-07,9:37:25.781997107,T,306.86,80,307.14,120,IBM
2025-11-07,9:37:25.782002083,T,306.86,80,307.14,40,IBM
2025-11-07,9:37:25.782002083,T,306.86,80,307.27,40,IBM
2025-11-07,9:37:25.782012117,T,306.86,80,307.13,120,IBM
2025-11-07,9:37:25.782022360,T,306.86,80,307.27,80,IBM
2025-11-07,9:37:25.782022360,T,306.85,160,307.27,80,IBM
2025-11-07,9:37:25.782022360,T,306.85,80,307.27,80,IBM
2025-11-07,9:37:25.782047185,T,306.84,80,307.27,80,IBM
2025-11-07,9:37:25.782057216,T,306.86,80,307.27,80,IBM
2025-11-07,9:37:25.782072542,T,306.94,40,307.27,80,IBM
2025-11-07,9:37:25.782087243,T,306.86,80,307.27,80,IBM
2025-11-07,9:37:25.782087243,T,306.86,80,307.27,40,IBM
2025-11-07,9:37:25.782433255,T,306.86,80,307.14,40,IBM
2025-11-07,9:37:25.782433255,T,306.86,80,307.27,80,IBM
2025-11-07,9:37:25.782458204,T,306.86,80,307.27,40,IBM
2025-11-07,9:37:25.782603735,T,306.85,80,307.27,40,IBM
2025-11-07,9:37:25.820223112,T,306.85,80,307.27,80,IBM
2025-11-07,9:37:25.906979748,T,306.85,80,307.15,80,IBM
2025-11-07,9:37:25.907520896,T,306.85,80,307.15,120,IBM
2025-11-07,9:37:25.908142427,T,306.84,80,307.15,120,IBM
2025-11-07,9:37:25.908162480,T,306.83,80,307.15,120,IBM
2025-11-07,9:37:25.908182423,T,306.57,40,307.15,120,IBM
2025-11-07,9:37:25.908593658,T,306.79,40,307.15,120,IBM
2025-11-07,9:37:25.908618547,T,306.92,40,307.15,120,IBM
2025-11-07,9:37:25.908633519,T,306.79,40,307.15,120,IBM
2025-11-07,9:37:25.908638547,T,306.57,40,307.15,120,IBM
2025-11-07,9:37:25.908733767,T,306.51,200,307.15,120,IBM
2025-11-07,9:37:25.908758903,T,306.51,160,307.15,120,IBM
2025-11-07,9:37:26.020279329,T,306.51,160,307.14,40,IBM
2025-11-07,9:37:26.100861168,T,306.51,160,307.15,120,IBM
2025-11-07,9:37:26.111491521,T,306.51,160,307.12,80,IBM
2025-11-07,9:37:26.112769506,T,306.51,160,307.12,120,IBM
2025-11-07,9:37:26.753384643,T,306.51,160,307.12,80,IBM
2025-11-07,9:37:27.659065650,T,306.51,160,307.12,200,IBM
2025-11-07,9:37:27.739878078,T,306.51,160,307.11,40,IBM
2025-11-07,9:37:27.740299029,T,306.51,160,307.11,80,IBM
2025-11-07,9:37:29.089230305,T,306.51,160,307.1,40,IBM
2025-11-07,9:37:29.166499303,T,306.51,160,307.1,80,IBM
2025-11-07,9:37:31.191710638,T,306.51,160,307.1,40,IBM
2025-11-07,9:37:31.615684991,T,306.67,40,307.1,40,IBM
2025-11-07,9:37:31.624170117,T,306.51,160,307.1,40,IBM
2025-11-07,9:37:34.498994092,T,306.51,160,307.12,200,IBM
2025-11-07,9:37:34.498994092,T,306.51,200,307.12,200,IBM
2025-11-07,9:37:34.499014069,T,306.96,40,307.12,200,IBM
2025-11-07,9:37:34.499074169,T,306.97,40,307.12,200,IBM
2025-11-07,9:37:34.499510258,T,306.97,40,307.12,80,IBM
2025-11-07,9:37:34.500156855,T,306.97,40,307.15,40,IBM
2025-11-07,9:37:34.500181894,T,306.97,80,307.15,40,IBM
2025-11-07,9:37:34.505865420,T,306.97,40,307.15,40,IBM
2025-11-07,9:37:34.513859399,T,306.86,80,307.15,40,IBM
2025-11-07,9:37:34.599037203,T,306.81,120,307.15,40,IBM
2025-11-07,9:37:34.630086130,T,306.81,120,307.27,80,IBM
2025-11-07,9:37:34.630381756,T,306.97,40,307.27,80,IBM
2025-11-07,9:37:34.630402115,T,306.81,80,307.27,80,IBM
2025-11-07,9:37:34.630416930,T,306.82,80,307.27,80,IBM
2025-11-07,9:37:34.630883037,T,306.82,80,307.27,160,IBM
2025-11-07,9:37:34.630923087,T,306.82,80,307.27,240,IBM
2025-11-07,9:37:34.630958199,T,306.82,80,307.24,40,IBM
2025-11-07,9:37:34.631970896,T,306.81,80,307.24,40,IBM
2025-11-07,9:37:34.631970896,T,306.81,80,307.22,40,IBM
2025-11-07,9:37:34.631975620,T,306.56,40,307.22,40,IBM
2025-11-07,9:37:34.632045718,T,306.51,200,307.22,40,IBM
2025-11-07,9:37:34.639253334,T,306.51,200,307.24,40,IBM
2025-11-07,9:37:35.000698389,T,306.51,160,307.24,40,IBM
2025-11-07,9:37:37.637089867,T,306.51,160,307.15,40,IBM
