DATE,TIME_M,EX,BID,BIDSIZ,ASK,ASKSIZ,SYM_ROOT
2025-12-22,9:30:01.063606002,T,299.21,80,301.49,40,IBM
2025-12-22,9:30:01.068146745,T,299.21,80,303.0,80,IBM
2025-12-22,9:30:01.084139878,T,299.21,80,302.0,40,IBM
2025-12-22,9:30:01.219156637,T,299.21,80,303.0,80,IBM
2025-12-22,9:30:01.219161350,T,299.21,80,301.8,40,IBM
2025-12-22,9:30:01.219181350,T,299.21,80,301.79,40,IBM
2025-12-22,9:30:01.219181350,T,299.21,80,301.65,40,IBM
2025-12-22,9:30:01.220795159,T,299.21,80,301.79,40,IBM
2025-12-22,9:30:01.319169430,T,299.21,80,301.8,40,IBM
2025-12-22,9:30:01.396262919,T,299.21,80,301.41,40,IBM
2025-12-22,9:30:01.396688869,T,299.21,80,301.41,80,IBM
2025-12-22,9:30:01.400277477,T,299.21,80,301.41,40,IBM
2025-12-22,9:30:01.644719477,T,299.21,120,301.41,40,IBM
2025-12-22,9:30:01.953188910,T,299.21,120,301.5,80,IBM
2025-12-22,9:30:03.324272966,T,299.99,40,301.5,80,IBM
2025-12-22,9:30:03.324272966,T,300.0,40,301.5,80,IBM
2025-12-22,9:30:03.325365526,T,299.99,40,301.5,80,IBM
2025-12-22,9:30:03.341869814,T,299.99,40,301.5,120,IBM
2025-12-22,9:30:05.339294635,T,300.0,40,301.5,120,IBM
2025-12-22,9:30:05.339324728,T,299.99,40,301.5,120,IBM
2025-12-22,9:30:05.342898247,T,300.39,40,301.5,120,IBM
2025-12-22,9:30:05.610816001,T,299.82,40,301.5,120,IBM
2025-12-22,9:30:05.610816001,T,299.82,40,301.19,40,IBM
2025-12-22,9:30:05.611312268,T,299.82,40,301.5,80,IBM
2025-12-22,9:30:05.611317186,T,299.82,40,301.04,40,IBM
2025-12-22,9:30:05.611888509,T,299.82,40,301.19,40,IBM
2025-12-22,9:30:05.624032450,T,299.82,40,301.5,80,IBM
2025-12-22,9:30:05.630923873,T,299.82,40,301.5,120,IBM
2025-12-22,9:30:06.726070978,T,299.82,40,301.5,80,IBM
2025-12-22,9:30:12.800110567,T,299.82,40,300.93,40,IBM
2025-12-22,9:30:12.800135566,T,299.21,120,300.93,40,IBM
2025-12-22,9:30:12.800185691,T,299.21,120,301.5,80,IBM
2025-12-22,9:30:12.800190711,T,299.21,120,300.76,40,IBM
2025-12-22,9:30:12.800341102,T,299.87,40,300.76,40,IBM
2025-12-22,9:30:12.800441289,T,299.21,120,300.76,40,IBM
2025-12-22,9:30:12.800521524,T,299.21,120,301.5,80,IBM
2025-12-22,9:30:12.800536538,T,299.21,120,300.93,40,IBM
2025-12-22,9:30:12.829174723,T,299.21,120,301.5,80,IBM
2025-12-22,9:30:27.609490584,T,299.24,40,301.5,80,IBM
2025-12-22,9:30:27.611645647,T,299.43,40,301.5,80,IBM
2025-12-22,9:30:27.698562640,T,299.62,40,301.5,80,IBM
2025-12-22,9:30:30.200398255,T,300.39,40,301.5,80,IBM
2025-12-22,9:30:30.204402830,T,299.62,40,301.5,80,IBM
2025-12-22,9:30:34.269214122,T,300.41,40,301.5,80,IBM
2025-12-22,9:30:46.772689465,T,300.41,80,301.5,80,IBM
2025-12-22,9:30:47.421704502,T,300.41,40,301.5,80,IBM
2025-12-22,9:30:47.422972486,T,300.42,40,301.5,80,IBM
2025-12-22,9:30:47.423393428,T,300.42,80,301.5,80,IBM
2025-12-22,9:30:47.424405936,T,300.58,40,301.5,80,IBM
2025-12-22,9:31:00.182537691,T,300.58,40,301.4,160,IBM
2025-12-22,9:31:00.862325844,T,300.58,80,301.4,160,IBM
2025-12-22,9:31:01.259085373,T,300.58,40,301.4,160,IBM
2025-12-22,9:31:01.517405289,T,300.58,80,301.4,160,IBM
2025-12-22,9:31:01.517425389,T,300.58,40,301.4,160,IBM
2025-12-22,9:31:10.197153004,T,300.58,40,301.07,40,IBM
2025-12-22,9:31:10.197218243,T,300.58,40,301.4,160,IBM
2025-12-22,9:31:10.197278298,T,300.58,40,301.09,40,IBM
2025-12-22,9:31:10.197283255,T,300.58,80,301.09,40,IBM
2025-12-22,9:31:10.197358452,T,300.58,80,301.4,160,IBM
2025-12-22,9:31:10.197528891,T,301.07,40,301.4,160,IBM
2025-12-22,9:31:10.197548968,T,300.58,80,301.4,160,IBM
2025-12-22,9:31:10.197579072,T,300.58,80,301.07,40,IBM
2025-12-22,9:31:10.197684280,T,300.58,80,301.4,160,IBM
2025-12-22,9:31:10.197834607,T,300.8,40,301.4,160,IBM
2025-12-22,9:31:10.197849628,T,300.88,40,301.4,160,IBM
2025-12-22,9:31:10.197944829,T,300.8,40,301.4,160,IBM
2025-12-22,9:31:10.197949894,T,300.8,80,301.4,160,IBM
2025-12-22,9:31:10.198020012,T,300.8,40,301.4,160,IBM
2025-12-22,9:31:10.198110211,T,300.8,40,301.4,200,IBM
2025-12-22,9:31:10.198591419,T,301.07,40,301.4,200,IBM
2025-12-22,9:31:10.198611415,T,300.8,40,301.4,200,IBM
2025-12-22,9:31:10.198626520,T,301.07,40,301.4,200,IBM
2025-12-22,9:31:10.198631546,T,300.8,80,301.4,200,IBM
2025-12-22,9:31:10.198651591,T,300.8,40,301.4,200,IBM
2025-12-22,9:31:10.198651591,T,300.8,40,301.4,280,IBM
2025-12-22,9:31:10.209492393,T,300.8,40,301.4,240,IBM
2025-12-22,9:31:10.209502421,T,300.8,80,301.4,240,IBM
2025-12-22,9:31:10.209923436,T,300.8,80,301.4,280,IBM
2025-12-22,9:31:10.214048184,T,301.06,40,301.4,280,IBM
2025-12-22,9:31:10.214073289,T,300.8,80,301.4,280,IBM
2025-12-22,9:31:10.214098397,T,301.06,40,301.4,280,IBM
2025-12-22,9:31:10.214168437,T,300.8,120,301.4,280,IBM
2025-12-22,9:31:10.214193580,T,300.8,80,301.4,280,IBM
2025-12-22,9:31:10.214198555,T,301.06,40,301.4,280,IBM
2025-12-22,9:31:10.214213568,T,300.8,80,301.4,280,IBM
2025-12-22,9:31:10.214494322,T,300.8,80,301.4,120,IBM
2025-12-22,9:31:10.226547920,T,300.8,80,301.4,40,IBM
2025-12-22,9:31:10.226964027,T,300.8,40,301.4,40,IBM
2025-12-22,9:31:10.292259430,T,300.8,80,301.4,40,IBM
2025-12-22,9:31:11.151554982,T,300.8,120,301.4,40,IBM
2025-12-22,9:31:12.716831255,T,300.8,80,301.4,40,IBM
2025-12-22,9:31:13.880466682,T,300.8,40,301.4,40,IBM
2025-12-22,9:31:13.880491505,T,300.58,40,301.4,40,IBM
2025-12-22,9:31:13.880516594,T,300.58,40,301.11,40,IBM
2025-12-22,9:31:13.880717085,T,300.58,40,300.96,40,IBM
2025-12-22,9:31:13.880962712,T,300.58,40,301.11,40,IBM
2025-12-22,9:31:13.880982701,T,300.58,40,301.46,160,IBM
2025-12-22,9:31:13.881002820,T,300.8,40,301.46,160,IBM
2025-12-22,9:31:13.881403736,T,300.8,40,301.46,200,IBM
2025-12-22,9:31:13.881419121,T,300.58,40,301.46,200,IBM
2025-12-22,9:31:13.881419121,T,300.65,40,301.46,200,IBM
2025-12-22,9:31:13.881423804,T,300.8,40,301.46,200,IBM
2025-12-22,9:31:13.881935044,T,300.8,80,301.46,200,IBM
2025-12-22,9:31:13.881955309,T,300.8,40,301.46,200,IBM
2025-12-22,9:31:13.881955309,T,300.96,40,301.46,200,IBM
2025-12-22,9:31:13.881960044,T,300.8,40,301.46,200,IBM
2025-12-22,9:31:13.881975116,T,300.96,80,301.46,200,IBM
2025-12-22,9:31:13.883253095,T,300.96,40,301.46,200,IBM
2025-12-22,9:31:13.883253095,T,300.8,40,301.46,200,IBM
2025-12-22,9:31:13.901035489,T,300.8,40,301.46,160,IBM
2025-12-22,9:31:13.901040433,T,300.58,40,301.46,160,IBM
2025-12-22,9:31:13.901581724,T,300.58,40,301.46,200,IBM
2025-12-22,9:31:13.931267419,T,300.58,40,301.46,160,IBM
2025-12-22,9:31:13.931818731,T,300.58,40,301.46,200,IBM
2025-12-22,9:31:16.971098879,T,300.58,80,301.46,200,IBM
2025-12-22,9:31:16.971123897,T,300.75,40,301.46,200,IBM
2025-12-22,9:31:16.971143947,T,300.8,80,301.46,200,IBM
2025-12-22,9:31:16.972321762,T,300.8,120,301.46,200,IBM
2025-12-22,9:31:16.976110801,T,300.8,120,301.46,40,IBM
2025-12-22,9:31:17.039205972,T,300.8,80,301.46,40,IBM
2025-12-22,9:31:17.279593251,T,300.8,80,301.5,80,IBM
2025-12-22,9:31:18.888538404,T,301.1,40,301.5,80,IBM
2025-12-22,9:31:20.693079358,T,301.1,80,301.5,80,IBM
2025-12-22,9:31:21.341538033,T,301.1,80,301.5,120,IBM
2025-12-22,9:31:21.431076201,T,301.1,80,301.5,80,IBM
2025-12-22,9:31:28.516899486,T,301.1,80,301.5,40,IBM
2025-12-22,9:31:28.516904699,T,301.1,80,301.66,160,IBM
2025-12-22,9:31:28.516934490,T,301.11,40,301.66,160,IBM
2025-12-22,9:31:28.516954582,T,301.11,80,301.66,160,IBM
2025-12-22,9:31:28.516969595,T,301.18,40,301.66,160,IBM
2025-12-22,9:31:28.517039823,T,301.3,80,301.66,160,IBM
2025-12-22,9:31:28.517651250,T,301.3,80,301.66,200,IBM
2025-12-22,9:31:28.518047217,T,301.3,120,301.66,200,IBM
2025-12-22,9:31:28.519781270,T,301.3,120,301.66,40,IBM
2025-12-22,9:31:28.527755229,T,301.3,120,301.96,200,IBM
2025-12-22,9:31:28.533228268,T,301.3,120,301.96,240,IBM
2025-12-22,9:31:28.539874089,T,301.3,120,301.96,320,IBM
2025-12-22,9:31:29.517987661,T,301.3,160,301.96,320,IBM
2025-12-22,9:31:29.570582828,T,301.3,120,301.96,320,IBM
2025-12-22,9:31:30.140840321,T,301.3,120,301.96,280,IBM
2025-12-22,9:31:30.140850494,T,301.3,120,301.88,80,IBM
2025-12-22,9:31:30.145792109,T,301.3,80,301.88,80,IBM
2025-12-22,9:31:30.145792109,T,301.3,40,301.88,80,IBM
2025-12-22,9:31:30.145827187,T,301.1,40,301.88,80,IBM
2025-12-22,9:31:30.145857469,T,301.1,40,301.8,40,IBM
2025-12-22,9:31:30.145857469,T,301.1,40,301.66,40,IBM
2025-12-22,9:31:30.145872379,T,301.1,40,301.65,40,IBM
2025-12-22,9:31:30.245890408,T,301.1,40,301.8,40,IBM
2025-12-22,9:31:31.146529519,T,300.9,40,301.8,40,IBM
2025-12-22,9:31:31.146539547,T,300.73,160,301.8,40,IBM
2025-12-22,9:31:31.146564636,T,300.73,160,301.48,40,IBM
2025-12-22,9:31:31.146840265,T,300.73,160,301.29,40,IBM
2025-12-22,9:31:31.147612164,T,300.73,160,301.48,80,IBM
2025-12-22,9:31:31.148007990,T,300.73,160,301.48,40,IBM
2025-12-22,9:31:31.148048145,T,300.8,40,301.48,40,IBM
2025-12-22,9:31:31.149381278,T,300.73,160,301.48,40,IBM
2025-12-22,9:31:31.149406346,T,300.73,160,301.47,40,IBM
2025-12-22,9:31:31.149421415,T,300.73,160,301.41,40,IBM
2025-12-22,9:31:31.149476500,T,300.73,160,301.46,40,IBM
2025-12-22,9:31:31.249439501,T,300.73,160,301.57,40,IBM
2025-12-22,9:31:33.175464481,T,300.73,160,301.38,40,IBM
2025-12-22,9:31:33.175890534,T,300.73,160,301.38,80,IBM
2025-12-22,9:31:34.510758324,T,300.73,200,301.38,80,IBM
2025-12-22,9:31:34.908710593,T,300.73,200,301.38,40,IBM
2025-12-22,9:31:35.759019823,T,300.73,160,301.38,40,IBM
2025-12-22,9:31:36.154897193,T,300.92,40,301.38,40,IBM
2025-12-22,9:31:39.706883138,T,300.73,160,301.38,40,IBM
2025-12-22,9:31:39.706903185,T,300.73,160,301.38,80,IBM
2025-12-22,9:31:39.706908138,T,300.73,160,301.29,40,IBM
2025-12-22,9:31:39.706933206,T,300.73,160,301.16,80,IBM
2025-12-22,9:31:39.711318662,T,300.73,160,301.16,120,IBM
2025-12-22,9:31:39.715348206,T,300.6,40,301.16,120,IBM
2025-12-22,9:31:40.157681305,T,300.6,40,301.15,40,IBM
2025-12-22,9:31:40.302701541,T,300.6,40,301.15,80,IBM
2025-12-22,9:31:40.303343039,T,300.6,40,301.15,40,IBM
2025-12-22,9:31:42.058787121,T,300.54,160,301.15,40,IBM
2025-12-22,9:31:42.063252738,T,300.64,40,301.15,40,IBM
2025-12-22,9:31:44.705232002,T,300.73,40,301.15,40,IBM
2025-12-22,9:31:48.125243472,T,300.73,80,301.15,40,IBM
2025-12-22,9:31:48.127087925,T,300.73,120,301.15,40,IBM
2025-12-22,9:31:48.178390001,T,300.73,80,301.15,40,IBM
2025-12-22,9:31:52.054662640,T,300.73,40,301.15,40,IBM
2025-12-22,9:31:52.148305762,T,300.73,40,301.17,40,IBM
2025-12-22,9:31:52.148350598,T,300.74,40,301.17,40,IBM
2025-12-22,9:31:52.148350598,T,300.81,40,301.17,40,IBM
2025-12-22,9:31:52.148465884,T,300.94,80,301.17,40,IBM
2025-12-22,9:31:52.148696432,T,300.94,80,301.58,160,IBM
2025-12-22,9:31:52.148896925,T,300.94,80,301.17,40,IBM
2025-12-22,9:31:52.148916972,T,300.94,40,301.17,40,IBM
2025-12-22,9:31:52.148921955,T,300.94,40,301.58,160,IBM
2025-12-22,9:31:52.149518388,T,300.94,80,301.58,160,IBM
2025-12-22,9:31:52.149934446,T,301.05,40,301.58,160,IBM
2025-12-22,9:31:52.212177540,T,300.94,120,301.58,160,IBM
2025-12-22,9:31:52.212177540,T,300.94,80,301.58,160,IBM
2025-12-22,9:31:52.212202648,T,300.94,80,301.48,40,IBM
2025-12-22,9:31:52.213400481,T,300.94,80,301.57,40,IBM
2025-12-22,9:31:52.216673339,T,300.94,80,301.58,160,IBM
2025-12-22,9:31:54.559470550,T,300.94,120,301.58,160,IBM
2025-12-22,9:31:55.661910036,T,300.94,80,301.58,160,IBM
2025-12-22,9:31:57.139718057,T,300.94,80,301.2,40,IBM
2025-12-22,9:32:00.382553033,T,300.94,40,301.2,40,IBM
2025-12-22,9:32:00.382558008,T,300.73,40,301.2,40,IBM
2025-12-22,9:32:00.382577998,T,300.73,40,301.06,40,IBM
2025-12-22,9:32:00.382988981,T,300.73,80,301.06,40,IBM
2025-12-22,9:32:00.382999045,T,300.73,80,301.06,80,IBM
2025-12-22,9:32:00.391399035,T,300.73,80,301.06,40,IBM
2025-12-22,9:32:00.600165978,T,300.73,40,301.06,40,IBM
2025-12-22,9:32:04.333864241,T,300.73,80,301.06,40,IBM
2025-12-22,9:32:05.707243724,T,300.73,120,301.06,40,IBM
2025-12-22,9:32:05.707308878,T,300.81,80,301.06,40,IBM
2025-12-22,9:32:05.708481697,T,300.81,120,301.06,40,IBM
2025-12-22,9:32:09.212733697,T,300.81,120,301.06,160,IBM
2025-12-22,9:32:11.613754465,T,300.81,120,301.06,120,IBM
2025-12-22,9:32:11.613754465,T,300.81,120,301.06,40,IBM
2025-12-22,9:32:11.613774608,T,300.81,40,301.06,40,IBM
2025-12-22,9:32:11.613809675,T,300.81,80,301.06,40,IBM
2025-12-22,9:32:11.614145476,T,300.81,40,301.06,40,IBM
2025-12-22,9:32:11.614235634,T,300.81,40,301.03,40,IBM
2025-12-22,9:32:11.614656657,T,300.81,40,301.03,80,IBM
2025-12-22,9:32:12.033714276,T,300.73,40,301.03,80,IBM
2025-12-22,9:32:12.033734619,T,300.73,40,301.03,40,IBM
2025-12-22,9:32:12.033734619,T,300.73,40,300.92,40,IBM
2025-12-22,9:32:12.033759424,T,300.73,40,300.81,40,IBM
2025-12-22,9:32:12.034045058,T,300.71,80,300.81,40,IBM
2025-12-22,9:32:12.034065197,T,300.71,80,300.92,40,IBM
2025-12-22,9:32:12.034065197,T,300.71,40,300.92,40,IBM
2025-12-22,9:32:12.034070165,T,300.5,160,300.92,40,IBM
2025-12-22,9:32:12.034090218,T,300.5,160,300.74,40,IBM
2025-12-22,9:32:12.034100263,T,300.5,160,300.92,40,IBM
2025-12-22,9:32:12.034120228,T,300.5,160,301.03,40,IBM
2025-12-22,9:32:12.034125322,T,300.5,160,300.74,40,IBM
2025-12-22,9:32:12.034536263,T,300.5,160,301.06,40,IBM
2025-12-22,9:32:12.034556244,T,300.5,160,300.71,40,IBM
2025-12-22,9:32:12.035107615,T,300.5,160,300.71,80,IBM
2025-12-22,9:32:12.036691335,T,300.34,40,300.71,80,IBM
2025-12-22,9:32:12.072987794,T,300.34,40,300.71,40,IBM
2025-12-22,9:32:12.072987794,T,300.34,40,301.06,40,IBM
2025-12-22,9:32:12.073017844,T,300.44,40,301.06,40,IBM
2025-12-22,9:32:12.073078028,T,300.44,40,301.03,40,IBM
2025-12-22,9:32:12.073373680,T,300.44,40,300.72,40,IBM
2025-12-22,9:32:12.073393788,T,300.44,40,301.03,40,IBM
2025-12-22,9:32:12.073398760,T,300.34,40,301.03,40,IBM
2025-12-22,9:32:12.073839858,T,300.34,40,301.03,80,IBM
2025-12-22,9:32:12.137290833,T,300.34,40,301.03,120,IBM
2025-12-22,9:32:12.139145251,T,300.51,160,301.03,120,IBM
2025-12-22,9:32:12.192697722,T,300.51,160,301.03,80,IBM
2025-12-22,9:32:12.306754325,T,300.51,160,301.03,40,IBM
2025-12-22,9:32:14.579740328,T,300.51,160,301.03,80,IBM
2025-12-22,9:32:14.579740328,T,300.51,160,301.02,40,IBM
2025-12-22,9:32:14.580031079,T,300.34,40,301.02,40,IBM
2025-12-22,9:32:14.581439392,T,300.34,40,301.02,80,IBM
2025-12-22,9:32:14.584486653,T,300.34,40,300.88,40,IBM
2025-12-22,9:32:14.601522234,T,300.34,40,300.88,80,IBM
2025-12-22,9:32:16.303273285,T,300.34,40,300.88,120,IBM
2025-12-22,9:32:16.556080159,T,300.34,40,300.88,80,IBM
2025-12-22,9:32:17.032574486,T,300.53,40,300.88,80,IBM
2025-12-22,9:32:17.032589463,T,300.53,40,300.88,40,IBM
2025-12-22,9:32:22.660452067,T,300.53,40,300.88,80,IBM
2025-12-22,9:32:23.171002494,T,300.34,40,300.88,80,IBM
2025-12-22,9:32:23.171032480,T,300.34,40,300.88,120,IBM
2025-12-22,9:32:23.171032480,T,300.34,40,300.81,40,IBM
2025-12-22,9:32:23.172400811,T,300.34,40,300.87,40,IBM
2025-12-22,9:32:23.260375247,T,300.34,40,300.71,40,IBM
2025-12-22,9:32:23.260801230,T,300.34,40,300.71,80,IBM
2025-12-22,9:32:26.244433966,T,300.31,160,300.71,80,IBM
2025-12-22,9:32:26.244674546,T,300.24,40,300.71,80,IBM
2025-12-22,9:32:26.244714566,T,300.24,40,300.71,40,IBM
2025-12-22,9:32:26.245065463,T,300.24,40,300.62,40,IBM
2025-12-22,9:32:26.245070415,T,300.14,160,300.62,40,IBM
2025-12-22,9:32:26.245095499,T,300.14,160,300.48,40,IBM
2025-12-22,9:32:26.245837335,T,300.14,160,300.48,80,IBM
2025-12-22,9:32:26.246097955,T,300.14,160,300.48,120,IBM
2025-12-22,9:32:26.306075698,T,300.14,160,300.34,40,IBM
2025-12-22,9:32:26.306165908,T,299.77,40,300.34,40,IBM
2025-12-22,9:32:26.306511690,T,299.77,40,300.34,80,IBM
2025-12-22,9:32:26.306521769,T,299.77,40,300.34,40,IBM
2025-12-22,9:32:26.306927673,T,299.77,40,300.34,80,IBM
2025-12-22,9:32:26.345895485,T,299.77,40,300.33,40,IBM
2025-12-22,9:32:26.346035796,T,299.84,200,300.33,40,IBM
2025-12-22,9:32:26.346065912,T,299.84,240,300.33,40,IBM
2025-12-22,9:32:26.346116018,T,299.84,240,300.33,80,IBM
2025-12-22,9:32:26.349900043,T,299.84,240,300.33,40,IBM
2025-12-22,9:32:26.350300995,T,299.84,240,300.33,80,IBM
2025-12-22,9:32:26.369646976,T,299.84,200,300.33,80,IBM
2025-12-22,9:32:26.377696153,T,299.84,200,300.29,40,IBM
2025-12-22,9:32:26.377921678,T,299.84,200,300.29,80,IBM
2025-12-22,9:32:26.378097193,T,299.84,200,300.29,40,IBM
2025-12-22,9:32:26.378578370,T,299.84,200,300.29,80,IBM
2025-12-22,9:32:26.500513658,T,299.84,200,300.29,40,IBM
2025-12-22,9:32:27.382463082,T,299.77,40,300.29,40,IBM
2025-12-22,9:32:28.170303526,T,300.1,40,300.29,40,IBM
2025-12-22,9:32:30.052514184,T,300.1,120,300.29,40,IBM
2025-12-22,9:32:30.053391254,T,300.1,40,300.29,40,IBM
2025-12-22,9:32:30.054163118,T,300.13,40,300.29,40,IBM
2025-12-22,9:32:32.303407586,T,300.13,80,300.29,40,IBM
2025-12-22,9:32:32.303452662,T,300.13,80,300.88,40,IBM
2025-12-22,9:32:32.303477807,T,300.13,120,300.88,40,IBM
2025-12-22,9:32:32.304881098,T,300.21,40,300.88,40,IBM
2025-12-22,9:32:32.692153096,T,300.21,120,300.88,40,IBM
2025-12-22,9:32:32.745089036,T,300.21,80,300.88,40,IBM
2025-12-22,9:32:32.745089036,T,300.21,40,300.88,40,IBM
2025-12-22,9:32:32.745094054,T,300.13,40,300.88,40,IBM
2025-12-22,9:32:32.745114076,T,300.13,40,300.22,80,IBM
2025-12-22,9:32:32.745184333,T,300.13,200,300.22,80,IBM
2025-12-22,9:32:32.745224368,T,300.13,200,300.88,40,IBM
2025-12-22,9:32:32.745404830,T,300.13,200,300.71,160,IBM
2025-12-22,9:32:32.745474928,T,300.13,200,300.48,40,IBM
2025-12-22,9:32:32.745540172,T,300.13,200,300.22,40,IBM
2025-12-22,9:32:32.745570198,T,300.13,200,300.71,160,IBM
2025-12-22,9:32:32.745590214,T,300.13,40,300.71,160,IBM
2025-12-22,9:32:32.745615291,T,300.21,160,300.71,160,IBM
2025-12-22,9:32:32.745635325,T,300.22,160,300.71,160,IBM
2025-12-22,9:32:32.745895930,T,300.22,160,300.48,40,IBM
2025-12-22,9:32:32.745976157,T,300.22,120,300.48,40,IBM
2025-12-22,9:32:32.745996225,T,300.13,40,300.48,40,IBM
2025-12-22,9:32:32.746021226,T,300.13,40,300.29,40,IBM
2025-12-22,9:32:32.746031333,T,300.13,40,300.48,40,IBM
2025-12-22,9:32:32.746031333,T,300.13,40,300.71,160,IBM
2025-12-22,9:32:32.746046310,T,300.13,40,300.48,40,IBM
2025-12-22,9:32:32.746061320,T,300.13,40,300.71,160,IBM
2025-12-22,9:32:32.746246766,T,300.13,40,300.29,40,IBM
2025-12-22,9:32:32.746442294,T,300.13,40,300.29,80,IBM
2025-12-22,9:32:32.859832211,T,300.13,40,300.29,40,IBM
2025-12-22,9:32:32.860047775,T,300.13,40,300.71,160,IBM
2025-12-22,9:32:33.486950168,T,299.87,40,300.71,160,IBM
2025-12-22,9:32:33.486965185,T,299.81,200,300.71,160,IBM
2025-12-22,9:32:33.486990211,T,299.81,200,300.71,200,IBM
2025-12-22,9:32:33.487010244,T,299.81,200,300.71,160,IBM
2025-12-22,9:32:33.584697787,T,299.81,200,300.71,200,IBM
2025-12-22,9:32:33.588982979,T,299.81,200,300.7,40,IBM
2025-12-22,9:32:33.593162977,T,299.81,200,300.71,160,IBM
2025-12-22,9:32:33.662167510,T,299.81,200,300.7,40,IBM
2025-12-22,9:32:33.662237417,T,299.81,200,300.71,160,IBM
2025-12-22,9:32:33.662247596,T,299.81,200,300.71,200,IBM
2025-12-22,9:32:33.662257627,T,299.81,200,300.71,160,IBM
2025-12-22,9:32:33.662262515,T,299.87,40,300.71,160,IBM
2025-12-22,9:32:33.662302527,T,299.81,240,300.71,160,IBM
2025-12-22,9:32:33.662302527,T,299.81,200,300.71,160,IBM
2025-12-22,9:32:33.662437869,T,299.87,40,300.71,160,IBM
2025-12-22,9:32:33.662498009,T,299.81,240,300.71,160,IBM
2025-12-22,9:32:33.662503044,T,299.81,200,300.71,160,IBM
2025-12-22,9:32:33.662743622,T,300.0,40,300.71,160,IBM
2025-12-22,9:32:33.662828831,T,299.81,200,300.71,160,IBM
2025-12-22,9:32:33.663044382,T,299.81,200,300.17,40,IBM
2025-12-22,9:32:33.663079793,T,299.81,200,300.13,40,IBM
2025-12-22,9:32:33.663099501,T,299.81,200,300.17,40,IBM
2025-12-22,9:32:33.663390196,T,299.81,200,300.56,40,IBM
2025-12-22,9:32:33.663405203,T,299.81,200,300.7,40,IBM
2025-12-22,9:32:33.663430263,T,299.87,40,300.7,40,IBM
2025-12-22,9:32:33.663465371,T,299.87,40,300.17,40,IBM
2025-12-22,9:32:33.663515446,T,299.81,200,300.17,40,IBM
2025-12-22,9:32:33.663735995,T,299.81,200,300.17,80,IBM
2025-12-22,9:32:33.664482771,T,299.77,40,300.17,80,IBM
2025-12-22,9:32:33.716346277,T,299.77,40,300.17,40,IBM
2025-12-22,9:32:33.716767277,T,299.77,40,300.17,80,IBM
2025-12-22,9:32:34.358113923,T,299.77,40,300.17,40,IBM
2025-12-22,9:32:34.748302836,T,299.64,160,300.17,40,IBM
2025-12-22,9:32:35.681780087,T,299.64,160,300.51,80,IBM
2025-12-22,9:32:39.155098405,T,299.64,160,300.48,40,IBM
2025-12-22,9:32:39.155359087,T,299.24,40,300.48,40,IBM
2025-12-22,9:32:39.155369013,T,299.48,200,300.48,40,IBM
2025-12-22,9:32:39.156782420,T,299.48,200,300.51,80,IBM
2025-12-22,9:32:39.163769016,T,299.48,200,300.02,40,IBM
2025-12-22,9:32:39.164195133,T,299.48,200,300.02,80,IBM
2025-12-22,9:32:39.164210125,T,299.48,200,300.02,40,IBM
2025-12-22,9:32:41.479932772,T,299.5,80,300.02,40,IBM
2025-12-22,9:32:41.510836369,T,299.5,160,300.02,40,IBM
2025-12-22,9:32:41.981682193,T,299.5,160,300.23,40,IBM
2025-12-22,9:32:41.982073136,T,299.75,40,300.23,40,IBM
2025-12-22,9:32:41.983396326,T,299.75,80,300.23,40,IBM
2025-12-22,9:32:42.896720534,T,299.75,40,300.23,40,IBM
2025-12-22,9:32:49.008404858,T,299.75,40,300.52,160,IBM
2025-12-22,9:32:49.008860871,T,299.75,40,300.11,80,IBM
2025-12-22,9:32:50.522283694,T,299.75,80,300.11,80,IBM
2025-12-22,9:32:50.573240144,T,299.75,40,300.11,80,IBM
2025-12-22,9:32:51.371805986,T,299.5,160,300.11,80,IBM
2025-12-22,9:32:51.374091390,T,299.55,40,300.11,80,IBM
2025-12-22,9:32:51.474049403,T,299.5,160,300.11,80,IBM
2025-12-22,9:32:56.166279552,T,299.5,120,300.11,80,IBM
2025-12-22,9:32:57.600754438,T,299.65,40,300.11,80,IBM
2025-12-22,9:32:57.600889808,T,299.5,120,300.11,80,IBM
2025-12-22,9:32:59.588626726,T,299.5,120,300.34,160,IBM
2025-12-22,9:32:59.588952486,T,299.5,120,300.05,40,IBM
2025-12-22,9:32:59.595558185,T,299.5,80,300.05,40,IBM
2025-12-22,9:32:59.607897563,T,299.48,200,300.05,40,IBM
2025-12-22,9:33:02.911291767,T,299.24,40,300.05,40,IBM
2025-12-22,9:33:02.911296700,T,299.28,160,300.05,40,IBM
2025-12-22,9:33:02.986701340,T,299.75,40,300.05,40,IBM
2025-12-22,9:33:07.560910337,T,299.75,40,300.34,160,IBM
2025-12-22,9:33:07.561561810,T,299.75,40,300.11,80,IBM
2025-12-22,9:33:12.934382521,T,299.28,160,300.11,80,IBM
2025-12-22,9:33:12.934407222,T,299.28,160,299.93,40,IBM
2025-12-22,9:33:13.031909423,T,299.28,160,300.05,120,IBM
2025-12-22,9:33:13.299982505,T,299.48,40,300.05,120,IBM
2025-12-22,9:33:14.943625284,T,299.65,40,300.05,120,IBM
2025-12-22,9:33:14.993143108,T,299.65,80,300.05,120,IBM
2025-12-22,9:33:14.993178503,T,299.71,40,300.05,120,IBM
2025-12-22,9:33:14.993183182,T,299.72,40,300.05,120,IBM
2025-12-22,9:33:14.993815067,T,299.65,80,300.05,120,IBM
2025-12-22,9:33:14.993834764,T,299.65,80,300.04,40,IBM
2025-12-22,9:33:14.993839793,T,299.65,80,299.93,40,IBM
2025-12-22,9:33:14.993859887,T,299.65,80,299.93,80,IBM
2025-12-22,9:33:14.994260855,T,299.65,80,299.93,120,IBM
2025-12-22,9:33:14.998100001,T,299.65,80,299.9,80,IBM
2025-12-22,9:33:14.998129967,T,299.65,80,299.9,120,IBM
2025-12-22,9:33:15.013441437,T,299.65,40,299.9,120,IBM
2025-12-22,9:33:15.013872438,T,299.65,40,299.9,160,IBM
2025-12-22,9:33:15.026813335,T,299.65,40,299.9,80,IBM
2025-12-22,9:33:18.710096489,T,299.5,40,299.9,80,IBM
2025-12-22,9:33:22.682247581,T,299.5,40,299.9,120,IBM
2025-12-22,9:33:24.724028134,T,299.5,40,299.9,80,IBM
2025-12-22,9:33:24.724068182,T,299.65,80,299.9,80,IBM
2025-12-22,9:33:25.408186826,T,299.65,80,299.9,40,IBM
2025-12-22,9:33:25.408186826,T,299.65,80,300.19,200,IBM
2025-12-22,9:33:25.408186826,T,299.76,40,300.19,200,IBM
2025-12-22,9:33:25.408186826,T,299.76,40,299.9,40,IBM
2025-12-22,9:33:25.408201879,T,299.76,40,300.19,200,IBM
2025-12-22,9:33:25.408206831,T,299.76,40,299.9,40,IBM
2025-12-22,9:33:25.408231953,T,299.65,80,299.9,40,IBM
2025-12-22,9:33:25.408242092,T,299.65,80,300.19,200,IBM
2025-12-22,9:33:25.408252163,T,299.76,80,300.19,200,IBM
2025-12-22,9:33:25.408252163,T,299.76,80,299.9,40,IBM
2025-12-22,9:33:25.408256964,T,299.76,80,300.19,200,IBM
2025-12-22,9:33:25.408387296,T,299.83,80,300.19,200,IBM
2025-12-22,9:33:25.408622848,T,299.83,80,299.9,40,IBM
2025-12-22,9:33:25.408642825,T,299.83,80,300.19,200,IBM
2025-12-22,9:33:25.408642825,T,299.83,40,300.19,200,IBM
2025-12-22,9:33:25.409469872,T,299.83,80,300.19,200,IBM
2025-12-22,9:33:25.409575143,T,299.83,80,300.59,40,IBM
2025-12-22,9:33:25.409580075,T,299.83,80,300.35,160,IBM
2025-12-22,9:33:25.410672707,T,299.83,120,300.35,160,IBM
2025-12-22,9:33:25.411449567,T,299.83,40,300.35,160,IBM
2025-12-22,9:33:25.411920657,T,299.83,80,300.35,160,IBM
2025-12-22,9:33:25.417894845,T,299.83,40,300.35,160,IBM
2025-12-22,9:33:27.115090183,T,299.83,80,300.35,160,IBM
2025-12-22,9:33:29.576309329,T,299.83,120,300.35,160,IBM
2025-12-22,9:33:30.565639466,T,299.83,80,300.35,160,IBM
2025-12-22,9:33:31.149293881,T,299.65,80,300.35,160,IBM
2025-12-22,9:33:31.149298988,T,299.65,80,300.35,200,IBM
2025-12-22,9:33:31.149404165,T,299.83,80,300.35,200,IBM
2025-12-22,9:33:31.149464349,T,299.83,80,300.35,40,IBM
2025-12-22,9:33:35.333228920,T,299.83,40,300.35,40,IBM
2025-12-22,9:33:36.470070234,T,299.65,80,300.35,40,IBM
2025-12-22,9:33:38.461611293,T,299.65,80,300.18,40,IBM
2025-12-22,9:33:38.461781688,T,299.65,40,300.18,40,IBM
2025-12-22,9:33:38.461852076,T,299.65,40,300.35,40,IBM
2025-12-22,9:33:38.461852076,T,299.65,40,300.02,40,IBM
2025-12-22,9:33:38.462062368,T,299.65,40,300.01,40,IBM
2025-12-22,9:33:38.462207675,T,299.49,200,300.01,40,IBM
2025-12-22,9:33:38.462613672,T,299.49,200,300.01,80,IBM
2025-12-22,9:33:38.468973859,T,299.65,40,300.01,80,IBM
2025-12-22,9:33:38.515063531,T,299.49,160,300.01,80,IBM
2025-12-22,9:33:38.515679954,T,299.38,40,300.01,80,IBM
2025-12-22,9:33:38.519464047,T,299.36,40,300.01,80,IBM
2025-12-22,9:33:38.544398402,T,299.36,40,299.93,40,IBM
2025-12-22,9:33:38.568245151,T,299.29,200,299.93,40,IBM
2025-12-22,9:33:38.568666195,T,299.29,200,299.93,80,IBM
2025-12-22,9:33:38.577201438,T,299.29,160,299.93,80,IBM
2025-12-22,9:33:39.508543570,T,299.29,160,299.93,40,IBM
2025-12-22,9:33:47.224592086,T,299.29,160,299.93,80,IBM
2025-12-22,9:33:51.836275436,T,299.29,160,299.93,40,IBM
2025-12-22,9:33:52.841227779,T,299.29,160,299.93,80,IBM
2025-12-22,9:33:59.723491364,T,299.29,160,299.93,40,IBM
2025-12-22,9:33:59.732217138,T,299.29,200,299.93,40,IBM
2025-12-22,9:33:59.823619669,T,299.29,160,299.93,40,IBM
2025-12-22,9:34:01.647105664,T,299.29,160,300.05,80,IBM
2025-12-22,9:34:01.649025280,T,299.47,40,300.05,80,IBM
2025-12-22,9:34:01.649230711,T,299.65,40,300.05,80,IBM
2025-12-22,9:34:01.649421231,T,299.67,40,300.05,80,IBM
2025-12-22,9:34:01.832752667,T,299.67,40,300.05,120,IBM
2025-12-22,9:34:01.833178613,T,299.67,80,300.05,120,IBM
2025-12-22,9:34:02.603978564,T,299.67,40,300.05,120,IBM
2025-12-22,9:34:02.632902352,T,299.78,40,300.05,120,IBM
2025-12-22,9:34:04.381359739,T,299.78,80,300.05,120,IBM
2025-12-22,9:34:04.381464942,T,299.78,80,300.05,80,IBM
2025-12-22,9:34:04.381485021,T,299.78,80,300.05,40,IBM
2025-12-22,9:34:04.381495048,T,299.78,80,300.05,120,IBM
2025-12-22,9:34:04.381525083,T,299.78,80,300.05,80,IBM
2025-12-22,9:34:04.382181691,T,299.78,80,300.05,40,IBM
2025-12-22,9:34:04.382181691,T,299.78,80,300.39,160,IBM
2025-12-22,9:34:04.382201753,T,299.86,40,300.39,160,IBM
2025-12-22,9:34:04.382622669,T,299.86,40,300.39,200,IBM
2025-12-22,9:34:04.389784763,T,299.78,80,300.39,200,IBM
2025-12-22,9:34:04.390000258,T,299.78,80,300.38,80,IBM
2025-12-22,9:34:04.400024110,T,299.78,80,300.39,200,IBM
2025-12-22,9:34:04.400440095,T,299.78,80,300.39,160,IBM
2025-12-22,9:34:04.401938653,T,299.78,80,300.39,200,IBM
2025-12-22,9:34:05.108154828,T,299.78,40,300.39,200,IBM
2025-12-22,9:34:05.108250116,T,299.88,40,300.39,200,IBM
2025-12-22,9:34:05.385455035,T,299.78,40,300.39,200,IBM
2025-12-22,9:34:05.385495024,T,299.78,40,300.38,80,IBM
2025-12-22,9:34:05.386572646,T,299.78,40,300.38,120,IBM
2025-12-22,9:34:05.395508988,T,299.78,40,300.38,40,IBM
2025-12-22,9:34:05.877180549,T,299.78,80,300.38,40,IBM
2025-12-22,9:34:06.641124186,T,299.78,40,300.38,40,IBM
2025-12-22,9:34:13.978842180,T,299.78,40,300.38,80,IBM
2025-12-22,9:34:14.693082440,T,299.78,40,300.19,40,IBM
2025-12-22,9:34:14.913161339,T,299.78,40,300.19,80,IBM
2025-12-22,9:34:14.913191341,T,299.78,40,300.18,40,IBM
2025-12-22,9:34:14.930447489,T,299.67,40,300.18,40,IBM
2025-12-22,9:34:15.163988323,T,299.67,40,300.18,80,IBM
2025-12-22,9:34:15.163988323,T,299.67,40,300.18,40,IBM
2025-12-22,9:34:15.164043539,T,299.67,40,300.17,40,IBM
2025-12-22,9:34:15.552307961,T,299.67,40,300.18,40,IBM
2025-12-22,9:34:15.552533464,T,299.67,40,300.19,40,IBM
2025-12-22,9:34:17.077107667,T,299.67,40,300.19,80,IBM
2025-12-22,9:34:17.077428425,T,299.67,40,300.18,40,IBM
2025-12-22,9:34:17.377322385,T,299.67,40,300.19,80,IBM
2025-12-22,9:34:17.377743368,T,299.67,40,300.19,40,IBM
2025-12-22,9:34:17.988141352,T,299.67,40,300.19,80,IBM
2025-12-22,9:34:19.525471008,T,299.67,40,300.19,40,IBM
2025-12-22,9:34:19.528743799,T,299.67,40,300.18,40,IBM
2025-12-22,9:34:19.536316907,T,299.67,40,300.39,160,IBM
2025-12-22,9:34:19.536407082,T,299.67,40,300.19,40,IBM
2025-12-22,9:34:19.536637605,T,299.67,40,300.18,40,IBM
2025-12-22,9:34:19.537294208,T,299.67,40,300.39,160,IBM
2025-12-22,9:34:19.537319202,T,299.98,40,300.39,160,IBM
2025-12-22,9:34:19.537740279,T,299.98,40,300.39,200,IBM
2025-12-22,9:34:19.542175818,T,299.98,40,300.39,40,IBM
2025-12-22,9:34:22.213495202,T,299.98,40,300.42,80,IBM
2025-12-22,9:34:22.600536549,T,299.98,40,300.42,120,IBM
2025-12-22,9:34:22.735412623,T,299.98,40,300.38,40,IBM
2025-12-22,9:34:22.735432776,T,299.67,40,300.38,40,IBM
2025-12-22,9:34:22.735482955,T,299.67,40,300.42,120,IBM
2025-12-22,9:34:22.735482955,T,299.67,40,300.25,40,IBM
2025-12-22,9:34:22.832358457,T,299.67,40,300.42,80,IBM
2025-12-22,9:34:22.832744452,T,299.67,40,300.25,40,IBM
2025-12-22,9:34:23.344873507,T,299.67,40,300.42,80,IBM
2025-12-22,9:34:23.345504908,T,299.67,40,300.42,120,IBM
2025-12-22,9:34:23.448755729,T,299.67,40,300.25,40,IBM
2025-12-22,9:34:23.450249390,T,299.67,40,300.25,80,IBM
2025-12-22,9:34:23.531938812,T,299.67,40,300.25,120,IBM
2025-12-22,9:34:23.556637594,T,299.67,40,300.25,80,IBM
2025-12-22,9:34:23.733654055,T,299.67,40,300.25,40,IBM
2025-12-22,9:34:25.173847210,T,299.67,40,300.42,80,IBM
2025-12-22,9:34:25.175596419,T,299.67,40,300.48,160,IBM
2025-12-22,9:34:25.176017382,T,299.67,40,300.48,200,IBM
2025-12-22,9:34:33.136878645,T,299.67,40,300.48,240,IBM
2025-12-22,9:34:33.143514436,T,299.67,40,300.46,80,IBM
2025-12-22,9:34:33.144591982,T,299.67,40,300.46,120,IBM
2025-12-22,9:34:33.153533277,T,299.67,40,300.46,40,IBM
2025-12-22,9:34:33.559394497,T,299.67,40,300.25,40,IBM
2025-12-22,9:34:34.745081995,T,299.67,40,300.48,160,IBM
2025-12-22,9:34:34.745578235,T,299.67,40,300.48,200,IBM
2025-12-22,9:34:35.119789144,T,299.67,40,300.48,160,IBM
2025-12-22,9:34:38.827385169,T,299.67,40,300.25,40,IBM
2025-12-22,9:34:38.827806119,T,299.67,40,300.25,80,IBM
2025-12-22,9:34:41.674813688,T,299.67,40,300.25,40,IBM
2025-12-22,9:34:44.710064174,T,299.67,40,300.23,80,IBM
2025-12-22,9:34:48.781681955,T,299.67,40,300.25,40,IBM
2025-12-22,9:34:48.782158112,T,299.67,40,300.05,80,IBM
2025-12-22,9:34:50.469109098,T,299.8,40,300.05,80,IBM
2025-12-22,9:34:55.031645301,T,299.8,80,300.05,80,IBM
2025-12-22,9:34:55.037599401,T,299.8,80,300.25,40,IBM
2025-12-22,9:34:55.037609483,T,299.8,80,300.05,40,IBM
2025-12-22,9:34:55.037614459,T,299.8,80,300.25,40,IBM
2025-12-22,9:34:55.037624467,T,299.9,40,300.25,40,IBM
2025-12-22,9:34:55.037644591,T,299.8,80,300.25,40,IBM
2025-12-22,9:34:55.037744854,T,299.8,80,300.05,40,IBM
2025-12-22,9:34:55.037769820,T,299.8,80,300.25,40,IBM
2025-12-22,9:34:55.037789905,T,299.88,40,300.25,40,IBM
2025-12-22,9:34:55.038236026,T,299.88,40,300.25,80,IBM
2025-12-22,9:34:55.038366315,T,299.88,40,300.25,40,IBM
2025-12-22,9:34:55.042019966,T,299.8,80,300.25,40,IBM
2025-12-22,9:34:55.578005895,T,299.8,80,300.48,160,IBM
2025-12-22,9:34:55.578512136,T,299.8,80,300.48,200,IBM
2025-12-22,9:34:55.578547169,T,299.8,80,300.47,40,IBM
2025-12-22,9:34:55.578587334,T,299.8,80,300.47,120,IBM
2025-12-22,9:34:55.727005553,T,299.8,40,300.47,120,IBM
2025-12-22,9:34:55.897631783,T,299.8,40,300.47,40,IBM
2025-12-22,9:34:55.909981170,T,300.0,40,300.47,40,IBM
2025-12-22,9:34:58.449571798,T,300.0,40,300.64,160,IBM
2025-12-22,9:34:59.210032149,T,300.03,80,300.64,160,IBM
2025-12-22,9:34:59.210453154,T,300.03,120,300.64,160,IBM
2025-12-22,9:34:59.244880096,T,300.03,80,300.64,160,IBM
2025-12-22,9:35:00.284735454,T,300.4,80,300.64,160,IBM
2025-12-22,9:35:00.284760522,T,300.03,80,300.64,160,IBM
2025-12-22,9:35:00.284795602,T,300.03,80,300.52,40,IBM
2025-12-22,9:35:00.285256754,T,300.03,80,300.64,160,IBM
2025-12-22,9:35:00.285597584,T,300.03,80,301.0,40,IBM
2025-12-22,9:35:00.285602566,T,300.03,80,300.8,200,IBM
2025-12-22,9:35:00.374524323,T,300.03,80,300.65,80,IBM
2025-12-22,9:35:00.828620267,T,300.03,80,300.8,200,IBM
2025-12-22,9:35:00.881305801,T,300.25,40,300.8,200,IBM
2025-12-22,9:35:01.164830679,T,300.03,80,300.8,200,IBM
2025-12-22,9:35:01.164850918,T,300.03,80,300.71,40,IBM
2025-12-22,9:35:01.164860892,T,300.03,80,300.8,200,IBM
2025-12-22,9:35:01.164880842,T,300.03,80,300.8,240,IBM
2025-12-22,9:35:01.164905871,T,300.03,80,300.79,40,IBM
2025-12-22,9:35:01.165276746,T,300.03,80,300.8,200,IBM
2025-12-22,9:35:01.165617603,T,300.03,80,300.5,40,IBM
2025-12-22,9:35:01.166098743,T,299.99,40,300.5,40,IBM
2025-12-22,9:35:01.166795410,T,299.99,40,300.8,200,IBM
2025-12-22,9:35:03.170500313,T,300.12,40,300.8,200,IBM
2025-12-22,9:35:03.170926293,T,300.12,80,300.8,200,IBM
2025-12-22,9:35:03.811852067,T,300.12,40,300.8,200,IBM
2025-12-22,9:35:05.156538144,T,300.33,40,300.8,200,IBM
2025-12-22,9:35:05.433307033,T,300.33,40,301.23,40,IBM
2025-12-22,9:35:05.433317125,T,300.33,40,301.02,160,IBM
2025-12-22,9:35:05.524273577,T,300.33,40,300.85,40,IBM
2025-12-22,9:35:05.578758322,T,300.33,40,300.63,40,IBM
2025-12-22,9:35:05.781295512,T,300.33,40,300.85,40,IBM
2025-12-22,9:35:06.934676137,T,300.12,40,300.85,40,IBM
2025-12-22,9:35:07.191657838,T,300.12,40,301.02,160,IBM
2025-12-22,9:35:09.884613779,T,300.12,40,301.01,40,IBM
2025-12-22,9:35:14.931016922,T,300.38,40,301.01,40,IBM
2025-12-22,9:35:14.931588185,T,300.38,80,301.01,40,IBM
2025-12-22,9:35:14.948423296,T,300.38,80,300.85,40,IBM
2025-12-22,9:35:15.336136420,T,300.38,80,301.01,40,IBM
2025-12-22,9:35:18.835015580,T,300.39,40,301.01,40,IBM
2025-12-22,9:35:18.835015580,T,300.39,80,301.01,40,IBM
2025-12-22,9:35:18.900311076,T,300.4,40,301.01,40,IBM
2025-12-22,9:35:18.900316062,T,300.4,80,301.01,40,IBM
2025-12-22,9:35:19.831583010,T,300.41,40,301.01,40,IBM
2025-12-22,9:35:19.831583010,T,300.41,80,301.01,40,IBM
2025-12-22,9:35:20.762930221,T,300.42,40,301.01,40,IBM
2025-12-22,9:35:20.762930221,T,300.42,80,301.01,40,IBM
2025-12-22,9:35:27.281979663,T,300.43,40,301.01,40,IBM
2025-12-22,9:35:27.281984206,T,300.43,80,301.01,40,IBM
2025-12-22,9:35:31.856013088,T,300.43,80,300.85,40,IBM
2025-12-22,9:35:31.856018127,T,300.43,80,301.01,40,IBM
2025-12-22,9:35:31.856434175,T,300.43,80,300.85,40,IBM
2025-12-22,9:35:31.859160562,T,300.43,80,300.78,40,IBM
2025-12-22,9:35:31.859887708,T,300.43,80,300.78,80,IBM
2025-12-22,9:35:31.880215705,T,300.43,80,300.78,120,IBM
2025-12-22,9:35:31.961564356,T,300.43,80,300.78,80,IBM
2025-12-22,9:35:32.144585096,T,300.43,40,300.78,80,IBM
2025-12-22,9:35:32.144610455,T,300.41,40,300.78,80,IBM
2025-12-22,9:35:32.144610455,T,300.32,40,300.78,80,IBM
2025-12-22,9:35:32.144635320,T,300.32,40,300.78,120,IBM
2025-12-22,9:35:32.144635320,T,300.32,40,300.71,40,IBM
2025-12-22,9:35:32.144660618,T,300.32,40,300.61,40,IBM
2025-12-22,9:35:32.145166449,T,300.12,40,300.61,40,IBM
2025-12-22,9:35:32.145497228,T,300.12,40,300.51,40,IBM
2025-12-22,9:35:32.146825383,T,300.12,40,300.61,80,IBM
2025-12-22,9:35:32.155526097,T,300.12,40,300.61,40,IBM
2025-12-22,9:35:32.156252818,T,300.12,40,300.61,80,IBM
2025-12-22,9:35:32.239200293,T,300.12,40,300.61,40,IBM
2025-12-22,9:35:33.144735978,T,300.12,40,300.6,40,IBM
2025-12-22,9:35:33.145176959,T,300.12,40,300.5,40,IBM
2025-12-22,9:35:33.145597954,T,300.12,40,300.5,80,IBM
2025-12-22,9:35:33.145993932,T,300.12,40,300.5,40,IBM
2025-12-22,9:35:33.210948597,T,299.98,160,300.5,40,IBM
2025-12-22,9:35:34.145388194,T,299.67,40,300.5,40,IBM
2025-12-22,9:35:34.145393141,T,299.77,200,300.5,40,IBM
2025-12-22,9:35:40.175768667,T,299.77,200,300.49,40,IBM
2025-12-22,9:35:40.187336244,T,299.77,200,300.49,80,IBM
2025-12-22,9:35:40.503789574,T,299.77,200,300.49,40,IBM
2025-12-22,9:35:44.575963650,T,299.77,200,300.48,40,IBM
2025-12-22,9:35:44.577346946,T,299.77,200,300.48,80,IBM
2025-12-22,9:35:45.781037535,T,299.77,200,300.48,40,IBM
2025-12-22,9:35:46.223190028,T,299.77,200,300.47,40,IBM
2025-12-22,9:35:46.224097231,T,299.77,200,300.47,80,IBM
2025-12-22,9:35:46.394217133,T,299.77,200,300.47,40,IBM
2025-12-22,9:35:46.778958085,T,299.77,200,300.46,40,IBM
2025-12-22,9:35:46.779058324,T,299.77,200,300.47,40,IBM
2025-12-22,9:35:46.779058324,T,299.77,200,300.24,40,IBM
2025-12-22,9:35:46.781188381,T,299.67,40,300.24,40,IBM
2025-12-22,9:35:46.810598470,T,299.67,40,300.1,40,IBM
2025-12-22,9:35:46.811019414,T,299.67,40,300.1,80,IBM
2025-12-22,9:35:46.811194909,T,299.67,40,300.1,40,IBM
2025-12-22,9:35:46.811470504,T,299.67,40,300.03,40,IBM
2025-12-22,9:35:46.811976669,T,299.67,40,300.02,40,IBM
2025-12-22,9:35:46.812643326,T,299.65,40,300.02,40,IBM
2025-12-22,9:35:46.812658320,T,299.58,40,300.02,40,IBM
2025-12-22,9:35:46.815991229,T,299.58,40,300.03,80,IBM
2025-12-22,9:35:46.816041425,T,299.61,80,300.03,80,IBM
2025-12-22,9:35:46.817600073,T,299.61,80,300.03,40,IBM
2025-12-22,9:35:46.817650221,T,299.65,40,300.03,40,IBM
2025-12-22,9:35:46.817690282,T,299.68,40,300.03,40,IBM
2025-12-22,9:35:46.828736615,T,299.68,40,300.03,80,IBM
2025-12-22,9:35:46.917693394,T,299.65,40,300.03,80,IBM
2025-12-22,9:35:47.778928587,T,299.61,80,300.03,80,IBM
2025-12-22,9:35:47.779174248,T,299.61,80,300.03,40,IBM
2025-12-22,9:35:49.410277121,T,299.61,80,299.9,40,IBM
2025-12-22,9:35:49.410277121,T,299.61,80,299.84,40,IBM
2025-12-22,9:35:49.411144199,T,299.61,80,299.84,80,IBM
2025-12-22,9:35:49.427633404,T,299.36,160,299.84,80,IBM
2025-12-22,9:35:49.427964175,T,299.36,160,299.83,40,IBM
2025-12-22,9:35:49.428044391,T,299.36,160,299.79,40,IBM
2025-12-22,9:35:49.428325084,T,299.36,160,299.68,40,IBM
2025-12-22,9:35:49.432424812,T,299.36,160,299.83,40,IBM
2025-12-22,9:35:49.435447086,T,299.36,160,299.84,40,IBM
2025-12-22,9:35:49.435727738,T,299.36,160,300.02,40,IBM
2025-12-22,9:35:49.435732736,T,299.36,160,299.9,40,IBM
2025-12-22,9:35:49.435762737,T,299.36,160,299.73,40,IBM
2025-12-22,9:35:49.436183803,T,299.36,160,299.73,80,IBM
2025-12-22,9:35:49.438469268,T,299.21,80,299.73,80,IBM
2025-12-22,9:35:49.457098656,T,299.21,80,299.73,40,IBM
2025-12-22,9:35:53.375852480,T,299.21,120,299.73,40,IBM
2025-12-22,9:35:56.110337067,T,299.44,40,299.73,40,IBM
2025-12-22,9:35:56.397946799,T,299.21,120,299.73,40,IBM
2025-12-22,9:36:00.780169176,T,299.45,40,299.73,40,IBM
2025-12-22,9:36:00.780980962,T,299.21,120,299.73,40,IBM
2025-12-22,9:36:00.785160942,T,299.21,80,299.73,40,IBM
2025-12-22,9:36:02.125847631,T,299.21,80,299.74,120,IBM
2025-12-22,9:36:02.125862735,T,299.21,80,299.74,40,IBM
2025-12-22,9:36:02.125867886,T,299.21,120,299.74,40,IBM
2025-12-22,9:36:02.125907783,T,299.21,80,299.74,40,IBM
2025-12-22,9:36:02.125917815,T,299.21,80,300.23,160,IBM
2025-12-22,9:36:02.125932858,T,299.21,80,300.23,200,IBM
2025-12-22,9:36:02.125932858,T,299.21,80,299.74,40,IBM
2025-12-22,9:36:02.125963518,T,299.21,80,300.23,200,IBM
2025-12-22,9:36:02.125977968,T,299.21,80,300.23,160,IBM
2025-12-22,9:36:02.125987922,T,299.21,120,300.23,160,IBM
2025-12-22,9:36:02.126058091,T,299.21,80,300.23,160,IBM
2025-12-22,9:36:02.126263626,T,299.21,80,299.74,40,IBM
2025-12-22,9:36:02.126283664,T,299.21,80,299.74,80,IBM
2025-12-22,9:36:02.126293728,T,299.21,80,299.74,40,IBM
2025-12-22,9:36:02.126544264,T,299.21,80,299.74,80,IBM
2025-12-22,9:36:02.136332596,T,299.21,80,299.74,40,IBM
2025-12-22,9:36:02.136763648,T,299.21,80,299.74,80,IBM
2025-12-22,9:36:03.256133189,T,299.49,40,299.74,80,IBM
2025-12-22,9:36:04.033333285,T,299.49,40,299.74,40,IBM
2025-12-22,9:36:04.033333285,T,299.49,40,300.23,160,IBM
2025-12-22,9:36:04.033378394,T,299.49,80,300.23,160,IBM
2025-12-22,9:36:04.033393509,T,299.5,40,300.23,160,IBM
2025-12-22,9:36:04.062582906,T,299.49,80,300.23,160,IBM
2025-12-22,9:36:04.133421527,T,299.49,40,300.23,160,IBM
2025-12-22,9:36:04.146141798,T,299.29,40,300.23,160,IBM
2025-12-22,9:36:05.220935407,T,299.32,160,300.23,160,IBM
2025-12-22,9:36:05.220970417,T,299.32,200,300.23,160,IBM
2025-12-22,9:36:07.332251553,T,299.32,200,300.19,80,IBM
2025-12-22,9:36:07.332672563,T,299.32,200,300.19,120,IBM
2025-12-22,9:36:07.676185248,T,299.32,200,299.99,40,IBM
2025-12-22,9:36:07.676405792,T,299.32,200,300.19,120,IBM
2025-12-22,9:36:07.676405792,T,299.32,200,299.89,40,IBM
2025-12-22,9:36:07.676646431,T,299.32,160,299.89,40,IBM
2025-12-22,9:36:07.676671407,T,299.32,160,299.7,40,IBM
2025-12-22,9:36:07.677092402,T,299.32,160,299.7,80,IBM
2025-12-22,9:36:07.677217693,T,299.32,160,299.7,40,IBM
2025-12-22,9:36:07.687346816,T,299.32,160,299.89,40,IBM
2025-12-22,9:36:07.932650754,T,299.32,160,300.23,160,IBM
2025-12-22,9:36:08.676531663,T,299.21,120,300.23,160,IBM
2025-12-22,9:36:08.676837327,T,299.21,120,300.23,200,IBM
2025-12-22,9:36:08.676837327,T,299.21,120,300.15,40,IBM
2025-12-22,9:36:08.676848101,T,299.21,120,300.04,40,IBM
2025-12-22,9:36:08.676872643,T,299.21,120,300.23,200,IBM
2025-12-22,9:36:08.676922531,T,299.35,40,300.23,200,IBM
2025-12-22,9:36:08.676957709,T,299.21,120,300.23,200,IBM
2025-12-22,9:36:08.677017784,T,299.21,120,300.14,40,IBM
2025-12-22,9:36:08.677123061,T,299.21,120,300.23,200,IBM
2025-12-22,9:36:08.677148142,T,299.21,120,300.15,40,IBM
2025-12-22,9:36:08.677173166,T,299.21,120,299.87,40,IBM
2025-12-22,9:36:08.677393672,T,299.21,120,299.87,80,IBM
2025-12-22,9:36:08.677579169,T,299.21,120,299.87,40,IBM
2025-12-22,9:36:08.677629640,T,299.21,120,299.87,80,IBM
2025-12-22,9:36:08.677714469,T,299.21,120,299.87,120,IBM
2025-12-22,9:36:08.734534716,T,299.21,120,299.87,80,IBM
2025-12-22,9:36:09.057202895,T,299.21,120,299.87,40,IBM
2025-12-22,9:36:13.052794581,T,299.21,120,300.23,160,IBM
2025-12-22,9:36:13.053120381,T,299.3,160,300.23,160,IBM
2025-12-22,9:36:13.053245714,T,299.49,40,300.23,160,IBM
2025-12-22,9:36:13.053275733,T,299.3,160,300.23,160,IBM
2025-12-22,9:36:13.697770007,T,299.3,160,300.23,240,IBM
2025-12-22,9:36:19.353027725,T,299.3,160,299.99,40,IBM
2025-12-22,9:36:19.353458726,T,299.3,160,299.99,80,IBM
2025-12-22,9:36:20.400260865,T,299.3,160,299.98,40,IBM
2025-12-22,9:36:20.400266211,T,299.3,160,299.98,80,IBM
2025-12-22,9:36:20.400300876,T,299.3,160,299.85,40,IBM
2025-12-22,9:36:20.400807019,T,299.3,160,299.98,80,IBM
2025-12-22,9:36:20.401107805,T,299.3,160,299.85,40,IBM
2025-12-22,9:36:20.401999871,T,299.3,160,299.85,80,IBM
2025-12-22,9:36:20.420644349,T,299.3,160,299.85,40,IBM
2025-12-22,9:36:20.421195554,T,299.3,160,299.85,80,IBM
2025-12-22,9:36:20.660550414,T,299.3,160,299.82,40,IBM
2025-12-22,9:36:20.664635186,T,299.3,160,299.99,40,IBM
2025-12-22,9:36:20.664935850,T,299.3,160,299.82,40,IBM
2025-12-22,9:36:20.680803628,T,299.3,160,299.99,40,IBM
2025-12-22,9:36:20.681224687,T,299.3,160,299.99,80,IBM
2025-12-22,9:36:21.482993366,T,299.3,160,299.99,40,IBM
2025-12-22,9:36:21.487564113,T,299.3,160,299.99,80,IBM
2025-12-22,9:36:21.495989189,T,299.3,160,299.99,40,IBM
2025-12-22,9:36:22.747267980,T,299.3,160,299.99,80,IBM
2025-12-22,9:36:22.747272936,T,299.3,160,299.77,40,IBM
2025-12-22,9:36:22.747302992,T,299.3,160,299.99,80,IBM
2025-12-22,9:36:22.747703954,T,299.3,160,299.77,40,IBM
2025-12-22,9:36:22.750465503,T,299.21,120,299.77,40,IBM
2025-12-22,9:36:22.750495685,T,299.21,80,299.77,40,IBM
2025-12-22,9:36:22.756304459,T,299.49,40,299.77,40,IBM
2025-12-22,9:36:22.756635238,T,299.21,80,299.77,40,IBM
2025-12-22,9:36:22.757943330,T,299.21,80,299.82,40,IBM
2025-12-22,9:36:22.758364317,T,299.21,80,299.82,80,IBM
2025-12-22,9:36:22.765040317,T,299.21,80,299.82,40,IBM
2025-12-22,9:36:23.600028008,T,299.21,120,299.82,40,IBM
2025-12-22,9:36:23.600037996,T,299.49,40,299.82,40,IBM
2025-12-22,9:36:23.603085268,T,299.21,120,299.82,40,IBM
2025-12-22,9:36:23.608463054,T,299.21,80,299.82,40,IBM
2025-12-22,9:36:24.284001195,T,299.21,80,299.99,40,IBM
2025-12-22,9:36:24.284046334,T,299.21,120,299.99,40,IBM
2025-12-22,9:36:24.288060939,T,299.21,80,299.99,40,IBM
2025-12-22,9:36:24.290181042,T,299.21,120,299.99,40,IBM
2025-12-22,9:36:24.294200524,T,299.21,80,299.99,40,IBM
2025-12-22,9:36:28.137915875,T,299.21,120,299.99,40,IBM
2025-12-22,9:36:28.137950758,T,299.49,40,299.99,40,IBM
2025-12-22,9:36:28.138091172,T,299.21,120,299.99,40,IBM
2025-12-22,9:36:28.138171266,T,299.49,40,299.99,40,IBM
2025-12-22,9:36:28.138201717,T,299.63,40,299.99,40,IBM
2025-12-22,9:36:28.138477014,T,299.49,40,299.99,40,IBM
2025-12-22,9:36:28.138802749,T,299.49,40,300.05,40,IBM
2025-12-22,9:36:28.142215872,T,299.29,40,300.05,40,IBM
2025-12-22,9:36:28.142245969,T,299.21,120,300.05,40,IBM
2025-12-22,9:36:28.188601298,T,299.21,120,300.05,80,IBM
2025-12-22,9:36:28.242213997,T,299.21,120,300.05,40,IBM
2025-12-22,9:36:29.618675699,T,299.21,120,300.05,80,IBM
2025-12-22,9:36:29.787281998,T,299.56,40,300.05,80,IBM
2025-12-22,9:36:30.616375929,T,299.56,40,300.05,40,IBM
2025-12-22,9:36:30.819735013,T,299.21,120,300.05,40,IBM
2025-12-22,9:36:31.619127947,T,299.21,120,300.0,40,IBM
2025-12-22,9:36:31.804018090,T,299.58,40,300.0,40,IBM
2025-12-22,9:36:32.238838161,T,299.21,120,300.0,40,IBM
2025-12-22,9:36:32.695324920,T,299.55,40,300.0,40,IBM
2025-12-22,9:36:32.695324920,T,299.6,40,300.0,40,IBM
2025-12-22,9:36:32.695334892,T,299.67,40,300.0,40,IBM
2025-12-22,9:36:32.695831045,T,299.67,40,300.05,40,IBM
2025-12-22,9:36:32.695836060,T,299.79,40,300.05,40,IBM
2025-12-22,9:36:32.695876225,T,299.8,40,300.05,40,IBM
2025-12-22,9:36:32.696367321,T,299.79,40,300.05,40,IBM
2025-12-22,9:36:32.696387444,T,299.79,40,300.05,80,IBM
2025-12-22,9:36:32.696768322,T,299.61,40,300.05,80,IBM
2025-12-22,9:36:32.699850714,T,299.49,40,300.05,80,IBM
2025-12-22,9:36:32.709052596,T,299.41,40,300.05,80,IBM
2025-12-22,9:36:32.709062578,T,299.29,40,300.05,80,IBM
2025-12-22,9:36:32.716856110,T,299.28,40,300.05,80,IBM
2025-12-22,9:36:32.716886236,T,299.21,120,300.05,80,IBM
2025-12-22,9:36:32.718184251,T,299.28,40,300.05,80,IBM
2025-12-22,9:36:32.825840616,T,299.21,120,300.05,80,IBM
2025-12-22,9:36:32.830742222,T,299.21,120,300.05,40,IBM
2025-12-22,9:36:33.028773663,T,299.51,40,300.05,40,IBM
2025-12-22,9:36:33.035685095,T,299.55,40,300.05,40,IBM
2025-12-22,9:36:33.035685095,T,299.63,40,300.05,40,IBM
2025-12-22,9:36:33.035925690,T,299.76,40,300.05,40,IBM
2025-12-22,9:36:33.037394197,T,299.76,40,300.05,80,IBM
2025-12-22,9:36:33.044350819,T,299.56,40,300.05,80,IBM
2025-12-22,9:36:33.044370860,T,299.51,40,300.05,80,IBM
2025-12-22,9:36:33.056204008,T,299.41,40,300.05,80,IBM
2025-12-22,9:36:33.056224052,T,299.29,40,300.05,80,IBM
2025-12-22,9:36:33.056229087,T,299.21,120,300.05,80,IBM
2025-12-22,9:36:33.098970844,T,299.21,120,300.05,40,IBM
2025-12-22,9:36:33.495845779,T,299.55,40,300.05,40,IBM
2025-12-22,9:36:33.496271829,T,299.55,80,300.05,40,IBM
2025-12-22,9:36:36.215399860,T,299.55,40,300.05,40,IBM
2025-12-22,9:36:36.216447071,T,299.3,160,300.05,40,IBM
2025-12-22,9:36:36.471734859,T,299.56,40,300.05,40,IBM
2025-12-22,9:36:36.473293490,T,299.3,160,300.05,40,IBM
2025-12-22,9:36:36.544257661,T,299.41,40,300.05,40,IBM
2025-12-22,9:36:36.621671819,T,299.3,200,300.05,40,IBM
2025-12-22,9:36:36.621746932,T,299.41,40,300.05,40,IBM
2025-12-22,9:36:36.749080143,T,299.3,200,300.05,40,IBM
2025-12-22,9:36:37.011509873,T,299.41,40,300.05,40,IBM
2025-12-22,9:36:37.013063634,T,299.3,200,300.05,40,IBM
2025-12-22,9:36:37.089595752,T,299.41,40,300.05,40,IBM
2025-12-22,9:36:37.269118177,T,299.41,40,300.05,80,IBM
2025-12-22,9:36:37.269148148,T,299.3,200,300.05,80,IBM
2025-12-22,9:36:37.269599221,T,299.41,40,300.05,80,IBM
2025-12-22,9:36:37.321918771,T,299.41,40,300.05,40,IBM
2025-12-22,9:36:37.377721648,T,299.3,200,300.05,40,IBM
2025-12-22,9:36:37.377721648,T,299.41,40,300.05,40,IBM
2025-12-22,9:36:37.879280705,T,299.3,200,300.05,40,IBM
2025-12-22,9:36:37.879345803,T,299.49,40,300.05,40,IBM
2025-12-22,9:36:37.879350806,T,299.49,40,300.26,160,IBM
2025-12-22,9:36:37.879360915,T,299.49,40,300.05,40,IBM
2025-12-22,9:36:37.879371282,T,299.49,40,300.26,160,IBM
2025-12-22,9:36:37.879371282,T,299.72,40,300.26,160,IBM
2025-12-22,9:36:37.879376352,T,299.72,40,300.05,40,IBM
2025-12-22,9:36:37.879385995,T,299.72,40,300.2,40,IBM
2025-12-22,9:36:37.879390983,T,299.49,40,300.2,40,IBM
2025-12-22,9:36:37.879396381,T,299.49,40,300.26,160,IBM
2025-12-22,9:36:37.879406010,T,299.61,40,300.26,160,IBM
2025-12-22,9:36:37.879426049,T,299.72,40,300.26,160,IBM
2025-12-22,9:36:37.879436099,T,299.79,40,300.26,160,IBM
2025-12-22,9:36:37.880769200,T,299.91,40,300.26,160,IBM
2025-12-22,9:36:37.880784234,T,299.91,40,300.26,120,IBM
2025-12-22,9:36:37.880824382,T,299.91,40,300.26,40,IBM
2025-12-22,9:36:37.891068721,T,299.91,40,300.79,40,IBM
2025-12-22,9:36:37.891078728,T,299.91,40,300.61,160,IBM
2025-12-22,9:36:37.891469668,T,299.91,40,300.58,80,IBM
2025-12-22,9:36:37.901488524,T,299.91,40,300.61,160,IBM
2025-12-22,9:36:38.025358454,T,299.65,40,300.61,160,IBM
2025-12-22,9:36:38.027989726,T,299.49,40,300.61,160,IBM
2025-12-22,9:36:38.105504252,T,299.96,40,300.61,160,IBM
2025-12-22,9:36:38.138197097,T,299.96,80,300.61,160,IBM
2025-12-22,9:36:38.403147750,T,299.96,80,300.59,80,IBM
2025-12-22,9:36:38.453778297,T,299.96,40,300.59,80,IBM
2025-12-22,9:36:38.537287030,T,299.96,40,300.61,160,IBM
2025-12-22,9:36:38.908781457,T,299.96,40,300.61,240,IBM
2025-12-22,9:36:39.509761984,T,299.49,40,300.61,240,IBM
2025-12-22,9:36:39.586549812,T,299.97,40,300.61,240,IBM
2025-12-22,9:36:39.586970870,T,299.97,80,300.61,240,IBM
2025-12-22,9:36:42.108378256,T,299.97,80,300.61,80,IBM
2025-12-22,9:36:42.120727698,T,299.97,80,300.81,160,IBM
2025-12-22,9:36:44.525983450,T,299.97,80,300.5,40,IBM
2025-12-22,9:36:44.653316604,T,299.97,80,300.81,160,IBM
2025-12-22,9:36:44.821461845,T,299.97,40,300.81,160,IBM
2025-12-22,9:36:44.892260426,T,299.97,40,300.5,40,IBM
2025-12-22,9:36:44.917846329,T,299.97,40,300.49,40,IBM
2025-12-22,9:36:45.804301655,T,299.49,40,300.49,40,IBM
2025-12-22,9:36:45.804306706,T,299.49,40,300.26,40,IBM
2025-12-22,9:36:45.804321686,T,299.42,40,300.26,40,IBM
2025-12-22,9:36:45.804341682,T,299.42,40,300.12,40,IBM
2025-12-22,9:36:45.806145955,T,299.42,40,300.11,40,IBM
2025-12-22,9:36:46.355779412,T,299.42,40,300.11,80,IBM
2025-12-22,9:36:46.524571293,T,299.42,40,300.11,40,IBM
2025-12-22,9:36:50.023230212,T,299.42,40,300.04,40,IBM
2025-12-22,9:36:50.617389562,T,299.42,40,300.04,80,IBM
2025-12-22,9:36:52.537645866,T,299.42,40,300.04,40,IBM
2025-12-22,9:36:54.747717029,T,299.42,40,300.11,40,IBM
2025-12-22,9:36:58.744817442,T,299.42,40,300.04,40,IBM
2025-12-22,9:36:59.190057519,T,299.42,40,300.11,40,IBM
2025-12-22,9:37:02.501435422,T,299.42,40,300.37,160,IBM
2025-12-22,9:37:04.120284131,T,299.3,200,300.37,160,IBM
2025-12-22,9:37:04.120309146,T,299.3,160,300.37,160,IBM
2025-12-22,9:37:13.182833148,T,299.3,160,300.05,120,IBM
2025-12-22,9:37:13.505807042,T,299.68,40,300.05,120,IBM
2025-12-22,9:37:13.928724178,T,299.73,40,300.05,120,IBM
2025-12-22,9:37:13.933139345,T,299.68,40,300.05,120,IBM
2025-12-22,9:37:14.510814487,T,299.42,40,300.05,120,IBM
2025-12-22,9:37:15.581854186,T,299.8,80,300.05,120,IBM
2025-12-22,9:37:17.881894665,T,299.8,80,300.05,80,IBM
2025-12-22,9:37:17.881904638,T,299.8,80,300.37,160,IBM
2025-12-22,9:37:17.881929723,T,300.03,80,300.37,160,IBM
2025-12-22,9:37:17.882381165,T,300.03,120,300.37,160,IBM
2025-12-22,9:37:17.882461060,T,300.03,40,300.37,160,IBM
2025-12-22,9:37:17.882481111,T,299.81,40,300.37,160,IBM
2025-12-22,9:37:17.882596314,T,299.81,40,300.26,40,IBM
2025-12-22,9:37:17.882691542,T,299.8,80,300.26,40,IBM
2025-12-22,9:37:17.909676085,T,299.8,80,300.57,160,IBM
2025-12-22,9:37:17.909676085,T,299.8,80,300.25,40,IBM
2025-12-22,9:37:17.909695874,T,299.8,80,300.57,160,IBM
2025-12-22,9:37:17.909700852,T,299.8,80,300.03,40,IBM
2025-12-22,9:37:17.909720925,T,299.8,80,300.57,160,IBM
2025-12-22,9:37:17.909735891,T,299.8,120,300.57,160,IBM
2025-12-22,9:37:17.909745958,T,299.82,40,300.57,160,IBM
2025-12-22,9:37:17.909786008,T,299.82,40,300.25,40,IBM
2025-12-22,9:37:17.910156955,T,299.82,40,300.57,160,IBM
2025-12-22,9:37:17.933422439,T,299.82,40,300.25,40,IBM
2025-12-22,9:37:17.982032998,T,299.8,80,300.25,40,IBM
2025-12-22,9:37:18.009909359,T,299.8,80,300.57,160,IBM
2025-12-22,9:37:18.983873039,T,299.52,40,300.57,160,IBM
2025-12-22,9:37:18.983903017,T,299.49,40,300.57,160,IBM
2025-12-22,9:37:19.623716059,T,299.41,40,300.57,160,IBM
2025-12-22,9:37:19.625385059,T,299.41,40,300.3,40,IBM
2025-12-22,9:37:19.691116584,T,299.41,40,300.57,160,IBM
2025-12-22,9:37:19.709906262,T,299.94,40,300.57,160,IBM
2025-12-22,9:37:23.648427636,T,299.49,160,300.57,160,IBM
2025-12-22,9:37:23.687580793,T,299.49,160,300.3,40,IBM
2025-12-22,9:37:24.562453285,T,299.96,40,300.3,40,IBM
2025-12-22,9:37:26.163118788,T,299.96,40,300.57,160,IBM
2025-12-22,9:37:30.169952176,T,299.96,40,300.3,40,IBM
2025-12-22,9:37:31.548143063,T,299.96,40,300.57,160,IBM
2025-12-22,9:37:32.610522090,T,299.65,160,300.57,160,IBM
2025-12-22,9:37:33.185545947,T,300.01,40,300.57,160,IBM
2025-12-22,9:37:33.452175731,T,299.65,160,300.57,160,IBM
2025-12-22,9:37:33.452200901,T,299.65,160,300.3,40,IBM
2025-12-22,9:37:33.452200901,T,299.65,160,300.29,40,IBM
2025-12-22,9:37:33.452235836,T,299.65,160,300.16,40,IBM
2025-12-22,9:37:33.452591785,T,299.65,160,300.16,80,IBM
2025-12-22,9:37:33.452651798,T,299.65,160,300.16,120,IBM
2025-12-22,9:37:33.454170473,T,299.65,160,300.16,80,IBM
2025-12-22,9:37:33.454180453,T,299.65,160,300.16,40,IBM
2025-12-22,9:37:33.454200558,T,299.65,160,300.3,40,IBM
2025-12-22,9:37:33.464394839,T,299.65,160,300.15,40,IBM
2025-12-22,9:37:33.466299296,T,299.65,160,300.15,80,IBM
2025-12-22,9:37:33.626711136,T,299.65,160,300.15,40,IBM
2025-12-22,9:37:34.452061026,T,299.85,40,300.15,40,IBM
2025-12-22,9:37:34.452316581,T,299.66,40,300.15,40,IBM
2025-12-22,9:37:34.452361733,T,299.65,160,300.15,40,IBM
2025-12-22,9:37:34.454306362,T,299.65,160,300.57,160,IBM
2025-12-22,9:37:35.544711988,T,299.65,160,300.15,40,IBM
2025-12-22,9:37:35.724590202,T,299.94,120,300.15,40,IBM
2025-12-22,9:37:35.725016233,T,299.94,120,300.15,80,IBM
2025-12-22,9:37:38.110690659,T,299.65,160,300.15,80,IBM
2025-12-22,9:37:38.110705928,T,299.65,160,299.96,80,IBM
2025-12-22,9:37:38.110721135,T,299.65,160,299.94,120,IBM
2025-12-22,9:37:38.111011427,T,299.65,160,300.05,40,IBM
2025-12-22,9:37:38.111151811,T,299.65,160,300.15,40,IBM
2025-12-22,9:37:38.111221877,T,299.65,160,299.94,40,IBM
2025-12-22,9:37:38.111227100,T,299.65,160,300.15,40,IBM
2025-12-22,9:37:38.111227100,T,299.94,40,300.15,40,IBM
2025-12-22,9:37:38.111251971,T,299.8,40,300.15,40,IBM
2025-12-22,9:37:38.111272006,T,299.67,40,300.15,40,IBM
2025-12-22,9:37:38.111292124,T,299.65,160,300.15,40,IBM
2025-12-22,9:37:38.111422416,T,299.52,40,300.15,40,IBM
2025-12-22,9:37:38.111472482,T,299.52,40,299.94,120,IBM
2025-12-22,9:37:38.111532721,T,299.42,40,299.94,120,IBM
2025-12-22,9:37:38.118283786,T,299.83,40,299.94,120,IBM
2025-12-22,9:37:38.349308682,T,299.83,40,299.94,160,IBM
2025-12-22,9:37:38.383445117,T,299.83,40,299.94,40,IBM
2025-12-22,9:37:38.793726658,T,299.4,160,299.94,40,IBM
2025-12-22,9:37:38.793731638,T,299.21,80,299.94,40,IBM
2025-12-22,9:37:38.793756673,T,299.21,80,299.66,80,IBM
2025-12-22,9:37:38.793761790,T,299.21,80,299.94,40,IBM
2025-12-22,9:37:38.793761790,T,299.21,80,299.94,80,IBM
2025-12-22,9:37:38.793796793,T,299.21,80,299.89,40,IBM
2025-12-22,9:37:38.793861982,T,299.21,120,299.89,40,IBM
2025-12-22,9:37:38.793877046,T,299.21,80,299.89,40,IBM
2025-12-22,9:37:38.793922172,T,299.21,120,299.89,40,IBM
2025-12-22,9:37:38.793952162,T,299.22,40,299.89,40,IBM
2025-12-22,9:37:38.793977230,T,299.22,40,299.66,40,IBM
2025-12-22,9:37:38.793987269,T,299.22,40,299.89,40,IBM
2025-12-22,9:37:38.794022343,T,299.44,40,299.89,40,IBM
2025-12-22,9:37:38.794042458,T,299.44,40,299.86,40,IBM
2025-12-22,9:37:38.794052403,T,299.45,40,299.86,40,IBM
2025-12-22,9:37:38.794062440,T,299.55,40,299.86,40,IBM
2025-12-22,9:37:38.794067509,T,299.43,40,299.86,40,IBM
2025-12-22,9:37:38.794072507,T,299.29,40,299.86,40,IBM
2025-12-22,9:37:38.794107855,T,299.55,80,299.86,40,IBM
2025-12-22,9:37:38.794117581,T,299.63,80,299.86,40,IBM
2025-12-22,9:37:38.794127652,T,299.63,120,299.86,40,IBM
2025-12-22,9:37:38.794132714,T,299.63,200,299.86,40,IBM
2025-12-22,9:37:38.794142617,T,299.63,200,299.87,40,IBM
2025-12-22,9:37:38.794167676,T,299.63,160,299.87,40,IBM
2025-12-22,9:37:38.794177739,T,299.63,120,299.87,40,IBM
2025-12-22,9:37:38.794182850,T,299.63,80,299.87,40,IBM
2025-12-22,9:37:38.794203080,T,299.44,40,299.87,40,IBM
2025-12-22,9:37:38.794203080,T,299.29,40,299.87,40,IBM
2025-12-22,9:37:38.794237821,T,299.3,40,299.87,40,IBM
2025-12-22,9:37:38.794247931,T,299.29,40,299.87,40,IBM
2025-12-22,9:37:38.794262924,T,299.43,40,299.87,40,IBM
2025-12-22,9:37:38.794267906,T,299.43,40,299.81,40,IBM
2025-12-22,9:37:38.794277928,T,299.29,40,299.81,40,IBM
2025-12-22,9:37:38.794288089,T,299.29,40,299.87,40,IBM
2025-12-22,9:37:38.794404112,T,299.29,40,299.93,40,IBM
2025-12-22,9:37:38.794433391,T,299.29,40,299.94,40,IBM
2025-12-22,9:37:38.794468431,T,299.29,40,300.02,40,IBM
2025-12-22,9:37:38.794528598,T,299.3,40,300.02,40,IBM
2025-12-22,9:37:38.794574160,T,299.47,40,300.02,40,IBM
2025-12-22,9:37:38.794628837,T,299.3,40,300.02,40,IBM
2025-12-22,9:37:38.794683885,T,299.45,40,300.02,40,IBM
2025-12-22,9:37:38.794734086,T,299.45,40,300.15,40,IBM
2025-12-22,9:37:38.794744055,T,299.3,40,300.15,40,IBM
2025-12-22,9:37:38.794764103,T,299.3,40,299.93,40,IBM
2025-12-22,9:37:38.794774376,T,299.41,40,299.93,40,IBM
2025-12-22,9:37:38.794784321,T,299.47,40,299.93,40,IBM
2025-12-22,9:37:38.794789210,T,299.47,40,300.15,40,IBM
2025-12-22,9:37:38.795074917,T,299.22,40,300.15,40,IBM
2025-12-22,9:37:38.795335530,T,299.22,40,299.93,40,IBM
2025-12-22,9:37:38.795430730,T,299.22,40,300.15,40,IBM
2025-12-22,9:37:38.801399860,T,299.61,80,300.15,40,IBM
2025-12-22,9:37:38.808461715,T,299.61,80,300.15,80,IBM
2025-12-22,9:37:38.812887212,T,299.61,80,300.15,40,IBM
2025-12-22,9:37:39.002648950,T,299.21,240,300.15,40,IBM
2025-12-22,9:37:39.013785460,T,299.21,240,299.8,40,IBM
2025-12-22,9:37:39.025683816,T,299.21,240,299.8,80,IBM
2025-12-22,9:37:39.593670945,T,299.21,240,299.8,40,IBM
2025-12-22,9:37:39.934667710,T,299.22,40,299.8,40,IBM
2025-12-22,9:37:39.934687717,T,299.22,40,300.15,40,IBM
2025-12-22,9:37:42.739700281,T,299.21,240,300.15,40,IBM
2025-12-22,9:37:43.955720134,T,299.45,40,300.15,40,IBM
2025-12-22,9:37:46.222987674,T,299.45,40,300.15,200,IBM
2025-12-22,9:37:46.584743845,T,299.21,280,300.15,200,IBM
2025-12-22,9:37:47.708764474,T,299.54,40,300.15,200,IBM
2025-12-22,9:37:51.612808305,T,299.53,40,300.15,200,IBM
2025-12-22,9:37:51.786541824,T,299.21,280,300.15,200,IBM
2025-12-22,9:37:52.420781734,T,299.21,240,300.15,200,IBM
2025-12-22,9:37:52.421287953,T,299.21,240,299.75,40,IBM
2025-12-22,9:37:52.422079859,T,299.21,240,299.75,80,IBM
2025-12-22,9:37:52.422115232,T,299.21,240,299.65,40,IBM
2025-12-22,9:37:52.422570955,T,299.21,240,299.75,40,IBM
2025-12-22,9:37:52.430504846,T,299.21,240,300.15,200,IBM
2025-12-22,9:37:52.569836515,T,299.41,40,300.15,200,IBM
2025-12-22,9:37:52.689631678,T,299.41,40,299.75,40,IBM
2025-12-22,9:37:52.832100899,T,299.41,40,300.15,200,IBM
2025-12-22,9:38:01.687977712,T,299.21,240,300.15,200,IBM
2025-12-22,9:38:02.588010446,T,299.42,40,300.15,200,IBM
2025-12-22,9:38:03.607301893,T,299.42,200,300.15,200,IBM
2025-12-22,9:38:07.694175969,T,299.42,200,299.75,40,IBM
2025-12-22,9:38:07.694792439,T,299.42,160,299.75,40,IBM
2025-12-22,9:38:07.694792439,T,299.42,120,299.75,40,IBM
2025-12-22,9:38:07.694792439,T,299.42,120,299.74,40,IBM
2025-12-22,9:38:07.694807514,T,299.21,280,299.74,40,IBM
2025-12-22,9:38:07.694812479,T,299.21,240,299.74,40,IBM
2025-12-22,9:38:07.694817504,T,299.21,240,299.6,40,IBM
2025-12-22,9:38:07.694832536,T,299.21,240,299.51,40,IBM
2025-12-22,9:38:07.696897409,T,299.21,80,299.51,40,IBM
2025-12-22,9:38:07.994540990,T,299.26,40,299.51,40,IBM
2025-12-22,9:38:07.994561068,T,299.26,40,299.75,40,IBM
2025-12-22,9:38:08.208345044,T,299.26,40,299.51,40,IBM
2025-12-22,9:38:08.208470353,T,299.26,40,299.4,40,IBM
2025-12-22,9:38:08.209863630,T,299.26,40,299.4,80,IBM
2025-12-22,9:38:08.212359591,T,299.26,40,299.4,40,IBM
2025-12-22,9:38:08.212379561,T,299.26,40,299.51,40,IBM
2025-12-22,9:38:08.464299421,T,299.26,40,299.75,40,IBM
2025-12-22,9:38:08.969091095,T,299.27,40,299.75,40,IBM
2025-12-22,9:38:10.703615199,T,299.26,40,299.75,40,IBM
2025-12-22,9:38:10.703635249,T,299.26,40,299.4,40,IBM
2025-12-22,9:38:10.703670376,T,299.26,40,299.75,40,IBM
2025-12-22,9:38:10.703735410,T,299.27,40,299.75,40,IBM
2025-12-22,9:38:10.703755557,T,299.26,40,299.75,40,IBM
2025-12-22,9:38:10.703795569,T,299.26,40,299.81,80,IBM
2025-12-22,9:38:10.704061220,T,299.26,40,299.81,120,IBM
2025-12-22,9:38:10.704096311,T,299.34,40,299.81,120,IBM
2025-12-22,9:38:10.704246694,T,299.34,40,299.65,40,IBM
2025-12-22,9:38:10.705449570,T,299.34,40,299.65,80,IBM
2025-12-22,9:38:10.713443561,T,299.35,40,299.65,80,IBM
2025-12-22,9:38:10.713468667,T,299.35,80,299.65,80,IBM
2025-12-22,9:38:10.758876736,T,299.35,80,299.65,40,IBM
2025-12-22,9:38:13.932456692,T,299.35,80,299.65,80,IBM
2025-12-22,9:38:13.932877608,T,299.35,80,299.65,40,IBM
2025-12-22,9:38:17.054984981,T,299.35,40,299.65,40,IBM
2025-12-22,9:38:17.054990023,T,299.26,40,299.65,40,IBM
2025-12-22,9:38:17.055731790,T,299.26,40,299.65,80,IBM
2025-12-22,9:38:17.068316657,T,299.26,40,299.65,40,IBM
2025-12-22,9:38:17.589101464,T,299.26,40,299.47,40,IBM
2025-12-22,9:38:17.589527436,T,299.26,40,299.47,80,IBM
2025-12-22,9:38:17.999077468,T,299.26,40,299.47,40,IBM
2025-12-22,9:38:18.997699832,T,299.26,40,299.47,80,IBM
2025-12-22,9:38:19.589022425,T,299.21,80,299.47,80,IBM
2025-12-22,9:38:19.589062564,T,299.21,80,299.37,40,IBM
2025-12-22,9:38:19.589087598,T,299.21,80,299.47,80,IBM
2025-12-22,9:38:19.589152762,T,299.21,80,299.46,40,IBM
2025-12-22,9:38:19.589368228,T,299.21,80,299.38,40,IBM
2025-12-22,9:38:19.589473572,T,299.21,80,299.46,40,IBM
2025-12-22,9:38:19.589663994,T,299.21,80,299.36,40,IBM
2025-12-22,9:38:19.589704109,T,299.21,80,299.33,40,IBM
2025-12-22,9:38:19.590460896,T,299.18,40,299.33,40,IBM
2025-12-22,9:38:19.593728602,T,299.18,40,299.36,80,IBM
2025-12-22,9:38:19.597161845,T,299.18,40,299.36,40,IBM
2025-12-22,9:38:19.606760052,T,299.18,40,299.37,40,IBM
2025-12-22,9:38:19.607225774,T,299.18,40,299.37,80,IBM
2025-12-22,9:38:19.939196086,T,299.21,40,299.37,80,IBM
2025-12-22,9:38:19.939216048,T,299.21,40,299.37,40,IBM
2025-12-22,9:38:23.898611609,T,299.21,40,299.47,40,IBM
2025-12-22,9:38:23.898631741,T,298.98,40,299.47,40,IBM
2025-12-22,9:38:23.898651722,T,298.98,40,299.37,40,IBM
2025-12-22,9:38:23.898696895,T,298.98,40,299.47,40,IBM
2025-12-22,9:38:23.898847230,T,298.98,40,299.53,80,IBM
2025-12-22,9:38:23.899052713,T,298.98,40,299.47,40,IBM
2025-12-22,9:38:23.900130293,T,298.98,40,299.39,80,IBM
2025-12-22,9:38:23.923701334,T,298.98,40,299.39,120,IBM
2025-12-22,9:38:23.943658932,T,298.98,40,299.39,40,IBM
2025-12-22,9:38:24.193488667,T,298.98,40,299.39,80,IBM
2025-12-22,9:38:25.461978408,T,298.98,40,299.39,120,IBM
2025-12-22,9:38:25.544860703,T,298.98,40,299.39,80,IBM
2025-12-22,9:38:28.299533338,T,298.98,40,299.39,40,IBM
2025-12-22,9:38:28.563326369,T,298.98,40,299.39,120,IBM
2025-12-22,9:38:28.878301120,T,299.21,40,299.39,120,IBM
2025-12-22,9:38:39.037245902,T,298.98,40,299.39,120,IBM
2025-12-22,9:38:39.037270302,T,298.98,40,299.39,160,IBM
2025-12-22,9:38:39.037350580,T,298.98,40,299.39,120,IBM
2025-12-22,9:38:39.037921967,T,298.98,40,299.39,160,IBM
2025-12-22,9:38:39.057739103,T,298.98,40,299.39,120,IBM
2025-12-22,9:38:39.058305430,T,298.98,40,299.39,160,IBM
2025-12-22,9:38:39.334517979,T,298.98,40,299.39,120,IBM
2025-12-22,9:38:43.393675968,T,298.98,40,299.39,160,IBM
2025-12-22,9:38:43.394382688,T,298.98,40,299.38,40,IBM
2025-12-22,9:38:43.394392756,T,298.98,40,299.28,40,IBM
2025-12-22,9:38:43.395014235,T,298.98,40,299.39,120,IBM
2025-12-22,9:38:43.395169605,T,298.98,40,299.38,40,IBM
2025-12-22,9:38:43.401760203,T,299.06,40,299.38,40,IBM
2025-12-22,9:38:44.281684896,T,299.06,40,299.38,80,IBM
2025-12-22,9:38:44.404677706,T,299.06,40,299.38,120,IBM
2025-12-22,9:38:44.404682807,T,299.06,40,299.23,40,IBM
2025-12-22,9:38:44.404712861,T,299.06,40,299.23,80,IBM
2025-12-22,9:38:44.404793228,T,298.98,40,299.23,80,IBM
2025-12-22,9:38:44.404818119,T,298.98,40,299.2,40,IBM
2025-12-22,9:38:44.404848152,T,298.98,40,299.13,40,IBM
2025-12-22,9:38:44.405008573,T,298.98,40,299.15,40,IBM
2025-12-22,9:38:44.405028547,T,298.98,40,299.13,40,IBM
2025-12-22,9:38:44.405289222,T,298.98,40,299.2,40,IBM
2025-12-22,9:38:44.405434539,T,298.98,40,299.15,40,IBM
2025-12-22,9:38:44.406842925,T,298.83,40,299.15,40,IBM
2025-12-22,9:38:44.406867951,T,298.61,200,299.15,40,IBM
2025-12-22,9:38:44.406867951,T,298.61,160,299.15,40,IBM
2025-12-22,9:38:44.407138587,T,298.61,200,299.15,40,IBM
2025-12-22,9:38:44.407374205,T,298.61,200,299.04,40,IBM
2025-12-22,9:38:44.408050756,T,298.61,200,299.15,40,IBM
2025-12-22,9:38:44.408426616,T,298.61,200,299.04,40,IBM
2025-12-22,9:38:44.408762515,T,298.61,200,299.15,40,IBM
2025-12-22,9:38:44.419823781,T,298.61,200,299.35,40,IBM
2025-12-22,9:38:44.506775785,T,298.61,160,299.35,40,IBM
2025-12-22,9:38:44.624901962,T,298.61,160,299.39,80,IBM
2025-12-22,9:38:44.624922060,T,298.83,40,299.39,80,IBM
2025-12-22,9:38:44.624937101,T,298.88,40,299.39,80,IBM
2025-12-22,9:38:44.624952153,T,298.91,40,299.39,80,IBM
2025-12-22,9:38:44.625182655,T,298.91,80,299.39,80,IBM
2025-12-22,9:38:44.625192699,T,298.91,80,299.25,40,IBM
2025-12-22,9:38:44.629202273,T,298.91,40,299.25,40,IBM
2025-12-22,9:38:44.629217276,T,298.83,40,299.25,40,IBM
2025-12-22,9:38:44.629377598,T,298.61,200,299.25,40,IBM
2025-12-22,9:38:44.632655495,T,298.61,160,299.25,40,IBM
2025-12-22,9:38:44.632991214,T,298.61,160,299.25,80,IBM
2025-12-22,9:38:44.645370692,T,298.61,160,299.25,120,IBM
2025-12-22,9:38:44.739013588,T,298.61,160,299.25,80,IBM
2025-12-22,9:38:44.843507389,T,298.61,160,299.25,40,IBM
2025-12-22,9:38:44.904201881,T,298.61,160,299.39,120,IBM
2025-12-22,9:38:45.504150241,T,298.94,40,299.39,120,IBM
2025-12-22,9:38:47.977317853,T,298.94,40,299.39,80,IBM
2025-12-22,9:38:48.982245112,T,298.94,40,299.39,120,IBM
2025-12-22,9:38:50.513309767,T,298.94,40,299.39,80,IBM
2025-12-22,9:38:52.664962053,T,298.94,40,299.39,120,IBM
2025-12-22,9:38:54.789308965,T,298.94,40,299.39,80,IBM
2025-12-22,9:38:54.789860323,T,298.94,40,299.39,120,IBM
2025-12-22,9:38:58.702880437,T,298.94,40,299.39,80,IBM
2025-12-22,9:39:00.334990732,T,298.94,40,299.39,120,IBM
2025-12-22,9:39:00.940021142,T,298.94,40,299.35,40,IBM
2025-12-22,9:39:01.278607185,T,298.94,40,299.39,80,IBM
2025-12-22,9:39:06.542488097,T,298.83,40,299.39,80,IBM
2025-12-22,9:39:06.542488097,T,298.61,160,299.39,80,IBM
2025-12-22,9:39:06.542693575,T,298.61,160,299.24,40,IBM
2025-12-22,9:39:06.543259982,T,298.61,160,299.15,40,IBM
2025-12-22,9:39:06.543871378,T,298.61,160,299.24,80,IBM
2025-12-22,9:39:06.551043424,T,298.61,160,299.24,40,IBM
2025-12-22,9:39:06.562721429,T,298.61,160,299.25,40,IBM
2025-12-22,9:39:06.563277612,T,298.61,160,299.25,80,IBM
2025-12-22,9:39:06.642551270,T,298.61,160,299.25,40,IBM
2025-12-22,9:39:06.712006625,T,298.61,160,299.39,80,IBM
2025-12-22,9:39:07.841485446,T,298.83,40,299.39,80,IBM
2025-12-22,9:39:07.841520529,T,298.61,160,299.39,80,IBM
2025-12-22,9:39:07.841535641,T,298.91,40,299.39,80,IBM
2025-12-22,9:39:07.841605773,T,298.61,160,299.39,80,IBM
2025-12-22,9:39:07.841625817,T,298.61,160,299.18,40,IBM
2025-12-22,9:39:07.841680938,T,298.61,160,299.25,40,IBM
2025-12-22,9:39:07.841715990,T,298.61,160,299.18,40,IBM
2025-12-22,9:39:07.841721072,T,298.48,40,299.18,40,IBM
2025-12-22,9:39:07.841746099,T,298.45,200,299.18,40,IBM
2025-12-22,9:39:07.841781467,T,298.45,240,299.18,40,IBM
2025-12-22,9:39:07.841876362,T,298.45,200,299.18,40,IBM
2025-12-22,9:39:07.841931492,T,298.45,200,299.07,40,IBM
2025-12-22,9:39:07.841971612,T,298.45,200,299.25,40,IBM
2025-12-22,9:39:07.841991698,T,298.45,200,299.39,80,IBM
2025-12-22,9:39:07.862881429,T,298.45,200,299.07,40,IBM
2025-12-22,9:39:07.863307394,T,298.45,200,299.07,80,IBM
2025-12-22,9:39:08.355859971,T,298.84,40,299.07,80,IBM
2025-12-22,9:39:08.355895035,T,298.84,40,299.07,40,IBM
2025-12-22,9:39:09.858973238,T,298.84,120,299.07,40,IBM
2025-12-22,9:39:10.782722235,T,298.84,120,299.07,80,IBM
2025-12-22,9:39:10.834550673,T,298.84,120,299.07,40,IBM
2025-12-22,9:39:12.330266270,T,298.84,120,299.07,120,IBM
2025-12-22,9:39:14.159475814,T,298.84,120,299.07,80,IBM
2025-12-22,9:39:14.985276859,T,298.84,120,299.07,40,IBM
2025-12-22,9:39:14.985276859,T,298.84,120,299.44,160,IBM
2025-12-22,9:39:14.985316755,T,298.95,40,299.44,160,IBM
2025-12-22,9:39:14.985422039,T,298.95,120,299.44,160,IBM
2025-12-22,9:39:14.986073595,T,298.95,120,299.2,40,IBM
2025-12-22,9:39:14.986093631,T,298.95,80,299.2,40,IBM
2025-12-22,9:39:14.990083122,T,299.01,40,299.2,40,IBM
2025-12-22,9:39:16.786008523,T,299.02,40,299.2,40,IBM
2025-12-22,9:39:16.786073689,T,299.02,120,299.2,40,IBM
2025-12-22,9:39:18.819243599,T,299.02,120,299.44,160,IBM
2025-12-22,9:39:18.819268677,T,299.11,40,299.44,160,IBM
2025-12-22,9:39:18.819349165,T,299.11,120,299.44,160,IBM
2025-12-22,9:39:18.819724825,T,299.11,120,299.75,40,IBM
2025-12-22,9:39:18.819729785,T,299.11,120,299.61,160,IBM
2025-12-22,9:39:18.820065620,T,299.11,80,299.61,160,IBM
2025-12-22,9:39:19.903063829,T,299.12,40,299.61,160,IBM
2025-12-22,9:39:19.903144043,T,299.12,120,299.61,160,IBM
2025-12-22,9:39:19.950281308,T,299.21,40,299.61,160,IBM
2025-12-22,9:39:19.950331342,T,299.21,120,299.61,160,IBM
2025-12-22,9:39:19.958746470,T,299.21,120,299.9,40,IBM
2025-12-22,9:39:19.958756436,T,299.21,120,299.79,160,IBM
2025-12-22,9:39:19.960756252,T,299.21,120,299.61,40,IBM
2025-12-22,9:39:19.960776243,T,299.21,80,299.61,40,IBM
2025-12-22,9:39:19.962976448,T,299.21,80,299.79,160,IBM
2025-12-22,9:39:19.967156408,T,299.21,80,299.62,40,IBM
2025-12-22,9:39:20.065365253,T,299.21,80,299.79,160,IBM
2025-12-22,9:39:22.131598928,T,299.12,80,299.79,160,IBM
2025-12-22,9:39:22.131644083,T,298.81,40,299.79,160,IBM
2025-12-22,9:39:22.131674180,T,298.75,40,299.79,160,IBM
2025-12-22,9:39:22.132095111,T,298.81,40,299.79,160,IBM
2025-12-22,9:39:22.250196369,T,298.7,40,299.79,160,IBM
2025-12-22,9:39:22.798110694,T,299.13,40,299.79,160,IBM
2025-12-22,9:39:23.205811303,T,299.13,40,299.62,40,IBM
2025-12-22,9:39:23.247129586,T,299.13,40,299.62,80,IBM
2025-12-22,9:39:23.761910088,T,299.13,40,299.62,40,IBM
2025-12-22,9:39:26.460223633,T,299.13,40,299.61,40,IBM
2025-12-22,9:39:27.274281502,T,299.13,40,299.62,40,IBM
2025-12-22,9:39:27.393600521,T,299.13,40,299.6,40,IBM
2025-12-22,9:39:28.041588048,T,299.13,40,299.62,40,IBM
2025-12-22,9:39:28.116706840,T,299.13,40,299.61,40,IBM
2025-12-22,9:39:28.695173845,T,299.13,40,299.62,40,IBM
2025-12-22,9:39:28.964169262,T,298.63,160,299.62,40,IBM
2025-12-22,9:39:29.560208285,T,299.15,40,299.62,40,IBM
2025-12-22,9:39:30.117424903,T,299.15,40,299.6,40,IBM
2025-12-22,9:39:30.274187975,T,299.15,40,299.62,40,IBM
2025-12-22,9:39:31.274328778,T,299.15,40,299.6,40,IBM
2025-12-22,9:39:31.723633360,T,299.15,40,299.62,40,IBM
2025-12-22,9:39:34.005300170,T,299.15,40,299.6,40,IBM
2025-12-22,9:39:34.171546147,T,298.63,160,299.6,40,IBM
2025-12-22,9:39:34.171570957,T,298.63,160,299.38,40,IBM
2025-12-22,9:39:34.171656211,T,298.63,160,299.2,80,IBM
2025-12-22,9:39:34.171691318,T,298.63,160,299.38,40,IBM
2025-12-22,9:39:34.171731442,T,298.63,160,299.59,40,IBM
2025-12-22,9:39:34.171776548,T,298.63,160,299.38,40,IBM
2025-12-22,9:39:34.172413007,T,298.83,40,299.38,40,IBM
2025-12-22,9:39:34.172433033,T,298.83,40,299.51,40,IBM
2025-12-22,9:39:34.172598417,T,298.83,40,299.59,40,IBM
2025-12-22,9:39:34.172698839,T,299.14,40,299.59,40,IBM
2025-12-22,9:39:34.172778834,T,298.83,40,299.59,40,IBM
2025-12-22,9:39:34.172894153,T,298.83,40,299.2,40,IBM
2025-12-22,9:39:34.172914306,T,298.83,40,299.59,40,IBM
2025-12-22,9:39:34.173405425,T,299.03,40,299.59,40,IBM
2025-12-22,9:39:34.173515674,T,298.83,40,299.59,40,IBM
2025-12-22,9:39:34.173570812,T,298.83,40,299.2,80,IBM
2025-12-22,9:39:34.173595788,T,298.83,40,299.59,40,IBM
2025-12-22,9:39:34.173630950,T,298.83,40,299.37,40,IBM
2025-12-22,9:39:34.174137139,T,298.83,40,299.2,80,IBM
2025-12-22,9:39:34.174157175,T,298.83,40,299.37,40,IBM
2025-12-22,9:39:34.174638345,T,298.83,40,299.2,80,IBM
2025-12-22,9:39:34.174658368,T,298.83,40,299.37,40,IBM
2025-12-22,9:39:34.174683452,T,299.17,80,299.37,40,IBM
2025-12-22,9:39:34.175059423,T,299.17,40,299.37,40,IBM
2025-12-22,9:39:34.175124437,T,299.17,40,299.59,40,IBM
2025-12-22,9:39:34.175144504,T,299.17,40,299.38,40,IBM
2025-12-22,9:39:34.175174537,T,299.17,40,299.37,40,IBM
2025-12-22,9:39:34.175274820,T,299.17,40,299.59,40,IBM
2025-12-22,9:39:34.175350021,T,299.17,40,299.38,40,IBM
2025-12-22,9:39:34.175390042,T,299.17,40,299.59,40,IBM
2025-12-22,9:39:34.175435197,T,299.17,40,299.38,40,IBM
2025-12-22,9:39:34.175485351,T,299.17,40,299.59,40,IBM
2025-12-22,9:39:34.175550504,T,299.17,40,299.38,40,IBM
2025-12-22,9:39:34.175565494,T,299.17,40,299.59,40,IBM
2025-12-22,9:39:34.176452577,T,299.17,40,299.2,40,IBM
2025-12-22,9:39:34.176472743,T,299.17,40,299.59,40,IBM
2025-12-22,9:39:34.176492690,T,299.17,80,299.59,40,IBM
2025-12-22,9:39:34.176958852,T,299.18,40,299.59,40,IBM
2025-12-22,9:39:34.177109214,T,299.18,40,299.2,80,IBM
2025-12-22,9:39:34.177124380,T,299.18,40,299.37,40,IBM
2025-12-22,9:39:34.177129292,T,299.18,40,299.59,40,IBM
2025-12-22,9:39:34.178231849,T,299.18,40,299.2,80,IBM
2025-12-22,9:39:34.178252015,T,299.18,40,299.2,40,IBM
2025-12-22,9:39:34.178256873,T,299.18,40,299.59,40,IBM
2025-12-22,9:39:34.179164079,T,299.18,40,299.2,40,IBM
2025-12-22,9:39:34.179189175,T,299.18,40,299.38,40,IBM
2025-12-22,9:39:34.179189175,T,299.18,40,299.59,40,IBM
2025-12-22,9:39:34.272516313,T,299.18,40,299.62,40,IBM
2025-12-22,9:39:34.273343289,T,299.18,40,299.62,80,IBM
2025-12-22,9:39:34.273373393,T,299.18,40,299.62,40,IBM
2025-12-22,9:39:34.273889569,T,299.18,40,299.51,40,IBM
2025-12-22,9:39:34.384422810,T,299.18,40,299.62,40,IBM
2025-12-22,9:39:35.545226136,T,299.18,40,299.5,40,IBM
2025-12-22,9:39:35.694486455,T,299.18,40,299.62,40,IBM
2025-12-22,9:39:35.863082779,T,299.18,40,299.61,40,IBM
2025-12-22,9:39:36.498239885,T,298.67,40,299.61,40,IBM
2025-12-22,9:39:37.574266355,T,299.2,40,299.61,40,IBM
2025-12-22,9:39:38.388725004,T,299.2,40,299.5,40,IBM
2025-12-22,9:39:38.389742431,T,299.2,40,299.61,40,IBM
2025-12-22,9:39:38.390138367,T,299.2,40,299.51,40,IBM
2025-12-22,9:39:38.502240249,T,299.2,40,299.61,40,IBM
2025-12-22,9:39:42.969570032,T,299.2,40,299.51,40,IBM
2025-12-22,9:39:43.236515426,T,299.2,40,299.61,40,IBM
2025-12-22,9:39:48.930394969,T,298.67,40,299.61,40,IBM
2025-12-22,9:39:49.708497334,T,298.69,40,299.61,40,IBM
2025-12-22,9:39:50.164422618,T,299.22,40,299.61,40,IBM
2025-12-22,9:39:53.059870459,T,299.22,120,299.61,40,IBM
2025-12-22,9:40:00.010296407,T,299.22,120,299.61,80,IBM
2025-12-22,9:40:00.107277243,T,299.22,120,299.61,120,IBM
2025-12-22,9:40:00.171034089,T,299.22,120,299.61,80,IBM
2025-12-22,9:40:01.040734490,T,299.22,120,299.61,40,IBM
2025-12-22,9:40:03.998741317,T,299.22,120,299.61,80,IBM
2025-12-22,9:40:03.999042007,T,299.22,120,299.6,40,IBM
2025-12-22,9:40:03.999082088,T,299.22,40,299.6,40,IBM
2025-12-22,9:40:04.175647423,T,299.22,40,299.6,80,IBM
2025-12-22,9:40:04.176093544,T,299.22,40,299.6,40,IBM
2025-12-22,9:40:04.176138654,T,299.22,40,299.59,40,IBM
2025-12-22,9:40:04.176419352,T,299.22,40,299.6,40,IBM
2025-12-22,9:40:04.176419352,T,299.22,40,299.46,40,IBM
2025-12-22,9:40:04.176434352,T,298.82,160,299.46,40,IBM
2025-12-22,9:40:04.176459354,T,298.82,160,299.34,40,IBM
2025-12-22,9:40:04.176534587,T,298.82,160,299.46,80,IBM
2025-12-22,9:40:04.180809794,T,298.82,160,299.46,40,IBM
2025-12-22,9:40:04.185024980,T,299.21,40,299.46,40,IBM
2025-12-22,9:40:04.276652971,T,299.21,40,299.6,40,IBM
2025-12-22,9:40:05.382911505,T,298.82,160,299.6,40,IBM
2025-12-22,9:40:06.087268244,T,298.82,160,299.42,40,IBM
2025-12-22,9:40:06.119996187,T,299.21,40,299.42,40,IBM
2025-12-22,9:40:06.184128890,T,299.21,40,299.6,40,IBM
2025-12-22,9:40:07.744002025,T,299.21,40,299.52,80,IBM
2025-12-22,9:40:12.662169889,T,299.21,40,299.49,40,IBM
2025-12-22,9:40:12.666660531,T,299.21,40,299.32,40,IBM
2025-12-22,9:40:12.667141732,T,299.21,40,299.49,40,IBM
2025-12-22,9:40:12.675641878,T,299.21,40,299.45,40,IBM
2025-12-22,9:40:22.281133264,T,298.82,160,299.45,40,IBM
2025-12-22,9:40:22.916165076,T,299.23,40,299.45,40,IBM
2025-12-22,9:40:24.319791556,T,299.23,40,299.49,40,IBM
2025-12-22,9:40:24.319816880,T,299.34,40,299.49,40,IBM
2025-12-22,9:40:24.319911778,T,299.34,40,299.52,80,IBM
2025-12-22,9:40:24.319921860,T,299.34,40,299.49,40,IBM
2025-12-22,9:40:24.319942309,T,299.32,40,299.49,40,IBM
2025-12-22,9:40:24.320563351,T,299.32,40,299.52,80,IBM
2025-12-22,9:40:24.320573377,T,299.32,40,299.49,40,IBM
2025-12-22,9:40:24.320588371,T,299.33,40,299.49,40,IBM
2025-12-22,9:40:24.320598728,T,299.33,40,299.52,80,IBM
2025-12-22,9:40:24.320598728,T,299.32,40,299.52,80,IBM
2025-12-22,9:40:24.323861196,T,299.24,40,299.52,80,IBM
2025-12-22,9:40:24.324312261,T,299.23,40,299.52,80,IBM
2025-12-22,9:40:24.327274297,T,299.23,40,299.85,200,IBM
2025-12-22,9:40:24.327284387,T,299.23,40,299.52,40,IBM
2025-12-22,9:40:24.327294540,T,299.42,40,299.52,40,IBM
2025-12-22,9:40:24.327304460,T,299.42,40,299.85,200,IBM
2025-12-22,9:40:24.327309433,T,299.23,40,299.85,200,IBM
2025-12-22,9:40:24.327314585,T,299.24,40,299.85,200,IBM
2025-12-22,9:40:24.330988225,T,298.91,40,299.85,200,IBM
2025-12-22,9:40:24.426455444,T,298.83,40,299.85,200,IBM
2025-12-22,9:40:24.983195780,T,299.23,40,299.85,200,IBM
2025-12-22,9:40:41.204997469,T,299.23,40,299.75,40,IBM
2025-12-22,9:40:41.208686281,T,299.23,40,299.75,80,IBM
2025-12-22,9:40:41.212009131,T,299.23,40,299.74,40,IBM
2025-12-22,9:40:41.220474328,T,299.23,40,299.75,80,IBM
2025-12-22,9:40:41.479014788,T,299.23,40,299.75,40,IBM
2025-12-22,9:40:41.479465790,T,299.23,40,300.02,160,IBM
2025-12-22,9:40:44.157355485,T,299.23,40,299.55,80,IBM
2025-12-22,9:40:44.782102744,T,299.23,40,299.55,120,IBM
2025-12-22,9:40:49.951694272,T,299.23,40,299.55,80,IBM
2025-12-22,9:40:54.177368602,T,299.23,40,299.44,80,IBM
2025-12-22,9:40:54.269347680,T,299.23,40,299.87,200,IBM
2025-12-22,9:40:54.269392732,T,299.28,40,299.87,200,IBM
2025-12-22,9:40:54.269628213,T,299.36,40,299.87,200,IBM
2025-12-22,9:40:54.274053800,T,299.28,40,299.87,200,IBM
2025-12-22,9:40:54.274860722,T,299.23,40,299.87,200,IBM
2025-12-22,9:40:54.545825779,T,299.36,200,299.87,200,IBM
2025-12-22,9:40:54.546041219,T,299.23,40,299.87,200,IBM
2025-12-22,9:40:54.546066288,T,299.48,200,299.87,200,IBM
2025-12-22,9:40:54.546091740,T,299.48,120,299.87,200,IBM
2025-12-22,9:40:54.546116470,T,299.23,40,299.87,200,IBM
2025-12-22,9:40:54.546136452,T,299.23,40,299.68,40,IBM
2025-12-22,9:40:54.546337371,T,299.23,40,299.86,40,IBM
2025-12-22,9:40:54.546342041,T,299.23,40,299.55,40,IBM
2025-12-22,9:40:54.546582981,T,299.36,40,299.55,40,IBM
2025-12-22,9:40:54.546597586,T,299.36,80,299.55,40,IBM
2025-12-22,9:40:54.546622640,T,299.36,80,299.86,40,IBM
2025-12-22,9:40:54.546652731,T,299.36,40,299.86,40,IBM
2025-12-22,9:40:54.546672793,T,299.24,40,299.86,40,IBM
2025-12-22,9:40:54.546692850,T,299.25,40,299.86,40,IBM
2025-12-22,9:40:54.546697857,T,299.24,40,299.86,40,IBM
2025-12-22,9:40:54.547138851,T,299.24,40,299.87,200,IBM
2025-12-22,9:40:54.646610713,T,299.11,40,299.87,200,IBM
2025-12-22,9:40:54.646620723,T,298.99,160,299.87,200,IBM
2025-12-22,9:40:54.852575984,T,298.99,160,300.23,40,IBM
2025-12-22,9:40:54.852586000,T,298.99,160,300.04,160,IBM
2025-12-22,9:40:54.857768360,T,299.01,40,300.04,160,IBM
2025-12-22,9:40:54.860304436,T,298.99,160,300.04,160,IBM
2025-12-22,9:40:55.447386995,T,299.51,40,300.04,160,IBM
2025-12-22,9:41:14.349274033,T,299.51,40,299.81,40,IBM
2025-12-22,9:41:14.566265611,T,299.51,40,300.04,160,IBM
2025-12-22,9:41:16.582224709,T,299.16,160,300.04,160,IBM
2025-12-22,9:41:16.582224709,T,299.16,160,299.81,40,IBM
2025-12-22,9:41:16.582265035,T,299.16,160,299.66,40,IBM
2025-12-22,9:41:16.597556174,T,299.16,160,299.66,80,IBM
2025-12-22,9:41:16.680187938,T,299.16,160,299.66,120,IBM
2025-12-22,9:41:16.684523189,T,299.01,40,299.66,120,IBM
2025-12-22,9:41:16.776863058,T,299.01,40,299.66,80,IBM
2025-12-22,9:41:20.168532141,T,299.01,40,299.66,40,IBM
2025-12-22,9:41:22.480841629,T,299.01,40,299.74,160,IBM
2025-12-22,9:41:22.481648564,T,299.01,40,299.74,200,IBM
2025-12-22,9:41:25.458324696,T,299.01,40,299.74,240,IBM
2025-12-22,9:41:25.458369885,T,299.01,40,299.74,280,IBM
2025-12-22,9:41:25.848413311,T,299.31,40,299.74,280,IBM
2025-12-22,9:41:25.848438443,T,299.31,40,299.74,240,IBM
2025-12-22,9:41:25.848829393,T,299.31,40,299.74,200,IBM
2025-12-22,9:41:30.015357982,T,299.31,40,299.74,160,IBM
2025-12-22,9:41:30.113977832,T,299.31,40,299.74,200,IBM
2025-12-22,9:41:31.130552881,T,299.31,40,299.74,160,IBM
2025-12-22,9:41:31.244464071,T,299.01,40,299.74,160,IBM
2025-12-22,9:41:31.770491188,T,299.46,40,299.74,160,IBM
2025-12-22,9:41:37.214701355,T,299.46,40,299.74,120,IBM
2025-12-22,9:41:38.189537041,T,299.05,40,299.74,120,IBM
2025-12-22,9:41:39.069732290,T,299.15,200,299.74,120,IBM
2025-12-22,9:41:39.389573750,T,299.61,40,299.74,120,IBM
2025-12-22,9:41:43.881422073,T,299.15,200,299.74,120,IBM
2025-12-22,9:41:43.882148721,T,299.15,200,299.74,160,IBM
2025-12-22,9:41:43.882264010,T,299.15,200,299.74,240,IBM
2025-12-22,9:41:43.882489585,T,299.15,200,299.68,40,IBM
2025-12-22,9:41:43.882524663,T,299.15,200,299.6,40,IBM
2025-12-22,9:41:43.882685029,T,299.05,40,299.6,40,IBM
2025-12-22,9:41:43.882725076,T,299.02,40,299.6,40,IBM
2025-12-22,9:41:43.882725076,T,299.01,40,299.6,40,IBM
2025-12-22,9:41:43.882875423,T,299.01,40,299.6,80,IBM
2025-12-22,9:41:43.882875423,T,299.01,40,299.6,40,IBM
2025-12-22,9:41:43.882925576,T,299.11,80,299.6,40,IBM
2025-12-22,9:41:43.897094318,T,299.11,80,299.59,40,IBM
2025-12-22,9:41:43.897194530,T,299.11,80,299.46,40,IBM
2025-12-22,9:41:43.905544411,T,299.11,80,299.74,120,IBM
2025-12-22,9:41:43.907178301,T,299.11,80,299.74,160,IBM
2025-12-22,9:41:43.917482784,T,299.11,80,299.73,40,IBM
2025-12-22,9:41:43.922660120,T,299.11,80,299.73,80,IBM
2025-12-22,9:41:43.923762760,T,299.11,80,299.73,120,IBM
2025-12-22,9:41:43.977731294,T,299.11,80,299.73,80,IBM
2025-12-22,9:41:44.130184152,T,299.11,80,299.73,40,IBM
2025-12-22,9:41:44.136449069,T,299.11,80,299.72,40,IBM
2025-12-22,9:41:44.136564444,T,299.11,80,299.48,40,IBM
2025-12-22,9:41:44.137276042,T,299.11,160,299.48,40,IBM
2025-12-22,9:41:44.138990217,T,299.11,160,299.34,120,IBM
2025-12-22,9:41:44.140167977,T,299.12,40,299.34,120,IBM
2025-12-22,9:41:44.140188027,T,299.12,120,299.34,120,IBM
2025-12-22,9:41:44.140208080,T,299.12,200,299.34,120,IBM
2025-12-22,9:41:44.141145260,T,299.12,200,299.34,80,IBM
2025-12-22,9:41:44.165773951,T,299.12,200,299.48,40,IBM
2025-12-22,9:41:44.165798967,T,299.12,200,299.74,120,IBM
2025-12-22,9:41:44.165814076,T,299.12,120,299.74,120,IBM
2025-12-22,9:41:44.165814076,T,299.34,80,299.74,120,IBM
2025-12-22,9:41:44.165834122,T,299.34,160,299.74,120,IBM
2025-12-22,9:41:44.165849171,T,299.34,80,299.74,120,IBM
2025-12-22,9:41:44.166976818,T,299.23,40,299.74,120,IBM
2025-12-22,9:41:44.167001884,T,299.36,80,299.74,120,IBM
2025-12-22,9:41:44.388574320,T,299.36,80,299.63,40,IBM
2025-12-22,9:41:44.392659060,T,299.36,80,299.74,120,IBM
2025-12-22,9:41:44.445394580,T,299.36,80,299.63,40,IBM
2025-12-22,9:41:44.445815556,T,299.36,80,299.63,80,IBM
2025-12-22,9:41:45.026703431,T,299.36,80,299.63,40,IBM
2025-12-22,9:41:46.272644336,T,299.37,40,299.63,40,IBM
2025-12-22,9:41:46.272689458,T,299.37,120,299.63,40,IBM
2025-12-22,9:41:51.239022062,T,299.38,40,299.63,40,IBM
2025-12-22,9:41:51.239042148,T,299.41,80,299.63,40,IBM
2025-12-22,9:41:51.239077163,T,299.38,40,299.63,40,IBM
2025-12-22,9:41:51.239107336,T,299.38,40,299.62,40,IBM
2025-12-22,9:41:51.239152342,T,299.38,40,299.52,40,IBM
2025-12-22,9:41:51.239222543,T,299.38,40,299.62,80,IBM
2025-12-22,9:41:51.239262690,T,299.38,40,299.51,40,IBM
2025-12-22,9:41:51.239372956,T,299.37,40,299.51,40,IBM
2025-12-22,9:41:51.239393023,T,299.01,240,299.51,40,IBM
2025-12-22,9:41:51.239413011,T,299.01,200,299.51,40,IBM
2025-12-22,9:41:51.239483326,T,299.01,200,299.61,40,IBM
2025-12-22,9:41:51.239894181,T,299.01,200,299.51,40,IBM
2025-12-22,9:41:51.242089398,T,299.01,200,299.47,40,IBM
2025-12-22,9:41:51.242475304,T,298.99,80,299.47,40,IBM
2025-12-22,9:41:51.242946441,T,298.99,80,299.51,40,IBM
2025-12-22,9:41:51.244144328,T,298.99,80,299.47,80,IBM
2025-12-22,9:41:51.244164310,T,298.99,40,299.47,80,IBM
2025-12-22,9:41:51.297395995,T,298.99,40,299.47,40,IBM
2025-12-22,9:41:51.297441137,T,298.99,40,299.51,40,IBM
2025-12-22,9:41:51.298573852,T,298.99,40,299.51,80,IBM
2025-12-22,9:41:51.495031520,T,298.99,40,299.51,120,IBM
2025-12-22,9:41:52.341145780,T,298.99,40,299.51,80,IBM
2025-12-22,9:41:58.008767783,T,298.99,40,299.51,40,IBM
2025-12-22,9:41:58.777763444,T,299.12,80,299.51,40,IBM
2025-12-22,9:41:59.124744430,T,299.12,80,299.58,40,IBM
2025-12-22,9:41:59.125927331,T,299.12,80,299.51,40,IBM
2025-12-22,9:41:59.126232994,T,299.12,80,299.31,40,IBM
2025-12-22,9:41:59.126253323,T,299.12,80,299.51,40,IBM
2025-12-22,9:41:59.126278513,T,299.22,40,299.51,40,IBM
2025-12-22,9:41:59.127646409,T,299.22,40,299.58,40,IBM
2025-12-22,9:41:59.128613700,T,299.22,40,299.51,40,IBM
2025-12-22,9:41:59.128633696,T,299.22,40,299.58,40,IBM
2025-12-22,9:41:59.128638731,T,299.12,80,299.58,40,IBM
2025-12-22,9:41:59.974772994,T,298.99,80,299.58,40,IBM
2025-12-22,9:42:00.770281845,T,298.91,40,299.58,40,IBM
2025-12-22,9:42:00.967872211,T,298.9,40,299.58,40,IBM
2025-12-22,9:42:01.247803530,T,299.21,40,299.58,40,IBM
2025-12-22,9:42:02.595982864,T,299.07,40,299.58,40,IBM
2025-12-22,9:42:02.595992908,T,299.07,40,299.49,40,IBM
2025-12-22,9:42:02.596007883,T,298.9,40,299.49,40,IBM
2025-12-22,9:42:02.596037976,T,298.9,40,299.32,40,IBM
2025-12-22,9:42:02.616251126,T,298.9,40,299.32,80,IBM
2025-12-22,9:42:05.842651615,T,298.9,40,299.22,40,IBM
2025-12-22,9:42:05.842982410,T,298.9,40,299.23,40,IBM
2025-12-22,9:42:05.846701324,T,298.9,40,299.32,80,IBM
2025-12-22,9:42:05.847157355,T,298.9,40,299.32,40,IBM
2025-12-22,9:42:05.893547800,T,298.9,40,299.21,40,IBM
2025-12-22,9:42:05.893973868,T,298.9,40,299.21,80,IBM
2025-12-22,9:42:06.059718366,T,298.9,40,299.21,40,IBM
2025-12-22,9:42:06.151461760,T,298.75,40,299.21,40,IBM
2025-12-22,9:42:06.190860564,T,299.01,40,299.21,40,IBM
2025-12-22,9:42:08.248584132,T,299.01,40,299.47,120,IBM
2025-12-22,9:42:08.951537710,T,299.01,40,299.47,80,IBM
2025-12-22,9:42:08.951938653,T,299.01,40,299.39,40,IBM
2025-12-22,9:42:09.494996339,T,298.75,40,299.39,40,IBM
2025-12-22,9:42:10.734025889,T,299.09,120,299.39,40,IBM
2025-12-22,9:42:24.666337437,T,299.09,120,299.36,40,IBM
2025-12-22,9:42:25.191181795,T,299.09,120,299.36,80,IBM
2025-12-22,9:42:25.191417456,T,299.09,120,299.36,120,IBM
2025-12-22,9:42:25.924788324,T,299.09,120,299.36,80,IBM
2025-12-22,9:42:26.581862559,T,299.09,120,299.36,40,IBM
2025-12-22,9:42:29.098192626,T,299.15,40,299.36,40,IBM
2025-12-22,9:42:29.098212683,T,299.16,40,299.36,40,IBM
2025-12-22,9:42:29.098353014,T,299.16,40,299.39,40,IBM
2025-12-22,9:42:29.098463296,T,299.17,40,299.39,40,IBM
2025-12-22,9:42:29.098578545,T,299.21,40,299.39,40,IBM
2025-12-22,9:42:29.098603663,T,299.21,40,299.44,80,IBM
2025-12-22,9:42:29.098613667,T,299.21,40,299.39,40,IBM
2025-12-22,9:42:29.099420829,T,299.17,40,299.39,40,IBM
2025-12-22,9:42:29.099435646,T,299.17,40,299.39,80,IBM
2025-12-22,9:42:29.099470754,T,299.09,120,299.39,80,IBM
2025-12-22,9:42:29.099485777,T,299.09,120,299.36,40,IBM
2025-12-22,9:42:29.099515778,T,299.09,120,299.36,80,IBM
2025-12-22,9:42:29.100858990,T,299.09,120,299.36,40,IBM
2025-12-22,9:42:29.106412266,T,299.09,120,299.36,80,IBM
2025-12-22,9:42:33.743977179,T,299.09,120,299.36,40,IBM
2025-12-22,9:42:33.859792951,T,299.09,120,299.39,80,IBM
2025-12-22,9:42:37.952566373,T,299.09,120,299.39,40,IBM
2025-12-22,9:42:37.952571068,T,299.09,120,299.44,80,IBM
2025-12-22,9:42:37.952726487,T,299.09,120,299.59,40,IBM
2025-12-22,9:42:37.953262776,T,299.09,120,299.26,80,IBM
2025-12-22,9:42:41.201314817,T,298.83,160,299.26,80,IBM
2025-12-22,9:42:41.201339817,T,298.83,160,299.18,40,IBM
2025-12-22,9:42:41.203454884,T,298.75,40,299.18,40,IBM
2025-12-22,9:42:41.203484898,T,298.73,80,299.18,40,IBM
2025-12-22,9:42:44.549550626,T,298.73,80,299.18,80,IBM
2025-12-22,9:42:44.549660975,T,298.73,80,299.09,40,IBM
2025-12-22,9:42:44.549690954,T,298.73,80,299.08,40,IBM
2025-12-22,9:42:44.550082037,T,298.73,40,299.08,40,IBM
2025-12-22,9:42:44.550142093,T,298.73,40,299.09,40,IBM
2025-12-22,9:42:44.557324211,T,298.87,40,299.09,40,IBM
2025-12-22,9:42:44.646501445,T,298.87,40,299.13,40,IBM
2025-12-22,9:42:44.680798057,T,298.88,40,299.13,40,IBM
2025-12-22,9:42:44.681043736,T,298.88,40,299.13,80,IBM
2025-12-22,9:42:45.176302658,T,298.88,40,299.13,40,IBM
2025-12-22,9:42:47.636363821,T,298.89,40,299.13,40,IBM
2025-12-22,9:42:54.059233923,T,298.89,40,299.13,80,IBM
2025-12-22,9:42:54.063659364,T,298.89,40,299.13,40,IBM
2025-12-22,9:42:55.384879675,T,298.89,40,299.13,80,IBM
2025-12-22,9:42:55.702129810,T,298.89,40,299.14,40,IBM
2025-12-22,9:42:55.702550885,T,298.89,40,299.14,80,IBM
2025-12-22,9:42:56.204520758,T,298.89,40,299.14,40,IBM
2025-12-22,9:43:09.110870084,T,298.89,40,299.13,40,IBM
2025-12-22,9:43:09.111195856,T,298.89,40,299.14,80,IBM
2025-12-22,9:43:09.111195856,T,298.89,40,299.07,40,IBM
2025-12-22,9:43:09.111862450,T,298.89,40,299.14,80,IBM
2025-12-22,9:43:09.115591255,T,298.89,40,299.14,40,IBM
2025-12-22,9:43:09.134641654,T,298.89,40,299.13,40,IBM
2025-12-22,9:43:09.354820806,T,298.89,40,299.14,40,IBM
2025-12-22,9:43:10.954589135,T,298.88,40,299.14,40,IBM
2025-12-22,9:43:11.856621627,T,298.9,80,299.14,40,IBM
2025-12-22,9:43:14.007136069,T,299.01,40,299.14,40,IBM
2025-12-22,9:43:14.007617159,T,299.01,40,299.14,80,IBM
2025-12-22,9:43:14.007632185,T,299.01,40,299.14,40,IBM
2025-12-22,9:43:14.007652279,T,299.01,40,299.15,40,IBM
2025-12-22,9:43:14.007657313,T,299.01,40,299.14,40,IBM
2025-12-22,9:43:14.007807584,T,299.01,40,299.15,40,IBM
2025-12-22,9:43:14.007812634,T,299.01,40,299.14,40,IBM
2025-12-22,9:43:14.007837662,T,298.91,40,299.14,40,IBM
2025-12-22,9:43:14.016237708,T,298.9,80,299.14,40,IBM
2025-12-22,9:43:14.017636133,T,298.89,40,299.14,40,IBM
2025-12-22,9:43:14.041477783,T,298.88,40,299.14,40,IBM
2025-12-22,9:43:14.107159144,T,298.75,40,299.14,40,IBM
2025-12-22,9:43:15.344675113,T,299.01,40,299.14,40,IBM
2025-12-22,9:43:18.234770151,T,299.01,40,299.15,40,IBM
2025-12-22,9:43:18.234775110,T,299.01,40,299.14,40,IBM
2025-12-22,9:43:18.234790208,T,299.01,40,299.15,40,IBM
2025-12-22,9:43:18.240243127,T,299.01,40,299.14,80,IBM
2025-12-22,9:43:18.347593723,T,299.01,40,299.15,40,IBM
2025-12-22,9:43:18.451586259,T,299.01,40,299.26,40,IBM
2025-12-22,9:43:19.040583393,T,299.01,40,299.24,40,IBM
2025-12-22,9:43:22.732462333,T,299.01,40,299.21,40,IBM
2025-12-22,9:43:26.388971604,T,299.01,40,299.21,80,IBM
2025-12-22,9:43:26.392971174,T,299.01,40,299.21,40,IBM
2025-12-22,9:43:26.414216684,T,298.77,40,299.21,40,IBM
2025-12-22,9:43:26.414241833,T,298.75,40,299.21,40,IBM
2025-12-22,9:43:26.414266863,T,298.75,40,299.21,80,IBM
2025-12-22,9:43:26.414943430,T,298.75,40,299.13,40,IBM
2025-12-22,9:43:26.414978523,T,298.77,40,299.13,40,IBM
2025-12-22,9:43:26.509899514,T,298.77,40,299.21,40,IBM
2025-12-22,9:43:26.732479431,T,298.77,40,299.24,120,IBM
2025-12-22,9:43:26.736323531,T,298.77,40,299.24,80,IBM
2025-12-22,9:43:27.522575217,T,298.77,40,299.21,40,IBM
2025-12-22,9:43:27.957721180,T,298.77,40,299.21,80,IBM
2025-12-22,9:43:27.957731217,T,298.75,40,299.21,80,IBM
2025-12-22,9:43:27.958021884,T,298.75,40,299.07,40,IBM
2025-12-22,9:43:27.962176704,T,298.75,40,299.24,120,IBM
2025-12-22,9:43:28.184796689,T,298.75,40,299.21,40,IBM
2025-12-22,9:43:29.299019123,T,298.93,40,299.21,40,IBM
2025-12-22,9:43:31.112035250,T,298.75,40,299.21,40,IBM
2025-12-22,9:43:32.596063066,T,298.98,80,299.21,40,IBM
2025-12-22,9:43:34.142965670,T,298.98,80,299.11,80,IBM
2025-12-22,9:43:34.142965670,T,298.98,80,299.11,200,IBM
2025-12-22,9:43:34.143005698,T,298.98,80,299.11,280,IBM
2025-12-22,9:43:34.143015817,T,298.98,80,299.11,200,IBM
2025-12-22,9:43:34.143131093,T,298.98,80,299.11,280,IBM
2025-12-22,9:43:34.143151073,T,298.98,80,299.11,400,IBM
2025-12-22,9:43:34.143216261,T,298.98,80,299.11,480,IBM
2025-12-22,9:43:34.143437004,T,298.98,80,299.11,600,IBM
2025-12-22,9:43:34.143466987,T,298.98,80,299.11,480,IBM
2025-12-22,9:43:34.143466987,T,298.98,80,299.05,80,IBM
2025-12-22,9:43:34.143511925,T,298.98,80,299.05,600,IBM
2025-12-22,9:43:34.144008102,T,298.77,40,299.05,600,IBM
2025-12-22,9:43:34.144263691,T,298.75,40,299.05,600,IBM
2025-12-22,9:43:34.144283939,T,298.75,40,299.05,80,IBM
2025-12-22,9:43:34.144288757,T,298.75,40,299.0,80,IBM
2025-12-22,9:43:34.144313852,T,298.75,40,299.0,600,IBM
2025-12-22,9:43:34.144343959,T,298.75,40,299.0,480,IBM
2025-12-22,9:43:34.144363936,T,298.75,40,299.15,40,IBM
2025-12-22,9:43:34.144389002,T,298.75,40,299.0,480,IBM
2025-12-22,9:43:34.153570869,T,298.75,40,299.24,80,IBM
2025-12-22,9:43:34.153590978,T,298.95,80,299.24,80,IBM
2025-12-22,9:43:34.154147278,T,298.77,40,299.24,80,IBM
2025-12-22,9:43:34.154162260,T,298.75,40,299.24,80,IBM
2025-12-22,9:43:34.154668524,T,298.96,40,299.24,80,IBM
2025-12-22,9:43:34.250291110,T,298.96,40,299.11,40,IBM
2025-12-22,9:43:34.250802296,T,298.96,40,299.24,80,IBM
2025-12-22,9:43:34.531956605,T,298.96,40,299.24,120,IBM
2025-12-22,9:43:34.989074749,T,298.88,40,299.24,120,IBM
2025-12-22,9:43:34.989099880,T,298.77,40,299.24,120,IBM
2025-12-22,9:43:36.480104344,T,299.06,40,299.24,120,IBM
2025-12-22,9:43:39.832139288,T,299.06,40,299.24,80,IBM
2025-12-22,9:43:39.833071221,T,299.06,40,299.25,80,IBM
2025-12-22,9:43:39.833081266,T,299.06,40,299.24,40,IBM
2025-12-22,9:43:39.833186479,T,299.06,80,299.24,40,IBM
2025-12-22,9:43:39.833186479,T,299.12,40,299.24,40,IBM
2025-12-22,9:43:39.833196502,T,299.12,40,299.25,80,IBM
2025-12-22,9:43:39.833271721,T,299.06,80,299.25,80,IBM
2025-12-22,9:43:39.845074796,T,299.06,40,299.25,80,IBM
2025-12-22,9:43:39.868109683,T,299.06,80,299.25,80,IBM
2025-12-22,9:43:42.424635673,T,299.06,40,299.25,80,IBM
2025-12-22,9:43:46.581295616,T,298.89,40,299.25,80,IBM
2025-12-22,9:43:46.581571382,T,298.88,40,299.25,80,IBM
2025-12-22,9:43:46.581591403,T,298.88,40,299.24,40,IBM
2025-12-22,9:43:46.581641496,T,298.88,40,299.25,120,IBM
2025-12-22,9:43:46.581661590,T,298.88,40,299.25,80,IBM
2025-12-22,9:43:46.581796930,T,298.88,40,299.24,40,IBM
2025-12-22,9:43:46.581816976,T,299.01,80,299.24,40,IBM
2025-12-22,9:43:46.582533681,T,298.88,40,299.24,40,IBM
2025-12-22,9:43:46.582563853,T,298.88,40,299.25,120,IBM
2025-12-22,9:43:46.582563853,T,298.88,40,299.13,40,IBM
2025-12-22,9:43:46.583009775,T,298.88,40,299.12,40,IBM
2025-12-22,9:43:46.585215028,T,298.88,40,299.14,40,IBM
2025-12-22,9:43:46.585280139,T,298.88,40,299.24,40,IBM
2025-12-22,9:43:46.585450577,T,298.88,40,299.25,80,IBM
2025-12-22,9:43:46.585601035,T,298.93,40,299.25,80,IBM
2025-12-22,9:43:46.586092224,T,298.93,40,299.24,40,IBM
2025-12-22,9:43:46.831887216,T,298.93,40,299.25,80,IBM
2025-12-22,9:43:46.832177903,T,298.93,40,299.23,40,IBM
2025-12-22,9:43:47.226441504,T,298.93,40,299.25,80,IBM
2025-12-22,9:43:49.559234934,T,298.88,40,299.25,80,IBM
2025-12-22,9:43:50.227265330,T,299.01,40,299.25,80,IBM
2025-12-22,9:43:50.822803025,T,298.88,40,299.25,80,IBM
2025-12-22,9:43:50.822828171,T,298.88,40,299.13,40,IBM
2025-12-22,9:43:51.908843478,T,298.75,40,299.13,40,IBM
2025-12-22,9:43:57.073342671,T,298.74,40,299.13,40,IBM
2025-12-22,9:43:57.073688534,T,298.75,40,299.13,40,IBM
2025-12-22,9:43:58.270522675,T,298.75,40,299.13,80,IBM
2025-12-22,9:43:58.378740283,T,298.75,40,299.13,40,IBM
2025-12-22,9:43:58.877783261,T,298.75,40,299.14,80,IBM
2025-12-22,9:44:00.083538670,T,298.79,40,299.14,80,IBM
2025-12-22,9:44:00.083558718,T,298.75,40,299.14,80,IBM
2025-12-22,9:44:00.083578740,T,298.75,40,299.13,40,IBM
2025-12-22,9:44:00.084009786,T,298.79,40,299.13,40,IBM
2025-12-22,9:44:00.084105010,T,298.79,40,299.14,80,IBM
2025-12-22,9:44:01.028362982,T,298.91,40,299.14,80,IBM
2025-12-22,9:44:02.342651848,T,298.91,40,299.41,40,IBM
2025-12-22,9:44:02.342656795,T,298.91,40,299.14,80,IBM
2025-12-22,9:44:02.342667287,T,298.91,40,299.14,40,IBM
2025-12-22,9:44:02.342671897,T,298.91,40,299.41,40,IBM
2025-12-22,9:44:02.342671897,T,298.91,40,299.43,160,IBM
2025-12-22,9:44:02.342671897,T,298.99,40,299.43,160,IBM
2025-12-22,9:44:02.342716972,T,299.06,40,299.43,160,IBM
2025-12-22,9:44:02.343438708,T,298.99,40,299.43,160,IBM
2025-12-22,9:44:02.343453779,T,298.99,40,299.23,40,IBM
2025-12-22,9:44:02.346801654,T,298.91,40,299.23,40,IBM
2025-12-22,9:44:02.563221882,T,298.79,40,299.23,40,IBM
2025-12-22,9:44:02.563256949,T,298.75,40,299.23,40,IBM
2025-12-22,9:44:02.613035473,T,298.79,40,299.23,40,IBM
2025-12-22,9:44:02.656914981,T,298.89,40,299.23,40,IBM
2025-12-22,9:44:03.131259245,T,299.01,80,299.23,40,IBM
2025-12-22,9:44:09.205404037,T,298.79,40,299.23,40,IBM
2025-12-22,9:44:09.205404037,T,298.79,40,299.22,40,IBM
2025-12-22,9:44:09.205424145,T,298.79,40,299.12,40,IBM
2025-12-22,9:44:09.206211014,T,298.79,40,299.12,80,IBM
2025-12-22,9:44:09.571345130,T,298.79,40,299.12,120,IBM
2025-12-22,9:44:14.407232241,T,298.79,40,299.12,80,IBM
2025-12-22,9:44:16.530211148,T,298.79,40,299.12,120,IBM
2025-12-22,9:44:16.586429940,T,298.79,40,299.12,80,IBM
2025-12-22,9:44:22.141318737,T,298.75,40,299.12,80,IBM
2025-12-22,9:44:22.141363910,T,298.75,40,299.12,120,IBM
2025-12-22,9:44:22.141408970,T,298.75,40,299.11,40,IBM
2025-12-22,9:44:22.141644490,T,298.75,40,299.1,40,IBM
2025-12-22,9:44:22.142030418,T,298.75,40,298.96,40,IBM
2025-12-22,9:44:22.142902508,T,298.75,40,299.01,40,IBM
2025-12-22,9:44:22.733468300,T,298.85,40,299.01,40,IBM
2025-12-22,9:44:22.733889265,T,298.85,40,299.01,80,IBM
2025-12-22,9:44:27.151916731,T,298.75,40,299.01,80,IBM
2025-12-22,9:44:27.151941871,T,298.75,40,298.93,40,IBM
2025-12-22,9:44:27.152382913,T,298.75,40,299.01,40,IBM
2025-12-22,9:44:27.152733729,T,298.75,40,298.93,40,IBM
2025-12-22,9:44:27.152823914,T,298.74,40,298.93,40,IBM
2025-12-22,9:44:27.154407832,T,298.74,40,298.99,40,IBM
2025-12-22,9:44:27.156683128,T,298.74,40,299.14,120,IBM
2025-12-22,9:44:27.819470891,T,298.74,40,299.0,40,IBM
2025-12-22,9:44:28.904318500,T,298.74,40,298.97,40,IBM
2025-12-22,9:44:29.543540177,T,298.76,40,298.97,40,IBM
2025-12-22,9:44:29.744904613,T,298.76,40,298.97,80,IBM
2025-12-22,9:44:30.093364376,T,298.74,40,298.97,80,IBM
2025-12-22,9:44:30.093364376,T,298.41,200,298.97,80,IBM
2025-12-22,9:44:30.093389227,T,298.41,200,298.87,40,IBM
2025-12-22,9:44:30.093740202,T,298.41,200,298.87,80,IBM
2025-12-22,9:44:30.093910402,T,298.41,200,298.85,40,IBM
2025-12-22,9:44:30.094105948,T,298.41,200,298.85,80,IBM
2025-12-22,9:44:30.094136045,T,298.41,200,298.85,40,IBM
2025-12-22,9:44:30.094140946,T,298.41,200,298.75,40,IBM
2025-12-22,9:44:30.094998057,T,298.41,200,298.81,40,IBM
2025-12-22,9:44:30.098020221,T,298.41,200,298.87,40,IBM
2025-12-22,9:44:30.098551539,T,298.41,200,298.97,40,IBM
2025-12-22,9:44:30.194860793,T,298.41,200,298.76,40,IBM
2025-12-22,9:44:30.194865833,T,298.41,200,298.74,40,IBM
2025-12-22,9:44:30.194890774,T,298.41,200,298.67,40,IBM
2025-12-22,9:44:30.195086247,T,298.32,40,298.67,40,IBM
2025-12-22,9:44:30.197156239,T,298.33,80,298.67,40,IBM
2025-12-22,9:44:30.203315880,T,298.33,80,298.97,40,IBM
2025-12-22,9:44:30.703882554,T,298.39,80,298.97,40,IBM
2025-12-22,9:44:30.743677206,T,298.39,80,299.0,40,IBM
2025-12-22,9:44:31.739572930,T,298.51,40,299.0,40,IBM
2025-12-22,9:44:31.744153830,T,298.51,40,298.67,40,IBM
2025-12-22,9:44:45.743550399,T,298.51,40,298.74,40,IBM
2025-12-22,9:44:53.966415555,T,298.55,80,298.74,40,IBM
2025-12-22,9:44:53.967257487,T,298.55,120,298.74,40,IBM
2025-12-22,9:44:53.967287616,T,298.61,40,298.74,40,IBM
2025-12-22,9:44:53.967302619,T,298.55,120,298.74,40,IBM
2025-12-22,9:44:53.967899099,T,298.55,80,298.74,40,IBM
2025-12-22,9:44:53.968525550,T,298.55,120,298.74,40,IBM
2025-12-22,9:44:53.969663232,T,298.55,80,298.74,40,IBM
2025-12-22,9:44:54.135472949,T,298.55,80,298.74,80,IBM
2025-12-22,9:44:55.382812169,T,298.56,40,298.74,80,IBM
2025-12-22,9:44:56.728771261,T,298.55,80,298.74,80,IBM
2025-12-22,9:44:56.728791321,T,298.55,80,298.65,40,IBM
2025-12-22,9:44:56.728806284,T,298.55,40,298.65,40,IBM
2025-12-22,9:44:56.728816519,T,298.39,80,298.65,40,IBM
2025-12-22,9:44:56.729412810,T,298.27,160,298.65,40,IBM
2025-12-22,9:44:56.729583126,T,298.27,160,298.65,80,IBM
