DATE,TIME_M,EX,BID,BIDSIZ,ASK,ASKSIZ,SYM_ROOT
2025-10-14,9:30:00.805621931,T,275.14,100,276.0,100,IBM
2025-10-14,9:30:00.820306883,T,275.14,100,276.0,200,IBM
2025-10-14,9:30:00.825624542,T,272.1,100,276.0,200,IBM
2025-10-14,9:30:01.018223051,T,272.1,100,276.0,100,IBM
2025-10-14,9:30:01.019140225,T,272.1,100,275.83,100,IBM
2025-10-14,9:30:01.036065556,T,272.1,100,276.0,100,IBM
2025-10-14,9:30:01.036165828,T,274.94,100,276.0,100,IBM
2025-10-14,9:30:01.056093244,T,272.1,100,276.0,100,IBM
2025-10-14,9:30:01.120376824,T,273.0,100,276.0,100,IBM
2025-10-14,9:30:01.138609641,T,273.0,100,276.0,200,IBM
2025-10-14,9:30:01.138674901,T,273.0,100,276.0,300,IBM
2025-10-14,9:30:01.213783590,T,272.2,100,276.0,300,IBM
2025-10-14,9:30:01.224990288,T,272.84,100,276.0,300,IBM
2025-10-14,9:30:01.303702764,T,272.84,100,276.0,200,IBM
2025-10-14,9:30:01.327975490,T,272.2,100,276.0,200,IBM
2025-10-14,9:30:01.334636342,T,275.0,100,276.0,200,IBM
2025-10-14,9:30:01.362211985,T,275.0,100,276.0,100,IBM
2025-10-14,9:30:01.362247043,T,272.84,100,276.0,100,IBM
2025-10-14,9:30:01.362262147,T,272.84,100,277.48,100,IBM
2025-10-14,9:30:01.362287221,T,276.0,100,277.48,100,IBM
2025-10-14,9:30:01.362347322,T,273.0,100,277.48,100,IBM
2025-10-14,9:30:01.362597885,T,272.84,100,277.48,100,IBM
2025-10-14,9:30:01.362768291,T,272.84,100,276.0,100,IBM
2025-10-14,9:30:01.362838551,T,272.2,100,276.0,100,IBM
2025-10-14,9:30:01.363028920,T,272.84,100,276.0,100,IBM
2025-10-14,9:30:01.363044022,T,272.2,100,276.0,100,IBM
2025-10-14,9:30:01.371078061,T,272.2,100,275.97,100,IBM
2025-10-14,9:30:01.375603986,T,272.2,100,276.0,200,IBM
2025-10-14,9:30:01.383582917,T,272.2,100,275.97,100,IBM
2025-10-14,9:30:01.506089571,T,272.2,100,275.97,200,IBM
2025-10-14,9:30:01.524338027,T,272.2,100,275.97,300,IBM
2025-10-14,9:30:01.524398126,T,272.2,100,275.97,200,IBM
2025-10-14,9:30:01.524398126,T,272.2,100,275.97,300,IBM
2025-10-14,9:30:01.528743450,T,272.2,100,275.97,200,IBM
2025-10-14,9:30:01.668476135,T,272.84,100,275.97,200,IBM
2025-10-14,9:30:01.756355300,T,272.84,100,275.97,300,IBM
2025-10-14,9:30:01.826311877,T,272.2,100,275.97,300,IBM
2025-10-14,9:30:02.833389402,T,272.2,100,275.97,200,IBM
2025-10-14,9:30:03.128090953,T,273.0,100,275.97,200,IBM
2025-10-14,9:30:03.468611600,T,272.84,100,275.97,200,IBM
2025-10-14,9:30:03.729873566,T,275.0,100,275.97,200,IBM
2025-10-14,9:30:03.855136872,T,272.84,100,275.97,200,IBM
2025-10-14,9:30:04.456408316,T,273.0,100,275.97,200,IBM
2025-10-14,9:30:04.746448806,T,275.0,100,275.97,200,IBM
2025-10-14,9:30:04.860826101,T,273.0,100,275.97,200,IBM
2025-10-14,9:30:04.861247008,T,275.0,100,275.97,200,IBM
2025-10-14,9:30:05.147348176,T,273.0,100,275.97,200,IBM
2025-10-14,9:30:06.157543110,T,272.84,100,275.97,200,IBM
2025-10-14,9:30:06.291161273,T,274.5,100,275.97,200,IBM
2025-10-14,9:30:06.464649201,T,274.98,100,275.97,200,IBM
2025-10-14,9:30:15.825083343,T,274.98,100,275.97,100,IBM
2025-10-14,9:30:15.825098371,T,274.98,100,276.55,200,IBM
2025-10-14,9:30:15.835593320,T,274.98,100,276.18,100,IBM
2025-10-14,9:30:16.142884912,T,274.98,100,276.55,200,IBM
2025-10-14,9:30:20.120629649,T,274.98,100,276.18,100,IBM
2025-10-14,9:30:30.018809189,T,275.0,100,276.18,100,IBM
2025-10-14,9:30:30.518824547,T,275.01,100,276.18,100,IBM
2025-10-14,9:30:30.526568068,T,274.98,100,276.18,100,IBM
2025-10-14,9:30:31.025631061,T,275.01,100,276.18,100,IBM
2025-10-14,9:30:31.033284289,T,274.98,100,276.18,100,IBM
2025-10-14,9:30:31.529425471,T,275.01,100,276.18,100,IBM
2025-10-14,9:30:31.537198976,T,274.98,100,276.18,100,IBM
2025-10-14,9:30:32.035124373,T,275.01,100,276.18,100,IBM
2025-10-14,9:30:32.042872843,T,274.98,100,276.18,100,IBM
2025-10-14,9:30:32.542136473,T,275.01,100,276.18,100,IBM
2025-10-14,9:30:32.549814721,T,274.98,100,276.18,100,IBM
2025-10-14,9:30:33.098992107,T,275.01,100,276.18,100,IBM
2025-10-14,9:30:33.106735564,T,274.98,100,276.18,100,IBM
2025-10-14,9:30:38.352529174,T,275.0,100,276.18,100,IBM
2025-10-14,9:30:39.897657815,T,275.01,100,276.18,100,IBM
2025-10-14,9:30:39.905651808,T,274.98,100,276.18,100,IBM
2025-10-14,9:30:41.563669011,T,275.0,100,276.18,100,IBM
2025-10-14,9:30:43.229033604,T,275.01,100,276.18,100,IBM
2025-10-14,9:30:43.237218060,T,274.98,100,276.18,100,IBM
2025-10-14,9:30:44.581904494,T,274.99,100,276.18,100,IBM
2025-10-14,9:30:46.569290739,T,274.98,100,276.18,100,IBM
2025-10-14,9:31:01.027456626,T,275.03,200,276.18,100,IBM
2025-10-14,9:31:01.787982400,T,275.03,200,275.9,100,IBM
2025-10-14,9:31:01.788408253,T,275.03,200,275.9,200,IBM
2025-10-14,9:31:02.355748878,T,275.03,200,275.9,100,IBM
2025-10-14,9:31:02.920092402,T,275.03,200,275.9,200,IBM
2025-10-14,9:31:05.324686890,T,275.03,200,275.9,300,IBM
2025-10-14,9:31:05.324717053,T,275.03,200,275.89,100,IBM
2025-10-14,9:31:05.324717053,T,275.03,200,275.9,300,IBM
2025-10-14,9:31:05.324952533,T,275.03,200,275.9,200,IBM
2025-10-14,9:31:05.325137978,T,275.03,200,275.9,100,IBM
2025-10-14,9:31:05.325443732,T,275.03,200,275.89,100,IBM
2025-10-14,9:31:05.325739497,T,275.03,200,275.9,100,IBM
2025-10-14,9:31:05.331543216,T,275.04,100,275.9,100,IBM
2025-10-14,9:31:05.331598392,T,275.04,100,275.98,100,IBM
2025-10-14,9:31:05.424770173,T,275.04,100,276.18,100,IBM
2025-10-14,9:31:05.692031477,T,275.04,100,275.98,100,IBM
2025-10-14,9:31:05.697258886,T,275.04,100,276.18,100,IBM
2025-10-14,9:31:05.782441707,T,275.04,100,275.98,100,IBM
2025-10-14,9:31:06.025465215,T,275.04,100,276.18,100,IBM
2025-10-14,9:31:12.480838555,T,275.04,100,275.78,100,IBM
2025-10-14,9:31:12.481049119,T,275.04,100,275.78,200,IBM
2025-10-14,9:31:12.481264617,T,275.04,100,275.78,300,IBM
2025-10-14,9:31:12.481274580,T,275.04,100,275.78,400,IBM
2025-10-14,9:31:23.143072105,T,275.04,100,275.78,300,IBM
2025-10-14,9:31:38.961045000,T,275.04,100,275.78,200,IBM
2025-10-14,9:31:46.411983541,T,275.04,100,275.78,100,IBM
2025-10-14,9:31:46.412214051,T,275.04,100,276.18,100,IBM
2025-10-14,9:31:46.509681137,T,274.79,200,276.18,100,IBM
2025-10-14,9:31:46.511244819,T,275.22,100,276.18,100,IBM
2025-10-14,9:31:47.523855690,T,275.22,100,276.2,300,IBM
2025-10-14,9:31:47.523890836,T,275.22,100,276.18,100,IBM
2025-10-14,9:31:47.910626339,T,275.22,100,276.2,300,IBM
2025-10-14,9:31:53.089901514,T,275.22,100,276.2,100,IBM
2025-10-14,9:31:53.089906464,T,275.22,100,276.02,200,IBM
2025-10-14,9:32:07.748268504,T,275.0,100,276.02,200,IBM
2025-10-14,9:32:07.748268504,T,274.79,200,276.02,200,IBM
2025-10-14,9:32:07.748273543,T,274.79,200,275.99,100,IBM
2025-10-14,9:32:07.748293576,T,274.79,200,275.22,100,IBM
2025-10-14,9:32:07.748333719,T,274.79,200,275.46,100,IBM
2025-10-14,9:32:07.748338742,T,274.79,200,275.22,100,IBM
2025-10-14,9:32:07.748514124,T,274.79,200,275.22,200,IBM
2025-10-14,9:32:07.748724893,T,274.79,200,275.22,300,IBM
2025-10-14,9:32:07.748905082,T,274.79,200,275.22,200,IBM
2025-10-14,9:32:07.749010249,T,274.79,200,275.21,100,IBM
2025-10-14,9:32:07.749461319,T,274.79,200,275.22,200,IBM
2025-10-14,9:32:07.749591641,T,274.79,200,275.21,100,IBM
2025-10-14,9:32:07.749626986,T,274.79,200,275.22,300,IBM
2025-10-14,9:32:07.749636743,T,274.79,200,275.22,200,IBM
2025-10-14,9:32:07.750990001,T,274.5,200,275.22,200,IBM
2025-10-14,9:32:07.753120113,T,274.5,100,275.22,200,IBM
2025-10-14,9:32:07.758573027,T,274.5,100,275.22,100,IBM
2025-10-14,9:32:07.759861181,T,274.5,100,275.6,200,IBM
2025-10-14,9:32:07.799415256,T,274.5,200,275.6,200,IBM
2025-10-14,9:32:07.799435391,T,274.5,100,275.6,200,IBM
2025-10-14,9:32:07.799460435,T,274.5,200,275.6,200,IBM
2025-10-14,9:32:07.799465360,T,274.5,100,275.6,200,IBM
2025-10-14,9:32:07.799741080,T,274.5,100,275.6,300,IBM
2025-10-14,9:32:07.799741080,T,274.78,100,275.6,300,IBM
2025-10-14,9:32:07.799951512,T,274.78,100,275.6,400,IBM
2025-10-14,9:32:07.808251328,T,274.5,200,275.6,400,IBM
2025-10-14,9:32:07.855849606,T,274.67,200,275.6,400,IBM
2025-10-14,9:32:08.210744504,T,274.67,200,275.6,200,IBM
2025-10-14,9:32:14.009203909,T,274.67,200,275.52,100,IBM
2025-10-14,9:32:14.062636111,T,274.67,200,275.81,100,IBM
2025-10-14,9:32:14.062666188,T,274.67,200,275.88,200,IBM
2025-10-14,9:32:14.186701533,T,274.67,200,275.79,100,IBM
2025-10-14,9:32:14.186851822,T,274.5,200,275.79,100,IBM
2025-10-14,9:32:15.945503818,T,274.59,100,275.79,100,IBM
2025-10-14,9:32:17.358953765,T,274.64,200,275.79,100,IBM
2025-10-14,9:32:17.358983838,T,274.64,300,275.79,100,IBM
2025-10-14,9:32:19.456197049,T,274.7,100,275.79,100,IBM
2025-10-14,9:32:19.456221846,T,274.64,200,275.79,100,IBM
2025-10-14,9:32:19.456236845,T,274.64,200,275.7,100,IBM
2025-10-14,9:32:19.456246838,T,274.7,100,275.7,100,IBM
2025-10-14,9:32:19.456352144,T,274.64,300,275.7,100,IBM
2025-10-14,9:32:19.456372145,T,274.64,300,275.79,100,IBM
2025-10-14,9:32:19.456697947,T,274.7,100,275.79,100,IBM
2025-10-14,9:32:19.456718041,T,274.64,200,275.79,100,IBM
2025-10-14,9:32:19.456743035,T,274.7,100,275.79,100,IBM
2025-10-14,9:32:19.456813276,T,274.7,100,275.88,200,IBM
2025-10-14,9:32:19.456828311,T,274.64,200,275.88,200,IBM
2025-10-14,9:32:19.456833325,T,274.64,300,275.88,200,IBM
2025-10-14,9:32:19.456853295,T,274.71,100,275.88,200,IBM
2025-10-14,9:32:19.457058818,T,274.64,300,275.88,200,IBM
2025-10-14,9:32:19.457079078,T,274.64,200,275.88,200,IBM
2025-10-14,9:32:19.457083896,T,274.64,200,275.8,100,IBM
2025-10-14,9:32:19.458086216,T,274.64,200,275.88,200,IBM
2025-10-14,9:32:19.458562458,T,274.64,300,275.88,200,IBM
2025-10-14,9:32:19.459569839,T,274.64,200,275.88,200,IBM
2025-10-14,9:32:20.200889711,T,274.64,200,276.09,100,IBM
2025-10-14,9:32:20.200899703,T,274.64,200,275.71,200,IBM
2025-10-14,9:32:20.270670853,T,274.64,200,275.41,100,IBM
2025-10-14,9:32:20.271096785,T,274.64,200,275.41,200,IBM
2025-10-14,9:32:22.758192728,T,274.64,200,275.41,100,IBM
2025-10-14,9:32:23.238751863,T,274.64,200,275.41,200,IBM
2025-10-14,9:32:24.340760224,T,274.64,200,275.41,100,IBM
2025-10-14,9:32:25.079133052,T,274.64,300,275.41,100,IBM
2025-10-14,9:32:25.079178146,T,274.71,100,275.41,100,IBM
2025-10-14,9:32:25.079198251,T,274.71,100,275.71,200,IBM
2025-10-14,9:32:25.079233373,T,275.05,100,275.71,200,IBM
2025-10-14,9:32:25.079248373,T,275.06,100,275.71,200,IBM
2025-10-14,9:32:25.079569067,T,275.12,100,275.71,200,IBM
2025-10-14,9:32:25.080235690,T,275.06,100,275.71,200,IBM
2025-10-14,9:32:25.089101788,T,274.64,300,275.71,200,IBM
2025-10-14,9:32:25.097727351,T,274.64,300,275.6,100,IBM
2025-10-14,9:32:25.097747346,T,274.64,200,275.6,100,IBM
2025-10-14,9:32:26.416627351,T,274.64,200,275.71,200,IBM
2025-10-14,9:32:26.724635612,T,274.64,200,275.58,100,IBM
2025-10-14,9:32:30.888934599,T,274.5,200,275.58,100,IBM
2025-10-14,9:32:30.888939611,T,274.81,200,275.58,100,IBM
2025-10-14,9:32:30.889150202,T,274.81,300,275.58,100,IBM
2025-10-14,9:32:31.405454278,T,274.81,400,275.58,100,IBM
2025-10-14,9:32:34.675804756,T,274.81,300,275.58,100,IBM
2025-10-14,9:32:34.675975188,T,274.81,200,275.58,100,IBM
2025-10-14,9:32:35.917510923,T,274.81,300,275.58,100,IBM
2025-10-14,9:32:35.917535920,T,275.15,100,275.58,100,IBM
2025-10-14,9:32:35.917946928,T,275.15,100,275.71,200,IBM
2025-10-14,9:32:35.917956976,T,275.15,200,275.71,200,IBM
2025-10-14,9:32:35.917977001,T,275.24,100,275.71,200,IBM
2025-10-14,9:32:35.918307800,T,275.29,100,275.71,200,IBM
2025-10-14,9:32:35.918397978,T,275.24,100,275.71,200,IBM
2025-10-14,9:32:35.918413028,T,275.24,100,275.7,100,IBM
2025-10-14,9:32:35.920533099,T,275.15,300,275.7,100,IBM
2025-10-14,9:32:35.922242151,T,275.15,200,275.7,100,IBM
2025-10-14,9:32:35.922502728,T,275.15,100,275.7,100,IBM
2025-10-14,9:32:35.928517142,T,274.85,100,275.7,100,IBM
2025-10-14,9:32:35.928569318,T,274.85,100,275.7,200,IBM
2025-10-14,9:32:35.928587234,T,274.85,100,275.69,100,IBM
2025-10-14,9:32:35.943036621,T,274.85,200,275.69,100,IBM
2025-10-14,9:32:35.943247120,T,274.85,300,275.69,100,IBM
2025-10-14,9:32:35.965946187,T,274.85,200,275.69,100,IBM
2025-10-14,9:32:35.965951211,T,274.85,100,275.69,100,IBM
2025-10-14,9:32:35.970652432,T,274.96,100,275.69,100,IBM
2025-10-14,9:32:35.970867954,T,274.96,200,275.69,100,IBM
2025-10-14,9:32:36.021989661,T,274.96,100,275.69,100,IBM
2025-10-14,9:32:36.028038965,T,274.87,100,275.69,100,IBM
2025-10-14,9:32:36.028069089,T,274.84,100,275.69,100,IBM
2025-10-14,9:32:36.168017280,T,274.81,200,275.69,100,IBM
2025-10-14,9:32:43.186826940,T,274.84,100,275.69,100,IBM
2025-10-14,9:32:43.187308054,T,274.84,100,275.85,200,IBM
2025-10-14,9:32:43.187348188,T,274.87,100,275.85,200,IBM
2025-10-14,9:32:43.187408280,T,275.24,100,275.85,200,IBM
2025-10-14,9:32:43.187408280,T,274.87,100,275.85,200,IBM
2025-10-14,9:32:43.187413372,T,275.24,100,275.85,200,IBM
2025-10-14,9:32:43.187428392,T,275.25,100,275.85,200,IBM
2025-10-14,9:32:43.187448752,T,275.33,100,275.85,200,IBM
2025-10-14,9:32:43.187448752,T,275.46,100,275.85,200,IBM
2025-10-14,9:32:43.187949618,T,275.46,200,275.85,200,IBM
2025-10-14,9:32:43.187969604,T,275.46,100,275.85,200,IBM
2025-10-14,9:32:43.188049880,T,275.58,100,275.85,200,IBM
2025-10-14,9:32:43.188265313,T,275.58,100,275.85,300,IBM
2025-10-14,9:32:43.188450769,T,275.58,100,275.85,400,IBM
2025-10-14,9:32:43.188475823,T,275.46,100,275.85,400,IBM
2025-10-14,9:32:43.188526198,T,275.46,100,275.85,200,IBM
2025-10-14,9:32:43.188531030,T,275.46,100,275.85,100,IBM
2025-10-14,9:32:43.189227671,T,275.25,100,275.85,100,IBM
2025-10-14,9:32:43.189342874,T,275.25,100,275.85,200,IBM
2025-10-14,9:32:43.193342579,T,275.23,100,275.85,200,IBM
2025-10-14,9:32:43.193382555,T,275.23,100,275.85,300,IBM
2025-10-14,9:32:43.193407561,T,275.23,100,275.85,200,IBM
2025-10-14,9:32:43.193417648,T,275.23,100,275.85,100,IBM
2025-10-14,9:32:43.193442733,T,275.23,100,275.84,200,IBM
2025-10-14,9:32:43.210839155,T,275.23,100,275.84,300,IBM
2025-10-14,9:32:43.219970866,T,275.01,100,275.84,300,IBM
2025-10-14,9:32:43.219990837,T,275.0,100,275.84,300,IBM
2025-10-14,9:32:43.220000884,T,274.99,100,275.84,300,IBM
2025-10-14,9:32:43.246158154,T,274.99,100,275.84,200,IBM
2025-10-14,9:32:43.246193223,T,275.0,100,275.84,200,IBM
2025-10-14,9:32:43.288037933,T,274.99,100,275.84,200,IBM
2025-10-14,9:32:43.397328036,T,274.99,100,275.84,100,IBM
2025-10-14,9:32:43.410810187,T,274.84,100,275.84,100,IBM
2025-10-14,9:32:43.411556934,T,275.01,100,275.84,100,IBM
2025-10-14,9:32:43.411772466,T,275.01,200,275.84,100,IBM
2025-10-14,9:32:43.542613953,T,275.01,100,275.84,100,IBM
2025-10-14,9:32:43.856461016,T,275.01,200,275.84,100,IBM
2025-10-14,9:32:44.377291008,T,275.01,200,276.03,200,IBM
2025-10-14,9:32:44.377301074,T,275.01,100,276.03,200,IBM
2025-10-14,9:32:44.377306042,T,275.23,100,276.03,200,IBM
2025-10-14,9:32:44.377336093,T,275.53,100,276.03,200,IBM
2025-10-14,9:32:44.383831535,T,275.53,100,276.41,100,IBM
2025-10-14,9:32:44.383841624,T,275.53,100,276.41,300,IBM
2025-10-14,9:32:44.387209630,T,275.01,100,276.41,300,IBM
2025-10-14,9:32:44.387269746,T,275.01,100,276.18,100,IBM
2025-10-14,9:32:44.414128753,T,275.01,100,276.41,300,IBM
2025-10-14,9:32:44.414339233,T,275.01,200,276.41,300,IBM
2025-10-14,9:32:44.427801258,T,275.01,100,276.41,300,IBM
2025-10-14,9:32:44.427996687,T,275.23,100,276.41,300,IBM
2025-10-14,9:32:44.877346444,T,274.84,100,276.41,300,IBM
2025-10-14,9:32:44.878193460,T,275.01,100,276.41,300,IBM
2025-10-14,9:32:44.878404060,T,275.01,200,276.41,300,IBM
2025-10-14,9:32:44.895058688,T,275.01,200,276.18,100,IBM
2025-10-14,9:32:44.903483691,T,275.01,200,276.41,300,IBM
2025-10-14,9:32:44.932342393,T,275.01,200,276.25,100,IBM
2025-10-14,9:32:44.963747213,T,275.01,200,276.21,100,IBM
2025-10-14,9:32:45.041682690,T,275.01,100,276.21,100,IBM
2025-10-14,9:32:45.396853221,T,275.01,100,276.18,100,IBM
2025-10-14,9:32:45.405328434,T,275.01,100,276.21,100,IBM
2025-10-14,9:32:45.904867703,T,275.01,100,276.18,100,IBM
2025-10-14,9:32:45.913553433,T,275.01,100,276.21,100,IBM
2025-10-14,9:32:46.481726029,T,275.01,100,276.18,100,IBM
2025-10-14,9:32:46.481766146,T,275.01,100,276.21,100,IBM
2025-10-14,9:32:48.149115685,T,275.01,100,276.18,100,IBM
2025-10-14,9:32:48.149150729,T,275.01,100,276.21,100,IBM
2025-10-14,9:32:48.429207386,T,275.01,100,276.21,200,IBM
2025-10-14,9:32:49.814099266,T,275.01,100,276.18,100,IBM
2025-10-14,9:32:49.814139362,T,275.01,100,276.21,200,IBM
2025-10-14,9:32:49.814520314,T,275.01,100,276.21,100,IBM
2025-10-14,9:32:50.883785941,T,275.01,100,276.21,200,IBM
2025-10-14,9:32:50.883826039,T,275.15,100,276.21,200,IBM
2025-10-14,9:32:50.883831017,T,275.23,100,276.21,200,IBM
2025-10-14,9:32:50.884758499,T,275.23,200,276.21,200,IBM
2025-10-14,9:32:50.887825563,T,275.23,200,276.21,100,IBM
2025-10-14,9:32:50.888201376,T,275.23,100,276.21,100,IBM
2025-10-14,9:32:51.483659096,T,275.23,100,276.18,100,IBM
2025-10-14,9:32:51.483704188,T,275.23,100,276.21,100,IBM
2025-10-14,9:32:51.483734183,T,275.23,200,276.21,100,IBM
2025-10-14,9:32:53.150657954,T,275.23,200,276.18,100,IBM
2025-10-14,9:32:53.150687938,T,275.23,100,276.18,100,IBM
2025-10-14,9:32:53.150698074,T,275.23,100,276.21,100,IBM
2025-10-14,9:32:53.336274768,T,275.23,200,276.21,100,IBM
2025-10-14,9:32:53.850213319,T,275.23,300,276.21,100,IBM
2025-10-14,9:32:54.818919538,T,275.23,300,276.18,100,IBM
2025-10-14,9:32:54.818949682,T,275.23,200,276.18,100,IBM
2025-10-14,9:32:54.827424887,T,275.23,200,276.21,100,IBM
2025-10-14,9:32:54.827449855,T,275.23,300,276.21,100,IBM
2025-10-14,9:32:56.366985068,T,275.23,200,276.21,100,IBM
2025-10-14,9:32:56.485762784,T,275.23,200,276.2,100,IBM
2025-10-14,9:32:56.494268102,T,275.23,200,276.21,100,IBM
2025-10-14,9:32:58.150886995,T,275.23,200,276.2,100,IBM
2025-10-14,9:32:58.159367162,T,275.23,200,276.21,100,IBM
2025-10-14,9:32:58.686096337,T,275.23,300,276.21,100,IBM
2025-10-14,9:32:59.096924367,T,275.23,200,276.21,100,IBM
2025-10-14,9:32:59.096934429,T,275.23,100,276.21,100,IBM
2025-10-14,9:32:59.098633467,T,275.03,200,276.21,100,IBM
2025-10-14,9:32:59.098633467,T,275.23,100,276.21,100,IBM
2025-10-14,9:32:59.202365365,T,275.03,200,276.21,100,IBM
2025-10-14,9:32:59.816537558,T,275.03,200,276.2,100,IBM
2025-10-14,9:32:59.825022659,T,275.03,200,276.21,100,IBM
2025-10-14,9:32:59.828475977,T,275.34,100,276.21,100,IBM
2025-10-14,9:32:59.828912004,T,275.35,100,276.21,100,IBM
2025-10-14,9:32:59.828942053,T,275.03,300,276.21,100,IBM
2025-10-14,9:32:59.828942053,T,275.34,100,276.21,100,IBM
2025-10-14,9:32:59.829944429,T,275.03,300,276.21,100,IBM
2025-10-14,9:32:59.846473835,T,275.34,100,276.21,100,IBM
2025-10-14,9:32:59.872295263,T,275.29,100,276.21,100,IBM
2025-10-14,9:33:00.102317876,T,275.35,100,276.21,100,IBM
2025-10-14,9:33:00.238026020,T,275.27,200,276.21,100,IBM
2025-10-14,9:33:08.282978583,T,275.27,200,276.21,200,IBM
2025-10-14,9:33:09.803563610,T,275.27,200,276.21,300,IBM
2025-10-14,9:33:14.855761300,T,275.5,100,276.21,300,IBM
2025-10-14,9:33:17.851603551,T,275.27,200,276.21,300,IBM
2025-10-14,9:33:17.854244841,T,275.27,200,276.21,200,IBM
2025-10-14,9:33:23.437938005,T,275.27,200,276.21,100,IBM
2025-10-14,9:33:24.692539882,T,275.27,200,276.2,100,IBM
2025-10-14,9:33:24.692965937,T,275.27,200,276.2,200,IBM
2025-10-14,9:33:24.820699972,T,275.27,200,276.2,300,IBM
2025-10-14,9:33:28.993303628,T,275.27,200,276.2,200,IBM
2025-10-14,9:33:40.978661871,T,275.27,200,276.2,300,IBM
2025-10-14,9:33:50.752936679,T,275.27,200,276.2,200,IBM
2025-10-14,9:33:50.752951597,T,275.27,200,276.2,100,IBM
2025-10-14,9:33:50.753121993,T,275.27,200,276.18,100,IBM
2025-10-14,9:33:50.866356624,T,275.27,200,276.2,100,IBM
2025-10-14,9:33:51.321710924,T,275.27,200,276.18,100,IBM
2025-10-14,9:33:54.518451236,T,275.27,200,276.1,100,IBM
2025-10-14,9:33:54.518661657,T,275.27,200,276.1,200,IBM
2025-10-14,9:33:54.518872215,T,275.27,200,276.1,300,IBM
2025-10-14,9:33:58.145110152,T,275.27,200,276.1,200,IBM
2025-10-14,9:34:00.883384390,T,275.27,200,276.1,100,IBM
2025-10-14,9:34:00.883660013,T,275.27,200,276.18,100,IBM
2025-10-14,9:34:16.098391708,T,275.27,200,276.08,100,IBM
2025-10-14,9:34:16.098812706,T,275.27,200,276.08,200,IBM
2025-10-14,9:34:17.000258873,T,275.27,200,276.08,300,IBM
2025-10-14,9:34:23.005470501,T,275.27,200,276.08,400,IBM
2025-10-14,9:34:31.006403573,T,275.27,200,276.08,500,IBM
2025-10-14,9:34:31.007060130,T,275.5,400,276.08,500,IBM
2025-10-14,9:34:31.007080187,T,275.5,500,276.08,500,IBM
2025-10-14,9:34:31.007080187,T,275.5,600,276.08,500,IBM
2025-10-14,9:34:31.007180455,T,275.5,200,276.08,500,IBM
2025-10-14,9:34:31.007180455,T,275.52,100,276.08,500,IBM
2025-10-14,9:34:31.007205513,T,275.52,600,276.08,500,IBM
2025-10-14,9:34:31.007255644,T,275.52,600,276.08,400,IBM
2025-10-14,9:34:31.018196672,T,275.52,600,276.08,300,IBM
2025-10-14,9:34:31.665086586,T,275.52,600,276.08,200,IBM
2025-10-14,9:34:31.665121711,T,275.52,600,275.81,100,IBM
2025-10-14,9:34:31.665542734,T,275.52,600,275.81,200,IBM
2025-10-14,9:34:32.131156112,T,275.53,100,275.81,200,IBM
2025-10-14,9:34:32.131181274,T,275.53,600,275.81,200,IBM
2025-10-14,9:34:39.661343235,T,275.53,600,275.81,100,IBM
2025-10-14,9:34:42.555829543,T,275.53,100,275.81,100,IBM
2025-10-14,9:34:42.555864272,T,275.59,100,275.81,100,IBM
2025-10-14,9:34:42.555889377,T,275.59,600,275.81,100,IBM
2025-10-14,9:34:42.556405576,T,275.59,600,275.81,200,IBM
2025-10-14,9:34:42.557468150,T,275.59,100,275.81,200,IBM
2025-10-14,9:34:42.557468150,T,275.61,100,275.81,200,IBM
2025-10-14,9:34:42.557488144,T,275.61,600,275.81,200,IBM
2025-10-14,9:34:42.673258790,T,275.61,600,275.81,100,IBM
2025-10-14,9:34:42.673850125,T,275.61,600,275.81,200,IBM
2025-10-14,9:34:53.127111190,T,275.61,100,275.81,200,IBM
2025-10-14,9:34:53.127116096,T,275.62,100,275.81,200,IBM
2025-10-14,9:34:53.127136193,T,275.62,600,275.81,200,IBM
2025-10-14,9:35:00.785037401,T,275.62,600,275.81,300,IBM
2025-10-14,9:35:04.354961378,T,275.62,600,275.81,200,IBM
2025-10-14,9:35:04.355041590,T,275.62,600,275.81,100,IBM
2025-10-14,9:35:04.363186032,T,275.62,500,275.81,100,IBM
2025-10-14,9:35:04.363186032,T,275.62,400,275.81,100,IBM
2025-10-14,9:35:04.363236128,T,275.62,300,275.81,100,IBM
2025-10-14,9:35:04.363256073,T,275.26,200,275.81,100,IBM
2025-10-14,9:35:04.363281157,T,275.26,200,275.63,100,IBM
2025-10-14,9:35:04.363521792,T,275.26,200,275.81,200,IBM
2025-10-14,9:35:04.363541782,T,275.26,200,275.81,100,IBM
2025-10-14,9:35:04.363561816,T,275.36,100,275.81,100,IBM
2025-10-14,9:35:04.363702140,T,275.36,100,275.83,100,IBM
2025-10-14,9:35:04.363987861,T,275.36,100,276.01,100,IBM
2025-10-14,9:35:04.364468973,T,275.4,100,276.01,100,IBM
2025-10-14,9:35:04.364554204,T,275.36,100,276.01,100,IBM
2025-10-14,9:35:04.463705272,T,275.26,200,276.01,100,IBM
2025-10-14,9:35:05.113431996,T,275.35,100,276.01,100,IBM
2025-10-14,9:35:05.342382093,T,275.35,100,276.08,300,IBM
2025-10-14,9:35:05.833215679,T,275.35,100,275.8,100,IBM
2025-10-14,9:35:05.833651703,T,275.35,100,275.8,200,IBM
2025-10-14,9:35:07.218333446,T,275.35,100,275.8,300,IBM
2025-10-14,9:35:07.429696428,T,275.35,100,275.8,200,IBM
2025-10-14,9:35:11.355748299,T,275.35,100,275.8,100,IBM
2025-10-14,9:35:11.356284591,T,275.35,100,276.08,200,IBM
2025-10-14,9:35:11.572173495,T,275.35,100,275.79,100,IBM
2025-10-14,9:35:11.572594512,T,275.35,100,275.79,200,IBM
2025-10-14,9:35:12.702118672,T,275.35,100,275.79,300,IBM
2025-10-14,9:35:12.702505004,T,275.26,300,275.79,300,IBM
2025-10-14,9:35:12.702505004,T,275.26,200,275.79,300,IBM
2025-10-14,9:35:12.704584554,T,275.26,200,275.58,100,IBM
2025-10-14,9:35:12.704644668,T,275.0,200,275.58,100,IBM
2025-10-14,9:35:12.704649701,T,275.1,200,275.58,100,IBM
2025-10-14,9:35:12.705160925,T,275.1,200,275.79,200,IBM
2025-10-14,9:35:12.705481663,T,275.1,200,275.58,100,IBM
2025-10-14,9:35:12.734991901,T,275.1,200,275.79,100,IBM
2025-10-14,9:35:12.735202394,T,275.1,200,275.79,200,IBM
2025-10-14,9:35:12.735623357,T,275.1,200,275.79,300,IBM
2025-10-14,9:35:13.046694016,T,275.1,200,275.49,100,IBM
2025-10-14,9:35:13.049911653,T,275.1,200,275.49,200,IBM
2025-10-14,9:35:13.050177309,T,275.1,200,275.49,100,IBM
2025-10-14,9:35:13.050207371,T,275.1,200,275.49,200,IBM
2025-10-14,9:35:13.775854918,T,275.0,100,275.49,200,IBM
2025-10-14,9:35:16.156141614,T,275.0,100,275.49,100,IBM
2025-10-14,9:35:16.156677832,T,275.0,100,275.84,200,IBM
2025-10-14,9:35:17.244542853,T,275.0,100,276.08,100,IBM
2025-10-14,9:35:17.244542853,T,275.0,100,275.7,200,IBM
2025-10-14,9:35:21.432568117,T,275.21,100,275.7,200,IBM
2025-10-14,9:35:21.450661265,T,275.28,100,275.7,200,IBM
2025-10-14,9:35:21.451367923,T,275.21,100,275.7,200,IBM
2025-10-14,9:35:21.453392702,T,275.21,200,275.7,200,IBM
2025-10-14,9:35:21.453929163,T,275.21,200,275.7,300,IBM
2025-10-14,9:35:21.456785802,T,275.21,200,275.7,100,IBM
2025-10-14,9:35:21.457196826,T,275.21,100,275.7,100,IBM
2025-10-14,9:35:21.705933936,T,275.28,100,275.7,100,IBM
2025-10-14,9:35:21.740987381,T,275.36,100,275.7,100,IBM
2025-10-14,9:35:21.741318209,T,275.28,100,275.7,100,IBM
2025-10-14,9:35:21.774026114,T,275.28,200,275.7,100,IBM
2025-10-14,9:35:21.853700751,T,275.28,100,275.7,100,IBM
2025-10-14,9:35:22.257677476,T,275.28,100,275.87,200,IBM
2025-10-14,9:35:24.122066113,T,275.28,100,275.87,300,IBM
2025-10-14,9:35:24.122271660,T,275.28,100,275.87,400,IBM
2025-10-14,9:35:26.092081064,T,275.25,100,275.87,400,IBM
2025-10-14,9:35:26.092502077,T,275.25,100,275.87,300,IBM
2025-10-14,9:35:38.931973871,T,275.28,100,275.87,300,IBM
2025-10-14,9:35:45.336746623,T,275.28,100,275.87,200,IBM
2025-10-14,9:35:46.708978376,T,275.28,200,275.87,200,IBM
2025-10-14,9:35:52.936559278,T,275.28,100,275.87,200,IBM
2025-10-14,9:35:53.058048472,T,275.25,200,275.87,200,IBM
2025-10-14,9:35:53.754070475,T,275.25,100,275.87,200,IBM
2025-10-14,9:35:53.754080599,T,275.25,100,275.64,100,IBM
2025-10-14,9:35:53.754331436,T,275.21,100,275.64,100,IBM
2025-10-14,9:35:53.754351155,T,275.21,100,275.5,100,IBM
2025-10-14,9:35:53.754361261,T,275.21,100,275.86,100,IBM
2025-10-14,9:35:53.754361261,T,275.21,100,275.4,100,IBM
2025-10-14,9:35:53.754446450,T,275.08,200,275.4,100,IBM
2025-10-14,9:35:53.754466705,T,275.08,200,275.3,100,IBM
2025-10-14,9:35:53.754491571,T,275.08,200,275.4,200,IBM
2025-10-14,9:35:53.754552022,T,275.0,100,275.4,200,IBM
2025-10-14,9:35:53.754556677,T,275.0,100,275.4,100,IBM
2025-10-14,9:35:53.755358580,T,275.0,100,275.39,100,IBM
2025-10-14,9:35:53.755383754,T,275.0,100,275.32,100,IBM
2025-10-14,9:35:53.755724425,T,275.0,100,275.19,100,IBM
2025-10-14,9:35:53.755829748,T,274.95,200,275.19,100,IBM
2025-10-14,9:35:53.755849763,T,274.95,200,275.0,100,IBM
2025-10-14,9:35:53.755899852,T,273.65,100,275.0,100,IBM
2025-10-14,9:35:53.755909859,T,273.65,100,275.18,100,IBM
2025-10-14,9:35:53.755934985,T,273.65,100,275.19,100,IBM
2025-10-14,9:35:53.755955052,T,274.1,100,275.19,100,IBM
2025-10-14,9:35:53.755970380,T,274.73,100,275.19,100,IBM
2025-10-14,9:35:53.756015183,T,274.73,100,275.18,100,IBM
2025-10-14,9:35:53.756045219,T,274.59,100,275.18,100,IBM
2025-10-14,9:35:53.756396019,T,274.59,100,275.28,100,IBM
2025-10-14,9:35:53.756406082,T,274.59,100,275.32,100,IBM
2025-10-14,9:35:53.756696722,T,274.74,100,275.32,100,IBM
2025-10-14,9:35:53.768379572,T,274.74,100,275.32,200,IBM
2025-10-14,9:35:53.796180789,T,274.74,100,275.32,100,IBM
2025-10-14,9:35:53.856213703,T,274.27,100,275.32,100,IBM
2025-10-14,9:35:53.859531548,T,274.74,200,275.32,100,IBM
2025-10-14,9:35:54.409871901,T,274.74,200,275.32,200,IBM
2025-10-14,9:35:54.410082394,T,274.74,200,275.32,300,IBM
2025-10-14,9:35:54.755650114,T,274.74,200,275.32,200,IBM
2025-10-14,9:35:54.932325728,T,274.74,200,275.32,300,IBM
2025-10-14,9:35:55.457120106,T,274.74,200,275.32,200,IBM
2025-10-14,9:35:55.499566154,T,274.74,200,275.32,300,IBM
2025-10-14,9:35:55.743692413,T,274.74,200,275.32,200,IBM
2025-10-14,9:35:56.154204687,T,274.74,200,275.32,300,IBM
2025-10-14,9:35:57.332188993,T,274.74,200,275.32,200,IBM
2025-10-14,9:35:57.332955872,T,274.74,200,275.32,300,IBM
2025-10-14,9:35:57.332985913,T,274.74,200,275.3,100,IBM
2025-10-14,9:35:57.333467017,T,274.74,200,275.3,200,IBM
2025-10-14,9:35:57.333893043,T,274.74,200,275.3,300,IBM
2025-10-14,9:35:57.385661395,T,274.74,200,275.3,200,IBM
2025-10-14,9:35:58.334279706,T,274.74,200,275.29,100,IBM
2025-10-14,9:35:58.334765879,T,274.74,200,275.29,200,IBM
2025-10-14,9:35:58.335191810,T,274.74,200,275.29,300,IBM
2025-10-14,9:35:59.354187822,T,274.74,200,275.29,400,IBM
2025-10-14,9:35:59.866688013,T,274.79,100,275.29,400,IBM
2025-10-14,9:36:00.477346729,T,274.79,100,275.29,300,IBM
2025-10-14,9:36:00.480273750,T,274.79,100,275.29,400,IBM
2025-10-14,9:36:01.844185844,T,274.79,100,275.27,100,IBM
2025-10-14,9:36:01.847949884,T,274.79,100,275.27,200,IBM
2025-10-14,9:36:01.848245551,T,274.79,100,275.27,300,IBM
2025-10-14,9:36:02.174111304,T,274.54,200,275.27,300,IBM
2025-10-14,9:36:02.541360531,T,274.75,100,275.27,300,IBM
2025-10-14,9:36:04.545917869,T,274.54,200,275.27,300,IBM
2025-10-14,9:36:04.910926894,T,274.69,100,275.27,300,IBM
2025-10-14,9:36:07.573385397,T,274.54,200,275.27,300,IBM
2025-10-14,9:36:09.361457178,T,274.72,100,275.27,300,IBM
2025-10-14,9:36:11.516347418,T,274.72,100,275.27,200,IBM
2025-10-14,9:36:11.516582947,T,274.72,100,275.27,100,IBM
2025-10-14,9:36:28.931572629,T,274.8,100,275.27,100,IBM
2025-10-14,9:36:29.028919377,T,274.72,100,275.27,100,IBM
2025-10-14,9:36:30.543485137,T,274.72,100,275.29,200,IBM
2025-10-14,9:36:30.543705661,T,274.72,100,275.26,100,IBM
2025-10-14,9:36:30.543896104,T,274.72,100,274.97,100,IBM
2025-10-14,9:36:30.544031453,T,274.72,100,274.9,100,IBM
2025-10-14,9:36:30.544061469,T,274.72,100,275.29,200,IBM
2025-10-14,9:36:30.544066491,T,274.72,100,274.9,100,IBM
2025-10-14,9:36:30.544332173,T,274.54,300,274.9,100,IBM
2025-10-14,9:36:30.544447721,T,274.54,200,274.9,100,IBM
2025-10-14,9:36:30.545048869,T,273.42,100,274.9,100,IBM
2025-10-14,9:36:30.545058878,T,274.38,200,274.9,100,IBM
2025-10-14,9:36:30.546552454,T,274.38,200,274.9,200,IBM
2025-10-14,9:36:30.547930688,T,274.38,200,274.9,100,IBM
2025-10-14,9:36:30.553559120,T,274.38,200,274.97,200,IBM
2025-10-14,9:36:30.554285811,T,274.38,200,274.97,100,IBM
2025-10-14,9:36:30.554706814,T,274.38,200,275.16,200,IBM
2025-10-14,9:36:31.938155587,T,274.38,200,274.97,100,IBM
2025-10-14,9:36:31.953647474,T,274.38,200,274.79,100,IBM
2025-10-14,9:36:31.954068800,T,274.38,200,274.79,200,IBM
2025-10-14,9:36:31.954068800,T,274.38,200,274.79,300,IBM
2025-10-14,9:36:31.954178638,T,273.31,100,274.79,300,IBM
2025-10-14,9:36:31.954183723,T,274.23,200,274.79,300,IBM
2025-10-14,9:36:31.957686989,T,274.23,200,274.79,200,IBM
2025-10-14,9:36:32.208148295,T,274.23,200,274.79,300,IBM
2025-10-14,9:36:32.355203650,T,274.23,200,274.79,400,IBM
2025-10-14,9:36:32.355208554,T,274.23,200,274.78,100,IBM
2025-10-14,9:36:32.355228445,T,274.23,200,274.77,100,IBM
2025-10-14,9:36:32.355233442,T,274.23,200,274.75,100,IBM
2025-10-14,9:36:32.355233442,T,274.23,200,274.77,100,IBM
2025-10-14,9:36:32.355468984,T,274.23,200,274.77,200,IBM
2025-10-14,9:36:32.355484104,T,274.23,200,274.75,100,IBM
2025-10-14,9:36:32.355639386,T,274.23,200,274.77,200,IBM
2025-10-14,9:36:32.355714555,T,274.23,200,274.77,100,IBM
2025-10-14,9:36:32.355859934,T,274.23,200,274.77,200,IBM
2025-10-14,9:36:32.356421298,T,274.23,200,274.77,100,IBM
2025-10-14,9:36:32.365908853,T,274.23,200,274.78,100,IBM
2025-10-14,9:36:32.455030974,T,274.23,200,274.79,200,IBM
2025-10-14,9:36:32.458203600,T,274.23,200,274.78,100,IBM
2025-10-14,9:36:32.462243199,T,274.23,200,274.79,200,IBM
2025-10-14,9:36:32.469530526,T,273.08,100,274.79,200,IBM
2025-10-14,9:36:32.469535509,T,274.1,200,274.79,200,IBM
2025-10-14,9:36:32.494956040,T,274.1,200,274.77,100,IBM
2025-10-14,9:36:32.495246823,T,274.1,200,274.51,100,IBM
2025-10-14,9:36:32.495672824,T,274.1,200,274.51,200,IBM
2025-10-14,9:36:32.499291382,T,274.1,200,274.51,100,IBM
2025-10-14,9:36:32.778922112,T,274.1,200,274.51,200,IBM
2025-10-14,9:36:32.778942156,T,274.1,200,274.51,100,IBM
2025-10-14,9:36:32.778942156,T,274.1,200,274.51,200,IBM
2025-10-14,9:36:32.779002244,T,274.1,200,274.51,300,IBM
2025-10-14,9:36:33.026852286,T,274.1,200,274.51,200,IBM
2025-10-14,9:36:33.111278255,T,273.0,100,274.51,200,IBM
2025-10-14,9:36:33.111288301,T,273.96,200,274.51,200,IBM
2025-10-14,9:36:33.183475121,T,274.2,100,274.51,200,IBM
2025-10-14,9:36:33.183500210,T,274.2,100,274.51,100,IBM
2025-10-14,9:36:33.249116379,T,273.96,200,274.51,100,IBM
2025-10-14,9:36:35.749513971,T,273.96,200,274.51,200,IBM
2025-10-14,9:36:35.749524003,T,273.96,200,274.51,100,IBM
2025-10-14,9:36:38.082864026,T,274.11,100,274.51,100,IBM
2025-10-14,9:36:38.161902221,T,273.96,200,274.51,100,IBM
2025-10-14,9:36:39.830589672,T,274.11,100,274.51,100,IBM
2025-10-14,9:36:39.944711312,T,273.96,200,274.51,100,IBM
2025-10-14,9:36:41.343721918,T,274.11,100,274.51,100,IBM
2025-10-14,9:36:41.506118506,T,273.96,200,274.51,100,IBM
2025-10-14,9:36:41.950917472,T,274.11,100,274.51,100,IBM
2025-10-14,9:36:42.194296878,T,273.96,200,274.51,100,IBM
2025-10-14,9:36:42.655900761,T,274.11,100,274.51,100,IBM
2025-10-14,9:36:42.711367727,T,273.96,200,274.51,100,IBM
2025-10-14,9:36:42.716088938,T,273.96,200,274.38,100,IBM
2025-10-14,9:36:42.716515007,T,273.96,200,274.38,200,IBM
2025-10-14,9:36:42.718990880,T,273.96,200,274.32,100,IBM
2025-10-14,9:36:42.727035089,T,273.96,200,274.54,100,IBM
2025-10-14,9:36:42.834977074,T,273.96,200,274.32,100,IBM
2025-10-14,9:36:42.835403061,T,273.96,200,274.32,200,IBM
2025-10-14,9:36:43.063962204,T,273.96,200,274.32,100,IBM
2025-10-14,9:36:43.115494847,T,273.96,200,274.32,200,IBM
2025-10-14,9:36:43.338495731,T,273.96,200,274.32,100,IBM
2025-10-14,9:36:43.663233867,T,273.96,200,274.32,200,IBM
2025-10-14,9:36:43.909760735,T,273.96,200,274.23,100,IBM
2025-10-14,9:36:43.910061501,T,273.96,200,274.32,100,IBM
2025-10-14,9:36:43.910066469,T,273.96,200,274.1,100,IBM
2025-10-14,9:36:43.910437421,T,273.96,100,274.1,100,IBM
2025-10-14,9:36:43.910457573,T,273.42,100,274.1,100,IBM
2025-10-14,9:36:43.910477436,T,273.0,100,274.1,100,IBM
2025-10-14,9:36:43.911585167,T,272.91,100,274.1,100,IBM
2025-10-14,9:36:43.912582449,T,273.0,100,274.1,100,IBM
2025-10-14,9:36:43.912607691,T,272.75,100,274.1,100,IBM
2025-10-14,9:36:43.912642666,T,273.0,100,274.1,100,IBM
2025-10-14,9:36:43.916381523,T,273.0,100,274.21,100,IBM
2025-10-14,9:36:43.916697275,T,273.0,100,274.32,100,IBM
2025-10-14,9:36:43.921954790,T,273.0,100,274.37,300,IBM
2025-10-14,9:36:43.964927077,T,273.54,200,274.37,300,IBM
2025-10-14,9:36:44.035019024,T,273.54,200,273.99,100,IBM
2025-10-14,9:36:45.709470307,T,273.54,200,274.37,300,IBM
2025-10-14,9:36:45.709490386,T,273.86,100,274.37,300,IBM
2025-10-14,9:36:45.710136872,T,273.86,100,274.37,400,IBM
2025-10-14,9:36:45.710277141,T,273.86,100,274.32,100,IBM
2025-10-14,9:36:45.710317263,T,273.54,200,274.32,100,IBM
2025-10-14,9:36:45.710382457,T,273.25,100,274.32,100,IBM
2025-10-14,9:36:45.710387495,T,273.7,200,274.32,100,IBM
2025-10-14,9:36:45.710833550,T,273.92,100,274.32,100,IBM
2025-10-14,9:36:45.739216127,T,273.92,100,274.37,300,IBM
2025-10-14,9:36:45.739216127,T,273.99,100,274.37,300,IBM
2025-10-14,9:36:45.909812247,T,273.7,200,274.37,300,IBM
2025-10-14,9:36:46.361442370,T,273.96,100,274.37,300,IBM
2025-10-14,9:36:46.445818195,T,273.99,100,274.37,300,IBM
2025-10-14,9:36:46.550006257,T,273.96,100,274.37,300,IBM
2025-10-14,9:36:47.221725426,T,274.0,100,274.37,300,IBM
2025-10-14,9:36:47.221760491,T,273.99,100,274.37,300,IBM
2025-10-14,9:36:47.221800563,T,274.13,100,274.37,300,IBM
2025-10-14,9:36:47.221860739,T,274.06,100,274.37,300,IBM
2025-10-14,9:36:47.221860739,T,274.22,100,274.37,300,IBM
2025-10-14,9:36:47.222266693,T,274.22,100,274.37,200,IBM
2025-10-14,9:36:47.222271744,T,274.22,100,274.37,100,IBM
2025-10-14,9:36:47.222296731,T,274.22,100,274.53,100,IBM
2025-10-14,9:36:47.222371927,T,274.13,100,274.53,100,IBM
2025-10-14,9:36:47.222542394,T,274.22,100,274.53,100,IBM
2025-10-14,9:36:47.222617530,T,274.22,100,274.54,100,IBM
2025-10-14,9:36:47.222617530,T,274.22,100,274.77,100,IBM
2025-10-14,9:36:47.224572199,T,273.96,100,274.77,100,IBM
2025-10-14,9:36:47.354266147,T,273.96,100,274.38,100,IBM
2025-10-14,9:36:47.423611052,T,273.96,100,274.54,100,IBM
2025-10-14,9:36:47.510071830,T,273.96,100,274.77,100,IBM
2025-10-14,9:36:47.510427729,T,273.96,100,274.79,400,IBM
2025-10-14,9:36:47.511374940,T,273.96,100,274.54,100,IBM
2025-10-14,9:36:55.482396448,T,273.96,100,274.77,100,IBM
2025-10-14,9:36:55.482677108,T,273.99,100,274.77,100,IBM
2025-10-14,9:36:55.482767286,T,273.99,200,274.77,100,IBM
2025-10-14,9:36:55.913643142,T,274.01,100,274.77,100,IBM
2025-10-14,9:36:55.913653113,T,274.02,100,274.77,100,IBM
2025-10-14,9:36:55.913728266,T,274.06,100,274.77,100,IBM
2025-10-14,9:36:55.914640500,T,274.02,100,274.77,100,IBM
2025-10-14,9:36:55.923501606,T,273.99,200,274.77,100,IBM
2025-10-14,9:36:55.934522819,T,273.99,100,274.77,100,IBM
2025-10-14,9:36:56.164184548,T,273.96,100,274.77,100,IBM
2025-10-14,9:37:00.052451429,T,273.96,100,274.54,100,IBM
2025-10-14,9:37:03.407543927,T,273.96,100,274.67,100,IBM
2025-10-14,9:37:03.407689321,T,274.0,100,274.67,100,IBM
2025-10-14,9:37:03.507672249,T,273.96,100,274.67,100,IBM
2025-10-14,9:37:10.061344448,T,273.97,100,274.67,100,IBM
2025-10-14,9:37:10.061374478,T,273.96,100,274.67,100,IBM
2025-10-14,9:37:10.061419594,T,273.96,100,274.77,100,IBM
2025-10-14,9:37:10.061830566,T,273.97,100,274.77,100,IBM
2025-10-14,9:37:10.061960911,T,274.04,100,274.77,100,IBM
2025-10-14,9:37:10.061975980,T,274.04,100,274.79,400,IBM
2025-10-14,9:37:10.062056157,T,274.04,100,274.79,300,IBM
2025-10-14,9:37:10.062146404,T,274.13,100,274.79,300,IBM
2025-10-14,9:37:10.062286743,T,274.18,100,274.79,300,IBM
2025-10-14,9:37:10.062321782,T,274.2,100,274.79,300,IBM
2025-10-14,9:37:10.062832989,T,274.2,100,274.79,400,IBM
2025-10-14,9:37:10.064426805,T,274.2,100,274.79,300,IBM
2025-10-14,9:37:10.066145856,T,274.2,100,274.79,100,IBM
2025-10-14,9:37:10.070436116,T,274.04,100,274.79,100,IBM
2025-10-14,9:37:10.072019915,T,273.96,100,274.79,100,IBM
2025-10-14,9:37:10.176984731,T,273.96,100,275.08,100,IBM
2025-10-14,9:37:10.177475892,T,273.96,100,275.08,200,IBM
2025-10-14,9:37:10.182928855,T,273.96,100,275.0,100,IBM
2025-10-14,9:37:10.193965228,T,273.96,100,275.0,200,IBM
2025-10-14,9:37:10.312011176,T,273.96,100,275.0,100,IBM
2025-10-14,9:37:11.171467254,T,273.96,100,274.97,100,IBM
2025-10-14,9:37:11.445529744,T,273.96,100,274.97,200,IBM
2025-10-14,9:37:13.063195939,T,273.96,100,274.96,100,IBM
2025-10-14,9:37:13.068789243,T,273.96,100,275.08,100,IBM
2025-10-14,9:37:14.977864181,T,273.96,100,275.1,100,IBM
2025-10-14,9:37:16.608766889,T,273.96,100,274.78,100,IBM
2025-10-14,9:37:16.616355395,T,273.96,100,274.78,200,IBM
2025-10-14,9:37:16.657317502,T,273.96,100,274.78,100,IBM
2025-10-14,9:37:16.941459004,T,273.96,100,275.1,100,IBM
2025-10-14,9:37:19.780362589,T,273.96,100,274.97,100,IBM
2025-10-14,9:37:19.780783722,T,273.96,100,274.97,200,IBM
2025-10-14,9:37:19.904142237,T,273.96,100,274.97,100,IBM
2025-10-14,9:37:20.311256390,T,273.96,100,274.97,200,IBM
2025-10-14,9:37:20.316604143,T,273.96,100,274.96,100,IBM
2025-10-14,9:37:20.322257547,T,273.96,100,274.97,100,IBM
2025-10-14,9:37:20.322673502,T,273.96,100,275.08,100,IBM
2025-10-14,9:37:20.322703585,T,273.96,100,275.1,100,IBM
2025-10-14,9:37:21.881760082,T,273.96,100,275.08,100,IBM
2025-10-14,9:37:21.881775050,T,273.96,100,274.92,200,IBM
2025-10-14,9:37:21.882196127,T,273.96,100,274.92,300,IBM
2025-10-14,9:37:21.975367907,T,273.96,100,274.92,200,IBM
2025-10-14,9:37:23.063673851,T,274.18,200,274.92,200,IBM
2025-10-14,9:37:33.109845765,T,274.0,200,274.92,200,IBM
2025-10-14,9:37:51.098781496,T,274.0,200,274.88,100,IBM
2025-10-14,9:37:51.198774523,T,274.0,200,274.92,200,IBM
2025-10-14,9:37:52.239567358,T,274.0,200,274.92,300,IBM
2025-10-14,9:37:52.240208870,T,274.0,200,274.92,200,IBM
2025-10-14,9:37:52.240243940,T,274.38,100,274.92,200,IBM
2025-10-14,9:37:52.240504550,T,274.38,100,274.88,100,IBM
2025-10-14,9:37:52.240564738,T,274.49,100,274.88,100,IBM
2025-10-14,9:37:52.241557054,T,274.32,100,274.88,100,IBM
2025-10-14,9:37:52.243090734,T,274.04,100,274.88,100,IBM
2025-10-14,9:37:52.250117470,T,274.0,200,274.88,100,IBM
2025-10-14,9:37:52.710959524,T,274.02,100,274.88,100,IBM
2025-10-14,9:37:52.714974060,T,274.0,200,274.88,100,IBM
2025-10-14,9:37:57.720395438,T,274.0,200,274.84,100,IBM
2025-10-14,9:37:57.720420552,T,274.0,200,274.84,200,IBM
2025-10-14,9:38:09.371051779,T,274.0,200,274.84,300,IBM
2025-10-14,9:38:09.494164900,T,274.0,200,274.84,200,IBM
2025-10-14,9:38:09.887897320,T,274.0,200,274.84,300,IBM
2025-10-14,9:38:11.954261714,T,274.04,100,274.84,300,IBM
2025-10-14,9:38:11.954567386,T,274.37,100,274.84,300,IBM
2025-10-14,9:38:11.954823073,T,274.37,100,274.84,200,IBM
2025-10-14,9:38:11.958597006,T,274.04,100,274.84,200,IBM
2025-10-14,9:38:11.958597006,T,274.0,200,274.84,200,IBM
2025-10-14,9:38:11.959263587,T,273.99,100,274.84,200,IBM
2025-10-14,9:38:11.959268605,T,274.15,200,274.84,200,IBM
2025-10-14,9:38:14.363191658,T,274.15,200,274.84,300,IBM
2025-10-14,9:38:18.531896080,T,274.33,100,274.84,300,IBM
2025-10-14,9:38:18.536226340,T,274.15,200,274.84,300,IBM
2025-10-14,9:38:19.691286380,T,274.15,200,274.84,200,IBM
2025-10-14,9:38:30.715065222,T,274.33,100,274.84,200,IBM
2025-10-14,9:38:30.715420966,T,274.31,200,274.84,200,IBM
2025-10-14,9:38:31.865333808,T,274.31,200,274.7,100,IBM
2025-10-14,9:38:31.865358749,T,274.31,200,274.84,100,IBM
2025-10-14,9:38:38.643379953,T,274.31,200,274.84,200,IBM
2025-10-14,9:38:38.643555401,T,274.31,200,274.84,300,IBM
2025-10-14,9:38:38.643800975,T,274.31,200,274.84,400,IBM
2025-10-14,9:38:38.644607901,T,274.31,200,274.73,100,IBM
2025-10-14,9:38:38.644617895,T,274.31,200,274.71,100,IBM
2025-10-14,9:38:38.644673072,T,274.31,200,274.84,400,IBM
2025-10-14,9:38:38.644683059,T,274.31,200,274.7,100,IBM
2025-10-14,9:38:38.645144157,T,274.31,200,274.69,100,IBM
2025-10-14,9:38:38.648657538,T,274.31,200,274.7,100,IBM
2025-10-14,9:38:38.649845350,T,274.31,200,274.71,100,IBM
2025-10-14,9:38:38.654501434,T,274.31,200,274.84,500,IBM
2025-10-14,9:38:38.654536523,T,274.31,200,274.84,400,IBM
2025-10-14,9:38:38.654636760,T,274.31,200,274.84,500,IBM
2025-10-14,9:38:38.654646787,T,274.31,200,274.84,400,IBM
2025-10-14,9:38:38.654932470,T,274.31,200,274.84,500,IBM
2025-10-14,9:38:38.654957461,T,274.31,200,274.84,400,IBM
2025-10-14,9:38:38.655238164,T,273.96,100,274.84,400,IBM
2025-10-14,9:38:38.655243191,T,274.09,200,274.84,400,IBM
2025-10-14,9:38:38.655428584,T,274.09,200,274.84,500,IBM
2025-10-14,9:38:38.664991423,T,274.09,200,274.84,400,IBM
2025-10-14,9:38:38.664996379,T,274.09,200,274.84,300,IBM
2025-10-14,9:38:38.665462607,T,274.09,200,274.84,200,IBM
2025-10-14,9:38:38.722302877,T,274.09,200,274.84,100,IBM
2025-10-14,9:38:38.725545508,T,274.09,200,274.84,200,IBM
2025-10-14,9:38:38.725575637,T,274.09,200,274.84,100,IBM
2025-10-14,9:38:38.725575637,T,274.09,200,274.84,200,IBM
2025-10-14,9:38:38.729585221,T,274.09,200,274.84,100,IBM
2025-10-14,9:38:42.126296676,T,274.09,200,274.71,100,IBM
2025-10-14,9:38:42.126296676,T,274.09,200,274.84,100,IBM
2025-10-14,9:38:42.126722727,T,274.09,200,274.71,100,IBM
2025-10-14,9:38:42.126933227,T,274.09,200,274.71,200,IBM
2025-10-14,9:38:42.176446060,T,274.09,200,274.71,100,IBM
2025-10-14,9:38:42.176887123,T,274.09,200,274.71,200,IBM
2025-10-14,9:38:42.176917211,T,274.09,200,274.71,300,IBM
2025-10-14,9:38:44.674523031,T,273.96,100,274.71,300,IBM
2025-10-14,9:38:46.699258420,T,273.96,100,274.71,200,IBM
2025-10-14,9:38:48.405099386,T,274.05,100,274.71,200,IBM
2025-10-14,9:38:48.406086767,T,274.04,100,274.71,200,IBM
2025-10-14,9:38:48.414957906,T,273.96,100,274.71,200,IBM
2025-10-14,9:38:48.454271489,T,274.04,100,274.71,200,IBM
2025-10-14,9:38:48.454276444,T,274.05,100,274.71,200,IBM
2025-10-14,9:38:48.454301500,T,274.06,100,274.71,200,IBM
2025-10-14,9:38:48.455329001,T,274.02,100,274.71,200,IBM
2025-10-14,9:38:48.459318438,T,273.99,100,274.71,200,IBM
2025-10-14,9:38:48.463698900,T,274.1,200,274.71,200,IBM
2025-10-14,9:38:50.503640348,T,274.1,200,274.71,100,IBM
2025-10-14,9:38:50.984048993,T,274.1,200,274.84,100,IBM
2025-10-14,9:39:12.320824946,T,274.1,200,274.99,200,IBM
2025-10-14,9:39:12.321290974,T,274.04,100,274.99,200,IBM
2025-10-14,9:39:12.321301063,T,274.25,200,274.99,200,IBM
2025-10-14,9:39:12.321301063,T,274.25,200,275.08,100,IBM
2025-10-14,9:39:12.323220666,T,274.34,100,275.08,100,IBM
2025-10-14,9:39:12.323235629,T,274.45,100,275.08,100,IBM
2025-10-14,9:39:12.323245673,T,274.45,100,275.1,100,IBM
2025-10-14,9:39:12.323250804,T,274.51,100,275.1,100,IBM
2025-10-14,9:39:12.323255690,T,274.5,100,275.1,100,IBM
2025-10-14,9:39:12.323295772,T,274.5,100,275.17,200,IBM
2025-10-14,9:39:12.323345935,T,274.65,100,275.17,200,IBM
2025-10-14,9:39:12.323927272,T,274.5,100,275.17,200,IBM
2025-10-14,9:39:12.323962356,T,274.45,100,275.17,200,IBM
2025-10-14,9:39:12.323987446,T,274.5,100,275.17,200,IBM
2025-10-14,9:39:12.324017524,T,274.65,100,275.17,200,IBM
2025-10-14,9:39:12.324017524,T,274.5,100,275.17,200,IBM
2025-10-14,9:39:12.324378394,T,274.65,100,275.17,200,IBM
2025-10-14,9:39:12.327916824,T,274.5,100,275.17,200,IBM
2025-10-14,9:39:12.327941872,T,274.34,100,275.17,200,IBM
2025-10-14,9:39:12.331299820,T,274.34,100,275.26,100,IBM
2025-10-14,9:39:12.331330280,T,274.34,100,275.32,100,IBM
2025-10-14,9:39:12.331334905,T,274.34,100,275.26,100,IBM
2025-10-14,9:39:12.331365003,T,274.34,100,275.26,200,IBM
2025-10-14,9:39:12.333064068,T,274.25,200,275.26,200,IBM
2025-10-14,9:39:12.343493911,T,274.25,200,275.26,100,IBM
2025-10-14,9:39:12.343774494,T,274.25,200,275.26,200,IBM
2025-10-14,9:39:13.933844927,T,274.25,200,275.26,100,IBM
2025-10-14,9:39:15.414254376,T,274.04,100,275.26,100,IBM
2025-10-14,9:39:15.414259354,T,274.41,200,275.26,100,IBM
2025-10-14,9:39:15.650251208,T,274.45,100,275.26,100,IBM
2025-10-14,9:39:15.650266184,T,274.77,100,275.26,100,IBM
2025-10-14,9:39:15.650276256,T,274.78,100,275.26,100,IBM
2025-10-14,9:39:15.650286360,T,274.78,100,275.31,200,IBM
2025-10-14,9:39:15.650326322,T,274.78,100,275.31,300,IBM
2025-10-14,9:39:15.650451675,T,274.78,100,275.31,200,IBM
2025-10-14,9:39:15.650737274,T,274.81,100,275.31,200,IBM
2025-10-14,9:39:15.651208408,T,274.78,100,275.31,200,IBM
2025-10-14,9:39:15.654791958,T,274.62,100,275.31,200,IBM
2025-10-14,9:39:15.654806994,T,274.52,100,275.31,200,IBM
2025-10-14,9:39:15.655022544,T,274.52,100,275.54,100,IBM
2025-10-14,9:39:15.655027555,T,274.52,100,275.5,200,IBM
2025-10-14,9:39:15.750259310,T,274.45,100,275.5,200,IBM
2025-10-14,9:39:15.750294363,T,274.41,200,275.5,200,IBM
2025-10-14,9:39:16.289833844,T,274.22,100,275.5,200,IBM
2025-10-14,9:39:16.289838830,T,274.56,200,275.5,200,IBM
2025-10-14,9:39:30.434858946,T,274.65,100,275.5,200,IBM
2025-10-14,9:39:33.397847784,T,274.68,100,275.5,200,IBM
2025-10-14,9:39:35.050787982,T,274.65,100,275.5,200,IBM
2025-10-14,9:39:35.459400757,T,274.74,100,275.5,200,IBM
2025-10-14,9:39:38.773911632,T,274.71,200,275.5,200,IBM
2025-10-14,9:39:40.094796117,T,274.78,100,275.5,200,IBM
2025-10-14,9:39:41.305242854,T,274.71,200,275.5,200,IBM
2025-10-14,9:39:42.391338408,T,274.71,200,275.21,100,IBM
2025-10-14,9:39:42.391764377,T,274.71,200,275.21,200,IBM
2025-10-14,9:39:42.392120191,T,274.71,200,275.21,300,IBM
2025-10-14,9:39:42.453095432,T,274.71,200,275.21,200,IBM
2025-10-14,9:39:43.498744829,T,274.71,200,275.21,100,IBM
2025-10-14,9:39:45.084996332,T,274.71,200,275.5,200,IBM
2025-10-14,9:39:45.085041365,T,274.77,100,275.5,200,IBM
2025-10-14,9:39:45.085056762,T,274.86,100,275.5,200,IBM
2025-10-14,9:39:45.085271921,T,274.99,100,275.5,200,IBM
2025-10-14,9:39:45.085306976,T,274.71,300,275.5,200,IBM
2025-10-14,9:39:45.085306976,T,274.86,100,275.5,200,IBM
2025-10-14,9:39:45.086028767,T,274.79,100,275.5,200,IBM
2025-10-14,9:39:45.086038756,T,274.79,100,275.87,100,IBM
2025-10-14,9:39:45.086048802,T,274.79,100,275.65,200,IBM
2025-10-14,9:39:45.086139067,T,274.8,100,275.65,200,IBM
2025-10-14,9:39:45.086434727,T,274.79,100,275.65,200,IBM
2025-10-14,9:39:45.086459777,T,274.71,200,275.65,200,IBM
2025-10-14,9:39:45.086464754,T,274.71,300,275.65,200,IBM
2025-10-14,9:39:45.086480012,T,274.71,200,275.65,200,IBM
2025-10-14,9:39:45.086529915,T,274.77,100,275.65,200,IBM
2025-10-14,9:39:45.086795607,T,274.8,100,275.65,200,IBM
2025-10-14,9:39:45.086860727,T,274.99,100,275.65,200,IBM
2025-10-14,9:39:45.086875805,T,274.99,100,275.65,300,IBM
2025-10-14,9:39:45.086976020,T,274.8,100,275.65,300,IBM
2025-10-14,9:39:45.087026162,T,274.99,100,275.65,300,IBM
2025-10-14,9:39:45.087061211,T,274.77,100,275.65,300,IBM
2025-10-14,9:39:45.087106462,T,274.71,200,275.65,300,IBM
2025-10-14,9:39:45.087111295,T,274.77,100,275.65,300,IBM
2025-10-14,9:39:45.087171426,T,274.79,100,275.65,300,IBM
2025-10-14,9:39:45.087321864,T,274.77,100,275.65,300,IBM
2025-10-14,9:39:45.087377009,T,274.78,100,275.65,300,IBM
2025-10-14,9:39:45.087407037,T,274.78,100,275.63,100,IBM
2025-10-14,9:39:45.087612549,T,274.8,100,275.63,100,IBM
2025-10-14,9:39:45.088274248,T,274.79,100,275.63,100,IBM
2025-10-14,9:39:45.094363643,T,274.79,100,275.65,300,IBM
2025-10-14,9:39:45.097435927,T,274.79,100,275.65,200,IBM
2025-10-14,9:39:45.119754053,T,274.71,300,275.65,200,IBM
2025-10-14,9:39:45.119799168,T,274.71,200,275.65,200,IBM
2025-10-14,9:39:48.099091956,T,274.86,100,275.65,200,IBM
2025-10-14,9:39:52.199658976,T,274.71,200,275.65,200,IBM
2025-10-14,9:39:55.871731086,T,274.71,200,275.44,100,IBM
2025-10-14,9:39:55.986273811,T,274.71,200,275.44,200,IBM
2025-10-14,9:39:57.790313498,T,274.71,200,275.44,100,IBM
2025-10-14,9:39:58.274250507,T,274.71,200,275.65,200,IBM
2025-10-14,9:40:01.228353398,T,275.21,100,275.65,200,IBM
2025-10-14,9:40:01.233525730,T,274.71,200,275.65,200,IBM
2025-10-14,9:40:01.233570954,T,274.71,200,275.65,300,IBM
2025-10-14,9:40:01.233605909,T,274.71,200,275.56,100,IBM
2025-10-14,9:40:01.234317623,T,274.71,200,275.65,300,IBM
2025-10-14,9:40:01.243424310,T,274.71,200,275.65,200,IBM
2025-10-14,9:40:01.254029547,T,274.71,200,275.65,300,IBM
2025-10-14,9:40:01.685857545,T,274.71,200,275.65,200,IBM
2025-10-14,9:40:02.292206056,T,274.71,200,275.39,100,IBM
2025-10-14,9:40:02.292241234,T,274.71,200,275.39,200,IBM
2025-10-14,9:40:02.292632082,T,274.71,200,275.39,300,IBM
2025-10-14,9:40:02.470951610,T,274.71,200,275.39,200,IBM
2025-10-14,9:40:02.952172305,T,274.71,200,275.39,100,IBM
2025-10-14,9:40:02.952392842,T,274.71,200,275.65,200,IBM
2025-10-14,9:40:03.635579310,T,274.71,200,275.65,300,IBM
2025-10-14,9:40:03.635639367,T,274.71,200,275.27,100,IBM
2025-10-14,9:40:03.841689997,T,274.71,200,275.19,100,IBM
2025-10-14,9:40:03.842035817,T,274.71,200,275.27,100,IBM
2025-10-14,9:40:03.842110939,T,274.71,200,275.19,100,IBM
2025-10-14,9:40:03.846711842,T,274.22,100,275.19,100,IBM
2025-10-14,9:40:03.846716906,T,274.49,200,275.19,100,IBM
2025-10-14,9:40:03.909661817,T,274.49,200,275.19,200,IBM
2025-10-14,9:40:04.220155920,T,274.56,100,275.19,200,IBM
2025-10-14,9:40:04.879074853,T,274.56,100,275.19,100,IBM
2025-10-14,9:40:05.234616037,T,274.56,100,275.27,100,IBM
2025-10-14,9:40:05.973845974,T,274.56,100,275.19,100,IBM
2025-10-14,9:40:06.372835814,T,274.49,200,275.19,100,IBM
2025-10-14,9:40:06.579858696,T,274.49,200,275.27,100,IBM
2025-10-14,9:40:07.077984493,T,274.49,200,275.19,100,IBM
2025-10-14,9:40:07.132579492,T,274.49,200,275.27,100,IBM
2025-10-14,9:40:08.716009163,T,274.49,200,275.19,100,IBM
2025-10-14,9:40:09.120597316,T,274.7,100,275.19,100,IBM
2025-10-14,9:40:11.217374102,T,274.49,200,275.19,100,IBM
2025-10-14,9:40:12.669747173,T,274.49,200,275.17,100,IBM
2025-10-14,9:40:12.671937082,T,274.49,200,275.17,200,IBM
2025-10-14,9:40:12.697483034,T,274.49,200,275.17,100,IBM
2025-10-14,9:40:12.719159607,T,274.49,200,275.19,100,IBM
2025-10-14,9:40:12.780159824,T,274.49,200,275.19,200,IBM
2025-10-14,9:40:12.780530609,T,274.49,200,275.19,300,IBM
2025-10-14,9:40:12.797696529,T,274.49,200,275.19,200,IBM
2025-10-14,9:40:13.278651530,T,274.49,200,275.19,300,IBM
2025-10-14,9:40:13.278701878,T,274.49,200,275.15,100,IBM
2025-10-14,9:40:13.278982543,T,274.49,200,275.15,200,IBM
2025-10-14,9:40:13.288575168,T,274.49,200,275.15,100,IBM
2025-10-14,9:40:13.289156511,T,274.49,200,275.19,100,IBM
2025-10-14,9:40:13.290329302,T,274.49,200,275.19,200,IBM
2025-10-14,9:40:13.290539771,T,274.49,200,275.19,300,IBM
2025-10-14,9:40:13.290960845,T,274.49,200,275.19,400,IBM
2025-10-14,9:40:14.482021328,T,274.49,200,275.19,300,IBM
2025-10-14,9:40:14.482031372,T,274.49,200,275.19,200,IBM
2025-10-14,9:40:14.482251892,T,274.49,200,275.19,100,IBM
2025-10-14,9:40:15.361740698,T,274.61,100,275.19,100,IBM
2025-10-14,9:40:16.634395298,T,274.61,100,275.12,100,IBM
2025-10-14,9:40:17.201194668,T,274.61,100,275.0,100,IBM
2025-10-14,9:40:17.201224754,T,274.61,100,275.0,200,IBM
2025-10-14,9:40:17.201610704,T,274.61,100,275.0,300,IBM
2025-10-14,9:40:17.272303983,T,274.61,100,274.99,100,IBM
2025-10-14,9:40:17.272594607,T,274.61,100,274.99,200,IBM
2025-10-14,9:40:17.284041846,T,274.61,100,274.99,300,IBM
2025-10-14,9:40:17.546306282,T,274.61,100,274.99,200,IBM
2025-10-14,9:40:17.546351349,T,274.61,100,274.99,100,IBM
2025-10-14,9:40:17.546411444,T,274.49,200,274.99,100,IBM
2025-10-14,9:40:17.546521809,T,274.57,100,274.99,100,IBM
2025-10-14,9:40:17.546917725,T,274.49,200,274.99,100,IBM
2025-10-14,9:40:17.546942812,T,274.49,200,274.99,200,IBM
2025-10-14,9:40:17.546942812,T,274.49,200,274.9,100,IBM
2025-10-14,9:40:17.546947774,T,274.49,200,274.99,100,IBM
2025-10-14,9:40:17.546952789,T,274.49,200,274.85,100,IBM
2025-10-14,9:40:17.547288562,T,274.49,200,274.9,100,IBM
2025-10-14,9:40:17.551323384,T,273.25,100,274.9,100,IBM
2025-10-14,9:40:17.551323384,T,274.12,200,274.9,100,IBM
2025-10-14,9:40:17.551533716,T,274.12,200,274.9,200,IBM
2025-10-14,9:40:17.557001675,T,274.12,200,274.9,100,IBM
2025-10-14,9:40:17.557432777,T,274.12,200,274.9,200,IBM
2025-10-14,9:40:17.557462824,T,274.12,200,274.9,300,IBM
2025-10-14,9:40:18.220476155,T,274.12,200,274.9,200,IBM
2025-10-14,9:40:18.220486188,T,274.12,200,274.9,100,IBM
2025-10-14,9:40:18.220706806,T,274.12,200,274.98,100,IBM
2025-10-14,9:40:18.983141903,T,274.12,200,274.61,100,IBM
2025-10-14,9:40:30.543327953,T,274.36,100,274.61,100,IBM
2025-10-14,9:40:31.926666189,T,274.36,100,274.81,100,IBM
2025-10-14,9:40:31.932114189,T,274.47,100,274.81,100,IBM
2025-10-14,9:40:31.932334729,T,274.36,100,274.81,100,IBM
2025-10-14,9:40:32.134470823,T,274.36,100,274.81,200,IBM
2025-10-14,9:40:33.117275469,T,274.27,200,274.81,200,IBM
2025-10-14,9:40:33.945507352,T,274.5,100,274.81,200,IBM
2025-10-14,9:40:33.945507352,T,274.27,200,274.81,200,IBM
2025-10-14,9:40:35.806006474,T,274.31,100,274.81,200,IBM
2025-10-14,9:40:41.458438119,T,274.27,200,274.81,200,IBM
2025-10-14,9:40:44.200831679,T,274.34,100,274.81,200,IBM
2025-10-14,9:40:44.204866280,T,274.27,200,274.81,200,IBM
2025-10-14,9:40:44.230296823,T,274.47,100,274.81,200,IBM
2025-10-14,9:40:45.006810561,T,274.54,100,274.81,200,IBM
2025-10-14,9:40:48.624106976,T,274.61,100,274.81,200,IBM
2025-10-14,9:40:48.631790326,T,274.61,200,274.81,200,IBM
2025-10-14,9:40:48.631800357,T,274.61,200,274.81,100,IBM
2025-10-14,9:40:48.631805301,T,274.62,100,274.81,100,IBM
2025-10-14,9:40:48.631820362,T,274.62,100,275.1,200,IBM
2025-10-14,9:40:48.631925565,T,274.64,100,275.1,200,IBM
2025-10-14,9:40:48.631955666,T,274.7,100,275.1,200,IBM
2025-10-14,9:40:48.632451888,T,274.62,100,275.1,200,IBM
2025-10-14,9:40:48.632677402,T,274.65,100,275.1,200,IBM
2025-10-14,9:40:48.632827783,T,274.65,100,275.19,100,IBM
2025-10-14,9:40:48.633038269,T,274.65,100,275.19,200,IBM
2025-10-14,9:40:48.633940389,T,274.68,100,275.19,200,IBM
2025-10-14,9:40:48.639483560,T,274.62,100,275.19,200,IBM
2025-10-14,9:40:48.639508694,T,274.62,200,275.19,200,IBM
2025-10-14,9:40:48.639523740,T,274.62,200,275.19,300,IBM
2025-10-14,9:40:48.664062094,T,274.62,100,275.19,300,IBM
2025-10-14,9:40:48.711996186,T,274.62,100,275.19,200,IBM
2025-10-14,9:40:49.069828083,T,274.62,100,275.19,100,IBM
2025-10-14,9:40:50.121506886,T,274.62,100,275.19,200,IBM
2025-10-14,9:40:50.655152527,T,274.62,100,275.19,100,IBM
2025-10-14,9:40:54.389447567,T,274.61,100,275.19,100,IBM
2025-10-14,9:40:56.360003755,T,274.69,100,275.19,100,IBM
2025-10-14,9:40:56.848291235,T,274.61,100,275.19,100,IBM
2025-10-14,9:40:56.848847632,T,274.71,100,275.19,100,IBM
2025-10-14,9:40:57.739257403,T,274.71,200,275.19,100,IBM
2025-10-14,9:40:58.802593782,T,274.71,200,275.16,100,IBM
2025-10-14,9:41:01.928074671,T,274.71,100,275.16,100,IBM
2025-10-14,9:41:03.996348585,T,274.44,200,275.16,100,IBM
2025-10-14,9:41:03.996373539,T,274.44,200,274.72,100,IBM
2025-10-14,9:41:03.996969994,T,274.44,200,274.97,100,IBM
2025-10-14,9:41:03.997005051,T,274.44,200,274.98,100,IBM
2025-10-14,9:41:03.997035127,T,274.44,200,275.0,100,IBM
2025-10-14,9:41:03.997035127,T,274.44,200,274.97,100,IBM
2025-10-14,9:41:03.997375951,T,274.44,200,275.0,100,IBM
2025-10-14,9:41:03.997711826,T,274.44,200,274.97,100,IBM
2025-10-14,9:41:04.000242772,T,273.42,100,274.97,100,IBM
2025-10-14,9:41:04.000247766,T,274.24,200,274.97,100,IBM
2025-10-14,9:41:04.096396680,T,274.24,200,275.0,100,IBM
2025-10-14,9:41:04.096421751,T,274.24,200,275.01,100,IBM
2025-10-14,9:41:04.443653339,T,274.24,200,275.16,100,IBM
2025-10-14,9:41:04.783707952,T,274.24,200,275.11,100,IBM
2025-10-14,9:41:04.783738054,T,274.24,200,275.0,100,IBM
2025-10-14,9:41:04.783778055,T,274.24,200,274.99,100,IBM
2025-10-14,9:41:04.783858284,T,274.24,200,275.0,100,IBM
2025-10-14,9:41:04.784279352,T,274.24,200,275.01,100,IBM
2025-10-14,9:41:04.784284316,T,274.24,200,274.9,100,IBM
2025-10-14,9:41:04.784359473,T,274.24,200,274.9,200,IBM
2025-10-14,9:41:04.784494790,T,274.24,200,274.9,300,IBM
2025-10-14,9:41:04.784725397,T,274.24,200,274.9,200,IBM
2025-10-14,9:41:04.785146521,T,274.24,200,274.9,300,IBM
2025-10-14,9:41:05.038439443,T,274.24,200,274.9,200,IBM
2025-10-14,9:41:05.038444451,T,274.24,200,274.9,100,IBM
2025-10-14,9:41:05.038669909,T,274.24,200,275.11,100,IBM
2025-10-14,9:41:05.130027466,T,274.24,200,275.15,200,IBM
2025-10-14,9:41:05.130729107,T,274.24,200,275.11,100,IBM
2025-10-14,9:41:05.130759215,T,274.24,200,275.01,100,IBM
2025-10-14,9:41:06.073423398,T,274.24,200,275.11,100,IBM
2025-10-14,9:41:08.874371616,T,274.24,200,274.9,100,IBM
2025-10-14,9:41:08.892675706,T,274.24,200,274.7,100,IBM
2025-10-14,9:41:08.892715266,T,274.24,200,274.7,200,IBM
2025-10-14,9:41:08.892750356,T,274.24,200,274.6,100,IBM
2025-10-14,9:41:08.894499528,T,273.08,100,274.6,100,IBM
2025-10-14,9:41:08.894509548,T,274.06,200,274.6,100,IBM
2025-10-14,9:41:08.896775021,T,274.06,200,274.7,200,IBM
2025-10-14,9:41:08.900343487,T,274.06,200,274.7,100,IBM
2025-10-14,9:41:08.902819381,T,274.06,200,274.9,100,IBM
2025-10-14,9:41:11.639900497,T,274.06,200,274.98,200,IBM
2025-10-14,9:41:11.639935581,T,274.06,200,274.77,100,IBM
2025-10-14,9:41:11.902420530,T,274.11,100,274.77,100,IBM
2025-10-14,9:41:12.416594646,T,274.11,100,274.66,100,IBM
2025-10-14,9:41:20.966619562,T,274.11,100,274.77,100,IBM
2025-10-14,9:41:20.966659574,T,274.11,100,274.57,100,IBM
2025-10-14,9:41:22.634926337,T,274.11,100,274.77,100,IBM
2025-10-14,9:41:26.140301419,T,274.11,100,274.52,100,IBM
2025-10-14,9:41:27.514498049,T,274.11,100,274.77,100,IBM
2025-10-14,9:41:27.514563223,T,274.27,100,274.77,100,IBM
2025-10-14,9:41:27.514568193,T,274.11,100,274.77,100,IBM
2025-10-14,9:41:27.514578225,T,274.23,100,274.77,100,IBM
2025-10-14,9:41:27.514788798,T,274.24,100,274.77,100,IBM
2025-10-14,9:41:27.514873958,T,274.24,100,274.63,100,IBM
2025-10-14,9:41:27.515074456,T,274.24,100,274.63,200,IBM
2025-10-14,9:41:27.515259853,T,274.24,100,274.63,100,IBM
2025-10-14,9:41:27.515725925,T,274.11,100,274.63,100,IBM
2025-10-14,9:41:27.515966506,T,274.11,200,274.63,100,IBM
2025-10-14,9:41:27.516036737,T,274.11,200,274.63,200,IBM
2025-10-14,9:41:27.516061744,T,274.11,200,274.62,100,IBM
2025-10-14,9:41:27.516066735,T,274.11,200,274.62,200,IBM
2025-10-14,9:41:27.516287355,T,274.11,100,274.62,200,IBM
2025-10-14,9:41:27.517059151,T,274.11,200,274.62,200,IBM
2025-10-14,9:41:27.519580128,T,274.11,100,274.62,200,IBM
2025-10-14,9:41:27.568807350,T,274.11,100,274.61,100,IBM
2025-10-14,9:41:27.568807350,T,274.11,100,274.61,200,IBM
2025-10-14,9:41:27.721019748,T,273.9,200,274.61,200,IBM
2025-10-14,9:41:28.269811225,T,273.9,200,274.6,100,IBM
2025-10-14,9:41:29.068357259,T,274.14,100,274.6,100,IBM
2025-10-14,9:41:29.388374205,T,274.32,100,274.6,100,IBM
2025-10-14,9:41:29.388374205,T,274.14,100,274.6,100,IBM
2025-10-14,9:41:29.388439502,T,274.14,100,274.61,100,IBM
2025-10-14,9:41:29.388439502,T,274.14,100,274.77,100,IBM
2025-10-14,9:41:29.388464348,T,274.41,100,274.77,100,IBM
2025-10-14,9:41:29.398332979,T,274.31,100,274.77,100,IBM
2025-10-14,9:41:29.420645968,T,274.2,100,274.77,100,IBM
2025-10-14,9:41:29.422796059,T,274.23,100,274.77,100,IBM
2025-10-14,9:41:29.488472515,T,274.14,100,274.77,100,IBM
2025-10-14,9:41:30.268063472,T,274.14,100,274.64,100,IBM
2025-10-14,9:41:30.397311136,T,274.14,100,274.77,100,IBM
2025-10-14,9:41:30.398338607,T,274.14,100,274.64,100,IBM
2025-10-14,9:41:30.493219448,T,273.9,200,274.64,100,IBM
2025-10-14,9:41:32.532283786,T,274.26,100,274.64,100,IBM
2025-10-14,9:41:33.539286125,T,273.9,200,274.64,100,IBM
2025-10-14,9:41:35.419572618,T,273.9,200,274.61,100,IBM
2025-10-14,9:41:37.370597361,T,273.9,200,274.64,100,IBM
2025-10-14,9:41:38.258811950,T,273.25,100,274.64,100,IBM
2025-10-14,9:41:38.258821948,T,274.04,200,274.64,100,IBM
2025-10-14,9:41:46.065978203,T,274.04,200,274.54,100,IBM
2025-10-14,9:41:47.086447619,T,274.04,200,274.64,100,IBM
2025-10-14,9:41:47.600942464,T,274.2,100,274.64,100,IBM
2025-10-14,9:41:49.108185708,T,274.2,100,274.5,100,IBM
2025-10-14,9:41:49.222603024,T,274.2,100,274.5,200,IBM
2025-10-14,9:41:52.247624492,T,274.31,100,274.5,200,IBM
2025-10-14,9:41:52.342665769,T,274.31,100,274.46,100,IBM
2025-10-14,9:41:52.342750938,T,274.2,100,274.46,100,IBM
2025-10-14,9:41:53.323541020,T,274.31,100,274.46,100,IBM
2025-10-14,9:41:53.449541003,T,274.2,100,274.46,100,IBM
2025-10-14,9:41:53.741691484,T,274.31,100,274.46,100,IBM
2025-10-14,9:41:54.268460488,T,274.2,100,274.46,100,IBM
2025-10-14,9:41:54.439973989,T,274.04,200,274.46,100,IBM
2025-10-14,9:41:54.485171426,T,274.04,200,274.5,200,IBM
2025-10-14,9:41:54.527597507,T,274.31,100,274.5,200,IBM
2025-10-14,9:41:54.527948321,T,274.31,100,274.5,100,IBM
2025-10-14,9:41:54.527948321,T,274.31,100,274.64,100,IBM
2025-10-14,9:41:54.660163103,T,274.17,200,274.64,100,IBM
2025-10-14,9:42:07.516259263,T,274.17,200,274.64,200,IBM
2025-10-14,9:42:07.516379591,T,274.17,200,274.62,100,IBM
2025-10-14,9:42:07.516880742,T,274.17,200,274.59,100,IBM
2025-10-14,9:42:07.516895791,T,274.17,200,274.52,100,IBM
2025-10-14,9:42:07.516910816,T,274.17,200,274.62,100,IBM
2025-10-14,9:42:07.516910816,T,274.17,200,274.52,100,IBM
2025-10-14,9:42:07.520915364,T,274.17,200,274.56,100,IBM
2025-10-14,9:42:07.520940386,T,274.17,200,274.62,100,IBM
2025-10-14,9:42:07.520960434,T,274.17,200,274.63,100,IBM
2025-10-14,9:42:07.523090796,T,273.11,100,274.63,100,IBM
2025-10-14,9:42:07.523095535,T,274.01,200,274.63,100,IBM
2025-10-14,9:42:07.523606769,T,274.01,200,274.62,100,IBM
2025-10-14,9:42:07.523907544,T,274.01,200,274.56,100,IBM
2025-10-14,9:42:07.523922533,T,274.01,200,274.62,100,IBM
2025-10-14,9:42:07.523922533,T,274.01,200,274.56,100,IBM
2025-10-14,9:42:07.524042830,T,274.01,200,274.62,100,IBM
2025-10-14,9:42:07.524248307,T,274.01,200,274.56,100,IBM
2025-10-14,9:42:07.524263344,T,274.01,200,274.62,100,IBM
2025-10-14,9:42:07.524358562,T,274.01,200,274.64,200,IBM
2025-10-14,9:42:07.524764472,T,274.01,200,274.62,100,IBM
2025-10-14,9:42:07.528202710,T,274.01,200,274.64,200,IBM
2025-10-14,9:42:07.556394877,T,274.01,200,274.64,100,IBM
2025-10-14,9:42:07.557141658,T,274.01,200,274.62,100,IBM
2025-10-14,9:42:07.616437809,T,274.01,200,274.64,200,IBM
2025-10-14,9:42:07.783736041,T,274.01,200,274.64,100,IBM
2025-10-14,9:42:07.784232249,T,274.01,200,274.64,200,IBM
2025-10-14,9:42:08.036913725,T,274.01,200,274.64,100,IBM
2025-10-14,9:42:08.201866478,T,274.13,100,274.64,100,IBM
2025-10-14,9:42:08.475457718,T,274.13,100,274.64,200,IBM
2025-10-14,9:42:09.097343317,T,274.13,100,274.64,100,IBM
2025-10-14,9:42:09.097348552,T,274.13,100,274.6,100,IBM
2025-10-14,9:42:09.424672602,T,274.13,100,274.55,100,IBM
2025-10-14,9:42:11.101955721,T,274.13,100,274.55,200,IBM
2025-10-14,9:42:11.102777677,T,274.01,200,274.55,200,IBM
2025-10-14,9:42:11.102797737,T,274.01,200,274.13,100,IBM
2025-10-14,9:42:11.102827741,T,274.01,200,274.38,100,IBM
2025-10-14,9:42:11.103198713,T,274.01,200,274.37,100,IBM
2025-10-14,9:42:11.103334020,T,274.01,200,274.33,100,IBM
2025-10-14,9:42:11.103845239,T,274.01,200,274.37,100,IBM
2025-10-14,9:42:11.105108156,T,273.11,100,274.37,100,IBM
2025-10-14,9:42:11.105113196,T,273.78,200,274.37,100,IBM
2025-10-14,9:42:11.107348575,T,273.78,200,274.47,100,IBM
2025-10-14,9:42:11.203166649,T,273.78,200,274.51,100,IBM
2025-10-14,9:42:11.203196679,T,273.78,200,274.55,200,IBM
2025-10-14,9:42:11.235919602,T,273.78,200,274.55,100,IBM
2025-10-14,9:42:11.236095072,T,273.78,200,274.55,200,IBM
2025-10-14,9:42:11.236846861,T,273.78,200,274.55,100,IBM
2025-10-14,9:42:11.504203295,T,273.78,200,274.38,100,IBM
2025-10-14,9:42:14.264424567,T,273.78,200,274.48,100,IBM
2025-10-14,9:42:14.264850607,T,273.78,200,274.48,200,IBM
2025-10-14,9:42:14.770895305,T,273.78,200,274.48,100,IBM
2025-10-14,9:42:17.099960163,T,273.78,200,274.48,200,IBM
2025-10-14,9:42:17.111808297,T,273.78,200,274.48,100,IBM
2025-10-14,9:42:17.862305109,T,273.78,200,274.48,200,IBM
2025-10-14,9:42:17.862390309,T,273.78,200,274.48,300,IBM
2025-10-14,9:42:19.833502901,T,273.78,200,274.48,200,IBM
2025-10-14,9:42:20.757833812,T,273.78,200,274.48,300,IBM
2025-10-14,9:42:22.071545884,T,273.78,200,274.26,100,IBM
2025-10-14,9:42:22.074898937,T,273.78,200,274.26,200,IBM
2025-10-14,9:42:23.438735773,T,273.78,200,274.26,300,IBM
2025-10-14,9:42:24.003269802,T,273.78,200,274.26,400,IBM
2025-10-14,9:42:24.005324607,T,273.78,200,274.26,500,IBM
2025-10-14,9:42:24.007780449,T,273.78,200,274.24,100,IBM
2025-10-14,9:42:24.007981031,T,273.78,200,274.15,100,IBM
2025-10-14,9:42:24.011654751,T,273.2,200,274.15,100,IBM
2025-10-14,9:42:24.011664795,T,273.61,200,274.15,100,IBM
2025-10-14,9:42:24.011915392,T,273.61,200,274.26,500,IBM
2025-10-14,9:42:24.012667188,T,273.61,200,274.26,400,IBM
2025-10-14,9:42:24.016441140,T,273.61,200,274.26,300,IBM
2025-10-14,9:42:24.018756649,T,273.61,200,274.2,100,IBM
2025-10-14,9:42:24.018846814,T,273.61,200,274.23,100,IBM
2025-10-14,9:42:24.018977422,T,273.61,200,274.2,100,IBM
2025-10-14,9:42:24.019187634,T,273.61,200,274.2,200,IBM
2025-10-14,9:42:24.032033213,T,273.61,200,274.2,100,IBM
2025-10-14,9:42:24.032043214,T,273.61,200,274.23,100,IBM
2025-10-14,9:42:24.032469244,T,273.61,200,274.23,200,IBM
2025-10-14,9:42:24.032564470,T,273.61,200,274.23,300,IBM
2025-10-14,9:42:24.051509733,T,273.61,200,274.23,200,IBM
2025-10-14,9:42:26.084258969,T,273.61,200,274.23,100,IBM
2025-10-14,9:42:33.608762223,T,273.61,200,274.26,200,IBM
2025-10-14,9:42:34.763486307,T,273.2,200,274.26,200,IBM
2025-10-14,9:42:34.763491354,T,273.45,200,274.26,200,IBM
2025-10-14,9:42:36.906974243,T,273.45,200,274.26,100,IBM
2025-10-14,9:42:37.552125068,T,273.45,200,273.92,100,IBM
2025-10-14,9:42:38.057959286,T,273.45,200,273.92,200,IBM
2025-10-14,9:42:45.966426523,T,273.45,200,273.92,100,IBM
2025-10-14,9:42:45.966426523,T,273.45,200,274.0,200,IBM
2025-10-14,9:42:45.966446653,T,273.91,100,274.0,200,IBM
2025-10-14,9:42:45.966481858,T,273.45,200,274.0,200,IBM
2025-10-14,9:42:45.971042612,T,273.42,100,274.0,200,IBM
2025-10-14,9:42:45.971052527,T,273.6,200,274.0,200,IBM
2025-10-14,9:42:46.036824123,T,273.78,100,274.0,200,IBM
2025-10-14,9:42:46.223428414,T,273.6,200,274.0,200,IBM
2025-10-14,9:42:50.219697083,T,273.78,100,274.0,200,IBM
2025-10-14,9:42:51.070422612,T,273.6,200,274.0,200,IBM
2025-10-14,9:42:55.282274479,T,273.78,100,274.0,200,IBM
2025-10-14,9:42:55.333541542,T,273.6,200,274.0,200,IBM
2025-10-14,9:43:00.229903125,T,273.81,100,274.0,200,IBM
2025-10-14,9:43:00.280628996,T,273.6,200,274.0,200,IBM
2025-10-14,9:43:01.242253613,T,273.6,200,274.0,300,IBM
2025-10-14,9:43:01.242288327,T,273.6,200,273.99,100,IBM
2025-10-14,9:43:01.242809952,T,273.6,200,273.91,100,IBM
2025-10-14,9:43:01.242944913,T,273.6,200,274.0,300,IBM
2025-10-14,9:43:01.243792235,T,273.2,200,274.0,300,IBM
2025-10-14,9:43:01.243796958,T,273.46,200,274.0,300,IBM
2025-10-14,9:43:01.244102602,T,273.46,200,273.99,100,IBM
2025-10-14,9:43:01.244142782,T,273.46,200,273.87,100,IBM
2025-10-14,9:43:01.244147723,T,273.46,200,273.99,100,IBM
2025-10-14,9:43:01.244458470,T,273.46,200,274.0,300,IBM
2025-10-14,9:43:01.249375193,T,273.46,200,274.0,200,IBM
2025-10-14,9:43:01.293725822,T,273.46,200,274.0,300,IBM
2025-10-14,9:43:01.342251244,T,273.46,200,274.0,200,IBM
2025-10-14,9:43:01.375901436,T,273.46,200,274.0,300,IBM
2025-10-14,9:43:01.655993226,T,273.46,200,274.0,200,IBM
2025-10-14,9:43:01.656830245,T,273.46,200,274.0,300,IBM
2025-10-14,9:43:01.949737552,T,273.46,200,274.0,200,IBM
2025-10-14,9:43:02.039862059,T,273.46,200,274.0,300,IBM
2025-10-14,9:43:02.420267629,T,273.46,200,274.0,200,IBM
2025-10-14,9:43:02.425480095,T,273.46,200,274.0,300,IBM
2025-10-14,9:43:02.821187129,T,273.46,200,274.0,200,IBM
2025-10-14,9:43:13.117464357,T,273.46,200,274.0,300,IBM
2025-10-14,9:43:13.427422467,T,273.2,200,274.0,300,IBM
2025-10-14,9:43:13.427427371,T,273.32,200,274.0,300,IBM
2025-10-14,9:43:13.428274472,T,273.32,200,273.94,100,IBM
2025-10-14,9:43:13.428309411,T,273.32,200,273.79,100,IBM
2025-10-14,9:43:13.428309411,T,273.32,200,273.94,100,IBM
2025-10-14,9:43:13.428489861,T,273.32,200,273.94,200,IBM
2025-10-14,9:43:13.428600082,T,273.32,200,273.87,100,IBM
2025-10-14,9:43:13.428755484,T,273.32,200,273.82,100,IBM
2025-10-14,9:43:13.428790629,T,273.32,200,273.72,100,IBM
2025-10-14,9:43:13.432308935,T,273.32,200,273.79,100,IBM
2025-10-14,9:43:13.447039077,T,273.32,200,273.79,200,IBM
2025-10-14,9:43:13.447054065,T,273.32,200,273.79,100,IBM
2025-10-14,9:43:13.447054065,T,273.32,200,273.79,200,IBM
2025-10-14,9:43:13.447079173,T,273.32,200,273.79,100,IBM
2025-10-14,9:43:13.447119244,T,273.32,200,273.79,200,IBM
2025-10-14,9:43:13.447996288,T,273.2,200,273.79,200,IBM
2025-10-14,9:43:13.459248106,T,273.2,200,273.79,300,IBM
2025-10-14,9:43:14.088641630,T,273.2,200,273.79,200,IBM
2025-10-14,9:43:14.088646578,T,273.2,200,273.79,100,IBM
2025-10-14,9:43:14.088872152,T,273.2,200,273.94,100,IBM
2025-10-14,9:43:14.116738476,T,273.2,200,273.95,100,IBM
2025-10-14,9:43:14.341368204,T,273.2,200,273.6,100,IBM
2025-10-14,9:43:17.431189222,T,273.44,100,273.6,100,IBM
2025-10-14,9:43:17.570420591,T,273.2,200,273.6,100,IBM
2025-10-14,9:43:17.813890300,T,273.2,200,273.6,200,IBM
2025-10-14,9:43:17.850452296,T,273.2,200,273.6,100,IBM
2025-10-14,9:43:18.029137671,T,273.2,200,273.6,200,IBM
2025-10-14,9:43:18.708765617,T,273.2,200,273.6,100,IBM
2025-10-14,9:43:19.950326678,T,273.2,200,273.55,100,IBM
2025-10-14,9:43:19.953549182,T,273.15,200,273.55,100,IBM
2025-10-14,9:43:20.005943941,T,272.6,100,273.55,100,IBM
2025-10-14,9:43:20.006630618,T,273.01,200,273.55,100,IBM
2025-10-14,9:43:20.016499122,T,273.15,100,273.55,100,IBM
2025-10-14,9:43:27.193866121,T,273.15,300,273.55,100,IBM
2025-10-14,9:43:31.957687527,T,273.15,400,273.55,100,IBM
2025-10-14,9:43:32.449763965,T,273.15,300,273.55,100,IBM
2025-10-14,9:43:35.415098427,T,273.15,200,273.55,100,IBM
2025-10-14,9:43:35.415108686,T,273.15,300,273.55,100,IBM
2025-10-14,9:43:35.415113439,T,273.17,100,273.55,100,IBM
2025-10-14,9:43:35.415123511,T,273.37,100,273.55,100,IBM
2025-10-14,9:43:35.415168585,T,273.26,100,273.55,100,IBM
2025-10-14,9:43:35.415268822,T,273.17,100,273.55,100,IBM
2025-10-14,9:43:35.415293878,T,273.15,300,273.55,100,IBM
2025-10-14,9:43:35.415334044,T,273.16,100,273.55,100,IBM
2025-10-14,9:43:35.415369123,T,273.17,100,273.55,100,IBM
2025-10-14,9:43:35.415369123,T,273.16,100,273.55,100,IBM
2025-10-14,9:43:35.415369123,T,273.24,100,273.55,100,IBM
2025-10-14,9:43:35.415504447,T,273.25,100,273.55,100,IBM
2025-10-14,9:43:35.416040743,T,273.25,100,273.6,100,IBM
2025-10-14,9:43:35.416216120,T,273.32,100,273.6,100,IBM
2025-10-14,9:43:35.417293703,T,273.24,100,273.6,100,IBM
2025-10-14,9:43:35.417298663,T,273.32,100,273.6,100,IBM
2025-10-14,9:43:35.418090579,T,273.32,100,273.55,200,IBM
2025-10-14,9:43:35.423774101,T,273.24,100,273.55,200,IBM
2025-10-14,9:43:35.423809224,T,273.16,100,273.55,200,IBM
2025-10-14,9:43:35.483897293,T,273.16,100,273.6,100,IBM
2025-10-14,9:43:35.483917261,T,273.16,100,273.54,200,IBM
2025-10-14,9:43:35.515156722,T,273.15,300,273.54,200,IBM
2025-10-14,9:43:35.515542534,T,273.15,200,273.54,200,IBM
2025-10-14,9:43:35.516229177,T,273.24,100,273.54,200,IBM
2025-10-14,9:43:35.517036152,T,273.24,100,273.54,300,IBM
2025-10-14,9:43:38.064295360,T,273.15,200,273.54,300,IBM
2025-10-14,9:43:41.084069315,T,273.15,200,273.54,100,IBM
2025-10-14,9:43:41.084099491,T,273.15,200,273.53,200,IBM
2025-10-14,9:43:47.125326751,T,273.15,200,273.54,100,IBM
2025-10-14,9:43:47.125351771,T,273.15,200,273.52,200,IBM
2025-10-14,9:43:47.885847187,T,273.15,300,273.52,200,IBM
2025-10-14,9:43:49.274087124,T,273.15,300,273.54,100,IBM
2025-10-14,9:43:49.274117142,T,273.15,300,273.36,200,IBM
2025-10-14,9:43:49.682043259,T,273.15,200,273.36,200,IBM
2025-10-14,9:43:54.780576261,T,273.15,300,273.36,200,IBM
2025-10-14,9:43:55.418565261,T,273.15,300,273.54,100,IBM
2025-10-14,9:43:55.418665433,T,273.15,300,273.6,200,IBM
2025-10-14,9:43:55.418680570,T,273.15,400,273.6,200,IBM
2025-10-14,9:43:55.418916263,T,273.35,100,273.6,200,IBM
2025-10-14,9:43:55.419382167,T,273.19,100,273.6,200,IBM
2025-10-14,9:43:55.419452371,T,273.15,400,273.6,200,IBM
2025-10-14,9:43:55.419477393,T,273.16,100,273.6,200,IBM
2025-10-14,9:43:55.419517470,T,273.36,100,273.6,200,IBM
2025-10-14,9:43:55.523119154,T,273.36,100,273.54,100,IBM
2025-10-14,9:43:55.564086655,T,273.36,100,273.6,200,IBM
2025-10-14,9:43:55.564126760,T,273.36,200,273.6,200,IBM
2025-10-14,9:43:55.564126760,T,273.36,100,273.6,200,IBM
2025-10-14,9:43:55.564156817,T,273.37,100,273.6,200,IBM
2025-10-14,9:43:55.564632983,T,273.36,200,273.6,200,IBM
2025-10-14,9:43:55.564638040,T,273.43,100,273.6,200,IBM
2025-10-14,9:43:55.564648073,T,273.43,100,273.6,100,IBM
2025-10-14,9:43:55.564718193,T,273.36,100,273.6,100,IBM
2025-10-14,9:43:55.564843458,T,273.36,100,273.6,500,IBM
2025-10-14,9:43:55.565174310,T,273.36,100,273.6,100,IBM
2025-10-14,9:43:55.565204357,T,273.36,100,273.49,400,IBM
2025-10-14,9:43:55.567299314,T,273.36,100,273.49,500,IBM
2025-10-14,9:43:55.567309521,T,273.15,300,273.49,500,IBM
2025-10-14,9:43:55.567309521,T,273.15,300,273.49,400,IBM
2025-10-14,9:43:55.567309521,T,273.15,300,273.6,100,IBM
2025-10-14,9:43:55.567314374,T,273.15,300,273.48,100,IBM
2025-10-14,9:43:55.567329450,T,273.15,300,273.38,100,IBM
2025-10-14,9:43:55.567339373,T,273.15,300,273.38,500,IBM
2025-10-14,9:43:55.567364668,T,273.15,300,273.38,400,IBM
2025-10-14,9:43:55.567464721,T,273.15,300,273.48,100,IBM
2025-10-14,9:43:55.567489751,T,273.15,300,273.37,400,IBM
2025-10-14,9:43:55.567690242,T,273.15,300,273.36,400,IBM
2025-10-14,9:44:02.446170853,T,273.15,200,273.36,400,IBM
2025-10-14,9:44:03.773415447,T,273.15,200,273.36,500,IBM
2025-10-14,9:44:03.773425536,T,273.11,200,273.36,500,IBM
2025-10-14,9:44:03.773425536,T,273.11,200,273.36,100,IBM
2025-10-14,9:44:03.773430510,T,273.11,200,273.6,100,IBM
2025-10-14,9:44:03.773446449,T,273.11,200,273.48,100,IBM
2025-10-14,9:44:03.773450587,T,273.11,200,273.16,400,IBM
2025-10-14,9:44:03.773475657,T,273.11,200,273.16,300,IBM
2025-10-14,9:44:03.773485647,T,273.11,200,273.6,200,IBM
2025-10-14,9:44:03.773490720,T,273.11,200,273.55,100,IBM
2025-10-14,9:44:03.773510771,T,273.11,200,273.6,200,IBM
2025-10-14,9:44:03.773536399,T,273.11,200,273.6,100,IBM
2025-10-14,9:44:03.773536399,T,273.11,200,273.6,200,IBM
2025-10-14,9:44:03.773560806,T,273.11,200,273.36,100,IBM
2025-10-14,9:44:03.773771308,T,273.11,200,273.21,100,IBM
2025-10-14,9:44:03.774402859,T,273.11,200,273.36,100,IBM
2025-10-14,9:44:03.784095904,T,273.11,200,273.6,100,IBM
2025-10-14,9:44:03.794004552,T,272.91,100,273.6,100,IBM
2025-10-14,9:44:03.794059644,T,272.91,100,273.16,100,IBM
2025-10-14,9:44:03.794109738,T,272.8,100,273.16,100,IBM
2025-10-14,9:44:03.794230087,T,272.69,200,273.16,100,IBM
2025-10-14,9:44:03.794656079,T,272.69,200,273.16,200,IBM
2025-10-14,9:44:03.803923183,T,272.69,200,273.16,100,IBM
2025-10-14,9:44:03.805256281,T,272.69,200,273.6,100,IBM
2025-10-14,9:44:03.815896595,T,272.69,200,273.49,100,IBM
2025-10-14,9:44:04.675919070,T,272.69,200,273.48,200,IBM
2025-10-14,9:44:06.580849259,T,272.69,200,273.16,100,IBM
2025-10-14,9:44:06.580869276,T,272.69,200,273.3,100,IBM
2025-10-14,9:44:06.581235229,T,272.69,200,273.25,100,IBM
2025-10-14,9:44:06.581275291,T,272.69,200,273.16,100,IBM
2025-10-14,9:44:06.581375513,T,272.69,200,273.15,100,IBM
2025-10-14,9:44:06.581385480,T,272.69,200,273.15,200,IBM
2025-10-14,9:44:06.581400556,T,272.69,200,273.14,100,IBM
2025-10-14,9:44:06.581415666,T,272.69,200,273.15,100,IBM
2025-10-14,9:44:06.581430744,T,272.69,200,273.16,100,IBM
2025-10-14,9:44:06.581435680,T,272.69,200,273.14,100,IBM
2025-10-14,9:44:06.581445772,T,272.69,200,273.08,100,IBM
2025-10-14,9:44:06.582488114,T,272.52,200,273.08,100,IBM
2025-10-14,9:44:06.591248977,T,272.52,200,273.16,100,IBM
2025-10-14,9:44:06.625104661,T,272.52,200,273.47,100,IBM
2025-10-14,9:44:06.856936457,T,272.52,200,273.39,100,IBM
2025-10-14,9:44:08.449507832,T,272.52,200,273.35,100,IBM
2025-10-14,9:44:08.449542856,T,272.52,200,273.35,200,IBM
2025-10-14,9:44:10.375548225,T,272.52,200,273.35,100,IBM
2025-10-14,9:44:10.375583250,T,272.52,200,273.39,100,IBM
2025-10-14,9:44:11.120216038,T,272.52,200,273.29,100,IBM
2025-10-14,9:44:12.936455293,T,272.52,200,273.29,200,IBM
2025-10-14,9:44:13.256897992,T,272.52,200,273.08,100,IBM
2025-10-14,9:44:13.256922941,T,272.52,200,272.99,100,IBM
2025-10-14,9:44:13.256973057,T,272.52,200,272.98,100,IBM
2025-10-14,9:44:13.257208646,T,272.52,200,272.94,100,IBM
2025-10-14,9:44:13.257273755,T,272.52,200,272.92,100,IBM
2025-10-14,9:44:13.261238227,T,272.52,200,272.94,100,IBM
2025-10-14,9:44:13.266796448,T,272.52,200,273.07,100,IBM
2025-10-14,9:44:13.357527460,T,272.52,200,273.08,100,IBM
2025-10-14,9:44:15.636628053,T,272.52,200,273.2,100,IBM
2025-10-14,9:44:23.730271594,T,272.52,200,272.92,100,IBM
2025-10-14,9:44:23.733414192,T,272.52,200,273.2,100,IBM
2025-10-14,9:44:24.145359807,T,272.52,200,273.29,100,IBM
2025-10-14,9:44:24.252790560,T,272.52,200,273.22,100,IBM
2025-10-14,9:44:24.411347977,T,272.52,200,273.29,100,IBM
2025-10-14,9:44:24.415402591,T,272.52,200,273.22,100,IBM
2025-10-14,9:44:24.939505346,T,272.52,200,273.29,100,IBM
2025-10-14,9:44:29.456639320,T,272.52,200,273.3,100,IBM
2025-10-14,9:44:29.456674323,T,272.52,200,273.16,100,IBM
2025-10-14,9:44:29.950304597,T,272.52,200,273.16,200,IBM
2025-10-14,9:44:29.950510082,T,272.52,200,273.16,100,IBM
2025-10-14,9:44:29.952284316,T,272.52,200,273.11,200,IBM
2025-10-14,9:44:29.953397020,T,272.52,200,273.1,100,IBM
2025-10-14,9:44:30.366204842,T,272.52,200,273.11,200,IBM
2025-10-14,9:44:30.689108547,T,272.35,200,273.11,200,IBM
2025-10-14,9:44:31.688186840,T,272.35,200,273.1,100,IBM
2025-10-14,9:44:34.569501174,T,272.35,200,273.08,100,IBM
2025-10-14,9:44:41.214385653,T,272.35,300,273.08,100,IBM
2025-10-14,9:44:41.514770777,T,272.35,200,273.08,100,IBM
2025-10-14,9:44:41.514825859,T,272.6,100,273.08,100,IBM
2025-10-14,9:44:42.396725532,T,272.24,100,273.08,100,IBM
2025-10-14,9:44:51.046468018,T,272.15,300,273.08,100,IBM
2025-10-14,9:44:51.071607878,T,272.2,100,273.08,100,IBM
2025-10-14,9:44:51.239216907,T,272.61,100,273.08,100,IBM
2025-10-14,9:44:56.441571761,T,272.2,100,273.08,100,IBM
2025-10-14,9:44:56.523481735,T,272.35,100,273.08,100,IBM
2025-10-14,9:44:56.523486761,T,272.63,100,273.08,100,IBM
2025-10-14,9:44:57.619475982,T,272.35,100,273.08,100,IBM
2025-10-14,9:44:58.859868976,T,272.2,100,273.08,100,IBM
2025-10-14,9:44:58.871642068,T,272.66,100,273.08,100,IBM
2025-10-14,9:44:58.871677179,T,272.66,200,273.08,100,IBM
2025-10-14,9:45:01.452561508,T,272.82,100,273.08,100,IBM
2025-10-14,9:45:03.100549819,T,272.82,200,273.08,100,IBM
2025-10-14,9:45:04.265859025,T,272.82,100,273.08,100,IBM
2025-10-14,9:45:04.265859025,T,272.44,100,273.08,100,IBM
2025-10-14,9:45:04.265894117,T,272.44,100,272.99,100,IBM
2025-10-14,9:45:04.265894117,T,272.44,100,272.98,100,IBM
2025-10-14,9:45:04.265924262,T,272.44,100,272.97,100,IBM
2025-10-14,9:45:04.269958848,T,272.44,100,272.98,100,IBM
2025-10-14,9:45:04.275757656,T,272.44,100,273.02,100,IBM
2025-10-14,9:45:04.301238245,T,272.5,100,273.02,100,IBM
2025-10-14,9:45:05.140526429,T,272.44,100,273.02,100,IBM
2025-10-14,9:45:05.165405685,T,272.5,100,273.02,100,IBM
2025-10-14,9:45:05.219028401,T,272.5,100,273.0,100,IBM
2025-10-14,9:45:05.405818149,T,272.5,100,273.08,200,IBM
2025-10-14,9:45:05.405848242,T,272.51,100,273.08,200,IBM
2025-10-14,9:45:05.406354407,T,272.51,100,272.86,200,IBM
2025-10-14,9:45:05.406369435,T,272.51,100,273.0,100,IBM
2025-10-14,9:45:05.406374438,T,272.51,100,273.08,200,IBM
2025-10-14,9:45:05.406399494,T,272.65,100,273.08,200,IBM
2025-10-14,9:45:05.406399494,T,272.66,100,273.08,200,IBM
2025-10-14,9:45:05.406429574,T,272.71,100,273.08,200,IBM
2025-10-14,9:45:05.406499767,T,272.71,100,273.08,100,IBM
2025-10-14,9:45:05.406499767,T,272.75,100,273.08,100,IBM
2025-10-14,9:45:05.406529822,T,272.76,100,273.08,100,IBM
2025-10-14,9:45:05.406745404,T,272.76,100,272.98,100,IBM
2025-10-14,9:45:05.406800485,T,272.81,100,272.98,100,IBM
2025-10-14,9:45:05.408073564,T,272.81,100,272.98,200,IBM
2025-10-14,9:45:05.427680210,T,272.76,100,272.98,200,IBM
2025-10-14,9:45:05.506537903,T,272.75,100,272.98,200,IBM
2025-10-14,9:45:05.506567956,T,272.65,100,272.98,200,IBM
2025-10-14,9:45:05.506598062,T,272.44,100,272.98,200,IBM
2025-10-14,9:45:05.726847387,T,272.44,100,272.98,300,IBM
2025-10-14,9:45:06.598151829,T,272.32,300,272.98,300,IBM
2025-10-14,9:45:07.118234836,T,272.32,200,272.98,300,IBM
2025-10-14,9:45:07.196170407,T,272.32,300,272.98,300,IBM
2025-10-14,9:45:07.414174294,T,272.32,300,272.97,100,IBM
2025-10-14,9:45:07.414179416,T,272.32,300,272.97,200,IBM
2025-10-14,9:45:07.921101086,T,272.32,200,272.97,200,IBM
2025-10-14,9:45:07.922915410,T,272.5,100,272.97,200,IBM
2025-10-14,9:45:07.927376054,T,272.35,100,272.97,200,IBM
2025-10-14,9:45:07.928789468,T,272.5,100,272.97,200,IBM
2025-10-14,9:45:07.937470056,T,272.5,100,272.97,300,IBM
2025-10-14,9:45:07.939098995,T,272.5,100,272.89,100,IBM
2025-10-14,9:45:07.939098995,T,272.5,100,272.89,200,IBM
2025-10-14,9:45:07.945288734,T,272.32,200,272.89,200,IBM
2025-10-14,9:45:08.444171479,T,272.32,200,272.89,300,IBM
2025-10-14,9:45:10.085238388,T,272.32,200,272.89,400,IBM
2025-10-14,9:45:10.239651057,T,272.32,200,272.89,300,IBM
2025-10-14,9:45:10.239896614,T,272.32,200,272.85,100,IBM
2025-10-14,9:45:10.240036941,T,272.32,200,272.85,200,IBM
2025-10-14,9:45:10.240177299,T,272.32,200,272.82,100,IBM
2025-10-14,9:45:10.240292528,T,272.32,200,272.82,200,IBM
2025-10-14,9:45:10.240402792,T,272.32,200,272.77,100,IBM
2025-10-14,9:45:10.240498041,T,272.32,200,272.77,200,IBM
2025-10-14,9:45:11.915771183,T,272.32,200,272.77,100,IBM
2025-10-14,9:45:11.915771183,T,272.32,200,273.08,100,IBM
2025-10-14,9:45:11.915796176,T,272.76,100,273.08,100,IBM
2025-10-14,9:45:11.916071939,T,272.64,100,273.08,100,IBM
2025-10-14,9:45:11.916096953,T,272.52,100,273.08,100,IBM
2025-10-14,9:45:11.916121971,T,272.51,100,273.08,100,IBM
2025-10-14,9:45:11.916152017,T,272.51,100,273.08,200,IBM
2025-10-14,9:45:11.916197164,T,272.51,100,272.83,400,IBM
2025-10-14,9:45:11.916207164,T,272.51,100,272.76,400,IBM
2025-10-14,9:45:11.916247313,T,272.51,100,273.08,200,IBM
2025-10-14,9:45:11.916257329,T,272.51,100,272.76,400,IBM
2025-10-14,9:45:11.916292432,T,272.51,100,273.08,200,IBM
2025-10-14,9:45:11.916317654,T,272.52,100,273.08,200,IBM
2025-10-14,9:45:11.916317654,T,272.56,100,273.08,200,IBM
2025-10-14,9:45:11.916322471,T,272.57,100,273.08,200,IBM
2025-10-14,9:45:11.917104341,T,272.57,100,273.0,100,IBM
2025-10-14,9:45:11.966196202,T,272.57,100,273.02,100,IBM
2025-10-14,9:45:12.016330533,T,272.51,100,273.02,100,IBM
2025-10-14,9:45:12.026088927,T,272.51,100,273.08,200,IBM
2025-10-14,9:45:12.062350169,T,272.32,200,273.08,200,IBM
2025-10-14,9:45:13.328604772,T,272.32,300,273.08,200,IBM
2025-10-14,9:45:14.025343526,T,272.32,300,272.89,200,IBM
2025-10-14,9:45:14.103975633,T,272.35,100,272.89,200,IBM
2025-10-14,9:45:15.378379643,T,272.32,200,272.89,200,IBM
2025-10-14,9:45:15.415182293,T,272.35,100,272.89,200,IBM
2025-10-14,9:45:15.815330064,T,272.33,100,272.89,200,IBM
2025-10-14,9:45:15.815335014,T,272.32,200,272.89,200,IBM
2025-10-14,9:45:15.815350056,T,272.32,200,273.08,200,IBM
2025-10-14,9:45:15.815360138,T,272.32,200,273.02,100,IBM
2025-10-14,9:45:15.815370458,T,272.32,200,272.89,100,IBM
2025-10-14,9:45:15.815375172,T,272.32,200,272.88,100,IBM
2025-10-14,9:45:15.815380097,T,272.32,200,272.71,200,IBM
2025-10-14,9:45:15.815385146,T,272.32,200,272.71,100,IBM
2025-10-14,9:45:15.815515443,T,272.32,200,272.81,100,IBM
2025-10-14,9:45:15.815540788,T,272.32,200,272.88,100,IBM
2025-10-14,9:45:15.815545540,T,272.33,100,272.88,100,IBM
2025-10-14,9:45:15.815585615,T,272.35,100,272.88,100,IBM
2025-10-14,9:45:15.815615741,T,272.53,100,272.88,100,IBM
2025-10-14,9:45:15.815690900,T,272.53,100,273.01,100,IBM
2025-10-14,9:45:15.827995234,T,272.33,100,273.01,100,IBM
2025-10-14,9:45:15.883296810,T,272.33,100,272.88,100,IBM
2025-10-14,9:45:15.915668940,T,272.33,100,273.01,100,IBM
2025-10-14,9:45:15.915678902,T,272.32,200,273.01,100,IBM
2025-10-14,9:45:18.229818175,T,272.32,200,273.03,100,IBM
2025-10-14,9:45:19.219433902,T,272.72,100,273.03,100,IBM
2025-10-14,9:45:21.131260402,T,272.72,100,273.08,200,IBM
2025-10-14,9:45:21.131265429,T,272.72,100,273.02,100,IBM
2025-10-14,9:45:21.297912170,T,272.72,100,273.08,200,IBM
2025-10-14,9:45:21.298668892,T,272.72,100,273.02,100,IBM
2025-10-14,9:45:21.304858717,T,272.32,200,273.02,100,IBM
2025-10-14,9:45:21.305906181,T,272.32,200,273.01,100,IBM
2025-10-14,9:45:21.305981401,T,272.32,200,273.0,100,IBM
2025-10-14,9:45:21.306302172,T,272.32,200,272.98,100,IBM
2025-10-14,9:45:21.306938616,T,272.32,200,273.0,100,IBM
2025-10-14,9:45:21.310336708,T,272.32,200,273.01,100,IBM
2025-10-14,9:45:21.318897142,T,272.32,300,273.01,100,IBM
2025-10-14,9:45:21.951052190,T,272.32,200,273.01,100,IBM
2025-10-14,9:45:21.962208749,T,272.32,300,273.01,100,IBM
2025-10-14,9:45:22.939906459,T,272.32,200,273.01,100,IBM
2025-10-14,9:45:23.023004177,T,272.32,200,273.0,100,IBM
2025-10-14,9:45:23.023034271,T,272.32,200,272.98,100,IBM
2025-10-14,9:45:23.023074445,T,272.32,200,273.0,100,IBM
2025-10-14,9:45:23.023144528,T,272.32,200,272.98,100,IBM
2025-10-14,9:45:23.027179141,T,272.32,200,273.0,100,IBM
2025-10-14,9:45:26.880988873,T,272.32,200,273.01,100,IBM
2025-10-14,9:45:26.881073976,T,272.33,100,273.01,100,IBM
2025-10-14,9:45:26.881259512,T,272.33,100,273.02,100,IBM
2025-10-14,9:45:26.881344707,T,272.35,100,273.02,100,IBM
2025-10-14,9:45:26.881384769,T,272.53,100,273.02,100,IBM
2025-10-14,9:45:26.881384769,T,272.53,100,273.08,200,IBM
2025-10-14,9:45:26.881459899,T,272.53,100,273.02,100,IBM
2025-10-14,9:45:26.882171682,T,272.35,100,273.02,100,IBM
2025-10-14,9:45:26.885564717,T,272.53,100,273.02,100,IBM
2025-10-14,9:45:26.981016962,T,272.33,100,273.02,100,IBM
2025-10-14,9:45:27.193648122,T,272.32,200,273.02,100,IBM
2025-10-14,9:45:31.671643982,T,272.64,100,273.02,100,IBM
2025-10-14,9:45:31.678385050,T,272.64,100,273.0,100,IBM
2025-10-14,9:45:31.680259499,T,272.64,100,273.02,100,IBM
2025-10-14,9:45:31.772849937,T,272.32,200,273.02,100,IBM
2025-10-14,9:45:34.268551152,T,272.32,200,273.08,200,IBM
2025-10-14,9:45:34.826018293,T,272.33,100,273.08,200,IBM
2025-10-14,9:45:34.826153566,T,272.33,100,273.08,100,IBM
2025-10-14,9:45:34.826549560,T,272.33,100,272.85,300,IBM
2025-10-14,9:45:34.827837597,T,272.32,200,272.85,300,IBM
2025-10-14,9:45:34.830308537,T,272.32,200,273.08,200,IBM
2025-10-14,9:45:34.830318551,T,272.32,200,273.0,100,IBM
2025-10-14,9:45:35.213104876,T,272.32,200,273.02,100,IBM
2025-10-14,9:45:35.213134874,T,272.32,200,273.08,100,IBM
2025-10-14,9:45:35.214523232,T,272.32,200,273.08,200,IBM
2025-10-14,9:45:37.226513256,T,272.64,100,273.08,200,IBM
2025-10-14,9:45:37.348122698,T,272.32,200,273.08,200,IBM
2025-10-14,9:45:38.482919216,T,272.32,200,273.02,100,IBM
2025-10-14,9:45:38.482924273,T,272.32,200,272.98,100,IBM
2025-10-14,9:45:39.913500062,T,272.32,200,273.02,100,IBM
2025-10-14,9:45:40.063241540,T,272.32,200,273.0,100,IBM
2025-10-14,9:45:40.376938335,T,272.32,200,273.02,100,IBM
2025-10-14,9:45:41.464692905,T,272.64,100,273.02,100,IBM
2025-10-14,9:45:41.464803215,T,272.64,200,273.02,100,IBM
2025-10-14,9:45:41.515739489,T,272.64,100,273.02,100,IBM
2025-10-14,9:45:41.515804725,T,272.32,200,273.02,100,IBM
2025-10-14,9:45:41.790779294,T,272.64,100,273.02,100,IBM
2025-10-14,9:45:41.869917659,T,272.32,200,273.02,100,IBM
2025-10-14,9:45:43.460679763,T,272.64,100,273.02,100,IBM
2025-10-14,9:45:43.502449191,T,272.32,200,273.02,100,IBM
2025-10-14,9:45:44.106737884,T,272.64,100,273.02,100,IBM
2025-10-14,9:45:44.184773543,T,272.32,200,273.02,100,IBM
2025-10-14,9:45:44.434743684,T,272.64,100,273.02,100,IBM
2025-10-14,9:45:44.434808792,T,272.64,100,273.08,100,IBM
2025-10-14,9:45:44.489764604,T,272.32,200,273.08,100,IBM
2025-10-14,9:45:44.809906907,T,272.64,100,273.08,100,IBM
2025-10-14,9:45:44.914405697,T,272.32,200,273.08,100,IBM
2025-10-14,9:45:46.007387904,T,272.64,100,273.08,100,IBM
2025-10-14,9:45:46.243224294,T,272.32,200,273.08,100,IBM
2025-10-14,9:45:47.145196557,T,272.64,100,273.08,100,IBM
2025-10-14,9:45:47.206437294,T,272.32,200,273.08,100,IBM
2025-10-14,9:45:50.238756391,T,272.64,100,273.08,100,IBM
2025-10-14,9:45:50.770447331,T,272.64,200,273.08,100,IBM
2025-10-14,9:45:50.839070616,T,272.64,100,273.08,100,IBM
2025-10-14,9:45:51.087737638,T,272.64,200,273.08,100,IBM
2025-10-14,9:45:51.158962237,T,272.64,100,273.08,100,IBM
2025-10-14,9:45:51.491739425,T,272.64,200,273.08,100,IBM
2025-10-14,9:45:51.656496702,T,272.64,100,273.08,100,IBM
2025-10-14,9:45:51.928424137,T,272.64,200,273.08,100,IBM
2025-10-14,9:45:53.248120830,T,272.65,100,273.08,100,IBM
2025-10-14,9:45:53.248216544,T,272.74,100,273.08,100,IBM
2025-10-14,9:45:53.248426549,T,272.74,100,273.1,100,IBM
2025-10-14,9:45:53.248632036,T,272.74,100,272.98,200,IBM
2025-10-14,9:45:53.248712191,T,272.74,200,272.98,200,IBM
2025-10-14,9:45:53.248822448,T,272.74,100,272.98,200,IBM
2025-10-14,9:45:53.249058033,T,272.89,100,272.98,200,IBM
2025-10-14,9:45:53.249479007,T,272.74,100,272.98,200,IBM
2025-10-14,9:45:53.249499120,T,272.74,100,273.1,100,IBM
2025-10-14,9:45:53.249524148,T,272.74,100,272.89,200,IBM
2025-10-14,9:45:53.249549283,T,272.74,100,272.89,100,IBM
2025-10-14,9:45:53.249554155,T,272.74,100,273.1,100,IBM
2025-10-14,9:45:53.249584224,T,272.89,100,273.1,100,IBM
2025-10-14,9:45:53.249619328,T,272.89,100,273.09,100,IBM
2025-10-14,9:45:53.249634720,T,272.89,300,273.09,100,IBM
2025-10-14,9:45:53.249654476,T,272.89,200,273.09,100,IBM
2025-10-14,9:45:53.249659443,T,272.89,200,273.1,100,IBM
2025-10-14,9:45:53.249679524,T,272.74,100,273.1,100,IBM
2025-10-14,9:45:53.249689515,T,272.74,100,273.09,100,IBM
2025-10-14,9:45:53.249729682,T,272.74,100,273.0,100,IBM
2025-10-14,9:45:53.250055367,T,272.74,100,273.02,100,IBM
2025-10-14,9:45:53.250060363,T,272.74,100,273.1,100,IBM
2025-10-14,9:45:53.321821538,T,272.64,100,273.1,100,IBM
2025-10-14,9:45:53.442032449,T,272.64,100,273.09,100,IBM
2025-10-14,9:45:53.442057906,T,272.64,100,273.1,100,IBM
2025-10-14,9:45:53.442142654,T,272.64,100,273.02,100,IBM
2025-10-14,9:45:53.443596136,T,272.64,100,273.1,100,IBM
2025-10-14,9:46:04.905252828,T,272.64,200,273.1,100,IBM
2025-10-14,9:46:04.905252828,T,272.81,100,273.1,100,IBM
2025-10-14,9:46:04.905312866,T,272.81,100,273.01,100,IBM
2025-10-14,9:46:04.905327802,T,272.81,100,273.02,100,IBM
2025-10-14,9:46:04.905342908,T,272.81,100,273.1,100,IBM
2025-10-14,9:46:04.905347849,T,272.64,100,273.1,100,IBM
2025-10-14,9:46:04.906270099,T,272.83,100,273.1,100,IBM
2025-10-14,9:46:04.910595388,T,272.64,100,273.1,100,IBM
2025-10-14,9:46:04.930467706,T,272.64,100,273.15,100,IBM
2025-10-14,9:46:04.930472685,T,272.64,100,273.2,100,IBM
2025-10-14,9:46:04.931004023,T,272.64,100,273.3,100,IBM
2025-10-14,9:46:04.964689119,T,272.65,100,273.3,100,IBM
2025-10-14,9:46:04.964689119,T,272.7,100,273.3,100,IBM
2025-10-14,9:46:04.964714257,T,272.87,100,273.3,100,IBM
2025-10-14,9:46:04.964729257,T,272.87,100,273.33,200,IBM
2025-10-14,9:46:04.965360766,T,272.88,100,273.33,200,IBM
2025-10-14,9:46:04.965415973,T,272.88,100,273.49,100,IBM
2025-10-14,9:46:04.974562713,T,272.65,100,273.49,100,IBM
2025-10-14,9:46:05.005225698,T,272.64,200,273.49,100,IBM
2025-10-14,9:46:05.064772388,T,272.64,100,273.49,100,IBM
2025-10-14,9:46:08.230624440,T,273.0,100,273.49,100,IBM
2025-10-14,9:46:08.230634414,T,273.01,100,273.49,100,IBM
2025-10-14,9:46:08.230804834,T,273.03,100,273.49,100,IBM
2025-10-14,9:46:08.230840086,T,273.1,100,273.49,100,IBM
2025-10-14,9:46:08.231080573,T,273.09,100,273.49,100,IBM
2025-10-14,9:46:08.231260898,T,273.01,100,273.49,100,IBM
2025-10-14,9:46:08.231291061,T,273.01,100,273.5,300,IBM
2025-10-14,9:46:08.231346085,T,273.1,100,273.5,300,IBM
2025-10-14,9:46:08.231481652,T,273.01,100,273.5,300,IBM
2025-10-14,9:46:08.231486486,T,273.1,100,273.5,300,IBM
2025-10-14,9:46:08.232133006,T,273.1,100,273.47,200,IBM
2025-10-14,9:46:08.232158126,T,273.01,100,273.47,200,IBM
2025-10-14,9:46:08.232348542,T,273.1,100,273.47,200,IBM
2025-10-14,9:46:08.235385725,T,273.01,100,273.47,200,IBM
2025-10-14,9:46:08.235420904,T,273.01,100,273.47,300,IBM
2025-10-14,9:46:08.236077394,T,272.91,100,273.47,300,IBM
2025-10-14,9:46:08.236287868,T,272.91,200,273.47,300,IBM
2025-10-14,9:46:08.240487886,T,272.91,100,273.47,300,IBM
2025-10-14,9:46:08.305011473,T,272.91,100,273.47,200,IBM
2025-10-14,9:46:08.350529914,T,272.64,200,273.47,200,IBM
2025-10-14,9:46:08.457173792,T,272.64,100,273.47,200,IBM
2025-10-14,9:46:08.462747012,T,272.64,200,273.47,200,IBM
2025-10-14,9:46:08.959940774,T,272.64,100,273.47,200,IBM
2025-10-14,9:46:08.966015206,T,272.64,200,273.47,200,IBM
2025-10-14,9:46:09.096956940,T,272.64,100,273.47,200,IBM
2025-10-14,9:46:09.097002034,T,272.64,200,273.47,200,IBM
2025-10-14,9:46:09.102780804,T,272.64,200,273.47,300,IBM
2025-10-14,9:46:09.102800863,T,272.64,200,273.47,100,IBM
2025-10-14,9:46:09.102825855,T,272.64,200,273.49,100,IBM
2025-10-14,9:46:09.102835970,T,272.64,200,273.46,200,IBM
2025-10-14,9:46:09.213038293,T,272.64,100,273.46,200,IBM
2025-10-14,9:46:09.539450290,T,272.64,100,273.46,100,IBM
2025-10-14,9:46:09.608815482,T,272.68,200,273.46,100,IBM
2025-10-14,9:46:10.113055867,T,272.68,200,273.46,200,IBM
2025-10-14,9:46:11.642557213,T,272.68,200,273.46,300,IBM
2025-10-14,9:46:12.084950617,T,272.68,200,273.46,200,IBM
2025-10-14,9:46:12.084975481,T,272.68,200,273.46,100,IBM
2025-10-14,9:46:12.084980693,T,272.68,200,273.58,100,IBM
2025-10-14,9:46:12.085005954,T,273.45,100,273.58,100,IBM
2025-10-14,9:46:12.085476616,T,273.45,100,273.7,200,IBM
2025-10-14,9:46:12.085601999,T,273.46,100,273.7,200,IBM
2025-10-14,9:46:12.085607074,T,273.23,100,273.7,200,IBM
2025-10-14,9:46:12.085632011,T,273.17,100,273.7,200,IBM
2025-10-14,9:46:12.085792364,T,273.05,100,273.7,200,IBM
2025-10-14,9:46:12.085792364,T,273.18,100,273.7,200,IBM
2025-10-14,9:46:12.086012976,T,273.16,100,273.7,200,IBM
2025-10-14,9:46:12.086143246,T,273.16,100,273.7,300,IBM
2025-10-14,9:46:12.086293565,T,273.31,100,273.7,300,IBM
2025-10-14,9:46:12.086293565,T,273.16,100,273.7,300,IBM
2025-10-14,9:46:12.086519089,T,273.16,200,273.7,300,IBM
2025-10-14,9:46:12.086779710,T,273.18,100,273.7,300,IBM
2025-10-14,9:46:12.087461390,T,273.18,100,273.7,100,IBM
2025-10-14,9:46:12.090032488,T,273.16,100,273.7,100,IBM
2025-10-14,9:46:12.093505701,T,273.16,100,273.98,300,IBM
2025-10-14,9:46:12.096558063,T,273.16,200,273.98,300,IBM
2025-10-14,9:46:12.098502621,T,273.16,100,273.98,300,IBM
2025-10-14,9:46:12.185038656,T,272.98,100,273.98,300,IBM
2025-10-14,9:46:12.185063781,T,272.91,200,273.98,300,IBM
2025-10-14,9:46:14.248491057,T,272.98,100,273.98,300,IBM
2025-10-14,9:46:22.292175609,T,273.08,200,273.98,300,IBM
2025-10-14,9:46:23.992047573,T,273.08,200,273.98,200,IBM
2025-10-14,9:46:23.992283181,T,273.16,100,273.98,200,IBM
2025-10-14,9:46:23.992679018,T,273.12,100,273.98,200,IBM
2025-10-14,9:46:24.000347293,T,273.08,200,273.98,200,IBM
2025-10-14,9:46:24.000357348,T,273.08,200,273.98,300,IBM
2025-10-14,9:46:31.370373105,T,273.08,200,273.98,200,IBM
2025-10-14,9:46:31.370688762,T,273.16,100,273.98,200,IBM
2025-10-14,9:46:31.376161760,T,273.16,100,274.0,300,IBM
2025-10-14,9:46:31.450854691,T,273.4,100,274.0,300,IBM
2025-10-14,9:46:31.450854691,T,273.16,100,274.0,300,IBM
2025-10-14,9:46:31.474866796,T,273.08,200,274.0,300,IBM
2025-10-14,9:46:33.108089997,T,272.98,100,274.0,300,IBM
2025-10-14,9:46:33.108095007,T,273.25,200,274.0,300,IBM
2025-10-14,9:46:34.843361172,T,273.26,100,274.0,300,IBM
2025-10-14,9:46:34.843576796,T,273.26,200,274.0,300,IBM
2025-10-14,9:46:34.847897007,T,273.27,100,274.0,300,IBM
2025-10-14,9:46:34.854076755,T,273.27,200,274.0,300,IBM
2025-10-14,9:46:35.347451283,T,273.28,100,274.0,300,IBM
2025-10-14,9:46:35.347952462,T,273.28,200,274.0,300,IBM
2025-10-14,9:46:35.353435548,T,273.28,100,274.0,300,IBM
2025-10-14,9:46:35.354773689,T,273.78,100,274.0,300,IBM
2025-10-14,9:46:35.354778739,T,273.28,100,274.0,300,IBM
2025-10-14,9:46:35.358838425,T,273.27,100,274.0,300,IBM
2025-10-14,9:46:35.942452706,T,273.27,100,273.94,100,IBM
2025-10-14,9:46:36.189215228,T,273.27,100,274.0,300,IBM
2025-10-14,9:46:37.515216900,T,273.27,100,274.0,200,IBM
2025-10-14,9:46:37.515978729,T,273.27,100,274.0,300,IBM
2025-10-14,9:46:38.867300836,T,273.25,200,274.0,300,IBM
2025-10-14,9:46:39.489782785,T,273.25,200,273.94,100,IBM
2025-10-14,9:46:39.489782785,T,273.25,200,274.0,300,IBM
2025-10-14,9:46:39.489792861,T,273.25,200,273.76,100,IBM
2025-10-14,9:46:39.490424328,T,273.15,100,273.76,100,IBM
2025-10-14,9:46:39.490439436,T,273.15,100,273.75,100,IBM
2025-10-14,9:46:39.490484478,T,273.15,100,273.67,100,IBM
2025-10-14,9:46:39.490589713,T,273.26,100,273.67,100,IBM
2025-10-14,9:46:39.492374041,T,273.26,100,273.79,100,IBM
2025-10-14,9:46:39.492374041,T,273.15,100,273.79,100,IBM
2025-10-14,9:46:39.492399119,T,273.28,100,273.79,100,IBM
2025-10-14,9:46:39.494418897,T,273.28,100,273.84,100,IBM
2025-10-14,9:46:39.502728634,T,273.28,100,273.98,100,IBM
2025-10-14,9:46:39.502763942,T,273.28,200,273.98,100,IBM
2025-10-14,9:46:39.502788755,T,273.28,100,273.98,100,IBM
2025-10-14,9:46:39.502798832,T,273.29,100,273.98,100,IBM
2025-10-14,9:46:39.502813818,T,273.29,200,273.98,100,IBM
2025-10-14,9:46:39.502823861,T,273.29,100,273.98,100,IBM
2025-10-14,9:46:39.502849094,T,273.3,100,273.98,100,IBM
2025-10-14,9:46:39.579721946,T,273.3,100,274.0,300,IBM
2025-10-14,9:46:39.705366152,T,273.3,100,273.98,100,IBM
2025-10-14,9:46:39.781412170,T,273.15,100,273.98,100,IBM
2025-10-14,9:46:39.781437161,T,273.31,100,273.98,100,IBM
2025-10-14,9:46:39.859487991,T,273.31,100,274.0,300,IBM
2025-10-14,9:46:40.112821180,T,273.15,100,274.0,300,IBM
2025-10-14,9:46:40.112841191,T,273.32,100,274.0,300,IBM
2025-10-14,9:46:40.319072186,T,273.15,100,274.0,300,IBM
2025-10-14,9:46:40.319092200,T,273.33,100,274.0,300,IBM
2025-10-14,9:46:40.719009399,T,273.33,100,273.98,100,IBM
2025-10-14,9:46:40.811369272,T,273.33,100,274.0,300,IBM
2025-10-14,9:46:40.996690496,T,273.16,100,274.0,300,IBM
2025-10-14,9:46:40.996710621,T,273.34,100,274.0,300,IBM
2025-10-14,9:46:40.996715574,T,273.34,100,273.98,100,IBM
2025-10-14,9:46:41.073774123,T,273.34,100,274.0,300,IBM
2025-10-14,9:46:43.556719773,T,273.16,100,274.0,300,IBM
2025-10-14,9:46:43.556744906,T,273.35,100,274.0,300,IBM
2025-10-14,9:46:48.981880603,T,273.16,100,274.0,300,IBM
2025-10-14,9:46:48.981905669,T,273.36,100,274.0,300,IBM
2025-10-14,9:46:50.164491101,T,273.36,200,274.0,300,IBM
2025-10-14,9:46:50.229771522,T,273.36,100,274.0,300,IBM
2025-10-14,9:46:50.307732072,T,273.16,100,274.0,300,IBM
2025-10-14,9:46:50.307767202,T,273.37,100,274.0,300,IBM
2025-10-14,9:46:50.975311367,T,273.16,100,274.0,300,IBM
2025-10-14,9:46:50.975331488,T,273.38,100,274.0,300,IBM
2025-10-14,9:46:51.551036996,T,273.5,100,274.0,300,IBM
2025-10-14,9:46:51.551082109,T,273.5,200,274.0,300,IBM
2025-10-14,9:46:51.661364628,T,273.5,100,274.0,300,IBM
2025-10-14,9:46:52.519302088,T,273.5,100,273.94,100,IBM
2025-10-14,9:46:52.519307165,T,273.5,100,274.0,300,IBM
2025-10-14,9:46:58.430910960,T,273.3,100,274.0,300,IBM
2025-10-14,9:46:58.430936071,T,273.3,100,273.51,100,IBM
2025-10-14,9:46:58.431046269,T,273.3,100,273.7,100,IBM
2025-10-14,9:46:58.431342202,T,273.3,100,273.51,200,IBM
2025-10-14,9:46:58.433151277,T,273.3,100,273.89,100,IBM
2025-10-14,9:46:58.433336803,T,273.3,100,273.91,100,IBM
