DATE,TIME_M,EX,BID,BIDSIZ,ASK,ASKSIZ,SYM_ROOT
2025-12-05,9:30:00.536772630,T,307.0,40,310.35,40,IBM
2025-12-05,9:30:00.537318932,T,307.0,40,311.47,600,IBM
2025-12-05,9:30:01.120136659,T,307.0,40,311.47,600,IBM
2025-12-05,9:30:01.126757393,T,307.0,40,309.91,80,IBM
2025-12-05,9:30:01.145712553,T,307.0,40,311.47,600,IBM
2025-12-05,9:30:01.145712553,T,307.0,40,308.89,40,IBM
2025-12-05,9:30:01.147652152,T,307.0,40,311.47,600,IBM
2025-12-05,9:30:01.157916575,T,307.0,40,308.89,80,IBM
2025-12-05,9:30:01.203154304,T,307.0,40,311.47,600,IBM
2025-12-05,9:30:01.224720699,T,307.0,40,310.0,360,IBM
2025-12-05,9:30:01.310229205,T,307.0,40,309.05,40,IBM
2025-12-05,9:30:29.192168430,T,307.0,80,309.05,40,IBM
2025-12-05,9:30:29.210201410,T,307.02,40,309.05,40,IBM
2025-12-05,9:30:29.214541701,T,307.19,40,309.05,40,IBM
2025-12-05,9:30:29.234769896,T,307.36,40,309.05,40,IBM
2025-12-05,9:30:29.551629170,T,307.36,40,309.0,40,IBM
2025-12-05,9:30:30.013162898,T,307.36,40,309.0,120,IBM
2025-12-05,9:30:30.632848234,T,307.53,40,309.0,120,IBM
2025-12-05,9:30:32.110666180,T,307.53,40,309.0,160,IBM
2025-12-05,9:30:32.912374782,T,307.53,40,309.0,120,IBM
2025-12-05,9:30:35.559566503,T,307.53,40,309.0,80,IBM
2025-12-05,9:31:00.433194266,T,307.72,160,309.0,80,IBM
2025-12-05,9:31:02.705759683,T,307.96,40,309.0,80,IBM
2025-12-05,9:31:13.501955535,T,308.0,40,309.0,80,IBM
2025-12-05,9:31:13.501970597,T,308.01,40,309.0,80,IBM
2025-12-05,9:31:13.502151005,T,308.54,40,309.0,80,IBM
2025-12-05,9:31:13.502181321,T,308.54,40,309.05,40,IBM
2025-12-05,9:31:13.502246221,T,308.54,40,309.0,80,IBM
2025-12-05,9:31:13.502246221,T,308.54,40,309.0,40,IBM
2025-12-05,9:31:13.502251201,T,308.54,40,309.05,40,IBM
2025-12-05,9:31:13.502266305,T,308.04,40,309.05,40,IBM
2025-12-05,9:31:13.502296297,T,308.54,40,309.05,40,IBM
2025-12-05,9:31:13.502316336,T,308.04,40,309.05,40,IBM
2025-12-05,9:31:13.502331471,T,308.04,40,309.36,160,IBM
2025-12-05,9:31:13.502336374,T,308.0,40,309.36,160,IBM
2025-12-05,9:31:13.502356516,T,308.01,40,309.36,160,IBM
2025-12-05,9:31:13.502396587,T,308.63,40,309.36,160,IBM
2025-12-05,9:31:13.502426635,T,308.63,40,310.0,400,IBM
2025-12-05,9:31:13.502431868,T,308.63,40,309.63,160,IBM
2025-12-05,9:31:13.502476763,T,308.77,40,309.63,160,IBM
2025-12-05,9:31:13.502622090,T,308.74,40,309.63,160,IBM
2025-12-05,9:31:13.502627170,T,308.21,40,309.63,160,IBM
2025-12-05,9:31:13.502652178,T,308.04,40,309.63,160,IBM
2025-12-05,9:31:13.502657289,T,308.21,40,309.63,160,IBM
2025-12-05,9:31:13.502657289,T,308.04,40,309.63,160,IBM
2025-12-05,9:31:13.502812586,T,308.21,40,309.63,160,IBM
2025-12-05,9:31:13.502852669,T,308.63,40,309.63,160,IBM
2025-12-05,9:31:13.502902782,T,308.21,40,309.63,160,IBM
2025-12-05,9:31:13.502962952,T,308.49,40,309.63,160,IBM
2025-12-05,9:31:13.503043111,T,308.21,40,309.63,160,IBM
2025-12-05,9:31:13.503053170,T,308.21,80,309.63,160,IBM
2025-12-05,9:31:13.503183479,T,308.21,40,309.63,160,IBM
2025-12-05,9:31:13.504641948,T,308.21,80,309.63,160,IBM
2025-12-05,9:31:13.506927336,T,308.62,40,309.63,160,IBM
2025-12-05,9:31:13.506937398,T,308.21,80,309.63,160,IBM
2025-12-05,9:31:13.507358423,T,308.21,40,309.63,160,IBM
2025-12-05,9:31:13.513543146,T,308.04,40,309.63,160,IBM
2025-12-05,9:31:13.549353362,T,308.04,40,310.0,400,IBM
2025-12-05,9:31:13.549383464,T,308.04,40,310.0,360,IBM
2025-12-05,9:31:13.649541887,T,308.04,40,309.94,160,IBM
2025-12-05,9:31:14.319561722,T,308.11,40,309.94,160,IBM
2025-12-05,9:31:14.319591868,T,308.11,80,309.94,160,IBM
2025-12-05,9:31:14.379494454,T,308.11,80,309.47,40,IBM
2025-12-05,9:31:20.808123044,T,308.11,40,309.47,40,IBM
2025-12-05,9:31:20.808148132,T,308.1,160,309.47,40,IBM
2025-12-05,9:31:20.808158096,T,308.96,40,309.47,40,IBM
2025-12-05,9:31:24.855628369,T,308.96,40,309.75,160,IBM
2025-12-05,9:31:24.856360152,T,308.96,40,310.0,360,IBM
2025-12-05,9:31:24.856365151,T,308.96,40,309.98,160,IBM
2025-12-05,9:31:24.868759680,T,308.96,40,309.9,80,IBM
2025-12-05,9:31:25.445337235,T,308.97,40,309.9,80,IBM
2025-12-05,9:31:25.445337235,T,308.96,40,309.9,80,IBM
2025-12-05,9:31:25.468281892,T,308.96,40,309.6,40,IBM
2025-12-05,9:31:25.468306883,T,308.96,40,309.9,80,IBM
2025-12-05,9:31:29.457272881,T,308.96,40,309.9,120,IBM
2025-12-05,9:31:32.207590111,T,308.96,40,309.9,40,IBM
2025-12-05,9:31:33.802125841,T,308.96,40,309.98,160,IBM
2025-12-05,9:31:33.802366477,T,308.96,40,309.75,80,IBM
2025-12-05,9:31:48.262103632,T,308.96,40,309.98,160,IBM
2025-12-05,9:31:50.937246967,T,308.97,40,309.98,160,IBM
2025-12-05,9:31:50.937282054,T,308.98,40,309.98,160,IBM
2025-12-05,9:31:50.954979174,T,308.97,40,309.98,160,IBM
2025-12-05,9:31:50.989110397,T,308.98,40,309.98,160,IBM
2025-12-05,9:31:51.665375288,T,308.96,40,309.98,160,IBM
2025-12-05,9:31:53.076494607,T,308.98,40,309.98,160,IBM
2025-12-05,9:31:53.284965788,T,308.96,40,309.98,160,IBM
2025-12-05,9:31:53.284990802,T,308.96,40,309.75,40,IBM
2025-12-05,9:31:53.285010874,T,308.96,40,309.98,160,IBM
2025-12-05,9:31:53.285040960,T,308.96,40,309.98,200,IBM
2025-12-05,9:31:53.285056210,T,308.96,40,309.75,40,IBM
2025-12-05,9:31:53.285065933,T,308.96,40,309.98,200,IBM
2025-12-05,9:31:53.285076045,T,308.97,40,309.98,200,IBM
2025-12-05,9:31:53.285096006,T,308.98,40,309.98,200,IBM
2025-12-05,9:31:53.285121063,T,308.97,40,309.98,200,IBM
2025-12-05,9:31:53.285146154,T,308.97,40,309.98,160,IBM
2025-12-05,9:31:53.285366670,T,308.97,40,309.75,40,IBM
2025-12-05,9:31:53.285386759,T,308.96,40,309.75,40,IBM
2025-12-05,9:31:53.285532112,T,308.96,40,309.98,200,IBM
2025-12-05,9:31:53.285913013,T,308.96,40,309.8,40,IBM
2025-12-05,9:31:53.286128460,T,308.96,40,309.98,200,IBM
2025-12-05,9:31:53.286514478,T,308.96,40,309.8,40,IBM
2025-12-05,9:31:53.580820030,T,308.96,40,309.8,80,IBM
2025-12-05,9:31:54.040248766,T,308.79,160,309.8,80,IBM
2025-12-05,9:31:54.040283761,T,309.12,40,309.8,80,IBM
2025-12-05,9:31:55.364060120,T,309.12,40,309.8,40,IBM
2025-12-05,9:31:55.364085231,T,309.12,40,309.98,200,IBM
2025-12-05,9:31:55.364436101,T,309.12,40,309.8,40,IBM
2025-12-05,9:31:55.364461081,T,309.12,40,309.98,200,IBM
2025-12-05,9:31:55.364471163,T,309.12,40,309.8,40,IBM
2025-12-05,9:31:55.364621445,T,309.12,40,309.98,200,IBM
2025-12-05,9:31:55.364842021,T,309.12,40,309.8,40,IBM
2025-12-05,9:31:55.365653907,T,309.12,40,309.98,200,IBM
2025-12-05,9:31:55.366019835,T,309.12,40,309.8,40,IBM
2025-12-05,9:31:55.366115029,T,309.12,40,309.98,200,IBM
2025-12-05,9:31:55.366485880,T,309.12,40,309.8,40,IBM
2025-12-05,9:31:55.627472212,T,309.12,40,309.6,40,IBM
2025-12-05,9:31:56.169878445,T,309.12,40,309.6,80,IBM
2025-12-05,9:31:59.990694516,T,309.12,40,309.6,160,IBM
2025-12-05,9:32:12.107914646,T,309.12,40,309.5,40,IBM
2025-12-05,9:32:12.107999811,T,309.17,40,309.5,40,IBM
2025-12-05,9:32:12.108646431,T,309.12,40,309.5,40,IBM
2025-12-05,9:32:12.108671441,T,309.12,40,309.5,80,IBM
2025-12-05,9:32:12.108686495,T,309.12,40,309.49,40,IBM
2025-12-05,9:32:12.108781665,T,308.79,160,309.49,40,IBM
2025-12-05,9:32:12.108816836,T,308.79,160,309.33,40,IBM
2025-12-05,9:32:12.109478397,T,308.79,160,309.33,80,IBM
2025-12-05,9:32:12.109628753,T,308.79,160,309.33,40,IBM
2025-12-05,9:32:12.109774094,T,308.79,160,309.33,80,IBM
2025-12-05,9:32:12.109904376,T,308.79,160,309.33,120,IBM
2025-12-05,9:32:12.109919391,T,308.39,40,309.33,120,IBM
2025-12-05,9:32:12.109924426,T,308.62,160,309.33,120,IBM
2025-12-05,9:32:12.110014663,T,308.62,160,309.27,40,IBM
2025-12-05,9:32:12.110069842,T,308.62,160,309.33,120,IBM
2025-12-05,9:32:12.110094894,T,308.62,160,309.33,80,IBM
2025-12-05,9:32:12.110104858,T,308.62,160,309.33,120,IBM
2025-12-05,9:32:12.110124880,T,308.62,160,309.33,80,IBM
2025-12-05,9:32:12.110445665,T,308.62,160,309.33,120,IBM
2025-12-05,9:32:12.110460829,T,308.98,40,309.33,120,IBM
2025-12-05,9:32:12.110500849,T,308.98,80,309.33,120,IBM
2025-12-05,9:32:12.110575965,T,308.98,40,309.33,120,IBM
2025-12-05,9:32:12.110646103,T,308.98,40,309.22,40,IBM
2025-12-05,9:32:12.111152910,T,308.62,160,309.22,40,IBM
2025-12-05,9:32:12.111177474,T,308.62,160,309.22,80,IBM
2025-12-05,9:32:12.111187460,T,308.62,160,309.21,40,IBM
2025-12-05,9:32:12.111217555,T,308.62,160,309.1,40,IBM
2025-12-05,9:32:12.111242552,T,308.63,40,309.1,40,IBM
2025-12-05,9:32:12.111483111,T,308.62,160,309.1,40,IBM
2025-12-05,9:32:12.111503576,T,308.62,160,309.22,80,IBM
2025-12-05,9:32:12.111523196,T,308.62,160,309.22,40,IBM
2025-12-05,9:32:12.113342934,T,308.62,160,309.22,80,IBM
2025-12-05,9:32:12.113377620,T,308.62,160,309.16,40,IBM
2025-12-05,9:32:12.113954045,T,308.62,160,309.16,80,IBM
2025-12-05,9:32:12.117562568,T,308.62,160,309.16,40,IBM
2025-12-05,9:32:12.255551048,T,308.62,160,309.16,160,IBM
2025-12-05,9:32:16.507227400,T,308.62,160,309.16,120,IBM
2025-12-05,9:32:16.507227400,T,308.62,160,309.16,80,IBM
2025-12-05,9:32:16.507227400,T,308.62,160,309.22,40,IBM
2025-12-05,9:32:16.507242499,T,308.62,160,309.6,40,IBM
2025-12-05,9:32:16.507262515,T,308.85,40,309.6,40,IBM
2025-12-05,9:32:16.507282503,T,308.85,40,309.64,40,IBM
2025-12-05,9:32:16.507322610,T,309.0,40,309.64,40,IBM
2025-12-05,9:32:16.507337630,T,309.0,80,309.64,40,IBM
2025-12-05,9:32:16.507377724,T,309.0,120,309.64,40,IBM
2025-12-05,9:32:16.507603262,T,309.0,120,309.75,200,IBM
2025-12-05,9:32:16.507628366,T,309.0,120,309.75,160,IBM
2025-12-05,9:32:17.010530554,T,309.0,120,309.5,40,IBM
2025-12-05,9:32:21.319097350,T,309.0,120,309.75,160,IBM
2025-12-05,9:32:21.341971808,T,309.03,40,309.75,160,IBM
2025-12-05,9:32:25.144097947,T,309.0,80,309.75,160,IBM
2025-12-05,9:32:27.038151874,T,309.01,40,309.75,160,IBM
2025-12-05,9:32:27.145767929,T,309.04,40,309.75,160,IBM
2025-12-05,9:32:27.467834717,T,309.04,40,310.0,400,IBM
2025-12-05,9:32:27.467839684,T,309.04,40,309.99,160,IBM
2025-12-05,9:32:27.467869816,T,309.04,40,309.99,200,IBM
2025-12-05,9:32:27.491661393,T,309.05,40,309.99,200,IBM
2025-12-05,9:32:28.518119907,T,309.05,80,309.99,200,IBM
2025-12-05,9:32:28.518149932,T,309.25,40,309.99,200,IBM
2025-12-05,9:32:28.518706273,T,309.25,40,309.99,160,IBM
2025-12-05,9:32:28.522715863,T,309.05,80,309.99,160,IBM
2025-12-05,9:32:28.529812779,T,309.05,40,309.99,160,IBM
2025-12-05,9:32:28.530108486,T,309.05,80,309.99,160,IBM
2025-12-05,9:32:29.655788150,T,309.05,40,309.99,160,IBM
2025-12-05,9:32:29.905387400,T,309.16,40,309.99,160,IBM
2025-12-05,9:32:29.905432497,T,309.32,40,309.99,160,IBM
2025-12-05,9:32:30.377225640,T,309.48,40,309.99,160,IBM
2025-12-05,9:32:30.377576443,T,309.61,40,309.99,160,IBM
2025-12-05,9:32:30.377586541,T,309.48,40,309.99,160,IBM
2025-12-05,9:32:31.770211708,T,309.48,40,310.0,400,IBM
2025-12-05,9:32:31.770276856,T,308.83,40,310.0,400,IBM
2025-12-05,9:32:37.056420615,T,309.3,40,310.0,400,IBM
2025-12-05,9:33:04.398920677,T,309.03,160,310.0,400,IBM
2025-12-05,9:33:07.967886809,T,309.04,40,310.0,400,IBM
2025-12-05,9:33:07.967946877,T,309.65,40,310.0,400,IBM
2025-12-05,9:33:07.967992069,T,309.04,40,310.0,400,IBM
2025-12-05,9:33:07.968062241,T,309.12,40,310.0,400,IBM
2025-12-05,9:33:07.968092208,T,309.66,40,310.0,400,IBM
2025-12-05,9:33:07.968172397,T,309.69,40,310.0,400,IBM
2025-12-05,9:33:07.968242642,T,309.69,80,310.0,400,IBM
2025-12-05,9:33:07.968258120,T,309.79,40,310.0,400,IBM
2025-12-05,9:33:07.968934253,T,309.79,40,310.0,360,IBM
2025-12-05,9:33:07.968999413,T,309.79,40,310.0,400,IBM
2025-12-05,9:33:07.969034516,T,309.79,40,310.0,360,IBM
2025-12-05,9:33:07.969094602,T,309.87,40,310.0,360,IBM
2025-12-05,9:33:07.969315227,T,309.87,40,310.0,400,IBM
2025-12-05,9:33:07.969320198,T,309.87,40,309.95,40,IBM
2025-12-05,9:33:07.969360271,T,309.79,40,309.95,40,IBM
2025-12-05,9:33:07.969461903,T,309.79,40,310.0,400,IBM
2025-12-05,9:33:07.969461903,T,309.79,40,310.0,360,IBM
2025-12-05,9:33:07.970262437,T,309.83,40,310.0,360,IBM
2025-12-05,9:33:07.974477491,T,309.79,40,310.0,360,IBM
2025-12-05,9:33:07.989934214,T,309.46,40,310.0,360,IBM
2025-12-05,9:33:08.002769793,T,309.04,40,310.0,360,IBM
2025-12-05,9:33:08.014081753,T,309.04,40,310.0,400,IBM
2025-12-05,9:33:08.014096839,T,309.04,40,310.0,360,IBM
2025-12-05,9:33:08.425070179,T,309.03,160,310.0,360,IBM
2025-12-05,9:33:11.941962309,T,309.45,40,310.0,360,IBM
2025-12-05,9:33:13.781832230,T,309.45,40,310.0,400,IBM
2025-12-05,9:33:13.782198026,T,309.49,40,310.0,400,IBM
2025-12-05,9:33:14.919540561,T,309.49,80,310.0,400,IBM
2025-12-05,9:33:18.638919585,T,309.49,80,309.87,40,IBM
2025-12-05,9:33:19.912777109,T,309.49,80,310.0,400,IBM
2025-12-05,9:33:28.739384489,T,309.49,40,310.0,400,IBM
2025-12-05,9:33:28.739419523,T,309.54,40,310.0,400,IBM
2025-12-05,9:33:28.739464601,T,309.54,80,310.0,400,IBM
2025-12-05,9:33:31.773427074,T,309.54,40,310.0,400,IBM
2025-12-05,9:33:31.773462125,T,309.49,40,310.0,400,IBM
2025-12-05,9:33:33.980616289,T,309.54,40,310.0,400,IBM
2025-12-05,9:33:39.920185933,T,309.54,80,310.0,400,IBM
2025-12-05,9:33:42.537837216,T,309.54,80,310.0,360,IBM
2025-12-05,9:33:42.537887353,T,309.69,40,310.0,360,IBM
2025-12-05,9:33:42.538032678,T,309.54,80,310.0,360,IBM
2025-12-05,9:33:42.538037693,T,309.79,40,310.0,360,IBM
2025-12-05,9:33:42.538127913,T,309.54,40,310.0,360,IBM
2025-12-05,9:33:42.538137959,T,309.54,40,310.0,400,IBM
2025-12-05,9:33:42.538248142,T,309.54,40,310.0,360,IBM
2025-12-05,9:33:42.538248142,T,309.69,40,310.0,360,IBM
2025-12-05,9:33:42.538413514,T,309.69,40,310.0,400,IBM
2025-12-05,9:33:42.538433648,T,309.69,40,310.0,360,IBM
2025-12-05,9:33:42.538463672,T,309.54,40,310.0,360,IBM
2025-12-05,9:33:42.538473675,T,309.77,40,310.0,360,IBM
2025-12-05,9:33:42.538473675,T,309.54,80,310.0,360,IBM
2025-12-05,9:33:42.538764377,T,309.55,40,310.0,360,IBM
2025-12-05,9:33:42.551389419,T,309.55,40,310.0,400,IBM
2025-12-05,9:33:42.555965289,T,309.55,40,310.0,360,IBM
2025-12-05,9:33:42.758913415,T,309.55,40,310.0,400,IBM
2025-12-05,9:33:43.234871518,T,309.55,40,310.0,360,IBM
2025-12-05,9:33:43.775553640,T,309.55,40,309.98,80,IBM
2025-12-05,9:33:45.097776348,T,309.55,40,310.0,360,IBM
2025-12-05,9:33:45.097816412,T,309.76,40,310.0,360,IBM
2025-12-05,9:33:45.098883950,T,309.76,80,310.0,360,IBM
2025-12-05,9:33:45.098883950,T,309.77,40,310.0,360,IBM
2025-12-05,9:33:45.099039316,T,309.77,40,310.0,280,IBM
2025-12-05,9:33:45.099054442,T,309.77,40,310.23,160,IBM
2025-12-05,9:33:45.099079505,T,309.99,80,310.23,160,IBM
2025-12-05,9:33:45.099520457,T,309.77,80,310.23,160,IBM
2025-12-05,9:33:45.099540505,T,309.77,40,310.23,160,IBM
2025-12-05,9:33:45.100187153,T,309.77,40,310.05,80,IBM
2025-12-05,9:33:45.112721911,T,309.66,40,310.05,80,IBM
2025-12-05,9:33:54.343526104,T,309.66,40,310.05,120,IBM
2025-12-05,9:33:54.435339712,T,309.6,120,310.05,120,IBM
2025-12-05,9:33:54.435369751,T,309.68,40,310.05,120,IBM
2025-12-05,9:33:54.908285487,T,309.6,120,310.05,120,IBM
2025-12-05,9:33:54.908305553,T,309.6,120,309.87,40,IBM
2025-12-05,9:33:54.908586223,T,309.6,120,309.8,40,IBM
2025-12-05,9:33:54.908776618,T,309.25,40,309.8,40,IBM
2025-12-05,9:33:54.908831910,T,309.23,200,309.8,40,IBM
2025-12-05,9:33:54.909047319,T,309.23,200,309.8,80,IBM
2025-12-05,9:33:54.909162610,T,309.23,200,309.8,40,IBM
2025-12-05,9:33:54.909217778,T,309.58,120,309.8,40,IBM
2025-12-05,9:33:54.909242764,T,309.58,80,309.8,40,IBM
2025-12-05,9:33:54.909267844,T,309.23,200,309.8,40,IBM
2025-12-05,9:33:54.909618663,T,309.23,200,309.69,40,IBM
2025-12-05,9:33:54.909929403,T,309.23,200,309.8,40,IBM
2025-12-05,9:33:54.910921865,T,309.23,200,309.69,40,IBM
2025-12-05,9:33:54.910951808,T,309.23,200,309.68,40,IBM
2025-12-05,9:33:54.911167418,T,309.12,40,309.68,40,IBM
2025-12-05,9:33:54.911277656,T,309.12,40,309.69,40,IBM
2025-12-05,9:33:54.911548305,T,309.12,40,309.8,40,IBM
2025-12-05,9:33:54.919522197,T,309.12,40,310.19,160,IBM
2025-12-05,9:33:54.922344004,T,309.12,40,309.8,40,IBM
2025-12-05,9:33:54.922364215,T,309.12,40,310.19,160,IBM
2025-12-05,9:33:54.922364215,T,309.12,40,309.68,40,IBM
2025-12-05,9:33:54.922459324,T,309.06,40,309.68,40,IBM
2025-12-05,9:33:54.922479241,T,309.05,160,309.68,40,IBM
2025-12-05,9:33:54.922629704,T,309.06,40,309.68,40,IBM
2025-12-05,9:33:54.922654695,T,309.13,40,309.68,40,IBM
2025-12-05,9:33:54.922684753,T,309.13,40,310.19,160,IBM
2025-12-05,9:33:54.922739888,T,309.06,40,310.19,160,IBM
2025-12-05,9:33:54.922820118,T,309.13,40,310.19,160,IBM
2025-12-05,9:33:54.922955367,T,309.13,40,310.04,40,IBM
2025-12-05,9:33:54.922960428,T,309.21,40,310.04,40,IBM
2025-12-05,9:33:54.923015820,T,309.13,40,310.04,40,IBM
2025-12-05,9:33:54.923020546,T,309.13,40,310.19,160,IBM
2025-12-05,9:33:54.923060766,T,309.13,40,309.8,40,IBM
2025-12-05,9:33:54.923060766,T,309.06,40,309.8,40,IBM
2025-12-05,9:33:54.923085786,T,309.06,40,310.04,40,IBM
2025-12-05,9:33:54.923130811,T,309.13,40,310.04,40,IBM
2025-12-05,9:33:54.923226076,T,309.13,40,310.03,40,IBM
2025-12-05,9:33:54.923266148,T,309.21,40,310.03,40,IBM
2025-12-05,9:33:54.923341398,T,309.21,40,309.79,40,IBM
2025-12-05,9:33:54.923631981,T,309.13,40,309.79,40,IBM
2025-12-05,9:33:54.931515849,T,309.13,40,310.03,40,IBM
2025-12-05,9:33:54.947163080,T,309.13,40,309.79,40,IBM
2025-12-05,9:33:54.973751334,T,309.06,40,309.79,40,IBM
2025-12-05,9:33:55.008554202,T,309.06,40,310.03,40,IBM
2025-12-05,9:33:55.023745306,T,309.03,40,310.03,40,IBM
2025-12-05,9:33:55.023755340,T,309.03,40,310.19,160,IBM
2025-12-05,9:33:55.035693758,T,308.98,40,310.19,160,IBM
2025-12-05,9:33:55.052253250,T,308.98,40,310.05,40,IBM
2025-12-05,9:33:55.052278243,T,308.98,40,310.19,160,IBM
2025-12-05,9:33:55.389340699,T,308.98,40,310.17,40,IBM
2025-12-05,9:33:55.564507667,T,308.96,160,310.17,40,IBM
2025-12-05,9:34:01.118609657,T,308.96,160,309.8,80,IBM
2025-12-05,9:34:04.729735910,T,308.96,160,309.8,40,IBM
2025-12-05,9:34:12.464408541,T,308.83,40,309.8,40,IBM
2025-12-05,9:34:13.193729611,T,308.71,240,309.8,40,IBM
2025-12-05,9:34:13.193754734,T,308.71,200,309.8,40,IBM
2025-12-05,9:34:13.924885178,T,308.71,200,310.19,160,IBM
2025-12-05,9:34:13.925376403,T,308.71,200,310.35,40,IBM
2025-12-05,9:34:13.925386400,T,308.71,200,309.99,160,IBM
2025-12-05,9:34:13.925657055,T,308.71,200,309.51,40,IBM
2025-12-05,9:34:13.925677240,T,308.71,200,309.41,40,IBM
2025-12-05,9:34:13.925697153,T,308.71,280,309.41,40,IBM
2025-12-05,9:34:13.925832512,T,308.71,360,309.41,40,IBM
2025-12-05,9:34:13.926138188,T,308.71,360,309.36,40,IBM
2025-12-05,9:34:13.926238393,T,308.71,320,309.36,40,IBM
2025-12-05,9:34:13.930353288,T,308.71,320,309.41,40,IBM
2025-12-05,9:34:13.931576171,T,308.71,120,309.41,40,IBM
2025-12-05,9:34:13.932899317,T,308.71,120,309.65,40,IBM
2025-12-05,9:34:14.057821758,T,308.71,160,309.65,40,IBM
2025-12-05,9:34:14.489990750,T,308.73,40,309.65,40,IBM
2025-12-05,9:34:14.490005801,T,308.73,40,309.8,40,IBM
2025-12-05,9:34:14.490030824,T,308.73,40,309.51,120,IBM
2025-12-05,9:34:14.490496927,T,308.73,40,309.8,40,IBM
2025-12-05,9:34:14.532416686,T,308.73,120,309.8,40,IBM
2025-12-05,9:34:14.532807666,T,308.73,80,309.8,40,IBM
2025-12-05,9:34:14.542435518,T,308.71,120,309.8,40,IBM
2025-12-05,9:34:14.554584518,T,308.71,40,309.8,40,IBM
2025-12-05,9:34:15.056694715,T,308.63,40,309.8,40,IBM
2025-12-05,9:34:17.015141764,T,308.77,40,309.8,40,IBM
2025-12-05,9:34:17.015161805,T,309.04,40,309.8,40,IBM
2025-12-05,9:34:17.015688086,T,309.04,40,309.91,40,IBM
2025-12-05,9:34:17.016154193,T,309.04,40,309.76,160,IBM
2025-12-05,9:34:18.173789949,T,308.53,40,309.76,160,IBM
2025-12-05,9:34:20.057995489,T,308.63,40,309.76,160,IBM
2025-12-05,9:34:21.258864199,T,308.63,40,309.51,40,IBM
2025-12-05,9:34:21.340518519,T,309.05,40,309.51,40,IBM
2025-12-05,9:34:22.303451064,T,309.05,40,309.76,160,IBM
2025-12-05,9:34:25.351923009,T,308.65,160,309.76,160,IBM
2025-12-05,9:34:25.367830859,T,309.05,40,309.76,160,IBM
2025-12-05,9:34:25.367865981,T,309.28,40,309.76,160,IBM
2025-12-05,9:34:25.371890540,T,309.28,40,310.04,40,IBM
2025-12-05,9:34:25.371900536,T,309.28,40,310.03,160,IBM
2025-12-05,9:34:25.371935601,T,309.28,40,310.03,200,IBM
2025-12-05,9:34:25.379979783,T,309.39,40,310.03,200,IBM
2025-12-05,9:34:25.380019813,T,308.66,40,310.03,200,IBM
2025-12-05,9:34:25.380049983,T,308.65,160,310.03,200,IBM
2025-12-05,9:34:28.771799293,T,308.65,160,310.03,160,IBM
2025-12-05,9:34:28.816104718,T,308.65,160,310.03,200,IBM
2025-12-05,9:34:28.867847903,T,308.65,160,309.4,40,IBM
2025-12-05,9:34:28.867857933,T,308.65,160,309.4,80,IBM
2025-12-05,9:34:28.867878022,T,308.65,160,309.29,40,IBM
2025-12-05,9:34:28.874824566,T,308.65,160,309.4,40,IBM
2025-12-05,9:34:29.566631247,T,308.65,160,309.8,40,IBM
2025-12-05,9:34:29.566656391,T,308.66,40,309.8,40,IBM
2025-12-05,9:34:29.566686382,T,309.05,40,309.8,40,IBM
2025-12-05,9:34:29.566896950,T,309.05,40,309.81,160,IBM
2025-12-05,9:34:29.566927053,T,308.65,160,309.81,160,IBM
2025-12-05,9:34:29.566927053,T,309.05,40,309.81,160,IBM
2025-12-05,9:34:30.031999035,T,309.06,40,309.81,160,IBM
2025-12-05,9:34:37.183052544,T,309.06,40,309.81,200,IBM
2025-12-05,9:34:39.765475136,T,309.06,40,309.56,40,IBM
2025-12-05,9:34:42.589432825,T,308.66,40,309.56,40,IBM
2025-12-05,9:34:42.589447869,T,308.65,160,309.56,40,IBM
2025-12-05,9:34:42.589472928,T,308.65,160,309.37,40,IBM
2025-12-05,9:34:42.590295099,T,308.65,160,309.37,80,IBM
2025-12-05,9:34:56.954569513,T,308.65,160,309.37,120,IBM
2025-12-05,9:34:56.954855087,T,308.65,160,309.17,40,IBM
2025-12-05,9:34:56.955657183,T,308.65,160,309.17,80,IBM
2025-12-05,9:34:56.955912662,T,308.65,160,309.17,40,IBM
2025-12-05,9:34:59.940307411,T,308.53,40,309.17,40,IBM
2025-12-05,9:35:00.134489722,T,308.96,40,309.17,40,IBM
2025-12-05,9:35:00.134805601,T,308.96,40,309.55,40,IBM
2025-12-05,9:35:00.134805601,T,308.96,40,309.6,200,IBM
2025-12-05,9:35:00.135642499,T,308.63,40,309.6,200,IBM
2025-12-05,9:35:00.135642499,T,308.63,40,309.22,40,IBM
2025-12-05,9:35:00.135978186,T,308.66,40,309.22,40,IBM
2025-12-05,9:35:00.136078503,T,308.66,40,309.6,200,IBM
2025-12-05,9:35:00.136098537,T,309.11,40,309.6,200,IBM
2025-12-05,9:35:00.137461809,T,308.66,40,309.6,200,IBM
2025-12-05,9:35:00.140258383,T,308.67,200,309.6,200,IBM
2025-12-05,9:35:00.370170788,T,308.67,200,309.37,40,IBM
2025-12-05,9:35:00.746281050,T,308.67,200,309.6,200,IBM
2025-12-05,9:35:00.746301109,T,309.22,40,309.6,200,IBM
2025-12-05,9:35:00.784306604,T,309.22,40,310.01,40,IBM
2025-12-05,9:35:00.784316623,T,309.22,40,309.79,160,IBM
2025-12-05,9:35:00.807767473,T,308.89,40,309.79,160,IBM
2025-12-05,9:35:00.808514198,T,308.92,40,309.79,160,IBM
2025-12-05,9:35:00.814242867,T,308.89,40,309.79,160,IBM
2025-12-05,9:35:01.052835886,T,308.77,40,309.79,160,IBM
2025-12-05,9:35:01.848695390,T,308.77,40,309.65,120,IBM
2025-12-05,9:35:02.258831686,T,308.77,40,309.79,160,IBM
2025-12-05,9:35:05.438510911,T,308.77,80,309.79,160,IBM
2025-12-05,9:35:08.739073056,T,308.77,80,309.65,80,IBM
2025-12-05,9:35:09.290691187,T,308.77,80,309.79,160,IBM
2025-12-05,9:35:10.826497547,T,309.5,1000,309.79,160,IBM
2025-12-05,9:35:10.826517691,T,309.5,680,309.79,160,IBM
2025-12-05,9:35:10.826517691,T,309.5,640,309.79,160,IBM
2025-12-05,9:35:10.826517691,T,309.5,400,309.79,160,IBM
2025-12-05,9:35:10.826527699,T,309.5,320,309.79,160,IBM
2025-12-05,9:35:10.826527699,T,308.77,80,309.79,160,IBM
2025-12-05,9:35:10.826703057,T,308.77,40,309.79,160,IBM
2025-12-05,9:35:10.827259342,T,308.67,200,309.79,160,IBM
2025-12-05,9:35:10.835829757,T,308.68,40,309.79,160,IBM
2025-12-05,9:35:10.937702272,T,308.67,200,309.79,160,IBM
2025-12-05,9:35:21.310780611,T,308.68,40,309.79,160,IBM
2025-12-05,9:35:21.716295965,T,308.67,200,309.79,160,IBM
2025-12-05,9:35:24.023287943,T,308.67,200,310.17,40,IBM
2025-12-05,9:35:24.023297908,T,308.67,200,310.15,160,IBM
2025-12-05,9:35:24.023333046,T,308.67,200,310.15,200,IBM
2025-12-05,9:35:24.976807797,T,308.68,40,310.15,200,IBM
2025-12-05,9:35:25.672042788,T,308.67,200,310.15,200,IBM
2025-12-05,9:35:26.530882215,T,308.68,40,310.15,200,IBM
2025-12-05,9:35:26.660896730,T,308.67,200,310.15,200,IBM
2025-12-05,9:35:26.842443867,T,308.68,40,310.15,200,IBM
2025-12-05,9:35:27.649750660,T,308.67,200,310.15,200,IBM
2025-12-05,9:35:28.069530129,T,308.68,40,310.15,200,IBM
2025-12-05,9:35:28.638599743,T,308.67,200,310.15,200,IBM
2025-12-05,9:35:28.793523504,T,308.68,40,310.15,200,IBM
2025-12-05,9:35:29.627463708,T,308.67,200,310.15,200,IBM
2025-12-05,9:35:29.689566532,T,308.68,40,310.15,200,IBM
2025-12-05,9:35:30.616312887,T,308.67,200,310.15,200,IBM
2025-12-05,9:35:30.642690632,T,308.68,40,310.15,200,IBM
2025-12-05,9:35:31.391628527,T,308.68,40,310.15,160,IBM
2025-12-05,9:35:31.605166895,T,308.67,200,310.15,160,IBM
2025-12-05,9:35:31.888962460,T,308.68,40,310.15,160,IBM
2025-12-05,9:35:32.594025728,T,308.67,200,310.15,160,IBM
2025-12-05,9:35:32.808360869,T,308.68,40,310.15,160,IBM
2025-12-05,9:35:32.928251245,T,308.68,40,309.65,120,IBM
2025-12-05,9:35:32.999646285,T,308.72,80,309.65,120,IBM
2025-12-05,9:35:32.999681365,T,308.72,120,309.65,120,IBM
2025-12-05,9:35:32.999721469,T,308.72,120,310.15,160,IBM
2025-12-05,9:35:33.384276858,T,308.72,120,309.65,120,IBM
2025-12-05,9:35:33.450258872,T,308.72,120,310.15,160,IBM
2025-12-05,9:35:33.582874664,T,308.72,80,310.15,160,IBM
2025-12-05,9:35:33.697637777,T,308.72,120,310.15,160,IBM
2025-12-05,9:35:33.697652831,T,309.18,40,310.15,160,IBM
2025-12-05,9:35:33.697652831,T,309.19,40,310.15,160,IBM
2025-12-05,9:35:35.155272839,T,309.19,40,310.17,40,IBM
2025-12-05,9:35:35.155277809,T,309.19,40,309.95,160,IBM
2025-12-05,9:35:35.159442766,T,308.77,40,309.95,160,IBM
2025-12-05,9:35:35.159472763,T,308.72,120,309.95,160,IBM
2025-12-05,9:35:35.939760501,T,308.77,40,309.95,160,IBM
2025-12-05,9:35:36.549436892,T,308.72,120,309.95,160,IBM
2025-12-05,9:35:36.674359226,T,308.77,40,309.95,160,IBM
2025-12-05,9:35:36.853039548,T,308.77,40,309.65,120,IBM
2025-12-05,9:35:37.134409285,T,308.77,40,309.95,160,IBM
2025-12-05,9:35:37.449860286,T,308.77,40,309.65,120,IBM
2025-12-05,9:35:37.537965063,T,308.72,120,309.65,120,IBM
2025-12-05,9:35:37.645235343,T,308.72,120,309.95,160,IBM
2025-12-05,9:35:37.992998197,T,308.72,120,309.65,120,IBM
2025-12-05,9:35:38.155334535,T,308.72,120,309.95,160,IBM
2025-12-05,9:35:38.238567646,T,308.86,160,309.95,160,IBM
2025-12-05,9:35:38.536030771,T,308.86,160,309.65,120,IBM
2025-12-05,9:35:40.183462540,T,308.86,160,309.95,160,IBM
2025-12-05,9:35:40.450498236,T,308.86,160,309.65,120,IBM
2025-12-05,9:35:40.748247091,T,308.86,160,309.95,160,IBM
2025-12-05,9:35:41.109000941,T,308.86,160,309.65,120,IBM
2025-12-05,9:35:41.419875962,T,308.86,160,309.56,120,IBM
2025-12-05,9:35:41.494072677,T,308.86,160,309.95,160,IBM
2025-12-05,9:35:41.914654008,T,308.86,160,309.56,120,IBM
2025-12-05,9:35:42.046648165,T,308.86,160,309.95,160,IBM
2025-12-05,9:35:45.005110885,T,308.86,160,309.84,40,IBM
2025-12-05,9:35:45.005135878,T,308.86,160,309.95,160,IBM
2025-12-05,9:35:45.005160965,T,309.0,40,309.95,160,IBM
2025-12-05,9:35:45.005170975,T,309.01,40,309.95,160,IBM
2025-12-05,9:35:45.005191019,T,309.21,40,309.95,160,IBM
2025-12-05,9:35:45.449132801,T,308.86,160,309.95,160,IBM
2025-12-05,9:35:45.626379789,T,309.21,40,309.95,160,IBM
2025-12-05,9:35:46.437981995,T,308.86,160,309.95,160,IBM
2025-12-05,9:35:46.471717290,T,309.21,40,309.95,160,IBM
2025-12-05,9:35:47.426835931,T,308.86,160,309.95,160,IBM
2025-12-05,9:35:47.500506327,T,309.21,40,309.95,160,IBM
2025-12-05,9:35:48.415689899,T,308.86,160,309.95,160,IBM
2025-12-05,9:35:58.023286292,T,309.24,40,309.95,160,IBM
2025-12-05,9:35:59.224079945,T,309.24,40,309.71,40,IBM
2025-12-05,9:36:16.537149258,T,308.86,160,309.71,40,IBM
2025-12-05,9:36:16.537149258,T,308.86,160,309.58,40,IBM
2025-12-05,9:36:16.537359793,T,308.86,160,309.58,80,IBM
2025-12-05,9:36:16.537369744,T,308.86,160,309.58,40,IBM
2025-12-05,9:36:16.537374794,T,308.86,160,309.47,40,IBM
2025-12-05,9:36:16.537750652,T,308.86,160,309.36,40,IBM
2025-12-05,9:36:16.538873348,T,308.63,40,309.36,40,IBM
2025-12-05,9:36:16.539113894,T,308.6,200,309.36,40,IBM
2025-12-05,9:36:16.539374452,T,308.6,200,309.22,40,IBM
2025-12-05,9:36:16.638069484,T,308.6,200,309.22,80,IBM
2025-12-05,9:36:16.753013113,T,308.6,200,309.22,120,IBM
2025-12-05,9:36:16.753494232,T,308.6,200,309.22,80,IBM
2025-12-05,9:36:17.253003324,T,308.6,280,309.22,80,IBM
2025-12-05,9:36:17.766951703,T,308.6,280,309.22,40,IBM
2025-12-05,9:36:21.292990751,T,308.63,40,309.22,40,IBM
2025-12-05,9:36:22.036570798,T,308.6,280,309.22,40,IBM
2025-12-05,9:36:22.212429394,T,308.63,40,309.22,40,IBM
2025-12-05,9:36:23.025419789,T,308.6,280,309.22,40,IBM
2025-12-05,9:36:23.376515593,T,308.63,40,309.22,40,IBM
2025-12-05,9:36:24.014273879,T,308.6,280,309.22,40,IBM
2025-12-05,9:36:24.586721572,T,308.63,40,309.22,40,IBM
2025-12-05,9:36:25.003127867,T,308.6,280,309.22,40,IBM
2025-12-05,9:36:25.206983175,T,308.63,40,309.22,40,IBM
2025-12-05,9:36:25.991981881,T,308.6,280,309.22,40,IBM
2025-12-05,9:36:26.610604449,T,308.63,40,309.22,40,IBM
2025-12-05,9:36:26.980835779,T,308.6,280,309.22,40,IBM
2025-12-05,9:36:27.507524562,T,308.63,40,309.22,40,IBM
2025-12-05,9:36:27.969694806,T,308.6,280,309.22,40,IBM
2025-12-05,9:36:28.067136698,T,308.63,40,309.22,40,IBM
2025-12-05,9:36:28.958543895,T,308.6,280,309.22,40,IBM
2025-12-05,9:36:29.192245100,T,308.63,40,309.22,40,IBM
2025-12-05,9:36:29.947402809,T,308.6,280,309.22,40,IBM
2025-12-05,9:36:30.376784932,T,308.63,40,309.22,40,IBM
2025-12-05,9:36:30.936256773,T,308.6,280,309.22,40,IBM
2025-12-05,9:36:30.981349156,T,308.6,200,309.22,40,IBM
2025-12-05,9:36:32.569945905,T,308.63,40,309.22,40,IBM
2025-12-05,9:36:32.913964845,T,308.6,200,309.22,40,IBM
2025-12-05,9:36:32.940142169,T,308.63,40,309.22,40,IBM
2025-12-05,9:36:33.902818942,T,308.6,200,309.22,40,IBM
2025-12-05,9:36:34.108794244,T,308.63,40,309.22,40,IBM
2025-12-05,9:36:34.891672806,T,308.6,200,309.22,40,IBM
2025-12-05,9:36:34.908192201,T,308.63,40,309.22,40,IBM
2025-12-05,9:36:35.880526941,T,308.6,200,309.22,40,IBM
2025-12-05,9:36:36.030674357,T,308.63,40,309.22,40,IBM
2025-12-05,9:36:36.869380896,T,308.6,200,309.22,40,IBM
2025-12-05,9:36:37.077421201,T,308.63,40,309.22,40,IBM
2025-12-05,9:36:37.523543159,T,308.63,40,309.22,160,IBM
2025-12-05,9:36:37.581355780,T,308.63,40,309.22,40,IBM
2025-12-05,9:36:37.582378119,T,308.66,40,309.22,40,IBM
2025-12-05,9:36:39.817629260,T,308.66,40,309.31,40,IBM
2025-12-05,9:36:44.072798873,T,308.66,40,309.28,40,IBM
2025-12-05,9:36:59.927641980,T,308.63,40,309.28,40,IBM
2025-12-05,9:37:00.054759502,T,308.63,40,309.53,160,IBM
2025-12-05,9:37:00.311119772,T,308.63,40,309.39,40,IBM
2025-12-05,9:37:01.463683513,T,308.76,40,309.39,40,IBM
2025-12-05,9:37:02.741305056,T,308.76,40,309.53,160,IBM
2025-12-05,9:37:19.545508186,T,308.76,40,309.52,40,IBM
2025-12-05,9:37:26.469415813,T,308.76,40,309.14,40,IBM
2025-12-05,9:37:26.868801563,T,308.76,40,309.53,160,IBM
2025-12-05,9:37:27.021590445,T,308.82,80,309.53,160,IBM
2025-12-05,9:37:30.729341954,T,309.04,40,309.53,160,IBM
2025-12-05,9:37:30.733882755,T,308.83,40,309.53,160,IBM
2025-12-05,9:37:30.829219695,T,308.82,80,309.53,160,IBM
2025-12-05,9:37:35.798208342,T,308.82,80,309.3,40,IBM
2025-12-05,9:37:43.998630050,T,308.95,40,309.3,40,IBM
2025-12-05,9:37:44.795286590,T,308.82,80,309.3,40,IBM
2025-12-05,9:37:44.795341710,T,308.82,80,309.25,40,IBM
2025-12-05,9:37:44.795632705,T,308.82,80,309.16,40,IBM
2025-12-05,9:37:44.795752661,T,308.82,80,309.25,40,IBM
2025-12-05,9:37:44.795812776,T,308.82,80,309.3,80,IBM
2025-12-05,9:37:44.795918045,T,308.82,80,309.3,40,IBM
2025-12-05,9:37:44.796314259,T,308.95,40,309.3,40,IBM
2025-12-05,9:37:44.796554566,T,309.04,40,309.3,40,IBM
2025-12-05,9:37:44.796574550,T,308.99,40,309.3,40,IBM
2025-12-05,9:37:44.796579653,T,308.95,40,309.3,40,IBM
2025-12-05,9:37:44.796579653,T,308.82,80,309.3,40,IBM
2025-12-05,9:37:44.796579653,T,309.05,40,309.3,40,IBM
2025-12-05,9:37:46.433436100,T,308.95,40,309.3,40,IBM
2025-12-05,9:37:46.433661741,T,309.15,40,309.3,40,IBM
2025-12-05,9:37:46.433666674,T,309.15,40,309.53,160,IBM
2025-12-05,9:37:46.433696708,T,308.95,40,309.53,160,IBM
2025-12-05,9:37:46.433736907,T,308.81,80,309.53,160,IBM
2025-12-05,9:37:46.433776920,T,308.95,40,309.53,160,IBM
2025-12-05,9:37:46.433927286,T,308.81,80,309.53,160,IBM
2025-12-05,9:37:46.433927286,T,308.95,40,309.53,160,IBM
2025-12-05,9:37:46.433947425,T,308.81,80,309.53,160,IBM
2025-12-05,9:37:46.433972470,T,308.81,80,309.52,40,IBM
2025-12-05,9:37:46.433972470,T,308.95,40,309.52,40,IBM
2025-12-05,9:37:46.434007556,T,308.95,40,309.53,160,IBM
2025-12-05,9:37:46.434027506,T,309.04,40,309.53,160,IBM
2025-12-05,9:37:46.434027506,T,308.95,40,309.53,160,IBM
2025-12-05,9:37:46.434077639,T,308.81,80,309.53,160,IBM
2025-12-05,9:37:46.434167904,T,308.95,40,309.53,160,IBM
2025-12-05,9:37:50.389894775,T,308.95,40,309.53,200,IBM
2025-12-05,9:37:50.389929825,T,308.95,40,309.37,40,IBM
2025-12-05,9:37:50.389929825,T,308.81,80,309.37,40,IBM
2025-12-05,9:37:50.389929825,T,308.81,80,309.28,40,IBM
2025-12-05,9:37:50.390315693,T,308.81,80,309.28,80,IBM
2025-12-05,9:37:50.390335819,T,308.81,80,309.28,40,IBM
2025-12-05,9:37:50.391187841,T,308.81,80,309.3,40,IBM
2025-12-05,9:37:50.942610476,T,308.81,80,309.53,200,IBM
2025-12-05,9:37:51.740665351,T,308.81,80,309.39,40,IBM
2025-12-05,9:37:51.871717335,T,308.81,80,309.39,80,IBM
2025-12-05,9:37:51.872008190,T,308.81,80,309.24,40,IBM
2025-12-05,9:37:51.873215809,T,308.81,80,309.24,80,IBM
2025-12-05,9:37:51.873827271,T,308.81,80,309.24,40,IBM
2025-12-05,9:37:51.874173231,T,308.81,80,309.3,40,IBM
2025-12-05,9:37:52.899103109,T,308.95,40,309.3,40,IBM
2025-12-05,9:37:52.899108096,T,308.95,40,309.39,80,IBM
2025-12-05,9:37:58.739110261,T,308.95,40,309.39,40,IBM
2025-12-05,9:37:58.739140409,T,308.95,40,309.53,200,IBM
2025-12-05,9:37:59.257474317,T,308.95,40,309.53,160,IBM
2025-12-05,9:37:59.377505067,T,309.06,40,309.53,160,IBM
2025-12-05,9:37:59.377760692,T,309.07,40,309.53,160,IBM
2025-12-05,9:37:59.377765684,T,309.06,40,309.53,160,IBM
2025-12-05,9:37:59.377800775,T,309.2,40,309.53,160,IBM
2025-12-05,9:37:59.378667844,T,309.2,40,309.7,40,IBM
2025-12-05,9:37:59.378672789,T,309.2,40,309.69,160,IBM
2025-12-05,9:37:59.378707960,T,309.2,40,309.69,200,IBM
2025-12-05,9:37:59.378722947,T,309.2,40,309.69,160,IBM
2025-12-05,9:37:59.381980650,T,309.07,40,309.69,160,IBM
2025-12-05,9:37:59.477533195,T,309.06,40,309.69,160,IBM
2025-12-05,9:38:00.807599542,T,308.95,40,309.69,160,IBM
2025-12-05,9:38:01.906184792,T,308.86,200,309.69,160,IBM
2025-12-05,9:38:02.853630274,T,308.86,200,309.62,40,IBM
2025-12-05,9:38:04.015090282,T,308.86,200,309.69,160,IBM
2025-12-05,9:38:06.052555478,T,308.95,40,309.69,160,IBM
2025-12-05,9:38:06.052961356,T,309.33,40,309.69,160,IBM
2025-12-05,9:38:06.053001461,T,309.37,40,309.69,160,IBM
2025-12-05,9:38:06.053121831,T,309.37,40,309.92,40,IBM
2025-12-05,9:38:06.053126770,T,309.37,40,309.84,160,IBM
2025-12-05,9:38:09.052757433,T,308.95,40,309.84,160,IBM
2025-12-05,9:38:09.178311259,T,308.86,200,309.84,160,IBM
2025-12-05,9:38:09.448699965,T,308.94,40,309.84,160,IBM
2025-12-05,9:38:10.013344240,T,308.94,40,309.81,40,IBM
2025-12-05,9:38:10.013349175,T,308.94,40,309.54,40,IBM
2025-12-05,9:38:10.013524576,T,308.94,40,309.54,80,IBM
2025-12-05,9:38:10.013674870,T,308.94,40,309.54,40,IBM
2025-12-05,9:38:10.014426946,T,308.94,40,309.6,40,IBM
2025-12-05,9:38:10.015504294,T,308.86,200,309.6,40,IBM
2025-12-05,9:38:10.017895006,T,308.86,200,309.7,200,IBM
2025-12-05,9:38:10.020441027,T,308.86,200,309.7,160,IBM
2025-12-05,9:38:10.290213208,T,308.86,160,309.7,160,IBM
2025-12-05,9:38:15.790436873,T,308.86,200,309.7,160,IBM
2025-12-05,9:38:15.790476923,T,308.94,40,309.7,160,IBM
2025-12-05,9:38:15.790702467,T,308.94,80,309.7,160,IBM
2025-12-05,9:38:15.793138303,T,308.94,80,310.04,40,IBM
2025-12-05,9:38:15.793143323,T,308.94,80,309.93,160,IBM
2025-12-05,9:38:15.890795780,T,308.94,40,309.93,160,IBM
2025-12-05,9:38:20.158605174,T,308.94,40,309.8,40,IBM
2025-12-05,9:38:21.214518862,T,309.01,160,309.8,40,IBM
2025-12-05,9:38:21.561805667,T,309.01,200,309.8,40,IBM
2025-12-05,9:38:27.057678750,T,309.01,200,309.6,40,IBM
2025-12-05,9:38:27.371525867,T,309.01,200,309.8,40,IBM
2025-12-05,9:38:29.003290286,T,309.01,160,309.8,40,IBM
2025-12-05,9:38:46.014616518,T,309.01,160,309.6,40,IBM
2025-12-05,9:38:46.299720174,T,309.01,160,309.8,40,IBM
2025-12-05,9:38:47.589866333,T,309.01,160,309.48,40,IBM
2025-12-05,9:38:47.690936912,T,309.01,160,309.8,40,IBM
2025-12-05,9:38:48.931008999,T,309.01,160,309.44,40,IBM
2025-12-05,9:38:48.931405052,T,309.01,160,309.8,40,IBM
2025-12-05,9:38:48.933033865,T,308.74,40,309.8,40,IBM
2025-12-05,9:38:48.933038879,T,308.87,160,309.8,40,IBM
2025-12-05,9:38:49.457853254,T,308.87,160,309.77,160,IBM
2025-12-05,9:38:59.956671131,T,308.87,160,309.69,40,IBM
2025-12-05,9:39:01.747634497,T,308.87,160,309.43,40,IBM
2025-12-05,9:39:01.751984843,T,308.87,160,309.69,40,IBM
2025-12-05,9:39:01.799603275,T,308.87,160,309.61,40,IBM
2025-12-05,9:39:07.648627191,T,308.87,160,309.69,40,IBM
2025-12-05,9:39:12.434705375,T,308.87,160,309.77,160,IBM
2025-12-05,9:39:12.855381910,T,308.87,160,309.66,40,IBM
2025-12-05,9:39:13.746814081,T,308.77,40,309.66,40,IBM
2025-12-05,9:39:13.746819092,T,309.01,160,309.66,40,IBM
2025-12-05,9:39:15.869206361,T,309.01,160,309.77,160,IBM
2025-12-05,9:39:34.879631342,T,309.35,40,309.77,160,IBM
2025-12-05,9:39:56.512704990,T,309.35,40,309.54,40,IBM
2025-12-05,9:39:56.513401681,T,309.35,40,309.77,160,IBM
2025-12-05,9:39:56.513476839,T,309.35,40,309.54,40,IBM
2025-12-05,9:40:00.030845481,T,309.35,40,309.77,160,IBM
2025-12-05,9:40:00.030965411,T,309.36,40,309.77,160,IBM
2025-12-05,9:40:00.031050627,T,309.35,40,309.77,160,IBM
2025-12-05,9:40:00.033040459,T,309.35,80,309.77,160,IBM
2025-12-05,9:40:00.036112637,T,309.35,80,310.04,40,IBM
2025-12-05,9:40:00.036117614,T,309.35,80,309.9,160,IBM
2025-12-05,9:40:00.036147670,T,309.35,40,309.9,160,IBM
2025-12-05,9:40:00.441106767,T,309.35,40,310.17,40,IBM
2025-12-05,9:40:00.441111774,T,309.35,40,310.02,160,IBM
2025-12-05,9:40:01.878022431,T,309.35,40,309.89,40,IBM
2025-12-05,9:40:02.884377935,T,309.35,40,310.02,160,IBM
2025-12-05,9:40:02.884668527,T,309.35,40,310.43,40,IBM
2025-12-05,9:40:02.884673647,T,309.35,40,310.16,160,IBM
2025-12-05,9:40:02.884708664,T,309.35,40,310.0,40,IBM
2025-12-05,9:40:03.034079284,T,309.35,40,310.16,160,IBM
2025-12-05,9:40:11.755571106,T,309.43,160,310.16,160,IBM
2025-12-05,9:40:16.213513379,T,309.43,160,309.95,40,IBM
2025-12-05,9:40:19.097959929,T,309.43,160,309.73,40,IBM
2025-12-05,9:40:19.098862081,T,309.43,160,309.95,40,IBM
2025-12-05,9:40:19.099172723,T,309.38,40,309.95,40,IBM
2025-12-05,9:40:19.176727355,T,309.38,40,309.82,40,IBM
2025-12-05,9:40:19.280920418,T,309.38,40,309.95,40,IBM
2025-12-05,9:40:20.057463963,T,309.38,40,309.82,40,IBM
2025-12-05,9:40:20.165195472,T,309.38,40,309.95,40,IBM
2025-12-05,9:40:20.854305879,T,309.38,40,309.91,40,IBM
2025-12-05,9:40:28.620493532,T,309.35,40,309.91,40,IBM
2025-12-05,9:40:28.621591189,T,309.38,40,309.91,40,IBM
2025-12-05,9:40:34.201910303,T,309.38,40,309.82,40,IBM
2025-12-05,9:40:34.201915356,T,309.38,40,309.78,40,IBM
2025-12-05,9:40:34.201950486,T,309.38,40,309.71,40,IBM
2025-12-05,9:40:34.201955511,T,309.38,40,309.69,40,IBM
2025-12-05,9:40:34.213808683,T,309.35,40,309.69,40,IBM
2025-12-05,9:40:34.257297181,T,309.35,40,309.69,80,IBM
2025-12-05,9:40:34.301943462,T,309.35,40,309.69,40,IBM
2025-12-05,9:40:39.616084085,T,309.35,80,309.69,40,IBM
2025-12-05,9:40:43.250991923,T,309.35,80,309.83,40,IBM
2025-12-05,9:40:43.251478079,T,309.35,80,309.69,40,IBM
2025-12-05,9:40:43.697384609,T,309.35,80,309.69,80,IBM
2025-12-05,9:40:43.885347089,T,309.35,80,309.69,40,IBM
2025-12-05,9:40:45.556230035,T,309.35,80,309.68,40,IBM
2025-12-05,9:40:45.556294903,T,309.35,80,309.55,40,IBM
2025-12-05,9:40:45.556314963,T,309.35,40,309.55,40,IBM
2025-12-05,9:40:45.556410103,T,309.29,160,309.55,40,IBM
2025-12-05,9:40:45.557051718,T,309.29,160,309.55,80,IBM
2025-12-05,9:40:45.560023806,T,308.77,40,309.55,80,IBM
2025-12-05,9:40:45.560028782,T,309.07,160,309.55,80,IBM
2025-12-05,9:40:45.560053886,T,309.07,160,309.53,40,IBM
2025-12-05,9:40:45.573621146,T,309.07,160,309.53,80,IBM
2025-12-05,9:40:45.748076470,T,309.07,160,309.53,40,IBM
2025-12-05,9:40:46.222551092,T,309.07,160,309.52,40,IBM
2025-12-05,9:40:46.222616163,T,309.07,160,309.5,40,IBM
2025-12-05,9:40:46.223037154,T,309.07,160,309.5,80,IBM
2025-12-05,9:40:46.223162382,T,309.07,160,309.5,40,IBM
2025-12-05,9:40:46.223703686,T,309.07,160,309.5,80,IBM
2025-12-05,9:40:47.512757528,T,309.07,160,309.5,40,IBM
2025-12-05,9:40:52.300770241,T,309.07,160,309.52,40,IBM
2025-12-05,9:41:05.249304817,T,309.07,160,309.51,40,IBM
2025-12-05,9:41:05.349603574,T,309.07,160,309.5,40,IBM
2025-12-05,9:41:05.349618630,T,309.07,160,309.34,40,IBM
2025-12-05,9:41:05.349779056,T,308.74,40,309.34,40,IBM
2025-12-05,9:41:05.349789029,T,308.89,160,309.34,40,IBM
2025-12-05,9:41:05.398765559,T,308.89,160,309.51,40,IBM
2025-12-05,9:41:05.398775687,T,308.89,160,309.46,40,IBM
2025-12-05,9:41:20.804544732,T,308.89,160,309.51,40,IBM
2025-12-05,9:41:20.804584862,T,308.93,40,309.51,40,IBM
2025-12-05,9:41:20.804780468,T,309.16,40,309.51,40,IBM
2025-12-05,9:41:20.811731900,T,309.04,40,309.51,40,IBM
2025-12-05,9:41:20.812263552,T,309.04,40,309.62,40,IBM
2025-12-05,9:41:20.812263552,T,309.16,40,309.62,40,IBM
2025-12-05,9:41:20.812283196,T,309.28,40,309.62,40,IBM
2025-12-05,9:41:20.819214682,T,309.16,40,309.62,40,IBM
2025-12-05,9:41:20.819229697,T,309.02,40,309.62,40,IBM
2025-12-05,9:41:20.855370826,T,309.02,40,309.62,80,IBM
2025-12-05,9:41:20.899701376,T,308.89,160,309.62,80,IBM
2025-12-05,9:41:22.083469213,T,308.89,160,309.62,40,IBM
2025-12-05,9:41:23.776709986,T,308.93,40,309.62,40,IBM
2025-12-05,9:41:25.382347251,T,308.93,40,309.83,200,IBM
2025-12-05,9:41:25.476731996,T,308.93,40,309.74,40,IBM
2025-12-05,9:41:36.052212391,T,309.02,40,309.74,40,IBM
2025-12-05,9:41:36.052242534,T,309.04,40,309.74,40,IBM
2025-12-05,9:41:37.749407453,T,309.06,40,309.74,40,IBM
2025-12-05,9:41:38.774878687,T,309.06,200,309.74,40,IBM
2025-12-05,9:41:39.454311359,T,309.11,40,309.74,40,IBM
2025-12-05,9:41:39.622501635,T,309.06,200,309.74,40,IBM
2025-12-05,9:41:48.647435869,T,309.26,40,309.74,40,IBM
2025-12-05,9:41:48.807361574,T,309.06,200,309.74,40,IBM
2025-12-05,9:41:49.998472240,T,309.06,200,309.65,40,IBM
2025-12-05,9:41:49.998677697,T,309.06,200,309.65,80,IBM
2025-12-05,9:41:58.622702272,T,309.28,40,309.65,80,IBM
2025-12-05,9:42:00.899492347,T,309.28,40,309.65,40,IBM
2025-12-05,9:42:09.623429951,T,309.29,40,309.65,40,IBM
2025-12-05,9:42:14.442160982,T,309.29,40,309.58,40,IBM
2025-12-05,9:42:22.125115496,T,309.29,40,309.56,40,IBM
2025-12-05,9:42:24.259556549,T,309.29,40,309.65,40,IBM
2025-12-05,9:42:25.762223730,T,309.29,40,309.69,40,IBM
2025-12-05,9:42:29.525793138,T,309.29,40,309.56,40,IBM
2025-12-05,9:42:29.525818199,T,309.29,40,309.79,40,IBM
2025-12-05,9:42:29.525823107,T,309.29,40,309.83,40,IBM
2025-12-05,9:42:29.525823107,T,309.29,40,309.84,40,IBM
2025-12-05,9:42:29.525843204,T,309.29,80,309.84,40,IBM
2025-12-05,9:42:29.525858286,T,309.3,40,309.84,40,IBM
2025-12-05,9:42:29.525873285,T,309.38,40,309.84,40,IBM
2025-12-05,9:42:29.525883300,T,309.3,40,309.84,40,IBM
2025-12-05,9:42:29.525908391,T,309.38,40,309.84,40,IBM
2025-12-05,9:42:29.525918346,T,309.3,40,309.84,40,IBM
2025-12-05,9:42:29.525948502,T,309.42,40,309.84,40,IBM
2025-12-05,9:42:29.526028658,T,309.3,40,309.84,40,IBM
2025-12-05,9:42:29.526088809,T,309.42,40,309.84,40,IBM
2025-12-05,9:42:29.529050789,T,309.3,40,309.84,40,IBM
2025-12-05,9:42:29.530308877,T,309.29,80,309.84,40,IBM
2025-12-05,9:42:29.546883365,T,309.29,80,309.79,40,IBM
2025-12-05,9:42:29.546883365,T,309.29,80,309.74,40,IBM
2025-12-05,9:42:29.551724844,T,309.29,80,309.79,40,IBM
2025-12-05,9:42:29.626116939,T,309.29,40,309.79,40,IBM
2025-12-05,9:42:29.647001609,T,309.29,40,309.83,40,IBM
2025-12-05,9:42:30.151226911,T,309.29,80,309.83,40,IBM
2025-12-05,9:42:30.151246936,T,309.29,80,309.84,40,IBM
2025-12-05,9:42:30.151252028,T,309.29,40,309.84,40,IBM
2025-12-05,9:42:30.539496120,T,309.39,40,309.84,40,IBM
2025-12-05,9:42:30.594677506,T,309.29,40,309.84,40,IBM
2025-12-05,9:42:30.594687485,T,309.29,40,309.62,40,IBM
2025-12-05,9:42:30.594732653,T,309.29,40,309.62,80,IBM
2025-12-05,9:42:30.595023354,T,309.29,40,309.57,40,IBM
2025-12-05,9:42:30.595128627,T,309.29,40,309.62,80,IBM
2025-12-05,9:42:30.595379163,T,309.29,40,309.52,40,IBM
2025-12-05,9:42:30.598456477,T,309.06,200,309.52,40,IBM
2025-12-05,9:42:30.599243432,T,309.06,200,309.62,80,IBM
2025-12-05,9:42:30.599985141,T,309.06,200,309.62,40,IBM
2025-12-05,9:42:32.755030392,T,309.06,200,309.62,80,IBM
2025-12-05,9:42:34.809425913,T,309.06,160,309.62,80,IBM
2025-12-05,9:42:40.798818937,T,309.06,160,309.62,40,IBM
2025-12-05,9:42:41.294539065,T,309.06,160,309.84,40,IBM
2025-12-05,9:42:41.552563318,T,309.06,200,309.84,40,IBM
2025-12-05,9:42:41.552929170,T,309.06,160,309.84,40,IBM
2025-12-05,9:42:42.169271544,T,309.06,160,309.74,40,IBM
2025-12-05,9:42:49.539080510,T,309.06,160,309.74,80,IBM
2025-12-05,9:42:50.373952965,T,309.06,160,309.59,40,IBM
2025-12-05,9:42:50.375085727,T,309.06,160,309.74,40,IBM
2025-12-05,9:42:50.376564214,T,309.06,160,309.61,40,IBM
2025-12-05,9:42:51.186908179,T,309.06,160,309.74,40,IBM
2025-12-05,9:42:51.194646631,T,309.06,160,309.74,80,IBM
2025-12-05,9:42:56.490313083,T,309.06,160,309.74,120,IBM
2025-12-05,9:42:57.487998114,T,309.06,160,309.74,80,IBM
2025-12-05,9:42:58.417455716,T,309.06,160,309.67,40,IBM
2025-12-05,9:42:58.813077517,T,309.06,160,309.74,40,IBM
2025-12-05,9:43:05.394725325,T,309.06,160,309.67,40,IBM
2025-12-05,9:43:08.477398768,T,309.06,160,309.67,160,IBM
2025-12-05,9:43:08.535913010,T,309.06,160,309.67,40,IBM
2025-12-05,9:43:15.012971975,T,309.06,160,309.59,40,IBM
2025-12-05,9:43:15.013643584,T,309.06,160,309.5,40,IBM
2025-12-05,9:43:15.018219549,T,309.06,160,309.74,40,IBM
2025-12-05,9:43:15.092305910,T,309.06,200,309.74,40,IBM
2025-12-05,9:43:15.321230828,T,309.36,40,309.74,40,IBM
2025-12-05,9:43:15.322137921,T,309.35,40,309.74,40,IBM
2025-12-05,9:43:15.325851770,T,309.06,200,309.74,40,IBM
2025-12-05,9:43:15.328217440,T,309.06,160,309.74,40,IBM
2025-12-05,9:43:17.863888739,T,309.06,200,309.74,40,IBM
2025-12-05,9:43:21.446808106,T,309.06,200,309.79,40,IBM
2025-12-05,9:43:21.446833244,T,309.06,200,309.83,40,IBM
2025-12-05,9:43:26.422061838,T,309.06,200,309.84,40,IBM
2025-12-05,9:43:28.818651818,T,309.06,40,309.84,40,IBM
2025-12-05,9:43:28.818656905,T,309.18,160,309.84,40,IBM
2025-12-05,9:43:29.366871862,T,309.18,160,309.74,40,IBM
2025-12-05,9:43:29.380704869,T,309.18,160,309.84,40,IBM
2025-12-05,9:43:29.480347017,T,309.18,160,309.67,40,IBM
2025-12-05,9:43:31.023415333,T,309.18,160,309.84,40,IBM
2025-12-05,9:43:33.356319042,T,309.18,160,309.5,40,IBM
2025-12-05,9:43:33.356338930,T,309.18,160,309.84,40,IBM
2025-12-05,9:43:35.531497110,T,309.18,160,309.83,40,IBM
2025-12-05,9:43:35.532018461,T,309.18,160,309.79,40,IBM
2025-12-05,9:43:35.532299093,T,309.18,160,309.83,40,IBM
2025-12-05,9:43:35.532334288,T,309.18,160,309.84,40,IBM
2025-12-05,9:43:35.532379259,T,309.18,160,309.83,40,IBM
2025-12-05,9:43:35.532449390,T,309.19,40,309.83,40,IBM
2025-12-05,9:43:35.532494557,T,309.2,40,309.83,40,IBM
2025-12-05,9:43:35.532494557,T,309.19,40,309.83,40,IBM
2025-12-05,9:43:35.532529638,T,309.2,40,309.83,40,IBM
2025-12-05,9:43:35.532750085,T,309.2,40,309.84,40,IBM
2025-12-05,9:43:35.532765179,T,309.34,40,309.84,40,IBM
2025-12-05,9:43:35.532785278,T,309.34,40,309.83,40,IBM
2025-12-05,9:43:35.532810329,T,309.2,40,309.83,40,IBM
2025-12-05,9:43:35.532840354,T,309.2,40,309.66,40,IBM
2025-12-05,9:43:35.532845535,T,309.18,160,309.66,40,IBM
2025-12-05,9:43:35.537045315,T,309.18,160,309.84,40,IBM
2025-12-05,9:43:36.741412508,T,309.18,160,309.72,40,IBM
2025-12-05,9:43:37.134839042,T,309.18,160,309.66,40,IBM
2025-12-05,9:43:37.135255007,T,309.18,160,309.65,40,IBM
2025-12-05,9:43:37.135480547,T,309.18,160,309.66,80,IBM
2025-12-05,9:43:37.135480547,T,309.18,160,309.58,40,IBM
2025-12-05,9:43:37.153358096,T,309.02,40,309.58,40,IBM
2025-12-05,9:43:37.153358096,T,309.04,160,309.58,40,IBM
2025-12-05,9:43:37.153388170,T,309.11,40,309.58,40,IBM
2025-12-05,9:43:42.497449958,T,309.11,40,309.66,40,IBM
2025-12-05,9:43:42.497449958,T,309.04,200,309.66,40,IBM
2025-12-05,9:43:42.497475015,T,309.04,160,309.66,40,IBM
2025-12-05,9:43:43.625926224,T,309.2,40,309.66,40,IBM
2025-12-05,9:43:43.625976310,T,309.04,200,309.66,40,IBM
2025-12-05,9:43:44.948619819,T,309.28,40,309.66,40,IBM
2025-12-05,9:43:44.949692395,T,309.04,200,309.66,40,IBM
2025-12-05,9:43:46.189779512,T,309.29,40,309.66,40,IBM
2025-12-05,9:43:47.395609906,T,309.04,200,309.66,40,IBM
2025-12-05,9:43:49.579734419,T,309.04,160,309.66,40,IBM
2025-12-05,9:43:49.579769577,T,309.04,160,309.66,80,IBM
2025-12-05,9:43:49.579779601,T,309.04,160,309.36,40,IBM
2025-12-05,9:43:49.583047358,T,308.84,40,309.36,40,IBM
2025-12-05,9:43:49.583057305,T,308.91,160,309.36,40,IBM
2025-12-05,9:43:49.584365416,T,308.91,160,309.4,40,IBM
2025-12-05,9:43:49.584816585,T,308.91,160,309.43,40,IBM
2025-12-05,9:43:49.586771229,T,308.91,160,309.65,40,IBM
2025-12-05,9:43:49.657028406,T,309.04,40,309.65,40,IBM
2025-12-05,9:43:49.657048730,T,309.04,40,309.66,80,IBM
2025-12-05,9:43:49.657048730,T,308.95,40,309.66,80,IBM
2025-12-05,9:43:49.657073587,T,308.95,40,309.66,40,IBM
2025-12-05,9:43:50.864858570,T,308.91,160,309.66,40,IBM
2025-12-05,9:43:50.943691332,T,308.91,160,309.64,40,IBM
2025-12-05,9:43:50.964410555,T,308.95,40,309.64,40,IBM
2025-12-05,9:43:51.111500813,T,308.91,160,309.64,40,IBM
2025-12-05,9:43:51.207810054,T,308.95,40,309.64,40,IBM
2025-12-05,9:43:52.147236435,T,308.91,160,309.64,40,IBM
2025-12-05,9:43:52.222540664,T,308.95,40,309.64,40,IBM
2025-12-05,9:43:53.093584404,T,308.91,160,309.64,40,IBM
2025-12-05,9:43:53.741476625,T,308.91,160,309.23,40,IBM
2025-12-05,9:43:53.743220801,T,308.91,160,309.64,40,IBM
2025-12-05,9:43:53.789054906,T,308.91,160,309.6,40,IBM
2025-12-05,9:43:53.789059879,T,308.91,160,309.19,40,IBM
2025-12-05,9:43:53.789069937,T,308.91,160,309.19,80,IBM
2025-12-05,9:43:53.789084928,T,308.91,160,309.19,40,IBM
2025-12-05,9:43:53.789084928,T,308.91,160,309.13,40,IBM
2025-12-05,9:43:53.789089963,T,308.91,160,309.13,80,IBM
2025-12-05,9:43:53.789280430,T,308.74,40,309.13,80,IBM
2025-12-05,9:43:53.789290417,T,308.77,160,309.13,80,IBM
2025-12-05,9:43:53.790067230,T,308.77,160,309.13,40,IBM
2025-12-05,9:43:53.793635827,T,308.77,160,309.55,40,IBM
2025-12-05,9:43:53.796041450,T,308.85,80,309.55,40,IBM
2025-12-05,9:43:53.815517896,T,308.77,160,309.55,40,IBM
2025-12-05,9:43:54.196113805,T,308.77,160,309.43,40,IBM
2025-12-05,9:43:54.789461232,T,308.77,200,309.43,40,IBM
2025-12-05,9:43:54.789486355,T,308.77,160,309.43,40,IBM
2025-12-05,9:43:56.924112995,T,308.77,160,309.41,40,IBM
2025-12-05,9:43:56.924163140,T,308.77,160,309.3,40,IBM
2025-12-05,9:43:56.924483968,T,308.77,160,309.41,40,IBM
2025-12-05,9:43:56.934758279,T,308.77,160,309.23,40,IBM
2025-12-05,9:43:57.057470446,T,308.77,160,309.41,40,IBM
2025-12-05,9:43:57.161167302,T,308.77,160,309.43,40,IBM
2025-12-05,9:43:57.368786655,T,308.77,160,309.49,40,IBM
2025-12-05,9:43:57.368806643,T,308.77,160,309.57,40,IBM
2025-12-05,9:43:58.145746088,T,308.77,200,309.57,40,IBM
2025-12-05,9:43:58.145771169,T,308.77,160,309.57,40,IBM
2025-12-05,9:43:58.145771169,T,308.77,200,309.57,40,IBM
2025-12-05,9:43:59.041157614,T,308.77,160,309.57,40,IBM
2025-12-05,9:43:59.117183515,T,308.77,200,309.57,40,IBM
2025-12-05,9:43:59.117203637,T,308.77,160,309.57,40,IBM
2025-12-05,9:43:59.117208624,T,308.77,200,309.57,40,IBM
2025-12-05,9:44:00.032758272,T,308.77,160,309.57,40,IBM
2025-12-05,9:44:00.167248363,T,308.77,200,309.57,40,IBM
2025-12-05,9:44:00.167268470,T,308.77,160,309.57,40,IBM
2025-12-05,9:44:03.672633166,T,308.77,160,309.3,40,IBM
2025-12-05,9:44:03.684155517,T,308.77,160,309.6,40,IBM
2025-12-05,9:44:03.773393017,T,308.77,160,309.62,160,IBM
2025-12-05,9:44:03.773422999,T,308.77,160,309.61,40,IBM
2025-12-05,9:44:05.566225802,T,308.77,160,309.4,40,IBM
2025-12-05,9:44:11.613265997,T,308.77,160,309.61,40,IBM
2025-12-05,9:44:11.830473054,T,308.77,160,309.46,40,IBM
2025-12-05,9:44:17.077168064,T,308.77,160,309.62,160,IBM
2025-12-05,9:44:17.535965314,T,308.82,40,309.62,160,IBM
2025-12-05,9:44:17.536010424,T,309.1,40,309.62,160,IBM
2025-12-05,9:44:17.873107871,T,308.82,40,309.62,160,IBM
2025-12-05,9:44:18.854113113,T,308.9,40,309.62,160,IBM
2025-12-05,9:44:21.829039911,T,309.21,40,309.62,160,IBM
2025-12-05,9:44:30.316209093,T,308.9,240,309.62,160,IBM
2025-12-05,9:44:30.316234253,T,308.9,240,309.38,40,IBM
2025-12-05,9:44:30.316264281,T,308.9,240,309.51,40,IBM
2025-12-05,9:44:30.316269230,T,308.9,240,309.3,40,IBM
2025-12-05,9:44:30.316534875,T,308.9,200,309.3,40,IBM
2025-12-05,9:44:30.317226552,T,308.9,200,309.39,40,IBM
2025-12-05,9:44:30.317396938,T,308.9,200,309.3,40,IBM
2025-12-05,9:44:30.320739945,T,308.9,200,309.39,40,IBM
2025-12-05,9:44:30.560510713,T,308.9,200,309.49,40,IBM
2025-12-05,9:44:30.560530754,T,308.9,200,309.51,40,IBM
2025-12-05,9:44:30.564054077,T,308.9,200,309.3,40,IBM
2025-12-05,9:44:30.688695875,T,308.9,200,309.51,40,IBM
2025-12-05,9:44:32.499321182,T,308.9,200,309.36,40,IBM
2025-12-05,9:44:33.548022445,T,308.9,200,309.29,40,IBM
2025-12-05,9:44:33.548047553,T,308.9,200,309.19,40,IBM
2025-12-05,9:44:33.552843925,T,308.66,40,309.19,40,IBM
2025-12-05,9:44:33.552854058,T,308.75,160,309.19,40,IBM
2025-12-05,9:44:33.552874053,T,308.75,160,309.29,40,IBM
2025-12-05,9:44:33.568335804,T,308.75,160,309.36,40,IBM
2025-12-05,9:44:33.591926953,T,308.75,160,309.29,40,IBM
2025-12-05,9:44:33.599966200,T,308.83,80,309.29,40,IBM
2025-12-05,9:44:33.607985240,T,308.75,160,309.29,40,IBM
2025-12-05,9:44:33.681404998,T,308.75,160,309.36,40,IBM
2025-12-05,9:44:33.877231201,T,308.75,160,309.49,40,IBM
2025-12-05,9:44:35.460976447,T,308.75,160,309.28,40,IBM
2025-12-05,9:44:35.461071607,T,308.75,160,309.3,40,IBM
2025-12-05,9:44:35.461071607,T,308.75,160,309.16,40,IBM
2025-12-05,9:44:35.461307180,T,308.75,160,309.0,40,IBM
2025-12-05,9:44:35.461362319,T,308.75,160,309.16,40,IBM
2025-12-05,9:44:35.461823378,T,308.75,160,309.41,40,IBM
2025-12-05,9:44:35.461843596,T,308.75,160,309.39,40,IBM
2025-12-05,9:44:35.462028979,T,308.75,160,309.16,40,IBM
2025-12-05,9:44:35.462249486,T,308.75,160,309.16,80,IBM
2025-12-05,9:44:35.462279519,T,308.75,160,309.16,40,IBM
2025-12-05,9:44:35.473746790,T,308.75,160,308.92,40,IBM
2025-12-05,9:44:35.473766888,T,308.75,160,309.16,40,IBM
2025-12-05,9:44:35.473771826,T,308.75,160,309.16,80,IBM
2025-12-05,9:44:35.473821998,T,308.75,160,309.16,40,IBM
2025-12-05,9:44:35.473847082,T,308.75,160,309.29,40,IBM
2025-12-05,9:44:35.473852016,T,308.75,160,309.3,40,IBM
2025-12-05,9:44:35.473877109,T,308.75,160,309.39,40,IBM
2025-12-05,9:44:35.473892143,T,308.75,160,309.3,40,IBM
2025-12-05,9:44:35.473897164,T,308.83,80,309.3,40,IBM
2025-12-05,9:44:35.473972402,T,308.83,80,309.13,40,IBM
2025-12-05,9:44:35.474007392,T,308.83,120,309.13,40,IBM
2025-12-05,9:44:35.474022426,T,308.87,40,309.13,40,IBM
2025-12-05,9:44:35.474097621,T,308.83,80,309.13,40,IBM
2025-12-05,9:44:35.474127736,T,309.01,40,309.13,40,IBM
2025-12-05,9:44:35.474142746,T,308.83,80,309.13,40,IBM
2025-12-05,9:44:35.474167811,T,309.01,40,309.13,40,IBM
2025-12-05,9:44:35.474328171,T,309.01,40,309.29,40,IBM
2025-12-05,9:44:35.474423478,T,308.83,80,309.29,40,IBM
2025-12-05,9:44:35.474478535,T,308.83,80,309.3,120,IBM
2025-12-05,9:44:35.474503621,T,308.83,80,309.01,40,IBM
2025-12-05,9:44:35.474533743,T,308.83,80,309.3,120,IBM
2025-12-05,9:44:35.474679003,T,308.83,80,309.29,40,IBM
2025-12-05,9:44:35.474684071,T,308.83,80,309.13,40,IBM
2025-12-05,9:44:35.474714071,T,308.83,80,309.29,40,IBM
2025-12-05,9:44:35.474734199,T,308.83,80,309.3,120,IBM
2025-12-05,9:44:35.474769389,T,308.83,80,309.29,40,IBM
2025-12-05,9:44:35.483139147,T,308.75,160,309.29,40,IBM
2025-12-05,9:44:35.494215584,T,308.75,160,309.29,80,IBM
2025-12-05,9:44:35.494215584,T,308.75,160,309.29,120,IBM
2025-12-05,9:44:35.573795024,T,308.75,160,309.29,80,IBM
2025-12-05,9:44:35.574301223,T,308.75,160,309.29,40,IBM
2025-12-05,9:44:35.574306204,T,308.75,160,309.39,40,IBM
2025-12-05,9:44:35.574536769,T,308.78,40,309.39,40,IBM
2025-12-05,9:44:35.617478957,T,308.78,40,309.41,40,IBM
2025-12-05,9:44:35.617985109,T,308.78,40,309.29,40,IBM
2025-12-05,9:44:35.715752848,T,308.78,40,309.29,80,IBM
2025-12-05,9:44:35.759156238,T,308.78,40,309.29,120,IBM
2025-12-05,9:44:36.007572512,T,308.82,40,309.29,120,IBM
2025-12-05,9:44:36.007597580,T,308.82,40,309.29,80,IBM
2025-12-05,9:44:36.225982535,T,308.82,40,309.29,120,IBM
2025-12-05,9:44:36.944317357,T,308.82,40,309.28,40,IBM
2025-12-05,9:44:38.894605232,T,308.82,40,309.41,40,IBM
2025-12-05,9:44:39.500312140,T,308.82,40,309.27,40,IBM
2025-12-05,9:44:39.584402276,T,308.82,40,309.26,40,IBM
2025-12-05,9:44:39.680856948,T,308.82,40,309.27,40,IBM
2025-12-05,9:44:40.167755918,T,308.82,40,309.39,40,IBM
2025-12-05,9:44:42.231188236,T,308.82,40,309.41,40,IBM
2025-12-05,9:44:48.706217019,T,308.82,80,309.41,40,IBM
2025-12-05,9:45:00.365086641,T,308.82,120,309.41,40,IBM
2025-12-05,9:45:01.148190881,T,308.82,80,309.41,40,IBM
2025-12-05,9:45:02.006419141,T,308.82,40,309.41,40,IBM
2025-12-05,9:45:02.006614234,T,308.83,40,309.41,40,IBM
2025-12-05,9:45:02.006824781,T,308.83,80,309.41,40,IBM
2025-12-05,9:45:04.275936490,T,308.83,120,309.41,40,IBM
2025-12-05,9:45:04.276026924,T,309.02,40,309.41,40,IBM
2025-12-05,9:45:04.276091866,T,309.02,40,309.45,40,IBM
2025-12-05,9:45:04.276497793,T,309.04,40,309.45,40,IBM
2025-12-05,9:45:04.282817913,T,309.04,80,309.45,40,IBM
2025-12-05,9:45:04.299968737,T,309.04,40,309.45,40,IBM
2025-12-05,9:45:04.689571109,T,309.05,80,309.45,40,IBM
2025-12-05,9:45:04.690368043,T,309.05,120,309.45,40,IBM
2025-12-05,9:45:04.690658679,T,309.05,160,309.45,40,IBM
2025-12-05,9:45:05.396724529,T,309.05,120,309.45,40,IBM
2025-12-05,9:45:06.197400630,T,309.05,120,309.49,160,IBM
2025-12-05,9:45:12.403609704,T,309.08,80,309.49,160,IBM
2025-12-05,9:45:12.403965487,T,309.08,80,309.57,40,IBM
2025-12-05,9:45:13.294966585,T,309.05,40,309.57,40,IBM
2025-12-05,9:45:13.318181800,T,309.05,40,309.49,40,IBM
2025-12-05,9:45:13.318206904,T,309.05,40,309.57,40,IBM
2025-12-05,9:45:14.035389270,T,309.09,40,309.57,40,IBM
2025-12-05,9:45:14.706181139,T,309.09,80,309.57,40,IBM
2025-12-05,9:45:17.937287960,T,309.09,40,309.57,40,IBM
2025-12-05,9:45:18.549886127,T,309.09,80,309.57,40,IBM
2025-12-05,9:45:18.549946228,T,309.09,80,309.58,40,IBM
2025-12-05,9:45:19.561970475,T,309.09,40,309.58,40,IBM
2025-12-05,9:45:24.840416031,T,309.09,40,309.57,40,IBM
2025-12-05,9:45:24.844631049,T,309.09,40,309.58,40,IBM
2025-12-05,9:45:26.798467137,T,309.09,40,309.39,40,IBM
2025-12-05,9:45:27.377405275,T,309.09,40,309.39,80,IBM
2025-12-05,9:45:35.431378111,T,309.09,40,309.39,40,IBM
2025-12-05,9:45:38.793567028,T,309.09,40,309.57,40,IBM
2025-12-05,9:45:39.194827154,T,308.98,40,309.57,40,IBM
2025-12-05,9:45:40.366325948,T,309.1,40,309.57,40,IBM
2025-12-05,9:45:40.366456244,T,309.1,40,309.58,40,IBM
2025-12-05,9:45:40.367007536,T,309.23,40,309.58,40,IBM
2025-12-05,9:45:40.371142394,T,309.1,40,309.58,40,IBM
2025-12-05,9:45:40.372375255,T,309.24,40,309.58,40,IBM
2025-12-05,9:45:40.413402955,T,309.24,80,309.58,40,IBM
2025-12-05,9:45:40.461808208,T,309.24,40,309.58,40,IBM
2025-12-05,9:46:04.619561593,T,309.24,40,309.44,40,IBM
2025-12-05,9:46:12.909721739,T,308.98,40,309.44,40,IBM
2025-12-05,9:46:13.646139788,T,309.3,40,309.44,40,IBM
2025-12-05,9:46:21.560299778,T,309.3,40,309.43,40,IBM
2025-12-05,9:46:27.087086535,T,308.99,160,309.43,40,IBM
2025-12-05,9:46:27.087136729,T,308.99,160,309.37,40,IBM
2025-12-05,9:46:27.087978718,T,308.99,160,309.43,80,IBM
2025-12-05,9:46:27.088159368,T,308.99,160,309.43,40,IBM
2025-12-05,9:46:27.088540050,T,308.99,160,309.43,80,IBM
2025-12-05,9:46:27.088710480,T,308.99,160,309.43,40,IBM
2025-12-05,9:46:27.090214010,T,308.99,160,309.43,80,IBM
2025-12-05,9:46:27.090961006,T,308.99,160,309.43,40,IBM
2025-12-05,9:46:27.111023498,T,308.99,160,309.37,40,IBM
2025-12-05,9:46:28.172329978,T,308.99,160,309.43,80,IBM
2025-12-05,9:46:28.172334899,T,308.99,160,309.43,40,IBM
2025-12-05,9:46:28.276663232,T,309.05,40,309.43,40,IBM
2025-12-05,9:46:28.276683360,T,308.99,160,309.43,40,IBM
2025-12-05,9:46:28.277149407,T,308.99,160,309.57,40,IBM
2025-12-05,9:46:28.277149407,T,309.05,40,309.57,40,IBM
2025-12-05,9:46:28.277911288,T,309.19,40,309.57,40,IBM
2025-12-05,9:46:28.281369439,T,309.05,40,309.57,40,IBM
2025-12-05,9:46:28.282477148,T,309.04,40,309.57,40,IBM
2025-12-05,9:46:28.283158718,T,308.99,160,309.57,40,IBM
2025-12-05,9:46:28.527991604,T,309.04,40,309.57,40,IBM
2025-12-05,9:46:28.528367475,T,309.05,40,309.57,40,IBM
2025-12-05,9:46:28.532948409,T,308.99,160,309.57,40,IBM
2025-12-05,9:46:28.841297441,T,308.99,160,309.58,40,IBM
2025-12-05,9:46:31.065843383,T,308.99,160,309.66,40,IBM
2025-12-05,9:46:31.277833034,T,308.99,160,309.66,80,IBM
2025-12-05,9:46:31.278249019,T,308.99,160,309.59,200,IBM
2025-12-05,9:46:37.031043604,T,308.98,40,309.59,200,IBM
2025-12-05,9:46:41.137775030,T,308.98,40,309.44,40,IBM
2025-12-05,9:46:41.355393236,T,308.98,40,309.59,200,IBM
2025-12-05,9:46:42.623567053,T,308.98,40,309.53,40,IBM
2025-12-05,9:46:43.771650174,T,308.98,40,309.5,40,IBM
2025-12-05,9:46:52.630909965,T,308.98,40,309.49,40,IBM
2025-12-05,9:46:55.859806515,T,308.98,40,309.65,40,IBM
2025-12-05,9:47:01.036134112,T,308.98,40,309.66,80,IBM
2025-12-05,9:47:01.036134112,T,308.98,40,309.66,40,IBM
2025-12-05,9:47:01.036174170,T,309.05,40,309.66,40,IBM
2025-12-05,9:47:01.036199290,T,309.1,40,309.66,40,IBM
2025-12-05,9:47:01.036209271,T,309.28,40,309.66,40,IBM
2025-12-05,9:47:01.036239277,T,309.38,40,309.66,40,IBM
2025-12-05,9:47:01.036314513,T,309.38,80,309.66,40,IBM
2025-12-05,9:47:01.043231031,T,309.38,40,309.66,40,IBM
2025-12-05,9:47:01.092553354,T,309.29,40,309.66,40,IBM
2025-12-05,9:47:01.092598452,T,309.29,40,309.66,80,IBM
2025-12-05,9:47:01.092618554,T,309.29,40,309.53,40,IBM
2025-12-05,9:47:01.093645963,T,309.29,40,309.65,40,IBM
2025-12-05,9:47:01.136773627,T,309.1,40,309.65,40,IBM
2025-12-05,9:47:01.192987526,T,309.1,40,309.66,80,IBM
2025-12-05,9:47:01.193012567,T,309.1,40,309.66,40,IBM
2025-12-05,9:47:01.615538329,T,309.05,40,309.66,40,IBM
2025-12-05,9:47:01.615623515,T,309.05,40,309.66,80,IBM
2025-12-05,9:47:01.615633624,T,309.05,40,309.66,40,IBM
2025-12-05,9:47:01.615633624,T,309.05,40,309.63,40,IBM
2025-12-05,9:47:01.615643590,T,309.05,40,309.52,40,IBM
2025-12-05,9:47:01.616595922,T,309.05,40,309.66,40,IBM
2025-12-05,9:47:05.746276785,T,308.98,40,309.66,40,IBM
2025-12-05,9:47:15.818599218,T,309.02,40,309.66,40,IBM
2025-12-05,9:47:15.823926946,T,308.98,40,309.66,40,IBM
2025-12-05,9:47:15.831535035,T,308.98,40,309.4,40,IBM
2025-12-05,9:47:16.067561934,T,308.98,40,309.66,40,IBM
2025-12-05,9:47:16.582357368,T,308.98,40,309.57,40,IBM
2025-12-05,9:47:18.085600908,T,308.98,40,309.4,40,IBM
2025-12-05,9:47:18.085605819,T,308.98,40,309.39,40,IBM
2025-12-05,9:47:18.085716186,T,308.98,40,309.41,40,IBM
2025-12-05,9:47:18.085721156,T,308.98,40,309.26,40,IBM
2025-12-05,9:47:18.088948854,T,308.98,40,309.4,40,IBM
2025-12-05,9:47:18.090251937,T,308.98,40,309.33,40,IBM
2025-12-05,9:47:18.092547798,T,308.98,40,309.4,80,IBM
2025-12-05,9:47:18.094862840,T,308.96,40,309.4,80,IBM
2025-12-05,9:47:18.094862840,T,308.88,40,309.4,80,IBM
2025-12-05,9:47:18.094867917,T,308.88,40,309.33,40,IBM
2025-12-05,9:47:18.094867917,T,308.88,40,309.4,40,IBM
2025-12-05,9:47:18.094872859,T,308.88,40,309.2,40,IBM
2025-12-05,9:47:18.094903014,T,308.8,40,309.2,40,IBM
2025-12-05,9:47:18.094933035,T,308.8,40,309.33,40,IBM
2025-12-05,9:47:18.094933035,T,308.8,40,309.13,40,IBM
2025-12-05,9:47:18.095624745,T,308.8,40,309.4,80,IBM
2025-12-05,9:47:18.095835170,T,308.8,40,309.4,40,IBM
2025-12-05,9:47:18.096977881,T,308.8,40,309.4,80,IBM
2025-12-05,9:47:18.100942404,T,308.8,40,309.33,40,IBM
2025-12-05,9:47:18.133274357,T,308.8,40,309.4,80,IBM
2025-12-05,9:47:18.133484862,T,308.8,40,309.4,40,IBM
2025-12-05,9:47:18.135730128,T,308.8,40,309.4,80,IBM
2025-12-05,9:47:18.141368595,T,308.72,40,309.4,80,IBM
2025-12-05,9:47:18.141463832,T,308.67,160,309.4,80,IBM
2025-12-05,9:47:18.142000275,T,308.67,160,309.4,40,IBM
2025-12-05,9:47:18.142000275,T,308.67,200,309.4,40,IBM
2025-12-05,9:47:18.142010144,T,308.67,200,309.4,80,IBM
2025-12-05,9:47:18.142035181,T,308.67,160,309.4,80,IBM
2025-12-05,9:47:18.142040136,T,308.67,160,309.37,40,IBM
2025-12-05,9:47:18.142060202,T,308.67,160,309.4,80,IBM
2025-12-05,9:47:18.142095317,T,308.67,160,309.37,40,IBM
2025-12-05,9:47:18.142115395,T,308.67,160,309.4,80,IBM
2025-12-05,9:47:18.142150444,T,308.67,160,309.37,40,IBM
2025-12-05,9:47:18.142175525,T,308.67,160,309.4,80,IBM
2025-12-05,9:47:18.142350936,T,308.67,200,309.4,80,IBM
2025-12-05,9:47:18.142350936,T,308.67,200,309.4,40,IBM
2025-12-05,9:47:18.142365966,T,308.72,40,309.4,40,IBM
2025-12-05,9:47:18.142406027,T,308.76,40,309.4,40,IBM
2025-12-05,9:47:18.142441082,T,308.83,40,309.4,40,IBM
2025-12-05,9:47:18.142566386,T,308.76,40,309.4,40,IBM
2025-12-05,9:47:18.146425589,T,308.76,40,309.44,40,IBM
2025-12-05,9:47:18.146806559,T,308.72,40,309.44,40,IBM
2025-12-05,9:47:18.147332840,T,308.67,200,309.44,40,IBM
2025-12-05,9:47:18.171179508,T,308.67,200,309.33,40,IBM
2025-12-05,9:47:18.171390037,T,308.67,200,309.33,80,IBM
2025-12-05,9:47:18.209976897,T,308.67,160,309.33,80,IBM
2025-12-05,9:47:18.313909335,T,308.67,160,309.33,40,IBM
2025-12-05,9:47:19.214012038,T,308.67,200,309.33,40,IBM
2025-12-05,9:47:19.603103384,T,308.67,160,309.33,40,IBM
2025-12-05,9:47:20.394241654,T,308.67,160,309.31,40,IBM
2025-12-05,9:47:20.394266706,T,308.67,160,309.33,40,IBM
2025-12-05,9:47:20.394271693,T,308.67,160,309.18,40,IBM
2025-12-05,9:47:20.395274044,T,308.67,160,309.44,40,IBM
2025-12-05,9:47:20.444270694,T,308.67,160,309.31,40,IBM
2025-12-05,9:47:20.444481190,T,308.67,160,309.31,80,IBM
2025-12-05,9:47:25.119610553,T,308.67,160,309.31,40,IBM
2025-12-05,9:47:25.503028697,T,308.67,160,309.44,40,IBM
2025-12-05,9:47:25.503028697,T,308.67,160,309.19,40,IBM
2025-12-05,9:47:25.509969906,T,308.67,160,309.44,40,IBM
2025-12-05,9:47:26.685914256,T,308.67,160,309.17,40,IBM
2025-12-05,9:47:26.685939286,T,308.67,160,309.44,40,IBM
2025-12-05,9:47:26.685944388,T,308.67,160,309.05,40,IBM
2025-12-05,9:47:26.686600909,T,308.67,160,309.1,40,IBM
2025-12-05,9:47:26.687147197,T,308.67,160,308.98,40,IBM
2025-12-05,9:47:26.687482958,T,308.67,160,308.94,40,IBM
2025-12-05,9:47:26.689793538,T,308.66,40,308.94,40,IBM
2025-12-05,9:47:26.690284715,T,308.53,40,308.94,40,IBM
2025-12-05,9:47:26.690324754,T,308.53,120,308.94,40,IBM
2025-12-05,9:47:27.193738184,T,308.54,80,308.94,40,IBM
2025-12-05,9:47:27.485131712,T,308.54,80,308.98,40,IBM
2025-12-05,9:47:27.533020806,T,308.54,80,308.98,80,IBM
2025-12-05,9:47:27.686365777,T,308.55,40,308.98,80,IBM
2025-12-05,9:47:27.686400898,T,308.55,80,308.98,80,IBM
2025-12-05,9:47:27.700709910,T,308.57,80,308.98,80,IBM
2025-12-05,9:47:27.701461744,T,308.57,120,308.98,80,IBM
2025-12-05,9:47:31.966715332,T,308.57,120,308.98,40,IBM
2025-12-05,9:47:34.280618816,T,308.58,40,308.98,40,IBM
2025-12-05,9:47:48.195494237,T,308.58,40,309.2,40,IBM
2025-12-05,9:48:00.007613467,T,308.6,40,309.2,40,IBM
2025-12-05,9:48:00.007648578,T,308.61,40,309.2,40,IBM
2025-12-05,9:48:00.008019685,T,308.71,40,309.2,40,IBM
2025-12-05,9:48:00.008981805,T,308.82,40,309.2,40,IBM
2025-12-05,9:48:00.011698239,T,308.61,40,309.2,40,IBM
2025-12-05,9:48:00.014560054,T,308.53,40,309.2,40,IBM
2025-12-05,9:48:00.442914764,T,308.53,40,309.19,40,IBM
2025-12-05,9:48:02.018530553,T,308.61,40,309.19,40,IBM
2025-12-05,9:48:02.732755913,T,308.53,40,309.19,40,IBM
2025-12-05,9:48:02.732755913,T,308.38,200,309.19,40,IBM
2025-12-05,9:48:02.732795920,T,308.38,200,309.18,40,IBM
2025-12-05,9:48:02.732800824,T,308.38,200,309.16,40,IBM
2025-12-05,9:48:02.733046493,T,308.53,40,309.16,40,IBM
2025-12-05,9:48:02.733066721,T,308.53,40,309.19,40,IBM
2025-12-05,9:48:02.733066721,T,308.38,200,309.19,40,IBM
2025-12-05,9:48:02.733412339,T,308.38,200,309.04,40,IBM
2025-12-05,9:48:02.733552669,T,308.53,40,309.04,40,IBM
2025-12-05,9:48:03.894366077,T,308.53,40,309.2,40,IBM
2025-12-05,9:48:05.519770713,T,308.53,40,309.2,80,IBM
2025-12-05,9:48:05.519785687,T,308.53,40,309.2,40,IBM
2025-12-05,9:48:07.286110246,T,308.53,40,309.23,40,IBM
2025-12-05,9:48:14.140763002,T,308.61,40,309.23,40,IBM
2025-12-05,9:48:15.728222170,T,308.61,40,309.21,40,IBM
2025-12-05,9:48:15.785984880,T,308.61,40,309.2,40,IBM
2025-12-05,9:48:25.972103068,T,308.61,40,309.21,80,IBM
2025-12-05,9:48:25.972153274,T,308.72,40,309.21,80,IBM
2025-12-05,9:48:25.972158207,T,308.8,40,309.21,80,IBM
2025-12-05,9:48:25.972193312,T,308.9,40,309.21,80,IBM
2025-12-05,9:48:26.033539663,T,308.9,40,309.16,40,IBM
2025-12-05,9:48:26.082972138,T,308.9,40,309.21,80,IBM
2025-12-05,9:48:30.325832456,T,308.9,40,309.21,40,IBM
2025-12-05,9:48:30.339956038,T,308.9,40,309.3,40,IBM
2025-12-05,9:48:32.966408520,T,308.9,40,309.28,40,IBM
2025-12-05,9:48:33.931500813,T,308.9,80,309.28,40,IBM
2025-12-05,9:48:42.004734792,T,308.9,40,309.28,40,IBM
2025-12-05,9:48:43.976463471,T,308.9,40,309.3,40,IBM
2025-12-05,9:48:49.290624135,T,308.9,80,309.3,40,IBM
2025-12-05,9:48:49.308707194,T,308.9,120,309.3,40,IBM
2025-12-05,9:48:49.308752252,T,308.91,40,309.3,40,IBM
2025-12-05,9:48:49.308807415,T,308.92,40,309.3,40,IBM
2025-12-05,9:48:49.308842549,T,308.92,80,309.3,40,IBM
2025-12-05,9:48:49.308997887,T,308.92,80,309.32,40,IBM
2025-12-05,9:48:49.309027931,T,308.92,80,309.37,80,IBM
2025-12-05,9:48:49.309158278,T,308.92,120,309.37,80,IBM
2025-12-05,9:48:49.309774742,T,308.98,40,309.37,80,IBM
2025-12-05,9:48:49.309789808,T,308.98,40,309.37,40,IBM
2025-12-05,9:48:49.309804754,T,309.03,40,309.37,40,IBM
2025-12-05,9:48:49.313984723,T,308.98,40,309.37,40,IBM
2025-12-05,9:48:49.314170174,T,308.92,120,309.37,40,IBM
2025-12-05,9:48:49.322545192,T,308.92,80,309.37,40,IBM
2025-12-05,9:48:49.408725364,T,308.92,40,309.37,40,IBM
2025-12-05,9:48:49.654284869,T,308.92,80,309.37,40,IBM
2025-12-05,9:48:50.355058120,T,308.92,120,309.37,40,IBM
2025-12-05,9:48:50.417301335,T,308.92,80,309.37,40,IBM
2025-12-05,9:48:52.159428597,T,308.92,80,309.39,40,IBM
2025-12-05,9:48:55.494663260,T,308.92,80,309.37,40,IBM
2025-12-05,9:48:56.254221388,T,308.92,80,309.38,40,IBM
2025-12-05,9:48:56.254256379,T,308.92,80,309.37,40,IBM
2025-12-05,9:48:58.262096232,T,308.92,120,309.37,40,IBM
2025-12-05,9:48:58.337560952,T,308.92,80,309.37,40,IBM
2025-12-05,9:49:00.041853114,T,308.96,40,309.37,40,IBM
2025-12-05,9:49:00.884403956,T,308.92,80,309.37,40,IBM
2025-12-05,9:49:00.890774055,T,308.92,80,309.3,40,IBM
2025-12-05,9:49:00.890799110,T,308.92,80,309.29,40,IBM
2025-12-05,9:49:00.890954548,T,308.92,40,309.29,40,IBM
2025-12-05,9:49:00.891034735,T,308.92,40,309.3,40,IBM
2025-12-05,9:49:01.702927491,T,308.92,40,309.37,80,IBM
2025-12-05,9:49:01.712901251,T,308.92,40,309.37,40,IBM
2025-12-05,9:49:04.691526965,T,308.92,80,309.37,40,IBM
2025-12-05,9:49:05.201531054,T,308.92,40,309.37,40,IBM
2025-12-05,9:49:06.290613648,T,308.91,40,309.37,40,IBM
2025-12-05,9:49:06.290713954,T,308.78,200,309.37,40,IBM
2025-12-05,9:49:06.290964496,T,308.78,160,309.37,40,IBM
2025-12-05,9:49:06.290964496,T,308.78,160,309.16,40,IBM
2025-12-05,9:49:06.303138502,T,308.36,120,309.16,40,IBM
2025-12-05,9:49:06.303143486,T,308.62,160,309.16,40,IBM
2025-12-05,9:49:06.303895318,T,308.62,200,309.16,40,IBM
2025-12-05,9:49:06.303920379,T,308.62,160,309.16,40,IBM
2025-12-05,9:49:12.482553948,T,308.62,160,309.19,40,IBM
2025-12-05,9:49:12.482584049,T,308.62,200,309.19,40,IBM
2025-12-05,9:49:12.482639193,T,308.93,40,309.19,40,IBM
2025-12-05,9:49:12.591919296,T,308.93,40,309.21,40,IBM
2025-12-05,9:49:15.480129766,T,308.93,40,309.27,40,IBM
2025-12-05,9:49:15.716302005,T,308.93,40,309.39,200,IBM
2025-12-05,9:49:19.001457499,T,308.93,40,309.39,160,IBM
2025-12-05,9:49:29.870882875,T,308.93,40,309.59,40,IBM
2025-12-05,9:49:29.870887888,T,308.93,40,309.56,160,IBM
2025-12-05,9:49:29.871038210,T,308.88,40,309.56,160,IBM
2025-12-05,9:49:29.871203608,T,308.93,40,309.56,160,IBM
2025-12-05,9:49:29.878150259,T,308.88,40,309.56,160,IBM
2025-12-05,9:49:29.976634620,T,308.93,40,309.56,160,IBM
2025-12-05,9:49:34.279352449,T,308.88,40,309.56,160,IBM
2025-12-05,9:49:34.967365243,T,308.88,40,309.29,40,IBM
2025-12-05,9:49:42.379034284,T,308.88,40,309.56,160,IBM
2025-12-05,9:49:42.379054489,T,308.93,40,309.56,160,IBM
2025-12-05,9:49:42.379069296,T,309.0,40,309.56,160,IBM
2025-12-05,9:49:42.379089454,T,309.05,40,309.56,160,IBM
2025-12-05,9:49:42.379119408,T,309.0,40,309.56,160,IBM
2025-12-05,9:49:42.379119408,T,309.11,80,309.56,160,IBM
2025-12-05,9:49:42.384086313,T,309.11,40,309.56,160,IBM
2025-12-05,9:50:00.001270120,T,309.11,80,309.56,160,IBM
2025-12-05,9:50:00.184937551,T,309.11,80,309.55,40,IBM
2025-12-05,9:50:00.184957366,T,309.11,40,309.55,40,IBM
2025-12-05,9:50:00.185408524,T,309.11,40,309.29,40,IBM
2025-12-05,9:50:05.414747716,T,309.11,40,309.24,40,IBM
2025-12-05,9:50:05.414772433,T,309.0,40,309.24,40,IBM
2025-12-05,9:50:05.414932717,T,309.0,40,309.24,80,IBM
2025-12-05,9:50:05.414972872,T,309.0,40,309.24,40,IBM
2025-12-05,9:50:05.415138277,T,309.0,40,309.24,120,IBM
2025-12-05,9:50:05.415529242,T,309.0,80,309.24,120,IBM
2025-12-05,9:50:05.415534205,T,309.0,80,309.18,40,IBM
2025-12-05,9:50:05.415900095,T,309.0,40,309.18,40,IBM
2025-12-05,9:50:05.415905048,T,309.0,40,309.24,80,IBM
2025-12-05,9:50:05.415910134,T,309.0,40,309.24,40,IBM
2025-12-05,9:50:05.416306094,T,309.0,40,309.24,80,IBM
2025-12-05,9:50:05.419152843,T,309.0,40,309.24,40,IBM
2025-12-05,9:50:07.777301447,T,309.0,40,309.24,80,IBM
2025-12-05,9:50:10.478100904,T,309.0,40,309.24,40,IBM
2025-12-05,9:50:11.462148450,T,309.0,40,309.53,40,IBM
2025-12-05,9:50:11.462178535,T,309.0,40,309.56,160,IBM
2025-12-05,9:50:12.794540459,T,309.0,40,309.23,40,IBM
2025-12-05,9:50:16.442023451,T,309.0,40,309.23,80,IBM
2025-12-05,9:50:22.611490425,T,309.0,40,309.23,40,IBM
2025-12-05,9:50:25.617270704,T,309.0,40,309.23,80,IBM
2025-12-05,9:50:26.752187934,T,309.0,40,309.23,40,IBM
2025-12-05,9:50:26.752192712,T,309.0,40,309.45,160,IBM
2025-12-05,9:50:26.752232742,T,309.09,80,309.45,160,IBM
2025-12-05,9:50:26.752573528,T,309.09,120,309.45,160,IBM
2025-12-05,9:50:26.752578648,T,309.11,40,309.45,160,IBM
2025-12-05,9:50:26.752613649,T,309.12,40,309.45,160,IBM
2025-12-05,9:50:26.752638746,T,309.16,40,309.45,160,IBM
2025-12-05,9:50:26.752688823,T,309.16,80,309.45,160,IBM
2025-12-05,9:50:26.753330424,T,309.16,80,309.4,200,IBM
2025-12-05,9:50:26.753350384,T,309.16,80,309.4,280,IBM
2025-12-05,9:50:26.756908889,T,309.16,40,309.4,280,IBM
2025-12-05,9:50:28.286941130,T,309.11,40,309.4,280,IBM
2025-12-05,9:50:28.286956191,T,309.11,40,309.4,80,IBM
2025-12-05,9:50:28.286961188,T,309.11,40,309.4,120,IBM
2025-12-05,9:50:28.286961188,T,309.11,40,309.45,160,IBM
2025-12-05,9:50:28.286976254,T,309.11,40,309.4,40,IBM
2025-12-05,9:50:28.286986228,T,309.11,40,309.16,280,IBM
2025-12-05,9:50:28.287061376,T,309.11,40,309.45,200,IBM
2025-12-05,9:50:28.287081522,T,309.13,80,309.45,200,IBM
2025-12-05,9:50:28.287236861,T,309.13,80,309.23,40,IBM
2025-12-05,9:50:28.287256842,T,309.13,120,309.23,40,IBM
2025-12-05,9:50:28.296569116,T,309.13,120,309.45,200,IBM
2025-12-05,9:50:28.386964215,T,309.13,120,309.45,160,IBM
2025-12-05,9:50:28.387440336,T,309.13,120,309.3,40,IBM
2025-12-05,9:50:28.387495500,T,309.13,40,309.3,40,IBM
2025-12-05,9:50:28.464383532,T,309.13,40,309.45,160,IBM
2025-12-05,9:50:28.636337889,T,309.13,40,309.3,80,IBM
2025-12-05,9:50:29.016282300,T,309.0,40,309.3,80,IBM
2025-12-05,9:50:29.016302337,T,309.0,40,309.3,120,IBM
2025-12-05,9:50:29.016312585,T,309.0,40,309.29,40,IBM
2025-12-05,9:50:29.016312585,T,309.0,80,309.29,40,IBM
2025-12-05,9:50:29.217355907,T,309.0,40,309.29,40,IBM
2025-12-05,9:50:29.348548220,T,309.0,40,309.3,80,IBM
2025-12-05,9:50:30.558017290,T,309.0,40,309.29,40,IBM
2025-12-05,9:50:30.616827300,T,309.0,40,309.3,80,IBM
2025-12-05,9:50:31.481826759,T,309.0,40,309.28,40,IBM
2025-12-05,9:50:31.482292792,T,309.0,40,309.3,80,IBM
2025-12-05,9:50:31.482292792,T,309.0,40,309.19,40,IBM
2025-12-05,9:50:31.482413114,T,309.01,40,309.19,40,IBM
2025-12-05,9:50:31.898007406,T,309.01,40,309.3,80,IBM
2025-12-05,9:50:33.218806613,T,309.01,40,309.29,40,IBM
2025-12-05,9:50:58.954602247,T,309.01,40,309.47,40,IBM
2025-12-05,9:51:04.907834398,T,309.01,40,309.49,40,IBM
2025-12-05,9:51:07.039774650,T,309.04,40,309.49,40,IBM
2025-12-05,9:51:07.039844802,T,309.04,80,309.49,40,IBM
2025-12-05,9:51:12.664780306,T,309.04,80,309.47,40,IBM
2025-12-05,9:51:16.191911779,T,309.04,80,309.49,40,IBM
2025-12-05,9:51:22.313374332,T,309.04,80,309.47,40,IBM
2025-12-05,9:51:22.313434507,T,309.04,40,309.47,40,IBM
2025-12-05,9:51:27.363616907,T,309.04,40,309.29,40,IBM
2025-12-05,9:51:27.363642068,T,309.04,40,309.47,40,IBM
2025-12-05,9:51:27.363642068,T,309.04,40,309.2,40,IBM
2025-12-05,9:51:27.363662011,T,309.0,40,309.2,40,IBM
2025-12-05,9:51:27.363767311,T,309.0,40,309.2,80,IBM
2025-12-05,9:51:27.363777442,T,309.0,40,309.13,40,IBM
2025-12-05,9:51:27.363962754,T,309.0,40,309.2,80,IBM
2025-12-05,9:51:27.364047998,T,309.0,40,309.13,40,IBM
2025-12-05,9:51:27.364083105,T,309.0,40,309.2,80,IBM
2025-12-05,9:51:27.364118181,T,309.0,40,309.2,40,IBM
2025-12-05,9:51:27.364128134,T,309.0,40,309.29,40,IBM
2025-12-05,9:51:27.364253520,T,309.0,80,309.29,40,IBM
2025-12-05,9:51:27.364489054,T,309.0,80,309.2,40,IBM
2025-12-05,9:51:27.367150391,T,309.0,80,309.05,40,IBM
2025-12-05,9:51:27.367180447,T,309.0,80,309.2,40,IBM
2025-12-05,9:51:27.367481586,T,309.0,120,309.2,40,IBM
2025-12-05,9:51:27.367606472,T,309.0,120,309.29,40,IBM
2025-12-05,9:51:27.367606472,T,309.0,120,309.12,40,IBM
2025-12-05,9:51:27.367947213,T,309.0,80,309.12,40,IBM
2025-12-05,9:51:27.367962285,T,309.0,120,309.12,40,IBM
2025-12-05,9:51:27.367987312,T,309.0,120,309.29,40,IBM
2025-12-05,9:51:27.368999719,T,309.0,80,309.29,40,IBM
2025-12-05,9:51:27.369029864,T,309.0,120,309.29,40,IBM
2025-12-05,9:51:27.369044931,T,309.0,120,309.12,40,IBM
2025-12-05,9:51:27.369335764,T,309.0,80,309.12,40,IBM
2025-12-05,9:51:27.369335764,T,308.73,160,309.12,40,IBM
2025-12-05,9:51:27.369360633,T,308.73,160,309.0,80,IBM
2025-12-05,9:51:27.369380660,T,308.73,160,309.12,40,IBM
2025-12-05,9:51:27.369390639,T,308.73,160,309.12,80,IBM
2025-12-05,9:51:27.369395721,T,308.73,160,309.06,40,IBM
2025-12-05,9:51:27.369405930,T,308.73,200,309.06,40,IBM
2025-12-05,9:51:27.369410763,T,308.73,200,309.12,40,IBM
2025-12-05,9:51:27.369460823,T,308.81,40,309.12,40,IBM
2025-12-05,9:51:27.369691424,T,308.81,40,309.29,40,IBM
2025-12-05,9:51:27.369691424,T,308.81,40,309.06,40,IBM
2025-12-05,9:51:27.370137497,T,308.73,200,309.06,40,IBM
2025-12-05,9:51:27.370688843,T,308.73,200,309.29,40,IBM
2025-12-05,9:51:27.374277334,T,308.73,200,309.3,40,IBM
2025-12-05,9:51:27.374302411,T,308.73,200,309.42,80,IBM
2025-12-05,9:51:27.379304268,T,308.74,80,309.42,80,IBM
2025-12-05,9:51:27.379334330,T,308.74,120,309.42,80,IBM
2025-12-05,9:51:27.380051158,T,308.74,160,309.42,80,IBM
2025-12-05,9:51:27.381128709,T,308.74,160,309.3,40,IBM
2025-12-05,9:51:27.383258684,T,308.74,200,309.3,40,IBM
2025-12-05,9:51:27.417866074,T,308.74,160,309.3,40,IBM
2025-12-05,9:51:27.470726934,T,308.74,120,309.3,40,IBM
2025-12-05,9:51:27.628106560,T,308.74,80,309.3,40,IBM
2025-12-05,9:51:27.628136634,T,308.74,120,309.3,40,IBM
2025-12-05,9:51:28.109226811,T,308.74,120,309.12,40,IBM
2025-12-05,9:51:28.371375814,T,308.74,40,309.12,40,IBM
2025-12-05,9:51:28.371401022,T,308.73,200,309.12,40,IBM
2025-12-05,9:51:28.923650512,T,308.73,200,308.99,40,IBM
2025-12-05,9:51:28.924357221,T,308.73,200,309.3,40,IBM
2025-12-05,9:51:28.925234396,T,308.73,40,309.3,40,IBM
2025-12-05,9:51:28.925259393,T,308.67,40,309.3,40,IBM
2025-12-05,9:51:28.946645281,T,308.67,40,309.07,40,IBM
2025-12-05,9:51:29.131700745,T,308.67,40,309.3,40,IBM
2025-12-05,9:51:30.794494092,T,308.67,40,309.26,40,IBM
2025-12-05,9:51:33.504199733,T,308.67,40,309.05,80,IBM
2025-12-05,9:51:41.844534456,T,308.67,40,309.26,40,IBM
2025-12-05,9:51:41.844554832,T,308.8,40,309.26,40,IBM
2025-12-05,9:51:41.844574963,T,308.81,40,309.26,40,IBM
2025-12-05,9:51:41.844589687,T,308.92,80,309.26,40,IBM
2025-12-05,9:51:41.844835167,T,308.92,120,309.26,40,IBM
2025-12-05,9:51:41.851786776,T,308.92,80,309.26,40,IBM
2025-12-05,9:51:50.727921889,T,308.92,80,309.19,40,IBM
2025-12-05,9:51:50.727941956,T,308.92,40,309.19,40,IBM
2025-12-05,9:51:53.516094380,T,308.92,80,309.19,40,IBM
2025-12-05,9:51:53.516194605,T,308.8,40,309.19,40,IBM
2025-12-05,9:52:00.811897592,T,308.7,160,309.19,40,IBM
2025-12-05,9:52:00.832722202,T,308.7,160,309.19,80,IBM
2025-12-05,9:52:05.944911696,T,308.7,160,309.19,120,IBM
2025-12-05,9:52:06.308843166,T,308.7,160,309.19,80,IBM
2025-12-05,9:52:12.753264554,T,308.7,160,309.18,40,IBM
2025-12-05,9:52:12.753264554,T,308.7,160,309.13,40,IBM
2025-12-05,9:52:12.753269609,T,308.7,160,309.12,40,IBM
2025-12-05,9:52:12.753299593,T,308.7,160,309.12,80,IBM
2025-12-05,9:52:12.753354763,T,308.94,40,309.12,80,IBM
2025-12-05,9:52:12.753419880,T,308.94,40,309.12,40,IBM
2025-12-05,9:52:12.753685613,T,308.94,40,309.19,120,IBM
2025-12-05,9:52:12.763549093,T,308.7,160,309.19,120,IBM
2025-12-05,9:52:12.763564133,T,308.7,160,309.07,40,IBM
2025-12-05,9:52:12.764576620,T,308.7,160,309.18,40,IBM
2025-12-05,9:52:12.848376029,T,308.7,160,309.19,120,IBM
2025-12-05,9:52:13.358380216,T,308.7,160,309.19,80,IBM
2025-12-05,9:52:15.543722483,T,308.7,160,309.19,40,IBM
2025-12-05,9:52:15.543777791,T,308.84,40,309.19,40,IBM
2025-12-05,9:52:15.544228708,T,308.84,40,309.16,40,IBM
2025-12-05,9:52:15.754860063,T,308.84,40,309.19,40,IBM
2025-12-05,9:52:19.910387625,T,308.84,80,309.19,40,IBM
2025-12-05,9:52:22.978486362,T,308.84,80,309.16,40,IBM
2025-12-05,9:52:26.685576170,T,308.85,40,309.16,40,IBM
2025-12-05,9:52:36.712530984,T,308.86,40,309.16,40,IBM
2025-12-05,9:53:03.621724988,T,308.86,80,309.16,40,IBM
2025-12-05,9:53:03.658261964,T,308.87,40,309.16,40,IBM
2025-12-05,9:53:03.658783119,T,308.87,80,309.16,40,IBM
2025-12-05,9:53:03.671368122,T,308.87,120,309.16,40,IBM
2025-12-05,9:53:03.685872691,T,308.87,160,309.16,40,IBM
2025-12-05,9:53:03.710215587,T,308.87,120,309.16,40,IBM
2025-12-05,9:53:04.561176290,T,308.87,80,309.16,40,IBM
2025-12-05,9:53:04.561186354,T,308.87,40,309.16,40,IBM
2025-12-05,9:53:04.561371767,T,308.86,40,309.16,40,IBM
2025-12-05,9:53:04.584531972,T,308.87,40,309.16,40,IBM
2025-12-05,9:53:05.685843491,T,308.86,40,309.16,40,IBM
2025-12-05,9:53:11.539804348,T,308.88,40,309.16,40,IBM
2025-12-05,9:53:17.587581529,T,308.86,40,309.16,40,IBM
2025-12-05,9:53:20.988146840,T,308.86,40,309.19,40,IBM
2025-12-05,9:53:20.988197060,T,309.01,40,309.19,40,IBM
2025-12-05,9:53:20.988201952,T,309.02,40,309.19,40,IBM
2025-12-05,9:53:20.989555083,T,309.11,40,309.19,40,IBM
2025-12-05,9:53:20.993694963,T,309.02,80,309.19,40,IBM
2025-12-05,9:53:21.219983660,T,309.02,80,309.27,40,IBM
2025-12-05,9:53:21.220043858,T,309.11,40,309.27,40,IBM
2025-12-05,9:53:21.220815641,T,309.15,40,309.27,40,IBM
2025-12-05,9:53:21.225361496,T,309.11,40,309.27,40,IBM
2025-12-05,9:53:21.229832121,T,308.88,40,309.27,40,IBM
2025-12-05,9:53:21.266048340,T,308.86,40,309.27,40,IBM
2025-12-05,9:53:22.552154939,T,308.88,40,309.27,40,IBM
2025-12-05,9:53:23.198749151,T,308.88,40,309.4,80,IBM
2025-12-05,9:53:23.198784258,T,308.88,40,309.39,40,IBM
2025-12-05,9:53:23.309868716,T,308.88,80,309.39,40,IBM
2025-12-05,9:53:23.805463654,T,308.88,120,309.39,40,IBM
2025-12-05,9:53:24.001941345,T,308.88,80,309.39,40,IBM
2025-12-05,9:53:29.537619184,T,308.88,40,309.39,40,IBM
2025-12-05,9:53:29.895771730,T,308.88,40,309.29,40,IBM
2025-12-05,9:53:33.325646774,T,308.86,40,309.29,40,IBM
2025-12-05,9:53:33.691287168,T,309.01,40,309.29,40,IBM
2025-12-05,9:53:33.691307134,T,309.01,40,309.39,40,IBM
2025-12-05,9:53:34.182641898,T,309.01,80,309.39,40,IBM
2025-12-05,9:53:39.059230986,T,309.01,80,309.4,40,IBM
2025-12-05,9:53:39.059266086,T,309.01,80,309.29,40,IBM
2025-12-05,9:53:43.512567289,T,309.01,120,309.29,40,IBM
2025-12-05,9:53:43.512652540,T,309.01,40,309.29,40,IBM
2025-12-05,9:53:43.512737713,T,309.02,40,309.29,40,IBM
2025-12-05,9:53:43.519503908,T,309.01,40,309.29,40,IBM
2025-12-05,9:53:45.698466034,T,309.02,40,309.29,40,IBM
2025-12-05,9:54:08.693411527,T,308.86,40,309.29,40,IBM
2025-12-05,9:54:09.732339817,T,309.05,40,309.29,40,IBM
2025-12-05,9:54:09.732399961,T,309.05,80,309.29,40,IBM
2025-12-05,9:54:09.733096533,T,309.05,120,309.29,40,IBM
2025-12-05,9:54:10.697953551,T,309.06,40,309.29,40,IBM
2025-12-05,9:54:15.618406865,T,309.06,40,309.4,40,IBM
2025-12-05,9:54:15.618446991,T,309.09,40,309.4,40,IBM
2025-12-05,9:54:15.618451990,T,309.11,40,309.4,40,IBM
2025-12-05,9:54:15.618547219,T,309.2,80,309.4,40,IBM
2025-12-05,9:54:15.619549589,T,309.2,80,309.45,200,IBM
2025-12-05,9:54:15.619599704,T,309.21,40,309.45,200,IBM
2025-12-05,9:54:15.620015703,T,309.3,40,309.45,200,IBM
2025-12-05,9:54:15.620887736,T,309.3,40,309.53,40,IBM
2025-12-05,9:54:15.621474212,T,309.21,40,309.53,40,IBM
2025-12-05,9:54:15.629202618,T,309.21,40,309.59,40,IBM
2025-12-05,9:54:15.720349522,T,309.2,80,309.59,40,IBM
2025-12-05,9:54:17.956417698,T,309.2,80,309.66,80,IBM
2025-12-05,9:54:19.041901724,T,309.2,80,309.53,40,IBM
2025-12-05,9:54:19.041936828,T,309.2,40,309.53,40,IBM
2025-12-05,9:54:19.041991928,T,309.1,40,309.53,40,IBM
2025-12-05,9:54:19.153251809,T,309.11,40,309.53,40,IBM
2025-12-05,9:54:21.377396536,T,309.1,40,309.53,40,IBM
2025-12-05,9:54:22.319479391,T,309.09,40,309.53,40,IBM
2025-12-05,9:54:23.699810170,T,309.25,40,309.53,40,IBM
2025-12-05,9:54:24.389963002,T,309.25,40,309.66,80,IBM
2025-12-05,9:54:24.394995034,T,309.25,40,309.59,40,IBM
2025-12-05,9:54:24.395160399,T,309.25,80,309.59,40,IBM
2025-12-05,9:54:24.395416064,T,309.25,80,309.66,80,IBM
2025-12-05,9:54:24.395441154,T,309.25,120,309.66,80,IBM
2025-12-05,9:54:24.400538421,T,309.25,120,309.55,40,IBM
2025-12-05,9:54:24.400548347,T,309.25,120,309.53,40,IBM
2025-12-05,9:54:24.400568262,T,309.25,120,309.49,40,IBM
2025-12-05,9:54:24.400578369,T,309.25,120,309.46,40,IBM
2025-12-05,9:54:24.404933651,T,309.25,160,309.46,40,IBM
2025-12-05,9:54:24.407484799,T,309.25,160,309.52,40,IBM
2025-12-05,9:54:24.407509864,T,309.25,160,309.53,40,IBM
2025-12-05,9:54:24.753694009,T,309.25,120,309.53,40,IBM
2025-12-05,9:54:25.702126726,T,309.25,80,309.53,40,IBM
2025-12-05,9:54:25.702191875,T,309.11,40,309.53,40,IBM
2025-12-05,9:54:25.702201993,T,309.11,40,309.52,40,IBM
2025-12-05,9:54:25.702207008,T,309.1,40,309.52,40,IBM
2025-12-05,9:54:25.702437541,T,309.1,40,309.4,40,IBM
2025-12-05,9:54:25.702447496,T,309.09,40,309.4,40,IBM
2025-12-05,9:54:25.702472539,T,309.09,40,309.52,40,IBM
2025-12-05,9:54:25.702482614,T,309.09,40,309.53,40,IBM
2025-12-05,9:54:25.702693101,T,309.09,40,309.34,40,IBM
2025-12-05,9:54:25.703174276,T,309.09,40,309.53,40,IBM
2025-12-05,9:54:25.706988338,T,309.09,40,309.59,40,IBM
2025-12-05,9:54:25.711544144,T,309.11,40,309.59,40,IBM
2025-12-05,9:54:25.711584261,T,309.23,40,309.59,40,IBM
2025-12-05,9:54:27.895402973,T,309.23,40,309.52,40,IBM
2025-12-05,9:54:27.895412929,T,309.23,40,309.51,40,IBM
2025-12-05,9:54:27.895417942,T,309.23,40,309.41,40,IBM
2025-12-05,9:54:27.895453096,T,309.23,40,309.51,40,IBM
2025-12-05,9:54:27.895859070,T,309.23,40,309.38,40,IBM
2025-12-05,9:54:27.896074559,T,309.09,40,309.38,40,IBM
2025-12-05,9:54:27.903552384,T,309.09,40,309.52,40,IBM
2025-12-05,9:54:27.911135403,T,309.09,40,309.51,40,IBM
2025-12-05,9:54:27.996583900,T,309.09,40,309.52,40,IBM
2025-12-05,9:54:27.996608863,T,309.09,40,309.53,40,IBM
2025-12-05,9:54:28.895804511,T,309.1,40,309.53,40,IBM
2025-12-05,9:54:29.680647828,T,309.1,40,309.59,40,IBM
2025-12-05,9:54:29.684602183,T,309.1,40,309.53,40,IBM
2025-12-05,9:54:29.813133237,T,309.1,80,309.53,40,IBM
2025-12-05,9:54:30.368289790,T,309.1,40,309.53,40,IBM
2025-12-05,9:54:30.936622776,T,309.12,40,309.53,40,IBM
2025-12-05,9:54:38.031758005,T,309.12,40,309.52,40,IBM
2025-12-05,9:54:41.870361119,T,309.12,80,309.52,40,IBM
2025-12-05,9:54:43.509077269,T,309.12,80,309.38,40,IBM
2025-12-05,9:54:45.047704846,T,309.12,80,309.52,40,IBM
2025-12-05,9:54:48.378900031,T,309.12,80,309.38,40,IBM
2025-12-05,9:54:48.378935329,T,309.12,80,309.52,40,IBM
2025-12-05,9:54:48.379015299,T,309.18,40,309.52,40,IBM
2025-12-05,9:54:48.379556596,T,309.18,40,309.53,40,IBM
2025-12-05,9:54:48.379742018,T,309.18,40,309.57,160,IBM
2025-12-05,9:54:49.948626844,T,309.18,80,309.57,160,IBM
2025-12-05,9:54:51.699314613,T,309.18,40,309.57,160,IBM
2025-12-05,9:54:51.774212921,T,309.18,40,309.52,40,IBM
2025-12-05,9:54:51.774212921,T,309.18,40,309.51,40,IBM
2025-12-05,9:54:51.874245978,T,309.18,40,309.52,40,IBM
2025-12-05,9:54:52.727171422,T,309.12,80,309.52,40,IBM
2025-12-05,9:54:52.727181501,T,309.12,80,309.37,40,IBM
2025-12-05,9:54:52.727216524,T,309.12,40,309.37,40,IBM
2025-12-05,9:54:52.727627502,T,309.12,40,309.53,40,IBM
2025-12-05,9:54:52.734132961,T,309.12,40,309.57,160,IBM
2025-12-05,9:54:54.093744636,T,309.12,40,309.53,40,IBM
2025-12-05,9:55:11.370232184,T,309.12,40,309.38,40,IBM
2025-12-05,9:55:12.327561153,T,309.12,40,309.38,80,IBM
2025-12-05,9:55:12.328052384,T,309.12,40,309.38,40,IBM
2025-12-05,9:55:12.378176672,T,309.12,40,309.53,40,IBM
2025-12-05,9:55:13.910544542,T,309.12,40,309.38,40,IBM
2025-12-05,9:55:13.910589656,T,309.12,40,309.37,40,IBM
2025-12-05,9:55:13.910634795,T,309.12,40,309.37,80,IBM
2025-12-05,9:55:13.941989471,T,309.12,40,309.37,40,IBM
2025-12-05,9:55:14.357293149,T,309.12,40,309.37,80,IBM
2025-12-05,9:55:14.357323219,T,309.12,40,309.26,40,IBM
2025-12-05,9:55:14.357333222,T,309.12,40,309.25,40,IBM
2025-12-05,9:55:14.357809310,T,309.1,40,309.25,40,IBM
2025-12-05,9:55:14.357834439,T,309.09,40,309.25,40,IBM
2025-12-05,9:55:14.357839465,T,309.09,40,309.2,40,IBM
2025-12-05,9:55:14.366655389,T,309.09,40,309.25,40,IBM
2025-12-05,9:55:14.366675503,T,309.09,40,309.37,40,IBM
2025-12-05,9:55:14.694235181,T,309.1,40,309.37,40,IBM
2025-12-05,9:55:14.932026550,T,309.09,40,309.37,40,IBM
2025-12-05,9:55:14.932051269,T,309.09,40,309.26,40,IBM
2025-12-05,9:55:14.932366999,T,309.09,40,309.23,40,IBM
2025-12-05,9:55:14.932392052,T,309.09,40,309.26,40,IBM
2025-12-05,9:55:14.932417120,T,308.94,160,309.26,40,IBM
2025-12-05,9:55:14.932597578,T,308.94,160,309.16,40,IBM
2025-12-05,9:55:14.932617651,T,308.82,40,309.16,40,IBM
2025-12-05,9:55:14.932627980,T,308.83,200,309.16,40,IBM
2025-12-05,9:55:14.935334071,T,308.86,40,309.16,40,IBM
2025-12-05,9:55:14.935359154,T,308.86,40,309.38,40,IBM
2025-12-05,9:55:14.940741956,T,308.86,40,309.26,40,IBM
2025-12-05,9:55:14.940797129,T,308.86,40,309.16,40,IBM
2025-12-05,9:55:14.940807057,T,308.86,40,309.11,40,IBM
2025-12-05,9:55:14.941328376,T,308.86,40,309.16,40,IBM
2025-12-05,9:55:14.945378033,T,308.86,40,309.18,40,IBM
2025-12-05,9:55:14.947733632,T,308.86,40,309.26,40,IBM
2025-12-05,9:55:15.300062286,T,308.86,40,309.38,40,IBM
2025-12-05,9:55:15.300438152,T,308.93,40,309.38,40,IBM
2025-12-05,9:55:15.300728814,T,308.94,40,309.38,40,IBM
2025-12-05,9:55:15.357689446,T,308.94,80,309.38,40,IBM
2025-12-05,9:55:15.394321598,T,308.95,40,309.38,40,IBM
2025-12-05,9:55:15.932337516,T,308.83,200,309.38,40,IBM
2025-12-05,9:55:15.932362524,T,308.83,200,309.26,40,IBM
2025-12-05,9:55:15.932392533,T,308.83,200,309.1,40,IBM
2025-12-05,9:55:15.938025951,T,308.82,40,309.1,40,IBM
2025-12-05,9:55:16.296709778,T,308.74,40,309.1,40,IBM
2025-12-05,9:55:16.296880221,T,308.74,40,309.26,40,IBM
2025-12-05,9:55:16.297095706,T,308.74,40,309.38,40,IBM
2025-12-05,9:55:16.297230976,T,308.68,160,309.38,40,IBM
2025-12-05,9:55:16.297506718,T,308.68,160,309.26,40,IBM
2025-12-05,9:55:16.518903857,T,308.68,160,309.06,40,IBM
2025-12-05,9:55:16.836855623,T,308.68,160,309.38,40,IBM
2025-12-05,9:55:16.932768981,T,308.68,240,309.38,40,IBM
2025-12-05,9:55:20.254561771,T,308.7,80,309.38,40,IBM
2025-12-05,9:55:23.605398530,T,308.7,80,309.32,160,IBM
2025-12-05,9:55:23.605428671,T,308.7,80,309.32,200,IBM
2025-12-05,9:55:24.840188003,T,308.7,80,309.26,40,IBM
2025-12-05,9:55:24.840323259,T,308.7,80,309.32,200,IBM
2025-12-05,9:55:24.840343437,T,308.82,40,309.32,200,IBM
2025-12-05,9:55:24.840363438,T,308.87,40,309.32,200,IBM
2025-12-05,9:55:24.840413498,T,308.87,40,309.32,160,IBM
2025-12-05,9:55:24.840809470,T,308.96,40,309.32,160,IBM
2025-12-05,9:55:24.841446011,T,308.98,40,309.32,160,IBM
2025-12-05,9:55:24.841486020,T,309.03,40,309.32,160,IBM
2025-12-05,9:55:24.848357436,T,308.96,40,309.32,160,IBM
2025-12-05,9:55:24.859012757,T,308.86,40,309.32,160,IBM
2025-12-05,9:55:24.859769570,T,308.86,80,309.32,160,IBM
2025-12-05,9:55:24.866771278,T,308.87,40,309.32,160,IBM
2025-12-05,9:55:24.942040474,T,308.86,40,309.32,160,IBM
2025-12-05,9:55:33.316511654,T,308.86,40,309.46,40,IBM
2025-12-05,9:55:33.316511654,T,308.86,40,309.43,160,IBM
2025-12-05,9:56:03.298389846,T,308.86,40,309.24,40,IBM
2025-12-05,9:56:04.814118205,T,308.86,40,309.43,160,IBM
2025-12-05,9:56:04.814133175,T,308.87,40,309.43,160,IBM
2025-12-05,9:56:04.814138198,T,309.04,40,309.43,160,IBM
2025-12-05,9:56:04.814148265,T,309.05,40,309.43,160,IBM
2025-12-05,9:56:04.814348751,T,309.11,40,309.43,160,IBM
2025-12-05,9:56:04.814524088,T,309.11,40,309.53,40,IBM
2025-12-05,9:56:04.821069709,T,309.05,40,309.53,40,IBM
2025-12-05,9:56:04.914802801,T,308.87,40,309.53,40,IBM
2025-12-05,9:56:05.224069074,T,308.86,40,309.53,40,IBM
2025-12-05,9:56:05.672967635,T,308.82,40,309.53,40,IBM
2025-12-05,9:56:07.193667708,T,308.82,40,309.4,40,IBM
2025-12-05,9:56:07.987507508,T,308.9,40,309.4,40,IBM
2025-12-05,9:56:20.229434908,T,308.9,40,309.39,40,IBM
2025-12-05,9:56:20.799677574,T,308.9,40,309.4,40,IBM
2025-12-05,9:56:36.428272078,T,308.9,40,309.59,40,IBM
2025-12-05,9:56:38.697564316,T,308.98,40,309.59,40,IBM
2025-12-05,9:56:59.230358695,T,308.98,40,309.39,40,IBM
2025-12-05,9:57:04.017269019,T,308.98,40,309.39,80,IBM
2025-12-05,9:57:07.886209159,T,308.98,40,309.39,40,IBM
2025-12-05,9:57:10.206858641,T,308.98,40,309.53,40,IBM
2025-12-05,9:57:39.218361786,T,308.98,40,309.47,40,IBM
2025-12-05,9:57:39.742639792,T,308.98,40,309.53,40,IBM
2025-12-05,9:57:39.743035701,T,308.98,40,309.46,40,IBM
2025-12-05,9:57:40.454785110,T,308.98,40,309.53,40,IBM
2025-12-05,9:57:40.455171008,T,308.98,40,309.45,40,IBM
2025-12-05,9:57:41.288128950,T,308.98,40,309.53,40,IBM
2025-12-05,9:57:41.288504772,T,308.98,40,309.41,40,IBM
2025-12-05,9:57:41.383546126,T,308.98,40,309.49,40,IBM
2025-12-05,9:57:41.383927019,T,308.98,40,309.4,40,IBM
2025-12-05,9:57:44.490046329,T,308.98,40,309.49,40,IBM
2025-12-05,9:57:44.490432229,T,308.98,40,309.39,40,IBM
2025-12-05,9:57:47.217414070,T,308.98,40,309.39,80,IBM
2025-12-05,9:57:53.264730010,T,308.98,40,309.12,40,IBM
2025-12-05,9:57:53.264755055,T,308.98,40,309.39,80,IBM
2025-12-05,9:57:53.264945530,T,308.98,40,309.39,40,IBM
2025-12-05,9:57:53.265100814,T,308.98,40,309.53,40,IBM
2025-12-05,9:57:53.265481713,T,308.98,40,309.39,40,IBM
2025-12-05,9:57:53.276327618,T,308.98,40,309.39,80,IBM
2025-12-05,9:57:53.276352592,T,308.98,40,309.39,40,IBM
2025-12-05,9:57:53.276903991,T,308.98,40,309.26,40,IBM
2025-12-05,9:57:53.276929057,T,308.98,40,309.39,40,IBM
2025-12-05,9:57:53.277655765,T,308.98,40,309.53,40,IBM
2025-12-05,9:57:53.277841189,T,308.98,40,309.1,40,IBM
2025-12-05,9:57:53.277871271,T,308.98,40,309.53,40,IBM
2025-12-05,9:57:53.277971486,T,308.98,40,309.38,40,IBM
2025-12-05,9:57:53.278101827,T,308.98,40,309.09,40,IBM
2025-12-05,9:57:53.278141899,T,308.98,40,309.38,40,IBM
2025-12-05,9:57:53.278312287,T,308.98,40,309.38,80,IBM
2025-12-05,9:57:53.278362444,T,308.98,40,309.38,40,IBM
2025-12-05,9:57:53.278382441,T,308.98,40,309.38,80,IBM
2025-12-05,9:57:53.278402518,T,308.98,40,309.37,40,IBM
2025-12-05,9:57:53.278497758,T,308.98,40,309.38,80,IBM
2025-12-05,9:57:53.278778403,T,308.98,40,309.37,40,IBM
2025-12-05,9:57:53.278798496,T,308.98,40,309.38,80,IBM
2025-12-05,9:57:53.278808621,T,308.98,40,309.38,40,IBM
2025-12-05,9:57:53.278843568,T,308.98,40,309.38,80,IBM
2025-12-05,9:57:53.278978878,T,308.98,40,309.38,120,IBM
2025-12-05,9:57:53.279079327,T,308.98,40,309.37,40,IBM
2025-12-05,9:57:53.279089137,T,308.98,40,309.24,40,IBM
2025-12-05,9:57:53.279219491,T,308.98,40,309.0,80,IBM
2025-12-05,9:57:53.279239495,T,308.98,40,309.24,40,IBM
2025-12-05,9:57:53.279264628,T,308.98,40,309.37,40,IBM
2025-12-05,9:57:53.279274544,T,308.98,40,309.24,40,IBM
2025-12-05,9:57:53.279500109,T,308.98,40,309.38,80,IBM
2025-12-05,9:57:53.279545211,T,308.98,40,309.24,40,IBM
2025-12-05,9:57:53.279585324,T,308.98,40,309.38,80,IBM
2025-12-05,9:57:53.279971309,T,308.98,40,309.24,40,IBM
2025-12-05,9:58:14.268510309,T,308.98,40,309.24,80,IBM
2025-12-05,9:58:14.268996540,T,308.88,40,309.24,80,IBM
2025-12-05,9:58:14.269001468,T,308.86,40,309.24,80,IBM
2025-12-05,9:58:14.269257098,T,308.86,40,309.24,120,IBM
2025-12-05,9:58:14.269312199,T,308.86,40,309.23,40,IBM
2025-12-05,9:58:14.269327659,T,308.98,40,309.23,40,IBM
2025-12-05,9:58:14.269342371,T,308.98,40,309.24,120,IBM
2025-12-05,9:58:14.269357368,T,308.86,40,309.24,120,IBM
2025-12-05,9:58:14.269362389,T,308.86,40,309.24,80,IBM
2025-12-05,9:58:14.269382385,T,308.98,40,309.24,80,IBM
2025-12-05,9:58:14.269402497,T,308.88,40,309.24,80,IBM
2025-12-05,9:58:14.269402497,T,308.86,40,309.24,80,IBM
2025-12-05,9:58:14.269427514,T,308.86,40,309.24,120,IBM
2025-12-05,9:58:14.269442515,T,308.86,40,309.23,40,IBM
2025-12-05,9:58:14.269467678,T,308.86,40,309.12,40,IBM
2025-12-05,9:58:14.269487821,T,308.86,40,309.15,40,IBM
2025-12-05,9:58:14.269502817,T,308.86,40,309.24,120,IBM
2025-12-05,9:58:14.269507721,T,308.88,40,309.24,120,IBM
2025-12-05,9:58:14.269527959,T,308.91,40,309.24,120,IBM
2025-12-05,9:58:14.269532872,T,308.91,40,309.24,80,IBM
2025-12-05,9:58:14.269658058,T,308.98,40,309.24,80,IBM
2025-12-05,9:58:14.269713219,T,308.91,40,309.24,80,IBM
2025-12-05,9:58:14.269753293,T,308.88,40,309.24,80,IBM
2025-12-05,9:58:14.269788391,T,308.88,40,309.24,40,IBM
2025-12-05,9:58:14.269823448,T,308.86,40,309.24,40,IBM
2025-12-05,9:58:14.269858490,T,308.88,40,309.24,40,IBM
2025-12-05,9:58:14.269908628,T,308.98,40,309.24,40,IBM
2025-12-05,9:58:14.269968834,T,308.98,40,309.23,40,IBM
2025-12-05,9:58:14.269988803,T,308.88,40,309.23,40,IBM
2025-12-05,9:58:14.270049081,T,308.86,40,309.23,40,IBM
2025-12-05,9:58:14.270104489,T,308.86,40,309.24,40,IBM
2025-12-05,9:58:14.270114284,T,308.88,40,309.24,40,IBM
2025-12-05,9:58:14.270114284,T,308.98,40,309.24,40,IBM
2025-12-05,9:58:14.270154298,T,308.88,40,309.24,40,IBM
2025-12-05,9:58:14.270164321,T,308.98,40,309.24,40,IBM
2025-12-05,9:58:14.270174253,T,308.98,40,309.24,80,IBM
2025-12-05,9:58:14.270189306,T,308.98,40,309.24,40,IBM
2025-12-05,9:58:14.270229415,T,308.88,40,309.24,40,IBM
2025-12-05,9:58:14.270354761,T,308.86,40,309.24,40,IBM
2025-12-05,9:58:14.270364804,T,308.88,40,309.24,40,IBM
2025-12-05,9:58:14.270374721,T,308.86,40,309.24,40,IBM
2025-12-05,9:58:14.270394850,T,308.88,40,309.24,40,IBM
2025-12-05,9:58:14.270404800,T,308.98,40,309.24,40,IBM
2025-12-05,9:58:14.270439937,T,308.88,40,309.24,40,IBM
2025-12-05,9:58:14.270449960,T,308.98,40,309.24,40,IBM
2025-12-05,9:58:14.270565173,T,308.98,40,309.24,80,IBM
2025-12-05,9:58:14.270705553,T,308.98,40,309.24,40,IBM
2025-12-05,9:58:14.270730656,T,308.88,40,309.24,40,IBM
2025-12-05,9:58:14.271081435,T,308.88,40,309.24,80,IBM
2025-12-05,9:58:14.277055671,T,308.86,40,309.24,80,IBM
2025-12-05,9:58:14.279596758,T,308.86,40,309.24,40,IBM
2025-12-05,9:58:14.336437042,T,308.82,40,309.24,40,IBM
2025-12-05,9:58:19.706966751,T,308.86,40,309.24,40,IBM
2025-12-05,9:58:34.709435798,T,308.82,40,309.24,40,IBM
2025-12-05,9:58:35.212318042,T,308.79,160,309.24,40,IBM
2025-12-05,9:58:35.212353071,T,308.82,40,309.24,40,IBM
2025-12-05,9:58:38.395636207,T,308.82,40,309.36,40,IBM
2025-12-05,9:58:38.395691335,T,308.82,40,309.17,40,IBM
2025-12-05,9:58:38.395711375,T,308.82,40,309.36,40,IBM
2025-12-05,9:58:38.395746574,T,308.88,40,309.36,40,IBM
2025-12-05,9:58:38.395751497,T,308.98,40,309.36,40,IBM
2025-12-05,9:58:38.395766495,T,308.88,40,309.36,40,IBM
2025-12-05,9:58:38.395786511,T,308.98,40,309.36,40,IBM
2025-12-05,9:58:38.396022065,T,308.98,40,309.24,40,IBM
2025-12-05,9:58:38.396077666,T,308.88,40,309.24,40,IBM
2025-12-05,9:58:38.396212519,T,308.98,40,309.24,40,IBM
2025-12-05,9:58:38.396247662,T,308.88,40,309.24,40,IBM
2025-12-05,9:58:38.396397972,T,308.88,40,309.36,40,IBM
2025-12-05,9:58:38.396798966,T,308.88,40,309.24,40,IBM
2025-12-05,9:58:38.400222336,T,308.98,40,309.24,40,IBM
2025-12-05,9:58:38.400222336,T,308.98,40,309.36,80,IBM
2025-12-05,9:58:38.400227056,T,308.98,40,309.36,40,IBM
2025-12-05,9:58:38.400297272,T,309.13,40,309.36,40,IBM
2025-12-05,9:58:38.400297272,T,309.18,40,309.36,40,IBM
2025-12-05,9:58:38.400377450,T,309.18,40,309.36,80,IBM
2025-12-05,9:58:38.400382473,T,309.13,40,309.36,80,IBM
2025-12-05,9:58:38.400387505,T,308.98,40,309.36,80,IBM
2025-12-05,9:58:38.400402535,T,308.98,40,309.23,40,IBM
2025-12-05,9:58:38.400422599,T,308.98,40,309.23,80,IBM
