DATE,TIME_M,EX,BID,BIDSIZ,ASK,ASKSIZ,SYM_ROOT
2025-11-05,9:30:00.918899644,T,301.0,40,303.59,40,IBM
2025-11-05,9:30:00.951276636,T,301.0,40,303.24,40,IBM
2025-11-05,9:30:01.118068804,T,301.0,80,303.24,40,IBM
2025-11-05,9:30:01.184912914,T,301.0,40,303.24,40,IBM
2025-11-05,9:30:01.312411422,T,301.0,40,302.36,40,IBM
2025-11-05,9:30:01.702901021,T,300.5,120,302.36,40,IBM
2025-11-05,9:30:01.849219316,T,300.5,120,302.03,40,IBM
2025-11-05,9:30:01.912349624,T,300.5,120,301.86,40,IBM
2025-11-05,9:30:01.912775640,T,300.5,120,301.86,80,IBM
2025-11-05,9:30:02.030676361,T,300.5,120,301.86,40,IBM
2025-11-05,9:30:02.156651290,T,300.5,80,301.86,40,IBM
2025-11-05,9:30:02.161888739,T,300.5,80,301.47,40,IBM
2025-11-05,9:30:02.162309741,T,300.5,80,301.47,80,IBM
2025-11-05,9:30:02.163938614,T,300.5,80,301.47,40,IBM
2025-11-05,9:30:02.179255029,T,300.5,80,301.86,40,IBM
2025-11-05,9:30:02.228818038,T,300.5,120,301.86,40,IBM
2025-11-05,9:30:02.894503069,T,300.5,120,302.43,40,IBM
2025-11-05,9:30:03.050203765,T,300.5,120,301.71,40,IBM
2025-11-05,9:30:03.261055542,T,300.5,120,301.49,40,IBM
2025-11-05,9:30:03.308989705,T,300.5,120,301.49,80,IBM
2025-11-05,9:30:03.551045910,T,300.5,120,301.49,40,IBM
2025-11-05,9:30:04.184218243,T,300.5,120,301.48,40,IBM
2025-11-05,9:30:04.184333454,T,300.5,120,301.46,40,IBM
2025-11-05,9:30:04.191495526,T,300.5,120,301.47,40,IBM
2025-11-05,9:30:04.191520660,T,300.5,120,301.49,40,IBM
2025-11-05,9:30:15.653798267,T,300.86,40,301.49,40,IBM
2025-11-05,9:30:15.718161434,T,300.5,120,301.49,40,IBM
2025-11-05,9:30:15.948224211,T,300.86,40,301.49,40,IBM
2025-11-05,9:30:15.957922322,T,300.5,120,301.49,40,IBM
2025-11-05,9:30:16.098662340,T,300.86,40,301.49,40,IBM
2025-11-05,9:30:16.209822051,T,300.5,120,301.49,40,IBM
2025-11-05,9:30:16.821568596,T,300.86,40,301.49,40,IBM
2025-11-05,9:30:17.443649421,T,300.5,120,301.49,40,IBM
2025-11-05,9:30:18.162264999,T,300.86,40,301.49,40,IBM
2025-11-05,9:30:18.199744282,T,300.5,120,301.49,40,IBM
2025-11-05,9:30:19.686142846,T,300.5,120,301.47,40,IBM
2025-11-05,9:30:19.686173053,T,300.5,120,301.39,40,IBM
2025-11-05,9:30:19.686323345,T,300.5,120,301.36,40,IBM
2025-11-05,9:30:19.686819440,T,300.5,120,301.1,40,IBM
2025-11-05,9:30:19.690543316,T,300.5,120,301.47,40,IBM
2025-11-05,9:30:19.692046942,T,300.5,120,301.36,40,IBM
2025-11-05,9:30:19.693455241,T,300.5,120,301.47,40,IBM
2025-11-05,9:30:19.695199444,T,300.5,120,301.49,40,IBM
2025-11-05,9:30:19.706020217,T,300.5,120,301.47,40,IBM
2025-11-05,9:30:19.936288364,T,300.5,120,301.49,40,IBM
2025-11-05,9:30:19.936533935,T,300.5,120,301.47,40,IBM
2025-11-05,9:30:20.110468078,T,300.5,120,301.49,40,IBM
2025-11-05,9:30:20.394614487,T,300.5,120,301.49,80,IBM
2025-11-05,9:30:29.303152928,T,300.5,120,301.49,120,IBM
2025-11-05,9:30:29.345213061,T,300.5,80,301.49,120,IBM
2025-11-05,9:30:29.345238107,T,300.5,80,301.48,40,IBM
2025-11-05,9:30:29.345243148,T,300.5,80,301.33,40,IBM
2025-11-05,9:30:29.345273181,T,300.5,80,301.3,40,IBM
2025-11-05,9:30:29.345839523,T,300.5,80,301.05,40,IBM
2025-11-05,9:30:29.346400804,T,300.15,80,301.05,40,IBM
2025-11-05,9:30:29.346420952,T,300.15,80,300.51,80,IBM
2025-11-05,9:30:29.346451099,T,300.15,80,301.05,40,IBM
2025-11-05,9:30:29.346455987,T,300.15,80,300.96,40,IBM
2025-11-05,9:30:29.346521119,T,300.15,80,300.9,40,IBM
2025-11-05,9:30:29.346546391,T,300.15,80,300.96,40,IBM
2025-11-05,9:30:29.346586357,T,300.15,80,300.87,40,IBM
2025-11-05,9:30:29.346661451,T,300.15,80,300.78,40,IBM
2025-11-05,9:30:29.346696559,T,300.15,120,300.78,40,IBM
2025-11-05,9:30:29.346897373,T,300.15,120,301.3,120,IBM
2025-11-05,9:30:29.346922047,T,300.15,120,301.3,80,IBM
2025-11-05,9:30:29.347518487,T,300.15,80,301.3,80,IBM
2025-11-05,9:30:29.356474780,T,300.15,80,301.3,40,IBM
2025-11-05,9:30:29.356484827,T,300.15,80,301.46,40,IBM
2025-11-05,9:30:29.357487276,T,300.15,80,301.29,40,IBM
2025-11-05,9:30:29.357532415,T,300.15,80,301.3,40,IBM
2025-11-05,9:30:29.357537420,T,300.15,80,301.47,40,IBM
2025-11-05,9:30:29.357572455,T,300.15,80,301.45,40,IBM
2025-11-05,9:30:29.357597504,T,300.15,80,301.29,40,IBM
2025-11-05,9:30:29.357797981,T,300.15,80,301.3,40,IBM
2025-11-05,9:30:29.357908225,T,300.15,80,301.29,40,IBM
2025-11-05,9:30:29.368192699,T,300.15,80,301.3,40,IBM
2025-11-05,9:30:29.393738528,T,300.15,80,301.3,80,IBM
2025-11-05,9:30:29.393748606,T,300.15,80,301.3,120,IBM
2025-11-05,9:30:29.393778678,T,300.15,80,301.29,40,IBM
2025-11-05,9:30:29.420101311,T,300.15,80,301.3,120,IBM
2025-11-05,9:30:29.420397077,T,300.15,80,301.3,80,IBM
2025-11-05,9:30:29.420407056,T,300.15,80,301.3,40,IBM
2025-11-05,9:30:29.553293461,T,300.15,80,301.3,80,IBM
2025-11-05,9:30:29.553303422,T,300.15,80,301.3,120,IBM
2025-11-05,9:30:30.114920520,T,300.15,80,301.3,80,IBM
2025-11-05,9:30:30.346241195,T,300.15,120,301.3,80,IBM
2025-11-05,9:30:30.618469547,T,300.15,120,301.3,40,IBM
2025-11-05,9:30:30.621286236,T,300.15,200,301.3,40,IBM
2025-11-05,9:30:31.967541144,T,300.15,200,301.49,40,IBM
2025-11-05,9:30:34.454602068,T,300.51,40,301.49,40,IBM
2025-11-05,9:30:34.568813976,T,300.15,200,301.49,40,IBM
2025-11-05,9:30:34.568869086,T,300.52,40,301.49,40,IBM
2025-11-05,9:30:34.568904136,T,300.52,120,301.49,40,IBM
2025-11-05,9:30:34.576762869,T,300.52,40,301.49,40,IBM
2025-11-05,9:30:34.954497078,T,300.15,160,301.49,40,IBM
2025-11-05,9:30:34.954702730,T,300.15,120,301.49,40,IBM
2025-11-05,9:30:34.964225189,T,300.15,160,301.49,40,IBM
2025-11-05,9:30:34.964255305,T,300.53,40,301.49,40,IBM
2025-11-05,9:30:35.254576399,T,300.15,160,301.49,40,IBM
2025-11-05,9:30:35.254626540,T,300.15,120,301.49,40,IBM
2025-11-05,9:30:35.254631627,T,300.54,40,301.49,40,IBM
2025-11-05,9:30:35.254666638,T,300.54,120,301.49,40,IBM
2025-11-05,9:30:35.262490271,T,300.54,40,301.49,40,IBM
2025-11-05,9:30:36.055979266,T,300.55,40,301.49,40,IBM
2025-11-05,9:30:36.055989247,T,300.56,40,301.49,40,IBM
2025-11-05,9:30:36.056009348,T,300.92,40,301.49,40,IBM
2025-11-05,9:30:36.056209790,T,300.71,40,301.49,40,IBM
2025-11-05,9:30:36.056209790,T,301.15,40,301.49,40,IBM
2025-11-05,9:30:36.057026737,T,301.15,40,301.71,80,IBM
2025-11-05,9:30:36.057031739,T,301.15,40,301.71,40,IBM
2025-11-05,9:30:36.058119331,T,301.16,40,301.71,40,IBM
2025-11-05,9:30:36.061166658,T,301.15,40,301.71,40,IBM
2025-11-05,9:30:36.124923362,T,300.56,40,301.71,40,IBM
2025-11-05,9:30:36.125133944,T,300.56,80,301.71,40,IBM
2025-11-05,9:30:36.156674019,T,300.56,40,301.71,40,IBM
2025-11-05,9:30:36.878211702,T,300.56,40,301.87,80,IBM
2025-11-05,9:30:36.878632697,T,300.56,40,301.87,120,IBM
2025-11-05,9:30:36.886065368,T,300.56,40,301.87,200,IBM
2025-11-05,9:30:36.941878251,T,300.56,40,301.87,160,IBM
2025-11-05,9:31:00.239111350,T,300.79,160,301.87,160,IBM
2025-11-05,9:31:00.239116397,T,300.79,160,301.76,200,IBM
2025-11-05,9:31:00.239542459,T,300.79,160,301.76,240,IBM
2025-11-05,9:31:00.239572511,T,300.79,200,301.76,240,IBM
2025-11-05,9:31:00.393082956,T,300.79,160,301.76,240,IBM
2025-11-05,9:31:01.025994791,T,300.79,160,301.76,200,IBM
2025-11-05,9:31:04.229235596,T,300.79,160,301.87,40,IBM
2025-11-05,9:31:04.229275706,T,301.42,40,301.87,40,IBM
2025-11-05,9:31:04.229591521,T,300.79,160,301.87,40,IBM
2025-11-05,9:31:04.230142848,T,301.47,40,301.87,40,IBM
2025-11-05,9:31:04.230393398,T,301.47,40,301.86,80,IBM
2025-11-05,9:31:04.230413468,T,301.47,80,301.86,80,IBM
2025-11-05,9:31:04.230744257,T,301.47,40,301.86,80,IBM
2025-11-05,9:31:04.235039439,T,301.47,40,301.87,40,IBM
2025-11-05,9:31:04.252491007,T,301.47,40,301.77,80,IBM
2025-11-05,9:31:04.252761639,T,301.47,40,301.87,40,IBM
2025-11-05,9:31:04.253177665,T,301.47,40,301.76,120,IBM
2025-11-05,9:31:04.253262796,T,301.47,40,301.87,40,IBM
2025-11-05,9:31:04.253728946,T,301.47,40,301.76,80,IBM
2025-11-05,9:31:04.253904321,T,301.47,40,301.87,40,IBM
2025-11-05,9:31:04.254195083,T,300.79,160,301.87,40,IBM
2025-11-05,9:31:04.254375467,T,300.79,160,301.76,80,IBM
2025-11-05,9:31:04.254400589,T,300.79,160,301.76,200,IBM
2025-11-05,9:31:04.255052092,T,301.03,40,301.76,200,IBM
2025-11-05,9:31:04.255262600,T,301.03,80,301.76,200,IBM
2025-11-05,9:31:04.293192918,T,301.03,80,301.76,80,IBM
2025-11-05,9:31:04.293764198,T,301.03,80,301.87,40,IBM
2025-11-05,9:31:04.361936558,T,301.03,40,301.87,40,IBM
2025-11-05,9:31:04.398132716,T,301.03,40,301.82,120,IBM
2025-11-05,9:31:04.398578779,T,301.03,40,301.87,40,IBM
2025-11-05,9:31:06.462792842,T,300.79,160,301.87,40,IBM
2025-11-05,9:31:06.514370652,T,300.51,40,301.87,40,IBM
2025-11-05,9:31:06.585184377,T,300.56,40,301.87,40,IBM
2025-11-05,9:31:06.585189260,T,301.04,40,301.87,40,IBM
2025-11-05,9:31:06.585219366,T,301.39,40,301.87,40,IBM
2025-11-05,9:31:06.585435033,T,301.39,40,301.87,80,IBM
2025-11-05,9:31:06.585540478,T,301.39,40,301.87,40,IBM
2025-11-05,9:31:06.585540478,T,301.39,40,301.9,120,IBM
2025-11-05,9:31:06.585715721,T,301.39,40,302.36,40,IBM
2025-11-05,9:31:06.585735533,T,301.8,80,302.36,40,IBM
2025-11-05,9:31:06.585745754,T,301.51,40,302.36,40,IBM
2025-11-05,9:31:06.585770690,T,301.39,40,302.36,40,IBM
2025-11-05,9:31:06.585820775,T,301.51,40,302.36,40,IBM
2025-11-05,9:31:06.586021308,T,301.58,40,302.36,40,IBM
2025-11-05,9:31:06.586201722,T,301.72,40,302.36,40,IBM
2025-11-05,9:31:06.586241891,T,301.71,40,302.36,40,IBM
2025-11-05,9:31:06.586241891,T,301.58,40,302.36,40,IBM
2025-11-05,9:31:06.586301877,T,301.58,40,301.91,80,IBM
2025-11-05,9:31:06.586326985,T,301.58,40,302.36,40,IBM
2025-11-05,9:31:06.586337063,T,301.71,40,302.36,40,IBM
2025-11-05,9:31:06.586382161,T,301.51,80,302.36,40,IBM
2025-11-05,9:31:06.586442274,T,301.72,40,302.36,40,IBM
2025-11-05,9:31:06.586472298,T,301.51,80,302.36,40,IBM
2025-11-05,9:31:06.586522475,T,301.71,40,302.36,40,IBM
2025-11-05,9:31:06.586522475,T,301.71,40,302.56,40,IBM
2025-11-05,9:31:06.586552561,T,301.71,80,302.56,40,IBM
2025-11-05,9:31:06.586577573,T,301.72,40,302.56,40,IBM
2025-11-05,9:31:06.586833471,T,301.71,80,302.56,40,IBM
2025-11-05,9:31:06.586838359,T,301.71,40,302.56,40,IBM
2025-11-05,9:31:06.586888350,T,301.51,80,302.56,40,IBM
2025-11-05,9:31:06.586903350,T,301.72,40,302.56,40,IBM
2025-11-05,9:31:06.586913352,T,301.72,40,302.36,40,IBM
2025-11-05,9:31:06.586928370,T,301.72,40,301.91,80,IBM
2025-11-05,9:31:06.586948464,T,301.71,80,301.91,80,IBM
2025-11-05,9:31:06.586953454,T,301.71,80,302.36,40,IBM
2025-11-05,9:31:06.586958476,T,301.71,40,302.36,40,IBM
2025-11-05,9:31:06.586968495,T,301.51,40,302.36,40,IBM
2025-11-05,9:31:06.587108843,T,301.72,40,302.36,40,IBM
2025-11-05,9:31:06.587138929,T,301.72,40,302.56,40,IBM
2025-11-05,9:31:06.587269183,T,301.72,40,301.91,80,IBM
2025-11-05,9:31:06.587289288,T,301.72,40,302.56,40,IBM
2025-11-05,9:31:06.587289288,T,301.72,40,302.46,40,IBM
2025-11-05,9:31:06.587289288,T,301.71,40,302.46,40,IBM
2025-11-05,9:31:06.587299340,T,301.51,40,302.46,40,IBM
2025-11-05,9:31:06.587319402,T,301.71,40,302.46,40,IBM
2025-11-05,9:31:06.587349402,T,301.51,40,302.46,40,IBM
2025-11-05,9:31:06.587354444,T,301.51,40,302.36,40,IBM
2025-11-05,9:31:06.587720327,T,301.51,40,301.91,120,IBM
2025-11-05,9:31:06.587755434,T,301.51,40,301.91,40,IBM
2025-11-05,9:31:06.587775417,T,301.51,40,302.36,40,IBM
2025-11-05,9:31:06.590957962,T,301.51,40,302.56,40,IBM
2025-11-05,9:31:06.596461123,T,300.92,40,302.56,40,IBM
2025-11-05,9:31:06.606389743,T,301.51,40,302.56,40,IBM
2025-11-05,9:31:06.713354496,T,300.92,40,302.56,40,IBM
2025-11-05,9:31:07.560155432,T,300.92,80,302.56,40,IBM
2025-11-05,9:31:10.406386163,T,301.04,40,302.56,40,IBM
2025-11-05,9:31:10.407037727,T,301.04,80,302.56,40,IBM
2025-11-05,9:31:10.407854752,T,301.04,40,302.56,40,IBM
2025-11-05,9:31:10.408115281,T,301.04,40,302.34,160,IBM
2025-11-05,9:31:10.497042047,T,301.04,40,302.34,240,IBM
2025-11-05,9:31:10.656682095,T,300.92,40,302.34,240,IBM
2025-11-05,9:31:11.717061342,T,300.92,80,302.34,240,IBM
2025-11-05,9:31:11.717091405,T,301.04,40,302.34,240,IBM
2025-11-05,9:31:11.717377139,T,301.04,40,302.34,80,IBM
2025-11-05,9:31:11.717417254,T,301.04,40,302.56,40,IBM
2025-11-05,9:31:11.820061506,T,300.92,40,302.56,40,IBM
2025-11-05,9:31:11.820096600,T,300.92,40,302.38,40,IBM
2025-11-05,9:31:12.063295574,T,301.04,40,302.38,40,IBM
2025-11-05,9:31:12.633307621,T,300.92,40,302.38,40,IBM
2025-11-05,9:31:13.645402096,T,301.04,40,302.38,40,IBM
2025-11-05,9:31:13.895327094,T,301.04,40,302.56,40,IBM
2025-11-05,9:31:13.895352151,T,301.04,40,302.7,200,IBM
2025-11-05,9:31:15.044096877,T,300.81,200,302.7,200,IBM
2025-11-05,9:31:16.148641317,T,301.04,40,302.7,200,IBM
2025-11-05,9:31:16.480867208,T,300.81,200,302.7,200,IBM
2025-11-05,9:31:16.565218035,T,301.04,40,302.7,200,IBM
2025-11-05,9:31:18.452456019,T,301.56,40,302.7,200,IBM
2025-11-05,9:31:18.452465974,T,301.56,40,302.7,160,IBM
2025-11-05,9:31:18.453438271,T,300.92,40,302.7,160,IBM
2025-11-05,9:31:18.453483383,T,300.92,40,302.43,80,IBM
2025-11-05,9:31:18.461617780,T,300.92,40,302.7,160,IBM
2025-11-05,9:31:18.461627871,T,301.09,80,302.7,160,IBM
2025-11-05,9:31:18.461642846,T,301.26,40,302.7,160,IBM
2025-11-05,9:31:18.462239279,T,301.26,80,302.7,160,IBM
2025-11-05,9:31:18.473070071,T,301.26,80,302.56,40,IBM
2025-11-05,9:31:18.556072612,T,301.26,40,302.56,40,IBM
2025-11-05,9:31:18.952476371,T,300.81,200,302.56,40,IBM
2025-11-05,9:31:18.953092782,T,301.05,40,302.56,40,IBM
2025-11-05,9:31:18.953107783,T,301.05,40,302.38,40,IBM
2025-11-05,9:31:19.670124837,T,300.74,40,302.38,40,IBM
2025-11-05,9:31:19.674440078,T,301.05,40,302.38,40,IBM
2025-11-05,9:31:20.359876880,T,300.74,40,302.38,40,IBM
2025-11-05,9:31:20.421689004,T,300.92,40,302.38,40,IBM
2025-11-05,9:31:20.421699023,T,301.05,40,302.38,40,IBM
2025-11-05,9:31:20.421714157,T,301.05,40,302.56,40,IBM
2025-11-05,9:31:20.421719174,T,300.92,40,302.56,40,IBM
2025-11-05,9:31:20.421724088,T,301.51,40,302.56,40,IBM
2025-11-05,9:31:20.422170153,T,300.92,40,302.56,40,IBM
2025-11-05,9:31:20.422210195,T,300.92,40,302.44,80,IBM
2025-11-05,9:31:20.430454897,T,300.92,40,302.56,40,IBM
2025-11-05,9:31:20.430464890,T,301.01,80,302.56,40,IBM
2025-11-05,9:31:20.430484955,T,301.23,40,302.56,40,IBM
2025-11-05,9:31:20.921839711,T,300.74,40,302.56,40,IBM
2025-11-05,9:31:20.922456211,T,301.19,40,302.56,40,IBM
2025-11-05,9:31:21.337424015,T,301.19,40,302.13,40,IBM
2025-11-05,9:31:21.337454109,T,300.74,40,302.13,40,IBM
2025-11-05,9:31:21.454232074,T,300.74,40,302.56,40,IBM
2025-11-05,9:31:21.454257210,T,300.92,40,302.56,40,IBM
2025-11-05,9:31:21.454272161,T,301.19,40,302.56,40,IBM
2025-11-05,9:31:21.454287282,T,301.19,40,302.7,200,IBM
2025-11-05,9:31:21.454287282,T,301.19,40,302.7,160,IBM
2025-11-05,9:31:21.454292269,T,300.92,40,302.7,160,IBM
2025-11-05,9:31:21.454292269,T,301.51,40,302.7,160,IBM
2025-11-05,9:31:21.455770755,T,300.92,40,302.7,160,IBM
2025-11-05,9:31:21.455840957,T,301.2,40,302.7,160,IBM
2025-11-05,9:31:21.557939058,T,301.2,40,302.7,200,IBM
2025-11-05,9:31:21.557964113,T,300.74,40,302.7,200,IBM
2025-11-05,9:31:21.558575564,T,301.2,40,302.7,200,IBM
2025-11-05,9:31:21.962943200,T,300.74,40,302.7,200,IBM
2025-11-05,9:31:22.413696202,T,300.74,40,302.7,160,IBM
2025-11-05,9:31:22.413726372,T,301.2,40,302.7,160,IBM
2025-11-05,9:31:22.632677520,T,301.2,40,302.7,200,IBM
2025-11-05,9:31:22.632702588,T,300.74,40,302.7,200,IBM
2025-11-05,9:31:22.882918344,T,301.2,40,302.7,200,IBM
2025-11-05,9:31:23.402550384,T,301.2,40,302.7,160,IBM
2025-11-05,9:31:23.698905946,T,301.2,40,302.7,200,IBM
2025-11-05,9:31:23.698940930,T,300.74,40,302.7,200,IBM
2025-11-05,9:31:23.703707272,T,300.74,40,302.46,40,IBM
2025-11-05,9:31:24.046232744,T,300.92,40,302.46,40,IBM
2025-11-05,9:31:24.046232744,T,301.2,40,302.46,40,IBM
2025-11-05,9:31:24.375070576,T,300.92,40,302.46,40,IBM
2025-11-05,9:31:24.391404561,T,300.92,40,302.56,40,IBM
2025-11-05,9:31:24.505220446,T,300.92,40,302.46,40,IBM
2025-11-05,9:31:24.790279140,T,300.74,40,302.46,40,IBM
2025-11-05,9:31:25.380253689,T,300.74,40,302.56,40,IBM
2025-11-05,9:31:25.450886775,T,300.74,40,302.46,40,IBM
2025-11-05,9:31:25.739569037,T,300.74,40,302.46,80,IBM
2025-11-05,9:31:25.742445901,T,300.74,40,302.46,160,IBM
2025-11-05,9:31:26.214880570,T,300.74,40,302.46,120,IBM
2025-11-05,9:31:26.369112700,T,300.74,40,302.46,80,IBM
2025-11-05,9:31:26.695705291,T,300.74,40,302.46,120,IBM
2025-11-05,9:31:26.944637875,T,300.74,40,302.46,40,IBM
2025-11-05,9:31:27.357961860,T,300.74,40,302.56,40,IBM
2025-11-05,9:31:27.382475157,T,300.74,40,302.46,40,IBM
2025-11-05,9:31:28.346816017,T,300.74,40,302.56,40,IBM
2025-11-05,9:31:28.363656167,T,300.74,40,302.46,40,IBM
2025-11-05,9:31:29.079289798,T,300.74,40,302.46,120,IBM
2025-11-05,9:31:29.335670161,T,300.74,40,302.46,80,IBM
2025-11-05,9:31:29.716802437,T,300.74,40,302.46,120,IBM
2025-11-05,9:31:29.716842608,T,300.74,40,302.46,160,IBM
2025-11-05,9:31:30.324529281,T,300.74,40,302.46,120,IBM
2025-11-05,9:31:30.324744828,T,300.74,40,302.46,160,IBM
2025-11-05,9:31:30.397367736,T,300.74,40,302.46,200,IBM
2025-11-05,9:31:31.313383523,T,300.74,40,302.46,160,IBM
2025-11-05,9:31:31.516256539,T,300.74,40,302.46,200,IBM
2025-11-05,9:31:32.197728820,T,300.74,40,302.46,160,IBM
2025-11-05,9:31:35.268799983,T,300.74,40,302.46,120,IBM
2025-11-05,9:31:35.371499449,T,300.74,40,302.46,160,IBM
2025-11-05,9:31:35.506300425,T,300.92,40,302.46,160,IBM
2025-11-05,9:31:36.257654050,T,300.92,40,302.46,120,IBM
2025-11-05,9:31:36.272539501,T,300.92,40,302.46,160,IBM
2025-11-05,9:31:37.246508183,T,300.92,40,302.46,120,IBM
2025-11-05,9:31:37.246718750,T,300.92,40,302.46,80,IBM
2025-11-05,9:31:37.333094418,T,300.92,40,302.46,120,IBM
2025-11-05,9:31:38.235362546,T,300.92,40,302.46,80,IBM
2025-11-05,9:31:38.474361475,T,300.92,40,302.46,120,IBM
2025-11-05,9:31:39.224221592,T,300.92,40,302.46,80,IBM
2025-11-05,9:31:39.543195968,T,300.92,40,302.46,120,IBM
2025-11-05,9:31:40.213070704,T,300.92,40,302.46,80,IBM
2025-11-05,9:31:40.868295585,T,300.92,40,302.46,120,IBM
2025-11-05,9:31:41.201924845,T,300.92,40,302.46,80,IBM
2025-11-05,9:31:41.222032686,T,300.92,40,302.46,120,IBM
2025-11-05,9:31:42.190779003,T,300.92,40,302.46,80,IBM
2025-11-05,9:31:42.212941732,T,300.92,40,302.46,120,IBM
2025-11-05,9:31:43.179633055,T,300.92,40,302.46,80,IBM
2025-11-05,9:31:43.228845232,T,300.92,40,302.56,40,IBM
2025-11-05,9:31:43.255654086,T,300.92,40,302.46,40,IBM
2025-11-05,9:31:44.168492189,T,300.92,40,302.56,40,IBM
2025-11-05,9:31:44.170722591,T,300.92,40,302.46,40,IBM
2025-11-05,9:31:44.947592005,T,300.92,40,302.46,80,IBM
2025-11-05,9:31:45.091800361,T,301.03,40,302.46,80,IBM
2025-11-05,9:31:45.094326439,T,300.92,40,302.46,80,IBM
2025-11-05,9:31:45.094371507,T,301.19,40,302.46,80,IBM
2025-11-05,9:31:45.157767472,T,301.19,40,302.46,120,IBM
2025-11-05,9:31:45.368208529,T,300.74,40,302.46,120,IBM
2025-11-05,9:31:45.710162541,T,300.74,40,302.46,200,IBM
2025-11-05,9:31:50.102664613,T,300.74,40,302.46,160,IBM
2025-11-05,9:31:51.365836829,T,300.74,40,302.46,120,IBM
2025-11-05,9:31:51.511999738,T,300.74,40,302.46,40,IBM
2025-11-05,9:31:51.512009733,T,301.2,80,302.46,40,IBM
2025-11-05,9:31:52.080007009,T,301.2,80,302.46,80,IBM
2025-11-05,9:31:52.088061144,T,300.74,40,302.46,80,IBM
2025-11-05,9:31:52.210086671,T,300.74,40,302.46,40,IBM
2025-11-05,9:31:52.218516710,T,301.2,80,302.46,40,IBM
2025-11-05,9:31:52.219774735,T,300.74,40,302.46,40,IBM
2025-11-05,9:31:52.726486098,T,301.2,80,302.46,40,IBM
2025-11-05,9:32:00.903021627,T,301.21,80,302.46,40,IBM
2025-11-05,9:32:01.390071064,T,301.25,40,302.46,40,IBM
2025-11-05,9:32:01.640116384,T,301.21,80,302.46,40,IBM
2025-11-05,9:32:01.640181525,T,301.22,40,302.46,40,IBM
2025-11-05,9:32:01.642968243,T,301.21,80,302.46,40,IBM
2025-11-05,9:32:01.642968243,T,301.66,40,302.46,40,IBM
2025-11-05,9:32:01.643023336,T,301.75,40,302.46,40,IBM
2025-11-05,9:32:01.643258854,T,301.9,40,302.46,40,IBM
2025-11-05,9:32:01.647198248,T,301.89,40,302.46,40,IBM
2025-11-05,9:32:01.647198248,T,301.66,80,302.46,40,IBM
2025-11-05,9:32:01.647218305,T,301.66,40,302.46,40,IBM
2025-11-05,9:32:01.658149318,T,301.21,80,302.46,40,IBM
2025-11-05,9:32:01.658189448,T,301.21,80,302.46,120,IBM
2025-11-05,9:32:01.658359888,T,301.21,120,302.46,120,IBM
2025-11-05,9:32:01.666669573,T,301.21,40,302.46,120,IBM
2025-11-05,9:32:04.633402441,T,301.21,40,302.46,80,IBM
2025-11-05,9:32:04.634224465,T,301.28,40,302.46,80,IBM
2025-11-05,9:32:04.634510065,T,301.35,40,302.46,80,IBM
2025-11-05,9:32:04.634720552,T,301.35,80,302.46,80,IBM
2025-11-05,9:32:04.634735642,T,301.35,80,302.46,120,IBM
2025-11-05,9:32:05.014229030,T,301.82,40,302.46,120,IBM
2025-11-05,9:32:05.015221439,T,301.35,40,302.46,120,IBM
2025-11-05,9:32:05.015431935,T,301.35,80,302.46,120,IBM
2025-11-05,9:32:05.016659827,T,301.35,80,302.46,40,IBM
2025-11-05,9:32:05.067801609,T,301.54,40,302.46,40,IBM
2025-11-05,9:32:05.461047772,T,301.35,40,302.46,40,IBM
2025-11-05,9:32:05.461258254,T,301.35,80,302.46,40,IBM
2025-11-05,9:32:05.658026700,T,301.35,40,302.46,40,IBM
2025-11-05,9:32:06.691166370,T,301.52,40,302.46,40,IBM
2025-11-05,9:32:07.018390403,T,301.26,40,302.46,40,IBM
2025-11-05,9:32:07.431223187,T,301.26,80,302.46,40,IBM
2025-11-05,9:32:16.256112302,T,301.26,40,302.46,40,IBM
2025-11-05,9:32:16.258437799,T,301.14,40,302.46,40,IBM
2025-11-05,9:32:39.288589845,T,301.25,40,302.46,40,IBM
2025-11-05,9:32:40.858903175,T,301.25,40,302.38,40,IBM
2025-11-05,9:32:41.440472915,T,301.25,40,302.38,80,IBM
2025-11-05,9:32:50.430495014,T,301.31,40,302.38,80,IBM
2025-11-05,9:32:50.430540088,T,301.25,40,302.38,80,IBM
2025-11-05,9:32:50.430550148,T,301.35,40,302.38,80,IBM
2025-11-05,9:32:50.430565145,T,301.35,40,302.33,40,IBM
2025-11-05,9:32:50.438263459,T,301.35,40,302.33,80,IBM
2025-11-05,9:32:50.809883185,T,301.35,40,302.33,40,IBM
2025-11-05,9:32:51.010054728,T,301.35,40,302.33,80,IBM
2025-11-05,9:32:51.010069698,T,301.35,40,302.32,40,IBM
2025-11-05,9:32:51.010099782,T,301.35,40,302.24,40,IBM
2025-11-05,9:32:51.010285216,T,301.35,40,302.15,40,IBM
2025-11-05,9:32:51.010500923,T,301.35,40,302.1,40,IBM
2025-11-05,9:32:51.010515875,T,301.35,40,302.15,40,IBM
2025-11-05,9:32:51.010530856,T,301.35,40,302.1,40,IBM
2025-11-05,9:32:51.010535904,T,301.35,40,302.32,40,IBM
2025-11-05,9:32:51.010555865,T,301.51,40,302.32,40,IBM
2025-11-05,9:32:51.010581004,T,301.51,40,302.33,40,IBM
2025-11-05,9:32:51.010606063,T,301.52,40,302.33,40,IBM
2025-11-05,9:32:51.010616028,T,301.63,40,302.33,40,IBM
2025-11-05,9:32:51.010761358,T,301.51,40,302.33,40,IBM
2025-11-05,9:32:51.011032039,T,301.51,40,302.33,80,IBM
2025-11-05,9:32:51.011182407,T,301.51,40,302.32,40,IBM
2025-11-05,9:32:51.011412928,T,301.51,40,302.33,80,IBM
2025-11-05,9:32:51.021096041,T,301.51,40,302.33,40,IBM
2025-11-05,9:32:51.021111092,T,301.41,40,302.33,40,IBM
2025-11-05,9:32:51.111631579,T,301.35,40,302.33,40,IBM
2025-11-05,9:32:51.969198203,T,301.35,40,302.38,40,IBM
2025-11-05,9:32:55.455402621,T,301.35,40,302.56,200,IBM
2025-11-05,9:32:59.040662828,T,301.49,160,302.56,200,IBM
2025-11-05,9:33:00.528555000,T,301.49,160,302.56,40,IBM
2025-11-05,9:33:00.528580044,T,301.49,160,302.76,40,IBM
2025-11-05,9:33:04.998436340,T,301.49,160,302.44,40,IBM
2025-11-05,9:33:07.716687501,T,301.49,160,302.44,80,IBM
2025-11-05,9:33:08.221108383,T,301.49,160,302.44,40,IBM
2025-11-05,9:33:14.316043591,T,301.49,160,302.44,80,IBM
2025-11-05,9:33:18.476738775,T,301.49,160,302.44,40,IBM
2025-11-05,9:33:18.476763831,T,301.49,160,302.69,40,IBM
2025-11-05,9:33:19.107730915,T,301.49,160,302.76,40,IBM
2025-11-05,9:33:19.107761088,T,301.51,40,302.76,40,IBM
2025-11-05,9:33:19.107806084,T,301.52,40,302.76,40,IBM
2025-11-05,9:33:19.115394156,T,301.51,40,302.76,40,IBM
2025-11-05,9:33:19.116767392,T,301.49,160,302.76,40,IBM
2025-11-05,9:33:19.160391273,T,301.49,160,302.51,40,IBM
2025-11-05,9:33:19.178253864,T,301.51,40,302.51,40,IBM
2025-11-05,9:33:19.178995585,T,301.52,40,302.51,40,IBM
2025-11-05,9:33:19.181045415,T,302.06,40,302.51,40,IBM
2025-11-05,9:33:19.188322822,T,301.52,40,302.51,40,IBM
2025-11-05,9:33:19.188342781,T,301.51,40,302.51,40,IBM
2025-11-05,9:33:19.207919426,T,301.49,160,302.51,40,IBM
2025-11-05,9:33:19.853020169,T,301.51,40,302.51,40,IBM
2025-11-05,9:33:19.853265702,T,301.49,160,302.51,40,IBM
2025-11-05,9:33:19.853350932,T,302.34,40,302.51,40,IBM
2025-11-05,9:33:19.853972456,T,302.34,40,302.92,160,IBM
2025-11-05,9:33:19.854017491,T,301.51,40,302.92,160,IBM
2025-11-05,9:33:19.854022553,T,301.54,40,302.92,160,IBM
2025-11-05,9:33:19.854037563,T,301.56,40,302.92,160,IBM
2025-11-05,9:33:19.856092533,T,301.56,40,303.24,40,IBM
2025-11-05,9:33:19.856097475,T,301.56,40,303.19,160,IBM
2025-11-05,9:33:19.856187684,T,301.71,40,303.19,160,IBM
2025-11-05,9:33:19.860297467,T,301.56,40,303.19,160,IBM
2025-11-05,9:33:20.179397193,T,301.56,40,302.8,40,IBM
2025-11-05,9:33:20.179417204,T,301.51,40,302.8,40,IBM
2025-11-05,9:33:21.113230400,T,301.51,40,303.19,160,IBM
2025-11-05,9:33:21.113255452,T,301.71,40,303.19,160,IBM
2025-11-05,9:33:21.113265457,T,302.35,40,303.19,160,IBM
2025-11-05,9:33:21.118267410,T,302.35,40,303.36,40,IBM
2025-11-05,9:33:21.121916066,T,302.35,40,302.94,80,IBM
2025-11-05,9:33:22.113662102,T,302.35,40,302.94,120,IBM
2025-11-05,9:33:22.288588436,T,302.35,80,302.94,120,IBM
2025-11-05,9:33:22.303103444,T,302.35,120,302.94,120,IBM
2025-11-05,9:33:22.912568915,T,302.35,120,302.94,40,IBM
2025-11-05,9:33:22.912568915,T,302.35,120,303.44,200,IBM
2025-11-05,9:33:22.912589048,T,302.93,80,303.44,200,IBM
2025-11-05,9:33:22.912629126,T,302.57,40,303.44,200,IBM
2025-11-05,9:33:22.912649087,T,302.35,120,303.44,200,IBM
2025-11-05,9:33:22.912664170,T,302.38,40,303.44,200,IBM
2025-11-05,9:33:22.912674187,T,302.38,40,302.98,80,IBM
2025-11-05,9:33:22.912724317,T,302.64,40,302.98,80,IBM
2025-11-05,9:33:22.912859716,T,302.64,40,303.44,200,IBM
2025-11-05,9:33:22.912889648,T,302.64,80,303.44,200,IBM
2025-11-05,9:33:22.913225461,T,302.64,40,303.44,200,IBM
2025-11-05,9:33:22.913360856,T,302.57,40,303.44,200,IBM
2025-11-05,9:33:22.913586403,T,302.41,40,303.44,200,IBM
2025-11-05,9:33:22.913611504,T,302.35,40,303.44,200,IBM
2025-11-05,9:33:22.913631754,T,302.41,40,303.44,200,IBM
2025-11-05,9:33:22.913661512,T,302.52,40,303.44,200,IBM
2025-11-05,9:33:22.913726641,T,302.41,40,303.44,200,IBM
2025-11-05,9:33:22.913751774,T,302.35,40,303.44,200,IBM
2025-11-05,9:33:22.913756753,T,302.35,40,303.44,40,IBM
2025-11-05,9:33:22.914192833,T,302.35,80,303.44,40,IBM
2025-11-05,9:33:23.121491280,T,302.35,80,303.44,200,IBM
2025-11-05,9:33:23.913000671,T,302.35,80,303.24,40,IBM
2025-11-05,9:33:23.930306813,T,302.35,40,303.24,40,IBM
2025-11-05,9:33:23.935323767,T,302.35,40,303.17,40,IBM
2025-11-05,9:33:24.850297141,T,302.35,40,303.17,80,IBM
2025-11-05,9:33:24.934758155,T,302.35,80,303.17,80,IBM
2025-11-05,9:33:24.935174213,T,302.35,80,303.17,40,IBM
2025-11-05,9:33:25.408691460,T,302.35,40,303.17,40,IBM
2025-11-05,9:33:25.613428814,T,302.37,40,303.17,40,IBM
2025-11-05,9:33:25.613679397,T,302.37,40,303.24,40,IBM
2025-11-05,9:33:25.614892373,T,302.35,40,303.24,40,IBM
2025-11-05,9:33:25.614892373,T,302.75,40,303.24,40,IBM
2025-11-05,9:33:25.615057703,T,302.75,40,303.44,200,IBM
2025-11-05,9:33:25.615088242,T,302.76,40,303.44,200,IBM
2025-11-05,9:33:25.615393525,T,302.76,40,303.44,40,IBM
2025-11-05,9:33:25.616105172,T,302.75,40,303.44,40,IBM
2025-11-05,9:33:25.621828811,T,302.35,80,303.44,40,IBM
2025-11-05,9:33:25.715391547,T,302.35,40,303.44,40,IBM
2025-11-05,9:33:25.994997188,T,302.35,40,303.56,40,IBM
2025-11-05,9:33:25.995027298,T,302.37,40,303.56,40,IBM
2025-11-05,9:33:25.995047385,T,302.37,40,303.44,200,IBM
2025-11-05,9:33:26.287498574,T,302.01,40,303.44,200,IBM
2025-11-05,9:33:26.375082189,T,302.37,40,303.44,200,IBM
2025-11-05,9:33:26.377768473,T,302.37,80,303.44,200,IBM
2025-11-05,9:33:26.378214453,T,302.69,40,303.44,200,IBM
2025-11-05,9:33:26.379517634,T,302.37,80,303.44,200,IBM
2025-11-05,9:33:26.387892507,T,302.37,40,303.44,200,IBM
2025-11-05,9:33:26.388368628,T,302.37,80,303.44,200,IBM
2025-11-05,9:33:26.615474725,T,302.37,80,303.39,40,IBM
2025-11-05,9:33:32.350688116,T,302.37,120,303.39,40,IBM
2025-11-05,9:33:34.930805428,T,302.37,120,303.56,40,IBM
2025-11-05,9:33:35.301738574,T,302.37,80,303.56,40,IBM
2025-11-05,9:33:39.549846783,T,302.37,40,303.56,40,IBM
2025-11-05,9:33:43.594711146,T,302.74,40,303.56,40,IBM
2025-11-05,9:33:43.601001061,T,302.74,80,303.56,40,IBM
2025-11-05,9:33:43.695962193,T,302.74,40,303.56,40,IBM
2025-11-05,9:33:47.088583926,T,302.74,40,303.68,200,IBM
2025-11-05,9:33:51.886395884,T,302.74,40,303.62,40,IBM
2025-11-05,9:33:52.181804139,T,302.35,40,303.62,40,IBM
2025-11-05,9:33:53.607357962,T,302.4,160,303.62,40,IBM
2025-11-05,9:33:53.607378010,T,302.4,160,303.68,200,IBM
2025-11-05,9:33:53.607408089,T,302.75,40,303.68,200,IBM
2025-11-05,9:33:55.883140724,T,302.4,160,303.68,200,IBM
2025-11-05,9:33:57.308789731,T,302.74,40,303.68,200,IBM
2025-11-05,9:33:57.308799805,T,302.76,40,303.68,200,IBM
2025-11-05,9:33:57.308844898,T,302.76,40,303.68,160,IBM
2025-11-05,9:33:57.308869987,T,302.99,40,303.68,160,IBM
2025-11-05,9:33:57.309175688,T,302.99,40,303.7,40,IBM
2025-11-05,9:33:57.688187966,T,302.76,40,303.7,40,IBM
2025-11-05,9:33:57.688398450,T,302.76,80,303.7,40,IBM
2025-11-05,9:33:58.436133534,T,302.76,80,302.85,480,IBM
2025-11-05,9:33:58.436153625,T,302.76,80,303.7,40,IBM
2025-11-05,9:33:58.436158573,T,302.76,80,303.44,40,IBM
2025-11-05,9:33:58.436168651,T,302.76,40,303.44,40,IBM
2025-11-05,9:33:58.436183628,T,302.76,40,303.7,40,IBM
2025-11-05,9:33:58.436193821,T,302.76,40,303.44,40,IBM
2025-11-05,9:33:58.436263909,T,302.76,40,303.42,40,IBM
2025-11-05,9:33:58.436835233,T,302.4,160,303.42,40,IBM
2025-11-05,9:33:58.436875317,T,302.76,40,303.42,40,IBM
2025-11-05,9:33:58.437226118,T,302.76,40,303.44,40,IBM
2025-11-05,9:33:58.437571935,T,302.4,160,303.44,40,IBM
2025-11-05,9:33:58.537825594,T,302.4,160,303.62,40,IBM
2025-11-05,9:34:04.755016681,T,302.45,40,303.62,40,IBM
2025-11-05,9:34:18.315409559,T,302.45,40,303.7,40,IBM
2025-11-05,9:34:22.046246455,T,302.92,40,303.7,40,IBM
2025-11-05,9:34:22.046451912,T,302.92,80,303.7,40,IBM
2025-11-05,9:34:22.047043307,T,303.0,40,303.7,40,IBM
2025-11-05,9:34:22.055127540,T,302.92,40,303.7,40,IBM
2025-11-05,9:34:22.110048274,T,302.59,40,303.7,40,IBM
2025-11-05,9:34:28.023496211,T,302.45,40,303.7,40,IBM
2025-11-05,9:34:28.023521253,T,302.45,40,303.44,40,IBM
2025-11-05,9:34:28.023631558,T,302.59,40,303.44,40,IBM
2025-11-05,9:34:28.023731724,T,303.0,40,303.44,40,IBM
2025-11-05,9:34:28.024177800,T,303.0,40,303.7,40,IBM
2025-11-05,9:34:28.024217928,T,302.45,40,303.7,40,IBM
2025-11-05,9:34:33.085682663,T,302.4,160,303.7,40,IBM
2025-11-05,9:34:33.698997700,T,302.45,40,303.7,40,IBM
2025-11-05,9:34:33.699629195,T,302.45,40,303.44,40,IBM
2025-11-05,9:34:33.718243871,T,302.4,160,303.44,40,IBM
2025-11-05,9:34:33.718268643,T,302.4,160,303.13,40,IBM
2025-11-05,9:34:33.718834941,T,302.4,160,303.11,40,IBM
2025-11-05,9:34:33.725766511,T,302.42,80,303.11,40,IBM
2025-11-05,9:34:33.734201597,T,302.4,160,303.11,40,IBM
2025-11-05,9:34:34.230302608,T,302.41,80,303.11,40,IBM
2025-11-05,9:34:34.988969094,T,302.41,80,303.63,40,IBM
2025-11-05,9:34:39.631165325,T,302.4,200,303.63,40,IBM
2025-11-05,9:34:39.660875952,T,302.4,200,303.5,40,IBM
2025-11-05,9:34:43.143522018,T,302.4,200,302.81,40,IBM
2025-11-05,9:34:43.143943033,T,302.4,200,302.81,80,IBM
2025-11-05,9:34:43.144359006,T,302.4,40,302.81,80,IBM
2025-11-05,9:34:43.144384063,T,302.35,40,302.81,80,IBM
2025-11-05,9:34:43.152393141,T,302.35,40,302.81,40,IBM
2025-11-05,9:34:43.158222074,T,302.35,40,303.5,40,IBM
2025-11-05,9:34:43.329033647,T,302.35,40,303.44,200,IBM
2025-11-05,9:34:47.648837613,T,302.35,40,303.44,240,IBM
2025-11-05,9:34:47.648857679,T,302.16,40,303.44,240,IBM
2025-11-05,9:34:52.370448242,T,302.16,40,303.44,40,IBM
2025-11-05,9:34:52.370453271,T,302.16,40,303.19,160,IBM
2025-11-05,9:34:53.157777609,T,302.15,160,303.19,160,IBM
2025-11-05,9:34:55.052272661,T,302.42,40,303.19,160,IBM
2025-11-05,9:35:00.265458652,T,302.15,160,303.19,160,IBM
2025-11-05,9:35:19.029424329,T,302.15,160,303.11,40,IBM
2025-11-05,9:35:19.030181052,T,302.15,160,303.19,160,IBM
2025-11-05,9:35:23.298853455,T,302.15,160,302.68,40,IBM
2025-11-05,9:35:23.299650409,T,302.15,160,303.12,40,IBM
2025-11-05,9:35:23.306095696,T,302.15,160,303.19,160,IBM
2025-11-05,9:35:23.333300426,T,302.15,160,303.11,40,IBM
2025-11-05,9:35:23.333335562,T,302.15,160,302.78,40,IBM
2025-11-05,9:35:23.333510917,T,302.15,160,302.68,40,IBM
2025-11-05,9:35:23.333546063,T,302.15,160,302.56,40,IBM
2025-11-05,9:35:23.334062432,T,302.15,160,302.68,40,IBM
2025-11-05,9:35:23.334282790,T,301.96,40,302.68,40,IBM
2025-11-05,9:35:23.334297828,T,301.96,40,302.78,40,IBM
2025-11-05,9:35:23.340061529,T,301.96,40,303.11,40,IBM
2025-11-05,9:35:23.340096641,T,301.96,40,303.12,40,IBM
2025-11-05,9:35:23.340292064,T,301.96,40,302.98,40,IBM
2025-11-05,9:35:23.347539399,T,301.96,40,303.11,40,IBM
2025-11-05,9:35:23.347569481,T,301.96,40,303.12,40,IBM
2025-11-05,9:35:23.352280622,T,301.96,40,302.98,40,IBM
2025-11-05,9:35:23.352305740,T,301.96,40,302.68,40,IBM
2025-11-05,9:35:23.352340748,T,301.96,40,302.67,40,IBM
2025-11-05,9:35:23.399663473,T,301.89,200,302.67,40,IBM
2025-11-05,9:35:23.399703581,T,301.91,80,302.67,40,IBM
2025-11-05,9:35:23.399733581,T,301.91,120,302.67,40,IBM
2025-11-05,9:35:23.484615638,T,301.91,120,302.78,40,IBM
2025-11-05,9:35:23.485547911,T,301.91,120,302.67,40,IBM
2025-11-05,9:35:23.485587948,T,301.91,120,302.66,40,IBM
2025-11-05,9:35:25.767264880,T,301.91,120,302.98,40,IBM
2025-11-05,9:35:25.767370110,T,301.91,120,303.12,40,IBM
2025-11-05,9:35:26.081157121,T,301.96,40,303.12,40,IBM
2025-11-05,9:35:29.177653794,T,301.96,40,303.11,40,IBM
2025-11-05,9:35:33.722914403,T,301.96,40,303.19,160,IBM
2025-11-05,9:35:38.515619214,T,301.96,40,302.67,40,IBM
2025-11-05,9:35:38.515659296,T,301.96,40,302.64,40,IBM
2025-11-05,9:35:38.532674821,T,301.91,120,302.64,40,IBM
2025-11-05,9:35:44.688745766,T,301.91,120,303.11,40,IBM
2025-11-05,9:35:44.688745766,T,301.91,120,302.43,40,IBM
2025-11-05,9:35:44.688850721,T,301.96,40,302.43,40,IBM
2025-11-05,9:35:44.688875764,T,301.91,120,302.43,40,IBM
2025-11-05,9:35:44.688940872,T,302.02,40,302.43,40,IBM
2025-11-05,9:35:44.689041131,T,301.96,40,302.43,40,IBM
2025-11-05,9:35:44.689051107,T,301.96,40,302.98,40,IBM
2025-11-05,9:35:44.689066239,T,302.09,40,302.98,40,IBM
2025-11-05,9:35:44.689076209,T,302.09,40,303.11,40,IBM
2025-11-05,9:35:44.689106305,T,302.09,40,302.98,40,IBM
2025-11-05,9:35:44.689136408,T,302.09,40,302.63,40,IBM
2025-11-05,9:35:44.689166466,T,302.09,40,302.62,40,IBM
2025-11-05,9:35:44.689366917,T,302.09,40,302.67,40,IBM
2025-11-05,9:35:44.689366917,T,302.09,40,302.62,40,IBM
2025-11-05,9:35:44.689396944,T,302.09,40,302.44,40,IBM
2025-11-05,9:35:44.870417882,T,302.02,40,302.44,40,IBM
2025-11-05,9:35:44.870442963,T,302.1,40,302.44,40,IBM
2025-11-05,9:35:44.947576589,T,302.1,40,302.64,40,IBM
2025-11-05,9:35:44.947606710,T,302.1,40,302.67,40,IBM
2025-11-05,9:35:45.449130700,T,302.1,40,302.85,40,IBM
2025-11-05,9:35:46.437979718,T,302.1,40,302.98,40,IBM
2025-11-05,9:35:47.128513673,T,302.1,40,302.85,40,IBM
2025-11-05,9:35:47.128543762,T,302.1,40,302.8,40,IBM
2025-11-05,9:35:47.296919626,T,302.1,40,302.62,40,IBM
2025-11-05,9:35:47.296924629,T,302.1,40,302.36,40,IBM
2025-11-05,9:35:47.297015131,T,302.02,40,302.36,40,IBM
2025-11-05,9:35:47.297015131,T,301.91,120,302.36,40,IBM
2025-11-05,9:35:47.297049945,T,301.91,120,302.36,80,IBM
2025-11-05,9:35:47.297440815,T,301.91,120,302.36,40,IBM
2025-11-05,9:35:47.297561174,T,301.91,120,302.35,40,IBM
2025-11-05,9:35:47.297796664,T,301.91,80,302.35,40,IBM
2025-11-05,9:35:47.297801735,T,301.96,40,302.35,40,IBM
2025-11-05,9:35:47.314366163,T,301.96,40,302.67,40,IBM
2025-11-05,9:35:47.676352949,T,301.96,40,302.8,40,IBM
2025-11-05,9:35:47.676377983,T,301.96,40,302.85,40,IBM
2025-11-05,9:35:47.677074662,T,301.96,40,302.8,40,IBM
2025-11-05,9:35:47.677224967,T,301.96,40,302.52,40,IBM
2025-11-05,9:35:47.677224967,T,301.96,40,302.38,40,IBM
2025-11-05,9:35:47.677260095,T,301.96,40,302.37,40,IBM
2025-11-05,9:35:47.677395425,T,301.91,120,302.37,40,IBM
2025-11-05,9:35:47.677470575,T,301.91,80,302.37,40,IBM
2025-11-05,9:35:47.694320717,T,301.84,40,302.37,40,IBM
2025-11-05,9:35:47.694857020,T,301.84,40,302.37,80,IBM
2025-11-05,9:35:47.811148865,T,301.84,40,302.37,40,IBM
2025-11-05,9:35:48.588715053,T,301.84,40,302.85,40,IBM
2025-11-05,9:35:52.200839191,T,301.96,40,302.85,40,IBM
2025-11-05,9:35:58.559647282,T,301.96,40,302.67,40,IBM
2025-11-05,9:36:00.094646623,T,301.96,40,302.85,40,IBM
2025-11-05,9:36:00.094882164,T,301.98,40,302.85,40,IBM
2025-11-05,9:36:00.095358336,T,302.11,40,302.85,40,IBM
2025-11-05,9:36:00.095824394,T,302.11,40,302.94,200,IBM
2025-11-05,9:36:00.095854462,T,302.11,40,302.94,160,IBM
2025-11-05,9:36:00.097924440,T,302.11,80,302.94,160,IBM
2025-11-05,9:36:00.111451590,T,302.11,40,302.94,160,IBM
2025-11-05,9:36:00.327415716,T,301.98,40,302.94,160,IBM
2025-11-05,9:36:00.332312433,T,302.17,40,302.94,160,IBM
2025-11-05,9:36:00.641323101,T,301.97,40,302.94,160,IBM
2025-11-05,9:36:02.178968742,T,301.96,40,302.94,160,IBM
2025-11-05,9:36:02.178993767,T,301.91,200,302.94,160,IBM
2025-11-05,9:36:02.207110689,T,301.96,40,302.94,160,IBM
2025-11-05,9:36:06.224825495,T,301.96,40,302.49,40,IBM
2025-11-05,9:36:06.241615516,T,301.96,40,302.94,160,IBM
2025-11-05,9:36:11.968128477,T,302.11,40,302.94,160,IBM
2025-11-05,9:36:12.455182942,T,301.96,40,302.94,160,IBM
2025-11-05,9:36:14.515342472,T,302.34,40,302.94,160,IBM
2025-11-05,9:36:14.515663257,T,302.34,80,302.94,160,IBM
2025-11-05,9:36:14.515738441,T,302.34,80,303.27,40,IBM
2025-11-05,9:36:14.515743494,T,302.34,80,303.16,160,IBM
2025-11-05,9:36:14.532954409,T,302.35,40,303.16,160,IBM
2025-11-05,9:36:14.533500741,T,302.5,40,303.16,160,IBM
2025-11-05,9:36:14.535856341,T,302.35,40,303.16,160,IBM
2025-11-05,9:36:14.535876382,T,302.34,80,303.16,160,IBM
2025-11-05,9:36:14.536142014,T,302.34,40,303.16,160,IBM
2025-11-05,9:36:14.536207136,T,302.19,40,303.16,160,IBM
2025-11-05,9:36:14.536207136,T,302.49,40,303.16,160,IBM
2025-11-05,9:36:14.693902539,T,302.19,40,303.16,160,IBM
2025-11-05,9:36:15.739807533,T,302.04,40,303.16,160,IBM
2025-11-05,9:36:15.740614517,T,302.19,40,303.16,160,IBM
2025-11-05,9:36:17.916078642,T,302.5,40,303.16,160,IBM
2025-11-05,9:36:20.094935787,T,302.5,40,303.27,40,IBM
2025-11-05,9:36:20.828296745,T,302.5,80,303.27,40,IBM
2025-11-05,9:36:21.412317047,T,302.5,80,303.24,40,IBM
2025-11-05,9:36:24.009304587,T,302.5,40,303.24,40,IBM
2025-11-05,9:36:24.009865925,T,302.67,40,303.24,40,IBM
2025-11-05,9:36:24.013464767,T,302.49,40,303.24,40,IBM
2025-11-05,9:36:24.013469551,T,302.04,40,303.24,40,IBM
2025-11-05,9:36:24.013489510,T,302.04,40,302.97,40,IBM
2025-11-05,9:36:24.013509604,T,302.04,40,302.96,40,IBM
2025-11-05,9:36:24.013554983,T,302.04,40,302.95,40,IBM
2025-11-05,9:36:24.013584726,T,301.96,40,302.95,40,IBM
2025-11-05,9:36:24.013790267,T,301.96,40,302.82,40,IBM
2025-11-05,9:36:24.013820280,T,301.96,40,302.8,40,IBM
2025-11-05,9:36:24.022671365,T,301.96,40,302.96,40,IBM
2025-11-05,9:36:24.022711485,T,301.96,40,303.12,40,IBM
2025-11-05,9:36:24.113592830,T,301.96,40,303.24,40,IBM
2025-11-05,9:36:24.113618032,T,301.96,40,303.27,40,IBM
2025-11-05,9:36:24.118604776,T,301.96,40,303.24,40,IBM
2025-11-05,9:36:24.119100922,T,302.16,40,303.24,40,IBM
2025-11-05,9:36:24.119116049,T,302.5,40,303.24,40,IBM
2025-11-05,9:36:27.558624236,T,302.5,40,302.97,40,IBM
2025-11-05,9:36:27.558659355,T,302.5,40,302.96,40,IBM
2025-11-05,9:36:27.558684438,T,302.16,40,302.96,40,IBM
2025-11-05,9:36:27.558684438,T,301.96,40,302.96,40,IBM
2025-11-05,9:36:27.558709872,T,301.96,40,302.96,80,IBM
2025-11-05,9:36:27.558719490,T,301.96,40,302.96,120,IBM
2025-11-05,9:36:27.558724843,T,301.96,40,302.95,40,IBM
2025-11-05,9:36:27.558734551,T,301.96,40,302.8,40,IBM
2025-11-05,9:36:27.559085367,T,301.96,40,302.73,40,IBM
2025-11-05,9:36:27.559125518,T,301.92,40,302.73,40,IBM
2025-11-05,9:36:27.559476292,T,301.96,40,302.73,40,IBM
2025-11-05,9:36:27.559486327,T,302.04,40,302.73,40,IBM
2025-11-05,9:36:27.559501331,T,301.96,40,302.73,40,IBM
2025-11-05,9:36:27.563741482,T,301.96,40,302.8,40,IBM
2025-11-05,9:36:27.577108276,T,301.96,40,302.8,80,IBM
2025-11-05,9:36:28.069485620,T,301.96,40,302.8,40,IBM
2025-11-05,9:36:29.404488661,T,302.15,40,302.8,40,IBM
2025-11-05,9:36:34.087672676,T,302.15,40,303.12,40,IBM
2025-11-05,9:36:43.792371288,T,302.36,40,303.12,40,IBM
2025-11-05,9:36:43.794376112,T,302.36,80,303.12,40,IBM
2025-11-05,9:36:44.925764606,T,302.36,80,303.14,160,IBM
2025-11-05,9:36:45.281797126,T,302.36,40,303.14,160,IBM
2025-11-05,9:36:45.501745746,T,302.15,40,303.14,160,IBM
2025-11-05,9:36:46.243175858,T,302.36,40,303.14,160,IBM
2025-11-05,9:36:54.085821337,T,302.15,40,303.14,160,IBM
2025-11-05,9:36:56.752614911,T,302.15,40,303.12,40,IBM
2025-11-05,9:36:56.752629973,T,302.15,40,303.0,40,IBM
2025-11-05,9:36:56.752634900,T,302.15,40,302.73,40,IBM
2025-11-05,9:36:56.752649986,T,302.08,160,302.73,40,IBM
2025-11-05,9:36:56.752684992,T,302.08,160,302.72,40,IBM
2025-11-05,9:36:56.752850591,T,302.08,160,302.63,40,IBM
2025-11-05,9:36:56.752875465,T,302.08,160,302.66,40,IBM
2025-11-05,9:36:56.752880533,T,302.08,160,302.43,40,IBM
2025-11-05,9:36:56.753221273,T,302.15,40,302.43,40,IBM
2025-11-05,9:36:56.753336593,T,302.15,40,302.43,80,IBM
2025-11-05,9:36:56.753461821,T,302.15,40,302.43,120,IBM
2025-11-05,9:36:56.753516994,T,302.15,40,302.43,80,IBM
2025-11-05,9:36:57.369332980,T,302.15,40,302.43,40,IBM
2025-11-05,9:36:57.369563488,T,302.15,40,302.88,40,IBM
2025-11-05,9:36:57.369593659,T,302.15,40,303.0,40,IBM
2025-11-05,9:36:57.635195859,T,302.15,40,303.12,40,IBM
2025-11-05,9:36:57.813304884,T,302.15,40,303.0,40,IBM
2025-11-05,9:37:00.688745347,T,302.15,40,303.12,40,IBM
2025-11-05,9:37:02.358300026,T,302.15,40,302.5,40,IBM
2025-11-05,9:37:06.536697442,T,302.16,40,302.5,40,IBM
2025-11-05,9:37:08.110985173,T,302.16,40,303.0,40,IBM
2025-11-05,9:37:08.110990097,T,302.16,40,303.12,40,IBM
2025-11-05,9:37:08.111010113,T,302.2,40,303.12,40,IBM
2025-11-05,9:37:08.111020326,T,302.21,40,303.12,40,IBM
2025-11-05,9:37:08.111230637,T,302.21,80,303.12,40,IBM
2025-11-05,9:37:08.111466209,T,302.33,40,303.12,40,IBM
2025-11-05,9:37:08.111481170,T,302.35,40,303.12,40,IBM
2025-11-05,9:37:08.111616555,T,302.35,40,303.14,160,IBM
2025-11-05,9:37:08.112017436,T,302.44,40,303.14,160,IBM
2025-11-05,9:37:08.112864449,T,302.45,40,303.14,160,IBM
2025-11-05,9:37:08.113511066,T,302.44,40,303.14,160,IBM
2025-11-05,9:37:08.130316044,T,302.44,80,303.14,160,IBM
2025-11-05,9:37:09.113260995,T,302.44,80,303.0,40,IBM
2025-11-05,9:37:09.289139688,T,302.44,40,303.0,40,IBM
2025-11-05,9:37:09.983001591,T,302.45,40,303.0,40,IBM
2025-11-05,9:37:10.090286946,T,302.44,40,303.0,40,IBM
2025-11-05,9:37:10.181874989,T,302.46,40,303.0,40,IBM
2025-11-05,9:37:10.182085499,T,302.46,80,303.0,40,IBM
2025-11-05,9:37:10.290202869,T,302.46,40,303.0,40,IBM
2025-11-05,9:37:14.858919528,T,302.47,40,303.0,40,IBM
2025-11-05,9:37:14.858959637,T,302.66,40,303.0,40,IBM
2025-11-05,9:37:14.859636282,T,302.44,40,303.0,40,IBM
2025-11-05,9:37:14.859761584,T,302.66,40,303.0,40,IBM
2025-11-05,9:37:14.860799021,T,302.66,80,303.0,40,IBM
2025-11-05,9:37:15.434875694,T,302.66,80,303.12,40,IBM
2025-11-05,9:37:15.507222946,T,302.66,80,303.0,40,IBM
2025-11-05,9:37:16.421714963,T,302.66,40,303.0,40,IBM
2025-11-05,9:37:16.423724814,T,302.66,40,303.12,40,IBM
2025-11-05,9:37:16.427433753,T,302.81,40,303.12,40,IBM
2025-11-05,9:37:16.428065149,T,302.2,40,303.12,40,IBM
2025-11-05,9:37:16.893362899,T,302.18,160,303.12,40,IBM
2025-11-05,9:37:16.893367946,T,302.18,160,303.0,40,IBM
2025-11-05,9:37:16.893398045,T,302.18,160,302.97,40,IBM
2025-11-05,9:37:16.893793959,T,302.6,40,302.97,40,IBM
2025-11-05,9:37:16.893824025,T,302.6,40,303.0,40,IBM
2025-11-05,9:37:16.893864115,T,302.6,40,303.12,40,IBM
2025-11-05,9:37:16.955941847,T,302.6,120,303.12,40,IBM
2025-11-05,9:37:16.955971982,T,302.6,120,303.27,40,IBM
2025-11-05,9:37:18.993978832,T,302.6,160,303.27,40,IBM
2025-11-05,9:37:24.009920263,T,302.6,120,303.27,40,IBM
2025-11-05,9:37:32.459395788,T,302.62,40,303.27,40,IBM
2025-11-05,9:37:32.459405752,T,302.62,120,303.27,40,IBM
2025-11-05,9:37:32.459606241,T,302.62,160,303.27,40,IBM
2025-11-05,9:37:32.459796678,T,302.63,40,303.27,40,IBM
2025-11-05,9:37:32.459862223,T,302.81,40,303.27,40,IBM
2025-11-05,9:37:32.460322915,T,302.81,80,303.27,40,IBM
2025-11-05,9:37:32.460348020,T,302.81,80,303.37,40,IBM
2025-11-05,9:37:32.460693804,T,302.81,80,303.39,160,IBM
2025-11-05,9:37:32.460723958,T,302.81,80,303.39,200,IBM
2025-11-05,9:37:32.462042019,T,302.81,40,303.39,200,IBM
2025-11-05,9:37:32.469890755,T,302.81,80,303.39,200,IBM
2025-11-05,9:37:32.839169837,T,302.81,40,303.39,200,IBM
2025-11-05,9:37:32.839956702,T,302.81,80,303.39,200,IBM
2025-11-05,9:37:33.833868090,T,302.81,40,303.39,200,IBM
2025-11-05,9:37:40.451402026,T,302.81,40,303.39,40,IBM
2025-11-05,9:37:40.451427045,T,302.81,40,303.44,40,IBM
2025-11-05,9:37:47.872168326,T,302.83,40,303.44,40,IBM
2025-11-05,9:37:47.872378787,T,302.83,80,303.44,40,IBM
2025-11-05,9:37:48.142221205,T,302.83,40,303.44,40,IBM
2025-11-05,9:37:48.142226160,T,302.97,40,303.44,40,IBM
2025-11-05,9:37:48.595740861,T,302.97,80,303.44,40,IBM
2025-11-05,9:37:50.633426901,T,302.97,40,303.44,40,IBM
2025-11-05,9:37:53.848681278,T,302.97,40,303.37,40,IBM
2025-11-05,9:37:56.451262164,T,302.63,200,303.37,40,IBM
2025-11-05,9:37:56.841536263,T,302.63,240,303.37,40,IBM
2025-11-05,9:37:57.612090923,T,302.63,200,303.37,40,IBM
2025-11-05,9:37:57.612175869,T,302.63,200,303.29,40,IBM
2025-11-05,9:37:57.612241052,T,302.63,200,303.21,40,IBM
2025-11-05,9:37:57.612421501,T,302.63,200,303.12,40,IBM
2025-11-05,9:37:57.613388714,T,302.63,200,303.26,40,IBM
2025-11-05,9:37:57.613669383,T,302.82,40,303.26,40,IBM
2025-11-05,9:37:57.613684445,T,302.82,80,303.26,40,IBM
2025-11-05,9:37:57.613884891,T,302.82,80,303.27,40,IBM
2025-11-05,9:37:57.712188989,T,302.82,80,303.37,40,IBM
2025-11-05,9:37:58.375543234,T,302.82,80,303.27,40,IBM
2025-11-05,9:37:58.375563272,T,302.82,80,303.37,40,IBM
2025-11-05,9:38:00.258796611,T,302.82,80,303.23,40,IBM
2025-11-05,9:38:11.096547672,T,302.63,40,303.23,40,IBM
2025-11-05,9:38:11.096562653,T,302.45,160,303.23,40,IBM
2025-11-05,9:38:11.096562653,T,302.45,160,303.07,40,IBM
2025-11-05,9:38:11.096572665,T,302.45,160,303.03,40,IBM
2025-11-05,9:38:11.096788535,T,302.45,160,303.03,80,IBM
2025-11-05,9:38:11.096813295,T,302.45,160,302.98,40,IBM
2025-11-05,9:38:11.097715394,T,302.45,160,302.97,40,IBM
2025-11-05,9:38:11.098051158,T,302.28,40,302.97,40,IBM
2025-11-05,9:38:11.098056159,T,302.29,160,302.97,40,IBM
2025-11-05,9:38:11.101915400,T,302.29,160,302.98,40,IBM
2025-11-05,9:38:11.350502155,T,302.29,160,303.4,40,IBM
2025-11-05,9:38:12.299446377,T,302.29,200,303.4,40,IBM
2025-11-05,9:38:12.299476408,T,302.33,40,303.4,40,IBM
2025-11-05,9:38:12.707648204,T,302.54,40,303.4,40,IBM
2025-11-05,9:38:13.540145034,T,302.29,160,303.4,40,IBM
2025-11-05,9:38:13.542796350,T,302.55,40,303.4,40,IBM
2025-11-05,9:38:14.143245871,T,302.29,160,303.4,40,IBM
2025-11-05,9:38:14.144157990,T,302.55,40,303.4,40,IBM
2025-11-05,9:38:14.538506794,T,302.29,160,303.4,40,IBM
2025-11-05,9:38:14.538582056,T,302.54,40,303.4,40,IBM
2025-11-05,9:38:15.011713295,T,302.29,160,303.4,40,IBM
2025-11-05,9:38:15.012159434,T,302.54,40,303.4,40,IBM
2025-11-05,9:38:15.540552635,T,302.29,160,303.4,40,IBM
2025-11-05,9:38:15.541188739,T,302.54,40,303.4,40,IBM
2025-11-05,9:38:16.630742525,T,302.46,80,303.4,40,IBM
2025-11-05,9:38:16.977082014,T,302.54,40,303.4,40,IBM
2025-11-05,9:38:17.450935210,T,302.46,80,303.4,40,IBM
2025-11-05,9:38:17.540909411,T,302.53,40,303.4,40,IBM
2025-11-05,9:38:18.421621162,T,302.46,80,303.4,40,IBM
2025-11-05,9:38:18.589751408,T,302.46,120,303.4,40,IBM
2025-11-05,9:38:18.589781508,T,302.54,40,303.4,40,IBM
2025-11-05,9:38:19.230937870,T,302.46,80,303.4,40,IBM
2025-11-05,9:38:19.231033083,T,302.68,40,303.4,40,IBM
2025-11-05,9:38:19.237553627,T,302.29,200,303.4,40,IBM
2025-11-05,9:38:19.256308299,T,302.68,40,303.4,40,IBM
2025-11-05,9:38:19.540850578,T,302.29,200,303.4,40,IBM
2025-11-05,9:38:23.164041052,T,302.29,200,303.07,40,IBM
2025-11-05,9:38:23.166657517,T,302.29,200,303.4,40,IBM
2025-11-05,9:38:30.069390172,T,302.29,200,303.34,40,IBM
2025-11-05,9:38:30.070021609,T,302.29,160,303.34,40,IBM
2025-11-05,9:38:30.070021609,T,302.29,160,303.27,40,IBM
2025-11-05,9:38:30.070026686,T,302.29,160,302.99,40,IBM
2025-11-05,9:38:30.070046673,T,302.29,160,302.98,40,IBM
2025-11-05,9:38:30.070297332,T,302.29,160,302.98,80,IBM
2025-11-05,9:38:30.070332451,T,302.29,160,302.84,40,IBM
2025-11-05,9:38:30.070628127,T,302.29,160,302.83,40,IBM
2025-11-05,9:38:30.072858525,T,302.29,160,302.84,40,IBM
2025-11-05,9:38:30.210992272,T,302.29,160,303.29,40,IBM
2025-11-05,9:38:30.316297903,T,302.29,160,303.34,80,IBM
2025-11-05,9:38:30.544576463,T,302.2,40,303.34,80,IBM
2025-11-05,9:38:31.029716540,T,302.2,40,303.29,40,IBM
2025-11-05,9:38:33.547665522,T,302.2,40,303.18,40,IBM
2025-11-05,9:38:33.547695602,T,302.18,40,303.18,40,IBM
2025-11-05,9:38:33.982089787,T,302.18,40,303.29,40,IBM
2025-11-05,9:38:34.007174599,T,302.18,40,303.18,40,IBM
2025-11-05,9:38:34.324485072,T,302.18,40,303.29,40,IBM
2025-11-05,9:38:34.942746928,T,302.18,40,303.05,40,IBM
2025-11-05,9:38:34.943032681,T,302.18,40,302.83,40,IBM
2025-11-05,9:38:34.943243118,T,302.18,40,302.83,80,IBM
2025-11-05,9:38:34.943744298,T,302.18,40,302.83,40,IBM
2025-11-05,9:38:34.943744298,T,302.18,40,302.69,40,IBM
2025-11-05,9:38:34.943874641,T,302.16,40,302.69,40,IBM
2025-11-05,9:38:34.944055073,T,302.15,40,302.69,40,IBM
2025-11-05,9:38:34.944065103,T,302.15,40,302.62,40,IBM
2025-11-05,9:38:34.944521116,T,302.09,160,302.62,40,IBM
2025-11-05,9:38:34.947813972,T,302.09,160,302.69,40,IBM
2025-11-05,9:38:35.517981369,T,302.09,160,302.69,80,IBM
2025-11-05,9:38:35.580364846,T,302.09,160,302.69,120,IBM
2025-11-05,9:38:37.626866715,T,302.09,160,302.62,40,IBM
2025-11-05,9:38:37.626866715,T,302.09,160,302.55,40,IBM
2025-11-05,9:38:37.627142348,T,302.08,40,302.55,40,IBM
2025-11-05,9:38:37.627984405,T,302.08,40,302.61,40,IBM
2025-11-05,9:38:37.630320013,T,302.08,40,302.55,40,IBM
2025-11-05,9:38:38.006184792,T,302.08,40,302.69,40,IBM
2025-11-05,9:38:38.264945811,T,302.08,40,302.96,40,IBM
2025-11-05,9:38:38.264945811,T,302.08,40,302.54,40,IBM
2025-11-05,9:38:38.513071487,T,302.08,40,302.96,40,IBM
2025-11-05,9:38:39.299182816,T,302.11,40,302.96,40,IBM
2025-11-05,9:38:40.489697048,T,302.11,40,302.75,40,IBM
2025-11-05,9:38:41.311162624,T,302.08,40,302.75,40,IBM
2025-11-05,9:38:43.600081699,T,302.08,40,302.53,40,IBM
2025-11-05,9:38:43.602843280,T,302.08,40,302.75,40,IBM
2025-11-05,9:38:43.602933472,T,302.08,40,302.54,40,IBM
2025-11-05,9:38:43.603144007,T,302.08,40,302.54,80,IBM
2025-11-05,9:38:48.350150004,T,302.08,40,302.54,40,IBM
2025-11-05,9:38:48.356956140,T,302.08,40,302.75,40,IBM
2025-11-05,9:38:48.616794733,T,302.16,40,302.75,40,IBM
2025-11-05,9:38:48.617596696,T,302.08,40,302.75,40,IBM
2025-11-05,9:38:48.618774453,T,302.15,40,302.75,40,IBM
2025-11-05,9:38:48.618799524,T,302.16,40,302.75,40,IBM
2025-11-05,9:38:48.922206829,T,302.15,40,302.75,40,IBM
2025-11-05,9:38:57.381630785,T,302.15,40,302.96,40,IBM
2025-11-05,9:38:57.381660867,T,302.15,40,302.92,40,IBM
2025-11-05,9:39:05.314716679,T,302.16,40,302.92,40,IBM
2025-11-05,9:39:07.309771326,T,302.15,40,302.92,40,IBM
2025-11-05,9:39:11.201686619,T,302.16,40,302.92,40,IBM
2025-11-05,9:39:12.897849658,T,302.31,40,302.92,40,IBM
2025-11-05,9:39:12.897879754,T,302.44,40,302.92,40,IBM
2025-11-05,9:39:12.907051536,T,302.35,40,302.92,40,IBM
2025-11-05,9:39:13.018030973,T,302.36,40,302.92,40,IBM
2025-11-05,9:39:13.018035765,T,302.45,40,302.92,40,IBM
2025-11-05,9:39:13.018306391,T,302.36,40,302.92,40,IBM
2025-11-05,9:39:13.018306391,T,302.56,40,302.92,40,IBM
2025-11-05,9:39:13.038424335,T,302.31,40,302.92,40,IBM
2025-11-05,9:39:13.038574714,T,302.56,40,302.92,40,IBM
2025-11-05,9:39:13.078624999,T,302.31,40,302.92,40,IBM
2025-11-05,9:39:13.905192803,T,302.35,40,302.92,40,IBM
2025-11-05,9:39:15.423402148,T,302.54,40,302.92,40,IBM
2025-11-05,9:39:15.423612576,T,302.54,80,302.92,40,IBM
2025-11-05,9:39:19.333475715,T,302.57,40,302.92,40,IBM
2025-11-05,9:39:19.333866633,T,302.69,40,302.92,40,IBM
2025-11-05,9:39:19.334613443,T,302.57,40,302.92,40,IBM
2025-11-05,9:39:19.334748711,T,302.69,40,302.92,40,IBM
2025-11-05,9:39:19.348837318,T,302.69,80,302.92,40,IBM
2025-11-05,9:39:19.452002927,T,302.69,40,302.92,40,IBM
2025-11-05,9:39:21.131757070,T,302.31,40,302.92,40,IBM
2025-11-05,9:39:21.306187286,T,302.35,40,302.92,40,IBM
2025-11-05,9:39:25.314093711,T,302.31,40,302.92,40,IBM
2025-11-05,9:39:27.309564153,T,302.35,40,302.92,40,IBM
2025-11-05,9:39:27.637780535,T,302.36,40,302.92,40,IBM
2025-11-05,9:39:28.687654920,T,302.36,40,302.92,80,IBM
2025-11-05,9:39:28.696551107,T,302.36,40,302.92,40,IBM
2025-11-05,9:39:31.312108051,T,302.65,40,302.92,40,IBM
2025-11-05,9:39:32.639122163,T,302.7,40,302.92,40,IBM
2025-11-05,9:39:36.455692994,T,302.7,40,303.16,160,IBM
2025-11-05,9:39:36.455718154,T,302.7,80,303.16,160,IBM
2025-11-05,9:39:36.455728374,T,302.71,40,303.16,160,IBM
2025-11-05,9:39:36.456008816,T,302.71,80,303.16,160,IBM
2025-11-05,9:39:36.458068712,T,302.71,80,303.29,40,IBM
2025-11-05,9:39:36.458113758,T,302.71,80,303.37,160,IBM
2025-11-05,9:39:36.458148873,T,302.71,80,303.37,200,IBM
2025-11-05,9:39:36.463286169,T,302.71,40,303.37,200,IBM
2025-11-05,9:39:36.649053394,T,302.7,80,303.37,200,IBM
2025-11-05,9:39:36.649053394,T,302.88,40,303.37,200,IBM
2025-11-05,9:39:36.649168957,T,302.88,40,303.37,160,IBM
2025-11-05,9:39:36.767359988,T,302.7,80,303.37,160,IBM
2025-11-05,9:39:36.835036124,T,302.7,40,303.37,160,IBM
2025-11-05,9:39:42.697447497,T,302.45,160,303.37,160,IBM
2025-11-05,9:39:43.314626677,T,302.9,40,303.37,160,IBM
2025-11-05,9:39:43.315047704,T,302.9,40,303.4,40,IBM
2025-11-05,9:39:43.315288272,T,302.9,40,303.44,40,IBM
2025-11-05,9:39:43.315383542,T,302.58,40,303.44,40,IBM
2025-11-05,9:39:43.315383542,T,303.07,40,303.44,40,IBM
2025-11-05,9:39:43.315994934,T,302.58,40,303.44,40,IBM
2025-11-05,9:39:43.316200400,T,303.07,40,303.44,40,IBM
2025-11-05,9:39:43.324044140,T,302.58,40,303.44,40,IBM
2025-11-05,9:39:43.332038093,T,302.47,40,303.44,40,IBM
2025-11-05,9:39:47.085944897,T,302.47,40,303.23,40,IBM
2025-11-05,9:39:47.318538576,T,302.7,40,303.23,40,IBM
2025-11-05,9:39:47.885964366,T,302.47,40,303.23,40,IBM
2025-11-05,9:39:47.885994888,T,302.45,160,303.23,40,IBM
2025-11-05,9:39:47.886024586,T,302.45,160,303.16,40,IBM
2025-11-05,9:39:47.886841522,T,302.45,160,303.23,40,IBM
2025-11-05,9:39:47.886876565,T,302.45,160,303.23,80,IBM
2025-11-05,9:39:48.425935085,T,302.45,160,303.22,40,IBM
2025-11-05,9:39:48.425935085,T,302.45,160,303.22,80,IBM
2025-11-05,9:39:48.425939913,T,302.45,160,303.17,40,IBM
2025-11-05,9:39:48.425954930,T,302.45,160,303.06,40,IBM
2025-11-05,9:39:48.526253691,T,302.45,160,303.22,40,IBM
2025-11-05,9:39:52.562111996,T,302.45,160,303.05,40,IBM
2025-11-05,9:39:52.562126837,T,302.45,160,303.05,80,IBM
2025-11-05,9:39:52.562768360,T,302.45,160,302.89,40,IBM
2025-11-05,9:39:52.562883625,T,302.45,160,303.05,80,IBM
2025-11-05,9:39:52.562938757,T,302.45,160,302.89,40,IBM
2025-11-05,9:39:52.562988884,T,302.35,40,302.89,40,IBM
2025-11-05,9:39:52.662335357,T,302.35,40,303.22,40,IBM
2025-11-05,9:39:55.312273714,T,302.44,40,303.22,40,IBM
2025-11-05,9:39:55.312303748,T,302.58,40,303.22,40,IBM
2025-11-05,9:39:55.495915932,T,302.44,40,303.22,40,IBM
2025-11-05,9:39:56.358283925,T,302.44,40,303.22,200,IBM
2025-11-05,9:39:58.323938430,T,302.35,40,303.22,200,IBM
2025-11-05,9:40:00.755156432,T,302.31,40,303.22,200,IBM
2025-11-05,9:40:00.755196583,T,302.31,40,302.73,40,IBM
2025-11-05,9:40:00.755216912,T,302.28,160,302.73,40,IBM
2025-11-05,9:40:00.755216912,T,302.28,160,303.22,160,IBM
2025-11-05,9:40:00.755221572,T,302.28,160,302.64,40,IBM
2025-11-05,9:40:00.756178899,T,302.28,160,302.64,80,IBM
2025-11-05,9:40:00.756549749,T,302.28,200,302.64,80,IBM
2025-11-05,9:40:00.761942543,T,302.28,200,302.64,40,IBM
2025-11-05,9:40:00.765385823,T,302.28,40,302.64,40,IBM
2025-11-05,9:40:00.847421073,T,302.28,40,302.63,40,IBM
2025-11-05,9:40:00.857159283,T,302.28,40,302.64,40,IBM
2025-11-05,9:40:00.857179275,T,302.28,40,302.9,40,IBM
2025-11-05,9:40:00.911463494,T,302.28,40,302.96,40,IBM
2025-11-05,9:40:01.280637463,T,302.28,40,302.63,40,IBM
2025-11-05,9:40:01.391215609,T,302.28,40,302.96,40,IBM
2025-11-05,9:40:01.433486333,T,302.29,40,302.96,40,IBM
2025-11-05,9:40:01.433531414,T,302.29,80,302.96,40,IBM
2025-11-05,9:40:01.433982452,T,302.29,120,302.96,40,IBM
2025-11-05,9:40:01.512444211,T,302.29,80,302.96,40,IBM
2025-11-05,9:40:06.328289115,T,302.29,120,302.96,40,IBM
2025-11-05,9:40:06.331592006,T,302.3,40,302.96,40,IBM
2025-11-05,9:40:06.331637111,T,302.3,80,302.96,40,IBM
2025-11-05,9:40:06.340082110,T,302.3,80,303.03,200,IBM
2025-11-05,9:40:06.484140055,T,302.3,40,303.03,200,IBM
2025-11-05,9:40:08.507266800,T,302.31,40,303.03,200,IBM
2025-11-05,9:40:08.507316580,T,302.31,80,303.03,200,IBM
2025-11-05,9:40:08.507331726,T,302.31,40,303.03,200,IBM
2025-11-05,9:40:08.507356681,T,302.46,40,303.03,200,IBM
2025-11-05,9:40:08.507617314,T,302.47,40,303.03,200,IBM
2025-11-05,9:40:08.507657420,T,302.47,80,303.03,200,IBM
2025-11-05,9:40:08.507717572,T,302.47,80,303.03,160,IBM
2025-11-05,9:40:08.508419189,T,302.47,40,303.03,160,IBM
2025-11-05,9:40:08.565229449,T,302.47,40,303.27,40,IBM
2025-11-05,9:40:08.565234428,T,302.47,40,303.21,160,IBM
2025-11-05,9:40:08.812463006,T,302.47,40,303.06,40,IBM
2025-11-05,9:40:08.813335126,T,302.47,80,303.06,40,IBM
2025-11-05,9:40:08.813355127,T,302.31,40,303.06,40,IBM
2025-11-05,9:40:08.813380275,T,302.48,40,303.06,40,IBM
2025-11-05,9:40:09.055311211,T,302.48,40,303.21,160,IBM
2025-11-05,9:40:09.309130492,T,302.48,40,303.17,40,IBM
2025-11-05,9:40:09.566448047,T,302.48,40,303.21,160,IBM
2025-11-05,9:40:09.566798865,T,302.48,40,303.36,40,IBM
2025-11-05,9:40:09.567079502,T,302.48,40,303.34,160,IBM
2025-11-05,9:40:09.567109560,T,302.48,40,303.24,40,IBM
2025-11-05,9:40:09.829123321,T,302.48,40,303.34,160,IBM
2025-11-05,9:40:09.829203637,T,302.48,40,303.25,40,IBM
2025-11-05,9:40:10.500561747,T,302.48,40,303.34,160,IBM
2025-11-05,9:40:10.501163199,T,302.48,40,303.24,40,IBM
2025-11-05,9:40:10.804400164,T,302.48,40,303.34,160,IBM
2025-11-05,9:40:11.323165459,T,302.48,40,303.24,40,IBM
2025-11-05,9:40:17.171312585,T,302.48,40,303.34,160,IBM
2025-11-05,9:40:17.171312585,T,302.5,40,303.34,160,IBM
2025-11-05,9:40:17.171357686,T,302.5,80,303.34,160,IBM
2025-11-05,9:40:17.176083921,T,302.5,120,303.34,160,IBM
2025-11-05,9:40:17.176118962,T,302.51,40,303.34,160,IBM
2025-11-05,9:40:17.176179116,T,302.51,80,303.34,160,IBM
2025-11-05,9:40:17.176229287,T,302.51,40,303.34,160,IBM
2025-11-05,9:40:19.020329326,T,302.5,40,303.34,160,IBM
2025-11-05,9:40:19.020354418,T,302.53,40,303.34,160,IBM
2025-11-05,9:40:20.508251578,T,302.53,40,302.98,40,IBM
2025-11-05,9:40:20.839119284,T,302.53,40,303.34,160,IBM
2025-11-05,9:40:22.905949553,T,302.54,40,303.34,160,IBM
2025-11-05,9:40:22.905974582,T,302.47,40,303.34,160,IBM
2025-11-05,9:40:22.905974582,T,302.74,40,303.34,160,IBM
2025-11-05,9:40:22.905989574,T,302.74,80,303.34,160,IBM
2025-11-05,9:40:22.906626163,T,302.74,40,303.34,160,IBM
2025-11-05,9:40:25.427838279,T,302.36,40,303.34,160,IBM
2025-11-05,9:40:25.427858257,T,302.75,40,303.34,160,IBM
2025-11-05,9:40:25.428670196,T,302.75,160,303.34,160,IBM
2025-11-05,9:40:26.327284489,T,302.75,80,303.34,160,IBM
2025-11-05,9:40:26.327309585,T,302.77,40,303.34,160,IBM
2025-11-05,9:40:26.844570909,T,302.77,40,303.2,40,IBM
2025-11-05,9:40:28.763669685,T,302.77,80,303.2,40,IBM
2025-11-05,9:40:30.815268733,T,302.77,80,303.2,80,IBM
2025-11-05,9:40:33.431677411,T,302.77,80,303.2,40,IBM
2025-11-05,9:40:33.432038286,T,302.77,80,303.2,80,IBM
2025-11-05,9:40:34.540426968,T,302.77,40,303.2,80,IBM
2025-11-05,9:40:34.540432040,T,302.75,80,303.2,80,IBM
2025-11-05,9:40:34.540452017,T,302.75,80,302.78,80,IBM
2025-11-05,9:40:34.540472129,T,302.46,40,302.78,80,IBM
2025-11-05,9:40:34.540477176,T,302.46,40,302.99,40,IBM
2025-11-05,9:40:34.540502528,T,302.46,40,303.19,40,IBM
2025-11-05,9:40:34.540507215,T,302.5,40,303.19,40,IBM
2025-11-05,9:40:34.540547312,T,302.5,40,303.12,40,IBM
2025-11-05,9:40:34.540577619,T,302.5,40,302.99,40,IBM
2025-11-05,9:40:34.540958225,T,302.5,40,303.12,40,IBM
2025-11-05,9:40:34.540963288,T,302.5,40,302.99,40,IBM
2025-11-05,9:40:34.540983362,T,302.5,40,303.12,40,IBM
2025-11-05,9:40:34.541008381,T,302.5,40,303.19,40,IBM
2025-11-05,9:40:34.541103617,T,302.5,40,303.15,160,IBM
2025-11-05,9:40:34.541243996,T,302.47,40,303.15,160,IBM
2025-11-05,9:40:34.541279076,T,302.59,80,303.15,160,IBM
2025-11-05,9:40:34.541289043,T,302.59,120,303.15,160,IBM
2025-11-05,9:40:34.542617223,T,302.59,120,303.15,200,IBM
2025-11-05,9:40:34.545809803,T,302.59,120,303.15,160,IBM
2025-11-05,9:40:34.548315799,T,302.59,120,302.99,40,IBM
2025-11-05,9:40:34.573871678,T,302.59,120,303.15,160,IBM
2025-11-05,9:40:34.573871678,T,302.59,120,302.8,40,IBM
2025-11-05,9:40:34.574011947,T,302.59,40,302.8,40,IBM
2025-11-05,9:40:34.574021957,T,302.47,40,302.8,40,IBM
2025-11-05,9:40:34.574047100,T,302.3,40,302.8,40,IBM
2025-11-05,9:40:34.574107228,T,302.27,160,302.8,40,IBM
2025-11-05,9:40:34.584822694,T,302.27,160,302.79,40,IBM
2025-11-05,9:40:34.602289282,T,302.27,160,302.8,40,IBM
2025-11-05,9:40:34.755198267,T,302.3,40,302.8,40,IBM
2025-11-05,9:40:34.764936438,T,302.27,120,302.8,40,IBM
2025-11-05,9:40:35.421524549,T,302.27,120,303.15,200,IBM
2025-11-05,9:40:36.764712202,T,302.27,160,303.15,200,IBM
2025-11-05,9:40:47.525324499,T,302.27,160,303.09,40,IBM
2025-11-05,9:40:47.525349581,T,302.27,160,303.15,200,IBM
2025-11-05,9:40:49.843563424,T,302.28,80,303.15,200,IBM
2025-11-05,9:40:49.843573402,T,302.28,160,303.15,200,IBM
2025-11-05,9:40:54.929085516,T,302.28,160,302.99,40,IBM
2025-11-05,9:40:54.929090319,T,302.28,160,302.78,40,IBM
2025-11-05,9:40:54.929095351,T,302.28,160,302.78,80,IBM
2025-11-05,9:40:54.930167994,T,302.28,160,302.78,40,IBM
2025-11-05,9:40:55.309100144,T,302.28,120,302.78,40,IBM
2025-11-05,9:40:55.325308649,T,302.28,160,302.78,40,IBM
2025-11-05,9:40:58.331911157,T,302.28,120,302.78,40,IBM
2025-11-05,9:41:01.406014582,T,302.28,80,302.78,40,IBM
2025-11-05,9:41:02.600298095,T,302.28,80,302.98,160,IBM
2025-11-05,9:41:02.600578543,T,302.3,40,302.98,160,IBM
2025-11-05,9:41:02.600889300,T,302.28,80,302.98,160,IBM
2025-11-05,9:41:02.600889300,T,302.43,40,302.98,160,IBM
2025-11-05,9:41:02.600909291,T,302.43,40,302.79,80,IBM
2025-11-05,9:41:02.601210086,T,302.43,40,302.79,200,IBM
2025-11-05,9:41:02.601235125,T,302.28,80,302.79,200,IBM
2025-11-05,9:41:02.601671175,T,302.43,80,302.79,200,IBM
2025-11-05,9:41:02.603600696,T,302.25,40,302.79,200,IBM
2025-11-05,9:41:02.603610800,T,302.16,40,302.79,200,IBM
2025-11-05,9:41:02.663257733,T,302.16,40,302.57,80,IBM
2025-11-05,9:41:02.663257733,T,302.16,40,302.57,200,IBM
2025-11-05,9:41:02.663337983,T,302.17,40,302.57,200,IBM
2025-11-05,9:41:02.663368006,T,302.29,40,302.57,200,IBM
2025-11-05,9:41:02.663964514,T,302.17,40,302.57,200,IBM
2025-11-05,9:41:02.694858053,T,302.29,40,302.57,200,IBM
2025-11-05,9:41:02.767340595,T,302.17,40,302.57,200,IBM
2025-11-05,9:41:02.767415753,T,302.29,80,302.57,200,IBM
2025-11-05,9:41:03.378901454,T,302.29,80,302.57,80,IBM
2025-11-05,9:41:03.378901454,T,302.3,40,302.57,80,IBM
2025-11-05,9:41:03.378921529,T,302.3,40,302.98,160,IBM
2025-11-05,9:41:03.378926548,T,302.29,80,302.98,160,IBM
2025-11-05,9:41:03.378931519,T,302.43,40,302.98,160,IBM
2025-11-05,9:41:03.379773530,T,302.43,120,302.98,160,IBM
2025-11-05,9:41:03.379828673,T,302.43,80,302.98,160,IBM
2025-11-05,9:41:03.388434172,T,302.43,80,302.79,40,IBM
2025-11-05,9:41:03.664877307,T,302.43,80,302.98,160,IBM
2025-11-05,9:41:04.949054280,T,302.44,40,302.98,160,IBM
2025-11-05,9:41:04.975356942,T,302.43,80,302.98,160,IBM
2025-11-05,9:41:05.226073707,T,302.44,40,302.98,160,IBM
2025-11-05,9:41:05.338205663,T,302.43,80,302.98,160,IBM
2025-11-05,9:41:06.140786505,T,302.44,40,302.98,160,IBM
2025-11-05,9:41:06.143793649,T,302.43,80,302.98,160,IBM
2025-11-05,9:41:06.515288130,T,302.44,40,302.98,160,IBM
2025-11-05,9:41:06.670261939,T,302.43,80,302.98,160,IBM
2025-11-05,9:41:07.337796091,T,302.44,40,302.98,160,IBM
2025-11-05,9:41:07.787691985,T,302.43,80,302.98,160,IBM
2025-11-05,9:41:08.040253258,T,302.44,40,302.98,160,IBM
2025-11-05,9:41:08.623777722,T,302.43,80,302.98,160,IBM
2025-11-05,9:41:13.520750442,T,302.43,80,302.73,40,IBM
2025-11-05,9:41:13.520845853,T,302.43,120,302.73,40,IBM
2025-11-05,9:41:13.525962932,T,302.43,120,302.98,160,IBM
2025-11-05,9:41:13.528463802,T,302.43,120,302.74,40,IBM
2025-11-05,9:41:14.800722666,T,302.43,120,302.98,160,IBM
2025-11-05,9:41:18.966209241,T,302.44,40,302.98,160,IBM
2025-11-05,9:41:18.967863199,T,302.44,120,302.98,160,IBM
2025-11-05,9:41:19.080691736,T,302.44,80,302.98,160,IBM
2025-11-05,9:41:24.527619075,T,302.44,80,302.84,40,IBM
2025-11-05,9:41:25.584124215,T,302.44,80,302.73,40,IBM
2025-11-05,9:41:25.584154694,T,302.43,40,302.73,40,IBM
2025-11-05,9:41:25.584164377,T,302.43,40,302.73,80,IBM
2025-11-05,9:41:25.584164377,T,302.43,40,302.73,120,IBM
2025-11-05,9:41:25.584184319,T,302.43,40,302.68,40,IBM
2025-11-05,9:41:25.584254565,T,302.15,200,302.68,40,IBM
2025-11-05,9:41:25.584369808,T,302.15,200,302.59,40,IBM
2025-11-05,9:41:25.584380057,T,302.15,200,302.58,40,IBM
2025-11-05,9:41:25.584971400,T,302.15,200,302.59,80,IBM
2025-11-05,9:41:25.585016351,T,302.15,200,302.59,40,IBM
2025-11-05,9:41:25.585126586,T,302.15,200,302.72,40,IBM
2025-11-05,9:41:25.585217099,T,302.15,200,302.73,160,IBM
2025-11-05,9:41:25.585532542,T,302.29,40,302.73,160,IBM
2025-11-05,9:41:25.586294452,T,302.15,240,302.73,160,IBM
2025-11-05,9:41:25.589201264,T,302.15,200,302.73,160,IBM
2025-11-05,9:41:25.594508902,T,302.15,200,302.73,120,IBM
2025-11-05,9:41:25.594519009,T,302.15,200,302.73,80,IBM
2025-11-05,9:41:25.594519009,T,302.15,200,302.73,40,IBM
2025-11-05,9:41:25.594829665,T,302.15,200,302.73,80,IBM
2025-11-05,9:41:25.596102784,T,302.15,200,302.73,40,IBM
2025-11-05,9:41:25.605244548,T,302.15,200,302.75,40,IBM
2025-11-05,9:41:25.605269614,T,302.15,200,302.84,40,IBM
2025-11-05,9:41:25.612782418,T,302.15,200,302.77,40,IBM
2025-11-05,9:41:25.632589560,T,302.15,200,302.84,40,IBM
2025-11-05,9:41:25.644292411,T,302.15,200,302.77,40,IBM
2025-11-05,9:41:25.684212453,T,302.15,200,302.84,40,IBM
2025-11-05,9:41:25.684232592,T,302.15,200,302.89,40,IBM
2025-11-05,9:41:25.691239236,T,302.16,40,302.89,40,IBM
2025-11-05,9:41:25.691269285,T,302.15,200,302.89,40,IBM
2025-11-05,9:41:25.695293871,T,302.15,200,302.93,40,IBM
2025-11-05,9:41:26.324376573,T,302.38,40,302.93,40,IBM
2025-11-05,9:41:26.335878960,T,302.15,200,302.93,40,IBM
2025-11-05,9:41:29.604109503,T,302.16,40,302.93,40,IBM
2025-11-05,9:41:38.801209573,T,302.15,40,302.93,40,IBM
2025-11-05,9:41:38.801234695,T,302.15,40,302.84,40,IBM
2025-11-05,9:41:38.801234695,T,302.15,40,302.57,40,IBM
2025-11-05,9:41:38.801249793,T,302.15,40,302.52,40,IBM
2025-11-05,9:41:38.876343382,T,302.15,40,302.52,80,IBM
2025-11-05,9:41:39.264863284,T,302.15,40,302.52,40,IBM
2025-11-05,9:41:40.786475840,T,302.15,80,302.52,40,IBM
2025-11-05,9:41:47.313644521,T,302.15,40,302.52,40,IBM
2025-11-05,9:41:47.746139456,T,302.16,40,302.52,40,IBM
2025-11-05,9:41:47.746159332,T,302.23,40,302.52,40,IBM
2025-11-05,9:41:47.746279549,T,302.23,40,302.82,160,IBM
2025-11-05,9:41:47.746304561,T,302.33,40,302.82,160,IBM
2025-11-05,9:41:47.746334697,T,302.34,40,302.82,160,IBM
2025-11-05,9:41:47.758273075,T,302.34,80,302.82,160,IBM
2025-11-05,9:41:47.797090504,T,302.34,120,302.82,160,IBM
2025-11-05,9:41:47.797115637,T,302.34,80,302.82,160,IBM
2025-11-05,9:41:47.797125663,T,302.45,40,302.82,160,IBM
2025-11-05,9:41:47.797336067,T,302.45,40,302.89,40,IBM
2025-11-05,9:41:47.804392861,T,302.33,40,302.89,40,IBM
2025-11-05,9:41:47.804413010,T,302.17,40,302.89,40,IBM
2025-11-05,9:41:47.846172332,T,302.16,40,302.89,40,IBM
2025-11-05,9:41:47.846357828,T,302.15,40,302.89,40,IBM
2025-11-05,9:41:56.775249232,T,302.15,40,302.93,40,IBM
2025-11-05,9:41:56.775269343,T,302.15,40,302.84,40,IBM
2025-11-05,9:41:56.775294367,T,302.15,40,302.93,40,IBM
2025-11-05,9:41:56.823769696,T,302.45,40,302.93,40,IBM
2025-11-05,9:41:56.823980471,T,302.45,80,302.93,40,IBM
2025-11-05,9:41:56.824105674,T,302.45,120,302.93,40,IBM
2025-11-05,9:41:56.824110556,T,302.45,80,302.93,40,IBM
2025-11-05,9:41:56.824316045,T,302.55,40,302.93,40,IBM
2025-11-05,9:41:56.825619131,T,302.45,40,302.93,40,IBM
2025-11-05,9:41:56.825619131,T,302.7,40,302.93,40,IBM
2025-11-05,9:41:56.825704377,T,302.7,40,302.99,160,IBM
2025-11-05,9:41:56.825809612,T,302.7,40,302.93,40,IBM
2025-11-05,9:41:56.826200542,T,302.7,40,302.99,160,IBM
2025-11-05,9:41:56.826225626,T,302.7,40,302.84,40,IBM
2025-11-05,9:41:56.834169514,T,302.23,40,302.84,40,IBM
2025-11-05,9:41:58.014258858,T,302.28,200,302.84,40,IBM
2025-11-05,9:41:58.014288881,T,302.28,240,302.84,40,IBM
2025-11-05,9:42:02.492625386,T,302.28,200,302.84,40,IBM
2025-11-05,9:42:02.492645483,T,302.28,200,303.2,160,IBM
2025-11-05,9:42:02.492650477,T,302.28,200,303.19,40,IBM
2025-11-05,9:42:02.492660442,T,302.28,200,302.83,40,IBM
2025-11-05,9:42:02.492670522,T,302.28,200,302.72,40,IBM
2025-11-05,9:42:02.492800774,T,302.28,200,302.83,40,IBM
2025-11-05,9:42:02.492825860,T,302.28,200,302.7,40,IBM
2025-11-05,9:42:02.492976189,T,302.46,40,302.7,40,IBM
2025-11-05,9:42:02.492981176,T,302.46,40,302.83,40,IBM
2025-11-05,9:42:02.493011363,T,302.46,40,303.2,160,IBM
2025-11-05,9:42:02.493221850,T,302.46,80,303.2,160,IBM
2025-11-05,9:42:02.493537491,T,302.46,40,303.2,160,IBM
2025-11-05,9:42:02.493567579,T,302.46,40,302.83,40,IBM
2025-11-05,9:42:02.494825661,T,302.46,40,303.2,160,IBM
2025-11-05,9:42:02.503446084,T,302.45,40,303.2,160,IBM
2025-11-05,9:42:02.593490549,T,302.28,200,303.2,160,IBM
2025-11-05,9:42:03.119477631,T,302.28,240,303.2,160,IBM
2025-11-05,9:42:13.070292201,T,302.28,240,303.19,40,IBM
2025-11-05,9:42:15.632271270,T,302.28,240,303.2,160,IBM
2025-11-05,9:42:15.632306353,T,302.51,40,303.2,160,IBM
2025-11-05,9:42:15.685828780,T,302.51,40,303.19,40,IBM
2025-11-05,9:42:16.350345681,T,302.51,40,303.09,40,IBM
2025-11-05,9:42:16.350451010,T,302.51,40,303.19,40,IBM
2025-11-05,9:42:16.419059293,T,302.51,40,303.2,160,IBM
2025-11-05,9:42:16.491426539,T,302.28,240,303.2,160,IBM
2025-11-05,9:42:19.299867463,T,302.28,240,303.19,40,IBM
2025-11-05,9:42:19.300002840,T,302.28,200,303.19,40,IBM
2025-11-05,9:42:19.368581093,T,302.28,200,303.2,160,IBM
2025-11-05,9:42:21.328466845,T,302.28,200,302.85,40,IBM
2025-11-05,9:42:21.328897886,T,302.28,200,302.85,80,IBM
2025-11-05,9:42:21.328973002,T,302.28,200,302.85,120,IBM
2025-11-05,9:42:21.979727256,T,302.28,200,302.85,80,IBM
2025-11-05,9:42:22.158548030,T,302.28,200,302.85,120,IBM
2025-11-05,9:42:22.968581388,T,302.28,200,302.85,80,IBM
2025-11-05,9:42:22.971453224,T,302.28,200,302.85,120,IBM
2025-11-05,9:42:23.248197070,T,302.28,200,302.85,80,IBM
2025-11-05,9:42:26.564000849,T,302.28,200,302.85,120,IBM
2025-11-05,9:42:27.191624995,T,302.28,200,302.85,80,IBM
2025-11-05,9:42:27.280110538,T,302.28,200,302.85,40,IBM
2025-11-05,9:42:27.280486477,T,302.28,200,302.85,80,IBM
2025-11-05,9:42:27.280626833,T,302.28,200,302.85,40,IBM
2025-11-05,9:42:33.353849992,T,302.28,200,302.85,80,IBM
2025-11-05,9:42:33.353849992,T,302.28,200,302.84,40,IBM
2025-11-05,9:42:33.353854975,T,302.28,200,302.84,80,IBM
2025-11-05,9:42:33.353890097,T,302.28,200,302.72,40,IBM
2025-11-05,9:42:33.354376431,T,302.28,200,302.64,40,IBM
2025-11-05,9:42:33.354376431,T,302.28,200,302.64,80,IBM
2025-11-05,9:42:33.354621863,T,302.15,40,302.64,80,IBM
2025-11-05,9:42:33.367001262,T,302.15,40,302.64,120,IBM
2025-11-05,9:42:33.373336416,T,302.3,80,302.64,120,IBM
2025-11-05,9:42:33.373356470,T,302.3,120,302.64,120,IBM
2025-11-05,9:42:33.373381448,T,302.3,120,302.64,80,IBM
2025-11-05,9:42:34.210053232,T,302.3,120,302.64,40,IBM
2025-11-05,9:42:34.210108424,T,302.3,120,302.86,40,IBM
2025-11-05,9:42:34.210108424,T,302.3,120,302.99,40,IBM
2025-11-05,9:42:34.210123446,T,302.3,160,302.99,40,IBM
2025-11-05,9:42:34.210143460,T,302.45,40,302.99,40,IBM
2025-11-05,9:42:34.310151612,T,302.16,40,302.99,40,IBM
2025-11-05,9:42:34.312487087,T,302.3,80,302.99,40,IBM
2025-11-05,9:42:34.312517197,T,302.3,120,302.99,40,IBM
2025-11-05,9:42:34.475009087,T,302.39,80,302.99,40,IBM
2025-11-05,9:42:40.042257562,T,302.46,40,302.99,40,IBM
2025-11-05,9:42:40.043064446,T,302.46,120,302.99,40,IBM
2025-11-05,9:42:40.045014195,T,302.46,120,303.19,40,IBM
2025-11-05,9:42:40.045610511,T,302.46,120,303.2,160,IBM
2025-11-05,9:42:40.090953454,T,302.46,160,303.2,160,IBM
2025-11-05,9:42:40.091590266,T,302.46,120,303.2,160,IBM
2025-11-05,9:42:40.091590266,T,302.62,40,303.2,160,IBM
2025-11-05,9:42:40.092377008,T,302.62,120,303.2,160,IBM
2025-11-05,9:42:40.179454208,T,302.62,200,303.2,160,IBM
2025-11-05,9:42:40.282669928,T,302.62,160,303.2,160,IBM
2025-11-05,9:42:52.702477750,T,302.62,80,303.2,160,IBM
2025-11-05,9:42:52.702477750,T,302.62,40,303.2,160,IBM
2025-11-05,9:42:52.702502146,T,302.26,160,303.2,160,IBM
2025-11-05,9:42:52.702512094,T,302.26,160,303.19,40,IBM
2025-11-05,9:42:52.702522135,T,302.26,160,302.85,40,IBM
2025-11-05,9:42:52.702537441,T,302.26,160,302.84,40,IBM
2025-11-05,9:42:52.702732638,T,302.26,160,302.8,40,IBM
2025-11-05,9:42:52.702963454,T,302.26,160,302.73,40,IBM
2025-11-05,9:42:52.703303960,T,302.26,160,302.86,40,IBM
2025-11-05,9:42:52.703334076,T,302.26,160,302.73,40,IBM
2025-11-05,9:42:52.703339189,T,302.26,160,302.64,40,IBM
2025-11-05,9:42:52.703364107,T,302.46,40,302.64,40,IBM
2025-11-05,9:42:52.703374358,T,302.26,160,302.64,40,IBM
2025-11-05,9:42:52.703374358,T,302.26,160,302.73,40,IBM
2025-11-05,9:42:52.703394268,T,302.46,40,302.73,40,IBM
2025-11-05,9:42:52.703554640,T,302.45,40,302.73,40,IBM
2025-11-05,9:42:52.703559598,T,302.26,160,302.73,40,IBM
2025-11-05,9:42:52.703609752,T,302.26,160,302.72,40,IBM
2025-11-05,9:42:52.703694915,T,302.26,160,302.72,80,IBM
2025-11-05,9:42:52.703724983,T,302.26,160,302.72,120,IBM
2025-11-05,9:42:52.704241234,T,302.26,160,302.72,80,IBM
2025-11-05,9:42:52.707083024,T,302.15,40,302.72,80,IBM
2025-11-05,9:42:52.712540951,T,302.15,40,302.72,120,IBM
2025-11-05,9:42:52.803352173,T,302.15,40,302.72,80,IBM
2025-11-05,9:42:53.126717033,T,302.15,40,302.72,120,IBM
2025-11-05,9:42:53.499429473,T,302.15,40,302.72,80,IBM
2025-11-05,9:42:53.499459447,T,302.15,40,302.72,40,IBM
2025-11-05,9:42:56.414764775,T,302.36,40,302.72,40,IBM
2025-11-05,9:42:56.414784848,T,302.36,80,302.72,40,IBM
2025-11-05,9:42:58.175797164,T,302.36,80,302.86,40,IBM
2025-11-05,9:43:04.685870334,T,302.36,80,302.85,40,IBM
2025-11-05,9:43:05.014673165,T,302.36,80,302.88,40,IBM
2025-11-05,9:43:06.144482868,T,302.36,80,302.61,40,IBM
2025-11-05,9:43:06.144613134,T,302.36,40,302.61,40,IBM
2025-11-05,9:43:06.144628177,T,302.15,40,302.61,40,IBM
2025-11-05,9:43:06.147199307,T,302.15,40,302.88,40,IBM
2025-11-05,9:43:06.156065359,T,302.15,40,302.61,40,IBM
2025-11-05,9:43:06.176083083,T,302.15,40,302.88,40,IBM
2025-11-05,9:43:07.664140561,T,302.37,40,302.88,40,IBM
2025-11-05,9:43:07.664150627,T,302.37,120,302.88,40,IBM
2025-11-05,9:43:07.686167994,T,302.37,120,302.61,40,IBM
2025-11-05,9:43:07.819615694,T,302.38,40,302.61,40,IBM
2025-11-05,9:43:07.819630783,T,302.38,40,302.88,40,IBM
2025-11-05,9:43:07.819655774,T,302.39,40,302.88,40,IBM
2025-11-05,9:43:07.819700966,T,302.49,40,302.88,40,IBM
2025-11-05,9:43:07.832591665,T,302.39,40,302.88,40,IBM
2025-11-05,9:43:07.919839260,T,302.38,80,302.88,40,IBM
2025-11-05,9:43:08.198968850,T,302.38,40,302.88,40,IBM
2025-11-05,9:43:09.302285615,T,302.54,40,302.88,40,IBM
2025-11-05,9:43:09.302315611,T,302.57,40,302.88,40,IBM
2025-11-05,9:43:09.302325681,T,302.54,40,302.88,40,IBM
2025-11-05,9:43:09.302355794,T,302.22,40,302.88,40,IBM
2025-11-05,9:43:09.302355794,T,302.63,40,302.88,40,IBM
2025-11-05,9:43:09.302556242,T,302.63,40,303.0,40,IBM
2025-11-05,9:43:09.302571314,T,302.63,40,303.03,160,IBM
2025-11-05,9:43:09.302606327,T,302.63,40,303.03,200,IBM
2025-11-05,9:43:09.302726628,T,302.63,40,303.03,160,IBM
2025-11-05,9:43:09.503304146,T,302.22,40,303.03,160,IBM
2025-11-05,9:43:09.580242276,T,302.63,40,303.03,160,IBM
2025-11-05,9:43:09.648960924,T,302.22,40,303.03,160,IBM
2025-11-05,9:43:09.648980984,T,302.16,40,303.03,160,IBM
2025-11-05,9:43:09.746327726,T,302.73,40,303.03,160,IBM
2025-11-05,9:43:09.750011455,T,302.73,40,303.27,40,IBM
2025-11-05,9:43:09.750016470,T,302.73,40,303.25,160,IBM
2025-11-05,9:43:09.750051518,T,302.73,40,303.25,200,IBM
2025-11-05,9:43:09.750497656,T,302.73,40,303.25,160,IBM
2025-11-05,9:43:09.763122704,T,302.22,40,303.25,160,IBM
2025-11-05,9:43:09.767673531,T,302.22,40,303.25,200,IBM
2025-11-05,9:43:12.396411391,T,302.73,40,303.25,200,IBM
2025-11-05,9:43:12.832725210,T,302.73,40,303.25,160,IBM
2025-11-05,9:43:24.553147347,T,302.74,40,303.25,160,IBM
2025-11-05,9:43:24.559973646,T,302.74,80,303.25,160,IBM
2025-11-05,9:43:24.560640243,T,302.86,40,303.25,160,IBM
2025-11-05,9:43:24.561427091,T,302.86,80,303.25,160,IBM
2025-11-05,9:43:24.564499363,T,302.86,80,303.29,40,IBM
2025-11-05,9:43:24.564529521,T,302.86,80,303.39,160,IBM
2025-11-05,9:43:24.578532791,T,302.86,120,303.39,160,IBM
2025-11-05,9:43:24.578603254,T,302.86,80,303.39,160,IBM
2025-11-05,9:43:24.578607966,T,302.98,40,303.39,160,IBM
2025-11-05,9:43:24.690784991,T,302.86,40,303.39,160,IBM
2025-11-05,9:43:25.910684229,T,302.99,40,303.39,160,IBM
2025-11-05,9:43:25.910889736,T,302.99,80,303.39,160,IBM
2025-11-05,9:43:26.076804689,T,302.99,80,303.51,40,IBM
2025-11-05,9:43:26.076829756,T,302.99,80,303.54,160,IBM
2025-11-05,9:43:32.431643273,T,302.99,40,303.54,160,IBM
2025-11-05,9:43:40.102474835,T,302.61,160,303.54,160,IBM
2025-11-05,9:43:40.679107753,T,302.99,120,303.54,160,IBM
2025-11-05,9:43:41.085825881,T,302.99,80,303.54,160,IBM
2025-11-05,9:43:41.085835936,T,302.61,160,303.54,160,IBM
2025-11-05,9:43:41.127284611,T,302.61,160,303.25,40,IBM
2025-11-05,9:43:42.076604633,T,302.61,160,303.54,160,IBM
2025-11-05,9:43:42.630623624,T,302.99,40,303.54,160,IBM
2025-11-05,9:43:43.365483024,T,302.99,80,303.54,160,IBM
2025-11-05,9:43:43.365493084,T,303.09,40,303.54,160,IBM
2025-11-05,9:43:43.382283060,T,302.99,40,303.54,160,IBM
2025-11-05,9:43:43.572410707,T,302.99,40,303.25,40,IBM
2025-11-05,9:43:44.054312938,T,302.99,40,303.54,160,IBM
2025-11-05,9:43:45.404732823,T,303.05,40,303.54,160,IBM
2025-11-05,9:43:46.018559128,T,303.05,80,303.54,160,IBM
2025-11-05,9:43:46.373875198,T,303.05,80,303.51,40,IBM
2025-11-05,9:43:46.373880134,T,303.05,40,303.51,40,IBM
2025-11-05,9:43:46.373885021,T,302.99,40,303.51,40,IBM
2025-11-05,9:43:46.373925124,T,302.99,40,303.27,40,IBM
2025-11-05,9:43:46.373940146,T,302.99,40,303.23,40,IBM
2025-11-05,9:43:46.373950163,T,302.99,40,303.24,40,IBM
2025-11-05,9:43:46.373960203,T,302.99,40,303.15,40,IBM
2025-11-05,9:43:46.373970182,T,302.99,40,303.15,80,IBM
2025-11-05,9:43:46.373985251,T,302.99,40,303.15,120,IBM
2025-11-05,9:43:46.374005280,T,302.99,40,303.14,40,IBM
2025-11-05,9:43:46.374200764,T,302.99,40,303.13,40,IBM
2025-11-05,9:43:46.374406207,T,302.61,160,303.13,40,IBM
2025-11-05,9:43:46.375002586,T,302.61,160,303.03,40,IBM
2025-11-05,9:43:46.375042680,T,302.61,160,303.13,40,IBM
2025-11-05,9:43:46.375097860,T,302.61,160,303.03,40,IBM
2025-11-05,9:43:46.375122870,T,302.61,160,302.98,40,IBM
2025-11-05,9:43:46.375213178,T,302.83,80,302.98,40,IBM
2025-11-05,9:43:46.474780135,T,302.83,80,303.03,40,IBM
2025-11-05,9:43:46.474835347,T,302.83,80,303.13,40,IBM
2025-11-05,9:43:46.474860336,T,302.83,80,303.14,40,IBM
2025-11-05,9:43:46.474885418,T,302.83,80,303.51,40,IBM
2025-11-05,9:43:46.474940599,T,302.83,120,303.51,40,IBM
2025-11-05,9:43:46.474950585,T,302.9,40,303.51,40,IBM
2025-11-05,9:43:46.478875042,T,302.83,120,303.51,40,IBM
2025-11-05,9:44:00.317269233,T,302.83,120,303.42,40,IBM
2025-11-05,9:44:02.262956814,T,302.83,120,303.22,40,IBM
2025-11-05,9:44:02.262961365,T,302.83,120,303.19,40,IBM
2025-11-05,9:44:02.262986371,T,302.91,80,303.19,40,IBM
2025-11-05,9:44:02.262991653,T,302.91,80,303.42,40,IBM
2025-11-05,9:44:02.262991653,T,302.91,80,303.11,40,IBM
2025-11-05,9:44:02.263066714,T,302.61,200,303.11,40,IBM
2025-11-05,9:44:02.263091616,T,302.61,200,302.92,80,IBM
2025-11-05,9:44:02.263121718,T,302.61,200,303.1,40,IBM
2025-11-05,9:44:02.263132146,T,302.61,160,303.1,40,IBM
2025-11-05,9:44:02.263142109,T,302.61,160,303.11,40,IBM
2025-11-05,9:44:02.263201868,T,302.61,160,303.22,120,IBM
2025-11-05,9:44:02.263206931,T,302.61,160,303.01,40,IBM
2025-11-05,9:44:02.263958642,T,302.61,160,303.1,40,IBM
2025-11-05,9:44:02.276288086,T,302.31,40,303.1,40,IBM
2025-11-05,9:44:02.276298016,T,302.46,160,303.1,40,IBM
2025-11-05,9:44:02.285590149,T,302.46,160,303.23,40,IBM
2025-11-05,9:44:02.285705452,T,302.46,160,303.06,40,IBM
2025-11-05,9:44:02.286737894,T,302.46,160,303.06,80,IBM
2025-11-05,9:44:02.453905926,T,302.46,160,303.06,40,IBM
2025-11-05,9:44:02.453915945,T,302.46,160,303.27,40,IBM
2025-11-05,9:44:09.395240943,T,302.46,160,303.31,200,IBM
2025-11-05,9:44:36.088402757,T,302.46,160,303.27,40,IBM
2025-11-05,9:44:43.193352126,T,302.46,160,303.0,40,IBM
2025-11-05,9:44:43.193377198,T,302.46,160,302.98,40,IBM
2025-11-05,9:44:43.193407252,T,302.46,160,302.99,40,IBM
2025-11-05,9:44:43.193407252,T,302.46,160,302.88,40,IBM
2025-11-05,9:44:43.193422217,T,302.46,160,302.88,80,IBM
2025-11-05,9:44:43.193427230,T,302.46,160,302.88,120,IBM
2025-11-05,9:44:43.199576912,T,302.25,40,302.88,120,IBM
2025-11-05,9:44:43.199586914,T,302.32,160,302.88,120,IBM
2025-11-05,9:44:43.262145821,T,302.32,160,302.88,80,IBM
2025-11-05,9:44:43.278188987,T,302.32,160,302.88,120,IBM
2025-11-05,9:44:43.340026258,T,302.32,160,302.88,160,IBM
2025-11-05,9:44:43.340061301,T,302.32,160,302.78,40,IBM
2025-11-05,9:44:43.408348842,T,302.32,160,302.78,80,IBM
2025-11-05,9:44:43.499260353,T,302.32,160,302.77,40,IBM
2025-11-05,9:44:49.017031556,T,302.32,160,302.77,80,IBM
2025-11-05,9:44:49.017041285,T,302.32,160,302.76,40,IBM
2025-11-05,9:44:49.017051233,T,302.32,160,302.76,80,IBM
2025-11-05,9:44:49.017056228,T,302.32,160,302.76,40,IBM
2025-11-05,9:44:49.017061330,T,302.32,160,302.67,40,IBM
2025-11-05,9:44:49.017066285,T,302.32,160,302.67,80,IBM
2025-11-05,9:44:49.017878201,T,302.32,160,302.67,40,IBM
2025-11-05,9:44:49.345443098,T,302.36,40,302.67,40,IBM
2025-11-05,9:44:49.345488187,T,302.36,40,302.78,40,IBM
2025-11-05,9:44:50.334016529,T,302.36,40,302.67,40,IBM
2025-11-05,9:44:51.711034714,T,302.36,40,302.78,40,IBM
2025-11-05,9:44:51.711074977,T,302.36,80,302.78,40,IBM
2025-11-05,9:44:51.711079989,T,302.48,40,302.78,40,IBM
2025-11-05,9:44:51.711089993,T,302.51,40,302.78,40,IBM
2025-11-05,9:44:51.711099920,T,302.51,80,302.78,40,IBM
2025-11-05,9:44:51.711300391,T,302.51,120,302.78,40,IBM
2025-11-05,9:44:51.711520926,T,302.51,80,302.78,40,IBM
2025-11-05,9:44:51.711520926,T,302.57,40,302.78,40,IBM
2025-11-05,9:44:51.965976720,T,302.51,40,302.78,40,IBM
2025-11-05,9:44:51.966187232,T,302.51,80,302.78,40,IBM
2025-11-05,9:44:51.966974130,T,302.51,120,302.78,40,IBM
2025-11-05,9:44:52.033281958,T,302.51,80,302.78,40,IBM
2025-11-05,9:44:52.033467425,T,302.58,40,302.78,40,IBM
2025-11-05,9:44:52.257545785,T,302.51,80,302.78,40,IBM
2025-11-05,9:44:52.257545785,T,302.58,40,302.78,40,IBM
2025-11-05,9:44:59.513043569,T,302.51,80,302.78,40,IBM
2025-11-05,9:45:05.189422025,T,302.63,40,302.78,40,IBM
2025-11-05,9:45:05.189727761,T,302.63,40,302.88,40,IBM
2025-11-05,9:45:05.189737873,T,302.63,40,302.78,40,IBM
2025-11-05,9:45:05.189787993,T,302.63,40,302.88,40,IBM
2025-11-05,9:45:05.189798386,T,302.63,40,302.78,40,IBM
2025-11-05,9:45:05.189803008,T,302.63,40,302.88,40,IBM
2025-11-05,9:45:05.189843042,T,302.51,80,302.88,40,IBM
2025-11-05,9:45:05.189843042,T,302.7,40,302.88,40,IBM
2025-11-05,9:45:05.192805390,T,302.7,40,302.84,80,IBM
2025-11-05,9:45:05.192805390,T,302.7,40,302.83,80,IBM
2025-11-05,9:45:05.192830121,T,302.32,160,302.83,80,IBM
2025-11-05,9:45:05.292101530,T,302.32,160,303.03,160,IBM
2025-11-05,9:45:05.292913431,T,302.66,40,303.03,160,IBM
2025-11-05,9:45:06.837024439,T,302.66,40,303.04,40,IBM
2025-11-05,9:45:08.336163243,T,302.66,40,302.88,40,IBM
2025-11-05,9:45:08.336203401,T,302.66,40,302.83,40,IBM
2025-11-05,9:45:10.880560612,T,302.78,40,302.83,40,IBM
2025-11-05,9:45:10.881377534,T,302.78,40,303.04,40,IBM
2025-11-05,9:45:10.881853648,T,302.78,40,303.15,40,IBM
2025-11-05,9:45:10.881878741,T,302.78,40,303.16,160,IBM
2025-11-05,9:45:10.889892767,T,302.78,40,303.04,40,IBM
2025-11-05,9:45:10.889927895,T,302.78,40,302.85,40,IBM
2025-11-05,9:45:10.890088238,T,302.78,40,303.16,160,IBM
2025-11-05,9:45:10.890774901,T,302.46,200,303.16,160,IBM
2025-11-05,9:45:10.890779886,T,302.46,200,303.15,40,IBM
2025-11-05,9:45:10.890799928,T,302.46,200,303.03,40,IBM
2025-11-05,9:45:10.890804954,T,302.46,200,302.91,40,IBM
2025-11-05,9:45:11.270112947,T,302.46,200,303.04,40,IBM
2025-11-05,9:45:11.270939964,T,302.46,200,303.0,40,IBM
2025-11-05,9:45:17.474964725,T,302.68,80,303.0,40,IBM
2025-11-05,9:45:17.475029786,T,302.68,80,303.04,40,IBM
2025-11-05,9:45:17.475069876,T,302.69,40,303.04,40,IBM
2025-11-05,9:45:17.475521025,T,302.68,120,303.04,40,IBM
2025-11-05,9:45:17.475521025,T,302.76,40,303.04,40,IBM
2025-11-05,9:45:17.478523108,T,302.76,40,303.15,40,IBM
2025-11-05,9:45:18.002199824,T,302.68,40,303.15,40,IBM
2025-11-05,9:45:18.002410263,T,302.68,80,303.15,40,IBM
2025-11-05,9:45:19.215748854,T,302.77,40,303.15,40,IBM
2025-11-05,9:45:19.216134758,T,302.77,40,303.16,160,IBM
2025-11-05,9:45:19.216175210,T,302.81,40,303.16,160,IBM
2025-11-05,9:45:19.216189815,T,302.9,40,303.16,160,IBM
2025-11-05,9:45:19.216560772,T,302.9,40,303.24,40,IBM
2025-11-05,9:45:19.216585792,T,302.9,40,303.27,40,IBM
2025-11-05,9:45:19.216866492,T,302.9,40,303.24,40,IBM
2025-11-05,9:45:19.218174633,T,302.9,80,303.24,40,IBM
2025-11-05,9:45:19.218314971,T,302.9,80,303.27,40,IBM
2025-11-05,9:45:19.228789884,T,302.9,80,303.32,160,IBM
2025-11-05,9:45:19.228840003,T,303.0,40,303.32,160,IBM
2025-11-05,9:45:19.228854998,T,303.0,80,303.32,160,IBM
2025-11-05,9:45:19.228870052,T,302.91,40,303.32,160,IBM
2025-11-05,9:45:19.228975262,T,303.01,40,303.32,160,IBM
2025-11-05,9:45:19.228995340,T,302.91,40,303.32,160,IBM
2025-11-05,9:45:19.229155886,T,303.01,40,303.32,160,IBM
2025-11-05,9:45:19.229180822,T,302.91,40,303.32,160,IBM
2025-11-05,9:45:19.229306094,T,303.01,40,303.32,160,IBM
2025-11-05,9:45:19.229431443,T,302.91,80,303.32,160,IBM
2025-11-05,9:45:19.229656929,T,303.01,40,303.32,160,IBM
2025-11-05,9:45:19.233125199,T,303.01,40,303.36,40,IBM
2025-11-05,9:45:19.236413072,T,302.91,80,303.36,40,IBM
2025-11-05,9:45:19.236518238,T,302.91,40,303.36,40,IBM
2025-11-05,9:45:19.237099689,T,303.01,40,303.36,40,IBM
2025-11-05,9:45:19.339358140,T,302.76,40,303.36,40,IBM
2025-11-05,9:45:19.340160055,T,302.76,40,303.27,40,IBM
2025-11-05,9:45:21.166182205,T,302.7,40,303.27,40,IBM
2025-11-05,9:45:21.166187201,T,302.68,40,303.27,40,IBM
2025-11-05,9:45:21.166207277,T,302.68,40,303.13,40,IBM
2025-11-05,9:45:21.166523015,T,302.76,200,303.13,40,IBM
2025-11-05,9:45:21.166533129,T,302.76,200,303.11,40,IBM
2025-11-05,9:45:21.166553165,T,302.76,400,303.11,40,IBM
2025-11-05,9:45:21.166653397,T,302.76,800,303.11,40,IBM
2025-11-05,9:45:21.166673364,T,302.76,1200,303.11,40,IBM
2025-11-05,9:45:21.167024305,T,302.76,1200,303.13,80,IBM
2025-11-05,9:45:21.167179837,T,302.87,40,303.13,80,IBM
2025-11-05,9:45:21.167189957,T,302.87,40,303.13,40,IBM
2025-11-05,9:45:21.167214819,T,302.87,40,303.24,40,IBM
2025-11-05,9:45:21.167249817,T,303.11,1200,303.24,40,IBM
2025-11-05,9:45:21.167274792,T,303.11,1160,303.24,40,IBM
2025-11-05,9:45:21.167284920,T,303.11,480,303.24,40,IBM
2025-11-05,9:45:21.167284920,T,302.94,40,303.24,40,IBM
2025-11-05,9:45:21.167299865,T,302.94,40,303.27,40,IBM
2025-11-05,9:45:21.167375188,T,302.94,80,303.27,40,IBM
2025-11-05,9:45:21.167575594,T,302.98,40,303.27,40,IBM
2025-11-05,9:45:21.167786022,T,302.98,40,303.24,40,IBM
2025-11-05,9:45:21.167881262,T,302.95,40,303.24,40,IBM
2025-11-05,9:45:21.167981499,T,303.07,40,303.24,40,IBM
2025-11-05,9:45:21.169259522,T,303.07,40,303.36,40,IBM
2025-11-05,9:45:21.169314701,T,303.16,40,303.36,40,IBM
2025-11-05,9:45:21.169505178,T,303.16,40,303.27,120,IBM
2025-11-05,9:45:21.169540449,T,303.16,120,303.27,120,IBM
2025-11-05,9:45:21.169595393,T,303.16,120,303.27,200,IBM
2025-11-05,9:45:21.169665520,T,303.16,440,303.27,200,IBM
2025-11-05,9:45:21.169680604,T,303.16,320,303.27,200,IBM
2025-11-05,9:45:21.169710643,T,303.16,360,303.27,200,IBM
2025-11-05,9:45:21.169720637,T,303.16,360,303.27,280,IBM
2025-11-05,9:45:21.169791089,T,303.16,360,303.27,200,IBM
2025-11-05,9:45:21.169791089,T,303.16,360,303.27,80,IBM
2025-11-05,9:45:21.169791089,T,303.16,360,303.46,160,IBM
2025-11-05,9:45:21.169810918,T,303.16,80,303.46,160,IBM
2025-11-05,9:45:21.169810918,T,303.16,40,303.46,160,IBM
2025-11-05,9:45:21.169835911,T,303.27,320,303.46,160,IBM
2025-11-05,9:45:21.169866026,T,303.16,40,303.46,160,IBM
2025-11-05,9:45:21.169896028,T,302.9,40,303.46,160,IBM
2025-11-05,9:45:21.169896028,T,302.88,40,303.46,160,IBM
2025-11-05,9:45:21.169956254,T,302.95,40,303.46,160,IBM
2025-11-05,9:45:21.170116622,T,302.95,40,303.36,200,IBM
2025-11-05,9:45:21.170136640,T,302.95,40,303.36,400,IBM
2025-11-05,9:45:21.170562648,T,302.88,40,303.36,400,IBM
2025-11-05,9:45:21.170993661,T,302.95,40,303.36,400,IBM
2025-11-05,9:45:21.171059052,T,302.95,40,303.36,200,IBM
2025-11-05,9:45:21.171059052,T,302.95,40,303.46,160,IBM
2025-11-05,9:45:21.171083945,T,303.29,80,303.46,160,IBM
2025-11-05,9:45:21.171174326,T,303.18,40,303.46,160,IBM
2025-11-05,9:45:21.171199146,T,302.95,40,303.46,160,IBM
2025-11-05,9:45:21.171394695,T,302.95,40,303.46,240,IBM
2025-11-05,9:45:21.171409658,T,302.95,40,303.46,280,IBM
2025-11-05,9:45:21.171419703,T,302.88,40,303.46,280,IBM
2025-11-05,9:45:21.171429687,T,302.88,40,303.46,320,IBM
2025-11-05,9:45:21.173424427,T,302.88,40,303.46,160,IBM
2025-11-05,9:45:21.173424427,T,302.88,40,303.46,40,IBM
2025-11-05,9:45:21.173429748,T,302.88,40,303.62,80,IBM
2025-11-05,9:45:21.173429748,T,302.88,40,303.62,40,IBM
2025-11-05,9:45:21.173454947,T,302.95,40,303.62,40,IBM
2025-11-05,9:45:21.173459737,T,302.99,40,303.62,40,IBM
2025-11-05,9:45:21.173464532,T,303.19,40,303.62,40,IBM
2025-11-05,9:45:21.173485003,T,303.11,40,303.62,40,IBM
2025-11-05,9:45:21.173485003,T,303.25,40,303.62,40,IBM
2025-11-05,9:45:21.173564759,T,303.25,40,303.62,120,IBM
2025-11-05,9:45:21.173940700,T,303.24,40,303.62,120,IBM
2025-11-05,9:45:21.173940700,T,303.37,40,303.62,120,IBM
2025-11-05,9:45:21.174166230,T,303.37,80,303.62,120,IBM
2025-11-05,9:45:21.178692053,T,303.37,120,303.62,120,IBM
2025-11-05,9:45:21.193171511,T,303.37,80,303.62,120,IBM
2025-11-05,9:45:21.255835610,T,303.37,80,303.61,80,IBM
2025-11-05,9:45:21.260035717,T,303.37,80,303.6,80,IBM
2025-11-05,9:45:21.269382907,T,303.37,80,303.6,120,IBM
2025-11-05,9:45:21.285691711,T,303.38,40,303.6,120,IBM
2025-11-05,9:45:21.285721832,T,303.38,40,303.6,160,IBM
2025-11-05,9:45:21.286784313,T,303.1,40,303.6,160,IBM
2025-11-05,9:45:21.287616283,T,303.1,40,303.6,120,IBM
2025-11-05,9:45:22.021157595,T,303.1,40,303.6,80,IBM
2025-11-05,9:45:22.021177851,T,303.1,40,303.62,40,IBM
2025-11-05,9:45:22.021177851,T,303.1,40,303.66,40,IBM
2025-11-05,9:45:22.021182674,T,303.37,40,303.66,40,IBM
2025-11-05,9:45:22.021202722,T,303.38,40,303.66,40,IBM
2025-11-05,9:45:22.021212770,T,303.38,80,303.66,40,IBM
2025-11-05,9:45:22.021227689,T,303.48,40,303.66,40,IBM
2025-11-05,9:45:22.021277925,T,303.48,40,303.75,40,IBM
2025-11-05,9:45:22.021317916,T,303.38,80,303.75,40,IBM
2025-11-05,9:45:22.021423166,T,303.38,120,303.75,40,IBM
2025-11-05,9:45:22.021433179,T,303.48,40,303.75,40,IBM
2025-11-05,9:45:22.021453277,T,303.48,80,303.75,40,IBM
2025-11-05,9:45:22.021728887,T,303.48,80,303.81,240,IBM
2025-11-05,9:45:22.021859209,T,303.48,120,303.81,240,IBM
2025-11-05,9:45:22.021884339,T,303.53,40,303.81,240,IBM
2025-11-05,9:45:22.022149909,T,303.53,40,303.81,200,IBM
2025-11-05,9:45:22.022184999,T,303.51,40,303.81,200,IBM
2025-11-05,9:45:22.022430626,T,303.51,40,303.96,40,IBM
2025-11-05,9:45:22.022440673,T,303.51,40,303.95,160,IBM
2025-11-05,9:45:22.022495727,T,303.48,80,303.95,160,IBM
2025-11-05,9:45:22.022560884,T,303.48,40,303.95,160,IBM
2025-11-05,9:45:22.022575896,T,303.38,80,303.95,160,IBM
2025-11-05,9:45:22.022580934,T,303.38,40,303.95,160,IBM
2025-11-05,9:45:22.023192446,T,303.38,40,303.92,40,IBM
2025-11-05,9:45:22.030103827,T,303.38,40,303.83,40,IBM
2025-11-05,9:45:22.121230847,T,303.37,40,303.83,40,IBM
2025-11-05,9:45:22.223574443,T,303.37,40,303.95,160,IBM
2025-11-05,9:45:23.006307732,T,303.48,40,303.95,160,IBM
2025-11-05,9:45:24.121527796,T,303.52,40,303.95,160,IBM
2025-11-05,9:45:27.927759316,T,303.52,40,303.96,80,IBM
2025-11-05,9:45:31.902787314,T,303.52,40,304.11,160,IBM
2025-11-05,9:45:34.163368937,T,303.52,80,304.11,160,IBM
2025-11-05,9:45:37.032549518,T,303.52,120,304.11,160,IBM
2025-11-05,9:45:46.421010332,T,303.52,80,304.11,160,IBM
2025-11-05,9:45:55.943670289,T,303.52,120,304.11,160,IBM
2025-11-05,9:46:04.997870251,T,303.53,40,304.11,160,IBM
2025-11-05,9:46:04.998336316,T,303.64,40,304.11,160,IBM
2025-11-05,9:46:05.067049879,T,303.52,120,304.11,160,IBM
2025-11-05,9:46:08.082202971,T,303.52,40,304.11,160,IBM
2025-11-05,9:46:09.027613600,T,303.52,80,304.11,160,IBM
2025-11-05,9:46:09.034890928,T,303.52,40,304.11,160,IBM
2025-11-05,9:46:11.204005252,T,303.52,40,304.07,40,IBM
2025-11-05,9:46:11.204009985,T,303.52,40,303.82,40,IBM
2025-11-05,9:46:11.204225486,T,303.52,40,303.82,80,IBM
2025-11-05,9:46:11.204992318,T,303.52,40,303.82,40,IBM
2025-11-05,9:46:11.220198524,T,303.52,40,303.82,80,IBM
2025-11-05,9:46:11.220228523,T,303.52,40,303.82,40,IBM
2025-11-05,9:46:11.304153383,T,303.52,40,303.82,80,IBM
2025-11-05,9:46:11.674835839,T,303.52,40,303.82,120,IBM
2025-11-05,9:46:11.675642772,T,303.52,80,303.82,120,IBM
2025-11-05,9:46:12.310874999,T,303.52,80,303.82,80,IBM
2025-11-05,9:46:13.239696284,T,303.62,40,303.82,80,IBM
2025-11-05,9:46:13.241936510,T,303.52,80,303.82,80,IBM
2025-11-05,9:46:15.142907189,T,303.69,40,303.82,80,IBM
2025-11-05,9:46:15.143714069,T,303.69,80,303.82,80,IBM
2025-11-05,9:46:15.147077044,T,303.69,40,303.82,80,IBM
2025-11-05,9:46:16.505816877,T,303.62,40,303.82,80,IBM
2025-11-05,9:46:22.796287200,T,303.69,40,303.82,80,IBM
2025-11-05,9:46:25.617959483,T,303.69,40,303.82,40,IBM
2025-11-05,9:46:25.617959483,T,303.69,40,304.11,160,IBM
2025-11-05,9:46:25.618034719,T,303.75,40,304.11,160,IBM
2025-11-05,9:46:25.618781479,T,303.75,80,304.11,160,IBM
2025-11-05,9:46:25.619077219,T,303.75,40,304.11,160,IBM
2025-11-05,9:46:25.619833962,T,303.77,40,304.11,160,IBM
2025-11-05,9:46:25.620059561,T,303.77,80,304.11,160,IBM
2025-11-05,9:46:25.620660983,T,303.77,40,304.11,160,IBM
2025-11-05,9:46:25.626835854,T,303.7,40,304.11,160,IBM
2025-11-05,9:46:25.626835854,T,303.69,40,304.11,160,IBM
2025-11-05,9:46:25.626900758,T,303.69,40,303.84,40,IBM
2025-11-05,9:46:25.627126281,T,303.7,40,303.84,40,IBM
2025-11-05,9:46:25.627141328,T,303.75,40,303.84,40,IBM
2025-11-05,9:46:25.627206471,T,303.75,120,303.84,40,IBM
2025-11-05,9:46:25.627231621,T,303.75,120,304.11,160,IBM
2025-11-05,9:46:25.628634912,T,303.75,120,304.21,40,IBM
2025-11-05,9:46:25.737123216,T,303.75,160,304.21,40,IBM
2025-11-05,9:46:26.843436898,T,303.89,80,304.21,40,IBM
2025-11-05,9:46:26.843452130,T,303.89,120,304.21,40,IBM
2025-11-05,9:46:26.843476996,T,303.89,80,304.21,40,IBM
2025-11-05,9:46:26.843476996,T,303.89,40,304.21,40,IBM
2025-11-05,9:46:26.843502107,T,303.75,40,304.21,40,IBM
2025-11-05,9:46:26.843522181,T,303.69,40,304.21,40,IBM
2025-11-05,9:46:26.843542151,T,303.82,40,304.21,40,IBM
2025-11-05,9:46:26.844138651,T,303.69,40,304.21,40,IBM
2025-11-05,9:46:26.844223846,T,303.62,40,304.21,40,IBM
2025-11-05,9:46:26.844233882,T,303.55,40,304.21,40,IBM
2025-11-05,9:46:26.940207288,T,303.83,40,304.21,40,IBM
2025-11-05,9:46:27.039779310,T,303.83,40,304.25,200,IBM
2025-11-05,9:46:27.570683295,T,303.83,80,304.25,200,IBM
2025-11-05,9:46:27.570713292,T,303.89,40,304.25,200,IBM
2025-11-05,9:46:27.571815939,T,303.83,120,304.25,200,IBM
2025-11-05,9:46:27.572091667,T,303.89,40,304.25,200,IBM
2025-11-05,9:46:27.574928381,T,303.83,120,304.25,200,IBM
2025-11-05,9:46:27.639396897,T,303.83,80,304.25,200,IBM
2025-11-05,9:46:28.173964472,T,303.83,80,304.0,40,IBM
2025-11-05,9:46:30.395117340,T,303.83,80,304.0,80,IBM
2025-11-05,9:46:31.916654461,T,303.83,40,304.0,80,IBM
2025-11-05,9:46:31.916654461,T,303.55,40,304.0,80,IBM
2025-11-05,9:46:31.916674529,T,303.55,40,303.84,80,IBM
2025-11-05,9:46:31.916790098,T,303.55,40,303.83,80,IBM
2025-11-05,9:46:31.916809873,T,303.55,40,303.83,40,IBM
2025-11-05,9:46:31.916980260,T,303.55,40,304.0,80,IBM
2025-11-05,9:46:31.917511477,T,303.74,40,304.0,80,IBM
2025-11-05,9:46:31.917661801,T,303.74,40,303.92,40,IBM
2025-11-05,9:46:31.925079502,T,303.7,40,303.92,40,IBM
2025-11-05,9:46:33.893821349,T,303.7,40,304.0,40,IBM
2025-11-05,9:46:34.400562717,T,303.74,40,304.0,40,IBM
2025-11-05,9:46:38.061057037,T,303.7,40,304.0,40,IBM
2025-11-05,9:46:39.125451213,T,303.62,40,304.0,40,IBM
2025-11-05,9:46:39.125455980,T,303.55,40,304.0,40,IBM
2025-11-05,9:46:39.125596331,T,303.55,40,304.0,80,IBM
2025-11-05,9:46:39.125626357,T,303.55,40,303.81,40,IBM
2025-11-05,9:46:39.125701583,T,303.51,40,303.81,40,IBM
2025-11-05,9:46:39.125761731,T,303.48,80,303.81,40,IBM
2025-11-05,9:46:39.125871953,T,303.55,40,303.81,40,IBM
2025-11-05,9:46:39.125907101,T,303.48,80,303.81,40,IBM
2025-11-05,9:46:39.126197738,T,303.48,80,304.0,40,IBM
2025-11-05,9:46:39.126237796,T,303.55,40,304.0,40,IBM
2025-11-05,9:46:39.128618541,T,303.55,40,303.78,40,IBM
2025-11-05,9:46:39.128628582,T,303.48,80,303.78,40,IBM
2025-11-05,9:46:39.128718750,T,303.48,40,303.78,40,IBM
2025-11-05,9:46:39.507996660,T,303.48,40,304.0,40,IBM
2025-11-05,9:46:39.508788564,T,303.48,80,304.0,40,IBM
2025-11-05,9:46:39.508803618,T,303.55,40,304.0,40,IBM
2025-11-05,9:46:39.819738841,T,303.62,40,304.0,40,IBM
2025-11-05,9:46:40.242354870,T,303.63,40,304.0,40,IBM
2025-11-05,9:46:54.796287857,T,303.68,40,304.0,40,IBM
2025-11-05,9:46:54.796408122,T,303.63,40,304.0,40,IBM
2025-11-05,9:46:54.796408122,T,303.73,40,304.0,40,IBM
2025-11-05,9:46:54.941172934,T,303.63,80,304.0,40,IBM
2025-11-05,9:47:00.236584410,T,303.63,40,304.0,40,IBM
2025-11-05,9:47:02.942842109,T,303.62,40,304.0,40,IBM
2025-11-05,9:47:03.930884217,T,303.71,40,304.0,40,IBM
2025-11-05,9:47:06.259888656,T,303.76,40,304.0,40,IBM
2025-11-05,9:47:06.260389838,T,303.71,80,304.0,40,IBM
2025-11-05,9:47:06.260670538,T,303.73,40,304.0,40,IBM
2025-11-05,9:47:06.260785890,T,303.71,80,304.0,40,IBM
2025-11-05,9:47:06.260815908,T,303.73,40,304.0,40,IBM
2025-11-05,9:47:06.260821101,T,303.71,80,304.0,40,IBM
2025-11-05,9:47:06.261261955,T,303.76,40,304.0,40,IBM
2025-11-05,9:47:06.270213263,T,303.71,80,304.0,40,IBM
2025-11-05,9:47:06.324307115,T,303.71,80,303.91,40,IBM
2025-11-05,9:47:06.353346206,T,303.76,40,303.91,40,IBM
2025-11-05,9:47:06.395712022,T,303.71,80,303.91,40,IBM
2025-11-05,9:47:06.450597833,T,303.71,80,304.0,40,IBM
2025-11-05,9:47:06.450642859,T,303.76,40,304.0,40,IBM
2025-11-05,9:47:06.450652893,T,303.77,40,304.0,40,IBM
2025-11-05,9:47:06.450708252,T,303.76,40,304.0,40,IBM
2025-11-05,9:47:06.450708252,T,303.84,40,304.0,40,IBM
2025-11-05,9:47:06.459684384,T,303.84,40,303.99,40,IBM
2025-11-05,9:47:07.280287953,T,303.76,40,303.99,40,IBM
2025-11-05,9:47:07.677458408,T,303.87,40,303.99,40,IBM
2025-11-05,9:47:13.306153737,T,303.76,40,303.99,40,IBM
2025-11-05,9:47:13.306168603,T,303.71,40,303.99,40,IBM
2025-11-05,9:47:13.306228717,T,303.71,40,303.93,40,IBM
2025-11-05,9:47:13.306800082,T,303.62,40,303.93,40,IBM
2025-11-05,9:47:13.306800082,T,303.57,200,303.93,40,IBM
2025-11-05,9:47:13.306835223,T,303.57,200,303.85,40,IBM
2025-11-05,9:47:13.306910382,T,303.57,160,303.85,40,IBM
2025-11-05,9:47:13.306950516,T,303.62,40,303.85,40,IBM
2025-11-05,9:47:13.306970523,T,303.57,160,303.85,40,IBM
2025-11-05,9:47:13.306975566,T,303.57,160,303.94,40,IBM
2025-11-05,9:47:13.307050698,T,303.57,160,303.85,40,IBM
2025-11-05,9:47:13.307065789,T,303.57,160,303.94,40,IBM
2025-11-05,9:47:13.307471666,T,303.57,160,303.99,40,IBM
2025-11-05,9:47:13.313952135,T,303.74,40,303.99,40,IBM
2025-11-05,9:47:13.313952135,T,303.74,40,304.0,40,IBM
2025-11-05,9:47:13.392403869,T,303.74,40,303.98,40,IBM
2025-11-05,9:47:13.397160172,T,303.74,40,303.97,40,IBM
2025-11-05,9:47:16.537812079,T,303.74,40,304.0,40,IBM
2025-11-05,9:47:18.261460590,T,303.75,40,304.0,40,IBM
2025-11-05,9:47:18.415537298,T,303.82,40,304.0,40,IBM
2025-11-05,9:47:28.846750492,T,303.82,40,303.99,40,IBM
2025-11-05,9:47:30.687978948,T,303.82,40,303.99,80,IBM
2025-11-05,9:47:30.696734821,T,303.82,40,303.98,40,IBM
