DATE,TIME_M,EX,BID,BIDSIZ,ASK,ASKSIZ,SYM_ROOT
2025-10-27,9:30:00.016826419,T,305.51,100,309.77,1000,IBM
2025-10-27,9:30:03.999869020,T,304.62,100,309.77,1000,IBM
2025-10-27,9:30:05.822182300,T,307.21,100,309.77,1000,IBM
2025-10-27,9:30:05.842179906,T,305.51,100,309.77,1000,IBM
2025-10-27,9:30:06.322377956,T,304.62,100,309.77,1000,IBM
2025-10-27,9:30:08.190936492,T,307.47,100,309.77,1000,IBM
2025-10-27,9:30:08.191146913,T,307.47,100,309.21,500,IBM
2025-10-27,9:30:08.204233063,T,308.0,100,309.21,500,IBM
2025-10-27,9:30:08.210011842,T,307.47,100,309.21,500,IBM
2025-10-27,9:30:08.210628302,T,307.47,100,308.44,100,IBM
2025-10-27,9:30:08.210753647,T,307.47,100,308.44,200,IBM
2025-10-27,9:30:08.210979176,T,307.47,100,308.44,100,IBM
2025-10-27,9:30:08.210984135,T,307.47,100,309.21,500,IBM
2025-10-27,9:30:08.211009271,T,307.47,100,308.07,200,IBM
2025-10-27,9:30:08.224030267,T,307.47,100,308.07,300,IBM
2025-10-27,9:30:08.224406175,T,305.51,100,308.07,300,IBM
2025-10-27,9:30:08.239913099,T,305.51,100,308.07,200,IBM
2025-10-27,9:30:08.240113562,T,305.51,100,309.21,500,IBM
2025-10-27,9:30:08.240138579,T,305.51,100,307.95,200,IBM
2025-10-27,9:30:08.240659869,T,305.51,100,309.21,500,IBM
2025-10-27,9:30:08.240684837,T,305.51,100,307.82,200,IBM
2025-10-27,9:30:08.240950561,T,305.51,100,309.21,500,IBM
2025-10-27,9:30:08.240975603,T,306.0,100,309.21,500,IBM
2025-10-27,9:30:08.241887785,T,305.51,100,309.21,500,IBM
2025-10-27,9:30:08.281341684,T,307.56,100,309.21,500,IBM
2025-10-27,9:30:08.288864582,T,305.51,100,309.21,500,IBM
2025-10-27,9:30:08.290062450,T,307.56,100,309.21,500,IBM
2025-10-27,9:30:08.296387451,T,305.51,100,309.21,500,IBM
2025-10-27,9:30:08.563097435,T,305.51,100,307.29,100,IBM
2025-10-27,9:30:08.563122513,T,305.51,100,308.0,100,IBM
2025-10-27,9:30:08.563122513,T,305.51,100,309.21,500,IBM
2025-10-27,9:30:08.563518500,T,305.51,100,307.29,100,IBM
2025-10-27,9:30:08.565037098,T,305.0,1000,307.29,100,IBM
2025-10-27,9:30:08.565513216,T,307.0,100,307.29,100,IBM
2025-10-27,9:30:08.565533295,T,306.0,100,307.29,100,IBM
2025-10-27,9:30:08.565533295,T,305.0,1000,307.29,100,IBM
2025-10-27,9:30:08.565858965,T,306.68,100,307.29,100,IBM
2025-10-27,9:30:08.566706006,T,306.0,100,307.29,100,IBM
2025-10-27,9:30:08.566731077,T,305.0,1000,307.29,100,IBM
2025-10-27,9:30:08.566981639,T,306.0,100,307.29,100,IBM
2025-10-27,9:30:08.573722776,T,306.0,100,309.21,500,IBM
2025-10-27,9:30:08.588843696,T,306.58,100,309.21,500,IBM
2025-10-27,9:30:08.588868797,T,305.0,1000,309.21,500,IBM
2025-10-27,9:30:08.588913864,T,305.0,1000,307.78,100,IBM
2025-10-27,9:30:08.595439397,T,305.0,1000,307.78,200,IBM
2025-10-27,9:30:08.606961880,T,305.0,1000,307.78,100,IBM
2025-10-27,9:30:08.608911863,T,305.0,1000,309.21,500,IBM
2025-10-27,9:30:09.111543177,T,306.47,100,309.21,500,IBM
2025-10-27,9:30:09.897834993,T,305.0,1000,309.21,500,IBM
2025-10-27,9:30:09.976702843,T,306.1,100,309.21,500,IBM
2025-10-27,9:30:09.981248576,T,305.0,1000,309.21,500,IBM
2025-10-27,9:30:09.993828720,T,306.47,100,309.21,500,IBM
2025-10-27,9:30:10.226121520,T,305.0,1000,309.21,500,IBM
2025-10-27,9:30:10.383701673,T,306.48,100,309.21,500,IBM
2025-10-27,9:30:10.665703141,T,305.0,1000,309.21,500,IBM
2025-10-27,9:30:10.829082026,T,306.49,100,309.21,500,IBM
2025-10-27,9:30:10.938031473,T,305.0,1000,309.21,500,IBM
2025-10-27,9:30:10.993889425,T,306.5,100,309.21,500,IBM
2025-10-27,9:30:11.250820961,T,305.0,1000,309.21,500,IBM
2025-10-27,9:30:11.352813805,T,306.51,100,309.21,500,IBM
2025-10-27,9:30:11.654812710,T,306.51,400,309.21,500,IBM
2025-10-27,9:30:11.675256398,T,306.51,100,309.21,500,IBM
2025-10-27,9:30:11.675381712,T,305.0,1000,309.21,500,IBM
2025-10-27,9:30:11.676248817,T,306.0,100,309.21,500,IBM
2025-10-27,9:30:11.677576910,T,306.1,100,309.21,500,IBM
2025-10-27,9:30:11.679606705,T,306.0,100,309.21,500,IBM
2025-10-27,9:30:11.679737042,T,305.0,1000,309.21,500,IBM
2025-10-27,9:30:11.694091281,T,306.52,100,309.21,500,IBM
2025-10-27,9:30:11.999563504,T,305.0,1000,309.21,500,IBM
2025-10-27,9:30:12.000866660,T,306.52,300,309.21,500,IBM
2025-10-27,9:30:12.000881580,T,306.52,600,309.21,500,IBM
2025-10-27,9:30:12.001387724,T,306.52,300,309.21,500,IBM
2025-10-27,9:30:12.604132642,T,306.53,100,309.21,500,IBM
2025-10-27,9:30:12.792145184,T,306.52,300,309.21,500,IBM
2025-10-27,9:30:13.039794798,T,306.92,100,309.21,500,IBM
2025-10-27,9:30:13.039870035,T,306.52,300,309.21,500,IBM
2025-10-27,9:30:13.040341076,T,306.51,100,309.21,500,IBM
2025-10-27,9:30:13.040611742,T,306.1,100,309.21,500,IBM
2025-10-27,9:30:13.040616774,T,307.04,100,309.21,500,IBM
2025-10-27,9:30:13.040792157,T,307.62,100,309.21,500,IBM
2025-10-27,9:30:13.042386061,T,306.51,100,309.21,500,IBM
2025-10-27,9:30:13.140193874,T,306.1,100,309.21,500,IBM
2025-10-27,9:30:13.140770238,T,306.51,100,309.21,500,IBM
2025-10-27,9:30:13.140910486,T,306.0,100,309.21,500,IBM
2025-10-27,9:30:13.140910486,T,306.1,100,309.21,500,IBM
2025-10-27,9:30:13.141441791,T,306.0,100,309.21,500,IBM
2025-10-27,9:30:13.141441791,T,306.1,100,309.21,500,IBM
2025-10-27,9:30:13.141998144,T,306.1,100,309.13,200,IBM
2025-10-27,9:30:13.142108395,T,306.0,100,309.13,200,IBM
2025-10-27,9:30:13.171067367,T,306.0,100,309.13,300,IBM
2025-10-27,9:30:13.171463279,T,307.02,100,309.13,300,IBM
2025-10-27,9:30:13.171488306,T,307.02,100,309.13,200,IBM
2025-10-27,9:30:13.231310822,T,307.02,100,309.13,300,IBM
2025-10-27,9:30:13.289945344,T,306.82,500,309.13,300,IBM
2025-10-27,9:30:13.994071694,T,306.91,100,309.13,300,IBM
2025-10-27,9:30:14.139603150,T,306.82,500,309.13,300,IBM
2025-10-27,9:30:14.141883592,T,306.82,500,309.21,600,IBM
2025-10-27,9:30:14.329189531,T,306.82,500,309.21,500,IBM
2025-10-27,9:30:14.379158438,T,306.82,500,309.21,600,IBM
2025-10-27,9:30:14.531405898,T,306.82,500,309.21,500,IBM
2025-10-27,9:30:14.652393849,T,306.82,500,309.21,600,IBM
2025-10-27,9:30:14.653085483,T,306.82,500,309.21,500,IBM
2025-10-27,9:30:14.655345972,T,306.82,300,309.21,500,IBM
2025-10-27,9:30:14.655355932,T,306.0,100,309.21,500,IBM
2025-10-27,9:30:14.999760872,T,305.0,1000,309.21,500,IBM
2025-10-27,9:30:15.000297104,T,307.12,100,309.21,500,IBM
2025-10-27,9:30:15.968376867,T,305.0,1000,309.21,500,IBM
2025-10-27,9:30:15.969619817,T,307.11,200,309.21,500,IBM
2025-10-27,9:30:15.969639825,T,307.11,300,309.21,500,IBM
2025-10-27,9:30:16.086703519,T,307.13,100,309.21,500,IBM
2025-10-27,9:30:16.086703519,T,307.11,300,309.21,500,IBM
2025-10-27,9:30:17.283086755,T,307.11,100,309.21,500,IBM
2025-10-27,9:30:17.283106739,T,306.4,100,309.21,500,IBM
2025-10-27,9:30:17.716809207,T,306.39,100,309.21,500,IBM
2025-10-27,9:30:17.717109895,T,307.48,100,309.21,500,IBM
2025-10-27,9:30:17.718337843,T,307.48,300,309.21,500,IBM
2025-10-27,9:30:17.718423093,T,307.48,400,309.21,500,IBM
2025-10-27,9:30:17.740455480,T,307.49,400,309.21,500,IBM
2025-10-27,9:30:19.521610846,T,307.49,100,309.21,500,IBM
2025-10-27,9:30:19.705578834,T,307.97,100,309.21,500,IBM
2025-10-27,9:30:19.707944426,T,307.97,100,309.21,600,IBM
2025-10-27,9:30:19.905234051,T,307.97,100,309.21,500,IBM
2025-10-27,9:30:19.905319274,T,307.97,300,309.21,500,IBM
2025-10-27,9:30:19.905334286,T,307.97,400,309.21,500,IBM
2025-10-27,9:30:20.840786450,T,307.97,300,309.21,500,IBM
2025-10-27,9:30:20.840791294,T,308.29,100,309.21,500,IBM
2025-10-27,9:30:20.841387789,T,307.97,100,309.21,500,IBM
2025-10-27,9:30:20.841392793,T,306.39,100,309.21,500,IBM
2025-10-27,9:30:20.841783721,T,308.29,100,309.21,500,IBM
2025-10-27,9:30:20.841788755,T,308.29,200,309.21,500,IBM
2025-10-27,9:30:20.841823735,T,308.29,100,309.21,500,IBM
2025-10-27,9:30:20.842024257,T,308.29,200,309.21,500,IBM
2025-10-27,9:30:20.842109413,T,308.29,100,309.21,500,IBM
2025-10-27,9:30:20.842475367,T,308.29,100,309.21,600,IBM
2025-10-27,9:30:20.842680826,T,306.94,100,309.21,600,IBM
2025-10-27,9:30:20.842680826,T,308.72,100,309.21,600,IBM
2025-10-27,9:30:20.843297301,T,306.94,100,309.21,600,IBM
2025-10-27,9:30:20.843638059,T,308.86,100,309.21,600,IBM
2025-10-27,9:30:20.844089218,T,308.86,100,309.21,500,IBM
2025-10-27,9:30:20.844094169,T,308.86,100,309.21,200,IBM
2025-10-27,9:30:20.844134255,T,308.86,100,309.21,100,IBM
2025-10-27,9:30:20.844159371,T,308.87,100,309.21,100,IBM
2025-10-27,9:30:20.844184368,T,308.87,100,309.77,1000,IBM
2025-10-27,9:30:20.844194415,T,308.86,100,309.77,1000,IBM
2025-10-27,9:30:20.849908313,T,309.1,100,309.77,1000,IBM
2025-10-27,9:30:20.849948081,T,309.09,100,309.77,1000,IBM
2025-10-27,9:30:20.850088466,T,309.1,100,309.77,1000,IBM
2025-10-27,9:30:20.850223758,T,309.1,100,309.77,1100,IBM
2025-10-27,9:30:20.850374180,T,309.1,100,309.77,1300,IBM
2025-10-27,9:30:20.850409274,T,309.1,100,309.77,1500,IBM
2025-10-27,9:30:20.850519440,T,309.1,100,309.77,1700,IBM
2025-10-27,9:30:20.850639818,T,309.1,100,309.77,1800,IBM
2025-10-27,9:30:20.850724960,T,306.75,100,309.77,1800,IBM
2025-10-27,9:30:20.850745036,T,307.71,100,309.77,1800,IBM
2025-10-27,9:30:20.852574343,T,306.75,100,309.77,1800,IBM
2025-10-27,9:30:20.852910198,T,306.96,100,309.77,1800,IBM
2025-10-27,9:30:20.854478905,T,309.18,100,309.77,1800,IBM
2025-10-27,9:30:20.856203023,T,309.18,100,309.77,1900,IBM
2025-10-27,9:30:20.858348137,T,309.18,100,309.77,1700,IBM
2025-10-27,9:30:20.858383190,T,309.18,100,309.77,1200,IBM
2025-10-27,9:30:20.858393654,T,309.18,100,309.77,900,IBM
2025-10-27,9:30:20.858393654,T,309.18,100,309.77,800,IBM
2025-10-27,9:30:20.858398240,T,309.18,100,309.77,600,IBM
2025-10-27,9:30:20.858398240,T,309.18,100,309.77,400,IBM
2025-10-27,9:30:20.858403556,T,309.18,100,309.77,200,IBM
2025-10-27,9:30:20.858403556,T,309.18,100,309.77,100,IBM
2025-10-27,9:30:20.858403556,T,309.18,100,309.8,100,IBM
2025-10-27,9:30:20.858428287,T,309.3,100,309.8,100,IBM
2025-10-27,9:30:20.858653830,T,309.53,100,309.8,100,IBM
2025-10-27,9:30:20.859125016,T,309.53,100,309.99,100,IBM
2025-10-27,9:30:20.859130031,T,309.53,100,310.0,300,IBM
2025-10-27,9:30:20.866562718,T,309.18,100,310.0,300,IBM
2025-10-27,9:30:20.884264840,T,306.93,100,310.0,300,IBM
2025-10-27,9:30:20.884289829,T,306.93,100,309.99,100,IBM
2025-10-27,9:30:20.885688268,T,306.93,100,310.0,300,IBM
2025-10-27,9:30:20.885878691,T,306.93,100,309.99,100,IBM
2025-10-27,9:30:20.888289360,T,306.93,100,310.0,300,IBM
2025-10-27,9:30:20.949449951,T,306.75,100,310.0,300,IBM
2025-10-27,9:30:20.960255787,T,306.0,100,310.0,300,IBM
2025-10-27,9:30:20.960280784,T,306.0,100,310.0,400,IBM
2025-10-27,9:30:20.960305815,T,306.75,100,310.0,400,IBM
2025-10-27,9:30:20.960315816,T,309.0,100,310.0,400,IBM
2025-10-27,9:30:20.960726877,T,309.0,100,309.99,100,IBM
2025-10-27,9:30:20.960862213,T,309.0,100,309.54,200,IBM
2025-10-27,9:30:20.960902414,T,309.0,100,309.97,100,IBM
2025-10-27,9:30:20.960902414,T,309.0,100,309.99,100,IBM
2025-10-27,9:30:20.960932350,T,309.11,100,309.99,100,IBM
2025-10-27,9:30:20.961117761,T,309.11,100,310.0,400,IBM
2025-10-27,9:30:20.962050024,T,309.11,100,310.0,300,IBM
2025-10-27,9:30:20.962070011,T,309.0,100,310.0,300,IBM
2025-10-27,9:30:21.178029152,T,306.0,100,310.0,300,IBM
2025-10-27,9:30:21.178029152,T,306.0,100,309.99,100,IBM
2025-10-27,9:30:21.178625578,T,309.0,300,309.99,100,IBM
2025-10-27,9:30:21.180314627,T,309.0,300,310.0,300,IBM
2025-10-27,9:30:21.599272013,T,309.0,300,309.99,100,IBM
2025-10-27,9:30:21.601386954,T,309.0,300,310.0,300,IBM
2025-10-27,9:30:21.688313930,T,309.0,300,309.89,100,IBM
2025-10-27,9:30:21.688734878,T,309.0,300,309.89,200,IBM
2025-10-27,9:30:22.587364453,T,309.0,300,309.89,100,IBM
2025-10-27,9:30:23.680236003,T,306.94,100,309.89,100,IBM
2025-10-27,9:30:23.680260991,T,306.94,100,309.01,100,IBM
2025-10-27,9:30:23.680271415,T,306.0,100,309.01,100,IBM
2025-10-27,9:30:23.680281670,T,306.0,100,309.89,100,IBM
2025-10-27,9:30:23.680351577,T,306.75,100,309.89,100,IBM
2025-10-27,9:30:23.680521633,T,306.75,100,309.89,200,IBM
2025-10-27,9:30:23.680626952,T,307.98,100,309.89,200,IBM
2025-10-27,9:30:23.680677002,T,307.98,100,309.89,100,IBM
2025-10-27,9:30:23.681062893,T,307.98,100,309.36,100,IBM
2025-10-27,9:30:23.681103027,T,307.98,100,309.35,100,IBM
2025-10-27,9:30:23.681333585,T,307.98,100,309.36,100,IBM
2025-10-27,9:30:23.681338590,T,307.98,100,309.89,100,IBM
2025-10-27,9:30:23.681549049,T,307.98,100,309.99,100,IBM
2025-10-27,9:30:23.681669367,T,306.93,100,309.99,100,IBM
2025-10-27,9:30:23.682486381,T,306.93,100,310.0,300,IBM
2025-10-27,9:30:23.682757024,T,308.5,100,310.0,300,IBM
2025-10-27,9:30:23.682772031,T,308.5,200,310.0,300,IBM
2025-10-27,9:30:23.683533851,T,308.5,100,310.0,300,IBM
2025-10-27,9:30:23.683543880,T,306.93,100,310.0,300,IBM
2025-10-27,9:30:23.683563887,T,306.93,100,309.99,100,IBM
2025-10-27,9:30:23.684466020,T,306.93,100,310.0,300,IBM
2025-10-27,9:30:23.685568668,T,306.75,100,310.0,300,IBM
2025-10-27,9:30:23.685603779,T,306.93,100,310.0,300,IBM
2025-10-27,9:30:23.697677531,T,306.93,100,309.99,100,IBM
2025-10-27,9:30:23.701155788,T,306.93,100,310.0,300,IBM
2025-10-27,9:30:23.780755306,T,306.75,100,310.0,300,IBM
2025-10-27,9:30:23.780765257,T,306.0,100,310.0,300,IBM
2025-10-27,9:30:23.873049973,T,306.0,100,310.0,400,IBM
2025-10-27,9:30:23.873506022,T,306.0,100,310.0,300,IBM
2025-10-27,9:30:23.873546175,T,306.0,100,310.0,400,IBM
2025-10-27,9:30:23.885183867,T,306.0,100,310.0,300,IBM
2025-10-27,9:30:25.008071971,T,308.5,100,310.0,300,IBM
2025-10-27,9:30:27.061661067,T,308.5,100,310.0,400,IBM
2025-10-27,9:30:29.249344120,T,306.75,100,310.0,400,IBM
2025-10-27,9:30:29.249344120,T,306.75,100,309.99,100,IBM
2025-10-27,9:30:29.249349178,T,306.75,100,309.68,100,IBM
2025-10-27,9:30:29.249354181,T,306.75,100,309.99,100,IBM
2025-10-27,9:30:29.249369207,T,306.75,100,309.69,100,IBM
2025-10-27,9:30:29.249404345,T,306.75,100,309.45,100,IBM
2025-10-27,9:30:29.249419370,T,306.75,100,309.11,100,IBM
2025-10-27,9:30:29.249464455,T,306.75,100,309.58,100,IBM
2025-10-27,9:30:29.249464455,T,306.75,100,309.11,100,IBM
2025-10-27,9:30:29.249765156,T,306.75,100,308.75,100,IBM
2025-10-27,9:30:29.250622157,T,306.75,100,308.75,200,IBM
2025-10-27,9:30:29.259934341,T,306.75,100,308.75,300,IBM
2025-10-27,9:30:29.269401918,T,306.75,100,308.34,100,IBM
2025-10-27,9:30:29.269852916,T,306.25,100,308.34,100,IBM
2025-10-27,9:30:29.269863019,T,306.25,100,308.34,200,IBM
2025-10-27,9:30:29.269878038,T,306.07,100,308.34,200,IBM
2025-10-27,9:30:29.269928109,T,306.0,100,308.34,200,IBM
2025-10-27,9:30:29.270529542,T,306.98,100,308.34,200,IBM
2025-10-27,9:30:29.271546968,T,306.98,200,308.34,200,IBM
2025-10-27,9:30:29.272619533,T,306.98,200,308.34,100,IBM
2025-10-27,9:30:29.402563928,T,307.17,100,308.34,100,IBM
2025-10-27,9:30:30.578227637,T,307.24,100,308.34,100,IBM
2025-10-27,9:30:30.578257719,T,307.17,100,308.34,100,IBM
2025-10-27,9:30:37.323646140,T,306.97,100,308.34,100,IBM
2025-10-27,9:30:37.323921779,T,306.97,100,309.99,100,IBM
2025-10-27,9:30:37.328372448,T,306.0,100,309.99,100,IBM
2025-10-27,9:30:38.072102928,T,307.33,100,309.99,100,IBM
2025-10-27,9:30:38.418056446,T,307.57,100,309.99,100,IBM
2025-10-27,9:30:38.418191775,T,307.58,100,309.99,100,IBM
2025-10-27,9:30:38.419575082,T,307.57,100,309.99,100,IBM
2025-10-27,9:30:38.615185696,T,307.58,100,309.99,100,IBM
2025-10-27,9:30:38.615451438,T,307.58,100,309.44,100,IBM
2025-10-27,9:30:38.615536629,T,308.03,100,309.44,100,IBM
2025-10-27,9:30:38.615872351,T,308.03,100,309.44,200,IBM
2025-10-27,9:30:38.628412219,T,307.72,100,309.44,200,IBM
2025-10-27,9:30:38.640726557,T,307.73,100,309.44,200,IBM
2025-10-27,9:30:38.818364407,T,307.72,100,309.44,200,IBM
2025-10-27,9:30:38.865777347,T,307.74,100,309.44,200,IBM
2025-10-27,9:30:39.117947628,T,307.74,100,309.4,100,IBM
2025-10-27,9:30:39.117972694,T,307.72,100,309.4,100,IBM
2025-10-27,9:30:39.117982778,T,307.72,100,309.39,100,IBM
2025-10-27,9:30:39.118393744,T,307.74,100,309.39,100,IBM
2025-10-27,9:30:39.118819693,T,307.74,100,309.39,200,IBM
2025-10-27,9:30:39.328092891,T,307.72,100,309.39,200,IBM
2025-10-27,9:30:39.328188114,T,307.73,100,309.39,200,IBM
2025-10-27,9:30:39.328223186,T,307.73,200,309.39,200,IBM
2025-10-27,9:30:39.336267419,T,307.73,200,309.39,100,IBM
2025-10-27,9:30:39.336297425,T,307.73,100,309.39,100,IBM
2025-10-27,9:30:39.880788875,T,307.73,200,309.39,100,IBM
2025-10-27,9:30:41.302884281,T,307.73,100,309.39,100,IBM
2025-10-27,9:30:41.304483098,T,307.79,100,309.39,100,IBM
2025-10-27,9:30:41.304603383,T,307.73,100,309.39,100,IBM
2025-10-27,9:30:41.304603383,T,307.79,100,309.39,100,IBM
2025-10-27,9:30:41.312772826,T,307.72,100,309.39,100,IBM
2025-10-27,9:30:41.692867693,T,307.72,100,309.39,200,IBM
2025-10-27,9:30:43.694883807,T,307.72,100,309.39,100,IBM
2025-10-27,9:30:43.694888775,T,307.72,100,309.34,100,IBM
2025-10-27,9:30:43.694923918,T,307.72,100,309.39,100,IBM
2025-10-27,9:30:43.695139396,T,306.97,100,309.39,100,IBM
2025-10-27,9:30:44.257362783,T,306.25,100,309.39,100,IBM
2025-10-27,9:30:45.002536695,T,306.0,100,309.39,100,IBM
2025-10-27,9:30:45.937748088,T,307.72,100,309.39,100,IBM
2025-10-27,9:30:46.201831794,T,307.73,100,309.39,100,IBM
2025-10-27,9:30:46.445827691,T,306.0,100,309.39,100,IBM
2025-10-27,9:30:46.639989942,T,306.0,100,309.99,100,IBM
2025-10-27,9:30:46.640025050,T,306.0,100,308.51,100,IBM
2025-10-27,9:30:46.767398329,T,306.0,100,308.51,200,IBM
2025-10-27,9:30:47.810411223,T,306.0,100,308.51,100,IBM
2025-10-27,9:30:48.356977418,T,307.57,100,308.51,100,IBM
2025-10-27,9:30:49.615839210,T,307.57,400,308.51,100,IBM
2025-10-27,9:30:51.363419718,T,307.57,300,308.51,100,IBM
2025-10-27,9:30:51.363424563,T,306.0,100,308.51,100,IBM
2025-10-27,9:30:51.363504829,T,305.89,100,308.51,100,IBM
2025-10-27,9:30:51.363514863,T,305.89,100,308.51,200,IBM
2025-10-27,9:30:51.363940771,T,305.71,100,308.51,200,IBM
2025-10-27,9:30:51.363965927,T,305.89,100,308.51,200,IBM
2025-10-27,9:30:51.363965927,T,306.0,100,308.51,200,IBM
2025-10-27,9:30:51.363970946,T,306.0,100,308.51,100,IBM
2025-10-27,9:30:51.363990948,T,305.89,100,308.51,100,IBM
2025-10-27,9:30:51.364041063,T,306.0,100,308.51,100,IBM
2025-10-27,9:30:51.364101166,T,306.4,100,308.51,100,IBM
2025-10-27,9:30:51.365043470,T,306.43,100,308.51,100,IBM
2025-10-27,9:30:51.365188743,T,306.61,100,308.51,100,IBM
2025-10-27,9:30:51.365203816,T,306.4,100,308.51,100,IBM
2025-10-27,9:30:51.365324142,T,306.4,100,308.51,200,IBM
2025-10-27,9:30:51.365329178,T,306.4,100,308.5,100,IBM
2025-10-27,9:30:51.365344197,T,306.4,100,308.31,100,IBM
2025-10-27,9:30:51.365429400,T,306.4,100,307.89,100,IBM
2025-10-27,9:30:51.365524566,T,306.4,100,308.31,100,IBM
2025-10-27,9:30:51.365629850,T,306.4,100,307.89,100,IBM
2025-10-27,9:30:51.365664896,T,306.4,100,308.37,100,IBM
2025-10-27,9:30:51.365780235,T,306.98,100,308.37,100,IBM
2025-10-27,9:30:51.365800299,T,306.98,100,308.5,100,IBM
2025-10-27,9:30:51.366196241,T,306.98,100,308.31,100,IBM
2025-10-27,9:30:51.366211208,T,306.4,100,308.31,100,IBM
2025-10-27,9:30:51.366221206,T,306.4,100,308.5,100,IBM
2025-10-27,9:30:51.366241265,T,306.4,100,308.51,200,IBM
2025-10-27,9:30:51.366251363,T,306.4,100,308.51,100,IBM
2025-10-27,9:30:51.391912439,T,306.4,100,308.5,100,IBM
2025-10-27,9:30:51.400352564,T,306.4,100,308.51,100,IBM
2025-10-27,9:30:51.457553742,T,306.4,100,308.51,200,IBM
2025-10-27,9:30:51.894919949,T,306.4,100,308.51,300,IBM
2025-10-27,9:30:52.217783609,T,306.98,100,308.51,300,IBM
2025-10-27,9:30:52.218249776,T,306.98,100,308.35,100,IBM
2025-10-27,9:30:52.226699805,T,306.98,100,308.51,100,IBM
2025-10-27,9:30:52.227120842,T,306.98,100,308.51,200,IBM
2025-10-27,9:30:52.395461622,T,306.98,100,308.35,100,IBM
2025-10-27,9:30:52.403831568,T,306.98,100,308.51,100,IBM
2025-10-27,9:30:52.404563302,T,306.98,100,308.51,200,IBM
2025-10-27,9:30:52.492908646,T,306.98,100,308.51,100,IBM
2025-10-27,9:30:54.997230457,T,306.98,100,309.39,100,IBM
2025-10-27,9:30:54.997255472,T,306.98,100,309.77,100,IBM
2025-10-27,9:30:54.997265492,T,306.98,100,308.36,200,IBM
2025-10-27,9:30:55.388481771,T,306.98,100,308.33,100,IBM
2025-10-27,9:30:55.388506976,T,306.98,100,308.33,200,IBM
2025-10-27,9:30:55.388506976,T,306.98,100,308.33,100,IBM
2025-10-27,9:30:55.388511897,T,306.98,100,308.08,100,IBM
2025-10-27,9:30:55.388556997,T,306.98,100,308.06,100,IBM
2025-10-27,9:30:55.388556997,T,306.98,100,308.08,100,IBM
2025-10-27,9:30:55.388993065,T,306.98,100,307.66,100,IBM
2025-10-27,9:30:55.389264466,T,307.0,100,307.66,100,IBM
2025-10-27,9:30:55.389264466,T,307.0,100,307.47,100,IBM
2025-10-27,9:30:55.389328779,T,307.0,100,308.08,100,IBM
2025-10-27,9:30:55.389373895,T,306.98,200,308.08,100,IBM
2025-10-27,9:30:55.389429140,T,307.06,100,308.08,100,IBM
2025-10-27,9:30:55.389464159,T,307.06,200,308.08,100,IBM
2025-10-27,9:30:55.389519304,T,307.06,100,308.08,100,IBM
2025-10-27,9:30:55.389519304,T,307.06,200,308.08,100,IBM
2025-10-27,9:30:55.389544276,T,307.39,100,308.08,100,IBM
2025-10-27,9:30:55.389955297,T,307.39,100,308.07,100,IBM
2025-10-27,9:30:55.390080648,T,307.39,200,308.07,100,IBM
2025-10-27,9:30:55.390126199,T,307.39,100,308.07,100,IBM
2025-10-27,9:30:55.390126199,T,307.06,100,308.07,100,IBM
2025-10-27,9:30:55.390351283,T,307.39,100,308.07,100,IBM
2025-10-27,9:30:55.396039958,T,307.39,100,308.08,200,IBM
2025-10-27,9:30:55.396039958,T,307.39,100,308.08,100,IBM
2025-10-27,9:30:55.400720972,T,307.39,100,308.36,200,IBM
2025-10-27,9:30:55.401172041,T,307.39,100,308.36,300,IBM
2025-10-27,9:30:57.998580506,T,307.4,100,308.36,300,IBM
2025-10-27,9:30:57.998645690,T,307.39,100,308.36,300,IBM
2025-10-27,9:31:00.113881210,T,307.39,100,308.36,200,IBM
2025-10-27,9:31:00.490332328,T,306.78,200,308.36,200,IBM
2025-10-27,9:31:00.812118597,T,307.39,200,308.36,200,IBM
2025-10-27,9:31:01.131538956,T,307.4,100,308.36,200,IBM
2025-10-27,9:31:03.813042639,T,307.41,100,308.36,200,IBM
2025-10-27,9:31:05.290224416,T,307.41,400,308.36,200,IBM
2025-10-27,9:31:05.291016272,T,307.41,100,308.36,200,IBM
2025-10-27,9:31:05.859399318,T,307.41,300,308.36,200,IBM
2025-10-27,9:31:06.064447404,T,307.41,200,308.36,200,IBM
2025-10-27,9:31:06.066046175,T,307.42,100,308.36,200,IBM
2025-10-27,9:31:06.283263379,T,307.41,200,308.36,200,IBM
2025-10-27,9:31:06.822507020,T,307.41,200,308.36,300,IBM
2025-10-27,9:31:06.894122523,T,307.43,100,308.36,300,IBM
2025-10-27,9:31:08.023912323,T,307.41,200,308.36,300,IBM
2025-10-27,9:31:08.024157913,T,307.43,100,308.36,300,IBM
2025-10-27,9:31:08.136044244,T,307.41,200,308.36,300,IBM
2025-10-27,9:31:08.351457056,T,307.43,100,308.36,300,IBM
2025-10-27,9:31:08.351487155,T,307.43,200,308.36,300,IBM
2025-10-27,9:31:09.459324449,T,307.79,100,308.36,300,IBM
2025-10-27,9:31:09.460121408,T,307.79,300,308.36,300,IBM
2025-10-27,9:31:09.516515660,T,307.79,200,308.36,300,IBM
2025-10-27,9:31:11.094682676,T,307.43,200,308.36,300,IBM
2025-10-27,9:31:11.243652349,T,307.8,300,308.36,300,IBM
2025-10-27,9:31:14.828661813,T,307.8,200,308.36,300,IBM
2025-10-27,9:31:14.828977583,T,307.43,100,308.36,300,IBM
2025-10-27,9:31:14.829579054,T,307.8,100,308.36,300,IBM
2025-10-27,9:31:14.893080624,T,307.8,100,308.36,400,IBM
2025-10-27,9:31:17.574979807,T,307.43,100,308.36,400,IBM
2025-10-27,9:31:17.575195273,T,307.43,100,307.98,100,IBM
2025-10-27,9:31:17.575646795,T,307.17,200,307.98,100,IBM
2025-10-27,9:31:17.575977218,T,307.17,200,307.97,100,IBM
2025-10-27,9:31:17.579159726,T,307.17,200,307.98,200,IBM
2025-10-27,9:31:17.579159726,T,307.17,200,307.98,100,IBM
2025-10-27,9:31:17.586572389,T,307.17,200,308.36,300,IBM
2025-10-27,9:31:20.131501085,T,307.5,100,308.36,300,IBM
2025-10-27,9:31:21.575674041,T,307.5,200,308.36,300,IBM
2025-10-27,9:31:22.756194493,T,307.5,300,308.36,300,IBM
2025-10-27,9:31:22.985034328,T,307.5,300,308.36,200,IBM
2025-10-27,9:31:23.186258383,T,307.5,200,308.36,200,IBM
2025-10-27,9:31:23.532252015,T,307.5,100,308.36,200,IBM
2025-10-27,9:31:23.617018804,T,307.17,200,308.36,200,IBM
2025-10-27,9:31:23.617234306,T,307.17,200,307.74,100,IBM
2025-10-27,9:31:23.617249316,T,307.17,200,308.36,200,IBM
2025-10-27,9:31:23.617270150,T,307.17,200,308.13,100,IBM
2025-10-27,9:31:23.617274437,T,307.17,200,307.97,100,IBM
2025-10-27,9:31:23.617299781,T,307.17,200,308.13,100,IBM
2025-10-27,9:31:23.617324533,T,307.17,200,308.36,200,IBM
2025-10-27,9:31:23.617334538,T,307.17,200,308.35,100,IBM
2025-10-27,9:31:23.617339625,T,307.17,200,308.36,200,IBM
2025-10-27,9:31:23.617359723,T,306.0,100,308.36,200,IBM
2025-10-27,9:31:23.617369602,T,306.9,200,308.36,200,IBM
2025-10-27,9:31:23.617444822,T,306.9,300,308.36,200,IBM
2025-10-27,9:31:23.617464867,T,306.9,200,308.36,200,IBM
2025-10-27,9:31:23.617961025,T,307.4,100,308.36,200,IBM
2025-10-27,9:31:23.618527462,T,307.4,200,308.36,200,IBM
2025-10-27,9:31:23.618627626,T,307.4,100,308.36,200,IBM
2025-10-27,9:31:23.618627626,T,306.9,200,308.36,200,IBM
2025-10-27,9:31:23.618652721,T,306.9,200,307.88,100,IBM
2025-10-27,9:31:23.618793031,T,307.08,100,307.88,100,IBM
2025-10-27,9:31:23.618808128,T,306.9,200,307.88,100,IBM
2025-10-27,9:31:23.618828164,T,307.29,100,307.88,100,IBM
2025-10-27,9:31:23.619073666,T,307.29,100,307.88,200,IBM
2025-10-27,9:31:23.623308762,T,307.29,100,307.88,100,IBM
2025-10-27,9:31:23.642439295,T,306.9,200,307.88,100,IBM
2025-10-27,9:31:23.642469378,T,306.9,200,307.76,100,IBM
2025-10-27,9:31:23.642815233,T,306.9,300,307.76,100,IBM
2025-10-27,9:31:23.643421690,T,306.9,300,307.76,200,IBM
2025-10-27,9:31:23.643516939,T,306.9,300,307.76,100,IBM
2025-10-27,9:31:23.646473961,T,306.9,100,307.76,100,IBM
2025-10-27,9:31:23.773461273,T,307.0,100,307.76,100,IBM
2025-10-27,9:31:25.503620040,T,307.1,100,307.76,100,IBM
2025-10-27,9:31:25.503645121,T,307.1,200,307.76,100,IBM
2025-10-27,9:31:26.297931228,T,307.1,200,308.49,200,IBM
2025-10-27,9:31:26.297956278,T,307.75,100,308.49,200,IBM
2025-10-27,9:31:26.298006400,T,307.22,100,308.49,200,IBM
2025-10-27,9:31:26.298031425,T,307.11,100,308.49,200,IBM
2025-10-27,9:31:26.298151699,T,307.43,100,308.49,200,IBM
2025-10-27,9:31:26.298382329,T,307.44,100,308.49,200,IBM
2025-10-27,9:31:26.298667933,T,307.11,100,308.49,200,IBM
2025-10-27,9:31:26.298843339,T,307.44,100,308.49,200,IBM
2025-10-27,9:31:26.298893682,T,307.11,100,308.49,200,IBM
2025-10-27,9:31:26.299003772,T,307.1,100,308.49,200,IBM
2025-10-27,9:31:26.299209278,T,307.44,100,308.49,200,IBM
2025-10-27,9:31:26.300848202,T,307.11,100,308.49,200,IBM
2025-10-27,9:31:26.301374408,T,307.1,100,308.49,200,IBM
2025-10-27,9:31:26.301620030,T,307.11,100,308.49,200,IBM
2025-10-27,9:31:26.301655123,T,307.11,200,308.49,200,IBM
2025-10-27,9:31:26.413696910,T,307.11,200,308.0,100,IBM
2025-10-27,9:31:26.414122818,T,307.11,200,308.0,200,IBM
2025-10-27,9:31:26.809955146,T,307.11,200,308.0,100,IBM
2025-10-27,9:31:27.186175771,T,307.11,300,308.0,100,IBM
2025-10-27,9:31:34.042317712,T,307.12,100,308.0,100,IBM
2025-10-27,9:31:34.042342938,T,307.12,200,308.0,100,IBM
2025-10-27,9:31:34.042342938,T,307.12,300,308.0,100,IBM
2025-10-27,9:31:34.048076346,T,307.12,200,308.0,100,IBM
2025-10-27,9:31:36.072881745,T,307.12,200,308.49,200,IBM
2025-10-27,9:31:36.077908681,T,307.12,200,308.17,100,IBM
2025-10-27,9:31:36.106095732,T,307.12,200,307.91,100,IBM
2025-10-27,9:31:38.399305014,T,307.2,100,307.91,100,IBM
2025-10-27,9:31:38.399305014,T,307.2,200,307.91,100,IBM
2025-10-27,9:31:38.850554290,T,307.33,100,307.91,100,IBM
2025-10-27,9:31:38.850554290,T,307.33,200,307.91,100,IBM
2025-10-27,9:31:38.850839961,T,307.33,100,307.91,100,IBM
2025-10-27,9:31:38.850839961,T,307.89,100,307.91,100,IBM
2025-10-27,9:31:38.850849957,T,307.89,100,308.49,200,IBM
2025-10-27,9:31:38.850865078,T,307.34,100,308.49,200,IBM
2025-10-27,9:31:38.850885038,T,307.2,100,308.49,200,IBM
2025-10-27,9:31:38.850920127,T,307.33,100,308.49,200,IBM
2025-10-27,9:31:38.850945177,T,307.34,100,308.49,200,IBM
2025-10-27,9:31:38.850965284,T,307.44,100,308.49,200,IBM
2025-10-27,9:31:38.851030394,T,307.5,100,308.49,200,IBM
2025-10-27,9:31:38.851035411,T,307.54,100,308.49,200,IBM
2025-10-27,9:31:38.851110606,T,307.54,100,308.49,300,IBM
2025-10-27,9:31:38.851140648,T,307.5,100,308.49,300,IBM
2025-10-27,9:31:38.851140648,T,307.77,100,308.49,300,IBM
2025-10-27,9:31:38.851225900,T,307.77,100,308.13,100,IBM
2025-10-27,9:31:38.851250945,T,307.78,100,308.13,100,IBM
2025-10-27,9:31:38.851371280,T,307.77,100,308.13,100,IBM
2025-10-27,9:31:38.851927521,T,307.34,200,308.13,100,IBM
2025-10-27,9:31:38.852123004,T,307.78,100,308.13,100,IBM
2025-10-27,9:31:38.862708257,T,307.78,100,308.13,200,IBM
2025-10-27,9:31:38.879237665,T,307.78,100,308.13,100,IBM
2025-10-27,9:31:39.136179245,T,307.78,100,308.49,300,IBM
2025-10-27,9:31:39.136189264,T,307.11,100,308.49,300,IBM
2025-10-27,9:31:39.136204331,T,307.11,100,308.09,100,IBM
2025-10-27,9:31:39.136209371,T,307.11,100,307.79,100,IBM
2025-10-27,9:31:39.136239392,T,307.11,100,307.79,200,IBM
2025-10-27,9:31:39.136700490,T,307.78,100,307.79,200,IBM
2025-10-27,9:31:39.136725537,T,307.11,100,307.79,200,IBM
2025-10-27,9:31:39.136790671,T,307.11,100,307.79,100,IBM
2025-10-27,9:31:39.136890974,T,307.11,100,307.78,100,IBM
2025-10-27,9:31:39.137096416,T,307.11,100,308.49,300,IBM
2025-10-27,9:31:39.137116447,T,307.11,100,307.78,100,IBM
2025-10-27,9:31:39.137347016,T,307.11,100,308.49,300,IBM
2025-10-27,9:31:39.137367139,T,307.11,100,307.54,100,IBM
2025-10-27,9:31:39.137392564,T,307.11,100,308.35,100,IBM
2025-10-27,9:31:39.137397290,T,307.11,100,308.49,300,IBM
2025-10-27,9:31:39.147776901,T,307.11,100,308.49,400,IBM
2025-10-27,9:31:39.155735811,T,307.11,100,308.49,300,IBM
2025-10-27,9:31:39.890484904,T,307.1,100,308.49,300,IBM
2025-10-27,9:31:39.890695434,T,307.1,100,308.49,400,IBM
2025-10-27,9:31:41.316344440,T,307.1,100,308.49,300,IBM
2025-10-27,9:31:41.316635129,T,307.1,100,308.49,200,IBM
2025-10-27,9:31:41.316655153,T,307.1,100,308.35,100,IBM
2025-10-27,9:31:41.316795433,T,307.1,100,308.18,100,IBM
2025-10-27,9:31:41.316820490,T,306.63,200,308.18,100,IBM
2025-10-27,9:31:41.316845650,T,306.63,200,308.17,100,IBM
2025-10-27,9:31:41.316845650,T,306.63,200,307.86,100,IBM
2025-10-27,9:31:41.316870685,T,306.63,200,307.77,100,IBM
2025-10-27,9:31:41.317106233,T,306.63,200,307.75,100,IBM
2025-10-27,9:31:41.317146374,T,306.63,200,307.74,100,IBM
2025-10-27,9:31:41.317186413,T,307.11,100,307.74,100,IBM
2025-10-27,9:31:41.317206454,T,306.63,200,307.74,100,IBM
2025-10-27,9:31:41.317281611,T,306.0,100,307.74,100,IBM
2025-10-27,9:31:41.317286681,T,306.37,200,307.74,100,IBM
2025-10-27,9:31:41.317622492,T,306.61,100,307.74,100,IBM
2025-10-27,9:31:41.318925615,T,306.43,100,307.74,100,IBM
2025-10-27,9:31:41.327611245,T,306.43,100,307.77,100,IBM
2025-10-27,9:31:41.327651351,T,306.43,100,308.01,100,IBM
2025-10-27,9:31:41.327671431,T,306.43,100,308.49,200,IBM
2025-10-27,9:31:41.328708832,T,306.37,200,308.49,200,IBM
2025-10-27,9:31:41.369836819,T,307.0,100,308.49,200,IBM
2025-10-27,9:31:41.433538394,T,306.37,200,308.49,200,IBM
2025-10-27,9:31:41.436625824,T,306.0,100,308.49,200,IBM
2025-10-27,9:31:41.436635739,T,306.64,200,308.49,200,IBM
2025-10-27,9:31:42.639890378,T,306.64,200,308.13,100,IBM
2025-10-27,9:31:43.086498596,T,306.64,200,308.17,100,IBM
2025-10-27,9:31:43.090749333,T,306.64,200,308.18,100,IBM
2025-10-27,9:31:43.090798877,T,306.75,100,308.18,100,IBM
2025-10-27,9:31:43.091871451,T,306.64,200,308.18,100,IBM
2025-10-27,9:31:43.137851263,T,306.43,100,308.18,100,IBM
2025-10-27,9:31:43.137851263,T,306.88,200,308.18,100,IBM
2025-10-27,9:31:43.382032239,T,306.88,200,308.49,200,IBM
2025-10-27,9:31:43.929214932,T,307.51,100,308.49,200,IBM
2025-10-27,9:31:45.162064788,T,306.88,200,308.49,200,IBM
2025-10-27,9:31:45.162170081,T,307.51,100,308.49,200,IBM
2025-10-27,9:31:45.171011018,T,306.88,200,308.49,200,IBM
2025-10-27,9:31:45.569710170,T,307.0,100,308.49,200,IBM
2025-10-27,9:31:47.008119594,T,306.88,200,308.49,200,IBM
2025-10-27,9:31:47.008159833,T,306.88,200,308.0,100,IBM
2025-10-27,9:31:47.008164686,T,306.88,200,307.99,100,IBM
2025-10-27,9:31:47.008204779,T,306.88,200,308.13,100,IBM
2025-10-27,9:31:47.008204779,T,306.88,200,307.99,100,IBM
2025-10-27,9:31:47.008290011,T,306.88,200,307.74,100,IBM
2025-10-27,9:31:47.008570653,T,306.88,200,307.99,200,IBM
2025-10-27,9:31:47.008580671,T,306.88,200,307.99,300,IBM
2025-10-27,9:31:47.011457527,T,306.88,200,307.99,200,IBM
2025-10-27,9:31:47.018629615,T,306.88,200,307.99,100,IBM
2025-10-27,9:31:47.018644566,T,306.88,200,308.13,100,IBM
2025-10-27,9:31:47.021010275,T,306.88,200,308.24,200,IBM
2025-10-27,9:31:50.150274804,T,307.0,100,308.24,200,IBM
2025-10-27,9:31:50.150304963,T,307.01,100,308.24,200,IBM
2025-10-27,9:31:50.174407246,T,307.0,100,308.24,200,IBM
2025-10-27,9:31:50.250227674,T,306.88,200,308.24,200,IBM
2025-10-27,9:31:56.063155999,T,307.4,100,308.24,200,IBM
2025-10-27,9:31:56.063236288,T,307.4,200,308.24,200,IBM
2025-10-27,9:31:56.063652186,T,307.4,100,308.24,200,IBM
2025-10-27,9:31:56.063937863,T,306.88,200,308.24,200,IBM
2025-10-27,9:31:57.003675120,T,307.51,100,308.24,200,IBM
2025-10-27,9:31:57.003700283,T,306.88,200,308.24,200,IBM
2025-10-27,9:31:57.003705184,T,307.4,100,308.24,200,IBM
2025-10-27,9:31:57.003745357,T,307.75,100,308.24,200,IBM
2025-10-27,9:31:57.003810547,T,307.75,100,308.24,100,IBM
2025-10-27,9:31:57.003840967,T,307.75,100,308.68,100,IBM
2025-10-27,9:31:57.003840967,T,307.75,100,308.69,100,IBM
2025-10-27,9:31:57.003845759,T,307.75,100,309.8,100,IBM
2025-10-27,9:31:57.003860905,T,308.24,100,309.8,100,IBM
2025-10-27,9:31:57.003885654,T,307.82,100,309.8,100,IBM
2025-10-27,9:31:57.003905749,T,307.82,100,309.99,100,IBM
2025-10-27,9:31:57.003910729,T,307.4,100,309.99,100,IBM
2025-10-27,9:31:57.003910729,T,307.4,100,309.76,100,IBM
2025-10-27,9:31:57.003920809,T,307.75,100,309.76,100,IBM
2025-10-27,9:31:57.003920809,T,307.4,100,309.76,100,IBM
2025-10-27,9:31:57.003940839,T,307.4,100,309.94,100,IBM
2025-10-27,9:31:57.003945993,T,307.82,100,309.94,100,IBM
2025-10-27,9:31:57.003950794,T,307.82,100,308.51,100,IBM
2025-10-27,9:31:57.003976138,T,307.4,100,308.51,100,IBM
2025-10-27,9:31:57.004101215,T,307.4,100,308.46,100,IBM
2025-10-27,9:31:57.004156365,T,307.4,100,308.46,500,IBM
2025-10-27,9:31:57.004226445,T,307.0,100,308.46,500,IBM
2025-10-27,9:31:57.004296676,T,307.0,100,308.46,400,IBM
2025-10-27,9:31:57.004301613,T,307.0,100,308.51,100,IBM
2025-10-27,9:31:57.004321689,T,307.23,100,308.51,100,IBM
2025-10-27,9:31:57.004326772,T,307.23,100,308.26,500,IBM
2025-10-27,9:31:57.004341753,T,307.4,100,308.26,500,IBM
2025-10-27,9:31:57.004356788,T,307.23,100,308.26,500,IBM
2025-10-27,9:31:57.004426906,T,307.0,100,308.26,500,IBM
2025-10-27,9:31:57.004487060,T,307.62,100,308.26,500,IBM
2025-10-27,9:31:57.004507164,T,307.62,100,308.51,100,IBM
2025-10-27,9:31:57.004527169,T,307.62,100,308.51,200,IBM
2025-10-27,9:31:57.004867956,T,307.62,100,308.46,100,IBM
2025-10-27,9:31:57.004878024,T,307.62,100,308.51,200,IBM
2025-10-27,9:31:57.004903035,T,307.62,100,308.46,100,IBM
2025-10-27,9:31:57.004933178,T,307.62,100,308.51,200,IBM
2025-10-27,9:31:57.005374203,T,307.62,400,308.51,200,IBM
2025-10-27,9:31:57.238183473,T,307.62,400,308.51,100,IBM
2025-10-27,9:31:57.238980376,T,307.62,300,308.51,100,IBM
2025-10-27,9:31:57.239005428,T,306.88,200,308.51,100,IBM
2025-10-27,9:31:57.246127314,T,306.88,200,308.68,100,IBM
2025-10-27,9:31:57.246157485,T,306.88,200,308.78,300,IBM
2025-10-27,9:31:57.545039007,T,307.84,100,308.78,300,IBM
2025-10-27,9:31:59.097976379,T,307.84,100,308.26,100,IBM
2025-10-27,9:31:59.097996023,T,307.84,100,308.68,100,IBM
2025-10-27,9:31:59.097996023,T,307.84,100,308.78,200,IBM
2025-10-27,9:31:59.099304162,T,307.84,200,308.78,200,IBM
2025-10-27,9:32:01.412516135,T,307.84,100,308.78,200,IBM
2025-10-27,9:32:04.759910023,T,307.9,300,308.78,200,IBM
2025-10-27,9:32:05.743110814,T,307.99,100,308.78,200,IBM
2025-10-27,9:32:05.992218777,T,307.99,200,308.78,200,IBM
2025-10-27,9:32:06.162419023,T,307.99,100,308.78,200,IBM
2025-10-27,9:32:06.162419023,T,307.9,300,308.78,200,IBM
2025-10-27,9:32:06.162464157,T,307.9,300,308.25,100,IBM
2025-10-27,9:32:06.162599822,T,307.9,300,308.78,200,IBM
2025-10-27,9:32:06.162804941,T,307.9,300,308.5,100,IBM
2025-10-27,9:32:06.162809932,T,307.9,300,308.78,200,IBM
2025-10-27,9:32:06.162955345,T,307.9,300,308.78,300,IBM
2025-10-27,9:32:06.163085578,T,307.9,300,308.78,200,IBM
2025-10-27,9:32:06.163095607,T,307.99,100,308.78,200,IBM
2025-10-27,9:32:06.163135715,T,307.9,300,308.78,200,IBM
2025-10-27,9:32:06.163240954,T,307.9,300,308.41,100,IBM
2025-10-27,9:32:06.163411372,T,307.9,300,308.33,100,IBM
2025-10-27,9:32:06.163977742,T,307.9,300,308.5,100,IBM
2025-10-27,9:32:06.171465541,T,307.9,300,308.78,200,IBM
2025-10-27,9:32:06.965541002,T,307.2,200,308.78,200,IBM
2025-10-27,9:32:06.965561009,T,307.2,200,307.93,100,IBM
2025-10-27,9:32:06.965621389,T,307.2,200,308.25,100,IBM
2025-10-27,9:32:06.965641170,T,307.2,200,308.78,200,IBM
2025-10-27,9:32:06.965836674,T,307.2,200,308.79,100,IBM
2025-10-27,9:32:06.965841619,T,307.2,200,308.56,200,IBM
2025-10-27,9:32:06.976126145,T,307.21,100,308.56,200,IBM
2025-10-27,9:32:06.976391845,T,307.2,200,308.56,200,IBM
2025-10-27,9:32:06.977143591,T,307.21,100,308.56,200,IBM
2025-10-27,9:32:07.506588934,T,307.2,200,308.56,200,IBM
2025-10-27,9:32:08.557556047,T,307.2,200,309.0,100,IBM
2025-10-27,9:32:08.557556047,T,307.2,200,308.9,200,IBM
2025-10-27,9:32:09.695043771,T,306.0,100,308.9,200,IBM
2025-10-27,9:32:09.695048850,T,306.85,200,308.9,200,IBM
2025-10-27,9:32:09.696281703,T,307.14,100,308.9,200,IBM
2025-10-27,9:32:10.276568178,T,307.14,100,309.0,100,IBM
2025-10-27,9:32:10.276573205,T,307.14,100,308.58,200,IBM
2025-10-27,9:32:11.004481121,T,307.14,100,308.51,100,IBM
2025-10-27,9:32:11.004576368,T,306.85,200,308.51,100,IBM
2025-10-27,9:32:11.004902076,T,306.85,200,308.51,200,IBM
2025-10-27,9:32:11.006746438,T,306.0,100,308.51,200,IBM
2025-10-27,9:32:11.006756566,T,307.26,200,308.51,200,IBM
2025-10-27,9:32:11.054740773,T,307.26,200,308.51,100,IBM
2025-10-27,9:32:12.229332232,T,306.0,100,308.51,100,IBM
2025-10-27,9:32:12.229337208,T,306.85,200,308.51,100,IBM
2025-10-27,9:32:14.237126945,T,306.0,100,308.51,100,IBM
2025-10-27,9:32:14.237126945,T,307.23,200,308.51,100,IBM
2025-10-27,9:32:14.337671366,T,307.23,200,309.0,100,IBM
2025-10-27,9:32:16.336950862,T,307.23,200,308.55,100,IBM
2025-10-27,9:32:16.344037774,T,307.23,200,308.51,100,IBM
2025-10-27,9:32:19.643397329,T,307.23,200,308.5,100,IBM
2025-10-27,9:32:19.896555011,T,307.23,200,308.5,200,IBM
2025-10-27,9:32:20.646836066,T,307.23,200,308.22,100,IBM
2025-10-27,9:32:20.646881098,T,307.23,200,308.2,100,IBM
2025-10-27,9:32:20.647337186,T,307.23,200,308.2,200,IBM
2025-10-27,9:32:20.652529608,T,306.07,100,308.2,200,IBM
2025-10-27,9:32:20.652539655,T,306.92,200,308.2,200,IBM
2025-10-27,9:32:20.655060646,T,306.92,200,308.2,100,IBM
2025-10-27,9:32:20.658012588,T,306.92,200,308.2,200,IBM
2025-10-27,9:32:25.099761898,T,306.92,200,308.2,100,IBM
2025-10-27,9:32:30.862019577,T,306.92,200,308.2,200,IBM
2025-10-27,9:32:30.862024574,T,306.92,200,308.06,100,IBM
2025-10-27,9:32:30.862044601,T,306.92,200,307.83,100,IBM
2025-10-27,9:32:30.862475675,T,306.92,200,307.83,200,IBM
2025-10-27,9:32:30.863232476,T,305.89,100,307.83,200,IBM
2025-10-27,9:32:30.863237529,T,306.66,200,307.83,200,IBM
2025-10-27,9:32:30.870244201,T,306.66,200,307.83,100,IBM
2025-10-27,9:32:30.872780178,T,306.66,200,308.19,100,IBM
2025-10-27,9:32:30.886122023,T,306.66,200,308.24,100,IBM
2025-10-27,9:32:30.962498791,T,306.66,200,308.25,100,IBM
2025-10-27,9:32:33.053847515,T,306.66,200,307.99,100,IBM
2025-10-27,9:32:35.292095791,T,306.66,200,307.88,100,IBM
2025-10-27,9:32:35.292100658,T,306.66,200,307.99,100,IBM
2025-10-27,9:32:35.292185914,T,306.66,200,307.94,100,IBM
2025-10-27,9:32:35.292251004,T,306.66,200,307.88,100,IBM
2025-10-27,9:32:35.292271027,T,306.66,200,307.74,100,IBM
2025-10-27,9:32:35.292291181,T,306.66,200,307.99,100,IBM
2025-10-27,9:32:35.292291181,T,306.66,200,307.74,100,IBM
2025-10-27,9:32:35.292291181,T,306.66,200,307.38,100,IBM
2025-10-27,9:32:35.292376282,T,306.66,200,307.74,100,IBM
2025-10-27,9:32:35.292401350,T,306.66,200,307.19,100,IBM
2025-10-27,9:32:35.292451491,T,306.66,200,307.45,100,IBM
2025-10-27,9:32:35.292502713,T,306.66,200,307.38,100,IBM
2025-10-27,9:32:35.292586876,T,305.55,100,307.38,100,IBM
2025-10-27,9:32:35.292592081,T,306.32,200,307.38,100,IBM
2025-10-27,9:32:35.292717092,T,306.32,200,307.38,200,IBM
2025-10-27,9:32:35.292947728,T,306.32,200,307.19,100,IBM
2025-10-27,9:32:35.296355829,T,306.32,200,307.38,200,IBM
2025-10-27,9:32:35.302555577,T,306.32,200,307.38,100,IBM
2025-10-27,9:32:35.302836205,T,306.32,200,307.94,100,IBM
2025-10-27,9:32:35.306930936,T,306.32,200,307.79,100,IBM
2025-10-27,9:32:35.307111401,T,305.36,100,307.79,100,IBM
2025-10-27,9:32:35.314604239,T,305.35,100,307.79,100,IBM
2025-10-27,9:32:35.316323370,T,305.35,100,307.94,100,IBM
2025-10-27,9:32:35.326397354,T,305.35,100,307.99,100,IBM
2025-10-27,9:32:35.373283951,T,305.35,100,307.31,100,IBM
2025-10-27,9:32:35.413239041,T,306.02,200,307.31,100,IBM
2025-10-27,9:32:36.089980242,T,305.53,100,307.31,100,IBM
2025-10-27,9:32:36.089990289,T,306.32,200,307.31,100,IBM
2025-10-27,9:32:37.893047568,T,306.72,100,307.31,100,IBM
2025-10-27,9:32:38.978847588,T,306.73,100,307.31,100,IBM
2025-10-27,9:32:39.249100906,T,306.72,100,307.31,100,IBM
2025-10-27,9:32:40.067519317,T,306.74,100,307.31,100,IBM
2025-10-27,9:32:40.743282983,T,306.72,100,307.31,100,IBM
2025-10-27,9:32:41.998004945,T,306.67,100,307.31,100,IBM
2025-10-27,9:32:42.700361909,T,306.72,100,307.31,100,IBM
2025-10-27,9:32:42.852899983,T,306.72,100,307.31,200,IBM
2025-10-27,9:32:46.105122437,T,306.72,100,307.31,100,IBM
2025-10-27,9:32:46.947728317,T,306.72,100,307.31,200,IBM
2025-10-27,9:32:48.368335374,T,306.74,100,307.31,200,IBM
2025-10-27,9:32:48.368385529,T,306.74,100,307.31,100,IBM
2025-10-27,9:32:48.368420567,T,306.74,100,307.99,300,IBM
2025-10-27,9:32:48.368420567,T,306.75,100,307.99,300,IBM
2025-10-27,9:32:48.368440878,T,307.31,100,307.99,300,IBM
2025-10-27,9:32:48.368480826,T,307.02,100,307.99,300,IBM
2025-10-27,9:32:48.368811438,T,306.74,100,307.99,300,IBM
2025-10-27,9:32:48.369247509,T,307.07,100,307.99,300,IBM
2025-10-27,9:32:48.370024409,T,306.74,100,307.99,300,IBM
2025-10-27,9:32:49.507687579,T,307.02,100,307.99,300,IBM
2025-10-27,9:32:49.520533244,T,306.74,100,307.99,300,IBM
2025-10-27,9:32:50.896839724,T,306.67,100,307.99,300,IBM
2025-10-27,9:32:52.086381701,T,306.67,100,307.99,100,IBM
2025-10-27,9:32:52.086386807,T,306.67,100,307.73,200,IBM
2025-10-27,9:32:52.578102176,T,306.7,100,307.73,200,IBM
2025-10-27,9:32:52.818940519,T,306.7,100,307.58,100,IBM
2025-10-27,9:32:52.819927890,T,306.7,100,307.72,100,IBM
2025-10-27,9:32:52.827150063,T,306.7,100,307.73,200,IBM
2025-10-27,9:32:55.138352103,T,306.77,100,307.73,200,IBM
2025-10-27,9:32:56.311244230,T,306.7,100,307.73,200,IBM
2025-10-27,9:32:56.312066235,T,306.67,100,307.73,200,IBM
2025-10-27,9:33:00.417986007,T,306.67,100,307.3,200,IBM
2025-10-27,9:33:00.431989300,T,306.67,100,307.73,200,IBM
2025-10-27,9:33:01.726656489,T,307.17,100,307.73,200,IBM
2025-10-27,9:33:01.728190130,T,307.17,100,307.99,100,IBM
2025-10-27,9:33:01.728195259,T,307.17,100,307.99,300,IBM
2025-10-27,9:33:01.750698648,T,306.67,100,307.99,300,IBM
2025-10-27,9:33:01.834653559,T,307.23,100,307.99,300,IBM
2025-10-27,9:33:01.835224916,T,306.67,100,307.99,300,IBM
2025-10-27,9:33:02.243697253,T,306.32,200,307.99,300,IBM
2025-10-27,9:33:02.243732339,T,307.12,100,307.99,300,IBM
2025-10-27,9:33:05.080766328,T,307.19,100,307.99,300,IBM
2025-10-27,9:33:05.081748631,T,307.19,200,307.99,300,IBM
2025-10-27,9:33:05.300464424,T,307.19,100,307.99,300,IBM
2025-10-27,9:33:05.302053205,T,307.21,100,307.99,300,IBM
2025-10-27,9:33:06.077699730,T,307.19,100,307.99,300,IBM
2025-10-27,9:33:07.520805079,T,307.23,100,307.99,300,IBM
2025-10-27,9:33:07.520830138,T,307.19,100,307.99,300,IBM
2025-10-27,9:33:07.520835163,T,307.48,100,307.99,300,IBM
2025-10-27,9:33:07.521291192,T,307.12,100,307.99,300,IBM
2025-10-27,9:33:07.524884735,T,307.12,100,307.99,100,IBM
2025-10-27,9:33:08.584091426,T,307.48,100,307.99,100,IBM
2025-10-27,9:33:09.902655493,T,307.43,100,307.99,100,IBM
2025-10-27,9:33:09.902675696,T,307.43,100,307.49,100,IBM
2025-10-27,9:33:09.902715572,T,307.43,100,307.64,100,IBM
2025-10-27,9:33:09.902730884,T,306.66,200,307.64,100,IBM
2025-10-27,9:33:09.903201730,T,306.66,200,307.99,100,IBM
2025-10-27,9:33:09.924016348,T,306.66,200,307.94,100,IBM
2025-10-27,9:33:09.924241818,T,306.66,200,307.99,100,IBM
2025-10-27,9:33:09.924728049,T,305.55,100,307.99,100,IBM
2025-10-27,9:33:09.924733035,T,306.4,200,307.99,100,IBM
2025-10-27,9:33:10.607267781,T,306.4,200,307.79,100,IBM
2025-10-27,9:33:10.607277877,T,306.4,200,307.48,100,IBM
2025-10-27,9:33:10.607969488,T,306.4,200,307.23,100,IBM
2025-10-27,9:33:10.608330392,T,306.4,200,307.48,100,IBM
2025-10-27,9:33:10.608385463,T,306.0,100,307.48,100,IBM
2025-10-27,9:33:10.608395457,T,306.05,200,307.48,100,IBM
2025-10-27,9:33:10.609608401,T,306.3,100,307.48,100,IBM
2025-10-27,9:33:10.618800392,T,306.3,100,307.99,100,IBM
2025-10-27,9:33:11.949418111,T,306.3,100,307.55,100,IBM
2025-10-27,9:33:12.020683074,T,306.3,100,307.51,100,IBM
2025-10-27,9:33:12.020798051,T,306.3,100,307.49,100,IBM
2025-10-27,9:33:12.020803025,T,306.3,100,306.99,100,IBM
2025-10-27,9:33:12.020833096,T,306.3,100,306.99,200,IBM
2025-10-27,9:33:12.020833096,T,306.3,100,306.99,100,IBM
2025-10-27,9:33:12.020838176,T,306.3,200,306.99,100,IBM
2025-10-27,9:33:12.020923325,T,306.3,200,307.49,100,IBM
2025-10-27,9:33:12.021123812,T,306.3,200,307.37,100,IBM
2025-10-27,9:33:12.021148884,T,306.3,200,306.75,100,IBM
2025-10-27,9:33:12.021259181,T,306.3,200,307.49,200,IBM
2025-10-27,9:33:12.021289158,T,306.3,200,307.42,100,IBM
2025-10-27,9:33:12.025629456,T,306.32,100,307.42,100,IBM
2025-10-27,9:33:12.027418758,T,306.32,100,307.49,100,IBM
2025-10-27,9:33:12.036911321,T,306.32,100,307.55,100,IBM
2025-10-27,9:33:12.098222265,T,306.57,100,307.55,100,IBM
2025-10-27,9:33:13.397099469,T,306.32,100,307.55,100,IBM
2025-10-27,9:33:14.099967671,T,306.58,300,307.55,100,IBM
2025-10-27,9:33:16.308595642,T,306.58,300,307.62,200,IBM
2025-10-27,9:33:23.274619314,T,306.32,100,307.62,200,IBM
2025-10-27,9:33:23.591578779,T,306.58,100,307.62,200,IBM
2025-10-27,9:33:24.523968349,T,306.74,100,307.62,200,IBM
2025-10-27,9:33:24.524479576,T,306.58,100,307.62,200,IBM
2025-10-27,9:33:24.524620160,T,306.58,100,307.5,100,IBM
2025-10-27,9:33:24.524639964,T,306.58,100,307.39,100,IBM
2025-10-27,9:33:24.524750252,T,307.0,100,307.39,100,IBM
2025-10-27,9:33:24.524775298,T,306.32,100,307.39,100,IBM
2025-10-27,9:33:24.524795267,T,306.32,100,307.05,100,IBM
2025-10-27,9:33:24.524815390,T,306.32,100,307.49,100,IBM
2025-10-27,9:33:24.524815390,T,306.32,100,307.05,100,IBM
2025-10-27,9:33:24.524835421,T,306.32,100,307.03,100,IBM
2025-10-27,9:33:24.533019870,T,306.32,100,307.05,100,IBM
2025-10-27,9:33:25.311733729,T,306.61,100,307.05,100,IBM
2025-10-27,9:33:25.311758807,T,306.61,100,307.62,200,IBM
2025-10-27,9:33:25.311844003,T,306.35,100,307.62,200,IBM
2025-10-27,9:33:25.311844003,T,306.82,100,307.62,200,IBM
2025-10-27,9:33:25.320058700,T,306.32,100,307.62,200,IBM
2025-10-27,9:33:30.133843365,T,306.61,100,307.62,200,IBM
2025-10-27,9:33:30.349602112,T,306.32,100,307.62,200,IBM
2025-10-27,9:33:35.184336574,T,306.61,100,307.62,200,IBM
2025-10-27,9:33:38.271946992,T,306.32,100,307.62,200,IBM
2025-10-27,9:33:39.640414846,T,306.61,100,307.62,200,IBM
2025-10-27,9:33:39.640730768,T,306.61,200,307.62,200,IBM
2025-10-27,9:33:39.640745620,T,306.62,100,307.62,200,IBM
2025-10-27,9:33:39.640775715,T,306.69,100,307.62,200,IBM
2025-10-27,9:33:39.641031322,T,306.83,100,307.62,200,IBM
2025-10-27,9:33:39.641186744,T,306.86,100,307.62,200,IBM
2025-10-27,9:33:39.641547533,T,306.86,100,307.5,100,IBM
2025-10-27,9:33:39.642605117,T,306.83,100,307.5,100,IBM
2025-10-27,9:33:39.642625139,T,306.62,100,307.5,100,IBM
2025-10-27,9:33:39.649270942,T,306.61,200,307.5,100,IBM
2025-10-27,9:33:39.741224841,T,306.61,100,307.5,100,IBM
2025-10-27,9:33:39.752366362,T,306.61,200,307.5,100,IBM
2025-10-27,9:33:39.752717259,T,306.83,100,307.5,100,IBM
2025-10-27,9:33:39.753163326,T,307.12,100,307.5,100,IBM
2025-10-27,9:33:39.753459005,T,307.13,100,307.5,100,IBM
2025-10-27,9:33:39.753739730,T,307.29,100,307.5,100,IBM
2025-10-27,9:33:39.753754718,T,307.29,100,307.94,100,IBM
2025-10-27,9:33:39.753769741,T,307.13,100,307.94,100,IBM
2025-10-27,9:33:39.753779833,T,307.13,100,307.95,200,IBM
2025-10-27,9:33:39.753794796,T,307.13,100,307.94,100,IBM
2025-10-27,9:33:39.753814912,T,307.13,100,307.72,100,IBM
2025-10-27,9:33:39.753824883,T,307.13,100,307.94,100,IBM
2025-10-27,9:33:39.753844930,T,307.13,100,307.72,100,IBM
2025-10-27,9:33:39.753975487,T,307.13,100,307.95,200,IBM
2025-10-27,9:33:39.754030377,T,307.13,100,307.94,100,IBM
2025-10-27,9:33:39.754040428,T,307.13,100,307.72,100,IBM
2025-10-27,9:33:39.754105576,T,306.83,100,307.72,100,IBM
2025-10-27,9:33:39.754215787,T,306.83,100,307.94,100,IBM
2025-10-27,9:33:39.754431303,T,306.83,100,307.72,100,IBM
2025-10-27,9:33:39.755178136,T,306.83,100,307.94,100,IBM
2025-10-27,9:33:39.755203145,T,306.83,100,307.95,200,IBM
2025-10-27,9:33:39.855376687,T,307.12,100,307.95,200,IBM
2025-10-27,9:33:41.378617754,T,307.14,100,307.95,200,IBM
2025-10-27,9:33:41.738915813,T,307.12,100,307.95,200,IBM
2025-10-27,9:33:41.738920599,T,307.32,100,307.95,200,IBM
2025-10-27,9:33:41.739687408,T,307.32,200,307.95,200,IBM
2025-10-27,9:33:42.083926916,T,307.32,100,307.95,200,IBM
2025-10-27,9:33:42.338377695,T,307.32,100,308.97,100,IBM
2025-10-27,9:33:42.338377695,T,307.32,100,308.18,200,IBM
2025-10-27,9:33:43.820546163,T,306.43,200,308.18,200,IBM
2025-10-27,9:33:44.381020342,T,307.32,200,308.18,200,IBM
2025-10-27,9:33:46.893717546,T,307.32,200,307.99,100,IBM
2025-10-27,9:33:48.824548815,T,307.33,100,307.99,100,IBM
2025-10-27,9:33:49.736775416,T,307.33,200,307.99,100,IBM
2025-10-27,9:33:50.126864187,T,307.33,100,307.99,100,IBM
2025-10-27,9:33:50.131605523,T,307.32,200,307.99,100,IBM
2025-10-27,9:33:50.455797323,T,307.33,300,307.99,100,IBM
2025-10-27,9:33:50.455812331,T,307.53,100,307.99,100,IBM
2025-10-27,9:33:50.460272900,T,307.54,100,307.99,100,IBM
2025-10-27,9:33:50.464553162,T,307.32,100,307.99,100,IBM
2025-10-27,9:33:50.465049311,T,307.69,100,307.99,100,IBM
2025-10-27,9:33:50.465084391,T,307.32,100,307.99,100,IBM
2025-10-27,9:33:50.465510419,T,307.2,100,307.99,100,IBM
2025-10-27,9:33:50.468743125,T,306.91,100,307.99,100,IBM
2025-10-27,9:33:50.469053877,T,306.7,200,307.99,100,IBM
2025-10-27,9:33:50.710438389,T,306.91,100,307.99,100,IBM
2025-10-27,9:33:51.319182595,T,306.91,100,308.35,100,IBM
2025-10-27,9:33:51.319182595,T,306.91,100,308.45,200,IBM
2025-10-27,9:33:51.319187550,T,307.2,100,308.45,200,IBM
2025-10-27,9:33:51.319207592,T,307.76,100,308.45,200,IBM
2025-10-27,9:33:51.319222584,T,307.76,200,308.45,200,IBM
2025-10-27,9:33:51.319503229,T,307.77,100,308.45,200,IBM
2025-10-27,9:33:51.319793994,T,307.76,300,308.45,200,IBM
2025-10-27,9:33:51.320550730,T,307.88,200,308.45,200,IBM
2025-10-27,9:33:51.328604974,T,307.88,200,309.0,100,IBM
2025-10-27,9:33:51.328615026,T,307.88,200,308.68,200,IBM
2025-10-27,9:33:53.184829125,T,307.76,100,308.68,200,IBM
2025-10-27,9:33:53.185355319,T,307.2,100,308.68,200,IBM
2025-10-27,9:33:53.710645974,T,307.05,100,308.68,200,IBM
2025-10-27,9:33:53.710671064,T,306.91,100,308.68,200,IBM
2025-10-27,9:33:53.712430373,T,307.2,100,308.68,200,IBM
2025-10-27,9:33:56.710617770,T,307.02,200,308.68,200,IBM
2025-10-27,9:33:57.019092386,T,307.02,200,308.68,300,IBM
2025-10-27,9:33:57.019142182,T,307.02,200,308.57,100,IBM
2025-10-27,9:33:57.019202376,T,307.02,200,308.35,100,IBM
2025-10-27,9:33:57.019367723,T,307.02,200,308.48,100,IBM
2025-10-27,9:33:57.019377775,T,307.02,200,308.68,200,IBM
2025-10-27,9:33:57.019397786,T,307.02,200,308.97,100,IBM
2025-10-27,9:33:57.019402801,T,307.02,200,308.3,200,IBM
2025-10-27,9:33:59.670664506,T,307.02,200,309.0,100,IBM
2025-10-27,9:33:59.670669415,T,307.02,200,308.55,200,IBM
2025-10-27,9:33:59.741553223,T,307.02,200,308.55,300,IBM
2025-10-27,9:33:59.741553223,T,307.02,200,308.44,100,IBM
2025-10-27,9:33:59.741563273,T,307.02,200,308.35,100,IBM
2025-10-27,9:33:59.741583329,T,307.02,200,308.34,100,IBM
2025-10-27,9:33:59.741833910,T,307.02,200,307.91,100,IBM
2025-10-27,9:33:59.741984213,T,307.33,200,307.91,100,IBM
2025-10-27,9:33:59.747051285,T,307.33,200,308.31,100,IBM
2025-10-27,9:33:59.748865590,T,307.33,200,307.91,100,IBM
2025-10-27,9:33:59.749181396,T,307.33,200,308.31,100,IBM
2025-10-27,9:33:59.749196391,T,307.33,300,308.31,100,IBM
2025-10-27,9:33:59.749201533,T,307.33,300,308.55,300,IBM
2025-10-27,9:33:59.749211449,T,307.2,100,308.55,300,IBM
2025-10-27,9:33:59.749226504,T,307.49,100,308.55,300,IBM
2025-10-27,9:33:59.749236505,T,307.49,100,308.55,200,IBM
2025-10-27,9:33:59.749236505,T,307.58,300,308.55,200,IBM
2025-10-27,9:33:59.757716721,T,307.58,200,308.55,200,IBM
2025-10-27,9:33:59.759746476,T,307.58,200,308.44,100,IBM
2025-10-27,9:33:59.842292995,T,307.58,200,308.55,200,IBM
2025-10-27,9:34:00.094653880,T,307.58,200,308.17,100,IBM
2025-10-27,9:34:00.151253643,T,307.58,200,308.55,200,IBM
2025-10-27,9:34:04.090366188,T,307.58,100,308.55,200,IBM
2025-10-27,9:34:04.090381724,T,307.02,200,308.55,200,IBM
2025-10-27,9:34:04.090406423,T,307.02,200,307.59,100,IBM
2025-10-27,9:34:04.090441399,T,307.02,200,307.84,100,IBM
2025-10-27,9:34:04.090461394,T,307.02,200,308.08,100,IBM
2025-10-27,9:34:04.090882480,T,307.02,200,307.83,100,IBM
2025-10-27,9:34:04.091809639,T,307.02,200,308.55,300,IBM
2025-10-27,9:34:04.097102221,T,307.02,200,308.31,100,IBM
2025-10-27,9:34:04.100966484,T,307.02,200,308.55,300,IBM
2025-10-27,9:34:04.141081932,T,307.02,200,308.55,200,IBM
2025-10-27,9:34:06.642687368,T,307.02,200,308.05,100,IBM
2025-10-27,9:34:08.142643098,T,307.02,200,308.55,200,IBM
2025-10-27,9:34:08.142703227,T,307.02,200,307.81,100,IBM
2025-10-27,9:34:08.403458966,T,307.02,200,307.7,100,IBM
2025-10-27,9:34:08.403509132,T,307.02,200,307.57,100,IBM
2025-10-27,9:34:08.403539227,T,307.02,200,307.81,100,IBM
2025-10-27,9:34:08.403544238,T,307.02,200,307.57,100,IBM
2025-10-27,9:34:08.404717008,T,307.02,200,307.45,100,IBM
2025-10-27,9:34:08.407679174,T,306.0,100,307.45,100,IBM
2025-10-27,9:34:08.407684119,T,306.5,200,307.45,100,IBM
2025-10-27,9:34:08.408721592,T,306.5,200,307.57,100,IBM
2025-10-27,9:34:08.408741562,T,306.5,200,307.81,100,IBM
2025-10-27,9:34:08.420339227,T,306.63,100,307.81,100,IBM
2025-10-27,9:34:12.004111030,T,306.5,200,307.81,100,IBM
2025-10-27,9:34:12.112203183,T,306.5,200,308.22,200,IBM
2025-10-27,9:34:12.112263352,T,306.5,200,307.58,100,IBM
2025-10-27,9:34:12.851292661,T,307.1,100,307.58,100,IBM
2025-10-27,9:34:12.852500529,T,306.5,200,307.58,100,IBM
2025-10-27,9:34:14.620780184,T,306.5,200,308.22,200,IBM
2025-10-27,9:34:16.675100766,T,306.5,200,307.57,100,IBM
2025-10-27,9:34:17.579594154,T,306.61,100,307.57,100,IBM
2025-10-27,9:34:18.084095218,T,306.61,100,307.94,200,IBM
2025-10-27,9:34:18.084150353,T,306.61,100,307.31,100,IBM
2025-10-27,9:34:19.433953594,T,306.5,200,307.31,100,IBM
2025-10-27,9:34:19.847538186,T,306.61,100,307.31,100,IBM
2025-10-27,9:34:20.927363926,T,307.0,100,307.31,100,IBM
2025-10-27,9:34:23.638317687,T,307.0,100,307.94,200,IBM
2025-10-27,9:34:23.642176862,T,306.5,200,307.94,200,IBM
2025-10-27,9:34:23.642201943,T,306.5,200,307.53,100,IBM
2025-10-27,9:34:23.642222027,T,306.5,200,307.37,100,IBM
2025-10-27,9:34:23.642282094,T,306.5,200,307.31,100,IBM
2025-10-27,9:34:23.642297217,T,306.5,200,307.26,100,IBM
2025-10-27,9:34:23.642302204,T,306.5,200,307.19,100,IBM
2025-10-27,9:34:23.643154256,T,305.71,100,307.19,100,IBM
2025-10-27,9:34:23.643164196,T,306.27,200,307.19,100,IBM
2025-10-27,9:34:23.643495049,T,306.27,200,307.66,100,IBM
2025-10-27,9:34:23.643515036,T,306.27,200,307.92,100,IBM
2025-10-27,9:34:23.643515036,T,306.27,200,307.94,200,IBM
2025-10-27,9:34:23.644712966,T,306.27,200,307.79,100,IBM
2025-10-27,9:34:23.648717423,T,306.27,200,307.94,200,IBM
2025-10-27,9:34:23.716949882,T,306.27,200,307.0,1200,IBM
2025-10-27,9:34:23.717726940,T,306.27,200,307.0,900,IBM
2025-10-27,9:34:23.717771905,T,306.27,200,307.94,200,IBM
2025-10-27,9:34:23.717791842,T,306.35,100,307.94,200,IBM
2025-10-27,9:34:23.717797114,T,306.49,100,307.94,200,IBM
2025-10-27,9:34:23.717811903,T,306.51,100,307.94,200,IBM
2025-10-27,9:34:23.726021453,T,306.27,200,307.94,200,IBM
2025-10-27,9:34:24.071423800,T,306.61,100,307.94,200,IBM
2025-10-27,9:34:25.003597870,T,306.61,200,307.94,200,IBM
2025-10-27,9:34:25.027830650,T,306.61,100,307.94,200,IBM
2025-10-27,9:34:25.859936635,T,306.61,200,307.94,200,IBM
2025-10-27,9:34:28.070544105,T,306.87,100,307.94,200,IBM
2025-10-27,9:34:28.860108778,T,306.61,100,307.94,200,IBM
2025-10-27,9:34:28.860324392,T,306.61,200,307.94,200,IBM
2025-10-27,9:34:30.159878219,T,306.61,100,307.94,200,IBM
2025-10-27,9:34:30.735062512,T,306.27,200,307.94,200,IBM
2025-10-27,9:34:30.735102604,T,306.93,100,307.94,200,IBM
2025-10-27,9:34:31.282816520,T,306.94,100,307.94,200,IBM
2025-10-27,9:34:31.283132285,T,307.01,100,307.94,200,IBM
2025-10-27,9:34:31.283247464,T,307.14,100,307.94,200,IBM
2025-10-27,9:34:31.283508141,T,307.01,100,307.94,200,IBM
2025-10-27,9:34:31.283528104,T,306.93,100,307.94,200,IBM
2025-10-27,9:34:36.051057706,T,306.93,100,307.9,300,IBM
2025-10-27,9:34:36.051082827,T,306.93,100,307.94,200,IBM
2025-10-27,9:34:36.051102899,T,306.93,100,307.89,100,IBM
2025-10-27,9:34:36.051107936,T,306.93,100,307.9,400,IBM
2025-10-27,9:34:36.051117874,T,306.93,100,307.94,200,IBM
2025-10-27,9:34:36.051142921,T,306.93,100,307.81,500,IBM
2025-10-27,9:34:36.051318421,T,306.93,100,307.81,600,IBM
2025-10-27,9:34:36.051333449,T,306.93,100,307.81,700,IBM
2025-10-27,9:34:36.051348467,T,306.93,100,307.81,200,IBM
2025-10-27,9:34:36.051348467,T,306.93,100,307.81,100,IBM
2025-10-27,9:34:36.051358522,T,306.93,100,307.94,200,IBM
2025-10-27,9:34:36.051378502,T,306.93,100,307.6,700,IBM
2025-10-27,9:34:36.232805442,T,306.93,100,307.94,200,IBM
2025-10-27,9:34:36.232830446,T,306.93,100,307.56,700,IBM
2025-10-27,9:34:36.331570542,T,306.49,200,307.56,700,IBM
2025-10-27,9:34:36.331605638,T,306.94,100,307.56,700,IBM
2025-10-27,9:34:36.734154069,T,306.94,100,307.94,200,IBM
2025-10-27,9:34:36.734179099,T,306.94,100,307.49,700,IBM
2025-10-27,9:34:44.668853670,T,306.94,100,307.94,200,IBM
2025-10-27,9:34:44.668878667,T,306.94,100,307.25,700,IBM
2025-10-27,9:34:44.669299636,T,306.94,100,307.25,800,IBM
2025-10-27,9:34:44.684561203,T,306.94,100,307.25,100,IBM
2025-10-27,9:34:44.684586107,T,306.94,100,307.13,700,IBM
2025-10-27,9:34:44.684621155,T,306.49,200,307.13,700,IBM
2025-10-27,9:34:44.684641193,T,306.49,200,307.25,100,IBM
2025-10-27,9:34:44.684641193,T,306.49,200,306.95,100,IBM
2025-10-27,9:34:44.684666263,T,306.49,200,306.95,800,IBM
2025-10-27,9:34:44.684866720,T,306.49,200,306.95,100,IBM
2025-10-27,9:34:44.684891850,T,306.49,200,306.95,700,IBM
2025-10-27,9:34:44.685092267,T,306.49,200,306.94,100,IBM
2025-10-27,9:34:44.685137340,T,306.49,200,306.94,700,IBM
2025-10-27,9:34:44.685202519,T,306.49,200,306.94,600,IBM
2025-10-27,9:34:44.686004843,T,306.49,200,307.67,100,IBM
2025-10-27,9:34:44.686019430,T,306.49,200,307.85,100,IBM
2025-10-27,9:34:44.686019430,T,306.49,200,307.67,100,IBM
2025-10-27,9:34:44.686029506,T,306.49,200,306.88,700,IBM
2025-10-27,9:34:44.686184825,T,305.55,100,306.88,700,IBM
2025-10-27,9:34:44.686189944,T,306.23,200,306.88,700,IBM
2025-10-27,9:34:44.689993911,T,306.23,200,306.88,600,IBM
2025-10-27,9:34:44.736043514,T,306.23,200,306.88,700,IBM
2025-10-27,9:34:50.457078326,T,306.6,100,306.88,700,IBM
2025-10-27,9:34:53.957651886,T,306.6,200,306.88,700,IBM
2025-10-27,9:34:53.957682108,T,306.6,100,306.88,700,IBM
2025-10-27,9:34:53.957686907,T,306.23,200,306.88,700,IBM
2025-10-27,9:34:53.957712222,T,306.23,200,306.61,100,IBM
2025-10-27,9:34:53.957737325,T,306.23,200,306.61,700,IBM
2025-10-27,9:34:53.957877449,T,306.23,200,306.61,600,IBM
2025-10-27,9:34:53.958087922,T,306.23,200,306.6,600,IBM
2025-10-27,9:34:53.958539030,T,305.53,100,306.6,600,IBM
2025-10-27,9:34:53.958553974,T,305.99,200,306.6,600,IBM
2025-10-27,9:34:53.958609165,T,305.99,200,306.6,700,IBM
2025-10-27,9:34:54.071868741,T,305.99,200,306.6,100,IBM
2025-10-27,9:34:54.071874384,T,305.99,200,307.4,200,IBM
2025-10-27,9:34:54.071908826,T,306.41,100,307.4,200,IBM
2025-10-27,9:34:54.072405020,T,306.0,100,307.4,200,IBM
2025-10-27,9:34:54.072836089,T,305.99,200,307.4,200,IBM
2025-10-27,9:34:54.162990744,T,305.99,200,308.05,100,IBM
2025-10-27,9:34:54.162995664,T,305.99,200,307.18,200,IBM
2025-10-27,9:34:54.603454945,T,305.99,200,306.6,100,IBM
2025-10-27,9:34:54.634187440,T,305.99,200,306.6,200,IBM
2025-10-27,9:34:54.740781124,T,305.99,200,306.6,100,IBM
2025-10-27,9:34:55.120049090,T,305.99,200,307.18,200,IBM
2025-10-27,9:34:55.120104270,T,306.0,100,307.18,200,IBM
2025-10-27,9:34:55.120134612,T,306.36,100,307.18,200,IBM
2025-10-27,9:34:55.120425019,T,306.01,100,307.18,200,IBM
2025-10-27,9:34:55.120445049,T,305.99,200,307.18,200,IBM
2025-10-27,9:34:55.120645471,T,306.0,100,307.18,200,IBM
2025-10-27,9:34:55.120730697,T,305.99,200,307.18,200,IBM
2025-10-27,9:34:55.128358856,T,306.0,100,307.18,200,IBM
2025-10-27,9:34:55.129391278,T,305.99,200,307.18,200,IBM
2025-10-27,9:34:55.141059104,T,306.32,100,307.18,200,IBM
2025-10-27,9:34:55.317875073,T,305.99,200,307.18,200,IBM
2025-10-27,9:34:56.576195833,T,306.31,100,307.18,200,IBM
2025-10-27,9:34:56.742571862,T,306.31,100,306.76,100,IBM
2025-10-27,9:34:59.713925541,T,306.31,100,307.18,200,IBM
2025-10-27,9:35:00.315592998,T,306.32,100,307.18,200,IBM
2025-10-27,9:35:00.323080805,T,306.0,100,307.18,200,IBM
2025-10-27,9:35:00.698579792,T,306.32,100,307.18,200,IBM
2025-10-27,9:35:01.586599192,T,305.99,200,307.18,200,IBM
2025-10-27,9:35:01.586624147,T,305.99,200,307.15,100,IBM
2025-10-27,9:35:01.586629112,T,305.99,200,306.66,100,IBM
2025-10-27,9:35:01.587040218,T,305.99,200,306.53,100,IBM
2025-10-27,9:35:01.587045064,T,305.99,200,306.66,100,IBM
2025-10-27,9:35:01.587050190,T,305.99,200,306.52,100,IBM
2025-10-27,9:35:01.587085229,T,306.02,100,306.52,100,IBM
2025-10-27,9:35:01.587090244,T,306.02,100,306.66,100,IBM
2025-10-27,9:35:01.587390948,T,306.32,100,306.66,100,IBM
2025-10-27,9:35:01.587566335,T,306.02,100,306.66,100,IBM
2025-10-27,9:35:01.588112695,T,306.0,100,306.66,100,IBM
2025-10-27,9:35:01.597058892,T,306.0,100,307.15,100,IBM
2025-10-27,9:35:01.599750344,T,305.99,200,307.15,100,IBM
2025-10-27,9:35:01.686637166,T,305.99,200,307.18,200,IBM
2025-10-27,9:35:01.739678425,T,306.26,100,307.18,200,IBM
2025-10-27,9:35:01.747903077,T,306.0,100,307.18,200,IBM
2025-10-27,9:35:01.839771757,T,305.99,200,307.18,200,IBM
2025-10-27,9:35:02.550619006,T,305.99,200,306.68,100,IBM
2025-10-27,9:35:02.550679175,T,305.99,200,306.94,100,IBM
2025-10-27,9:35:02.551621383,T,305.99,200,307.18,200,IBM
2025-10-27,9:35:02.932808821,T,306.3,100,307.18,200,IBM
2025-10-27,9:35:02.933515478,T,306.31,100,307.18,200,IBM
2025-10-27,9:35:02.934267302,T,306.3,100,307.18,200,IBM
2025-10-27,9:35:02.935971303,T,306.3,200,307.18,200,IBM
2025-10-27,9:35:06.181071684,T,306.32,100,307.18,200,IBM
2025-10-27,9:35:06.181096667,T,306.3,200,307.18,200,IBM
2025-10-27,9:35:06.181096667,T,306.43,100,307.18,200,IBM
2025-10-27,9:35:06.181176890,T,306.44,100,307.18,200,IBM
2025-10-27,9:35:06.185121297,T,306.43,100,307.18,200,IBM
2025-10-27,9:35:06.193892170,T,306.3,100,307.18,200,IBM
2025-10-27,9:35:06.383378287,T,306.43,100,307.18,200,IBM
2025-10-27,9:35:06.400443869,T,306.43,200,307.18,200,IBM
2025-10-27,9:35:08.549770530,T,306.43,200,308.27,100,IBM
2025-10-27,9:35:08.549780564,T,306.43,200,307.39,200,IBM
2025-10-27,9:35:10.903418862,T,306.43,300,307.39,200,IBM
2025-10-27,9:35:10.904972540,T,306.43,200,307.39,200,IBM
2025-10-27,9:35:10.908821782,T,306.43,200,308.31,100,IBM
2025-10-27,9:35:10.908831746,T,306.43,200,307.68,200,IBM
2025-10-27,9:35:12.252751208,T,306.43,100,307.68,200,IBM
2025-10-27,9:35:12.252786218,T,307.0,100,307.68,200,IBM
2025-10-27,9:35:13.084150366,T,307.15,100,307.68,200,IBM
2025-10-27,9:35:13.084987281,T,307.0,100,307.68,200,IBM
2025-10-27,9:35:13.087052203,T,307.15,100,307.68,200,IBM
2025-10-27,9:35:13.108172516,T,307.0,200,307.68,200,IBM
2025-10-27,9:35:13.108197550,T,307.0,100,307.68,200,IBM
2025-10-27,9:35:13.544676676,T,307.15,100,307.68,200,IBM
2025-10-27,9:35:15.153005556,T,307.16,100,307.68,200,IBM
2025-10-27,9:35:15.319717409,T,307.32,100,307.68,200,IBM
2025-10-27,9:35:15.319917930,T,307.32,100,308.68,100,IBM
2025-10-27,9:35:15.319928118,T,307.32,100,307.94,200,IBM
2025-10-27,9:35:15.332558042,T,307.15,100,307.94,200,IBM
2025-10-27,9:35:15.397237058,T,307.32,100,307.94,200,IBM
2025-10-27,9:35:15.430250683,T,307.33,100,307.94,200,IBM
2025-10-27,9:35:15.430912241,T,307.57,100,307.94,200,IBM
2025-10-27,9:35:15.431222893,T,307.57,100,308.85,100,IBM
2025-10-27,9:35:15.431227941,T,307.57,100,308.17,200,IBM
2025-10-27,9:35:16.438786423,T,307.57,200,308.17,200,IBM
2025-10-27,9:35:20.612592517,T,307.57,100,308.17,200,IBM
2025-10-27,9:35:20.735715866,T,306.41,100,308.17,200,IBM
2025-10-27,9:35:20.735745865,T,306.41,100,307.93,100,IBM
2025-10-27,9:35:20.736011341,T,306.38,200,307.93,100,IBM
2025-10-27,9:35:20.736477549,T,306.38,200,308.02,100,IBM
2025-10-27,9:35:20.736753092,T,306.38,200,308.17,200,IBM
2025-10-27,9:35:20.977546354,T,306.49,100,308.17,200,IBM
2025-10-27,9:35:20.977556467,T,306.85,100,308.17,200,IBM
2025-10-27,9:35:20.977566492,T,307.0,100,308.17,200,IBM
2025-10-27,9:35:20.977596464,T,307.59,100,308.17,200,IBM
2025-10-27,9:35:20.986181989,T,307.0,100,308.17,200,IBM
2025-10-27,9:35:21.077780035,T,306.69,200,308.17,200,IBM
2025-10-27,9:35:21.421673701,T,307.44,100,308.17,200,IBM
2025-10-27,9:35:22.998216791,T,307.72,100,308.17,200,IBM
2025-10-27,9:35:23.433252591,T,307.72,200,308.17,200,IBM
2025-10-27,9:35:25.152770979,T,307.73,100,308.17,200,IBM
2025-10-27,9:35:25.152775971,T,307.74,100,308.17,200,IBM
2025-10-27,9:35:25.152811419,T,307.72,200,308.17,200,IBM
2025-10-27,9:35:25.152811419,T,307.87,100,308.17,200,IBM
2025-10-27,9:35:25.153136866,T,307.72,200,308.17,200,IBM
2025-10-27,9:35:25.154289568,T,307.72,200,309.03,100,IBM
2025-10-27,9:35:25.154299654,T,307.72,200,308.56,200,IBM
2025-10-27,9:35:26.326214744,T,307.74,100,308.56,200,IBM
2025-10-27,9:35:26.581237022,T,307.72,200,308.56,200,IBM
2025-10-27,9:35:32.995311448,T,307.72,200,308.35,100,IBM
2025-10-27,9:35:36.783093690,T,307.72,100,308.35,100,IBM
2025-10-27,9:35:36.783098779,T,307.72,200,308.35,100,IBM
2025-10-27,9:35:36.783103747,T,307.72,100,308.35,100,IBM
2025-10-27,9:35:36.783103747,T,307.28,200,308.35,100,IBM
2025-10-27,9:35:36.783128808,T,307.28,200,307.73,100,IBM
2025-10-27,9:35:36.783484609,T,307.28,200,307.72,100,IBM
2025-10-27,9:35:36.783700195,T,307.28,200,308.01,100,IBM
2025-10-27,9:35:36.783725295,T,307.28,200,308.15,100,IBM
2025-10-27,9:35:36.783870632,T,307.28,200,308.33,100,IBM
2025-10-27,9:35:36.783925729,T,307.28,200,308.15,100,IBM
2025-10-27,9:35:36.783980850,T,307.28,200,307.93,100,IBM
2025-10-27,9:35:36.784121144,T,307.28,200,308.15,100,IBM
2025-10-27,9:35:36.784126200,T,307.28,200,308.35,100,IBM
2025-10-27,9:35:36.786316327,T,307.28,200,308.35,200,IBM
2025-10-27,9:35:36.786346403,T,307.28,200,308.35,100,IBM
2025-10-27,9:35:36.786406562,T,307.28,200,308.33,100,IBM
2025-10-27,9:35:36.786516869,T,307.28,300,308.33,100,IBM
2025-10-27,9:35:36.786521858,T,307.28,100,308.33,100,IBM
2025-10-27,9:35:36.786597010,T,307.28,100,308.35,100,IBM
2025-10-27,9:35:36.793202716,T,307.09,100,308.35,100,IBM
2025-10-27,9:35:36.793232890,T,307.05,200,308.35,100,IBM
2025-10-27,9:35:36.793358087,T,307.05,200,308.56,300,IBM
2025-10-27,9:35:36.797337587,T,307.05,200,308.33,100,IBM
2025-10-27,9:35:36.797337587,T,307.05,200,308.06,100,IBM
2025-10-27,9:35:36.797758640,T,307.05,200,308.15,100,IBM
2025-10-27,9:35:36.839908922,T,307.05,200,308.14,100,IBM
2025-10-27,9:35:36.878430677,T,307.29,100,308.14,100,IBM
2025-10-27,9:35:36.897365739,T,307.29,100,308.56,200,IBM
2025-10-27,9:35:36.929376988,T,307.29,100,308.21,100,IBM
2025-10-27,9:35:36.929397007,T,307.29,100,307.74,100,IBM
2025-10-27,9:35:36.929667636,T,307.05,200,307.74,100,IBM
2025-10-27,9:35:37.670842310,T,307.05,200,308.13,100,IBM
2025-10-27,9:35:37.670842310,T,307.05,200,308.45,100,IBM
2025-10-27,9:35:37.670847503,T,307.05,200,308.56,200,IBM
2025-10-27,9:35:37.670867136,T,307.47,100,308.56,200,IBM
2025-10-27,9:35:37.670897206,T,307.47,200,308.56,200,IBM
2025-10-27,9:35:37.671097720,T,307.49,100,308.56,200,IBM
2025-10-27,9:35:37.671418494,T,307.52,100,308.56,200,IBM
2025-10-27,9:35:37.671669062,T,307.49,100,308.56,200,IBM
2025-10-27,9:35:40.066921145,T,307.05,200,308.56,200,IBM
2025-10-27,9:35:41.143865020,T,307.05,200,308.45,100,IBM
2025-10-27,9:35:41.147869563,T,307.05,200,308.56,200,IBM
2025-10-27,9:35:44.796645971,T,307.47,100,308.56,200,IBM
2025-10-27,9:35:46.796441820,T,307.47,100,308.35,100,IBM
2025-10-27,9:35:49.775037824,T,307.47,100,308.34,100,IBM
2025-10-27,9:35:49.775078303,T,307.47,100,308.16,100,IBM
2025-10-27,9:35:49.775092936,T,307.47,100,308.1,100,IBM
2025-10-27,9:35:49.775248262,T,307.47,100,308.16,100,IBM
2025-10-27,9:35:49.775533984,T,307.47,100,308.1,100,IBM
2025-10-27,9:35:49.776060285,T,307.47,100,308.16,100,IBM
2025-10-27,9:35:49.843616110,T,307.47,100,308.11,100,IBM
2025-10-27,9:35:50.139996779,T,307.47,100,308.56,200,IBM
2025-10-27,9:35:50.140051715,T,307.47,100,308.04,100,IBM
2025-10-27,9:35:52.063300320,T,307.47,100,308.03,100,IBM
2025-10-27,9:35:52.067600559,T,307.47,100,308.04,200,IBM
2025-10-27,9:35:52.071890701,T,307.47,100,308.04,100,IBM
2025-10-27,9:35:52.072226543,T,307.02,200,308.04,100,IBM
2025-10-27,9:35:52.573299425,T,307.02,200,308.04,200,IBM
2025-10-27,9:35:52.573354870,T,307.02,200,308.03,100,IBM
2025-10-27,9:35:52.573564989,T,307.02,200,308.03,200,IBM
2025-10-27,9:35:52.573986060,T,307.02,200,308.03,100,IBM
2025-10-27,9:35:52.574011049,T,307.02,200,307.72,100,IBM
2025-10-27,9:35:52.575805357,T,306.25,100,307.72,100,IBM
2025-10-27,9:35:52.575810405,T,306.79,200,307.72,100,IBM
2025-10-27,9:35:52.585247803,T,306.79,200,308.04,100,IBM
2025-10-27,9:35:52.585282921,T,307.02,100,308.04,100,IBM
2025-10-27,9:35:52.585282921,T,307.26,100,308.04,100,IBM
2025-10-27,9:35:52.585287935,T,307.26,200,308.04,100,IBM
2025-10-27,9:35:52.585543589,T,307.26,200,307.97,100,IBM
2025-10-27,9:35:52.590380066,T,307.26,100,307.97,100,IBM
2025-10-27,9:35:52.593537534,T,306.79,200,307.97,100,IBM
2025-10-27,9:35:52.632264811,T,306.85,100,307.97,100,IBM
2025-10-27,9:35:52.667689083,T,306.85,100,307.73,100,IBM
2025-10-27,9:35:53.260811158,T,307.26,100,307.73,100,IBM
2025-10-27,9:35:53.414842854,T,306.85,100,307.73,100,IBM
2025-10-27,9:35:53.716240385,T,306.85,100,307.72,100,IBM
2025-10-27,9:35:54.928065204,T,306.85,100,307.72,200,IBM
2025-10-27,9:35:54.931137522,T,306.79,200,307.72,200,IBM
2025-10-27,9:35:57.953297066,T,306.79,200,307.72,100,IBM
2025-10-27,9:36:03.501455319,T,306.79,200,307.72,200,IBM
2025-10-27,9:36:03.501470396,T,306.79,200,307.34,100,IBM
2025-10-27,9:36:03.502121972,T,306.79,200,307.24,100,IBM
2025-10-27,9:36:03.502542911,T,306.0,100,307.24,100,IBM
2025-10-27,9:36:03.502547942,T,306.57,200,307.24,100,IBM
2025-10-27,9:36:03.502638147,T,306.57,200,307.16,100,IBM
2025-10-27,9:36:04.002558519,T,306.57,200,307.15,100,IBM
2025-10-27,9:36:04.002603579,T,306.57,200,307.02,100,IBM
2025-10-27,9:36:04.002969310,T,306.64,100,307.02,100,IBM
2025-10-27,9:36:05.821829428,T,306.32,200,307.02,100,IBM
2025-10-27,9:36:06.742897085,T,306.53,100,307.02,100,IBM
2025-10-27,9:36:11.550166516,T,306.53,100,307.02,200,IBM
2025-10-27,9:36:14.746796673,T,306.53,100,307.02,100,IBM
2025-10-27,9:36:14.746796673,T,306.53,100,307.73,100,IBM
2025-10-27,9:36:14.746826736,T,306.53,100,307.92,200,IBM
2025-10-27,9:36:14.746831727,T,306.63,100,307.92,200,IBM
2025-10-27,9:36:14.746972106,T,306.87,100,307.92,200,IBM
2025-10-27,9:36:14.746982148,T,306.87,100,307.73,100,IBM
2025-10-27,9:36:14.746992098,T,306.63,100,307.73,100,IBM
2025-10-27,9:36:14.747077349,T,306.63,100,307.36,100,IBM
2025-10-27,9:36:14.747087818,T,306.63,100,307.28,100,IBM
2025-10-27,9:36:14.747332912,T,306.63,100,307.36,100,IBM
2025-10-27,9:36:14.747403139,T,306.86,100,307.36,100,IBM
2025-10-27,9:36:14.747423207,T,306.86,100,307.28,100,IBM
2025-10-27,9:36:14.747438213,T,306.86,100,307.29,100,IBM
2025-10-27,9:36:14.747458283,T,306.86,100,307.28,100,IBM
2025-10-27,9:36:14.747789046,T,306.86,100,307.29,100,IBM
2025-10-27,9:36:14.748054647,T,306.86,100,307.32,100,IBM
2025-10-27,9:36:14.748460596,T,306.86,100,307.36,100,IBM
2025-10-27,9:36:14.798008572,T,306.53,100,307.36,100,IBM
2025-10-27,9:36:14.805240760,T,306.8,100,307.36,100,IBM
2025-10-27,9:36:14.847300892,T,306.8,100,307.61,100,IBM
2025-10-27,9:36:14.847310959,T,306.8,100,307.92,200,IBM
2025-10-27,9:36:14.850894499,T,306.8,100,307.85,100,IBM
2025-10-27,9:36:14.912080111,T,306.8,100,307.92,200,IBM
2025-10-27,9:36:14.924133877,T,306.51,200,307.92,200,IBM
2025-10-27,9:36:15.893591680,T,306.51,200,308.09,100,IBM
2025-10-27,9:36:15.893596726,T,306.51,200,307.71,200,IBM
2025-10-27,9:36:16.802470456,T,306.8,100,307.71,200,IBM
2025-10-27,9:36:16.903766623,T,306.51,200,307.71,200,IBM
2025-10-27,9:36:17.030067288,T,306.51,200,307.29,100,IBM
2025-10-27,9:36:17.479146274,T,306.51,200,307.29,200,IBM
2025-10-27,9:36:17.479161396,T,306.51,200,307.29,300,IBM
2025-10-27,9:36:18.969885222,T,306.81,100,307.29,300,IBM
2025-10-27,9:36:19.022896417,T,306.51,200,307.29,300,IBM
2025-10-27,9:36:19.980912046,T,306.51,200,307.29,200,IBM
2025-10-27,9:36:21.792109254,T,306.51,200,307.27,100,IBM
2025-10-27,9:36:21.792114072,T,306.51,200,307.18,100,IBM
2025-10-27,9:36:21.792139158,T,306.51,200,307.04,100,IBM
2025-10-27,9:36:21.792720455,T,306.0,100,307.04,100,IBM
2025-10-27,9:36:21.792725458,T,306.0,100,307.11,100,IBM
2025-10-27,9:36:21.792725458,T,306.3,200,307.11,100,IBM
2025-10-27,9:36:21.792745564,T,306.3,200,307.29,100,IBM
2025-10-27,9:36:21.792775623,T,306.3,200,307.04,100,IBM
2025-10-27,9:36:21.792906014,T,306.54,100,307.04,100,IBM
2025-10-27,9:36:21.793026263,T,306.54,100,307.11,100,IBM
2025-10-27,9:36:21.802994952,T,306.54,100,307.26,100,IBM
2025-10-27,9:36:21.803380837,T,306.54,100,307.26,200,IBM
2025-10-27,9:36:21.806738869,T,306.54,100,307.26,100,IBM
2025-10-27,9:36:22.055225445,T,306.54,100,307.27,100,IBM
2025-10-27,9:36:22.182152545,T,306.54,100,307.71,200,IBM
2025-10-27,9:36:22.182207665,T,306.54,100,307.21,100,IBM
2025-10-27,9:36:24.836716961,T,306.54,100,307.71,200,IBM
2025-10-27,9:36:26.868849758,T,306.88,100,307.71,200,IBM
2025-10-27,9:36:26.868854729,T,306.88,200,307.71,200,IBM
2025-10-27,9:36:26.869741862,T,306.88,100,307.71,200,IBM
2025-10-27,9:36:27.992219008,T,306.53,200,307.71,200,IBM
2025-10-27,9:36:27.992228978,T,306.53,100,307.71,200,IBM
2025-10-27,9:36:27.992254066,T,306.53,100,307.61,100,IBM
2025-10-27,9:36:27.992264070,T,306.53,100,307.17,100,IBM
2025-10-27,9:36:27.992344365,T,306.53,100,307.38,100,IBM
2025-10-27,9:36:27.992464607,T,306.53,100,307.71,200,IBM
2025-10-27,9:36:27.992840434,T,306.72,100,307.71,200,IBM
2025-10-27,9:36:28.001726661,T,306.72,100,307.61,100,IBM
2025-10-27,9:36:28.001756648,T,306.72,100,307.38,100,IBM
2025-10-27,9:36:28.013409418,T,306.53,100,307.38,100,IBM
2025-10-27,9:36:28.013459596,T,306.53,100,307.15,100,IBM
2025-10-27,9:36:28.013474575,T,306.53,100,307.14,100,IBM
2025-10-27,9:36:28.013725179,T,306.53,100,307.07,100,IBM
2025-10-27,9:36:28.013730216,T,306.53,100,306.94,100,IBM
2025-10-27,9:36:28.021684173,T,306.53,100,307.14,100,IBM
2025-10-27,9:36:28.033933243,T,306.53,100,307.17,100,IBM
2025-10-27,9:36:28.092422512,T,306.53,100,307.17,200,IBM
2025-10-27,9:36:28.092442552,T,306.53,100,307.17,100,IBM
2025-10-27,9:36:28.093219379,T,306.53,100,307.17,200,IBM
2025-10-27,9:36:28.113597885,T,306.53,100,307.17,100,IBM
2025-10-27,9:36:28.243652550,T,306.53,100,307.17,200,IBM
2025-10-27,9:36:28.692741872,T,306.53,100,307.17,100,IBM
2025-10-27,9:36:28.895709932,T,306.53,100,307.49,100,IBM
2025-10-27,9:36:28.895855270,T,306.53,100,307.38,100,IBM
2025-10-27,9:36:28.895880363,T,306.53,100,307.27,100,IBM
2025-10-27,9:36:28.895930457,T,306.53,100,307.71,200,IBM
2025-10-27,9:36:28.906229970,T,306.53,100,307.61,100,IBM
2025-10-27,9:36:28.906235114,T,306.53,100,307.27,100,IBM
2025-10-27,9:36:28.906240004,T,306.53,100,307.61,100,IBM
2025-10-27,9:36:28.906560800,T,306.53,100,307.71,200,IBM
2025-10-27,9:36:28.906615913,T,306.53,200,307.71,200,IBM
2025-10-27,9:36:28.920178221,T,306.53,100,307.71,200,IBM
2025-10-27,9:36:29.496089237,T,306.53,100,308.09,100,IBM
2025-10-27,9:36:29.496094231,T,306.53,100,307.49,200,IBM
2025-10-27,9:36:31.723927906,T,306.08,200,307.49,200,IBM
2025-10-27,9:36:31.723948002,T,306.08,200,307.49,300,IBM
2025-10-27,9:36:31.723983021,T,306.08,200,307.49,200,IBM
2025-10-27,9:36:31.723983021,T,306.08,200,307.49,300,IBM
2025-10-27,9:36:31.723998130,T,306.08,200,307.38,100,IBM
2025-10-27,9:36:31.724003079,T,306.08,200,307.27,100,IBM
2025-10-27,9:36:31.724013167,T,306.08,200,307.16,100,IBM
2025-10-27,9:36:31.724038180,T,306.08,200,307.09,100,IBM
2025-10-27,9:36:31.724053180,T,306.08,200,307.03,100,IBM
2025-10-27,9:36:31.724163529,T,306.08,200,307.0,100,IBM
2025-10-27,9:36:31.724173562,T,306.08,200,306.77,100,IBM
2025-10-27,9:36:31.724258723,T,306.08,200,307.0,100,IBM
2025-10-27,9:36:31.724534358,T,306.08,200,307.05,100,IBM
2025-10-27,9:36:31.724749907,T,306.08,200,307.09,100,IBM
2025-10-27,9:36:31.725411503,T,306.08,200,307.03,100,IBM
2025-10-27,9:36:31.727200753,T,306.08,200,307.09,100,IBM
2025-10-27,9:36:31.728543954,T,306.08,200,307.16,100,IBM
2025-10-27,9:36:31.730172798,T,306.08,200,307.49,300,IBM
2025-10-27,9:36:31.732177558,T,306.08,200,307.49,200,IBM
2025-10-27,9:36:31.965157206,T,306.08,200,307.36,100,IBM
2025-10-27,9:36:31.969186792,T,306.08,200,307.38,100,IBM
2025-10-27,9:36:31.977872427,T,306.08,200,307.49,300,IBM
2025-10-27,9:36:31.977897553,T,306.08,200,307.49,200,IBM
2025-10-27,9:36:36.891991073,T,306.08,200,306.95,100,IBM
2025-10-27,9:36:37.354191487,T,305.53,100,306.95,100,IBM
2025-10-27,9:36:37.354196425,T,305.88,200,306.95,100,IBM
2025-10-27,9:36:37.455066593,T,305.88,200,307.49,300,IBM
2025-10-27,9:36:37.455116756,T,305.88,200,306.84,100,IBM
2025-10-27,9:36:37.713957873,T,305.88,200,307.23,200,IBM
2025-10-27,9:36:37.714018056,T,305.88,200,306.79,100,IBM
2025-10-27,9:36:43.170182261,T,306.25,100,306.79,100,IBM
2025-10-27,9:36:43.195988634,T,306.25,200,306.79,100,IBM
2025-10-27,9:36:43.256001516,T,306.25,200,307.23,200,IBM
2025-10-27,9:36:44.343991548,T,306.25,200,306.78,100,IBM
2025-10-27,9:36:44.344071769,T,306.25,200,307.16,100,IBM
2025-10-27,9:36:44.344126882,T,306.25,200,307.23,200,IBM
2025-10-27,9:36:44.344152522,T,306.43,100,307.23,200,IBM
2025-10-27,9:36:44.344282341,T,306.25,200,307.23,200,IBM
2025-10-27,9:36:44.353358846,T,306.25,200,307.09,100,IBM
2025-10-27,9:36:44.361387995,T,306.25,200,307.23,200,IBM
2025-10-27,9:36:44.557830637,T,306.25,200,307.09,100,IBM
2025-10-27,9:36:44.557850697,T,306.25,200,307.16,100,IBM
2025-10-27,9:36:45.192772167,T,306.38,100,307.16,100,IBM
2025-10-27,9:36:50.431844543,T,306.38,100,307.23,200,IBM
2025-10-27,9:36:50.431914715,T,306.39,100,307.23,200,IBM
2025-10-27,9:36:50.432340903,T,306.38,100,307.23,200,IBM
2025-10-27,9:36:55.219186605,T,306.38,200,307.23,200,IBM
2025-10-27,9:36:55.219192019,T,306.64,100,307.23,200,IBM
2025-10-27,9:36:55.219512361,T,306.71,100,307.23,200,IBM
2025-10-27,9:36:55.231170023,T,306.71,100,307.73,100,IBM
2025-10-27,9:36:55.231180080,T,306.71,100,307.42,200,IBM
2025-10-27,9:36:55.231295330,T,306.71,200,307.42,200,IBM
2025-10-27,9:36:55.320317336,T,306.71,100,307.42,200,IBM
2025-10-27,9:36:57.002421725,T,306.26,200,307.42,200,IBM
2025-10-27,9:36:57.002441798,T,306.26,200,306.72,100,IBM
2025-10-27,9:36:57.003063204,T,306.26,200,306.71,100,IBM
2025-10-27,9:36:57.003078328,T,306.26,200,306.97,100,IBM
2025-10-27,9:36:57.003098393,T,306.26,200,307.07,100,IBM
2025-10-27,9:36:57.003158464,T,306.26,200,307.09,100,IBM
2025-10-27,9:36:57.003173544,T,306.26,200,307.27,100,IBM
2025-10-27,9:36:57.003173544,T,306.26,200,307.09,100,IBM
2025-10-27,9:36:57.003338945,T,306.26,200,306.97,100,IBM
2025-10-27,9:36:57.003424137,T,306.26,200,306.84,100,IBM
2025-10-27,9:36:57.003449209,T,306.26,200,307.09,100,IBM
2025-10-27,9:36:57.003484251,T,306.26,200,306.84,100,IBM
2025-10-27,9:36:57.003494302,T,306.26,200,307.09,100,IBM
2025-10-27,9:36:57.011207597,T,306.26,200,307.27,100,IBM
2025-10-27,9:36:57.047960104,T,306.26,200,307.42,200,IBM
2025-10-27,9:36:57.124838150,T,306.26,200,307.42,300,IBM
2025-10-27,9:36:57.239897069,T,306.53,100,307.42,300,IBM
2025-10-27,9:36:57.565271653,T,306.53,100,307.42,200,IBM
2025-10-27,9:36:57.748628184,T,306.26,200,307.42,200,IBM
2025-10-27,9:36:59.320004052,T,306.68,100,307.42,200,IBM
2025-10-27,9:37:00.696140302,T,306.68,100,307.38,100,IBM
2025-10-27,9:37:00.696506258,T,306.68,100,307.42,200,IBM
2025-10-27,9:37:01.309465431,T,306.26,200,307.42,200,IBM
2025-10-27,9:37:03.781951311,T,306.26,200,307.38,100,IBM
2025-10-27,9:37:03.782021489,T,306.26,200,307.27,100,IBM
2025-10-27,9:37:03.783134103,T,306.26,200,307.38,100,IBM
2025-10-27,9:37:03.784467208,T,306.26,200,307.16,100,IBM
2025-10-27,9:37:03.789910218,T,306.26,200,307.38,100,IBM
2025-10-27,9:37:03.794771815,T,306.26,200,307.42,200,IBM
2025-10-27,9:37:05.309598075,T,306.54,100,307.42,200,IBM
2025-10-27,9:37:05.754572408,T,306.58,100,307.42,200,IBM
2025-10-27,9:37:05.754572408,T,306.54,100,307.42,200,IBM
2025-10-27,9:37:05.754577657,T,306.58,100,307.42,200,IBM
2025-10-27,9:37:05.755118715,T,306.54,100,307.42,200,IBM
2025-10-27,9:37:05.786844304,T,306.54,100,306.99,100,IBM
2025-10-27,9:37:07.829226640,T,306.54,100,307.0,100,IBM
2025-10-27,9:37:07.944576144,T,306.54,100,307.42,200,IBM
2025-10-27,9:37:12.940374119,T,306.54,100,307.27,100,IBM
2025-10-27,9:37:12.940579582,T,306.54,100,306.99,100,IBM
2025-10-27,9:37:12.940604717,T,306.54,100,307.38,100,IBM
2025-10-27,9:37:12.940609728,T,306.54,100,306.99,100,IBM
2025-10-27,9:37:12.941055742,T,306.54,100,307.27,100,IBM
2025-10-27,9:37:12.941115894,T,306.54,100,307.38,100,IBM
2025-10-27,9:37:12.941151022,T,306.54,100,307.42,300,IBM
2025-10-27,9:37:12.941166258,T,306.54,100,307.42,200,IBM
2025-10-27,9:37:21.552035604,T,306.26,200,307.42,200,IBM
2025-10-27,9:37:21.995210625,T,306.26,200,307.41,100,IBM
2025-10-27,9:37:21.999190146,T,306.26,200,307.42,200,IBM
2025-10-27,9:37:22.045204712,T,306.26,200,307.42,300,IBM
2025-10-27,9:37:22.045239711,T,306.26,200,307.27,100,IBM
2025-10-27,9:37:22.045445397,T,306.26,200,307.42,200,IBM
2025-10-27,9:37:22.046071696,T,306.5,200,307.42,200,IBM
2025-10-27,9:37:22.049053815,T,306.5,200,308.14,100,IBM
2025-10-27,9:37:22.049058831,T,306.5,200,307.19,200,IBM
2025-10-27,9:37:27.756325656,T,306.4,600,307.19,200,IBM
2025-10-27,9:37:27.756350735,T,306.52,200,307.19,200,IBM
2025-10-27,9:37:27.756806818,T,306.52,300,307.19,200,IBM
2025-10-27,9:37:28.999169459,T,306.52,100,307.19,200,IBM
2025-10-27,9:37:28.999194456,T,306.65,200,307.19,200,IBM
2025-10-27,9:37:30.159291203,T,306.52,100,307.19,200,IBM
2025-10-27,9:37:30.159316370,T,306.86,200,307.19,200,IBM
2025-10-27,9:37:30.159321361,T,306.86,100,307.19,200,IBM
2025-10-27,9:37:30.159337063,T,306.52,100,307.19,200,IBM
2025-10-27,9:37:30.162764530,T,306.52,100,308.21,100,IBM
2025-10-27,9:37:30.162774593,T,306.52,100,307.43,200,IBM
2025-10-27,9:37:37.351307859,T,306.52,100,307.43,300,IBM
2025-10-27,9:37:37.351413116,T,306.52,100,307.43,200,IBM
2025-10-27,9:37:37.351508306,T,306.52,100,307.77,100,IBM
2025-10-27,9:37:37.351518367,T,306.52,100,307.25,200,IBM
2025-10-27,9:37:37.351568428,T,306.55,100,307.25,200,IBM
2025-10-27,9:37:37.527006045,T,306.55,100,307.01,100,IBM
2025-10-27,9:37:37.528013525,T,306.4,500,307.01,100,IBM
2025-10-27,9:37:37.528038776,T,306.4,500,306.91,100,IBM
2025-10-27,9:37:37.528299148,T,306.4,500,306.91,200,IBM
2025-10-27,9:37:37.529306693,T,306.4,500,306.91,100,IBM
2025-10-27,9:37:37.540307788,T,306.4,500,307.01,100,IBM
2025-10-27,9:37:37.623991936,T,306.4,500,307.25,200,IBM
2025-10-27,9:37:37.624047083,T,306.4,500,306.74,100,IBM
2025-10-27,9:37:39.331307136,T,306.4,600,306.74,100,IBM
2025-10-27,9:37:39.331332052,T,306.41,100,306.74,100,IBM
2025-10-27,9:37:39.331336770,T,306.41,100,307.25,200,IBM
2025-10-27,9:37:39.331356807,T,306.74,100,307.25,200,IBM
2025-10-27,9:37:39.331391941,T,306.41,100,307.25,200,IBM
2025-10-27,9:37:39.331411923,T,306.4,600,307.25,200,IBM
2025-10-27,9:37:39.331472073,T,306.41,100,307.25,200,IBM
2025-10-27,9:37:39.332284052,T,306.4,600,307.25,200,IBM
2025-10-27,9:37:39.332659864,T,306.41,100,307.25,200,IBM
2025-10-27,9:37:39.340067512,T,306.4,600,307.25,200,IBM
2025-10-27,9:37:39.432292135,T,306.4,500,307.25,200,IBM
2025-10-27,9:37:47.720067174,T,306.4,500,307.0,100,IBM
2025-10-27,9:37:50.540316058,T,306.4,500,307.25,200,IBM
2025-10-27,9:37:59.386295184,T,306.41,100,307.25,200,IBM
2025-10-27,9:38:01.406609937,T,306.62,100,307.25,200,IBM
2025-10-27,9:38:01.406665142,T,306.41,100,307.25,200,IBM
2025-10-27,9:38:01.406675149,T,306.41,200,307.25,200,IBM
2025-10-27,9:38:01.416804247,T,306.41,100,307.25,200,IBM
2025-10-27,9:38:01.425991052,T,306.41,100,306.94,100,IBM
2025-10-27,9:38:05.890960453,T,306.78,100,306.94,100,IBM
2025-10-27,9:38:05.890976168,T,306.78,100,307.25,200,IBM
2025-10-27,9:38:05.890980651,T,306.41,100,307.25,200,IBM
2025-10-27,9:38:05.890980651,T,306.41,200,307.25,200,IBM
2025-10-27,9:38:05.891115863,T,306.77,100,307.25,200,IBM
2025-10-27,9:38:05.891201085,T,306.41,100,307.25,200,IBM
2025-10-27,9:38:05.891281315,T,306.41,200,307.25,200,IBM
2025-10-27,9:38:05.891311395,T,306.41,100,307.25,200,IBM
2025-10-27,9:38:05.891346659,T,306.41,100,307.24,100,IBM
2025-10-27,9:38:05.891506900,T,306.41,100,307.17,100,IBM
2025-10-27,9:38:05.891516762,T,306.41,100,307.24,100,IBM
2025-10-27,9:38:05.891516762,T,306.4,500,307.24,100,IBM
2025-10-27,9:38:05.891612022,T,306.4,500,307.17,100,IBM
2025-10-27,9:38:05.891732332,T,306.4,500,306.94,100,IBM
2025-10-27,9:38:05.891747446,T,306.4,500,307.24,100,IBM
2025-10-27,9:38:05.891752357,T,306.4,500,306.94,100,IBM
2025-10-27,9:38:05.891802451,T,306.4,500,306.92,100,IBM
2025-10-27,9:38:05.892744729,T,306.41,100,306.92,100,IBM
2025-10-27,9:38:05.892790002,T,306.41,100,307.24,100,IBM
2025-10-27,9:38:05.892790002,T,306.41,100,306.92,100,IBM
2025-10-27,9:38:05.892815226,T,306.41,100,306.94,100,IBM
2025-10-27,9:38:05.892815226,T,306.41,100,307.24,100,IBM
2025-10-27,9:38:05.892819971,T,306.57,100,307.24,100,IBM
2025-10-27,9:38:05.892885073,T,306.4,500,307.24,100,IBM
2025-10-27,9:38:05.892920384,T,306.4,500,307.16,100,IBM
2025-10-27,9:38:05.892940453,T,306.4,500,307.24,100,IBM
2025-10-27,9:38:05.892945289,T,306.4,500,307.16,100,IBM
2025-10-27,9:38:05.892945289,T,306.4,500,306.94,100,IBM
2025-10-27,9:38:05.892995309,T,306.4,500,306.84,100,IBM
2025-10-27,9:38:05.893035479,T,306.4,500,306.94,100,IBM
2025-10-27,9:38:05.893055484,T,306.4,500,306.84,100,IBM
2025-10-27,9:38:05.893306148,T,306.4,500,307.24,100,IBM
2025-10-27,9:38:05.893311084,T,306.4,500,306.84,100,IBM
2025-10-27,9:38:05.893396430,T,306.4,500,306.94,100,IBM
2025-10-27,9:38:05.893406266,T,306.4,500,307.16,100,IBM
2025-10-27,9:38:05.893416334,T,306.4,500,307.24,100,IBM
2025-10-27,9:38:05.893707073,T,306.4,500,307.25,200,IBM
2025-10-27,9:38:05.893822332,T,306.4,600,307.25,200,IBM
2025-10-27,9:38:05.894112958,T,306.4,500,307.25,200,IBM
2025-10-27,9:38:05.894248529,T,306.4,500,307.24,100,IBM
2025-10-27,9:38:05.894273430,T,306.4,500,307.15,100,IBM
2025-10-27,9:38:05.898779112,T,306.4,500,306.86,100,IBM
2025-10-27,9:38:05.898779112,T,306.4,500,306.83,100,IBM
2025-10-27,9:38:05.902918992,T,306.08,200,306.83,100,IBM
2025-10-27,9:38:05.902939066,T,306.08,200,306.42,100,IBM
2025-10-27,9:38:05.903129498,T,306.08,200,306.83,100,IBM
2025-10-27,9:38:05.903149553,T,306.11,300,306.83,100,IBM
2025-10-27,9:38:05.903330006,T,306.11,300,306.94,100,IBM
2025-10-27,9:38:05.903350014,T,306.08,200,306.94,100,IBM
2025-10-27,9:38:05.903354973,T,306.08,200,307.15,100,IBM
2025-10-27,9:38:05.903375040,T,306.4,300,307.15,100,IBM
2025-10-27,9:38:05.903585600,T,306.08,200,307.15,100,IBM
2025-10-27,9:38:05.903605614,T,306.08,200,306.62,100,IBM
2025-10-27,9:38:05.903981544,T,306.08,200,306.75,100,IBM
2025-10-27,9:38:05.903981544,T,306.08,200,306.83,100,IBM
2025-10-27,9:38:05.903996683,T,306.08,300,306.83,100,IBM
2025-10-27,9:38:05.904001669,T,306.17,100,306.83,100,IBM
2025-10-27,9:38:05.904006519,T,306.39,100,306.83,100,IBM
2025-10-27,9:38:05.904011561,T,306.41,100,306.83,100,IBM
2025-10-27,9:38:05.904402489,T,306.41,100,306.83,200,IBM
2025-10-27,9:38:05.904633077,T,306.41,100,306.83,100,IBM
2025-10-27,9:38:05.904773431,T,306.41,200,306.83,100,IBM
2025-10-27,9:38:05.914426410,T,306.41,200,307.15,100,IBM
2025-10-27,9:38:05.914446355,T,306.41,200,307.24,100,IBM
2025-10-27,9:38:05.932880336,T,306.41,200,307.16,100,IBM
2025-10-27,9:38:05.965728501,T,306.41,100,307.16,100,IBM
2025-10-27,9:38:05.994256383,T,306.41,100,307.25,200,IBM
2025-10-27,9:38:19.839952818,T,306.41,100,306.98,100,IBM
2025-10-27,9:38:20.470062770,T,306.41,100,307.25,200,IBM
2025-10-27,9:38:20.470428625,T,306.41,100,306.98,100,IBM
2025-10-27,9:38:20.470639117,T,306.41,100,306.98,200,IBM
2025-10-27,9:38:20.817845665,T,306.41,100,306.98,100,IBM
2025-10-27,9:38:20.957578349,T,306.41,100,307.25,200,IBM
2025-10-27,9:38:21.508810708,T,306.41,100,306.86,100,IBM
2025-10-27,9:38:22.784432357,T,306.41,100,306.86,200,IBM
2025-10-27,9:38:23.762906733,T,306.41,100,306.86,300,IBM
2025-10-27,9:38:23.763117203,T,306.41,100,306.86,400,IBM
2025-10-27,9:38:26.266747491,T,306.41,100,306.86,300,IBM
2025-10-27,9:38:26.266872810,T,306.41,100,306.86,200,IBM
2025-10-27,9:38:26.266897857,T,306.08,200,306.86,200,IBM
2025-10-27,9:38:26.266912918,T,306.08,200,306.41,100,IBM
2025-10-27,9:38:26.267223642,T,306.08,200,306.41,200,IBM
2025-10-27,9:38:26.267303987,T,305.35,100,306.41,200,IBM
2025-10-27,9:38:26.267308885,T,305.88,200,306.41,200,IBM
2025-10-27,9:38:26.267464180,T,305.88,200,306.41,100,IBM
2025-10-27,9:38:26.288298784,T,305.89,100,306.41,100,IBM
2025-10-27,9:38:26.288308839,T,306.0,100,306.41,100,IBM
2025-10-27,9:38:26.288785026,T,306.0,100,306.83,100,IBM
2025-10-27,9:38:26.289652066,T,306.0,100,306.94,100,IBM
2025-10-27,9:38:26.294062463,T,305.89,100,306.94,100,IBM
2025-10-27,9:38:26.296488304,T,305.88,200,306.94,100,IBM
2025-10-27,9:38:26.366981158,T,305.88,200,307.04,200,IBM
2025-10-27,9:38:26.385199480,T,306.0,100,307.04,200,IBM
2025-10-27,9:38:26.385780802,T,306.0,100,307.04,300,IBM
2025-10-27,9:38:26.849625128,T,306.0,100,306.86,100,IBM
2025-10-27,9:38:26.863864014,T,306.0,100,306.86,200,IBM
2025-10-27,9:38:26.958218717,T,305.88,200,306.86,200,IBM
2025-10-27,9:38:27.197814075,T,305.88,200,306.86,100,IBM
2025-10-27,9:38:27.392692996,T,305.88,200,307.04,200,IBM
2025-10-27,9:38:29.940137501,T,305.88,200,306.83,100,IBM
2025-10-27,9:38:32.437302456,T,305.88,200,306.59,100,IBM
2025-10-27,9:38:32.446765065,T,305.88,200,306.83,100,IBM
2025-10-27,9:38:32.446765065,T,305.88,200,306.5,100,IBM
2025-10-27,9:38:32.446830157,T,305.88,200,306.49,100,IBM
2025-10-27,9:38:32.446850199,T,305.88,200,306.5,100,IBM
2025-10-27,9:38:32.446850199,T,305.88,200,306.49,100,IBM
2025-10-27,9:38:32.446960473,T,305.88,200,306.46,100,IBM
2025-10-27,9:38:32.447096046,T,305.88,200,306.49,100,IBM
2025-10-27,9:38:32.447096046,T,305.88,200,306.5,100,IBM
2025-10-27,9:38:32.447110850,T,305.88,200,306.46,100,IBM
2025-10-27,9:38:32.447120845,T,305.88,200,306.49,100,IBM
2025-10-27,9:38:32.447140941,T,305.88,200,306.83,100,IBM
2025-10-27,9:38:32.447140941,T,305.25,100,306.83,100,IBM
2025-10-27,9:38:32.447146012,T,305.25,100,306.92,100,IBM
2025-10-27,9:38:32.447150961,T,305.64,200,306.92,100,IBM
2025-10-27,9:38:32.447341437,T,305.64,300,306.92,100,IBM
2025-10-27,9:38:32.447346467,T,305.64,300,307.04,200,IBM
2025-10-27,9:38:32.447697258,T,305.64,200,307.04,200,IBM
2025-10-27,9:38:32.572694804,T,305.64,200,306.94,100,IBM
2025-10-27,9:38:33.030930686,T,305.64,200,306.46,100,IBM
2025-10-27,9:38:37.083773965,T,305.64,200,306.23,100,IBM
2025-10-27,9:38:37.878134998,T,305.64,200,306.23,200,IBM
2025-10-27,9:38:37.878531013,T,305.64,200,306.23,100,IBM
2025-10-27,9:38:37.878626157,T,305.0,1000,306.23,100,IBM
2025-10-27,9:38:37.878631267,T,305.46,200,306.23,100,IBM
2025-10-27,9:38:37.879498298,T,305.46,200,306.23,200,IBM
2025-10-27,9:38:37.882094495,T,305.46,200,306.23,300,IBM
2025-10-27,9:38:37.882109543,T,305.46,200,306.14,100,IBM
2025-10-27,9:38:37.882264937,T,305.46,200,306.0,100,IBM
2025-10-27,9:38:37.888404453,T,305.46,200,305.82,100,IBM
2025-10-27,9:38:37.888414564,T,305.46,200,306.0,100,IBM
2025-10-27,9:38:37.888559872,T,305.46,200,306.23,100,IBM
2025-10-27,9:38:37.890584667,T,305.46,200,306.38,100,IBM
2025-10-27,9:38:37.891526976,T,305.58,100,306.38,100,IBM
2025-10-27,9:38:37.895611657,T,305.58,100,306.43,100,IBM
2025-10-27,9:38:37.904863842,T,305.58,100,306.41,100,IBM
2025-10-27,9:38:37.904878661,T,305.58,100,306.38,100,IBM
2025-10-27,9:38:37.904893791,T,305.58,100,306.22,100,IBM
2025-10-27,9:38:37.905104196,T,305.58,100,306.22,200,IBM
2025-10-27,9:38:37.905314802,T,305.58,100,306.22,300,IBM
2025-10-27,9:38:37.905409979,T,305.58,100,306.16,100,IBM
2025-10-27,9:38:37.905425008,T,305.46,200,306.16,100,IBM
2025-10-27,9:38:37.905425008,T,305.46,200,306.22,300,IBM
2025-10-27,9:38:37.905425008,T,305.0,1000,306.22,300,IBM
2025-10-27,9:38:37.905440079,T,305.25,100,306.22,300,IBM
2025-10-27,9:38:37.905450127,T,305.25,100,305.9,100,IBM
2025-10-27,9:38:37.905455130,T,305.0,1000,305.9,100,IBM
2025-10-27,9:38:37.905465151,T,305.0,1000,306.22,300,IBM
2025-10-27,9:38:37.905891233,T,305.0,1000,306.22,200,IBM
2025-10-27,9:38:37.905991340,T,305.0,1000,306.22,300,IBM
2025-10-27,9:38:37.906156726,T,305.02,100,306.22,300,IBM
2025-10-27,9:38:37.906196788,T,305.17,100,306.22,300,IBM
2025-10-27,9:38:37.906432366,T,305.02,100,306.22,300,IBM
2025-10-27,9:38:37.906448446,T,305.17,100,306.22,300,IBM
2025-10-27,9:38:37.912186136,T,305.0,1000,306.22,300,IBM
2025-10-27,9:38:37.915574160,T,305.0,1000,306.22,200,IBM
2025-10-27,9:38:37.915809698,T,305.0,1000,306.22,100,IBM
2025-10-27,9:38:37.916020187,T,305.0,1000,306.22,200,IBM
2025-10-27,9:38:37.916436230,T,305.0,1000,306.22,100,IBM
2025-10-27,9:38:37.916446292,T,305.0,1000,306.22,200,IBM
2025-10-27,9:38:37.927668118,T,305.0,1000,306.22,100,IBM
2025-10-27,9:38:37.927903472,T,305.0,1000,306.27,100,IBM
2025-10-27,9:38:37.982097528,T,305.0,1000,306.49,100,IBM
2025-10-27,9:38:37.986437898,T,305.0,1000,306.38,100,IBM
2025-10-27,9:38:37.986452954,T,305.0,1000,306.27,100,IBM
2025-10-27,9:38:37.986472953,T,305.0,1000,306.23,100,IBM
2025-10-27,9:38:38.001187943,T,305.32,200,306.23,100,IBM
2025-10-27,9:38:38.148488669,T,305.32,200,306.16,100,IBM
2025-10-27,9:38:38.148503667,T,305.32,200,305.91,100,IBM
2025-10-27,9:38:38.148503667,T,305.32,200,306.16,100,IBM
2025-10-27,9:38:38.148518758,T,305.32,200,305.81,100,IBM
2025-10-27,9:38:38.156748311,T,305.32,200,305.91,200,IBM
2025-10-27,9:38:38.159775462,T,305.32,200,305.91,100,IBM
2025-10-27,9:38:38.160046166,T,305.32,200,306.11,100,IBM
2025-10-27,9:38:38.160116312,T,305.32,200,305.91,100,IBM
2025-10-27,9:38:38.160542349,T,305.32,200,305.91,200,IBM
2025-10-27,9:38:38.177232102,T,305.32,200,305.91,100,IBM
2025-10-27,9:38:38.182710114,T,305.32,200,306.38,100,IBM
2025-10-27,9:38:38.348234132,T,305.32,200,306.23,100,IBM
2025-10-27,9:38:38.349672619,T,305.32,200,306.38,100,IBM
2025-10-27,9:38:38.352719839,T,305.32,200,306.23,100,IBM
2025-10-27,9:38:38.721683241,T,305.32,200,306.16,100,IBM
2025-10-27,9:38:38.721743345,T,305.32,200,306.11,100,IBM
2025-10-27,9:38:38.721768365,T,305.32,200,306.16,100,IBM
2025-10-27,9:38:38.721778422,T,305.32,200,306.11,100,IBM
2025-10-27,9:38:38.725747877,T,305.32,200,306.16,100,IBM
2025-10-27,9:38:40.509183466,T,305.32,200,306.27,100,IBM
2025-10-27,9:38:43.550674170,T,305.0,1000,306.27,100,IBM
2025-10-27,9:38:43.550679255,T,305.13,200,306.27,100,IBM
2025-10-27,9:38:43.807645898,T,305.13,200,306.23,100,IBM
2025-10-27,9:38:43.807751204,T,305.13,200,305.81,100,IBM
2025-10-27,9:38:43.807806299,T,305.13,200,306.23,100,IBM
2025-10-27,9:38:43.808071972,T,305.13,200,306.16,100,IBM
2025-10-27,9:38:43.808588138,T,305.13,200,306.11,100,IBM
2025-10-27,9:38:43.811695573,T,305.13,200,306.16,100,IBM
2025-10-27,9:38:43.820491503,T,305.13,200,306.23,100,IBM
2025-10-27,9:38:43.820526567,T,305.13,200,306.38,100,IBM
2025-10-27,9:38:43.845004862,T,305.13,200,306.27,100,IBM
2025-10-27,9:38:43.845034965,T,305.13,200,306.11,100,IBM
2025-10-27,9:38:44.013485917,T,305.13,200,306.27,100,IBM
2025-10-27,9:38:44.013576144,T,305.13,200,306.11,100,IBM
2025-10-27,9:38:44.244510920,T,305.13,200,306.27,100,IBM
2025-10-27,9:38:44.703889448,T,305.37,100,306.27,100,IBM
2025-10-27,9:38:44.823253565,T,305.13,200,306.27,100,IBM
2025-10-27,9:38:47.175934676,T,305.13,200,306.41,300,IBM
2025-10-27,9:38:49.777282267,T,305.13,200,306.38,100,IBM
2025-10-27,9:38:49.777457781,T,305.0,1000,306.38,100,IBM
2025-10-27,9:38:49.778029099,T,305.0,1000,306.34,100,IBM
2025-10-27,9:38:49.801364656,T,305.0,1000,306.41,300,IBM
2025-10-27,9:38:50.034309159,T,305.0,1000,306.38,100,IBM
2025-10-27,9:38:50.034344218,T,305.0,1000,306.23,100,IBM
2025-10-27,9:38:50.034419419,T,305.0,1000,306.13,100,IBM
2025-10-27,9:38:50.035035928,T,305.0,1000,306.11,100,IBM
2025-10-27,9:38:50.035141171,T,305.0,1000,306.13,100,IBM
2025-10-27,9:38:50.038649530,T,305.0,1000,306.27,100,IBM
2025-10-27,9:38:50.041215534,T,305.0,1000,306.16,100,IBM
2025-10-27,9:38:50.041225628,T,305.0,1000,305.74,100,IBM
2025-10-27,9:38:50.042308240,T,305.0,1000,305.92,100,IBM
2025-10-27,9:38:50.042328190,T,305.0,1000,306.11,100,IBM
2025-10-27,9:38:50.096617511,T,305.24,100,306.11,100,IBM
2025-10-27,9:38:50.141258682,T,305.24,100,306.27,100,IBM
2025-10-27,9:38:50.535056122,T,305.24,100,306.16,100,IBM
2025-10-27,9:38:50.535071244,T,305.24,100,306.11,100,IBM
2025-10-27,9:38:50.623777402,T,305.24,100,306.25,100,IBM
2025-10-27,9:38:50.623812474,T,305.24,100,306.27,100,IBM
2025-10-27,9:38:50.624058099,T,305.24,100,306.11,100,IBM
2025-10-27,9:38:51.147885201,T,305.24,100,305.86,100,IBM
2025-10-27,9:38:51.586013201,T,305.24,100,305.92,100,IBM
2025-10-27,9:38:51.586033324,T,305.24,100,306.11,100,IBM
2025-10-27,9:38:51.586078748,T,305.25,100,306.11,100,IBM
2025-10-27,9:38:51.586153545,T,305.29,100,306.11,100,IBM
2025-10-27,9:38:51.586178584,T,305.29,100,306.16,100,IBM
2025-10-27,9:38:51.586183615,T,305.25,100,306.16,100,IBM
2025-10-27,9:38:51.586183615,T,305.38,100,306.16,100,IBM
2025-10-27,9:38:51.586659774,T,305.38,100,306.27,100,IBM
2025-10-27,9:38:51.594282973,T,305.25,100,306.27,100,IBM
2025-10-27,9:38:51.594648796,T,305.24,200,306.27,100,IBM
2025-10-27,9:38:51.610210887,T,305.24,100,306.27,100,IBM
2025-10-27,9:38:51.715441374,T,305.24,100,306.41,300,IBM
2025-10-27,9:38:51.727515134,T,305.24,100,306.27,100,IBM
2025-10-27,9:38:51.727545176,T,305.24,100,306.16,100,IBM
2025-10-27,9:38:51.727565281,T,305.24,200,306.16,100,IBM
2025-10-27,9:38:51.727896003,T,305.24,200,306.27,100,IBM
2025-10-27,9:38:51.736015406,T,305.24,200,306.41,300,IBM
2025-10-27,9:38:51.742445606,T,305.4,100,306.41,300,IBM
2025-10-27,9:38:51.742460858,T,305.4,100,306.38,100,IBM
2025-10-27,9:38:51.742776975,T,305.43,100,306.38,100,IBM
2025-10-27,9:38:51.743458030,T,305.43,100,306.41,300,IBM
2025-10-27,9:38:51.871432741,T,305.43,100,306.23,100,IBM
2025-10-27,9:38:55.978836020,T,305.43,100,306.06,100,IBM
2025-10-27,9:38:56.072002752,T,305.43,100,306.27,100,IBM
2025-10-27,9:38:56.072002752,T,305.43,100,306.41,300,IBM
2025-10-27,9:38:56.072033161,T,305.68,100,306.41,300,IBM
2025-10-27,9:38:56.072118112,T,305.68,100,306.41,200,IBM
2025-10-27,9:38:56.072438837,T,305.68,100,306.41,300,IBM
2025-10-27,9:38:56.072443834,T,305.56,100,306.41,300,IBM
2025-10-27,9:38:56.072569154,T,305.56,100,306.27,100,IBM
2025-10-27,9:38:56.072589213,T,305.55,100,306.27,100,IBM
2025-10-27,9:38:56.072589213,T,305.55,100,306.38,100,IBM
2025-10-27,9:38:56.072619221,T,305.55,100,306.27,100,IBM
2025-10-27,9:38:56.072684407,T,305.55,100,306.38,100,IBM
2025-10-27,9:38:56.072694617,T,305.48,100,306.38,100,IBM
2025-10-27,9:38:56.072744522,T,305.48,100,306.41,200,IBM
2025-10-27,9:38:56.072769609,T,305.55,100,306.41,200,IBM
2025-10-27,9:38:56.072869888,T,305.68,100,306.41,200,IBM
2025-10-27,9:38:56.073802115,T,305.75,100,306.41,200,IBM
2025-10-27,9:38:56.073807142,T,305.82,100,306.41,200,IBM
2025-10-27,9:38:56.073822683,T,305.84,100,306.41,200,IBM
2025-10-27,9:38:56.074964890,T,305.85,100,306.41,200,IBM
2025-10-27,9:38:56.075040038,T,305.84,100,306.41,200,IBM
2025-10-27,9:38:56.081129490,T,305.84,100,306.41,300,IBM
2025-10-27,9:38:56.081144561,T,305.51,100,306.41,300,IBM
2025-10-27,9:38:56.086873260,T,305.44,100,306.41,300,IBM
2025-10-27,9:38:56.097067511,T,305.44,100,306.23,100,IBM
