DATE,TIME_M,EX,BID,BIDSIZ,ASK,ASKSIZ,SYM_ROOT
2025-12-19,9:30:01.215514663,T,296.19,40,300.75,160,IBM
2025-12-19,9:30:01.216216392,T,298.0,40,300.75,160,IBM
2025-12-19,9:30:01.216341621,T,297.37,40,300.75,160,IBM
2025-12-19,9:30:01.288769128,T,296.19,40,300.75,160,IBM
2025-12-19,9:30:01.292528089,T,296.19,40,300.53,80,IBM
2025-12-19,9:30:01.434872024,T,296.19,40,300.75,160,IBM
2025-12-19,9:30:02.171841413,T,296.19,40,300.49,40,IBM
2025-12-19,9:30:02.177013728,T,296.19,40,300.75,200,IBM
2025-12-19,9:30:02.177038734,T,296.19,40,300.44,40,IBM
2025-12-19,9:30:02.395854633,T,296.19,40,300.44,80,IBM
2025-12-19,9:30:03.077858111,T,296.19,40,300.44,40,IBM
2025-12-19,9:30:03.077868154,T,296.19,40,300.44,80,IBM
2025-12-19,9:30:03.077883159,T,296.19,40,300.28,40,IBM
2025-12-19,9:30:03.078239063,T,296.19,40,300.44,120,IBM
2025-12-19,9:30:03.078264068,T,296.19,40,300.23,40,IBM
2025-12-19,9:30:03.078454566,T,296.19,40,300.44,80,IBM
2025-12-19,9:30:03.078479649,T,296.19,40,300.12,40,IBM
2025-12-19,9:30:03.079351640,T,299.53,40,300.12,40,IBM
2025-12-19,9:30:03.105228499,T,299.53,40,300.12,80,IBM
2025-12-19,9:30:03.122734991,T,299.53,40,300.12,40,IBM
2025-12-19,9:30:03.122760000,T,299.53,40,300.08,40,IBM
2025-12-19,9:30:03.124143351,T,299.53,40,300.08,80,IBM
2025-12-19,9:30:03.308958280,T,299.53,40,300.08,40,IBM
2025-12-19,9:30:03.308983370,T,299.53,40,300.07,40,IBM
2025-12-19,9:30:03.310376652,T,299.53,40,300.07,80,IBM
2025-12-19,9:30:04.584329115,T,299.53,40,300.07,40,IBM
2025-12-19,9:30:04.584349263,T,299.53,40,300.02,40,IBM
2025-12-19,9:30:04.584354235,T,299.53,40,300.02,80,IBM
2025-12-19,9:30:04.584364252,T,299.53,40,300.02,40,IBM
2025-12-19,9:30:04.584394366,T,299.53,40,299.78,40,IBM
2025-12-19,9:30:04.584775270,T,299.27,40,299.78,40,IBM
2025-12-19,9:30:04.584800243,T,298.13,40,299.78,40,IBM
2025-12-19,9:30:04.584820303,T,298.13,40,300.02,40,IBM
2025-12-19,9:30:04.584820303,T,298.13,40,299.78,40,IBM
2025-12-19,9:30:04.584850408,T,298.13,40,299.54,40,IBM
2025-12-19,9:30:04.584910550,T,298.13,40,299.53,40,IBM
2025-12-19,9:30:04.585882840,T,298.13,40,299.53,80,IBM
2025-12-19,9:30:04.588203346,T,297.0,40,299.53,80,IBM
2025-12-19,9:30:04.588248503,T,297.0,40,299.53,40,IBM
2025-12-19,9:30:04.588273578,T,297.0,40,299.27,40,IBM
2025-12-19,9:30:04.588298582,T,297.0,40,299.53,40,IBM
2025-12-19,9:30:04.588318659,T,298.36,80,299.53,40,IBM
2025-12-19,9:30:04.597360155,T,298.36,80,300.44,40,IBM
2025-12-19,9:30:04.597680972,T,298.36,80,300.44,80,IBM
2025-12-19,9:30:04.608316299,T,298.0,40,300.44,80,IBM
2025-12-19,9:30:04.608341285,T,297.0,40,300.44,80,IBM
2025-12-19,9:30:04.855805434,T,297.0,40,300.44,40,IBM
2025-12-19,9:30:05.242756490,T,297.0,40,300.44,80,IBM
2025-12-19,9:30:05.330460365,T,297.0,40,300.44,40,IBM
2025-12-19,9:30:05.331222145,T,297.0,40,300.44,80,IBM
2025-12-19,9:30:05.488922560,T,297.0,40,300.44,40,IBM
2025-12-19,9:30:05.554909632,T,297.0,40,300.44,80,IBM
2025-12-19,9:30:05.589727595,T,296.01,40,300.44,80,IBM
2025-12-19,9:30:05.749928907,T,296.01,40,300.44,40,IBM
2025-12-19,9:30:05.750570390,T,296.01,40,300.44,80,IBM
2025-12-19,9:30:06.014538814,T,296.01,40,300.44,40,IBM
2025-12-19,9:30:07.870452066,T,296.01,80,300.44,40,IBM
2025-12-19,9:30:12.153804014,T,296.01,80,300.75,160,IBM
2025-12-19,9:30:12.181900916,T,296.01,80,300.44,40,IBM
2025-12-19,9:30:13.287613116,T,296.01,40,300.44,40,IBM
2025-12-19,9:30:13.763972085,T,296.01,40,300.75,200,IBM
2025-12-19,9:30:13.790244656,T,299.16,40,300.75,200,IBM
2025-12-19,9:30:13.791452567,T,298.0,40,300.75,200,IBM
2025-12-19,9:30:13.791452567,T,299.46,40,300.75,200,IBM
2025-12-19,9:30:13.886438651,T,298.0,40,300.75,200,IBM
2025-12-19,9:30:13.890929332,T,296.46,40,300.75,200,IBM
2025-12-19,9:30:13.892688573,T,296.46,40,300.04,40,IBM
2025-12-19,9:30:14.789924467,T,299.47,40,300.04,40,IBM
2025-12-19,9:30:14.789949485,T,299.47,40,300.75,160,IBM
2025-12-19,9:30:14.789974604,T,299.73,40,300.75,160,IBM
2025-12-19,9:30:14.790350512,T,299.73,40,300.04,40,IBM
2025-12-19,9:30:14.790385611,T,299.73,40,300.75,160,IBM
2025-12-19,9:30:14.790756459,T,299.47,40,300.75,160,IBM
2025-12-19,9:30:14.790796743,T,299.57,40,300.75,160,IBM
2025-12-19,9:30:14.790801560,T,299.57,40,300.75,240,IBM
2025-12-19,9:30:14.790821680,T,299.47,40,300.75,240,IBM
2025-12-19,9:30:14.790836868,T,299.47,40,300.6,80,IBM
2025-12-19,9:30:14.790841687,T,299.47,40,300.04,80,IBM
2025-12-19,9:30:14.790881714,T,299.47,40,300.4,40,IBM
2025-12-19,9:30:14.790901766,T,299.47,40,300.6,80,IBM
2025-12-19,9:30:14.791107340,T,299.47,40,300.48,80,IBM
2025-12-19,9:30:14.791112325,T,299.47,40,300.32,40,IBM
2025-12-19,9:30:14.791372893,T,299.47,40,300.48,80,IBM
2025-12-19,9:30:14.791387955,T,298.39,40,300.48,80,IBM
2025-12-19,9:30:14.791387955,T,299.73,40,300.48,80,IBM
2025-12-19,9:30:14.791398028,T,299.73,40,300.04,40,IBM
2025-12-19,9:30:14.791458123,T,299.73,40,300.48,80,IBM
2025-12-19,9:30:14.803627119,T,298.17,40,300.48,80,IBM
2025-12-19,9:30:14.811104920,T,298.17,40,300.75,160,IBM
2025-12-19,9:30:14.890594157,T,298.0,40,300.75,160,IBM
2025-12-19,9:30:14.932353538,T,299.57,40,300.75,160,IBM
2025-12-19,9:30:14.965186644,T,298.0,40,300.75,160,IBM
2025-12-19,9:30:14.982387644,T,299.46,40,300.75,160,IBM
2025-12-19,9:30:15.438859245,T,297.67,40,300.75,160,IBM
2025-12-19,9:30:15.933722436,T,299.47,40,300.75,160,IBM
2025-12-19,9:30:16.028052091,T,297.67,40,300.75,160,IBM
2025-12-19,9:30:17.022118410,T,299.48,40,300.75,160,IBM
2025-12-19,9:30:17.110363519,T,299.48,40,300.75,80,IBM
2025-12-19,9:30:17.827621001,T,299.49,40,300.75,80,IBM
2025-12-19,9:30:17.983431863,T,299.5,40,300.75,80,IBM
2025-12-19,9:30:23.498250314,T,299.89,40,300.75,80,IBM
2025-12-19,9:30:24.621188561,T,299.89,40,300.39,40,IBM
2025-12-19,9:30:32.221376599,T,300.36,40,300.39,40,IBM
2025-12-19,9:30:32.221431663,T,300.36,40,300.75,80,IBM
2025-12-19,9:30:32.221437099,T,300.36,40,300.39,40,IBM
2025-12-19,9:30:32.221441692,T,300.36,80,300.39,40,IBM
2025-12-19,9:30:32.221456833,T,300.36,120,300.39,40,IBM
2025-12-19,9:30:32.221456833,T,300.36,120,300.75,80,IBM
2025-12-19,9:30:32.221471945,T,300.36,80,300.75,80,IBM
2025-12-19,9:30:32.221476816,T,300.36,40,300.75,80,IBM
2025-12-19,9:30:32.221476816,T,300.37,40,300.75,80,IBM
2025-12-19,9:30:32.221597068,T,300.38,40,300.75,80,IBM
2025-12-19,9:30:32.221637180,T,300.37,40,300.75,80,IBM
2025-12-19,9:30:32.221662297,T,300.37,40,300.68,40,IBM
2025-12-19,9:30:32.221998085,T,300.39,40,300.68,40,IBM
2025-12-19,9:30:32.222018086,T,300.39,40,300.75,80,IBM
2025-12-19,9:30:32.222058232,T,300.39,80,300.75,80,IBM
2025-12-19,9:30:32.222123364,T,300.39,40,300.75,80,IBM
2025-12-19,9:30:32.222143376,T,300.37,40,300.75,80,IBM
2025-12-19,9:30:32.222499242,T,300.13,40,300.75,80,IBM
2025-12-19,9:30:32.222609561,T,300.22,40,300.75,80,IBM
2025-12-19,9:30:32.222955273,T,300.22,40,300.75,40,IBM
2025-12-19,9:30:32.222965329,T,300.13,40,300.75,40,IBM
2025-12-19,9:30:32.222975422,T,300.13,40,300.75,80,IBM
2025-12-19,9:30:32.223026046,T,300.13,40,300.75,40,IBM
2025-12-19,9:30:32.353551273,T,300.13,40,302.02,40,IBM
2025-12-19,9:30:32.353656412,T,300.13,40,302.21,40,IBM
2025-12-19,9:30:32.516474034,T,300.13,40,301.83,40,IBM
2025-12-19,9:30:32.516589415,T,300.39,120,301.83,40,IBM
2025-12-19,9:30:32.516614380,T,300.39,120,302.21,40,IBM
2025-12-19,9:30:32.516634409,T,300.13,40,302.21,40,IBM
2025-12-19,9:30:32.516639503,T,300.39,40,302.21,40,IBM
2025-12-19,9:30:32.516659821,T,300.7,80,302.21,40,IBM
2025-12-19,9:30:32.516664554,T,300.39,40,302.21,40,IBM
2025-12-19,9:30:32.516664554,T,300.13,40,302.21,40,IBM
2025-12-19,9:30:32.516679625,T,300.13,40,301.83,40,IBM
2025-12-19,9:30:32.516689619,T,300.13,40,301.64,40,IBM
2025-12-19,9:30:32.516699793,T,300.13,40,301.44,40,IBM
2025-12-19,9:30:32.516859929,T,300.39,40,301.44,40,IBM
2025-12-19,9:30:32.517065487,T,300.13,40,301.44,40,IBM
2025-12-19,9:30:32.517701999,T,300.13,40,301.64,40,IBM
2025-12-19,9:30:32.616697640,T,300.13,40,302.21,40,IBM
2025-12-19,9:30:33.286848340,T,300.13,40,301.05,40,IBM
2025-12-19,9:30:35.479733422,T,300.13,40,302.21,40,IBM
2025-12-19,9:30:37.509630823,T,300.55,40,302.21,40,IBM
2025-12-19,9:30:37.938321322,T,300.55,40,300.9,80,IBM
2025-12-19,9:30:37.938877646,T,300.55,40,300.9,120,IBM
2025-12-19,9:30:43.221468773,T,300.55,40,300.9,40,IBM
2025-12-19,9:30:43.221468773,T,300.55,40,301.83,40,IBM
2025-12-19,9:30:43.221488528,T,300.55,40,302.21,40,IBM
2025-12-19,9:30:43.221508568,T,300.72,40,302.21,40,IBM
2025-12-19,9:30:43.221558688,T,300.72,80,302.21,40,IBM
2025-12-19,9:30:43.221829360,T,300.72,80,302.4,40,IBM
2025-12-19,9:30:43.222105045,T,300.72,40,302.4,40,IBM
2025-12-19,9:30:43.222120019,T,300.55,40,302.4,40,IBM
2025-12-19,9:30:43.222260365,T,300.55,80,302.4,40,IBM
2025-12-19,9:30:43.222440787,T,300.9,120,302.4,40,IBM
2025-12-19,9:30:43.222586201,T,300.9,120,301.4,40,IBM
2025-12-19,9:30:43.222756547,T,300.9,120,301.4,80,IBM
2025-12-19,9:30:43.223142443,T,300.9,120,301.4,120,IBM
2025-12-19,9:30:43.494207778,T,300.55,40,301.4,120,IBM
2025-12-19,9:30:43.511619258,T,300.91,40,301.4,120,IBM
2025-12-19,9:30:43.575295779,T,300.91,40,301.4,160,IBM
2025-12-19,9:30:44.397843924,T,300.91,40,301.4,120,IBM
2025-12-19,9:30:47.819329278,T,300.91,40,301.4,320,IBM
2025-12-19,9:30:48.652998852,T,300.91,40,301.4,280,IBM
2025-12-19,9:30:51.611832794,T,300.55,40,301.4,280,IBM
2025-12-19,9:30:51.611832794,T,300.55,40,301.4,320,IBM
2025-12-19,9:30:51.611853116,T,300.55,40,301.4,280,IBM
2025-12-19,9:30:51.611853116,T,300.55,40,301.16,40,IBM
2025-12-19,9:30:51.611878053,T,300.55,40,301.16,80,IBM
2025-12-19,9:30:51.611878053,T,300.55,40,301.16,120,IBM
2025-12-19,9:30:51.611928044,T,300.55,40,301.16,80,IBM
2025-12-19,9:30:51.611953483,T,300.55,40,301.16,40,IBM
2025-12-19,9:30:51.611958039,T,300.55,40,301.31,40,IBM
2025-12-19,9:30:51.612223766,T,300.55,40,301.4,280,IBM
2025-12-19,9:30:51.612334018,T,300.62,40,301.4,280,IBM
2025-12-19,9:30:51.612379134,T,300.62,40,301.4,240,IBM
2025-12-19,9:30:51.612449260,T,300.62,40,301.4,200,IBM
2025-12-19,9:30:51.612514450,T,300.62,40,302.02,40,IBM
2025-12-19,9:30:51.612714865,T,300.55,40,302.02,40,IBM
2025-12-19,9:30:51.612855248,T,300.55,40,301.83,40,IBM
2025-12-19,9:30:51.612860235,T,300.55,40,302.21,40,IBM
2025-12-19,9:30:51.616538932,T,300.93,40,302.21,40,IBM
2025-12-19,9:30:51.715349259,T,300.93,40,301.31,120,IBM
2025-12-19,9:30:51.715905586,T,300.93,40,301.31,160,IBM
2025-12-19,9:30:52.612344462,T,301.0,40,301.31,160,IBM
2025-12-19,9:30:52.612740494,T,301.0,40,301.31,40,IBM
2025-12-19,9:30:52.612760799,T,301.0,40,301.83,40,IBM
2025-12-19,9:30:52.612765451,T,301.08,40,301.83,40,IBM
2025-12-19,9:30:52.612780558,T,301.08,40,302.59,40,IBM
2025-12-19,9:30:52.612830676,T,301.08,40,302.78,40,IBM
2025-12-19,9:30:52.613487186,T,301.31,160,302.78,40,IBM
2025-12-19,9:30:52.613507414,T,301.1,40,302.78,40,IBM
2025-12-19,9:30:52.613512215,T,301.08,40,302.78,40,IBM
2025-12-19,9:30:52.613532293,T,300.55,40,302.78,40,IBM
2025-12-19,9:30:52.613532293,T,300.55,40,302.4,40,IBM
2025-12-19,9:30:52.614319146,T,300.55,40,301.4,40,IBM
2025-12-19,9:30:52.614870516,T,300.55,40,301.4,80,IBM
2025-12-19,9:30:52.662579013,T,301.05,40,301.4,80,IBM
2025-12-19,9:30:53.659908205,T,300.55,40,301.4,80,IBM
2025-12-19,9:30:56.622120005,T,301.13,40,301.4,80,IBM
2025-12-19,9:30:56.623859233,T,301.15,40,301.4,80,IBM
2025-12-19,9:30:56.670089296,T,301.17,40,301.4,80,IBM
2025-12-19,9:30:56.717101180,T,301.15,40,301.4,80,IBM
2025-12-19,9:30:56.732517847,T,301.19,40,301.4,80,IBM
2025-12-19,9:30:57.680574711,T,301.15,40,301.4,80,IBM
2025-12-19,9:30:57.729741752,T,301.21,40,301.4,80,IBM
2025-12-19,9:30:57.780793343,T,301.15,40,301.4,80,IBM
2025-12-19,9:30:57.794380681,T,301.23,40,301.4,80,IBM
2025-12-19,9:30:58.032928503,T,301.15,40,301.4,80,IBM
2025-12-19,9:30:58.082110651,T,301.23,40,301.4,80,IBM
2025-12-19,9:30:58.128485972,T,301.15,40,301.4,80,IBM
2025-12-19,9:30:58.183932938,T,301.23,40,301.4,80,IBM
2025-12-19,9:30:58.553643301,T,301.15,40,301.4,80,IBM
2025-12-19,9:30:58.604529408,T,301.23,40,301.4,80,IBM
2025-12-19,9:30:58.652077593,T,301.15,40,301.4,80,IBM
2025-12-19,9:30:58.708547022,T,301.21,40,301.4,80,IBM
2025-12-19,9:30:58.753403780,T,301.15,40,301.4,80,IBM
2025-12-19,9:30:58.859045258,T,301.23,40,301.4,80,IBM
2025-12-19,9:30:59.593478778,T,301.23,40,301.4,40,IBM
2025-12-19,9:30:59.593483712,T,301.23,40,302.4,40,IBM
2025-12-19,9:30:59.593483712,T,301.23,40,302.78,40,IBM
2025-12-19,9:30:59.594195343,T,301.23,40,302.97,40,IBM
2025-12-19,9:30:59.594761769,T,301.23,40,303.08,40,IBM
2025-12-19,9:30:59.602109158,T,301.23,40,303.16,40,IBM
2025-12-19,9:30:59.612839714,T,301.15,40,303.16,40,IBM
2025-12-19,9:31:00.007634621,T,301.15,40,301.95,80,IBM
2025-12-19,9:31:00.008190876,T,301.15,40,301.95,120,IBM
2025-12-19,9:31:00.593890195,T,301.15,40,301.95,200,IBM
2025-12-19,9:31:02.508939116,T,301.46,40,301.95,200,IBM
2025-12-19,9:31:02.533262118,T,301.46,40,301.72,40,IBM
2025-12-19,9:31:02.533302050,T,301.46,40,301.72,120,IBM
2025-12-19,9:31:02.534580085,T,301.46,40,301.72,160,IBM
2025-12-19,9:31:02.543315913,T,301.46,40,301.72,80,IBM
2025-12-19,9:31:04.312086799,T,301.46,40,301.72,40,IBM
2025-12-19,9:31:04.312086799,T,301.46,40,302.19,160,IBM
2025-12-19,9:31:04.312106844,T,301.49,40,302.19,160,IBM
2025-12-19,9:31:04.312708278,T,301.49,40,301.73,80,IBM
2025-12-19,9:31:04.312728338,T,301.49,40,302.19,160,IBM
2025-12-19,9:31:04.312768367,T,301.46,120,302.19,160,IBM
2025-12-19,9:31:04.312773378,T,301.61,40,302.19,160,IBM
2025-12-19,9:31:04.313069058,T,301.61,40,303.16,40,IBM
2025-12-19,9:31:04.313259570,T,301.61,40,301.73,40,IBM
2025-12-19,9:31:04.313279631,T,301.61,40,302.4,40,IBM
2025-12-19,9:31:04.313279631,T,301.61,40,303.16,40,IBM
2025-12-19,9:31:04.474007252,T,301.61,40,302.4,200,IBM
2025-12-19,9:31:06.635778660,T,301.61,80,302.4,200,IBM
2025-12-19,9:31:07.488252936,T,301.61,40,302.4,200,IBM
2025-12-19,9:31:07.488252936,T,301.72,40,302.4,200,IBM
2025-12-19,9:31:07.488368446,T,301.61,40,302.4,200,IBM
2025-12-19,9:31:07.488373188,T,301.86,40,302.4,200,IBM
2025-12-19,9:31:07.489009757,T,301.86,120,302.4,200,IBM
2025-12-19,9:31:07.489145016,T,301.86,80,302.4,200,IBM
2025-12-19,9:31:07.489145016,T,301.97,40,302.4,200,IBM
2025-12-19,9:31:07.489421052,T,301.86,80,302.4,200,IBM
2025-12-19,9:31:07.489440763,T,301.97,40,302.4,200,IBM
2025-12-19,9:31:07.489460797,T,301.86,80,302.4,200,IBM
2025-12-19,9:31:07.489485898,T,301.86,80,302.15,40,IBM
2025-12-19,9:31:07.540472208,T,301.61,40,302.15,40,IBM
2025-12-19,9:31:08.030323338,T,301.61,40,302.14,40,IBM
2025-12-19,9:31:08.030879626,T,301.61,40,302.14,80,IBM
2025-12-19,9:31:08.508306214,T,301.72,80,302.14,80,IBM
2025-12-19,9:31:09.470326461,T,301.72,120,302.14,80,IBM
2025-12-19,9:31:11.349840934,T,301.72,120,302.14,40,IBM
2025-12-19,9:31:11.545506743,T,301.72,200,302.14,40,IBM
2025-12-19,9:31:12.648722937,T,301.72,200,302.4,200,IBM
2025-12-19,9:31:12.935831510,T,301.72,200,302.06,80,IBM
2025-12-19,9:31:12.936006843,T,301.72,120,302.06,80,IBM
2025-12-19,9:31:12.936382759,T,301.72,120,302.06,120,IBM
2025-12-19,9:31:19.684918279,T,301.72,200,302.06,120,IBM
2025-12-19,9:31:20.198726439,T,301.72,120,302.06,120,IBM
2025-12-19,9:31:24.203946229,T,301.72,200,302.06,120,IBM
2025-12-19,9:31:24.511749039,T,301.72,120,302.06,120,IBM
2025-12-19,9:31:25.962267343,T,301.72,120,302.06,40,IBM
2025-12-19,9:31:25.962267343,T,301.72,120,302.07,40,IBM
2025-12-19,9:31:25.962427384,T,301.78,40,302.07,40,IBM
2025-12-19,9:31:25.962452473,T,301.89,40,302.07,40,IBM
2025-12-19,9:31:25.962643008,T,301.89,40,302.4,200,IBM
2025-12-19,9:31:25.962893513,T,301.89,80,302.4,200,IBM
2025-12-19,9:31:25.962913608,T,301.89,40,302.4,200,IBM
2025-12-19,9:31:25.962913608,T,301.78,40,302.4,200,IBM
2025-12-19,9:31:25.962913608,T,302.06,40,302.4,200,IBM
2025-12-19,9:31:25.962929263,T,301.78,40,302.4,200,IBM
2025-12-19,9:31:25.962933585,T,301.72,80,302.4,200,IBM
2025-12-19,9:31:25.962938603,T,302.06,120,302.4,200,IBM
2025-12-19,9:31:25.962959244,T,301.72,80,302.4,200,IBM
2025-12-19,9:31:25.962988833,T,301.72,80,302.2,40,IBM
2025-12-19,9:31:25.963093996,T,301.72,80,302.07,40,IBM
2025-12-19,9:31:25.963124043,T,301.72,80,302.2,80,IBM
2025-12-19,9:31:25.963144128,T,301.72,80,302.66,160,IBM
2025-12-19,9:31:25.963560164,T,301.89,80,302.66,160,IBM
2025-12-19,9:31:26.084207320,T,301.72,80,302.66,160,IBM
2025-12-19,9:31:26.084252698,T,301.72,80,302.28,40,IBM
2025-12-19,9:31:26.084252698,T,301.72,80,302.28,80,IBM
2025-12-19,9:31:26.089269346,T,301.72,80,302.28,40,IBM
2025-12-19,9:31:26.962683682,T,301.72,80,302.2,80,IBM
2025-12-19,9:31:26.963240004,T,301.72,80,302.2,120,IBM
2025-12-19,9:31:30.633833070,T,301.61,40,302.2,120,IBM
2025-12-19,9:31:30.633853063,T,301.61,40,302.2,160,IBM
2025-12-19,9:31:30.634234164,T,301.61,40,302.2,120,IBM
2025-12-19,9:31:30.634249347,T,301.72,40,302.2,120,IBM
2025-12-19,9:31:30.634364357,T,301.79,40,302.2,120,IBM
2025-12-19,9:31:30.634374461,T,301.79,40,302.19,40,IBM
2025-12-19,9:31:30.634785352,T,301.79,40,302.2,40,IBM
2025-12-19,9:31:30.634970737,T,301.79,40,302.19,40,IBM
2025-12-19,9:31:32.571220121,T,301.79,120,302.19,40,IBM
2025-12-19,9:31:34.622212680,T,301.79,40,302.19,40,IBM
2025-12-19,9:31:35.642286094,T,301.79,80,302.19,40,IBM
2025-12-19,9:31:36.639946034,T,301.79,120,302.19,40,IBM
2025-12-19,9:31:40.283544988,T,301.79,80,302.19,40,IBM
2025-12-19,9:31:40.284457161,T,301.86,80,302.19,40,IBM
2025-12-19,9:31:43.473925483,T,301.86,40,302.19,40,IBM
2025-12-19,9:31:43.473950238,T,301.79,80,302.19,40,IBM
2025-12-19,9:31:43.473955232,T,301.79,80,302.01,40,IBM
2025-12-19,9:31:43.473975232,T,301.79,80,302.01,80,IBM
2025-12-19,9:31:43.474045495,T,301.79,80,302.01,200,IBM
2025-12-19,9:31:43.474341213,T,301.79,80,302.01,160,IBM
2025-12-19,9:31:43.474356156,T,301.79,80,302.01,120,IBM
2025-12-19,9:31:43.474707016,T,301.79,80,302.01,160,IBM
2025-12-19,9:31:43.475128011,T,301.79,80,302.01,120,IBM
2025-12-19,9:31:43.475228226,T,301.79,80,302.01,160,IBM
2025-12-19,9:31:44.503596349,T,301.79,40,302.01,160,IBM
2025-12-19,9:31:44.503596349,T,301.61,40,302.01,160,IBM
2025-12-19,9:31:44.505270275,T,301.61,40,302.01,120,IBM
2025-12-19,9:31:44.505350486,T,301.61,40,301.89,120,IBM
2025-12-19,9:31:44.505821647,T,301.51,160,301.89,120,IBM
2025-12-19,9:31:44.505951984,T,301.51,160,301.89,160,IBM
2025-12-19,9:31:44.508688408,T,300.69,40,301.89,160,IBM
2025-12-19,9:31:44.508693430,T,301.2,160,301.89,160,IBM
2025-12-19,9:31:44.508723517,T,301.4,40,301.89,160,IBM
2025-12-19,9:31:44.532029034,T,301.4,40,301.89,120,IBM
2025-12-19,9:31:44.609167642,T,301.2,160,301.89,120,IBM
2025-12-19,9:31:44.881821751,T,301.41,40,301.89,120,IBM
2025-12-19,9:31:44.982591675,T,301.41,40,301.89,160,IBM
2025-12-19,9:31:44.982621659,T,301.2,160,301.89,160,IBM
2025-12-19,9:31:45.008458210,T,301.42,40,301.89,160,IBM
2025-12-19,9:31:45.202520101,T,301.2,160,301.89,160,IBM
2025-12-19,9:31:45.202971203,T,301.42,40,301.89,160,IBM
2025-12-19,9:31:45.589060364,T,301.2,160,301.89,160,IBM
2025-12-19,9:31:46.264598427,T,301.42,40,301.89,160,IBM
2025-12-19,9:31:47.493193212,T,301.42,120,301.89,160,IBM
2025-12-19,9:31:47.605811374,T,301.42,40,301.89,160,IBM
2025-12-19,9:31:47.605841447,T,301.2,160,301.89,160,IBM
2025-12-19,9:31:47.735104161,T,301.2,160,301.89,120,IBM
2025-12-19,9:31:47.735104161,T,301.2,160,301.89,80,IBM
2025-12-19,9:31:47.735114087,T,301.42,40,301.89,80,IBM
2025-12-19,9:31:47.735149220,T,301.42,40,301.89,40,IBM
2025-12-19,9:31:47.735234437,T,301.42,40,302.26,160,IBM
2025-12-19,9:31:47.735239409,T,301.2,160,302.26,160,IBM
2025-12-19,9:31:47.735239409,T,301.65,40,302.26,160,IBM
2025-12-19,9:31:47.735254461,T,301.77,40,302.26,160,IBM
2025-12-19,9:31:47.735369802,T,301.77,80,302.26,160,IBM
2025-12-19,9:31:47.735941151,T,301.77,80,302.26,200,IBM
2025-12-19,9:31:47.736081425,T,301.77,80,302.26,280,IBM
2025-12-19,9:31:47.737113885,T,301.77,80,302.26,120,IBM
2025-12-19,9:31:47.762038206,T,301.77,40,302.26,120,IBM
2025-12-19,9:31:48.735606006,T,301.77,40,302.26,240,IBM
2025-12-19,9:31:49.501910303,T,301.77,160,302.26,240,IBM
2025-12-19,9:31:54.555250249,T,301.77,160,302.26,280,IBM
2025-12-19,9:32:00.332092716,T,301.77,160,302.26,320,IBM
2025-12-19,9:32:02.596653836,T,301.77,160,302.26,280,IBM
2025-12-19,9:32:02.949859640,T,301.77,240,302.26,280,IBM
2025-12-19,9:32:03.082094350,T,301.77,160,302.26,280,IBM
2025-12-19,9:32:05.861691350,T,301.77,160,302.26,240,IBM
2025-12-19,9:32:09.114419842,T,301.77,160,302.26,200,IBM
2025-12-19,9:32:09.292428573,T,301.77,240,302.26,200,IBM
2025-12-19,9:32:09.451116363,T,301.77,240,302.26,160,IBM
2025-12-19,9:32:12.422108982,T,301.77,240,302.26,120,IBM
2025-12-19,9:32:12.853195248,T,301.77,160,302.26,120,IBM
2025-12-19,9:32:15.869410630,T,301.77,160,302.26,160,IBM
2025-12-19,9:32:17.197377119,T,301.77,160,302.26,240,IBM
2025-12-19,9:32:17.398906899,T,301.77,160,302.26,200,IBM
2025-12-19,9:32:18.545566589,T,301.77,240,302.26,200,IBM
2025-12-19,9:32:21.113635026,T,301.77,280,302.26,200,IBM
2025-12-19,9:32:21.113665095,T,301.95,40,302.26,200,IBM
2025-12-19,9:32:21.114126486,T,301.95,40,302.26,120,IBM
2025-12-19,9:32:21.114131169,T,301.95,40,302.26,80,IBM
2025-12-19,9:32:21.114421918,T,301.9,120,302.26,80,IBM
2025-12-19,9:32:21.114426904,T,301.95,120,302.26,80,IBM
2025-12-19,9:32:21.114742653,T,301.95,120,302.64,160,IBM
2025-12-19,9:32:21.114773141,T,301.96,40,302.64,160,IBM
2025-12-19,9:32:21.115153610,T,302.25,40,302.64,160,IBM
2025-12-19,9:32:21.115173736,T,301.96,40,302.64,160,IBM
2025-12-19,9:32:21.115208765,T,301.96,40,302.63,80,IBM
2025-12-19,9:32:21.115770144,T,301.96,80,302.63,80,IBM
2025-12-19,9:32:21.115785097,T,301.96,40,302.63,80,IBM
2025-12-19,9:32:21.116065782,T,301.96,40,302.57,40,IBM
2025-12-19,9:32:21.116201119,T,301.96,40,302.63,80,IBM
2025-12-19,9:32:21.124956968,T,301.96,40,302.63,40,IBM
2025-12-19,9:32:21.214775812,T,301.95,120,302.63,40,IBM
2025-12-19,9:32:21.215206886,T,301.95,120,302.64,160,IBM
2025-12-19,9:32:21.215236924,T,301.95,160,302.64,160,IBM
2025-12-19,9:32:21.224173165,T,301.95,120,302.64,160,IBM
2025-12-19,9:32:21.407544722,T,301.95,120,302.46,40,IBM
2025-12-19,9:32:21.408096002,T,301.95,120,302.46,80,IBM
2025-12-19,9:32:21.853937494,T,301.95,120,302.46,40,IBM
2025-12-19,9:32:21.898328134,T,301.95,120,302.46,80,IBM
2025-12-19,9:32:22.115179335,T,301.95,120,302.46,120,IBM
2025-12-19,9:32:22.115730689,T,301.95,120,302.46,80,IBM
2025-12-19,9:32:25.940315446,T,301.95,120,302.46,160,IBM
2025-12-19,9:32:26.527423146,T,301.96,80,302.46,160,IBM
2025-12-19,9:32:32.167690317,T,301.96,80,302.46,80,IBM
2025-12-19,9:32:32.729943681,T,301.96,80,302.46,200,IBM
2025-12-19,9:32:38.106603302,T,301.96,80,302.46,80,IBM
2025-12-19,9:32:41.505660036,T,301.96,80,302.46,120,IBM
2025-12-19,9:32:42.229829171,T,301.95,120,302.46,120,IBM
2025-12-19,9:32:42.229854119,T,301.95,40,302.46,120,IBM
2025-12-19,9:32:42.229854119,T,301.95,40,302.21,80,IBM
2025-12-19,9:32:42.229859043,T,301.95,40,302.21,120,IBM
2025-12-19,9:32:42.230039414,T,301.95,40,302.21,160,IBM
2025-12-19,9:32:42.230074585,T,301.39,160,302.21,160,IBM
2025-12-19,9:32:42.230139719,T,301.39,160,302.21,200,IBM
2025-12-19,9:32:42.230410313,T,301.39,160,302.21,240,IBM
2025-12-19,9:32:42.230911500,T,301.39,160,302.2,40,IBM
2025-12-19,9:32:42.231432809,T,301.39,160,302.19,40,IBM
2025-12-19,9:32:42.241261165,T,301.39,160,302.19,80,IBM
2025-12-19,9:32:42.241486718,T,301.39,160,302.19,120,IBM
2025-12-19,9:32:42.241556909,T,301.39,160,302.19,160,IBM
2025-12-19,9:32:44.269679900,T,301.39,160,302.19,200,IBM
2025-12-19,9:32:44.269950558,T,301.39,160,302.19,160,IBM
2025-12-19,9:32:47.228077784,T,301.77,80,302.19,160,IBM
2025-12-19,9:32:47.228458752,T,301.77,80,302.19,120,IBM
2025-12-19,9:32:47.585238134,T,301.77,80,302.19,80,IBM
2025-12-19,9:32:51.551429835,T,301.77,160,302.19,80,IBM
2025-12-19,9:32:53.226813442,T,301.78,80,302.19,80,IBM
2025-12-19,9:32:55.216750665,T,301.78,80,302.19,40,IBM
2025-12-19,9:32:57.304194917,T,301.78,120,302.19,40,IBM
2025-12-19,9:32:57.305001828,T,301.78,120,302.19,160,IBM
2025-12-19,9:32:57.312424468,T,301.78,120,302.19,120,IBM
2025-12-19,9:32:57.312424468,T,301.78,120,302.2,40,IBM
2025-12-19,9:32:57.312455014,T,301.98,80,302.2,40,IBM
2025-12-19,9:32:57.312455014,T,301.98,80,302.63,160,IBM
2025-12-19,9:32:57.312745325,T,301.98,120,302.63,160,IBM
2025-12-19,9:32:57.313151260,T,301.98,160,302.63,160,IBM
2025-12-19,9:32:57.313271478,T,302.03,40,302.63,160,IBM
2025-12-19,9:32:57.317506617,T,302.03,40,303.28,40,IBM
2025-12-19,9:32:57.317516619,T,302.03,40,302.86,160,IBM
2025-12-19,9:32:57.317777232,T,302.03,80,302.86,160,IBM
2025-12-19,9:32:57.322062517,T,302.03,40,302.86,160,IBM
2025-12-19,9:32:58.312851065,T,302.03,40,302.5,40,IBM
2025-12-19,9:32:58.916016972,T,302.03,40,302.5,80,IBM
2025-12-19,9:33:00.297475752,T,302.03,40,302.5,40,IBM
2025-12-19,9:33:00.306953395,T,302.03,40,302.5,80,IBM
2025-12-19,9:33:01.016898324,T,302.03,40,302.5,40,IBM
2025-12-19,9:33:01.171180603,T,302.03,40,302.5,80,IBM
2025-12-19,9:33:01.171240841,T,301.98,80,302.5,80,IBM
2025-12-19,9:33:01.171260974,T,301.98,80,302.15,40,IBM
2025-12-19,9:33:01.171290851,T,301.98,80,302.81,40,IBM
2025-12-19,9:33:01.171310911,T,301.98,80,302.86,160,IBM
2025-12-19,9:33:01.171316013,T,302.03,40,302.86,160,IBM
2025-12-19,9:33:01.171336020,T,302.03,80,302.86,160,IBM
2025-12-19,9:33:01.171581550,T,302.03,120,302.86,160,IBM
2025-12-19,9:33:01.171601653,T,302.03,160,302.86,160,IBM
2025-12-19,9:33:01.171746959,T,302.03,120,302.86,160,IBM
2025-12-19,9:33:01.171751999,T,302.15,40,302.86,160,IBM
2025-12-19,9:33:01.171772251,T,302.27,40,302.86,160,IBM
2025-12-19,9:33:01.171772251,T,302.27,160,302.86,160,IBM
2025-12-19,9:33:01.171817373,T,302.27,120,302.86,160,IBM
2025-12-19,9:33:01.171892293,T,302.15,40,302.86,160,IBM
2025-12-19,9:33:01.171912393,T,301.98,80,302.86,160,IBM
2025-12-19,9:33:01.171977499,T,301.98,200,302.86,160,IBM
2025-12-19,9:33:01.911748610,T,301.98,200,302.5,40,IBM
2025-12-19,9:33:02.534190532,T,302.03,80,302.5,40,IBM
2025-12-19,9:33:02.534235577,T,302.03,200,302.5,40,IBM
2025-12-19,9:33:02.758128621,T,302.03,200,302.5,80,IBM
2025-12-19,9:33:02.939179605,T,302.03,200,302.5,40,IBM
2025-12-19,9:33:03.737610312,T,302.03,240,302.5,40,IBM
2025-12-19,9:33:08.720733135,T,302.03,200,302.5,40,IBM
2025-12-19,9:33:10.715356799,T,302.03,240,302.5,40,IBM
2025-12-19,9:33:12.353055297,T,302.03,240,302.5,120,IBM
2025-12-19,9:33:12.372907559,T,302.03,120,302.5,120,IBM
2025-12-19,9:33:12.372927558,T,302.13,120,302.5,120,IBM
2025-12-19,9:33:12.373067969,T,302.13,120,302.5,200,IBM
2025-12-19,9:33:12.374155493,T,302.13,200,302.5,200,IBM
2025-12-19,9:33:12.756836598,T,302.13,200,302.5,160,IBM
2025-12-19,9:33:13.459008150,T,302.13,200,302.5,200,IBM
2025-12-19,9:33:19.696471942,T,302.13,200,302.5,160,IBM
2025-12-19,9:33:22.119214646,T,302.13,240,302.5,160,IBM
2025-12-19,9:33:25.887149595,T,302.13,240,302.5,80,IBM
2025-12-19,9:33:27.029950077,T,302.13,240,302.5,200,IBM
2025-12-19,9:33:42.865042097,T,302.13,200,302.5,200,IBM
2025-12-19,9:33:44.430333557,T,302.13,80,302.5,200,IBM
2025-12-19,9:33:44.430333557,T,302.03,80,302.5,200,IBM
2025-12-19,9:33:44.430353373,T,302.03,80,302.14,80,IBM
2025-12-19,9:33:44.430909743,T,301.77,80,302.14,80,IBM
2025-12-19,9:33:44.430914727,T,301.77,80,302.14,120,IBM
2025-12-19,9:33:44.430959850,T,301.77,80,302.14,40,IBM
2025-12-19,9:33:44.440983656,T,301.77,80,302.49,80,IBM
2025-12-19,9:33:44.530747350,T,301.77,80,302.5,80,IBM
2025-12-19,9:33:44.883622589,T,301.77,80,302.28,40,IBM
2025-12-19,9:33:44.960104566,T,301.77,80,302.12,80,IBM
2025-12-19,9:33:44.960660878,T,301.77,80,302.12,120,IBM
2025-12-19,9:33:46.492843310,T,301.77,80,302.12,160,IBM
2025-12-19,9:33:46.493259389,T,301.77,80,302.12,120,IBM
2025-12-19,9:33:46.493429802,T,301.77,80,302.49,40,IBM
2025-12-19,9:33:46.493695373,T,301.77,80,302.5,80,IBM
2025-12-19,9:33:46.544907360,T,301.41,160,302.5,80,IBM
2025-12-19,9:33:46.740066963,T,301.41,160,302.07,40,IBM
2025-12-19,9:33:46.740618209,T,301.41,160,302.07,80,IBM
2025-12-19,9:33:47.039730458,T,301.41,160,302.07,120,IBM
2025-12-19,9:33:47.039775393,T,301.41,160,302.07,80,IBM
2025-12-19,9:33:47.039825594,T,301.3,40,302.07,80,IBM
2025-12-19,9:33:47.039915711,T,301.3,40,302.12,120,IBM
2025-12-19,9:33:47.039940810,T,301.3,40,302.12,80,IBM
2025-12-19,9:33:47.040497128,T,301.41,40,302.12,80,IBM
2025-12-19,9:33:49.045545513,T,301.48,40,302.12,80,IBM
2025-12-19,9:33:49.876122751,T,301.48,40,302.42,40,IBM
2025-12-19,9:33:49.921856645,T,301.48,40,301.92,120,IBM
2025-12-19,9:33:49.922407879,T,301.48,40,301.92,160,IBM
2025-12-19,9:33:49.942450558,T,301.09,160,301.92,160,IBM
2025-12-19,9:33:49.949632656,T,301.09,160,301.92,120,IBM
2025-12-19,9:33:50.566731629,T,301.46,80,301.92,120,IBM
2025-12-19,9:33:51.947143052,T,301.46,120,301.92,120,IBM
2025-12-19,9:33:52.365879757,T,301.46,120,301.7,80,IBM
2025-12-19,9:33:53.014829598,T,301.46,80,301.7,80,IBM
2025-12-19,9:33:53.015381025,T,301.46,80,301.7,120,IBM
2025-12-19,9:33:54.809597228,T,301.09,160,301.7,120,IBM
2025-12-19,9:33:54.810148518,T,301.09,160,301.7,80,IBM
2025-12-19,9:33:54.888550162,T,301.09,160,301.59,40,IBM
2025-12-19,9:33:54.888740728,T,300.51,40,301.59,40,IBM
2025-12-19,9:33:54.888745614,T,300.87,160,301.59,40,IBM
2025-12-19,9:33:54.888770694,T,300.87,160,301.7,80,IBM
2025-12-19,9:33:54.888855839,T,300.87,160,301.7,120,IBM
2025-12-19,9:33:54.889011287,T,300.91,80,301.7,120,IBM
2025-12-19,9:33:54.898884733,T,300.91,80,301.7,80,IBM
2025-12-19,9:33:54.899025160,T,300.87,160,301.7,80,IBM
2025-12-19,9:33:56.056936600,T,301.11,40,301.7,80,IBM
2025-12-19,9:33:56.056966683,T,301.11,80,301.7,80,IBM
2025-12-19,9:33:56.159926766,T,301.11,120,301.7,80,IBM
2025-12-19,9:33:56.160543269,T,301.11,80,301.7,80,IBM
2025-12-19,9:33:57.696920774,T,301.11,80,301.7,120,IBM
2025-12-19,9:33:57.741752574,T,301.11,80,301.7,160,IBM
2025-12-19,9:33:58.084628800,T,301.11,80,301.7,120,IBM
2025-12-19,9:33:58.132222029,T,301.11,80,301.7,160,IBM
2025-12-19,9:33:58.805349548,T,301.11,160,301.7,160,IBM
2025-12-19,9:34:02.497634481,T,301.11,80,301.7,160,IBM
2025-12-19,9:34:02.498190802,T,301.11,80,301.7,200,IBM
2025-12-19,9:34:03.517271759,T,301.11,40,301.7,200,IBM
2025-12-19,9:34:08.539778219,T,301.11,40,301.7,160,IBM
2025-12-19,9:34:09.380670011,T,301.12,80,301.7,160,IBM
2025-12-19,9:34:11.378160443,T,301.12,80,301.64,1000,IBM
2025-12-19,9:34:11.728078390,T,301.12,80,301.7,160,IBM
2025-12-19,9:34:11.728123453,T,301.49,80,301.7,160,IBM
2025-12-19,9:34:11.728409176,T,301.49,120,301.7,160,IBM
2025-12-19,9:34:11.814298687,T,301.49,40,301.7,160,IBM
2025-12-19,9:34:11.815957608,T,301.36,80,301.7,160,IBM
2025-12-19,9:34:11.815982681,T,301.36,40,301.7,160,IBM
2025-12-19,9:34:11.816002735,T,301.12,80,301.7,160,IBM
2025-12-19,9:34:11.816002735,T,301.12,80,301.6,40,IBM
2025-12-19,9:34:11.816523993,T,301.12,120,301.6,40,IBM
2025-12-19,9:34:11.816804661,T,301.12,120,301.6,120,IBM
2025-12-19,9:34:11.820999572,T,301.12,160,301.6,120,IBM
2025-12-19,9:34:11.826001808,T,301.12,160,301.6,80,IBM
2025-12-19,9:34:12.357657148,T,301.12,160,301.6,160,IBM
2025-12-19,9:34:12.357937770,T,301.12,120,301.6,160,IBM
2025-12-19,9:34:14.553309094,T,301.12,120,301.6,200,IBM
2025-12-19,9:34:17.027298666,T,301.12,120,301.6,160,IBM
2025-12-19,9:34:17.027303750,T,301.12,120,301.6,120,IBM
2025-12-19,9:34:17.027303750,T,301.12,120,301.6,40,IBM
2025-12-19,9:34:17.027303750,T,301.12,120,302.3,200,IBM
2025-12-19,9:34:17.027328801,T,301.49,40,302.3,200,IBM
2025-12-19,9:34:17.027378922,T,301.49,80,302.3,200,IBM
2025-12-19,9:34:17.027714673,T,301.49,120,302.3,200,IBM
2025-12-19,9:34:17.027814968,T,301.49,80,302.3,200,IBM
2025-12-19,9:34:17.028727116,T,301.49,40,302.3,200,IBM
2025-12-19,9:34:17.129256480,T,301.14,160,302.3,200,IBM
2025-12-19,9:34:17.831929218,T,301.14,160,302.11,80,IBM
2025-12-19,9:34:17.841948113,T,301.14,160,302.3,200,IBM
2025-12-19,9:34:18.341612585,T,301.14,160,302.13,40,IBM
2025-12-19,9:34:19.171167420,T,301.14,160,302.3,200,IBM
2025-12-19,9:34:19.216510325,T,301.14,160,302.13,40,IBM
2025-12-19,9:34:19.277916562,T,301.61,80,302.13,40,IBM
2025-12-19,9:34:19.563957495,T,301.61,80,302.3,200,IBM
2025-12-19,9:34:23.584799427,T,301.61,80,302.14,40,IBM
2025-12-19,9:34:23.634177063,T,301.61,160,302.14,40,IBM
2025-12-19,9:34:23.706955299,T,301.61,80,302.14,40,IBM
2025-12-19,9:34:26.855771270,T,301.61,120,302.14,40,IBM
2025-12-19,9:34:28.253694166,T,301.61,120,302.63,160,IBM
2025-12-19,9:34:30.258762358,T,301.61,120,302.13,80,IBM
2025-12-19,9:34:32.236074655,T,301.61,80,302.13,80,IBM
2025-12-19,9:34:41.003260743,T,301.62,40,302.13,80,IBM
2025-12-19,9:34:41.003441172,T,301.62,120,302.13,80,IBM
2025-12-19,9:34:41.319488495,T,301.62,80,302.13,80,IBM
2025-12-19,9:34:41.319954636,T,301.63,40,302.13,80,IBM
2025-12-19,9:34:41.548398513,T,301.62,80,302.13,80,IBM
2025-12-19,9:34:50.237082767,T,301.62,80,302.43,160,IBM
2025-12-19,9:34:50.261971963,T,301.62,80,302.0,80,IBM
2025-12-19,9:35:00.480553497,T,301.62,80,302.0,40,IBM
2025-12-19,9:35:00.480553497,T,301.62,80,302.01,40,IBM
2025-12-19,9:35:00.480593551,T,301.76,40,302.01,40,IBM
2025-12-19,9:35:00.480598608,T,301.9,40,302.01,40,IBM
2025-12-19,9:35:00.480603558,T,301.9,40,302.43,160,IBM
2025-12-19,9:35:00.480773956,T,302.0,40,302.43,160,IBM
2025-12-19,9:35:00.480784064,T,302.0,120,302.43,160,IBM
2025-12-19,9:35:00.480969510,T,302.0,160,302.43,160,IBM
2025-12-19,9:35:00.481074716,T,302.0,120,302.43,160,IBM
2025-12-19,9:35:00.481139912,T,302.0,240,302.43,160,IBM
2025-12-19,9:35:00.492065915,T,302.0,240,302.97,40,IBM
2025-12-19,9:35:00.492070847,T,302.0,240,302.71,160,IBM
2025-12-19,9:35:00.497784446,T,302.01,40,302.71,160,IBM
2025-12-19,9:35:01.193175042,T,302.01,40,302.43,80,IBM
2025-12-19,9:35:01.229230797,T,302.0,80,302.43,80,IBM
2025-12-19,9:35:01.265351842,T,301.62,80,302.43,80,IBM
2025-12-19,9:35:06.595751303,T,302.02,40,302.43,80,IBM
2025-12-19,9:35:06.808968948,T,301.62,80,302.43,80,IBM
2025-12-19,9:35:07.720574026,T,302.01,40,302.43,80,IBM
2025-12-19,9:35:09.339773631,T,301.62,80,302.43,80,IBM
2025-12-19,9:35:11.236649408,T,301.62,80,302.43,160,IBM
2025-12-19,9:35:24.908166335,T,301.62,80,302.43,80,IBM
2025-12-19,9:35:24.908166335,T,301.62,80,302.71,160,IBM
2025-12-19,9:35:24.908190768,T,302.22,80,302.71,160,IBM
2025-12-19,9:35:24.908205777,T,302.22,120,302.71,160,IBM
2025-12-19,9:35:24.908235925,T,302.22,160,302.71,160,IBM
2025-12-19,9:35:24.908306049,T,302.22,200,302.71,160,IBM
2025-12-19,9:35:24.908336124,T,302.22,160,302.71,160,IBM
2025-12-19,9:35:24.908341096,T,302.36,40,302.71,160,IBM
2025-12-19,9:35:24.909253253,T,302.43,120,302.71,160,IBM
2025-12-19,9:35:24.909333440,T,302.43,120,303.35,40,IBM
2025-12-19,9:35:24.909343481,T,302.43,120,303.08,160,IBM
2025-12-19,9:35:25.186663666,T,302.22,80,303.08,160,IBM
2025-12-19,9:35:25.186683735,T,301.62,80,303.08,160,IBM
2025-12-19,9:35:25.187074650,T,301.62,80,303.08,200,IBM
2025-12-19,9:35:25.189164665,T,301.62,80,303.04,40,IBM
2025-12-19,9:35:25.189440299,T,301.62,80,303.08,160,IBM
2025-12-19,9:35:25.219491790,T,301.62,80,302.95,80,IBM
2025-12-19,9:35:25.220108327,T,302.02,40,302.95,80,IBM
2025-12-19,9:35:25.229515639,T,302.02,40,303.08,160,IBM
2025-12-19,9:35:25.370997502,T,301.62,80,303.08,160,IBM
2025-12-19,9:35:25.724769722,T,301.62,80,302.95,80,IBM
2025-12-19,9:35:25.734778480,T,301.62,80,303.08,160,IBM
2025-12-19,9:35:26.235565628,T,301.62,80,302.97,80,IBM
2025-12-19,9:35:33.360397065,T,301.62,80,302.97,120,IBM
2025-12-19,9:35:36.361170866,T,301.62,80,302.97,80,IBM
2025-12-19,9:35:36.361241067,T,301.62,80,302.91,80,IBM
2025-12-19,9:35:36.371274902,T,301.62,80,303.08,160,IBM
2025-12-19,9:35:48.442491594,T,301.62,80,303.5,8680,IBM
2025-12-19,9:35:48.442496658,T,301.62,80,303.41,200,IBM
2025-12-19,9:35:50.596439136,T,301.62,80,302.91,80,IBM
2025-12-19,9:35:50.596709720,T,301.62,80,302.91,120,IBM
2025-12-19,9:35:50.596995407,T,301.62,80,302.91,160,IBM
2025-12-19,9:35:54.234705379,T,301.62,80,302.89,80,IBM
2025-12-19,9:35:54.235331918,T,301.62,80,302.89,120,IBM
2025-12-19,9:35:54.236394388,T,301.62,80,302.89,160,IBM
2025-12-19,9:35:56.091676180,T,301.62,80,302.89,120,IBM
2025-12-19,9:36:00.599021411,T,301.62,80,302.89,200,IBM
2025-12-19,9:36:00.610558873,T,301.62,80,302.88,80,IBM
2025-12-19,9:36:00.611110204,T,301.62,80,302.88,120,IBM
2025-12-19,9:36:00.611185364,T,301.62,80,302.88,160,IBM
2025-12-19,9:36:02.780213926,T,301.62,80,302.87,80,IBM
2025-12-19,9:36:02.780875468,T,301.62,80,302.87,120,IBM
2025-12-19,9:36:02.781557089,T,301.62,80,302.87,160,IBM
2025-12-19,9:36:03.649748947,T,301.62,80,302.86,80,IBM
2025-12-19,9:36:03.650420647,T,301.62,80,302.86,120,IBM
2025-12-19,9:36:03.651102226,T,301.62,80,302.86,160,IBM
2025-12-19,9:36:04.161928319,T,301.62,80,302.85,80,IBM
2025-12-19,9:36:04.162569841,T,301.62,80,302.85,120,IBM
2025-12-19,9:36:04.163251373,T,301.62,80,302.85,160,IBM
2025-12-19,9:36:06.152476927,T,301.62,80,302.81,80,IBM
2025-12-19,9:36:06.153113398,T,301.62,80,302.81,120,IBM
2025-12-19,9:36:06.153800103,T,301.62,80,302.81,160,IBM
2025-12-19,9:36:06.652778053,T,301.62,80,302.79,80,IBM
2025-12-19,9:36:06.653404490,T,301.62,80,302.79,120,IBM
2025-12-19,9:36:06.654146251,T,301.62,80,302.79,160,IBM
2025-12-19,9:36:07.409113492,T,301.62,80,302.78,80,IBM
2025-12-19,9:36:07.409759995,T,301.62,80,302.78,120,IBM
2025-12-19,9:36:07.410441596,T,301.62,80,302.78,160,IBM
2025-12-19,9:36:09.466100274,T,301.62,80,302.78,200,IBM
2025-12-19,9:36:09.499018665,T,301.62,80,302.78,240,IBM
2025-12-19,9:36:09.511999596,T,301.62,80,302.77,80,IBM
2025-12-19,9:36:09.512626078,T,301.62,80,302.77,120,IBM
2025-12-19,9:36:09.513297626,T,301.62,80,302.77,160,IBM
2025-12-19,9:36:09.513307653,T,301.62,80,302.77,200,IBM
2025-12-19,9:36:10.602555935,T,301.62,80,302.77,280,IBM
2025-12-19,9:36:13.488375763,T,301.62,80,302.22,40,IBM
2025-12-19,9:36:13.488686558,T,301.62,160,302.22,40,IBM
2025-12-19,9:36:13.488886919,T,301.62,160,302.22,80,IBM
2025-12-19,9:36:13.489633707,T,301.62,160,302.22,120,IBM
2025-12-19,9:36:13.508904583,T,301.62,160,302.22,80,IBM
2025-12-19,9:36:13.513746155,T,301.64,80,302.22,80,IBM
2025-12-19,9:36:13.513766179,T,301.64,160,302.22,80,IBM
2025-12-19,9:36:14.000795744,T,301.64,80,302.22,80,IBM
2025-12-19,9:36:14.000835804,T,301.64,80,302.22,40,IBM
2025-12-19,9:36:14.000921078,T,301.64,120,302.22,40,IBM
2025-12-19,9:36:14.000946111,T,301.65,80,302.22,40,IBM
2025-12-19,9:36:14.001146546,T,301.65,80,302.36,40,IBM
2025-12-19,9:36:14.001191670,T,301.65,80,302.22,40,IBM
2025-12-19,9:36:14.003637511,T,301.79,80,302.22,40,IBM
2025-12-19,9:36:14.011225549,T,301.79,80,302.36,40,IBM
2025-12-19,9:36:16.379107437,T,301.79,80,302.68,40,IBM
2025-12-19,9:36:16.430945745,T,301.79,80,302.2,80,IBM
2025-12-19,9:36:16.431502132,T,301.79,80,302.2,120,IBM
2025-12-19,9:36:18.544858165,T,301.79,120,302.2,120,IBM
2025-12-19,9:36:20.606912040,T,301.79,120,302.2,200,IBM
2025-12-19,9:36:22.549606881,T,301.79,160,302.2,200,IBM
2025-12-19,9:36:25.537109026,T,301.79,160,302.2,160,IBM
2025-12-19,9:36:30.509646773,T,301.79,160,302.2,200,IBM
2025-12-19,9:36:30.510228108,T,301.79,160,302.2,240,IBM
2025-12-19,9:36:34.490428378,T,301.79,120,302.2,240,IBM
2025-12-19,9:36:34.490433226,T,301.8,40,302.2,240,IBM
2025-12-19,9:36:34.490433226,T,301.8,160,302.2,240,IBM
2025-12-19,9:36:39.494596114,T,301.8,80,302.2,240,IBM
2025-12-19,9:36:39.494596114,T,301.86,80,302.2,240,IBM
2025-12-19,9:36:39.494601113,T,301.86,160,302.2,240,IBM
2025-12-19,9:36:39.494611152,T,301.86,120,302.2,240,IBM
2025-12-19,9:36:39.494646230,T,301.86,120,302.2,200,IBM
2025-12-19,9:36:39.896102185,T,301.86,120,302.2,120,IBM
2025-12-19,9:36:40.078360882,T,301.86,120,302.2,160,IBM
2025-12-19,9:36:45.945954384,T,301.86,40,302.2,160,IBM
2025-12-19,9:36:45.945954384,T,301.61,80,302.2,160,IBM
2025-12-19,9:36:45.945979378,T,301.61,80,302.03,80,IBM
2025-12-19,9:36:45.945989494,T,301.61,80,301.86,120,IBM
2025-12-19,9:36:45.947067301,T,301.64,80,301.86,120,IBM
2025-12-19,9:36:45.947277508,T,301.64,80,301.86,160,IBM
2025-12-19,9:36:46.169000341,T,301.64,80,301.86,120,IBM
2025-12-19,9:36:46.946210497,T,301.61,80,301.86,120,IBM
2025-12-19,9:36:49.291538961,T,301.61,80,302.2,120,IBM
2025-12-19,9:36:49.291589093,T,301.73,40,302.2,120,IBM
2025-12-19,9:36:49.291704288,T,301.73,80,302.2,120,IBM
2025-12-19,9:36:49.308684714,T,301.79,40,302.2,120,IBM
2025-12-19,9:36:49.318367844,T,301.73,80,302.2,120,IBM
2025-12-19,9:36:49.945310312,T,301.73,40,302.2,120,IBM
2025-12-19,9:36:49.945325317,T,301.61,80,302.2,120,IBM
2025-12-19,9:36:49.945345358,T,301.61,80,302.19,40,IBM
2025-12-19,9:36:50.045403541,T,301.61,80,302.2,120,IBM
2025-12-19,9:36:51.719293380,T,301.61,80,302.2,160,IBM
2025-12-19,9:36:55.661177537,T,301.61,80,302.2,120,IBM
2025-12-19,9:36:56.883086358,T,301.61,80,302.2,160,IBM
2025-12-19,9:36:57.064623540,T,301.61,80,302.2,240,IBM
2025-12-19,9:36:57.577013302,T,301.61,80,302.2,160,IBM
2025-12-19,9:36:58.613450676,T,301.61,80,302.2,120,IBM
2025-12-19,9:36:59.101327099,T,301.62,80,302.2,120,IBM
2025-12-19,9:36:59.609045718,T,301.62,160,302.2,120,IBM
2025-12-19,9:36:59.659997031,T,301.62,80,302.2,120,IBM
2025-12-19,9:37:11.047982361,T,301.62,80,302.2,160,IBM
2025-12-19,9:37:22.216144319,T,301.61,80,302.2,160,IBM
2025-12-19,9:37:22.216836080,T,301.63,80,302.2,160,IBM
2025-12-19,9:37:23.838205748,T,301.63,80,302.2,120,IBM
2025-12-19,9:37:25.506893134,T,301.63,120,302.2,120,IBM
2025-12-19,9:37:32.881063191,T,301.63,80,302.2,120,IBM
2025-12-19,9:37:33.457550514,T,301.63,160,302.2,120,IBM
2025-12-19,9:37:33.970737211,T,301.63,240,302.2,120,IBM
2025-12-19,9:37:34.172858414,T,301.63,120,302.2,120,IBM
2025-12-19,9:37:34.173660292,T,301.64,80,302.2,120,IBM
2025-12-19,9:37:34.173725439,T,301.64,160,302.2,120,IBM
2025-12-19,9:37:38.955939891,T,301.64,80,302.2,120,IBM
2025-12-19,9:37:38.956621647,T,301.75,80,302.2,120,IBM
2025-12-19,9:37:39.777089781,T,301.75,120,302.2,120,IBM
2025-12-19,9:37:47.186158303,T,301.75,200,302.2,120,IBM
2025-12-19,9:37:47.239855739,T,301.75,120,302.2,120,IBM
2025-12-19,9:37:49.585359390,T,301.75,80,302.2,120,IBM
2025-12-19,9:37:50.115431286,T,301.61,80,302.2,120,IBM
2025-12-19,9:37:50.116077808,T,301.76,80,302.2,120,IBM
2025-12-19,9:37:50.116343522,T,301.76,120,302.2,120,IBM
2025-12-19,9:37:51.235327303,T,301.76,200,302.2,120,IBM
2025-12-19,9:37:51.760928471,T,301.76,120,302.2,120,IBM
2025-12-19,9:37:55.766443988,T,301.76,200,302.2,120,IBM
2025-12-19,9:37:57.154137663,T,301.76,120,302.2,120,IBM
2025-12-19,9:37:58.119701187,T,301.76,200,302.2,120,IBM
2025-12-19,9:37:58.883674949,T,301.76,80,302.2,120,IBM
2025-12-19,9:37:58.884316526,T,301.77,80,302.2,120,IBM
2025-12-19,9:37:58.884381664,T,301.77,160,302.2,120,IBM
2025-12-19,9:37:58.884937971,T,301.77,200,302.2,120,IBM
2025-12-19,9:37:59.377610884,T,301.77,80,302.2,120,IBM
2025-12-19,9:37:59.377610884,T,301.77,40,302.2,120,IBM
2025-12-19,9:37:59.377610884,T,301.76,40,302.2,120,IBM
2025-12-19,9:37:59.377630923,T,301.76,40,301.77,80,IBM
2025-12-19,9:37:59.377650967,T,301.76,40,301.99,80,IBM
2025-12-19,9:37:59.377655940,T,301.61,80,301.99,80,IBM
2025-12-19,9:37:59.377675939,T,301.61,80,302.13,120,IBM
2025-12-19,9:37:59.377691133,T,301.77,40,302.13,120,IBM
2025-12-19,9:37:59.377741097,T,301.75,40,302.13,120,IBM
2025-12-19,9:37:59.377746181,T,301.61,80,302.13,120,IBM
2025-12-19,9:37:59.377766520,T,301.61,80,301.88,40,IBM
2025-12-19,9:37:59.377991738,T,301.61,80,302.13,120,IBM
2025-12-19,9:37:59.377996718,T,301.61,80,302.19,80,IBM
2025-12-19,9:37:59.378262361,T,301.76,80,302.19,80,IBM
2025-12-19,9:37:59.378287402,T,301.76,80,302.12,40,IBM
2025-12-19,9:37:59.378417723,T,301.76,80,302.19,80,IBM
2025-12-19,9:37:59.378437837,T,301.76,80,302.12,40,IBM
2025-12-19,9:37:59.378458346,T,301.76,80,301.86,40,IBM
2025-12-19,9:37:59.378467910,T,301.76,80,302.12,40,IBM
2025-12-19,9:37:59.378477923,T,301.76,40,302.12,40,IBM
2025-12-19,9:37:59.378482971,T,301.61,80,302.12,40,IBM
2025-12-19,9:37:59.378488355,T,301.61,80,302.19,80,IBM
2025-12-19,9:37:59.378638234,T,301.61,80,302.19,40,IBM
2025-12-19,9:37:59.478280489,T,301.61,80,302.2,120,IBM
2025-12-19,9:37:59.855017336,T,301.61,80,302.12,40,IBM
2025-12-19,9:37:59.855568653,T,301.61,80,302.12,80,IBM
2025-12-19,9:38:00.019263307,T,301.61,80,302.12,120,IBM
2025-12-19,9:38:00.019363647,T,301.61,80,301.85,40,IBM
2025-12-19,9:38:00.024084773,T,301.61,80,301.85,80,IBM
2025-12-19,9:38:00.025117257,T,301.61,80,301.85,40,IBM
2025-12-19,9:38:00.608436018,T,301.61,80,301.85,120,IBM
2025-12-19,9:38:02.280902367,T,301.61,80,301.85,160,IBM
2025-12-19,9:38:02.850082408,T,301.61,80,301.85,120,IBM
2025-12-19,9:38:02.850087529,T,301.61,80,301.85,40,IBM
2025-12-19,9:38:02.850087529,T,301.61,80,302.2,40,IBM
2025-12-19,9:38:02.850107513,T,301.84,80,302.2,40,IBM
2025-12-19,9:38:02.850222963,T,301.84,160,302.2,40,IBM
2025-12-19,9:38:02.850403486,T,301.85,80,302.2,40,IBM
2025-12-19,9:38:02.850483332,T,301.85,160,302.2,40,IBM
2025-12-19,9:38:02.850668797,T,301.85,40,302.2,40,IBM
2025-12-19,9:38:03.207583470,T,301.85,40,302.12,80,IBM
2025-12-19,9:38:03.843261975,T,301.84,40,302.12,80,IBM
2025-12-19,9:38:03.843301988,T,301.84,40,301.99,80,IBM
2025-12-19,9:38:03.843717769,T,301.61,80,301.99,80,IBM
2025-12-19,9:38:03.844098673,T,301.61,80,302.11,40,IBM
2025-12-19,9:38:03.943299836,T,301.61,80,302.12,80,IBM
2025-12-19,9:38:04.216234637,T,301.61,80,302.2,40,IBM
2025-12-19,9:38:04.263206370,T,301.61,80,302.11,80,IBM
2025-12-19,9:38:04.315997117,T,301.69,80,302.11,80,IBM
2025-12-19,9:38:04.367960742,T,301.61,80,302.11,80,IBM
2025-12-19,9:38:19.234446911,T,301.61,80,301.85,80,IBM
2025-12-19,9:38:19.234998282,T,301.61,80,301.85,120,IBM
2025-12-19,9:38:22.261508151,T,301.61,80,301.74,40,IBM
2025-12-19,9:38:22.261578770,T,301.57,40,301.74,40,IBM
2025-12-19,9:38:22.261578770,T,301.24,40,301.74,40,IBM
2025-12-19,9:38:22.261899082,T,301.24,40,301.74,80,IBM
2025-12-19,9:38:22.261914094,T,301.22,160,301.74,80,IBM
2025-12-19,9:38:22.262254888,T,301.57,80,301.74,80,IBM
2025-12-19,9:38:22.262274922,T,301.57,80,301.84,80,IBM
2025-12-19,9:38:22.262284960,T,301.57,80,301.84,40,IBM
2025-12-19,9:38:22.278222892,T,301.57,80,301.84,80,IBM
2025-12-19,9:38:22.361506161,T,301.57,80,301.84,40,IBM
2025-12-19,9:38:22.594370529,T,301.57,80,301.85,80,IBM
2025-12-19,9:38:22.637212494,T,301.57,80,301.85,120,IBM
2025-12-19,9:38:22.818950112,T,301.22,160,301.85,120,IBM
2025-12-19,9:38:22.818990784,T,301.57,40,301.85,120,IBM
2025-12-19,9:38:22.845663729,T,301.22,160,301.85,120,IBM
2025-12-19,9:38:23.180089931,T,301.22,160,301.85,80,IBM
2025-12-19,9:38:23.844005637,T,301.58,40,301.85,80,IBM
2025-12-19,9:38:24.036293356,T,301.58,40,301.85,40,IBM
2025-12-19,9:38:24.036298376,T,301.58,40,302.2,40,IBM
2025-12-19,9:38:24.036323371,T,301.71,80,302.2,40,IBM
2025-12-19,9:38:26.457938286,T,301.65,40,302.2,40,IBM
2025-12-19,9:38:28.672876117,T,301.72,80,302.2,40,IBM
2025-12-19,9:38:28.673146842,T,301.72,120,302.2,40,IBM
2025-12-19,9:38:29.306359201,T,301.72,40,302.2,40,IBM
2025-12-19,9:38:29.612969024,T,301.73,40,302.2,40,IBM
2025-12-19,9:38:29.707594299,T,301.58,40,302.2,40,IBM
2025-12-19,9:38:42.149358222,T,301.77,80,302.2,40,IBM
2025-12-19,9:38:42.153047052,T,301.77,120,302.2,40,IBM
2025-12-19,9:38:43.082314269,T,301.77,120,302.2,80,IBM
2025-12-19,9:38:43.844208074,T,301.77,120,302.2,40,IBM
2025-12-19,9:38:47.886345798,T,301.77,160,302.2,40,IBM
2025-12-19,9:38:49.644355745,T,301.77,120,302.2,40,IBM
2025-12-19,9:38:58.327281543,T,301.77,80,302.2,40,IBM
2025-12-19,9:39:17.881181378,T,301.77,80,302.2,80,IBM
2025-12-19,9:39:17.881366780,T,301.58,40,302.2,80,IBM
2025-12-19,9:39:18.093186017,T,301.58,40,302.2,40,IBM
2025-12-19,9:39:21.924371309,T,301.59,40,302.2,40,IBM
2025-12-19,9:39:29.234233193,T,301.59,40,302.2,80,IBM
2025-12-19,9:39:29.234518952,T,301.59,40,302.2,120,IBM
2025-12-19,9:39:31.110093936,T,301.59,40,302.2,160,IBM
2025-12-19,9:39:32.827241731,T,301.59,40,302.2,120,IBM
2025-12-19,9:39:32.827547473,T,301.59,40,302.2,80,IBM
2025-12-19,9:39:32.827557499,T,301.59,40,302.2,40,IBM
2025-12-19,9:39:35.607445346,T,301.59,120,302.2,40,IBM
2025-12-19,9:39:36.224173578,T,301.59,40,302.2,40,IBM
2025-12-19,9:39:46.453876507,T,301.6,80,302.2,40,IBM
2025-12-19,9:39:47.036067482,T,301.59,40,302.2,40,IBM
2025-12-19,9:40:00.707578819,T,301.61,80,302.2,40,IBM
2025-12-19,9:40:12.667335277,T,301.57,160,302.2,40,IBM
2025-12-19,9:40:13.214693260,T,301.63,120,302.2,40,IBM
2025-12-19,9:40:13.214758437,T,301.63,160,302.2,40,IBM
2025-12-19,9:40:13.541987464,T,301.63,200,302.2,40,IBM
2025-12-19,9:40:13.542047601,T,301.64,80,302.2,40,IBM
2025-12-19,9:40:14.338874467,T,301.64,40,302.2,40,IBM
2025-12-19,9:40:14.338909599,T,301.63,160,302.2,40,IBM
2025-12-19,9:40:14.339505993,T,301.63,200,302.2,40,IBM
2025-12-19,9:40:17.712646087,T,301.63,120,302.2,40,IBM
2025-12-19,9:40:20.787957212,T,301.63,120,301.82,40,IBM
2025-12-19,9:40:20.788252902,T,301.63,200,301.82,40,IBM
2025-12-19,9:40:20.788613745,T,301.63,80,301.82,40,IBM
2025-12-19,9:40:20.788618733,T,301.63,40,301.82,40,IBM
2025-12-19,9:40:20.788653900,T,301.57,160,301.82,40,IBM
2025-12-19,9:40:20.813056927,T,301.62,40,301.82,40,IBM
2025-12-19,9:40:21.609914042,T,301.57,160,301.82,40,IBM
2025-12-19,9:40:21.610555493,T,301.62,40,301.82,40,IBM
2025-12-19,9:40:21.610575595,T,301.62,40,302.2,40,IBM
2025-12-19,9:40:22.958970518,T,301.63,40,302.2,40,IBM
2025-12-19,9:40:22.959045723,T,301.62,40,302.2,40,IBM
2025-12-19,9:40:22.959211110,T,301.63,40,302.2,40,IBM
2025-12-19,9:40:22.959521836,T,301.62,40,302.2,40,IBM
2025-12-19,9:40:22.959627071,T,301.62,40,301.96,160,IBM
2025-12-19,9:40:26.954772801,T,301.57,160,301.96,160,IBM
2025-12-19,9:40:29.120668965,T,301.57,160,302.2,40,IBM
2025-12-19,9:40:29.120694054,T,301.96,80,302.2,40,IBM
2025-12-19,9:40:29.121220318,T,301.87,40,302.2,40,IBM
2025-12-19,9:40:29.121240269,T,301.79,40,302.2,40,IBM
2025-12-19,9:40:29.167981529,T,301.8,40,302.2,40,IBM
2025-12-19,9:40:30.378909263,T,301.8,80,302.2,40,IBM
2025-12-19,9:40:30.409061080,T,301.8,40,302.2,40,IBM
2025-12-19,9:40:31.072029340,T,301.82,40,302.2,40,IBM
2025-12-19,9:40:31.073588082,T,301.82,80,302.2,40,IBM
2025-12-19,9:40:33.337602726,T,301.82,120,302.2,40,IBM
2025-12-19,9:40:33.568722986,T,301.82,80,302.2,40,IBM
2025-12-19,9:40:33.569359451,T,301.82,120,302.2,40,IBM
2025-12-19,9:40:34.366241576,T,301.82,80,302.2,40,IBM
2025-12-19,9:40:34.366903025,T,301.82,120,302.2,40,IBM
2025-12-19,9:40:35.163745036,T,301.82,80,302.2,40,IBM
2025-12-19,9:40:35.164371484,T,301.82,120,302.2,40,IBM
2025-12-19,9:40:35.920927690,T,301.82,80,302.2,40,IBM
2025-12-19,9:40:38.183097863,T,301.82,120,302.2,40,IBM
2025-12-19,9:40:40.946782072,T,301.82,80,302.2,40,IBM
2025-12-19,9:40:45.049022814,T,301.82,80,301.96,40,IBM
2025-12-19,9:40:45.049368615,T,301.82,120,301.96,40,IBM
2025-12-19,9:40:45.049819731,T,301.82,120,301.96,80,IBM
2025-12-19,9:40:45.074087469,T,301.82,120,301.96,40,IBM
2025-12-19,9:40:45.074087469,T,301.82,80,301.96,40,IBM
2025-12-19,9:40:45.074112541,T,301.83,40,301.96,40,IBM
2025-12-19,9:40:45.149171179,T,301.82,80,301.96,40,IBM
2025-12-19,9:40:45.149201242,T,301.82,40,301.96,40,IBM
2025-12-19,9:40:45.149201242,T,301.41,200,301.96,40,IBM
2025-12-19,9:40:46.569066576,T,301.41,200,302.2,40,IBM
2025-12-19,9:40:51.067675804,T,301.41,200,302.2,80,IBM
2025-12-19,9:40:52.539344224,T,301.41,200,302.2,40,IBM
2025-12-19,9:40:56.625526816,T,301.42,40,302.2,40,IBM
2025-12-19,9:40:56.658450118,T,301.83,40,302.2,40,IBM
2025-12-19,9:40:57.938472332,T,301.41,200,302.2,40,IBM
2025-12-19,9:40:58.465211340,T,301.66,40,302.2,40,IBM
2025-12-19,9:40:58.465481993,T,301.66,80,302.2,40,IBM
2025-12-19,9:40:58.471170464,T,301.66,40,302.2,40,IBM
2025-12-19,9:40:58.882534788,T,301.76,40,302.2,40,IBM
2025-12-19,9:40:59.020583366,T,301.76,80,302.2,40,IBM
2025-12-19,9:41:01.395457241,T,301.76,160,302.2,40,IBM
2025-12-19,9:41:01.556485567,T,301.76,80,302.2,40,IBM
2025-12-19,9:41:05.689193728,T,301.76,80,302.2,120,IBM
2025-12-19,9:41:05.799120336,T,301.76,80,302.2,40,IBM
2025-12-19,9:41:06.094774338,T,301.76,40,302.2,40,IBM
2025-12-19,9:41:06.094849339,T,301.76,40,302.11,80,IBM
2025-12-19,9:41:08.414075566,T,301.76,80,302.11,80,IBM
2025-12-19,9:41:12.534314124,T,301.76,80,302.11,120,IBM
2025-12-19,9:41:12.535211290,T,301.76,80,302.11,40,IBM
2025-12-19,9:41:13.119682622,T,301.76,40,302.11,40,IBM
2025-12-19,9:41:13.120008452,T,301.76,40,302.11,120,IBM
2025-12-19,9:41:13.973765946,T,301.76,40,302.11,40,IBM
2025-12-19,9:41:14.078760858,T,301.76,40,302.11,120,IBM
2025-12-19,9:41:14.603710633,T,301.88,40,302.11,120,IBM
2025-12-19,9:41:14.681711327,T,301.88,40,302.11,40,IBM
2025-12-19,9:41:15.360512287,T,301.88,40,302.11,160,IBM
2025-12-19,9:41:18.416081397,T,301.88,40,302.11,40,IBM
2025-12-19,9:41:21.971184600,T,301.88,40,302.11,200,IBM
2025-12-19,9:41:22.205472321,T,301.88,40,302.11,40,IBM
2025-12-19,9:41:23.245282735,T,301.88,40,302.11,200,IBM
2025-12-19,9:41:23.591562109,T,301.88,40,302.11,40,IBM
2025-12-19,9:41:23.938132150,T,301.88,40,302.11,200,IBM
2025-12-19,9:41:29.643875422,T,301.88,120,302.11,200,IBM
2025-12-19,9:41:30.132308022,T,301.88,120,302.11,160,IBM
2025-12-19,9:41:30.170168225,T,301.88,40,302.11,160,IBM
2025-12-19,9:41:34.174916959,T,301.89,80,302.11,160,IBM
2025-12-19,9:41:34.175658703,T,301.89,80,302.2,40,IBM
2025-12-19,9:41:34.175668648,T,301.99,40,302.2,40,IBM
2025-12-19,9:41:34.175683767,T,302.1,80,302.2,40,IBM
2025-12-19,9:41:34.175783936,T,302.0,80,302.2,40,IBM
2025-12-19,9:41:34.175803984,T,301.99,40,302.2,40,IBM
2025-12-19,9:41:34.176060002,T,301.9,80,302.2,40,IBM
2025-12-19,9:41:34.176104704,T,301.9,40,302.2,40,IBM
2025-12-19,9:41:34.176104704,T,302.0,40,302.2,40,IBM
2025-12-19,9:41:34.176220001,T,302.0,40,302.2,80,IBM
2025-12-19,9:41:34.180369938,T,301.89,120,302.2,80,IBM
2025-12-19,9:41:34.180394991,T,301.89,80,302.2,80,IBM
2025-12-19,9:41:34.190589210,T,301.89,80,302.2,40,IBM
2025-12-19,9:41:34.226469687,T,301.89,80,302.2,80,IBM
2025-12-19,9:41:35.243104928,T,301.89,80,302.2,40,IBM
2025-12-19,9:41:35.441121395,T,301.89,120,302.2,40,IBM
2025-12-19,9:41:36.199937668,T,302.05,40,302.2,40,IBM
2025-12-19,9:41:36.772390441,T,302.05,80,302.2,40,IBM
2025-12-19,9:41:36.772435594,T,302.05,80,302.53,160,IBM
2025-12-19,9:41:42.497048724,T,302.05,40,302.53,160,IBM
2025-12-19,9:41:45.686586718,T,302.05,40,302.23,40,IBM
2025-12-19,9:41:46.288820490,T,302.05,40,302.23,80,IBM
2025-12-19,9:41:47.543121234,T,302.05,40,302.23,40,IBM
2025-12-19,9:41:47.543136299,T,302.05,40,302.53,160,IBM
2025-12-19,9:41:47.594719124,T,302.05,40,302.19,40,IBM
2025-12-19,9:41:49.665724361,T,302.05,40,302.53,160,IBM
2025-12-19,9:41:53.176151140,T,302.05,40,302.19,40,IBM
2025-12-19,9:41:53.802081214,T,302.05,40,302.53,160,IBM
2025-12-19,9:41:54.157372039,T,302.05,40,302.19,40,IBM
2025-12-19,9:41:55.104957916,T,302.05,40,302.53,160,IBM
2025-12-19,9:41:56.214389097,T,302.05,40,302.19,80,IBM
2025-12-19,9:41:56.955317892,T,302.05,40,302.53,160,IBM
2025-12-19,9:41:57.170424901,T,302.05,40,302.19,80,IBM
2025-12-19,9:41:58.366642585,T,302.05,40,302.53,160,IBM
2025-12-19,9:41:58.696327611,T,301.89,80,302.53,160,IBM
2025-12-19,9:41:59.154448168,T,301.91,40,302.53,160,IBM
2025-12-19,9:41:59.155465530,T,301.89,80,302.53,160,IBM
2025-12-19,9:42:00.080342396,T,302.07,40,302.53,160,IBM
2025-12-19,9:42:01.610409854,T,302.07,80,302.53,160,IBM
2025-12-19,9:42:03.086117768,T,302.07,40,302.53,160,IBM
2025-12-19,9:42:04.502083549,T,302.16,40,302.53,160,IBM
2025-12-19,9:42:04.503907868,T,302.16,80,302.53,160,IBM
2025-12-19,9:42:04.507912469,T,302.16,80,302.26,160,IBM
2025-12-19,9:42:04.757496614,T,302.16,40,302.26,160,IBM
2025-12-19,9:42:04.758544068,T,301.89,80,302.26,160,IBM
2025-12-19,9:42:04.758779719,T,301.91,160,302.26,160,IBM
2025-12-19,9:42:04.941339320,T,301.91,160,302.53,160,IBM
2025-12-19,9:42:07.423353087,T,301.91,160,302.26,160,IBM
2025-12-19,9:42:07.505142812,T,302.07,40,302.26,160,IBM
2025-12-19,9:42:07.505182842,T,302.07,200,302.26,160,IBM
2025-12-19,9:42:07.505408401,T,302.07,240,302.26,160,IBM
2025-12-19,9:42:07.845402793,T,302.07,240,302.53,160,IBM
2025-12-19,9:42:08.520650245,T,302.07,240,302.26,120,IBM
2025-12-19,9:42:09.528785379,T,302.07,240,302.53,160,IBM
2025-12-19,9:42:10.092321862,T,302.07,240,302.26,160,IBM
2025-12-19,9:42:11.817799442,T,302.07,200,302.26,160,IBM
2025-12-19,9:42:19.122017771,T,302.07,200,302.53,160,IBM
2025-12-19,9:42:19.122383661,T,302.07,200,302.26,160,IBM
2025-12-19,9:42:19.479117815,T,302.07,200,302.53,160,IBM
2025-12-19,9:42:21.043752748,T,302.07,200,302.26,160,IBM
2025-12-19,9:42:21.352297206,T,302.07,200,302.53,160,IBM
2025-12-19,9:42:21.698882285,T,302.07,200,302.26,160,IBM
2025-12-19,9:42:21.888819497,T,302.07,200,302.53,160,IBM
2025-12-19,9:42:22.054879801,T,302.07,40,302.53,160,IBM
2025-12-19,9:42:22.054904895,T,302.08,160,302.53,160,IBM
2025-12-19,9:42:22.055185512,T,302.08,160,302.26,160,IBM
2025-12-19,9:42:22.363745050,T,302.08,80,302.26,160,IBM
2025-12-19,9:42:22.363765169,T,301.89,80,302.26,160,IBM
2025-12-19,9:42:22.363790177,T,301.89,80,302.17,40,IBM
2025-12-19,9:42:22.374585916,T,301.89,80,302.26,160,IBM
2025-12-19,9:42:22.550354356,T,301.89,80,302.53,160,IBM
2025-12-19,9:42:23.328301349,T,301.9,40,302.53,160,IBM
2025-12-19,9:42:25.509333234,T,301.9,40,302.26,160,IBM
2025-12-19,9:42:26.993892412,T,301.9,40,302.47,40,IBM
2025-12-19,9:42:26.995250685,T,301.9,40,302.26,160,IBM
2025-12-19,9:42:27.762848063,T,301.9,40,302.53,160,IBM
2025-12-19,9:42:27.762968273,T,301.9,40,302.47,40,IBM
2025-12-19,9:42:27.968382294,T,301.9,40,302.53,160,IBM
2025-12-19,9:42:27.968968730,T,301.9,40,302.26,160,IBM
2025-12-19,9:42:31.073278858,T,301.9,40,302.53,160,IBM
2025-12-19,9:42:31.073654865,T,301.9,40,302.26,160,IBM
2025-12-19,9:42:34.090316254,T,301.9,40,302.53,160,IBM
2025-12-19,9:42:34.090682085,T,301.9,40,302.26,160,IBM
2025-12-19,9:42:34.091684511,T,301.9,40,302.21,40,IBM
2025-12-19,9:42:34.091709534,T,301.9,40,302.26,160,IBM
2025-12-19,9:42:34.091709534,T,301.9,40,302.12,40,IBM
2025-12-19,9:42:34.092040279,T,301.9,80,302.12,40,IBM
2025-12-19,9:42:34.101462787,T,301.9,80,302.26,160,IBM
2025-12-19,9:42:34.271086613,T,301.9,80,302.53,160,IBM
2025-12-19,9:42:34.372723470,T,301.9,80,302.26,200,IBM
2025-12-19,9:42:34.558435655,T,301.9,80,302.53,160,IBM
2025-12-19,9:42:34.954809321,T,301.9,80,302.26,200,IBM
2025-12-19,9:42:37.146867645,T,301.9,80,302.53,160,IBM
2025-12-19,9:42:38.537508295,T,301.9,80,302.26,160,IBM
2025-12-19,9:42:38.537778968,T,301.9,120,302.26,160,IBM
2025-12-19,9:42:39.000941622,T,301.9,120,302.53,160,IBM
2025-12-19,9:42:39.731410486,T,301.9,120,302.26,200,IBM
2025-12-19,9:42:40.207784511,T,301.9,120,302.53,160,IBM
2025-12-19,9:42:41.333885231,T,301.9,120,302.26,120,IBM
2025-12-19,9:42:41.620472713,T,301.9,120,302.53,160,IBM
2025-12-19,9:42:41.732825237,T,301.9,120,302.26,120,IBM
2025-12-19,9:42:42.139458355,T,301.9,120,302.53,160,IBM
2025-12-19,9:42:42.304270634,T,301.9,80,302.53,160,IBM
2025-12-19,9:42:42.535095030,T,301.9,80,302.26,160,IBM
2025-12-19,9:42:43.338492541,T,301.9,80,302.53,160,IBM
2025-12-19,9:42:45.949372876,T,301.9,80,302.26,200,IBM
2025-12-19,9:42:46.335672436,T,301.9,80,302.53,160,IBM
2025-12-19,9:42:47.569544874,T,301.9,80,302.26,160,IBM
2025-12-19,9:42:48.089567932,T,301.9,80,302.53,160,IBM
2025-12-19,9:42:49.166005463,T,301.9,80,302.26,200,IBM
2025-12-19,9:42:51.799534968,T,301.91,80,302.26,200,IBM
2025-12-19,9:42:51.799585058,T,301.91,120,302.26,200,IBM
2025-12-19,9:42:52.011715015,T,301.91,40,302.26,200,IBM
2025-12-19,9:42:52.012416721,T,301.91,40,302.53,160,IBM
2025-12-19,9:42:52.012782511,T,301.91,40,302.26,200,IBM
2025-12-19,9:42:53.183534601,T,301.92,40,302.26,200,IBM
2025-12-19,9:42:53.183579657,T,301.92,80,302.26,200,IBM
2025-12-19,9:43:03.074135131,T,301.92,160,302.26,200,IBM
2025-12-19,9:43:03.074405812,T,301.92,200,302.26,200,IBM
2025-12-19,9:43:06.139357110,T,301.92,200,302.53,160,IBM
2025-12-19,9:43:06.439812389,T,301.92,200,302.26,200,IBM
2025-12-19,9:43:06.440524053,T,301.92,160,302.26,200,IBM
2025-12-19,9:43:06.744788345,T,301.92,160,302.53,160,IBM
2025-12-19,9:43:06.745555167,T,301.94,40,302.53,160,IBM
2025-12-19,9:43:06.745605315,T,301.94,80,302.53,160,IBM
2025-12-19,9:43:06.745825914,T,301.94,120,302.53,160,IBM
2025-12-19,9:43:06.849437563,T,301.94,80,302.53,160,IBM
2025-12-19,9:43:06.849508325,T,301.95,40,302.53,160,IBM
2025-12-19,9:43:06.849547809,T,301.95,80,302.53,160,IBM
2025-12-19,9:43:06.850129138,T,301.95,120,302.53,160,IBM
2025-12-19,9:43:07.258606589,T,301.95,80,302.53,160,IBM
2025-12-19,9:43:08.267693782,T,301.96,40,302.53,160,IBM
2025-12-19,9:43:08.267734008,T,301.96,80,302.53,160,IBM
2025-12-19,9:43:08.268315274,T,301.96,120,302.53,160,IBM
2025-12-19,9:43:08.487907950,T,301.96,120,302.26,200,IBM
2025-12-19,9:43:08.749485665,T,301.96,120,302.53,160,IBM
2025-12-19,9:43:09.306722271,T,301.97,40,302.53,160,IBM
2025-12-19,9:43:09.306767340,T,301.97,80,302.53,160,IBM
2025-12-19,9:43:09.307343729,T,301.97,120,302.53,160,IBM
2025-12-19,9:43:09.549740716,T,301.97,120,302.26,160,IBM
2025-12-19,9:43:10.003516022,T,301.97,120,302.53,160,IBM
2025-12-19,9:43:10.116690603,T,301.97,120,302.26,160,IBM
2025-12-19,9:43:10.947723798,T,301.98,40,302.26,160,IBM
2025-12-19,9:43:10.947768957,T,301.98,80,302.26,160,IBM
2025-12-19,9:43:10.952299694,T,301.98,120,302.26,160,IBM
2025-12-19,9:43:11.678869376,T,301.98,120,302.53,160,IBM
2025-12-19,9:43:11.679240214,T,301.98,120,302.26,200,IBM
2025-12-19,9:43:18.573046561,T,301.98,80,302.26,200,IBM
2025-12-19,9:43:18.573086627,T,301.98,80,302.53,160,IBM
2025-12-19,9:43:18.573352324,T,301.98,80,302.26,40,IBM
2025-12-19,9:43:18.573457607,T,301.98,80,302.26,240,IBM
2025-12-19,9:43:19.409036806,T,301.98,80,302.26,200,IBM
2025-12-19,9:43:28.959793353,T,301.98,40,302.26,200,IBM
2025-12-19,9:43:28.959798360,T,301.92,80,302.26,200,IBM
2025-12-19,9:43:28.959818924,T,301.92,80,302.12,80,IBM
2025-12-19,9:43:28.960294575,T,301.89,40,302.12,80,IBM
2025-12-19,9:43:28.960324914,T,301.89,40,302.11,40,IBM
2025-12-19,9:43:28.960449882,T,301.53,160,302.11,40,IBM
2025-12-19,9:43:28.960530115,T,301.53,160,302.11,80,IBM
2025-12-19,9:43:28.960921039,T,301.53,160,301.98,200,IBM
2025-12-19,9:43:28.961041283,T,301.53,200,301.98,200,IBM
2025-12-19,9:43:28.965537071,T,301.56,40,301.98,200,IBM
2025-12-19,9:43:28.981685592,T,301.56,80,301.98,200,IBM
2025-12-19,9:43:29.370581313,T,301.56,40,301.98,200,IBM
2025-12-19,9:43:31.577946085,T,301.37,160,301.98,200,IBM
2025-12-19,9:43:32.604980937,T,301.61,40,301.98,200,IBM
2025-12-19,9:43:33.528268934,T,301.61,40,302.35,160,IBM
2025-12-19,9:43:34.568821222,T,301.61,40,301.98,160,IBM
2025-12-19,9:43:38.830341034,T,301.61,40,302.35,160,IBM
2025-12-19,9:43:41.816705420,T,301.61,40,301.98,160,IBM
2025-12-19,9:43:42.260912870,T,301.61,40,302.35,160,IBM
2025-12-19,9:43:42.763940303,T,301.61,40,301.98,160,IBM
2025-12-19,9:43:46.148362216,T,301.62,80,301.98,160,IBM
2025-12-19,9:43:48.039078303,T,301.64,40,301.98,160,IBM
2025-12-19,9:43:48.450507863,T,301.64,40,302.35,160,IBM
2025-12-19,9:43:49.423659404,T,301.68,40,302.35,160,IBM
2025-12-19,9:43:49.423930064,T,301.68,80,302.35,160,IBM
2025-12-19,9:43:49.832522696,T,301.68,40,302.35,160,IBM
2025-12-19,9:43:49.833555199,T,301.64,40,302.35,160,IBM
2025-12-19,9:43:50.340151106,T,301.62,80,302.35,160,IBM
2025-12-19,9:43:50.340481874,T,301.62,80,301.98,200,IBM
2025-12-19,9:43:51.603227999,T,301.69,40,301.98,200,IBM
2025-12-19,9:43:52.704414496,T,301.69,40,302.35,160,IBM
2025-12-19,9:43:52.704780373,T,301.69,40,301.98,200,IBM
2025-12-19,9:43:52.978446800,T,301.69,40,302.35,160,IBM
2025-12-19,9:43:53.518778114,T,301.62,80,302.35,160,IBM
2025-12-19,9:43:53.518818236,T,301.62,80,302.2,40,IBM
2025-12-19,9:43:53.519630195,T,301.62,80,301.84,40,IBM
2025-12-19,9:43:53.528521344,T,301.62,80,302.2,40,IBM
2025-12-19,9:43:53.528531408,T,301.62,80,302.25,40,IBM
2025-12-19,9:43:53.872600469,T,301.62,80,301.98,40,IBM
2025-12-19,9:43:55.134133649,T,301.62,80,301.81,40,IBM
2025-12-19,9:43:55.134294127,T,301.37,160,301.81,40,IBM
2025-12-19,9:43:55.134925618,T,301.37,160,301.98,80,IBM
2025-12-19,9:43:55.144413124,T,301.37,160,301.98,40,IBM
2025-12-19,9:43:55.583253003,T,301.63,40,301.98,40,IBM
2025-12-19,9:43:56.503563762,T,301.63,40,301.89,200,IBM
2025-12-19,9:43:56.945179933,T,301.63,40,301.98,40,IBM
2025-12-19,9:43:56.945550914,T,301.63,40,301.89,200,IBM
2025-12-19,9:43:57.467879325,T,301.68,40,301.89,200,IBM
2025-12-19,9:43:57.468149973,T,301.68,40,301.98,40,IBM
2025-12-19,9:43:57.473442578,T,301.63,40,301.98,40,IBM
2025-12-19,9:43:59.415200156,T,301.37,160,301.98,40,IBM
2025-12-19,9:43:59.415220220,T,301.37,160,301.74,40,IBM
2025-12-19,9:43:59.416743834,T,301.37,160,301.74,80,IBM
2025-12-19,9:43:59.417034488,T,301.37,160,301.74,280,IBM
2025-12-19,9:43:59.418352577,T,300.97,40,301.74,280,IBM
2025-12-19,9:43:59.418357598,T,301.23,200,301.74,280,IBM
2025-12-19,9:44:01.019519370,T,301.23,200,301.74,240,IBM
2025-12-19,9:44:01.027728948,T,301.23,200,301.74,40,IBM
2025-12-19,9:44:01.027814183,T,301.23,200,301.98,40,IBM
2025-12-19,9:44:01.028961835,T,301.23,200,301.74,120,IBM
2025-12-19,9:44:01.117237315,T,301.23,200,301.98,40,IBM
2025-12-19,9:44:01.117262233,T,301.73,80,301.98,40,IBM
2025-12-19,9:44:01.117357292,T,301.24,40,301.98,40,IBM
2025-12-19,9:44:01.117377314,T,301.23,200,301.98,40,IBM
2025-12-19,9:44:01.117547724,T,301.24,40,301.98,40,IBM
2025-12-19,9:44:01.117637925,T,301.33,40,301.98,40,IBM
2025-12-19,9:44:01.117758286,T,301.24,40,301.98,40,IBM
2025-12-19,9:44:01.121497133,T,301.23,200,301.98,40,IBM
2025-12-19,9:44:01.123015728,T,301.08,40,301.98,40,IBM
2025-12-19,9:44:01.123025839,T,301.39,160,301.98,40,IBM
2025-12-19,9:44:01.123056079,T,301.54,40,301.98,40,IBM
2025-12-19,9:44:01.223600271,T,301.39,160,301.98,40,IBM
2025-12-19,9:44:01.428372718,T,301.55,40,301.98,40,IBM
2025-12-19,9:44:03.904647774,T,301.55,40,301.98,240,IBM
2025-12-19,9:44:04.452707573,T,301.55,80,301.98,240,IBM
2025-12-19,9:44:09.118665320,T,301.56,40,301.98,240,IBM
2025-12-19,9:44:09.405011909,T,301.56,80,301.98,240,IBM
2025-12-19,9:44:10.234566860,T,301.56,160,301.98,240,IBM
2025-12-19,9:44:10.575393123,T,301.57,40,301.98,240,IBM
2025-12-19,9:44:11.123282433,T,301.57,80,301.98,240,IBM
2025-12-19,9:44:17.631235373,T,301.57,120,301.98,240,IBM
2025-12-19,9:44:20.986367736,T,301.58,40,301.98,240,IBM
2025-12-19,9:44:20.994331617,T,301.58,80,301.98,240,IBM
2025-12-19,9:44:23.149532216,T,301.59,80,301.98,240,IBM
2025-12-19,9:44:23.149567270,T,301.59,120,301.98,240,IBM
2025-12-19,9:44:23.150409285,T,301.59,160,301.98,240,IBM
2025-12-19,9:44:23.150619783,T,301.59,200,301.98,240,IBM
2025-12-19,9:44:28.449970485,T,301.59,200,301.98,40,IBM
2025-12-19,9:44:29.347321601,T,301.6,40,301.98,40,IBM
2025-12-19,9:44:29.347887957,T,301.6,80,301.98,40,IBM
2025-12-19,9:44:29.347923076,T,301.6,120,301.98,40,IBM
2025-12-19,9:44:29.348489469,T,301.6,160,301.98,40,IBM
2025-12-19,9:44:30.716636398,T,301.6,120,301.98,40,IBM
2025-12-19,9:44:31.923614816,T,301.61,40,301.98,40,IBM
2025-12-19,9:44:31.924511973,T,301.61,80,301.98,40,IBM
2025-12-19,9:44:31.924722435,T,301.61,120,301.98,40,IBM
2025-12-19,9:44:32.776725929,T,301.77,80,301.98,40,IBM
2025-12-19,9:44:32.776730579,T,301.77,80,302.18,160,IBM
2025-12-19,9:44:32.776775702,T,301.77,120,302.18,160,IBM
2025-12-19,9:44:32.776780707,T,301.77,40,302.18,160,IBM
2025-12-19,9:44:32.776790759,T,301.78,40,302.18,160,IBM
2025-12-19,9:44:32.777036352,T,301.78,80,302.18,160,IBM
2025-12-19,9:44:32.777306992,T,301.78,120,302.18,160,IBM
2025-12-19,9:44:32.778394545,T,301.78,120,302.38,80,IBM
2025-12-19,9:44:32.791079734,T,301.78,80,302.38,80,IBM
2025-12-19,9:44:32.803870251,T,301.97,80,302.38,80,IBM
2025-12-19,9:44:32.803925314,T,301.97,80,302.38,40,IBM
2025-12-19,9:44:33.025212124,T,301.97,120,302.38,40,IBM
2025-12-19,9:44:34.277152817,T,301.97,40,302.38,40,IBM
2025-12-19,9:44:34.277458538,T,301.97,40,302.26,160,IBM
2025-12-19,9:44:34.314652071,T,301.98,40,302.26,160,IBM
2025-12-19,9:44:34.315153197,T,301.98,80,302.26,160,IBM
2025-12-19,9:44:35.158751414,T,301.98,80,302.38,40,IBM
2025-12-19,9:44:35.197448500,T,301.98,120,302.38,40,IBM
2025-12-19,9:44:35.876890919,T,301.98,80,302.38,40,IBM
2025-12-19,9:44:36.030431373,T,301.98,80,302.26,200,IBM
2025-12-19,9:44:36.648838490,T,301.98,80,302.38,40,IBM
2025-12-19,9:44:36.649214393,T,301.98,80,302.26,200,IBM
2025-12-19,9:44:38.840405923,T,301.98,40,302.26,200,IBM
2025-12-19,9:44:42.556712748,T,301.78,40,302.26,200,IBM
2025-12-19,9:44:43.535783550,T,302.0,40,302.26,200,IBM
2025-12-19,9:44:43.535994092,T,302.0,80,302.26,200,IBM
2025-12-19,9:44:51.669702076,T,302.0,80,302.26,280,IBM
2025-12-19,9:44:52.124434648,T,302.0,80,302.26,80,IBM
2025-12-19,9:44:52.128599507,T,302.0,120,302.26,80,IBM
2025-12-19,9:44:55.754551340,T,302.0,160,302.26,80,IBM
2025-12-19,9:45:00.053746260,T,302.0,240,302.26,80,IBM
2025-12-19,9:45:00.106527122,T,302.0,240,302.44,160,IBM
2025-12-19,9:45:00.106536944,T,302.01,40,302.44,160,IBM
2025-12-19,9:45:00.106562031,T,302.13,80,302.44,160,IBM
2025-12-19,9:45:00.107058100,T,302.13,120,302.44,160,IBM
2025-12-19,9:45:00.107654520,T,302.13,120,302.44,120,IBM
2025-12-19,9:45:00.108942595,T,302.13,160,302.44,120,IBM
2025-12-19,9:45:00.110045237,T,302.13,200,302.44,120,IBM
2025-12-19,9:45:00.110651672,T,302.13,200,302.8,40,IBM
2025-12-19,9:45:00.110651672,T,302.13,200,302.68,200,IBM
2025-12-19,9:45:00.117177269,T,302.13,120,302.68,200,IBM
2025-12-19,9:45:00.368876429,T,302.13,80,302.68,200,IBM
2025-12-19,9:45:00.559916252,T,302.14,40,302.68,200,IBM
2025-12-19,9:45:00.559946317,T,302.14,80,302.68,200,IBM
2025-12-19,9:45:00.560427515,T,302.14,120,302.68,200,IBM
2025-12-19,9:45:00.920514736,T,302.14,120,302.64,40,IBM
2025-12-19,9:45:01.153203726,T,302.14,120,302.5,160,IBM
2025-12-19,9:45:01.947329108,T,302.14,120,302.64,40,IBM
2025-12-19,9:45:02.414015062,T,302.14,120,302.5,200,IBM
2025-12-19,9:45:03.269025411,T,302.17,40,302.5,200,IBM
2025-12-19,9:45:03.269546630,T,302.17,80,302.5,200,IBM
2025-12-19,9:45:04.709449409,T,302.17,80,302.53,40,IBM
2025-12-19,9:45:04.818193297,T,302.17,80,302.5,200,IBM
2025-12-19,9:45:05.339724838,T,302.17,40,302.5,200,IBM
2025-12-19,9:45:05.750963844,T,302.19,40,302.5,200,IBM
2025-12-19,9:45:06.602160193,T,302.19,40,302.53,40,IBM
2025-12-19,9:45:06.602531080,T,302.19,40,302.5,200,IBM
2025-12-19,9:45:06.932000390,T,302.19,40,302.53,40,IBM
2025-12-19,9:45:10.176418967,T,302.19,40,302.64,40,IBM
2025-12-19,9:45:10.176804898,T,302.19,40,302.53,40,IBM
2025-12-19,9:45:13.177979503,T,302.19,80,302.53,40,IBM
2025-12-19,9:45:14.115882387,T,302.19,80,302.49,200,IBM
2025-12-19,9:45:15.671320234,T,302.19,40,302.49,200,IBM
2025-12-19,9:45:16.314045512,T,302.0,80,302.49,200,IBM
2025-12-19,9:45:17.988080536,T,302.21,40,302.49,200,IBM
2025-12-19,9:45:17.988290984,T,302.21,80,302.49,200,IBM
2025-12-19,9:45:18.170359383,T,302.21,120,302.49,200,IBM
2025-12-19,9:45:19.586199935,T,302.21,120,302.4,40,IBM
2025-12-19,9:45:19.586435492,T,302.21,80,302.4,40,IBM
2025-12-19,9:45:19.586620956,T,302.21,40,302.4,40,IBM
2025-12-19,9:45:19.594700210,T,302.21,40,302.47,40,IBM
2025-12-19,9:45:19.612978714,T,302.21,40,302.49,200,IBM
2025-12-19,9:45:19.721933111,T,302.21,40,302.47,40,IBM
2025-12-19,9:45:19.839568133,T,302.21,40,302.53,40,IBM
2025-12-19,9:45:20.133502884,T,302.21,40,302.49,200,IBM
2025-12-19,9:45:20.742397403,T,302.21,40,302.53,40,IBM
2025-12-19,9:45:21.215488686,T,302.21,40,302.49,200,IBM
2025-12-19,9:45:22.141227633,T,302.0,120,302.49,200,IBM
2025-12-19,9:45:22.141227633,T,302.0,120,302.4,40,IBM
2025-12-19,9:45:22.141242453,T,302.0,80,302.4,40,IBM
2025-12-19,9:45:22.141287626,T,302.0,80,302.31,40,IBM
2025-12-19,9:45:22.141312768,T,302.0,80,302.4,40,IBM
2025-12-19,9:45:22.141332655,T,302.0,80,302.49,200,IBM
2025-12-19,9:45:22.141372762,T,302.0,80,302.47,40,IBM
2025-12-19,9:45:22.142415301,T,302.0,80,302.47,80,IBM
2025-12-19,9:45:22.165084271,T,302.0,80,302.47,40,IBM
2025-12-19,9:45:22.165224596,T,302.0,80,302.49,200,IBM
2025-12-19,9:45:22.395688167,T,302.0,80,302.49,240,IBM
2025-12-19,9:45:22.929639293,T,302.0,80,302.49,40,IBM
2025-12-19,9:45:22.930005205,T,302.0,80,302.49,240,IBM
2025-12-19,9:45:22.941407421,T,302.0,80,302.49,200,IBM
2025-12-19,9:45:23.141884690,T,302.0,80,302.4,40,IBM
2025-12-19,9:45:23.141889653,T,302.0,80,302.3,40,IBM
2025-12-19,9:45:23.218963175,T,302.0,80,302.3,80,IBM
2025-12-19,9:45:23.525773598,T,302.0,80,302.3,280,IBM
2025-12-19,9:45:23.675154216,T,302.2,40,302.3,280,IBM
2025-12-19,9:45:23.675174256,T,302.2,40,302.3,240,IBM
2025-12-19,9:45:24.342182176,T,302.2,40,302.3,200,IBM
2025-12-19,9:45:24.417210672,T,302.0,80,302.3,200,IBM
2025-12-19,9:45:24.417381085,T,302.0,80,302.3,240,IBM
2025-12-19,9:45:24.418584021,T,302.0,80,302.3,40,IBM
2025-12-19,9:45:24.419932346,T,302.0,80,302.47,40,IBM
2025-12-19,9:45:24.930161734,T,302.0,80,302.4,200,IBM
2025-12-19,9:45:25.096382451,T,302.0,80,302.4,240,IBM
2025-12-19,9:45:25.259420618,T,301.98,2000,302.4,240,IBM
2025-12-19,9:45:25.259971945,T,301.98,2000,302.4,280,IBM
2025-12-19,9:45:25.950510873,T,301.98,2000,302.25,40,IBM
2025-12-19,9:45:25.950630965,T,301.98,2000,302.4,80,IBM
2025-12-19,9:45:25.950916681,T,301.98,2000,302.27,40,IBM
2025-12-19,9:45:25.950936777,T,301.98,2000,302.3,40,IBM
2025-12-19,9:45:25.951097266,T,301.98,2000,302.37,200,IBM
2025-12-19,9:45:26.078610678,T,301.98,2000,302.52,40,IBM
2025-12-19,9:45:26.881567354,T,302.01,40,302.52,40,IBM
2025-12-19,9:45:29.084050444,T,302.01,40,302.3,200,IBM
2025-12-19,9:45:35.312056946,T,302.01,40,302.3,240,IBM
2025-12-19,9:45:35.757407170,T,302.01,40,302.3,200,IBM
2025-12-19,9:45:37.339698896,T,302.01,80,302.3,200,IBM
2025-12-19,9:45:51.919778174,T,302.01,40,302.3,200,IBM
2025-12-19,9:45:54.020388883,T,302.01,40,302.47,40,IBM
2025-12-19,9:45:56.744929840,T,301.98,2000,302.47,40,IBM
2025-12-19,9:46:03.504040648,T,301.98,2000,302.3,40,IBM
2025-12-19,9:46:03.504742310,T,301.98,2000,302.36,40,IBM
2025-12-19,9:46:03.504747313,T,301.98,2000,302.47,40,IBM
2025-12-19,9:46:04.888636656,T,301.98,2000,302.44,40,IBM
2025-12-19,9:46:04.888772051,T,301.98,2000,302.36,40,IBM
2025-12-19,9:46:04.889012596,T,301.98,2000,302.22,40,IBM
2025-12-19,9:46:04.889603965,T,301.98,2000,302.44,40,IBM
2025-12-19,9:46:04.889749289,T,301.98,2000,302.47,40,IBM
2025-12-19,9:46:04.895352682,T,301.98,2000,302.44,40,IBM
2025-12-19,9:46:04.933478416,T,302.03,40,302.44,40,IBM
2025-12-19,9:46:04.935232636,T,302.03,40,302.51,40,IBM
2025-12-19,9:46:05.310250427,T,302.12,40,302.51,40,IBM
2025-12-19,9:46:05.310430900,T,302.12,40,302.47,40,IBM
2025-12-19,9:46:05.310450912,T,302.04,40,302.47,40,IBM
2025-12-19,9:46:05.310460912,T,302.04,40,302.36,40,IBM
2025-12-19,9:46:05.310480978,T,302.03,40,302.36,40,IBM
2025-12-19,9:46:05.310636396,T,302.03,40,302.47,40,IBM
2025-12-19,9:46:05.410814816,T,302.03,40,302.51,40,IBM
2025-12-19,9:46:05.532474488,T,302.03,40,302.47,40,IBM
2025-12-19,9:46:06.421470970,T,301.98,2000,302.47,40,IBM
2025-12-19,9:46:08.024512028,T,302.13,40,302.47,40,IBM
2025-12-19,9:46:09.674890988,T,302.13,40,302.47,80,IBM
2025-12-19,9:46:09.799988908,T,302.13,40,302.47,40,IBM
2025-12-19,9:46:09.800134257,T,302.13,40,302.36,40,IBM
2025-12-19,9:46:09.801036333,T,302.13,40,302.51,40,IBM
2025-12-19,9:46:09.847902940,T,302.13,40,302.47,40,IBM
2025-12-19,9:46:09.847933020,T,302.13,40,302.35,40,IBM
2025-12-19,9:46:10.064724133,T,302.13,40,302.47,40,IBM
2025-12-19,9:46:10.064864407,T,302.13,40,302.35,40,IBM
2025-12-19,9:46:10.288587028,T,302.13,40,302.47,40,IBM
2025-12-19,9:46:15.401909637,T,301.98,2000,302.47,40,IBM
2025-12-19,9:46:15.401934787,T,301.98,2000,302.24,40,IBM
2025-12-19,9:46:15.402365779,T,301.98,2000,302.24,80,IBM
2025-12-19,9:46:15.402485991,T,301.98,2000,302.24,120,IBM
2025-12-19,9:46:15.402571215,T,301.98,2000,302.24,160,IBM
2025-12-19,9:46:15.402856955,T,301.98,2000,302.24,200,IBM
2025-12-19,9:46:15.402922027,T,301.98,2000,302.24,240,IBM
2025-12-19,9:46:15.411256892,T,301.98,2000,302.24,200,IBM
2025-12-19,9:46:15.416609712,T,301.98,2000,302.24,160,IBM
2025-12-19,9:46:15.416619654,T,301.98,2000,302.24,120,IBM
2025-12-19,9:46:15.428918991,T,301.98,2000,302.24,40,IBM
2025-12-19,9:46:16.510964900,T,301.98,2000,302.24,80,IBM
2025-12-19,9:46:22.326083359,T,301.98,2000,302.24,40,IBM
2025-12-19,9:46:32.844779129,T,301.98,2000,302.24,80,IBM
2025-12-19,9:46:32.912876191,T,302.02,40,302.24,80,IBM
2025-12-19,9:46:32.937063787,T,302.02,40,302.24,40,IBM
2025-12-19,9:46:36.021551630,T,302.02,40,302.24,80,IBM
2025-12-19,9:46:36.021561603,T,302.02,40,302.23,40,IBM
2025-12-19,9:46:36.021571640,T,301.8,40,302.23,40,IBM
2025-12-19,9:46:36.021601709,T,301.8,40,302.13,40,IBM
2025-12-19,9:46:36.022022709,T,301.8,40,302.24,80,IBM
2025-12-19,9:46:36.022188157,T,301.8,40,302.23,40,IBM
2025-12-19,9:46:36.022388529,T,301.8,40,302.23,80,IBM
2025-12-19,9:46:36.022388529,T,301.82,40,302.23,80,IBM
2025-12-19,9:46:36.022929824,T,301.82,40,302.13,40,IBM
2025-12-19,9:46:36.080100932,T,301.8,40,302.13,40,IBM
2025-12-19,9:46:36.080201173,T,301.8,40,302.13,80,IBM
2025-12-19,9:46:36.306585193,T,301.8,40,302.13,120,IBM
2025-12-19,9:46:36.546716836,T,301.8,40,302.13,80,IBM
2025-12-19,9:46:38.701065543,T,301.8,40,302.13,40,IBM
2025-12-19,9:46:49.263670751,T,301.8,40,302.24,80,IBM
2025-12-19,9:46:50.360090940,T,301.8,40,302.08,40,IBM
2025-12-19,9:46:50.360642281,T,301.8,40,302.08,80,IBM
2025-12-19,9:46:50.360877821,T,301.8,40,302.08,40,IBM
2025-12-19,9:46:51.574436922,T,301.8,40,302.08,80,IBM
2025-12-19,9:46:54.886125625,T,301.8,40,302.08,40,IBM
2025-12-19,9:46:54.899412337,T,301.81,40,302.08,40,IBM
2025-12-19,9:46:55.150314638,T,301.8,40,302.08,40,IBM
2025-12-19,9:46:55.242218395,T,301.55,160,302.08,40,IBM
2025-12-19,9:46:55.242258487,T,301.58,40,302.08,40,IBM
2025-12-19,9:46:56.747421816,T,301.58,40,302.24,40,IBM
2025-12-19,9:46:57.228907992,T,301.58,40,302.07,40,IBM
2025-12-19,9:46:57.331141372,T,301.58,40,302.24,40,IBM
2025-12-19,9:47:00.779675815,T,301.81,40,302.24,40,IBM
2025-12-19,9:47:02.237020328,T,301.58,40,302.24,40,IBM
2025-12-19,9:47:02.237060403,T,301.58,40,301.94,40,IBM
2025-12-19,9:47:02.237371142,T,301.58,40,301.94,80,IBM
2025-12-19,9:47:02.237681823,T,301.58,40,301.94,120,IBM
2025-12-19,9:47:02.247675670,T,301.58,40,301.94,40,IBM
2025-12-19,9:47:02.248201938,T,301.58,40,302.06,120,IBM
2025-12-19,9:47:02.264039570,T,301.58,40,302.06,80,IBM
2025-12-19,9:47:02.286974250,T,301.58,80,302.06,80,IBM
2025-12-19,9:47:02.337068457,T,301.58,80,302.06,40,IBM
2025-12-19,9:47:03.035385920,T,301.58,40,302.06,40,IBM
2025-12-19,9:47:03.036097633,T,301.65,80,302.06,40,IBM
2025-12-19,9:47:03.036127738,T,301.65,80,302.24,80,IBM
2025-12-19,9:47:03.363171277,T,301.58,40,302.24,80,IBM
2025-12-19,9:47:03.943202116,T,301.58,40,302.2,40,IBM
2025-12-19,9:47:04.035055663,T,301.65,40,302.2,40,IBM
2025-12-19,9:47:07.367794520,T,301.65,120,302.2,40,IBM
2025-12-19,9:47:07.991158402,T,301.65,40,302.2,40,IBM
2025-12-19,9:47:12.026364654,T,301.65,120,302.2,40,IBM
2025-12-19,9:47:13.521418649,T,301.66,40,302.2,40,IBM
2025-12-19,9:47:13.521624164,T,301.66,80,302.2,40,IBM
2025-12-19,9:47:13.527347866,T,301.66,120,302.2,40,IBM
2025-12-19,9:47:13.582273572,T,301.67,40,302.2,40,IBM
2025-12-19,9:47:13.582794833,T,301.67,80,302.2,40,IBM
2025-12-19,9:47:15.231885735,T,301.67,80,302.24,80,IBM
2025-12-19,9:47:15.231910812,T,301.8,80,302.24,80,IBM
2025-12-19,9:47:15.231940937,T,301.8,80,302.24,40,IBM
2025-12-19,9:47:15.232271701,T,301.81,40,302.24,40,IBM
2025-12-19,9:47:15.241172846,T,301.8,120,302.24,40,IBM
2025-12-19,9:47:15.241192899,T,301.68,80,302.24,40,IBM
2025-12-19,9:47:15.331908819,T,301.67,40,302.24,40,IBM
2025-12-19,9:47:15.433270119,T,301.66,80,302.24,40,IBM
2025-12-19,9:47:15.433295160,T,301.66,40,302.24,40,IBM
2025-12-19,9:47:15.541432584,T,301.83,40,302.24,40,IBM
2025-12-19,9:47:15.541643118,T,301.83,80,302.24,40,IBM
2025-12-19,9:47:15.788746417,T,301.83,40,302.24,40,IBM
2025-12-19,9:47:16.804318968,T,301.84,40,302.24,40,IBM
2025-12-19,9:47:17.545899376,T,301.85,40,302.24,40,IBM
2025-12-19,9:47:18.977302079,T,301.85,80,302.24,40,IBM
2025-12-19,9:47:18.977307121,T,301.85,120,302.24,40,IBM
2025-12-19,9:47:19.460336947,T,301.86,80,302.24,40,IBM
2025-12-19,9:47:19.541344770,T,301.86,120,302.24,40,IBM
2025-12-19,9:47:19.541555198,T,301.86,160,302.24,40,IBM
2025-12-19,9:47:19.541665462,T,301.99,40,302.24,40,IBM
2025-12-19,9:47:19.542021406,T,301.86,160,302.24,40,IBM
2025-12-19,9:47:19.645096726,T,301.86,120,302.24,40,IBM
2025-12-19,9:47:19.774529920,T,301.86,160,302.24,40,IBM
2025-12-19,9:47:19.774930831,T,301.87,40,302.24,40,IBM
2025-12-19,9:47:20.571727637,T,301.86,120,302.24,40,IBM
2025-12-19,9:47:21.547475515,T,301.89,40,302.24,40,IBM
2025-12-19,9:47:21.547510689,T,301.89,80,302.24,40,IBM
2025-12-19,9:47:21.547686084,T,301.89,120,302.24,40,IBM
2025-12-19,9:47:22.166529330,T,301.89,80,302.24,40,IBM
2025-12-19,9:47:22.166534364,T,301.89,40,302.24,40,IBM
2025-12-19,9:47:24.136970137,T,301.92,40,302.24,40,IBM
2025-12-19,9:47:24.137005233,T,301.92,80,302.24,40,IBM
2025-12-19,9:47:24.137180615,T,301.92,120,302.24,40,IBM
2025-12-19,9:47:24.558207920,T,301.92,80,302.24,40,IBM
2025-12-19,9:47:24.558218019,T,301.92,40,302.24,40,IBM
2025-12-19,9:47:27.563251657,T,301.92,40,302.13,40,IBM
2025-12-19,9:47:27.563477157,T,301.92,40,302.24,40,IBM
2025-12-19,9:47:27.727041595,T,301.94,40,302.24,40,IBM
2025-12-19,9:47:30.088773933,T,301.94,40,302.13,40,IBM
2025-12-19,9:47:30.089365360,T,301.94,40,302.24,40,IBM
2025-12-19,9:47:30.089375282,T,301.86,80,302.24,40,IBM
2025-12-19,9:47:30.102481583,T,301.86,80,302.14,40,IBM
2025-12-19,9:47:30.499607023,T,301.86,80,302.24,40,IBM
2025-12-19,9:47:40.112235701,T,301.86,80,302.12,40,IBM
2025-12-19,9:47:41.086124224,T,301.86,80,302.24,40,IBM
2025-12-19,9:47:41.370982303,T,301.93,40,302.24,40,IBM
2025-12-19,9:47:41.624520869,T,301.86,80,302.24,40,IBM
2025-12-19,9:47:42.148488271,T,301.86,80,302.24,80,IBM
2025-12-19,9:47:42.437526368,T,301.76,40,302.24,80,IBM
2025-12-19,9:47:42.438077581,T,301.76,40,302.24,40,IBM
2025-12-19,9:47:43.515552588,T,302.09,40,302.24,40,IBM
2025-12-19,9:47:44.732424520,T,302.09,40,302.3,40,IBM
2025-12-19,9:47:44.732459551,T,302.09,40,302.33,40,IBM
2025-12-19,9:47:44.879544651,T,302.07,40,302.33,40,IBM
2025-12-19,9:47:46.128578145,T,302.17,80,302.33,40,IBM
2025-12-19,9:47:46.128893979,T,302.23,40,302.33,40,IBM
2025-12-19,9:47:46.129796089,T,302.23,40,302.61,200,IBM
2025-12-19,9:47:46.130297250,T,302.23,80,302.61,200,IBM
2025-12-19,9:47:46.151492758,T,302.23,80,302.5,40,IBM
2025-12-19,9:47:46.378332737,T,302.23,40,302.5,40,IBM
2025-12-19,9:47:46.666037803,T,302.19,40,302.5,40,IBM
2025-12-19,9:47:48.704069348,T,302.25,40,302.5,40,IBM
2025-12-19,9:47:49.054097656,T,302.19,40,302.5,40,IBM
2025-12-19,9:47:50.657835599,T,302.17,80,302.5,40,IBM
2025-12-19,9:47:51.449901186,T,302.17,80,302.41,40,IBM
2025-12-19,9:47:51.450547650,T,302.17,80,302.41,80,IBM
2025-12-19,9:47:51.450597767,T,302.17,80,302.41,40,IBM
2025-12-19,9:47:56.043401377,T,302.17,80,302.41,80,IBM
2025-12-19,9:47:56.364465807,T,301.98,40,302.41,80,IBM
2025-12-19,9:47:56.364525930,T,301.98,40,302.41,120,IBM
2025-12-19,9:47:56.364546008,T,301.98,40,302.34,40,IBM
2025-12-19,9:47:56.379050466,T,301.98,40,302.34,80,IBM
2025-12-19,9:47:56.379601777,T,301.98,40,302.34,120,IBM
2025-12-19,9:47:56.392071545,T,301.98,40,302.33,40,IBM
2025-12-19,9:47:56.392096545,T,301.98,40,302.32,40,IBM
2025-12-19,9:47:56.392176776,T,301.98,40,302.31,40,IBM
2025-12-19,9:47:56.392412338,T,301.98,40,302.21,40,IBM
2025-12-19,9:47:56.393509927,T,301.98,40,302.21,80,IBM
2025-12-19,9:47:56.393710429,T,301.98,40,302.21,120,IBM
2025-12-19,9:47:56.485528991,T,301.98,40,302.21,80,IBM
2025-12-19,9:48:01.368964417,T,301.98,40,302.21,40,IBM
2025-12-19,9:48:01.715409230,T,301.98,40,302.33,40,IBM
2025-12-19,9:48:05.794023521,T,301.99,40,302.33,40,IBM
2025-12-19,9:48:05.794324213,T,301.98,40,302.33,40,IBM
2025-12-19,9:48:05.794324213,T,302.09,40,302.33,40,IBM
2025-12-19,9:48:05.795622359,T,301.98,40,302.33,40,IBM
2025-12-19,9:48:06.012744176,T,302.1,40,302.33,40,IBM
2025-12-19,9:48:09.200543112,T,302.1,40,302.27,80,IBM
2025-12-19,9:48:09.201099466,T,302.1,40,302.27,120,IBM
2025-12-19,9:48:09.759964816,T,302.1,40,302.27,40,IBM
2025-12-19,9:48:12.780209816,T,302.1,40,302.27,80,IBM
2025-12-19,9:48:12.780911505,T,301.98,40,302.27,80,IBM
2025-12-19,9:48:12.780956613,T,301.98,40,302.27,120,IBM
2025-12-19,9:48:12.781001670,T,301.98,40,302.19,40,IBM
2025-12-19,9:48:12.783808330,T,301.98,40,302.16,40,IBM
2025-12-19,9:48:13.721245154,T,301.71,160,302.16,40,IBM
2025-12-19,9:48:13.721560875,T,301.71,160,302.04,40,IBM
2025-12-19,9:48:13.722112143,T,301.71,160,302.04,80,IBM
2025-12-19,9:48:13.725339878,T,301.65,80,302.04,80,IBM
2025-12-19,9:48:15.628059320,T,301.52,160,302.04,80,IBM
2025-12-19,9:48:20.116344158,T,301.52,160,302.04,40,IBM
2025-12-19,9:48:21.373171122,T,301.52,160,302.16,40,IBM
2025-12-19,9:48:28.934100753,T,301.52,160,302.13,40,IBM
2025-12-19,9:48:28.934657067,T,301.52,160,302.13,80,IBM
2025-12-19,9:48:28.948389758,T,301.52,160,302.13,120,IBM
2025-12-19,9:48:30.328104174,T,301.52,160,302.13,80,IBM
2025-12-19,9:48:30.328219460,T,301.52,160,302.13,40,IBM
2025-12-19,9:48:30.328294664,T,301.52,160,302.11,40,IBM
2025-12-19,9:48:30.328505185,T,301.52,160,302.11,80,IBM
2025-12-19,9:48:30.329056512,T,301.52,160,302.11,120,IBM
2025-12-19,9:48:30.338849754,T,301.52,160,301.97,40,IBM
2025-12-19,9:48:30.339646678,T,301.52,160,301.97,80,IBM
2025-12-19,9:48:30.340198007,T,301.52,160,301.97,120,IBM
2025-12-19,9:48:30.458529698,T,301.52,160,301.97,80,IBM
2025-12-19,9:48:33.339638520,T,301.52,160,301.97,160,IBM
2025-12-19,9:48:34.203194209,T,301.52,160,301.96,40,IBM
2025-12-19,9:48:34.203224266,T,301.52,160,301.97,200,IBM
2025-12-19,9:48:34.203229340,T,301.52,160,301.82,40,IBM
2025-12-19,9:48:34.203344549,T,301.52,160,301.97,200,IBM
2025-12-19,9:48:34.203344549,T,301.52,160,301.74,40,IBM
2025-12-19,9:48:34.204918294,T,301.52,160,301.74,80,IBM
2025-12-19,9:48:34.210772384,T,301.06,40,301.74,80,IBM
2025-12-19,9:48:34.210777271,T,301.24,160,301.74,80,IBM
2025-12-19,9:48:34.211885407,T,301.24,160,301.74,120,IBM
2025-12-19,9:48:34.211905016,T,301.24,160,301.74,80,IBM
2025-12-19,9:48:34.211909986,T,301.24,160,301.66,40,IBM
2025-12-19,9:48:34.212095676,T,301.24,160,301.74,80,IBM
2025-12-19,9:48:34.212100484,T,301.24,160,301.51,40,IBM
2025-12-19,9:48:34.212135473,T,301.32,80,301.51,40,IBM
2025-12-19,9:48:34.213498884,T,301.32,80,301.74,40,IBM
2025-12-19,9:48:34.214872034,T,301.32,80,301.51,40,IBM
2025-12-19,9:48:34.221803573,T,301.32,80,301.51,80,IBM
2025-12-19,9:48:34.222364921,T,301.32,80,301.51,40,IBM
2025-12-19,9:48:34.328006315,T,301.32,80,301.51,80,IBM
2025-12-19,9:48:34.617801272,T,301.06,200,301.51,80,IBM
2025-12-19,9:48:35.168146344,T,301.06,200,301.51,40,IBM
2025-12-19,9:48:35.335058760,T,301.34,40,301.51,40,IBM
2025-12-19,9:48:35.433392856,T,301.34,40,301.43,40,IBM
2025-12-19,9:48:35.433944158,T,301.34,40,301.43,80,IBM
2025-12-19,9:48:35.433979160,T,301.34,40,301.43,40,IBM
2025-12-19,9:48:35.438304441,T,301.34,40,301.79,80,IBM
2025-12-19,9:48:35.438314881,T,301.34,40,301.79,40,IBM
2025-12-19,9:48:35.438870814,T,301.34,40,301.78,40,IBM
2025-12-19,9:48:35.438890961,T,301.34,40,301.79,40,IBM
2025-12-19,9:48:35.438896056,T,301.34,40,301.79,80,IBM
2025-12-19,9:48:35.438905907,T,301.34,40,301.79,40,IBM
2025-12-19,9:48:35.439101377,T,301.34,40,301.79,80,IBM
2025-12-19,9:48:35.449255565,T,301.34,40,301.79,40,IBM
2025-12-19,9:48:35.459078950,T,301.34,40,301.79,80,IBM
2025-12-19,9:48:35.557994377,T,301.34,40,301.79,120,IBM
2025-12-19,9:48:35.893362845,T,301.34,40,301.78,40,IBM
2025-12-19,9:48:35.895282432,T,301.34,40,301.78,80,IBM
2025-12-19,9:48:36.048532258,T,301.34,40,301.61,40,IBM
2025-12-19,9:48:36.049349156,T,301.34,40,301.61,80,IBM
2025-12-19,9:48:36.049845277,T,301.34,40,301.61,120,IBM
2025-12-19,9:48:36.901071778,T,301.34,40,301.6,40,IBM
2025-12-19,9:48:36.901698294,T,301.34,40,301.61,80,IBM
2025-12-19,9:48:36.901718306,T,301.34,40,301.61,40,IBM
2025-12-19,9:48:36.902309688,T,301.34,40,301.61,80,IBM
2025-12-19,9:48:37.255320058,T,301.06,200,301.61,80,IBM
2025-12-19,9:48:37.255325130,T,301.06,200,301.6,40,IBM
2025-12-19,9:48:37.255360180,T,301.06,200,301.59,40,IBM
2025-12-19,9:48:37.255370227,T,301.06,200,301.47,40,IBM
2025-12-19,9:48:37.255906475,T,300.75,40,301.47,40,IBM
2025-12-19,9:48:37.255911440,T,300.91,160,301.47,40,IBM
2025-12-19,9:48:37.255961564,T,301.06,80,301.47,40,IBM
2025-12-19,9:48:37.256182103,T,301.06,80,301.47,80,IBM
2025-12-19,9:48:37.256282315,T,301.06,80,301.47,120,IBM
2025-12-19,9:48:37.256603174,T,301.06,80,301.47,160,IBM
2025-12-19,9:48:37.266070694,T,301.06,80,301.47,120,IBM
2025-12-19,9:48:37.266085736,T,301.06,80,301.47,80,IBM
2025-12-19,9:48:41.368998249,T,301.06,80,301.47,40,IBM
2025-12-19,9:48:44.925153896,T,300.91,160,301.47,40,IBM
2025-12-19,9:48:50.428901015,T,300.91,160,301.47,80,IBM
2025-12-19,9:48:56.208289417,T,301.19,40,301.47,80,IBM
2025-12-19,9:48:56.209291788,T,300.91,160,301.47,80,IBM
2025-12-19,9:48:56.209898265,T,301.11,40,301.47,80,IBM
2025-12-19,9:48:56.247648117,T,301.11,40,301.47,40,IBM
2025-12-19,9:48:58.329489089,T,301.11,80,301.47,40,IBM
2025-12-19,9:49:00.148033289,T,301.19,80,301.47,40,IBM
2025-12-19,9:49:00.957816167,T,301.19,80,301.36,40,IBM
2025-12-19,9:49:00.958071758,T,301.19,80,301.47,40,IBM
2025-12-19,9:49:00.958136815,T,301.25,40,301.47,40,IBM
2025-12-19,9:49:00.958176934,T,301.19,80,301.47,40,IBM
2025-12-19,9:49:00.958608015,T,301.19,80,301.59,40,IBM
2025-12-19,9:49:00.969293396,T,301.19,80,301.68,40,IBM
2025-12-19,9:49:01.117255609,T,301.26,80,301.68,40,IBM
2025-12-19,9:49:01.118057543,T,301.26,80,301.47,40,IBM
2025-12-19,9:49:02.236805976,T,301.26,80,301.47,80,IBM
2025-12-19,9:49:03.171275536,T,301.26,80,301.47,120,IBM
2025-12-19,9:49:03.506648947,T,301.26,80,301.47,80,IBM
2025-12-19,9:49:04.503777688,T,301.26,80,301.47,40,IBM
2025-12-19,9:49:22.712615458,T,301.26,80,301.68,40,IBM
2025-12-19,9:49:23.707719323,T,301.26,80,301.62,40,IBM
2025-12-19,9:49:23.708270560,T,301.26,80,301.62,80,IBM
2025-12-19,9:49:23.868502028,T,301.26,120,301.62,80,IBM
2025-12-19,9:49:23.868522141,T,301.26,80,301.62,80,IBM
2025-12-19,9:49:24.675112292,T,301.26,80,301.61,40,IBM
2025-12-19,9:49:25.680079761,T,301.26,80,301.61,80,IBM
2025-12-19,9:49:25.680190007,T,301.26,80,301.61,120,IBM
2025-12-19,9:49:27.285431608,T,301.26,80,301.46,40,IBM
2025-12-19,9:49:27.285456817,T,301.06,160,301.46,40,IBM
2025-12-19,9:49:27.285737418,T,301.06,160,301.38,40,IBM
2025-12-19,9:49:27.286093185,T,301.06,160,301.26,80,IBM
2025-12-19,9:49:27.286093185,T,301.06,160,301.26,160,IBM
2025-12-19,9:49:27.287411377,T,301.06,160,301.26,200,IBM
2025-12-19,9:49:27.287601793,T,300.91,160,301.26,200,IBM
2025-12-19,9:49:27.730576369,T,301.12,40,301.26,200,IBM
2025-12-19,9:49:28.208894948,T,301.12,80,301.26,200,IBM
2025-12-19,9:49:28.285747879,T,301.12,80,301.26,120,IBM
2025-12-19,9:49:28.285762892,T,301.12,80,301.26,40,IBM
2025-12-19,9:49:32.478223216,T,301.12,80,301.61,40,IBM
2025-12-19,9:49:32.478248259,T,301.12,120,301.61,40,IBM
2025-12-19,9:49:32.478283543,T,301.19,80,301.61,40,IBM
2025-12-19,9:49:32.478869723,T,301.19,80,301.59,160,IBM
2025-12-19,9:49:32.479015052,T,301.19,80,301.59,200,IBM
2025-12-19,9:49:32.479035491,T,301.19,40,301.59,200,IBM
2025-12-19,9:49:32.479035491,T,301.19,40,301.59,40,IBM
2025-12-19,9:49:32.479060160,T,301.19,40,301.41,160,IBM
2025-12-19,9:49:32.479616536,T,301.19,40,301.41,200,IBM
2025-12-19,9:49:32.479837061,T,301.19,40,301.41,240,IBM
2025-12-19,9:49:32.479992353,T,301.19,40,301.41,280,IBM
2025-12-19,9:49:32.480012438,T,301.19,40,301.41,120,IBM
2025-12-19,9:49:32.480022514,T,301.19,40,301.39,40,IBM
2025-12-19,9:49:32.480037539,T,301.19,40,301.39,200,IBM
2025-12-19,9:49:32.493228913,T,301.19,40,301.39,240,IBM
2025-12-19,9:49:33.168556620,T,301.19,40,301.39,200,IBM
2025-12-19,9:49:33.990653735,T,301.19,80,301.39,200,IBM
2025-12-19,9:49:36.026956399,T,301.19,40,301.39,200,IBM
2025-12-19,9:49:36.026956399,T,300.91,160,301.39,200,IBM
2025-12-19,9:49:36.026961590,T,300.91,160,301.38,40,IBM
2025-12-19,9:49:36.026971342,T,300.91,160,301.29,40,IBM
2025-12-19,9:49:36.026996446,T,300.91,160,301.19,160,IBM
2025-12-19,9:49:36.028209300,T,300.91,160,301.19,200,IBM
2025-12-19,9:49:36.041516012,T,300.91,160,301.19,160,IBM
2025-12-19,9:49:36.233518100,T,300.91,160,301.29,80,IBM
2025-12-19,9:49:36.233538184,T,300.91,200,301.29,80,IBM
2025-12-19,9:49:36.233543361,T,301.0,40,301.29,80,IBM
2025-12-19,9:49:36.233548176,T,301.0,40,301.38,40,IBM
2025-12-19,9:49:36.233548176,T,301.0,40,301.39,40,IBM
2025-12-19,9:49:36.234044310,T,301.0,40,301.45,40,IBM
2025-12-19,9:49:36.234099499,T,301.0,40,301.39,40,IBM
2025-12-19,9:49:36.234104549,T,301.0,40,301.38,40,IBM
2025-12-19,9:49:36.238099064,T,301.0,40,301.38,80,IBM
2025-12-19,9:49:36.243326474,T,300.95,40,301.38,80,IBM
2025-12-19,9:49:36.244108299,T,300.95,40,301.38,40,IBM
2025-12-19,9:49:36.244128363,T,300.91,160,301.38,40,IBM
2025-12-19,9:49:36.254062052,T,300.91,160,301.38,80,IBM
2025-12-19,9:49:36.335776560,T,300.91,160,301.38,120,IBM
2025-12-19,9:49:36.388722572,T,301.07,40,301.38,120,IBM
2025-12-19,9:49:36.388943100,T,301.07,40,301.38,80,IBM
2025-12-19,9:49:37.838909927,T,301.07,40,301.38,40,IBM
2025-12-19,9:49:52.424777894,T,301.07,80,301.38,40,IBM
2025-12-19,9:49:52.621706689,T,301.07,40,301.38,40,IBM
2025-12-19,9:49:52.756312217,T,301.08,40,301.38,40,IBM
2025-12-19,9:49:52.756347280,T,301.08,80,301.38,40,IBM
2025-12-19,9:49:54.875376724,T,301.08,40,301.38,40,IBM
2025-12-19,9:50:00.158794447,T,301.08,80,301.38,40,IBM
2025-12-19,9:50:00.361422141,T,301.08,80,301.5,40,IBM
2025-12-19,9:50:00.361446933,T,301.23,40,301.5,40,IBM
2025-12-19,9:50:00.361476948,T,301.24,40,301.5,40,IBM
2025-12-19,9:50:00.361897992,T,301.24,80,301.5,40,IBM
2025-12-19,9:50:00.361943054,T,301.24,80,301.51,40,IBM
2025-12-19,9:50:00.362474320,T,301.24,120,301.51,40,IBM
2025-12-19,9:50:01.860931818,T,301.26,40,301.51,40,IBM
2025-12-19,9:50:01.861197189,T,301.26,80,301.51,40,IBM
2025-12-19,9:50:03.302378154,T,301.26,120,301.51,40,IBM
2025-12-19,9:50:07.325966519,T,301.26,80,301.51,40,IBM
2025-12-19,9:50:07.454497504,T,301.26,120,301.51,40,IBM
2025-12-19,9:50:07.868242721,T,301.26,80,301.51,40,IBM
2025-12-19,9:50:10.179745318,T,301.26,40,301.51,40,IBM
2025-12-19,9:50:10.179755270,T,301.26,40,301.5,40,IBM
2025-12-19,9:50:10.179770899,T,301.07,40,301.5,40,IBM
2025-12-19,9:50:10.179770899,T,300.99,40,301.5,40,IBM
2025-12-19,9:50:10.179795409,T,301.26,40,301.5,40,IBM
2025-12-19,9:50:10.179795409,T,301.26,40,301.38,40,IBM
2025-12-19,9:50:10.179815408,T,301.26,40,301.49,40,IBM
2025-12-19,9:50:10.179815408,T,300.99,40,301.49,40,IBM
2025-12-19,9:50:10.179840460,T,300.95,40,301.49,40,IBM
2025-12-19,9:50:10.179840460,T,300.95,40,301.48,40,IBM
2025-12-19,9:50:10.179860503,T,300.95,40,301.37,40,IBM
2025-12-19,9:50:10.189739019,T,300.95,40,301.47,40,IBM
2025-12-19,9:50:10.279853654,T,300.95,40,301.51,40,IBM
2025-12-19,9:50:10.428978756,T,300.99,40,301.51,40,IBM
2025-12-19,9:50:10.874674773,T,301.07,40,301.51,40,IBM
2025-12-19,9:50:13.189044222,T,301.18,80,301.51,40,IBM
2025-12-19,9:50:28.879271104,T,301.18,40,301.51,40,IBM
2025-12-19,9:50:28.880168188,T,301.18,80,301.51,40,IBM
2025-12-19,9:50:33.608584829,T,301.18,40,301.51,40,IBM
2025-12-19,9:50:33.608589735,T,300.91,200,301.51,40,IBM
2025-12-19,9:50:33.608589735,T,300.91,200,301.5,40,IBM
2025-12-19,9:50:33.608609725,T,300.91,200,301.28,40,IBM
2025-12-19,9:50:33.609301411,T,300.91,200,301.28,80,IBM
2025-12-19,9:50:33.623635494,T,300.91,200,301.28,120,IBM
2025-12-19,9:50:33.624006448,T,300.91,200,301.28,80,IBM
2025-12-19,9:50:33.878011144,T,300.91,160,301.28,80,IBM
2025-12-19,9:50:34.703295767,T,301.09,40,301.28,80,IBM
2025-12-19,9:50:34.703316057,T,301.09,40,301.28,40,IBM
2025-12-19,9:50:40.685261406,T,301.09,40,301.5,40,IBM
2025-12-19,9:50:45.053129357,T,301.09,40,301.51,40,IBM
2025-12-19,9:50:51.705070039,T,301.09,40,301.5,40,IBM
2025-12-19,9:50:51.705806755,T,300.75,160,301.5,40,IBM
2025-12-19,9:50:51.705831836,T,300.75,160,301.18,40,IBM
2025-12-19,9:50:51.706383232,T,300.75,160,301.18,80,IBM
2025-12-19,9:50:51.707871697,T,300.75,160,301.17,40,IBM
2025-12-19,9:50:51.726511151,T,300.75,160,301.17,80,IBM
2025-12-19,9:50:51.726521151,T,300.75,160,301.17,120,IBM
2025-12-19,9:50:51.756868363,T,300.75,160,301.17,80,IBM
2025-12-19,9:50:51.846421521,T,300.75,160,301.17,120,IBM
2025-12-19,9:50:53.512177012,T,300.75,160,301.09,40,IBM
2025-12-19,9:50:53.512262473,T,300.75,160,301.17,120,IBM
2025-12-19,9:50:53.512317449,T,300.83,40,301.17,120,IBM
2025-12-19,9:50:53.512718352,T,300.83,40,301.17,80,IBM
2025-12-19,9:50:53.512738441,T,300.83,40,301.17,40,IBM
2025-12-19,9:50:53.512978979,T,300.83,40,301.09,40,IBM
2025-12-19,9:50:53.513535249,T,300.83,40,301.09,80,IBM
2025-12-19,9:50:53.689128309,T,300.83,40,301.09,40,IBM
2025-12-19,9:50:53.769113749,T,300.83,40,301.09,80,IBM
2025-12-19,9:50:54.098407666,T,300.83,40,301.09,40,IBM
2025-12-19,9:50:54.098447774,T,300.59,160,301.09,40,IBM
2025-12-19,9:50:54.512573603,T,300.69,80,301.09,40,IBM
2025-12-19,9:50:54.519966386,T,300.69,160,301.09,40,IBM
2025-12-19,9:50:54.520662835,T,300.7,80,301.09,40,IBM
2025-12-19,9:50:55.915433390,T,300.7,40,301.09,40,IBM
2025-12-19,9:50:59.366684560,T,300.7,40,301.26,40,IBM
2025-12-19,9:50:59.366684560,T,300.7,40,301.36,40,IBM
2025-12-19,9:50:59.366964861,T,300.82,40,301.36,40,IBM
2025-12-19,9:50:59.367471068,T,300.82,40,301.43,40,IBM
2025-12-19,9:50:59.367596359,T,300.82,40,301.44,160,IBM
2025-12-19,9:50:59.367671525,T,300.83,40,301.44,160,IBM
2025-12-19,9:50:59.367771848,T,300.95,40,301.44,160,IBM
2025-12-19,9:50:59.368759164,T,300.95,40,301.09,40,IBM
2025-12-19,9:50:59.368759164,T,300.95,40,301.44,160,IBM
2025-12-19,9:50:59.506832855,T,300.76,40,301.44,160,IBM
2025-12-19,9:50:59.506832855,T,300.76,40,301.36,40,IBM
2025-12-19,9:50:59.586392191,T,300.96,80,301.36,40,IBM
2025-12-19,9:50:59.586447310,T,300.96,120,301.36,40,IBM
2025-12-19,9:50:59.587224202,T,300.96,160,301.36,40,IBM
2025-12-19,9:50:59.588051129,T,300.97,40,301.36,40,IBM
2025-12-19,9:50:59.588091329,T,300.97,80,301.36,40,IBM
2025-12-19,9:50:59.761022965,T,300.97,40,301.36,40,IBM
2025-12-19,9:50:59.761103189,T,300.98,40,301.36,40,IBM
2025-12-19,9:50:59.761158280,T,300.98,80,301.36,40,IBM
2025-12-19,9:50:59.761298674,T,300.98,80,301.43,40,IBM
2025-12-19,9:50:59.761484032,T,300.98,120,301.43,40,IBM
2025-12-19,9:51:00.035426259,T,300.98,200,301.43,40,IBM
2025-12-19,9:51:00.035932477,T,300.98,160,301.43,40,IBM
2025-12-19,9:51:00.111873280,T,300.99,40,301.43,40,IBM
2025-12-19,9:51:00.111973511,T,300.99,80,301.43,40,IBM
2025-12-19,9:51:00.112188983,T,300.99,80,301.38,40,IBM
2025-12-19,9:51:00.264952759,T,300.99,40,301.38,40,IBM
2025-12-19,9:51:00.481392976,T,301.0,40,301.38,40,IBM
2025-12-19,9:51:00.481458171,T,301.0,80,301.38,40,IBM
2025-12-19,9:51:01.043355775,T,301.0,40,301.38,40,IBM
2025-12-19,9:51:15.739831972,T,300.99,40,301.38,40,IBM
2025-12-19,9:51:15.739877106,T,300.98,40,301.38,40,IBM
2025-12-19,9:51:36.363979721,T,300.97,40,301.38,40,IBM
2025-12-19,9:51:36.365072377,T,301.0,80,301.38,40,IBM
2025-12-19,9:51:36.986211017,T,301.0,80,301.5,40,IBM
2025-12-19,9:51:36.986211017,T,301.0,80,301.51,40,IBM
2025-12-19,9:51:36.986226095,T,301.01,40,301.51,40,IBM
2025-12-19,9:51:36.986236020,T,301.13,40,301.51,40,IBM
2025-12-19,9:51:36.986261165,T,301.13,80,301.51,40,IBM
2025-12-19,9:51:36.995653466,T,301.13,40,301.51,40,IBM
2025-12-19,9:51:37.007070676,T,301.13,40,301.38,40,IBM
2025-12-19,9:51:37.007080686,T,301.0,80,301.38,40,IBM
2025-12-19,9:51:37.007120812,T,301.0,120,301.38,40,IBM
2025-12-19,9:51:37.007140872,T,301.02,40,301.38,40,IBM
2025-12-19,9:51:37.007160856,T,301.02,40,301.51,40,IBM
2025-12-19,9:51:37.106286833,T,301.02,80,301.51,40,IBM
2025-12-19,9:51:37.114270934,T,301.02,40,301.51,40,IBM
2025-12-19,9:51:37.928644521,T,301.02,80,301.51,40,IBM
2025-12-19,9:51:38.224699414,T,301.02,40,301.51,40,IBM
2025-12-19,9:51:38.224709458,T,301.0,80,301.51,40,IBM
2025-12-19,9:51:38.224929964,T,301.03,40,301.51,40,IBM
2025-12-19,9:51:38.225140431,T,301.03,80,301.51,40,IBM
2025-12-19,9:51:38.290796771,T,301.04,160,301.51,40,IBM
2025-12-19,9:51:38.290831870,T,301.04,200,301.51,40,IBM
2025-12-19,9:51:38.291287853,T,301.04,240,301.51,40,IBM
2025-12-19,9:51:39.507006949,T,301.04,200,301.51,40,IBM
2025-12-19,9:51:39.507011985,T,301.04,160,301.51,40,IBM
2025-12-19,9:51:47.929432246,T,301.05,40,301.51,40,IBM
2025-12-19,9:51:58.110058261,T,301.05,80,301.51,40,IBM
2025-12-19,9:52:00.020887181,T,301.05,40,301.51,40,IBM
2025-12-19,9:52:00.111843707,T,301.05,40,301.59,40,IBM
2025-12-19,9:52:00.112194532,T,301.05,40,301.51,40,IBM
2025-12-19,9:52:10.071258011,T,301.06,40,301.51,40,IBM
2025-12-19,9:52:15.409917234,T,301.11,40,301.51,40,IBM
2025-12-19,9:52:15.680356026,T,301.06,40,301.51,40,IBM
