DATE,TIME_M,EX,BID,BIDSIZ,ASK,ASKSIZ,SYM_ROOT
2025-11-26,9:30:01.032747671,T,302.94,120,307.04,40,IBM
2025-11-26,9:30:01.155053769,T,299.91,40,307.04,40,IBM
2025-11-26,9:30:01.546375472,T,299.91,40,307.63,40,IBM
2025-11-26,9:30:01.805331932,T,305.0,40,307.63,40,IBM
2025-11-26,9:30:02.572884265,T,305.0,40,307.0,40,IBM
2025-11-26,9:30:11.131088732,T,304.78,40,307.0,40,IBM
2025-11-26,9:30:11.131118747,T,304.78,40,306.0,40,IBM
2025-11-26,9:30:11.131168865,T,304.78,40,305.4,40,IBM
2025-11-26,9:30:11.131183868,T,304.78,40,305.2,40,IBM
2025-11-26,9:30:11.131434505,T,304.78,40,305.0,40,IBM
2025-11-26,9:30:11.132361711,T,301.95,40,305.0,40,IBM
2025-11-26,9:30:11.227924286,T,301.95,40,305.0,80,IBM
2025-11-26,9:30:11.227959300,T,304.5,200,305.0,80,IBM
2025-11-26,9:30:11.239922731,T,304.5,200,305.0,40,IBM
2025-11-26,9:30:11.240824920,T,304.5,200,305.0,80,IBM
2025-11-26,9:30:11.261103243,T,304.5,200,305.0,40,IBM
2025-11-26,9:30:11.261263544,T,304.5,200,306.0,40,IBM
2025-11-26,9:30:11.261304010,T,301.95,40,306.0,40,IBM
2025-11-26,9:30:11.261304010,T,304.6,80,306.0,40,IBM
2025-11-26,9:30:11.261308736,T,304.6,120,306.0,40,IBM
2025-11-26,9:30:11.261308736,T,304.6,160,306.0,40,IBM
2025-11-26,9:30:11.261328690,T,305.0,200,306.0,40,IBM
2025-11-26,9:30:11.261354132,T,304.6,160,306.0,40,IBM
2025-11-26,9:30:11.261373816,T,304.6,120,306.0,40,IBM
2025-11-26,9:30:11.261599408,T,304.6,120,305.4,40,IBM
2025-11-26,9:30:11.261634420,T,304.6,120,305.4,80,IBM
2025-11-26,9:30:11.262125608,T,304.6,120,305.4,40,IBM
2025-11-26,9:30:11.262511589,T,304.6,80,305.4,40,IBM
2025-11-26,9:30:11.272244690,T,304.6,80,306.0,40,IBM
2025-11-26,9:30:11.274309646,T,304.6,80,305.4,40,IBM
2025-11-26,9:30:11.274344711,T,304.6,80,305.4,80,IBM
2025-11-26,9:30:11.281301560,T,301.95,40,305.4,80,IBM
2025-11-26,9:30:11.379901037,T,301.95,40,305.4,40,IBM
2025-11-26,9:30:12.160419252,T,301.95,40,306.0,40,IBM
2025-11-26,9:30:13.177455516,T,301.55,40,306.0,40,IBM
2025-11-26,9:30:13.277132724,T,301.55,40,305.4,40,IBM
2025-11-26,9:30:13.908235260,T,301.55,40,306.0,40,IBM
2025-11-26,9:30:18.290578293,T,301.55,80,306.0,40,IBM
2025-11-26,9:30:18.290578293,T,301.55,120,306.0,40,IBM
2025-11-26,9:30:24.183983887,T,301.7,40,306.0,40,IBM
2025-11-26,9:30:24.924055677,T,301.71,40,306.0,40,IBM
2025-11-26,9:30:26.627511046,T,301.7,40,306.0,40,IBM
2025-11-26,9:30:26.627551037,T,301.55,120,306.0,40,IBM
2025-11-26,9:30:26.627831785,T,301.55,80,306.0,40,IBM
2025-11-26,9:30:27.105323814,T,301.55,80,305.4,40,IBM
2025-11-26,9:30:27.105323814,T,301.55,80,304.9,40,IBM
2025-11-26,9:30:27.105549070,T,301.55,80,304.75,40,IBM
2025-11-26,9:30:27.105584409,T,301.55,80,304.75,80,IBM
2025-11-26,9:30:27.105624331,T,301.55,80,304.75,40,IBM
2025-11-26,9:30:27.105819666,T,301.55,80,304.75,80,IBM
2025-11-26,9:30:27.120494587,T,301.55,80,304.75,40,IBM
2025-11-26,9:30:27.120589799,T,301.55,80,304.75,80,IBM
2025-11-26,9:30:28.366721461,T,301.64,40,304.75,80,IBM
2025-11-26,9:30:28.367784037,T,301.81,40,304.75,80,IBM
2025-11-26,9:30:28.395464984,T,301.98,40,304.75,80,IBM
2025-11-26,9:30:28.410631050,T,302.15,40,304.75,80,IBM
2025-11-26,9:30:28.414104368,T,302.32,40,304.75,80,IBM
2025-11-26,9:30:28.416394723,T,302.49,40,304.75,80,IBM
2025-11-26,9:30:28.418685191,T,302.66,40,304.75,80,IBM
2025-11-26,9:30:28.423145858,T,302.73,40,304.75,80,IBM
2025-11-26,9:30:28.427791924,T,302.83,40,304.75,80,IBM
2025-11-26,9:30:28.785052430,T,302.83,40,304.75,40,IBM
2025-11-26,9:30:35.794399536,T,304.0,160,304.75,40,IBM
2025-11-26,9:30:35.800068008,T,304.0,160,304.75,80,IBM
2025-11-26,9:30:35.802168062,T,303.52,40,304.75,80,IBM
2025-11-26,9:30:35.802198176,T,303.52,40,304.75,40,IBM
2025-11-26,9:30:35.894758525,T,303.0,40,304.75,40,IBM
2025-11-26,9:30:40.391012712,T,304.3,40,304.75,40,IBM
2025-11-26,9:30:40.391052895,T,304.3,40,305.87,40,IBM
2025-11-26,9:30:40.396891756,T,304.3,40,306.0,40,IBM
2025-11-26,9:30:40.399152168,T,304.3,40,305.87,40,IBM
2025-11-26,9:30:40.865797987,T,304.3,40,304.8,80,IBM
2025-11-26,9:30:40.866088722,T,304.3,40,304.8,120,IBM
2025-11-26,9:30:41.109037116,T,304.3,40,304.8,40,IBM
2025-11-26,9:30:41.203196213,T,304.3,40,305.7,40,IBM
2025-11-26,9:30:48.509074337,T,304.3,40,304.8,40,IBM
2025-11-26,9:31:02.136066196,T,304.3,40,305.16,160,IBM
2025-11-26,9:31:03.849780942,T,304.3,40,304.8,40,IBM
2025-11-26,9:31:11.741563921,T,304.3,40,304.56,40,IBM
2025-11-26,9:31:11.741584030,T,303.99,160,304.56,40,IBM
2025-11-26,9:31:11.741599016,T,303.99,160,304.56,80,IBM
2025-11-26,9:31:11.741764439,T,303.99,160,304.56,120,IBM
2025-11-26,9:31:11.742320798,T,303.99,160,304.56,80,IBM
2025-11-26,9:31:11.747137308,T,303.99,160,304.56,40,IBM
2025-11-26,9:31:11.751101674,T,303.34,40,304.56,40,IBM
2025-11-26,9:31:11.751106661,T,303.57,160,304.56,40,IBM
2025-11-26,9:31:11.753582614,T,303.57,160,304.73,160,IBM
2025-11-26,9:31:11.758018149,T,303.57,160,304.24,40,IBM
2025-11-26,9:31:11.758469208,T,303.57,160,304.73,160,IBM
2025-11-26,9:31:11.764448473,T,303.0,40,304.73,160,IBM
2025-11-26,9:31:11.772918683,T,303.75,80,304.73,160,IBM
2025-11-26,9:31:13.764399757,T,303.75,80,304.04,40,IBM
2025-11-26,9:31:13.764419687,T,303.75,80,304.73,160,IBM
2025-11-26,9:31:13.764434707,T,303.75,80,304.04,40,IBM
2025-11-26,9:31:14.836025824,T,303.38,200,304.04,40,IBM
2025-11-26,9:31:15.052105345,T,302.49,40,304.04,40,IBM
2025-11-26,9:31:15.052115375,T,303.17,160,304.04,40,IBM
2025-11-26,9:31:15.053323262,T,303.17,160,304.04,80,IBM
2025-11-26,9:31:15.357326915,T,303.17,160,304.04,40,IBM
2025-11-26,9:31:15.360935531,T,303.17,160,304.04,80,IBM
2025-11-26,9:31:15.360940574,T,303.5,80,304.04,80,IBM
2025-11-26,9:31:15.372167303,T,303.5,80,304.04,40,IBM
2025-11-26,9:31:15.374963925,T,303.5,80,304.04,80,IBM
2025-11-26,9:31:15.546823122,T,303.17,160,304.04,80,IBM
2025-11-26,9:31:16.609483011,T,303.17,160,304.04,40,IBM
2025-11-26,9:31:16.609508046,T,303.5,40,304.04,40,IBM
2025-11-26,9:31:16.643042892,T,303.17,160,304.04,40,IBM
2025-11-26,9:31:17.951287469,T,303.43,40,304.04,40,IBM
2025-11-26,9:31:17.951412777,T,303.17,160,304.04,40,IBM
2025-11-26,9:31:17.951522956,T,303.17,200,304.04,40,IBM
2025-11-26,9:31:17.951668281,T,303.27,40,304.04,40,IBM
2025-11-26,9:31:17.951698376,T,303.17,200,304.04,40,IBM
2025-11-26,9:31:17.952234665,T,303.17,160,304.04,40,IBM
2025-11-26,9:31:17.962604360,T,303.17,160,304.45,160,IBM
2025-11-26,9:31:17.971495562,T,303.25,80,304.45,160,IBM
2025-11-26,9:31:19.130174043,T,303.25,120,304.45,160,IBM
2025-11-26,9:31:20.720851013,T,303.25,120,303.77,40,IBM
2025-11-26,9:31:20.724935655,T,303.25,120,304.45,160,IBM
2025-11-26,9:31:20.776533488,T,303.25,120,304.04,40,IBM
2025-11-26,9:31:20.776568624,T,303.25,120,304.04,80,IBM
2025-11-26,9:31:20.811025592,T,303.25,40,304.04,80,IBM
2025-11-26,9:31:23.074389054,T,303.25,40,304.04,40,IBM
2025-11-26,9:31:24.358310715,T,303.25,40,304.03,40,IBM
2025-11-26,9:31:24.358400966,T,303.25,40,304.03,80,IBM
2025-11-26,9:31:24.363377837,T,303.25,120,304.03,80,IBM
2025-11-26,9:31:24.370720292,T,303.25,120,304.03,40,IBM
2025-11-26,9:31:24.370765424,T,303.25,120,304.03,80,IBM
2025-11-26,9:31:24.639820928,T,303.25,120,304.03,40,IBM
2025-11-26,9:31:24.691894946,T,303.25,120,304.4,40,IBM
2025-11-26,9:31:24.703467521,T,303.25,120,304.02,40,IBM
2025-11-26,9:31:24.703497613,T,303.25,120,304.02,80,IBM
2025-11-26,9:31:24.709186122,T,303.25,40,304.02,80,IBM
2025-11-26,9:31:24.967611355,T,303.25,40,304.02,40,IBM
2025-11-26,9:31:31.088648687,T,303.25,40,304.01,40,IBM
2025-11-26,9:31:31.089134777,T,303.2,40,304.01,40,IBM
2025-11-26,9:31:31.189418581,T,303.25,40,304.01,40,IBM
2025-11-26,9:31:31.464538604,T,303.25,40,304.45,200,IBM
2025-11-26,9:31:39.588033180,T,303.25,40,304.24,40,IBM
2025-11-26,9:31:39.611689505,T,303.25,40,304.45,200,IBM
2025-11-26,9:31:39.627737706,T,303.25,40,304.0,40,IBM
2025-11-26,9:31:39.627772725,T,303.25,40,304.0,80,IBM
2025-11-26,9:31:41.569400122,T,303.25,40,304.0,40,IBM
2025-11-26,9:31:41.569410160,T,303.25,40,304.45,200,IBM
2025-11-26,9:31:41.569490345,T,303.2,40,304.45,200,IBM
2025-11-26,9:31:41.569871311,T,303.25,40,304.45,200,IBM
2025-11-26,9:31:41.569906487,T,303.46,40,304.45,200,IBM
2025-11-26,9:31:41.569926409,T,303.46,40,304.45,160,IBM
2025-11-26,9:31:41.573159123,T,303.0,40,304.45,160,IBM
2025-11-26,9:31:41.573164102,T,302.83,40,304.45,160,IBM
2025-11-26,9:31:41.573189130,T,302.83,40,303.73,80,IBM
2025-11-26,9:31:41.606723962,T,302.83,40,304.0,40,IBM
2025-11-26,9:31:41.607370584,T,302.83,40,304.0,80,IBM
2025-11-26,9:31:41.651305094,T,302.83,40,304.0,40,IBM
2025-11-26,9:31:41.703349018,T,302.83,40,304.24,40,IBM
2025-11-26,9:31:42.573590866,T,303.2,40,304.24,40,IBM
2025-11-26,9:31:47.237784996,T,303.2,40,303.99,40,IBM
2025-11-26,9:31:51.245531171,T,303.2,40,303.98,40,IBM
2025-11-26,9:31:51.245536246,T,303.2,40,303.97,40,IBM
2025-11-26,9:31:51.245566295,T,303.2,40,303.63,40,IBM
2025-11-26,9:31:51.245576277,T,302.83,40,303.63,40,IBM
2025-11-26,9:31:51.245596315,T,302.83,40,303.44,80,IBM
2025-11-26,9:31:51.245816889,T,302.81,200,303.44,80,IBM
2025-11-26,9:31:51.250923973,T,302.49,40,303.44,80,IBM
2025-11-26,9:31:51.253911135,T,302.49,40,303.97,40,IBM
2025-11-26,9:31:51.254201744,T,302.94,80,303.97,40,IBM
2025-11-26,9:31:51.291264989,T,302.94,80,303.63,40,IBM
2025-11-26,9:31:51.301389167,T,302.94,80,303.97,40,IBM
2025-11-26,9:31:51.313703433,T,302.94,80,303.63,40,IBM
2025-11-26,9:31:52.246002956,T,302.94,120,303.63,40,IBM
2025-11-26,9:31:52.246032995,T,302.94,120,304.4,40,IBM
2025-11-26,9:31:53.476382148,T,302.94,120,304.12,160,IBM
2025-11-26,9:31:54.148993351,T,302.94,160,304.12,160,IBM
2025-11-26,9:31:56.306810485,T,303.13,40,304.12,160,IBM
2025-11-26,9:31:56.306845765,T,303.13,120,304.12,160,IBM
2025-11-26,9:31:56.307842951,T,303.13,160,304.12,160,IBM
2025-11-26,9:31:56.316869397,T,303.13,80,304.12,160,IBM
2025-11-26,9:31:56.325043906,T,303.14,40,304.12,160,IBM
2025-11-26,9:31:57.364939620,T,303.0,40,304.12,160,IBM
2025-11-26,9:31:57.364954679,T,302.49,40,304.12,160,IBM
2025-11-26,9:31:57.364984696,T,302.49,40,303.28,40,IBM
2025-11-26,9:31:57.365676325,T,302.43,200,303.28,40,IBM
2025-11-26,9:31:57.365701443,T,302.43,160,303.28,40,IBM
2025-11-26,9:31:57.365836772,T,302.43,160,303.28,80,IBM
2025-11-26,9:31:57.370357726,T,302.43,160,303.28,40,IBM
2025-11-26,9:31:57.370377589,T,302.43,160,304.12,160,IBM
2025-11-26,9:31:57.370397638,T,302.43,160,304.08,40,IBM
2025-11-26,9:31:57.370557995,T,302.43,200,304.08,40,IBM
2025-11-26,9:31:57.370568001,T,302.43,200,304.12,160,IBM
2025-11-26,9:31:57.370673247,T,302.43,160,304.12,160,IBM
2025-11-26,9:31:58.365366222,T,302.94,40,304.12,160,IBM
2025-11-26,9:32:00.526581428,T,302.94,40,303.39,80,IBM
2025-11-26,9:32:00.531097217,T,302.94,40,303.78,40,IBM
2025-11-26,9:32:00.531127296,T,302.94,40,303.84,160,IBM
2025-11-26,9:32:00.541592169,T,302.94,120,303.84,160,IBM
2025-11-26,9:32:00.551606039,T,302.94,40,303.84,160,IBM
2025-11-26,9:32:04.681944203,T,302.95,80,303.84,160,IBM
2025-11-26,9:32:04.682124654,T,302.95,120,303.84,160,IBM
2025-11-26,9:32:18.653335698,T,302.95,160,303.84,160,IBM
2025-11-26,9:32:18.653676520,T,302.95,200,303.84,160,IBM
2025-11-26,9:32:18.653741724,T,302.95,160,303.84,160,IBM
2025-11-26,9:32:18.653766792,T,302.95,80,303.84,160,IBM
2025-11-26,9:32:18.653807248,T,302.96,80,303.84,160,IBM
2025-11-26,9:32:18.653836878,T,302.96,80,303.52,80,IBM
2025-11-26,9:32:18.654368180,T,302.96,80,303.52,200,IBM
2025-11-26,9:32:18.654548638,T,302.96,80,303.52,280,IBM
2025-11-26,9:32:18.656593485,T,302.96,120,303.52,280,IBM
2025-11-26,9:32:18.656834058,T,302.96,120,303.52,200,IBM
2025-11-26,9:32:18.656834058,T,302.96,120,303.52,80,IBM
2025-11-26,9:32:18.656839015,T,302.96,120,303.84,160,IBM
2025-11-26,9:32:18.657505689,T,302.96,80,303.84,160,IBM
2025-11-26,9:32:18.658011899,T,302.96,120,303.84,160,IBM
2025-11-26,9:32:18.658873949,T,302.96,80,303.84,160,IBM
2025-11-26,9:32:18.674586274,T,302.96,80,303.52,400,IBM
2025-11-26,9:32:18.683808317,T,302.95,40,303.52,400,IBM
2025-11-26,9:32:18.753248614,T,302.79,40,303.52,400,IBM
2025-11-26,9:32:23.035593774,T,302.75,200,303.52,400,IBM
2025-11-26,9:32:23.035628820,T,302.79,40,303.52,400,IBM
2025-11-26,9:32:25.548576489,T,302.91,160,303.52,400,IBM
2025-11-26,9:32:35.377832003,T,302.91,160,303.52,440,IBM
2025-11-26,9:32:38.991981267,T,302.91,160,303.52,400,IBM
2025-11-26,9:32:39.008746232,T,302.91,160,303.52,80,IBM
2025-11-26,9:32:39.008766192,T,302.91,160,303.91,160,IBM
2025-11-26,9:32:39.008791251,T,303.4,40,303.91,160,IBM
2025-11-26,9:32:39.014860737,T,303.4,40,303.91,200,IBM
2025-11-26,9:32:39.015036117,T,303.4,80,303.91,200,IBM
2025-11-26,9:32:39.019942810,T,303.4,80,303.91,40,IBM
2025-11-26,9:32:39.042326158,T,303.11,160,303.91,40,IBM
2025-11-26,9:32:39.042356229,T,303.11,160,304.09,200,IBM
2025-11-26,9:32:39.042451406,T,303.11,160,303.84,80,IBM
2025-11-26,9:32:39.042486539,T,303.11,160,303.84,120,IBM
2025-11-26,9:32:39.075981211,T,303.11,160,303.84,40,IBM
2025-11-26,9:32:39.076457357,T,303.11,160,303.84,80,IBM
2025-11-26,9:32:39.143812760,T,303.11,160,303.84,40,IBM
2025-11-26,9:32:40.326368070,T,303.11,160,304.09,200,IBM
2025-11-26,9:32:40.874086948,T,303.4,40,304.09,200,IBM
2025-11-26,9:32:40.877043917,T,303.4,40,304.56,40,IBM
2025-11-26,9:32:40.877043917,T,303.4,40,304.39,160,IBM
2025-11-26,9:32:46.440915003,T,303.35,40,304.39,160,IBM
2025-11-26,9:32:46.440950121,T,303.35,40,303.99,40,IBM
2025-11-26,9:32:46.440985162,T,303.35,40,303.99,80,IBM
2025-11-26,9:32:46.441035329,T,303.11,160,303.99,80,IBM
2025-11-26,9:32:46.691907532,T,303.11,160,303.99,40,IBM
2025-11-26,9:32:57.960700011,T,303.16,40,303.99,40,IBM
2025-11-26,9:32:59.420339854,T,303.16,40,304.39,160,IBM
2025-11-26,9:33:00.298625765,T,303.41,40,304.39,160,IBM
2025-11-26,9:33:00.320307391,T,303.41,40,303.77,40,IBM
2025-11-26,9:33:00.320332473,T,303.41,40,304.39,160,IBM
2025-11-26,9:33:00.320347524,T,303.41,40,303.77,40,IBM
2025-11-26,9:33:00.320357565,T,303.41,40,304.39,200,IBM
2025-11-26,9:33:00.320357565,T,303.64,40,304.39,200,IBM
2025-11-26,9:33:00.320367498,T,303.41,40,304.39,200,IBM
2025-11-26,9:33:00.320377567,T,303.41,40,304.39,160,IBM
2025-11-26,9:33:00.321114330,T,303.16,40,304.39,160,IBM
2025-11-26,9:33:02.495656347,T,303.06,200,304.39,160,IBM
2025-11-26,9:33:02.495691419,T,303.35,40,304.39,160,IBM
2025-11-26,9:33:03.720241675,T,303.35,80,304.39,160,IBM
2025-11-26,9:33:03.720311806,T,303.35,40,304.39,160,IBM
2025-11-26,9:33:03.720697681,T,303.35,80,304.39,160,IBM
2025-11-26,9:33:03.721223939,T,303.35,80,304.72,40,IBM
2025-11-26,9:33:03.721233937,T,303.35,80,304.62,160,IBM
2025-11-26,9:33:03.721264085,T,303.35,80,304.62,200,IBM
2025-11-26,9:33:03.724291313,T,303.35,40,304.62,200,IBM
2025-11-26,9:33:06.019921509,T,303.35,40,304.62,160,IBM
2025-11-26,9:33:06.028351517,T,303.35,40,304.19,80,IBM
2025-11-26,9:33:06.028386619,T,303.35,40,304.19,120,IBM
2025-11-26,9:33:06.038746328,T,303.35,40,304.19,80,IBM
2025-11-26,9:33:06.061891401,T,303.35,40,304.56,40,IBM
2025-11-26,9:33:06.128369722,T,303.35,40,304.62,160,IBM
2025-11-26,9:33:10.906555057,T,303.35,40,304.56,40,IBM
2025-11-26,9:33:13.073102905,T,303.35,80,304.56,40,IBM
2025-11-26,9:33:13.095566348,T,303.35,40,304.56,40,IBM
2025-11-26,9:33:13.095596459,T,303.35,40,303.99,80,IBM
2025-11-26,9:33:13.129131276,T,303.35,40,304.2,40,IBM
2025-11-26,9:33:13.129196438,T,303.35,40,303.99,40,IBM
2025-11-26,9:33:13.195759891,T,303.35,40,304.42,40,IBM
2025-11-26,9:33:17.178601793,T,303.35,40,304.56,40,IBM
2025-11-26,9:33:17.179098053,T,303.35,40,304.21,40,IBM
2025-11-26,9:33:17.179133089,T,303.35,40,304.21,80,IBM
2025-11-26,9:33:19.026045038,T,303.35,40,304.21,40,IBM
2025-11-26,9:33:30.949701661,T,303.35,40,304.21,80,IBM
2025-11-26,9:33:30.949786867,T,303.35,40,304.21,40,IBM
2025-11-26,9:33:37.168366364,T,303.35,40,303.98,40,IBM
2025-11-26,9:33:37.168621936,T,303.35,40,304.21,40,IBM
2025-11-26,9:33:41.479650206,T,303.35,40,303.98,40,IBM
2025-11-26,9:33:41.479735376,T,303.35,40,303.98,80,IBM
2025-11-26,9:33:41.917076510,T,303.35,40,303.98,40,IBM
2025-11-26,9:33:50.468605207,T,303.4,40,303.98,40,IBM
2025-11-26,9:33:50.685035455,T,303.4,80,303.98,40,IBM
2025-11-26,9:33:51.136079196,T,303.4,40,303.98,40,IBM
2025-11-26,9:33:51.136164479,T,303.5,40,303.98,40,IBM
2025-11-26,9:33:52.188414700,T,303.5,80,303.98,40,IBM
2025-11-26,9:33:52.266560775,T,303.51,40,303.98,40,IBM
2025-11-26,9:33:52.735467223,T,303.51,40,304.21,40,IBM
2025-11-26,9:33:52.735467223,T,303.51,40,304.29,40,IBM
2025-11-26,9:33:52.735682547,T,303.51,80,304.29,40,IBM
2025-11-26,9:33:52.735968212,T,303.51,120,304.29,40,IBM
2025-11-26,9:33:52.735998306,T,303.88,40,304.29,40,IBM
2025-11-26,9:33:52.736098526,T,303.88,40,304.37,200,IBM
2025-11-26,9:33:52.736339133,T,303.88,40,304.37,160,IBM
2025-11-26,9:33:52.738865167,T,303.88,40,304.72,40,IBM
2025-11-26,9:33:52.738875117,T,303.88,40,304.61,160,IBM
2025-11-26,9:33:52.738905289,T,303.88,40,304.61,200,IBM
2025-11-26,9:33:52.769533164,T,303.75,40,304.61,200,IBM
2025-11-26,9:33:53.875967184,T,303.75,40,304.61,160,IBM
2025-11-26,9:33:53.875977188,T,303.75,80,304.61,160,IBM
2025-11-26,9:33:53.876042378,T,303.75,120,304.61,160,IBM
2025-11-26,9:33:53.876067470,T,303.75,120,304.61,200,IBM
2025-11-26,9:33:53.876293004,T,303.75,80,304.61,200,IBM
2025-11-26,9:33:53.876638762,T,303.98,40,304.61,200,IBM
2025-11-26,9:33:53.894245707,T,303.98,40,304.61,280,IBM
2025-11-26,9:33:54.134111975,T,303.98,40,304.61,240,IBM
2025-11-26,9:33:54.691102855,T,303.98,80,304.61,240,IBM
2025-11-26,9:33:55.507837155,T,303.98,80,304.61,80,IBM
2025-11-26,9:33:55.507877238,T,303.98,80,304.94,160,IBM
2025-11-26,9:33:55.507912537,T,303.99,40,304.94,160,IBM
2025-11-26,9:33:55.507912537,T,303.99,40,304.94,200,IBM
2025-11-26,9:33:55.507927371,T,304.17,40,304.94,200,IBM
2025-11-26,9:33:55.516943795,T,304.17,40,304.94,280,IBM
2025-11-26,9:33:55.725124488,T,304.17,80,304.94,280,IBM
2025-11-26,9:33:59.863151206,T,304.51,40,304.94,280,IBM
2025-11-26,9:33:59.863952850,T,304.51,80,304.94,280,IBM
2025-11-26,9:33:59.863962871,T,304.51,120,304.94,280,IBM
2025-11-26,9:33:59.866087937,T,304.51,120,304.94,120,IBM
2025-11-26,9:33:59.868243125,T,304.51,80,304.94,120,IBM
2025-11-26,9:33:59.896690842,T,304.51,40,304.94,120,IBM
2025-11-26,9:34:00.768411275,T,304.51,80,304.94,120,IBM
2025-11-26,9:34:01.483969746,T,304.51,40,304.94,120,IBM
2025-11-26,9:34:01.484350654,T,304.51,80,304.94,120,IBM
2025-11-26,9:34:03.402527155,T,304.51,80,304.94,40,IBM
2025-11-26,9:34:04.974820419,T,304.51,40,304.94,40,IBM
2025-11-26,9:34:05.149265655,T,304.73,40,304.94,40,IBM
2025-11-26,9:34:07.941442938,T,304.73,80,304.94,40,IBM
2025-11-26,9:34:09.435083814,T,304.73,80,305.28,160,IBM
2025-11-26,9:34:09.435610115,T,304.73,40,305.28,160,IBM
2025-11-26,9:34:09.435615115,T,304.68,40,305.28,160,IBM
2025-11-26,9:34:09.435640238,T,304.68,40,304.84,40,IBM
2025-11-26,9:34:09.435680335,T,304.68,40,304.84,80,IBM
2025-11-26,9:34:09.435740439,T,303.76,160,304.84,80,IBM
2025-11-26,9:34:09.435880771,T,304.51,240,304.84,80,IBM
2025-11-26,9:34:09.436412283,T,304.68,40,304.84,80,IBM
2025-11-26,9:34:09.436432176,T,304.68,40,304.84,40,IBM
2025-11-26,9:34:09.436447427,T,303.98,40,304.84,40,IBM
2025-11-26,9:34:09.436457181,T,304.68,240,304.84,40,IBM
2025-11-26,9:34:09.436467176,T,304.68,240,304.73,40,IBM
2025-11-26,9:34:09.436492212,T,304.68,240,304.84,40,IBM
2025-11-26,9:34:09.436502520,T,303.76,160,304.84,40,IBM
2025-11-26,9:34:09.436582461,T,304.62,40,304.84,40,IBM
2025-11-26,9:34:09.436637621,T,304.01,40,304.84,40,IBM
2025-11-26,9:34:09.436687673,T,304.21,40,304.84,40,IBM
2025-11-26,9:34:09.436692721,T,304.24,40,304.84,40,IBM
2025-11-26,9:34:09.436717783,T,304.21,40,304.84,40,IBM
2025-11-26,9:34:09.436732796,T,304.11,40,304.84,40,IBM
2025-11-26,9:34:09.436757827,T,304.02,40,304.84,40,IBM
2025-11-26,9:34:09.436777934,T,304.11,40,304.84,40,IBM
2025-11-26,9:34:09.436813027,T,304.02,40,304.84,40,IBM
2025-11-26,9:34:09.436908178,T,304.03,40,304.84,40,IBM
2025-11-26,9:34:09.437670056,T,304.02,40,304.84,40,IBM
2025-11-26,9:34:09.438095996,T,304.01,40,304.84,40,IBM
2025-11-26,9:34:09.438106026,T,303.98,40,304.84,40,IBM
2025-11-26,9:34:09.438557147,T,304.11,40,304.84,40,IBM
2025-11-26,9:34:09.439479312,T,303.98,40,304.84,40,IBM
2025-11-26,9:34:09.439649712,T,304.01,40,304.84,40,IBM
2025-11-26,9:34:09.439780011,T,303.98,40,304.84,40,IBM
2025-11-26,9:34:09.439810150,T,303.98,40,304.72,40,IBM
2025-11-26,9:34:09.439890360,T,303.98,40,304.69,40,IBM
2025-11-26,9:34:09.439920329,T,303.98,40,304.84,40,IBM
2025-11-26,9:34:09.446656364,T,303.98,40,305.28,160,IBM
2025-11-26,9:34:09.536745868,T,303.76,160,305.28,160,IBM
2025-11-26,9:34:09.796414053,T,304.03,40,305.28,160,IBM
2025-11-26,9:34:11.110427321,T,304.03,80,305.28,160,IBM
2025-11-26,9:34:18.106432716,T,304.03,80,305.28,200,IBM
2025-11-26,9:34:18.106447738,T,304.03,80,305.23,40,IBM
2025-11-26,9:34:18.106527908,T,304.03,80,305.02,40,IBM
2025-11-26,9:34:18.114531968,T,304.03,80,305.28,160,IBM
2025-11-26,9:34:20.396193960,T,304.03,40,305.28,160,IBM
2025-11-26,9:34:22.244519182,T,304.03,40,305.36,40,IBM
2025-11-26,9:34:22.244529206,T,304.03,40,305.02,200,IBM
2025-11-26,9:34:28.327771676,T,304.03,80,305.02,200,IBM
2025-11-26,9:34:30.304372282,T,304.03,40,305.02,200,IBM
2025-11-26,9:34:30.304427616,T,304.03,40,304.91,80,IBM
2025-11-26,9:34:30.304462524,T,304.03,40,304.91,120,IBM
2025-11-26,9:34:30.304472501,T,304.03,80,304.91,120,IBM
2025-11-26,9:34:30.304567728,T,304.03,80,304.91,40,IBM
2025-11-26,9:34:30.304572781,T,304.03,80,305.02,200,IBM
2025-11-26,9:34:30.304602856,T,304.03,120,305.02,200,IBM
2025-11-26,9:34:30.304607894,T,304.1,40,305.02,200,IBM
2025-11-26,9:34:30.304612978,T,304.79,40,305.02,200,IBM
2025-11-26,9:34:30.304617936,T,304.79,40,305.02,240,IBM
2025-11-26,9:34:30.304637953,T,304.1,40,305.02,240,IBM
2025-11-26,9:34:30.304828429,T,304.1,80,305.02,240,IBM
2025-11-26,9:34:30.304888498,T,304.1,40,305.02,240,IBM
2025-11-26,9:34:30.305033925,T,304.1,80,305.02,240,IBM
2025-11-26,9:34:30.305083942,T,304.22,40,305.02,240,IBM
2025-11-26,9:34:30.305098979,T,304.1,80,305.02,240,IBM
2025-11-26,9:34:30.305098979,T,304.1,40,305.02,240,IBM
2025-11-26,9:34:30.305164195,T,304.1,80,305.02,240,IBM
2025-11-26,9:34:30.305189214,T,304.1,40,305.02,240,IBM
2025-11-26,9:34:30.308416939,T,304.1,40,305.02,40,IBM
2025-11-26,9:34:30.308637435,T,304.03,80,305.02,40,IBM
2025-11-26,9:34:30.314601690,T,304.03,40,305.02,40,IBM
2025-11-26,9:34:30.314636757,T,304.03,40,305.58,200,IBM
2025-11-26,9:34:30.320129889,T,304.03,40,305.53,40,IBM
2025-11-26,9:34:30.325156808,T,304.1,40,305.53,40,IBM
2025-11-26,9:34:30.407131900,T,304.2,40,305.53,40,IBM
2025-11-26,9:34:30.407342449,T,304.2,80,305.53,40,IBM
2025-11-26,9:34:30.471540328,T,304.2,80,305.38,40,IBM
2025-11-26,9:34:31.198516086,T,304.2,40,305.38,40,IBM
2025-11-26,9:34:31.856968699,T,304.22,40,305.38,40,IBM
2025-11-26,9:34:31.857179164,T,304.22,80,305.38,40,IBM
2025-11-26,9:34:33.823886250,T,304.22,40,305.38,40,IBM
2025-11-26,9:34:33.824121811,T,304.22,80,305.38,40,IBM
2025-11-26,9:34:40.625067811,T,304.5,40,305.38,40,IBM
2025-11-26,9:34:40.703078554,T,304.52,40,305.38,40,IBM
2025-11-26,9:34:49.731387151,T,304.22,40,305.38,40,IBM
2025-11-26,9:34:51.586428517,T,304.76,80,305.38,40,IBM
2025-11-26,9:34:57.560004832,T,304.77,40,305.38,40,IBM
2025-11-26,9:34:57.560029892,T,304.76,80,305.38,40,IBM
2025-11-26,9:34:57.651502663,T,304.77,40,305.38,40,IBM
2025-11-26,9:35:00.017856149,T,304.91,40,305.38,40,IBM
2025-11-26,9:35:00.019735616,T,304.91,120,305.38,40,IBM
2025-11-26,9:35:00.022141380,T,304.91,200,305.38,40,IBM
2025-11-26,9:35:00.024557055,T,304.91,160,305.38,40,IBM
2025-11-26,9:35:00.026110822,T,304.91,120,305.38,40,IBM
2025-11-26,9:35:00.035292818,T,304.91,80,305.38,40,IBM
2025-11-26,9:35:00.035347751,T,304.91,80,305.16,40,IBM
2025-11-26,9:35:00.040314546,T,304.91,80,305.38,40,IBM
2025-11-26,9:35:09.449625522,T,305.06,80,305.38,40,IBM
2025-11-26,9:35:09.568112519,T,305.15,80,305.38,40,IBM
2025-11-26,9:35:09.568133036,T,305.15,40,305.38,40,IBM
2025-11-26,9:35:09.568133036,T,304.77,40,305.38,40,IBM
2025-11-26,9:35:09.568157695,T,304.77,40,305.27,40,IBM
2025-11-26,9:35:09.601692535,T,304.77,40,305.38,40,IBM
2025-11-26,9:35:18.458658468,T,304.77,40,305.09,40,IBM
2025-11-26,9:35:18.459350045,T,304.41,160,305.09,40,IBM
2025-11-26,9:35:18.462197164,T,304.8,40,305.09,40,IBM
2025-11-26,9:35:18.462197164,T,304.8,40,305.2,80,IBM
2025-11-26,9:35:18.467168749,T,304.8,40,305.2,40,IBM
2025-11-26,9:35:19.917972602,T,304.8,40,305.38,40,IBM
2025-11-26,9:35:19.918669250,T,304.41,160,305.38,40,IBM
2025-11-26,9:35:19.919090238,T,304.81,40,305.38,40,IBM
2025-11-26,9:35:19.919115236,T,304.81,40,305.21,40,IBM
2025-11-26,9:35:19.947838648,T,304.41,160,305.21,40,IBM
2025-11-26,9:35:20.036865657,T,304.41,160,305.38,40,IBM
2025-11-26,9:35:24.867671270,T,305.0,40,305.38,40,IBM
2025-11-26,9:35:29.930669815,T,305.0,80,305.38,40,IBM
2025-11-26,9:35:29.964199604,T,305.0,40,305.38,40,IBM
2025-11-26,9:35:35.607745205,T,304.58,160,305.38,40,IBM
2025-11-26,9:35:35.662244990,T,305.1,40,305.38,40,IBM
2025-11-26,9:35:35.695779863,T,304.58,160,305.38,40,IBM
2025-11-26,9:35:36.502841091,T,305.0,160,305.38,40,IBM
2025-11-26,9:35:51.188728808,T,305.0,160,305.21,40,IBM
2025-11-26,9:35:51.189300165,T,305.01,40,305.21,40,IBM
2025-11-26,9:35:51.189325207,T,305.01,40,305.38,40,IBM
2025-11-26,9:35:51.189706139,T,305.01,40,305.21,40,IBM
2025-11-26,9:35:51.328707014,T,305.01,40,305.38,40,IBM
2025-11-26,9:35:51.372305776,T,305.0,160,305.38,40,IBM
2025-11-26,9:35:51.651971559,T,305.01,160,305.38,40,IBM
2025-11-26,9:35:51.787920227,T,305.02,40,305.38,40,IBM
2025-11-26,9:35:51.788862435,T,305.11,40,305.38,40,IBM
2025-11-26,9:35:51.789403778,T,305.02,40,305.38,40,IBM
2025-11-26,9:35:51.789473889,T,304.58,160,305.38,40,IBM
2025-11-26,9:35:52.768158815,T,305.12,120,305.38,40,IBM
2025-11-26,9:35:55.498518947,T,305.12,160,305.38,40,IBM
2025-11-26,9:36:01.373731073,T,305.12,160,305.38,80,IBM
2025-11-26,9:36:05.856377806,T,305.12,160,305.38,40,IBM
2025-11-26,9:36:05.856382823,T,305.12,160,305.75,160,IBM
2025-11-26,9:36:05.856422864,T,305.13,40,305.75,160,IBM
2025-11-26,9:36:05.856447993,T,305.12,160,305.75,160,IBM
2025-11-26,9:36:05.856608394,T,305.12,40,305.75,160,IBM
2025-11-26,9:36:05.856688478,T,305.13,40,305.75,160,IBM
2025-11-26,9:36:05.857290004,T,305.13,40,305.54,40,IBM
2025-11-26,9:36:05.857330007,T,305.2,40,305.54,40,IBM
2025-11-26,9:36:05.859274706,T,305.13,40,305.54,40,IBM
2025-11-26,9:36:05.999568616,T,305.37,160,305.54,40,IBM
2025-11-26,9:36:06.062638759,T,305.37,160,305.43,40,IBM
2025-11-26,9:36:06.062673839,T,305.37,160,305.43,80,IBM
2025-11-26,9:36:06.062693923,T,305.37,160,305.43,40,IBM
2025-11-26,9:36:06.062693923,T,305.37,160,305.75,160,IBM
2025-11-26,9:36:06.062709004,T,305.37,160,305.75,200,IBM
2025-11-26,9:36:06.062713939,T,305.37,160,305.75,160,IBM
2025-11-26,9:36:06.712751432,T,305.37,160,305.87,40,IBM
2025-11-26,9:36:06.714034488,T,305.37,160,305.92,200,IBM
2025-11-26,9:36:06.714064602,T,305.37,160,305.92,160,IBM
2025-11-26,9:36:06.719327238,T,305.48,160,305.92,160,IBM
2025-11-26,9:36:07.733997893,T,305.51,40,305.92,160,IBM
2025-11-26,9:36:07.982940570,T,305.51,40,306.0,40,IBM
2025-11-26,9:36:07.982965586,T,305.51,40,306.14,160,IBM
2025-11-26,9:36:07.982995720,T,305.51,40,306.14,200,IBM
2025-11-26,9:36:07.988654100,T,305.48,160,306.14,200,IBM
2025-11-26,9:36:08.275847799,T,305.48,160,306.0,40,IBM
2025-11-26,9:36:08.275887938,T,305.48,160,305.74,40,IBM
2025-11-26,9:36:08.276063321,T,305.48,160,306.0,40,IBM
2025-11-26,9:36:08.276063321,T,305.48,160,305.64,40,IBM
2025-11-26,9:36:08.280273377,T,305.48,160,306.0,40,IBM
2025-11-26,9:36:08.280403660,T,305.48,160,306.1,40,IBM
2025-11-26,9:36:09.236965832,T,305.49,40,306.1,40,IBM
2025-11-26,9:36:14.736222991,T,305.48,160,306.1,40,IBM
2025-11-26,9:36:14.736243423,T,304.95,160,306.1,40,IBM
2025-11-26,9:36:14.736252882,T,304.95,160,305.66,40,IBM
2025-11-26,9:36:14.736267963,T,304.95,160,305.5,80,IBM
2025-11-26,9:36:14.736303103,T,304.95,160,305.63,40,IBM
2025-11-26,9:36:14.736348187,T,305.12,40,305.63,40,IBM
2025-11-26,9:36:14.736538590,T,305.13,40,305.63,40,IBM
2025-11-26,9:36:14.736578725,T,305.13,40,305.63,80,IBM
2025-11-26,9:36:14.736613785,T,305.19,40,305.63,80,IBM
2025-11-26,9:36:14.737360508,T,305.13,40,305.63,80,IBM
2025-11-26,9:36:14.737400678,T,305.13,40,305.63,40,IBM
2025-11-26,9:36:14.743755819,T,305.32,40,305.63,40,IBM
2025-11-26,9:36:14.746647725,T,305.32,40,306.0,40,IBM
2025-11-26,9:36:15.742839301,T,305.32,40,305.97,160,IBM
2025-11-26,9:36:17.445372427,T,304.95,160,305.97,160,IBM
2025-11-26,9:36:18.959261741,T,304.95,160,305.62,40,IBM
2025-11-26,9:36:18.959291785,T,304.95,160,305.97,160,IBM
2025-11-26,9:36:18.959296790,T,304.95,160,305.48,40,IBM
2025-11-26,9:36:18.959817970,T,304.95,160,305.48,80,IBM
2025-11-26,9:36:18.960128708,T,304.95,160,305.48,40,IBM
2025-11-26,9:36:30.242713968,T,305.32,80,305.48,40,IBM
2025-11-26,9:36:30.243525865,T,305.32,200,305.48,40,IBM
2025-11-26,9:36:31.354771553,T,305.32,200,305.97,160,IBM
2025-11-26,9:36:31.354811640,T,305.32,200,305.83,40,IBM
2025-11-26,9:36:31.354826699,T,305.32,240,305.83,40,IBM
2025-11-26,9:36:31.354836724,T,305.32,200,305.83,40,IBM
2025-11-26,9:36:31.355017152,T,305.32,200,305.97,160,IBM
2025-11-26,9:36:31.355252806,T,305.32,200,305.83,400,IBM
2025-11-26,9:36:31.355272761,T,305.32,200,305.97,160,IBM
2025-11-26,9:36:31.355292696,T,305.32,240,305.97,160,IBM
2025-11-26,9:36:31.355297755,T,305.32,240,305.47,400,IBM
2025-11-26,9:36:31.355317782,T,305.32,200,305.47,400,IBM
2025-11-26,9:36:31.355322865,T,305.45,120,305.47,400,IBM
2025-11-26,9:36:31.355332812,T,305.45,80,305.47,400,IBM
2025-11-26,9:36:31.355337977,T,305.45,80,305.47,360,IBM
2025-11-26,9:36:31.355363073,T,305.45,80,305.88,40,IBM
2025-11-26,9:36:31.355363073,T,305.45,80,305.97,160,IBM
2025-11-26,9:36:31.355372947,T,305.32,80,305.97,160,IBM
2025-11-26,9:36:31.355423119,T,305.32,80,305.82,40,IBM
2025-11-26,9:36:31.356119666,T,305.33,40,305.82,40,IBM
2025-11-26,9:36:31.356420473,T,305.33,40,305.83,40,IBM
2025-11-26,9:36:31.356460494,T,305.33,40,305.82,40,IBM
2025-11-26,9:36:31.360399883,T,305.33,40,305.83,40,IBM
2025-11-26,9:36:31.363437174,T,305.32,80,305.83,40,IBM
2025-11-26,9:36:31.455611623,T,305.32,80,305.97,200,IBM
2025-11-26,9:36:31.455631629,T,305.32,80,305.97,160,IBM
2025-11-26,9:36:37.340005485,T,305.32,80,305.97,200,IBM
2025-11-26,9:36:37.340035537,T,305.32,80,305.97,160,IBM
2025-11-26,9:36:39.412093531,T,305.32,120,305.97,160,IBM
2025-11-26,9:36:39.420192768,T,305.32,80,305.97,160,IBM
2025-11-26,9:36:39.420704004,T,305.55,40,305.97,160,IBM
2025-11-26,9:36:44.288537854,T,305.55,40,306.0,40,IBM
2025-11-26,9:36:44.288562963,T,305.55,40,306.1,40,IBM
2025-11-26,9:36:44.288617984,T,305.42,40,306.1,40,IBM
2025-11-26,9:36:44.292447136,T,305.15,200,306.1,40,IBM
2025-11-26,9:36:44.830097095,T,305.39,40,306.1,40,IBM
2025-11-26,9:36:44.830292594,T,305.45,40,306.1,40,IBM
2025-11-26,9:36:44.830442940,T,305.48,40,306.1,40,IBM
2025-11-26,9:36:44.830593346,T,305.48,40,306.14,200,IBM
2025-11-26,9:36:44.831335020,T,305.45,40,306.14,200,IBM
2025-11-26,9:36:44.832027040,T,305.45,40,306.0,40,IBM
2025-11-26,9:36:44.834662978,T,305.23,40,306.0,40,IBM
2025-11-26,9:36:44.835845812,T,305.56,80,306.0,40,IBM
2025-11-26,9:36:44.850465670,T,305.56,80,306.0,80,IBM
2025-11-26,9:36:44.968451454,T,305.56,120,306.0,80,IBM
2025-11-26,9:36:45.977859587,T,305.69,40,306.0,80,IBM
2025-11-26,9:36:45.977894719,T,305.69,40,306.0,40,IBM
2025-11-26,9:36:45.978656504,T,305.69,80,306.0,40,IBM
2025-11-26,9:36:45.979067442,T,305.69,80,306.14,200,IBM
2025-11-26,9:36:46.011394406,T,305.69,40,306.14,200,IBM
2025-11-26,9:36:48.964655366,T,305.69,40,306.14,40,IBM
2025-11-26,9:36:48.964680480,T,305.69,40,306.21,40,IBM
2025-11-26,9:36:52.860620296,T,305.69,40,306.3,200,IBM
2025-11-26,9:36:52.860640416,T,305.83,40,306.3,200,IBM
2025-11-26,9:36:52.860660448,T,305.83,40,306.3,160,IBM
2025-11-26,9:36:52.860840898,T,305.69,40,306.3,160,IBM
2025-11-26,9:36:52.860865987,T,305.69,40,306.0,40,IBM
2025-11-26,9:36:52.861522501,T,305.83,40,306.0,40,IBM
2025-11-26,9:36:52.862444640,T,305.34,40,306.0,40,IBM
2025-11-26,9:36:52.862469766,T,305.34,40,305.94,40,IBM
2025-11-26,9:36:52.862489743,T,305.34,40,306.3,200,IBM
2025-11-26,9:36:52.862489743,T,305.34,40,305.89,40,IBM
2025-11-26,9:36:52.862499854,T,305.34,40,305.89,80,IBM
2025-11-26,9:36:52.862940857,T,305.16,40,305.89,80,IBM
2025-11-26,9:36:52.862970931,T,305.16,40,305.89,40,IBM
2025-11-26,9:36:52.862970931,T,305.16,40,305.88,40,IBM
2025-11-26,9:36:52.863477195,T,305.16,40,305.89,40,IBM
2025-11-26,9:36:52.863477195,T,305.16,40,305.88,40,IBM
2025-11-26,9:36:52.867170969,T,305.16,40,305.89,40,IBM
2025-11-26,9:36:52.896004573,T,305.16,40,306.0,40,IBM
2025-11-26,9:36:55.509646863,T,305.16,40,305.86,40,IBM
2025-11-26,9:36:56.291763867,T,305.3,160,305.86,40,IBM
2025-11-26,9:36:56.291803875,T,305.3,160,305.86,80,IBM
2025-11-26,9:36:57.265887943,T,305.3,160,305.86,40,IBM
2025-11-26,9:36:58.834271850,T,305.3,160,306.0,40,IBM
2025-11-26,9:36:59.578613809,T,305.3,160,306.0,80,IBM
2025-11-26,9:37:01.581366854,T,305.3,160,306.0,40,IBM
2025-11-26,9:37:05.323896640,T,305.3,160,305.86,40,IBM
2025-11-26,9:37:05.323911652,T,305.3,160,306.27,40,IBM
2025-11-26,9:37:05.323926688,T,305.3,160,305.85,40,IBM
2025-11-26,9:37:05.324267500,T,305.3,160,305.85,80,IBM
2025-11-26,9:37:05.325515402,T,305.3,160,305.85,160,IBM
2025-11-26,9:37:05.325540513,T,305.3,160,305.85,200,IBM
2025-11-26,9:37:05.336215981,T,305.3,160,305.85,160,IBM
2025-11-26,9:37:05.375915420,T,305.3,160,305.85,80,IBM
2025-11-26,9:37:05.947937220,T,305.3,160,305.85,40,IBM
2025-11-26,9:37:05.952503125,T,305.45,40,305.85,40,IBM
2025-11-26,9:37:06.812089469,T,305.3,160,305.85,40,IBM
2025-11-26,9:37:06.952328348,T,305.3,160,305.85,80,IBM
2025-11-26,9:37:12.601908326,T,305.3,160,305.85,40,IBM
2025-11-26,9:37:12.761548344,T,305.3,160,305.85,120,IBM
2025-11-26,9:37:13.604264518,T,305.3,160,305.85,160,IBM
2025-11-26,9:37:16.015996067,T,305.3,160,305.85,80,IBM
2025-11-26,9:37:17.963572822,T,305.3,160,305.85,40,IBM
2025-11-26,9:37:17.963673083,T,305.3,160,306.0,40,IBM
2025-11-26,9:37:22.282685078,T,305.3,160,306.0,80,IBM
2025-11-26,9:37:24.159588352,T,305.7,80,306.0,80,IBM
2025-11-26,9:37:27.115696318,T,305.7,80,306.0,40,IBM
2025-11-26,9:37:27.115731110,T,305.7,80,306.3,200,IBM
2025-11-26,9:37:27.115741100,T,305.7,120,306.3,200,IBM
2025-11-26,9:37:27.115926527,T,305.7,160,306.3,200,IBM
2025-11-26,9:37:27.116086966,T,305.7,120,306.3,200,IBM
2025-11-26,9:37:27.116467820,T,305.7,160,306.3,200,IBM
2025-11-26,9:37:27.149481458,T,305.7,120,306.3,200,IBM
2025-11-26,9:37:27.153100079,T,305.7,160,306.3,200,IBM
2025-11-26,9:37:27.486142978,T,305.7,200,306.3,200,IBM
2025-11-26,9:37:27.490357920,T,305.7,160,306.3,200,IBM
2025-11-26,9:37:27.837148465,T,305.7,120,306.3,200,IBM
2025-11-26,9:37:29.491702548,T,305.7,80,306.3,200,IBM
2025-11-26,9:37:30.690170689,T,305.7,80,306.27,40,IBM
2025-11-26,9:37:39.519646020,T,305.72,80,306.27,40,IBM
2025-11-26,9:37:43.328338119,T,305.72,80,306.3,200,IBM
2025-11-26,9:37:43.328593745,T,305.72,80,306.27,40,IBM
2025-11-26,9:37:43.328623901,T,305.72,80,305.93,40,IBM
2025-11-26,9:37:43.329721422,T,305.72,80,305.93,120,IBM
2025-11-26,9:37:43.343825000,T,305.72,80,305.93,80,IBM
2025-11-26,9:37:51.603358660,T,305.72,80,305.92,40,IBM
2025-11-26,9:37:51.603393397,T,305.72,40,305.92,40,IBM
2025-11-26,9:37:51.603413608,T,305.3,160,305.92,40,IBM
2025-11-26,9:37:51.603433576,T,305.3,160,305.93,80,IBM
2025-11-26,9:37:51.603438604,T,305.3,160,305.86,40,IBM
2025-11-26,9:37:51.603583882,T,305.3,160,305.79,40,IBM
2025-11-26,9:37:51.611683218,T,305.3,160,305.86,40,IBM
2025-11-26,9:37:51.852541539,T,305.4,40,305.86,40,IBM
2025-11-26,9:37:53.378243872,T,305.4,40,305.93,80,IBM
2025-11-26,9:37:54.609750683,T,305.65,40,305.93,80,IBM
2025-11-26,9:37:57.688109529,T,305.4,40,305.93,80,IBM
2025-11-26,9:37:57.688124463,T,305.4,40,305.92,40,IBM
2025-11-26,9:37:57.688134533,T,305.4,40,305.79,40,IBM
2025-11-26,9:37:57.721669362,T,305.4,40,305.82,40,IBM
2025-11-26,9:37:59.742615591,T,305.4,40,305.82,80,IBM
2025-11-26,9:38:04.309362581,T,305.4,40,305.79,120,IBM
2025-11-26,9:38:04.459164293,T,305.4,40,305.82,40,IBM
2025-11-26,9:38:04.459379793,T,305.4,40,305.82,80,IBM
2025-11-26,9:38:05.587816058,T,305.4,40,305.82,40,IBM
2025-11-26,9:38:05.587816058,T,305.4,40,305.72,40,IBM
2025-11-26,9:38:05.588467667,T,305.4,40,305.93,120,IBM
2025-11-26,9:38:05.588572863,T,305.4,40,305.72,40,IBM
2025-11-26,9:38:05.589840913,T,305.4,40,305.72,80,IBM
2025-11-26,9:38:05.595860203,T,305.4,40,305.72,40,IBM
2025-11-26,9:38:11.718691878,T,305.42,40,305.72,40,IBM
2025-11-26,9:38:13.440205223,T,305.4,40,305.72,40,IBM
2025-11-26,9:38:13.921180262,T,305.4,40,305.59,40,IBM
2025-11-26,9:38:13.921491065,T,305.4,40,305.59,80,IBM
2025-11-26,9:38:13.921786754,T,305.4,40,305.59,40,IBM
2025-11-26,9:38:13.921811857,T,305.4,40,305.72,80,IBM
2025-11-26,9:38:13.921942063,T,305.4,40,305.59,40,IBM
2025-11-26,9:38:13.922187720,T,305.1,160,305.59,40,IBM
2025-11-26,9:38:13.922438254,T,305.1,160,305.5,40,IBM
2025-11-26,9:38:13.922959538,T,304.89,40,305.5,40,IBM
2025-11-26,9:38:13.922994612,T,304.88,360,305.5,40,IBM
2025-11-26,9:38:13.923019705,T,304.88,320,305.5,40,IBM
2025-11-26,9:38:13.927009210,T,304.88,320,305.72,40,IBM
2025-11-26,9:38:13.954780250,T,304.88,320,305.87,40,IBM
2025-11-26,9:38:14.167847486,T,305.02,80,305.87,40,IBM
2025-11-26,9:38:14.173866830,T,304.88,320,305.87,40,IBM
2025-11-26,9:38:14.926608910,T,304.88,320,305.79,40,IBM
2025-11-26,9:38:21.466247630,T,304.88,320,305.87,40,IBM
2025-11-26,9:38:26.518971658,T,304.88,320,305.93,120,IBM
2025-11-26,9:38:26.701290694,T,305.04,80,305.93,120,IBM
2025-11-26,9:38:26.701551304,T,305.04,160,305.93,120,IBM
2025-11-26,9:38:26.701781824,T,305.22,40,305.93,120,IBM
2025-11-26,9:38:26.706843875,T,305.05,80,305.93,120,IBM
2025-11-26,9:38:26.707054380,T,305.05,120,305.93,120,IBM
2025-11-26,9:38:26.735321653,T,305.05,80,305.93,120,IBM
2025-11-26,9:38:26.801789972,T,305.05,40,305.93,120,IBM
2025-11-26,9:38:27.409987837,T,305.05,80,305.93,120,IBM
2025-11-26,9:38:31.178444457,T,305.06,80,305.93,120,IBM
2025-11-26,9:38:31.178955560,T,305.06,120,305.93,120,IBM
2025-11-26,9:38:32.681171960,T,305.06,120,305.93,80,IBM
2025-11-26,9:38:32.686975704,T,305.06,80,305.93,80,IBM
2025-11-26,9:38:32.709524436,T,305.17,40,305.93,80,IBM
2025-11-26,9:38:32.709539498,T,305.16,40,305.93,80,IBM
2025-11-26,9:38:32.709739967,T,305.17,40,305.93,80,IBM
2025-11-26,9:38:32.715428561,T,305.17,80,305.93,80,IBM
2025-11-26,9:38:32.719072312,T,305.17,40,305.93,80,IBM
2025-11-26,9:38:32.723542782,T,305.07,40,305.93,80,IBM
2025-11-26,9:38:32.728845430,T,305.16,80,305.93,80,IBM
2025-11-26,9:38:32.803127277,T,305.16,40,305.93,80,IBM
2025-11-26,9:38:33.551764550,T,305.24,40,305.93,80,IBM
2025-11-26,9:38:33.551974937,T,305.24,80,305.93,80,IBM
2025-11-26,9:38:36.484772096,T,305.24,40,305.93,80,IBM
2025-11-26,9:38:37.310572975,T,305.24,160,305.93,80,IBM
2025-11-26,9:38:50.765018816,T,305.24,120,305.93,80,IBM
2025-11-26,9:38:50.765244355,T,305.07,40,305.93,80,IBM
2025-11-26,9:38:50.852025891,T,305.06,80,305.93,80,IBM
2025-11-26,9:38:53.005918584,T,305.07,40,305.93,80,IBM
2025-11-26,9:38:54.712621634,T,305.25,40,305.93,80,IBM
2025-11-26,9:38:54.712621634,T,305.44,40,305.93,80,IBM
2025-11-26,9:38:54.733982515,T,305.44,80,305.93,80,IBM
2025-11-26,9:38:54.746156492,T,305.44,40,305.93,80,IBM
2025-11-26,9:38:55.862554285,T,305.44,80,305.93,80,IBM
2025-11-26,9:38:57.172046791,T,305.44,200,305.93,80,IBM
2025-11-26,9:38:59.909493893,T,305.44,160,305.93,80,IBM
2025-11-26,9:39:01.572598306,T,305.44,200,305.93,80,IBM
2025-11-26,9:39:02.983472030,T,305.44,160,305.93,80,IBM
2025-11-26,9:39:11.505450638,T,305.44,120,305.93,80,IBM
2025-11-26,9:39:11.505450638,T,305.44,80,305.93,80,IBM
2025-11-26,9:39:11.505450638,T,305.44,40,305.93,80,IBM
2025-11-26,9:39:11.505460561,T,305.44,80,305.93,80,IBM
2025-11-26,9:39:11.505460561,T,305.44,40,305.93,80,IBM
2025-11-26,9:39:11.505465371,T,305.06,80,305.93,80,IBM
2025-11-26,9:39:11.505475388,T,305.06,80,305.62,40,IBM
2025-11-26,9:39:11.505485513,T,305.06,80,305.53,40,IBM
2025-11-26,9:39:11.505976625,T,305.06,80,305.53,80,IBM
2025-11-26,9:39:11.506297345,T,305.3,40,305.53,80,IBM
2025-11-26,9:39:11.506332506,T,305.3,40,305.53,40,IBM
2025-11-26,9:39:11.518511455,T,305.3,40,305.93,80,IBM
2025-11-26,9:39:11.519674197,T,305.3,40,305.71,40,IBM
2025-11-26,9:39:11.751400889,T,305.3,40,305.93,80,IBM
2025-11-26,9:39:17.738063293,T,305.06,80,305.93,80,IBM
2025-11-26,9:39:17.738073312,T,305.06,80,305.61,40,IBM
2025-11-26,9:39:17.738083524,T,305.06,80,305.46,40,IBM
2025-11-26,9:39:17.738654685,T,305.06,80,305.46,80,IBM
2025-11-26,9:39:17.738900275,T,305.15,80,305.46,80,IBM
2025-11-26,9:39:17.738920370,T,305.15,80,305.46,40,IBM
2025-11-26,9:39:21.194702451,T,304.88,320,305.46,40,IBM
2025-11-26,9:39:21.194722523,T,304.88,320,305.31,40,IBM
2025-11-26,9:39:21.194963071,T,304.88,320,305.31,80,IBM
2025-11-26,9:39:21.228257433,T,304.88,320,305.31,40,IBM
2025-11-26,9:39:27.359909969,T,304.88,320,305.61,40,IBM
2025-11-26,9:39:27.359929939,T,305.0,40,305.61,40,IBM
2025-11-26,9:39:27.360200664,T,305.15,40,305.61,40,IBM
2025-11-26,9:39:27.364415692,T,305.0,40,305.61,40,IBM
2025-11-26,9:39:27.387405360,T,305.25,40,305.61,40,IBM
2025-11-26,9:39:27.696536286,T,305.25,40,305.71,40,IBM
2025-11-26,9:39:27.784996902,T,304.88,360,305.71,40,IBM
2025-11-26,9:39:27.941644768,T,304.88,360,305.77,40,IBM
2025-11-26,9:39:27.995608287,T,304.88,320,305.77,40,IBM
2025-11-26,9:39:44.225601841,T,305.25,40,305.77,40,IBM
2025-11-26,9:39:44.225601841,T,305.27,40,305.77,40,IBM
2025-11-26,9:39:44.225646909,T,305.27,40,305.71,40,IBM
2025-11-26,9:39:44.225682077,T,304.89,40,305.71,40,IBM
2025-11-26,9:39:44.226343694,T,304.88,360,305.71,40,IBM
2025-11-26,9:39:44.226719560,T,304.89,40,305.71,40,IBM
2025-11-26,9:39:44.325655049,T,304.88,320,305.71,40,IBM
2025-11-26,9:39:54.628377574,T,304.88,320,305.77,40,IBM
2025-11-26,9:39:54.628407594,T,305.36,40,305.77,40,IBM
2025-11-26,9:39:54.628908856,T,305.36,40,305.81,200,IBM
2025-11-26,9:39:54.629169459,T,305.36,80,305.81,200,IBM
2025-11-26,9:39:54.629204499,T,305.36,80,305.81,160,IBM
2025-11-26,9:39:54.630362314,T,305.36,80,305.87,40,IBM
2025-11-26,9:39:54.630397337,T,305.36,80,305.93,120,IBM
2025-11-26,9:39:54.633444702,T,305.36,40,305.93,120,IBM
2025-11-26,9:39:54.635795279,T,305.27,40,305.93,120,IBM
2025-11-26,9:39:54.635835273,T,305.18,40,305.93,120,IBM
2025-11-26,9:39:54.640822149,T,305.27,40,305.93,120,IBM
2025-11-26,9:39:54.641002632,T,305.44,40,305.93,120,IBM
2025-11-26,9:39:54.641017743,T,305.45,40,305.93,120,IBM
2025-11-26,9:39:54.641278289,T,305.36,40,305.93,120,IBM
2025-11-26,9:39:54.641313397,T,305.44,40,305.93,120,IBM
2025-11-26,9:39:54.641403513,T,305.44,40,305.93,80,IBM
2025-11-26,9:39:54.641428607,T,305.45,40,305.93,80,IBM
2025-11-26,9:39:54.641443850,T,305.46,40,305.93,80,IBM
2025-11-26,9:39:54.645819040,T,305.58,40,305.93,80,IBM
2025-11-26,9:39:54.650390023,T,305.46,80,305.93,80,IBM
2025-11-26,9:39:54.660764617,T,305.46,40,305.93,80,IBM
2025-11-26,9:39:54.674973501,T,305.45,40,305.93,80,IBM
2025-11-26,9:39:54.741090919,T,305.36,40,305.93,80,IBM
2025-11-26,9:39:54.741531946,T,305.19,40,305.93,80,IBM
2025-11-26,9:39:54.872704240,T,305.18,40,305.93,80,IBM
2025-11-26,9:39:55.163441410,T,305.57,40,305.93,80,IBM
2025-11-26,9:39:55.628698992,T,305.57,80,305.93,80,IBM
2025-11-26,9:39:55.629210571,T,305.6,40,305.93,80,IBM
2025-11-26,9:39:55.629215216,T,305.61,40,305.93,80,IBM
2025-11-26,9:39:55.639499685,T,305.61,80,305.93,80,IBM
2025-11-26,9:39:55.662745046,T,305.61,40,305.93,80,IBM
2025-11-26,9:39:55.663301407,T,305.62,40,305.93,80,IBM
2025-11-26,9:39:55.664258701,T,305.62,80,305.93,80,IBM
2025-11-26,9:39:55.730020247,T,305.63,40,305.93,80,IBM
2025-11-26,9:39:55.730631701,T,305.63,80,305.93,80,IBM
2025-11-26,9:39:55.838939599,T,305.63,80,306.0,40,IBM
2025-11-26,9:39:55.839896817,T,305.64,40,306.0,40,IBM
2025-11-26,9:39:55.976747615,T,305.65,40,306.0,40,IBM
2025-11-26,9:39:56.634453581,T,305.19,40,306.0,40,IBM
2025-11-26,9:39:56.805154962,T,305.18,40,306.0,40,IBM
2025-11-26,9:39:56.805530778,T,305.19,40,306.0,40,IBM
2025-11-26,9:39:56.813374526,T,305.18,40,306.0,40,IBM
2025-11-26,9:39:56.813755446,T,305.19,40,306.0,40,IBM
2025-11-26,9:39:56.841005264,T,305.18,40,306.0,40,IBM
2025-11-26,9:39:56.841391180,T,305.19,40,306.0,40,IBM
2025-11-26,9:39:58.044500252,T,305.23,160,306.0,40,IBM
2025-11-26,9:40:02.516045845,T,305.19,40,306.0,40,IBM
2025-11-26,9:40:02.516050821,T,305.38,160,306.0,40,IBM
2025-11-26,9:40:02.757485625,T,305.38,160,306.17,40,IBM
2025-11-26,9:40:02.757911685,T,305.65,40,306.17,40,IBM
2025-11-26,9:40:02.758237409,T,305.72,40,306.17,40,IBM
2025-11-26,9:40:02.758257445,T,305.72,40,306.19,160,IBM
2025-11-26,9:40:02.758282503,T,305.85,40,306.19,160,IBM
2025-11-26,9:40:02.758352682,T,305.92,40,306.19,160,IBM
2025-11-26,9:40:02.758508164,T,305.92,40,306.53,40,IBM
2025-11-26,9:40:02.758518134,T,305.92,40,306.38,200,IBM
2025-11-26,9:40:02.758668498,T,305.92,80,306.38,200,IBM
2025-11-26,9:40:02.758678453,T,305.92,120,306.38,200,IBM
2025-11-26,9:40:02.758853889,T,305.92,80,306.38,200,IBM
2025-11-26,9:40:02.758979210,T,305.92,80,306.38,240,IBM
2025-11-26,9:40:02.758979210,T,305.92,80,306.12,40,IBM
2025-11-26,9:40:02.763129056,T,305.92,80,306.38,240,IBM
2025-11-26,9:40:02.764026407,T,305.92,80,306.38,200,IBM
2025-11-26,9:40:02.808557276,T,305.92,40,306.38,200,IBM
2025-11-26,9:40:02.837626393,T,305.92,40,306.12,80,IBM
2025-11-26,9:40:02.891239001,T,305.92,120,306.12,80,IBM
2025-11-26,9:40:02.891254113,T,305.92,80,306.12,80,IBM
2025-11-26,9:40:03.764041840,T,305.92,80,306.38,200,IBM
2025-11-26,9:40:03.764061841,T,305.99,40,306.38,200,IBM
2025-11-26,9:40:03.764086869,T,305.92,40,306.38,200,IBM
2025-11-26,9:40:03.764322452,T,305.92,80,306.38,200,IBM
2025-11-26,9:40:03.764432702,T,306.05,40,306.38,200,IBM
2025-11-26,9:40:03.768512413,T,305.92,40,306.38,200,IBM
2025-11-26,9:40:03.768733047,T,305.92,40,306.55,40,IBM
2025-11-26,9:40:03.769875682,T,305.92,40,306.58,200,IBM
2025-11-26,9:40:03.780876891,T,305.49,40,306.58,200,IBM
2025-11-26,9:40:03.781673830,T,305.75,80,306.58,200,IBM
2025-11-26,9:40:03.781884256,T,305.75,120,306.58,200,IBM
2025-11-26,9:40:03.865768946,T,305.75,80,306.58,200,IBM
2025-11-26,9:40:04.104397082,T,305.83,80,306.58,200,IBM
2025-11-26,9:40:04.764468371,T,305.83,80,306.55,40,IBM
2025-11-26,9:40:04.764493491,T,305.83,80,306.58,200,IBM
2025-11-26,9:40:04.765721432,T,305.84,40,306.58,200,IBM
2025-11-26,9:40:07.174245564,T,306.05,40,306.58,200,IBM
2025-11-26,9:40:07.174260553,T,305.84,40,306.58,200,IBM
2025-11-26,9:40:07.174380883,T,306.02,80,306.58,200,IBM
2025-11-26,9:40:07.174466082,T,306.05,40,306.58,200,IBM
2025-11-26,9:40:07.174646457,T,306.12,40,306.58,200,IBM
2025-11-26,9:40:07.174781748,T,306.05,40,306.58,200,IBM
2025-11-26,9:40:07.174781748,T,306.12,40,306.58,200,IBM
2025-11-26,9:40:07.174867000,T,306.12,80,306.58,200,IBM
2025-11-26,9:40:07.179463059,T,306.14,40,306.58,200,IBM
2025-11-26,9:40:07.179688438,T,306.14,80,306.58,200,IBM
2025-11-26,9:40:07.185863101,T,306.14,40,306.58,200,IBM
2025-11-26,9:40:07.186078682,T,306.14,80,306.58,200,IBM
2025-11-26,9:40:07.198488167,T,306.14,80,306.76,40,IBM
2025-11-26,9:40:07.285420149,T,306.14,40,306.76,40,IBM
2025-11-26,9:40:07.286217030,T,306.14,80,306.76,40,IBM
2025-11-26,9:40:07.286232092,T,306.14,160,306.76,40,IBM
2025-11-26,9:40:07.287475042,T,306.14,160,306.77,160,IBM
2025-11-26,9:40:07.287510142,T,306.14,160,306.77,200,IBM
2025-11-26,9:40:07.523406762,T,306.14,160,306.72,40,IBM
2025-11-26,9:40:07.523406762,T,306.14,160,306.54,40,IBM
2025-11-26,9:40:07.556941544,T,306.14,160,306.77,200,IBM
2025-11-26,9:40:07.556961629,T,306.14,160,306.77,160,IBM
2025-11-26,9:40:08.145512691,T,306.14,80,306.77,160,IBM
2025-11-26,9:40:08.174652081,T,306.14,80,306.4,40,IBM
2025-11-26,9:40:10.060496599,T,306.14,160,306.4,40,IBM
2025-11-26,9:40:15.808616083,T,306.14,120,306.4,40,IBM
2025-11-26,9:40:19.183701137,T,306.14,120,306.4,120,IBM
2025-11-26,9:40:19.184192292,T,306.2,40,306.4,120,IBM
2025-11-26,9:40:19.287352858,T,306.14,120,306.4,120,IBM
2025-11-26,9:40:19.287377892,T,306.14,120,306.3,40,IBM
2025-11-26,9:40:19.287818978,T,306.14,80,306.3,40,IBM
2025-11-26,9:40:19.287818978,T,305.75,160,306.3,40,IBM
2025-11-26,9:40:19.287843950,T,305.75,160,306.15,80,IBM
2025-11-26,9:40:19.288164780,T,305.75,160,306.14,80,IBM
2025-11-26,9:40:19.288445455,T,305.75,160,306.3,40,IBM
2025-11-26,9:40:19.288540622,T,305.75,160,306.3,120,IBM
2025-11-26,9:40:19.288565751,T,305.75,160,306.28,40,IBM
2025-11-26,9:40:19.288876487,T,305.75,160,306.3,80,IBM
2025-11-26,9:40:19.288936634,T,305.75,160,306.14,40,IBM
2025-11-26,9:40:19.327578562,T,305.83,40,306.14,40,IBM
2025-11-26,9:40:19.355144252,T,305.75,160,306.14,40,IBM
2025-11-26,9:40:19.355179282,T,305.84,40,306.14,40,IBM
2025-11-26,9:40:19.355645462,T,305.84,80,306.14,40,IBM
2025-11-26,9:40:19.384113242,T,305.84,40,306.14,40,IBM
2025-11-26,9:40:19.384148274,T,305.85,40,306.14,40,IBM
2025-11-26,9:40:19.549567080,T,305.85,80,306.14,40,IBM
2025-11-26,9:40:20.288496153,T,305.85,80,306.4,80,IBM
2025-11-26,9:40:20.475927368,T,305.99,40,306.4,80,IBM
2025-11-26,9:40:20.476734382,T,305.99,80,306.4,80,IBM
2025-11-26,9:40:20.477736705,T,305.99,120,306.4,80,IBM
2025-11-26,9:40:20.509462216,T,305.99,80,306.4,80,IBM
2025-11-26,9:40:20.537042875,T,305.99,120,306.4,80,IBM
2025-11-26,9:40:21.476324070,T,305.99,120,306.4,120,IBM
2025-11-26,9:40:24.014471530,T,305.99,120,306.4,40,IBM
2025-11-26,9:40:31.176898249,T,306.0,40,306.4,40,IBM
2025-11-26,9:40:31.178111189,T,306.0,40,306.4,80,IBM
2025-11-26,9:40:31.178206347,T,305.99,120,306.4,80,IBM
2025-11-26,9:40:31.241532168,T,305.99,120,306.4,40,IBM
2025-11-26,9:40:31.242118526,T,305.99,120,306.4,80,IBM
2025-11-26,9:40:31.502563615,T,305.99,120,306.4,40,IBM
2025-11-26,9:40:34.797678185,T,305.99,120,306.4,120,IBM
2025-11-26,9:40:35.263532229,T,305.99,120,306.4,40,IBM
2025-11-26,9:40:35.589087346,T,306.05,40,306.4,40,IBM
2025-11-26,9:40:35.589107324,T,306.05,80,306.4,40,IBM
2025-11-26,9:40:36.524819921,T,306.05,80,306.38,40,IBM
2025-11-26,9:40:36.525576751,T,306.05,80,306.38,80,IBM
2025-11-26,9:40:36.525606805,T,306.05,80,306.38,120,IBM
2025-11-26,9:40:36.570453555,T,306.05,80,306.38,80,IBM
2025-11-26,9:40:38.371681855,T,306.05,40,306.38,80,IBM
2025-11-26,9:40:39.494003735,T,306.05,200,306.38,80,IBM
2025-11-26,9:40:45.025803341,T,306.05,200,306.38,40,IBM
2025-11-26,9:40:45.025818375,T,306.06,40,306.38,40,IBM
2025-11-26,9:40:45.025823312,T,306.06,40,306.62,40,IBM
2025-11-26,9:40:45.025833339,T,306.06,40,306.77,200,IBM
2025-11-26,9:40:45.025858606,T,306.06,80,306.77,200,IBM
2025-11-26,9:40:45.025903577,T,306.06,80,306.72,40,IBM
2025-11-26,9:40:45.025908558,T,306.06,40,306.72,40,IBM
2025-11-26,9:40:45.025918600,T,306.06,40,306.77,200,IBM
2025-11-26,9:40:45.025933564,T,306.06,40,306.62,40,IBM
2025-11-26,9:40:45.025988687,T,306.06,40,306.45,40,IBM
2025-11-26,9:40:45.026018806,T,306.06,40,306.62,40,IBM
2025-11-26,9:40:45.026139301,T,306.06,40,306.38,40,IBM
2025-11-26,9:40:45.026184200,T,306.06,40,306.38,80,IBM
2025-11-26,9:40:45.053609431,T,305.99,40,306.38,80,IBM
2025-11-26,9:40:45.258642577,T,305.99,40,306.38,160,IBM
2025-11-26,9:40:45.259374353,T,306.06,40,306.38,160,IBM
2025-11-26,9:40:45.259389421,T,306.06,80,306.38,160,IBM
2025-11-26,9:40:45.438485803,T,306.06,120,306.38,160,IBM
2025-11-26,9:40:47.987744708,T,306.06,120,306.38,80,IBM
2025-11-26,9:40:49.238447292,T,306.06,80,306.38,80,IBM
2025-11-26,9:40:49.238457401,T,306.06,40,306.38,80,IBM
2025-11-26,9:40:49.238482419,T,305.99,80,306.38,80,IBM
2025-11-26,9:40:49.264449272,T,305.99,40,306.38,80,IBM
2025-11-26,9:40:50.663570032,T,305.99,40,306.38,40,IBM
2025-11-26,9:40:50.663690268,T,305.99,40,306.23,40,IBM
2025-11-26,9:40:50.664121363,T,305.99,40,306.22,40,IBM
2025-11-26,9:40:50.664552386,T,306.09,40,306.22,40,IBM
2025-11-26,9:40:50.664582431,T,306.09,120,306.22,40,IBM
2025-11-26,9:40:50.664657602,T,306.09,120,306.22,80,IBM
2025-11-26,9:40:50.665068591,T,306.09,80,306.22,80,IBM
2025-11-26,9:40:50.665309166,T,305.99,40,306.22,80,IBM
2025-11-26,9:40:50.692584039,T,305.99,80,306.22,80,IBM
2025-11-26,9:40:50.700908909,T,305.99,40,306.22,80,IBM
2025-11-26,9:40:51.049398831,T,305.99,40,306.22,40,IBM
2025-11-26,9:40:51.049398831,T,305.99,40,306.45,40,IBM
2025-11-26,9:40:51.049428583,T,305.99,80,306.45,40,IBM
2025-11-26,9:40:51.050190364,T,306.0,40,306.45,40,IBM
2025-11-26,9:40:51.050215529,T,306.06,40,306.45,40,IBM
2025-11-26,9:40:52.608475330,T,306.06,40,306.4,40,IBM
2025-11-26,9:40:53.097760076,T,306.06,80,306.4,40,IBM
2025-11-26,9:40:53.300547761,T,306.06,40,306.4,40,IBM
2025-11-26,9:40:54.525910117,T,306.06,80,306.4,40,IBM
2025-11-26,9:40:54.933119505,T,306.06,40,306.4,40,IBM
2025-11-26,9:40:54.933154660,T,306.06,80,306.4,40,IBM
2025-11-26,9:41:00.347735223,T,306.06,40,306.4,40,IBM
2025-11-26,9:41:00.383876258,T,306.06,80,306.4,40,IBM
2025-11-26,9:41:04.526408349,T,306.06,40,306.4,40,IBM
2025-11-26,9:41:04.526443343,T,306.06,80,306.4,40,IBM
2025-11-26,9:41:07.082087633,T,306.07,40,306.4,40,IBM
2025-11-26,9:41:07.082097678,T,306.07,80,306.4,40,IBM
2025-11-26,9:41:07.108966629,T,306.07,40,306.4,40,IBM
2025-11-26,9:41:07.141935138,T,306.07,80,306.4,40,IBM
2025-11-26,9:41:08.960815222,T,306.08,40,306.4,40,IBM
2025-11-26,9:41:08.968914480,T,306.07,40,306.4,40,IBM
2025-11-26,9:41:08.989969668,T,305.99,40,306.4,40,IBM
2025-11-26,9:41:08.990004746,T,306.07,40,306.4,40,IBM
2025-11-26,9:41:09.496876451,T,305.99,40,306.4,40,IBM
2025-11-26,9:41:09.506183575,T,306.07,40,306.4,40,IBM
2025-11-26,9:41:10.060538365,T,306.07,200,306.4,40,IBM
2025-11-26,9:41:10.087923615,T,306.07,160,306.4,40,IBM
2025-11-26,9:41:10.087958680,T,306.07,200,306.4,40,IBM
2025-11-26,9:41:13.064645129,T,306.07,200,306.4,120,IBM
2025-11-26,9:41:13.092255884,T,306.07,160,306.4,120,IBM
2025-11-26,9:41:13.119676199,T,306.07,200,306.4,120,IBM
2025-11-26,9:41:13.433368067,T,306.07,200,306.4,40,IBM
2025-11-26,9:41:15.428512822,T,306.08,40,306.4,40,IBM
2025-11-26,9:41:15.456624797,T,306.07,160,306.4,40,IBM
2025-11-26,9:41:15.456664948,T,306.09,40,306.4,40,IBM
2025-11-26,9:41:15.485628838,T,306.07,160,306.4,40,IBM
2025-11-26,9:41:15.485663883,T,306.1,40,306.4,40,IBM
2025-11-26,9:41:17.878009322,T,306.07,200,306.4,40,IBM
2025-11-26,9:41:17.905645088,T,306.07,160,306.4,40,IBM
2025-11-26,9:41:18.007567702,T,306.07,200,306.4,40,IBM
2025-11-26,9:41:19.157154529,T,306.07,160,306.4,40,IBM
2025-11-26,9:41:19.157184593,T,306.07,200,306.4,40,IBM
2025-11-26,9:41:22.104345816,T,306.09,40,306.4,40,IBM
2025-11-26,9:41:23.318847178,T,306.1,40,306.4,40,IBM
2025-11-26,9:41:24.184197328,T,306.07,160,306.4,40,IBM
2025-11-26,9:41:24.184237415,T,306.1,40,306.4,40,IBM
2025-11-26,9:41:24.463447174,T,306.07,160,306.4,40,IBM
2025-11-26,9:41:24.463687802,T,306.07,160,306.4,120,IBM
2025-11-26,9:41:24.491368607,T,306.08,40,306.4,120,IBM
2025-11-26,9:41:24.519540725,T,306.07,160,306.4,120,IBM
2025-11-26,9:41:24.519575837,T,306.09,40,306.4,120,IBM
2025-11-26,9:41:25.362036287,T,306.09,80,306.4,120,IBM
2025-11-26,9:41:25.362051407,T,306.09,40,306.4,120,IBM
2025-11-26,9:41:25.362818212,T,306.09,200,306.4,120,IBM
2025-11-26,9:41:25.363068801,T,306.09,160,306.4,120,IBM
2025-11-26,9:41:25.363404563,T,306.09,200,306.4,120,IBM
2025-11-26,9:41:25.366516979,T,306.09,40,306.4,120,IBM
2025-11-26,9:41:25.391020351,T,305.99,40,306.4,120,IBM
2025-11-26,9:41:25.808038115,T,305.99,80,306.4,120,IBM
2025-11-26,9:41:26.310624557,T,305.99,80,306.4,40,IBM
2025-11-26,9:41:26.310694632,T,306.1,40,306.4,40,IBM
2025-11-26,9:41:26.346795581,T,306.1,40,306.45,40,IBM
2025-11-26,9:41:26.373990319,T,306.1,80,306.45,40,IBM
2025-11-26,9:41:26.608388355,T,306.11,80,306.45,40,IBM
2025-11-26,9:41:31.620701199,T,306.11,80,306.4,80,IBM
2025-11-26,9:41:31.896342385,T,306.11,80,306.33,40,IBM
2025-11-26,9:41:31.929842168,T,306.11,80,306.4,80,IBM
2025-11-26,9:41:32.981761482,T,306.11,80,306.45,40,IBM
2025-11-26,9:41:36.979704300,T,306.11,80,306.4,80,IBM
2025-11-26,9:41:37.221555039,T,306.11,40,306.4,80,IBM
2025-11-26,9:41:37.221580140,T,306.1,40,306.4,80,IBM
2025-11-26,9:41:37.221600137,T,306.1,40,306.25,40,IBM
2025-11-26,9:41:37.221815628,T,305.99,40,306.25,40,IBM
2025-11-26,9:41:37.222081877,T,305.99,40,306.25,80,IBM
2025-11-26,9:41:37.222131393,T,305.99,40,306.25,120,IBM
2025-11-26,9:41:37.222161751,T,305.99,40,306.25,80,IBM
2025-11-26,9:41:37.222161751,T,305.99,40,306.22,40,IBM
2025-11-26,9:41:37.223845482,T,305.99,40,306.25,80,IBM
2025-11-26,9:41:37.226371493,T,305.99,40,306.38,40,IBM
2025-11-26,9:41:37.226506881,T,305.99,40,306.4,80,IBM
2025-11-26,9:41:37.243642616,T,305.99,80,306.4,80,IBM
2025-11-26,9:41:37.243657637,T,306.07,40,306.4,80,IBM
2025-11-26,9:41:37.251290816,T,306.07,80,306.4,80,IBM
2025-11-26,9:41:37.262688019,T,306.07,40,306.4,80,IBM
2025-11-26,9:41:39.673697877,T,305.99,40,306.4,80,IBM
2025-11-26,9:41:40.380154701,T,306.07,40,306.4,80,IBM
2025-11-26,9:41:40.761517635,T,306.07,40,306.45,40,IBM
2025-11-26,9:41:41.734704480,T,306.07,80,306.45,40,IBM
2025-11-26,9:41:42.843754804,T,306.08,40,306.45,40,IBM
2025-11-26,9:41:42.843975353,T,306.08,80,306.45,40,IBM
2025-11-26,9:41:42.847969869,T,306.08,40,306.45,40,IBM
2025-11-26,9:41:42.848110164,T,306.07,40,306.45,40,IBM
2025-11-26,9:41:43.323015800,T,306.07,280,306.45,40,IBM
2025-11-26,9:41:46.370546108,T,306.07,240,306.45,40,IBM
2025-11-26,9:41:46.370581139,T,306.07,280,306.45,40,IBM
2025-11-26,9:41:55.060609454,T,306.09,40,306.45,40,IBM
2025-11-26,9:41:55.724870815,T,306.07,240,306.45,40,IBM
2025-11-26,9:41:55.984368602,T,306.09,40,306.45,40,IBM
2025-11-26,9:41:58.620464461,T,306.12,240,306.45,40,IBM
2025-11-26,9:42:02.656157176,T,306.12,240,306.4,80,IBM
2025-11-26,9:42:03.557888945,T,306.12,240,306.45,40,IBM
2025-11-26,9:42:06.591240461,T,306.11,40,306.45,40,IBM
2025-11-26,9:42:06.591501026,T,306.09,40,306.45,40,IBM
2025-11-26,9:42:06.805029432,T,306.12,120,306.45,40,IBM
2025-11-26,9:42:10.184249238,T,306.12,160,306.45,40,IBM
2025-11-26,9:42:10.184279254,T,306.26,120,306.45,40,IBM
2025-11-26,9:42:11.211289350,T,305.99,40,306.45,40,IBM
2025-11-26,9:42:11.235181312,T,305.99,40,306.4,40,IBM
2025-11-26,9:42:11.459871127,T,305.99,40,306.4,120,IBM
2025-11-26,9:42:11.460718199,T,306.11,40,306.4,120,IBM
2025-11-26,9:42:11.672121431,T,306.11,40,306.4,40,IBM
2025-11-26,9:42:11.978611119,T,305.99,40,306.4,40,IBM
2025-11-26,9:42:11.978631088,T,305.99,40,306.26,40,IBM
2025-11-26,9:42:11.978916773,T,305.99,40,306.26,80,IBM
2025-11-26,9:42:11.979598486,T,305.23,40,306.26,80,IBM
2025-11-26,9:42:11.980525698,T,305.82,80,306.26,80,IBM
2025-11-26,9:42:11.980545716,T,305.82,80,306.38,40,IBM
2025-11-26,9:42:11.980751138,T,305.82,120,306.38,40,IBM
2025-11-26,9:42:12.078659323,T,305.82,120,306.4,40,IBM
2025-11-26,9:42:12.105904151,T,305.82,80,306.4,40,IBM
2025-11-26,9:42:12.453025579,T,305.82,120,306.4,40,IBM
2025-11-26,9:42:13.939529555,T,305.82,80,306.4,40,IBM
2025-11-26,9:42:13.939910435,T,305.82,120,306.4,40,IBM
2025-11-26,9:42:13.965807018,T,305.82,80,306.4,40,IBM
2025-11-26,9:42:13.965842141,T,305.82,120,306.4,40,IBM
2025-11-26,9:42:16.962265639,T,305.82,120,306.24,40,IBM
2025-11-26,9:42:16.966480677,T,305.82,120,306.4,40,IBM
2025-11-26,9:42:17.003478797,T,305.82,80,306.4,40,IBM
2025-11-26,9:42:17.039594729,T,305.82,120,306.4,40,IBM
2025-11-26,9:42:17.056244423,T,305.82,80,306.4,40,IBM
2025-11-26,9:42:19.377059578,T,305.82,120,306.4,40,IBM
2025-11-26,9:42:20.362164727,T,305.82,80,306.4,40,IBM
2025-11-26,9:42:20.802818776,T,305.82,120,306.4,40,IBM
2025-11-26,9:42:22.024256673,T,305.82,80,306.4,40,IBM
2025-11-26,9:42:22.799522329,T,305.59,160,306.4,40,IBM
2025-11-26,9:42:22.799547364,T,305.59,160,305.98,40,IBM
2025-11-26,9:42:22.799577531,T,305.59,160,305.98,80,IBM
2025-11-26,9:42:22.800965789,T,305.27,40,305.98,80,IBM
2025-11-26,9:42:22.800975779,T,305.36,160,305.98,80,IBM
2025-11-26,9:42:22.804579407,T,305.36,160,305.98,40,IBM
2025-11-26,9:42:22.805451511,T,305.36,160,305.98,80,IBM
2025-11-26,9:42:22.833082235,T,305.36,160,306.12,40,IBM
2025-11-26,9:42:22.833628496,T,305.37,40,306.12,40,IBM
2025-11-26,9:42:22.860131647,T,305.36,160,306.12,40,IBM
2025-11-26,9:42:22.887657158,T,305.36,160,306.13,40,IBM
2025-11-26,9:42:22.887662167,T,305.36,160,306.12,40,IBM
2025-11-26,9:42:22.888083169,T,305.36,160,306.12,80,IBM
2025-11-26,9:42:22.888123395,T,305.36,160,306.12,40,IBM
2025-11-26,9:42:22.888123395,T,305.36,160,306.12,80,IBM
2025-11-26,9:42:22.888569294,T,305.39,80,306.12,80,IBM
2025-11-26,9:42:22.899590626,T,305.39,80,306.12,40,IBM
2025-11-26,9:42:22.899801089,T,305.39,80,306.4,80,IBM
2025-11-26,9:42:22.902537607,T,305.39,80,306.4,40,IBM
2025-11-26,9:42:22.915493448,T,305.39,80,305.67,40,IBM
2025-11-26,9:42:22.915929526,T,305.22,40,305.67,40,IBM
2025-11-26,9:42:22.920445227,T,305.2,160,305.67,40,IBM
2025-11-26,9:42:22.949028301,T,305.2,160,305.78,40,IBM
2025-11-26,9:42:22.949053393,T,305.2,160,306.13,40,IBM
2025-11-26,9:42:22.949078442,T,305.2,160,306.42,40,IBM
2025-11-26,9:42:22.949108506,T,305.2,160,306.37,40,IBM
2025-11-26,9:42:22.949138565,T,305.2,160,306.13,40,IBM
2025-11-26,9:42:22.949739970,T,305.2,160,306.15,40,IBM
2025-11-26,9:42:22.949739970,T,305.2,160,306.13,40,IBM
2025-11-26,9:42:23.141100567,T,305.2,160,306.15,40,IBM
2025-11-26,9:42:23.142759519,T,305.2,160,306.13,40,IBM
2025-11-26,9:42:23.450291636,T,305.2,160,306.15,40,IBM
2025-11-26,9:42:23.450371854,T,305.2,160,306.13,40,IBM
2025-11-26,9:42:23.450662837,T,305.38,40,306.13,40,IBM
2025-11-26,9:42:24.098685241,T,305.38,40,306.15,40,IBM
2025-11-26,9:42:24.098770441,T,305.38,40,306.13,40,IBM
2025-11-26,9:42:24.127539004,T,305.2,160,306.13,40,IBM
2025-11-26,9:42:24.439682131,T,305.2,160,306.15,40,IBM
2025-11-26,9:42:24.443701711,T,305.2,160,306.13,40,IBM
2025-11-26,9:42:24.765843624,T,305.2,160,306.15,40,IBM
2025-11-26,9:42:24.765848526,T,305.2,160,306.4,40,IBM
2025-11-26,9:42:24.765933814,T,305.2,160,306.13,40,IBM
2025-11-26,9:42:25.133684321,T,305.2,160,306.15,40,IBM
2025-11-26,9:42:25.133714332,T,305.2,160,306.45,40,IBM
2025-11-26,9:42:25.133719348,T,305.2,160,306.4,40,IBM
2025-11-26,9:42:25.134175433,T,305.2,160,306.13,40,IBM
2025-11-26,9:42:25.999440431,T,305.2,160,306.4,40,IBM
2025-11-26,9:42:26.000322491,T,305.2,160,306.13,40,IBM
2025-11-26,9:42:26.183243011,T,305.2,160,306.4,40,IBM
2025-11-26,9:42:26.184500973,T,305.2,160,306.33,40,IBM
2025-11-26,9:42:26.207821466,T,305.2,160,306.24,40,IBM
2025-11-26,9:42:26.289275380,T,305.2,160,306.13,40,IBM
2025-11-26,9:42:26.399272277,T,305.2,160,306.24,40,IBM
2025-11-26,9:42:26.399763471,T,305.2,160,306.13,40,IBM
2025-11-26,9:42:29.236276296,T,305.2,160,306.24,40,IBM
2025-11-26,9:42:29.238952636,T,305.2,160,306.13,40,IBM
2025-11-26,9:42:29.623367828,T,305.2,160,306.24,40,IBM
2025-11-26,9:42:31.209213275,T,305.2,160,306.15,40,IBM
2025-11-26,9:42:31.209243281,T,305.2,160,306.13,40,IBM
2025-11-26,9:42:31.984148113,T,305.2,160,306.15,40,IBM
2025-11-26,9:42:31.984899984,T,305.2,160,306.13,40,IBM
2025-11-26,9:42:35.448655965,T,305.2,160,306.15,40,IBM
2025-11-26,9:42:35.449157148,T,305.2,160,306.13,40,IBM
2025-11-26,9:42:35.477409512,T,305.45,40,306.13,40,IBM
2025-11-26,9:42:35.491713512,T,305.46,40,306.13,40,IBM
2025-11-26,9:42:35.772095995,T,305.46,40,306.15,40,IBM
2025-11-26,9:42:35.772572194,T,305.46,40,306.13,40,IBM
2025-11-26,9:42:35.774662109,T,305.46,40,305.97,40,IBM
2025-11-26,9:42:35.933605524,T,305.46,40,306.13,40,IBM
2025-11-26,9:42:35.934086630,T,305.47,40,306.13,40,IBM
2025-11-26,9:42:35.934106742,T,305.47,40,305.97,40,IBM
2025-11-26,9:42:35.942030729,T,305.47,40,305.95,40,IBM
2025-11-26,9:42:35.961777562,T,305.48,40,305.95,40,IBM
2025-11-26,9:42:36.402877815,T,305.48,40,306.06,40,IBM
2025-11-26,9:42:36.403273727,T,305.2,160,306.06,40,IBM
2025-11-26,9:42:36.403303775,T,305.2,160,305.95,40,IBM
2025-11-26,9:42:36.714650019,T,305.2,160,305.97,40,IBM
2025-11-26,9:42:36.714680111,T,305.2,160,306.13,40,IBM
2025-11-26,9:42:36.721786944,T,305.2,160,305.97,40,IBM
2025-11-26,9:42:36.932553786,T,305.2,160,306.13,40,IBM
2025-11-26,9:42:36.933135179,T,305.2,160,305.97,40,IBM
2025-11-26,9:42:37.444793248,T,305.2,160,306.13,40,IBM
2025-11-26,9:42:37.445304532,T,305.2,160,305.97,40,IBM
2025-11-26,9:42:37.735400108,T,305.2,160,306.13,40,IBM
2025-11-26,9:42:37.749919666,T,305.2,160,305.97,40,IBM
2025-11-26,9:42:40.044517343,T,305.2,160,306.13,40,IBM
2025-11-26,9:42:40.045028570,T,305.2,160,305.97,40,IBM
2025-11-26,9:42:40.334172026,T,305.2,160,306.13,40,IBM
2025-11-26,9:42:40.390330626,T,305.2,160,305.97,40,IBM
2025-11-26,9:42:40.390345664,T,305.2,160,305.75,40,IBM
2025-11-26,9:42:40.390415828,T,305.2,160,305.75,80,IBM
2025-11-26,9:42:40.390576213,T,305.2,160,305.75,40,IBM
2025-11-26,9:42:40.390576213,T,305.2,160,305.75,80,IBM
2025-11-26,9:42:40.395788681,T,305.2,160,305.75,40,IBM
2025-11-26,9:42:40.395843785,T,305.2,160,305.93,40,IBM
2025-11-26,9:42:40.396104403,T,305.2,160,305.92,40,IBM
2025-11-26,9:42:40.490895051,T,305.2,160,305.94,40,IBM
2025-11-26,9:42:40.644310296,T,305.2,160,305.95,40,IBM
2025-11-26,9:42:40.644335407,T,305.2,160,306.06,40,IBM
2025-11-26,9:42:41.207070072,T,305.2,160,305.97,40,IBM
2025-11-26,9:42:41.642080708,T,305.4,80,305.97,40,IBM
2025-11-26,9:42:41.717139368,T,305.4,80,306.06,40,IBM
2025-11-26,9:42:41.718843467,T,305.2,160,306.06,40,IBM
2025-11-26,9:42:41.770606704,T,305.2,160,305.97,40,IBM
2025-11-26,9:42:41.838608619,T,305.27,40,305.97,40,IBM
2025-11-26,9:42:41.915210985,T,305.27,40,306.06,40,IBM
2025-11-26,9:42:42.364946688,T,305.27,40,306.13,40,IBM
2025-11-26,9:42:42.864836874,T,305.27,40,306.07,40,IBM
2025-11-26,9:42:43.748535559,T,305.46,40,306.07,40,IBM
2025-11-26,9:42:43.764769270,T,305.47,40,306.07,40,IBM
2025-11-26,9:42:44.000986539,T,305.47,40,306.13,40,IBM
2025-11-26,9:42:44.484116703,T,305.47,40,306.01,40,IBM
2025-11-26,9:42:44.709252759,T,305.47,40,305.95,40,IBM
2025-11-26,9:42:44.709272705,T,305.47,40,306.01,40,IBM
2025-11-26,9:42:44.709277767,T,305.47,40,305.95,40,IBM
2025-11-26,9:42:44.709553469,T,305.27,40,305.95,40,IBM
2025-11-26,9:42:44.710861592,T,305.27,40,306.01,40,IBM
2025-11-26,9:42:44.711327634,T,305.27,40,305.94,40,IBM
2025-11-26,9:42:44.739048625,T,305.27,40,305.87,40,IBM
2025-11-26,9:42:44.739073696,T,305.27,40,305.94,40,IBM
2025-11-26,9:42:44.739078758,T,305.27,40,305.87,40,IBM
2025-11-26,9:42:45.392058232,T,305.27,40,305.94,40,IBM
2025-11-26,9:42:45.392058232,T,305.27,40,305.95,40,IBM
2025-11-26,9:42:45.392068263,T,305.27,40,306.01,40,IBM
2025-11-26,9:42:45.630445866,T,305.27,40,306.13,40,IBM
2025-11-26,9:42:51.537804420,T,305.27,40,305.86,40,IBM
2025-11-26,9:42:51.709352787,T,305.51,40,305.86,40,IBM
2025-11-26,9:42:55.666954667,T,305.52,40,305.86,40,IBM
2025-11-26,9:42:56.279367727,T,305.28,40,305.86,40,IBM
2025-11-26,9:42:56.667301265,T,305.27,40,305.86,40,IBM
2025-11-26,9:42:59.873033436,T,305.52,80,305.86,40,IBM
2025-11-26,9:42:59.873639569,T,305.52,120,305.86,40,IBM
2025-11-26,9:43:00.870818513,T,305.52,40,305.86,40,IBM
2025-11-26,9:43:06.156106343,T,305.52,40,305.7,40,IBM
2025-11-26,9:43:06.156191312,T,305.52,40,305.7,80,IBM
2025-11-26,9:43:06.156361707,T,305.27,40,305.7,80,IBM
2025-11-26,9:43:06.161163120,T,305.27,40,305.7,40,IBM
2025-11-26,9:43:06.175482298,T,305.36,40,305.7,40,IBM
2025-11-26,9:43:06.189640980,T,305.36,40,305.85,40,IBM
2025-11-26,9:43:06.256665571,T,305.36,40,305.86,40,IBM
2025-11-26,9:43:11.101088685,T,305.36,40,305.89,40,IBM
2025-11-26,9:43:17.203366234,T,305.36,80,305.89,40,IBM
2025-11-26,9:43:17.203817380,T,305.37,40,305.89,40,IBM
2025-11-26,9:43:17.203827448,T,305.49,40,305.89,40,IBM
2025-11-26,9:43:18.053199471,T,305.27,40,305.89,40,IBM
2025-11-26,9:43:18.056086327,T,305.27,40,305.86,40,IBM
2025-11-26,9:43:18.131265291,T,305.27,40,305.86,80,IBM
2025-11-26,9:43:18.202289415,T,305.39,80,305.86,80,IBM
2025-11-26,9:43:21.689551603,T,305.39,80,305.86,120,IBM
2025-11-26,9:43:22.299523704,T,305.39,80,305.86,80,IBM
2025-11-26,9:43:26.081091443,T,305.39,80,305.86,40,IBM
2025-11-26,9:43:33.733865483,T,305.4,40,305.86,40,IBM
2025-11-26,9:43:33.734627274,T,305.41,80,305.86,40,IBM
2025-11-26,9:43:45.245155291,T,305.41,80,305.82,40,IBM
2025-11-26,9:43:45.406810230,T,305.41,80,305.86,40,IBM
2025-11-26,9:43:45.411486244,T,305.41,80,305.83,40,IBM
2025-11-26,9:43:45.521147434,T,305.41,80,305.86,40,IBM
2025-11-26,9:43:48.936839151,T,305.45,40,305.86,40,IBM
2025-11-26,9:43:48.937640973,T,305.45,80,305.86,40,IBM
2025-11-26,9:43:49.401841198,T,305.45,40,305.86,40,IBM
2025-11-26,9:43:50.847698145,T,305.45,80,305.86,40,IBM
2025-11-26,9:43:55.711958447,T,305.45,80,305.86,80,IBM
2025-11-26,9:43:59.123585634,T,305.49,40,305.86,80,IBM
2025-11-26,9:44:00.494028249,T,305.46,40,305.86,80,IBM
2025-11-26,9:44:00.494409153,T,305.5,40,305.86,80,IBM
2025-11-26,9:44:00.957286103,T,305.45,80,305.86,80,IBM
2025-11-26,9:44:01.564737343,T,305.45,80,305.83,40,IBM
2025-11-26,9:44:03.995970257,T,305.51,40,305.83,40,IBM
2025-11-26,9:44:07.132873255,T,305.51,80,305.83,40,IBM
2025-11-26,9:44:07.459069819,T,305.51,120,305.83,40,IBM
2025-11-26,9:44:08.018386383,T,305.51,80,305.83,40,IBM
2025-11-26,9:44:08.018767346,T,305.52,40,305.83,40,IBM
2025-11-26,9:44:12.944920036,T,305.51,120,305.83,40,IBM
2025-11-26,9:44:18.077008008,T,305.53,40,305.83,40,IBM
2025-11-26,9:44:19.013667847,T,305.53,80,305.83,40,IBM
2025-11-26,9:44:19.445054875,T,305.53,40,305.83,40,IBM
2025-11-26,9:44:22.572440170,T,305.53,80,305.83,40,IBM
2025-11-26,9:44:23.798273603,T,305.53,80,305.86,40,IBM
2025-11-26,9:44:23.798278509,T,305.53,80,306.15,40,IBM
2025-11-26,9:44:23.798288540,T,305.53,80,306.22,160,IBM
2025-11-26,9:44:23.798298628,T,305.67,40,306.22,160,IBM
2025-11-26,9:44:23.798298628,T,305.68,40,306.22,160,IBM
2025-11-26,9:44:23.798524113,T,305.75,40,306.22,160,IBM
2025-11-26,9:44:23.798764662,T,305.68,40,306.22,160,IBM
2025-11-26,9:44:23.798784766,T,305.51,40,306.22,160,IBM
2025-11-26,9:44:23.799030337,T,305.67,40,306.22,160,IBM
2025-11-26,9:44:23.799035683,T,305.51,40,306.22,160,IBM
2025-11-26,9:44:23.939073673,T,305.53,40,306.22,160,IBM
2025-11-26,9:44:23.939083720,T,305.53,80,306.22,160,IBM
2025-11-26,9:44:24.053706678,T,305.67,40,306.22,160,IBM
2025-11-26,9:44:24.053721612,T,305.67,80,306.22,160,IBM
2025-11-26,9:44:24.054298049,T,305.67,120,306.22,160,IBM
2025-11-26,9:44:24.331287407,T,305.67,120,306.02,40,IBM
2025-11-26,9:44:24.417106697,T,305.67,80,306.02,40,IBM
2025-11-26,9:44:24.417126757,T,305.67,40,306.02,40,IBM
2025-11-26,9:44:27.400654739,T,305.67,40,305.87,40,IBM
2025-11-26,9:44:27.400669690,T,305.67,40,306.02,40,IBM
2025-11-26,9:44:27.400995484,T,305.67,40,305.86,40,IBM
2025-11-26,9:44:27.402995298,T,305.67,120,305.86,40,IBM
2025-11-26,9:44:27.403250934,T,305.67,120,306.02,40,IBM
2025-11-26,9:44:27.403265925,T,305.67,40,306.02,40,IBM
2025-11-26,9:44:27.403290987,T,305.79,80,306.02,40,IBM
2025-11-26,9:44:27.403321031,T,305.67,40,306.02,40,IBM
2025-11-26,9:44:27.414452574,T,305.69,40,306.02,40,IBM
2025-11-26,9:44:27.414467580,T,305.69,80,306.02,40,IBM
2025-11-26,9:44:27.426862058,T,305.69,80,306.13,40,IBM
2025-11-26,9:44:27.426882172,T,305.69,80,306.22,160,IBM
2025-11-26,9:44:29.821031926,T,305.69,40,306.22,160,IBM
2025-11-26,9:44:31.357800488,T,305.69,80,306.22,160,IBM
2025-11-26,9:44:31.505376818,T,305.7,40,306.22,160,IBM
2025-11-26,9:44:32.686438560,T,305.69,40,306.22,160,IBM
2025-11-26,9:44:39.266889552,T,305.67,40,306.22,160,IBM
2025-11-26,9:44:43.561473747,T,305.67,40,306.15,40,IBM
2025-11-26,9:44:43.561503866,T,305.67,40,306.13,40,IBM
2025-11-26,9:44:43.561533935,T,305.67,40,306.22,160,IBM
2025-11-26,9:44:43.561533935,T,305.67,40,306.13,40,IBM
2025-11-26,9:44:43.562035135,T,305.67,40,306.22,160,IBM
2025-11-26,9:44:43.580955134,T,305.67,40,306.03,40,IBM
2025-11-26,9:44:46.456546115,T,305.67,40,306.02,40,IBM
2025-11-26,9:44:46.456576191,T,305.67,40,305.89,40,IBM
2025-11-26,9:44:46.465948512,T,305.67,40,306.02,40,IBM
2025-11-26,9:44:46.490075945,T,305.67,40,306.03,40,IBM
2025-11-26,9:44:53.775540568,T,305.37,160,306.03,40,IBM
2025-11-26,9:45:00.010559337,T,305.59,40,306.03,40,IBM
2025-11-26,9:45:00.029775075,T,305.59,40,306.22,160,IBM
2025-11-26,9:45:00.616376765,T,305.61,40,306.22,160,IBM
2025-11-26,9:45:00.617810096,T,305.61,40,306.26,40,IBM
2025-11-26,9:45:00.620441372,T,305.59,40,306.26,40,IBM
2025-11-26,9:45:00.629598195,T,305.59,40,306.34,40,IBM
2025-11-26,9:45:00.629618282,T,305.61,40,306.34,40,IBM
2025-11-26,9:45:00.629633270,T,305.7,40,306.34,40,IBM
2025-11-26,9:45:00.630735945,T,305.62,40,306.34,40,IBM
2025-11-26,9:45:00.663163161,T,305.59,40,306.34,40,IBM
2025-11-26,9:45:01.847297145,T,305.68,40,306.34,40,IBM
2025-11-26,9:45:01.847302169,T,305.76,40,306.34,40,IBM
2025-11-26,9:45:01.847312175,T,305.85,40,306.34,40,IBM
2025-11-26,9:45:01.848364754,T,305.77,40,306.34,40,IBM
2025-11-26,9:45:01.880831945,T,305.6,40,306.34,40,IBM
2025-11-26,9:45:01.881643909,T,305.6,40,306.45,40,IBM
2025-11-26,9:45:01.881664343,T,305.77,40,306.45,40,IBM
2025-11-26,9:45:01.881679246,T,305.86,40,306.45,40,IBM
2025-11-26,9:45:01.883032246,T,305.78,40,306.45,40,IBM
2025-11-26,9:45:01.889748186,T,306.01,40,306.45,40,IBM
2025-11-26,9:45:01.889758182,T,305.78,40,306.45,40,IBM
2025-11-26,9:45:01.889773272,T,305.68,40,306.45,40,IBM
2025-11-26,9:45:01.897356325,T,305.77,40,306.45,40,IBM
2025-11-26,9:45:01.901571408,T,305.76,40,306.45,40,IBM
2025-11-26,9:45:01.912101379,T,305.68,40,306.45,40,IBM
2025-11-26,9:45:01.912126483,T,305.6,40,306.45,40,IBM
2025-11-26,9:45:01.935467029,T,305.6,40,306.35,80,IBM
2025-11-26,9:45:01.947826444,T,305.59,40,306.35,80,IBM
2025-11-26,9:45:02.017542531,T,305.84,40,306.35,80,IBM
2025-11-26,9:45:02.017557496,T,306.05,40,306.35,80,IBM
2025-11-26,9:45:02.051082265,T,305.61,40,306.35,80,IBM
2025-11-26,9:45:02.051102379,T,305.59,40,306.35,80,IBM
2025-11-26,9:45:02.118272252,T,305.59,40,306.45,40,IBM
2025-11-26,9:45:02.118292537,T,305.76,40,306.45,40,IBM
2025-11-26,9:45:02.118297323,T,305.84,40,306.45,40,IBM
2025-11-26,9:45:02.118307328,T,305.94,40,306.45,40,IBM
2025-11-26,9:45:02.118542877,T,305.94,80,306.45,40,IBM
2025-11-26,9:45:02.118763441,T,306.09,40,306.45,40,IBM
2025-11-26,9:45:02.118923730,T,305.94,80,306.45,40,IBM
2025-11-26,9:45:02.118943814,T,305.94,40,306.45,40,IBM
2025-11-26,9:45:02.129844826,T,305.61,40,306.45,40,IBM
2025-11-26,9:45:02.218791500,T,305.59,40,306.45,40,IBM
2025-11-26,9:45:02.960196592,T,305.61,40,306.45,40,IBM
2025-11-26,9:45:02.960537440,T,305.76,40,306.45,40,IBM
2025-11-26,9:45:02.960552419,T,305.84,40,306.45,40,IBM
2025-11-26,9:45:02.964757492,T,305.76,40,306.45,40,IBM
2025-11-26,9:45:02.964762432,T,305.74,40,306.45,40,IBM
2025-11-26,9:45:11.436270475,T,306.1,40,306.45,40,IBM
2025-11-26,9:45:22.377874121,T,305.75,160,306.45,40,IBM
2025-11-26,9:45:23.240643096,T,306.1,40,306.45,40,IBM
2025-11-26,9:45:23.319480808,T,306.11,40,306.45,40,IBM
2025-11-26,9:45:24.356780334,T,305.75,160,306.45,40,IBM
2025-11-26,9:45:27.179370146,T,306.08,40,306.45,40,IBM
2025-11-26,9:45:27.352442204,T,306.09,40,306.45,40,IBM
2025-11-26,9:45:28.563299853,T,305.75,160,306.45,40,IBM
2025-11-26,9:45:29.912963063,T,305.75,160,306.42,160,IBM
2025-11-26,9:45:29.968490382,T,305.75,160,306.45,40,IBM
2025-11-26,9:45:31.435247296,T,306.12,40,306.45,40,IBM
2025-11-26,9:45:31.712602526,T,306.13,40,306.45,40,IBM
2025-11-26,9:45:31.777832832,T,306.14,40,306.45,40,IBM
2025-11-26,9:45:34.934738382,T,305.75,160,306.45,40,IBM
2025-11-26,9:45:47.614725251,T,305.75,160,306.31,40,IBM
2025-11-26,9:45:47.614735311,T,305.75,160,306.45,40,IBM
2025-11-26,9:45:47.620784679,T,306.07,40,306.45,40,IBM
2025-11-26,9:45:47.634482341,T,306.08,40,306.45,40,IBM
2025-11-26,9:45:49.269574965,T,306.08,40,306.45,80,IBM
2025-11-26,9:45:49.269790561,T,306.08,40,306.45,120,IBM
2025-11-26,9:45:54.835936778,T,306.08,40,306.45,80,IBM
2025-11-26,9:46:04.259326159,T,306.08,40,306.42,80,IBM
2025-11-26,9:46:04.962810952,T,306.08,40,306.42,120,IBM
2025-11-26,9:46:05.428730263,T,306.08,40,306.42,160,IBM
2025-11-26,9:46:07.502632543,T,305.75,160,306.42,160,IBM
2025-11-26,9:46:07.502677710,T,305.75,160,306.25,40,IBM
2025-11-26,9:46:07.507844928,T,305.75,160,306.41,40,IBM
2025-11-26,9:46:07.536212495,T,305.75,160,306.42,160,IBM
2025-11-26,9:46:11.678494025,T,305.75,160,306.42,200,IBM
2025-11-26,9:46:15.151948358,T,306.12,80,306.42,200,IBM
2025-11-26,9:46:15.152464572,T,306.12,80,306.42,160,IBM
2025-11-26,9:46:15.152885537,T,306.12,80,306.42,80,IBM
2025-11-26,9:46:15.166036886,T,306.12,80,306.42,40,IBM
2025-11-26,9:46:15.168532835,T,306.12,120,306.42,40,IBM
2025-11-26,9:46:17.174889339,T,306.12,80,306.42,40,IBM
2025-11-26,9:46:21.665424889,T,306.12,80,306.42,80,IBM
2025-11-26,9:46:21.665876013,T,306.12,80,306.28,40,IBM
2025-11-26,9:46:21.670075993,T,306.12,80,306.42,80,IBM
2025-11-26,9:46:21.673519198,T,305.75,160,306.42,80,IBM
2025-11-26,9:46:21.680866754,T,305.75,160,306.17,40,IBM
2025-11-26,9:46:21.697837101,T,305.75,160,306.17,80,IBM
2025-11-26,9:46:21.743866674,T,305.75,160,306.17,40,IBM
2025-11-26,9:46:21.743881671,T,305.75,160,306.42,40,IBM
2025-11-26,9:46:21.743906779,T,306.0,40,306.42,40,IBM
2025-11-26,9:46:21.744242611,T,305.85,40,306.42,40,IBM
2025-11-26,9:46:21.744919138,T,305.76,40,306.42,40,IBM
2025-11-26,9:46:21.843975051,T,305.75,160,306.42,40,IBM
2025-11-26,9:46:23.667010134,T,305.84,40,306.42,40,IBM
2025-11-26,9:46:25.531133164,T,306.12,40,306.42,40,IBM
2025-11-26,9:46:25.531348644,T,305.75,160,306.42,40,IBM
2025-11-26,9:46:26.727912262,T,305.75,160,306.45,40,IBM
2025-11-26,9:46:26.727937300,T,306.3,40,306.45,40,IBM
2025-11-26,9:46:26.728167899,T,306.3,40,306.5,200,IBM
2025-11-26,9:46:26.728398377,T,306.31,40,306.5,200,IBM
2025-11-26,9:46:26.739344448,T,306.31,40,306.5,120,IBM
2025-11-26,9:46:26.739364542,T,306.31,40,306.5,80,IBM
2025-11-26,9:46:26.739379494,T,306.31,40,306.85,200,IBM
2025-11-26,9:46:26.739404645,T,305.92,40,306.85,200,IBM
2025-11-26,9:46:26.739434716,T,305.75,160,306.85,200,IBM
2025-11-26,9:46:26.739630173,T,305.76,40,306.85,200,IBM
2025-11-26,9:46:26.739820621,T,305.75,160,306.85,200,IBM
2025-11-26,9:46:26.740512226,T,306.08,40,306.85,200,IBM
2025-11-26,9:46:26.740512226,T,306.29,40,306.85,200,IBM
2025-11-26,9:46:26.745749670,T,306.09,40,306.85,200,IBM
2025-11-26,9:46:26.774047043,T,305.92,40,306.85,200,IBM
2025-11-26,9:46:26.841131755,T,305.76,40,306.85,200,IBM
2025-11-26,9:46:26.851070504,T,305.75,160,306.85,200,IBM
2025-11-26,9:46:27.179151499,T,306.0,40,306.85,200,IBM
2025-11-26,9:46:35.008495731,T,306.31,40,306.85,200,IBM
2025-11-26,9:46:36.009258255,T,306.29,40,306.85,200,IBM
2025-11-26,9:46:36.010225627,T,306.31,40,306.85,200,IBM
2025-11-26,9:46:37.827321629,T,306.32,40,306.85,200,IBM
2025-11-26,9:46:37.855087800,T,306.31,40,306.85,200,IBM
2025-11-26,9:46:38.817053077,T,306.49,40,306.85,200,IBM
2025-11-26,9:46:38.821243071,T,306.41,40,306.85,200,IBM
2025-11-26,9:46:38.850587893,T,306.31,40,306.85,200,IBM
2025-11-26,9:46:38.947734166,T,306.31,40,306.78,40,IBM
2025-11-26,9:46:38.981268962,T,306.31,40,306.85,200,IBM
2025-11-26,9:47:00.280535912,T,306.31,40,306.78,40,IBM
2025-11-26,9:47:00.280540908,T,306.31,40,306.66,40,IBM
2025-11-26,9:47:00.280756405,T,306.3,40,306.66,40,IBM
2025-11-26,9:47:00.280771464,T,306.31,40,306.66,40,IBM
2025-11-26,9:47:00.280786530,T,306.3,40,306.66,40,IBM
2025-11-26,9:47:00.280791548,T,306.3,40,306.85,200,IBM
2025-11-26,9:47:00.280797062,T,306.3,40,306.8,40,IBM
2025-11-26,9:47:00.280801535,T,306.3,40,306.78,40,IBM
2025-11-26,9:47:00.280861668,T,306.29,40,306.78,40,IBM
2025-11-26,9:47:00.280886734,T,306.29,40,306.53,40,IBM
2025-11-26,9:47:00.281372879,T,306.28,40,306.53,40,IBM
2025-11-26,9:47:00.281402969,T,306.28,40,306.71,40,IBM
2025-11-26,9:47:00.281658517,T,305.9,160,306.71,40,IBM
2025-11-26,9:47:00.281668605,T,306.28,40,306.71,40,IBM
2025-11-26,9:47:00.281683588,T,306.28,40,306.53,40,IBM
2025-11-26,9:47:00.281688646,T,305.9,160,306.53,40,IBM
2025-11-26,9:47:00.281693643,T,305.9,160,306.71,40,IBM
2025-11-26,9:47:00.284054315,T,305.9,160,306.67,40,IBM
2025-11-26,9:47:00.285658102,T,305.9,160,306.71,40,IBM
2025-11-26,9:47:00.345214855,T,305.9,160,306.59,40,IBM
2025-11-26,9:47:01.010378476,T,305.9,160,306.36,40,IBM
2025-11-26,9:47:01.010869712,T,305.9,160,306.25,40,IBM
2025-11-26,9:47:01.011090260,T,305.9,160,306.19,40,IBM
2025-11-26,9:47:01.011175377,T,305.9,120,306.19,40,IBM
2025-11-26,9:47:01.015154944,T,305.9,120,306.37,40,IBM
2025-11-26,9:47:01.015315237,T,305.9,120,306.43,40,IBM
2025-11-26,9:47:01.015445558,T,305.9,120,306.5,40,IBM
2025-11-26,9:47:01.017039366,T,305.6,40,306.5,40,IBM
2025-11-26,9:47:01.017420325,T,305.6,40,306.57,40,IBM
2025-11-26,9:47:01.017811192,T,305.83,80,306.57,40,IBM
2025-11-26,9:47:01.020242012,T,305.83,80,306.59,40,IBM
2025-11-26,9:47:01.300809977,T,305.8,200,306.59,40,IBM
2025-11-26,9:47:04.705821199,T,305.6,40,306.59,40,IBM
2025-11-26,9:47:04.705831319,T,305.6,240,306.59,40,IBM
2025-11-26,9:47:04.705871404,T,305.6,240,306.57,40,IBM
2025-11-26,9:47:04.706322485,T,305.6,200,306.57,40,IBM
2025-11-26,9:47:04.788703565,T,305.6,200,306.64,40,IBM
2025-11-26,9:47:08.631953160,T,305.6,200,306.5,40,IBM
2025-11-26,9:47:08.995969768,T,305.6,200,306.43,40,IBM
2025-11-26,9:47:16.709814146,T,305.6,200,306.46,40,IBM
2025-11-26,9:47:16.709859252,T,305.6,200,306.43,40,IBM
2025-11-26,9:47:28.806106510,T,305.44,40,306.43,40,IBM
2025-11-26,9:47:33.709775809,T,305.44,40,306.41,40,IBM
2025-11-26,9:47:42.008452325,T,305.78,40,306.41,40,IBM
2025-11-26,9:47:43.008488184,T,305.83,40,306.41,40,IBM
2025-11-26,9:47:43.008663536,T,305.85,40,306.41,40,IBM
2025-11-26,9:47:43.700726127,T,305.86,40,306.41,40,IBM
2025-11-26,9:47:44.079753476,T,305.85,40,306.41,40,IBM
2025-11-26,9:47:44.572897519,T,305.85,40,306.43,40,IBM
2025-11-26,9:47:44.572937697,T,305.85,40,306.41,40,IBM
2025-11-26,9:47:45.599947501,T,305.85,40,306.36,40,IBM
2025-11-26,9:47:45.602308137,T,305.85,40,306.43,40,IBM
2025-11-26,9:47:46.008780890,T,305.87,40,306.43,40,IBM
2025-11-26,9:47:48.273898395,T,305.87,40,306.46,40,IBM
2025-11-26,9:47:55.417625252,T,305.85,40,306.46,40,IBM
2025-11-26,9:47:55.417640326,T,305.85,40,306.36,40,IBM
2025-11-26,9:47:55.417645331,T,305.85,40,306.21,40,IBM
2025-11-26,9:47:55.417685501,T,305.83,40,306.21,40,IBM
2025-11-26,9:47:55.417710619,T,305.82,40,306.21,40,IBM
2025-11-26,9:47:55.417715502,T,305.78,40,306.21,40,IBM
2025-11-26,9:47:55.417890899,T,305.78,40,306.16,40,IBM
2025-11-26,9:47:55.417895916,T,305.78,40,306.04,40,IBM
2025-11-26,9:47:55.418076397,T,305.78,40,306.21,40,IBM
2025-11-26,9:47:55.418106435,T,305.78,40,306.04,40,IBM
2025-11-26,9:47:55.418136524,T,305.78,40,306.21,40,IBM
2025-11-26,9:47:55.418156520,T,305.78,40,306.22,40,IBM
2025-11-26,9:47:55.418652733,T,305.78,40,306.29,40,IBM
2025-11-26,9:47:55.518104486,T,305.78,40,306.36,40,IBM
2025-11-26,9:47:55.518109506,T,305.78,40,306.41,40,IBM
2025-11-26,9:47:56.007935666,T,305.77,40,306.41,40,IBM
2025-11-26,9:47:56.007965733,T,305.58,160,306.41,40,IBM
2025-11-26,9:47:57.419576479,T,305.58,160,306.36,40,IBM
2025-11-26,9:47:59.896653476,T,305.58,160,306.41,40,IBM
2025-11-26,9:48:06.418520260,T,305.58,160,306.36,40,IBM
2025-11-26,9:48:06.418520260,T,305.58,160,306.29,40,IBM
2025-11-26,9:48:06.420149095,T,305.58,160,306.43,40,IBM
2025-11-26,9:48:06.420870805,T,305.44,40,306.43,40,IBM
2025-11-26,9:48:06.423381819,T,305.44,40,306.4,40,IBM
2025-11-26,9:48:06.425692268,T,305.5,80,306.4,40,IBM
2025-11-26,9:48:06.431992322,T,305.44,40,306.4,40,IBM
2025-11-26,9:48:06.446642203,T,305.44,40,306.36,40,IBM
2025-11-26,9:48:06.447093263,T,305.44,40,306.4,40,IBM
2025-11-26,9:48:06.447168356,T,305.44,40,306.36,40,IBM
2025-11-26,9:48:06.883071211,T,305.38,40,306.36,40,IBM
2025-11-26,9:48:07.026277145,T,305.38,40,306.29,40,IBM
2025-11-26,9:48:07.026307181,T,305.38,40,306.21,40,IBM
2025-11-26,9:48:07.026507617,T,305.53,40,306.21,40,IBM
2025-11-26,9:48:07.030847976,T,305.53,40,306.22,40,IBM
2025-11-26,9:48:11.419405860,T,305.53,40,306.2,40,IBM
2025-11-26,9:48:17.370579074,T,305.38,40,306.2,40,IBM
2025-11-26,9:48:17.371456170,T,305.38,40,306.22,40,IBM
2025-11-26,9:48:18.877276257,T,305.38,40,305.96,40,IBM
2025-11-26,9:48:21.400864131,T,305.38,40,305.91,40,IBM
2025-11-26,9:48:24.847990815,T,305.36,40,305.91,40,IBM
2025-11-26,9:48:24.848371724,T,305.38,40,305.91,40,IBM
2025-11-26,9:48:24.875852088,T,305.36,40,305.91,40,IBM
2025-11-26,9:48:24.876233025,T,305.38,40,305.91,40,IBM
2025-11-26,9:48:27.253261820,T,305.56,40,305.91,40,IBM
2025-11-26,9:48:28.011722558,T,305.38,40,305.91,40,IBM
2025-11-26,9:48:28.757944124,T,305.38,40,305.9,40,IBM
2025-11-26,9:48:28.761061524,T,305.38,40,305.89,40,IBM
2025-11-26,9:48:28.765411834,T,305.36,40,305.89,40,IBM
2025-11-26,9:48:28.765792698,T,305.38,40,305.89,40,IBM
2025-11-26,9:48:29.011613030,T,305.54,40,305.89,40,IBM
2025-11-26,9:48:38.011619269,T,305.59,40,305.89,40,IBM
2025-11-26,9:48:41.713848111,T,305.59,40,305.87,40,IBM
2025-11-26,9:48:41.716995542,T,305.59,40,305.86,40,IBM
2025-11-26,9:48:48.011701321,T,305.59,40,305.87,40,IBM
2025-11-26,9:48:54.827221997,T,305.59,80,305.87,40,IBM
2025-11-26,9:48:54.827227025,T,305.59,80,306.21,40,IBM
2025-11-26,9:48:54.827587819,T,305.6,40,306.21,40,IBM
2025-11-26,9:48:54.828159179,T,305.59,80,306.21,40,IBM
2025-11-26,9:48:54.828299482,T,305.61,40,306.21,40,IBM
2025-11-26,9:48:54.829908289,T,305.68,40,306.21,40,IBM
2025-11-26,9:48:54.831802874,T,305.61,40,306.21,40,IBM
2025-11-26,9:48:54.832875439,T,305.59,80,306.21,40,IBM
2025-11-26,9:48:54.835236037,T,305.59,40,306.21,40,IBM
2025-11-26,9:48:54.840368178,T,305.59,80,306.21,40,IBM
2025-11-26,9:48:54.840643866,T,305.59,40,306.21,40,IBM
2025-11-26,9:48:54.845781135,T,305.59,80,306.21,40,IBM
2025-11-26,9:48:54.850998869,T,305.59,40,306.21,40,IBM
2025-11-26,9:48:58.011617990,T,305.79,40,306.21,40,IBM
2025-11-26,9:49:10.593406440,T,305.81,80,306.21,40,IBM
2025-11-26,9:49:10.870531219,T,305.79,40,306.21,40,IBM
2025-11-26,9:49:21.596727027,T,305.79,40,306.12,40,IBM
2025-11-26,9:49:22.242659772,T,305.79,40,306.21,40,IBM
2025-11-26,9:49:23.139359584,T,305.79,40,306.12,40,IBM
2025-11-26,9:49:23.231508944,T,305.79,40,306.21,40,IBM
2025-11-26,9:49:23.631160444,T,305.79,40,306.12,40,IBM
2025-11-26,9:49:24.220363054,T,305.79,40,306.21,40,IBM
2025-11-26,9:49:24.561159412,T,305.79,40,306.12,40,IBM
2025-11-26,9:49:25.209222233,T,305.79,40,306.21,40,IBM
2025-11-26,9:49:25.312157339,T,305.79,40,306.12,40,IBM
2025-11-26,9:49:25.476443440,T,305.79,80,306.12,40,IBM
2025-11-26,9:49:26.198076344,T,305.79,80,306.21,40,IBM
2025-11-26,9:49:26.202231331,T,305.79,80,306.12,40,IBM
2025-11-26,9:49:26.969527966,T,305.79,40,306.12,40,IBM
2025-11-26,9:49:26.989149641,T,305.8,40,306.12,40,IBM
2025-11-26,9:49:27.186930566,T,305.8,40,306.21,40,IBM
2025-11-26,9:49:27.214435987,T,305.8,40,306.12,40,IBM
2025-11-26,9:49:27.273782338,T,305.8,40,306.09,40,IBM
2025-11-26,9:49:28.354810923,T,305.79,40,306.09,40,IBM
2025-11-26,9:49:28.354845955,T,305.8,40,306.09,40,IBM
2025-11-26,9:49:29.268461005,T,305.8,40,306.21,40,IBM
2025-11-26,9:49:29.395062474,T,305.8,40,306.12,40,IBM
2025-11-26,9:49:30.153493105,T,305.8,40,306.21,40,IBM
2025-11-26,9:49:30.168704245,T,305.8,40,306.12,40,IBM
2025-11-26,9:49:31.142347200,T,305.8,40,306.21,40,IBM
2025-11-26,9:49:31.288861019,T,305.8,40,306.12,40,IBM
2025-11-26,9:49:31.468949822,T,305.86,40,306.12,40,IBM
2025-11-26,9:49:32.131196396,T,305.86,40,306.21,40,IBM
2025-11-26,9:49:32.499307687,T,305.86,40,306.12,40,IBM
2025-11-26,9:49:32.886589768,T,305.79,40,306.12,40,IBM
2025-11-26,9:49:33.120055507,T,305.79,40,306.21,40,IBM
2025-11-26,9:49:33.263592296,T,305.79,40,306.12,40,IBM
2025-11-26,9:49:34.108909602,T,305.79,40,306.21,40,IBM
2025-11-26,9:49:34.114397671,T,305.79,40,306.12,40,IBM
2025-11-26,9:49:35.097763838,T,305.79,40,306.21,40,IBM
2025-11-26,9:49:35.351132068,T,305.79,40,306.12,40,IBM
2025-11-26,9:49:36.086618045,T,305.79,40,306.21,40,IBM
2025-11-26,9:49:36.327025377,T,305.79,40,306.12,40,IBM
2025-11-26,9:49:37.075477132,T,305.79,40,306.21,40,IBM
2025-11-26,9:49:37.394526702,T,305.79,40,306.12,40,IBM
2025-11-26,9:49:38.064326365,T,305.79,40,306.21,40,IBM
2025-11-26,9:49:38.278746809,T,305.79,40,306.12,40,IBM
2025-11-26,9:49:39.053185528,T,305.79,40,306.21,40,IBM
2025-11-26,9:49:39.753988818,T,305.79,40,306.12,40,IBM
2025-11-26,9:49:40.042039608,T,305.79,40,306.21,40,IBM
2025-11-26,9:49:40.048119090,T,305.79,40,306.12,40,IBM
2025-11-26,9:49:41.030888801,T,305.79,40,306.21,40,IBM
2025-11-26,9:49:41.724685519,T,305.79,40,306.12,40,IBM
2025-11-26,9:49:42.019742926,T,305.79,40,306.21,40,IBM
2025-11-26,9:49:43.252091883,T,305.79,40,306.04,40,IBM
2025-11-26,9:49:43.339033881,T,305.79,40,306.21,40,IBM
2025-11-26,9:49:45.202891126,T,305.79,40,305.98,40,IBM
2025-11-26,9:49:45.202921416,T,305.59,40,305.98,40,IBM
2025-11-26,9:49:45.213336039,T,305.59,40,306.21,40,IBM
2025-11-26,9:49:50.129971064,T,305.59,40,305.91,40,IBM
2025-11-26,9:49:54.805016052,T,305.59,40,306.21,40,IBM
2025-11-26,9:49:56.386190433,T,305.59,40,305.91,40,IBM
2025-11-26,9:49:58.360921750,T,305.59,40,306.21,40,IBM
2025-11-26,9:50:13.278325625,T,305.59,40,305.98,40,IBM
2025-11-26,9:50:13.278395727,T,305.59,40,306.15,40,IBM
2025-11-26,9:50:13.278395727,T,305.59,40,305.9,40,IBM
2025-11-26,9:50:13.278741620,T,305.59,40,306.15,40,IBM
2025-11-26,9:50:13.278781697,T,305.59,40,306.21,40,IBM
2025-11-26,9:50:13.279132472,T,305.59,80,306.21,40,IBM
2025-11-26,9:50:13.279488406,T,305.59,40,306.21,40,IBM
2025-11-26,9:50:13.686472275,T,305.59,40,306.15,40,IBM
2025-11-26,9:50:13.686567529,T,305.59,40,305.94,80,IBM
2025-11-26,9:50:13.686843202,T,305.59,40,305.94,40,IBM
2025-11-26,9:50:13.686843202,T,305.59,40,305.86,40,IBM
2025-11-26,9:50:13.687133912,T,305.59,120,305.86,40,IBM
2025-11-26,9:50:13.687284273,T,305.59,120,305.86,80,IBM
2025-11-26,9:50:13.687650121,T,305.59,120,305.86,40,IBM
2025-11-26,9:50:13.687675105,T,305.59,120,305.94,40,IBM
2025-11-26,9:50:13.691384069,T,305.59,120,306.08,40,IBM
2025-11-26,9:50:13.691384069,T,305.59,120,306.11,40,IBM
2025-11-26,9:50:19.198614988,T,305.59,120,306.08,40,IBM
2025-11-26,9:50:21.392122110,T,305.59,120,306.11,40,IBM
2025-11-26,9:50:23.430189128,T,305.59,120,306.08,40,IBM
2025-11-26,9:50:23.934885687,T,305.59,120,305.94,40,IBM
2025-11-26,9:50:23.934915782,T,305.59,120,305.85,40,IBM
2025-11-26,9:50:23.935366781,T,305.59,240,305.85,40,IBM
2025-11-26,9:50:23.935391930,T,305.59,240,306.08,40,IBM
2025-11-26,9:50:23.935682524,T,305.59,240,305.94,40,IBM
2025-11-26,9:50:23.939902669,T,305.59,240,306.08,40,IBM
2025-11-26,9:50:23.949094499,T,305.6,40,306.08,40,IBM
2025-11-26,9:50:23.949114529,T,305.6,120,306.08,40,IBM
2025-11-26,9:50:23.949124634,T,305.6,240,306.08,40,IBM
2025-11-26,9:50:23.950472743,T,305.6,280,306.08,40,IBM
2025-11-26,9:50:24.534372897,T,305.6,240,306.08,40,IBM
2025-11-26,9:50:24.535365239,T,305.6,240,305.86,40,IBM
2025-11-26,9:50:24.612824611,T,305.6,240,306.08,40,IBM
2025-11-26,9:50:33.609648133,T,305.6,240,306.11,40,IBM
2025-11-26,9:50:38.113891473,T,305.6,240,306.08,40,IBM
2025-11-26,9:50:38.118106444,T,305.6,240,306.11,40,IBM
2025-11-26,9:50:40.479157451,T,305.6,240,306.08,40,IBM
2025-11-26,9:50:45.372797748,T,305.7,80,306.08,40,IBM
2025-11-26,9:50:45.372812806,T,305.7,200,306.08,40,IBM
2025-11-26,9:50:47.555524123,T,305.71,120,306.08,40,IBM
2025-11-26,9:50:47.555534194,T,305.71,200,306.08,40,IBM
2025-11-26,9:50:47.609683133,T,305.72,120,306.08,40,IBM
2025-11-26,9:50:47.609693144,T,305.72,200,306.08,40,IBM
2025-11-26,9:50:49.546639398,T,305.72,80,306.08,40,IBM
2025-11-26,9:50:49.546639398,T,305.6,40,306.08,40,IBM
2025-11-26,9:50:49.546664501,T,305.6,40,305.83,40,IBM
2025-11-26,9:50:49.547140595,T,305.6,40,305.77,40,IBM
2025-11-26,9:50:49.547691881,T,305.6,40,305.77,80,IBM
2025-11-26,9:50:49.551155121,T,305.6,40,305.77,40,IBM
2025-11-26,9:50:50.784280892,T,305.59,40,305.77,40,IBM
2025-11-26,9:50:50.891736646,T,305.59,40,305.75,40,IBM
2025-11-26,9:50:50.892112615,T,305.59,40,305.75,120,IBM
2025-11-26,9:50:50.892353249,T,305.59,40,305.75,80,IBM
2025-11-26,9:50:50.892353249,T,305.59,40,305.69,40,IBM
2025-11-26,9:50:50.892408310,T,305.54,40,305.69,40,IBM
2025-11-26,9:50:50.892764153,T,305.54,40,305.64,40,IBM
2025-11-26,9:50:50.893505897,T,305.54,40,305.63,40,IBM
2025-11-26,9:50:50.893751519,T,305.54,40,305.63,80,IBM
2025-11-26,9:50:50.893911983,T,305.47,40,305.63,80,IBM
2025-11-26,9:50:50.893911983,T,305.45,40,305.63,80,IBM
2025-11-26,9:50:50.893931892,T,305.45,40,305.63,120,IBM
2025-11-26,9:50:50.894367994,T,305.45,40,305.58,40,IBM
2025-11-26,9:50:50.894829102,T,305.39,40,305.58,40,IBM
2025-11-26,9:50:50.987178875,T,305.18,160,305.58,40,IBM
2025-11-26,9:50:50.987228998,T,305.18,160,305.53,40,IBM
2025-11-26,9:50:50.987895662,T,305.18,160,305.53,80,IBM
2025-11-26,9:50:50.988181270,T,305.18,160,305.53,40,IBM
2025-11-26,9:50:51.020763808,T,305.18,160,305.8,40,IBM
2025-11-26,9:50:51.021305157,T,305.18,160,305.53,40,IBM
2025-11-26,9:50:51.109680578,T,305.18,160,305.46,40,IBM
2025-11-26,9:50:51.110011275,T,305.18,160,305.46,80,IBM
2025-11-26,9:50:51.110322065,T,305.18,200,305.46,80,IBM
2025-11-26,9:50:51.146172413,T,305.18,200,305.46,40,IBM
2025-11-26,9:50:51.195670278,T,305.18,160,305.46,40,IBM
2025-11-26,9:50:51.196552306,T,305.18,200,305.46,40,IBM
2025-11-26,9:50:52.858188252,T,305.18,200,305.46,80,IBM
2025-11-26,9:50:53.075701024,T,305.18,40,305.46,80,IBM
2025-11-26,9:50:58.299181574,T,305.33,80,305.46,80,IBM
2025-11-26,9:50:58.304298700,T,305.33,80,305.46,40,IBM
2025-11-26,9:50:59.857621747,T,305.33,80,305.96,160,IBM
2025-11-26,9:51:01.553193509,T,305.05,160,305.96,160,IBM
2025-11-26,9:51:01.554160842,T,305.05,160,305.45,40,IBM
2025-11-26,9:51:01.554466574,T,305.05,160,305.4,40,IBM
2025-11-26,9:51:01.554957748,T,305.05,160,305.45,40,IBM
2025-11-26,9:51:01.554997787,T,305.07,80,305.45,40,IBM
2025-11-26,9:51:01.558671518,T,305.07,80,305.66,40,IBM
2025-11-26,9:51:01.558967232,T,305.07,80,305.45,40,IBM
2025-11-26,9:51:01.559227938,T,305.07,80,305.66,40,IBM
2025-11-26,9:51:01.559227938,T,305.07,80,305.56,40,IBM
2025-11-26,9:51:01.559794402,T,305.07,80,305.66,40,IBM
2025-11-26,9:51:01.559794402,T,305.07,80,305.56,40,IBM
2025-11-26,9:51:01.576173232,T,305.05,160,305.56,40,IBM
2025-11-26,9:51:01.590612614,T,305.05,160,305.56,80,IBM
2025-11-26,9:51:01.591033561,T,305.05,160,305.46,40,IBM
2025-11-26,9:51:01.988259262,T,305.05,160,305.29,40,IBM
2025-11-26,9:51:01.988805540,T,305.05,160,305.28,40,IBM
2025-11-26,9:51:01.993221082,T,304.88,320,305.28,40,IBM
2025-11-26,9:51:02.988670917,T,305.0,40,305.28,40,IBM
2025-11-26,9:51:02.989833687,T,305.0,80,305.28,40,IBM
2025-11-26,9:51:05.685536338,T,305.0,40,305.28,40,IBM
2025-11-26,9:51:05.685546374,T,305.0,40,305.46,40,IBM
2025-11-26,9:51:18.889505844,T,305.0,40,305.23,40,IBM
2025-11-26,9:51:22.315086119,T,304.88,360,305.23,40,IBM
2025-11-26,9:51:22.315086119,T,304.88,320,305.23,40,IBM
2025-11-26,9:51:22.315111128,T,304.88,320,305.1,40,IBM
2025-11-26,9:51:22.315812779,T,304.88,320,305.09,40,IBM
2025-11-26,9:51:22.316083445,T,304.88,320,305.09,80,IBM
2025-11-26,9:51:22.321030304,T,304.88,320,305.09,40,IBM
2025-11-26,9:51:22.459038816,T,304.88,200,305.09,40,IBM
2025-11-26,9:51:22.459068904,T,304.88,200,305.08,40,IBM
2025-11-26,9:51:22.459249306,T,304.73,160,305.08,40,IBM
2025-11-26,9:51:22.459269377,T,304.73,160,305.05,40,IBM
2025-11-26,9:51:22.459805600,T,304.73,160,304.97,40,IBM
2025-11-26,9:51:22.468932425,T,304.49,40,304.97,40,IBM
2025-11-26,9:51:22.468942362,T,304.55,200,304.97,40,IBM
2025-11-26,9:51:23.315512860,T,304.75,40,304.97,40,IBM
2025-11-26,9:51:25.521635020,T,304.61,40,304.97,40,IBM
2025-11-26,9:51:25.521660160,T,304.55,200,304.97,40,IBM
2025-11-26,9:51:25.521925694,T,304.55,200,304.91,40,IBM
2025-11-26,9:51:25.522141199,T,304.55,200,304.91,80,IBM
2025-11-26,9:51:25.522487005,T,304.55,200,304.91,40,IBM
2025-11-26,9:51:25.523559576,T,304.55,200,304.88,40,IBM
2025-11-26,9:51:25.523830154,T,304.55,200,304.91,40,IBM
2025-11-26,9:51:25.527764603,T,304.55,200,304.91,80,IBM
2025-11-26,9:51:25.824135230,T,304.55,200,304.91,120,IBM
2025-11-26,9:51:25.824461040,T,304.55,200,304.91,80,IBM
2025-11-26,9:51:25.839080847,T,304.55,200,304.91,40,IBM
2025-11-26,9:51:25.839622108,T,304.55,200,304.9,40,IBM
2025-11-26,9:51:25.839912795,T,304.55,200,304.9,80,IBM
2025-11-26,9:51:26.384073164,T,304.34,40,304.9,80,IBM
2025-11-26,9:51:26.384078190,T,304.41,160,304.9,80,IBM
2025-11-26,9:51:26.384108275,T,304.41,160,304.9,40,IBM
2025-11-26,9:51:26.384639487,T,304.41,160,304.89,40,IBM
2025-11-26,9:51:26.384664715,T,304.41,160,304.9,40,IBM
2025-11-26,9:51:26.384664715,T,304.41,160,304.8,40,IBM
2025-11-26,9:51:26.384990415,T,304.41,160,304.8,80,IBM
2025-11-26,9:51:26.522076752,T,304.5,120,304.8,80,IBM
2025-11-26,9:51:26.522106809,T,304.5,120,304.8,40,IBM
2025-11-26,9:51:26.790485747,T,304.5,120,304.8,80,IBM
2025-11-26,9:51:26.790495686,T,304.5,120,304.79,40,IBM
2025-11-26,9:51:26.790500775,T,304.5,120,304.79,80,IBM
2025-11-26,9:51:26.791277628,T,304.5,120,304.71,80,IBM
2025-11-26,9:51:26.791708609,T,304.5,160,304.71,80,IBM
2025-11-26,9:51:26.792239849,T,304.5,160,304.71,40,IBM
2025-11-26,9:51:26.792515488,T,304.5,160,304.65,40,IBM
2025-11-26,9:51:26.931546495,T,304.51,80,304.65,40,IBM
2025-11-26,9:51:26.931932429,T,304.51,120,304.65,40,IBM
2025-11-26,9:51:32.485513928,T,304.51,120,304.79,40,IBM
2025-11-26,9:51:32.485518776,T,304.51,120,304.8,40,IBM
2025-11-26,9:51:32.485538783,T,304.51,160,304.8,40,IBM
2025-11-26,9:51:32.485869600,T,304.51,160,304.76,200,IBM
2025-11-26,9:51:32.485914752,T,304.51,160,304.64,240,IBM
2025-11-26,9:51:32.485934752,T,304.51,120,304.64,240,IBM
2025-11-26,9:51:32.485940206,T,304.51,120,304.8,40,IBM
2025-11-26,9:51:32.485959860,T,304.51,120,304.64,280,IBM
2025-11-26,9:51:32.485969902,T,304.51,120,304.8,40,IBM
2025-11-26,9:51:32.485990164,T,304.51,120,304.64,280,IBM
2025-11-26,9:51:32.485994959,T,304.51,120,304.8,40,IBM
2025-11-26,9:51:32.486019984,T,304.51,80,304.8,40,IBM
2025-11-26,9:51:32.486255547,T,304.51,80,304.73,40,IBM
2025-11-26,9:51:32.486290642,T,304.51,80,304.61,80,IBM
2025-11-26,9:51:32.486325893,T,304.51,80,304.61,200,IBM
2025-11-26,9:51:32.486340772,T,304.51,80,304.61,80,IBM
2025-11-26,9:51:32.486365834,T,304.51,80,304.73,40,IBM
2025-11-26,9:51:32.486741669,T,304.51,120,304.73,40,IBM
2025-11-26,9:51:32.486947148,T,304.51,120,304.8,40,IBM
2025-11-26,9:51:32.490956731,T,304.51,80,304.8,40,IBM
2025-11-26,9:51:32.491467959,T,304.51,120,304.8,40,IBM
2025-11-26,9:51:38.992835710,T,304.51,120,305.1,40,IBM
2025-11-26,9:51:38.992870763,T,304.51,120,304.98,40,IBM
2025-11-26,9:51:41.881527753,T,304.51,80,304.98,40,IBM
2025-11-26,9:51:41.884043766,T,304.26,320,304.98,40,IBM
2025-11-26,9:51:41.884068830,T,304.26,320,304.76,40,IBM
2025-11-26,9:51:41.884269279,T,304.26,320,304.69,40,IBM
2025-11-26,9:51:41.884409664,T,304.34,40,304.69,40,IBM
2025-11-26,9:51:41.885346924,T,304.34,40,304.76,40,IBM
2025-11-26,9:51:41.886203981,T,304.34,40,304.6,40,IBM
2025-11-26,9:51:41.886494657,T,304.34,40,304.5,40,IBM
2025-11-26,9:51:41.886524739,T,304.26,120,304.5,40,IBM
2025-11-26,9:51:41.887050960,T,304.26,160,304.5,40,IBM
2025-11-26,9:51:41.887943230,T,304.26,40,304.5,40,IBM
2025-11-26,9:51:41.898753769,T,304.26,40,304.6,40,IBM
2025-11-26,9:51:41.901705782,T,304.26,40,304.5,40,IBM
2025-11-26,9:51:41.901720825,T,304.26,40,304.6,40,IBM
2025-11-26,9:51:41.901740891,T,304.26,40,304.68,40,IBM
2025-11-26,9:51:41.901775977,T,304.26,40,304.67,40,IBM
2025-11-26,9:51:42.063836811,T,304.26,40,304.75,40,IBM
2025-11-26,9:51:42.301216975,T,304.09,160,304.75,40,IBM
2025-11-26,9:51:42.301242023,T,304.09,160,304.47,40,IBM
2025-11-26,9:51:42.301272117,T,304.11,80,304.47,40,IBM
2025-11-26,9:51:42.311732273,T,304.11,80,304.67,40,IBM
2025-11-26,9:51:42.312022669,T,304.18,40,304.67,40,IBM
2025-11-26,9:51:42.312358441,T,304.18,40,304.68,40,IBM
2025-11-26,9:51:42.313791891,T,304.18,40,304.66,40,IBM
2025-11-26,9:51:42.401926664,T,304.18,40,304.75,40,IBM
2025-11-26,9:51:42.884475487,T,304.19,120,304.75,40,IBM
2025-11-26,9:51:42.884856432,T,304.19,160,304.75,40,IBM
2025-11-26,9:51:43.348946369,T,304.2,40,304.75,40,IBM
2025-11-26,9:51:43.349252137,T,304.2,80,304.75,40,IBM
2025-11-26,9:51:43.349703225,T,304.2,200,304.75,40,IBM
2025-11-26,9:51:43.883734555,T,304.21,120,304.75,40,IBM
2025-11-26,9:51:43.883929933,T,304.22,40,304.75,40,IBM
2025-11-26,9:51:43.884681766,T,304.22,160,304.75,40,IBM
2025-11-26,9:51:44.061843575,T,304.36,40,304.75,40,IBM
2025-11-26,9:51:44.061878585,T,304.36,40,304.76,40,IBM
2025-11-26,9:51:44.062034031,T,304.36,40,304.81,40,IBM
2025-11-26,9:51:44.062655483,T,304.36,120,304.81,40,IBM
2025-11-26,9:51:44.066790434,T,304.36,80,304.81,40,IBM
2025-11-26,9:51:44.076247842,T,304.37,80,304.81,40,IBM
2025-11-26,9:51:44.076478369,T,304.37,120,304.81,40,IBM
