DATE,TIME_M,EX,BID,BIDSIZ,ASK,ASKSIZ,SYM_ROOT
2025-10-09,9:30:01.141663270,T,288.0,100,290.0,100,IBM
2025-10-09,9:30:01.147562371,T,288.0,100,289.97,100,IBM
2025-10-09,9:30:01.148093635,T,288.0,100,289.98,100,IBM
2025-10-09,9:30:01.149020788,T,288.0,100,290.0,100,IBM
2025-10-09,9:30:01.149587178,T,288.18,100,290.0,100,IBM
2025-10-09,9:30:01.149712537,T,288.18,100,290.48,100,IBM
2025-10-09,9:30:01.149812758,T,288.18,100,290.5,100,IBM
2025-10-09,9:30:01.150293811,T,288.18,100,290.0,100,IBM
2025-10-09,9:30:01.150394009,T,288.18,100,290.48,100,IBM
2025-10-09,9:30:01.150399113,T,288.18,100,290.5,100,IBM
2025-10-09,9:30:01.150489292,T,288.26,100,290.5,100,IBM
2025-10-09,9:30:01.154158029,T,288.18,100,290.5,100,IBM
2025-10-09,9:30:01.156438404,T,288.0,100,290.5,100,IBM
2025-10-09,9:30:01.161846402,T,287.27,100,290.5,100,IBM
2025-10-09,9:30:01.162377592,T,287.5,100,290.5,100,IBM
2025-10-09,9:30:01.162462831,T,288.76,100,290.5,100,IBM
2025-10-09,9:30:01.169073540,T,287.5,100,290.5,100,IBM
2025-10-09,9:30:01.180786462,T,289.0,100,290.5,100,IBM
2025-10-09,9:30:01.224435353,T,289.07,100,290.5,100,IBM
2025-10-09,9:30:01.233572079,T,289.21,100,290.5,100,IBM
2025-10-09,9:30:01.234233718,T,289.59,100,290.5,100,IBM
2025-10-09,9:30:01.234268810,T,289.67,100,290.5,100,IBM
2025-10-09,9:30:01.234323859,T,289.68,100,290.5,100,IBM
2025-10-09,9:30:01.244347757,T,289.8,100,290.5,100,IBM
2025-10-09,9:30:01.244668468,T,289.8,100,290.48,200,IBM
2025-10-09,9:30:01.244969222,T,289.8,200,290.48,200,IBM
2025-10-09,9:30:01.332046569,T,289.8,100,290.48,200,IBM
2025-10-09,9:30:01.332076614,T,288.45,100,290.48,200,IBM
2025-10-09,9:30:01.332111675,T,288.45,100,290.5,100,IBM
2025-10-09,9:30:01.332116723,T,288.45,100,290.48,100,IBM
2025-10-09,9:30:01.332146823,T,288.45,100,289.81,200,IBM
2025-10-09,9:30:01.332176817,T,288.45,100,290.48,100,IBM
2025-10-09,9:30:01.332206895,T,288.45,100,290.5,100,IBM
2025-10-09,9:30:01.333605234,T,288.18,100,290.5,100,IBM
2025-10-09,9:30:01.336251572,T,289.75,100,290.5,100,IBM
2025-10-09,9:30:01.336497120,T,288.18,100,290.5,100,IBM
2025-10-09,9:30:01.336752815,T,289.75,100,290.5,100,IBM
2025-10-09,9:30:01.336807860,T,288.18,100,290.5,100,IBM
2025-10-09,9:30:01.337294096,T,288.18,100,289.75,100,IBM
2025-10-09,9:30:01.337339209,T,288.18,100,290.5,100,IBM
2025-10-09,9:30:01.339449198,T,289.46,100,290.5,100,IBM
2025-10-09,9:30:01.339900292,T,289.46,200,290.5,100,IBM
2025-10-09,9:30:01.365045060,T,289.47,100,290.5,100,IBM
2025-10-09,9:30:01.371625737,T,289.47,200,290.5,100,IBM
2025-10-09,9:30:01.380787651,T,289.62,100,290.5,100,IBM
2025-10-09,9:30:01.388661383,T,289.62,200,290.5,100,IBM
2025-10-09,9:30:01.518610795,T,289.62,200,290.48,100,IBM
2025-10-09,9:30:01.826559154,T,289.62,100,290.48,100,IBM
2025-10-09,9:30:01.826564039,T,288.18,100,290.48,100,IBM
2025-10-09,9:30:01.826589080,T,288.18,100,289.63,100,IBM
2025-10-09,9:30:01.826619142,T,288.18,100,290.0,100,IBM
2025-10-09,9:30:01.829721461,T,289.16,100,290.0,100,IBM
2025-10-09,9:30:01.846591704,T,289.16,100,290.48,100,IBM
2025-10-09,9:30:01.925790307,T,289.16,100,290.1,100,IBM
2025-10-09,9:30:01.935102420,T,289.16,100,290.48,100,IBM
2025-10-09,9:30:02.194560098,T,289.28,100,290.48,100,IBM
2025-10-09,9:30:02.208062170,T,289.66,100,290.48,100,IBM
2025-10-09,9:30:02.208102446,T,288.18,100,290.48,100,IBM
2025-10-09,9:30:02.208337838,T,289.28,100,290.48,100,IBM
2025-10-09,9:30:02.208448214,T,289.28,300,290.48,100,IBM
2025-10-09,9:30:02.216271708,T,289.28,100,290.48,100,IBM
2025-10-09,9:30:02.216296763,T,289.35,200,290.48,100,IBM
2025-10-09,9:30:02.216326947,T,289.28,100,290.48,100,IBM
2025-10-09,9:30:02.216347005,T,289.39,200,290.48,100,IBM
2025-10-09,9:30:02.249215141,T,289.39,300,290.48,100,IBM
2025-10-09,9:30:02.415821740,T,289.39,200,290.48,100,IBM
2025-10-09,9:30:02.449682484,T,289.39,300,290.48,100,IBM
2025-10-09,9:30:02.461219874,T,289.39,200,290.48,100,IBM
2025-10-09,9:30:02.475819755,T,289.39,100,290.48,100,IBM
2025-10-09,9:30:02.475819755,T,289.39,100,290.15,100,IBM
2025-10-09,9:30:02.475844604,T,289.28,100,290.15,100,IBM
2025-10-09,9:30:02.475869662,T,288.18,100,290.15,100,IBM
2025-10-09,9:30:02.475879755,T,288.18,100,290.48,100,IBM
2025-10-09,9:30:02.478435849,T,289.47,100,290.48,100,IBM
2025-10-09,9:30:02.478857029,T,289.47,200,290.48,100,IBM
2025-10-09,9:30:02.487692951,T,289.47,100,290.48,100,IBM
2025-10-09,9:30:02.487692951,T,288.18,100,290.48,100,IBM
2025-10-09,9:30:02.487712903,T,288.18,100,289.87,100,IBM
2025-10-09,9:30:02.490980710,T,289.28,100,289.87,100,IBM
2025-10-09,9:30:02.491401710,T,289.28,200,289.87,100,IBM
2025-10-09,9:30:02.501550846,T,289.56,100,289.87,100,IBM
2025-10-09,9:30:02.501596054,T,289.28,100,289.87,100,IBM
2025-10-09,9:30:02.501731345,T,288.45,100,289.87,100,IBM
2025-10-09,9:30:02.502638415,T,288.26,100,289.87,100,IBM
2025-10-09,9:30:02.502663451,T,288.18,100,289.87,100,IBM
2025-10-09,9:30:02.507710553,T,288.18,100,290.48,200,IBM
2025-10-09,9:30:02.532288990,T,288.18,100,290.13,100,IBM
2025-10-09,9:30:02.556792453,T,288.18,100,289.6,100,IBM
2025-10-09,9:30:02.557093066,T,288.45,100,289.6,100,IBM
2025-10-09,9:30:02.563087401,T,288.45,200,289.6,100,IBM
2025-10-09,9:30:02.563809130,T,288.45,300,289.6,100,IBM
2025-10-09,9:30:02.563834083,T,288.45,200,289.6,100,IBM
2025-10-09,9:30:02.563834083,T,289.0,100,289.6,100,IBM
2025-10-09,9:30:02.563859196,T,289.0,200,289.6,100,IBM
2025-10-09,9:30:02.564260205,T,289.0,300,289.6,100,IBM
2025-10-09,9:30:02.569693163,T,289.0,400,289.6,100,IBM
2025-10-09,9:30:02.569713207,T,289.0,300,289.6,100,IBM
2025-10-09,9:30:02.569713207,T,289.03,100,289.6,100,IBM
2025-10-09,9:30:02.569728150,T,289.03,200,289.6,100,IBM
2025-10-09,9:30:02.569738165,T,289.03,300,289.6,100,IBM
2025-10-09,9:30:02.572534897,T,289.03,200,289.6,100,IBM
2025-10-09,9:30:02.572539825,T,289.03,100,289.6,100,IBM
2025-10-09,9:30:02.572539825,T,289.0,100,289.6,100,IBM
2025-10-09,9:30:02.572559898,T,289.0,100,289.48,100,IBM
2025-10-09,9:30:02.572785773,T,289.0,200,289.48,100,IBM
2025-10-09,9:30:02.572785773,T,289.0,300,289.48,100,IBM
2025-10-09,9:30:02.572800518,T,289.0,400,289.48,100,IBM
2025-10-09,9:30:02.572810816,T,289.03,100,289.48,100,IBM
2025-10-09,9:30:02.572815603,T,289.03,200,289.48,100,IBM
2025-10-09,9:30:02.575045809,T,289.07,100,289.48,100,IBM
2025-10-09,9:30:02.575070967,T,289.07,200,289.48,100,IBM
2025-10-09,9:30:02.575070967,T,289.07,300,289.48,100,IBM
2025-10-09,9:30:02.582353522,T,289.07,200,289.48,100,IBM
2025-10-09,9:30:02.582353522,T,289.07,100,289.48,100,IBM
2025-10-09,9:30:02.592557549,T,289.07,100,290.15,100,IBM
2025-10-09,9:30:02.596787653,T,289.07,200,290.15,100,IBM
2025-10-09,9:30:02.598100780,T,289.07,100,290.15,100,IBM
2025-10-09,9:30:02.598100780,T,287.5,100,290.15,100,IBM
2025-10-09,9:30:02.598125778,T,287.5,100,290.13,100,IBM
2025-10-09,9:30:02.604551114,T,288.26,100,290.13,100,IBM
2025-10-09,9:30:02.609748409,T,288.26,200,290.13,100,IBM
2025-10-09,9:30:02.698184027,T,288.26,200,290.48,200,IBM
2025-10-09,9:30:02.827015793,T,288.5,100,290.48,200,IBM
2025-10-09,9:30:02.827030853,T,288.5,200,290.48,200,IBM
2025-10-09,9:30:02.848742501,T,288.5,300,290.48,200,IBM
2025-10-09,9:30:02.904365015,T,289.1,100,290.48,200,IBM
2025-10-09,9:30:02.904370027,T,289.1,200,290.48,200,IBM
2025-10-09,9:30:02.975965502,T,289.1,200,290.48,100,IBM
2025-10-09,9:30:03.061714694,T,289.1,300,290.48,100,IBM
2025-10-09,9:30:03.077356864,T,289.1,200,290.48,100,IBM
2025-10-09,9:30:03.587451149,T,289.1,300,290.48,100,IBM
2025-10-09,9:30:05.952842341,T,289.11,100,290.48,100,IBM
2025-10-09,9:30:05.952857400,T,289.11,200,290.48,100,IBM
2025-10-09,9:30:05.953268415,T,289.11,300,290.48,100,IBM
2025-10-09,9:30:05.953799855,T,289.3,100,290.48,100,IBM
2025-10-09,9:30:05.953809645,T,290.05,100,290.48,100,IBM
2025-10-09,9:30:05.953819650,T,290.05,200,290.48,100,IBM
2025-10-09,9:30:05.953834767,T,290.13,100,290.48,100,IBM
2025-10-09,9:30:05.953864770,T,289.32,100,290.48,100,IBM
2025-10-09,9:30:05.957483382,T,289.32,200,290.48,100,IBM
2025-10-09,9:30:05.964860979,T,289.32,300,290.48,100,IBM
2025-10-09,9:30:05.973807285,T,289.32,200,290.48,100,IBM
2025-10-09,9:30:08.399948131,T,289.32,300,290.48,100,IBM
2025-10-09,9:30:08.400374105,T,289.32,200,290.48,100,IBM
2025-10-09,9:30:20.737545177,T,289.32,100,290.48,100,IBM
2025-10-09,9:30:20.738407270,T,288.15,100,290.48,100,IBM
2025-10-09,9:30:20.738522462,T,288.15,100,289.32,100,IBM
2025-10-09,9:30:20.738562647,T,288.15,100,290.48,100,IBM
2025-10-09,9:30:20.739068753,T,288.1,100,290.48,100,IBM
2025-10-09,9:30:20.739169134,T,288.26,100,290.48,100,IBM
2025-10-09,9:30:20.739169134,T,288.26,100,289.32,100,IBM
2025-10-09,9:30:20.739439666,T,288.26,100,290.48,100,IBM
2025-10-09,9:30:20.937561397,T,288.26,100,289.73,100,IBM
2025-10-09,9:30:20.937786876,T,288.18,100,289.73,100,IBM
2025-10-09,9:30:20.938077583,T,288.18,100,289.87,100,IBM
2025-10-09,9:30:20.938263085,T,288.18,100,289.73,100,IBM
2025-10-09,9:30:20.939280445,T,288.18,100,289.51,100,IBM
2025-10-09,9:30:20.941881734,T,288.18,100,289.52,100,IBM
2025-10-09,9:30:20.945866089,T,288.18,100,289.73,100,IBM
2025-10-09,9:30:20.956295996,T,288.18,100,290.48,100,IBM
2025-10-09,9:30:20.987755866,T,288.18,100,289.62,100,IBM
2025-10-09,9:30:20.988181840,T,288.18,100,289.62,200,IBM
2025-10-09,9:30:21.050941344,T,288.18,100,289.61,300,IBM
2025-10-09,9:30:21.051928686,T,288.18,100,289.61,400,IBM
2025-10-09,9:30:21.290210892,T,288.18,100,289.61,200,IBM
2025-10-09,9:30:21.438067876,T,288.18,100,289.61,100,IBM
2025-10-09,9:30:21.446658264,T,288.18,100,290.48,100,IBM
2025-10-09,9:30:21.449941143,T,288.18,100,290.19,100,IBM
2025-10-09,9:30:21.450362140,T,288.18,100,290.19,200,IBM
2025-10-09,9:30:21.492131615,T,288.18,100,290.18,300,IBM
2025-10-09,9:30:21.493309386,T,288.18,100,290.18,400,IBM
2025-10-09,9:30:21.556184001,T,288.18,100,290.18,500,IBM
2025-10-09,9:30:23.202308260,T,288.18,100,290.18,600,IBM
2025-10-09,9:30:23.391648872,T,288.18,100,290.18,700,IBM
2025-10-09,9:30:23.391673948,T,288.18,100,290.18,600,IBM
2025-10-09,9:30:23.391689076,T,288.18,100,290.18,700,IBM
2025-10-09,9:30:23.392621345,T,288.18,100,290.18,600,IBM
2025-10-09,9:30:23.392911940,T,288.18,100,290.18,500,IBM
2025-10-09,9:30:23.398089328,T,288.18,100,290.18,200,IBM
2025-10-09,9:30:27.518799342,T,288.26,100,290.18,200,IBM
2025-10-09,9:30:27.567394932,T,288.26,100,290.16,100,IBM
2025-10-09,9:30:28.067771333,T,288.26,100,290.18,200,IBM
2025-10-09,9:30:28.261226870,T,288.26,100,290.16,100,IBM
2025-10-09,9:30:28.261988727,T,288.26,100,290.16,200,IBM
2025-10-09,9:30:28.293889604,T,288.26,100,290.16,300,IBM
2025-10-09,9:30:28.761242254,T,288.26,100,290.16,200,IBM
2025-10-09,9:30:28.762054140,T,288.26,100,290.16,100,IBM
2025-10-09,9:30:28.762344820,T,288.26,100,290.18,200,IBM
2025-10-09,9:30:29.929112611,T,288.26,100,290.17,100,IBM
2025-10-09,9:30:29.929899517,T,288.26,100,290.17,200,IBM
2025-10-09,9:30:29.930114997,T,288.26,100,290.17,300,IBM
2025-10-09,9:30:30.013428353,T,288.26,100,290.16,100,IBM
2025-10-09,9:30:30.014094953,T,288.26,100,290.16,200,IBM
2025-10-09,9:30:30.014385615,T,288.26,100,290.16,300,IBM
2025-10-09,9:30:32.357960109,T,288.26,100,290.16,200,IBM
2025-10-09,9:30:32.358250877,T,288.26,100,290.16,100,IBM
2025-10-09,9:30:32.358772172,T,288.26,100,290.18,200,IBM
2025-10-09,9:30:32.358782126,T,288.5,100,290.18,200,IBM
2025-10-09,9:30:32.358997728,T,288.5,100,290.16,100,IBM
2025-10-09,9:30:32.367247259,T,288.26,100,290.16,100,IBM
2025-10-09,9:30:32.367262297,T,288.26,100,290.16,200,IBM
2025-10-09,9:30:32.368790985,T,288.26,100,290.16,100,IBM
2025-10-09,9:30:32.369211905,T,288.26,100,290.18,200,IBM
2025-10-09,9:30:32.865062445,T,288.5,100,290.18,200,IBM
2025-10-09,9:30:33.274557198,T,288.5,100,290.16,100,IBM
2025-10-09,9:30:33.302709201,T,288.26,100,290.16,100,IBM
2025-10-09,9:30:33.826320607,T,288.26,100,290.1,100,IBM
2025-10-09,9:30:33.826491149,T,288.26,100,290.16,100,IBM
2025-10-09,9:30:34.327027583,T,288.26,100,290.02,100,IBM
2025-10-09,9:30:34.327062745,T,288.26,100,290.16,100,IBM
2025-10-09,9:30:34.327453669,T,288.26,100,290.02,100,IBM
2025-10-09,9:30:34.338098902,T,288.26,100,290.16,100,IBM
2025-10-09,9:30:36.444779523,T,288.49,100,290.16,100,IBM
2025-10-09,9:30:36.445015195,T,288.16,100,290.16,100,IBM
2025-10-09,9:30:36.445065190,T,288.18,100,290.16,100,IBM
2025-10-09,9:30:36.446097712,T,288.16,100,290.16,100,IBM
2025-10-09,9:30:36.446147840,T,288.18,100,290.16,100,IBM
2025-10-09,9:30:36.446313209,T,288.18,100,290.18,200,IBM
2025-10-09,9:30:36.446353351,T,288.49,100,290.18,200,IBM
2025-10-09,9:30:36.446719216,T,288.18,100,290.18,200,IBM
2025-10-09,9:30:36.446724161,T,288.18,100,290.16,100,IBM
2025-10-09,9:30:36.544867829,T,288.15,100,290.16,100,IBM
2025-10-09,9:30:37.553875099,T,288.16,100,290.16,100,IBM
2025-10-09,9:30:37.554641879,T,288.16,100,290.06,100,IBM
2025-10-09,9:30:37.554676974,T,288.16,100,290.16,100,IBM
2025-10-09,9:30:37.555057886,T,288.15,100,290.16,100,IBM
2025-10-09,9:30:37.555148116,T,288.34,100,290.16,100,IBM
2025-10-09,9:30:37.555829719,T,288.5,100,290.16,100,IBM
2025-10-09,9:30:37.555914998,T,288.26,100,290.16,100,IBM
2025-10-09,9:30:37.562019525,T,288.26,100,290.19,100,IBM
2025-10-09,9:30:38.327556808,T,288.26,100,290.16,100,IBM
2025-10-09,9:30:48.826331007,T,288.26,100,290.02,100,IBM
2025-10-09,9:30:48.826762120,T,288.26,100,290.02,200,IBM
2025-10-09,9:30:49.208155027,T,288.26,100,290.0,100,IBM
2025-10-09,9:30:49.208200197,T,288.26,100,290.02,200,IBM
2025-10-09,9:30:49.208375512,T,288.26,100,290.02,100,IBM
2025-10-09,9:30:49.226047572,T,288.26,100,289.97,100,IBM
2025-10-09,9:30:49.229556001,T,288.26,100,290.02,100,IBM
2025-10-09,9:30:49.234497741,T,288.26,100,290.48,100,IBM
2025-10-09,9:30:49.234507779,T,288.5,100,290.48,100,IBM
2025-10-09,9:30:52.193176537,T,288.18,100,290.48,100,IBM
2025-10-09,9:30:52.193186536,T,288.18,100,289.84,100,IBM
2025-10-09,9:30:52.211510131,T,288.18,100,290.48,100,IBM
2025-10-09,9:30:53.325412069,T,288.18,100,289.83,100,IBM
2025-10-09,9:30:56.224558916,T,288.18,100,289.67,100,IBM
2025-10-09,9:30:56.224558916,T,288.18,100,289.6,100,IBM
2025-10-09,9:30:56.224769492,T,288.18,100,289.6,200,IBM
2025-10-09,9:30:56.224984968,T,288.18,100,289.6,300,IBM
2025-10-09,9:30:56.225150402,T,288.1,100,289.6,300,IBM
2025-10-09,9:30:56.225185476,T,287.98,100,289.6,300,IBM
2025-10-09,9:30:56.225651577,T,287.8,100,289.6,300,IBM
2025-10-09,9:30:56.226227898,T,287.8,100,288.95,100,IBM
2025-10-09,9:30:56.226573706,T,287.8,100,289.6,300,IBM
2025-10-09,9:30:56.226944681,T,288.18,100,289.6,300,IBM
2025-10-09,9:30:56.233635530,T,288.18,100,289.6,200,IBM
2025-10-09,9:30:56.235023916,T,288.18,100,289.6,100,IBM
2025-10-09,9:30:56.235309556,T,288.18,100,289.67,100,IBM
2025-10-09,9:30:56.235515120,T,288.18,100,289.6,100,IBM
2025-10-09,9:30:56.236021254,T,288.18,100,289.6,200,IBM
2025-10-09,9:30:56.323745057,T,288.18,100,289.6,100,IBM
2025-10-09,9:30:56.323975677,T,288.18,100,289.67,100,IBM
2025-10-09,9:30:57.225757576,T,288.18,100,289.6,100,IBM
2025-10-09,9:30:57.225797769,T,288.18,100,289.67,100,IBM
2025-10-09,9:30:58.467744579,T,288.18,100,289.59,100,IBM
2025-10-09,9:30:58.467954960,T,288.18,100,289.59,200,IBM
2025-10-09,9:30:58.468170507,T,288.18,100,289.59,300,IBM
2025-10-09,9:30:58.468335878,T,287.97,100,289.59,300,IBM
2025-10-09,9:30:58.476034266,T,287.97,100,289.59,200,IBM
2025-10-09,9:30:58.477713161,T,287.8,100,289.59,200,IBM
2025-10-09,9:30:58.477723205,T,287.8,100,289.59,300,IBM
2025-10-09,9:30:58.477938742,T,288.18,100,289.59,300,IBM
2025-10-09,9:30:58.477963865,T,288.18,100,289.59,200,IBM
2025-10-09,9:30:58.478189361,T,288.18,100,289.59,100,IBM
2025-10-09,9:30:58.478239421,T,287.8,100,289.59,100,IBM
2025-10-09,9:30:58.497610593,T,287.97,100,289.59,100,IBM
2025-10-09,9:30:58.498232035,T,288.26,100,289.59,100,IBM
2025-10-09,9:30:58.498933723,T,288.26,100,289.59,200,IBM
2025-10-09,9:30:58.499144183,T,288.26,100,289.59,300,IBM
2025-10-09,9:30:58.516620789,T,287.97,100,289.59,300,IBM
2025-10-09,9:31:00.678287339,T,287.98,200,289.59,300,IBM
2025-10-09,9:31:00.678291761,T,287.98,200,289.53,200,IBM
2025-10-09,9:31:00.678326895,T,287.98,200,289.53,300,IBM
2025-10-09,9:31:00.679218981,T,287.98,200,289.53,400,IBM
2025-10-09,9:31:00.696008959,T,287.98,200,289.53,300,IBM
2025-10-09,9:31:00.836217824,T,287.98,200,289.53,400,IBM
2025-10-09,9:31:00.879370569,T,287.98,200,289.53,300,IBM
2025-10-09,9:31:00.879601034,T,287.98,200,289.53,200,IBM
2025-10-09,9:31:04.659896119,T,287.98,200,289.5,100,IBM
2025-10-09,9:31:04.744201818,T,287.98,200,289.4,100,IBM
2025-10-09,9:31:04.744627858,T,287.98,200,289.4,200,IBM
2025-10-09,9:31:06.452258174,T,287.98,200,289.4,100,IBM
2025-10-09,9:31:07.716322381,T,287.98,200,289.4,200,IBM
2025-10-09,9:31:23.322646585,T,287.98,200,289.4,100,IBM
2025-10-09,9:31:23.331201947,T,287.98,200,289.5,100,IBM
2025-10-09,9:31:23.443589483,T,287.98,200,289.53,300,IBM
2025-10-09,9:31:23.453678565,T,288.26,100,289.53,300,IBM
2025-10-09,9:31:23.490180403,T,288.26,100,289.53,200,IBM
2025-10-09,9:31:25.726950641,T,288.26,100,289.67,100,IBM
2025-10-09,9:31:25.726960681,T,288.26,100,289.29,200,IBM
2025-10-09,9:31:25.727386797,T,288.26,100,289.29,300,IBM
2025-10-09,9:31:25.735531058,T,287.98,200,289.29,300,IBM
2025-10-09,9:31:25.735741568,T,287.98,200,289.29,400,IBM
2025-10-09,9:31:25.770810052,T,287.98,200,289.29,300,IBM
2025-10-09,9:31:25.771100733,T,287.98,200,289.29,200,IBM
2025-10-09,9:31:25.892860753,T,287.98,200,289.28,100,IBM
2025-10-09,9:31:26.305778750,T,287.98,200,289.28,200,IBM
2025-10-09,9:31:26.305989215,T,287.98,200,289.28,300,IBM
2025-10-09,9:31:26.357932885,T,287.98,200,289.28,200,IBM
2025-10-09,9:31:26.361902355,T,288.41,100,289.28,200,IBM
2025-10-09,9:31:27.589344437,T,288.41,100,289.28,100,IBM
2025-10-09,9:31:33.373755345,T,288.41,200,289.28,100,IBM
2025-10-09,9:31:37.716489285,T,288.41,100,289.28,100,IBM
2025-10-09,9:31:54.032893710,T,288.41,200,289.28,100,IBM
2025-10-09,9:32:00.888399671,T,288.41,100,289.28,100,IBM
2025-10-09,9:32:05.279292926,T,288.18,100,289.28,100,IBM
2025-10-09,9:32:09.438098699,T,288.31,200,289.28,100,IBM
2025-10-09,9:32:09.453841240,T,288.42,100,289.28,100,IBM
2025-10-09,9:32:09.453916417,T,288.55,100,289.28,100,IBM
2025-10-09,9:32:09.455003948,T,288.42,100,289.28,100,IBM
2025-10-09,9:32:09.476013950,T,288.37,100,289.28,100,IBM
2025-10-09,9:32:09.954037064,T,288.31,200,289.28,100,IBM
2025-10-09,9:32:09.954067101,T,288.37,100,289.28,100,IBM
2025-10-09,9:32:11.457391118,T,288.31,200,289.28,100,IBM
2025-10-09,9:32:11.457426689,T,288.37,100,289.28,100,IBM
2025-10-09,9:32:11.457426689,T,288.31,200,289.28,100,IBM
2025-10-09,9:32:11.457461326,T,288.31,300,289.28,100,IBM
2025-10-09,9:32:13.457978848,T,288.31,200,289.28,100,IBM
2025-10-09,9:32:27.277664379,T,288.31,200,289.18,200,IBM
2025-10-09,9:32:28.860893456,T,288.18,100,289.18,200,IBM
2025-10-09,9:32:38.211855021,T,288.15,100,289.18,200,IBM
2025-10-09,9:32:40.935423995,T,288.15,100,289.96,100,IBM
2025-10-09,9:32:40.935429057,T,288.15,100,289.03,200,IBM
2025-10-09,9:32:41.109007281,T,288.26,100,289.03,200,IBM
2025-10-09,9:32:41.109027377,T,288.42,100,289.03,200,IBM
2025-10-09,9:32:41.109187910,T,288.43,100,289.03,200,IBM
2025-10-09,9:32:41.109197630,T,288.49,100,289.03,200,IBM
2025-10-09,9:32:41.109403208,T,288.59,100,289.03,200,IBM
2025-10-09,9:32:41.109578596,T,288.59,100,290.02,100,IBM
2025-10-09,9:32:41.109578596,T,288.43,100,290.02,100,IBM
2025-10-09,9:32:41.109598731,T,288.42,100,290.02,100,IBM
2025-10-09,9:32:41.109633673,T,288.37,100,290.02,100,IBM
2025-10-09,9:32:41.109648762,T,288.42,100,290.02,100,IBM
2025-10-09,9:32:41.109658792,T,288.42,100,289.96,100,IBM
2025-10-09,9:32:41.109673868,T,288.42,100,290.02,100,IBM
2025-10-09,9:32:41.109688801,T,288.37,100,290.02,100,IBM
2025-10-09,9:32:41.109699082,T,288.42,100,290.02,100,IBM
2025-10-09,9:32:41.109869388,T,288.37,100,290.02,100,IBM
2025-10-09,9:32:41.109904428,T,288.37,100,289.96,100,IBM
2025-10-09,9:32:41.109969487,T,288.37,100,289.84,100,IBM
2025-10-09,9:32:41.110055140,T,288.34,100,289.84,100,IBM
2025-10-09,9:32:41.110154918,T,288.42,100,289.84,100,IBM
2025-10-09,9:32:41.110435661,T,288.43,100,289.84,100,IBM
2025-10-09,9:32:41.110455739,T,288.43,100,289.96,100,IBM
2025-10-09,9:32:41.110556001,T,288.43,100,289.84,100,IBM
2025-10-09,9:32:41.110580964,T,288.43,100,289.96,100,IBM
2025-10-09,9:32:41.110580964,T,288.42,100,289.96,100,IBM
2025-10-09,9:32:41.110671295,T,288.42,100,290.02,100,IBM
2025-10-09,9:32:41.111854049,T,288.42,100,289.34,200,IBM
2025-10-09,9:32:41.129029857,T,288.42,100,289.34,300,IBM
2025-10-09,9:32:41.130287843,T,288.42,100,289.34,400,IBM
2025-10-09,9:32:41.209000223,T,288.37,100,289.34,400,IBM
2025-10-09,9:32:41.209260960,T,288.34,100,289.34,400,IBM
2025-10-09,9:32:41.209972651,T,288.27,100,289.34,400,IBM
2025-10-09,9:32:41.209997667,T,288.26,100,289.34,400,IBM
2025-10-09,9:32:41.210027706,T,288.27,100,289.34,400,IBM
2025-10-09,9:32:43.050208726,T,288.27,100,289.0,100,IBM
2025-10-09,9:32:46.346491238,T,288.26,100,289.0,100,IBM
2025-10-09,9:32:46.346581474,T,288.15,100,289.0,100,IBM
2025-10-09,9:33:14.571897306,T,288.11,100,289.0,100,IBM
2025-10-09,9:33:22.902219348,T,288.15,100,289.0,100,IBM
2025-10-09,9:33:22.902239405,T,288.42,100,289.0,100,IBM
2025-10-09,9:33:22.902269869,T,288.47,100,289.0,100,IBM
2025-10-09,9:33:22.902635329,T,288.42,100,289.0,100,IBM
2025-10-09,9:33:22.908243748,T,288.26,100,289.0,100,IBM
2025-10-09,9:33:22.908268766,T,288.15,100,289.0,100,IBM
2025-10-09,9:33:22.908283782,T,288.15,100,288.99,100,IBM
2025-10-09,9:33:23.187022430,T,288.15,100,289.0,100,IBM
2025-10-09,9:33:31.408319794,T,288.15,100,288.99,100,IBM
2025-10-09,9:33:31.430672942,T,288.15,100,289.0,100,IBM
2025-10-09,9:33:34.565510905,T,288.15,100,288.99,100,IBM
2025-10-09,9:33:34.565591062,T,288.15,100,289.0,100,IBM
2025-10-09,9:33:34.895697040,T,288.4,100,289.0,100,IBM
2025-10-09,9:33:39.216673850,T,288.4,100,288.99,100,IBM
2025-10-09,9:33:39.217290285,T,288.4,100,289.0,100,IBM
2025-10-09,9:33:39.217345365,T,288.4,100,288.99,100,IBM
2025-10-09,9:33:39.227484500,T,288.4,100,289.0,100,IBM
2025-10-09,9:33:39.250925317,T,288.15,100,289.0,100,IBM
2025-10-09,9:33:39.250985428,T,288.15,100,288.99,100,IBM
2025-10-09,9:33:39.251216048,T,288.11,100,288.99,100,IBM
2025-10-09,9:33:39.251220992,T,288.11,100,288.99,200,IBM
2025-10-09,9:33:39.251326266,T,288.1,100,288.99,200,IBM
2025-10-09,9:33:39.251341302,T,288.1,100,288.7,100,IBM
2025-10-09,9:33:39.262833781,T,288.1,100,289.0,200,IBM
2025-10-09,9:33:39.280019589,T,288.1,100,288.98,100,IBM
2025-10-09,9:33:39.280029572,T,288.1,100,288.7,100,IBM
2025-10-09,9:33:39.288309332,T,288.1,100,288.98,100,IBM
2025-10-09,9:33:39.309830558,T,288.1,100,288.7,100,IBM
2025-10-09,9:33:39.317268244,T,288.1,100,288.98,100,IBM
2025-10-09,9:33:39.351569869,T,288.1,100,288.99,100,IBM
2025-10-09,9:33:39.351574984,T,288.1,100,289.0,200,IBM
2025-10-09,9:33:39.351590020,T,288.1,100,289.0,100,IBM
2025-10-09,9:33:59.507064370,T,287.89,200,289.0,100,IBM
2025-10-09,9:33:59.507099505,T,288.0,100,289.0,100,IBM
2025-10-09,9:34:02.644403378,T,288.1,100,289.0,100,IBM
2025-10-09,9:34:04.916667744,T,288.11,100,289.0,100,IBM
2025-10-09,9:34:04.916687875,T,288.11,100,288.7,100,IBM
2025-10-09,9:34:04.916692991,T,288.11,100,288.72,100,IBM
2025-10-09,9:34:04.916702850,T,288.15,100,288.72,100,IBM
2025-10-09,9:34:04.916722907,T,288.15,100,289.0,100,IBM
2025-10-09,9:34:04.916762963,T,288.3,100,289.0,100,IBM
2025-10-09,9:34:04.917058797,T,288.3,100,289.0,200,IBM
2025-10-09,9:34:04.917083901,T,288.15,100,289.0,200,IBM
2025-10-09,9:34:04.917113970,T,288.15,100,289.0,600,IBM
2025-10-09,9:34:04.917489713,T,288.15,100,289.0,700,IBM
2025-10-09,9:34:04.919410064,T,288.15,100,289.0,800,IBM
2025-10-09,9:34:04.919429313,T,288.11,100,289.0,800,IBM
2025-10-09,9:34:04.919434393,T,288.11,100,289.0,700,IBM
2025-10-09,9:34:04.919434393,T,288.11,100,289.0,300,IBM
2025-10-09,9:34:04.919444392,T,288.11,100,289.0,200,IBM
2025-10-09,9:34:04.919449413,T,288.11,100,289.0,100,IBM
2025-10-09,9:34:04.919464400,T,288.52,100,289.0,100,IBM
2025-10-09,9:34:04.919474450,T,288.52,100,288.99,600,IBM
2025-10-09,9:34:04.919474450,T,288.11,100,288.99,600,IBM
2025-10-09,9:34:05.644871514,T,288.1,100,288.99,600,IBM
2025-10-09,9:34:07.986310611,T,288.1,100,289.0,100,IBM
2025-10-09,9:34:07.986330657,T,288.11,100,289.0,100,IBM
2025-10-09,9:34:07.986335782,T,288.11,100,288.47,600,IBM
2025-10-09,9:34:07.986355737,T,288.11,100,288.47,500,IBM
2025-10-09,9:34:07.986360728,T,288.11,100,289.0,100,IBM
2025-10-09,9:34:07.986360728,T,288.1,100,289.0,100,IBM
2025-10-09,9:34:20.255505044,T,288.1,100,288.74,100,IBM
2025-10-09,9:34:20.283321340,T,288.1,100,289.0,100,IBM
2025-10-09,9:34:20.283692495,T,288.1,100,288.73,100,IBM
2025-10-09,9:34:20.284268548,T,288.1,100,289.0,100,IBM
2025-10-09,9:34:26.318103066,T,288.1,100,289.0,200,IBM
2025-10-09,9:34:26.318619325,T,288.1,100,288.69,100,IBM
2025-10-09,9:34:26.436700364,T,288.0,100,288.69,100,IBM
2025-10-09,9:34:26.453299908,T,287.86,200,288.69,100,IBM
2025-10-09,9:34:26.453590614,T,287.86,200,288.68,100,IBM
2025-10-09,9:34:26.453625704,T,287.86,200,288.61,100,IBM
2025-10-09,9:34:26.453645730,T,287.86,200,288.48,100,IBM
2025-10-09,9:34:26.454207061,T,287.86,200,288.47,100,IBM
2025-10-09,9:34:26.454222223,T,287.86,200,288.32,100,IBM
2025-10-09,9:34:26.454262253,T,288.0,100,288.32,100,IBM
2025-10-09,9:34:26.454267608,T,287.86,300,288.32,100,IBM
2025-10-09,9:34:26.454272632,T,287.86,300,288.47,100,IBM
2025-10-09,9:34:26.454623096,T,287.86,100,288.47,100,IBM
2025-10-09,9:34:26.454648148,T,287.8,100,288.47,100,IBM
2025-10-09,9:34:26.454738384,T,287.8,100,288.68,100,IBM
2025-10-09,9:34:26.454878637,T,287.62,100,288.68,100,IBM
2025-10-09,9:34:26.456021369,T,287.62,100,288.69,100,IBM
2025-10-09,9:34:26.460722624,T,287.64,200,288.69,100,IBM
2025-10-09,9:34:28.166919653,T,287.95,100,288.69,100,IBM
2025-10-09,9:34:36.450770777,T,287.95,100,288.9,200,IBM
2025-10-09,9:34:40.231987685,T,287.95,100,288.9,300,IBM
2025-10-09,9:34:46.443109510,T,287.64,200,288.9,300,IBM
2025-10-09,9:34:46.443109510,T,287.64,200,288.38,100,IBM
2025-10-09,9:34:46.443124557,T,287.64,200,288.35,100,IBM
2025-10-09,9:34:46.443139558,T,287.64,200,288.34,100,IBM
2025-10-09,9:34:46.443435315,T,287.64,200,288.28,100,IBM
2025-10-09,9:34:46.443445231,T,287.64,200,288.18,100,IBM
2025-10-09,9:34:46.443806106,T,287.64,200,288.14,100,IBM
2025-10-09,9:34:46.444142015,T,287.64,300,288.14,100,IBM
2025-10-09,9:34:46.444156967,T,287.64,200,288.14,100,IBM
2025-10-09,9:34:46.444522934,T,287.5,100,288.14,100,IBM
2025-10-09,9:34:46.463793721,T,287.5,100,288.38,100,IBM
2025-10-09,9:34:57.186371130,T,287.5,100,288.6,100,IBM
2025-10-09,9:34:57.186371130,T,287.5,100,288.67,200,IBM
2025-10-09,9:34:57.186421185,T,287.5,100,288.6,100,IBM
2025-10-09,9:34:57.810056016,T,287.5,100,288.67,200,IBM
2025-10-09,9:34:57.810086039,T,287.5,100,288.67,300,IBM
2025-10-09,9:34:58.304803822,T,287.5,100,288.67,200,IBM
2025-10-09,9:34:58.610677024,T,287.5,100,288.67,300,IBM
2025-10-09,9:35:00.263035668,T,287.5,100,288.67,200,IBM
2025-10-09,9:35:01.882055261,T,287.81,100,288.67,200,IBM
2025-10-09,9:35:01.927433201,T,287.81,100,288.6,100,IBM
2025-10-09,9:35:02.132822204,T,287.57,200,288.6,100,IBM
2025-10-09,9:35:07.853676675,T,287.57,200,288.38,100,IBM
2025-10-09,9:35:07.854062621,T,287.57,200,288.0,100,IBM
2025-10-09,9:35:07.854087705,T,287.57,200,288.38,100,IBM
2025-10-09,9:35:07.854092764,T,287.57,200,288.0,100,IBM
2025-10-09,9:35:07.854117779,T,287.57,200,288.33,100,IBM
2025-10-09,9:35:07.854127728,T,287.57,200,288.0,100,IBM
2025-10-09,9:35:07.854849487,T,287.44,100,288.0,100,IBM
2025-10-09,9:35:08.663449596,T,287.38,300,288.0,100,IBM
2025-10-09,9:35:08.663474621,T,287.38,200,288.0,100,IBM
2025-10-09,9:35:08.791273842,T,287.38,200,288.0,200,IBM
2025-10-09,9:35:08.797082720,T,287.38,200,288.0,100,IBM
2025-10-09,9:35:08.854795034,T,287.38,200,288.0,200,IBM
2025-10-09,9:35:08.855326393,T,287.3,200,288.0,200,IBM
2025-10-09,9:35:08.855351429,T,287.3,100,288.0,200,IBM
2025-10-09,9:35:08.855521848,T,287.5,100,288.0,200,IBM
2025-10-09,9:35:08.855541818,T,287.5,100,288.0,100,IBM
2025-10-09,9:35:08.859802062,T,287.3,200,288.0,100,IBM
2025-10-09,9:35:08.866122083,T,287.5,100,288.0,100,IBM
2025-10-09,9:35:08.866157088,T,287.53,100,288.0,100,IBM
2025-10-09,9:35:09.123885724,T,287.5,100,288.0,100,IBM
2025-10-09,9:35:09.123910823,T,287.3,200,288.0,100,IBM
2025-10-09,9:35:10.090125964,T,287.3,200,287.82,100,IBM
2025-10-09,9:35:10.099022134,T,287.3,100,287.82,100,IBM
2025-10-09,9:35:11.253390554,T,287.3,100,287.82,200,IBM
2025-10-09,9:35:19.268025727,T,287.3,100,287.81,300,IBM
2025-10-09,9:35:19.268075865,T,287.3,100,287.81,100,IBM
2025-10-09,9:35:19.268942959,T,287.3,100,287.82,200,IBM
2025-10-09,9:35:23.104970289,T,287.18,200,287.82,200,IBM
2025-10-09,9:35:23.109049916,T,286.9,100,287.82,200,IBM
2025-10-09,9:35:23.109060009,T,286.99,200,287.82,200,IBM
2025-10-09,9:35:23.142449438,T,286.99,200,287.82,300,IBM
2025-10-09,9:35:23.142454523,T,286.99,200,287.77,100,IBM
2025-10-09,9:35:23.146734707,T,286.99,200,287.82,300,IBM
2025-10-09,9:35:23.148348518,T,286.99,200,287.82,200,IBM
2025-10-09,9:35:23.148654282,T,286.99,200,287.82,300,IBM
2025-10-09,9:35:23.150413370,T,286.99,200,287.82,200,IBM
2025-10-09,9:35:24.103868217,T,287.27,100,287.82,200,IBM
2025-10-09,9:35:24.666272228,T,287.29,100,287.82,200,IBM
2025-10-09,9:35:26.161271322,T,287.34,100,287.82,200,IBM
2025-10-09,9:35:27.040720028,T,287.34,200,287.82,200,IBM
2025-10-09,9:35:27.040955646,T,287.34,100,287.82,200,IBM
2025-10-09,9:35:27.041852694,T,287.34,100,287.82,300,IBM
2025-10-09,9:35:29.133312332,T,287.34,100,287.82,200,IBM
2025-10-09,9:35:29.133312332,T,287.34,100,287.82,100,IBM
2025-10-09,9:35:29.133316971,T,287.34,100,288.0,200,IBM
2025-10-09,9:35:29.133316971,T,287.34,100,288.0,100,IBM
2025-10-09,9:35:29.133337286,T,287.82,100,288.0,100,IBM
2025-10-09,9:35:29.133362545,T,287.34,100,288.0,100,IBM
2025-10-09,9:35:29.133367063,T,287.52,100,288.0,100,IBM
2025-10-09,9:35:29.133392172,T,287.34,200,288.0,100,IBM
2025-10-09,9:35:29.133402216,T,287.51,100,288.0,100,IBM
2025-10-09,9:35:29.133412251,T,287.51,100,288.0,200,IBM
2025-10-09,9:35:29.133427307,T,287.51,100,288.0,300,IBM
2025-10-09,9:35:29.133527475,T,287.51,100,288.0,400,IBM
2025-10-09,9:35:29.133712957,T,287.34,100,288.0,400,IBM
2025-10-09,9:35:29.133913376,T,287.34,100,287.92,100,IBM
2025-10-09,9:35:29.133933468,T,287.34,100,287.92,200,IBM
2025-10-09,9:35:29.133938553,T,287.34,100,287.92,300,IBM
2025-10-09,9:35:29.133938553,T,287.34,100,287.92,400,IBM
2025-10-09,9:35:29.134194168,T,287.34,100,287.9,100,IBM
2025-10-09,9:35:29.134199057,T,287.34,100,287.9,200,IBM
2025-10-09,9:35:29.134199057,T,287.34,100,287.9,300,IBM
2025-10-09,9:35:29.138514352,T,287.34,200,287.9,300,IBM
2025-10-09,9:35:29.138539523,T,287.46,100,287.9,300,IBM
2025-10-09,9:35:29.139952844,T,287.46,100,287.89,100,IBM
2025-10-09,9:35:29.139972846,T,287.46,100,287.89,200,IBM
2025-10-09,9:35:29.139977878,T,287.46,100,287.89,300,IBM
2025-10-09,9:35:29.139977878,T,287.46,100,287.89,400,IBM
2025-10-09,9:35:29.233400296,T,287.34,100,287.89,400,IBM
2025-10-09,9:35:30.285760476,T,287.34,100,287.79,100,IBM
2025-10-09,9:35:30.285760476,T,287.34,100,287.79,200,IBM
2025-10-09,9:35:30.285765342,T,287.34,100,287.79,300,IBM
2025-10-09,9:35:30.290737269,T,287.46,100,287.79,300,IBM
2025-10-09,9:35:30.545468628,T,287.46,200,287.79,300,IBM
2025-10-09,9:35:30.549212523,T,287.46,100,287.79,300,IBM
2025-10-09,9:35:31.213198386,T,287.29,100,287.79,300,IBM
2025-10-09,9:35:32.545690819,T,287.46,100,287.79,300,IBM
2025-10-09,9:35:36.849762253,T,287.46,100,287.79,200,IBM
2025-10-09,9:35:36.849762253,T,287.46,100,287.79,100,IBM
2025-10-09,9:35:36.849782510,T,287.46,100,287.89,100,IBM
2025-10-09,9:35:36.849842486,T,287.47,100,287.89,100,IBM
2025-10-09,9:35:36.855225283,T,287.46,200,287.89,100,IBM
2025-10-09,9:35:36.857595895,T,287.47,100,287.89,100,IBM
2025-10-09,9:35:36.857606024,T,287.47,100,287.92,100,IBM
2025-10-09,9:35:36.857615953,T,287.47,100,288.0,100,IBM
2025-10-09,9:35:36.857636008,T,287.62,100,288.0,100,IBM
2025-10-09,9:35:36.857651000,T,287.65,100,288.0,100,IBM
2025-10-09,9:35:36.857781362,T,287.66,100,288.0,100,IBM
2025-10-09,9:35:36.857936675,T,287.69,100,288.0,100,IBM
2025-10-09,9:35:36.858327592,T,287.69,100,288.23,200,IBM
2025-10-09,9:35:36.858337607,T,287.69,100,288.0,100,IBM
2025-10-09,9:35:36.858352916,T,287.69,100,288.23,200,IBM
2025-10-09,9:35:36.858362880,T,287.69,100,288.0,100,IBM
2025-10-09,9:35:36.858367797,T,287.7,100,288.0,100,IBM
2025-10-09,9:35:36.858372765,T,287.7,100,288.23,200,IBM
2025-10-09,9:35:36.858382720,T,287.7,100,288.0,100,IBM
2025-10-09,9:35:36.858648427,T,287.69,100,288.0,100,IBM
2025-10-09,9:35:36.858668476,T,287.66,100,288.0,100,IBM
2025-10-09,9:35:36.859360126,T,287.66,100,288.23,200,IBM
2025-10-09,9:35:36.859370141,T,287.66,100,288.0,100,IBM
2025-10-09,9:35:36.866216371,T,287.47,100,288.0,100,IBM
2025-10-09,9:35:36.950978208,T,287.46,100,288.0,100,IBM
2025-10-09,9:35:41.365748445,T,287.46,100,288.42,200,IBM
2025-10-09,9:35:41.365758477,T,287.46,100,288.0,100,IBM
2025-10-09,9:35:41.365763436,T,287.46,100,288.42,200,IBM
2025-10-09,9:35:41.365773555,T,287.46,100,288.0,100,IBM
2025-10-09,9:35:41.365789365,T,287.46,200,288.0,100,IBM
2025-10-09,9:35:41.365793742,T,287.56,100,288.0,100,IBM
2025-10-09,9:35:41.365798750,T,287.46,100,288.0,100,IBM
2025-10-09,9:35:41.365808966,T,287.46,100,288.42,200,IBM
2025-10-09,9:35:41.365813617,T,287.46,100,288.0,100,IBM
2025-10-09,9:35:41.365819008,T,287.46,100,288.42,200,IBM
2025-10-09,9:35:41.365828689,T,287.47,100,288.42,200,IBM
2025-10-09,9:35:41.365828689,T,287.47,100,288.0,100,IBM
2025-10-09,9:35:41.365838597,T,287.56,100,288.0,100,IBM
2025-10-09,9:35:41.365853696,T,287.73,100,288.0,100,IBM
2025-10-09,9:35:41.365858702,T,287.79,100,288.0,100,IBM
2025-10-09,9:35:41.365864012,T,287.73,100,288.0,100,IBM
2025-10-09,9:35:41.365864012,T,287.73,100,288.42,200,IBM
2025-10-09,9:35:41.365873721,T,287.73,100,288.0,100,IBM
2025-10-09,9:35:41.365878706,T,287.73,100,288.35,100,IBM
2025-10-09,9:35:41.365884018,T,287.73,100,288.0,100,IBM
2025-10-09,9:35:41.365914510,T,287.73,100,288.35,100,IBM
2025-10-09,9:35:41.365924112,T,287.73,100,288.0,100,IBM
2025-10-09,9:35:41.365948965,T,287.74,100,288.0,100,IBM
2025-10-09,9:35:41.365968990,T,287.74,100,288.35,100,IBM
2025-10-09,9:35:41.365978968,T,287.74,100,288.0,100,IBM
2025-10-09,9:35:41.365988998,T,287.74,100,288.36,100,IBM
2025-10-09,9:35:41.365999080,T,287.74,100,288.0,100,IBM
2025-10-09,9:35:41.366004141,T,287.74,100,288.36,100,IBM
2025-10-09,9:35:41.366009216,T,287.74,100,288.42,200,IBM
2025-10-09,9:35:41.366014137,T,287.74,100,288.0,100,IBM
2025-10-09,9:35:41.366029466,T,287.78,100,288.0,100,IBM
2025-10-09,9:35:41.366044274,T,287.74,100,288.0,100,IBM
2025-10-09,9:35:41.366094302,T,287.74,100,288.42,200,IBM
2025-10-09,9:35:41.366099404,T,287.74,100,288.0,100,IBM
2025-10-09,9:35:41.366104300,T,287.74,100,288.42,200,IBM
2025-10-09,9:35:41.366114365,T,287.74,100,288.0,100,IBM
2025-10-09,9:35:41.366114365,T,287.74,100,288.35,100,IBM
2025-10-09,9:35:41.366124277,T,287.74,100,288.0,100,IBM
2025-10-09,9:35:41.366129354,T,287.78,100,288.0,100,IBM
2025-10-09,9:35:41.366144405,T,287.74,100,288.0,100,IBM
2025-10-09,9:35:41.366169390,T,287.74,100,288.42,200,IBM
2025-10-09,9:35:41.366174699,T,287.74,100,288.0,100,IBM
2025-10-09,9:35:41.366936325,T,287.73,200,288.0,100,IBM
2025-10-09,9:35:41.366946427,T,287.73,200,288.42,200,IBM
2025-10-09,9:35:41.366956315,T,287.73,200,288.0,100,IBM
2025-10-09,9:35:41.366961299,T,287.73,100,288.0,100,IBM
2025-10-09,9:35:41.366976360,T,287.73,100,288.35,100,IBM
2025-10-09,9:35:41.366976360,T,287.73,100,288.42,200,IBM
2025-10-09,9:35:41.366981596,T,287.73,200,288.42,200,IBM
2025-10-09,9:35:41.366981596,T,287.74,100,288.42,200,IBM
2025-10-09,9:35:41.366986800,T,287.74,100,288.0,100,IBM
2025-10-09,9:35:41.366991448,T,287.73,200,288.0,100,IBM
2025-10-09,9:35:41.367026495,T,287.74,100,288.0,100,IBM
2025-10-09,9:35:41.367703151,T,287.73,200,288.0,100,IBM
2025-10-09,9:35:41.367728195,T,287.73,100,288.0,100,IBM
2025-10-09,9:35:41.368033925,T,287.73,200,288.0,100,IBM
2025-10-09,9:35:41.368309563,T,287.73,200,288.42,200,IBM
2025-10-09,9:35:41.368319529,T,287.73,200,288.0,100,IBM
2025-10-09,9:35:41.368329592,T,287.73,200,288.42,200,IBM
2025-10-09,9:35:41.368334597,T,287.74,100,288.42,200,IBM
2025-10-09,9:35:41.368334597,T,287.79,100,288.42,200,IBM
2025-10-09,9:35:41.368339699,T,287.79,100,288.0,100,IBM
2025-10-09,9:35:41.368339699,T,287.79,200,288.0,100,IBM
2025-10-09,9:35:41.368344632,T,287.79,100,288.0,100,IBM
2025-10-09,9:35:41.368349673,T,287.74,100,288.0,100,IBM
2025-10-09,9:35:41.368359815,T,287.79,100,288.0,100,IBM
2025-10-09,9:35:41.368384672,T,287.79,100,288.35,100,IBM
2025-10-09,9:35:41.368389740,T,287.79,100,288.0,100,IBM
2025-10-09,9:35:41.371006368,T,287.79,100,288.42,200,IBM
2025-10-09,9:35:41.371015966,T,287.79,100,288.0,100,IBM
2025-10-09,9:35:41.371030969,T,287.79,100,288.42,200,IBM
2025-10-09,9:35:41.371036480,T,287.79,100,288.0,100,IBM
2025-10-09,9:35:41.371066331,T,287.79,100,288.42,200,IBM
2025-10-09,9:35:41.371076131,T,287.79,100,288.0,100,IBM
2025-10-09,9:35:41.371136262,T,287.79,100,288.42,200,IBM
2025-10-09,9:35:41.371146274,T,287.79,100,288.0,100,IBM
2025-10-09,9:35:41.371161285,T,287.79,200,288.0,100,IBM
2025-10-09,9:35:41.371171402,T,287.79,100,288.0,100,IBM
2025-10-09,9:35:41.372905506,T,287.79,100,288.42,200,IBM
2025-10-09,9:35:41.372915509,T,287.79,100,288.0,100,IBM
2025-10-09,9:35:41.372930498,T,287.79,100,288.42,300,IBM
2025-10-09,9:35:41.372935506,T,287.79,100,288.0,100,IBM
2025-10-09,9:35:41.372940576,T,287.79,100,288.42,300,IBM
2025-10-09,9:35:41.372950636,T,287.79,100,288.0,100,IBM
2025-10-09,9:35:41.372965572,T,287.79,100,288.35,100,IBM
2025-10-09,9:35:41.372976010,T,287.79,100,288.0,100,IBM
2025-10-09,9:35:41.372976010,T,287.79,100,288.42,200,IBM
2025-10-09,9:35:41.372985626,T,287.79,100,288.0,100,IBM
2025-10-09,9:35:41.373005779,T,287.74,100,288.0,100,IBM
2025-10-09,9:35:41.373015691,T,287.73,100,288.0,100,IBM
2025-10-09,9:35:41.375571907,T,287.73,100,288.35,100,IBM
2025-10-09,9:35:41.376098044,T,287.47,100,288.35,100,IBM
2025-10-09,9:35:41.376824851,T,287.47,100,288.42,200,IBM
2025-10-09,9:35:41.376864905,T,287.74,100,288.42,200,IBM
2025-10-09,9:35:41.376879983,T,287.75,100,288.42,200,IBM
2025-10-09,9:35:41.385154696,T,287.47,100,288.42,200,IBM
2025-10-09,9:35:41.466152443,T,287.46,100,288.42,200,IBM
2025-10-09,9:35:41.714624066,T,287.46,100,288.24,100,IBM
2025-10-09,9:35:49.395630173,T,287.78,100,288.24,100,IBM
2025-10-09,9:35:49.396271684,T,287.88,100,288.24,100,IBM
2025-10-09,9:35:49.396772913,T,287.88,200,288.24,100,IBM
2025-10-09,9:35:50.649435078,T,287.88,100,288.24,100,IBM
2025-10-09,9:35:50.663478502,T,287.46,100,288.24,100,IBM
2025-10-09,9:35:50.663503635,T,287.46,100,288.18,100,IBM
2025-10-09,9:35:50.663523622,T,287.46,100,288.1,100,IBM
2025-10-09,9:35:50.663774311,T,287.46,100,288.24,200,IBM
2025-10-09,9:35:50.663789381,T,287.46,100,288.18,100,IBM
2025-10-09,9:35:50.664280585,T,287.79,100,288.18,100,IBM
2025-10-09,9:35:50.664290555,T,287.79,100,288.24,100,IBM
2025-10-09,9:35:50.738592572,T,287.46,100,288.24,100,IBM
2025-10-09,9:35:50.738622484,T,287.46,100,288.18,100,IBM
2025-10-09,9:35:50.738622484,T,287.46,100,288.16,100,IBM
2025-10-09,9:35:50.738928163,T,287.46,100,288.11,100,IBM
2025-10-09,9:35:50.739158708,T,287.46,100,287.98,100,IBM
2025-10-09,9:35:50.739389434,T,287.46,100,287.99,100,IBM
2025-10-09,9:35:50.739389434,T,287.46,100,288.11,100,IBM
2025-10-09,9:35:50.739404263,T,287.46,100,288.17,100,IBM
2025-10-09,9:35:50.739444370,T,287.46,100,287.98,100,IBM
2025-10-09,9:35:50.739745043,T,287.46,200,287.98,100,IBM
2025-10-09,9:35:50.748425736,T,287.46,200,288.24,100,IBM
2025-10-09,9:35:50.752139600,T,287.46,100,288.24,100,IBM
2025-10-09,9:35:50.759692584,T,287.46,100,288.18,100,IBM
2025-10-09,9:35:50.838770826,T,287.46,100,288.24,100,IBM
2025-10-09,9:35:55.608907106,T,287.71,100,288.24,100,IBM
2025-10-09,9:35:55.964523717,T,287.71,200,288.24,100,IBM
2025-10-09,9:35:55.965305596,T,287.71,100,288.24,100,IBM
2025-10-09,9:35:58.405976164,T,287.86,100,288.24,100,IBM
2025-10-09,9:35:58.406397194,T,287.86,200,288.24,100,IBM
2025-10-09,9:35:58.895772240,T,287.86,100,288.24,100,IBM
2025-10-09,9:36:00.308665956,T,287.86,100,288.24,200,IBM
2025-10-09,9:36:00.411320318,T,287.87,100,288.24,200,IBM
2025-10-09,9:36:00.412588273,T,287.87,200,288.24,200,IBM
2025-10-09,9:36:01.807905368,T,287.87,100,288.24,200,IBM
2025-10-09,9:36:02.439894850,T,287.89,100,288.24,200,IBM
2025-10-09,9:36:02.440315860,T,287.89,200,288.24,200,IBM
2025-10-09,9:36:03.476507604,T,287.89,100,288.24,200,IBM
2025-10-09,9:36:04.437475353,T,287.9,100,288.24,200,IBM
2025-10-09,9:36:04.517205099,T,287.9,100,288.24,100,IBM
2025-10-09,9:36:06.447395513,T,287.91,100,288.24,100,IBM
2025-10-09,9:36:07.572794525,T,287.39,200,288.24,100,IBM
2025-10-09,9:36:10.582349242,T,287.88,100,288.24,100,IBM
2025-10-09,9:36:12.127252185,T,287.88,200,288.24,100,IBM
2025-10-09,9:36:14.711098686,T,287.88,100,288.24,100,IBM
2025-10-09,9:36:16.804682797,T,287.88,100,288.24,200,IBM
2025-10-09,9:36:16.848647470,T,287.88,100,288.24,300,IBM
2025-10-09,9:36:16.860721217,T,287.39,200,288.24,300,IBM
2025-10-09,9:36:16.860746682,T,287.39,200,287.89,100,IBM
2025-10-09,9:36:16.861287599,T,287.39,200,288.06,100,IBM
2025-10-09,9:36:16.861307576,T,287.39,200,288.16,100,IBM
2025-10-09,9:36:16.861583405,T,287.39,400,288.16,100,IBM
2025-10-09,9:36:16.862059443,T,287.39,400,288.24,400,IBM
2025-10-09,9:36:16.862084472,T,287.39,400,288.24,300,IBM
2025-10-09,9:36:16.862781091,T,287.39,400,287.89,100,IBM
2025-10-09,9:36:16.862991684,T,287.39,200,287.89,100,IBM
2025-10-09,9:36:16.865783206,T,287.39,200,288.24,300,IBM
2025-10-09,9:36:16.995642353,T,287.39,200,287.88,100,IBM
2025-10-09,9:36:17.262863513,T,287.39,200,287.88,200,IBM
2025-10-09,9:36:17.276280470,T,287.39,200,287.88,300,IBM
2025-10-09,9:36:18.087341391,T,287.39,200,287.87,100,IBM
2025-10-09,9:36:18.588033520,T,287.52,200,287.87,100,IBM
2025-10-09,9:36:22.570254031,T,287.52,200,287.87,200,IBM
2025-10-09,9:36:28.741315216,T,287.53,200,287.87,200,IBM
2025-10-09,9:36:31.913366976,T,287.29,100,287.87,200,IBM
2025-10-09,9:36:31.913397110,T,287.29,100,287.74,100,IBM
2025-10-09,9:36:31.913397110,T,287.29,100,287.87,200,IBM
2025-10-09,9:36:31.913592554,T,287.29,100,287.65,100,IBM
2025-10-09,9:36:31.913823138,T,287.29,200,287.65,100,IBM
2025-10-09,9:36:31.913843124,T,287.29,200,287.87,200,IBM
2025-10-09,9:36:31.913848149,T,287.34,100,287.87,200,IBM
2025-10-09,9:36:31.914254144,T,287.44,100,287.87,200,IBM
2025-10-09,9:36:31.960935637,T,287.44,100,287.81,100,IBM
2025-10-09,9:36:32.108291021,T,287.45,100,287.81,100,IBM
2025-10-09,9:36:32.200325346,T,287.45,100,287.81,200,IBM
2025-10-09,9:36:34.207984515,T,287.5,100,287.81,200,IBM
2025-10-09,9:36:34.208009626,T,287.5,200,287.81,200,IBM
2025-10-09,9:36:45.331466001,T,287.5,300,287.81,200,IBM
2025-10-09,9:36:46.504403403,T,287.55,100,287.81,200,IBM
2025-10-09,9:36:46.505440866,T,287.55,200,287.81,200,IBM
2025-10-09,9:36:46.837070395,T,287.55,100,287.81,200,IBM
2025-10-09,9:36:51.608665000,T,287.56,100,287.81,200,IBM
2025-10-09,9:36:51.608690134,T,287.56,200,287.81,200,IBM
2025-10-09,9:36:51.691487371,T,287.56,200,287.81,100,IBM
2025-10-09,9:36:52.282619423,T,287.56,300,287.81,100,IBM
2025-10-09,9:36:55.498886291,T,287.56,200,287.81,100,IBM
2025-10-09,9:36:58.672561954,T,287.56,100,287.81,100,IBM
2025-10-09,9:36:58.672561954,T,287.29,100,287.81,100,IBM
2025-10-09,9:36:58.672587149,T,287.29,100,287.81,200,IBM
2025-10-09,9:36:58.672587149,T,287.29,100,287.76,100,IBM
2025-10-09,9:36:58.672607117,T,287.29,100,287.69,100,IBM
2025-10-09,9:36:58.672777541,T,287.29,100,287.8,200,IBM
2025-10-09,9:36:58.672897795,T,287.29,100,287.76,100,IBM
2025-10-09,9:36:58.673053081,T,287.29,100,287.8,200,IBM
2025-10-09,9:36:58.673589446,T,287.29,100,287.8,100,IBM
2025-10-09,9:36:58.673794868,T,287.29,100,287.8,200,IBM
2025-10-09,9:36:58.674476486,T,287.29,100,287.8,100,IBM
2025-10-09,9:36:58.856068861,T,287.29,100,287.87,100,IBM
2025-10-09,9:37:02.831919131,T,287.31,200,287.87,100,IBM
2025-10-09,9:37:03.021064509,T,287.51,100,287.87,100,IBM
2025-10-09,9:37:05.028102444,T,287.52,100,287.87,100,IBM
2025-10-09,9:37:09.520517560,T,287.52,200,287.87,100,IBM
2025-10-09,9:37:10.159193167,T,287.52,100,287.87,100,IBM
2025-10-09,9:37:13.005990366,T,287.53,100,287.87,100,IBM
2025-10-09,9:37:13.007503882,T,287.55,100,287.87,100,IBM
2025-10-09,9:37:13.007524182,T,287.61,100,287.87,100,IBM
2025-10-09,9:37:13.008175504,T,287.58,100,287.87,100,IBM
2025-10-09,9:37:13.008205614,T,287.55,100,287.87,100,IBM
2025-10-09,9:37:13.008240664,T,287.61,100,287.87,100,IBM
2025-10-09,9:37:13.008531419,T,287.61,200,287.87,100,IBM
2025-10-09,9:37:13.009187943,T,287.62,100,287.87,100,IBM
2025-10-09,9:37:13.011172713,T,287.66,100,287.87,100,IBM
2025-10-09,9:37:13.012159974,T,287.67,100,287.87,100,IBM
2025-10-09,9:37:13.021607465,T,287.67,200,287.87,100,IBM
2025-10-09,9:37:13.109256149,T,287.67,100,287.87,100,IBM
2025-10-09,9:37:14.025252053,T,287.53,100,287.87,100,IBM
2025-10-09,9:37:14.026028799,T,287.31,200,287.87,100,IBM
2025-10-09,9:37:14.267508854,T,287.31,300,287.87,100,IBM
2025-10-09,9:37:20.956322584,T,287.31,200,287.87,100,IBM
2025-10-09,9:37:22.563669114,T,287.55,100,287.87,100,IBM
2025-10-09,9:37:26.230829612,T,287.31,200,287.87,100,IBM
2025-10-09,9:37:31.667001331,T,287.66,100,287.87,100,IBM
2025-10-09,9:37:31.668890736,T,287.66,200,287.87,100,IBM
2025-10-09,9:37:33.376881974,T,287.66,200,288.25,200,IBM
2025-10-09,9:37:33.376922130,T,287.66,300,288.25,200,IBM
2025-10-09,9:37:33.376927045,T,287.7,100,288.25,200,IBM
2025-10-09,9:37:33.376972307,T,287.71,100,288.25,200,IBM
2025-10-09,9:37:33.376982233,T,287.67,100,288.25,200,IBM
2025-10-09,9:37:33.377107493,T,287.66,300,288.25,200,IBM
2025-10-09,9:37:33.377122494,T,287.66,200,288.25,200,IBM
2025-10-09,9:37:33.377368322,T,287.66,300,288.25,200,IBM
2025-10-09,9:37:33.387597502,T,287.66,200,288.25,200,IBM
2025-10-09,9:37:33.477000426,T,287.66,100,288.25,200,IBM
2025-10-09,9:37:33.672756476,T,287.67,100,288.25,200,IBM
2025-10-09,9:37:34.714240821,T,287.67,100,287.99,100,IBM
2025-10-09,9:37:36.260000670,T,287.68,100,287.99,100,IBM
2025-10-09,9:37:36.260191157,T,287.68,200,287.99,100,IBM
2025-10-09,9:37:47.088154201,T,287.68,100,287.99,100,IBM
2025-10-09,9:37:47.644483716,T,287.69,100,287.99,100,IBM
2025-10-09,9:38:07.392001063,T,287.69,100,288.25,300,IBM
2025-10-09,9:38:07.392041141,T,287.69,100,288.25,200,IBM
2025-10-09,9:38:07.392066134,T,287.7,100,288.25,200,IBM
2025-10-09,9:38:07.392096225,T,287.69,100,288.25,200,IBM
2025-10-09,9:38:07.392096225,T,287.7,100,288.25,200,IBM
2025-10-09,9:38:07.392126617,T,287.82,100,288.25,200,IBM
2025-10-09,9:38:07.394406686,T,287.82,100,288.84,100,IBM
2025-10-09,9:38:07.394411779,T,287.82,100,288.51,200,IBM
2025-10-09,9:38:07.397514117,T,287.7,100,288.51,200,IBM
2025-10-09,9:38:07.399112920,T,287.86,100,288.51,200,IBM
2025-10-09,9:38:07.402110089,T,287.85,100,288.51,200,IBM
2025-10-09,9:38:07.440887368,T,287.69,100,288.51,200,IBM
2025-10-09,9:38:08.864566769,T,287.69,200,288.51,200,IBM
2025-10-09,9:38:10.363400078,T,287.86,100,288.51,200,IBM
2025-10-09,9:38:10.918150746,T,287.69,200,288.51,200,IBM
2025-10-09,9:38:16.600157773,T,287.69,100,288.51,200,IBM
2025-10-09,9:38:20.884336974,T,287.69,100,288.26,100,IBM
2025-10-09,9:38:42.587915971,T,287.69,100,288.51,200,IBM
2025-10-09,9:39:00.961918118,T,287.69,100,288.33,100,IBM
2025-10-09,9:39:02.718309461,T,287.72,100,288.33,100,IBM
2025-10-09,9:39:02.718374645,T,287.69,100,288.33,100,IBM
2025-10-09,9:39:02.746070622,T,287.69,100,288.71,200,IBM
2025-10-09,9:39:02.835192715,T,287.69,100,288.54,100,IBM
2025-10-09,9:39:03.897120899,T,287.69,100,288.71,200,IBM
2025-10-09,9:39:04.145923199,T,287.69,100,288.5,100,IBM
2025-10-09,9:39:07.794990437,T,287.77,100,288.5,100,IBM
2025-10-09,9:39:07.872850844,T,287.69,100,288.5,100,IBM
2025-10-09,9:39:20.610069552,T,287.69,100,288.5,200,IBM
2025-10-09,9:39:24.797743848,T,287.84,200,288.5,200,IBM
2025-10-09,9:39:37.409463217,T,287.84,200,288.5,100,IBM
2025-10-09,9:39:45.412656230,T,287.84,200,288.71,200,IBM
2025-10-09,9:39:48.343824149,T,287.84,200,288.49,100,IBM
2025-10-09,9:39:48.692374146,T,287.84,200,288.47,100,IBM
2025-10-09,9:39:48.692378938,T,287.84,200,288.32,100,IBM
2025-10-09,9:39:48.692614552,T,287.84,200,288.47,100,IBM
2025-10-09,9:39:48.692619601,T,287.69,100,288.47,100,IBM
2025-10-09,9:39:48.692629521,T,287.69,100,288.32,100,IBM
2025-10-09,9:39:48.692689649,T,287.69,100,288.47,100,IBM
2025-10-09,9:39:48.693000436,T,287.69,100,288.49,100,IBM
2025-10-09,9:39:48.693261143,T,287.78,100,288.49,100,IBM
2025-10-09,9:39:48.693291142,T,287.78,100,288.5,200,IBM
2025-10-09,9:39:48.693336254,T,287.85,100,288.5,200,IBM
2025-10-09,9:39:48.693346236,T,287.88,100,288.5,200,IBM
2025-10-09,9:39:48.693351331,T,287.98,100,288.5,200,IBM
2025-10-09,9:39:48.695180669,T,287.78,100,288.5,200,IBM
2025-10-09,9:39:48.695391209,T,287.77,100,288.5,200,IBM
2025-10-09,9:39:48.695416147,T,287.69,200,288.5,200,IBM
2025-10-09,9:39:48.695416147,T,287.69,100,288.5,200,IBM
2025-10-09,9:39:48.695451262,T,287.69,200,288.5,200,IBM
2025-10-09,9:39:48.695471295,T,287.69,100,288.5,200,IBM
2025-10-09,9:39:48.695506448,T,287.69,200,288.5,200,IBM
2025-10-09,9:39:48.695526500,T,287.69,100,288.5,200,IBM
2025-10-09,9:39:48.695561576,T,287.69,200,288.5,200,IBM
2025-10-09,9:39:48.695581503,T,287.69,100,288.5,200,IBM
2025-10-09,9:39:48.695616725,T,287.69,200,288.5,200,IBM
2025-10-09,9:39:48.695646719,T,287.77,100,288.5,200,IBM
2025-10-09,9:39:48.701450618,T,287.69,100,288.5,200,IBM
2025-10-09,9:39:48.938509888,T,287.85,200,288.5,200,IBM
2025-10-09,9:39:49.082437552,T,287.85,200,288.46,100,IBM
2025-10-09,9:39:52.536530556,T,287.85,200,288.45,100,IBM
2025-10-09,9:39:52.536731046,T,287.87,100,288.45,100,IBM
2025-10-09,9:39:52.537523036,T,287.87,100,288.46,100,IBM
2025-10-09,9:39:54.491073961,T,288.13,100,288.46,100,IBM
2025-10-09,9:40:07.429305682,T,288.19,100,288.46,100,IBM
2025-10-09,9:40:12.851689516,T,287.85,200,288.46,100,IBM
2025-10-09,9:40:12.851739708,T,287.85,200,288.46,200,IBM
2025-10-09,9:40:12.852446283,T,287.85,200,288.46,100,IBM
2025-10-09,9:40:12.852636738,T,287.85,200,288.46,200,IBM
2025-10-09,9:40:12.859257494,T,287.69,100,288.46,200,IBM
2025-10-09,9:40:12.860029374,T,287.69,100,288.46,100,IBM
2025-10-09,9:40:20.662975591,T,287.69,100,288.46,200,IBM
2025-10-09,9:40:21.505365822,T,287.69,100,288.46,100,IBM
2025-10-09,9:40:27.244674001,T,287.81,200,288.46,100,IBM
2025-10-09,9:40:27.463199258,T,287.81,200,288.46,200,IBM
2025-10-09,9:40:27.463214292,T,287.81,200,288.45,100,IBM
2025-10-09,9:40:27.463234347,T,287.81,200,288.46,100,IBM
2025-10-09,9:40:27.463299712,T,287.81,200,288.45,100,IBM
2025-10-09,9:40:27.463700463,T,287.81,200,288.46,200,IBM
2025-10-09,9:40:27.464362265,T,287.81,200,288.46,100,IBM
2025-10-09,9:40:47.182509343,T,287.81,200,288.46,200,IBM
2025-10-09,9:40:47.182514258,T,287.81,200,288.45,100,IBM
2025-10-09,9:40:47.182529351,T,287.81,200,288.43,100,IBM
2025-10-09,9:40:47.182609542,T,287.81,200,288.45,100,IBM
2025-10-09,9:40:47.182609542,T,287.81,200,288.33,100,IBM
2025-10-09,9:40:47.182965330,T,287.81,200,288.45,100,IBM
2025-10-09,9:40:47.182985377,T,287.81,200,288.46,100,IBM
2025-10-09,9:40:47.183381315,T,287.81,200,288.46,200,IBM
2025-10-09,9:40:47.183476584,T,287.81,200,288.45,100,IBM
2025-10-09,9:40:47.183496739,T,287.81,200,288.46,200,IBM
2025-10-09,9:40:47.183506667,T,287.81,200,288.45,100,IBM
2025-10-09,9:40:47.183837403,T,287.81,200,288.46,100,IBM
2025-10-09,9:40:49.220651366,T,287.81,200,288.42,100,IBM
2025-10-09,9:40:56.906102972,T,287.81,200,288.46,100,IBM
2025-10-09,9:41:05.827386735,T,287.81,200,288.46,200,IBM
2025-10-09,9:41:05.835230413,T,287.81,200,288.35,100,IBM
2025-10-09,9:41:05.835260512,T,288.01,100,288.35,100,IBM
2025-10-09,9:41:05.835300591,T,288.01,500,288.35,100,IBM
2025-10-09,9:41:05.835310648,T,288.01,600,288.35,100,IBM
2025-10-09,9:41:05.835375771,T,288.01,600,288.46,200,IBM
2025-10-09,9:41:05.835455982,T,288.01,600,288.46,100,IBM
2025-10-09,9:41:05.837250221,T,288.01,200,288.46,100,IBM
2025-10-09,9:41:05.837250221,T,288.02,100,288.46,100,IBM
2025-10-09,9:41:05.837250221,T,288.02,200,288.46,100,IBM
2025-10-09,9:41:05.837275208,T,288.02,600,288.46,100,IBM
2025-10-09,9:41:05.859823875,T,288.02,200,288.46,100,IBM
2025-10-09,9:41:05.859823875,T,288.08,100,288.46,100,IBM
2025-10-09,9:41:05.859828965,T,288.08,200,288.46,100,IBM
2025-10-09,9:41:05.859843964,T,288.08,600,288.46,100,IBM
2025-10-09,9:41:07.216844688,T,288.08,200,288.46,100,IBM
2025-10-09,9:41:07.216844688,T,288.32,100,288.46,100,IBM
2025-10-09,9:41:07.216849708,T,288.32,200,288.46,100,IBM
2025-10-09,9:41:07.216864763,T,288.32,100,288.46,100,IBM
2025-10-09,9:41:07.216869690,T,288.09,100,288.46,100,IBM
2025-10-09,9:41:07.216874713,T,288.32,400,288.46,100,IBM
2025-10-09,9:41:07.216874713,T,288.32,300,288.46,100,IBM
2025-10-09,9:41:07.216879846,T,288.32,200,288.46,100,IBM
2025-10-09,9:41:07.216889771,T,288.12,100,288.46,100,IBM
2025-10-09,9:41:07.216894765,T,288.08,100,288.46,100,IBM
2025-10-09,9:41:07.216899851,T,287.94,100,288.46,100,IBM
2025-10-09,9:41:07.216929942,T,287.97,100,288.46,100,IBM
2025-10-09,9:41:07.217075254,T,287.97,100,288.38,100,IBM
2025-10-09,9:41:07.217130444,T,288.08,100,288.38,100,IBM
2025-10-09,9:41:07.217852157,T,287.97,100,288.38,100,IBM
2025-10-09,9:41:07.219480921,T,287.94,100,288.38,100,IBM
2025-10-09,9:41:07.219506043,T,287.86,100,288.38,100,IBM
2025-10-09,9:41:07.316928016,T,287.81,200,288.38,100,IBM
2025-10-09,9:41:08.480453013,T,287.81,200,288.38,200,IBM
2025-10-09,9:41:09.005362507,T,287.81,200,288.33,100,IBM
2025-10-09,9:41:09.036767588,T,287.81,200,288.38,100,IBM
2025-10-09,9:41:09.036792387,T,287.81,300,288.38,100,IBM
2025-10-09,9:41:09.036807335,T,287.97,100,288.38,100,IBM
2025-10-09,9:41:09.036822433,T,288.1,100,288.38,100,IBM
2025-10-09,9:41:09.037047987,T,288.1,100,288.38,200,IBM
2025-10-09,9:41:09.037814679,T,287.97,100,288.38,200,IBM
2025-10-09,9:41:09.038601542,T,287.81,300,288.38,200,IBM
2025-10-09,9:41:09.038601542,T,287.81,300,288.33,100,IBM
2025-10-09,9:41:09.038636689,T,287.81,300,288.38,100,IBM
2025-10-09,9:41:09.038661810,T,288.1,100,288.38,100,IBM
2025-10-09,9:41:12.739126402,T,288.11,100,288.38,100,IBM
2025-10-09,9:41:14.119667935,T,288.12,100,288.38,100,IBM
2025-10-09,9:41:15.358426838,T,288.13,100,288.38,100,IBM
2025-10-09,9:41:15.591587002,T,288.23,100,288.38,100,IBM
2025-10-09,9:41:15.600177533,T,287.81,200,288.38,100,IBM
2025-10-09,9:41:15.600237629,T,287.81,200,288.38,200,IBM
2025-10-09,9:41:15.600257661,T,287.81,200,288.38,100,IBM
2025-10-09,9:41:15.600428107,T,288.15,100,288.38,100,IBM
2025-10-09,9:41:15.600448093,T,288.15,200,288.38,100,IBM
2025-10-09,9:41:15.601029448,T,288.16,100,288.38,100,IBM
2025-10-09,9:41:15.601029448,T,288.16,200,288.38,100,IBM
2025-10-09,9:41:38.190467389,T,288.26,100,288.38,100,IBM
2025-10-09,9:41:38.190467389,T,288.26,200,288.38,100,IBM
2025-10-09,9:41:38.190552500,T,288.26,200,288.41,200,IBM
2025-10-09,9:41:38.190572985,T,288.38,100,288.41,200,IBM
2025-10-09,9:41:38.190577644,T,288.38,200,288.41,200,IBM
2025-10-09,9:41:38.190577644,T,288.38,300,288.41,200,IBM
2025-10-09,9:41:38.190597936,T,288.38,300,288.58,200,IBM
2025-10-09,9:41:38.190612690,T,288.38,200,288.58,200,IBM
2025-10-09,9:41:38.190617836,T,288.38,100,288.58,200,IBM
2025-10-09,9:41:38.190617836,T,287.94,100,288.58,200,IBM
2025-10-09,9:41:38.190622704,T,287.81,300,288.58,200,IBM
2025-10-09,9:41:38.190637710,T,287.81,200,288.58,200,IBM
2025-10-09,9:41:38.190798237,T,287.81,300,288.58,200,IBM
2025-10-09,9:41:38.190828245,T,287.86,100,288.58,200,IBM
2025-10-09,9:41:38.190838244,T,287.86,100,289.0,200,IBM
2025-10-09,9:41:38.190848297,T,287.86,100,288.75,200,IBM
2025-10-09,9:41:38.190938495,T,287.94,100,288.75,200,IBM
2025-10-09,9:41:38.191700310,T,287.95,100,288.75,200,IBM
2025-10-09,9:41:38.209983756,T,287.86,100,288.75,200,IBM
2025-10-09,9:41:38.209983756,T,287.95,100,288.75,200,IBM
2025-10-09,9:41:38.210369684,T,287.97,100,288.75,200,IBM
2025-10-09,9:41:38.210389732,T,288.04,100,288.75,200,IBM
2025-10-09,9:41:38.210565192,T,288.12,100,288.75,200,IBM
2025-10-09,9:41:38.211382181,T,288.04,100,288.75,200,IBM
2025-10-09,9:41:38.214860388,T,287.98,300,288.75,200,IBM
2025-10-09,9:41:38.215867847,T,288.04,100,288.75,200,IBM
2025-10-09,9:41:38.215897866,T,288.06,100,288.75,200,IBM
2025-10-09,9:41:38.218474022,T,287.98,300,288.75,200,IBM
2025-10-09,9:41:38.316517385,T,287.98,200,288.75,200,IBM
2025-10-09,9:41:38.335723356,T,287.98,300,288.75,200,IBM
2025-10-09,9:41:38.335728414,T,288.06,100,288.75,200,IBM
2025-10-09,9:41:38.335748154,T,288.12,100,288.75,200,IBM
2025-10-09,9:41:38.339146376,T,288.12,100,289.0,100,IBM
2025-10-09,9:41:38.339151369,T,288.12,100,288.9,200,IBM
2025-10-09,9:41:38.340945599,T,288.06,100,288.9,200,IBM
2025-10-09,9:41:38.344012888,T,287.98,300,288.9,200,IBM
2025-10-09,9:41:38.435726193,T,287.98,200,288.9,200,IBM
2025-10-09,9:41:38.690477665,T,287.98,200,288.64,100,IBM
2025-10-09,9:41:41.466461136,T,287.94,100,288.64,100,IBM
2025-10-09,9:41:41.466466136,T,288.11,200,288.64,100,IBM
2025-10-09,9:41:46.353751259,T,288.11,200,288.9,200,IBM
2025-10-09,9:41:49.589238784,T,288.21,100,288.9,200,IBM
2025-10-09,9:41:49.589248795,T,288.43,100,288.9,200,IBM
2025-10-09,9:41:49.589654763,T,288.21,100,288.9,200,IBM
2025-10-09,9:41:49.589770495,T,288.4,100,288.9,200,IBM
2025-10-09,9:41:49.589810447,T,288.43,100,288.9,200,IBM
2025-10-09,9:41:49.589835185,T,288.4,100,288.9,200,IBM
2025-10-09,9:41:49.589835185,T,288.43,100,288.9,200,IBM
2025-10-09,9:41:49.590100945,T,288.43,100,289.0,100,IBM
2025-10-09,9:41:49.590231181,T,288.4,100,289.0,100,IBM
2025-10-09,9:41:49.592015444,T,288.38,100,289.0,100,IBM
2025-10-09,9:41:49.597909482,T,288.22,100,289.0,100,IBM
2025-10-09,9:41:49.598054766,T,288.21,100,289.0,100,IBM
2025-10-09,9:41:49.689246845,T,288.11,300,289.0,100,IBM
2025-10-09,9:41:49.702708905,T,288.11,100,289.0,100,IBM
2025-10-09,9:41:49.702718958,T,288.26,200,289.0,100,IBM
2025-10-09,9:42:01.041658272,T,287.95,100,289.0,100,IBM
2025-10-09,9:42:01.041668315,T,288.38,200,289.0,100,IBM
2025-10-09,9:42:09.627488206,T,288.79,100,289.0,100,IBM
2025-10-09,9:42:09.629016806,T,288.4,200,289.0,100,IBM
2025-10-09,9:42:09.629503036,T,288.4,300,289.0,100,IBM
2025-10-09,9:42:09.630164477,T,288.79,100,289.0,100,IBM
2025-10-09,9:42:09.630169526,T,288.79,200,289.0,100,IBM
2025-10-09,9:42:09.630169526,T,288.79,300,289.0,100,IBM
2025-10-09,9:42:09.630485333,T,288.79,200,289.0,100,IBM
2025-10-09,9:42:10.486046981,T,288.79,200,288.94,100,IBM
2025-10-09,9:42:10.575244302,T,288.79,100,288.94,100,IBM
2025-10-09,9:42:10.575244302,T,288.38,200,288.94,100,IBM
2025-10-09,9:42:10.575264322,T,288.38,200,288.79,100,IBM
2025-10-09,9:42:10.575339540,T,288.4,100,288.79,100,IBM
2025-10-09,9:42:10.575364680,T,288.4,200,288.79,100,IBM
2025-10-09,9:42:10.575374581,T,288.4,600,288.79,100,IBM
2025-10-09,9:42:10.575790615,T,288.4,600,288.94,100,IBM
2025-10-09,9:42:10.575840702,T,288.4,600,288.87,100,IBM
2025-10-09,9:42:10.576201648,T,288.4,600,288.94,100,IBM
2025-10-09,9:42:27.486133551,T,288.4,200,288.94,100,IBM
2025-10-09,9:42:27.486133551,T,288.58,100,288.94,100,IBM
2025-10-09,9:42:27.486138604,T,288.58,200,288.94,100,IBM
2025-10-09,9:42:27.486153734,T,288.58,600,288.94,100,IBM
2025-10-09,9:42:37.723154605,T,288.58,700,288.94,100,IBM
2025-10-09,9:42:37.723159575,T,288.58,800,288.94,100,IBM
2025-10-09,9:42:37.764422762,T,288.58,800,288.94,200,IBM
2025-10-09,9:42:43.437353187,T,288.58,800,288.94,100,IBM
2025-10-09,9:42:46.061615831,T,288.58,400,288.94,100,IBM
2025-10-09,9:42:46.061615831,T,288.74,100,288.94,100,IBM
2025-10-09,9:42:46.061625835,T,288.74,200,288.94,100,IBM
2025-10-09,9:42:46.061625835,T,288.74,300,288.94,100,IBM
2025-10-09,9:42:46.061625835,T,288.74,400,288.94,100,IBM
2025-10-09,9:42:46.061640855,T,288.74,800,288.94,100,IBM
2025-10-09,9:42:47.384855982,T,288.74,400,288.94,100,IBM
2025-10-09,9:42:47.384855982,T,288.75,100,288.94,100,IBM
2025-10-09,9:42:47.384860944,T,288.75,200,288.94,100,IBM
2025-10-09,9:42:47.384860944,T,288.75,300,288.94,100,IBM
2025-10-09,9:42:47.384860944,T,288.75,400,288.94,100,IBM
2025-10-09,9:42:47.384881011,T,288.75,800,288.94,100,IBM
2025-10-09,9:42:48.765462780,T,288.75,400,288.94,100,IBM
2025-10-09,9:42:48.765467723,T,288.76,100,288.94,100,IBM
2025-10-09,9:42:48.765467723,T,288.76,200,288.94,100,IBM
2025-10-09,9:42:48.765467723,T,288.76,300,288.94,100,IBM
2025-10-09,9:42:48.765472721,T,288.76,400,288.94,100,IBM
2025-10-09,9:42:48.765487805,T,288.76,800,288.94,100,IBM
2025-10-09,9:42:50.146084339,T,288.76,400,288.94,100,IBM
2025-10-09,9:42:50.146084339,T,288.77,100,288.94,100,IBM
2025-10-09,9:42:50.146089386,T,288.77,200,288.94,100,IBM
2025-10-09,9:42:50.146089386,T,288.77,300,288.94,100,IBM
2025-10-09,9:42:50.146089386,T,288.77,400,288.94,100,IBM
2025-10-09,9:42:50.146109404,T,288.77,800,288.94,100,IBM
2025-10-09,9:42:51.138071156,T,288.77,700,288.94,100,IBM
2025-10-09,9:42:51.138071156,T,288.77,600,288.94,100,IBM
2025-10-09,9:42:51.138076184,T,288.77,500,288.94,100,IBM
2025-10-09,9:42:51.138076184,T,288.77,400,288.94,100,IBM
2025-10-09,9:42:51.138081253,T,288.77,100,288.94,100,IBM
2025-10-09,9:42:51.138091422,T,288.49,200,288.94,100,IBM
2025-10-09,9:42:51.138116625,T,288.49,200,288.78,100,IBM
2025-10-09,9:42:51.138161328,T,288.49,200,288.94,200,IBM
2025-10-09,9:42:51.138181441,T,288.49,200,288.94,100,IBM
2025-10-09,9:42:51.138186411,T,288.58,100,288.94,100,IBM
2025-10-09,9:42:51.138341838,T,288.58,200,288.94,100,IBM
2025-10-09,9:42:51.138527214,T,288.58,200,288.9,100,IBM
2025-10-09,9:42:51.239357623,T,288.58,100,288.9,100,IBM
2025-10-09,9:42:51.336884546,T,288.58,100,288.94,100,IBM
2025-10-09,9:42:51.837000102,T,288.64,100,288.94,100,IBM
2025-10-09,9:42:54.083217268,T,288.65,100,288.94,100,IBM
2025-10-09,9:42:58.308592302,T,288.49,200,288.94,100,IBM
2025-10-09,9:42:58.308736867,T,288.57,400,288.94,100,IBM
2025-10-09,9:42:58.308736867,T,288.57,400,288.94,200,IBM
2025-10-09,9:42:58.308777102,T,288.57,500,288.94,200,IBM
2025-10-09,9:42:58.308807009,T,288.57,600,288.94,200,IBM
2025-10-09,9:42:58.308997488,T,288.57,600,288.94,100,IBM
2025-10-09,9:43:07.396636947,T,288.57,200,288.94,100,IBM
2025-10-09,9:43:07.396636947,T,288.62,100,288.94,100,IBM
2025-10-09,9:43:07.396636947,T,288.62,200,288.94,100,IBM
2025-10-09,9:43:07.396657078,T,288.62,600,288.94,100,IBM
2025-10-09,9:43:07.972683443,T,288.62,200,288.94,100,IBM
2025-10-09,9:43:07.972683443,T,288.63,100,288.94,100,IBM
2025-10-09,9:43:07.972688292,T,288.63,200,288.94,100,IBM
2025-10-09,9:43:07.972708472,T,288.63,600,288.94,100,IBM
2025-10-09,9:43:09.353255213,T,288.63,200,288.94,100,IBM
2025-10-09,9:43:09.353255213,T,288.64,100,288.94,100,IBM
2025-10-09,9:43:09.353259914,T,288.64,200,288.94,100,IBM
2025-10-09,9:43:09.353279954,T,288.64,600,288.94,100,IBM
2025-10-09,9:43:10.733922016,T,288.64,200,288.94,100,IBM
2025-10-09,9:43:10.733922016,T,288.65,100,288.94,100,IBM
2025-10-09,9:43:10.733926956,T,288.65,200,288.94,100,IBM
2025-10-09,9:43:10.733942009,T,288.65,600,288.94,100,IBM
2025-10-09,9:43:12.114518631,T,288.65,200,288.94,100,IBM
2025-10-09,9:43:12.114518631,T,288.66,100,288.94,100,IBM
2025-10-09,9:43:12.114523574,T,288.66,200,288.94,100,IBM
2025-10-09,9:43:12.114543597,T,288.66,600,288.94,100,IBM
2025-10-09,9:43:13.495145509,T,288.66,200,288.94,100,IBM
2025-10-09,9:43:13.495145509,T,288.67,100,288.94,100,IBM
2025-10-09,9:43:13.495150408,T,288.67,200,288.94,100,IBM
2025-10-09,9:43:13.495170521,T,288.67,600,288.94,100,IBM
2025-10-09,9:43:13.634813282,T,288.67,500,288.94,100,IBM
2025-10-09,9:43:13.634817949,T,288.67,400,288.94,100,IBM
2025-10-09,9:43:13.634817949,T,288.67,200,288.94,100,IBM
2025-10-09,9:43:13.634817949,T,288.33,200,288.94,100,IBM
2025-10-09,9:43:13.634878086,T,288.33,200,288.9,100,IBM
2025-10-09,9:43:13.634893249,T,288.33,200,288.86,100,IBM
2025-10-09,9:43:13.635063629,T,288.62,100,288.86,100,IBM
2025-10-09,9:43:13.635083617,T,288.62,200,288.86,100,IBM
2025-10-09,9:43:13.635334221,T,288.62,400,288.86,100,IBM
2025-10-09,9:43:13.635359154,T,288.62,600,288.86,100,IBM
2025-10-09,9:43:13.635359154,T,288.62,1000,288.86,100,IBM
2025-10-09,9:43:13.635384328,T,288.62,1000,288.9,100,IBM
2025-10-09,9:43:13.645257795,T,288.62,1000,288.94,100,IBM
2025-10-09,9:43:15.339280495,T,288.62,1000,289.0,100,IBM
2025-10-09,9:43:16.960324806,T,288.62,1000,288.76,100,IBM
2025-10-09,9:43:24.843371870,T,288.62,900,288.76,100,IBM
2025-10-09,9:43:24.843371870,T,288.62,800,288.76,100,IBM
2025-10-09,9:43:24.843371870,T,288.62,600,288.76,100,IBM
2025-10-09,9:43:24.843376562,T,288.62,500,288.76,100,IBM
2025-10-09,9:43:24.843391521,T,288.62,400,288.76,100,IBM
2025-10-09,9:43:24.843396563,T,288.33,200,288.76,100,IBM
2025-10-09,9:43:24.843416629,T,288.33,200,288.75,100,IBM
2025-10-09,9:43:24.843431841,T,288.57,200,288.75,100,IBM
2025-10-09,9:43:24.843441673,T,288.57,200,288.76,200,IBM
2025-10-09,9:43:24.843466746,T,288.57,100,288.76,200,IBM
2025-10-09,9:43:24.843496869,T,288.33,200,288.76,200,IBM
2025-10-09,9:43:24.843637157,T,288.33,400,288.76,200,IBM
2025-10-09,9:43:24.843657253,T,288.33,600,288.76,200,IBM
2025-10-09,9:43:24.843792489,T,288.33,600,288.76,300,IBM
2025-10-09,9:43:24.843822638,T,288.33,900,288.76,300,IBM
2025-10-09,9:43:24.843842679,T,288.33,1200,288.76,300,IBM
2025-10-09,9:43:24.843852642,T,288.33,1600,288.76,300,IBM
2025-10-09,9:43:24.844544346,T,288.33,1600,288.76,200,IBM
2025-10-09,9:43:24.844569503,T,288.46,200,288.76,200,IBM
2025-10-09,9:43:24.844569503,T,288.46,400,288.76,200,IBM
2025-10-09,9:43:24.844569503,T,288.46,700,288.76,200,IBM
2025-10-09,9:43:24.844574540,T,288.46,1000,288.76,200,IBM
2025-10-09,9:43:24.844595084,T,288.46,1000,288.75,100,IBM
2025-10-09,9:43:24.844599445,T,288.46,1400,288.75,100,IBM
2025-10-09,9:43:24.846574568,T,288.47,200,288.75,100,IBM
2025-10-09,9:43:24.846574568,T,288.47,400,288.75,100,IBM
2025-10-09,9:43:24.846584434,T,288.47,700,288.75,100,IBM
2025-10-09,9:43:24.846584434,T,288.47,700,288.76,200,IBM
2025-10-09,9:43:24.846584434,T,288.47,1000,288.76,200,IBM
2025-10-09,9:43:24.846599175,T,288.47,1400,288.76,200,IBM
2025-10-09,9:43:24.854939038,T,288.47,1400,288.76,100,IBM
2025-10-09,9:43:24.855781348,T,288.47,1000,288.76,100,IBM
2025-10-09,9:43:24.855781348,T,288.48,200,288.76,100,IBM
2025-10-09,9:43:24.855786131,T,288.48,400,288.76,100,IBM
2025-10-09,9:43:24.855786131,T,288.48,700,288.76,100,IBM
2025-10-09,9:43:24.855786131,T,288.48,1000,288.76,100,IBM
2025-10-09,9:43:24.855806133,T,288.48,1400,288.76,100,IBM
2025-10-09,9:43:26.173668670,T,288.48,1000,288.76,100,IBM
2025-10-09,9:43:26.173673579,T,288.49,200,288.76,100,IBM
2025-10-09,9:43:26.173673579,T,288.49,400,288.76,100,IBM
2025-10-09,9:43:26.173673579,T,288.49,700,288.76,100,IBM
2025-10-09,9:43:26.173678554,T,288.49,1000,288.76,100,IBM
2025-10-09,9:43:26.173693579,T,288.49,1400,288.76,100,IBM
2025-10-09,9:43:26.193084875,T,288.49,1000,288.76,100,IBM
2025-10-09,9:43:26.193084875,T,288.5,200,288.76,100,IBM
2025-10-09,9:43:26.193084875,T,288.5,400,288.76,100,IBM
2025-10-09,9:43:26.193084875,T,288.5,700,288.76,100,IBM
2025-10-09,9:43:26.193089832,T,288.5,1000,288.76,100,IBM
2025-10-09,9:43:26.193104827,T,288.5,1400,288.76,100,IBM
2025-10-09,9:43:26.268304077,T,288.5,1000,288.76,100,IBM
2025-10-09,9:43:26.268304077,T,288.51,200,288.76,100,IBM
2025-10-09,9:43:26.268308967,T,288.51,400,288.76,100,IBM
2025-10-09,9:43:26.268308967,T,288.51,700,288.76,100,IBM
2025-10-09,9:43:26.268313938,T,288.51,1000,288.76,100,IBM
2025-10-09,9:43:26.268328876,T,288.51,1400,288.76,100,IBM
2025-10-09,9:43:26.339709230,T,288.51,1000,288.76,100,IBM
2025-10-09,9:43:26.339709230,T,288.52,200,288.76,100,IBM
2025-10-09,9:43:26.339709230,T,288.52,400,288.76,100,IBM
2025-10-09,9:43:26.339709230,T,288.52,700,288.76,100,IBM
2025-10-09,9:43:26.339713864,T,288.52,1000,288.76,100,IBM
2025-10-09,9:43:26.339728920,T,288.52,1400,288.76,100,IBM
2025-10-09,9:43:26.387968791,T,288.52,1400,288.76,200,IBM
2025-10-09,9:43:33.797092149,T,288.52,1200,288.76,200,IBM
2025-10-09,9:43:33.797097260,T,288.52,1000,288.76,200,IBM
2025-10-09,9:43:33.797097260,T,288.52,800,288.76,200,IBM
2025-10-09,9:43:33.797117609,T,288.52,700,288.76,200,IBM
2025-10-09,9:43:33.797117609,T,288.52,400,288.76,200,IBM
2025-10-09,9:43:33.797122293,T,288.33,200,288.76,200,IBM
2025-10-09,9:43:33.797142371,T,288.33,200,288.69,100,IBM
2025-10-09,9:43:33.797157402,T,288.33,200,288.69,200,IBM
2025-10-09,9:43:33.797403007,T,288.33,200,288.69,100,IBM
2025-10-09,9:43:33.797483178,T,288.13,100,288.69,100,IBM
2025-10-09,9:43:33.797493145,T,288.2,200,288.69,100,IBM
2025-10-09,9:43:33.797598344,T,288.2,200,288.69,200,IBM
2025-10-09,9:43:33.797954300,T,288.2,200,288.69,300,IBM
2025-10-09,9:43:33.798134684,T,288.2,200,288.69,200,IBM
2025-10-09,9:43:33.798169799,T,288.25,300,288.69,200,IBM
2025-10-09,9:43:33.798190165,T,288.25,600,288.69,200,IBM
2025-10-09,9:43:33.798190165,T,288.25,1000,288.69,200,IBM
2025-10-09,9:43:33.798375277,T,288.25,1000,288.69,100,IBM
2025-10-09,9:43:33.798921537,T,288.25,1000,288.69,200,IBM
2025-10-09,9:43:33.801342335,T,288.25,1000,288.69,100,IBM
2025-10-09,9:43:33.804474753,T,288.25,1000,288.69,200,IBM
2025-10-09,9:43:33.805432016,T,288.25,1000,288.69,100,IBM
2025-10-09,9:43:33.812448765,T,288.25,1000,288.76,100,IBM
2025-10-09,9:43:34.150894437,T,288.25,1000,288.79,100,IBM
2025-10-09,9:43:34.162191328,T,288.32,300,288.79,100,IBM
2025-10-09,9:43:34.162196328,T,288.32,600,288.79,100,IBM
2025-10-09,9:43:34.162216373,T,288.32,1000,288.79,100,IBM
2025-10-09,9:43:35.198944583,T,288.32,1000,288.58,100,IBM
2025-10-09,9:43:35.676165845,T,288.32,600,288.58,100,IBM
2025-10-09,9:43:35.676185830,T,288.42,300,288.58,100,IBM
2025-10-09,9:43:35.676185830,T,288.42,600,288.58,100,IBM
2025-10-09,9:43:35.676200852,T,288.42,1000,288.58,100,IBM
2025-10-09,9:43:44.864440055,T,288.42,600,288.58,100,IBM
2025-10-09,9:43:44.864440055,T,288.45,300,288.58,100,IBM
2025-10-09,9:43:44.864444947,T,288.45,600,288.58,100,IBM
2025-10-09,9:43:44.864464999,T,288.45,1000,288.58,100,IBM
2025-10-09,9:43:47.467777592,T,288.45,1000,288.69,100,IBM
2025-10-09,9:43:47.467777592,T,288.45,1000,288.7,100,IBM
2025-10-09,9:43:47.467782991,T,288.45,1000,288.93,200,IBM
2025-10-09,9:43:47.467803015,T,288.45,600,288.93,200,IBM
2025-10-09,9:43:47.467803015,T,288.58,300,288.93,200,IBM
2025-10-09,9:43:47.467808057,T,288.58,600,288.93,200,IBM
2025-10-09,9:43:47.467827687,T,288.58,1000,288.93,200,IBM
2025-10-09,9:43:47.468018208,T,288.58,600,288.93,200,IBM
2025-10-09,9:43:47.468043160,T,288.58,700,288.93,200,IBM
2025-10-09,9:43:47.468108324,T,288.58,600,288.93,200,IBM
2025-10-09,9:43:47.468148442,T,288.58,500,288.93,200,IBM
2025-10-09,9:43:47.468183581,T,288.58,400,288.93,200,IBM
2025-10-09,9:43:47.468198610,T,288.58,300,288.93,200,IBM
2025-10-09,9:43:47.468208581,T,288.58,300,288.67,200,IBM
2025-10-09,9:43:47.468273722,T,288.58,200,288.67,200,IBM
2025-10-09,9:43:47.468298760,T,288.58,100,288.67,200,IBM
2025-10-09,9:43:47.468303838,T,288.25,100,288.67,200,IBM
2025-10-09,9:43:47.468343965,T,288.25,100,288.93,200,IBM
2025-10-09,9:43:47.468373950,T,288.25,100,288.58,200,IBM
2025-10-09,9:43:47.468750065,T,288.25,100,288.93,200,IBM
2025-10-09,9:43:47.468779939,T,288.25,100,288.52,200,IBM
2025-10-09,9:43:47.468845137,T,288.25,100,288.52,100,IBM
2025-10-09,9:43:47.468865248,T,288.25,100,288.93,200,IBM
2025-10-09,9:43:47.468890202,T,288.25,100,288.52,100,IBM
2025-10-09,9:43:47.468900221,T,288.25,100,288.93,200,IBM
2025-10-09,9:43:47.468925356,T,288.25,100,288.52,100,IBM
2025-10-09,9:43:47.469657056,T,288.24,200,288.52,100,IBM
2025-10-09,9:43:47.469902741,T,288.24,100,288.52,100,IBM
2025-10-09,9:43:47.469923035,T,288.24,100,288.93,200,IBM
2025-10-09,9:43:47.469927654,T,288.24,100,288.88,100,IBM
2025-10-09,9:43:47.469948040,T,288.24,100,288.93,200,IBM
2025-10-09,9:43:47.469948040,T,288.24,100,288.44,100,IBM
2025-10-09,9:43:47.469992851,T,288.24,100,288.93,200,IBM
2025-10-09,9:43:47.470017978,T,288.24,100,288.43,100,IBM
2025-10-09,9:43:47.470178376,T,288.32,300,288.43,100,IBM
2025-10-09,9:43:47.470323658,T,288.32,600,288.43,100,IBM
2025-10-09,9:43:47.470358746,T,288.32,600,288.88,100,IBM
2025-10-09,9:43:47.470368694,T,288.32,900,288.88,100,IBM
2025-10-09,9:43:47.470379145,T,288.32,900,288.93,300,IBM
2025-10-09,9:43:47.470383772,T,288.32,1100,288.93,300,IBM
2025-10-09,9:43:47.470388781,T,288.32,1100,288.93,200,IBM
2025-10-09,9:43:47.487900687,T,288.32,900,288.93,200,IBM
2025-10-09,9:43:47.487900687,T,288.33,300,288.93,200,IBM
2025-10-09,9:43:47.487900687,T,288.33,600,288.93,200,IBM
2025-10-09,9:43:47.487905455,T,288.33,900,288.93,200,IBM
2025-10-09,9:43:47.487920513,T,288.33,1100,288.93,200,IBM
2025-10-09,9:43:47.492952617,T,288.33,1100,288.66,100,IBM
2025-10-09,9:43:56.840947028,T,288.33,900,288.66,100,IBM
2025-10-09,9:43:56.840951954,T,288.35,300,288.66,100,IBM
2025-10-09,9:43:56.840956985,T,288.35,600,288.66,100,IBM
2025-10-09,9:43:56.840956985,T,288.35,900,288.66,100,IBM
2025-10-09,9:43:56.840972096,T,288.35,1100,288.66,100,IBM
2025-10-09,9:44:00.247927741,T,288.35,900,288.66,100,IBM
2025-10-09,9:44:00.247932692,T,288.36,300,288.66,100,IBM
2025-10-09,9:44:00.247932692,T,288.36,600,288.66,100,IBM
2025-10-09,9:44:00.247937687,T,288.36,900,288.66,100,IBM
2025-10-09,9:44:00.247952686,T,288.36,1100,288.66,100,IBM
2025-10-09,9:44:00.297300221,T,288.36,900,288.66,100,IBM
2025-10-09,9:44:00.297300221,T,288.37,300,288.66,100,IBM
2025-10-09,9:44:00.297300221,T,288.37,600,288.66,100,IBM
2025-10-09,9:44:00.297305236,T,288.37,900,288.66,100,IBM
2025-10-09,9:44:00.297320234,T,288.37,1100,288.66,100,IBM
2025-10-09,9:44:01.006854539,T,288.37,900,288.66,100,IBM
2025-10-09,9:44:01.006859533,T,288.38,300,288.66,100,IBM
2025-10-09,9:44:01.006864542,T,288.38,600,288.66,100,IBM
2025-10-09,9:44:01.006864542,T,288.38,900,288.66,100,IBM
2025-10-09,9:44:01.006879641,T,288.38,1100,288.66,100,IBM
2025-10-09,9:44:01.007501086,T,288.39,300,288.66,100,IBM
2025-10-09,9:44:01.007506110,T,288.39,600,288.66,100,IBM
2025-10-09,9:44:01.007506110,T,288.39,900,288.66,100,IBM
2025-10-09,9:44:01.007526140,T,288.39,1100,288.66,100,IBM
2025-10-09,9:44:02.024988418,T,288.39,900,288.66,100,IBM
2025-10-09,9:44:02.024988418,T,288.4,300,288.66,100,IBM
2025-10-09,9:44:02.024993400,T,288.4,600,288.66,100,IBM
2025-10-09,9:44:02.024993400,T,288.4,900,288.66,100,IBM
2025-10-09,9:44:02.025008476,T,288.4,1100,288.66,100,IBM
2025-10-09,9:44:02.784226283,T,288.4,900,288.66,100,IBM
2025-10-09,9:44:02.784230802,T,288.41,300,288.66,100,IBM
2025-10-09,9:44:02.784230802,T,288.41,600,288.66,100,IBM
2025-10-09,9:44:02.784235866,T,288.41,900,288.66,100,IBM
2025-10-09,9:44:02.784250923,T,288.41,1100,288.66,100,IBM
2025-10-09,9:44:04.523416365,T,288.41,900,288.66,100,IBM
2025-10-09,9:44:04.523421351,T,288.42,300,288.66,100,IBM
2025-10-09,9:44:04.523421351,T,288.42,600,288.66,100,IBM
2025-10-09,9:44:04.523421351,T,288.42,900,288.66,100,IBM
2025-10-09,9:44:04.523441399,T,288.42,1100,288.66,100,IBM
2025-10-09,9:44:04.538046188,T,288.42,900,288.66,100,IBM
2025-10-09,9:44:04.538051224,T,288.43,300,288.66,100,IBM
2025-10-09,9:44:04.538051224,T,288.43,600,288.66,100,IBM
2025-10-09,9:44:04.538056160,T,288.43,900,288.66,100,IBM
2025-10-09,9:44:04.538071181,T,288.43,1100,288.66,100,IBM
2025-10-09,9:44:06.367757439,T,288.43,900,288.66,100,IBM
2025-10-09,9:44:06.367757439,T,288.44,300,288.66,100,IBM
2025-10-09,9:44:06.367762045,T,288.44,600,288.66,100,IBM
2025-10-09,9:44:06.367762045,T,288.44,900,288.66,100,IBM
2025-10-09,9:44:06.367782107,T,288.44,1100,288.66,100,IBM
2025-10-09,9:44:07.060350876,T,288.44,900,288.66,100,IBM
2025-10-09,9:44:07.060350876,T,288.45,300,288.66,100,IBM
2025-10-09,9:44:07.060355899,T,288.45,600,288.66,100,IBM
2025-10-09,9:44:07.060355899,T,288.45,900,288.66,100,IBM
2025-10-09,9:44:07.060376076,T,288.45,1100,288.66,100,IBM
2025-10-09,9:44:09.003477041,T,288.45,900,288.66,100,IBM
2025-10-09,9:44:09.003481857,T,288.46,300,288.66,100,IBM
2025-10-09,9:44:09.003481857,T,288.46,600,288.66,100,IBM
2025-10-09,9:44:09.003486904,T,288.46,900,288.66,100,IBM
2025-10-09,9:44:09.003501925,T,288.46,1100,288.66,100,IBM
2025-10-09,9:44:11.076256357,T,288.46,1100,288.66,200,IBM
2025-10-09,9:44:11.346153877,T,288.46,1000,288.66,200,IBM
2025-10-09,9:44:11.346173825,T,288.46,800,288.66,200,IBM
2025-10-09,9:44:11.346173825,T,288.46,500,288.66,200,IBM
2025-10-09,9:44:11.346179247,T,288.46,200,288.66,200,IBM
2025-10-09,9:44:11.346184022,T,288.24,100,288.66,200,IBM
2025-10-09,9:44:11.346188939,T,288.24,100,288.61,100,IBM
2025-10-09,9:44:11.346228981,T,288.24,100,288.65,100,IBM
2025-10-09,9:44:11.346228981,T,288.24,100,288.56,100,IBM
2025-10-09,9:44:11.346424431,T,288.28,300,288.56,100,IBM
2025-10-09,9:44:11.346444618,T,288.28,600,288.56,100,IBM
2025-10-09,9:44:11.346635015,T,288.28,600,288.56,200,IBM
2025-10-09,9:44:11.346835523,T,288.28,900,288.56,200,IBM
2025-10-09,9:44:11.346860532,T,288.28,1200,288.56,200,IBM
2025-10-09,9:44:11.346875594,T,288.28,1600,288.56,200,IBM
2025-10-09,9:44:11.346885614,T,288.28,1600,288.56,100,IBM
2025-10-09,9:44:11.347416937,T,288.41,300,288.56,100,IBM
2025-10-09,9:44:11.347416937,T,288.41,600,288.56,100,IBM
2025-10-09,9:44:11.347421896,T,288.41,900,288.56,100,IBM
2025-10-09,9:44:11.347421896,T,288.41,1200,288.56,100,IBM
2025-10-09,9:44:11.347441884,T,288.41,1600,288.56,100,IBM
2025-10-09,9:44:11.347692760,T,288.47,300,288.56,100,IBM
2025-10-09,9:44:11.347692760,T,288.47,600,288.56,100,IBM
2025-10-09,9:44:11.347697483,T,288.47,900,288.56,100,IBM
2025-10-09,9:44:11.347697483,T,288.47,1200,288.56,100,IBM
2025-10-09,9:44:11.347717566,T,288.47,1600,288.56,100,IBM
2025-10-09,9:44:11.347757704,T,288.47,1600,288.65,100,IBM
2025-10-09,9:44:11.347777751,T,288.47,1200,288.65,100,IBM
2025-10-09,9:44:11.347782666,T,288.56,300,288.65,100,IBM
2025-10-09,9:44:11.347787954,T,288.56,600,288.65,100,IBM
2025-10-09,9:44:11.347787954,T,288.56,900,288.65,100,IBM
2025-10-09,9:44:11.347787954,T,288.56,1200,288.65,100,IBM
2025-10-09,9:44:11.347802747,T,288.56,1600,288.65,100,IBM
2025-10-09,9:44:11.347818124,T,288.56,1500,288.65,100,IBM
2025-10-09,9:44:11.347822752,T,288.56,1300,288.65,100,IBM
2025-10-09,9:44:11.347828228,T,288.56,1000,288.65,100,IBM
2025-10-09,9:44:11.347828228,T,288.56,700,288.65,100,IBM
2025-10-09,9:44:11.347832836,T,288.56,400,288.65,100,IBM
2025-10-09,9:44:11.347832836,T,288.25,100,288.65,100,IBM
2025-10-09,9:44:11.347852838,T,288.24,200,288.65,100,IBM
2025-10-09,9:44:11.347872989,T,288.24,100,288.65,100,IBM
2025-10-09,9:44:11.348003242,T,288.24,100,288.65,300,IBM
2025-10-09,9:44:11.349005589,T,288.24,100,288.56,200,IBM
2025-10-09,9:44:11.349135896,T,288.24,100,288.65,100,IBM
2025-10-09,9:44:11.349161057,T,288.24,200,288.65,100,IBM
2025-10-09,9:44:11.349161057,T,288.33,100,288.65,100,IBM
2025-10-09,9:44:11.350173482,T,288.29,100,288.65,100,IBM
2025-10-09,9:44:11.446212098,T,288.29,100,288.66,100,IBM
2025-10-09,9:44:11.450236576,T,288.25,100,288.66,100,IBM
2025-10-09,9:44:11.450261771,T,288.24,200,288.66,100,IBM
2025-10-09,9:44:11.455258600,T,288.24,200,288.76,100,IBM
2025-10-09,9:44:12.450678405,T,288.24,200,288.63,100,IBM
2025-10-09,9:44:13.347543470,T,288.24,100,288.63,100,IBM
2025-10-09,9:44:24.300544201,T,288.24,100,288.5,100,IBM
2025-10-09,9:44:24.300599368,T,288.24,100,288.63,100,IBM
2025-10-09,9:44:24.300604355,T,288.24,100,288.45,100,IBM
2025-10-09,9:44:24.300794781,T,288.25,300,288.45,100,IBM
2025-10-09,9:44:24.300965202,T,288.25,300,288.63,100,IBM
2025-10-09,9:44:24.301110560,T,288.25,300,288.45,100,IBM
2025-10-09,9:44:24.301165683,T,288.25,600,288.45,100,IBM
2025-10-09,9:44:24.301190714,T,288.25,900,288.45,100,IBM
2025-10-09,9:44:24.301466461,T,288.25,900,288.63,100,IBM
2025-10-09,9:44:36.346847329,T,288.25,900,288.5,100,IBM
2025-10-09,9:44:36.584718550,T,288.25,900,288.63,100,IBM
2025-10-09,9:44:47.553436471,T,288.26,300,288.63,100,IBM
2025-10-09,9:44:47.553436471,T,288.26,600,288.63,100,IBM
2025-10-09,9:44:47.553436471,T,288.26,900,288.63,100,IBM
2025-10-09,9:45:00.461816803,T,288.49,300,288.63,100,IBM
2025-10-09,9:45:00.461821762,T,288.49,600,288.63,100,IBM
2025-10-09,9:45:00.461821762,T,288.49,900,288.63,100,IBM
2025-10-09,9:45:00.461846824,T,288.49,600,288.63,100,IBM
2025-10-09,9:45:00.461846824,T,288.49,300,288.63,100,IBM
2025-10-09,9:45:00.461921986,T,288.49,200,288.63,100,IBM
2025-10-09,9:45:00.461992237,T,288.31,100,288.63,100,IBM
2025-10-09,9:45:00.462012204,T,288.3,100,288.63,100,IBM
2025-10-09,9:45:00.462032345,T,288.3,100,288.58,200,IBM
2025-10-09,9:45:00.462032345,T,288.31,100,288.58,200,IBM
2025-10-09,9:45:00.462037336,T,288.31,100,288.58,300,IBM
2025-10-09,9:45:00.462222728,T,288.31,100,288.58,400,IBM
2025-10-09,9:45:00.462227749,T,288.31,100,288.58,500,IBM
2025-10-09,9:45:00.462804374,T,288.3,100,288.58,500,IBM
2025-10-09,9:45:00.462824273,T,288.27,100,288.58,500,IBM
2025-10-09,9:45:00.561870135,T,288.06,300,288.58,500,IBM
2025-10-09,9:45:01.140858532,T,288.06,300,288.58,300,IBM
2025-10-09,9:45:01.140863508,T,288.06,300,288.58,200,IBM
2025-10-09,9:45:01.140928580,T,288.06,400,288.58,200,IBM
2025-10-09,9:45:01.141234338,T,288.06,400,288.57,400,IBM
2025-10-09,9:45:01.141259492,T,288.06,400,288.57,500,IBM
2025-10-09,9:45:01.141279472,T,288.06,400,288.57,600,IBM
2025-10-09,9:45:01.141355043,T,288.06,400,288.57,200,IBM
2025-10-09,9:45:01.141355043,T,288.06,400,288.57,100,IBM
2025-10-09,9:45:01.141359611,T,288.06,400,288.63,100,IBM
2025-10-09,9:45:01.141379727,T,288.33,100,288.63,100,IBM
2025-10-09,9:45:01.141379727,T,288.38,100,288.63,100,IBM
2025-10-09,9:45:01.142066373,T,288.35,100,288.63,100,IBM
2025-10-09,9:45:01.142256730,T,288.35,100,288.63,400,IBM
2025-10-09,9:45:01.142276849,T,288.35,100,288.63,100,IBM
2025-10-09,9:45:01.142301890,T,288.35,100,288.6,300,IBM
2025-10-09,9:45:01.151403712,T,288.06,300,288.6,300,IBM
2025-10-09,9:45:01.173350799,T,288.06,300,288.63,100,IBM
2025-10-09,9:45:01.173375842,T,288.06,300,288.59,300,IBM
2025-10-09,9:45:01.449102353,T,288.06,300,288.88,200,IBM
2025-10-09,9:45:01.449122328,T,288.06,300,288.58,300,IBM
2025-10-09,9:45:11.251633735,T,288.06,100,288.58,300,IBM
2025-10-09,9:45:11.251643682,T,288.17,200,288.58,300,IBM
2025-10-09,9:45:15.590262412,T,288.17,200,288.6,100,IBM
2025-10-09,9:45:15.590282758,T,288.17,200,288.57,300,IBM
2025-10-09,9:45:15.622213568,T,288.17,200,288.6,100,IBM
2025-10-09,9:45:15.622238977,T,288.17,200,288.56,300,IBM
2025-10-09,9:45:15.622544757,T,288.17,200,288.56,400,IBM
2025-10-09,9:45:15.622554292,T,288.17,200,288.56,100,IBM
2025-10-09,9:45:15.622554292,T,288.17,200,288.52,100,IBM
2025-10-09,9:45:15.622569477,T,288.17,200,288.45,100,IBM
2025-10-09,9:45:15.622579396,T,288.17,500,288.45,100,IBM
2025-10-09,9:45:15.622584410,T,288.17,500,288.35,300,IBM
2025-10-09,9:45:15.622604437,T,288.17,800,288.35,300,IBM
2025-10-09,9:45:15.622604437,T,288.17,800,288.45,100,IBM
2025-10-09,9:45:15.622624459,T,288.17,800,288.52,100,IBM
2025-10-09,9:45:15.622629474,T,288.17,900,288.52,100,IBM
2025-10-09,9:45:15.622654522,T,288.35,300,288.52,100,IBM
2025-10-09,9:45:15.622679842,T,288.17,900,288.52,100,IBM
2025-10-09,9:45:15.622679842,T,288.17,800,288.52,100,IBM
2025-10-09,9:45:15.622679842,T,288.35,300,288.52,100,IBM
2025-10-09,9:45:15.622689789,T,288.35,600,288.52,100,IBM
2025-10-09,9:45:15.622689789,T,288.35,300,288.52,100,IBM
2025-10-09,9:45:15.622699633,T,288.35,200,288.52,100,IBM
2025-10-09,9:45:15.622704895,T,288.17,200,288.52,100,IBM
2025-10-09,9:45:15.622704895,T,288.17,200,288.45,100,IBM
2025-10-09,9:45:15.622704895,T,288.17,300,288.45,100,IBM
2025-10-09,9:45:15.622714752,T,288.17,200,288.45,100,IBM
2025-10-09,9:45:15.622724784,T,288.17,200,288.52,100,IBM
2025-10-09,9:45:15.622735068,T,288.17,200,288.45,100,IBM
2025-10-09,9:45:15.622735068,T,288.35,100,288.45,100,IBM
2025-10-09,9:45:15.622749760,T,288.17,200,288.45,100,IBM
2025-10-09,9:45:15.622769780,T,288.17,200,288.52,100,IBM
2025-10-09,9:45:15.622814935,T,288.17,500,288.52,100,IBM
2025-10-09,9:45:15.622840083,T,288.17,800,288.52,100,IBM
2025-10-09,9:45:15.623090611,T,288.17,600,288.52,100,IBM
2025-10-09,9:45:15.623236003,T,288.21,300,288.52,100,IBM
2025-10-09,9:45:15.623236003,T,288.21,600,288.52,100,IBM
2025-10-09,9:45:15.623245979,T,288.26,300,288.52,100,IBM
2025-10-09,9:45:15.623251024,T,288.26,600,288.52,100,IBM
2025-10-09,9:45:15.623276017,T,288.26,600,288.55,100,IBM
2025-10-09,9:45:15.722557349,T,288.26,600,288.6,100,IBM
2025-10-09,9:45:17.905414090,T,288.27,100,288.6,100,IBM
2025-10-09,9:45:17.905434097,T,288.27,400,288.6,100,IBM
2025-10-09,9:45:17.905439083,T,288.27,700,288.6,100,IBM
2025-10-09,9:45:22.400510198,T,288.27,700,288.6,200,IBM
2025-10-09,9:45:22.689869051,T,288.27,700,288.6,100,IBM
2025-10-09,9:45:29.336407412,T,288.27,700,288.58,100,IBM
2025-10-09,9:45:29.595238693,T,288.27,700,288.6,100,IBM
2025-10-09,9:45:29.598200651,T,288.27,700,288.6,200,IBM
2025-10-09,9:45:30.312180439,T,288.27,700,288.6,100,IBM
2025-10-09,9:45:30.686251015,T,288.27,600,288.6,100,IBM
2025-10-09,9:45:31.057069285,T,288.27,500,288.6,100,IBM
2025-10-09,9:45:31.057093902,T,288.27,300,288.6,100,IBM
2025-10-09,9:45:31.057093902,T,288.06,100,288.6,100,IBM
2025-10-09,9:45:31.057103891,T,288.06,100,288.6,200,IBM
2025-10-09,9:45:31.057118963,T,288.06,100,288.28,100,IBM
2025-10-09,9:45:31.057344546,T,288.06,300,288.28,100,IBM
2025-10-09,9:45:31.057384565,T,288.06,700,288.28,100,IBM
2025-10-09,9:45:31.057414692,T,288.06,700,288.47,100,IBM
2025-10-09,9:45:31.057434703,T,288.06,700,288.49,100,IBM
2025-10-09,9:45:31.057454726,T,288.07,100,288.49,100,IBM
2025-10-09,9:45:31.057459856,T,288.07,100,288.39,100,IBM
2025-10-09,9:45:31.057459856,T,288.1,200,288.39,100,IBM
2025-10-09,9:45:31.057484810,T,288.1,600,288.39,100,IBM
2025-10-09,9:45:31.057850742,T,288.18,200,288.39,100,IBM
2025-10-09,9:45:31.057875812,T,288.18,600,288.39,100,IBM
2025-10-09,9:45:31.057910790,T,288.18,600,288.47,100,IBM
2025-10-09,9:45:31.067859593,T,288.18,600,288.51,100,IBM
2025-10-09,9:45:31.157147165,T,288.18,600,288.6,100,IBM
2025-10-09,9:45:31.157693540,T,288.18,200,288.6,100,IBM
2025-10-09,9:45:31.157698460,T,288.19,200,288.6,100,IBM
2025-10-09,9:45:31.157718458,T,288.19,600,288.6,100,IBM
2025-10-09,9:45:31.220016842,T,288.19,600,288.69,100,IBM
2025-10-09,9:45:31.220036834,T,288.19,600,288.7,100,IBM
2025-10-09,9:45:31.240981758,T,288.19,600,288.27,100,IBM
2025-10-09,9:45:31.241036868,T,288.19,600,288.27,200,IBM
2025-10-09,9:45:33.673983691,T,288.19,400,288.27,200,IBM
2025-10-09,9:45:33.673988672,T,288.13,100,288.27,200,IBM
2025-10-09,9:45:33.674409699,T,288.13,100,288.19,100,IBM
2025-10-09,9:45:33.674695357,T,288.13,100,288.27,200,IBM
2025-10-09,9:45:33.674695357,T,288.19,200,288.27,200,IBM
2025-10-09,9:45:33.675076218,T,288.19,100,288.27,200,IBM
2025-10-09,9:45:33.675116375,T,288.13,100,288.27,200,IBM
2025-10-09,9:45:33.676810364,T,288.13,100,288.27,100,IBM
2025-10-09,9:45:42.483711789,T,288.13,100,288.32,100,IBM
2025-10-09,9:45:42.483746969,T,288.13,200,288.32,100,IBM
2025-10-09,9:45:42.483782134,T,288.13,100,288.32,100,IBM
2025-10-09,9:45:42.483786981,T,288.13,200,288.32,100,IBM
2025-10-09,9:45:42.483947237,T,288.13,200,288.63,300,IBM
2025-10-09,9:45:42.484383300,T,288.13,200,288.63,200,IBM
2025-10-09,9:45:42.484618905,T,288.13,100,288.63,200,IBM
2025-10-09,9:45:42.598003757,T,288.13,200,288.63,200,IBM
2025-10-09,9:45:42.598003757,T,288.13,100,288.63,200,IBM
2025-10-09,9:45:42.598254641,T,288.13,100,288.88,100,IBM
2025-10-09,9:45:42.598254641,T,288.13,200,288.88,100,IBM
2025-10-09,9:45:42.598254641,T,288.4,100,288.88,100,IBM
2025-10-09,9:45:42.598254641,T,288.4,100,288.76,200,IBM
2025-10-09,9:45:42.599046249,T,288.46,100,288.76,200,IBM
2025-10-09,9:45:42.599126555,T,288.4,100,288.76,200,IBM
2025-10-09,9:45:42.599291883,T,288.37,100,288.76,200,IBM
2025-10-09,9:45:42.609180451,T,288.13,100,288.76,200,IBM
2025-10-09,9:45:42.837223399,T,288.13,100,289.0,100,IBM
2025-10-09,9:45:42.837233258,T,288.13,100,288.87,200,IBM
2025-10-09,9:45:44.153176139,T,288.13,100,288.64,100,IBM
2025-10-09,9:46:01.988836863,T,288.2,200,288.64,100,IBM
2025-10-09,9:46:09.896291574,T,288.2,200,288.87,200,IBM
2025-10-09,9:46:09.896316711,T,288.34,100,288.87,200,IBM
2025-10-09,9:46:09.896316711,T,288.49,100,288.87,200,IBM
2025-10-09,9:46:09.896366861,T,288.5,100,288.87,200,IBM
2025-10-09,9:46:09.896396787,T,288.51,100,288.87,200,IBM
2025-10-09,9:46:09.896582217,T,288.51,100,288.87,300,IBM
2025-10-09,9:46:09.896592317,T,288.51,100,288.87,400,IBM
2025-10-09,9:46:09.897364142,T,288.51,100,288.87,200,IBM
2025-10-09,9:46:09.918604770,T,288.51,200,288.87,200,IBM
2025-10-09,9:46:09.947162758,T,288.51,100,288.87,200,IBM
2025-10-09,9:46:09.996896087,T,288.49,100,288.87,200,IBM
2025-10-09,9:46:09.996911090,T,288.34,100,288.87,200,IBM
2025-10-09,9:46:09.996916089,T,288.2,200,288.87,200,IBM
2025-10-09,9:46:09.996951193,T,288.34,100,288.87,200,IBM
2025-10-09,9:46:09.997657920,T,288.34,200,288.87,200,IBM
2025-10-09,9:46:09.997868404,T,288.34,300,288.87,200,IBM
2025-10-09,9:46:10.014162283,T,288.34,200,288.87,200,IBM
2025-10-09,9:46:10.014427871,T,288.34,100,288.87,200,IBM
2025-10-09,9:46:12.429136315,T,288.35,100,288.87,200,IBM
2025-10-09,9:46:20.914296425,T,288.35,100,288.87,300,IBM
2025-10-09,9:46:20.914321535,T,288.35,100,288.86,100,IBM
2025-10-09,9:46:20.914321535,T,288.35,100,288.86,200,IBM
2025-10-09,9:46:21.417529571,T,288.35,100,288.86,300,IBM
2025-10-09,9:46:21.417554608,T,288.35,100,288.84,100,IBM
2025-10-09,9:46:21.417554608,T,288.35,100,288.84,200,IBM
2025-10-09,9:46:21.919975695,T,288.35,100,288.84,300,IBM
2025-10-09,9:46:21.920000764,T,288.35,100,288.82,100,IBM
2025-10-09,9:46:21.920000764,T,288.35,100,288.82,200,IBM
2025-10-09,9:46:22.420978495,T,288.35,100,288.82,300,IBM
2025-10-09,9:46:22.421003578,T,288.35,100,288.81,100,IBM
2025-10-09,9:46:22.421003578,T,288.35,100,288.81,200,IBM
2025-10-09,9:46:28.222249213,T,288.35,100,288.81,300,IBM
2025-10-09,9:46:34.580325705,T,288.32,200,288.81,300,IBM
2025-10-09,9:46:34.580360763,T,288.44,100,288.81,300,IBM
2025-10-09,9:46:44.053623411,T,288.44,100,288.81,200,IBM
2025-10-09,9:46:44.055693399,T,288.32,200,288.81,200,IBM
2025-10-09,9:46:51.436354330,T,288.49,100,288.81,200,IBM
2025-10-09,9:46:54.545841921,T,288.32,200,288.81,200,IBM
2025-10-09,9:46:55.649945419,T,288.32,200,288.8,100,IBM
2025-10-09,9:46:55.649950351,T,288.32,200,288.8,200,IBM
2025-10-09,9:47:05.335573661,T,288.32,200,288.8,100,IBM
2025-10-09,9:47:05.335573661,T,288.32,200,288.87,100,IBM
2025-10-09,9:47:05.335588625,T,288.32,200,289.0,100,IBM
2025-10-09,9:47:05.335603708,T,288.55,100,289.0,100,IBM
2025-10-09,9:47:05.335814171,T,288.55,200,289.0,100,IBM
2025-10-09,9:47:05.336024740,T,288.55,300,289.0,100,IBM
2025-10-09,9:47:05.337397974,T,288.55,200,289.0,100,IBM
2025-10-09,9:47:05.346835389,T,288.55,100,289.0,100,IBM
2025-10-09,9:47:05.346850529,T,288.32,200,289.0,100,IBM
2025-10-09,9:47:10.849094603,T,288.39,100,289.0,100,IBM
2025-10-09,9:47:13.647361426,T,288.59,100,289.0,100,IBM
2025-10-09,9:47:13.962025445,T,288.59,100,289.0,200,IBM
2025-10-09,9:47:13.962040878,T,288.59,100,288.98,100,IBM
2025-10-09,9:47:13.962060591,T,288.59,200,288.98,100,IBM
2025-10-09,9:47:13.962075594,T,288.59,600,288.98,100,IBM
2025-10-09,9:47:13.962075594,T,288.59,600,288.9,100,IBM
2025-10-09,9:47:13.962145803,T,288.59,600,289.0,100,IBM
2025-10-09,9:47:13.962166100,T,288.59,200,289.0,100,IBM
2025-10-09,9:47:13.962166100,T,288.81,100,289.0,100,IBM
2025-10-09,9:47:13.962166100,T,288.81,200,289.0,100,IBM
2025-10-09,9:47:13.962175885,T,288.81,100,289.0,100,IBM
2025-10-09,9:47:13.962191157,T,288.7,100,289.0,100,IBM
2025-10-09,9:47:13.962195920,T,288.6,100,289.0,100,IBM
2025-10-09,9:47:13.962226007,T,288.74,400,289.0,100,IBM
2025-10-09,9:47:13.962231009,T,288.74,400,288.86,100,IBM
2025-10-09,9:47:13.962266096,T,288.74,400,289.0,100,IBM
2025-10-09,9:47:13.962321260,T,288.6,100,289.0,100,IBM
2025-10-09,9:47:13.962341230,T,288.81,400,289.0,100,IBM
2025-10-09,9:47:13.962366257,T,288.6,100,289.0,100,IBM
2025-10-09,9:47:13.962401764,T,288.63,100,289.0,100,IBM
2025-10-09,9:47:13.963318549,T,288.6,100,289.0,100,IBM
2025-10-09,9:47:13.964080425,T,288.81,100,289.0,100,IBM
2025-10-09,9:47:13.964671892,T,288.6,100,289.0,100,IBM
2025-10-09,9:47:13.969272798,T,288.59,100,289.0,100,IBM
2025-10-09,9:47:13.969894239,T,288.59,200,289.0,100,IBM
2025-10-09,9:47:13.979948171,T,288.59,100,289.0,100,IBM
2025-10-09,9:47:14.076026820,T,288.39,100,289.0,100,IBM
2025-10-09,9:47:14.744392901,T,288.39,100,288.89,100,IBM
2025-10-09,9:47:15.592025912,T,288.44,200,288.89,100,IBM
2025-10-09,9:47:16.630834238,T,288.44,300,288.89,100,IBM
2025-10-09,9:47:17.992932305,T,288.44,300,288.9,100,IBM
2025-10-09,9:47:17.992932305,T,288.69,100,288.9,100,IBM
2025-10-09,9:47:17.992936914,T,288.7,100,288.9,100,IBM
2025-10-09,9:47:17.992956957,T,288.89,100,288.9,100,IBM
2025-10-09,9:47:17.992956957,T,288.89,100,289.0,100,IBM
2025-10-09,9:47:17.992971843,T,288.78,100,289.0,100,IBM
2025-10-09,9:47:17.992981867,T,288.7,100,289.0,100,IBM
2025-10-09,9:47:17.992997194,T,288.89,100,289.0,100,IBM
2025-10-09,9:47:17.993016994,T,288.7,100,289.0,100,IBM
2025-10-09,9:47:17.993052036,T,288.69,100,289.0,100,IBM
2025-10-09,9:47:17.993102124,T,288.7,100,289.0,100,IBM
2025-10-09,9:47:17.993327769,T,288.71,100,289.0,100,IBM
2025-10-09,9:47:18.106000938,T,288.7,100,289.0,100,IBM
2025-10-09,9:47:18.106010969,T,288.69,100,289.0,100,IBM
2025-10-09,9:47:18.106026042,T,288.5,100,289.0,100,IBM
2025-10-09,9:47:19.042791117,T,288.44,300,289.0,100,IBM
2025-10-09,9:47:20.430675125,T,288.44,200,289.0,100,IBM
2025-10-09,9:47:21.292311357,T,288.59,100,289.0,100,IBM
2025-10-09,9:47:40.512833730,T,288.79,100,289.0,100,IBM
2025-10-09,9:47:40.512853718,T,288.79,200,289.0,100,IBM
2025-10-09,9:47:40.512893930,T,288.79,600,289.0,100,IBM
2025-10-09,9:47:40.512928972,T,288.79,500,289.0,100,IBM
2025-10-09,9:47:46.976561717,T,288.79,400,289.0,100,IBM
2025-10-09,9:47:46.976561717,T,288.59,100,289.0,100,IBM
2025-10-09,9:47:46.976586731,T,288.59,100,288.99,100,IBM
2025-10-09,9:47:46.976606791,T,288.59,100,288.98,100,IBM
2025-10-09,9:47:46.976626826,T,288.59,100,288.89,100,IBM
2025-10-09,9:47:46.976631832,T,288.73,100,288.89,100,IBM
2025-10-09,9:47:46.976712276,T,288.73,200,288.89,100,IBM
2025-10-09,9:47:46.976967626,T,288.73,200,288.98,100,IBM
2025-10-09,9:47:46.977122970,T,288.73,200,288.99,100,IBM
2025-10-09,9:47:46.977295232,T,288.73,200,288.98,100,IBM
2025-10-09,9:47:46.977353524,T,288.73,200,288.99,100,IBM
2025-10-09,9:47:47.082959931,T,288.73,200,289.0,200,IBM
2025-10-09,9:47:47.082984974,T,288.73,200,289.0,100,IBM
2025-10-09,9:47:47.518717265,T,288.73,200,288.91,100,IBM
2025-10-09,9:47:52.172581617,T,288.73,300,288.91,100,IBM
2025-10-09,9:47:52.172596694,T,288.73,400,288.91,100,IBM
2025-10-09,9:47:52.172601719,T,288.73,800,288.91,100,IBM
2025-10-09,9:47:52.172676840,T,288.73,700,288.91,100,IBM
2025-10-09,9:48:00.704598436,T,288.78,100,288.91,100,IBM
2025-10-09,9:48:00.704628547,T,288.78,200,288.91,100,IBM
2025-10-09,9:48:00.704638605,T,288.78,300,288.91,100,IBM
2025-10-09,9:48:00.704638605,T,288.78,400,288.91,100,IBM
2025-10-09,9:48:00.704648541,T,288.78,800,288.91,100,IBM
2025-10-09,9:48:01.245852062,T,288.78,700,288.91,100,IBM
2025-10-09,9:48:05.730874405,T,288.78,600,288.91,100,IBM
2025-10-09,9:48:05.730879403,T,288.78,500,288.91,100,IBM
2025-10-09,9:48:05.730879403,T,288.78,400,288.91,100,IBM
2025-10-09,9:48:05.730879403,T,288.59,100,288.91,100,IBM
2025-10-09,9:48:05.731059845,T,288.67,100,288.91,100,IBM
2025-10-09,9:48:05.784672493,T,288.79,100,288.91,100,IBM
2025-10-09,9:48:05.801888483,T,288.59,100,288.91,100,IBM
2025-10-09,9:48:06.017336279,T,288.59,100,288.88,100,IBM
2025-10-09,9:48:06.017742575,T,288.59,100,288.88,200,IBM
2025-10-09,9:48:06.017742575,T,288.59,100,288.83,100,IBM
2025-10-09,9:48:06.017757295,T,288.59,100,288.85,100,IBM
2025-10-09,9:48:06.017942769,T,288.59,100,288.8,100,IBM
2025-10-09,9:48:06.018188450,T,288.59,200,288.8,100,IBM
2025-10-09,9:48:06.018203481,T,288.59,300,288.8,100,IBM
2025-10-09,9:48:06.020112900,T,288.59,300,288.78,100,IBM
2025-10-09,9:48:06.022919656,T,288.59,300,288.8,100,IBM
2025-10-09,9:48:06.026032057,T,288.59,300,288.88,100,IBM
2025-10-09,9:48:06.034211543,T,288.59,200,288.88,100,IBM
2025-10-09,9:48:06.039704596,T,288.6,100,288.88,100,IBM
2025-10-09,9:48:06.039709541,T,288.6,200,288.88,100,IBM
2025-10-09,9:48:06.040270992,T,288.62,100,288.88,100,IBM
2025-10-09,9:48:06.040270992,T,288.62,200,288.88,100,IBM
2025-10-09,9:48:06.042852025,T,288.62,200,288.91,100,IBM
2025-10-09,9:48:06.206702369,T,288.82,100,288.91,100,IBM
2025-10-09,9:48:06.206702369,T,288.82,200,288.91,100,IBM
2025-10-09,9:48:06.206722199,T,288.82,100,288.91,100,IBM
2025-10-09,9:48:06.206732237,T,288.63,100,288.91,100,IBM
2025-10-09,9:48:06.206752305,T,288.62,100,288.91,100,IBM
2025-10-09,9:48:06.206792269,T,288.63,100,288.91,100,IBM
2025-10-09,9:48:06.306700188,T,288.61,100,288.91,100,IBM
2025-10-09,9:48:07.161074077,T,288.61,100,288.99,100,IBM
2025-10-09,9:48:08.213128513,T,288.61,100,288.87,100,IBM
2025-10-09,9:48:10.552372530,T,288.61,100,288.78,200,IBM
2025-10-09,9:48:10.553054336,T,288.63,100,288.78,200,IBM
2025-10-09,9:48:10.553059120,T,288.63,100,288.87,100,IBM
2025-10-09,9:48:10.553084131,T,288.64,100,288.87,100,IBM
2025-10-09,9:48:10.553124325,T,288.61,100,288.87,100,IBM
2025-10-09,9:48:10.553124325,T,288.63,100,288.87,100,IBM
2025-10-09,9:48:10.561419013,T,288.61,200,288.87,100,IBM
2025-10-09,9:48:10.662143869,T,288.61,100,288.87,100,IBM
2025-10-09,9:48:11.554889074,T,288.61,100,288.78,900,IBM
2025-10-09,9:48:13.867023638,T,288.61,100,288.77,100,IBM
2025-10-09,9:48:19.975851576,T,288.61,100,288.73,100,IBM
2025-10-09,9:48:19.996390500,T,288.61,100,288.77,100,IBM
2025-10-09,9:48:19.996460680,T,288.63,100,288.77,100,IBM
2025-10-09,9:48:19.997322753,T,288.61,100,288.77,100,IBM
2025-10-09,9:48:20.029103598,T,288.61,100,288.87,100,IBM
2025-10-09,9:48:20.029123645,T,288.77,100,288.87,100,IBM
2025-10-09,9:48:20.029158562,T,288.61,100,288.87,100,IBM
2025-10-09,9:48:20.029589642,T,288.63,100,288.87,100,IBM
2025-10-09,9:48:20.029940410,T,288.61,200,288.87,100,IBM
2025-10-09,9:48:20.029970419,T,288.61,100,288.87,100,IBM
2025-10-09,9:48:20.030095831,T,288.61,100,289.0,100,IBM
2025-10-09,9:48:20.036049980,T,288.61,100,288.9,100,IBM
2025-10-09,9:48:20.074025376,T,288.77,100,288.9,100,IBM
2025-10-09,9:48:20.074045765,T,288.77,200,288.9,100,IBM
2025-10-09,9:48:23.126542314,T,288.77,200,288.9,200,IBM
2025-10-09,9:48:23.713319467,T,288.78,100,288.9,200,IBM
2025-10-09,9:48:23.713324444,T,288.78,200,288.9,200,IBM
2025-10-09,9:48:30.347803866,T,288.78,100,288.9,200,IBM
2025-10-09,9:48:30.347823903,T,288.61,100,288.9,200,IBM
2025-10-09,9:48:30.347848983,T,288.61,100,288.79,100,IBM
2025-10-09,9:48:30.348084570,T,288.61,200,288.79,100,IBM
2025-10-09,9:48:30.348130060,T,288.61,600,288.79,100,IBM
2025-10-09,9:48:30.348275038,T,288.61,600,288.78,100,IBM
2025-10-09,9:48:30.348460492,T,288.61,600,288.9,200,IBM
2025-10-09,9:48:30.348645927,T,288.61,200,288.9,200,IBM
2025-10-09,9:48:30.348645927,T,288.64,100,288.9,200,IBM
2025-10-09,9:48:30.348670978,T,288.64,500,288.9,200,IBM
2025-10-09,9:48:30.352535113,T,288.64,500,288.78,200,IBM
2025-10-09,9:48:30.648023695,T,288.64,500,288.78,300,IBM
2025-10-09,9:48:31.437332723,T,288.64,500,288.78,100,IBM
2025-10-09,9:48:31.437332723,T,288.64,500,288.9,100,IBM
2025-10-09,9:48:31.437352782,T,288.77,100,288.9,100,IBM
2025-10-09,9:48:31.437357746,T,288.77,200,288.9,100,IBM
2025-10-09,9:48:31.437377906,T,288.77,600,288.9,100,IBM
2025-10-09,9:48:31.437798736,T,288.77,500,288.9,100,IBM
2025-10-09,9:48:31.437828900,T,288.78,100,288.9,100,IBM
2025-10-09,9:48:31.437833799,T,288.78,500,288.9,100,IBM
2025-10-09,9:48:37.870482814,T,288.78,100,288.9,100,IBM
2025-10-09,9:48:37.870487843,T,288.61,100,288.9,100,IBM
2025-10-09,9:48:37.870487843,T,288.61,200,288.9,100,IBM
2025-10-09,9:48:37.870502889,T,288.84,400,288.9,100,IBM
2025-10-09,9:48:37.870532926,T,288.84,300,288.9,100,IBM
2025-10-09,9:48:37.870553207,T,288.84,200,288.9,100,IBM
2025-10-09,9:48:37.870553207,T,288.84,100,288.9,100,IBM
2025-10-09,9:48:37.870557992,T,288.61,100,288.9,100,IBM
2025-10-09,9:48:37.872116685,T,288.61,200,288.9,100,IBM
2025-10-09,9:48:37.989245595,T,288.64,100,288.9,100,IBM
2025-10-09,9:48:43.085447816,T,288.64,100,288.78,200,IBM
2025-10-09,9:48:44.086591305,T,288.64,100,288.9,100,IBM
