DATE,TIME_M,EX,BID,BIDSIZ,ASK,ASKSIZ,SYM_ROOT
2025-12-24,9:30:01.058181749,T,302.4,80,305.64,120,IBM
2025-12-24,9:30:01.058206862,T,302.4,80,305.64,200,IBM
2025-12-24,9:30:01.058412299,T,302.4,80,305.64,320,IBM
2025-12-24,9:30:01.427055198,T,302.4,80,305.64,200,IBM
2025-12-24,9:30:01.427060103,T,302.4,80,305.64,120,IBM
2025-12-24,9:30:01.427065138,T,302.4,80,306.42,80,IBM
2025-12-24,9:30:01.427095202,T,302.4,80,303.85,280,IBM
2025-12-24,9:30:01.429355499,T,302.4,80,303.85,320,IBM
2025-12-24,9:30:01.454204736,T,302.4,80,303.85,40,IBM
2025-12-24,9:30:01.454229746,T,302.4,80,303.76,320,IBM
2025-12-24,9:30:01.455111907,T,302.4,80,303.76,280,IBM
2025-12-24,9:30:01.455212060,T,302.4,80,303.76,320,IBM
2025-12-24,9:30:01.455222089,T,302.4,80,305.64,40,IBM
2025-12-24,9:30:01.455252234,T,302.4,80,303.54,280,IBM
2025-12-24,9:30:01.519104275,T,302.4,80,303.54,320,IBM
2025-12-24,9:30:01.768237282,T,302.4,80,303.54,40,IBM
2025-12-24,9:30:01.768262341,T,302.4,80,303.46,320,IBM
2025-12-24,9:30:01.768989138,T,302.4,80,303.68,40,IBM
2025-12-24,9:30:01.769014188,T,302.4,80,303.4,280,IBM
2025-12-24,9:30:01.851936549,T,302.4,80,303.4,320,IBM
2025-12-24,9:30:05.202337257,T,302.4,80,303.4,360,IBM
2025-12-24,9:30:05.202347332,T,302.4,80,303.4,40,IBM
2025-12-24,9:30:05.202372308,T,302.4,80,303.25,200,IBM
2025-12-24,9:30:05.202397439,T,302.4,80,303.4,40,IBM
2025-12-24,9:30:05.202422480,T,302.4,80,303.25,120,IBM
2025-12-24,9:30:05.202647949,T,302.4,80,303.4,80,IBM
2025-12-24,9:30:05.202673089,T,302.4,80,303.19,120,IBM
2025-12-24,9:30:05.202943724,T,302.4,80,303.68,40,IBM
2025-12-24,9:30:05.202968785,T,302.4,80,303.19,120,IBM
2025-12-24,9:30:05.203184244,T,302.4,80,303.19,160,IBM
2025-12-24,9:30:05.206642441,T,302.4,80,303.19,120,IBM
2025-12-24,9:30:05.222545352,T,302.4,80,303.19,80,IBM
2025-12-24,9:30:05.252982804,T,302.4,80,303.19,120,IBM
2025-12-24,9:30:05.681918921,T,302.4,80,303.19,160,IBM
2025-12-24,9:30:05.681938936,T,302.4,80,303.19,40,IBM
2025-12-24,9:30:05.681964066,T,302.4,80,303.11,120,IBM
2025-12-24,9:30:05.683693162,T,302.4,80,303.11,160,IBM
2025-12-24,9:30:05.845658716,T,302.4,80,303.11,120,IBM
2025-12-24,9:30:05.845673725,T,302.4,80,303.11,40,IBM
2025-12-24,9:30:05.845698843,T,302.4,80,303.0,80,IBM
2025-12-24,9:30:05.845738986,T,302.4,80,303.0,40,IBM
2025-12-24,9:30:05.845758995,T,302.4,80,303.11,40,IBM
2025-12-24,9:30:05.846119861,T,302.4,80,303.36,40,IBM
2025-12-24,9:30:05.846886617,T,302.4,80,303.21,40,IBM
2025-12-24,9:30:05.847307607,T,302.4,80,303.21,80,IBM
2025-12-24,9:30:06.974019936,T,302.4,80,303.21,40,IBM
2025-12-24,9:30:14.906017922,T,302.4,80,303.07,40,IBM
2025-12-24,9:30:14.906043006,T,302.4,80,303.21,40,IBM
2025-12-24,9:30:14.907461544,T,302.4,80,303.04,40,IBM
2025-12-24,9:30:14.907651909,T,302.4,80,303.0,40,IBM
2025-12-24,9:30:15.152028657,T,300.7,40,303.0,40,IBM
2025-12-24,9:30:15.152048651,T,299.87,40,303.0,40,IBM
2025-12-24,9:30:15.749576141,T,299.87,40,302.58,40,IBM
2025-12-24,9:30:15.753560707,T,299.87,40,302.83,40,IBM
2025-12-24,9:30:25.437148684,T,300.7,40,302.83,40,IBM
2025-12-24,9:30:25.437163678,T,301.6,40,302.83,40,IBM
2025-12-24,9:30:25.437173727,T,301.79,40,302.83,40,IBM
2025-12-24,9:30:25.437404332,T,302.09,40,302.83,40,IBM
2025-12-24,9:30:25.437534554,T,302.39,40,302.83,40,IBM
2025-12-24,9:30:25.687469589,T,302.09,40,302.83,40,IBM
2025-12-24,9:30:28.195254531,T,302.09,40,302.83,80,IBM
2025-12-24,9:30:29.801177660,T,302.09,40,302.83,40,IBM
2025-12-24,9:30:29.801919463,T,302.09,40,302.83,80,IBM
2025-12-24,9:30:31.326318571,T,302.09,40,302.83,40,IBM
2025-12-24,9:30:31.326318571,T,302.09,40,302.91,40,IBM
2025-12-24,9:30:31.326358664,T,302.41,40,302.91,40,IBM
2025-12-24,9:30:31.330588715,T,301.66,40,302.91,40,IBM
2025-12-24,9:30:31.346822268,T,301.66,40,302.91,80,IBM
2025-12-24,9:30:31.594431804,T,301.66,40,302.91,40,IBM
2025-12-24,9:30:35.914260655,T,302.46,40,302.91,40,IBM
2025-12-24,9:30:35.918290297,T,302.46,40,303.0,40,IBM
2025-12-24,9:30:35.918295268,T,301.66,40,303.0,40,IBM
2025-12-24,9:30:35.918350631,T,302.47,40,303.0,40,IBM
2025-12-24,9:30:35.918355452,T,302.55,40,303.0,40,IBM
2025-12-24,9:30:35.918380479,T,302.75,40,303.0,40,IBM
2025-12-24,9:30:35.918816600,T,302.75,40,303.04,40,IBM
2025-12-24,9:30:35.919337792,T,302.75,40,304.7,40,IBM
2025-12-24,9:30:35.919733769,T,302.75,40,303.56,40,IBM
2025-12-24,9:30:35.920004413,T,302.75,40,303.56,80,IBM
2025-12-24,9:30:35.920024450,T,301.85,80,303.56,80,IBM
2025-12-24,9:30:35.920024450,T,301.85,80,303.33,80,IBM
2025-12-24,9:30:35.921021784,T,301.85,40,303.33,80,IBM
2025-12-24,9:30:35.921076974,T,301.85,40,303.33,40,IBM
2025-12-24,9:30:51.049396844,T,301.85,40,303.33,80,IBM
2025-12-24,9:30:55.227648738,T,301.85,40,303.33,40,IBM
2025-12-24,9:31:00.290506430,T,302.07,160,303.33,40,IBM
2025-12-24,9:31:06.093586410,T,302.07,160,303.58,40,IBM
2025-12-24,9:31:06.093591461,T,302.07,160,303.62,40,IBM
2025-12-24,9:31:06.093616422,T,302.52,40,303.62,40,IBM
2025-12-24,9:31:06.093631525,T,302.68,40,303.62,40,IBM
2025-12-24,9:31:06.093636509,T,302.71,40,303.62,40,IBM
2025-12-24,9:31:06.093686696,T,302.68,40,303.62,40,IBM
2025-12-24,9:31:06.093686696,T,302.92,40,303.62,40,IBM
2025-12-24,9:31:06.094017461,T,302.92,40,303.58,40,IBM
2025-12-24,9:31:06.094298109,T,302.54,80,303.58,40,IBM
2025-12-24,9:31:06.094508565,T,302.68,40,303.58,40,IBM
2025-12-24,9:31:06.094729086,T,302.54,80,303.58,40,IBM
2025-12-24,9:31:06.101390380,T,302.07,160,303.58,40,IBM
2025-12-24,9:31:06.101399992,T,302.07,160,303.57,80,IBM
2025-12-24,9:31:06.101560398,T,302.53,40,303.57,80,IBM
2025-12-24,9:31:06.101770910,T,302.53,80,303.57,80,IBM
2025-12-24,9:31:06.102663063,T,302.53,80,303.58,40,IBM
2025-12-24,9:31:06.104016211,T,302.53,80,303.62,40,IBM
2025-12-24,9:31:06.193629538,T,302.53,40,303.62,40,IBM
2025-12-24,9:31:06.194050616,T,302.53,40,303.62,80,IBM
2025-12-24,9:31:06.194361374,T,302.07,160,303.62,80,IBM
2025-12-24,9:31:10.049774574,T,302.07,160,303.62,40,IBM
2025-12-24,9:31:19.218567099,T,302.4,40,303.62,40,IBM
2025-12-24,9:31:19.218592159,T,302.4,40,303.7,40,IBM
2025-12-24,9:31:19.218597230,T,302.07,160,303.7,40,IBM
2025-12-24,9:31:19.218597230,T,302.4,40,303.7,40,IBM
2025-12-24,9:31:19.218617231,T,303.1,40,303.7,40,IBM
2025-12-24,9:31:19.218617231,T,303.18,40,303.7,40,IBM
2025-12-24,9:31:19.218762601,T,303.18,40,304.12,160,IBM
2025-12-24,9:31:19.219158491,T,303.18,40,304.7,40,IBM
2025-12-24,9:31:19.219168587,T,303.18,40,304.44,160,IBM
2025-12-24,9:31:19.219619669,T,303.1,80,304.44,160,IBM
2025-12-24,9:31:19.238795223,T,303.1,40,304.44,160,IBM
2025-12-24,9:31:19.239251355,T,303.1,80,304.44,160,IBM
2025-12-24,9:31:19.507359603,T,303.33,40,304.44,160,IBM
2025-12-24,9:31:19.508166563,T,302.4,40,304.44,160,IBM
2025-12-24,9:31:19.508211708,T,302.4,40,303.81,80,IBM
2025-12-24,9:31:19.508652686,T,302.22,40,303.81,80,IBM
2025-12-24,9:31:19.508657933,T,302.07,160,303.81,80,IBM
2025-12-24,9:31:19.508662674,T,302.22,40,303.81,80,IBM
2025-12-24,9:31:19.810857141,T,302.07,160,303.81,80,IBM
2025-12-24,9:31:20.308065720,T,301.85,40,303.81,80,IBM
2025-12-24,9:31:20.308075768,T,302.44,160,303.81,80,IBM
2025-12-24,9:31:21.079968412,T,302.44,160,303.81,40,IBM
2025-12-24,9:31:21.079978359,T,302.44,160,304.44,160,IBM
2025-12-24,9:31:21.079998454,T,302.76,40,304.44,160,IBM
2025-12-24,9:31:21.083977921,T,302.44,160,304.44,160,IBM
2025-12-24,9:31:21.087411096,T,302.44,160,303.91,80,IBM
2025-12-24,9:31:21.088664108,T,302.44,160,304.44,160,IBM
2025-12-24,9:31:21.592493511,T,302.44,160,303.9,80,IBM
2025-12-24,9:31:25.477497454,T,301.85,40,303.9,80,IBM
2025-12-24,9:31:25.477502100,T,302.77,200,303.9,80,IBM
2025-12-24,9:31:26.705605764,T,302.77,200,304.44,160,IBM
2025-12-24,9:31:31.019996818,T,303.35,40,304.44,160,IBM
2025-12-24,9:31:31.020337632,T,303.51,40,304.44,160,IBM
2025-12-24,9:31:31.020903981,T,303.51,40,304.16,40,IBM
2025-12-24,9:31:31.024347163,T,303.35,40,304.16,40,IBM
2025-12-24,9:31:31.024377196,T,302.77,200,304.16,40,IBM
2025-12-24,9:31:34.707089326,T,301.85,40,304.16,40,IBM
2025-12-24,9:31:34.707089326,T,303.01,160,304.16,40,IBM
2025-12-24,9:31:39.613519615,T,303.5,40,304.16,40,IBM
2025-12-24,9:31:39.613554887,T,303.5,80,304.16,40,IBM
2025-12-24,9:31:53.082303758,T,303.5,40,304.16,40,IBM
2025-12-24,9:31:53.196906565,T,303.5,80,304.16,40,IBM
2025-12-24,9:31:54.071162786,T,303.5,40,304.16,40,IBM
2025-12-24,9:31:54.215516462,T,303.73,40,304.16,40,IBM
2025-12-24,9:31:54.215516462,T,303.73,80,304.16,40,IBM
2025-12-24,9:31:54.215581611,T,303.74,40,304.16,40,IBM
2025-12-24,9:31:54.215817205,T,303.87,40,304.16,40,IBM
2025-12-24,9:31:54.216047705,T,303.91,40,304.16,40,IBM
2025-12-24,9:31:54.216092779,T,303.91,40,304.2,40,IBM
2025-12-24,9:31:54.216273312,T,303.91,40,304.16,40,IBM
2025-12-24,9:31:54.216533856,T,303.92,40,304.16,40,IBM
2025-12-24,9:31:54.216553896,T,303.97,40,304.16,40,IBM
2025-12-24,9:31:54.216829632,T,303.92,40,304.16,40,IBM
2025-12-24,9:31:54.216854664,T,303.91,40,304.16,40,IBM
2025-12-24,9:31:54.220994522,T,303.87,40,304.16,40,IBM
2025-12-24,9:31:54.221024592,T,303.74,80,304.16,40,IBM
2025-12-24,9:31:54.230411867,T,303.74,80,304.2,40,IBM
2025-12-24,9:31:54.230421982,T,303.74,40,304.2,40,IBM
2025-12-24,9:31:54.230452057,T,303.73,40,304.2,40,IBM
2025-12-24,9:31:54.230477068,T,303.5,40,304.2,40,IBM
2025-12-24,9:31:54.230842976,T,303.5,40,304.2,80,IBM
2025-12-24,9:31:55.811791558,T,303.31,160,304.2,80,IBM
2025-12-24,9:31:55.837853667,T,303.74,40,304.2,80,IBM
2025-12-24,9:31:55.837893715,T,303.74,80,304.2,80,IBM
2025-12-24,9:31:56.049041451,T,303.74,40,304.2,80,IBM
2025-12-24,9:31:56.192593133,T,303.74,80,304.2,80,IBM
2025-12-24,9:31:57.037895468,T,303.74,40,304.2,80,IBM
2025-12-24,9:31:57.713929826,T,303.74,80,304.2,80,IBM
2025-12-24,9:31:58.026749467,T,303.74,40,304.2,80,IBM
2025-12-24,9:31:58.364704059,T,303.74,80,304.2,80,IBM
2025-12-24,9:31:59.015603655,T,303.74,40,304.2,80,IBM
2025-12-24,9:31:59.016024606,T,303.74,80,304.2,80,IBM
2025-12-24,9:31:59.200829609,T,303.74,120,304.2,80,IBM
2025-12-24,9:31:59.310220292,T,303.74,120,304.2,40,IBM
2025-12-24,9:31:59.310220292,T,303.74,120,304.24,40,IBM
2025-12-24,9:31:59.310224953,T,303.74,120,304.41,40,IBM
2025-12-24,9:31:59.310239987,T,303.95,40,304.41,40,IBM
2025-12-24,9:31:59.310270137,T,303.98,40,304.41,40,IBM
2025-12-24,9:31:59.310305201,T,303.98,40,304.44,160,IBM
2025-12-24,9:31:59.310666008,T,303.98,40,304.41,40,IBM
2025-12-24,9:31:59.310771340,T,303.98,80,304.41,40,IBM
2025-12-24,9:31:59.330713750,T,303.98,80,304.74,200,IBM
2025-12-24,9:31:59.342972965,T,303.98,80,304.67,80,IBM
2025-12-24,9:31:59.343393915,T,303.98,80,304.67,120,IBM
2025-12-24,9:32:01.282475397,T,303.98,80,304.67,40,IBM
2025-12-24,9:32:05.121795279,T,303.98,40,304.67,40,IBM
2025-12-24,9:32:05.121825325,T,303.95,40,304.67,40,IBM
2025-12-24,9:32:05.121845402,T,303.31,160,304.67,40,IBM
2025-12-24,9:32:05.125514086,T,303.31,160,304.35,40,IBM
2025-12-24,9:32:05.125569302,T,303.31,160,304.41,40,IBM
2025-12-24,9:32:05.125719561,T,303.31,160,304.41,80,IBM
2025-12-24,9:32:05.125734642,T,303.31,160,304.28,40,IBM
2025-12-24,9:32:05.125754687,T,303.31,160,304.28,80,IBM
2025-12-24,9:32:05.126316362,T,303.31,160,304.18,40,IBM
2025-12-24,9:32:05.126356119,T,303.31,160,304.28,40,IBM
2025-12-24,9:32:05.126586688,T,303.31,160,304.41,40,IBM
2025-12-24,9:32:05.130305524,T,303.74,40,304.41,40,IBM
2025-12-24,9:32:07.350666284,T,303.31,160,304.41,40,IBM
2025-12-24,9:32:08.907011361,T,302.76,40,304.41,40,IBM
2025-12-24,9:32:08.907011361,T,303.52,160,304.41,40,IBM
2025-12-24,9:32:09.836308648,T,303.52,160,304.35,40,IBM
2025-12-24,9:32:09.873838058,T,303.52,160,304.41,40,IBM
2025-12-24,9:32:10.707668101,T,302.76,40,304.41,40,IBM
2025-12-24,9:32:10.707668101,T,303.29,160,304.41,40,IBM
2025-12-24,9:32:24.028981169,T,303.71,40,304.41,40,IBM
2025-12-24,9:32:24.029412176,T,303.71,80,304.41,40,IBM
2025-12-24,9:32:26.663893977,T,303.71,40,304.41,40,IBM
2025-12-24,9:32:26.664014204,T,303.72,40,304.41,40,IBM
2025-12-24,9:32:26.664435262,T,303.72,80,304.41,40,IBM
2025-12-24,9:32:33.605875045,T,303.72,40,304.41,40,IBM
2025-12-24,9:32:33.605905173,T,303.71,40,304.41,40,IBM
2025-12-24,9:32:33.625181077,T,303.29,160,304.41,40,IBM
2025-12-24,9:32:35.499583350,T,302.22,40,304.41,40,IBM
2025-12-24,9:32:35.499588281,T,303.51,200,304.41,40,IBM
2025-12-24,9:32:39.437297569,T,303.51,200,304.35,40,IBM
2025-12-24,9:32:39.437498094,T,303.51,200,304.41,40,IBM
2025-12-24,9:32:56.399217572,T,303.51,240,304.41,40,IBM
2025-12-24,9:32:56.399272777,T,303.51,40,304.41,40,IBM
2025-12-24,9:32:57.462198207,T,303.24,200,304.41,40,IBM
2025-12-24,9:33:00.414170683,T,303.71,40,304.41,40,IBM
2025-12-24,9:33:02.853507798,T,303.71,40,304.49,40,IBM
2025-12-24,9:33:23.369999976,T,303.71,40,304.55,80,IBM
2025-12-24,9:33:23.370170302,T,303.71,40,304.29,40,IBM
2025-12-24,9:33:27.487136298,T,303.72,40,304.29,40,IBM
2025-12-24,9:33:27.492965179,T,303.87,40,304.29,40,IBM
2025-12-24,9:33:27.493040293,T,303.72,40,304.29,40,IBM
2025-12-24,9:33:27.493080631,T,303.72,40,304.04,40,IBM
2025-12-24,9:33:27.493336032,T,303.72,80,304.04,40,IBM
2025-12-24,9:33:27.493336032,T,303.72,80,304.29,40,IBM
2025-12-24,9:33:27.493340973,T,303.74,40,304.29,40,IBM
2025-12-24,9:33:27.493371137,T,303.84,40,304.29,40,IBM
2025-12-24,9:33:27.666397955,T,303.74,80,304.29,40,IBM
2025-12-24,9:33:27.666418107,T,303.74,80,304.03,40,IBM
2025-12-24,9:33:27.666954314,T,303.74,40,304.03,40,IBM
2025-12-24,9:33:27.666979450,T,303.72,40,304.03,40,IBM
2025-12-24,9:33:27.667009462,T,303.71,40,304.03,40,IBM
2025-12-24,9:33:27.710873930,T,303.71,40,304.29,40,IBM
2025-12-24,9:33:29.139720451,T,303.72,40,304.29,40,IBM
2025-12-24,9:33:29.169511330,T,303.72,40,304.05,40,IBM
2025-12-24,9:33:30.470959709,T,303.71,40,304.05,40,IBM
2025-12-24,9:33:30.511942321,T,303.71,40,304.29,40,IBM
2025-12-24,9:33:33.203274452,T,303.71,40,304.37,40,IBM
2025-12-24,9:33:33.203394557,T,303.71,40,304.41,40,IBM
2025-12-24,9:33:33.203414564,T,303.71,40,304.55,80,IBM
2025-12-24,9:33:33.203434654,T,303.71,40,304.55,40,IBM
2025-12-24,9:33:33.209323619,T,303.73,40,304.55,40,IBM
2025-12-24,9:33:33.209353700,T,303.86,40,304.55,40,IBM
2025-12-24,9:33:33.209393784,T,303.86,80,304.55,40,IBM
2025-12-24,9:33:33.209579402,T,303.86,40,304.55,40,IBM
2025-12-24,9:33:33.210175656,T,303.71,40,304.55,40,IBM
2025-12-24,9:33:33.311832664,T,303.71,40,304.59,200,IBM
2025-12-24,9:33:45.811705160,T,303.24,200,304.59,200,IBM
2025-12-24,9:33:48.469547450,T,303.24,200,304.58,40,IBM
2025-12-24,9:33:51.263734442,T,303.73,40,304.58,40,IBM
2025-12-24,9:33:55.311851428,T,303.73,40,304.57,40,IBM
2025-12-24,9:34:09.928473077,T,303.74,40,304.57,40,IBM
2025-12-24,9:34:12.947149258,T,303.74,40,304.39,40,IBM
2025-12-24,9:34:13.452462258,T,303.74,40,304.39,80,IBM
2025-12-24,9:34:15.663425627,T,303.74,40,304.39,40,IBM
2025-12-24,9:34:15.663891838,T,303.74,40,304.39,80,IBM
2025-12-24,9:34:15.663906773,T,303.74,40,304.35,40,IBM
2025-12-24,9:34:22.477111511,T,303.85,40,304.35,40,IBM
2025-12-24,9:34:22.477262617,T,303.92,40,304.35,40,IBM
2025-12-24,9:34:22.477497491,T,303.99,40,304.35,40,IBM
2025-12-24,9:34:22.477572660,T,303.92,40,304.35,40,IBM
2025-12-24,9:34:22.477582687,T,304.04,40,304.35,40,IBM
2025-12-24,9:34:22.477597739,T,303.92,40,304.35,40,IBM
2025-12-24,9:34:22.477607751,T,303.85,40,304.35,40,IBM
2025-12-24,9:34:22.477637834,T,303.74,40,304.35,40,IBM
2025-12-24,9:34:22.477648126,T,303.74,80,304.35,40,IBM
2025-12-24,9:34:22.477753061,T,303.74,40,304.35,40,IBM
2025-12-24,9:34:22.477758092,T,303.92,40,304.35,40,IBM
2025-12-24,9:34:22.478254261,T,303.24,200,304.35,40,IBM
2025-12-24,9:34:22.478524959,T,303.24,200,304.04,40,IBM
2025-12-24,9:34:22.478559991,T,303.24,200,304.35,40,IBM
2025-12-24,9:34:22.485270941,T,303.27,40,304.35,40,IBM
2025-12-24,9:34:22.485506532,T,303.27,40,304.39,40,IBM
2025-12-24,9:34:22.486283349,T,304.05,40,304.39,40,IBM
2025-12-24,9:34:22.495179531,T,303.98,40,304.39,40,IBM
2025-12-24,9:34:22.519632845,T,303.71,40,304.39,40,IBM
2025-12-24,9:34:22.593368352,T,303.88,40,304.39,40,IBM
2025-12-24,9:34:26.644472537,T,303.88,40,304.39,80,IBM
2025-12-24,9:34:26.644487642,T,303.88,40,304.2,40,IBM
2025-12-24,9:34:26.644743119,T,303.71,40,304.2,40,IBM
2025-12-24,9:34:26.680282768,T,303.71,40,304.2,80,IBM
2025-12-24,9:34:36.869785231,T,303.71,40,304.11,40,IBM
2025-12-24,9:34:36.870040847,T,303.44,240,304.11,40,IBM
2025-12-24,9:34:36.872356382,T,303.44,240,304.11,80,IBM
2025-12-24,9:34:36.873799802,T,303.44,240,304.11,40,IBM
2025-12-24,9:34:38.112969889,T,303.44,240,304.11,80,IBM
2025-12-24,9:34:38.113325731,T,303.44,240,304.1,40,IBM
2025-12-24,9:34:38.113370757,T,303.44,240,304.11,80,IBM
2025-12-24,9:34:38.113511117,T,303.44,240,304.11,40,IBM
2025-12-24,9:34:38.113536225,T,303.44,320,304.11,40,IBM
2025-12-24,9:34:38.113616363,T,303.44,400,304.11,40,IBM
2025-12-24,9:34:38.114062400,T,303.44,200,304.11,40,IBM
2025-12-24,9:34:38.213839933,T,303.44,200,304.12,40,IBM
2025-12-24,9:34:38.668913352,T,303.44,200,304.2,40,IBM
2025-12-24,9:34:38.668928324,T,303.44,80,304.2,40,IBM
2025-12-24,9:34:38.668933377,T,303.44,40,304.2,40,IBM
2025-12-24,9:34:38.668948390,T,303.45,40,304.2,40,IBM
2025-12-24,9:34:38.668953333,T,303.78,160,304.2,40,IBM
2025-12-24,9:34:38.668998470,T,303.45,40,304.2,40,IBM
2025-12-24,9:34:38.669018506,T,303.27,40,304.2,40,IBM
2025-12-24,9:34:38.669033718,T,303.27,40,304.11,40,IBM
2025-12-24,9:34:38.670466981,T,303.27,40,304.2,80,IBM
2025-12-24,9:34:38.769247199,T,303.27,40,304.2,40,IBM
2025-12-24,9:34:45.052284655,T,303.27,80,304.2,40,IBM
2025-12-24,9:34:57.247952886,T,303.27,40,304.2,40,IBM
2025-12-24,9:34:58.535387770,T,303.27,40,304.14,40,IBM
2025-12-24,9:35:05.393469397,T,303.27,40,304.11,40,IBM
2025-12-24,9:35:05.394276269,T,303.27,40,304.11,80,IBM
2025-12-24,9:35:05.507926876,T,303.7,40,304.11,80,IBM
2025-12-24,9:35:07.974428620,T,303.7,40,304.11,40,IBM
2025-12-24,9:35:07.974448705,T,303.7,80,304.11,40,IBM
2025-12-24,9:35:07.974459326,T,303.7,80,304.14,40,IBM
2025-12-24,9:35:14.527113028,T,303.81,40,304.14,40,IBM
2025-12-24,9:35:14.527493864,T,303.96,40,304.14,40,IBM
2025-12-24,9:35:14.527729510,T,303.96,40,304.35,40,IBM
2025-12-24,9:35:14.572225441,T,303.82,40,304.35,40,IBM
2025-12-24,9:35:14.572435940,T,303.82,80,304.35,40,IBM
2025-12-24,9:35:14.587657194,T,303.82,40,304.35,40,IBM
2025-12-24,9:35:14.594538532,T,303.96,40,304.35,40,IBM
2025-12-24,9:35:14.594538532,T,303.82,40,304.35,40,IBM
2025-12-24,9:35:14.598683343,T,303.81,40,304.35,40,IBM
2025-12-24,9:35:14.628404163,T,303.7,80,304.35,40,IBM
2025-12-24,9:35:15.046374196,T,303.71,40,304.35,40,IBM
2025-12-24,9:35:15.047301333,T,303.7,80,304.35,40,IBM
2025-12-24,9:35:15.257010588,T,303.7,80,304.39,80,IBM
2025-12-24,9:35:15.257481720,T,303.7,80,304.39,40,IBM
2025-12-24,9:35:15.690542676,T,303.7,80,304.58,40,IBM
2025-12-24,9:35:18.207369240,T,303.71,40,304.58,40,IBM
2025-12-24,9:35:18.207374280,T,303.81,40,304.58,40,IBM
2025-12-24,9:35:18.210200975,T,303.81,40,304.63,40,IBM
2025-12-24,9:35:18.212436333,T,303.71,40,304.63,40,IBM
2025-12-24,9:35:18.213919876,T,303.7,80,304.63,40,IBM
2025-12-24,9:35:24.081357866,T,304.27,40,304.63,40,IBM
2025-12-24,9:35:35.988960358,T,303.84,160,304.63,40,IBM
2025-12-24,9:35:35.988990383,T,303.84,160,304.85,240,IBM
2025-12-24,9:35:35.988995464,T,303.84,160,304.5,40,IBM
2025-12-24,9:35:35.989416367,T,303.84,160,304.5,80,IBM
2025-12-24,9:35:41.083779164,T,303.84,160,304.39,120,IBM
2025-12-24,9:35:41.085493298,T,303.84,160,304.39,160,IBM
2025-12-24,9:35:41.231691242,T,303.84,160,304.39,40,IBM
2025-12-24,9:35:41.349090795,T,304.2,40,304.39,40,IBM
2025-12-24,9:35:44.930747164,T,304.2,40,304.5,40,IBM
2025-12-24,9:35:44.930777295,T,304.22,40,304.5,40,IBM
2025-12-24,9:35:44.930807361,T,304.29,40,304.5,40,IBM
2025-12-24,9:35:44.931093037,T,304.29,40,304.85,240,IBM
2025-12-24,9:35:44.931108052,T,304.3,40,304.85,240,IBM
2025-12-24,9:35:44.931188306,T,304.3,40,304.5,40,IBM
2025-12-24,9:35:44.941567961,T,304.3,40,304.85,240,IBM
2025-12-24,9:35:45.027978676,T,304.29,40,304.85,240,IBM
2025-12-24,9:35:45.028008803,T,304.21,40,304.85,240,IBM
2025-12-24,9:35:45.028034087,T,304.2,40,304.85,240,IBM
2025-12-24,9:35:45.028063908,T,303.84,160,304.85,240,IBM
2025-12-24,9:35:46.074379737,T,304.31,40,304.85,240,IBM
2025-12-24,9:35:46.931349786,T,304.31,40,304.75,40,IBM
2025-12-24,9:36:06.078110789,T,304.31,40,304.5,40,IBM
2025-12-24,9:36:06.078306302,T,304.31,40,304.5,160,IBM
2025-12-24,9:36:06.093783910,T,303.84,160,304.5,160,IBM
2025-12-24,9:36:06.094143989,T,304.22,40,304.5,160,IBM
2025-12-24,9:36:06.094189081,T,304.22,80,304.5,160,IBM
2025-12-24,9:36:06.094409603,T,304.23,40,304.5,160,IBM
2025-12-24,9:36:06.094409603,T,304.23,80,304.5,160,IBM
2025-12-24,9:36:06.094464817,T,304.23,80,304.31,40,IBM
2025-12-24,9:36:06.094489768,T,304.23,80,304.5,160,IBM
2025-12-24,9:36:06.140614634,T,304.23,80,304.5,40,IBM
2025-12-24,9:36:06.159564752,T,304.23,80,304.85,240,IBM
2025-12-24,9:36:08.094475942,T,304.23,80,304.79,40,IBM
2025-12-24,9:36:08.238067874,T,304.23,80,304.85,240,IBM
2025-12-24,9:36:08.513333091,T,304.24,40,304.85,240,IBM
2025-12-24,9:36:08.513353234,T,304.37,40,304.85,240,IBM
2025-12-24,9:36:08.513358241,T,304.37,80,304.85,240,IBM
2025-12-24,9:36:08.513754189,T,304.37,40,304.85,240,IBM
2025-12-24,9:36:08.513789288,T,304.37,80,304.85,240,IBM
2025-12-24,9:36:08.514099942,T,304.37,40,304.85,240,IBM
2025-12-24,9:36:08.514099942,T,304.37,80,304.85,240,IBM
2025-12-24,9:36:08.517452962,T,304.37,40,304.85,240,IBM
2025-12-24,9:36:08.742548804,T,304.23,80,304.85,240,IBM
2025-12-24,9:36:09.195436981,T,304.23,40,304.85,240,IBM
2025-12-24,9:36:21.414756614,T,304.23,40,304.58,120,IBM
2025-12-24,9:36:21.415182631,T,304.23,40,304.58,160,IBM
2025-12-24,9:36:21.711588244,T,304.23,40,304.58,40,IBM
2025-12-24,9:36:22.047623323,T,304.23,40,304.85,240,IBM
2025-12-24,9:36:22.047703447,T,304.23,40,304.79,40,IBM
2025-12-24,9:36:22.349742640,T,304.23,40,304.85,240,IBM
2025-12-24,9:36:22.349762692,T,304.23,40,304.71,40,IBM
2025-12-24,9:36:22.723893375,T,304.23,40,304.5,40,IBM
2025-12-24,9:36:22.725376860,T,304.23,40,304.58,40,IBM
2025-12-24,9:36:22.728955326,T,304.23,40,304.71,40,IBM
2025-12-24,9:36:22.737034557,T,303.91,40,304.71,40,IBM
2025-12-24,9:36:22.738608389,T,304.24,40,304.71,40,IBM
2025-12-24,9:36:25.191532663,T,304.24,40,304.79,40,IBM
2025-12-24,9:36:25.191567685,T,304.25,40,304.79,40,IBM
2025-12-24,9:36:25.191588001,T,304.37,40,304.79,40,IBM
2025-12-24,9:36:25.191607860,T,304.37,80,304.79,40,IBM
2025-12-24,9:36:25.191637948,T,304.4,40,304.79,40,IBM
2025-12-24,9:36:25.191637948,T,304.4,80,304.79,40,IBM
2025-12-24,9:36:25.191988740,T,304.4,40,304.79,40,IBM
2025-12-24,9:36:25.192048830,T,304.4,80,304.79,40,IBM
2025-12-24,9:36:25.193402117,T,304.4,80,304.85,240,IBM
2025-12-24,9:36:25.197106032,T,304.4,40,304.85,240,IBM
2025-12-24,9:36:26.312345784,T,304.24,40,304.85,240,IBM
2025-12-24,9:36:37.366972606,T,304.01,160,304.85,240,IBM
2025-12-24,9:36:42.669205000,T,304.01,160,304.66,120,IBM
2025-12-24,9:36:42.963661070,T,304.01,160,304.85,240,IBM
2025-12-24,9:36:43.815258405,T,304.01,160,304.66,120,IBM
2025-12-24,9:36:43.984335924,T,304.01,160,304.85,240,IBM
2025-12-24,9:36:44.677741655,T,304.01,160,304.66,120,IBM
2025-12-24,9:36:45.065404477,T,304.01,160,304.85,240,IBM
2025-12-24,9:36:49.102294777,T,304.01,160,304.85,40,IBM
2025-12-24,9:36:49.102319860,T,304.01,160,305.0,160,IBM
2025-12-24,9:36:54.109199318,T,304.01,160,304.66,120,IBM
2025-12-24,9:36:54.528893462,T,304.01,160,305.0,160,IBM
2025-12-24,9:36:56.561226652,T,304.01,160,304.66,120,IBM
2025-12-24,9:36:57.159200231,T,304.01,160,305.0,160,IBM
2025-12-24,9:36:57.408473608,T,304.01,160,304.66,120,IBM
2025-12-24,9:36:57.925404191,T,304.01,160,305.0,160,IBM
2025-12-24,9:36:58.568615440,T,304.01,160,304.98,40,IBM
2025-12-24,9:37:11.161439265,T,304.01,160,304.77,40,IBM
2025-12-24,9:37:11.166386038,T,304.01,160,304.98,40,IBM
2025-12-24,9:37:11.172746180,T,304.01,160,304.77,40,IBM
2025-12-24,9:37:11.694112310,T,304.01,160,304.98,40,IBM
2025-12-24,9:37:12.296506401,T,304.01,160,304.66,120,IBM
2025-12-24,9:37:12.297127841,T,304.01,160,304.66,160,IBM
2025-12-24,9:37:12.354098534,T,304.01,160,304.66,40,IBM
2025-12-24,9:37:12.412833267,T,304.01,160,304.78,40,IBM
2025-12-24,9:37:13.879595143,T,304.01,160,304.66,120,IBM
2025-12-24,9:37:13.880021111,T,304.01,160,304.66,160,IBM
2025-12-24,9:37:14.066159219,T,304.01,160,304.66,40,IBM
2025-12-24,9:37:14.383484729,T,304.01,160,304.66,160,IBM
2025-12-24,9:37:15.265604768,T,304.01,160,304.66,40,IBM
2025-12-24,9:37:15.818365631,T,304.01,160,304.66,160,IBM
2025-12-24,9:37:16.133931902,T,304.01,160,304.58,120,IBM
2025-12-24,9:37:16.135671105,T,304.01,160,304.58,160,IBM
2025-12-24,9:37:16.357849930,T,304.01,160,304.58,120,IBM
2025-12-24,9:37:16.357915084,T,304.01,160,304.77,40,IBM
2025-12-24,9:37:16.357990274,T,304.01,160,304.78,40,IBM
2025-12-24,9:37:17.265706139,T,304.01,160,304.66,120,IBM
2025-12-24,9:37:18.352353033,T,304.01,160,304.78,40,IBM
2025-12-24,9:37:24.273960180,T,304.01,160,304.77,40,IBM
2025-12-24,9:37:24.274205791,T,304.01,160,304.71,40,IBM
2025-12-24,9:37:24.274310984,T,304.01,160,304.7,40,IBM
2025-12-24,9:37:24.274381228,T,304.01,160,304.71,40,IBM
2025-12-24,9:37:24.275107915,T,304.01,160,304.77,40,IBM
2025-12-24,9:37:24.278776613,T,304.01,160,304.71,40,IBM
2025-12-24,9:37:24.282134629,T,304.01,160,304.77,40,IBM
2025-12-24,9:37:25.735935610,T,303.91,40,304.77,40,IBM
2025-12-24,9:37:25.735935610,T,304.15,160,304.77,40,IBM
2025-12-24,9:37:29.158172740,T,304.15,160,304.78,40,IBM
2025-12-24,9:37:29.256877733,T,304.48,40,304.78,40,IBM
2025-12-24,9:37:33.304508671,T,304.48,40,304.66,120,IBM
2025-12-24,9:37:33.304929621,T,304.48,40,304.66,160,IBM
2025-12-24,9:37:34.087497672,T,304.48,40,304.66,40,IBM
2025-12-24,9:37:34.087918658,T,304.48,40,304.78,40,IBM
2025-12-24,9:37:34.446036282,T,304.48,40,304.66,120,IBM
2025-12-24,9:37:34.673683204,T,304.48,40,304.78,40,IBM
2025-12-24,9:37:39.287391687,T,304.48,40,304.64,120,IBM
2025-12-24,9:37:39.287817663,T,304.48,40,304.64,160,IBM
2025-12-24,9:37:39.288213583,T,304.48,40,304.64,200,IBM
2025-12-24,9:37:39.514522428,T,304.48,40,304.64,80,IBM
2025-12-24,9:37:44.102605125,T,304.48,40,304.64,40,IBM
2025-12-24,9:37:45.106249429,T,304.51,40,304.64,40,IBM
2025-12-24,9:37:45.106329690,T,304.51,40,304.78,40,IBM
2025-12-24,9:37:45.106364983,T,304.57,40,304.78,40,IBM
2025-12-24,9:37:45.106364983,T,304.58,40,304.78,40,IBM
2025-12-24,9:37:45.106996209,T,304.58,40,304.85,40,IBM
2025-12-24,9:37:45.107116469,T,304.58,40,304.78,80,IBM
2025-12-24,9:37:45.149763014,T,304.58,40,304.78,40,IBM
2025-12-24,9:37:46.658725110,T,304.59,40,304.78,40,IBM
2025-12-24,9:37:46.658765215,T,304.59,80,304.78,40,IBM
2025-12-24,9:37:50.960791689,T,304.59,80,304.76,120,IBM
2025-12-24,9:37:51.092635582,T,304.59,80,304.78,40,IBM
2025-12-24,9:37:51.573740933,T,304.59,80,304.76,120,IBM
2025-12-24,9:37:52.189722452,T,304.59,80,304.78,40,IBM
2025-12-24,9:37:55.276701262,T,304.59,80,304.78,80,IBM
2025-12-24,9:37:55.276736348,T,304.59,80,304.75,40,IBM
2025-12-24,9:37:55.277102121,T,304.59,80,304.77,40,IBM
2025-12-24,9:37:55.277372809,T,304.59,80,304.78,40,IBM
2025-12-24,9:37:55.884949147,T,304.59,80,304.75,120,IBM
2025-12-24,9:37:56.049175148,T,304.59,80,304.78,40,IBM
2025-12-24,9:37:57.184648256,T,304.59,80,304.76,120,IBM
2025-12-24,9:37:57.185069208,T,304.59,80,304.76,160,IBM
2025-12-24,9:37:57.470433607,T,304.59,80,304.76,40,IBM
2025-12-24,9:37:59.684574656,T,304.59,80,304.76,160,IBM
2025-12-24,9:37:59.685000706,T,304.59,80,304.76,120,IBM
2025-12-24,9:37:59.805687982,T,304.59,80,304.78,40,IBM
2025-12-24,9:38:00.661851268,T,304.59,80,304.76,120,IBM
2025-12-24,9:38:00.662643130,T,304.59,80,304.76,160,IBM
2025-12-24,9:38:00.695591585,T,304.59,40,304.76,160,IBM
2025-12-24,9:38:00.695596699,T,304.58,40,304.76,160,IBM
2025-12-24,9:38:00.695626663,T,304.28,200,304.76,160,IBM
2025-12-24,9:38:00.695656766,T,304.28,200,304.76,200,IBM
2025-12-24,9:38:00.699871730,T,304.28,200,304.68,40,IBM
2025-12-24,9:38:00.700984444,T,304.28,200,304.76,200,IBM
2025-12-24,9:38:00.759493724,T,304.28,200,304.76,160,IBM
2025-12-24,9:38:01.252367038,T,304.28,200,304.64,120,IBM
2025-12-24,9:38:01.253163902,T,304.28,200,304.64,160,IBM
2025-12-24,9:38:02.326674449,T,304.28,200,304.64,40,IBM
2025-12-24,9:38:03.117943173,T,304.28,200,304.64,160,IBM
2025-12-24,9:38:04.328685446,T,304.28,200,304.64,40,IBM
2025-12-24,9:38:05.073483546,T,304.28,200,304.64,160,IBM
2025-12-24,9:38:05.263420843,T,304.28,200,304.64,40,IBM
2025-12-24,9:38:05.847315807,T,304.28,200,304.64,80,IBM
2025-12-24,9:38:06.268523609,T,304.28,200,304.62,120,IBM
2025-12-24,9:38:07.595943706,T,304.28,200,304.64,40,IBM
2025-12-24,9:38:08.069020052,T,304.28,200,304.62,120,IBM
2025-12-24,9:38:10.562926975,T,304.28,200,304.64,40,IBM
2025-12-24,9:38:10.563518404,T,304.28,200,304.64,80,IBM
2025-12-24,9:38:10.997190788,T,304.28,200,304.62,120,IBM
2025-12-24,9:38:10.999902165,T,304.28,200,304.62,160,IBM
2025-12-24,9:38:11.210212810,T,304.28,200,304.62,40,IBM
2025-12-24,9:38:12.175280298,T,304.28,200,304.64,40,IBM
2025-12-24,9:38:17.602625711,T,304.28,200,304.6,40,IBM
2025-12-24,9:38:18.174081207,T,304.49,40,304.6,40,IBM
2025-12-24,9:38:19.348036022,T,304.49,40,305.0,160,IBM
2025-12-24,9:38:19.348827914,T,304.49,40,304.77,40,IBM
2025-12-24,9:38:25.762606603,T,304.49,80,304.77,40,IBM
2025-12-24,9:38:25.776404413,T,304.56,40,304.77,40,IBM
2025-12-24,9:38:25.786668825,T,304.56,40,305.0,160,IBM
2025-12-24,9:38:25.786849282,T,304.49,40,305.0,160,IBM
2025-12-24,9:38:26.312325258,T,304.49,80,305.0,160,IBM
2025-12-24,9:38:26.646159968,T,304.49,40,305.0,160,IBM
2025-12-24,9:38:27.330188518,T,304.62,40,305.0,160,IBM
2025-12-24,9:38:30.570216838,T,304.28,200,305.0,160,IBM
2025-12-24,9:38:30.570482507,T,304.28,200,304.76,40,IBM
2025-12-24,9:38:30.570542659,T,304.28,200,305.0,160,IBM
2025-12-24,9:38:30.571585108,T,304.28,200,304.82,40,IBM
2025-12-24,9:38:30.574191307,T,304.28,200,304.77,40,IBM
2025-12-24,9:38:30.574466996,T,304.28,200,305.0,160,IBM
2025-12-24,9:38:30.582581258,T,304.28,200,304.77,40,IBM
2025-12-24,9:38:30.600594227,T,304.28,200,305.0,160,IBM
2025-12-24,9:38:30.675567778,T,304.28,200,304.77,40,IBM
2025-12-24,9:38:30.675572718,T,304.28,200,304.69,40,IBM
2025-12-24,9:38:31.206241007,T,304.47,40,304.69,40,IBM
2025-12-24,9:38:31.206261096,T,304.47,40,305.0,160,IBM
2025-12-24,9:38:31.206787285,T,304.47,40,304.77,40,IBM
2025-12-24,9:38:31.459072850,T,304.47,40,305.0,160,IBM
2025-12-24,9:38:31.562554199,T,304.47,40,304.69,120,IBM
2025-12-24,9:38:32.054660685,T,304.47,40,305.0,160,IBM
2025-12-24,9:38:32.419153312,T,304.47,40,304.69,120,IBM
2025-12-24,9:38:32.419589370,T,304.47,40,304.69,160,IBM
2025-12-24,9:38:35.170082218,T,304.47,40,304.67,120,IBM
2025-12-24,9:38:35.172793708,T,304.47,40,304.67,160,IBM
2025-12-24,9:38:36.423100113,T,304.47,40,304.67,40,IBM
2025-12-24,9:38:37.389485616,T,304.47,40,305.0,160,IBM
2025-12-24,9:38:39.063621109,T,304.47,40,304.77,40,IBM
2025-12-24,9:38:39.161093112,T,304.28,200,304.77,40,IBM
2025-12-24,9:38:39.161113131,T,304.28,200,304.69,40,IBM
2025-12-24,9:38:39.161148296,T,304.28,200,304.77,40,IBM
2025-12-24,9:38:39.161418894,T,303.91,40,304.77,40,IBM
2025-12-24,9:38:39.161428921,T,304.14,160,304.77,40,IBM
2025-12-24,9:38:39.606358125,T,304.14,160,304.55,120,IBM
2025-12-24,9:38:40.055161636,T,304.14,160,305.0,160,IBM
2025-12-24,9:38:40.067425737,T,304.14,160,304.97,40,IBM
2025-12-24,9:38:40.067455854,T,304.14,160,304.77,40,IBM
2025-12-24,9:38:41.264204804,T,304.14,160,304.58,120,IBM
2025-12-24,9:38:41.315892857,T,304.14,200,304.58,120,IBM
2025-12-24,9:38:41.605833074,T,304.14,200,304.48,120,IBM
2025-12-24,9:38:42.813954122,T,304.14,160,304.48,120,IBM
2025-12-24,9:38:42.832788904,T,304.14,160,304.47,120,IBM
2025-12-24,9:38:43.495411393,T,304.14,160,304.47,160,IBM
2025-12-24,9:38:43.495446484,T,304.14,160,304.46,40,IBM
2025-12-24,9:38:43.495566731,T,304.14,160,304.38,120,IBM
2025-12-24,9:38:43.496353542,T,304.14,160,304.38,160,IBM
2025-12-24,9:38:43.499009876,T,303.81,40,304.38,160,IBM
2025-12-24,9:38:43.499019990,T,303.92,160,304.38,160,IBM
2025-12-24,9:38:43.598561892,T,303.92,160,304.38,120,IBM
2025-12-24,9:38:43.598607066,T,303.92,160,304.75,40,IBM
2025-12-24,9:38:44.027638418,T,303.92,160,304.38,120,IBM
2025-12-24,9:38:44.144265984,T,303.92,160,304.75,40,IBM
2025-12-24,9:38:45.731234109,T,303.92,160,304.38,40,IBM
2025-12-24,9:38:45.731454655,T,303.92,160,304.37,120,IBM
2025-12-24,9:38:45.811835960,T,303.92,160,304.38,40,IBM
2025-12-24,9:38:45.825182753,T,303.92,160,304.38,80,IBM
2025-12-24,9:38:45.891154741,T,303.92,160,304.38,40,IBM
2025-12-24,9:38:45.891179884,T,303.92,160,304.67,40,IBM
2025-12-24,9:38:45.891179884,T,303.92,160,304.38,40,IBM
2025-12-24,9:38:45.891605860,T,303.92,160,304.38,80,IBM
2025-12-24,9:38:45.895189341,T,303.92,160,304.38,40,IBM
2025-12-24,9:38:45.898868196,T,303.81,40,304.38,40,IBM
2025-12-24,9:38:47.675071528,T,303.81,40,304.77,40,IBM
2025-12-24,9:38:50.385313620,T,303.81,40,304.63,40,IBM
2025-12-24,9:38:50.487431800,T,304.02,160,304.63,40,IBM
2025-12-24,9:38:50.487461982,T,304.02,160,304.77,40,IBM
2025-12-24,9:38:50.488168518,T,304.02,200,304.77,40,IBM
2025-12-24,9:38:51.763785218,T,304.02,160,304.77,40,IBM
2025-12-24,9:38:58.098886827,T,304.02,160,304.64,40,IBM
2025-12-24,9:38:58.100430556,T,304.02,160,304.67,40,IBM
2025-12-24,9:38:58.100460653,T,304.02,160,304.77,40,IBM
2025-12-24,9:39:03.713874289,T,304.02,160,304.64,40,IBM
2025-12-24,9:39:03.715929199,T,304.02,160,304.67,40,IBM
2025-12-24,9:39:03.715954229,T,304.02,160,304.77,40,IBM
2025-12-24,9:39:04.735676995,T,304.02,160,304.65,160,IBM
2025-12-24,9:39:05.037936389,T,304.02,160,304.64,40,IBM
2025-12-24,9:39:05.087719856,T,304.02,160,304.65,160,IBM
2025-12-24,9:39:05.350169671,T,304.02,160,304.64,40,IBM
2025-12-24,9:39:05.389448145,T,304.02,160,304.65,160,IBM
2025-12-24,9:39:08.526255715,T,304.02,160,304.64,40,IBM
2025-12-24,9:39:12.181081519,T,304.02,40,304.64,40,IBM
2025-12-24,9:39:12.181101503,T,304.0,40,304.64,40,IBM
2025-12-24,9:39:12.181101503,T,303.81,40,304.64,40,IBM
2025-12-24,9:39:12.181121614,T,303.81,40,304.2,40,IBM
2025-12-24,9:39:12.181151794,T,303.81,40,304.2,80,IBM
2025-12-24,9:39:12.181462379,T,303.77,200,304.2,80,IBM
2025-12-24,9:39:12.181597699,T,303.77,200,304.2,40,IBM
2025-12-24,9:39:12.181597699,T,303.77,200,304.2,80,IBM
2025-12-24,9:39:12.181627766,T,303.77,200,304.18,40,IBM
2025-12-24,9:39:12.182740469,T,303.77,200,304.2,80,IBM
2025-12-24,9:39:12.186123432,T,303.77,200,304.2,40,IBM
2025-12-24,9:39:12.205695028,T,303.77,200,304.12,120,IBM
2025-12-24,9:39:12.206126071,T,303.77,200,304.12,160,IBM
2025-12-24,9:39:12.261167159,T,303.77,200,304.12,40,IBM
2025-12-24,9:39:12.506982324,T,303.77,40,304.12,40,IBM
2025-12-24,9:39:12.508515950,T,303.77,40,304.12,80,IBM
2025-12-24,9:39:12.516555081,T,303.77,40,304.12,40,IBM
2025-12-24,9:39:12.980679997,T,303.77,40,304.11,120,IBM
2025-12-24,9:39:12.981301479,T,303.71,40,304.11,120,IBM
2025-12-24,9:39:12.981547011,T,303.71,40,304.11,160,IBM
2025-12-24,9:39:13.108559541,T,303.71,40,304.11,40,IBM
2025-12-24,9:39:15.000523563,T,303.71,40,304.33,40,IBM
2025-12-24,9:39:15.001094886,T,303.71,40,304.28,40,IBM
2025-12-24,9:39:16.906706351,T,303.71,40,304.13,40,IBM
2025-12-24,9:39:16.906972064,T,303.71,40,304.12,40,IBM
2025-12-24,9:39:16.907006979,T,303.71,40,304.13,40,IBM
2025-12-24,9:39:16.907006979,T,303.71,40,304.12,40,IBM
2025-12-24,9:39:16.907102266,T,303.71,40,303.96,40,IBM
2025-12-24,9:39:16.907117318,T,303.7,40,303.96,40,IBM
2025-12-24,9:39:16.907207792,T,303.7,40,304.13,40,IBM
2025-12-24,9:39:16.907207792,T,303.7,40,304.12,40,IBM
2025-12-24,9:39:16.907282690,T,303.7,40,304.01,40,IBM
2025-12-24,9:39:16.907553352,T,303.7,40,303.96,40,IBM
2025-12-24,9:39:16.907583420,T,303.63,200,303.96,40,IBM
2025-12-24,9:39:16.907588349,T,303.63,200,304.13,40,IBM
2025-12-24,9:39:16.907588349,T,303.63,200,303.84,40,IBM
2025-12-24,9:39:16.907798922,T,303.63,160,303.84,40,IBM
2025-12-24,9:39:16.908380334,T,303.63,120,303.84,40,IBM
2025-12-24,9:39:16.909262323,T,303.63,120,303.94,40,IBM
2025-12-24,9:39:16.909312550,T,303.63,120,303.8,40,IBM
2025-12-24,9:39:16.911467654,T,303.27,40,303.8,40,IBM
2025-12-24,9:39:16.911472667,T,303.39,160,303.8,40,IBM
2025-12-24,9:39:16.911497705,T,303.39,160,304.01,40,IBM
2025-12-24,9:39:16.911522704,T,303.39,160,304.13,40,IBM
2025-12-24,9:39:16.911843598,T,303.39,160,304.01,40,IBM
2025-12-24,9:39:16.912089081,T,303.52,80,304.01,40,IBM
2025-12-24,9:39:16.912510104,T,303.52,120,304.01,40,IBM
2025-12-24,9:39:16.914199180,T,303.53,40,304.01,40,IBM
2025-12-24,9:39:16.917401809,T,303.53,40,304.13,40,IBM
2025-12-24,9:39:16.923982402,T,303.53,40,304.01,40,IBM
2025-12-24,9:39:16.924162894,T,303.53,80,304.01,40,IBM
2025-12-24,9:39:17.219856800,T,303.53,80,304.13,40,IBM
2025-12-24,9:39:17.387520958,T,303.53,40,304.13,40,IBM
2025-12-24,9:39:18.403670000,T,303.39,160,304.13,40,IBM
2025-12-24,9:39:18.403695052,T,303.39,160,304.01,40,IBM
2025-12-24,9:39:19.546711108,T,303.55,40,304.01,40,IBM
2025-12-24,9:39:19.547267472,T,303.55,80,304.01,40,IBM
2025-12-24,9:39:28.624922843,T,303.55,40,304.01,40,IBM
2025-12-24,9:39:29.009939510,T,303.55,40,303.94,40,IBM
2025-12-24,9:39:29.084782677,T,303.39,160,303.94,40,IBM
2025-12-24,9:39:29.316504323,T,303.39,160,303.9,40,IBM
2025-12-24,9:39:29.316544360,T,303.39,160,303.93,40,IBM
2025-12-24,9:39:29.316825079,T,303.39,160,303.8,40,IBM
2025-12-24,9:39:29.327685881,T,303.39,160,303.79,40,IBM
2025-12-24,9:39:29.328137019,T,303.39,200,303.79,40,IBM
2025-12-24,9:39:29.330437424,T,303.39,40,303.79,40,IBM
2025-12-24,9:39:29.330497601,T,303.27,40,303.79,40,IBM
2025-12-24,9:39:29.338546743,T,303.28,40,303.79,40,IBM
2025-12-24,9:39:29.338566816,T,303.28,40,303.8,40,IBM
2025-12-24,9:39:29.343914537,T,303.28,40,303.8,80,IBM
2025-12-24,9:39:29.428520990,T,303.28,40,303.8,40,IBM
2025-12-24,9:39:29.763799121,T,303.25,160,303.8,40,IBM
2025-12-24,9:39:31.255831094,T,303.43,40,303.8,40,IBM
2025-12-24,9:39:32.717836540,T,303.25,160,303.8,40,IBM
2025-12-24,9:39:33.554864179,T,303.26,40,303.8,40,IBM
2025-12-24,9:39:34.404877703,T,303.25,160,303.8,40,IBM
2025-12-24,9:39:35.354899380,T,303.45,40,303.8,40,IBM
2025-12-24,9:39:36.315415890,T,303.45,40,303.85,40,IBM
2025-12-24,9:39:36.406086776,T,303.45,40,303.83,40,IBM
2025-12-24,9:39:36.406432646,T,303.45,40,303.85,40,IBM
2025-12-24,9:39:39.926983609,T,303.25,160,303.85,40,IBM
2025-12-24,9:39:41.314015543,T,303.47,40,303.85,40,IBM
2025-12-24,9:39:52.464064733,T,303.47,40,303.94,40,IBM
2025-12-24,9:39:52.678094171,T,303.25,160,303.94,40,IBM
2025-12-24,9:39:53.929122474,T,303.51,40,303.94,40,IBM
2025-12-24,9:39:55.052521814,T,303.51,40,303.83,40,IBM
2025-12-24,9:39:59.230147052,T,303.25,160,303.83,40,IBM
2025-12-24,9:40:00.314182797,T,303.52,80,303.83,40,IBM
2025-12-24,9:40:00.314217902,T,303.53,40,303.83,40,IBM
2025-12-24,9:40:00.393646965,T,303.52,80,303.83,40,IBM
2025-12-24,9:40:01.297929709,T,303.53,40,303.83,40,IBM
2025-12-24,9:40:01.433312017,T,303.52,80,303.83,40,IBM
2025-12-24,9:40:01.433918421,T,303.54,40,303.83,40,IBM
2025-12-24,9:40:01.449360152,T,303.54,40,303.94,40,IBM
2025-12-24,9:40:01.449395260,T,303.55,40,303.94,40,IBM
2025-12-24,9:40:01.449470442,T,303.55,40,304.09,80,IBM
2025-12-24,9:40:01.449776166,T,303.67,40,304.09,80,IBM
2025-12-24,9:40:01.453790673,T,303.55,40,304.09,80,IBM
2025-12-24,9:40:01.549508632,T,303.54,40,304.09,80,IBM
2025-12-24,9:40:02.776228931,T,303.68,40,304.09,80,IBM
2025-12-24,9:40:03.140070126,T,303.68,40,304.09,40,IBM
2025-12-24,9:40:03.140130324,T,303.68,40,304.13,40,IBM
2025-12-24,9:40:03.390075249,T,303.76,40,304.13,40,IBM
2025-12-24,9:40:03.393282981,T,303.68,40,304.13,40,IBM
2025-12-24,9:40:03.498984620,T,303.69,40,304.13,40,IBM
2025-12-24,9:40:03.772225069,T,303.68,40,304.13,40,IBM
2025-12-24,9:40:07.369353460,T,303.69,40,304.13,40,IBM
2025-12-24,9:40:07.377197202,T,303.68,40,304.13,40,IBM
2025-12-24,9:40:11.436946813,T,303.72,40,304.13,40,IBM
2025-12-24,9:40:11.436951785,T,303.84,40,304.13,40,IBM
2025-12-24,9:40:11.438099701,T,303.69,40,304.13,40,IBM
2025-12-24,9:40:11.440946275,T,303.68,80,304.13,40,IBM
2025-12-24,9:40:12.580313640,T,303.68,40,304.13,40,IBM
2025-12-24,9:40:12.580338840,T,303.5,40,304.13,40,IBM
2025-12-24,9:40:46.760192826,T,303.77,40,304.13,40,IBM
2025-12-24,9:40:46.760438437,T,303.5,40,304.13,40,IBM
2025-12-24,9:40:46.760438437,T,303.86,40,304.13,40,IBM
2025-12-24,9:40:46.761054894,T,303.86,40,304.17,80,IBM
2025-12-24,9:40:46.764422916,T,303.78,40,304.17,80,IBM
2025-12-24,9:40:46.771198983,T,303.78,80,304.17,80,IBM
2025-12-24,9:40:46.804583454,T,303.78,40,304.17,80,IBM
2025-12-24,9:40:46.827653426,T,303.71,40,304.17,80,IBM
2025-12-24,9:40:46.857273936,T,303.54,160,304.17,80,IBM
2025-12-24,9:40:47.927857505,T,303.9,40,304.17,80,IBM
2025-12-24,9:40:47.927877604,T,303.96,40,304.17,80,IBM
2025-12-24,9:40:47.927882672,T,303.96,40,304.17,40,IBM
2025-12-24,9:40:47.927912640,T,303.96,40,304.21,80,IBM
2025-12-24,9:40:47.927957948,T,303.54,160,304.21,80,IBM
2025-12-24,9:40:47.927962804,T,303.96,40,304.21,80,IBM
2025-12-24,9:40:47.931862052,T,303.9,40,304.21,80,IBM
2025-12-24,9:40:47.948115848,T,303.54,160,304.21,80,IBM
2025-12-24,9:40:48.008915489,T,303.54,160,304.21,40,IBM
2025-12-24,9:40:49.076602268,T,303.9,40,304.21,40,IBM
2025-12-24,9:40:49.081664388,T,303.54,160,304.21,40,IBM
2025-12-24,9:40:53.779327629,T,303.5,40,304.21,40,IBM
2025-12-24,9:40:53.779327629,T,303.69,200,304.21,40,IBM
2025-12-24,9:41:08.874327932,T,303.69,200,304.24,40,IBM
2025-12-24,9:41:08.874327932,T,303.69,200,304.29,80,IBM
2025-12-24,9:41:08.874348009,T,304.13,40,304.29,80,IBM
2025-12-24,9:41:08.874914360,T,303.71,40,304.29,80,IBM
2025-12-24,9:41:08.878332467,T,303.69,200,304.29,80,IBM
2025-12-24,9:41:08.881590208,T,303.69,200,304.23,40,IBM
2025-12-24,9:41:09.243757446,T,303.69,200,304.29,80,IBM
2025-12-24,9:41:17.795164904,T,303.54,80,304.29,80,IBM
2025-12-24,9:41:17.795169985,T,303.8,160,304.29,80,IBM
2025-12-24,9:41:32.805719114,T,303.8,160,304.29,40,IBM
2025-12-24,9:41:32.806074957,T,303.88,40,304.29,40,IBM
2025-12-24,9:41:32.806095020,T,303.88,40,304.38,40,IBM
2025-12-24,9:41:32.806275505,T,303.8,160,304.38,40,IBM
2025-12-24,9:41:32.806330580,T,304.08,40,304.38,40,IBM
2025-12-24,9:41:33.683819609,T,303.8,160,304.38,40,IBM
2025-12-24,9:41:36.770402584,T,304.08,40,304.38,40,IBM
2025-12-24,9:41:36.770432594,T,303.8,160,304.38,40,IBM
2025-12-24,9:41:36.770447685,T,303.8,160,304.45,40,IBM
2025-12-24,9:41:39.511482988,T,304.24,40,304.45,40,IBM
2025-12-24,9:41:51.403458121,T,303.95,160,304.45,40,IBM
2025-12-24,9:42:17.226873747,T,303.95,160,304.45,80,IBM
2025-12-24,9:42:17.226948963,T,303.95,160,304.39,40,IBM
2025-12-24,9:42:17.227440130,T,303.95,160,304.39,80,IBM
2025-12-24,9:42:17.227876231,T,303.95,160,304.39,120,IBM
2025-12-24,9:42:17.230753340,T,303.95,160,304.39,80,IBM
2025-12-24,9:42:17.251818240,T,303.95,160,304.39,40,IBM
2025-12-24,9:42:18.158446709,T,303.95,160,304.45,40,IBM
2025-12-24,9:42:24.871056708,T,303.95,160,304.5,40,IBM
2025-12-24,9:42:24.871071800,T,304.24,40,304.5,40,IBM
2025-12-24,9:42:24.871157033,T,304.29,40,304.5,40,IBM
2025-12-24,9:42:24.871242222,T,304.31,40,304.5,40,IBM
2025-12-24,9:42:24.915713039,T,304.12,160,304.5,40,IBM
2025-12-24,9:42:25.361614618,T,304.12,160,304.53,80,IBM
2025-12-24,9:42:29.982244757,T,304.12,160,304.53,40,IBM
2025-12-24,9:42:29.982264394,T,304.32,40,304.53,40,IBM
2025-12-24,9:42:29.982279547,T,304.36,40,304.53,40,IBM
2025-12-24,9:42:29.982284491,T,304.36,40,304.59,40,IBM
2025-12-24,9:42:31.070540144,T,304.12,160,304.59,40,IBM
2025-12-24,9:42:35.359610691,T,304.12,160,304.53,40,IBM
2025-12-24,9:42:35.554534712,T,304.12,160,304.59,40,IBM
2025-12-24,9:43:00.417052586,T,304.35,40,304.59,40,IBM
2025-12-24,9:43:00.417508612,T,304.35,40,304.53,40,IBM
2025-12-24,9:43:03.015463435,T,304.35,40,304.63,40,IBM
2025-12-24,9:43:10.600039385,T,304.12,160,304.63,40,IBM
2025-12-24,9:43:10.600836355,T,304.12,160,304.8,40,IBM
2025-12-24,9:43:10.600846317,T,304.12,160,304.58,40,IBM
2025-12-24,9:43:10.700884426,T,304.12,160,304.62,40,IBM
2025-12-24,9:43:16.714590697,T,304.12,160,304.8,40,IBM
2025-12-24,9:43:22.815479528,T,304.12,160,304.8,80,IBM
2025-12-24,9:43:25.223296539,T,304.12,160,304.8,40,IBM
2025-12-24,9:43:25.962205557,T,304.12,160,304.8,80,IBM
2025-12-24,9:43:27.758261288,T,304.12,160,304.52,40,IBM
2025-12-24,9:43:27.758301468,T,304.12,160,304.52,80,IBM
2025-12-24,9:43:27.809638653,T,304.12,160,304.52,40,IBM
2025-12-24,9:43:27.809638653,T,304.12,160,304.52,80,IBM
2025-12-24,9:43:27.959465288,T,304.12,160,304.52,40,IBM
2025-12-24,9:43:30.191127921,T,304.12,160,304.52,80,IBM
2025-12-24,9:43:30.191548913,T,304.12,160,304.52,120,IBM
2025-12-24,9:43:31.191283916,T,304.12,160,304.52,80,IBM
2025-12-24,9:43:31.193609517,T,303.54,80,304.52,80,IBM
2025-12-24,9:43:31.193619485,T,304.01,160,304.52,80,IBM
2025-12-24,9:43:33.127122340,T,304.01,160,304.52,40,IBM
2025-12-24,9:43:33.127949313,T,304.01,160,304.52,80,IBM
2025-12-24,9:43:33.428855703,T,304.01,160,304.52,40,IBM
2025-12-24,9:43:53.030905509,T,304.01,160,304.51,40,IBM
2025-12-24,9:43:53.031141049,T,304.01,160,304.37,40,IBM
2025-12-24,9:43:53.031176262,T,304.01,160,304.51,40,IBM
2025-12-24,9:43:53.031181157,T,304.01,160,304.37,40,IBM
2025-12-24,9:43:53.031617404,T,304.01,160,304.51,40,IBM
2025-12-24,9:43:53.031617404,T,304.01,160,304.52,40,IBM
2025-12-24,9:43:53.075536774,T,304.01,160,304.58,160,IBM
2025-12-24,9:43:57.521746504,T,303.54,80,304.58,160,IBM
2025-12-24,9:43:57.521746504,T,303.9,160,304.58,160,IBM
2025-12-24,9:44:09.741622305,T,303.9,160,304.52,40,IBM
2025-12-24,9:44:09.742589564,T,303.9,160,304.48,40,IBM
2025-12-24,9:44:10.043676279,T,303.9,160,304.52,40,IBM
2025-12-24,9:44:11.788600269,T,303.9,160,304.27,40,IBM
2025-12-24,9:44:12.197463660,T,303.9,160,304.52,40,IBM
2025-12-24,9:44:24.072102267,T,303.9,160,304.48,40,IBM
2025-12-24,9:44:26.970437127,T,303.9,160,304.48,200,IBM
2025-12-24,9:44:44.918068414,T,303.9,160,304.44,40,IBM
2025-12-24,9:44:45.755055874,T,303.9,160,304.48,200,IBM
2025-12-24,9:44:46.055796901,T,303.9,160,304.44,40,IBM
2025-12-24,9:44:47.391587029,T,303.9,160,304.48,200,IBM
2025-12-24,9:45:00.039261015,T,303.9,160,304.44,40,IBM
2025-12-24,9:45:00.039271064,T,303.9,160,304.18,40,IBM
2025-12-24,9:45:00.064476068,T,303.54,80,304.18,40,IBM
2025-12-24,9:45:00.064476068,T,303.78,200,304.18,40,IBM
2025-12-24,9:45:00.072119334,T,304.02,40,304.18,40,IBM
2025-12-24,9:45:00.072119334,T,304.02,40,304.27,40,IBM
2025-12-24,9:45:00.072134289,T,304.03,40,304.27,40,IBM
2025-12-24,9:45:00.072430091,T,303.78,200,304.27,40,IBM
2025-12-24,9:45:00.072430091,T,304.03,40,304.27,40,IBM
2025-12-24,9:45:00.072435033,T,304.06,40,304.27,40,IBM
2025-12-24,9:45:00.076133867,T,303.8,40,304.27,40,IBM
2025-12-24,9:45:00.080388978,T,303.78,200,304.27,40,IBM
2025-12-24,9:45:00.112445286,T,303.78,200,304.43,40,IBM
2025-12-24,9:45:01.104386804,T,303.8,40,304.43,40,IBM
2025-12-24,9:45:01.104426845,T,304.07,40,304.43,40,IBM
2025-12-24,9:45:01.104431950,T,304.07,80,304.43,40,IBM
2025-12-24,9:45:01.104446956,T,304.07,40,304.43,40,IBM
2025-12-24,9:45:01.104477021,T,303.89,40,304.43,40,IBM
2025-12-24,9:45:01.125461947,T,303.89,40,304.48,200,IBM
2025-12-24,9:45:01.131055255,T,303.89,40,304.47,40,IBM
2025-12-24,9:45:01.134187756,T,303.89,40,304.48,200,IBM
2025-12-24,9:45:01.245537832,T,303.89,200,304.48,200,IBM
2025-12-24,9:45:01.531268170,T,303.89,200,304.48,160,IBM
2025-12-24,9:45:07.761073891,T,303.89,200,304.52,40,IBM
2025-12-24,9:45:12.212590927,T,304.08,40,304.52,40,IBM
2025-12-24,9:45:12.212590927,T,303.89,200,304.52,40,IBM
2025-12-24,9:45:17.002929938,T,303.89,240,304.52,40,IBM
2025-12-24,9:45:17.007405592,T,303.89,200,304.52,40,IBM
2025-12-24,9:45:30.264976705,T,303.89,40,304.52,40,IBM
2025-12-24,9:45:30.264981957,T,304.01,160,304.52,40,IBM
2025-12-24,9:45:42.049541244,T,304.01,160,304.48,40,IBM
2025-12-24,9:45:42.049550989,T,304.01,160,304.45,40,IBM
2025-12-24,9:45:42.049621122,T,304.01,160,304.48,40,IBM
2025-12-24,9:45:42.057775995,T,304.01,160,304.52,40,IBM
2025-12-24,9:45:42.062005683,T,304.01,160,304.48,40,IBM
2025-12-24,9:45:47.935347983,T,303.8,40,304.48,40,IBM
2025-12-24,9:45:47.935352781,T,303.88,160,304.48,40,IBM
2025-12-24,9:45:54.878426388,T,303.88,160,304.52,40,IBM
2025-12-24,9:45:56.905071132,T,303.8,40,304.52,40,IBM
2025-12-24,9:45:56.905081138,T,303.99,160,304.52,40,IBM
2025-12-24,9:46:18.748151118,T,303.99,160,304.48,40,IBM
2025-12-24,9:46:18.748171092,T,303.99,160,304.39,40,IBM
2025-12-24,9:46:18.748176115,T,304.12,40,304.39,40,IBM
2025-12-24,9:46:18.748206277,T,304.12,40,304.48,40,IBM
2025-12-24,9:46:18.748206277,T,304.12,40,304.48,80,IBM
2025-12-24,9:46:18.748296421,T,303.99,200,304.48,80,IBM
2025-12-24,9:46:18.748597199,T,303.99,200,304.39,40,IBM
2025-12-24,9:46:18.758811516,T,303.99,200,304.48,80,IBM
2025-12-24,9:46:19.648324038,T,303.99,200,304.48,40,IBM
2025-12-24,9:46:31.274140671,T,303.99,200,304.48,80,IBM
2025-12-24,9:46:31.274165669,T,303.99,200,304.42,40,IBM
2025-12-24,9:46:31.274591761,T,303.99,200,304.42,80,IBM
2025-12-24,9:46:31.275654285,T,303.99,200,304.42,40,IBM
2025-12-24,9:46:38.133174242,T,303.99,200,304.48,40,IBM
2025-12-24,9:46:38.355292924,T,303.99,200,304.48,80,IBM
2025-12-24,9:46:38.717750757,T,303.99,200,304.48,40,IBM
2025-12-24,9:46:58.153349387,T,303.99,200,304.48,80,IBM
2025-12-24,9:46:58.153354287,T,303.99,200,304.35,40,IBM
2025-12-24,9:46:58.153775326,T,303.99,200,304.35,80,IBM
2025-12-24,9:46:58.153850502,T,303.99,200,304.35,120,IBM
2025-12-24,9:46:58.154196301,T,303.99,200,304.35,80,IBM
2025-12-24,9:46:58.154196301,T,303.99,200,304.32,40,IBM
2025-12-24,9:46:58.154547196,T,303.99,200,304.35,80,IBM
2025-12-24,9:46:58.158601857,T,303.99,200,304.35,120,IBM
2025-12-24,9:46:58.165347948,T,303.99,200,304.35,80,IBM
2025-12-24,9:46:58.165728883,T,303.99,200,304.35,40,IBM
2025-12-24,9:46:58.165758853,T,303.99,200,304.48,80,IBM
2025-12-24,9:46:58.165763852,T,303.99,200,304.35,40,IBM
2025-12-24,9:46:58.166184919,T,303.99,200,304.35,80,IBM
2025-12-24,9:46:58.555416480,T,303.99,200,304.35,40,IBM
2025-12-24,9:46:58.555416480,T,303.99,200,304.48,80,IBM
2025-12-24,9:47:01.335509959,T,303.99,200,304.48,40,IBM
2025-12-24,9:47:16.512635841,T,303.99,40,304.48,40,IBM
2025-12-24,9:47:23.452231301,T,303.88,200,304.48,40,IBM
2025-12-24,9:47:46.073213139,T,303.99,40,304.48,40,IBM
2025-12-24,9:47:46.073223172,T,304.18,40,304.48,40,IBM
2025-12-24,9:47:46.073298593,T,304.19,40,304.48,40,IBM
2025-12-24,9:47:46.073368719,T,304.2,40,304.48,40,IBM
2025-12-24,9:47:46.080139629,T,304.0,40,304.48,40,IBM
2025-12-24,9:47:48.878215658,T,303.99,160,304.48,40,IBM
2025-12-24,9:48:11.477124892,T,303.99,160,304.48,80,IBM
2025-12-24,9:48:11.477139888,T,303.99,160,304.31,40,IBM
2025-12-24,9:48:11.477185014,T,303.99,160,304.39,40,IBM
2025-12-24,9:48:11.477195035,T,303.99,160,304.48,80,IBM
2025-12-24,9:48:11.477525824,T,303.99,160,304.31,40,IBM
2025-12-24,9:48:11.481540387,T,303.99,160,304.48,80,IBM
2025-12-24,9:48:11.521520646,T,303.99,160,304.48,40,IBM
2025-12-24,9:48:12.026938823,T,303.99,160,304.48,80,IBM
2025-12-24,9:48:13.321400481,T,303.99,160,304.48,40,IBM
2025-12-24,9:48:17.578700428,T,303.99,160,304.48,80,IBM
2025-12-24,9:48:17.865818937,T,303.99,160,304.48,40,IBM
2025-12-24,9:48:17.868941429,T,303.99,160,304.39,40,IBM
2025-12-24,9:48:21.475978391,T,303.99,160,304.39,80,IBM
2025-12-24,9:48:21.480283715,T,303.88,40,304.39,80,IBM
2025-12-24,9:48:21.480293678,T,303.89,160,304.39,80,IBM
2025-12-24,9:48:56.534835117,T,303.89,160,304.39,40,IBM
2025-12-24,9:48:56.535025469,T,303.89,160,304.39,80,IBM
2025-12-24,9:48:56.535090529,T,303.88,40,304.39,80,IBM
2025-12-24,9:48:56.535095618,T,304.0,160,304.39,80,IBM
2025-12-24,9:49:04.409862357,T,304.0,160,304.39,120,IBM
2025-12-24,9:49:05.197542486,T,304.0,160,304.39,80,IBM
2025-12-24,9:49:05.207696697,T,304.0,160,304.39,120,IBM
2025-12-24,9:49:05.219534874,T,304.0,160,304.39,80,IBM
2025-12-24,9:49:05.288839857,T,304.0,160,304.39,120,IBM
2025-12-24,9:49:05.288839857,T,304.0,160,304.39,80,IBM
2025-12-24,9:49:10.837008118,T,304.0,160,304.31,40,IBM
2025-12-24,9:49:10.837012986,T,304.0,160,304.3,40,IBM
2025-12-24,9:49:10.837043163,T,304.0,160,304.3,80,IBM
2025-12-24,9:49:10.978755413,T,304.0,160,304.3,120,IBM
2025-12-24,9:49:14.631335878,T,304.0,160,304.3,80,IBM
2025-12-24,9:49:19.422451969,T,304.0,160,304.3,40,IBM
2025-12-24,9:49:23.119227271,T,303.88,40,304.3,40,IBM
2025-12-24,9:49:23.119232221,T,303.91,160,304.3,40,IBM
2025-12-24,9:49:25.718660520,T,303.91,160,304.3,80,IBM
2025-12-24,9:49:27.006170611,T,303.91,160,304.3,40,IBM
2025-12-24,9:49:31.917527581,T,303.91,160,304.24,40,IBM
2025-12-24,9:49:31.917948570,T,303.91,160,304.24,80,IBM
2025-12-24,9:49:31.922970599,T,303.91,160,304.24,40,IBM
2025-12-24,9:49:36.554396175,T,303.85,80,304.24,40,IBM
2025-12-24,9:49:43.958081478,T,303.85,80,304.3,40,IBM
2025-12-24,9:50:08.008721675,T,303.85,80,304.22,40,IBM
2025-12-24,9:50:13.100362892,T,303.85,80,304.13,40,IBM
2025-12-24,9:50:13.100944412,T,303.85,80,304.13,80,IBM
2025-12-24,9:50:13.101355309,T,303.85,80,304.09,40,IBM
2025-12-24,9:50:13.101660996,T,303.85,80,304.06,40,IBM
2025-12-24,9:50:13.102267456,T,303.85,80,304.03,40,IBM
2025-12-24,9:50:13.103826136,T,303.77,160,304.03,40,IBM
2025-12-24,9:50:13.104131867,T,303.77,160,304.22,40,IBM
2025-12-24,9:50:13.104638157,T,303.77,160,304.24,40,IBM
2025-12-24,9:50:13.107284422,T,303.77,160,304.25,40,IBM
2025-12-24,9:50:13.114221098,T,303.77,160,304.05,40,IBM
2025-12-24,9:50:13.114471572,T,303.77,160,304.25,40,IBM
2025-12-24,9:50:13.200421156,T,303.77,160,304.36,40,IBM
2025-12-24,9:50:13.448812451,T,303.77,160,304.36,80,IBM
2025-12-24,9:50:13.717472134,T,303.77,160,304.36,40,IBM
2025-12-24,9:50:14.338791140,T,303.96,40,304.36,40,IBM
2025-12-24,9:50:14.338801220,T,303.96,40,304.2,40,IBM
2025-12-24,9:50:14.338821249,T,303.77,160,304.2,40,IBM
2025-12-24,9:50:14.348393999,T,303.77,160,304.36,40,IBM
2025-12-24,9:50:14.348434149,T,303.91,40,304.36,40,IBM
2025-12-24,9:50:14.440207565,T,303.77,160,304.36,40,IBM
2025-12-24,9:50:15.459078137,T,303.77,160,304.37,40,IBM
2025-12-24,9:50:21.402522212,T,303.94,40,304.37,40,IBM
2025-12-24,9:50:21.873443274,T,303.96,40,304.37,40,IBM
2025-12-24,9:50:21.873483343,T,304.08,40,304.37,40,IBM
2025-12-24,9:50:21.874450769,T,304.05,40,304.37,40,IBM
2025-12-24,9:50:21.874450769,T,304.15,40,304.37,40,IBM
2025-12-24,9:50:21.874455691,T,304.15,40,304.39,80,IBM
2025-12-24,9:50:21.939485488,T,303.94,40,304.39,80,IBM
2025-12-24,9:50:24.509724299,T,303.94,40,304.33,40,IBM
2025-12-24,9:50:24.566659830,T,303.94,40,304.39,80,IBM
2025-12-24,9:50:25.816410121,T,304.1,40,304.39,80,IBM
2025-12-24,9:50:25.816435137,T,304.19,40,304.39,80,IBM
2025-12-24,9:50:25.816445121,T,304.19,40,304.39,40,IBM
2025-12-24,9:50:25.816460158,T,304.25,40,304.39,40,IBM
2025-12-24,9:50:27.197417888,T,304.08,40,304.39,40,IBM
2025-12-24,9:50:27.197437934,T,303.94,40,304.39,40,IBM
2025-12-24,9:50:40.637438292,T,303.94,40,304.36,40,IBM
2025-12-24,9:50:40.637734178,T,303.94,40,304.33,40,IBM
2025-12-24,9:50:40.638300400,T,303.94,40,304.33,80,IBM
2025-12-24,9:50:40.649772665,T,303.94,40,304.33,120,IBM
2025-12-24,9:50:44.093540958,T,303.94,40,304.33,160,IBM
2025-12-24,9:50:49.040628122,T,303.94,40,304.33,120,IBM
2025-12-24,9:50:49.381659983,T,303.94,40,304.33,80,IBM
2025-12-24,9:50:54.064873960,T,303.77,160,304.33,80,IBM
2025-12-24,9:50:55.568678894,T,303.62,40,304.33,80,IBM
2025-12-24,9:50:55.568683909,T,303.87,160,304.33,80,IBM
2025-12-24,9:51:04.303192433,T,303.87,160,304.29,40,IBM
2025-12-24,9:51:04.303202456,T,303.87,160,304.3,40,IBM
2025-12-24,9:51:04.303202456,T,303.87,160,304.22,40,IBM
2025-12-24,9:51:04.303217451,T,303.87,160,304.3,40,IBM
2025-12-24,9:51:04.303227792,T,303.87,160,304.33,80,IBM
2025-12-24,9:51:16.739598765,T,304.05,40,304.33,80,IBM
2025-12-24,9:51:24.640442494,T,304.05,40,304.29,40,IBM
2025-12-24,9:51:25.639876794,T,304.05,40,304.33,80,IBM
2025-12-24,9:51:26.640749564,T,304.05,40,304.29,40,IBM
2025-12-24,9:51:27.179667413,T,304.05,40,304.27,40,IBM
2025-12-24,9:51:27.482027270,T,304.05,40,304.29,40,IBM
2025-12-24,9:51:27.639642486,T,304.05,40,304.33,80,IBM
2025-12-24,9:51:43.381151845,T,304.05,40,304.32,40,IBM
2025-12-24,9:51:43.381161981,T,304.05,40,304.22,40,IBM
2025-12-24,9:51:43.381663003,T,304.05,40,304.32,40,IBM
2025-12-24,9:51:43.381663003,T,304.05,40,304.21,40,IBM
2025-12-24,9:51:43.383372027,T,303.87,160,304.21,40,IBM
2025-12-24,9:51:43.383908357,T,303.61,80,304.21,40,IBM
2025-12-24,9:51:43.383918418,T,303.76,160,304.21,40,IBM
2025-12-24,9:51:45.111160294,T,303.76,160,304.21,80,IBM
2025-12-24,9:51:50.133822080,T,303.76,160,304.21,40,IBM
2025-12-24,9:51:52.766755179,T,303.76,160,304.33,80,IBM
2025-12-24,9:51:53.640700651,T,303.76,160,304.21,40,IBM
2025-12-24,9:51:53.640705711,T,303.76,160,304.2,40,IBM
2025-12-24,9:51:53.641126692,T,303.76,160,304.2,80,IBM
2025-12-24,9:51:55.021372584,T,303.76,160,304.2,40,IBM
2025-12-24,9:51:55.325170744,T,303.76,160,304.2,80,IBM
2025-12-24,9:51:55.325170744,T,303.76,160,304.2,40,IBM
2025-12-24,9:51:55.382517231,T,303.76,160,304.17,40,IBM
2025-12-24,9:51:55.382627513,T,303.76,160,304.2,80,IBM
2025-12-24,9:51:55.382692905,T,303.76,160,304.04,40,IBM
2025-12-24,9:51:55.383299194,T,303.76,160,304.04,80,IBM
2025-12-24,9:51:55.385590245,T,303.61,80,304.04,80,IBM
2025-12-24,9:51:55.400354765,T,303.61,80,304.04,120,IBM
2025-12-24,9:51:55.616213645,T,303.61,80,304.04,80,IBM
2025-12-24,9:51:55.645673817,T,303.61,80,304.04,40,IBM
2025-12-24,9:51:57.361844243,T,303.61,80,304.04,80,IBM
2025-12-24,9:51:59.073283473,T,303.61,80,303.97,40,IBM
2025-12-24,9:51:59.090720057,T,303.61,80,303.97,80,IBM
2025-12-24,9:51:59.335738385,T,303.61,80,303.97,40,IBM
2025-12-24,9:52:00.095086247,T,303.61,80,304.05,40,IBM
2025-12-24,9:52:00.111244687,T,303.61,80,303.98,40,IBM
2025-12-24,9:52:00.891707681,T,303.61,80,303.98,80,IBM
2025-12-24,9:52:01.212671771,T,303.61,80,303.98,40,IBM
2025-12-24,9:52:01.212756973,T,303.61,80,304.05,40,IBM
2025-12-24,9:52:01.517953497,T,303.61,80,303.98,40,IBM
2025-12-24,9:52:02.013588389,T,303.61,80,304.05,40,IBM
2025-12-24,9:52:02.013638428,T,303.61,80,303.96,40,IBM
2025-12-24,9:52:02.014099587,T,303.61,80,303.86,40,IBM
2025-12-24,9:52:02.015006737,T,303.43,160,303.86,40,IBM
2025-12-24,9:52:02.034112164,T,303.43,160,303.86,80,IBM
2025-12-24,9:52:02.110975140,T,303.43,160,303.86,40,IBM
2025-12-24,9:52:02.650093626,T,303.43,160,303.86,80,IBM
2025-12-24,9:52:03.130356876,T,303.43,160,303.79,40,IBM
2025-12-24,9:52:03.130361892,T,303.43,160,303.79,80,IBM
2025-12-24,9:52:03.134361413,T,303.43,160,303.79,120,IBM
2025-12-24,9:52:03.134907842,T,303.42,40,303.79,120,IBM
2025-12-24,9:52:03.141343004,T,303.42,40,303.79,80,IBM
2025-12-24,9:52:03.145137147,T,303.42,40,303.79,40,IBM
2025-12-24,9:52:03.145167153,T,303.42,40,303.86,80,IBM
2025-12-24,9:52:03.188189563,T,303.42,40,303.86,40,IBM
2025-12-24,9:52:04.755510896,T,303.51,80,303.86,40,IBM
2025-12-24,9:52:07.790846729,T,303.51,80,303.94,40,IBM
2025-12-24,9:52:08.535519519,T,303.51,80,303.98,40,IBM
2025-12-24,9:52:08.642138402,T,303.51,80,303.85,40,IBM
2025-12-24,9:52:09.113490541,T,303.51,80,303.96,40,IBM
2025-12-24,9:52:11.783772454,T,303.51,80,303.85,40,IBM
2025-12-24,9:52:11.786524016,T,303.51,80,303.96,40,IBM
2025-12-24,9:52:15.200987775,T,303.51,80,303.85,40,IBM
2025-12-24,9:52:15.204962214,T,303.51,80,303.96,40,IBM
2025-12-24,9:52:19.615341761,T,303.42,40,303.96,40,IBM
2025-12-24,9:52:19.615371842,T,303.42,40,303.85,40,IBM
2025-12-24,9:52:19.709576115,T,303.42,40,303.98,40,IBM
2025-12-24,9:52:22.122109213,T,303.42,40,303.98,80,IBM
2025-12-24,9:52:25.889302333,T,303.42,40,303.85,40,IBM
2025-12-24,9:52:25.895166295,T,303.42,40,303.98,80,IBM
2025-12-24,9:52:29.136703115,T,303.56,80,303.98,80,IBM
2025-12-24,9:52:32.121398673,T,303.56,80,303.98,40,IBM
2025-12-24,9:52:33.771171198,T,303.42,40,303.98,40,IBM
2025-12-24,9:53:06.313566701,T,303.42,40,303.85,40,IBM
2025-12-24,9:53:12.345566780,T,303.42,40,303.98,40,IBM
2025-12-24,9:53:20.783369152,T,303.58,40,303.98,40,IBM
2025-12-24,9:53:20.783419235,T,303.59,40,303.98,40,IBM
2025-12-24,9:53:20.783439331,T,303.71,40,303.98,40,IBM
2025-12-24,9:53:20.783634718,T,303.71,80,303.98,40,IBM
2025-12-24,9:53:20.783705109,T,303.71,120,303.98,40,IBM
2025-12-24,9:53:20.783835275,T,303.78,40,303.98,40,IBM
2025-12-24,9:53:20.784035741,T,303.78,40,303.96,40,IBM
2025-12-24,9:53:20.784451666,T,303.78,40,303.98,40,IBM
2025-12-24,9:53:20.880705859,T,303.71,40,303.98,40,IBM
2025-12-24,9:53:20.880705859,T,303.71,40,304.05,80,IBM
2025-12-24,9:53:20.886629958,T,303.59,40,304.05,80,IBM
2025-12-24,9:53:21.034166210,T,303.42,40,304.05,80,IBM
2025-12-24,9:53:21.326792744,T,303.46,40,304.05,80,IBM
2025-12-24,9:53:21.326822833,T,303.72,40,304.05,80,IBM
2025-12-24,9:53:21.326852877,T,303.9,40,304.05,80,IBM
2025-12-24,9:53:21.326852877,T,303.9,40,304.05,40,IBM
2025-12-24,9:53:21.695114636,T,303.55,40,304.05,40,IBM
2025-12-24,9:53:29.753368104,T,303.6,40,304.05,40,IBM
2025-12-24,9:53:40.053734068,T,303.56,80,304.05,40,IBM
2025-12-24,9:53:43.811865707,T,303.6,40,304.05,40,IBM
2025-12-24,9:53:50.263579839,T,303.9,40,304.05,40,IBM
2025-12-24,9:53:50.263650011,T,303.94,40,304.05,40,IBM
2025-12-24,9:53:50.263720107,T,303.94,40,304.06,40,IBM
2025-12-24,9:53:50.265183639,T,303.9,40,304.06,40,IBM
2025-12-24,9:53:50.265213659,T,303.9,40,304.18,40,IBM
2025-12-24,9:53:50.265273857,T,303.96,40,304.18,40,IBM
2025-12-24,9:53:50.308045641,T,303.67,40,304.18,40,IBM
2025-12-24,9:53:50.308065739,T,303.59,160,304.18,40,IBM
2025-12-24,9:53:50.562416241,T,303.59,160,304.12,40,IBM
2025-12-24,9:53:56.862774940,T,303.59,160,304.09,40,IBM
2025-12-24,9:53:56.863235887,T,303.59,160,304.09,80,IBM
2025-12-24,9:53:56.863336146,T,303.59,160,304.09,40,IBM
2025-12-24,9:53:56.863361218,T,303.59,160,304.12,40,IBM
2025-12-24,9:53:56.874357465,T,303.59,160,304.09,40,IBM
2025-12-24,9:53:56.986759940,T,303.59,160,304.12,40,IBM
2025-12-24,9:53:58.336643496,T,303.59,160,304.08,40,IBM
2025-12-24,9:53:58.357122281,T,303.59,160,304.08,80,IBM
2025-12-24,9:54:01.336805882,T,303.59,160,304.08,40,IBM
2025-12-24,9:54:02.765432001,T,303.59,160,304.12,40,IBM
2025-12-24,9:54:04.667108979,T,304.0,40,304.12,40,IBM
2025-12-24,9:54:04.667630281,T,304.0,40,304.32,200,IBM
2025-12-24,9:54:04.667680556,T,303.74,40,304.32,200,IBM
2025-12-24,9:54:04.667680556,T,304.06,40,304.32,200,IBM
2025-12-24,9:54:04.668036172,T,304.06,40,304.36,40,IBM
2025-12-24,9:54:04.668948372,T,303.81,40,304.36,40,IBM
2025-12-24,9:54:04.711469642,T,303.74,40,304.36,40,IBM
2025-12-24,9:54:09.951198173,T,303.81,40,304.36,40,IBM
2025-12-24,9:54:21.859752768,T,304.08,40,304.36,40,IBM
2025-12-24,9:54:21.860133998,T,303.86,40,304.36,40,IBM
2025-12-24,9:54:21.860133998,T,304.15,40,304.36,40,IBM
2025-12-24,9:54:21.861186218,T,303.94,40,304.36,40,IBM
2025-12-24,9:54:21.861236353,T,303.81,40,304.36,40,IBM
2025-12-24,9:54:21.861722506,T,303.94,40,304.36,40,IBM
2025-12-24,9:54:21.968000460,T,303.74,40,304.36,40,IBM
2025-12-24,9:54:24.153904137,T,303.81,40,304.36,40,IBM
2025-12-24,9:54:24.156816140,T,303.74,40,304.36,40,IBM
2025-12-24,9:54:24.860531434,T,303.83,160,304.36,40,IBM
2025-12-24,9:54:56.161436554,T,303.83,160,304.22,40,IBM
2025-12-24,9:54:56.161501719,T,303.83,160,304.22,80,IBM
2025-12-24,9:54:56.166077594,T,303.83,160,304.22,40,IBM
2025-12-24,9:55:08.049081632,T,304.2,960,304.22,40,IBM
2025-12-24,9:55:08.049101688,T,304.2,640,304.22,40,IBM
2025-12-24,9:55:08.049106602,T,304.2,600,304.22,40,IBM
2025-12-24,9:55:08.049106602,T,304.2,520,304.22,40,IBM
2025-12-24,9:55:08.049121643,T,304.2,520,304.29,40,IBM
2025-12-24,9:55:08.049126690,T,303.83,160,304.29,40,IBM
2025-12-24,9:55:08.049462475,T,303.97,40,304.29,40,IBM
2025-12-24,9:55:08.049487495,T,303.83,160,304.29,40,IBM
2025-12-24,9:55:08.049492633,T,303.97,40,304.29,40,IBM
2025-12-24,9:55:08.049667970,T,304.06,40,304.29,40,IBM
2025-12-24,9:55:08.050179213,T,304.07,40,304.29,40,IBM
2025-12-24,9:55:08.050194193,T,303.97,40,304.29,40,IBM
2025-12-24,9:55:08.050199242,T,304.07,40,304.29,40,IBM
2025-12-24,9:55:08.053943196,T,304.06,40,304.29,40,IBM
2025-12-24,9:55:08.053948158,T,304.07,40,304.29,40,IBM
2025-12-24,9:55:08.054369327,T,304.06,40,304.29,40,IBM
2025-12-24,9:55:08.054369327,T,304.07,40,304.29,40,IBM
2025-12-24,9:55:08.054369327,T,304.06,40,304.29,40,IBM
2025-12-24,9:55:08.054374163,T,304.06,40,304.23,80,IBM
2025-12-24,9:55:08.054544595,T,303.97,40,304.23,80,IBM
2025-12-24,9:55:08.054544595,T,303.83,160,304.23,80,IBM
2025-12-24,9:55:08.054564643,T,303.83,160,304.29,40,IBM
2025-12-24,9:55:08.054589669,T,303.83,160,304.18,80,IBM
2025-12-24,9:55:08.054609696,T,303.83,160,304.29,40,IBM
2025-12-24,9:55:08.054664884,T,304.16,40,304.29,40,IBM
2025-12-24,9:55:08.055000682,T,304.17,40,304.29,40,IBM
2025-12-24,9:55:08.061731696,T,304.16,40,304.29,40,IBM
2025-12-24,9:55:08.061731696,T,303.83,160,304.29,40,IBM
2025-12-24,9:55:09.133032338,T,303.83,160,304.29,80,IBM
2025-12-24,9:55:09.608870092,T,304.0,80,304.29,80,IBM
2025-12-24,9:55:10.132701946,T,304.0,80,304.29,40,IBM
2025-12-24,9:56:07.889763651,T,303.83,160,304.29,40,IBM
2025-12-24,9:56:09.123791354,T,304.02,40,304.29,40,IBM
2025-12-24,9:56:11.534806103,T,303.83,160,304.29,40,IBM
2025-12-24,9:56:12.292835895,T,304.06,40,304.29,40,IBM
2025-12-24,9:56:45.053029776,T,304.02,40,304.29,40,IBM
2025-12-24,9:56:45.053049904,T,303.83,160,304.29,40,IBM
2025-12-24,9:56:45.053074950,T,303.83,160,304.18,40,IBM
2025-12-24,9:56:45.061199273,T,303.83,160,304.18,80,IBM
2025-12-24,9:56:45.150416691,T,303.83,160,304.18,40,IBM
2025-12-24,9:56:45.150436726,T,303.83,160,304.22,40,IBM
2025-12-24,9:56:48.137813513,T,303.83,160,304.18,40,IBM
2025-12-24,9:56:49.544868013,T,303.83,160,304.22,40,IBM
2025-12-24,9:57:21.035534828,T,303.83,160,304.18,40,IBM
2025-12-24,9:57:21.036221433,T,303.83,160,304.22,40,IBM
2025-12-24,9:57:21.736483496,T,304.03,40,304.22,40,IBM
2025-12-24,9:57:26.132097713,T,304.03,40,304.29,40,IBM
2025-12-24,9:57:26.132107758,T,304.04,40,304.29,40,IBM
2025-12-24,9:57:26.132142849,T,304.03,40,304.29,40,IBM
2025-12-24,9:57:26.133085243,T,304.1,40,304.29,40,IBM
2025-12-24,9:57:26.133631460,T,304.03,40,304.29,40,IBM
2025-12-24,9:57:26.581527746,T,303.83,160,304.29,40,IBM
2025-12-24,9:57:27.356557806,T,304.06,80,304.29,40,IBM
2025-12-24,9:57:27.356592865,T,304.06,80,304.34,40,IBM
2025-12-24,9:57:27.362547062,T,304.06,80,304.3,40,IBM
2025-12-24,9:57:27.362577107,T,303.88,40,304.3,40,IBM
2025-12-24,9:57:27.362592188,T,303.83,160,304.3,40,IBM
2025-12-24,9:57:27.362612193,T,303.83,160,304.22,40,IBM
2025-12-24,9:57:27.362612193,T,303.83,160,304.22,80,IBM
2025-12-24,9:57:27.362642235,T,303.83,160,304.22,40,IBM
2025-12-24,9:57:27.362642235,T,303.83,160,304.17,40,IBM
2025-12-24,9:57:27.363739911,T,303.83,160,304.29,40,IBM
2025-12-24,9:57:27.363739911,T,303.83,160,304.14,40,IBM
2025-12-24,9:57:27.408436278,T,303.83,160,304.29,40,IBM
2025-12-24,9:57:29.764605425,T,303.94,80,304.29,40,IBM
2025-12-24,9:57:29.797493658,T,303.94,80,304.29,80,IBM
2025-12-24,9:57:30.495320024,T,303.94,80,304.29,40,IBM
2025-12-24,9:57:37.624291058,T,303.94,80,304.17,40,IBM
2025-12-24,9:57:37.624291058,T,303.94,80,304.29,40,IBM
2025-12-24,9:57:37.624476425,T,303.94,80,304.29,80,IBM
2025-12-24,9:57:37.625027816,T,303.72,160,304.29,80,IBM
2025-12-24,9:57:37.625052895,T,303.72,160,304.07,40,IBM
2025-12-24,9:57:37.625067919,T,303.72,160,304.06,40,IBM
2025-12-24,9:57:37.625072911,T,303.72,160,304.01,40,IBM
2025-12-24,9:57:37.628390757,T,303.72,160,304.06,80,IBM
2025-12-24,9:57:37.628491090,T,303.72,160,304.06,40,IBM
2025-12-24,9:57:37.628521080,T,303.72,160,304.18,40,IBM
2025-12-24,9:57:37.630200088,T,303.72,160,304.27,40,IBM
2025-12-24,9:57:37.630220170,T,303.72,160,304.29,40,IBM
2025-12-24,9:57:37.688704440,T,303.72,160,304.27,40,IBM
2025-12-24,9:57:37.816959704,T,303.72,160,304.29,40,IBM
2025-12-24,9:57:40.991161294,T,303.72,160,304.15,40,IBM
2025-12-24,9:57:45.607756498,T,303.72,160,304.04,40,IBM
2025-12-24,9:57:45.607791517,T,303.72,160,304.15,40,IBM
2025-12-24,9:57:45.608292797,T,303.56,80,304.15,40,IBM
2025-12-24,9:57:45.608297791,T,303.61,200,304.15,40,IBM
2025-12-24,9:57:45.860092355,T,303.61,200,304.23,40,IBM
2025-12-24,9:57:46.703229412,T,303.61,200,304.27,40,IBM
2025-12-24,9:57:46.703304578,T,303.61,200,304.24,40,IBM
2025-12-24,9:57:48.442966267,T,303.61,200,304.23,40,IBM
2025-12-24,9:57:54.057953068,T,303.61,200,304.27,40,IBM
2025-12-24,9:57:54.339528483,T,303.61,200,304.22,160,IBM
2025-12-24,9:58:05.008737587,T,303.61,200,304.15,40,IBM
2025-12-24,9:58:05.008782613,T,303.61,200,304.11,40,IBM
2025-12-24,9:58:05.010947862,T,303.61,200,304.22,160,IBM
2025-12-24,9:58:23.177380118,T,303.61,200,304.17,40,IBM
2025-12-24,9:58:23.641424796,T,303.61,200,304.22,160,IBM
2025-12-24,9:58:24.346588488,T,303.61,200,304.18,40,IBM
2025-12-24,9:58:24.826110171,T,303.61,200,304.22,160,IBM
2025-12-24,9:59:00.793283637,T,303.61,240,304.22,160,IBM
2025-12-24,9:59:01.517482662,T,303.61,240,304.15,40,IBM
2025-12-24,9:59:01.541960879,T,303.61,240,304.17,40,IBM
2025-12-24,9:59:01.541985961,T,303.61,240,304.22,160,IBM
2025-12-24,9:59:01.839985462,T,303.63,40,304.22,160,IBM
2025-12-24,9:59:01.842872237,T,303.81,40,304.22,160,IBM
2025-12-24,9:59:01.842912348,T,303.64,40,304.22,160,IBM
2025-12-24,9:59:01.843047887,T,303.88,40,304.22,160,IBM
2025-12-24,9:59:01.843173027,T,303.92,40,304.22,160,IBM
2025-12-24,9:59:01.843528839,T,303.88,40,304.22,160,IBM
2025-12-24,9:59:01.844445986,T,303.88,40,304.3,40,IBM
2025-12-24,9:59:01.845849421,T,303.88,40,304.27,40,IBM
2025-12-24,9:59:01.859787595,T,303.8,40,304.27,40,IBM
2025-12-24,9:59:01.860769853,T,303.8,40,304.14,40,IBM
2025-12-24,9:59:01.860804964,T,303.8,40,304.07,40,IBM
2025-12-24,9:59:01.865190442,T,303.8,40,304.07,80,IBM
2025-12-24,9:59:01.865711664,T,303.8,40,304.07,40,IBM
2025-12-24,9:59:01.866002333,T,303.8,40,304.07,80,IBM
2025-12-24,9:59:01.905200708,T,303.8,40,304.07,40,IBM
2025-12-24,9:59:02.129965706,T,303.71,40,304.07,40,IBM
2025-12-24,9:59:02.865155919,T,303.71,40,304.11,40,IBM
2025-12-24,9:59:19.749555811,T,303.84,40,304.11,40,IBM
2025-12-24,9:59:20.592798179,T,303.84,40,304.14,40,IBM
2025-12-24,9:59:20.764461983,T,303.84,80,304.14,40,IBM
2025-12-24,9:59:20.765649738,T,303.84,80,304.21,40,IBM
2025-12-24,9:59:20.777031744,T,303.84,40,304.21,40,IBM
2025-12-24,9:59:20.777061849,T,303.8,40,304.21,40,IBM
2025-12-24,9:59:21.648461334,T,303.95,40,304.21,40,IBM
2025-12-24,9:59:21.790268859,T,303.8,40,304.21,40,IBM
2025-12-24,9:59:26.318178054,T,303.95,40,304.21,40,IBM
2025-12-24,9:59:26.318208167,T,303.96,40,304.21,40,IBM
2025-12-24,9:59:26.318248298,T,303.97,40,304.21,40,IBM
2025-12-24,9:59:26.318363495,T,303.97,40,304.31,40,IBM
2025-12-24,9:59:26.318433703,T,303.98,40,304.31,40,IBM
2025-12-24,9:59:26.318684295,T,304.06,40,304.31,40,IBM
2025-12-24,9:59:26.319040206,T,304.07,40,304.31,40,IBM
2025-12-24,9:59:26.319491250,T,304.06,40,304.31,40,IBM
2025-12-24,9:59:26.352404551,T,304.06,40,304.34,40,IBM
2025-12-24,9:59:26.707159189,T,304.06,40,304.31,40,IBM
2025-12-24,9:59:46.781312781,T,304.06,40,304.31,80,IBM
2025-12-24,9:59:46.781332848,T,304.06,40,304.31,40,IBM
2025-12-24,9:59:46.781357871,T,304.06,40,304.3,40,IBM
2025-12-24,9:59:46.781367955,T,303.96,40,304.3,40,IBM
2025-12-24,9:59:56.424529367,T,303.96,40,304.3,80,IBM
2025-12-24,9:59:56.906712208,T,303.96,40,304.3,40,IBM
2025-12-24,9:59:58.021215474,T,303.91,40,304.3,40,IBM
2025-12-24,10:00:02.780621020,T,303.91,40,304.31,40,IBM
2025-12-24,10:00:02.784294741,T,303.91,40,304.3,40,IBM
2025-12-24,10:00:02.784435065,T,303.91,40,304.31,40,IBM
2025-12-24,10:00:02.784635505,T,303.91,40,304.16,40,IBM
2025-12-24,10:00:02.784725751,T,303.91,40,304.31,40,IBM
2025-12-24,10:00:02.785367318,T,303.91,40,304.3,40,IBM
2025-12-24,10:00:02.785372279,T,304.07,40,304.3,40,IBM
2025-12-24,10:00:02.922954748,T,304.07,40,304.3,80,IBM
2025-12-24,10:00:02.922984809,T,303.91,40,304.3,80,IBM
2025-12-24,10:00:07.120923148,T,303.91,40,304.3,40,IBM
2025-12-24,10:00:11.785126763,T,303.91,40,304.31,40,IBM
2025-12-24,10:00:46.701930129,T,303.91,40,304.28,40,IBM
2025-12-24,10:00:46.702185710,T,303.91,40,304.31,40,IBM
2025-12-24,10:00:46.702190744,T,303.91,40,304.22,40,IBM
2025-12-24,10:00:46.702516547,T,303.91,40,304.31,40,IBM
2025-12-24,10:00:46.702616884,T,303.91,40,304.2,40,IBM
2025-12-24,10:00:46.702626747,T,303.91,80,304.2,40,IBM
2025-12-24,10:00:46.702646877,T,303.91,40,304.2,40,IBM
2025-12-24,10:00:46.703338502,T,303.91,40,304.31,80,IBM
2025-12-24,10:00:52.015254114,T,303.91,40,304.31,40,IBM
2025-12-24,10:00:58.931824530,T,303.91,40,304.28,40,IBM
2025-12-24,10:00:58.932335762,T,303.91,40,304.28,80,IBM
2025-12-24,10:01:00.028981407,T,303.91,40,304.28,40,IBM
2025-12-24,10:01:08.019243214,T,303.91,40,304.29,40,IBM
2025-12-24,10:01:27.708159589,T,303.91,40,304.29,80,IBM
2025-12-24,10:01:28.699299165,T,303.91,40,304.28,40,IBM
2025-12-24,10:01:33.648385953,T,303.91,40,304.29,80,IBM
2025-12-24,10:02:15.779714422,T,304.05,80,304.29,80,IBM
2025-12-24,10:02:23.471109699,T,304.05,120,304.29,80,IBM
2025-12-24,10:02:29.830163108,T,304.09,40,304.29,80,IBM
2025-12-24,10:02:35.139678006,T,304.09,40,304.25,40,IBM
2025-12-24,10:02:35.139933727,T,304.05,80,304.25,40,IBM
2025-12-24,10:02:35.202392307,T,304.05,80,304.29,80,IBM
2025-12-24,10:02:36.007163168,T,303.91,40,304.29,80,IBM
2025-12-24,10:03:33.074829817,T,304.17,40,304.29,80,IBM
2025-12-24,10:03:33.074864948,T,304.18,40,304.29,80,IBM
2025-12-24,10:03:33.075496369,T,304.18,40,304.29,40,IBM
2025-12-24,10:03:33.075521367,T,304.18,40,304.31,40,IBM
2025-12-24,10:03:33.075521367,T,304.18,80,304.31,40,IBM
2025-12-24,10:03:33.075556514,T,304.18,40,304.31,40,IBM
2025-12-24,10:03:33.075561498,T,304.21,40,304.31,40,IBM
2025-12-24,10:03:33.075802301,T,304.21,80,304.31,40,IBM
2025-12-24,10:03:33.075802301,T,304.21,80,304.48,160,IBM
2025-12-24,10:03:33.077355828,T,304.21,40,304.48,160,IBM
2025-12-24,10:03:33.077676554,T,304.21,40,304.52,40,IBM
2025-12-24,10:03:33.079992078,T,304.18,40,304.52,40,IBM
2025-12-24,10:03:33.088056250,T,304.27,40,304.52,40,IBM
2025-12-24,10:03:33.088111372,T,304.27,80,304.52,40,IBM
2025-12-24,10:03:33.088276790,T,304.27,120,304.52,40,IBM
2025-12-24,10:03:33.090391854,T,304.27,80,304.52,40,IBM
2025-12-24,10:03:33.119962215,T,304.27,120,304.52,40,IBM
2025-12-24,10:03:33.120007362,T,304.31,40,304.52,40,IBM
2025-12-24,10:03:33.120212741,T,304.31,40,304.44,80,IBM
2025-12-24,10:03:33.120232820,T,304.31,80,304.44,80,IBM
2025-12-24,10:03:33.252708264,T,304.31,120,304.44,80,IBM
2025-12-24,10:03:33.252738575,T,304.34,40,304.44,80,IBM
2025-12-24,10:03:33.252868597,T,304.34,40,304.61,160,IBM
2025-12-24,10:03:33.252888632,T,304.41,80,304.61,160,IBM
2025-12-24,10:03:33.252918750,T,304.41,160,304.61,160,IBM
2025-12-24,10:03:33.253109203,T,304.41,200,304.61,160,IBM
2025-12-24,10:03:33.253159257,T,304.41,200,304.53,200,IBM
2025-12-24,10:03:33.253194385,T,304.41,200,304.53,400,IBM
2025-12-24,10:03:33.253444994,T,304.41,80,304.53,400,IBM
2025-12-24,10:03:33.556040296,T,304.41,40,304.53,400,IBM
2025-12-24,10:03:33.874719025,T,304.31,40,304.53,400,IBM
2025-12-24,10:03:35.141259152,T,304.31,40,304.53,440,IBM
2025-12-24,10:03:35.509550970,T,304.42,40,304.53,440,IBM
2025-12-24,10:03:35.509616045,T,304.42,80,304.53,440,IBM
2025-12-24,10:03:36.930348674,T,304.42,40,304.53,440,IBM
2025-12-24,10:03:36.930348674,T,304.31,40,304.53,440,IBM
2025-12-24,10:03:36.930373396,T,304.31,40,304.42,80,IBM
2025-12-24,10:03:36.930408483,T,304.31,40,304.42,400,IBM
2025-12-24,10:03:36.930413566,T,304.31,40,304.42,320,IBM
2025-12-24,10:03:36.930418508,T,304.31,40,304.42,240,IBM
2025-12-24,10:03:36.930433610,T,304.31,40,304.42,200,IBM
2025-12-24,10:03:36.930548830,T,304.31,40,304.42,120,IBM
2025-12-24,10:03:36.930568938,T,304.31,40,304.53,40,IBM
2025-12-24,10:03:36.930588919,T,304.39,80,304.53,40,IBM
2025-12-24,10:03:37.141460951,T,304.39,80,304.74,160,IBM
2025-12-24,10:03:48.403882575,T,304.43,40,304.74,160,IBM
2025-12-24,10:03:48.404408867,T,304.33,40,304.74,160,IBM
2025-12-24,10:03:48.404413857,T,304.48,40,304.74,160,IBM
2025-12-24,10:03:48.890355780,T,304.33,40,304.74,160,IBM
2025-12-24,10:03:52.586053828,T,304.49,160,304.74,160,IBM
2025-12-24,10:03:52.586123928,T,304.49,200,304.74,160,IBM
2025-12-24,10:03:53.295131846,T,304.49,80,304.74,160,IBM
2025-12-24,10:03:53.295131846,T,304.49,40,304.74,160,IBM
2025-12-24,10:03:53.295131846,T,304.33,40,304.74,160,IBM
2025-12-24,10:04:17.495062599,T,304.11,160,304.74,160,IBM
2025-12-24,10:04:20.196724251,T,304.11,160,304.59,40,IBM
2025-12-24,10:04:22.716868816,T,304.11,160,304.59,80,IBM
2025-12-24,10:04:24.131762019,T,304.11,160,304.59,40,IBM
2025-12-24,10:04:24.948150504,T,304.11,160,304.56,40,IBM
2025-12-24,10:04:24.949213173,T,304.11,160,304.56,80,IBM
2025-12-24,10:04:25.054588999,T,304.11,160,304.56,40,IBM
2025-12-24,10:04:25.055004916,T,304.11,160,304.59,40,IBM
2025-12-24,10:04:25.817881063,T,304.11,160,304.59,80,IBM
2025-12-24,10:04:30.460077358,T,304.11,160,304.59,40,IBM
2025-12-24,10:04:32.417777860,T,304.11,160,304.49,40,IBM
2025-12-24,10:04:32.515786229,T,304.11,160,304.59,40,IBM
2025-12-24,10:04:33.434177538,T,304.26,40,304.59,40,IBM
2025-12-24,10:04:33.442923382,T,304.11,160,304.59,40,IBM
2025-12-24,10:04:33.442943485,T,304.11,160,304.59,80,IBM
2025-12-24,10:04:33.442973475,T,304.11,160,304.45,40,IBM
2025-12-24,10:04:33.442973475,T,304.11,160,304.59,80,IBM
2025-12-24,10:04:33.442978455,T,304.11,160,304.43,40,IBM
2025-12-24,10:04:33.473170294,T,304.11,160,304.42,40,IBM
2025-12-24,10:04:33.473440951,T,304.11,160,304.35,40,IBM
2025-12-24,10:04:33.473736628,T,304.11,160,304.33,40,IBM
2025-12-24,10:04:33.473746749,T,304.08,80,304.33,40,IBM
2025-12-24,10:04:33.474899441,T,304.05,40,304.33,40,IBM
2025-12-24,10:04:33.486712626,T,304.05,40,304.35,40,IBM
2025-12-24,10:04:33.494310781,T,304.05,40,304.42,40,IBM
2025-12-24,10:04:33.495197766,T,304.05,40,304.43,40,IBM
2025-12-24,10:04:34.131973687,T,304.05,40,304.43,80,IBM
2025-12-24,10:04:36.215659084,T,304.05,40,304.43,40,IBM
2025-12-24,10:04:40.688552433,T,304.05,40,304.42,40,IBM
2025-12-24,10:04:40.688808074,T,304.05,40,304.43,40,IBM
2025-12-24,10:04:40.700190170,T,304.08,120,304.43,40,IBM
2025-12-24,10:04:42.206476086,T,304.08,120,304.38,40,IBM
2025-12-24,10:04:42.206516231,T,304.08,120,304.43,40,IBM
2025-12-24,10:04:42.207278025,T,304.08,120,304.38,40,IBM
2025-12-24,10:04:42.207328118,T,304.08,120,304.43,40,IBM
2025-12-24,10:04:42.207338144,T,304.08,120,304.37,40,IBM
2025-12-24,10:04:42.227942233,T,304.08,120,304.37,80,IBM
2025-12-24,10:04:42.227957225,T,304.08,120,304.37,120,IBM
2025-12-24,10:04:42.458887005,T,304.08,120,304.37,160,IBM
2025-12-24,10:04:54.677344452,T,304.08,120,304.37,120,IBM
2025-12-24,10:04:54.677574938,T,304.08,120,304.37,80,IBM
2025-12-24,10:04:54.688450833,T,304.08,120,304.37,120,IBM
2025-12-24,10:04:54.704794714,T,304.08,120,304.3,40,IBM
2025-12-24,10:04:54.704829897,T,304.08,120,304.37,160,IBM
2025-12-24,10:04:54.705115502,T,304.08,120,304.37,120,IBM
2025-12-24,10:04:54.705456309,T,304.08,120,304.3,40,IBM
2025-12-24,10:04:54.705516434,T,304.08,120,304.37,120,IBM
2025-12-24,10:04:54.705837243,T,304.08,120,304.37,160,IBM
2025-12-24,10:04:54.706408594,T,304.08,120,304.37,120,IBM
2025-12-24,10:04:54.767889982,T,304.08,120,304.37,80,IBM
2025-12-24,10:04:54.768120517,T,304.08,120,304.37,40,IBM
2025-12-24,10:04:54.768331004,T,304.08,120,304.37,80,IBM
2025-12-24,10:04:54.768751987,T,304.08,120,304.37,120,IBM
2025-12-24,10:04:56.033623128,T,304.08,120,304.37,80,IBM
2025-12-24,10:04:57.185355014,T,303.99,40,304.37,80,IBM
2025-12-24,10:04:58.603360718,T,304.11,40,304.37,80,IBM
2025-12-24,10:05:00.535635821,T,303.99,40,304.37,80,IBM
2025-12-24,10:05:00.535671045,T,303.99,40,304.28,40,IBM
2025-12-24,10:05:00.535706051,T,303.99,40,304.37,80,IBM
2025-12-24,10:05:00.535711103,T,303.99,40,304.31,40,IBM
2025-12-24,10:05:00.536297467,T,303.99,40,304.21,40,IBM
2025-12-24,10:05:00.556239940,T,303.99,40,304.37,40,IBM
2025-12-24,10:05:32.613646508,T,303.99,40,304.28,40,IBM
2025-12-24,10:05:32.622667968,T,304.09,40,304.28,40,IBM
2025-12-24,10:05:32.622723116,T,304.09,80,304.28,40,IBM
2025-12-24,10:05:34.299404566,T,304.09,80,304.37,40,IBM
2025-12-24,10:06:05.717879933,T,304.09,120,304.37,40,IBM
2025-12-24,10:06:05.718892320,T,304.09,80,304.37,40,IBM
2025-12-24,10:06:05.722561084,T,304.09,120,304.37,40,IBM
2025-12-24,10:06:05.728069162,T,304.09,80,304.37,40,IBM
2025-12-24,10:06:07.093048758,T,304.09,40,304.37,40,IBM
2025-12-24,10:06:08.355033035,T,304.1,40,304.37,40,IBM
2025-12-24,10:06:24.001440690,T,304.1,40,304.42,40,IBM
2025-12-24,10:06:37.753900511,T,304.1,40,304.4,40,IBM
2025-12-24,10:06:43.670776357,T,304.1,40,304.28,40,IBM
2025-12-24,10:06:43.670781483,T,303.92,40,304.28,40,IBM
2025-12-24,10:06:43.670786437,T,303.92,40,304.27,40,IBM
2025-12-24,10:06:43.670806628,T,303.92,40,304.28,40,IBM
2025-12-24,10:06:43.670806628,T,303.92,40,304.2,40,IBM
2025-12-24,10:06:43.671999267,T,303.92,40,304.18,40,IBM
2025-12-24,10:06:43.672129605,T,303.92,40,304.28,40,IBM
2025-12-24,10:06:43.672224802,T,303.92,40,304.27,40,IBM
2025-12-24,10:06:43.672234799,T,303.92,120,304.27,40,IBM
2025-12-24,10:06:43.672239936,T,303.92,120,304.28,40,IBM
2025-12-24,10:06:43.672269928,T,303.92,120,304.29,40,IBM
2025-12-24,10:06:43.672310000,T,303.92,240,304.29,40,IBM
2025-12-24,10:06:43.672420297,T,303.92,320,304.29,40,IBM
2025-12-24,10:06:43.672435331,T,303.92,320,304.28,40,IBM
2025-12-24,10:06:43.672455402,T,303.92,320,304.4,40,IBM
2025-12-24,10:06:43.672505538,T,303.92,320,304.27,40,IBM
2025-12-24,10:06:43.672555592,T,303.92,360,304.27,40,IBM
2025-12-24,10:06:43.672610796,T,303.92,360,304.28,40,IBM
2025-12-24,10:06:43.672695984,T,303.92,400,304.28,40,IBM
2025-12-24,10:06:43.673227268,T,303.92,400,304.36,40,IBM
2025-12-24,10:06:43.673643224,T,303.92,400,304.28,40,IBM
2025-12-24,10:06:43.674004077,T,303.92,400,304.35,40,IBM
2025-12-24,10:06:43.682499248,T,303.92,400,304.36,40,IBM
2025-12-24,10:06:43.682960328,T,303.92,400,304.35,40,IBM
2025-12-24,10:06:43.780607900,T,303.92,400,304.36,40,IBM
2025-12-24,10:06:44.615926420,T,303.92,400,304.35,40,IBM
2025-12-24,10:06:44.616833641,T,303.92,400,304.36,40,IBM
2025-12-24,10:06:45.076467744,T,304.01,40,304.36,40,IBM
2025-12-24,10:06:45.076492861,T,304.01,120,304.36,40,IBM
2025-12-24,10:06:45.076492861,T,304.01,160,304.36,40,IBM
2025-12-24,10:06:45.076517934,T,304.01,360,304.36,40,IBM
2025-12-24,10:06:47.101839749,T,304.01,160,304.36,40,IBM
2025-12-24,10:06:47.101839749,T,304.04,80,304.36,40,IBM
2025-12-24,10:06:47.101839749,T,304.04,120,304.36,40,IBM
2025-12-24,10:06:47.101854443,T,304.01,40,304.36,40,IBM
2025-12-24,10:06:47.101854443,T,303.92,40,304.36,40,IBM
2025-12-24,10:06:47.101864547,T,304.04,200,304.36,40,IBM
2025-12-24,10:06:47.101874496,T,304.04,160,304.36,40,IBM
2025-12-24,10:06:47.101879590,T,304.04,160,304.28,40,IBM
2025-12-24,10:06:47.101899615,T,304.04,160,304.36,40,IBM
2025-12-24,10:06:47.101919606,T,304.04,160,304.3,40,IBM
2025-12-24,10:06:47.101969775,T,304.04,160,304.28,40,IBM
2025-12-24,10:06:47.101974978,T,304.04,160,304.35,40,IBM
2025-12-24,10:06:47.102004861,T,304.04,160,304.28,40,IBM
2025-12-24,10:06:47.102044969,T,304.04,160,304.3,40,IBM
2025-12-24,10:06:47.103252764,T,304.04,200,304.3,40,IBM
2025-12-24,10:06:47.103869327,T,304.04,200,304.36,40,IBM
2025-12-24,10:06:47.104165250,T,303.92,40,304.36,40,IBM
2025-12-24,10:06:47.104210076,T,303.92,40,304.28,40,IBM
2025-12-24,10:06:47.104806485,T,303.92,80,304.28,40,IBM
2025-12-24,10:06:47.109116715,T,303.92,80,304.36,40,IBM
2025-12-24,10:06:47.109487642,T,303.92,40,304.36,40,IBM
2025-12-24,10:06:47.109492799,T,304.01,40,304.36,40,IBM
2025-12-24,10:07:33.850935611,T,303.87,200,304.36,40,IBM
2025-12-24,10:07:33.850955672,T,303.87,200,304.3,40,IBM
2025-12-24,10:07:33.850985756,T,303.87,200,304.14,40,IBM
2025-12-24,10:07:33.851000810,T,303.87,200,304.35,40,IBM
2025-12-24,10:07:33.851015864,T,303.87,200,304.36,40,IBM
2025-12-24,10:07:33.851015864,T,303.87,200,304.3,40,IBM
2025-12-24,10:07:33.851341658,T,303.87,240,304.3,40,IBM
2025-12-24,10:07:33.851361703,T,303.87,240,304.36,40,IBM
2025-12-24,10:07:33.851401908,T,303.87,240,304.15,40,IBM
2025-12-24,10:07:33.851406757,T,303.87,240,304.14,40,IBM
2025-12-24,10:07:33.851707450,T,303.87,200,304.14,40,IBM
2025-12-24,10:07:33.851732587,T,303.87,40,304.14,40,IBM
2025-12-24,10:07:33.851983098,T,303.87,40,304.04,40,IBM
2025-12-24,10:07:33.852038225,T,303.87,40,304.01,40,IBM
2025-12-24,10:07:33.852073352,T,303.87,40,303.97,80,IBM
2025-12-24,10:07:33.852108396,T,303.87,40,304.01,40,IBM
2025-12-24,10:07:33.852138551,T,303.93,80,304.01,40,IBM
2025-12-24,10:07:33.852369111,T,303.93,80,304.14,40,IBM
2025-12-24,10:07:33.852729934,T,303.93,160,304.14,40,IBM
2025-12-24,10:07:33.855316059,T,303.94,40,304.14,40,IBM
2025-12-24,10:07:33.855356114,T,303.94,120,304.14,40,IBM
2025-12-24,10:07:33.855406249,T,303.94,200,304.14,40,IBM
2025-12-24,10:07:33.856097970,T,303.94,160,304.14,40,IBM
2025-12-24,10:07:33.856097970,T,303.94,120,304.14,40,IBM
2025-12-24,10:07:33.856102931,T,303.94,80,304.14,40,IBM
2025-12-24,10:07:33.856102931,T,303.76,160,304.14,40,IBM
2025-12-24,10:07:33.856138031,T,303.76,160,304.04,40,IBM
2025-12-24,10:07:33.856218208,T,303.76,160,304.04,80,IBM
2025-12-24,10:07:33.856248232,T,303.76,160,304.04,40,IBM
2025-12-24,10:07:33.856248232,T,303.76,160,303.99,40,IBM
2025-12-24,10:07:33.856694321,T,303.76,200,303.99,40,IBM
2025-12-24,10:07:33.861575925,T,303.76,200,304.04,40,IBM
2025-12-24,10:07:33.861616023,T,303.76,200,304.15,40,IBM
2025-12-24,10:07:34.003679323,T,303.76,200,304.23,40,IBM
2025-12-24,10:07:34.005132685,T,303.76,200,304.23,80,IBM
2025-12-24,10:07:34.070282864,T,303.76,200,304.23,40,IBM
2025-12-24,10:07:34.070763972,T,303.76,200,304.18,40,IBM
2025-12-24,10:07:34.372156442,T,303.76,200,304.23,40,IBM
2025-12-24,10:07:35.229582630,T,303.76,200,304.23,80,IBM
2025-12-24,10:07:35.477883697,T,303.76,200,304.23,40,IBM
2025-12-24,10:07:35.488408812,T,303.76,200,304.23,80,IBM
2025-12-24,10:07:35.758862690,T,303.76,200,304.18,40,IBM
2025-12-24,10:07:35.912037330,T,303.76,200,304.03,40,IBM
2025-12-24,10:07:35.912047330,T,303.76,200,304.04,40,IBM
2025-12-24,10:07:35.912047330,T,303.76,200,303.95,40,IBM
2025-12-24,10:07:35.912363027,T,303.76,200,304.18,40,IBM
2025-12-24,10:07:35.912378102,T,303.76,200,303.95,40,IBM
2025-12-24,10:07:35.916046810,T,303.76,40,303.95,40,IBM
2025-12-24,10:07:35.917124363,T,303.76,40,304.04,80,IBM
2025-12-24,10:07:35.917154452,T,303.76,40,304.04,40,IBM
2025-12-24,10:07:35.917204569,T,303.77,40,304.04,40,IBM
2025-12-24,10:07:35.917610505,T,303.77,80,304.04,40,IBM
2025-12-24,10:07:35.917640764,T,303.77,80,304.04,80,IBM
2025-12-24,10:07:35.932706623,T,303.77,80,304.04,40,IBM
2025-12-24,10:07:35.956603382,T,303.77,80,303.95,40,IBM
2025-12-24,10:07:36.135198591,T,303.77,80,304.04,40,IBM
2025-12-24,10:07:36.166793803,T,303.77,80,304.04,80,IBM
2025-12-24,10:07:36.294036719,T,303.77,80,304.04,40,IBM
2025-12-24,10:07:56.544535388,T,303.78,40,304.04,40,IBM
2025-12-24,10:07:56.544555434,T,303.78,80,304.04,40,IBM
2025-12-24,10:07:56.544565465,T,303.86,40,304.04,40,IBM
2025-12-24,10:07:56.544610559,T,303.86,80,304.04,40,IBM
2025-12-24,10:07:56.544610559,T,303.9,40,304.04,40,IBM
2025-12-24,10:07:56.544620624,T,303.91,40,304.04,40,IBM
2025-12-24,10:07:56.545161813,T,303.91,40,304.04,80,IBM
2025-12-24,10:07:56.545166907,T,303.91,80,304.04,80,IBM
2025-12-24,10:07:56.545447567,T,303.91,80,304.04,40,IBM
2025-12-24,10:07:56.552684754,T,303.9,40,304.04,40,IBM
2025-12-24,10:08:01.805740238,T,303.9,40,304.18,40,IBM
2025-12-24,10:08:01.805775287,T,303.92,40,304.18,40,IBM
2025-12-24,10:08:01.805780375,T,303.92,80,304.18,40,IBM
2025-12-24,10:08:01.805820408,T,303.92,80,304.23,40,IBM
2025-12-24,10:08:01.805825432,T,303.93,40,304.23,40,IBM
2025-12-24,10:08:01.805845531,T,303.92,40,304.23,40,IBM
2025-12-24,10:08:01.805850501,T,303.93,40,304.23,40,IBM
2025-12-24,10:08:01.805890646,T,303.97,40,304.23,40,IBM
2025-12-24,10:08:01.826229070,T,303.97,40,304.23,80,IBM
2025-12-24,10:08:01.964277595,T,303.98,40,304.23,80,IBM
2025-12-24,10:08:12.117939580,T,303.98,40,304.23,40,IBM
2025-12-24,10:09:15.233783859,T,303.74,40,304.23,40,IBM
2025-12-24,10:09:15.233788860,T,303.74,40,304.23,80,IBM
2025-12-24,10:09:15.233803961,T,303.74,40,304.18,40,IBM
2025-12-24,10:09:15.233834635,T,303.74,40,304.09,40,IBM
2025-12-24,10:09:15.234024413,T,303.74,40,304.06,40,IBM
2025-12-24,10:09:15.234731123,T,303.74,40,304.09,40,IBM
2025-12-24,10:09:15.235482899,T,303.74,40,304.09,80,IBM
2025-12-24,10:09:15.238044006,T,303.74,40,304.09,40,IBM
2025-12-24,10:09:16.303204711,T,303.74,40,304.23,40,IBM
2025-12-24,10:09:17.829728698,T,303.74,40,304.18,40,IBM
2025-12-24,10:09:18.186042010,T,303.74,40,304.23,40,IBM
2025-12-24,10:09:18.193053669,T,303.74,40,304.18,40,IBM
2025-12-24,10:09:18.404271549,T,303.74,40,304.08,40,IBM
2025-12-24,10:09:18.404291616,T,303.74,40,304.08,80,IBM
2025-12-24,10:09:18.404291616,T,303.74,40,304.0,40,IBM
2025-12-24,10:09:18.409253384,T,303.81,40,304.0,40,IBM
2025-12-24,10:09:18.419322322,T,303.74,40,304.0,40,IBM
2025-12-24,10:09:18.448912768,T,303.74,40,304.17,40,IBM
2025-12-24,10:09:18.656030884,T,303.74,40,304.18,40,IBM
2025-12-24,10:09:18.831714052,T,303.74,40,304.17,40,IBM
2025-12-24,10:09:20.318012480,T,303.74,40,304.18,40,IBM
2025-12-24,10:09:20.342806413,T,303.74,40,304.17,40,IBM
2025-12-24,10:09:20.533755982,T,303.74,40,304.18,40,IBM
2025-12-24,10:09:20.533781084,T,303.74,40,304.21,40,IBM
2025-12-24,10:09:20.736037522,T,303.81,80,304.21,40,IBM
2025-12-24,10:09:21.200788945,T,303.81,80,304.18,40,IBM
2025-12-24,10:09:21.305623582,T,303.81,80,304.21,40,IBM
2025-12-24,10:09:22.450940185,T,303.81,80,304.18,40,IBM
2025-12-24,10:09:22.833746485,T,303.81,80,304.21,40,IBM
2025-12-24,10:09:22.834237605,T,303.81,80,304.18,40,IBM
2025-12-24,10:09:23.691488356,T,303.81,80,304.21,40,IBM
2025-12-24,10:09:23.691754009,T,303.81,80,304.18,40,IBM
2025-12-24,10:09:23.904720942,T,303.81,80,304.21,40,IBM
2025-12-24,10:09:32.570044839,T,303.81,80,304.01,40,IBM
2025-12-24,10:09:34.331568311,T,303.81,80,304.0,40,IBM
2025-12-24,10:09:36.002250533,T,303.74,40,304.0,40,IBM
2025-12-24,10:09:36.002270746,T,303.74,40,304.0,80,IBM
2025-12-24,10:09:36.002280630,T,303.74,40,303.95,40,IBM
2025-12-24,10:09:36.002691671,T,303.74,40,304.0,80,IBM
2025-12-24,10:09:36.002691671,T,303.74,40,303.91,40,IBM
2025-12-24,10:09:36.003082598,T,303.61,80,303.91,40,IBM
2025-12-24,10:09:36.003102654,T,303.61,40,303.91,40,IBM
2025-12-24,10:09:36.003152789,T,303.61,40,303.96,40,IBM
2025-12-24,10:09:36.003152789,T,303.61,40,303.91,40,IBM
2025-12-24,10:09:36.008350140,T,303.64,40,303.91,40,IBM
2025-12-24,10:09:36.008370802,T,303.64,40,304.0,40,IBM
2025-12-24,10:09:36.254706563,T,303.61,40,304.0,40,IBM
2025-12-24,10:09:36.254726582,T,303.61,40,303.88,40,IBM
2025-12-24,10:09:36.254736662,T,303.61,40,303.88,80,IBM
2025-12-24,10:09:36.254751847,T,303.61,40,303.88,40,IBM
2025-12-24,10:09:36.254751847,T,303.61,40,303.81,40,IBM
2025-12-24,10:09:36.254756618,T,303.58,160,303.81,40,IBM
2025-12-24,10:09:36.254806778,T,303.58,160,303.95,40,IBM
2025-12-24,10:09:36.254806778,T,303.58,160,303.76,40,IBM
2025-12-24,10:09:36.255082485,T,303.53,80,303.76,40,IBM
2025-12-24,10:09:36.255107475,T,303.53,80,303.75,40,IBM
2025-12-24,10:09:36.255187771,T,303.53,80,303.76,80,IBM
2025-12-24,10:09:36.255448254,T,303.53,80,303.76,40,IBM
2025-12-24,10:09:36.255463301,T,303.43,160,303.76,40,IBM
2025-12-24,10:09:36.506997126,T,303.43,160,303.95,40,IBM
2025-12-24,10:09:37.569251007,T,303.43,160,303.77,40,IBM
2025-12-24,10:09:42.617107965,T,303.55,40,303.77,40,IBM
2025-12-24,10:09:43.331157868,T,303.55,40,303.76,40,IBM
2025-12-24,10:10:03.222937486,T,303.55,40,303.76,80,IBM
2025-12-24,10:10:04.330524029,T,303.55,40,303.76,40,IBM
2025-12-24,10:10:07.779494746,T,303.55,40,303.77,40,IBM
2025-12-24,10:10:26.052746395,T,303.55,40,303.95,40,IBM
2025-12-24,10:10:26.052776498,T,303.56,40,303.95,40,IBM
2025-12-24,10:10:26.052851596,T,303.56,80,303.95,40,IBM
2025-12-24,10:10:26.052866673,T,303.57,40,303.95,40,IBM
2025-12-24,10:10:26.052986956,T,303.65,40,303.95,40,IBM
2025-12-24,10:10:26.053658522,T,303.66,40,303.95,40,IBM
2025-12-24,10:10:26.053849007,T,303.65,40,303.95,40,IBM
2025-12-24,10:10:26.053849007,T,303.66,40,303.95,40,IBM
2025-12-24,10:10:26.097412701,T,303.66,40,304.05,40,IBM
2025-12-24,10:10:26.171659454,T,303.57,40,304.05,40,IBM
2025-12-24,10:10:26.171679482,T,303.55,80,304.05,40,IBM
2025-12-24,10:10:26.339965157,T,303.55,40,304.05,40,IBM
2025-12-24,10:10:27.093980122,T,303.75,40,304.05,40,IBM
2025-12-24,10:10:50.985331236,T,303.76,40,304.05,40,IBM
2025-12-24,10:10:50.985386352,T,303.84,40,304.05,40,IBM
2025-12-24,10:10:50.985606906,T,303.85,40,304.05,40,IBM
2025-12-24,10:10:50.986143232,T,303.85,40,304.13,200,IBM
2025-12-24,10:10:50.990017404,T,303.85,40,304.13,40,IBM
2025-12-24,10:10:50.990047432,T,303.85,40,304.17,40,IBM
2025-12-24,10:10:50.993625993,T,303.9,40,304.17,40,IBM
2025-12-24,10:10:50.994307599,T,303.9,40,304.23,40,IBM
2025-12-24,10:10:50.994618313,T,303.9,40,304.17,40,IBM
2025-12-24,10:10:50.994648377,T,303.9,40,304.28,160,IBM
2025-12-24,10:10:51.000076324,T,303.9,40,304.35,40,IBM
2025-12-24,10:10:52.977273291,T,304.12,40,304.35,40,IBM
2025-12-24,10:10:52.977338436,T,304.12,40,304.4,40,IBM
2025-12-24,10:10:53.353739488,T,304.12,40,304.35,40,IBM
2025-12-24,10:10:54.318270675,T,303.9,40,304.35,40,IBM
2025-12-24,10:10:54.318867094,T,303.9,40,304.35,80,IBM
2025-12-24,10:10:54.322205057,T,303.9,40,304.35,40,IBM
2025-12-24,10:10:54.323137213,T,303.9,40,304.25,40,IBM
2025-12-24,10:10:54.338769448,T,303.9,40,304.25,80,IBM
2025-12-24,10:10:54.407237473,T,303.9,40,304.25,40,IBM
2025-12-24,10:10:56.409243486,T,303.9,40,304.34,40,IBM
2025-12-24,10:10:56.409453918,T,303.9,40,304.34,80,IBM
2025-12-24,10:10:56.409664455,T,303.9,40,304.34,120,IBM
2025-12-24,10:11:03.247898657,T,303.9,40,304.34,80,IBM
2025-12-24,10:11:04.249763768,T,303.9,40,304.34,120,IBM
2025-12-24,10:11:05.869068771,T,303.81,40,304.34,120,IBM
2025-12-24,10:11:11.536801528,T,303.81,40,304.34,80,IBM
2025-12-24,10:11:25.709907404,T,303.81,40,304.34,40,IBM
2025-12-24,10:11:25.712779215,T,303.81,40,304.34,80,IBM
2025-12-24,10:11:30.940925414,T,303.81,40,304.34,40,IBM
2025-12-24,10:11:33.391499153,T,303.9,40,304.34,40,IBM
2025-12-24,10:11:33.391509319,T,303.81,40,304.34,40,IBM
2025-12-24,10:11:33.391514257,T,303.75,40,304.34,40,IBM
2025-12-24,10:11:33.391539327,T,303.75,40,304.22,40,IBM
2025-12-24,10:11:33.391569322,T,303.75,40,304.08,40,IBM
2025-12-24,10:11:33.391624598,T,303.75,40,304.33,40,IBM
2025-12-24,10:11:33.391644526,T,303.75,40,304.34,40,IBM
2025-12-24,10:11:33.391649514,T,303.75,40,304.25,40,IBM
2025-12-24,10:11:33.391724689,T,303.75,40,304.05,40,IBM
2025-12-24,10:11:33.391935224,T,303.75,40,304.05,80,IBM
2025-12-24,10:11:33.564701547,T,303.91,80,304.05,80,IBM
2025-12-24,10:11:53.498732014,T,303.91,40,304.05,80,IBM
2025-12-24,10:11:53.498752036,T,303.75,40,304.05,80,IBM
2025-12-24,10:11:53.498777077,T,303.75,40,304.05,120,IBM
2025-12-24,10:11:53.498797128,T,303.75,40,304.05,80,IBM
2025-12-24,10:11:53.498802140,T,303.75,40,304.05,40,IBM
2025-12-24,10:11:53.499443630,T,303.69,40,304.05,40,IBM
2025-12-24,10:11:53.499493785,T,303.69,40,304.05,80,IBM
2025-12-24,10:11:57.279237010,T,303.69,40,304.05,40,IBM
2025-12-24,10:12:01.627002510,T,303.69,40,304.04,40,IBM
2025-12-24,10:12:04.593253892,T,303.69,40,304.29,40,IBM
2025-12-24,10:12:05.749401433,T,303.69,40,304.33,200,IBM
2025-12-24,10:12:14.383144851,T,303.69,40,304.35,40,IBM
2025-12-24,10:12:14.383149825,T,303.69,40,304.23,160,IBM
2025-12-24,10:12:19.382652078,T,303.69,40,304.23,200,IBM
2025-12-24,10:12:19.382661924,T,303.69,40,303.97,40,IBM
2025-12-24,10:12:19.382676990,T,303.69,40,303.94,40,IBM
2025-12-24,10:12:19.383128070,T,303.69,40,303.94,80,IBM
2025-12-24,10:12:19.387794132,T,303.69,40,303.94,40,IBM
2025-12-24,10:12:23.050458659,T,303.69,40,304.16,40,IBM
2025-12-24,10:12:31.135526211,T,303.69,40,303.94,40,IBM
2025-12-24,10:12:31.135551349,T,303.63,40,303.94,40,IBM
2025-12-24,10:12:31.135556369,T,303.63,40,303.92,40,IBM
2025-12-24,10:12:31.135556369,T,303.63,40,303.94,40,IBM
2025-12-24,10:12:31.135596370,T,303.57,40,303.94,40,IBM
2025-12-24,10:12:31.139540753,T,303.57,40,303.99,40,IBM
2025-12-24,10:12:31.163888774,T,303.57,40,304.05,40,IBM
2025-12-24,10:12:31.464168537,T,303.52,80,304.05,40,IBM
2025-12-24,10:12:31.806237916,T,303.52,80,304.1,160,IBM
2025-12-24,10:12:35.055117304,T,303.52,80,303.92,120,IBM
2025-12-24,10:12:37.042212945,T,303.52,80,303.92,160,IBM
2025-12-24,10:12:40.116727174,T,303.52,80,303.92,120,IBM
2025-12-24,10:12:41.171382795,T,303.52,80,303.99,40,IBM
2025-12-24,10:12:41.171407824,T,303.52,80,304.1,160,IBM
2025-12-24,10:12:41.297041959,T,303.52,80,303.94,40,IBM
2025-12-24,10:12:41.498832278,T,303.52,80,304.1,160,IBM
2025-12-24,10:12:41.499308514,T,303.52,80,304.05,40,IBM
2025-12-24,10:12:42.914983594,T,303.52,80,304.1,200,IBM
2025-12-24,10:12:42.915093933,T,303.52,80,304.05,40,IBM
2025-12-24,10:12:43.171674745,T,303.52,80,304.1,200,IBM
2025-12-24,10:12:48.091612267,T,303.52,80,304.1,160,IBM
2025-12-24,10:12:51.242683850,T,303.52,80,304.1,200,IBM
2025-12-24,10:12:51.997651066,T,303.52,80,304.1,160,IBM
2025-12-24,10:12:51.997686167,T,303.52,80,304.1,200,IBM
2025-12-24,10:12:53.242103641,T,303.52,80,304.1,160,IBM
2025-12-24,10:13:04.622817045,T,303.52,80,304.06,40,IBM
2025-12-24,10:13:07.171880315,T,303.52,80,303.94,40,IBM
2025-12-24,10:13:10.569664057,T,303.52,80,303.86,40,IBM
2025-12-24,10:13:15.832648309,T,303.52,80,303.86,80,IBM
2025-12-24,10:13:16.135519332,T,303.52,80,303.85,40,IBM
2025-12-24,10:13:16.135524341,T,303.52,80,303.76,40,IBM
2025-12-24,10:13:16.135554460,T,303.52,80,303.73,40,IBM
2025-12-24,10:13:16.135589580,T,303.52,40,303.73,40,IBM
2025-12-24,10:13:16.135604581,T,303.42,160,303.73,40,IBM
2025-12-24,10:13:16.135825044,T,303.32,40,303.73,40,IBM
2025-12-24,10:13:16.135905329,T,303.32,40,303.64,40,IBM
2025-12-24,10:13:16.136807415,T,303.32,40,303.62,40,IBM
2025-12-24,10:13:16.138265893,T,303.28,200,303.62,40,IBM
2025-12-24,10:13:16.140821994,T,303.28,200,303.64,40,IBM
2025-12-24,10:13:16.140837031,T,303.28,200,303.73,40,IBM
2025-12-24,10:13:16.144470724,T,303.28,200,303.82,80,IBM
2025-12-24,10:13:16.409095669,T,303.28,200,303.74,40,IBM
2025-12-24,10:13:16.409115740,T,303.28,200,303.62,40,IBM
2025-12-24,10:13:16.413015016,T,303.28,40,303.62,40,IBM
2025-12-24,10:13:16.413045086,T,303.24,40,303.62,40,IBM
2025-12-24,10:13:16.417199954,T,303.24,40,303.64,40,IBM
2025-12-24,10:13:16.417600950,T,303.3,80,303.64,40,IBM
2025-12-24,10:13:16.453491322,T,303.3,80,303.82,80,IBM
2025-12-24,10:13:16.874343209,T,303.32,40,303.82,80,IBM
2025-12-24,10:13:17.569357782,T,303.32,40,303.6,40,IBM
2025-12-24,10:13:19.528161253,T,303.32,80,303.6,40,IBM
2025-12-24,10:13:19.528186136,T,303.38,40,303.6,40,IBM
2025-12-24,10:13:21.748356462,T,303.39,40,303.6,40,IBM
2025-12-24,10:13:29.050570557,T,303.39,80,303.6,40,IBM
2025-12-24,10:13:38.005483897,T,303.39,40,303.6,40,IBM
2025-12-24,10:13:45.514545188,T,303.39,80,303.6,40,IBM
2025-12-24,10:13:45.514815926,T,303.39,120,303.6,40,IBM
2025-12-24,10:13:45.514936119,T,303.39,80,303.6,40,IBM
2025-12-24,10:13:45.516550000,T,303.39,80,303.56,40,IBM
2025-12-24,10:13:45.523261001,T,303.39,80,303.6,80,IBM
2025-12-24,10:13:46.286994120,T,303.39,40,303.6,80,IBM
2025-12-24,10:13:46.287019213,T,303.25,40,303.6,80,IBM
2025-12-24,10:13:47.409010274,T,303.45,80,303.6,80,IBM
2025-12-24,10:14:00.123168144,T,303.25,40,303.6,80,IBM
2025-12-24,10:14:00.123208261,T,303.25,40,303.56,40,IBM
2025-12-24,10:14:00.123213235,T,303.25,40,303.51,40,IBM
2025-12-24,10:14:00.123654318,T,303.25,40,303.56,40,IBM
2025-12-24,10:14:00.123654318,T,303.25,40,303.51,40,IBM
2025-12-24,10:14:00.124340910,T,303.25,40,303.56,40,IBM
2025-12-24,10:14:00.128686193,T,303.25,40,303.6,80,IBM
2025-12-24,10:14:00.187205606,T,303.25,40,303.56,40,IBM
2025-12-24,10:14:00.300179463,T,303.25,40,303.6,80,IBM
2025-12-24,10:14:08.270593945,T,303.25,40,303.56,40,IBM
2025-12-24,10:14:10.578167485,T,303.25,40,303.56,80,IBM
2025-12-24,10:14:12.812486564,T,303.25,40,303.56,40,IBM
2025-12-24,10:14:33.543980507,T,303.25,40,303.48,40,IBM
2025-12-24,10:14:35.543856514,T,303.25,40,303.48,80,IBM
2025-12-24,10:14:37.798484005,T,303.25,40,303.48,40,IBM
2025-12-24,10:14:43.196810641,T,303.25,80,303.48,40,IBM
2025-12-24,10:14:44.183444397,T,303.35,40,303.48,40,IBM
2025-12-24,10:14:50.177348501,T,303.35,80,303.48,40,IBM
2025-12-24,10:14:50.177408689,T,303.38,40,303.48,40,IBM
2025-12-24,10:14:50.177965011,T,303.35,80,303.48,40,IBM
2025-12-24,10:14:50.178035108,T,303.25,40,303.48,40,IBM
2025-12-24,10:14:50.181558595,T,303.25,40,303.42,40,IBM
