DATE,TIME_M,EX,BID,BIDSIZ,ASK,ASKSIZ,SYM_ROOT
2025-12-03,9:30:01.004403438,T,301.0,40,304.29,40,IBM
2025-12-03,9:30:01.028225185,T,301.0,40,303.0,40,IBM
2025-12-03,9:30:01.029307787,T,301.0,40,303.0,120,IBM
2025-12-03,9:30:01.029322818,T,301.0,40,303.0,200,IBM
2025-12-03,9:30:01.029362885,T,301.0,40,303.0,280,IBM
2025-12-03,9:30:01.029463168,T,301.0,40,303.0,320,IBM
2025-12-03,9:30:01.029738757,T,301.0,40,303.0,400,IBM
2025-12-03,9:30:01.100522315,T,301.0,40,302.99,80,IBM
2025-12-03,9:30:01.100602500,T,301.0,40,302.99,440,IBM
2025-12-03,9:30:01.101279158,T,301.0,40,302.99,480,IBM
2025-12-03,9:30:01.165045939,T,301.0,80,302.99,480,IBM
2025-12-03,9:30:01.220297517,T,301.0,80,302.99,120,IBM
2025-12-03,9:30:01.220322558,T,301.0,80,302.77,360,IBM
2025-12-03,9:30:01.221074317,T,301.0,80,302.77,400,IBM
2025-12-03,9:30:01.442286023,T,302.34,40,302.77,400,IBM
2025-12-03,9:30:01.510102490,T,302.34,40,302.76,40,IBM
2025-12-03,9:30:01.510152561,T,302.34,40,302.76,440,IBM
2025-12-03,9:30:01.511345389,T,302.34,40,302.76,480,IBM
2025-12-03,9:30:01.514517966,T,302.34,80,302.76,480,IBM
2025-12-03,9:30:02.029098108,T,302.34,80,302.76,80,IBM
2025-12-03,9:30:02.029123098,T,302.34,80,302.75,360,IBM
2025-12-03,9:30:02.029879873,T,302.34,80,302.75,400,IBM
2025-12-03,9:30:02.174173461,T,302.34,80,302.74,40,IBM
2025-12-03,9:30:02.174223601,T,302.34,80,302.74,400,IBM
2025-12-03,9:30:02.174925282,T,302.34,80,302.74,480,IBM
2025-12-03,9:30:02.202305492,T,302.34,80,302.74,80,IBM
2025-12-03,9:30:02.202325505,T,302.34,80,302.73,360,IBM
2025-12-03,9:30:02.203077327,T,302.34,80,302.73,400,IBM
2025-12-03,9:30:02.258995440,T,302.34,80,302.73,40,IBM
2025-12-03,9:30:02.259020447,T,302.34,80,302.59,360,IBM
2025-12-03,9:30:02.259030549,T,302.34,120,302.59,360,IBM
2025-12-03,9:30:02.259311191,T,302.34,80,302.59,360,IBM
2025-12-03,9:30:02.259311191,T,302.34,40,302.59,360,IBM
2025-12-03,9:30:02.259316129,T,301.0,80,302.59,360,IBM
2025-12-03,9:30:02.259336221,T,301.0,80,302.35,80,IBM
2025-12-03,9:30:02.259361248,T,301.0,80,302.35,480,IBM
2025-12-03,9:30:02.259366584,T,301.0,80,302.35,360,IBM
2025-12-03,9:30:02.259386365,T,301.0,80,302.35,280,IBM
2025-12-03,9:30:02.259406361,T,301.0,80,302.35,200,IBM
2025-12-03,9:30:02.259406361,T,301.0,80,302.73,80,IBM
2025-12-03,9:30:02.259436775,T,301.0,80,302.35,200,IBM
2025-12-03,9:30:02.259446524,T,301.0,80,302.73,80,IBM
2025-12-03,9:30:02.259476561,T,301.0,80,302.35,200,IBM
2025-12-03,9:30:02.259486757,T,301.0,80,302.73,80,IBM
2025-12-03,9:30:02.259516917,T,302.21,40,302.73,80,IBM
2025-12-03,9:30:02.259596954,T,302.21,40,302.73,40,IBM
2025-12-03,9:30:02.259772219,T,302.21,40,302.59,40,IBM
2025-12-03,9:30:02.259937719,T,302.21,80,302.59,40,IBM
2025-12-03,9:30:02.260188245,T,302.21,80,302.35,40,IBM
2025-12-03,9:30:02.260213387,T,302.21,80,302.82,80,IBM
2025-12-03,9:30:02.260233371,T,302.21,40,302.82,80,IBM
2025-12-03,9:30:02.260233371,T,302.21,40,302.82,40,IBM
2025-12-03,9:30:02.260258399,T,302.35,40,302.82,40,IBM
2025-12-03,9:30:02.260879877,T,302.21,40,302.82,40,IBM
2025-12-03,9:30:02.272191858,T,301.0,80,302.82,40,IBM
2025-12-03,9:30:02.334084281,T,301.0,80,302.72,80,IBM
2025-12-03,9:30:02.354086912,T,301.0,80,302.82,80,IBM
2025-12-03,9:30:03.260629970,T,301.0,80,302.79,40,IBM
2025-12-03,9:30:11.936058303,T,301.0,80,302.79,80,IBM
2025-12-03,9:30:16.382774796,T,301.0,40,302.79,80,IBM
2025-12-03,9:30:16.383346146,T,302.0,40,302.79,80,IBM
2025-12-03,9:30:16.383772112,T,302.0,80,302.79,80,IBM
2025-12-03,9:30:16.383782148,T,302.0,120,302.79,80,IBM
2025-12-03,9:30:17.445519781,T,302.0,80,302.79,80,IBM
2025-12-03,9:30:20.638531384,T,302.0,80,302.79,120,IBM
2025-12-03,9:30:22.169205580,T,302.0,80,302.65,40,IBM
2025-12-03,9:30:22.174438026,T,302.0,40,302.65,40,IBM
2025-12-03,9:30:22.247151072,T,301.0,40,302.65,40,IBM
2025-12-03,9:30:22.247176159,T,301.0,40,302.65,80,IBM
2025-12-03,9:30:22.247176159,T,301.0,40,302.52,40,IBM
2025-12-03,9:30:22.247301407,T,301.0,40,302.33,40,IBM
2025-12-03,9:30:22.248233674,T,301.0,40,302.33,80,IBM
2025-12-03,9:30:24.687585939,T,301.0,40,302.33,120,IBM
2025-12-03,9:30:30.677786856,T,301.0,40,302.33,80,IBM
2025-12-03,9:30:32.986067245,T,301.0,40,302.15,40,IBM
2025-12-03,9:30:32.986372981,T,301.0,40,301.99,40,IBM
2025-12-03,9:30:32.987084691,T,301.0,40,302.15,40,IBM
2025-12-03,9:30:32.987124716,T,301.0,40,302.06,40,IBM
2025-12-03,9:30:32.987310212,T,301.0,40,302.33,40,IBM
2025-12-03,9:30:32.987425487,T,301.0,40,302.05,40,IBM
2025-12-03,9:30:32.987761198,T,301.0,40,301.99,40,IBM
2025-12-03,9:30:32.992026419,T,301.0,40,302.33,40,IBM
2025-12-03,9:30:33.093372681,T,301.0,40,302.25,40,IBM
2025-12-03,9:30:33.143787744,T,301.0,40,301.99,40,IBM
2025-12-03,9:30:33.144283866,T,301.0,40,302.25,40,IBM
2025-12-03,9:30:33.148378579,T,301.0,40,302.33,40,IBM
2025-12-03,9:30:33.343723641,T,301.36,80,302.33,40,IBM
2025-12-03,9:30:33.344139661,T,301.36,120,302.33,40,IBM
2025-12-03,9:30:33.353742509,T,301.36,40,302.33,40,IBM
2025-12-03,9:30:33.701520438,T,301.0,40,302.33,40,IBM
2025-12-03,9:30:33.701545466,T,301.0,40,301.54,40,IBM
2025-12-03,9:30:42.132161141,T,301.0,40,301.59,40,IBM
2025-12-03,9:30:43.986200418,T,301.0,80,301.59,40,IBM
2025-12-03,9:30:43.996264058,T,301.0,40,301.59,40,IBM
2025-12-03,9:30:44.237112434,T,301.0,80,301.59,40,IBM
2025-12-03,9:30:47.329033265,T,301.0,120,301.59,40,IBM
2025-12-03,9:30:47.339633462,T,301.0,80,301.59,40,IBM
2025-12-03,9:30:48.532157600,T,301.0,40,301.59,40,IBM
2025-12-03,9:30:51.994976541,T,301.37,40,301.59,40,IBM
2025-12-03,9:30:51.995397496,T,301.37,80,301.59,40,IBM
2025-12-03,9:30:51.995582919,T,301.37,80,301.6,40,IBM
2025-12-03,9:30:51.995608075,T,301.37,80,302.52,40,IBM
2025-12-03,9:30:51.995688259,T,301.59,40,302.52,40,IBM
2025-12-03,9:30:51.996620429,T,301.59,40,302.37,40,IBM
2025-12-03,9:30:52.008082718,T,301.59,40,302.37,120,IBM
2025-12-03,9:30:52.014924048,T,301.59,80,302.37,120,IBM
2025-12-03,9:30:52.166480251,T,301.59,40,302.37,120,IBM
2025-12-03,9:30:52.166484882,T,301.37,40,302.37,120,IBM
2025-12-03,9:30:52.166499904,T,301.0,40,302.37,120,IBM
2025-12-03,9:30:52.166590053,T,301.0,40,302.21,40,IBM
2025-12-03,9:30:52.166645290,T,301.0,40,302.37,120,IBM
2025-12-03,9:30:52.166900805,T,301.0,40,302.21,40,IBM
2025-12-03,9:30:52.167878146,T,301.0,40,302.37,160,IBM
2025-12-03,9:30:52.167918202,T,301.01,80,302.37,160,IBM
2025-12-03,9:30:52.168339231,T,301.01,120,302.37,160,IBM
2025-12-03,9:30:52.168349247,T,301.01,160,302.37,160,IBM
2025-12-03,9:30:52.177932053,T,301.01,80,302.37,160,IBM
2025-12-03,9:30:52.180202477,T,301.01,40,302.37,160,IBM
2025-12-03,9:30:52.180212540,T,301.0,40,302.37,160,IBM
2025-12-03,9:30:52.267044199,T,301.0,40,302.37,120,IBM
2025-12-03,9:30:52.267735878,T,301.0,40,302.36,40,IBM
2025-12-03,9:30:52.995378071,T,301.0,40,302.36,80,IBM
2025-12-03,9:30:52.998846374,T,301.0,40,302.36,160,IBM
2025-12-03,9:31:00.522868904,T,301.03,160,302.36,160,IBM
2025-12-03,9:31:00.522873753,T,301.03,160,302.19,160,IBM
2025-12-03,9:31:00.522928960,T,301.03,160,302.19,240,IBM
2025-12-03,9:31:00.523294751,T,301.03,200,302.19,240,IBM
2025-12-03,9:31:00.523304798,T,301.03,240,302.19,240,IBM
2025-12-03,9:31:00.523625568,T,301.03,240,302.19,280,IBM
2025-12-03,9:31:00.532932728,T,301.03,240,302.19,200,IBM
2025-12-03,9:31:02.353907715,T,301.03,240,302.19,240,IBM
2025-12-03,9:31:02.895101111,T,301.03,200,302.19,240,IBM
2025-12-03,9:31:18.292758009,T,301.03,200,302.19,280,IBM
2025-12-03,9:31:18.896059507,T,301.03,200,301.78,40,IBM
2025-12-03,9:31:18.896816100,T,301.03,200,301.78,80,IBM
2025-12-03,9:31:19.154464655,T,301.03,200,301.64,80,IBM
2025-12-03,9:31:19.154474589,T,301.03,200,301.64,120,IBM
2025-12-03,9:31:19.391288356,T,301.03,160,301.64,120,IBM
2025-12-03,9:31:19.391569002,T,301.03,160,301.63,80,IBM
2025-12-03,9:31:19.391579036,T,301.03,160,301.63,120,IBM
2025-12-03,9:31:19.850897559,T,301.03,160,301.6,80,IBM
2025-12-03,9:31:19.850907571,T,301.03,160,301.6,120,IBM
2025-12-03,9:31:20.201562366,T,301.03,160,301.58,80,IBM
2025-12-03,9:31:20.201572335,T,301.03,160,301.58,120,IBM
2025-12-03,9:31:20.909387366,T,301.03,160,301.58,80,IBM
2025-12-03,9:31:24.293398566,T,301.03,160,301.58,120,IBM
2025-12-03,9:31:25.745039740,T,301.03,160,301.58,80,IBM
2025-12-03,9:31:26.836989241,T,301.03,160,301.58,40,IBM
2025-12-03,9:31:26.836989241,T,301.03,160,302.01,160,IBM
2025-12-03,9:31:26.837019300,T,301.14,40,302.01,160,IBM
2025-12-03,9:31:26.837034326,T,301.37,40,302.01,160,IBM
2025-12-03,9:31:26.837064447,T,301.37,80,302.01,160,IBM
2025-12-03,9:31:26.841038828,T,301.37,120,302.01,160,IBM
2025-12-03,9:31:26.858680832,T,301.37,160,302.01,160,IBM
2025-12-03,9:31:26.937653807,T,301.37,120,302.01,160,IBM
2025-12-03,9:31:27.837425847,T,301.37,120,302.01,200,IBM
2025-12-03,9:31:28.797732062,T,301.37,120,302.01,240,IBM
2025-12-03,9:31:33.582929122,T,301.37,80,302.01,240,IBM
2025-12-03,9:31:33.585760927,T,301.37,80,302.01,200,IBM
2025-12-03,9:31:37.681992719,T,301.37,80,302.01,160,IBM
2025-12-03,9:31:40.969188500,T,301.37,80,302.01,200,IBM
2025-12-03,9:31:42.167461200,T,301.37,80,301.91,40,IBM
2025-12-03,9:31:42.259375041,T,301.37,80,301.87,40,IBM
2025-12-03,9:31:43.803666509,T,301.37,80,301.86,40,IBM
2025-12-03,9:31:44.773425259,T,301.37,80,301.85,40,IBM
2025-12-03,9:31:44.980944246,T,301.37,80,301.84,40,IBM
2025-12-03,9:31:45.344204045,T,301.37,80,301.85,40,IBM
2025-12-03,9:31:51.342940136,T,301.37,40,301.85,40,IBM
2025-12-03,9:31:51.629141539,T,301.37,40,301.85,80,IBM
2025-12-03,9:31:51.629191654,T,301.37,80,301.85,80,IBM
2025-12-03,9:31:51.629211680,T,301.37,80,301.74,40,IBM
2025-12-03,9:31:51.629307004,T,301.37,40,301.74,40,IBM
2025-12-03,9:31:51.629307004,T,301.03,160,301.74,40,IBM
2025-12-03,9:31:51.629331953,T,301.03,160,301.85,80,IBM
2025-12-03,9:31:51.629392142,T,301.03,160,301.85,40,IBM
2025-12-03,9:31:51.629397317,T,301.03,160,301.85,80,IBM
2025-12-03,9:31:51.629397317,T,301.03,160,301.58,40,IBM
2025-12-03,9:31:51.629432502,T,301.03,240,301.58,40,IBM
2025-12-03,9:31:51.629808172,T,301.03,280,301.58,40,IBM
2025-12-03,9:31:51.632128635,T,301.03,280,301.74,80,IBM
2025-12-03,9:31:51.632148743,T,301.08,40,301.74,80,IBM
2025-12-03,9:31:51.632339125,T,301.08,40,301.74,40,IBM
2025-12-03,9:31:51.635987902,T,301.03,280,301.74,40,IBM
2025-12-03,9:31:51.639847010,T,301.03,240,301.74,40,IBM
2025-12-03,9:31:51.640057508,T,301.03,240,301.74,80,IBM
2025-12-03,9:31:51.649625361,T,301.03,280,301.74,80,IBM
2025-12-03,9:31:51.672620013,T,301.03,320,301.74,80,IBM
2025-12-03,9:31:52.079493734,T,301.03,280,301.74,80,IBM
2025-12-03,9:31:52.141481252,T,301.03,320,301.74,80,IBM
2025-12-03,9:31:52.324737557,T,301.03,280,301.74,80,IBM
2025-12-03,9:31:52.324953079,T,301.03,120,301.74,80,IBM
2025-12-03,9:31:52.336951770,T,301.03,40,301.74,80,IBM
2025-12-03,9:31:52.738106684,T,301.04,40,301.74,80,IBM
2025-12-03,9:31:52.738527596,T,301.04,80,301.74,80,IBM
2025-12-03,9:31:52.997724646,T,301.04,80,301.74,120,IBM
2025-12-03,9:31:55.385509280,T,301.04,80,301.74,160,IBM
2025-12-03,9:31:56.225599196,T,301.04,40,301.74,160,IBM
2025-12-03,9:31:56.225679370,T,301.04,40,301.73,40,IBM
2025-12-03,9:31:56.226290837,T,301.04,40,301.73,80,IBM
2025-12-03,9:31:56.226305898,T,301.04,40,301.73,120,IBM
2025-12-03,9:31:56.506342594,T,301.04,40,301.73,160,IBM
2025-12-03,9:31:56.893449176,T,301.04,40,301.73,120,IBM
2025-12-03,9:32:01.704307309,T,301.04,40,301.73,80,IBM
2025-12-03,9:32:01.967714449,T,301.0,80,301.73,80,IBM
2025-12-03,9:32:03.054416545,T,301.0,80,301.73,120,IBM
2025-12-03,9:32:03.054551783,T,301.0,80,301.19,40,IBM
2025-12-03,9:32:03.054551783,T,301.0,80,301.19,80,IBM
2025-12-03,9:32:03.054576871,T,301.0,80,301.19,40,IBM
2025-12-03,9:32:03.054581870,T,301.0,80,301.73,40,IBM
2025-12-03,9:32:03.054601905,T,301.04,40,301.73,40,IBM
2025-12-03,9:32:03.054621962,T,301.05,40,301.73,40,IBM
2025-12-03,9:32:03.054636981,T,301.11,40,301.73,40,IBM
2025-12-03,9:32:03.054807434,T,301.11,40,301.73,80,IBM
2025-12-03,9:32:03.100606397,T,301.11,40,301.73,40,IBM
2025-12-03,9:32:03.100902203,T,301.11,40,301.73,80,IBM
2025-12-03,9:32:03.721053447,T,301.11,40,301.73,40,IBM
2025-12-03,9:32:05.923130924,T,301.0,40,301.73,40,IBM
2025-12-03,9:32:11.485899068,T,301.0,40,301.6,40,IBM
2025-12-03,9:32:11.485934155,T,301.0,40,301.48,40,IBM
2025-12-03,9:32:11.486249824,T,301.0,40,301.6,40,IBM
2025-12-03,9:32:11.486294996,T,301.0,80,301.6,40,IBM
2025-12-03,9:32:11.496749829,T,301.0,40,301.6,40,IBM
2025-12-03,9:32:11.500984932,T,301.0,40,301.74,40,IBM
2025-12-03,9:32:11.520491420,T,301.0,80,301.74,40,IBM
2025-12-03,9:32:12.534816088,T,301.0,120,301.74,40,IBM
2025-12-03,9:32:12.803014680,T,301.0,80,301.74,40,IBM
2025-12-03,9:32:14.012183346,T,301.0,80,302.01,160,IBM
2025-12-03,9:32:14.012218396,T,301.0,80,301.78,40,IBM
2025-12-03,9:32:16.833359679,T,301.0,80,301.92,40,IBM
2025-12-03,9:32:23.568548974,T,301.0,80,301.78,40,IBM
2025-12-03,9:32:30.294917319,T,301.0,120,301.78,40,IBM
2025-12-03,9:32:31.092721675,T,301.0,120,301.73,40,IBM
2025-12-03,9:32:31.092977261,T,301.0,120,301.58,40,IBM
2025-12-03,9:32:31.269683035,T,301.03,40,301.58,40,IBM
2025-12-03,9:32:31.269722982,T,301.03,80,301.58,40,IBM
2025-12-03,9:32:31.273948058,T,301.03,40,301.58,40,IBM
2025-12-03,9:32:31.273978139,T,301.0,120,301.58,40,IBM
2025-12-03,9:32:31.365891992,T,301.0,120,301.47,40,IBM
2025-12-03,9:32:31.365902046,T,301.0,120,301.58,40,IBM
2025-12-03,9:32:31.365926991,T,301.0,120,301.22,40,IBM
2025-12-03,9:32:31.366107879,T,301.0,80,301.22,40,IBM
2025-12-03,9:32:31.366107879,T,301.0,40,301.22,40,IBM
2025-12-03,9:32:31.366112460,T,300.68,200,301.22,40,IBM
2025-12-03,9:32:31.366132485,T,300.68,200,301.12,40,IBM
2025-12-03,9:32:31.366368058,T,301.0,40,301.12,40,IBM
2025-12-03,9:32:31.366388120,T,301.0,40,301.22,80,IBM
2025-12-03,9:32:31.366393210,T,300.68,200,301.22,80,IBM
2025-12-03,9:32:31.366428297,T,301.0,40,301.22,80,IBM
2025-12-03,9:32:31.366433215,T,300.68,200,301.22,80,IBM
2025-12-03,9:32:31.366473334,T,300.68,200,301.11,40,IBM
2025-12-03,9:32:31.370106986,T,299.71,40,301.11,40,IBM
2025-12-03,9:32:31.370112159,T,300.39,160,301.11,40,IBM
2025-12-03,9:32:31.370127099,T,300.68,40,301.11,40,IBM
2025-12-03,9:32:31.370142156,T,300.68,40,301.22,80,IBM
2025-12-03,9:32:31.380627038,T,300.39,160,301.22,80,IBM
2025-12-03,9:32:31.380642060,T,300.39,160,301.22,40,IBM
2025-12-03,9:32:31.392690768,T,300.5,80,301.22,40,IBM
2025-12-03,9:32:32.053934977,T,300.5,120,301.22,40,IBM
2025-12-03,9:32:32.271908839,T,300.5,80,301.22,40,IBM
2025-12-03,9:32:32.604625979,T,300.5,80,301.58,40,IBM
2025-12-03,9:32:33.797500802,T,300.18,160,301.58,40,IBM
2025-12-03,9:32:34.478652381,T,300.88,40,301.58,40,IBM
2025-12-03,9:32:34.478877980,T,300.18,160,301.58,40,IBM
2025-12-03,9:32:34.478998229,T,299.54,40,301.58,40,IBM
2025-12-03,9:32:34.479003226,T,300.38,160,301.58,40,IBM
2025-12-03,9:32:34.479083447,T,300.88,40,301.58,40,IBM
2025-12-03,9:32:34.481689714,T,300.89,40,301.58,40,IBM
2025-12-03,9:32:34.490169918,T,300.89,80,301.58,40,IBM
2025-12-03,9:32:42.758549091,T,300.89,120,301.58,40,IBM
2025-12-03,9:32:42.758589257,T,300.89,80,301.58,40,IBM
2025-12-03,9:32:46.505980605,T,300.89,40,301.58,40,IBM
2025-12-03,9:32:46.762456232,T,300.89,80,301.58,40,IBM
2025-12-03,9:32:46.762466232,T,300.89,40,301.58,40,IBM
2025-12-03,9:32:46.762511283,T,300.89,80,301.58,40,IBM
2025-12-03,9:32:46.762646630,T,300.89,80,301.47,40,IBM
2025-12-03,9:32:46.762656676,T,300.89,40,301.47,40,IBM
2025-12-03,9:32:46.762656676,T,300.89,80,301.47,40,IBM
2025-12-03,9:32:46.762681743,T,300.89,80,301.58,40,IBM
2025-12-03,9:32:46.762711827,T,300.89,80,301.47,40,IBM
2025-12-03,9:32:46.762766891,T,300.55,40,301.47,40,IBM
2025-12-03,9:32:46.762791962,T,300.53,200,301.47,40,IBM
2025-12-03,9:32:46.771633101,T,300.53,200,301.58,40,IBM
2025-12-03,9:32:46.944239051,T,300.5,40,301.58,40,IBM
2025-12-03,9:32:46.944248984,T,300.68,200,301.58,40,IBM
2025-12-03,9:32:47.833922043,T,300.68,200,301.46,40,IBM
2025-12-03,9:32:54.101929108,T,300.68,200,301.41,40,IBM
2025-12-03,9:33:03.065097508,T,300.68,200,301.58,40,IBM
2025-12-03,9:33:05.094248182,T,300.68,200,301.41,40,IBM
2025-12-03,9:33:05.095250604,T,300.68,200,301.22,40,IBM
2025-12-03,9:33:05.095691710,T,300.55,40,301.22,40,IBM
2025-12-03,9:33:05.189474897,T,300.55,40,301.41,40,IBM
2025-12-03,9:33:05.189930999,T,300.55,40,301.22,40,IBM
2025-12-03,9:33:05.300519306,T,300.55,40,301.41,40,IBM
2025-12-03,9:33:06.096143914,T,300.55,40,301.22,40,IBM
2025-12-03,9:33:06.579569285,T,300.55,40,301.13,40,IBM
2025-12-03,9:33:06.580210745,T,300.55,40,301.22,40,IBM
2025-12-03,9:33:07.722520222,T,300.55,40,301.47,40,IBM
2025-12-03,9:33:08.153882205,T,300.55,40,301.58,40,IBM
2025-12-03,9:33:10.188872045,T,300.8,40,301.58,40,IBM
2025-12-03,9:33:10.745266667,T,300.55,40,301.58,40,IBM
2025-12-03,9:33:12.581037107,T,300.55,40,301.47,40,IBM
2025-12-03,9:33:12.581072167,T,300.55,40,301.04,40,IBM
2025-12-03,9:33:12.581087165,T,300.85,40,301.04,40,IBM
2025-12-03,9:33:12.581092471,T,300.85,40,301.47,40,IBM
2025-12-03,9:33:12.581107259,T,300.55,40,301.47,40,IBM
2025-12-03,9:33:12.581508187,T,300.85,40,301.47,40,IBM
2025-12-03,9:33:12.704901997,T,300.85,40,301.58,40,IBM
2025-12-03,9:33:12.705137506,T,300.55,40,301.58,40,IBM
2025-12-03,9:33:21.324507487,T,300.87,40,301.58,40,IBM
2025-12-03,9:33:21.668737023,T,301.0,40,301.58,40,IBM
2025-12-03,9:33:23.013232868,T,301.0,40,301.22,40,IBM
2025-12-03,9:33:24.503821540,T,301.0,40,301.58,40,IBM
2025-12-03,9:33:25.707156208,T,301.0,120,301.58,40,IBM
2025-12-03,9:33:25.712729560,T,301.0,80,301.58,40,IBM
2025-12-03,9:33:25.712734819,T,301.0,40,301.58,40,IBM
2025-12-03,9:33:25.712734819,T,300.55,40,301.58,40,IBM
2025-12-03,9:33:25.712754608,T,300.5,40,301.58,40,IBM
2025-12-03,9:33:25.712775213,T,300.5,40,301.47,40,IBM
2025-12-03,9:33:25.712779673,T,300.5,40,301.33,40,IBM
2025-12-03,9:33:25.713105444,T,300.5,40,301.21,40,IBM
2025-12-03,9:33:25.713195605,T,300.5,40,301.11,40,IBM
2025-12-03,9:33:25.713882305,T,300.5,40,301.21,40,IBM
2025-12-03,9:33:25.717370621,T,300.5,40,301.4,40,IBM
2025-12-03,9:33:25.717390572,T,300.5,40,301.47,40,IBM
2025-12-03,9:33:25.733233386,T,300.48,160,301.47,40,IBM
2025-12-03,9:33:25.733258420,T,300.48,160,301.31,40,IBM
2025-12-03,9:33:25.733599200,T,300.48,160,301.18,40,IBM
2025-12-03,9:33:25.742234794,T,300.48,160,301.39,40,IBM
2025-12-03,9:33:25.833281495,T,300.48,160,301.4,40,IBM
2025-12-03,9:33:27.013295742,T,300.48,160,301.41,40,IBM
2025-12-03,9:33:27.063224567,T,300.48,160,301.18,40,IBM
2025-12-03,9:33:36.549723964,T,300.87,40,301.18,40,IBM
2025-12-03,9:33:36.550124877,T,300.87,80,301.18,40,IBM
2025-12-03,9:33:36.641211720,T,300.87,120,301.18,40,IBM
2025-12-03,9:33:39.388336716,T,300.87,120,301.47,40,IBM
2025-12-03,9:33:39.388346737,T,300.87,120,301.58,40,IBM
2025-12-03,9:33:39.388356846,T,301.02,40,301.58,40,IBM
2025-12-03,9:33:39.388416937,T,301.02,80,301.58,40,IBM
2025-12-03,9:33:39.388802816,T,301.02,120,301.58,40,IBM
2025-12-03,9:33:39.388837911,T,301.03,40,301.58,40,IBM
2025-12-03,9:33:39.388837911,T,301.03,80,301.58,40,IBM
2025-12-03,9:33:39.389098612,T,301.03,80,301.47,40,IBM
2025-12-03,9:33:39.397438433,T,301.03,40,301.47,40,IBM
2025-12-03,9:33:39.397463522,T,301.02,80,301.47,40,IBM
2025-12-03,9:33:43.524268065,T,301.02,80,301.33,40,IBM
2025-12-03,9:33:44.041870299,T,301.02,80,301.18,40,IBM
2025-12-03,9:33:46.940085168,T,300.87,40,301.18,40,IBM
2025-12-03,9:33:47.044203031,T,300.48,160,301.18,40,IBM
2025-12-03,9:33:47.049290146,T,300.48,160,301.11,40,IBM
2025-12-03,9:33:47.057664998,T,300.48,160,301.18,40,IBM
2025-12-03,9:33:47.068886760,T,300.5,80,301.18,40,IBM
2025-12-03,9:33:47.113623304,T,300.48,160,301.18,40,IBM
2025-12-03,9:33:48.557119720,T,300.48,160,301.33,40,IBM
2025-12-03,9:33:48.562788310,T,300.22,40,301.33,40,IBM
2025-12-03,9:33:48.562793292,T,300.24,160,301.33,40,IBM
2025-12-03,9:34:07.406193229,T,300.5,40,301.33,40,IBM
2025-12-03,9:34:07.406238334,T,300.62,80,301.33,40,IBM
2025-12-03,9:34:07.407807100,T,300.62,80,300.97,40,IBM
2025-12-03,9:34:07.422456963,T,300.62,80,301.33,40,IBM
2025-12-03,9:34:08.764968204,T,300.63,40,301.33,40,IBM
2025-12-03,9:34:16.827467571,T,300.47,160,301.33,40,IBM
2025-12-03,9:34:19.473231103,T,300.47,160,301.05,40,IBM
2025-12-03,9:34:27.284502505,T,300.47,160,301.33,40,IBM
2025-12-03,9:34:27.284522194,T,300.81,40,301.33,40,IBM
2025-12-03,9:34:27.518188497,T,300.82,40,301.33,40,IBM
2025-12-03,9:34:27.518208566,T,300.93,40,301.33,40,IBM
2025-12-03,9:34:27.518223612,T,300.93,80,301.33,40,IBM
2025-12-03,9:34:27.518659668,T,301.01,40,301.33,40,IBM
2025-12-03,9:34:27.550355045,T,301.02,40,301.33,40,IBM
2025-12-03,9:34:28.518555094,T,301.02,40,301.33,80,IBM
2025-12-03,9:34:28.518981098,T,301.02,80,301.33,80,IBM
2025-12-03,9:34:29.641092523,T,301.02,120,301.33,80,IBM
2025-12-03,9:34:31.164845052,T,301.02,80,301.33,80,IBM
2025-12-03,9:34:31.164855071,T,301.02,40,301.33,80,IBM
2025-12-03,9:34:32.273579596,T,300.93,40,301.33,80,IBM
2025-12-03,9:34:35.948854364,T,300.65,160,301.33,80,IBM
2025-12-03,9:34:38.148566015,T,300.65,160,301.3,40,IBM
2025-12-03,9:34:38.149322829,T,300.65,160,301.3,80,IBM
2025-12-03,9:34:39.685815823,T,300.65,160,301.3,40,IBM
2025-12-03,9:34:46.783443067,T,300.65,160,301.3,80,IBM
2025-12-03,9:34:49.601602097,T,300.65,160,301.3,120,IBM
2025-12-03,9:34:53.189298274,T,300.65,160,301.3,160,IBM
2025-12-03,9:34:53.189308356,T,300.65,160,301.29,40,IBM
2025-12-03,9:34:53.189538835,T,300.65,160,301.29,80,IBM
2025-12-03,9:34:53.189749444,T,300.65,160,301.29,120,IBM
2025-12-03,9:34:53.189769455,T,300.65,160,301.18,40,IBM
2025-12-03,9:34:53.190917220,T,300.65,160,301.18,80,IBM
2025-12-03,9:34:53.197001752,T,300.65,160,301.18,40,IBM
2025-12-03,9:34:53.220672976,T,300.65,160,301.18,80,IBM
2025-12-03,9:34:53.223905757,T,300.65,160,301.18,40,IBM
2025-12-03,9:34:53.223905757,T,300.65,160,301.47,40,IBM
2025-12-03,9:34:53.223930786,T,300.91,40,301.47,40,IBM
2025-12-03,9:34:53.224261521,T,301.01,40,301.47,40,IBM
2025-12-03,9:34:53.224296624,T,301.01,80,301.47,40,IBM
2025-12-03,9:34:53.244474709,T,301.01,40,301.47,40,IBM
2025-12-03,9:34:53.289406678,T,301.01,40,301.58,40,IBM
2025-12-03,9:34:54.224322394,T,301.01,40,301.3,40,IBM
2025-12-03,9:34:54.247898448,T,301.01,40,301.3,80,IBM
2025-12-03,9:34:55.561701226,T,301.01,40,301.3,120,IBM
2025-12-03,9:34:57.983792434,T,300.91,40,301.3,120,IBM
2025-12-03,9:35:01.044398879,T,300.65,160,301.3,120,IBM
2025-12-03,9:35:06.172432158,T,300.65,160,301.3,80,IBM
2025-12-03,9:35:06.194710184,T,301.02,40,301.3,80,IBM
2025-12-03,9:35:06.194750356,T,301.02,80,301.3,80,IBM
2025-12-03,9:35:06.194920771,T,301.02,120,301.3,80,IBM
2025-12-03,9:35:06.195131267,T,301.02,160,301.3,80,IBM
2025-12-03,9:35:07.179755267,T,301.02,120,301.3,80,IBM
2025-12-03,9:35:07.462518346,T,301.03,40,301.3,80,IBM
2025-12-03,9:35:07.462939318,T,301.03,80,301.3,80,IBM
2025-12-03,9:35:08.190882344,T,301.03,40,301.3,80,IBM
2025-12-03,9:35:09.070180636,T,301.03,40,301.3,40,IBM
2025-12-03,9:35:09.070200758,T,301.03,40,301.47,40,IBM
2025-12-03,9:35:09.070200758,T,301.03,40,301.58,40,IBM
2025-12-03,9:35:09.070225790,T,301.16,40,301.58,40,IBM
2025-12-03,9:35:09.070265840,T,301.16,80,301.58,40,IBM
2025-12-03,9:35:10.070627356,T,301.16,80,301.58,80,IBM
2025-12-03,9:35:10.253352424,T,301.16,80,301.56,40,IBM
2025-12-03,9:35:10.354062352,T,301.17,80,301.56,40,IBM
2025-12-03,9:35:10.354107229,T,301.17,120,301.56,40,IBM
2025-12-03,9:35:10.775134539,T,301.17,120,301.55,40,IBM
2025-12-03,9:35:13.094055240,T,301.17,160,301.55,40,IBM
2025-12-03,9:35:14.693031888,T,301.17,120,301.55,40,IBM
2025-12-03,9:35:15.792940282,T,301.17,160,301.55,40,IBM
2025-12-03,9:35:19.706221594,T,301.17,280,301.55,40,IBM
2025-12-03,9:35:19.713448802,T,301.18,40,301.55,40,IBM
2025-12-03,9:35:19.713468865,T,301.2,40,301.55,40,IBM
2025-12-03,9:35:19.723372417,T,301.22,40,301.55,40,IBM
2025-12-03,9:35:19.724760698,T,301.22,80,301.55,40,IBM
2025-12-03,9:35:19.757974859,T,301.23,40,301.55,40,IBM
2025-12-03,9:35:19.908448153,T,301.23,80,301.55,40,IBM
2025-12-03,9:35:20.158653845,T,301.23,40,301.55,40,IBM
2025-12-03,9:35:20.304937424,T,301.35,40,301.55,40,IBM
2025-12-03,9:35:20.304972170,T,301.35,80,301.55,40,IBM
2025-12-03,9:35:20.305358117,T,301.35,120,301.55,40,IBM
2025-12-03,9:35:20.305729009,T,301.35,160,301.55,40,IBM
2025-12-03,9:35:20.337474565,T,301.35,120,301.55,40,IBM
2025-12-03,9:35:20.355332084,T,301.35,120,301.81,200,IBM
2025-12-03,9:35:20.355362123,T,301.35,160,301.81,200,IBM
2025-12-03,9:35:20.355612741,T,301.35,160,301.81,160,IBM
2025-12-03,9:35:20.355643077,T,301.36,40,301.81,160,IBM
2025-12-03,9:35:20.360494345,T,301.36,40,302.22,40,IBM
2025-12-03,9:35:20.360504348,T,301.36,40,301.97,200,IBM
2025-12-03,9:35:20.364218171,T,301.37,40,301.97,200,IBM
2025-12-03,9:35:20.694218823,T,301.37,80,301.97,200,IBM
2025-12-03,9:35:20.742438653,T,301.37,120,301.97,200,IBM
2025-12-03,9:35:21.203205620,T,301.39,40,301.97,200,IBM
2025-12-03,9:35:21.209335146,T,301.54,40,301.97,200,IBM
2025-12-03,9:35:21.210127055,T,301.54,80,301.97,200,IBM
2025-12-03,9:35:21.214211797,T,301.54,80,302.38,40,IBM
2025-12-03,9:35:21.214216776,T,301.54,80,302.17,160,IBM
2025-12-03,9:35:21.214241959,T,301.54,40,302.17,160,IBM
2025-12-03,9:35:21.214597746,T,301.54,40,302.17,240,IBM
2025-12-03,9:35:21.224917243,T,301.54,80,302.17,240,IBM
2025-12-03,9:35:21.355753694,T,301.54,80,302.17,280,IBM
2025-12-03,9:35:21.765980253,T,301.54,120,302.17,280,IBM
2025-12-03,9:35:22.527503092,T,301.54,80,302.17,280,IBM
2025-12-03,9:35:24.683009649,T,301.54,40,302.17,280,IBM
2025-12-03,9:35:26.068553091,T,301.57,40,302.17,280,IBM
2025-12-03,9:35:26.720394909,T,301.54,40,302.17,280,IBM
2025-12-03,9:35:27.555157222,T,301.58,40,302.17,280,IBM
2025-12-03,9:35:28.318895592,T,301.58,40,301.99,40,IBM
2025-12-03,9:35:28.318935692,T,301.58,40,301.99,120,IBM
2025-12-03,9:35:28.322975255,T,301.54,40,301.99,120,IBM
2025-12-03,9:35:28.323005325,T,301.54,40,301.99,160,IBM
2025-12-03,9:35:28.323050490,T,301.54,40,301.79,40,IBM
2025-12-03,9:35:28.323907492,T,301.54,40,301.99,80,IBM
2025-12-03,9:35:28.323942722,T,301.54,40,302.17,160,IBM
2025-12-03,9:35:29.821342273,T,301.57,120,302.17,160,IBM
2025-12-03,9:35:29.821372332,T,301.57,160,302.17,160,IBM
2025-12-03,9:35:29.829025530,T,301.68,40,302.17,160,IBM
2025-12-03,9:35:29.829055701,T,301.68,80,302.17,160,IBM
2025-12-03,9:35:29.829416479,T,301.68,80,302.36,40,IBM
2025-12-03,9:35:29.829426501,T,301.68,80,302.36,240,IBM
2025-12-03,9:35:29.829817428,T,301.68,120,302.36,240,IBM
2025-12-03,9:35:29.836904364,T,301.68,120,302.22,80,IBM
2025-12-03,9:35:30.829437349,T,301.68,120,302.22,120,IBM
2025-12-03,9:35:33.770960240,T,301.68,120,302.22,160,IBM
2025-12-03,9:35:33.770980272,T,301.68,80,302.22,160,IBM
2025-12-03,9:35:33.770985292,T,301.68,80,302.22,120,IBM
2025-12-03,9:35:36.584007070,T,301.68,40,302.22,120,IBM
2025-12-03,9:35:36.584042197,T,301.68,40,301.99,40,IBM
2025-12-03,9:35:36.584087337,T,301.68,40,301.99,120,IBM
2025-12-03,9:35:36.584588474,T,301.23,200,301.99,120,IBM
2025-12-03,9:35:36.584593496,T,301.23,200,301.96,40,IBM
2025-12-03,9:35:36.584613575,T,301.23,200,301.8,40,IBM
2025-12-03,9:35:36.584919391,T,301.23,200,301.91,40,IBM
2025-12-03,9:35:36.585385335,T,301.53,40,301.91,40,IBM
2025-12-03,9:35:36.585425429,T,301.53,80,301.91,40,IBM
2025-12-03,9:35:36.585821397,T,301.53,80,301.91,80,IBM
2025-12-03,9:35:36.601132881,T,301.58,40,301.91,80,IBM
2025-12-03,9:35:36.601162880,T,301.58,80,301.91,80,IBM
2025-12-03,9:35:36.684837131,T,301.58,80,301.91,40,IBM
2025-12-03,9:35:43.723659281,T,301.58,80,301.99,40,IBM
2025-12-03,9:35:47.228804010,T,301.58,40,301.99,40,IBM
2025-12-03,9:35:47.228829102,T,301.53,40,301.99,40,IBM
2025-12-03,9:35:51.674538085,T,301.58,40,301.99,40,IBM
2025-12-03,9:35:51.674568152,T,301.58,80,301.99,40,IBM
2025-12-03,9:35:53.111157992,T,301.58,40,301.99,40,IBM
2025-12-03,9:35:53.111188059,T,301.23,200,301.99,40,IBM
2025-12-03,9:35:56.297172862,T,301.58,40,301.99,40,IBM
2025-12-03,9:36:10.263287085,T,301.58,40,302.2,160,IBM
2025-12-03,9:36:11.976324990,T,301.6,40,302.2,160,IBM
2025-12-03,9:36:14.125902472,T,301.23,200,302.2,160,IBM
2025-12-03,9:36:16.659579366,T,301.6,40,302.2,160,IBM
2025-12-03,9:36:17.092464985,T,301.23,200,302.2,160,IBM
2025-12-03,9:36:17.267882687,T,301.6,40,302.2,160,IBM
2025-12-03,9:36:17.499493963,T,301.69,40,302.2,160,IBM
2025-12-03,9:36:22.036409979,T,301.23,200,302.2,160,IBM
2025-12-03,9:36:23.857806197,T,301.23,200,301.8,40,IBM
2025-12-03,9:36:23.861845827,T,301.23,200,302.2,160,IBM
2025-12-03,9:36:23.939425508,T,301.23,200,301.91,40,IBM
2025-12-03,9:36:24.119644700,T,301.23,200,302.2,160,IBM
2025-12-03,9:36:35.659517397,T,301.23,200,301.9,40,IBM
2025-12-03,9:36:35.659542355,T,301.23,200,302.2,160,IBM
2025-12-03,9:36:35.659542355,T,301.23,200,301.75,40,IBM
2025-12-03,9:36:35.660168939,T,301.23,200,301.63,40,IBM
2025-12-03,9:36:35.660559886,T,301.23,200,301.75,40,IBM
2025-12-03,9:36:35.660920631,T,301.23,200,301.9,80,IBM
2025-12-03,9:36:35.660925719,T,301.23,200,301.63,40,IBM
2025-12-03,9:36:35.661497082,T,300.58,40,301.63,40,IBM
2025-12-03,9:36:35.661507105,T,301.04,200,301.63,40,IBM
2025-12-03,9:36:35.661602343,T,301.04,200,301.9,80,IBM
2025-12-03,9:36:35.661948135,T,301.04,280,301.9,80,IBM
2025-12-03,9:36:35.665626887,T,301.04,320,301.9,80,IBM
2025-12-03,9:36:35.665651963,T,301.04,280,301.9,80,IBM
2025-12-03,9:36:35.671761453,T,301.04,280,301.9,40,IBM
2025-12-03,9:36:35.671771572,T,301.04,280,301.92,40,IBM
2025-12-03,9:36:35.680467185,T,301.22,40,301.92,40,IBM
2025-12-03,9:36:35.760176949,T,301.22,40,302.16,40,IBM
2025-12-03,9:36:35.760668170,T,301.22,40,301.74,40,IBM
2025-12-03,9:36:35.761399989,T,301.22,80,301.74,40,IBM
2025-12-03,9:36:35.800944003,T,301.22,80,302.16,40,IBM
2025-12-03,9:36:37.931320806,T,301.22,40,302.16,40,IBM
2025-12-03,9:36:42.738064101,T,301.22,40,302.2,160,IBM
2025-12-03,9:36:43.553099605,T,301.22,40,301.9,40,IBM
2025-12-03,9:36:43.630604091,T,301.22,40,302.2,160,IBM
2025-12-03,9:36:43.631150389,T,301.22,80,302.2,160,IBM
2025-12-03,9:36:45.264444005,T,301.29,40,302.2,160,IBM
2025-12-03,9:36:45.955499012,T,301.22,40,302.2,160,IBM
2025-12-03,9:36:46.697460366,T,301.22,40,301.9,40,IBM
2025-12-03,9:36:46.698497785,T,301.31,40,301.9,40,IBM
2025-12-03,9:36:47.113305268,T,301.04,320,301.9,40,IBM
2025-12-03,9:36:47.141136531,T,301.3,40,301.9,40,IBM
2025-12-03,9:36:48.174291119,T,301.04,320,301.9,40,IBM
2025-12-03,9:36:48.711565160,T,301.33,40,301.9,40,IBM
2025-12-03,9:36:48.743521296,T,301.33,40,302.2,160,IBM
2025-12-03,9:36:49.903377593,T,301.33,80,302.2,160,IBM
2025-12-03,9:36:51.250419555,T,301.33,40,302.2,160,IBM
2025-12-03,9:36:57.769825206,T,301.33,40,301.9,40,IBM
2025-12-03,9:37:00.012674835,T,301.42,40,301.9,40,IBM
2025-12-03,9:37:00.013095777,T,301.42,80,301.9,40,IBM
2025-12-03,9:37:00.171618394,T,301.42,40,301.9,40,IBM
2025-12-03,9:37:00.496561918,T,301.33,40,301.9,40,IBM
2025-12-03,9:37:00.496757322,T,301.44,40,301.9,40,IBM
2025-12-03,9:37:00.497178381,T,301.44,80,301.9,40,IBM
2025-12-03,9:37:00.498606789,T,301.44,80,302.2,160,IBM
2025-12-03,9:37:00.501273047,T,301.44,40,302.2,160,IBM
2025-12-03,9:37:01.071240036,T,301.44,80,302.2,160,IBM
2025-12-03,9:37:01.074212043,T,301.44,120,302.2,160,IBM
2025-12-03,9:37:01.074402585,T,301.45,40,302.2,160,IBM
2025-12-03,9:37:01.075455062,T,301.45,80,302.2,160,IBM
2025-12-03,9:37:01.088325712,T,301.45,40,302.2,160,IBM
2025-12-03,9:37:01.088541260,T,301.45,80,302.2,160,IBM
2025-12-03,9:37:03.003635414,T,301.45,40,302.2,160,IBM
2025-12-03,9:37:03.495812152,T,301.45,40,301.9,40,IBM
2025-12-03,9:37:03.629745930,T,301.13,40,301.9,40,IBM
2025-12-03,9:37:05.663272045,T,301.04,320,301.9,40,IBM
2025-12-03,9:37:10.062064030,T,301.13,40,301.9,40,IBM
2025-12-03,9:37:11.259950755,T,301.23,160,301.9,40,IBM
2025-12-03,9:37:11.263880096,T,301.27,40,301.9,40,IBM
2025-12-03,9:37:11.263900194,T,301.27,40,302.2,160,IBM
2025-12-03,9:37:11.263910144,T,301.74,40,302.2,160,IBM
2025-12-03,9:37:11.263920291,T,301.74,80,302.2,160,IBM
2025-12-03,9:37:11.264336177,T,301.74,40,302.2,160,IBM
2025-12-03,9:37:11.264336177,T,301.83,40,302.2,160,IBM
2025-12-03,9:37:11.264471561,T,301.83,40,302.38,40,IBM
2025-12-03,9:37:11.264636969,T,301.83,40,302.41,160,IBM
2025-12-03,9:37:11.265113074,T,301.83,80,302.41,160,IBM
2025-12-03,9:37:11.265118383,T,301.84,40,302.41,160,IBM
2025-12-03,9:37:11.265153212,T,301.95,40,302.41,160,IBM
2025-12-03,9:37:11.280259109,T,301.95,40,302.46,120,IBM
2025-12-03,9:37:11.280284174,T,301.95,40,302.46,80,IBM
2025-12-03,9:37:11.705326104,T,301.95,40,302.55,40,IBM
2025-12-03,9:37:11.705351121,T,301.95,40,302.57,80,IBM
2025-12-03,9:37:11.777482793,T,301.95,40,302.51,80,IBM
2025-12-03,9:37:11.993462020,T,301.95,40,302.5,80,IBM
2025-12-03,9:37:12.265524708,T,301.95,40,302.5,120,IBM
2025-12-03,9:37:12.451096480,T,301.95,40,302.5,40,IBM
2025-12-03,9:37:19.695728718,T,301.83,40,302.5,40,IBM
2025-12-03,9:37:24.825290603,T,301.83,40,302.36,40,IBM
2025-12-03,9:37:24.825295596,T,301.64,160,302.36,40,IBM
2025-12-03,9:37:24.825300624,T,301.64,160,302.35,40,IBM
2025-12-03,9:37:24.825385817,T,301.64,160,302.3,80,IBM
2025-12-03,9:37:24.825440893,T,301.64,160,302.35,40,IBM
2025-12-03,9:37:24.825531160,T,301.64,160,302.34,40,IBM
2025-12-03,9:37:24.825736702,T,301.64,160,302.31,40,IBM
2025-12-03,9:37:24.825877108,T,301.64,160,302.31,80,IBM
2025-12-03,9:37:24.826162710,T,301.64,160,302.12,80,IBM
2025-12-03,9:37:24.826242819,T,301.64,160,302.31,80,IBM
2025-12-03,9:37:24.826257974,T,301.64,160,302.31,40,IBM
2025-12-03,9:37:24.826428260,T,301.64,160,302.24,80,IBM
2025-12-03,9:37:24.827079841,T,301.64,160,302.31,40,IBM
2025-12-03,9:37:24.836021143,T,301.64,160,302.51,80,IBM
2025-12-03,9:37:24.836231740,T,301.64,160,302.51,120,IBM
2025-12-03,9:37:24.836246698,T,301.64,160,302.51,160,IBM
2025-12-03,9:37:24.836266677,T,301.64,160,302.51,200,IBM
2025-12-03,9:37:24.848801554,T,301.64,160,302.51,160,IBM
2025-12-03,9:37:24.848811547,T,301.64,160,302.51,120,IBM
2025-12-03,9:37:24.848811547,T,301.64,160,302.51,80,IBM
2025-12-03,9:37:24.848951931,T,301.64,160,302.5,80,IBM
2025-12-03,9:37:24.849172460,T,301.64,160,302.5,120,IBM
2025-12-03,9:37:25.113752461,T,301.64,160,302.5,80,IBM
2025-12-03,9:37:25.985021554,T,301.64,160,302.5,120,IBM
2025-12-03,9:37:25.985026551,T,301.64,160,302.5,160,IBM
2025-12-03,9:37:27.578720742,T,301.64,160,302.5,120,IBM
2025-12-03,9:37:27.578730628,T,301.64,160,302.5,80,IBM
2025-12-03,9:37:27.578931103,T,301.64,160,302.33,80,IBM
2025-12-03,9:37:28.084790486,T,301.64,160,302.56,80,IBM
2025-12-03,9:37:28.085000973,T,301.64,160,302.56,120,IBM
2025-12-03,9:37:28.101505299,T,301.64,160,302.56,80,IBM
2025-12-03,9:37:28.101655600,T,301.64,160,302.55,80,IBM
2025-12-03,9:37:28.101861139,T,301.64,160,302.55,120,IBM
2025-12-03,9:37:28.598909429,T,301.64,160,302.55,40,IBM
2025-12-03,9:37:28.679125444,T,301.64,160,302.55,120,IBM
2025-12-03,9:37:29.078841959,T,301.64,160,302.55,80,IBM
2025-12-03,9:37:29.079022374,T,301.64,160,302.56,80,IBM
2025-12-03,9:37:29.079077576,T,301.64,160,302.39,80,IBM
2025-12-03,9:37:29.261196086,T,301.64,160,302.38,80,IBM
2025-12-03,9:37:29.462505341,T,301.64,160,302.56,80,IBM
2025-12-03,9:37:29.479049752,T,301.64,160,302.42,80,IBM
2025-12-03,9:37:29.541849238,T,301.83,40,302.42,80,IBM
2025-12-03,9:37:29.541849238,T,301.86,40,302.42,80,IBM
2025-12-03,9:37:29.542540925,T,301.86,40,302.56,80,IBM
2025-12-03,9:37:29.545282368,T,301.86,40,302.65,160,IBM
2025-12-03,9:37:29.546695729,T,301.86,40,302.56,40,IBM
2025-12-03,9:37:29.554689999,T,301.86,40,302.34,40,IBM
2025-12-03,9:37:29.554709803,T,301.83,40,302.34,40,IBM
2025-12-03,9:37:29.642117918,T,301.64,160,302.34,40,IBM
2025-12-03,9:37:29.643055185,T,301.64,160,302.56,40,IBM
2025-12-03,9:37:29.645295642,T,301.64,160,302.65,160,IBM
2025-12-03,9:37:29.668535812,T,301.67,40,302.65,160,IBM
2025-12-03,9:37:29.668811516,T,301.72,40,302.65,160,IBM
2025-12-03,9:37:29.668856797,T,302.16,40,302.65,160,IBM
2025-12-03,9:37:29.668856797,T,302.17,40,302.65,160,IBM
2025-12-03,9:37:29.673913746,T,302.17,40,302.89,40,IBM
2025-12-03,9:37:29.673918616,T,302.17,40,302.84,160,IBM
2025-12-03,9:37:29.673948763,T,302.17,40,302.84,200,IBM
2025-12-03,9:37:29.768924759,T,301.99,40,302.84,200,IBM
2025-12-03,9:37:29.769636551,T,302.17,40,302.84,200,IBM
2025-12-03,9:37:29.769847026,T,302.17,40,302.84,160,IBM
2025-12-03,9:37:30.210531194,T,301.87,40,302.84,160,IBM
2025-12-03,9:37:30.542250948,T,301.87,40,302.72,40,IBM
2025-12-03,9:37:30.542270980,T,301.64,160,302.72,40,IBM
2025-12-03,9:37:30.542275937,T,301.64,160,302.84,200,IBM
2025-12-03,9:37:30.546385817,T,302.33,40,302.84,200,IBM
2025-12-03,9:37:30.547147612,T,301.64,160,302.84,200,IBM
2025-12-03,9:37:31.084216260,T,301.77,40,302.84,200,IBM
2025-12-03,9:37:31.841338628,T,301.77,40,302.84,160,IBM
2025-12-03,9:37:31.841363675,T,302.27,40,302.84,160,IBM
2025-12-03,9:37:31.841373879,T,302.28,40,302.84,160,IBM
2025-12-03,9:37:31.841373879,T,302.28,80,302.84,160,IBM
2025-12-03,9:37:31.845944621,T,302.28,80,303.06,40,IBM
2025-12-03,9:37:31.845999815,T,302.28,80,303.09,160,IBM
2025-12-03,9:37:31.856133935,T,302.28,40,303.09,160,IBM
2025-12-03,9:37:31.856143938,T,302.28,40,302.83,40,IBM
2025-12-03,9:37:31.974595876,T,302.28,40,303.09,160,IBM
2025-12-03,9:37:32.841785431,T,302.28,40,303.06,40,IBM
2025-12-03,9:37:33.111312076,T,302.27,40,303.06,40,IBM
2025-12-03,9:37:33.535927963,T,302.27,40,302.82,40,IBM
2025-12-03,9:37:33.949477529,T,302.27,40,303.06,40,IBM
2025-12-03,9:37:33.980526365,T,302.27,40,302.82,40,IBM
2025-12-03,9:37:36.187971550,T,302.07,40,302.82,40,IBM
2025-12-03,9:37:36.983971601,T,302.07,40,302.65,40,IBM
2025-12-03,9:37:36.985059184,T,302.07,40,302.82,40,IBM
2025-12-03,9:37:36.985374993,T,302.07,40,302.65,40,IBM
2025-12-03,9:37:37.394478913,T,302.07,40,302.82,40,IBM
2025-12-03,9:37:37.983872106,T,302.07,40,303.06,40,IBM
2025-12-03,9:37:38.990709022,T,302.07,40,302.75,40,IBM
2025-12-03,9:37:40.320189067,T,302.07,40,302.71,40,IBM
2025-12-03,9:37:41.667045610,T,302.07,40,302.75,40,IBM
2025-12-03,9:37:45.979126394,T,302.07,40,302.67,40,IBM
2025-12-03,9:37:45.985170725,T,302.07,40,302.65,40,IBM
2025-12-03,9:37:47.700013099,T,302.07,40,302.65,80,IBM
2025-12-03,9:37:47.983808766,T,301.98,40,302.65,80,IBM
2025-12-03,9:37:48.950891026,T,301.98,40,302.65,40,IBM
2025-12-03,9:37:49.382348485,T,301.98,40,302.55,40,IBM
2025-12-03,9:37:49.996189614,T,301.98,40,302.55,80,IBM
2025-12-03,9:37:52.001117622,T,301.98,40,302.43,40,IBM
2025-12-03,9:37:53.058154145,T,301.85,160,302.43,40,IBM
2025-12-03,9:37:53.647622443,T,301.98,40,302.43,40,IBM
2025-12-03,9:37:55.007314520,T,302.28,40,302.43,40,IBM
2025-12-03,9:37:55.007519912,T,302.28,40,302.49,40,IBM
2025-12-03,9:37:55.007544991,T,302.3,40,302.49,40,IBM
2025-12-03,9:37:55.007565110,T,302.28,40,302.49,40,IBM
2025-12-03,9:37:55.007770578,T,302.28,40,302.49,80,IBM
2025-12-03,9:37:55.007805899,T,302.28,40,302.49,160,IBM
2025-12-03,9:37:55.014336219,T,302.15,40,302.49,160,IBM
2025-12-03,9:37:55.014361249,T,302.15,40,302.49,120,IBM
2025-12-03,9:37:55.014366292,T,302.15,40,302.49,40,IBM
2025-12-03,9:37:55.014381321,T,301.98,40,302.49,40,IBM
2025-12-03,9:37:55.014406341,T,301.98,40,302.36,120,IBM
2025-12-03,9:37:55.014501541,T,301.85,160,302.36,120,IBM
2025-12-03,9:37:55.014521577,T,301.85,160,302.49,40,IBM
2025-12-03,9:37:55.014551744,T,301.85,160,302.29,120,IBM
2025-12-03,9:37:55.014581718,T,301.85,160,302.49,40,IBM
2025-12-03,9:37:55.015027781,T,301.85,200,302.49,40,IBM
2025-12-03,9:37:55.015052901,T,301.85,160,302.49,40,IBM
2025-12-03,9:37:55.015087936,T,301.85,160,302.28,40,IBM
2025-12-03,9:37:55.015253368,T,301.85,160,302.49,40,IBM
2025-12-03,9:37:55.061949578,T,301.77,40,302.49,40,IBM
2025-12-03,9:37:55.061974640,T,301.67,40,302.49,40,IBM
2025-12-03,9:37:55.062526144,T,301.77,40,302.49,40,IBM
2025-12-03,9:37:55.216397256,T,302.09,40,302.49,40,IBM
2025-12-03,9:37:55.572745529,T,301.8,160,302.49,40,IBM
2025-12-03,9:37:55.886677885,T,301.8,160,302.91,160,IBM
2025-12-03,9:37:55.892712297,T,301.8,200,302.91,160,IBM
2025-12-03,9:37:55.902370267,T,301.8,160,302.91,160,IBM
2025-12-03,9:37:55.915556696,T,301.8,200,302.91,160,IBM
2025-12-03,9:37:55.984706234,T,301.8,200,302.76,40,IBM
2025-12-03,9:37:56.007956664,T,301.8,200,302.67,40,IBM
2025-12-03,9:37:56.250057983,T,301.87,40,302.67,40,IBM
2025-12-03,9:37:56.310321421,T,301.87,40,302.58,40,IBM
2025-12-03,9:37:56.736150173,T,301.87,40,302.58,80,IBM
2025-12-03,9:37:56.986320754,T,301.87,40,302.58,40,IBM
2025-12-03,9:37:57.476247080,T,301.87,40,302.67,40,IBM
2025-12-03,9:37:59.985616110,T,301.8,160,302.67,40,IBM
2025-12-03,9:38:01.138796562,T,301.8,160,302.76,40,IBM
2025-12-03,9:38:02.095729656,T,301.8,160,302.67,40,IBM
2025-12-03,9:38:02.096526562,T,302.13,80,302.67,40,IBM
2025-12-03,9:38:02.993256471,T,302.13,80,302.91,160,IBM
2025-12-03,9:38:04.448280302,T,302.19,40,302.91,160,IBM
2025-12-03,9:38:04.469124864,T,302.13,80,302.91,160,IBM
2025-12-03,9:38:07.696909302,T,302.28,40,302.91,160,IBM
2025-12-03,9:38:07.698553191,T,301.8,200,302.91,160,IBM
2025-12-03,9:38:09.509128783,T,301.8,160,302.91,160,IBM
2025-12-03,9:38:13.594815519,T,301.8,200,302.91,160,IBM
2025-12-03,9:38:13.595046033,T,301.87,40,302.91,160,IBM
2025-12-03,9:38:13.595071096,T,301.87,40,302.52,40,IBM
2025-12-03,9:38:13.595196368,T,301.87,40,302.91,160,IBM
2025-12-03,9:38:13.595251494,T,301.9,40,302.91,160,IBM
2025-12-03,9:38:13.595256528,T,301.97,40,302.91,160,IBM
2025-12-03,9:38:13.595346902,T,302.07,40,302.91,160,IBM
2025-12-03,9:38:13.599847423,T,301.9,40,302.91,160,IBM
2025-12-03,9:38:13.599867495,T,301.8,160,302.91,160,IBM
2025-12-03,9:38:19.431009869,T,301.8,200,302.91,160,IBM
2025-12-03,9:38:19.434899067,T,301.97,40,302.91,160,IBM
2025-12-03,9:38:19.434904156,T,302.4,40,302.91,160,IBM
2025-12-03,9:38:19.434909129,T,302.41,40,302.91,160,IBM
2025-12-03,9:38:19.435360168,T,302.41,40,303.23,40,IBM
2025-12-03,9:38:19.435365265,T,302.41,40,303.1,160,IBM
2025-12-03,9:38:19.687295038,T,302.41,80,303.1,160,IBM
2025-12-03,9:38:19.892027357,T,302.41,40,303.1,160,IBM
2025-12-03,9:38:19.897761017,T,302.41,80,303.1,160,IBM
2025-12-03,9:38:20.020999407,T,302.41,40,303.1,160,IBM
2025-12-03,9:38:20.435305904,T,302.41,40,303.06,40,IBM
2025-12-03,9:38:22.749044274,T,302.17,40,303.06,40,IBM
2025-12-03,9:38:25.170664447,T,302.17,40,303.1,160,IBM
2025-12-03,9:38:26.443299172,T,302.02,160,303.1,160,IBM
2025-12-03,9:38:32.631486376,T,302.02,160,303.1,200,IBM
2025-12-03,9:38:32.631516434,T,302.02,160,303.06,40,IBM
2025-12-03,9:38:32.631526534,T,302.02,160,302.68,40,IBM
2025-12-03,9:38:32.631591692,T,302.43,40,302.68,40,IBM
2025-12-03,9:38:32.631626705,T,302.07,40,302.68,40,IBM
2025-12-03,9:38:32.631937481,T,302.07,40,302.96,40,IBM
2025-12-03,9:38:32.631972561,T,302.02,160,302.96,40,IBM
2025-12-03,9:38:37.200914894,T,302.02,160,303.06,40,IBM
2025-12-03,9:38:37.790483485,T,302.02,160,302.68,40,IBM
2025-12-03,9:38:42.343723346,T,302.02,160,303.06,40,IBM
2025-12-03,9:38:44.986028846,T,302.02,160,302.75,40,IBM
2025-12-03,9:38:45.981348396,T,302.02,160,303.06,40,IBM
2025-12-03,9:38:49.331654412,T,302.02,160,302.67,40,IBM
2025-12-03,9:38:55.519851695,T,302.02,160,302.62,40,IBM
2025-12-03,9:38:55.519856687,T,302.02,160,302.53,40,IBM
2025-12-03,9:38:55.531128197,T,302.02,160,302.53,80,IBM
2025-12-03,9:38:55.531133273,T,302.02,160,302.4,40,IBM
2025-12-03,9:38:55.533378558,T,301.67,40,302.4,40,IBM
2025-12-03,9:38:55.533383639,T,301.77,160,302.4,40,IBM
2025-12-03,9:38:55.586209364,T,301.77,200,302.4,40,IBM
2025-12-03,9:38:55.729450386,T,301.77,200,302.66,40,IBM
2025-12-03,9:38:55.803366305,T,301.88,40,302.66,40,IBM
2025-12-03,9:38:55.983104224,T,301.88,40,302.53,40,IBM
2025-12-03,9:38:56.529048955,T,301.88,40,302.4,40,IBM
2025-12-03,9:38:56.816563337,T,301.88,40,302.53,40,IBM
2025-12-03,9:38:56.989214422,T,301.88,40,302.4,40,IBM
2025-12-03,9:38:56.989249563,T,301.88,40,302.4,80,IBM
2025-12-03,9:38:56.989254478,T,301.88,40,302.22,40,IBM
2025-12-03,9:38:57.022268096,T,301.77,160,302.22,40,IBM
2025-12-03,9:38:57.089563325,T,301.77,160,302.4,40,IBM
2025-12-03,9:38:57.112026852,T,301.77,160,302.25,40,IBM
2025-12-03,9:39:01.060952860,T,301.96,40,302.25,40,IBM
2025-12-03,9:39:01.062686988,T,301.96,40,302.4,40,IBM
2025-12-03,9:39:01.070019466,T,301.96,40,302.4,80,IBM
2025-12-03,9:39:01.070049487,T,301.96,40,302.18,40,IBM
2025-12-03,9:39:01.070285108,T,301.77,160,302.18,40,IBM
2025-12-03,9:39:01.070305183,T,301.77,160,302.07,40,IBM
2025-12-03,9:39:01.070441053,T,301.57,40,302.07,40,IBM
2025-12-03,9:39:01.070441053,T,301.61,160,302.07,40,IBM
2025-12-03,9:39:01.076259374,T,301.61,160,302.18,40,IBM
2025-12-03,9:39:01.076840707,T,301.61,160,302.22,40,IBM
2025-12-03,9:39:01.076840707,T,301.61,160,302.1,40,IBM
2025-12-03,9:39:01.079091073,T,301.61,160,302.4,80,IBM
2025-12-03,9:39:01.085020177,T,301.61,160,302.4,40,IBM
2025-12-03,9:39:01.100441863,T,301.81,40,302.4,40,IBM
2025-12-03,9:39:01.449778533,T,301.81,40,302.32,40,IBM
2025-12-03,9:39:02.506784800,T,301.61,160,302.32,40,IBM
2025-12-03,9:39:03.479515533,T,301.61,160,302.4,80,IBM
2025-12-03,9:39:03.479545660,T,301.61,160,302.4,40,IBM
2025-12-03,9:39:04.788632092,T,301.61,160,302.05,40,IBM
2025-12-03,9:39:04.789373873,T,301.61,160,302.4,80,IBM
2025-12-03,9:39:04.789373873,T,301.61,160,301.93,40,IBM
2025-12-03,9:39:04.789554374,T,301.24,40,301.93,40,IBM
2025-12-03,9:39:04.789559334,T,301.37,160,301.93,40,IBM
2025-12-03,9:39:04.790341157,T,301.37,160,302.26,40,IBM
2025-12-03,9:39:04.790381264,T,301.49,80,302.26,40,IBM
2025-12-03,9:39:04.790802298,T,301.49,80,302.05,40,IBM
2025-12-03,9:39:04.799001879,T,301.37,160,302.05,40,IBM
2025-12-03,9:39:04.946142100,T,301.37,160,302.36,40,IBM
2025-12-03,9:39:05.014174224,T,301.37,160,302.22,40,IBM
2025-12-03,9:39:05.046987145,T,301.37,160,302.36,40,IBM
2025-12-03,9:39:05.990964454,T,301.37,160,302.26,40,IBM
2025-12-03,9:39:06.068754691,T,301.5,40,302.26,40,IBM
2025-12-03,9:39:07.326188093,T,301.51,40,302.26,40,IBM
2025-12-03,9:39:07.327325790,T,301.51,80,302.26,40,IBM
2025-12-03,9:39:07.328929631,T,301.51,120,302.26,40,IBM
2025-12-03,9:39:07.334848767,T,301.52,40,302.26,40,IBM
2025-12-03,9:39:09.168193436,T,301.61,40,302.26,40,IBM
2025-12-03,9:39:09.168248599,T,301.52,40,302.26,40,IBM
2025-12-03,9:39:09.168248599,T,301.68,40,302.26,40,IBM
2025-12-03,9:39:09.168294034,T,301.68,40,302.29,160,IBM
2025-12-03,9:39:09.176834061,T,301.6,40,302.29,160,IBM
2025-12-03,9:39:09.614666369,T,301.6,40,302.08,40,IBM
2025-12-03,9:39:11.233760840,T,301.61,40,302.08,40,IBM
2025-12-03,9:39:11.309987316,T,301.61,40,302.29,160,IBM
2025-12-03,9:39:11.546625588,T,301.6,40,302.29,160,IBM
2025-12-03,9:39:11.548700621,T,301.6,40,302.26,40,IBM
2025-12-03,9:39:11.549763099,T,301.6,40,302.29,160,IBM
2025-12-03,9:39:12.913730272,T,301.6,80,302.29,160,IBM
2025-12-03,9:39:13.648404310,T,301.6,40,302.29,160,IBM
2025-12-03,9:39:15.053960530,T,301.6,80,302.29,160,IBM
2025-12-03,9:39:18.923427703,T,301.61,40,302.29,160,IBM
2025-12-03,9:39:19.505638712,T,301.64,40,302.29,160,IBM
2025-12-03,9:39:19.505753944,T,301.78,40,302.29,160,IBM
2025-12-03,9:39:19.506545876,T,301.78,80,302.29,160,IBM
2025-12-03,9:39:19.518980405,T,301.78,80,302.36,40,IBM
2025-12-03,9:39:19.519005571,T,301.78,80,302.4,80,IBM
2025-12-03,9:39:19.798535953,T,301.78,80,302.32,40,IBM
2025-12-03,9:39:20.525476566,T,301.78,40,302.32,40,IBM
2025-12-03,9:39:21.056330427,T,301.78,40,302.4,40,IBM
2025-12-03,9:39:24.922910681,T,301.79,40,302.4,40,IBM
2025-12-03,9:39:26.471878207,T,301.79,40,302.28,80,IBM
2025-12-03,9:39:27.826397989,T,301.85,120,302.28,80,IBM
2025-12-03,9:39:27.836506996,T,301.85,160,302.28,80,IBM
2025-12-03,9:39:30.922052833,T,301.87,40,302.28,80,IBM
2025-12-03,9:39:30.922619170,T,301.87,80,302.28,80,IBM
2025-12-03,9:39:36.921295114,T,301.89,40,302.28,80,IBM
2025-12-03,9:39:40.391115605,T,301.89,40,302.09,40,IBM
2025-12-03,9:39:40.391125583,T,301.87,80,302.09,40,IBM
2025-12-03,9:39:40.391190925,T,301.87,80,302.09,80,IBM
2025-12-03,9:39:40.391326031,T,301.87,40,302.09,80,IBM
2025-12-03,9:39:40.391326031,T,301.85,160,302.09,80,IBM
2025-12-03,9:39:40.391531560,T,301.85,160,301.99,40,IBM
2025-12-03,9:39:40.391661817,T,301.85,120,301.99,40,IBM
2025-12-03,9:39:40.549447491,T,301.85,160,301.99,40,IBM
2025-12-03,9:39:41.289764921,T,301.85,120,301.99,40,IBM
2025-12-03,9:39:41.840190416,T,301.56,200,301.99,40,IBM
2025-12-03,9:39:41.840846973,T,301.4,160,301.99,40,IBM
2025-12-03,9:39:46.391816351,T,301.4,160,301.98,40,IBM
2025-12-03,9:39:55.053993292,T,301.48,40,301.98,40,IBM
2025-12-03,9:40:02.556138666,T,301.48,40,302.04,80,IBM
2025-12-03,9:40:02.556198727,T,301.48,80,302.04,80,IBM
2025-12-03,9:40:02.556223802,T,301.74,40,302.04,80,IBM
2025-12-03,9:40:02.556584649,T,301.74,40,302.31,160,IBM
2025-12-03,9:40:02.556609724,T,301.74,40,302.04,40,IBM
2025-12-03,9:40:02.556639753,T,301.75,40,302.04,40,IBM
2025-12-03,9:40:02.556645087,T,301.75,40,302.26,40,IBM
2025-12-03,9:40:02.556680247,T,301.74,40,302.26,40,IBM
2025-12-03,9:40:02.556684902,T,301.83,40,302.26,40,IBM
2025-12-03,9:40:02.556694893,T,301.83,40,302.31,160,IBM
2025-12-03,9:40:02.566823990,T,301.83,80,302.31,160,IBM
2025-12-03,9:40:02.566899218,T,301.84,40,302.31,160,IBM
2025-12-03,9:40:02.566934310,T,301.91,40,302.31,160,IBM
2025-12-03,9:40:02.566964677,T,301.92,40,302.31,160,IBM
2025-12-03,9:40:02.572738125,T,301.92,40,302.53,40,IBM
2025-12-03,9:40:02.578867662,T,301.92,80,302.53,40,IBM
2025-12-03,9:40:02.601596791,T,301.92,80,302.6,200,IBM
2025-12-03,9:40:02.617168895,T,301.92,40,302.6,200,IBM
2025-12-03,9:40:02.666972464,T,301.91,40,302.6,200,IBM
2025-12-03,9:40:02.727005435,T,301.93,80,302.6,200,IBM
2025-12-03,9:40:02.727426473,T,301.93,120,302.6,200,IBM
2025-12-03,9:40:02.826843100,T,301.93,80,302.6,200,IBM
2025-12-03,9:40:02.827529794,T,301.93,120,302.6,200,IBM
2025-12-03,9:40:02.843086784,T,301.93,120,302.59,80,IBM
2025-12-03,9:40:03.390018788,T,301.93,80,302.59,80,IBM
2025-12-03,9:40:03.390264398,T,302.03,40,302.59,80,IBM
2025-12-03,9:40:03.568869668,T,302.03,80,302.59,80,IBM
2025-12-03,9:40:03.569290632,T,302.03,120,302.59,80,IBM
2025-12-03,9:40:04.000948269,T,302.03,120,302.4,40,IBM
2025-12-03,9:40:04.005749713,T,302.03,80,302.4,40,IBM
2025-12-03,9:40:04.035430329,T,302.03,80,302.59,80,IBM
2025-12-03,9:40:04.070228233,T,302.03,80,302.4,40,IBM
2025-12-03,9:40:04.356369381,T,302.03,80,302.59,80,IBM
2025-12-03,9:40:04.456658075,T,302.03,40,302.59,80,IBM
2025-12-03,9:40:04.788979350,T,302.03,40,302.39,40,IBM
2025-12-03,9:40:04.789039439,T,302.03,40,302.59,80,IBM
2025-12-03,9:40:04.789039439,T,302.03,40,302.53,40,IBM
2025-12-03,9:40:04.789580737,T,301.65,40,302.53,40,IBM
2025-12-03,9:40:04.789600987,T,301.65,40,302.24,40,IBM
2025-12-03,9:40:04.789620798,T,301.65,40,302.23,40,IBM
2025-12-03,9:40:04.789811331,T,301.59,240,302.23,40,IBM
2025-12-03,9:40:04.889844420,T,301.59,240,302.24,40,IBM
2025-12-03,9:40:06.551119194,T,301.59,200,302.24,40,IBM
2025-12-03,9:40:06.551490071,T,301.77,40,302.24,40,IBM
2025-12-03,9:40:06.858069934,T,301.85,40,302.24,40,IBM
2025-12-03,9:40:08.262528546,T,301.85,40,302.23,40,IBM
2025-12-03,9:40:10.069164923,T,301.85,40,302.34,40,IBM
2025-12-03,9:40:10.234257887,T,301.85,40,302.4,40,IBM
2025-12-03,9:40:13.741838037,T,301.85,40,302.53,40,IBM
2025-12-03,9:40:14.084528862,T,301.85,40,302.23,40,IBM
2025-12-03,9:40:15.712008264,T,301.85,40,302.53,40,IBM
2025-12-03,9:40:17.609510681,T,301.85,40,302.46,40,IBM
2025-12-03,9:40:17.685366344,T,301.85,40,302.53,40,IBM
2025-12-03,9:40:17.825504970,T,301.59,240,302.53,40,IBM
2025-12-03,9:40:17.825529964,T,301.59,200,302.53,40,IBM
2025-12-03,9:40:17.825555298,T,301.59,200,302.46,40,IBM
2025-12-03,9:40:17.825555298,T,301.59,200,302.4,40,IBM
2025-12-03,9:40:17.825560087,T,301.59,200,302.17,40,IBM
2025-12-03,9:40:17.825570417,T,301.59,200,302.16,40,IBM
2025-12-03,9:40:17.825715382,T,301.59,200,302.04,40,IBM
2025-12-03,9:40:17.825770762,T,301.59,200,302.01,40,IBM
2025-12-03,9:40:17.826602587,T,301.59,200,302.04,40,IBM
2025-12-03,9:40:17.831594488,T,301.55,40,302.04,40,IBM
2025-12-03,9:40:17.831619467,T,301.45,40,302.04,40,IBM
2025-12-03,9:40:17.859089883,T,301.45,40,302.01,40,IBM
2025-12-03,9:40:17.859150084,T,301.39,200,302.01,40,IBM
2025-12-03,9:40:17.860222550,T,301.45,40,302.01,40,IBM
2025-12-03,9:40:17.860247621,T,301.39,200,302.01,40,IBM
2025-12-03,9:40:17.920185378,T,301.39,200,302.23,40,IBM
2025-12-03,9:40:17.925738539,T,301.39,200,302.28,40,IBM
2025-12-03,9:40:18.079614835,T,301.39,200,302.02,40,IBM
2025-12-03,9:40:18.135718426,T,301.39,200,301.84,40,IBM
2025-12-03,9:40:18.135743707,T,301.39,160,301.84,40,IBM
2025-12-03,9:40:18.139953503,T,301.39,160,302.02,40,IBM
2025-12-03,9:40:21.341074460,T,301.39,160,302.01,40,IBM
2025-12-03,9:40:21.341094734,T,301.39,160,302.02,40,IBM
2025-12-03,9:40:21.341094734,T,301.39,160,302.01,40,IBM
2025-12-03,9:40:21.341279979,T,301.39,160,302.01,80,IBM
2025-12-03,9:40:21.341425275,T,301.35,40,302.01,80,IBM
2025-12-03,9:40:21.341450429,T,301.24,40,302.01,80,IBM
2025-12-03,9:40:21.341510525,T,301.24,40,301.78,40,IBM
2025-12-03,9:40:21.341525546,T,301.24,40,301.77,40,IBM
2025-12-03,9:40:21.341570667,T,301.16,200,301.77,40,IBM
2025-12-03,9:40:21.441889496,T,301.16,200,301.78,40,IBM
2025-12-03,9:40:22.289793098,T,301.16,200,301.76,40,IBM
2025-12-03,9:40:22.290840540,T,301.16,200,301.63,40,IBM
2025-12-03,9:40:22.291071125,T,301.16,160,301.63,40,IBM
2025-12-03,9:40:22.294098344,T,301.16,160,301.66,40,IBM
2025-12-03,9:40:22.294128368,T,301.16,160,301.92,40,IBM
2025-12-03,9:40:22.294148440,T,301.16,160,302.02,40,IBM
2025-12-03,9:40:22.300714037,T,301.16,240,302.02,40,IBM
2025-12-03,9:40:22.301455805,T,301.16,80,302.02,40,IBM
2025-12-03,9:40:22.304723755,T,301.16,80,301.92,40,IBM
2025-12-03,9:40:22.426398296,T,301.16,80,301.72,40,IBM
2025-12-03,9:40:22.426929621,T,301.16,80,301.72,80,IBM
2025-12-03,9:40:22.483464140,T,301.16,80,301.72,40,IBM
2025-12-03,9:40:23.653670102,T,301.16,80,302.02,40,IBM
2025-12-03,9:40:25.180109212,T,301.36,120,302.02,40,IBM
2025-12-03,9:40:25.180911062,T,301.36,120,302.01,40,IBM
2025-12-03,9:40:25.181121527,T,301.36,120,302.01,80,IBM
2025-12-03,9:40:25.265106496,T,301.19,160,302.01,80,IBM
2025-12-03,9:40:25.629734685,T,301.19,160,302.01,40,IBM
2025-12-03,9:40:25.629799878,T,301.19,160,302.01,80,IBM
2025-12-03,9:40:25.629975191,T,301.37,120,302.01,80,IBM
2025-12-03,9:40:25.630361190,T,301.37,120,302.01,40,IBM
2025-12-03,9:40:25.880090992,T,301.19,160,302.01,40,IBM
2025-12-03,9:40:25.883458977,T,301.19,160,302.02,40,IBM
2025-12-03,9:40:25.999394694,T,301.19,160,302.01,40,IBM
2025-12-03,9:40:26.162518103,T,301.38,120,302.01,40,IBM
2025-12-03,9:40:26.162543171,T,301.38,120,302.02,40,IBM
2025-12-03,9:40:26.164187000,T,301.38,120,302.01,40,IBM
2025-12-03,9:40:26.215393964,T,301.19,160,302.01,40,IBM
2025-12-03,9:40:26.291595381,T,301.19,160,302.02,40,IBM
2025-12-03,9:40:27.349504005,T,301.19,160,302.01,40,IBM
2025-12-03,9:40:27.945036774,T,301.19,160,302.02,40,IBM
2025-12-03,9:40:27.945267248,T,301.19,160,302.01,40,IBM
2025-12-03,9:40:28.078489372,T,301.19,160,302.21,160,IBM
2025-12-03,9:40:28.078499461,T,301.19,160,302.1,40,IBM
2025-12-03,9:40:28.078559584,T,301.19,160,302.01,40,IBM
2025-12-03,9:40:28.084969870,T,301.19,160,301.9,40,IBM
2025-12-03,9:40:28.084994939,T,301.19,160,302.1,40,IBM
2025-12-03,9:40:28.084999860,T,301.19,160,301.9,40,IBM
2025-12-03,9:40:28.085105207,T,301.19,160,301.65,40,IBM
2025-12-03,9:40:28.085210433,T,301.02,40,301.65,40,IBM
2025-12-03,9:40:28.085370761,T,300.99,160,301.65,40,IBM
2025-12-03,9:40:28.085967210,T,300.99,160,301.65,80,IBM
2025-12-03,9:40:28.093740708,T,300.99,160,301.65,40,IBM
2025-12-03,9:40:28.098196270,T,300.99,160,301.65,80,IBM
2025-12-03,9:40:29.621963900,T,300.99,160,301.64,40,IBM
2025-12-03,9:40:29.622229525,T,300.99,160,301.64,80,IBM
2025-12-03,9:40:29.622490146,T,300.99,160,301.64,120,IBM
2025-12-03,9:40:29.746826184,T,300.99,160,301.64,80,IBM
2025-12-03,9:40:30.008043065,T,301.15,120,301.64,80,IBM
2025-12-03,9:40:30.084805845,T,300.99,160,301.64,80,IBM
2025-12-03,9:40:30.085161664,T,300.99,160,301.63,40,IBM
2025-12-03,9:40:30.085186745,T,300.99,160,301.64,80,IBM
2025-12-03,9:40:30.085186745,T,300.99,160,301.54,40,IBM
2025-12-03,9:40:30.085236842,T,300.99,160,301.64,40,IBM
2025-12-03,9:40:30.085236842,T,300.99,160,301.4,40,IBM
2025-12-03,9:40:30.088780328,T,300.8,40,301.4,40,IBM
2025-12-03,9:40:30.089426769,T,300.8,40,301.65,40,IBM
2025-12-03,9:40:30.089451935,T,300.8,40,301.9,40,IBM
2025-12-03,9:40:30.089772602,T,301.01,80,301.9,40,IBM
2025-12-03,9:40:30.089802719,T,301.01,80,301.9,80,IBM
2025-12-03,9:40:30.089822749,T,301.01,80,301.65,40,IBM
2025-12-03,9:40:30.090033218,T,301.01,80,301.65,80,IBM
2025-12-03,9:40:30.098012257,T,300.8,40,301.65,80,IBM
2025-12-03,9:40:30.179626499,T,300.8,40,301.65,40,IBM
2025-12-03,9:40:30.180137715,T,300.8,40,301.9,40,IBM
2025-12-03,9:40:30.339532250,T,301.02,120,301.9,40,IBM
2025-12-03,9:40:30.395976576,T,300.8,40,301.9,40,IBM
2025-12-03,9:40:30.639757032,T,301.02,120,301.9,40,IBM
2025-12-03,9:40:30.982588154,T,300.8,40,301.9,40,IBM
2025-12-03,9:40:31.166049893,T,300.8,40,301.89,40,IBM
2025-12-03,9:40:31.167122512,T,300.8,40,301.9,40,IBM
2025-12-03,9:40:31.322276779,T,301.02,120,301.9,40,IBM
2025-12-03,9:40:31.406186556,T,300.8,40,301.9,40,IBM
2025-12-03,9:40:32.615981940,T,300.8,40,301.9,80,IBM
2025-12-03,9:40:32.615981940,T,301.02,80,301.9,80,IBM
2025-12-03,9:40:32.624166218,T,300.8,40,301.9,80,IBM
2025-12-03,9:40:32.639763364,T,300.8,40,301.9,40,IBM
2025-12-03,9:40:32.639888625,T,301.02,120,301.9,40,IBM
2025-12-03,9:40:32.701244706,T,300.8,40,301.9,40,IBM
2025-12-03,9:40:37.916505567,T,300.91,40,301.9,40,IBM
2025-12-03,9:40:37.947268758,T,301.0,40,301.9,40,IBM
2025-12-03,9:40:37.947303898,T,301.14,40,301.9,40,IBM
2025-12-03,9:40:38.373954547,T,301.14,40,301.9,80,IBM
2025-12-03,9:40:38.374165123,T,301.14,40,301.9,120,IBM
2025-12-03,9:40:38.374480885,T,301.14,80,301.9,120,IBM
2025-12-03,9:40:38.433381053,T,301.14,80,301.9,80,IBM
2025-12-03,9:40:38.433391108,T,301.14,80,301.9,40,IBM
2025-12-03,9:40:38.433391108,T,301.14,40,301.9,40,IBM
2025-12-03,9:40:40.039449651,T,300.91,40,301.9,40,IBM
2025-12-03,9:40:40.040532202,T,300.8,40,301.9,40,IBM
2025-12-03,9:40:47.427463104,T,300.91,40,301.9,40,IBM
2025-12-03,9:40:47.431487684,T,301.0,40,301.9,40,IBM
2025-12-03,9:40:47.432339730,T,300.91,40,301.9,40,IBM
2025-12-03,9:40:47.456792910,T,300.8,40,301.9,40,IBM
2025-12-03,9:40:47.464060286,T,300.91,40,301.9,40,IBM
2025-12-03,9:40:48.666397763,T,300.91,40,301.65,40,IBM
2025-12-03,9:40:48.666608309,T,300.91,40,301.65,80,IBM
2025-12-03,9:40:51.829202215,T,300.91,40,301.65,40,IBM
2025-12-03,9:40:58.688943079,T,300.91,40,301.62,40,IBM
2025-12-03,9:40:58.689153585,T,300.91,40,301.62,80,IBM
2025-12-03,9:40:58.856196175,T,300.91,40,301.62,120,IBM
2025-12-03,9:41:00.054293582,T,301.14,120,301.62,120,IBM
2025-12-03,9:41:00.105926418,T,300.91,40,301.62,120,IBM
2025-12-03,9:41:00.198592092,T,300.91,40,301.62,80,IBM
2025-12-03,9:41:00.198602084,T,300.91,40,301.62,40,IBM
2025-12-03,9:41:00.200872520,T,300.8,40,301.62,40,IBM
2025-12-03,9:41:00.534396568,T,301.15,120,301.62,40,IBM
2025-12-03,9:41:00.652181987,T,300.8,40,301.62,40,IBM
2025-12-03,9:41:07.014127708,T,300.8,40,301.9,40,IBM
2025-12-03,9:41:13.151724107,T,301.0,40,301.9,40,IBM
2025-12-03,9:41:13.211270827,T,301.0,40,301.92,40,IBM
2025-12-03,9:41:13.296423593,T,300.8,40,301.92,40,IBM
2025-12-03,9:41:14.992706957,T,301.0,40,301.92,40,IBM
2025-12-03,9:41:15.295262143,T,300.8,40,301.92,40,IBM
2025-12-03,9:41:15.508700308,T,301.03,120,301.92,40,IBM
2025-12-03,9:41:15.509126274,T,301.03,160,301.92,40,IBM
2025-12-03,9:41:15.596489344,T,301.03,120,301.92,40,IBM
2025-12-03,9:41:20.001075081,T,301.03,120,301.99,160,IBM
2025-12-03,9:41:20.251741813,T,301.09,40,301.99,160,IBM
2025-12-03,9:41:20.252668975,T,301.03,160,301.99,160,IBM
2025-12-03,9:41:20.253265456,T,301.09,40,301.99,160,IBM
2025-12-03,9:41:20.276059661,T,301.03,120,301.99,160,IBM
2025-12-03,9:41:21.973145032,T,301.03,120,301.89,40,IBM
2025-12-03,9:41:25.883674723,T,301.09,40,301.89,40,IBM
2025-12-03,9:41:25.883704819,T,301.19,40,301.89,40,IBM
2025-12-03,9:41:27.586242936,T,301.09,40,301.89,40,IBM
2025-12-03,9:41:27.978867632,T,301.09,40,301.97,40,IBM
2025-12-03,9:41:27.978902756,T,301.09,40,301.99,160,IBM
2025-12-03,9:41:28.697633642,T,301.32,120,301.99,160,IBM
2025-12-03,9:41:28.771805231,T,301.09,40,301.99,160,IBM
2025-12-03,9:41:43.327713103,T,301.03,160,301.99,160,IBM
2025-12-03,9:41:44.233058334,T,301.19,40,301.99,160,IBM
2025-12-03,9:41:44.233369128,T,301.33,40,301.99,160,IBM
2025-12-03,9:41:44.233384074,T,301.34,40,301.99,160,IBM
2025-12-03,9:41:44.233404435,T,301.09,40,301.99,160,IBM
2025-12-03,9:41:44.233409203,T,301.46,40,301.99,160,IBM
2025-12-03,9:41:44.233785123,T,301.46,40,302.01,40,IBM
2025-12-03,9:41:44.234125895,T,301.46,40,301.83,40,IBM
2025-12-03,9:41:44.237714464,T,301.27,40,301.83,40,IBM
2025-12-03,9:41:44.238180573,T,301.13,160,301.83,40,IBM
2025-12-03,9:41:46.863315191,T,301.13,160,301.81,80,IBM
2025-12-03,9:41:47.260220136,T,301.13,160,301.69,40,IBM
2025-12-03,9:41:47.262295042,T,301.19,40,301.69,40,IBM
2025-12-03,9:41:47.262305055,T,301.19,40,301.81,80,IBM
2025-12-03,9:41:50.995713006,T,301.32,40,301.81,80,IBM
2025-12-03,9:41:51.261786341,T,301.33,40,301.81,80,IBM
2025-12-03,9:41:51.261836506,T,301.34,40,301.81,80,IBM
2025-12-03,9:41:51.328901190,T,301.27,40,301.81,80,IBM
2025-12-03,9:41:51.328926162,T,301.19,40,301.81,80,IBM
2025-12-03,9:41:51.411126923,T,301.27,40,301.81,80,IBM
2025-12-03,9:41:53.158597065,T,301.33,40,301.81,80,IBM
2025-12-03,9:41:53.158627189,T,301.34,40,301.81,80,IBM
2025-12-03,9:41:53.172414989,T,301.33,40,301.81,80,IBM
2025-12-03,9:41:54.662737933,T,301.27,40,301.81,80,IBM
2025-12-03,9:41:54.662763096,T,301.19,40,301.81,80,IBM
2025-12-03,9:41:55.183237160,T,301.34,40,301.81,80,IBM
2025-12-03,9:42:00.350924681,T,301.34,80,301.81,80,IBM
2025-12-03,9:42:00.682203326,T,301.34,40,301.81,80,IBM
2025-12-03,9:42:01.480809699,T,301.5,40,301.81,80,IBM
2025-12-03,9:42:01.481481200,T,301.42,80,301.81,80,IBM
2025-12-03,9:42:01.481491181,T,301.42,40,301.81,80,IBM
2025-12-03,9:42:01.481666604,T,301.53,40,301.81,80,IBM
2025-12-03,9:42:01.482403326,T,301.58,40,301.81,80,IBM
2025-12-03,9:42:01.482433423,T,301.42,40,301.81,80,IBM
2025-12-03,9:42:01.482453417,T,301.27,40,301.81,80,IBM
2025-12-03,9:42:01.781365037,T,301.34,80,301.81,80,IBM
2025-12-03,9:42:01.789744992,T,301.34,40,301.81,80,IBM
2025-12-03,9:42:02.078291895,T,301.45,40,301.81,80,IBM
2025-12-03,9:42:02.280017135,T,301.45,80,301.81,80,IBM
2025-12-03,9:42:03.076834423,T,301.45,40,301.81,80,IBM
2025-12-03,9:42:03.077876932,T,301.19,40,301.81,80,IBM
2025-12-03,9:42:03.218276143,T,301.19,40,301.81,120,IBM
2025-12-03,9:42:03.218291121,T,301.27,40,301.81,120,IBM
2025-12-03,9:42:03.218336261,T,301.33,40,301.81,120,IBM
2025-12-03,9:42:03.318419509,T,301.33,40,301.81,80,IBM
2025-12-03,9:42:03.318840482,T,301.33,80,301.81,80,IBM
2025-12-03,9:42:03.318895694,T,301.33,40,301.81,80,IBM
2025-12-03,9:42:03.319532141,T,301.33,80,301.81,80,IBM
2025-12-03,9:42:03.574198385,T,301.33,40,301.81,80,IBM
2025-12-03,9:42:03.586968823,T,301.32,40,301.81,80,IBM
2025-12-03,9:42:07.711011814,T,301.32,40,301.81,120,IBM
2025-12-03,9:42:07.711733448,T,301.19,40,301.81,120,IBM
2025-12-03,9:42:07.797111748,T,301.19,40,301.81,80,IBM
2025-12-03,9:42:07.862938465,T,301.19,40,301.81,120,IBM
2025-12-03,9:42:07.878279970,T,301.19,40,301.81,80,IBM
2025-12-03,9:42:07.880259702,T,301.32,40,301.81,80,IBM
2025-12-03,9:42:07.880680736,T,301.32,80,301.81,80,IBM
2025-12-03,9:42:12.058917775,T,301.33,40,301.81,80,IBM
2025-12-03,9:42:12.363071789,T,301.32,80,301.81,80,IBM
2025-12-03,9:42:12.363147033,T,301.36,40,301.81,80,IBM
2025-12-03,9:42:12.363152107,T,301.37,40,301.81,80,IBM
2025-12-03,9:42:12.363322398,T,301.37,80,301.81,80,IBM
2025-12-03,9:42:12.363628142,T,301.52,40,301.81,80,IBM
2025-12-03,9:42:12.364425027,T,301.52,80,301.81,80,IBM
2025-12-03,9:42:12.368224050,T,301.52,40,301.81,80,IBM
2025-12-03,9:42:14.183781238,T,301.52,80,301.81,80,IBM
2025-12-03,9:42:16.050450063,T,301.52,80,301.81,40,IBM
2025-12-03,9:42:16.050470225,T,301.52,80,302.1,40,IBM
2025-12-03,9:42:16.050505394,T,301.53,40,302.1,40,IBM
2025-12-03,9:42:16.050505394,T,301.54,40,302.1,40,IBM
2025-12-03,9:42:16.050811035,T,301.54,40,302.16,200,IBM
2025-12-03,9:42:16.051236971,T,301.54,40,302.1,40,IBM
2025-12-03,9:42:16.051287072,T,301.6,40,302.1,40,IBM
2025-12-03,9:42:16.051302149,T,301.6,40,302.16,200,IBM
2025-12-03,9:42:16.315280574,T,301.6,40,302.16,160,IBM
2025-12-03,9:42:16.559963094,T,301.6,80,302.16,160,IBM
2025-12-03,9:42:17.261127445,T,301.6,40,302.16,160,IBM
2025-12-03,9:42:18.220310812,T,301.6,40,301.95,40,IBM
2025-12-03,9:42:18.771167343,T,301.6,40,302.16,160,IBM
2025-12-03,9:42:20.508287931,T,301.62,40,302.16,160,IBM
2025-12-03,9:42:20.508363165,T,301.6,40,302.16,160,IBM
2025-12-03,9:42:20.508363165,T,301.62,40,302.16,160,IBM
2025-12-03,9:42:20.508388215,T,301.6,80,302.16,160,IBM
2025-12-03,9:42:20.509260263,T,301.73,40,302.16,160,IBM
2025-12-03,9:42:20.510052197,T,301.73,80,302.16,160,IBM
2025-12-03,9:42:20.512312550,T,301.73,80,302.23,40,IBM
2025-12-03,9:42:20.512337577,T,301.73,80,302.28,40,IBM
2025-12-03,9:42:20.513279882,T,301.73,80,301.96,120,IBM
2025-12-03,9:42:20.513304951,T,301.73,80,301.96,40,IBM
2025-12-03,9:42:20.513325038,T,301.73,80,302.23,40,IBM
2025-12-03,9:42:20.513330011,T,301.73,80,302.33,200,IBM
2025-12-03,9:42:20.513365110,T,301.78,40,302.33,200,IBM
2025-12-03,9:42:20.513715927,T,301.78,40,302.33,160,IBM
2025-12-03,9:42:20.513916340,T,301.78,40,302.28,40,IBM
2025-12-03,9:42:20.513931439,T,301.73,80,302.28,40,IBM
2025-12-03,9:42:20.513941456,T,301.73,80,302.33,200,IBM
2025-12-03,9:42:20.513951409,T,301.73,80,302.25,40,IBM
2025-12-03,9:42:20.513996640,T,301.73,80,302.25,80,IBM
2025-12-03,9:42:20.514036632,T,301.73,80,302.25,160,IBM
2025-12-03,9:42:20.514106822,T,301.73,80,302.25,80,IBM
2025-12-03,9:42:20.539462193,T,301.73,80,302.25,160,IBM
2025-12-03,9:42:20.557906097,T,301.73,80,302.25,200,IBM
2025-12-03,9:42:20.653939787,T,301.73,80,302.25,160,IBM
2025-12-03,9:42:20.654751693,T,301.73,80,302.25,120,IBM
2025-12-03,9:42:20.878920345,T,301.73,80,302.24,80,IBM
2025-12-03,9:42:20.878925342,T,301.73,80,302.24,120,IBM
2025-12-03,9:42:22.768137822,T,301.73,80,302.24,160,IBM
2025-12-03,9:42:22.822126278,T,301.73,40,302.24,160,IBM
2025-12-03,9:42:22.934027727,T,301.73,80,302.24,160,IBM
2025-12-03,9:42:23.514609765,T,301.73,40,302.24,160,IBM
2025-12-03,9:42:23.514634873,T,301.63,40,302.24,160,IBM
2025-12-03,9:42:26.942771042,T,301.73,40,302.24,160,IBM
2025-12-03,9:42:27.988139821,T,301.73,40,302.24,120,IBM
2025-12-03,9:42:30.585748846,T,301.57,40,302.24,120,IBM
2025-12-03,9:42:31.004856565,T,301.63,40,302.24,120,IBM
2025-12-03,9:42:31.985125243,T,301.63,40,302.24,160,IBM
2025-12-03,9:42:32.590952484,T,301.6,40,302.24,160,IBM
2025-12-03,9:42:40.706633460,T,301.73,40,302.24,160,IBM
2025-12-03,9:42:40.712682800,T,301.73,40,302.24,120,IBM
2025-12-03,9:42:41.252738578,T,301.73,40,302.24,160,IBM
2025-12-03,9:42:46.426084600,T,301.73,40,302.24,200,IBM
2025-12-03,9:42:47.261057282,T,301.73,40,302.24,160,IBM
2025-12-03,9:42:47.305528274,T,301.73,40,302.24,120,IBM
2025-12-03,9:42:47.305528274,T,301.73,40,302.24,40,IBM
2025-12-03,9:42:48.555343682,T,301.73,40,302.23,40,IBM
2025-12-03,9:42:48.555343682,T,301.73,40,302.23,120,IBM
2025-12-03,9:42:48.555353625,T,301.73,40,302.23,160,IBM
2025-12-03,9:42:48.694815659,T,301.73,40,302.23,200,IBM
2025-12-03,9:42:48.720100846,T,301.57,40,302.23,200,IBM
2025-12-03,9:42:48.736770557,T,301.57,40,302.23,240,IBM
2025-12-03,9:42:48.922838557,T,301.57,40,302.23,200,IBM
2025-12-03,9:42:51.202435388,T,301.57,40,302.23,280,IBM
2025-12-03,9:42:51.258208128,T,301.57,40,302.23,320,IBM
2025-12-03,9:42:58.097390271,T,301.57,40,302.23,240,IBM
2025-12-03,9:42:58.098086852,T,301.57,40,302.22,40,IBM
2025-12-03,9:42:58.098793504,T,301.57,40,302.22,80,IBM
2025-12-03,9:42:58.098808603,T,301.57,40,302.22,120,IBM
2025-12-03,9:42:58.098808603,T,301.57,40,302.22,200,IBM
2025-12-03,9:42:58.231910475,T,301.57,40,302.22,240,IBM
2025-12-03,9:42:59.476934529,T,301.57,40,302.22,160,IBM
2025-12-03,9:42:59.476969629,T,301.57,40,302.22,200,IBM
2025-12-03,9:42:59.477601094,T,301.57,40,302.21,40,IBM
2025-12-03,9:42:59.478337810,T,301.57,40,302.21,80,IBM
2025-12-03,9:42:59.478352840,T,301.57,40,302.21,120,IBM
2025-12-03,9:42:59.478352840,T,301.57,40,302.21,200,IBM
2025-12-03,9:42:59.567309565,T,301.57,40,302.21,240,IBM
2025-12-03,9:42:59.567865906,T,301.73,40,302.21,240,IBM
2025-12-03,9:42:59.576280984,T,301.73,40,302.21,200,IBM
2025-12-03,9:42:59.576280984,T,301.73,40,302.21,120,IBM
2025-12-03,9:42:59.582946771,T,301.81,40,302.21,120,IBM
2025-12-03,9:42:59.583733707,T,301.81,80,302.21,120,IBM
2025-12-03,9:43:00.079844719,T,301.81,40,302.21,120,IBM
2025-12-03,9:43:00.082571171,T,301.57,80,302.21,120,IBM
2025-12-03,9:43:01.175337665,T,301.57,80,302.21,80,IBM
2025-12-03,9:43:01.299087173,T,301.57,40,302.21,80,IBM
2025-12-03,9:43:01.997665254,T,301.57,40,302.21,120,IBM
2025-12-03,9:43:01.997730441,T,301.57,40,302.21,160,IBM
2025-12-03,9:43:01.997730441,T,301.57,40,302.21,240,IBM
2025-12-03,9:43:01.998146432,T,301.57,80,302.21,240,IBM
2025-12-03,9:43:05.842849162,T,301.57,80,302.21,200,IBM
2025-12-03,9:43:07.350693954,T,301.57,80,302.2,40,IBM
2025-12-03,9:43:07.350693954,T,301.57,80,302.2,120,IBM
2025-12-03,9:43:07.752600809,T,301.57,80,302.2,160,IBM
2025-12-03,9:43:10.060795770,T,301.57,80,302.2,200,IBM
2025-12-03,9:43:12.184526827,T,301.63,40,302.2,200,IBM
2025-12-03,9:43:13.268702879,T,301.63,40,302.2,120,IBM
2025-12-03,9:43:13.269414545,T,301.63,40,302.19,40,IBM
2025-12-03,9:43:13.273218655,T,301.57,80,302.19,40,IBM
2025-12-03,9:43:14.648242036,T,301.57,80,302.2,120,IBM
2025-12-03,9:43:14.648933720,T,301.57,80,302.19,40,IBM
2025-12-03,9:43:16.027781156,T,301.57,80,302.2,120,IBM
2025-12-03,9:43:16.028477856,T,301.57,80,302.19,40,IBM
2025-12-03,9:43:17.221934027,T,301.57,80,302.18,40,IBM
2025-12-03,9:43:17.221934027,T,301.57,80,302.18,120,IBM
2025-12-03,9:43:17.408022108,T,301.57,80,302.17,40,IBM
2025-12-03,9:43:18.786899770,T,301.57,80,302.18,120,IBM
2025-12-03,9:43:18.787586367,T,301.57,80,302.17,40,IBM
2025-12-03,9:43:19.118388954,T,301.57,80,302.17,80,IBM
2025-12-03,9:43:19.118388954,T,301.57,80,302.17,160,IBM
2025-12-03,9:43:19.291646474,T,301.57,80,302.17,200,IBM
2025-12-03,9:43:19.464342609,T,301.57,80,302.17,160,IBM
2025-12-03,9:43:20.166434048,T,301.57,80,302.17,120,IBM
2025-12-03,9:43:20.167125614,T,301.57,80,302.16,40,IBM
2025-12-03,9:43:20.625742402,T,301.57,80,302.16,80,IBM
2025-12-03,9:43:20.625742402,T,301.57,80,302.16,160,IBM
2025-12-03,9:43:21.545983329,T,301.57,80,302.16,120,IBM
2025-12-03,9:43:21.546659922,T,301.57,80,302.15,40,IBM
2025-12-03,9:43:21.617313037,T,301.57,80,302.15,80,IBM
2025-12-03,9:43:21.617318111,T,301.57,80,302.15,160,IBM
2025-12-03,9:43:22.925522395,T,301.57,80,302.15,120,IBM
2025-12-03,9:43:22.926239171,T,301.57,80,302.14,40,IBM
2025-12-03,9:43:23.247659354,T,301.57,80,302.14,80,IBM
2025-12-03,9:43:23.461643836,T,301.57,80,302.14,120,IBM
2025-12-03,9:43:24.305066807,T,301.57,80,302.14,80,IBM
2025-12-03,9:43:24.305768465,T,301.57,80,302.13,40,IBM
2025-12-03,9:43:24.486067714,T,301.57,80,302.13,80,IBM
2025-12-03,9:43:24.486067714,T,301.57,80,302.13,160,IBM
2025-12-03,9:43:25.684611058,T,301.57,80,302.13,120,IBM
2025-12-03,9:43:25.685282631,T,301.57,80,302.12,40,IBM
2025-12-03,9:43:25.752888877,T,301.57,80,302.12,120,IBM
2025-12-03,9:43:25.752893621,T,301.57,80,302.12,160,IBM
2025-12-03,9:43:27.064140336,T,301.57,80,302.12,120,IBM
2025-12-03,9:43:27.064806969,T,301.57,80,302.11,40,IBM
2025-12-03,9:43:27.639319610,T,301.57,80,302.11,80,IBM
2025-12-03,9:43:27.639319610,T,301.57,80,302.11,160,IBM
2025-12-03,9:43:28.443674356,T,301.57,80,302.11,120,IBM
2025-12-03,9:43:28.444376037,T,301.57,80,302.1,40,IBM
2025-12-03,9:43:29.134258300,T,301.57,80,302.09,40,IBM
2025-12-03,9:43:29.134263237,T,301.57,80,302.09,120,IBM
2025-12-03,9:43:29.823889956,T,301.57,80,302.08,40,IBM
2025-12-03,9:43:31.202767643,T,301.57,80,302.09,120,IBM
2025-12-03,9:43:31.203454218,T,301.57,80,302.08,40,IBM
2025-12-03,9:43:32.582311899,T,301.57,80,302.09,120,IBM
2025-12-03,9:43:32.582993540,T,301.57,80,302.08,40,IBM
2025-12-03,9:43:33.296096116,T,301.71,40,302.08,40,IBM
2025-12-03,9:43:33.303538758,T,301.71,40,302.09,120,IBM
2025-12-03,9:43:33.303568939,T,301.71,40,302.09,80,IBM
2025-12-03,9:43:33.303568939,T,301.71,40,302.46,40,IBM
2025-12-03,9:43:33.303588892,T,301.94,40,302.46,40,IBM
2025-12-03,9:43:33.303588892,T,302.08,80,302.46,40,IBM
2025-12-03,9:43:33.303624039,T,301.94,40,302.46,40,IBM
2025-12-03,9:43:33.303644066,T,301.81,40,302.46,40,IBM
2025-12-03,9:43:33.303649139,T,301.81,40,302.37,40,IBM
2025-12-03,9:43:33.303654106,T,301.82,40,302.37,40,IBM
2025-12-03,9:43:33.303989917,T,301.98,40,302.37,40,IBM
2025-12-03,9:43:33.304280586,T,301.98,40,302.31,40,IBM
2025-12-03,9:43:33.304295580,T,301.98,40,302.09,40,IBM
2025-12-03,9:43:33.304315646,T,301.82,40,302.09,40,IBM
2025-12-03,9:43:33.329435525,T,301.85,40,302.09,40,IBM
2025-12-03,9:43:33.348526118,T,301.85,80,302.09,40,IBM
2025-12-03,9:43:33.673003365,T,301.85,80,302.25,120,IBM
2025-12-03,9:43:33.673028398,T,301.97,40,302.25,120,IBM
2025-12-03,9:43:33.673579695,T,301.97,40,302.28,120,IBM
2025-12-03,9:43:33.673685018,T,301.97,40,302.19,40,IBM
2025-12-03,9:43:33.673700323,T,301.85,80,302.19,40,IBM
2025-12-03,9:43:33.673835354,T,301.85,40,302.19,40,IBM
2025-12-03,9:43:33.674000724,T,301.97,40,302.19,40,IBM
2025-12-03,9:43:33.708232256,T,301.85,40,302.19,40,IBM
2025-12-03,9:43:33.799058516,T,301.85,40,302.08,120,IBM
2025-12-03,9:43:33.799083506,T,301.85,40,302.19,40,IBM
2025-12-03,9:43:33.799103546,T,301.96,40,302.19,40,IBM
2025-12-03,9:43:35.052557750,T,301.96,40,302.46,40,IBM
2025-12-03,9:43:35.053214301,T,301.96,40,302.17,40,IBM
2025-12-03,9:43:35.053234269,T,301.65,160,302.17,40,IBM
2025-12-03,9:43:35.054021174,T,301.71,40,302.17,40,IBM
2025-12-03,9:43:35.054031192,T,301.85,40,302.17,40,IBM
2025-12-03,9:43:35.101078226,T,301.85,80,302.17,40,IBM
2025-12-03,9:43:36.104136245,T,301.85,40,302.17,40,IBM
2025-12-03,9:43:37.222859464,T,301.86,40,302.17,40,IBM
2025-12-03,9:43:37.913904567,T,301.71,40,302.17,40,IBM
2025-12-03,9:43:39.988658940,T,301.85,40,302.17,40,IBM
2025-12-03,9:43:39.989260313,T,301.85,80,302.17,40,IBM
2025-12-03,9:43:39.989495958,T,301.85,40,302.17,40,IBM
2025-12-03,9:43:39.989716477,T,301.86,40,302.17,40,IBM
2025-12-03,9:43:40.018760561,T,301.71,40,302.17,40,IBM
2025-12-03,9:43:41.595709690,T,301.71,40,302.17,80,IBM
2025-12-03,9:43:48.025642302,T,301.86,40,302.17,80,IBM
2025-12-03,9:43:50.581973179,T,301.86,40,302.16,40,IBM
2025-12-03,9:43:50.639024009,T,301.86,40,302.17,80,IBM
2025-12-03,9:43:50.665341667,T,301.86,40,302.16,40,IBM
2025-12-03,9:43:51.602602924,T,301.86,40,302.16,80,IBM
2025-12-03,9:43:53.253798892,T,301.86,40,302.16,40,IBM
2025-12-03,9:43:53.253803877,T,301.86,40,302.24,40,IBM
2025-12-03,9:43:53.253819134,T,301.86,40,302.31,40,IBM
2025-12-03,9:43:53.253844008,T,302.01,40,302.31,40,IBM
2025-12-03,9:43:53.253919152,T,302.01,80,302.31,40,IBM
2025-12-03,9:43:53.254069578,T,302.01,40,302.31,40,IBM
2025-12-03,9:43:53.254400306,T,302.01,40,302.38,40,IBM
2025-12-03,9:43:53.254445438,T,302.01,40,302.44,40,IBM
2025-12-03,9:43:53.254540616,T,302.01,40,302.17,40,IBM
2025-12-03,9:43:53.254565729,T,302.01,40,302.44,40,IBM
2025-12-03,9:43:53.254565729,T,301.87,40,302.44,40,IBM
2025-12-03,9:43:53.255031784,T,301.87,40,302.45,40,IBM
2025-12-03,9:43:53.255172306,T,301.87,40,302.46,40,IBM
2025-12-03,9:43:53.255262425,T,301.87,40,302.34,40,IBM
2025-12-03,9:43:53.256360044,T,301.86,40,302.34,40,IBM
2025-12-03,9:43:53.269731835,T,301.87,40,302.34,40,IBM
2025-12-03,9:43:53.269761922,T,301.92,40,302.34,40,IBM
2025-12-03,9:43:53.285790066,T,301.92,80,302.34,40,IBM
2025-12-03,9:43:53.611490383,T,301.92,120,302.34,40,IBM
2025-12-03,9:43:53.612302377,T,301.92,160,302.34,40,IBM
2025-12-03,9:43:54.634150001,T,301.92,160,302.46,40,IBM
2025-12-03,9:43:54.635478170,T,301.92,160,302.31,40,IBM
2025-12-03,9:43:56.013899845,T,301.92,160,302.5,160,IBM
2025-12-03,9:43:56.014576494,T,301.92,160,302.3,40,IBM
2025-12-03,9:43:57.422297796,T,301.92,120,302.3,40,IBM
2025-12-03,9:44:01.831905521,T,301.92,120,302.3,80,IBM
2025-12-03,9:44:01.831940482,T,301.92,120,302.3,120,IBM
2025-12-03,9:44:01.948077022,T,301.92,120,302.3,80,IBM
2025-12-03,9:44:01.949746028,T,301.92,120,302.3,120,IBM
2025-12-03,9:44:03.500111778,T,301.92,120,302.3,80,IBM
2025-12-03,9:44:04.288784340,T,301.92,120,302.45,40,IBM
2025-12-03,9:44:04.289455907,T,301.92,120,302.29,40,IBM
2025-12-03,9:44:04.289491005,T,301.92,120,302.29,80,IBM
2025-12-03,9:44:07.087702549,T,301.92,120,302.29,120,IBM
2025-12-03,9:44:07.087727699,T,301.92,80,302.29,120,IBM
2025-12-03,9:44:07.088253886,T,301.92,40,302.29,120,IBM
2025-12-03,9:44:07.098518321,T,301.92,40,302.29,160,IBM
2025-12-03,9:44:07.450035148,T,301.92,40,302.29,120,IBM
2025-12-03,9:44:07.455332808,T,301.92,80,302.29,120,IBM
2025-12-03,9:44:07.455362790,T,301.93,40,302.29,120,IBM
2025-12-03,9:44:07.598303126,T,301.92,80,302.29,120,IBM
2025-12-03,9:44:07.598824365,T,301.94,40,302.29,120,IBM
2025-12-03,9:44:07.821213731,T,301.92,40,302.29,120,IBM
2025-12-03,9:44:08.103205033,T,301.79,40,302.29,120,IBM
2025-12-03,9:44:08.241890202,T,301.92,40,302.29,120,IBM
2025-12-03,9:44:08.241930344,T,301.92,80,302.29,120,IBM
2025-12-03,9:44:08.426474610,T,301.92,80,302.29,80,IBM
2025-12-03,9:44:08.427141236,T,301.92,80,302.28,40,IBM
2025-12-03,9:44:09.806008816,T,301.92,80,302.45,40,IBM
2025-12-03,9:44:09.806680404,T,301.92,80,302.27,40,IBM
2025-12-03,9:44:12.385149017,T,301.92,80,302.27,80,IBM
2025-12-03,9:44:12.606616272,T,301.92,80,302.26,40,IBM
2025-12-03,9:44:13.944396080,T,301.92,80,302.25,40,IBM
2025-12-03,9:44:15.250670635,T,301.92,80,302.25,80,IBM
2025-12-03,9:44:17.547553800,T,301.92,80,302.25,120,IBM
2025-12-03,9:44:17.715879556,T,301.92,80,302.25,160,IBM
2025-12-03,9:44:17.716200282,T,301.92,80,302.1,40,IBM
2025-12-03,9:44:17.716285497,T,301.92,80,302.1,80,IBM
2025-12-03,9:44:17.716791711,T,301.92,80,302.1,40,IBM
2025-12-03,9:44:17.723628481,T,301.92,80,302.25,80,IBM
2025-12-03,9:44:17.723688125,T,301.93,40,302.25,80,IBM
2025-12-03,9:44:17.723773384,T,301.93,80,302.25,80,IBM
2025-12-03,9:44:17.723813630,T,301.93,80,302.25,120,IBM
2025-12-03,9:44:17.723833717,T,302.01,40,302.25,120,IBM
2025-12-03,9:44:17.728098684,T,301.92,80,302.25,120,IBM
2025-12-03,9:44:17.759708875,T,302.01,40,302.25,120,IBM
2025-12-03,9:44:17.785575494,T,302.01,40,302.25,80,IBM
2025-12-03,9:44:17.889698335,T,301.92,80,302.25,80,IBM
2025-12-03,9:44:17.889708433,T,301.92,80,302.25,120,IBM
2025-12-03,9:44:17.889723725,T,301.92,80,302.13,40,IBM
2025-12-03,9:44:17.889848831,T,301.92,80,302.13,80,IBM
2025-12-03,9:44:17.889939227,T,301.92,80,302.13,120,IBM
2025-12-03,9:44:17.889979108,T,301.92,80,302.1,40,IBM
2025-12-03,9:44:17.890209683,T,301.92,40,302.1,40,IBM
2025-12-03,9:44:17.890209683,T,301.57,80,302.1,40,IBM
2025-12-03,9:44:17.890244739,T,301.57,40,302.1,40,IBM
2025-12-03,9:44:17.890590483,T,301.63,120,302.1,40,IBM
2025-12-03,9:44:17.891332220,T,301.73,120,302.1,40,IBM
2025-12-03,9:44:18.082056358,T,301.73,120,302.08,40,IBM
2025-12-03,9:44:18.082086475,T,301.73,120,302.08,80,IBM
2025-12-03,9:44:18.123605284,T,301.73,120,302.08,120,IBM
2025-12-03,9:44:18.123635458,T,301.73,120,301.95,40,IBM
2025-12-03,9:44:18.123650404,T,301.73,80,301.95,40,IBM
2025-12-03,9:44:18.123656091,T,301.63,40,301.95,40,IBM
2025-12-03,9:44:18.123656091,T,301.57,40,301.95,40,IBM
2025-12-03,9:44:18.123680703,T,301.57,40,301.84,40,IBM
2025-12-03,9:44:18.123720551,T,301.57,40,301.84,80,IBM
2025-12-03,9:44:18.124527482,T,301.57,80,301.84,80,IBM
2025-12-03,9:44:18.139042094,T,301.57,80,301.84,40,IBM
2025-12-03,9:44:18.214381497,T,301.57,40,301.84,40,IBM
2025-12-03,9:44:19.461575477,T,301.57,40,301.82,40,IBM
2025-12-03,9:44:20.840448070,T,301.57,40,301.84,40,IBM
2025-12-03,9:44:20.840473149,T,301.57,40,301.95,40,IBM
2025-12-03,9:44:20.841129719,T,301.57,40,301.81,40,IBM
2025-12-03,9:44:20.841676029,T,301.57,40,301.95,40,IBM
2025-12-03,9:44:20.841681084,T,301.57,40,302.23,160,IBM
2025-12-03,9:44:20.841701439,T,301.58,40,302.23,160,IBM
2025-12-03,9:44:20.841706150,T,301.69,40,302.23,160,IBM
2025-12-03,9:44:20.841951689,T,301.7,40,302.23,160,IBM
2025-12-03,9:44:20.842066909,T,301.7,40,302.23,120,IBM
2025-12-03,9:44:20.842563194,T,301.69,80,302.23,120,IBM
2025-12-03,9:44:20.845760801,T,301.69,40,302.23,120,IBM
2025-12-03,9:44:20.845770770,T,301.69,40,302.08,40,IBM
2025-12-03,9:44:20.846181698,T,301.58,40,302.08,40,IBM
2025-12-03,9:44:20.941799397,T,301.57,40,302.08,40,IBM
2025-12-03,9:44:21.321708828,T,301.57,40,302.24,40,IBM
2025-12-03,9:44:21.321809018,T,301.57,40,302.27,80,IBM
2025-12-03,9:44:21.321839083,T,301.57,40,302.27,40,IBM
2025-12-03,9:44:28.559705146,T,301.68,40,302.27,40,IBM
2025-12-03,9:44:29.686081558,T,301.71,40,302.27,40,IBM
2025-12-03,9:44:35.034283971,T,301.71,40,302.27,80,IBM
2025-12-03,9:44:45.154591890,T,301.71,80,302.27,80,IBM
2025-12-03,9:44:46.392258379,T,301.71,80,301.94,40,IBM
2025-12-03,9:44:46.392334005,T,301.71,80,301.94,80,IBM
2025-12-03,9:44:46.392539093,T,301.71,80,301.98,40,IBM
2025-12-03,9:44:46.392584151,T,301.71,80,302.07,40,IBM
2025-12-03,9:44:46.392584151,T,301.71,80,302.08,40,IBM
2025-12-03,9:44:46.392654331,T,301.71,80,302.07,40,IBM
2025-12-03,9:44:46.392699429,T,301.71,80,302.08,40,IBM
2025-12-03,9:44:46.392714524,T,301.71,40,302.08,40,IBM
2025-12-03,9:44:46.392950096,T,301.71,40,302.07,40,IBM
2025-12-03,9:44:46.393501367,T,301.71,40,302.24,40,IBM
2025-12-03,9:44:46.492908082,T,301.71,40,302.27,40,IBM
2025-12-03,9:44:46.510279409,T,301.71,40,302.24,40,IBM
2025-12-03,9:44:46.510279409,T,301.71,40,302.07,40,IBM
2025-12-03,9:44:46.610277451,T,301.71,40,302.24,40,IBM
2025-12-03,9:44:47.733696907,T,301.57,80,302.24,40,IBM
2025-12-03,9:44:47.733721974,T,301.57,80,301.78,40,IBM
2025-12-03,9:44:47.734458745,T,301.57,120,301.78,40,IBM
2025-12-03,9:44:47.734528959,T,301.57,80,301.78,40,IBM
2025-12-03,9:44:47.749374268,T,301.57,40,301.78,40,IBM
2025-12-03,9:44:47.957103747,T,301.26,160,301.78,40,IBM
2025-12-03,9:44:47.957108728,T,301.57,40,301.78,40,IBM
2025-12-03,9:44:47.957118744,T,301.27,40,301.78,40,IBM
2025-12-03,9:44:47.957128776,T,301.36,40,301.78,40,IBM
2025-12-03,9:44:47.957133806,T,301.27,40,301.78,40,IBM
2025-12-03,9:44:47.957133806,T,301.26,160,301.78,40,IBM
2025-12-03,9:44:47.957138925,T,301.26,160,301.78,80,IBM
2025-12-03,9:44:47.957138925,T,301.26,160,301.77,40,IBM
2025-12-03,9:44:47.957349325,T,301.26,160,301.77,80,IBM
2025-12-03,9:44:47.957549800,T,301.36,40,301.77,80,IBM
2025-12-03,9:44:47.957740279,T,301.36,40,301.77,120,IBM
2025-12-03,9:44:47.957745259,T,301.36,40,301.77,80,IBM
2025-12-03,9:44:47.957755286,T,301.36,40,301.66,40,IBM
2025-12-03,9:44:47.979672430,T,301.26,160,301.66,40,IBM
2025-12-03,9:44:48.248873352,T,301.26,160,301.92,40,IBM
2025-12-03,9:44:49.138305748,T,301.26,160,302.0,40,IBM
2025-12-03,9:44:49.138305748,T,301.26,160,301.92,40,IBM
2025-12-03,9:44:49.138395920,T,301.26,160,301.58,40,IBM
2025-12-03,9:44:49.138591441,T,301.26,160,301.92,40,IBM
2025-12-03,9:44:49.138616658,T,301.28,40,301.92,40,IBM
2025-12-03,9:44:49.138616658,T,301.37,40,301.92,40,IBM
2025-12-03,9:44:49.138681679,T,301.37,80,301.92,40,IBM
2025-12-03,9:44:49.138826943,T,301.47,40,301.92,40,IBM
2025-12-03,9:44:49.138947334,T,301.37,80,301.92,40,IBM
2025-12-03,9:44:49.139002422,T,301.47,40,301.92,40,IBM
2025-12-03,9:44:49.139062556,T,301.47,40,302.0,40,IBM
2025-12-03,9:44:49.139112697,T,301.37,120,302.0,40,IBM
2025-12-03,9:44:49.189452509,T,301.37,80,302.0,40,IBM
2025-12-03,9:44:49.214843016,T,301.37,120,302.0,40,IBM
2025-12-03,9:44:49.238955370,T,301.37,80,302.0,40,IBM
2025-12-03,9:44:49.594070763,T,301.37,40,302.0,40,IBM
2025-12-03,9:44:55.302916387,T,301.37,40,301.79,40,IBM
2025-12-03,9:44:56.600841231,T,301.37,40,302.0,40,IBM
2025-12-03,9:44:56.822864826,T,301.37,40,301.73,40,IBM
2025-12-03,9:44:56.823280808,T,301.1,200,301.73,40,IBM
2025-12-03,9:44:56.826879382,T,301.19,40,301.73,40,IBM
2025-12-03,9:45:00.055034502,T,301.19,40,301.61,40,IBM
2025-12-03,9:45:00.302373349,T,301.19,40,301.61,80,IBM
2025-12-03,9:45:00.302438516,T,301.19,40,301.61,120,IBM
2025-12-03,9:45:01.728749092,T,301.19,40,301.61,80,IBM
2025-12-03,9:45:04.408373469,T,301.19,40,301.61,40,IBM
2025-12-03,9:45:04.432525916,T,301.19,40,301.61,80,IBM
2025-12-03,9:45:04.432681262,T,301.19,40,301.61,120,IBM
2025-12-03,9:45:04.437131770,T,301.1,200,301.61,120,IBM
2025-12-03,9:45:04.526013387,T,301.1,200,301.61,80,IBM
2025-12-03,9:45:04.970300976,T,301.1,200,301.61,40,IBM
2025-12-03,9:45:06.887841015,T,301.19,40,301.61,40,IBM
2025-12-03,9:45:10.027680802,T,301.19,40,301.7,40,IBM
2025-12-03,9:45:10.027741184,T,301.24,40,301.7,40,IBM
2025-12-03,9:45:10.027746020,T,301.32,40,301.7,40,IBM
2025-12-03,9:45:10.027750980,T,301.39,40,301.7,40,IBM
2025-12-03,9:45:10.027750980,T,301.46,40,301.7,40,IBM
2025-12-03,9:45:10.027786116,T,301.48,40,301.7,40,IBM
2025-12-03,9:45:10.029274671,T,301.48,40,301.65,120,IBM
2025-12-03,9:45:10.038917625,T,301.48,80,301.65,120,IBM
2025-12-03,9:45:10.040802027,T,301.48,40,301.65,120,IBM
2025-12-03,9:45:10.049106807,T,301.49,40,301.65,120,IBM
2025-12-03,9:45:10.050114201,T,301.49,80,301.65,120,IBM
2025-12-03,9:45:10.051502583,T,301.49,40,301.65,120,IBM
2025-12-03,9:45:10.052354587,T,301.49,40,301.7,160,IBM
2025-12-03,9:45:10.057592117,T,301.49,40,301.7,120,IBM
2025-12-03,9:45:10.135036373,T,301.49,40,301.8,120,IBM
2025-12-03,9:45:10.135622863,T,301.49,40,301.86,120,IBM
2025-12-03,9:45:10.136329511,T,301.49,40,301.99,200,IBM
2025-12-03,9:45:10.141226129,T,301.49,40,301.95,40,IBM
2025-12-03,9:45:10.228393702,T,301.49,40,301.9,120,IBM
2025-12-03,9:45:10.328366631,T,301.49,40,301.89,120,IBM
2025-12-03,9:45:10.389000994,T,301.49,40,301.88,120,IBM
2025-12-03,9:45:11.821756961,T,301.49,40,301.82,120,IBM
2025-12-03,9:45:12.678967506,T,301.49,40,301.89,40,IBM
2025-12-03,9:45:12.679052766,T,301.49,40,301.87,120,IBM
2025-12-03,9:45:12.697055659,T,301.49,40,301.83,120,IBM
2025-12-03,9:45:12.972235650,T,301.24,40,301.83,120,IBM
2025-12-03,9:45:12.972496300,T,301.24,40,301.92,40,IBM
2025-12-03,9:45:12.982790794,T,301.24,40,301.87,120,IBM
2025-12-03,9:45:13.058385797,T,301.24,40,301.86,120,IBM
2025-12-03,9:45:13.882422501,T,301.24,200,301.86,120,IBM
2025-12-03,9:45:14.043455881,T,301.24,200,301.92,40,IBM
2025-12-03,9:45:14.058607009,T,301.24,200,301.9,120,IBM
2025-12-03,9:45:14.573001596,T,301.24,200,301.87,120,IBM
2025-12-03,9:45:14.578509684,T,301.24,200,301.92,40,IBM
2025-12-03,9:45:14.648927369,T,301.24,200,301.92,160,IBM
2025-12-03,9:45:14.650746725,T,301.24,200,301.92,200,IBM
2025-12-03,9:45:16.035553622,T,301.24,200,301.72,40,IBM
2025-12-03,9:45:16.035859248,T,301.24,200,301.72,80,IBM
2025-12-03,9:45:16.035979614,T,301.24,160,301.72,80,IBM
2025-12-03,9:45:16.080625829,T,301.09,40,301.72,80,IBM
2025-12-03,9:45:16.085602759,T,301.09,40,301.71,40,IBM
2025-12-03,9:45:16.085868358,T,301.09,40,301.53,40,IBM
2025-12-03,9:45:16.086093828,T,301.09,40,301.66,40,IBM
2025-12-03,9:45:16.086164102,T,301.09,40,301.53,40,IBM
2025-12-03,9:45:16.086189441,T,301.05,200,301.53,40,IBM
2025-12-03,9:45:16.087006082,T,301.05,200,301.53,80,IBM
2025-12-03,9:45:16.087006082,T,301.05,200,301.53,40,IBM
2025-12-03,9:45:16.087141428,T,301.05,160,301.53,40,IBM
2025-12-03,9:45:16.090459313,T,301.05,160,301.55,40,IBM
2025-12-03,9:45:16.090459313,T,301.05,160,301.63,120,IBM
2025-12-03,9:45:16.090499362,T,301.09,80,301.63,120,IBM
2025-12-03,9:45:16.096363288,T,301.09,80,301.6,120,IBM
2025-12-03,9:45:16.100518263,T,301.05,160,301.6,120,IBM
2025-12-03,9:45:16.178378565,T,301.05,160,301.59,120,IBM
2025-12-03,9:45:16.178438762,T,301.05,200,301.59,120,IBM
2025-12-03,9:45:16.181871855,T,301.05,200,301.71,40,IBM
2025-12-03,9:45:16.185996664,T,301.05,200,301.72,80,IBM
2025-12-03,9:45:16.192141281,T,301.05,200,301.76,40,IBM
2025-12-03,9:45:16.328916869,T,301.05,200,301.68,120,IBM
2025-12-03,9:45:16.329182550,T,301.05,200,301.63,120,IBM
2025-12-03,9:45:16.579242798,T,301.05,200,301.62,120,IBM
2025-12-03,9:45:17.042515730,T,301.05,200,301.6,120,IBM
2025-12-03,9:45:17.221722345,T,301.05,200,301.59,120,IBM
2025-12-03,9:45:17.599120937,T,301.05,200,301.58,120,IBM
2025-12-03,9:45:17.755844011,T,301.05,200,301.53,40,IBM
2025-12-03,9:45:18.518780332,T,301.05,200,301.53,160,IBM
2025-12-03,9:45:19.335509487,T,301.14,40,301.53,160,IBM
2025-12-03,9:45:19.336191143,T,301.14,40,301.53,40,IBM
2025-12-03,9:45:19.483491805,T,301.14,80,301.53,40,IBM
2025-12-03,9:45:19.489325699,T,301.14,80,301.54,120,IBM
2025-12-03,9:45:19.510897020,T,301.16,40,301.54,120,IBM
2025-12-03,9:45:19.530408475,T,301.16,80,301.54,120,IBM
2025-12-03,9:45:19.531080104,T,301.16,80,301.68,120,IBM
2025-12-03,9:45:19.923313859,T,301.16,40,301.68,120,IBM
2025-12-03,9:45:19.924025504,T,301.16,40,301.57,120,IBM
2025-12-03,9:45:20.097543668,T,301.15,40,301.57,120,IBM
2025-12-03,9:45:20.098245338,T,301.15,40,301.56,120,IBM
2025-12-03,9:45:20.277968212,T,301.15,40,301.55,120,IBM
2025-12-03,9:45:21.497882654,T,301.05,160,301.55,120,IBM
2025-12-03,9:45:23.049441257,T,301.03,120,301.55,120,IBM
2025-12-03,9:45:23.313961002,T,301.15,40,301.55,120,IBM
2025-12-03,9:45:23.429982189,T,301.15,40,301.53,40,IBM
2025-12-03,9:45:23.516508181,T,301.17,40,301.53,40,IBM
2025-12-03,9:45:23.612165869,T,301.18,40,301.53,40,IBM
2025-12-03,9:45:24.012328450,T,301.18,40,301.53,160,IBM
2025-12-03,9:45:25.105741495,T,301.15,40,301.53,160,IBM
2025-12-03,9:45:25.316718863,T,301.03,120,301.53,160,IBM
2025-12-03,9:45:25.493083712,T,301.03,120,301.52,40,IBM
2025-12-03,9:45:25.493790431,T,301.03,120,301.52,160,IBM
2025-12-03,9:45:26.696754225,T,301.03,120,301.52,40,IBM
2025-12-03,9:45:28.343960607,T,301.03,120,301.53,120,IBM
2025-12-03,9:45:31.559545908,T,301.22,40,301.53,120,IBM
2025-12-03,9:45:32.558654351,T,301.03,120,301.53,120,IBM
2025-12-03,9:45:35.387002791,T,301.15,40,301.53,120,IBM
2025-12-03,9:45:36.559975087,T,301.03,120,301.53,120,IBM
2025-12-03,9:45:38.524101103,T,301.03,120,301.53,160,IBM
2025-12-03,9:45:40.533103728,T,301.03,120,301.53,200,IBM
2025-12-03,9:45:40.534035965,T,301.03,120,301.53,240,IBM
2025-12-03,9:45:40.534060954,T,301.03,120,301.41,40,IBM
2025-12-03,9:45:40.535319037,T,301.03,120,301.53,160,IBM
2025-12-03,9:45:40.549577985,T,301.03,120,301.53,120,IBM
2025-12-03,9:45:41.867295004,T,301.03,120,301.49,120,IBM
2025-12-03,9:45:43.663446381,T,301.03,120,301.53,120,IBM
2025-12-03,9:45:43.771864486,T,301.14,40,301.53,120,IBM
2025-12-03,9:45:44.173149778,T,301.14,40,301.52,120,IBM
2025-12-03,9:45:44.829116226,T,301.16,40,301.52,120,IBM
2025-12-03,9:45:44.830599716,T,301.16,40,301.53,120,IBM
2025-12-03,9:45:45.777313297,T,301.03,120,301.53,120,IBM
2025-12-03,9:45:47.154055905,T,301.14,40,301.53,120,IBM
2025-12-03,9:45:50.245570917,T,301.14,80,301.53,120,IBM
2025-12-03,9:45:51.637479476,T,301.14,40,301.53,120,IBM
2025-12-03,9:45:52.043315544,T,301.14,40,301.56,160,IBM
2025-12-03,9:45:52.043716553,T,301.14,40,301.56,40,IBM
2025-12-03,9:45:52.043841806,T,301.2,40,301.56,40,IBM
2025-12-03,9:45:52.044558541,T,301.2,40,301.68,120,IBM
2025-12-03,9:45:52.045089814,T,301.2,40,301.69,160,IBM
2025-12-03,9:45:52.045510777,T,301.2,80,301.69,160,IBM
2025-12-03,9:45:52.047645917,T,301.3,40,301.69,160,IBM
2025-12-03,9:45:52.056441834,T,301.2,40,301.69,160,IBM
2025-12-03,9:45:52.056687393,T,301.3,40,301.69,160,IBM
2025-12-03,9:45:52.057113380,T,301.3,80,301.69,160,IBM
2025-12-03,9:45:52.161045823,T,301.3,40,301.69,160,IBM
2025-12-03,9:45:52.161131028,T,301.2,40,301.69,160,IBM
2025-12-03,9:45:52.161341492,T,301.2,40,301.65,120,IBM
2025-12-03,9:45:52.311253401,T,301.2,40,301.64,120,IBM
2025-12-03,9:45:53.497798081,T,301.2,40,301.63,120,IBM
2025-12-03,9:45:53.678207590,T,301.2,40,301.62,120,IBM
2025-12-03,9:45:55.399089430,T,301.2,40,301.59,120,IBM
2025-12-03,9:45:57.171975115,T,301.2,40,301.57,120,IBM
2025-12-03,9:45:58.855472876,T,301.2,40,301.59,120,IBM
2025-12-03,9:46:00.904265336,T,301.2,40,301.57,120,IBM
2025-12-03,9:46:02.193820272,T,301.2,80,301.57,120,IBM
2025-12-03,9:46:02.200927295,T,301.33,40,301.57,120,IBM
2025-12-03,9:46:02.201573690,T,301.33,40,301.59,120,IBM
2025-12-03,9:46:02.202666281,T,301.33,80,301.59,120,IBM
2025-12-03,9:46:02.205543200,T,301.33,120,301.59,120,IBM
2025-12-03,9:46:02.209502653,T,301.33,80,301.59,120,IBM
2025-12-03,9:46:02.210905993,T,301.33,80,301.63,120,IBM
2025-12-03,9:46:02.257261309,T,301.33,40,301.63,120,IBM
2025-12-03,9:46:02.431706572,T,301.33,80,301.63,120,IBM
2025-12-03,9:46:03.128650820,T,301.33,40,301.63,120,IBM
2025-12-03,9:46:04.790943221,T,301.33,40,301.62,120,IBM
2025-12-03,9:46:04.885087226,T,301.33,40,301.63,120,IBM
2025-12-03,9:46:04.885182396,T,301.33,40,301.58,120,IBM
2025-12-03,9:46:04.885232516,T,301.33,40,301.63,120,IBM
2025-12-03,9:46:05.025100547,T,301.33,40,301.56,120,IBM
2025-12-03,9:46:05.030578559,T,301.33,80,301.56,120,IBM
2025-12-03,9:46:05.030834167,T,301.33,80,301.58,120,IBM
2025-12-03,9:46:05.030959601,T,301.33,80,301.63,120,IBM
2025-12-03,9:46:05.031044707,T,301.33,40,301.63,120,IBM
2025-12-03,9:46:06.328643813,T,301.2,80,301.63,120,IBM
2025-12-03,9:46:07.992003778,T,301.37,40,301.63,120,IBM
2025-12-03,9:46:07.992429846,T,301.37,80,301.63,120,IBM
2025-12-03,9:46:11.294956935,T,301.37,40,301.63,120,IBM
2025-12-03,9:46:13.959004076,T,301.2,40,301.63,120,IBM
2025-12-03,9:46:13.959209682,T,301.37,40,301.63,120,IBM
2025-12-03,9:46:16.374083585,T,301.37,40,301.63,160,IBM
2025-12-03,9:46:16.374143650,T,301.2,40,301.63,160,IBM
2025-12-03,9:46:16.606862701,T,301.26,40,301.63,160,IBM
2025-12-03,9:46:17.319935383,T,301.26,40,301.63,240,IBM
2025-12-03,9:46:17.320356356,T,301.26,80,301.63,240,IBM
2025-12-03,9:46:18.156346495,T,301.26,40,301.63,240,IBM
2025-12-03,9:46:19.392248698,T,301.26,80,301.63,240,IBM
2025-12-03,9:46:20.101537260,T,301.26,80,301.63,200,IBM
2025-12-03,9:46:20.101732792,T,301.26,80,301.57,120,IBM
2025-12-03,9:46:20.101943301,T,301.26,80,301.57,160,IBM
2025-12-03,9:46:21.003609817,T,301.26,40,301.57,160,IBM
2025-12-03,9:46:21.003634923,T,301.26,40,301.57,200,IBM
2025-12-03,9:46:21.003644954,T,301.26,40,301.56,40,IBM
2025-12-03,9:46:21.003845362,T,301.26,40,301.55,40,IBM
2025-12-03,9:46:21.004121037,T,301.26,40,301.55,80,IBM
2025-12-03,9:46:21.004381679,T,301.07,200,301.55,80,IBM
2025-12-03,9:46:21.004421780,T,301.07,200,301.55,120,IBM
2025-12-03,9:46:21.008110506,T,301.07,200,301.55,80,IBM
2025-12-03,9:46:21.165470224,T,301.07,200,301.47,40,IBM
2025-12-03,9:46:21.165690748,T,301.19,40,301.47,40,IBM
2025-12-03,9:46:21.165871100,T,301.19,40,301.55,120,IBM
2025-12-03,9:46:21.166231989,T,301.19,40,301.55,160,IBM
2025-12-03,9:46:21.260165599,T,301.19,40,301.55,120,IBM
2025-12-03,9:46:21.260361099,T,301.19,40,301.53,120,IBM
2025-12-03,9:46:21.260411197,T,301.19,40,301.55,120,IBM
2025-12-03,9:46:21.260416204,T,301.19,40,301.55,160,IBM
2025-12-03,9:46:21.260636701,T,301.19,40,301.55,40,IBM
2025-12-03,9:46:21.274048689,T,301.19,40,301.57,120,IBM
2025-12-03,9:46:21.274529892,T,301.19,40,301.57,160,IBM
2025-12-03,9:46:21.274549880,T,301.19,40,301.57,200,IBM
2025-12-03,9:46:21.677779986,T,301.19,40,301.57,160,IBM
2025-12-03,9:46:21.677810057,T,301.19,40,301.57,120,IBM
2025-12-03,9:46:21.677970358,T,301.19,40,301.55,120,IBM
2025-12-03,9:46:22.591119270,T,301.19,40,301.56,120,IBM
2025-12-03,9:46:22.591324861,T,301.19,40,301.56,160,IBM
2025-12-03,9:46:27.289614659,T,301.19,80,301.56,160,IBM
2025-12-03,9:46:27.321320199,T,301.19,80,301.56,240,IBM
2025-12-03,9:46:31.345866131,T,301.19,40,301.56,240,IBM
2025-12-03,9:46:35.480835091,T,301.19,40,301.56,280,IBM
2025-12-03,9:46:40.596047546,T,301.26,40,301.56,280,IBM
2025-12-03,9:46:40.979304954,T,301.19,40,301.56,280,IBM
2025-12-03,9:46:45.823958439,T,301.19,40,301.53,40,IBM
2025-12-03,9:46:45.823983404,T,301.19,40,301.42,40,IBM
2025-12-03,9:46:45.824199007,T,301.19,40,301.42,160,IBM
2025-12-03,9:46:45.832583918,T,301.19,40,301.42,120,IBM
2025-12-03,9:46:45.843770519,T,301.19,40,301.56,200,IBM
2025-12-03,9:46:45.843981111,T,301.19,40,301.56,240,IBM
2025-12-03,9:46:46.121015495,T,301.19,80,301.56,240,IBM
2025-12-03,9:46:46.271027958,T,301.19,80,301.56,200,IBM
2025-12-03,9:46:46.271183005,T,301.19,80,301.42,120,IBM
2025-12-03,9:46:47.303350174,T,301.19,80,301.42,200,IBM
2025-12-03,9:46:47.303771113,T,301.19,120,301.42,200,IBM
2025-12-03,9:46:48.307831477,T,301.19,120,301.42,80,IBM
2025-12-03,9:46:48.308538172,T,301.19,120,301.41,120,IBM
2025-12-03,9:46:49.326837466,T,301.19,120,301.42,80,IBM
2025-12-03,9:46:49.327604387,T,301.19,120,301.4,120,IBM
2025-12-03,9:46:50.346389581,T,301.19,120,301.42,80,IBM
2025-12-03,9:46:50.347146493,T,301.19,120,301.39,120,IBM
2025-12-03,9:46:51.365445696,T,301.19,120,301.42,80,IBM
2025-12-03,9:46:51.366207576,T,301.19,120,301.38,120,IBM
2025-12-03,9:46:52.385273669,T,301.19,120,301.37,120,IBM
2025-12-03,9:46:53.403562910,T,301.19,120,301.38,120,IBM
2025-12-03,9:46:53.404008966,T,301.19,120,301.36,120,IBM
2025-12-03,9:46:54.422293111,T,301.19,120,301.38,120,IBM
2025-12-03,9:46:54.423049899,T,301.19,120,301.35,120,IBM
2025-12-03,9:46:55.441318953,T,301.19,120,301.38,120,IBM
2025-12-03,9:46:55.441755004,T,301.19,120,301.34,120,IBM
2025-12-03,9:46:55.829322607,T,301.19,80,301.34,120,IBM
2025-12-03,9:46:55.899584940,T,301.19,80,301.31,40,IBM
2025-12-03,9:46:55.899630033,T,301.19,40,301.31,40,IBM
2025-12-03,9:46:55.899630033,T,301.03,120,301.31,40,IBM
2025-12-03,9:46:55.899670142,T,301.03,120,301.3,40,IBM
2025-12-03,9:46:55.899960775,T,301.03,120,301.29,120,IBM
2025-12-03,9:46:55.900181366,T,301.03,120,301.24,120,IBM
2025-12-03,9:46:55.906877275,T,301.03,120,301.29,120,IBM
2025-12-03,9:46:55.917597775,T,301.03,120,301.3,40,IBM
2025-12-03,9:46:55.928669111,T,301.03,120,301.34,120,IBM
2025-12-03,9:46:56.125161872,T,301.03,120,301.34,160,IBM
2025-12-03,9:46:56.206114618,T,301.03,120,301.34,200,IBM
2025-12-03,9:46:56.206139673,T,301.03,120,301.19,40,IBM
2025-12-03,9:46:56.206645859,T,301.03,120,301.34,200,IBM
2025-12-03,9:46:56.223841789,T,301.03,120,301.34,160,IBM
2025-12-03,9:46:56.414630973,T,301.03,120,301.34,200,IBM
2025-12-03,9:46:56.460575386,T,301.03,120,301.34,160,IBM
2025-12-03,9:46:56.460765834,T,301.03,120,301.19,120,IBM
2025-12-03,9:46:56.900066659,T,301.03,160,301.19,120,IBM
2025-12-03,9:46:57.305752418,T,301.03,160,301.19,200,IBM
2025-12-03,9:46:57.479034896,T,301.03,160,301.19,80,IBM
2025-12-03,9:46:57.479816768,T,301.03,160,301.15,120,IBM
2025-12-03,9:46:58.091292727,T,301.03,160,301.15,80,IBM
2025-12-03,9:46:58.091312598,T,301.03,160,301.19,80,IBM
2025-12-03,9:46:58.091332561,T,301.12,40,301.19,80,IBM
2025-12-03,9:46:58.091758581,T,301.12,80,301.19,80,IBM
2025-12-03,9:46:58.092089610,T,301.12,80,301.34,80,IBM
2025-12-03,9:46:58.093101844,T,301.12,120,301.34,80,IBM
2025-12-03,9:46:58.278197504,T,301.12,120,301.34,40,IBM
2025-12-03,9:46:58.559391869,T,301.12,160,301.34,40,IBM
2025-12-03,9:47:00.125355003,T,301.13,40,301.34,40,IBM
2025-12-03,9:47:00.126532710,T,301.13,80,301.34,40,IBM
2025-12-03,9:47:00.175664700,T,301.13,40,301.34,40,IBM
2025-12-03,9:47:01.953482253,T,301.13,40,301.34,80,IBM
2025-12-03,9:47:03.137811697,T,301.12,160,301.34,80,IBM
2025-12-03,9:47:03.756314213,T,301.12,120,301.34,80,IBM
2025-12-03,9:47:03.756354326,T,301.12,120,301.34,120,IBM
2025-12-03,9:47:03.768252628,T,301.12,120,301.33,40,IBM
2025-12-03,9:47:03.768262626,T,301.12,80,301.33,40,IBM
2025-12-03,9:47:03.768267672,T,301.11,40,301.33,40,IBM
2025-12-03,9:47:03.768267672,T,301.03,120,301.33,40,IBM
2025-12-03,9:47:03.768267672,T,301.03,120,301.25,40,IBM
2025-12-03,9:47:03.768347878,T,301.03,120,301.25,80,IBM
2025-12-03,9:47:03.768503226,T,301.03,120,301.24,40,IBM
2025-12-03,9:47:03.768533280,T,301.03,120,301.19,40,IBM
2025-12-03,9:47:03.772768393,T,301.03,120,301.24,80,IBM
2025-12-03,9:47:03.772798435,T,301.03,120,301.24,40,IBM
2025-12-03,9:47:03.781329017,T,301.03,120,301.33,40,IBM
2025-12-03,9:47:03.781333755,T,301.03,120,301.34,40,IBM
2025-12-03,9:47:04.641702081,T,300.81,160,301.34,40,IBM
2025-12-03,9:47:04.641722336,T,300.81,160,301.34,80,IBM
2025-12-03,9:47:04.641727177,T,300.81,160,301.19,40,IBM
2025-12-03,9:47:04.641767194,T,300.81,160,301.19,80,IBM
2025-12-03,9:47:04.641942598,T,300.81,160,301.19,120,IBM
2025-12-03,9:47:04.647180081,T,300.81,160,301.19,80,IBM
2025-12-03,9:47:05.347071423,T,300.81,160,301.18,40,IBM
2025-12-03,9:47:05.347101344,T,300.81,160,301.19,80,IBM
2025-12-03,9:47:05.347101344,T,300.81,160,301.1,40,IBM
2025-12-03,9:47:05.347412065,T,300.69,40,301.1,40,IBM
2025-12-03,9:47:05.347437479,T,300.69,40,301.1,80,IBM
