DATE,TIME_M,EX,BID,BIDSIZ,ASK,ASKSIZ,SYM_ROOT
2025-12-09,9:30:01.083037199,T,308.75,80,311.38,40,IBM
2025-12-09,9:30:01.113083762,T,308.75,120,311.38,40,IBM
2025-12-09,9:30:01.161358725,T,309.0,40,311.38,40,IBM
2025-12-09,9:30:01.173121692,T,308.75,120,311.38,40,IBM
2025-12-09,9:30:01.303126120,T,309.56,40,311.38,40,IBM
2025-12-09,9:30:01.303567147,T,309.56,80,311.38,40,IBM
2025-12-09,9:30:01.431356414,T,309.56,40,311.38,40,IBM
2025-12-09,9:30:01.745845021,T,309.57,40,311.38,40,IBM
2025-12-09,9:30:01.804584883,T,309.57,80,311.38,40,IBM
2025-12-09,9:30:01.858743825,T,309.57,40,311.38,40,IBM
2025-12-09,9:30:02.143621907,T,309.64,40,311.38,40,IBM
2025-12-09,9:30:02.148047507,T,308.75,120,311.38,40,IBM
2025-12-09,9:30:02.206827419,T,309.57,40,311.38,40,IBM
2025-12-09,9:30:02.289008058,T,308.75,120,311.38,40,IBM
2025-12-09,9:30:03.199204947,T,309.58,80,311.38,40,IBM
2025-12-09,9:30:03.199244990,T,309.58,120,311.38,40,IBM
2025-12-09,9:30:03.199305141,T,309.58,120,313.0,40,IBM
2025-12-09,9:30:03.199595881,T,309.58,80,313.0,40,IBM
2025-12-09,9:30:03.199595881,T,309.85,40,313.0,40,IBM
2025-12-09,9:30:03.204101552,T,309.58,80,313.0,40,IBM
2025-12-09,9:30:03.219207521,T,308.75,120,313.0,40,IBM
2025-12-09,9:30:03.603226689,T,309.86,40,313.0,40,IBM
2025-12-09,9:30:03.603647697,T,309.86,80,313.0,40,IBM
2025-12-09,9:30:03.712241273,T,309.86,40,313.0,40,IBM
2025-12-09,9:30:04.288217276,T,309.87,40,313.0,40,IBM
2025-12-09,9:30:04.288287475,T,309.86,40,313.0,40,IBM
2025-12-09,9:30:04.288292444,T,310.0,40,313.0,40,IBM
2025-12-09,9:30:04.289079383,T,308.75,120,313.0,40,IBM
2025-12-09,9:30:04.289390123,T,310.0,40,313.0,40,IBM
2025-12-09,9:30:04.304300514,T,308.75,120,313.0,40,IBM
2025-12-09,9:30:04.474641095,T,308.75,120,311.83,40,IBM
2025-12-09,9:30:06.130883752,T,308.75,120,313.0,40,IBM
2025-12-09,9:30:06.158850383,T,308.75,120,312.26,40,IBM
2025-12-09,9:30:08.824230460,T,309.95,120,312.26,40,IBM
2025-12-09,9:30:17.295702882,T,310.0,40,312.26,40,IBM
2025-12-09,9:30:17.296123936,T,310.0,80,312.26,40,IBM
2025-12-09,9:30:24.866095169,T,310.0,120,312.26,40,IBM
2025-12-09,9:30:24.866205444,T,310.0,80,312.26,40,IBM
2025-12-09,9:30:25.073779641,T,310.0,40,312.26,40,IBM
2025-12-09,9:30:30.198995803,T,310.0,40,310.54,40,IBM
2025-12-09,9:30:43.585478907,T,310.0,40,311.21,40,IBM
2025-12-09,9:30:43.585508990,T,310.01,40,311.21,40,IBM
2025-12-09,9:30:43.585513956,T,310.01,80,311.21,40,IBM
2025-12-09,9:30:43.585604177,T,310.09,40,311.21,40,IBM
2025-12-09,9:30:43.585919929,T,310.11,40,311.21,40,IBM
2025-12-09,9:30:43.585965110,T,310.11,40,311.57,40,IBM
2025-12-09,9:30:43.585985065,T,310.35,40,311.57,40,IBM
2025-12-09,9:30:43.586000209,T,310.11,40,311.57,40,IBM
2025-12-09,9:30:43.586010194,T,310.01,80,311.57,40,IBM
2025-12-09,9:30:43.586040222,T,310.01,40,311.57,40,IBM
2025-12-09,9:30:43.586065349,T,310.0,80,311.57,40,IBM
2025-12-09,9:30:43.586070348,T,310.09,40,311.57,40,IBM
2025-12-09,9:30:43.586110448,T,310.22,40,311.57,40,IBM
2025-12-09,9:30:43.586371094,T,310.22,40,310.76,40,IBM
2025-12-09,9:30:43.586391134,T,310.22,40,311.57,40,IBM
2025-12-09,9:30:43.586466303,T,310.22,40,311.93,40,IBM
2025-12-09,9:30:43.586471228,T,310.01,40,311.93,40,IBM
2025-12-09,9:30:43.586486287,T,310.38,40,311.93,40,IBM
2025-12-09,9:30:43.586566501,T,310.22,40,311.93,40,IBM
2025-12-09,9:30:43.586586597,T,310.22,40,311.21,40,IBM
2025-12-09,9:30:43.586596570,T,310.01,40,311.21,40,IBM
2025-12-09,9:30:43.586752000,T,310.01,40,311.93,40,IBM
2025-12-09,9:30:43.686795088,T,310.0,40,311.93,40,IBM
2025-12-09,9:30:44.586401691,T,310.0,40,311.21,40,IBM
2025-12-09,9:30:49.454405405,T,309.66,40,311.21,40,IBM
2025-12-09,9:30:50.731310171,T,309.66,40,311.39,40,IBM
2025-12-09,9:30:50.731370614,T,310.32,40,311.39,40,IBM
2025-12-09,9:30:50.731445501,T,310.32,40,311.57,40,IBM
2025-12-09,9:30:50.731450499,T,310.43,40,311.57,40,IBM
2025-12-09,9:30:50.731605924,T,310.43,40,312.26,40,IBM
2025-12-09,9:30:50.731686415,T,309.83,40,312.26,40,IBM
2025-12-09,9:30:50.731831393,T,310.0,40,312.26,40,IBM
2025-12-09,9:30:50.731836611,T,310.43,40,312.26,40,IBM
2025-12-09,9:30:50.731851432,T,310.49,40,312.26,40,IBM
2025-12-09,9:30:50.732367701,T,310.43,40,312.26,40,IBM
2025-12-09,9:30:50.732392731,T,310.01,40,312.26,40,IBM
2025-12-09,9:30:50.733395108,T,310.43,40,312.26,40,IBM
2025-12-09,9:30:50.734638073,T,310.43,40,312.65,40,IBM
2025-12-09,9:30:50.737389692,T,310.19,40,312.65,40,IBM
2025-12-09,9:30:51.732032440,T,310.19,40,311.25,200,IBM
2025-12-09,9:30:53.103838294,T,310.67,40,311.25,200,IBM
2025-12-09,9:30:57.986993262,T,310.67,80,311.25,200,IBM
2025-12-09,9:31:01.366403296,T,310.67,40,311.25,200,IBM
2025-12-09,9:31:02.981132316,T,310.67,40,311.23,40,IBM
2025-12-09,9:31:02.981889110,T,310.67,40,311.23,240,IBM
2025-12-09,9:31:02.982721062,T,310.67,40,311.23,200,IBM
2025-12-09,9:31:03.226265824,T,310.67,40,311.22,40,IBM
2025-12-09,9:31:03.227017673,T,310.67,40,311.22,240,IBM
2025-12-09,9:31:03.227243188,T,310.67,40,311.22,280,IBM
2025-12-09,9:31:03.238420207,T,310.67,80,311.22,280,IBM
2025-12-09,9:31:04.858115654,T,310.67,80,311.22,240,IBM
2025-12-09,9:31:04.858140727,T,310.67,80,311.22,200,IBM
2025-12-09,9:31:07.089588057,T,310.67,40,311.22,200,IBM
2025-12-09,9:31:07.089588057,T,310.35,160,311.22,200,IBM
2025-12-09,9:31:07.089603088,T,310.35,160,311.21,40,IBM
2025-12-09,9:31:07.089608054,T,310.35,160,310.95,40,IBM
2025-12-09,9:31:07.089633202,T,310.35,160,310.95,80,IBM
2025-12-09,9:31:07.089948888,T,310.35,160,310.95,120,IBM
2025-12-09,9:31:07.090369847,T,310.35,160,310.95,80,IBM
2025-12-09,9:31:07.090374924,T,310.35,160,310.77,40,IBM
2025-12-09,9:31:07.090600404,T,310.35,160,310.77,80,IBM
2025-12-09,9:31:07.091121633,T,310.35,160,310.77,160,IBM
2025-12-09,9:31:07.091332216,T,310.35,160,310.77,200,IBM
2025-12-09,9:31:07.091567761,T,309.83,40,310.77,200,IBM
2025-12-09,9:31:07.091572750,T,309.85,160,310.77,200,IBM
2025-12-09,9:31:07.091657890,T,309.85,160,310.77,160,IBM
2025-12-09,9:31:07.143706869,T,309.85,160,310.77,120,IBM
2025-12-09,9:31:08.218219841,T,309.85,160,310.77,80,IBM
2025-12-09,9:31:08.218710958,T,309.85,160,310.95,40,IBM
2025-12-09,9:31:09.823832139,T,309.85,160,311.24,40,IBM
2025-12-09,9:31:11.310290798,T,309.85,160,311.16,160,IBM
2025-12-09,9:31:12.088057510,T,310.32,40,311.16,160,IBM
2025-12-09,9:31:13.152536590,T,310.45,40,311.16,160,IBM
2025-12-09,9:31:13.152947529,T,310.5,40,311.16,160,IBM
2025-12-09,9:31:13.154110251,T,310.5,80,311.16,160,IBM
2025-12-09,9:31:14.092875102,T,310.5,40,311.16,160,IBM
2025-12-09,9:31:14.152933011,T,310.5,40,311.0,120,IBM
2025-12-09,9:31:21.687880862,T,310.5,40,311.0,160,IBM
2025-12-09,9:31:31.908231406,T,310.5,40,311.0,200,IBM
2025-12-09,9:31:31.957769261,T,310.5,40,311.0,160,IBM
2025-12-09,9:31:32.478443819,T,310.56,40,311.0,160,IBM
2025-12-09,9:31:32.479591569,T,310.56,120,311.0,160,IBM
2025-12-09,9:31:32.486548200,T,310.56,80,311.0,160,IBM
2025-12-09,9:31:36.180000882,T,310.56,80,311.0,200,IBM
2025-12-09,9:31:36.185894936,T,310.5,40,311.0,200,IBM
2025-12-09,9:31:36.185924996,T,310.5,40,310.78,40,IBM
2025-12-09,9:31:36.185960131,T,310.5,40,310.78,80,IBM
2025-12-09,9:31:36.186255799,T,310.5,40,310.78,120,IBM
2025-12-09,9:31:36.186386206,T,309.94,160,310.78,120,IBM
2025-12-09,9:31:36.186421193,T,309.94,160,310.77,40,IBM
2025-12-09,9:31:36.186511451,T,309.94,160,310.64,40,IBM
2025-12-09,9:31:36.187478718,T,309.94,160,310.64,160,IBM
2025-12-09,9:31:36.188756847,T,309.94,160,310.57,40,IBM
2025-12-09,9:31:36.189508526,T,309.94,160,310.57,120,IBM
2025-12-09,9:31:36.189638851,T,309.48,40,310.57,120,IBM
2025-12-09,9:31:36.189643901,T,309.65,160,310.57,120,IBM
2025-12-09,9:31:36.190029833,T,309.68,80,310.57,120,IBM
2025-12-09,9:31:36.198850845,T,310.01,40,310.57,120,IBM
2025-12-09,9:31:36.205085592,T,310.45,40,310.57,120,IBM
2025-12-09,9:31:36.205110735,T,310.01,40,310.57,120,IBM
2025-12-09,9:31:36.205165786,T,310.01,40,310.51,40,IBM
2025-12-09,9:31:36.205912619,T,310.01,40,310.51,80,IBM
2025-12-09,9:31:36.208849589,T,310.01,40,310.51,40,IBM
2025-12-09,9:31:36.208849589,T,310.01,40,310.57,40,IBM
2025-12-09,9:31:36.208884674,T,310.01,40,310.64,40,IBM
2025-12-09,9:31:36.208889705,T,310.45,40,310.64,40,IBM
2025-12-09,9:31:36.208914790,T,310.26,80,310.64,40,IBM
2025-12-09,9:31:36.208929805,T,310.26,80,310.77,40,IBM
2025-12-09,9:31:36.209095171,T,310.45,40,310.77,40,IBM
2025-12-09,9:31:36.209165375,T,310.45,80,310.77,40,IBM
2025-12-09,9:31:36.209506204,T,310.45,40,310.77,40,IBM
2025-12-09,9:31:37.209286246,T,310.45,40,310.77,120,IBM
2025-12-09,9:31:43.525768413,T,310.45,80,310.77,120,IBM
2025-12-09,9:31:45.152540934,T,310.45,80,310.77,160,IBM
2025-12-09,9:31:45.152871727,T,310.45,80,310.77,120,IBM
2025-12-09,9:31:52.002582987,T,310.45,40,310.77,120,IBM
2025-12-09,9:31:52.002607995,T,310.26,40,310.77,120,IBM
2025-12-09,9:31:52.002628036,T,310.0,160,310.77,120,IBM
2025-12-09,9:31:52.002633092,T,310.0,160,310.77,160,IBM
2025-12-09,9:31:52.002643092,T,310.0,160,310.76,40,IBM
2025-12-09,9:31:52.002653109,T,310.0,160,310.76,80,IBM
2025-12-09,9:31:52.002678536,T,310.0,160,310.46,40,IBM
2025-12-09,9:31:52.002893723,T,310.0,160,310.76,80,IBM
2025-12-09,9:31:52.002918777,T,310.23,40,310.76,80,IBM
2025-12-09,9:31:52.003389840,T,310.23,40,310.69,40,IBM
2025-12-09,9:31:52.003409896,T,310.01,40,310.69,40,IBM
2025-12-09,9:31:52.003424972,T,310.01,40,310.69,80,IBM
2025-12-09,9:31:52.011734759,T,310.26,40,310.69,80,IBM
2025-12-09,9:31:52.011769802,T,310.26,80,310.69,80,IBM
2025-12-09,9:31:52.012351165,T,310.26,80,310.64,40,IBM
2025-12-09,9:31:52.013438732,T,310.26,80,310.64,80,IBM
2025-12-09,9:31:52.078568792,T,310.26,40,310.64,80,IBM
2025-12-09,9:31:54.561143803,T,310.26,80,310.64,80,IBM
2025-12-09,9:31:54.624414491,T,310.26,80,310.64,40,IBM
2025-12-09,9:31:54.624434466,T,310.26,80,310.69,80,IBM
2025-12-09,9:31:54.624449533,T,310.27,40,310.69,80,IBM
2025-12-09,9:31:54.624459522,T,310.45,40,310.69,80,IBM
2025-12-09,9:31:54.624785396,T,310.45,40,310.69,40,IBM
2025-12-09,9:31:54.624790377,T,310.45,40,311.0,40,IBM
2025-12-09,9:31:54.624825439,T,310.45,80,311.0,40,IBM
2025-12-09,9:31:54.625286517,T,310.64,80,311.0,40,IBM
2025-12-09,9:31:54.625577218,T,310.64,160,311.0,40,IBM
2025-12-09,9:31:54.637841440,T,310.69,40,311.0,40,IBM
2025-12-09,9:31:54.638297526,T,310.69,40,311.21,160,IBM
2025-12-09,9:31:54.682362409,T,310.69,40,311.0,40,IBM
2025-12-09,9:31:54.682432625,T,310.69,40,311.21,160,IBM
2025-12-09,9:31:55.624861097,T,310.69,40,311.0,80,IBM
2025-12-09,9:31:55.624901165,T,310.69,40,311.0,120,IBM
2025-12-09,9:32:00.751385452,T,310.69,120,311.0,120,IBM
2025-12-09,9:32:10.347885736,T,310.69,160,311.0,120,IBM
2025-12-09,9:32:17.789531198,T,310.69,160,311.0,80,IBM
2025-12-09,9:32:17.794583312,T,310.69,160,311.0,120,IBM
2025-12-09,9:32:18.778390289,T,310.69,160,311.0,80,IBM
2025-12-09,9:32:20.023895444,T,310.69,160,311.0,120,IBM
2025-12-09,9:32:20.756098545,T,310.69,160,311.0,80,IBM
2025-12-09,9:32:22.148698804,T,310.69,160,311.0,120,IBM
2025-12-09,9:32:22.733806723,T,310.69,160,311.0,80,IBM
2025-12-09,9:32:23.950382847,T,310.69,160,311.0,120,IBM
2025-12-09,9:32:24.711519850,T,310.69,160,311.0,80,IBM
2025-12-09,9:32:25.952223386,T,310.69,160,311.0,120,IBM
2025-12-09,9:32:25.953787059,T,310.74,80,311.0,120,IBM
2025-12-09,9:32:25.957776536,T,310.74,120,311.0,120,IBM
2025-12-09,9:32:27.393349155,T,310.78,80,311.0,120,IBM
2025-12-09,9:32:27.396656922,T,310.78,120,311.0,120,IBM
2025-12-09,9:32:45.477214940,T,310.78,120,311.0,200,IBM
2025-12-09,9:32:57.789721032,T,310.78,80,311.0,200,IBM
2025-12-09,9:32:57.789756178,T,310.79,40,311.0,200,IBM
2025-12-09,9:32:57.789916546,T,310.79,40,311.0,120,IBM
2025-12-09,9:33:04.036692442,T,310.79,40,310.99,40,IBM
2025-12-09,9:33:04.036702532,T,310.79,40,311.0,120,IBM
2025-12-09,9:33:04.036702532,T,310.79,40,311.0,40,IBM
2025-12-09,9:33:04.036722835,T,310.79,40,311.4,160,IBM
2025-12-09,9:33:04.036732642,T,310.8,40,311.4,160,IBM
2025-12-09,9:33:04.036742610,T,310.8,80,311.4,160,IBM
2025-12-09,9:33:04.037153579,T,310.8,120,311.4,160,IBM
2025-12-09,9:33:04.037204125,T,310.8,80,311.4,160,IBM
2025-12-09,9:33:04.037204125,T,310.8,80,311.2,80,IBM
2025-12-09,9:33:04.037564595,T,310.8,120,311.2,80,IBM
2025-12-09,9:33:04.037569623,T,310.99,40,311.2,80,IBM
2025-12-09,9:33:04.037574557,T,310.99,40,311.2,40,IBM
2025-12-09,9:33:04.037644824,T,310.8,120,311.2,40,IBM
2025-12-09,9:33:04.037880303,T,310.8,80,311.2,40,IBM
2025-12-09,9:33:04.037885382,T,310.8,120,311.2,40,IBM
2025-12-09,9:33:04.038030666,T,310.8,120,311.2,120,IBM
2025-12-09,9:33:04.042130442,T,310.99,40,311.2,120,IBM
2025-12-09,9:33:04.062904933,T,311.0,40,311.2,120,IBM
2025-12-09,9:33:04.063165753,T,311.0,40,311.2,80,IBM
2025-12-09,9:33:04.063165753,T,311.0,40,311.4,160,IBM
2025-12-09,9:33:04.063190556,T,311.0,80,311.4,160,IBM
2025-12-09,9:33:04.063190556,T,311.01,80,311.4,160,IBM
2025-12-09,9:33:04.063215601,T,311.1,40,311.4,160,IBM
2025-12-09,9:33:04.063225712,T,311.1,80,311.4,160,IBM
2025-12-09,9:33:04.063486268,T,311.1,80,312.11,40,IBM
2025-12-09,9:33:04.063491241,T,311.1,80,311.6,160,IBM
2025-12-09,9:33:04.063511314,T,311.1,40,311.6,160,IBM
2025-12-09,9:33:04.063937485,T,311.12,40,311.6,160,IBM
2025-12-09,9:33:04.063937485,T,311.1,40,311.6,160,IBM
2025-12-09,9:33:04.063942377,T,311.01,80,311.6,160,IBM
2025-12-09,9:33:04.063947335,T,311.2,40,311.6,160,IBM
2025-12-09,9:33:04.078060950,T,311.01,80,311.6,160,IBM
2025-12-09,9:33:04.081499124,T,311.05,40,311.6,160,IBM
2025-12-09,9:33:04.090610909,T,311.2,40,311.6,160,IBM
2025-12-09,9:33:04.099131183,T,311.01,80,311.6,160,IBM
2025-12-09,9:33:04.099141184,T,311.2,40,311.6,160,IBM
2025-12-09,9:33:04.655290170,T,311.0,320,311.6,160,IBM
2025-12-09,9:33:04.655325202,T,311.21,40,311.6,160,IBM
2025-12-09,9:33:04.881478664,T,311.21,40,311.39,40,IBM
2025-12-09,9:33:05.037124133,T,311.21,40,311.39,240,IBM
2025-12-09,9:33:05.170286202,T,311.21,40,311.39,200,IBM
2025-12-09,9:33:05.170286202,T,311.21,40,311.39,160,IBM
2025-12-09,9:33:05.170306232,T,311.21,40,311.6,160,IBM
2025-12-09,9:33:05.170326263,T,311.38,40,311.6,160,IBM
2025-12-09,9:33:05.170366467,T,311.21,40,311.6,160,IBM
2025-12-09,9:33:05.170837529,T,311.21,80,311.6,160,IBM
2025-12-09,9:33:05.171148224,T,311.21,40,311.6,160,IBM
2025-12-09,9:33:05.171664483,T,311.0,280,311.6,160,IBM
2025-12-09,9:33:05.171709565,T,311.0,280,311.41,80,IBM
2025-12-09,9:33:05.171709565,T,311.0,280,311.41,120,IBM
2025-12-09,9:33:05.172145648,T,311.0,280,311.34,40,IBM
2025-12-09,9:33:05.172757063,T,311.0,280,311.41,120,IBM
2025-12-09,9:33:05.172777127,T,311.0,280,311.59,80,IBM
2025-12-09,9:33:05.176721540,T,311.0,280,311.59,40,IBM
2025-12-09,9:33:05.271727731,T,311.0,280,311.6,160,IBM
2025-12-09,9:33:06.170712693,T,311.0,280,311.4,80,IBM
2025-12-09,9:33:06.170752855,T,311.0,280,311.4,120,IBM
2025-12-09,9:33:08.170468326,T,311.0,320,311.4,120,IBM
2025-12-09,9:33:10.868656611,T,311.0,280,311.4,120,IBM
2025-12-09,9:33:13.584887895,T,311.0,320,311.4,120,IBM
2025-12-09,9:33:15.834388025,T,311.0,280,311.4,120,IBM
2025-12-09,9:33:17.328695401,T,311.0,320,311.4,120,IBM
2025-12-09,9:33:17.755681833,T,311.0,280,311.4,120,IBM
2025-12-09,9:33:17.971064603,T,311.0,280,311.4,160,IBM
2025-12-09,9:33:19.127292133,T,311.0,280,311.4,120,IBM
2025-12-09,9:33:19.248600935,T,311.0,320,311.4,120,IBM
2025-12-09,9:33:25.069648507,T,311.0,280,311.4,120,IBM
2025-12-09,9:33:25.069818995,T,311.0,280,311.28,40,IBM
2025-12-09,9:33:25.196600726,T,311.0,280,311.4,40,IBM
2025-12-09,9:33:25.196615787,T,311.01,40,311.4,40,IBM
2025-12-09,9:33:25.196620992,T,311.14,40,311.4,40,IBM
2025-12-09,9:33:25.196625780,T,311.14,40,311.6,160,IBM
2025-12-09,9:33:25.196655938,T,311.14,80,311.6,160,IBM
2025-12-09,9:33:25.197031755,T,311.14,80,311.6,560,IBM
2025-12-09,9:33:25.200515128,T,311.14,80,311.6,400,IBM
2025-12-09,9:33:25.216668564,T,311.14,40,311.6,400,IBM
2025-12-09,9:33:25.217094561,T,311.14,40,311.4,80,IBM
2025-12-09,9:33:25.217109579,T,311.01,40,311.4,80,IBM
2025-12-09,9:33:25.217129619,T,311.01,40,311.4,120,IBM
2025-12-09,9:33:25.217134676,T,311.01,40,311.4,520,IBM
2025-12-09,9:33:25.217520613,T,311.01,40,311.4,120,IBM
2025-12-09,9:33:25.217535651,T,311.01,40,311.32,40,IBM
2025-12-09,9:33:25.217545603,T,311.01,40,311.32,440,IBM
2025-12-09,9:33:25.296673972,T,311.0,280,311.32,440,IBM
2025-12-09,9:33:25.595906403,T,311.0,320,311.32,440,IBM
2025-12-09,9:33:26.197027610,T,311.0,320,311.32,40,IBM
2025-12-09,9:33:26.197052647,T,311.0,320,311.31,400,IBM
2025-12-09,9:33:26.836900856,T,311.0,320,311.31,280,IBM
2025-12-09,9:33:26.836925899,T,311.0,320,311.31,240,IBM
2025-12-09,9:33:26.836935931,T,311.0,320,311.31,200,IBM
2025-12-09,9:33:26.836940967,T,311.0,320,311.32,40,IBM
2025-12-09,9:33:26.836971017,T,311.0,320,311.4,80,IBM
2025-12-09,9:33:26.837863075,T,311.0,320,311.81,160,IBM
2025-12-09,9:33:27.837347442,T,311.0,320,311.77,40,IBM
2025-12-09,9:33:28.206125292,T,311.0,280,311.77,40,IBM
2025-12-09,9:33:32.666543835,T,311.0,320,311.77,40,IBM
2025-12-09,9:33:32.666578895,T,311.0,320,311.81,160,IBM
2025-12-09,9:33:32.666603982,T,311.18,40,311.81,160,IBM
2025-12-09,9:33:32.666618984,T,311.19,80,311.81,160,IBM
2025-12-09,9:33:32.666644035,T,311.29,40,311.81,160,IBM
2025-12-09,9:33:32.674091724,T,311.19,80,311.81,160,IBM
2025-12-09,9:33:32.766832574,T,311.18,40,311.81,160,IBM
2025-12-09,9:33:33.123090674,T,311.29,40,311.81,160,IBM
2025-12-09,9:33:33.667020545,T,311.29,40,311.77,40,IBM
2025-12-09,9:33:33.667040531,T,311.0,320,311.77,40,IBM
2025-12-09,9:33:34.213842248,T,311.29,40,311.77,40,IBM
2025-12-09,9:33:35.403298947,T,311.0,320,311.77,40,IBM
2025-12-09,9:33:35.403333968,T,311.0,280,311.77,40,IBM
2025-12-09,9:33:35.403359019,T,311.0,280,311.45,40,IBM
2025-12-09,9:33:35.403654709,T,311.0,280,311.4,40,IBM
2025-12-09,9:33:35.403679902,T,311.0,280,311.45,40,IBM
2025-12-09,9:33:35.404075712,T,311.0,280,311.77,40,IBM
2025-12-09,9:33:35.404381516,T,311.0,320,311.77,40,IBM
2025-12-09,9:33:35.404807554,T,311.0,320,311.81,160,IBM
2025-12-09,9:33:36.405234175,T,311.0,320,311.77,40,IBM
2025-12-09,9:33:43.478993871,T,311.0,280,311.77,40,IBM
2025-12-09,9:33:48.795966537,T,311.0,280,311.45,40,IBM
2025-12-09,9:33:48.796357417,T,311.25,40,311.45,40,IBM
2025-12-09,9:33:48.796392489,T,311.25,80,311.45,40,IBM
2025-12-09,9:33:48.796427577,T,311.25,80,311.77,40,IBM
2025-12-09,9:33:48.799063910,T,311.25,40,311.77,40,IBM
2025-12-09,9:33:48.807599235,T,311.25,80,311.77,40,IBM
2025-12-09,9:33:48.866083465,T,311.25,40,311.77,40,IBM
2025-12-09,9:33:48.866118565,T,311.26,40,311.77,40,IBM
2025-12-09,9:33:49.013369035,T,311.26,200,311.77,40,IBM
2025-12-09,9:33:50.183379417,T,311.26,160,311.77,40,IBM
2025-12-09,9:33:50.183419532,T,311.29,40,311.77,40,IBM
2025-12-09,9:33:51.085647383,T,311.26,160,311.77,40,IBM
2025-12-09,9:33:51.085692879,T,311.26,160,311.38,40,IBM
2025-12-09,9:33:51.085782675,T,311.25,40,311.38,40,IBM
2025-12-09,9:33:51.085787732,T,311.0,280,311.38,40,IBM
2025-12-09,9:33:51.085802808,T,311.0,280,311.3,80,IBM
2025-12-09,9:33:51.085913001,T,311.0,280,311.38,40,IBM
2025-12-09,9:33:51.085988214,T,311.0,280,311.77,40,IBM
2025-12-09,9:33:51.086123572,T,311.0,280,311.38,40,IBM
2025-12-09,9:33:51.086188678,T,311.0,280,311.77,40,IBM
2025-12-09,9:33:51.086479379,T,311.0,280,311.81,160,IBM
2025-12-09,9:33:51.086564593,T,311.0,280,311.77,40,IBM
2025-12-09,9:33:51.087632131,T,311.0,280,311.81,160,IBM
2025-12-09,9:33:51.093055057,T,311.01,40,311.81,160,IBM
2025-12-09,9:33:51.343766847,T,311.0,280,311.81,160,IBM
2025-12-09,9:33:52.090549705,T,311.0,280,311.93,40,IBM
2025-12-09,9:33:52.090559660,T,311.0,280,311.64,160,IBM
2025-12-09,9:33:56.971333878,T,311.01,80,311.64,160,IBM
2025-12-09,9:33:57.277207018,T,311.0,280,311.64,160,IBM
2025-12-09,9:33:59.764608546,T,311.0,280,311.23,40,IBM
2025-12-09,9:34:00.702416280,T,311.0,320,311.23,40,IBM
2025-12-09,9:34:00.702416280,T,311.02,80,311.23,40,IBM
2025-12-09,9:34:00.702446356,T,311.1,40,311.23,40,IBM
2025-12-09,9:34:00.702817196,T,311.1,40,311.21,520,IBM
2025-12-09,9:34:00.702837228,T,311.02,80,311.21,520,IBM
2025-12-09,9:34:00.702852313,T,311.02,40,311.21,520,IBM
2025-12-09,9:34:00.702907395,T,311.02,40,311.21,200,IBM
2025-12-09,9:34:00.702952479,T,311.02,40,311.21,40,IBM
2025-12-09,9:34:00.802524622,T,311.0,280,311.21,40,IBM
2025-12-09,9:34:02.860283217,T,311.0,320,311.21,40,IBM
2025-12-09,9:34:05.142065314,T,311.0,320,311.23,40,IBM
2025-12-09,9:34:05.142090401,T,311.11,40,311.23,40,IBM
2025-12-09,9:34:05.142100424,T,311.11,40,311.4,40,IBM
2025-12-09,9:34:05.142115525,T,311.11,40,311.64,160,IBM
2025-12-09,9:34:05.142120634,T,311.11,80,311.64,160,IBM
2025-12-09,9:34:05.242193751,T,311.11,40,311.64,160,IBM
2025-12-09,9:34:11.651145644,T,311.11,120,311.64,160,IBM
2025-12-09,9:34:12.364874892,T,311.11,40,311.64,160,IBM
2025-12-09,9:34:12.475678549,T,311.13,80,311.64,160,IBM
2025-12-09,9:34:12.475974330,T,311.14,40,311.64,160,IBM
2025-12-09,9:34:12.476029427,T,311.26,80,311.64,160,IBM
2025-12-09,9:34:12.487942822,T,311.26,80,312.09,40,IBM
2025-12-09,9:34:12.487952836,T,311.26,80,311.81,160,IBM
2025-12-09,9:34:12.576137714,T,311.11,40,311.81,160,IBM
2025-12-09,9:34:12.576598814,T,311.27,40,311.81,160,IBM
2025-12-09,9:34:12.576608855,T,311.27,80,311.81,160,IBM
2025-12-09,9:34:12.576623953,T,311.27,40,311.81,160,IBM
2025-12-09,9:34:12.576628943,T,311.36,40,311.81,160,IBM
2025-12-09,9:34:12.576809322,T,311.36,40,311.81,560,IBM
2025-12-09,9:34:12.576914581,T,311.36,40,311.81,160,IBM
2025-12-09,9:34:12.576939595,T,311.36,40,311.67,400,IBM
2025-12-09,9:34:12.576944676,T,311.27,40,311.67,400,IBM
2025-12-09,9:34:12.578949410,T,311.27,80,311.67,400,IBM
2025-12-09,9:34:12.579074759,T,311.49,80,311.67,400,IBM
2025-12-09,9:34:12.580813920,T,311.27,80,311.67,400,IBM
2025-12-09,9:34:12.581029393,T,311.27,40,311.67,400,IBM
2025-12-09,9:34:12.655065665,T,311.49,80,311.67,400,IBM
2025-12-09,9:34:12.818895607,T,311.0,320,311.67,400,IBM
2025-12-09,9:34:16.082820843,T,311.0,320,311.67,240,IBM
2025-12-09,9:34:16.082835945,T,311.0,320,312.01,160,IBM
2025-12-09,9:34:16.082855963,T,311.57,40,312.01,160,IBM
2025-12-09,9:34:16.083286963,T,311.49,40,312.01,160,IBM
2025-12-09,9:34:16.083307060,T,311.11,40,312.01,160,IBM
2025-12-09,9:34:16.084098962,T,311.11,40,312.0,80,IBM
2025-12-09,9:34:16.091200859,T,311.0,320,312.0,80,IBM
2025-12-09,9:34:16.092944956,T,311.0,320,312.0,120,IBM
2025-12-09,9:34:17.083267543,T,311.0,320,312.0,200,IBM
2025-12-09,9:34:18.478634327,T,311.05,160,312.0,200,IBM
2025-12-09,9:34:21.776520216,T,311.05,160,312.0,240,IBM
2025-12-09,9:34:25.337171807,T,311.57,40,312.0,240,IBM
2025-12-09,9:34:34.670219912,T,311.57,40,312.0,280,IBM
2025-12-09,9:34:34.670260072,T,311.57,40,311.99,40,IBM
2025-12-09,9:34:34.671016838,T,311.57,40,311.99,200,IBM
2025-12-09,9:34:34.971878109,T,311.57,40,311.99,160,IBM
2025-12-09,9:34:40.688201393,T,311.64,40,311.99,160,IBM
2025-12-09,9:34:43.418751786,T,311.64,40,311.99,200,IBM
2025-12-09,9:34:43.461323332,T,311.26,40,311.99,200,IBM
2025-12-09,9:34:43.461323332,T,311.05,160,311.99,200,IBM
2025-12-09,9:34:43.461348295,T,311.05,160,311.82,40,IBM
2025-12-09,9:34:43.461353176,T,311.05,160,311.82,80,IBM
2025-12-09,9:34:43.461383324,T,311.05,160,311.82,120,IBM
2025-12-09,9:34:43.461398318,T,311.05,160,311.82,160,IBM
2025-12-09,9:34:43.461739186,T,311.05,160,311.75,40,IBM
2025-12-09,9:34:43.461779281,T,311.05,160,311.82,160,IBM
2025-12-09,9:34:43.461799289,T,311.05,160,311.82,80,IBM
2025-12-09,9:34:43.461884884,T,311.05,160,311.7,40,IBM
2025-12-09,9:34:43.461994811,T,311.05,160,311.65,40,IBM
2025-12-09,9:34:43.462004760,T,311.05,160,311.65,80,IBM
2025-12-09,9:34:43.462180351,T,311.05,160,311.6,40,IBM
2025-12-09,9:34:43.463292860,T,311.31,40,311.6,40,IBM
2025-12-09,9:34:43.463322861,T,311.31,40,311.65,80,IBM
2025-12-09,9:34:43.463322861,T,311.31,40,311.65,40,IBM
2025-12-09,9:34:43.463348233,T,311.32,40,311.65,40,IBM
2025-12-09,9:34:43.463348233,T,311.45,40,311.65,40,IBM
2025-12-09,9:34:43.463433191,T,311.45,40,311.82,40,IBM
2025-12-09,9:34:43.463458725,T,311.46,40,311.82,40,IBM
2025-12-09,9:34:43.463618654,T,311.46,80,311.82,40,IBM
2025-12-09,9:34:43.464064731,T,311.46,80,311.82,160,IBM
2025-12-09,9:34:43.464921709,T,311.46,80,311.8,80,IBM
2025-12-09,9:34:43.464941824,T,311.46,80,311.8,160,IBM
2025-12-09,9:34:43.464951813,T,311.46,80,311.8,200,IBM
2025-12-09,9:34:43.468079190,T,311.46,40,311.8,200,IBM
2025-12-09,9:34:43.563526472,T,311.45,40,311.8,200,IBM
2025-12-09,9:34:43.942413476,T,311.45,80,311.8,200,IBM
2025-12-09,9:34:43.943170248,T,311.45,80,311.8,120,IBM
2025-12-09,9:34:44.463739502,T,311.45,80,311.8,200,IBM
2025-12-09,9:34:44.991094942,T,311.45,40,311.8,200,IBM
2025-12-09,9:34:44.991120003,T,311.45,40,311.57,80,IBM
2025-12-09,9:34:44.991130023,T,311.11,40,311.57,80,IBM
2025-12-09,9:34:44.991160147,T,311.1,40,311.57,80,IBM
2025-12-09,9:34:44.991170084,T,311.1,40,311.57,120,IBM
2025-12-09,9:34:44.991525934,T,311.05,200,311.57,120,IBM
2025-12-09,9:34:44.991811611,T,311.05,160,311.57,120,IBM
2025-12-09,9:34:44.991836705,T,311.05,160,311.47,80,IBM
2025-12-09,9:34:44.991866790,T,311.05,160,311.47,120,IBM
2025-12-09,9:34:44.992167457,T,311.0,320,311.47,120,IBM
2025-12-09,9:34:44.993355444,T,311.0,320,311.47,40,IBM
2025-12-09,9:34:44.993390421,T,311.0,320,311.57,40,IBM
2025-12-09,9:34:44.993410492,T,311.01,40,311.57,40,IBM
2025-12-09,9:34:44.993420538,T,311.18,40,311.57,40,IBM
2025-12-09,9:34:44.994838861,T,311.12,80,311.57,40,IBM
2025-12-09,9:34:44.996212091,T,311.12,80,311.79,80,IBM
2025-12-09,9:34:44.996227206,T,311.12,80,311.75,40,IBM
2025-12-09,9:34:44.998467505,T,311.12,40,311.75,40,IBM
2025-12-09,9:34:45.000742936,T,311.12,40,311.79,80,IBM
2025-12-09,9:34:45.087850240,T,311.26,40,311.79,80,IBM
2025-12-09,9:34:45.091183210,T,311.26,40,311.79,40,IBM
2025-12-09,9:34:45.229096520,T,311.26,120,311.79,40,IBM
2025-12-09,9:34:45.229577663,T,311.26,80,311.79,40,IBM
2025-12-09,9:34:45.555393274,T,311.0,320,311.79,40,IBM
2025-12-09,9:34:45.897367361,T,311.34,80,311.79,40,IBM
2025-12-09,9:34:45.897372383,T,311.34,120,311.79,40,IBM
2025-12-09,9:34:45.897377363,T,311.34,120,311.8,40,IBM
2025-12-09,9:34:45.897402516,T,311.35,40,311.8,40,IBM
2025-12-09,9:34:45.997511336,T,311.34,80,311.8,40,IBM
2025-12-09,9:34:46.117571572,T,311.36,40,311.8,40,IBM
2025-12-09,9:34:46.814049700,T,311.34,80,311.8,40,IBM
2025-12-09,9:34:46.814069759,T,311.06,160,311.8,40,IBM
2025-12-09,9:34:47.749932663,T,311.37,40,311.8,40,IBM
2025-12-09,9:34:47.917611857,T,311.06,160,311.8,40,IBM
2025-12-09,9:34:49.371488110,T,311.38,40,311.8,40,IBM
2025-12-09,9:34:49.726939279,T,311.06,160,311.8,40,IBM
2025-12-09,9:34:50.500094800,T,311.06,200,311.8,40,IBM
2025-12-09,9:34:52.935031421,T,311.06,200,311.8,120,IBM
2025-12-09,9:34:53.574303294,T,311.06,200,311.8,40,IBM
2025-12-09,9:34:56.006408254,T,311.06,200,312.02,40,IBM
2025-12-09,9:34:56.235513650,T,311.06,200,311.77,40,IBM
2025-12-09,9:34:58.010799939,T,311.06,160,311.77,40,IBM
2025-12-09,9:34:58.319755407,T,311.06,160,311.77,80,IBM
2025-12-09,9:34:58.319755407,T,311.06,160,311.75,40,IBM
2025-12-09,9:34:59.748060435,T,311.06,160,311.81,40,IBM
2025-12-09,9:34:59.748115606,T,311.37,40,311.81,40,IBM
2025-12-09,9:35:00.715478741,T,311.37,40,311.72,40,IBM
2025-12-09,9:35:01.163189399,T,311.37,40,311.81,40,IBM
2025-12-09,9:35:01.857847939,T,311.5,40,311.81,40,IBM
2025-12-09,9:35:01.859366619,T,311.5,80,311.81,40,IBM
2025-12-09,9:35:01.998242145,T,311.5,80,312.02,40,IBM
2025-12-09,9:35:02.028198551,T,311.5,80,312.17,40,IBM
2025-12-09,9:35:02.674181266,T,311.5,80,312.02,40,IBM
2025-12-09,9:35:02.674241426,T,311.5,80,312.17,40,IBM
2025-12-09,9:35:02.674321600,T,311.56,40,312.17,40,IBM
2025-12-09,9:35:02.675744970,T,311.56,80,312.17,40,IBM
2025-12-09,9:35:02.978981864,T,311.56,40,312.17,40,IBM
2025-12-09,9:35:03.601348383,T,311.56,80,312.17,40,IBM
2025-12-09,9:35:03.602205517,T,311.56,40,312.17,40,IBM
2025-12-09,9:35:03.602250625,T,311.6,40,312.17,40,IBM
2025-12-09,9:35:03.602601364,T,311.68,40,312.17,40,IBM
2025-12-09,9:35:03.603147668,T,311.6,80,312.17,40,IBM
2025-12-09,9:35:03.884843275,T,311.6,80,311.9,40,IBM
2025-12-09,9:35:04.601729971,T,311.6,80,311.87,120,IBM
2025-12-09,9:35:05.546012954,T,311.6,80,311.76,40,IBM
2025-12-09,9:35:05.555229818,T,311.6,80,312.17,40,IBM
2025-12-09,9:35:05.555254892,T,311.6,120,312.17,40,IBM
2025-12-09,9:35:05.555315094,T,311.68,40,312.17,40,IBM
2025-12-09,9:35:05.555590681,T,311.6,120,312.17,40,IBM
2025-12-09,9:35:05.555781163,T,311.76,40,312.17,40,IBM
2025-12-09,9:35:05.555801222,T,311.6,80,312.17,40,IBM
2025-12-09,9:35:05.556021812,T,311.6,80,312.02,40,IBM
2025-12-09,9:35:05.556106914,T,311.68,40,312.02,40,IBM
2025-12-09,9:35:05.556137009,T,311.68,40,312.17,40,IBM
2025-12-09,9:35:05.556573107,T,311.6,40,312.17,40,IBM
2025-12-09,9:35:05.785087016,T,311.68,40,312.17,40,IBM
2025-12-09,9:35:06.140097149,T,311.68,40,312.23,200,IBM
2025-12-09,9:35:06.140162346,T,311.68,40,312.23,160,IBM
2025-12-09,9:35:06.555646524,T,311.68,40,312.23,200,IBM
2025-12-09,9:35:06.556152661,T,311.68,80,312.23,200,IBM
2025-12-09,9:35:06.854808631,T,311.68,40,312.23,200,IBM
2025-12-09,9:35:09.279811637,T,311.68,80,312.23,200,IBM
2025-12-09,9:35:10.067281299,T,311.68,80,312.23,160,IBM
2025-12-09,9:35:10.067301405,T,311.68,120,312.23,160,IBM
2025-12-09,9:35:10.067311451,T,311.69,40,312.23,160,IBM
2025-12-09,9:35:10.067316409,T,311.69,80,312.23,160,IBM
2025-12-09,9:35:10.067331437,T,311.69,40,312.23,160,IBM
2025-12-09,9:35:10.067331437,T,311.77,40,312.23,160,IBM
2025-12-09,9:35:10.067561952,T,311.77,80,312.23,160,IBM
2025-12-09,9:35:10.068123296,T,311.77,120,312.23,160,IBM
2025-12-09,9:35:10.075686378,T,311.77,80,312.23,160,IBM
2025-12-09,9:35:10.102660529,T,311.77,80,311.99,80,IBM
2025-12-09,9:35:10.102690839,T,311.77,40,311.99,80,IBM
2025-12-09,9:35:10.441206468,T,311.77,40,312.23,160,IBM
2025-12-09,9:35:10.861953034,T,311.9,40,312.23,160,IBM
2025-12-09,9:35:10.862389147,T,311.9,40,312.47,40,IBM
2025-12-09,9:35:10.862399100,T,311.9,40,312.4,160,IBM
2025-12-09,9:35:10.862509366,T,311.9,80,312.4,160,IBM
2025-12-09,9:35:10.862539420,T,311.9,120,312.4,160,IBM
2025-12-09,9:35:11.067697908,T,311.9,120,312.4,400,IBM
2025-12-09,9:35:12.145919692,T,311.9,120,312.4,440,IBM
2025-12-09,9:35:13.412765491,T,311.9,80,312.4,440,IBM
2025-12-09,9:35:15.283554280,T,311.96,120,312.4,440,IBM
2025-12-09,9:35:15.477911901,T,311.96,120,312.4,280,IBM
2025-12-09,9:35:15.544515368,T,311.96,120,312.4,240,IBM
2025-12-09,9:35:15.545021597,T,311.96,120,312.2,160,IBM
2025-12-09,9:35:20.613808448,T,311.96,120,312.57,160,IBM
2025-12-09,9:35:20.613833405,T,311.96,160,312.57,160,IBM
2025-12-09,9:35:20.613843461,T,311.97,40,312.57,160,IBM
2025-12-09,9:35:20.613848482,T,311.97,120,312.57,160,IBM
2025-12-09,9:35:20.613873543,T,311.97,80,312.57,160,IBM
2025-12-09,9:35:20.613878646,T,312.08,40,312.57,160,IBM
2025-12-09,9:35:20.613883594,T,312.08,80,312.57,160,IBM
2025-12-09,9:35:20.614074224,T,312.08,40,312.57,160,IBM
2025-12-09,9:35:20.614079081,T,312.16,40,312.57,160,IBM
2025-12-09,9:35:20.614936150,T,312.08,40,312.57,160,IBM
2025-12-09,9:35:20.614936150,T,312.27,40,312.57,160,IBM
2025-12-09,9:35:20.623827300,T,312.27,40,312.83,40,IBM
2025-12-09,9:35:20.704494648,T,312.08,40,312.83,40,IBM
2025-12-09,9:35:20.704494648,T,312.38,40,312.83,40,IBM
2025-12-09,9:35:20.704905270,T,312.46,40,312.83,40,IBM
2025-12-09,9:35:20.708794471,T,312.27,40,312.83,40,IBM
2025-12-09,9:35:20.708824542,T,312.08,40,312.83,40,IBM
2025-12-09,9:35:20.708844671,T,311.97,80,312.83,40,IBM
2025-12-09,9:35:20.714047097,T,311.96,160,312.83,40,IBM
2025-12-09,9:35:20.714077060,T,311.96,120,312.83,40,IBM
2025-12-09,9:35:20.714107212,T,311.96,160,312.83,40,IBM
2025-12-09,9:35:21.163065941,T,311.96,160,312.75,40,IBM
2025-12-09,9:35:21.292839861,T,312.38,80,312.75,40,IBM
2025-12-09,9:35:21.322981586,T,312.38,80,312.75,80,IBM
2025-12-09,9:35:21.614229933,T,312.38,80,312.75,240,IBM
2025-12-09,9:35:23.372686184,T,312.38,80,312.75,200,IBM
2025-12-09,9:35:26.148183463,T,312.38,80,312.75,280,IBM
2025-12-09,9:35:26.386576137,T,312.38,80,312.75,320,IBM
2025-12-09,9:35:26.756847580,T,312.38,80,312.75,240,IBM
2025-12-09,9:35:27.292111810,T,312.56,80,312.75,240,IBM
2025-12-09,9:35:27.446404098,T,312.56,80,312.75,200,IBM
2025-12-09,9:35:28.056576581,T,312.56,80,312.66,40,IBM
2025-12-09,9:35:28.057333375,T,312.56,80,312.66,160,IBM
2025-12-09,9:35:28.057373482,T,312.38,80,312.66,160,IBM
2025-12-09,9:35:28.057413601,T,312.38,80,312.65,40,IBM
2025-12-09,9:35:28.057428789,T,312.38,80,312.61,40,IBM
2025-12-09,9:35:28.057949890,T,312.38,120,312.61,40,IBM
2025-12-09,9:35:28.058270609,T,312.38,120,312.65,160,IBM
2025-12-09,9:35:28.058556269,T,312.38,120,312.61,120,IBM
2025-12-09,9:35:28.058591441,T,312.38,120,312.61,160,IBM
2025-12-09,9:35:28.060295602,T,312.38,120,312.61,40,IBM
2025-12-09,9:35:28.060300434,T,312.38,120,312.65,40,IBM
2025-12-09,9:35:28.060320554,T,312.49,40,312.65,40,IBM
2025-12-09,9:35:28.060330510,T,312.49,40,312.66,40,IBM
2025-12-09,9:35:28.060350570,T,312.49,80,312.66,40,IBM
2025-12-09,9:35:28.067793538,T,312.49,80,312.75,40,IBM
2025-12-09,9:35:28.067828419,T,312.49,80,313.01,160,IBM
2025-12-09,9:35:28.110189288,T,312.49,40,313.01,160,IBM
2025-12-09,9:35:28.110204265,T,312.49,40,312.88,40,IBM
2025-12-09,9:35:28.406544729,T,312.38,80,312.88,40,IBM
2025-12-09,9:35:28.638602189,T,312.38,80,313.01,160,IBM
2025-12-09,9:35:28.932050811,T,312.38,80,312.88,40,IBM
2025-12-09,9:35:29.060717154,T,312.38,80,312.88,120,IBM
2025-12-09,9:35:29.275287932,T,312.49,40,312.88,120,IBM
2025-12-09,9:35:29.627456319,T,312.49,40,312.88,80,IBM
2025-12-09,9:35:29.735769095,T,312.49,40,312.88,120,IBM
2025-12-09,9:35:30.076956623,T,312.5,40,312.88,120,IBM
2025-12-09,9:35:30.076981387,T,312.49,40,312.88,120,IBM
2025-12-09,9:35:30.076986431,T,312.62,40,312.88,120,IBM
2025-12-09,9:35:30.188301405,T,312.49,40,312.88,120,IBM
2025-12-09,9:35:30.758659523,T,312.49,40,312.86,80,IBM
2025-12-09,9:35:30.758699634,T,312.49,40,312.86,120,IBM
2025-12-09,9:35:30.759411256,T,312.49,40,312.86,200,IBM
2025-12-09,9:35:30.761671619,T,312.49,80,312.86,200,IBM
2025-12-09,9:35:30.809465408,T,312.49,80,312.86,120,IBM
2025-12-09,9:35:31.210474945,T,312.49,40,312.86,120,IBM
2025-12-09,9:35:31.760744831,T,312.5,80,312.86,120,IBM
2025-12-09,9:35:33.205794950,T,312.49,40,312.86,120,IBM
2025-12-09,9:35:33.207228312,T,312.51,40,312.86,120,IBM
2025-12-09,9:35:33.648088194,T,312.49,40,312.86,120,IBM
2025-12-09,9:35:34.438268831,T,312.52,40,312.86,120,IBM
2025-12-09,9:35:34.657230113,T,312.49,40,312.86,120,IBM
2025-12-09,9:35:34.663033898,T,312.52,40,312.86,120,IBM
2025-12-09,9:35:34.834817848,T,312.49,40,312.86,120,IBM
2025-12-09,9:35:38.423370803,T,312.52,80,312.86,120,IBM
2025-12-09,9:35:39.097360240,T,312.52,120,312.86,120,IBM
2025-12-09,9:35:39.167587437,T,312.53,40,312.86,120,IBM
2025-12-09,9:35:39.469325676,T,312.52,120,312.86,120,IBM
2025-12-09,9:35:39.950596453,T,312.53,40,312.86,120,IBM
2025-12-09,9:35:42.869510253,T,312.54,40,312.86,120,IBM
2025-12-09,9:35:43.260921955,T,312.53,40,312.86,120,IBM
2025-12-09,9:35:43.262425601,T,312.55,40,312.86,120,IBM
2025-12-09,9:35:43.787475466,T,312.53,40,312.86,120,IBM
2025-12-09,9:35:43.948323445,T,312.56,40,312.86,120,IBM
2025-12-09,9:35:44.150344381,T,312.53,40,312.86,120,IBM
2025-12-09,9:35:46.949197494,T,312.53,40,312.86,80,IBM
2025-12-09,9:35:46.949197494,T,312.57,40,312.86,80,IBM
2025-12-09,9:35:46.949488016,T,312.71,40,312.86,80,IBM
2025-12-09,9:35:46.949498421,T,312.71,40,312.88,40,IBM
2025-12-09,9:35:46.949523123,T,312.71,40,313.19,40,IBM
2025-12-09,9:35:46.949548205,T,312.53,40,313.19,40,IBM
2025-12-09,9:35:46.949548205,T,312.78,40,313.19,40,IBM
2025-12-09,9:35:46.949613372,T,312.78,40,313.23,200,IBM
2025-12-09,9:35:46.950074835,T,312.57,40,313.23,200,IBM
2025-12-09,9:35:46.954484954,T,312.53,40,313.23,200,IBM
2025-12-09,9:35:46.960895215,T,312.53,40,313.0,40,IBM
2025-12-09,9:35:47.002238593,T,312.52,120,313.0,40,IBM
2025-12-09,9:35:47.426834346,T,312.52,120,313.23,200,IBM
2025-12-09,9:35:47.688191550,T,312.52,120,313.0,40,IBM
2025-12-09,9:35:47.949919599,T,312.52,120,313.0,80,IBM
2025-12-09,9:35:48.415688419,T,312.52,120,313.0,40,IBM
2025-12-09,9:35:48.460234478,T,312.52,120,313.0,80,IBM
2025-12-09,9:35:48.460244484,T,312.52,120,312.99,40,IBM
2025-12-09,9:35:48.460244484,T,312.52,120,312.99,80,IBM
2025-12-09,9:35:48.460264533,T,312.52,120,312.99,120,IBM
2025-12-09,9:35:48.460269528,T,312.52,120,312.88,40,IBM
2025-12-09,9:35:48.461402284,T,312.52,120,312.88,80,IBM
2025-12-09,9:35:48.464629976,T,312.52,120,312.88,40,IBM
2025-12-09,9:35:49.167062127,T,312.67,120,312.88,40,IBM
2025-12-09,9:35:51.223758333,T,312.67,120,313.0,40,IBM
2025-12-09,9:35:51.224244579,T,312.67,120,313.23,200,IBM
2025-12-09,9:35:51.224284673,T,312.68,40,313.23,200,IBM
2025-12-09,9:35:51.229091039,T,312.68,40,313.0,40,IBM
2025-12-09,9:35:51.324578376,T,312.67,120,313.0,40,IBM
2025-12-09,9:35:51.382255726,T,312.67,120,313.23,200,IBM
2025-12-09,9:35:51.445912298,T,312.67,120,313.0,40,IBM
2025-12-09,9:35:52.224676157,T,312.67,120,313.0,80,IBM
2025-12-09,9:35:52.371109742,T,312.67,120,313.0,40,IBM
2025-12-09,9:35:52.678922495,T,312.67,120,313.0,80,IBM
2025-12-09,9:35:53.359958803,T,312.67,120,313.0,40,IBM
2025-12-09,9:35:53.569883479,T,312.67,120,313.0,80,IBM
2025-12-09,9:35:54.348817829,T,312.67,120,313.0,40,IBM
2025-12-09,9:35:54.631711307,T,312.67,120,313.0,80,IBM
2025-12-09,9:35:55.295656868,T,312.77,40,313.0,80,IBM
2025-12-09,9:35:55.337491458,T,312.77,40,313.0,40,IBM
2025-12-09,9:35:55.633425910,T,312.77,40,313.0,80,IBM
2025-12-09,9:35:56.326350609,T,312.77,40,313.0,40,IBM
2025-12-09,9:35:56.559124711,T,312.77,40,313.0,80,IBM
2025-12-09,9:35:57.315204601,T,312.77,40,313.0,40,IBM
2025-12-09,9:35:57.413919588,T,312.77,40,313.0,80,IBM
2025-12-09,9:35:58.304058747,T,312.77,40,313.0,40,IBM
2025-12-09,9:35:58.348168590,T,312.77,40,313.0,80,IBM
2025-12-09,9:35:58.381122067,T,312.77,40,312.91,40,IBM
2025-12-09,9:36:00.873751363,T,312.77,40,313.0,40,IBM
2025-12-09,9:36:00.873751363,T,312.77,40,313.05,80,IBM
2025-12-09,9:36:00.873786462,T,312.82,40,313.05,80,IBM
2025-12-09,9:36:00.874142247,T,312.77,40,313.05,80,IBM
2025-12-09,9:36:00.874147249,T,312.77,40,313.05,40,IBM
2025-12-09,9:36:00.896099518,T,312.77,40,313.0,80,IBM
2025-12-09,9:36:01.295700833,T,312.86,40,313.0,80,IBM
2025-12-09,9:36:01.749150208,T,312.86,40,313.05,40,IBM
2025-12-09,9:36:03.895324243,T,312.87,40,313.05,40,IBM
2025-12-09,9:36:05.364546890,T,312.86,40,313.05,40,IBM
2025-12-09,9:36:05.364612050,T,312.86,40,313.0,40,IBM
2025-12-09,9:36:05.364632087,T,312.86,40,313.05,40,IBM
2025-12-09,9:36:05.364642130,T,312.86,40,313.0,40,IBM
2025-12-09,9:36:05.364952860,T,312.86,40,313.05,40,IBM
2025-12-09,9:36:05.364962862,T,312.77,40,313.05,40,IBM
2025-12-09,9:36:05.748901928,T,312.77,40,312.93,80,IBM
2025-12-09,9:36:17.092310949,T,312.77,40,312.98,40,IBM
2025-12-09,9:36:17.092386128,T,312.89,40,312.98,40,IBM
2025-12-09,9:36:17.092937423,T,312.89,40,313.0,40,IBM
2025-12-09,9:36:17.093919745,T,312.77,40,313.0,40,IBM
2025-12-09,9:36:19.362580675,T,312.77,40,313.04,40,IBM
2025-12-09,9:36:21.293482206,T,312.77,40,313.0,40,IBM
2025-12-09,9:36:21.293502274,T,312.77,40,312.95,40,IBM
2025-12-09,9:36:21.295983227,T,312.77,40,313.04,40,IBM
2025-12-09,9:36:21.307821691,T,312.77,40,313.0,40,IBM
2025-12-09,9:36:21.307871474,T,312.77,40,312.93,40,IBM
2025-12-09,9:36:21.307891622,T,312.77,40,313.0,40,IBM
2025-12-09,9:36:21.307891622,T,312.77,40,312.93,40,IBM
2025-12-09,9:36:21.307906594,T,312.77,40,312.89,40,IBM
2025-12-09,9:36:22.867745035,T,312.77,80,312.89,40,IBM
2025-12-09,9:36:24.155846408,T,312.77,80,313.01,40,IBM
2025-12-09,9:36:25.594942365,T,312.77,80,313.0,40,IBM
2025-12-09,9:36:25.595268094,T,312.77,40,313.0,40,IBM
2025-12-09,9:36:25.595268094,T,312.35,160,313.0,40,IBM
2025-12-09,9:36:25.595288131,T,312.35,160,312.89,40,IBM
2025-12-09,9:36:25.595303157,T,312.35,160,313.0,40,IBM
2025-12-09,9:36:25.595303157,T,312.35,160,312.89,40,IBM
2025-12-09,9:36:25.595628910,T,312.35,160,313.0,40,IBM
2025-12-09,9:36:25.599412954,T,312.35,160,313.01,40,IBM
2025-12-09,9:36:27.087711073,T,312.35,160,312.98,40,IBM
2025-12-09,9:36:32.164762431,T,312.35,160,312.95,80,IBM
2025-12-09,9:36:32.958642268,T,312.35,160,312.98,40,IBM
2025-12-09,9:36:37.027724181,T,312.35,160,312.95,80,IBM
2025-12-09,9:36:40.314583829,T,312.35,160,312.98,40,IBM
2025-12-09,9:36:46.386243010,T,312.35,160,312.95,40,IBM
2025-12-09,9:36:46.386253015,T,312.35,160,312.98,40,IBM
2025-12-09,9:36:46.386253015,T,312.35,160,312.85,40,IBM
2025-12-09,9:36:46.391490551,T,312.27,40,312.85,40,IBM
2025-12-09,9:36:46.392543049,T,312.27,40,312.94,40,IBM
2025-12-09,9:36:46.487438949,T,312.27,40,312.98,40,IBM
2025-12-09,9:36:46.644302438,T,312.27,40,312.78,40,IBM
2025-12-09,9:36:46.644648237,T,312.27,40,312.77,40,IBM
2025-12-09,9:36:46.644663207,T,312.18,200,312.77,40,IBM
2025-12-09,9:36:46.835667953,T,312.18,200,312.78,40,IBM
2025-12-09,9:36:47.782071044,T,312.18,200,312.77,40,IBM
2025-12-09,9:36:49.016103719,T,312.18,200,312.81,40,IBM
2025-12-09,9:36:55.495288166,T,312.18,200,312.73,80,IBM
2025-12-09,9:36:59.357868371,T,312.18,200,312.68,40,IBM
2025-12-09,9:36:59.358078742,T,312.18,200,312.68,80,IBM
2025-12-09,9:36:59.413450519,T,312.18,200,312.68,40,IBM
2025-12-09,9:36:59.453977066,T,312.18,200,312.61,40,IBM
2025-12-09,9:36:59.454187549,T,312.18,200,312.61,80,IBM
2025-12-09,9:36:59.454272794,T,312.18,40,312.61,80,IBM
2025-12-09,9:36:59.454297806,T,312.06,40,312.61,80,IBM
2025-12-09,9:36:59.454513283,T,312.06,40,312.59,40,IBM
2025-12-09,9:36:59.454623633,T,312.0,200,312.59,40,IBM
2025-12-09,9:36:59.454974430,T,312.0,160,312.59,40,IBM
2025-12-09,9:36:59.455004449,T,312.0,160,312.51,40,IBM
2025-12-09,9:36:59.455039925,T,312.0,160,312.61,80,IBM
2025-12-09,9:36:59.455039925,T,312.0,160,312.43,40,IBM
2025-12-09,9:36:59.467880163,T,312.01,80,312.43,40,IBM
2025-12-09,9:36:59.468386324,T,312.01,80,312.43,80,IBM
2025-12-09,9:36:59.666322559,T,312.01,80,312.43,40,IBM
2025-12-09,9:37:00.118103135,T,312.01,80,312.68,40,IBM
2025-12-09,9:37:00.616514624,T,312.01,80,312.48,40,IBM
2025-12-09,9:37:01.393900303,T,312.01,80,312.46,40,IBM
2025-12-09,9:37:02.510558637,T,312.29,40,312.46,40,IBM
2025-12-09,9:37:02.511109941,T,312.01,80,312.46,40,IBM
2025-12-09,9:37:02.511395633,T,311.96,40,312.46,40,IBM
2025-12-09,9:37:02.611448790,T,311.83,160,312.46,40,IBM
2025-12-09,9:37:02.669567154,T,311.94,40,312.46,40,IBM
2025-12-09,9:37:02.669757658,T,311.94,40,312.48,40,IBM
2025-12-09,9:37:02.669777626,T,311.96,40,312.48,40,IBM
2025-12-09,9:37:02.669802898,T,311.94,40,312.48,40,IBM
2025-12-09,9:37:02.669802898,T,311.96,40,312.48,40,IBM
2025-12-09,9:37:02.670013259,T,311.83,160,312.48,40,IBM
2025-12-09,9:37:02.682152108,T,311.96,40,312.48,40,IBM
2025-12-09,9:37:02.690261444,T,311.83,160,312.48,40,IBM
2025-12-09,9:37:03.490240877,T,311.83,160,312.68,40,IBM
2025-12-09,9:37:03.584670623,T,311.83,160,312.67,40,IBM
2025-12-09,9:37:03.683500861,T,311.83,160,312.68,40,IBM
2025-12-09,9:37:07.465719884,T,311.94,40,312.68,40,IBM
2025-12-09,9:37:10.442757143,T,312.24,40,312.68,40,IBM
2025-12-09,9:37:10.442812153,T,312.23,40,312.68,40,IBM
2025-12-09,9:37:10.442817097,T,312.34,40,312.68,40,IBM
2025-12-09,9:37:10.443333363,T,312.23,40,312.68,40,IBM
2025-12-09,9:37:10.444250469,T,312.23,40,312.63,40,IBM
2025-12-09,9:37:10.444265497,T,311.96,40,312.63,40,IBM
2025-12-09,9:37:10.447698699,T,311.94,40,312.63,40,IBM
2025-12-09,9:37:10.542885252,T,311.83,160,312.63,40,IBM
2025-12-09,9:37:11.685329961,T,311.83,160,312.6,40,IBM
2025-12-09,9:37:11.689845750,T,311.83,160,312.63,80,IBM
2025-12-09,9:37:11.697924987,T,311.83,160,312.63,40,IBM
2025-12-09,9:37:11.798985516,T,312.16,40,312.63,40,IBM
2025-12-09,9:37:13.267030370,T,312.16,40,312.63,80,IBM
2025-12-09,9:37:13.268198140,T,312.16,40,312.53,40,IBM
2025-12-09,9:37:13.269000019,T,311.83,160,312.53,40,IBM
2025-12-09,9:37:13.269025064,T,311.83,160,312.27,40,IBM
2025-12-09,9:37:13.279910987,T,311.58,40,312.27,40,IBM
2025-12-09,9:37:13.279920989,T,311.66,160,312.27,40,IBM
2025-12-09,9:37:14.951104374,T,311.66,160,312.27,80,IBM
2025-12-09,9:37:15.428119987,T,312.0,40,312.27,80,IBM
2025-12-09,9:37:15.428140041,T,312.0,40,312.27,40,IBM
2025-12-09,9:37:15.428816622,T,312.0,40,312.73,80,IBM
2025-12-09,9:37:15.443035516,T,312.05,40,312.73,80,IBM
2025-12-09,9:37:15.575500877,T,312.0,40,312.73,80,IBM
2025-12-09,9:37:15.725848736,T,312.06,40,312.73,80,IBM
2025-12-09,9:37:16.321827790,T,312.06,40,312.39,40,IBM
2025-12-09,9:37:16.321827790,T,312.0,40,312.39,40,IBM
2025-12-09,9:37:16.322133216,T,312.0,40,312.39,80,IBM
2025-12-09,9:37:16.326643943,T,312.0,40,312.39,120,IBM
2025-12-09,9:37:16.326689195,T,312.0,40,312.3,40,IBM
2025-12-09,9:37:16.326689195,T,312.0,40,312.39,120,IBM
2025-12-09,9:37:16.326689195,T,312.0,40,312.23,40,IBM
2025-12-09,9:37:16.326784260,T,312.0,40,312.21,40,IBM
2025-12-09,9:37:16.326819376,T,312.0,40,312.12,40,IBM
2025-12-09,9:37:16.327049922,T,311.66,160,312.12,40,IBM
2025-12-09,9:37:16.334888976,T,311.66,160,312.7,40,IBM
2025-12-09,9:37:16.348696446,T,311.66,160,312.71,40,IBM
2025-12-09,9:37:16.349633747,T,311.66,160,312.73,80,IBM
2025-12-09,9:37:16.349758988,T,311.66,160,312.7,40,IBM
2025-12-09,9:37:16.421895739,T,311.66,160,312.73,80,IBM
2025-12-09,9:37:16.831114935,T,311.73,80,312.73,80,IBM
2025-12-09,9:37:17.258567417,T,311.66,160,312.73,80,IBM
2025-12-09,9:37:17.381605328,T,311.66,160,312.7,40,IBM
2025-12-09,9:37:17.381630587,T,311.66,160,312.51,40,IBM
2025-12-09,9:37:17.381630587,T,311.66,160,312.73,80,IBM
2025-12-09,9:37:17.381635379,T,311.66,160,312.51,40,IBM
2025-12-09,9:37:17.381670560,T,311.66,160,312.7,40,IBM
2025-12-09,9:37:17.381700581,T,311.66,160,312.6,40,IBM
2025-12-09,9:37:17.383144277,T,311.66,160,312.71,40,IBM
2025-12-09,9:37:17.383148999,T,311.66,160,312.6,40,IBM
2025-12-09,9:37:17.383434712,T,311.46,40,312.6,40,IBM
2025-12-09,9:37:17.383444753,T,311.47,160,312.6,40,IBM
2025-12-09,9:37:17.383469748,T,311.47,160,312.49,40,IBM
2025-12-09,9:37:17.384046166,T,311.47,200,312.49,40,IBM
2025-12-09,9:37:17.384076240,T,311.47,200,312.7,40,IBM
2025-12-09,9:37:17.384076240,T,311.47,160,312.7,40,IBM
2025-12-09,9:37:17.386050967,T,311.47,160,312.73,80,IBM
2025-12-09,9:37:17.478831795,T,311.47,160,312.71,40,IBM
2025-12-09,9:37:17.518175420,T,311.46,40,312.71,40,IBM
2025-12-09,9:37:17.518180502,T,311.69,160,312.71,40,IBM
2025-12-09,9:37:17.852486280,T,311.69,160,312.73,80,IBM
2025-12-09,9:37:19.427856568,T,311.97,40,312.73,80,IBM
2025-12-09,9:37:19.508749153,T,311.99,40,312.73,80,IBM
2025-12-09,9:37:19.509125076,T,311.99,40,312.34,40,IBM
2025-12-09,9:37:19.584589726,T,311.97,40,312.34,40,IBM
2025-12-09,9:37:19.853134094,T,311.97,40,312.17,40,IBM
2025-12-09,9:37:19.881050510,T,311.69,160,312.17,40,IBM
2025-12-09,9:37:19.881055500,T,311.97,40,312.17,40,IBM
2025-12-09,9:37:19.881070527,T,311.97,40,312.17,80,IBM
2025-12-09,9:37:19.881080545,T,311.69,160,312.17,80,IBM
2025-12-09,9:37:19.881085557,T,311.69,160,312.17,40,IBM
2025-12-09,9:37:19.881105671,T,311.69,160,312.16,40,IBM
2025-12-09,9:37:19.881306142,T,311.69,160,312.15,40,IBM
2025-12-09,9:37:19.882408738,T,311.34,40,312.15,40,IBM
2025-12-09,9:37:19.882413718,T,311.39,160,312.15,40,IBM
2025-12-09,9:37:19.882448790,T,311.39,200,312.15,40,IBM
2025-12-09,9:37:19.885756716,T,311.39,200,312.16,40,IBM
2025-12-09,9:37:19.906962253,T,311.58,40,312.16,40,IBM
2025-12-09,9:37:19.919827875,T,311.87,40,312.16,40,IBM
2025-12-09,9:37:19.936231939,T,311.87,40,312.33,40,IBM
2025-12-09,9:37:19.936241887,T,311.87,40,312.34,80,IBM
2025-12-09,9:37:19.954129495,T,311.87,40,312.34,40,IBM
2025-12-09,9:37:20.134864750,T,311.58,40,312.34,40,IBM
2025-12-09,9:37:20.329538225,T,311.87,40,312.34,40,IBM
2025-12-09,9:37:22.178168996,T,311.87,40,312.15,40,IBM
2025-12-09,9:37:27.880263335,T,311.88,40,312.15,40,IBM
2025-12-09,9:37:28.088809890,T,311.87,40,312.15,40,IBM
2025-12-09,9:37:30.107735994,T,311.87,40,312.14,120,IBM
2025-12-09,9:37:30.237449810,T,311.87,40,312.15,40,IBM
2025-12-09,9:37:38.593482314,T,311.89,80,312.15,40,IBM
2025-12-09,9:37:38.810889764,T,311.87,40,312.15,40,IBM
2025-12-09,9:37:40.410838758,T,311.46,40,312.15,40,IBM
2025-12-09,9:37:40.820534108,T,311.59,160,312.15,40,IBM
2025-12-09,9:37:41.219373496,T,311.89,40,312.15,40,IBM
2025-12-09,9:37:44.273985132,T,311.89,40,312.34,40,IBM
2025-12-09,9:37:44.274005192,T,311.9,40,312.34,40,IBM
2025-12-09,9:37:44.274010692,T,311.91,40,312.34,40,IBM
2025-12-09,9:37:44.274050284,T,311.89,40,312.34,40,IBM
2025-12-09,9:37:44.274075399,T,311.9,40,312.34,40,IBM
2025-12-09,9:37:44.274511423,T,311.91,40,312.34,40,IBM
2025-12-09,9:37:44.274581637,T,312.04,40,312.34,40,IBM
2025-12-09,9:37:44.275353459,T,311.92,40,312.34,40,IBM
2025-12-09,9:37:44.279227660,T,311.91,40,312.34,40,IBM
2025-12-09,9:37:44.281367806,T,311.91,40,312.34,80,IBM
2025-12-09,9:37:44.281372704,T,311.91,40,312.33,40,IBM
2025-12-09,9:37:44.281392843,T,311.91,40,312.15,40,IBM
2025-12-09,9:37:44.374033357,T,311.89,40,312.15,40,IBM
2025-12-09,9:37:44.374389195,T,311.89,40,312.15,80,IBM
2025-12-09,9:37:44.374409257,T,311.89,40,312.15,40,IBM
2025-12-09,9:37:44.374414276,T,311.89,40,312.33,40,IBM
2025-12-09,9:37:44.374414276,T,311.89,40,312.1,40,IBM
2025-12-09,9:37:44.646461950,T,311.59,160,312.1,40,IBM
2025-12-09,9:37:45.245893879,T,311.9,40,312.1,40,IBM
2025-12-09,9:37:45.656882289,T,311.9,40,312.1,80,IBM
2025-12-09,9:37:47.120035377,T,311.59,160,312.1,80,IBM
2025-12-09,9:37:51.487462501,T,311.59,160,312.1,120,IBM
2025-12-09,9:37:56.745544796,T,311.92,80,312.1,120,IBM
2025-12-09,9:37:57.080657653,T,311.92,80,312.1,80,IBM
2025-12-09,9:37:57.081675101,T,311.59,160,312.1,80,IBM
2025-12-09,9:37:57.691341408,T,311.91,40,312.1,80,IBM
2025-12-09,9:37:58.035220041,T,311.91,40,312.1,40,IBM
2025-12-09,9:37:59.575126086,T,311.91,40,312.19,40,IBM
2025-12-09,9:37:59.627565824,T,311.92,40,312.19,40,IBM
2025-12-09,9:37:59.881500326,T,311.91,40,312.19,40,IBM
2025-12-09,9:37:59.882297233,T,311.91,40,312.09,40,IBM
2025-12-09,9:38:02.125271827,T,311.92,80,312.09,40,IBM
2025-12-09,9:38:02.235348772,T,311.91,40,312.09,40,IBM
2025-12-09,9:38:02.392598070,T,311.94,40,312.09,40,IBM
2025-12-09,9:38:02.392633168,T,311.94,80,312.09,40,IBM
2025-12-09,9:38:02.576866780,T,311.94,40,312.09,40,IBM
2025-12-09,9:38:02.716504168,T,311.91,40,312.09,40,IBM
2025-12-09,9:38:02.716514354,T,311.59,160,312.09,40,IBM
2025-12-09,9:38:02.716539237,T,311.59,160,312.09,80,IBM
2025-12-09,9:38:02.716579644,T,311.59,160,312.02,40,IBM
2025-12-09,9:38:02.716609394,T,311.59,160,312.04,40,IBM
2025-12-09,9:38:02.716614433,T,311.59,160,312.09,80,IBM
2025-12-09,9:38:02.716629560,T,311.59,160,312.09,40,IBM
2025-12-09,9:38:02.716714609,T,311.59,160,312.09,80,IBM
2025-12-09,9:38:02.716724676,T,311.59,160,312.09,40,IBM
2025-12-09,9:38:02.716804934,T,311.59,160,312.09,80,IBM
2025-12-09,9:38:02.716985365,T,311.59,160,312.01,40,IBM
2025-12-09,9:38:02.717170740,T,311.59,160,312.01,80,IBM
2025-12-09,9:38:02.717476459,T,311.59,280,312.01,80,IBM
2025-12-09,9:38:02.717581737,T,311.59,120,312.01,80,IBM
2025-12-09,9:38:02.717827310,T,311.59,120,312.01,40,IBM
2025-12-09,9:38:02.725585829,T,311.59,80,312.01,40,IBM
2025-12-09,9:38:02.725590820,T,311.37,160,312.01,40,IBM
2025-12-09,9:38:02.725615810,T,311.76,120,312.01,40,IBM
2025-12-09,9:38:02.819434180,T,311.76,120,312.0,40,IBM
2025-12-09,9:38:02.859108641,T,311.76,120,312.19,40,IBM
2025-12-09,9:38:02.859128739,T,311.37,160,312.19,40,IBM
2025-12-09,9:38:02.859133691,T,311.46,40,312.19,40,IBM
2025-12-09,9:38:02.859133691,T,311.88,40,312.19,40,IBM
2025-12-09,9:38:02.859153796,T,311.99,120,312.19,40,IBM
2025-12-09,9:38:02.859178796,T,311.99,40,312.19,40,IBM
2025-12-09,9:38:02.859203815,T,311.86,40,312.19,40,IBM
2025-12-09,9:38:02.859223858,T,311.99,40,312.19,40,IBM
2025-12-09,9:38:02.859238976,T,311.86,40,312.19,40,IBM
2025-12-09,9:38:02.859259002,T,311.99,40,312.19,40,IBM
2025-12-09,9:38:02.861579562,T,311.99,40,312.21,40,IBM
2025-12-09,9:38:02.861579562,T,311.99,80,312.21,40,IBM
2025-12-09,9:38:02.861599614,T,311.86,40,312.21,40,IBM
2025-12-09,9:38:02.861614819,T,311.77,40,312.21,40,IBM
2025-12-09,9:38:02.861614819,T,312.01,40,312.21,40,IBM
2025-12-09,9:38:02.861624566,T,312.08,40,312.21,40,IBM
2025-12-09,9:38:02.861654718,T,312.01,40,312.21,40,IBM
2025-12-09,9:38:02.861925356,T,311.46,40,312.21,40,IBM
2025-12-09,9:38:02.862331320,T,311.77,40,312.21,40,IBM
2025-12-09,9:38:02.862411544,T,311.57,40,312.21,40,IBM
2025-12-09,9:38:02.862526780,T,311.97,40,312.21,40,IBM
2025-12-09,9:38:02.863138280,T,311.46,40,312.21,40,IBM
2025-12-09,9:38:02.863173593,T,311.57,40,312.21,40,IBM
2025-12-09,9:38:02.863198408,T,311.86,40,312.21,40,IBM
2025-12-09,9:38:03.579398258,T,311.86,40,312.28,40,IBM
2025-12-09,9:38:04.154748034,T,311.86,40,312.34,80,IBM
2025-12-09,9:38:04.219817980,T,311.86,40,312.34,40,IBM
2025-12-09,9:38:04.219838047,T,311.99,40,312.34,40,IBM
2025-12-09,9:38:05.479787517,T,311.99,40,312.13,120,IBM
2025-12-09,9:38:05.479802592,T,311.86,40,312.13,120,IBM
2025-12-09,9:38:05.479837592,T,311.86,40,312.34,40,IBM
2025-12-09,9:38:05.479862755,T,311.99,40,312.34,40,IBM
2025-12-09,9:38:05.480434049,T,312.02,40,312.34,40,IBM
2025-12-09,9:38:05.484874589,T,311.99,40,312.34,40,IBM
2025-12-09,9:38:05.484894626,T,311.57,40,312.34,40,IBM
2025-12-09,9:38:05.500261227,T,311.54,160,312.34,40,IBM
2025-12-09,9:38:10.359133109,T,311.54,160,312.25,40,IBM
2025-12-09,9:38:15.524013737,T,311.54,160,312.19,120,IBM
2025-12-09,9:38:15.655316353,T,311.54,160,312.25,40,IBM
2025-12-09,9:38:16.331881957,T,311.54,160,312.34,40,IBM
2025-12-09,9:38:16.369997658,T,311.54,160,312.34,80,IBM
2025-12-09,9:38:21.046445150,T,311.54,160,312.28,40,IBM
2025-12-09,9:38:21.573910990,T,311.54,160,312.34,80,IBM
2025-12-09,9:38:22.497810239,T,311.54,160,312.22,40,IBM
2025-12-09,9:38:23.635348270,T,311.54,160,312.34,80,IBM
2025-12-09,9:38:24.323972585,T,311.54,160,312.28,40,IBM
2025-12-09,9:38:24.511539167,T,311.54,160,312.34,80,IBM
2025-12-09,9:38:24.511624415,T,311.54,160,312.28,40,IBM
2025-12-09,9:38:33.735457640,T,311.86,40,312.28,40,IBM
2025-12-09,9:38:33.735467679,T,311.86,40,312.34,40,IBM
2025-12-09,9:38:33.735492778,T,311.99,40,312.34,40,IBM
2025-12-09,9:38:33.735918794,T,311.57,40,312.34,40,IBM
2025-12-09,9:38:33.735923750,T,312.06,40,312.34,40,IBM
2025-12-09,9:38:33.736124268,T,312.06,40,312.34,80,IBM
2025-12-09,9:38:33.736124268,T,312.06,40,312.34,40,IBM
2025-12-09,9:38:33.736550479,T,311.68,40,312.34,40,IBM
2025-12-09,9:38:33.736550479,T,312.13,40,312.34,40,IBM
2025-12-09,9:38:33.739838076,T,311.54,160,312.34,40,IBM
2025-12-09,9:38:33.766641900,T,311.99,40,312.34,40,IBM
2025-12-09,9:38:33.767348564,T,311.99,40,312.66,160,IBM
2025-12-09,9:38:33.865407045,T,311.99,40,312.6,40,IBM
2025-12-09,9:38:34.776886872,T,312.01,40,312.6,40,IBM
2025-12-09,9:38:35.260578242,T,311.99,40,312.6,40,IBM
2025-12-09,9:38:35.260818861,T,312.01,40,312.6,40,IBM
2025-12-09,9:38:42.369902843,T,312.03,40,312.6,40,IBM
2025-12-09,9:38:42.369932612,T,312.15,40,312.6,40,IBM
2025-12-09,9:38:42.369968299,T,312.15,80,312.6,40,IBM
2025-12-09,9:38:42.369997799,T,312.15,40,312.6,40,IBM
2025-12-09,9:38:42.370002835,T,312.25,40,312.6,40,IBM
2025-12-09,9:38:42.370173174,T,312.25,40,312.66,200,IBM
2025-12-09,9:38:42.370203262,T,312.25,40,312.66,160,IBM
2025-12-09,9:38:42.615692670,T,312.25,40,312.71,40,IBM
2025-12-09,9:38:42.616183855,T,312.01,40,312.71,40,IBM
2025-12-09,9:38:43.668494090,T,312.25,40,312.71,40,IBM
2025-12-09,9:38:43.668519154,T,312.26,40,312.71,40,IBM
2025-12-09,9:38:43.668529137,T,312.26,40,312.73,80,IBM
2025-12-09,9:38:43.668564300,T,312.26,80,312.73,80,IBM
2025-12-09,9:38:43.668624696,T,312.26,40,312.73,80,IBM
2025-12-09,9:38:43.668629434,T,312.37,40,312.73,80,IBM
2025-12-09,9:38:43.669295984,T,312.26,40,312.73,80,IBM
2025-12-09,9:38:43.669506509,T,312.37,40,312.73,80,IBM
2025-12-09,9:38:43.673496057,T,312.26,40,312.73,80,IBM
2025-12-09,9:38:43.674027318,T,312.27,40,312.73,80,IBM
2025-12-09,9:38:43.674057382,T,312.38,40,312.73,80,IBM
2025-12-09,9:38:43.688025590,T,312.01,40,312.73,80,IBM
2025-12-09,9:38:43.690376246,T,312.38,40,312.73,80,IBM
2025-12-09,9:38:46.605145105,T,312.01,40,312.73,80,IBM
2025-12-09,9:38:48.794852607,T,312.39,40,312.73,80,IBM
2025-12-09,9:38:48.818935048,T,312.01,40,312.73,80,IBM
2025-12-09,9:38:55.222338938,T,312.08,160,312.73,80,IBM
2025-12-09,9:38:55.250044904,T,312.39,40,312.73,80,IBM
2025-12-09,9:38:55.250059895,T,312.4,40,312.73,80,IBM
2025-12-09,9:38:55.263241320,T,312.49,40,312.73,80,IBM
2025-12-09,9:38:55.286170899,T,312.49,40,313.0,160,IBM
2025-12-09,9:38:55.807933000,T,312.39,40,313.0,160,IBM
2025-12-09,9:38:55.808138515,T,312.08,160,313.0,160,IBM
2025-12-09,9:38:55.808158511,T,312.08,160,312.84,40,IBM
2025-12-09,9:38:55.808163512,T,312.08,160,312.7,40,IBM
2025-12-09,9:38:55.818768772,T,312.08,160,312.61,40,IBM
2025-12-09,9:38:55.827143746,T,312.08,160,312.65,40,IBM
2025-12-09,9:38:55.827173834,T,312.08,160,312.7,40,IBM
2025-12-09,9:38:55.831729581,T,312.08,160,312.65,40,IBM
2025-12-09,9:38:55.831729581,T,312.08,160,312.7,40,IBM
2025-12-09,9:38:55.908677906,T,312.08,160,312.84,40,IBM
2025-12-09,9:38:55.919017464,T,312.08,160,313.0,200,IBM
2025-12-09,9:38:55.997759938,T,312.08,160,313.0,160,IBM
2025-12-09,9:38:56.242547635,T,312.08,160,313.0,200,IBM
2025-12-09,9:38:58.729272424,T,312.08,160,312.94,40,IBM
2025-12-09,9:38:58.729302575,T,312.08,160,312.84,40,IBM
2025-12-09,9:38:58.729302575,T,312.08,160,312.94,40,IBM
2025-12-09,9:38:58.729538055,T,311.93,40,312.94,40,IBM
2025-12-09,9:38:58.733723095,T,311.93,40,313.0,200,IBM
2025-12-09,9:38:59.003019233,T,311.93,40,312.94,40,IBM
2025-12-09,9:38:59.003034150,T,311.93,40,312.84,40,IBM
2025-12-09,9:38:59.003039195,T,311.93,40,312.94,40,IBM
2025-12-09,9:38:59.003039195,T,311.93,40,312.84,40,IBM
2025-12-09,9:38:59.003189479,T,311.93,40,312.74,40,IBM
2025-12-09,9:38:59.003219554,T,311.93,40,312.84,40,IBM
2025-12-09,9:38:59.003224588,T,311.93,40,312.74,40,IBM
2025-12-09,9:38:59.003239679,T,311.93,40,312.47,40,IBM
2025-12-09,9:38:59.007750377,T,311.93,40,312.74,40,IBM
2025-12-09,9:38:59.011293851,T,311.93,40,312.84,40,IBM
2025-12-09,9:38:59.207370558,T,312.01,40,312.84,40,IBM
2025-12-09,9:39:00.900656791,T,311.93,40,312.84,40,IBM
2025-12-09,9:39:01.581643013,T,311.93,40,312.94,40,IBM
2025-12-09,9:39:01.581647980,T,312.03,40,312.94,40,IBM
2025-12-09,9:39:01.581678001,T,312.03,80,312.94,40,IBM
2025-12-09,9:39:01.581688070,T,312.03,120,312.94,40,IBM
2025-12-09,9:39:01.581728170,T,312.03,80,312.94,40,IBM
2025-12-09,9:39:01.581773235,T,312.03,40,312.94,40,IBM
2025-12-09,9:39:01.581773235,T,312.13,40,312.94,40,IBM
2025-12-09,9:39:05.052715950,T,312.13,40,312.84,40,IBM
2025-12-09,9:39:05.052741046,T,312.01,40,312.84,40,IBM
2025-12-09,9:39:05.121579951,T,312.16,40,312.84,40,IBM
2025-12-09,9:39:10.050743882,T,311.93,40,312.84,40,IBM
2025-12-09,9:39:10.424223016,T,312.2,40,312.84,40,IBM
2025-12-09,9:39:11.836219395,T,312.2,40,312.84,200,IBM
2025-12-09,9:39:12.943821141,T,311.93,40,312.84,200,IBM
2025-12-09,9:39:13.832120794,T,312.21,40,312.84,200,IBM
2025-12-09,9:39:14.187341340,T,311.93,40,312.84,200,IBM
2025-12-09,9:39:23.114748780,T,312.01,40,312.84,200,IBM
2025-12-09,9:39:25.144881725,T,311.93,40,312.84,200,IBM
2025-12-09,9:39:25.144906824,T,311.93,40,312.55,40,IBM
2025-12-09,9:39:25.144916752,T,311.93,40,312.4,40,IBM
2025-12-09,9:39:25.144936902,T,311.93,40,312.38,40,IBM
2025-12-09,9:39:25.149913743,T,311.93,40,312.41,40,IBM
2025-12-09,9:39:25.151557650,T,311.93,40,312.38,40,IBM
2025-12-09,9:39:25.157802437,T,311.93,40,312.41,40,IBM
2025-12-09,9:39:25.797455310,T,311.93,40,312.74,40,IBM
2025-12-09,9:39:27.048588743,T,312.01,40,312.74,40,IBM
2025-12-09,9:39:30.179406957,T,311.93,40,312.74,40,IBM
2025-12-09,9:39:39.363931607,T,311.87,160,312.74,40,IBM
2025-12-09,9:39:43.596798239,T,312.16,40,312.74,40,IBM
2025-12-09,9:39:43.662103736,T,312.17,40,312.74,40,IBM
2025-12-09,9:39:43.662133732,T,312.27,40,312.74,40,IBM
2025-12-09,9:39:43.662860490,T,312.27,40,312.84,200,IBM
2025-12-09,9:39:43.662860490,T,312.27,40,312.84,160,IBM
2025-12-09,9:39:43.662935696,T,312.27,80,312.84,160,IBM
2025-12-09,9:39:43.662970802,T,312.27,40,312.84,160,IBM
2025-12-09,9:39:43.662970802,T,312.37,40,312.84,160,IBM
2025-12-09,9:39:43.663311565,T,312.37,40,312.84,200,IBM
2025-12-09,9:39:43.663341661,T,312.37,40,312.84,160,IBM
2025-12-09,9:39:43.663607242,T,312.13,40,312.84,160,IBM
2025-12-09,9:39:43.663727600,T,312.13,40,312.84,200,IBM
2025-12-09,9:39:43.666895100,T,311.87,160,312.84,200,IBM
2025-12-09,9:39:43.676021900,T,312.37,40,312.84,200,IBM
2025-12-09,9:39:43.682702721,T,311.87,160,312.84,200,IBM
2025-12-09,9:39:43.709110635,T,312.37,40,312.84,200,IBM
2025-12-09,9:39:43.721455057,T,312.37,40,312.84,160,IBM
2025-12-09,9:39:43.721460026,T,311.88,40,312.84,160,IBM
2025-12-09,9:39:43.721460026,T,312.5,40,312.84,160,IBM
2025-12-09,9:39:43.721740862,T,312.5,40,313.0,40,IBM
2025-12-09,9:39:43.725955772,T,312.13,40,313.0,40,IBM
2025-12-09,9:39:43.762713271,T,312.08,40,313.0,40,IBM
2025-12-09,9:39:43.807550078,T,311.98,40,313.0,40,IBM
2025-12-09,9:39:44.942962799,T,311.98,40,313.02,80,IBM
2025-12-09,9:39:45.613744681,T,311.98,40,312.74,40,IBM
2025-12-09,9:39:45.837948355,T,311.98,40,312.74,160,IBM
2025-12-09,9:39:46.139967387,T,311.98,40,312.74,40,IBM
2025-12-09,9:39:49.105171488,T,311.98,40,312.66,40,IBM
2025-12-09,9:39:50.447296521,T,311.88,40,312.66,40,IBM
2025-12-09,9:39:51.561258321,T,312.03,160,312.66,40,IBM
2025-12-09,9:39:52.380794298,T,312.03,160,312.63,40,IBM
2025-12-09,9:39:52.789627546,T,312.03,160,312.66,40,IBM
2025-12-09,9:40:00.270812407,T,312.03,160,312.66,80,IBM
2025-12-09,9:40:00.270887448,T,312.03,160,312.66,40,IBM
2025-12-09,9:40:00.270887448,T,312.03,160,312.66,80,IBM
2025-12-09,9:40:00.275237752,T,312.03,160,312.66,40,IBM
2025-12-09,9:40:01.390242309,T,312.03,160,312.63,40,IBM
2025-12-09,9:40:01.740230408,T,312.03,160,312.63,80,IBM
2025-12-09,9:40:01.750389607,T,312.03,160,312.63,40,IBM
2025-12-09,9:40:01.750820598,T,312.03,160,312.63,120,IBM
2025-12-09,9:40:01.750850727,T,312.03,160,312.63,160,IBM
2025-12-09,9:40:01.798819930,T,312.03,160,312.63,120,IBM
2025-12-09,9:40:01.801526384,T,312.03,160,312.63,40,IBM
2025-12-09,9:40:01.943148501,T,312.03,160,313.0,40,IBM
2025-12-09,9:40:03.714645598,T,312.03,160,312.89,160,IBM
2025-12-09,9:40:04.665298534,T,312.03,200,312.89,160,IBM
2025-12-09,9:40:05.784843760,T,312.03,160,312.89,160,IBM
2025-12-09,9:40:05.792572135,T,312.37,40,312.89,160,IBM
2025-12-09,9:40:06.182590482,T,312.03,160,312.89,160,IBM
2025-12-09,9:40:06.365861835,T,312.03,200,312.89,160,IBM
2025-12-09,9:40:06.365871875,T,312.38,40,312.89,160,IBM
2025-12-09,9:40:06.366177530,T,312.31,40,312.89,160,IBM
2025-12-09,9:40:06.366177530,T,312.49,40,312.89,160,IBM
2025-12-09,9:40:06.366493341,T,312.31,40,312.89,160,IBM
2025-12-09,9:40:06.366598847,T,312.31,40,312.64,80,IBM
2025-12-09,9:40:06.366603542,T,312.08,40,312.64,80,IBM
2025-12-09,9:40:06.366708971,T,312.03,200,312.64,80,IBM
2025-12-09,9:40:06.366728907,T,312.03,160,312.64,80,IBM
2025-12-09,9:40:06.366733868,T,312.03,160,312.64,120,IBM
2025-12-09,9:40:06.366999576,T,312.03,160,312.64,80,IBM
2025-12-09,9:40:06.367310315,T,312.37,40,312.64,80,IBM
2025-12-09,9:40:06.367726429,T,312.03,160,312.64,80,IBM
2025-12-09,9:40:06.367731300,T,312.44,40,312.64,80,IBM
2025-12-09,9:40:06.368783803,T,312.03,160,312.64,80,IBM
2025-12-09,9:40:06.368974178,T,312.03,200,312.64,80,IBM
2025-12-09,9:40:06.369004276,T,312.03,160,312.64,80,IBM
2025-12-09,9:40:08.664193144,T,312.03,160,312.89,160,IBM
2025-12-09,9:40:09.091751015,T,311.98,40,312.89,160,IBM
2025-12-09,9:40:09.091751015,T,312.17,160,312.89,160,IBM
2025-12-09,9:40:10.489142525,T,312.17,160,312.78,40,IBM
2025-12-09,9:40:10.612917230,T,312.17,160,312.66,40,IBM
2025-12-09,9:40:10.613478547,T,312.17,160,312.63,80,IBM
2025-12-09,9:40:16.596115786,T,312.17,160,312.63,120,IBM
2025-12-09,9:40:16.607593082,T,312.17,160,312.63,80,IBM
2025-12-09,9:40:17.005379999,T,312.17,160,312.54,80,IBM
2025-12-09,9:40:18.570435873,T,312.17,160,312.54,40,IBM
2025-12-09,9:40:18.570440901,T,312.17,160,312.71,40,IBM
2025-12-09,9:40:18.570460927,T,312.37,40,312.71,40,IBM
2025-12-09,9:40:18.570470978,T,312.38,40,312.71,40,IBM
2025-12-09,9:40:18.570696559,T,312.44,40,312.71,40,IBM
2025-12-09,9:40:18.571257790,T,312.44,40,312.69,40,IBM
2025-12-09,9:40:18.571277937,T,312.38,40,312.69,40,IBM
2025-12-09,9:40:18.571292893,T,312.38,40,312.69,80,IBM
2025-12-09,9:40:18.571488448,T,312.38,40,312.62,40,IBM
2025-12-09,9:40:18.574069574,T,312.37,40,312.62,40,IBM
2025-12-09,9:40:18.574069574,T,312.45,40,312.62,40,IBM
2025-12-09,9:40:18.575402695,T,312.27,40,312.62,40,IBM
2025-12-09,9:40:18.578550177,T,312.17,160,312.62,40,IBM
2025-12-09,9:40:18.581056139,T,312.17,160,312.69,120,IBM
2025-12-09,9:40:18.581076208,T,312.17,160,312.69,80,IBM
2025-12-09,9:40:18.581086243,T,312.45,40,312.69,80,IBM
2025-12-09,9:40:18.581817980,T,312.45,40,312.69,40,IBM
2025-12-09,9:40:18.581833061,T,312.45,40,312.71,40,IBM
2025-12-09,9:40:18.582299080,T,312.45,40,313.0,40,IBM
2025-12-09,9:40:18.590739246,T,312.45,80,313.0,40,IBM
2025-12-09,9:40:18.591160169,T,312.48,40,313.0,40,IBM
2025-12-09,9:40:18.591701528,T,312.48,40,313.02,80,IBM
2025-12-09,9:40:18.628699596,T,312.48,40,312.93,40,IBM
2025-12-09,9:40:18.917792720,T,312.48,40,312.75,80,IBM
2025-12-09,9:40:18.917812872,T,312.45,40,312.75,80,IBM
2025-12-09,9:40:18.918594690,T,312.45,40,312.75,120,IBM
2025-12-09,9:40:18.918614690,T,312.45,40,312.75,200,IBM
2025-12-09,9:40:19.722708962,T,312.48,40,312.75,200,IBM
2025-12-09,9:40:20.266187757,T,312.48,40,312.75,120,IBM
2025-12-09,9:40:20.383381695,T,312.5,40,312.75,120,IBM
2025-12-09,9:40:22.170019818,T,312.5,40,312.75,40,IBM
2025-12-09,9:40:22.170019818,T,312.5,40,313.02,80,IBM
2025-12-09,9:40:22.170045064,T,312.53,40,313.02,80,IBM
2025-12-09,9:40:22.170085013,T,312.51,40,313.02,80,IBM
2025-12-09,9:40:22.170099990,T,312.6,40,313.02,80,IBM
2025-12-09,9:40:22.170265381,T,312.51,40,313.02,80,IBM
2025-12-09,9:40:22.172626007,T,312.56,40,313.02,80,IBM
2025-12-09,9:40:22.266183794,T,312.51,40,313.02,80,IBM
2025-12-09,9:40:22.266213789,T,312.61,40,313.02,80,IBM
2025-12-09,9:40:22.945906957,T,312.64,40,313.02,80,IBM
2025-12-09,9:40:22.948377810,T,312.29,40,313.02,80,IBM
2025-12-09,9:40:22.948387917,T,312.62,40,313.02,80,IBM
2025-12-09,9:40:22.948397856,T,312.17,160,313.02,80,IBM
2025-12-09,9:40:26.051199415,T,312.52,40,313.02,80,IBM
2025-12-09,9:40:30.874867605,T,312.65,40,313.02,80,IBM
2025-12-09,9:40:30.874887652,T,312.52,40,313.02,80,IBM
2025-12-09,9:40:30.874887652,T,312.64,40,313.02,80,IBM
2025-12-09,9:40:30.874897714,T,312.7,40,313.02,80,IBM
2025-12-09,9:40:30.874993340,T,312.76,40,313.02,80,IBM
2025-12-09,9:40:30.881358148,T,312.8,40,313.02,80,IBM
2025-12-09,9:40:30.946252549,T,312.76,40,313.02,80,IBM
2025-12-09,9:40:30.946382909,T,312.8,40,313.02,80,IBM
2025-12-09,9:40:30.947204806,T,312.76,40,313.02,80,IBM
2025-12-09,9:40:30.947425424,T,312.76,80,313.02,80,IBM
2025-12-09,9:40:30.953404578,T,312.76,80,313.0,40,IBM
2025-12-09,9:40:30.953424593,T,312.76,40,313.0,40,IBM
2025-12-09,9:40:30.961804580,T,312.76,40,313.02,80,IBM
2025-12-09,9:40:30.964506056,T,312.52,40,313.02,80,IBM
2025-12-09,9:40:31.492387606,T,312.8,40,313.02,80,IBM
2025-12-09,9:40:32.454447817,T,312.8,40,313.0,80,IBM
2025-12-09,9:40:34.108159706,T,312.81,40,313.0,80,IBM
2025-12-09,9:40:34.108174747,T,312.81,40,313.02,80,IBM
2025-12-09,9:40:34.108179798,T,312.8,40,313.02,80,IBM
2025-12-09,9:40:34.108179798,T,312.88,40,313.02,80,IBM
2025-12-09,9:40:34.108230031,T,312.8,80,313.02,80,IBM
2025-12-09,9:40:34.108230031,T,312.94,40,313.02,80,IBM
2025-12-09,9:40:34.109006752,T,312.94,40,313.22,160,IBM
2025-12-09,9:40:34.110049198,T,312.94,40,313.55,40,IBM
2025-12-09,9:40:34.110059223,T,312.94,40,313.38,160,IBM
2025-12-09,9:40:34.110099316,T,312.8,40,313.38,160,IBM
2025-12-09,9:40:34.111297207,T,312.81,40,313.38,160,IBM
2025-12-09,9:40:34.111317264,T,312.94,40,313.38,160,IBM
2025-12-09,9:40:35.418348643,T,312.95,40,313.38,160,IBM
2025-12-09,9:40:35.682136659,T,312.96,40,313.38,160,IBM
2025-12-09,9:40:35.684792945,T,312.96,80,313.38,160,IBM
2025-12-09,9:40:35.685389435,T,312.97,40,313.38,160,IBM
2025-12-09,9:40:35.687529483,T,312.97,40,313.72,40,IBM
2025-12-09,9:40:35.687539501,T,312.97,40,313.53,160,IBM
2025-12-09,9:40:35.692561414,T,312.97,80,313.53,160,IBM
2025-12-09,9:40:35.695949536,T,312.97,40,313.53,160,IBM
2025-12-09,9:40:35.863217739,T,312.97,40,313.26,80,IBM
2025-12-09,9:40:35.866124631,T,312.94,40,313.26,80,IBM
2025-12-09,9:40:35.866159769,T,313.0,40,313.26,80,IBM
2025-12-09,9:40:36.010683814,T,313.0,40,313.53,160,IBM
2025-12-09,9:40:36.129837400,T,313.0,40,313.26,120,IBM
2025-12-09,9:40:40.001459171,T,313.0,40,313.26,200,IBM
2025-12-09,9:40:41.706407830,T,313.0,40,313.26,120,IBM
2025-12-09,9:40:43.551956308,T,313.05,40,313.26,120,IBM
2025-12-09,9:40:43.554527399,T,313.05,80,313.26,120,IBM
2025-12-09,9:40:44.931044352,T,313.06,40,313.26,120,IBM
2025-12-09,9:40:44.931335054,T,313.05,40,313.26,120,IBM
2025-12-09,9:40:44.931665899,T,313.11,40,313.26,120,IBM
2025-12-09,9:40:44.933264615,T,312.69,40,313.26,120,IBM
2025-12-09,9:40:44.933274630,T,313.05,40,313.26,120,IBM
2025-12-09,9:40:44.950400407,T,313.05,40,313.38,40,IBM
2025-12-09,9:40:45.053084900,T,313.05,40,313.31,40,IBM
2025-12-09,9:40:45.636784528,T,312.57,160,313.31,40,IBM
2025-12-09,9:40:45.636969838,T,312.57,160,313.31,80,IBM
2025-12-09,9:40:45.637200412,T,312.57,160,313.31,40,IBM
2025-12-09,9:40:45.637425983,T,312.57,160,313.38,80,IBM
2025-12-09,9:40:45.637436020,T,312.57,160,313.38,40,IBM
2025-12-09,9:40:45.639089979,T,312.57,160,313.25,40,IBM
2025-12-09,9:40:45.639099989,T,312.57,160,313.18,40,IBM
2025-12-09,9:40:45.647194203,T,312.57,160,313.38,40,IBM
2025-12-09,9:40:45.898041404,T,312.57,160,313.38,80,IBM
2025-12-09,9:40:51.154981027,T,312.69,40,313.38,80,IBM
2025-12-09,9:40:51.166974615,T,313.06,40,313.38,80,IBM
2025-12-09,9:40:53.056061683,T,312.69,40,313.38,80,IBM
2025-12-09,9:40:53.057795888,T,312.57,160,313.38,80,IBM
2025-12-09,9:40:53.058672978,T,312.57,160,313.27,40,IBM
2025-12-09,9:40:53.065900129,T,312.57,160,313.27,80,IBM
2025-12-09,9:40:53.072992027,T,312.57,160,313.06,80,IBM
2025-12-09,9:40:53.078044096,T,312.57,160,313.27,80,IBM
2025-12-09,9:40:53.079602752,T,312.57,160,313.05,40,IBM
2025-12-09,9:40:53.083817825,T,312.57,160,313.26,40,IBM
2025-12-09,9:40:53.088253377,T,312.57,160,313.12,40,IBM
2025-12-09,9:40:53.095555764,T,312.57,160,313.27,80,IBM
2025-12-09,9:40:53.104151206,T,312.57,160,313.27,40,IBM
2025-12-09,9:40:53.138227269,T,312.57,160,313.38,280,IBM
2025-12-09,9:40:53.165542331,T,312.57,160,313.27,40,IBM
2025-12-09,9:40:53.186873132,T,312.6,40,313.27,40,IBM
2025-12-09,9:40:53.187324157,T,312.59,40,313.27,40,IBM
2025-12-09,9:40:53.187334213,T,312.57,160,313.27,40,IBM
2025-12-09,9:40:53.192411349,T,312.59,40,313.27,40,IBM
2025-12-09,9:40:53.192421353,T,312.6,40,313.27,40,IBM
2025-12-09,9:40:53.192666909,T,312.59,40,313.27,40,IBM
2025-12-09,9:40:53.193513961,T,312.59,40,313.38,280,IBM
2025-12-09,9:40:53.194060206,T,312.57,160,313.38,280,IBM
2025-12-09,9:40:53.203517704,T,312.57,160,313.38,240,IBM
2025-12-09,9:40:53.206865660,T,312.57,160,313.38,280,IBM
2025-12-09,9:40:53.234015311,T,312.57,160,313.27,120,IBM
2025-12-09,9:40:53.234065409,T,312.57,160,313.27,160,IBM
2025-12-09,9:40:53.248990993,T,312.57,160,313.27,200,IBM
2025-12-09,9:40:53.249006021,T,312.57,160,313.27,240,IBM
2025-12-09,9:40:53.289387155,T,312.57,160,313.27,120,IBM
2025-12-09,9:40:53.332349448,T,312.57,160,313.27,80,IBM
2025-12-09,9:40:53.546970283,T,312.57,160,313.26,120,IBM
2025-12-09,9:40:54.078440591,T,312.57,160,313.07,120,IBM
2025-12-09,9:40:54.078465731,T,312.57,160,313.07,40,IBM
2025-12-09,9:40:54.079237439,T,312.57,160,313.07,80,IBM
2025-12-09,9:40:54.664661120,T,312.57,160,313.07,40,IBM
2025-12-09,9:40:54.919638136,T,312.57,160,313.07,160,IBM
2025-12-09,9:40:54.974624006,T,312.57,160,313.07,40,IBM
2025-12-09,9:40:56.939752146,T,312.57,160,313.07,160,IBM
2025-12-09,9:40:57.025541518,T,312.57,160,313.07,40,IBM
2025-12-09,9:41:01.005876956,T,312.59,40,313.07,40,IBM
2025-12-09,9:41:05.568824360,T,312.57,160,313.07,40,IBM
2025-12-09,9:41:05.568859405,T,312.59,40,313.07,40,IBM
2025-12-09,9:41:05.993580593,T,312.59,40,313.27,40,IBM
2025-12-09,9:41:05.993580593,T,312.59,40,313.38,240,IBM
2025-12-09,9:41:05.993620686,T,312.81,40,313.38,240,IBM
2025-12-09,9:41:05.993630621,T,312.91,40,313.38,240,IBM
2025-12-09,9:41:05.993660693,T,312.81,40,313.38,240,IBM
2025-12-09,9:41:05.993660693,T,312.98,40,313.38,240,IBM
2025-12-09,9:41:05.994507757,T,312.98,40,313.38,280,IBM
2025-12-09,9:41:05.994527834,T,312.93,40,313.38,280,IBM
2025-12-09,9:41:05.994552888,T,312.81,80,313.38,280,IBM
2025-12-09,9:41:05.994552888,T,312.81,80,313.27,40,IBM
2025-12-09,9:41:05.994557847,T,312.81,80,313.26,40,IBM
2025-12-09,9:41:05.994562907,T,312.81,40,313.26,40,IBM
2025-12-09,9:41:05.994597947,T,312.81,40,313.07,40,IBM
2025-12-09,9:41:05.994617971,T,312.81,40,313.26,40,IBM
2025-12-09,9:41:05.994628057,T,312.81,40,313.01,40,IBM
2025-12-09,9:41:05.997068887,T,312.81,40,313.01,80,IBM
2025-12-09,9:41:05.997074120,T,312.57,160,313.01,80,IBM
2025-12-09,9:41:05.997089314,T,312.57,160,313.01,40,IBM
2025-12-09,9:41:05.997093902,T,312.57,160,312.96,40,IBM
2025-12-09,9:41:05.997128962,T,312.57,160,312.95,40,IBM
2025-12-09,9:41:05.997334725,T,312.74,80,312.95,40,IBM
2025-12-09,9:41:05.997404655,T,312.74,80,312.96,40,IBM
2025-12-09,9:41:05.997404655,T,312.74,80,312.95,40,IBM
2025-12-09,9:41:05.997414709,T,312.74,80,312.88,40,IBM
2025-12-09,9:41:05.997565053,T,312.74,280,312.88,40,IBM
2025-12-09,9:41:05.997695311,T,312.74,360,312.88,40,IBM
2025-12-09,9:41:05.999053561,T,312.74,280,312.88,40,IBM
2025-12-09,9:41:05.999053561,T,312.74,240,312.88,40,IBM
2025-12-09,9:41:05.999073583,T,312.74,80,312.88,40,IBM
2025-12-09,9:41:05.999073583,T,312.57,160,312.88,40,IBM
2025-12-09,9:41:05.999118741,T,312.57,160,312.81,40,IBM
2025-12-09,9:41:05.999304193,T,312.57,200,312.81,40,IBM
2025-12-09,9:41:06.005218306,T,312.57,40,312.81,40,IBM
2025-12-09,9:41:06.069686681,T,312.57,40,313.01,40,IBM
2025-12-09,9:41:06.071486064,T,312.57,40,313.25,40,IBM
2025-12-09,9:41:06.071511111,T,312.57,40,313.26,40,IBM
2025-12-09,9:41:06.082176448,T,312.57,80,313.26,40,IBM
2025-12-09,9:41:06.094591046,T,312.57,80,313.27,40,IBM
2025-12-09,9:41:06.094636094,T,312.57,80,313.35,40,IBM
2025-12-09,9:41:06.099397426,T,312.57,40,313.35,40,IBM
2025-12-09,9:41:06.099457621,T,312.57,40,312.81,40,IBM
2025-12-09,9:41:06.099943793,T,312.57,40,312.81,80,IBM
2025-12-09,9:41:06.103216586,T,312.52,40,312.81,80,IBM
2025-12-09,9:41:06.242984337,T,312.57,80,312.81,80,IBM
2025-12-09,9:41:06.293369340,T,312.52,40,312.81,80,IBM
2025-12-09,9:41:06.452974429,T,312.29,160,312.81,80,IBM
2025-12-09,9:41:06.452999323,T,312.29,160,312.8,40,IBM
2025-12-09,9:41:06.452999323,T,312.29,160,312.79,40,IBM
2025-12-09,9:41:06.453004363,T,312.29,160,312.69,40,IBM
2025-12-09,9:41:06.453079519,T,312.29,160,312.69,80,IBM
2025-12-09,9:41:06.453565695,T,312.29,160,312.68,40,IBM
2025-12-09,9:41:06.453625807,T,312.29,160,312.61,40,IBM
2025-12-09,9:41:06.453635877,T,312.29,160,312.59,40,IBM
2025-12-09,9:41:06.457354713,T,311.88,40,312.59,40,IBM
2025-12-09,9:41:06.457359774,T,312.06,160,312.59,40,IBM
2025-12-09,9:41:06.457760664,T,312.06,200,312.59,40,IBM
2025-12-09,9:41:06.457790816,T,312.13,40,312.59,40,IBM
2025-12-09,9:41:06.457890969,T,312.24,80,312.59,40,IBM
2025-12-09,9:41:06.458111570,T,312.24,120,312.59,40,IBM
2025-12-09,9:41:06.459484815,T,312.24,120,312.79,40,IBM
2025-12-09,9:41:06.474069562,T,312.24,120,313.05,40,IBM
2025-12-09,9:41:06.474074499,T,312.24,120,313.27,40,IBM
2025-12-09,9:41:06.583805798,T,312.24,120,312.81,40,IBM
2025-12-09,9:41:06.583825772,T,312.24,120,312.81,80,IBM
2025-12-09,9:41:06.583835815,T,312.24,80,312.81,80,IBM
2025-12-09,9:41:06.588772538,T,312.06,160,312.81,80,IBM
2025-12-09,9:41:07.491551631,T,312.13,80,312.81,80,IBM
2025-12-09,9:41:08.701086014,T,312.15,80,312.81,80,IBM
2025-12-09,9:41:09.584468998,T,312.06,160,312.81,80,IBM
2025-12-09,9:41:12.698432104,T,312.06,160,312.74,40,IBM
2025-12-09,9:41:12.698432104,T,312.06,160,312.49,40,IBM
2025-12-09,9:41:12.699008702,T,312.06,160,312.49,80,IBM
2025-12-09,9:41:12.699033614,T,312.06,160,312.49,40,IBM
2025-12-09,9:41:12.699033614,T,312.06,160,312.49,80,IBM
2025-12-09,9:41:12.699133739,T,312.06,160,312.32,40,IBM
2025-12-09,9:41:12.699153797,T,312.06,160,312.49,80,IBM
2025-12-09,9:41:12.699163841,T,312.06,160,312.31,40,IBM
2025-12-09,9:41:12.699168853,T,312.06,160,312.49,80,IBM
2025-12-09,9:41:12.699223970,T,312.06,160,312.49,120,IBM
2025-12-09,9:41:12.699239044,T,312.06,160,312.49,160,IBM
2025-12-09,9:41:12.699314238,T,312.06,160,312.49,120,IBM
2025-12-09,9:41:12.699349309,T,311.68,40,312.49,120,IBM
2025-12-09,9:41:12.699349309,T,311.68,40,312.49,160,IBM
2025-12-09,9:41:12.699369287,T,311.68,40,312.15,80,IBM
2025-12-09,9:41:12.699399365,T,311.57,40,312.15,80,IBM
2025-12-09,9:41:12.699479598,T,311.57,40,312.49,160,IBM
2025-12-09,9:41:12.699624954,T,311.57,40,312.31,40,IBM
2025-12-09,9:41:12.699670021,T,311.57,40,312.18,40,IBM
2025-12-09,9:41:12.705829713,T,311.57,40,312.45,40,IBM
2025-12-09,9:41:12.705869811,T,311.57,40,312.49,40,IBM
2025-12-09,9:41:12.806674787,T,311.88,80,312.49,40,IBM
2025-12-09,9:41:12.806689832,T,311.88,80,312.55,40,IBM
2025-12-09,9:41:12.806699789,T,311.88,80,312.65,40,IBM
2025-12-09,9:41:12.807296192,T,311.88,80,312.75,40,IBM
2025-12-09,9:41:12.807466660,T,311.88,80,312.55,40,IBM
2025-12-09,9:41:12.807466660,T,311.88,80,312.38,40,IBM
2025-12-09,9:41:12.807481632,T,311.88,80,312.38,120,IBM
2025-12-09,9:41:12.948873240,T,311.88,80,312.38,80,IBM
2025-12-09,9:41:12.949249204,T,311.88,80,312.38,120,IBM
2025-12-09,9:41:13.140885401,T,311.88,80,312.38,80,IBM
2025-12-09,9:41:13.140960580,T,311.88,80,312.38,120,IBM
2025-12-09,9:41:13.403124697,T,311.9,40,312.38,120,IBM
2025-12-09,9:41:13.403149687,T,311.9,40,312.38,80,IBM
2025-12-09,9:41:13.403630844,T,311.9,40,312.38,120,IBM
2025-12-09,9:41:14.380671858,T,311.9,40,312.38,80,IBM
2025-12-09,9:41:14.380736950,T,311.9,40,312.38,120,IBM
2025-12-09,9:41:14.381483720,T,311.9,40,312.38,80,IBM
2025-12-09,9:41:14.381483720,T,311.9,40,312.38,120,IBM
2025-12-09,9:41:14.381689412,T,311.59,200,312.38,120,IBM
2025-12-09,9:41:14.381689412,T,311.59,160,312.38,120,IBM
2025-12-09,9:41:14.381699201,T,311.59,160,312.14,40,IBM
2025-12-09,9:41:14.381714228,T,311.59,160,312.13,40,IBM
2025-12-09,9:41:14.381729287,T,311.59,160,312.12,40,IBM
2025-12-09,9:41:14.382526185,T,311.46,40,312.12,40,IBM
2025-12-09,9:41:14.382566316,T,311.5,80,312.12,40,IBM
2025-12-09,9:41:14.438303994,T,311.5,80,312.14,120,IBM
2025-12-09,9:41:14.442473974,T,311.78,80,312.14,120,IBM
2025-12-09,9:41:14.481917844,T,311.78,80,312.14,80,IBM
2025-12-09,9:41:14.693566750,T,311.78,80,312.14,120,IBM
2025-12-09,9:41:15.760301130,T,311.78,80,312.14,80,IBM
2025-12-09,9:41:16.898941811,T,311.5,80,312.14,80,IBM
2025-12-09,9:41:18.181800737,T,311.5,80,312.13,120,IBM
2025-12-09,9:41:18.265890856,T,311.5,80,312.14,80,IBM
2025-12-09,9:41:19.138884083,T,311.5,80,312.14,40,IBM
2025-12-09,9:41:20.899535546,T,311.79,80,312.14,40,IBM
2025-12-09,9:41:21.092124076,T,311.8,40,312.14,40,IBM
2025-12-09,9:41:21.092149049,T,311.79,80,312.14,40,IBM
2025-12-09,9:41:21.092154018,T,311.92,40,312.14,40,IBM
2025-12-09,9:41:22.076898321,T,311.92,40,312.13,120,IBM
2025-12-09,9:41:22.077715213,T,311.92,40,312.13,200,IBM
2025-12-09,9:41:22.589849421,T,311.92,40,312.13,80,IBM
2025-12-09,9:41:23.101582665,T,311.92,40,312.12,120,IBM
2025-12-09,9:41:23.101612684,T,311.79,80,312.12,120,IBM
2025-12-09,9:41:23.177428138,T,311.79,80,312.13,80,IBM
2025-12-09,9:41:23.202482835,T,311.79,80,312.65,40,IBM
2025-12-09,9:41:24.852781554,T,311.93,40,312.65,40,IBM
2025-12-09,9:41:24.853027168,T,312.04,40,312.65,40,IBM
2025-12-09,9:41:24.853127415,T,312.04,40,312.75,40,IBM
2025-12-09,9:41:24.853182478,T,312.04,40,312.28,40,IBM
2025-12-09,9:41:24.853202559,T,312.04,40,312.28,120,IBM
2025-12-09,9:41:24.853473196,T,311.79,80,312.28,120,IBM
2025-12-09,9:41:38.270448307,T,311.79,80,312.28,80,IBM
2025-12-09,9:41:39.040085573,T,311.79,80,312.27,120,IBM
2025-12-09,9:41:39.040892436,T,311.79,80,312.27,240,IBM
2025-12-09,9:41:39.114983935,T,311.79,80,312.27,120,IBM
2025-12-09,9:41:39.784162125,T,311.79,80,312.13,40,IBM
2025-12-09,9:41:39.784332455,T,311.79,80,312.11,40,IBM
2025-12-09,9:41:39.784337505,T,311.79,80,312.1,40,IBM
2025-12-09,9:41:39.784603121,T,311.79,80,312.03,40,IBM
2025-12-09,9:41:39.785104316,T,311.53,160,312.03,40,IBM
2025-12-09,9:41:39.797027639,T,311.53,160,312.1,40,IBM
2025-12-09,9:41:39.884345519,T,311.53,160,312.11,40,IBM
2025-12-09,9:41:39.884365625,T,311.53,160,312.27,40,IBM
2025-12-09,9:41:42.335089688,T,311.53,160,312.5,120,IBM
2025-12-09,9:41:43.327692694,T,311.53,160,312.27,40,IBM
2025-12-09,9:41:43.615066809,T,311.53,160,312.5,120,IBM
2025-12-09,9:41:43.785627802,T,311.8,80,312.5,120,IBM
2025-12-09,9:41:44.436832994,T,311.53,160,312.5,120,IBM
2025-12-09,9:41:44.437589775,T,311.53,200,312.5,120,IBM
2025-12-09,9:41:44.445553780,T,311.57,80,312.5,120,IBM
2025-12-09,9:41:44.446300531,T,311.57,120,312.5,120,IBM
2025-12-09,9:41:44.457627466,T,311.57,80,312.5,120,IBM
2025-12-09,9:41:45.270773464,T,311.57,80,312.46,40,IBM
2025-12-09,9:41:45.279368870,T,311.53,160,312.46,40,IBM
2025-12-09,9:41:45.287598471,T,311.54,80,312.46,40,IBM
2025-12-09,9:41:47.819104753,T,311.81,40,312.46,40,IBM
2025-12-09,9:41:47.828512246,T,311.81,40,312.5,120,IBM
2025-12-09,9:41:47.828537283,T,311.97,40,312.5,120,IBM
2025-12-09,9:41:47.828567347,T,311.98,40,312.5,120,IBM
2025-12-09,9:41:47.829269017,T,311.97,40,312.5,120,IBM
2025-12-09,9:41:47.829289016,T,311.66,40,312.5,120,IBM
2025-12-09,9:41:47.829334139,T,311.66,40,312.32,120,IBM
2025-12-09,9:41:47.829359236,T,311.66,40,312.32,240,IBM
2025-12-09,9:41:47.829654890,T,311.97,40,312.32,240,IBM
2025-12-09,9:41:47.833559188,T,311.57,40,312.32,240,IBM
2025-12-09,9:41:47.879949606,T,311.54,80,312.32,240,IBM
2025-12-09,9:41:48.437632210,T,311.98,80,312.32,240,IBM
2025-12-09,9:41:49.971067889,T,312.0,40,312.32,240,IBM
2025-12-09,9:41:50.474471205,T,311.98,80,312.32,240,IBM
2025-12-09,9:41:50.787561504,T,312.0,40,312.32,240,IBM
2025-12-09,9:42:04.318934003,T,312.03,40,312.32,240,IBM
2025-12-09,9:42:07.388320947,T,312.03,40,312.22,40,IBM
2025-12-09,9:42:07.389112802,T,312.03,40,312.22,160,IBM
2025-12-09,9:42:07.389127909,T,312.03,40,312.22,280,IBM
2025-12-09,9:42:07.389258296,T,312.03,40,312.22,240,IBM
2025-12-09,9:42:07.389273155,T,312.03,40,312.22,200,IBM
2025-12-09,9:42:07.389273155,T,312.03,40,312.22,160,IBM
2025-12-09,9:42:07.389283658,T,312.03,40,312.22,80,IBM
2025-12-09,9:42:07.389283658,T,312.03,40,312.22,40,IBM
2025-12-09,9:42:07.389288480,T,312.03,40,312.38,40,IBM
2025-12-09,9:42:07.389308401,T,312.05,40,312.38,40,IBM
2025-12-09,9:42:07.389358379,T,312.04,40,312.38,40,IBM
2025-12-09,9:42:07.389358379,T,312.13,40,312.38,40,IBM
2025-12-09,9:42:07.389548843,T,312.13,40,312.38,120,IBM
2025-12-09,9:42:07.389553881,T,312.13,40,312.38,160,IBM
2025-12-09,9:42:07.389574002,T,312.13,40,312.29,80,IBM
2025-12-09,9:42:07.389604162,T,312.13,40,312.29,120,IBM
2025-12-09,9:42:07.389744312,T,312.13,40,312.38,40,IBM
2025-12-09,9:42:07.392530992,T,312.04,40,312.38,40,IBM
2025-12-09,9:42:07.392530992,T,312.24,40,312.38,40,IBM
2025-12-09,9:42:07.393317859,T,312.04,40,312.38,40,IBM
2025-12-09,9:42:07.393418126,T,312.03,40,312.38,40,IBM
2025-12-09,9:42:08.134757788,T,312.03,40,312.5,200,IBM
2025-12-09,9:42:08.135559698,T,312.03,40,312.5,240,IBM
2025-12-09,9:42:08.135574772,T,312.03,40,312.5,320,IBM
2025-12-09,9:42:08.593945858,T,312.03,40,312.49,40,IBM
2025-12-09,9:42:08.594001011,T,312.03,40,312.49,80,IBM
2025-12-09,9:42:08.594472122,T,312.03,40,312.38,40,IBM
2025-12-09,9:42:08.594487553,T,312.03,40,312.37,40,IBM
2025-12-09,9:42:13.017120520,T,312.03,40,312.38,160,IBM
2025-12-09,9:42:13.017145753,T,312.03,40,312.38,120,IBM
2025-12-09,9:42:21.314007145,T,312.03,40,312.37,40,IBM
2025-12-09,9:42:23.862238323,T,312.03,120,312.37,40,IBM
2025-12-09,9:42:23.863045238,T,312.03,120,312.37,80,IBM
2025-12-09,9:42:23.863065326,T,312.03,120,312.37,160,IBM
2025-12-09,9:42:24.364744657,T,312.03,40,312.37,160,IBM
2025-12-09,9:42:28.365974821,T,312.04,80,312.37,160,IBM
2025-12-09,9:42:29.384469474,T,312.04,80,312.36,40,IBM
2025-12-09,9:42:29.384489455,T,312.04,80,312.36,80,IBM
2025-12-09,9:42:29.384514522,T,312.04,80,312.25,40,IBM
2025-12-09,9:42:29.385301428,T,312.04,80,312.25,120,IBM
2025-12-09,9:42:29.385316558,T,312.04,80,312.25,200,IBM
2025-12-09,9:42:29.751743791,T,312.03,40,312.25,200,IBM
2025-12-09,9:42:31.008585922,T,312.03,40,312.25,160,IBM
2025-12-09,9:42:31.009362855,T,312.03,40,312.25,80,IBM
2025-12-09,9:42:31.009377803,T,312.03,40,312.25,40,IBM
2025-12-09,9:42:31.009402857,T,312.03,40,312.5,200,IBM
2025-12-09,9:42:31.012364954,T,312.03,40,312.37,40,IBM
2025-12-09,9:42:31.281385330,T,312.03,40,312.36,40,IBM
2025-12-09,9:42:33.166167336,T,312.03,40,312.37,40,IBM
2025-12-09,9:42:33.210542803,T,312.03,40,312.36,40,IBM
2025-12-09,9:42:34.174692935,T,312.03,40,312.37,40,IBM
2025-12-09,9:42:34.219198959,T,312.04,80,312.37,40,IBM
2025-12-09,9:42:38.048013907,T,312.04,80,312.5,200,IBM
2025-12-09,9:42:40.014841103,T,312.03,40,312.5,200,IBM
2025-12-09,9:42:44.016016078,T,312.04,80,312.5,200,IBM
2025-12-09,9:42:46.637772430,T,312.03,40,312.5,200,IBM
2025-12-09,9:42:52.838318360,T,312.03,40,312.29,40,IBM
2025-12-09,9:42:52.949628324,T,312.03,40,312.5,200,IBM
2025-12-09,9:42:52.986115115,T,312.04,80,312.5,200,IBM
2025-12-09,9:42:54.665979212,T,312.04,80,312.29,80,IBM
2025-12-09,9:42:54.929541626,T,312.03,40,312.29,80,IBM
2025-12-09,9:42:57.079715326,T,311.69,160,312.29,80,IBM
2025-12-09,9:42:58.259293462,T,311.69,160,312.17,40,IBM
2025-12-09,9:42:58.259333526,T,311.69,160,312.17,80,IBM
2025-12-09,9:42:58.259754565,T,311.69,160,312.17,120,IBM
2025-12-09,9:42:58.259779886,T,311.69,160,312.17,80,IBM
2025-12-09,9:42:58.259794603,T,311.69,160,312.12,40,IBM
2025-12-09,9:42:58.261193029,T,311.69,160,312.17,40,IBM
2025-12-09,9:42:58.261217978,T,311.93,40,312.17,40,IBM
2025-12-09,9:42:58.261228196,T,311.93,40,312.28,40,IBM
2025-12-09,9:42:58.261228196,T,311.93,40,312.48,40,IBM
2025-12-09,9:42:58.311658224,T,311.93,40,312.5,200,IBM
2025-12-09,9:43:01.544338789,T,311.93,40,312.5,240,IBM
2025-12-09,9:43:01.544353884,T,311.93,40,312.29,40,IBM
2025-12-09,9:43:01.544358817,T,311.69,160,312.29,40,IBM
2025-12-09,9:43:01.544885069,T,311.69,160,312.29,160,IBM
2025-12-09,9:43:07.357166748,T,312.01,40,312.29,160,IBM
2025-12-09,9:43:21.171302366,T,312.01,40,312.29,200,IBM
2025-12-09,9:43:21.171362780,T,312.01,40,312.16,40,IBM
2025-12-09,9:43:21.172154418,T,311.69,160,312.16,40,IBM
2025-12-09,9:43:21.172560365,T,311.69,160,312.16,80,IBM
2025-12-09,9:43:21.172731359,T,311.69,160,312.16,40,IBM
2025-12-09,9:43:21.172781025,T,311.69,160,312.17,40,IBM
2025-12-09,9:43:21.172841036,T,311.78,40,312.17,40,IBM
2025-12-09,9:43:21.172931254,T,311.78,40,312.27,40,IBM
2025-12-09,9:43:21.173096609,T,311.78,40,312.16,40,IBM
2025-12-09,9:43:21.173287124,T,311.78,120,312.16,40,IBM
2025-12-09,9:43:21.174434882,T,311.78,80,312.16,40,IBM
2025-12-09,9:43:21.525796202,T,311.78,80,312.48,40,IBM
2025-12-09,9:43:21.526608164,T,311.78,80,312.16,240,IBM
2025-12-09,9:43:21.527119380,T,311.54,80,312.16,240,IBM
2025-12-09,9:43:21.535364085,T,311.49,160,312.16,240,IBM
2025-12-09,9:43:22.171779074,T,311.64,120,312.16,240,IBM
2025-12-09,9:43:23.051047399,T,311.64,120,312.16,280,IBM
2025-12-09,9:43:23.295754799,T,311.64,120,312.16,240,IBM
2025-12-09,9:43:25.053253631,T,311.64,120,312.15,40,IBM
2025-12-09,9:43:26.665206080,T,311.79,40,312.15,40,IBM
2025-12-09,9:43:26.666363769,T,311.79,80,312.15,40,IBM
2025-12-09,9:43:26.666484128,T,311.79,160,312.15,40,IBM
2025-12-09,9:43:27.480637256,T,311.79,120,312.15,40,IBM
2025-12-09,9:43:37.039563075,T,311.79,120,312.14,240,IBM
2025-12-09,9:43:39.500842400,T,311.86,40,312.14,240,IBM
2025-12-09,9:43:39.500997855,T,311.86,40,312.15,40,IBM
2025-12-09,9:43:39.501022789,T,312.13,80,312.15,40,IBM
2025-12-09,9:43:39.501033161,T,312.0,40,312.15,40,IBM
2025-12-09,9:43:39.501052882,T,311.86,80,312.15,40,IBM
2025-12-09,9:43:39.501073002,T,311.87,40,312.15,40,IBM
2025-12-09,9:43:39.501258365,T,311.95,40,312.15,40,IBM
2025-12-09,9:43:39.501258365,T,312.0,40,312.15,40,IBM
2025-12-09,9:43:39.501634255,T,312.0,40,312.44,160,IBM
2025-12-09,9:43:39.502596544,T,312.0,40,312.48,40,IBM
2025-12-09,9:43:39.502621685,T,312.0,40,312.5,200,IBM
2025-12-09,9:43:39.502626620,T,311.87,40,312.5,200,IBM
2025-12-09,9:43:39.503172934,T,311.87,40,312.37,40,IBM
2025-12-09,9:43:39.503373460,T,311.87,80,312.37,40,IBM
2025-12-09,9:43:39.595011581,T,311.87,40,312.37,40,IBM
2025-12-09,9:43:39.601216300,T,311.86,40,312.37,40,IBM
2025-12-09,9:43:39.601241361,T,311.79,120,312.37,40,IBM
2025-12-09,9:43:39.656472941,T,311.79,120,312.37,80,IBM
2025-12-09,9:43:39.656492898,T,311.79,120,312.37,240,IBM
2025-12-09,9:43:40.357286290,T,311.92,40,312.37,240,IBM
2025-12-09,9:43:40.357301244,T,312.07,40,312.37,240,IBM
2025-12-09,9:43:40.357321311,T,312.1,40,312.37,240,IBM
2025-12-09,9:43:40.357341375,T,312.1,40,312.37,200,IBM
2025-12-09,9:43:40.357927719,T,312.07,40,312.37,200,IBM
2025-12-09,9:43:40.361802017,T,311.92,40,312.37,200,IBM
2025-12-09,9:43:40.361822050,T,311.79,80,312.37,200,IBM
2025-12-09,9:43:40.552220302,T,311.79,120,312.37,200,IBM
2025-12-09,9:43:40.652679457,T,311.79,80,312.37,200,IBM
2025-12-09,9:43:44.010883992,T,312.04,40,312.37,200,IBM
2025-12-09,9:43:44.247908272,T,311.79,80,312.37,200,IBM
2025-12-09,9:43:48.047007401,T,312.05,40,312.37,200,IBM
2025-12-09,9:43:48.438093350,T,311.79,120,312.37,200,IBM
2025-12-09,9:43:49.508506603,T,312.06,40,312.37,200,IBM
2025-12-09,9:43:50.120493422,T,311.79,120,312.37,200,IBM
2025-12-09,9:43:53.301861908,T,311.79,120,312.36,40,IBM
2025-12-09,9:43:53.301892038,T,311.79,120,312.34,40,IBM
2025-12-09,9:43:53.301902108,T,311.79,120,312.36,40,IBM
2025-12-09,9:43:53.301907076,T,311.79,120,312.21,40,IBM
2025-12-09,9:43:53.301916991,T,311.79,120,312.36,40,IBM
2025-12-09,9:43:53.301922106,T,311.79,80,312.36,40,IBM
2025-12-09,9:43:53.301922106,T,311.67,160,312.36,40,IBM
2025-12-09,9:43:53.301927037,T,311.67,160,312.34,40,IBM
2025-12-09,9:43:53.301962121,T,311.67,160,312.36,40,IBM
2025-12-09,9:43:53.301962121,T,311.67,160,312.34,40,IBM
2025-12-09,9:43:53.301962121,T,311.67,160,312.2,40,IBM
2025-12-09,9:43:53.301982236,T,311.67,160,312.13,40,IBM
2025-12-09,9:43:53.302152585,T,311.76,40,312.13,40,IBM
2025-12-09,9:43:53.302152585,T,311.9,40,312.13,40,IBM
2025-12-09,9:43:53.302192688,T,311.9,160,312.13,40,IBM
2025-12-09,9:43:53.302192688,T,311.9,240,312.13,40,IBM
2025-12-09,9:43:53.302308018,T,311.9,280,312.13,40,IBM
2025-12-09,9:43:53.302358120,T,311.9,240,312.13,40,IBM
2025-12-09,9:43:53.302383265,T,311.9,240,312.12,40,IBM
2025-12-09,9:43:53.302388215,T,311.9,200,312.12,40,IBM
2025-12-09,9:43:53.302398231,T,311.9,200,312.06,40,IBM
2025-12-09,9:43:53.302398231,T,311.9,120,312.06,40,IBM
2025-12-09,9:43:53.302738965,T,311.9,120,312.06,80,IBM
2025-12-09,9:43:53.302759036,T,311.9,120,312.01,40,IBM
2025-12-09,9:43:53.302794139,T,311.9,120,312.01,80,IBM
2025-12-09,9:43:53.303099919,T,311.9,120,312.01,40,IBM
2025-12-09,9:43:53.303185095,T,311.9,120,312.2,40,IBM
2025-12-09,9:43:53.303190048,T,311.9,120,312.01,40,IBM
2025-12-09,9:43:53.304713809,T,311.9,120,312.2,40,IBM
2025-12-09,9:43:53.304743790,T,312.01,120,312.2,40,IBM
2025-12-09,9:43:53.304773842,T,312.01,80,312.2,40,IBM
2025-12-09,9:43:53.304964330,T,312.01,120,312.2,40,IBM
2025-12-09,9:43:53.312126414,T,312.01,120,312.36,40,IBM
2025-12-09,9:43:53.402000359,T,312.01,120,312.5,200,IBM
2025-12-09,9:43:53.475906666,T,312.01,160,312.5,200,IBM
2025-12-09,9:43:53.476121743,T,312.01,120,312.5,200,IBM
2025-12-09,9:43:53.476703190,T,312.01,120,312.21,40,IBM
2025-12-09,9:43:53.476918659,T,312.01,120,312.21,120,IBM
2025-12-09,9:43:53.477459965,T,312.01,120,312.21,320,IBM
2025-12-09,9:43:59.311939326,T,312.01,120,312.21,280,IBM
2025-12-09,9:44:00.585606724,T,312.01,80,312.21,280,IBM
2025-12-09,9:44:00.585611695,T,312.19,80,312.21,280,IBM
2025-12-09,9:44:00.585696872,T,312.1,40,312.21,280,IBM
2025-12-09,9:44:00.585717241,T,312.1,80,312.21,280,IBM
2025-12-09,9:44:00.585932475,T,312.1,80,312.21,80,IBM
2025-12-09,9:44:00.585957555,T,312.1,80,312.5,200,IBM
2025-12-09,9:44:00.585962513,T,312.1,40,312.5,200,IBM
2025-12-09,9:44:00.586193128,T,312.02,40,312.5,200,IBM
2025-12-09,9:44:00.586198075,T,312.02,40,312.48,40,IBM
2025-12-09,9:44:00.614871334,T,312.02,40,312.48,80,IBM
2025-12-09,9:44:00.685629822,T,311.66,40,312.48,80,IBM
2025-12-09,9:44:00.686341565,T,311.66,40,312.5,240,IBM
2025-12-09,9:44:00.686441799,T,311.66,40,312.35,120,IBM
2025-12-09,9:44:00.686466797,T,311.66,40,312.35,280,IBM
2025-12-09,9:44:00.687008147,T,311.74,40,312.35,280,IBM
2025-12-09,9:44:01.012001875,T,312.01,80,312.35,280,IBM
2025-12-09,9:44:03.804323987,T,312.01,120,312.35,280,IBM
2025-12-09,9:44:06.829039495,T,312.01,120,312.35,160,IBM
2025-12-09,9:44:06.829054526,T,312.01,120,312.5,200,IBM
2025-12-09,9:44:07.002993638,T,312.01,120,312.35,200,IBM
2025-12-09,9:44:07.003003611,T,312.01,120,312.35,400,IBM
2025-12-09,9:44:07.590983303,T,312.14,40,312.35,400,IBM
2025-12-09,9:44:07.591304159,T,312.01,120,312.35,400,IBM
2025-12-09,9:44:09.116114002,T,312.15,40,312.35,400,IBM
2025-12-09,9:44:09.508177385,T,312.01,120,312.35,400,IBM
2025-12-09,9:44:10.118821094,T,312.01,80,312.35,400,IBM
2025-12-09,9:44:15.655571743,T,312.01,80,312.35,200,IBM
2025-12-09,9:44:22.634099579,T,312.01,80,312.3,240,IBM
2025-12-09,9:44:22.634129676,T,312.01,80,312.3,440,IBM
2025-12-09,9:44:22.634590757,T,312.01,80,312.3,240,IBM
2025-12-09,9:44:22.785650422,T,312.01,80,312.3,480,IBM
2025-12-09,9:44:26.353995107,T,312.01,80,312.23,40,IBM
2025-12-09,9:44:26.354541417,T,312.01,80,312.3,480,IBM
2025-12-09,9:44:26.609693810,T,312.01,120,312.3,480,IBM
2025-12-09,9:44:26.609724242,T,312.11,40,312.3,480,IBM
2025-12-09,9:44:26.609984467,T,312.11,40,312.3,240,IBM
2025-12-09,9:44:26.612746123,T,312.01,80,312.3,240,IBM
2025-12-09,9:44:26.612751126,T,312.11,40,312.3,240,IBM
2025-12-09,9:44:29.013260700,T,312.11,40,312.25,80,IBM
2025-12-09,9:44:29.013280723,T,312.01,80,312.25,80,IBM
2025-12-09,9:44:39.605486539,T,312.01,80,312.23,240,IBM
2025-12-09,9:44:44.141264366,T,312.01,80,312.25,80,IBM
2025-12-09,9:44:44.141269202,T,312.12,40,312.25,80,IBM
2025-12-09,9:44:44.141284275,T,312.22,80,312.25,80,IBM
2025-12-09,9:44:44.141384500,T,312.17,80,312.25,80,IBM
2025-12-09,9:44:44.141570001,T,312.17,80,312.5,120,IBM
2025-12-09,9:44:44.141655118,T,312.17,80,312.5,80,IBM
2025-12-09,9:44:44.142161437,T,312.17,40,312.5,80,IBM
2025-12-09,9:44:44.142181417,T,312.17,80,312.5,80,IBM
2025-12-09,9:44:44.142201436,T,312.17,40,312.5,80,IBM
2025-12-09,9:44:44.142211461,T,312.12,40,312.5,80,IBM
2025-12-09,9:44:44.142211461,T,312.25,40,312.5,80,IBM
2025-12-09,9:44:44.142366826,T,312.25,40,312.37,40,IBM
2025-12-09,9:44:44.142401956,T,312.25,40,312.37,80,IBM
2025-12-09,9:44:44.142527287,T,312.25,40,312.37,40,IBM
2025-12-09,9:44:44.142532225,T,312.25,40,312.5,120,IBM
2025-12-09,9:44:44.142742801,T,312.25,40,312.5,80,IBM
2025-12-09,9:44:44.142847968,T,312.24,40,312.5,80,IBM
2025-12-09,9:44:44.142847968,T,312.31,40,312.5,80,IBM
2025-12-09,9:44:44.143604807,T,312.24,80,312.5,80,IBM
2025-12-09,9:44:44.147393822,T,312.24,40,312.5,80,IBM
2025-12-09,9:44:44.150661626,T,312.01,80,312.5,80,IBM
2025-12-09,9:44:45.053280563,T,312.01,80,312.5,240,IBM
2025-12-09,9:44:56.930520270,T,312.01,80,312.5,280,IBM
2025-12-09,9:45:00.111011652,T,312.01,80,312.46,160,IBM
2025-12-09,9:45:00.462242785,T,312.24,80,312.46,160,IBM
2025-12-09,9:45:00.464828891,T,312.24,120,312.46,160,IBM
2025-12-09,9:45:00.465174758,T,312.31,40,312.46,160,IBM
2025-12-09,9:45:00.468377320,T,312.24,120,312.46,160,IBM
2025-12-09,9:45:00.468387385,T,312.31,40,312.46,160,IBM
2025-12-09,9:45:00.468963753,T,312.31,40,312.46,200,IBM
2025-12-09,9:45:00.862510812,T,312.31,40,312.46,40,IBM
2025-12-09,9:45:01.010543452,T,312.24,80,312.46,40,IBM
2025-12-09,9:45:01.011866462,T,312.01,80,312.46,40,IBM
2025-12-09,9:45:01.574731361,T,312.01,80,312.46,200,IBM
2025-12-09,9:45:02.010784365,T,312.01,80,312.43,40,IBM
2025-12-09,9:45:02.010799364,T,312.01,80,312.42,40,IBM
2025-12-09,9:45:02.010844535,T,312.01,80,312.43,40,IBM
2025-12-09,9:45:02.010844535,T,312.01,80,312.42,40,IBM
2025-12-09,9:45:02.010869577,T,312.01,80,312.46,200,IBM
2025-12-09,9:45:02.010904585,T,312.01,80,312.46,240,IBM
2025-12-09,9:45:02.011009877,T,312.01,80,312.46,200,IBM
2025-12-09,9:45:02.011024878,T,312.01,80,312.46,40,IBM
2025-12-09,9:45:02.011055001,T,312.01,80,312.5,120,IBM
2025-12-09,9:45:02.123201954,T,312.01,80,312.29,40,IBM
2025-12-09,9:45:03.011205731,T,312.05,40,312.29,40,IBM
2025-12-09,9:45:03.333613320,T,312.01,80,312.29,40,IBM
2025-12-09,9:45:03.333648371,T,312.06,40,312.29,40,IBM
2025-12-09,9:45:03.931546746,T,312.06,40,312.29,160,IBM
2025-12-09,9:45:20.822642656,T,312.01,80,312.29,160,IBM
2025-12-09,9:45:20.822667379,T,312.01,80,312.21,40,IBM
2025-12-09,9:45:20.822712544,T,312.01,80,312.14,40,IBM
2025-12-09,9:45:20.823554528,T,312.01,80,312.21,40,IBM
2025-12-09,9:45:20.823604622,T,312.01,80,312.14,40,IBM
2025-12-09,9:45:20.823634765,T,311.79,160,312.14,40,IBM
2025-12-09,9:45:20.823674831,T,311.79,160,312.21,40,IBM
2025-12-09,9:45:20.823694851,T,311.79,160,312.29,80,IBM
2025-12-09,9:45:20.823945722,T,311.57,40,312.29,80,IBM
2025-12-09,9:45:20.823955502,T,311.66,160,312.29,80,IBM
2025-12-09,9:45:20.824145938,T,311.66,160,312.14,40,IBM
2025-12-09,9:45:20.824191070,T,311.79,40,312.14,40,IBM
2025-12-09,9:45:20.830305566,T,311.79,40,312.29,40,IBM
2025-12-09,9:45:20.840459766,T,311.79,40,312.34,40,IBM
2025-12-09,9:45:20.951539205,T,311.66,160,312.34,40,IBM
2025-12-09,9:45:20.952336232,T,311.66,160,312.05,240,IBM
2025-12-09,9:45:21.229891906,T,311.66,160,312.05,280,IBM
2025-12-09,9:45:21.366291614,T,311.67,40,312.05,280,IBM
2025-12-09,9:45:21.678895810,T,311.67,40,312.04,40,IBM
2025-12-09,9:45:21.823088989,T,311.68,160,312.04,40,IBM
2025-12-09,9:45:21.942613562,T,311.68,240,312.04,40,IBM
2025-12-09,9:45:24.600661250,T,311.8,40,312.04,40,IBM
2025-12-09,9:45:24.601417956,T,311.8,160,312.04,40,IBM
2025-12-09,9:45:24.603497924,T,311.8,200,312.04,40,IBM
2025-12-09,9:45:24.772740815,T,311.8,240,312.04,40,IBM
2025-12-09,9:45:24.773222056,T,311.8,200,312.04,40,IBM
2025-12-09,9:45:25.313177409,T,311.81,40,312.04,40,IBM
2025-12-09,9:45:25.313177409,T,311.81,40,312.05,280,IBM
2025-12-09,9:45:25.313929257,T,311.81,200,312.05,280,IBM
2025-12-09,9:45:25.522761325,T,311.81,160,312.05,280,IBM
2025-12-09,9:45:36.225475144,T,311.81,160,312.04,240,IBM
2025-12-09,9:45:36.935129450,T,311.81,160,312.04,280,IBM
2025-12-09,9:45:37.885020777,T,311.81,160,312.04,400,IBM
2025-12-09,9:45:37.977500936,T,311.81,160,312.04,280,IBM
2025-12-09,9:45:41.417850977,T,311.81,160,312.03,40,IBM
2025-12-09,9:45:45.532591529,T,311.82,40,312.03,40,IBM
2025-12-09,9:45:45.533348330,T,311.82,160,312.03,40,IBM
2025-12-09,9:45:45.916009430,T,311.82,120,312.03,40,IBM
2025-12-09,9:45:48.169924919,T,311.83,120,312.03,40,IBM
2025-12-09,9:45:50.640195535,T,311.83,200,312.03,40,IBM
2025-12-09,9:45:51.044137212,T,311.83,120,312.03,40,IBM
2025-12-09,9:45:51.236555184,T,311.83,120,312.03,280,IBM
2025-12-09,9:45:52.584940399,T,311.83,120,312.02,40,IBM
2025-12-09,9:45:52.584975432,T,311.8,40,312.02,40,IBM
2025-12-09,9:45:52.585000424,T,311.8,40,312.02,80,IBM
2025-12-09,9:45:52.585015552,T,311.8,40,312.01,80,IBM
2025-12-09,9:45:52.585020480,T,311.8,40,312.01,120,IBM
2025-12-09,9:45:52.585035598,T,311.8,40,311.93,40,IBM
2025-12-09,9:45:52.585035598,T,311.8,40,311.93,80,IBM
2025-12-09,9:45:52.585080632,T,311.81,80,311.93,80,IBM
2025-12-09,9:45:52.585100679,T,311.81,120,311.93,80,IBM
2025-12-09,9:45:52.585155819,T,311.81,200,311.93,80,IBM
2025-12-09,9:45:52.585266325,T,311.81,200,311.93,40,IBM
2025-12-09,9:45:52.585271062,T,311.83,80,311.93,40,IBM
2025-12-09,9:45:52.585301117,T,311.83,280,311.93,40,IBM
2025-12-09,9:45:52.585301117,T,311.83,240,311.93,40,IBM
2025-12-09,9:45:52.585336231,T,311.83,200,311.93,40,IBM
2025-12-09,9:45:52.585346237,T,311.83,80,311.93,40,IBM
2025-12-09,9:45:52.585361280,T,311.83,80,312.01,80,IBM
2025-12-09,9:45:52.585406406,T,311.83,80,312.01,120,IBM
2025-12-09,9:45:52.585456575,T,311.83,80,311.94,40,IBM
2025-12-09,9:45:52.585817365,T,311.83,80,311.88,40,IBM
2025-12-09,9:45:52.585872463,T,311.83,80,311.89,40,IBM
2025-12-09,9:45:52.585892614,T,311.83,80,312.01,120,IBM
2025-12-09,9:45:52.585912658,T,311.8,40,312.01,120,IBM
2025-12-09,9:45:52.585912658,T,311.8,40,312.01,80,IBM
