DATE,TIME_M,EX,BID,BIDSIZ,ASK,ASKSIZ,SYM_ROOT
2025-10-22,9:30:01.036073252,T,281.5,100,283.87,100,IBM
2025-10-22,9:30:01.119526863,T,281.5,100,283.87,200,IBM
2025-10-22,9:30:01.119953163,T,281.5,100,283.5,100,IBM
2025-10-22,9:30:01.120023080,T,281.5,100,282.74,100,IBM
2025-10-22,9:30:01.120063144,T,281.6,200,282.74,100,IBM
2025-10-22,9:30:01.120153359,T,281.6,200,283.5,100,IBM
2025-10-22,9:30:01.120213751,T,281.6,200,283.67,200,IBM
2025-10-22,9:30:01.120574379,T,281.6,200,282.33,100,IBM
2025-10-22,9:30:01.121175791,T,281.6,200,281.88,100,IBM
2025-10-22,9:30:01.121607033,T,281.6,200,281.79,100,IBM
2025-10-22,9:30:01.123370987,T,281.6,200,283.5,100,IBM
2025-10-22,9:30:01.123426226,T,281.5,100,283.5,100,IBM
2025-10-22,9:30:01.123451229,T,281.79,200,283.5,100,IBM
2025-10-22,9:30:01.123541485,T,281.6,100,283.5,100,IBM
2025-10-22,9:30:01.123561551,T,281.5,100,283.5,100,IBM
2025-10-22,9:30:01.139379135,T,281.5,100,282.79,100,IBM
2025-10-22,9:30:01.139384122,T,281.5,100,283.5,100,IBM
2025-10-22,9:30:01.139699860,T,281.5,100,284.0,100,IBM
2025-10-22,9:30:01.171956777,T,281.5,100,282.55,100,IBM
2025-10-22,9:30:01.171956777,T,281.5,100,282.2,100,IBM
2025-10-22,9:30:01.175550223,T,281.5,100,282.55,100,IBM
2025-10-22,9:30:01.200780592,T,279.51,100,282.55,100,IBM
2025-10-22,9:30:01.200860788,T,279.45,100,282.55,100,IBM
2025-10-22,9:30:01.200895572,T,280.0,100,282.55,100,IBM
2025-10-22,9:30:01.201111077,T,280.0,200,282.55,100,IBM
2025-10-22,9:30:01.206914899,T,281.12,100,282.55,100,IBM
2025-10-22,9:30:01.206914899,T,281.12,200,282.55,100,IBM
2025-10-22,9:30:01.214342652,T,281.12,200,283.5,100,IBM
2025-10-22,9:30:01.238284668,T,281.4,100,283.5,100,IBM
2025-10-22,9:30:01.238284668,T,281.4,200,283.5,100,IBM
2025-10-22,9:30:01.253069818,T,281.4,200,284.0,100,IBM
2025-10-22,9:30:01.305720117,T,281.4,200,283.5,100,IBM
2025-10-22,9:30:01.335952152,T,281.4,200,284.0,100,IBM
2025-10-22,9:30:02.086884909,T,281.4,200,283.5,100,IBM
2025-10-22,9:30:02.123832907,T,281.4,200,281.79,400,IBM
2025-10-22,9:30:02.144045992,T,281.4,100,281.79,400,IBM
2025-10-22,9:30:02.144061077,T,278.68,100,281.79,400,IBM
2025-10-22,9:30:02.144396834,T,281.35,100,281.79,400,IBM
2025-10-22,9:30:02.144692543,T,281.35,100,281.63,400,IBM
2025-10-22,9:30:02.253025551,T,281.35,100,282.04,100,IBM
2025-10-22,9:30:02.253055600,T,281.35,100,283.5,100,IBM
2025-10-22,9:30:02.253075632,T,278.68,100,283.5,100,IBM
2025-10-22,9:30:02.253105666,T,281.62,100,283.5,100,IBM
2025-10-22,9:30:02.253130743,T,278.68,100,283.5,100,IBM
2025-10-22,9:30:02.253165905,T,279.51,100,283.5,100,IBM
2025-10-22,9:30:02.281869208,T,278.68,100,283.5,100,IBM
2025-10-22,9:30:02.317413802,T,279.51,100,283.5,100,IBM
2025-10-22,9:30:02.426573760,T,278.68,100,283.5,100,IBM
2025-10-22,9:30:03.354307263,T,278.68,100,284.0,100,IBM
2025-10-22,9:30:03.717416608,T,278.68,200,284.0,100,IBM
2025-10-22,9:30:03.720483966,T,278.68,100,284.0,100,IBM
2025-10-22,9:30:12.943210324,T,278.44,100,284.0,100,IBM
2025-10-22,9:30:15.388140932,T,280.07,100,284.0,100,IBM
2025-10-22,9:30:15.388145926,T,280.07,100,283.07,100,IBM
2025-10-22,9:30:15.494178417,T,280.97,100,283.07,100,IBM
2025-10-22,9:30:15.494313770,T,280.97,100,284.0,100,IBM
2025-10-22,9:30:15.494358881,T,280.97,100,282.62,100,IBM
2025-10-22,9:30:15.494714666,T,281.74,100,282.62,100,IBM
2025-10-22,9:30:15.495135664,T,281.75,100,282.62,100,IBM
2025-10-22,9:30:15.495165815,T,281.75,100,282.47,100,IBM
2025-10-22,9:30:15.495185829,T,281.75,100,282.25,100,IBM
2025-10-22,9:30:15.495195836,T,281.74,100,282.25,100,IBM
2025-10-22,9:30:15.495195836,T,281.74,100,282.47,100,IBM
2025-10-22,9:30:15.495200817,T,278.94,100,282.47,100,IBM
2025-10-22,9:30:15.495200817,T,280.86,100,282.47,100,IBM
2025-10-22,9:30:15.495225957,T,280.86,100,282.25,100,IBM
2025-10-22,9:30:15.495256025,T,280.86,100,282.47,100,IBM
2025-10-22,9:30:15.495296133,T,278.94,100,282.47,100,IBM
2025-10-22,9:30:15.495346175,T,280.99,100,282.47,100,IBM
2025-10-22,9:30:15.495611866,T,278.94,100,282.47,100,IBM
2025-10-22,9:30:15.495646923,T,279.76,100,282.47,100,IBM
2025-10-22,9:30:15.495697053,T,281.36,100,282.47,100,IBM
2025-10-22,9:30:15.515163409,T,281.36,100,283.64,100,IBM
2025-10-22,9:30:15.762161418,T,281.36,100,284.0,100,IBM
2025-10-22,9:30:15.762211490,T,281.36,100,283.0,100,IBM
2025-10-22,9:30:15.762276647,T,281.36,100,284.0,100,IBM
2025-10-22,9:30:15.762306723,T,281.35,200,284.0,100,IBM
2025-10-22,9:30:15.762321777,T,281.35,200,283.47,100,IBM
2025-10-22,9:30:15.762386884,T,281.35,100,283.47,100,IBM
2025-10-22,9:30:15.762757835,T,281.35,100,284.0,100,IBM
2025-10-22,9:30:15.762772805,T,280.45,100,284.0,100,IBM
2025-10-22,9:30:15.762772805,T,281.35,100,284.0,100,IBM
2025-10-22,9:30:15.762787874,T,281.88,100,284.0,100,IBM
2025-10-22,9:30:15.762813002,T,281.88,100,283.71,100,IBM
2025-10-22,9:30:15.766927753,T,281.88,100,284.0,100,IBM
2025-10-22,9:30:15.815463237,T,279.51,100,284.0,100,IBM
2025-10-22,9:30:15.815483351,T,278.92,100,284.0,100,IBM
2025-10-22,9:30:15.819723375,T,279.51,100,284.0,100,IBM
2025-10-22,9:30:15.976772292,T,278.92,100,284.0,100,IBM
2025-10-22,9:30:16.012387119,T,279.51,100,284.0,100,IBM
2025-10-22,9:30:16.145138235,T,278.92,100,284.0,100,IBM
2025-10-22,9:30:16.186797338,T,279.51,100,284.0,100,IBM
2025-10-22,9:30:16.386577986,T,278.92,100,284.0,100,IBM
2025-10-22,9:30:16.530435473,T,279.51,100,284.0,100,IBM
2025-10-22,9:30:16.696029698,T,278.92,100,284.0,100,IBM
2025-10-22,9:30:16.697683705,T,279.51,100,284.0,100,IBM
2025-10-22,9:30:16.875376651,T,278.92,100,284.0,100,IBM
2025-10-22,9:30:16.875662404,T,279.51,100,284.0,100,IBM
2025-10-22,9:30:18.691685659,T,278.92,100,284.0,100,IBM
2025-10-22,9:30:18.692161800,T,279.51,100,284.0,100,IBM
2025-10-22,9:30:18.927276563,T,278.92,100,284.0,100,IBM
2025-10-22,9:30:19.074582245,T,279.51,100,284.0,100,IBM
2025-10-22,9:30:22.583520854,T,281.48,100,284.0,100,IBM
2025-10-22,9:30:22.583530906,T,281.64,100,284.0,100,IBM
2025-10-22,9:30:22.583530906,T,281.48,100,284.0,100,IBM
2025-10-22,9:30:22.583566066,T,281.65,100,284.0,100,IBM
2025-10-22,9:30:22.583591047,T,281.8,100,284.0,100,IBM
2025-10-22,9:30:22.583601050,T,281.81,100,284.0,100,IBM
2025-10-22,9:30:22.584197548,T,281.81,100,283.5,100,IBM
2025-10-22,9:30:22.584302761,T,281.81,100,283.5,200,IBM
2025-10-22,9:30:22.584478351,T,281.81,100,282.65,100,IBM
2025-10-22,9:30:22.584478351,T,281.81,100,282.65,200,IBM
2025-10-22,9:30:22.584478351,T,281.65,200,282.65,200,IBM
2025-10-22,9:30:22.584508303,T,281.65,200,282.65,100,IBM
2025-10-22,9:30:22.584528356,T,281.65,200,283.5,100,IBM
2025-10-22,9:30:22.584818965,T,281.65,100,283.5,100,IBM
2025-10-22,9:30:22.600897284,T,280.0,100,283.5,100,IBM
2025-10-22,9:30:22.604325431,T,279.51,100,283.5,100,IBM
2025-10-22,9:30:22.605242574,T,280.0,100,283.5,100,IBM
2025-10-22,9:30:22.683840126,T,279.51,100,283.5,100,IBM
2025-10-22,9:30:23.095825484,T,279.51,100,282.65,100,IBM
2025-10-22,9:30:25.022782814,T,279.65,100,282.65,100,IBM
2025-10-22,9:30:25.028115479,T,279.83,100,282.65,100,IBM
2025-10-22,9:30:25.064261556,T,280.0,100,282.65,100,IBM
2025-10-22,9:30:25.084670088,T,280.01,100,282.65,100,IBM
2025-10-22,9:30:25.096994435,T,280.19,100,282.65,100,IBM
2025-10-22,9:30:25.109494212,T,280.37,100,282.65,100,IBM
2025-10-22,9:30:25.126264131,T,280.55,100,282.65,100,IBM
2025-10-22,9:30:25.366425813,T,280.0,100,282.65,100,IBM
2025-10-22,9:30:25.498655617,T,280.73,100,282.65,100,IBM
2025-10-22,9:30:27.556860676,T,280.0,100,282.65,100,IBM
2025-10-22,9:30:27.557527295,T,280.0,100,282.98,100,IBM
2025-10-22,9:30:27.557557336,T,280.73,100,282.98,100,IBM
2025-10-22,9:30:28.136681018,T,280.0,100,282.98,100,IBM
2025-10-22,9:30:28.595949367,T,280.73,100,282.98,100,IBM
2025-10-22,9:30:29.650154210,T,280.19,100,282.98,100,IBM
2025-10-22,9:30:29.650184272,T,279.65,100,282.98,100,IBM
2025-10-22,9:30:29.650505055,T,280.19,100,282.98,100,IBM
2025-10-22,9:30:29.650505055,T,281.6,100,282.98,100,IBM
2025-10-22,9:30:29.650535127,T,281.61,100,282.98,100,IBM
2025-10-22,9:30:29.652524804,T,281.61,200,282.98,100,IBM
2025-10-22,9:30:30.012687227,T,281.62,100,282.98,100,IBM
2025-10-22,9:30:36.506386563,T,281.67,100,282.98,100,IBM
2025-10-22,9:30:36.514215256,T,281.09,100,282.98,100,IBM
2025-10-22,9:30:36.514230215,T,281.09,100,282.83,100,IBM
2025-10-22,9:30:36.522103968,T,281.09,100,282.98,100,IBM
2025-10-22,9:30:36.522113997,T,281.65,100,282.98,100,IBM
2025-10-22,9:30:36.524239081,T,281.09,100,282.98,100,IBM
2025-10-22,9:30:37.024926051,T,281.67,100,282.98,100,IBM
2025-10-22,9:30:37.053429175,T,281.67,100,282.65,100,IBM
2025-10-22,9:30:37.053464069,T,281.09,100,282.65,100,IBM
2025-10-22,9:30:37.507896055,T,280.73,100,282.65,100,IBM
2025-10-22,9:30:37.507900922,T,280.73,100,282.98,100,IBM
2025-10-22,9:30:37.531502212,T,281.62,100,282.98,100,IBM
2025-10-22,9:30:41.920180265,T,281.62,100,282.8,100,IBM
2025-10-22,9:30:44.941322651,T,280.03,100,282.8,100,IBM
2025-10-22,9:30:44.941357777,T,280.03,100,282.8,200,IBM
2025-10-22,9:30:44.941373008,T,281.6,100,282.8,200,IBM
2025-10-22,9:30:44.949336689,T,280.03,100,282.8,200,IBM
2025-10-22,9:30:44.949351754,T,280.03,100,282.71,100,IBM
2025-10-22,9:30:44.951386562,T,280.03,100,282.8,200,IBM
2025-10-22,9:30:44.951416730,T,280.03,100,282.8,100,IBM
2025-10-22,9:30:45.034178758,T,280.03,100,282.8,200,IBM
2025-10-22,9:30:45.442691158,T,281.56,100,282.8,200,IBM
2025-10-22,9:30:45.450855699,T,280.03,100,282.8,200,IBM
2025-10-22,9:30:45.450870715,T,280.03,100,282.69,100,IBM
2025-10-22,9:30:45.452705087,T,280.03,100,282.8,100,IBM
2025-10-22,9:30:45.452740115,T,280.03,100,282.8,200,IBM
2025-10-22,9:30:45.949036680,T,281.57,100,282.8,200,IBM
2025-10-22,9:30:45.957020619,T,280.03,100,282.8,200,IBM
2025-10-22,9:30:45.957030718,T,280.03,100,282.7,100,IBM
2025-10-22,9:30:45.959060482,T,280.03,100,282.8,100,IBM
2025-10-22,9:30:46.860867561,T,281.62,100,282.8,100,IBM
2025-10-22,9:30:49.903129974,T,281.63,100,282.8,100,IBM
2025-10-22,9:30:49.911159104,T,280.73,100,282.8,100,IBM
2025-10-22,9:30:49.911174164,T,280.73,100,282.76,100,IBM
2025-10-22,9:30:49.911194193,T,280.03,100,282.76,100,IBM
2025-10-22,9:30:49.913299236,T,281.55,100,282.76,100,IBM
2025-10-22,9:30:50.019512151,T,280.03,100,282.76,100,IBM
2025-10-22,9:30:50.027591337,T,280.03,100,282.8,100,IBM
2025-10-22,9:30:50.027626378,T,280.03,100,282.8,200,IBM
2025-10-22,9:30:51.076418287,T,280.73,100,282.8,200,IBM
2025-10-22,9:30:52.436350881,T,280.03,100,282.8,200,IBM
2025-10-22,9:30:58.037300041,T,280.03,100,282.8,100,IBM
2025-10-22,9:30:58.042301925,T,281.75,100,282.8,100,IBM
2025-10-22,9:30:58.050416218,T,280.03,100,282.8,100,IBM
2025-10-22,9:30:59.486500133,T,281.71,100,282.8,100,IBM
2025-10-22,9:30:59.494639562,T,280.03,100,282.8,100,IBM
2025-10-22,9:30:59.494659473,T,280.03,100,282.79,100,IBM
2025-10-22,9:30:59.496523978,T,280.03,100,282.8,100,IBM
2025-10-22,9:31:00.415607006,T,281.25,200,282.8,100,IBM
2025-10-22,9:31:00.415607006,T,281.25,200,282.66,200,IBM
2025-10-22,9:31:16.170343751,T,281.25,200,282.65,100,IBM
2025-10-22,9:31:16.170373855,T,281.25,200,282.19,100,IBM
2025-10-22,9:31:16.170398925,T,281.78,300,282.19,100,IBM
2025-10-22,9:31:16.170449008,T,281.79,100,282.19,100,IBM
2025-10-22,9:31:16.170454092,T,281.79,100,282.65,100,IBM
2025-10-22,9:31:16.170494147,T,281.79,400,282.65,100,IBM
2025-10-22,9:31:16.170534297,T,281.79,400,282.66,200,IBM
2025-10-22,9:31:16.170554349,T,281.79,100,282.66,200,IBM
2025-10-22,9:31:16.170579369,T,282.19,300,282.66,200,IBM
2025-10-22,9:31:16.170599502,T,281.79,100,282.66,200,IBM
2025-10-22,9:31:16.176919430,T,281.25,200,282.66,200,IBM
2025-10-22,9:31:16.373036343,T,280.03,200,282.66,200,IBM
2025-10-22,9:31:16.373041361,T,281.46,200,282.66,200,IBM
2025-10-22,9:31:27.996668536,T,281.7,100,282.66,200,IBM
2025-10-22,9:31:43.007284182,T,281.71,100,282.66,200,IBM
2025-10-22,9:31:56.272228613,T,281.71,100,282.66,300,IBM
2025-10-22,9:31:58.953085810,T,281.71,100,282.66,200,IBM
2025-10-22,9:31:58.953130930,T,281.71,200,282.66,200,IBM
2025-10-22,9:31:58.953386588,T,281.78,100,282.66,200,IBM
2025-10-22,9:31:58.953807570,T,281.78,100,283.9,100,IBM
2025-10-22,9:31:58.953812578,T,281.78,100,282.84,200,IBM
2025-10-22,9:31:59.000809492,T,281.78,100,282.84,300,IBM
2025-10-22,9:31:59.463897024,T,281.78,100,282.82,100,IBM
2025-10-22,9:31:59.472226764,T,281.78,100,282.84,200,IBM
2025-10-22,9:31:59.965811945,T,281.78,100,282.83,100,IBM
2025-10-22,9:31:59.974161804,T,281.78,100,282.84,200,IBM
2025-10-22,9:32:00.181760975,T,281.46,200,282.84,200,IBM
2025-10-22,9:32:00.423646922,T,281.83,100,282.84,200,IBM
2025-10-22,9:32:00.423857419,T,281.83,200,282.84,200,IBM
2025-10-22,9:32:04.127835440,T,281.83,300,282.84,200,IBM
2025-10-22,9:32:07.924839824,T,281.83,300,283.9,100,IBM
2025-10-22,9:32:07.924849885,T,281.83,300,283.19,200,IBM
2025-10-22,9:32:07.933199772,T,281.83,200,283.19,200,IBM
2025-10-22,9:32:09.117093231,T,281.83,300,283.19,200,IBM
2025-10-22,9:32:09.117093231,T,281.83,300,284.0,100,IBM
2025-10-22,9:32:09.117103262,T,281.83,300,282.93,200,IBM
2025-10-22,9:32:09.408346575,T,281.83,200,282.93,200,IBM
2025-10-22,9:32:10.313396331,T,281.83,100,282.93,200,IBM
2025-10-22,9:32:16.940573501,T,281.83,200,282.93,200,IBM
2025-10-22,9:32:18.333324222,T,281.85,100,282.93,200,IBM
2025-10-22,9:32:18.333384411,T,281.83,200,282.93,200,IBM
2025-10-22,9:32:18.333419441,T,281.83,100,282.93,200,IBM
2025-10-22,9:32:18.334136138,T,281.85,100,282.93,200,IBM
2025-10-22,9:32:18.621079276,T,281.83,100,282.93,200,IBM
2025-10-22,9:32:18.621289799,T,281.83,200,282.93,200,IBM
2025-10-22,9:32:19.516801632,T,281.83,300,282.93,200,IBM
2025-10-22,9:32:19.517428131,T,281.85,100,282.93,200,IBM
2025-10-22,9:32:19.621661368,T,281.85,200,282.93,200,IBM
2025-10-22,9:32:19.622062276,T,281.85,100,282.93,200,IBM
2025-10-22,9:32:19.704954578,T,281.85,200,282.93,200,IBM
2025-10-22,9:32:20.726481539,T,281.85,100,282.93,200,IBM
2025-10-22,9:32:20.726506656,T,281.83,100,282.93,200,IBM
2025-10-22,9:32:20.727027877,T,281.83,200,282.93,200,IBM
2025-10-22,9:32:20.776741156,T,281.83,100,282.93,200,IBM
2025-10-22,9:32:20.816575998,T,281.83,200,282.93,200,IBM
2025-10-22,9:32:21.208313622,T,281.83,100,282.93,200,IBM
2025-10-22,9:32:21.209160656,T,282.0,100,282.93,200,IBM
2025-10-22,9:32:21.316917125,T,282.0,200,282.93,200,IBM
2025-10-22,9:32:21.709677175,T,282.0,100,282.93,200,IBM
2025-10-22,9:32:21.793431551,T,282.0,200,282.93,200,IBM
2025-10-22,9:32:21.983794731,T,282.0,100,282.93,200,IBM
2025-10-22,9:32:21.989207713,T,282.0,200,282.93,200,IBM
2025-10-22,9:32:22.492205169,T,282.0,100,282.93,200,IBM
2025-10-22,9:32:23.527960983,T,282.0,200,282.93,200,IBM
2025-10-22,9:32:31.917042894,T,282.0,100,282.93,200,IBM
2025-10-22,9:32:31.919563864,T,282.0,200,282.93,200,IBM
2025-10-22,9:32:33.607807894,T,282.0,100,282.93,200,IBM
2025-10-22,9:32:33.608614870,T,282.0,200,282.93,200,IBM
2025-10-22,9:32:34.594436792,T,282.0,300,282.93,200,IBM
2025-10-22,9:32:34.594446759,T,282.0,200,282.93,200,IBM
2025-10-22,9:32:34.594572124,T,282.0,300,282.93,200,IBM
2025-10-22,9:32:34.594762550,T,282.0,200,282.93,200,IBM
2025-10-22,9:32:34.594812718,T,282.0,100,282.93,200,IBM
2025-10-22,9:32:34.595073298,T,282.46,100,282.93,200,IBM
2025-10-22,9:32:34.595213620,T,282.46,100,283.5,100,IBM
2025-10-22,9:32:34.595223624,T,282.46,100,283.25,200,IBM
2025-10-22,9:32:34.595870164,T,282.45,100,283.25,200,IBM
2025-10-22,9:32:34.595870164,T,282.0,100,283.25,200,IBM
2025-10-22,9:32:34.607026759,T,281.6,100,283.25,200,IBM
2025-10-22,9:32:34.607076852,T,281.46,200,283.25,200,IBM
2025-10-22,9:32:35.675325086,T,280.45,100,283.25,200,IBM
2025-10-22,9:32:35.675335104,T,281.74,200,283.25,200,IBM
2025-10-22,9:32:37.620641179,T,280.45,100,283.25,200,IBM
2025-10-22,9:32:37.620641179,T,281.96,200,283.25,200,IBM
2025-10-22,9:32:40.929508589,T,282.0,100,283.25,200,IBM
2025-10-22,9:32:40.929518674,T,282.42,100,283.25,200,IBM
2025-10-22,9:32:40.929523530,T,282.49,100,283.25,200,IBM
2025-10-22,9:32:40.929533617,T,282.5,100,283.25,200,IBM
2025-10-22,9:32:40.929573680,T,282.64,100,283.25,200,IBM
2025-10-22,9:32:40.930681392,T,282.64,100,283.5,100,IBM
2025-10-22,9:32:40.930686309,T,282.64,100,283.48,200,IBM
2025-10-22,9:32:40.930721457,T,282.64,100,283.3,100,IBM
2025-10-22,9:32:40.930746428,T,282.64,100,283.18,200,IBM
2025-10-22,9:32:40.930846759,T,282.64,100,283.18,400,IBM
2025-10-22,9:32:40.931889326,T,282.89,100,283.18,400,IBM
2025-10-22,9:32:40.932590931,T,282.64,100,283.18,400,IBM
2025-10-22,9:32:40.937372240,T,282.42,100,283.18,400,IBM
2025-10-22,9:32:40.937733181,T,282.0,100,283.18,400,IBM
2025-10-22,9:32:40.939777959,T,281.96,200,283.18,400,IBM
2025-10-22,9:32:41.167104144,T,282.9,100,283.18,400,IBM
2025-10-22,9:32:41.257404138,T,282.9,100,283.18,200,IBM
2025-10-22,9:32:41.257404138,T,282.9,100,283.18,100,IBM
2025-10-22,9:32:41.257404138,T,282.9,100,283.48,200,IBM
2025-10-22,9:32:41.258611943,T,282.9,200,283.48,200,IBM
2025-10-22,9:32:41.262090291,T,282.9,200,284.0,100,IBM
2025-10-22,9:32:41.262100306,T,282.9,200,283.72,200,IBM
2025-10-22,9:32:41.438465115,T,282.9,200,283.68,100,IBM
2025-10-22,9:32:42.920979649,T,283.02,100,283.68,100,IBM
2025-10-22,9:32:42.921781609,T,283.02,200,283.68,100,IBM
2025-10-22,9:32:43.689464030,T,283.02,200,283.72,200,IBM
2025-10-22,9:32:43.689494190,T,283.03,100,283.72,200,IBM
2025-10-22,9:32:43.689509122,T,283.04,100,283.72,200,IBM
2025-10-22,9:32:43.689925153,T,283.2,100,283.72,200,IBM
2025-10-22,9:32:43.692666582,T,283.2,100,284.0,100,IBM
2025-10-22,9:32:43.693989782,T,283.14,200,284.0,100,IBM
2025-10-22,9:32:43.697723678,T,283.14,100,284.0,100,IBM
2025-10-22,9:32:44.877206589,T,283.14,100,284.07,200,IBM
2025-10-22,9:32:44.877246589,T,283.14,100,284.0,100,IBM
2025-10-22,9:32:45.988752846,T,283.14,200,284.0,100,IBM
2025-10-22,9:33:02.176530826,T,283.14,100,284.0,100,IBM
2025-10-22,9:33:03.487376586,T,283.14,600,284.0,100,IBM
2025-10-22,9:33:18.414438280,T,283.14,100,284.0,100,IBM
2025-10-22,9:33:18.415255314,T,283.14,100,283.72,100,IBM
2025-10-22,9:33:18.423484767,T,283.14,100,283.93,100,IBM
2025-10-22,9:33:18.515258327,T,283.14,100,284.0,100,IBM
2025-10-22,9:33:29.190096615,T,283.14,600,284.0,100,IBM
2025-10-22,9:33:30.386685119,T,283.14,600,283.93,100,IBM
2025-10-22,9:33:30.872978305,T,283.14,600,284.0,100,IBM
2025-10-22,9:33:30.873013056,T,283.14,600,283.93,100,IBM
2025-10-22,9:33:30.873048128,T,283.14,600,284.0,100,IBM
2025-10-22,9:33:30.873474156,T,283.14,500,284.0,100,IBM
2025-10-22,9:33:30.873484246,T,283.02,100,284.0,100,IBM
2025-10-22,9:33:30.881523340,T,283.02,100,284.07,200,IBM
2025-10-22,9:33:30.991961290,T,283.14,100,284.07,200,IBM
2025-10-22,9:33:31.874848154,T,283.14,100,284.06,100,IBM
2025-10-22,9:33:33.520285396,T,283.14,200,284.06,100,IBM
2025-10-22,9:33:33.520290336,T,283.29,100,284.06,100,IBM
2025-10-22,9:33:33.885509880,T,283.29,100,284.07,200,IBM
2025-10-22,9:33:33.885539964,T,283.29,200,284.07,200,IBM
2025-10-22,9:33:33.885630107,T,283.3,100,284.07,200,IBM
2025-10-22,9:33:33.885845618,T,283.36,100,284.07,200,IBM
2025-10-22,9:33:33.885875733,T,283.47,100,284.07,200,IBM
2025-10-22,9:33:33.886176406,T,283.47,100,284.0,100,IBM
2025-10-22,9:33:33.886582473,T,283.14,100,284.0,100,IBM
2025-10-22,9:33:33.886893209,T,283.48,100,284.0,100,IBM
2025-10-22,9:33:33.890045641,T,283.02,100,284.0,100,IBM
2025-10-22,9:33:33.895363267,T,283.07,100,284.0,100,IBM
2025-10-22,9:33:33.995371393,T,283.02,100,284.0,100,IBM
2025-10-22,9:33:34.011103841,T,283.47,300,284.0,100,IBM
2025-10-22,9:33:36.983460240,T,283.02,100,284.0,100,IBM
2025-10-22,9:33:37.538907622,T,283.02,100,284.0,200,IBM
2025-10-22,9:33:37.538937704,T,283.02,100,284.0,100,IBM
2025-10-22,9:33:37.539443866,T,283.29,300,284.0,100,IBM
2025-10-22,9:33:38.059386583,T,283.29,300,284.07,200,IBM
2025-10-22,9:33:38.059431696,T,283.29,300,284.0,100,IBM
2025-10-22,9:33:40.181528719,T,283.42,100,284.0,100,IBM
2025-10-22,9:33:40.181794315,T,283.47,100,284.0,100,IBM
2025-10-22,9:33:40.185869033,T,283.42,100,284.0,100,IBM
2025-10-22,9:33:40.189121792,T,283.07,100,284.0,100,IBM
2025-10-22,9:33:40.189151832,T,283.02,100,284.0,100,IBM
2025-10-22,9:33:40.190870876,T,283.07,100,284.0,100,IBM
2025-10-22,9:33:40.203034892,T,283.02,100,284.0,100,IBM
2025-10-22,9:33:42.997472474,T,283.3,100,284.0,100,IBM
2025-10-22,9:33:47.565627971,T,283.42,100,284.0,100,IBM
2025-10-22,9:33:52.485295016,T,283.0,200,284.0,100,IBM
2025-10-22,9:33:52.485330093,T,283.42,100,284.0,100,IBM
2025-10-22,9:33:52.716470411,T,283.07,100,284.0,100,IBM
2025-10-22,9:33:52.716505519,T,283.42,100,284.0,100,IBM
2025-10-22,9:33:54.061968666,T,283.42,100,284.0,200,IBM
2025-10-22,9:33:58.862417089,T,283.42,100,284.0,100,IBM
2025-10-22,9:34:00.035108907,T,283.42,100,284.3,200,IBM
2025-10-22,9:34:01.975678605,T,283.42,200,284.3,200,IBM
2025-10-22,9:34:01.975944203,T,283.42,100,284.3,200,IBM
2025-10-22,9:34:01.975984380,T,283.42,100,284.0,100,IBM
2025-10-22,9:34:01.975999317,T,283.42,400,284.0,100,IBM
2025-10-22,9:34:01.976044516,T,283.42,400,284.3,200,IBM
2025-10-22,9:34:01.976054468,T,283.42,700,284.3,200,IBM
2025-10-22,9:34:01.976064930,T,283.42,400,284.3,200,IBM
2025-10-22,9:34:01.976069516,T,283.42,100,284.3,200,IBM
2025-10-22,9:34:01.976079544,T,283.42,200,284.3,200,IBM
2025-10-22,9:34:01.976089543,T,283.7,600,284.3,200,IBM
2025-10-22,9:34:01.976099561,T,283.59,100,284.3,200,IBM
2025-10-22,9:34:01.976109635,T,283.42,200,284.3,200,IBM
2025-10-22,9:34:01.976124713,T,283.7,600,284.3,200,IBM
2025-10-22,9:34:01.976239916,T,283.7,500,284.3,200,IBM
2025-10-22,9:34:01.976310055,T,283.7,400,284.3,200,IBM
2025-10-22,9:34:01.976335171,T,283.42,200,284.3,200,IBM
2025-10-22,9:34:01.976365272,T,283.42,200,284.0,100,IBM
2025-10-22,9:34:01.976395344,T,283.59,300,284.0,100,IBM
2025-10-22,9:34:01.976575700,T,283.42,100,284.0,100,IBM
2025-10-22,9:34:01.976575700,T,283.59,100,284.0,100,IBM
2025-10-22,9:34:01.976585821,T,283.42,100,284.0,100,IBM
2025-10-22,9:34:01.976600850,T,283.7,300,284.0,100,IBM
2025-10-22,9:34:01.976731117,T,283.7,200,284.0,100,IBM
2025-10-22,9:34:01.976736096,T,283.7,100,284.0,100,IBM
2025-10-22,9:34:01.977598192,T,283.7,100,284.3,200,IBM
2025-10-22,9:34:01.983587434,T,283.0,200,284.3,200,IBM
2025-10-22,9:34:01.983612511,T,283.77,100,284.3,200,IBM
2025-10-22,9:34:02.160658973,T,283.77,200,284.3,200,IBM
2025-10-22,9:34:02.419354802,T,283.77,100,284.3,200,IBM
2025-10-22,9:34:02.419354802,T,283.24,100,284.3,200,IBM
2025-10-22,9:34:02.419364798,T,283.0,200,284.3,200,IBM
2025-10-22,9:34:02.419374842,T,283.0,200,283.78,100,IBM
2025-10-22,9:34:02.419404856,T,283.01,100,283.78,100,IBM
2025-10-22,9:34:02.419434974,T,283.0,200,283.78,100,IBM
2025-10-22,9:34:02.419455460,T,283.0,200,284.0,100,IBM
2025-10-22,9:34:02.419480024,T,283.0,200,284.3,200,IBM
2025-10-22,9:34:02.420026423,T,283.0,200,284.0,100,IBM
2025-10-22,9:34:02.420166702,T,283.31,100,284.0,100,IBM
2025-10-22,9:34:02.420177095,T,283.7,100,284.0,100,IBM
2025-10-22,9:34:02.420191800,T,283.21,100,284.0,100,IBM
2025-10-22,9:34:02.420191800,T,283.0,200,284.0,100,IBM
2025-10-22,9:34:02.427644556,T,283.0,200,284.29,100,IBM
2025-10-22,9:34:02.428446397,T,283.0,200,284.3,200,IBM
2025-10-22,9:34:04.605634674,T,283.58,100,284.3,200,IBM
2025-10-22,9:34:06.487043685,T,283.0,200,284.3,200,IBM
2025-10-22,9:34:06.487058828,T,283.0,200,284.0,100,IBM
2025-10-22,9:34:06.487073848,T,283.0,200,283.79,100,IBM
2025-10-22,9:34:06.487534883,T,283.0,200,283.78,100,IBM
2025-10-22,9:34:06.487635142,T,283.0,200,283.77,100,IBM
2025-10-22,9:34:06.488732746,T,283.42,100,283.77,100,IBM
2025-10-22,9:34:06.504309866,T,283.42,100,284.0,100,IBM
2025-10-22,9:34:06.587121989,T,283.42,100,284.29,100,IBM
2025-10-22,9:34:06.985941501,T,283.0,200,284.29,100,IBM
2025-10-22,9:34:07.882616224,T,283.42,300,284.29,100,IBM
2025-10-22,9:34:09.754722982,T,283.42,300,284.0,100,IBM
2025-10-22,9:34:09.754753106,T,283.42,300,284.16,100,IBM
2025-10-22,9:34:12.341205798,T,283.42,300,283.96,100,IBM
2025-10-22,9:34:12.341260896,T,283.42,100,283.96,100,IBM
2025-10-22,9:34:12.341280991,T,283.0,200,283.96,100,IBM
2025-10-22,9:34:12.341291010,T,283.0,200,283.85,100,IBM
2025-10-22,9:34:12.341311109,T,283.0,200,283.69,100,IBM
2025-10-22,9:34:12.341596917,T,283.07,400,283.69,100,IBM
2025-10-22,9:34:12.341716999,T,283.07,400,283.68,100,IBM
2025-10-22,9:34:12.341772600,T,283.07,400,283.69,200,IBM
2025-10-22,9:34:12.341802406,T,283.07,400,283.68,300,IBM
2025-10-22,9:34:12.342067898,T,283.07,400,283.68,100,IBM
2025-10-22,9:34:12.342363578,T,283.07,400,283.96,100,IBM
2025-10-22,9:34:12.342739403,T,283.37,100,283.96,100,IBM
2025-10-22,9:34:12.342784515,T,283.37,500,283.96,100,IBM
2025-10-22,9:34:12.342799538,T,283.37,400,283.96,100,IBM
2025-10-22,9:34:12.342844824,T,283.37,300,283.96,100,IBM
2025-10-22,9:34:12.342870149,T,283.0,200,283.96,100,IBM
2025-10-22,9:34:12.344794340,T,283.37,100,283.96,100,IBM
2025-10-22,9:34:12.359258833,T,283.37,100,283.96,200,IBM
2025-10-22,9:34:12.359278842,T,283.37,100,283.96,100,IBM
2025-10-22,9:34:12.916745992,T,282.79,200,283.96,100,IBM
2025-10-22,9:34:13.360066392,T,282.79,200,283.68,100,IBM
2025-10-22,9:34:15.367420169,T,282.79,200,283.67,100,IBM
2025-10-22,9:34:16.516866637,T,283.3,100,283.67,100,IBM
2025-10-22,9:34:16.735166392,T,283.37,100,283.67,100,IBM
2025-10-22,9:34:17.374077379,T,283.37,100,283.66,100,IBM
2025-10-22,9:34:19.369768411,T,283.37,100,283.65,100,IBM
2025-10-22,9:34:21.377257658,T,283.37,100,283.64,100,IBM
2025-10-22,9:34:21.447605175,T,283.37,100,284.03,100,IBM
2025-10-22,9:34:21.448141359,T,283.37,200,284.03,100,IBM
2025-10-22,9:34:21.448296729,T,283.37,200,284.1,200,IBM
2025-10-22,9:34:21.448442076,T,283.42,100,284.1,200,IBM
2025-10-22,9:34:21.448627591,T,283.37,100,284.1,200,IBM
2025-10-22,9:34:21.450692416,T,283.37,100,284.42,100,IBM
2025-10-22,9:34:21.450702526,T,283.37,100,284.32,200,IBM
2025-10-22,9:34:31.792763850,T,283.37,200,284.32,200,IBM
2025-10-22,9:34:34.244956645,T,283.37,200,284.32,300,IBM
2025-10-22,9:34:34.244956645,T,283.37,200,284.32,200,IBM
2025-10-22,9:34:34.244956645,T,283.37,200,284.0,100,IBM
2025-10-22,9:34:34.244971687,T,283.37,200,283.82,100,IBM
2025-10-22,9:34:34.245096984,T,283.37,100,283.82,100,IBM
2025-10-22,9:34:34.245162187,T,283.37,100,283.81,100,IBM
2025-10-22,9:34:34.251697741,T,283.37,100,283.82,100,IBM
2025-10-22,9:34:34.253191238,T,283.37,100,284.0,100,IBM
2025-10-22,9:34:35.487865717,T,283.37,100,284.29,100,IBM
2025-10-22,9:34:37.538016104,T,283.37,100,284.14,200,IBM
2025-10-22,9:34:39.680221137,T,283.37,400,284.14,200,IBM
2025-10-22,9:34:49.481795691,T,283.37,100,284.14,200,IBM
2025-10-22,9:34:50.031880364,T,283.37,100,284.0,100,IBM
2025-10-22,9:34:50.033313710,T,283.4,200,284.0,100,IBM
2025-10-22,9:34:50.132199124,T,283.4,200,284.14,200,IBM
2025-10-22,9:34:51.271250787,T,283.61,200,284.14,200,IBM
2025-10-22,9:34:55.932808409,T,283.61,300,284.14,200,IBM
2025-10-22,9:34:55.932928703,T,283.61,100,284.14,200,IBM
2025-10-22,9:34:55.933670459,T,283.37,100,284.14,200,IBM
2025-10-22,9:34:56.090874928,T,283.61,100,284.14,200,IBM
2025-10-22,9:34:56.090995644,T,283.37,100,284.14,200,IBM
2025-10-22,9:34:56.091000029,T,283.61,100,284.14,200,IBM
2025-10-22,9:34:56.091145335,T,283.61,100,284.49,100,IBM
2025-10-22,9:34:56.091155377,T,283.61,100,284.37,200,IBM
2025-10-22,9:34:56.091180385,T,283.79,100,284.37,200,IBM
2025-10-22,9:34:56.091446040,T,283.61,100,284.37,200,IBM
2025-10-22,9:34:56.091446040,T,283.79,100,284.37,200,IBM
2025-10-22,9:34:56.094548425,T,283.9,200,284.37,200,IBM
2025-10-22,9:34:57.719662419,T,283.9,200,285.0,100,IBM
2025-10-22,9:34:57.719662419,T,283.9,200,284.56,200,IBM
2025-10-22,9:35:02.511680656,T,283.37,100,284.56,200,IBM
2025-10-22,9:35:03.827803877,T,283.27,200,284.56,200,IBM
2025-10-22,9:35:04.355850984,T,283.42,100,284.56,200,IBM
2025-10-22,9:35:04.848954921,T,283.27,200,284.56,200,IBM
2025-10-22,9:35:10.788670658,T,283.96,200,284.56,200,IBM
2025-10-22,9:35:11.079723440,T,283.27,200,284.56,200,IBM
2025-10-22,9:35:11.080284777,T,283.27,200,284.5,100,IBM
2025-10-22,9:35:11.080324897,T,283.27,200,284.2,100,IBM
2025-10-22,9:35:11.080781019,T,283.27,200,284.5,100,IBM
2025-10-22,9:35:11.080841140,T,283.54,100,284.5,100,IBM
2025-10-22,9:35:11.081262108,T,283.3,100,284.5,100,IBM
2025-10-22,9:35:11.081282126,T,283.3,100,284.56,200,IBM
2025-10-22,9:35:11.081292134,T,283.27,200,284.56,200,IBM
2025-10-22,9:35:11.081502685,T,283.27,200,284.5,100,IBM
2025-10-22,9:35:11.082635375,T,283.27,200,284.56,200,IBM
2025-10-22,9:35:11.091055475,T,283.27,200,284.5,100,IBM
2025-10-22,9:35:11.098342822,T,283.61,100,284.5,100,IBM
2025-10-22,9:35:11.227605451,T,283.27,200,284.5,100,IBM
2025-10-22,9:35:22.467032858,T,283.27,200,284.2,100,IBM
2025-10-22,9:35:22.467032858,T,283.27,200,284.5,100,IBM
2025-10-22,9:35:22.937813605,T,283.61,100,284.5,100,IBM
2025-10-22,9:35:25.563594741,T,283.61,100,284.56,200,IBM
2025-10-22,9:35:27.534667384,T,283.27,200,284.56,200,IBM
2025-10-22,9:35:27.535038375,T,283.61,100,284.56,200,IBM
2025-10-22,9:35:29.095107240,T,283.61,100,284.5,100,IBM
2025-10-22,9:35:30.981653541,T,283.61,100,284.2,100,IBM
2025-10-22,9:35:30.981653541,T,283.61,100,284.5,100,IBM
2025-10-22,9:35:30.981839153,T,283.27,200,284.5,100,IBM
2025-10-22,9:35:30.981889103,T,283.27,200,283.97,100,IBM
2025-10-22,9:35:30.981949182,T,283.27,200,283.96,100,IBM
2025-10-22,9:35:30.982004383,T,283.27,200,283.9,100,IBM
2025-10-22,9:35:30.982159657,T,283.62,200,283.9,100,IBM
2025-10-22,9:35:30.982179765,T,283.27,200,283.9,100,IBM
2025-10-22,9:35:30.982179765,T,283.27,200,283.97,100,IBM
2025-10-22,9:35:30.982515539,T,283.27,200,283.97,200,IBM
2025-10-22,9:35:30.982530546,T,283.27,200,283.96,100,IBM
2025-10-22,9:35:30.982625784,T,283.27,200,283.9,100,IBM
2025-10-22,9:35:30.982640816,T,283.27,200,283.84,100,IBM
2025-10-22,9:35:30.982655854,T,283.27,200,283.96,100,IBM
2025-10-22,9:35:30.982660894,T,283.27,200,283.84,100,IBM
2025-10-22,9:35:30.982670899,T,283.27,200,283.96,100,IBM
2025-10-22,9:35:30.982716012,T,283.27,200,283.9,100,IBM
2025-10-22,9:35:30.982891511,T,283.27,200,283.96,100,IBM
2025-10-22,9:35:30.986485004,T,281.83,100,283.96,100,IBM
2025-10-22,9:35:30.986495006,T,282.79,200,283.96,100,IBM
2025-10-22,9:35:30.988870685,T,283.0,100,283.96,100,IBM
2025-10-22,9:35:30.992429127,T,283.0,100,283.97,200,IBM
2025-10-22,9:35:30.992454276,T,283.0,100,283.97,100,IBM
2025-10-22,9:35:30.992574515,T,283.0,100,284.12,100,IBM
2025-10-22,9:35:30.994017972,T,283.0,100,284.2,100,IBM
2025-10-22,9:35:31.033005781,T,283.0,100,284.12,100,IBM
2025-10-22,9:35:31.033051178,T,283.0,100,284.0,100,IBM
2025-10-22,9:35:31.033146132,T,283.0,100,283.97,100,IBM
2025-10-22,9:35:31.033156108,T,283.0,100,283.96,100,IBM
2025-10-22,9:35:31.033201296,T,283.0,100,283.88,100,IBM
2025-10-22,9:35:31.033597229,T,283.0,100,283.88,200,IBM
2025-10-22,9:35:31.037070510,T,283.0,100,283.88,100,IBM
2025-10-22,9:35:31.037291105,T,283.0,100,283.88,200,IBM
2025-10-22,9:35:31.064991902,T,283.0,200,283.88,200,IBM
2025-10-22,9:35:31.524115040,T,283.0,100,283.88,200,IBM
2025-10-22,9:35:31.524340542,T,283.0,100,283.88,100,IBM
2025-10-22,9:35:32.053224618,T,283.0,200,283.88,100,IBM
2025-10-22,9:35:32.054597968,T,283.0,300,283.88,100,IBM
2025-10-22,9:35:32.054633063,T,283.0,200,283.88,100,IBM
2025-10-22,9:35:32.156144701,T,283.0,200,283.75,100,IBM
2025-10-22,9:35:32.295902397,T,283.0,100,283.75,100,IBM
2025-10-22,9:35:32.408781161,T,283.0,200,283.75,100,IBM
2025-10-22,9:35:32.884849407,T,283.0,100,283.75,100,IBM
2025-10-22,9:35:32.884884490,T,283.0,100,283.75,200,IBM
2025-10-22,9:35:34.158366304,T,282.79,200,283.75,200,IBM
2025-10-22,9:35:34.158396414,T,282.79,200,283.75,300,IBM
2025-10-22,9:35:34.158396414,T,282.79,200,283.39,100,IBM
2025-10-22,9:35:34.158672042,T,283.0,100,283.39,100,IBM
2025-10-22,9:35:34.158692036,T,283.0,100,283.74,100,IBM
2025-10-22,9:35:34.158697056,T,283.0,100,283.64,100,IBM
2025-10-22,9:35:34.158727137,T,282.79,200,283.64,100,IBM
2025-10-22,9:35:34.158747178,T,282.79,200,283.61,100,IBM
2025-10-22,9:35:34.158857531,T,281.42,100,283.61,100,IBM
2025-10-22,9:35:34.158867491,T,282.56,200,283.61,100,IBM
2025-10-22,9:35:34.158917648,T,282.56,200,283.39,100,IBM
2025-10-22,9:35:34.158957750,T,282.79,100,283.39,100,IBM
2025-10-22,9:35:34.158977746,T,282.79,100,283.64,100,IBM
2025-10-22,9:35:34.159007827,T,282.79,100,283.74,100,IBM
2025-10-22,9:35:34.159123126,T,282.79,100,283.64,100,IBM
2025-10-22,9:35:34.159218537,T,282.79,100,283.74,100,IBM
2025-10-22,9:35:34.159218537,T,283.01,100,283.74,100,IBM
2025-10-22,9:35:34.159223307,T,282.56,200,283.74,100,IBM
2025-10-22,9:35:34.159514028,T,282.56,200,283.75,100,IBM
2025-10-22,9:35:34.164571111,T,282.7,100,283.75,100,IBM
2025-10-22,9:35:34.170254567,T,282.7,100,283.75,200,IBM
2025-10-22,9:35:34.170389906,T,282.7,100,283.74,100,IBM
2025-10-22,9:35:34.170415003,T,282.56,200,283.74,100,IBM
2025-10-22,9:35:34.208931672,T,282.56,200,283.74,200,IBM
2025-10-22,9:35:34.258399525,T,282.56,200,283.74,100,IBM
2025-10-22,9:35:35.203699986,T,282.56,200,283.27,100,IBM
2025-10-22,9:35:35.204015705,T,282.7,100,283.27,100,IBM
2025-10-22,9:35:36.129754608,T,282.7,100,283.15,100,IBM
2025-10-22,9:35:36.130070369,T,282.56,200,283.15,100,IBM
2025-10-22,9:35:36.872167136,T,281.29,100,283.15,100,IBM
2025-10-22,9:35:36.872172155,T,282.36,200,283.15,100,IBM
2025-10-22,9:35:41.664330852,T,282.7,100,283.15,100,IBM
2025-10-22,9:35:42.095371986,T,282.36,200,283.15,100,IBM
2025-10-22,9:35:42.204642127,T,282.36,200,283.15,200,IBM
2025-10-22,9:35:42.214685984,T,282.36,200,283.15,100,IBM
2025-10-22,9:35:47.846107630,T,282.36,400,283.15,100,IBM
2025-10-22,9:35:59.842101142,T,282.36,200,283.15,100,IBM
2025-10-22,9:35:59.842467076,T,282.36,400,283.15,100,IBM
2025-10-22,9:36:00.128292599,T,282.36,200,283.15,100,IBM
2025-10-22,9:36:00.387479572,T,282.65,100,283.15,100,IBM
2025-10-22,9:36:00.387554904,T,282.36,200,283.15,100,IBM
2025-10-22,9:36:00.387810351,T,282.36,300,283.15,100,IBM
2025-10-22,9:36:00.391574331,T,282.36,200,283.15,100,IBM
2025-10-22,9:36:00.486274812,T,282.36,300,283.15,100,IBM
2025-10-22,9:36:00.488008981,T,282.36,200,283.15,100,IBM
2025-10-22,9:36:02.949784742,T,282.39,300,283.15,100,IBM
2025-10-22,9:36:02.949995068,T,282.39,400,283.15,100,IBM
2025-10-22,9:36:05.508997155,T,282.39,100,283.15,100,IBM
2025-10-22,9:36:05.511112268,T,282.39,400,283.15,100,IBM
2025-10-22,9:36:05.527025049,T,282.39,300,283.15,100,IBM
2025-10-22,9:36:05.538247077,T,282.7,100,283.15,100,IBM
2025-10-22,9:36:05.538261827,T,282.73,100,283.15,100,IBM
2025-10-22,9:36:05.539239179,T,282.7,200,283.15,100,IBM
2025-10-22,9:36:05.540056120,T,282.7,100,283.15,100,IBM
2025-10-22,9:36:05.557978826,T,282.7,100,283.16,100,IBM
2025-10-22,9:36:05.557998848,T,282.7,100,283.42,200,IBM
2025-10-22,9:36:05.558028909,T,282.73,100,283.42,200,IBM
2025-10-22,9:36:05.558059000,T,282.7,200,283.42,200,IBM
2025-10-22,9:36:05.558189316,T,282.7,100,283.42,200,IBM
2025-10-22,9:36:05.558214298,T,282.66,100,283.42,200,IBM
2025-10-22,9:36:05.558459981,T,282.92,100,283.42,200,IBM
2025-10-22,9:36:05.558760644,T,282.95,100,283.42,200,IBM
2025-10-22,9:36:05.559086445,T,282.79,100,283.42,200,IBM
2025-10-22,9:36:05.559111500,T,282.81,100,283.42,200,IBM
2025-10-22,9:36:05.559111500,T,282.66,100,283.42,200,IBM
2025-10-22,9:36:05.559126524,T,282.71,100,283.42,200,IBM
2025-10-22,9:36:05.559853218,T,282.71,100,283.97,100,IBM
2025-10-22,9:36:05.559853218,T,282.71,100,283.62,200,IBM
2025-10-22,9:36:05.560339354,T,282.75,100,283.62,200,IBM
2025-10-22,9:36:05.560740326,T,282.71,100,283.62,200,IBM
2025-10-22,9:36:05.563963035,T,282.75,100,283.62,200,IBM
2025-10-22,9:36:05.572307872,T,282.75,100,283.27,100,IBM
2025-10-22,9:36:05.575700931,T,282.71,100,283.27,100,IBM
2025-10-22,9:36:05.658036994,T,282.59,100,283.27,100,IBM
2025-10-22,9:36:05.658052065,T,282.39,300,283.27,100,IBM
2025-10-22,9:36:05.658247503,T,282.59,100,283.27,100,IBM
2025-10-22,9:36:05.812188907,T,282.39,300,283.27,100,IBM
2025-10-22,9:36:05.812424458,T,282.39,400,283.27,100,IBM
2025-10-22,9:36:05.896374376,T,282.39,100,283.27,100,IBM
2025-10-22,9:36:05.896579891,T,282.36,200,283.27,100,IBM
2025-10-22,9:36:06.595734312,T,282.4,300,283.27,100,IBM
2025-10-22,9:36:06.595944836,T,282.4,400,283.27,100,IBM
2025-10-22,9:36:07.941127241,T,282.4,100,283.27,100,IBM
2025-10-22,9:36:07.941493041,T,282.4,400,283.27,100,IBM
2025-10-22,9:36:08.123726912,T,282.4,100,283.27,100,IBM
2025-10-22,9:36:08.231658857,T,282.4,400,283.27,100,IBM
2025-10-22,9:36:08.654590818,T,282.4,300,283.27,100,IBM
2025-10-22,9:36:08.731188231,T,282.36,200,283.27,100,IBM
2025-10-22,9:36:09.286404930,T,282.41,400,283.27,100,IBM
2025-10-22,9:36:09.286615520,T,282.41,500,283.27,100,IBM
2025-10-22,9:36:10.389897007,T,282.41,400,283.27,100,IBM
2025-10-22,9:36:10.390007259,T,282.36,200,283.27,100,IBM
2025-10-22,9:36:10.390363116,T,282.68,400,283.27,100,IBM
2025-10-22,9:36:10.468649549,T,282.68,500,283.27,100,IBM
2025-10-22,9:36:11.599471716,T,282.68,400,283.27,100,IBM
2025-10-22,9:36:11.599576895,T,282.36,200,283.27,100,IBM
2025-10-22,9:36:11.599947843,T,282.69,400,283.27,100,IBM
2025-10-22,9:36:12.038516838,T,282.36,200,283.27,100,IBM
2025-10-22,9:36:12.472740567,T,282.69,400,283.27,100,IBM
2025-10-22,9:36:14.019232158,T,282.36,300,283.27,100,IBM
2025-10-22,9:36:14.019262197,T,282.36,200,283.27,100,IBM
2025-10-22,9:36:14.019588028,T,282.7,400,283.27,100,IBM
2025-10-22,9:36:15.752448422,T,282.36,200,283.27,100,IBM
2025-10-22,9:36:15.752809251,T,282.71,400,283.27,100,IBM
2025-10-22,9:36:16.261976374,T,282.65,100,283.27,100,IBM
2025-10-22,9:36:16.270787350,T,282.71,400,283.27,100,IBM
2025-10-22,9:36:17.852633304,T,282.71,500,283.27,100,IBM
2025-10-22,9:36:17.852648327,T,282.72,100,283.27,100,IBM
2025-10-22,9:36:17.860867906,T,282.71,400,283.27,100,IBM
2025-10-22,9:36:18.323023162,T,282.36,200,283.27,100,IBM
2025-10-22,9:36:18.944337254,T,282.71,200,283.27,100,IBM
2025-10-22,9:36:21.210597328,T,282.36,200,283.27,100,IBM
2025-10-22,9:36:21.210968249,T,282.71,200,283.27,100,IBM
2025-10-22,9:36:23.939032918,T,282.36,200,283.27,100,IBM
2025-10-22,9:36:23.939393835,T,282.71,200,283.27,100,IBM
2025-10-22,9:36:24.087852213,T,282.36,200,283.27,100,IBM
2025-10-22,9:36:24.278871984,T,282.76,200,283.27,100,IBM
2025-10-22,9:36:24.753652483,T,282.36,200,283.27,100,IBM
2025-10-22,9:36:25.229109428,T,282.76,300,283.27,100,IBM
2025-10-22,9:36:25.591852886,T,282.36,200,283.27,100,IBM
2025-10-22,9:36:26.008710266,T,282.71,300,283.27,100,IBM
2025-10-22,9:36:26.339848559,T,282.36,200,283.27,100,IBM
2025-10-22,9:36:26.659384210,T,282.71,300,283.27,100,IBM
2025-10-22,9:36:26.917303273,T,282.36,200,283.27,100,IBM
2025-10-22,9:36:26.917664122,T,282.71,300,283.27,100,IBM
2025-10-22,9:36:27.296972089,T,282.36,200,283.27,100,IBM
2025-10-22,9:36:27.456576980,T,282.71,300,283.27,100,IBM
2025-10-22,9:36:27.936128690,T,282.36,200,283.27,100,IBM
2025-10-22,9:36:28.415610199,T,282.71,200,283.27,100,IBM
2025-10-22,9:36:28.575681231,T,282.36,200,283.27,100,IBM
2025-10-22,9:36:28.735867637,T,282.71,200,283.27,100,IBM
2025-10-22,9:36:30.166483559,T,282.68,100,283.27,100,IBM
2025-10-22,9:36:30.411386573,T,282.71,100,283.27,100,IBM
2025-10-22,9:36:30.411922888,T,282.36,300,283.27,100,IBM
2025-10-22,9:36:30.412033131,T,282.36,200,283.27,100,IBM
2025-10-22,9:36:31.516492503,T,282.71,100,283.27,100,IBM
2025-10-22,9:36:33.737284569,T,282.71,400,283.27,100,IBM
2025-10-22,9:36:34.757944406,T,282.71,500,283.27,100,IBM
2025-10-22,9:36:34.757979473,T,282.71,200,283.27,100,IBM
2025-10-22,9:36:34.758345322,T,282.71,500,283.27,100,IBM
2025-10-22,9:36:34.836531514,T,282.71,600,283.27,100,IBM
2025-10-22,9:36:34.836561561,T,282.71,500,283.27,100,IBM
2025-10-22,9:36:34.837659157,T,282.71,400,283.27,100,IBM
2025-10-22,9:36:34.855261095,T,282.71,300,283.27,100,IBM
2025-10-22,9:36:34.970109546,T,282.36,200,283.27,100,IBM
2025-10-22,9:36:36.001108928,T,282.92,300,283.27,100,IBM
2025-10-22,9:36:36.001319404,T,282.92,400,283.27,100,IBM
2025-10-22,9:36:37.988099247,T,282.92,100,283.27,100,IBM
2025-10-22,9:36:37.988460065,T,282.92,300,283.27,100,IBM
2025-10-22,9:36:38.412003440,T,282.92,200,283.27,100,IBM
2025-10-22,9:36:38.412364266,T,282.36,200,283.27,100,IBM
2025-10-22,9:36:38.412720039,T,282.95,200,283.27,100,IBM
2025-10-22,9:36:38.412930606,T,282.95,300,283.27,100,IBM
2025-10-22,9:36:38.477143448,T,282.95,400,283.27,100,IBM
2025-10-22,9:36:38.700384940,T,282.95,200,283.27,100,IBM
2025-10-22,9:36:38.701166791,T,282.95,100,283.27,100,IBM
2025-10-22,9:36:38.701457560,T,282.95,300,283.27,100,IBM
2025-10-22,9:36:39.040720132,T,282.95,100,283.27,100,IBM
2025-10-22,9:36:39.303470655,T,282.95,300,283.27,100,IBM
2025-10-22,9:36:39.517004004,T,282.95,300,283.31,100,IBM
2025-10-22,9:36:39.517024081,T,283.25,100,283.31,100,IBM
2025-10-22,9:36:39.517049321,T,283.25,100,283.62,200,IBM
2025-10-22,9:36:39.517059135,T,283.01,100,283.62,200,IBM
2025-10-22,9:36:39.517099418,T,282.95,200,283.62,200,IBM
2025-10-22,9:36:39.517109287,T,282.95,100,283.62,200,IBM
2025-10-22,9:36:39.517199538,T,282.95,100,283.56,100,IBM
2025-10-22,9:36:39.517279702,T,282.96,100,283.56,100,IBM
2025-10-22,9:36:39.517435077,T,282.95,100,283.56,100,IBM
2025-10-22,9:36:39.517921196,T,283.11,100,283.56,100,IBM
2025-10-22,9:36:39.517951330,T,283.01,100,283.56,100,IBM
2025-10-22,9:36:39.518051517,T,282.96,100,283.56,100,IBM
2025-10-22,9:36:39.585702630,T,283.25,100,283.56,100,IBM
2025-10-22,9:36:39.618169893,T,283.25,100,283.85,200,IBM
2025-10-22,9:36:39.626780392,T,283.25,100,283.65,100,IBM
2025-10-22,9:36:39.735794829,T,283.26,200,283.65,100,IBM
2025-10-22,9:36:39.824045068,T,283.26,200,283.85,200,IBM
2025-10-22,9:36:40.121678632,T,283.25,100,283.85,200,IBM
2025-10-22,9:36:40.129727820,T,283.25,100,283.85,300,IBM
2025-10-22,9:36:40.682869628,T,283.25,100,283.84,100,IBM
2025-10-22,9:36:42.399802266,T,283.25,100,283.84,200,IBM
2025-10-22,9:36:42.409034232,T,283.25,100,283.83,100,IBM
2025-10-22,9:36:43.874718442,T,283.25,100,283.84,100,IBM
2025-10-22,9:36:48.637527404,T,283.25,100,283.85,200,IBM
2025-10-22,9:36:49.644168555,T,283.26,100,283.85,200,IBM
2025-10-22,9:36:49.644865216,T,283.31,400,283.85,200,IBM
2025-10-22,9:36:49.708050654,T,283.31,500,283.85,200,IBM
2025-10-22,9:36:49.734644013,T,283.31,400,283.85,200,IBM
2025-10-22,9:36:49.769446817,T,283.31,500,283.85,200,IBM
2025-10-22,9:36:49.769787648,T,283.31,500,284.5,100,IBM
2025-10-22,9:36:49.769797658,T,283.31,500,284.04,200,IBM
2025-10-22,9:36:49.777676435,T,283.31,400,284.04,200,IBM
2025-10-22,9:36:50.232850087,T,283.31,400,283.83,100,IBM
2025-10-22,9:36:50.271787705,T,283.31,500,283.83,100,IBM
2025-10-22,9:36:57.608203346,T,283.31,100,283.83,100,IBM
2025-10-22,9:36:57.622562475,T,282.65,100,283.83,100,IBM
2025-10-22,9:36:57.666732552,T,283.35,100,283.83,100,IBM
2025-10-22,9:36:59.100631231,T,283.46,400,283.83,100,IBM
2025-10-22,9:37:05.199144940,T,283.46,500,283.83,100,IBM
2025-10-22,9:37:05.199154984,T,283.47,100,283.83,100,IBM
2025-10-22,9:37:05.199250200,T,283.51,100,283.83,100,IBM
2025-10-22,9:37:05.200327961,T,283.47,100,283.83,100,IBM
2025-10-22,9:37:05.200848926,T,283.46,100,283.83,100,IBM
2025-10-22,9:37:05.223287410,T,282.85,200,283.83,100,IBM
2025-10-22,9:37:05.223593172,T,283.46,400,283.83,100,IBM
2025-10-22,9:37:05.486037928,T,282.85,200,283.83,100,IBM
2025-10-22,9:37:05.777511853,T,283.46,400,283.83,100,IBM
2025-10-22,9:37:06.093709663,T,282.85,200,283.83,100,IBM
2025-10-22,9:37:06.094506522,T,283.13,100,283.83,100,IBM
2025-10-22,9:37:06.375680906,T,283.46,400,283.83,100,IBM
2025-10-22,9:37:06.601874436,T,283.46,500,283.83,100,IBM
2025-10-22,9:37:06.643994752,T,283.47,100,283.83,100,IBM
2025-10-22,9:37:06.644220193,T,283.46,100,283.83,100,IBM
2025-10-22,9:37:06.644621204,T,283.47,100,283.83,100,IBM
2025-10-22,9:37:06.645483319,T,283.35,100,283.83,100,IBM
2025-10-22,9:37:06.659205981,T,283.31,100,283.83,100,IBM
2025-10-22,9:37:07.329241007,T,283.47,400,283.83,100,IBM
2025-10-22,9:37:09.410380467,T,283.31,100,283.83,100,IBM
2025-10-22,9:37:09.410776409,T,283.47,400,283.83,100,IBM
2025-10-22,9:37:09.411172280,T,283.47,500,283.83,100,IBM
2025-10-22,9:37:09.412259859,T,283.47,400,283.83,100,IBM
2025-10-22,9:37:09.712269085,T,283.47,500,283.83,100,IBM
2025-10-22,9:37:09.712299213,T,283.48,100,283.83,100,IBM
2025-10-22,9:37:09.720498668,T,283.47,500,283.83,100,IBM
2025-10-22,9:37:09.761441115,T,283.47,600,283.83,100,IBM
2025-10-22,9:37:09.810974042,T,283.47,200,283.83,100,IBM
2025-10-22,9:37:09.812282240,T,283.47,100,283.83,100,IBM
2025-10-22,9:37:09.968288602,T,283.47,100,283.77,100,IBM
2025-10-22,9:37:10.166700935,T,283.47,500,283.77,100,IBM
2025-10-22,9:37:10.489875385,T,283.47,500,283.83,100,IBM
2025-10-22,9:37:10.490582045,T,283.47,400,283.83,100,IBM
2025-10-22,9:37:15.077938134,T,283.48,100,283.83,100,IBM
2025-10-22,9:37:15.078138443,T,283.48,100,283.77,100,IBM
2025-10-22,9:37:15.078459210,T,283.48,100,283.83,100,IBM
2025-10-22,9:37:15.078529408,T,283.43,100,283.83,100,IBM
2025-10-22,9:37:15.078539373,T,283.35,100,283.83,100,IBM
2025-10-22,9:37:15.078584663,T,283.48,100,283.83,100,IBM
2025-10-22,9:37:15.078629668,T,283.35,100,283.83,100,IBM
2025-10-22,9:37:15.078684719,T,283.48,100,283.83,100,IBM
2025-10-22,9:37:15.078734834,T,283.48,200,283.83,100,IBM
2025-10-22,9:37:15.078920278,T,283.48,100,283.83,100,IBM
2025-10-22,9:37:15.079030619,T,283.48,100,283.81,100,IBM
2025-10-22,9:37:15.088728651,T,283.47,400,283.81,100,IBM
2025-10-22,9:37:15.532480063,T,283.47,500,283.81,100,IBM
2025-10-22,9:37:15.775829487,T,283.47,500,283.83,100,IBM
2025-10-22,9:37:15.775849505,T,283.47,500,283.77,100,IBM
2025-10-22,9:37:16.209111135,T,283.47,100,283.77,100,IBM
2025-10-22,9:37:16.209486999,T,283.47,500,283.77,100,IBM
2025-10-22,9:37:16.983589785,T,283.47,600,283.77,100,IBM
2025-10-22,9:37:18.554574899,T,283.47,500,283.77,100,IBM
2025-10-22,9:37:18.554690092,T,283.47,100,283.77,100,IBM
2025-10-22,9:37:18.555046016,T,283.48,400,283.77,100,IBM
2025-10-22,9:37:18.555256425,T,283.48,500,283.77,100,IBM
2025-10-22,9:37:18.819881468,T,283.48,500,283.83,100,IBM
2025-10-22,9:37:18.819906479,T,283.48,500,283.72,100,IBM
2025-10-22,9:37:19.472580321,T,283.48,500,283.77,100,IBM
2025-10-22,9:37:19.472600304,T,283.48,500,283.71,100,IBM
2025-10-22,9:37:20.418818018,T,283.48,400,283.71,100,IBM
2025-10-22,9:37:21.825456754,T,283.48,400,283.77,200,IBM
2025-10-22,9:37:21.825867734,T,283.48,400,283.77,100,IBM
2025-10-22,9:37:21.826108374,T,283.48,400,283.71,100,IBM
2025-10-22,9:37:22.494003432,T,283.19,200,283.71,100,IBM
2025-10-22,9:37:22.494369270,T,283.49,400,283.71,100,IBM
2025-10-22,9:37:22.781407665,T,283.49,400,283.72,100,IBM
2025-10-22,9:37:22.781808602,T,283.49,400,283.77,100,IBM
2025-10-22,9:37:22.781999057,T,283.51,100,283.77,100,IBM
2025-10-22,9:37:22.790228658,T,283.49,400,283.77,100,IBM
2025-10-22,9:37:22.891770436,T,283.19,200,283.77,100,IBM
2025-10-22,9:37:23.157603318,T,283.19,200,283.77,200,IBM
2025-10-22,9:37:23.157838898,T,283.19,200,283.77,100,IBM
2025-10-22,9:37:23.158004259,T,283.19,200,283.77,200,IBM
2025-10-22,9:37:23.158329981,T,282.47,100,283.77,200,IBM
2025-10-22,9:37:23.158340007,T,282.95,200,283.77,200,IBM
2025-10-22,9:37:23.348718254,T,283.0,400,283.77,200,IBM
2025-10-22,9:37:23.607975485,T,283.0,400,283.77,100,IBM
2025-10-22,9:37:23.900060822,T,282.95,200,283.77,100,IBM
2025-10-22,9:37:24.151709885,T,282.95,200,283.77,200,IBM
2025-10-22,9:37:24.151920444,T,282.95,200,283.69,100,IBM
2025-10-22,9:37:24.151940494,T,282.95,200,283.24,100,IBM
2025-10-22,9:37:24.151950421,T,282.95,200,283.12,100,IBM
2025-10-22,9:37:24.151960445,T,282.95,100,283.12,100,IBM
2025-10-22,9:37:24.151980512,T,282.05,100,283.12,100,IBM
2025-10-22,9:37:24.152236470,T,282.71,100,283.12,100,IBM
2025-10-22,9:37:24.152236470,T,282.71,200,283.12,100,IBM
2025-10-22,9:37:24.152256195,T,282.71,200,283.2,100,IBM
2025-10-22,9:37:24.152276290,T,282.71,200,283.23,100,IBM
2025-10-22,9:37:24.152316394,T,282.71,300,283.23,100,IBM
2025-10-22,9:37:24.152391470,T,282.71,400,283.23,100,IBM
2025-10-22,9:37:24.152411616,T,282.71,300,283.23,100,IBM
2025-10-22,9:37:24.152411616,T,282.95,100,283.23,100,IBM
2025-10-22,9:37:24.152416545,T,282.95,200,283.23,100,IBM
2025-10-22,9:37:24.152436651,T,282.95,300,283.23,100,IBM
2025-10-22,9:37:24.152436651,T,282.95,300,283.24,100,IBM
2025-10-22,9:37:24.152566979,T,282.95,300,283.48,100,IBM
2025-10-22,9:37:24.152632056,T,282.95,400,283.48,100,IBM
2025-10-22,9:37:24.152837561,T,282.95,400,283.23,100,IBM
2025-10-22,9:37:24.152917799,T,282.95,500,283.23,100,IBM
2025-10-22,9:37:24.153078445,T,282.95,500,283.58,100,IBM
2025-10-22,9:37:24.153098135,T,282.95,400,283.58,100,IBM
2025-10-22,9:37:24.153098135,T,282.95,300,283.58,100,IBM
2025-10-22,9:37:24.153098135,T,283.2,100,283.58,100,IBM
2025-10-22,9:37:24.153103489,T,283.2,200,283.58,100,IBM
2025-10-22,9:37:24.153103489,T,283.2,300,283.58,100,IBM
2025-10-22,9:37:24.153108270,T,283.2,300,283.77,200,IBM
2025-10-22,9:37:24.153123284,T,283.2,500,283.77,200,IBM
2025-10-22,9:37:24.153133362,T,283.2,300,283.77,200,IBM
2025-10-22,9:37:24.153133362,T,283.23,100,283.77,200,IBM
2025-10-22,9:37:24.153138235,T,283.23,200,283.77,200,IBM
2025-10-22,9:37:24.153138235,T,283.23,300,283.77,200,IBM
2025-10-22,9:37:24.153148340,T,283.23,200,283.77,200,IBM
2025-10-22,9:37:24.153148340,T,283.23,100,283.77,200,IBM
2025-10-22,9:37:24.153153303,T,282.96,100,283.77,200,IBM
2025-10-22,9:37:24.153158315,T,283.23,200,283.77,200,IBM
2025-10-22,9:37:24.153178418,T,283.0,100,283.77,200,IBM
2025-10-22,9:37:24.153178418,T,282.96,100,283.77,200,IBM
2025-10-22,9:37:24.153183429,T,282.95,100,283.77,200,IBM
2025-10-22,9:37:24.153343774,T,282.95,100,283.43,100,IBM
2025-10-22,9:37:24.153408950,T,282.95,100,283.32,100,IBM
2025-10-22,9:37:24.153910183,T,282.73,400,283.32,100,IBM
2025-10-22,9:37:24.154105619,T,282.73,300,283.32,100,IBM
2025-10-22,9:37:24.157934654,T,282.73,400,283.32,100,IBM
2025-10-22,9:37:24.166475000,T,282.73,400,283.3,100,IBM
2025-10-22,9:37:24.372029390,T,282.73,400,283.16,100,IBM
2025-10-22,9:37:24.372054545,T,282.73,400,283.16,200,IBM
2025-10-22,9:37:24.372099960,T,282.73,400,283.16,100,IBM
2025-10-22,9:37:24.372099960,T,282.73,400,284.04,200,IBM
2025-10-22,9:37:24.372129695,T,282.87,100,284.04,200,IBM
2025-10-22,9:37:24.372134665,T,282.88,100,284.04,200,IBM
2025-10-22,9:37:24.372144703,T,282.88,200,284.04,200,IBM
2025-10-22,9:37:24.372911581,T,282.94,100,284.04,200,IBM
2025-10-22,9:37:24.380354227,T,282.88,100,284.04,200,IBM
2025-10-22,9:37:24.387616505,T,282.88,100,283.91,100,IBM
2025-10-22,9:37:24.472147765,T,282.87,100,283.91,100,IBM
2025-10-22,9:37:24.574070389,T,282.88,100,283.91,100,IBM
2025-10-22,9:37:24.586079037,T,282.87,100,283.91,100,IBM
2025-10-22,9:37:25.251843912,T,282.88,100,283.91,100,IBM
2025-10-22,9:37:25.251899116,T,282.88,100,284.04,200,IBM
2025-10-22,9:37:25.251924177,T,282.94,100,284.04,200,IBM
2025-10-22,9:37:25.251969215,T,282.95,100,284.04,200,IBM
2025-10-22,9:37:25.260153749,T,282.94,100,284.04,200,IBM
2025-10-22,9:37:25.352022444,T,282.88,100,284.04,200,IBM
2025-10-22,9:37:25.415944594,T,282.94,100,284.04,200,IBM
2025-10-22,9:37:25.416275363,T,282.87,100,284.04,200,IBM
2025-10-22,9:37:25.420595703,T,282.94,100,284.04,200,IBM
2025-10-22,9:37:25.429461728,T,282.85,200,284.04,200,IBM
2025-10-22,9:37:25.456175507,T,282.94,100,284.04,200,IBM
2025-10-22,9:37:25.554258845,T,282.94,200,284.04,200,IBM
2025-10-22,9:37:25.572627539,T,282.94,100,284.04,200,IBM
2025-10-22,9:37:25.601997462,T,282.94,100,283.47,100,IBM
2025-10-22,9:37:26.289764879,T,282.94,400,283.47,100,IBM
2025-10-22,9:37:26.843342687,T,282.94,100,283.47,100,IBM
2025-10-22,9:37:27.212747047,T,282.94,400,283.47,100,IBM
2025-10-22,9:37:27.397547088,T,282.94,100,283.47,100,IBM
2025-10-22,9:37:27.499469675,T,282.94,500,283.47,100,IBM
2025-10-22,9:37:28.550386589,T,282.94,100,283.47,100,IBM
2025-10-22,9:37:28.550752432,T,282.94,500,283.47,100,IBM
2025-10-22,9:37:34.251689706,T,282.94,100,283.47,100,IBM
2025-10-22,9:37:34.252000457,T,282.94,200,283.47,100,IBM
2025-10-22,9:37:34.252030478,T,282.94,100,283.47,100,IBM
2025-10-22,9:37:34.252030478,T,282.94,200,283.47,100,IBM
2025-10-22,9:37:34.252150846,T,282.94,100,283.47,100,IBM
2025-10-22,9:37:34.252236064,T,283.06,400,283.47,100,IBM
2025-10-22,9:37:34.677348134,T,283.06,500,283.47,100,IBM
2025-10-22,9:37:36.619832423,T,283.07,100,283.47,100,IBM
2025-10-22,9:37:36.628031985,T,282.94,100,283.47,100,IBM
2025-10-22,9:37:36.628247735,T,282.94,200,283.47,100,IBM
2025-10-22,9:37:36.628733682,T,282.94,600,283.47,100,IBM
2025-10-22,9:37:36.628773724,T,283.07,100,283.47,100,IBM
2025-10-22,9:37:36.648631060,T,283.07,200,283.47,100,IBM
2025-10-22,9:37:36.710548431,T,283.07,100,283.47,100,IBM
2025-10-22,9:37:37.091996448,T,283.07,500,283.47,100,IBM
2025-10-22,9:37:44.632187035,T,283.07,100,283.47,100,IBM
2025-10-22,9:37:44.632547878,T,283.07,500,283.47,100,IBM
2025-10-22,9:38:02.623684039,T,283.07,100,283.47,100,IBM
2025-10-22,9:38:02.624054890,T,283.07,500,283.47,100,IBM
2025-10-22,9:38:03.554550335,T,283.07,100,283.47,100,IBM
2025-10-22,9:38:03.555271925,T,282.68,100,283.47,100,IBM
2025-10-22,9:38:03.555467430,T,283.15,400,283.47,100,IBM
2025-10-22,9:38:03.555677928,T,283.15,500,283.47,100,IBM
2025-10-22,9:38:03.868587765,T,283.16,100,283.47,100,IBM
2025-10-22,9:38:03.868597836,T,283.16,200,283.47,100,IBM
2025-10-22,9:38:03.868808336,T,283.16,200,283.67,200,IBM
2025-10-22,9:38:03.868828382,T,283.47,100,283.67,200,IBM
2025-10-22,9:38:03.869464828,T,283.2,100,283.67,200,IBM
2025-10-22,9:38:03.869484928,T,283.16,100,283.67,200,IBM
2025-10-22,9:38:03.869514953,T,283.33,100,283.67,200,IBM
2025-10-22,9:38:03.869665336,T,283.47,100,283.67,200,IBM
2025-10-22,9:38:03.869991119,T,283.33,100,283.67,200,IBM
2025-10-22,9:38:03.870271752,T,283.16,100,283.67,200,IBM
2025-10-22,9:38:03.871459602,T,283.16,100,284.5,100,IBM
2025-10-22,9:38:03.871469653,T,283.16,100,283.91,200,IBM
2025-10-22,9:38:03.969006774,T,282.71,100,283.91,200,IBM
2025-10-22,9:38:04.063972884,T,283.33,400,283.91,200,IBM
2025-10-22,9:38:05.649307100,T,283.33,500,283.91,200,IBM
2025-10-22,9:38:15.503055556,T,283.33,100,283.91,200,IBM
2025-10-22,9:38:15.503421485,T,283.33,500,283.91,200,IBM
2025-10-22,9:38:17.364316640,T,283.33,500,284.5,100,IBM
2025-10-22,9:38:17.364321624,T,283.33,500,284.11,200,IBM
2025-10-22,9:38:17.364612315,T,283.33,100,284.11,200,IBM
2025-10-22,9:38:17.364983215,T,283.33,500,284.11,200,IBM
2025-10-22,9:38:23.293757644,T,283.33,100,284.11,200,IBM
2025-10-22,9:38:23.295391622,T,283.33,200,284.11,200,IBM
2025-10-22,9:38:23.296744864,T,283.33,600,284.11,200,IBM
2025-10-22,9:38:28.366078288,T,283.34,100,284.11,200,IBM
2025-10-22,9:38:28.366524288,T,283.34,200,284.11,200,IBM
2025-10-22,9:38:28.366764891,T,283.34,600,284.11,200,IBM
2025-10-22,9:38:30.857664928,T,283.35,100,284.11,200,IBM
2025-10-22,9:38:30.858351484,T,283.35,500,284.11,200,IBM
2025-10-22,9:38:33.681798453,T,283.35,400,284.11,200,IBM
2025-10-22,9:38:34.990644407,T,283.35,500,284.11,200,IBM
2025-10-22,9:38:51.842493039,T,283.35,500,283.76,100,IBM
2025-10-22,9:38:52.277964661,T,283.35,400,283.76,100,IBM
2025-10-22,9:38:56.083013443,T,283.33,100,283.76,100,IBM
2025-10-22,9:38:56.086917607,T,282.94,100,283.76,100,IBM
2025-10-22,9:38:56.087308547,T,283.35,400,283.76,100,IBM
2025-10-22,9:38:56.110122912,T,283.35,400,283.94,200,IBM
2025-10-22,9:38:56.110278286,T,283.36,100,283.94,200,IBM
2025-10-22,9:38:56.110739347,T,283.35,400,283.94,200,IBM
2025-10-22,9:38:56.447481026,T,282.94,100,283.94,200,IBM
2025-10-22,9:38:56.447511202,T,282.87,200,283.94,200,IBM
2025-10-22,9:38:56.449841763,T,282.91,100,283.94,200,IBM
2025-10-22,9:38:56.588546908,T,282.87,200,283.94,200,IBM
2025-10-22,9:38:56.666392287,T,282.88,100,283.94,200,IBM
2025-10-22,9:38:56.770404900,T,282.87,200,283.94,200,IBM
2025-10-22,9:38:56.860429273,T,283.37,400,283.94,200,IBM
2025-10-22,9:38:56.922266428,T,283.37,500,283.94,200,IBM
2025-10-22,9:38:56.925103226,T,283.38,100,283.94,200,IBM
2025-10-22,9:38:56.961941047,T,283.38,200,283.94,200,IBM
2025-10-22,9:38:56.961945917,T,283.45,100,283.94,200,IBM
2025-10-22,9:38:56.962226542,T,283.56,100,283.94,200,IBM
2025-10-22,9:38:56.962241631,T,283.45,100,283.94,200,IBM
2025-10-22,9:38:56.962261638,T,283.56,100,283.94,200,IBM
2025-10-22,9:38:56.962261638,T,283.39,100,283.94,200,IBM
2025-10-22,9:38:56.962371932,T,283.45,100,283.94,200,IBM
2025-10-22,9:38:56.962392411,T,283.39,100,283.94,200,IBM
2025-10-22,9:38:56.962457104,T,283.45,100,283.94,200,IBM
2025-10-22,9:38:56.962487253,T,283.39,200,283.94,200,IBM
2025-10-22,9:38:56.962968372,T,283.39,100,283.94,200,IBM
2025-10-22,9:38:56.966611980,T,283.39,100,284.5,100,IBM
2025-10-22,9:38:56.966627047,T,283.39,100,284.12,200,IBM
2025-10-22,9:38:56.975473125,T,283.39,200,284.12,200,IBM
2025-10-22,9:38:57.062019090,T,283.39,100,284.12,200,IBM
2025-10-22,9:38:57.455310371,T,283.39,500,284.12,200,IBM
2025-10-22,9:38:57.455385596,T,283.4,100,284.12,200,IBM
2025-10-22,9:38:57.455395593,T,283.47,100,284.12,200,IBM
2025-10-22,9:38:57.456433031,T,283.41,100,284.12,200,IBM
2025-10-22,9:38:57.456703751,T,283.58,100,284.12,200,IBM
2025-10-22,9:38:57.456718797,T,283.41,100,284.12,200,IBM
2025-10-22,9:38:57.461129202,T,283.56,100,284.12,200,IBM
2025-10-22,9:38:57.463615135,T,283.41,100,284.12,200,IBM
2025-10-22,9:38:57.464928314,T,283.41,100,283.77,200,IBM
2025-10-22,9:38:57.464953308,T,283.41,100,283.77,100,IBM
2025-10-22,9:38:57.464973351,T,283.41,100,284.12,200,IBM
2025-10-22,9:38:57.464983387,T,283.41,100,283.77,100,IBM
2025-10-22,9:38:57.465003798,T,283.56,100,283.77,100,IBM
2025-10-22,9:38:57.465003798,T,283.56,100,284.12,200,IBM
2025-10-22,9:38:57.465008501,T,283.57,100,284.12,200,IBM
2025-10-22,9:38:57.465033586,T,283.41,100,284.12,200,IBM
2025-10-22,9:38:57.465053628,T,283.57,100,284.12,200,IBM
2025-10-22,9:38:57.468145946,T,283.56,100,284.12,200,IBM
2025-10-22,9:38:57.469804945,T,283.56,100,283.77,200,IBM
2025-10-22,9:38:57.486875481,T,283.41,100,283.77,200,IBM
2025-10-22,9:38:57.555639269,T,283.39,400,283.77,200,IBM
2025-10-22,9:38:57.827737042,T,283.38,100,283.77,200,IBM
2025-10-22,9:38:57.829992516,T,283.38,100,284.12,200,IBM
2025-10-22,9:38:57.830002371,T,283.38,100,284.11,100,IBM
2025-10-22,9:38:57.830017364,T,283.56,100,284.11,100,IBM
2025-10-22,9:38:57.830022438,T,283.56,100,284.12,200,IBM
2025-10-22,9:38:57.830052472,T,283.38,100,284.12,200,IBM
2025-10-22,9:38:57.860730589,T,283.39,100,284.12,200,IBM
2025-10-22,9:38:57.860931040,T,283.4,100,284.12,200,IBM
2025-10-22,9:38:57.897878969,T,283.39,100,284.12,200,IBM
2025-10-22,9:38:57.974265859,T,283.38,100,284.12,200,IBM
2025-10-22,9:38:58.186656464,T,283.45,400,284.12,200,IBM
2025-10-22,9:38:58.186867209,T,283.45,500,284.12,200,IBM
2025-10-22,9:38:58.186917032,T,283.51,100,284.12,200,IBM
2025-10-22,9:38:58.187929498,T,283.46,200,284.12,200,IBM
2025-10-22,9:38:58.192801110,T,283.46,200,283.77,200,IBM
2025-10-22,9:38:58.192826192,T,283.46,200,284.11,100,IBM
2025-10-22,9:38:58.192826192,T,283.46,100,284.11,100,IBM
2025-10-22,9:38:58.192826192,T,283.46,100,284.12,200,IBM
2025-10-22,9:38:58.192831143,T,283.46,100,283.77,100,IBM
2025-10-22,9:38:58.192851151,T,283.46,100,284.12,200,IBM
2025-10-22,9:38:58.192916336,T,283.46,200,284.12,200,IBM
2025-10-22,9:38:58.194289615,T,283.46,100,284.12,200,IBM
2025-10-22,9:38:58.197767915,T,283.46,200,284.12,200,IBM
2025-10-22,9:38:58.197787987,T,283.46,100,284.12,200,IBM
2025-10-22,9:38:58.198208918,T,283.57,100,284.12,200,IBM
2025-10-22,9:38:58.198454530,T,283.57,200,284.12,200,IBM
2025-10-22,9:38:58.202113239,T,283.57,100,284.12,200,IBM
2025-10-22,9:38:58.219203955,T,283.57,100,283.85,100,IBM
2025-10-22,9:38:58.381174544,T,283.45,400,283.85,100,IBM
2025-10-22,9:38:58.436746819,T,283.45,500,283.85,100,IBM
2025-10-22,9:38:59.425195035,T,283.51,100,283.85,100,IBM
2025-10-22,9:38:59.425671185,T,283.51,200,283.85,100,IBM
2025-10-22,9:38:59.426247541,T,283.51,100,283.85,100,IBM
2025-10-22,9:38:59.433174017,T,283.51,500,283.85,100,IBM
2025-10-22,9:38:59.900857331,T,283.62,100,283.85,100,IBM
2025-10-22,9:38:59.900862448,T,283.51,500,283.85,100,IBM
2025-10-22,9:38:59.900932618,T,283.51,400,283.85,100,IBM
2025-10-22,9:38:59.900957643,T,283.13,100,283.85,100,IBM
2025-10-22,9:38:59.900997749,T,283.02,100,283.85,100,IBM
2025-10-22,9:38:59.901163258,T,283.51,100,283.85,100,IBM
2025-10-22,9:38:59.905929488,T,283.56,400,283.85,100,IBM
2025-10-22,9:38:59.921441366,T,283.56,500,283.85,100,IBM
2025-10-22,9:39:00.524797831,T,283.56,400,283.85,100,IBM
2025-10-22,9:39:00.524878059,T,282.87,200,283.85,100,IBM
2025-10-22,9:39:00.525243882,T,283.56,400,283.85,100,IBM
2025-10-22,9:39:00.525449351,T,283.56,500,283.85,100,IBM
2025-10-22,9:39:00.763456035,T,283.56,400,283.85,100,IBM
2025-10-22,9:39:00.792199432,T,283.56,500,283.85,100,IBM
2025-10-22,9:39:01.985795941,T,283.57,100,283.85,100,IBM
2025-10-22,9:39:01.986292118,T,283.57,200,283.85,100,IBM
2025-10-22,9:39:01.986437503,T,283.57,600,283.85,100,IBM
2025-10-22,9:39:01.991369245,T,283.57,500,283.85,100,IBM
2025-10-22,9:39:02.653530600,T,283.57,400,283.85,100,IBM
2025-10-22,9:39:02.653610730,T,283.06,200,283.85,100,IBM
2025-10-22,9:39:02.653756141,T,283.57,100,283.85,100,IBM
2025-10-22,9:39:02.653981635,T,283.61,400,283.85,100,IBM
2025-10-22,9:39:02.880300451,T,283.61,500,283.85,100,IBM
2025-10-22,9:39:04.338256573,T,283.61,100,283.85,100,IBM
2025-10-22,9:39:04.338457023,T,283.67,100,283.85,100,IBM
2025-10-22,9:39:04.342501626,T,283.67,200,283.85,100,IBM
2025-10-22,9:39:04.342531713,T,283.67,100,283.85,100,IBM
2025-10-22,9:39:04.398710718,T,283.67,100,284.12,200,IBM
2025-10-22,9:39:04.399026200,T,283.67,500,284.12,200,IBM
2025-10-22,9:39:04.399316863,T,283.69,100,284.12,200,IBM
2025-10-22,9:39:04.399362056,T,283.67,500,284.12,200,IBM
2025-10-22,9:39:04.399522449,T,283.67,400,284.12,200,IBM
2025-10-22,9:39:04.399657738,T,283.7,100,284.12,200,IBM
2025-10-22,9:39:04.399777980,T,283.76,100,284.12,200,IBM
2025-10-22,9:39:04.399808324,T,283.67,500,284.12,200,IBM
2025-10-22,9:39:04.399808324,T,283.76,100,284.12,200,IBM
2025-10-22,9:39:04.403156034,T,283.76,100,284.2,100,IBM
2025-10-22,9:39:04.404133412,T,283.67,500,284.2,100,IBM
2025-10-22,9:39:04.409781811,T,283.67,400,284.2,100,IBM
2025-10-22,9:39:04.410197842,T,283.68,100,284.2,100,IBM
2025-10-22,9:39:04.410438449,T,283.67,400,284.2,100,IBM
2025-10-22,9:39:04.415114536,T,283.68,100,284.2,100,IBM
2025-10-22,9:39:04.425053224,T,283.67,400,284.2,100,IBM
2025-10-22,9:39:04.543695651,T,283.67,500,284.2,100,IBM
2025-10-22,9:39:04.615727072,T,283.67,100,284.2,100,IBM
2025-10-22,9:39:05.441954108,T,283.67,500,284.2,100,IBM
2025-10-22,9:39:05.524355180,T,283.68,100,284.2,100,IBM
2025-10-22,9:39:06.107037382,T,283.68,500,284.2,100,IBM
2025-10-22,9:39:06.418929868,T,283.68,100,284.2,100,IBM
2025-10-22,9:39:06.652811677,T,283.69,400,284.2,100,IBM
2025-10-22,9:39:07.043241228,T,283.68,100,284.2,100,IBM
2025-10-22,9:39:07.043291342,T,283.69,100,284.2,100,IBM
2025-10-22,9:39:07.043607174,T,283.77,400,284.2,100,IBM
2025-10-22,9:39:07.093691402,T,283.77,500,284.2,100,IBM
2025-10-22,9:39:07.439369294,T,283.77,100,284.2,100,IBM
2025-10-22,9:39:07.439725232,T,283.77,500,284.2,100,IBM
2025-10-22,9:39:07.470553531,T,283.77,400,284.2,100,IBM
2025-10-22,9:39:07.821093056,T,283.06,200,284.2,100,IBM
2025-10-22,9:39:08.187580504,T,283.79,400,284.2,100,IBM
2025-10-22,9:39:08.187791003,T,283.79,500,284.2,100,IBM
2025-10-22,9:39:08.864021036,T,283.79,400,284.2,100,IBM
2025-10-22,9:39:08.864141180,T,283.06,200,284.2,100,IBM
2025-10-22,9:39:08.864502191,T,283.8,400,284.2,100,IBM
2025-10-22,9:39:08.864717604,T,283.8,500,284.2,100,IBM
2025-10-22,9:39:09.659634968,T,283.8,400,284.2,100,IBM
2025-10-22,9:39:09.659765355,T,283.06,200,284.2,100,IBM
2025-10-22,9:39:09.660121125,T,283.81,400,284.2,100,IBM
2025-10-22,9:39:11.229858256,T,283.27,200,284.2,100,IBM
2025-10-22,9:39:12.586021846,T,283.82,100,284.2,100,IBM
2025-10-22,9:39:12.586232415,T,283.82,200,284.2,100,IBM
2025-10-22,9:39:17.115850779,T,283.82,200,284.37,200,IBM
2025-10-22,9:39:17.115890862,T,283.87,100,284.37,200,IBM
2025-10-22,9:39:17.115895847,T,283.89,100,284.37,200,IBM
2025-10-22,9:39:17.116166518,T,284.01,100,284.37,200,IBM
2025-10-22,9:39:17.116291780,T,284.01,100,285.0,100,IBM
2025-10-22,9:39:17.116301872,T,284.01,100,284.58,200,IBM
2025-10-22,9:39:17.116377047,T,284.01,200,284.58,200,IBM
2025-10-22,9:39:17.116878260,T,284.01,100,284.58,200,IBM
2025-10-22,9:39:18.381894989,T,283.27,200,284.58,200,IBM
2025-10-22,9:39:21.868244920,T,283.24,100,284.58,200,IBM
2025-10-22,9:39:21.868249959,T,283.48,200,284.58,200,IBM
2025-10-22,9:39:22.155819621,T,283.48,200,284.5,100,IBM
2025-10-22,9:39:34.689863820,T,284.0,100,284.5,100,IBM
2025-10-22,9:39:37.972619163,T,284.02,100,284.5,100,IBM
2025-10-22,9:39:42.034619383,T,284.02,100,284.58,200,IBM
2025-10-22,9:39:42.043721023,T,284.02,100,285.0,100,IBM
2025-10-22,9:39:42.043725979,T,284.02,100,284.77,200,IBM
2025-10-22,9:39:42.069301955,T,284.16,100,284.77,200,IBM
2025-10-22,9:39:42.069301955,T,284.22,100,284.77,200,IBM
2025-10-22,9:39:42.069587621,T,284.31,100,284.77,200,IBM
2025-10-22,9:39:42.070128939,T,284.33,100,284.77,200,IBM
2025-10-22,9:39:42.077521471,T,284.17,100,284.77,200,IBM
2025-10-22,9:39:42.169495388,T,284.02,100,284.77,200,IBM
2025-10-22,9:39:42.231212306,T,284.04,100,284.77,200,IBM
2025-10-22,9:39:42.438551085,T,284.16,100,284.77,200,IBM
2025-10-22,9:39:42.439102264,T,284.16,200,284.77,200,IBM
2025-10-22,9:39:42.910885439,T,284.16,100,284.77,200,IBM
2025-10-22,9:39:43.140852970,T,284.16,100,284.67,100,IBM
2025-10-22,9:39:44.618801554,T,284.15,100,284.67,100,IBM
2025-10-22,9:39:45.445780200,T,284.15,100,284.77,200,IBM
2025-10-22,9:39:45.445810624,T,284.31,100,284.77,200,IBM
2025-10-22,9:39:45.445815316,T,284.38,100,284.77,200,IBM
2025-10-22,9:39:45.445825395,T,284.46,100,284.77,200,IBM
2025-10-22,9:39:45.445845428,T,284.49,100,284.77,200,IBM
2025-10-22,9:39:45.446236372,T,284.46,100,284.77,200,IBM
2025-10-22,9:39:45.446241340,T,284.49,100,284.77,200,IBM
2025-10-22,9:39:45.446481944,T,284.49,100,284.77,100,IBM
2025-10-22,9:39:45.452210517,T,284.49,100,285.43,100,IBM
2025-10-22,9:39:45.452215512,T,284.49,100,285.04,200,IBM
2025-10-22,9:39:45.454039905,T,284.32,100,285.04,200,IBM
2025-10-22,9:39:45.536446074,T,284.16,100,285.04,200,IBM
2025-10-22,9:39:45.536466124,T,284.15,100,285.04,200,IBM
2025-10-22,9:39:45.595757324,T,284.16,100,285.04,200,IBM
2025-10-22,9:39:45.718850371,T,284.15,100,285.04,200,IBM
2025-10-22,9:39:46.061887046,T,284.15,100,284.85,100,IBM
2025-10-22,9:39:48.337890465,T,283.54,100,284.85,100,IBM
2025-10-22,9:39:49.525082002,T,284.26,100,284.85,100,IBM
2025-10-22,9:39:52.693309399,T,284.26,100,284.8,100,IBM
2025-10-22,9:39:52.694091215,T,284.26,100,284.85,100,IBM
2025-10-22,9:40:01.935537217,T,284.26,100,284.85,200,IBM
2025-10-22,9:40:04.600170745,T,284.26,100,284.8,100,IBM
2025-10-22,9:40:04.604200316,T,284.26,100,284.8,200,IBM
2025-10-22,9:40:04.605347971,T,284.26,100,284.8,100,IBM
2025-10-22,9:40:04.626147556,T,284.26,100,284.85,200,IBM
2025-10-22,9:40:05.054056312,T,284.26,100,284.85,100,IBM
2025-10-22,9:40:05.054281804,T,284.26,100,285.0,100,IBM
2025-10-22,9:40:06.543346708,T,284.26,100,284.79,100,IBM
2025-10-22,9:40:06.900451978,T,283.84,100,284.79,100,IBM
2025-10-22,9:40:06.900482088,T,283.71,200,284.79,100,IBM
2025-10-22,9:40:06.992796762,T,283.34,100,284.79,100,IBM
2025-10-22,9:40:06.992801806,T,283.96,200,284.79,100,IBM
2025-10-22,9:40:09.039073131,T,284.46,100,284.79,100,IBM
2025-10-22,9:40:09.995726086,T,284.46,100,284.9,100,IBM
2025-10-22,9:40:09.995730902,T,284.46,100,285.01,200,IBM
2025-10-22,9:40:09.995761214,T,284.52,100,285.01,200,IBM
2025-10-22,9:40:09.995761214,T,284.55,100,285.01,200,IBM
2025-10-22,9:40:09.995781058,T,284.62,100,285.01,200,IBM
2025-10-22,9:40:09.996051665,T,284.55,100,285.01,200,IBM
2025-10-22,9:40:10.005980281,T,284.46,100,285.01,200,IBM
2025-10-22,9:40:12.004598298,T,284.46,100,285.0,100,IBM
2025-10-22,9:40:12.009715461,T,284.41,100,285.0,100,IBM
2025-10-22,9:40:13.471079478,T,284.41,500,285.0,100,IBM
2025-10-22,9:40:13.471094505,T,284.41,700,285.0,100,IBM
2025-10-22,9:40:13.471109555,T,284.41,1100,285.0,100,IBM
2025-10-22,9:40:13.477730372,T,284.41,700,285.0,100,IBM
2025-10-22,9:40:13.477730372,T,284.41,500,285.0,100,IBM
2025-10-22,9:40:13.477740411,T,284.41,100,285.0,100,IBM
2025-10-22,9:40:13.477785503,T,284.43,1000,285.0,100,IBM
2025-10-22,9:40:13.484075421,T,284.41,100,285.0,100,IBM
2025-10-22,9:40:13.484100526,T,284.54,1000,285.0,100,IBM
2025-10-22,9:40:13.486395960,T,284.41,100,285.0,100,IBM
2025-10-22,9:40:13.486416014,T,284.61,1000,285.0,100,IBM
2025-10-22,9:40:13.486441046,T,284.61,1000,284.88,100,IBM
2025-10-22,9:40:13.512287614,T,284.61,300,284.88,100,IBM
2025-10-22,9:40:13.512312650,T,284.41,100,284.88,100,IBM
2025-10-22,9:40:13.512337727,T,284.41,100,284.61,100,IBM
2025-10-22,9:40:13.512407918,T,284.41,100,284.54,100,IBM
2025-10-22,9:40:13.512478137,T,284.41,100,284.87,100,IBM
2025-10-22,9:40:13.512503211,T,284.41,100,284.98,100,IBM
2025-10-22,9:40:13.512548212,T,284.43,100,284.98,100,IBM
2025-10-22,9:40:13.512558232,T,284.43,100,284.87,100,IBM
2025-10-22,9:40:13.512693576,T,284.54,100,284.87,100,IBM
2025-10-22,9:40:13.512758691,T,284.54,200,284.87,100,IBM
2025-10-22,9:40:13.512838974,T,284.55,300,284.87,100,IBM
2025-10-22,9:40:13.512859026,T,284.55,400,284.87,100,IBM
2025-10-22,9:40:13.512864387,T,284.55,500,284.87,100,IBM
2025-10-22,9:40:13.512879003,T,284.55,500,284.98,100,IBM
2025-10-22,9:40:13.513194798,T,284.55,500,284.87,100,IBM
2025-10-22,9:40:13.513209785,T,284.55,200,284.87,100,IBM
2025-10-22,9:40:13.513214860,T,284.55,100,284.87,100,IBM
2025-10-22,9:40:13.513234804,T,284.41,100,284.87,100,IBM
2025-10-22,9:40:13.513285061,T,284.55,300,284.87,100,IBM
2025-10-22,9:40:13.513285061,T,284.55,200,284.87,100,IBM
2025-10-22,9:40:13.513305004,T,284.41,100,284.87,100,IBM
2025-10-22,9:40:13.513335126,T,284.41,100,284.98,100,IBM
2025-10-22,9:40:13.513560681,T,284.41,100,284.68,100,IBM
2025-10-22,9:40:13.520802920,T,284.41,100,284.98,100,IBM
2025-10-22,9:40:13.525759667,T,283.96,200,284.98,100,IBM
2025-10-22,9:40:13.541817957,T,283.96,200,284.87,100,IBM
2025-10-22,9:40:13.545657065,T,284.18,100,284.87,100,IBM
2025-10-22,9:40:13.546779703,T,283.96,200,284.87,100,IBM
2025-10-22,9:40:13.580986138,T,283.96,200,284.98,100,IBM
2025-10-22,9:40:13.581783033,T,283.96,200,284.91,100,IBM
2025-10-22,9:40:13.612225594,T,283.96,200,284.87,100,IBM
2025-10-22,9:40:13.612456087,T,283.96,200,284.91,100,IBM
2025-10-22,9:40:13.647900460,T,283.96,200,284.98,100,IBM
2025-10-22,9:40:13.696471180,T,283.96,200,284.91,100,IBM
2025-10-22,9:40:13.696571358,T,283.96,200,284.98,100,IBM
2025-10-22,9:40:13.696576418,T,283.96,200,284.91,100,IBM
2025-10-22,9:40:13.697578771,T,284.14,200,284.91,100,IBM
2025-10-22,9:40:13.698024894,T,284.14,200,284.79,100,IBM
2025-10-22,9:40:13.786635909,T,284.14,200,284.98,100,IBM
2025-10-22,9:40:14.208289658,T,284.18,200,284.98,100,IBM
2025-10-22,9:40:14.613800008,T,284.47,200,284.98,100,IBM
2025-10-22,9:40:17.883729967,T,284.57,200,284.98,100,IBM
2025-10-22,9:40:18.659406303,T,284.47,100,284.98,100,IBM
2025-10-22,9:40:18.659426405,T,283.96,200,284.98,100,IBM
2025-10-22,9:40:18.659461478,T,283.96,200,284.82,100,IBM
2025-10-22,9:40:18.659566651,T,283.96,200,284.73,100,IBM
2025-10-22,9:40:18.659586748,T,283.96,200,284.72,100,IBM
2025-10-22,9:40:18.659717100,T,284.18,400,284.72,100,IBM
2025-10-22,9:40:18.659932609,T,284.18,400,284.73,100,IBM
2025-10-22,9:40:18.660358611,T,284.18,400,284.73,200,IBM
2025-10-22,9:40:18.660539003,T,284.18,400,284.73,100,IBM
2025-10-22,9:40:18.759604877,T,284.18,400,284.98,100,IBM
2025-10-22,9:40:19.472331626,T,284.28,100,284.98,100,IBM
2025-10-22,9:40:19.472376715,T,284.28,500,284.98,100,IBM
2025-10-22,9:40:21.492987248,T,284.31,100,284.98,100,IBM
2025-10-22,9:40:21.493032389,T,284.31,500,284.98,100,IBM
2025-10-22,9:40:21.663222543,T,284.31,500,285.0,100,IBM
2025-10-22,9:40:22.226162596,T,284.31,500,284.91,100,IBM
2025-10-22,9:40:23.038712197,T,284.31,400,284.91,100,IBM
2025-10-22,9:40:27.065929468,T,284.31,400,284.72,100,IBM
2025-10-22,9:40:34.029186714,T,284.13,100,284.72,100,IBM
2025-10-22,9:40:34.029211796,T,284.33,400,284.72,100,IBM
2025-10-22,9:40:43.369683383,T,283.96,200,284.72,100,IBM
2025-10-22,9:40:43.369703409,T,284.51,400,284.72,100,IBM
2025-10-22,9:40:43.369908974,T,284.51,400,284.76,100,IBM
2025-10-22,9:40:43.369929283,T,284.04,100,284.76,100,IBM
2025-10-22,9:40:43.369929283,T,284.71,100,284.76,100,IBM
2025-10-22,9:40:43.369954021,T,284.71,500,284.76,100,IBM
2025-10-22,9:40:43.369964243,T,284.71,400,284.76,100,IBM
2025-10-22,9:40:43.369964243,T,284.71,300,284.76,100,IBM
2025-10-22,9:40:43.369989076,T,284.51,100,284.76,100,IBM
2025-10-22,9:40:43.370004188,T,284.51,100,284.78,100,IBM
2025-10-22,9:40:43.370019450,T,284.71,300,284.78,100,IBM
2025-10-22,9:40:43.370024232,T,284.71,400,284.78,100,IBM
2025-10-22,9:40:43.370029328,T,284.71,100,284.78,100,IBM
2025-10-22,9:40:43.370054274,T,284.71,400,284.78,100,IBM
2025-10-22,9:40:43.370064364,T,284.71,100,284.78,100,IBM
2025-10-22,9:40:43.370079300,T,284.51,100,284.78,100,IBM
2025-10-22,9:40:43.370084408,T,284.71,300,284.78,100,IBM
2025-10-22,9:40:43.370239742,T,284.71,300,285.0,100,IBM
2025-10-22,9:40:43.370250006,T,284.71,300,284.78,100,IBM
2025-10-22,9:40:43.370250006,T,284.71,300,285.0,100,IBM
2025-10-22,9:40:43.370259767,T,284.76,100,285.0,100,IBM
2025-10-22,9:40:43.370279855,T,284.76,400,285.0,100,IBM
2025-10-22,9:40:43.370410118,T,284.76,300,285.0,100,IBM
2025-10-22,9:40:43.370415180,T,284.51,100,285.0,100,IBM
2025-10-22,9:40:43.370425200,T,284.18,100,285.0,100,IBM
2025-10-22,9:40:43.370435233,T,284.78,300,285.0,100,IBM
2025-10-22,9:40:43.371116930,T,284.34,100,285.0,100,IBM
2025-10-22,9:40:43.371121772,T,284.51,100,285.0,100,IBM
2025-10-22,9:40:43.371126872,T,284.51,100,285.05,200,IBM
2025-10-22,9:40:43.371136812,T,284.88,300,285.05,200,IBM
2025-10-22,9:40:43.371232136,T,284.88,200,285.05,200,IBM
2025-10-22,9:40:43.383335885,T,284.88,200,285.07,100,IBM
2025-10-22,9:40:44.207518056,T,284.88,200,285.06,100,IBM
2025-10-22,9:40:44.301591980,T,284.5,100,285.06,100,IBM
2025-10-22,9:40:44.301632047,T,284.5,100,284.88,100,IBM
2025-10-22,9:40:44.302148242,T,284.5,100,285.06,100,IBM
2025-10-22,9:40:44.302614377,T,284.5,100,285.0,100,IBM
2025-10-22,9:40:45.209277825,T,283.96,200,285.0,100,IBM
2025-10-22,9:40:51.957874309,T,283.96,200,285.14,200,IBM
2025-10-22,9:40:53.607235871,T,284.24,100,285.14,200,IBM
2025-10-22,9:40:53.817822223,T,284.24,200,285.14,200,IBM
2025-10-22,9:40:53.817857349,T,284.7,100,285.14,200,IBM
2025-10-22,9:40:53.817927486,T,284.71,100,285.14,200,IBM
2025-10-22,9:40:53.818082840,T,284.76,100,285.14,200,IBM
2025-10-22,9:40:53.818097830,T,284.85,100,285.14,200,IBM
2025-10-22,9:40:53.818503816,T,284.76,100,285.14,200,IBM
2025-10-22,9:40:53.818859692,T,284.71,100,285.14,200,IBM
2025-10-22,9:40:53.819235616,T,284.59,100,285.14,200,IBM
2025-10-22,9:40:53.819245625,T,284.34,100,285.14,200,IBM
2025-10-22,9:40:53.819270633,T,284.24,200,285.14,200,IBM
2025-10-22,9:40:53.819766838,T,284.24,200,285.0,100,IBM
2025-10-22,9:40:53.819847036,T,284.71,100,285.0,100,IBM
2025-10-22,9:40:53.826016754,T,284.24,200,285.0,100,IBM
2025-10-22,9:40:53.826623127,T,284.71,100,285.0,100,IBM
2025-10-22,9:40:53.863075068,T,284.24,200,285.0,100,IBM
2025-10-22,9:40:53.863100437,T,284.24,100,285.0,100,IBM
2025-10-22,9:40:54.050120215,T,284.36,100,285.0,100,IBM
2025-10-22,9:40:55.390310805,T,284.36,100,285.33,200,IBM
2025-10-22,9:40:57.074154663,T,284.36,100,285.19,100,IBM
2025-10-22,9:40:57.074831191,T,284.36,100,285.33,200,IBM
2025-10-22,9:40:57.324465432,T,284.36,100,285.0,100,IBM
2025-10-22,9:40:59.572377023,T,284.16,200,285.0,100,IBM
2025-10-22,9:41:03.657532446,T,284.16,200,285.33,200,IBM
2025-10-22,9:41:03.657557617,T,284.72,100,285.33,200,IBM
2025-10-22,9:41:03.657582546,T,284.85,100,285.33,200,IBM
2025-10-22,9:41:03.657792997,T,284.85,200,285.33,200,IBM
2025-10-22,9:41:03.658254148,T,284.85,100,285.33,200,IBM
2025-10-22,9:41:03.947863538,T,284.85,100,285.12,100,IBM
2025-10-22,9:41:04.074409820,T,284.85,100,285.33,200,IBM
2025-10-22,9:41:04.074464982,T,284.86,100,285.33,200,IBM
2025-10-22,9:41:04.074495335,T,284.85,100,285.33,200,IBM
2025-10-22,9:41:04.074500031,T,284.98,100,285.33,200,IBM
2025-10-22,9:41:04.075051391,T,284.98,200,285.33,200,IBM
2025-10-22,9:41:04.075091432,T,284.98,200,286.0,100,IBM
2025-10-22,9:41:04.075101453,T,284.98,200,285.52,200,IBM
2025-10-22,9:41:04.082694484,T,284.98,100,285.52,200,IBM
2025-10-22,9:41:04.684707701,T,284.45,100,285.52,200,IBM
2025-10-22,9:41:04.981353899,T,284.48,100,285.52,200,IBM
2025-10-22,9:41:05.208254137,T,284.75,100,285.52,200,IBM
2025-10-22,9:41:05.212789938,T,284.48,100,285.52,200,IBM
2025-10-22,9:41:08.963113144,T,284.55,100,285.52,200,IBM
2025-10-22,9:41:08.963173252,T,284.48,100,285.52,200,IBM
2025-10-22,9:41:10.525442437,T,284.65,100,285.52,200,IBM
2025-10-22,9:41:10.526329497,T,284.75,100,285.52,200,IBM
2025-10-22,9:41:10.529316639,T,284.48,100,285.52,200,IBM
2025-10-22,9:41:10.657436698,T,284.39,200,285.52,200,IBM
2025-10-22,9:41:13.915678476,T,284.39,200,285.44,100,IBM
2025-10-22,9:41:13.991844774,T,284.39,200,285.48,100,IBM
2025-10-22,9:41:14.700406712,T,284.75,100,285.48,100,IBM
2025-10-22,9:41:14.714881146,T,284.75,100,285.44,100,IBM
2025-10-22,9:41:14.720474524,T,284.39,200,285.44,100,IBM
2025-10-22,9:41:14.735685645,T,284.39,200,285.29,100,IBM
2025-10-22,9:41:14.826536972,T,284.39,200,285.48,100,IBM
2025-10-22,9:41:15.612663511,T,284.58,100,285.48,100,IBM
2025-10-22,9:41:17.252737846,T,284.58,100,285.29,100,IBM
2025-10-22,9:41:17.905496820,T,284.58,100,285.2,100,IBM
2025-10-22,9:41:17.905496820,T,284.58,100,285.19,100,IBM
2025-10-22,9:41:17.905527152,T,284.58,100,285.18,100,IBM
2025-10-22,9:41:17.905702255,T,284.96,400,285.18,100,IBM
2025-10-22,9:41:17.905742393,T,284.75,100,285.18,100,IBM
2025-10-22,9:41:17.905742393,T,284.96,400,285.18,100,IBM
2025-10-22,9:41:17.905762469,T,284.96,300,285.18,100,IBM
2025-10-22,9:41:17.905957883,T,284.96,700,285.18,100,IBM
2025-10-22,9:41:17.905973240,T,284.96,700,285.19,100,IBM
2025-10-22,9:41:17.905987910,T,284.96,500,285.19,100,IBM
2025-10-22,9:41:17.905992962,T,284.96,500,285.18,100,IBM
2025-10-22,9:41:17.906163416,T,284.96,900,285.18,100,IBM
2025-10-22,9:41:17.906188452,T,284.96,800,285.18,100,IBM
2025-10-22,9:41:17.906188452,T,284.96,700,285.18,100,IBM
2025-10-22,9:41:17.906188452,T,284.96,600,285.18,100,IBM
2025-10-22,9:41:17.906193431,T,284.96,800,285.18,100,IBM
2025-10-22,9:41:17.906414129,T,284.96,600,285.18,100,IBM
2025-10-22,9:41:17.906414129,T,284.96,200,285.18,100,IBM
2025-10-22,9:41:17.906423997,T,284.58,100,285.18,100,IBM
2025-10-22,9:41:17.906444050,T,284.65,100,285.18,100,IBM
2025-10-22,9:41:17.906449034,T,284.96,800,285.18,100,IBM
2025-10-22,9:41:17.906464145,T,284.79,100,285.18,100,IBM
2025-10-22,9:41:17.906464145,T,284.85,100,285.18,100,IBM
2025-10-22,9:41:17.906469073,T,284.86,100,285.18,100,IBM
2025-10-22,9:41:17.906469073,T,284.93,100,285.18,100,IBM
2025-10-22,9:41:17.906474111,T,284.98,100,285.18,100,IBM
2025-10-22,9:41:17.906489147,T,284.98,900,285.18,100,IBM
2025-10-22,9:41:17.906734694,T,284.98,900,285.48,100,IBM
2025-10-22,9:41:17.920111625,T,284.98,900,285.52,200,IBM
2025-10-22,9:41:17.928772236,T,284.98,800,285.52,200,IBM
2025-10-22,9:41:19.730651873,T,284.98,900,285.52,200,IBM
2025-10-22,9:41:19.730666960,T,284.98,800,285.52,200,IBM
2025-10-22,9:41:19.730672000,T,284.75,100,285.52,200,IBM
2025-10-22,9:41:19.730677040,T,284.62,100,285.52,200,IBM
2025-10-22,9:41:19.730697082,T,285.06,800,285.52,200,IBM
2025-10-22,9:41:19.731714515,T,285.06,800,285.46,100,IBM
2025-10-22,9:41:19.731739539,T,285.06,900,285.46,100,IBM
2025-10-22,9:41:19.737072188,T,285.06,800,285.46,100,IBM
2025-10-22,9:41:19.771424044,T,285.06,900,285.46,100,IBM
2025-10-22,9:41:19.771444028,T,285.06,800,285.46,100,IBM
2025-10-22,9:41:19.771444028,T,284.65,100,285.46,100,IBM
2025-10-22,9:41:19.771449024,T,284.92,100,285.46,100,IBM
2025-10-22,9:41:19.771469064,T,285.07,900,285.46,100,IBM
2025-10-22,9:41:19.771534236,T,284.92,100,285.46,100,IBM
2025-10-22,9:41:19.771544267,T,285.07,100,285.46,100,IBM
2025-10-22,9:41:19.771559276,T,285.29,800,285.46,100,IBM
2025-10-22,9:41:19.776014951,T,285.29,800,285.65,100,IBM
2025-10-22,9:41:22.812689480,T,285.29,200,285.65,100,IBM
2025-10-22,9:41:22.812689480,T,284.68,100,285.65,100,IBM
2025-10-22,9:41:22.812714495,T,284.68,100,285.3,100,IBM
2025-10-22,9:41:22.812739550,T,284.39,200,285.3,100,IBM
2025-10-22,9:41:22.812739550,T,284.39,200,285.65,100,IBM
2025-10-22,9:41:22.812884923,T,284.45,100,285.65,100,IBM
2025-10-22,9:41:22.812925023,T,284.86,100,285.65,100,IBM
2025-10-22,9:41:22.814037623,T,284.85,100,285.65,100,IBM
2025-10-22,9:41:22.814057669,T,284.55,100,285.65,100,IBM
2025-10-22,9:41:22.819931747,T,284.55,100,285.63,100,IBM
2025-10-22,9:41:22.899245465,T,284.55,100,285.46,100,IBM
2025-10-22,9:41:22.912817821,T,284.39,200,285.46,100,IBM
2025-10-22,9:41:23.779721537,T,284.04,100,285.46,100,IBM
2025-10-22,9:41:23.779726560,T,284.58,200,285.46,100,IBM
2025-10-22,9:41:24.278829750,T,284.58,200,285.3,100,IBM
2025-10-22,9:41:25.312014568,T,284.58,200,285.42,200,IBM
2025-10-22,9:41:25.312039582,T,284.58,200,285.42,100,IBM
2025-10-22,9:41:25.683183228,T,284.58,200,285.3,100,IBM
2025-10-22,9:41:27.203557739,T,284.58,200,285.17,100,IBM
2025-10-22,9:41:27.203587818,T,284.58,200,285.3,100,IBM
2025-10-22,9:41:27.203592914,T,284.58,200,285.17,100,IBM
2025-10-22,9:41:27.203607957,T,284.58,200,285.3,100,IBM
2025-10-22,9:41:27.203617873,T,284.96,100,285.3,100,IBM
2025-10-22,9:41:27.203643007,T,284.58,200,285.3,100,IBM
2025-10-22,9:41:27.203713169,T,284.76,100,285.3,100,IBM
2025-10-22,9:41:27.203778308,T,284.96,100,285.3,100,IBM
2025-10-22,9:41:27.204354717,T,284.96,100,285.42,100,IBM
2025-10-22,9:41:27.208659968,T,284.76,100,285.42,100,IBM
2025-10-22,9:41:27.304021979,T,284.75,100,285.42,100,IBM
2025-10-22,9:41:27.304027017,T,284.58,200,285.42,100,IBM
2025-10-22,9:41:27.460810224,T,284.58,200,285.3,200,IBM
2025-10-22,9:41:29.036852143,T,284.78,100,285.3,200,IBM
2025-10-22,9:41:32.541330333,T,285.0,100,285.3,200,IBM
2025-10-22,9:41:32.541590920,T,285.0,200,285.3,200,IBM
2025-10-22,9:41:32.549554922,T,285.0,100,285.3,200,IBM
2025-10-22,9:41:34.256438504,T,284.78,100,285.3,200,IBM
2025-10-22,9:41:40.156554810,T,284.78,100,285.19,100,IBM
2025-10-22,9:41:40.156625200,T,284.78,500,285.19,100,IBM
2025-10-22,9:41:40.156685060,T,285.0,100,285.19,100,IBM
2025-10-22,9:41:40.156690078,T,285.0,500,285.19,100,IBM
2025-10-22,9:41:40.156705107,T,285.0,500,285.24,100,IBM
2025-10-22,9:41:40.156735206,T,285.0,1200,285.24,100,IBM
2025-10-22,9:41:40.156750255,T,285.0,1200,285.19,100,IBM
2025-10-22,9:41:40.156920637,T,285.0,1200,285.29,100,IBM
2025-10-22,9:41:40.157091045,T,285.0,1300,285.29,100,IBM
2025-10-22,9:41:40.157196614,T,285.0,600,285.29,100,IBM
2025-10-22,9:41:40.157196614,T,285.0,600,285.31,100,IBM
2025-10-22,9:41:40.157201548,T,285.1,100,285.31,100,IBM
2025-10-22,9:41:40.157221303,T,285.1,800,285.31,100,IBM
2025-10-22,9:41:40.157221303,T,285.1,1300,285.31,100,IBM
2025-10-22,9:41:40.157286519,T,285.1,1200,285.31,100,IBM
2025-10-22,9:41:40.157306536,T,285.1,1000,285.31,100,IBM
2025-10-22,9:41:40.157552115,T,285.1,1000,285.39,100,IBM
2025-10-22,9:41:40.157842817,T,285.1,400,285.39,100,IBM
2025-10-22,9:41:40.157842817,T,284.78,100,285.39,100,IBM
2025-10-22,9:41:40.157842817,T,285.12,500,285.39,100,IBM
2025-10-22,9:41:40.157862883,T,285.12,1000,285.39,100,IBM
2025-10-22,9:41:40.157888114,T,285.12,400,285.39,100,IBM
2025-10-22,9:41:40.157892966,T,284.78,100,285.39,100,IBM
2025-10-22,9:41:40.157892966,T,285.17,500,285.39,100,IBM
2025-10-22,9:41:40.157902929,T,285.17,600,285.39,100,IBM
2025-10-22,9:41:40.157913015,T,285.17,1000,285.39,100,IBM
2025-10-22,9:41:40.158278850,T,285.17,1000,285.42,100,IBM
2025-10-22,9:41:40.158298949,T,285.17,600,285.42,100,IBM
2025-10-22,9:41:40.158323992,T,285.29,400,285.42,100,IBM
2025-10-22,9:41:40.158344170,T,285.29,1000,285.42,100,IBM
2025-10-22,9:41:40.158349025,T,285.29,500,285.42,100,IBM
2025-10-22,9:41:40.158374116,T,285.31,400,285.42,100,IBM
2025-10-22,9:41:40.158389146,T,285.29,500,285.42,100,IBM
2025-10-22,9:41:40.158399284,T,285.12,100,285.42,100,IBM
2025-10-22,9:41:40.158399284,T,285.31,500,285.42,100,IBM
2025-10-22,9:41:40.158414204,T,285.38,400,285.42,100,IBM
2025-10-22,9:41:40.158424197,T,285.31,500,285.42,100,IBM
2025-10-22,9:41:40.158434474,T,285.14,100,285.42,100,IBM
2025-10-22,9:41:40.158434474,T,285.38,500,285.42,100,IBM
2025-10-22,9:41:40.158439192,T,285.21,100,285.42,100,IBM
2025-10-22,9:41:40.158449228,T,285.39,400,285.42,100,IBM
2025-10-22,9:41:40.158464618,T,285.39,300,285.42,100,IBM
2025-10-22,9:41:40.158474545,T,285.39,900,285.42,100,IBM
2025-10-22,9:41:40.158479316,T,285.39,800,285.42,100,IBM
2025-10-22,9:41:40.158489392,T,285.39,900,285.42,100,IBM
2025-10-22,9:41:40.158499490,T,285.39,300,285.42,100,IBM
2025-10-22,9:41:40.158499490,T,285.22,100,285.42,100,IBM
2025-10-22,9:41:40.158504403,T,285.17,100,285.42,100,IBM
2025-10-22,9:41:40.158504403,T,285.12,100,285.42,100,IBM
2025-10-22,9:41:40.158524401,T,285.17,100,285.42,100,IBM
2025-10-22,9:41:40.158549506,T,284.78,100,285.42,100,IBM
2025-10-22,9:41:40.260502228,T,284.78,100,285.42,200,IBM
2025-10-22,9:41:41.551139966,T,284.78,100,285.32,100,IBM
2025-10-22,9:41:41.631786915,T,284.58,200,285.32,100,IBM
2025-10-22,9:41:45.653481336,T,284.69,100,285.32,100,IBM
2025-10-22,9:41:47.608014417,T,284.58,200,285.32,100,IBM
2025-10-22,9:41:48.200038798,T,284.58,200,285.42,200,IBM
2025-10-22,9:41:48.200043688,T,284.58,200,285.32,100,IBM
2025-10-22,9:41:48.200063745,T,284.58,200,285.39,100,IBM
2025-10-22,9:41:48.200063745,T,284.58,200,285.42,200,IBM
2025-10-22,9:41:48.200073875,T,284.58,200,285.32,100,IBM
2025-10-22,9:41:48.200103941,T,284.58,200,285.42,200,IBM
2025-10-22,9:41:48.213596058,T,284.65,100,285.42,200,IBM
2025-10-22,9:41:48.722402325,T,284.58,200,285.42,200,IBM
2025-10-22,9:41:51.326346503,T,284.58,200,285.42,100,IBM
2025-10-22,9:41:52.104609446,T,284.58,200,285.42,200,IBM
2025-10-22,9:41:58.191104099,T,285.01,100,285.42,200,IBM
2025-10-22,9:41:58.199333736,T,284.58,200,285.42,200,IBM
2025-10-22,9:41:59.540110850,T,284.58,200,285.42,100,IBM
2025-10-22,9:42:00.256501321,T,284.17,100,285.42,100,IBM
2025-10-22,9:42:00.256506304,T,284.75,200,285.42,100,IBM
2025-10-22,9:42:00.958031377,T,284.75,200,285.39,100,IBM
2025-10-22,9:42:01.071376285,T,284.75,200,285.42,100,IBM
2025-10-22,9:42:01.071386300,T,284.75,200,285.39,100,IBM
2025-10-22,9:42:01.071396373,T,284.75,200,285.42,100,IBM
2025-10-22,9:42:01.071406362,T,284.75,300,285.42,100,IBM
2025-10-22,9:42:01.071406362,T,285.28,100,285.42,100,IBM
2025-10-22,9:42:01.071426407,T,285.26,100,285.42,100,IBM
2025-10-22,9:42:01.071932580,T,285.28,100,285.42,100,IBM
2025-10-22,9:42:01.076002326,T,285.26,100,285.42,100,IBM
2025-10-22,9:42:01.076027344,T,284.75,200,285.42,100,IBM
2025-10-22,9:42:01.098500880,T,284.75,200,285.71,200,IBM
2025-10-22,9:42:01.102049316,T,284.75,200,285.5,100,IBM
2025-10-22,9:42:01.986429779,T,284.75,200,285.46,100,IBM
2025-10-22,9:42:03.176026743,T,284.83,100,285.46,100,IBM
2025-10-22,9:42:05.801457014,T,284.93,100,285.46,100,IBM
2025-10-22,9:42:05.801457014,T,285.01,100,285.46,100,IBM
2025-10-22,9:42:05.801471934,T,285.07,100,285.46,100,IBM
2025-10-22,9:42:05.802514388,T,285.02,100,285.46,100,IBM
2025-10-22,9:42:05.809686460,T,284.83,100,285.46,100,IBM
2025-10-22,9:42:05.844178569,T,284.93,100,285.46,100,IBM
2025-10-22,9:42:05.844233732,T,285.02,100,285.46,100,IBM
2025-10-22,9:42:05.844348995,T,285.02,100,285.48,100,IBM
2025-10-22,9:42:05.844369222,T,285.02,100,285.5,100,IBM
2025-10-22,9:42:05.844414466,T,284.93,100,285.5,100,IBM
2025-10-22,9:42:05.844539444,T,285.3,100,285.5,100,IBM
2025-10-22,9:42:05.844920356,T,284.93,100,285.5,100,IBM
2025-10-22,9:42:05.844950478,T,284.84,100,285.5,100,IBM
2025-10-22,9:42:05.845025689,T,284.83,100,285.5,100,IBM
2025-10-22,9:42:06.041157631,T,284.87,100,285.5,100,IBM
2025-10-22,9:42:07.894961159,T,284.87,100,285.46,100,IBM
2025-10-22,9:42:11.126569174,T,284.87,100,285.5,100,IBM
2025-10-22,9:42:11.127351026,T,284.87,100,285.45,100,IBM
2025-10-22,9:42:12.237949900,T,285.08,100,285.45,100,IBM
2025-10-22,9:42:13.132940670,T,285.08,100,285.43,100,IBM
2025-10-22,9:42:17.481307591,T,285.08,100,285.48,100,IBM
2025-10-22,9:42:17.481327716,T,285.08,100,285.64,100,IBM
2025-10-22,9:42:17.481382757,T,285.14,100,285.64,100,IBM
2025-10-22,9:42:17.481387757,T,285.14,100,285.71,200,IBM
2025-10-22,9:42:17.483101913,T,285.08,100,285.71,200,IBM
2025-10-22,9:42:19.278676481,T,285.08,100,285.69,100,IBM
2025-10-22,9:42:19.278721627,T,285.08,100,285.48,100,IBM
2025-10-22,9:42:19.278751823,T,285.08,100,285.49,100,IBM
2025-10-22,9:42:19.278751823,T,285.08,100,285.37,100,IBM
2025-10-22,9:42:19.278922096,T,285.08,500,285.37,100,IBM
2025-10-22,9:42:19.278947076,T,285.08,700,285.37,100,IBM
2025-10-22,9:42:19.279052348,T,285.08,900,285.37,100,IBM
2025-10-22,9:42:19.279077438,T,285.08,900,285.47,100,IBM
2025-10-22,9:42:19.279333019,T,285.08,900,285.37,100,IBM
2025-10-22,9:42:19.280034705,T,285.08,900,285.47,100,IBM
2025-10-22,9:42:19.285663080,T,285.08,900,285.49,100,IBM
2025-10-22,9:42:19.286946148,T,285.08,900,285.71,200,IBM
2025-10-22,9:42:19.301746455,T,285.08,900,285.69,100,IBM
2025-10-22,9:42:21.075589491,T,285.08,900,285.49,100,IBM
2025-10-22,9:42:21.135076113,T,285.08,900,285.71,200,IBM
2025-10-22,9:42:21.135076113,T,285.08,900,285.69,100,IBM
2025-10-22,9:42:21.135146248,T,285.08,900,285.49,100,IBM
2025-10-22,9:42:21.135221363,T,285.08,1000,285.49,100,IBM
2025-10-22,9:42:21.135301829,T,285.08,900,285.49,100,IBM
2025-10-22,9:42:21.135306846,T,285.08,800,285.49,100,IBM
2025-10-22,9:42:21.135306846,T,285.08,800,285.43,100,IBM
2025-10-22,9:42:21.135321621,T,285.08,800,285.34,100,IBM
2025-10-22,9:42:21.135336697,T,285.08,500,285.34,100,IBM
2025-10-22,9:42:21.135336697,T,285.08,300,285.34,100,IBM
2025-10-22,9:42:21.135336697,T,285.08,100,285.34,100,IBM
2025-10-22,9:42:21.135341744,T,285.04,100,285.34,100,IBM
2025-10-22,9:42:21.135362032,T,285.04,100,285.41,100,IBM
2025-10-22,9:42:21.135362032,T,285.04,100,285.31,100,IBM
2025-10-22,9:42:21.135366796,T,285.04,100,285.09,100,IBM
2025-10-22,9:42:21.135472061,T,285.04,100,285.19,100,IBM
2025-10-22,9:42:21.135572254,T,285.04,100,285.28,100,IBM
2025-10-22,9:42:21.136128571,T,285.04,300,285.28,100,IBM
2025-10-22,9:42:21.136399258,T,285.04,100,285.28,100,IBM
2025-10-22,9:42:21.136424288,T,285.08,200,285.28,100,IBM
2025-10-22,9:42:21.137130938,T,285.08,100,285.28,100,IBM
2025-10-22,9:42:21.137156433,T,285.04,100,285.28,100,IBM
2025-10-22,9:42:21.138960311,T,284.75,200,285.28,100,IBM
2025-10-22,9:42:21.139035511,T,284.75,200,285.24,100,IBM
2025-10-22,9:42:21.147741172,T,284.75,200,285.28,100,IBM
2025-10-22,9:42:21.150302345,T,284.75,200,285.49,100,IBM
2025-10-22,9:42:21.236166760,T,284.75,200,285.71,200,IBM
2025-10-22,9:42:21.471201234,T,283.84,100,285.71,200,IBM
2025-10-22,9:42:21.471206314,T,284.59,200,285.71,200,IBM
2025-10-22,9:42:21.988673209,T,284.59,200,285.21,100,IBM
2025-10-22,9:42:22.066859376,T,284.59,200,285.2,100,IBM
2025-10-22,9:42:22.662447286,T,284.59,200,285.18,100,IBM
2025-10-22,9:42:22.666441765,T,284.59,200,285.2,100,IBM
2025-10-22,9:42:22.941266045,T,284.59,200,285.13,100,IBM
2025-10-22,9:42:24.443888303,T,284.59,200,285.08,100,IBM
2025-10-22,9:42:25.461962523,T,284.59,200,285.07,100,IBM
2025-10-22,9:42:25.462127475,T,284.75,200,285.07,100,IBM
2025-10-22,9:42:25.462317879,T,284.75,300,285.07,100,IBM
2025-10-22,9:42:25.462538497,T,284.75,400,285.07,100,IBM
2025-10-22,9:42:25.469575152,T,284.75,400,285.08,100,IBM
2025-10-22,9:42:25.750654666,T,284.75,200,285.08,100,IBM
2025-10-22,9:42:25.750659433,T,284.91,100,285.08,100,IBM
2025-10-22,9:42:25.750659433,T,284.91,200,285.08,100,IBM
2025-10-22,9:42:25.750679383,T,284.91,400,285.08,100,IBM
2025-10-22,9:42:25.764592540,T,284.91,400,285.07,100,IBM
2025-10-22,9:42:25.765324317,T,284.91,400,285.08,100,IBM
2025-10-22,9:42:26.085912604,T,284.91,400,285.08,200,IBM
2025-10-22,9:42:26.169897663,T,284.91,300,285.08,200,IBM
2025-10-22,9:42:26.169897663,T,284.91,200,285.08,200,IBM
2025-10-22,9:42:26.169902576,T,284.91,100,285.08,200,IBM
2025-10-22,9:42:26.169927592,T,284.43,200,285.08,200,IBM
2025-10-22,9:42:26.169952743,T,284.43,200,285.07,100,IBM
2025-10-22,9:42:26.170062864,T,284.43,200,285.06,100,IBM
2025-10-22,9:42:26.170062864,T,284.43,200,285.07,100,IBM
2025-10-22,9:42:26.178282535,T,284.43,200,285.08,200,IBM
2025-10-22,9:42:26.200600659,T,284.43,200,285.06,100,IBM
2025-10-22,9:42:26.200625689,T,284.43,200,285.08,200,IBM
2025-10-22,9:42:26.200661150,T,284.43,300,285.08,200,IBM
2025-10-22,9:42:27.453147560,T,284.43,200,285.08,200,IBM
2025-10-22,9:42:27.852994422,T,284.43,200,285.08,300,IBM
2025-10-22,9:42:29.966716517,T,284.43,200,285.02,100,IBM
2025-10-22,9:42:30.091258027,T,284.43,200,285.08,300,IBM
2025-10-22,9:42:30.883739578,T,284.73,100,285.08,300,IBM
2025-10-22,9:42:33.356100558,T,284.73,100,285.07,100,IBM
2025-10-22,9:42:35.195644903,T,284.73,100,285.08,300,IBM
2025-10-22,9:42:35.672445006,T,284.73,100,284.99,100,IBM
2025-10-22,9:42:35.724654408,T,284.73,100,285.08,300,IBM
2025-10-22,9:42:36.574818119,T,284.73,100,285.07,100,IBM
2025-10-22,9:42:36.894429020,T,284.73,100,284.93,100,IBM
2025-10-22,9:42:36.895250938,T,284.73,100,284.93,200,IBM
2025-10-22,9:42:36.917814715,T,284.73,100,284.93,300,IBM
2025-10-22,9:42:37.275155477,T,284.73,100,284.93,200,IBM
2025-10-22,9:42:37.804886531,T,284.73,100,284.91,100,IBM
2025-10-22,9:42:38.661851845,T,284.75,100,284.91,100,IBM
2025-10-22,9:42:39.386421619,T,284.43,200,284.91,100,IBM
2025-10-22,9:42:39.386461827,T,284.43,200,284.91,200,IBM
2025-10-22,9:42:39.386486890,T,284.43,200,284.91,100,IBM
2025-10-22,9:42:39.386516882,T,284.43,200,284.91,200,IBM
2025-10-22,9:42:39.387614480,T,284.43,200,284.91,100,IBM
2025-10-22,9:42:39.389474002,T,283.44,100,284.91,100,IBM
2025-10-22,9:42:39.389478918,T,284.21,200,284.91,100,IBM
2025-10-22,9:42:41.562812847,T,284.21,200,284.91,200,IBM
2025-10-22,9:42:41.562812847,T,284.21,200,284.91,100,IBM
2025-10-22,9:42:47.054737556,T,284.34,100,284.91,100,IBM
2025-10-22,9:42:47.054767590,T,284.21,200,284.91,100,IBM
2025-10-22,9:42:51.006460029,T,284.21,200,284.91,200,IBM
2025-10-22,9:42:51.032512040,T,284.21,200,284.78,100,IBM
2025-10-22,9:42:51.032532409,T,284.21,200,284.91,200,IBM
2025-10-22,9:42:51.032542161,T,284.21,200,284.78,100,IBM
2025-10-22,9:42:51.032557229,T,284.21,200,284.83,100,IBM
2025-10-22,9:42:51.032562184,T,284.24,100,284.83,100,IBM
2025-10-22,9:42:51.032567247,T,284.24,100,284.91,200,IBM
2025-10-22,9:42:51.032567247,T,284.34,100,284.91,200,IBM
2025-10-22,9:42:51.032587202,T,284.21,200,284.91,200,IBM
2025-10-22,9:42:51.032662466,T,284.21,300,284.91,200,IBM
2025-10-22,9:42:51.032707550,T,284.4,100,284.91,200,IBM
2025-10-22,9:42:51.033308939,T,284.4,100,284.91,100,IBM
2025-10-22,9:42:51.033785088,T,284.39,100,284.91,100,IBM
2025-10-22,9:42:51.033810110,T,284.24,100,284.91,100,IBM
2025-10-22,9:42:51.132560230,T,284.21,200,284.91,100,IBM
2025-10-22,9:42:51.422841280,T,284.21,200,284.91,200,IBM
2025-10-22,9:42:51.422856335,T,284.21,200,284.91,300,IBM
2025-10-22,9:42:53.524374509,T,284.21,200,284.91,200,IBM
2025-10-22,9:42:53.524424677,T,284.24,100,284.91,200,IBM
2025-10-22,9:42:53.525657951,T,284.21,200,284.91,200,IBM
2025-10-22,9:42:53.525662557,T,284.24,100,284.91,200,IBM
2025-10-22,9:42:53.527777615,T,284.21,200,284.91,200,IBM
2025-10-22,9:42:55.082308339,T,284.21,200,284.86,100,IBM
2025-10-22,9:42:56.700611176,T,284.21,200,284.86,200,IBM
2025-10-22,9:42:56.707161777,T,284.21,200,284.85,100,IBM
2025-10-22,9:42:56.800002773,T,284.21,200,284.86,200,IBM
2025-10-22,9:43:00.354740568,T,284.21,200,284.84,100,IBM
2025-10-22,9:43:00.423228541,T,284.21,200,284.86,200,IBM
2025-10-22,9:43:01.155045782,T,284.61,100,284.86,200,IBM
2025-10-22,9:43:01.429469026,T,284.61,100,284.86,300,IBM
2025-10-22,9:43:03.092623466,T,284.61,100,284.86,200,IBM
2025-10-22,9:43:03.092623466,T,284.62,100,284.86,200,IBM
2025-10-22,9:43:03.092713768,T,284.62,100,284.86,100,IBM
2025-10-22,9:43:03.231534248,T,284.61,100,284.86,100,IBM
2025-10-22,9:43:04.116866835,T,284.7,100,284.86,100,IBM
2025-10-22,9:43:04.117002183,T,284.7,100,284.86,200,IBM
2025-10-22,9:43:04.117428224,T,284.61,100,284.86,200,IBM
2025-10-22,9:43:04.131646968,T,284.61,100,284.86,300,IBM
2025-10-22,9:43:04.446411363,T,284.61,100,284.81,100,IBM
2025-10-22,9:43:06.240617878,T,284.61,100,284.86,200,IBM
2025-10-22,9:43:06.240627911,T,284.61,100,284.81,100,IBM
2025-10-22,9:43:06.240642899,T,284.77,100,284.81,100,IBM
2025-10-22,9:43:06.240647976,T,284.77,100,284.86,200,IBM
2025-10-22,9:43:06.240943588,T,284.62,200,284.86,200,IBM
2025-10-22,9:43:06.241169115,T,284.62,100,284.86,200,IBM
2025-10-22,9:43:06.241249384,T,284.71,100,284.86,200,IBM
2025-10-22,9:43:06.241254415,T,284.71,100,284.86,100,IBM
2025-10-22,9:43:06.252115271,T,284.61,100,284.86,100,IBM
2025-10-22,9:43:06.657390231,T,284.73,100,284.86,100,IBM
2025-10-22,9:43:06.658101918,T,284.73,100,284.91,100,IBM
2025-10-22,9:43:06.658121917,T,284.85,100,284.91,100,IBM
2025-10-22,9:43:06.658182142,T,284.85,100,284.92,100,IBM
2025-10-22,9:43:06.658192093,T,284.85,100,284.91,100,IBM
2025-10-22,9:43:06.658207098,T,284.86,100,284.91,100,IBM
2025-10-22,9:43:06.658217165,T,284.73,100,284.91,100,IBM
2025-10-22,9:43:06.658728419,T,284.73,100,284.93,100,IBM
2025-10-22,9:43:06.954923526,T,284.73,100,285.12,100,IBM
2025-10-22,9:43:06.955434804,T,284.73,100,285.17,200,IBM
2025-10-22,9:43:07.015973891,T,284.73,100,285.16,100,IBM
2025-10-22,9:43:07.260651349,T,284.73,100,285.2,100,IBM
2025-10-22,9:43:07.411876406,T,284.73,100,285.34,200,IBM
2025-10-22,9:43:07.825816749,T,284.21,200,285.34,200,IBM
2025-10-22,9:43:08.057914303,T,284.21,200,285.14,500,IBM
2025-10-22,9:43:15.896936405,T,283.96,100,285.14,500,IBM
2025-10-22,9:43:15.896941433,T,284.37,200,285.14,500,IBM
2025-10-22,9:43:16.042157096,T,284.37,200,285.09,100,IBM
2025-10-22,9:43:24.489883252,T,284.81,100,285.09,100,IBM
2025-10-22,9:43:26.305014685,T,284.37,200,285.09,100,IBM
2025-10-22,9:43:26.702545948,T,284.37,200,285.14,500,IBM
2025-10-22,9:43:26.965797619,T,284.88,100,285.14,500,IBM
2025-10-22,9:43:26.965817689,T,284.53,100,285.14,500,IBM
2025-10-22,9:43:26.965822749,T,284.97,100,285.14,500,IBM
2025-10-22,9:43:26.966088418,T,284.97,100,285.14,400,IBM
2025-10-22,9:43:26.966118446,T,284.97,100,285.14,200,IBM
2025-10-22,9:43:27.673302020,T,284.97,100,285.34,200,IBM
2025-10-22,9:43:27.673362307,T,284.37,200,285.34,200,IBM
2025-10-22,9:43:27.673367179,T,285.06,100,285.34,200,IBM
2025-10-22,9:43:27.674108902,T,285.06,100,285.26,100,IBM
2025-10-22,9:43:27.674108902,T,284.37,200,285.26,100,IBM
2025-10-22,9:43:27.674414641,T,285.06,100,285.26,100,IBM
2025-10-22,9:43:27.955353474,T,284.37,200,285.26,100,IBM
2025-10-22,9:43:27.955483725,T,284.71,200,285.26,100,IBM
2025-10-22,9:43:27.955674196,T,284.71,400,285.26,100,IBM
2025-10-22,9:43:27.955684259,T,284.71,500,285.26,100,IBM
2025-10-22,9:43:27.955694242,T,284.71,900,285.26,100,IBM
2025-10-22,9:43:27.955714275,T,284.71,1300,285.26,100,IBM
2025-10-22,9:43:27.955724308,T,284.71,1100,285.26,100,IBM
2025-10-22,9:43:27.955724308,T,284.71,900,285.26,100,IBM
2025-10-22,9:43:27.955724308,T,285.06,100,285.26,100,IBM
2025-10-22,9:43:27.955759454,T,285.06,1700,285.26,100,IBM
2025-10-22,9:43:27.955769388,T,285.06,1900,285.26,100,IBM
2025-10-22,9:43:27.955774472,T,285.06,2300,285.26,100,IBM
2025-10-22,9:43:27.955779472,T,285.06,2700,285.26,100,IBM
2025-10-22,9:43:27.955784483,T,285.06,2900,285.26,100,IBM
2025-10-22,9:43:27.955799476,T,285.06,2800,285.26,100,IBM
2025-10-22,9:43:27.955804533,T,285.06,2700,285.26,100,IBM
2025-10-22,9:43:27.955804533,T,285.06,2500,285.26,100,IBM
2025-10-22,9:43:27.955829608,T,285.06,2900,285.26,100,IBM
2025-10-22,9:43:27.955874831,T,285.06,3300,285.26,100,IBM
2025-10-22,9:43:27.955909744,T,285.06,3500,285.26,100,IBM
2025-10-22,9:43:27.955949868,T,285.06,3900,285.26,100,IBM
2025-10-22,9:43:27.955979937,T,285.06,4000,285.26,100,IBM
2025-10-22,9:43:27.956225551,T,285.06,4100,285.26,100,IBM
2025-10-22,9:43:27.956336122,T,285.06,2800,285.26,100,IBM
2025-10-22,9:43:27.956336122,T,285.2,100,285.26,100,IBM
2025-10-22,9:43:27.956340819,T,285.2,200,285.26,100,IBM
2025-10-22,9:43:27.956360962,T,285.2,100,285.26,100,IBM
2025-10-22,9:43:27.956360962,T,285.06,1000,285.26,100,IBM
2025-10-22,9:43:27.956360962,T,285.06,600,285.26,100,IBM
2025-10-22,9:43:27.956365831,T,285.06,400,285.26,100,IBM
2025-10-22,9:43:27.956370857,T,284.37,200,285.26,100,IBM
