DATE,TIME_M,EX,BID,BIDSIZ,ASK,ASKSIZ,SYM_ROOT
2025-10-01,9:30:01.114378600,T,280.0,100,281.37,100,IBM
2025-10-01,9:30:01.136862171,T,280.0,100,281.82,300,IBM
2025-10-01,9:30:01.257639692,T,280.15,100,281.82,300,IBM
2025-10-01,9:30:01.350365391,T,280.15,100,281.82,400,IBM
2025-10-01,9:30:01.350405491,T,280.15,100,281.7,100,IBM
2025-10-01,9:30:01.350460612,T,280.15,100,281.82,400,IBM
2025-10-01,9:30:01.356640392,T,280.15,100,281.82,300,IBM
2025-10-01,9:30:01.431779200,T,280.15,200,281.82,300,IBM
2025-10-01,9:30:02.026931023,T,280.15,200,281.82,400,IBM
2025-10-01,9:30:02.035581631,T,280.15,200,281.82,300,IBM
2025-10-01,9:30:02.594487094,T,280.25,100,281.82,300,IBM
2025-10-01,9:30:02.629560686,T,280.15,200,281.82,300,IBM
2025-10-01,9:30:04.743623405,T,280.15,100,281.82,300,IBM
2025-10-01,9:30:05.333513054,T,280.1,100,281.82,300,IBM
2025-10-01,9:30:05.333537794,T,280.1,100,280.73,100,IBM
2025-10-01,9:30:05.333542846,T,280.1,100,280.15,100,IBM
2025-10-01,9:30:05.333567924,T,280.1,100,280.73,100,IBM
2025-10-01,9:30:05.353535458,T,280.1,100,281.82,400,IBM
2025-10-01,9:30:05.433540879,T,280.1,100,281.82,300,IBM
2025-10-01,9:30:07.086260337,T,280.22,100,281.82,300,IBM
2025-10-01,9:30:09.542407688,T,280.36,100,281.82,300,IBM
2025-10-01,9:30:09.542417681,T,280.36,200,281.82,300,IBM
2025-10-01,9:30:09.542437645,T,280.37,100,281.82,300,IBM
2025-10-01,9:30:09.542542930,T,280.36,200,281.82,300,IBM
2025-10-01,9:30:09.542968908,T,280.55,100,281.82,300,IBM
2025-10-01,9:30:09.543269731,T,280.36,200,281.82,300,IBM
2025-10-01,9:30:09.543269731,T,280.55,100,281.82,300,IBM
2025-10-01,9:30:09.544292170,T,280.36,200,281.82,300,IBM
2025-10-01,9:30:09.557834301,T,280.52,100,281.82,300,IBM
2025-10-01,9:30:09.562440368,T,280.36,100,281.82,300,IBM
2025-10-01,9:30:09.577065165,T,280.1,100,281.82,300,IBM
2025-10-01,9:30:10.089189243,T,280.61,100,281.82,300,IBM
2025-10-01,9:30:10.113988365,T,280.1,100,281.82,300,IBM
2025-10-01,9:30:10.977068017,T,280.0,100,281.82,300,IBM
2025-10-01,9:30:10.977103151,T,280.17,100,281.82,300,IBM
2025-10-01,9:30:21.709994522,T,280.17,100,281.82,400,IBM
2025-10-01,9:30:30.477446890,T,280.17,100,281.5,100,IBM
2025-10-01,9:30:30.477877938,T,280.17,100,281.5,200,IBM
2025-10-01,9:30:32.107818290,T,280.17,100,281.5,100,IBM
2025-10-01,9:30:36.881613059,T,280.17,100,281.5,200,IBM
2025-10-01,9:30:36.882049074,T,280.17,100,281.5,100,IBM
2025-10-01,9:30:36.882675642,T,280.17,100,281.5,200,IBM
2025-10-01,9:30:36.882986339,T,280.17,100,281.5,100,IBM
2025-10-01,9:30:36.882991359,T,280.17,100,281.5,200,IBM
2025-10-01,9:30:36.883377246,T,280.17,100,281.49,100,IBM
2025-10-01,9:30:36.883798236,T,280.17,100,281.49,200,IBM
2025-10-01,9:30:39.077671143,T,280.17,100,281.49,100,IBM
2025-10-01,9:30:39.079721064,T,280.17,100,281.5,100,IBM
2025-10-01,9:30:39.079761178,T,280.22,100,281.5,100,IBM
2025-10-01,9:30:39.079781063,T,280.22,100,281.5,200,IBM
2025-10-01,9:30:39.084016283,T,280.22,200,281.5,200,IBM
2025-10-01,9:30:39.087369261,T,280.22,100,281.5,200,IBM
2025-10-01,9:30:39.231577632,T,280.17,100,281.5,200,IBM
2025-10-01,9:30:39.231793036,T,280.17,100,281.5,300,IBM
2025-10-01,9:30:39.232003571,T,280.17,100,281.5,400,IBM
2025-10-01,9:30:45.078517122,T,280.17,100,281.49,100,IBM
2025-10-01,9:30:45.784848893,T,280.17,100,281.49,200,IBM
2025-10-01,9:30:45.785064252,T,280.17,100,281.49,300,IBM
2025-10-01,9:30:57.542349569,T,280.17,100,281.49,400,IBM
2025-10-01,9:30:57.792369757,T,280.17,100,281.49,300,IBM
2025-10-01,9:31:01.006195874,T,280.17,100,281.49,200,IBM
2025-10-01,9:31:01.013568463,T,280.17,100,281.49,100,IBM
2025-10-01,9:31:01.013573402,T,280.17,200,281.49,100,IBM
2025-10-01,9:31:04.587306099,T,280.22,100,281.49,100,IBM
2025-10-01,9:31:05.810503230,T,280.22,200,281.49,100,IBM
2025-10-01,9:31:05.810538259,T,280.22,100,281.49,100,IBM
2025-10-01,9:31:06.590254453,T,280.17,100,281.49,100,IBM
2025-10-01,9:31:14.585718975,T,280.01,200,281.49,100,IBM
2025-10-01,9:31:14.585759086,T,280.45,100,281.49,100,IBM
2025-10-01,9:31:17.173244161,T,280.45,100,281.49,300,IBM
2025-10-01,9:31:17.223829516,T,280.45,100,281.49,400,IBM
2025-10-01,9:31:17.447061016,T,280.45,100,281.49,500,IBM
2025-10-01,9:31:21.637717446,T,280.45,100,281.49,400,IBM
2025-10-01,9:31:35.476016906,T,280.45,100,281.49,300,IBM
2025-10-01,9:31:35.484061044,T,280.5,100,281.49,300,IBM
2025-10-01,9:31:37.324552744,T,280.65,100,281.49,300,IBM
2025-10-01,9:31:41.182532270,T,280.72,200,281.49,300,IBM
2025-10-01,9:31:41.182742794,T,280.72,300,281.49,300,IBM
2025-10-01,9:31:43.852974573,T,280.72,200,281.49,300,IBM
2025-10-01,9:31:44.930755339,T,281.05,100,281.49,300,IBM
2025-10-01,9:31:44.930960939,T,281.05,200,281.49,300,IBM
2025-10-01,9:31:45.895647465,T,281.05,100,281.49,300,IBM
2025-10-01,9:31:50.119858938,T,281.0,100,281.49,300,IBM
2025-10-01,9:32:01.210246600,T,280.97,200,281.49,300,IBM
2025-10-01,9:32:01.210286631,T,281.07,100,281.49,300,IBM
2025-10-01,9:32:01.210431952,T,281.07,200,281.49,300,IBM
2025-10-01,9:32:03.758432868,T,281.07,200,281.49,200,IBM
2025-10-01,9:32:03.758643438,T,281.25,100,281.49,200,IBM
2025-10-01,9:32:03.758653388,T,281.25,100,281.49,100,IBM
2025-10-01,9:32:03.758653388,T,281.25,100,281.54,100,IBM
2025-10-01,9:32:03.758673450,T,281.47,100,281.54,100,IBM
2025-10-01,9:32:03.758703582,T,281.25,100,281.54,100,IBM
2025-10-01,9:32:03.758723615,T,281.16,100,281.54,100,IBM
2025-10-01,9:32:03.758738646,T,281.24,100,281.54,100,IBM
2025-10-01,9:32:03.758843837,T,281.24,100,281.89,200,IBM
2025-10-01,9:32:03.758868921,T,281.47,100,281.89,200,IBM
2025-10-01,9:32:03.759034375,T,281.47,100,281.82,100,IBM
2025-10-01,9:32:03.759274953,T,281.29,100,281.82,100,IBM
2025-10-01,9:32:03.759295001,T,281.24,100,281.82,100,IBM
2025-10-01,9:32:03.759319983,T,281.07,300,281.82,100,IBM
2025-10-01,9:32:03.759335022,T,281.1,100,281.82,100,IBM
2025-10-01,9:32:03.759495424,T,281.07,300,281.82,100,IBM
2025-10-01,9:32:03.759525517,T,281.07,200,281.82,100,IBM
2025-10-01,9:32:03.886427602,T,281.1,200,281.82,100,IBM
2025-10-01,9:32:04.759050006,T,281.1,200,281.75,100,IBM
2025-10-01,9:32:10.909447155,T,281.1,200,281.63,100,IBM
2025-10-01,9:32:10.909793023,T,281.1,200,281.62,100,IBM
2025-10-01,9:32:10.909818075,T,281.1,200,281.55,100,IBM
2025-10-01,9:32:10.910349284,T,281.1,200,281.55,200,IBM
2025-10-01,9:32:10.913772431,T,281.07,200,281.55,200,IBM
2025-10-01,9:32:12.435660639,T,281.07,200,281.55,100,IBM
2025-10-01,9:32:23.564189017,T,281.07,200,281.55,200,IBM
2025-10-01,9:32:27.084835598,T,281.07,200,281.33,100,IBM
2025-10-01,9:32:27.084870531,T,281.07,200,281.55,100,IBM
2025-10-01,9:32:27.085045940,T,281.07,200,281.89,200,IBM
2025-10-01,9:32:31.508516759,T,281.14,100,281.89,200,IBM
2025-10-01,9:32:52.436233582,T,281.16,100,281.89,200,IBM
2025-10-01,9:32:52.436419063,T,281.16,200,281.89,200,IBM
2025-10-01,9:33:02.446334375,T,281.16,200,281.82,100,IBM
2025-10-01,9:33:02.446409554,T,281.16,300,281.82,100,IBM
2025-10-01,9:33:02.446479764,T,281.16,300,281.89,200,IBM
2025-10-01,9:33:02.446645134,T,281.16,200,281.89,200,IBM
2025-10-01,9:33:02.446670195,T,281.31,100,281.89,200,IBM
2025-10-01,9:33:02.446695265,T,281.16,200,281.89,200,IBM
2025-10-01,9:33:02.635229086,T,281.16,100,281.89,200,IBM
2025-10-01,9:33:02.635229086,T,280.75,200,281.89,200,IBM
2025-10-01,9:33:02.635264205,T,280.75,200,281.6,100,IBM
2025-10-01,9:33:02.635269198,T,280.75,200,281.37,100,IBM
2025-10-01,9:33:02.635494754,T,280.75,200,281.37,200,IBM
2025-10-01,9:33:02.635690235,T,280.75,200,281.37,100,IBM
2025-10-01,9:33:02.671269861,T,280.75,200,281.37,200,IBM
2025-10-01,9:33:02.819297317,T,280.75,200,281.37,100,IBM
2025-10-01,9:33:03.449883459,T,280.75,200,281.37,200,IBM
2025-10-01,9:33:12.234195935,T,280.75,200,281.37,100,IBM
2025-10-01,9:33:12.234426595,T,280.75,200,281.47,100,IBM
2025-10-01,9:33:12.237453747,T,280.7,100,281.47,100,IBM
2025-10-01,9:33:12.248660437,T,280.7,200,281.47,100,IBM
2025-10-01,9:33:15.051167298,T,280.7,100,281.47,100,IBM
2025-10-01,9:33:16.301428677,T,280.7,100,281.43,100,IBM
2025-10-01,9:33:35.917813990,T,280.7,100,281.43,200,IBM
2025-10-01,9:33:38.628552310,T,280.7,100,281.37,100,IBM
2025-10-01,9:33:38.632601953,T,280.7,100,281.43,200,IBM
2025-10-01,9:33:40.403693400,T,280.7,100,281.37,100,IBM
2025-10-01,9:33:40.429640176,T,280.7,100,281.43,200,IBM
2025-10-01,9:33:44.855742243,T,280.67,100,281.43,200,IBM
2025-10-01,9:33:44.856308557,T,280.67,100,281.43,100,IBM
2025-10-01,9:33:44.866096845,T,280.67,100,281.43,200,IBM
2025-10-01,9:33:44.866126935,T,280.67,100,281.37,100,IBM
2025-10-01,9:33:44.866738366,T,280.6,100,281.37,100,IBM
2025-10-01,9:33:44.866778504,T,280.53,200,281.37,100,IBM
2025-10-01,9:33:44.867515314,T,280.53,200,281.36,100,IBM
2025-10-01,9:33:44.867730820,T,280.53,200,281.36,200,IBM
2025-10-01,9:33:44.867936239,T,280.53,200,281.36,300,IBM
2025-10-01,9:33:44.870672743,T,280.15,100,281.36,300,IBM
2025-10-01,9:33:44.870682779,T,280.23,200,281.36,300,IBM
2025-10-01,9:33:44.870717895,T,280.23,200,281.33,100,IBM
2025-10-01,9:33:44.879453715,T,280.23,200,281.36,200,IBM
2025-10-01,9:33:44.879659203,T,280.23,200,281.36,100,IBM
2025-10-01,9:33:44.880310686,T,280.23,200,281.36,200,IBM
2025-10-01,9:33:44.880340767,T,280.23,200,281.27,100,IBM
2025-10-01,9:33:44.881563670,T,280.23,200,281.27,200,IBM
2025-10-01,9:33:44.980659668,T,280.23,200,281.27,300,IBM
2025-10-01,9:33:46.036458123,T,280.23,200,281.27,200,IBM
2025-10-01,9:33:46.045519716,T,280.23,200,281.27,100,IBM
2025-10-01,9:33:46.045750186,T,280.23,200,281.43,100,IBM
2025-10-01,9:33:47.285606820,T,280.23,200,281.43,200,IBM
2025-10-01,9:33:47.571146660,T,280.23,200,281.43,100,IBM
2025-10-01,9:33:51.579429034,T,280.23,200,281.46,200,IBM
2025-10-01,9:33:51.580792323,T,280.23,200,281.25,100,IBM
2025-10-01,9:33:51.581002868,T,280.23,200,281.25,200,IBM
2025-10-01,9:33:51.581218373,T,280.23,200,281.25,300,IBM
2025-10-01,9:33:51.693310136,T,280.23,200,281.25,200,IBM
2025-10-01,9:33:51.693525701,T,280.23,200,281.25,300,IBM
2025-10-01,9:33:51.693540715,T,280.23,200,281.25,200,IBM
2025-10-01,9:33:52.312489250,T,280.23,200,281.25,100,IBM
2025-10-01,9:33:52.433146486,T,280.23,200,281.25,200,IBM
2025-10-01,9:33:52.844791583,T,280.23,200,281.24,100,IBM
2025-10-01,9:33:52.844816875,T,280.23,200,281.25,100,IBM
2025-10-01,9:33:52.844821571,T,280.23,200,281.24,100,IBM
2025-10-01,9:33:52.844997041,T,280.23,200,281.24,200,IBM
2025-10-01,9:33:52.845097298,T,280.23,200,281.24,100,IBM
2025-10-01,9:33:52.845097298,T,280.23,200,281.24,200,IBM
2025-10-01,9:33:52.845167420,T,280.23,200,281.22,100,IBM
2025-10-01,9:33:52.845207594,T,280.23,300,281.22,100,IBM
2025-10-01,9:33:52.845242671,T,280.23,300,281.24,300,IBM
2025-10-01,9:33:52.845703734,T,280.23,300,281.22,100,IBM
2025-10-01,9:33:52.846445458,T,280.23,300,281.24,200,IBM
2025-10-01,9:33:52.855522093,T,280.23,300,281.24,100,IBM
2025-10-01,9:33:52.855537092,T,280.23,300,281.25,100,IBM
2025-10-01,9:33:52.896364357,T,280.23,200,281.25,100,IBM
2025-10-01,9:33:56.391485011,T,280.23,200,281.24,100,IBM
2025-10-01,9:33:56.391695612,T,280.23,200,281.24,200,IBM
2025-10-01,9:33:56.391911053,T,280.23,200,281.24,300,IBM
2025-10-01,9:33:56.595756305,T,280.23,200,281.24,200,IBM
2025-10-01,9:33:56.610030343,T,280.23,200,281.24,100,IBM
2025-10-01,9:34:02.821813529,T,280.23,200,281.23,100,IBM
2025-10-01,9:34:02.822023956,T,280.23,200,281.23,200,IBM
2025-10-01,9:34:08.866338323,T,280.23,200,281.23,300,IBM
2025-10-01,9:34:09.006326646,T,280.23,200,281.23,200,IBM
2025-10-01,9:34:11.007365544,T,280.23,300,281.23,200,IBM
2025-10-01,9:34:11.007385618,T,280.32,100,281.23,200,IBM
2025-10-01,9:34:11.007415739,T,280.56,100,281.23,200,IBM
2025-10-01,9:34:11.007691353,T,280.23,200,281.23,200,IBM
2025-10-01,9:34:11.007696370,T,280.56,100,281.23,200,IBM
2025-10-01,9:34:11.008413111,T,280.32,100,281.23,200,IBM
2025-10-01,9:34:11.008428128,T,280.25,100,281.23,200,IBM
2025-10-01,9:34:11.010743590,T,280.43,200,281.23,200,IBM
2025-10-01,9:34:12.998911661,T,280.43,200,281.23,100,IBM
2025-10-01,9:34:15.794326693,T,280.45,100,281.23,100,IBM
2025-10-01,9:34:16.079816385,T,280.59,200,281.23,100,IBM
2025-10-01,9:34:17.318535362,T,280.59,300,281.23,100,IBM
2025-10-01,9:34:23.331540284,T,280.59,400,281.23,100,IBM
2025-10-01,9:34:25.322299618,T,280.59,300,281.23,100,IBM
2025-10-01,9:34:28.698607450,T,280.59,400,281.23,100,IBM
2025-10-01,9:34:28.698612540,T,280.59,300,281.23,100,IBM
2025-10-01,9:34:29.144388759,T,280.59,200,281.23,100,IBM
2025-10-01,9:34:30.412768270,T,280.59,200,281.23,200,IBM
2025-10-01,9:34:35.826080636,T,280.59,200,281.23,100,IBM
2025-10-01,9:34:35.826100763,T,280.71,100,281.23,100,IBM
2025-10-01,9:34:35.826110796,T,280.89,100,281.23,100,IBM
2025-10-01,9:34:35.826125735,T,280.89,100,281.24,100,IBM
2025-10-01,9:34:35.826146193,T,280.99,100,281.24,100,IBM
2025-10-01,9:34:35.826146193,T,280.99,100,281.46,200,IBM
2025-10-01,9:34:35.826807368,T,280.99,200,281.46,200,IBM
2025-10-01,9:34:35.826857517,T,280.99,100,281.46,200,IBM
2025-10-01,9:34:35.828020299,T,280.99,100,281.92,100,IBM
2025-10-01,9:34:35.828030357,T,280.99,100,281.73,200,IBM
2025-10-01,9:34:35.839252422,T,280.99,100,281.73,300,IBM
2025-10-01,9:34:35.840304581,T,280.99,100,281.73,200,IBM
2025-10-01,9:34:35.935165661,T,280.59,300,281.73,200,IBM
2025-10-01,9:34:54.813924359,T,280.64,100,281.73,200,IBM
2025-10-01,9:34:55.177394676,T,280.69,200,281.73,200,IBM
2025-10-01,9:34:55.177605225,T,280.69,300,281.73,200,IBM
2025-10-01,9:34:59.692819396,T,280.69,400,281.73,200,IBM
2025-10-01,9:35:00.293188589,T,280.69,300,281.73,200,IBM
2025-10-01,9:35:01.741276250,T,280.69,100,281.73,200,IBM
2025-10-01,9:35:01.741942792,T,280.8,200,281.73,200,IBM
2025-10-01,9:35:01.742148236,T,280.8,300,281.73,200,IBM
2025-10-01,9:35:05.159739200,T,280.8,200,281.73,200,IBM
2025-10-01,9:35:06.683566938,T,280.95,100,281.73,200,IBM
2025-10-01,9:35:06.683642083,T,281.2,100,281.73,200,IBM
2025-10-01,9:35:06.684228580,T,281.04,100,281.73,200,IBM
2025-10-01,9:35:06.684519211,T,281.2,100,281.73,200,IBM
2025-10-01,9:35:06.685090572,T,281.2,100,281.61,100,IBM
2025-10-01,9:35:06.686975048,T,281.2,100,281.9,300,IBM
2025-10-01,9:35:06.686980030,T,281.04,100,281.9,300,IBM
2025-10-01,9:35:06.687000112,T,281.04,100,281.56,100,IBM
2025-10-01,9:35:06.688243041,T,281.04,100,281.9,300,IBM
2025-10-01,9:35:06.688253138,T,281.04,100,281.89,100,IBM
2025-10-01,9:35:06.688263176,T,281.04,100,281.55,100,IBM
2025-10-01,9:35:06.688283216,T,281.03,100,281.55,100,IBM
2025-10-01,9:35:06.688288216,T,280.95,100,281.55,100,IBM
2025-10-01,9:35:06.688298260,T,280.95,100,281.9,300,IBM
2025-10-01,9:35:06.688348313,T,280.95,200,281.9,300,IBM
2025-10-01,9:35:06.688548758,T,280.95,200,281.9,200,IBM
2025-10-01,9:35:06.688619003,T,281.03,100,281.9,200,IBM
2025-10-01,9:35:06.688834450,T,281.04,100,281.9,200,IBM
2025-10-01,9:35:06.689315610,T,281.04,100,281.82,100,IBM
2025-10-01,9:35:06.689435990,T,280.95,100,281.82,100,IBM
2025-10-01,9:35:06.693806338,T,280.86,100,281.82,100,IBM
2025-10-01,9:35:06.693831345,T,280.8,300,281.82,100,IBM
2025-10-01,9:35:06.693831345,T,280.8,200,281.82,100,IBM
2025-10-01,9:35:06.697555232,T,280.8,200,281.9,200,IBM
2025-10-01,9:35:07.346860989,T,280.76,100,281.9,200,IBM
2025-10-01,9:35:07.347427346,T,281.08,200,281.9,200,IBM
2025-10-01,9:35:07.347632867,T,281.08,300,281.9,200,IBM
2025-10-01,9:35:07.347637947,T,281.08,400,281.9,200,IBM
2025-10-01,9:35:10.219700299,T,281.08,400,281.82,100,IBM
2025-10-01,9:35:10.219770569,T,281.08,400,281.72,100,IBM
2025-10-01,9:35:10.220221550,T,281.08,300,281.72,100,IBM
2025-10-01,9:35:10.220266639,T,281.08,300,281.82,100,IBM
2025-10-01,9:35:10.231703868,T,281.08,300,281.9,200,IBM
2025-10-01,9:35:16.583670853,T,281.08,300,281.82,100,IBM
2025-10-01,9:35:16.583715913,T,281.08,300,281.89,100,IBM
2025-10-01,9:35:17.298166732,T,281.08,300,281.6,100,IBM
2025-10-01,9:35:17.522646136,T,281.08,400,281.6,100,IBM
2025-10-01,9:35:17.522671234,T,281.08,400,281.75,100,IBM
2025-10-01,9:35:20.502901271,T,281.08,300,281.75,100,IBM
2025-10-01,9:35:34.743453347,T,281.08,300,281.6,100,IBM
2025-10-01,9:35:36.940769712,T,281.08,300,281.55,100,IBM
2025-10-01,9:35:36.940829679,T,281.08,300,281.6,100,IBM
2025-10-01,9:35:36.940834662,T,281.08,300,281.55,100,IBM
2025-10-01,9:35:36.940940013,T,281.08,300,281.47,100,IBM
2025-10-01,9:35:36.940944835,T,281.08,300,281.33,100,IBM
2025-10-01,9:35:36.941220530,T,281.08,300,281.55,200,IBM
2025-10-01,9:35:36.941300691,T,281.08,400,281.55,200,IBM
2025-10-01,9:35:36.941486162,T,281.08,400,281.55,100,IBM
2025-10-01,9:35:36.941571381,T,281.08,400,281.55,200,IBM
2025-10-01,9:35:36.941731716,T,281.08,300,281.55,200,IBM
2025-10-01,9:35:36.941731716,T,281.08,100,281.55,200,IBM
2025-10-01,9:35:36.941756832,T,281.03,100,281.55,200,IBM
2025-10-01,9:35:36.941776890,T,281.03,100,281.47,100,IBM
2025-10-01,9:35:36.941781902,T,281.03,100,281.44,100,IBM
2025-10-01,9:35:36.941831959,T,281.03,100,281.41,100,IBM
2025-10-01,9:35:36.941882129,T,281.03,100,281.41,200,IBM
2025-10-01,9:35:36.941947291,T,281.03,100,281.41,100,IBM
2025-10-01,9:35:36.942157800,T,281.03,100,281.38,100,IBM
2025-10-01,9:35:36.943009798,T,281.03,100,281.38,200,IBM
2025-10-01,9:35:36.945470703,T,281.03,100,281.38,100,IBM
2025-10-01,9:35:36.951976159,T,281.03,100,281.38,200,IBM
2025-10-01,9:35:37.113836433,T,281.03,100,281.38,100,IBM
2025-10-01,9:35:40.064962204,T,281.03,100,281.43,100,IBM
2025-10-01,9:35:40.279032201,T,281.03,100,281.41,100,IBM
2025-10-01,9:35:40.279046794,T,281.03,100,281.43,100,IBM
2025-10-01,9:35:40.279051799,T,281.03,100,281.41,100,IBM
2025-10-01,9:35:40.279132006,T,280.77,200,281.41,100,IBM
2025-10-01,9:35:40.279172179,T,280.77,200,281.38,100,IBM
2025-10-01,9:35:40.279177160,T,280.77,200,281.31,100,IBM
2025-10-01,9:35:40.279212181,T,280.77,200,281.22,100,IBM
2025-10-01,9:35:40.285662591,T,280.59,100,281.22,100,IBM
2025-10-01,9:35:40.291115626,T,280.59,100,281.43,100,IBM
2025-10-01,9:35:41.529348561,T,280.59,100,281.44,100,IBM
2025-10-01,9:35:41.529348561,T,280.59,100,281.47,100,IBM
2025-10-01,9:35:44.986398733,T,280.59,100,281.44,100,IBM
2025-10-01,9:35:44.986418714,T,280.59,100,281.22,100,IBM
2025-10-01,9:35:44.986433892,T,280.59,100,281.47,100,IBM
2025-10-01,9:35:44.986438706,T,280.59,100,281.22,100,IBM
2025-10-01,9:35:44.986448683,T,280.59,100,281.21,100,IBM
2025-10-01,9:35:44.986463813,T,280.59,100,281.22,100,IBM
2025-10-01,9:35:44.986463813,T,280.59,100,281.44,100,IBM
2025-10-01,9:35:44.987591468,T,280.59,100,281.52,200,IBM
2025-10-01,9:35:45.022103630,T,280.59,100,281.47,100,IBM
2025-10-01,9:35:45.022113585,T,280.59,100,281.44,100,IBM
2025-10-01,9:35:45.086862761,T,280.59,100,281.23,100,IBM
2025-10-01,9:35:45.104615041,T,280.59,100,281.44,100,IBM
2025-10-01,9:35:45.104640150,T,280.59,100,281.47,100,IBM
2025-10-01,9:35:45.287575579,T,280.59,100,281.52,200,IBM
2025-10-01,9:35:47.218993615,T,280.59,100,281.18,100,IBM
2025-10-01,9:35:50.796220023,T,280.59,100,281.42,100,IBM
2025-10-01,9:35:50.796224686,T,280.59,100,281.44,100,IBM
2025-10-01,9:35:51.507573174,T,280.59,100,281.42,100,IBM
2025-10-01,9:35:51.796646495,T,280.59,100,281.18,100,IBM
2025-10-01,9:36:01.507028475,T,280.59,100,281.42,100,IBM
2025-10-01,9:36:01.507028475,T,280.59,100,281.44,100,IBM
2025-10-01,9:36:01.507103692,T,280.63,100,281.44,100,IBM
2025-10-01,9:36:01.507108729,T,280.69,100,281.44,100,IBM
2025-10-01,9:36:01.507173835,T,280.91,100,281.44,100,IBM
2025-10-01,9:36:01.507238960,T,280.91,100,281.52,200,IBM
2025-10-01,9:36:01.507434454,T,280.96,100,281.52,200,IBM
2025-10-01,9:36:01.507810359,T,280.91,100,281.52,200,IBM
2025-10-01,9:36:01.511233512,T,280.91,200,281.52,200,IBM
2025-10-01,9:36:01.511754785,T,280.91,100,281.52,200,IBM
2025-10-01,9:36:02.507480418,T,280.83,100,281.52,200,IBM
2025-10-01,9:36:02.507505473,T,280.63,100,281.52,200,IBM
2025-10-01,9:36:03.507110004,T,280.83,100,281.52,200,IBM
2025-10-01,9:36:03.507250616,T,280.98,100,281.52,200,IBM
2025-10-01,9:36:03.507255325,T,281.13,100,281.52,200,IBM
2025-10-01,9:36:03.507515918,T,280.99,100,281.52,200,IBM
2025-10-01,9:36:03.507515918,T,281.14,100,281.52,200,IBM
2025-10-01,9:36:03.508222615,T,280.99,100,281.52,200,IBM
2025-10-01,9:36:03.510763890,T,280.99,100,281.92,100,IBM
2025-10-01,9:36:03.510763890,T,280.99,100,281.8,200,IBM
2025-10-01,9:36:03.516146482,T,280.83,100,281.8,200,IBM
2025-10-01,9:36:03.533177036,T,280.74,100,281.8,200,IBM
2025-10-01,9:36:03.533202145,T,280.63,100,281.8,200,IBM
2025-10-01,9:36:03.533202145,T,280.62,100,281.8,200,IBM
2025-10-01,9:36:03.533237207,T,280.63,100,281.8,200,IBM
2025-10-01,9:36:03.607243396,T,280.62,100,281.8,200,IBM
2025-10-01,9:36:03.607263455,T,280.59,100,281.8,200,IBM
2025-10-01,9:36:03.607298473,T,280.62,100,281.8,200,IBM
2025-10-01,9:36:05.633326781,T,280.71,200,281.8,200,IBM
2025-10-01,9:36:05.674083885,T,280.72,600,281.8,200,IBM
2025-10-01,9:36:08.835775695,T,280.9,200,281.8,200,IBM
2025-10-01,9:36:09.190074138,T,280.9,200,281.8,300,IBM
2025-10-01,9:36:12.163086894,T,280.9,200,281.78,100,IBM
2025-10-01,9:36:12.163096936,T,280.9,300,281.78,100,IBM
2025-10-01,9:36:12.194892581,T,280.9,300,281.8,300,IBM
2025-10-01,9:36:22.033048913,T,280.9,200,281.8,300,IBM
2025-10-01,9:36:22.887297579,T,281.07,100,281.8,300,IBM
2025-10-01,9:36:24.967650241,T,281.07,100,281.78,100,IBM
2025-10-01,9:36:38.357772541,T,281.11,100,281.78,100,IBM
2025-10-01,9:36:44.064949447,T,280.9,200,281.78,100,IBM
2025-10-01,9:37:01.850340287,T,280.9,200,281.44,100,IBM
2025-10-01,9:37:02.021217074,T,280.9,200,281.78,100,IBM
2025-10-01,9:37:02.243761845,T,280.9,200,281.8,200,IBM
2025-10-01,9:37:02.243796961,T,280.9,200,281.78,100,IBM
2025-10-01,9:37:02.804692233,T,280.9,200,281.73,100,IBM
2025-10-01,9:37:02.804707297,T,280.9,200,281.54,100,IBM
2025-10-01,9:37:02.804712515,T,280.9,200,281.47,100,IBM
2025-10-01,9:37:02.804732314,T,280.9,200,281.44,100,IBM
2025-10-01,9:37:02.804912730,T,280.9,200,281.43,100,IBM
2025-10-01,9:37:02.804927786,T,280.9,200,281.44,100,IBM
2025-10-01,9:37:02.804942858,T,280.9,200,281.43,100,IBM
2025-10-01,9:37:02.805013688,T,280.9,200,281.47,100,IBM
2025-10-01,9:37:02.805018050,T,280.9,200,281.44,100,IBM
2025-10-01,9:37:02.805168589,T,280.9,200,281.47,100,IBM
2025-10-01,9:37:02.805253625,T,280.9,300,281.47,100,IBM
2025-10-01,9:37:02.805278694,T,280.9,200,281.47,100,IBM
2025-10-01,9:37:02.805303724,T,280.9,200,281.44,100,IBM
2025-10-01,9:37:02.805474113,T,280.9,200,281.43,100,IBM
2025-10-01,9:37:02.807519025,T,280.72,600,281.43,100,IBM
2025-10-01,9:37:02.807529010,T,280.75,200,281.43,100,IBM
2025-10-01,9:37:02.817237160,T,280.75,200,281.47,100,IBM
2025-10-01,9:37:02.817653080,T,280.75,200,281.43,100,IBM
2025-10-01,9:37:02.904710385,T,280.75,200,281.47,100,IBM
2025-10-01,9:37:02.904935870,T,280.75,200,281.47,200,IBM
2025-10-01,9:37:03.129966580,T,280.75,200,281.47,100,IBM
2025-10-01,9:37:03.130387648,T,280.75,200,281.47,200,IBM
2025-10-01,9:37:03.457285868,T,280.75,200,281.47,100,IBM
2025-10-01,9:37:03.457701872,T,280.75,200,281.54,100,IBM
2025-10-01,9:37:06.013726991,T,280.75,200,281.64,200,IBM
2025-10-01,9:37:06.013762058,T,280.75,200,281.54,100,IBM
2025-10-01,9:37:18.007469935,T,280.75,200,281.44,100,IBM
2025-10-01,9:37:18.148094735,T,280.75,200,281.34,100,IBM
2025-10-01,9:37:18.501621319,T,280.75,200,281.3,100,IBM
2025-10-01,9:37:18.501621319,T,280.75,200,281.29,100,IBM
2025-10-01,9:37:18.502548562,T,280.75,200,281.34,100,IBM
2025-10-01,9:37:18.507976515,T,280.75,200,281.29,100,IBM
2025-10-01,9:37:18.601659435,T,280.75,200,281.34,100,IBM
2025-10-01,9:37:20.007536382,T,280.75,200,281.47,100,IBM
2025-10-01,9:37:20.380173566,T,280.75,200,281.54,100,IBM
2025-10-01,9:37:20.381842480,T,280.75,200,281.47,100,IBM
2025-10-01,9:37:20.397329376,T,280.75,200,281.54,100,IBM
2025-10-01,9:37:21.020738551,T,280.75,200,281.44,100,IBM
2025-10-01,9:37:21.828972636,T,280.75,200,281.34,100,IBM
2025-10-01,9:37:23.020699746,T,280.75,200,281.47,100,IBM
2025-10-01,9:37:23.020729830,T,280.75,200,281.54,100,IBM
2025-10-01,9:37:23.687963297,T,280.75,200,281.47,100,IBM
2025-10-01,9:37:23.687968237,T,280.75,200,281.44,100,IBM
2025-10-01,9:37:23.688003361,T,280.75,200,281.34,100,IBM
2025-10-01,9:37:23.688314100,T,280.75,200,281.44,100,IBM
2025-10-01,9:37:23.688705001,T,280.75,200,281.47,100,IBM
2025-10-01,9:37:23.768675421,T,280.75,200,281.44,100,IBM
2025-10-01,9:37:25.026509921,T,280.75,200,281.47,100,IBM
2025-10-01,9:37:25.039571080,T,280.75,200,281.34,100,IBM
2025-10-01,9:37:29.428745130,T,280.75,200,281.47,100,IBM
2025-10-01,9:37:29.428785191,T,280.75,200,281.29,100,IBM
2025-10-01,9:37:37.904307453,T,281.0,100,281.29,100,IBM
2025-10-01,9:37:38.187872590,T,281.0,100,281.47,100,IBM
2025-10-01,9:37:38.188504144,T,281.0,200,281.47,100,IBM
2025-10-01,9:37:38.192238004,T,281.0,100,281.47,100,IBM
2025-10-01,9:37:38.213488595,T,281.0,200,281.47,100,IBM
2025-10-01,9:37:38.213523686,T,281.01,100,281.47,100,IBM
2025-10-01,9:37:38.213764186,T,281.01,200,281.47,100,IBM
2025-10-01,9:37:38.216515777,T,281.01,100,281.47,100,IBM
2025-10-01,9:37:38.216520814,T,281.01,200,281.47,100,IBM
2025-10-01,9:37:38.217869033,T,281.01,200,281.5,200,IBM
2025-10-01,9:37:38.217919155,T,281.09,100,281.5,200,IBM
2025-10-01,9:37:38.218149646,T,281.04,100,281.5,200,IBM
2025-10-01,9:37:38.218149646,T,281.0,100,281.5,200,IBM
2025-10-01,9:37:38.218370184,T,281.04,100,281.5,200,IBM
2025-10-01,9:37:38.220610576,T,281.04,100,281.8,100,IBM
2025-10-01,9:37:38.220615521,T,281.04,100,281.68,200,IBM
2025-10-01,9:37:38.460336213,T,281.04,200,281.68,200,IBM
2025-10-01,9:37:38.460561775,T,281.04,100,281.68,200,IBM
2025-10-01,9:38:26.788393585,T,281.04,200,281.68,200,IBM
2025-10-01,9:38:26.788428805,T,281.12,100,281.68,200,IBM
2025-10-01,9:38:26.788478826,T,281.17,100,281.68,200,IBM
2025-10-01,9:38:26.788483769,T,281.04,200,281.68,200,IBM
2025-10-01,9:38:26.788483769,T,281.27,100,281.68,200,IBM
2025-10-01,9:38:26.788904788,T,281.27,200,281.68,200,IBM
2025-10-01,9:38:26.789045201,T,281.27,300,281.68,200,IBM
2025-10-01,9:38:26.789080281,T,281.28,100,281.68,200,IBM
2025-10-01,9:38:26.789300798,T,281.28,200,281.68,200,IBM
2025-10-01,9:38:26.792874298,T,281.28,100,281.68,200,IBM
2025-10-01,9:38:26.899899065,T,281.28,200,281.68,200,IBM
2025-10-01,9:38:26.900119622,T,281.28,100,281.68,200,IBM
2025-10-01,9:38:26.900706019,T,281.28,200,281.68,200,IBM
2025-10-01,9:38:28.058397157,T,281.28,100,281.68,200,IBM
2025-10-01,9:38:28.791046297,T,281.0,100,281.68,200,IBM
2025-10-01,9:38:32.117836350,T,281.0,100,281.68,300,IBM
2025-10-01,9:38:32.118157064,T,281.0,100,281.68,200,IBM
2025-10-01,9:38:32.405862006,T,281.0,100,281.68,300,IBM
2025-10-01,9:38:32.405912117,T,281.0,100,281.54,100,IBM
2025-10-01,9:38:32.409911745,T,281.0,100,281.68,300,IBM
2025-10-01,9:38:32.418507085,T,281.0,100,281.54,100,IBM
2025-10-01,9:38:32.419143623,T,281.04,100,281.54,100,IBM
2025-10-01,9:38:32.419449370,T,281.04,100,281.54,200,IBM
2025-10-01,9:38:32.518876082,T,281.04,100,281.54,100,IBM
2025-10-01,9:38:32.714221049,T,281.04,100,281.68,300,IBM
2025-10-01,9:38:33.150870675,T,281.04,100,281.54,100,IBM
2025-10-01,9:38:33.151296564,T,281.04,100,281.54,200,IBM
2025-10-01,9:38:34.670533446,T,281.04,100,281.54,100,IBM
2025-10-01,9:38:35.604802598,T,281.04,100,281.68,200,IBM
2025-10-01,9:38:35.605013138,T,281.04,100,281.68,300,IBM
2025-10-01,9:38:47.590696992,T,281.04,100,281.68,400,IBM
2025-10-01,9:38:47.994292792,T,281.0,100,281.68,400,IBM
2025-10-01,9:38:47.994313081,T,281.2,100,281.68,400,IBM
2025-10-01,9:38:52.152356790,T,281.2,100,281.68,300,IBM
2025-10-01,9:38:52.194046059,T,281.2,100,281.68,200,IBM
2025-10-01,9:38:52.194051121,T,281.0,100,281.68,200,IBM
2025-10-01,9:38:52.194056046,T,281.01,100,281.68,200,IBM
2025-10-01,9:38:52.194061062,T,281.21,100,281.68,200,IBM
2025-10-01,9:38:52.194076174,T,281.43,100,281.68,200,IBM
2025-10-01,9:38:52.194101164,T,281.21,100,281.68,200,IBM
2025-10-01,9:38:52.194136257,T,281.04,100,281.68,200,IBM
2025-10-01,9:38:52.194161276,T,281.21,100,281.68,200,IBM
2025-10-01,9:38:52.194196391,T,281.23,100,281.68,200,IBM
2025-10-01,9:38:52.194196391,T,281.21,100,281.68,200,IBM
2025-10-01,9:38:52.194652457,T,281.01,100,281.68,200,IBM
2025-10-01,9:38:52.194677552,T,281.0,200,281.68,200,IBM
2025-10-01,9:38:52.194707574,T,281.01,100,281.68,200,IBM
2025-10-01,9:38:52.194858014,T,281.01,100,282.0,100,IBM
2025-10-01,9:38:52.194863012,T,281.01,100,281.81,200,IBM
2025-10-01,9:38:52.195053417,T,281.0,200,281.81,200,IBM
2025-10-01,9:38:52.195078548,T,281.0,100,281.81,200,IBM
2025-10-01,9:38:52.203318178,T,281.03,100,281.81,200,IBM
2025-10-01,9:38:52.203323120,T,281.22,100,281.81,200,IBM
2025-10-01,9:38:52.203328129,T,281.32,100,281.81,200,IBM
2025-10-01,9:38:52.203588899,T,281.38,100,281.81,200,IBM
2025-10-01,9:38:52.203744184,T,281.21,100,281.81,200,IBM
2025-10-01,9:38:52.207924100,T,281.06,100,281.81,200,IBM
2025-10-01,9:38:52.215256590,T,281.03,100,281.81,200,IBM
2025-10-01,9:38:52.294289671,T,281.0,100,281.81,200,IBM
2025-10-01,9:38:54.912282218,T,281.06,200,281.81,200,IBM
2025-10-01,9:38:54.912282218,T,281.06,200,282.0,100,IBM
2025-10-01,9:38:54.912292275,T,281.06,200,281.95,200,IBM
2025-10-01,9:38:57.528004295,T,281.13,100,281.95,200,IBM
2025-10-01,9:38:57.528430333,T,281.06,300,281.95,200,IBM
2025-10-01,9:38:57.528435399,T,281.13,100,281.95,200,IBM
2025-10-01,9:38:57.528460386,T,281.48,100,281.95,200,IBM
2025-10-01,9:38:57.529117011,T,281.48,200,281.95,200,IBM
2025-10-01,9:38:57.529583068,T,281.48,200,282.0,100,IBM
2025-10-01,9:38:57.529708402,T,281.48,200,281.82,100,IBM
2025-10-01,9:38:57.529733490,T,281.48,200,281.9,100,IBM
2025-10-01,9:38:57.529758456,T,281.48,200,281.92,100,IBM
2025-10-01,9:38:57.529918870,T,281.48,200,282.09,200,IBM
2025-10-01,9:38:57.530234661,T,281.48,100,282.09,200,IBM
2025-10-01,9:38:57.540398797,T,281.21,100,282.09,200,IBM
2025-10-01,9:38:57.545716546,T,281.17,100,282.09,200,IBM
2025-10-01,9:38:57.668448716,T,281.06,300,282.09,200,IBM
2025-10-01,9:38:58.528851883,T,281.06,300,282.0,100,IBM
2025-10-01,9:38:59.545978460,T,281.06,200,282.0,100,IBM
2025-10-01,9:38:59.546013548,T,281.06,200,281.92,100,IBM
2025-10-01,9:38:59.546028588,T,281.06,200,281.88,100,IBM
2025-10-01,9:38:59.546279155,T,281.06,200,281.87,100,IBM
2025-10-01,9:38:59.546479648,T,281.06,300,281.87,100,IBM
2025-10-01,9:38:59.546499722,T,281.06,300,281.92,100,IBM
2025-10-01,9:38:59.553496375,T,281.21,100,281.92,100,IBM
2025-10-01,9:38:59.566722865,T,281.21,100,282.0,100,IBM
2025-10-01,9:39:00.123057365,T,281.06,300,282.0,100,IBM
2025-10-01,9:39:00.354257725,T,281.17,100,282.0,100,IBM
2025-10-01,9:39:00.354884219,T,281.06,300,282.0,100,IBM
2025-10-01,9:39:00.354884219,T,281.17,100,282.0,100,IBM
2025-10-01,9:39:00.354889281,T,281.17,100,282.01,100,IBM
2025-10-01,9:39:00.354914303,T,281.48,100,282.01,100,IBM
2025-10-01,9:39:00.355450615,T,281.48,100,282.09,200,IBM
2025-10-01,9:39:00.355485700,T,281.48,100,282.09,300,IBM
2025-10-01,9:39:00.364030986,T,281.53,100,282.09,300,IBM
2025-10-01,9:39:00.364061055,T,281.53,100,282.09,200,IBM
2025-10-01,9:39:00.364166309,T,281.66,100,282.09,200,IBM
2025-10-01,9:39:00.364181402,T,281.68,100,282.09,200,IBM
2025-10-01,9:39:00.366025801,T,281.68,100,282.2,100,IBM
2025-10-01,9:39:00.366852713,T,281.66,100,282.2,100,IBM
2025-10-01,9:39:00.367073475,T,281.66,200,282.2,100,IBM
2025-10-01,9:39:00.368080714,T,281.66,100,282.2,100,IBM
2025-10-01,9:39:00.674805836,T,281.17,100,282.2,100,IBM
2025-10-01,9:39:00.675041403,T,281.28,100,282.2,100,IBM
2025-10-01,9:39:02.371685490,T,281.28,100,282.16,100,IBM
2025-10-01,9:39:02.522965523,T,281.17,100,282.16,100,IBM
2025-10-01,9:39:02.522970674,T,281.13,100,282.16,100,IBM
2025-10-01,9:39:03.449576561,T,281.22,100,282.16,100,IBM
2025-10-01,9:39:04.024610720,T,281.13,100,282.16,100,IBM
2025-10-01,9:39:04.557995270,T,281.25,200,282.16,100,IBM
2025-10-01,9:39:06.624555037,T,281.69,100,282.16,100,IBM
2025-10-01,9:39:06.624770539,T,281.69,200,282.16,100,IBM
2025-10-01,9:39:06.771605123,T,281.69,100,282.16,100,IBM
2025-10-01,9:39:08.468725389,T,281.69,100,282.2,100,IBM
2025-10-01,9:39:09.469382596,T,281.69,100,282.16,100,IBM
2025-10-01,9:39:12.173044166,T,281.69,100,282.0,100,IBM
2025-10-01,9:39:13.266261698,T,281.69,100,282.16,100,IBM
2025-10-01,9:39:17.406794069,T,281.7,100,282.16,100,IBM
2025-10-01,9:39:21.957297273,T,281.69,100,282.16,100,IBM
2025-10-01,9:39:38.953734557,T,281.4,200,282.16,100,IBM
2025-10-01,9:39:44.501828139,T,281.17,100,282.16,100,IBM
2025-10-01,9:39:44.501828139,T,281.54,200,282.16,100,IBM
2025-10-01,9:39:46.252550657,T,281.54,200,282.0,100,IBM
2025-10-01,9:39:46.252981787,T,281.54,200,282.11,100,IBM
2025-10-01,9:39:46.253242370,T,281.54,200,282.16,100,IBM
2025-10-01,9:39:46.253688398,T,281.54,200,282.11,100,IBM
2025-10-01,9:39:46.265626804,T,281.54,200,282.16,100,IBM
2025-10-01,9:39:50.535336498,T,281.67,100,282.16,100,IBM
2025-10-01,9:39:56.314304212,T,281.54,200,282.16,100,IBM
2025-10-01,9:39:56.314344258,T,281.76,100,282.16,100,IBM
2025-10-01,9:39:58.571999006,T,281.76,100,282.11,100,IBM
2025-10-01,9:39:58.572625523,T,281.54,200,282.11,100,IBM
2025-10-01,9:39:58.572645755,T,281.54,200,281.76,100,IBM
2025-10-01,9:39:58.572680701,T,281.54,200,281.87,100,IBM
2025-10-01,9:39:58.572720664,T,281.54,200,282.09,100,IBM
2025-10-01,9:39:58.572750821,T,281.54,200,282.11,100,IBM
2025-10-01,9:39:58.572770823,T,281.54,200,282.16,100,IBM
2025-10-01,9:39:58.573231898,T,281.54,200,282.0,100,IBM
2025-10-01,9:39:58.574575184,T,281.54,200,282.16,100,IBM
2025-10-01,9:39:58.575943338,T,281.17,100,282.16,100,IBM
2025-10-01,9:39:58.575953429,T,281.34,200,282.16,100,IBM
2025-10-01,9:39:58.584012561,T,281.34,200,282.0,100,IBM
2025-10-01,9:39:58.584804530,T,281.34,200,282.09,100,IBM
2025-10-01,9:39:58.584874676,T,281.34,200,282.16,100,IBM
2025-10-01,9:39:58.592382490,T,281.34,200,282.0,100,IBM
2025-10-01,9:39:58.594798272,T,281.34,200,282.16,100,IBM
2025-10-01,9:39:58.600271293,T,281.35,100,282.16,100,IBM
2025-10-01,9:39:58.605739285,T,281.34,200,282.16,100,IBM
2025-10-01,9:39:58.896842341,T,281.34,200,282.18,100,IBM
2025-10-01,9:39:58.896867475,T,281.34,300,282.18,100,IBM
2025-10-01,9:39:58.896872463,T,281.45,100,282.18,100,IBM
2025-10-01,9:39:58.896882462,T,281.48,100,282.18,100,IBM
2025-10-01,9:39:58.896922566,T,281.45,100,282.18,100,IBM
2025-10-01,9:39:58.898501356,T,281.35,100,282.18,100,IBM
2025-10-01,9:39:58.954710090,T,281.34,300,282.18,100,IBM
2025-10-01,9:39:58.998153531,T,281.34,200,282.18,100,IBM
2025-10-01,9:39:59.595420393,T,281.34,200,282.16,100,IBM
2025-10-01,9:40:01.595376654,T,281.34,200,282.18,100,IBM
2025-10-01,9:40:02.622186240,T,281.34,200,282.16,100,IBM
2025-10-01,9:40:02.944759096,T,281.34,200,282.11,200,IBM
2025-10-01,9:40:03.337268571,T,281.34,200,281.84,100,IBM
2025-10-01,9:40:04.417169456,T,281.34,200,281.84,200,IBM
2025-10-01,9:40:04.746157738,T,281.34,200,281.84,300,IBM
2025-10-01,9:40:04.746157738,T,281.34,200,281.83,100,IBM
2025-10-01,9:40:04.746363241,T,281.55,100,281.83,100,IBM
2025-10-01,9:40:04.747049837,T,281.55,100,281.83,200,IBM
2025-10-01,9:40:04.758076096,T,281.55,100,281.83,100,IBM
2025-10-01,9:40:05.078559032,T,281.56,100,281.83,100,IBM
2025-10-01,9:40:06.789762752,T,281.56,100,281.84,100,IBM
2025-10-01,9:40:06.791471798,T,281.56,100,282.09,100,IBM
2025-10-01,9:40:07.831302318,T,281.56,100,282.11,300,IBM
2025-10-01,9:40:10.473276951,T,281.59,100,282.11,300,IBM
2025-10-01,9:40:12.929068542,T,281.59,100,282.11,200,IBM
2025-10-01,9:40:12.929068542,T,281.83,100,282.11,200,IBM
2025-10-01,9:40:12.929093712,T,281.84,100,282.11,200,IBM
2025-10-01,9:40:12.929098362,T,281.71,100,282.11,200,IBM
2025-10-01,9:40:12.929103435,T,281.59,100,282.11,200,IBM
2025-10-01,9:40:12.929148534,T,281.48,100,282.11,200,IBM
2025-10-01,9:40:12.929223667,T,281.56,100,282.11,200,IBM
2025-10-01,9:40:12.929253715,T,281.59,100,282.11,200,IBM
2025-10-01,9:40:12.929283824,T,281.6,100,282.11,200,IBM
2025-10-01,9:40:12.929499385,T,281.6,100,282.11,300,IBM
2025-10-01,9:40:12.930261170,T,281.59,100,282.11,300,IBM
2025-10-01,9:40:12.930271216,T,281.48,100,282.11,300,IBM
2025-10-01,9:40:13.035957754,T,281.34,300,282.11,300,IBM
2025-10-01,9:40:13.035982790,T,281.34,200,282.11,300,IBM
2025-10-01,9:40:13.767860135,T,281.34,200,282.09,100,IBM
2025-10-01,9:40:14.931765963,T,281.34,200,282.03,100,IBM
2025-10-01,9:40:22.782440762,T,281.34,200,282.09,100,IBM
2025-10-01,9:40:22.782475814,T,281.34,200,282.03,100,IBM
2025-10-01,9:40:22.782500843,T,281.59,100,282.03,100,IBM
2025-10-01,9:40:22.782500843,T,281.6,100,282.03,100,IBM
2025-10-01,9:40:22.782896880,T,281.65,100,282.03,100,IBM
2025-10-01,9:40:22.783122402,T,281.65,100,282.08,100,IBM
2025-10-01,9:40:22.783157468,T,281.6,100,282.08,100,IBM
2025-10-01,9:40:22.783282724,T,281.35,100,282.08,100,IBM
2025-10-01,9:40:22.783282724,T,281.59,100,282.08,100,IBM
2025-10-01,9:40:22.783292815,T,281.59,100,282.09,100,IBM
2025-10-01,9:40:22.783377954,T,281.6,100,282.09,100,IBM
2025-10-01,9:40:22.783468182,T,281.59,100,282.09,100,IBM
2025-10-01,9:40:22.783984383,T,281.6,100,282.09,100,IBM
2025-10-01,9:40:22.783994776,T,281.48,100,282.09,100,IBM
2025-10-01,9:40:22.783994776,T,281.6,100,282.09,100,IBM
2025-10-01,9:40:22.783999472,T,281.65,100,282.09,100,IBM
2025-10-01,9:40:22.784009478,T,281.65,100,282.11,200,IBM
2025-10-01,9:40:22.784029532,T,281.74,100,282.11,200,IBM
2025-10-01,9:40:22.784034477,T,281.6,100,282.11,200,IBM
2025-10-01,9:40:22.784039510,T,281.74,100,282.11,200,IBM
2025-10-01,9:40:22.784044897,T,281.92,100,282.11,200,IBM
2025-10-01,9:40:22.785939071,T,282.0,100,282.11,200,IBM
2025-10-01,9:40:22.791201606,T,282.0,100,282.2,100,IBM
2025-10-01,9:40:22.892322360,T,282.0,100,282.31,100,IBM
2025-10-01,9:40:22.892522805,T,282.0,200,282.31,100,IBM
2025-10-01,9:40:22.892577879,T,282.0,200,282.39,200,IBM
2025-10-01,9:40:22.892923723,T,282.0,300,282.39,200,IBM
2025-10-01,9:40:22.893109224,T,282.0,200,282.39,200,IBM
2025-10-01,9:40:22.902541596,T,282.0,100,282.39,200,IBM
2025-10-01,9:40:22.904972394,T,282.0,100,283.01,100,IBM
2025-10-01,9:40:22.904977407,T,282.0,100,282.52,200,IBM
2025-10-01,9:40:24.474067965,T,282.09,100,282.52,200,IBM
2025-10-01,9:40:24.474133148,T,282.11,100,282.52,200,IBM
2025-10-01,9:40:24.475110465,T,282.09,100,282.52,200,IBM
2025-10-01,9:40:24.574055979,T,282.0,100,282.52,200,IBM
2025-10-01,9:40:25.089503407,T,282.0,200,282.52,200,IBM
2025-10-01,9:40:25.089593662,T,282.09,100,282.52,200,IBM
2025-10-01,9:40:25.089643433,T,282.11,100,282.52,200,IBM
2025-10-01,9:40:25.089663434,T,282.22,100,282.52,200,IBM
2025-10-01,9:40:25.089808851,T,282.12,100,282.52,200,IBM
2025-10-01,9:40:25.089899064,T,282.0,100,282.52,200,IBM
2025-10-01,9:40:25.092951314,T,282.0,100,282.77,100,IBM
2025-10-01,9:40:25.092961375,T,282.0,100,282.71,200,IBM
2025-10-01,9:40:25.375874814,T,282.0,100,282.71,300,IBM
2025-10-01,9:40:25.375909936,T,282.0,100,282.67,100,IBM
2025-10-01,9:40:25.376035180,T,282.0,100,282.52,100,IBM
2025-10-01,9:40:25.376105375,T,282.0,100,282.45,100,IBM
2025-10-01,9:40:25.387978605,T,282.0,100,282.57,200,IBM
2025-10-01,9:40:27.285335566,T,282.0,200,282.57,200,IBM
2025-10-01,9:40:27.285345710,T,282.04,100,282.57,200,IBM
2025-10-01,9:40:27.285370677,T,282.16,100,282.57,200,IBM
2025-10-01,9:40:27.287089682,T,282.45,100,282.57,200,IBM
2025-10-01,9:40:27.287114833,T,282.16,100,282.57,200,IBM
2025-10-01,9:40:27.287124860,T,282.45,100,282.57,200,IBM
2025-10-01,9:40:27.287129802,T,282.16,100,282.57,200,IBM
2025-10-01,9:40:27.287134792,T,282.0,100,282.57,200,IBM
2025-10-01,9:40:27.287896681,T,282.0,100,283.01,100,IBM
2025-10-01,9:40:27.287906640,T,282.0,100,282.74,200,IBM
2025-10-01,9:40:27.553914979,T,282.0,100,282.74,300,IBM
2025-10-01,9:40:27.553944975,T,282.0,100,282.74,200,IBM
2025-10-01,9:40:27.553944975,T,282.0,100,282.74,300,IBM
2025-10-01,9:40:28.103367939,T,282.0,100,282.67,100,IBM
2025-10-01,9:40:28.534103411,T,282.0,100,282.49,100,IBM
2025-10-01,9:40:28.850180909,T,281.69,200,282.49,100,IBM
2025-10-01,9:40:33.428615661,T,281.69,200,282.49,200,IBM
2025-10-01,9:40:33.565336058,T,281.69,200,282.49,100,IBM
2025-10-01,9:40:35.624603423,T,281.69,200,282.49,200,IBM
2025-10-01,9:40:36.676728100,T,281.69,200,282.43,100,IBM
2025-10-01,9:40:36.677149102,T,281.69,200,282.43,200,IBM
2025-10-01,9:40:36.677359599,T,281.69,200,282.43,300,IBM
2025-10-01,9:40:36.683328857,T,281.69,200,282.42,100,IBM
2025-10-01,9:40:36.688180385,T,281.69,200,282.42,200,IBM
2025-10-01,9:40:36.688601364,T,281.69,200,282.42,300,IBM
2025-10-01,9:40:36.688646519,T,281.69,200,282.42,200,IBM
2025-10-01,9:40:36.710318142,T,281.69,200,282.42,100,IBM
2025-10-01,9:40:36.710338186,T,281.69,200,282.43,100,IBM
2025-10-01,9:40:36.710348180,T,281.69,200,282.42,100,IBM
2025-10-01,9:40:36.710493574,T,281.69,200,282.43,100,IBM
2025-10-01,9:40:36.710864439,T,281.69,200,282.42,100,IBM
2025-10-01,9:40:36.711982088,T,281.69,200,282.35,100,IBM
2025-10-01,9:40:36.712142467,T,281.69,200,282.42,100,IBM
2025-10-01,9:40:36.715214818,T,281.22,100,282.42,100,IBM
2025-10-01,9:40:36.715219764,T,281.4,200,282.42,100,IBM
2025-10-01,9:40:36.715224825,T,281.4,200,282.39,200,IBM
2025-10-01,9:40:36.722046012,T,281.4,200,282.39,300,IBM
2025-10-01,9:40:36.722256528,T,281.4,200,282.39,400,IBM
2025-10-01,9:40:36.860194934,T,281.25,100,282.39,400,IBM
2025-10-01,9:40:36.860204902,T,281.58,200,282.39,400,IBM
2025-10-01,9:40:37.534976436,T,281.58,200,282.25,100,IBM
2025-10-01,9:40:37.535793345,T,281.58,200,282.25,200,IBM
2025-10-01,9:40:37.536023914,T,281.58,200,282.25,300,IBM
2025-10-01,9:40:39.352553415,T,281.58,200,282.25,400,IBM
2025-10-01,9:40:39.353320310,T,281.58,200,282.13,100,IBM
2025-10-01,9:40:39.353335357,T,281.58,200,281.99,100,IBM
2025-10-01,9:40:39.353430596,T,281.21,100,281.99,100,IBM
2025-10-01,9:40:39.353480694,T,281.39,200,281.99,100,IBM
2025-10-01,9:40:39.353821446,T,281.39,200,282.13,100,IBM
2025-10-01,9:40:39.353826447,T,281.39,200,281.99,100,IBM
2025-10-01,9:40:39.353856554,T,281.51,100,281.99,100,IBM
2025-10-01,9:40:39.353891630,T,281.51,100,281.98,100,IBM
2025-10-01,9:40:39.353931737,T,281.51,100,281.97,100,IBM
2025-10-01,9:40:39.354132203,T,281.51,200,281.97,100,IBM
2025-10-01,9:40:39.354167391,T,281.51,200,282.13,100,IBM
2025-10-01,9:40:39.354282598,T,281.51,200,281.99,100,IBM
2025-10-01,9:40:39.354292556,T,281.51,200,281.97,100,IBM
2025-10-01,9:40:39.373668705,T,281.51,200,281.97,200,IBM
2025-10-01,9:40:39.396282542,T,281.51,200,281.97,100,IBM
2025-10-01,9:40:39.396307599,T,281.51,200,282.25,100,IBM
2025-10-01,9:40:39.490020794,T,281.51,200,282.16,100,IBM
2025-10-01,9:40:40.915774966,T,281.51,200,281.92,100,IBM
2025-10-01,9:40:40.916200977,T,281.51,200,281.92,200,IBM
2025-10-01,9:40:43.576554370,T,281.51,200,281.92,100,IBM
2025-10-01,9:40:43.577150820,T,281.51,200,282.26,100,IBM
2025-10-01,9:40:57.470070105,T,281.51,200,282.39,300,IBM
2025-10-01,9:40:58.234404737,T,281.51,200,281.92,100,IBM
2025-10-01,9:40:58.235266810,T,281.51,200,281.84,100,IBM
2025-10-01,9:40:58.235687813,T,281.51,200,281.84,200,IBM
2025-10-01,9:40:59.417190681,T,281.52,100,281.84,200,IBM
2025-10-01,9:40:59.417195556,T,281.52,200,281.84,200,IBM
2025-10-01,9:41:00.240565786,T,281.52,200,281.83,100,IBM
2025-10-01,9:41:00.257716655,T,281.52,200,281.83,200,IBM
2025-10-01,9:41:00.414274327,T,281.52,100,281.83,200,IBM
2025-10-01,9:41:00.414299371,T,281.39,200,281.83,200,IBM
2025-10-01,9:41:00.414334521,T,281.39,200,281.83,300,IBM
2025-10-01,9:41:00.414349755,T,281.39,200,281.82,100,IBM
2025-10-01,9:41:00.414359631,T,281.39,200,281.83,300,IBM
2025-10-01,9:41:00.414359631,T,281.39,200,281.82,100,IBM
2025-10-01,9:41:00.414359631,T,281.39,200,281.77,100,IBM
2025-10-01,9:41:00.414379613,T,281.39,200,281.68,100,IBM
2025-10-01,9:41:00.414529929,T,281.06,100,281.68,100,IBM
2025-10-01,9:41:00.414540246,T,281.23,200,281.68,100,IBM
2025-10-01,9:41:00.415146466,T,281.23,200,281.68,200,IBM
2025-10-01,9:41:00.425521083,T,281.23,200,281.68,100,IBM
2025-10-01,9:41:00.426267923,T,281.23,200,281.69,100,IBM
2025-10-01,9:41:00.426287925,T,281.23,200,281.72,100,IBM
2025-10-01,9:41:00.440316306,T,281.23,200,281.82,100,IBM
2025-10-01,9:41:00.514949071,T,281.23,200,281.83,100,IBM
2025-10-01,9:41:05.763148086,T,280.73,100,281.83,100,IBM
2025-10-01,9:41:05.763153103,T,280.98,200,281.83,100,IBM
2025-10-01,9:41:15.597079262,T,280.98,200,281.63,100,IBM
2025-10-01,9:41:15.597289779,T,280.98,200,281.63,200,IBM
2025-10-01,9:41:15.597505233,T,280.98,200,281.63,300,IBM
2025-10-01,9:41:15.597575442,T,280.98,200,281.63,400,IBM
2025-10-01,9:41:15.597580660,T,280.98,200,281.52,100,IBM
2025-10-01,9:41:15.597580660,T,280.98,200,281.59,100,IBM
2025-10-01,9:41:15.597585446,T,280.98,200,281.46,100,IBM
2025-10-01,9:41:15.597590465,T,280.98,200,281.45,100,IBM
2025-10-01,9:41:15.602086139,T,280.98,200,281.46,100,IBM
2025-10-01,9:41:15.609513826,T,280.98,200,281.63,100,IBM
2025-10-01,9:41:16.076595804,T,280.98,200,281.45,100,IBM
2025-10-01,9:41:16.077016776,T,280.98,200,281.45,200,IBM
2025-10-01,9:41:16.077026782,T,280.98,200,281.45,300,IBM
2025-10-01,9:41:16.150566894,T,280.98,200,281.45,400,IBM
2025-10-01,9:41:20.600219933,T,280.72,600,281.45,400,IBM
2025-10-01,9:41:20.600224941,T,280.83,200,281.45,400,IBM
2025-10-01,9:41:20.621139736,T,280.83,200,281.43,100,IBM
2025-10-01,9:41:20.621625843,T,280.83,200,281.43,200,IBM
2025-10-01,9:41:20.622046879,T,280.83,200,281.43,300,IBM
2025-10-01,9:41:20.623294813,T,280.83,200,281.43,400,IBM
2025-10-01,9:41:20.663184809,T,280.83,200,281.43,300,IBM
2025-10-01,9:41:20.663410337,T,280.83,200,281.43,200,IBM
2025-10-01,9:41:20.663425419,T,280.83,200,281.43,100,IBM
2025-10-01,9:41:21.378592951,T,280.84,100,281.43,100,IBM
2025-10-01,9:41:21.378597955,T,281.06,100,281.43,100,IBM
2025-10-01,9:41:21.378618003,T,281.07,100,281.43,100,IBM
2025-10-01,9:41:21.378633055,T,281.07,100,281.42,100,IBM
2025-10-01,9:41:21.378648048,T,281.07,100,281.42,200,IBM
2025-10-01,9:41:21.378748394,T,281.06,100,281.42,200,IBM
2025-10-01,9:41:21.378858563,T,281.06,100,281.42,300,IBM
2025-10-01,9:41:21.379710639,T,281.03,100,281.42,300,IBM
2025-10-01,9:41:21.393693971,T,281.03,100,281.42,200,IBM
2025-10-01,9:41:21.393728973,T,281.04,100,281.42,200,IBM
2025-10-01,9:41:21.393754114,T,280.84,100,281.42,200,IBM
2025-10-01,9:41:21.393754114,T,281.04,100,281.42,200,IBM
2025-10-01,9:41:21.393759036,T,281.05,100,281.42,200,IBM
2025-10-01,9:41:21.393779084,T,281.04,100,281.42,200,IBM
2025-10-01,9:41:21.394641194,T,280.84,100,281.42,200,IBM
2025-10-01,9:41:21.395653645,T,280.84,100,281.42,100,IBM
2025-10-01,9:41:21.440209715,T,280.83,300,281.42,100,IBM
2025-10-01,9:41:21.479302734,T,280.83,200,281.42,100,IBM
2025-10-01,9:41:21.527412302,T,280.83,200,281.38,100,IBM
2025-10-01,9:41:21.527437271,T,280.83,200,281.38,200,IBM
2025-10-01,9:41:21.527632727,T,280.83,200,281.38,300,IBM
2025-10-01,9:41:21.527722977,T,280.83,200,281.37,100,IBM
2025-10-01,9:41:21.527848272,T,280.83,200,281.28,100,IBM
2025-10-01,9:41:21.531902993,T,280.83,200,281.28,200,IBM
2025-10-01,9:41:21.605197493,T,280.83,200,281.28,300,IBM
2025-10-01,9:41:21.948108739,T,280.83,200,281.28,200,IBM
2025-10-01,9:41:22.299871091,T,280.83,200,281.28,300,IBM
2025-10-01,9:41:22.300292134,T,280.83,200,281.28,200,IBM
2025-10-01,9:41:24.186953840,T,280.83,200,281.27,100,IBM
2025-10-01,9:41:24.186978937,T,280.83,200,281.27,200,IBM
2025-10-01,9:41:32.931767421,T,280.83,200,281.1,100,IBM
2025-10-01,9:41:32.931827232,T,280.83,200,281.27,100,IBM
2025-10-01,9:41:32.932253230,T,280.83,200,281.26,100,IBM
2025-10-01,9:41:32.933200585,T,280.72,600,281.26,100,IBM
2025-10-01,9:41:32.936297911,T,280.72,600,281.27,100,IBM
2025-10-01,9:41:33.198246537,T,280.72,600,281.27,200,IBM
2025-10-01,9:41:34.983185898,T,280.72,600,281.27,100,IBM
2025-10-01,9:41:34.990869171,T,280.72,600,281.44,100,IBM
2025-10-01,9:41:34.990899278,T,280.72,700,281.44,100,IBM
2025-10-01,9:41:34.990904233,T,281.12,100,281.44,100,IBM
2025-10-01,9:41:34.990919250,T,280.83,100,281.44,100,IBM
2025-10-01,9:41:34.990924263,T,281.12,100,281.44,100,IBM
2025-10-01,9:41:34.991039576,T,281.12,100,281.44,200,IBM
2025-10-01,9:41:34.994903741,T,281.0,100,281.44,200,IBM
2025-10-01,9:41:35.001404240,T,280.82,200,281.44,200,IBM
2025-10-01,9:41:35.006240897,T,280.82,200,281.31,100,IBM
2025-10-01,9:41:35.027716926,T,280.82,200,281.44,100,IBM
2025-10-01,9:41:35.027741961,T,280.83,100,281.44,100,IBM
2025-10-01,9:41:35.028313351,T,280.82,200,281.44,100,IBM
2025-10-01,9:41:35.028348357,T,280.82,300,281.44,100,IBM
2025-10-01,9:41:35.039680329,T,280.82,200,281.44,100,IBM
2025-10-01,9:41:40.854257743,T,280.82,200,281.44,200,IBM
2025-10-01,9:41:43.098455435,T,280.82,200,281.29,100,IBM
2025-10-01,9:41:43.098756105,T,280.89,100,281.29,100,IBM
2025-10-01,9:41:43.099222296,T,280.89,200,281.29,100,IBM
2025-10-01,9:41:43.099708377,T,280.89,200,281.44,100,IBM
2025-10-01,9:41:43.099974096,T,280.89,100,281.44,100,IBM
2025-10-01,9:41:43.099974096,T,281.03,100,281.44,100,IBM
2025-10-01,9:41:43.099999128,T,281.03,200,281.44,100,IBM
2025-10-01,9:41:43.100044190,T,281.03,100,281.44,100,IBM
2025-10-01,9:41:43.100044190,T,281.17,100,281.44,100,IBM
2025-10-01,9:41:43.100069336,T,281.17,200,281.44,100,IBM
2025-10-01,9:41:43.275246353,T,281.17,100,281.44,100,IBM
2025-10-01,9:41:43.275246353,T,281.18,100,281.44,100,IBM
2025-10-01,9:41:43.275271424,T,281.18,200,281.44,100,IBM
2025-10-01,9:41:43.338206270,T,281.18,100,281.44,100,IBM
2025-10-01,9:41:43.338211278,T,281.19,100,281.44,100,IBM
2025-10-01,9:41:43.338231397,T,281.19,200,281.44,100,IBM
2025-10-01,9:41:43.845739515,T,281.19,100,281.44,100,IBM
2025-10-01,9:41:43.845739515,T,281.2,100,281.44,100,IBM
2025-10-01,9:41:43.845759607,T,281.2,200,281.44,100,IBM
2025-10-01,9:41:44.295009014,T,281.2,100,281.44,100,IBM
2025-10-01,9:41:44.295029150,T,280.89,100,281.44,100,IBM
2025-10-01,9:41:44.295034110,T,280.83,100,281.44,100,IBM
2025-10-01,9:41:44.295044136,T,280.83,100,281.44,200,IBM
2025-10-01,9:41:44.295294787,T,280.82,200,281.44,200,IBM
2025-10-01,9:41:44.295319802,T,280.82,200,281.41,100,IBM
2025-10-01,9:41:44.295861061,T,280.82,200,281.44,200,IBM
2025-10-01,9:41:44.395332940,T,280.82,200,281.44,100,IBM
2025-10-01,9:41:49.765332013,T,280.82,200,281.44,200,IBM
2025-10-01,9:41:51.179949676,T,280.82,200,281.44,300,IBM
2025-10-01,9:41:53.636963963,T,280.82,200,281.44,200,IBM
2025-10-01,9:41:53.638292106,T,280.83,100,281.44,200,IBM
2025-10-01,9:41:53.650225569,T,280.82,200,281.44,200,IBM
2025-10-01,9:41:54.175049969,T,280.82,200,281.43,100,IBM
2025-10-01,9:41:55.329483220,T,280.83,100,281.43,100,IBM
2025-10-01,9:41:56.464690824,T,280.82,200,281.43,100,IBM
2025-10-01,9:41:59.246648651,T,280.83,100,281.43,100,IBM
2025-10-01,9:42:00.023553126,T,280.82,200,281.43,100,IBM
2025-10-01,9:42:21.782298297,T,280.82,200,281.56,100,IBM
2025-10-01,9:42:21.782338151,T,280.82,300,281.56,100,IBM
2025-10-01,9:42:21.782343077,T,280.9,100,281.56,100,IBM
2025-10-01,9:42:21.782353134,T,280.98,100,281.56,100,IBM
2025-10-01,9:42:21.782393292,T,280.89,100,281.56,100,IBM
2025-10-01,9:42:21.782393292,T,280.98,100,281.56,100,IBM
2025-10-01,9:42:21.783380727,T,280.91,100,281.56,100,IBM
2025-10-01,9:42:21.783405608,T,280.83,100,281.56,100,IBM
2025-10-01,9:42:21.783415642,T,280.89,100,281.56,100,IBM
2025-10-01,9:42:21.787851208,T,280.83,100,281.56,100,IBM
2025-10-01,9:42:21.787861217,T,280.91,100,281.56,100,IBM
2025-10-01,9:42:21.787876346,T,280.9,100,281.56,100,IBM
2025-10-01,9:42:21.793730239,T,280.89,100,281.56,100,IBM
2025-10-01,9:42:21.882501570,T,280.82,300,281.56,100,IBM
2025-10-01,9:42:21.882526610,T,280.82,200,281.56,100,IBM
2025-10-01,9:42:21.999134232,T,280.82,200,281.47,100,IBM
2025-10-01,9:42:35.595657886,T,280.82,200,281.43,200,IBM
2025-10-01,9:42:35.604318468,T,280.82,200,281.43,100,IBM
2025-10-01,9:42:49.414205305,T,280.82,200,281.43,200,IBM
2025-10-01,9:42:52.275246511,T,280.82,200,281.42,100,IBM
2025-10-01,9:42:52.276213781,T,280.82,300,281.42,100,IBM
2025-10-01,9:42:52.298045718,T,280.82,200,281.42,100,IBM
2025-10-01,9:42:52.998137383,T,280.82,200,281.43,100,IBM
2025-10-01,9:42:56.802058244,T,280.82,200,281.67,200,IBM
2025-10-01,9:42:56.802098386,T,280.82,200,281.51,100,IBM
2025-10-01,9:42:56.802609557,T,280.82,200,281.67,200,IBM
2025-10-01,9:42:56.802644694,T,280.82,200,281.51,100,IBM
2025-10-01,9:42:59.054209926,T,280.82,300,281.51,100,IBM
2025-10-01,9:43:02.599735554,T,280.82,300,281.42,100,IBM
2025-10-01,9:43:03.379161081,T,280.82,300,281.51,100,IBM
2025-10-01,9:43:12.776362537,T,280.82,300,281.42,100,IBM
2025-10-01,9:43:14.365931809,T,280.82,300,281.51,100,IBM
2025-10-01,9:43:18.758473790,T,280.82,300,281.51,200,IBM
2025-10-01,9:43:18.758478874,T,280.82,300,281.46,100,IBM
2025-10-01,9:43:18.767114388,T,280.82,300,281.51,100,IBM
2025-10-01,9:43:19.263060036,T,280.82,300,281.41,100,IBM
2025-10-01,9:43:19.340048328,T,280.82,300,281.41,200,IBM
2025-10-01,9:43:21.034391813,T,280.82,200,281.41,200,IBM
2025-10-01,9:43:21.034812886,T,280.82,200,281.41,100,IBM
2025-10-01,9:43:24.463871252,T,280.82,200,281.41,200,IBM
2025-10-01,9:43:39.876919231,T,280.82,300,281.41,200,IBM
2025-10-01,9:43:39.876924637,T,280.83,100,281.41,200,IBM
2025-10-01,9:43:39.876929263,T,280.95,100,281.41,200,IBM
2025-10-01,9:43:39.878467871,T,280.82,200,281.41,200,IBM
2025-10-01,9:43:39.887614643,T,280.82,300,281.41,200,IBM
2025-10-01,9:43:40.098897737,T,280.82,200,281.41,200,IBM
2025-10-01,9:43:40.322254570,T,280.82,300,281.41,200,IBM
2025-10-01,9:43:40.322470062,T,280.82,300,281.41,100,IBM
2025-10-01,9:43:41.151654128,T,280.82,200,281.41,100,IBM
2025-10-01,9:43:52.061020336,T,280.82,200,281.32,100,IBM
2025-10-01,9:43:52.070407686,T,280.82,200,281.32,200,IBM
2025-10-01,9:43:52.223196443,T,280.82,200,281.32,100,IBM
2025-10-01,9:43:52.243244178,T,280.72,600,281.32,100,IBM
2025-10-01,9:43:52.243434608,T,280.72,600,281.32,200,IBM
2025-10-01,9:43:52.243459907,T,280.72,700,281.32,200,IBM
2025-10-01,9:43:52.243464695,T,280.73,100,281.32,200,IBM
2025-10-01,9:43:52.243464695,T,280.76,100,281.32,200,IBM
2025-10-01,9:43:52.243469670,T,280.85,100,281.32,200,IBM
2025-10-01,9:43:52.243474753,T,280.86,100,281.32,200,IBM
2025-10-01,9:43:52.243539831,T,280.85,100,281.32,200,IBM
2025-10-01,9:43:52.243564945,T,280.84,100,281.32,200,IBM
2025-10-01,9:43:52.243569934,T,280.76,100,281.32,200,IBM
2025-10-01,9:43:52.243589933,T,280.73,100,281.32,200,IBM
2025-10-01,9:43:52.243594943,T,280.76,100,281.32,200,IBM
2025-10-01,9:43:52.243620073,T,280.85,100,281.32,200,IBM
2025-10-01,9:43:52.243650078,T,280.86,100,281.32,200,IBM
2025-10-01,9:43:52.243715252,T,280.85,100,281.32,200,IBM
2025-10-01,9:43:52.244020953,T,280.86,100,281.32,200,IBM
2025-10-01,9:43:52.252115319,T,280.76,100,281.32,200,IBM
2025-10-01,9:43:52.254069902,T,280.76,100,281.32,100,IBM
2025-10-01,9:43:52.254846795,T,280.76,100,281.32,200,IBM
2025-10-01,9:43:52.255553429,T,280.73,100,281.32,200,IBM
2025-10-01,9:43:52.343457707,T,280.72,600,281.32,200,IBM
2025-10-01,9:43:52.757939450,T,280.72,700,281.32,200,IBM
2025-10-01,9:43:52.954001253,T,280.72,600,281.32,200,IBM
2025-10-01,9:43:52.954422172,T,280.72,600,281.32,100,IBM
2025-10-01,9:43:53.707780780,T,280.72,600,281.3,100,IBM
2025-10-01,9:43:54.421930966,T,280.72,600,281.3,200,IBM
2025-10-01,9:43:54.771207370,T,280.72,600,281.3,100,IBM
2025-10-01,9:44:02.712122080,T,280.78,200,281.3,100,IBM
2025-10-01,9:44:13.141135094,T,280.78,300,281.3,100,IBM
2025-10-01,9:44:13.141165241,T,280.91,100,281.3,100,IBM
2025-10-01,9:44:13.149775644,T,280.78,300,281.3,100,IBM
2025-10-01,9:44:13.149805811,T,280.78,200,281.3,100,IBM
2025-10-01,9:44:13.876525824,T,280.91,100,281.3,100,IBM
2025-10-01,9:44:13.876550826,T,280.91,100,281.32,100,IBM
2025-10-01,9:44:13.876575979,T,281.0,100,281.32,100,IBM
2025-10-01,9:44:13.876575979,T,281.12,100,281.32,100,IBM
2025-10-01,9:44:13.876646021,T,281.12,100,281.41,100,IBM
2025-10-01,9:44:13.876651050,T,281.12,100,281.54,200,IBM
2025-10-01,9:44:13.876686126,T,281.13,100,281.54,200,IBM
2025-10-01,9:44:13.880164465,T,281.13,100,281.86,100,IBM
2025-10-01,9:44:13.880174459,T,281.13,100,281.68,200,IBM
2025-10-01,9:44:13.887842740,T,281.12,100,281.68,200,IBM
2025-10-01,9:44:13.888509341,T,281.0,100,281.68,200,IBM
2025-10-01,9:44:13.888539410,T,280.95,100,281.68,200,IBM
2025-10-01,9:44:13.953428826,T,280.91,100,281.68,200,IBM
2025-10-01,9:44:13.977952296,T,280.78,300,281.68,200,IBM
2025-10-01,9:44:13.977972289,T,280.78,200,281.68,200,IBM
2025-10-01,9:44:13.997559176,T,280.78,300,281.68,200,IBM
2025-10-01,9:44:13.997574006,T,280.82,100,281.68,200,IBM
2025-10-01,9:44:13.997589018,T,280.78,200,281.68,200,IBM
2025-10-01,9:44:13.997589018,T,280.82,100,281.68,200,IBM
2025-10-01,9:44:13.997614042,T,280.78,300,281.68,200,IBM
2025-10-01,9:44:13.997619047,T,280.91,100,281.68,200,IBM
2025-10-01,9:44:13.997719356,T,280.95,100,281.68,200,IBM
2025-10-01,9:44:13.997829642,T,280.95,100,281.57,200,IBM
2025-10-01,9:44:13.997829642,T,280.95,100,281.57,300,IBM
2025-10-01,9:44:13.997889697,T,280.78,300,281.57,300,IBM
2025-10-01,9:44:13.997924746,T,280.78,300,281.57,400,IBM
2025-10-01,9:44:13.997974884,T,280.82,100,281.57,400,IBM
2025-10-01,9:44:13.998004961,T,280.82,100,281.57,500,IBM
2025-10-01,9:44:13.998065166,T,280.78,200,281.57,500,IBM
2025-10-01,9:44:13.998415962,T,280.78,200,281.57,600,IBM
2025-10-01,9:44:13.998646649,T,280.91,100,281.57,600,IBM
2025-10-01,9:44:13.998811963,T,281.12,100,281.57,600,IBM
2025-10-01,9:44:13.999744117,T,281.12,200,281.57,600,IBM
2025-10-01,9:44:14.002540807,T,281.12,100,281.57,600,IBM
2025-10-01,9:44:14.002595925,T,281.12,100,281.57,400,IBM
2025-10-01,9:44:14.002595925,T,281.12,100,281.52,100,IBM
2025-10-01,9:44:14.002600990,T,281.12,100,281.52,200,IBM
2025-10-01,9:44:14.002600990,T,281.12,100,281.52,300,IBM
2025-10-01,9:44:14.002620926,T,281.12,100,281.52,600,IBM
2025-10-01,9:44:14.195460108,T,280.95,100,281.52,600,IBM
2025-10-01,9:44:14.376937113,T,280.82,100,281.52,600,IBM
2025-10-01,9:44:14.378601035,T,280.95,100,281.52,600,IBM
2025-10-01,9:44:14.412060710,T,280.95,100,281.51,100,IBM
2025-10-01,9:44:14.412085793,T,280.95,100,281.51,200,IBM
2025-10-01,9:44:14.412085793,T,280.95,100,281.51,300,IBM
2025-10-01,9:44:14.412090814,T,280.95,100,281.51,400,IBM
2025-10-01,9:44:14.412105866,T,280.95,100,281.51,700,IBM
2025-10-01,9:44:14.412115844,T,280.82,100,281.51,700,IBM
2025-10-01,9:44:17.256161600,T,280.85,100,281.51,700,IBM
2025-10-01,9:44:17.256191580,T,280.85,200,281.51,700,IBM
2025-10-01,9:44:18.832338888,T,280.91,100,281.51,700,IBM
2025-10-01,9:44:18.832343881,T,281.12,100,281.51,700,IBM
2025-10-01,9:44:18.832368920,T,280.91,100,281.51,700,IBM
2025-10-01,9:44:18.832373998,T,281.12,100,281.51,700,IBM
2025-10-01,9:44:18.836844624,T,280.91,100,281.51,700,IBM
2025-10-01,9:44:18.836844624,T,281.12,100,281.51,700,IBM
2025-10-01,9:44:18.840508302,T,280.91,100,281.51,700,IBM
2025-10-01,9:44:18.840758991,T,280.85,200,281.51,700,IBM
2025-10-01,9:44:18.840819135,T,280.91,100,281.51,700,IBM
2025-10-01,9:44:18.841039600,T,281.12,100,281.51,700,IBM
2025-10-01,9:44:18.881470836,T,280.91,100,281.51,700,IBM
2025-10-01,9:44:18.985192795,T,281.12,100,281.51,700,IBM
2025-10-01,9:44:20.654516891,T,280.91,100,281.51,700,IBM
2025-10-01,9:44:20.654787480,T,280.85,200,281.51,700,IBM
2025-10-01,9:44:20.654802582,T,280.95,100,281.51,700,IBM
2025-10-01,9:44:20.935054688,T,280.85,200,281.51,700,IBM
2025-10-01,9:44:20.935606055,T,280.95,100,281.51,700,IBM
2025-10-01,9:44:21.935992594,T,280.85,200,281.51,700,IBM
2025-10-01,9:44:21.936273366,T,280.95,100,281.51,700,IBM
2025-10-01,9:44:22.939005454,T,280.85,200,281.51,700,IBM
2025-10-01,9:44:22.939596873,T,280.95,100,281.51,700,IBM
2025-10-01,9:44:24.303944886,T,280.85,200,281.51,700,IBM
2025-10-01,9:44:24.811302796,T,280.95,100,281.51,700,IBM
2025-10-01,9:44:25.897799289,T,280.85,200,281.51,700,IBM
2025-10-01,9:44:27.219811602,T,280.85,200,281.51,800,IBM
2025-10-01,9:44:27.939234224,T,280.85,200,281.51,500,IBM
2025-10-01,9:44:27.939239622,T,280.85,200,281.5,100,IBM
2025-10-01,9:44:27.939239622,T,280.85,200,281.5,200,IBM
2025-10-01,9:44:27.939239622,T,280.85,200,281.5,300,IBM
2025-10-01,9:44:27.939254291,T,280.85,200,281.5,600,IBM
2025-10-01,9:44:29.371408692,T,280.85,200,281.5,700,IBM
2025-10-01,9:44:29.371428887,T,280.85,200,281.5,400,IBM
2025-10-01,9:44:29.371428887,T,280.85,200,281.49,100,IBM
2025-10-01,9:44:29.371433820,T,280.85,200,281.49,200,IBM
2025-10-01,9:44:29.371433820,T,280.85,200,281.49,300,IBM
2025-10-01,9:44:29.371453822,T,280.85,200,281.49,600,IBM
2025-10-01,9:44:29.372185613,T,280.85,200,281.49,700,IBM
2025-10-01,9:44:29.970369710,T,280.85,200,281.33,100,IBM
2025-10-01,9:44:29.970369710,T,280.85,200,281.33,200,IBM
2025-10-01,9:44:29.970369710,T,280.85,200,281.33,300,IBM
2025-10-01,9:44:29.970394741,T,280.85,200,281.33,600,IBM
2025-10-01,9:44:29.970404692,T,280.85,100,281.33,600,IBM
2025-10-01,9:44:33.051244094,T,280.85,100,281.33,500,IBM
2025-10-01,9:44:33.051249125,T,280.85,100,281.33,400,IBM
2025-10-01,9:44:33.051249125,T,280.85,100,281.33,300,IBM
2025-10-01,9:44:33.051254181,T,280.85,100,281.33,100,IBM
2025-10-01,9:44:33.051254181,T,280.85,100,281.49,100,IBM
2025-10-01,9:44:33.051254181,T,280.85,100,281.51,200,IBM
2025-10-01,9:44:33.051259149,T,280.95,100,281.51,200,IBM
2025-10-01,9:44:33.051284267,T,281.15,100,281.51,200,IBM
2025-10-01,9:44:33.051289258,T,281.15,100,281.51,100,IBM
2025-10-01,9:44:33.063217681,T,280.99,100,281.51,100,IBM
2025-10-01,9:44:33.063513309,T,280.93,100,281.51,100,IBM
2025-10-01,9:44:33.151417761,T,280.85,100,281.51,100,IBM
2025-10-01,9:44:45.958922855,T,280.85,200,281.51,100,IBM
2025-10-01,9:44:45.959343851,T,280.85,100,281.51,100,IBM
2025-10-01,9:44:46.616117421,T,280.93,100,281.51,100,IBM
2025-10-01,9:44:47.475999477,T,280.85,200,281.51,100,IBM
2025-10-01,9:44:48.044502986,T,280.85,100,281.51,100,IBM
2025-10-01,9:44:50.540169273,T,280.9,100,281.51,100,IBM
2025-10-01,9:44:51.322296322,T,280.85,200,281.51,100,IBM
2025-10-01,9:44:51.322692237,T,280.85,200,281.51,200,IBM
2025-10-01,9:44:51.383010858,T,280.85,100,281.51,200,IBM
2025-10-01,9:45:31.496356940,T,280.85,100,281.51,300,IBM
2025-10-01,9:45:31.497609832,T,280.85,100,281.51,200,IBM
2025-10-01,9:45:31.507784077,T,280.85,100,281.51,100,IBM
2025-10-01,9:45:31.906849101,T,280.85,100,281.57,200,IBM
2025-10-01,9:45:31.935632711,T,280.85,100,281.57,300,IBM
2025-10-01,9:45:31.935683078,T,280.85,100,281.57,200,IBM
2025-10-01,9:45:31.935683078,T,280.85,100,281.57,300,IBM
2025-10-01,9:45:31.935828100,T,280.85,100,281.51,100,IBM
2025-10-01,9:45:31.935838289,T,280.85,100,281.41,100,IBM
2025-10-01,9:45:31.936128893,T,280.85,100,281.51,100,IBM
2025-10-01,9:45:31.936209046,T,280.85,100,281.57,200,IBM
2025-10-01,9:45:31.937271577,T,280.85,100,281.57,300,IBM
2025-10-01,9:45:31.937296636,T,280.85,100,281.51,100,IBM
2025-10-01,9:45:31.937627447,T,280.85,100,281.41,100,IBM
2025-10-01,9:45:31.937647492,T,280.85,100,281.51,100,IBM
2025-10-01,9:45:31.938008306,T,280.85,100,281.41,100,IBM
2025-10-01,9:45:31.938038362,T,280.85,100,281.33,100,IBM
2025-10-01,9:45:31.938108585,T,280.85,100,281.28,100,IBM
2025-10-01,9:45:31.941586799,T,280.85,100,281.33,100,IBM
2025-10-01,9:45:31.941862516,T,280.85,100,281.41,100,IBM
2025-10-01,9:45:31.941892522,T,280.85,100,281.33,100,IBM
2025-10-01,9:45:31.949565882,T,280.85,100,281.41,100,IBM
2025-10-01,9:45:31.955013820,T,280.85,100,281.51,100,IBM
2025-10-01,9:45:31.955274473,T,280.85,100,281.57,300,IBM
2025-10-01,9:45:31.955439869,T,280.85,100,281.51,100,IBM
2025-10-01,9:45:31.955660721,T,280.85,100,281.41,100,IBM
2025-10-01,9:45:31.955670646,T,280.85,100,281.51,100,IBM
2025-10-01,9:45:31.955675331,T,280.85,100,281.33,100,IBM
2025-10-01,9:45:31.955690437,T,280.85,100,281.41,100,IBM
2025-10-01,9:45:31.955710505,T,280.85,100,281.51,100,IBM
2025-10-01,9:45:31.955770645,T,280.85,100,281.57,300,IBM
2025-10-01,9:45:31.955770645,T,280.85,100,281.57,200,IBM
2025-10-01,9:45:31.955870876,T,280.85,100,281.51,100,IBM
2025-10-01,9:45:31.969167531,T,280.85,100,281.57,200,IBM
2025-10-01,9:45:32.220450702,T,280.85,100,281.51,100,IBM
2025-10-01,9:45:32.220871662,T,280.85,100,281.51,200,IBM
2025-10-01,9:45:32.415274497,T,280.8,100,281.51,200,IBM
2025-10-01,9:45:32.654604264,T,280.8,100,281.51,300,IBM
2025-10-01,9:45:32.722320471,T,280.8,100,281.46,100,IBM
2025-10-01,9:45:32.724635980,T,280.8,100,281.46,200,IBM
2025-10-01,9:45:33.944900932,T,280.8,100,281.13,200,IBM
2025-10-01,9:45:33.946354350,T,280.8,100,281.13,300,IBM
2025-10-01,9:45:34.711305404,T,280.8,100,281.13,200,IBM
2025-10-01,9:45:36.693830212,T,280.72,600,281.13,200,IBM
2025-10-01,9:45:39.201144276,T,280.72,600,281.13,300,IBM
2025-10-01,9:45:46.840721655,T,280.72,600,281.13,200,IBM
2025-10-01,9:45:46.840731684,T,280.72,600,281.13,100,IBM
2025-10-01,9:45:46.840731684,T,280.72,600,281.46,100,IBM
2025-10-01,9:45:46.840761770,T,280.85,100,281.46,100,IBM
2025-10-01,9:45:46.840761770,T,280.9,100,281.46,100,IBM
2025-10-01,9:45:46.840886980,T,280.99,100,281.46,100,IBM
2025-10-01,9:45:46.841568684,T,280.9,100,281.46,100,IBM
2025-10-01,9:45:46.841638793,T,280.9,200,281.46,100,IBM
2025-10-01,9:45:46.841784227,T,280.9,100,281.46,100,IBM
2025-10-01,9:45:46.841994782,T,280.86,100,281.46,100,IBM
2025-10-01,9:45:46.841994782,T,280.86,100,281.46,200,IBM
2025-10-01,9:45:46.842004730,T,280.86,100,281.41,100,IBM
2025-10-01,9:45:46.842014987,T,280.86,100,281.26,100,IBM
2025-10-01,9:45:46.842180097,T,280.86,100,281.41,100,IBM
2025-10-01,9:45:46.842185107,T,280.86,100,281.26,100,IBM
2025-10-01,9:45:46.848394941,T,280.78,100,281.26,100,IBM
2025-10-01,9:45:46.851943336,T,280.78,100,281.24,100,IBM
2025-10-01,9:45:46.863806583,T,280.78,100,281.26,100,IBM
2025-10-01,9:45:46.941421403,T,280.72,600,281.26,100,IBM
2025-10-01,9:45:47.711249098,T,280.78,100,281.26,100,IBM
2025-10-01,9:45:47.715128327,T,280.72,600,281.26,100,IBM
2025-10-01,9:45:48.462452443,T,280.72,600,281.2,100,IBM
2025-10-01,9:45:48.633810390,T,280.72,600,281.26,100,IBM
2025-10-01,9:45:48.633810390,T,280.72,600,281.46,100,IBM
2025-10-01,9:45:48.633835928,T,280.76,100,281.46,100,IBM
2025-10-01,9:45:48.633840531,T,280.85,100,281.46,100,IBM
2025-10-01,9:45:48.633850541,T,280.99,100,281.46,100,IBM
2025-10-01,9:45:48.633885560,T,281.0,100,281.46,100,IBM
2025-10-01,9:45:48.634386817,T,281.02,100,281.46,100,IBM
2025-10-01,9:45:48.635173619,T,280.99,100,281.46,100,IBM
2025-10-01,9:45:48.639779672,T,280.86,100,281.46,100,IBM
2025-10-01,9:45:48.734054041,T,280.78,100,281.46,100,IBM
2025-10-01,9:45:48.734079136,T,280.76,100,281.46,100,IBM
2025-10-01,9:45:48.734079136,T,280.73,100,281.46,100,IBM
2025-10-01,9:45:49.138662311,T,280.99,100,281.46,100,IBM
2025-10-01,9:45:49.546859056,T,280.99,100,281.57,200,IBM
2025-10-01,9:45:49.547290117,T,280.99,100,281.57,300,IBM
2025-10-01,9:45:49.552562656,T,280.99,100,281.53,100,IBM
2025-10-01,9:45:49.553259304,T,280.73,100,281.53,100,IBM
2025-10-01,9:45:49.554788003,T,280.99,100,281.53,100,IBM
2025-10-01,9:45:50.509931791,T,280.99,100,281.53,200,IBM
2025-10-01,9:45:50.513976435,T,280.99,100,281.51,100,IBM
2025-10-01,9:45:50.861879682,T,280.99,100,281.57,200,IBM
2025-10-01,9:45:51.019560088,T,280.99,100,281.53,100,IBM
2025-10-01,9:45:53.255107175,T,280.99,100,281.72,200,IBM
2025-10-01,9:45:53.255533223,T,280.99,100,281.72,300,IBM
2025-10-01,9:45:53.260800750,T,280.99,100,281.65,100,IBM
2025-10-01,9:45:54.108849723,T,280.99,100,281.72,200,IBM
2025-10-01,9:45:54.114397934,T,281.21,100,281.72,200,IBM
2025-10-01,9:45:54.114417927,T,281.22,100,281.72,200,IBM
2025-10-01,9:45:54.115079539,T,281.22,100,281.72,300,IBM
2025-10-01,9:45:54.120126573,T,281.22,100,281.72,400,IBM
2025-10-01,9:45:54.126331321,T,281.21,100,281.72,400,IBM
2025-10-01,9:45:55.289024281,T,281.02,100,281.72,400,IBM
2025-10-01,9:45:55.289029323,T,280.86,100,281.72,400,IBM
2025-10-01,9:45:55.289069350,T,280.86,100,281.65,100,IBM
2025-10-01,9:45:55.294737853,T,280.86,100,281.72,200,IBM
2025-10-01,9:45:55.295163857,T,280.86,100,281.72,300,IBM
2025-10-01,9:45:55.789981851,T,280.86,100,281.68,100,IBM
2025-10-01,9:45:55.790016955,T,280.81,100,281.68,100,IBM
2025-10-01,9:45:55.791034380,T,280.81,100,281.68,200,IBM
2025-10-01,9:45:55.810485638,T,280.81,100,281.68,300,IBM
2025-10-01,9:45:56.029045924,T,280.86,100,281.68,300,IBM
2025-10-01,9:45:56.029076026,T,280.94,100,281.68,300,IBM
2025-10-01,9:45:56.508622615,T,280.94,100,281.68,200,IBM
2025-10-01,9:45:57.676613293,T,280.95,100,281.68,200,IBM
2025-10-01,9:45:59.214333992,T,280.95,200,281.68,200,IBM
2025-10-01,9:46:01.047563417,T,280.95,200,281.67,100,IBM
2025-10-01,9:46:01.270063161,T,280.97,200,281.67,100,IBM
2025-10-01,9:46:01.744011543,T,281.0,100,281.67,100,IBM
2025-10-01,9:46:01.744011543,T,281.27,100,281.67,100,IBM
2025-10-01,9:46:01.744292151,T,281.36,100,281.67,100,IBM
2025-10-01,9:46:01.744617961,T,281.36,100,281.68,100,IBM
2025-10-01,9:46:01.744638008,T,281.36,100,281.72,100,IBM
2025-10-01,9:46:01.744643014,T,281.36,100,281.82,100,IBM
2025-10-01,9:46:01.744652968,T,281.36,100,281.89,200,IBM
2025-10-01,9:46:01.752932733,T,281.18,100,281.89,200,IBM
2025-10-01,9:46:01.758576169,T,281.18,100,281.82,100,IBM
2025-10-01,9:46:01.844019619,T,280.99,100,281.82,100,IBM
2025-10-01,9:46:01.893186828,T,281.02,100,281.82,100,IBM
2025-10-01,9:46:01.893186828,T,281.1,100,281.82,100,IBM
2025-10-01,9:46:01.893211753,T,281.36,100,281.82,100,IBM
2025-10-01,9:46:01.893211753,T,281.1,100,281.82,100,IBM
2025-10-01,9:46:01.893221698,T,281.18,100,281.82,100,IBM
2025-10-01,9:46:01.893532431,T,281.26,100,281.82,100,IBM
2025-10-01,9:46:01.893562477,T,281.26,100,281.82,200,IBM
2025-10-01,9:46:01.894514826,T,281.1,100,281.82,200,IBM
2025-10-01,9:46:01.907370341,T,281.26,100,281.82,200,IBM
2025-10-01,9:46:03.188986377,T,281.1,100,281.82,200,IBM
2025-10-01,9:46:03.572815244,T,281.02,100,281.82,200,IBM
2025-10-01,9:46:05.573944156,T,281.17,100,281.82,200,IBM
2025-10-01,9:46:06.578104697,T,281.17,100,281.82,100,IBM
2025-10-01,9:46:07.054929849,T,281.17,200,281.82,100,IBM
2025-10-01,9:46:13.087215679,T,281.43,100,281.82,100,IBM
2025-10-01,9:46:14.842910454,T,281.43,100,281.82,200,IBM
2025-10-01,9:46:15.066247179,T,281.17,200,281.82,200,IBM
2025-10-01,9:46:15.307336053,T,281.33,100,281.82,200,IBM
2025-10-01,9:46:16.580156350,T,281.17,200,281.82,200,IBM
2025-10-01,9:46:18.047113491,T,281.37,100,281.82,200,IBM
2025-10-01,9:46:19.221363974,T,281.17,200,281.82,200,IBM
2025-10-01,9:46:19.221784935,T,281.17,200,281.82,100,IBM
2025-10-01,9:46:21.317970260,T,281.47,100,281.82,100,IBM
2025-10-01,9:46:27.668949808,T,281.17,200,281.82,100,IBM
2025-10-01,9:46:31.475251370,T,281.17,100,281.82,100,IBM
2025-10-01,9:46:31.475291448,T,281.31,100,281.82,100,IBM
2025-10-01,9:46:33.077355332,T,281.31,100,282.04,200,IBM
2025-10-01,9:46:33.077380484,T,281.31,200,282.04,200,IBM
2025-10-01,9:46:33.077380484,T,281.58,100,282.04,200,IBM
2025-10-01,9:46:33.077406018,T,281.59,100,282.04,200,IBM
2025-10-01,9:46:33.080212110,T,281.59,100,282.26,100,IBM
2025-10-01,9:46:33.080222148,T,281.59,100,282.22,200,IBM
2025-10-01,9:46:33.084256743,T,281.58,100,282.22,200,IBM
2025-10-01,9:46:33.177423563,T,281.31,200,282.22,200,IBM
2025-10-01,9:46:33.754527534,T,281.5,100,282.22,200,IBM
2025-10-01,9:46:34.059593815,T,281.58,100,282.22,200,IBM
2025-10-01,9:46:34.059633876,T,281.73,100,282.22,200,IBM
2025-10-01,9:46:34.060255342,T,281.58,100,282.22,200,IBM
2025-10-01,9:46:34.062560851,T,281.73,100,282.22,200,IBM
2025-10-01,9:46:34.063964181,T,281.73,100,282.22,300,IBM
2025-10-01,9:46:34.071532213,T,281.59,100,282.22,300,IBM
2025-10-01,9:46:34.076393784,T,281.59,100,282.22,400,IBM
2025-10-01,9:46:34.159586858,T,281.5,100,282.22,400,IBM
2025-10-01,9:46:34.313397945,T,281.5,100,282.0,100,IBM
2025-10-01,9:46:34.314986709,T,281.5,100,282.22,400,IBM
2025-10-01,9:46:34.315031885,T,281.76,100,282.22,400,IBM
2025-10-01,9:46:34.323000879,T,281.76,100,282.22,200,IBM
2025-10-01,9:46:34.326970314,T,281.5,200,282.22,200,IBM
2025-10-01,9:46:34.490810305,T,281.89,100,282.22,200,IBM
2025-10-01,9:46:35.519033145,T,281.52,100,282.22,200,IBM
2025-10-01,9:46:35.519469186,T,281.52,100,282.19,100,IBM
2025-10-01,9:46:35.519599495,T,281.76,100,282.19,100,IBM
2025-10-01,9:46:35.522797057,T,281.76,100,282.19,200,IBM
2025-10-01,9:46:35.657582989,T,281.79,100,282.19,200,IBM
2025-10-01,9:46:39.782042020,T,281.81,100,282.19,200,IBM
2025-10-01,9:46:39.782042020,T,281.79,100,282.19,200,IBM
2025-10-01,9:46:39.782052080,T,281.79,200,282.19,200,IBM
2025-10-01,9:46:39.782067054,T,281.79,100,282.19,200,IBM
2025-10-01,9:46:40.518600487,T,281.81,100,282.19,200,IBM
2025-10-01,9:46:40.518610511,T,281.82,100,282.19,200,IBM
2025-10-01,9:46:40.518740856,T,281.87,100,282.19,200,IBM
2025-10-01,9:46:40.519086605,T,281.82,100,282.19,200,IBM
2025-10-01,9:46:40.519126722,T,281.79,200,282.19,200,IBM
2025-10-01,9:46:40.519131725,T,281.82,100,282.19,200,IBM
2025-10-01,9:46:40.525281392,T,281.79,200,282.19,200,IBM
2025-10-01,9:46:40.525306454,T,281.79,100,282.19,200,IBM
2025-10-01,9:46:40.525366535,T,281.81,100,282.19,200,IBM
2025-10-01,9:46:40.525401686,T,281.82,100,282.19,200,IBM
2025-10-01,9:46:40.619620956,T,281.59,100,282.19,200,IBM
2025-10-01,9:46:41.135308680,T,281.68,100,282.19,200,IBM
2025-10-01,9:46:50.948881447,T,281.68,100,282.19,100,IBM
2025-10-01,9:46:50.948912015,T,281.68,100,282.38,100,IBM
2025-10-01,9:46:50.948941629,T,281.79,100,282.38,100,IBM
2025-10-01,9:46:50.948941629,T,281.99,100,282.38,100,IBM
2025-10-01,9:46:50.953637855,T,281.74,100,282.38,100,IBM
2025-10-01,9:46:50.953672944,T,281.68,200,282.38,100,IBM
2025-10-01,9:46:50.953697979,T,281.68,100,282.38,100,IBM
2025-10-01,9:46:50.964613981,T,281.79,100,282.38,100,IBM
2025-10-01,9:46:51.056958788,T,281.68,100,282.38,100,IBM
2025-10-01,9:46:51.169010476,T,281.68,100,282.22,100,IBM
2025-10-01,9:46:55.496111982,T,281.68,200,282.22,100,IBM
2025-10-01,9:46:55.496146971,T,281.74,100,282.22,100,IBM
2025-10-01,9:46:58.271268620,T,281.68,200,282.22,100,IBM
2025-10-01,9:46:58.272050516,T,281.68,200,282.22,200,IBM
2025-10-01,9:46:58.272080555,T,281.68,100,282.22,200,IBM
2025-10-01,9:47:02.197956727,T,281.85,100,282.22,200,IBM
2025-10-01,9:47:07.517796520,T,281.68,100,282.22,200,IBM
2025-10-01,9:47:13.782069557,T,281.68,100,282.22,100,IBM
2025-10-01,9:47:13.981303942,T,281.68,100,282.53,200,IBM
2025-10-01,9:47:13.981329145,T,281.74,100,282.53,200,IBM
2025-10-01,9:47:13.981329145,T,282.05,100,282.53,200,IBM
2025-10-01,9:47:13.981409159,T,282.05,200,282.53,200,IBM
2025-10-01,9:47:13.981644707,T,282.06,100,282.53,200,IBM
2025-10-01,9:47:13.983002986,T,282.06,100,282.53,300,IBM
2025-10-01,9:47:13.983043088,T,282.06,100,282.53,200,IBM
2025-10-01,9:47:14.081432317,T,281.79,100,282.53,200,IBM
2025-10-01,9:47:14.081442274,T,281.74,100,282.53,200,IBM
2025-10-01,9:47:14.081457307,T,281.72,100,282.53,200,IBM
2025-10-01,9:47:14.081477333,T,281.72,100,282.5,100,IBM
2025-10-01,9:47:14.081487415,T,281.74,100,282.5,100,IBM
2025-10-01,9:47:14.233729853,T,281.74,100,282.53,200,IBM
2025-10-01,9:47:14.466448881,T,281.79,100,282.53,200,IBM
2025-10-01,9:47:14.466478918,T,281.79,100,282.53,300,IBM
2025-10-01,9:47:14.478477912,T,281.79,100,282.53,200,IBM
2025-10-01,9:47:14.732978382,T,281.95,100,282.53,200,IBM
2025-10-01,9:47:15.662526345,T,281.95,200,282.53,200,IBM
2025-10-01,9:47:16.350298790,T,281.95,100,282.53,200,IBM
2025-10-01,9:47:16.599376680,T,281.83,100,282.53,200,IBM
2025-10-01,9:47:19.857879055,T,281.95,100,282.53,200,IBM
2025-10-01,9:47:20.366043852,T,281.83,100,282.53,200,IBM
2025-10-01,9:47:22.103159257,T,281.89,100,282.53,200,IBM
2025-10-01,9:47:23.762274183,T,282.07,100,282.53,200,IBM
2025-10-01,9:47:24.269987728,T,281.9,100,282.53,200,IBM
2025-10-01,9:47:24.270012774,T,281.89,100,282.53,200,IBM
2025-10-01,9:47:30.723596534,T,281.83,100,282.53,200,IBM
2025-10-01,9:47:34.494524013,T,281.87,100,282.53,200,IBM
2025-10-01,9:47:34.976927324,T,281.89,100,282.53,200,IBM
2025-10-01,9:47:34.976927324,T,282.07,100,282.53,200,IBM
2025-10-01,9:47:34.976957409,T,282.08,100,282.53,200,IBM
2025-10-01,9:47:34.977263109,T,282.08,100,282.76,100,IBM
2025-10-01,9:47:34.977268160,T,282.08,100,282.69,200,IBM
2025-10-01,9:47:34.977819492,T,282.08,100,282.45,100,IBM
2025-10-01,9:47:34.977839500,T,282.07,100,282.45,100,IBM
2025-10-01,9:47:34.998889625,T,282.07,100,282.45,200,IBM
2025-10-01,9:47:35.077181051,T,281.89,100,282.45,200,IBM
2025-10-01,9:47:35.077211063,T,281.87,100,282.45,200,IBM
2025-10-01,9:47:36.522977937,T,282.0,100,282.45,200,IBM
2025-10-01,9:47:39.858488768,T,282.07,100,282.45,200,IBM
2025-10-01,9:47:43.282359903,T,282.0,200,282.45,200,IBM
2025-10-01,9:47:43.423425791,T,282.0,100,282.45,200,IBM
2025-10-01,9:47:43.423450827,T,281.95,100,282.45,200,IBM
2025-10-01,9:47:52.928293876,T,281.87,100,282.45,200,IBM
2025-10-01,9:47:52.928905251,T,281.87,100,282.45,300,IBM
2025-10-01,9:47:52.929627039,T,281.87,100,282.44,100,IBM
2025-10-01,9:47:52.934739211,T,281.87,100,282.26,100,IBM
2025-10-01,9:47:52.935400799,T,281.87,100,282.26,200,IBM
2025-10-01,9:47:52.935616417,T,281.87,100,282.26,100,IBM
2025-10-01,9:47:52.935731552,T,281.87,100,282.37,100,IBM
2025-10-01,9:47:52.935952114,T,281.87,100,282.37,200,IBM
2025-10-01,9:47:52.937350377,T,281.87,100,282.37,100,IBM
2025-10-01,9:47:53.442898902,T,281.87,100,282.44,100,IBM
2025-10-01,9:47:54.281465288,T,281.87,100,282.24,100,IBM
2025-10-01,9:47:56.189988892,T,281.87,100,282.24,200,IBM
2025-10-01,9:47:56.194810280,T,281.87,100,282.23,100,IBM
2025-10-01,9:47:56.195401783,T,281.87,100,282.17,100,IBM
2025-10-01,9:47:56.195532053,T,281.87,100,282.23,100,IBM
2025-10-01,9:47:56.204062416,T,281.87,100,282.24,200,IBM
2025-10-01,9:47:57.378152501,T,281.87,100,282.24,300,IBM
2025-10-01,9:47:58.185128589,T,281.87,100,282.23,100,IBM
2025-10-01,9:47:58.190882381,T,281.87,100,282.23,200,IBM
2025-10-01,9:48:00.003497600,T,281.87,100,282.23,100,IBM
2025-10-01,9:48:00.198882729,T,281.87,100,282.22,100,IBM
2025-10-01,9:48:01.414511712,T,281.87,100,282.22,200,IBM
2025-10-01,9:48:01.840991991,T,281.87,100,282.22,100,IBM
2025-10-01,9:48:08.755016973,T,281.76,100,282.22,100,IBM
2025-10-01,9:48:13.098728361,T,281.76,100,282.06,100,IBM
2025-10-01,9:48:13.099695196,T,281.79,100,282.06,100,IBM
2025-10-01,9:48:13.099705233,T,281.79,100,282.06,200,IBM
2025-10-01,9:48:13.103394074,T,281.79,100,282.06,100,IBM
2025-10-01,9:48:13.109428408,T,281.79,100,282.06,200,IBM
2025-10-01,9:48:13.456950761,T,281.79,100,282.06,100,IBM
2025-10-01,9:48:14.721676623,T,281.79,100,282.05,100,IBM
2025-10-01,9:48:16.115910992,T,281.79,100,282.05,200,IBM
2025-10-01,9:48:19.084603342,T,281.79,100,282.05,100,IBM
2025-10-01,9:48:19.735978987,T,281.83,100,282.05,100,IBM
2025-10-01,9:48:19.749095220,T,281.84,100,282.05,100,IBM
2025-10-01,9:48:19.923074463,T,281.85,100,282.05,100,IBM
2025-10-01,9:48:21.607815263,T,281.9,100,282.05,100,IBM
2025-10-01,9:48:22.271821115,T,281.97,100,282.05,100,IBM
2025-10-01,9:48:22.795638135,T,281.79,100,282.05,100,IBM
2025-10-01,9:48:22.798264368,T,281.79,100,281.97,100,IBM
2025-10-01,9:48:22.798735480,T,281.79,100,282.05,100,IBM
2025-10-01,9:48:22.799437159,T,281.79,100,282.43,100,IBM
2025-10-01,9:48:22.799437159,T,281.79,100,282.48,100,IBM
2025-10-01,9:48:22.799627592,T,281.79,100,282.43,100,IBM
2025-10-01,9:48:22.810884388,T,281.83,100,282.43,100,IBM
2025-10-01,9:48:22.811626231,T,281.79,200,282.43,100,IBM
2025-10-01,9:48:22.814197278,T,281.79,200,282.2,100,IBM
2025-10-01,9:48:22.902001291,T,281.79,100,282.2,100,IBM
2025-10-01,9:48:23.685972674,T,281.77,100,282.2,100,IBM
2025-10-01,9:48:25.029120225,T,281.77,100,282.07,100,IBM
2025-10-01,9:48:29.812367504,T,281.77,100,282.2,100,IBM
2025-10-01,9:48:30.707528566,T,281.77,100,282.08,100,IBM
2025-10-01,9:48:30.707538844,T,281.77,100,282.07,100,IBM
2025-10-01,9:48:31.808785147,T,281.77,100,282.07,200,IBM
2025-10-01,9:48:51.292404213,T,281.68,100,282.07,200,IBM
2025-10-01,9:48:51.304272425,T,281.68,100,282.07,300,IBM
2025-10-01,9:48:51.314326523,T,281.66,100,282.07,300,IBM
2025-10-01,9:48:51.317849768,T,281.66,100,282.07,400,IBM
2025-10-01,9:48:51.319974807,T,281.6,100,282.07,400,IBM
2025-10-01,9:48:51.323372867,T,281.6,100,282.06,100,IBM
2025-10-01,9:48:51.332243962,T,281.6,100,281.77,100,IBM
2025-10-01,9:48:51.334303975,T,281.6,100,282.06,100,IBM
2025-10-01,9:48:51.366876476,T,281.6,100,282.06,200,IBM
2025-10-01,9:48:51.373707698,T,281.6,100,282.06,100,IBM
2025-10-01,9:48:51.383135157,T,281.61,100,282.06,100,IBM
2025-10-01,9:48:51.394206694,T,281.61,200,282.06,100,IBM
2025-10-01,9:48:51.447839228,T,281.61,200,282.06,200,IBM
2025-10-01,9:48:51.464544003,T,281.69,100,282.06,200,IBM
2025-10-01,9:48:51.464544003,T,281.69,200,282.06,200,IBM
2025-10-01,9:48:51.486130379,T,281.69,200,282.06,300,IBM
2025-10-01,9:48:51.492660906,T,281.69,200,282.06,200,IBM
2025-10-01,9:48:51.494956406,T,281.69,200,282.06,100,IBM
2025-10-01,9:48:51.596853996,T,281.69,100,282.06,100,IBM
2025-10-01,9:48:51.596874009,T,281.6,100,282.06,100,IBM
2025-10-01,9:48:51.596944160,T,281.6,100,282.06,200,IBM
2025-10-01,9:48:51.597159636,T,281.6,100,282.05,100,IBM
2025-10-01,9:48:51.597159636,T,281.6,100,282.06,200,IBM
2025-10-01,9:48:51.597926471,T,281.6,100,282.06,100,IBM
2025-10-01,9:48:51.598157037,T,281.6,100,282.06,200,IBM
2025-10-01,9:48:51.598212197,T,281.6,100,282.06,100,IBM
2025-10-01,9:48:51.600111830,T,281.6,100,282.06,200,IBM
2025-10-01,9:48:51.624118877,T,281.6,100,282.06,300,IBM
2025-10-01,9:48:51.658891673,T,281.6,100,282.06,200,IBM
2025-10-01,9:48:51.789768605,T,281.6,100,282.04,100,IBM
2025-10-01,9:48:51.790194228,T,281.6,100,282.04,200,IBM
2025-10-01,9:48:51.790234322,T,281.6,100,282.04,300,IBM
2025-10-01,9:48:52.605385275,T,281.6,100,282.03,100,IBM
2025-10-01,9:48:52.606768607,T,281.6,100,282.03,200,IBM
2025-10-01,9:48:52.606773590,T,281.6,100,282.03,300,IBM
2025-10-01,9:48:52.735680513,T,281.6,100,282.03,400,IBM
2025-10-01,9:48:53.078757156,T,281.6,100,282.03,300,IBM
2025-10-01,9:48:53.794631198,T,281.6,100,282.02,100,IBM
2025-10-01,9:48:53.795212607,T,281.6,100,282.02,200,IBM
2025-10-01,9:48:53.807952951,T,281.6,100,282.02,300,IBM
2025-10-01,9:48:57.608220075,T,281.6,100,282.02,200,IBM
2025-10-01,9:48:57.715189647,T,281.51,100,282.02,200,IBM
2025-10-01,9:49:03.774670404,T,281.51,100,282.02,300,IBM
2025-10-01,9:49:03.776760366,T,281.51,100,282.01,100,IBM
2025-10-01,9:49:03.776795493,T,281.51,100,281.83,100,IBM
2025-10-01,9:49:03.777021087,T,281.51,100,281.83,200,IBM
2025-10-01,9:49:03.908423889,T,281.51,100,281.83,300,IBM
2025-10-01,9:49:03.908644420,T,281.51,100,281.83,200,IBM
2025-10-01,9:49:04.065763452,T,281.51,100,281.83,300,IBM
2025-10-01,9:49:04.538438707,T,281.51,100,281.83,200,IBM
2025-10-01,9:49:06.016617818,T,281.51,100,281.83,100,IBM
2025-10-01,9:49:06.020451900,T,281.51,100,282.02,100,IBM
2025-10-01,9:49:06.021489333,T,281.51,100,282.02,200,IBM
2025-10-01,9:49:06.024115662,T,281.51,100,282.02,300,IBM
2025-10-01,9:49:07.143881351,T,281.51,100,281.81,100,IBM
2025-10-01,9:49:07.496104930,T,281.51,100,281.81,200,IBM
2025-10-01,9:49:17.748056406,T,281.51,100,281.81,100,IBM
2025-10-01,9:49:17.748061464,T,281.51,100,282.02,100,IBM
2025-10-01,9:49:17.748081479,T,281.81,100,282.02,100,IBM
2025-10-01,9:49:17.748102060,T,281.62,100,282.02,100,IBM
2025-10-01,9:49:17.748187106,T,281.52,100,282.02,100,IBM
2025-10-01,9:49:17.748187106,T,281.63,100,282.02,100,IBM
2025-10-01,9:49:17.748838291,T,281.63,200,282.02,100,IBM
2025-10-01,9:49:17.848174835,T,281.63,100,282.02,100,IBM
2025-10-01,9:49:17.858569562,T,281.52,100,282.02,100,IBM
2025-10-01,9:49:18.076032252,T,281.52,100,282.0,100,IBM
2025-10-01,9:49:18.742674307,T,281.51,100,282.0,100,IBM
2025-10-01,9:49:24.082616853,T,281.51,100,281.9,100,IBM
2025-10-01,9:49:25.166452081,T,281.51,100,281.9,200,IBM
2025-10-01,9:49:25.238684079,T,281.51,100,281.9,100,IBM
2025-10-01,9:49:27.987909174,T,281.51,100,282.0,100,IBM
2025-10-01,9:49:34.758211802,T,281.51,200,282.0,100,IBM
2025-10-01,9:49:36.741984580,T,281.51,100,282.0,100,IBM
2025-10-01,9:49:43.233523720,T,281.51,100,282.0,200,IBM
2025-10-01,9:49:44.228462376,T,281.51,100,282.0,100,IBM
2025-10-01,9:49:50.800212539,T,281.51,100,281.9,100,IBM
2025-10-01,9:49:50.875256218,T,281.51,200,281.9,100,IBM
2025-10-01,9:49:54.198563039,T,281.51,100,281.9,100,IBM
2025-10-01,9:49:54.201901011,T,281.51,100,281.9,200,IBM
2025-10-01,9:49:54.201905959,T,281.51,100,281.89,100,IBM
2025-10-01,9:49:54.201911011,T,281.51,100,281.85,100,IBM
2025-10-01,9:49:54.202131521,T,281.51,100,281.9,100,IBM
2025-10-01,9:49:56.058531009,T,281.51,100,281.9,200,IBM
2025-10-01,9:49:57.216572823,T,281.51,100,281.89,100,IBM
2025-10-01,9:49:57.217339670,T,281.51,100,281.89,200,IBM
2025-10-01,9:49:57.411101008,T,281.51,100,281.89,300,IBM
2025-10-01,9:49:59.928534243,T,281.51,100,281.89,400,IBM
2025-10-01,9:50:00.024046711,T,281.41,100,281.89,400,IBM
2025-10-01,9:50:00.024116886,T,281.41,100,281.53,100,IBM
2025-10-01,9:50:00.024207058,T,281.41,100,281.65,100,IBM
2025-10-01,9:50:00.024232227,T,281.41,100,281.89,400,IBM
2025-10-01,9:50:00.024297286,T,281.41,100,281.89,500,IBM
2025-10-01,9:50:00.024382435,T,281.41,100,281.89,400,IBM
2025-10-01,9:50:00.024387488,T,281.41,100,281.89,300,IBM
2025-10-01,9:50:00.024512831,T,281.41,100,281.89,400,IBM
2025-10-01,9:50:00.024803516,T,281.41,100,281.89,300,IBM
2025-10-01,9:50:00.024903739,T,281.41,100,281.89,400,IBM
2025-10-01,9:50:00.025069172,T,281.41,100,281.89,500,IBM
2025-10-01,9:50:00.040049795,T,281.41,100,281.89,400,IBM
2025-10-01,9:50:00.040430639,T,281.41,100,281.89,300,IBM
2025-10-01,9:50:00.040656165,T,281.41,100,281.89,400,IBM
2025-10-01,9:50:00.042931646,T,281.41,100,281.89,300,IBM
2025-10-01,9:50:00.043808690,T,281.41,100,281.89,400,IBM
2025-10-01,9:50:00.063976715,T,281.41,100,281.89,500,IBM
2025-10-01,9:50:00.128560491,T,281.22,100,281.89,500,IBM
2025-10-01,9:50:00.128595529,T,281.23,100,281.89,500,IBM
2025-10-01,9:50:00.143039966,T,281.23,100,281.89,400,IBM
2025-10-01,9:50:00.143075080,T,281.28,100,281.89,400,IBM
2025-10-01,9:50:00.143085102,T,281.28,100,281.89,300,IBM
2025-10-01,9:50:00.143105097,T,281.26,100,281.89,300,IBM
2025-10-01,9:50:00.143320637,T,281.26,100,281.89,200,IBM
2025-10-01,9:50:00.148041806,T,281.23,200,281.89,200,IBM
2025-10-01,9:50:00.148132086,T,281.23,100,281.89,200,IBM
2025-10-01,9:50:00.270448309,T,281.23,100,281.89,300,IBM
2025-10-01,9:50:00.271220143,T,281.23,100,281.74,100,IBM
2025-10-01,9:50:00.271230091,T,281.23,100,281.68,100,IBM
2025-10-01,9:50:00.271756373,T,281.23,100,281.59,100,IBM
2025-10-01,9:50:00.272001930,T,281.23,100,281.59,200,IBM
2025-10-01,9:50:00.272057056,T,281.23,100,281.59,300,IBM
2025-10-01,9:50:00.272222533,T,281.23,100,281.59,400,IBM
2025-10-01,9:50:00.291643845,T,281.23,100,281.59,300,IBM
2025-10-01,9:50:03.202643681,T,281.23,100,281.58,100,IBM
2025-10-01,9:50:03.202949413,T,281.23,100,281.58,200,IBM
2025-10-01,9:50:03.209810825,T,281.23,100,281.58,300,IBM
2025-10-01,9:50:04.913917614,T,281.22,100,281.58,300,IBM
2025-10-01,9:50:07.797392360,T,281.22,200,281.58,300,IBM
2025-10-01,9:50:07.803978019,T,281.22,200,281.58,400,IBM
2025-10-01,9:50:07.899530489,T,281.22,100,281.58,400,IBM
2025-10-01,9:50:08.310303413,T,281.22,100,281.58,300,IBM
2025-10-01,9:50:09.785109428,T,281.22,100,281.58,200,IBM
2025-10-01,9:50:10.474655972,T,281.22,100,281.58,100,IBM
2025-10-01,9:50:11.353723669,T,281.22,100,281.57,100,IBM
2025-10-01,9:50:20.925280559,T,281.22,200,281.57,100,IBM
2025-10-01,9:50:21.304568498,T,281.25,100,281.57,100,IBM
2025-10-01,9:50:24.509313026,T,281.25,100,281.57,200,IBM
2025-10-01,9:50:25.931363240,T,281.22,100,281.57,200,IBM
2025-10-01,9:50:25.945642188,T,281.25,100,281.57,200,IBM
2025-10-01,9:50:26.258522184,T,281.25,100,281.57,100,IBM
2025-10-01,9:50:26.711550497,T,281.26,100,281.57,100,IBM
2025-10-01,9:50:29.927747078,T,281.22,100,281.57,100,IBM
2025-10-01,9:50:30.089427040,T,281.26,100,281.57,100,IBM
2025-10-01,9:50:34.934441381,T,281.26,200,281.57,100,IBM
2025-10-01,9:50:37.657113153,T,281.26,200,281.89,200,IBM
2025-10-01,9:50:37.657113153,T,281.26,200,281.89,100,IBM
2025-10-01,9:50:37.657133131,T,281.56,100,281.89,100,IBM
2025-10-01,9:50:37.657238415,T,281.41,100,281.89,100,IBM
2025-10-01,9:50:37.657288520,T,281.29,100,281.89,100,IBM
2025-10-01,9:50:37.657303573,T,281.32,100,281.89,100,IBM
2025-10-01,9:50:37.657333662,T,281.41,100,281.89,100,IBM
2025-10-01,9:50:37.657338725,T,281.43,100,281.89,100,IBM
2025-10-01,9:50:37.659909801,T,281.43,200,281.89,100,IBM
2025-10-01,9:50:37.956225199,T,281.43,100,281.89,100,IBM
2025-10-01,9:50:38.384289399,T,281.25,100,281.89,100,IBM
2025-10-01,9:50:38.384314373,T,281.23,100,281.89,100,IBM
2025-10-01,9:50:40.075109488,T,281.25,100,281.89,100,IBM
2025-10-01,9:50:40.213173193,T,281.25,200,281.89,100,IBM
2025-10-01,9:50:40.213208252,T,281.25,100,281.89,100,IBM
2025-10-01,9:50:40.213208252,T,281.25,200,281.89,100,IBM
2025-10-01,9:50:40.213238330,T,281.25,100,281.89,100,IBM
2025-10-01,9:50:40.685918609,T,281.45,100,281.89,100,IBM
2025-10-01,9:50:41.438394979,T,281.45,100,281.82,100,IBM
2025-10-01,9:50:43.677470459,T,281.25,100,281.82,100,IBM
2025-10-01,9:50:44.179129682,T,281.31,100,281.82,100,IBM
2025-10-01,9:50:44.716990125,T,281.25,100,281.82,100,IBM
2025-10-01,9:50:44.817850251,T,281.44,100,281.82,100,IBM
2025-10-01,9:50:46.400608213,T,281.25,100,281.82,100,IBM
2025-10-01,9:50:46.402031574,T,281.44,100,281.82,100,IBM
2025-10-01,9:50:47.404347856,T,281.25,100,281.82,100,IBM
2025-10-01,9:50:47.508756361,T,281.26,100,281.82,100,IBM
2025-10-01,9:50:49.040718536,T,281.25,200,281.82,100,IBM
2025-10-01,9:50:49.040743545,T,281.25,100,281.82,100,IBM
2025-10-01,9:50:53.112361688,T,281.38,100,281.82,100,IBM
2025-10-01,9:50:53.114191062,T,281.31,100,281.82,100,IBM
2025-10-01,9:50:53.135426771,T,281.25,100,281.82,100,IBM
2025-10-01,9:50:53.569154205,T,281.25,100,282.06,100,IBM
2025-10-01,9:50:53.569184226,T,281.26,100,282.06,100,IBM
2025-10-01,9:50:53.682118156,T,281.26,100,281.88,100,IBM
2025-10-01,9:50:54.041187931,T,281.25,100,281.88,100,IBM
2025-10-01,9:50:54.286075996,T,281.25,300,281.88,100,IBM
2025-10-01,9:50:55.063281223,T,281.44,100,281.88,100,IBM
2025-10-01,9:51:01.015576770,T,281.44,100,281.88,200,IBM
2025-10-01,9:51:16.679863030,T,281.44,100,281.88,100,IBM
2025-10-01,9:51:23.716775640,T,281.44,100,281.88,200,IBM
2025-10-01,9:51:29.470488148,T,281.51,100,281.88,200,IBM
2025-10-01,9:51:29.470703720,T,281.51,200,281.88,200,IBM
2025-10-01,9:51:29.611584130,T,281.51,200,281.88,100,IBM
2025-10-01,9:51:29.767710790,T,281.51,200,281.89,100,IBM
2025-10-01,9:51:29.767720996,T,281.51,200,282.07,200,IBM
2025-10-01,9:51:29.768031486,T,281.88,100,282.07,200,IBM
2025-10-01,9:51:29.768557758,T,281.51,100,282.07,200,IBM
2025-10-01,9:51:29.768607930,T,281.52,100,282.07,200,IBM
2025-10-01,9:51:29.768632943,T,281.65,100,282.07,200,IBM
2025-10-01,9:51:29.768783420,T,281.66,100,282.07,200,IBM
2025-10-01,9:51:29.769023917,T,281.88,100,282.07,200,IBM
2025-10-01,9:51:29.774106039,T,281.74,100,282.07,200,IBM
2025-10-01,9:51:29.774191172,T,281.86,100,282.07,200,IBM
2025-10-01,9:51:29.778105576,T,281.86,100,282.29,100,IBM
2025-10-01,9:51:29.778666898,T,281.74,100,282.29,100,IBM
2025-10-01,9:51:29.779719402,T,281.74,100,282.06,200,IBM
2025-10-01,9:51:29.779739399,T,281.7,100,282.06,200,IBM
2025-10-01,9:51:29.787021721,T,281.7,100,282.06,100,IBM
2025-10-01,9:51:29.787041916,T,281.7,100,282.07,100,IBM
2025-10-01,9:51:29.787041916,T,281.7,100,282.29,100,IBM
2025-10-01,9:51:29.787071826,T,281.73,100,282.29,100,IBM
2025-10-01,9:51:29.787071826,T,281.74,100,282.29,100,IBM
2025-10-01,9:51:29.787086867,T,281.87,100,282.29,100,IBM
2025-10-01,9:51:29.787312427,T,281.87,100,282.07,100,IBM
2025-10-01,9:51:29.788089242,T,281.85,100,282.07,100,IBM
2025-10-01,9:51:29.790234430,T,281.74,100,282.07,100,IBM
2025-10-01,9:51:29.799030329,T,281.7,100,282.07,100,IBM
2025-10-01,9:51:29.809079314,T,281.7,100,282.29,100,IBM
2025-10-01,9:51:29.809109322,T,281.74,100,282.29,100,IBM
2025-10-01,9:51:29.809124318,T,281.86,100,282.29,100,IBM
2025-10-01,9:51:29.810743177,T,281.86,100,282.38,200,IBM
2025-10-01,9:51:29.821042738,T,281.74,100,282.38,200,IBM
2025-10-01,9:51:29.909418191,T,281.65,100,282.38,200,IBM
2025-10-01,9:51:29.986737230,T,281.66,100,282.38,200,IBM
2025-10-01,9:51:32.176334864,T,281.66,100,282.15,100,IBM
2025-10-01,9:51:32.494702773,T,281.81,100,282.15,100,IBM
2025-10-01,9:51:34.897598140,T,281.81,100,282.13,100,IBM
2025-10-01,9:51:35.120694265,T,281.81,100,282.13,200,IBM
2025-10-01,9:51:36.398406140,T,281.81,100,282.12,100,IBM
2025-10-01,9:51:36.398451187,T,281.81,100,282.12,200,IBM
2025-10-01,9:51:36.909728385,T,281.81,100,282.12,300,IBM
2025-10-01,9:51:41.394760593,T,281.74,100,282.12,300,IBM
2025-10-01,9:51:41.394790657,T,281.69,100,282.12,300,IBM
2025-10-01,9:51:43.578128485,T,281.69,100,282.12,200,IBM
2025-10-01,9:51:43.856601504,T,281.69,100,282.12,300,IBM
2025-10-01,9:51:46.646758841,T,281.69,100,282.12,400,IBM
2025-10-01,9:51:48.577841086,T,281.69,100,282.12,300,IBM
2025-10-01,9:51:56.128251066,T,281.62,100,282.12,300,IBM
2025-10-01,9:52:00.918820811,T,281.62,100,282.12,200,IBM
2025-10-01,9:52:00.918846138,T,281.62,100,282.11,100,IBM
2025-10-01,9:52:00.918866247,T,281.62,100,282.12,200,IBM
2025-10-01,9:52:00.918885974,T,281.62,100,282.1,100,IBM
2025-10-01,9:52:00.918890999,T,281.62,100,281.89,100,IBM
2025-10-01,9:52:00.918915989,T,281.62,100,282.1,100,IBM
2025-10-01,9:52:00.918941034,T,281.62,100,282.12,200,IBM
2025-10-01,9:52:00.918941034,T,281.62,100,281.83,100,IBM
2025-10-01,9:52:00.918971710,T,281.62,100,282.12,200,IBM
2025-10-01,9:52:00.919011310,T,281.62,100,282.11,100,IBM
2025-10-01,9:52:00.919011310,T,281.62,100,282.12,200,IBM
2025-10-01,9:52:00.919016250,T,281.62,100,282.1,100,IBM
2025-10-01,9:52:00.919938451,T,281.62,100,282.12,200,IBM
2025-10-01,9:52:00.928864798,T,281.62,200,282.12,200,IBM
2025-10-01,9:52:01.019335217,T,281.62,100,282.12,200,IBM
2025-10-01,9:52:01.851325780,T,281.62,100,282.12,100,IBM
2025-10-01,9:52:03.154377743,T,281.62,100,282.09,100,IBM
2025-10-01,9:52:05.168638011,T,281.62,100,282.09,200,IBM
2025-10-01,9:52:06.012411771,T,281.62,100,282.09,300,IBM
2025-10-01,9:52:08.234762431,T,281.49,100,282.09,300,IBM
2025-10-01,9:52:12.974651396,T,281.49,100,282.09,200,IBM
2025-10-01,9:52:12.975879342,T,281.49,100,282.09,300,IBM
2025-10-01,9:52:13.088617749,T,281.49,100,282.09,200,IBM
2025-10-01,9:52:13.351262978,T,281.49,100,282.09,100,IBM
2025-10-01,9:52:14.553209596,T,281.49,100,282.09,200,IBM
2025-10-01,9:52:14.981368909,T,281.49,100,282.07,100,IBM
2025-10-01,9:52:14.981794946,T,281.49,100,282.07,200,IBM
2025-10-01,9:52:15.106276229,T,281.49,100,282.07,300,IBM
2025-10-01,9:52:15.106501769,T,281.49,100,282.07,400,IBM
2025-10-01,9:52:15.661292416,T,281.49,100,282.06,100,IBM
2025-10-01,9:52:15.661753550,T,281.49,100,282.06,200,IBM
2025-10-01,9:52:16.055746444,T,281.49,100,282.06,300,IBM
2025-10-01,9:52:16.988998182,T,281.49,100,282.05,100,IBM
2025-10-01,9:52:16.989103439,T,281.49,100,282.05,200,IBM
2025-10-01,9:52:16.989965551,T,281.49,100,282.05,300,IBM
2025-10-01,9:52:18.997765344,T,281.49,100,282.04,100,IBM
2025-10-01,9:52:20.995260661,T,281.49,100,282.03,100,IBM
2025-10-01,9:52:27.890250257,T,281.49,100,282.02,100,IBM
2025-10-01,9:52:30.909678398,T,281.49,100,282.0,100,IBM
2025-10-01,9:52:32.782381601,T,281.49,100,282.0,200,IBM
2025-10-01,9:52:32.782717361,T,281.49,100,282.0,300,IBM
2025-10-01,9:52:32.782993034,T,281.49,100,282.0,400,IBM
2025-10-01,9:52:32.783028147,T,281.49,100,281.99,100,IBM
2025-10-01,9:52:32.784100635,T,281.49,100,282.0,500,IBM
2025-10-01,9:52:32.784230935,T,281.49,100,282.0,400,IBM
2025-10-01,9:52:32.784236022,T,281.49,100,282.0,500,IBM
2025-10-01,9:52:32.787969864,T,281.49,100,282.0,400,IBM
2025-10-01,9:52:32.792525735,T,281.49,100,282.0,300,IBM
2025-10-01,9:52:32.792731244,T,281.49,100,282.0,200,IBM
2025-10-01,9:52:32.793051982,T,281.49,100,282.0,100,IBM
2025-10-01,9:52:32.824316384,T,281.49,100,282.0,200,IBM
2025-10-01,9:52:32.873884435,T,281.49,100,282.0,300,IBM
2025-10-01,9:52:33.373759431,T,281.49,100,282.0,400,IBM
2025-10-01,9:52:33.518443866,T,281.49,100,282.0,300,IBM
2025-10-01,9:52:33.518654317,T,281.49,100,282.0,200,IBM
2025-10-01,9:52:35.434440190,T,281.49,100,281.91,100,IBM
2025-10-01,9:52:35.568774971,T,281.49,100,281.91,200,IBM
2025-10-01,9:52:36.218752311,T,281.49,100,281.91,100,IBM
2025-10-01,9:52:44.048867941,T,281.49,100,281.91,200,IBM
2025-10-01,9:52:44.050692586,T,281.49,100,281.9,100,IBM
2025-10-01,9:52:44.051113371,T,281.49,100,281.9,200,IBM
2025-10-01,9:52:44.093248678,T,281.49,100,281.9,300,IBM
2025-10-01,9:52:44.533206034,T,281.49,100,281.9,200,IBM
2025-10-01,9:52:49.076191323,T,281.49,100,281.9,100,IBM
2025-10-01,9:53:05.994643166,T,281.49,100,281.91,100,IBM
2025-10-01,9:53:05.994663226,T,281.49,100,282.13,200,IBM
2025-10-01,9:53:05.994668234,T,281.66,100,282.13,200,IBM
2025-10-01,9:53:05.994693224,T,281.67,100,282.13,200,IBM
2025-10-01,9:53:05.994708326,T,281.7,100,282.13,200,IBM
2025-10-01,9:53:05.994968944,T,281.78,100,282.13,200,IBM
2025-10-01,9:53:05.996186855,T,281.67,200,282.13,200,IBM
2025-10-01,9:53:05.996322095,T,281.78,100,282.13,200,IBM
2025-10-01,9:53:05.997645255,T,281.8,100,282.13,200,IBM
2025-10-01,9:53:05.997685775,T,281.83,100,282.13,200,IBM
2025-10-01,9:53:06.000276515,T,281.83,100,282.5,100,IBM
2025-10-01,9:53:06.000286557,T,281.83,100,282.33,200,IBM
2025-10-01,9:53:06.006957434,T,281.78,100,282.33,200,IBM
2025-10-01,9:53:06.018179148,T,281.74,100,282.33,200,IBM
2025-10-01,9:53:06.098395100,T,281.64,100,282.33,200,IBM
2025-10-01,9:53:06.098420156,T,281.63,100,282.33,200,IBM
2025-10-01,9:53:06.098620655,T,281.64,100,282.33,200,IBM
2025-10-01,9:53:06.211805107,T,281.64,100,282.15,100,IBM
2025-10-01,9:53:06.212030669,T,281.63,100,282.15,100,IBM
2025-10-01,9:53:06.244302457,T,281.52,100,282.15,100,IBM
2025-10-01,9:53:06.244327780,T,281.49,200,282.15,100,IBM
2025-10-01,9:53:06.244332512,T,281.49,100,282.15,100,IBM
2025-10-01,9:53:06.503810320,T,281.59,100,282.15,100,IBM
2025-10-01,9:53:07.948694974,T,281.49,100,282.15,100,IBM
2025-10-01,9:53:11.478874065,T,281.49,100,282.13,100,IBM
2025-10-01,9:53:13.300786433,T,281.49,100,282.13,200,IBM
2025-10-01,9:53:13.447791434,T,281.53,100,282.13,200,IBM
2025-10-01,9:53:16.228997484,T,281.53,100,282.12,100,IBM
2025-10-01,9:53:16.448389773,T,281.53,100,282.12,200,IBM
2025-10-01,9:53:16.714217617,T,281.53,100,282.12,100,IBM
2025-10-01,9:53:16.775338113,T,281.53,100,282.11,100,IBM
2025-10-01,9:53:16.775358143,T,281.53,100,282.12,100,IBM
2025-10-01,9:53:16.775543630,T,281.59,100,282.12,100,IBM
2025-10-01,9:53:16.775698919,T,281.53,100,282.12,100,IBM
2025-10-01,9:53:16.795851917,T,281.59,100,282.12,100,IBM
2025-10-01,9:53:18.929741981,T,281.68,100,282.12,100,IBM
2025-10-01,9:53:20.252094973,T,281.68,100,282.12,200,IBM
2025-10-01,9:53:20.920200564,T,281.59,100,282.12,200,IBM
2025-10-01,9:53:21.297493697,T,281.49,200,282.12,200,IBM
2025-10-01,9:53:21.851652876,T,281.52,100,282.12,200,IBM
2025-10-01,9:53:23.168126958,T,281.49,200,282.12,200,IBM
2025-10-01,9:53:25.639736093,T,281.52,100,282.12,200,IBM
2025-10-01,9:53:25.639766179,T,281.63,100,282.12,200,IBM
2025-10-01,9:53:26.710685626,T,281.49,200,282.12,200,IBM
2025-10-01,9:53:29.450277543,T,281.55,200,282.12,200,IBM
2025-10-01,9:53:33.028881921,T,281.67,100,282.12,200,IBM
2025-10-01,9:53:33.666023843,T,281.67,100,282.12,100,IBM
2025-10-01,9:53:33.666058908,T,281.67,100,282.33,200,IBM
2025-10-01,9:53:33.666058908,T,281.84,100,282.33,200,IBM
2025-10-01,9:53:33.666083964,T,281.9,100,282.33,200,IBM
2025-10-01,9:53:33.666109015,T,281.91,100,282.33,200,IBM
2025-10-01,9:53:33.666665676,T,281.94,100,282.33,200,IBM
2025-10-01,9:53:33.667091390,T,281.91,100,282.33,200,IBM
2025-10-01,9:53:33.667943324,T,281.91,100,282.66,100,IBM
2025-10-01,9:53:33.667948357,T,281.91,100,282.51,200,IBM
2025-10-01,9:53:33.676558900,T,281.84,100,282.51,200,IBM
2025-10-01,9:53:33.766167151,T,281.73,100,282.51,200,IBM
2025-10-01,9:53:34.324195675,T,281.73,100,282.23,100,IBM
2025-10-01,9:53:34.808558728,T,281.63,100,282.23,100,IBM
2025-10-01,9:53:34.867203319,T,281.59,100,282.23,100,IBM
2025-10-01,9:53:34.868050392,T,281.66,100,282.23,100,IBM
2025-10-01,9:53:35.604453496,T,281.66,100,282.23,200,IBM
2025-10-01,9:53:35.920265289,T,281.59,100,282.23,200,IBM
2025-10-01,9:53:35.920295366,T,281.55,200,282.23,200,IBM
2025-10-01,9:53:43.895210678,T,281.66,100,282.23,200,IBM
2025-10-01,9:53:45.831079411,T,281.55,200,282.23,200,IBM
2025-10-01,9:53:46.456859211,T,281.55,200,282.23,100,IBM
2025-10-01,9:53:52.443561168,T,281.53,100,282.23,100,IBM
2025-10-01,9:53:52.443566104,T,281.69,200,282.23,100,IBM
2025-10-01,9:54:24.485311300,T,281.81,100,282.23,100,IBM
2025-10-01,9:54:24.485521756,T,281.81,200,282.23,100,IBM
2025-10-01,9:54:25.071015525,T,281.81,100,282.23,100,IBM
2025-10-01,9:54:28.712118937,T,281.69,200,282.23,100,IBM
2025-10-01,9:54:35.081862760,T,281.87,100,282.23,100,IBM
2025-10-01,9:54:35.081867705,T,281.87,200,282.23,100,IBM
