DATE,TIME_M,EX,BID,BIDSIZ,ASK,ASKSIZ,SYM_ROOT
2025-10-30,9:30:00.584548986,T,304.88,100,309.57,100,IBM
2025-10-30,9:30:00.613733059,T,304.88,100,308.61,100,IBM
2025-10-30,9:30:01.063854906,T,304.88,100,308.0,100,IBM
2025-10-30,9:30:01.077251788,T,305.55,100,308.0,100,IBM
2025-10-30,9:30:01.077557540,T,304.88,100,308.0,100,IBM
2025-10-30,9:30:01.078539839,T,305.1,100,308.0,100,IBM
2025-10-30,9:30:01.082759970,T,304.88,100,308.0,100,IBM
2025-10-30,9:30:02.222403262,T,305.0,100,308.0,100,IBM
2025-10-30,9:30:02.222473237,T,305.1,100,308.0,100,IBM
2025-10-30,9:30:02.222598501,T,305.0,100,308.0,100,IBM
2025-10-30,9:30:02.222628638,T,305.0,100,307.28,100,IBM
2025-10-30,9:30:02.222633641,T,305.1,100,307.28,100,IBM
2025-10-30,9:30:02.242626182,T,305.1,100,308.0,100,IBM
2025-10-30,9:30:02.317158669,T,305.5,100,308.0,100,IBM
2025-10-30,9:30:02.317193734,T,305.55,100,308.0,100,IBM
2025-10-30,9:30:03.059611107,T,305.5,100,308.0,100,IBM
2025-10-30,9:30:03.276572608,T,305.55,100,308.0,100,IBM
2025-10-30,9:30:08.392216209,T,305.55,100,307.0,200,IBM
2025-10-30,9:30:08.909472726,T,305.55,100,308.0,100,IBM
2025-10-30,9:30:13.277862690,T,305.51,100,308.0,100,IBM
2025-10-30,9:30:13.336456919,T,305.55,100,308.0,100,IBM
2025-10-30,9:30:13.336482057,T,305.51,100,308.0,100,IBM
2025-10-30,9:30:13.336482057,T,305.55,100,308.0,100,IBM
2025-10-30,9:30:13.337188664,T,305.55,100,307.25,100,IBM
2025-10-30,9:30:13.337213786,T,305.51,100,307.25,100,IBM
2025-10-30,9:30:13.337644767,T,305.51,100,307.25,200,IBM
2025-10-30,9:30:13.337765131,T,305.51,100,307.25,300,IBM
2025-10-30,9:30:14.135399050,T,305.5,100,307.25,300,IBM
2025-10-30,9:30:14.135404014,T,305.53,100,307.25,300,IBM
2025-10-30,9:30:16.822200667,T,305.5,100,307.25,300,IBM
2025-10-30,9:30:16.822235683,T,305.55,100,307.25,300,IBM
2025-10-30,9:30:21.429133065,T,305.5,100,307.25,300,IBM
2025-10-30,9:30:21.429168140,T,305.55,100,307.25,300,IBM
2025-10-30,9:30:21.468567007,T,305.57,100,307.25,300,IBM
2025-10-30,9:30:21.468572370,T,305.57,100,307.25,200,IBM
2025-10-30,9:30:21.468597054,T,305.57,100,307.25,100,IBM
2025-10-30,9:30:21.468632361,T,305.57,100,308.0,100,IBM
2025-10-30,9:30:21.468632361,T,305.55,100,308.0,100,IBM
2025-10-30,9:30:21.468637105,T,305.57,100,308.0,100,IBM
2025-10-30,9:30:21.468652232,T,307.25,100,308.0,100,IBM
2025-10-30,9:30:21.468797589,T,305.57,100,308.0,100,IBM
2025-10-30,9:30:21.469724741,T,305.78,100,308.0,100,IBM
2025-10-30,9:30:21.471599226,T,305.57,100,308.0,100,IBM
2025-10-30,9:30:22.272024742,T,305.55,100,308.0,100,IBM
2025-10-30,9:30:22.272059932,T,305.59,100,308.0,100,IBM
2025-10-30,9:30:22.839581013,T,305.55,100,308.0,100,IBM
2025-10-30,9:30:23.374484571,T,305.1,100,308.0,100,IBM
2025-10-30,9:30:23.374519657,T,305.55,100,308.0,100,IBM
2025-10-30,9:30:24.453162609,T,305.55,100,307.6,200,IBM
2025-10-30,9:30:27.557573277,T,305.61,100,307.6,200,IBM
2025-10-30,9:30:28.050722312,T,305.51,100,307.6,200,IBM
2025-10-30,9:30:28.050757418,T,305.63,100,307.6,200,IBM
2025-10-30,9:30:29.833170810,T,305.55,100,307.6,200,IBM
2025-10-30,9:30:29.833205881,T,305.65,100,307.6,200,IBM
2025-10-30,9:30:30.051104725,T,305.65,100,307.55,100,IBM
2025-10-30,9:30:30.079051219,T,305.65,100,307.6,200,IBM
2025-10-30,9:30:30.079061275,T,305.86,100,307.6,200,IBM
2025-10-30,9:30:30.086749498,T,305.65,100,307.6,200,IBM
2025-10-30,9:30:30.551175139,T,305.65,100,307.55,100,IBM
2025-10-30,9:30:30.558853375,T,305.65,100,307.6,200,IBM
2025-10-30,9:30:30.946145458,T,305.65,100,308.0,200,IBM
2025-10-30,9:30:30.946170545,T,305.65,100,308.0,100,IBM
2025-10-30,9:30:31.052132855,T,305.65,100,307.58,100,IBM
2025-10-30,9:30:31.052177963,T,305.88,100,307.58,100,IBM
2025-10-30,9:30:31.332079348,T,305.84,100,307.58,100,IBM
2025-10-30,9:30:31.339973154,T,305.84,100,308.0,100,IBM
2025-10-30,9:30:31.347952071,T,305.65,100,308.0,100,IBM
2025-10-30,9:30:31.555797020,T,305.65,100,307.55,100,IBM
2025-10-30,9:30:31.555847371,T,305.65,100,308.0,100,IBM
2025-10-30,9:30:31.555847371,T,305.84,100,308.0,100,IBM
2025-10-30,9:30:31.563565501,T,305.65,100,308.0,100,IBM
2025-10-30,9:30:32.058423561,T,305.65,100,307.55,100,IBM
2025-10-30,9:30:32.066141993,T,305.65,100,308.0,100,IBM
2025-10-30,9:30:32.066151974,T,305.84,100,308.0,100,IBM
2025-10-30,9:30:32.068432450,T,305.65,100,308.0,100,IBM
2025-10-30,9:30:32.566057083,T,305.65,100,307.55,100,IBM
2025-10-30,9:30:32.573715294,T,305.65,100,308.0,100,IBM
2025-10-30,9:30:32.573725284,T,305.84,100,308.0,100,IBM
2025-10-30,9:30:32.573825573,T,305.65,100,308.0,100,IBM
2025-10-30,9:30:33.120361733,T,305.65,100,307.55,100,IBM
2025-10-30,9:30:33.128095137,T,305.65,100,308.0,100,IBM
2025-10-30,9:30:33.128110140,T,305.84,100,308.0,100,IBM
2025-10-30,9:30:33.128175303,T,305.65,100,308.0,100,IBM
2025-10-30,9:30:34.537821187,T,305.51,100,308.0,100,IBM
2025-10-30,9:30:34.537861284,T,305.67,100,308.0,100,IBM
2025-10-30,9:30:34.787149717,T,305.67,100,307.55,100,IBM
2025-10-30,9:30:34.795033500,T,305.67,100,308.0,100,IBM
2025-10-30,9:30:34.795038557,T,305.84,100,308.0,100,IBM
2025-10-30,9:30:34.797163531,T,305.67,100,308.0,100,IBM
2025-10-30,9:30:35.605492916,T,305.51,100,308.0,100,IBM
2025-10-30,9:30:35.605527961,T,305.69,100,308.0,100,IBM
2025-10-30,9:30:36.454594742,T,305.69,100,307.55,100,IBM
2025-10-30,9:30:36.462553468,T,305.69,100,308.0,100,IBM
2025-10-30,9:30:36.462563473,T,305.84,100,308.0,100,IBM
2025-10-30,9:30:36.464613330,T,305.69,100,308.0,100,IBM
2025-10-30,9:30:38.122851106,T,305.69,100,307.55,100,IBM
2025-10-30,9:30:38.122886217,T,305.69,100,308.0,100,IBM
2025-10-30,9:30:39.158000415,T,305.51,100,308.0,100,IBM
2025-10-30,9:30:39.158035532,T,305.69,100,308.0,100,IBM
2025-10-30,9:30:39.792125102,T,305.69,100,307.55,100,IBM
2025-10-30,9:30:39.800149225,T,305.69,100,308.0,100,IBM
2025-10-30,9:30:41.454758320,T,305.69,100,307.55,100,IBM
2025-10-30,9:30:41.462817527,T,305.69,100,308.0,100,IBM
2025-10-30,9:30:41.587554385,T,305.69,100,307.22,100,IBM
2025-10-30,9:30:41.587639593,T,305.55,100,307.22,100,IBM
2025-10-30,9:30:47.045653569,T,305.55,100,307.22,200,IBM
2025-10-30,9:30:47.045683621,T,305.55,100,307.22,100,IBM
2025-10-30,9:30:47.046726130,T,305.55,100,307.55,100,IBM
2025-10-30,9:30:52.397289181,T,305.55,100,308.0,100,IBM
2025-10-30,9:30:52.476577896,T,305.55,100,307.22,100,IBM
2025-10-30,9:30:54.201449332,T,305.55,100,307.22,200,IBM
2025-10-30,9:30:54.201484425,T,305.55,100,307.22,100,IBM
2025-10-30,9:30:54.202973113,T,305.55,100,307.55,100,IBM
2025-10-30,9:30:54.206666759,T,305.55,100,308.0,100,IBM
2025-10-30,9:30:54.283885659,T,305.55,100,307.22,100,IBM
2025-10-30,9:30:55.111962015,T,305.51,100,307.22,100,IBM
2025-10-30,9:30:55.111997174,T,305.55,100,307.22,100,IBM
2025-10-30,9:30:57.527417527,T,305.55,100,308.0,100,IBM
2025-10-30,9:30:57.602365994,T,305.55,100,307.21,100,IBM
2025-10-30,9:30:58.056868038,T,305.5,100,307.21,100,IBM
2025-10-30,9:30:58.056903089,T,305.55,100,307.21,100,IBM
2025-10-30,9:31:00.299672434,T,305.51,100,307.21,100,IBM
2025-10-30,9:31:00.299702500,T,305.5,100,307.21,100,IBM
2025-10-30,9:31:00.590554937,T,306.0,200,307.21,100,IBM
2025-10-30,9:31:02.444934812,T,306.0,200,307.54,200,IBM
2025-10-30,9:31:05.640171490,T,305.79,100,307.54,200,IBM
2025-10-30,9:31:05.640171490,T,306.3,200,307.54,200,IBM
2025-10-30,9:31:12.453501931,T,306.3,200,308.0,100,IBM
2025-10-30,9:31:12.453507035,T,306.3,200,307.89,200,IBM
2025-10-30,9:31:17.715213546,T,306.38,100,307.89,200,IBM
2025-10-30,9:31:17.715243616,T,306.43,100,307.89,200,IBM
2025-10-30,9:31:17.715514271,T,306.43,200,307.89,200,IBM
2025-10-30,9:31:17.928150515,T,306.43,100,307.89,200,IBM
2025-10-30,9:31:17.945446616,T,306.43,200,307.89,200,IBM
2025-10-30,9:31:18.137689368,T,306.43,100,307.89,200,IBM
2025-10-30,9:31:20.488831709,T,306.55,100,307.89,200,IBM
2025-10-30,9:31:20.488982060,T,307.04,100,307.89,200,IBM
2025-10-30,9:31:20.489327831,T,306.66,100,307.89,200,IBM
2025-10-30,9:31:20.489513340,T,307.04,100,307.89,200,IBM
2025-10-30,9:31:20.489523284,T,307.04,200,307.89,200,IBM
2025-10-30,9:31:20.492039345,T,307.04,100,307.89,200,IBM
2025-10-30,9:31:20.492821244,T,307.04,100,308.0,100,IBM
2025-10-30,9:31:20.493467793,T,307.04,100,308.22,100,IBM
2025-10-30,9:31:20.493472849,T,307.04,100,308.27,100,IBM
2025-10-30,9:31:20.493472849,T,307.04,100,308.45,200,IBM
2025-10-30,9:31:20.493502945,T,307.24,100,308.45,200,IBM
2025-10-30,9:31:20.493532952,T,307.29,100,308.45,200,IBM
2025-10-30,9:31:20.493542912,T,307.32,100,308.45,200,IBM
2025-10-30,9:31:20.493547899,T,307.24,100,308.45,200,IBM
2025-10-30,9:31:20.493547899,T,307.32,100,308.45,200,IBM
2025-10-30,9:31:20.493578088,T,307.4,100,308.45,200,IBM
2025-10-30,9:31:20.493978932,T,307.56,100,308.45,200,IBM
2025-10-30,9:31:20.494039149,T,307.4,100,308.45,200,IBM
2025-10-30,9:31:20.494079143,T,307.66,100,308.45,200,IBM
2025-10-30,9:31:20.494560363,T,307.56,100,308.45,200,IBM
2025-10-30,9:31:20.497552506,T,307.33,100,308.45,200,IBM
2025-10-30,9:31:20.498730276,T,307.04,100,308.45,200,IBM
2025-10-30,9:31:20.500163722,T,306.3,200,308.45,200,IBM
2025-10-30,9:31:20.500233835,T,306.3,300,308.45,200,IBM
2025-10-30,9:31:20.500243843,T,306.38,100,308.45,200,IBM
2025-10-30,9:31:20.500268936,T,306.55,100,308.45,200,IBM
2025-10-30,9:31:20.500399219,T,306.65,100,308.45,200,IBM
2025-10-30,9:31:20.509445768,T,306.55,200,308.45,200,IBM
2025-10-30,9:31:20.528907800,T,306.55,100,308.45,200,IBM
2025-10-30,9:31:20.538454848,T,306.55,200,308.45,200,IBM
2025-10-30,9:31:20.734842356,T,306.72,100,308.45,200,IBM
2025-10-30,9:31:20.734897469,T,306.65,100,308.45,200,IBM
2025-10-30,9:31:21.341145902,T,306.55,100,308.45,200,IBM
2025-10-30,9:31:21.341416538,T,306.55,200,308.45,200,IBM
2025-10-30,9:31:21.341441517,T,306.65,100,308.45,200,IBM
2025-10-30,9:31:21.443268949,T,306.55,100,308.45,200,IBM
2025-10-30,9:31:21.489007833,T,306.55,200,308.45,200,IBM
2025-10-30,9:31:21.888639290,T,306.55,100,308.45,200,IBM
2025-10-30,9:31:21.888664288,T,306.55,200,308.45,200,IBM
2025-10-30,9:31:21.888664288,T,306.55,100,308.45,200,IBM
2025-10-30,9:31:21.888694374,T,306.65,100,308.45,200,IBM
2025-10-30,9:31:21.891460958,T,306.72,100,308.45,200,IBM
2025-10-30,9:31:21.891731586,T,306.72,200,308.45,200,IBM
2025-10-30,9:31:21.892954579,T,306.72,100,308.45,200,IBM
2025-10-30,9:31:33.074113653,T,306.72,100,308.61,100,IBM
2025-10-30,9:31:33.074118609,T,306.72,100,308.09,200,IBM
2025-10-30,9:31:34.826585667,T,306.87,200,308.09,200,IBM
2025-10-30,9:31:35.064341682,T,306.87,300,308.09,200,IBM
2025-10-30,9:31:39.575596793,T,306.87,100,308.09,200,IBM
2025-10-30,9:31:39.799354537,T,306.6,200,308.09,200,IBM
2025-10-30,9:31:39.799439696,T,306.38,100,308.09,200,IBM
2025-10-30,9:31:39.799444709,T,306.84,200,308.09,200,IBM
2025-10-30,9:31:40.107392880,T,306.21,100,308.09,200,IBM
2025-10-30,9:31:40.107402924,T,306.59,200,308.09,200,IBM
2025-10-30,9:31:40.107483153,T,306.88,100,308.09,200,IBM
2025-10-30,9:31:40.107753843,T,306.88,200,308.09,200,IBM
2025-10-30,9:31:40.108555649,T,306.88,100,308.09,200,IBM
2025-10-30,9:31:47.580960224,T,306.88,200,308.09,200,IBM
2025-10-30,9:31:47.581045444,T,306.94,100,308.09,200,IBM
2025-10-30,9:31:47.581055512,T,306.88,100,308.09,200,IBM
2025-10-30,9:31:47.581080522,T,306.88,200,308.09,200,IBM
2025-10-30,9:31:47.581120577,T,306.89,100,308.09,200,IBM
2025-10-30,9:31:47.581185727,T,306.94,100,308.09,200,IBM
2025-10-30,9:31:47.581471396,T,306.89,100,308.09,200,IBM
2025-10-30,9:31:47.581742053,T,306.89,200,308.09,200,IBM
2025-10-30,9:31:47.585330591,T,306.89,200,308.81,100,IBM
2025-10-30,9:31:47.585340628,T,306.89,200,308.65,200,IBM
2025-10-30,9:31:47.588613508,T,306.89,100,308.65,200,IBM
2025-10-30,9:31:47.593339659,T,306.87,100,308.65,200,IBM
2025-10-30,9:31:47.593580287,T,306.87,100,308.61,100,IBM
2025-10-30,9:31:47.593845944,T,306.87,200,308.61,100,IBM
2025-10-30,9:31:47.681183805,T,306.87,100,308.61,100,IBM
2025-10-30,9:31:47.814606457,T,306.87,100,308.63,100,IBM
2025-10-30,9:31:48.621241705,T,306.65,100,308.63,100,IBM
2025-10-30,9:31:49.814552617,T,306.65,100,308.65,200,IBM
2025-10-30,9:31:53.776179127,T,306.87,200,308.65,200,IBM
2025-10-30,9:32:03.738160570,T,306.87,200,308.81,100,IBM
2025-10-30,9:32:03.738165592,T,306.87,200,308.42,200,IBM
2025-10-30,9:32:07.398324207,T,306.87,200,308.42,300,IBM
2025-10-30,9:32:07.398324207,T,306.87,200,308.22,100,IBM
2025-10-30,9:32:07.398329595,T,306.87,200,307.99,100,IBM
2025-10-30,9:32:07.398394438,T,306.87,200,307.86,100,IBM
2025-10-30,9:32:07.398660084,T,306.87,200,307.79,100,IBM
2025-10-30,9:32:07.398690083,T,306.87,200,307.77,100,IBM
2025-10-30,9:32:07.398930666,T,306.87,200,307.86,100,IBM
2025-10-30,9:32:07.398955772,T,306.87,200,308.42,200,IBM
2025-10-30,9:32:07.399141354,T,306.87,200,308.61,100,IBM
2025-10-30,9:32:07.399146256,T,306.87,200,308.19,200,IBM
2025-10-30,9:32:07.399211757,T,306.87,200,308.04,100,IBM
2025-10-30,9:32:07.399251433,T,306.87,200,307.81,100,IBM
2025-10-30,9:32:07.399326629,T,306.87,200,308.04,100,IBM
2025-10-30,9:32:07.399422401,T,306.87,200,308.19,200,IBM
2025-10-30,9:32:07.399657480,T,306.87,300,308.19,200,IBM
2025-10-30,9:32:07.399682507,T,306.87,400,308.19,200,IBM
2025-10-30,9:32:07.399682507,T,307.04,100,308.19,200,IBM
2025-10-30,9:32:07.399702557,T,307.04,100,308.13,100,IBM
2025-10-30,9:32:07.399707593,T,306.87,400,308.13,100,IBM
2025-10-30,9:32:07.399722550,T,306.87,400,308.19,200,IBM
2025-10-30,9:32:07.399988229,T,306.87,300,308.19,200,IBM
2025-10-30,9:32:07.400053363,T,306.87,300,308.13,100,IBM
2025-10-30,9:32:07.400148572,T,306.87,300,308.04,100,IBM
2025-10-30,9:32:07.400153610,T,306.87,300,307.81,100,IBM
2025-10-30,9:32:07.400168578,T,306.87,300,308.13,100,IBM
2025-10-30,9:32:07.400178668,T,306.87,300,307.81,100,IBM
2025-10-30,9:32:07.400193678,T,306.87,300,308.13,100,IBM
2025-10-30,9:32:07.400198718,T,306.87,300,308.19,200,IBM
2025-10-30,9:32:07.400208731,T,306.87,300,308.04,100,IBM
2025-10-30,9:32:07.401176173,T,306.87,300,308.13,100,IBM
2025-10-30,9:32:07.408708973,T,306.87,400,308.13,100,IBM
2025-10-30,9:32:07.409716480,T,306.87,300,308.13,100,IBM
2025-10-30,9:32:07.409751415,T,306.87,300,308.19,200,IBM
2025-10-30,9:32:07.449876983,T,306.87,400,308.19,200,IBM
2025-10-30,9:32:07.450112494,T,307.04,100,308.19,200,IBM
2025-10-30,9:32:07.450142582,T,307.24,100,308.19,200,IBM
2025-10-30,9:32:07.451150014,T,307.04,100,308.19,200,IBM
2025-10-30,9:32:07.451290337,T,307.24,100,308.19,200,IBM
2025-10-30,9:32:07.459479871,T,306.87,500,308.19,200,IBM
2025-10-30,9:32:07.459509898,T,306.87,400,308.19,200,IBM
2025-10-30,9:32:07.460547521,T,306.87,300,308.19,200,IBM
2025-10-30,9:32:07.468651643,T,306.87,400,308.19,200,IBM
2025-10-30,9:32:07.468922322,T,306.87,500,308.19,200,IBM
2025-10-30,9:32:07.480830643,T,306.87,400,308.19,200,IBM
2025-10-30,9:32:08.051870235,T,306.87,500,308.19,200,IBM
2025-10-30,9:32:08.051910289,T,306.87,400,308.19,200,IBM
2025-10-30,9:32:08.845284044,T,306.87,400,308.61,100,IBM
2025-10-30,9:32:08.845289142,T,306.87,400,308.49,200,IBM
2025-10-30,9:32:11.836455064,T,306.87,400,308.61,100,IBM
2025-10-30,9:32:11.836460003,T,306.87,400,308.24,200,IBM
2025-10-30,9:32:15.524690671,T,306.87,300,308.24,200,IBM
2025-10-30,9:32:16.622013004,T,306.88,100,308.24,200,IBM
2025-10-30,9:32:16.626293239,T,306.87,300,308.24,200,IBM
2025-10-30,9:32:25.010909377,T,306.88,100,308.24,200,IBM
2025-10-30,9:32:25.011114886,T,307.29,100,308.24,200,IBM
2025-10-30,9:32:25.011380604,T,307.29,200,308.24,200,IBM
2025-10-30,9:32:25.011911817,T,307.29,100,308.24,200,IBM
2025-10-30,9:32:25.014753566,T,307.29,200,308.24,200,IBM
2025-10-30,9:32:25.015400149,T,307.29,100,308.24,200,IBM
2025-10-30,9:32:28.097808392,T,307.52,100,308.24,200,IBM
2025-10-30,9:32:28.097923614,T,307.61,100,308.24,200,IBM
2025-10-30,9:32:28.097963729,T,307.62,100,308.24,200,IBM
2025-10-30,9:32:28.097988999,T,307.61,100,308.24,200,IBM
2025-10-30,9:32:28.098023859,T,307.62,100,308.24,200,IBM
2025-10-30,9:32:28.098049018,T,307.61,100,308.24,200,IBM
2025-10-30,9:32:28.098089078,T,307.62,100,308.24,200,IBM
2025-10-30,9:32:28.098099023,T,307.61,100,308.24,200,IBM
2025-10-30,9:32:28.098444889,T,307.61,200,308.24,200,IBM
2025-10-30,9:32:28.098635372,T,307.66,100,308.24,200,IBM
2025-10-30,9:32:28.098900999,T,307.61,100,308.24,200,IBM
2025-10-30,9:32:28.098906049,T,307.61,100,308.24,100,IBM
2025-10-30,9:32:28.098926059,T,307.61,100,308.96,100,IBM
2025-10-30,9:32:28.098956151,T,307.66,100,308.96,100,IBM
2025-10-30,9:32:28.099472311,T,307.61,100,308.96,100,IBM
2025-10-30,9:32:28.099537538,T,307.66,100,308.96,100,IBM
2025-10-30,9:32:28.100564980,T,307.66,100,308.75,100,IBM
2025-10-30,9:32:28.100980969,T,307.66,100,308.81,100,IBM
2025-10-30,9:32:28.101031043,T,308.09,100,308.81,100,IBM
2025-10-30,9:32:28.101056097,T,308.16,100,308.81,100,IBM
2025-10-30,9:32:28.101091230,T,308.16,100,308.96,100,IBM
2025-10-30,9:32:28.101316762,T,307.98,100,308.96,100,IBM
2025-10-30,9:32:28.101361854,T,308.09,100,308.96,100,IBM
2025-10-30,9:32:28.101597401,T,308.09,100,309.01,100,IBM
2025-10-30,9:32:28.101602397,T,308.09,100,309.17,100,IBM
2025-10-30,9:32:28.101712709,T,307.98,100,309.17,100,IBM
2025-10-30,9:32:28.102033392,T,307.92,100,309.17,100,IBM
2025-10-30,9:32:28.102053456,T,307.92,100,308.67,100,IBM
2025-10-30,9:32:28.102073654,T,307.92,100,309.01,100,IBM
2025-10-30,9:32:28.102073654,T,307.77,100,309.01,100,IBM
2025-10-30,9:32:28.102078581,T,307.77,100,309.17,100,IBM
2025-10-30,9:32:28.102103654,T,307.62,100,309.17,100,IBM
2025-10-30,9:32:28.102129042,T,307.62,100,309.01,100,IBM
2025-10-30,9:32:28.102133684,T,307.61,100,309.01,100,IBM
2025-10-30,9:32:28.102138997,T,307.62,100,309.01,100,IBM
2025-10-30,9:32:28.102144131,T,307.61,100,309.01,100,IBM
2025-10-30,9:32:28.102419363,T,307.61,100,308.96,100,IBM
2025-10-30,9:32:28.102429344,T,307.61,100,309.01,100,IBM
2025-10-30,9:32:28.102454765,T,307.61,100,309.17,100,IBM
2025-10-30,9:32:28.102464463,T,307.62,100,309.17,100,IBM
2025-10-30,9:32:28.102509538,T,307.65,100,309.17,100,IBM
2025-10-30,9:32:28.102614950,T,307.77,100,309.17,100,IBM
2025-10-30,9:32:28.102629887,T,308.17,100,309.17,100,IBM
2025-10-30,9:32:28.102644977,T,307.77,100,309.17,100,IBM
2025-10-30,9:32:28.102715122,T,308.17,100,309.17,100,IBM
2025-10-30,9:32:28.102750293,T,308.18,100,309.17,100,IBM
2025-10-30,9:32:28.102835399,T,307.92,100,309.17,100,IBM
2025-10-30,9:32:28.103171169,T,307.92,100,309.01,100,IBM
2025-10-30,9:32:28.103176553,T,307.77,100,309.01,100,IBM
2025-10-30,9:32:28.103196220,T,307.77,100,309.17,100,IBM
2025-10-30,9:32:28.103281420,T,308.17,100,309.17,100,IBM
2025-10-30,9:32:28.103627251,T,307.92,100,309.17,100,IBM
2025-10-30,9:32:28.103942985,T,307.65,100,309.17,100,IBM
2025-10-30,9:32:28.105737238,T,307.77,100,309.17,100,IBM
2025-10-30,9:32:28.105767369,T,308.17,100,309.17,100,IBM
2025-10-30,9:32:28.107867387,T,307.77,100,309.17,100,IBM
2025-10-30,9:32:28.108062761,T,308.17,100,309.17,100,IBM
2025-10-30,9:32:28.111125058,T,308.17,200,309.17,100,IBM
2025-10-30,9:32:28.201004023,T,308.17,100,309.17,100,IBM
2025-10-30,9:32:28.844726507,T,308.17,100,309.24,300,IBM
2025-10-30,9:32:29.098225027,T,308.17,100,309.17,100,IBM
2025-10-30,9:32:32.115849456,T,308.17,100,309.24,200,IBM
2025-10-30,9:32:32.115874098,T,308.27,100,309.24,200,IBM
2025-10-30,9:32:32.115899102,T,308.28,100,309.24,200,IBM
2025-10-30,9:32:32.115904149,T,308.29,100,309.24,200,IBM
2025-10-30,9:32:32.116054552,T,308.42,100,309.24,200,IBM
2025-10-30,9:32:32.116249936,T,308.56,100,309.24,200,IBM
2025-10-30,9:32:32.116300101,T,308.62,100,309.24,200,IBM
2025-10-30,9:32:32.120254470,T,308.62,100,309.71,100,IBM
2025-10-30,9:32:32.120745697,T,308.62,100,309.79,200,IBM
2025-10-30,9:32:32.125471955,T,308.22,100,309.79,200,IBM
2025-10-30,9:32:32.125507023,T,308.27,100,309.79,200,IBM
2025-10-30,9:32:32.166810396,T,308.27,200,309.79,200,IBM
2025-10-30,9:32:32.215937363,T,308.27,100,309.79,200,IBM
2025-10-30,9:32:33.116275851,T,308.27,100,309.79,300,IBM
2025-10-30,9:32:37.924537958,T,308.27,100,309.79,200,IBM
2025-10-30,9:32:37.924537958,T,308.27,200,309.79,200,IBM
2025-10-30,9:32:37.924984269,T,308.37,100,309.79,200,IBM
2025-10-30,9:32:37.925515255,T,308.63,100,309.79,200,IBM
2025-10-30,9:32:37.925525242,T,308.73,100,309.79,200,IBM
2025-10-30,9:32:37.925565378,T,308.75,100,309.79,200,IBM
2025-10-30,9:32:37.926537708,T,308.73,100,309.79,200,IBM
2025-10-30,9:32:37.927675679,T,308.75,100,309.79,200,IBM
2025-10-30,9:32:37.933479196,T,308.73,100,309.79,200,IBM
2025-10-30,9:32:37.935118212,T,308.63,100,309.79,200,IBM
2025-10-30,9:32:38.025518309,T,308.52,100,309.79,200,IBM
2025-10-30,9:32:38.025548357,T,308.37,100,309.79,200,IBM
2025-10-30,9:32:38.025788919,T,308.52,100,309.79,200,IBM
2025-10-30,9:32:38.134848611,T,308.37,100,309.79,200,IBM
2025-10-30,9:32:38.144707058,T,308.37,200,309.79,200,IBM
2025-10-30,9:32:38.274215446,T,308.37,200,309.71,100,IBM
2025-10-30,9:32:38.278470642,T,308.37,100,309.71,100,IBM
2025-10-30,9:32:38.283818362,T,308.37,100,309.79,200,IBM
2025-10-30,9:32:57.480439279,T,308.37,200,309.79,200,IBM
2025-10-30,9:32:57.480464410,T,308.37,100,309.79,200,IBM
2025-10-30,9:33:00.052181875,T,308.37,100,309.79,300,IBM
2025-10-30,9:33:01.175035134,T,308.37,100,309.79,200,IBM
2025-10-30,9:33:03.425041536,T,308.09,100,309.79,200,IBM
2025-10-30,9:33:10.439701245,T,308.07,100,309.79,200,IBM
2025-10-30,9:33:18.152643468,T,308.06,200,309.79,200,IBM
2025-10-30,9:33:18.152673475,T,308.06,200,309.79,300,IBM
2025-10-30,9:33:18.152673475,T,308.06,200,309.71,100,IBM
2025-10-30,9:33:18.162261324,T,308.06,200,309.79,300,IBM
2025-10-30,9:33:18.253032434,T,308.06,200,309.79,200,IBM
2025-10-30,9:33:19.602339973,T,308.06,200,309.79,300,IBM
2025-10-30,9:33:19.602390124,T,308.06,200,309.71,100,IBM
2025-10-30,9:33:19.602420155,T,308.06,200,309.59,100,IBM
2025-10-30,9:33:19.602420155,T,308.06,200,309.71,100,IBM
2025-10-30,9:33:19.602525412,T,308.06,200,309.45,100,IBM
2025-10-30,9:33:19.602540422,T,308.06,200,309.23,100,IBM
2025-10-30,9:33:19.602555401,T,308.06,200,308.98,100,IBM
2025-10-30,9:33:19.602610623,T,308.06,200,308.97,100,IBM
2025-10-30,9:33:19.603267082,T,307.26,100,308.97,100,IBM
2025-10-30,9:33:19.603272125,T,307.69,200,308.97,100,IBM
2025-10-30,9:33:19.603312292,T,307.92,100,308.97,100,IBM
2025-10-30,9:33:19.603723247,T,307.77,100,308.97,100,IBM
2025-10-30,9:33:19.603723247,T,307.77,100,308.98,100,IBM
2025-10-30,9:33:19.603723247,T,307.77,100,308.97,100,IBM
2025-10-30,9:33:19.603768427,T,307.77,100,308.96,100,IBM
2025-10-30,9:33:19.603818457,T,307.69,300,308.96,100,IBM
2025-10-30,9:33:19.603853581,T,307.69,200,308.96,100,IBM
2025-10-30,9:33:19.604284499,T,307.69,200,308.84,100,IBM
2025-10-30,9:33:19.604555203,T,307.69,200,308.84,200,IBM
2025-10-30,9:33:19.604770679,T,307.69,200,308.84,100,IBM
2025-10-30,9:33:19.614458784,T,307.69,200,308.84,200,IBM
2025-10-30,9:33:21.392411439,T,306.71,100,308.84,200,IBM
2025-10-30,9:33:21.392416429,T,307.4,200,308.84,200,IBM
2025-10-30,9:33:21.392892742,T,307.4,200,308.84,100,IBM
2025-10-30,9:33:21.400991924,T,307.4,300,308.84,100,IBM
2025-10-30,9:33:23.287974114,T,307.4,200,308.84,100,IBM
2025-10-30,9:33:26.825330495,T,307.4,200,308.84,200,IBM
2025-10-30,9:33:26.825345515,T,307.4,200,308.75,100,IBM
2025-10-30,9:33:26.825350665,T,307.4,200,308.84,200,IBM
2025-10-30,9:33:26.825355600,T,307.4,200,308.75,100,IBM
2025-10-30,9:33:26.825380620,T,307.4,200,308.84,200,IBM
2025-10-30,9:33:26.825390724,T,307.4,200,308.75,100,IBM
2025-10-30,9:33:26.825395615,T,307.4,200,308.84,200,IBM
2025-10-30,9:33:26.825395615,T,307.4,200,308.75,100,IBM
2025-10-30,9:33:26.825616203,T,307.4,200,308.66,100,IBM
2025-10-30,9:33:26.825992065,T,307.4,200,308.84,100,IBM
2025-10-30,9:33:26.826012139,T,307.4,200,309.17,100,IBM
2025-10-30,9:33:26.826052212,T,307.4,200,308.89,100,IBM
2025-10-30,9:33:26.826142462,T,307.4,200,308.66,100,IBM
2025-10-30,9:33:26.826147468,T,307.4,100,308.66,100,IBM
2025-10-30,9:33:26.826147468,T,307.02,100,308.66,100,IBM
2025-10-30,9:33:26.826147468,T,306.57,100,308.66,100,IBM
2025-10-30,9:33:26.826167645,T,306.57,100,307.43,100,IBM
2025-10-30,9:33:26.826182590,T,306.96,100,307.43,100,IBM
2025-10-30,9:33:26.826192592,T,306.96,100,308.03,100,IBM
2025-10-30,9:33:26.826197714,T,306.96,100,308.66,100,IBM
2025-10-30,9:33:26.826202617,T,306.96,100,308.84,100,IBM
2025-10-30,9:33:26.826212879,T,306.96,100,308.66,100,IBM
2025-10-30,9:33:26.826237636,T,306.96,100,307.69,100,IBM
2025-10-30,9:33:26.826954417,T,306.96,100,308.33,100,IBM
2025-10-30,9:33:26.827179904,T,306.96,100,308.35,100,IBM
2025-10-30,9:33:26.827184966,T,306.96,100,308.47,100,IBM
2025-10-30,9:33:26.827189985,T,306.96,100,307.69,100,IBM
2025-10-30,9:33:26.837419263,T,306.96,100,308.6,100,IBM
2025-10-30,9:33:26.843839589,T,306.96,100,308.61,100,IBM
2025-10-30,9:33:26.867415655,T,306.96,100,308.6,100,IBM
2025-10-30,9:33:26.868007084,T,306.96,100,308.59,100,IBM
2025-10-30,9:33:26.868042166,T,306.96,100,308.57,100,IBM
2025-10-30,9:33:26.925363656,T,306.96,100,308.6,100,IBM
2025-10-30,9:33:26.927112873,T,306.96,100,308.61,100,IBM
2025-10-30,9:33:26.940444528,T,306.96,100,308.47,100,IBM
2025-10-30,9:33:26.974540759,T,306.96,100,308.61,100,IBM
2025-10-30,9:33:26.974560800,T,306.96,100,308.66,100,IBM
2025-10-30,9:33:26.974636254,T,306.96,100,308.75,100,IBM
2025-10-30,9:33:26.974660954,T,306.96,100,308.89,100,IBM
2025-10-30,9:33:26.975267456,T,306.96,100,308.66,100,IBM
2025-10-30,9:33:26.975307584,T,307.25,100,308.66,100,IBM
2025-10-30,9:33:26.975342639,T,307.26,100,308.66,100,IBM
2025-10-30,9:33:26.975588192,T,307.25,100,308.66,100,IBM
2025-10-30,9:33:26.983316647,T,306.96,100,308.66,100,IBM
2025-10-30,9:33:26.983587307,T,306.96,100,308.66,200,IBM
2025-10-30,9:33:26.985546970,T,306.96,100,308.66,100,IBM
2025-10-30,9:33:26.991771732,T,306.96,100,308.66,200,IBM
2025-10-30,9:33:27.363236102,T,307.02,200,308.66,200,IBM
2025-10-30,9:33:27.371901713,T,307.16,100,308.66,200,IBM
2025-10-30,9:33:27.380567367,T,307.02,200,308.66,200,IBM
2025-10-30,9:33:27.877670695,T,307.16,100,308.66,200,IBM
2025-10-30,9:33:27.886261120,T,307.02,200,308.66,200,IBM
2025-10-30,9:33:30.052218010,T,307.02,300,308.66,200,IBM
2025-10-30,9:33:31.593476881,T,307.02,300,308.66,300,IBM
2025-10-30,9:33:34.110328586,T,307.13,100,308.66,300,IBM
2025-10-30,9:33:34.993972201,T,307.13,100,308.66,200,IBM
2025-10-30,9:33:34.993997193,T,307.14,100,308.66,200,IBM
2025-10-30,9:33:34.994032354,T,307.13,100,308.66,200,IBM
2025-10-30,9:33:34.994067431,T,307.13,100,308.66,100,IBM
2025-10-30,9:33:35.277797880,T,307.14,100,308.66,100,IBM
2025-10-30,9:33:35.277848029,T,307.21,100,308.66,100,IBM
2025-10-30,9:33:35.792758846,T,307.13,100,308.66,100,IBM
2025-10-30,9:33:39.693715930,T,307.13,100,309.05,200,IBM
2025-10-30,9:33:39.694813569,T,307.13,100,308.66,100,IBM
2025-10-30,9:33:41.360659477,T,307.13,200,308.66,100,IBM
2025-10-30,9:33:41.842160690,T,307.13,100,308.66,100,IBM
2025-10-30,9:33:41.887408450,T,307.13,200,308.66,100,IBM
2025-10-30,9:33:42.831014885,T,307.13,100,308.66,100,IBM
2025-10-30,9:33:43.034910466,T,307.13,200,308.66,100,IBM
2025-10-30,9:33:43.819863920,T,307.13,100,308.66,100,IBM
2025-10-30,9:33:43.918994902,T,307.13,200,308.66,100,IBM
2025-10-30,9:33:44.808723070,T,307.13,100,308.66,100,IBM
2025-10-30,9:33:44.858601824,T,307.13,200,308.66,100,IBM
2025-10-30,9:33:45.797572215,T,307.13,100,308.66,100,IBM
2025-10-30,9:33:45.872781268,T,307.13,200,308.66,100,IBM
2025-10-30,9:33:46.786431362,T,307.13,100,308.66,100,IBM
2025-10-30,9:33:46.786767205,T,307.13,200,308.66,100,IBM
2025-10-30,9:33:47.503513468,T,307.13,200,308.66,200,IBM
2025-10-30,9:33:47.775280485,T,307.13,100,308.66,200,IBM
2025-10-30,9:33:48.051698558,T,307.13,200,308.66,200,IBM
2025-10-30,9:33:48.052385165,T,307.13,200,308.66,100,IBM
2025-10-30,9:33:48.764139688,T,307.13,100,308.66,100,IBM
2025-10-30,9:33:48.842982389,T,307.13,200,308.66,100,IBM
2025-10-30,9:33:48.981842900,T,307.16,100,308.66,100,IBM
2025-10-30,9:33:48.990573733,T,307.13,100,308.66,100,IBM
2025-10-30,9:33:49.486739829,T,307.15,100,308.66,100,IBM
2025-10-30,9:33:49.495260522,T,307.13,100,308.66,100,IBM
2025-10-30,9:33:52.719826843,T,307.13,200,308.66,100,IBM
2025-10-30,9:33:53.654341583,T,307.13,200,308.66,200,IBM
2025-10-30,9:33:53.654602263,T,307.13,200,308.66,300,IBM
2025-10-30,9:33:53.654607268,T,307.13,200,308.6,100,IBM
2025-10-30,9:33:53.654647378,T,307.13,200,308.59,100,IBM
2025-10-30,9:33:53.654752618,T,307.13,200,308.66,300,IBM
2025-10-30,9:33:53.654777671,T,307.14,100,308.66,300,IBM
2025-10-30,9:33:53.655018296,T,307.14,100,308.61,100,IBM
2025-10-30,9:33:53.655108396,T,307.14,100,308.6,100,IBM
2025-10-30,9:33:53.655118496,T,307.14,100,308.47,100,IBM
2025-10-30,9:33:53.655213796,T,307.14,100,308.6,100,IBM
2025-10-30,9:33:53.655308932,T,307.14,100,308.61,100,IBM
2025-10-30,9:33:53.655394085,T,307.15,100,308.61,100,IBM
2025-10-30,9:33:53.655424246,T,307.15,100,308.66,300,IBM
2025-10-30,9:33:53.655444301,T,307.27,100,308.66,300,IBM
2025-10-30,9:33:53.655449303,T,307.15,100,308.66,300,IBM
2025-10-30,9:33:53.655449303,T,307.27,100,308.66,300,IBM
2025-10-30,9:33:53.655454287,T,307.14,100,308.66,300,IBM
2025-10-30,9:33:53.655459682,T,307.14,100,308.61,100,IBM
2025-10-30,9:33:53.655489415,T,307.15,100,308.61,100,IBM
2025-10-30,9:33:53.655559540,T,307.15,100,308.47,100,IBM
2025-10-30,9:33:53.655574986,T,307.29,100,308.47,100,IBM
2025-10-30,9:33:53.655644759,T,307.29,100,308.34,100,IBM
2025-10-30,9:33:53.655654771,T,307.29,100,308.21,100,IBM
2025-10-30,9:33:53.655664819,T,307.29,100,308.47,100,IBM
2025-10-30,9:33:53.655714918,T,307.29,100,308.2,100,IBM
2025-10-30,9:33:53.655724868,T,307.29,100,308.03,100,IBM
2025-10-30,9:33:53.655724868,T,307.29,100,308.2,100,IBM
2025-10-30,9:33:53.655745238,T,307.29,100,308.21,100,IBM
2025-10-30,9:33:53.655754947,T,307.29,100,308.2,100,IBM
2025-10-30,9:33:53.655775666,T,307.29,100,308.34,100,IBM
2025-10-30,9:33:53.655775666,T,307.29,100,308.47,100,IBM
2025-10-30,9:33:53.655775666,T,307.29,100,308.59,100,IBM
2025-10-30,9:33:53.655785040,T,307.29,100,308.47,100,IBM
2025-10-30,9:33:53.655795062,T,307.31,100,308.47,100,IBM
2025-10-30,9:33:53.655845257,T,307.31,100,308.59,100,IBM
2025-10-30,9:33:53.655850279,T,307.31,100,308.6,100,IBM
2025-10-30,9:33:53.655870490,T,307.29,100,308.6,100,IBM
2025-10-30,9:33:53.655910308,T,307.29,100,308.61,100,IBM
2025-10-30,9:33:53.655970914,T,307.31,100,308.61,100,IBM
2025-10-30,9:33:53.655975532,T,307.31,100,308.6,100,IBM
2025-10-30,9:33:53.656005603,T,307.31,100,308.61,100,IBM
2025-10-30,9:33:53.656025723,T,307.31,100,308.6,100,IBM
2025-10-30,9:33:53.656045916,T,307.31,100,308.61,100,IBM
2025-10-30,9:33:53.656085831,T,307.31,100,308.47,100,IBM
2025-10-30,9:33:53.656130922,T,307.31,100,308.61,100,IBM
2025-10-30,9:33:53.656176035,T,307.31,100,308.6,100,IBM
2025-10-30,9:33:53.656186246,T,307.31,100,308.61,100,IBM
2025-10-30,9:33:53.656231113,T,307.31,100,308.66,300,IBM
2025-10-30,9:33:53.656306326,T,307.31,100,308.61,100,IBM
2025-10-30,9:33:53.656336380,T,307.31,100,308.66,300,IBM
2025-10-30,9:33:53.656461694,T,307.31,100,308.61,100,IBM
2025-10-30,9:33:53.656622024,T,307.31,100,308.66,300,IBM
2025-10-30,9:33:53.657023066,T,307.31,100,308.6,100,IBM
2025-10-30,9:33:53.657038085,T,307.31,100,308.61,100,IBM
2025-10-30,9:33:53.657043208,T,307.31,100,308.6,100,IBM
2025-10-30,9:33:53.657058070,T,307.15,100,308.6,100,IBM
2025-10-30,9:33:53.657073232,T,307.15,100,308.47,100,IBM
2025-10-30,9:33:53.657088112,T,307.15,100,308.34,100,IBM
2025-10-30,9:33:53.657093137,T,307.02,200,308.34,100,IBM
2025-10-30,9:33:53.657168409,T,307.02,200,308.47,100,IBM
2025-10-30,9:33:53.657173358,T,307.02,200,308.34,100,IBM
2025-10-30,9:33:53.657188461,T,307.02,200,308.47,100,IBM
2025-10-30,9:33:53.657188461,T,307.02,200,308.6,100,IBM
2025-10-30,9:33:53.657198447,T,307.02,200,308.59,100,IBM
2025-10-30,9:33:53.657233541,T,307.02,200,308.47,100,IBM
2025-10-30,9:33:53.657724700,T,307.58,100,308.47,100,IBM
2025-10-30,9:33:53.657744740,T,307.02,200,308.47,100,IBM
2025-10-30,9:33:53.657764989,T,307.02,200,308.19,100,IBM
2025-10-30,9:33:53.658120652,T,307.02,200,308.21,100,IBM
2025-10-30,9:33:53.658150649,T,307.02,200,308.34,100,IBM
2025-10-30,9:33:53.665693705,T,307.02,200,308.21,100,IBM
2025-10-30,9:33:53.665723673,T,307.02,200,308.19,100,IBM
2025-10-30,9:33:53.667367630,T,307.02,200,308.47,100,IBM
2025-10-30,9:33:53.705799149,T,307.02,200,308.47,200,IBM
2025-10-30,9:33:53.708229919,T,306.58,100,308.47,200,IBM
2025-10-30,9:33:53.708234916,T,306.74,200,308.47,200,IBM
2025-10-30,9:33:53.732372474,T,306.74,200,308.47,300,IBM
2025-10-30,9:33:53.737479575,T,306.74,200,308.47,200,IBM
2025-10-30,9:33:53.741669523,T,306.74,200,308.47,100,IBM
2025-10-30,9:33:53.794926302,T,306.98,100,308.47,100,IBM
2025-10-30,9:33:54.536070665,T,306.98,100,308.47,200,IBM
2025-10-30,9:33:54.945420176,T,306.98,100,308.47,100,IBM
2025-10-30,9:33:54.946041672,T,306.98,100,308.47,200,IBM
2025-10-30,9:33:55.066388194,T,306.89,100,308.47,200,IBM
2025-10-30,9:33:55.067425617,T,306.89,100,308.47,100,IBM
2025-10-30,9:33:58.175389740,T,306.89,100,308.59,100,IBM
2025-10-30,9:33:58.409662493,T,306.89,100,308.66,100,IBM
2025-10-30,9:33:58.409697604,T,306.89,100,308.59,100,IBM
2025-10-30,9:33:58.411431721,T,306.89,100,308.47,100,IBM
2025-10-30,9:33:58.412103368,T,306.89,100,308.46,100,IBM
2025-10-30,9:33:58.412138449,T,306.89,100,308.34,100,IBM
2025-10-30,9:33:58.412739842,T,306.89,100,308.33,100,IBM
2025-10-30,9:34:05.052246469,T,307.13,100,308.33,100,IBM
2025-10-30,9:34:08.285132871,T,307.13,100,308.21,100,IBM
2025-10-30,9:34:09.011286574,T,307.13,100,308.21,200,IBM
2025-10-30,9:34:09.011657546,T,307.13,100,308.21,300,IBM
2025-10-30,9:34:10.111545913,T,307.13,100,308.21,200,IBM
2025-10-30,9:34:16.226994929,T,306.89,100,308.21,200,IBM
2025-10-30,9:34:16.508480000,T,306.98,100,308.21,200,IBM
2025-10-30,9:34:26.667249707,T,306.98,100,308.21,300,IBM
2025-10-30,9:34:26.667259814,T,306.98,100,308.21,200,IBM
2025-10-30,9:34:26.667264738,T,306.98,100,308.21,100,IBM
2025-10-30,9:34:26.668397501,T,306.98,100,308.21,200,IBM
2025-10-30,9:34:26.748042183,T,306.98,100,308.21,100,IBM
2025-10-30,9:34:26.748082168,T,306.98,100,308.21,200,IBM
2025-10-30,9:34:27.042287632,T,306.98,100,308.21,100,IBM
2025-10-30,9:34:27.169009330,T,307.04,100,308.21,100,IBM
2025-10-30,9:34:29.071914448,T,306.98,100,308.21,100,IBM
2025-10-30,9:34:29.884839779,T,306.98,100,308.0,100,IBM
2025-10-30,9:34:30.548304305,T,306.89,100,308.0,100,IBM
2025-10-30,9:34:30.548354513,T,306.89,100,308.0,200,IBM
2025-10-30,9:34:30.548369340,T,307.13,100,308.0,200,IBM
2025-10-30,9:34:30.548369340,T,306.89,100,308.0,200,IBM
2025-10-30,9:34:30.548374381,T,306.89,100,307.85,100,IBM
2025-10-30,9:34:30.548389406,T,306.89,100,308.0,100,IBM
2025-10-30,9:34:30.548394431,T,306.89,100,308.0,200,IBM
2025-10-30,9:34:30.548399403,T,306.74,200,308.0,200,IBM
2025-10-30,9:34:30.548419417,T,306.74,200,307.99,100,IBM
2025-10-30,9:34:30.548429445,T,306.74,200,307.95,100,IBM
2025-10-30,9:34:30.548439506,T,306.74,200,307.88,100,IBM
2025-10-30,9:34:30.548464976,T,306.74,200,307.61,100,IBM
2025-10-30,9:34:30.548604906,T,306.74,200,307.88,100,IBM
2025-10-30,9:34:30.548634995,T,306.74,200,307.85,100,IBM
2025-10-30,9:34:30.548675214,T,306.74,200,307.61,100,IBM
2025-10-30,9:34:30.548780306,T,306.74,200,307.57,100,IBM
2025-10-30,9:34:30.548780306,T,306.74,200,307.61,100,IBM
2025-10-30,9:34:30.548895621,T,306.74,200,307.57,100,IBM
2025-10-30,9:34:30.548905593,T,306.74,200,307.56,100,IBM
2025-10-30,9:34:30.548905593,T,306.74,200,307.57,100,IBM
2025-10-30,9:34:30.548910662,T,306.74,200,307.56,100,IBM
2025-10-30,9:34:30.548910662,T,306.74,200,307.57,100,IBM
2025-10-30,9:34:30.549056241,T,306.74,200,307.61,100,IBM
2025-10-30,9:34:30.549196292,T,306.74,200,307.82,100,IBM
2025-10-30,9:34:30.549441950,T,306.74,200,307.88,100,IBM
2025-10-30,9:34:30.552910112,T,306.51,100,307.88,100,IBM
2025-10-30,9:34:30.553366264,T,306.51,100,307.95,100,IBM
2025-10-30,9:34:30.553391353,T,306.51,100,307.99,100,IBM
2025-10-30,9:34:30.564858633,T,306.51,100,307.99,200,IBM
2025-10-30,9:34:30.648748356,T,306.51,100,307.99,100,IBM
2025-10-30,9:34:30.870646659,T,306.4,200,307.99,100,IBM
2025-10-30,9:34:30.871157818,T,306.4,300,307.99,100,IBM
2025-10-30,9:34:30.875763855,T,306.51,100,307.99,100,IBM
2025-10-30,9:34:30.875798850,T,306.55,100,307.99,100,IBM
2025-10-30,9:34:30.876189818,T,306.57,100,307.99,100,IBM
2025-10-30,9:34:30.876650957,T,306.58,100,307.99,100,IBM
2025-10-30,9:34:30.876690973,T,306.64,100,307.99,100,IBM
2025-10-30,9:34:31.031825335,T,306.55,100,307.99,100,IBM
2025-10-30,9:34:31.048981221,T,306.57,100,307.99,100,IBM
2025-10-30,9:34:31.053025862,T,306.68,200,307.99,100,IBM
2025-10-30,9:34:31.556664847,T,306.79,100,307.99,100,IBM
2025-10-30,9:34:33.416677799,T,306.79,100,308.0,100,IBM
2025-10-30,9:34:37.171622182,T,306.89,100,308.0,100,IBM
2025-10-30,9:34:39.469322200,T,306.89,100,307.98,100,IBM
2025-10-30,9:34:42.166478272,T,306.9,100,307.98,100,IBM
2025-10-30,9:34:42.298467559,T,306.89,100,307.98,100,IBM
2025-10-30,9:34:44.451598263,T,307.01,100,307.98,100,IBM
2025-10-30,9:34:45.871107657,T,307.01,200,307.98,100,IBM
2025-10-30,9:34:47.106989906,T,307.01,300,307.98,100,IBM
2025-10-30,9:34:59.495056969,T,307.01,200,307.98,100,IBM
2025-10-30,9:35:00.124475399,T,307.01,300,307.98,100,IBM
2025-10-30,9:35:00.301632225,T,307.01,200,307.98,100,IBM
2025-10-30,9:35:00.557416192,T,307.01,300,307.98,100,IBM
2025-10-30,9:35:01.123323361,T,307.01,200,307.98,100,IBM
2025-10-30,9:35:01.408742797,T,307.01,300,307.98,100,IBM
2025-10-30,9:35:01.698292227,T,307.01,200,307.98,100,IBM
2025-10-30,9:35:02.128060481,T,307.01,300,307.98,100,IBM
2025-10-30,9:35:02.210301331,T,307.01,200,307.98,100,IBM
2025-10-30,9:35:03.039755894,T,307.01,300,307.98,100,IBM
2025-10-30,9:35:03.098831527,T,307.01,200,307.98,100,IBM
2025-10-30,9:35:04.237537390,T,307.01,100,307.98,100,IBM
2025-10-30,9:35:04.377194878,T,307.01,200,307.98,100,IBM
2025-10-30,9:35:04.447101357,T,307.01,100,307.98,100,IBM
2025-10-30,9:35:05.100993024,T,307.01,200,307.98,100,IBM
2025-10-30,9:35:05.189904752,T,307.01,100,307.98,100,IBM
2025-10-30,9:35:05.494670354,T,307.01,200,307.98,100,IBM
2025-10-30,9:35:06.133425928,T,307.01,100,307.98,100,IBM
2025-10-30,9:35:06.393154262,T,307.01,200,307.98,100,IBM
2025-10-30,9:35:07.770473053,T,307.01,100,307.98,100,IBM
2025-10-30,9:35:08.267130457,T,307.01,200,307.98,100,IBM
2025-10-30,9:35:08.365068603,T,307.01,100,307.98,100,IBM
2025-10-30,9:35:10.595182861,T,307.01,200,307.98,100,IBM
2025-10-30,9:35:10.597388162,T,307.01,300,307.98,100,IBM
2025-10-30,9:35:11.272475249,T,307.01,200,307.98,100,IBM
2025-10-30,9:35:11.577220734,T,307.01,300,307.98,100,IBM
2025-10-30,9:35:12.732877136,T,307.01,200,307.98,100,IBM
2025-10-30,9:35:13.053560539,T,307.01,300,307.98,100,IBM
2025-10-30,9:35:13.204224178,T,307.01,200,307.98,100,IBM
2025-10-30,9:35:14.276737475,T,307.01,300,307.98,100,IBM
2025-10-30,9:35:14.403800019,T,307.01,200,307.98,100,IBM
2025-10-30,9:35:14.957954072,T,307.01,300,307.98,100,IBM
2025-10-30,9:35:15.053381268,T,307.01,200,307.98,100,IBM
2025-10-30,9:35:15.053431439,T,307.01,300,307.98,100,IBM
2025-10-30,9:35:16.199314526,T,307.01,200,307.98,100,IBM
2025-10-30,9:35:16.199339546,T,307.01,100,307.98,100,IBM
2025-10-30,9:35:16.199369579,T,306.89,100,307.98,100,IBM
2025-10-30,9:35:16.199369579,T,306.68,200,307.98,100,IBM
2025-10-30,9:35:16.199389935,T,306.68,200,307.01,100,IBM
2025-10-30,9:35:16.199419774,T,306.86,100,307.01,100,IBM
2025-10-30,9:35:16.199439933,T,306.86,100,307.31,100,IBM
2025-10-30,9:35:16.199465048,T,306.86,100,307.74,100,IBM
2025-10-30,9:35:16.199470048,T,306.86,100,307.94,100,IBM
2025-10-30,9:35:16.199474889,T,307.01,100,307.94,100,IBM
2025-10-30,9:35:16.199484901,T,307.01,100,307.98,100,IBM
2025-10-30,9:35:16.199935995,T,307.01,100,307.96,100,IBM
2025-10-30,9:35:16.199945927,T,307.01,100,307.98,100,IBM
2025-10-30,9:35:16.200021186,T,307.01,100,307.74,100,IBM
2025-10-30,9:35:16.200106338,T,306.86,100,307.74,100,IBM
2025-10-30,9:35:16.200131455,T,306.86,100,307.31,100,IBM
2025-10-30,9:35:16.200206648,T,306.86,100,307.01,100,IBM
2025-10-30,9:35:16.200216649,T,306.86,100,307.02,100,IBM
2025-10-30,9:35:16.200231719,T,306.86,100,307.31,100,IBM
2025-10-30,9:35:16.206897546,T,306.9,100,307.31,100,IBM
2025-10-30,9:35:16.206947670,T,306.9,200,307.31,100,IBM
2025-10-30,9:35:16.206977773,T,306.96,100,307.31,100,IBM
2025-10-30,9:35:16.206987764,T,307.05,100,307.31,100,IBM
2025-10-30,9:35:16.207208329,T,306.96,100,307.31,100,IBM
2025-10-30,9:35:16.207208329,T,306.9,200,307.31,100,IBM
2025-10-30,9:35:16.207554103,T,306.9,200,307.74,100,IBM
2025-10-30,9:35:16.207599151,T,306.96,100,307.74,100,IBM
2025-10-30,9:35:16.207624448,T,307.17,100,307.74,100,IBM
2025-10-30,9:35:16.207629257,T,307.04,100,307.74,100,IBM
2025-10-30,9:35:16.207814752,T,306.9,200,307.74,100,IBM
2025-10-30,9:35:16.207934971,T,306.96,100,307.74,100,IBM
2025-10-30,9:35:16.207945050,T,306.9,200,307.74,100,IBM
2025-10-30,9:35:16.207970094,T,306.96,100,307.74,100,IBM
2025-10-30,9:35:16.210310701,T,306.96,100,307.98,100,IBM
2025-10-30,9:35:17.683111920,T,306.96,100,308.21,100,IBM
2025-10-30,9:35:17.701821731,T,306.9,100,308.21,100,IBM
2025-10-30,9:35:17.701851613,T,306.9,100,307.84,100,IBM
2025-10-30,9:35:17.701856510,T,306.9,100,307.76,100,IBM
2025-10-30,9:35:17.701896758,T,306.9,100,307.71,100,IBM
2025-10-30,9:35:17.702989161,T,306.9,100,307.74,100,IBM
2025-10-30,9:35:17.711444374,T,306.9,100,307.84,100,IBM
2025-10-30,9:35:17.713809957,T,306.9,100,308.21,100,IBM
2025-10-30,9:35:17.783310366,T,306.9,100,308.0,100,IBM
2025-10-30,9:35:17.783445775,T,306.9,100,307.99,100,IBM
2025-10-30,9:35:17.884135382,T,306.9,100,308.0,100,IBM
2025-10-30,9:35:17.885017576,T,306.9,100,307.99,100,IBM
2025-10-30,9:35:18.202673756,T,306.9,100,307.99,200,IBM
2025-10-30,9:35:18.809428248,T,306.58,200,307.99,200,IBM
2025-10-30,9:35:18.925604850,T,306.62,100,307.99,200,IBM
2025-10-30,9:35:18.925629904,T,306.58,300,307.99,200,IBM
2025-10-30,9:35:18.925634841,T,306.67,100,307.99,200,IBM
2025-10-30,9:35:18.925745152,T,306.79,100,307.99,200,IBM
2025-10-30,9:35:18.925760160,T,306.89,100,307.99,200,IBM
2025-10-30,9:35:18.929614347,T,306.79,100,307.99,200,IBM
2025-10-30,9:35:19.761665200,T,306.91,100,307.99,200,IBM
2025-10-30,9:35:19.792493585,T,307.25,100,307.99,200,IBM
2025-10-30,9:35:22.816893675,T,307.25,100,307.82,100,IBM
2025-10-30,9:35:23.183812230,T,307.25,100,307.82,200,IBM
2025-10-30,9:35:23.283594830,T,307.25,100,307.82,100,IBM
2025-10-30,9:35:23.284386630,T,307.25,100,307.82,200,IBM
2025-10-30,9:35:23.405560090,T,307.25,100,307.82,300,IBM
2025-10-30,9:35:24.384636043,T,307.25,100,307.76,100,IBM
2025-10-30,9:35:28.373211482,T,307.25,100,307.76,200,IBM
2025-10-30,9:35:34.581260914,T,307.24,100,307.76,200,IBM
2025-10-30,9:35:34.581265863,T,307.12,100,307.76,200,IBM
2025-10-30,9:35:34.581306006,T,306.91,100,307.76,200,IBM
2025-10-30,9:35:34.581346045,T,306.89,100,307.76,200,IBM
2025-10-30,9:35:34.581386232,T,306.91,100,307.76,200,IBM
2025-10-30,9:35:34.581411210,T,307.12,100,307.76,200,IBM
2025-10-30,9:35:34.581626794,T,306.89,100,307.76,200,IBM
2025-10-30,9:35:34.581716954,T,306.91,100,307.76,200,IBM
2025-10-30,9:35:34.581822248,T,306.89,100,307.76,200,IBM
2025-10-30,9:35:34.581827274,T,306.91,100,307.76,200,IBM
2025-10-30,9:35:34.581832285,T,307.12,100,307.76,200,IBM
2025-10-30,9:35:34.584353559,T,306.89,100,307.76,200,IBM
2025-10-30,9:35:34.584353559,T,306.79,100,307.76,200,IBM
2025-10-30,9:35:34.584388314,T,306.67,100,307.76,200,IBM
2025-10-30,9:35:34.587024644,T,307.21,100,307.76,200,IBM
2025-10-30,9:35:34.783903359,T,307.21,100,307.76,300,IBM
2025-10-30,9:35:34.828178770,T,307.21,100,307.7,100,IBM
2025-10-30,9:35:34.883340043,T,307.21,100,307.7,200,IBM
2025-10-30,9:35:34.983553595,T,307.21,100,307.7,100,IBM
2025-10-30,9:35:34.984661286,T,307.21,100,307.7,200,IBM
2025-10-30,9:35:35.940611904,T,307.21,100,307.69,100,IBM
2025-10-30,9:35:35.941659450,T,307.21,100,307.7,200,IBM
2025-10-30,9:35:35.982095692,T,307.21,100,307.7,100,IBM
2025-10-30,9:35:37.007381728,T,306.67,100,307.7,100,IBM
2025-10-30,9:35:37.007381728,T,306.58,300,307.7,100,IBM
2025-10-30,9:35:37.007386552,T,306.58,200,307.7,100,IBM
2025-10-30,9:35:37.007401602,T,306.58,200,307.22,100,IBM
2025-10-30,9:35:37.007441714,T,306.58,200,307.7,100,IBM
2025-10-30,9:35:37.007546958,T,307.22,100,307.7,100,IBM
2025-10-30,9:35:37.007571974,T,306.58,200,307.7,100,IBM
2025-10-30,9:35:37.007602046,T,306.89,100,307.7,100,IBM
2025-10-30,9:35:37.007607395,T,306.95,100,307.7,100,IBM
2025-10-30,9:35:37.007622186,T,306.96,100,307.7,100,IBM
2025-10-30,9:35:37.007632121,T,306.89,100,307.7,100,IBM
2025-10-30,9:35:37.008033093,T,306.95,100,307.7,100,IBM
2025-10-30,9:35:37.008058336,T,306.89,100,307.7,100,IBM
2025-10-30,9:35:37.008093247,T,306.96,100,307.7,100,IBM
2025-10-30,9:35:37.008188495,T,306.89,100,307.7,100,IBM
2025-10-30,9:35:37.008258673,T,306.95,100,307.7,100,IBM
2025-10-30,9:35:37.008288728,T,306.89,100,307.7,100,IBM
2025-10-30,9:35:37.008298671,T,306.95,100,307.7,100,IBM
2025-10-30,9:35:37.008469110,T,306.96,100,307.7,100,IBM
2025-10-30,9:35:37.008489160,T,306.95,100,307.7,100,IBM
2025-10-30,9:35:37.008489160,T,306.67,100,307.7,100,IBM
2025-10-30,9:35:37.008604492,T,306.58,300,307.7,100,IBM
2025-10-30,9:35:37.008644534,T,306.67,100,307.7,100,IBM
2025-10-30,9:35:37.008674623,T,306.58,300,307.7,100,IBM
2025-10-30,9:35:37.008935246,T,306.59,100,307.7,100,IBM
2025-10-30,9:35:37.009256036,T,306.59,200,307.7,100,IBM
2025-10-30,9:35:37.038169862,T,306.59,100,307.7,100,IBM
2025-10-30,9:35:38.055251217,T,306.59,100,307.7,200,IBM
2025-10-30,9:35:38.398859157,T,306.59,100,307.7,100,IBM
2025-10-30,9:35:38.398864147,T,306.59,100,307.7,200,IBM
2025-10-30,9:35:38.782928529,T,306.59,100,307.7,100,IBM
2025-10-30,9:35:38.797628508,T,306.59,100,307.7,200,IBM
2025-10-30,9:35:38.797658682,T,306.59,100,307.7,300,IBM
2025-10-30,9:35:38.797979347,T,306.58,200,307.7,300,IBM
2025-10-30,9:35:38.798400382,T,306.58,200,307.6,100,IBM
2025-10-30,9:35:38.798440452,T,306.58,200,307.7,200,IBM
2025-10-30,9:35:38.798480826,T,306.58,200,307.7,300,IBM
2025-10-30,9:35:38.884690860,T,306.58,200,307.7,200,IBM
2025-10-30,9:35:38.885061672,T,306.58,200,307.7,300,IBM
2025-10-30,9:35:38.984468377,T,306.58,200,307.7,400,IBM
2025-10-30,9:35:39.018118503,T,306.58,200,307.7,500,IBM
2025-10-30,9:35:39.149781959,T,306.58,200,307.7,600,IBM
2025-10-30,9:35:39.396995409,T,306.86,100,307.7,600,IBM
2025-10-30,9:35:39.397682130,T,306.86,100,307.7,500,IBM
2025-10-30,9:35:39.409450092,T,306.86,200,307.7,500,IBM
2025-10-30,9:35:39.425603560,T,306.86,200,307.7,400,IBM
2025-10-30,9:35:39.425653651,T,306.86,200,307.7,300,IBM
2025-10-30,9:35:39.482884956,T,306.86,200,307.7,200,IBM
2025-10-30,9:35:39.583103479,T,306.86,200,307.69,100,IBM
2025-10-30,9:35:39.583133556,T,306.86,200,307.69,200,IBM
2025-10-30,9:35:39.583374110,T,306.86,200,307.69,300,IBM
2025-10-30,9:35:39.687762692,T,306.86,200,307.69,200,IBM
2025-10-30,9:35:39.689376509,T,306.86,200,307.69,300,IBM
2025-10-30,9:35:39.753038043,T,306.86,200,307.69,200,IBM
2025-10-30,9:35:39.753098253,T,306.86,200,307.69,100,IBM
2025-10-30,9:35:40.982950992,T,306.86,200,307.7,100,IBM
2025-10-30,9:35:40.995656300,T,306.98,100,307.7,100,IBM
2025-10-30,9:35:40.995751444,T,306.86,200,307.7,100,IBM
2025-10-30,9:35:40.995957005,T,307.06,100,307.7,100,IBM
2025-10-30,9:35:41.005259132,T,306.86,100,307.7,100,IBM
2025-10-30,9:35:41.454418480,T,306.86,100,307.6,100,IBM
2025-10-30,9:35:41.454428472,T,306.86,100,307.59,100,IBM
2025-10-30,9:35:41.464011249,T,306.86,100,307.7,100,IBM
2025-10-30,9:35:41.491130864,T,306.86,100,307.47,100,IBM
2025-10-30,9:35:42.827863107,T,306.58,300,307.47,100,IBM
2025-10-30,9:35:42.828509699,T,306.86,100,307.47,100,IBM
2025-10-30,9:35:43.141895874,T,306.87,100,307.47,100,IBM
2025-10-30,9:35:43.206685107,T,306.88,100,307.47,100,IBM
2025-10-30,9:35:43.515244672,T,306.87,100,307.47,100,IBM
2025-10-30,9:35:43.534585740,T,306.88,100,307.47,100,IBM
2025-10-30,9:35:44.169893383,T,306.89,100,307.47,100,IBM
2025-10-30,9:35:44.203693790,T,306.89,200,307.47,100,IBM
2025-10-30,9:35:44.251557804,T,306.89,100,307.47,100,IBM
2025-10-30,9:35:44.486567240,T,306.9,100,307.47,100,IBM
2025-10-30,9:35:44.775750623,T,306.91,100,307.47,100,IBM
2025-10-30,9:35:44.776567537,T,306.58,300,307.47,100,IBM
2025-10-30,9:35:44.780000780,T,306.58,200,307.47,100,IBM
2025-10-30,9:35:45.218143755,T,306.98,100,307.47,100,IBM
2025-10-30,9:35:45.293412880,T,306.98,100,307.43,100,IBM
2025-10-30,9:35:48.817152095,T,306.58,300,307.43,100,IBM
2025-10-30,9:35:48.817152095,T,306.58,200,307.43,100,IBM
2025-10-30,9:35:48.817171926,T,306.58,200,306.98,100,IBM
2025-10-30,9:35:48.817202258,T,306.58,200,307.21,100,IBM
2025-10-30,9:35:48.817202258,T,306.58,200,307.38,100,IBM
2025-10-30,9:35:48.817227065,T,306.58,200,307.43,100,IBM
2025-10-30,9:35:48.818049038,T,306.58,200,307.42,100,IBM
2025-10-30,9:35:48.818049038,T,306.58,200,307.34,100,IBM
2025-10-30,9:35:48.818079109,T,306.58,200,307.42,100,IBM
2025-10-30,9:35:48.818084069,T,306.58,200,307.34,100,IBM
2025-10-30,9:35:48.818184298,T,306.58,200,307.42,100,IBM
2025-10-30,9:35:48.818675532,T,306.58,200,307.15,100,IBM
2025-10-30,9:35:48.819056390,T,306.58,200,307.42,100,IBM
2025-10-30,9:35:48.819236834,T,306.58,200,307.36,100,IBM
2025-10-30,9:35:48.819367179,T,306.58,200,307.42,100,IBM
2025-10-30,9:35:48.819387254,T,306.58,200,307.43,100,IBM
2025-10-30,9:35:48.819392233,T,306.58,300,307.43,100,IBM
2025-10-30,9:35:48.819402232,T,306.59,100,307.43,100,IBM
2025-10-30,9:35:48.819422268,T,306.65,100,307.43,100,IBM
2025-10-30,9:35:48.819427253,T,306.88,100,307.43,100,IBM
2025-10-30,9:35:48.819748368,T,306.65,100,307.43,100,IBM
2025-10-30,9:35:48.819753246,T,306.59,100,307.43,100,IBM
2025-10-30,9:35:48.819753246,T,306.58,300,307.43,100,IBM
2025-10-30,9:35:48.819853261,T,306.59,100,307.43,100,IBM
2025-10-30,9:35:48.819983944,T,306.88,100,307.43,100,IBM
2025-10-30,9:35:48.820189076,T,306.88,200,307.43,100,IBM
2025-10-30,9:35:48.820214171,T,306.97,100,307.43,100,IBM
2025-10-30,9:35:48.820214171,T,306.97,100,307.43,200,IBM
2025-10-30,9:35:48.820214171,T,306.97,200,307.43,200,IBM
2025-10-30,9:35:48.820239185,T,306.97,200,307.43,100,IBM
2025-10-30,9:35:48.820264326,T,307.05,100,307.43,100,IBM
2025-10-30,9:35:48.820289390,T,307.05,200,307.43,100,IBM
2025-10-30,9:35:48.820309743,T,307.05,100,307.43,100,IBM
2025-10-30,9:35:48.820309743,T,306.97,100,307.43,100,IBM
2025-10-30,9:35:48.820334400,T,306.88,100,307.43,100,IBM
2025-10-30,9:35:48.820334400,T,306.65,100,307.43,100,IBM
2025-10-30,9:35:48.820359488,T,306.88,100,307.43,100,IBM
2025-10-30,9:35:48.820384544,T,306.65,100,307.43,100,IBM
2025-10-30,9:35:48.820419692,T,306.61,100,307.43,100,IBM
2025-10-30,9:35:48.820715351,T,306.88,100,307.43,100,IBM
2025-10-30,9:35:48.821006021,T,307.01,100,307.43,100,IBM
2025-10-30,9:35:48.822394375,T,306.61,100,307.43,100,IBM
2025-10-30,9:35:48.822419384,T,306.61,100,307.43,200,IBM
2025-10-30,9:35:48.822444474,T,306.59,100,307.43,200,IBM
2025-10-30,9:35:48.822444474,T,306.59,100,307.43,100,IBM
2025-10-30,9:35:48.822945696,T,306.58,200,307.43,100,IBM
2025-10-30,9:35:48.822965907,T,306.58,200,307.43,200,IBM
2025-10-30,9:35:48.822970677,T,306.58,200,307.42,100,IBM
2025-10-30,9:35:48.823146108,T,306.58,200,307.43,200,IBM
2025-10-30,9:35:48.823231329,T,306.97,200,307.43,200,IBM
2025-10-30,9:35:48.823251986,T,306.58,200,307.43,200,IBM
2025-10-30,9:35:48.823251986,T,306.58,200,307.43,100,IBM
2025-10-30,9:35:48.823301545,T,306.58,200,307.43,200,IBM
2025-10-30,9:35:48.823326547,T,306.58,200,307.43,100,IBM
2025-10-30,9:35:48.824133668,T,306.58,200,307.43,200,IBM
2025-10-30,9:35:48.824138457,T,306.58,200,307.42,100,IBM
2025-10-30,9:35:48.824148586,T,306.58,200,307.27,100,IBM
2025-10-30,9:35:48.824163547,T,306.58,200,307.42,100,IBM
2025-10-30,9:35:48.824444199,T,306.47,100,307.42,100,IBM
2025-10-30,9:35:48.824905369,T,306.47,100,307.26,100,IBM
2025-10-30,9:35:48.824975738,T,306.47,100,307.42,100,IBM
2025-10-30,9:35:48.824990497,T,306.59,100,307.42,100,IBM
2025-10-30,9:35:48.825015568,T,306.6,100,307.42,100,IBM
2025-10-30,9:35:48.825035672,T,306.6,100,307.36,100,IBM
2025-10-30,9:35:48.825186051,T,306.6,100,307.42,100,IBM
2025-10-30,9:35:48.825657076,T,306.59,100,307.42,100,IBM
2025-10-30,9:35:48.826789819,T,306.6,100,307.42,100,IBM
2025-10-30,9:35:48.827150775,T,306.59,100,307.42,100,IBM
2025-10-30,9:35:48.827702006,T,306.59,100,307.36,100,IBM
2025-10-30,9:35:48.827707041,T,306.59,100,307.26,100,IBM
2025-10-30,9:35:48.828122982,T,306.59,100,307.42,100,IBM
2025-10-30,9:35:48.828303452,T,306.59,100,307.36,100,IBM
2025-10-30,9:35:48.828308489,T,306.59,100,307.26,100,IBM
2025-10-30,9:35:48.828328483,T,306.59,100,307.36,100,IBM
2025-10-30,9:35:48.828328483,T,306.59,100,307.42,100,IBM
2025-10-30,9:35:48.828393606,T,306.6,100,307.42,100,IBM
2025-10-30,9:35:48.828403662,T,306.59,100,307.42,100,IBM
2025-10-30,9:35:48.828654404,T,306.6,100,307.42,100,IBM
2025-10-30,9:35:48.829155415,T,306.59,100,307.42,100,IBM
2025-10-30,9:35:48.829330831,T,306.6,100,307.42,100,IBM
2025-10-30,9:35:48.829381017,T,306.59,100,307.42,100,IBM
2025-10-30,9:35:48.829606468,T,306.6,100,307.42,100,IBM
2025-10-30,9:35:48.829626623,T,306.59,100,307.42,100,IBM
2025-10-30,9:35:48.829631667,T,306.6,100,307.42,100,IBM
2025-10-30,9:35:48.829731804,T,306.59,100,307.42,100,IBM
2025-10-30,9:35:48.830378392,T,306.59,100,307.12,100,IBM
2025-10-30,9:35:48.830433507,T,306.59,100,307.04,100,IBM
2025-10-30,9:35:48.830458580,T,307.01,100,307.04,100,IBM
2025-10-30,9:35:48.830508654,T,307.01,100,307.42,100,IBM
2025-10-30,9:35:48.830523676,T,306.59,100,307.42,100,IBM
2025-10-30,9:35:48.830528842,T,307.04,100,307.42,100,IBM
2025-10-30,9:35:48.830548731,T,307.01,100,307.42,100,IBM
2025-10-30,9:35:48.830548731,T,307.04,100,307.42,100,IBM
2025-10-30,9:35:48.830634853,T,306.6,100,307.42,100,IBM
2025-10-30,9:35:48.830679036,T,306.82,100,307.42,100,IBM
2025-10-30,9:35:48.830694174,T,307.04,100,307.42,100,IBM
2025-10-30,9:35:48.830934641,T,306.6,100,307.42,100,IBM
2025-10-30,9:35:48.830969808,T,306.99,100,307.42,100,IBM
2025-10-30,9:35:48.831095058,T,306.59,100,307.42,100,IBM
2025-10-30,9:35:48.833044704,T,306.6,100,307.42,100,IBM
2025-10-30,9:35:48.833320314,T,306.61,100,307.42,100,IBM
2025-10-30,9:35:48.834132286,T,306.6,100,307.42,100,IBM
2025-10-30,9:35:48.834187467,T,306.6,100,307.26,100,IBM
2025-10-30,9:35:48.835881504,T,306.6,100,307.42,100,IBM
2025-10-30,9:35:48.837004176,T,306.6,100,307.26,100,IBM
2025-10-30,9:35:48.837354937,T,306.6,100,307.02,100,IBM
2025-10-30,9:35:48.837465211,T,306.6,100,307.26,100,IBM
2025-10-30,9:35:48.837816047,T,306.61,100,307.26,100,IBM
2025-10-30,9:35:48.837936317,T,306.61,100,307.36,100,IBM
2025-10-30,9:35:48.837956398,T,306.69,100,307.36,100,IBM
2025-10-30,9:35:48.838191987,T,306.69,100,307.42,100,IBM
2025-10-30,9:35:48.838713170,T,306.6,100,307.42,100,IBM
2025-10-30,9:35:48.838748335,T,306.6,100,307.28,100,IBM
2025-10-30,9:35:48.838888630,T,306.61,100,307.28,100,IBM
2025-10-30,9:35:48.839044032,T,306.6,100,307.28,100,IBM
2025-10-30,9:35:48.839044032,T,306.76,300,307.28,100,IBM
2025-10-30,9:35:48.839670453,T,306.6,100,307.28,100,IBM
2025-10-30,9:35:48.839670453,T,306.61,100,307.28,100,IBM
2025-10-30,9:35:48.839695565,T,306.78,300,307.28,100,IBM
2025-10-30,9:35:48.839931130,T,306.78,300,307.42,100,IBM
2025-10-30,9:35:48.840246884,T,306.61,100,307.42,100,IBM
2025-10-30,9:35:48.840662797,T,306.6,100,307.42,100,IBM
2025-10-30,9:35:48.840687891,T,306.6,100,307.26,100,IBM
2025-10-30,9:35:48.840697884,T,306.6,100,307.16,100,IBM
2025-10-30,9:35:48.842346845,T,306.6,100,306.98,100,IBM
2025-10-30,9:35:48.843204145,T,306.6,100,307.16,100,IBM
2025-10-30,9:35:48.843223934,T,306.6,100,307.26,100,IBM
2025-10-30,9:35:48.924241752,T,306.6,100,307.43,100,IBM
2025-10-30,9:35:48.925058707,T,306.47,100,307.43,100,IBM
2025-10-30,9:35:49.081150337,T,306.47,100,307.2,100,IBM
2025-10-30,9:35:49.863873646,T,306.57,100,307.2,100,IBM
2025-10-30,9:35:49.866018670,T,306.58,100,307.2,100,IBM
2025-10-30,9:35:49.868158791,T,306.57,100,307.2,100,IBM
2025-10-30,9:35:49.987002148,T,306.57,100,307.43,100,IBM
2025-10-30,9:35:49.987031843,T,306.58,100,307.43,100,IBM
2025-10-30,9:35:49.987031843,T,306.83,100,307.43,100,IBM
2025-10-30,9:35:49.987046888,T,306.84,100,307.43,100,IBM
2025-10-30,9:35:49.996629668,T,306.83,100,307.43,100,IBM
2025-10-30,9:35:50.087140207,T,306.58,100,307.43,100,IBM
2025-10-30,9:35:50.871076514,T,306.83,100,307.43,100,IBM
2025-10-30,9:35:50.871953563,T,306.83,200,307.43,100,IBM
2025-10-30,9:35:51.183660765,T,306.83,300,307.43,100,IBM
2025-10-30,9:35:51.383666905,T,307.03,100,307.43,100,IBM
2025-10-30,9:35:51.384463827,T,307.03,200,307.43,100,IBM
2025-10-30,9:35:52.372611111,T,307.03,300,307.43,100,IBM
2025-10-30,9:35:52.938859139,T,307.03,400,307.43,100,IBM
2025-10-30,9:35:56.418142315,T,307.03,300,307.43,100,IBM
2025-10-30,9:35:56.418167965,T,307.03,200,307.43,100,IBM
2025-10-30,9:35:56.418172783,T,307.03,100,307.43,100,IBM
2025-10-30,9:35:56.418192387,T,306.83,100,307.43,100,IBM
2025-10-30,9:35:56.418192387,T,306.83,100,307.42,100,IBM
2025-10-30,9:35:56.418212486,T,306.83,100,307.04,100,IBM
2025-10-30,9:35:56.418212486,T,306.83,100,307.24,100,IBM
2025-10-30,9:35:56.418242498,T,306.83,100,307.42,100,IBM
2025-10-30,9:35:56.418267544,T,306.83,100,307.43,100,IBM
2025-10-30,9:35:56.418317753,T,306.83,100,307.43,200,IBM
2025-10-30,9:35:56.418362799,T,306.58,100,307.43,200,IBM
2025-10-30,9:35:56.418372838,T,306.58,100,307.42,100,IBM
2025-10-30,9:35:56.418473032,T,306.57,200,307.42,100,IBM
2025-10-30,9:35:56.419169748,T,306.57,200,307.43,100,IBM
2025-10-30,9:35:56.424532530,T,306.57,200,307.43,200,IBM
2025-10-30,9:35:56.424788155,T,306.33,100,307.43,200,IBM
2025-10-30,9:35:56.424803157,T,306.33,300,307.43,200,IBM
2025-10-30,9:35:56.425539865,T,306.33,300,307.43,100,IBM
2025-10-30,9:35:56.426627455,T,306.58,100,307.43,100,IBM
2025-10-30,9:35:56.430160884,T,306.72,100,307.43,100,IBM
2025-10-30,9:35:56.440254964,T,306.72,200,307.43,100,IBM
2025-10-30,9:35:56.440280024,T,306.73,100,307.43,100,IBM
2025-10-30,9:35:56.448374300,T,306.73,200,307.43,100,IBM
2025-10-30,9:35:56.448399366,T,306.74,100,307.43,100,IBM
2025-10-30,9:35:56.455451157,T,306.74,200,307.43,100,IBM
2025-10-30,9:35:56.455471203,T,306.75,100,307.43,100,IBM
2025-10-30,9:35:56.590743169,T,306.76,100,307.43,100,IBM
2025-10-30,9:35:56.590763247,T,306.76,200,307.43,100,IBM
2025-10-30,9:35:57.419511174,T,306.77,100,307.43,100,IBM
2025-10-30,9:35:58.188231366,T,306.77,100,307.43,200,IBM
2025-10-30,9:35:58.188271466,T,306.77,200,307.43,200,IBM
2025-10-30,9:35:58.188296464,T,306.78,100,307.43,200,IBM
2025-10-30,9:35:59.605946501,T,306.78,200,307.43,200,IBM
2025-10-30,9:35:59.606953688,T,306.78,300,307.43,200,IBM
2025-10-30,9:35:59.606973756,T,306.79,100,307.43,200,IBM
2025-10-30,9:35:59.606978820,T,306.79,200,307.43,200,IBM
2025-10-30,9:35:59.607820838,T,306.79,100,307.43,200,IBM
2025-10-30,9:35:59.607825813,T,306.78,100,307.43,200,IBM
2025-10-30,9:35:59.607845889,T,306.78,100,307.43,300,IBM
2025-10-30,9:35:59.607860943,T,306.78,100,307.11,100,IBM
2025-10-30,9:35:59.607871000,T,306.77,100,307.11,100,IBM
2025-10-30,9:35:59.607875987,T,306.76,200,307.11,100,IBM
2025-10-30,9:35:59.608863326,T,306.76,200,307.12,100,IBM
2025-10-30,9:35:59.609214159,T,306.76,200,307.11,100,IBM
2025-10-30,9:35:59.609249214,T,306.76,100,307.11,100,IBM
2025-10-30,9:35:59.609540103,T,306.75,100,307.11,100,IBM
2025-10-30,9:35:59.609540103,T,306.47,100,307.11,100,IBM
2025-10-30,9:35:59.609544917,T,306.47,100,307.43,300,IBM
2025-10-30,9:35:59.609800576,T,306.57,100,307.43,300,IBM
2025-10-30,9:35:59.609860696,T,306.58,100,307.43,300,IBM
2025-10-30,9:35:59.609895746,T,306.75,100,307.43,300,IBM
2025-10-30,9:35:59.610236560,T,306.75,100,307.38,100,IBM
2025-10-30,9:35:59.610241534,T,306.47,100,307.38,100,IBM
2025-10-30,9:35:59.610256651,T,306.47,100,307.43,300,IBM
2025-10-30,9:35:59.640152785,T,306.47,100,307.11,100,IBM
2025-10-30,9:35:59.640167864,T,306.47,100,307.1,100,IBM
2025-10-30,9:35:59.640177826,T,306.33,300,307.1,100,IBM
2025-10-30,9:35:59.645169764,T,306.33,300,307.11,100,IBM
2025-10-30,9:35:59.645209862,T,306.33,300,307.36,100,IBM
2025-10-30,9:35:59.645430351,T,306.33,300,307.11,100,IBM
2025-10-30,9:35:59.645470418,T,306.33,200,307.11,100,IBM
2025-10-30,9:35:59.646267281,T,306.33,200,307.1,100,IBM
2025-10-30,9:35:59.646277302,T,306.33,200,306.95,100,IBM
2025-10-30,9:35:59.646282362,T,306.33,200,306.94,100,IBM
2025-10-30,9:35:59.649053956,T,305.0,100,306.94,100,IBM
2025-10-30,9:35:59.649058950,T,306.05,200,306.94,100,IBM
2025-10-30,9:35:59.649820759,T,306.05,200,307.1,100,IBM
2025-10-30,9:35:59.649860941,T,306.05,300,307.1,100,IBM
2025-10-30,9:35:59.651605011,T,306.05,200,307.1,100,IBM
2025-10-30,9:35:59.651620028,T,306.05,200,306.94,100,IBM
2025-10-30,9:35:59.651630084,T,306.05,200,306.93,100,IBM
2025-10-30,9:35:59.652622423,T,306.05,200,306.94,100,IBM
2025-10-30,9:35:59.661217942,T,306.05,200,307.0,100,IBM
2025-10-30,9:35:59.669151847,T,306.05,200,306.94,100,IBM
2025-10-30,9:35:59.746405686,T,306.05,200,307.24,100,IBM
2025-10-30,9:35:59.746435825,T,306.05,200,307.36,100,IBM
2025-10-30,9:35:59.751643137,T,306.05,200,307.43,200,IBM
2025-10-30,9:36:00.178810006,T,306.19,100,307.43,200,IBM
2025-10-30,9:36:01.805347377,T,306.19,200,307.43,200,IBM
2025-10-30,9:36:01.917805097,T,306.19,200,307.43,100,IBM
2025-10-30,9:36:03.025101266,T,306.19,200,307.0,100,IBM
2025-10-30,9:36:04.840097215,T,306.19,100,307.0,100,IBM
2025-10-30,9:36:04.840202212,T,306.05,300,307.0,100,IBM
2025-10-30,9:36:04.840232287,T,306.05,200,307.0,100,IBM
2025-10-30,9:36:04.840512981,T,305.69,100,307.0,100,IBM
2025-10-30,9:36:04.840518063,T,305.76,200,307.0,100,IBM
2025-10-30,9:36:04.840763540,T,306.19,100,307.0,100,IBM
2025-10-30,9:36:04.840763540,T,306.19,100,307.0,200,IBM
2025-10-30,9:36:04.851198451,T,306.19,100,307.0,100,IBM
2025-10-30,9:36:04.853584135,T,305.98,100,307.0,100,IBM
2025-10-30,9:36:04.853609193,T,305.98,100,307.0,200,IBM
2025-10-30,9:36:04.853614147,T,305.98,100,306.93,100,IBM
2025-10-30,9:36:04.853624175,T,305.98,100,306.92,100,IBM
2025-10-30,9:36:04.853639216,T,306.19,100,306.92,100,IBM
2025-10-30,9:36:04.853659644,T,306.19,100,307.0,200,IBM
2025-10-30,9:36:04.854130584,T,306.19,100,306.93,100,IBM
2025-10-30,9:36:04.854170521,T,306.19,100,306.92,100,IBM
2025-10-30,9:36:04.858771439,T,306.19,100,306.93,100,IBM
2025-10-30,9:36:04.863768379,T,306.19,100,307.0,100,IBM
2025-10-30,9:36:04.863948784,T,305.98,100,307.0,100,IBM
2025-10-30,9:36:04.863989156,T,305.98,100,307.0,200,IBM
2025-10-30,9:36:04.863989156,T,305.98,100,306.62,100,IBM
2025-10-30,9:36:04.868990773,T,305.98,100,306.91,100,IBM
2025-10-30,9:36:04.873586696,T,305.98,100,306.92,100,IBM
2025-10-30,9:36:04.885540203,T,306.2,100,306.92,100,IBM
2025-10-30,9:36:04.935794774,T,306.2,100,306.63,100,IBM
2025-10-30,9:36:05.226271277,T,306.2,100,307.0,100,IBM
2025-10-30,9:36:07.190477475,T,306.19,100,307.0,100,IBM
2025-10-30,9:36:07.190477475,T,305.98,100,307.0,100,IBM
2025-10-30,9:36:07.190502432,T,305.98,100,307.0,200,IBM
2025-10-30,9:36:07.190502432,T,305.98,100,306.93,100,IBM
2025-10-30,9:36:07.190542615,T,305.76,200,306.93,100,IBM
2025-10-30,9:36:07.190868362,T,305.76,200,307.0,100,IBM
2025-10-30,9:36:07.577388693,T,306.04,100,307.0,100,IBM
2025-10-30,9:36:08.913594517,T,306.04,100,307.0,200,IBM
2025-10-30,9:36:09.877734877,T,306.05,100,307.0,200,IBM
2025-10-30,9:36:09.878030594,T,306.19,100,307.0,200,IBM
2025-10-30,9:36:09.878060718,T,306.21,100,307.0,200,IBM
2025-10-30,9:36:09.878271207,T,306.19,100,307.0,200,IBM
2025-10-30,9:36:09.878526758,T,306.05,100,307.0,200,IBM
2025-10-30,9:36:09.878551868,T,306.05,100,306.89,100,IBM
2025-10-30,9:36:09.878556864,T,306.05,100,306.68,100,IBM
2025-10-30,9:36:09.878742372,T,306.19,100,306.68,100,IBM
2025-10-30,9:36:09.879143250,T,306.19,100,306.52,100,IBM
2025-10-30,9:36:09.879218502,T,306.19,100,306.68,100,IBM
2025-10-30,9:36:09.879323707,T,306.19,100,306.93,100,IBM
2025-10-30,9:36:09.879333773,T,306.19,200,306.93,100,IBM
2025-10-30,9:36:09.879343798,T,306.19,200,307.0,200,IBM
2025-10-30,9:36:09.879594315,T,306.19,200,307.0,100,IBM
2025-10-30,9:36:09.879799868,T,306.19,200,307.0,200,IBM
2025-10-30,9:36:09.879804804,T,306.19,100,307.0,200,IBM
2025-10-30,9:36:09.879839945,T,306.19,100,306.93,100,IBM
2025-10-30,9:36:09.880411335,T,306.19,100,306.89,100,IBM
2025-10-30,9:36:09.880436508,T,306.19,100,306.93,100,IBM
2025-10-30,9:36:09.880461653,T,306.19,100,307.0,200,IBM
2025-10-30,9:36:09.880767297,T,306.19,200,307.0,200,IBM
2025-10-30,9:36:09.880767297,T,306.19,100,307.0,200,IBM
2025-10-30,9:36:09.880927524,T,306.19,100,306.93,100,IBM
2025-10-30,9:36:09.882305764,T,306.19,100,306.89,100,IBM
2025-10-30,9:36:09.882320805,T,306.19,100,306.77,100,IBM
2025-10-30,9:36:09.882927291,T,306.04,100,306.77,100,IBM
2025-10-30,9:36:09.884922355,T,306.04,100,306.89,100,IBM
2025-10-30,9:36:09.884927003,T,306.04,100,306.93,100,IBM
2025-10-30,9:36:09.884947213,T,306.04,100,306.89,100,IBM
2025-10-30,9:36:09.884952131,T,306.04,100,306.93,100,IBM
2025-10-30,9:36:09.885157637,T,306.04,100,306.89,100,IBM
2025-10-30,9:36:09.885167646,T,306.04,100,306.77,100,IBM
2025-10-30,9:36:09.885177639,T,306.04,100,306.78,100,IBM
2025-10-30,9:36:09.885182865,T,306.04,100,306.93,100,IBM
2025-10-30,9:36:09.885192654,T,306.04,100,306.93,200,IBM
2025-10-30,9:36:09.885202640,T,306.04,100,306.78,100,IBM
2025-10-30,9:36:09.885223044,T,306.04,100,306.39,100,IBM
2025-10-30,9:36:09.885273244,T,306.04,100,306.67,100,IBM
2025-10-30,9:36:09.885338258,T,306.04,100,306.66,100,IBM
2025-10-30,9:36:09.886255185,T,306.04,100,306.67,100,IBM
2025-10-30,9:36:09.889713403,T,305.76,200,306.67,100,IBM
2025-10-30,9:36:09.889738484,T,305.76,200,306.66,100,IBM
2025-10-30,9:36:09.890104309,T,305.0,100,306.66,100,IBM
2025-10-30,9:36:09.890114444,T,305.48,200,306.66,100,IBM
2025-10-30,9:36:09.890319902,T,305.48,200,306.67,100,IBM
2025-10-30,9:36:09.890650637,T,305.48,200,306.77,100,IBM
2025-10-30,9:36:09.890906430,T,305.5,100,306.77,100,IBM
2025-10-30,9:36:09.890911249,T,305.51,100,306.77,100,IBM
2025-10-30,9:36:09.890931294,T,305.69,100,306.77,100,IBM
2025-10-30,9:36:09.890951394,T,305.51,100,306.77,100,IBM
2025-10-30,9:36:09.892459969,T,305.48,200,306.77,100,IBM
2025-10-30,9:36:09.893021352,T,305.48,200,306.67,100,IBM
2025-10-30,9:36:09.893021352,T,305.48,200,306.66,100,IBM
2025-10-30,9:36:09.893161667,T,305.48,200,306.67,100,IBM
2025-10-30,9:36:09.893166714,T,305.48,200,306.77,100,IBM
2025-10-30,9:36:09.893522523,T,305.48,200,306.67,100,IBM
2025-10-30,9:36:09.893537593,T,305.48,200,306.77,100,IBM
2025-10-30,9:36:09.893642767,T,305.48,200,306.67,100,IBM
2025-10-30,9:36:09.893672843,T,305.48,200,306.66,100,IBM
2025-10-30,9:36:09.894925819,T,305.48,200,306.56,100,IBM
2025-10-30,9:36:09.895151438,T,305.48,200,306.66,100,IBM
2025-10-30,9:36:09.895186435,T,305.51,100,306.66,100,IBM
2025-10-30,9:36:09.895206537,T,305.51,100,306.67,100,IBM
2025-10-30,9:36:09.895216538,T,305.52,100,306.67,100,IBM
2025-10-30,9:36:09.895662621,T,305.52,100,306.66,100,IBM
2025-10-30,9:36:09.895782914,T,305.52,100,306.56,100,IBM
2025-10-30,9:36:09.896178827,T,305.51,100,306.56,100,IBM
2025-10-30,9:36:09.896264010,T,305.48,200,306.56,100,IBM
2025-10-30,9:36:09.896649916,T,305.48,200,306.45,100,IBM
2025-10-30,9:36:09.898203689,T,305.48,200,306.66,100,IBM
2025-10-30,9:36:09.898273844,T,305.48,200,306.67,100,IBM
2025-10-30,9:36:09.898624702,T,305.5,100,306.67,100,IBM
2025-10-30,9:36:09.898664681,T,305.52,100,306.67,100,IBM
2025-10-30,9:36:09.903210618,T,305.55,100,306.67,100,IBM
2025-10-30,9:36:09.904032511,T,305.55,100,306.77,100,IBM
2025-10-30,9:36:09.904082601,T,305.52,100,306.77,100,IBM
2025-10-30,9:36:09.907435675,T,305.48,200,306.77,100,IBM
2025-10-30,9:36:09.978585018,T,305.48,200,306.78,100,IBM
2025-10-30,9:36:09.985581667,T,305.48,200,307.0,200,IBM
2025-10-30,9:36:09.985852288,T,305.48,200,307.0,300,IBM
2025-10-30,9:36:10.417810772,T,305.48,200,307.0,400,IBM
2025-10-30,9:36:10.806666396,T,305.95,100,307.0,400,IBM
2025-10-30,9:36:13.150832128,T,305.95,100,307.0,300,IBM
2025-10-30,9:36:13.155483171,T,305.95,100,307.0,200,IBM
2025-10-30,9:36:13.155483171,T,305.95,100,307.0,100,IBM
2025-10-30,9:36:13.416549742,T,305.95,100,306.81,100,IBM
2025-10-30,9:36:19.287511671,T,305.95,100,306.76,100,IBM
2025-10-30,9:36:21.009020095,T,305.96,200,306.76,100,IBM
2025-10-30,9:36:23.944047236,T,305.96,200,306.68,100,IBM
2025-10-30,9:36:24.486583933,T,305.96,300,306.68,100,IBM
2025-10-30,9:36:27.050221867,T,305.96,200,306.68,100,IBM
2025-10-30,9:36:32.364227859,T,305.97,300,306.68,100,IBM
2025-10-30,9:36:36.034239977,T,305.96,200,306.68,100,IBM
2025-10-30,9:36:36.034270583,T,305.96,200,306.27,100,IBM
2025-10-30,9:36:36.034325233,T,305.96,200,306.63,100,IBM
2025-10-30,9:36:36.034340198,T,305.96,200,306.55,100,IBM
2025-10-30,9:36:36.034345278,T,305.96,200,306.56,100,IBM
2025-10-30,9:36:36.034365237,T,305.96,200,306.55,100,IBM
2025-10-30,9:36:36.034375251,T,305.96,200,306.45,100,IBM
2025-10-30,9:36:36.034380505,T,305.95,100,306.45,100,IBM
2025-10-30,9:36:36.034445480,T,305.95,100,306.55,100,IBM
2025-10-30,9:36:36.034671007,T,305.95,100,306.45,100,IBM
2025-10-30,9:36:36.034701118,T,305.95,100,306.55,100,IBM
2025-10-30,9:36:36.034891565,T,305.96,100,306.55,100,IBM
2025-10-30,9:36:36.034901869,T,305.95,100,306.55,100,IBM
2025-10-30,9:36:36.034926637,T,305.96,100,306.55,100,IBM
2025-10-30,9:36:36.034946686,T,305.95,100,306.55,100,IBM
2025-10-30,9:36:36.034971751,T,305.96,100,306.55,100,IBM
2025-10-30,9:36:36.035012242,T,305.96,100,306.56,100,IBM
2025-10-30,9:36:36.035012242,T,305.96,100,306.55,100,IBM
2025-10-30,9:36:36.035107159,T,306.01,200,306.55,100,IBM
2025-10-30,9:36:36.035107159,T,306.01,200,306.56,100,IBM
2025-10-30,9:36:36.035157187,T,306.01,300,306.56,100,IBM
2025-10-30,9:36:36.035167245,T,306.01,400,306.56,100,IBM
2025-10-30,9:36:36.035197692,T,306.01,300,306.56,100,IBM
2025-10-30,9:36:36.035202219,T,306.01,400,306.56,100,IBM
2025-10-30,9:36:36.035202219,T,306.01,500,306.56,100,IBM
2025-10-30,9:36:36.035272384,T,306.01,500,306.67,100,IBM
2025-10-30,9:36:36.035307540,T,306.01,500,306.68,100,IBM
2025-10-30,9:36:36.035698398,T,306.01,400,306.68,100,IBM
2025-10-30,9:36:37.549788073,T,306.02,100,306.68,100,IBM
2025-10-30,9:36:37.549813160,T,306.02,400,306.68,100,IBM
2025-10-30,9:36:37.549843165,T,306.02,500,306.68,100,IBM
2025-10-30,9:36:37.664220520,T,306.02,600,306.68,100,IBM
2025-10-30,9:36:37.664230565,T,306.02,400,306.68,100,IBM
2025-10-30,9:36:37.664245721,T,306.02,100,306.68,100,IBM
2025-10-30,9:36:37.664250623,T,306.05,300,306.68,100,IBM
2025-10-30,9:36:37.664250623,T,306.14,100,306.68,100,IBM
2025-10-30,9:36:37.664300714,T,306.14,400,306.68,100,IBM
2025-10-30,9:36:37.664546293,T,306.14,300,306.68,100,IBM
2025-10-30,9:36:37.664571466,T,306.22,100,306.68,100,IBM
2025-10-30,9:36:37.664596475,T,306.22,400,306.68,100,IBM
2025-10-30,9:36:38.410231569,T,306.22,300,306.68,100,IBM
2025-10-30,9:36:38.410231569,T,306.23,300,306.68,100,IBM
2025-10-30,9:36:38.410251575,T,306.23,400,306.68,100,IBM
2025-10-30,9:36:38.410502156,T,306.23,500,306.68,100,IBM
2025-10-30,9:36:39.027155248,T,306.23,400,306.68,100,IBM
2025-10-30,9:36:39.027160582,T,306.23,500,306.68,100,IBM
2025-10-30,9:36:39.027180299,T,306.52,100,306.68,100,IBM
2025-10-30,9:36:39.027295568,T,306.52,400,306.68,100,IBM
2025-10-30,9:36:39.028087392,T,306.52,400,306.95,200,IBM
2025-10-30,9:36:39.028097501,T,306.52,400,306.68,100,IBM
2025-10-30,9:36:39.028107423,T,306.52,400,306.95,200,IBM
2025-10-30,9:36:39.028112527,T,306.52,300,306.95,200,IBM
2025-10-30,9:36:39.028117501,T,306.52,300,306.68,100,IBM
2025-10-30,9:36:39.028117501,T,306.52,300,306.95,200,IBM
2025-10-30,9:36:39.028127539,T,306.52,300,306.68,100,IBM
2025-10-30,9:36:39.028137599,T,306.52,300,306.93,100,IBM
2025-10-30,9:36:39.028137599,T,306.52,300,306.95,200,IBM
2025-10-30,9:36:39.028182625,T,306.02,100,306.95,200,IBM
2025-10-30,9:36:39.028187620,T,306.6,300,306.95,200,IBM
2025-10-30,9:36:39.028919444,T,306.6,300,307.33,100,IBM
2025-10-30,9:36:39.040000828,T,306.6,300,307.12,100,IBM
2025-10-30,9:36:39.087243237,T,306.6,300,306.97,100,IBM
2025-10-30,9:36:40.526860739,T,306.61,100,306.97,100,IBM
2025-10-30,9:36:40.526880775,T,306.61,400,306.97,100,IBM
2025-10-30,9:36:46.154077059,T,306.61,300,306.97,100,IBM
2025-10-30,9:36:46.154077059,T,305.77,300,306.97,100,IBM
2025-10-30,9:36:46.154077059,T,305.77,200,306.97,100,IBM
2025-10-30,9:36:46.154142182,T,305.77,200,306.87,100,IBM
2025-10-30,9:36:46.154838840,T,305.77,200,306.94,100,IBM
2025-10-30,9:36:46.154873935,T,305.77,200,306.94,200,IBM
2025-10-30,9:36:46.154883981,T,305.77,200,306.94,100,IBM
2025-10-30,9:36:46.155034699,T,306.3,100,306.94,100,IBM
2025-10-30,9:36:46.156853591,T,306.3,100,306.94,200,IBM
2025-10-30,9:36:46.357125382,T,306.3,100,306.94,100,IBM
2025-10-30,9:36:49.020997384,T,306.3,100,306.97,100,IBM
2025-10-30,9:36:50.755010320,T,305.88,100,306.97,100,IBM
2025-10-30,9:36:50.755010320,T,305.77,200,306.97,100,IBM
2025-10-30,9:36:50.755020332,T,305.77,200,306.94,100,IBM
2025-10-30,9:36:50.755030620,T,305.77,200,306.32,100,IBM
2025-10-30,9:36:50.755040493,T,305.77,200,306.87,100,IBM
2025-10-30,9:36:50.755075443,T,305.77,200,306.87,200,IBM
2025-10-30,9:36:50.755311043,T,305.77,200,306.87,300,IBM
2025-10-30,9:36:50.755752117,T,305.77,200,306.87,200,IBM
2025-10-30,9:36:50.755842323,T,305.77,200,306.87,300,IBM
2025-10-30,9:36:50.756343549,T,305.77,200,306.82,100,IBM
2025-10-30,9:36:50.759876975,T,305.77,200,306.79,100,IBM
2025-10-30,9:36:50.770807885,T,305.77,200,306.87,300,IBM
2025-10-30,9:36:50.770817916,T,305.77,200,306.87,200,IBM
2025-10-30,9:36:50.771073630,T,305.77,200,306.87,100,IBM
2025-10-30,9:36:50.772446837,T,305.77,200,306.82,100,IBM
2025-10-30,9:36:50.857469233,T,305.77,200,306.87,100,IBM
2025-10-30,9:36:50.916093763,T,305.77,200,306.63,100,IBM
2025-10-30,9:36:51.816793082,T,305.98,100,306.63,100,IBM
2025-10-30,9:36:52.268994540,T,306.0,100,306.63,100,IBM
2025-10-30,9:36:57.015815327,T,305.99,100,306.63,100,IBM
2025-10-30,9:36:57.015815327,T,305.98,100,306.63,100,IBM
2025-10-30,9:36:57.015835267,T,305.98,100,306.0,100,IBM
2025-10-30,9:36:57.015840523,T,305.66,100,306.0,100,IBM
2025-10-30,9:36:57.015860547,T,305.53,200,306.0,100,IBM
2025-10-30,9:36:57.015865364,T,305.53,200,306.25,100,IBM
2025-10-30,9:36:57.015880351,T,305.53,200,306.0,100,IBM
2025-10-30,9:36:57.015885420,T,305.53,200,306.25,200,IBM
2025-10-30,9:36:57.015890351,T,305.53,200,306.0,100,IBM
2025-10-30,9:36:57.015900714,T,305.53,200,306.25,200,IBM
2025-10-30,9:36:57.015900714,T,305.53,200,306.25,100,IBM
2025-10-30,9:36:57.015905372,T,305.53,200,306.49,100,IBM
2025-10-30,9:36:57.015910704,T,305.53,200,306.48,100,IBM
2025-10-30,9:36:57.016266255,T,305.53,200,306.4,100,IBM
2025-10-30,9:36:57.016296402,T,305.53,200,306.48,100,IBM
2025-10-30,9:36:57.016301483,T,305.53,200,306.49,100,IBM
2025-10-30,9:36:57.016301483,T,305.53,200,306.48,100,IBM
2025-10-30,9:36:57.016511808,T,305.53,200,306.4,100,IBM
2025-10-30,9:36:57.016652209,T,305.53,200,306.48,100,IBM
2025-10-30,9:36:57.016802479,T,305.53,200,306.46,100,IBM
2025-10-30,9:36:57.016847693,T,305.53,200,306.48,100,IBM
2025-10-30,9:36:57.115883444,T,305.53,200,306.49,100,IBM
2025-10-30,9:36:57.517298919,T,305.1,100,306.49,100,IBM
2025-10-30,9:36:57.517309005,T,305.3,200,306.49,100,IBM
2025-10-30,9:36:58.286750712,T,305.3,200,306.25,100,IBM
2025-10-30,9:36:58.287021404,T,305.3,200,306.25,200,IBM
2025-10-30,9:36:58.505326132,T,305.3,200,306.25,300,IBM
2025-10-30,9:36:59.423271475,T,305.3,200,306.25,400,IBM
2025-10-30,9:37:01.410191646,T,305.56,200,306.25,400,IBM
2025-10-30,9:37:02.009092439,T,305.56,200,306.25,300,IBM
2025-10-30,9:37:02.879770336,T,305.56,400,306.25,300,IBM
2025-10-30,9:37:04.552106682,T,305.56,400,306.25,200,IBM
2025-10-30,9:37:06.872856499,T,305.71,100,306.25,200,IBM
2025-10-30,9:37:06.873122182,T,305.71,100,306.25,100,IBM
2025-10-30,9:37:11.470391620,T,305.71,100,306.25,200,IBM
2025-10-30,9:37:11.470426865,T,305.71,100,306.21,100,IBM
2025-10-30,9:37:11.470456792,T,305.71,100,306.25,200,IBM
2025-10-30,9:37:11.478060290,T,305.3,200,306.25,200,IBM
2025-10-30,9:37:11.478084922,T,305.3,200,306.11,100,IBM
2025-10-30,9:37:11.478089975,T,305.3,200,306.03,100,IBM
2025-10-30,9:37:11.478340583,T,305.3,200,305.98,100,IBM
2025-10-30,9:37:11.478355674,T,305.3,200,305.92,100,IBM
2025-10-30,9:37:11.482104500,T,305.3,200,305.98,100,IBM
2025-10-30,9:37:11.482630785,T,305.3,200,306.1,100,IBM
2025-10-30,9:37:11.483127439,T,305.55,100,306.1,100,IBM
2025-10-30,9:37:11.483147052,T,305.55,100,306.21,100,IBM
2025-10-30,9:37:11.483147052,T,305.55,200,306.21,100,IBM
2025-10-30,9:37:11.483362583,T,305.55,200,306.25,200,IBM
2025-10-30,9:37:11.484765861,T,305.71,100,306.25,200,IBM
2025-10-30,9:37:11.488429542,T,305.71,100,306.25,100,IBM
2025-10-30,9:37:12.487848787,T,305.71,200,306.25,100,IBM
2025-10-30,9:37:12.487858842,T,305.71,300,306.25,100,IBM
2025-10-30,9:37:12.488530444,T,305.71,400,306.25,100,IBM
2025-10-30,9:37:12.488535471,T,305.71,300,306.25,100,IBM
2025-10-30,9:37:12.488600613,T,305.71,300,306.25,200,IBM
2025-10-30,9:37:12.488635987,T,305.71,200,306.25,200,IBM
2025-10-30,9:37:12.488635987,T,305.71,100,306.25,200,IBM
2025-10-30,9:37:12.488635987,T,305.33,100,306.25,200,IBM
2025-10-30,9:37:12.488635987,T,305.3,200,306.25,200,IBM
2025-10-30,9:37:12.488655742,T,305.3,200,306.21,100,IBM
2025-10-30,9:37:12.488690815,T,305.3,200,306.25,100,IBM
2025-10-30,9:37:12.488690815,T,305.3,200,306.21,100,IBM
2025-10-30,9:37:12.489382401,T,305.3,200,305.92,100,IBM
2025-10-30,9:37:12.489843529,T,305.0,100,305.92,100,IBM
2025-10-30,9:37:12.489848506,T,305.06,200,305.92,100,IBM
2025-10-30,9:37:12.493492178,T,305.06,200,306.21,100,IBM
2025-10-30,9:37:12.493712743,T,305.06,200,306.24,100,IBM
2025-10-30,9:37:12.496729933,T,305.06,200,306.25,200,IBM
2025-10-30,9:37:12.499521619,T,305.06,200,306.25,100,IBM
2025-10-30,9:37:12.503616360,T,305.26,100,306.25,100,IBM
2025-10-30,9:37:12.503686514,T,305.33,100,306.25,100,IBM
2025-10-30,9:37:12.510933804,T,305.33,100,306.24,100,IBM
2025-10-30,9:37:12.613868769,T,305.37,100,306.24,100,IBM
2025-10-30,9:37:12.613893896,T,305.37,100,306.25,100,IBM
2025-10-30,9:37:12.614520351,T,305.37,100,306.24,100,IBM
2025-10-30,9:37:12.753591443,T,305.37,100,306.25,100,IBM
2025-10-30,9:37:12.807800448,T,305.37,100,306.24,100,IBM
2025-10-30,9:37:12.808071117,T,305.37,100,306.24,200,IBM
2025-10-30,9:37:12.962528817,T,305.37,100,306.24,100,IBM
2025-10-30,9:37:12.963150353,T,305.58,100,306.24,100,IBM
2025-10-30,9:37:13.077803360,T,305.58,100,306.24,200,IBM
2025-10-30,9:37:13.836409374,T,305.26,100,306.24,200,IBM
2025-10-30,9:37:13.836429482,T,305.26,100,305.9,100,IBM
2025-10-30,9:37:13.836449750,T,305.06,200,305.9,100,IBM
2025-10-30,9:37:13.837045871,T,305.06,200,305.9,200,IBM
2025-10-30,9:37:13.837070976,T,305.06,200,305.86,100,IBM
2025-10-30,9:37:13.837216297,T,305.06,200,305.85,100,IBM
2025-10-30,9:37:13.837376879,T,305.06,200,305.9,300,IBM
2025-10-30,9:37:13.837416806,T,305.06,200,305.86,100,IBM
2025-10-30,9:37:13.837466913,T,305.06,200,305.9,300,IBM
2025-10-30,9:37:13.837481978,T,305.06,200,305.9,200,IBM
2025-10-30,9:37:13.837486960,T,305.06,200,305.9,100,IBM
2025-10-30,9:37:13.837742603,T,305.06,200,305.9,200,IBM
2025-10-30,9:37:13.837777626,T,305.06,200,305.9,100,IBM
2025-10-30,9:37:13.838053294,T,305.06,200,305.85,100,IBM
2025-10-30,9:37:13.847806487,T,305.06,200,306.2,100,IBM
2025-10-30,9:37:13.856001056,T,305.06,300,306.2,100,IBM
2025-10-30,9:37:13.856036116,T,305.08,100,306.2,100,IBM
2025-10-30,9:37:13.936532676,T,305.08,100,306.21,100,IBM
2025-10-30,9:37:14.615138411,T,305.35,100,306.21,100,IBM
2025-10-30,9:37:14.645761338,T,305.5,100,306.21,100,IBM
2025-10-30,9:37:14.645781320,T,305.5,200,306.21,100,IBM
2025-10-30,9:37:14.650963698,T,305.5,100,306.21,100,IBM
2025-10-30,9:37:14.650963698,T,305.36,100,306.21,100,IBM
2025-10-30,9:37:14.650988922,T,305.35,100,306.21,100,IBM
2025-10-30,9:37:14.650993786,T,305.06,300,306.21,100,IBM
2025-10-30,9:37:14.651008754,T,305.06,300,306.13,100,IBM
2025-10-30,9:37:14.651013767,T,305.06,300,306.02,100,IBM
2025-10-30,9:37:14.651023797,T,305.06,300,305.84,100,IBM
2025-10-30,9:37:14.652026164,T,305.06,300,306.02,100,IBM
2025-10-30,9:37:14.659674368,T,305.36,100,306.02,100,IBM
2025-10-30,9:37:14.659694398,T,305.36,100,306.21,100,IBM
2025-10-30,9:37:14.669512800,T,305.36,100,306.13,100,IBM
2025-10-30,9:37:14.669532839,T,305.36,100,306.21,100,IBM
2025-10-30,9:37:14.669537928,T,305.36,100,306.25,200,IBM
2025-10-30,9:37:14.669718259,T,305.36,100,306.21,100,IBM
2025-10-30,9:37:14.669733305,T,305.36,100,306.25,200,IBM
2025-10-30,9:37:14.669793496,T,305.36,100,306.21,100,IBM
2025-10-30,9:37:14.669813536,T,305.36,100,306.25,200,IBM
2025-10-30,9:37:14.764809658,T,305.36,100,306.21,100,IBM
2025-10-30,9:37:14.764839760,T,305.36,100,306.25,200,IBM
2025-10-30,9:37:14.765090393,T,305.36,100,306.24,100,IBM
2025-10-30,9:37:14.765731838,T,305.36,100,306.25,200,IBM
2025-10-30,9:37:14.910942551,T,305.39,100,306.25,200,IBM
2025-10-30,9:37:15.628165007,T,305.5,100,306.25,200,IBM
2025-10-30,9:37:15.628195779,T,305.39,100,306.25,200,IBM
2025-10-30,9:37:15.628220108,T,305.39,100,306.02,100,IBM
2025-10-30,9:37:15.628220108,T,305.39,100,305.76,100,IBM
2025-10-30,9:37:15.628245164,T,305.39,200,305.76,100,IBM
2025-10-30,9:37:15.628265376,T,305.39,200,306.13,100,IBM
2025-10-30,9:37:15.628490690,T,305.39,200,305.76,100,IBM
2025-10-30,9:37:15.628540829,T,305.39,100,305.76,100,IBM
2025-10-30,9:37:15.638489538,T,305.39,100,306.21,100,IBM
2025-10-30,9:37:16.179577605,T,305.39,100,305.76,100,IBM
2025-10-30,9:37:16.179848308,T,305.39,100,305.76,200,IBM
2025-10-30,9:37:16.180259298,T,305.39,100,305.76,300,IBM
2025-10-30,9:37:16.537860669,T,305.39,100,305.76,200,IBM
2025-10-30,9:37:17.772850686,T,305.39,100,305.63,200,IBM
2025-10-30,9:37:17.773542307,T,305.39,100,305.63,300,IBM
2025-10-30,9:37:17.881729951,T,305.39,100,305.63,200,IBM
2025-10-30,9:37:18.103011644,T,305.39,100,305.63,300,IBM
2025-10-30,9:37:20.178883695,T,305.39,100,305.63,400,IBM
2025-10-30,9:37:20.220081762,T,305.39,200,305.63,400,IBM
2025-10-30,9:37:20.220091835,T,305.39,300,305.63,400,IBM
2025-10-30,9:37:20.220537869,T,305.39,200,305.63,400,IBM
2025-10-30,9:37:20.220542844,T,305.39,100,305.63,400,IBM
2025-10-30,9:37:20.229564348,T,304.88,200,305.63,400,IBM
2025-10-30,9:37:20.229594458,T,304.88,100,305.63,400,IBM
2025-10-30,9:37:20.368685592,T,304.88,100,305.63,300,IBM
2025-10-30,9:37:20.383425612,T,304.88,100,305.62,100,IBM
2025-10-30,9:37:20.384212551,T,304.88,100,305.57,100,IBM
2025-10-30,9:37:20.384418064,T,304.88,100,305.62,100,IBM
2025-10-30,9:37:20.384824031,T,305.0,100,305.62,100,IBM
2025-10-30,9:37:20.387771053,T,305.0,100,305.63,300,IBM
2025-10-30,9:37:20.887956693,T,305.0,100,305.63,100,IBM
2025-10-30,9:37:20.890232196,T,304.88,100,305.63,100,IBM
2025-10-30,9:37:21.291021239,T,305.01,100,305.63,100,IBM
2025-10-30,9:37:22.032486534,T,305.01,100,306.13,100,IBM
2025-10-30,9:37:22.032541618,T,305.01,100,305.49,100,IBM
2025-10-30,9:37:24.326703386,T,305.02,100,305.49,100,IBM
2025-10-30,9:37:24.327209546,T,305.01,100,305.49,100,IBM
2025-10-30,9:37:26.273748408,T,305.02,100,305.49,100,IBM
2025-10-30,9:37:27.121371486,T,305.1,100,305.49,100,IBM
2025-10-30,9:37:27.121391451,T,305.02,100,305.49,100,IBM
2025-10-30,9:37:27.121476728,T,305.01,100,305.49,100,IBM
2025-10-30,9:37:27.121802442,T,305.17,100,305.49,100,IBM
2025-10-30,9:37:27.121832492,T,305.24,100,305.49,100,IBM
2025-10-30,9:37:27.122173548,T,305.24,100,306.13,300,IBM
2025-10-30,9:37:27.122183394,T,305.24,100,305.49,100,IBM
2025-10-30,9:37:27.122193366,T,305.48,100,305.49,100,IBM
2025-10-30,9:37:27.122198373,T,305.48,100,305.52,100,IBM
2025-10-30,9:37:27.122203485,T,305.48,100,305.49,100,IBM
2025-10-30,9:37:27.122223500,T,305.48,100,305.52,100,IBM
2025-10-30,9:37:27.122223500,T,305.48,100,306.13,300,IBM
2025-10-30,9:37:27.122228730,T,305.24,100,306.13,300,IBM
2025-10-30,9:37:27.122228730,T,305.24,100,306.02,100,IBM
2025-10-30,9:37:27.122233453,T,305.24,100,306.13,300,IBM
2025-10-30,9:37:27.122248572,T,305.01,100,306.13,300,IBM
2025-10-30,9:37:27.122273631,T,305.1,100,306.13,300,IBM
2025-10-30,9:37:27.122303617,T,305.17,100,306.13,300,IBM
2025-10-30,9:37:27.122358843,T,305.24,100,306.13,300,IBM
2025-10-30,9:37:27.122539226,T,305.17,100,306.13,300,IBM
2025-10-30,9:37:27.122559314,T,305.17,100,306.02,100,IBM
2025-10-30,9:37:27.122584280,T,305.01,100,306.02,100,IBM
2025-10-30,9:37:27.122619478,T,305.1,100,306.02,100,IBM
2025-10-30,9:37:27.122940143,T,305.1,100,306.13,300,IBM
2025-10-30,9:37:27.122965222,T,305.17,100,306.13,300,IBM
2025-10-30,9:37:27.132563093,T,305.1,100,306.13,300,IBM
2025-10-30,9:37:27.200093797,T,305.36,100,306.13,300,IBM
2025-10-30,9:37:27.201331747,T,305.36,200,306.13,300,IBM
2025-10-30,9:37:28.202876123,T,305.36,300,306.13,300,IBM
2025-10-30,9:37:31.127378384,T,305.36,200,306.13,300,IBM
2025-10-30,9:37:31.127378384,T,305.36,100,306.13,300,IBM
2025-10-30,9:37:31.127383666,T,305.0,100,306.13,300,IBM
2025-10-30,9:37:31.127383666,T,305.0,100,306.02,100,IBM
2025-10-30,9:37:31.127398449,T,305.0,100,305.37,100,IBM
2025-10-30,9:37:31.127423558,T,304.88,200,305.37,100,IBM
2025-10-30,9:37:31.127489043,T,304.88,100,305.37,100,IBM
2025-10-30,9:37:31.127508707,T,304.88,100,305.36,100,IBM
2025-10-30,9:37:31.128009863,T,304.88,100,305.8,100,IBM
2025-10-30,9:37:31.128029952,T,304.88,100,305.91,100,IBM
2025-10-30,9:37:31.128255529,T,304.88,100,305.8,100,IBM
2025-10-30,9:37:31.128536143,T,304.88,100,305.54,100,IBM
2025-10-30,9:37:31.128576233,T,304.88,100,305.52,100,IBM
2025-10-30,9:37:31.128927073,T,304.88,100,305.54,100,IBM
2025-10-30,9:37:31.131939264,T,304.88,100,305.8,100,IBM
2025-10-30,9:37:31.132876523,T,304.88,100,306.01,100,IBM
2025-10-30,9:37:31.140299103,T,304.88,100,305.91,100,IBM
2025-10-30,9:37:31.253764289,T,304.88,100,306.01,100,IBM
2025-10-30,9:37:31.634104724,T,304.88,100,305.91,100,IBM
2025-10-30,9:37:32.393692993,T,305.0,100,305.91,100,IBM
2025-10-30,9:37:32.393703044,T,305.0,100,306.01,100,IBM
2025-10-30,9:37:32.393713100,T,304.88,100,306.01,100,IBM
2025-10-30,9:37:32.397010867,T,304.88,100,305.91,100,IBM
2025-10-30,9:37:32.399176128,T,304.88,100,305.86,100,IBM
2025-10-30,9:37:32.399211139,T,304.88,100,305.86,200,IBM
2025-10-30,9:37:32.403335919,T,304.88,100,305.86,100,IBM
2025-10-30,9:37:32.447004951,T,304.88,200,305.86,100,IBM
2025-10-30,9:37:32.668156426,T,305.14,100,305.86,100,IBM
2025-10-30,9:37:32.668968298,T,305.14,200,305.86,100,IBM
2025-10-30,9:37:32.931152518,T,305.14,200,306.01,100,IBM
2025-10-30,9:37:36.968509093,T,305.14,200,305.91,100,IBM
2025-10-30,9:37:36.972764135,T,305.14,200,306.01,100,IBM
2025-10-30,9:37:36.976603466,T,305.14,200,305.91,100,IBM
2025-10-30,9:37:36.976603466,T,305.14,200,305.52,100,IBM
2025-10-30,9:37:36.976633427,T,305.14,200,305.51,100,IBM
2025-10-30,9:37:36.979419976,T,305.14,300,305.51,100,IBM
2025-10-30,9:37:36.985103597,T,305.14,300,305.52,100,IBM
2025-10-30,9:37:36.985123658,T,305.14,300,305.8,100,IBM
2025-10-30,9:37:37.077207804,T,305.14,300,306.01,100,IBM
2025-10-30,9:37:37.422344432,T,305.14,400,306.01,100,IBM
2025-10-30,9:37:38.865244414,T,305.14,400,305.91,100,IBM
2025-10-30,9:37:39.213724079,T,305.14,300,305.91,100,IBM
2025-10-30,9:37:40.222916731,T,305.14,300,306.01,100,IBM
2025-10-30,9:37:40.665876531,T,305.14,200,306.01,100,IBM
2025-10-30,9:37:40.665876531,T,305.14,100,306.01,100,IBM
2025-10-30,9:37:40.665876531,T,305.14,100,305.8,100,IBM
2025-10-30,9:37:40.665891498,T,305.13,100,305.8,100,IBM
2025-10-30,9:37:40.665926328,T,304.88,200,305.8,100,IBM
2025-10-30,9:37:40.665941453,T,304.88,200,305.52,100,IBM
2025-10-30,9:37:40.665976500,T,304.88,100,305.52,100,IBM
2025-10-30,9:37:40.666728325,T,305.02,100,305.52,100,IBM
2025-10-30,9:37:40.670657597,T,305.02,100,305.67,100,IBM
2025-10-30,9:37:40.675544287,T,305.02,100,305.8,100,IBM
2025-10-30,9:37:41.220717271,T,305.02,100,305.9,300,IBM
2025-10-30,9:37:41.220752314,T,305.02,100,305.8,100,IBM
2025-10-30,9:37:43.730582333,T,305.02,100,305.69,100,IBM
2025-10-30,9:37:43.730587321,T,305.02,100,305.52,100,IBM
2025-10-30,9:37:43.730618062,T,305.02,100,305.69,100,IBM
2025-10-30,9:37:43.730622414,T,305.02,100,305.52,100,IBM
2025-10-30,9:37:43.730667505,T,304.88,100,305.52,100,IBM
2025-10-30,9:37:43.734712143,T,304.88,100,305.52,200,IBM
2025-10-30,9:37:43.750870551,T,304.88,100,305.52,100,IBM
2025-10-30,9:37:43.752474438,T,304.88,100,305.69,100,IBM
2025-10-30,9:37:43.752479475,T,305.0,100,305.69,100,IBM
2025-10-30,9:37:44.056292769,T,305.04,100,305.69,100,IBM
2025-10-30,9:37:44.058222335,T,305.04,200,305.69,100,IBM
2025-10-30,9:37:44.534385959,T,305.05,100,305.69,100,IBM
2025-10-30,9:37:45.278051291,T,305.06,100,305.69,100,IBM
2025-10-30,9:37:45.794911726,T,305.06,100,305.9,200,IBM
2025-10-30,9:37:45.794946832,T,305.06,100,305.69,100,IBM
2025-10-30,9:37:46.152021870,T,305.05,100,305.69,100,IBM
2025-10-30,9:37:46.152808755,T,305.06,100,305.69,100,IBM
2025-10-30,9:37:46.598675117,T,305.06,100,305.8,100,IBM
2025-10-30,9:37:48.235075910,T,305.06,200,305.8,100,IBM
2025-10-30,9:37:48.236619533,T,305.06,100,305.8,100,IBM
2025-10-30,9:37:53.909028610,T,305.06,200,305.8,100,IBM
2025-10-30,9:37:53.914351310,T,305.06,200,305.31,200,IBM
2025-10-30,9:37:53.914401425,T,305.06,300,305.31,200,IBM
2025-10-30,9:37:54.307156469,T,305.06,300,305.38,100,IBM
2025-10-30,9:37:54.307171438,T,305.06,300,305.8,100,IBM
2025-10-30,9:37:54.307196612,T,305.07,100,305.8,100,IBM
2025-10-30,9:37:54.307251696,T,305.19,100,305.8,100,IBM
2025-10-30,9:37:54.307457151,T,305.19,100,305.31,100,IBM
2025-10-30,9:37:54.307492299,T,305.19,100,305.8,100,IBM
2025-10-30,9:37:54.307517312,T,305.08,100,305.8,100,IBM
2025-10-30,9:37:54.307697816,T,305.07,100,305.8,100,IBM
2025-10-30,9:37:54.307838070,T,305.07,100,305.38,200,IBM
2025-10-30,9:37:54.308144178,T,305.07,100,305.9,200,IBM
2025-10-30,9:37:54.308168920,T,305.38,100,305.9,200,IBM
2025-10-30,9:37:54.308800413,T,305.07,100,305.9,200,IBM
2025-10-30,9:37:54.309502057,T,305.07,100,306.01,100,IBM
2025-10-30,9:37:54.310083419,T,305.08,100,306.01,100,IBM
2025-10-30,9:37:54.310113561,T,305.08,100,306.02,100,IBM
2025-10-30,9:37:54.312183403,T,305.07,100,306.02,100,IBM
2025-10-30,9:37:54.407219770,T,305.04,100,306.02,100,IBM
2025-10-30,9:37:54.408442638,T,305.07,100,306.02,100,IBM
2025-10-30,9:37:54.408462607,T,305.07,200,306.02,100,IBM
2025-10-30,9:37:54.442538773,T,305.07,300,306.02,100,IBM
2025-10-30,9:37:54.442548854,T,305.07,300,306.13,100,IBM
2025-10-30,9:37:54.442568888,T,305.34,100,306.13,100,IBM
2025-10-30,9:37:54.442583907,T,305.43,100,306.13,100,IBM
2025-10-30,9:37:54.442894656,T,305.57,100,306.13,100,IBM
2025-10-30,9:37:54.443064991,T,305.57,100,306.15,200,IBM
2025-10-30,9:37:54.443380712,T,305.57,100,306.24,100,IBM
2025-10-30,9:37:54.446202510,T,305.57,100,306.31,100,IBM
2025-10-30,9:37:54.452181739,T,305.35,100,306.31,100,IBM
2025-10-30,9:37:54.452281932,T,305.35,100,306.4,200,IBM
2025-10-30,9:37:54.452307063,T,305.68,100,306.4,200,IBM
2025-10-30,9:37:54.452317028,T,305.76,100,306.4,200,IBM
2025-10-30,9:37:54.452342466,T,305.77,100,306.4,200,IBM
2025-10-30,9:37:54.452357125,T,305.77,100,306.35,100,IBM
2025-10-30,9:37:54.452367168,T,305.77,100,306.31,100,IBM
2025-10-30,9:37:54.452372324,T,305.77,100,306.35,100,IBM
2025-10-30,9:37:54.452372324,T,305.77,100,306.4,300,IBM
2025-10-30,9:37:54.452372324,T,305.77,100,306.31,100,IBM
2025-10-30,9:37:54.452672886,T,305.35,100,306.31,100,IBM
2025-10-30,9:37:54.452718058,T,305.35,100,306.23,100,IBM
2025-10-30,9:37:54.463583915,T,305.07,200,306.23,100,IBM
2025-10-30,9:37:54.525902259,T,305.34,100,306.23,100,IBM
2025-10-30,9:37:54.525917266,T,305.34,200,306.23,100,IBM
2025-10-30,9:37:54.552460500,T,305.34,200,306.31,100,IBM
2025-10-30,9:37:54.752371409,T,305.34,300,306.31,100,IBM
2025-10-30,9:37:54.832903279,T,305.34,300,306.4,200,IBM
2025-10-30,9:37:54.834030900,T,305.34,200,306.4,200,IBM
2025-10-30,9:37:54.834176280,T,305.34,100,306.4,200,IBM
2025-10-30,9:37:54.834196234,T,305.05,100,306.4,200,IBM
2025-10-30,9:37:54.834782631,T,304.88,200,306.4,200,IBM
2025-10-30,9:37:55.495465572,T,305.79,100,306.4,200,IBM
2025-10-30,9:37:56.715329555,T,305.79,200,306.4,200,IBM
2025-10-30,9:37:57.859854170,T,305.79,200,306.62,100,IBM
2025-10-30,9:38:00.052393953,T,305.79,100,306.62,100,IBM
2025-10-30,9:38:01.039844872,T,305.79,100,306.68,300,IBM
2025-10-30,9:38:01.553477701,T,305.79,100,306.62,100,IBM
2025-10-30,9:38:01.623384128,T,305.8,100,306.62,100,IBM
2025-10-30,9:38:05.046578642,T,305.79,100,306.62,100,IBM
2025-10-30,9:38:05.386928825,T,305.8,100,306.62,100,IBM
2025-10-30,9:38:06.284816302,T,305.79,100,306.62,100,IBM
2025-10-30,9:38:06.449899272,T,305.79,100,306.68,300,IBM
2025-10-30,9:38:08.353892255,T,305.8,200,306.68,300,IBM
2025-10-30,9:38:08.353987502,T,305.8,200,306.68,200,IBM
2025-10-30,9:38:08.354679113,T,305.79,100,306.68,200,IBM
2025-10-30,9:38:14.768748699,T,305.81,100,306.68,200,IBM
2025-10-30,9:38:14.769294952,T,305.79,100,306.68,200,IBM
2025-10-30,9:38:14.845280899,T,305.81,100,306.68,200,IBM
2025-10-30,9:38:15.981260243,T,305.81,100,306.68,300,IBM
2025-10-30,9:38:16.938549316,T,305.81,100,306.68,200,IBM
2025-10-30,9:38:16.939326222,T,306.03,100,306.68,200,IBM
2025-10-30,9:38:16.939867523,T,305.81,100,306.68,200,IBM
2025-10-30,9:38:16.939927614,T,305.81,100,306.31,100,IBM
2025-10-30,9:38:16.939952617,T,305.81,100,306.68,200,IBM
2025-10-30,9:38:16.939962743,T,306.04,100,306.68,200,IBM
2025-10-30,9:38:16.940318493,T,305.81,100,306.68,200,IBM
2025-10-30,9:38:16.940504024,T,305.81,100,306.9,100,IBM
2025-10-30,9:38:16.940549117,T,306.04,100,306.9,100,IBM
2025-10-30,9:38:16.940584213,T,306.04,100,306.93,200,IBM
2025-10-30,9:38:16.940729563,T,306.04,100,306.79,100,IBM
2025-10-30,9:38:16.940824808,T,306.04,100,306.57,100,IBM
2025-10-30,9:38:16.940859798,T,305.81,200,306.57,100,IBM
2025-10-30,9:38:16.941040227,T,305.81,100,306.57,100,IBM
2025-10-30,9:38:16.941075347,T,305.79,100,306.57,100,IBM
2025-10-30,9:38:16.945761483,T,305.79,100,306.93,200,IBM
2025-10-30,9:38:16.945781576,T,306.57,100,306.93,200,IBM
2025-10-30,9:38:16.945821689,T,306.14,100,306.93,200,IBM
2025-10-30,9:38:16.945841813,T,306.04,100,306.93,200,IBM
2025-10-30,9:38:16.945896824,T,306.05,100,306.93,200,IBM
2025-10-30,9:38:16.945921830,T,306.05,100,306.92,100,IBM
2025-10-30,9:38:16.946558426,T,306.3,100,306.92,100,IBM
2025-10-30,9:38:16.946889182,T,306.05,100,306.92,100,IBM
2025-10-30,9:38:16.946919290,T,306.04,100,306.92,100,IBM
2025-10-30,9:38:16.948357689,T,306.05,100,306.92,100,IBM
2025-10-30,9:38:16.948357689,T,306.15,100,306.92,100,IBM
2025-10-30,9:38:16.948417820,T,306.31,100,306.92,100,IBM
2025-10-30,9:38:16.952397296,T,306.05,100,306.92,100,IBM
2025-10-30,9:38:17.046180579,T,305.82,100,306.92,100,IBM
2025-10-30,9:38:17.046185547,T,305.79,100,306.92,100,IBM
2025-10-30,9:38:17.122903214,T,306.31,100,306.92,100,IBM
2025-10-30,9:38:17.128621809,T,306.31,100,306.93,200,IBM
2025-10-30,9:38:18.517778900,T,306.32,100,306.93,200,IBM
2025-10-30,9:38:18.848761911,T,306.32,200,306.93,200,IBM
2025-10-30,9:38:21.737368717,T,306.36,100,306.93,200,IBM
2025-10-30,9:38:21.737388821,T,306.33,100,306.93,200,IBM
2025-10-30,9:38:21.737393777,T,306.5,100,306.93,200,IBM
2025-10-30,9:38:21.737619292,T,306.5,100,307.12,100,IBM
2025-10-30,9:38:21.738070447,T,306.39,100,307.12,100,IBM
2025-10-30,9:38:21.738090429,T,306.32,200,307.12,100,IBM
2025-10-30,9:38:21.738175685,T,306.33,100,307.12,100,IBM
2025-10-30,9:38:21.738481327,T,306.5,100,307.12,100,IBM
2025-10-30,9:38:21.738832162,T,306.5,100,307.17,300,IBM
2025-10-30,9:38:21.738857326,T,306.5,100,307.17,200,IBM
2025-10-30,9:38:21.738897369,T,306.33,100,307.17,200,IBM
2025-10-30,9:38:21.738947457,T,306.49,100,307.17,200,IBM
2025-10-30,9:38:21.738952527,T,306.32,200,307.17,200,IBM
2025-10-30,9:38:21.738952527,T,306.33,100,307.17,200,IBM
2025-10-30,9:38:21.748179471,T,306.32,200,307.17,200,IBM
2025-10-30,9:38:21.749071565,T,306.32,200,307.27,100,IBM
2025-10-30,9:38:27.333922429,T,306.32,100,307.27,100,IBM
2025-10-30,9:38:28.957001549,T,306.65,100,307.27,100,IBM
2025-10-30,9:38:28.958239347,T,306.65,200,307.27,100,IBM
2025-10-30,9:38:29.689319873,T,306.65,200,307.34,100,IBM
2025-10-30,9:38:29.689349965,T,306.65,200,307.36,300,IBM
2025-10-30,9:38:29.689375028,T,306.65,100,307.36,300,IBM
2025-10-30,9:38:29.689500327,T,306.65,100,307.36,200,IBM
2025-10-30,9:38:29.689951566,T,306.65,100,307.47,100,IBM
2025-10-30,9:38:29.689986444,T,306.74,100,307.47,100,IBM
2025-10-30,9:38:29.690432553,T,306.74,100,307.48,100,IBM
2025-10-30,9:38:29.690973806,T,306.66,100,307.48,100,IBM
2025-10-30,9:38:29.697008199,T,306.88,100,307.48,100,IBM
2025-10-30,9:38:29.699574258,T,306.65,100,307.48,100,IBM
2025-10-30,9:38:31.076321953,T,306.88,100,307.48,100,IBM
2025-10-30,9:38:31.564945029,T,306.88,300,307.48,100,IBM
2025-10-30,9:38:32.090325887,T,306.88,200,307.48,100,IBM
2025-10-30,9:38:32.090330747,T,306.65,100,307.48,100,IBM
2025-10-30,9:38:32.090375923,T,306.65,100,307.27,100,IBM
2025-10-30,9:38:32.090380895,T,306.65,100,307.2,100,IBM
2025-10-30,9:38:32.090391205,T,306.65,100,307.13,100,IBM
2025-10-30,9:38:32.090406002,T,306.65,100,307.2,100,IBM
2025-10-30,9:38:32.090601366,T,306.65,100,307.08,100,IBM
2025-10-30,9:38:32.090841957,T,306.91,100,307.08,100,IBM
2025-10-30,9:38:32.090862070,T,306.91,100,307.26,100,IBM
2025-10-30,9:38:32.091097639,T,306.65,100,307.26,100,IBM
2025-10-30,9:38:32.091117632,T,306.65,100,307.27,100,IBM
2025-10-30,9:38:32.091117632,T,306.96,100,307.27,100,IBM
2025-10-30,9:38:32.091137654,T,306.65,100,307.27,100,IBM
2025-10-30,9:38:32.091142743,T,306.83,100,307.27,100,IBM
2025-10-30,9:38:32.091142743,T,306.65,100,307.27,100,IBM
2025-10-30,9:38:32.091187801,T,306.65,100,307.26,100,IBM
2025-10-30,9:38:32.091393264,T,306.65,100,307.27,100,IBM
2025-10-30,9:38:32.091468541,T,306.65,500,307.27,100,IBM
2025-10-30,9:38:32.091483537,T,306.65,100,307.27,100,IBM
2025-10-30,9:38:32.091508578,T,306.66,400,307.27,100,IBM
2025-10-30,9:38:32.091608760,T,306.66,400,307.34,100,IBM
2025-10-30,9:38:32.091774162,T,306.65,100,307.34,100,IBM
2025-10-30,9:38:32.091799281,T,306.96,400,307.34,100,IBM
2025-10-30,9:38:32.191752356,T,306.96,400,307.47,100,IBM
2025-10-30,9:38:34.270215378,T,306.97,100,307.47,100,IBM
2025-10-30,9:38:34.270260457,T,306.97,500,307.47,100,IBM
2025-10-30,9:38:35.029457839,T,306.97,100,307.47,100,IBM
2025-10-30,9:38:35.029467793,T,306.97,100,307.48,100,IBM
2025-10-30,9:38:35.029477810,T,307.07,400,307.48,100,IBM
2025-10-30,9:38:35.030269740,T,307.07,400,307.52,100,IBM
2025-10-30,9:38:35.030369964,T,307.07,400,307.55,100,IBM
2025-10-30,9:38:35.030375007,T,307.07,400,307.6,300,IBM
2025-10-30,9:38:35.030395107,T,306.97,100,307.6,300,IBM
2025-10-30,9:38:35.030405375,T,307.07,100,307.6,300,IBM
2025-10-30,9:38:35.030420085,T,307.24,400,307.6,300,IBM
2025-10-30,9:38:35.030450204,T,307.07,100,307.6,300,IBM
2025-10-30,9:38:35.030450204,T,307.07,100,307.6,200,IBM
2025-10-30,9:38:35.030475275,T,306.97,100,307.6,200,IBM
2025-10-30,9:38:35.030475275,T,307.27,400,307.6,200,IBM
2025-10-30,9:38:35.030485298,T,306.97,100,307.6,200,IBM
2025-10-30,9:38:35.030510375,T,307.34,400,307.6,200,IBM
2025-10-30,9:38:35.030545423,T,306.97,100,307.6,200,IBM
2025-10-30,9:38:35.030580506,T,306.97,100,307.52,100,IBM
2025-10-30,9:38:35.030610605,T,306.97,100,307.6,200,IBM
2025-10-30,9:38:35.030640639,T,307.17,100,307.6,200,IBM
2025-10-30,9:38:35.030796011,T,306.97,100,307.6,200,IBM
2025-10-30,9:38:35.031131822,T,306.97,100,307.6,300,IBM
2025-10-30,9:38:35.031257062,T,306.97,100,307.6,200,IBM
2025-10-30,9:38:35.034670201,T,306.97,100,307.87,100,IBM
2025-10-30,9:38:35.145233465,T,306.37,100,307.87,100,IBM
2025-10-30,9:38:35.539963106,T,306.23,200,307.87,100,IBM
2025-10-30,9:38:36.258959940,T,306.23,200,307.52,100,IBM
2025-10-30,9:38:36.258984982,T,306.23,200,307.45,100,IBM
2025-10-30,9:38:36.259596501,T,307.0,100,307.45,100,IBM
2025-10-30,9:38:36.259616487,T,307.0,100,307.6,100,IBM
2025-10-30,9:38:36.259957441,T,307.0,100,307.61,100,IBM
2025-10-30,9:38:36.264628447,T,307.0,200,307.61,100,IBM
2025-10-30,9:38:36.358973090,T,307.0,200,307.87,100,IBM
2025-10-30,9:38:36.654391332,T,307.01,100,307.87,100,IBM
2025-10-30,9:38:37.496521127,T,307.01,100,307.84,100,IBM
2025-10-30,9:38:38.163859841,T,307.01,100,307.87,100,IBM
2025-10-30,9:38:51.444315899,T,307.01,200,307.87,100,IBM
2025-10-30,9:38:51.444326005,T,307.01,300,307.87,100,IBM
2025-10-30,9:38:51.905218243,T,307.01,200,307.87,100,IBM
2025-10-30,9:38:51.905223243,T,307.01,100,307.87,100,IBM
2025-10-30,9:38:51.905223243,T,306.47,200,307.87,100,IBM
