DATE,TIME_M,EX,BID,BIDSIZ,ASK,ASKSIZ,SYM_ROOT
2025-12-23,9:30:01.129366214,T,300.01,320,303.99,40,IBM
2025-12-23,9:30:01.159076851,T,300.01,320,303.9,8680,IBM
2025-12-23,9:30:01.311685122,T,300.01,320,302.5,40,IBM
2025-12-23,9:30:01.359458830,T,301.0,80,302.5,40,IBM
2025-12-23,9:30:01.502504379,T,300.01,280,302.5,40,IBM
2025-12-23,9:30:01.502529537,T,301.25,80,302.5,40,IBM
2025-12-23,9:30:03.856227596,T,299.65,80,302.5,40,IBM
2025-12-23,9:30:03.856247655,T,301.3,80,302.5,40,IBM
2025-12-23,9:30:03.856668656,T,301.3,120,302.5,40,IBM
2025-12-23,9:30:04.331674479,T,301.3,40,302.5,40,IBM
2025-12-23,9:30:04.331689486,T,301.51,40,302.5,40,IBM
2025-12-23,9:30:04.331699540,T,301.53,80,302.5,40,IBM
2025-12-23,9:30:04.336180169,T,301.53,120,302.5,40,IBM
2025-12-23,9:30:04.782066601,T,301.53,120,302.0,120,IBM
2025-12-23,9:30:07.185157419,T,301.53,120,302.0,200,IBM
2025-12-23,9:30:09.795276173,T,301.53,120,302.0,80,IBM
2025-12-23,9:30:10.078370067,T,301.53,120,302.0,160,IBM
2025-12-23,9:30:12.032522101,T,301.53,120,302.0,280,IBM
2025-12-23,9:30:14.524719668,T,301.53,120,302.0,360,IBM
2025-12-23,9:30:25.824158850,T,301.53,120,302.0,280,IBM
2025-12-23,9:30:26.100291256,T,301.53,120,302.0,360,IBM
2025-12-23,9:30:26.945272905,T,301.53,120,302.0,240,IBM
2025-12-23,9:30:27.223640481,T,301.53,120,302.0,320,IBM
2025-12-23,9:30:34.227278165,T,301.53,160,302.0,320,IBM
2025-12-23,9:30:38.856738934,T,301.53,80,302.0,320,IBM
2025-12-23,9:30:38.856743955,T,301.53,80,302.0,240,IBM
2025-12-23,9:30:38.856748952,T,301.53,80,302.0,160,IBM
2025-12-23,9:30:38.856754111,T,301.53,80,302.0,80,IBM
2025-12-23,9:30:38.856754111,T,301.53,80,302.5,40,IBM
2025-12-23,9:30:38.856763993,T,301.77,80,302.5,40,IBM
2025-12-23,9:30:38.856769289,T,301.99,80,302.5,40,IBM
2025-12-23,9:30:38.856799136,T,301.99,200,302.5,40,IBM
2025-12-23,9:30:38.857024616,T,301.99,160,302.5,40,IBM
2025-12-23,9:30:38.857039648,T,301.99,120,302.5,40,IBM
2025-12-23,9:30:38.857044630,T,301.99,80,302.5,40,IBM
2025-12-23,9:30:38.857050606,T,301.77,40,302.5,40,IBM
2025-12-23,9:30:38.857079704,T,301.77,40,302.25,40,IBM
2025-12-23,9:30:38.857154887,T,301.99,40,302.25,40,IBM
2025-12-23,9:30:38.857170086,T,301.77,40,302.25,40,IBM
2025-12-23,9:30:38.857180018,T,301.77,40,302.49,80,IBM
2025-12-23,9:30:38.857295235,T,301.77,40,301.99,200,IBM
2025-12-23,9:30:38.857601039,T,301.77,80,301.99,200,IBM
2025-12-23,9:30:38.862141789,T,301.77,80,301.99,280,IBM
2025-12-23,9:30:38.862141789,T,301.77,80,301.99,320,IBM
2025-12-23,9:30:38.868050924,T,301.77,40,301.99,320,IBM
2025-12-23,9:30:38.868471838,T,301.77,80,301.99,320,IBM
2025-12-23,9:30:38.887121245,T,301.77,80,301.99,280,IBM
2025-12-23,9:30:39.064904465,T,301.77,40,301.99,280,IBM
2025-12-23,9:30:39.066653625,T,301.77,40,301.99,200,IBM
2025-12-23,9:30:39.090966554,T,301.53,40,301.99,200,IBM
2025-12-23,9:30:39.098344064,T,301.48,40,301.99,200,IBM
2025-12-23,9:30:39.491971134,T,301.0,40,301.99,200,IBM
2025-12-23,9:30:39.620101140,T,301.0,40,301.99,280,IBM
2025-12-23,9:30:39.650849256,T,301.0,40,301.99,80,IBM
2025-12-23,9:30:40.905125112,T,300.96,40,301.99,80,IBM
2025-12-23,9:30:54.696130810,T,300.96,40,302.5,40,IBM
2025-12-23,9:30:54.999658265,T,300.96,40,302.5,120,IBM
2025-12-23,9:30:55.328315628,T,300.96,40,302.5,160,IBM
2025-12-23,9:31:00.209540911,T,301.17,160,302.5,160,IBM
2025-12-23,9:31:00.209540911,T,301.17,160,302.47,160,IBM
2025-12-23,9:31:00.210297688,T,301.17,160,302.47,240,IBM
2025-12-23,9:31:01.764522676,T,301.17,160,302.47,320,IBM
2025-12-23,9:31:01.770802630,T,301.17,160,302.45,80,IBM
2025-12-23,9:31:01.771549320,T,301.17,160,302.45,160,IBM
2025-12-23,9:31:01.771549320,T,301.17,160,302.45,240,IBM
2025-12-23,9:31:03.266663627,T,301.17,160,302.45,160,IBM
2025-12-23,9:31:04.453473925,T,301.17,160,302.45,240,IBM
2025-12-23,9:31:07.285916712,T,301.17,160,302.45,280,IBM
2025-12-23,9:31:09.393889788,T,301.17,160,302.42,80,IBM
2025-12-23,9:31:09.394631457,T,301.17,160,302.42,160,IBM
2025-12-23,9:31:09.394631457,T,301.17,160,302.42,240,IBM
2025-12-23,9:31:09.394646509,T,301.17,160,302.42,320,IBM
2025-12-23,9:31:10.015970668,T,301.17,160,302.41,80,IBM
2025-12-23,9:31:10.016707419,T,301.17,160,302.41,160,IBM
2025-12-23,9:31:10.016712469,T,301.17,160,302.41,240,IBM
2025-12-23,9:31:10.016727488,T,301.17,160,302.41,320,IBM
2025-12-23,9:31:10.245892980,T,301.17,160,302.41,360,IBM
2025-12-23,9:31:11.713085807,T,301.17,160,302.41,480,IBM
2025-12-23,9:31:11.718212958,T,301.17,160,302.38,80,IBM
2025-12-23,9:31:11.718954697,T,301.17,160,302.38,160,IBM
2025-12-23,9:31:11.718959783,T,301.17,160,302.38,240,IBM
2025-12-23,9:31:11.718969780,T,301.17,160,302.38,320,IBM
2025-12-23,9:31:11.718974722,T,301.17,160,302.38,440,IBM
2025-12-23,9:31:12.220082633,T,301.17,160,302.37,80,IBM
2025-12-23,9:31:12.220824475,T,301.17,160,302.37,160,IBM
2025-12-23,9:31:12.220829444,T,301.17,160,302.37,240,IBM
2025-12-23,9:31:12.220839459,T,301.17,160,302.37,320,IBM
2025-12-23,9:31:12.220844493,T,301.17,160,302.37,440,IBM
2025-12-23,9:31:13.660757327,T,301.17,160,302.37,480,IBM
2025-12-23,9:31:13.913478890,T,301.17,160,302.36,80,IBM
2025-12-23,9:31:13.914145514,T,301.17,160,302.36,120,IBM
2025-12-23,9:31:13.914230684,T,301.17,160,302.36,200,IBM
2025-12-23,9:31:13.914245750,T,301.17,160,302.36,280,IBM
2025-12-23,9:31:13.914245750,T,301.17,160,302.36,400,IBM
2025-12-23,9:31:13.914260822,T,301.17,160,302.36,480,IBM
2025-12-23,9:31:14.417082790,T,301.17,160,302.34,80,IBM
2025-12-23,9:31:14.417744355,T,301.17,160,302.34,120,IBM
2025-12-23,9:31:14.417829497,T,301.17,160,302.34,200,IBM
2025-12-23,9:31:14.417829497,T,301.17,160,302.34,280,IBM
2025-12-23,9:31:14.417844514,T,301.17,160,302.34,400,IBM
2025-12-23,9:31:14.417844514,T,301.17,160,302.34,480,IBM
2025-12-23,9:31:15.423969722,T,301.17,160,302.34,520,IBM
2025-12-23,9:31:16.124858176,T,301.17,160,302.33,80,IBM
2025-12-23,9:31:16.125514692,T,301.17,160,302.33,120,IBM
2025-12-23,9:31:16.125604998,T,301.17,160,302.33,200,IBM
2025-12-23,9:31:16.125609907,T,301.17,160,302.33,280,IBM
2025-12-23,9:31:16.125625016,T,301.17,160,302.33,400,IBM
2025-12-23,9:31:16.125625016,T,301.17,160,302.33,480,IBM
2025-12-23,9:31:16.325896706,T,301.17,160,302.33,520,IBM
2025-12-23,9:31:16.676792034,T,301.17,160,302.32,80,IBM
2025-12-23,9:31:16.677453584,T,301.17,160,302.32,120,IBM
2025-12-23,9:31:16.677543797,T,301.17,160,302.32,200,IBM
2025-12-23,9:31:16.677553876,T,301.17,160,302.32,280,IBM
2025-12-23,9:31:16.677558882,T,301.17,160,302.32,400,IBM
2025-12-23,9:31:16.677563885,T,301.17,160,302.32,480,IBM
2025-12-23,9:31:16.862348763,T,301.17,160,302.32,520,IBM
2025-12-23,9:31:16.862674481,T,301.17,160,301.78,40,IBM
2025-12-23,9:31:16.862769905,T,301.17,160,301.78,80,IBM
2025-12-23,9:31:16.863030378,T,300.96,40,301.78,80,IBM
2025-12-23,9:31:16.863265953,T,300.96,40,301.78,160,IBM
2025-12-23,9:31:16.863270892,T,300.96,40,301.78,280,IBM
2025-12-23,9:31:16.863276016,T,300.96,40,301.78,320,IBM
2025-12-23,9:31:16.863286013,T,300.96,40,301.78,280,IBM
2025-12-23,9:31:16.863416345,T,300.96,40,301.78,400,IBM
2025-12-23,9:31:16.863421525,T,300.96,40,301.78,480,IBM
2025-12-23,9:31:16.863616776,T,300.96,40,301.78,440,IBM
2025-12-23,9:31:16.863742056,T,300.96,40,301.78,480,IBM
2025-12-23,9:31:16.866654025,T,300.96,40,301.78,440,IBM
2025-12-23,9:31:17.862885595,T,300.96,40,301.54,40,IBM
2025-12-23,9:31:17.863346708,T,300.96,40,301.78,40,IBM
2025-12-23,9:31:17.863481972,T,300.96,40,301.54,120,IBM
2025-12-23,9:31:17.863487045,T,300.96,40,301.54,200,IBM
2025-12-23,9:31:17.863497074,T,300.96,40,301.54,320,IBM
2025-12-23,9:31:17.863497074,T,300.96,40,301.54,400,IBM
2025-12-23,9:31:17.876768618,T,301.0,40,301.54,400,IBM
2025-12-23,9:31:17.876788689,T,301.07,40,301.54,400,IBM
2025-12-23,9:31:17.877891325,T,301.0,40,301.54,400,IBM
2025-12-23,9:31:17.897312604,T,300.96,40,301.54,400,IBM
2025-12-23,9:31:29.656736722,T,300.96,40,301.54,440,IBM
2025-12-23,9:31:29.662836284,T,300.96,40,301.54,320,IBM
2025-12-23,9:31:29.662836284,T,300.96,40,301.54,240,IBM
2025-12-23,9:31:29.662846234,T,300.96,40,301.54,160,IBM
2025-12-23,9:31:29.662851246,T,300.96,40,301.54,40,IBM
2025-12-23,9:31:29.662856327,T,300.96,40,301.99,200,IBM
2025-12-23,9:31:29.662886392,T,300.96,40,301.99,160,IBM
2025-12-23,9:31:29.663217187,T,300.96,40,301.45,80,IBM
2025-12-23,9:31:29.663232213,T,300.96,40,301.45,160,IBM
2025-12-23,9:31:29.663242267,T,300.96,40,301.45,280,IBM
2025-12-23,9:31:29.663257217,T,300.96,40,301.45,320,IBM
2025-12-23,9:31:29.664329834,T,300.96,40,301.45,440,IBM
2025-12-23,9:31:32.628791992,T,300.7,200,301.45,440,IBM
2025-12-23,9:31:32.629268076,T,300.7,200,301.45,480,IBM
2025-12-23,9:31:32.629333255,T,300.7,200,301.45,360,IBM
2025-12-23,9:31:32.629333255,T,300.7,200,301.45,280,IBM
2025-12-23,9:31:32.629343282,T,300.7,200,301.45,160,IBM
2025-12-23,9:31:32.629343282,T,300.7,200,301.45,80,IBM
2025-12-23,9:31:32.629353294,T,300.7,200,301.45,40,IBM
2025-12-23,9:31:32.629378284,T,300.7,200,301.96,40,IBM
2025-12-23,9:31:32.629724176,T,300.7,200,301.27,120,IBM
2025-12-23,9:31:32.629794271,T,300.7,200,301.27,160,IBM
2025-12-23,9:31:32.629799296,T,300.7,200,301.27,200,IBM
2025-12-23,9:31:32.629809371,T,300.7,200,301.27,280,IBM
2025-12-23,9:31:32.629814366,T,300.7,200,301.27,400,IBM
2025-12-23,9:31:36.535828149,T,300.7,200,301.27,440,IBM
2025-12-23,9:31:42.067897602,T,300.7,200,301.27,400,IBM
2025-12-23,9:31:42.067902624,T,300.7,200,301.27,360,IBM
2025-12-23,9:31:42.067907665,T,300.7,200,301.27,280,IBM
2025-12-23,9:31:42.067912658,T,300.7,200,301.27,160,IBM
2025-12-23,9:31:42.067922708,T,300.7,200,301.27,40,IBM
2025-12-23,9:31:42.067932755,T,300.7,200,301.41,40,IBM
2025-12-23,9:31:42.068288527,T,300.7,200,301.26,40,IBM
2025-12-23,9:31:42.068288527,T,300.7,200,301.26,80,IBM
2025-12-23,9:31:42.068303628,T,300.7,200,301.26,160,IBM
2025-12-23,9:31:42.068303628,T,300.7,200,301.26,280,IBM
2025-12-23,9:31:42.068318570,T,300.7,200,301.26,400,IBM
2025-12-23,9:31:42.068318570,T,300.7,200,301.26,440,IBM
2025-12-23,9:31:44.825657561,T,300.7,200,301.26,400,IBM
2025-12-23,9:31:44.825657561,T,300.7,200,301.26,360,IBM
2025-12-23,9:31:44.825667486,T,300.7,200,301.26,280,IBM
2025-12-23,9:31:44.825667486,T,300.7,200,301.26,160,IBM
2025-12-23,9:31:44.825672562,T,300.7,200,301.26,120,IBM
2025-12-23,9:31:44.825672562,T,300.7,200,301.41,40,IBM
2025-12-23,9:31:44.826038395,T,300.7,200,301.25,40,IBM
2025-12-23,9:31:44.826043394,T,300.7,200,301.25,80,IBM
2025-12-23,9:31:44.826048396,T,300.7,200,301.25,200,IBM
2025-12-23,9:31:44.826053512,T,300.7,200,301.25,280,IBM
2025-12-23,9:31:44.826063447,T,300.7,200,301.25,400,IBM
2025-12-23,9:31:44.826068447,T,300.7,200,301.25,440,IBM
2025-12-23,9:31:46.204941067,T,300.7,200,301.25,400,IBM
2025-12-23,9:31:46.204946003,T,300.7,200,301.25,360,IBM
2025-12-23,9:31:46.204950989,T,300.7,200,301.25,280,IBM
2025-12-23,9:31:46.204950989,T,300.7,200,301.25,160,IBM
2025-12-23,9:31:46.204961038,T,300.7,200,301.25,120,IBM
2025-12-23,9:31:46.204961038,T,300.7,200,301.41,40,IBM
2025-12-23,9:31:46.205321862,T,300.7,200,301.24,40,IBM
2025-12-23,9:31:46.205326912,T,300.7,200,301.24,80,IBM
2025-12-23,9:31:46.205336957,T,300.7,200,301.24,200,IBM
2025-12-23,9:31:46.205341958,T,300.7,200,301.24,280,IBM
2025-12-23,9:31:46.205351906,T,300.7,200,301.24,320,IBM
2025-12-23,9:31:46.205356960,T,300.7,200,301.24,440,IBM
2025-12-23,9:31:46.599906210,T,300.7,200,301.24,400,IBM
2025-12-23,9:31:47.584184412,T,300.7,200,301.24,360,IBM
2025-12-23,9:31:47.584184412,T,300.7,200,301.24,320,IBM
2025-12-23,9:31:47.584189398,T,300.7,200,301.24,240,IBM
2025-12-23,9:31:47.584194496,T,300.7,200,301.24,120,IBM
2025-12-23,9:31:47.584199412,T,300.7,200,301.41,40,IBM
2025-12-23,9:31:47.584560363,T,300.7,200,301.23,40,IBM
2025-12-23,9:31:47.584570300,T,300.7,200,301.23,120,IBM
2025-12-23,9:31:47.584575409,T,300.7,200,301.23,160,IBM
2025-12-23,9:31:47.584585398,T,300.7,200,301.23,280,IBM
2025-12-23,9:31:47.584590365,T,300.7,200,301.23,400,IBM
2025-12-23,9:31:48.963473485,T,300.7,200,301.23,320,IBM
2025-12-23,9:31:48.963473485,T,300.7,200,301.23,280,IBM
2025-12-23,9:31:48.963483078,T,300.7,200,301.23,160,IBM
2025-12-23,9:31:48.963483078,T,300.7,200,301.23,120,IBM
2025-12-23,9:31:48.963493141,T,300.7,200,301.41,40,IBM
2025-12-23,9:31:48.963859001,T,300.7,200,301.22,80,IBM
2025-12-23,9:31:48.963859001,T,300.7,200,301.22,120,IBM
2025-12-23,9:31:48.963874004,T,300.7,200,301.22,160,IBM
2025-12-23,9:31:48.963874004,T,300.7,200,301.22,280,IBM
2025-12-23,9:31:48.963889132,T,300.7,200,301.22,400,IBM
2025-12-23,9:31:49.470875902,T,300.7,200,301.22,360,IBM
2025-12-23,9:31:50.342801473,T,300.7,200,301.22,320,IBM
2025-12-23,9:31:50.342801473,T,300.7,200,301.22,240,IBM
2025-12-23,9:31:50.342816597,T,300.7,200,301.22,120,IBM
2025-12-23,9:31:50.342821595,T,300.7,200,301.41,40,IBM
2025-12-23,9:31:50.343182447,T,300.7,200,301.21,40,IBM
2025-12-23,9:31:50.343192411,T,300.7,200,301.21,120,IBM
2025-12-23,9:31:50.343202546,T,300.7,200,301.21,240,IBM
2025-12-23,9:31:50.343202546,T,300.7,200,301.21,360,IBM
2025-12-23,9:31:51.722064887,T,300.7,200,301.21,320,IBM
2025-12-23,9:31:51.722064887,T,300.7,200,301.21,240,IBM
2025-12-23,9:31:51.722069874,T,300.7,200,301.21,120,IBM
2025-12-23,9:31:51.722074918,T,300.7,200,301.41,40,IBM
2025-12-23,9:31:51.722445745,T,300.7,200,301.2,40,IBM
2025-12-23,9:31:51.722445745,T,300.7,200,301.2,120,IBM
2025-12-23,9:31:51.722460786,T,300.7,200,301.2,240,IBM
2025-12-23,9:31:51.722460786,T,300.7,200,301.2,360,IBM
2025-12-23,9:31:53.101348321,T,300.7,200,301.2,320,IBM
2025-12-23,9:31:53.101348321,T,300.7,200,301.2,240,IBM
2025-12-23,9:31:53.101358432,T,300.7,200,301.2,120,IBM
2025-12-23,9:31:53.101358432,T,300.7,200,301.41,40,IBM
2025-12-23,9:31:53.101724423,T,300.7,200,301.19,80,IBM
2025-12-23,9:31:53.101729249,T,300.7,200,301.19,120,IBM
2025-12-23,9:31:53.101739554,T,300.7,200,301.19,240,IBM
2025-12-23,9:31:53.101744332,T,300.7,200,301.19,360,IBM
2025-12-23,9:31:53.747035549,T,300.7,200,301.17,40,IBM
2025-12-23,9:31:53.747060595,T,300.7,200,301.17,80,IBM
2025-12-23,9:31:53.747371277,T,300.7,200,301.09,40,IBM
2025-12-23,9:31:53.748118345,T,300.7,200,301.09,80,IBM
2025-12-23,9:31:53.748118345,T,300.7,200,301.09,160,IBM
2025-12-23,9:31:53.748133116,T,300.7,200,301.09,280,IBM
2025-12-23,9:31:53.748133116,T,300.7,200,301.09,400,IBM
2025-12-23,9:31:53.748238393,T,300.7,200,301.09,360,IBM
2025-12-23,9:31:53.748238393,T,300.7,200,301.09,280,IBM
2025-12-23,9:31:53.748243414,T,300.7,200,301.09,160,IBM
2025-12-23,9:31:53.748473969,T,300.7,160,301.09,160,IBM
2025-12-23,9:31:53.751385918,T,300.7,160,301.09,120,IBM
2025-12-23,9:31:53.781683717,T,300.7,160,301.09,200,IBM
2025-12-23,9:31:53.781692998,T,300.7,160,301.09,280,IBM
2025-12-23,9:31:53.781702989,T,300.7,160,301.09,400,IBM
2025-12-23,9:31:54.302923806,T,300.41,40,301.09,400,IBM
2025-12-23,9:31:54.302928992,T,300.54,160,301.09,400,IBM
2025-12-23,9:31:54.302963975,T,300.54,200,301.09,400,IBM
2025-12-23,9:31:54.399378493,T,300.54,200,301.09,480,IBM
2025-12-23,9:31:54.480601829,T,300.54,200,301.09,400,IBM
2025-12-23,9:31:54.480601829,T,300.54,200,301.09,320,IBM
2025-12-23,9:31:54.480611838,T,300.54,200,301.09,200,IBM
2025-12-23,9:31:54.480611838,T,300.54,200,301.09,80,IBM
2025-12-23,9:31:54.480621833,T,300.54,200,301.41,80,IBM
2025-12-23,9:31:54.480982972,T,300.54,200,301.08,80,IBM
2025-12-23,9:31:54.480987724,T,300.54,200,301.08,160,IBM
2025-12-23,9:31:54.480997791,T,300.54,200,301.08,280,IBM
2025-12-23,9:31:54.481002791,T,300.54,200,301.08,400,IBM
2025-12-23,9:31:54.481012796,T,300.54,200,301.08,480,IBM
2025-12-23,9:31:55.585958303,T,300.54,200,301.08,400,IBM
2025-12-23,9:31:55.859855448,T,300.54,200,301.08,320,IBM
2025-12-23,9:31:55.859860437,T,300.54,200,301.08,200,IBM
2025-12-23,9:31:55.859870399,T,300.54,200,301.08,120,IBM
2025-12-23,9:31:55.859870399,T,300.54,200,301.41,80,IBM
2025-12-23,9:31:55.859890454,T,300.54,200,301.41,40,IBM
2025-12-23,9:31:55.860241369,T,300.54,200,301.07,80,IBM
2025-12-23,9:31:55.860241369,T,300.54,200,301.07,200,IBM
2025-12-23,9:31:55.860256375,T,300.54,200,301.07,280,IBM
2025-12-23,9:31:55.860256375,T,300.54,200,301.07,400,IBM
2025-12-23,9:31:55.860421763,T,300.54,200,301.07,520,IBM
2025-12-23,9:31:56.130484703,T,300.54,200,301.07,400,IBM
2025-12-23,9:31:56.399490054,T,300.54,200,301.07,440,IBM
2025-12-23,9:31:57.239158911,T,300.54,200,301.07,320,IBM
2025-12-23,9:31:57.239158911,T,300.54,200,301.07,240,IBM
2025-12-23,9:31:57.239168939,T,300.54,200,301.07,160,IBM
2025-12-23,9:31:57.239178968,T,300.54,200,301.07,40,IBM
2025-12-23,9:31:57.239189055,T,300.54,200,301.41,40,IBM
2025-12-23,9:31:57.239544871,T,300.54,200,301.06,120,IBM
2025-12-23,9:31:57.239554913,T,300.54,200,301.06,200,IBM
2025-12-23,9:31:57.239559880,T,300.54,200,301.06,320,IBM
2025-12-23,9:31:57.239569972,T,300.54,200,301.06,400,IBM
2025-12-23,9:31:57.239584997,T,300.54,200,301.06,440,IBM
2025-12-23,9:31:57.753102369,T,300.54,200,301.06,320,IBM
2025-12-23,9:31:58.043122867,T,300.54,200,301.06,360,IBM
2025-12-23,9:31:58.618457418,T,300.54,200,301.06,240,IBM
2025-12-23,9:31:58.618457418,T,300.54,200,301.06,160,IBM
2025-12-23,9:31:58.618467445,T,300.54,200,301.06,80,IBM
2025-12-23,9:31:58.618477471,T,300.54,200,301.06,40,IBM
2025-12-23,9:31:58.618487496,T,300.54,200,301.41,40,IBM
2025-12-23,9:31:58.618838377,T,300.54,200,301.05,80,IBM
2025-12-23,9:31:58.618838377,T,300.54,200,301.05,200,IBM
2025-12-23,9:31:58.618853391,T,300.54,200,301.05,240,IBM
2025-12-23,9:31:58.618853391,T,300.54,200,301.05,320,IBM
2025-12-23,9:31:58.618883487,T,300.54,200,301.05,360,IBM
2025-12-23,9:31:59.997720748,T,300.54,200,301.05,240,IBM
2025-12-23,9:31:59.997725713,T,300.54,200,301.05,160,IBM
2025-12-23,9:31:59.997730694,T,300.54,200,301.05,120,IBM
2025-12-23,9:31:59.997735794,T,300.54,200,301.05,40,IBM
2025-12-23,9:31:59.997740810,T,300.54,200,301.41,40,IBM
2025-12-23,9:31:59.998106621,T,300.54,200,301.04,120,IBM
2025-12-23,9:31:59.998111611,T,300.54,200,301.04,200,IBM
2025-12-23,9:31:59.998121740,T,300.54,200,301.04,280,IBM
2025-12-23,9:31:59.998126645,T,300.54,200,301.04,320,IBM
2025-12-23,9:31:59.998136657,T,300.54,200,301.04,360,IBM
2025-12-23,9:32:01.377049371,T,300.54,200,301.04,240,IBM
2025-12-23,9:32:01.377049371,T,300.54,200,301.04,160,IBM
2025-12-23,9:32:01.377059400,T,300.54,200,301.04,80,IBM
2025-12-23,9:32:01.377059400,T,300.54,200,301.04,40,IBM
2025-12-23,9:32:01.377069385,T,300.54,200,301.41,40,IBM
2025-12-23,9:32:01.377435252,T,300.54,200,301.03,120,IBM
2025-12-23,9:32:01.377435252,T,300.54,200,301.03,200,IBM
2025-12-23,9:32:01.377450377,T,300.54,200,301.03,280,IBM
2025-12-23,9:32:01.377450377,T,300.54,200,301.03,320,IBM
2025-12-23,9:32:01.377460348,T,300.54,200,301.03,360,IBM
2025-12-23,9:32:02.756378049,T,300.54,200,301.03,280,IBM
2025-12-23,9:32:02.756378049,T,300.54,200,301.03,160,IBM
2025-12-23,9:32:02.756388054,T,300.54,200,301.03,120,IBM
2025-12-23,9:32:02.756388054,T,300.54,200,301.03,40,IBM
2025-12-23,9:32:02.756398042,T,300.54,200,301.41,40,IBM
2025-12-23,9:32:02.756763916,T,300.54,200,301.02,80,IBM
2025-12-23,9:32:02.756763916,T,300.54,200,301.02,200,IBM
2025-12-23,9:32:02.756773893,T,300.54,200,301.02,240,IBM
2025-12-23,9:32:02.756778925,T,300.54,200,301.02,320,IBM
2025-12-23,9:32:02.756789034,T,300.54,200,301.02,360,IBM
2025-12-23,9:32:04.135566325,T,300.54,200,301.02,280,IBM
2025-12-23,9:32:04.135566325,T,300.54,200,301.02,160,IBM
2025-12-23,9:32:04.135576390,T,300.54,200,301.02,120,IBM
2025-12-23,9:32:04.135576390,T,300.54,200,301.02,40,IBM
2025-12-23,9:32:04.135586447,T,300.54,200,301.41,40,IBM
2025-12-23,9:32:04.135947225,T,300.54,200,301.01,80,IBM
2025-12-23,9:32:04.135957315,T,300.54,200,301.01,120,IBM
2025-12-23,9:32:04.135962257,T,300.54,200,301.01,240,IBM
2025-12-23,9:32:04.135972363,T,300.54,200,301.01,320,IBM
2025-12-23,9:32:04.135977322,T,300.54,200,301.01,360,IBM
2025-12-23,9:32:04.854287188,T,300.54,160,301.01,360,IBM
2025-12-23,9:32:04.972919608,T,300.36,40,301.01,360,IBM
2025-12-23,9:32:04.972924572,T,300.4,200,301.01,360,IBM
2025-12-23,9:32:04.972959619,T,300.4,240,301.01,360,IBM
2025-12-23,9:32:05.516183159,T,300.4,240,301.01,280,IBM
2025-12-23,9:32:05.516187893,T,300.4,240,301.01,200,IBM
2025-12-23,9:32:05.516193029,T,300.4,240,301.01,80,IBM
2025-12-23,9:32:05.516197892,T,300.4,240,301.01,40,IBM
2025-12-23,9:32:05.516202893,T,300.4,240,301.41,40,IBM
2025-12-23,9:32:05.516568739,T,300.4,240,300.8,80,IBM
2025-12-23,9:32:05.516573848,T,300.4,240,300.8,160,IBM
2025-12-23,9:32:05.516583861,T,300.4,240,300.8,280,IBM
2025-12-23,9:32:05.516598863,T,300.4,240,300.8,320,IBM
2025-12-23,9:32:05.516603918,T,300.4,240,300.8,360,IBM
2025-12-23,9:32:05.517430851,T,300.4,240,300.8,280,IBM
2025-12-23,9:32:05.517435850,T,300.4,240,300.8,160,IBM
2025-12-23,9:32:05.517891967,T,300.4,240,300.8,280,IBM
2025-12-23,9:32:05.517891967,T,300.4,240,300.8,360,IBM
2025-12-23,9:32:05.534611770,T,300.64,40,300.8,360,IBM
2025-12-23,9:32:05.534902422,T,300.4,200,300.8,360,IBM
2025-12-23,9:32:05.535228191,T,300.4,200,300.8,240,IBM
2025-12-23,9:32:05.535228191,T,300.4,200,300.8,160,IBM
2025-12-23,9:32:05.535639181,T,300.4,200,300.8,240,IBM
2025-12-23,9:32:05.535644202,T,300.4,200,300.8,280,IBM
2025-12-23,9:32:05.855460644,T,300.4,200,300.8,200,IBM
2025-12-23,9:32:05.855460644,T,300.4,200,300.8,160,IBM
2025-12-23,9:32:05.879708398,T,300.4,200,300.8,240,IBM
2025-12-23,9:32:05.879708398,T,300.4,200,300.8,320,IBM
2025-12-23,9:32:06.895401230,T,300.4,200,300.8,240,IBM
2025-12-23,9:32:06.895406177,T,300.4,200,300.8,160,IBM
2025-12-23,9:32:06.895411198,T,300.4,200,300.8,120,IBM
2025-12-23,9:32:06.895416282,T,300.4,200,300.8,40,IBM
2025-12-23,9:32:06.895426296,T,300.4,200,301.41,40,IBM
2025-12-23,9:32:06.895782535,T,300.4,200,300.79,80,IBM
2025-12-23,9:32:06.895782535,T,300.4,200,300.79,160,IBM
2025-12-23,9:32:06.895797167,T,300.4,200,300.79,200,IBM
2025-12-23,9:32:06.895802112,T,300.4,200,300.79,280,IBM
2025-12-23,9:32:06.895812186,T,300.4,200,300.79,320,IBM
2025-12-23,9:32:07.058168792,T,300.4,200,300.79,240,IBM
2025-12-23,9:32:07.058193813,T,300.4,200,300.79,160,IBM
2025-12-23,9:32:07.058199088,T,300.4,200,300.79,120,IBM
2025-12-23,9:32:07.058199088,T,300.4,200,300.79,40,IBM
2025-12-23,9:32:07.058199088,T,300.4,200,301.41,40,IBM
2025-12-23,9:32:07.058199088,T,300.4,240,301.41,40,IBM
2025-12-23,9:32:07.058203691,T,300.56,80,301.41,40,IBM
2025-12-23,9:32:07.058243987,T,300.56,120,301.41,40,IBM
2025-12-23,9:32:07.058283922,T,300.61,40,301.41,40,IBM
2025-12-23,9:32:07.058800255,T,300.61,40,300.79,120,IBM
2025-12-23,9:32:07.058800255,T,300.61,40,300.79,240,IBM
2025-12-23,9:32:07.058820265,T,300.61,40,300.79,160,IBM
2025-12-23,9:32:07.058825251,T,300.61,40,300.79,120,IBM
2025-12-23,9:32:07.058825251,T,300.61,40,300.79,40,IBM
2025-12-23,9:32:07.058825251,T,300.61,40,301.41,40,IBM
2025-12-23,9:32:07.058950807,T,300.61,40,301.41,80,IBM
2025-12-23,9:32:07.058950807,T,300.61,40,301.08,160,IBM
2025-12-23,9:32:07.058961107,T,300.47,40,301.08,160,IBM
2025-12-23,9:32:07.059246194,T,300.41,120,301.08,160,IBM
2025-12-23,9:32:07.063591517,T,300.41,120,300.92,40,IBM
2025-12-23,9:32:07.063596620,T,300.41,120,300.92,120,IBM
2025-12-23,9:32:07.073079147,T,300.41,80,300.92,120,IBM
2025-12-23,9:32:07.158662952,T,300.4,240,300.92,120,IBM
2025-12-23,9:32:07.158687913,T,300.4,200,300.92,120,IBM
2025-12-23,9:32:07.302896305,T,300.4,200,300.92,40,IBM
2025-12-23,9:32:10.052201394,T,300.45,40,300.92,40,IBM
2025-12-23,9:32:10.057143079,T,300.45,120,300.92,40,IBM
2025-12-23,9:32:11.388221736,T,300.45,160,300.92,40,IBM
2025-12-23,9:32:11.388252224,T,300.45,160,301.41,80,IBM
2025-12-23,9:32:11.388271839,T,300.45,160,301.41,40,IBM
2025-12-23,9:32:11.388296928,T,300.63,80,301.41,40,IBM
2025-12-23,9:32:11.388296928,T,300.77,80,301.41,40,IBM
2025-12-23,9:32:11.388337041,T,300.77,160,301.41,40,IBM
2025-12-23,9:32:11.388362048,T,300.77,240,301.41,40,IBM
2025-12-23,9:32:11.393659728,T,300.77,240,301.41,80,IBM
2025-12-23,9:32:11.396902355,T,300.77,160,301.41,80,IBM
2025-12-23,9:32:11.576114016,T,300.77,160,301.41,160,IBM
2025-12-23,9:32:11.903468216,T,300.77,160,301.41,240,IBM
2025-12-23,9:32:12.801190273,T,300.77,160,301.41,160,IBM
2025-12-23,9:32:16.513197175,T,300.77,160,301.41,80,IBM
2025-12-23,9:32:16.782628616,T,300.77,160,301.41,200,IBM
2025-12-23,9:32:16.782683717,T,300.77,80,301.41,200,IBM
2025-12-23,9:32:16.798872211,T,300.77,80,301.41,280,IBM
2025-12-23,9:32:17.699902136,T,300.77,120,301.41,280,IBM
2025-12-23,9:32:18.976997313,T,300.77,80,301.41,280,IBM
2025-12-23,9:32:21.254178150,T,300.77,80,301.4,40,IBM
2025-12-23,9:32:21.254198164,T,300.71,40,301.4,40,IBM
2025-12-23,9:32:21.254930142,T,300.71,40,301.4,80,IBM
2025-12-23,9:32:21.254934909,T,300.71,40,301.4,200,IBM
2025-12-23,9:32:21.332865456,T,300.71,40,301.4,280,IBM
2025-12-23,9:32:21.369397395,T,300.71,40,301.4,240,IBM
2025-12-23,9:32:22.980342454,T,300.71,40,301.39,40,IBM
2025-12-23,9:32:22.980407662,T,300.71,80,301.39,40,IBM
2025-12-23,9:32:22.981089672,T,300.71,80,301.39,160,IBM
2025-12-23,9:32:22.981089672,T,300.71,80,301.39,200,IBM
2025-12-23,9:32:22.981104300,T,300.71,80,301.39,280,IBM
2025-12-23,9:32:23.881798501,T,300.71,80,301.39,240,IBM
2025-12-23,9:32:25.528644008,T,300.77,40,301.39,240,IBM
2025-12-23,9:32:27.101287799,T,300.77,120,301.39,240,IBM
2025-12-23,9:32:27.101528365,T,300.77,160,301.39,240,IBM
2025-12-23,9:32:29.241733131,T,300.77,240,301.39,240,IBM
2025-12-23,9:32:30.810492629,T,300.77,200,301.39,240,IBM
2025-12-23,9:32:32.917012348,T,300.8,40,301.39,240,IBM
2025-12-23,9:32:33.498466526,T,300.77,200,301.39,240,IBM
2025-12-23,9:32:33.625183199,T,300.77,160,301.39,240,IBM
2025-12-23,9:32:37.384372323,T,300.77,80,301.39,240,IBM
2025-12-23,9:32:42.188869488,T,300.8,80,301.39,240,IBM
2025-12-23,9:32:42.189681469,T,300.8,120,301.39,240,IBM
2025-12-23,9:32:43.497690356,T,300.8,40,301.39,240,IBM
2025-12-23,9:32:44.475613418,T,300.85,40,301.39,240,IBM
2025-12-23,9:32:44.475653387,T,300.85,80,301.39,240,IBM
2025-12-23,9:32:44.475678476,T,300.85,160,301.39,240,IBM
2025-12-23,9:32:46.465936358,T,300.85,160,301.39,320,IBM
2025-12-23,9:32:51.236929158,T,300.85,80,301.39,320,IBM
2025-12-23,9:32:51.424886630,T,300.85,40,301.39,320,IBM
2025-12-23,9:32:51.502135550,T,301.0,40,301.39,320,IBM
2025-12-23,9:32:56.238340351,T,301.0,40,301.39,240,IBM
2025-12-23,9:33:01.158743715,T,301.0,40,301.39,280,IBM
2025-12-23,9:33:04.094252000,T,301.0,40,301.39,360,IBM
2025-12-23,9:33:06.363068062,T,301.0,40,301.39,320,IBM
2025-12-23,9:33:10.182625641,T,301.0,40,301.39,280,IBM
2025-12-23,9:33:11.257880493,T,301.0,40,301.39,360,IBM
2025-12-23,9:33:12.359157094,T,301.0,40,301.39,280,IBM
2025-12-23,9:33:12.630618260,T,301.0,40,301.39,360,IBM
2025-12-23,9:33:13.448194595,T,301.0,40,301.39,240,IBM
2025-12-23,9:33:13.718924086,T,301.0,40,301.39,320,IBM
2025-12-23,9:33:14.030505826,T,301.0,40,301.39,440,IBM
2025-12-23,9:33:15.127467291,T,301.08,40,301.39,440,IBM
2025-12-23,9:33:16.173943448,T,301.08,40,301.39,360,IBM
2025-12-23,9:33:16.452566884,T,301.08,80,301.39,360,IBM
2025-12-23,9:33:17.561937765,T,301.08,80,301.39,280,IBM
2025-12-23,9:33:17.833935280,T,301.08,80,301.39,360,IBM
2025-12-23,9:33:18.135573339,T,301.08,80,301.39,280,IBM
2025-12-23,9:33:18.135994364,T,301.08,40,301.39,280,IBM
2025-12-23,9:33:18.373028645,T,301.08,40,301.39,320,IBM
2025-12-23,9:33:20.423369665,T,301.09,40,301.39,320,IBM
2025-12-23,9:33:20.434155339,T,301.09,80,301.39,320,IBM
2025-12-23,9:33:20.462868690,T,301.09,40,301.39,320,IBM
2025-12-23,9:33:21.054968181,T,301.09,40,301.39,240,IBM
2025-12-23,9:33:21.320505386,T,301.09,40,301.39,360,IBM
2025-12-23,9:33:21.867041317,T,301.09,40,301.39,400,IBM
2025-12-23,9:33:30.444876419,T,301.09,80,301.39,400,IBM
2025-12-23,9:33:34.140634416,T,301.09,80,301.39,480,IBM
2025-12-23,9:33:35.827850883,T,301.11,40,301.39,480,IBM
2025-12-23,9:33:44.027500806,T,301.11,160,301.39,480,IBM
2025-12-23,9:33:54.484484307,T,301.11,160,301.39,400,IBM
2025-12-23,9:33:54.484484307,T,301.11,160,301.39,360,IBM
2025-12-23,9:33:54.484529425,T,301.11,160,301.39,320,IBM
2025-12-23,9:33:54.484549464,T,301.12,80,301.39,320,IBM
2025-12-23,9:33:54.484565136,T,301.12,80,301.39,280,IBM
2025-12-23,9:33:54.484565136,T,301.12,80,301.39,240,IBM
2025-12-23,9:33:54.484565136,T,301.12,80,301.39,120,IBM
2025-12-23,9:33:54.484565136,T,301.12,80,301.39,80,IBM
2025-12-23,9:33:54.484569581,T,301.12,80,301.41,40,IBM
2025-12-23,9:33:54.484589612,T,301.25,80,301.41,40,IBM
2025-12-23,9:33:54.484624657,T,301.25,120,301.41,40,IBM
2025-12-23,9:33:54.484624657,T,301.25,160,301.41,40,IBM
2025-12-23,9:33:54.485025618,T,301.25,200,301.41,40,IBM
2025-12-23,9:33:54.485056038,T,301.25,200,301.53,40,IBM
2025-12-23,9:33:54.485056038,T,301.25,200,301.85,160,IBM
2025-12-23,9:33:54.485241161,T,301.25,200,301.41,40,IBM
2025-12-23,9:33:54.485251299,T,301.25,200,301.85,160,IBM
2025-12-23,9:33:54.485261222,T,301.25,120,301.85,160,IBM
2025-12-23,9:33:54.485266227,T,301.25,80,301.85,160,IBM
2025-12-23,9:33:54.485311254,T,301.25,120,301.85,160,IBM
2025-12-23,9:33:54.485326375,T,301.36,40,301.85,160,IBM
2025-12-23,9:33:54.485366467,T,301.4,40,301.85,160,IBM
2025-12-23,9:33:54.485436949,T,301.36,40,301.85,160,IBM
2025-12-23,9:33:54.485436949,T,301.25,120,301.85,160,IBM
2025-12-23,9:33:54.485461692,T,301.25,120,301.53,40,IBM
2025-12-23,9:33:54.485471985,T,301.25,80,301.53,40,IBM
2025-12-23,9:33:54.485617073,T,301.25,80,301.85,160,IBM
2025-12-23,9:33:54.485717238,T,301.25,80,301.53,40,IBM
2025-12-23,9:33:54.485727345,T,301.25,40,301.53,40,IBM
2025-12-23,9:33:54.485737325,T,301.25,40,301.68,40,IBM
2025-12-23,9:33:54.485737325,T,301.25,40,301.53,40,IBM
2025-12-23,9:33:54.486098180,T,301.25,80,301.53,40,IBM
2025-12-23,9:33:54.486188415,T,301.25,80,301.85,160,IBM
2025-12-23,9:33:54.486353734,T,301.25,80,301.53,80,IBM
2025-12-23,9:33:54.486358901,T,301.25,80,301.85,160,IBM
2025-12-23,9:33:54.486744674,T,301.25,80,301.53,80,IBM
2025-12-23,9:33:54.486895071,T,301.25,80,301.85,160,IBM
2025-12-23,9:33:54.487271115,T,301.25,80,301.7,80,IBM
2025-12-23,9:33:54.487481468,T,301.25,80,301.85,160,IBM
2025-12-23,9:33:54.487857333,T,301.25,80,301.7,80,IBM
2025-12-23,9:33:54.488148018,T,301.32,40,301.7,80,IBM
2025-12-23,9:33:54.488889863,T,301.32,80,301.7,80,IBM
2025-12-23,9:33:54.488959969,T,301.35,40,301.7,80,IBM
2025-12-23,9:33:54.489947386,T,301.35,40,301.7,200,IBM
2025-12-23,9:33:54.489952302,T,301.35,40,301.7,280,IBM
2025-12-23,9:33:54.489967376,T,301.35,40,301.7,360,IBM
2025-12-23,9:33:54.490308285,T,301.35,40,301.7,280,IBM
2025-12-23,9:33:54.490308285,T,301.35,40,301.7,200,IBM
2025-12-23,9:33:54.490318190,T,301.35,40,301.7,80,IBM
2025-12-23,9:33:54.490323200,T,301.35,40,301.85,160,IBM
2025-12-23,9:33:54.490689252,T,301.35,40,301.7,80,IBM
2025-12-23,9:33:54.490694171,T,301.35,40,301.7,160,IBM
2025-12-23,9:33:54.490704145,T,301.35,40,301.7,280,IBM
2025-12-23,9:33:54.490709146,T,301.35,40,301.7,360,IBM
2025-12-23,9:33:54.490714191,T,301.35,40,301.7,280,IBM
2025-12-23,9:33:54.490719165,T,301.35,40,301.7,200,IBM
2025-12-23,9:33:54.490724339,T,301.35,40,301.7,80,IBM
2025-12-23,9:33:54.490724339,T,301.35,40,301.85,160,IBM
2025-12-23,9:33:54.491095067,T,301.35,40,301.7,80,IBM
2025-12-23,9:33:54.491100047,T,301.35,40,301.7,160,IBM
2025-12-23,9:33:54.491110208,T,301.35,40,301.7,280,IBM
2025-12-23,9:33:54.491115174,T,301.35,40,301.7,360,IBM
2025-12-23,9:33:54.666788228,T,301.35,40,301.7,240,IBM
2025-12-23,9:33:54.716641980,T,301.35,40,301.7,160,IBM
2025-12-23,9:33:54.718731971,T,301.35,40,301.7,80,IBM
2025-12-23,9:33:54.718731971,T,301.35,40,302.05,160,IBM
2025-12-23,9:33:54.943116336,T,301.34,40,302.05,160,IBM
2025-12-23,9:33:54.943496970,T,301.35,40,302.05,160,IBM
2025-12-23,9:33:55.676907764,T,301.34,40,302.05,160,IBM
2025-12-23,9:33:55.677188488,T,301.34,40,302.25,40,IBM
2025-12-23,9:33:55.677198543,T,301.34,40,302.23,160,IBM
2025-12-23,9:33:55.677233625,T,301.34,40,302.12,80,IBM
2025-12-23,9:33:55.677283735,T,301.35,40,302.12,80,IBM
2025-12-23,9:33:55.677358916,T,301.3,40,302.12,80,IBM
2025-12-23,9:33:55.677789934,T,301.58,120,302.12,80,IBM
2025-12-23,9:33:55.678491610,T,301.58,120,302.23,160,IBM
2025-12-23,9:33:55.745135178,T,301.58,120,302.23,240,IBM
2025-12-23,9:33:56.178386651,T,301.58,120,302.18,80,IBM
2025-12-23,9:33:56.179138426,T,301.58,120,302.18,160,IBM
2025-12-23,9:33:57.702580187,T,301.58,80,302.18,160,IBM
2025-12-23,9:33:57.702961111,T,301.58,120,302.18,160,IBM
2025-12-23,9:33:57.714789253,T,301.58,120,302.15,80,IBM
2025-12-23,9:33:57.715530964,T,301.58,120,302.15,160,IBM
2025-12-23,9:33:58.215942307,T,301.58,120,302.13,80,IBM
2025-12-23,9:33:58.216694084,T,301.58,120,302.13,160,IBM
2025-12-23,9:33:58.718248023,T,301.58,120,302.12,80,IBM
2025-12-23,9:33:58.719004903,T,301.58,120,302.12,160,IBM
2025-12-23,9:33:59.082194400,T,301.58,80,302.12,160,IBM
2025-12-23,9:33:59.082585336,T,301.58,120,302.12,160,IBM
2025-12-23,9:33:59.707628344,T,301.58,120,301.94,40,IBM
2025-12-23,9:33:59.707653433,T,301.6,80,301.94,40,IBM
2025-12-23,9:33:59.707673489,T,301.6,80,301.94,120,IBM
2025-12-23,9:33:59.708385114,T,301.6,80,301.94,200,IBM
2025-12-23,9:33:59.717692324,T,301.6,80,301.94,120,IBM
2025-12-23,9:33:59.719566779,T,301.6,80,301.94,80,IBM
2025-12-23,9:33:59.719692106,T,301.6,80,301.94,120,IBM
2025-12-23,9:34:00.305296221,T,301.6,80,301.94,80,IBM
2025-12-23,9:34:00.305366370,T,301.6,80,302.23,160,IBM
2025-12-23,9:34:00.305747312,T,301.6,80,301.93,80,IBM
2025-12-23,9:34:06.106085526,T,301.6,120,301.93,80,IBM
2025-12-23,9:34:06.242209464,T,301.6,120,301.93,160,IBM
2025-12-23,9:34:09.162716832,T,301.6,160,301.93,160,IBM
2025-12-23,9:34:09.162786970,T,301.72,40,301.93,160,IBM
2025-12-23,9:34:09.163182884,T,301.6,80,301.93,160,IBM
2025-12-23,9:34:09.163232995,T,301.4,40,301.93,160,IBM
2025-12-23,9:34:09.163553854,T,301.48,40,301.93,160,IBM
2025-12-23,9:34:09.166926780,T,301.4,40,301.93,160,IBM
2025-12-23,9:34:10.115405232,T,301.09,40,301.93,160,IBM
2025-12-23,9:34:10.115785815,T,301.4,40,301.93,160,IBM
2025-12-23,9:34:10.115901045,T,301.76,40,301.93,160,IBM
2025-12-23,9:34:10.116868488,T,301.76,80,301.93,160,IBM
2025-12-23,9:34:13.136256098,T,301.76,80,301.93,80,IBM
2025-12-23,9:34:13.136712114,T,301.76,80,302.23,160,IBM
2025-12-23,9:34:13.136757267,T,301.76,120,302.23,160,IBM
2025-12-23,9:34:13.136797315,T,301.76,120,301.93,80,IBM
2025-12-23,9:34:13.136797315,T,301.84,80,301.93,80,IBM
2025-12-23,9:34:13.136812333,T,301.84,40,301.93,80,IBM
2025-12-23,9:34:13.136827462,T,301.84,40,302.23,160,IBM
2025-12-23,9:34:13.137213290,T,301.84,80,302.23,160,IBM
2025-12-23,9:34:13.137483927,T,301.84,80,302.23,280,IBM
2025-12-23,9:34:13.137534066,T,301.84,80,302.23,160,IBM
2025-12-23,9:34:13.137584190,T,301.84,160,302.23,160,IBM
2025-12-23,9:34:13.137764681,T,301.84,120,302.23,160,IBM
2025-12-23,9:34:13.138015192,T,301.84,120,302.23,280,IBM
2025-12-23,9:34:13.142145118,T,301.84,120,302.23,360,IBM
2025-12-23,9:34:13.212307105,T,301.84,120,302.23,280,IBM
2025-12-23,9:34:13.212788300,T,301.84,40,302.23,280,IBM
2025-12-23,9:34:13.212788300,T,301.76,40,302.23,280,IBM
2025-12-23,9:34:13.212828471,T,301.76,40,302.23,320,IBM
2025-12-23,9:34:13.212828471,T,301.76,40,302.04,160,IBM
2025-12-23,9:34:13.213104084,T,301.76,120,302.04,160,IBM
2025-12-23,9:34:13.213951073,T,301.76,120,302.04,240,IBM
2025-12-23,9:34:13.217895401,T,301.76,120,302.04,200,IBM
2025-12-23,9:34:13.217900465,T,301.76,120,302.04,80,IBM
2025-12-23,9:34:13.369867264,T,301.76,120,302.23,160,IBM
2025-12-23,9:34:14.809639610,T,301.76,80,302.23,160,IBM
2025-12-23,9:34:14.809639610,T,301.76,40,302.23,160,IBM
2025-12-23,9:34:14.809654664,T,301.21,40,302.23,160,IBM
2025-12-23,9:34:14.810135840,T,301.21,40,301.74,80,IBM
2025-12-23,9:34:14.874629391,T,301.6,40,301.74,80,IBM
2025-12-23,9:34:14.875045301,T,301.21,40,301.74,80,IBM
2025-12-23,9:34:14.875090427,T,301.21,40,301.74,120,IBM
2025-12-23,9:34:14.875100490,T,301.21,40,301.74,40,IBM
2025-12-23,9:34:14.875571610,T,301.06,40,301.74,40,IBM
2025-12-23,9:34:14.875807074,T,301.03,160,301.74,40,IBM
2025-12-23,9:34:14.879099995,T,301.03,160,302.23,160,IBM
2025-12-23,9:34:14.895584199,T,301.03,160,302.23,200,IBM
2025-12-23,9:34:14.986500594,T,301.21,40,302.23,200,IBM
2025-12-23,9:34:14.986525734,T,301.31,40,302.23,200,IBM
2025-12-23,9:34:14.986741371,T,301.31,120,302.23,200,IBM
2025-12-23,9:34:15.223399593,T,301.31,120,302.23,40,IBM
2025-12-23,9:34:15.223404640,T,301.31,120,302.07,160,IBM
2025-12-23,9:34:15.300703686,T,301.31,120,302.07,200,IBM
2025-12-23,9:34:15.395980412,T,301.31,120,302.07,240,IBM
2025-12-23,9:34:16.286580519,T,301.5,80,302.07,240,IBM
2025-12-23,9:34:16.286695825,T,301.5,80,301.99,40,IBM
2025-12-23,9:34:16.287472630,T,301.5,80,301.99,80,IBM
2025-12-23,9:34:16.287753287,T,301.5,80,301.99,120,IBM
2025-12-23,9:34:16.390036839,T,301.5,80,301.99,80,IBM
2025-12-23,9:34:16.390312466,T,301.5,80,301.99,40,IBM
2025-12-23,9:34:17.472674237,T,301.5,80,302.07,160,IBM
2025-12-23,9:34:19.045152593,T,301.31,80,302.07,160,IBM
2025-12-23,9:34:20.115996769,T,301.31,80,302.07,200,IBM
2025-12-23,9:34:20.898168828,T,301.31,80,302.07,160,IBM
2025-12-23,9:34:21.555208049,T,301.31,80,302.25,40,IBM
2025-12-23,9:34:21.555208049,T,301.31,80,302.25,240,IBM
2025-12-23,9:34:25.720669069,T,301.5,40,302.25,240,IBM
2025-12-23,9:34:28.143622240,T,301.31,80,302.25,240,IBM
2025-12-23,9:34:28.754611669,T,301.54,40,302.25,240,IBM
2025-12-23,9:34:29.346139792,T,301.31,80,302.25,240,IBM
2025-12-23,9:34:33.715927459,T,301.31,80,301.99,40,IBM
2025-12-23,9:34:33.716463761,T,301.31,80,301.92,40,IBM
2025-12-23,9:34:33.716468720,T,301.31,80,301.73,160,IBM
2025-12-23,9:34:33.716478827,T,301.21,200,301.73,160,IBM
2025-12-23,9:34:33.717140347,T,301.5,40,301.73,160,IBM
2025-12-23,9:34:33.717145327,T,301.5,40,301.73,200,IBM
2025-12-23,9:34:33.717161332,T,301.21,240,301.73,200,IBM
2025-12-23,9:34:33.717165459,T,301.21,240,301.73,40,IBM
2025-12-23,9:34:33.717170421,T,301.21,200,301.73,40,IBM
2025-12-23,9:34:33.717521383,T,301.21,240,301.73,40,IBM
2025-12-23,9:34:33.717586557,T,301.5,40,301.73,40,IBM
2025-12-23,9:34:33.717601439,T,301.5,40,301.91,80,IBM
2025-12-23,9:34:33.717621501,T,301.5,40,301.91,40,IBM
2025-12-23,9:34:33.717626518,T,301.56,40,301.91,40,IBM
2025-12-23,9:34:33.717691746,T,301.5,40,301.91,40,IBM
2025-12-23,9:34:33.717691746,T,301.56,40,301.91,40,IBM
2025-12-23,9:34:33.726497642,T,301.57,40,301.91,40,IBM
2025-12-23,9:34:33.726512628,T,301.57,40,302.25,240,IBM
2025-12-23,9:34:33.727785697,T,301.56,40,302.25,240,IBM
2025-12-23,9:34:35.530647518,T,301.21,240,302.25,240,IBM
2025-12-23,9:34:40.927635410,T,301.21,200,302.25,240,IBM
2025-12-23,9:34:40.927635410,T,301.21,240,302.25,240,IBM
2025-12-23,9:34:43.468899926,T,301.59,80,302.25,240,IBM
2025-12-23,9:34:47.614854822,T,301.59,40,302.25,240,IBM
2025-12-23,9:34:47.614854822,T,301.59,80,302.25,240,IBM
2025-12-23,9:34:47.614864934,T,301.81,40,302.25,240,IBM
2025-12-23,9:34:47.617992373,T,301.81,40,302.25,40,IBM
2025-12-23,9:34:48.987296884,T,301.72,40,302.25,40,IBM
2025-12-23,9:34:49.046182105,T,301.81,40,302.25,40,IBM
2025-12-23,9:34:49.046202146,T,301.72,40,302.25,40,IBM
2025-12-23,9:34:49.046207165,T,301.82,40,302.25,40,IBM
2025-12-23,9:34:49.712468267,T,301.72,40,302.25,40,IBM
2025-12-23,9:34:55.577074410,T,301.4,200,302.25,40,IBM
2025-12-23,9:34:55.577455219,T,301.72,40,302.25,40,IBM
2025-12-23,9:34:55.577485323,T,301.83,40,302.25,40,IBM
2025-12-23,9:34:56.955766443,T,301.72,40,302.25,40,IBM
2025-12-23,9:34:56.956683606,T,301.4,200,302.25,40,IBM
2025-12-23,9:34:56.957079577,T,301.72,40,302.25,40,IBM
2025-12-23,9:34:56.957109695,T,301.84,40,302.25,40,IBM
2025-12-23,9:34:57.410423825,T,301.72,40,302.25,40,IBM
2025-12-23,9:35:01.280421697,T,301.4,200,302.25,40,IBM
2025-12-23,9:35:02.474479224,T,301.81,80,302.25,40,IBM
2025-12-23,9:35:03.855206042,T,301.85,40,302.25,40,IBM
2025-12-23,9:35:04.773723004,T,301.81,80,302.25,40,IBM
2025-12-23,9:35:05.240363656,T,301.86,40,302.25,40,IBM
2025-12-23,9:35:06.613121543,T,301.81,80,302.25,40,IBM
2025-12-23,9:35:10.710400426,T,301.81,80,302.25,160,IBM
2025-12-23,9:35:10.752986771,T,301.89,80,302.25,160,IBM
2025-12-23,9:35:18.997728819,T,301.85,40,302.25,160,IBM
2025-12-23,9:35:18.997733843,T,301.85,40,302.25,40,IBM
2025-12-23,9:35:18.998114705,T,301.85,40,302.18,120,IBM
2025-12-23,9:35:19.913614097,T,301.4,200,302.18,120,IBM
2025-12-23,9:35:19.913654209,T,301.9,40,302.18,120,IBM
2025-12-23,9:35:23.917736205,T,301.9,40,302.08,40,IBM
2025-12-23,9:35:23.917766274,T,301.9,40,302.08,80,IBM
2025-12-23,9:35:23.918026836,T,301.9,80,302.08,80,IBM
2025-12-23,9:35:23.918102030,T,301.9,80,302.08,40,IBM
2025-12-23,9:35:23.918112042,T,301.9,80,302.25,40,IBM
2025-12-23,9:35:23.918372656,T,301.9,40,302.25,40,IBM
2025-12-23,9:35:23.918377651,T,301.99,40,302.25,40,IBM
2025-12-23,9:35:23.918402700,T,302.08,40,302.25,40,IBM
2025-12-23,9:35:23.918422793,T,301.99,40,302.25,40,IBM
2025-12-23,9:35:23.918447825,T,301.9,40,302.25,40,IBM
2025-12-23,9:35:23.918477951,T,301.9,40,302.08,120,IBM
2025-12-23,9:35:23.919214669,T,301.9,40,302.08,80,IBM
2025-12-23,9:35:23.919255225,T,301.9,40,302.08,40,IBM
2025-12-23,9:35:23.919255225,T,301.9,40,302.25,40,IBM
2025-12-23,9:35:23.924647656,T,301.9,40,302.09,120,IBM
2025-12-23,9:35:23.925454519,T,301.94,80,302.09,120,IBM
2025-12-23,9:35:24.015288359,T,301.94,120,302.09,120,IBM
2025-12-23,9:35:24.015694605,T,301.94,120,302.09,40,IBM
2025-12-23,9:35:24.015699408,T,301.94,120,302.25,40,IBM
2025-12-23,9:35:24.015754441,T,302.01,40,302.25,40,IBM
2025-12-23,9:35:24.016185527,T,302.01,80,302.25,40,IBM
2025-12-23,9:35:24.017182875,T,302.01,40,302.25,40,IBM
2025-12-23,9:35:24.020200111,T,301.94,40,302.25,40,IBM
2025-12-23,9:35:24.021097215,T,301.94,40,302.25,120,IBM
2025-12-23,9:35:24.036403627,T,301.94,40,302.25,80,IBM
2025-12-23,9:35:24.041225187,T,301.94,40,302.48,240,IBM
2025-12-23,9:35:24.996975556,T,301.96,40,302.48,240,IBM
2025-12-23,9:35:25.920408702,T,302.01,40,302.48,240,IBM
2025-12-23,9:35:25.920674402,T,302.01,80,302.48,240,IBM
2025-12-23,9:35:26.774040759,T,302.01,40,302.48,240,IBM
2025-12-23,9:35:28.679958042,T,302.01,40,302.3,80,IBM
2025-12-23,9:35:31.016044033,T,302.01,40,302.25,40,IBM
2025-12-23,9:35:31.016069055,T,301.96,40,302.25,40,IBM
2025-12-23,9:35:31.016074154,T,301.96,40,302.17,40,IBM
2025-12-23,9:35:31.016344730,T,301.96,40,302.17,80,IBM
2025-12-23,9:35:31.016585276,T,301.96,40,302.17,40,IBM
2025-12-23,9:35:31.016820854,T,301.96,40,302.17,120,IBM
2025-12-23,9:35:31.020058535,T,301.96,40,302.17,80,IBM
2025-12-23,9:35:31.151215848,T,301.96,40,302.09,40,IBM
2025-12-23,9:35:31.151962588,T,301.96,40,302.09,120,IBM
2025-12-23,9:35:31.155220379,T,301.96,40,302.09,80,IBM
2025-12-23,9:35:38.604594128,T,301.94,40,302.09,80,IBM
2025-12-23,9:35:38.604879761,T,301.4,200,302.09,80,IBM
2025-12-23,9:35:38.604914889,T,301.4,200,302.09,120,IBM
2025-12-23,9:35:38.606007426,T,301.4,200,302.09,40,IBM
2025-12-23,9:35:38.606709063,T,301.4,200,302.03,40,IBM
2025-12-23,9:35:38.606724171,T,301.4,200,302.09,40,IBM
2025-12-23,9:35:38.607190246,T,301.4,200,301.9,120,IBM
2025-12-23,9:35:38.607706472,T,301.4,200,302.09,40,IBM
2025-12-23,9:35:38.709258221,T,301.4,200,301.9,80,IBM
2025-12-23,9:35:48.798396112,T,301.4,200,301.9,160,IBM
2025-12-23,9:35:54.036791415,T,301.44,40,301.9,160,IBM
2025-12-23,9:35:58.319832556,T,301.4,200,301.9,160,IBM
2025-12-23,9:35:59.125861510,T,301.57,40,301.9,160,IBM
2025-12-23,9:35:59.997145549,T,301.57,40,301.9,240,IBM
2025-12-23,9:36:00.384482587,T,301.57,40,301.9,160,IBM
2025-12-23,9:36:00.643875088,T,301.4,200,301.9,160,IBM
2025-12-23,9:36:01.451903648,T,301.69,40,301.9,160,IBM
2025-12-23,9:36:03.182067329,T,301.69,40,301.9,120,IBM
2025-12-23,9:36:03.182087608,T,301.69,40,301.9,80,IBM
2025-12-23,9:36:03.182092360,T,301.69,40,302.15,40,IBM
2025-12-23,9:36:03.182117462,T,301.79,40,302.15,40,IBM
2025-12-23,9:36:03.182543404,T,301.79,80,302.15,40,IBM
2025-12-23,9:36:03.183716191,T,301.79,80,302.15,120,IBM
2025-12-23,9:36:03.186557950,T,301.79,40,302.15,120,IBM
2025-12-23,9:36:03.187480152,T,301.79,40,302.15,200,IBM
2025-12-23,9:36:03.232632643,T,301.79,40,302.15,160,IBM
2025-12-23,9:36:03.754169276,T,301.79,40,302.15,200,IBM
2025-12-23,9:36:04.030557188,T,301.79,40,302.15,240,IBM
2025-12-23,9:36:04.030577328,T,301.4,240,302.15,240,IBM
2025-12-23,9:36:04.194597798,T,301.4,240,302.15,200,IBM
2025-12-23,9:36:04.199253824,T,301.69,200,302.15,200,IBM
2025-12-23,9:36:04.382164285,T,301.69,200,302.15,280,IBM
2025-12-23,9:36:04.382199414,T,301.69,200,302.14,40,IBM
2025-12-23,9:36:04.382956154,T,301.69,200,302.14,120,IBM
2025-12-23,9:36:04.382956154,T,301.69,200,302.14,200,IBM
2025-12-23,9:36:04.382966248,T,301.69,200,302.14,240,IBM
2025-12-23,9:36:04.584802081,T,301.69,200,301.97,40,IBM
2025-12-23,9:36:04.584846797,T,301.4,240,301.97,40,IBM
2025-12-23,9:36:04.584871868,T,301.4,200,301.97,40,IBM
2025-12-23,9:36:04.584896906,T,301.4,200,301.96,40,IBM
2025-12-23,9:36:04.584896906,T,301.4,200,301.83,80,IBM
2025-12-23,9:36:04.584916928,T,301.4,200,301.83,40,IBM
2025-12-23,9:36:04.584942057,T,301.4,200,301.83,80,IBM
2025-12-23,9:36:04.585147465,T,301.31,40,301.83,80,IBM
2025-12-23,9:36:04.585352977,T,301.31,40,301.83,40,IBM
2025-12-23,9:36:04.585393074,T,301.31,40,301.83,120,IBM
2025-12-23,9:36:04.585413170,T,301.31,40,301.83,80,IBM
2025-12-23,9:36:04.585423163,T,301.24,200,301.83,80,IBM
2025-12-23,9:36:04.585518343,T,301.24,200,301.96,40,IBM
2025-12-23,9:36:04.585723892,T,301.24,200,301.96,80,IBM
2025-12-23,9:36:04.585743981,T,301.24,200,301.96,40,IBM
2025-12-23,9:36:04.585804039,T,301.24,200,301.96,80,IBM
2025-12-23,9:36:04.585894236,T,301.24,200,301.9,80,IBM
2025-12-23,9:36:04.586095118,T,301.24,200,301.96,320,IBM
2025-12-23,9:36:04.586095118,T,301.24,200,301.96,200,IBM
2025-12-23,9:36:04.586104779,T,301.24,200,301.96,80,IBM
2025-12-23,9:36:04.586470615,T,301.24,200,301.96,160,IBM
2025-12-23,9:36:04.586485664,T,301.24,200,301.96,280,IBM
2025-12-23,9:36:04.586485664,T,301.24,200,301.96,400,IBM
2025-12-23,9:36:04.586580914,T,301.24,200,301.92,40,IBM
2025-12-23,9:36:04.587563265,T,301.24,200,301.92,160,IBM
2025-12-23,9:36:04.587568290,T,301.24,200,301.92,240,IBM
2025-12-23,9:36:04.587578257,T,301.24,200,301.92,360,IBM
2025-12-23,9:36:04.644879670,T,301.24,200,301.91,40,IBM
2025-12-23,9:36:04.645335847,T,301.24,200,301.89,40,IBM
2025-12-23,9:36:04.645361000,T,301.24,200,301.88,40,IBM
2025-12-23,9:36:04.645365828,T,301.24,200,301.91,80,IBM
2025-12-23,9:36:04.645370846,T,301.24,200,301.76,40,IBM
2025-12-23,9:36:04.645425956,T,301.24,200,301.91,80,IBM
2025-12-23,9:36:04.645446101,T,301.24,200,301.88,120,IBM
2025-12-23,9:36:04.645451347,T,301.24,200,301.88,200,IBM
2025-12-23,9:36:04.645496170,T,301.24,200,301.88,320,IBM
2025-12-23,9:36:04.645536326,T,301.24,200,301.88,200,IBM
2025-12-23,9:36:04.645536326,T,301.24,200,301.88,120,IBM
2025-12-23,9:36:04.645546293,T,301.24,200,301.91,80,IBM
2025-12-23,9:36:04.645912114,T,301.24,200,301.88,80,IBM
2025-12-23,9:36:04.645937253,T,301.24,200,301.91,80,IBM
2025-12-23,9:36:04.646072579,T,301.24,200,301.87,40,IBM
2025-12-23,9:36:04.646077517,T,301.24,200,301.87,80,IBM
2025-12-23,9:36:04.646082861,T,301.24,200,301.87,40,IBM
2025-12-23,9:36:04.646087561,T,301.24,200,301.91,80,IBM
2025-12-23,9:36:04.646323093,T,301.24,200,301.87,80,IBM
2025-12-23,9:36:04.646458464,T,301.24,200,301.87,120,IBM
2025-12-23,9:36:04.646463469,T,301.24,200,301.87,160,IBM
2025-12-23,9:36:04.646889442,T,301.24,200,301.87,120,IBM
2025-12-23,9:36:04.646889442,T,301.24,200,301.87,80,IBM
2025-12-23,9:36:04.646894494,T,301.24,200,301.91,80,IBM
2025-12-23,9:36:04.647265411,T,301.24,200,301.83,40,IBM
2025-12-23,9:36:04.647270362,T,301.24,200,301.83,80,IBM
2025-12-23,9:36:04.647275446,T,301.24,200,301.83,160,IBM
2025-12-23,9:36:04.651249880,T,301.61,40,301.83,160,IBM
2025-12-23,9:36:04.651269943,T,301.24,200,301.83,160,IBM
2025-12-23,9:36:04.651279922,T,301.24,160,301.83,160,IBM
2025-12-23,9:36:04.651294989,T,301.24,160,301.76,40,IBM
2025-12-23,9:36:04.652051783,T,301.24,160,301.91,40,IBM
2025-12-23,9:36:04.652402560,T,301.24,160,301.75,40,IBM
2025-12-23,9:36:04.652407572,T,301.24,160,301.75,80,IBM
2025-12-23,9:36:04.652417605,T,301.24,160,301.75,160,IBM
2025-12-23,9:36:04.856388157,T,301.24,160,301.75,120,IBM
2025-12-23,9:36:04.858558430,T,301.24,160,301.75,80,IBM
2025-12-23,9:36:04.858568431,T,301.24,160,301.91,40,IBM
2025-12-23,9:36:05.997033561,T,301.42,40,301.91,40,IBM
2025-12-23,9:36:09.171510501,T,301.42,40,302.15,160,IBM
2025-12-23,9:36:09.794598850,T,301.42,40,302.15,120,IBM
2025-12-23,9:36:10.046067443,T,301.24,160,302.15,120,IBM
2025-12-23,9:36:10.870099200,T,301.53,40,302.15,120,IBM
2025-12-23,9:36:21.481580706,T,301.53,40,301.95,80,IBM
2025-12-23,9:36:35.095750170,T,301.24,160,301.95,80,IBM
2025-12-23,9:36:35.223810031,T,301.24,160,301.95,160,IBM
2025-12-23,9:36:36.734777089,T,301.55,40,301.95,160,IBM
2025-12-23,9:36:59.091729181,T,301.55,120,301.95,160,IBM
2025-12-23,9:36:59.522008576,T,301.56,40,301.95,160,IBM
2025-12-23,9:36:59.908894675,T,301.55,120,301.95,160,IBM
2025-12-23,9:36:59.921995817,T,301.55,80,301.95,160,IBM
2025-12-23,9:37:00.379565023,T,301.55,80,301.95,280,IBM
2025-12-23,9:37:00.544021645,T,301.57,40,301.95,280,IBM
2025-12-23,9:37:00.728330448,T,301.57,80,301.95,280,IBM
2025-12-23,9:37:05.838790920,T,301.58,40,301.95,280,IBM
2025-12-23,9:37:05.838790920,T,301.58,40,301.95,240,IBM
2025-12-23,9:37:05.838811138,T,301.58,40,301.95,200,IBM
2025-12-23,9:37:05.838816112,T,301.72,40,301.95,200,IBM
2025-12-23,9:37:05.838820952,T,301.72,40,301.95,120,IBM
2025-12-23,9:37:05.838820952,T,301.72,40,302.15,120,IBM
2025-12-23,9:37:05.838826015,T,301.72,80,302.15,120,IBM
2025-12-23,9:37:05.838846005,T,301.83,40,302.15,120,IBM
2025-12-23,9:37:05.839131706,T,301.83,80,302.15,120,IBM
2025-12-23,9:37:05.839442396,T,301.83,120,302.15,120,IBM
2025-12-23,9:37:05.839482545,T,301.83,120,302.15,200,IBM
2025-12-23,9:37:05.839647888,T,301.83,120,302.15,120,IBM
2025-12-23,9:37:05.839667929,T,301.83,120,302.15,80,IBM
2025-12-23,9:37:05.844208794,T,301.83,120,302.15,160,IBM
2025-12-23,9:37:05.844213838,T,301.83,120,302.15,280,IBM
2025-12-23,9:37:05.844218952,T,301.83,120,302.15,360,IBM
2025-12-23,9:37:06.044024393,T,301.83,80,302.15,360,IBM
2025-12-23,9:37:06.081498642,T,301.83,80,302.15,280,IBM
2025-12-23,9:37:06.084626860,T,301.83,80,302.15,160,IBM
2025-12-23,9:37:07.074096598,T,301.84,40,302.15,160,IBM
2025-12-23,9:37:08.828658546,T,301.84,80,302.15,160,IBM
2025-12-23,9:37:14.895164954,T,301.84,80,302.15,240,IBM
2025-12-23,9:37:16.709559155,T,301.84,80,302.15,160,IBM
2025-12-23,9:37:16.709579209,T,301.84,80,302.0,80,IBM
2025-12-23,9:37:16.710326025,T,301.84,80,302.0,160,IBM
2025-12-23,9:37:16.710336043,T,301.84,80,302.0,240,IBM
2025-12-23,9:37:16.775907063,T,301.84,40,302.0,240,IBM
2025-12-23,9:37:18.740178273,T,301.72,40,302.0,240,IBM
2025-12-23,9:37:19.418207312,T,301.86,40,302.0,240,IBM
2025-12-23,9:37:20.461641392,T,301.86,40,302.0,200,IBM
2025-12-23,9:37:20.461666694,T,301.86,40,302.0,160,IBM
2025-12-23,9:37:20.461666694,T,301.86,40,302.0,80,IBM
2025-12-23,9:37:20.461666694,T,301.86,40,302.0,40,IBM
2025-12-23,9:37:20.461671703,T,301.86,40,302.25,40,IBM
2025-12-23,9:37:20.461696535,T,301.86,80,302.25,40,IBM
2025-12-23,9:37:20.462313025,T,301.86,80,302.25,80,IBM
2025-12-23,9:37:20.467049290,T,301.86,80,302.25,160,IBM
2025-12-23,9:37:20.467064347,T,301.86,80,302.25,200,IBM
2025-12-23,9:37:20.507149670,T,301.86,80,302.25,120,IBM
2025-12-23,9:37:20.701121457,T,301.86,80,302.25,80,IBM
2025-12-23,9:37:21.578229529,T,301.86,40,302.25,80,IBM
2025-12-23,9:37:21.578254582,T,301.72,80,302.25,80,IBM
2025-12-23,9:37:22.613263342,T,301.94,40,302.25,80,IBM
2025-12-23,9:37:28.010737411,T,301.94,160,302.25,80,IBM
2025-12-23,9:37:29.450309482,T,301.94,120,302.25,80,IBM
2025-12-23,9:37:31.077031983,T,301.94,120,302.05,40,IBM
2025-12-23,9:37:31.077092056,T,301.94,80,302.05,40,IBM
2025-12-23,9:37:31.077117150,T,301.72,40,302.05,40,IBM
2025-12-23,9:37:31.077117150,T,301.72,40,301.96,40,IBM
2025-12-23,9:37:31.077137216,T,301.72,40,301.96,120,IBM
2025-12-23,9:37:31.077147269,T,301.72,40,301.96,80,IBM
2025-12-23,9:37:31.077157478,T,301.72,40,302.05,40,IBM
2025-12-23,9:37:31.077172312,T,301.72,40,302.25,40,IBM
2025-12-23,9:37:31.077197461,T,301.73,40,302.25,40,IBM
2025-12-23,9:37:31.077312650,T,301.74,40,302.25,40,IBM
2025-12-23,9:37:31.077327635,T,301.86,80,302.25,40,IBM
2025-12-23,9:37:31.077748659,T,301.74,40,302.25,40,IBM
2025-12-23,9:37:31.077748659,T,301.74,40,302.25,80,IBM
2025-12-23,9:37:31.077758691,T,301.74,40,302.19,40,IBM
2025-12-23,9:37:31.077778780,T,301.74,40,302.15,40,IBM
2025-12-23,9:37:31.077778780,T,301.74,40,302.24,80,IBM
2025-12-23,9:37:31.077783799,T,301.74,40,302.19,40,IBM
2025-12-23,9:37:31.077899118,T,301.74,40,302.24,80,IBM
2025-12-23,9:37:31.078745994,T,301.74,40,302.24,40,IBM
2025-12-23,9:37:31.082124047,T,301.89,40,302.24,40,IBM
2025-12-23,9:37:31.177811899,T,301.89,40,302.25,40,IBM
2025-12-23,9:37:31.181826380,T,301.89,80,302.25,40,IBM
2025-12-23,9:37:31.182307630,T,301.89,120,302.25,40,IBM
2025-12-23,9:37:31.182337684,T,301.96,40,302.25,40,IBM
2025-12-23,9:37:31.182648401,T,301.89,80,302.25,40,IBM
2025-12-23,9:37:31.186733106,T,301.89,40,302.25,40,IBM
2025-12-23,9:37:32.829333487,T,301.72,80,302.25,40,IBM
2025-12-23,9:37:34.000366332,T,301.98,40,302.25,40,IBM
2025-12-23,9:37:43.776433976,T,301.72,80,302.25,40,IBM
2025-12-23,9:37:43.776534113,T,301.98,40,302.25,40,IBM
2025-12-23,9:37:43.776594315,T,301.72,80,302.25,40,IBM
2025-12-23,9:37:43.776619403,T,301.72,80,302.24,40,IBM
2025-12-23,9:37:43.777115509,T,301.72,80,302.07,40,IBM
2025-12-23,9:37:43.777912475,T,301.72,80,302.24,40,IBM
2025-12-23,9:37:43.781626271,T,301.85,80,302.24,40,IBM
2025-12-23,9:37:43.877304089,T,301.85,80,302.25,40,IBM
2025-12-23,9:37:46.441778929,T,301.95,40,302.25,40,IBM
2025-12-23,9:37:51.545057658,T,301.85,80,302.25,40,IBM
2025-12-23,9:37:51.545082778,T,301.85,80,302.05,40,IBM
2025-12-23,9:37:51.560053454,T,301.72,80,302.05,40,IBM
2025-12-23,9:37:51.564203558,T,301.72,80,302.14,40,IBM
2025-12-23,9:37:51.647471493,T,301.72,80,302.25,40,IBM
2025-12-23,9:37:54.651552793,T,301.82,40,302.25,40,IBM
2025-12-23,9:38:00.052460092,T,301.83,40,302.25,40,IBM
2025-12-23,9:38:01.723613372,T,301.84,80,302.25,40,IBM
2025-12-23,9:38:10.407586576,T,301.83,40,302.25,40,IBM
2025-12-23,9:38:10.407611449,T,301.72,80,302.25,40,IBM
2025-12-23,9:38:10.407611449,T,301.72,80,302.01,40,IBM
2025-12-23,9:38:10.407892113,T,301.72,80,301.93,40,IBM
2025-12-23,9:38:10.408172790,T,301.72,40,301.93,40,IBM
2025-12-23,9:38:10.408423325,T,301.8,40,301.93,40,IBM
2025-12-23,9:38:10.408438396,T,301.8,40,302.15,40,IBM
2025-12-23,9:38:10.408443454,T,301.72,40,302.15,40,IBM
2025-12-23,9:38:10.408488499,T,301.72,40,301.92,40,IBM
2025-12-23,9:38:10.409616222,T,301.41,200,301.92,40,IBM
2025-12-23,9:38:10.412097064,T,301.41,200,302.01,40,IBM
2025-12-23,9:38:10.414106889,T,301.42,40,302.01,40,IBM
2025-12-23,9:38:10.414126971,T,301.42,40,302.21,160,IBM
2025-12-23,9:38:10.831249970,T,301.49,40,302.21,160,IBM
2025-12-23,9:38:12.138707257,T,301.5,40,302.21,160,IBM
2025-12-23,9:38:23.428157514,T,301.5,40,302.01,80,IBM
2025-12-23,9:38:24.497974353,T,301.5,40,301.8,40,IBM
2025-12-23,9:38:24.497999488,T,301.5,40,302.01,80,IBM
2025-12-23,9:38:24.497999488,T,301.5,40,301.69,40,IBM
2025-12-23,9:38:24.498595736,T,301.5,40,301.69,120,IBM
2025-12-23,9:38:24.498771182,T,301.5,40,301.69,40,IBM
2025-12-23,9:38:24.498796311,T,301.5,40,301.93,40,IBM
2025-12-23,9:38:24.508138474,T,301.5,40,301.93,160,IBM
2025-12-23,9:38:24.512644262,T,301.5,40,301.93,40,IBM
2025-12-23,9:38:24.513050227,T,301.5,40,301.92,120,IBM
2025-12-23,9:38:24.513085299,T,301.5,40,301.92,160,IBM
2025-12-23,9:38:24.516909323,T,301.5,40,301.92,40,IBM
2025-12-23,9:38:24.516934409,T,301.5,40,301.93,40,IBM
2025-12-23,9:38:24.517285276,T,301.5,40,301.84,120,IBM
2025-12-23,9:38:28.676992940,T,301.5,40,301.81,40,IBM
2025-12-23,9:38:28.677744701,T,301.5,40,301.81,160,IBM
2025-12-23,9:38:28.677940084,T,301.5,40,301.81,240,IBM
2025-12-23,9:38:29.014185537,T,301.51,80,301.81,240,IBM
2025-12-23,9:38:29.014185537,T,301.51,80,301.81,200,IBM
2025-12-23,9:38:29.014451223,T,301.51,80,301.81,120,IBM
2025-12-23,9:38:30.125882076,T,301.52,40,301.81,120,IBM
2025-12-23,9:38:31.834188790,T,301.51,80,301.81,120,IBM
2025-12-23,9:38:31.834194025,T,301.51,80,301.8,40,IBM
2025-12-23,9:38:31.834208893,T,301.49,40,301.8,40,IBM
2025-12-23,9:38:31.834218866,T,301.49,40,301.81,120,IBM
2025-12-23,9:38:31.834233895,T,301.49,40,301.69,40,IBM
2025-12-23,9:38:31.834569692,T,301.49,40,301.61,40,IBM
2025-12-23,9:38:31.835582180,T,301.49,40,301.61,120,IBM
2025-12-23,9:38:31.836333896,T,301.49,40,301.61,80,IBM
2025-12-23,9:38:31.836333896,T,301.49,80,301.61,80,IBM
2025-12-23,9:38:31.836343940,T,301.49,40,301.61,80,IBM
2025-12-23,9:38:31.836364043,T,301.47,80,301.61,80,IBM
2025-12-23,9:38:31.839546526,T,301.5,40,301.61,80,IBM
2025-12-23,9:38:32.594814409,T,301.51,40,301.61,80,IBM
2025-12-23,9:38:33.801336585,T,301.51,40,302.11,40,IBM
2025-12-23,9:38:33.801366631,T,301.56,40,302.11,40,IBM
2025-12-23,9:38:33.801682350,T,301.56,40,301.81,40,IBM
2025-12-23,9:38:33.801702454,T,301.56,40,301.81,80,IBM
2025-12-23,9:38:33.801727501,T,301.56,40,301.81,120,IBM
2025-12-23,9:38:33.801732481,T,301.51,80,301.81,120,IBM
2025-12-23,9:38:33.801752561,T,301.51,40,301.81,120,IBM
2025-12-23,9:38:33.801777670,T,301.51,40,301.81,80,IBM
2025-12-23,9:38:33.801782670,T,301.51,40,301.81,40,IBM
2025-12-23,9:38:33.801792608,T,301.51,40,302.11,40,IBM
2025-12-23,9:38:33.801817763,T,301.51,40,301.69,120,IBM
2025-12-23,9:38:33.801877846,T,301.5,40,301.69,120,IBM
2025-12-23,9:38:33.802414166,T,301.5,40,301.69,160,IBM
2025-12-23,9:38:33.802614634,T,301.5,40,301.69,120,IBM
2025-12-23,9:38:33.902838244,T,301.5,40,301.69,160,IBM
2025-12-23,9:38:33.903369493,T,301.51,40,301.69,160,IBM
2025-12-23,9:38:36.086982699,T,301.52,40,301.69,160,IBM
2025-12-23,9:38:39.957085543,T,301.52,40,301.69,280,IBM
2025-12-23,9:38:50.052498395,T,301.52,80,301.69,280,IBM
2025-12-23,9:38:50.233218573,T,301.52,40,301.69,280,IBM
2025-12-23,9:38:50.233223588,T,301.47,80,301.69,280,IBM
2025-12-23,9:38:50.233238579,T,301.47,80,301.69,160,IBM
2025-12-23,9:38:50.233248689,T,301.47,80,301.61,40,IBM
2025-12-23,9:38:50.233263701,T,301.47,80,301.53,120,IBM
2025-12-23,9:38:50.233293686,T,301.47,80,301.61,40,IBM
2025-12-23,9:38:50.233318830,T,301.47,80,301.69,160,IBM
2025-12-23,9:38:50.233509308,T,301.47,80,301.69,40,IBM
2025-12-23,9:38:50.233509308,T,301.47,80,301.93,40,IBM
2025-12-23,9:38:50.233870097,T,301.47,80,302.03,160,IBM
2025-12-23,9:38:50.233890185,T,301.47,80,301.61,40,IBM
2025-12-23,9:38:50.233895228,T,301.47,80,301.61,160,IBM
2025-12-23,9:38:50.233900147,T,301.47,80,301.61,120,IBM
2025-12-23,9:38:50.234020484,T,301.47,80,302.03,160,IBM
2025-12-23,9:38:50.234396328,T,301.47,80,301.65,120,IBM
2025-12-23,9:38:50.234411410,T,301.51,40,301.65,120,IBM
2025-12-23,9:38:50.234526721,T,301.51,40,301.65,200,IBM
2025-12-23,9:38:50.234657044,T,301.51,40,301.65,80,IBM
2025-12-23,9:38:50.234657044,T,301.51,40,302.03,160,IBM
2025-12-23,9:38:50.235037891,T,301.51,40,301.69,120,IBM
2025-12-23,9:38:50.235037891,T,301.51,40,301.69,200,IBM
2025-12-23,9:38:50.235148216,T,301.51,40,301.69,120,IBM
2025-12-23,9:38:50.235148216,T,301.51,40,302.03,160,IBM
2025-12-23,9:38:50.235539212,T,301.51,40,301.69,120,IBM
2025-12-23,9:38:50.235539212,T,301.51,40,301.69,200,IBM
2025-12-23,9:38:55.155391114,T,301.47,80,301.69,200,IBM
2025-12-23,9:38:55.155416136,T,301.47,80,301.6,40,IBM
2025-12-23,9:38:55.156162963,T,301.47,80,301.6,160,IBM
2025-12-23,9:38:55.156177928,T,301.47,80,301.6,240,IBM
2025-12-23,9:38:55.156889691,T,301.48,40,301.6,240,IBM
2025-12-23,9:38:55.156909902,T,301.48,40,301.6,200,IBM
2025-12-23,9:38:55.157115167,T,301.48,40,301.6,240,IBM
2025-12-23,9:38:55.157165331,T,301.47,80,301.6,240,IBM
2025-12-23,9:38:55.157345700,T,301.47,80,301.6,200,IBM
2025-12-23,9:38:55.157461038,T,301.47,80,301.54,40,IBM
2025-12-23,9:38:55.158558683,T,301.47,80,301.54,120,IBM
2025-12-23,9:38:55.158588726,T,301.47,80,301.54,240,IBM
2025-12-23,9:38:55.161320208,T,301.47,80,301.54,200,IBM
2025-12-23,9:38:55.165625510,T,301.47,80,301.54,240,IBM
2025-12-23,9:38:55.171188711,T,301.47,80,301.54,200,IBM
2025-12-23,9:38:55.171935461,T,301.47,80,301.54,120,IBM
2025-12-23,9:38:55.172962946,T,301.47,80,301.54,200,IBM
2025-12-23,9:38:55.174692084,T,301.47,80,301.54,120,IBM
2025-12-23,9:38:55.274710101,T,301.47,80,301.54,200,IBM
2025-12-23,9:38:55.704137410,T,301.49,40,301.54,200,IBM
2025-12-23,9:38:55.907822349,T,301.49,40,301.54,160,IBM
2025-12-23,9:38:55.907842416,T,301.49,40,301.54,80,IBM
2025-12-23,9:38:55.907847490,T,301.49,40,301.91,160,IBM
2025-12-23,9:38:55.907867458,T,301.53,80,301.91,160,IBM
2025-12-23,9:38:55.908448900,T,301.49,40,301.91,160,IBM
2025-12-23,9:38:55.908909935,T,301.49,40,301.69,120,IBM
2025-12-23,9:38:55.909170597,T,301.53,40,301.69,120,IBM
2025-12-23,9:38:55.913235270,T,301.53,40,301.69,240,IBM
2025-12-23,9:38:56.029206319,T,301.53,40,301.69,120,IBM
2025-12-23,9:38:56.030243793,T,301.53,40,301.91,160,IBM
2025-12-23,9:38:56.030264271,T,301.68,80,301.91,160,IBM
2025-12-23,9:38:56.030298970,T,301.53,80,301.91,160,IBM
2025-12-23,9:38:56.030319036,T,301.53,40,301.91,160,IBM
2025-12-23,9:38:56.030359061,T,301.53,80,301.91,160,IBM
2025-12-23,9:38:56.030534712,T,301.53,40,301.91,160,IBM
2025-12-23,9:38:56.030559583,T,301.49,80,301.91,160,IBM
2025-12-23,9:38:56.030709893,T,301.59,40,301.91,160,IBM
2025-12-23,9:38:56.030720341,T,301.59,40,301.81,80,IBM
2025-12-23,9:38:56.030855321,T,301.49,80,301.81,80,IBM
2025-12-23,9:38:56.031687296,T,301.49,80,301.75,40,IBM
2025-12-23,9:38:56.031732382,T,301.49,80,301.75,120,IBM
2025-12-23,9:38:56.095484194,T,301.49,40,301.75,120,IBM
2025-12-23,9:38:56.137208541,T,301.49,40,301.75,80,IBM
2025-12-23,9:38:58.662750750,T,301.49,40,301.91,160,IBM
2025-12-23,9:38:58.662770847,T,301.49,40,301.74,80,IBM
2025-12-23,9:39:00.900723428,T,301.49,40,301.91,160,IBM
2025-12-23,9:39:00.900743557,T,301.61,80,301.91,160,IBM
2025-12-23,9:39:00.903023938,T,301.61,160,301.91,160,IBM
2025-12-23,9:39:00.904532544,T,301.61,160,302.24,40,IBM
2025-12-23,9:39:00.904537550,T,301.61,160,302.09,160,IBM
2025-12-23,9:39:02.613220243,T,301.63,40,302.09,160,IBM
2025-12-23,9:39:05.115326600,T,301.63,80,302.09,160,IBM
2025-12-23,9:39:07.234742157,T,301.63,40,302.09,160,IBM
2025-12-23,9:39:07.234827350,T,301.69,80,302.09,160,IBM
2025-12-23,9:39:09.319349622,T,301.7,40,302.09,160,IBM
2025-12-23,9:39:11.668050904,T,301.7,80,302.09,160,IBM
2025-12-23,9:39:11.668206300,T,301.71,40,302.09,160,IBM
2025-12-23,9:39:11.668486916,T,301.7,80,302.09,160,IBM
2025-12-23,9:39:11.668486916,T,301.72,40,302.09,160,IBM
2025-12-23,9:39:11.668572124,T,301.82,40,302.09,160,IBM
2025-12-23,9:39:11.669970439,T,301.82,40,302.38,40,IBM
2025-12-23,9:39:11.669975508,T,301.82,40,302.31,160,IBM
2025-12-23,9:39:11.672586716,T,301.72,40,302.31,160,IBM
2025-12-23,9:39:11.768244392,T,301.7,40,302.31,160,IBM
2025-12-23,9:39:11.783485662,T,301.82,80,302.31,160,IBM
2025-12-23,9:39:14.288393787,T,301.83,40,302.31,160,IBM
2025-12-23,9:39:14.335410719,T,301.83,40,302.15,40,IBM
2025-12-23,9:39:14.339059343,T,301.83,40,302.31,160,IBM
2025-12-23,9:39:22.166708490,T,301.83,80,302.31,160,IBM
2025-12-23,9:39:22.374322722,T,301.83,40,302.31,160,IBM
2025-12-23,9:39:23.426457486,T,301.82,80,302.31,160,IBM
2025-12-23,9:39:25.015480289,T,301.86,120,302.31,160,IBM
2025-12-23,9:39:25.015745857,T,301.86,160,302.31,160,IBM
2025-12-23,9:39:25.016277178,T,301.99,40,302.31,160,IBM
2025-12-23,9:39:25.016437505,T,302.0,40,302.31,160,IBM
2025-12-23,9:39:25.016467883,T,301.99,40,302.31,160,IBM
2025-12-23,9:39:25.016472657,T,302.11,40,302.31,160,IBM
2025-12-23,9:39:25.016472657,T,302.11,40,302.48,40,IBM
2025-12-23,9:39:25.016477682,T,302.11,40,302.46,160,IBM
2025-12-23,9:39:25.016728312,T,302.0,40,302.46,160,IBM
2025-12-23,9:39:25.016763267,T,302.0,40,302.46,200,IBM
2025-12-23,9:39:25.016888601,T,302.0,40,302.46,160,IBM
2025-12-23,9:39:25.017079011,T,302.0,40,302.46,200,IBM
2025-12-23,9:39:25.017094147,T,302.03,40,302.46,200,IBM
2025-12-23,9:39:25.037267161,T,302.03,80,302.46,200,IBM
2025-12-23,9:39:25.327312613,T,302.03,40,302.46,200,IBM
2025-12-23,9:39:25.328119568,T,302.03,120,302.46,200,IBM
2025-12-23,9:39:25.691168811,T,302.03,120,302.46,160,IBM
2025-12-23,9:39:27.531539843,T,302.04,40,302.46,160,IBM
2025-12-23,9:39:35.545878510,T,302.03,80,302.46,160,IBM
2025-12-23,9:39:35.545908563,T,302.03,80,302.15,40,IBM
2025-12-23,9:39:35.545913781,T,301.71,160,302.15,40,IBM
2025-12-23,9:39:35.547697865,T,301.95,40,302.15,40,IBM
2025-12-23,9:39:35.547717894,T,301.95,40,302.24,40,IBM
2025-12-23,9:39:35.645966753,T,301.95,40,302.46,200,IBM
2025-12-23,9:39:36.581303471,T,301.95,40,302.25,40,IBM
2025-12-23,9:39:36.581333552,T,301.95,40,302.46,200,IBM
2025-12-23,9:39:36.590375032,T,301.95,40,302.46,160,IBM
2025-12-23,9:39:40.847669938,T,301.96,80,302.46,160,IBM
2025-12-23,9:39:44.522157245,T,301.96,80,302.3,120,IBM
2025-12-23,9:39:47.005398755,T,301.96,80,302.46,160,IBM
2025-12-23,9:39:47.005784735,T,301.96,80,302.1,120,IBM
2025-12-23,9:39:52.878234458,T,301.96,160,302.1,120,IBM
2025-12-23,9:39:56.578884105,T,301.96,80,302.1,120,IBM
2025-12-23,9:39:56.578884105,T,301.94,40,302.1,120,IBM
2025-12-23,9:39:56.578904133,T,301.94,40,301.97,80,IBM
2025-12-23,9:39:56.578924144,T,301.71,160,301.97,80,IBM
2025-12-23,9:39:56.578934184,T,301.71,160,302.1,160,IBM
2025-12-23,9:39:56.578959259,T,301.71,160,302.1,120,IBM
2025-12-23,9:39:56.578994393,T,301.71,160,302.1,160,IBM
2025-12-23,9:39:56.579234885,T,301.71,160,302.03,40,IBM
2025-12-23,9:39:56.579260024,T,301.6,40,302.03,40,IBM
2025-12-23,9:39:56.579550691,T,301.57,160,302.03,40,IBM
2025-12-23,9:39:56.579585754,T,301.57,160,302.25,40,IBM
2025-12-23,9:39:56.579650924,T,301.57,160,302.03,120,IBM
2025-12-23,9:39:56.579665980,T,301.57,160,302.25,40,IBM
2025-12-23,9:39:56.579916577,T,301.57,160,301.95,40,IBM
2025-12-23,9:39:56.579926599,T,301.57,160,301.95,80,IBM
2025-12-23,9:39:56.579996697,T,301.57,160,301.95,40,IBM
2025-12-23,9:39:56.580157117,T,301.57,160,301.95,160,IBM
2025-12-23,9:39:56.580192229,T,301.57,160,301.95,40,IBM
2025-12-23,9:39:56.679207939,T,301.57,160,302.35,40,IBM
2025-12-23,9:39:56.679794354,T,301.57,160,302.09,40,IBM
2025-12-23,9:39:56.680521062,T,301.57,160,302.09,80,IBM
2025-12-23,9:39:57.460322470,T,301.57,160,302.09,40,IBM
2025-12-23,9:39:57.460808576,T,301.57,160,302.08,40,IBM
2025-12-23,9:39:57.461555434,T,301.57,160,302.08,80,IBM
2025-12-23,9:39:57.573962983,T,301.57,160,302.08,40,IBM
2025-12-23,9:39:58.040062638,T,301.57,160,302.07,40,IBM
2025-12-23,9:39:58.040814355,T,301.57,160,302.07,80,IBM
2025-12-23,9:39:59.283186786,T,301.57,160,302.07,40,IBM
2025-12-23,9:39:59.283718141,T,301.57,160,302.06,40,IBM
2025-12-23,9:39:59.283823352,T,301.57,160,302.07,80,IBM
2025-12-23,9:39:59.283823352,T,301.57,160,301.93,40,IBM
2025-12-23,9:39:59.284214291,T,301.72,80,301.93,40,IBM
2025-12-23,9:39:59.284239502,T,301.72,80,302.1,40,IBM
2025-12-23,9:39:59.284249386,T,301.57,160,302.1,40,IBM
2025-12-23,9:39:59.284269409,T,301.57,160,301.72,80,IBM
2025-12-23,9:39:59.284294478,T,301.57,160,301.77,40,IBM
2025-12-23,9:39:59.284314515,T,301.57,160,302.07,40,IBM
2025-12-23,9:39:59.284324523,T,301.63,40,302.07,40,IBM
2025-12-23,9:39:59.284334576,T,301.63,40,302.1,40,IBM
2025-12-23,9:39:59.284344637,T,301.63,40,302.25,40,IBM
2025-12-23,9:39:59.284424792,T,301.63,40,301.93,40,IBM
2025-12-23,9:39:59.284615239,T,301.63,40,302.25,40,IBM
2025-12-23,9:39:59.284935949,T,301.57,200,302.25,40,IBM
2025-12-23,9:39:59.284935949,T,301.57,200,302.07,40,IBM
2025-12-23,9:39:59.285166539,T,301.63,40,302.07,40,IBM
2025-12-23,9:39:59.286745314,T,301.63,40,302.25,40,IBM
2025-12-23,9:39:59.288855301,T,301.64,40,302.25,40,IBM
2025-12-23,9:39:59.296077486,T,301.64,40,302.02,120,IBM
2025-12-23,9:40:02.836956841,T,301.42,160,302.02,120,IBM
2025-12-23,9:40:03.070668275,T,301.42,160,302.02,240,IBM
2025-12-23,9:40:04.607983044,T,301.66,40,302.02,240,IBM
2025-12-23,9:40:14.209144095,T,301.66,40,302.01,40,IBM
2025-12-23,9:40:14.209810752,T,301.42,160,302.01,40,IBM
2025-12-23,9:40:14.209850808,T,301.42,160,301.84,80,IBM
2025-12-23,9:40:14.209860812,T,301.42,200,301.84,80,IBM
2025-12-23,9:40:14.209865889,T,301.42,200,301.84,120,IBM
2025-12-23,9:40:14.209880912,T,301.42,200,301.84,40,IBM
2025-12-23,9:40:14.210111435,T,301.42,40,301.84,40,IBM
2025-12-23,9:40:14.210136417,T,301.37,40,301.84,40,IBM
2025-12-23,9:40:14.210587498,T,301.37,40,301.84,160,IBM
2025-12-23,9:40:14.210587498,T,301.37,40,301.84,280,IBM
2025-12-23,9:40:14.210712869,T,301.27,40,301.84,280,IBM
2025-12-23,9:40:14.310164564,T,301.27,40,301.84,240,IBM
2025-12-23,9:40:18.374078974,T,301.55,40,301.84,240,IBM
2025-12-23,9:40:20.239645126,T,301.55,40,301.84,120,IBM
2025-12-23,9:40:20.339678230,T,301.55,40,301.84,200,IBM
2025-12-23,9:40:26.496179215,T,301.55,80,301.84,200,IBM
2025-12-23,9:40:26.496961063,T,301.55,120,301.84,200,IBM
2025-12-23,9:40:26.639174623,T,301.55,120,301.84,160,IBM
2025-12-23,9:40:26.639209737,T,301.55,160,301.84,160,IBM
2025-12-23,9:40:26.639220086,T,301.55,160,301.84,80,IBM
2025-12-23,9:40:26.639225338,T,301.55,160,302.25,40,IBM
2025-12-23,9:40:26.639244865,T,301.83,80,302.25,40,IBM
2025-12-23,9:40:26.639269796,T,301.83,40,302.25,40,IBM
2025-12-23,9:40:26.639284837,T,301.73,40,302.25,40,IBM
2025-12-23,9:40:26.639305228,T,301.63,40,302.25,40,IBM
2025-12-23,9:40:26.639309974,T,301.63,40,302.06,40,IBM
2025-12-23,9:40:26.639710955,T,301.63,80,302.06,40,IBM
2025-12-23,9:40:26.639856218,T,301.63,80,302.06,120,IBM
2025-12-23,9:40:26.639901761,T,301.63,80,302.06,40,IBM
2025-12-23,9:40:26.639926456,T,301.63,80,301.94,80,IBM
2025-12-23,9:40:26.640146987,T,301.63,80,301.86,40,IBM
2025-12-23,9:40:26.640192025,T,301.63,80,301.86,120,IBM
2025-12-23,9:40:26.641730867,T,301.63,80,301.86,80,IBM
2025-12-23,9:40:26.641760762,T,301.66,40,301.86,80,IBM
2025-12-23,9:40:26.644627571,T,301.66,40,301.86,200,IBM
2025-12-23,9:40:26.644652719,T,301.63,80,301.86,200,IBM
2025-12-23,9:40:26.732336403,T,301.63,80,301.86,80,IBM
2025-12-23,9:40:26.739242884,T,301.63,40,301.86,80,IBM
2025-12-23,9:40:26.739267906,T,301.55,80,301.86,80,IBM
2025-12-23,9:40:26.741799027,T,301.55,80,301.86,200,IBM
2025-12-23,9:40:26.979128905,T,301.55,40,301.86,200,IBM
2025-12-23,9:40:26.979158967,T,301.37,40,301.86,200,IBM
2025-12-23,9:40:27.970599246,T,301.37,40,301.86,240,IBM
2025-12-23,9:40:27.970604283,T,301.37,40,301.86,160,IBM
2025-12-23,9:40:27.970614279,T,301.37,40,301.79,40,IBM
2025-12-23,9:40:27.970629415,T,301.37,40,301.79,120,IBM
2025-12-23,9:40:27.970774698,T,301.37,40,301.79,160,IBM
2025-12-23,9:40:27.970789883,T,301.37,40,301.79,80,IBM
2025-12-23,9:40:27.970814851,T,301.37,40,301.76,80,IBM
2025-12-23,9:40:27.970940141,T,301.37,40,301.76,120,IBM
2025-12-23,9:40:27.970955179,T,301.27,40,301.76,120,IBM
2025-12-23,9:40:27.970960111,T,301.27,40,301.76,40,IBM
2025-12-23,9:40:27.970985187,T,301.27,40,301.68,80,IBM
2025-12-23,9:40:27.976207805,T,301.55,40,301.68,80,IBM
2025-12-23,9:40:28.074672064,T,301.55,40,301.68,120,IBM
2025-12-23,9:40:33.861868816,T,301.55,80,301.68,120,IBM
2025-12-23,9:40:33.867883172,T,301.55,80,301.68,40,IBM
2025-12-23,9:40:33.867883172,T,301.55,80,302.02,160,IBM
2025-12-23,9:40:33.867918261,T,301.55,120,302.02,160,IBM
2025-12-23,9:40:33.867943273,T,301.61,40,302.02,160,IBM
2025-12-23,9:40:33.868895571,T,301.61,80,302.02,160,IBM
2025-12-23,9:40:33.870399199,T,301.61,80,301.84,80,IBM
2025-12-23,9:40:33.870419145,T,301.61,40,301.84,80,IBM
2025-12-23,9:40:33.872504142,T,301.55,120,301.84,80,IBM
2025-12-23,9:40:33.918714147,T,301.55,80,301.84,80,IBM
2025-12-23,9:40:34.046363078,T,301.55,80,302.02,160,IBM
2025-12-23,9:40:35.376223885,T,301.55,120,302.02,160,IBM
2025-12-23,9:40:35.383095290,T,301.55,160,302.02,160,IBM
2025-12-23,9:40:35.383155412,T,301.59,40,302.02,160,IBM
2025-12-23,9:40:35.383170388,T,301.64,40,302.02,160,IBM
2025-12-23,9:40:35.390207183,T,301.64,40,302.32,40,IBM
2025-12-23,9:40:35.390212151,T,301.64,40,302.21,200,IBM
2025-12-23,9:40:36.804243332,T,301.7,40,302.21,200,IBM
2025-12-23,9:40:44.718303299,T,301.64,40,302.21,200,IBM
2025-12-23,9:40:45.547326901,T,301.72,40,302.21,200,IBM
2025-12-23,9:40:49.709394918,T,301.72,40,302.1,40,IBM
2025-12-23,9:40:53.823669322,T,301.72,40,302.25,40,IBM
2025-12-23,9:40:56.718144693,T,301.72,40,302.35,40,IBM
2025-12-23,9:40:58.201921978,T,301.72,40,302.25,40,IBM
2025-12-23,9:40:58.205931446,T,301.72,40,302.35,40,IBM
2025-12-23,9:41:01.922829963,T,301.72,40,302.07,40,IBM
2025-12-23,9:41:01.928533499,T,301.72,40,302.07,80,IBM
2025-12-23,9:41:01.929089867,T,301.72,40,302.07,120,IBM
2025-12-23,9:41:01.929741397,T,301.41,200,302.07,120,IBM
2025-12-23,9:41:01.929806789,T,301.41,160,302.07,120,IBM
2025-12-23,9:41:01.929811631,T,301.41,160,302.07,160,IBM
2025-12-23,9:41:01.929831658,T,301.41,160,301.9,80,IBM
2025-12-23,9:41:01.929851732,T,301.41,160,301.9,120,IBM
2025-12-23,9:41:01.929971993,T,301.41,160,301.9,80,IBM
2025-12-23,9:41:01.929987013,T,301.41,160,301.9,120,IBM
2025-12-23,9:41:01.930438252,T,301.41,160,301.9,80,IBM
2025-12-23,9:41:01.930598496,T,301.41,160,301.9,120,IBM
2025-12-23,9:41:01.930603510,T,301.41,160,301.89,40,IBM
2025-12-23,9:41:01.931229914,T,301.41,160,301.9,40,IBM
2025-12-23,9:41:01.933329931,T,301.37,40,301.9,40,IBM
2025-12-23,9:41:01.934612988,T,301.37,40,302.06,120,IBM
2025-12-23,9:41:01.934828529,T,301.37,40,302.06,80,IBM
2025-12-23,9:41:01.935244554,T,301.69,80,302.06,80,IBM
2025-12-23,9:41:01.935274548,T,301.37,40,302.06,80,IBM
2025-12-23,9:41:01.935294684,T,301.37,40,301.79,40,IBM
2025-12-23,9:41:01.936026387,T,301.27,40,301.79,40,IBM
2025-12-23,9:41:01.939389332,T,301.44,40,301.79,40,IBM
2025-12-23,9:41:01.939409422,T,301.44,40,301.88,40,IBM
2025-12-23,9:41:01.958048767,T,301.44,40,302.06,80,IBM
2025-12-23,9:41:01.958424676,T,301.7,40,302.06,80,IBM
2025-12-23,9:41:01.959226592,T,301.44,40,302.06,80,IBM
2025-12-23,9:41:01.959266751,T,301.44,40,302.03,40,IBM
2025-12-23,9:41:02.080379985,T,301.44,40,302.06,40,IBM
2025-12-23,9:41:02.081176921,T,301.44,40,302.03,40,IBM
2025-12-23,9:41:02.098377807,T,301.44,40,302.03,120,IBM
2025-12-23,9:41:02.477199672,T,301.44,40,302.03,40,IBM
2025-12-23,9:41:03.059917038,T,301.37,40,302.03,40,IBM
2025-12-23,9:41:04.214906554,T,301.37,40,302.03,120,IBM
2025-12-23,9:41:04.820984361,T,301.62,40,302.03,120,IBM
2025-12-23,9:41:06.475026952,T,301.62,40,302.03,200,IBM
2025-12-23,9:41:06.475067056,T,301.62,40,302.03,160,IBM
2025-12-23,9:41:06.608173876,T,301.62,40,302.03,80,IBM
2025-12-23,9:41:11.037342629,T,301.62,40,302.03,160,IBM
2025-12-23,9:41:11.228121766,T,301.62,40,302.03,80,IBM
2025-12-23,9:41:12.455934641,T,301.62,40,302.03,120,IBM
2025-12-23,9:41:13.813090539,T,301.62,40,302.03,80,IBM
2025-12-23,9:41:16.100841886,T,301.59,40,302.03,80,IBM
2025-12-23,9:41:17.365873181,T,301.64,40,302.03,80,IBM
2025-12-23,9:41:20.052904902,T,301.64,40,302.03,120,IBM
2025-12-23,9:41:22.196923823,T,301.64,40,302.03,160,IBM
2025-12-23,9:41:22.205950640,T,301.64,40,302.01,40,IBM
2025-12-23,9:41:22.205975264,T,301.64,40,301.93,40,IBM
2025-12-23,9:41:22.205975264,T,301.59,40,301.93,40,IBM
2025-12-23,9:41:22.206005360,T,301.59,40,301.75,40,IBM
2025-12-23,9:41:22.206566768,T,301.59,40,301.75,120,IBM
2025-12-23,9:41:22.206611785,T,301.59,40,301.75,160,IBM
2025-12-23,9:41:22.206616804,T,301.59,40,301.75,200,IBM
2025-12-23,9:41:22.206827400,T,301.59,40,301.75,120,IBM
2025-12-23,9:41:22.206912600,T,301.27,40,301.75,120,IBM
2025-12-23,9:41:22.207208268,T,301.27,40,301.75,200,IBM
2025-12-23,9:41:22.207774643,T,301.27,40,301.75,160,IBM
2025-12-23,9:41:22.207909914,T,301.27,40,301.75,120,IBM
2025-12-23,9:41:22.207919977,T,301.27,40,301.75,40,IBM
2025-12-23,9:41:22.207970048,T,301.25,160,301.75,40,IBM
2025-12-23,9:41:22.208005142,T,301.25,200,301.75,40,IBM
2025-12-23,9:41:22.208300910,T,301.25,200,301.68,80,IBM
2025-12-23,9:41:22.211047442,T,301.45,40,301.68,80,IBM
2025-12-23,9:41:22.217608054,T,301.45,40,301.68,120,IBM
2025-12-23,9:41:22.582055549,T,301.45,40,301.68,160,IBM
2025-12-23,9:41:23.956462504,T,301.45,40,301.68,120,IBM
2025-12-23,9:41:27.899474130,T,301.45,40,301.68,200,IBM
2025-12-23,9:41:35.732275473,T,301.45,40,301.68,240,IBM
2025-12-23,9:41:35.732295544,T,301.45,40,301.68,160,IBM
2025-12-23,9:41:35.732310594,T,301.45,40,301.68,80,IBM
2025-12-23,9:41:35.732320596,T,301.45,40,301.68,40,IBM
2025-12-23,9:41:35.732350650,T,301.45,40,301.79,40,IBM
2025-12-23,9:41:35.732681411,T,301.45,40,301.68,80,IBM
2025-12-23,9:41:35.732691470,T,301.45,40,301.68,160,IBM
2025-12-23,9:41:35.732846809,T,301.45,40,301.68,80,IBM
2025-12-23,9:41:35.732851924,T,301.45,40,301.79,40,IBM
2025-12-23,9:41:35.733227763,T,301.45,40,301.75,80,IBM
2025-12-23,9:41:35.733227763,T,301.45,40,301.75,160,IBM
2025-12-23,9:41:35.733242802,T,301.45,40,301.75,80,IBM
2025-12-23,9:41:35.733242802,T,301.45,40,301.79,40,IBM
2025-12-23,9:41:35.733618736,T,301.45,40,301.68,80,IBM
2025-12-23,9:41:35.733618736,T,301.45,40,301.68,160,IBM
2025-12-23,9:41:35.738655666,T,301.45,40,301.68,80,IBM
2025-12-23,9:41:35.738660672,T,301.45,40,301.79,40,IBM
2025-12-23,9:41:35.739036621,T,301.45,40,301.58,80,IBM
2025-12-23,9:41:35.739036621,T,301.45,40,301.58,160,IBM
2025-12-23,9:41:35.819959436,T,301.21,40,301.58,160,IBM
2025-12-23,9:41:35.820234872,T,301.21,40,301.53,40,IBM
2025-12-23,9:41:35.820756119,T,301.21,40,301.53,120,IBM
2025-12-23,9:41:35.820761146,T,301.21,40,301.53,200,IBM
2025-12-23,9:41:35.823663007,T,301.21,40,301.53,160,IBM
2025-12-23,9:41:35.832509099,T,301.27,40,301.53,160,IBM
2025-12-23,9:41:35.836538683,T,301.27,40,301.53,240,IBM
2025-12-23,9:41:38.577067767,T,301.21,40,301.53,240,IBM
2025-12-23,9:41:39.432098132,T,301.29,40,301.53,240,IBM
2025-12-23,9:41:39.861585597,T,301.29,80,301.53,240,IBM
2025-12-23,9:41:40.021716821,T,301.29,120,301.53,240,IBM
2025-12-23,9:41:41.567827416,T,301.29,80,301.53,240,IBM
2025-12-23,9:41:41.568634368,T,301.29,80,301.53,280,IBM
2025-12-23,9:41:50.093949464,T,301.29,80,301.53,160,IBM
2025-12-23,9:41:54.361012477,T,301.29,80,301.53,360,IBM
2025-12-23,9:41:54.500905397,T,301.29,40,301.53,360,IBM
2025-12-23,9:41:54.501612156,T,301.29,40,301.41,40,IBM
2025-12-23,9:41:54.502003092,T,301.29,40,301.53,200,IBM
2025-12-23,9:41:54.502358899,T,301.29,40,301.41,80,IBM
2025-12-23,9:41:54.502358899,T,301.29,40,301.41,160,IBM
2025-12-23,9:41:54.504148191,T,301.29,40,301.41,80,IBM
2025-12-23,9:41:54.504173360,T,301.29,40,301.68,40,IBM
2025-12-23,9:41:54.504203388,T,301.29,80,301.68,40,IBM
2025-12-23,9:41:54.504208255,T,301.29,40,301.68,40,IBM
2025-12-23,9:41:54.504218379,T,301.32,40,301.68,40,IBM
2025-12-23,9:41:54.504233384,T,301.35,40,301.68,40,IBM
2025-12-23,9:41:54.504243414,T,301.35,80,301.68,40,IBM
2025-12-23,9:41:54.504263482,T,301.35,40,301.68,40,IBM
2025-12-23,9:41:54.504348678,T,301.29,80,301.68,40,IBM
2025-12-23,9:41:54.504418821,T,301.29,40,301.68,40,IBM
2025-12-23,9:41:54.504524015,T,301.29,40,301.44,40,IBM
2025-12-23,9:41:54.504574219,T,301.29,40,301.53,40,IBM
2025-12-23,9:41:54.504579151,T,301.29,40,301.44,40,IBM
2025-12-23,9:41:54.504619481,T,301.29,40,301.68,40,IBM
2025-12-23,9:41:54.504639292,T,301.29,80,301.68,40,IBM
2025-12-23,9:41:54.504874865,T,301.29,40,301.68,40,IBM
2025-12-23,9:41:54.509571047,T,301.29,40,301.44,80,IBM
2025-12-23,9:41:54.509586074,T,301.29,40,301.44,160,IBM
2025-12-23,9:41:55.756920582,T,301.29,40,301.44,80,IBM
2025-12-23,9:41:55.756920582,T,301.29,40,301.68,40,IBM
2025-12-23,9:41:55.757311443,T,301.29,40,301.42,80,IBM
2025-12-23,9:41:55.757316565,T,301.29,40,301.42,160,IBM
2025-12-23,9:41:55.981334873,T,301.21,40,301.42,160,IBM
2025-12-23,9:41:57.476358729,T,301.31,40,301.42,160,IBM
2025-12-23,9:41:57.676961249,T,301.31,40,301.42,80,IBM
2025-12-23,9:41:57.676961249,T,301.31,40,301.57,40,IBM
2025-12-23,9:41:57.677106822,T,301.31,40,301.56,80,IBM
2025-12-23,9:41:57.677267283,T,301.31,80,301.56,80,IBM
2025-12-23,9:41:57.677302034,T,301.31,80,301.42,40,IBM
2025-12-23,9:41:57.677307098,T,301.34,40,301.42,40,IBM
2025-12-23,9:41:57.677307098,T,301.31,40,301.42,40,IBM
2025-12-23,9:41:57.677357444,T,301.31,40,301.56,80,IBM
2025-12-23,9:41:57.677367262,T,301.31,40,301.42,40,IBM
2025-12-23,9:41:57.677377201,T,301.31,40,301.56,80,IBM
2025-12-23,9:41:57.677382287,T,301.31,40,301.56,40,IBM
2025-12-23,9:41:57.677407289,T,301.31,40,301.56,80,IBM
2025-12-23,9:41:57.677432586,T,301.31,40,301.56,40,IBM
2025-12-23,9:41:57.677437393,T,301.31,40,301.56,80,IBM
2025-12-23,9:41:57.677437393,T,301.31,40,301.56,40,IBM
2025-12-23,9:41:57.677522597,T,301.31,40,301.42,160,IBM
2025-12-23,9:41:57.677582756,T,301.31,40,301.42,240,IBM
2025-12-23,9:41:57.677953590,T,301.31,40,301.42,80,IBM
2025-12-23,9:41:57.678214221,T,301.31,40,301.56,40,IBM
2025-12-23,9:41:57.678234341,T,301.31,40,301.41,80,IBM
2025-12-23,9:41:57.682354117,T,301.31,40,301.41,160,IBM
2025-12-23,9:41:57.682384186,T,301.31,40,301.41,240,IBM
2025-12-23,9:41:57.696116988,T,301.31,40,301.41,160,IBM
2025-12-23,9:41:57.696116988,T,301.31,40,301.41,80,IBM
2025-12-23,9:41:57.696121856,T,301.31,40,301.56,80,IBM
2025-12-23,9:41:57.696141899,T,301.31,40,301.56,40,IBM
2025-12-23,9:41:57.701509664,T,301.31,40,301.56,120,IBM
2025-12-23,9:41:57.701534817,T,301.31,40,301.56,160,IBM
2025-12-23,9:41:57.767040665,T,301.31,40,301.56,80,IBM
2025-12-23,9:41:57.768834958,T,301.31,40,301.56,40,IBM
2025-12-23,9:41:57.768845059,T,301.31,40,301.57,40,IBM
2025-12-23,9:41:57.768870102,T,301.43,40,301.57,40,IBM
2025-12-23,9:41:57.768930206,T,301.43,80,301.57,40,IBM
2025-12-23,9:41:57.769151057,T,301.43,120,301.57,40,IBM
2025-12-23,9:41:57.769281122,T,301.43,160,301.57,40,IBM
2025-12-23,9:41:57.769286061,T,301.44,40,301.57,40,IBM
2025-12-23,9:41:58.884541183,T,301.45,40,301.57,40,IBM
2025-12-23,9:42:00.641403519,T,301.47,40,301.57,40,IBM
2025-12-23,9:42:02.098156246,T,301.45,40,301.57,40,IBM
2025-12-23,9:42:06.859952122,T,301.45,40,301.82,160,IBM
2025-12-23,9:42:06.859977155,T,301.46,40,301.82,160,IBM
2025-12-23,9:42:06.859982191,T,301.46,80,301.82,160,IBM
2025-12-23,9:42:06.859992355,T,301.46,40,301.82,160,IBM
2025-12-23,9:42:06.860272867,T,301.46,40,302.05,40,IBM
2025-12-23,9:42:06.860282922,T,301.46,40,302.01,160,IBM
2025-12-23,9:42:06.860368142,T,301.43,80,302.01,160,IBM
2025-12-23,9:42:06.860388130,T,301.43,120,302.01,160,IBM
2025-12-23,9:42:06.860398154,T,301.43,120,301.97,40,IBM
2025-12-23,9:42:06.860418166,T,301.43,40,301.97,40,IBM
2025-12-23,9:42:06.860443224,T,301.41,40,301.97,40,IBM
2025-12-23,9:42:06.860769097,T,301.41,40,301.82,160,IBM
2025-12-23,9:42:06.861205096,T,301.41,40,301.98,40,IBM
2025-12-23,9:42:06.864382673,T,301.21,40,301.98,40,IBM
2025-12-23,9:42:06.976735476,T,301.21,40,302.01,160,IBM
2025-12-23,9:42:09.371621423,T,301.23,160,302.01,160,IBM
2025-12-23,9:42:45.271333157,T,301.24,40,302.01,160,IBM
2025-12-23,9:42:45.432562073,T,301.23,160,302.01,160,IBM
2025-12-23,9:42:48.887331301,T,301.23,160,301.82,80,IBM
2025-12-23,9:42:58.535905177,T,301.23,160,301.82,120,IBM
2025-12-23,9:42:58.849742293,T,301.23,160,301.82,160,IBM
2025-12-23,9:43:00.389212054,T,301.23,160,301.82,120,IBM
2025-12-23,9:43:00.389242069,T,301.23,160,301.82,40,IBM
2025-12-23,9:43:00.389628080,T,301.23,160,301.8,80,IBM
2025-12-23,9:43:01.415986348,T,301.23,160,301.8,120,IBM
2025-12-23,9:43:05.224342399,T,301.23,160,301.8,80,IBM
2025-12-23,9:43:05.230266487,T,301.23,160,301.7,40,IBM
2025-12-23,9:43:05.230712850,T,301.23,160,302.01,160,IBM
2025-12-23,9:43:05.231013275,T,301.23,160,301.7,80,IBM
2025-12-23,9:43:05.982983386,T,301.23,160,301.7,280,IBM
2025-12-23,9:43:14.664204852,T,301.23,160,301.7,200,IBM
2025-12-23,9:43:16.280432361,T,301.23,160,302.01,160,IBM
2025-12-23,9:43:16.358182477,T,301.23,160,301.85,40,IBM
2025-12-23,9:43:17.133167451,T,301.23,160,301.7,40,IBM
2025-12-23,9:43:22.446070028,T,301.23,160,301.7,120,IBM
2025-12-23,9:43:27.743375586,T,301.23,160,301.7,200,IBM
2025-12-23,9:43:38.172913487,T,301.23,160,301.7,160,IBM
2025-12-23,9:43:38.172913487,T,301.23,160,301.7,80,IBM
2025-12-23,9:43:38.172933595,T,301.23,160,302.01,160,IBM
2025-12-23,9:43:38.172963781,T,301.6,40,302.01,160,IBM
2025-12-23,9:43:38.173048865,T,301.6,80,302.01,160,IBM
2025-12-23,9:43:38.173920916,T,301.6,120,302.01,160,IBM
2025-12-23,9:43:38.174251736,T,301.6,80,302.01,160,IBM
2025-12-23,9:43:38.174256761,T,301.6,80,301.79,80,IBM
2025-12-23,9:43:38.174276779,T,301.6,40,301.79,80,IBM
2025-12-23,9:43:38.174286812,T,301.6,40,302.01,160,IBM
2025-12-23,9:43:38.174291912,T,301.6,40,301.79,120,IBM
2025-12-23,9:43:38.174321913,T,301.65,40,301.79,120,IBM
2025-12-23,9:43:38.174331872,T,301.65,40,301.79,80,IBM
2025-12-23,9:43:38.174336964,T,301.65,40,301.79,40,IBM
2025-12-23,9:43:38.174336964,T,301.65,40,302.01,160,IBM
2025-12-23,9:43:38.174361998,T,301.69,40,302.01,160,IBM
2025-12-23,9:43:38.178316452,T,301.69,40,301.9,80,IBM
2025-12-23,9:43:38.178326370,T,301.69,40,301.9,160,IBM
2025-12-23,9:43:38.178531930,T,301.52,40,301.9,160,IBM
2025-12-23,9:43:38.195542434,T,301.52,80,301.9,160,IBM
2025-12-23,9:43:38.273071916,T,301.52,40,301.9,160,IBM
2025-12-23,9:43:38.273638320,T,301.33,40,301.9,160,IBM
2025-12-23,9:43:38.308310897,T,301.33,40,301.9,80,IBM
2025-12-23,9:43:38.310355720,T,301.33,40,302.01,160,IBM
2025-12-23,9:43:38.433328450,T,301.33,40,301.9,40,IBM
2025-12-23,9:43:39.634833779,T,301.24,40,301.9,40,IBM
2025-12-23,9:43:39.635350047,T,301.24,40,301.85,40,IBM
2025-12-23,9:43:39.639369641,T,301.24,40,301.9,40,IBM
2025-12-23,9:43:44.670266034,T,301.35,160,301.9,40,IBM
2025-12-23,9:43:46.977608766,T,301.35,160,302.01,160,IBM
2025-12-23,9:43:49.602953805,T,301.35,160,301.9,80,IBM
2025-12-23,9:43:50.362181069,T,301.35,160,301.85,40,IBM
2025-12-23,9:43:57.609523600,T,301.35,160,301.85,160,IBM
2025-12-23,9:43:59.128319312,T,301.35,160,301.8,40,IBM
2025-12-23,9:43:59.128364607,T,301.35,160,301.74,40,IBM
2025-12-23,9:43:59.128705196,T,301.35,160,301.74,80,IBM
2025-12-23,9:43:59.129000919,T,301.35,160,301.74,40,IBM
2025-12-23,9:43:59.130354105,T,301.35,160,301.73,40,IBM
2025-12-23,9:43:59.130479382,T,301.35,200,301.73,40,IBM
2025-12-23,9:43:59.130494416,T,301.35,400,301.73,40,IBM
2025-12-23,9:43:59.130679840,T,301.35,400,301.74,40,IBM
2025-12-23,9:43:59.133120656,T,301.35,400,301.8,80,IBM
2025-12-23,9:43:59.133401418,T,301.35,360,301.8,80,IBM
2025-12-23,9:43:59.133401418,T,301.35,160,301.8,80,IBM
2025-12-23,9:43:59.133426380,T,301.57,240,301.8,80,IBM
2025-12-23,9:43:59.136799458,T,301.57,240,301.8,200,IBM
2025-12-23,9:44:00.944096930,T,301.57,240,301.73,40,IBM
2025-12-23,9:44:00.944843746,T,301.57,240,301.73,160,IBM
2025-12-23,9:44:00.945124404,T,301.57,240,301.73,40,IBM
2025-12-23,9:44:01.045147566,T,301.57,240,301.73,160,IBM
2025-12-23,9:44:01.045628668,T,301.57,240,301.73,120,IBM
2025-12-23,9:44:03.737216311,T,301.57,280,301.73,120,IBM
2025-12-23,9:44:07.319343620,T,301.57,280,301.73,200,IBM
2025-12-23,9:44:10.575815941,T,301.57,320,301.73,200,IBM
2025-12-23,9:44:10.576236979,T,301.57,360,301.73,200,IBM
2025-12-23,9:44:15.053139447,T,301.57,360,301.73,280,IBM
2025-12-23,9:44:15.906836775,T,301.57,320,301.73,280,IBM
2025-12-23,9:44:15.906906947,T,301.57,280,301.73,280,IBM
2025-12-23,9:44:17.608683106,T,301.57,280,301.73,200,IBM
2025-12-23,9:44:17.609044081,T,301.57,280,301.73,120,IBM
2025-12-23,9:44:17.609054060,T,301.57,280,301.73,80,IBM
2025-12-23,9:44:17.609054060,T,301.57,280,301.85,40,IBM
2025-12-23,9:44:17.609069062,T,301.57,280,302.01,160,IBM
2025-12-23,9:44:17.609084105,T,301.57,320,302.01,160,IBM
2025-12-23,9:44:17.609089165,T,301.57,80,302.01,160,IBM
2025-12-23,9:44:17.609094528,T,301.6,40,302.01,160,IBM
2025-12-23,9:44:17.609094528,T,301.65,40,302.01,160,IBM
2025-12-23,9:44:17.609114210,T,301.72,240,302.01,160,IBM
2025-12-23,9:44:17.609495054,T,301.73,240,302.01,160,IBM
2025-12-23,9:44:17.610657801,T,301.73,240,301.9,80,IBM
2025-12-23,9:44:17.614451892,T,301.73,240,301.9,160,IBM
2025-12-23,9:44:17.890674497,T,301.73,240,301.9,80,IBM
2025-12-23,9:44:17.892649159,T,301.73,240,302.01,160,IBM
2025-12-23,9:44:18.240953313,T,301.73,320,302.01,160,IBM
2025-12-23,9:44:18.241750165,T,301.73,320,301.9,80,IBM
2025-12-23,9:44:18.739790773,T,301.73,80,301.9,80,IBM
2025-12-23,9:44:18.739795773,T,301.61,40,301.9,80,IBM
2025-12-23,9:44:18.739811051,T,301.61,40,301.73,80,IBM
2025-12-23,9:44:18.739815859,T,301.35,160,301.73,80,IBM
2025-12-23,9:44:18.739850888,T,301.35,160,301.78,80,IBM
2025-12-23,9:44:18.740131642,T,301.35,160,301.76,40,IBM
2025-12-23,9:44:18.740517532,T,301.35,160,301.85,40,IBM
2025-12-23,9:44:18.744271485,T,301.35,160,302.01,160,IBM
2025-12-23,9:44:20.053132161,T,301.35,160,301.78,80,IBM
2025-12-23,9:44:27.274693656,T,301.47,40,301.78,80,IBM
2025-12-23,9:44:28.906658724,T,301.35,160,301.78,80,IBM
2025-12-23,9:44:37.466716595,T,301.35,160,301.78,200,IBM
2025-12-23,9:44:42.541687834,T,301.35,160,301.78,320,IBM
2025-12-23,9:44:44.862166753,T,301.61,40,301.78,320,IBM
2025-12-23,9:44:49.659717731,T,301.61,80,301.78,320,IBM
2025-12-23,9:44:51.446651547,T,301.61,80,301.78,240,IBM
2025-12-23,9:44:51.446651547,T,301.61,80,301.78,120,IBM
2025-12-23,9:44:51.446656566,T,301.61,80,301.78,80,IBM
2025-12-23,9:44:51.446692325,T,301.61,80,302.01,160,IBM
2025-12-23,9:44:51.446721683,T,301.62,40,302.01,160,IBM
2025-12-23,9:44:51.446752156,T,301.69,40,302.01,160,IBM
2025-12-23,9:44:51.447213082,T,301.69,40,301.84,40,IBM
2025-12-23,9:44:51.447213082,T,301.61,80,301.84,40,IBM
2025-12-23,9:44:51.447237930,T,301.61,80,301.83,40,IBM
2025-12-23,9:44:51.447237930,T,301.61,80,301.78,40,IBM
2025-12-23,9:44:51.447298077,T,301.61,80,301.78,80,IBM
2025-12-23,9:44:51.447749217,T,301.61,80,301.78,120,IBM
2025-12-23,9:44:51.451813828,T,301.61,80,301.78,80,IBM
2025-12-23,9:44:51.452044467,T,301.61,80,301.78,160,IBM
2025-12-23,9:44:51.452159628,T,301.61,80,301.78,240,IBM
2025-12-23,9:44:51.461737480,T,301.61,40,301.78,240,IBM
2025-12-23,9:44:51.514583317,T,301.61,40,301.78,160,IBM
2025-12-23,9:44:51.515004358,T,301.61,80,301.78,160,IBM
2025-12-23,9:44:51.516553007,T,301.61,80,301.78,80,IBM
2025-12-23,9:44:52.605936376,T,301.61,40,301.78,80,IBM
2025-12-23,9:45:00.716002918,T,301.61,40,301.78,40,IBM
2025-12-23,9:45:00.716012996,T,301.61,40,302.01,160,IBM
2025-12-23,9:45:00.716063111,T,301.63,40,302.01,160,IBM
2025-12-23,9:45:00.716098145,T,301.62,40,302.01,160,IBM
2025-12-23,9:45:00.716098145,T,301.7,40,302.01,160,IBM
2025-12-23,9:45:00.716208348,T,301.62,40,302.01,160,IBM
2025-12-23,9:45:00.716313665,T,301.7,40,302.01,160,IBM
2025-12-23,9:45:00.716348733,T,301.63,40,302.01,160,IBM
2025-12-23,9:45:00.716348733,T,301.69,40,302.01,160,IBM
2025-12-23,9:45:00.716604334,T,301.76,40,302.01,160,IBM
2025-12-23,9:45:00.716684486,T,301.76,40,302.01,240,IBM
2025-12-23,9:45:00.716890079,T,301.76,40,302.01,280,IBM
2025-12-23,9:45:00.716910212,T,301.76,40,302.01,360,IBM
2025-12-23,9:45:00.720749182,T,301.76,40,302.01,200,IBM
2025-12-23,9:45:00.720779337,T,301.77,40,302.01,200,IBM
2025-12-23,9:45:00.721024926,T,301.76,40,302.01,200,IBM
2025-12-23,9:45:00.723044648,T,301.63,40,302.01,200,IBM
2025-12-23,9:45:00.730988589,T,301.61,40,302.01,200,IBM
2025-12-23,9:45:00.830320139,T,301.62,40,302.01,200,IBM
2025-12-23,9:45:00.830325144,T,301.78,40,302.01,200,IBM
2025-12-23,9:45:00.830355643,T,301.62,40,302.01,200,IBM
2025-12-23,9:45:00.830360192,T,301.83,40,302.01,200,IBM
2025-12-23,9:45:00.830861385,T,301.83,40,302.0,40,IBM
2025-12-23,9:45:00.830886410,T,301.83,40,302.0,120,IBM
2025-12-23,9:45:00.830911463,T,301.83,40,302.0,240,IBM
2025-12-23,9:45:00.831422706,T,301.62,40,302.0,240,IBM
2025-12-23,9:45:00.834740651,T,301.61,40,302.0,240,IBM
2025-12-23,9:45:00.933916787,T,301.62,40,302.0,240,IBM
2025-12-23,9:45:01.051236072,T,301.61,40,302.0,240,IBM
2025-12-23,9:45:01.051456595,T,301.62,40,302.0,240,IBM
2025-12-23,9:45:01.054398549,T,301.62,80,302.0,240,IBM
2025-12-23,9:45:01.587101665,T,301.62,40,302.0,240,IBM
2025-12-23,9:45:01.689079414,T,301.62,80,302.0,240,IBM
2025-12-23,9:45:01.789703895,T,301.62,40,302.0,240,IBM
2025-12-23,9:45:03.092029174,T,301.62,40,302.0,200,IBM
2025-12-23,9:45:04.090882074,T,301.62,40,302.0,280,IBM
2025-12-23,9:45:06.841284582,T,301.62,80,302.0,280,IBM
2025-12-23,9:45:07.190631154,T,301.62,120,302.0,280,IBM
2025-12-23,9:45:07.190656319,T,301.62,80,302.0,280,IBM
2025-12-23,9:45:07.190656319,T,301.62,120,302.0,280,IBM
2025-12-23,9:45:07.190676346,T,301.62,80,302.0,280,IBM
2025-12-23,9:45:07.194615658,T,301.62,40,302.0,280,IBM
2025-12-23,9:45:08.327467521,T,301.62,80,302.0,280,IBM
2025-12-23,9:45:08.622244282,T,301.62,40,302.0,280,IBM
2025-12-23,9:45:11.510519945,T,301.62,40,301.99,80,IBM
2025-12-23,9:45:11.510545063,T,301.62,40,301.99,200,IBM
2025-12-23,9:45:11.559892484,T,301.62,40,301.99,80,IBM
2025-12-23,9:45:11.559892484,T,301.62,40,301.98,80,IBM
2025-12-23,9:45:11.559897627,T,301.62,40,301.98,120,IBM
2025-12-23,9:45:11.559917612,T,301.62,40,301.98,240,IBM
2025-12-23,9:45:11.574772956,T,301.62,40,301.98,120,IBM
2025-12-23,9:45:11.574772956,T,301.62,40,301.97,80,IBM
2025-12-23,9:45:11.574793025,T,301.62,40,301.97,200,IBM
2025-12-23,9:45:11.623584057,T,301.35,160,301.97,200,IBM
2025-12-23,9:45:11.625764343,T,301.69,120,301.97,200,IBM
2025-12-23,9:45:11.655369764,T,301.69,120,301.97,80,IBM
2025-12-23,9:45:11.655374828,T,301.69,120,301.96,80,IBM
2025-12-23,9:45:11.655394823,T,301.69,120,301.96,200,IBM
2025-12-23,9:45:11.732363088,T,301.69,120,301.96,80,IBM
2025-12-23,9:45:11.732368101,T,301.69,120,301.95,80,IBM
2025-12-23,9:45:11.732388072,T,301.69,120,301.95,200,IBM
2025-12-23,9:45:11.813716749,T,301.69,120,301.95,80,IBM
2025-12-23,9:45:11.813716749,T,301.69,120,301.94,80,IBM
2025-12-23,9:45:11.813736781,T,301.69,120,301.94,200,IBM
2025-12-23,9:45:11.819716029,T,301.69,120,301.94,80,IBM
2025-12-23,9:45:11.819716029,T,301.69,120,301.93,80,IBM
2025-12-23,9:45:11.819725996,T,301.69,120,301.93,120,IBM
2025-12-23,9:45:11.819735977,T,301.69,120,301.93,240,IBM
2025-12-23,9:45:11.827865443,T,301.69,120,301.93,120,IBM
2025-12-23,9:45:11.827870452,T,301.69,120,301.78,80,IBM
2025-12-23,9:45:11.827890467,T,301.69,120,301.78,200,IBM
2025-12-23,9:45:11.841106847,T,301.69,120,301.78,80,IBM
2025-12-23,9:45:11.841106847,T,301.69,120,301.77,80,IBM
2025-12-23,9:45:11.841126950,T,301.69,120,301.77,200,IBM
2025-12-23,9:45:11.919428332,T,301.69,120,301.77,80,IBM
2025-12-23,9:45:11.919428332,T,301.69,120,301.76,80,IBM
2025-12-23,9:45:11.919448427,T,301.69,120,301.76,200,IBM
2025-12-23,9:45:11.998055524,T,301.69,120,301.76,80,IBM
2025-12-23,9:45:11.998055524,T,301.69,120,301.75,80,IBM
2025-12-23,9:45:11.998075546,T,301.69,120,301.75,200,IBM
2025-12-23,9:45:12.075635207,T,301.69,120,301.75,80,IBM
2025-12-23,9:45:12.075640164,T,301.69,120,301.74,80,IBM
2025-12-23,9:45:12.075660334,T,301.69,120,301.74,200,IBM
2025-12-23,9:45:12.075690365,T,301.69,80,301.74,200,IBM
2025-12-23,9:45:12.076366953,T,301.69,80,301.74,120,IBM
2025-12-23,9:45:12.076366953,T,301.69,80,301.86,40,IBM
2025-12-23,9:45:12.076401993,T,301.69,80,301.93,40,IBM
2025-12-23,9:45:12.095497532,T,301.69,80,301.93,120,IBM
2025-12-23,9:45:12.188579095,T,301.69,80,301.93,80,IBM
2025-12-23,9:45:12.387377372,T,301.69,80,301.92,40,IBM
2025-12-23,9:45:15.245501251,T,301.69,80,301.93,80,IBM
2025-12-23,9:45:15.245526274,T,301.69,80,301.93,40,IBM
2025-12-23,9:45:19.335944007,T,301.69,80,301.93,80,IBM
2025-12-23,9:45:19.739339305,T,301.69,80,301.93,40,IBM
2025-12-23,9:45:20.720354531,T,301.69,80,301.92,80,IBM
2025-12-23,9:45:20.946016761,T,301.69,40,301.92,80,IBM
2025-12-23,9:45:20.946016761,T,301.49,40,301.92,80,IBM
2025-12-23,9:45:20.946046788,T,301.49,40,301.81,40,IBM
2025-12-23,9:45:20.946091824,T,301.49,40,301.8,40,IBM
2025-12-23,9:45:20.946262246,T,301.48,160,301.8,40,IBM
2025-12-23,9:45:20.946297329,T,301.48,200,301.8,40,IBM
2025-12-23,9:45:20.946698336,T,301.48,160,301.8,40,IBM
2025-12-23,9:45:20.946888829,T,301.48,160,301.81,80,IBM
2025-12-23,9:45:20.946893730,T,301.48,160,301.69,40,IBM
2025-12-23,9:45:20.946923867,T,301.48,160,301.69,80,IBM
2025-12-23,9:45:20.946938813,T,301.48,160,301.69,40,IBM
2025-12-23,9:45:20.947214456,T,301.48,160,301.81,80,IBM
2025-12-23,9:45:20.949038801,T,301.33,40,301.81,80,IBM
2025-12-23,9:45:20.949063932,T,301.28,160,301.81,80,IBM
2025-12-23,9:45:20.949098959,T,301.28,200,301.81,80,IBM
2025-12-23,9:45:20.949164140,T,301.28,200,301.81,40,IBM
2025-12-23,9:45:20.949184157,T,301.28,200,301.91,40,IBM
2025-12-23,9:45:21.046525908,T,301.28,200,301.92,80,IBM
2025-12-23,9:45:22.267161703,T,301.28,200,301.81,80,IBM
2025-12-23,9:45:22.347392716,T,301.28,40,301.81,80,IBM
2025-12-23,9:45:22.347397740,T,301.39,160,301.81,80,IBM
2025-12-23,9:45:26.454334722,T,301.39,160,301.81,120,IBM
2025-12-23,9:45:27.324340894,T,301.39,160,301.81,160,IBM
2025-12-23,9:45:28.318702975,T,301.39,160,301.81,120,IBM
2025-12-23,9:45:31.672687357,T,301.39,160,301.81,160,IBM
2025-12-23,9:45:38.463097192,T,301.58,40,301.81,160,IBM
2025-12-23,9:45:42.281727878,T,301.58,40,301.81,280,IBM
2025-12-23,9:45:49.260902310,T,301.39,160,301.81,280,IBM
2025-12-23,9:45:50.893844551,T,301.39,160,301.72,40,IBM
2025-12-23,9:45:50.894591350,T,301.39,160,301.72,120,IBM
2025-12-23,9:45:50.894596308,T,301.39,160,301.72,240,IBM
2025-12-23,9:45:50.894606342,T,301.39,160,301.72,280,IBM
2025-12-23,9:45:50.895182786,T,301.39,160,301.72,240,IBM
2025-12-23,9:45:50.895653811,T,301.39,160,301.72,320,IBM
2025-12-23,9:45:51.783071381,T,301.39,160,301.72,240,IBM
2025-12-23,9:45:51.785111267,T,301.39,160,301.72,160,IBM
2025-12-23,9:45:52.058898001,T,301.39,160,301.72,280,IBM
2025-12-23,9:45:52.336273213,T,301.39,160,301.72,160,IBM
2025-12-23,9:45:52.611182618,T,301.39,160,301.72,240,IBM
2025-12-23,9:45:52.899945186,T,301.39,160,301.72,120,IBM
2025-12-23,9:45:53.176182713,T,301.39,160,301.72,240,IBM
2025-12-23,9:45:56.364262266,T,301.39,160,301.72,280,IBM
2025-12-23,9:45:56.832827760,T,301.39,160,301.72,200,IBM
2025-12-23,9:45:57.141176840,T,301.39,160,301.72,320,IBM
2025-12-23,9:45:59.552281609,T,301.39,160,301.7,40,IBM
2025-12-23,9:45:59.552306617,T,301.39,160,301.72,360,IBM
2025-12-23,9:45:59.552311531,T,301.39,160,301.61,40,IBM
2025-12-23,9:45:59.552928048,T,301.39,160,301.53,120,IBM
2025-12-23,9:45:59.552933056,T,301.39,160,301.53,240,IBM
2025-12-23,9:45:59.553885278,T,301.21,40,301.53,240,IBM
2025-12-23,9:45:59.571707735,T,301.21,40,301.53,120,IBM
2025-12-23,9:45:59.571707735,T,301.21,40,301.53,80,IBM
2025-12-23,9:45:59.571727747,T,301.21,40,301.53,40,IBM
2025-12-23,9:45:59.571762852,T,301.21,40,301.9,200,IBM
2025-12-23,9:45:59.571787961,T,301.21,40,301.9,240,IBM
2025-12-23,9:45:59.572274202,T,301.45,40,301.9,240,IBM
2025-12-23,9:45:59.572529722,T,301.45,40,301.71,40,IBM
2025-12-23,9:45:59.572935590,T,301.36,40,301.71,40,IBM
2025-12-23,9:45:59.572940658,T,301.22,40,301.71,40,IBM
2025-12-23,9:45:59.572965738,T,301.21,40,301.71,40,IBM
2025-12-23,9:45:59.577090499,T,301.21,40,301.71,80,IBM
2025-12-23,9:45:59.577145722,T,301.21,40,301.71,120,IBM
2025-12-23,9:45:59.687533501,T,301.21,40,301.71,80,IBM
2025-12-23,9:45:59.688335333,T,301.21,40,301.71,200,IBM
2025-12-23,9:45:59.689578353,T,301.21,40,301.71,160,IBM
2025-12-23,9:46:01.502388602,T,301.21,40,301.71,120,IBM
2025-12-23,9:46:06.249023278,T,301.22,40,301.71,120,IBM
2025-12-23,9:46:07.388541108,T,301.3,160,301.71,120,IBM
2025-12-23,9:46:09.390972957,T,301.46,40,301.71,120,IBM
2025-12-23,9:46:09.390988043,T,301.46,40,301.71,80,IBM
2025-12-23,9:46:09.391003045,T,301.46,40,301.9,200,IBM
2025-12-23,9:46:09.391028119,T,301.56,40,301.9,200,IBM
2025-12-23,9:46:09.391033122,T,301.58,40,301.9,200,IBM
2025-12-23,9:46:09.391278679,T,301.58,40,301.9,280,IBM
2025-12-23,9:46:09.398480847,T,301.58,40,301.9,80,IBM
2025-12-23,9:46:10.488716176,T,301.63,40,301.9,80,IBM
2025-12-23,9:46:10.488751289,T,301.66,40,301.9,80,IBM
2025-12-23,9:46:10.492926240,T,301.63,40,301.9,80,IBM
2025-12-23,9:46:10.492951315,T,301.3,200,301.9,80,IBM
2025-12-23,9:46:10.492976412,T,301.3,160,301.9,80,IBM
2025-12-23,9:46:11.319012816,T,301.21,80,301.9,80,IBM
2025-12-23,9:46:11.319022826,T,301.4,160,301.9,80,IBM
2025-12-23,9:46:12.411508543,T,301.4,160,301.82,80,IBM
2025-12-23,9:46:12.411553610,T,301.4,160,301.82,160,IBM
2025-12-23,9:46:12.412054866,T,301.4,160,301.82,200,IBM
2025-12-23,9:46:14.102519245,T,301.46,40,301.82,200,IBM
2025-12-23,9:46:20.431921562,T,301.46,40,301.82,160,IBM
2025-12-23,9:46:22.281564953,T,301.46,40,301.82,280,IBM
2025-12-23,9:46:22.281815535,T,301.46,40,301.82,320,IBM
2025-12-23,9:46:22.281830565,T,301.46,40,301.82,240,IBM
2025-12-23,9:46:22.281840614,T,301.46,40,301.82,200,IBM
2025-12-23,9:46:22.281840614,T,301.46,40,301.82,240,IBM
2025-12-23,9:46:22.281855699,T,301.46,40,301.69,80,IBM
2025-12-23,9:46:22.282622494,T,301.46,40,301.69,160,IBM
