DATE,TIME_M,EX,BID,BIDSIZ,ASK,ASKSIZ,SYM_ROOT
2025-12-17,9:30:00.261114647,T,300.71,40,305.86,40,IBM
2025-12-17,9:30:00.263445245,T,301.0,40,305.86,40,IBM
2025-12-17,9:30:01.022176622,T,301.0,40,304.91,120,IBM
2025-12-17,9:30:01.191675105,T,301.0,40,305.86,40,IBM
2025-12-17,9:30:01.249583007,T,301.11,40,305.86,40,IBM
2025-12-17,9:30:01.249808494,T,301.0,40,305.86,40,IBM
2025-12-17,9:30:01.249833540,T,301.0,40,305.4,80,IBM
2025-12-17,9:30:01.249833540,T,301.0,40,305.4,120,IBM
2025-12-17,9:30:01.259316085,T,301.11,40,305.4,120,IBM
2025-12-17,9:30:01.259341183,T,301.11,40,305.4,80,IBM
2025-12-17,9:30:01.269866248,T,301.11,40,305.86,40,IBM
2025-12-17,9:30:01.568948251,T,301.11,40,307.0,40,IBM
2025-12-17,9:30:01.614531798,T,301.0,40,307.0,40,IBM
2025-12-17,9:30:01.614556798,T,301.0,40,306.15,40,IBM
2025-12-17,9:30:01.614581835,T,301.0,40,305.05,40,IBM
2025-12-17,9:30:01.714564926,T,301.0,40,306.15,40,IBM
2025-12-17,9:30:01.831663724,T,301.0,40,307.0,40,IBM
2025-12-17,9:30:02.029008555,T,301.0,40,306.15,40,IBM
2025-12-17,9:30:02.033083258,T,301.0,40,307.0,40,IBM
2025-12-17,9:30:02.173106550,T,301.0,40,303.8,40,IBM
2025-12-17,9:30:03.055682555,T,301.11,40,303.8,40,IBM
2025-12-17,9:30:12.048515784,T,301.33,40,303.8,40,IBM
2025-12-17,9:30:19.144679006,T,301.33,40,306.84,120,IBM
2025-12-17,9:30:21.589559446,T,302.6,40,306.84,120,IBM
2025-12-17,9:30:21.589594362,T,303.5,40,306.84,120,IBM
2025-12-17,9:30:21.589764787,T,303.5,40,306.84,80,IBM
2025-12-17,9:30:21.589779803,T,302.6,40,306.84,80,IBM
2025-12-17,9:30:21.589784831,T,303.65,40,306.84,80,IBM
2025-12-17,9:30:21.590281067,T,303.65,80,306.84,80,IBM
2025-12-17,9:30:21.590737130,T,303.65,80,305.61,40,IBM
2025-12-17,9:30:21.591874848,T,303.65,120,305.61,40,IBM
2025-12-17,9:30:21.591884904,T,303.65,120,304.75,120,IBM
2025-12-17,9:30:21.591955098,T,303.65,120,304.75,160,IBM
2025-12-17,9:30:21.594035042,T,303.65,80,304.75,160,IBM
2025-12-17,9:30:21.594035042,T,303.94,40,304.75,160,IBM
2025-12-17,9:30:21.598229968,T,303.5,40,304.75,160,IBM
2025-12-17,9:30:21.601111797,T,301.11,40,304.75,160,IBM
2025-12-17,9:30:21.652804959,T,303.65,40,304.75,160,IBM
2025-12-17,9:30:21.653235962,T,303.65,80,304.75,160,IBM
2025-12-17,9:30:21.694830400,T,303.65,40,304.75,160,IBM
2025-12-17,9:30:21.694835034,T,303.79,40,304.75,160,IBM
2025-12-17,9:30:21.696007813,T,303.79,80,304.75,160,IBM
2025-12-17,9:30:21.709244251,T,303.79,40,304.75,160,IBM
2025-12-17,9:30:21.709244251,T,304.12,40,304.75,160,IBM
2025-12-17,9:30:21.709595136,T,303.79,40,304.75,160,IBM
2025-12-17,9:30:21.709660262,T,302.6,40,304.75,160,IBM
2025-12-17,9:30:21.710001042,T,301.33,40,304.75,160,IBM
2025-12-17,9:30:21.719593966,T,301.11,40,304.75,160,IBM
2025-12-17,9:30:23.229222859,T,301.33,40,304.75,160,IBM
2025-12-17,9:30:23.381741049,T,303.69,40,304.75,160,IBM
2025-12-17,9:30:23.381775964,T,304.19,40,304.75,160,IBM
2025-12-17,9:30:23.385840663,T,301.33,40,304.75,160,IBM
2025-12-17,9:30:23.490885750,T,303.9,40,304.75,160,IBM
2025-12-17,9:30:23.491316750,T,303.9,80,304.75,160,IBM
2025-12-17,9:30:24.951086908,T,303.9,40,304.75,160,IBM
2025-12-17,9:30:27.486688099,T,303.9,40,304.75,240,IBM
2025-12-17,9:30:43.238266832,T,302.81,40,304.75,240,IBM
2025-12-17,9:30:44.315586269,T,302.81,40,304.75,280,IBM
2025-12-17,9:30:44.315606402,T,302.81,40,304.75,240,IBM
2025-12-17,9:30:44.315631380,T,302.81,40,304.59,80,IBM
2025-12-17,9:30:44.315686520,T,302.81,40,304.75,240,IBM
2025-12-17,9:30:44.315691587,T,302.81,40,304.25,40,IBM
2025-12-17,9:30:44.315711575,T,302.81,40,303.91,40,IBM
2025-12-17,9:30:44.315741701,T,302.81,40,304.25,40,IBM
2025-12-17,9:30:44.315751700,T,302.62,40,304.25,40,IBM
2025-12-17,9:30:44.315761663,T,302.62,40,304.59,40,IBM
2025-12-17,9:30:44.315781777,T,303.22,80,304.59,40,IBM
2025-12-17,9:30:44.315877017,T,303.22,80,304.75,280,IBM
2025-12-17,9:30:44.315877017,T,303.22,80,304.25,40,IBM
2025-12-17,9:30:44.316027402,T,303.22,80,304.25,200,IBM
2025-12-17,9:30:44.316192776,T,303.22,80,304.25,120,IBM
2025-12-17,9:30:44.316523538,T,303.22,80,304.75,120,IBM
2025-12-17,9:30:44.316929439,T,303.22,80,304.25,120,IBM
2025-12-17,9:30:44.325800616,T,302.62,40,304.25,120,IBM
2025-12-17,9:30:44.566238017,T,302.62,40,304.25,160,IBM
2025-12-17,9:30:45.316198402,T,303.22,40,304.25,160,IBM
2025-12-17,9:30:47.456764127,T,303.22,40,304.25,240,IBM
2025-12-17,9:30:47.461806120,T,303.22,40,304.22,80,IBM
2025-12-17,9:30:47.462562904,T,303.22,40,304.22,200,IBM
2025-12-17,9:30:47.462773434,T,303.22,40,304.22,240,IBM
2025-12-17,9:30:50.950466198,T,303.22,40,303.96,40,IBM
2025-12-17,9:30:50.951498697,T,303.22,40,303.96,160,IBM
2025-12-17,9:30:57.460318649,T,303.22,40,303.96,240,IBM
2025-12-17,9:30:57.462318446,T,303.17,40,303.96,240,IBM
2025-12-17,9:30:57.462338447,T,303.17,40,303.96,200,IBM
2025-12-17,9:30:57.462343528,T,303.56,40,303.96,200,IBM
2025-12-17,9:30:57.782230045,T,302.62,40,303.96,200,IBM
2025-12-17,9:30:57.803786275,T,302.43,40,303.96,200,IBM
2025-12-17,9:30:58.506644531,T,302.24,40,303.96,200,IBM
2025-12-17,9:30:58.506699666,T,302.43,40,303.96,200,IBM
2025-12-17,9:30:59.141315286,T,302.24,40,303.96,200,IBM
2025-12-17,9:30:59.141375429,T,302.43,40,303.96,200,IBM
2025-12-17,9:31:00.696442387,T,303.21,160,303.96,200,IBM
2025-12-17,9:31:01.776669292,T,303.21,160,303.96,120,IBM
2025-12-17,9:31:01.776674036,T,303.21,160,304.2,1000,IBM
2025-12-17,9:31:01.776699542,T,303.95,80,304.2,1000,IBM
2025-12-17,9:31:01.776729217,T,303.61,40,304.2,1000,IBM
2025-12-17,9:31:01.776749250,T,303.21,160,304.2,1000,IBM
2025-12-17,9:31:01.776909574,T,303.68,40,304.2,1000,IBM
2025-12-17,9:31:01.777826771,T,303.21,160,304.2,1000,IBM
2025-12-17,9:31:01.777831774,T,303.96,80,304.2,1000,IBM
2025-12-17,9:31:02.037830783,T,303.21,160,304.2,1000,IBM
2025-12-17,9:31:02.635994717,T,303.21,160,304.2,680,IBM
2025-12-17,9:31:02.635999714,T,303.21,160,304.2,640,IBM
2025-12-17,9:31:02.635999714,T,303.21,160,304.2,600,IBM
2025-12-17,9:31:02.636004775,T,303.21,160,304.2,560,IBM
2025-12-17,9:31:02.636014931,T,303.21,160,304.5,40,IBM
2025-12-17,9:31:02.636039866,T,303.61,40,304.5,40,IBM
2025-12-17,9:31:02.636039866,T,303.88,40,304.5,40,IBM
2025-12-17,9:31:02.636050051,T,303.88,40,305.32,40,IBM
2025-12-17,9:31:02.636305502,T,303.88,40,304.64,80,IBM
2025-12-17,9:31:02.637057238,T,303.61,40,304.64,80,IBM
2025-12-17,9:31:02.644855839,T,303.61,40,304.64,120,IBM
2025-12-17,9:31:02.646710203,T,303.61,40,304.6,40,IBM
2025-12-17,9:31:02.646730293,T,303.21,160,304.6,40,IBM
2025-12-17,9:31:02.657195189,T,303.21,160,304.6,80,IBM
2025-12-17,9:31:02.686439767,T,303.21,160,304.6,40,IBM
2025-12-17,9:31:02.686439767,T,303.81,40,304.6,40,IBM
2025-12-17,9:31:02.687246756,T,303.21,160,304.6,40,IBM
2025-12-17,9:31:02.687868196,T,303.81,40,304.6,40,IBM
2025-12-17,9:31:02.777090646,T,303.81,40,304.6,160,IBM
2025-12-17,9:31:02.777115733,T,303.47,160,304.6,160,IBM
2025-12-17,9:31:03.142500559,T,303.47,160,304.49,80,IBM
2025-12-17,9:31:03.143272388,T,303.47,160,304.49,200,IBM
2025-12-17,9:31:03.648845879,T,303.47,160,304.47,80,IBM
2025-12-17,9:31:03.649602698,T,303.47,160,304.47,200,IBM
2025-12-17,9:31:04.720221444,T,303.47,160,304.45,80,IBM
2025-12-17,9:31:04.720978225,T,303.47,160,304.45,200,IBM
2025-12-17,9:31:05.223254165,T,303.47,160,304.44,80,IBM
2025-12-17,9:31:05.224015928,T,303.47,160,304.44,200,IBM
2025-12-17,9:31:09.681186387,T,303.47,160,304.44,120,IBM
2025-12-17,9:31:12.953135593,T,303.88,40,304.44,120,IBM
2025-12-17,9:31:12.961119631,T,303.81,40,304.44,120,IBM
2025-12-17,9:31:12.961395189,T,303.47,200,304.44,120,IBM
2025-12-17,9:31:21.221429001,T,303.47,200,304.44,160,IBM
2025-12-17,9:31:27.428721038,T,303.47,200,304.44,40,IBM
2025-12-17,9:31:27.428761138,T,303.47,200,304.2,40,IBM
2025-12-17,9:31:42.967207452,T,303.47,40,304.2,40,IBM
2025-12-17,9:31:42.967212493,T,303.61,160,304.2,40,IBM
2025-12-17,9:31:47.086283377,T,303.61,160,304.67,160,IBM
2025-12-17,9:31:47.086308452,T,303.88,40,304.67,160,IBM
2025-12-17,9:31:47.086348512,T,304.04,40,304.67,160,IBM
2025-12-17,9:31:47.086674311,T,304.2,40,304.67,160,IBM
2025-12-17,9:31:47.087280706,T,304.2,80,304.67,160,IBM
2025-12-17,9:31:47.267168997,T,304.2,80,304.67,200,IBM
2025-12-17,9:31:47.279232732,T,304.22,40,304.67,200,IBM
2025-12-17,9:31:47.279433184,T,304.22,40,304.67,40,IBM
2025-12-17,9:31:47.279458310,T,304.22,40,304.83,200,IBM
2025-12-17,9:31:47.280345365,T,304.2,80,304.83,200,IBM
2025-12-17,9:31:47.290755214,T,304.2,80,304.75,80,IBM
2025-12-17,9:31:47.296223205,T,304.2,40,304.75,80,IBM
2025-12-17,9:31:47.326059267,T,303.85,160,304.75,80,IBM
2025-12-17,9:31:48.086710018,T,303.85,160,304.75,200,IBM
2025-12-17,9:31:49.242842399,T,303.85,160,304.74,80,IBM
2025-12-17,9:31:49.243323553,T,303.85,160,304.74,200,IBM
2025-12-17,9:31:52.246026744,T,303.85,160,304.73,120,IBM
2025-12-17,9:31:55.238124556,T,303.85,160,304.72,120,IBM
2025-12-17,9:31:56.043015742,T,303.35,40,304.72,120,IBM
2025-12-17,9:31:56.043020723,T,304.0,200,304.72,120,IBM
2025-12-17,9:31:59.868287104,T,304.0,200,304.72,160,IBM
2025-12-17,9:32:04.655508611,T,304.0,200,304.46,40,IBM
2025-12-17,9:32:04.655814268,T,303.17,40,304.46,40,IBM
2025-12-17,9:32:04.655824326,T,303.79,160,304.46,40,IBM
2025-12-17,9:32:04.656270338,T,303.79,160,304.46,200,IBM
2025-12-17,9:32:08.674781872,T,303.79,160,304.46,120,IBM
2025-12-17,9:32:08.674781872,T,303.79,160,304.46,40,IBM
2025-12-17,9:32:08.674801943,T,303.79,160,305.0,160,IBM
2025-12-17,9:32:08.674806887,T,304.22,40,305.0,160,IBM
2025-12-17,9:32:08.674832021,T,304.24,40,305.0,160,IBM
2025-12-17,9:32:08.675338242,T,304.24,80,305.0,160,IBM
2025-12-17,9:32:08.685722917,T,304.24,40,305.0,160,IBM
2025-12-17,9:32:08.685742933,T,304.02,40,305.0,160,IBM
2025-12-17,9:32:08.687025993,T,304.02,40,304.75,80,IBM
2025-12-17,9:32:08.774895222,T,303.79,160,304.75,80,IBM
2025-12-17,9:32:09.675228646,T,303.79,160,304.75,200,IBM
2025-12-17,9:32:12.920915327,T,303.35,40,304.75,200,IBM
2025-12-17,9:32:12.920920396,T,303.98,200,304.75,200,IBM
2025-12-17,9:32:16.617194516,T,303.98,200,304.75,120,IBM
2025-12-17,9:32:19.236374753,T,303.98,240,304.75,120,IBM
2025-12-17,9:32:19.240223907,T,304.02,40,304.75,120,IBM
2025-12-17,9:32:19.349829839,T,303.98,200,304.75,120,IBM
2025-12-17,9:32:20.980777485,T,303.35,40,304.75,120,IBM
2025-12-17,9:32:20.980782398,T,303.62,160,304.75,120,IBM
2025-12-17,9:32:27.598832172,T,303.62,160,304.75,160,IBM
2025-12-17,9:32:33.929934220,T,303.62,160,304.75,240,IBM
2025-12-17,9:32:34.234509174,T,303.62,160,304.75,120,IBM
2025-12-17,9:32:34.234544635,T,303.68,40,304.75,120,IBM
2025-12-17,9:32:34.234549324,T,303.88,40,304.75,120,IBM
2025-12-17,9:32:34.234554370,T,303.88,40,304.38,40,IBM
2025-12-17,9:32:34.234579369,T,303.88,40,304.75,120,IBM
2025-12-17,9:32:34.234584428,T,303.68,40,304.75,120,IBM
2025-12-17,9:32:34.234704677,T,303.62,160,304.75,120,IBM
2025-12-17,9:32:34.234990403,T,303.68,40,304.75,120,IBM
2025-12-17,9:32:34.238448586,T,303.62,160,304.75,120,IBM
2025-12-17,9:32:34.255514187,T,303.88,40,304.75,120,IBM
2025-12-17,9:32:34.616212845,T,303.62,160,304.75,120,IBM
2025-12-17,9:32:35.234955717,T,303.62,160,304.75,200,IBM
2025-12-17,9:32:39.203423005,T,303.88,40,304.75,200,IBM
2025-12-17,9:32:39.204129721,T,304.07,40,304.75,200,IBM
2025-12-17,9:32:39.223951884,T,303.68,40,304.75,200,IBM
2025-12-17,9:32:39.776051252,T,304.08,40,304.75,200,IBM
2025-12-17,9:32:39.776261846,T,304.08,80,304.75,200,IBM
2025-12-17,9:32:39.788230167,T,304.08,80,304.75,120,IBM
2025-12-17,9:32:40.845051208,T,304.08,40,304.75,120,IBM
2025-12-17,9:32:40.875468593,T,304.08,80,304.75,120,IBM
2025-12-17,9:32:41.110538230,T,304.08,40,304.75,120,IBM
2025-12-17,9:32:41.604303647,T,304.09,40,304.75,120,IBM
2025-12-17,9:32:41.905701166,T,304.09,40,304.75,80,IBM
2025-12-17,9:32:41.914727602,T,303.62,160,304.75,80,IBM
2025-12-17,9:32:41.914787745,T,304.09,40,304.75,80,IBM
2025-12-17,9:32:42.342280476,T,303.62,160,304.75,80,IBM
2025-12-17,9:32:52.203110056,T,303.62,160,304.75,160,IBM
2025-12-17,9:32:58.315190435,T,303.62,160,304.75,200,IBM
2025-12-17,9:33:11.137530151,T,303.68,40,304.75,200,IBM
2025-12-17,9:33:11.138006328,T,303.62,160,304.75,200,IBM
2025-12-17,9:33:33.542116445,T,303.62,200,304.75,200,IBM
2025-12-17,9:33:34.091685123,T,303.62,40,304.75,200,IBM
2025-12-17,9:33:34.091685123,T,303.85,200,304.75,200,IBM
2025-12-17,9:33:40.456747534,T,303.85,200,304.65,80,IBM
2025-12-17,9:33:40.456782582,T,303.85,200,304.65,120,IBM
2025-12-17,9:33:40.466766336,T,303.85,200,304.65,40,IBM
2025-12-17,9:33:47.240115890,T,303.85,200,304.48,40,IBM
2025-12-17,9:33:47.240156056,T,303.85,200,304.65,80,IBM
2025-12-17,9:33:47.240171004,T,303.85,200,304.65,40,IBM
2025-12-17,9:33:51.857282547,T,303.85,200,304.6,40,IBM
2025-12-17,9:33:55.250685903,T,303.85,200,304.6,80,IBM
2025-12-17,9:33:55.250700962,T,303.85,200,304.44,40,IBM
2025-12-17,9:33:56.130354964,T,303.85,200,304.44,80,IBM
2025-12-17,9:34:02.933615746,T,303.85,200,304.44,120,IBM
2025-12-17,9:34:04.457227781,T,303.35,40,304.44,120,IBM
2025-12-17,9:34:04.457232789,T,303.64,160,304.44,120,IBM
2025-12-17,9:34:07.059176991,T,303.64,160,304.44,80,IBM
2025-12-17,9:34:09.275117224,T,303.64,160,304.44,40,IBM
2025-12-17,9:34:25.070619981,T,303.68,40,304.44,40,IBM
2025-12-17,9:34:25.252016785,T,303.68,40,304.4,40,IBM
2025-12-17,9:34:25.252778552,T,303.68,40,304.4,80,IBM
2025-12-17,9:34:31.225101257,T,303.68,40,304.4,120,IBM
2025-12-17,9:34:39.533610353,T,303.68,40,304.4,80,IBM
2025-12-17,9:34:47.173031734,T,303.88,40,304.4,80,IBM
2025-12-17,9:34:48.243334906,T,303.91,40,304.4,80,IBM
2025-12-17,9:34:50.646650994,T,303.91,40,304.4,120,IBM
2025-12-17,9:34:50.677770161,T,303.88,40,304.4,120,IBM
2025-12-17,9:34:50.677790178,T,303.88,40,304.4,160,IBM
2025-12-17,9:34:50.678226154,T,304.13,40,304.4,160,IBM
2025-12-17,9:34:50.678281301,T,304.13,80,304.4,160,IBM
2025-12-17,9:34:50.678341599,T,304.13,80,304.4,120,IBM
2025-12-17,9:34:50.678346505,T,304.13,40,304.4,120,IBM
2025-12-17,9:34:50.678351483,T,303.88,40,304.4,120,IBM
2025-12-17,9:34:50.678371527,T,304.14,80,304.4,120,IBM
2025-12-17,9:34:50.678541952,T,303.91,40,304.4,120,IBM
2025-12-17,9:34:50.678551968,T,303.88,40,304.4,120,IBM
2025-12-17,9:34:50.678602032,T,303.88,40,304.4,160,IBM
2025-12-17,9:34:50.678832607,T,303.91,40,304.4,160,IBM
2025-12-17,9:34:50.678852640,T,303.91,40,304.4,120,IBM
2025-12-17,9:34:50.678867710,T,303.88,40,304.4,120,IBM
2025-12-17,9:34:50.678887761,T,303.88,40,304.4,160,IBM
2025-12-17,9:34:50.678937846,T,303.91,40,304.4,160,IBM
2025-12-17,9:34:50.678947905,T,303.91,40,304.4,120,IBM
2025-12-17,9:34:50.678957954,T,304.13,40,304.4,120,IBM
2025-12-17,9:34:54.230522686,T,304.13,40,304.39,40,IBM
2025-12-17,9:34:54.534992549,T,304.13,40,304.39,80,IBM
2025-12-17,9:34:56.794932496,T,304.13,40,304.38,40,IBM
2025-12-17,9:34:58.077575945,T,304.13,40,304.39,40,IBM
2025-12-17,9:34:59.005525086,T,304.13,40,304.4,40,IBM
2025-12-17,9:34:59.360249513,T,304.13,40,304.45,40,IBM
2025-12-17,9:34:59.908940737,T,304.13,40,304.42,40,IBM
2025-12-17,9:35:13.622933037,T,304.13,40,304.44,40,IBM
2025-12-17,9:35:15.652980804,T,304.13,40,304.36,80,IBM
2025-12-17,9:35:17.685694917,T,304.13,40,304.36,120,IBM
2025-12-17,9:35:17.738695976,T,304.08,40,304.36,120,IBM
2025-12-17,9:35:17.738701085,T,303.88,40,304.36,120,IBM
2025-12-17,9:35:17.738731420,T,303.85,40,304.36,120,IBM
2025-12-17,9:35:17.738741172,T,303.85,40,304.36,160,IBM
2025-12-17,9:35:17.738741172,T,303.85,40,304.35,40,IBM
2025-12-17,9:35:17.738786308,T,303.85,40,304.25,40,IBM
2025-12-17,9:35:17.739227301,T,303.85,40,304.35,40,IBM
2025-12-17,9:35:17.739247387,T,303.85,40,304.25,40,IBM
2025-12-17,9:35:17.739903922,T,303.85,40,304.25,120,IBM
2025-12-17,9:35:17.965475850,T,303.81,40,304.25,120,IBM
2025-12-17,9:35:17.965475850,T,303.79,200,304.25,120,IBM
2025-12-17,9:35:19.517430460,T,303.79,200,304.25,80,IBM
2025-12-17,9:35:19.517440413,T,303.85,40,304.25,80,IBM
2025-12-17,9:35:19.517455791,T,303.85,40,304.25,40,IBM
2025-12-17,9:35:19.517455791,T,303.85,40,304.36,80,IBM
2025-12-17,9:35:19.517480537,T,304.13,40,304.36,80,IBM
2025-12-17,9:35:19.517861405,T,304.13,40,304.36,200,IBM
2025-12-17,9:35:19.517876508,T,304.02,40,304.36,200,IBM
2025-12-17,9:35:19.517906732,T,304.01,40,304.36,200,IBM
2025-12-17,9:35:19.517906732,T,304.02,40,304.36,200,IBM
2025-12-17,9:35:19.517916555,T,304.01,40,304.36,200,IBM
2025-12-17,9:35:19.519660703,T,304.02,40,304.36,200,IBM
2025-12-17,9:35:19.524186491,T,304.01,40,304.36,200,IBM
2025-12-17,9:35:19.536154976,T,304.01,40,304.36,240,IBM
2025-12-17,9:35:19.568637382,T,304.01,40,304.36,160,IBM
2025-12-17,9:35:19.568637382,T,304.01,40,304.36,80,IBM
2025-12-17,9:35:19.568647334,T,304.01,40,304.36,40,IBM
2025-12-17,9:35:19.568647334,T,304.01,40,304.45,40,IBM
2025-12-17,9:35:19.568667410,T,304.19,40,304.45,40,IBM
2025-12-17,9:35:19.579117314,T,304.02,40,304.45,40,IBM
2025-12-17,9:35:19.618019879,T,303.81,40,304.45,40,IBM
2025-12-17,9:35:19.618049998,T,303.79,200,304.45,40,IBM
2025-12-17,9:35:23.134766840,T,303.88,40,304.45,40,IBM
2025-12-17,9:35:23.154493894,T,303.91,40,304.45,40,IBM
2025-12-17,9:35:25.152184533,T,304.25,40,304.45,40,IBM
2025-12-17,9:35:25.152841075,T,304.25,40,304.67,160,IBM
2025-12-17,9:35:25.152886188,T,304.25,80,304.67,160,IBM
2025-12-17,9:35:25.152921237,T,304.26,40,304.67,160,IBM
2025-12-17,9:35:25.153537689,T,304.26,40,305.13,40,IBM
2025-12-17,9:35:25.153542695,T,304.26,40,304.83,160,IBM
2025-12-17,9:35:25.252919294,T,304.25,80,304.83,160,IBM
2025-12-17,9:35:26.152580990,T,304.25,80,304.6,40,IBM
2025-12-17,9:35:26.152601003,T,303.93,160,304.6,40,IBM
2025-12-17,9:35:35.266001361,T,303.93,160,304.6,80,IBM
2025-12-17,9:35:36.245087126,T,303.93,160,304.6,120,IBM
2025-12-17,9:35:48.510024836,T,303.93,160,304.6,80,IBM
2025-12-17,9:35:51.457822377,T,303.93,160,304.6,40,IBM
2025-12-17,9:35:53.925672243,T,304.31,40,304.6,40,IBM
2025-12-17,9:36:03.286992598,T,304.08,200,304.6,40,IBM
2025-12-17,9:36:03.287047806,T,304.08,200,304.6,80,IBM
2025-12-17,9:36:03.289789326,T,304.31,40,304.6,80,IBM
2025-12-17,9:36:03.289994750,T,304.38,40,304.6,80,IBM
2025-12-17,9:36:03.387015702,T,304.38,40,304.6,40,IBM
2025-12-17,9:36:04.802420165,T,304.4,200,304.6,40,IBM
2025-12-17,9:36:04.802791038,T,304.4,240,304.6,40,IBM
2025-12-17,9:36:05.912237218,T,304.4,200,304.6,40,IBM
2025-12-17,9:36:06.406975051,T,304.4,160,304.6,40,IBM
2025-12-17,9:36:06.406985006,T,304.4,160,304.6,80,IBM
2025-12-17,9:36:06.406990162,T,304.4,160,304.59,40,IBM
2025-12-17,9:36:06.407020094,T,304.4,120,304.59,40,IBM
2025-12-17,9:36:06.407020094,T,304.4,80,304.59,40,IBM
2025-12-17,9:36:06.407030386,T,304.4,40,304.59,40,IBM
2025-12-17,9:36:06.407030386,T,304.08,200,304.59,40,IBM
2025-12-17,9:36:06.407400945,T,304.08,200,304.51,40,IBM
2025-12-17,9:36:06.408157694,T,304.08,200,304.51,160,IBM
2025-12-17,9:36:13.425523196,T,303.64,40,304.51,160,IBM
2025-12-17,9:36:13.425533261,T,303.91,200,304.51,160,IBM
2025-12-17,9:36:15.036177490,T,304.12,40,304.51,160,IBM
2025-12-17,9:36:15.548010969,T,303.91,200,304.51,160,IBM
2025-12-17,9:36:16.271818959,T,303.91,200,304.51,200,IBM
2025-12-17,9:36:16.512055933,T,303.91,200,304.51,160,IBM
2025-12-17,9:36:16.512241350,T,303.91,200,304.47,120,IBM
2025-12-17,9:36:16.716367317,T,303.91,200,304.47,160,IBM
2025-12-17,9:36:17.712533880,T,303.91,200,304.47,120,IBM
2025-12-17,9:36:17.712719289,T,303.91,200,304.41,120,IBM
2025-12-17,9:36:17.712929832,T,303.91,200,304.41,160,IBM
2025-12-17,9:36:25.084854194,T,303.91,200,304.41,200,IBM
2025-12-17,9:36:26.314546559,T,303.91,200,304.41,240,IBM
2025-12-17,9:36:26.314551582,T,303.91,200,304.4,40,IBM
2025-12-17,9:36:26.314566620,T,303.91,200,304.4,80,IBM
2025-12-17,9:36:26.314596618,T,303.91,200,304.4,40,IBM
2025-12-17,9:36:26.314596618,T,303.91,200,304.26,40,IBM
2025-12-17,9:36:26.315042678,T,303.91,200,304.26,80,IBM
2025-12-17,9:36:26.315208138,T,303.91,200,304.26,120,IBM
2025-12-17,9:36:26.315228157,T,303.35,40,304.26,120,IBM
2025-12-17,9:36:26.315238184,T,303.76,200,304.26,120,IBM
2025-12-17,9:36:26.315438728,T,303.76,200,304.26,160,IBM
2025-12-17,9:36:26.315438728,T,303.76,200,304.23,40,IBM
2025-12-17,9:36:26.315458761,T,303.76,200,304.22,40,IBM
2025-12-17,9:36:26.315473732,T,303.76,200,304.12,40,IBM
2025-12-17,9:36:26.316110270,T,303.76,200,304.12,160,IBM
2025-12-17,9:36:26.320190046,T,303.76,200,304.12,200,IBM
2025-12-17,9:36:26.325442471,T,303.76,200,304.12,240,IBM
2025-12-17,9:36:26.325532703,T,303.35,40,304.12,240,IBM
2025-12-17,9:36:26.415572023,T,303.35,40,304.12,200,IBM
2025-12-17,9:36:26.415827672,T,303.58,160,304.12,200,IBM
2025-12-17,9:36:26.532440300,T,303.58,160,304.12,160,IBM
2025-12-17,9:36:28.130295257,T,303.58,160,304.12,120,IBM
2025-12-17,9:36:28.130299256,T,303.58,160,304.12,40,IBM
2025-12-17,9:36:28.130299256,T,303.58,160,304.41,40,IBM
2025-12-17,9:36:28.130304199,T,303.81,40,304.41,40,IBM
2025-12-17,9:36:28.130324231,T,303.96,40,304.41,40,IBM
2025-12-17,9:36:28.130464676,T,303.96,80,304.41,40,IBM
2025-12-17,9:36:28.130920693,T,304.04,40,304.41,40,IBM
2025-12-17,9:36:28.131261488,T,303.96,40,304.41,40,IBM
2025-12-17,9:36:28.131517081,T,303.96,40,304.41,80,IBM
2025-12-17,9:36:28.135386336,T,303.81,40,304.41,80,IBM
2025-12-17,9:36:28.136138133,T,303.81,80,304.41,80,IBM
2025-12-17,9:36:28.136554122,T,303.81,40,304.41,80,IBM
2025-12-17,9:36:28.201999825,T,303.81,40,304.41,40,IBM
2025-12-17,9:36:28.202485965,T,303.81,40,304.41,80,IBM
2025-12-17,9:36:28.230422516,T,303.58,160,304.41,80,IBM
2025-12-17,9:36:28.238211118,T,303.58,160,304.41,40,IBM
2025-12-17,9:36:28.373427961,T,303.55,40,304.41,40,IBM
2025-12-17,9:36:28.373433001,T,303.74,160,304.41,40,IBM
2025-12-17,9:36:29.130730846,T,303.74,160,304.41,120,IBM
2025-12-17,9:36:31.208572363,T,303.74,160,304.41,160,IBM
2025-12-17,9:36:31.461389237,T,303.74,160,304.41,120,IBM
2025-12-17,9:36:35.272140960,T,303.74,160,304.41,80,IBM
2025-12-17,9:36:35.272652155,T,303.74,160,304.39,80,IBM
2025-12-17,9:36:45.104718403,T,303.74,160,304.38,80,IBM
2025-12-17,9:36:48.823055189,T,303.74,160,304.38,120,IBM
2025-12-17,9:36:51.205361335,T,303.96,40,304.38,120,IBM
2025-12-17,9:36:52.430492851,T,303.74,160,304.38,120,IBM
2025-12-17,9:36:53.632529360,T,303.96,40,304.38,120,IBM
2025-12-17,9:36:54.234753036,T,303.96,40,304.38,80,IBM
2025-12-17,9:36:54.255642764,T,303.74,160,304.38,80,IBM
2025-12-17,9:36:54.267400839,T,303.96,40,304.38,80,IBM
2025-12-17,9:36:57.746929055,T,303.74,160,304.38,80,IBM
2025-12-17,9:37:01.075823736,T,304.1,40,304.38,80,IBM
2025-12-17,9:37:01.075873931,T,303.96,40,304.38,80,IBM
2025-12-17,9:37:01.075898958,T,303.97,40,304.38,80,IBM
2025-12-17,9:37:01.079527552,T,303.98,40,304.38,80,IBM
2025-12-17,9:37:01.175621340,T,303.98,40,304.38,40,IBM
2025-12-17,9:37:01.175906998,T,303.74,160,304.38,40,IBM
2025-12-17,9:37:02.029203376,T,303.74,160,304.42,40,IBM
2025-12-17,9:37:02.717080902,T,303.74,160,304.51,40,IBM
2025-12-17,9:37:03.315816241,T,303.64,40,304.51,40,IBM
2025-12-17,9:37:03.315821172,T,303.87,200,304.51,40,IBM
2025-12-17,9:37:11.158706758,T,303.87,200,304.47,40,IBM
2025-12-17,9:37:12.243419066,T,303.87,200,304.51,40,IBM
2025-12-17,9:37:12.884715730,T,303.87,200,304.41,40,IBM
2025-12-17,9:37:28.002209081,T,303.87,200,304.38,40,IBM
2025-12-17,9:37:28.002935811,T,303.97,40,304.38,40,IBM
2025-12-17,9:37:29.011170973,T,303.97,40,304.51,40,IBM
2025-12-17,9:37:29.011196184,T,304.24,40,304.51,40,IBM
2025-12-17,9:37:29.011221172,T,304.24,40,304.67,200,IBM
2025-12-17,9:37:29.011221172,T,304.24,40,304.67,160,IBM
2025-12-17,9:37:29.011226284,T,304.24,40,304.51,40,IBM
2025-12-17,9:37:29.011236111,T,304.24,40,304.67,160,IBM
2025-12-17,9:37:29.011251252,T,304.12,40,304.67,160,IBM
2025-12-17,9:37:29.011261238,T,304.12,40,304.51,40,IBM
2025-12-17,9:37:29.011261238,T,304.12,40,304.67,160,IBM
2025-12-17,9:37:29.011326419,T,304.11,40,304.67,160,IBM
2025-12-17,9:37:29.011326419,T,304.22,40,304.67,160,IBM
2025-12-17,9:37:29.011391583,T,304.21,40,304.67,160,IBM
2025-12-17,9:37:29.011396559,T,304.3,40,304.67,160,IBM
2025-12-17,9:37:29.011822531,T,304.3,80,304.67,160,IBM
2025-12-17,9:37:29.011877722,T,304.3,120,304.67,160,IBM
2025-12-17,9:37:29.012489160,T,304.36,40,304.67,160,IBM
2025-12-17,9:37:29.012519247,T,304.48,40,304.67,160,IBM
2025-12-17,9:37:29.012950236,T,304.48,40,304.67,240,IBM
2025-12-17,9:37:29.012975266,T,304.48,40,304.67,160,IBM
2025-12-17,9:37:29.013005426,T,304.48,40,304.67,120,IBM
2025-12-17,9:37:29.013005426,T,304.48,40,304.67,160,IBM
2025-12-17,9:37:29.013351179,T,304.36,40,304.67,160,IBM
2025-12-17,9:37:29.013431390,T,304.36,40,304.67,120,IBM
2025-12-17,9:37:29.013436441,T,304.36,40,304.67,40,IBM
2025-12-17,9:37:29.013436441,T,304.36,40,305.11,40,IBM
2025-12-17,9:37:29.014233325,T,304.36,40,304.95,160,IBM
2025-12-17,9:37:29.017621331,T,304.24,80,304.95,160,IBM
2025-12-17,9:37:29.021465525,T,304.24,40,304.95,160,IBM
2025-12-17,9:37:29.022262454,T,304.11,40,304.95,160,IBM
2025-12-17,9:37:29.022668669,T,304.48,40,304.95,160,IBM
2025-12-17,9:37:29.022683366,T,304.11,40,304.95,160,IBM
2025-12-17,9:37:29.022708427,T,304.24,40,304.95,160,IBM
2025-12-17,9:37:29.022979155,T,304.36,40,304.95,160,IBM
2025-12-17,9:37:29.022994170,T,304.38,40,304.95,160,IBM
2025-12-17,9:37:29.045186981,T,304.37,40,304.95,160,IBM
2025-12-17,9:37:29.122967119,T,304.11,40,304.95,160,IBM
2025-12-17,9:37:29.122977111,T,304.06,40,304.95,160,IBM
2025-12-17,9:37:29.349822134,T,304.42,40,304.95,160,IBM
2025-12-17,9:37:30.011652808,T,304.42,40,304.74,80,IBM
2025-12-17,9:37:35.534224746,T,304.42,40,304.63,80,IBM
2025-12-17,9:37:46.147034438,T,304.42,40,304.95,160,IBM
2025-12-17,9:37:46.147054420,T,304.42,80,304.95,160,IBM
2025-12-17,9:37:46.147069424,T,304.43,40,304.95,160,IBM
2025-12-17,9:37:46.147164613,T,304.52,40,304.95,160,IBM
2025-12-17,9:37:47.147465812,T,304.52,40,304.74,40,IBM
2025-12-17,9:37:47.147485907,T,304.42,40,304.74,40,IBM
2025-12-17,9:37:53.651489200,T,304.42,40,304.95,160,IBM
2025-12-17,9:37:53.651529329,T,304.52,40,304.95,160,IBM
2025-12-17,9:37:53.651544369,T,304.53,40,304.95,160,IBM
2025-12-17,9:37:53.651739818,T,304.58,40,304.95,160,IBM
2025-12-17,9:37:53.651880088,T,304.6,40,304.95,160,IBM
2025-12-17,9:37:53.652105692,T,304.63,40,304.95,160,IBM
2025-12-17,9:37:53.652596843,T,304.6,40,304.95,160,IBM
2025-12-17,9:37:53.652616877,T,304.52,40,304.95,160,IBM
2025-12-17,9:37:53.652737141,T,304.53,40,304.95,160,IBM
2025-12-17,9:37:53.652907562,T,304.52,40,304.95,160,IBM
2025-12-17,9:37:53.652907562,T,304.42,80,304.95,160,IBM
2025-12-17,9:37:53.652967750,T,304.53,40,304.95,160,IBM
2025-12-17,9:37:53.654732009,T,304.53,40,305.51,40,IBM
2025-12-17,9:37:53.654736877,T,304.53,40,305.12,160,IBM
2025-12-17,9:37:53.654761948,T,304.42,80,305.12,160,IBM
2025-12-17,9:37:53.654832186,T,304.53,40,305.12,160,IBM
2025-12-17,9:37:53.656110197,T,304.42,80,305.12,160,IBM
2025-12-17,9:37:53.751848099,T,304.42,40,305.12,160,IBM
2025-12-17,9:37:54.696171156,T,304.42,40,304.94,40,IBM
2025-12-17,9:37:58.520420115,T,304.57,40,304.94,40,IBM
2025-12-17,9:38:01.084734634,T,304.42,40,304.94,40,IBM
2025-12-17,9:38:01.658981621,T,304.57,40,304.94,40,IBM
2025-12-17,9:38:01.774246077,T,304.42,40,304.94,40,IBM
2025-12-17,9:38:05.814424011,T,304.57,40,304.94,40,IBM
2025-12-17,9:38:06.223357431,T,304.42,40,304.94,40,IBM
2025-12-17,9:38:10.163682698,T,304.42,40,304.91,40,IBM
2025-12-17,9:38:18.283582908,T,304.42,40,304.91,80,IBM
2025-12-17,9:38:18.283602972,T,304.42,40,304.91,40,IBM
2025-12-17,9:38:18.283628054,T,304.57,40,304.91,40,IBM
2025-12-17,9:38:19.658906988,T,304.57,80,304.91,40,IBM
2025-12-17,9:38:22.146940072,T,304.57,80,305.12,160,IBM
2025-12-17,9:38:22.146950025,T,304.7,40,305.12,160,IBM
2025-12-17,9:38:22.146980424,T,304.71,40,305.12,160,IBM
2025-12-17,9:38:22.146980424,T,304.74,40,305.12,160,IBM
2025-12-17,9:38:22.147651768,T,304.75,40,305.12,160,IBM
2025-12-17,9:38:22.148047669,T,304.76,40,305.12,160,IBM
2025-12-17,9:38:22.148077705,T,304.88,40,305.12,160,IBM
2025-12-17,9:38:22.148223107,T,304.88,40,305.7,40,IBM
2025-12-17,9:38:22.148228140,T,304.88,40,305.31,160,IBM
2025-12-17,9:38:22.152603527,T,304.76,40,305.31,160,IBM
2025-12-17,9:38:22.158041445,T,304.75,40,305.31,160,IBM
2025-12-17,9:38:22.159018768,T,304.88,40,305.31,160,IBM
2025-12-17,9:38:22.161188894,T,304.75,40,305.31,160,IBM
2025-12-17,9:38:22.171283018,T,304.75,40,305.12,40,IBM
2025-12-17,9:38:22.171288375,T,304.71,40,305.12,40,IBM
2025-12-17,9:38:22.171293006,T,304.71,40,305.1,40,IBM
2025-12-17,9:38:22.171313317,T,304.71,40,305.09,40,IBM
2025-12-17,9:38:22.171318086,T,304.71,40,304.99,40,IBM
2025-12-17,9:38:22.171328090,T,304.42,40,304.99,40,IBM
2025-12-17,9:38:22.171343160,T,304.42,40,305.09,40,IBM
2025-12-17,9:38:22.171633847,T,304.42,80,305.09,40,IBM
2025-12-17,9:38:22.181672814,T,304.42,80,305.1,40,IBM
2025-12-17,9:38:22.271366238,T,304.42,80,305.31,200,IBM
2025-12-17,9:38:22.284898394,T,304.42,40,305.31,200,IBM
2025-12-17,9:38:22.845623252,T,304.42,40,305.29,40,IBM
2025-12-17,9:38:22.846074292,T,304.42,40,305.31,160,IBM
2025-12-17,9:38:22.960616980,T,304.32,160,305.31,160,IBM
2025-12-17,9:38:22.960732309,T,304.42,40,305.31,160,IBM
2025-12-17,9:38:22.961734710,T,304.32,160,305.31,160,IBM
2025-12-17,9:38:22.961799793,T,304.42,40,305.31,160,IBM
2025-12-17,9:38:22.962296022,T,304.32,160,305.31,160,IBM
2025-12-17,9:38:22.962301078,T,304.32,160,305.29,40,IBM
2025-12-17,9:38:22.962326107,T,304.32,160,305.31,160,IBM
2025-12-17,9:38:22.962326107,T,304.32,160,305.29,40,IBM
2025-12-17,9:38:22.963373613,T,304.32,160,305.31,160,IBM
2025-12-17,9:38:22.981251184,T,304.32,160,305.29,40,IBM
2025-12-17,9:38:23.171744630,T,304.32,160,305.31,160,IBM
2025-12-17,9:38:23.172666786,T,304.32,160,305.29,40,IBM
2025-12-17,9:38:23.638615971,T,304.64,40,305.29,40,IBM
2025-12-17,9:38:26.283642760,T,304.64,40,305.21,40,IBM
2025-12-17,9:38:26.297651031,T,304.45,160,305.21,40,IBM
2025-12-17,9:38:26.297676140,T,304.45,160,304.89,40,IBM
2025-12-17,9:38:26.297691147,T,304.45,160,304.88,40,IBM
2025-12-17,9:38:26.297756292,T,304.45,160,304.84,40,IBM
2025-12-17,9:38:26.297951740,T,304.45,160,304.77,40,IBM
2025-12-17,9:38:26.298252452,T,303.98,40,304.77,40,IBM
2025-12-17,9:38:26.298257513,T,304.28,160,304.77,40,IBM
2025-12-17,9:38:26.302477541,T,304.28,160,304.84,40,IBM
2025-12-17,9:38:26.306261506,T,304.28,160,304.88,40,IBM
2025-12-17,9:38:26.397679207,T,304.28,160,304.89,40,IBM
2025-12-17,9:38:29.531845291,T,304.28,160,305.31,160,IBM
2025-12-17,9:38:29.531860281,T,304.63,40,305.31,160,IBM
2025-12-17,9:38:29.531970556,T,304.63,40,305.18,40,IBM
2025-12-17,9:38:29.532241220,T,304.28,160,305.18,40,IBM
2025-12-17,9:38:29.623824181,T,304.28,160,305.31,160,IBM
2025-12-17,9:38:29.624751397,T,304.28,160,305.29,40,IBM
2025-12-17,9:38:30.028216936,T,304.28,160,305.29,80,IBM
2025-12-17,9:38:30.174740769,T,304.64,40,305.29,80,IBM
2025-12-17,9:38:30.174780865,T,304.64,40,305.29,40,IBM
2025-12-17,9:38:33.973995221,T,304.64,40,305.18,160,IBM
2025-12-17,9:38:35.170057514,T,304.64,40,305.18,200,IBM
2025-12-17,9:38:38.298304543,T,304.64,40,305.18,160,IBM
2025-12-17,9:38:53.926794081,T,304.28,160,305.18,160,IBM
2025-12-17,9:38:53.926819137,T,304.28,160,305.02,40,IBM
2025-12-17,9:38:53.926834188,T,304.28,160,304.86,40,IBM
2025-12-17,9:38:53.927626053,T,304.28,160,304.82,40,IBM
2025-12-17,9:38:56.075764960,T,304.28,160,305.05,160,IBM
2025-12-17,9:38:56.075775051,T,304.5,40,305.05,160,IBM
2025-12-17,9:38:56.075945499,T,304.54,40,305.05,160,IBM
2025-12-17,9:38:56.076281245,T,304.28,160,305.05,160,IBM
2025-12-17,9:38:56.077599430,T,304.28,160,304.82,40,IBM
2025-12-17,9:38:56.078942597,T,304.28,160,305.05,160,IBM
2025-12-17,9:39:10.981519341,T,304.28,160,304.91,40,IBM
2025-12-17,9:39:11.102547456,T,304.31,40,304.91,40,IBM
2025-12-17,9:39:12.014157558,T,304.31,40,304.88,40,IBM
2025-12-17,9:39:12.870195643,T,304.66,40,304.88,40,IBM
2025-12-17,9:39:12.870240607,T,304.49,40,304.88,40,IBM
2025-12-17,9:39:12.870330907,T,304.66,40,304.88,40,IBM
2025-12-17,9:39:12.870511287,T,304.5,40,304.88,40,IBM
2025-12-17,9:39:12.870551566,T,304.66,40,304.88,40,IBM
2025-12-17,9:39:12.870596486,T,304.5,40,304.88,40,IBM
2025-12-17,9:39:12.870847036,T,304.31,40,304.88,40,IBM
2025-12-17,9:39:12.871358277,T,304.64,40,304.88,40,IBM
2025-12-17,9:39:12.874445714,T,304.48,40,304.88,40,IBM
2025-12-17,9:39:12.883943298,T,304.31,40,304.88,40,IBM
2025-12-17,9:39:13.041628725,T,304.31,40,305.05,160,IBM
2025-12-17,9:39:13.122380932,T,304.31,40,305.0,40,IBM
2025-12-17,9:39:14.359069907,T,304.31,40,305.05,160,IBM
2025-12-17,9:39:19.241457836,T,304.31,80,305.05,160,IBM
2025-12-17,9:39:19.241487896,T,304.31,80,305.29,40,IBM
2025-12-17,9:39:19.241497882,T,304.31,80,305.18,160,IBM
2025-12-17,9:39:19.241718367,T,304.52,40,305.18,160,IBM
2025-12-17,9:39:19.371963481,T,304.31,40,305.18,160,IBM
2025-12-17,9:39:20.046764871,T,304.52,40,305.18,160,IBM
2025-12-17,9:39:20.047015561,T,304.31,80,305.18,160,IBM
2025-12-17,9:39:20.047672032,T,304.38,40,305.18,160,IBM
2025-12-17,9:39:20.241628787,T,304.48,40,305.18,160,IBM
2025-12-17,9:39:20.312502603,T,304.31,40,305.18,160,IBM
2025-12-17,9:39:20.315589936,T,304.48,40,305.18,160,IBM
2025-12-17,9:39:21.436017149,T,304.31,40,305.18,160,IBM
2025-12-17,9:39:22.012905410,T,304.48,40,305.18,160,IBM
2025-12-17,9:39:22.992517473,T,304.31,40,305.18,160,IBM
2025-12-17,9:39:30.865073871,T,304.31,40,305.45,40,IBM
2025-12-17,9:39:30.865078877,T,304.31,40,305.05,160,IBM
2025-12-17,9:39:49.766545202,T,304.58,80,305.05,160,IBM
2025-12-17,9:39:50.305468111,T,304.58,80,304.81,40,IBM
2025-12-17,9:39:50.312650262,T,304.31,40,304.81,40,IBM
2025-12-17,9:39:51.887930273,T,304.31,40,305.05,160,IBM
2025-12-17,9:39:54.885686665,T,304.31,40,304.75,40,IBM
2025-12-17,9:40:00.016490897,T,304.31,40,304.75,80,IBM
2025-12-17,9:40:00.020244752,T,304.31,40,304.65,40,IBM
2025-12-17,9:40:00.021467694,T,304.31,40,304.63,40,IBM
2025-12-17,9:40:00.022585392,T,304.31,40,304.65,40,IBM
2025-12-17,9:40:00.023046444,T,304.31,40,304.67,40,IBM
2025-12-17,9:40:00.024484845,T,304.31,40,304.65,40,IBM
2025-12-17,9:40:00.024570066,T,304.31,40,304.63,40,IBM
2025-12-17,9:40:00.036894389,T,304.31,40,304.75,40,IBM
2025-12-17,9:40:00.036894389,T,304.31,40,304.63,40,IBM
2025-12-17,9:40:00.036899490,T,304.31,40,304.53,40,IBM
2025-12-17,9:40:00.134226144,T,304.31,40,304.75,40,IBM
2025-12-17,9:40:00.214632583,T,304.31,40,304.51,40,IBM
2025-12-17,9:40:00.214833068,T,304.08,160,304.51,40,IBM
2025-12-17,9:40:00.214853098,T,304.08,160,304.33,40,IBM
2025-12-17,9:40:00.217369017,T,303.87,40,304.33,40,IBM
2025-12-17,9:40:00.217374084,T,303.89,200,304.33,40,IBM
2025-12-17,9:40:00.217404150,T,303.96,40,304.33,40,IBM
2025-12-17,9:40:00.228575773,T,304.1,80,304.33,40,IBM
2025-12-17,9:40:00.264897231,T,304.1,80,304.51,40,IBM
2025-12-17,9:40:00.279692452,T,303.96,40,304.51,40,IBM
2025-12-17,9:40:00.319241598,T,303.89,200,304.51,40,IBM
2025-12-17,9:40:00.319852967,T,303.89,240,304.51,40,IBM
2025-12-17,9:40:00.432075130,T,303.89,200,304.51,40,IBM
2025-12-17,9:40:00.504597823,T,303.89,200,304.48,40,IBM
2025-12-17,9:40:00.709776328,T,303.89,200,304.51,40,IBM
2025-12-17,9:40:01.016982663,T,304.0,40,304.51,40,IBM
2025-12-17,9:40:01.153943719,T,304.0,40,304.67,40,IBM
2025-12-17,9:40:01.153978850,T,304.0,40,304.8,40,IBM
2025-12-17,9:40:01.153988863,T,304.02,40,304.8,40,IBM
2025-12-17,9:40:01.154745579,T,304.02,80,304.8,40,IBM
2025-12-17,9:40:01.155151630,T,304.06,40,304.8,40,IBM
2025-12-17,9:40:01.215600463,T,304.06,80,304.8,40,IBM
2025-12-17,9:40:01.220301697,T,304.16,40,304.8,40,IBM
2025-12-17,9:40:03.094768985,T,304.16,80,304.8,40,IBM
2025-12-17,9:40:03.324560991,T,304.16,120,304.8,40,IBM
2025-12-17,9:40:03.711672589,T,304.16,80,304.8,40,IBM
2025-12-17,9:40:03.711692653,T,304.16,40,304.8,40,IBM
2025-12-17,9:40:04.274908361,T,304.16,120,304.8,40,IBM
2025-12-17,9:40:04.818823154,T,304.16,40,304.8,40,IBM
2025-12-17,9:40:06.139958105,T,304.16,80,304.8,40,IBM
2025-12-17,9:40:07.192699304,T,304.16,80,304.54,40,IBM
2025-12-17,9:40:07.192729416,T,304.16,40,304.54,40,IBM
2025-12-17,9:40:07.335088314,T,304.16,40,304.54,80,IBM
2025-12-17,9:40:12.937074230,T,304.16,40,304.54,40,IBM
2025-12-17,9:40:16.912658456,T,304.16,40,304.8,40,IBM
2025-12-17,9:40:17.320318870,T,304.16,40,304.48,40,IBM
2025-12-17,9:40:32.030718031,T,304.16,120,304.48,40,IBM
2025-12-17,9:40:32.138118687,T,304.17,40,304.48,40,IBM
2025-12-17,9:40:32.639547358,T,304.16,120,304.48,40,IBM
2025-12-17,9:40:32.639762965,T,304.17,40,304.48,40,IBM
2025-12-17,9:40:36.263424115,T,304.17,40,304.47,40,IBM
2025-12-17,9:40:36.313423117,T,304.17,40,304.47,80,IBM
2025-12-17,9:40:36.579025480,T,304.17,40,304.47,120,IBM
2025-12-17,9:40:36.785356653,T,304.17,40,304.47,160,IBM
2025-12-17,9:40:39.429766827,T,304.15,80,304.47,160,IBM
2025-12-17,9:40:39.429772325,T,304.15,40,304.47,160,IBM
2025-12-17,9:40:39.429772325,T,304.01,160,304.47,160,IBM
2025-12-17,9:40:39.429791878,T,304.01,160,304.38,40,IBM
2025-12-17,9:40:39.429801925,T,304.01,160,304.37,40,IBM
2025-12-17,9:40:39.429822044,T,304.01,160,304.35,40,IBM
2025-12-17,9:40:39.430032446,T,304.01,160,304.28,40,IBM
2025-12-17,9:40:39.430152904,T,304.01,160,304.27,40,IBM
2025-12-17,9:40:39.430222970,T,303.52,40,304.27,40,IBM
2025-12-17,9:40:39.430233300,T,303.86,160,304.27,40,IBM
2025-12-17,9:40:39.531153234,T,303.86,160,304.28,40,IBM
2025-12-17,9:40:39.816923463,T,303.86,160,304.28,80,IBM
2025-12-17,9:40:39.879672908,T,303.86,160,304.28,120,IBM
2025-12-17,9:40:40.073263709,T,303.97,40,304.28,120,IBM
2025-12-17,9:40:40.073293835,T,303.97,40,304.28,80,IBM
2025-12-17,9:40:41.933341744,T,304.0,80,304.28,80,IBM
2025-12-17,9:40:43.322734384,T,304.0,80,304.28,40,IBM
2025-12-17,9:40:46.738701385,T,303.97,40,304.28,40,IBM
2025-12-17,9:40:50.735160174,T,303.97,120,304.28,40,IBM
2025-12-17,9:40:54.233748791,T,303.97,120,304.58,160,IBM
2025-12-17,9:40:54.233763867,T,303.97,160,304.58,160,IBM
2025-12-17,9:40:54.233784007,T,304.0,40,304.58,160,IBM
2025-12-17,9:40:54.233844056,T,304.08,40,304.58,160,IBM
2025-12-17,9:40:54.233889092,T,304.11,40,304.58,160,IBM
2025-12-17,9:40:54.234961637,T,304.11,80,304.58,160,IBM
2025-12-17,9:40:54.287050670,T,304.11,40,304.58,160,IBM
2025-12-17,9:40:57.878765945,T,304.12,40,304.58,160,IBM
2025-12-17,9:40:57.880680563,T,304.23,40,304.58,160,IBM
2025-12-17,9:40:57.880795969,T,304.13,40,304.58,160,IBM
2025-12-17,9:40:57.880815922,T,304.23,40,304.58,160,IBM
2025-12-17,9:40:57.880855945,T,304.33,40,304.58,160,IBM
2025-12-17,9:40:57.881201804,T,304.27,40,304.58,160,IBM
2025-12-17,9:40:57.884294144,T,304.27,40,304.7,40,IBM
2025-12-17,9:40:57.885051019,T,304.23,40,304.7,40,IBM
2025-12-17,9:40:57.885176275,T,304.13,40,304.7,40,IBM
2025-12-17,9:40:57.885311601,T,304.12,40,304.7,40,IBM
2025-12-17,9:40:57.885802779,T,304.13,40,304.7,40,IBM
2025-12-17,9:40:57.891471198,T,303.98,40,304.7,40,IBM
2025-12-17,9:40:57.931361171,T,304.12,40,304.7,40,IBM
2025-12-17,9:40:57.931391280,T,304.13,40,304.7,40,IBM
2025-12-17,9:40:57.931646945,T,304.23,40,304.7,40,IBM
2025-12-17,9:40:57.932107960,T,304.13,40,304.7,40,IBM
2025-12-17,9:40:57.932123052,T,304.45,40,304.7,40,IBM
2025-12-17,9:40:57.942036650,T,304.42,40,304.7,40,IBM
2025-12-17,9:40:57.942066659,T,304.12,40,304.7,40,IBM
2025-12-17,9:40:57.942081716,T,303.98,40,304.7,40,IBM
2025-12-17,9:40:57.948832822,T,304.13,40,304.7,40,IBM
2025-12-17,9:40:57.953268386,T,304.37,40,304.7,40,IBM
2025-12-17,9:40:58.097777326,T,303.98,40,304.7,40,IBM
2025-12-17,9:40:58.134118874,T,304.37,40,304.7,40,IBM
2025-12-17,9:40:58.309055281,T,303.98,40,304.7,40,IBM
2025-12-17,9:40:59.065811809,T,303.98,40,304.87,40,IBM
2025-12-17,9:40:59.065811809,T,304.37,40,304.87,40,IBM
2025-12-17,9:40:59.065846844,T,303.98,40,304.87,40,IBM
2025-12-17,9:40:59.065846844,T,304.37,40,304.87,40,IBM
2025-12-17,9:40:59.066087395,T,304.53,40,304.87,40,IBM
2025-12-17,9:40:59.066222710,T,304.12,40,304.87,40,IBM
2025-12-17,9:40:59.066337993,T,304.12,40,304.91,160,IBM
2025-12-17,9:40:59.066573625,T,304.29,40,304.91,160,IBM
2025-12-17,9:40:59.066603706,T,304.16,40,304.91,160,IBM
2025-12-17,9:40:59.066979516,T,304.12,40,304.91,160,IBM
2025-12-17,9:40:59.113259738,T,304.16,40,304.91,160,IBM
2025-12-17,9:40:59.113289757,T,304.44,40,304.91,160,IBM
2025-12-17,9:40:59.727572115,T,304.45,40,304.91,160,IBM
2025-12-17,9:41:00.392870995,T,304.45,80,304.91,160,IBM
2025-12-17,9:41:00.393016349,T,304.45,120,304.91,160,IBM
2025-12-17,9:41:00.393477438,T,304.57,80,304.91,160,IBM
2025-12-17,9:41:00.394129013,T,304.57,80,305.23,40,IBM
2025-12-17,9:41:00.394138986,T,304.57,80,305.07,160,IBM
2025-12-17,9:41:04.493172083,T,304.45,40,305.07,160,IBM
2025-12-17,9:41:08.618708217,T,304.56,40,305.07,160,IBM
2025-12-17,9:41:08.629092951,T,304.45,40,305.07,160,IBM
2025-12-17,9:41:08.951746051,T,304.57,80,305.07,160,IBM
2025-12-17,9:41:13.841957641,T,304.57,120,305.07,160,IBM
2025-12-17,9:41:14.395575555,T,304.64,40,305.07,160,IBM
2025-12-17,9:41:14.396237113,T,304.57,120,305.07,160,IBM
2025-12-17,9:41:14.396342395,T,304.64,40,305.07,160,IBM
2025-12-17,9:41:14.396517802,T,304.69,40,305.07,160,IBM
2025-12-17,9:41:14.397139284,T,304.69,40,305.43,40,IBM
2025-12-17,9:41:14.397144324,T,304.69,40,305.22,160,IBM
2025-12-17,9:41:15.980659085,T,304.57,120,305.22,160,IBM
2025-12-17,9:41:16.001253090,T,304.57,120,305.14,80,IBM
2025-12-17,9:41:18.886907742,T,304.57,120,305.14,120,IBM
2025-12-17,9:41:19.117135735,T,304.57,120,305.14,80,IBM
2025-12-17,9:41:25.956422407,T,304.57,120,305.22,160,IBM
2025-12-17,9:41:26.010005003,T,304.57,120,305.09,80,IBM
2025-12-17,9:41:26.010040009,T,304.57,120,305.09,120,IBM
2025-12-17,9:41:29.016958350,T,304.71,40,305.09,120,IBM
2025-12-17,9:41:29.017173807,T,304.71,40,305.09,160,IBM
2025-12-17,9:41:31.954305877,T,304.71,40,305.09,120,IBM
2025-12-17,9:41:31.954310928,T,304.71,40,305.09,80,IBM
2025-12-17,9:41:35.958829023,T,304.71,40,305.16,40,IBM
2025-12-17,9:41:36.007364541,T,304.71,40,305.0,80,IBM
2025-12-17,9:41:36.007404571,T,304.71,40,305.0,120,IBM
2025-12-17,9:41:36.007575016,T,304.71,40,305.0,160,IBM
2025-12-17,9:41:41.280983711,T,304.45,40,305.0,160,IBM
2025-12-17,9:41:41.281013867,T,304.45,40,304.88,40,IBM
2025-12-17,9:41:41.281334598,T,304.45,40,305.0,80,IBM
2025-12-17,9:41:41.281740525,T,304.45,40,305.0,120,IBM
2025-12-17,9:41:41.282151524,T,304.45,40,305.0,80,IBM
2025-12-17,9:41:41.409168945,T,304.57,40,305.0,80,IBM
2025-12-17,9:41:41.409173897,T,304.58,40,305.0,80,IBM
2025-12-17,9:41:41.409449706,T,304.45,80,305.0,80,IBM
2025-12-17,9:41:41.409449706,T,304.58,40,305.0,80,IBM
2025-12-17,9:41:41.509212070,T,304.57,40,305.0,80,IBM
2025-12-17,9:41:43.131473862,T,304.69,40,305.0,80,IBM
2025-12-17,9:41:43.131629340,T,304.57,40,305.0,80,IBM
2025-12-17,9:41:43.131639299,T,304.78,40,305.0,80,IBM
2025-12-17,9:41:43.135588730,T,304.69,40,305.0,80,IBM
2025-12-17,9:41:43.135608725,T,304.78,40,305.0,80,IBM
2025-12-17,9:41:43.136119974,T,304.69,40,305.0,80,IBM
2025-12-17,9:41:43.139914005,T,304.57,40,305.0,80,IBM
2025-12-17,9:41:55.257561046,T,304.78,40,305.0,80,IBM
2025-12-17,9:41:55.257581003,T,304.57,40,305.0,80,IBM
2025-12-17,9:41:55.258092578,T,304.57,40,305.09,40,IBM
2025-12-17,9:41:55.258122347,T,304.57,40,305.16,40,IBM
2025-12-17,9:41:55.258132298,T,304.86,40,305.16,40,IBM
2025-12-17,9:41:55.258222620,T,304.91,40,305.16,40,IBM
2025-12-17,9:41:55.258327769,T,304.86,40,305.16,40,IBM
2025-12-17,9:41:55.258347907,T,304.78,40,305.16,40,IBM
2025-12-17,9:41:55.258558361,T,304.78,80,305.16,40,IBM
2025-12-17,9:41:55.258658594,T,304.78,80,305.22,160,IBM
2025-12-17,9:41:55.261124498,T,304.81,40,305.22,160,IBM
2025-12-17,9:41:55.261836157,T,304.81,40,305.53,40,IBM
2025-12-17,9:41:55.261841141,T,304.81,40,305.37,160,IBM
2025-12-17,9:41:55.261931437,T,304.81,40,305.2,40,IBM
2025-12-17,9:41:55.262252131,T,304.9,40,305.2,40,IBM
2025-12-17,9:41:55.266828067,T,304.81,40,305.2,40,IBM
2025-12-17,9:41:55.268572178,T,304.78,40,305.2,40,IBM
2025-12-17,9:41:55.268777717,T,304.46,40,305.2,40,IBM
2025-12-17,9:41:55.272962663,T,304.46,40,305.2,80,IBM
2025-12-17,9:41:55.358290823,T,304.46,40,305.2,40,IBM
2025-12-17,9:41:56.390488103,T,304.46,40,305.2,80,IBM
2025-12-17,9:41:56.757040696,T,304.46,40,305.2,40,IBM
2025-12-17,9:41:57.342073263,T,304.91,40,305.2,40,IBM
2025-12-17,9:41:57.753477684,T,304.91,40,305.37,160,IBM
2025-12-17,9:41:57.753728262,T,304.91,40,305.37,240,IBM
2025-12-17,9:41:57.753808522,T,304.91,40,305.37,80,IBM
2025-12-17,9:41:57.756059101,T,305.06,40,305.37,80,IBM
2025-12-17,9:41:58.016338771,T,305.13,40,305.37,80,IBM
2025-12-17,9:41:58.016503827,T,305.13,40,305.37,40,IBM
2025-12-17,9:41:58.016563985,T,305.13,40,305.51,160,IBM
2025-12-17,9:41:58.016604129,T,305.16,40,305.51,160,IBM
2025-12-17,9:41:58.017050172,T,305.17,40,305.51,160,IBM
2025-12-17,9:41:58.017426087,T,305.17,40,305.74,40,IBM
2025-12-17,9:41:58.017436146,T,305.17,40,305.67,160,IBM
2025-12-17,9:41:58.021290228,T,305.16,40,305.67,160,IBM
2025-12-17,9:41:58.024593051,T,305.15,40,305.67,160,IBM
2025-12-17,9:41:58.067861085,T,305.2,40,305.67,160,IBM
2025-12-17,9:41:58.116767463,T,304.91,40,305.67,160,IBM
2025-12-17,9:42:01.371119867,T,304.91,40,305.4,40,IBM
2025-12-17,9:42:01.371125169,T,304.91,40,305.39,40,IBM
2025-12-17,9:42:01.471132896,T,304.91,40,305.6,40,IBM
2025-12-17,9:42:02.371526453,T,304.91,40,305.67,160,IBM
2025-12-17,9:42:07.941185155,T,304.91,40,305.6,40,IBM
2025-12-17,9:42:07.942202543,T,304.91,40,305.67,160,IBM
2025-12-17,9:42:08.159960983,T,304.91,40,305.27,80,IBM
2025-12-17,9:42:08.212255420,T,304.91,40,305.17,40,IBM
2025-12-17,9:42:08.229321018,T,304.91,40,305.27,80,IBM
2025-12-17,9:42:08.912783084,T,304.91,40,305.53,160,IBM
2025-12-17,9:42:12.632462973,T,304.91,80,305.53,160,IBM
2025-12-17,9:42:17.362673421,T,304.91,40,305.53,160,IBM
2025-12-17,9:42:17.364382510,T,304.91,40,305.27,40,IBM
2025-12-17,9:42:17.364382510,T,304.91,40,305.26,40,IBM
2025-12-17,9:42:17.364793436,T,304.91,40,305.16,40,IBM
2025-12-17,9:42:17.368868179,T,304.91,40,305.26,40,IBM
2025-12-17,9:42:17.368883170,T,304.91,40,305.5,40,IBM
2025-12-17,9:42:17.464415592,T,304.91,40,305.53,160,IBM
2025-12-17,9:42:23.598768894,T,304.91,40,305.16,80,IBM
2025-12-17,9:42:28.370292939,T,304.91,40,305.53,160,IBM
2025-12-17,9:42:40.711567338,T,304.9,80,305.53,160,IBM
2025-12-17,9:42:40.711567338,T,304.9,40,305.53,160,IBM
2025-12-17,9:42:40.711567338,T,304.9,40,305.16,40,IBM
2025-12-17,9:42:40.711587493,T,304.73,200,305.16,40,IBM
2025-12-17,9:42:40.711587493,T,304.73,200,305.14,40,IBM
2025-12-17,9:42:40.711627468,T,304.73,200,305.13,40,IBM
2025-12-17,9:42:40.711863262,T,304.73,200,305.04,40,IBM
2025-12-17,9:42:40.711908148,T,304.44,40,305.04,40,IBM
2025-12-17,9:42:40.711918247,T,304.57,200,305.04,40,IBM
2025-12-17,9:42:40.712419349,T,304.57,200,305.0,40,IBM
2025-12-17,9:42:40.713141113,T,304.57,200,305.04,40,IBM
2025-12-17,9:42:40.713827773,T,304.57,200,305.0,40,IBM
2025-12-17,9:42:40.722007208,T,304.44,40,305.0,40,IBM
2025-12-17,9:42:40.722428204,T,304.44,40,305.13,40,IBM
2025-12-17,9:42:40.811931323,T,304.44,40,305.14,40,IBM
2025-12-17,9:42:40.823323373,T,304.35,40,305.14,40,IBM
2025-12-17,9:42:40.823589077,T,304.44,160,305.14,40,IBM
2025-12-17,9:42:40.961407177,T,304.44,200,305.14,40,IBM
2025-12-17,9:42:41.025765362,T,304.44,160,305.14,40,IBM
2025-12-17,9:42:44.012550608,T,304.46,40,305.14,40,IBM
2025-12-17,9:42:44.259979577,T,304.64,80,305.14,40,IBM
2025-12-17,9:42:46.786669653,T,304.44,160,305.14,40,IBM
2025-12-17,9:42:46.906615149,T,304.44,160,305.19,40,IBM
2025-12-17,9:42:46.906615149,T,304.46,40,305.19,40,IBM
2025-12-17,9:42:46.906700349,T,304.46,40,305.23,40,IBM
2025-12-17,9:42:46.906725384,T,304.64,40,305.23,40,IBM
2025-12-17,9:42:46.906725384,T,304.69,40,305.23,40,IBM
2025-12-17,9:42:46.906755488,T,304.7,40,305.23,40,IBM
2025-12-17,9:42:47.598702642,T,304.8,40,305.23,40,IBM
2025-12-17,9:43:02.078859007,T,304.8,40,305.18,40,IBM
2025-12-17,9:43:05.734371223,T,304.79,40,305.18,40,IBM
2025-12-17,9:43:05.734371223,T,304.46,40,305.18,40,IBM
2025-12-17,9:43:05.734391211,T,304.44,160,305.18,40,IBM
2025-12-17,9:43:05.734411236,T,304.44,160,305.0,40,IBM
2025-12-17,9:43:05.734411236,T,304.44,160,304.99,40,IBM
2025-12-17,9:43:05.734416321,T,304.44,160,304.98,40,IBM
2025-12-17,9:43:05.734702014,T,304.44,160,304.99,40,IBM
2025-12-17,9:43:05.734706958,T,304.44,160,304.91,40,IBM
2025-12-17,9:43:05.734727023,T,304.44,160,304.99,40,IBM
2025-12-17,9:43:05.736521412,T,304.44,160,304.9,40,IBM
2025-12-17,9:43:05.834760183,T,304.44,160,304.99,40,IBM
2025-12-17,9:43:05.834760183,T,304.44,160,305.0,40,IBM
2025-12-17,9:43:07.412365647,T,304.26,40,305.0,40,IBM
2025-12-17,9:43:07.412370659,T,304.29,160,305.0,40,IBM
2025-12-17,9:43:10.031360466,T,304.29,160,304.92,40,IBM
2025-12-17,9:43:10.031360466,T,304.29,160,304.9,40,IBM
2025-12-17,9:43:10.031385447,T,304.29,160,305.0,40,IBM
2025-12-17,9:43:10.031495785,T,304.29,160,304.97,40,IBM
2025-12-17,9:43:10.032538283,T,304.29,160,305.0,40,IBM
2025-12-17,9:43:10.044591993,T,304.29,160,305.15,160,IBM
2025-12-17,9:43:24.033122528,T,304.36,40,305.15,160,IBM
2025-12-17,9:43:24.033814152,T,304.63,80,305.15,160,IBM
2025-12-17,9:43:24.085527226,T,304.37,40,305.15,160,IBM
2025-12-17,9:43:25.821650202,T,304.37,40,305.0,40,IBM
2025-12-17,9:43:25.822717815,T,304.37,40,305.15,160,IBM
2025-12-17,9:43:25.823970715,T,304.37,40,305.0,40,IBM
2025-12-17,9:43:27.335669514,T,304.37,40,305.0,80,IBM
2025-12-17,9:43:27.335779713,T,304.29,160,305.0,80,IBM
2025-12-17,9:43:28.478309592,T,304.29,160,304.85,40,IBM
2025-12-17,9:43:28.478374995,T,304.29,160,304.85,80,IBM
2025-12-17,9:43:28.478986240,T,304.33,40,304.85,80,IBM
2025-12-17,9:43:28.488438744,T,304.33,40,304.85,40,IBM
2025-12-17,9:43:28.488694316,T,304.33,40,305.0,40,IBM
2025-12-17,9:43:29.717920453,T,304.29,160,305.0,40,IBM
2025-12-17,9:43:30.325346652,T,304.37,40,305.0,40,IBM
2025-12-17,9:43:30.995642389,T,304.37,40,304.94,40,IBM
2025-12-17,9:43:32.050107430,T,304.37,40,304.91,40,IBM
2025-12-17,9:43:32.631180768,T,304.4,40,304.91,40,IBM
2025-12-17,9:43:35.619905678,T,304.37,40,304.91,40,IBM
2025-12-17,9:43:36.339924705,T,304.37,40,304.85,40,IBM
2025-12-17,9:43:36.962461670,T,304.4,40,304.85,40,IBM
2025-12-17,9:43:38.696720202,T,304.37,40,304.85,40,IBM
2025-12-17,9:43:41.320120627,T,304.4,40,304.85,40,IBM
2025-12-17,9:43:43.966811214,T,304.37,40,304.85,40,IBM
2025-12-17,9:43:43.982323147,T,304.37,40,304.82,40,IBM
2025-12-17,9:43:43.982368182,T,304.37,40,304.77,40,IBM
2025-12-17,9:43:43.982608756,T,304.37,40,304.76,40,IBM
2025-12-17,9:43:43.982658846,T,304.37,40,304.7,40,IBM
2025-12-17,9:43:43.982754172,T,304.29,200,304.7,40,IBM
2025-12-17,9:43:43.985575887,T,304.29,200,304.58,40,IBM
2025-12-17,9:43:43.989254564,T,304.29,40,304.58,40,IBM
2025-12-17,9:43:43.989284720,T,304.16,40,304.58,40,IBM
2025-12-17,9:43:43.989545312,T,304.16,40,304.66,40,IBM
2025-12-17,9:43:44.559597454,T,304.13,160,304.66,40,IBM
2025-12-17,9:43:46.695943074,T,304.39,40,304.66,40,IBM
2025-12-17,9:43:49.674974828,T,304.39,40,304.58,40,IBM
2025-12-17,9:43:49.674984885,T,304.39,40,304.56,40,IBM
2025-12-17,9:43:50.140528182,T,304.39,40,304.66,40,IBM
2025-12-17,9:43:52.246617106,T,304.13,160,304.66,40,IBM
2025-12-17,9:43:52.246897532,T,304.13,160,304.58,40,IBM
2025-12-17,9:43:52.257287159,T,304.13,160,304.78,40,IBM
2025-12-17,9:43:52.264238698,T,304.13,160,304.48,40,IBM
2025-12-17,9:43:52.265035584,T,304.13,160,304.78,40,IBM
2025-12-17,9:43:57.573793533,T,304.13,160,304.58,40,IBM
2025-12-17,9:43:57.573803473,T,304.13,160,304.47,40,IBM
2025-12-17,9:43:57.573823587,T,304.13,160,304.37,40,IBM
2025-12-17,9:43:57.573833554,T,304.13,160,304.36,40,IBM
2025-12-17,9:43:57.575642847,T,303.67,40,304.36,40,IBM
2025-12-17,9:43:57.575647922,T,303.9,200,304.36,40,IBM
2025-12-17,9:43:57.575672895,T,303.9,200,304.37,40,IBM
2025-12-17,9:43:57.576454844,T,303.9,200,304.47,40,IBM
2025-12-17,9:43:57.584253357,T,303.9,200,304.58,40,IBM
2025-12-17,9:43:57.675139716,T,303.9,200,304.69,40,IBM
2025-12-17,9:43:58.108636839,T,304.04,40,304.69,40,IBM
2025-12-17,9:43:58.299501230,T,303.9,200,304.69,40,IBM
2025-12-17,9:43:58.301250444,T,304.04,40,304.69,40,IBM
2025-12-17,9:43:58.574205335,T,304.04,80,304.69,40,IBM
2025-12-17,9:43:58.678388263,T,304.04,80,304.49,40,IBM
2025-12-17,9:43:58.678418372,T,304.04,40,304.49,40,IBM
2025-12-17,9:43:59.638012588,T,304.04,80,304.49,40,IBM
2025-12-17,9:44:00.043072142,T,304.04,40,304.49,40,IBM
2025-12-17,9:44:00.043072142,T,304.04,80,304.49,40,IBM
2025-12-17,9:44:00.043503134,T,304.04,120,304.49,40,IBM
2025-12-17,9:44:00.043823755,T,304.05,40,304.49,40,IBM
2025-12-17,9:44:00.043959009,T,304.04,80,304.49,40,IBM
2025-12-17,9:44:00.044465276,T,304.17,80,304.49,40,IBM
2025-12-17,9:44:00.662240855,T,303.9,200,304.49,40,IBM
2025-12-17,9:44:00.720930598,T,303.94,40,304.49,40,IBM
2025-12-17,9:44:01.609706337,T,303.94,40,304.46,40,IBM
2025-12-17,9:44:01.610067287,T,303.94,40,304.46,80,IBM
2025-12-17,9:44:01.610413072,T,304.03,40,304.46,80,IBM
2025-12-17,9:44:04.658734668,T,304.15,80,304.46,80,IBM
2025-12-17,9:44:05.050236685,T,304.16,40,304.46,80,IBM
2025-12-17,9:44:05.052216357,T,304.15,120,304.46,80,IBM
2025-12-17,9:44:05.052477026,T,304.15,120,304.46,40,IBM
2025-12-17,9:44:05.227879630,T,304.15,160,304.46,40,IBM
2025-12-17,9:44:06.622053712,T,304.15,80,304.46,40,IBM
2025-12-17,9:44:07.378704922,T,304.15,80,304.45,40,IBM
2025-12-17,9:44:07.378719964,T,304.15,40,304.45,40,IBM
2025-12-17,9:44:07.836660164,T,304.15,80,304.45,40,IBM
2025-12-17,9:44:10.287985624,T,304.15,40,304.45,40,IBM
2025-12-17,9:44:10.897165766,T,304.15,80,304.45,40,IBM
2025-12-17,9:44:13.898651042,T,304.15,120,304.45,40,IBM
2025-12-17,9:44:13.917806704,T,304.15,160,304.45,40,IBM
2025-12-17,9:44:14.509074131,T,304.15,120,304.45,40,IBM
2025-12-17,9:44:14.893734899,T,304.16,80,304.45,40,IBM
2025-12-17,9:44:14.894261288,T,304.16,120,304.45,40,IBM
2025-12-17,9:44:14.894496745,T,304.16,160,304.45,40,IBM
2025-12-17,9:44:14.894501782,T,304.16,200,304.45,40,IBM
2025-12-17,9:44:15.504238199,T,304.16,120,304.45,40,IBM
2025-12-17,9:44:15.634648644,T,304.16,80,304.45,40,IBM
2025-12-17,9:44:15.921822389,T,304.16,80,304.45,120,IBM
2025-12-17,9:44:16.877387123,T,304.16,80,304.45,160,IBM
2025-12-17,9:44:17.262318470,T,304.16,40,304.45,160,IBM
2025-12-17,9:44:17.834490590,T,304.03,40,304.45,160,IBM
2025-12-17,9:44:18.145541060,T,304.09,80,304.45,160,IBM
2025-12-17,9:44:18.146217679,T,304.03,40,304.45,160,IBM
2025-12-17,9:44:18.146598574,T,304.1,80,304.45,160,IBM
2025-12-17,9:44:19.084807052,T,304.03,40,304.45,160,IBM
2025-12-17,9:44:19.384149645,T,304.1,40,304.45,160,IBM
2025-12-17,9:44:19.384179715,T,304.1,40,304.45,120,IBM
2025-12-17,9:44:19.408442562,T,304.1,80,304.45,120,IBM
2025-12-17,9:44:19.500556802,T,304.16,80,304.45,120,IBM
2025-12-17,9:44:19.501308547,T,304.16,120,304.45,120,IBM
2025-12-17,9:44:21.108038528,T,304.16,160,304.45,120,IBM
2025-12-17,9:44:21.109827782,T,304.16,80,304.45,120,IBM
2025-12-17,9:44:21.869651703,T,304.16,80,304.44,80,IBM
2025-12-17,9:44:23.621491945,T,304.16,40,304.44,80,IBM
2025-12-17,9:44:23.943343270,T,304.16,80,304.44,80,IBM
2025-12-17,9:44:24.337070407,T,304.16,80,304.41,80,IBM
2025-12-17,9:44:24.908009623,T,304.16,40,304.41,80,IBM
2025-12-17,9:44:25.925586980,T,304.16,40,304.41,160,IBM
2025-12-17,9:44:28.415589644,T,303.9,200,304.41,160,IBM
2025-12-17,9:44:28.415624898,T,303.9,200,304.41,200,IBM
2025-12-17,9:44:28.416376545,T,304.02,40,304.41,200,IBM
2025-12-17,9:44:30.330157422,T,304.02,80,304.41,200,IBM
2025-12-17,9:44:30.330157422,T,304.02,80,304.41,160,IBM
2025-12-17,9:44:35.938959562,T,304.02,80,304.4,40,IBM
2025-12-17,9:44:39.473428809,T,304.02,120,304.4,40,IBM
2025-12-17,9:44:43.385978170,T,304.02,120,304.39,40,IBM
2025-12-17,9:44:45.335804991,T,304.02,120,304.4,40,IBM
2025-12-17,9:44:45.335830031,T,304.27,40,304.4,40,IBM
2025-12-17,9:44:45.335840046,T,304.27,40,304.41,80,IBM
2025-12-17,9:44:45.335865210,T,304.27,40,304.41,40,IBM
2025-12-17,9:44:45.335920280,T,304.27,40,304.59,40,IBM
2025-12-17,9:44:45.335985410,T,304.27,40,304.6,40,IBM
2025-12-17,9:44:45.336190901,T,304.27,40,304.69,40,IBM
2025-12-17,9:44:45.336210950,T,304.3,40,304.69,40,IBM
2025-12-17,9:44:45.336832503,T,304.27,120,304.69,40,IBM
2025-12-17,9:44:45.336972800,T,304.3,40,304.69,40,IBM
2025-12-17,9:44:45.337844910,T,304.3,40,304.72,160,IBM
2025-12-17,9:44:45.337980224,T,304.3,40,304.78,40,IBM
2025-12-17,9:44:45.881388801,T,304.3,40,304.87,160,IBM
2025-12-17,9:44:45.881854977,T,304.3,40,304.59,40,IBM
2025-12-17,9:44:46.059963980,T,304.31,40,304.59,40,IBM
2025-12-17,9:44:46.060740842,T,304.31,80,304.59,40,IBM
2025-12-17,9:44:46.938154512,T,304.31,40,304.59,40,IBM
2025-12-17,9:44:46.938159533,T,304.27,40,304.59,40,IBM
2025-12-17,9:44:46.938159533,T,304.27,40,304.58,40,IBM
2025-12-17,9:44:46.938184593,T,304.27,40,304.5,40,IBM
2025-12-17,9:44:46.938194598,T,304.27,40,304.49,40,IBM
2025-12-17,9:44:46.938199602,T,304.27,40,304.49,80,IBM
2025-12-17,9:44:46.938665747,T,304.13,40,304.49,80,IBM
2025-12-17,9:44:46.938675738,T,303.9,200,304.49,80,IBM
2025-12-17,9:44:46.938695816,T,303.9,200,304.49,120,IBM
2025-12-17,9:44:47.038287843,T,303.9,200,304.49,80,IBM
2025-12-17,9:44:47.038773994,T,304.13,40,304.49,80,IBM
2025-12-17,9:44:47.038804159,T,304.13,40,304.49,40,IBM
2025-12-17,9:44:47.070299089,T,304.02,40,304.49,40,IBM
2025-12-17,9:44:51.249768755,T,304.02,80,304.49,40,IBM
2025-12-17,9:44:51.984798631,T,304.02,120,304.49,40,IBM
2025-12-17,9:44:54.276348692,T,304.13,80,304.49,40,IBM
2025-12-17,9:44:54.276378759,T,304.13,80,304.59,40,IBM
2025-12-17,9:44:54.277125500,T,304.13,120,304.59,40,IBM
2025-12-17,9:44:54.277135538,T,304.13,160,304.59,40,IBM
2025-12-17,9:44:55.249831155,T,304.13,120,304.59,40,IBM
2025-12-17,9:44:57.375010270,T,304.13,160,304.59,40,IBM
2025-12-17,9:44:57.453341695,T,304.13,160,304.74,160,IBM
2025-12-17,9:44:57.453401784,T,304.14,40,304.74,160,IBM
2025-12-17,9:44:57.453862909,T,304.14,80,304.74,160,IBM
2025-12-17,9:44:57.454168655,T,304.14,120,304.74,160,IBM
2025-12-17,9:44:57.454293939,T,304.14,160,304.74,160,IBM
2025-12-17,9:44:57.454754994,T,304.14,120,304.74,160,IBM
2025-12-17,9:44:57.455141001,T,304.16,40,304.74,160,IBM
2025-12-17,9:44:57.456990509,T,304.31,40,304.74,160,IBM
2025-12-17,9:44:57.457015474,T,304.16,40,304.74,160,IBM
2025-12-17,9:44:57.457361244,T,304.14,80,304.74,160,IBM
2025-12-17,9:44:57.457682025,T,304.14,120,304.74,160,IBM
2025-12-17,9:44:57.457747164,T,304.16,40,304.74,160,IBM
2025-12-17,9:44:57.457757227,T,304.14,120,304.74,160,IBM
2025-12-17,9:44:57.458133065,T,304.16,40,304.74,160,IBM
2025-12-17,9:44:57.458208242,T,304.17,40,304.74,160,IBM
2025-12-17,9:44:57.459356062,T,304.17,80,304.74,160,IBM
2025-12-17,9:44:57.462172742,T,304.31,40,304.74,160,IBM
2025-12-17,9:44:57.462914435,T,304.31,80,304.74,160,IBM
2025-12-17,9:44:57.655212252,T,304.31,80,304.96,40,IBM
2025-12-17,9:44:57.655217227,T,304.31,80,304.9,200,IBM
2025-12-17,9:44:57.655568110,T,304.31,120,304.9,200,IBM
2025-12-17,9:44:57.655578133,T,304.32,40,304.9,200,IBM
2025-12-17,9:44:57.655603199,T,304.32,80,304.9,200,IBM
2025-12-17,9:44:57.655628259,T,304.4,40,304.9,200,IBM
2025-12-17,9:44:57.655673374,T,304.4,80,304.9,200,IBM
2025-12-17,9:44:57.656420141,T,304.4,120,304.9,200,IBM
2025-12-17,9:44:57.665972916,T,304.4,80,304.9,200,IBM
2025-12-17,9:44:57.674032050,T,304.4,120,304.9,200,IBM
2025-12-17,9:44:57.738400317,T,304.4,160,304.9,200,IBM
2025-12-17,9:44:57.738415309,T,304.41,40,304.9,200,IBM
2025-12-17,9:44:57.739553062,T,304.41,80,304.9,200,IBM
2025-12-17,9:44:57.838408435,T,304.41,40,304.9,200,IBM
2025-12-17,9:44:58.646492199,T,304.41,80,304.9,200,IBM
2025-12-17,9:44:58.647394262,T,304.49,40,304.9,200,IBM
2025-12-17,9:44:58.647414378,T,304.5,40,304.9,200,IBM
2025-12-17,9:44:58.648371671,T,304.5,80,304.9,200,IBM
2025-12-17,9:44:58.649820084,T,304.5,80,305.32,40,IBM
2025-12-17,9:44:58.649825125,T,304.5,80,305.1,160,IBM
2025-12-17,9:44:58.657533430,T,304.5,120,305.1,160,IBM
2025-12-17,9:44:58.657779064,T,304.5,80,305.1,160,IBM
2025-12-17,9:44:58.659397924,T,304.5,120,305.1,160,IBM
2025-12-17,9:44:58.759967327,T,304.5,80,305.1,160,IBM
2025-12-17,9:44:58.760127752,T,304.5,40,305.1,160,IBM
2025-12-17,9:44:58.760508644,T,304.51,40,305.1,160,IBM
2025-12-17,9:45:01.358117288,T,304.54,40,305.1,160,IBM
2025-12-17,9:45:01.358623479,T,304.54,80,305.1,160,IBM
2025-12-17,9:45:01.360076933,T,304.55,40,305.1,160,IBM
2025-12-17,9:45:01.361259767,T,304.55,80,305.1,160,IBM
2025-12-17,9:45:01.361605557,T,304.55,80,305.43,40,IBM
2025-12-17,9:45:01.361610658,T,304.55,80,305.27,160,IBM
2025-12-17,9:45:01.361640726,T,304.55,80,305.23,40,IBM
2025-12-17,9:45:01.361996502,T,304.55,80,305.2,80,IBM
2025-12-17,9:45:01.454992852,T,304.55,40,305.2,80,IBM
2025-12-17,9:45:01.796225265,T,304.51,40,305.2,80,IBM
2025-12-17,9:45:02.507202850,T,304.51,40,305.15,40,IBM
2025-12-17,9:45:03.047669570,T,304.55,40,305.15,40,IBM
2025-12-17,9:45:03.508742124,T,304.55,80,305.15,40,IBM
2025-12-17,9:45:03.509418881,T,304.55,40,305.15,40,IBM
2025-12-17,9:45:03.509809625,T,304.56,40,305.15,40,IBM
2025-12-17,9:45:03.509975000,T,304.56,80,305.15,40,IBM
2025-12-17,9:45:03.954683666,T,304.56,40,305.15,40,IBM
2025-12-17,9:45:03.954949340,T,304.51,40,305.15,40,IBM
2025-12-17,9:45:03.955330237,T,304.57,40,305.15,40,IBM
2025-12-17,9:45:04.076273171,T,304.57,80,305.15,40,IBM
2025-12-17,9:45:04.371921963,T,304.57,40,305.15,40,IBM
2025-12-17,9:45:04.371952039,T,304.51,40,305.15,40,IBM
2025-12-17,9:45:04.840893337,T,304.57,40,305.15,40,IBM
2025-12-17,9:45:05.171460221,T,304.57,40,305.2,80,IBM
2025-12-17,9:45:05.304085934,T,304.51,40,305.2,80,IBM
2025-12-17,9:45:06.609884598,T,304.57,40,305.2,80,IBM
2025-12-17,9:45:07.121597719,T,304.51,40,305.2,80,IBM
2025-12-17,9:45:07.123427066,T,304.57,40,305.2,80,IBM
2025-12-17,9:45:07.988521481,T,304.51,40,305.2,80,IBM
2025-12-17,9:45:08.444592190,T,304.57,40,305.2,80,IBM
2025-12-17,9:45:08.445604599,T,304.5,40,305.2,80,IBM
2025-12-17,9:45:08.445960437,T,304.68,80,305.2,80,IBM
2025-12-17,9:45:08.446727302,T,304.68,120,305.2,80,IBM
2025-12-17,9:45:13.466928366,T,304.68,40,305.2,80,IBM
2025-12-17,9:45:25.052799520,T,304.69,40,305.2,80,IBM
2025-12-17,9:45:26.104808939,T,304.69,80,305.2,80,IBM
2025-12-17,9:45:33.686577935,T,304.69,80,305.17,40,IBM
2025-12-17,9:45:33.808077066,T,304.69,80,305.2,80,IBM
2025-12-17,9:45:36.318007180,T,304.69,40,305.2,80,IBM
2025-12-17,9:45:36.338526122,T,304.69,40,305.17,40,IBM
2025-12-17,9:45:36.338541116,T,304.69,40,305.03,40,IBM
2025-12-17,9:45:36.338561209,T,304.5,40,305.03,40,IBM
2025-12-17,9:45:36.338566168,T,304.42,40,305.03,40,IBM
2025-12-17,9:45:36.338566168,T,304.3,40,305.03,40,IBM
2025-12-17,9:45:36.338571408,T,304.3,40,305.02,40,IBM
2025-12-17,9:45:36.338611230,T,304.3,40,305.17,40,IBM
2025-12-17,9:45:36.338611230,T,304.3,40,304.87,40,IBM
2025-12-17,9:45:36.338616256,T,304.3,40,304.87,80,IBM
2025-12-17,9:45:36.338917013,T,304.3,40,304.83,40,IBM
2025-12-17,9:45:36.339132538,T,304.3,40,304.83,80,IBM
2025-12-17,9:45:36.339834175,T,304.34,40,304.83,80,IBM
2025-12-17,9:45:36.339839521,T,304.34,40,304.83,40,IBM
2025-12-17,9:45:36.350469493,T,304.34,40,304.83,80,IBM
2025-12-17,9:45:36.409755684,T,304.4,40,304.83,80,IBM
2025-12-17,9:45:37.019617481,T,304.63,40,304.83,80,IBM
2025-12-17,9:45:37.019657530,T,304.49,40,304.83,80,IBM
2025-12-17,9:45:37.119705720,T,304.42,40,304.83,80,IBM
2025-12-17,9:45:37.177097396,T,304.52,40,304.83,80,IBM
2025-12-17,9:45:37.177117373,T,304.52,80,304.83,80,IBM
2025-12-17,9:45:38.324478918,T,304.52,40,304.83,80,IBM
2025-12-17,9:45:39.683037998,T,304.52,40,304.83,120,IBM
2025-12-17,9:45:42.917532890,T,304.52,80,304.83,120,IBM
2025-12-17,9:45:44.763993754,T,304.52,80,304.83,80,IBM
2025-12-17,9:45:44.764068853,T,304.52,40,304.83,80,IBM
2025-12-17,9:45:44.764469805,T,304.54,40,304.83,80,IBM
2025-12-17,9:45:44.771867423,T,304.54,40,304.83,40,IBM
2025-12-17,9:45:44.970921317,T,304.55,80,304.83,40,IBM
2025-12-17,9:45:44.971352340,T,304.55,80,305.13,200,IBM
2025-12-17,9:45:44.971713204,T,304.55,120,305.13,200,IBM
2025-12-17,9:45:45.028809133,T,304.55,40,305.13,200,IBM
2025-12-17,9:45:45.029024567,T,304.55,80,305.13,200,IBM
2025-12-17,9:45:47.521713610,T,304.55,40,305.13,200,IBM
2025-12-17,9:45:47.522229871,T,304.52,40,305.13,200,IBM
2025-12-17,9:45:47.522620801,T,304.57,40,305.13,200,IBM
2025-12-17,9:45:48.621065866,T,304.57,80,305.13,200,IBM
2025-12-17,9:45:48.901433255,T,304.57,40,305.13,200,IBM
2025-12-17,9:45:48.901443298,T,304.52,40,305.13,200,IBM
2025-12-17,9:45:48.901829276,T,304.59,40,305.13,200,IBM
2025-12-17,9:45:48.901834235,T,304.59,80,305.13,200,IBM
2025-12-17,9:45:50.280681630,T,304.59,40,305.13,200,IBM
2025-12-17,9:45:50.280681630,T,304.52,40,305.13,200,IBM
2025-12-17,9:45:50.281062734,T,304.61,40,305.13,200,IBM
2025-12-17,9:45:50.281062734,T,304.61,80,305.13,200,IBM
2025-12-17,9:45:50.281147820,T,304.61,120,305.13,200,IBM
2025-12-17,9:45:51.235875517,T,304.61,120,304.84,40,IBM
2025-12-17,9:45:51.236301550,T,304.61,120,304.84,80,IBM
2025-12-17,9:45:51.601255339,T,304.61,120,304.84,40,IBM
2025-12-17,9:45:51.643826735,T,304.61,120,305.13,160,IBM
2025-12-17,9:45:51.643836803,T,304.61,160,305.13,160,IBM
2025-12-17,9:45:51.643841787,T,304.61,160,304.84,40,IBM
2025-12-17,9:45:51.643841787,T,304.61,160,305.13,160,IBM
2025-12-17,9:45:51.643851796,T,304.72,40,305.13,160,IBM
2025-12-17,9:45:51.643886845,T,304.62,40,305.13,160,IBM
2025-12-17,9:45:51.643916887,T,304.72,40,305.13,160,IBM
2025-12-17,9:45:51.644317910,T,304.72,40,305.2,80,IBM
2025-12-17,9:45:51.644678759,T,304.72,80,305.2,80,IBM
2025-12-17,9:45:51.644989469,T,304.72,120,305.2,80,IBM
2025-12-17,9:45:51.644989469,T,304.72,160,305.2,80,IBM
2025-12-17,9:45:51.659910057,T,304.72,120,305.2,80,IBM
2025-12-17,9:45:51.659910057,T,304.72,80,305.2,80,IBM
2025-12-17,9:45:51.660300918,T,304.79,40,305.2,80,IBM
2025-12-17,9:45:51.660305935,T,304.79,80,305.2,80,IBM
2025-12-17,9:45:51.663353157,T,304.79,120,305.2,80,IBM
2025-12-17,9:45:52.206305799,T,304.79,80,305.2,80,IBM
2025-12-17,9:45:53.039158516,T,304.79,40,305.2,80,IBM
2025-12-17,9:45:53.039163401,T,304.72,80,305.2,80,IBM
2025-12-17,9:45:53.039544352,T,304.8,40,305.2,80,IBM
2025-12-17,9:45:53.039549308,T,304.8,80,305.2,80,IBM
2025-12-17,9:45:53.318949532,T,304.8,40,305.2,80,IBM
2025-12-17,9:45:55.536889443,T,304.72,80,305.2,80,IBM
2025-12-17,9:45:55.536924511,T,304.72,40,305.2,80,IBM
2025-12-17,9:45:56.484765943,T,304.72,40,304.98,40,IBM
2025-12-17,9:45:56.485076695,T,304.72,40,304.94,40,IBM
2025-12-17,9:45:56.485111818,T,304.72,40,304.92,40,IBM
2025-12-17,9:45:56.485267151,T,304.72,40,304.92,80,IBM
2025-12-17,9:45:56.485322294,T,304.42,40,304.92,80,IBM
2025-12-17,9:45:56.485337305,T,304.41,160,304.92,80,IBM
2025-12-17,9:45:56.485572887,T,304.41,160,304.92,40,IBM
2025-12-17,9:45:59.076580953,T,304.42,40,304.92,40,IBM
2025-12-17,9:45:59.087632363,T,304.6,40,304.92,40,IBM
2025-12-17,9:46:01.035248842,T,304.6,40,305.17,40,IBM
2025-12-17,9:46:01.038757227,T,304.6,40,305.15,40,IBM
2025-12-17,9:46:01.559421656,T,304.6,40,305.17,40,IBM
2025-12-17,9:46:01.607756688,T,304.5,40,305.17,40,IBM
2025-12-17,9:46:02.147536666,T,304.6,40,305.17,40,IBM
2025-12-17,9:46:04.522846253,T,304.42,40,305.17,40,IBM
2025-12-17,9:46:04.522871331,T,304.42,40,304.88,40,IBM
2025-12-17,9:46:04.522986693,T,304.41,160,304.88,40,IBM
2025-12-17,9:46:04.523407641,T,304.41,160,304.88,80,IBM
2025-12-17,9:46:05.978671914,T,304.6,40,304.88,80,IBM
2025-12-17,9:46:05.979985131,T,304.6,40,304.88,40,IBM
2025-12-17,9:46:07.423681927,T,304.6,80,304.88,40,IBM
2025-12-17,9:46:07.423701910,T,304.6,80,305.15,40,IBM
2025-12-17,9:46:07.423721981,T,304.6,80,305.07,40,IBM
2025-12-17,9:46:09.248235348,T,304.6,40,305.07,40,IBM
2025-12-17,9:46:10.052820740,T,304.6,80,305.07,40,IBM
2025-12-17,9:46:10.054254144,T,304.6,80,305.03,40,IBM
2025-12-17,9:46:12.178661522,T,304.6,80,305.07,40,IBM
2025-12-17,9:46:12.178661522,T,304.6,80,305.14,200,IBM
2025-12-17,9:46:12.178726777,T,304.62,40,305.14,200,IBM
2025-12-17,9:46:12.178751720,T,304.6,80,305.14,200,IBM
2025-12-17,9:46:12.178751720,T,304.71,40,305.14,200,IBM
2025-12-17,9:46:12.178957165,T,304.61,40,305.14,200,IBM
2025-12-17,9:46:12.179162636,T,304.71,40,305.14,200,IBM
2025-12-17,9:46:12.179257858,T,304.6,40,305.14,200,IBM
2025-12-17,9:46:12.179303042,T,304.71,40,305.14,200,IBM
2025-12-17,9:46:12.179328026,T,304.6,40,305.14,200,IBM
2025-12-17,9:46:12.179333068,T,304.61,40,305.14,200,IBM
2025-12-17,9:46:12.179713977,T,304.61,80,305.14,200,IBM
2025-12-17,9:46:12.179739074,T,304.61,40,305.14,200,IBM
2025-12-17,9:46:12.179764161,T,304.42,40,305.14,200,IBM
2025-12-17,9:46:12.179869463,T,304.34,40,305.14,200,IBM
2025-12-17,9:46:12.179894366,T,304.34,40,305.14,240,IBM
2025-12-17,9:46:12.179894366,T,304.34,40,305.06,40,IBM
2025-12-17,9:46:12.180114999,T,304.61,40,305.06,40,IBM
2025-12-17,9:46:12.279922523,T,304.61,40,305.14,200,IBM
2025-12-17,9:46:13.180300938,T,304.61,80,305.14,200,IBM
2025-12-17,9:46:13.214387152,T,304.61,80,305.0,80,IBM
2025-12-17,9:46:15.207922842,T,304.61,40,305.0,80,IBM
2025-12-17,9:46:16.520367321,T,304.34,40,305.0,80,IBM
2025-12-17,9:46:16.520427440,T,304.26,40,305.0,80,IBM
2025-12-17,9:46:17.367323505,T,304.26,40,304.98,40,IBM
2025-12-17,9:46:17.367388674,T,304.26,40,304.97,40,IBM
2025-12-17,9:46:17.367544090,T,304.25,160,304.97,40,IBM
2025-12-17,9:46:17.367584162,T,304.25,160,304.83,40,IBM
2025-12-17,9:46:17.377778368,T,304.25,160,304.97,40,IBM
2025-12-17,9:46:17.417833837,T,304.25,160,304.98,40,IBM
2025-12-17,9:46:17.417833837,T,304.25,160,304.82,40,IBM
2025-12-17,9:46:17.467647316,T,304.25,160,304.97,40,IBM
2025-12-17,9:46:17.622160169,T,304.25,160,304.98,40,IBM
2025-12-17,9:46:17.879527814,T,304.25,160,305.0,80,IBM
2025-12-17,9:46:21.493791978,T,304.25,160,305.14,200,IBM
2025-12-17,9:46:23.381059739,T,304.52,40,305.14,200,IBM
2025-12-17,9:46:33.785483952,T,304.25,160,305.14,200,IBM
2025-12-17,9:46:37.682947337,T,304.25,160,304.89,40,IBM
2025-12-17,9:46:38.703797609,T,304.25,160,304.86,40,IBM
2025-12-17,9:46:40.069904754,T,304.25,160,304.79,40,IBM
2025-12-17,9:46:40.069914800,T,304.25,160,304.79,80,IBM
2025-12-17,9:46:40.069949867,T,304.25,160,304.66,40,IBM
2025-12-17,9:46:40.070235572,T,304.25,160,304.79,80,IBM
2025-12-17,9:46:40.070315742,T,304.25,160,304.79,40,IBM
2025-12-17,9:46:40.070360790,T,304.25,160,304.86,40,IBM
2025-12-17,9:46:40.070360790,T,304.25,160,304.79,40,IBM
2025-12-17,9:46:40.072495914,T,304.1,40,304.79,40,IBM
2025-12-17,9:46:40.072505999,T,304.11,160,304.79,40,IBM
2025-12-17,9:46:40.079452466,T,304.11,160,304.86,40,IBM
2025-12-17,9:46:40.857073780,T,304.38,40,304.86,40,IBM
2025-12-17,9:46:41.183961869,T,304.38,40,304.98,160,IBM
2025-12-17,9:46:41.187294794,T,304.38,80,304.98,160,IBM
2025-12-17,9:46:41.187299860,T,304.39,40,304.98,160,IBM
2025-12-17,9:46:41.187305245,T,304.42,40,304.98,160,IBM
2025-12-17,9:46:41.187339907,T,304.39,40,304.98,160,IBM
2025-12-17,9:46:41.188427530,T,304.39,80,304.98,160,IBM
2025-12-17,9:46:41.287839241,T,304.39,40,304.98,160,IBM
2025-12-17,9:46:41.288024650,T,304.13,40,304.98,160,IBM
2025-12-17,9:46:41.288084787,T,304.42,40,304.98,160,IBM
2025-12-17,9:46:41.288405671,T,304.42,80,304.98,160,IBM
2025-12-17,9:46:41.426273704,T,304.44,40,304.98,160,IBM
2025-12-17,9:46:41.427020510,T,304.44,80,304.98,160,IBM
2025-12-17,9:46:44.521802978,T,304.44,40,304.98,160,IBM
2025-12-17,9:46:44.522184030,T,304.45,40,304.98,160,IBM
2025-12-17,9:46:45.801950485,T,304.44,40,304.98,160,IBM
2025-12-17,9:46:45.802341354,T,304.46,40,304.98,160,IBM
2025-12-17,9:46:46.589705779,T,304.46,80,304.98,160,IBM
2025-12-17,9:46:46.590051547,T,304.46,120,304.98,160,IBM
2025-12-17,9:46:46.590051547,T,304.62,40,304.98,160,IBM
2025-12-17,9:46:46.590838499,T,304.62,80,304.98,160,IBM
2025-12-17,9:46:46.590853457,T,304.62,120,304.98,160,IBM
2025-12-17,9:46:46.593113860,T,304.62,120,305.17,40,IBM
2025-12-17,9:46:48.652070443,T,304.62,160,305.17,40,IBM
2025-12-17,9:46:48.656766629,T,304.62,120,305.17,40,IBM
2025-12-17,9:46:48.748936040,T,304.62,80,305.17,40,IBM
2025-12-17,9:46:49.666064234,T,304.62,80,304.93,40,IBM
2025-12-17,9:46:50.280411836,T,304.62,120,304.93,40,IBM
2025-12-17,9:46:51.025139724,T,304.62,80,304.93,40,IBM
2025-12-17,9:46:53.591203372,T,304.62,40,304.93,40,IBM
2025-12-17,9:46:54.800662616,T,304.62,40,305.19,200,IBM
2025-12-17,9:46:57.343305530,T,304.62,40,305.17,40,IBM
2025-12-17,9:47:03.025497575,T,304.44,40,305.17,40,IBM
2025-12-17,9:47:03.742043414,T,304.62,40,305.17,40,IBM
2025-12-17,9:47:06.913172609,T,304.62,40,305.19,200,IBM
2025-12-17,9:47:09.829660451,T,304.62,80,305.19,200,IBM
2025-12-17,9:47:14.298569156,T,304.62,40,305.19,200,IBM
2025-12-17,9:47:15.276843048,T,304.62,80,305.19,200,IBM
2025-12-17,9:47:16.258194232,T,304.62,80,304.89,80,IBM
2025-12-17,9:47:16.501102433,T,304.62,40,304.89,80,IBM
2025-12-17,9:47:16.503187414,T,304.61,40,304.89,80,IBM
2025-12-17,9:47:16.812353528,T,304.62,80,304.89,80,IBM
2025-12-17,9:47:17.764299696,T,304.61,40,304.89,80,IBM
2025-12-17,9:47:18.081850630,T,304.62,40,304.89,80,IBM
2025-12-17,9:47:21.430176636,T,304.61,40,304.89,80,IBM
2025-12-17,9:47:23.350402781,T,304.62,40,304.89,80,IBM
2025-12-17,9:47:23.350452841,T,304.61,40,304.89,80,IBM
2025-12-17,9:47:23.912982149,T,304.61,40,304.88,40,IBM
2025-12-17,9:47:25.951499964,T,304.61,40,304.89,80,IBM
2025-12-17,9:47:26.215418402,T,304.61,40,305.17,40,IBM
2025-12-17,9:47:26.261718643,T,304.61,40,304.83,80,IBM
2025-12-17,9:47:27.002451928,T,304.61,80,304.83,80,IBM
2025-12-17,9:47:28.878693493,T,304.61,40,304.83,80,IBM
2025-12-17,9:47:28.879104422,T,304.61,80,304.83,80,IBM
2025-12-17,9:47:28.879159641,T,304.61,40,304.83,80,IBM
2025-12-17,9:47:28.879545569,T,304.61,80,304.83,80,IBM
2025-12-17,9:47:28.879801123,T,304.61,120,304.83,80,IBM
2025-12-17,9:47:28.879871267,T,304.61,80,304.83,80,IBM
2025-12-17,9:47:28.879936454,T,304.61,120,304.83,80,IBM
2025-12-17,9:47:28.880182018,T,304.62,40,304.83,80,IBM
2025-12-17,9:47:28.880212130,T,304.61,80,304.83,80,IBM
2025-12-17,9:47:28.880212130,T,304.71,40,304.83,80,IBM
2025-12-17,9:47:28.880272503,T,304.61,80,304.83,80,IBM
2025-12-17,9:47:28.880638238,T,304.71,40,304.83,80,IBM
2025-12-17,9:47:28.880693262,T,304.61,80,304.83,80,IBM
2025-12-17,9:47:28.880813552,T,304.61,40,304.83,80,IBM
2025-12-17,9:47:28.880878685,T,304.61,80,304.83,80,IBM
2025-12-17,9:47:28.882983694,T,304.61,40,304.83,80,IBM
2025-12-17,9:47:28.883119023,T,304.61,80,304.83,80,IBM
2025-12-17,9:47:28.883254360,T,304.61,120,304.83,80,IBM
2025-12-17,9:47:29.177003585,T,304.61,80,304.83,80,IBM
2025-12-17,9:47:32.103710945,T,304.61,120,304.83,80,IBM
2025-12-17,9:47:32.134358827,T,304.61,120,304.83,40,IBM
2025-12-17,9:47:32.134383875,T,304.61,120,305.17,40,IBM
2025-12-17,9:47:32.134424007,T,304.61,160,305.17,40,IBM
2025-12-17,9:47:32.134439023,T,304.7,40,305.17,40,IBM
2025-12-17,9:47:32.134499690,T,304.62,40,305.17,40,IBM
2025-12-17,9:47:32.134704645,T,304.72,40,305.17,40,IBM
2025-12-17,9:47:32.135481526,T,304.72,80,305.17,40,IBM
2025-12-17,9:47:32.139250477,T,304.72,40,305.17,40,IBM
2025-12-17,9:47:32.295823243,T,304.72,80,305.17,40,IBM
2025-12-17,9:47:32.742877524,T,304.72,120,305.17,40,IBM
2025-12-17,9:47:34.040942624,T,304.72,80,305.17,40,IBM
2025-12-17,9:47:34.040952668,T,304.72,40,305.17,40,IBM
2025-12-17,9:47:34.041338917,T,304.73,40,305.17,40,IBM
2025-12-17,9:47:34.041343610,T,304.73,80,305.17,40,IBM
2025-12-17,9:47:34.792161122,T,304.73,80,305.19,200,IBM
2025-12-17,9:47:36.208041944,T,304.73,80,304.91,40,IBM
2025-12-17,9:47:37.416914649,T,304.73,40,304.91,40,IBM
2025-12-17,9:47:37.562105263,T,304.73,40,305.19,200,IBM
2025-12-17,9:47:39.331327051,T,304.73,80,305.19,200,IBM
2025-12-17,9:47:39.331402156,T,304.8,40,305.19,200,IBM
2025-12-17,9:47:39.331768129,T,304.73,40,305.19,200,IBM
2025-12-17,9:47:39.331863289,T,304.72,40,305.19,200,IBM
2025-12-17,9:47:39.332244227,T,304.8,40,305.19,200,IBM
2025-12-17,9:47:39.599991564,T,304.72,40,305.19,200,IBM
2025-12-17,9:47:39.652160842,T,304.8,40,305.19,200,IBM
2025-12-17,9:47:39.652476526,T,304.82,40,305.19,200,IBM
2025-12-17,9:47:39.653092961,T,304.72,40,305.19,200,IBM
2025-12-17,9:47:39.653092961,T,304.89,40,305.19,200,IBM
2025-12-17,9:47:39.654571576,T,304.82,40,305.19,200,IBM
2025-12-17,9:47:39.654586518,T,304.61,80,305.19,200,IBM
2025-12-17,9:47:39.657904478,T,304.61,40,305.19,200,IBM
2025-12-17,9:47:39.882464007,T,304.74,40,305.19,200,IBM
2025-12-17,9:47:41.772744102,T,304.85,40,305.19,200,IBM
2025-12-17,9:47:41.773536033,T,304.85,80,305.19,200,IBM
2025-12-17,9:47:42.240026499,T,304.85,40,305.19,200,IBM
2025-12-17,9:47:42.816975020,T,304.89,40,305.19,200,IBM
2025-12-17,9:47:42.816985030,T,304.85,40,305.19,200,IBM
2025-12-17,9:47:42.817005493,T,304.85,40,305.17,40,IBM
2025-12-17,9:47:42.917003081,T,304.85,40,305.19,200,IBM
2025-12-17,9:47:43.360919908,T,304.85,40,305.17,40,IBM
2025-12-17,9:47:43.367365208,T,304.85,40,305.19,200,IBM
2025-12-17,9:47:43.367796225,T,304.89,40,305.19,200,IBM
2025-12-17,9:47:43.367816377,T,304.85,40,305.19,200,IBM
2025-12-17,9:47:43.368021790,T,304.85,40,305.17,120,IBM
2025-12-17,9:47:43.368162209,T,304.85,80,305.17,120,IBM
2025-12-17,9:47:43.368688442,T,304.85,40,305.17,120,IBM
2025-12-17,9:47:44.026539691,T,304.85,80,305.17,120,IBM
2025-12-17,9:47:45.542658931,T,304.94,40,305.17,120,IBM
2025-12-17,9:47:45.542964656,T,304.94,40,305.17,80,IBM
2025-12-17,9:47:45.543445727,T,304.94,80,305.17,80,IBM
2025-12-17,9:47:45.570089176,T,304.94,40,305.17,80,IBM
2025-12-17,9:47:45.642687073,T,304.94,40,305.17,40,IBM
2025-12-17,9:47:45.642722071,T,304.94,40,305.33,160,IBM
2025-12-17,9:47:45.642757219,T,305.06,40,305.33,160,IBM
2025-12-17,9:47:45.645649034,T,305.06,40,305.6,160,IBM
2025-12-17,9:47:45.645654030,T,305.06,40,305.49,200,IBM
2025-12-17,9:47:46.285351858,T,305.06,80,305.49,200,IBM
2025-12-17,9:47:50.357285400,T,305.06,40,305.49,200,IBM
2025-12-17,9:47:51.102890456,T,304.95,40,305.49,200,IBM
2025-12-17,9:47:52.024534498,T,304.94,40,305.49,200,IBM
2025-12-17,9:47:57.108617630,T,305.06,40,305.49,200,IBM
2025-12-17,9:47:58.210305230,T,304.94,40,305.49,200,IBM
2025-12-17,9:48:01.041635615,T,304.94,80,305.49,200,IBM
2025-12-17,9:48:01.042126803,T,304.94,40,305.49,200,IBM
2025-12-17,9:48:02.692781345,T,304.96,40,305.49,200,IBM
2025-12-17,9:48:03.236611037,T,304.94,40,305.49,200,IBM
2025-12-17,9:48:04.282004611,T,304.94,40,305.31,80,IBM
2025-12-17,9:48:04.282215146,T,304.94,40,305.31,120,IBM
2025-12-17,9:48:04.282245185,T,304.94,40,305.31,160,IBM
2025-12-17,9:48:04.296153327,T,304.94,40,305.31,120,IBM
2025-12-17,9:48:04.296844921,T,304.94,40,305.24,80,IBM
2025-12-17,9:48:04.951904444,T,304.94,40,305.24,120,IBM
2025-12-17,9:48:04.951919403,T,304.94,40,305.24,80,IBM
2025-12-17,9:48:04.952410600,T,304.94,40,305.24,120,IBM
2025-12-17,9:48:04.952936850,T,304.94,40,305.24,80,IBM
2025-12-17,9:48:04.953538245,T,304.94,40,305.24,120,IBM
2025-12-17,9:48:05.868421395,T,304.94,40,305.24,160,IBM
2025-12-17,9:48:05.868661970,T,304.94,40,305.23,40,IBM
2025-12-17,9:48:05.868661970,T,304.94,40,305.24,160,IBM
2025-12-17,9:48:05.869238364,T,304.94,40,305.24,120,IBM
2025-12-17,9:48:05.869298509,T,304.94,40,305.24,160,IBM
2025-12-17,9:48:06.517957759,T,304.94,40,305.24,120,IBM
2025-12-17,9:48:06.517977809,T,304.94,40,305.24,80,IBM
2025-12-17,9:48:07.363856441,T,304.94,80,305.24,80,IBM
2025-12-17,9:48:08.297769631,T,304.94,80,305.31,80,IBM
2025-12-17,9:48:12.711055828,T,304.94,80,305.49,200,IBM
2025-12-17,9:48:12.801922108,T,304.94,120,305.49,200,IBM
2025-12-17,9:48:13.716569605,T,304.94,80,305.49,200,IBM
2025-12-17,9:48:13.716579580,T,304.94,40,305.49,200,IBM
2025-12-17,9:48:13.716965510,T,304.95,40,305.49,200,IBM
2025-12-17,9:48:13.716965510,T,304.95,80,305.49,200,IBM
2025-12-17,9:48:16.345813985,T,304.95,120,305.49,200,IBM
2025-12-17,9:48:17.681789362,T,304.95,120,305.42,40,IBM
2025-12-17,9:48:17.785225660,T,304.95,80,305.42,40,IBM
2025-12-17,9:48:20.089065031,T,304.95,40,305.42,40,IBM
2025-12-17,9:48:23.454531797,T,304.85,40,305.42,40,IBM
2025-12-17,9:48:24.492482678,T,304.95,40,305.42,40,IBM
2025-12-17,9:48:25.812024117,T,304.85,40,305.42,40,IBM
2025-12-17,9:48:29.746019279,T,304.85,40,305.41,40,IBM
2025-12-17,9:48:29.927511347,T,304.85,40,305.31,40,IBM
2025-12-17,9:48:29.927511347,T,304.85,40,305.41,40,IBM
2025-12-17,9:48:29.964990503,T,304.85,40,305.2,80,IBM
2025-12-17,9:48:30.165943964,T,304.85,40,305.41,40,IBM
2025-12-17,9:48:30.498350291,T,304.95,40,305.41,40,IBM
2025-12-17,9:48:30.579944550,T,304.95,40,305.35,40,IBM
2025-12-17,9:48:32.121373956,T,304.95,40,305.22,40,IBM
2025-12-17,9:48:32.121384007,T,304.95,40,305.35,40,IBM
2025-12-17,9:48:32.489435674,T,304.95,40,305.41,40,IBM
2025-12-17,9:48:32.489435674,T,304.85,40,305.41,40,IBM
2025-12-17,9:48:32.489440285,T,304.85,40,305.2,40,IBM
2025-12-17,9:48:32.489470708,T,304.85,40,305.1,40,IBM
2025-12-17,9:48:32.489480309,T,304.85,40,305.03,40,IBM
2025-12-17,9:48:32.489665814,T,304.85,40,305.02,40,IBM
2025-12-17,9:48:32.490367405,T,304.85,40,305.03,40,IBM
2025-12-17,9:48:32.490397563,T,304.85,40,305.07,40,IBM
2025-12-17,9:48:36.697452827,T,304.85,80,305.07,40,IBM
2025-12-17,9:48:36.698259701,T,304.85,120,305.07,40,IBM
2025-12-17,9:48:38.406250782,T,304.85,80,305.07,40,IBM
2025-12-17,9:48:38.406265915,T,304.85,80,305.35,200,IBM
2025-12-17,9:48:38.406671796,T,304.86,40,305.35,200,IBM
2025-12-17,9:48:46.771881150,T,304.86,40,305.35,160,IBM
2025-12-17,9:48:46.771926274,T,304.86,40,305.35,200,IBM
2025-12-17,9:48:46.832305069,T,304.85,80,305.35,200,IBM
2025-12-17,9:48:46.834324829,T,304.85,80,305.2,40,IBM
2025-12-17,9:48:46.834580424,T,304.85,80,305.18,40,IBM
2025-12-17,9:48:47.759421965,T,304.86,80,305.18,40,IBM
2025-12-17,9:48:48.069880917,T,304.85,80,305.18,40,IBM
2025-12-17,9:48:48.374957157,T,304.86,40,305.18,40,IBM
2025-12-17,9:48:48.979165529,T,304.85,80,305.18,40,IBM
2025-12-17,9:48:52.229929355,T,304.86,40,305.18,40,IBM
2025-12-17,9:49:05.100323343,T,304.86,80,305.18,40,IBM
2025-12-17,9:49:09.356700968,T,304.86,40,305.18,40,IBM
2025-12-17,9:49:09.356700968,T,304.85,40,305.18,40,IBM
2025-12-17,9:49:09.356726159,T,304.85,40,305.06,40,IBM
2025-12-17,9:49:09.356751023,T,304.85,40,305.02,40,IBM
2025-12-17,9:49:09.356806278,T,304.85,40,304.96,40,IBM
2025-12-17,9:49:09.356996666,T,304.74,40,304.96,40,IBM
2025-12-17,9:49:09.367140785,T,304.74,40,305.02,40,IBM
2025-12-17,9:49:09.468071045,T,304.74,40,304.96,40,IBM
2025-12-17,9:49:10.544639339,T,304.74,40,305.03,40,IBM
2025-12-17,9:49:10.550903932,T,304.74,80,305.03,40,IBM
2025-12-17,9:49:10.569407970,T,304.74,80,304.94,80,IBM
2025-12-17,9:49:10.569889105,T,304.74,80,305.03,40,IBM
2025-12-17,9:49:10.579677387,T,304.74,80,304.96,40,IBM
2025-12-17,9:49:10.581772336,T,304.74,80,305.02,40,IBM
2025-12-17,9:49:10.583496456,T,304.74,80,305.03,40,IBM
2025-12-17,9:49:10.586293185,T,304.79,40,305.03,40,IBM
2025-12-17,9:49:10.595690526,T,304.85,40,305.03,40,IBM
2025-12-17,9:49:10.601800108,T,304.85,40,304.96,80,IBM
2025-12-17,9:49:10.602015625,T,304.85,40,305.03,40,IBM
2025-12-17,9:49:10.602892633,T,304.85,40,305.02,80,IBM
2025-12-17,9:49:10.602912713,T,304.96,40,305.02,80,IBM
2025-12-17,9:49:10.603138275,T,304.76,40,305.02,80,IBM
2025-12-17,9:49:10.604321044,T,304.74,80,305.02,80,IBM
2025-12-17,9:49:10.606521334,T,304.85,80,305.02,80,IBM
2025-12-17,9:49:10.611683566,T,304.85,80,305.03,40,IBM
2025-12-17,9:49:10.618840674,T,304.85,80,304.96,80,IBM
2025-12-17,9:49:10.619031228,T,304.85,80,305.03,40,IBM
2025-12-17,9:49:10.621341609,T,304.96,40,305.03,40,IBM
2025-12-17,9:49:10.621562162,T,304.85,80,305.03,40,IBM
2025-12-17,9:49:10.656415099,T,304.74,40,305.03,40,IBM
2025-12-17,9:49:10.711741827,T,304.74,40,305.34,40,IBM
2025-12-17,9:49:10.712027452,T,304.74,40,305.37,160,IBM
2025-12-17,9:49:10.713666363,T,304.74,40,305.02,40,IBM
2025-12-17,9:49:10.714047284,T,304.74,40,304.96,40,IBM
2025-12-17,9:49:10.714137547,T,304.74,40,305.06,40,IBM
2025-12-17,9:49:10.714137547,T,304.74,40,305.37,160,IBM
2025-12-17,9:49:10.714147532,T,304.74,80,305.37,160,IBM
2025-12-17,9:49:10.714322946,T,304.96,40,305.37,160,IBM
2025-12-17,9:49:10.737969236,T,304.77,40,305.37,160,IBM
2025-12-17,9:49:10.746965626,T,304.74,40,305.37,160,IBM
2025-12-17,9:49:10.770752271,T,304.85,40,305.37,160,IBM
2025-12-17,9:49:10.788023395,T,304.74,40,305.37,160,IBM
2025-12-17,9:49:11.054392429,T,304.8,40,305.37,160,IBM
2025-12-17,9:49:11.176242612,T,304.93,40,305.37,160,IBM
2025-12-17,9:49:11.176352832,T,305.0,40,305.37,160,IBM
2025-12-17,9:49:11.176387889,T,305.01,40,305.37,160,IBM
2025-12-17,9:49:11.177154718,T,305.0,40,305.37,160,IBM
2025-12-17,9:49:11.177255072,T,305.0,40,305.6,160,IBM
2025-12-17,9:49:11.177284991,T,305.0,40,305.6,120,IBM
2025-12-17,9:49:11.180878597,T,304.93,40,305.6,120,IBM
2025-12-17,9:49:11.180898629,T,304.8,40,305.6,120,IBM
2025-12-17,9:49:11.198545617,T,304.8,40,305.6,160,IBM
2025-12-17,9:49:11.456344426,T,304.93,40,305.6,160,IBM
2025-12-17,9:49:11.557400122,T,304.93,40,305.45,200,IBM
2025-12-17,9:49:11.557430117,T,304.8,40,305.45,200,IBM
2025-12-17,9:49:12.169732765,T,304.93,40,305.45,200,IBM
2025-12-17,9:49:12.498184644,T,304.8,40,305.45,200,IBM
2025-12-17,9:49:12.507130995,T,304.93,40,305.45,200,IBM
2025-12-17,9:49:12.601440500,T,304.8,40,305.45,200,IBM
2025-12-17,9:49:15.145807476,T,304.93,40,305.45,200,IBM
2025-12-17,9:49:15.368287066,T,304.8,40,305.45,200,IBM
2025-12-17,9:49:18.850101083,T,304.8,80,305.45,200,IBM
2025-12-17,9:49:18.850161252,T,304.94,40,305.45,200,IBM
2025-12-17,9:49:18.850542084,T,304.8,80,305.45,200,IBM
2025-12-17,9:49:18.850547121,T,305.05,40,305.45,200,IBM
2025-12-17,9:49:18.858255435,T,305.05,40,305.6,120,IBM
2025-12-17,9:49:18.860250183,T,304.93,40,305.6,120,IBM
2025-12-17,9:49:18.861332786,T,305.05,40,305.6,120,IBM
2025-12-17,9:49:18.967264917,T,304.82,40,305.6,120,IBM
2025-12-17,9:49:18.967269972,T,305.14,40,305.6,120,IBM
2025-12-17,9:49:18.971344673,T,304.82,40,305.6,120,IBM
2025-12-17,9:49:18.977619615,T,304.8,200,305.6,120,IBM
2025-12-17,9:49:19.325462570,T,304.82,40,305.6,120,IBM
2025-12-17,9:49:19.859082890,T,305.22,40,305.6,120,IBM
2025-12-17,9:49:22.164501245,T,305.23,40,305.6,120,IBM
2025-12-17,9:49:22.173392341,T,305.23,80,305.6,120,IBM
2025-12-17,9:49:22.174850789,T,305.23,80,305.62,200,IBM
2025-12-17,9:49:22.175697833,T,305.23,80,306.0,40,IBM
2025-12-17,9:49:22.175702805,T,305.23,80,305.8,200,IBM
2025-12-17,9:49:22.177943157,T,305.23,40,305.8,200,IBM
2025-12-17,9:49:22.733360427,T,305.23,80,305.8,200,IBM
2025-12-17,9:49:22.733390503,T,305.23,40,305.8,200,IBM
2025-12-17,9:49:22.733395477,T,305.23,80,305.8,200,IBM
2025-12-17,9:49:22.733540840,T,305.23,120,305.8,200,IBM
2025-12-17,9:49:22.736989017,T,305.23,80,305.8,200,IBM
2025-12-17,9:49:22.829574409,T,305.23,40,305.8,200,IBM
2025-12-17,9:49:23.799488409,T,305.23,40,306.23,40,IBM
2025-12-17,9:49:23.799498424,T,305.23,40,305.98,160,IBM
2025-12-17,9:49:23.826507749,T,305.22,40,305.98,160,IBM
2025-12-17,9:49:24.085985459,T,305.14,40,305.98,160,IBM
2025-12-17,9:49:24.086015537,T,305.06,160,305.98,160,IBM
2025-12-17,9:49:24.086170893,T,305.14,40,305.98,160,IBM
2025-12-17,9:49:24.086326261,T,305.25,40,305.98,160,IBM
2025-12-17,9:49:24.858258810,T,305.06,200,305.98,160,IBM
2025-12-17,9:49:24.858344065,T,305.25,40,305.98,160,IBM
2025-12-17,9:49:25.367912064,T,305.14,40,305.98,160,IBM
2025-12-17,9:49:25.367957273,T,305.06,200,305.98,160,IBM
2025-12-17,9:49:25.384301086,T,305.25,40,305.98,160,IBM
2025-12-17,9:49:25.489210869,T,305.06,200,305.98,160,IBM
2025-12-17,9:49:25.545259242,T,305.25,40,305.98,160,IBM
2025-12-17,9:49:25.851408115,T,305.06,200,305.98,160,IBM
2025-12-17,9:49:25.883018369,T,305.25,40,305.98,160,IBM
2025-12-17,9:49:26.844076233,T,305.06,200,305.98,160,IBM
2025-12-17,9:49:27.951382361,T,305.25,40,305.98,160,IBM
2025-12-17,9:49:28.428989337,T,305.32,80,305.98,160,IBM
2025-12-17,9:49:35.482560851,T,305.25,40,305.98,160,IBM
2025-12-17,9:49:35.482941764,T,305.33,80,305.98,160,IBM
2025-12-17,9:49:37.094172340,T,305.25,40,305.98,160,IBM
2025-12-17,9:49:37.094197406,T,305.06,200,305.98,160,IBM
2025-12-17,9:49:41.067681630,T,305.06,160,305.98,160,IBM
2025-12-17,9:49:46.040755595,T,305.33,40,305.98,160,IBM
2025-12-17,9:49:46.989143233,T,305.33,40,305.59,80,IBM
2025-12-17,9:49:48.539749497,T,305.33,40,305.59,120,IBM
2025-12-17,9:49:48.558469054,T,305.06,160,305.59,120,IBM
2025-12-17,9:49:48.558494167,T,305.06,160,305.58,40,IBM
2025-12-17,9:49:48.558509685,T,305.06,160,305.57,40,IBM
2025-12-17,9:49:48.558544560,T,305.06,160,305.49,40,IBM
2025-12-17,9:49:48.558714649,T,305.06,160,305.57,40,IBM
2025-12-17,9:49:48.558769772,T,305.06,160,305.46,40,IBM
2025-12-17,9:49:48.559972706,T,305.06,160,305.58,40,IBM
2025-12-17,9:49:48.562904632,T,304.9,40,305.58,40,IBM
2025-12-17,9:49:48.582120350,T,304.9,40,305.59,80,IBM
2025-12-17,9:49:48.582125339,T,304.9,40,305.57,40,IBM
2025-12-17,9:49:48.658697723,T,304.9,40,305.59,120,IBM
2025-12-17,9:49:48.658722698,T,304.9,40,305.59,80,IBM
2025-12-17,9:49:48.658757874,T,304.9,40,305.59,120,IBM
2025-12-17,9:49:48.658908151,T,304.9,40,305.59,160,IBM
2025-12-17,9:49:48.819655832,T,304.9,40,305.59,120,IBM
2025-12-17,9:49:48.820247238,T,304.9,40,305.59,80,IBM
2025-12-17,9:49:51.549905458,T,305.14,40,305.59,80,IBM
2025-12-17,9:49:53.205962990,T,305.14,40,305.61,40,IBM
2025-12-17,9:49:54.708635186,T,305.14,40,305.65,40,IBM
2025-12-17,9:49:54.710765235,T,304.9,40,305.65,40,IBM
2025-12-17,9:49:54.711151225,T,305.15,40,305.65,40,IBM
2025-12-17,9:49:55.297296572,T,305.15,40,305.73,40,IBM
2025-12-17,9:49:55.297386785,T,305.15,40,305.88,160,IBM
2025-12-17,9:49:55.297582247,T,305.17,40,305.88,160,IBM
2025-12-17,9:49:55.297582247,T,305.15,40,305.88,160,IBM
2025-12-17,9:49:55.297672423,T,305.14,40,305.88,160,IBM
2025-12-17,9:49:55.298053343,T,305.24,40,305.88,160,IBM
2025-12-17,9:49:55.298123448,T,305.24,80,305.88,160,IBM
2025-12-17,9:49:57.762655611,T,305.24,40,305.88,160,IBM
2025-12-17,9:50:02.565905063,T,305.25,40,305.88,160,IBM
2025-12-17,9:50:03.058597992,T,305.24,80,305.88,160,IBM
2025-12-17,9:50:03.114867055,T,305.28,40,305.88,160,IBM
2025-12-17,9:50:08.164537983,T,305.27,40,305.88,160,IBM
2025-12-17,9:50:10.638858275,T,305.27,40,305.6,40,IBM
2025-12-17,9:50:12.136668875,T,305.27,40,305.88,160,IBM
2025-12-17,9:50:14.497634462,T,305.27,80,305.88,160,IBM
2025-12-17,9:50:14.497634462,T,305.29,40,305.88,160,IBM
2025-12-17,9:50:14.497664554,T,305.34,40,305.88,160,IBM
2025-12-17,9:50:14.497714636,T,305.42,40,305.88,160,IBM
2025-12-17,9:50:14.497754753,T,305.43,40,305.88,160,IBM
2025-12-17,9:50:14.498060397,T,305.42,40,305.88,160,IBM
2025-12-17,9:50:14.498060397,T,305.53,40,305.88,160,IBM
2025-12-17,9:50:14.498757285,T,305.53,40,306.05,40,IBM
2025-12-17,9:50:14.499017695,T,305.43,40,306.05,40,IBM
2025-12-17,9:50:14.508570500,T,305.43,40,306.05,80,IBM
2025-12-17,9:50:14.517762303,T,305.43,40,306.0,40,IBM
2025-12-17,9:50:14.517767368,T,305.3,40,306.0,40,IBM
2025-12-17,9:50:14.518058297,T,305.43,40,306.0,40,IBM
2025-12-17,9:50:14.518078097,T,305.43,40,306.05,80,IBM
2025-12-17,9:50:14.547884055,T,305.3,40,306.05,80,IBM
2025-12-17,9:50:14.598604785,T,305.27,40,306.05,80,IBM
2025-12-17,9:50:14.760254631,T,305.27,40,305.8,80,IBM
2025-12-17,9:50:15.262344881,T,305.27,40,305.79,80,IBM
2025-12-17,9:50:15.271361318,T,305.27,40,306.05,80,IBM
2025-12-17,9:50:15.762751166,T,305.27,40,305.79,80,IBM
2025-12-17,9:50:15.771261530,T,305.27,40,306.05,80,IBM
2025-12-17,9:50:16.269146661,T,305.27,40,305.8,80,IBM
2025-12-17,9:50:16.776143597,T,305.27,40,305.79,80,IBM
2025-12-17,9:50:16.784749103,T,305.27,40,306.05,80,IBM
2025-12-17,9:50:17.409842103,T,305.27,40,305.8,80,IBM
2025-12-17,9:50:18.849514331,T,305.27,40,305.78,120,IBM
2025-12-17,9:50:19.101303796,T,305.27,40,305.8,80,IBM
2025-12-17,9:50:25.713644924,T,305.43,40,305.8,80,IBM
2025-12-17,9:50:26.048256491,T,305.43,40,306.0,40,IBM
2025-12-17,9:50:26.048376759,T,305.43,40,306.05,80,IBM
2025-12-17,9:50:26.048396878,T,305.6,40,306.05,80,IBM
2025-12-17,9:50:26.048537271,T,305.6,80,306.05,80,IBM
2025-12-17,9:50:26.049108601,T,305.6,120,306.05,80,IBM
2025-12-17,9:50:26.049394225,T,305.6,160,306.05,80,IBM
2025-12-17,9:50:26.051524343,T,305.6,200,306.05,80,IBM
2025-12-17,9:50:26.053313549,T,305.6,160,306.05,80,IBM
2025-12-17,9:50:26.061422835,T,305.6,160,306.05,40,IBM
2025-12-17,9:50:26.087379661,T,305.6,120,306.05,40,IBM
2025-12-17,9:50:26.148630491,T,305.6,80,306.05,40,IBM
2025-12-17,9:50:26.164448096,T,305.6,40,306.05,40,IBM
2025-12-17,9:50:28.634919265,T,305.38,40,306.05,40,IBM
2025-12-17,9:50:30.584991498,T,305.6,40,306.05,40,IBM
2025-12-17,9:50:30.585121925,T,305.73,40,306.05,40,IBM
2025-12-17,9:50:30.595511541,T,305.69,40,306.05,40,IBM
2025-12-17,9:50:30.682243063,T,305.38,40,306.05,40,IBM
2025-12-17,9:50:31.048665465,T,305.46,40,306.05,40,IBM
2025-12-17,9:50:31.535499397,T,305.69,40,306.05,40,IBM
2025-12-17,9:50:32.098920666,T,305.69,80,306.05,40,IBM
2025-12-17,9:50:32.098940679,T,305.76,40,306.05,40,IBM
2025-12-17,9:50:32.098965889,T,305.69,80,306.05,40,IBM
2025-12-17,9:50:32.098970734,T,305.76,40,306.05,40,IBM
2025-12-17,9:50:32.099126109,T,305.83,40,306.05,40,IBM
2025-12-17,9:50:32.099406789,T,305.88,40,306.05,40,IBM
2025-12-17,9:50:32.099757625,T,305.88,40,306.28,160,IBM
2025-12-17,9:50:32.102208547,T,305.88,40,306.34,40,IBM
2025-12-17,9:50:32.103927547,T,305.83,40,306.34,40,IBM
2025-12-17,9:50:32.121138608,T,305.83,40,306.36,120,IBM
2025-12-17,9:50:32.209964973,T,305.99,40,306.36,120,IBM
2025-12-17,9:50:32.210922296,T,305.99,80,306.36,120,IBM
2025-12-17,9:50:32.443225278,T,305.99,40,306.36,120,IBM
2025-12-17,9:50:34.410047233,T,305.83,40,306.36,120,IBM
2025-12-17,9:50:34.410428184,T,306.0,40,306.36,120,IBM
2025-12-17,9:50:34.685267391,T,305.83,40,306.36,120,IBM
2025-12-17,9:50:39.305145316,T,305.78,40,306.36,120,IBM
2025-12-17,9:50:39.305631459,T,305.7,40,306.36,120,IBM
2025-12-17,9:50:39.305656527,T,305.7,40,306.25,40,IBM
2025-12-17,9:50:39.305656527,T,305.7,40,306.24,40,IBM
2025-12-17,9:50:39.305691590,T,305.54,40,306.24,40,IBM
2025-12-17,9:50:39.305716880,T,305.54,40,306.13,40,IBM
2025-12-17,9:50:39.305721677,T,305.54,40,306.12,40,IBM
2025-12-17,9:50:39.305852108,T,305.52,160,306.12,40,IBM
2025-12-17,9:50:39.306072464,T,305.52,160,306.13,40,IBM
2025-12-17,9:50:39.306132681,T,305.62,40,306.13,40,IBM
2025-12-17,9:50:39.306152745,T,305.62,40,306.25,80,IBM
2025-12-17,9:50:39.306313053,T,305.62,40,306.2,40,IBM
2025-12-17,9:50:39.306724116,T,305.62,40,306.24,40,IBM
2025-12-17,9:50:39.315284488,T,305.62,40,306.25,80,IBM
2025-12-17,9:50:39.315935972,T,305.62,40,306.25,40,IBM
2025-12-17,9:50:39.315966125,T,305.62,40,306.36,160,IBM
2025-12-17,9:50:39.316136451,T,305.62,40,306.36,120,IBM
2025-12-17,9:50:46.301315185,T,305.52,160,306.36,120,IBM
2025-12-17,9:50:46.301425480,T,305.52,160,306.31,40,IBM
2025-12-17,9:50:46.301475673,T,305.52,160,306.24,40,IBM
2025-12-17,9:50:46.301515730,T,305.52,160,306.03,80,IBM
2025-12-17,9:50:46.301726203,T,305.52,160,306.03,120,IBM
2025-12-17,9:50:46.496625204,T,305.52,160,306.03,160,IBM
2025-12-17,9:50:46.496755566,T,305.52,160,305.89,40,IBM
2025-12-17,9:50:46.497091324,T,305.52,160,306.03,120,IBM
2025-12-17,9:50:46.497301749,T,305.52,160,306.03,160,IBM
2025-12-17,9:50:46.497512256,T,305.52,160,306.03,120,IBM
2025-12-17,9:50:46.498279092,T,305.3,40,306.03,120,IBM
2025-12-17,9:50:46.498284127,T,305.35,160,306.03,120,IBM
2025-12-17,9:50:46.506829467,T,305.35,160,305.89,40,IBM
2025-12-17,9:50:46.507009847,T,305.35,160,306.03,160,IBM
2025-12-17,9:50:46.507305566,T,305.35,160,306.03,120,IBM
2025-12-17,9:50:46.508508474,T,305.35,160,306.03,160,IBM
2025-12-17,9:50:46.661502659,T,305.35,160,306.03,120,IBM
2025-12-17,9:50:46.662299582,T,305.59,40,306.03,120,IBM
2025-12-17,9:50:48.685586147,T,305.35,160,306.03,120,IBM
2025-12-17,9:50:48.737088776,T,305.7,40,306.03,120,IBM
2025-12-17,9:50:49.366452014,T,305.35,160,306.03,120,IBM
2025-12-17,9:50:49.367248897,T,305.38,40,306.03,120,IBM
2025-12-17,9:50:50.988333034,T,305.38,40,306.03,80,IBM
2025-12-17,9:50:50.991826281,T,305.38,40,306.24,40,IBM
2025-12-17,9:50:50.992016782,T,305.38,40,306.31,40,IBM
2025-12-17,9:50:50.992327476,T,305.38,40,306.32,160,IBM
2025-12-17,9:50:50.996848323,T,305.38,40,306.31,40,IBM
2025-12-17,9:50:50.996893435,T,305.51,40,306.31,40,IBM
2025-12-17,9:50:50.996908466,T,305.38,40,306.31,40,IBM
2025-12-17,9:50:51.003704659,T,305.38,40,306.32,160,IBM
2025-12-17,9:50:51.655746774,T,305.46,40,306.32,160,IBM
2025-12-17,9:50:57.431596862,T,305.38,40,306.32,160,IBM
2025-12-17,9:51:01.049584662,T,305.46,40,306.32,160,IBM
2025-12-17,9:51:07.361585776,T,305.46,40,305.94,80,IBM
2025-12-17,9:51:08.507218266,T,305.35,160,305.94,80,IBM
2025-12-17,9:51:08.507238024,T,305.35,160,305.93,40,IBM
2025-12-17,9:51:08.507263126,T,305.35,160,305.93,80,IBM
2025-12-17,9:51:08.507488661,T,305.35,160,305.9,40,IBM
2025-12-17,9:51:08.507779289,T,305.35,160,305.93,40,IBM
2025-12-17,9:51:08.519341890,T,305.35,160,305.93,80,IBM
2025-12-17,9:51:08.519386916,T,305.35,160,305.93,120,IBM
2025-12-17,9:51:08.530343005,T,305.35,160,305.93,80,IBM
2025-12-17,9:51:08.541950876,T,305.35,160,305.93,40,IBM
2025-12-17,9:51:08.541955707,T,305.35,160,305.82,40,IBM
2025-12-17,9:51:08.553443041,T,305.35,160,305.77,40,IBM
2025-12-17,9:51:08.557622968,T,305.35,160,305.82,40,IBM
2025-12-17,9:51:08.783089677,T,305.35,160,305.94,80,IBM
2025-12-17,9:51:10.112699889,T,305.35,160,305.76,40,IBM
2025-12-17,9:51:10.112975517,T,305.35,160,305.81,40,IBM
2025-12-17,9:51:10.112980585,T,305.35,160,305.65,40,IBM
2025-12-17,9:51:10.113140927,T,305.35,160,305.67,40,IBM
2025-12-17,9:51:10.113191042,T,305.35,160,305.76,40,IBM
2025-12-17,9:51:10.113221136,T,305.35,160,305.65,40,IBM
2025-12-17,9:51:10.113291303,T,305.35,160,305.76,40,IBM
2025-12-17,9:51:10.123179890,T,305.35,160,305.94,80,IBM
2025-12-17,9:51:10.229974046,T,305.35,160,305.94,120,IBM
2025-12-17,9:51:10.251465252,T,305.35,160,305.8,80,IBM
2025-12-17,9:51:10.251675747,T,305.35,160,305.8,120,IBM
2025-12-17,9:51:13.085065857,T,305.35,160,305.8,80,IBM
2025-12-17,9:51:19.052977913,T,305.44,40,305.8,80,IBM
2025-12-17,9:51:23.683415949,T,305.44,40,305.75,40,IBM
2025-12-17,9:51:23.683426009,T,305.44,40,305.63,40,IBM
2025-12-17,9:51:23.683676553,T,305.19,160,305.63,40,IBM
2025-12-17,9:51:23.683711744,T,305.19,160,305.63,80,IBM
2025-12-17,9:51:23.684247960,T,304.92,40,305.63,80,IBM
2025-12-17,9:51:23.684257996,T,305.02,160,305.63,80,IBM
2025-12-17,9:51:23.684493590,T,305.02,160,305.63,40,IBM
2025-12-17,9:51:23.783709802,T,305.02,160,305.77,40,IBM
2025-12-17,9:51:23.815435219,T,305.02,160,305.8,80,IBM
2025-12-17,9:51:23.815440321,T,305.29,40,305.8,80,IBM
2025-12-17,9:51:23.913303235,T,305.06,40,305.8,80,IBM
2025-12-17,9:51:23.920936436,T,305.29,40,305.8,80,IBM
2025-12-17,9:51:30.204956004,T,305.29,40,305.94,80,IBM
2025-12-17,9:51:30.251025682,T,305.29,40,305.76,80,IBM
2025-12-17,9:51:34.603341693,T,305.06,40,305.76,80,IBM
2025-12-17,9:51:34.603391690,T,305.06,40,305.57,40,IBM
2025-12-17,9:51:34.603877885,T,305.02,160,305.57,40,IBM
2025-12-17,9:51:34.604524396,T,305.02,160,305.76,120,IBM
2025-12-17,9:51:34.604599591,T,305.02,160,305.76,160,IBM
2025-12-17,9:51:34.610042554,T,305.02,160,305.75,40,IBM
2025-12-17,9:51:34.616948950,T,305.02,160,305.75,80,IBM
2025-12-17,9:51:34.656302710,T,305.02,160,305.74,40,IBM
2025-12-17,9:51:34.675884278,T,305.02,160,305.74,80,IBM
2025-12-17,9:51:35.081750409,T,305.02,160,305.74,120,IBM
2025-12-17,9:51:35.081795539,T,305.02,160,305.74,80,IBM
2025-12-17,9:51:35.081800574,T,305.02,160,305.62,40,IBM
2025-12-17,9:51:35.178626064,T,305.02,160,305.74,40,IBM
2025-12-17,9:51:35.721904332,T,305.02,160,305.71,40,IBM
2025-12-17,9:51:35.722114919,T,305.02,160,305.71,80,IBM
2025-12-17,9:51:39.329146661,T,305.02,160,305.71,40,IBM
2025-12-17,9:51:39.611403641,T,305.02,160,305.7,40,IBM
2025-12-17,9:51:40.254534556,T,305.02,160,305.7,120,IBM
2025-12-17,9:51:42.606549011,T,305.02,160,305.7,80,IBM
2025-12-17,9:51:50.211026765,T,305.02,160,305.94,80,IBM
2025-12-17,9:51:50.257587629,T,305.02,160,305.62,80,IBM
2025-12-17,9:51:50.503192248,T,305.03,40,305.62,80,IBM
2025-12-17,9:51:50.515396341,T,305.06,40,305.62,80,IBM
2025-12-17,9:52:00.056810525,T,305.03,40,305.62,80,IBM
2025-12-17,9:52:00.056835556,T,305.03,40,305.6,40,IBM
2025-12-17,9:52:00.056860848,T,305.03,40,305.62,80,IBM
2025-12-17,9:52:00.056865655,T,305.03,40,305.46,40,IBM
2025-12-17,9:52:00.057276723,T,305.03,40,305.46,80,IBM
2025-12-17,9:52:00.057276723,T,305.02,160,305.46,80,IBM
2025-12-17,9:52:00.057291624,T,305.02,200,305.46,80,IBM
2025-12-17,9:52:00.057336773,T,305.02,160,305.46,80,IBM
2025-12-17,9:52:00.057411962,T,305.02,160,305.46,40,IBM
2025-12-17,9:52:00.057918202,T,305.06,40,305.46,40,IBM
2025-12-17,9:52:00.057943252,T,305.15,40,305.46,40,IBM
2025-12-17,9:52:00.060860119,T,305.15,40,305.62,80,IBM
2025-12-17,9:52:00.213909574,T,305.15,40,305.94,80,IBM
2025-12-17,9:52:00.259768653,T,305.15,40,305.61,80,IBM
2025-12-17,9:52:09.972886280,T,305.15,40,305.53,40,IBM
2025-12-17,9:52:10.263513105,T,305.15,40,305.53,120,IBM
