DATE,TIME_M,EX,BID,BIDSIZ,ASK,ASKSIZ,SYM_ROOT
2025-11-19,9:30:00.669441717,T,290.0,40,293.3,40,IBM
2025-11-19,9:30:00.669587098,T,289.96,40,293.3,40,IBM
2025-11-19,9:30:00.669592032,T,289.3,40,293.3,40,IBM
2025-11-19,9:30:00.669592032,T,289.3,40,294.52,40,IBM
2025-11-19,9:30:00.669612410,T,289.3,40,290.92,80,IBM
2025-11-19,9:30:00.669872631,T,289.96,40,290.92,80,IBM
2025-11-19,9:30:00.670108256,T,289.3,40,290.92,80,IBM
2025-11-19,9:30:00.670218450,T,290.0,40,290.92,80,IBM
2025-11-19,9:30:00.670333717,T,289.3,40,290.92,80,IBM
2025-11-19,9:30:00.670368855,T,289.3,40,290.37,80,IBM
2025-11-19,9:30:00.670373863,T,289.3,80,290.37,80,IBM
2025-11-19,9:30:00.670373863,T,289.3,80,290.37,120,IBM
2025-11-19,9:30:00.670403912,T,289.3,40,290.37,120,IBM
2025-11-19,9:30:00.670413932,T,289.3,40,290.37,80,IBM
2025-11-19,9:30:00.690366492,T,289.3,40,294.52,40,IBM
2025-11-19,9:30:00.909352883,T,289.3,40,293.7,80,IBM
2025-11-19,9:30:00.965311157,T,289.3,40,293.7,80,IBM
2025-11-19,9:30:00.984105897,T,289.3,40,292.0,80,IBM
2025-11-19,9:30:01.010172825,T,289.7,40,292.0,80,IBM
2025-11-19,9:30:01.025333942,T,289.3,40,292.0,80,IBM
2025-11-19,9:30:01.025353988,T,289.3,40,290.58,80,IBM
2025-11-19,9:30:01.045381656,T,289.3,40,292.0,80,IBM
2025-11-19,9:30:01.272301887,T,289.3,40,292.0,120,IBM
2025-11-19,9:30:01.280431230,T,289.3,40,292.0,80,IBM
2025-11-19,9:30:02.082164987,T,289.3,40,292.0,120,IBM
2025-11-19,9:30:02.526397626,T,289.3,40,290.59,40,IBM
2025-11-19,9:30:03.383979128,T,289.3,40,290.28,40,IBM
2025-11-19,9:30:03.384405174,T,289.3,40,290.28,80,IBM
2025-11-19,9:30:03.384420111,T,289.3,40,290.28,40,IBM
2025-11-19,9:30:05.179869553,T,289.5,280,290.28,40,IBM
2025-11-19,9:30:05.268445312,T,289.5,160,290.28,40,IBM
2025-11-19,9:30:05.268490475,T,289.3,40,290.28,40,IBM
2025-11-19,9:30:05.268630825,T,289.3,40,290.35,40,IBM
2025-11-19,9:30:05.268675904,T,289.3,40,290.35,80,IBM
2025-11-19,9:30:05.269477815,T,289.3,40,290.35,40,IBM
2025-11-19,9:30:13.106339217,T,289.33,80,290.35,40,IBM
2025-11-19,9:30:19.468695705,T,289.3,40,290.35,40,IBM
2025-11-19,9:30:19.469036503,T,289.33,80,290.35,40,IBM
2025-11-19,9:30:19.469066555,T,289.3,40,290.35,40,IBM
2025-11-19,9:30:20.585559511,T,289.3,40,290.35,80,IBM
2025-11-19,9:30:21.888210467,T,289.33,80,290.35,80,IBM
2025-11-19,9:30:21.888380819,T,289.3,40,290.35,80,IBM
2025-11-19,9:30:22.545089273,T,289.3,40,290.27,40,IBM
2025-11-19,9:30:22.549254196,T,289.3,40,290.35,80,IBM
2025-11-19,9:30:23.048803444,T,289.3,40,289.96,40,IBM
2025-11-19,9:30:23.049224480,T,289.3,40,289.96,80,IBM
2025-11-19,9:30:23.052066171,T,289.3,40,289.96,120,IBM
2025-11-19,9:30:23.052071169,T,289.3,40,289.96,80,IBM
2025-11-19,9:30:23.052321823,T,289.3,40,289.96,120,IBM
2025-11-19,9:30:23.052792925,T,289.3,80,289.96,120,IBM
2025-11-19,9:30:23.053168862,T,289.3,80,289.96,80,IBM
2025-11-19,9:30:23.053630098,T,289.3,40,289.96,80,IBM
2025-11-19,9:30:23.053630098,T,289.1,40,289.96,80,IBM
2025-11-19,9:30:23.053634937,T,289.0,80,289.96,80,IBM
2025-11-19,9:30:23.053639994,T,289.0,80,289.65,40,IBM
2025-11-19,9:30:23.054086002,T,289.0,80,289.65,80,IBM
2025-11-19,9:30:23.058100584,T,289.0,80,289.65,40,IBM
2025-11-19,9:30:23.062470922,T,289.0,80,289.65,80,IBM
2025-11-19,9:30:23.073522528,T,289.0,80,289.54,40,IBM
2025-11-19,9:30:23.074058514,T,289.0,80,289.65,80,IBM
2025-11-19,9:30:23.074233990,T,289.0,80,289.65,40,IBM
2025-11-19,9:30:23.074464515,T,289.0,80,289.54,40,IBM
2025-11-19,9:30:23.082232960,T,289.0,40,289.54,40,IBM
2025-11-19,9:30:23.082383626,T,289.0,80,289.54,40,IBM
2025-11-19,9:30:23.082403388,T,289.0,40,289.54,40,IBM
2025-11-19,9:30:23.082423511,T,289.0,80,289.54,40,IBM
2025-11-19,9:30:23.082423511,T,289.21,40,289.54,40,IBM
2025-11-19,9:30:23.082438521,T,289.1,40,289.54,40,IBM
2025-11-19,9:30:23.082443665,T,289.0,80,289.54,40,IBM
2025-11-19,9:30:23.082443665,T,289.21,40,289.54,40,IBM
2025-11-19,9:30:23.082523709,T,289.0,80,289.54,40,IBM
2025-11-19,9:30:23.082543803,T,289.0,40,289.54,40,IBM
2025-11-19,9:30:23.082979757,T,288.05,120,289.54,40,IBM
2025-11-19,9:30:23.083039975,T,288.05,120,289.27,40,IBM
2025-11-19,9:30:23.083095101,T,288.05,120,289.32,80,IBM
2025-11-19,9:30:23.083305581,T,288.05,120,289.31,40,IBM
2025-11-19,9:30:23.087104597,T,288.05,120,289.32,80,IBM
2025-11-19,9:30:23.087520566,T,288.05,120,289.31,40,IBM
2025-11-19,9:30:23.088638301,T,288.05,120,289.31,80,IBM
2025-11-19,9:30:23.090788425,T,288.05,120,289.31,40,IBM
2025-11-19,9:30:23.099093191,T,288.05,120,289.96,40,IBM
2025-11-19,9:30:23.099123265,T,288.05,120,289.46,40,IBM
2025-11-19,9:30:23.099163370,T,288.05,120,290.15,40,IBM
2025-11-19,9:30:23.099664681,T,288.05,120,289.53,40,IBM
2025-11-19,9:30:23.100085488,T,288.05,120,289.53,80,IBM
2025-11-19,9:30:23.117091054,T,288.05,120,289.53,40,IBM
2025-11-19,9:30:23.117642333,T,288.05,120,289.53,80,IBM
2025-11-19,9:30:23.130623219,T,288.05,120,289.53,40,IBM
2025-11-19,9:30:23.130678392,T,288.05,120,289.75,40,IBM
2025-11-19,9:30:23.131174581,T,288.05,120,289.75,80,IBM
2025-11-19,9:30:23.131209563,T,288.05,120,289.53,40,IBM
2025-11-19,9:30:23.158695108,T,288.05,120,289.75,40,IBM
2025-11-19,9:30:23.159221263,T,288.05,120,289.75,80,IBM
2025-11-19,9:30:23.159256390,T,288.05,120,289.53,40,IBM
2025-11-19,9:30:23.178271643,T,288.05,120,289.75,40,IBM
2025-11-19,9:30:23.178802939,T,288.05,120,289.75,80,IBM
2025-11-19,9:30:23.178827979,T,288.05,120,289.53,40,IBM
2025-11-19,9:30:23.203140815,T,288.05,120,289.75,40,IBM
2025-11-19,9:30:23.203200969,T,288.05,120,290.15,40,IBM
2025-11-19,9:30:23.204554304,T,288.05,120,289.53,40,IBM
2025-11-19,9:30:23.274084803,T,288.05,120,290.11,40,IBM
2025-11-19,9:30:31.784575365,T,288.95,40,290.11,40,IBM
2025-11-19,9:30:31.784901165,T,288.95,80,290.11,40,IBM
2025-11-19,9:30:31.786103997,T,288.95,120,290.11,40,IBM
2025-11-19,9:30:31.786119011,T,288.95,80,290.11,40,IBM
2025-11-19,9:30:32.416028735,T,288.95,40,290.11,40,IBM
2025-11-19,9:30:36.482935468,T,288.91,40,290.11,40,IBM
2025-11-19,9:30:39.499752243,T,288.76,40,290.11,40,IBM
2025-11-19,9:30:51.905957093,T,288.76,40,289.66,40,IBM
2025-11-19,9:30:51.906378100,T,288.76,40,289.66,80,IBM
2025-11-19,9:30:59.656959263,T,288.76,40,289.66,40,IBM
2025-11-19,9:30:59.711920147,T,288.76,40,289.07,40,IBM
2025-11-19,9:30:59.711990346,T,288.76,40,289.16,40,IBM
2025-11-19,9:30:59.712351107,T,288.76,40,289.07,40,IBM
2025-11-19,9:30:59.712431333,T,288.23,40,289.07,40,IBM
2025-11-19,9:30:59.713273304,T,288.66,40,289.07,40,IBM
2025-11-19,9:30:59.713298440,T,288.05,160,289.07,40,IBM
2025-11-19,9:30:59.722986458,T,288.05,160,289.16,40,IBM
2025-11-19,9:30:59.725622762,T,288.05,160,288.79,40,IBM
2025-11-19,9:30:59.726043733,T,288.05,160,288.79,80,IBM
2025-11-19,9:30:59.727301751,T,288.05,200,288.79,80,IBM
2025-11-19,9:30:59.727336811,T,288.05,320,288.79,80,IBM
2025-11-19,9:30:59.727351918,T,288.05,520,288.79,80,IBM
2025-11-19,9:30:59.727628122,T,288.05,480,288.79,80,IBM
2025-11-19,9:30:59.727632486,T,288.05,520,288.79,80,IBM
2025-11-19,9:30:59.727637516,T,288.05,480,288.79,80,IBM
2025-11-19,9:30:59.727637516,T,288.05,400,288.79,80,IBM
2025-11-19,9:30:59.727647557,T,288.05,200,288.79,80,IBM
2025-11-19,9:30:59.727647557,T,288.05,160,288.79,80,IBM
2025-11-19,9:30:59.727657619,T,288.28,40,288.79,80,IBM
2025-11-19,9:30:59.727672941,T,288.43,360,288.79,80,IBM
2025-11-19,9:30:59.727853050,T,288.43,280,288.79,80,IBM
2025-11-19,9:30:59.727868136,T,288.24,40,288.79,80,IBM
2025-11-19,9:30:59.728459526,T,288.12,40,288.79,80,IBM
2025-11-19,9:30:59.728700143,T,288.12,40,288.43,40,IBM
2025-11-19,9:30:59.728730169,T,288.12,40,288.79,80,IBM
2025-11-19,9:30:59.730945377,T,288.05,160,288.79,80,IBM
2025-11-19,9:30:59.731942806,T,288.32,40,288.79,80,IBM
2025-11-19,9:30:59.732022950,T,288.32,40,288.61,40,IBM
2025-11-19,9:30:59.732143225,T,288.05,160,288.61,40,IBM
2025-11-19,9:30:59.736929704,T,288.05,160,288.61,80,IBM
2025-11-19,9:30:59.741480469,T,288.27,40,288.61,80,IBM
2025-11-19,9:30:59.741736149,T,288.27,40,288.61,40,IBM
2025-11-19,9:30:59.741856361,T,288.22,40,288.61,40,IBM
2025-11-19,9:30:59.747981030,T,288.22,40,288.79,40,IBM
2025-11-19,9:30:59.748943290,T,288.22,40,288.79,80,IBM
2025-11-19,9:30:59.749584817,T,288.05,160,288.79,80,IBM
2025-11-19,9:31:00.008937182,T,288.25,80,288.79,80,IBM
2025-11-19,9:31:00.034387790,T,288.25,80,288.79,40,IBM
2025-11-19,9:31:00.034427882,T,288.25,80,288.65,200,IBM
2025-11-19,9:31:00.035851209,T,288.25,80,288.65,240,IBM
2025-11-19,9:31:00.120076793,T,288.25,80,288.65,200,IBM
2025-11-19,9:31:01.258121209,T,288.25,80,288.64,40,IBM
2025-11-19,9:31:01.258166276,T,288.25,80,288.64,240,IBM
2025-11-19,9:31:01.277186735,T,288.25,80,288.64,200,IBM
2025-11-19,9:31:01.277191560,T,288.25,80,288.64,80,IBM
2025-11-19,9:31:01.277191560,T,288.25,80,289.16,40,IBM
2025-11-19,9:31:01.277196643,T,288.28,40,289.16,40,IBM
2025-11-19,9:31:01.277241706,T,288.25,120,289.16,40,IBM
2025-11-19,9:31:01.277261746,T,288.44,40,289.16,40,IBM
2025-11-19,9:31:01.277336978,T,288.46,40,289.16,40,IBM
2025-11-19,9:31:01.277422104,T,288.46,40,288.64,40,IBM
2025-11-19,9:31:01.277447254,T,288.46,40,289.16,40,IBM
2025-11-19,9:31:01.278123844,T,288.44,40,289.16,40,IBM
2025-11-19,9:31:01.310415659,T,288.46,40,289.16,40,IBM
2025-11-19,9:31:01.310425717,T,288.46,80,289.16,40,IBM
2025-11-19,9:31:01.310450962,T,288.46,40,289.16,40,IBM
2025-11-19,9:31:01.310455852,T,288.62,40,289.16,40,IBM
2025-11-19,9:31:01.310736427,T,288.62,40,289.16,80,IBM
2025-11-19,9:31:01.310766575,T,288.46,80,289.16,80,IBM
2025-11-19,9:31:01.524370131,T,288.46,40,289.16,80,IBM
2025-11-19,9:31:01.524570599,T,288.46,40,289.16,40,IBM
2025-11-19,9:31:02.760948949,T,288.46,40,289.16,120,IBM
2025-11-19,9:31:04.826696644,T,288.47,40,289.16,120,IBM
2025-11-19,9:31:04.826942221,T,288.47,40,289.16,80,IBM
2025-11-19,9:31:04.841526988,T,288.46,40,289.16,80,IBM
2025-11-19,9:31:05.269014688,T,288.46,80,289.16,80,IBM
2025-11-19,9:31:05.269014688,T,288.47,40,289.16,80,IBM
2025-11-19,9:31:05.269024684,T,288.47,80,289.16,80,IBM
2025-11-19,9:31:05.269044738,T,288.47,120,289.16,80,IBM
2025-11-19,9:31:05.269049708,T,288.47,80,289.16,80,IBM
2025-11-19,9:31:05.269240167,T,288.47,120,289.16,80,IBM
2025-11-19,9:31:05.269380930,T,288.47,120,289.41,40,IBM
2025-11-19,9:31:05.269405647,T,289.16,80,289.41,40,IBM
2025-11-19,9:31:05.269480818,T,288.98,40,289.41,40,IBM
2025-11-19,9:31:05.269525848,T,288.81,40,289.41,40,IBM
2025-11-19,9:31:05.269540956,T,288.98,40,289.41,40,IBM
2025-11-19,9:31:05.269561071,T,288.47,80,289.41,40,IBM
2025-11-19,9:31:05.269681302,T,288.88,40,289.41,40,IBM
2025-11-19,9:31:05.270017086,T,288.47,80,289.41,40,IBM
2025-11-19,9:31:05.270077143,T,288.47,80,289.52,40,IBM
2025-11-19,9:31:05.270272647,T,288.47,40,289.52,40,IBM
2025-11-19,9:31:05.270929194,T,288.88,40,289.52,40,IBM
2025-11-19,9:31:05.271650973,T,288.47,40,289.52,40,IBM
2025-11-19,9:31:09.653437166,T,288.47,40,289.52,80,IBM
2025-11-19,9:31:15.489601086,T,288.46,40,289.52,80,IBM
2025-11-19,9:31:18.458629387,T,288.46,40,289.52,40,IBM
2025-11-19,9:31:18.458649193,T,288.75,40,289.52,40,IBM
2025-11-19,9:31:18.458674330,T,288.87,40,289.52,40,IBM
2025-11-19,9:31:18.459110357,T,288.88,40,289.52,40,IBM
2025-11-19,9:31:18.459531289,T,288.88,40,289.66,80,IBM
2025-11-19,9:31:18.473459419,T,288.54,40,289.66,80,IBM
2025-11-19,9:31:18.473489619,T,288.46,40,289.66,80,IBM
2025-11-19,9:31:18.473980895,T,288.87,40,289.66,80,IBM
2025-11-19,9:31:18.473990764,T,288.98,40,289.66,80,IBM
2025-11-19,9:31:18.474050894,T,288.89,40,289.66,80,IBM
2025-11-19,9:31:18.474065914,T,289.2,40,289.66,80,IBM
2025-11-19,9:31:18.474366620,T,289.2,40,289.66,40,IBM
2025-11-19,9:31:18.477819797,T,289.2,40,289.66,80,IBM
2025-11-19,9:31:18.478561626,T,289.0,40,289.66,80,IBM
2025-11-19,9:31:18.482165169,T,288.89,80,289.66,80,IBM
2025-11-19,9:31:18.484300270,T,288.89,40,289.66,80,IBM
2025-11-19,9:31:18.574194263,T,288.46,40,289.66,80,IBM
2025-11-19,9:31:19.552688485,T,288.46,40,289.66,40,IBM
2025-11-19,9:31:23.254561349,T,288.46,40,289.81,80,IBM
2025-11-19,9:31:23.254987406,T,288.46,40,289.81,120,IBM
2025-11-19,9:31:24.105893126,T,288.46,40,289.81,80,IBM
2025-11-19,9:31:29.166169656,T,288.46,40,289.81,40,IBM
2025-11-19,9:31:29.166189776,T,288.46,40,289.82,40,IBM
2025-11-19,9:31:32.772665569,T,288.46,40,289.82,80,IBM
2025-11-19,9:31:32.772906145,T,288.46,40,289.82,40,IBM
2025-11-19,9:31:36.159182483,T,288.61,160,289.82,40,IBM
2025-11-19,9:31:43.680347543,T,288.88,40,289.82,40,IBM
2025-11-19,9:31:43.680372686,T,289.21,40,289.82,40,IBM
2025-11-19,9:31:43.680808689,T,289.21,40,290.0,120,IBM
2025-11-19,9:31:43.680828763,T,289.21,80,290.0,120,IBM
2025-11-19,9:31:43.681349980,T,289.21,40,290.0,120,IBM
2025-11-19,9:31:43.683620446,T,289.21,80,290.0,120,IBM
2025-11-19,9:31:43.695182881,T,289.21,40,290.0,120,IBM
2025-11-19,9:31:43.706469761,T,289.21,40,290.0,80,IBM
2025-11-19,9:31:43.780841897,T,289.2,80,290.0,80,IBM
2025-11-19,9:31:43.806713402,T,289.2,40,290.0,80,IBM
2025-11-19,9:31:45.811671544,T,288.97,40,290.0,80,IBM
2025-11-19,9:31:48.246688426,T,289.21,40,290.0,80,IBM
2025-11-19,9:31:50.838202794,T,289.21,40,290.0,120,IBM
2025-11-19,9:31:50.838498542,T,288.97,40,290.0,120,IBM
2025-11-19,9:31:50.838503515,T,288.97,40,289.82,40,IBM
2025-11-19,9:31:50.838528582,T,288.97,40,289.7,40,IBM
2025-11-19,9:31:50.838568717,T,288.97,40,289.8,80,IBM
2025-11-19,9:31:50.838588704,T,288.97,40,289.71,40,IBM
2025-11-19,9:31:50.838829297,T,288.97,40,289.46,40,IBM
2025-11-19,9:31:50.838839293,T,288.97,40,289.41,40,IBM
2025-11-19,9:31:50.839475892,T,288.88,40,289.41,40,IBM
2025-11-19,9:31:50.839726455,T,288.97,40,289.41,40,IBM
2025-11-19,9:31:50.839746494,T,288.97,40,289.47,40,IBM
2025-11-19,9:31:50.839776613,T,288.97,40,289.71,40,IBM
2025-11-19,9:31:50.842613330,T,288.97,40,289.8,80,IBM
2025-11-19,9:31:50.851705013,T,288.97,40,289.8,40,IBM
2025-11-19,9:31:52.954135064,T,288.97,40,289.8,80,IBM
2025-11-19,9:31:52.954305484,T,288.97,40,289.7,40,IBM
2025-11-19,9:31:52.954325574,T,288.97,40,289.69,40,IBM
2025-11-19,9:31:52.954500977,T,288.97,40,289.68,40,IBM
2025-11-19,9:31:52.965266504,T,288.97,40,289.68,80,IBM
2025-11-19,9:31:52.968970375,T,288.97,40,289.68,40,IBM
2025-11-19,9:31:53.005211655,T,288.97,40,289.68,80,IBM
2025-11-19,9:31:55.812364439,T,288.97,40,289.68,40,IBM
2025-11-19,9:32:00.544459873,T,288.97,40,289.67,40,IBM
2025-11-19,9:32:00.544459873,T,288.97,40,289.67,80,IBM
2025-11-19,9:32:00.544464785,T,288.97,40,289.67,40,IBM
2025-11-19,9:32:00.544489831,T,288.97,40,289.68,40,IBM
2025-11-19,9:32:00.544564948,T,288.97,40,289.68,80,IBM
2025-11-19,9:32:00.544665268,T,288.97,40,289.68,40,IBM
2025-11-19,9:32:00.544930956,T,288.97,40,289.68,80,IBM
2025-11-19,9:32:00.548429164,T,288.97,40,289.68,40,IBM
2025-11-19,9:32:00.555090025,T,288.97,40,289.69,40,IBM
2025-11-19,9:32:00.570301315,T,288.97,40,289.7,40,IBM
2025-11-19,9:32:00.646738298,T,288.97,40,289.8,40,IBM
2025-11-19,9:32:00.647374794,T,288.97,40,289.8,80,IBM
2025-11-19,9:32:00.647404824,T,288.97,40,289.69,40,IBM
2025-11-19,9:32:00.647404824,T,288.97,40,289.41,40,IBM
2025-11-19,9:32:00.647434929,T,288.69,40,289.41,40,IBM
2025-11-19,9:32:00.647459916,T,288.69,40,289.28,40,IBM
2025-11-19,9:32:00.647469971,T,288.54,40,289.28,40,IBM
2025-11-19,9:32:00.647610297,T,288.46,40,289.28,40,IBM
2025-11-19,9:32:00.647650477,T,288.46,120,289.28,40,IBM
2025-11-19,9:32:00.647720536,T,288.46,120,289.41,80,IBM
2025-11-19,9:32:00.662505791,T,288.46,120,289.41,40,IBM
2025-11-19,9:32:00.662781481,T,288.46,120,289.41,80,IBM
2025-11-19,9:32:00.676925165,T,288.46,120,289.41,120,IBM
2025-11-19,9:32:00.676925165,T,288.46,120,289.41,80,IBM
2025-11-19,9:32:00.766924370,T,288.46,120,289.41,120,IBM
2025-11-19,9:32:00.767340342,T,288.46,120,289.41,80,IBM
2025-11-19,9:32:00.776712643,T,288.46,120,289.41,40,IBM
2025-11-19,9:32:00.806127769,T,288.46,120,289.4,40,IBM
2025-11-19,9:32:00.806548752,T,288.46,120,289.4,80,IBM
2025-11-19,9:32:00.866676896,T,288.46,120,289.4,40,IBM
2025-11-19,9:32:00.917182074,T,288.46,120,289.65,40,IBM
2025-11-19,9:32:01.150993735,T,288.47,80,289.65,40,IBM
2025-11-19,9:32:05.120223195,T,288.47,80,289.65,80,IBM
2025-11-19,9:32:05.120253210,T,288.47,80,289.46,40,IBM
2025-11-19,9:32:05.120303406,T,288.47,80,289.45,40,IBM
2025-11-19,9:32:05.120518852,T,288.47,80,289.45,80,IBM
2025-11-19,9:32:05.120729367,T,288.47,80,289.45,120,IBM
2025-11-19,9:32:05.120759474,T,288.47,80,289.44,40,IBM
2025-11-19,9:32:05.121015063,T,288.47,80,289.41,40,IBM
2025-11-19,9:32:05.127445303,T,288.47,80,289.44,40,IBM
2025-11-19,9:32:05.128292355,T,288.47,80,289.45,120,IBM
2025-11-19,9:32:05.128317484,T,288.47,80,289.45,80,IBM
2025-11-19,9:32:05.137108307,T,288.47,80,289.45,40,IBM
2025-11-19,9:32:05.137389032,T,288.47,80,289.46,40,IBM
2025-11-19,9:32:05.225909715,T,288.47,80,289.65,40,IBM
2025-11-19,9:32:11.932661158,T,288.47,80,289.65,80,IBM
2025-11-19,9:32:11.932741266,T,288.47,80,289.46,40,IBM
2025-11-19,9:32:11.936670600,T,288.47,80,289.65,80,IBM
2025-11-19,9:32:11.958542736,T,288.47,80,289.65,40,IBM
2025-11-19,9:32:12.934701428,T,288.47,80,289.65,80,IBM
2025-11-19,9:32:15.483790234,T,288.47,80,289.65,40,IBM
2025-11-19,9:32:15.605765562,T,288.47,80,289.51,160,IBM
2025-11-19,9:32:17.864141536,T,288.47,80,289.47,40,IBM
2025-11-19,9:32:17.864186715,T,288.47,80,289.46,40,IBM
2025-11-19,9:32:18.754436136,T,288.47,80,289.41,40,IBM
2025-11-19,9:32:18.754521287,T,288.47,80,289.37,40,IBM
2025-11-19,9:32:18.758255303,T,288.47,80,289.41,40,IBM
2025-11-19,9:32:18.788737758,T,288.47,80,289.46,40,IBM
2025-11-19,9:32:19.281510883,T,288.37,40,289.46,40,IBM
2025-11-19,9:32:19.316479181,T,288.47,80,289.46,40,IBM
2025-11-19,9:32:20.395628272,T,288.47,80,289.41,40,IBM
2025-11-19,9:32:26.840059950,T,288.37,80,289.41,40,IBM
2025-11-19,9:32:28.296211504,T,288.47,40,289.41,40,IBM
2025-11-19,9:32:33.592028883,T,288.47,40,289.13,40,IBM
2025-11-19,9:32:33.592815704,T,288.37,40,289.13,40,IBM
2025-11-19,9:32:33.600679428,T,288.47,80,289.13,40,IBM
2025-11-19,9:32:37.271082341,T,288.47,80,289.13,80,IBM
2025-11-19,9:32:38.158379618,T,288.47,80,289.13,40,IBM
2025-11-19,9:32:38.906455489,T,288.47,120,289.13,40,IBM
2025-11-19,9:32:38.907152167,T,288.47,80,289.13,40,IBM
2025-11-19,9:32:38.933950990,T,288.47,80,289.12,40,IBM
2025-11-19,9:32:38.935198909,T,288.47,80,289.12,80,IBM
2025-11-19,9:32:38.984556483,T,288.47,120,289.12,80,IBM
2025-11-19,9:32:39.684081868,T,288.47,80,289.12,80,IBM
2025-11-19,9:32:39.684162041,T,288.69,40,289.12,80,IBM
2025-11-19,9:32:39.684302331,T,288.69,40,289.12,40,IBM
2025-11-19,9:32:39.688136506,T,288.47,120,289.12,40,IBM
2025-11-19,9:32:39.688161580,T,288.47,80,289.12,40,IBM
2025-11-19,9:32:45.726782335,T,288.47,80,289.47,40,IBM
2025-11-19,9:32:50.549608733,T,288.47,120,289.47,40,IBM
2025-11-19,9:32:50.927969603,T,288.47,120,289.5,40,IBM
2025-11-19,9:32:51.090080309,T,288.47,160,289.5,40,IBM
2025-11-19,9:32:51.090085343,T,288.6,40,289.5,40,IBM
2025-11-19,9:32:51.090335908,T,288.79,40,289.5,40,IBM
2025-11-19,9:32:51.090346287,T,288.79,80,289.5,40,IBM
2025-11-19,9:32:51.090355938,T,288.79,80,289.51,160,IBM
2025-11-19,9:32:51.090391159,T,288.94,40,289.51,160,IBM
2025-11-19,9:32:51.090877181,T,288.79,80,289.51,160,IBM
2025-11-19,9:32:51.091087771,T,288.79,120,289.51,160,IBM
2025-11-19,9:32:51.091664117,T,288.79,120,289.36,40,IBM
2025-11-19,9:32:51.091859563,T,288.79,120,289.35,40,IBM
2025-11-19,9:32:51.091904697,T,288.79,120,289.35,80,IBM
2025-11-19,9:32:51.094520947,T,288.79,80,289.35,80,IBM
2025-11-19,9:32:51.103216574,T,288.79,40,289.35,80,IBM
2025-11-19,9:32:51.103241683,T,288.6,40,289.35,80,IBM
2025-11-19,9:32:51.113806778,T,288.51,40,289.35,80,IBM
2025-11-19,9:32:51.190364116,T,288.35,40,289.35,80,IBM
2025-11-19,9:32:51.976756174,T,288.26,240,289.35,80,IBM
2025-11-19,9:32:51.976791202,T,288.35,40,289.35,80,IBM
2025-11-19,9:32:53.468477361,T,288.5,200,289.35,80,IBM
2025-11-19,9:32:55.772868034,T,288.5,200,289.35,40,IBM
2025-11-19,9:32:57.767120686,T,288.5,200,289.35,80,IBM
2025-11-19,9:32:59.095317475,T,288.5,200,289.35,120,IBM
2025-11-19,9:33:00.361356498,T,288.5,200,289.35,80,IBM
2025-11-19,9:33:01.395252968,T,288.5,200,289.35,40,IBM
2025-11-19,9:33:01.848652359,T,288.5,200,289.69,40,IBM
2025-11-19,9:33:01.848677364,T,288.5,240,289.69,40,IBM
2025-11-19,9:33:01.848727551,T,288.65,40,289.69,40,IBM
2025-11-19,9:33:01.848882846,T,289.07,40,289.69,40,IBM
2025-11-19,9:33:01.850827485,T,289.14,160,289.69,40,IBM
2025-11-19,9:33:04.145931376,T,289.06,40,289.69,40,IBM
2025-11-19,9:33:04.149635269,T,289.01,40,289.69,40,IBM
2025-11-19,9:33:04.199072929,T,288.74,200,289.69,40,IBM
2025-11-19,9:33:04.668214814,T,288.74,200,289.81,40,IBM
2025-11-19,9:33:04.668254922,T,288.78,40,289.81,40,IBM
2025-11-19,9:33:04.672389773,T,288.74,200,289.81,40,IBM
2025-11-19,9:33:04.681085512,T,288.74,200,290.0,120,IBM
2025-11-19,9:33:04.682323449,T,289.31,40,290.0,120,IBM
2025-11-19,9:33:07.550656676,T,289.31,40,289.81,40,IBM
2025-11-19,9:33:08.910734577,T,289.31,40,290.0,120,IBM
2025-11-19,9:33:08.917580887,T,289.31,80,290.0,120,IBM
2025-11-19,9:33:08.917921624,T,289.35,40,290.0,120,IBM
2025-11-19,9:33:09.018345753,T,289.31,40,290.0,120,IBM
2025-11-19,9:33:09.022265049,T,289.31,40,290.0,200,IBM
2025-11-19,9:33:09.904535438,T,288.98,160,290.0,200,IBM
2025-11-19,9:33:15.710146350,T,288.98,160,290.0,240,IBM
2025-11-19,9:33:18.049520351,T,288.98,160,290.0,200,IBM
2025-11-19,9:33:18.058135854,T,288.98,160,290.0,120,IBM
2025-11-19,9:33:19.111142609,T,288.98,160,290.0,160,IBM
2025-11-19,9:33:25.221784792,T,288.92,40,290.0,160,IBM
2025-11-19,9:33:25.221789759,T,289.17,160,290.0,160,IBM
2025-11-19,9:33:29.025780843,T,289.36,80,290.0,160,IBM
2025-11-19,9:33:29.625408238,T,289.36,80,290.0,120,IBM
2025-11-19,9:33:29.625408238,T,289.37,80,290.0,120,IBM
2025-11-19,9:33:29.625528497,T,289.37,80,290.0,160,IBM
2025-11-19,9:33:29.625538693,T,289.37,80,290.0,120,IBM
2025-11-19,9:33:29.629883908,T,289.37,80,290.0,160,IBM
2025-11-19,9:33:29.629904121,T,289.56,80,290.0,160,IBM
2025-11-19,9:33:34.659848160,T,289.57,80,290.0,160,IBM
2025-11-19,9:33:34.660660143,T,289.57,160,290.0,160,IBM
2025-11-19,9:33:37.042851311,T,289.71,80,290.0,160,IBM
2025-11-19,9:33:37.043282447,T,289.71,80,290.0,120,IBM
2025-11-19,9:33:37.043282447,T,289.8,80,290.0,120,IBM
2025-11-19,9:33:37.043282447,T,289.8,80,290.0,160,IBM
2025-11-19,9:33:37.043317358,T,289.88,80,290.0,160,IBM
2025-11-19,9:33:37.043327586,T,289.88,80,290.0,120,IBM
2025-11-19,9:33:37.043337412,T,289.57,120,290.0,120,IBM
2025-11-19,9:33:37.043342478,T,289.57,80,290.0,120,IBM
2025-11-19,9:33:37.043357465,T,289.56,40,290.0,120,IBM
2025-11-19,9:33:37.043362740,T,289.51,40,290.0,120,IBM
2025-11-19,9:33:37.043407967,T,289.51,40,290.0,160,IBM
2025-11-19,9:33:37.043407967,T,289.51,40,289.9,40,IBM
2025-11-19,9:33:37.043417654,T,289.51,40,290.0,160,IBM
2025-11-19,9:33:37.043477752,T,289.51,40,290.0,120,IBM
2025-11-19,9:33:37.043497771,T,289.51,40,290.0,160,IBM
2025-11-19,9:33:37.043623106,T,289.37,40,290.0,160,IBM
2025-11-19,9:33:37.043648172,T,289.36,40,290.0,160,IBM
2025-11-19,9:33:37.043653218,T,289.37,40,290.0,160,IBM
2025-11-19,9:33:37.043653218,T,289.63,40,290.0,160,IBM
2025-11-19,9:33:37.043768449,T,289.57,40,290.0,160,IBM
2025-11-19,9:33:37.044124306,T,289.58,40,290.0,160,IBM
2025-11-19,9:33:37.044886155,T,289.57,40,290.0,160,IBM
2025-11-19,9:33:37.044911220,T,289.57,40,290.0,200,IBM
2025-11-19,9:33:37.045131745,T,289.56,40,290.0,200,IBM
2025-11-19,9:33:37.045176807,T,289.56,40,289.89,40,IBM
2025-11-19,9:33:37.045186799,T,289.56,40,290.0,200,IBM
2025-11-19,9:33:37.045307121,T,289.56,40,290.0,160,IBM
2025-11-19,9:33:37.054098258,T,289.51,40,290.0,160,IBM
2025-11-19,9:33:37.054103085,T,289.51,40,290.0,120,IBM
2025-11-19,9:33:37.054183215,T,289.51,40,290.0,160,IBM
2025-11-19,9:33:37.054268415,T,289.51,40,290.0,120,IBM
2025-11-19,9:33:37.055025213,T,289.58,40,290.0,120,IBM
2025-11-19,9:33:37.055045349,T,289.51,40,290.0,120,IBM
2025-11-19,9:33:37.055070367,T,289.51,40,290.0,160,IBM
2025-11-19,9:33:37.055070367,T,289.51,40,289.99,40,IBM
2025-11-19,9:33:37.055075343,T,289.51,40,289.82,40,IBM
2025-11-19,9:33:37.055125533,T,289.51,40,289.99,40,IBM
2025-11-19,9:33:37.055476359,T,289.36,40,289.99,40,IBM
2025-11-19,9:33:37.055496355,T,289.35,40,289.99,40,IBM
2025-11-19,9:33:37.055496355,T,289.35,40,289.82,40,IBM
2025-11-19,9:33:37.064076841,T,289.2,40,289.82,40,IBM
2025-11-19,9:33:37.076411208,T,289.2,40,289.82,80,IBM
2025-11-19,9:33:37.076887264,T,289.17,160,289.82,80,IBM
2025-11-19,9:33:37.134083416,T,289.17,160,289.82,40,IBM
2025-11-19,9:33:37.134213903,T,289.17,160,289.82,80,IBM
2025-11-19,9:33:40.280569086,T,289.17,160,289.82,40,IBM
2025-11-19,9:33:40.280569086,T,289.17,160,290.0,80,IBM
2025-11-19,9:33:40.280594313,T,289.35,40,290.0,80,IBM
2025-11-19,9:33:40.280609357,T,289.37,40,290.0,80,IBM
2025-11-19,9:33:40.280935032,T,289.51,40,290.0,80,IBM
2025-11-19,9:33:40.281085337,T,289.52,40,290.0,80,IBM
2025-11-19,9:33:40.281095445,T,289.52,40,290.0,120,IBM
2025-11-19,9:33:40.281100422,T,289.52,40,290.0,160,IBM
2025-11-19,9:33:40.285290344,T,289.51,40,290.0,160,IBM
2025-11-19,9:33:40.285440719,T,289.37,40,290.0,160,IBM
2025-11-19,9:33:40.380627342,T,289.35,40,290.0,160,IBM
2025-11-19,9:33:41.701652081,T,289.2,40,290.0,160,IBM
2025-11-19,9:33:41.749140110,T,289.17,160,290.0,160,IBM
2025-11-19,9:33:41.749967096,T,289.17,160,290.0,200,IBM
2025-11-19,9:33:41.903688022,T,289.17,160,290.0,160,IBM
2025-11-19,9:33:41.964537815,T,289.17,160,290.0,240,IBM
2025-11-19,9:33:42.021979584,T,289.17,160,290.0,280,IBM
2025-11-19,9:33:42.022170098,T,289.17,160,289.99,40,IBM
2025-11-19,9:33:42.022265329,T,289.17,160,289.79,40,IBM
2025-11-19,9:33:42.022265329,T,289.17,160,289.78,40,IBM
2025-11-19,9:33:42.022355482,T,289.17,160,289.66,40,IBM
2025-11-19,9:33:42.023037136,T,289.17,160,289.66,80,IBM
2025-11-19,9:33:42.023042131,T,289.17,160,289.65,40,IBM
2025-11-19,9:33:42.023077242,T,289.17,240,289.65,40,IBM
2025-11-19,9:33:42.023087187,T,289.17,280,289.65,40,IBM
2025-11-19,9:33:42.024916583,T,289.17,120,289.65,40,IBM
2025-11-19,9:33:42.033191374,T,289.17,120,289.65,80,IBM
2025-11-19,9:33:42.033672428,T,289.17,120,289.65,120,IBM
2025-11-19,9:33:42.034815213,T,289.17,120,289.65,160,IBM
2025-11-19,9:33:42.037100598,T,289.17,120,289.65,120,IBM
2025-11-19,9:33:42.534284179,T,289.17,40,289.65,120,IBM
2025-11-19,9:33:42.965215245,T,289.17,40,289.65,80,IBM
2025-11-19,9:33:44.031268289,T,289.07,40,289.65,80,IBM
2025-11-19,9:33:45.831313293,T,289.07,40,289.65,40,IBM
2025-11-19,9:34:03.252306103,T,289.07,40,290.0,200,IBM
2025-11-19,9:34:03.252366204,T,289.41,40,290.0,200,IBM
2025-11-19,9:34:03.252807322,T,289.41,40,290.0,160,IBM
2025-11-19,9:34:03.252832353,T,289.41,40,290.0,200,IBM
2025-11-19,9:34:03.253007757,T,289.41,40,289.79,40,IBM
2025-11-19,9:34:03.253844684,T,289.47,40,289.79,40,IBM
2025-11-19,9:34:03.254446174,T,289.41,40,289.79,40,IBM
2025-11-19,9:34:03.274724431,T,289.41,40,290.0,120,IBM
2025-11-19,9:34:03.274749499,T,289.41,40,289.76,40,IBM
2025-11-19,9:34:09.344273435,T,289.41,40,290.0,120,IBM
2025-11-19,9:34:09.344298446,T,289.41,40,290.0,80,IBM
2025-11-19,9:34:09.344333505,T,289.59,40,290.0,80,IBM
2025-11-19,9:34:09.360446889,T,289.59,160,290.0,80,IBM
2025-11-19,9:34:12.714877741,T,289.76,120,290.0,80,IBM
2025-11-19,9:34:12.727016599,T,289.59,40,290.0,80,IBM
2025-11-19,9:34:12.727041711,T,289.59,40,290.0,120,IBM
2025-11-19,9:34:12.727046822,T,289.59,40,289.99,40,IBM
2025-11-19,9:34:12.727066697,T,289.59,40,289.89,40,IBM
2025-11-19,9:34:12.727342339,T,289.59,40,289.88,40,IBM
2025-11-19,9:34:12.727402463,T,289.47,40,289.88,40,IBM
2025-11-19,9:34:12.727442592,T,289.47,40,289.99,40,IBM
2025-11-19,9:34:12.727442592,T,289.59,40,289.99,40,IBM
2025-11-19,9:34:12.727693224,T,289.59,40,290.0,120,IBM
2025-11-19,9:34:12.727733296,T,289.47,80,290.0,120,IBM
2025-11-19,9:34:12.727738291,T,289.59,40,290.0,120,IBM
2025-11-19,9:34:12.727933769,T,289.47,40,290.0,120,IBM
2025-11-19,9:34:12.727973897,T,289.47,40,289.99,40,IBM
2025-11-19,9:34:12.731562345,T,289.81,40,289.99,40,IBM
2025-11-19,9:34:12.780779605,T,289.47,40,289.99,40,IBM
2025-11-19,9:34:12.780809614,T,289.47,40,290.0,120,IBM
2025-11-19,9:34:12.827060070,T,289.47,40,290.0,80,IBM
2025-11-19,9:34:14.019292899,T,289.47,40,290.0,120,IBM
2025-11-19,9:34:14.023302388,T,289.47,40,290.0,80,IBM
2025-11-19,9:34:14.121796942,T,289.47,40,290.0,120,IBM
2025-11-19,9:34:15.648967625,T,289.47,40,290.0,80,IBM
2025-11-19,9:34:28.050160056,T,289.47,40,290.0,120,IBM
2025-11-19,9:34:28.050185140,T,289.47,40,290.0,160,IBM
2025-11-19,9:34:28.051002079,T,289.47,40,290.0,240,IBM
2025-11-19,9:34:29.923519887,T,289.47,40,290.0,280,IBM
2025-11-19,9:34:31.482416019,T,289.47,40,290.0,320,IBM
2025-11-19,9:34:32.031137294,T,289.47,40,290.0,280,IBM
2025-11-19,9:34:37.790067161,T,289.62,80,290.0,280,IBM
2025-11-19,9:34:38.299554989,T,289.62,80,290.0,200,IBM
2025-11-19,9:34:40.194972257,T,289.62,80,290.0,160,IBM
2025-11-19,9:34:48.258418311,T,289.62,80,290.0,200,IBM
2025-11-19,9:34:48.258518555,T,289.41,80,290.0,200,IBM
2025-11-19,9:34:48.258518555,T,289.41,80,289.82,40,IBM
2025-11-19,9:34:48.258608855,T,289.41,80,289.82,80,IBM
2025-11-19,9:34:48.258658905,T,289.41,40,289.82,80,IBM
2025-11-19,9:34:48.258683945,T,289.41,40,289.78,40,IBM
2025-11-19,9:34:48.258694049,T,289.41,40,289.73,40,IBM
2025-11-19,9:34:48.258759226,T,289.41,40,289.72,40,IBM
2025-11-19,9:34:48.259250407,T,289.41,40,289.62,80,IBM
2025-11-19,9:34:48.259636323,T,289.19,40,289.62,80,IBM
2025-11-19,9:34:48.259651256,T,289.18,40,289.62,80,IBM
2025-11-19,9:34:48.259656365,T,289.15,200,289.62,80,IBM
2025-11-19,9:34:48.259701406,T,289.15,200,289.62,120,IBM
2025-11-19,9:34:48.259731473,T,289.15,200,289.62,160,IBM
2025-11-19,9:34:48.259931939,T,289.15,280,289.62,160,IBM
2025-11-19,9:34:48.259967079,T,289.15,280,289.62,120,IBM
2025-11-19,9:34:48.259987043,T,289.15,120,289.62,120,IBM
2025-11-19,9:34:48.268752914,T,289.15,120,289.62,160,IBM
2025-11-19,9:34:48.269604982,T,289.15,120,289.62,200,IBM
2025-11-19,9:34:48.510523537,T,289.15,120,289.62,80,IBM
2025-11-19,9:34:48.827137191,T,289.16,40,289.62,80,IBM
2025-11-19,9:34:48.827177627,T,289.16,120,289.62,80,IBM
2025-11-19,9:34:48.827212735,T,289.16,120,289.62,40,IBM
2025-11-19,9:34:48.827217493,T,289.16,120,290.0,120,IBM
2025-11-19,9:34:48.827232503,T,289.16,120,290.0,80,IBM
2025-11-19,9:34:48.827237514,T,289.16,40,290.0,80,IBM
2025-11-19,9:34:48.827237514,T,289.39,40,290.0,80,IBM
2025-11-19,9:34:48.827252500,T,289.39,40,290.0,120,IBM
2025-11-19,9:34:48.827257575,T,289.61,80,290.0,120,IBM
2025-11-19,9:34:48.827453230,T,289.61,80,289.99,40,IBM
2025-11-19,9:34:48.827618393,T,289.62,80,289.99,40,IBM
2025-11-19,9:34:48.827879031,T,289.62,80,289.99,80,IBM
2025-11-19,9:34:48.828214845,T,289.62,80,289.99,120,IBM
2025-11-19,9:34:48.834284597,T,289.39,40,289.99,120,IBM
2025-11-19,9:34:48.834309357,T,289.37,40,289.99,120,IBM
2025-11-19,9:34:48.834314274,T,289.26,40,289.99,120,IBM
2025-11-19,9:34:48.834314274,T,289.25,40,289.99,120,IBM
2025-11-19,9:34:48.834319388,T,289.25,40,289.99,160,IBM
2025-11-19,9:34:48.834329338,T,289.25,40,289.81,40,IBM
2025-11-19,9:34:48.834780459,T,289.17,80,289.81,40,IBM
2025-11-19,9:34:48.839972850,T,289.17,80,289.81,80,IBM
2025-11-19,9:34:48.849169711,T,289.17,80,289.81,40,IBM
2025-11-19,9:34:48.856527190,T,289.17,160,289.81,40,IBM
2025-11-19,9:34:48.877933163,T,289.17,160,289.81,80,IBM
2025-11-19,9:34:48.927456053,T,289.17,120,289.81,80,IBM
2025-11-19,9:34:48.936106695,T,289.17,40,289.81,80,IBM
2025-11-19,9:34:48.999612834,T,289.1,160,289.81,80,IBM
2025-11-19,9:34:49.259160783,T,289.1,160,289.81,160,IBM
2025-11-19,9:34:49.274266785,T,289.1,160,289.81,120,IBM
2025-11-19,9:34:49.274477249,T,289.1,160,289.81,80,IBM
2025-11-19,9:34:49.511646899,T,289.1,160,289.99,40,IBM
2025-11-19,9:34:49.605515442,T,289.36,40,289.99,40,IBM
2025-11-19,9:34:53.647557694,T,289.36,40,289.99,80,IBM
2025-11-19,9:34:53.671198955,T,289.36,40,289.99,40,IBM
2025-11-19,9:34:59.510765764,T,289.36,40,290.0,80,IBM
2025-11-19,9:35:00.034517656,T,289.36,40,289.97,80,IBM
2025-11-19,9:35:00.500732556,T,289.36,80,289.97,80,IBM
2025-11-19,9:35:00.571651334,T,289.36,80,290.0,80,IBM
2025-11-19,9:35:01.004181189,T,289.36,80,290.0,120,IBM
2025-11-19,9:35:01.004211260,T,289.36,40,290.0,120,IBM
2025-11-19,9:35:01.005288819,T,289.36,40,290.0,80,IBM
2025-11-19,9:35:01.463670130,T,289.17,40,290.0,80,IBM
2025-11-19,9:35:01.463705261,T,289.1,160,290.0,80,IBM
2025-11-19,9:35:01.478249945,T,289.17,40,290.0,80,IBM
2025-11-19,9:35:01.478254827,T,289.18,40,290.0,80,IBM
2025-11-19,9:35:01.520009296,T,289.17,40,290.0,80,IBM
2025-11-19,9:35:01.598044991,T,289.1,160,290.0,80,IBM
2025-11-19,9:35:02.575672379,T,289.38,120,290.0,80,IBM
2025-11-19,9:35:02.591204289,T,289.38,160,290.0,80,IBM
2025-11-19,9:35:04.570877092,T,289.38,120,290.0,80,IBM
2025-11-19,9:35:04.643916047,T,289.39,40,290.0,80,IBM
2025-11-19,9:35:04.937409644,T,289.38,120,290.0,80,IBM
2025-11-19,9:35:05.297521859,T,289.38,120,289.97,40,IBM
2025-11-19,9:35:05.297612027,T,289.38,160,289.97,40,IBM
2025-11-19,9:35:05.297797455,T,289.38,120,289.97,40,IBM
2025-11-19,9:35:05.297797455,T,289.39,40,289.97,40,IBM
2025-11-19,9:35:05.301807066,T,289.38,120,289.97,40,IBM
2025-11-19,9:35:05.672013275,T,289.38,120,290.0,120,IBM
2025-11-19,9:35:07.572437468,T,289.6,120,290.0,120,IBM
2025-11-19,9:35:07.572467641,T,289.6,120,290.0,80,IBM
2025-11-19,9:35:07.572648069,T,289.6,160,290.0,80,IBM
2025-11-19,9:35:07.617549935,T,289.6,200,290.0,80,IBM
2025-11-19,9:35:09.751069010,T,289.6,80,290.0,80,IBM
2025-11-19,9:35:09.880938580,T,289.6,120,290.0,80,IBM
2025-11-19,9:35:09.880938580,T,289.61,40,290.0,80,IBM
2025-11-19,9:35:09.880963316,T,289.62,40,290.0,80,IBM
2025-11-19,9:35:09.880973256,T,289.62,80,290.0,80,IBM
2025-11-19,9:35:09.880993616,T,289.8,40,290.0,80,IBM
2025-11-19,9:35:09.881048438,T,289.8,40,290.44,160,IBM
2025-11-19,9:35:09.881439422,T,289.8,80,290.44,160,IBM
2025-11-19,9:35:09.881439422,T,289.8,120,290.44,160,IBM
2025-11-19,9:35:09.881499491,T,289.8,80,290.44,160,IBM
2025-11-19,9:35:09.881735105,T,289.8,120,290.44,160,IBM
2025-11-19,9:35:09.881965694,T,289.84,40,290.44,160,IBM
2025-11-19,9:35:09.882085949,T,289.84,40,290.47,40,IBM
2025-11-19,9:35:12.088839495,T,289.86,80,290.47,40,IBM
2025-11-19,9:35:15.993359735,T,289.86,80,290.31,40,IBM
2025-11-19,9:35:18.594852887,T,289.86,80,290.31,80,IBM
2025-11-19,9:35:19.691603701,T,289.86,80,290.25,40,IBM
2025-11-19,9:35:19.691744050,T,289.84,40,290.25,40,IBM
2025-11-19,9:35:19.691764036,T,289.84,40,290.06,40,IBM
2025-11-19,9:35:19.692154985,T,289.59,40,290.06,40,IBM
2025-11-19,9:35:19.692185004,T,289.4,200,290.06,40,IBM
2025-11-19,9:35:19.692185004,T,289.4,200,290.17,80,IBM
2025-11-19,9:35:19.692195101,T,289.4,200,290.17,40,IBM
2025-11-19,9:35:19.692195101,T,289.4,200,290.06,40,IBM
2025-11-19,9:35:19.692270305,T,289.6,40,290.06,40,IBM
2025-11-19,9:35:19.692280315,T,289.6,40,290.06,80,IBM
2025-11-19,9:35:19.692320403,T,289.6,40,290.01,40,IBM
2025-11-19,9:35:19.692440639,T,289.6,40,290.01,80,IBM
2025-11-19,9:35:19.692445727,T,289.6,40,289.85,40,IBM
2025-11-19,9:35:19.692480717,T,289.6,40,290.01,40,IBM
2025-11-19,9:35:19.692500814,T,289.6,40,290.06,120,IBM
2025-11-19,9:35:19.692500814,T,289.61,40,290.06,120,IBM
2025-11-19,9:35:19.692530829,T,289.61,40,290.01,40,IBM
2025-11-19,9:35:19.692540947,T,289.72,40,290.01,40,IBM
2025-11-19,9:35:19.693578402,T,289.72,40,290.06,80,IBM
2025-11-19,9:35:19.694194801,T,289.72,80,290.06,80,IBM
2025-11-19,9:35:19.696635606,T,289.72,80,290.06,40,IBM
2025-11-19,9:35:19.698139181,T,289.73,40,290.06,40,IBM
2025-11-19,9:35:19.702474647,T,289.73,40,290.24,40,IBM
2025-11-19,9:35:19.703351678,T,289.73,40,290.31,40,IBM
2025-11-19,9:35:20.883992305,T,289.72,40,290.31,40,IBM
2025-11-19,9:35:22.190021351,T,289.86,40,290.31,40,IBM
2025-11-19,9:35:33.184184512,T,289.86,40,290.31,80,IBM
2025-11-19,9:35:33.184219600,T,289.86,40,290.31,120,IBM
2025-11-19,9:35:37.881376440,T,289.86,120,290.31,120,IBM
2025-11-19,9:35:38.258353893,T,289.86,120,290.31,160,IBM
2025-11-19,9:35:38.258539486,T,289.86,80,290.31,160,IBM
2025-11-19,9:35:38.258539486,T,289.86,40,290.31,160,IBM
2025-11-19,9:35:38.258559385,T,289.72,40,290.31,160,IBM
2025-11-19,9:35:38.258574401,T,289.72,40,290.28,40,IBM
2025-11-19,9:35:38.258584519,T,289.72,40,290.09,40,IBM
2025-11-19,9:35:38.258804968,T,289.72,40,290.09,80,IBM
2025-11-19,9:35:38.258804968,T,289.72,40,290.09,120,IBM
2025-11-19,9:35:38.259020972,T,289.72,40,290.09,160,IBM
2025-11-19,9:35:38.259055542,T,289.72,40,290.09,200,IBM
2025-11-19,9:35:38.259096063,T,289.72,40,290.09,240,IBM
2025-11-19,9:35:38.259130794,T,289.72,40,290.07,40,IBM
2025-11-19,9:35:38.269300042,T,289.72,40,290.07,80,IBM
2025-11-19,9:35:38.269786168,T,289.72,40,290.07,120,IBM
2025-11-19,9:35:38.269841313,T,289.72,40,289.95,40,IBM
2025-11-19,9:35:38.269931417,T,289.6,40,289.95,40,IBM
2025-11-19,9:35:38.270016698,T,289.41,40,289.95,40,IBM
2025-11-19,9:35:38.270287381,T,289.41,40,290.07,160,IBM
2025-11-19,9:35:38.270332470,T,289.6,80,290.07,160,IBM
2025-11-19,9:35:38.270352528,T,289.6,80,289.95,40,IBM
2025-11-19,9:35:38.282651822,T,289.6,80,290.07,40,IBM
2025-11-19,9:35:38.282862297,T,289.6,80,290.07,80,IBM
2025-11-19,9:35:38.283102863,T,289.6,80,290.07,120,IBM
2025-11-19,9:35:38.300308829,T,289.6,80,290.07,160,IBM
2025-11-19,9:35:38.596062843,T,289.6,80,290.07,240,IBM
2025-11-19,9:35:38.597521278,T,289.4,200,290.07,240,IBM
2025-11-19,9:35:38.597822066,T,289.05,80,290.07,240,IBM
2025-11-19,9:35:38.597832034,T,289.2,200,290.07,240,IBM
2025-11-19,9:35:38.889080363,T,289.2,200,290.06,40,IBM
2025-11-19,9:35:38.889541485,T,289.2,200,290.07,120,IBM
2025-11-19,9:35:38.889556520,T,289.2,200,290.06,40,IBM
2025-11-19,9:35:38.889566549,T,289.2,200,290.06,80,IBM
2025-11-19,9:35:38.889586606,T,289.6,80,290.06,80,IBM
2025-11-19,9:35:38.966650016,T,289.6,80,290.06,40,IBM
2025-11-19,9:35:38.966655045,T,289.6,80,290.07,120,IBM
2025-11-19,9:35:39.535148555,T,289.6,80,290.07,40,IBM
2025-11-19,9:35:40.208270927,T,289.6,80,290.23,80,IBM
2025-11-19,9:35:40.208551656,T,289.6,80,290.23,40,IBM
2025-11-19,9:35:42.886977787,T,289.36,40,290.23,40,IBM
2025-11-19,9:35:43.575902961,T,289.35,40,290.23,40,IBM
2025-11-19,9:35:43.576960538,T,289.29,40,290.23,40,IBM
2025-11-19,9:35:43.577386512,T,289.35,40,290.23,40,IBM
2025-11-19,9:35:43.577386512,T,289.36,40,290.23,40,IBM
2025-11-19,9:35:43.859197352,T,289.38,40,290.23,40,IBM
2025-11-19,9:35:46.653865260,T,289.36,40,290.23,40,IBM
2025-11-19,9:35:48.253458307,T,289.35,40,290.23,40,IBM
2025-11-19,9:35:48.269105530,T,289.36,40,290.23,40,IBM
2025-11-19,9:35:49.075605466,T,289.36,40,290.06,80,IBM
2025-11-19,9:35:49.076031525,T,289.36,40,290.06,120,IBM
2025-11-19,9:35:49.086762061,T,289.35,40,290.06,120,IBM
2025-11-19,9:35:49.171187994,T,289.36,40,290.06,120,IBM
2025-11-19,9:35:49.395657327,T,289.36,40,290.06,40,IBM
2025-11-19,9:35:49.891061690,T,289.36,40,290.06,80,IBM
2025-11-19,9:35:49.891066730,T,289.36,40,290.06,120,IBM
2025-11-19,9:35:51.051915463,T,289.36,40,290.06,80,IBM
2025-11-19,9:35:51.052326343,T,289.38,40,290.06,80,IBM
2025-11-19,9:35:51.701632160,T,289.36,40,290.06,80,IBM
2025-11-19,9:35:52.069898800,T,289.38,40,290.06,80,IBM
2025-11-19,9:35:52.224246291,T,289.36,40,290.06,80,IBM
2025-11-19,9:35:52.224281310,T,289.35,40,290.06,80,IBM
2025-11-19,9:35:52.309634501,T,289.36,40,290.06,80,IBM
2025-11-19,9:35:52.866354740,T,289.41,40,290.06,80,IBM
2025-11-19,9:35:52.866364800,T,289.41,40,290.06,40,IBM
2025-11-19,9:35:52.895799791,T,289.42,40,290.06,40,IBM
2025-11-19,9:35:52.896130578,T,289.41,40,290.06,40,IBM
2025-11-19,9:35:52.919997431,T,289.36,40,290.06,40,IBM
2025-11-19,9:35:53.074129307,T,289.35,40,290.06,40,IBM
2025-11-19,9:35:53.415391682,T,289.36,40,290.06,40,IBM
2025-11-19,9:35:53.415712469,T,289.35,40,290.06,40,IBM
2025-11-19,9:35:53.972202281,T,289.36,40,290.06,40,IBM
2025-11-19,9:35:54.413212121,T,289.35,40,290.06,40,IBM
2025-11-19,9:35:55.588685494,T,289.36,40,290.06,40,IBM
2025-11-19,9:35:55.589602666,T,289.35,40,290.06,40,IBM
2025-11-19,9:35:57.034071447,T,289.36,40,290.06,40,IBM
2025-11-19,9:35:57.039724850,T,289.35,40,290.06,40,IBM
2025-11-19,9:35:57.393762722,T,289.2,200,290.06,40,IBM
2025-11-19,9:35:57.657625869,T,289.35,40,290.06,40,IBM
2025-11-19,9:35:57.657630807,T,289.36,40,290.06,40,IBM
2025-11-19,9:35:57.717728842,T,289.35,40,290.06,40,IBM
2025-11-19,9:35:58.992834448,T,289.36,40,290.06,40,IBM
2025-11-19,9:35:58.995540823,T,289.35,40,290.06,40,IBM
2025-11-19,9:35:59.018099639,T,289.2,200,290.06,40,IBM
2025-11-19,9:35:59.729317720,T,289.35,40,290.06,40,IBM
2025-11-19,9:35:59.744824546,T,289.2,200,290.06,40,IBM
2025-11-19,9:36:00.381931267,T,289.17,40,290.06,40,IBM
2025-11-19,9:36:00.381936278,T,289.38,160,290.06,40,IBM
2025-11-19,9:36:07.786032525,T,289.8,40,290.06,40,IBM
2025-11-19,9:36:11.980668467,T,289.38,160,290.06,40,IBM
2025-11-19,9:36:11.980753556,T,289.38,160,289.9,40,IBM
2025-11-19,9:36:11.981034243,T,289.38,160,289.9,80,IBM
2025-11-19,9:36:11.981054315,T,289.38,160,289.9,120,IBM
2025-11-19,9:36:11.981089366,T,289.38,160,289.9,80,IBM
2025-11-19,9:36:11.981149545,T,289.42,40,289.9,80,IBM
2025-11-19,9:36:11.981174590,T,289.42,40,289.9,120,IBM
2025-11-19,9:36:11.981264778,T,289.42,40,289.9,160,IBM
2025-11-19,9:36:11.981289983,T,289.38,160,289.9,160,IBM
2025-11-19,9:36:11.981314946,T,289.43,40,289.9,160,IBM
2025-11-19,9:36:11.981349996,T,289.43,40,289.9,120,IBM
2025-11-19,9:36:11.991484153,T,289.43,40,289.9,80,IBM
2025-11-19,9:36:11.991504202,T,289.43,40,289.9,40,IBM
2025-11-19,9:36:11.991849975,T,289.38,160,289.9,40,IBM
2025-11-19,9:36:11.991870212,T,289.41,40,289.9,40,IBM
2025-11-19,9:36:11.991875095,T,289.66,40,289.9,40,IBM
2025-11-19,9:36:11.992090564,T,289.66,40,290.31,40,IBM
2025-11-19,9:36:11.992110790,T,289.43,40,290.31,40,IBM
2025-11-19,9:36:11.992115653,T,289.46,40,290.31,40,IBM
2025-11-19,9:36:11.992135995,T,289.9,40,290.31,40,IBM
2025-11-19,9:36:13.784407376,T,289.62,40,290.31,40,IBM
2025-11-19,9:36:13.784427514,T,289.38,160,290.31,40,IBM
2025-11-19,9:36:13.784457604,T,289.38,160,290.11,40,IBM
2025-11-19,9:36:13.799292868,T,289.38,160,290.35,40,IBM
2025-11-19,9:36:14.067716793,T,289.38,200,290.35,40,IBM
2025-11-19,9:36:14.067852167,T,289.38,160,290.35,40,IBM
2025-11-19,9:36:14.314439136,T,289.38,200,290.35,40,IBM
2025-11-19,9:36:14.314499321,T,289.39,40,290.35,40,IBM
2025-11-19,9:36:14.327720734,T,289.38,200,290.35,40,IBM
2025-11-19,9:36:14.332051044,T,289.38,160,290.35,40,IBM
2025-11-19,9:36:16.163075057,T,289.38,160,290.0,80,IBM
2025-11-19,9:36:17.853940410,T,289.36,40,290.0,80,IBM
2025-11-19,9:36:17.855769799,T,289.35,40,290.0,80,IBM
2025-11-19,9:36:20.094729826,T,289.35,40,290.35,40,IBM
2025-11-19,9:36:23.856003933,T,289.36,40,290.35,40,IBM
2025-11-19,9:36:23.856094151,T,289.35,40,290.35,40,IBM
2025-11-19,9:36:23.872989482,T,289.36,40,290.35,40,IBM
2025-11-19,9:36:23.886366250,T,289.61,80,290.35,40,IBM
2025-11-19,9:36:23.886576711,T,289.61,120,290.35,40,IBM
2025-11-19,9:36:24.207751207,T,289.74,40,290.35,40,IBM
2025-11-19,9:36:24.208041994,T,289.62,40,290.35,40,IBM
2025-11-19,9:36:24.208041994,T,289.92,40,290.35,40,IBM
2025-11-19,9:36:24.209560506,T,289.62,40,290.35,40,IBM
2025-11-19,9:36:24.212196830,T,289.81,40,290.35,40,IBM
2025-11-19,9:36:24.482941389,T,289.81,40,290.28,80,IBM
2025-11-19,9:36:25.742916033,T,289.81,80,290.28,80,IBM
2025-11-19,9:36:28.456991871,T,289.81,80,290.29,40,IBM
2025-11-19,9:36:30.168406210,T,289.81,80,290.28,40,IBM
2025-11-19,9:36:31.438434711,T,289.81,80,290.28,80,IBM
2025-11-19,9:36:34.318425720,T,289.81,80,290.28,120,IBM
2025-11-19,9:36:34.318505949,T,289.81,80,290.28,160,IBM
2025-11-19,9:36:34.883455844,T,289.81,80,290.16,40,IBM
2025-11-19,9:36:34.883495981,T,289.81,80,290.14,40,IBM
2025-11-19,9:36:34.883531028,T,289.81,80,290.14,80,IBM
2025-11-19,9:36:34.883666346,T,289.81,40,290.14,80,IBM
2025-11-19,9:36:34.883686602,T,289.37,160,290.14,80,IBM
2025-11-19,9:36:34.883706791,T,289.37,160,290.14,120,IBM
2025-11-19,9:36:34.883721647,T,289.4,40,290.14,120,IBM
2025-11-19,9:36:34.883721647,T,289.4,40,289.99,40,IBM
2025-11-19,9:36:34.883761546,T,289.37,160,289.99,40,IBM
2025-11-19,9:36:34.884107457,T,289.37,160,290.13,40,IBM
2025-11-19,9:36:34.884177568,T,289.37,160,289.81,40,IBM
2025-11-19,9:36:34.912665411,T,289.36,40,289.81,40,IBM
2025-11-19,9:36:34.917015710,T,289.36,40,289.81,80,IBM
2025-11-19,9:36:35.093335493,T,289.36,40,289.81,40,IBM
2025-11-19,9:36:35.540304582,T,289.36,40,290.14,80,IBM
2025-11-19,9:36:35.563529864,T,289.36,40,290.14,120,IBM
2025-11-19,9:36:35.573854362,T,289.6,80,290.14,120,IBM
2025-11-19,9:36:35.786901542,T,289.6,80,290.14,80,IBM
2025-11-19,9:36:35.786961698,T,289.6,80,290.14,40,IBM
2025-11-19,9:36:35.786961698,T,289.61,40,290.14,40,IBM
2025-11-19,9:36:35.786966739,T,289.61,40,290.06,40,IBM
2025-11-19,9:36:35.786986783,T,289.7,40,290.06,40,IBM
2025-11-19,9:36:35.787006780,T,289.7,40,290.18,40,IBM
2025-11-19,9:36:35.787046910,T,289.7,40,290.14,40,IBM
2025-11-19,9:36:35.787508013,T,289.7,40,290.14,80,IBM
2025-11-19,9:36:35.787533081,T,289.6,80,290.14,80,IBM
2025-11-19,9:36:35.788555468,T,289.6,80,290.14,160,IBM
2025-11-19,9:36:35.791367271,T,289.61,40,290.14,160,IBM
2025-11-19,9:36:36.045963253,T,289.6,80,290.14,160,IBM
2025-11-19,9:36:37.079022670,T,289.6,80,290.14,120,IBM
2025-11-19,9:36:37.625067579,T,289.6,80,290.14,80,IBM
2025-11-19,9:36:37.665624156,T,289.6,80,290.18,40,IBM
2025-11-19,9:36:37.666045124,T,289.6,80,290.18,80,IBM
2025-11-19,9:36:38.585624376,T,289.62,40,290.18,80,IBM
2025-11-19,9:36:39.925203355,T,289.6,80,290.18,80,IBM
2025-11-19,9:36:42.442816792,T,289.62,40,290.18,80,IBM
2025-11-19,9:36:44.406411323,T,289.6,80,290.18,80,IBM
2025-11-19,9:36:44.449233222,T,289.61,40,290.18,80,IBM
2025-11-19,9:36:44.449624434,T,289.61,40,290.18,40,IBM
2025-11-19,9:36:45.414947241,T,289.6,80,290.18,40,IBM
2025-11-19,9:36:45.430113400,T,289.6,80,289.92,40,IBM
2025-11-19,9:36:45.431872524,T,289.6,80,290.18,40,IBM
2025-11-19,9:36:45.432208359,T,289.6,80,289.92,40,IBM
2025-11-19,9:36:45.509141448,T,289.6,80,290.14,80,IBM
2025-11-19,9:36:45.877939409,T,289.6,80,290.14,120,IBM
2025-11-19,9:36:45.956446291,T,289.6,80,290.14,80,IBM
2025-11-19,9:36:48.454834060,T,289.6,80,290.17,40,IBM
2025-11-19,9:36:48.454869115,T,289.6,80,290.18,40,IBM
2025-11-19,9:36:49.480596015,T,289.6,80,290.18,80,IBM
2025-11-19,9:36:50.791456668,T,289.6,80,290.14,40,IBM
2025-11-19,9:36:50.791602035,T,289.6,80,290.14,80,IBM
2025-11-19,9:36:50.792188407,T,289.6,80,290.14,120,IBM
2025-11-19,9:36:50.792253517,T,289.6,80,290.13,80,IBM
2025-11-19,9:36:50.871582340,T,289.6,80,290.13,120,IBM
2025-11-19,9:36:50.871953284,T,289.6,80,290.13,160,IBM
2025-11-19,9:36:51.470473111,T,289.62,40,290.13,160,IBM
2025-11-19,9:36:51.795401626,T,289.62,40,290.12,80,IBM
2025-11-19,9:36:51.795496848,T,289.62,40,290.12,120,IBM
2025-11-19,9:36:51.795887772,T,289.62,40,290.12,160,IBM
2025-11-19,9:36:51.795917900,T,289.62,40,290.12,200,IBM
2025-11-19,9:36:57.087580441,T,289.62,40,290.12,160,IBM
2025-11-19,9:36:59.508052377,T,289.62,40,290.11,80,IBM
2025-11-19,9:36:59.508473439,T,289.62,40,290.11,120,IBM
2025-11-19,9:36:59.508488449,T,289.62,40,290.11,160,IBM
2025-11-19,9:36:59.508498439,T,289.62,40,290.11,200,IBM
2025-11-19,9:36:59.838363714,T,289.62,40,290.11,160,IBM
2025-11-19,9:37:01.016012338,T,289.62,40,289.94,40,IBM
2025-11-19,9:37:01.016107536,T,289.62,40,289.94,80,IBM
2025-11-19,9:37:01.016317963,T,289.62,40,289.94,120,IBM
2025-11-19,9:37:01.016433324,T,289.62,40,289.94,160,IBM
2025-11-19,9:37:01.020162212,T,289.62,40,289.94,120,IBM
2025-11-19,9:37:02.210145069,T,289.62,40,289.94,160,IBM
2025-11-19,9:37:02.210205234,T,289.62,40,289.94,120,IBM
2025-11-19,9:37:02.210215135,T,289.62,40,289.94,80,IBM
2025-11-19,9:37:02.210220174,T,289.62,40,289.94,40,IBM
2025-11-19,9:37:02.210651219,T,289.62,80,289.94,40,IBM
2025-11-19,9:37:02.441636126,T,289.62,80,290.03,40,IBM
2025-11-19,9:37:03.261763560,T,289.62,40,290.03,40,IBM
2025-11-19,9:37:05.258306660,T,289.62,40,290.03,80,IBM
2025-11-19,9:37:05.258507153,T,289.62,40,289.81,40,IBM
2025-11-19,9:37:05.679359125,T,289.63,40,289.81,40,IBM
2025-11-19,9:37:05.679359125,T,289.63,40,290.0,40,IBM
2025-11-19,9:37:05.679384216,T,289.63,40,290.03,80,IBM
2025-11-19,9:37:05.679389124,T,289.63,40,289.81,40,IBM
2025-11-19,9:37:05.679394619,T,289.63,40,290.03,80,IBM
2025-11-19,9:37:05.679434116,T,289.7,40,290.03,80,IBM
2025-11-19,9:37:05.679519350,T,289.7,80,290.03,80,IBM
2025-11-19,9:37:05.679524540,T,289.7,80,290.03,40,IBM
2025-11-19,9:37:05.679539417,T,289.7,40,290.03,40,IBM
2025-11-19,9:37:05.679759847,T,289.7,80,290.03,40,IBM
2025-11-19,9:37:05.679809990,T,289.7,40,290.03,40,IBM
2025-11-19,9:37:05.679900255,T,289.63,40,290.03,40,IBM
2025-11-19,9:37:05.679976171,T,289.71,40,290.03,40,IBM
2025-11-19,9:37:05.680165922,T,289.71,40,290.04,40,IBM
2025-11-19,9:37:05.680626967,T,289.71,40,290.05,40,IBM
2025-11-19,9:37:05.837129549,T,289.71,40,290.11,120,IBM
2025-11-19,9:37:06.046648346,T,289.62,40,290.11,120,IBM
2025-11-19,9:37:06.046663408,T,289.61,40,290.11,120,IBM
2025-11-19,9:37:06.046683452,T,289.6,120,290.11,120,IBM
2025-11-19,9:37:06.061463587,T,289.6,80,290.11,120,IBM
2025-11-19,9:37:06.544633803,T,289.72,40,290.11,120,IBM
2025-11-19,9:37:07.482631788,T,289.72,40,290.11,40,IBM
2025-11-19,9:37:07.886458127,T,289.72,80,290.11,40,IBM
2025-11-19,9:37:07.887249943,T,289.72,120,290.11,40,IBM
2025-11-19,9:37:09.324421281,T,289.72,120,290.16,40,IBM
2025-11-19,9:37:11.752667071,T,289.72,120,290.06,80,IBM
2025-11-19,9:37:12.480113778,T,289.72,120,290.06,120,IBM
2025-11-19,9:37:13.678471554,T,289.72,120,290.06,160,IBM
2025-11-19,9:37:14.158489246,T,289.72,120,290.06,200,IBM
2025-11-19,9:37:16.045882497,T,289.72,120,290.05,40,IBM
2025-11-19,9:37:16.046118081,T,289.72,120,290.05,80,IBM
2025-11-19,9:37:16.046358647,T,289.72,120,290.05,120,IBM
2025-11-19,9:37:16.046709463,T,289.72,120,290.05,200,IBM
2025-11-19,9:37:16.046779612,T,289.72,120,290.05,240,IBM
2025-11-19,9:37:16.158545732,T,289.72,80,290.05,240,IBM
2025-11-19,9:37:16.158571101,T,289.72,40,290.05,240,IBM
2025-11-19,9:37:16.158571101,T,289.6,40,290.05,240,IBM
2025-11-19,9:37:16.158580832,T,289.6,40,290.05,280,IBM
2025-11-19,9:37:16.158585788,T,289.36,40,290.05,280,IBM
2025-11-19,9:37:16.158590874,T,289.35,40,290.05,280,IBM
2025-11-19,9:37:16.158595818,T,289.35,40,289.89,40,IBM
2025-11-19,9:37:16.158606034,T,289.17,40,289.89,40,IBM
2025-11-19,9:37:16.158606034,T,289.16,200,289.89,40,IBM
2025-11-19,9:37:16.159046906,T,289.16,200,289.89,80,IBM
2025-11-19,9:37:16.159467899,T,289.16,200,289.89,120,IBM
2025-11-19,9:37:16.160535527,T,289.16,200,289.89,160,IBM
2025-11-19,9:37:16.173431125,T,289.16,200,289.89,80,IBM
2025-11-19,9:37:16.179896577,T,289.67,80,289.89,80,IBM
2025-11-19,9:37:16.261686279,T,289.67,80,289.89,40,IBM
2025-11-19,9:37:17.437741123,T,289.69,40,289.89,40,IBM
2025-11-19,9:37:18.738648068,T,289.69,40,289.91,40,IBM
2025-11-19,9:37:18.738683257,T,289.69,40,289.98,40,IBM
2025-11-19,9:37:18.739510115,T,289.69,40,290.0,40,IBM
2025-11-19,9:37:18.739515142,T,289.69,40,290.02,40,IBM
2025-11-19,9:37:18.739540616,T,289.69,40,290.03,40,IBM
2025-11-19,9:37:18.739540616,T,289.69,40,290.04,40,IBM
2025-11-19,9:37:18.739540616,T,289.69,40,290.05,120,IBM
2025-11-19,9:37:26.396242735,T,289.69,40,290.05,40,IBM
2025-11-19,9:37:32.158635923,T,289.69,40,290.05,80,IBM
2025-11-19,9:37:32.514192166,T,289.69,40,290.05,120,IBM
2025-11-19,9:37:32.626875456,T,289.69,40,289.88,40,IBM
2025-11-19,9:37:32.626940594,T,289.67,80,289.88,40,IBM
2025-11-19,9:37:32.626975697,T,289.67,80,289.88,80,IBM
2025-11-19,9:37:32.627346597,T,289.67,80,289.88,40,IBM
2025-11-19,9:37:32.627476825,T,289.67,80,289.88,80,IBM
2025-11-19,9:37:32.627562085,T,289.67,80,289.79,40,IBM
2025-11-19,9:37:32.627607149,T,289.35,40,289.79,40,IBM
2025-11-19,9:37:32.627607149,T,289.16,200,289.79,40,IBM
2025-11-19,9:37:32.627942955,T,289.16,200,289.79,80,IBM
2025-11-19,9:37:32.627952978,T,289.29,40,289.79,80,IBM
2025-11-19,9:37:32.627978074,T,289.29,40,289.79,40,IBM
2025-11-19,9:37:32.628193651,T,289.17,40,289.79,40,IBM
2025-11-19,9:37:32.628479229,T,289.48,80,289.79,40,IBM
2025-11-19,9:37:32.632463792,T,289.62,40,289.79,40,IBM
2025-11-19,9:37:32.976227158,T,289.62,120,289.79,40,IBM
2025-11-19,9:37:37.727648195,T,289.63,40,289.79,40,IBM
2025-11-19,9:37:40.284750703,T,289.63,40,289.79,80,IBM
2025-11-19,9:37:43.692638528,T,289.62,120,289.79,80,IBM
2025-11-19,9:37:43.692693731,T,289.62,120,289.71,40,IBM
2025-11-19,9:37:43.692728797,T,289.62,80,289.71,40,IBM
2025-11-19,9:37:43.692728797,T,289.16,200,289.71,40,IBM
2025-11-19,9:37:43.692778856,T,289.16,200,289.71,80,IBM
2025-11-19,9:37:43.692864127,T,289.17,40,289.71,80,IBM
2025-11-19,9:37:43.693014408,T,289.16,200,289.71,80,IBM
2025-11-19,9:37:43.693550671,T,289.16,200,289.71,40,IBM
2025-11-19,9:37:43.695289993,T,289.36,40,289.71,40,IBM
2025-11-19,9:37:43.707919872,T,289.36,40,289.71,80,IBM
2025-11-19,9:37:43.876817046,T,289.16,200,289.71,80,IBM
2025-11-19,9:37:44.914452203,T,289.37,80,289.71,80,IBM
2025-11-19,9:37:44.914873159,T,289.37,80,289.71,40,IBM
2025-11-19,9:38:03.642265803,T,289.37,80,289.8,40,IBM
2025-11-19,9:38:03.643634019,T,289.37,80,289.85,40,IBM
2025-11-19,9:38:04.584077974,T,289.37,80,289.8,40,IBM
2025-11-19,9:38:04.598918281,T,289.37,80,289.85,40,IBM
2025-11-19,9:38:06.460685440,T,289.37,80,289.8,40,IBM
2025-11-19,9:38:06.460720512,T,289.37,80,289.64,40,IBM
2025-11-19,9:38:06.460725451,T,289.17,40,289.64,40,IBM
2025-11-19,9:38:06.460730484,T,289.05,80,289.64,40,IBM
2025-11-19,9:38:06.460755590,T,289.05,80,289.64,80,IBM
2025-11-19,9:38:06.460765593,T,289.05,80,289.52,40,IBM
2025-11-19,9:38:06.460785645,T,289.05,40,289.52,40,IBM
2025-11-19,9:38:06.461216655,T,289.05,40,289.53,40,IBM
2025-11-19,9:38:06.464875363,T,289.05,40,289.63,40,IBM
2025-11-19,9:38:06.469210668,T,289.05,40,289.64,120,IBM
2025-11-19,9:38:06.469907418,T,289.05,40,289.45,40,IBM
2025-11-19,9:38:06.470017663,T,289.22,40,289.45,40,IBM
2025-11-19,9:38:06.471400997,T,289.0,40,289.45,40,IBM
2025-11-19,9:38:06.471621407,T,289.0,40,289.45,80,IBM
2025-11-19,9:38:06.471821867,T,289.0,40,289.45,120,IBM
2025-11-19,9:38:06.473997141,T,289.0,40,289.45,80,IBM
2025-11-19,9:38:06.512353469,T,289.0,40,289.45,40,IBM
2025-11-19,9:38:06.660451026,T,289.0,40,289.53,40,IBM
2025-11-19,9:38:11.891699576,T,289.0,40,289.53,80,IBM
2025-11-19,9:38:12.149438130,T,289.0,40,289.52,40,IBM
2025-11-19,9:38:12.696320021,T,289.0,40,289.53,80,IBM
2025-11-19,9:38:13.590879668,T,289.0,40,289.52,40,IBM
2025-11-19,9:38:13.700405394,T,289.0,40,289.41,40,IBM
2025-11-19,9:38:14.708891299,T,289.0,40,289.52,40,IBM
2025-11-19,9:38:14.709297345,T,289.0,40,289.41,40,IBM
2025-11-19,9:38:15.573264170,T,289.0,40,289.52,40,IBM
2025-11-19,9:38:15.573274337,T,289.18,40,289.52,40,IBM
2025-11-19,9:38:15.573289171,T,289.18,40,289.53,80,IBM
2025-11-19,9:38:15.573304114,T,289.18,40,289.53,40,IBM
2025-11-19,9:38:15.573314175,T,289.01,40,289.53,40,IBM
2025-11-19,9:38:15.573319234,T,289.26,40,289.53,40,IBM
2025-11-19,9:38:15.573324407,T,289.26,40,289.53,80,IBM
2025-11-19,9:38:15.573474623,T,289.26,40,289.53,40,IBM
2025-11-19,9:38:15.573549801,T,289.26,40,289.64,40,IBM
2025-11-19,9:38:15.574096054,T,289.24,40,289.64,40,IBM
2025-11-19,9:38:15.574096054,T,289.23,40,289.64,40,IBM
2025-11-19,9:38:15.574116458,T,289.16,40,289.64,40,IBM
2025-11-19,9:38:15.574131129,T,289.15,40,289.64,40,IBM
2025-11-19,9:38:15.574161242,T,289.05,40,289.64,40,IBM
2025-11-19,9:38:15.574171228,T,289.04,40,289.64,40,IBM
2025-11-19,9:38:15.574321600,T,289.05,40,289.64,40,IBM
2025-11-19,9:38:15.574351693,T,289.04,40,289.64,40,IBM
2025-11-19,9:38:15.574371699,T,289.28,40,289.64,40,IBM
2025-11-19,9:38:15.577870034,T,289.04,40,289.64,40,IBM
2025-11-19,9:38:15.582420845,T,289.01,40,289.64,40,IBM
2025-11-19,9:38:15.582450880,T,289.0,80,289.64,40,IBM
2025-11-19,9:38:15.623583898,T,289.0,40,289.64,40,IBM
2025-11-19,9:38:15.623603847,T,289.0,80,289.64,40,IBM
2025-11-19,9:38:15.637261460,T,289.0,80,289.64,80,IBM
2025-11-19,9:38:15.824727735,T,289.0,40,289.64,80,IBM
2025-11-19,9:38:16.049773442,T,289.12,40,289.64,80,IBM
2025-11-19,9:38:24.297733458,T,289.12,40,289.57,40,IBM
2025-11-19,9:38:24.301743042,T,289.12,40,289.64,80,IBM
2025-11-19,9:38:25.636711150,T,289.12,40,289.64,40,IBM
2025-11-19,9:38:31.537699123,T,289.13,40,289.64,40,IBM
2025-11-19,9:38:37.858952875,T,289.13,40,289.64,80,IBM
2025-11-19,9:38:37.858967905,T,289.13,40,289.35,40,IBM
2025-11-19,9:38:37.858998054,T,289.12,40,289.35,40,IBM
2025-11-19,9:38:37.859007986,T,289.12,40,289.35,80,IBM
2025-11-19,9:38:37.859213527,T,289.12,40,289.35,120,IBM
2025-11-19,9:38:37.859393891,T,289.12,40,289.35,160,IBM
2025-11-19,9:38:37.859849973,T,289.12,40,289.35,120,IBM
2025-11-19,9:38:38.694672470,T,289.12,40,289.35,160,IBM
2025-11-19,9:38:38.696597067,T,289.12,40,289.31,80,IBM
2025-11-19,9:38:38.696672282,T,289.0,40,289.31,80,IBM
2025-11-19,9:38:38.696697275,T,289.0,40,289.3,40,IBM
2025-11-19,9:38:38.696697275,T,289.0,40,289.3,80,IBM
2025-11-19,9:38:38.696732382,T,289.0,40,289.3,120,IBM
2025-11-19,9:38:38.697514207,T,289.0,40,289.3,160,IBM
2025-11-19,9:38:38.699098167,T,289.0,40,289.3,120,IBM
2025-11-19,9:38:38.718539351,T,289.0,40,289.29,40,IBM
2025-11-19,9:38:38.770518042,T,289.0,40,289.29,80,IBM
2025-11-19,9:38:38.770583222,T,289.0,40,289.29,40,IBM
2025-11-19,9:38:38.770904050,T,289.0,40,289.29,80,IBM
2025-11-19,9:38:39.240401581,T,288.89,80,289.29,80,IBM
2025-11-19,9:38:39.240426634,T,288.89,80,289.27,40,IBM
2025-11-19,9:38:39.240506865,T,288.89,80,289.27,80,IBM
2025-11-19,9:38:39.241128342,T,289.0,40,289.27,80,IBM
2025-11-19,9:38:39.241153400,T,289.0,40,289.27,40,IBM
2025-11-19,9:38:39.241338792,T,289.0,40,289.27,80,IBM
2025-11-19,9:38:41.881929960,T,289.03,40,289.27,80,IBM
2025-11-19,9:38:41.882496320,T,288.89,80,289.27,80,IBM
2025-11-19,9:38:42.589479446,T,288.89,80,289.27,40,IBM
2025-11-19,9:38:42.589479446,T,288.89,80,289.4,40,IBM
2025-11-19,9:38:42.589509477,T,289.01,40,289.4,40,IBM
2025-11-19,9:38:42.589514515,T,289.03,40,289.4,40,IBM
2025-11-19,9:38:42.589549575,T,289.03,40,289.4,80,IBM
2025-11-19,9:38:42.589925466,T,289.03,40,289.4,120,IBM
2025-11-19,9:38:42.590316442,T,289.07,80,289.4,120,IBM
2025-11-19,9:38:42.604344833,T,289.07,40,289.4,120,IBM
2025-11-19,9:38:42.689998684,T,289.07,40,289.4,80,IBM
2025-11-19,9:38:43.872258124,T,289.07,40,289.4,40,IBM
2025-11-19,9:38:43.967118971,T,289.08,40,289.4,40,IBM
2025-11-19,9:38:46.633276071,T,289.08,40,289.57,240,IBM
2025-11-19,9:38:49.160317319,T,289.15,40,289.57,240,IBM
2025-11-19,9:38:49.160322049,T,289.15,40,289.57,200,IBM
2025-11-19,9:38:49.160622784,T,289.15,40,289.57,40,IBM
2025-11-19,9:38:49.160662842,T,289.17,40,289.57,40,IBM
2025-11-19,9:38:49.161244327,T,289.15,40,289.57,40,IBM
2025-11-19,9:38:49.179973839,T,289.08,40,289.57,40,IBM
2025-11-19,9:38:49.899842387,T,289.08,80,289.57,40,IBM
2025-11-19,9:38:50.060169111,T,289.08,40,289.57,40,IBM
2025-11-19,9:38:50.862203499,T,289.15,40,289.57,40,IBM
2025-11-19,9:38:52.523408329,T,289.16,40,289.57,40,IBM
2025-11-19,9:38:52.523413327,T,289.17,40,289.57,40,IBM
2025-11-19,9:38:52.523703964,T,289.16,80,289.57,40,IBM
2025-11-19,9:38:52.523703964,T,289.28,40,289.57,40,IBM
2025-11-19,9:38:52.523984664,T,289.28,40,289.61,40,IBM
2025-11-19,9:38:52.658685331,T,289.28,80,289.61,40,IBM
2025-11-19,9:38:55.598804430,T,289.28,80,289.61,80,IBM
2025-11-19,9:38:55.639686793,T,289.28,40,289.61,80,IBM
2025-11-19,9:38:55.639701849,T,289.15,40,289.61,80,IBM
2025-11-19,9:38:55.639706831,T,289.15,40,289.28,80,IBM
2025-11-19,9:38:55.639716879,T,289.15,40,289.28,40,IBM
2025-11-19,9:38:55.639737087,T,289.15,40,289.44,40,IBM
2025-11-19,9:38:55.640032560,T,289.15,40,289.57,40,IBM
2025-11-19,9:38:55.640032560,T,289.15,40,289.61,40,IBM
2025-11-19,9:38:55.640248092,T,289.15,40,289.52,40,IBM
2025-11-19,9:38:56.713894005,T,289.15,40,289.52,80,IBM
2025-11-19,9:38:56.833694226,T,289.15,40,289.52,40,IBM
2025-11-19,9:38:57.201159196,T,289.15,40,289.52,80,IBM
2025-11-19,9:38:58.177242803,T,289.15,40,289.52,40,IBM
2025-11-19,9:39:00.591304889,T,289.0,40,289.52,40,IBM
2025-11-19,9:39:00.647829503,T,288.88,40,289.52,40,IBM
2025-11-19,9:39:01.705332020,T,289.17,40,289.52,40,IBM
2025-11-19,9:39:04.373874651,T,289.0,40,289.52,40,IBM
2025-11-19,9:39:04.373949914,T,288.88,40,289.52,40,IBM
2025-11-19,9:39:04.374035117,T,288.88,40,289.35,40,IBM
2025-11-19,9:39:04.374080238,T,288.88,40,289.35,80,IBM
2025-11-19,9:39:04.374606403,T,288.88,40,289.35,120,IBM
2025-11-19,9:39:04.374781811,T,288.8,240,289.35,120,IBM
2025-11-19,9:39:04.374852063,T,288.8,240,289.35,160,IBM
2025-11-19,9:39:04.374872046,T,288.8,240,289.35,200,IBM
2025-11-19,9:39:04.375087603,T,288.8,240,289.35,160,IBM
2025-11-19,9:39:04.378881601,T,288.8,240,289.35,120,IBM
2025-11-19,9:39:04.381101914,T,289.14,40,289.35,120,IBM
2025-11-19,9:39:04.387637495,T,289.14,40,289.35,80,IBM
2025-11-19,9:39:04.691220120,T,289.14,40,289.35,40,IBM
2025-11-19,9:39:04.707478854,T,289.14,40,289.5,40,IBM
2025-11-19,9:39:04.726328761,T,289.14,40,289.61,40,IBM
2025-11-19,9:39:06.837213643,T,289.14,120,289.61,40,IBM
2025-11-19,9:39:11.400186798,T,289.14,80,289.61,40,IBM
2025-11-19,9:39:11.400191430,T,289.14,40,289.61,40,IBM
2025-11-19,9:39:11.400206440,T,289.01,40,289.61,40,IBM
2025-11-19,9:39:11.400216466,T,289.0,40,289.61,40,IBM
2025-11-19,9:39:11.400226492,T,289.0,40,289.38,40,IBM
2025-11-19,9:39:11.400256547,T,289.0,40,289.38,80,IBM
2025-11-19,9:39:11.400261845,T,289.0,40,289.38,120,IBM
2025-11-19,9:39:11.400261845,T,289.0,40,289.38,160,IBM
2025-11-19,9:39:11.400592370,T,289.0,40,289.27,40,IBM
2025-11-19,9:39:11.400597364,T,288.8,240,289.27,40,IBM
2025-11-19,9:39:11.400672578,T,288.8,240,289.38,160,IBM
2025-11-19,9:39:11.400707632,T,288.8,240,289.38,120,IBM
2025-11-19,9:39:11.400707632,T,288.8,240,289.27,40,IBM
2025-11-19,9:39:11.400782812,T,288.8,240,289.27,80,IBM
2025-11-19,9:39:11.400807832,T,288.8,240,289.27,120,IBM
2025-11-19,9:39:11.401253987,T,288.8,240,289.27,80,IBM
2025-11-19,9:39:11.404952775,T,288.8,240,289.27,40,IBM
2025-11-19,9:39:11.408736768,T,288.8,240,289.38,160,IBM
2025-11-19,9:39:11.411052274,T,288.8,240,289.38,120,IBM
2025-11-19,9:39:11.411082315,T,288.8,240,289.38,80,IBM
2025-11-19,9:39:11.413633466,T,288.8,240,289.38,40,IBM
2025-11-19,9:39:11.826065350,T,288.8,240,289.39,40,IBM
2025-11-19,9:39:12.960826746,T,288.8,280,289.39,40,IBM
2025-11-19,9:39:12.964836238,T,288.8,240,289.39,40,IBM
2025-11-19,9:39:12.986939554,T,289.01,40,289.39,40,IBM
2025-11-19,9:39:13.297553362,T,288.8,240,289.39,40,IBM
2025-11-19,9:39:14.817010550,T,289.01,80,289.39,40,IBM
2025-11-19,9:39:27.604242397,T,289.01,120,289.39,40,IBM
2025-11-19,9:39:27.604242397,T,289.02,40,289.39,40,IBM
2025-11-19,9:39:27.604247370,T,289.02,80,289.39,40,IBM
2025-11-19,9:39:27.604267417,T,289.12,40,289.39,40,IBM
2025-11-19,9:39:27.604277406,T,289.12,80,289.39,40,IBM
2025-11-19,9:39:27.604347671,T,289.12,120,289.39,40,IBM
2025-11-19,9:39:27.604624085,T,289.14,40,289.39,40,IBM
2025-11-19,9:39:27.604673414,T,289.19,40,289.39,40,IBM
2025-11-19,9:39:27.604908929,T,289.19,40,289.42,40,IBM
2025-11-19,9:39:27.605009189,T,289.14,40,289.42,40,IBM
2025-11-19,9:39:27.605214791,T,289.19,40,289.42,40,IBM
2025-11-19,9:39:27.605249922,T,289.19,40,289.47,40,IBM
2025-11-19,9:39:27.613724982,T,289.25,40,289.47,40,IBM
2025-11-19,9:39:28.516910110,T,289.25,40,289.6,240,IBM
2025-11-19,9:39:28.517812253,T,289.25,80,289.6,240,IBM
2025-11-19,9:39:29.788161628,T,289.26,40,289.6,240,IBM
2025-11-19,9:39:29.788202076,T,289.25,80,289.6,240,IBM
2025-11-19,9:39:29.788206647,T,289.35,40,289.6,240,IBM
2025-11-19,9:39:29.788372100,T,289.35,40,289.6,40,IBM
2025-11-19,9:39:29.788522494,T,289.35,40,289.61,40,IBM
2025-11-19,9:39:29.788993672,T,289.35,80,289.61,40,IBM
2025-11-19,9:39:29.792767606,T,289.35,40,289.61,40,IBM
2025-11-19,9:39:42.718574090,T,289.35,40,289.61,80,IBM
2025-11-19,9:39:50.023599365,T,289.47,40,289.61,80,IBM
2025-11-19,9:39:50.024391122,T,289.47,80,289.61,80,IBM
2025-11-19,9:39:50.024666846,T,289.47,80,289.61,40,IBM
2025-11-19,9:39:50.024852189,T,289.47,40,289.61,40,IBM
2025-11-19,9:39:50.232015378,T,289.47,80,289.61,40,IBM
2025-11-19,9:39:50.402285796,T,289.47,80,289.71,40,IBM
2025-11-19,9:39:50.402295750,T,289.47,120,289.71,40,IBM
2025-11-19,9:39:50.402601519,T,289.47,120,289.74,40,IBM
2025-11-19,9:39:50.402651755,T,289.47,120,289.77,40,IBM
2025-11-19,9:39:50.402656615,T,289.53,40,289.77,40,IBM
2025-11-19,9:39:50.402741852,T,289.47,120,289.77,40,IBM
2025-11-19,9:39:50.402801983,T,289.47,80,289.77,40,IBM
2025-11-19,9:39:50.420408902,T,289.47,80,289.79,40,IBM
2025-11-19,9:39:50.466423428,T,289.47,40,289.79,40,IBM
2025-11-19,9:39:50.569143010,T,289.47,240,289.79,40,IBM
2025-11-19,9:39:51.367834544,T,289.48,80,289.79,40,IBM
2025-11-19,9:39:51.830145135,T,289.48,80,289.79,80,IBM
2025-11-19,9:40:02.007979756,T,289.48,80,289.79,120,IBM
2025-11-19,9:40:03.081625800,T,289.48,80,289.79,80,IBM
2025-11-19,9:40:06.228837984,T,289.48,280,289.79,80,IBM
2025-11-19,9:40:06.441754732,T,289.48,280,289.79,40,IBM
2025-11-19,9:40:15.770422741,T,289.48,280,289.78,40,IBM
2025-11-19,9:40:15.887782144,T,289.48,280,289.78,80,IBM
2025-11-19,9:40:15.888258275,T,289.48,280,289.78,40,IBM
2025-11-19,9:40:17.831594450,T,289.48,280,289.71,40,IBM
2025-11-19,9:40:17.840921666,T,289.48,280,289.86,40,IBM
2025-11-19,9:40:18.879198580,T,289.48,280,289.7,40,IBM
2025-11-19,9:40:19.020404766,T,289.48,280,289.86,40,IBM
2025-11-19,9:40:19.020885898,T,289.48,280,289.71,40,IBM
2025-11-19,9:40:19.157155331,T,289.48,280,289.86,40,IBM
2025-11-19,9:40:21.186546425,T,289.48,280,289.89,40,IBM
2025-11-19,9:40:21.245246158,T,289.49,200,289.89,40,IBM
2025-11-19,9:40:36.033541500,T,289.49,200,289.84,40,IBM
2025-11-19,9:40:36.312896521,T,289.53,200,289.84,40,IBM
2025-11-19,9:40:46.988591575,T,289.53,200,289.89,40,IBM
2025-11-19,9:40:50.579008881,T,289.53,200,289.7,40,IBM
2025-11-19,9:40:50.579219472,T,289.53,200,289.7,80,IBM
2025-11-19,9:40:50.579500091,T,289.53,200,289.7,120,IBM
2025-11-19,9:40:50.580076487,T,289.53,200,289.7,80,IBM
2025-11-19,9:40:50.601171734,T,289.53,200,289.7,40,IBM
2025-11-19,9:40:50.601171734,T,289.53,200,289.89,80,IBM
2025-11-19,9:40:50.601206752,T,289.54,40,289.89,80,IBM
2025-11-19,9:40:50.601206752,T,289.54,40,289.89,40,IBM
2025-11-19,9:40:50.601231871,T,289.61,40,289.89,40,IBM
2025-11-19,9:40:50.602600055,T,289.53,40,289.89,40,IBM
2025-11-19,9:40:50.715498892,T,289.53,280,289.89,40,IBM
2025-11-19,9:40:50.716566363,T,289.63,40,289.89,40,IBM
2025-11-19,9:40:50.716651551,T,289.66,40,289.89,40,IBM
2025-11-19,9:40:50.716671815,T,289.7,40,289.89,40,IBM
2025-11-19,9:40:50.716751793,T,289.7,40,289.9,160,IBM
2025-11-19,9:40:50.717002481,T,289.7,40,289.9,80,IBM
2025-11-19,9:40:50.717022502,T,289.7,40,290.4,40,IBM
2025-11-19,9:40:50.717057565,T,289.66,80,290.4,40,IBM
2025-11-19,9:40:50.717057565,T,289.76,40,290.4,40,IBM
2025-11-19,9:40:50.717488535,T,289.76,40,290.01,120,IBM
2025-11-19,9:40:50.720646097,T,289.66,80,290.01,120,IBM
2025-11-19,9:40:50.720646097,T,289.66,40,290.01,120,IBM
2025-11-19,9:40:50.720776466,T,289.63,40,290.01,120,IBM
2025-11-19,9:40:50.724364985,T,289.72,40,290.01,120,IBM
2025-11-19,9:40:51.075014728,T,289.72,40,290.0,80,IBM
2025-11-19,9:40:51.075064909,T,289.72,40,290.0,200,IBM
2025-11-19,9:40:51.075816689,T,289.72,280,290.0,200,IBM
2025-11-19,9:40:52.052456881,T,289.74,120,290.0,200,IBM
2025-11-19,9:40:52.056045254,T,289.74,120,290.0,120,IBM
2025-11-19,9:40:55.524707695,T,289.74,120,290.0,200,IBM
2025-11-19,9:40:55.779208643,T,289.74,120,290.0,120,IBM
2025-11-19,9:41:06.440113202,T,289.74,360,290.0,120,IBM
2025-11-19,9:41:08.398395245,T,289.74,360,290.0,160,IBM
2025-11-19,9:41:10.904551524,T,289.74,360,290.0,120,IBM
2025-11-19,9:41:11.808423404,T,289.76,40,290.0,120,IBM
2025-11-19,9:41:11.808438421,T,289.76,40,290.0,80,IBM
2025-11-19,9:41:11.808463472,T,289.76,40,290.18,240,IBM
2025-11-19,9:41:11.808473558,T,289.76,80,290.18,240,IBM
2025-11-19,9:41:11.808483912,T,289.76,80,290.18,200,IBM
2025-11-19,9:41:11.808483912,T,289.88,40,290.18,200,IBM
2025-11-19,9:41:11.808518615,T,289.88,80,290.18,200,IBM
2025-11-19,9:41:11.808724133,T,289.88,80,290.4,40,IBM
2025-11-19,9:41:11.808729161,T,289.88,80,290.34,160,IBM
2025-11-19,9:41:11.808974701,T,289.88,120,290.34,160,IBM
2025-11-19,9:41:11.809490969,T,289.88,80,290.34,160,IBM
2025-11-19,9:41:11.908722215,T,289.88,40,290.34,160,IBM
2025-11-19,9:41:11.909534059,T,289.88,160,290.34,160,IBM
2025-11-19,9:41:11.909960376,T,289.96,40,290.34,160,IBM
2025-11-19,9:41:11.914135063,T,289.88,120,290.34,160,IBM
2025-11-19,9:41:19.338213871,T,289.89,40,290.34,160,IBM
2025-11-19,9:41:19.357665158,T,289.74,160,290.34,160,IBM
2025-11-19,9:41:19.357670125,T,289.9,40,290.34,160,IBM
2025-11-19,9:41:19.582279886,T,289.9,120,290.34,160,IBM
2025-11-19,9:41:20.421001514,T,289.9,120,290.47,40,IBM
2025-11-19,9:41:21.085428227,T,289.9,120,290.47,80,IBM
2025-11-19,9:41:21.088510554,T,289.9,120,290.47,40,IBM
2025-11-19,9:41:21.138925625,T,289.9,80,290.47,40,IBM
2025-11-19,9:41:25.767003500,T,289.92,40,290.47,40,IBM
2025-11-19,9:41:25.980626975,T,289.9,80,290.47,40,IBM
2025-11-19,9:41:26.494826066,T,289.94,80,290.47,40,IBM
2025-11-19,9:41:35.052704202,T,289.94,160,290.47,40,IBM
2025-11-19,9:41:37.784302049,T,289.94,160,290.47,80,IBM
2025-11-19,9:41:37.784367234,T,289.94,160,290.47,40,IBM
2025-11-19,9:41:37.784402235,T,289.94,160,290.47,80,IBM
2025-11-19,9:41:42.954034523,T,289.94,80,290.47,80,IBM
2025-11-19,9:41:42.954039544,T,289.94,40,290.47,80,IBM
2025-11-19,9:41:42.954059605,T,289.74,80,290.47,80,IBM
2025-11-19,9:41:42.954074602,T,289.74,80,290.16,40,IBM
2025-11-19,9:41:42.954094649,T,289.74,80,290.12,40,IBM
2025-11-19,9:41:42.954114781,T,289.74,40,290.12,40,IBM
2025-11-19,9:41:42.954310154,T,289.74,40,290.12,80,IBM
2025-11-19,9:41:42.954340647,T,289.74,40,290.05,40,IBM
2025-11-19,9:41:42.954535713,T,289.74,40,290.05,80,IBM
2025-11-19,9:41:42.954570861,T,289.74,40,290.05,120,IBM
2025-11-19,9:41:42.954696079,T,289.74,40,290.05,80,IBM
2025-11-19,9:41:42.954741236,T,289.74,40,290.05,40,IBM
2025-11-19,9:41:42.956189718,T,289.78,80,290.05,40,IBM
2025-11-19,9:41:42.959773220,T,289.92,40,290.05,40,IBM
2025-11-19,9:41:43.059651053,T,289.92,120,290.05,40,IBM
2025-11-19,9:41:43.059666060,T,289.92,120,290.29,40,IBM
2025-11-19,9:41:43.061209702,T,289.92,120,290.22,40,IBM
2025-11-19,9:41:43.320321963,T,289.92,120,290.26,40,IBM
2025-11-19,9:41:43.320326535,T,289.92,120,290.17,40,IBM
2025-11-19,9:41:43.548810441,T,289.92,120,290.26,40,IBM
2025-11-19,9:41:43.549687521,T,289.92,120,290.29,40,IBM
2025-11-19,9:41:46.737130546,T,289.92,120,290.17,40,IBM
2025-11-19,9:41:53.250456349,T,289.93,40,290.17,40,IBM
2025-11-19,9:41:53.250456349,T,290.0,40,290.17,40,IBM
2025-11-19,9:41:53.250481506,T,290.0,40,290.28,40,IBM
2025-11-19,9:41:53.250832273,T,289.93,40,290.28,40,IBM
2025-11-19,9:41:53.263372215,T,289.92,120,290.28,40,IBM
2025-11-19,9:41:54.269176607,T,289.92,120,290.29,40,IBM
2025-11-19,9:41:58.226848275,T,290.01,40,290.29,40,IBM
2025-11-19,9:41:58.227133978,T,289.92,160,290.29,40,IBM
2025-11-19,9:41:58.227138879,T,290.08,40,290.29,40,IBM
2025-11-19,9:41:58.227820543,T,290.08,40,290.47,40,IBM
2025-11-19,9:41:58.239473326,T,290.08,40,290.49,160,IBM
2025-11-19,9:41:58.457462234,T,289.92,40,290.49,160,IBM
2025-11-19,9:41:58.458259185,T,290.05,80,290.49,160,IBM
2025-11-19,9:42:00.006274277,T,290.1,40,290.49,160,IBM
2025-11-19,9:42:00.462755913,T,290.1,120,290.49,160,IBM
2025-11-19,9:42:05.315989888,T,290.11,40,290.49,160,IBM
2025-11-19,9:42:05.315994997,T,290.11,80,290.49,160,IBM
2025-11-19,9:42:05.316024965,T,290.19,40,290.49,160,IBM
2025-11-19,9:42:05.316581304,T,290.19,40,290.59,40,IBM
2025-11-19,9:42:05.329852908,T,290.1,160,290.59,40,IBM
2025-11-19,9:42:05.329868009,T,290.1,120,290.59,40,IBM
2025-11-19,9:42:06.085722170,T,290.19,80,290.59,40,IBM
2025-11-19,9:42:06.605880428,T,290.24,40,290.59,40,IBM
2025-11-19,9:42:06.606391564,T,290.24,80,290.59,40,IBM
2025-11-19,9:42:06.606426655,T,290.24,80,290.59,80,IBM
2025-11-19,9:42:06.606446787,T,290.24,80,290.59,40,IBM
2025-11-19,9:42:06.606471825,T,290.24,80,290.59,80,IBM
2025-11-19,9:42:06.606988088,T,290.24,40,290.59,80,IBM
2025-11-19,9:42:06.609925026,T,290.23,40,290.59,80,IBM
2025-11-19,9:42:06.610526445,T,290.19,160,290.59,80,IBM
2025-11-19,9:42:06.612791845,T,290.19,120,290.59,80,IBM
2025-11-19,9:42:06.618415214,T,290.19,80,290.59,80,IBM
2025-11-19,9:42:07.678624222,T,290.19,120,290.59,80,IBM
2025-11-19,9:42:09.218886177,T,290.19,40,290.59,80,IBM
2025-11-19,9:42:09.218886177,T,290.1,120,290.59,80,IBM
2025-11-19,9:42:09.218886177,T,290.1,120,290.32,40,IBM
2025-11-19,9:42:09.218906558,T,290.1,120,290.2,80,IBM
2025-11-19,9:42:09.218971302,T,290.1,120,290.32,80,IBM
2025-11-19,9:42:09.219171804,T,290.1,160,290.32,80,IBM
2025-11-19,9:42:09.219171804,T,290.1,160,290.32,40,IBM
2025-11-19,9:42:09.219171804,T,290.1,160,290.26,40,IBM
2025-11-19,9:42:09.220098973,T,290.1,160,290.4,40,IBM
2025-11-19,9:42:09.220134074,T,290.1,160,290.32,40,IBM
2025-11-19,9:42:09.220339567,T,290.1,200,290.32,40,IBM
2025-11-19,9:42:09.220359611,T,290.1,200,290.32,80,IBM
2025-11-19,9:42:09.220384718,T,290.1,200,290.32,40,IBM
2025-11-19,9:42:09.220389692,T,290.1,160,290.32,40,IBM
2025-11-19,9:42:09.221001211,T,290.1,320,290.32,40,IBM
2025-11-19,9:42:09.773361044,T,290.1,280,290.32,40,IBM
2025-11-19,9:42:10.624381975,T,290.12,40,290.32,40,IBM
2025-11-19,9:42:12.847740189,T,290.1,80,290.32,40,IBM
2025-11-19,9:42:12.847745277,T,290.1,80,290.31,40,IBM
2025-11-19,9:42:12.847785350,T,290.1,40,290.31,40,IBM
2025-11-19,9:42:12.847790313,T,290.1,40,290.23,40,IBM
2025-11-19,9:42:12.847830365,T,289.89,40,290.23,40,IBM
2025-11-19,9:42:12.847890560,T,289.89,40,290.23,80,IBM
2025-11-19,9:42:12.847900554,T,289.89,40,290.23,120,IBM
2025-11-19,9:42:12.848085976,T,289.89,80,290.23,120,IBM
2025-11-19,9:42:12.848141169,T,289.89,120,290.23,120,IBM
2025-11-19,9:42:12.848481930,T,289.89,120,290.23,160,IBM
2025-11-19,9:42:12.861182147,T,289.89,120,290.23,120,IBM
2025-11-19,9:42:12.861252383,T,289.89,120,290.23,80,IBM
2025-11-19,9:42:13.658841033,T,289.9,40,290.23,80,IBM
2025-11-19,9:42:13.658866089,T,289.9,80,290.23,80,IBM
2025-11-19,9:42:13.658866089,T,289.9,120,290.23,80,IBM
2025-11-19,9:42:13.768647400,T,289.9,120,290.23,40,IBM
2025-11-19,9:42:13.768672420,T,289.9,120,290.3,40,IBM
2025-11-19,9:42:13.768687497,T,289.9,160,290.3,40,IBM
2025-11-19,9:42:13.768752647,T,289.9,160,290.31,40,IBM
2025-11-19,9:42:15.782842496,T,289.9,200,290.31,40,IBM
2025-11-19,9:42:17.365635524,T,289.9,200,290.4,80,IBM
2025-11-19,9:42:17.936925568,T,289.9,200,290.4,40,IBM
2025-11-19,9:42:21.785607788,T,290.0,40,290.4,40,IBM
2025-11-19,9:42:21.785607788,T,290.0,80,290.4,40,IBM
2025-11-19,9:42:21.786364562,T,290.0,120,290.4,40,IBM
2025-11-19,9:42:21.786399609,T,290.0,160,290.4,40,IBM
2025-11-19,9:42:23.599631227,T,290.0,160,290.4,80,IBM
2025-11-19,9:42:23.619678948,T,290.01,40,290.4,80,IBM
2025-11-19,9:42:23.619683958,T,290.01,80,290.4,80,IBM
2025-11-19,9:42:26.003278486,T,290.01,120,290.4,80,IBM
2025-11-19,9:42:26.444488923,T,290.01,120,290.4,40,IBM
2025-11-19,9:42:28.024379981,T,290.01,80,290.4,40,IBM
2025-11-19,9:42:28.024440053,T,290.01,120,290.4,40,IBM
2025-11-19,9:42:28.024876161,T,290.09,40,290.4,40,IBM
2025-11-19,9:42:28.024901148,T,290.09,80,290.4,40,IBM
2025-11-19,9:42:28.024906247,T,290.09,120,290.4,40,IBM
2025-11-19,9:42:28.024931315,T,290.11,40,290.4,40,IBM
2025-11-19,9:42:28.024951301,T,290.11,80,290.4,40,IBM
2025-11-19,9:42:28.024951301,T,290.11,120,290.4,40,IBM
2025-11-19,9:42:28.102997056,T,290.11,120,290.48,200,IBM
2025-11-19,9:42:28.130572756,T,290.12,40,290.48,200,IBM
2025-11-19,9:42:28.130597829,T,290.12,80,290.48,200,IBM
2025-11-19,9:42:28.130597829,T,290.12,120,290.48,200,IBM
2025-11-19,9:42:28.596421720,T,290.12,120,290.36,40,IBM
2025-11-19,9:42:28.631981871,T,290.12,80,290.36,40,IBM
2025-11-19,9:42:28.631981871,T,290.12,40,290.36,40,IBM
2025-11-19,9:42:28.631986407,T,290.11,40,290.36,40,IBM
2025-11-19,9:42:28.632001417,T,290.11,40,290.12,80,IBM
2025-11-19,9:42:28.632031524,T,290.11,40,290.35,40,IBM
2025-11-19,9:42:28.632051497,T,290.11,40,290.36,120,IBM
2025-11-19,9:42:28.632061555,T,290.0,40,290.36,120,IBM
2025-11-19,9:42:28.632066618,T,290.0,40,290.24,40,IBM
2025-11-19,9:42:28.632066618,T,290.12,40,290.24,40,IBM
2025-11-19,9:42:28.632066618,T,290.0,40,290.24,40,IBM
2025-11-19,9:42:28.632121761,T,290.0,40,290.34,40,IBM
2025-11-19,9:42:28.632211874,T,289.8,160,290.34,40,IBM
2025-11-19,9:42:28.632241980,T,289.8,120,290.34,40,IBM
2025-11-19,9:42:28.632352210,T,289.8,120,290.18,40,IBM
2025-11-19,9:42:28.632492587,T,290.0,40,290.18,40,IBM
2025-11-19,9:42:28.633600224,T,290.0,40,290.3,80,IBM
2025-11-19,9:42:28.633605212,T,290.0,40,290.3,40,IBM
2025-11-19,9:42:28.633630357,T,290.0,40,290.34,80,IBM
2025-11-19,9:42:28.633976150,T,290.0,40,290.2,40,IBM
2025-11-19,9:42:28.633986168,T,289.8,120,290.2,40,IBM
2025-11-19,9:42:28.634156509,T,290.0,40,290.2,40,IBM
2025-11-19,9:42:28.636431928,T,290.0,40,290.34,80,IBM
2025-11-19,9:42:28.644716736,T,290.0,40,290.34,40,IBM
2025-11-19,9:42:28.669786370,T,290.0,40,290.33,40,IBM
2025-11-19,9:42:28.732074605,T,290.0,40,290.34,40,IBM
2025-11-19,9:42:28.895774425,T,290.0,40,290.36,40,IBM
2025-11-19,9:42:29.027437781,T,290.0,40,290.35,40,IBM
2025-11-19,9:42:29.599509965,T,290.0,40,290.36,40,IBM
2025-11-19,9:42:30.886613992,T,290.02,40,290.36,40,IBM
2025-11-19,9:42:30.886649105,T,290.02,40,290.4,40,IBM
2025-11-19,9:42:30.886679166,T,290.02,40,290.48,240,IBM
2025-11-19,9:42:32.360317273,T,290.02,40,290.4,40,IBM
2025-11-19,9:42:32.360372385,T,290.02,40,290.34,40,IBM
2025-11-19,9:42:32.360993856,T,290.02,40,290.34,80,IBM
2025-11-19,9:42:32.851060584,T,290.02,40,290.34,40,IBM
2025-11-19,9:42:32.851125664,T,290.02,40,290.33,40,IBM
2025-11-19,9:42:32.851581810,T,290.02,40,290.33,80,IBM
2025-11-19,9:42:34.031425534,T,290.02,40,290.33,120,IBM
2025-11-19,9:42:34.335624731,T,290.02,40,290.33,80,IBM
2025-11-19,9:42:35.466762477,T,290.0,40,290.33,80,IBM
2025-11-19,9:42:35.466762477,T,290.0,40,290.33,40,IBM
2025-11-19,9:42:35.466772517,T,290.0,40,290.19,40,IBM
2025-11-19,9:42:35.466822677,T,290.0,40,290.19,80,IBM
2025-11-19,9:42:35.466872740,T,290.0,40,290.19,40,IBM
2025-11-19,9:42:35.466877713,T,290.0,40,290.11,40,IBM
2025-11-19,9:42:35.466887750,T,289.8,120,290.11,40,IBM
2025-11-19,9:42:35.467293730,T,289.8,120,290.11,80,IBM
2025-11-19,9:42:35.467373975,T,289.8,120,290.11,120,IBM
2025-11-19,9:42:35.467424083,T,289.8,120,290.11,80,IBM
2025-11-19,9:42:35.467449156,T,289.8,120,290.11,120,IBM
2025-11-19,9:42:35.468967712,T,289.89,80,290.11,120,IBM
2025-11-19,9:42:35.468987846,T,289.89,80,290.11,80,IBM
2025-11-19,9:42:35.471568956,T,289.89,80,290.11,40,IBM
2025-11-19,9:42:35.480229517,T,289.89,80,290.19,40,IBM
2025-11-19,9:42:35.554716928,T,289.89,80,290.19,80,IBM
2025-11-19,9:42:35.554736979,T,289.89,80,290.19,120,IBM
2025-11-19,9:42:37.174868894,T,289.89,80,290.19,80,IBM
2025-11-19,9:42:37.175079250,T,289.89,80,290.19,40,IBM
2025-11-19,9:42:37.175289823,T,289.89,80,290.4,40,IBM
2025-11-19,9:42:37.175319870,T,289.89,80,290.47,40,IBM
2025-11-19,9:42:37.175349973,T,289.89,80,290.4,40,IBM
2025-11-19,9:42:37.175374962,T,289.89,80,290.36,40,IBM
2025-11-19,9:42:37.175750866,T,289.89,80,290.4,40,IBM
2025-11-19,9:42:37.813854951,T,289.89,80,290.36,40,IBM
2025-11-19,9:42:37.813900151,T,289.89,80,290.4,40,IBM
2025-11-19,9:42:37.815804640,T,289.89,80,290.36,40,IBM
2025-11-19,9:42:39.529494268,T,289.89,80,290.4,40,IBM
2025-11-19,9:42:43.908108126,T,289.89,80,290.36,40,IBM
2025-11-19,9:42:44.645538597,T,289.89,80,290.2,40,IBM
2025-11-19,9:42:44.947944166,T,289.89,80,290.36,40,IBM
2025-11-19,9:42:49.102669489,T,289.89,80,290.4,40,IBM
2025-11-19,9:42:51.026374139,T,289.89,80,290.48,200,IBM
2025-11-19,9:42:51.035150115,T,289.89,80,290.48,240,IBM
2025-11-19,9:42:54.188587316,T,289.89,80,290.47,40,IBM
2025-11-19,9:42:55.014548604,T,289.89,120,290.47,40,IBM
2025-11-19,9:42:55.222568797,T,289.89,40,290.47,40,IBM
2025-11-19,9:42:55.687846432,T,289.8,120,290.47,40,IBM
2025-11-19,9:42:56.248019813,T,290.0,80,290.47,40,IBM
2025-11-19,9:43:09.809083989,T,289.8,160,290.47,40,IBM
2025-11-19,9:43:09.809088726,T,289.8,160,290.4,40,IBM
2025-11-19,9:43:09.809093731,T,289.8,160,290.19,40,IBM
2025-11-19,9:43:09.809103802,T,289.8,120,290.19,40,IBM
2025-11-19,9:43:09.809123882,T,289.8,120,290.2,40,IBM
2025-11-19,9:43:09.809123882,T,289.8,120,290.11,40,IBM
2025-11-19,9:43:09.809249152,T,289.8,120,290.11,80,IBM
2025-11-19,9:43:09.809279269,T,289.8,120,290.11,40,IBM
2025-11-19,9:43:09.809279269,T,289.8,120,290.05,40,IBM
2025-11-19,9:43:09.809895629,T,289.83,40,290.05,40,IBM
2025-11-19,9:43:09.809920694,T,289.83,40,290.05,80,IBM
2025-11-19,9:43:09.809920694,T,289.83,40,290.05,40,IBM
2025-11-19,9:43:09.809955781,T,289.83,40,290.07,40,IBM
2025-11-19,9:43:09.809980858,T,289.83,40,290.12,40,IBM
2025-11-19,9:43:09.809980858,T,289.83,40,290.19,80,IBM
2025-11-19,9:43:09.810582362,T,289.8,160,290.19,80,IBM
2025-11-19,9:43:09.811268981,T,289.8,120,290.19,80,IBM
2025-11-19,9:43:09.823848914,T,289.8,120,290.19,40,IBM
2025-11-19,9:43:09.823863916,T,289.8,120,290.2,80,IBM
2025-11-19,9:43:09.823868915,T,289.8,120,290.2,40,IBM
2025-11-19,9:43:09.851163871,T,289.8,120,290.11,40,IBM
2025-11-19,9:43:09.851589982,T,289.8,120,290.11,80,IBM
2025-11-19,9:43:09.903518597,T,289.89,40,290.11,80,IBM
2025-11-19,9:43:09.904360518,T,289.89,40,290.11,120,IBM
2025-11-19,9:43:10.081948336,T,289.89,40,290.11,80,IBM
2025-11-19,9:43:10.153202864,T,289.89,40,290.03,40,IBM
2025-11-19,9:43:10.153608940,T,289.89,40,290.11,80,IBM
2025-11-19,9:43:10.153618916,T,289.89,40,290.11,40,IBM
2025-11-19,9:43:10.154080053,T,289.89,40,290.11,80,IBM
2025-11-19,9:43:10.170007934,T,289.89,40,290.11,40,IBM
2025-11-19,9:43:20.890429094,T,289.8,120,290.11,40,IBM
2025-11-19,9:43:20.890484302,T,289.8,120,290.03,40,IBM
2025-11-19,9:43:20.890664659,T,289.8,120,290.03,80,IBM
2025-11-19,9:43:20.891005571,T,289.8,80,290.03,80,IBM
2025-11-19,9:43:20.891221068,T,289.8,120,290.03,80,IBM
2025-11-19,9:43:20.891912621,T,289.8,120,289.96,40,IBM
2025-11-19,9:43:20.894854694,T,289.8,120,290.03,80,IBM
2025-11-19,9:43:20.905314562,T,289.8,120,290.03,40,IBM
2025-11-19,9:43:20.958496208,T,289.8,120,290.03,80,IBM
2025-11-19,9:43:21.988924364,T,289.8,120,289.92,40,IBM
2025-11-19,9:43:21.989380421,T,289.8,120,290.03,40,IBM
2025-11-19,9:43:21.989580919,T,289.8,120,290.03,80,IBM
2025-11-19,9:43:26.494109622,T,289.8,80,290.03,80,IBM
2025-11-19,9:43:29.306294573,T,289.8,80,290.03,40,IBM
2025-11-19,9:43:30.496918794,T,289.82,40,290.03,40,IBM
2025-11-19,9:43:30.511784255,T,289.8,120,290.03,40,IBM
2025-11-19,9:43:30.559943893,T,289.8,40,290.03,40,IBM
2025-11-19,9:43:30.559943893,T,289.8,40,289.92,40,IBM
2025-11-19,9:43:30.559963870,T,289.63,40,289.92,40,IBM
2025-11-19,9:43:30.559973949,T,289.63,40,289.92,80,IBM
2025-11-19,9:43:30.560460076,T,289.63,40,289.92,120,IBM
2025-11-19,9:43:30.560595378,T,289.63,40,289.92,80,IBM
2025-11-19,9:43:30.564579846,T,289.63,40,289.92,40,IBM
2025-11-19,9:43:30.603753098,T,289.63,40,290.03,40,IBM
2025-11-19,9:43:30.676110377,T,289.63,40,289.92,40,IBM
2025-11-19,9:43:30.748287189,T,289.63,40,290.03,40,IBM
2025-11-19,9:43:30.805708869,T,289.72,40,290.03,40,IBM
2025-11-19,9:43:32.510131481,T,289.73,40,290.03,40,IBM
2025-11-19,9:43:33.131886557,T,289.76,40,290.03,40,IBM
2025-11-19,9:43:33.479248481,T,289.73,40,290.03,40,IBM
2025-11-19,9:43:34.038620328,T,289.73,40,289.91,40,IBM
2025-11-19,9:43:34.072796629,T,289.73,40,290.03,40,IBM
2025-11-19,9:43:36.096729931,T,289.76,40,290.03,40,IBM
2025-11-19,9:43:37.639297202,T,289.78,40,290.03,40,IBM
2025-11-19,9:43:37.639332248,T,289.76,40,290.03,40,IBM
2025-11-19,9:43:37.639612967,T,289.76,40,290.09,40,IBM
2025-11-19,9:43:37.639638036,T,289.76,40,290.11,40,IBM
2025-11-19,9:43:37.639818404,T,289.76,80,290.11,40,IBM
2025-11-19,9:43:37.644068572,T,289.76,80,290.11,80,IBM
2025-11-19,9:43:37.654643709,T,289.79,40,290.11,80,IBM
2025-11-19,9:43:39.505805446,T,289.83,40,290.11,80,IBM
2025-11-19,9:43:39.506015995,T,289.83,40,290.11,40,IBM
2025-11-19,9:43:40.347504453,T,289.83,40,290.2,40,IBM
2025-11-19,9:43:40.347940557,T,289.83,40,290.11,40,IBM
2025-11-19,9:43:40.364239434,T,289.83,40,290.2,40,IBM
2025-11-19,9:43:40.364244345,T,289.85,40,290.2,40,IBM
2025-11-19,9:43:40.365051243,T,289.85,80,290.2,40,IBM
2025-11-19,9:43:40.403768398,T,289.85,80,290.11,40,IBM
2025-11-19,9:43:41.617743322,T,289.85,120,290.11,40,IBM
2025-11-19,9:43:41.617773351,T,289.85,120,290.2,40,IBM
2025-11-19,9:43:43.563786265,T,290.0,40,290.2,40,IBM
2025-11-19,9:43:45.004200320,T,290.0,40,290.19,40,IBM
2025-11-19,9:43:45.004987129,T,289.85,40,290.19,40,IBM
2025-11-19,9:43:45.018885257,T,289.85,40,290.2,40,IBM
2025-11-19,9:43:45.066633952,T,289.85,40,290.2,80,IBM
2025-11-19,9:43:45.066974700,T,289.85,40,290.1,40,IBM
2025-11-19,9:43:45.067867000,T,289.85,40,290.2,80,IBM
2025-11-19,9:43:45.077384468,T,289.85,40,290.2,40,IBM
2025-11-19,9:43:46.836386807,T,289.83,40,290.2,40,IBM
2025-11-19,9:43:46.836421977,T,289.87,80,290.2,40,IBM
2025-11-19,9:43:50.517299838,T,289.83,40,290.2,40,IBM
2025-11-19,9:43:50.517334928,T,289.9,80,290.2,40,IBM
2025-11-19,9:43:53.158026521,T,289.9,80,290.06,40,IBM
2025-11-19,9:43:53.158537715,T,289.9,80,290.06,80,IBM
2025-11-19,9:43:53.231160607,T,289.9,80,290.06,40,IBM
2025-11-19,9:43:55.358876149,T,289.83,40,290.06,40,IBM
2025-11-19,9:43:55.358911182,T,289.91,80,290.06,40,IBM
2025-11-19,9:44:00.252495747,T,289.91,120,290.06,40,IBM
2025-11-19,9:44:00.957609577,T,289.91,120,290.2,40,IBM
2025-11-19,9:44:00.957664731,T,289.91,160,290.2,40,IBM
2025-11-19,9:44:00.958225988,T,289.91,200,290.2,40,IBM
2025-11-19,9:44:00.962285621,T,289.91,160,290.2,40,IBM
2025-11-19,9:44:00.987515803,T,289.92,40,290.2,40,IBM
2025-11-19,9:44:02.490659249,T,289.93,40,290.2,40,IBM
2025-11-19,9:44:02.491165493,T,290.02,40,290.2,40,IBM
2025-11-19,9:44:02.495345422,T,290.01,40,290.2,40,IBM
2025-11-19,9:44:02.708111870,T,290.03,40,290.2,40,IBM
2025-11-19,9:44:02.973583821,T,290.03,40,290.29,40,IBM
2025-11-19,9:44:03.783201131,T,290.03,120,290.29,40,IBM
2025-11-19,9:44:16.564333100,T,290.03,120,290.33,40,IBM
2025-11-19,9:44:17.076797959,T,290.03,80,290.33,40,IBM
2025-11-19,9:44:17.583058195,T,290.03,120,290.33,40,IBM
2025-11-19,9:44:17.593377740,T,290.03,120,290.33,80,IBM
2025-11-19,9:44:17.865535635,T,290.03,120,290.33,40,IBM
2025-11-19,9:44:17.869956228,T,290.03,120,290.4,40,IBM
2025-11-19,9:44:17.870427344,T,290.03,120,290.33,40,IBM
2025-11-19,9:44:18.914934005,T,290.03,120,290.4,40,IBM
2025-11-19,9:44:19.035962029,T,290.03,80,290.4,40,IBM
2025-11-19,9:44:19.500753512,T,290.03,40,290.4,40,IBM
2025-11-19,9:44:20.052847798,T,290.03,200,290.4,40,IBM
2025-11-19,9:44:22.259340625,T,290.03,200,290.3,40,IBM
2025-11-19,9:44:22.263515616,T,290.03,200,290.4,40,IBM
2025-11-19,9:44:22.263821297,T,290.03,200,290.3,40,IBM
2025-11-19,9:44:22.278892181,T,290.12,160,290.3,40,IBM
2025-11-19,9:44:22.806207618,T,290.12,160,290.4,40,IBM
2025-11-19,9:44:23.557521205,T,290.13,40,290.4,40,IBM
2025-11-19,9:44:24.357741248,T,290.13,40,290.29,40,IBM
2025-11-19,9:44:24.361916110,T,290.13,40,290.4,40,IBM
2025-11-19,9:44:28.027467319,T,290.12,160,290.4,40,IBM
2025-11-19,9:44:28.027502426,T,290.14,40,290.4,40,IBM
2025-11-19,9:44:28.646150224,T,290.14,40,290.29,40,IBM
2025-11-19,9:44:28.748348553,T,290.14,40,290.4,80,IBM
2025-11-19,9:44:28.749952377,T,290.14,40,290.3,40,IBM
2025-11-19,9:44:29.150556168,T,290.14,40,290.4,80,IBM
2025-11-19,9:44:32.034516757,T,290.14,40,290.4,40,IBM
2025-11-19,9:44:34.427353135,T,290.12,160,290.4,40,IBM
2025-11-19,9:44:34.508065294,T,290.15,40,290.4,40,IBM
2025-11-19,9:44:34.557808717,T,290.12,160,290.4,40,IBM
2025-11-19,9:44:37.280154757,T,290.15,160,290.4,40,IBM
2025-11-19,9:44:38.839341533,T,290.15,200,290.4,40,IBM
2025-11-19,9:44:38.895324712,T,290.15,160,290.4,40,IBM
2025-11-19,9:44:39.105369806,T,290.15,160,290.44,80,IBM
2025-11-19,9:44:39.105374745,T,290.16,40,290.44,80,IBM
2025-11-19,9:44:39.115478866,T,290.16,40,290.44,40,IBM
2025-11-19,9:44:39.115944993,T,290.15,160,290.44,40,IBM
2025-11-19,9:44:39.116446136,T,290.16,40,290.44,40,IBM
2025-11-19,9:44:39.226498156,T,290.17,40,290.44,40,IBM
2025-11-19,9:44:39.226999386,T,290.17,80,290.44,40,IBM
2025-11-19,9:44:39.474508573,T,290.17,40,290.44,40,IBM
2025-11-19,9:44:39.678534253,T,290.17,80,290.44,40,IBM
2025-11-19,9:44:40.612086783,T,290.17,40,290.44,40,IBM
2025-11-19,9:44:40.698517570,T,290.18,160,290.44,40,IBM
2025-11-19,9:44:40.699068912,T,290.18,200,290.44,40,IBM
2025-11-19,9:44:40.699304383,T,290.19,40,290.44,40,IBM
2025-11-19,9:44:40.699339613,T,290.19,80,290.44,40,IBM
2025-11-19,9:44:40.699384637,T,290.19,40,290.44,40,IBM
2025-11-19,9:44:40.699409656,T,290.18,240,290.44,40,IBM
2025-11-19,9:44:40.699444734,T,290.27,40,290.44,40,IBM
2025-11-19,9:44:40.699710397,T,290.27,40,290.57,240,IBM
2025-11-19,9:44:40.699715405,T,290.28,40,290.57,240,IBM
2025-11-19,9:44:40.699770570,T,290.35,40,290.57,240,IBM
2025-11-19,9:44:40.699880828,T,290.35,40,290.57,40,IBM
2025-11-19,9:44:40.703910374,T,290.18,280,290.57,40,IBM
2025-11-19,9:44:40.710385755,T,290.18,240,290.57,40,IBM
2025-11-19,9:44:40.714575753,T,290.18,200,290.57,40,IBM
2025-11-19,9:44:40.725642166,T,290.35,40,290.57,40,IBM
2025-11-19,9:44:40.801908658,T,290.18,200,290.57,40,IBM
2025-11-19,9:44:40.802154312,T,290.35,80,290.57,40,IBM
2025-11-19,9:44:44.851404022,T,290.35,80,290.59,40,IBM
2025-11-19,9:44:46.437103892,T,290.41,40,290.59,40,IBM
2025-11-19,9:44:46.437795611,T,290.41,40,290.62,40,IBM
2025-11-19,9:44:46.437885807,T,290.41,40,290.59,40,IBM
2025-11-19,9:44:46.437910884,T,290.47,40,290.59,40,IBM
2025-11-19,9:44:46.438016125,T,290.47,40,290.59,80,IBM
2025-11-19,9:44:46.438261640,T,290.4,40,290.59,80,IBM
2025-11-19,9:44:46.438392234,T,290.35,120,290.59,80,IBM
2025-11-19,9:44:46.438392234,T,290.35,80,290.59,80,IBM
2025-11-19,9:44:46.438702670,T,290.18,200,290.59,80,IBM
2025-11-19,9:44:46.448691491,T,290.18,200,290.59,40,IBM
2025-11-19,9:44:46.448922063,T,290.18,200,290.68,80,IBM
2025-11-19,9:44:46.448947115,T,290.18,200,290.68,40,IBM
2025-11-19,9:44:46.449162616,T,290.18,200,290.59,40,IBM
2025-11-19,9:44:46.449373152,T,290.18,200,290.59,80,IBM
2025-11-19,9:44:46.449583649,T,290.18,200,290.59,120,IBM
2025-11-19,9:44:46.457276945,T,290.18,200,290.59,80,IBM
2025-11-19,9:44:46.457307040,T,290.18,200,290.59,120,IBM
2025-11-19,9:44:46.465290998,T,290.18,200,290.59,80,IBM
2025-11-19,9:44:46.465521528,T,290.18,200,290.59,40,IBM
2025-11-19,9:44:46.539983798,T,290.42,40,290.59,40,IBM
2025-11-19,9:44:46.549190715,T,290.42,40,290.59,80,IBM
2025-11-19,9:44:46.586264022,T,290.18,200,290.59,80,IBM
2025-11-19,9:44:46.586294036,T,290.18,200,290.58,40,IBM
2025-11-19,9:44:46.586534622,T,290.18,200,290.57,40,IBM
2025-11-19,9:44:46.586559733,T,290.18,200,290.52,40,IBM
2025-11-19,9:44:46.586569706,T,290.18,200,290.51,40,IBM
2025-11-19,9:44:46.586790342,T,290.18,200,290.51,80,IBM
2025-11-19,9:44:46.587110953,T,290.18,200,290.51,120,IBM
2025-11-19,9:44:46.587501918,T,290.18,200,290.51,160,IBM
2025-11-19,9:44:46.597230096,T,290.18,200,290.51,120,IBM
2025-11-19,9:44:46.597265148,T,290.18,200,290.51,160,IBM
2025-11-19,9:44:46.658671331,T,290.18,200,290.51,200,IBM
2025-11-19,9:44:46.659468223,T,290.21,40,290.51,200,IBM
2025-11-19,9:44:46.681891686,T,290.21,40,290.51,160,IBM
2025-11-19,9:44:47.102638369,T,290.21,40,290.51,120,IBM
2025-11-19,9:44:47.102858804,T,290.21,40,290.51,80,IBM
2025-11-19,9:44:47.650678148,T,290.27,40,290.51,80,IBM
2025-11-19,9:44:49.138439599,T,290.21,40,290.51,80,IBM
2025-11-19,9:44:49.138444610,T,290.21,40,290.5,40,IBM
2025-11-19,9:44:49.138474793,T,290.21,40,290.5,80,IBM
2025-11-19,9:44:49.138509869,T,290.21,40,290.38,40,IBM
2025-11-19,9:44:49.138985939,T,290.15,40,290.38,40,IBM
2025-11-19,9:44:49.142534406,T,290.15,40,290.42,40,IBM
2025-11-19,9:44:49.142554444,T,290.15,40,290.5,120,IBM
2025-11-19,9:44:49.142744961,T,290.15,40,290.42,40,IBM
2025-11-19,9:44:49.149305478,T,290.15,40,290.42,80,IBM
2025-11-19,9:44:49.149335562,T,290.15,40,290.41,40,IBM
2025-11-19,9:44:49.161920607,T,290.15,40,290.41,80,IBM
2025-11-19,9:44:49.161985735,T,290.15,40,290.41,120,IBM
2025-11-19,9:44:49.198447495,T,290.15,40,290.41,160,IBM
2025-11-19,9:44:49.330942905,T,290.15,40,290.41,120,IBM
2025-11-19,9:44:49.331023171,T,290.21,120,290.41,120,IBM
2025-11-19,9:44:49.956878101,T,290.21,120,290.4,40,IBM
2025-11-19,9:44:50.097136975,T,290.21,120,290.59,40,IBM
2025-11-19,9:44:50.365806697,T,290.21,120,290.42,40,IBM
2025-11-19,9:44:50.365841663,T,290.21,120,290.42,80,IBM
2025-11-19,9:44:50.366022120,T,290.21,120,290.42,120,IBM
2025-11-19,9:44:50.366227613,T,290.21,120,290.42,160,IBM
2025-11-19,9:44:50.775346490,T,290.21,120,290.42,120,IBM
2025-11-19,9:44:57.791088243,T,290.21,120,290.42,80,IBM
2025-11-19,9:44:57.791173451,T,290.21,120,290.42,40,IBM
2025-11-19,9:45:00.004352375,T,290.21,120,290.41,40,IBM
2025-11-19,9:45:00.005064010,T,290.21,120,290.41,80,IBM
2025-11-19,9:45:00.176898192,T,290.21,120,290.41,40,IBM
2025-11-19,9:45:00.193933836,T,290.21,120,290.4,40,IBM
2025-11-19,9:45:00.194004012,T,290.21,120,290.4,80,IBM
2025-11-19,9:45:00.194013843,T,290.14,40,290.4,80,IBM
2025-11-19,9:45:00.194018928,T,290.14,40,290.4,40,IBM
2025-11-19,9:45:00.194023893,T,290.14,40,290.32,40,IBM
2025-11-19,9:45:00.194034281,T,290.14,40,290.23,80,IBM
2025-11-19,9:45:00.194064031,T,290.14,40,290.32,40,IBM
2025-11-19,9:45:00.194279476,T,290.18,40,290.32,40,IBM
2025-11-19,9:45:00.194370010,T,290.18,40,290.4,80,IBM
2025-11-19,9:45:00.194370010,T,290.18,80,290.4,80,IBM
2025-11-19,9:45:00.194710531,T,290.18,40,290.4,80,IBM
2025-11-19,9:45:00.194926361,T,290.14,80,290.4,80,IBM
2025-11-19,9:45:00.194956306,T,290.14,120,290.4,80,IBM
2025-11-19,9:45:00.194961206,T,290.2,40,290.4,80,IBM
2025-11-19,9:45:00.194996182,T,290.2,80,290.4,80,IBM
2025-11-19,9:45:00.195046875,T,290.23,40,290.4,80,IBM
2025-11-19,9:45:00.195046875,T,290.23,40,290.31,40,IBM
2025-11-19,9:45:00.195106449,T,290.2,80,290.31,40,IBM
2025-11-19,9:45:00.195156600,T,290.2,80,290.4,80,IBM
2025-11-19,9:45:00.195301990,T,290.2,40,290.4,80,IBM
2025-11-19,9:45:00.195321975,T,290.14,120,290.4,80,IBM
2025-11-19,9:45:00.195642799,T,290.14,80,290.4,80,IBM
2025-11-19,9:45:00.210157385,T,290.14,80,290.4,40,IBM
2025-11-19,9:45:00.210969248,T,290.14,80,290.41,40,IBM
2025-11-19,9:45:01.210694300,T,290.14,80,290.59,40,IBM
2025-11-19,9:45:01.211165390,T,290.14,80,290.59,80,IBM
2025-11-19,9:45:01.211195431,T,290.14,80,290.33,40,IBM
2025-11-19,9:45:01.212157767,T,290.14,120,290.33,40,IBM
2025-11-19,9:45:01.212187812,T,290.14,120,290.59,80,IBM
2025-11-19,9:45:01.214197631,T,290.14,120,290.33,40,IBM
2025-11-19,9:45:01.243502335,T,290.14,120,290.59,80,IBM
2025-11-19,9:45:01.757049934,T,290.14,120,290.58,160,IBM
2025-11-19,9:45:01.757090000,T,290.14,80,290.58,160,IBM
2025-11-19,9:45:02.340418725,T,290.14,40,290.58,160,IBM
2025-11-19,9:45:03.056022258,T,290.08,40,290.58,160,IBM
2025-11-19,9:45:03.056022258,T,290.08,40,290.33,40,IBM
2025-11-19,9:45:03.056047372,T,290.08,40,290.3,40,IBM
2025-11-19,9:45:03.056092561,T,290.08,40,290.33,40,IBM
2025-11-19,9:45:03.056097424,T,290.08,40,290.24,40,IBM
2025-11-19,9:45:03.056122512,T,290.08,40,290.24,80,IBM
2025-11-19,9:45:03.056172678,T,290.01,80,290.24,80,IBM
2025-11-19,9:45:03.056518512,T,290.01,80,290.24,120,IBM
2025-11-19,9:45:03.057054683,T,290.01,160,290.24,120,IBM
2025-11-19,9:45:03.059119652,T,290.01,160,290.23,40,IBM
2025-11-19,9:45:03.063399869,T,290.01,160,290.23,80,IBM
2025-11-19,9:45:03.064221807,T,290.01,160,290.23,40,IBM
2025-11-19,9:45:03.065499881,T,290.01,120,290.23,40,IBM
2025-11-19,9:45:03.071353801,T,290.01,120,290.23,80,IBM
2025-11-19,9:45:03.071694655,T,290.01,120,290.23,120,IBM
2025-11-19,9:45:04.339417460,T,290.01,120,290.23,80,IBM
2025-11-19,9:45:05.278443116,T,290.01,80,290.23,80,IBM
2025-11-19,9:45:06.665394871,T,290.01,80,290.23,40,IBM
2025-11-19,9:45:09.992871568,T,290.01,80,290.22,40,IBM
2025-11-19,9:45:09.993297579,T,290.01,80,290.22,80,IBM
2025-11-19,9:45:09.993337673,T,290.01,80,290.22,120,IBM
2025-11-19,9:45:10.005561761,T,290.01,80,290.15,40,IBM
2025-11-19,9:45:10.005817421,T,290.01,80,290.15,80,IBM
2025-11-19,9:45:10.006098005,T,290.01,80,290.15,120,IBM
2025-11-19,9:45:10.006519062,T,290.01,80,290.15,160,IBM
2025-11-19,9:45:10.007120476,T,289.8,40,290.15,160,IBM
2025-11-19,9:45:10.010187791,T,289.8,40,290.15,120,IBM
2025-11-19,9:45:10.031142696,T,289.8,40,290.15,160,IBM
2025-11-19,9:45:10.031313095,T,289.8,40,290.12,40,IBM
2025-11-19,9:45:10.031398238,T,289.8,40,290.12,80,IBM
2025-11-19,9:45:10.031503461,T,289.8,40,290.12,120,IBM
2025-11-19,9:45:10.035292545,T,289.8,40,290.12,80,IBM
2025-11-19,9:45:10.042269104,T,289.8,40,290.12,40,IBM
2025-11-19,9:45:10.042509770,T,289.8,40,290.12,80,IBM
2025-11-19,9:45:10.095771487,T,289.8,40,290.12,40,IBM
2025-11-19,9:45:10.096583479,T,289.8,40,290.12,80,IBM
2025-11-19,9:45:10.096588489,T,289.8,40,290.12,120,IBM
2025-11-19,9:45:10.414264696,T,289.8,40,290.12,160,IBM
2025-11-19,9:45:10.966915369,T,289.89,40,290.12,160,IBM
2025-11-19,9:45:11.021009050,T,289.89,80,290.12,160,IBM
2025-11-19,9:45:11.233885824,T,289.9,40,290.12,160,IBM
2025-11-19,9:45:11.278502014,T,289.9,40,290.12,120,IBM
2025-11-19,9:45:11.621157807,T,289.9,40,290.12,80,IBM
2025-11-19,9:45:11.621157807,T,289.9,40,290.12,40,IBM
2025-11-19,9:45:25.300823880,T,289.89,80,290.12,40,IBM
2025-11-19,9:45:25.739879132,T,290.0,40,290.12,40,IBM
2025-11-19,9:45:26.679516013,T,290.0,40,290.33,40,IBM
2025-11-19,9:45:26.679566059,T,290.0,80,290.33,40,IBM
2025-11-19,9:45:26.679581154,T,290.06,40,290.33,40,IBM
2025-11-19,9:45:26.679846762,T,290.06,40,290.22,80,IBM
2025-11-19,9:45:26.679987124,T,290.06,40,290.22,160,IBM
2025-11-19,9:45:26.680097384,T,290.0,80,290.22,160,IBM
2025-11-19,9:45:26.680117356,T,290.0,80,290.22,240,IBM
2025-11-19,9:45:26.680613650,T,290.0,40,290.22,240,IBM
2025-11-19,9:45:28.565165144,T,290.02,40,290.22,240,IBM
2025-11-19,9:45:29.689015693,T,290.0,40,290.22,240,IBM
2025-11-19,9:45:29.689035893,T,290.0,40,290.22,160,IBM
2025-11-19,9:45:29.689035893,T,290.0,40,290.22,80,IBM
2025-11-19,9:45:29.689040933,T,290.0,40,290.22,120,IBM
2025-11-19,9:45:29.689050807,T,290.0,40,290.22,40,IBM
2025-11-19,9:45:29.689050807,T,290.0,40,290.15,40,IBM
2025-11-19,9:45:29.689075838,T,290.0,40,290.03,240,IBM
2025-11-19,9:45:29.689401640,T,289.8,40,290.03,240,IBM
2025-11-19,9:45:29.689421613,T,289.8,40,290.21,80,IBM
2025-11-19,9:45:29.689441676,T,289.8,40,290.03,240,IBM
2025-11-19,9:45:29.689461777,T,289.8,40,290.03,160,IBM
2025-11-19,9:45:29.689481830,T,289.8,40,290.09,80,IBM
2025-11-19,9:45:29.689502088,T,289.92,40,290.09,80,IBM
2025-11-19,9:45:29.689506866,T,289.92,40,290.03,160,IBM
2025-11-19,9:45:29.689516861,T,289.92,40,290.09,80,IBM
2025-11-19,9:45:29.689541900,T,289.92,40,290.03,160,IBM
2025-11-19,9:45:29.690188519,T,289.92,40,290.09,40,IBM
2025-11-19,9:45:29.690193512,T,289.92,40,290.21,80,IBM
2025-11-19,9:45:29.690233573,T,289.92,40,290.21,40,IBM
2025-11-19,9:45:29.690243541,T,289.89,40,290.21,40,IBM
2025-11-19,9:45:29.690504251,T,289.97,40,290.21,40,IBM
2025-11-19,9:45:29.695456244,T,289.97,40,290.21,80,IBM
2025-11-19,9:45:29.695486049,T,289.89,40,290.21,80,IBM
2025-11-19,9:45:29.707459554,T,289.9,40,290.21,80,IBM
2025-11-19,9:45:29.729131204,T,289.9,80,290.21,80,IBM
2025-11-19,9:45:29.744562918,T,289.9,80,290.21,40,IBM
2025-11-19,9:45:29.789840683,T,289.9,80,290.33,80,IBM
2025-11-19,9:45:29.821029974,T,289.9,80,290.33,40,IBM
2025-11-19,9:45:29.990759072,T,289.9,40,290.33,40,IBM
2025-11-19,9:45:30.819191282,T,289.91,80,290.33,40,IBM
2025-11-19,9:45:30.819712504,T,289.91,120,290.33,40,IBM
2025-11-19,9:45:36.380856391,T,289.91,160,290.33,40,IBM
2025-11-19,9:45:36.382249802,T,289.92,40,290.33,40,IBM
2025-11-19,9:45:36.382575534,T,289.92,80,290.33,40,IBM
2025-11-19,9:45:36.384630438,T,289.98,40,290.33,40,IBM
2025-11-19,9:45:36.385116586,T,290.03,40,290.33,40,IBM
2025-11-19,9:45:36.389181218,T,290.03,40,290.41,40,IBM
2025-11-19,9:45:36.389281537,T,290.03,40,290.33,40,IBM
2025-11-19,9:45:36.408878124,T,290.03,40,290.41,40,IBM
2025-11-19,9:45:36.408998374,T,290.03,80,290.41,40,IBM
2025-11-19,9:45:36.499914895,T,290.03,40,290.41,40,IBM
2025-11-19,9:45:44.911038775,T,289.91,120,290.41,40,IBM
2025-11-19,9:45:44.911038775,T,290.08,40,290.41,40,IBM
2025-11-19,9:45:45.699014552,T,289.91,120,290.41,40,IBM
2025-11-19,9:45:47.822088747,T,290.08,40,290.41,40,IBM
2025-11-19,9:45:48.148395637,T,289.91,120,290.41,40,IBM
2025-11-19,9:45:49.250764841,T,289.91,120,290.42,40,IBM
2025-11-19,9:45:49.258558420,T,289.91,120,290.42,80,IBM
2025-11-19,9:45:49.258698806,T,289.91,120,290.3,40,IBM
2025-11-19,9:45:49.259209948,T,289.91,120,290.31,40,IBM
2025-11-19,9:45:49.259225031,T,289.91,120,290.24,40,IBM
