DATE,TIME_M,EX,BID,BIDSIZ,ASK,ASKSIZ,SYM_ROOT
2025-11-25,9:30:01.167435701,T,303.37,80,305.64,40,IBM
2025-11-25,9:30:01.176923113,T,303.37,120,305.64,40,IBM
2025-11-25,9:30:01.190164684,T,303.38,40,305.64,40,IBM
2025-11-25,9:30:01.190630720,T,303.38,40,304.48,40,IBM
2025-11-25,9:30:01.191086791,T,303.38,40,305.64,40,IBM
2025-11-25,9:30:01.203997644,T,303.37,120,305.64,40,IBM
2025-11-25,9:30:01.204358476,T,303.38,40,305.64,40,IBM
2025-11-25,9:30:01.204929872,T,303.38,40,305.5,40,IBM
2025-11-25,9:30:01.360725777,T,304.16,40,305.5,40,IBM
2025-11-25,9:30:01.381174472,T,304.16,40,306.42,40,IBM
2025-11-25,9:30:01.381495210,T,304.32,40,306.42,40,IBM
2025-11-25,9:30:01.386341708,T,304.16,40,306.42,40,IBM
2025-11-25,9:30:01.569307411,T,304.22,40,306.42,40,IBM
2025-11-25,9:30:01.586012170,T,304.16,40,306.42,40,IBM
2025-11-25,9:30:01.682592056,T,304.16,40,305.5,40,IBM
2025-11-25,9:30:02.377025254,T,304.16,40,306.42,40,IBM
2025-11-25,9:30:02.377045522,T,304.31,80,306.42,40,IBM
2025-11-25,9:30:02.377050332,T,304.52,40,306.42,40,IBM
2025-11-25,9:30:02.403598508,T,304.52,80,306.42,40,IBM
2025-11-25,9:30:02.403864192,T,304.66,40,306.42,40,IBM
2025-11-25,9:30:02.404360408,T,304.66,40,305.81,40,IBM
2025-11-25,9:30:02.404375405,T,304.66,40,306.42,40,IBM
2025-11-25,9:30:02.408084195,T,304.52,80,306.42,40,IBM
2025-11-25,9:30:02.410580125,T,304.17,40,306.42,40,IBM
2025-11-25,9:30:02.416093319,T,304.16,40,306.42,40,IBM
2025-11-25,9:30:02.417015433,T,304.16,40,307.93,40,IBM
2025-11-25,9:30:02.429680591,T,304.16,40,306.84,40,IBM
2025-11-25,9:30:02.438361278,T,304.17,40,306.84,40,IBM
2025-11-25,9:30:02.446861554,T,304.17,40,305.5,40,IBM
2025-11-25,9:30:02.477123606,T,304.16,40,305.5,40,IBM
2025-11-25,9:30:02.534164416,T,304.16,40,306.84,40,IBM
2025-11-25,9:30:02.534184421,T,304.58,80,306.84,40,IBM
2025-11-25,9:30:02.534189431,T,304.79,40,306.84,40,IBM
2025-11-25,9:30:02.546152952,T,304.79,80,306.84,40,IBM
2025-11-25,9:30:02.550408046,T,304.79,40,306.84,40,IBM
2025-11-25,9:30:02.555264662,T,304.16,40,306.84,40,IBM
2025-11-25,9:30:02.594693676,T,304.16,40,306.0,40,IBM
2025-11-25,9:30:03.329487693,T,304.34,40,306.0,40,IBM
2025-11-25,9:30:03.340458868,T,304.49,40,306.0,40,IBM
2025-11-25,9:30:03.340488932,T,304.34,40,306.0,40,IBM
2025-11-25,9:30:03.340493841,T,304.99,40,306.0,40,IBM
2025-11-25,9:30:03.341476193,T,304.69,40,306.0,40,IBM
2025-11-25,9:30:03.341486272,T,304.49,40,306.0,40,IBM
2025-11-25,9:30:03.341691777,T,304.69,40,306.0,40,IBM
2025-11-25,9:30:03.403458804,T,304.49,40,306.0,40,IBM
2025-11-25,9:30:03.403689338,T,304.34,40,306.0,40,IBM
2025-11-25,9:30:09.402465620,T,304.92,40,306.0,40,IBM
2025-11-25,9:30:09.402500616,T,304.92,80,306.0,40,IBM
2025-11-25,9:30:09.402901411,T,304.92,120,306.0,40,IBM
2025-11-25,9:30:09.436000140,T,304.92,40,306.0,40,IBM
2025-11-25,9:30:10.851209637,T,304.52,40,306.0,40,IBM
2025-11-25,9:30:10.851249352,T,304.52,40,305.62,40,IBM
2025-11-25,9:30:10.851314560,T,304.52,40,305.47,40,IBM
2025-11-25,9:30:10.851900956,T,304.52,40,305.35,40,IBM
2025-11-25,9:30:10.853284212,T,304.52,40,305.35,80,IBM
2025-11-25,9:30:10.951337632,T,304.52,40,305.35,40,IBM
2025-11-25,9:30:13.282813312,T,304.52,40,306.0,80,IBM
2025-11-25,9:30:13.282838368,T,304.52,40,306.0,40,IBM
2025-11-25,9:30:21.662467116,T,303.37,80,306.0,40,IBM
2025-11-25,9:30:24.086833849,T,303.37,80,305.03,40,IBM
2025-11-25,9:30:24.086944012,T,303.37,80,304.95,40,IBM
2025-11-25,9:30:24.087304970,T,303.37,80,305.03,80,IBM
2025-11-25,9:30:24.087330033,T,303.37,80,305.03,40,IBM
2025-11-25,9:30:24.087570559,T,303.37,120,305.03,40,IBM
2025-11-25,9:30:24.087585567,T,304.7,40,305.03,40,IBM
2025-11-25,9:30:24.097298717,T,304.7,40,306.0,80,IBM
2025-11-25,9:30:24.097319146,T,304.7,40,306.0,40,IBM
2025-11-25,9:30:30.602710847,T,304.7,40,306.0,80,IBM
2025-11-25,9:30:30.602720810,T,303.37,120,306.0,80,IBM
2025-11-25,9:30:30.602746325,T,303.37,120,305.0,40,IBM
2025-11-25,9:30:30.602746325,T,303.37,120,305.0,80,IBM
2025-11-25,9:30:30.603171944,T,303.37,120,305.0,120,IBM
2025-11-25,9:30:30.606775472,T,303.37,120,305.0,80,IBM
2025-11-25,9:30:30.606925839,T,303.37,120,305.0,40,IBM
2025-11-25,9:30:30.626146701,T,303.37,120,305.53,40,IBM
2025-11-25,9:30:30.636270770,T,303.37,120,306.0,80,IBM
2025-11-25,9:30:42.541778985,T,303.37,120,305.87,40,IBM
2025-11-25,9:30:46.393649120,T,303.37,120,304.9,80,IBM
2025-11-25,9:30:46.394075148,T,303.37,120,304.9,120,IBM
2025-11-25,9:30:46.967229776,T,303.37,120,304.9,80,IBM
2025-11-25,9:30:54.808517393,T,303.37,120,305.87,40,IBM
2025-11-25,9:31:00.027446696,T,303.37,120,305.7,40,IBM
2025-11-25,9:31:00.859923858,T,304.22,160,305.7,40,IBM
2025-11-25,9:31:00.859923858,T,304.22,160,305.27,160,IBM
2025-11-25,9:31:03.035132037,T,304.22,160,304.87,40,IBM
2025-11-25,9:31:03.035558094,T,304.22,160,304.87,80,IBM
2025-11-25,9:31:03.159272540,T,304.22,160,304.87,40,IBM
2025-11-25,9:31:09.138000981,T,304.22,160,305.27,160,IBM
2025-11-25,9:31:09.138026778,T,304.54,40,305.27,160,IBM
2025-11-25,9:31:09.138036032,T,304.55,40,305.27,160,IBM
2025-11-25,9:31:09.138587391,T,304.54,40,305.27,160,IBM
2025-11-25,9:31:09.138692590,T,304.23,40,305.27,160,IBM
2025-11-25,9:31:09.139048514,T,304.23,40,304.78,40,IBM
2025-11-25,9:31:09.139865395,T,304.35,80,304.78,40,IBM
2025-11-25,9:31:09.139885521,T,304.35,200,304.78,40,IBM
2025-11-25,9:31:09.142476621,T,304.35,80,304.78,40,IBM
2025-11-25,9:31:09.142476621,T,304.22,160,304.78,40,IBM
2025-11-25,9:31:09.142712184,T,304.22,160,304.78,80,IBM
2025-11-25,9:31:09.142712184,T,304.22,160,304.67,40,IBM
2025-11-25,9:31:09.142737309,T,304.22,160,304.78,40,IBM
2025-11-25,9:31:09.142742230,T,304.22,160,304.55,40,IBM
2025-11-25,9:31:09.143073073,T,304.22,160,304.78,40,IBM
2025-11-25,9:31:09.143840013,T,304.22,160,304.51,40,IBM
2025-11-25,9:31:09.144275855,T,303.88,40,304.51,40,IBM
2025-11-25,9:31:09.144281024,T,303.71,40,304.51,40,IBM
2025-11-25,9:31:09.144296029,T,303.71,40,304.23,80,IBM
2025-11-25,9:31:09.144391161,T,303.54,40,304.23,80,IBM
2025-11-25,9:31:09.144481422,T,303.54,40,304.22,80,IBM
2025-11-25,9:31:09.144957521,T,303.37,120,304.22,80,IBM
2025-11-25,9:31:09.145002605,T,303.37,120,304.51,40,IBM
2025-11-25,9:31:09.145037733,T,304.12,80,304.51,40,IBM
2025-11-25,9:31:09.145042720,T,304.12,80,305.27,160,IBM
2025-11-25,9:31:09.145042720,T,304.12,80,304.31,40,IBM
2025-11-25,9:31:09.145303314,T,303.37,120,304.31,40,IBM
2025-11-25,9:31:09.145323416,T,303.37,120,304.31,80,IBM
2025-11-25,9:31:09.145543963,T,304.0,40,304.31,80,IBM
2025-11-25,9:31:09.145959976,T,303.37,120,304.31,80,IBM
2025-11-25,9:31:09.150991861,T,303.37,120,304.31,40,IBM
2025-11-25,9:31:09.152811195,T,303.37,120,305.27,160,IBM
2025-11-25,9:31:09.152841303,T,303.54,40,305.27,160,IBM
2025-11-25,9:31:09.152846357,T,304.0,40,305.27,160,IBM
2025-11-25,9:31:09.152851351,T,304.01,40,305.27,160,IBM
2025-11-25,9:31:09.152881343,T,304.0,40,305.27,160,IBM
2025-11-25,9:31:09.153126957,T,303.54,40,305.27,160,IBM
2025-11-25,9:31:09.153452801,T,304.0,40,305.27,160,IBM
2025-11-25,9:31:09.153613094,T,304.01,40,305.27,160,IBM
2025-11-25,9:31:12.197975860,T,304.01,40,305.21,40,IBM
2025-11-25,9:31:14.569631731,T,304.01,40,305.27,160,IBM
2025-11-25,9:31:14.569661830,T,304.01,40,305.21,40,IBM
2025-11-25,9:31:15.198714608,T,304.01,40,305.27,160,IBM
2025-11-25,9:31:21.370251791,T,304.12,40,305.27,160,IBM
2025-11-25,9:31:22.296652122,T,304.12,80,305.27,160,IBM
2025-11-25,9:31:23.297910915,T,304.12,40,305.27,160,IBM
2025-11-25,9:31:23.297960977,T,304.12,80,305.27,160,IBM
2025-11-25,9:31:33.565038726,T,304.12,120,305.27,160,IBM
2025-11-25,9:31:33.615468791,T,304.12,80,305.27,160,IBM
2025-11-25,9:31:41.217416512,T,304.12,40,305.27,160,IBM
2025-11-25,9:31:41.295948406,T,304.0,80,305.27,160,IBM
2025-11-25,9:31:44.490157670,T,304.13,40,305.27,160,IBM
2025-11-25,9:31:49.656391733,T,304.13,80,305.27,160,IBM
2025-11-25,9:31:49.658030635,T,304.13,120,305.27,160,IBM
2025-11-25,9:31:55.217932047,T,304.13,80,305.27,160,IBM
2025-11-25,9:31:57.973777772,T,304.13,80,305.21,40,IBM
2025-11-25,9:31:59.972606297,T,304.13,80,305.05,40,IBM
2025-11-25,9:32:00.579225525,T,304.13,40,305.05,40,IBM
2025-11-25,9:32:02.367116946,T,304.13,40,305.27,160,IBM
2025-11-25,9:32:04.583498365,T,304.13,120,305.27,160,IBM
2025-11-25,9:32:04.584014644,T,304.13,160,305.27,160,IBM
2025-11-25,9:32:04.585247606,T,304.14,40,305.27,160,IBM
2025-11-25,9:32:04.586019397,T,304.14,80,305.27,160,IBM
2025-11-25,9:32:04.910115964,T,304.14,40,305.27,160,IBM
2025-11-25,9:32:05.477125809,T,304.14,80,305.27,160,IBM
2025-11-25,9:32:05.477331358,T,304.15,40,305.27,160,IBM
2025-11-25,9:32:05.923167636,T,304.14,80,305.27,160,IBM
2025-11-25,9:32:05.923197711,T,304.14,40,305.27,160,IBM
2025-11-25,9:32:05.948001735,T,304.14,80,305.27,160,IBM
2025-11-25,9:32:05.948031914,T,304.15,40,305.27,160,IBM
2025-11-25,9:32:06.298340932,T,304.14,80,305.27,160,IBM
2025-11-25,9:32:06.298626476,T,304.15,40,305.27,160,IBM
2025-11-25,9:32:06.555217309,T,304.14,80,305.27,160,IBM
2025-11-25,9:32:06.555487975,T,304.15,40,305.27,160,IBM
2025-11-25,9:32:06.589393722,T,304.15,80,305.27,160,IBM
2025-11-25,9:32:06.756626822,T,304.15,40,305.27,160,IBM
2025-11-25,9:32:11.418870870,T,304.15,80,305.27,160,IBM
2025-11-25,9:32:11.419697798,T,304.16,40,305.27,160,IBM
2025-11-25,9:32:11.420474598,T,304.16,80,305.27,160,IBM
2025-11-25,9:32:11.594158145,T,304.16,120,305.27,160,IBM
2025-11-25,9:32:11.834806429,T,304.45,40,305.27,160,IBM
2025-11-25,9:32:11.834846502,T,304.45,80,305.27,160,IBM
2025-11-25,9:32:11.834871155,T,304.46,40,305.27,160,IBM
2025-11-25,9:32:11.835126777,T,304.51,40,305.27,160,IBM
2025-11-25,9:32:11.835131816,T,304.52,40,305.27,160,IBM
2025-11-25,9:32:11.835141768,T,304.61,40,305.27,160,IBM
2025-11-25,9:32:11.835457496,T,304.52,40,305.27,160,IBM
2025-11-25,9:32:11.835497672,T,304.52,40,305.19,80,IBM
2025-11-25,9:32:11.835748272,T,304.51,40,305.19,80,IBM
2025-11-25,9:32:11.956240064,T,304.46,40,305.19,80,IBM
2025-11-25,9:32:11.956270109,T,304.17,40,305.19,80,IBM
2025-11-25,9:32:11.956295337,T,304.16,80,305.19,80,IBM
2025-11-25,9:32:11.956330268,T,304.16,40,305.19,80,IBM
2025-11-25,9:32:11.956480636,T,304.17,40,305.19,80,IBM
2025-11-25,9:32:11.957026920,T,304.17,80,305.19,80,IBM
2025-11-25,9:32:11.965436941,T,304.17,80,305.51,160,IBM
2025-11-25,9:32:11.986822858,T,304.17,40,305.51,160,IBM
2025-11-25,9:32:12.060418136,T,304.17,80,305.51,160,IBM
2025-11-25,9:32:14.488964640,T,304.17,120,305.51,160,IBM
2025-11-25,9:32:14.822854496,T,304.17,80,305.51,160,IBM
2025-11-25,9:32:14.823686550,T,304.51,40,305.51,160,IBM
2025-11-25,9:32:14.832938550,T,304.51,40,305.35,80,IBM
2025-11-25,9:32:14.841764598,T,304.51,40,305.51,160,IBM
2025-11-25,9:32:15.334798362,T,304.51,40,305.35,80,IBM
2025-11-25,9:32:15.343694486,T,304.51,40,305.51,160,IBM
2025-11-25,9:32:15.407356125,T,304.13,40,305.51,160,IBM
2025-11-25,9:32:15.407381117,T,304.0,40,305.51,160,IBM
2025-11-25,9:32:15.841224151,T,304.0,40,305.5,80,IBM
2025-11-25,9:32:15.841645155,T,304.0,40,305.5,120,IBM
2025-11-25,9:32:15.955992402,T,304.0,40,305.5,80,IBM
2025-11-25,9:32:16.197071310,T,304.4,80,305.5,80,IBM
2025-11-25,9:32:16.346792755,T,304.4,80,305.48,80,IBM
2025-11-25,9:32:16.347213745,T,304.4,80,305.48,120,IBM
2025-11-25,9:32:17.410971108,T,304.51,40,305.48,120,IBM
2025-11-25,9:32:17.411392170,T,304.51,40,305.48,80,IBM
2025-11-25,9:32:17.419797075,T,304.51,40,305.51,160,IBM
2025-11-25,9:32:17.428653160,T,304.51,40,305.39,80,IBM
2025-11-25,9:32:17.437434101,T,304.51,40,305.51,160,IBM
2025-11-25,9:32:17.930026755,T,304.51,40,305.47,80,IBM
2025-11-25,9:32:17.938852760,T,304.51,40,305.51,160,IBM
2025-11-25,9:32:18.567995591,T,304.52,40,305.51,160,IBM
2025-11-25,9:32:19.137691793,T,304.52,40,305.49,80,IBM
2025-11-25,9:32:19.146567946,T,304.52,40,305.51,160,IBM
2025-11-25,9:32:19.900332497,T,304.52,80,305.51,160,IBM
2025-11-25,9:32:20.798054740,T,304.52,160,305.51,160,IBM
2025-11-25,9:32:22.348831428,T,304.52,160,305.51,200,IBM
2025-11-25,9:32:22.435427563,T,304.52,80,305.51,200,IBM
2025-11-25,9:32:22.442749941,T,304.52,80,305.46,80,IBM
2025-11-25,9:32:22.445586770,T,304.52,80,305.46,120,IBM
2025-11-25,9:32:22.446564037,T,304.53,40,305.46,120,IBM
2025-11-25,9:32:22.452763884,T,304.53,40,305.46,40,IBM
2025-11-25,9:32:23.751415367,T,304.53,80,305.46,40,IBM
2025-11-25,9:32:26.440231713,T,304.53,160,305.46,40,IBM
2025-11-25,9:32:27.065906241,T,304.53,80,305.46,40,IBM
2025-11-25,9:32:31.120669388,T,304.53,160,305.46,40,IBM
2025-11-25,9:32:31.120879858,T,304.53,160,305.46,80,IBM
2025-11-25,9:32:31.299099148,T,304.53,80,305.46,80,IBM
2025-11-25,9:32:35.291719064,T,304.54,40,305.46,80,IBM
2025-11-25,9:32:36.511482924,T,304.54,120,305.46,80,IBM
2025-11-25,9:32:36.565255951,T,304.54,40,305.46,80,IBM
2025-11-25,9:32:40.010377667,T,304.55,80,305.46,80,IBM
2025-11-25,9:32:40.010427814,T,304.55,120,305.46,80,IBM
2025-11-25,9:32:40.057760507,T,304.55,120,305.46,40,IBM
2025-11-25,9:32:40.319032500,T,304.55,160,305.46,40,IBM
2025-11-25,9:32:40.570791902,T,304.55,240,305.46,40,IBM
2025-11-25,9:32:49.932403747,T,304.55,160,305.46,40,IBM
2025-11-25,9:32:49.932433759,T,304.56,40,305.46,40,IBM
2025-11-25,9:32:51.230278481,T,304.57,40,305.46,40,IBM
2025-11-25,9:32:51.804971767,T,304.6,40,305.46,40,IBM
2025-11-25,9:32:51.805452903,T,304.57,80,305.46,40,IBM
2025-11-25,9:32:51.805452903,T,304.57,40,305.46,40,IBM
2025-11-25,9:32:51.805472953,T,304.57,40,305.14,40,IBM
2025-11-25,9:32:51.805492918,T,304.55,120,305.14,40,IBM
2025-11-25,9:32:51.806104395,T,304.55,120,305.14,80,IBM
2025-11-25,9:32:51.814714862,T,304.55,120,305.14,40,IBM
2025-11-25,9:32:51.878150946,T,304.55,80,305.14,40,IBM
2025-11-25,9:32:52.311843440,T,304.57,40,305.14,40,IBM
2025-11-25,9:32:55.992941943,T,304.55,80,305.14,40,IBM
2025-11-25,9:32:55.992967058,T,304.53,40,305.14,40,IBM
2025-11-25,9:32:55.992967058,T,304.53,40,304.86,40,IBM
2025-11-25,9:32:55.993067346,T,304.53,40,304.85,40,IBM
2025-11-25,9:32:55.993829113,T,304.53,40,304.85,80,IBM
2025-11-25,9:32:55.993954420,T,304.52,40,304.85,80,IBM
2025-11-25,9:32:55.994365404,T,304.52,40,304.85,40,IBM
2025-11-25,9:32:56.004324136,T,304.52,40,305.13,40,IBM
2025-11-25,9:32:56.014378077,T,304.0,40,305.13,40,IBM
2025-11-25,9:32:56.014398070,T,303.96,40,305.13,40,IBM
2025-11-25,9:32:56.014408141,T,303.96,40,304.85,40,IBM
2025-11-25,9:32:56.014418157,T,303.96,40,304.69,40,IBM
2025-11-25,9:32:56.014718883,T,303.96,40,304.68,40,IBM
2025-11-25,9:32:56.016603288,T,303.96,40,304.69,40,IBM
2025-11-25,9:32:56.026186155,T,303.96,40,304.69,80,IBM
2025-11-25,9:32:56.047947931,T,303.96,40,304.69,40,IBM
2025-11-25,9:32:56.070566773,T,303.96,40,305.13,40,IBM
2025-11-25,9:32:56.071960154,T,303.96,40,305.12,40,IBM
2025-11-25,9:32:56.073107862,T,304.12,40,305.12,40,IBM
2025-11-25,9:32:56.115072768,T,304.12,40,305.19,80,IBM
2025-11-25,9:32:56.841722739,T,303.96,40,305.19,80,IBM
2025-11-25,9:32:56.993393812,T,304.12,160,305.19,80,IBM
2025-11-25,9:32:57.178684956,T,304.13,160,305.19,80,IBM
2025-11-25,9:32:59.505459239,T,304.13,160,305.22,200,IBM
2025-11-25,9:32:59.505494282,T,304.13,160,304.54,80,IBM
2025-11-25,9:32:59.862940211,T,304.14,160,304.54,80,IBM
2025-11-25,9:32:59.917820875,T,304.15,160,304.54,80,IBM
2025-11-25,9:33:00.054631529,T,304.15,200,304.54,80,IBM
2025-11-25,9:33:08.011002990,T,304.15,200,304.54,120,IBM
2025-11-25,9:33:15.895914413,T,304.15,200,304.54,160,IBM
2025-11-25,9:33:15.902881021,T,304.15,40,304.54,160,IBM
2025-11-25,9:33:15.902896026,T,304.15,40,304.51,40,IBM
2025-11-25,9:33:15.902911110,T,304.13,40,304.51,40,IBM
2025-11-25,9:33:15.902911110,T,304.0,40,304.51,40,IBM
2025-11-25,9:33:15.902911110,T,303.96,40,304.51,40,IBM
2025-11-25,9:33:15.902931077,T,303.96,40,304.33,40,IBM
2025-11-25,9:33:15.903161667,T,303.96,40,304.33,80,IBM
2025-11-25,9:33:15.904053788,T,303.96,40,304.33,120,IBM
2025-11-25,9:33:15.936460956,T,303.96,40,304.33,80,IBM
2025-11-25,9:33:15.978736628,T,303.96,40,304.33,40,IBM
2025-11-25,9:33:15.978952134,T,303.96,40,304.53,40,IBM
2025-11-25,9:33:15.978972187,T,303.96,40,304.54,80,IBM
2025-11-25,9:33:15.979378142,T,303.96,40,304.53,40,IBM
2025-11-25,9:33:15.979603597,T,303.96,40,304.53,80,IBM
2025-11-25,9:33:15.979653781,T,303.96,40,304.38,80,IBM
2025-11-25,9:33:16.336588550,T,303.6,160,304.38,80,IBM
2025-11-25,9:33:16.336613628,T,303.6,160,304.19,40,IBM
2025-11-25,9:33:16.336668737,T,303.6,160,304.19,80,IBM
2025-11-25,9:33:16.336939473,T,303.6,160,304.13,40,IBM
2025-11-25,9:33:16.336999540,T,303.61,40,304.13,40,IBM
2025-11-25,9:33:16.337270207,T,303.69,40,304.13,40,IBM
2025-11-25,9:33:16.337275112,T,303.69,40,304.19,40,IBM
2025-11-25,9:33:16.337275112,T,303.61,40,304.19,40,IBM
2025-11-25,9:33:16.337310297,T,303.61,80,304.19,40,IBM
2025-11-25,9:33:16.337320277,T,303.61,40,304.19,40,IBM
2025-11-25,9:33:16.337345286,T,303.61,40,304.08,40,IBM
2025-11-25,9:33:16.347068510,T,303.61,120,304.08,40,IBM
2025-11-25,9:33:16.347639819,T,303.61,120,304.08,80,IBM
2025-11-25,9:33:16.370870117,T,303.61,120,304.08,40,IBM
2025-11-25,9:33:16.392406404,T,303.61,120,304.38,80,IBM
2025-11-25,9:33:16.392491625,T,303.61,160,304.38,80,IBM
2025-11-25,9:33:16.392511620,T,303.61,120,304.38,80,IBM
2025-11-25,9:33:16.392526799,T,303.61,40,304.38,80,IBM
2025-11-25,9:33:16.392546726,T,303.61,40,304.37,40,IBM
2025-11-25,9:33:16.392546726,T,303.61,40,304.07,80,IBM
2025-11-25,9:33:16.393153513,T,303.61,40,304.36,40,IBM
2025-11-25,9:33:16.393253475,T,303.61,80,304.36,40,IBM
2025-11-25,9:33:16.393358712,T,303.61,40,304.36,40,IBM
2025-11-25,9:33:16.393574199,T,303.61,40,304.37,80,IBM
2025-11-25,9:33:16.393910023,T,303.61,40,303.99,40,IBM
2025-11-25,9:33:16.403537867,T,303.61,40,303.99,80,IBM
2025-11-25,9:33:16.427439880,T,303.61,40,303.99,40,IBM
2025-11-25,9:33:16.437037705,T,303.39,160,303.99,40,IBM
2025-11-25,9:33:16.903342755,T,303.72,120,303.99,40,IBM
2025-11-25,9:33:16.933965672,T,303.73,120,303.99,40,IBM
2025-11-25,9:33:20.818012257,T,303.73,120,304.55,40,IBM
2025-11-25,9:33:23.851774530,T,303.73,40,304.55,40,IBM
2025-11-25,9:33:24.042633892,T,303.69,40,304.55,40,IBM
2025-11-25,9:33:26.048098303,T,303.8,40,304.55,40,IBM
2025-11-25,9:33:26.048243615,T,303.8,40,304.55,80,IBM
2025-11-25,9:33:26.048484184,T,303.69,40,304.55,80,IBM
2025-11-25,9:33:26.048544362,T,303.39,200,304.55,80,IBM
2025-11-25,9:33:26.048569347,T,303.39,200,304.21,40,IBM
2025-11-25,9:33:26.048599463,T,303.39,160,304.21,40,IBM
2025-11-25,9:33:26.048639888,T,303.39,160,304.21,80,IBM
2025-11-25,9:33:26.048745099,T,303.39,200,304.21,80,IBM
2025-11-25,9:33:26.048764974,T,303.39,200,304.21,40,IBM
2025-11-25,9:33:26.048774922,T,303.39,200,304.51,40,IBM
2025-11-25,9:33:26.048774922,T,303.39,160,304.51,40,IBM
2025-11-25,9:33:26.048920514,T,303.39,160,304.4,40,IBM
2025-11-25,9:33:26.048985351,T,303.39,200,304.4,40,IBM
2025-11-25,9:33:26.049005458,T,303.39,160,304.4,40,IBM
2025-11-25,9:33:26.049030459,T,303.39,160,304.51,40,IBM
2025-11-25,9:33:26.049586772,T,303.39,160,304.53,40,IBM
2025-11-25,9:33:26.059019255,T,303.39,160,304.55,40,IBM
2025-11-25,9:33:26.059555512,T,303.39,160,304.57,40,IBM
2025-11-25,9:33:27.048956049,T,303.81,40,304.57,40,IBM
2025-11-25,9:33:27.232177239,T,303.81,40,304.68,40,IBM
2025-11-25,9:33:27.236056387,T,303.81,40,304.57,40,IBM
2025-11-25,9:33:27.236086520,T,303.81,40,304.38,40,IBM
2025-11-25,9:33:27.338284766,T,303.81,40,304.57,40,IBM
2025-11-25,9:33:28.963719385,T,303.69,40,304.57,40,IBM
2025-11-25,9:33:28.963934940,T,303.69,40,304.28,40,IBM
2025-11-25,9:33:28.968149935,T,303.69,40,304.57,40,IBM
2025-11-25,9:33:38.012526650,T,303.69,40,304.28,40,IBM
2025-11-25,9:33:38.123250278,T,303.69,40,304.57,40,IBM
2025-11-25,9:33:51.004857043,T,303.69,40,304.69,40,IBM
2025-11-25,9:33:51.004882062,T,304.14,40,304.69,40,IBM
2025-11-25,9:33:51.005478477,T,304.14,40,304.72,200,IBM
2025-11-25,9:33:51.005513534,T,304.14,40,304.72,240,IBM
2025-11-25,9:33:51.005603848,T,304.14,40,304.57,40,IBM
2025-11-25,9:33:51.027801632,T,304.01,80,304.57,40,IBM
2025-11-25,9:33:51.028237658,T,304.02,80,304.57,40,IBM
2025-11-25,9:33:52.009072736,T,304.01,40,304.57,40,IBM
2025-11-25,9:33:52.009383485,T,304.03,40,304.57,40,IBM
2025-11-25,9:33:56.596844657,T,304.03,40,304.55,40,IBM
2025-11-25,9:33:57.384389630,T,304.04,40,304.55,40,IBM
2025-11-25,9:33:57.384700351,T,304.04,120,304.55,40,IBM
2025-11-25,9:33:57.414731861,T,304.04,160,304.55,40,IBM
2025-11-25,9:33:57.661719958,T,304.04,160,304.53,40,IBM
2025-11-25,9:33:57.661725042,T,304.04,160,304.55,40,IBM
2025-11-25,9:33:57.996592203,T,304.04,120,304.55,40,IBM
2025-11-25,9:33:59.998122122,T,304.05,40,304.55,40,IBM
2025-11-25,9:34:09.645754889,T,304.05,120,304.55,40,IBM
2025-11-25,9:34:14.279020150,T,304.05,160,304.55,40,IBM
2025-11-25,9:34:14.288131826,T,304.05,160,304.57,40,IBM
2025-11-25,9:34:16.027447445,T,304.05,160,304.72,240,IBM
2025-11-25,9:34:16.027447445,T,304.05,160,304.72,200,IBM
2025-11-25,9:34:16.027472536,T,304.18,40,304.72,200,IBM
2025-11-25,9:34:16.060997564,T,304.05,120,304.72,200,IBM
2025-11-25,9:34:17.285858405,T,304.05,40,304.72,200,IBM
2025-11-25,9:34:22.028208512,T,303.83,40,304.72,200,IBM
2025-11-25,9:34:22.564054114,T,303.77,200,304.72,200,IBM
2025-11-25,9:34:24.136592858,T,303.77,160,304.72,200,IBM
2025-11-25,9:34:24.159712855,T,303.77,200,304.72,200,IBM
2025-11-25,9:34:24.362896612,T,303.77,160,304.72,200,IBM
2025-11-25,9:34:24.459747137,T,303.77,200,304.72,200,IBM
2025-11-25,9:34:25.351750700,T,303.77,160,304.72,200,IBM
2025-11-25,9:34:25.959653031,T,303.77,200,304.72,200,IBM
2025-11-25,9:34:26.340604931,T,303.77,160,304.72,200,IBM
2025-11-25,9:34:26.579734160,T,303.77,200,304.72,200,IBM
2025-11-25,9:34:27.329463975,T,303.77,160,304.72,200,IBM
2025-11-25,9:34:27.371293599,T,303.77,200,304.72,200,IBM
2025-11-25,9:34:28.318318123,T,303.77,160,304.72,200,IBM
2025-11-25,9:34:28.409720672,T,303.77,200,304.72,200,IBM
2025-11-25,9:34:29.307167374,T,303.77,160,304.72,200,IBM
2025-11-25,9:34:29.411756266,T,303.77,200,304.72,200,IBM
2025-11-25,9:34:30.296021356,T,303.77,160,304.72,200,IBM
2025-11-25,9:34:30.984480341,T,303.77,200,304.72,200,IBM
2025-11-25,9:34:31.284880382,T,303.77,160,304.72,200,IBM
2025-11-25,9:34:31.311659130,T,303.77,200,304.72,200,IBM
2025-11-25,9:34:32.273734565,T,303.77,160,304.72,200,IBM
2025-11-25,9:34:32.404821604,T,303.77,200,304.72,200,IBM
2025-11-25,9:34:33.262583616,T,303.77,160,304.72,200,IBM
2025-11-25,9:34:33.568331522,T,303.77,200,304.72,200,IBM
2025-11-25,9:34:34.251437784,T,303.77,160,304.72,200,IBM
2025-11-25,9:34:34.298539950,T,303.77,200,304.72,200,IBM
2025-11-25,9:34:36.673528969,T,304.05,80,304.72,200,IBM
2025-11-25,9:34:37.019953711,T,304.05,80,304.39,40,IBM
2025-11-25,9:34:37.020339665,T,304.04,40,304.39,40,IBM
2025-11-25,9:34:37.020449953,T,304.01,40,304.39,40,IBM
2025-11-25,9:34:37.022339349,T,303.93,40,304.39,40,IBM
2025-11-25,9:34:37.025386709,T,303.91,40,304.39,40,IBM
2025-11-25,9:34:37.053478499,T,303.91,40,304.54,40,IBM
2025-11-25,9:34:38.273888953,T,303.77,200,304.54,40,IBM
2025-11-25,9:34:38.720261605,T,303.77,160,304.54,40,IBM
2025-11-25,9:34:38.720281590,T,303.77,160,304.28,40,IBM
2025-11-25,9:34:38.720366873,T,303.77,160,304.27,40,IBM
2025-11-25,9:34:38.720667667,T,303.77,160,304.28,40,IBM
2025-11-25,9:34:38.720667667,T,303.77,160,304.14,40,IBM
2025-11-25,9:34:38.720858019,T,303.77,160,304.27,40,IBM
2025-11-25,9:34:38.720998384,T,303.77,160,304.28,80,IBM
2025-11-25,9:34:38.721018368,T,303.77,160,304.3,40,IBM
2025-11-25,9:34:38.721033490,T,303.77,160,304.28,40,IBM
2025-11-25,9:34:38.721043413,T,303.77,160,304.27,40,IBM
2025-11-25,9:34:38.721554622,T,303.77,160,304.14,40,IBM
2025-11-25,9:34:38.725874964,T,303.47,40,304.14,40,IBM
2025-11-25,9:34:38.725885002,T,303.47,200,304.14,40,IBM
2025-11-25,9:34:38.728220476,T,303.47,160,304.14,40,IBM
2025-11-25,9:34:38.734901400,T,303.58,80,304.14,40,IBM
2025-11-25,9:34:39.521509039,T,303.58,80,304.57,40,IBM
2025-11-25,9:34:39.768256501,T,303.58,80,304.19,40,IBM
2025-11-25,9:34:42.715342640,T,303.58,80,304.13,40,IBM
2025-11-25,9:34:43.188719665,T,303.58,80,304.19,40,IBM
2025-11-25,9:34:44.005674517,T,303.69,40,304.19,40,IBM
2025-11-25,9:34:44.005714618,T,303.77,40,304.19,40,IBM
2025-11-25,9:34:44.139828914,T,303.69,40,304.19,40,IBM
2025-11-25,9:34:45.019067054,T,303.58,80,304.19,40,IBM
2025-11-25,9:34:45.019092150,T,303.58,80,304.13,40,IBM
2025-11-25,9:34:45.019107206,T,303.58,80,304.12,40,IBM
2025-11-25,9:34:45.052617086,T,303.58,80,304.19,40,IBM
2025-11-25,9:34:45.054877354,T,303.58,80,304.07,40,IBM
2025-11-25,9:34:45.063352526,T,303.58,80,304.19,40,IBM
2025-11-25,9:34:45.071186147,T,303.58,80,304.07,40,IBM
2025-11-25,9:34:45.087053888,T,303.58,80,304.19,40,IBM
2025-11-25,9:34:45.087124047,T,303.58,80,304.12,40,IBM
2025-11-25,9:34:45.119150390,T,303.58,80,304.19,40,IBM
2025-11-25,9:34:46.019508774,T,303.58,240,304.19,40,IBM
2025-11-25,9:34:48.004223855,T,303.58,240,304.13,40,IBM
2025-11-25,9:34:48.004238990,T,303.58,240,304.19,40,IBM
2025-11-25,9:34:48.004304028,T,303.69,40,304.19,40,IBM
2025-11-25,9:34:48.004339149,T,303.58,80,304.19,40,IBM
2025-11-25,9:34:48.004344166,T,303.58,120,304.19,40,IBM
2025-11-25,9:34:48.004354114,T,303.58,80,304.19,40,IBM
2025-11-25,9:34:48.004364105,T,303.58,80,304.07,40,IBM
2025-11-25,9:34:48.004379205,T,303.58,80,304.19,40,IBM
2025-11-25,9:34:48.740897486,T,303.58,80,304.13,40,IBM
2025-11-25,9:34:48.740932578,T,303.58,80,304.19,40,IBM
2025-11-25,9:34:48.740937585,T,303.58,80,304.01,40,IBM
2025-11-25,9:34:49.004765630,T,303.58,200,304.01,40,IBM
2025-11-25,9:34:50.418290848,T,303.58,200,304.52,160,IBM
2025-11-25,9:34:50.801969185,T,303.58,200,304.47,40,IBM
2025-11-25,9:34:50.806986176,T,303.58,200,304.52,160,IBM
2025-11-25,9:34:51.005503846,T,303.58,120,304.52,160,IBM
2025-11-25,9:34:51.005538906,T,303.69,40,304.52,160,IBM
2025-11-25,9:34:51.061812913,T,303.58,120,304.52,160,IBM
2025-11-25,9:34:58.944183142,T,303.69,40,304.52,160,IBM
2025-11-25,9:34:58.944478876,T,303.77,40,304.52,160,IBM
2025-11-25,9:34:58.944674254,T,303.8,40,304.52,160,IBM
2025-11-25,9:34:58.944719458,T,303.93,40,304.52,160,IBM
2025-11-25,9:34:58.944739503,T,303.93,40,304.5,40,IBM
2025-11-25,9:34:58.945325834,T,303.8,40,304.5,40,IBM
2025-11-25,9:34:58.945586486,T,303.8,40,304.47,40,IBM
2025-11-25,9:34:58.962792394,T,303.8,40,304.47,80,IBM
2025-11-25,9:34:58.981461866,T,303.69,40,304.47,80,IBM
2025-11-25,9:34:59.217879657,T,303.69,40,304.46,40,IBM
2025-11-25,9:34:59.218721771,T,303.69,40,304.46,80,IBM
2025-11-25,9:34:59.589885327,T,303.69,40,304.46,40,IBM
2025-11-25,9:34:59.592396313,T,303.69,40,304.45,40,IBM
2025-11-25,9:34:59.946785040,T,303.69,40,304.47,40,IBM
2025-11-25,9:34:59.947316310,T,303.69,40,304.45,40,IBM
2025-11-25,9:34:59.947341290,T,303.69,40,304.44,40,IBM
2025-11-25,9:35:00.026680265,T,303.69,40,304.44,80,IBM
2025-11-25,9:35:00.042317423,T,303.69,40,304.44,40,IBM
2025-11-25,9:35:00.042352637,T,303.69,40,304.45,40,IBM
2025-11-25,9:35:00.188204776,T,303.8,40,304.45,40,IBM
2025-11-25,9:35:00.422853342,T,303.8,40,304.45,80,IBM
2025-11-25,9:35:00.455405769,T,303.8,40,304.45,160,IBM
2025-11-25,9:35:00.553419152,T,303.8,40,304.45,80,IBM
2025-11-25,9:35:00.619105549,T,303.8,40,304.45,40,IBM
2025-11-25,9:35:00.950359120,T,303.69,40,304.45,40,IBM
2025-11-25,9:35:01.267514205,T,303.57,40,304.45,40,IBM
2025-11-25,9:35:03.003186430,T,303.57,40,304.44,40,IBM
2025-11-25,9:35:03.004349271,T,303.66,160,304.44,40,IBM
2025-11-25,9:35:03.010158056,T,303.66,160,304.45,40,IBM
2025-11-25,9:35:03.010163005,T,303.66,160,304.35,40,IBM
2025-11-25,9:35:03.010223555,T,303.66,160,304.45,40,IBM
2025-11-25,9:35:03.010223555,T,303.66,160,304.25,40,IBM
2025-11-25,9:35:03.126109047,T,303.66,160,304.45,40,IBM
2025-11-25,9:35:06.143437005,T,303.66,160,304.25,40,IBM
2025-11-25,9:35:06.540442171,T,303.66,160,304.5,40,IBM
2025-11-25,9:35:07.643843964,T,303.66,160,304.5,80,IBM
2025-11-25,9:35:08.033501584,T,303.66,160,304.5,120,IBM
2025-11-25,9:35:08.965836318,T,303.66,160,304.5,80,IBM
2025-11-25,9:35:08.966062171,T,303.66,160,304.5,40,IBM
2025-11-25,9:35:08.987462799,T,303.66,160,304.25,40,IBM
2025-11-25,9:35:08.987884050,T,303.66,160,304.25,80,IBM
2025-11-25,9:35:09.828124235,T,303.66,160,304.25,40,IBM
2025-11-25,9:35:14.300687039,T,303.66,160,304.18,40,IBM
2025-11-25,9:35:14.301453894,T,303.52,40,304.18,40,IBM
2025-11-25,9:35:14.301619222,T,303.52,40,304.18,80,IBM
2025-11-25,9:35:14.313532624,T,303.52,40,304.18,40,IBM
2025-11-25,9:35:14.389799206,T,303.57,40,304.18,40,IBM
2025-11-25,9:35:14.794472675,T,303.52,40,304.18,40,IBM
2025-11-25,9:35:16.075873208,T,303.57,40,304.18,40,IBM
2025-11-25,9:35:16.772180877,T,303.52,40,304.18,40,IBM
2025-11-25,9:35:17.135220067,T,303.52,40,304.3,40,IBM
2025-11-25,9:35:17.178713620,T,303.52,40,304.5,40,IBM
2025-11-25,9:35:17.178748752,T,303.52,40,304.15,40,IBM
2025-11-25,9:35:17.766382626,T,303.57,40,304.15,40,IBM
2025-11-25,9:35:18.749889012,T,303.52,40,304.15,40,IBM
2025-11-25,9:35:19.761853288,T,303.57,40,304.15,40,IBM
2025-11-25,9:35:20.727441954,T,303.52,40,304.15,40,IBM
2025-11-25,9:35:21.807332899,T,303.52,40,304.08,40,IBM
2025-11-25,9:35:21.807428140,T,303.47,200,304.08,40,IBM
2025-11-25,9:35:21.807453195,T,303.47,160,304.08,40,IBM
2025-11-25,9:35:21.807548413,T,303.52,40,304.08,40,IBM
2025-11-25,9:35:21.807573489,T,303.47,200,304.08,40,IBM
2025-11-25,9:35:21.807578393,T,303.6,40,304.08,40,IBM
2025-11-25,9:35:21.811542861,T,303.6,40,304.15,40,IBM
2025-11-25,9:35:22.016871665,T,303.47,200,304.15,40,IBM
2025-11-25,9:35:24.683118998,T,303.47,200,304.15,80,IBM
2025-11-25,9:35:26.096102914,T,303.47,200,304.15,40,IBM
2025-11-25,9:35:26.660722182,T,303.47,160,304.15,40,IBM
2025-11-25,9:35:27.753092639,T,303.47,200,304.15,40,IBM
2025-11-25,9:35:27.999013121,T,303.47,200,304.08,40,IBM
2025-11-25,9:35:28.183762888,T,303.47,200,304.15,40,IBM
2025-11-25,9:35:28.638425270,T,303.47,160,304.15,40,IBM
2025-11-25,9:35:29.008501252,T,303.69,40,304.15,40,IBM
2025-11-25,9:35:29.008516342,T,303.76,40,304.15,40,IBM
2025-11-25,9:35:29.008591558,T,303.88,40,304.15,40,IBM
2025-11-25,9:35:29.008621581,T,303.89,40,304.15,40,IBM
2025-11-25,9:35:29.008797198,T,303.89,40,304.4,160,IBM
2025-11-25,9:35:29.008897191,T,303.89,80,304.4,160,IBM
2025-11-25,9:35:29.008972530,T,303.9,40,304.4,160,IBM
2025-11-25,9:35:29.009694122,T,303.9,40,304.57,40,IBM
2025-11-25,9:35:29.018414930,T,303.89,80,304.57,40,IBM
2025-11-25,9:35:29.109105785,T,303.89,40,304.57,40,IBM
2025-11-25,9:35:30.566064424,T,303.89,40,304.25,80,IBM
2025-11-25,9:35:30.769483616,T,303.89,40,304.57,40,IBM
2025-11-25,9:35:40.442356634,T,303.89,40,304.45,40,IBM
2025-11-25,9:35:40.968228501,T,303.89,40,304.54,40,IBM
2025-11-25,9:35:40.968253637,T,303.89,40,304.45,40,IBM
2025-11-25,9:35:41.258053522,T,303.89,40,304.57,40,IBM
2025-11-25,9:35:41.258073558,T,304.15,40,304.57,40,IBM
2025-11-25,9:35:41.258098647,T,303.89,40,304.57,40,IBM
2025-11-25,9:35:41.258108678,T,303.89,80,304.57,40,IBM
2025-11-25,9:35:41.258354189,T,304.25,40,304.57,40,IBM
2025-11-25,9:35:41.258644970,T,304.25,40,304.59,160,IBM
2025-11-25,9:35:41.258649958,T,304.25,40,304.83,40,IBM
2025-11-25,9:35:41.258654920,T,304.25,40,304.78,160,IBM
2025-11-25,9:35:41.258785242,T,304.25,40,304.5,120,IBM
2025-11-25,9:35:41.258885510,T,303.89,40,304.5,120,IBM
2025-11-25,9:35:41.258950654,T,304.25,40,304.5,120,IBM
2025-11-25,9:35:41.258970666,T,303.89,40,304.5,120,IBM
2025-11-25,9:35:41.968264318,T,303.89,40,304.54,40,IBM
2025-11-25,9:35:41.968284369,T,303.89,40,304.57,40,IBM
2025-11-25,9:35:41.968304362,T,304.2,40,304.57,40,IBM
2025-11-25,9:35:41.968334446,T,303.89,40,304.57,40,IBM
2025-11-25,9:35:41.968339442,T,304.21,40,304.57,40,IBM
2025-11-25,9:35:41.975687132,T,303.78,40,304.57,40,IBM
2025-11-25,9:35:41.975687132,T,304.35,40,304.57,40,IBM
2025-11-25,9:35:41.978724212,T,304.21,40,304.57,40,IBM
2025-11-25,9:35:41.986021596,T,303.89,40,304.57,40,IBM
2025-11-25,9:35:42.012439421,T,303.78,40,304.57,40,IBM
2025-11-25,9:35:42.012745225,T,303.78,40,304.78,160,IBM
2025-11-25,9:35:42.012790342,T,303.89,40,304.78,160,IBM
2025-11-25,9:35:42.013271493,T,303.78,40,304.78,160,IBM
2025-11-25,9:35:42.013301521,T,303.89,40,304.78,160,IBM
2025-11-25,9:35:42.036807501,T,304.3,40,304.78,160,IBM
2025-11-25,9:35:42.036807501,T,304.37,40,304.78,160,IBM
2025-11-25,9:35:42.041954708,T,304.21,40,304.78,160,IBM
2025-11-25,9:35:42.042095031,T,303.89,40,304.78,160,IBM
2025-11-25,9:35:42.042165181,T,304.21,40,304.78,160,IBM
2025-11-25,9:35:42.042200325,T,304.37,40,304.78,160,IBM
2025-11-25,9:35:42.088856369,T,304.37,40,304.84,40,IBM
2025-11-25,9:35:42.088941567,T,304.0,40,304.84,40,IBM
2025-11-25,9:35:42.088946659,T,304.11,40,304.84,40,IBM
2025-11-25,9:35:42.089232312,T,304.37,40,304.84,40,IBM
2025-11-25,9:35:42.089578056,T,304.37,40,304.78,40,IBM
2025-11-25,9:35:42.256214823,T,304.11,40,304.78,40,IBM
2025-11-25,9:35:42.256715945,T,304.0,40,304.78,40,IBM
2025-11-25,9:35:42.969056793,T,304.0,40,304.97,200,IBM
2025-11-25,9:35:42.969357587,T,304.21,40,304.97,200,IBM
2025-11-25,9:35:42.969568098,T,304.21,80,304.97,200,IBM
2025-11-25,9:35:42.990683291,T,304.21,40,304.97,200,IBM
2025-11-25,9:35:43.021085638,T,304.38,40,304.97,200,IBM
2025-11-25,9:35:43.021115728,T,304.49,40,304.97,200,IBM
2025-11-25,9:35:43.022108073,T,304.38,40,304.97,200,IBM
2025-11-25,9:35:43.022704554,T,304.49,40,304.97,200,IBM
2025-11-25,9:35:43.025300768,T,304.38,80,304.97,200,IBM
2025-11-25,9:35:43.030523146,T,304.38,40,304.97,200,IBM
2025-11-25,9:35:43.071465668,T,304.11,40,304.97,200,IBM
2025-11-25,9:35:43.214766733,T,304.38,40,304.97,200,IBM
2025-11-25,9:35:43.214977248,T,304.38,80,304.97,200,IBM
2025-11-25,9:35:43.263628031,T,304.39,40,304.97,200,IBM
2025-11-25,9:35:43.263643081,T,304.39,80,304.97,200,IBM
2025-11-25,9:35:43.263653130,T,304.4,40,304.97,200,IBM
2025-11-25,9:35:43.264084154,T,304.4,80,304.97,200,IBM
2025-11-25,9:35:43.297157903,T,304.4,40,304.97,200,IBM
2025-11-25,9:35:43.299353096,T,304.4,40,304.97,280,IBM
2025-11-25,9:35:56.045983695,T,304.4,40,304.82,40,IBM
2025-11-25,9:35:56.051055737,T,304.4,40,304.97,280,IBM
2025-11-25,9:35:56.088580100,T,304.4,40,304.82,40,IBM
2025-11-25,9:35:56.295863493,T,304.4,40,304.8,40,IBM
2025-11-25,9:35:56.296479983,T,304.4,40,304.8,80,IBM
2025-11-25,9:35:57.047538040,T,304.4,40,304.8,120,IBM
2025-11-25,9:35:57.717638463,T,304.4,40,304.8,80,IBM
2025-11-25,9:35:59.151356552,T,304.4,40,304.8,40,IBM
2025-11-25,9:35:59.151386726,T,304.4,40,304.97,280,IBM
2025-11-25,9:36:02.612135848,T,304.4,40,304.77,40,IBM
2025-11-25,9:36:04.062523417,T,304.4,40,304.97,280,IBM
2025-11-25,9:36:05.158713055,T,304.41,80,304.97,280,IBM
2025-11-25,9:36:05.159219306,T,304.41,120,304.97,280,IBM
2025-11-25,9:36:06.118021743,T,304.41,120,304.97,200,IBM
2025-11-25,9:36:06.340787063,T,304.41,120,304.85,40,IBM
2025-11-25,9:36:06.726014217,T,304.56,40,304.85,40,IBM
2025-11-25,9:36:06.726355037,T,304.6,40,304.85,40,IBM
2025-11-25,9:36:06.726730875,T,304.6,40,305.11,40,IBM
2025-11-25,9:36:06.726991507,T,304.56,80,305.11,40,IBM
2025-11-25,9:36:06.743245242,T,304.56,40,305.11,40,IBM
2025-11-25,9:36:06.744438042,T,304.41,80,305.11,40,IBM
2025-11-25,9:36:06.744448065,T,304.56,40,305.11,40,IBM
2025-11-25,9:36:06.776073427,T,304.41,80,305.11,40,IBM
2025-11-25,9:36:06.776464377,T,304.41,120,305.11,40,IBM
2025-11-25,9:36:14.036563248,T,304.41,40,305.11,40,IBM
2025-11-25,9:36:14.238564068,T,304.41,40,304.98,40,IBM
2025-11-25,9:36:14.551078127,T,304.41,40,304.97,40,IBM
2025-11-25,9:36:16.669576673,T,304.41,40,304.98,40,IBM
2025-11-25,9:36:17.428012266,T,304.41,40,305.11,40,IBM
2025-11-25,9:36:21.317401502,T,304.21,40,305.11,40,IBM
2025-11-25,9:36:22.035461086,T,304.5,40,305.11,40,IBM
2025-11-25,9:36:22.299825504,T,304.5,40,304.85,40,IBM
2025-11-25,9:36:34.021991971,T,304.5,40,305.11,40,IBM
2025-11-25,9:36:36.673324113,T,304.5,40,304.85,40,IBM
2025-11-25,9:36:36.673338932,T,304.5,40,304.79,40,IBM
2025-11-25,9:36:36.673359210,T,304.5,40,304.85,40,IBM
2025-11-25,9:36:36.673363952,T,304.5,40,304.7,40,IBM
2025-11-25,9:36:36.673399107,T,304.21,160,304.7,40,IBM
2025-11-25,9:36:36.673499355,T,304.21,160,304.6,40,IBM
2025-11-25,9:36:36.706948915,T,304.21,160,304.85,40,IBM
2025-11-25,9:36:36.707274764,T,304.21,160,304.7,40,IBM
2025-11-25,9:36:36.707560401,T,304.11,40,304.7,40,IBM
2025-11-25,9:36:36.712497107,T,304.06,200,304.7,40,IBM
2025-11-25,9:36:36.712522276,T,304.06,160,304.7,40,IBM
2025-11-25,9:36:36.740804546,T,304.06,160,304.85,40,IBM
2025-11-25,9:36:41.557226050,T,304.06,160,304.78,40,IBM
2025-11-25,9:36:42.555713086,T,304.0,40,304.78,40,IBM
2025-11-25,9:36:42.555738199,T,303.92,40,304.78,40,IBM
2025-11-25,9:36:44.391633845,T,303.92,40,304.78,80,IBM
2025-11-25,9:36:45.035807439,T,303.92,40,304.7,40,IBM
2025-11-25,9:36:45.037581601,T,303.92,40,304.7,80,IBM
2025-11-25,9:36:46.201282213,T,304.16,80,304.7,80,IBM
2025-11-25,9:36:46.202089131,T,304.16,80,304.7,160,IBM
2025-11-25,9:36:47.464469390,T,303.92,40,304.7,160,IBM
2025-11-25,9:36:47.466840013,T,303.92,40,304.58,40,IBM
2025-11-25,9:36:47.467636927,T,303.92,40,304.58,120,IBM
2025-11-25,9:36:47.467857415,T,303.92,40,304.58,160,IBM
2025-11-25,9:36:47.472418262,T,303.92,40,304.57,40,IBM
2025-11-25,9:36:47.479174349,T,303.92,40,304.58,120,IBM
2025-11-25,9:36:47.479209409,T,303.92,40,304.58,80,IBM
2025-11-25,9:36:47.479911122,T,303.92,40,304.56,40,IBM
2025-11-25,9:36:47.480332138,T,303.92,40,304.56,80,IBM
2025-11-25,9:36:47.852127197,T,303.92,40,304.56,40,IBM
2025-11-25,9:36:47.852944144,T,303.92,40,304.58,80,IBM
2025-11-25,9:36:47.853139561,T,303.92,40,304.56,40,IBM
2025-11-25,9:36:48.340915821,T,303.92,40,304.58,80,IBM
2025-11-25,9:36:48.342218916,T,303.92,40,304.56,40,IBM
2025-11-25,9:36:48.472383802,T,303.92,40,304.58,80,IBM
2025-11-25,9:36:48.473345997,T,303.92,40,304.53,40,IBM
2025-11-25,9:36:48.496882052,T,303.92,40,304.53,80,IBM
2025-11-25,9:36:48.510138602,T,303.92,40,304.53,40,IBM
2025-11-25,9:36:48.536947454,T,303.89,240,304.53,40,IBM
2025-11-25,9:36:48.626024455,T,303.89,240,304.58,80,IBM
2025-11-25,9:36:48.626686077,T,303.89,240,304.5,80,IBM
2025-11-25,9:36:48.740241364,T,303.89,240,304.5,120,IBM
2025-11-25,9:36:49.068658202,T,303.89,240,304.5,80,IBM
2025-11-25,9:36:49.749795032,T,303.92,40,304.5,80,IBM
2025-11-25,9:36:49.749799641,T,304.17,40,304.5,80,IBM
2025-11-25,9:36:49.750050325,T,303.92,40,304.5,80,IBM
2025-11-25,9:36:49.750120471,T,303.89,240,304.5,80,IBM
2025-11-25,9:36:49.790225979,T,303.89,240,304.5,120,IBM
2025-11-25,9:36:50.946789649,T,303.89,240,304.32,40,IBM
2025-11-25,9:36:50.947255535,T,303.89,240,304.32,80,IBM
2025-11-25,9:36:50.947796862,T,303.89,240,304.32,40,IBM
2025-11-25,9:36:50.955605399,T,303.92,40,304.32,40,IBM
2025-11-25,9:36:50.956051531,T,303.89,240,304.32,40,IBM
2025-11-25,9:36:50.957043876,T,303.89,40,304.32,40,IBM
2025-11-25,9:36:50.957068932,T,303.78,40,304.32,40,IBM
2025-11-25,9:36:50.959439609,T,303.78,40,304.42,80,IBM
2025-11-25,9:36:50.959670087,T,303.78,40,304.78,40,IBM
2025-11-25,9:36:50.960015867,T,303.78,40,304.85,40,IBM
2025-11-25,9:36:50.960051031,T,303.92,40,304.85,40,IBM
2025-11-25,9:36:50.960051031,T,304.12,40,304.85,40,IBM
2025-11-25,9:36:50.960081082,T,303.92,40,304.85,40,IBM
2025-11-25,9:36:50.960086138,T,304.12,40,304.85,40,IBM
2025-11-25,9:36:50.960106117,T,304.12,40,304.6,40,IBM
2025-11-25,9:36:50.960106117,T,304.12,40,304.45,40,IBM
2025-11-25,9:36:50.960121169,T,304.12,40,304.78,40,IBM
2025-11-25,9:36:50.960386785,T,303.92,40,304.78,40,IBM
2025-11-25,9:36:50.961128620,T,303.92,40,304.85,40,IBM
2025-11-25,9:36:50.964641929,T,303.92,40,304.51,40,IBM
2025-11-25,9:36:50.971378008,T,303.92,40,304.51,80,IBM
2025-11-25,9:36:50.987361047,T,303.78,40,304.51,80,IBM
2025-11-25,9:36:50.987386059,T,303.78,40,304.41,40,IBM
2025-11-25,9:36:50.987386059,T,303.78,40,304.4,40,IBM
2025-11-25,9:36:50.996978902,T,303.78,40,304.4,80,IBM
2025-11-25,9:36:51.020915928,T,303.78,40,304.4,40,IBM
2025-11-25,9:36:51.021392062,T,303.78,40,304.39,40,IBM
2025-11-25,9:36:51.067832548,T,303.78,40,304.39,80,IBM
2025-11-25,9:36:51.068619496,T,303.78,40,304.39,160,IBM
2025-11-25,9:36:51.094771732,T,303.78,40,304.38,40,IBM
2025-11-25,9:36:51.095824256,T,303.78,40,304.38,80,IBM
2025-11-25,9:36:51.135964788,T,303.78,40,304.37,40,IBM
2025-11-25,9:36:51.145597737,T,303.78,40,304.37,80,IBM
2025-11-25,9:36:51.169489641,T,303.78,40,304.37,40,IBM
2025-11-25,9:36:51.204608202,T,303.78,40,304.39,80,IBM
2025-11-25,9:36:57.963383793,T,303.69,200,304.39,80,IBM
2025-11-25,9:36:57.963408844,T,303.69,160,304.39,80,IBM
2025-11-25,9:36:58.813612807,T,303.69,160,304.31,80,IBM
2025-11-25,9:37:02.573734325,T,303.69,160,304.3,40,IBM
2025-11-25,9:37:02.574706681,T,303.69,160,304.31,80,IBM
2025-11-25,9:37:02.617583738,T,303.69,160,304.3,40,IBM
2025-11-25,9:37:02.659478426,T,303.69,160,304.31,80,IBM
2025-11-25,9:37:03.867584660,T,303.78,40,304.31,80,IBM
2025-11-25,9:37:03.867594773,T,303.69,200,304.31,80,IBM
2025-11-25,9:37:03.867890477,T,304.07,40,304.31,80,IBM
2025-11-25,9:37:03.867935602,T,303.69,160,304.31,80,IBM
2025-11-25,9:37:03.867935602,T,304.07,40,304.31,80,IBM
2025-11-25,9:37:03.867960612,T,304.07,40,304.31,40,IBM
2025-11-25,9:37:03.867960612,T,304.17,40,304.31,40,IBM
2025-11-25,9:37:03.867995706,T,304.17,40,304.35,40,IBM
2025-11-25,9:37:03.868622194,T,304.17,40,304.62,160,IBM
2025-11-25,9:37:03.869358896,T,304.17,80,304.62,160,IBM
2025-11-25,9:37:03.869394024,T,304.24,40,304.62,160,IBM
2025-11-25,9:37:03.869419026,T,304.24,40,304.39,40,IBM
2025-11-25,9:37:03.869439135,T,304.23,40,304.39,40,IBM
2025-11-25,9:37:03.869444181,T,304.23,40,304.62,160,IBM
2025-11-25,9:37:03.869474229,T,304.31,40,304.62,160,IBM
2025-11-25,9:37:03.869714748,T,304.0,40,304.62,160,IBM
2025-11-25,9:37:03.871093076,T,304.0,40,305.11,40,IBM
2025-11-25,9:37:03.871103096,T,304.0,40,304.86,160,IBM
2025-11-25,9:37:03.872180681,T,303.89,40,304.86,160,IBM
2025-11-25,9:37:03.873574095,T,303.78,40,304.86,160,IBM
2025-11-25,9:37:03.878179915,T,303.69,200,304.86,160,IBM
2025-11-25,9:37:03.898182550,T,303.69,200,304.78,80,IBM
2025-11-25,9:37:04.104077672,T,303.69,200,304.86,160,IBM
2025-11-25,9:37:04.173628259,T,304.0,40,304.86,160,IBM
2025-11-25,9:37:04.290366327,T,303.69,200,304.86,160,IBM
2025-11-25,9:37:04.290947577,T,304.0,40,304.86,160,IBM
2025-11-25,9:37:04.291689363,T,303.89,40,304.86,160,IBM
2025-11-25,9:37:04.291699429,T,303.89,40,304.78,40,IBM
2025-11-25,9:37:04.291754493,T,304.1,40,304.78,40,IBM
2025-11-25,9:37:04.291819711,T,304.1,40,304.71,160,IBM
2025-11-25,9:37:04.291919905,T,303.89,40,304.71,160,IBM
2025-11-25,9:37:04.291919905,T,304.29,40,304.71,160,IBM
2025-11-25,9:37:04.310158365,T,304.29,40,304.89,40,IBM
2025-11-25,9:37:04.328672423,T,304.0,40,304.89,40,IBM
2025-11-25,9:37:04.389772909,T,304.0,40,305.11,40,IBM
2025-11-25,9:37:04.399135164,T,304.0,40,304.93,160,IBM
2025-11-25,9:37:04.399160250,T,303.78,40,304.93,160,IBM
2025-11-25,9:37:04.473592437,T,304.0,40,304.93,160,IBM
2025-11-25,9:37:04.695711166,T,303.78,40,304.93,160,IBM
2025-11-25,9:37:04.695796355,T,304.0,40,304.93,160,IBM
2025-11-25,9:37:04.870772899,T,303.78,40,304.93,160,IBM
2025-11-25,9:37:04.898203224,T,304.0,40,304.93,160,IBM
2025-11-25,9:37:05.083679808,T,303.89,40,304.93,160,IBM
2025-11-25,9:37:05.085539186,T,303.89,40,305.11,40,IBM
2025-11-25,9:37:05.085549189,T,303.89,40,304.73,160,IBM
2025-11-25,9:37:05.303357795,T,303.89,40,304.73,200,IBM
2025-11-25,9:37:09.694496594,T,303.89,40,304.73,240,IBM
2025-11-25,9:37:11.066332624,T,303.69,200,304.73,240,IBM
2025-11-25,9:37:11.070061463,T,303.69,200,304.57,40,IBM
2025-11-25,9:37:11.070076559,T,303.69,200,304.73,240,IBM
2025-11-25,9:37:11.070076559,T,303.69,200,304.57,40,IBM
2025-11-25,9:37:11.070101600,T,303.69,200,304.73,200,IBM
2025-11-25,9:37:11.070141610,T,303.69,200,304.73,160,IBM
2025-11-25,9:37:11.070652915,T,303.69,200,304.67,40,IBM
2025-11-25,9:37:11.070748086,T,303.69,200,304.33,40,IBM
2025-11-25,9:37:11.071174172,T,303.69,200,304.33,80,IBM
2025-11-25,9:37:11.076842570,T,303.69,200,304.33,40,IBM
2025-11-25,9:37:11.108177233,T,303.69,160,304.33,40,IBM
2025-11-25,9:37:11.108432810,T,303.78,40,304.33,40,IBM
2025-11-25,9:37:11.108437864,T,304.09,40,304.33,40,IBM
2025-11-25,9:37:11.109209701,T,303.69,200,304.33,40,IBM
2025-11-25,9:37:11.136053611,T,304.09,40,304.33,40,IBM
2025-11-25,9:37:11.136354310,T,304.1,40,304.33,40,IBM
2025-11-25,9:37:11.142859798,T,304.1,40,304.73,160,IBM
2025-11-25,9:37:11.143326140,T,304.1,40,304.73,200,IBM
2025-11-25,9:37:11.143351307,T,304.1,40,304.59,40,IBM
2025-11-25,9:37:11.143351307,T,304.09,40,304.59,40,IBM
2025-11-25,9:37:11.143386043,T,303.89,40,304.59,40,IBM
2025-11-25,9:37:11.143411131,T,303.78,40,304.59,40,IBM
2025-11-25,9:37:11.147094911,T,303.69,200,304.59,40,IBM
2025-11-25,9:37:11.251077461,T,303.69,200,304.59,80,IBM
2025-11-25,9:37:11.251869301,T,303.69,200,304.59,120,IBM
2025-11-25,9:37:13.216651793,T,303.69,200,304.59,80,IBM
2025-11-25,9:37:13.415465021,T,303.89,40,304.59,80,IBM
2025-11-25,9:37:13.416497546,T,303.69,200,304.59,80,IBM
2025-11-25,9:37:13.913816426,T,303.89,40,304.59,80,IBM
2025-11-25,9:37:13.938009037,T,303.69,200,304.59,80,IBM
2025-11-25,9:37:16.632644207,T,303.69,200,304.59,40,IBM
2025-11-25,9:37:16.632729375,T,303.69,200,304.59,80,IBM
2025-11-25,9:37:16.642492677,T,303.69,200,304.59,40,IBM
2025-11-25,9:37:16.652686895,T,303.89,40,304.59,40,IBM
2025-11-25,9:37:16.659773789,T,304.06,40,304.59,40,IBM
2025-11-25,9:37:22.874954922,T,303.78,40,304.59,40,IBM
2025-11-25,9:37:22.874954922,T,304.13,40,304.59,40,IBM
2025-11-25,9:37:22.874960031,T,304.24,40,304.59,40,IBM
2025-11-25,9:37:22.877546087,T,303.89,40,304.59,40,IBM
2025-11-25,9:37:23.345465035,T,303.78,40,304.59,40,IBM
2025-11-25,9:37:24.777013168,T,303.78,40,304.58,80,IBM
2025-11-25,9:37:25.916801675,T,303.78,40,304.59,40,IBM
2025-11-25,9:37:27.086987218,T,303.78,40,304.73,160,IBM
2025-11-25,9:37:27.636009251,T,303.78,40,304.58,40,IBM
2025-11-25,9:37:27.654448203,T,303.78,40,304.55,40,IBM
2025-11-25,9:37:27.672791841,T,303.78,40,304.89,40,IBM
2025-11-25,9:37:27.842144999,T,303.78,40,304.9,160,IBM
2025-11-25,9:37:28.862609392,T,303.89,40,304.9,160,IBM
2025-11-25,9:37:28.862654467,T,304.06,40,304.9,160,IBM
2025-11-25,9:37:31.062045759,T,304.06,40,305.07,40,IBM
2025-11-25,9:37:31.062055849,T,304.06,40,304.73,160,IBM
2025-11-25,9:37:31.227895592,T,303.78,40,304.73,160,IBM
2025-11-25,9:37:31.227920983,T,303.78,40,304.49,40,IBM
2025-11-25,9:37:31.227930683,T,303.78,40,304.42,40,IBM
2025-11-25,9:37:31.227945749,T,303.78,40,304.37,40,IBM
2025-11-25,9:37:31.227961107,T,303.69,200,304.37,40,IBM
2025-11-25,9:37:31.227985880,T,303.69,160,304.37,40,IBM
2025-11-25,9:37:31.228121244,T,303.69,160,304.42,40,IBM
2025-11-25,9:37:31.228191325,T,303.69,160,304.3,40,IBM
2025-11-25,9:37:31.228436923,T,303.78,40,304.3,40,IBM
2025-11-25,9:37:31.228436923,T,303.69,160,304.3,40,IBM
2025-11-25,9:37:31.228451982,T,303.69,160,304.42,40,IBM
2025-11-25,9:37:31.228472125,T,303.69,200,304.42,40,IBM
2025-11-25,9:37:31.228472125,T,303.69,160,304.42,40,IBM
2025-11-25,9:37:31.228497113,T,303.69,160,304.21,40,IBM
2025-11-25,9:37:31.229384227,T,303.69,160,304.2,40,IBM
2025-11-25,9:37:31.233604214,T,303.69,160,304.21,40,IBM
2025-11-25,9:37:31.233764579,T,303.69,160,304.3,80,IBM
2025-11-25,9:37:31.233799735,T,303.72,80,304.3,80,IBM
2025-11-25,9:37:31.239027124,T,303.72,80,304.3,40,IBM
2025-11-25,9:37:31.239052241,T,303.72,80,304.48,40,IBM
2025-11-25,9:37:31.243818507,T,303.69,160,304.48,40,IBM
2025-11-25,9:37:31.262021898,T,303.69,160,304.56,40,IBM
2025-11-25,9:37:31.294083191,T,303.69,160,304.48,40,IBM
2025-11-25,9:37:31.328004038,T,303.69,160,304.55,40,IBM
2025-11-25,9:37:31.329016474,T,303.69,200,304.55,40,IBM
2025-11-25,9:37:31.347976597,T,303.69,200,304.73,160,IBM
2025-11-25,9:37:34.008365153,T,303.72,40,304.73,160,IBM
2025-11-25,9:37:34.199114257,T,303.77,40,304.73,160,IBM
2025-11-25,9:37:35.211629462,T,303.69,200,304.73,160,IBM
2025-11-25,9:37:35.883178188,T,303.69,200,304.55,40,IBM
2025-11-25,9:37:35.883223259,T,303.69,160,304.55,40,IBM
2025-11-25,9:37:36.047594605,T,303.69,160,304.73,160,IBM
2025-11-25,9:37:43.894706426,T,303.69,200,304.73,160,IBM
2025-11-25,9:37:43.921530253,T,303.69,200,304.55,40,IBM
2025-11-25,9:37:44.050968370,T,303.69,200,304.73,160,IBM
2025-11-25,9:37:47.772884080,T,303.69,160,304.73,160,IBM
2025-11-25,9:37:47.772909161,T,303.69,160,304.35,40,IBM
2025-11-25,9:37:47.772919206,T,303.69,160,304.34,40,IBM
2025-11-25,9:37:47.772959270,T,303.69,160,304.25,40,IBM
2025-11-25,9:37:47.777179325,T,303.69,160,304.34,40,IBM
2025-11-25,9:37:47.777344711,T,303.69,160,304.34,80,IBM
2025-11-25,9:37:47.782376727,T,303.69,160,304.34,40,IBM
2025-11-25,9:37:47.806739730,T,303.69,160,304.35,40,IBM
2025-11-25,9:37:47.806744686,T,303.69,160,304.21,40,IBM
2025-11-25,9:37:47.806975265,T,303.56,40,304.21,40,IBM
2025-11-25,9:37:47.807286037,T,303.56,40,304.21,80,IBM
2025-11-25,9:37:47.807952665,T,303.56,40,304.21,120,IBM
2025-11-25,9:37:47.824882877,T,303.56,40,304.21,80,IBM
2025-11-25,9:37:49.826322814,T,303.56,40,304.21,40,IBM
2025-11-25,9:37:52.581857705,T,303.56,40,304.49,200,IBM
2025-11-25,9:37:52.911622836,T,303.56,40,304.25,40,IBM
2025-11-25,9:37:54.850142894,T,303.52,200,304.25,40,IBM
2025-11-25,9:37:57.012606045,T,303.52,200,304.23,40,IBM
2025-11-25,9:37:59.951998694,T,303.52,200,304.25,40,IBM
2025-11-25,9:38:00.125687198,T,303.56,40,304.25,40,IBM
2025-11-25,9:38:00.125717955,T,303.96,40,304.25,40,IBM
2025-11-25,9:38:00.174844133,T,303.56,40,304.25,40,IBM
2025-11-25,9:38:01.547637440,T,303.56,40,304.37,40,IBM
2025-11-25,9:38:01.547672561,T,303.56,40,304.33,40,IBM
2025-11-25,9:38:01.547677526,T,303.6,40,304.33,40,IBM
2025-11-25,9:38:02.693329936,T,304.02,80,304.33,40,IBM
2025-11-25,9:38:02.873203116,T,303.66,160,304.33,40,IBM
2025-11-25,9:38:06.203200730,T,303.66,160,304.49,160,IBM
2025-11-25,9:38:06.203235877,T,303.66,160,304.26,40,IBM
2025-11-25,9:38:09.768307991,T,303.66,160,304.49,160,IBM
2025-11-25,9:38:09.768353128,T,303.66,160,304.15,40,IBM
2025-11-25,9:38:14.738460403,T,303.66,160,304.09,40,IBM
2025-11-25,9:38:14.771985212,T,303.66,160,304.15,40,IBM
2025-11-25,9:38:15.505621737,T,303.45,40,304.15,40,IBM
2025-11-25,9:38:15.505626762,T,303.52,160,304.15,40,IBM
2025-11-25,9:38:15.505656811,T,303.52,200,304.15,40,IBM
2025-11-25,9:38:15.677681332,T,303.52,200,304.35,40,IBM
2025-11-25,9:38:15.677701348,T,303.52,200,304.47,40,IBM
2025-11-25,9:38:17.191445195,T,303.52,200,304.16,40,IBM
2025-11-25,9:38:18.287790163,T,303.52,200,304.35,160,IBM
2025-11-25,9:38:20.429368590,T,303.56,40,304.35,160,IBM
2025-11-25,9:38:20.429518879,T,303.52,200,304.35,160,IBM
2025-11-25,9:38:20.437132061,T,303.56,40,304.35,160,IBM
2025-11-25,9:38:20.437142008,T,303.6,40,304.35,160,IBM
2025-11-25,9:38:20.470656893,T,303.56,40,304.35,160,IBM
2025-11-25,9:38:20.537225292,T,303.52,200,304.35,160,IBM
2025-11-25,9:38:23.796384449,T,303.52,200,304.0,120,IBM
2025-11-25,9:38:25.573665694,T,303.52,200,304.35,160,IBM
2025-11-25,9:38:25.573691028,T,303.6,40,304.35,160,IBM
2025-11-25,9:38:25.573725810,T,303.91,40,304.35,160,IBM
2025-11-25,9:38:25.573745894,T,303.6,40,304.35,160,IBM
2025-11-25,9:38:25.607215552,T,303.56,40,304.35,160,IBM
2025-11-25,9:38:25.607245660,T,303.52,200,304.35,160,IBM
2025-11-25,9:38:26.887353031,T,303.56,40,304.35,160,IBM
2025-11-25,9:38:27.312981212,T,303.56,40,304.35,200,IBM
2025-11-25,9:38:27.984244295,T,303.56,40,304.35,160,IBM
2025-11-25,9:38:29.004623457,T,303.56,40,304.35,200,IBM
2025-11-25,9:38:33.410773261,T,303.56,40,304.35,240,IBM
2025-11-25,9:38:35.032869942,T,303.56,40,304.34,40,IBM
2025-11-25,9:38:35.035370868,T,303.56,40,304.35,200,IBM
2025-11-25,9:38:35.047354370,T,303.56,40,304.28,40,IBM
2025-11-25,9:38:35.047690220,T,303.56,40,304.35,200,IBM
2025-11-25,9:38:35.746534022,T,303.52,200,304.35,200,IBM
2025-11-25,9:38:36.867482766,T,303.52,160,304.35,200,IBM
2025-11-25,9:38:41.324954614,T,303.52,160,304.28,40,IBM
2025-11-25,9:38:41.324989540,T,303.52,160,304.14,40,IBM
2025-11-25,9:38:41.325039645,T,303.52,160,304.05,40,IBM
2025-11-25,9:38:41.325671201,T,303.52,160,304.14,40,IBM
2025-11-25,9:38:41.325746358,T,303.52,160,304.28,40,IBM
2025-11-25,9:38:41.325936779,T,303.52,160,304.14,40,IBM
2025-11-25,9:38:41.333419635,T,303.52,160,304.08,40,IBM
2025-11-25,9:38:41.334261607,T,303.52,160,304.05,40,IBM
2025-11-25,9:38:41.421449185,T,303.52,160,304.2,40,IBM
2025-11-25,9:38:41.421624638,T,303.52,160,304.14,40,IBM
2025-11-25,9:38:41.422045608,T,303.52,160,304.2,40,IBM
2025-11-25,9:38:41.422055623,T,303.52,160,304.35,200,IBM
2025-11-25,9:38:41.422391454,T,303.52,160,304.35,160,IBM
2025-11-25,9:38:41.451044583,T,303.52,160,304.22,40,IBM
2025-11-25,9:38:41.920111268,T,303.52,160,304.14,40,IBM
2025-11-25,9:38:43.262487271,T,303.52,160,304.27,40,IBM
2025-11-25,9:38:43.849043699,T,303.52,200,304.27,40,IBM
2025-11-25,9:38:43.852080942,T,303.52,40,304.27,40,IBM
2025-11-25,9:38:43.852106057,T,303.42,40,304.27,40,IBM
2025-11-25,9:38:44.002423809,T,303.58,40,304.27,40,IBM
2025-11-25,9:38:44.656205257,T,303.58,40,304.14,40,IBM
2025-11-25,9:38:47.230087932,T,303.58,40,303.89,40,IBM
2025-11-25,9:38:47.230543938,T,303.58,40,304.05,40,IBM
2025-11-25,9:38:49.080703456,T,303.37,280,304.05,40,IBM
2025-11-25,9:38:50.536373976,T,303.37,280,303.88,40,IBM
2025-11-25,9:38:50.694325066,T,303.37,280,304.05,40,IBM
2025-11-25,9:38:50.694350136,T,303.59,40,304.05,40,IBM
2025-11-25,9:38:50.694370253,T,303.37,280,304.05,40,IBM
2025-11-25,9:38:50.694370253,T,303.59,40,304.05,40,IBM
2025-11-25,9:38:50.694375639,T,303.59,40,304.14,40,IBM
2025-11-25,9:38:50.694380199,T,303.68,40,304.14,40,IBM
2025-11-25,9:38:50.694430355,T,303.69,40,304.14,40,IBM
2025-11-25,9:38:50.694460477,T,303.69,40,304.19,160,IBM
2025-11-25,9:38:50.694801199,T,303.76,40,304.19,160,IBM
2025-11-25,9:38:50.695222218,T,303.69,40,304.19,160,IBM
2025-11-25,9:38:50.695242270,T,303.68,40,304.19,160,IBM
2025-11-25,9:38:50.698926097,T,303.69,80,304.19,160,IBM
2025-11-25,9:38:50.734616021,T,303.69,80,304.14,40,IBM
2025-11-25,9:38:50.754518457,T,303.68,40,304.14,40,IBM
2025-11-25,9:38:51.573187413,T,303.68,40,304.19,160,IBM
2025-11-25,9:38:51.573217821,T,303.7,40,304.19,160,IBM
2025-11-25,9:38:51.606737302,T,303.68,40,304.19,160,IBM
2025-11-25,9:38:51.687294076,T,303.68,40,303.97,40,IBM
2025-11-25,9:38:51.720583384,T,303.68,40,303.96,40,IBM
2025-11-25,9:38:51.876193816,T,303.7,40,303.96,40,IBM
2025-11-25,9:38:52.016968978,T,303.44,40,303.96,40,IBM
2025-11-25,9:38:52.342278405,T,303.37,280,303.96,40,IBM
2025-11-25,9:38:53.299096365,T,303.37,280,304.14,40,IBM
2025-11-25,9:38:53.331192808,T,303.44,40,304.14,40,IBM
2025-11-25,9:38:53.881833575,T,303.44,40,304.17,40,IBM
2025-11-25,9:38:53.881858708,T,303.59,40,304.17,40,IBM
2025-11-25,9:38:53.881863901,T,303.82,40,304.17,40,IBM
2025-11-25,9:38:53.911233591,T,303.82,40,304.09,40,IBM
2025-11-25,9:38:53.911258996,T,303.7,40,304.09,40,IBM
2025-11-25,9:38:54.003954385,T,303.7,40,304.08,40,IBM
2025-11-25,9:38:54.137808231,T,303.54,40,304.08,40,IBM
2025-11-25,9:38:58.558787980,T,303.54,40,304.06,40,IBM
2025-11-25,9:38:59.567324038,T,303.54,40,304.04,40,IBM
2025-11-25,9:39:00.221005184,T,303.54,40,304.03,40,IBM
2025-11-25,9:39:00.807757091,T,303.52,240,304.03,40,IBM
2025-11-25,9:39:00.807837307,T,303.59,40,304.03,40,IBM
2025-11-25,9:39:00.807857327,T,303.59,40,304.17,40,IBM
2025-11-25,9:39:00.808298405,T,303.52,240,304.17,40,IBM
2025-11-25,9:39:00.870170664,T,303.52,240,304.33,160,IBM
2025-11-25,9:39:01.388108718,T,303.52,240,304.22,40,IBM
2025-11-25,9:39:18.569858154,T,303.52,240,304.19,40,IBM
2025-11-25,9:39:19.334754206,T,303.52,240,304.19,80,IBM
2025-11-25,9:39:20.322059500,T,303.52,240,304.18,40,IBM
2025-11-25,9:39:20.322089598,T,303.52,240,304.01,40,IBM
2025-11-25,9:39:20.805665748,T,303.52,240,304.18,40,IBM
2025-11-25,9:39:20.899363764,T,303.52,240,304.0,40,IBM
2025-11-25,9:39:21.512844324,T,303.52,240,304.18,40,IBM
2025-11-25,9:39:21.535789018,T,303.54,40,304.18,40,IBM
2025-11-25,9:39:21.538735985,T,303.54,40,303.99,40,IBM
2025-11-25,9:39:22.084540404,T,303.54,40,303.98,40,IBM
2025-11-25,9:39:22.243293410,T,303.54,40,303.97,40,IBM
2025-11-25,9:39:22.508600043,T,303.52,240,303.97,40,IBM
2025-11-25,9:39:22.861836076,T,303.52,240,303.96,40,IBM
2025-11-25,9:39:23.269837285,T,303.52,240,303.95,40,IBM
2025-11-25,9:39:23.546365688,T,303.52,200,303.95,40,IBM
2025-11-25,9:39:23.638810745,T,303.52,200,303.94,40,IBM
2025-11-25,9:39:29.097526066,T,303.52,200,303.93,40,IBM
2025-11-25,9:39:29.175797418,T,303.52,200,303.92,40,IBM
2025-11-25,9:39:33.410849731,T,303.52,200,303.91,40,IBM
2025-11-25,9:39:40.350054978,T,303.44,40,303.91,40,IBM
2025-11-25,9:39:40.693763194,T,303.44,40,303.9,40,IBM
2025-11-25,9:39:40.694184231,T,303.44,40,303.9,80,IBM
2025-11-25,9:39:40.701311167,T,303.44,40,303.9,40,IBM
2025-11-25,9:39:40.720301438,T,303.44,40,303.9,80,IBM
2025-11-25,9:39:41.701311788,T,303.44,40,303.9,40,IBM
2025-11-25,9:39:43.395976202,T,303.44,40,303.9,80,IBM
2025-11-25,9:39:43.396001241,T,303.44,40,303.89,40,IBM
2025-11-25,9:39:43.396056335,T,303.44,40,303.89,80,IBM
2025-11-25,9:39:43.396241840,T,303.44,40,303.89,120,IBM
2025-11-25,9:39:43.396256874,T,303.39,200,303.89,120,IBM
2025-11-25,9:39:43.396372090,T,303.39,200,303.89,80,IBM
2025-11-25,9:39:43.396372090,T,303.39,200,303.89,120,IBM
2025-11-25,9:39:43.396382163,T,303.39,200,303.8,40,IBM
2025-11-25,9:39:43.396682906,T,303.39,200,303.89,80,IBM
2025-11-25,9:39:43.396868451,T,303.39,200,303.89,40,IBM
2025-11-25,9:39:43.396888341,T,303.44,40,303.89,40,IBM
2025-11-25,9:39:43.396893640,T,303.53,40,303.89,40,IBM
2025-11-25,9:39:43.396898375,T,303.66,40,303.89,40,IBM
2025-11-25,9:39:43.396908370,T,303.69,40,303.89,40,IBM
2025-11-25,9:39:43.397179045,T,303.69,80,303.89,40,IBM
2025-11-25,9:39:43.397199327,T,303.7,40,303.89,40,IBM
2025-11-25,9:39:43.397259392,T,303.75,40,303.89,40,IBM
2025-11-25,9:39:43.397299274,T,303.69,80,303.89,40,IBM
2025-11-25,9:39:43.397309517,T,303.69,40,303.89,40,IBM
2025-11-25,9:39:43.397309517,T,303.69,80,303.89,40,IBM
2025-11-25,9:39:43.397329368,T,303.69,40,303.89,40,IBM
2025-11-25,9:39:43.397364452,T,303.69,80,303.89,40,IBM
2025-11-25,9:39:43.397399504,T,303.69,40,303.89,40,IBM
2025-11-25,9:39:43.397404529,T,303.76,40,303.89,40,IBM
2025-11-25,9:39:43.397454673,T,303.76,80,303.89,40,IBM
2025-11-25,9:39:43.397469747,T,303.78,40,303.89,40,IBM
2025-11-25,9:39:43.397479689,T,303.76,40,303.89,40,IBM
2025-11-25,9:39:43.397745406,T,303.69,40,303.89,40,IBM
2025-11-25,9:39:43.397925906,T,303.7,40,303.89,40,IBM
2025-11-25,9:39:43.397925906,T,303.76,40,303.89,40,IBM
2025-11-25,9:39:43.397965920,T,303.7,40,303.89,40,IBM
2025-11-25,9:39:43.398041063,T,303.7,40,304.02,40,IBM
2025-11-25,9:39:43.398061170,T,303.76,40,304.02,40,IBM
2025-11-25,9:39:43.398076119,T,303.76,40,304.09,40,IBM
2025-11-25,9:39:43.398702618,T,303.76,40,304.14,40,IBM
2025-11-25,9:39:43.431590914,T,303.72,40,304.14,40,IBM
2025-11-25,9:39:43.435114396,T,303.7,40,304.14,40,IBM
2025-11-25,9:39:43.711206658,T,303.7,40,304.18,40,IBM
2025-11-25,9:39:44.486161551,T,303.7,40,304.04,80,IBM
2025-11-25,9:39:44.536015182,T,303.7,40,304.18,40,IBM
2025-11-25,9:39:44.751558327,T,303.54,40,304.18,40,IBM
2025-11-25,9:39:44.751578341,T,303.44,40,304.18,40,IBM
2025-11-25,9:39:48.066234460,T,303.44,40,304.14,40,IBM
2025-11-25,9:39:48.068615142,T,303.48,40,304.14,40,IBM
2025-11-25,9:39:48.070449482,T,303.48,40,304.18,40,IBM
2025-11-25,9:39:48.180491457,T,303.44,40,304.18,40,IBM
2025-11-25,9:39:50.615824088,T,303.44,40,304.13,40,IBM
2025-11-25,9:39:52.636354263,T,303.44,40,304.14,40,IBM
2025-11-25,9:39:52.636379284,T,303.44,40,304.18,40,IBM
2025-11-25,9:39:53.583980174,T,303.5,40,304.18,40,IBM
2025-11-25,9:39:55.251730689,T,303.76,40,304.18,40,IBM
2025-11-25,9:39:55.252257000,T,303.83,40,304.18,40,IBM
2025-11-25,9:39:55.252312100,T,303.84,40,304.18,40,IBM
2025-11-25,9:39:55.265543612,T,303.84,40,304.09,40,IBM
2025-11-25,9:39:56.964863900,T,303.83,40,304.09,40,IBM
2025-11-25,9:39:56.984275045,T,303.86,40,304.09,40,IBM
2025-11-25,9:39:57.019634258,T,303.83,40,304.09,40,IBM
2025-11-25,9:39:57.606686972,T,303.54,40,304.09,40,IBM
2025-11-25,9:39:58.016507518,T,303.86,40,304.09,40,IBM
2025-11-25,9:39:59.832445516,T,303.54,40,304.09,40,IBM
2025-11-25,9:39:59.832525937,T,303.54,40,303.97,40,IBM
2025-11-25,9:39:59.832666268,T,303.5,40,303.97,40,IBM
2025-11-25,9:39:59.832671079,T,303.44,40,303.97,40,IBM
2025-11-25,9:39:59.833222428,T,303.44,40,303.92,40,IBM
2025-11-25,9:39:59.841928104,T,303.44,40,303.97,40,IBM
2025-11-25,9:39:59.843752478,T,303.44,40,304.14,40,IBM
2025-11-25,9:39:59.864767497,T,303.44,40,303.92,40,IBM
2025-11-25,9:39:59.866045596,T,303.44,40,304.09,40,IBM
2025-11-25,9:40:00.031594686,T,303.44,40,303.92,80,IBM
2025-11-25,9:40:00.083924176,T,303.44,40,304.09,40,IBM
2025-11-25,9:40:00.141596509,T,303.44,40,304.15,40,IBM
2025-11-25,9:40:00.169768641,T,303.44,40,304.09,40,IBM
2025-11-25,9:40:00.402848522,T,303.44,40,304.08,160,IBM
2025-11-25,9:40:02.069411106,T,303.44,40,304.03,40,IBM
2025-11-25,9:40:05.261976374,T,303.4,40,304.03,40,IBM
2025-11-25,9:40:05.262006425,T,303.39,200,304.03,40,IBM
2025-11-25,9:40:05.863117525,T,303.39,200,303.88,80,IBM
2025-11-25,9:40:05.863538568,T,303.39,200,303.88,120,IBM
2025-11-25,9:40:05.863969560,T,303.39,160,303.88,120,IBM
2025-11-25,9:40:05.936617543,T,303.39,160,303.88,40,IBM
2025-11-25,9:40:09.008741333,T,303.39,160,304.03,40,IBM
2025-11-25,9:40:12.075271672,T,303.39,200,304.03,40,IBM
2025-11-25,9:40:18.118002600,T,303.39,160,304.03,40,IBM
2025-11-25,9:40:19.401478274,T,303.67,40,304.03,40,IBM
2025-11-25,9:40:21.462304363,T,303.67,40,303.87,40,IBM
2025-11-25,9:40:21.462369537,T,303.4,40,303.87,40,IBM
2025-11-25,9:40:21.462369537,T,303.39,200,303.87,40,IBM
2025-11-25,9:40:21.462379748,T,303.39,200,303.86,40,IBM
2025-11-25,9:40:21.462405294,T,303.39,200,303.83,40,IBM
2025-11-25,9:40:21.463286807,T,303.39,200,303.75,40,IBM
2025-11-25,9:40:21.463336818,T,303.39,200,303.67,40,IBM
2025-11-25,9:40:21.465131197,T,303.39,200,303.75,120,IBM
2025-11-25,9:40:21.465502022,T,303.39,200,303.67,40,IBM
2025-11-25,9:40:21.466233749,T,303.39,40,303.67,40,IBM
2025-11-25,9:40:21.466258799,T,303.37,120,303.67,40,IBM
2025-11-25,9:40:21.471586479,T,303.58,40,303.67,40,IBM
2025-11-25,9:40:21.476658647,T,303.58,40,303.67,80,IBM
2025-11-25,9:40:21.527369267,T,303.58,40,303.67,40,IBM
2025-11-25,9:40:21.527369267,T,303.58,40,303.75,80,IBM
2025-11-25,9:40:21.527394395,T,303.67,40,303.75,80,IBM
2025-11-25,9:40:21.527815391,T,303.67,40,303.75,120,IBM
2025-11-25,9:40:21.528426882,T,303.5,40,303.75,120,IBM
2025-11-25,9:40:21.528446891,T,303.38,40,303.75,120,IBM
2025-11-25,9:40:21.528993380,T,303.58,40,303.75,120,IBM
2025-11-25,9:40:21.529434255,T,303.58,40,303.75,40,IBM
2025-11-25,9:40:21.555055196,T,303.58,80,303.75,40,IBM
2025-11-25,9:40:21.555075274,T,303.59,40,303.75,40,IBM
2025-11-25,9:40:21.588569962,T,303.58,40,303.75,40,IBM
2025-11-25,9:40:21.924259258,T,303.38,40,303.75,40,IBM
2025-11-25,9:40:24.819446855,T,303.38,40,303.95,160,IBM
2025-11-25,9:40:25.044893525,T,303.38,40,303.88,40,IBM
2025-11-25,9:40:25.094090691,T,303.37,120,303.88,40,IBM
2025-11-25,9:40:25.794257714,T,303.37,120,303.73,80,IBM
2025-11-25,9:40:25.794678725,T,303.37,120,303.73,120,IBM
2025-11-25,9:40:25.976205938,T,303.37,120,303.73,40,IBM
2025-11-25,9:40:26.020927353,T,303.58,40,303.73,40,IBM
2025-11-25,9:40:26.021348395,T,303.58,40,303.88,40,IBM
2025-11-25,9:40:26.971801057,T,303.37,120,303.88,40,IBM
2025-11-25,9:40:28.055415716,T,303.37,120,303.73,40,IBM
2025-11-25,9:40:28.055766728,T,303.37,120,303.88,40,IBM
2025-11-25,9:40:28.055926949,T,303.37,120,303.73,40,IBM
2025-11-25,9:40:28.056327873,T,303.38,40,303.73,40,IBM
2025-11-25,9:40:28.059254909,T,303.38,40,303.88,40,IBM
2025-11-25,9:40:28.287332931,T,303.37,120,303.88,40,IBM
2025-11-25,9:40:28.287373039,T,303.37,120,303.73,40,IBM
2025-11-25,9:40:28.321584404,T,303.37,120,303.95,160,IBM
2025-11-25,9:40:30.584822651,T,303.37,120,303.62,40,IBM
2025-11-25,9:40:30.585263667,T,303.37,120,303.62,80,IBM
2025-11-25,9:40:30.589007582,T,303.37,120,303.62,40,IBM
2025-11-25,9:40:32.364890545,T,303.37,120,303.82,160,IBM
2025-11-25,9:40:34.423065421,T,303.37,120,303.82,120,IBM
2025-11-25,9:40:34.423140620,T,303.38,40,303.82,120,IBM
2025-11-25,9:40:34.423250931,T,303.49,40,303.82,120,IBM
2025-11-25,9:40:34.423250931,T,303.5,40,303.82,120,IBM
2025-11-25,9:40:34.423546597,T,303.56,40,303.82,120,IBM
2025-11-25,9:40:34.424022734,T,303.5,40,303.82,120,IBM
2025-11-25,9:40:34.427390770,T,303.39,40,303.82,120,IBM
2025-11-25,9:40:34.427410778,T,303.38,40,303.82,120,IBM
2025-11-25,9:40:34.427606526,T,303.39,40,303.82,120,IBM
2025-11-25,9:40:34.427636316,T,303.5,40,303.82,120,IBM
2025-11-25,9:40:34.443664573,T,303.5,80,303.82,120,IBM
2025-11-25,9:40:34.982933369,T,303.5,40,303.82,120,IBM
2025-11-25,9:40:39.875175512,T,303.5,80,303.82,120,IBM
2025-11-25,9:40:39.879390497,T,303.5,40,303.82,120,IBM
2025-11-25,9:40:41.079041303,T,303.5,40,303.69,80,IBM
2025-11-25,9:40:41.079251789,T,303.38,40,303.69,80,IBM
2025-11-25,9:40:41.318636726,T,303.38,40,303.82,120,IBM
2025-11-25,9:40:45.330337445,T,303.38,40,303.66,80,IBM
2025-11-25,9:40:45.834858480,T,303.38,40,303.82,120,IBM
2025-11-25,9:40:46.549550109,T,303.38,40,303.9,40,IBM
2025-11-25,9:40:48.246154010,T,303.5,40,303.9,40,IBM
2025-11-25,9:40:48.246199149,T,303.38,40,303.9,40,IBM
2025-11-25,9:40:48.246219301,T,303.5,40,303.9,40,IBM
2025-11-25,9:40:48.246234233,T,303.51,40,303.9,40,IBM
2025-11-25,9:40:48.246444691,T,303.51,80,303.9,40,IBM
2025-11-25,9:40:48.246870797,T,303.59,40,303.9,40,IBM
2025-11-25,9:40:48.251085835,T,303.58,40,303.9,40,IBM
2025-11-25,9:40:48.251100809,T,303.51,80,303.9,40,IBM
2025-11-25,9:40:48.256308230,T,303.51,40,303.9,40,IBM
2025-11-25,9:40:48.256513733,T,303.37,120,303.9,40,IBM
2025-11-25,9:40:48.259450679,T,303.51,40,303.9,40,IBM
2025-11-25,9:40:48.259666168,T,303.51,80,303.9,40,IBM
2025-11-25,9:40:48.561570062,T,303.51,40,303.9,40,IBM
2025-11-25,9:40:48.561605341,T,303.51,40,303.88,40,IBM
2025-11-25,9:40:48.561610023,T,303.51,40,303.72,40,IBM
2025-11-25,9:40:48.561815482,T,303.51,240,303.72,40,IBM
2025-11-25,9:40:48.561855604,T,303.51,320,303.72,40,IBM
2025-11-25,9:40:48.561880611,T,303.51,360,303.72,40,IBM
2025-11-25,9:40:48.561885916,T,303.51,280,303.72,40,IBM
2025-11-25,9:40:48.561885916,T,303.51,80,303.72,40,IBM
2025-11-25,9:40:48.561895656,T,303.52,40,303.72,40,IBM
2025-11-25,9:40:48.561920804,T,303.52,400,303.72,40,IBM
2025-11-25,9:40:48.561930891,T,303.57,40,303.72,40,IBM
2025-11-25,9:40:48.561935812,T,303.57,40,303.9,40,IBM
2025-11-25,9:40:48.561955788,T,303.62,360,303.9,40,IBM
2025-11-25,9:40:48.561960878,T,303.62,400,303.9,40,IBM
2025-11-25,9:40:48.561985972,T,303.62,600,303.9,40,IBM
2025-11-25,9:40:48.562025990,T,303.62,720,303.9,40,IBM
2025-11-25,9:40:48.562061054,T,303.62,800,303.9,40,IBM
2025-11-25,9:40:48.562066163,T,303.62,840,303.9,40,IBM
2025-11-25,9:40:48.562091197,T,303.62,880,303.9,40,IBM
2025-11-25,9:40:48.562341800,T,303.62,920,303.9,40,IBM
2025-11-25,9:40:48.599861085,T,303.62,920,303.71,40,IBM
2025-11-25,9:40:48.647344514,T,303.62,880,303.71,40,IBM
2025-11-25,9:40:48.647344514,T,303.62,760,303.71,40,IBM
2025-11-25,9:40:48.647364359,T,303.62,560,303.71,40,IBM
2025-11-25,9:40:48.647364359,T,303.62,480,303.71,40,IBM
2025-11-25,9:40:48.647369393,T,303.62,280,303.71,40,IBM
2025-11-25,9:40:48.647369393,T,303.62,200,303.71,40,IBM
2025-11-25,9:40:48.647369393,T,303.62,160,303.71,40,IBM
2025-11-25,9:40:48.647369393,T,303.62,80,303.71,40,IBM
2025-11-25,9:40:48.647374213,T,303.62,40,303.71,40,IBM
2025-11-25,9:40:48.647374213,T,303.37,120,303.71,40,IBM
2025-11-25,9:40:48.647374213,T,303.37,80,303.71,40,IBM
2025-11-25,9:40:48.647785193,T,303.37,80,303.9,40,IBM
2025-11-25,9:40:48.647825218,T,303.37,80,303.74,40,IBM
2025-11-25,9:40:48.648521895,T,303.37,80,303.77,40,IBM
2025-11-25,9:40:48.648546940,T,303.37,80,303.9,40,IBM
2025-11-25,9:40:50.085422744,T,303.37,80,303.66,40,IBM
2025-11-25,9:40:50.086189629,T,303.37,80,303.73,40,IBM
2025-11-25,9:40:50.086189629,T,303.37,80,303.58,40,IBM
2025-11-25,9:40:50.086540517,T,303.37,80,303.66,40,IBM
2025-11-25,9:40:50.090229239,T,303.37,120,303.66,40,IBM
2025-11-25,9:40:50.090279379,T,303.37,120,303.68,40,IBM
2025-11-25,9:40:50.090299460,T,303.37,120,303.88,40,IBM
2025-11-25,9:40:50.090304439,T,303.37,120,303.9,40,IBM
2025-11-25,9:40:50.090595103,T,303.37,160,303.9,40,IBM
2025-11-25,9:40:50.096444061,T,303.37,160,303.54,40,IBM
2025-11-25,9:40:50.099366054,T,303.37,160,303.88,40,IBM
2025-11-25,9:40:50.105996807,T,303.37,120,303.88,40,IBM
2025-11-25,9:40:50.105996807,T,303.37,80,303.88,40,IBM
2025-11-25,9:40:50.167508226,T,303.37,80,303.86,40,IBM
2025-11-25,9:40:54.740610117,T,303.37,80,303.75,40,IBM
2025-11-25,9:40:54.782063818,T,303.09,160,303.75,40,IBM
2025-11-25,9:40:54.782088897,T,303.09,160,303.54,40,IBM
2025-11-25,9:40:54.782093833,T,303.09,160,303.39,80,IBM
2025-11-25,9:40:54.782309444,T,303.09,160,303.53,40,IBM
2025-11-25,9:40:54.782329450,T,303.09,160,303.54,40,IBM
2025-11-25,9:40:54.782364573,T,303.09,160,303.53,40,IBM
2025-11-25,9:40:54.786444302,T,303.09,160,303.53,80,IBM
2025-11-25,9:40:57.117859517,T,303.09,160,303.53,40,IBM
2025-11-25,9:40:59.552675910,T,303.09,160,303.5,80,IBM
2025-11-25,9:40:59.553101989,T,303.09,160,303.5,120,IBM
2025-11-25,9:40:59.588170458,T,303.09,160,303.5,160,IBM
2025-11-25,9:40:59.588255658,T,303.09,160,303.43,40,IBM
2025-11-25,9:40:59.588681645,T,303.09,160,303.5,160,IBM
2025-11-25,9:40:59.588686715,T,303.09,160,303.31,40,IBM
2025-11-25,9:40:59.589197879,T,303.09,160,303.31,80,IBM
2025-11-25,9:40:59.596720832,T,303.0,40,303.31,80,IBM
2025-11-25,9:40:59.597778348,T,303.0,40,303.31,40,IBM
2025-11-25,9:40:59.857747238,T,303.0,40,303.5,80,IBM
2025-11-25,9:41:00.656514078,T,303.0,40,303.23,40,IBM
2025-11-25,9:41:00.656940145,T,303.0,40,303.23,80,IBM
2025-11-25,9:41:00.659305775,T,303.0,40,303.23,40,IBM
2025-11-25,9:41:01.255615405,T,303.0,40,303.5,80,IBM
2025-11-25,9:41:01.283336276,T,303.01,40,303.5,80,IBM
2025-11-25,9:41:01.283381444,T,303.11,40,303.5,80,IBM
2025-11-25,9:41:01.284042970,T,303.14,40,303.5,80,IBM
2025-11-25,9:41:01.284042970,T,303.11,40,303.5,80,IBM
2025-11-25,9:41:01.284048039,T,303.14,40,303.5,80,IBM
2025-11-25,9:41:01.284093122,T,303.11,40,303.5,80,IBM
2025-11-25,9:41:01.284123134,T,303.01,40,303.5,80,IBM
2025-11-25,9:41:01.284128190,T,303.01,40,303.5,200,IBM
2025-11-25,9:41:01.284143278,T,303.01,40,303.25,80,IBM
2025-11-25,9:41:01.284288562,T,303.01,40,303.49,40,IBM
2025-11-25,9:41:01.284378827,T,303.0,80,303.49,40,IBM
2025-11-25,9:41:01.284383743,T,303.0,40,303.49,40,IBM
2025-11-25,9:41:01.284383743,T,303.0,40,303.5,120,IBM
2025-11-25,9:41:01.284393856,T,303.0,40,303.5,80,IBM
2025-11-25,9:41:01.295254780,T,303.0,40,303.5,120,IBM
2025-11-25,9:41:01.383750335,T,303.0,40,303.5,80,IBM
2025-11-25,9:41:01.384873062,T,303.0,40,303.63,40,IBM
2025-11-25,9:41:01.602967253,T,303.0,40,303.5,40,IBM
2025-11-25,9:41:01.602987292,T,303.0,40,303.53,40,IBM
2025-11-25,9:41:01.604034824,T,303.0,40,303.72,40,IBM
2025-11-25,9:41:03.238209997,T,303.0,40,303.65,160,IBM
2025-11-25,9:41:06.365214450,T,303.0,40,303.39,40,IBM
2025-11-25,9:41:06.581108380,T,303.0,40,303.65,160,IBM
2025-11-25,9:41:06.599161417,T,303.0,40,303.38,40,IBM
2025-11-25,9:41:06.677432681,T,303.0,40,303.65,160,IBM
2025-11-25,9:41:06.713884405,T,303.0,80,303.65,160,IBM
2025-11-25,9:41:06.713894508,T,303.16,40,303.65,160,IBM
2025-11-25,9:41:06.718951593,T,303.01,40,303.65,160,IBM
2025-11-25,9:41:06.737921729,T,303.16,40,303.65,160,IBM
2025-11-25,9:41:06.737931731,T,303.19,40,303.65,160,IBM
2025-11-25,9:41:06.747409290,T,303.16,40,303.65,160,IBM
2025-11-25,9:41:06.754841995,T,303.01,40,303.65,160,IBM
2025-11-25,9:41:06.774704262,T,303.0,80,303.65,160,IBM
2025-11-25,9:41:06.785474836,T,303.0,40,303.65,160,IBM
2025-11-25,9:41:08.699080649,T,303.0,80,303.65,160,IBM
2025-11-25,9:41:08.699085629,T,303.24,40,303.65,160,IBM
2025-11-25,9:41:08.699130738,T,303.02,40,303.65,160,IBM
2025-11-25,9:41:08.699175811,T,303.24,40,303.65,160,IBM
2025-11-25,9:41:08.699296162,T,303.24,80,303.65,160,IBM
2025-11-25,9:41:08.704242956,T,303.24,40,303.65,160,IBM
2025-11-25,9:41:08.706057393,T,303.3,40,303.65,160,IBM
2025-11-25,9:41:08.706092336,T,303.24,40,303.65,160,IBM
2025-11-25,9:41:08.706092336,T,303.31,40,303.65,160,IBM
2025-11-25,9:41:08.707630947,T,303.31,40,303.81,40,IBM
2025-11-25,9:41:08.707641053,T,303.31,40,303.81,200,IBM
2025-11-25,9:41:08.708212392,T,303.24,80,303.81,200,IBM
2025-11-25,9:41:08.708237435,T,303.24,40,303.81,200,IBM
2025-11-25,9:41:08.709299945,T,303.04,40,303.81,200,IBM
2025-11-25,9:41:08.742844763,T,303.02,40,303.81,200,IBM
2025-11-25,9:41:08.742869904,T,303.0,80,303.81,200,IBM
2025-11-25,9:41:08.799329306,T,303.0,40,303.81,200,IBM
2025-11-25,9:41:09.531833112,T,303.0,80,303.81,200,IBM
2025-11-25,9:41:09.534960461,T,303.01,40,303.81,200,IBM
2025-11-25,9:41:09.536048103,T,303.0,80,303.81,200,IBM
2025-11-25,9:41:09.594126381,T,303.0,80,303.73,40,IBM
2025-11-25,9:41:09.699908213,T,303.0,40,303.73,40,IBM
2025-11-25,9:41:11.254950225,T,303.0,40,303.73,80,IBM
2025-11-25,9:41:12.270237360,T,303.0,40,303.73,40,IBM
2025-11-25,9:41:19.733404471,T,303.0,40,303.55,40,IBM
2025-11-25,9:41:19.760488858,T,303.0,40,303.55,80,IBM
2025-11-25,9:41:19.760554009,T,303.0,40,303.54,40,IBM
2025-11-25,9:41:20.003021272,T,303.0,40,303.53,40,IBM
2025-11-25,9:41:20.073388822,T,303.0,40,303.55,40,IBM
2025-11-25,9:41:22.296020366,T,303.0,40,303.42,40,IBM
2025-11-25,9:41:22.327750930,T,303.0,40,303.67,80,IBM
2025-11-25,9:41:25.623827769,T,303.0,40,303.81,200,IBM
2025-11-25,9:41:31.407341405,T,303.04,40,303.81,200,IBM
2025-11-25,9:41:33.589065370,T,303.04,40,303.39,80,IBM
2025-11-25,9:41:33.589491383,T,303.04,40,303.39,120,IBM
2025-11-25,9:41:34.573168164,T,303.04,40,303.39,40,IBM
2025-11-25,9:41:34.573589141,T,303.04,40,303.81,200,IBM
2025-11-25,9:41:34.575744314,T,303.04,40,303.4,40,IBM
2025-11-25,9:41:34.685044529,T,303.04,40,303.4,80,IBM
2025-11-25,9:41:35.159058051,T,303.04,40,303.4,40,IBM
2025-11-25,9:41:38.568459502,T,303.04,40,303.39,80,IBM
2025-11-25,9:41:41.406721346,T,303.0,40,303.39,80,IBM
2025-11-25,9:41:41.809269843,T,303.0,80,303.39,80,IBM
2025-11-25,9:41:41.809299766,T,303.0,40,303.39,80,IBM
2025-11-25,9:41:41.809314761,T,303.0,80,303.39,80,IBM
2025-11-25,9:41:41.985028160,T,303.0,40,303.39,80,IBM
2025-11-25,9:41:41.985258677,T,303.0,40,303.39,120,IBM
2025-11-25,9:41:43.763647688,T,303.0,40,303.39,40,IBM
2025-11-25,9:41:43.764068622,T,303.0,40,303.81,200,IBM
2025-11-25,9:41:44.229100668,T,303.0,40,303.37,40,IBM
2025-11-25,9:41:44.229521753,T,303.0,40,303.37,80,IBM
2025-11-25,9:41:44.403415776,T,303.0,40,303.37,40,IBM
2025-11-25,9:41:44.403641153,T,303.0,40,303.81,200,IBM
2025-11-25,9:41:44.541223677,T,303.0,40,303.37,40,IBM
2025-11-25,9:41:44.858829773,T,303.0,40,303.35,40,IBM
2025-11-25,9:41:44.945070145,T,303.0,40,303.35,80,IBM
2025-11-25,9:41:45.161936293,T,303.0,40,303.35,40,IBM
2025-11-25,9:41:45.354730327,T,303.0,40,303.34,40,IBM
2025-11-25,9:41:45.355156270,T,303.0,40,303.34,80,IBM
2025-11-25,9:41:47.140762333,T,303.0,40,303.34,40,IBM
2025-11-25,9:41:48.048362919,T,303.0,40,303.33,80,IBM
2025-11-25,9:41:48.048844089,T,303.0,40,303.33,120,IBM
2025-11-25,9:41:48.048874110,T,303.0,40,303.32,40,IBM
2025-11-25,9:41:48.134513034,T,303.0,40,303.32,80,IBM
2025-11-25,9:41:48.198174522,T,303.0,40,303.32,40,IBM
2025-11-25,9:41:48.709877735,T,303.0,40,303.31,40,IBM
2025-11-25,9:41:49.033247535,T,303.0,40,303.3,40,IBM
2025-11-25,9:41:49.610551925,T,303.0,40,303.29,40,IBM
2025-11-25,9:41:49.610591946,T,303.0,40,303.44,40,IBM
2025-11-25,9:41:49.683565759,T,303.13,40,303.44,40,IBM
2025-11-25,9:41:49.716975356,T,303.0,80,303.44,40,IBM
2025-11-25,9:41:49.717010402,T,303.0,40,303.44,40,IBM
2025-11-25,9:41:49.752495101,T,303.13,40,303.44,40,IBM
2025-11-25,9:41:49.752499851,T,303.14,40,303.44,40,IBM
2025-11-25,9:41:49.752519849,T,303.23,40,303.44,40,IBM
2025-11-25,9:41:49.773815611,T,303.23,80,303.44,40,IBM
2025-11-25,9:41:49.786029621,T,303.23,40,303.44,40,IBM
2025-11-25,9:41:49.803591450,T,303.23,80,303.44,40,IBM
2025-11-25,9:41:49.807841565,T,303.23,40,303.44,40,IBM
2025-11-25,9:41:49.891460675,T,303.23,40,303.43,40,IBM
2025-11-25,9:41:49.891580957,T,303.23,40,303.43,80,IBM
2025-11-25,9:41:49.892498109,T,303.23,40,303.43,40,IBM
2025-11-25,9:41:49.892899041,T,303.23,40,303.44,40,IBM
2025-11-25,9:41:49.969726973,T,303.23,40,303.43,40,IBM
2025-11-25,9:41:49.970042755,T,303.23,40,303.43,80,IBM
2025-11-25,9:41:49.972002457,T,303.23,40,303.43,40,IBM
2025-11-25,9:41:50.049707344,T,303.23,40,303.44,40,IBM
2025-11-25,9:41:50.283669339,T,303.23,40,303.43,40,IBM
2025-11-25,9:41:51.933326647,T,303.23,40,303.42,40,IBM
2025-11-25,9:41:52.363440691,T,303.23,40,303.48,40,IBM
2025-11-25,9:41:52.676681421,T,303.23,40,303.42,80,IBM
2025-11-25,9:41:53.193391617,T,303.23,40,303.48,40,IBM
2025-11-25,9:41:54.035897656,T,303.23,40,303.41,40,IBM
2025-11-25,9:41:54.037240581,T,303.23,40,303.48,40,IBM
2025-11-25,9:41:54.112394500,T,303.23,40,303.41,40,IBM
2025-11-25,9:41:54.183829535,T,303.23,40,303.48,40,IBM
2025-11-25,9:41:54.183849639,T,303.0,80,303.48,40,IBM
2025-11-25,9:41:54.183879700,T,303.0,40,303.48,40,IBM
2025-11-25,9:41:54.213861064,T,303.13,40,303.48,40,IBM
2025-11-25,9:41:54.213916296,T,303.24,40,303.48,40,IBM
2025-11-25,9:41:54.213941333,T,303.26,40,303.48,40,IBM
2025-11-25,9:41:54.213956262,T,303.32,40,303.48,40,IBM
2025-11-25,9:41:54.214442414,T,303.26,40,303.48,40,IBM
2025-11-25,9:41:54.218943202,T,303.26,40,303.66,160,IBM
2025-11-25,9:41:54.247491129,T,303.24,40,303.66,160,IBM
2025-11-25,9:41:54.247521277,T,303.01,40,303.66,160,IBM
2025-11-25,9:41:54.247676536,T,303.26,40,303.66,160,IBM
2025-11-25,9:41:54.248804256,T,303.26,40,303.49,40,IBM
2025-11-25,9:41:54.402615459,T,303.0,80,303.49,40,IBM
2025-11-25,9:41:54.402640490,T,303.0,40,303.49,40,IBM
2025-11-25,9:41:57.188853639,T,303.0,40,303.49,120,IBM
2025-11-25,9:41:59.195921633,T,303.0,40,303.49,80,IBM
2025-11-25,9:42:00.802546584,T,303.0,40,303.58,40,IBM
2025-11-25,9:42:02.854251306,T,303.0,40,303.44,40,IBM
2025-11-25,9:42:02.854451423,T,303.0,40,303.44,80,IBM
2025-11-25,9:42:02.855138060,T,303.0,80,303.44,80,IBM
2025-11-25,9:42:02.855173237,T,303.01,40,303.44,80,IBM
2025-11-25,9:42:02.855178242,T,303.03,40,303.44,80,IBM
2025-11-25,9:42:02.858661446,T,303.03,40,303.44,40,IBM
2025-11-25,9:42:02.876869805,T,303.03,40,303.39,40,IBM
2025-11-25,9:42:04.808408637,T,303.03,40,303.38,40,IBM
2025-11-25,9:42:04.808448545,T,303.01,40,303.38,40,IBM
2025-11-25,9:42:04.808483719,T,303.0,80,303.38,40,IBM
2025-11-25,9:42:04.808834530,T,303.0,80,303.38,80,IBM
2025-11-25,9:42:04.809771710,T,303.0,80,303.38,160,IBM
2025-11-25,9:42:04.928985552,T,303.0,80,303.38,120,IBM
2025-11-25,9:42:04.929451635,T,303.0,80,303.37,40,IBM
2025-11-25,9:42:05.099777188,T,303.0,40,303.37,40,IBM
2025-11-25,9:42:05.100198162,T,303.0,40,303.37,80,IBM
2025-11-25,9:42:05.100273346,T,303.0,40,303.37,40,IBM
2025-11-25,9:42:05.101015055,T,303.0,40,303.35,40,IBM
2025-11-25,9:42:05.543287946,T,303.0,40,303.23,40,IBM
2025-11-25,9:42:05.543714000,T,303.0,40,303.23,80,IBM
2025-11-25,9:42:05.562523807,T,303.0,40,303.22,40,IBM
2025-11-25,9:42:05.562734239,T,303.0,40,303.22,80,IBM
2025-11-25,9:42:05.563039942,T,303.0,40,303.22,120,IBM
2025-11-25,9:42:05.573204156,T,303.0,40,303.22,80,IBM
2025-11-25,9:42:05.573219248,T,303.0,40,303.22,40,IBM
2025-11-25,9:42:05.596048550,T,303.0,40,303.38,120,IBM
2025-11-25,9:42:05.605846823,T,303.0,40,303.38,80,IBM
2025-11-25,9:42:06.148578878,T,303.0,40,303.33,40,IBM
2025-11-25,9:42:06.148794474,T,303.0,40,303.33,80,IBM
2025-11-25,9:42:06.148999939,T,303.0,40,303.33,120,IBM
2025-11-25,9:42:06.475472149,T,303.0,40,303.33,80,IBM
2025-11-25,9:42:06.475482163,T,303.0,40,303.33,40,IBM
2025-11-25,9:42:09.509495174,T,303.0,40,303.25,40,IBM
2025-11-25,9:42:09.509921253,T,303.0,40,303.25,80,IBM
2025-11-25,9:42:10.833046123,T,303.0,40,303.25,40,IBM
2025-11-25,9:42:15.506552579,T,303.0,40,303.12,40,IBM
2025-11-25,9:42:15.506557531,T,302.68,200,303.12,40,IBM
2025-11-25,9:42:15.506617503,T,302.68,200,303.12,80,IBM
2025-11-25,9:42:15.506767863,T,302.68,200,303.12,120,IBM
2025-11-25,9:42:15.506777928,T,302.68,200,303.12,160,IBM
2025-11-25,9:42:15.506978426,T,302.68,200,303.12,200,IBM
2025-11-25,9:42:15.507619865,T,302.68,200,303.06,40,IBM
2025-11-25,9:42:15.507669995,T,302.68,200,303.0,40,IBM
2025-11-25,9:42:15.507945691,T,302.52,40,303.0,40,IBM
2025-11-25,9:42:15.507955745,T,302.53,160,303.0,40,IBM
2025-11-25,9:42:15.507990834,T,302.53,200,303.0,40,IBM
2025-11-25,9:42:15.508481987,T,302.53,160,303.0,40,IBM
2025-11-25,9:42:15.526905796,T,302.53,160,303.0,80,IBM
2025-11-25,9:42:15.604290048,T,302.52,40,303.0,80,IBM
2025-11-25,9:42:15.604480481,T,302.52,40,302.9,40,IBM
2025-11-25,9:42:15.605688338,T,302.52,40,302.9,80,IBM
2025-11-25,9:42:15.606389989,T,302.52,40,302.9,40,IBM
2025-11-25,9:42:15.619175405,T,302.52,40,303.0,40,IBM
2025-11-25,9:42:15.654349247,T,302.5,40,303.0,40,IBM
2025-11-25,9:42:15.711740821,T,302.52,40,303.0,40,IBM
2025-11-25,9:42:15.780093561,T,302.52,40,303.12,40,IBM
2025-11-25,9:42:16.237427206,T,302.52,40,302.97,80,IBM
2025-11-25,9:42:16.338457718,T,302.52,40,302.88,40,IBM
2025-11-25,9:42:16.828233879,T,302.52,40,302.97,80,IBM
2025-11-25,9:42:17.035281753,T,302.5,40,302.97,80,IBM
2025-11-25,9:42:17.056622611,T,302.52,40,302.97,80,IBM
2025-11-25,9:42:18.024136030,T,302.5,40,302.97,80,IBM
2025-11-25,9:42:18.134478703,T,302.52,40,302.97,80,IBM
2025-11-25,9:42:18.827919667,T,302.52,40,302.87,80,IBM
2025-11-25,9:42:19.012990251,T,302.5,40,302.87,80,IBM
2025-11-25,9:42:19.158541775,T,302.52,40,302.87,80,IBM
2025-11-25,9:42:20.001844319,T,302.5,40,302.87,80,IBM
2025-11-25,9:42:20.013722593,T,302.52,40,302.87,80,IBM
2025-11-25,9:42:20.990698439,T,302.5,40,302.87,80,IBM
2025-11-25,9:42:21.012816016,T,302.52,40,302.87,80,IBM
2025-11-25,9:42:21.722791248,T,302.5,40,302.87,80,IBM
2025-11-25,9:42:21.722816351,T,302.37,160,302.87,80,IBM
2025-11-25,9:42:21.722851327,T,302.5,40,302.87,80,IBM
2025-11-25,9:42:21.979552461,T,302.37,200,302.87,80,IBM
2025-11-25,9:42:22.067271333,T,302.5,40,302.87,80,IBM
2025-11-25,9:42:22.898309643,T,302.37,200,302.87,80,IBM
2025-11-25,9:42:22.898334798,T,302.37,200,302.8,40,IBM
2025-11-25,9:42:22.899256897,T,302.37,200,302.8,120,IBM
2025-11-25,9:42:22.911225403,T,302.37,200,302.8,80,IBM
2025-11-25,9:42:23.432992572,T,302.37,160,302.8,80,IBM
2025-11-25,9:42:23.433258474,T,302.37,160,302.78,40,IBM
2025-11-25,9:42:23.433884768,T,302.37,160,302.72,40,IBM
2025-11-25,9:42:23.433914796,T,302.37,160,302.7,40,IBM
2025-11-25,9:42:23.434120246,T,302.35,40,302.7,40,IBM
2025-11-25,9:42:23.434145355,T,302.22,160,302.7,40,IBM
2025-11-25,9:42:23.434175808,T,302.22,200,302.7,40,IBM
2025-11-25,9:42:23.434380895,T,302.22,200,302.7,80,IBM
2025-11-25,9:42:23.434446184,T,302.22,160,302.7,80,IBM
2025-11-25,9:42:23.435117681,T,302.22,160,302.7,40,IBM
2025-11-25,9:42:23.435949644,T,302.22,160,302.72,40,IBM
2025-11-25,9:42:23.443522704,T,302.22,160,302.78,40,IBM
2025-11-25,9:42:23.444094009,T,302.22,160,302.64,80,IBM
2025-11-25,9:42:23.447351759,T,302.22,160,302.64,40,IBM
2025-11-25,9:42:23.447376836,T,302.22,200,302.64,40,IBM
2025-11-25,9:42:23.448820273,T,302.5,40,302.64,40,IBM
2025-11-25,9:42:23.456769152,T,302.22,160,302.64,40,IBM
2025-11-25,9:42:23.667235240,T,302.22,160,302.97,80,IBM
2025-11-25,9:42:23.875054995,T,302.22,160,302.8,40,IBM
2025-11-25,9:42:23.875245500,T,302.04,40,302.8,40,IBM
2025-11-25,9:42:23.879270055,T,302.04,40,302.91,40,IBM
2025-11-25,9:42:23.883866069,T,302.04,40,302.97,80,IBM
2025-11-25,9:42:23.956829700,T,302.04,40,302.55,40,IBM
2025-11-25,9:42:23.956884873,T,302.03,40,302.55,40,IBM
2025-11-25,9:42:23.957110436,T,302.02,160,302.55,40,IBM
2025-11-25,9:42:24.297621024,T,302.1,40,302.55,40,IBM
2025-11-25,9:42:24.326028690,T,302.1,40,302.54,40,IBM
2025-11-25,9:42:24.333456379,T,302.1,40,302.71,80,IBM
2025-11-25,9:42:24.333476520,T,302.36,40,302.71,80,IBM
2025-11-25,9:42:24.333501407,T,302.37,40,302.71,80,IBM
2025-11-25,9:42:24.333521470,T,302.45,40,302.71,80,IBM
2025-11-25,9:42:24.367006185,T,302.36,40,302.71,80,IBM
2025-11-25,9:42:24.367061312,T,302.1,40,302.71,80,IBM
2025-11-25,9:42:24.433409248,T,302.35,160,302.71,80,IBM
2025-11-25,9:42:24.549224980,T,302.35,120,302.71,80,IBM
2025-11-25,9:42:24.549711140,T,302.35,120,302.59,40,IBM
2025-11-25,9:42:25.207031026,T,302.35,120,302.59,120,IBM
2025-11-25,9:42:26.092043178,T,302.35,120,302.58,40,IBM
2025-11-25,9:42:26.093606842,T,302.35,120,302.58,120,IBM
2025-11-25,9:42:26.854307662,T,302.35,120,302.57,40,IBM
2025-11-25,9:42:26.855515575,T,302.35,120,302.57,120,IBM
2025-11-25,9:42:27.256490179,T,302.35,120,302.57,40,IBM
2025-11-25,9:42:27.256490179,T,302.35,120,302.71,80,IBM
2025-11-25,9:42:27.256525210,T,302.35,160,302.71,80,IBM
2025-11-25,9:42:27.256535225,T,302.36,40,302.71,80,IBM
2025-11-25,9:42:27.256570302,T,302.36,80,302.71,80,IBM
2025-11-25,9:42:27.256600356,T,302.46,40,302.71,80,IBM
2025-11-25,9:42:27.257392274,T,302.46,80,302.71,80,IBM
2025-11-25,9:42:27.257392274,T,302.46,40,302.71,80,IBM
2025-11-25,9:42:27.257687972,T,302.59,40,302.71,80,IBM
2025-11-25,9:42:27.257708098,T,302.36,40,302.71,80,IBM
2025-11-25,9:42:27.755217467,T,302.36,40,302.6,40,IBM
2025-11-25,9:42:28.258134746,T,302.36,80,302.6,40,IBM
2025-11-25,9:42:31.043465682,T,302.36,40,302.6,40,IBM
2025-11-25,9:42:31.062240405,T,302.19,40,302.6,40,IBM
2025-11-25,9:42:31.807093664,T,302.1,40,302.6,40,IBM
2025-11-25,9:42:31.807128679,T,302.02,200,302.6,40,IBM
2025-11-25,9:42:31.807178827,T,302.1,40,302.6,40,IBM
2025-11-25,9:42:31.808050886,T,302.1,40,302.71,80,IBM
2025-11-25,9:42:31.850411783,T,302.02,200,302.71,80,IBM
2025-11-25,9:42:31.850587128,T,302.02,160,302.71,80,IBM
2025-11-25,9:42:33.913844058,T,302.02,160,302.78,40,IBM
2025-11-25,9:42:33.913884071,T,302.02,160,302.59,80,IBM
2025-11-25,9:42:33.923441816,T,302.02,160,302.56,80,IBM
2025-11-25,9:42:37.954849476,T,302.02,160,302.54,40,IBM
2025-11-25,9:42:39.161557411,T,302.02,160,302.43,40,IBM
2025-11-25,9:42:39.162043576,T,302.0,120,302.43,40,IBM
2025-11-25,9:42:39.162344196,T,302.0,120,302.54,80,IBM
2025-11-25,9:42:39.162344196,T,302.0,120,302.33,40,IBM
2025-11-25,9:42:39.163015871,T,302.0,120,302.54,80,IBM
2025-11-25,9:42:39.195267574,T,302.0,120,302.54,40,IBM
2025-11-25,9:42:40.162139591,T,302.02,40,302.54,40,IBM
2025-11-25,9:42:40.162164602,T,302.01,40,302.54,40,IBM
2025-11-25,9:42:40.162194675,T,302.23,40,302.54,40,IBM
2025-11-25,9:42:40.287788590,T,302.0,120,302.54,40,IBM
2025-11-25,9:42:40.287788590,T,302.0,80,302.54,40,IBM
2025-11-25,9:42:40.287813737,T,302.0,80,302.54,80,IBM
2025-11-25,9:42:40.288099400,T,302.0,80,302.54,40,IBM
2025-11-25,9:42:40.288109382,T,302.0,120,302.54,40,IBM
2025-11-25,9:42:40.288134493,T,302.0,80,302.54,40,IBM
2025-11-25,9:42:40.288149510,T,302.0,120,302.54,40,IBM
2025-11-25,9:42:40.288219666,T,302.0,80,302.54,40,IBM
2025-11-25,9:42:40.288610612,T,302.0,80,302.54,80,IBM
2025-11-25,9:42:40.288615595,T,302.0,80,302.26,40,IBM
2025-11-25,9:42:40.292685255,T,302.0,80,302.37,40,IBM
2025-11-25,9:42:40.292825746,T,302.0,80,302.54,80,IBM
2025-11-25,9:42:40.297847559,T,302.0,80,302.54,40,IBM
2025-11-25,9:42:40.306984351,T,302.0,80,302.54,80,IBM
2025-11-25,9:42:41.088179063,T,302.0,80,302.47,40,IBM
2025-11-25,9:42:41.089447073,T,302.0,80,302.54,40,IBM
2025-11-25,9:42:41.288310438,T,302.0,80,302.54,80,IBM
2025-11-25,9:42:41.288375555,T,302.0,80,302.54,40,IBM
2025-11-25,9:42:41.288400650,T,302.0,120,302.54,40,IBM
2025-11-25,9:42:41.288435675,T,302.01,40,302.54,40,IBM
2025-11-25,9:42:41.288896846,T,302.0,120,302.54,40,IBM
2025-11-25,9:42:41.288901855,T,302.0,80,302.54,40,IBM
2025-11-25,9:42:41.288921949,T,302.0,80,302.54,80,IBM
2025-11-25,9:42:41.289152434,T,302.0,120,302.54,80,IBM
2025-11-25,9:42:41.289347863,T,302.0,120,302.54,40,IBM
2025-11-25,9:42:41.289372929,T,302.01,40,302.54,40,IBM
2025-11-25,9:42:41.289403091,T,302.02,40,302.54,40,IBM
2025-11-25,9:42:41.309736427,T,302.01,40,302.54,40,IBM
2025-11-25,9:42:41.389616620,T,302.0,120,302.54,40,IBM
2025-11-25,9:42:42.288686925,T,302.01,80,302.54,40,IBM
2025-11-25,9:42:42.436603975,T,302.02,80,302.54,40,IBM
2025-11-25,9:42:42.437360790,T,302.02,160,302.54,40,IBM
2025-11-25,9:42:43.192919618,T,302.02,160,302.46,80,IBM
2025-11-25,9:42:43.910322578,T,302.02,80,302.46,80,IBM
2025-11-25,9:42:45.171690271,T,302.02,80,302.46,120,IBM
2025-11-25,9:42:45.172101280,T,302.02,80,302.46,160,IBM
2025-11-25,9:42:45.172131362,T,302.02,80,302.17,40,IBM
2025-11-25,9:42:45.173980737,T,302.02,80,302.46,160,IBM
2025-11-25,9:42:45.174246433,T,302.02,80,302.17,40,IBM
2025-11-25,9:42:45.174376738,T,302.0,120,302.17,40,IBM
2025-11-25,9:42:45.174401803,T,302.0,120,302.17,80,IBM
2025-11-25,9:42:45.174767615,T,302.0,80,302.17,80,IBM
2025-11-25,9:42:45.175128453,T,301.72,160,302.17,80,IBM
2025-11-25,9:42:45.175148882,T,301.72,160,302.02,80,IBM
2025-11-25,9:42:45.175178595,T,301.72,160,302.17,80,IBM
2025-11-25,9:42:45.175203619,T,301.72,160,302.17,40,IBM
2025-11-25,9:42:45.175248756,T,301.72,160,302.17,80,IBM
2025-11-25,9:42:45.175253828,T,301.72,160,302.17,40,IBM
2025-11-25,9:42:45.175283817,T,301.73,40,302.17,40,IBM
2025-11-25,9:42:45.175283817,T,301.74,40,302.17,40,IBM
2025-11-25,9:42:45.175318882,T,301.74,40,302.17,80,IBM
2025-11-25,9:42:45.175328978,T,301.74,40,302.17,40,IBM
2025-11-25,9:42:45.175389097,T,301.74,40,302.17,80,IBM
2025-11-25,9:42:45.175414136,T,301.74,40,302.17,40,IBM
2025-11-25,9:42:45.175444219,T,301.87,40,302.17,40,IBM
2025-11-25,9:42:45.175684811,T,301.87,40,302.39,40,IBM
2025-11-25,9:42:45.175684811,T,301.87,40,302.09,40,IBM
2025-11-25,9:42:45.175704880,T,301.74,40,302.09,40,IBM
2025-11-25,9:42:45.175760035,T,301.73,40,302.09,40,IBM
2025-11-25,9:42:45.175885305,T,301.73,40,302.0,40,IBM
2025-11-25,9:42:45.181177873,T,301.74,40,302.0,40,IBM
2025-11-25,9:42:45.181202937,T,301.73,40,302.0,40,IBM
2025-11-25,9:42:45.276775502,T,301.67,40,302.0,40,IBM
2025-11-25,9:42:45.276780434,T,301.61,40,302.0,40,IBM
2025-11-25,9:42:45.282920127,T,301.6,40,302.0,40,IBM
2025-11-25,9:42:45.287997173,T,301.54,200,302.0,40,IBM
2025-11-25,9:42:45.396410209,T,301.67,40,302.0,40,IBM
2025-11-25,9:42:45.396640899,T,301.54,200,302.0,40,IBM
2025-11-25,9:42:45.396670832,T,301.54,160,302.0,40,IBM
2025-11-25,9:42:45.423399442,T,301.54,160,302.24,40,IBM
2025-11-25,9:42:45.423449665,T,301.54,200,302.24,40,IBM
2025-11-25,9:42:45.423945768,T,301.54,200,302.15,40,IBM
2025-11-25,9:42:46.174793359,T,301.77,120,302.15,40,IBM
2025-11-25,9:42:46.219489715,T,301.77,120,302.15,120,IBM
2025-11-25,9:42:48.070526552,T,301.77,80,302.15,120,IBM
2025-11-25,9:42:48.825163083,T,301.77,80,302.15,160,IBM
2025-11-25,9:42:51.919730286,T,301.77,80,302.1,40,IBM
2025-11-25,9:42:53.672698489,T,301.77,80,302.1,120,IBM
2025-11-25,9:42:54.469159522,T,301.77,80,302.09,40,IBM
2025-11-25,9:42:54.469189601,T,301.77,80,301.96,40,IBM
2025-11-25,9:42:54.469279855,T,301.77,80,302.1,80,IBM
2025-11-25,9:42:54.469299869,T,301.77,120,302.1,80,IBM
2025-11-25,9:42:54.469304927,T,301.78,40,302.1,80,IBM
2025-11-25,9:42:54.470056720,T,301.81,120,302.1,80,IBM
2025-11-25,9:42:54.502829711,T,301.81,80,302.1,80,IBM
2025-11-25,9:42:57.723517265,T,301.81,80,302.06,40,IBM
2025-11-25,9:42:57.827053800,T,301.81,80,302.1,80,IBM
2025-11-25,9:43:00.843399518,T,301.81,40,302.1,80,IBM
2025-11-25,9:43:01.018882296,T,301.51,40,302.1,80,IBM
2025-11-25,9:43:01.182271335,T,301.37,40,302.1,80,IBM
2025-11-25,9:43:03.587026200,T,301.42,40,302.1,80,IBM
2025-11-25,9:43:04.385477109,T,301.42,40,302.1,120,IBM
2025-11-25,9:43:04.385542177,T,301.37,40,302.1,120,IBM
2025-11-25,9:43:04.385562228,T,301.37,40,301.94,40,IBM
2025-11-25,9:43:04.391732003,T,301.46,80,301.94,40,IBM
2025-11-25,9:43:04.397871575,T,301.37,40,301.94,40,IBM
2025-11-25,9:43:04.555642226,T,301.37,40,302.1,120,IBM
2025-11-25,9:43:04.598544410,T,301.37,40,301.93,40,IBM
2025-11-25,9:43:04.630991565,T,301.37,40,301.93,120,IBM
2025-11-25,9:43:04.726478991,T,301.37,40,301.93,200,IBM
2025-11-25,9:43:04.826722563,T,301.37,40,301.93,160,IBM
2025-11-25,9:43:05.675939292,T,301.37,40,301.92,40,IBM
2025-11-25,9:43:05.682073862,T,301.41,80,301.92,40,IBM
2025-11-25,9:43:05.794481425,T,301.41,80,301.93,80,IBM
2025-11-25,9:43:05.814955199,T,301.41,80,301.91,40,IBM
2025-11-25,9:43:06.272218816,T,301.41,80,301.93,80,IBM
2025-11-25,9:43:06.583204209,T,301.41,80,301.9,40,IBM
2025-11-25,9:43:06.829370158,T,301.41,80,301.93,80,IBM
2025-11-25,9:43:07.155952698,T,301.41,80,301.89,40,IBM
2025-11-25,9:43:08.499646571,T,301.41,80,301.93,80,IBM
2025-11-25,9:43:11.829579222,T,301.41,80,301.93,120,IBM
2025-11-25,9:43:11.939260277,T,301.41,80,301.78,40,IBM
2025-11-25,9:43:11.966740717,T,301.41,80,301.78,80,IBM
2025-11-25,9:43:12.018208290,T,301.32,40,301.78,80,IBM
2025-11-25,9:43:12.019812115,T,301.32,40,301.78,40,IBM
2025-11-25,9:43:13.601236906,T,301.32,40,301.93,80,IBM
2025-11-25,9:43:14.031771829,T,301.32,40,301.77,40,IBM
2025-11-25,9:43:14.031937174,T,301.42,40,301.77,40,IBM
2025-11-25,9:43:14.034438140,T,301.32,40,301.77,40,IBM
2025-11-25,9:43:14.096646228,T,301.29,40,301.77,40,IBM
2025-11-25,9:43:17.560221901,T,301.29,40,301.64,40,IBM
2025-11-25,9:43:17.560261945,T,301.23,40,301.64,40,IBM
2025-11-25,9:43:17.560267156,T,301.2,40,301.64,40,IBM
2025-11-25,9:43:17.560302104,T,301.2,40,301.63,40,IBM
2025-11-25,9:43:17.560507537,T,301.14,160,301.63,40,IBM
2025-11-25,9:43:17.560748468,T,301.14,160,301.63,80,IBM
2025-11-25,9:43:17.563930736,T,301.09,40,301.63,80,IBM
2025-11-25,9:43:17.565584685,T,301.09,40,301.63,40,IBM
2025-11-25,9:43:17.937991169,T,301.09,40,301.64,40,IBM
2025-11-25,9:43:18.569760324,T,301.09,40,301.64,80,IBM
2025-11-25,9:43:20.188022934,T,301.09,40,301.64,40,IBM
2025-11-25,9:43:20.199385018,T,301.09,40,301.83,40,IBM
2025-11-25,9:43:23.311759449,T,301.09,40,301.6,40,IBM
2025-11-25,9:43:27.252972192,T,301.09,40,301.6,80,IBM
2025-11-25,9:43:27.252997203,T,301.09,40,301.46,40,IBM
2025-11-25,9:43:27.253092511,T,301.08,120,301.46,40,IBM
2025-11-25,9:43:27.253182664,T,301.08,80,301.46,40,IBM
2025-11-25,9:43:27.253724004,T,301.08,80,301.53,40,IBM
2025-11-25,9:43:27.253724004,T,301.08,80,301.34,40,IBM
2025-11-25,9:43:27.256175209,T,301.08,80,301.38,40,IBM
2025-11-25,9:43:27.259292163,T,301.08,80,301.6,80,IBM
2025-11-25,9:43:27.259317742,T,301.08,80,301.6,40,IBM
2025-11-25,9:43:27.259888687,T,301.08,80,301.59,40,IBM
2025-11-25,9:43:27.266454228,T,301.08,80,301.59,80,IBM
2025-11-25,9:43:27.937687159,T,301.08,80,301.59,120,IBM
2025-11-25,9:43:28.132892151,T,301.08,120,301.59,120,IBM
2025-11-25,9:43:28.132901925,T,301.08,80,301.59,120,IBM
2025-11-25,9:43:29.708422847,T,301.08,80,301.59,80,IBM
2025-11-25,9:43:29.708432928,T,301.08,80,301.59,40,IBM
2025-11-25,9:43:31.007585672,T,301.08,80,301.55,40,IBM
2025-11-25,9:43:31.008006663,T,301.08,80,301.55,80,IBM
2025-11-25,9:43:31.008106896,T,301.08,80,301.53,40,IBM
2025-11-25,9:43:31.288399162,T,301.08,80,301.53,80,IBM
2025-11-25,9:43:33.387280648,T,301.08,80,301.53,40,IBM
2025-11-25,9:43:33.457126907,T,301.08,80,301.53,80,IBM
2025-11-25,9:43:33.742381102,T,301.08,80,301.53,40,IBM
2025-11-25,9:43:34.275294831,T,301.08,80,301.51,40,IBM
2025-11-25,9:43:34.275555455,T,301.08,80,301.37,40,IBM
2025-11-25,9:43:34.276372409,T,301.08,80,301.51,120,IBM
2025-11-25,9:43:34.295833752,T,301.08,80,301.51,80,IBM
2025-11-25,9:43:34.295843752,T,301.08,80,301.51,40,IBM
2025-11-25,9:43:34.308809610,T,301.08,80,301.53,40,IBM
2025-11-25,9:43:36.198814402,T,301.08,80,301.74,40,IBM
2025-11-25,9:43:36.198814402,T,301.08,80,301.36,40,IBM
2025-11-25,9:43:37.242719336,T,301.08,80,301.36,80,IBM
2025-11-25,9:43:44.628587841,T,301.08,80,301.36,40,IBM
2025-11-25,9:43:47.082975925,T,301.08,80,301.6,40,IBM
2025-11-25,9:43:56.736643044,T,301.08,80,301.36,40,IBM
2025-11-25,9:43:57.224735005,T,301.08,80,301.35,40,IBM
2025-11-25,9:43:57.224745110,T,301.08,80,301.34,40,IBM
2025-11-25,9:43:57.225115999,T,301.08,40,301.34,40,IBM
2025-11-25,9:43:57.225115999,T,300.68,200,301.34,40,IBM
2025-11-25,9:43:57.225146011,T,300.68,200,301.25,40,IBM
2025-11-25,9:43:57.234272742,T,300.68,200,301.34,40,IBM
2025-11-25,9:43:57.234272742,T,300.68,200,301.19,40,IBM
2025-11-25,9:43:57.234393022,T,300.68,200,301.18,40,IBM
2025-11-25,9:43:57.234423075,T,300.68,200,301.26,40,IBM
2025-11-25,9:43:57.234423075,T,300.68,200,301.09,40,IBM
2025-11-25,9:43:57.241033872,T,300.68,160,301.09,40,IBM
2025-11-25,9:43:57.242276772,T,300.64,40,301.09,40,IBM
2025-11-25,9:43:57.242301883,T,300.56,40,301.09,40,IBM
2025-11-25,9:43:57.248897612,T,300.56,40,301.34,40,IBM
2025-11-25,9:43:57.258259835,T,300.56,40,301.51,40,IBM
2025-11-25,9:43:57.324803330,T,300.56,40,301.56,40,IBM
2025-11-25,9:43:57.335208075,T,300.55,40,301.56,40,IBM
2025-11-25,9:43:57.579830446,T,300.55,40,301.27,40,IBM
2025-11-25,9:43:58.225247252,T,300.68,40,301.27,40,IBM
2025-11-25,9:43:58.225272245,T,300.64,40,301.27,40,IBM
2025-11-25,9:43:58.242914281,T,300.9,40,301.27,40,IBM
2025-11-25,9:43:58.243174852,T,300.91,40,301.27,40,IBM
2025-11-25,9:43:58.247394899,T,300.9,40,301.27,40,IBM
2025-11-25,9:43:59.932636774,T,300.72,40,301.27,40,IBM
2025-11-25,9:43:59.932636774,T,300.64,40,301.27,40,IBM
2025-11-25,9:43:59.932691926,T,300.55,40,301.27,40,IBM
2025-11-25,9:43:59.932721962,T,300.55,40,301.16,40,IBM
2025-11-25,9:43:59.932862311,T,300.55,40,301.15,40,IBM
2025-11-25,9:43:59.932897313,T,300.48,200,301.15,40,IBM
2025-11-25,9:43:59.933488791,T,300.48,200,301.15,80,IBM
2025-11-25,9:43:59.953220762,T,300.48,200,301.15,40,IBM
2025-11-25,9:43:59.953752003,T,300.48,200,301.03,40,IBM
2025-11-25,9:43:59.955160322,T,300.48,200,301.15,80,IBM
2025-11-25,9:43:59.955180387,T,300.48,200,301.15,40,IBM
2025-11-25,9:43:59.955200448,T,300.7,80,301.15,40,IBM
2025-11-25,9:43:59.961355117,T,300.48,160,301.15,40,IBM
2025-11-25,9:43:59.961380114,T,300.48,160,301.15,80,IBM
2025-11-25,9:43:59.971093272,T,300.48,160,301.15,40,IBM
2025-11-25,9:43:59.984765894,T,300.48,160,301.15,80,IBM
2025-11-25,9:44:00.033381540,T,300.48,160,301.15,40,IBM
2025-11-25,9:44:00.033406698,T,300.48,160,301.27,80,IBM
2025-11-25,9:44:00.933153818,T,300.55,40,301.27,80,IBM
2025-11-25,9:44:00.937428934,T,300.55,40,301.18,40,IBM
2025-11-25,9:44:00.944014680,T,300.48,160,301.18,40,IBM
2025-11-25,9:44:00.944044699,T,300.48,160,301.14,40,IBM
2025-11-25,9:44:00.944059725,T,300.48,160,301.13,40,IBM
2025-11-25,9:44:00.944069779,T,300.48,160,301.05,40,IBM
2025-11-25,9:44:00.944074775,T,300.48,160,300.95,40,IBM
2025-11-25,9:44:00.945102250,T,300.37,40,300.95,40,IBM
2025-11-25,9:44:00.964508423,T,300.37,40,300.95,80,IBM
2025-11-25,9:44:01.489207428,T,300.37,40,300.95,40,IBM
2025-11-25,9:44:01.751131039,T,300.37,40,301.19,40,IBM
2025-11-25,9:44:01.751156033,T,300.7,40,301.19,40,IBM
2025-11-25,9:44:01.752925252,T,300.7,40,301.27,80,IBM
2025-11-25,9:44:01.753236085,T,300.37,40,301.27,80,IBM
2025-11-25,9:44:01.756308279,T,300.46,40,301.27,80,IBM
2025-11-25,9:44:01.760252711,T,300.37,40,301.27,80,IBM
2025-11-25,9:44:03.112426694,T,300.37,40,301.19,40,IBM
2025-11-25,9:44:03.221827176,T,300.37,40,300.93,40,IBM
2025-11-25,9:44:04.118206329,T,300.37,40,301.19,40,IBM
2025-11-25,9:44:04.912251603,T,300.37,40,301.27,80,IBM
2025-11-25,9:44:04.912266722,T,300.71,40,301.27,80,IBM
2025-11-25,9:44:04.912326775,T,300.8,40,301.27,80,IBM
2025-11-25,9:44:04.912351866,T,300.81,40,301.27,80,IBM
2025-11-25,9:44:04.912351866,T,300.81,40,301.27,40,IBM
2025-11-25,9:44:04.912381895,T,300.81,40,301.27,80,IBM
2025-11-25,9:44:04.912903205,T,300.81,40,301.27,40,IBM
2025-11-25,9:44:04.941802010,T,300.81,40,301.27,80,IBM
2025-11-25,9:44:05.165494589,T,300.68,40,301.27,80,IBM
2025-11-25,9:44:05.165705009,T,300.68,80,301.27,80,IBM
2025-11-25,9:44:05.809111681,T,300.68,40,301.27,80,IBM
2025-11-25,9:44:08.757711311,T,300.68,40,301.27,40,IBM
2025-11-25,9:44:09.941840365,T,300.46,40,301.27,40,IBM
2025-11-25,9:44:10.274552412,T,300.46,40,301.35,40,IBM
2025-11-25,9:44:10.753532700,T,300.45,160,301.35,40,IBM
2025-11-25,9:44:11.208255442,T,300.46,40,301.35,40,IBM
2025-11-25,9:44:11.742381906,T,300.45,160,301.35,40,IBM
2025-11-25,9:44:11.854493794,T,300.46,40,301.35,40,IBM
2025-11-25,9:44:11.904608064,T,300.46,40,301.07,40,IBM
2025-11-25,9:44:11.904633727,T,300.46,40,301.35,40,IBM
2025-11-25,9:44:11.904638170,T,300.46,40,300.95,40,IBM
2025-11-25,9:44:11.904788543,T,300.45,160,300.95,40,IBM
2025-11-25,9:44:11.905364901,T,300.45,160,300.94,40,IBM
2025-11-25,9:44:11.907234329,T,300.28,40,300.94,40,IBM
2025-11-25,9:44:11.938874630,T,300.28,40,300.95,40,IBM
2025-11-25,9:44:11.971337017,T,300.28,40,300.83,40,IBM
2025-11-25,9:44:11.971417185,T,300.28,40,301.19,40,IBM
2025-11-25,9:44:11.971417185,T,300.28,40,300.76,40,IBM
2025-11-25,9:44:11.993529832,T,300.22,240,300.76,40,IBM
2025-11-25,9:44:12.666551927,T,300.22,240,301.12,40,IBM
2025-11-25,9:44:12.666551927,T,300.22,240,300.7,40,IBM
