DATE,TIME_M,EX,BID,BIDSIZ,ASK,ASKSIZ,SYM_ROOT
2025-12-04,9:30:00.339898089,T,302.51,80,303.95,40,IBM
2025-12-04,9:30:01.012699957,T,302.51,120,303.95,40,IBM
2025-12-04,9:30:01.046445284,T,302.51,120,303.95,40,IBM
2025-12-04,9:30:01.064733882,T,302.62,40,303.95,40,IBM
2025-12-04,9:30:01.065164897,T,302.62,80,303.95,40,IBM
2025-12-04,9:30:01.065490629,T,302.62,120,303.95,40,IBM
2025-12-04,9:30:01.150237442,T,302.62,80,303.95,40,IBM
2025-12-04,9:30:01.150247490,T,302.62,280,303.95,40,IBM
2025-12-04,9:30:02.256150442,T,302.62,280,303.24,40,IBM
2025-12-04,9:30:02.534402840,T,302.62,280,303.95,40,IBM
2025-12-04,9:30:02.679638579,T,302.62,320,303.95,40,IBM
2025-12-04,9:30:03.839905669,T,302.62,320,303.24,40,IBM
2025-12-04,9:30:04.250322667,T,302.62,120,303.24,40,IBM
2025-12-04,9:30:04.250347711,T,302.62,120,303.0,40,IBM
2025-12-04,9:30:04.250357771,T,302.62,120,303.0,160,IBM
2025-12-04,9:30:04.250503191,T,302.62,120,303.0,240,IBM
2025-12-04,9:30:04.251595734,T,302.62,120,303.0,200,IBM
2025-12-04,9:30:06.446255287,T,302.62,120,302.98,40,IBM
2025-12-04,9:30:06.446310480,T,302.62,120,302.98,280,IBM
2025-12-04,9:30:19.166096620,T,302.62,120,302.98,40,IBM
2025-12-04,9:30:19.166116599,T,302.62,120,302.97,200,IBM
2025-12-04,9:30:23.501668015,T,302.62,120,302.96,40,IBM
2025-12-04,9:30:23.501713097,T,302.62,120,302.96,280,IBM
2025-12-04,9:30:29.209125406,T,302.62,120,302.96,200,IBM
2025-12-04,9:30:29.209125406,T,302.62,120,303.95,40,IBM
2025-12-04,9:30:29.209145885,T,302.95,80,303.95,40,IBM
2025-12-04,9:30:29.209421194,T,302.96,80,303.95,40,IBM
2025-12-04,9:30:29.209726907,T,302.95,40,303.95,40,IBM
2025-12-04,9:30:29.209807070,T,302.95,80,303.95,40,IBM
2025-12-04,9:30:29.210178006,T,302.96,40,303.95,40,IBM
2025-12-04,9:30:29.210182992,T,302.96,40,304.0,200,IBM
2025-12-04,9:30:29.210929799,T,302.97,40,304.0,200,IBM
2025-12-04,9:30:29.220667898,T,302.97,80,304.0,200,IBM
2025-12-04,9:30:31.551957754,T,302.97,80,303.49,40,IBM
2025-12-04,9:30:34.468626151,T,302.97,120,303.49,40,IBM
2025-12-04,9:30:34.831074020,T,302.97,80,303.49,40,IBM
2025-12-04,9:30:40.383347103,T,302.97,80,304.0,200,IBM
2025-12-04,9:30:44.666794441,T,302.97,40,304.0,200,IBM
2025-12-04,9:30:45.224812925,T,302.97,40,303.48,80,IBM
2025-12-04,9:30:45.225243883,T,302.92,40,303.48,80,IBM
2025-12-04,9:30:45.225263911,T,302.92,40,303.48,120,IBM
2025-12-04,9:30:45.225268885,T,302.92,40,303.38,40,IBM
2025-12-04,9:30:45.225278910,T,302.92,40,303.23,40,IBM
2025-12-04,9:30:45.225669908,T,302.92,80,303.23,40,IBM
2025-12-04,9:30:45.226236271,T,302.92,80,303.38,40,IBM
2025-12-04,9:30:45.226281283,T,302.92,80,303.47,80,IBM
2025-12-04,9:30:45.227098285,T,302.92,80,303.23,80,IBM
2025-12-04,9:30:45.229478965,T,302.92,80,303.47,80,IBM
2025-12-04,9:30:45.326560055,T,302.92,80,304.0,200,IBM
2025-12-04,9:30:46.350477509,T,302.92,40,304.0,200,IBM
2025-12-04,9:30:46.350497528,T,302.51,80,304.0,200,IBM
2025-12-04,9:30:46.350532627,T,302.51,80,303.88,40,IBM
2025-12-04,9:30:46.350562691,T,302.51,80,303.5,40,IBM
2025-12-04,9:30:46.350587727,T,302.51,80,303.22,40,IBM
2025-12-04,9:30:46.350798353,T,302.51,80,303.22,80,IBM
2025-12-04,9:30:46.350838343,T,302.51,80,303.22,120,IBM
2025-12-04,9:30:46.351339536,T,302.51,80,303.22,80,IBM
2025-12-04,9:30:46.351344533,T,302.51,80,303.08,80,IBM
2025-12-04,9:30:46.351344533,T,302.51,120,303.08,80,IBM
2025-12-04,9:30:46.351545105,T,302.51,160,303.08,80,IBM
2025-12-04,9:30:46.351955993,T,302.51,120,303.08,80,IBM
2025-12-04,9:30:46.353905734,T,302.51,120,303.08,120,IBM
2025-12-04,9:30:46.354687522,T,302.51,120,303.08,40,IBM
2025-12-04,9:30:46.356171078,T,302.51,120,303.08,120,IBM
2025-12-04,9:30:46.361393501,T,302.51,80,303.08,120,IBM
2025-12-04,9:30:46.362240487,T,302.51,120,303.08,120,IBM
2025-12-04,9:30:46.362295709,T,302.51,120,303.08,160,IBM
2025-12-04,9:30:46.362301015,T,302.51,120,303.08,40,IBM
2025-12-04,9:30:46.362301015,T,302.51,120,302.9,40,IBM
2025-12-04,9:30:46.362761758,T,302.51,120,303.23,40,IBM
2025-12-04,9:30:46.365428128,T,302.51,120,303.5,40,IBM
2025-12-04,9:30:46.370735759,T,302.51,120,303.54,40,IBM
2025-12-04,9:30:46.370755783,T,302.51,120,303.71,40,IBM
2025-12-04,9:30:46.372013833,T,302.51,120,303.54,40,IBM
2025-12-04,9:30:46.372149158,T,302.51,120,303.5,40,IBM
2025-12-04,9:30:46.372184148,T,302.51,120,303.23,40,IBM
2025-12-04,9:30:46.372219306,T,302.51,120,303.5,40,IBM
2025-12-04,9:30:46.438076107,T,302.51,120,303.54,40,IBM
2025-12-04,9:30:47.081553024,T,302.51,120,303.08,40,IBM
2025-12-04,9:31:04.528773568,T,302.51,160,303.08,40,IBM
2025-12-04,9:31:04.528853825,T,302.51,160,303.12,200,IBM
2025-12-04,9:31:04.529339969,T,302.63,80,303.12,200,IBM
2025-12-04,9:31:04.530632956,T,302.63,120,303.12,200,IBM
2025-12-04,9:31:04.530642977,T,302.63,120,303.12,40,IBM
2025-12-04,9:31:04.530668141,T,302.63,120,303.23,40,IBM
2025-12-04,9:31:04.654653270,T,302.63,120,303.5,40,IBM
2025-12-04,9:31:04.898619083,T,302.63,120,303.24,160,IBM
2025-12-04,9:31:11.687566082,T,302.63,80,303.24,160,IBM
2025-12-04,9:31:21.320513803,T,302.64,40,303.24,160,IBM
2025-12-04,9:31:21.320939722,T,302.64,80,303.24,160,IBM
2025-12-04,9:31:21.321019873,T,302.64,120,303.24,160,IBM
2025-12-04,9:31:21.332507213,T,302.64,120,303.71,40,IBM
2025-12-04,9:31:21.332507213,T,302.64,120,303.43,160,IBM
2025-12-04,9:31:27.657660186,T,302.72,40,303.43,160,IBM
2025-12-04,9:31:27.657700274,T,302.84,40,303.43,160,IBM
2025-12-04,9:31:27.658647534,T,302.84,80,303.43,160,IBM
2025-12-04,9:31:27.660015824,T,302.85,40,303.43,160,IBM
2025-12-04,9:31:27.676660453,T,302.85,80,303.43,160,IBM
2025-12-04,9:31:28.900037884,T,302.85,40,303.43,160,IBM
2025-12-04,9:31:28.900067908,T,302.84,40,303.43,160,IBM
2025-12-04,9:31:28.900118105,T,302.65,40,303.43,160,IBM
2025-12-04,9:31:29.335524676,T,302.63,80,303.43,160,IBM
2025-12-04,9:31:32.708374150,T,302.9,40,303.43,160,IBM
2025-12-04,9:31:32.708800172,T,302.9,80,303.43,160,IBM
2025-12-04,9:31:33.606717810,T,302.9,80,303.88,40,IBM
2025-12-04,9:31:33.606727827,T,302.9,80,303.6,160,IBM
2025-12-04,9:31:34.279945593,T,302.9,40,303.6,160,IBM
2025-12-04,9:31:34.567911097,T,302.9,80,303.6,160,IBM
2025-12-04,9:31:35.268799619,T,302.9,40,303.6,160,IBM
2025-12-04,9:31:36.340491000,T,302.63,80,303.6,160,IBM
2025-12-04,9:31:38.680371427,T,302.63,80,303.11,40,IBM
2025-12-04,9:31:38.680596927,T,302.63,80,303.11,80,IBM
2025-12-04,9:31:38.681098062,T,302.63,80,303.11,40,IBM
2025-12-04,9:31:38.682686918,T,302.62,160,303.11,40,IBM
2025-12-04,9:31:38.695542481,T,302.51,80,303.11,40,IBM
2025-12-04,9:31:39.070234474,T,302.64,40,303.11,40,IBM
2025-12-04,9:31:39.070455030,T,302.64,40,303.35,160,IBM
2025-12-04,9:31:39.070660522,T,302.64,80,303.35,160,IBM
2025-12-04,9:31:45.051508698,T,302.64,160,303.35,160,IBM
2025-12-04,9:31:45.286919153,T,302.64,80,303.35,160,IBM
2025-12-04,9:31:55.802397797,T,302.64,160,303.35,160,IBM
2025-12-04,9:31:57.839893245,T,302.64,80,303.35,160,IBM
2025-12-04,9:32:00.246206882,T,302.64,40,303.35,160,IBM
2025-12-04,9:32:01.837941204,T,302.64,120,303.35,160,IBM
2025-12-04,9:32:05.020116818,T,302.64,40,303.35,160,IBM
2025-12-04,9:32:06.237084022,T,302.51,80,303.35,160,IBM
2025-12-04,9:32:09.035225441,T,302.64,80,303.35,160,IBM
2025-12-04,9:32:09.035646377,T,302.64,120,303.35,160,IBM
2025-12-04,9:32:09.908338983,T,302.82,40,303.35,160,IBM
2025-12-04,9:32:09.908599538,T,302.93,40,303.35,160,IBM
2025-12-04,9:32:09.909396488,T,302.93,40,303.35,240,IBM
2025-12-04,9:32:09.910499137,T,302.93,40,303.35,80,IBM
2025-12-04,9:32:11.849455012,T,302.93,40,303.65,160,IBM
2025-12-04,9:32:11.856261274,T,302.64,80,303.65,160,IBM
2025-12-04,9:32:19.136823649,T,302.67,160,303.65,160,IBM
2025-12-04,9:32:20.483098613,T,302.67,160,303.2,40,IBM
2025-12-04,9:32:20.483454553,T,302.67,160,303.18,40,IBM
2025-12-04,9:32:20.483720103,T,302.67,200,303.18,40,IBM
2025-12-04,9:32:20.483735250,T,302.67,240,303.18,40,IBM
2025-12-04,9:32:20.483895550,T,302.67,240,303.2,80,IBM
2025-12-04,9:32:20.483980783,T,302.67,80,303.2,80,IBM
2025-12-04,9:32:20.484035918,T,302.67,80,303.2,40,IBM
2025-12-04,9:32:20.484587325,T,302.67,80,303.2,80,IBM
2025-12-04,9:32:20.484602205,T,302.67,80,303.2,40,IBM
2025-12-04,9:32:20.484682793,T,302.67,80,303.34,40,IBM
2025-12-04,9:32:20.484722552,T,302.67,80,303.46,200,IBM
2025-12-04,9:32:20.484787734,T,302.67,80,303.34,40,IBM
2025-12-04,9:32:20.484862871,T,302.67,80,303.18,40,IBM
2025-12-04,9:32:20.484882984,T,302.67,80,303.34,40,IBM
2025-12-04,9:32:20.484953059,T,302.67,80,303.18,40,IBM
2025-12-04,9:32:20.484963081,T,302.67,80,303.34,40,IBM
2025-12-04,9:32:20.485048290,T,302.67,80,303.46,200,IBM
2025-12-04,9:32:20.485068392,T,302.67,80,303.34,40,IBM
2025-12-04,9:32:20.485073408,T,302.93,40,303.34,40,IBM
2025-12-04,9:32:20.485083420,T,302.67,80,303.34,40,IBM
2025-12-04,9:32:20.485088450,T,302.67,80,303.46,200,IBM
2025-12-04,9:32:20.485093427,T,302.82,40,303.46,200,IBM
2025-12-04,9:32:20.485093427,T,302.67,80,303.46,200,IBM
2025-12-04,9:32:20.485108496,T,302.67,80,303.34,40,IBM
2025-12-04,9:32:20.485133508,T,302.67,80,303.46,200,IBM
2025-12-04,9:32:20.485138694,T,302.67,80,303.34,40,IBM
2025-12-04,9:32:20.485153680,T,302.67,80,303.46,200,IBM
2025-12-04,9:32:20.485188643,T,302.67,80,303.34,40,IBM
2025-12-04,9:32:20.485203622,T,302.67,80,303.46,200,IBM
2025-12-04,9:32:20.485273821,T,302.67,80,303.34,40,IBM
2025-12-04,9:32:20.485288844,T,302.67,80,303.46,200,IBM
2025-12-04,9:32:20.485910383,T,302.67,80,303.34,40,IBM
2025-12-04,9:32:20.493939406,T,302.67,40,303.34,40,IBM
2025-12-04,9:32:20.493949480,T,302.64,80,303.34,40,IBM
2025-12-04,9:32:20.494345467,T,302.64,80,303.46,200,IBM
2025-12-04,9:32:20.494370472,T,302.67,40,303.46,200,IBM
2025-12-04,9:32:20.505146138,T,302.64,120,303.46,200,IBM
2025-12-04,9:32:20.505156171,T,302.64,80,303.46,200,IBM
2025-12-04,9:32:20.505592171,T,302.64,120,303.46,200,IBM
2025-12-04,9:32:20.505602196,T,302.64,160,303.46,200,IBM
2025-12-04,9:32:20.583121807,T,302.64,160,303.46,160,IBM
2025-12-04,9:32:20.632298814,T,302.64,160,303.26,40,IBM
2025-12-04,9:32:20.735354120,T,302.64,160,303.46,160,IBM
2025-12-04,9:32:21.489324186,T,302.82,40,303.46,160,IBM
2025-12-04,9:32:21.490431713,T,302.82,80,303.46,160,IBM
2025-12-04,9:32:22.954838073,T,302.82,80,303.25,40,IBM
2025-12-04,9:32:22.954888205,T,302.82,40,303.25,40,IBM
2025-12-04,9:32:22.954893324,T,302.64,80,303.25,40,IBM
2025-12-04,9:32:22.954913271,T,302.64,80,303.04,40,IBM
2025-12-04,9:32:22.955249033,T,302.64,80,303.04,80,IBM
2025-12-04,9:32:22.955329243,T,302.64,120,303.04,80,IBM
2025-12-04,9:32:22.955419538,T,302.64,40,303.04,80,IBM
2025-12-04,9:32:22.959915230,T,302.64,40,303.04,40,IBM
2025-12-04,9:32:23.183512392,T,302.64,80,303.04,40,IBM
2025-12-04,9:32:23.196398076,T,302.64,120,303.04,40,IBM
2025-12-04,9:32:23.382255484,T,302.64,80,303.04,40,IBM
2025-12-04,9:32:23.382265530,T,302.64,40,303.04,40,IBM
2025-12-04,9:32:25.378923903,T,302.64,40,303.04,80,IBM
2025-12-04,9:32:25.379500184,T,302.51,80,303.04,80,IBM
2025-12-04,9:32:25.379525446,T,302.51,80,303.04,120,IBM
2025-12-04,9:32:25.379560323,T,302.51,80,302.96,40,IBM
2025-12-04,9:32:25.379785913,T,302.51,80,302.96,80,IBM
2025-12-04,9:32:25.379926252,T,302.51,120,302.96,80,IBM
2025-12-04,9:32:25.387484211,T,302.51,120,302.96,40,IBM
2025-12-04,9:32:25.390115469,T,302.51,120,303.03,40,IBM
2025-12-04,9:32:25.390356081,T,302.51,120,303.03,80,IBM
2025-12-04,9:32:25.390571603,T,302.51,120,303.03,120,IBM
2025-12-04,9:32:25.400004063,T,302.51,160,303.03,120,IBM
2025-12-04,9:32:25.400264641,T,302.51,200,303.03,120,IBM
2025-12-04,9:32:25.400836039,T,302.51,160,303.03,120,IBM
2025-12-04,9:32:25.430657039,T,302.51,120,303.03,120,IBM
2025-12-04,9:32:25.479538352,T,302.51,120,303.03,80,IBM
2025-12-04,9:32:25.646390591,T,302.51,120,302.96,40,IBM
2025-12-04,9:32:25.646896788,T,302.51,120,302.96,80,IBM
2025-12-04,9:32:25.647117319,T,302.51,120,302.96,120,IBM
2025-12-04,9:32:25.700218796,T,302.51,80,302.96,120,IBM
2025-12-04,9:32:25.908349207,T,302.51,80,302.96,80,IBM
2025-12-04,9:32:25.908374296,T,302.51,80,302.96,40,IBM
2025-12-04,9:32:27.633446067,T,302.51,80,303.46,160,IBM
2025-12-04,9:32:27.634799206,T,302.54,80,303.46,160,IBM
2025-12-04,9:32:27.635220298,T,302.54,120,303.46,160,IBM
2025-12-04,9:32:27.635230669,T,302.54,160,303.46,160,IBM
2025-12-04,9:32:29.102869114,T,302.54,240,303.46,160,IBM
2025-12-04,9:32:29.102904196,T,302.54,160,303.46,160,IBM
2025-12-04,9:32:29.103410422,T,302.54,120,303.46,160,IBM
2025-12-04,9:32:29.103420436,T,302.54,80,303.46,160,IBM
2025-12-04,9:32:29.103646042,T,302.66,40,303.46,160,IBM
2025-12-04,9:32:29.104066953,T,302.66,80,303.46,160,IBM
2025-12-04,9:32:29.104081968,T,302.66,120,303.46,160,IBM
2025-12-04,9:32:30.644814889,T,302.66,80,303.46,160,IBM
2025-12-04,9:32:30.798986873,T,302.66,120,303.46,160,IBM
2025-12-04,9:32:31.633669045,T,302.66,80,303.46,160,IBM
2025-12-04,9:32:31.655556152,T,302.66,120,303.46,160,IBM
2025-12-04,9:32:32.622528194,T,302.66,80,303.46,160,IBM
2025-12-04,9:32:32.622738709,T,302.66,120,303.46,160,IBM
2025-12-04,9:32:32.623550590,T,302.66,160,303.46,160,IBM
2025-12-04,9:32:32.623560695,T,302.79,40,303.46,160,IBM
2025-12-04,9:32:32.623645841,T,302.94,40,303.46,160,IBM
2025-12-04,9:32:32.623831332,T,302.94,40,303.87,40,IBM
2025-12-04,9:32:32.623836284,T,302.94,40,303.71,160,IBM
2025-12-04,9:32:32.623876437,T,302.94,40,303.67,80,IBM
2025-12-04,9:32:32.624136998,T,302.94,80,303.67,80,IBM
2025-12-04,9:32:32.624152089,T,302.94,120,303.67,80,IBM
2025-12-04,9:32:32.633890196,T,302.94,120,303.71,160,IBM
2025-12-04,9:32:44.672790548,T,303.17,40,303.71,160,IBM
2025-12-04,9:32:44.672810634,T,303.17,40,303.87,40,IBM
2025-12-04,9:32:44.672835679,T,303.17,40,303.88,40,IBM
2025-12-04,9:32:44.673632581,T,303.17,80,303.88,40,IBM
2025-12-04,9:32:44.673642548,T,303.17,120,303.88,40,IBM
2025-12-04,9:32:44.673692715,T,303.17,120,303.95,40,IBM
2025-12-04,9:32:46.279761416,T,303.17,80,303.95,40,IBM
2025-12-04,9:32:51.550027938,T,303.17,120,303.95,40,IBM
2025-12-04,9:33:13.360435602,T,303.17,80,303.95,40,IBM
2025-12-04,9:33:32.980734675,T,303.17,80,303.92,40,IBM
2025-12-04,9:33:37.886739218,T,303.17,40,303.92,40,IBM
2025-12-04,9:33:38.107013586,T,303.17,80,303.92,40,IBM
2025-12-04,9:33:38.153569380,T,303.17,80,303.85,160,IBM
2025-12-04,9:33:38.875593186,T,303.17,40,303.85,160,IBM
2025-12-04,9:33:40.031560251,T,303.17,80,303.85,160,IBM
2025-12-04,9:33:40.853151060,T,303.17,40,303.85,160,IBM
2025-12-04,9:33:45.448761499,T,303.2,40,303.85,160,IBM
2025-12-04,9:33:45.460218800,T,303.33,40,303.85,160,IBM
2025-12-04,9:33:45.461301430,T,303.33,80,303.85,160,IBM
2025-12-04,9:33:47.622701994,T,303.33,120,303.85,160,IBM
2025-12-04,9:33:47.626265561,T,303.33,120,303.95,40,IBM
2025-12-04,9:33:49.882105839,T,303.33,80,303.95,40,IBM
2025-12-04,9:34:00.706048916,T,303.33,40,303.95,40,IBM
2025-12-04,9:34:00.980752960,T,303.33,80,303.95,40,IBM
2025-12-04,9:34:06.616945533,T,303.34,40,303.95,40,IBM
2025-12-04,9:34:12.215172872,T,303.35,40,303.95,40,IBM
2025-12-04,9:34:12.634841877,T,303.34,40,303.95,40,IBM
2025-12-04,9:34:12.634892095,T,303.33,80,303.95,40,IBM
2025-12-04,9:34:12.634972268,T,303.33,80,303.87,40,IBM
2025-12-04,9:34:12.634987390,T,303.33,80,303.54,40,IBM
2025-12-04,9:34:12.635102537,T,303.33,80,303.54,80,IBM
2025-12-04,9:34:12.635182788,T,303.33,40,303.54,80,IBM
2025-12-04,9:34:12.635287959,T,303.33,40,303.54,120,IBM
2025-12-04,9:34:12.635308006,T,303.33,40,303.54,160,IBM
2025-12-04,9:34:12.635308006,T,303.28,80,303.54,160,IBM
2025-12-04,9:34:12.635353173,T,303.28,80,303.45,40,IBM
2025-12-04,9:34:12.636054808,T,303.28,40,303.45,40,IBM
2025-12-04,9:34:12.636054808,T,302.96,160,303.45,40,IBM
2025-12-04,9:34:12.636315394,T,302.96,200,303.45,40,IBM
2025-12-04,9:34:12.636400634,T,302.96,320,303.45,40,IBM
2025-12-04,9:34:12.636520870,T,302.96,400,303.45,40,IBM
2025-12-04,9:34:12.636535984,T,302.96,520,303.45,40,IBM
2025-12-04,9:34:12.636551004,T,302.96,520,303.45,80,IBM
2025-12-04,9:34:12.642089154,T,302.96,520,303.45,40,IBM
2025-12-04,9:34:12.650935193,T,302.96,360,303.45,40,IBM
2025-12-04,9:34:12.744498017,T,302.96,360,303.54,40,IBM
2025-12-04,9:34:12.755855030,T,302.96,360,303.54,80,IBM
2025-12-04,9:34:13.864985315,T,302.96,360,303.54,120,IBM
2025-12-04,9:34:13.865045495,T,302.96,360,303.45,40,IBM
2025-12-04,9:34:13.867681728,T,302.96,400,303.45,40,IBM
2025-12-04,9:34:13.869636337,T,302.96,400,303.54,80,IBM
2025-12-04,9:34:13.908143015,T,302.96,400,303.54,40,IBM
2025-12-04,9:34:14.474350885,T,302.96,360,303.54,40,IBM
2025-12-04,9:34:14.654374500,T,302.96,400,303.54,40,IBM
2025-12-04,9:34:15.463205011,T,302.96,360,303.54,40,IBM
2025-12-04,9:34:15.799300205,T,302.96,400,303.54,40,IBM
2025-12-04,9:34:16.452059106,T,302.96,360,303.54,40,IBM
2025-12-04,9:34:16.722878884,T,302.96,400,303.54,40,IBM
2025-12-04,9:34:16.926794246,T,302.96,400,303.68,200,IBM
2025-12-04,9:34:17.440918187,T,302.96,360,303.68,200,IBM
2025-12-04,9:34:17.507065694,T,302.96,400,303.68,200,IBM
2025-12-04,9:34:18.429772849,T,302.96,360,303.68,200,IBM
2025-12-04,9:34:18.439024394,T,302.96,400,303.68,200,IBM
2025-12-04,9:34:18.439705919,T,302.96,400,303.68,240,IBM
2025-12-04,9:34:18.491674708,T,302.96,400,303.68,200,IBM
2025-12-04,9:34:19.197865960,T,302.96,400,303.67,40,IBM
2025-12-04,9:34:19.418621595,T,302.96,360,303.67,40,IBM
2025-12-04,9:34:20.123389255,T,302.96,400,303.67,40,IBM
2025-12-04,9:34:20.407475614,T,302.96,360,303.67,40,IBM
2025-12-04,9:34:21.167364550,T,302.96,400,303.67,40,IBM
2025-12-04,9:34:21.396334559,T,302.96,360,303.67,40,IBM
2025-12-04,9:34:21.707971497,T,302.96,400,303.67,40,IBM
2025-12-04,9:34:22.385183719,T,302.96,360,303.67,40,IBM
2025-12-04,9:34:22.545630724,T,302.96,400,303.67,40,IBM
2025-12-04,9:34:22.870629529,T,302.96,400,303.66,40,IBM
2025-12-04,9:34:23.374042882,T,302.96,360,303.66,40,IBM
2025-12-04,9:34:23.411867923,T,302.96,400,303.66,40,IBM
2025-12-04,9:34:24.362897058,T,302.96,360,303.66,40,IBM
2025-12-04,9:34:24.558011515,T,302.96,400,303.66,40,IBM
2025-12-04,9:34:25.351751122,T,302.96,360,303.66,40,IBM
2025-12-04,9:34:25.389721461,T,302.96,400,303.66,40,IBM
2025-12-04,9:34:26.340605172,T,302.96,360,303.66,40,IBM
2025-12-04,9:34:26.375362971,T,302.96,400,303.66,40,IBM
2025-12-04,9:34:27.329459342,T,302.96,360,303.66,40,IBM
2025-12-04,9:34:27.559381643,T,302.96,400,303.66,40,IBM
2025-12-04,9:34:28.318318395,T,302.96,360,303.66,40,IBM
2025-12-04,9:34:28.318739369,T,302.96,400,303.66,40,IBM
2025-12-04,9:34:28.324087092,T,302.96,440,303.66,40,IBM
2025-12-04,9:34:29.115120385,T,302.96,360,303.66,40,IBM
2025-12-04,9:34:29.115125330,T,302.96,280,303.66,40,IBM
2025-12-04,9:34:29.115130383,T,302.96,160,303.66,40,IBM
2025-12-04,9:34:29.115135355,T,302.96,80,303.66,40,IBM
2025-12-04,9:34:29.115140369,T,302.97,40,303.66,40,IBM
2025-12-04,9:34:29.115160483,T,302.97,400,303.66,40,IBM
2025-12-04,9:34:29.640190404,T,302.97,440,303.66,40,IBM
2025-12-04,9:34:29.640616338,T,302.97,480,303.66,40,IBM
2025-12-04,9:34:30.296021809,T,302.97,440,303.66,40,IBM
2025-12-04,9:34:30.296442856,T,302.97,400,303.66,40,IBM
2025-12-04,9:34:30.316956711,T,302.97,440,303.66,40,IBM
2025-12-04,9:34:30.908499851,T,302.97,400,303.66,40,IBM
2025-12-04,9:34:31.284875835,T,302.97,360,303.66,40,IBM
2025-12-04,9:34:31.338353149,T,302.97,400,303.66,40,IBM
2025-12-04,9:34:32.273729961,T,302.97,360,303.66,40,IBM
2025-12-04,9:34:32.468588844,T,302.97,400,303.66,40,IBM
2025-12-04,9:34:33.262584044,T,302.97,360,303.66,40,IBM
2025-12-04,9:34:33.489579409,T,302.97,400,303.66,40,IBM
2025-12-04,9:34:34.251443076,T,302.97,360,303.66,40,IBM
2025-12-04,9:34:34.668365554,T,302.97,400,303.66,40,IBM
2025-12-04,9:34:35.240297115,T,302.97,360,303.66,40,IBM
2025-12-04,9:34:35.331193567,T,302.97,400,303.66,40,IBM
2025-12-04,9:34:36.229151264,T,302.97,360,303.66,40,IBM
2025-12-04,9:34:36.244572986,T,302.97,400,303.66,40,IBM
2025-12-04,9:34:37.218005390,T,302.97,360,303.66,40,IBM
2025-12-04,9:34:37.222240449,T,302.97,400,303.66,40,IBM
2025-12-04,9:34:38.206854528,T,302.97,360,303.66,40,IBM
2025-12-04,9:34:38.266250972,T,302.97,400,303.66,40,IBM
2025-12-04,9:34:39.195708651,T,302.97,360,303.66,40,IBM
2025-12-04,9:34:39.457371574,T,302.97,400,303.66,40,IBM
2025-12-04,9:34:40.184562731,T,302.97,360,303.66,40,IBM
2025-12-04,9:34:40.340669380,T,302.97,400,303.66,40,IBM
2025-12-04,9:34:41.173416922,T,302.97,360,303.66,40,IBM
2025-12-04,9:34:41.183856800,T,302.97,400,303.66,40,IBM
2025-12-04,9:34:42.162276033,T,302.97,360,303.66,40,IBM
2025-12-04,9:34:42.185401024,T,302.97,400,303.66,40,IBM
2025-12-04,9:34:43.151125055,T,302.97,360,303.66,40,IBM
2025-12-04,9:34:43.172881829,T,302.97,400,303.66,40,IBM
2025-12-04,9:34:44.139979222,T,302.97,360,303.66,40,IBM
2025-12-04,9:34:44.318413917,T,302.97,400,303.66,40,IBM
2025-12-04,9:34:45.128838294,T,302.97,360,303.66,40,IBM
2025-12-04,9:34:45.357698071,T,302.97,400,303.66,40,IBM
2025-12-04,9:34:46.117692312,T,302.97,360,303.66,40,IBM
2025-12-04,9:34:46.283171243,T,302.97,400,303.66,40,IBM
2025-12-04,9:34:47.106541403,T,302.97,360,303.66,40,IBM
2025-12-04,9:34:47.250238418,T,302.97,400,303.66,40,IBM
2025-12-04,9:34:48.095395463,T,302.97,360,303.66,40,IBM
2025-12-04,9:34:48.098698285,T,302.97,400,303.66,40,IBM
2025-12-04,9:34:49.084254606,T,302.97,360,303.66,40,IBM
2025-12-04,9:34:49.209863562,T,302.97,400,303.66,40,IBM
2025-12-04,9:34:49.909955225,T,302.97,400,303.67,40,IBM
2025-12-04,9:34:50.073108701,T,302.97,360,303.67,40,IBM
2025-12-04,9:34:50.235951310,T,302.97,400,303.67,40,IBM
2025-12-04,9:34:50.321650351,T,302.97,40,303.67,40,IBM
2025-12-04,9:34:50.321650351,T,303.17,80,303.67,40,IBM
2025-12-04,9:34:50.321675420,T,303.37,360,303.67,40,IBM
2025-12-04,9:34:50.321715490,T,303.37,400,303.67,40,IBM
2025-12-04,9:34:50.322176604,T,303.37,400,303.68,200,IBM
2025-12-04,9:34:50.322342000,T,303.37,400,303.87,40,IBM
2025-12-04,9:34:50.322351986,T,303.37,400,303.84,160,IBM
2025-12-04,9:34:50.322387058,T,303.37,400,303.84,200,IBM
2025-12-04,9:34:50.322908280,T,303.37,40,303.84,200,IBM
2025-12-04,9:34:50.322918291,T,303.38,40,303.84,200,IBM
2025-12-04,9:34:50.322933342,T,303.38,400,303.84,200,IBM
2025-12-04,9:34:50.322963506,T,303.38,400,303.84,160,IBM
2025-12-04,9:34:50.724795013,T,303.38,440,303.84,160,IBM
2025-12-04,9:34:53.266636273,T,303.38,400,303.84,160,IBM
2025-12-04,9:34:57.082365119,T,303.38,40,303.84,160,IBM
2025-12-04,9:34:57.082380089,T,303.39,40,303.84,160,IBM
2025-12-04,9:34:57.082385201,T,303.39,400,303.84,160,IBM
2025-12-04,9:34:57.082801146,T,303.39,440,303.84,160,IBM
2025-12-04,9:34:57.656712441,T,303.39,400,303.84,160,IBM
2025-12-04,9:35:00.774805894,T,303.39,360,303.84,160,IBM
2025-12-04,9:35:00.774810519,T,303.38,40,303.84,160,IBM
2025-12-04,9:35:00.774845643,T,303.38,40,303.59,40,IBM
2025-12-04,9:35:00.774850670,T,303.38,40,303.58,80,IBM
2025-12-04,9:35:00.774895739,T,303.37,40,303.58,80,IBM
2025-12-04,9:35:00.774920831,T,303.37,40,303.57,40,IBM
2025-12-04,9:35:00.774930853,T,303.37,40,303.57,80,IBM
2025-12-04,9:35:00.774930853,T,303.05,160,303.57,80,IBM
2025-12-04,9:35:00.775421934,T,303.05,160,303.49,40,IBM
2025-12-04,9:35:00.775517195,T,303.05,160,303.57,80,IBM
2025-12-04,9:35:00.775622394,T,303.05,160,303.54,40,IBM
2025-12-04,9:35:00.776033401,T,303.05,160,303.49,40,IBM
2025-12-04,9:35:00.778930353,T,302.77,40,303.49,40,IBM
2025-12-04,9:35:00.778935393,T,302.92,160,303.49,40,IBM
2025-12-04,9:35:01.179654402,T,302.92,160,303.58,40,IBM
2025-12-04,9:35:02.965095038,T,302.92,160,303.31,40,IBM
2025-12-04,9:35:02.965756509,T,302.92,160,303.7,160,IBM
2025-12-04,9:35:02.965816705,T,302.92,160,303.7,200,IBM
2025-12-04,9:35:02.965851804,T,302.92,160,303.7,160,IBM
2025-12-04,9:35:02.966127450,T,302.92,160,303.31,40,IBM
2025-12-04,9:35:02.966177540,T,302.92,200,303.31,40,IBM
2025-12-04,9:35:02.966192603,T,302.92,240,303.31,40,IBM
2025-12-04,9:35:02.972001434,T,302.92,240,303.7,160,IBM
2025-12-04,9:35:03.010979170,T,302.92,200,303.7,160,IBM
2025-12-04,9:35:03.015214256,T,302.94,40,303.7,160,IBM
2025-12-04,9:35:03.015645379,T,302.94,80,303.7,160,IBM
2025-12-04,9:35:03.015830770,T,302.94,80,303.31,40,IBM
2025-12-04,9:35:03.016066312,T,302.94,120,303.31,40,IBM
2025-12-04,9:35:03.079772933,T,302.94,80,303.31,40,IBM
2025-12-04,9:35:03.080334291,T,302.94,40,303.31,40,IBM
2025-12-04,9:35:03.080359413,T,302.75,200,303.31,40,IBM
2025-12-04,9:35:03.164023609,T,302.75,240,303.31,40,IBM
2025-12-04,9:35:03.373016057,T,302.75,240,303.7,160,IBM
2025-12-04,9:35:03.592498615,T,302.75,280,303.7,160,IBM
2025-12-04,9:35:03.917066381,T,302.75,240,303.7,160,IBM
2025-12-04,9:35:04.005612242,T,302.75,280,303.7,160,IBM
2025-12-04,9:35:04.742511398,T,302.75,320,303.7,160,IBM
2025-12-04,9:35:04.905930525,T,302.75,280,303.7,160,IBM
2025-12-04,9:35:05.942778811,T,302.75,320,303.7,160,IBM
2025-12-04,9:35:06.366076498,T,302.97,40,303.7,160,IBM
2025-12-04,9:35:06.861846831,T,302.97,80,303.7,160,IBM
2025-12-04,9:35:06.861856749,T,302.97,120,303.7,160,IBM
2025-12-04,9:35:19.411096765,T,303.0,40,303.7,160,IBM
2025-12-04,9:35:19.412209420,T,303.0,80,303.7,160,IBM
2025-12-04,9:35:30.880451101,T,303.0,40,303.7,160,IBM
2025-12-04,9:35:34.765910712,T,303.0,80,303.7,160,IBM
2025-12-04,9:35:35.544123365,T,303.13,40,303.7,160,IBM
2025-12-04,9:35:35.544549349,T,303.13,80,303.7,160,IBM
2025-12-04,9:35:35.550453489,T,303.14,40,303.7,160,IBM
2025-12-04,9:35:35.555039360,T,303.13,40,303.7,160,IBM
2025-12-04,9:35:35.555254868,T,303.14,40,303.7,160,IBM
2025-12-04,9:35:35.555284937,T,303.14,80,303.7,160,IBM
2025-12-04,9:35:35.571318068,T,303.14,40,303.7,160,IBM
2025-12-04,9:35:35.571348220,T,303.13,40,303.7,160,IBM
2025-12-04,9:35:35.571769216,T,303.13,80,303.7,160,IBM
2025-12-04,9:35:40.328828974,T,303.13,40,303.7,160,IBM
2025-12-04,9:35:40.328864022,T,303.0,40,303.7,160,IBM
2025-12-04,9:35:40.328899135,T,302.88,160,303.7,160,IBM
2025-12-04,9:35:40.331760944,T,302.88,160,303.67,40,IBM
2025-12-04,9:35:40.332071697,T,302.88,160,303.51,40,IBM
2025-12-04,9:35:40.334096423,T,302.88,160,303.43,40,IBM
2025-12-04,9:35:40.338677339,T,302.88,160,303.7,160,IBM
2025-12-04,9:35:40.477823571,T,303.15,40,303.7,160,IBM
2025-12-04,9:35:40.478059343,T,303.23,40,303.7,160,IBM
2025-12-04,9:35:40.478846001,T,303.24,40,303.7,160,IBM
2025-12-04,9:35:40.478876145,T,303.24,80,303.7,160,IBM
2025-12-04,9:35:40.479081582,T,303.24,80,303.59,80,IBM
2025-12-04,9:35:40.479272120,T,303.24,80,303.7,160,IBM
2025-12-04,9:35:40.479297104,T,303.24,80,303.51,80,IBM
2025-12-04,9:35:40.489912376,T,303.24,120,303.51,80,IBM
2025-12-04,9:35:40.578969409,T,303.24,80,303.51,80,IBM
2025-12-04,9:35:43.710479521,T,303.24,80,303.51,40,IBM
2025-12-04,9:35:43.710499557,T,303.24,80,303.7,160,IBM
2025-12-04,9:35:43.710529738,T,303.37,40,303.7,160,IBM
2025-12-04,9:35:43.710559789,T,303.44,40,303.7,160,IBM
2025-12-04,9:35:43.711121051,T,303.44,80,303.7,160,IBM
2025-12-04,9:35:43.713697259,T,303.44,80,303.92,40,IBM
2025-12-04,9:35:49.775066985,T,303.44,80,303.95,40,IBM
2025-12-04,9:35:51.993357916,T,303.44,40,303.95,40,IBM
2025-12-04,9:35:51.993357916,T,303.01,160,303.95,40,IBM
2025-12-04,9:35:51.993383029,T,303.01,160,303.71,40,IBM
2025-12-04,9:35:51.993393128,T,303.01,160,303.66,40,IBM
2025-12-04,9:35:51.993418115,T,303.01,160,303.66,80,IBM
2025-12-04,9:35:51.993809043,T,303.01,160,303.56,40,IBM
2025-12-04,9:35:52.002244065,T,303.01,160,303.66,80,IBM
2025-12-04,9:35:52.093496328,T,303.01,160,303.67,40,IBM
2025-12-04,9:35:54.736663455,T,303.01,160,303.71,40,IBM
2025-12-04,9:35:54.997765053,T,303.01,160,303.67,40,IBM
2025-12-04,9:35:54.997825223,T,303.01,160,303.71,40,IBM
2025-12-04,9:35:54.997845474,T,303.01,160,303.82,200,IBM
2025-12-04,9:35:54.997865323,T,303.01,200,303.82,200,IBM
2025-12-04,9:35:54.997875355,T,303.02,40,303.82,200,IBM
2025-12-04,9:35:54.998201075,T,303.02,40,303.67,40,IBM
2025-12-04,9:35:55.018669818,T,303.3,40,303.67,40,IBM
2025-12-04,9:35:55.019095771,T,303.3,80,303.67,40,IBM
2025-12-04,9:35:55.044576476,T,303.3,80,303.82,200,IBM
2025-12-04,9:35:55.049859080,T,303.3,80,303.67,40,IBM
2025-12-04,9:35:55.098449694,T,303.3,80,303.82,200,IBM
2025-12-04,9:36:04.310113960,T,303.3,40,303.82,200,IBM
2025-12-04,9:36:04.310138999,T,303.01,160,303.82,200,IBM
2025-12-04,9:36:06.409962998,T,302.85,40,303.82,200,IBM
2025-12-04,9:36:06.410389610,T,302.85,40,303.65,40,IBM
2025-12-04,9:36:06.410539676,T,302.85,40,303.66,40,IBM
2025-12-04,9:36:06.410544385,T,302.85,40,303.48,40,IBM
2025-12-04,9:36:06.410554329,T,302.85,40,303.66,40,IBM
2025-12-04,9:36:06.410614515,T,302.79,200,303.66,40,IBM
2025-12-04,9:36:06.410639688,T,302.79,160,303.66,40,IBM
2025-12-04,9:36:06.411371358,T,302.79,160,303.82,200,IBM
2025-12-04,9:36:06.453972709,T,302.79,160,303.67,40,IBM
2025-12-04,9:36:06.453972709,T,302.79,160,303.66,40,IBM
2025-12-04,9:36:06.457726652,T,302.79,160,303.66,240,IBM
2025-12-04,9:36:06.462402925,T,302.79,160,303.66,200,IBM
2025-12-04,9:36:06.861026746,T,302.79,160,303.62,40,IBM
2025-12-04,9:36:06.861051831,T,302.79,160,303.66,240,IBM
2025-12-04,9:36:06.883470126,T,303.0,40,303.66,240,IBM
2025-12-04,9:36:07.023187824,T,303.0,40,303.66,200,IBM
2025-12-04,9:36:10.317034157,T,303.0,80,303.66,200,IBM
2025-12-04,9:36:10.677341886,T,303.0,80,303.87,40,IBM
2025-12-04,9:36:10.677351965,T,303.0,80,303.84,160,IBM
2025-12-04,9:36:10.677762980,T,303.0,40,303.84,160,IBM
2025-12-04,9:36:12.848189828,T,303.0,40,303.64,40,IBM
2025-12-04,9:36:12.848400355,T,303.0,40,303.64,80,IBM
2025-12-04,9:36:13.367125206,T,303.0,40,303.64,40,IBM
2025-12-04,9:36:13.367210499,T,303.0,40,303.64,80,IBM
2025-12-04,9:36:13.505770377,T,303.0,40,303.64,40,IBM
2025-12-04,9:36:13.506251423,T,303.0,40,303.63,40,IBM
2025-12-04,9:36:13.765393377,T,303.0,40,303.84,160,IBM
2025-12-04,9:36:14.317191962,T,303.0,40,303.66,40,IBM
2025-12-04,9:36:15.585837311,T,303.0,40,303.72,40,IBM
2025-12-04,9:36:15.585862332,T,303.0,40,303.84,160,IBM
2025-12-04,9:36:15.586393618,T,303.0,40,303.63,40,IBM
2025-12-04,9:36:15.723820822,T,303.0,40,303.84,160,IBM
2025-12-04,9:36:19.930154450,T,303.0,40,303.87,40,IBM
2025-12-04,9:36:20.361090350,T,303.0,160,303.87,40,IBM
2025-12-04,9:36:20.361616719,T,303.01,80,303.87,40,IBM
2025-12-04,9:36:20.361656783,T,303.01,120,303.87,40,IBM
2025-12-04,9:36:20.362037621,T,303.01,160,303.87,40,IBM
2025-12-04,9:36:20.371630488,T,303.01,80,303.87,40,IBM
2025-12-04,9:36:26.537413726,T,303.01,40,303.87,40,IBM
2025-12-04,9:36:26.537443782,T,303.0,160,303.87,40,IBM
2025-12-04,9:36:27.314147844,T,303.01,40,303.87,40,IBM
2025-12-04,9:36:27.314188015,T,303.01,80,303.87,40,IBM
2025-12-04,9:36:28.781210412,T,303.01,160,303.87,40,IBM
2025-12-04,9:36:38.637364192,T,303.01,120,303.87,40,IBM
2025-12-04,9:36:58.356001758,T,303.01,160,303.87,40,IBM
2025-12-04,9:36:58.500816497,T,303.01,240,303.87,40,IBM
2025-12-04,9:36:58.500906762,T,303.02,40,303.87,40,IBM
2025-12-04,9:36:58.501327720,T,303.02,80,303.87,40,IBM
2025-12-04,9:36:58.501367811,T,303.02,120,303.87,40,IBM
2025-12-04,9:37:03.726918009,T,303.02,240,303.87,40,IBM
2025-12-04,9:37:04.728667891,T,303.02,320,303.87,40,IBM
2025-12-04,9:37:04.736406365,T,303.02,400,303.87,40,IBM
2025-12-04,9:37:06.078781921,T,303.03,80,303.87,40,IBM
2025-12-04,9:37:06.078817044,T,303.03,120,303.87,40,IBM
2025-12-04,9:37:06.082195047,T,303.03,160,303.87,40,IBM
2025-12-04,9:37:06.383522377,T,303.04,40,303.87,40,IBM
2025-12-04,9:37:06.383838106,T,303.04,40,303.94,40,IBM
2025-12-04,9:37:06.383853151,T,303.04,80,303.94,40,IBM
2025-12-04,9:37:06.383863241,T,303.33,40,303.94,40,IBM
2025-12-04,9:37:06.383868184,T,303.33,80,303.94,40,IBM
2025-12-04,9:37:06.383898265,T,303.33,120,303.94,40,IBM
2025-12-04,9:37:06.384655064,T,303.33,40,303.94,40,IBM
2025-12-04,9:37:06.384780808,T,303.33,40,303.87,40,IBM
2025-12-04,9:37:06.384800431,T,303.33,40,303.85,40,IBM
2025-12-04,9:37:06.384815487,T,303.33,40,303.87,40,IBM
2025-12-04,9:37:06.384840549,T,303.33,40,303.84,40,IBM
2025-12-04,9:37:06.384955811,T,303.33,40,303.87,40,IBM
2025-12-04,9:37:06.384970816,T,303.33,40,303.94,40,IBM
2025-12-04,9:37:06.385000924,T,303.33,40,303.79,40,IBM
2025-12-04,9:37:06.611399860,T,303.42,40,303.79,40,IBM
2025-12-04,9:37:06.611725676,T,303.42,40,303.95,40,IBM
2025-12-04,9:37:06.611745703,T,303.42,40,304.0,200,IBM
2025-12-04,9:37:06.611770726,T,303.56,40,304.0,200,IBM
2025-12-04,9:37:06.618662092,T,303.42,120,304.0,200,IBM
2025-12-04,9:37:06.632003947,T,303.42,80,304.0,200,IBM
2025-12-04,9:37:07.384279870,T,303.42,40,304.0,200,IBM
2025-12-04,9:37:07.463082324,T,303.42,40,304.0,240,IBM
2025-12-04,9:37:08.358108215,T,303.42,40,303.95,40,IBM
2025-12-04,9:37:08.359792210,T,303.61,40,303.95,40,IBM
2025-12-04,9:37:08.360213260,T,303.61,80,303.95,40,IBM
2025-12-04,9:37:08.414783207,T,303.61,80,304.0,200,IBM
2025-12-04,9:37:08.415204205,T,303.61,40,304.0,200,IBM
2025-12-04,9:37:08.763363013,T,303.61,160,304.0,200,IBM
2025-12-04,9:37:08.763889298,T,303.61,160,304.0,240,IBM
2025-12-04,9:37:08.763924359,T,303.61,160,303.95,40,IBM
2025-12-04,9:37:10.496102875,T,303.61,160,304.0,200,IBM
2025-12-04,9:37:14.904181746,T,303.61,160,304.0,240,IBM
2025-12-04,9:37:15.671894347,T,303.61,120,304.0,240,IBM
2025-12-04,9:37:15.671894347,T,303.07,40,304.0,240,IBM
2025-12-04,9:37:15.671914469,T,303.07,40,303.62,80,IBM
2025-12-04,9:37:15.671934533,T,303.07,40,303.62,40,IBM
2025-12-04,9:37:15.671954587,T,303.07,40,303.75,40,IBM
2025-12-04,9:37:15.671979640,T,303.07,40,303.88,40,IBM
2025-12-04,9:37:15.671984624,T,303.18,40,303.88,40,IBM
2025-12-04,9:37:15.671994574,T,303.3,40,303.88,40,IBM
2025-12-04,9:37:15.672170033,T,303.3,40,303.8,40,IBM
2025-12-04,9:37:15.672305412,T,303.3,40,303.88,40,IBM
2025-12-04,9:37:15.672981983,T,303.18,40,303.88,40,IBM
2025-12-04,9:37:15.682915644,T,303.03,200,303.88,40,IBM
2025-12-04,9:37:15.772203129,T,303.03,200,303.95,40,IBM
2025-12-04,9:37:15.772228226,T,303.03,200,304.0,240,IBM
2025-12-04,9:37:15.817265421,T,303.38,40,304.0,240,IBM
2025-12-04,9:37:16.610975022,T,303.38,80,304.0,240,IBM
2025-12-04,9:37:18.439763569,T,303.38,40,304.0,240,IBM
2025-12-04,9:37:21.029213231,T,303.38,40,304.0,200,IBM
2025-12-04,9:37:21.333277092,T,303.38,80,304.0,200,IBM
2025-12-04,9:37:31.251523402,T,303.38,40,304.0,200,IBM
2025-12-04,9:37:31.251543516,T,303.03,160,304.0,200,IBM
2025-12-04,9:37:31.251568536,T,303.03,160,304.0,240,IBM
2025-12-04,9:37:31.251573556,T,303.03,160,303.6,80,IBM
2025-12-04,9:37:31.251608592,T,303.03,160,303.6,120,IBM
2025-12-04,9:37:31.251859240,T,303.03,160,303.6,200,IBM
2025-12-04,9:37:31.252215110,T,303.03,160,303.6,240,IBM
2025-12-04,9:37:31.252395509,T,303.02,80,303.6,240,IBM
2025-12-04,9:37:31.252706310,T,302.79,160,303.6,240,IBM
2025-12-04,9:37:31.262248959,T,302.79,160,303.6,200,IBM
2025-12-04,9:37:32.094545481,T,302.84,40,303.6,200,IBM
2025-12-04,9:37:36.412755355,T,302.84,40,303.52,80,IBM
2025-12-04,9:37:42.359787890,T,302.84,80,303.52,80,IBM
2025-12-04,9:37:45.097560501,T,302.84,40,303.52,80,IBM
2025-12-04,9:37:50.832538422,T,303.18,40,303.52,80,IBM
2025-12-04,9:37:50.832959447,T,303.18,80,303.52,80,IBM
2025-12-04,9:37:52.280796118,T,303.18,40,303.52,80,IBM
2025-12-04,9:38:00.880548759,T,303.18,40,303.52,120,IBM
2025-12-04,9:38:04.346028897,T,302.79,200,303.52,120,IBM
2025-12-04,9:38:04.346058944,T,302.79,160,303.52,120,IBM
2025-12-04,9:38:07.055113086,T,302.79,200,303.52,120,IBM
2025-12-04,9:38:19.512173611,T,302.98,40,303.52,120,IBM
2025-12-04,9:38:19.512594596,T,302.98,80,303.52,120,IBM
2025-12-04,9:38:21.106073054,T,302.98,40,303.52,120,IBM
2025-12-04,9:38:21.335103323,T,302.98,40,303.52,40,IBM
2025-12-04,9:38:21.335288784,T,302.98,40,303.54,40,IBM
2025-12-04,9:38:21.336662045,T,303.01,40,303.54,40,IBM
2025-12-04,9:38:21.361781874,T,303.01,80,303.54,40,IBM
2025-12-04,9:38:28.595026555,T,303.13,40,303.54,40,IBM
2025-12-04,9:38:34.616210639,T,303.13,80,303.54,40,IBM
2025-12-04,9:38:34.668454940,T,303.13,40,303.54,40,IBM
2025-12-04,9:38:39.487321773,T,302.98,40,303.54,40,IBM
2025-12-04,9:38:39.569151638,T,303.13,40,303.54,40,IBM
2025-12-04,9:38:40.476181134,T,302.98,40,303.54,40,IBM
2025-12-04,9:38:42.317980895,T,302.98,40,303.84,200,IBM
2025-12-04,9:38:42.318020935,T,302.98,40,303.64,40,IBM
2025-12-04,9:38:48.213866625,T,302.98,40,303.5,400,IBM
2025-12-04,9:38:48.213901751,T,302.98,40,303.5,440,IBM
2025-12-04,9:38:48.213997015,T,302.98,40,303.5,480,IBM
2025-12-04,9:38:48.214157619,T,302.98,40,303.5,440,IBM
2025-12-04,9:38:48.214162525,T,302.98,40,303.5,40,IBM
2025-12-04,9:38:48.214162525,T,302.98,40,303.5,80,IBM
2025-12-04,9:38:48.214167885,T,302.98,40,303.49,40,IBM
2025-12-04,9:38:48.214197463,T,302.98,40,303.37,40,IBM
2025-12-04,9:38:48.214202494,T,302.98,40,303.37,600,IBM
2025-12-04,9:38:48.214383214,T,302.98,40,303.37,640,IBM
2025-12-04,9:38:48.214543294,T,302.98,40,303.37,80,IBM
2025-12-04,9:38:48.214568284,T,302.98,40,303.36,560,IBM
2025-12-04,9:38:48.214778818,T,302.98,40,303.37,120,IBM
2025-12-04,9:38:48.214788849,T,302.98,40,303.37,80,IBM
2025-12-04,9:38:48.214788849,T,302.98,40,303.24,40,IBM
2025-12-04,9:38:48.214798850,T,302.98,40,303.24,600,IBM
2025-12-04,9:38:48.215229951,T,302.98,80,303.24,600,IBM
2025-12-04,9:38:48.215325171,T,302.98,80,303.24,40,IBM
2025-12-04,9:38:48.215350205,T,302.98,80,303.24,560,IBM
2025-12-04,9:38:48.223003410,T,302.98,120,303.24,560,IBM
2025-12-04,9:38:48.230340867,T,302.98,80,303.24,560,IBM
2025-12-04,9:38:48.232470952,T,302.98,120,303.24,560,IBM
2025-12-04,9:38:48.315263041,T,302.98,120,303.24,520,IBM
2025-12-04,9:38:48.887309813,T,302.98,80,303.24,520,IBM
2025-12-04,9:38:49.491919152,T,302.98,40,303.24,520,IBM
2025-12-04,9:38:50.515044763,T,302.98,40,303.24,240,IBM
2025-12-04,9:38:50.515064824,T,302.98,40,303.58,40,IBM
2025-12-04,9:38:50.515085104,T,303.23,80,303.58,40,IBM
2025-12-04,9:38:50.515085104,T,303.23,80,303.64,40,IBM
2025-12-04,9:38:50.515456088,T,303.24,80,303.64,40,IBM
2025-12-04,9:38:50.515646186,T,302.98,40,303.64,40,IBM
2025-12-04,9:38:50.516152466,T,303.17,40,303.64,40,IBM
2025-12-04,9:38:50.517485617,T,302.99,40,303.64,40,IBM
2025-12-04,9:38:50.517495607,T,302.99,40,303.64,80,IBM
2025-12-04,9:38:50.517676112,T,302.99,40,303.64,120,IBM
2025-12-04,9:38:50.517856501,T,302.99,40,303.64,160,IBM
2025-12-04,9:38:50.615408708,T,302.98,40,303.64,160,IBM
2025-12-04,9:39:01.140871349,T,303.01,80,303.64,160,IBM
2025-12-04,9:39:01.141292289,T,303.01,120,303.64,160,IBM
2025-12-04,9:39:01.244478014,T,303.01,160,303.64,160,IBM
2025-12-04,9:39:01.244934026,T,303.01,120,303.64,160,IBM
2025-12-04,9:39:01.246257193,T,303.01,160,303.64,160,IBM
2025-12-04,9:39:01.246287229,T,303.2,40,303.64,160,IBM
2025-12-04,9:39:01.247961329,T,303.2,80,303.64,160,IBM
2025-12-04,9:39:01.251379435,T,303.2,40,303.64,160,IBM
2025-12-04,9:39:01.254983096,T,303.2,40,303.64,120,IBM
2025-12-04,9:39:01.254988442,T,303.2,40,303.64,80,IBM
2025-12-04,9:39:01.254993313,T,303.2,40,303.55,40,IBM
2025-12-04,9:39:01.255013083,T,303.2,40,303.64,40,IBM
2025-12-04,9:39:01.255018508,T,303.2,40,303.45,120,IBM
2025-12-04,9:39:01.255033098,T,303.2,40,303.45,80,IBM
2025-12-04,9:39:01.255033098,T,303.2,40,303.45,40,IBM
2025-12-04,9:39:01.255043060,T,303.2,40,303.64,40,IBM
2025-12-04,9:39:01.637107519,T,303.2,40,303.64,80,IBM
2025-12-04,9:39:02.288748861,T,303.2,80,303.64,80,IBM
2025-12-04,9:39:04.379566030,T,303.2,80,303.64,40,IBM
2025-12-04,9:39:11.116589565,T,303.2,80,303.73,40,IBM
2025-12-04,9:39:15.950847959,T,303.2,40,303.73,40,IBM
2025-12-04,9:39:18.042261983,T,303.02,40,303.73,40,IBM
2025-12-04,9:39:18.042387209,T,303.02,40,303.63,40,IBM
2025-12-04,9:39:18.124217149,T,303.02,40,303.73,40,IBM
2025-12-04,9:39:33.755574357,T,303.2,40,303.73,40,IBM
2025-12-04,9:39:33.767136883,T,303.2,80,303.73,40,IBM
2025-12-04,9:39:33.804731347,T,303.2,160,303.73,40,IBM
2025-12-04,9:39:38.506098647,T,303.2,80,303.73,40,IBM
2025-12-04,9:39:42.505093663,T,303.2,160,303.73,40,IBM
2025-12-04,9:39:42.617385984,T,303.2,80,303.73,40,IBM
2025-12-04,9:39:42.884075833,T,303.2,40,303.73,40,IBM
2025-12-04,9:39:47.409579482,T,303.02,40,303.73,40,IBM
2025-12-04,9:40:08.605118390,T,303.43,40,303.73,40,IBM
2025-12-04,9:40:08.605168729,T,303.43,80,303.73,40,IBM
2025-12-04,9:40:08.605419135,T,303.43,120,303.73,40,IBM
2025-12-04,9:40:08.605519667,T,303.43,160,303.73,40,IBM
2025-12-04,9:40:08.605519667,T,303.53,40,303.73,40,IBM
2025-12-04,9:40:08.606446532,T,303.53,40,303.79,40,IBM
2025-12-04,9:40:08.606501619,T,303.63,40,303.79,40,IBM
2025-12-04,9:40:08.633480920,T,303.63,80,303.79,40,IBM
2025-12-04,9:40:09.143489981,T,303.63,80,304.0,200,IBM
2025-12-04,9:40:09.143700478,T,303.63,120,304.0,200,IBM
2025-12-04,9:40:09.340995138,T,303.63,80,304.0,200,IBM
2025-12-04,9:40:09.341210664,T,303.63,120,304.0,200,IBM
2025-12-04,9:40:09.341225745,T,303.63,80,304.0,200,IBM
2025-12-04,9:40:09.341922452,T,303.75,40,304.0,200,IBM
2025-12-04,9:40:09.341997538,T,303.63,80,304.0,200,IBM
2025-12-04,9:40:09.342133246,T,303.75,40,304.0,200,IBM
2025-12-04,9:40:09.342393504,T,303.75,40,304.0,120,IBM
2025-12-04,9:40:09.342553890,T,303.75,40,304.0,160,IBM
2025-12-04,9:40:09.342568957,T,303.75,40,304.0,240,IBM
2025-12-04,9:40:09.342589033,T,303.75,40,304.0,360,IBM
2025-12-04,9:40:09.342589033,T,303.75,40,304.0,400,IBM
2025-12-04,9:40:09.342629040,T,303.75,40,304.0,360,IBM
2025-12-04,9:40:09.342634445,T,303.75,40,303.89,80,IBM
2025-12-04,9:40:09.342664204,T,303.75,40,303.89,240,IBM
2025-12-04,9:40:09.343070356,T,303.75,40,303.89,160,IBM
2025-12-04,9:40:09.343070356,T,303.75,40,304.0,120,IBM
2025-12-04,9:40:09.343370796,T,303.75,40,304.0,160,IBM
2025-12-04,9:40:09.343862064,T,303.75,40,303.99,40,IBM
2025-12-04,9:40:09.355234087,T,303.75,80,303.99,40,IBM
2025-12-04,9:40:09.355249178,T,303.75,40,303.99,40,IBM
2025-12-04,9:40:10.066402158,T,303.21,40,303.99,40,IBM
2025-12-04,9:40:10.066642670,T,303.21,40,304.0,160,IBM
2025-12-04,9:40:10.089772756,T,303.3,40,304.0,160,IBM
2025-12-04,9:40:10.645285243,T,303.3,40,304.0,120,IBM
2025-12-04,9:40:11.353200495,T,303.48,40,304.0,120,IBM
2025-12-04,9:40:11.353736726,T,303.87,40,304.0,120,IBM
2025-12-04,9:40:11.353766863,T,303.87,40,304.42,160,IBM
2025-12-04,9:40:11.353992364,T,303.87,80,304.42,160,IBM
2025-12-04,9:40:11.354187897,T,303.87,120,304.42,160,IBM
2025-12-04,9:40:11.354548751,T,303.87,80,304.42,160,IBM
2025-12-04,9:40:11.354869491,T,303.87,80,304.39,40,IBM
2025-12-04,9:40:11.354869491,T,303.87,80,304.29,40,IBM
2025-12-04,9:40:11.354879487,T,303.87,80,304.28,40,IBM
2025-12-04,9:40:11.355105177,T,303.87,80,304.39,40,IBM
2025-12-04,9:40:11.355105177,T,303.87,80,304.28,40,IBM
2025-12-04,9:40:11.355290436,T,303.87,80,304.39,40,IBM
2025-12-04,9:40:11.355320581,T,303.87,80,304.42,160,IBM
2025-12-04,9:40:11.826592431,T,303.87,40,304.42,160,IBM
2025-12-04,9:40:12.785921352,T,303.69,40,304.42,160,IBM
2025-12-04,9:40:17.489664229,T,303.9,40,304.42,160,IBM
2025-12-04,9:40:17.495187400,T,303.9,40,304.73,40,IBM
2025-12-04,9:40:17.495197390,T,303.9,40,304.6,160,IBM
2025-12-04,9:40:17.496515538,T,303.69,40,304.6,160,IBM
2025-12-04,9:40:18.107234495,T,303.69,40,304.6,200,IBM
2025-12-04,9:40:18.107264539,T,303.69,40,304.56,40,IBM
2025-12-04,9:40:18.490085904,T,303.69,40,304.47,40,IBM
2025-12-04,9:40:18.490110997,T,303.69,40,304.56,40,IBM
2025-12-04,9:40:18.581563689,T,303.69,40,304.47,40,IBM
2025-12-04,9:40:21.496277389,T,303.9,40,304.47,40,IBM
2025-12-04,9:40:22.328177839,T,303.69,40,304.47,40,IBM
2025-12-04,9:40:22.446324114,T,303.9,40,304.47,40,IBM
2025-12-04,9:40:23.317026997,T,303.69,40,304.47,40,IBM
2025-12-04,9:40:24.186125928,T,303.69,40,304.56,40,IBM
2025-12-04,9:40:24.896582362,T,303.9,40,304.56,40,IBM
2025-12-04,9:40:24.897424313,T,303.9,40,304.23,120,IBM
2025-12-04,9:40:25.294740179,T,303.69,40,304.23,120,IBM
2025-12-04,9:40:25.316857873,T,303.9,40,304.23,120,IBM
2025-12-04,9:40:26.283589418,T,303.69,40,304.23,120,IBM
2025-12-04,9:40:26.372902056,T,303.9,40,304.23,120,IBM
2025-12-04,9:40:27.272448493,T,303.69,40,304.23,120,IBM
2025-12-04,9:40:27.303933408,T,303.9,40,304.23,120,IBM
2025-12-04,9:40:28.261307507,T,303.69,40,304.23,120,IBM
2025-12-04,9:40:28.646324028,T,303.9,40,304.23,120,IBM
2025-12-04,9:40:29.250156482,T,303.69,40,304.23,120,IBM
2025-12-04,9:40:29.291474858,T,303.9,40,304.23,120,IBM
2025-12-04,9:40:30.239005702,T,303.69,40,304.23,120,IBM
2025-12-04,9:40:30.395663678,T,303.9,40,304.23,120,IBM
2025-12-04,9:40:31.227864811,T,303.69,40,304.23,120,IBM
2025-12-04,9:40:31.233142293,T,303.9,40,304.23,120,IBM
2025-12-04,9:40:31.268260901,T,304.0,40,304.23,120,IBM
2025-12-04,9:40:31.269042840,T,304.0,40,304.6,200,IBM
2025-12-04,9:40:32.120675301,T,304.0,40,304.19,40,IBM
2025-12-04,9:40:32.399644839,T,304.0,40,304.47,40,IBM
2025-12-04,9:40:32.399649544,T,304.0,40,304.6,200,IBM
2025-12-04,9:40:32.399674587,T,304.09,40,304.6,200,IBM
2025-12-04,9:40:32.399694656,T,304.1,40,304.6,200,IBM
2025-12-04,9:40:32.399834954,T,304.14,40,304.6,200,IBM
2025-12-04,9:40:32.400205819,T,304.14,40,304.6,160,IBM
2025-12-04,9:40:32.400316093,T,304.14,40,304.56,40,IBM
2025-12-04,9:40:32.400326102,T,303.69,40,304.56,40,IBM
2025-12-04,9:40:32.400346239,T,303.69,40,304.6,200,IBM
2025-12-04,9:40:32.400526991,T,303.69,40,304.56,40,IBM
2025-12-04,9:40:32.400526991,T,303.69,40,304.48,40,IBM
2025-12-04,9:40:32.400531658,T,303.69,40,304.46,40,IBM
2025-12-04,9:40:32.404907091,T,303.69,40,304.48,40,IBM
2025-12-04,9:40:32.408966739,T,303.69,40,304.56,40,IBM
2025-12-04,9:40:32.410725869,T,303.69,40,304.48,40,IBM
2025-12-04,9:40:32.410735971,T,303.69,40,304.6,200,IBM
2025-12-04,9:40:32.411252194,T,303.69,40,304.2,80,IBM
2025-12-04,9:40:36.016043722,T,303.8,40,304.2,80,IBM
2025-12-04,9:40:39.859723950,T,303.82,40,304.2,80,IBM
2025-12-04,9:40:40.554412882,T,303.82,80,304.2,80,IBM
2025-12-04,9:40:45.471869507,T,303.82,80,304.6,200,IBM
2025-12-04,9:40:45.487732254,T,304.0,40,304.6,200,IBM
2025-12-04,9:40:45.826669105,T,304.0,40,304.6,160,IBM
2025-12-04,9:40:52.397932943,T,304.0,40,304.6,200,IBM
2025-12-04,9:40:58.344098538,T,304.0,40,304.56,40,IBM
2025-12-04,9:40:58.344389629,T,303.82,80,304.56,40,IBM
2025-12-04,9:40:58.344414238,T,303.82,80,304.2,40,IBM
2025-12-04,9:40:58.344419330,T,303.82,80,304.19,40,IBM
2025-12-04,9:40:58.344449382,T,303.82,80,304.1,40,IBM
2025-12-04,9:40:58.344469443,T,303.82,80,304.1,80,IBM
2025-12-04,9:40:58.346008042,T,303.82,80,304.1,40,IBM
2025-12-04,9:40:58.371604062,T,303.9,40,304.1,40,IBM
2025-12-04,9:40:58.371624082,T,303.9,40,304.2,40,IBM
2025-12-04,9:40:58.373072568,T,303.9,40,304.47,40,IBM
2025-12-04,9:40:58.444893444,T,303.9,40,304.56,40,IBM
2025-12-04,9:40:59.917985356,T,303.9,40,304.6,200,IBM
2025-12-04,9:40:59.918516591,T,303.9,40,304.47,40,IBM
2025-12-04,9:40:59.919178136,T,303.91,40,304.47,40,IBM
2025-12-04,9:40:59.919699390,T,303.91,40,304.6,200,IBM
2025-12-04,9:41:00.019181219,T,303.9,160,304.6,200,IBM
2025-12-04,9:41:00.162537542,T,303.9,160,304.6,160,IBM
2025-12-04,9:41:00.162587597,T,303.9,160,304.47,40,IBM
2025-12-04,9:41:00.162607707,T,303.9,120,304.47,40,IBM
2025-12-04,9:41:00.162612701,T,303.9,120,304.56,40,IBM
2025-12-04,9:41:00.919584812,T,303.9,120,304.35,40,IBM
2025-12-04,9:41:03.947783911,T,303.9,120,304.34,80,IBM
2025-12-04,9:41:05.265746614,T,303.9,120,304.35,40,IBM
2025-12-04,9:41:07.411083651,T,303.9,80,304.35,40,IBM
2025-12-04,9:41:09.973518932,T,303.9,80,304.56,40,IBM
2025-12-04,9:41:09.973538935,T,304.05,40,304.56,40,IBM
2025-12-04,9:41:09.973549045,T,304.05,40,304.6,160,IBM
2025-12-04,9:41:09.973553981,T,304.06,40,304.6,160,IBM
2025-12-04,9:41:09.973844764,T,304.14,40,304.6,160,IBM
2025-12-04,9:41:09.975984845,T,304.14,40,304.9,40,IBM
2025-12-04,9:41:09.975994789,T,304.14,40,304.75,160,IBM
2025-12-04,9:41:09.976405772,T,304.14,80,304.75,160,IBM
2025-12-04,9:41:09.980756139,T,304.14,40,304.75,160,IBM
2025-12-04,9:41:09.991321265,T,304.14,80,304.75,160,IBM
2025-12-04,9:41:10.293711201,T,304.14,40,304.75,160,IBM
2025-12-04,9:41:10.293726183,T,304.05,40,304.75,160,IBM
2025-12-04,9:41:10.294513060,T,304.05,40,304.73,40,IBM
2025-12-04,9:41:10.294533086,T,303.84,40,304.73,40,IBM
2025-12-04,9:41:10.294538089,T,303.84,40,304.75,160,IBM
2025-12-04,9:41:10.294793751,T,303.84,40,304.73,40,IBM
2025-12-04,9:41:29.204866196,T,303.84,40,304.62,40,IBM
2025-12-04,9:41:29.204911228,T,303.84,40,304.73,40,IBM
2025-12-04,9:41:29.204921252,T,303.84,40,304.64,40,IBM
2025-12-04,9:41:29.205161812,T,303.84,40,304.4,40,IBM
2025-12-04,9:41:29.205422551,T,303.82,80,304.4,40,IBM
2025-12-04,9:41:29.207577590,T,303.82,40,304.4,40,IBM
2025-12-04,9:41:29.212073294,T,303.82,40,304.55,40,IBM
2025-12-04,9:41:29.457447501,T,303.82,40,304.4,40,IBM
2025-12-04,9:41:29.457492620,T,303.82,40,304.38,40,IBM
2025-12-04,9:41:30.224318142,T,304.0,40,304.38,40,IBM
2025-12-04,9:41:30.224333257,T,304.0,40,304.6,160,IBM
2025-12-04,9:41:44.760312770,T,304.0,40,304.39,40,IBM
2025-12-04,9:41:44.760317926,T,304.0,40,304.27,40,IBM
2025-12-04,9:41:46.326060374,T,304.0,40,304.14,40,IBM
2025-12-04,9:41:46.326807046,T,304.0,40,304.24,40,IBM
2025-12-04,9:41:46.330676239,T,304.0,40,304.29,40,IBM
2025-12-04,9:41:46.332996780,T,304.0,40,304.38,40,IBM
2025-12-04,9:41:46.334520458,T,304.0,40,304.46,40,IBM
2025-12-04,9:41:46.467807737,T,304.0,40,304.25,40,IBM
2025-12-04,9:41:46.573484253,T,303.82,40,304.25,40,IBM
2025-12-04,9:41:46.573509392,T,303.82,40,304.24,40,IBM
2025-12-04,9:41:46.573519351,T,303.82,40,304.23,40,IBM
2025-12-04,9:41:46.573734920,T,303.82,40,304.12,40,IBM
2025-12-04,9:41:46.574567208,T,303.82,40,304.25,40,IBM
2025-12-04,9:41:46.574571830,T,303.82,40,304.38,40,IBM
2025-12-04,9:41:46.574642052,T,303.82,80,304.38,40,IBM
2025-12-04,9:41:46.574782401,T,303.83,40,304.38,40,IBM
2025-12-04,9:41:46.574792437,T,303.94,40,304.38,40,IBM
2025-12-04,9:41:46.574807471,T,303.83,40,304.38,40,IBM
2025-12-04,9:41:46.575033008,T,303.83,40,304.29,40,IBM
2025-12-04,9:41:46.575063006,T,303.83,40,304.23,40,IBM
2025-12-04,9:41:46.575198399,T,303.82,40,304.23,40,IBM
2025-12-04,9:41:46.764844833,T,303.82,40,304.23,80,IBM
2025-12-04,9:41:47.030918295,T,303.82,40,304.23,40,IBM
2025-12-04,9:41:47.573454847,T,303.94,40,304.23,40,IBM
2025-12-04,9:42:03.352674232,T,303.94,40,304.22,40,IBM
2025-12-04,9:42:03.393225741,T,303.94,40,304.1,40,IBM
2025-12-04,9:42:03.394012633,T,303.94,40,304.22,40,IBM
2025-12-04,9:42:05.693356485,T,303.82,40,304.22,40,IBM
2025-12-04,9:42:05.693381440,T,303.82,40,304.22,80,IBM
2025-12-04,9:42:05.693391480,T,303.82,40,304.21,40,IBM
2025-12-04,9:42:05.693431598,T,303.82,40,304.2,40,IBM
2025-12-04,9:42:05.693446608,T,303.82,40,304.21,40,IBM
2025-12-04,9:42:05.693466706,T,303.82,40,304.2,40,IBM
2025-12-04,9:42:05.693486787,T,303.82,40,304.08,40,IBM
2025-12-04,9:42:05.694278627,T,303.82,40,304.08,80,IBM
2025-12-04,9:42:05.788026847,T,303.82,40,304.08,40,IBM
2025-12-04,9:42:12.965779291,T,303.82,40,304.08,80,IBM
2025-12-04,9:42:12.970370221,T,303.82,40,304.08,40,IBM
2025-12-04,9:42:18.175661962,T,303.8,40,304.08,40,IBM
2025-12-04,9:42:20.928520482,T,303.8,40,304.07,80,IBM
2025-12-04,9:42:20.968495621,T,303.68,40,304.07,80,IBM
2025-12-04,9:42:20.970289893,T,303.68,40,304.07,120,IBM
2025-12-04,9:42:20.972991393,T,303.68,40,304.06,40,IBM
2025-12-04,9:42:20.983396137,T,303.68,40,304.07,120,IBM
2025-12-04,9:42:20.984338344,T,303.68,40,304.07,80,IBM
2025-12-04,9:42:20.985546290,T,303.68,40,304.07,120,IBM
2025-12-04,9:42:20.997499668,T,303.68,40,304.01,40,IBM
2025-12-04,9:42:21.045644311,T,303.68,40,303.95,40,IBM
2025-12-04,9:42:21.047423560,T,303.68,40,304.07,120,IBM
2025-12-04,9:42:21.052505668,T,303.68,40,304.01,40,IBM
2025-12-04,9:42:21.265803414,T,303.68,40,303.95,40,IBM
2025-12-04,9:42:21.266084143,T,303.68,40,304.07,80,IBM
2025-12-04,9:42:21.266124353,T,303.8,40,304.07,80,IBM
2025-12-04,9:42:21.266329683,T,303.68,40,304.07,80,IBM
2025-12-04,9:42:21.298751880,T,303.75,40,304.07,80,IBM
2025-12-04,9:42:21.436124021,T,303.75,40,304.01,40,IBM
2025-12-04,9:42:21.446233043,T,303.75,40,304.07,80,IBM
2025-12-04,9:42:21.747911229,T,303.75,40,304.07,160,IBM
2025-12-04,9:42:21.780007688,T,303.75,40,304.07,80,IBM
2025-12-04,9:42:25.777178274,T,303.75,40,304.06,80,IBM
2025-12-04,9:42:25.790194231,T,303.67,40,304.06,80,IBM
2025-12-04,9:42:25.828139583,T,303.54,200,304.06,80,IBM
2025-12-04,9:42:25.828179681,T,303.54,240,304.06,80,IBM
2025-12-04,9:42:34.051260532,T,303.6,40,304.06,80,IBM
2025-12-04,9:42:34.051300690,T,303.6,40,304.07,80,IBM
2025-12-04,9:42:34.051320985,T,304.05,80,304.07,80,IBM
2025-12-04,9:42:34.051355827,T,303.86,40,304.07,80,IBM
2025-12-04,9:42:34.051380792,T,303.86,40,304.06,40,IBM
2025-12-04,9:42:34.051380792,T,303.6,40,304.06,40,IBM
2025-12-04,9:42:34.051386129,T,303.6,40,304.07,80,IBM
2025-12-04,9:42:34.051386129,T,303.6,40,304.22,40,IBM
2025-12-04,9:42:34.051395838,T,303.77,40,304.22,40,IBM
2025-12-04,9:42:34.051411419,T,303.86,40,304.22,40,IBM
2025-12-04,9:42:34.051526161,T,303.86,40,304.29,40,IBM
2025-12-04,9:42:34.051551257,T,303.95,40,304.29,40,IBM
2025-12-04,9:42:34.051576356,T,303.87,40,304.29,40,IBM
2025-12-04,9:42:34.051631486,T,303.97,40,304.29,40,IBM
2025-12-04,9:42:34.051681594,T,303.97,40,304.32,160,IBM
2025-12-04,9:42:34.051872011,T,303.87,40,304.32,160,IBM
2025-12-04,9:42:34.052904454,T,303.86,40,304.32,160,IBM
2025-12-04,9:42:34.052969752,T,303.87,40,304.32,160,IBM
2025-12-04,9:42:34.052969752,T,303.88,40,304.32,160,IBM
2025-12-04,9:42:34.060678006,T,303.88,40,304.22,40,IBM
2025-12-04,9:42:34.154255691,T,303.77,40,304.22,40,IBM
2025-12-04,9:42:34.305310348,T,303.77,40,304.32,160,IBM
2025-12-04,9:42:34.539497900,T,303.66,40,304.32,160,IBM
2025-12-04,9:42:34.704861579,T,303.78,40,304.32,160,IBM
2025-12-04,9:42:35.051722276,T,303.78,40,304.31,80,IBM
2025-12-04,9:42:35.623558561,T,303.78,40,304.29,40,IBM
2025-12-04,9:42:35.623558561,T,303.78,40,304.22,40,IBM
2025-12-04,9:42:35.623578637,T,303.78,40,304.21,40,IBM
2025-12-04,9:42:35.623964551,T,303.78,40,304.1,40,IBM
2025-12-04,9:42:35.624165099,T,303.78,40,304.07,40,IBM
2025-12-04,9:42:35.624195146,T,303.78,40,304.1,40,IBM
2025-12-04,9:42:35.624555972,T,303.78,40,304.13,40,IBM
2025-12-04,9:42:35.624756419,T,303.78,40,304.1,40,IBM
2025-12-04,9:42:35.628565584,T,303.78,40,304.06,40,IBM
2025-12-04,9:42:35.632605126,T,303.78,40,304.1,40,IBM
2025-12-04,9:42:36.057707149,T,303.78,40,304.06,40,IBM
2025-12-04,9:42:36.057727206,T,303.78,40,304.28,40,IBM
2025-12-04,9:42:40.705712388,T,303.78,40,304.06,40,IBM
2025-12-04,9:42:51.196762521,T,303.78,40,304.05,40,IBM
2025-12-04,9:42:51.196782504,T,303.78,40,304.28,40,IBM
2025-12-04,9:42:51.196782504,T,303.78,40,303.95,40,IBM
2025-12-04,9:42:51.880219558,T,303.78,40,304.22,40,IBM
2025-12-04,9:42:52.313345658,T,303.78,40,304.09,40,IBM
2025-12-04,9:42:52.313716647,T,303.54,200,304.09,40,IBM
2025-12-04,9:42:52.313721615,T,303.54,200,303.95,40,IBM
2025-12-04,9:42:52.313741659,T,303.54,200,304.09,40,IBM
2025-12-04,9:42:52.313741659,T,303.54,200,303.95,40,IBM
2025-12-04,9:42:52.313741659,T,303.54,200,303.87,40,IBM
2025-12-04,9:42:52.313756615,T,303.54,200,303.87,80,IBM
2025-12-04,9:42:52.313806806,T,303.54,240,303.87,80,IBM
2025-12-04,9:42:52.314267851,T,303.54,240,303.87,40,IBM
2025-12-04,9:42:52.314548518,T,303.54,240,303.95,40,IBM
2025-12-04,9:42:52.314553572,T,303.54,240,303.87,40,IBM
2025-12-04,9:42:52.315776434,T,303.54,240,303.86,120,IBM
2025-12-04,9:42:52.316067231,T,303.54,240,303.87,40,IBM
2025-12-04,9:42:53.388239494,T,303.54,240,303.85,40,IBM
2025-12-04,9:42:53.394384218,T,303.54,80,303.85,40,IBM
2025-12-04,9:42:53.412422162,T,303.54,80,303.87,40,IBM
2025-12-04,9:42:53.511783621,T,303.54,80,303.85,40,IBM
2025-12-04,9:42:54.665790892,T,303.54,40,303.85,40,IBM
2025-12-04,9:42:55.245045010,T,303.54,40,303.72,40,IBM
2025-12-04,9:42:55.245766535,T,303.54,40,303.87,40,IBM
2025-12-04,9:42:55.246859181,T,303.54,40,303.82,160,IBM
2025-12-04,9:42:56.008733277,T,303.41,160,303.82,160,IBM
2025-12-04,9:42:56.419440951,T,303.55,40,303.82,160,IBM
2025-12-04,9:42:59.134810054,T,303.34,40,303.82,160,IBM
2025-12-04,9:42:59.134860090,T,303.34,40,303.72,40,IBM
2025-12-04,9:42:59.134890232,T,303.34,40,303.7,40,IBM
2025-12-04,9:42:59.134890232,T,303.34,40,303.64,40,IBM
2025-12-04,9:42:59.431606538,T,303.29,200,303.64,40,IBM
2025-12-04,9:43:04.938701843,T,303.29,200,303.55,40,IBM
2025-12-04,9:43:04.943884219,T,303.21,40,303.55,40,IBM
2025-12-04,9:43:04.946971517,T,303.21,40,303.56,40,IBM
2025-12-04,9:43:04.947101884,T,303.21,40,303.64,40,IBM
2025-12-04,9:43:09.059236354,T,303.21,40,303.48,40,IBM
2025-12-04,9:43:09.201023847,T,303.21,40,303.54,40,IBM
2025-12-04,9:43:12.280489738,T,303.21,40,303.45,40,IBM
2025-12-04,9:43:12.281291730,T,303.21,40,303.45,80,IBM
2025-12-04,9:43:12.282479533,T,303.21,40,303.44,120,IBM
2025-12-04,9:43:14.158906509,T,303.21,120,303.44,120,IBM
2025-12-04,9:43:16.128976427,T,303.21,40,303.44,120,IBM
2025-12-04,9:43:16.520899575,T,303.21,40,303.72,40,IBM
2025-12-04,9:43:16.520924612,T,303.21,40,303.82,40,IBM
2025-12-04,9:43:16.520929605,T,303.21,40,303.84,160,IBM
2025-12-04,9:43:16.520944939,T,303.21,80,303.84,160,IBM
2025-12-04,9:43:16.528738241,T,303.21,40,303.84,160,IBM
2025-12-04,9:43:20.002186982,T,303.21,40,303.53,40,IBM
2025-12-04,9:43:23.037362668,T,303.21,40,303.46,40,IBM
2025-12-04,9:43:23.039307244,T,303.21,40,303.53,40,IBM
2025-12-04,9:43:23.294138852,T,303.21,120,303.53,40,IBM
2025-12-04,9:43:23.538831451,T,303.21,120,303.45,40,IBM
2025-12-04,9:43:23.844504082,T,303.21,40,303.45,40,IBM
2025-12-04,9:43:27.513603942,T,303.21,40,303.72,160,IBM
2025-12-04,9:43:27.842682375,T,303.21,120,303.72,160,IBM
2025-12-04,9:43:28.897578517,T,303.21,120,303.72,200,IBM
2025-12-04,9:43:31.332450038,T,303.21,120,303.72,160,IBM
2025-12-04,9:43:31.332470420,T,303.21,160,303.72,160,IBM
2025-12-04,9:43:31.332485179,T,303.22,40,303.72,160,IBM
2025-12-04,9:43:31.332500449,T,303.32,40,303.72,160,IBM
2025-12-04,9:43:40.918660969,T,303.32,80,303.72,160,IBM
2025-12-04,9:43:42.825796310,T,303.32,40,303.72,160,IBM
2025-12-04,9:43:45.033176023,T,303.21,120,303.72,160,IBM
2025-12-04,9:43:45.592281986,T,303.21,160,303.72,160,IBM
2025-12-04,9:43:45.592452496,T,303.21,160,303.8,40,IBM
2025-12-04,9:43:45.592582807,T,303.21,160,303.84,40,IBM
2025-12-04,9:43:45.592607806,T,303.21,160,303.85,160,IBM
2025-12-04,9:43:45.592738165,T,303.21,160,303.68,40,IBM
2025-12-04,9:43:45.593835756,T,303.21,160,303.68,80,IBM
2025-12-04,9:43:45.599043152,T,303.21,120,303.68,80,IBM
2025-12-04,9:43:45.714663392,T,303.21,120,303.64,40,IBM
2025-12-04,9:43:45.714663392,T,303.21,120,303.63,40,IBM
2025-12-04,9:43:45.714713456,T,303.21,120,303.56,40,IBM
2025-12-04,9:43:45.714878826,T,303.21,120,303.54,80,IBM
2025-12-04,9:43:46.134397611,T,303.29,40,303.54,80,IBM
2025-12-04,9:43:46.144832467,T,303.32,40,303.54,80,IBM
2025-12-04,9:43:49.162416140,T,303.32,40,303.54,40,IBM
2025-12-04,9:43:49.162421204,T,303.32,40,303.8,40,IBM
2025-12-04,9:43:49.162421204,T,303.32,40,303.85,160,IBM
2025-12-04,9:43:49.162496265,T,303.32,80,303.85,160,IBM
2025-12-04,9:43:49.162897260,T,303.33,40,303.85,160,IBM
2025-12-04,9:43:49.163268182,T,303.33,40,303.53,120,IBM
2025-12-04,9:43:49.163288179,T,303.33,40,303.85,160,IBM
2025-12-04,9:43:49.163533766,T,303.48,40,303.85,160,IBM
2025-12-04,9:43:49.163543783,T,303.33,40,303.85,160,IBM
2025-12-04,9:43:49.164140222,T,303.53,40,303.85,160,IBM
2025-12-04,9:43:49.164160270,T,303.33,40,303.85,160,IBM
2025-12-04,9:43:49.171332323,T,303.32,80,303.85,160,IBM
2025-12-04,9:43:49.223962658,T,303.32,80,303.64,40,IBM
2025-12-04,9:43:49.228839299,T,303.32,40,303.64,40,IBM
2025-12-04,9:43:49.262504551,T,303.29,40,303.64,40,IBM
2025-12-04,9:43:49.285333808,T,303.29,40,303.85,160,IBM
2025-12-04,9:43:49.540481252,T,303.44,40,303.85,160,IBM
2025-12-04,9:43:50.137216935,T,303.44,80,303.85,160,IBM
2025-12-04,9:43:52.069647144,T,303.44,40,303.85,160,IBM
2025-12-04,9:43:55.056552918,T,303.44,40,303.79,80,IBM
2025-12-04,9:44:11.476733064,T,303.44,40,303.78,80,IBM
2025-12-04,9:44:14.999409069,T,303.44,40,303.78,120,IBM
2025-12-04,9:44:19.767434974,T,303.45,40,303.78,120,IBM
2025-12-04,9:44:19.767595349,T,303.45,40,303.78,80,IBM
2025-12-04,9:44:19.767730705,T,303.54,40,303.78,80,IBM
2025-12-04,9:44:19.768477454,T,303.44,80,303.78,80,IBM
2025-12-04,9:44:19.774647152,T,303.44,40,303.78,80,IBM
2025-12-04,9:44:22.994617486,T,303.44,40,303.78,120,IBM
2025-12-04,9:44:27.374058169,T,303.44,80,303.78,120,IBM
2025-12-04,9:44:27.374353890,T,303.44,120,303.78,120,IBM
2025-12-04,9:44:27.480010386,T,303.44,80,303.78,120,IBM
2025-12-04,9:44:30.595367013,T,303.44,80,303.78,160,IBM
2025-12-04,9:44:40.945095835,T,303.44,40,303.78,160,IBM
2025-12-04,9:44:40.945637164,T,303.44,40,303.76,80,IBM
2025-12-04,9:44:40.945662238,T,303.44,40,303.76,120,IBM
2025-12-04,9:44:48.844907095,T,303.44,40,303.75,40,IBM
2025-12-04,9:44:50.490604771,T,303.44,40,303.65,40,IBM
2025-12-04,9:44:50.491416717,T,303.44,40,303.65,120,IBM
2025-12-04,9:44:51.508142075,T,303.44,40,303.65,160,IBM
2025-12-04,9:44:53.078535570,T,303.44,40,303.65,120,IBM
2025-12-04,9:44:55.490226799,T,303.44,40,303.65,160,IBM
2025-12-04,9:45:01.139611126,T,303.44,40,303.65,120,IBM
2025-12-04,9:45:01.447428883,T,303.44,40,303.65,160,IBM
2025-12-04,9:45:02.545613065,T,303.44,40,303.65,120,IBM
2025-12-04,9:45:02.551652427,T,303.44,80,303.65,120,IBM
2025-12-04,9:45:03.364788231,T,303.44,80,303.65,40,IBM
2025-12-04,9:45:04.854905551,T,303.44,80,303.86,160,IBM
2025-12-04,9:45:04.854930654,T,303.54,40,303.86,160,IBM
2025-12-04,9:45:04.855336550,T,303.54,40,303.91,40,IBM
2025-12-04,9:45:04.855722509,T,303.54,40,303.76,80,IBM
2025-12-04,9:45:04.855737457,T,303.44,120,303.76,80,IBM
2025-12-04,9:45:04.865831551,T,303.44,80,303.76,80,IBM
2025-12-04,9:45:04.955018834,T,303.44,40,303.76,80,IBM
2025-12-04,9:45:05.808205049,T,303.44,80,303.76,80,IBM
2025-12-04,9:45:05.808495690,T,303.44,120,303.76,80,IBM
2025-12-04,9:45:05.826849395,T,303.44,160,303.76,80,IBM
2025-12-04,9:45:06.223152917,T,303.44,160,303.78,40,IBM
2025-12-04,9:45:06.223177916,T,303.44,160,303.9,40,IBM
2025-12-04,9:45:06.223187955,T,303.44,200,303.9,40,IBM
2025-12-04,9:45:06.223208047,T,303.59,40,303.9,40,IBM
2025-12-04,9:45:06.223428599,T,303.63,40,303.9,40,IBM
2025-12-04,9:45:06.223649027,T,303.63,80,303.9,40,IBM
2025-12-04,9:45:06.223984913,T,303.63,120,303.9,40,IBM
2025-12-04,9:45:06.231868646,T,303.63,80,303.9,40,IBM
2025-12-04,9:45:06.241145712,T,303.63,40,303.9,40,IBM
2025-12-04,9:45:06.284343547,T,303.54,40,303.9,40,IBM
2025-12-04,9:45:07.059980052,T,303.56,40,303.9,40,IBM
2025-12-04,9:45:07.101754453,T,303.67,80,303.9,40,IBM
2025-12-04,9:45:07.102180504,T,303.67,120,303.9,40,IBM
2025-12-04,9:45:07.546222596,T,303.68,40,303.9,40,IBM
2025-12-04,9:45:07.550046634,T,303.68,80,303.9,40,IBM
2025-12-04,9:45:09.492691428,T,303.68,40,303.9,40,IBM
2025-12-04,9:45:09.492696425,T,303.56,40,303.9,40,IBM
2025-12-04,9:45:09.492721403,T,303.46,80,303.9,40,IBM
2025-12-04,9:45:09.492767095,T,303.46,80,303.84,40,IBM
2025-12-04,9:45:09.492931930,T,303.46,80,303.78,40,IBM
2025-12-04,9:45:09.492967021,T,303.46,80,303.73,40,IBM
2025-12-04,9:45:09.494124762,T,303.46,80,303.78,40,IBM
2025-12-04,9:45:09.499848457,T,303.46,80,303.84,40,IBM
2025-12-04,9:45:09.772933573,T,303.64,40,303.84,40,IBM
2025-12-04,9:45:09.801882492,T,303.64,40,303.9,40,IBM
2025-12-04,9:45:10.594248819,T,303.64,40,303.91,40,IBM
2025-12-04,9:45:10.594334022,T,303.64,80,303.91,40,IBM
2025-12-04,9:45:10.594569570,T,303.64,80,303.9,40,IBM
2025-12-04,9:45:10.594569570,T,303.64,80,303.9,120,IBM
2025-12-04,9:45:10.594589662,T,303.64,40,303.9,120,IBM
2025-12-04,9:45:10.594589662,T,303.64,40,303.89,80,IBM
2025-12-04,9:45:10.594604610,T,303.64,40,303.89,120,IBM
2025-12-04,9:45:11.686268464,T,303.65,40,303.89,120,IBM
2025-12-04,9:45:32.827251804,T,303.65,40,303.89,40,IBM
2025-12-04,9:45:32.827276885,T,303.65,40,303.91,40,IBM
2025-12-04,9:45:32.827301955,T,303.76,40,303.91,40,IBM
2025-12-04,9:45:32.827311917,T,303.65,40,303.91,40,IBM
2025-12-04,9:45:32.827487339,T,303.65,80,303.91,40,IBM
2025-12-04,9:45:32.827883325,T,303.65,80,304.05,40,IBM
2025-12-04,9:45:32.829181464,T,303.65,80,304.0,40,IBM
2025-12-04,9:45:32.845054241,T,303.65,40,304.0,40,IBM
2025-12-04,9:45:32.953442197,T,303.65,40,304.05,40,IBM
2025-12-04,9:45:33.827703436,T,303.65,40,303.97,40,IBM
2025-12-04,9:45:33.828395044,T,303.65,40,303.96,40,IBM
2025-12-04,9:45:34.053335637,T,303.65,40,303.95,40,IBM
2025-12-04,9:45:34.086379286,T,303.65,40,303.95,80,IBM
2025-12-04,9:45:34.133762088,T,303.65,40,303.94,40,IBM
2025-12-04,9:45:34.193048215,T,303.64,40,303.94,40,IBM
2025-12-04,9:45:34.193073214,T,303.64,40,303.78,40,IBM
2025-12-04,9:45:34.193269030,T,303.61,40,303.78,40,IBM
2025-12-04,9:45:34.193383992,T,303.61,40,303.76,40,IBM
2025-12-04,9:45:34.193409054,T,303.54,40,303.76,40,IBM
2025-12-04,9:45:34.193419043,T,303.61,40,303.76,40,IBM
2025-12-04,9:45:34.198345824,T,303.61,120,303.76,40,IBM
2025-12-04,9:45:34.198806857,T,303.61,80,303.76,40,IBM
2025-12-04,9:45:34.198806857,T,303.46,120,303.76,40,IBM
2025-12-04,9:45:34.198826898,T,303.46,120,303.76,80,IBM
2025-12-04,9:45:34.198857034,T,303.46,120,303.76,40,IBM
2025-12-04,9:45:34.198862084,T,303.46,120,303.69,40,IBM
2025-12-04,9:45:34.198862084,T,303.46,80,303.69,40,IBM
2025-12-04,9:45:35.135712339,T,303.46,80,303.91,40,IBM
2025-12-04,9:45:37.503068011,T,303.56,40,303.91,40,IBM
2025-12-04,9:45:37.503338736,T,303.46,120,303.91,40,IBM
2025-12-04,9:45:37.503338736,T,303.56,40,303.91,40,IBM
2025-12-04,9:45:37.503503970,T,303.57,40,303.91,40,IBM
2025-12-04,9:45:37.503514060,T,303.57,40,303.99,200,IBM
2025-12-04,9:45:37.503589231,T,303.57,40,303.76,200,IBM
2025-12-04,9:45:37.503609247,T,303.57,40,303.76,280,IBM
2025-12-04,9:45:37.503639350,T,303.57,40,303.76,360,IBM
2025-12-04,9:45:37.503649333,T,303.57,40,303.68,40,IBM
2025-12-04,9:45:37.503654375,T,303.57,40,303.68,240,IBM
2025-12-04,9:45:37.503664423,T,303.56,40,303.68,240,IBM
2025-12-04,9:45:37.503674459,T,303.56,40,303.68,200,IBM
2025-12-04,9:45:37.503674459,T,303.56,40,303.68,320,IBM
2025-12-04,9:45:37.503674459,T,303.56,40,303.68,240,IBM
2025-12-04,9:45:37.503699800,T,303.56,40,303.68,520,IBM
2025-12-04,9:45:37.503759578,T,303.56,40,303.68,360,IBM
2025-12-04,9:45:37.503759578,T,303.56,40,303.68,520,IBM
2025-12-04,9:45:37.510189903,T,303.46,120,303.68,520,IBM
2025-12-04,9:45:37.510209982,T,303.46,160,303.68,520,IBM
2025-12-04,9:45:37.511934053,T,303.46,120,303.68,520,IBM
2025-12-04,9:45:37.512555527,T,303.46,120,303.68,240,IBM
2025-12-04,9:45:37.512560904,T,303.46,120,303.57,80,IBM
2025-12-04,9:45:37.512580645,T,303.46,120,303.57,360,IBM
2025-12-04,9:45:37.512635761,T,303.46,120,303.57,80,IBM
2025-12-04,9:45:37.512635761,T,303.46,120,303.56,80,IBM
2025-12-04,9:45:37.512660863,T,303.46,120,303.56,360,IBM
2025-12-04,9:45:37.512726028,T,303.46,120,303.56,280,IBM
2025-12-04,9:45:37.512726028,T,303.46,120,303.56,80,IBM
2025-12-04,9:45:37.512746072,T,303.46,120,303.91,40,IBM
2025-12-04,9:45:37.512776059,T,303.46,120,303.96,40,IBM
2025-12-04,9:45:37.512926440,T,303.46,120,303.68,160,IBM
2025-12-04,9:45:37.513182018,T,303.46,120,303.91,40,IBM
2025-12-04,9:45:37.513187095,T,303.46,120,303.61,160,IBM
2025-12-04,9:45:37.513833628,T,303.46,80,303.61,160,IBM
2025-12-04,9:45:37.534237145,T,303.46,160,303.61,160,IBM
2025-12-04,9:45:37.596244789,T,303.46,80,303.61,160,IBM
2025-12-04,9:45:46.072829496,T,303.46,80,303.61,80,IBM
2025-12-04,9:45:46.072849718,T,303.46,80,303.88,160,IBM
2025-12-04,9:45:46.073085008,T,303.46,120,303.88,160,IBM
2025-12-04,9:45:46.073400750,T,303.46,120,303.59,160,IBM
2025-12-04,9:45:46.073420795,T,303.46,120,303.88,160,IBM
2025-12-04,9:45:46.073425783,T,303.46,80,303.88,160,IBM
2025-12-04,9:45:46.073646350,T,303.46,80,303.76,80,IBM
2025-12-04,9:45:46.074187611,T,303.46,80,303.88,160,IBM
2025-12-04,9:45:50.056648443,T,303.46,80,303.76,40,IBM
2025-12-04,9:45:51.555832563,T,303.46,40,303.76,40,IBM
2025-12-04,9:45:51.555837267,T,303.43,40,303.76,40,IBM
2025-12-04,9:45:51.555862381,T,303.43,40,303.6,40,IBM
2025-12-04,9:45:51.555897507,T,303.43,40,303.6,80,IBM
2025-12-04,9:45:51.556523996,T,303.41,40,303.6,80,IBM
2025-12-04,9:45:51.556533984,T,303.43,40,303.6,80,IBM
2025-12-04,9:45:51.556554068,T,303.43,40,303.61,40,IBM
2025-12-04,9:45:51.556579116,T,303.41,40,303.61,40,IBM
2025-12-04,9:45:51.556624235,T,303.41,40,303.59,40,IBM
2025-12-04,9:45:51.556654268,T,303.41,40,303.71,40,IBM
2025-12-04,9:45:51.556654268,T,303.41,40,303.51,40,IBM
2025-12-04,9:45:51.558313241,T,303.43,40,303.51,40,IBM
2025-12-04,9:45:51.558333295,T,303.43,40,303.61,40,IBM
2025-12-04,9:45:51.558363306,T,303.43,40,303.73,40,IBM
2025-12-04,9:45:51.558393413,T,303.41,40,303.73,40,IBM
2025-12-04,9:45:51.558413507,T,303.41,40,303.61,40,IBM
2025-12-04,9:45:51.558428436,T,303.41,40,303.6,40,IBM
2025-12-04,9:45:51.558488571,T,303.41,40,303.61,40,IBM
2025-12-04,9:45:51.558628887,T,303.41,40,303.52,40,IBM
2025-12-04,9:45:51.560022256,T,303.43,40,303.52,40,IBM
2025-12-04,9:45:51.560042271,T,303.43,40,303.61,40,IBM
2025-12-04,9:45:51.560067366,T,303.43,40,303.73,40,IBM
2025-12-04,9:45:51.561926850,T,303.43,40,303.61,40,IBM
2025-12-04,9:45:51.562818913,T,303.43,40,303.71,40,IBM
2025-12-04,9:45:51.564558112,T,303.43,40,303.73,40,IBM
2025-12-04,9:45:51.655915585,T,303.43,40,303.8,40,IBM
2025-12-04,9:45:51.657078306,T,303.43,40,303.68,40,IBM
2025-12-04,9:45:51.663829590,T,303.41,40,303.68,40,IBM
2025-12-04,9:45:51.663839406,T,303.43,40,303.68,40,IBM
2025-12-04,9:45:51.663849429,T,303.43,40,303.58,40,IBM
2025-12-04,9:45:51.663864429,T,303.43,40,303.68,40,IBM
2025-12-04,9:45:51.663874449,T,303.41,40,303.68,40,IBM
2025-12-04,9:45:51.663939695,T,303.41,40,303.58,40,IBM
2025-12-04,9:45:51.663959766,T,303.41,40,303.68,80,IBM
2025-12-04,9:45:51.664190215,T,303.41,40,303.68,40,IBM
2025-12-04,9:45:51.664190215,T,303.41,40,303.68,80,IBM
2025-12-04,9:45:51.666114865,T,303.43,40,303.68,80,IBM
2025-12-04,9:45:51.667788839,T,303.41,40,303.68,80,IBM
2025-12-04,9:45:51.667808855,T,303.41,40,303.52,40,IBM
2025-12-04,9:45:51.768994737,T,303.41,40,303.52,80,IBM
2025-12-04,9:45:52.073890778,T,303.41,40,303.52,40,IBM
2025-12-04,9:45:52.135081462,T,303.38,40,303.52,40,IBM
2025-12-04,9:45:52.912717597,T,303.38,40,303.47,40,IBM
2025-12-04,9:45:52.913915430,T,303.38,40,303.52,40,IBM
2025-12-04,9:45:53.142319255,T,303.38,40,303.88,160,IBM
2025-12-04,9:45:53.412667739,T,303.38,40,303.88,200,IBM
2025-12-04,9:45:53.412838214,T,303.38,40,303.63,80,IBM
2025-12-04,9:46:00.135948542,T,303.38,40,303.8,40,IBM
2025-12-04,9:46:00.135948542,T,303.38,40,303.87,40,IBM
2025-12-04,9:46:00.135968677,T,303.5,40,303.87,40,IBM
2025-12-04,9:46:00.136008742,T,303.5,40,303.88,200,IBM
2025-12-04,9:46:00.136038793,T,303.5,40,303.88,160,IBM
2025-12-04,9:46:00.137552353,T,303.5,40,303.86,40,IBM
2025-12-04,9:46:00.239875938,T,303.5,80,303.86,40,IBM
2025-12-04,9:46:00.240121531,T,303.51,40,303.86,40,IBM
2025-12-04,9:46:00.339889062,T,303.38,40,303.86,40,IBM
2025-12-04,9:46:01.135072132,T,303.49,40,303.86,40,IBM
2025-12-04,9:46:01.930390243,T,303.5,40,303.86,40,IBM
2025-12-04,9:46:01.937266914,T,303.5,40,303.91,40,IBM
2025-12-04,9:46:01.937266914,T,303.5,40,303.96,40,IBM
2025-12-04,9:46:01.937296775,T,303.66,40,303.96,40,IBM
2025-12-04,9:46:01.937306782,T,303.67,40,303.96,40,IBM
2025-12-04,9:46:01.937341812,T,303.67,40,304.04,40,IBM
2025-12-04,9:46:01.937371916,T,303.67,40,304.05,40,IBM
2025-12-04,9:46:02.037289813,T,303.5,80,304.05,40,IBM
2025-12-04,9:46:02.910303043,T,303.66,40,304.05,40,IBM
2025-12-04,9:46:02.937698302,T,303.66,40,304.0,40,IBM
2025-12-04,9:46:03.901728428,T,303.76,40,304.0,40,IBM
2025-12-04,9:46:04.423585727,T,303.76,80,304.0,40,IBM
2025-12-04,9:46:05.443288271,T,303.76,80,304.0,80,IBM
2025-12-04,9:46:09.984338444,T,303.76,120,304.0,80,IBM
2025-12-04,9:46:10.068904730,T,303.76,80,304.0,80,IBM
2025-12-04,9:46:13.354762065,T,303.76,80,304.0,40,IBM
2025-12-04,9:46:21.909166685,T,303.76,80,303.91,40,IBM
2025-12-04,9:46:21.909963553,T,303.76,80,303.91,80,IBM
2025-12-04,9:46:38.756157912,T,303.76,40,303.91,80,IBM
2025-12-04,9:46:38.756162785,T,303.49,40,303.91,80,IBM
2025-12-04,9:46:38.756243074,T,303.49,40,303.91,120,IBM
2025-12-04,9:46:38.756293188,T,303.49,40,303.9,40,IBM
2025-12-04,9:46:38.756363271,T,303.49,40,303.9,80,IBM
2025-12-04,9:46:38.756403434,T,303.49,40,303.9,40,IBM
2025-12-04,9:46:38.756403434,T,303.49,40,303.84,40,IBM
2025-12-04,9:46:38.801646111,T,303.49,40,303.9,40,IBM
2025-12-04,9:46:38.827106764,T,303.66,40,303.9,40,IBM
2025-12-04,9:46:44.937483187,T,303.49,40,303.9,40,IBM
2025-12-04,9:46:49.104007072,T,303.49,40,303.83,40,IBM
2025-12-04,9:46:49.104012030,T,303.49,40,303.78,40,IBM
2025-12-04,9:46:49.112406970,T,303.49,40,303.91,80,IBM
2025-12-04,9:46:49.561962270,T,303.49,40,303.91,40,IBM
2025-12-04,9:46:59.563301779,T,303.5,40,303.91,40,IBM
2025-12-04,9:46:59.563477195,T,303.6,80,303.91,40,IBM
2025-12-04,9:46:59.563587469,T,303.6,120,303.91,40,IBM
2025-12-04,9:46:59.563828099,T,303.6,80,303.91,40,IBM
2025-12-04,9:46:59.564434445,T,303.6,80,303.9,40,IBM
2025-12-04,9:46:59.565055929,T,303.6,80,303.9,80,IBM
2025-12-04,9:46:59.818028117,T,303.6,80,303.9,40,IBM
2025-12-04,9:47:00.045604870,T,303.61,40,303.9,40,IBM
2025-12-04,9:47:00.523863405,T,303.61,80,303.9,40,IBM
2025-12-04,9:47:09.892576584,T,303.61,160,303.9,40,IBM
2025-12-04,9:47:10.075918197,T,303.61,160,303.91,40,IBM
2025-12-04,9:47:10.075918197,T,303.61,160,304.05,40,IBM
2025-12-04,9:47:10.075923051,T,303.61,160,304.08,160,IBM
2025-12-04,9:47:10.075943137,T,303.75,40,304.08,160,IBM
2025-12-04,9:47:10.076323969,T,303.75,80,304.08,160,IBM
2025-12-04,9:47:10.076414341,T,303.75,120,304.08,160,IBM
2025-12-04,9:47:10.076539556,T,303.75,120,304.22,40,IBM
2025-12-04,9:47:10.076960499,T,303.75,160,304.22,40,IBM
2025-12-04,9:47:10.077135967,T,303.75,160,304.25,160,IBM
2025-12-04,9:47:10.077592311,T,303.75,200,304.25,160,IBM
2025-12-04,9:47:10.077837675,T,303.75,200,304.15,40,IBM
2025-12-04,9:47:10.077852608,T,303.75,160,304.15,40,IBM
2025-12-04,9:47:10.078053158,T,303.75,120,304.15,40,IBM
2025-12-04,9:47:10.080358587,T,303.76,40,304.15,40,IBM
2025-12-04,9:47:10.086022116,T,303.75,80,304.15,40,IBM
2025-12-04,9:47:10.086518320,T,303.75,40,304.15,40,IBM
2025-12-04,9:47:10.136657697,T,303.82,40,304.15,40,IBM
2025-12-04,9:47:12.137500957,T,303.84,40,304.15,40,IBM
2025-12-04,9:47:12.490260804,T,303.92,40,304.15,40,IBM
2025-12-04,9:47:18.052001090,T,303.92,80,304.15,40,IBM
2025-12-04,9:47:18.052717788,T,303.92,80,304.28,40,IBM
2025-12-04,9:47:18.052717788,T,303.92,80,304.38,160,IBM
2025-12-04,9:47:18.052737833,T,304.03,40,304.38,160,IBM
2025-12-04,9:47:18.053665088,T,304.03,40,304.55,40,IBM
2025-12-04,9:47:18.053670137,T,304.03,40,304.51,160,IBM
2025-12-04,9:47:18.054176304,T,303.92,120,304.51,160,IBM
2025-12-04,9:47:18.054216439,T,303.92,120,304.34,80,IBM
2025-12-04,9:47:18.062907047,T,303.92,120,304.51,160,IBM
2025-12-04,9:47:18.063257870,T,303.92,80,304.51,160,IBM
2025-12-04,9:47:18.063353102,T,303.92,120,304.51,160,IBM
2025-12-04,9:47:18.063774167,T,303.92,160,304.51,160,IBM
2025-12-04,9:47:18.112665542,T,303.92,120,304.51,160,IBM
2025-12-04,9:47:18.112675539,T,303.92,80,304.51,160,IBM
2025-12-04,9:47:18.152896346,T,303.92,40,304.51,160,IBM
2025-12-04,9:47:19.053144535,T,303.92,40,304.4,80,IBM
2025-12-04,9:47:20.731455031,T,303.92,80,304.4,80,IBM
2025-12-04,9:47:20.732687950,T,303.92,40,304.4,80,IBM
2025-12-04,9:47:20.733314437,T,303.92,40,304.37,80,IBM
2025-12-04,9:47:20.734071226,T,303.92,40,304.37,160,IBM
2025-12-04,9:47:20.769941697,T,303.92,40,304.37,80,IBM
2025-12-04,9:47:23.789189168,T,303.92,40,304.34,80,IBM
2025-12-04,9:47:23.789945954,T,303.92,40,304.34,160,IBM
2025-12-04,9:47:26.432687312,T,303.92,40,304.32,40,IBM
2025-12-04,9:47:26.433083273,T,303.92,40,304.34,120,IBM
2025-12-04,9:47:31.047764317,T,303.92,40,304.2,40,IBM
2025-12-04,9:47:31.099171649,T,303.92,40,304.2,80,IBM
2025-12-04,9:47:31.361396016,T,303.92,40,304.2,40,IBM
2025-12-04,9:47:32.144194465,T,303.92,40,304.22,40,IBM
2025-12-04,9:47:35.116635666,T,303.92,40,304.19,120,IBM
2025-12-04,9:47:35.117437565,T,303.92,40,304.19,200,IBM
2025-12-04,9:47:35.215997223,T,303.92,40,304.19,80,IBM
2025-12-04,9:47:37.565164579,T,303.92,40,304.19,120,IBM
2025-12-04,9:47:37.659719590,T,303.92,40,304.19,80,IBM
2025-12-04,9:47:54.369900364,T,303.92,40,304.19,120,IBM
2025-12-04,9:47:54.369905315,T,303.92,40,304.06,40,IBM
2025-12-04,9:47:54.369965472,T,303.84,40,304.06,40,IBM
2025-12-04,9:47:54.370010648,T,303.84,40,304.06,80,IBM
2025-12-04,9:47:54.370296239,T,303.84,40,304.06,40,IBM
2025-12-04,9:47:54.376911986,T,303.84,40,304.19,40,IBM
2025-12-04,9:47:54.464595826,T,303.84,40,304.22,40,IBM
2025-12-04,9:47:54.619023421,T,303.84,40,304.06,80,IBM
2025-12-04,9:47:59.995407301,T,303.85,40,304.06,80,IBM
2025-12-04,9:48:00.453979024,T,303.85,80,304.06,80,IBM
2025-12-04,9:48:00.453989179,T,303.85,120,304.06,80,IBM
2025-12-04,9:48:00.454009140,T,303.85,160,304.06,80,IBM
2025-12-04,9:48:00.566607180,T,303.85,160,304.06,40,IBM
2025-12-04,9:48:00.566632304,T,303.85,160,304.32,40,IBM
2025-12-04,9:48:00.566632304,T,303.85,160,304.34,80,IBM
2025-12-04,9:48:00.566657357,T,303.95,40,304.34,80,IBM
2025-12-04,9:48:00.566907946,T,303.95,80,304.34,80,IBM
2025-12-04,9:48:00.567118450,T,303.95,120,304.34,80,IBM
2025-12-04,9:48:00.567283801,T,303.95,120,304.14,80,IBM
2025-12-04,9:48:00.567519318,T,303.95,160,304.14,80,IBM
2025-12-04,9:48:00.568737253,T,303.95,200,304.14,80,IBM
2025-12-04,9:48:00.571799546,T,303.95,160,304.14,80,IBM
2025-12-04,9:48:00.571819552,T,303.95,120,304.14,80,IBM
2025-12-04,9:48:00.680733890,T,303.95,80,304.14,80,IBM
2025-12-04,9:48:00.686512986,T,303.96,40,304.14,80,IBM
2025-12-04,9:48:00.686743180,T,303.96,80,304.14,80,IBM
2025-12-04,9:48:00.687008816,T,303.96,120,304.14,80,IBM
2025-12-04,9:48:00.687429883,T,303.96,160,304.14,80,IBM
2025-12-04,9:48:02.551988599,T,303.96,120,304.14,80,IBM
2025-12-04,9:48:02.552204082,T,303.96,80,304.14,80,IBM
2025-12-04,9:48:02.552279337,T,303.96,40,304.14,80,IBM
2025-12-04,9:48:03.739280017,T,303.96,40,304.14,120,IBM
2025-12-04,9:48:13.101412922,T,303.89,40,304.14,120,IBM
2025-12-04,9:48:13.101433071,T,303.89,40,304.14,40,IBM
2025-12-04,9:48:13.101448026,T,303.89,40,304.14,80,IBM
2025-12-04,9:48:13.101458105,T,303.89,40,303.96,80,IBM
2025-12-04,9:48:13.101498202,T,303.85,80,303.96,80,IBM
2025-12-04,9:48:13.101543326,T,303.85,40,303.96,80,IBM
2025-12-04,9:48:13.101558544,T,303.85,40,304.14,80,IBM
2025-12-04,9:48:13.101578412,T,303.85,40,304.14,40,IBM
2025-12-04,9:48:13.101583388,T,303.85,40,303.95,80,IBM
2025-12-04,9:48:13.101839044,T,303.89,40,303.95,80,IBM
2025-12-04,9:48:13.113125875,T,303.85,40,303.95,80,IBM
2025-12-04,9:48:13.385549350,T,303.85,40,304.08,40,IBM
2025-12-04,9:48:13.385579476,T,303.85,40,304.32,40,IBM
2025-12-04,9:48:15.079547039,T,303.85,40,304.34,120,IBM
2025-12-04,9:48:15.087054913,T,303.85,40,304.32,40,IBM
2025-12-04,9:48:15.087090008,T,303.85,40,304.34,120,IBM
2025-12-04,9:48:15.087115064,T,303.85,80,304.34,120,IBM
2025-12-04,9:48:15.087425750,T,303.88,40,304.34,120,IBM
2025-12-04,9:48:15.087450885,T,303.88,40,304.34,80,IBM
2025-12-04,9:48:15.087566140,T,303.88,40,304.34,120,IBM
2025-12-04,9:48:15.087581139,T,303.88,40,304.34,80,IBM
2025-12-04,9:48:15.087586177,T,303.85,40,304.34,80,IBM
2025-12-04,9:48:15.087936994,T,303.85,40,304.23,40,IBM
2025-12-04,9:48:16.970488957,T,303.85,40,304.23,80,IBM
2025-12-04,9:48:25.106452437,T,303.85,40,304.23,120,IBM
2025-12-04,9:48:25.107479893,T,303.85,40,304.23,80,IBM
2025-12-04,9:48:29.278669811,T,303.85,80,304.23,80,IBM
2025-12-04,9:48:31.215510842,T,303.85,120,304.23,80,IBM
2025-12-04,9:48:31.260227293,T,303.85,80,304.23,80,IBM
2025-12-04,9:48:38.085866254,T,303.85,120,304.23,80,IBM
2025-12-04,9:48:40.919542266,T,303.85,80,304.23,80,IBM
2025-12-04,9:48:42.106618464,T,303.85,80,304.23,120,IBM
2025-12-04,9:48:42.376300468,T,303.85,80,304.23,80,IBM
2025-12-04,9:48:43.801934213,T,303.85,80,304.23,120,IBM
2025-12-04,9:48:43.802986707,T,303.85,80,304.23,80,IBM
2025-12-04,9:48:43.803357577,T,303.85,80,304.23,120,IBM
2025-12-04,9:48:43.901025081,T,303.85,40,304.23,120,IBM
2025-12-04,9:48:43.901250655,T,303.85,40,304.21,80,IBM
2025-12-04,9:48:43.930024143,T,303.85,40,304.21,40,IBM
2025-12-04,9:48:46.104971830,T,303.85,40,304.04,40,IBM
2025-12-04,9:48:46.105768835,T,303.85,40,304.04,120,IBM
2025-12-04,9:48:46.109978799,T,303.85,40,304.04,80,IBM
2025-12-04,9:48:56.107343562,T,303.85,40,304.04,120,IBM
2025-12-04,9:48:56.107378677,T,303.84,80,304.04,120,IBM
2025-12-04,9:48:56.107378677,T,303.84,80,303.99,40,IBM
2025-12-04,9:48:56.107408673,T,303.84,80,303.95,40,IBM
2025-12-04,9:48:56.107759548,T,303.84,80,303.99,40,IBM
2025-12-04,9:48:56.108195519,T,303.84,80,303.95,80,IBM
2025-12-04,9:48:56.109007541,T,303.84,80,303.99,40,IBM
2025-12-04,9:48:56.110881937,T,303.84,80,304.04,80,IBM
2025-12-04,9:48:56.110902017,T,303.84,80,304.2,40,IBM
2025-12-04,9:48:56.111142613,T,303.84,80,304.25,40,IBM
2025-12-04,9:48:56.111163162,T,303.84,80,304.32,40,IBM
2025-12-04,9:48:56.111207783,T,303.84,80,304.37,200,IBM
2025-12-04,9:49:01.846621688,T,303.84,40,304.37,200,IBM
2025-12-04,9:49:06.133426966,T,303.84,40,304.39,40,IBM
2025-12-04,9:49:06.133426966,T,303.84,40,304.26,160,IBM
2025-12-04,9:49:09.455330154,T,303.84,40,304.21,40,IBM
2025-12-04,9:49:09.455445388,T,303.84,40,304.2,40,IBM
2025-12-04,9:49:09.455480521,T,303.84,40,304.25,40,IBM
2025-12-04,9:49:09.455485658,T,303.84,40,304.2,40,IBM
2025-12-04,9:49:09.455495578,T,303.84,40,303.95,40,IBM
2025-12-04,9:49:09.455660941,T,303.84,80,303.95,40,IBM
2025-12-04,9:49:09.455966682,T,303.84,80,304.26,160,IBM
2025-12-04,9:49:09.457615563,T,303.84,80,304.0,80,IBM
2025-12-04,9:49:09.472952082,T,303.84,40,304.0,80,IBM
2025-12-04,9:49:10.556842566,T,303.84,40,304.0,120,IBM
2025-12-04,9:49:10.557363785,T,303.84,80,304.0,120,IBM
2025-12-04,9:49:10.557388831,T,303.84,80,304.0,80,IBM
2025-12-04,9:49:10.754292637,T,303.84,40,304.0,80,IBM
2025-12-04,9:49:13.135526356,T,303.82,40,304.0,80,IBM
2025-12-04,9:49:13.135536381,T,303.84,40,304.0,80,IBM
2025-12-04,9:49:13.135546376,T,303.82,40,304.0,80,IBM
2025-12-04,9:49:13.135551368,T,303.82,40,303.92,40,IBM
2025-12-04,9:49:13.135556738,T,303.84,40,303.92,40,IBM
2025-12-04,9:49:13.135566449,T,303.82,40,303.92,40,IBM
2025-12-04,9:49:13.135571617,T,303.82,40,304.0,80,IBM
2025-12-04,9:49:13.135571617,T,303.84,40,304.0,80,IBM
2025-12-04,9:49:13.135606507,T,303.82,40,304.0,80,IBM
2025-12-04,9:49:13.135626640,T,303.82,40,304.0,120,IBM
2025-12-04,9:49:13.135636654,T,303.82,40,303.94,40,IBM
2025-12-04,9:49:13.135646679,T,303.82,40,304.0,120,IBM
2025-12-04,9:49:13.135701825,T,303.82,40,303.94,40,IBM
2025-12-04,9:49:13.135707389,T,303.82,40,304.0,80,IBM
2025-12-04,9:49:13.135707389,T,303.82,40,303.89,40,IBM
2025-12-04,9:49:13.136022585,T,303.82,40,304.0,80,IBM
2025-12-04,9:49:13.136358292,T,303.82,40,303.92,80,IBM
2025-12-04,9:49:13.136779351,T,303.82,40,304.26,160,IBM
2025-12-04,9:49:13.137019970,T,303.83,40,304.26,160,IBM
2025-12-04,9:49:13.138723940,T,303.84,40,304.26,160,IBM
2025-12-04,9:49:14.060082365,T,303.85,40,304.26,160,IBM
2025-12-04,9:49:14.085703380,T,303.85,40,304.2,40,IBM
2025-12-04,9:49:14.107380112,T,303.84,40,304.2,40,IBM
2025-12-04,9:49:17.750041813,T,303.84,80,304.2,40,IBM
2025-12-04,9:49:18.571126447,T,303.84,80,304.25,40,IBM
2025-12-04,9:49:18.571131464,T,303.84,80,304.26,160,IBM
2025-12-04,9:49:18.571156515,T,303.85,40,304.26,160,IBM
2025-12-04,9:49:18.571632662,T,303.85,40,304.18,160,IBM
2025-12-04,9:49:18.572449594,T,303.92,40,304.18,160,IBM
2025-12-04,9:49:18.572610012,T,303.85,40,304.18,160,IBM
2025-12-04,9:49:18.572625100,T,303.85,40,304.26,160,IBM
2025-12-04,9:49:18.572630102,T,303.84,40,304.26,160,IBM
2025-12-04,9:49:18.572650160,T,303.84,40,304.03,160,IBM
2025-12-04,9:49:18.572680122,T,303.84,40,304.03,80,IBM
2025-12-04,9:49:18.572755479,T,303.84,40,304.26,160,IBM
2025-12-04,9:49:18.572775358,T,303.85,40,304.26,160,IBM
2025-12-04,9:49:18.572800409,T,303.84,40,304.26,160,IBM
2025-12-04,9:49:18.572995910,T,303.84,40,304.18,40,IBM
2025-12-04,9:49:18.573406924,T,303.84,80,304.18,40,IBM
2025-12-04,9:49:18.573431998,T,303.84,80,304.26,160,IBM
2025-12-04,9:49:20.347360162,T,303.84,80,304.15,80,IBM
2025-12-04,9:49:22.549447328,T,303.84,40,304.15,80,IBM
2025-12-04,9:49:31.100694744,T,303.84,40,304.15,120,IBM
2025-12-04,9:49:31.100965464,T,303.83,40,304.15,120,IBM
2025-12-04,9:49:31.100970416,T,303.83,40,304.05,40,IBM
2025-12-04,9:49:31.100990435,T,303.83,40,304.0,80,IBM
2025-12-04,9:49:31.101005557,T,303.83,40,303.95,40,IBM
2025-12-04,9:49:31.101100786,T,303.83,40,304.0,40,IBM
2025-12-04,9:49:31.101105799,T,303.83,40,303.9,40,IBM
2025-12-04,9:49:31.102068086,T,303.83,40,304.0,40,IBM
2025-12-04,9:49:31.103311033,T,303.84,40,304.0,40,IBM
2025-12-04,9:49:31.103331056,T,303.84,40,304.06,40,IBM
2025-12-04,9:49:31.105035144,T,303.84,40,303.95,40,IBM
2025-12-04,9:49:31.129568534,T,303.84,40,304.14,40,IBM
2025-12-04,9:49:31.129598591,T,303.84,40,304.2,40,IBM
2025-12-04,9:49:31.201359366,T,303.84,40,304.25,40,IBM
2025-12-04,9:49:41.003905588,T,303.84,40,304.26,200,IBM
2025-12-04,9:49:41.004882863,T,303.84,40,304.1,80,IBM
2025-12-04,9:49:41.005594582,T,303.84,40,304.26,200,IBM
2025-12-04,9:49:43.633345340,T,303.84,40,304.1,40,IBM
2025-12-04,9:49:43.633766350,T,303.84,80,304.1,40,IBM
2025-12-04,9:49:51.334223196,T,303.84,80,304.26,160,IBM
2025-12-04,9:49:52.157427964,T,303.84,80,304.39,40,IBM
2025-12-04,9:49:52.157433014,T,303.84,80,304.38,160,IBM
2025-12-04,9:49:52.158229937,T,303.84,80,304.26,40,IBM
2025-12-04,9:49:53.880038883,T,303.84,80,304.26,80,IBM
2025-12-04,9:49:55.235500723,T,303.84,40,304.26,80,IBM
2025-12-04,9:49:57.542292473,T,303.84,40,304.21,40,IBM
2025-12-04,9:49:58.051309606,T,303.84,40,304.21,80,IBM
2025-12-04,9:49:58.051309606,T,303.84,40,304.21,40,IBM
2025-12-04,9:49:58.051354512,T,303.84,40,304.21,80,IBM
2025-12-04,9:49:58.051359355,T,303.84,40,304.2,40,IBM
2025-12-04,9:49:58.051364459,T,303.83,40,304.2,40,IBM
2025-12-04,9:49:58.051379443,T,303.83,40,304.03,40,IBM
2025-12-04,9:49:58.051389428,T,303.83,40,304.02,40,IBM
2025-12-04,9:49:58.051399511,T,303.83,40,304.02,80,IBM
2025-12-04,9:49:58.051404463,T,303.75,40,304.02,80,IBM
2025-12-04,9:49:58.051414503,T,303.83,40,304.02,80,IBM
2025-12-04,9:49:58.051439590,T,303.83,40,304.02,40,IBM
2025-12-04,9:49:58.051449562,T,303.75,40,304.02,40,IBM
2025-12-04,9:49:58.051454676,T,303.83,40,304.02,40,IBM
2025-12-04,9:49:58.051469969,T,303.83,40,304.02,80,IBM
2025-12-04,9:49:58.051474832,T,303.83,40,304.01,40,IBM
2025-12-04,9:49:58.051484692,T,303.83,40,304.02,80,IBM
2025-12-04,9:49:58.051559846,T,303.75,40,304.02,80,IBM
2025-12-04,9:49:58.051584978,T,303.75,40,304.01,40,IBM
2025-12-04,9:49:58.051604972,T,303.75,40,304.02,80,IBM
2025-12-04,9:49:58.051815487,T,303.75,40,304.01,40,IBM
2025-12-04,9:49:58.054882827,T,303.83,40,304.01,40,IBM
2025-12-04,9:49:58.054902777,T,303.83,40,304.02,80,IBM
2025-12-04,9:49:58.054968032,T,303.75,40,304.02,80,IBM
2025-12-04,9:49:58.054988082,T,303.75,40,304.01,40,IBM
2025-12-04,9:49:58.152530253,T,303.75,40,304.02,40,IBM
2025-12-04,9:49:58.153332206,T,303.75,40,304.02,80,IBM
2025-12-04,9:49:58.324178891,T,303.73,40,304.02,80,IBM
2025-12-04,9:49:58.324188903,T,303.73,40,303.92,40,IBM
2025-12-04,9:49:58.324233959,T,303.73,40,303.89,40,IBM
2025-12-04,9:49:58.325005799,T,303.69,40,303.89,40,IBM
2025-12-04,9:49:58.325381796,T,303.69,40,303.92,80,IBM
2025-12-04,9:49:58.328799894,T,303.69,40,303.92,40,IBM
2025-12-04,9:49:58.403407471,T,303.71,80,303.92,40,IBM
2025-12-04,9:50:01.951017902,T,303.71,80,303.91,40,IBM
2025-12-04,9:50:01.951022837,T,303.71,80,303.91,80,IBM
2025-12-04,9:50:01.951032927,T,303.61,80,303.91,80,IBM
2025-12-04,9:50:01.951318634,T,303.61,80,303.83,40,IBM
2025-12-04,9:50:01.951348582,T,303.61,80,303.82,40,IBM
2025-12-04,9:50:01.953644046,T,303.61,80,303.82,80,IBM
2025-12-04,9:50:01.953644046,T,303.61,80,303.82,40,IBM
2025-12-04,9:50:01.953699230,T,303.5,40,303.82,40,IBM
2025-12-04,9:50:01.956992062,T,303.5,40,303.83,80,IBM
2025-12-04,9:50:02.048199197,T,303.5,40,303.83,40,IBM
2025-12-04,9:50:17.124415087,T,303.6,80,303.83,40,IBM
2025-12-04,9:50:17.124841170,T,303.6,120,303.83,40,IBM
2025-12-04,9:50:17.459928807,T,303.6,160,303.83,40,IBM
2025-12-04,9:50:18.685436221,T,303.6,80,303.83,40,IBM
2025-12-04,9:50:21.530113505,T,303.61,40,303.83,40,IBM
2025-12-04,9:50:21.838588011,T,303.61,80,303.83,40,IBM
2025-12-04,9:50:23.718523227,T,303.61,120,303.83,40,IBM
2025-12-04,9:50:24.693454243,T,303.61,120,303.83,120,IBM
2025-12-04,9:50:26.562794366,T,303.61,200,303.83,120,IBM
2025-12-04,9:50:26.613931098,T,303.61,120,303.83,120,IBM
2025-12-04,9:50:27.555477368,T,303.61,120,303.83,160,IBM
2025-12-04,9:50:27.555517422,T,303.61,120,303.82,40,IBM
2025-12-04,9:50:27.555532453,T,303.61,80,303.82,40,IBM
2025-12-04,9:50:27.555532453,T,303.61,40,303.82,40,IBM
2025-12-04,9:50:27.555537529,T,303.51,40,303.82,40,IBM
2025-12-04,9:50:27.555557507,T,303.5,40,303.82,40,IBM
2025-12-04,9:50:27.555582565,T,303.5,40,303.72,40,IBM
2025-12-04,9:50:27.751920035,T,303.5,40,303.72,200,IBM
2025-12-04,9:50:29.135353524,T,303.57,40,303.72,200,IBM
2025-12-04,9:50:29.135368413,T,303.57,40,303.72,160,IBM
2025-12-04,9:50:29.135378386,T,303.59,40,303.72,160,IBM
2025-12-04,9:50:30.135965368,T,303.57,40,303.72,160,IBM
2025-12-04,9:50:30.136601885,T,303.5,40,303.72,160,IBM
2025-12-04,9:50:30.136887638,T,303.59,40,303.72,160,IBM
2025-12-04,9:50:31.255681061,T,303.6,40,303.72,160,IBM
2025-12-04,9:50:31.622890274,T,303.59,40,303.72,160,IBM
2025-12-04,9:50:34.384610016,T,303.59,40,303.72,120,IBM
2025-12-04,9:50:34.384620085,T,303.59,40,303.72,40,IBM
2025-12-04,9:50:34.384645054,T,303.59,40,303.83,80,IBM
2025-12-04,9:50:34.384715260,T,303.59,80,303.83,80,IBM
2025-12-04,9:50:34.384750330,T,303.59,120,303.83,80,IBM
2025-12-04,9:50:34.384755288,T,303.66,40,303.83,80,IBM
2025-12-04,9:50:34.384805615,T,303.59,120,303.83,80,IBM
2025-12-04,9:50:34.384810448,T,303.6,80,303.83,80,IBM
2025-12-04,9:50:34.384840589,T,303.6,120,303.83,80,IBM
2025-12-04,9:50:34.384845923,T,303.6,80,303.83,80,IBM
2025-12-04,9:50:34.643060285,T,303.6,80,304.08,200,IBM
2025-12-04,9:50:34.667558570,T,303.6,80,303.75,80,IBM
2025-12-04,9:50:34.667588704,T,303.6,80,303.75,40,IBM
2025-12-04,9:50:34.667834281,T,303.6,80,304.08,200,IBM
2025-12-04,9:50:35.339728805,T,303.68,40,304.08,200,IBM
2025-12-04,9:50:35.340666049,T,303.68,40,303.87,80,IBM
2025-12-04,9:50:35.697871535,T,303.68,80,303.87,80,IBM
2025-12-04,9:50:38.816911658,T,303.68,120,303.87,80,IBM
2025-12-04,9:50:40.039933247,T,303.68,80,303.87,80,IBM
2025-12-04,9:50:52.402709404,T,303.68,80,304.08,200,IBM
2025-12-04,9:50:52.938961131,T,303.68,80,303.98,80,IBM
2025-12-04,9:51:04.440737544,T,303.68,80,303.98,120,IBM
2025-12-04,9:51:08.210948207,T,303.68,40,303.98,120,IBM
2025-12-04,9:51:08.211650058,T,303.67,40,303.98,120,IBM
2025-12-04,9:51:08.211830223,T,303.67,40,303.68,40,IBM
2025-12-04,9:51:08.212306315,T,303.67,40,303.98,120,IBM
2025-12-04,9:51:08.212852709,T,303.59,40,303.98,120,IBM
2025-12-04,9:51:08.213318792,T,303.59,80,303.98,120,IBM
2025-12-04,9:51:08.213799962,T,303.59,40,303.98,120,IBM
2025-12-04,9:51:08.213910149,T,303.59,40,303.98,80,IBM
2025-12-04,9:51:08.216355978,T,303.67,40,303.98,80,IBM
2025-12-04,9:51:08.216982436,T,303.67,40,303.98,120,IBM
2025-12-04,9:51:08.217338317,T,303.67,40,303.87,40,IBM
2025-12-04,9:51:08.223979107,T,303.66,40,303.87,40,IBM
2025-12-04,9:51:08.224139512,T,303.66,40,303.86,40,IBM
2025-12-04,9:51:08.293329212,T,303.66,40,303.83,80,IBM
2025-12-04,9:51:08.408152564,T,303.66,40,303.86,40,IBM
2025-12-04,9:51:10.621862544,T,303.66,40,303.87,40,IBM
2025-12-04,9:51:17.532499188,T,303.66,40,303.98,40,IBM
2025-12-04,9:51:35.654812035,T,303.66,40,303.83,80,IBM
2025-12-04,9:51:36.376204470,T,303.66,40,303.98,40,IBM
2025-12-04,9:51:37.637642441,T,303.59,40,303.98,40,IBM
2025-12-04,9:51:37.637667516,T,303.59,40,303.87,40,IBM
2025-12-04,9:51:37.637702648,T,303.59,40,303.75,40,IBM
2025-12-04,9:51:37.746401385,T,303.59,40,303.87,40,IBM
2025-12-04,9:51:40.958808740,T,303.57,40,303.87,40,IBM
2025-12-04,9:51:40.958813743,T,303.59,40,303.87,40,IBM
2025-12-04,9:51:40.958863865,T,303.59,40,303.83,40,IBM
2025-12-04,9:51:40.958883885,T,303.57,40,303.83,40,IBM
2025-12-04,9:51:40.958919010,T,303.57,40,303.75,40,IBM
2025-12-04,9:51:40.965775266,T,303.57,40,303.83,40,IBM
2025-12-04,9:51:40.965810401,T,303.57,40,303.75,40,IBM
2025-12-04,9:51:41.359813451,T,303.57,40,303.83,40,IBM
2025-12-04,9:51:41.359828423,T,303.57,40,303.97,40,IBM
2025-12-04,9:51:41.628372743,T,303.58,40,303.97,40,IBM
2025-12-04,9:51:41.808792262,T,303.58,40,303.7,40,IBM
2025-12-04,9:51:50.466778571,T,303.57,40,303.7,40,IBM
2025-12-04,9:51:50.466818739,T,303.56,40,303.7,40,IBM
2025-12-04,9:51:50.466838710,T,303.57,40,303.7,40,IBM
2025-12-04,9:51:50.466863799,T,303.57,40,303.61,40,IBM
2025-12-04,9:51:50.466878873,T,303.56,40,303.61,40,IBM
2025-12-04,9:51:50.467380028,T,303.55,40,303.61,40,IBM
2025-12-04,9:51:50.467580461,T,303.5,40,303.61,40,IBM
2025-12-04,9:51:50.467590509,T,303.5,40,303.7,80,IBM
2025-12-04,9:51:50.467856119,T,303.5,40,303.7,40,IBM
2025-12-04,9:51:50.492845682,T,303.53,40,303.7,40,IBM
2025-12-04,9:51:50.493051181,T,303.53,40,303.92,40,IBM
2025-12-04,9:51:50.493732783,T,303.53,40,303.9,40,IBM
2025-12-04,9:51:50.493898112,T,303.5,40,303.9,40,IBM
2025-12-04,9:51:50.493928847,T,303.49,40,303.9,40,IBM
2025-12-04,9:51:50.493928847,T,303.49,40,303.59,40,IBM
2025-12-04,9:51:50.501621526,T,303.49,40,303.87,40,IBM
2025-12-04,9:51:50.573497619,T,303.49,40,303.56,40,IBM
2025-12-04,9:51:50.573527709,T,303.45,40,303.56,40,IBM
2025-12-04,9:51:50.573723207,T,303.43,40,303.56,40,IBM
2025-12-04,9:51:50.574339615,T,303.27,40,303.56,40,IBM
2025-12-04,9:51:50.574424895,T,303.27,40,303.51,40,IBM
2025-12-04,9:51:50.575692896,T,303.27,40,303.83,40,IBM
2025-12-04,9:51:50.580399102,T,303.27,40,303.87,40,IBM
2025-12-04,9:51:52.769480621,T,303.35,40,303.87,40,IBM
2025-12-04,9:51:54.695410570,T,303.35,40,303.64,40,IBM
2025-12-04,9:51:57.660724904,T,303.35,40,303.5,40,IBM
2025-12-04,9:52:12.936606025,T,303.35,40,303.45,40,IBM
2025-12-04,9:52:12.936646123,T,303.35,40,303.45,80,IBM
2025-12-04,9:52:13.076894963,T,303.35,40,303.45,40,IBM
2025-12-04,9:52:13.283451746,T,303.35,40,303.72,200,IBM
2025-12-04,9:52:13.283637138,T,303.35,80,303.72,200,IBM
2025-12-04,9:52:13.283787727,T,303.35,40,303.72,200,IBM
2025-12-04,9:52:13.304161044,T,303.35,40,303.5,40,IBM
2025-12-04,9:52:13.324494409,T,303.35,40,303.72,200,IBM
2025-12-04,9:52:13.365852820,T,303.35,40,303.83,40,IBM
2025-12-04,9:52:13.511499589,T,303.35,40,303.82,40,IBM
2025-12-04,9:52:14.054913394,T,303.26,40,303.82,40,IBM
2025-12-04,9:52:15.084985647,T,303.33,40,303.82,40,IBM
2025-12-04,9:52:15.085356476,T,303.33,40,303.83,40,IBM
2025-12-04,9:52:15.085391557,T,303.38,40,303.83,40,IBM
2025-12-04,9:52:15.085446640,T,303.33,80,303.83,40,IBM
2025-12-04,9:52:15.085842616,T,303.33,80,303.49,80,IBM
2025-12-04,9:52:15.085862643,T,303.33,40,303.49,80,IBM
2025-12-04,9:52:15.085867663,T,303.33,40,303.83,40,IBM
2025-12-04,9:52:15.086639710,T,303.33,40,303.63,40,IBM
2025-12-04,9:52:15.105223767,T,303.33,40,303.82,40,IBM
2025-12-04,9:52:15.105283836,T,303.33,40,303.83,40,IBM
2025-12-04,9:52:15.151799565,T,303.33,40,303.63,40,IBM
2025-12-04,9:52:16.019134528,T,303.33,40,303.83,40,IBM
2025-12-04,9:52:16.147324707,T,303.33,40,303.62,40,IBM
2025-12-04,9:52:16.429225687,T,303.33,40,303.83,40,IBM
2025-12-04,9:52:16.429295822,T,303.33,40,303.61,40,IBM
2025-12-04,9:52:19.173393342,T,303.33,40,303.83,40,IBM
2025-12-04,9:52:19.399020526,T,303.26,40,303.83,40,IBM
2025-12-04,9:52:19.399506624,T,303.26,40,303.61,40,IBM
2025-12-04,9:52:19.623284395,T,303.26,40,303.83,40,IBM
2025-12-04,9:52:19.623765604,T,303.26,40,303.62,40,IBM
2025-12-04,9:52:20.331049404,T,303.39,40,303.62,40,IBM
2025-12-04,9:52:20.331084461,T,303.39,40,303.83,40,IBM
2025-12-04,9:52:25.918641475,T,303.39,40,303.61,40,IBM
2025-12-04,9:52:25.918917182,T,303.26,40,303.61,40,IBM
2025-12-04,9:52:25.918942396,T,303.26,40,303.76,40,IBM
2025-12-04,9:52:25.918947213,T,303.26,40,303.52,40,IBM
2025-12-04,9:52:25.919007456,T,303.26,40,303.76,40,IBM
2025-12-04,9:52:25.919012353,T,303.26,40,303.46,40,IBM
2025-12-04,9:52:26.061336108,T,303.26,40,303.69,40,IBM
2025-12-04,9:52:26.503333378,T,303.21,40,303.69,40,IBM
2025-12-04,9:52:29.874288296,T,303.21,40,303.48,40,IBM
2025-12-04,9:52:29.874308289,T,303.21,40,303.45,40,IBM
2025-12-04,9:52:29.874593940,T,303.21,40,303.48,40,IBM
2025-12-04,9:52:29.874593940,T,303.21,40,303.4,40,IBM
2025-12-04,9:52:29.874684156,T,303.19,40,303.4,40,IBM
2025-12-04,9:52:30.503150318,T,303.27,40,303.4,40,IBM
2025-12-04,9:52:31.488536163,T,303.27,40,303.76,40,IBM
2025-12-04,9:52:32.064687655,T,303.27,40,303.82,40,IBM
2025-12-04,9:52:32.064702893,T,303.27,80,303.82,40,IBM
2025-12-04,9:52:32.064707724,T,303.31,40,303.82,40,IBM
2025-12-04,9:52:32.065153769,T,303.31,40,303.76,40,IBM
2025-12-04,9:52:32.065173839,T,303.27,80,303.76,40,IBM
2025-12-04,9:52:32.065339406,T,303.27,80,303.8,40,IBM
2025-12-04,9:52:32.071609169,T,303.27,40,303.8,40,IBM
2025-12-04,9:52:32.227169467,T,303.21,40,303.8,40,IBM
2025-12-04,9:52:32.227274722,T,303.21,40,303.82,40,IBM
2025-12-04,9:52:32.318441801,T,303.19,40,303.82,40,IBM
2025-12-04,9:52:33.921207541,T,303.27,40,303.82,40,IBM
2025-12-04,9:52:33.921834039,T,303.27,40,303.8,40,IBM
2025-12-04,9:52:36.349823912,T,303.27,40,303.76,160,IBM
2025-12-04,9:52:37.801118916,T,303.19,40,303.76,160,IBM
2025-12-04,9:52:37.801920892,T,303.19,40,303.69,40,IBM
2025-12-04,9:52:38.763154161,T,303.33,40,303.69,40,IBM
2025-12-04,9:52:46.892471811,T,303.33,40,303.76,200,IBM
2025-12-04,9:52:46.892597190,T,303.33,40,303.76,160,IBM
2025-12-04,9:52:46.893404041,T,303.33,40,303.76,560,IBM
2025-12-04,9:52:46.895353654,T,303.33,40,303.76,400,IBM
2025-12-04,9:52:46.896897327,T,303.33,40,303.69,40,IBM
2025-12-04,9:52:46.896942476,T,303.33,40,303.69,440,IBM
2025-12-04,9:52:47.147654342,T,303.33,40,303.69,400,IBM
2025-12-04,9:52:47.623567248,T,303.33,40,303.68,40,IBM
2025-12-04,9:52:47.623612302,T,303.33,40,303.68,440,IBM
2025-12-04,9:52:47.896797737,T,303.33,40,303.68,400,IBM
2025-12-04,9:52:47.897499394,T,303.33,40,303.67,40,IBM
2025-12-04,9:52:47.897549502,T,303.33,40,303.67,440,IBM
2025-12-04,9:52:48.006904928,T,303.33,40,303.67,400,IBM
2025-12-04,9:52:48.040199143,T,303.33,40,303.66,40,IBM
2025-12-04,9:52:48.040244294,T,303.33,40,303.66,440,IBM
2025-12-04,9:52:48.357394241,T,303.33,40,303.66,400,IBM
2025-12-04,9:52:50.058323612,T,303.33,40,303.65,40,IBM
2025-12-04,9:52:50.058363712,T,303.33,40,303.65,440,IBM
2025-12-04,9:52:50.498130648,T,303.33,40,303.65,400,IBM
2025-12-04,9:52:51.112222552,T,303.33,40,303.64,40,IBM
2025-12-04,9:52:51.112267665,T,303.33,40,303.64,440,IBM
2025-12-04,9:52:51.480729753,T,303.33,40,303.64,400,IBM
2025-12-04,9:52:51.788482410,T,303.33,40,303.63,40,IBM
2025-12-04,9:52:51.788527541,T,303.33,40,303.63,440,IBM
2025-12-04,9:52:52.745119763,T,303.33,40,303.63,400,IBM
2025-12-04,9:52:54.876112907,T,303.33,40,303.62,40,IBM
2025-12-04,9:52:54.876152916,T,303.33,40,303.62,440,IBM
2025-12-04,9:52:55.232175410,T,303.33,40,303.62,400,IBM
2025-12-04,9:53:01.040016871,T,303.33,40,303.62,440,IBM
2025-12-04,9:53:01.040031973,T,303.33,40,303.62,40,IBM
2025-12-04,9:53:01.040047040,T,303.33,40,303.61,40,IBM
2025-12-04,9:53:01.040057009,T,303.33,40,303.61,440,IBM
2025-12-04,9:53:01.662328483,T,303.33,40,303.61,400,IBM
2025-12-04,9:53:19.496815424,T,303.33,40,303.83,40,IBM
2025-12-04,9:53:19.496840496,T,303.33,40,303.58,400,IBM
2025-12-04,9:53:44.443664264,T,303.33,80,303.58,400,IBM
2025-12-04,9:54:04.383593054,T,303.33,40,303.58,400,IBM
2025-12-04,9:54:19.363383902,T,303.33,40,303.58,480,IBM
2025-12-04,9:54:26.322942022,T,303.33,80,303.58,480,IBM
2025-12-04,9:54:26.385149831,T,303.33,160,303.58,480,IBM
2025-12-04,9:54:26.871758257,T,303.33,120,303.58,480,IBM
2025-12-04,9:54:27.265400338,T,303.33,40,303.58,480,IBM
2025-12-04,9:54:32.937177755,T,303.33,80,303.58,480,IBM
2025-12-04,9:54:33.557103494,T,303.33,40,303.58,480,IBM
2025-12-04,9:54:36.695259469,T,303.33,40,303.58,80,IBM
2025-12-04,9:54:36.695284511,T,303.33,40,303.56,400,IBM
2025-12-04,9:54:39.363115405,T,303.33,40,303.56,480,IBM
2025-12-04,9:54:42.325392510,T,303.33,80,303.56,480,IBM
2025-12-04,9:54:47.698879732,T,303.33,40,303.56,480,IBM
2025-12-04,9:54:47.699019996,T,303.33,40,303.56,80,IBM
2025-12-04,9:54:47.699045048,T,303.33,40,303.49,400,IBM
2025-12-04,9:54:49.367386678,T,303.33,40,303.49,480,IBM
2025-12-04,9:54:50.672258238,T,303.33,40,303.49,520,IBM
2025-12-04,9:54:55.275581733,T,303.33,80,303.49,520,IBM
2025-12-04,9:55:00.913608834,T,303.33,40,303.49,520,IBM
2025-12-04,9:55:01.467457383,T,303.33,40,303.49,480,IBM
2025-12-04,9:55:01.467472429,T,303.33,40,303.49,160,IBM
2025-12-04,9:55:01.467477522,T,303.33,40,303.49,120,IBM
2025-12-04,9:55:01.467482472,T,303.33,40,303.49,40,IBM
2025-12-04,9:55:01.467482472,T,303.33,40,303.7,40,IBM
2025-12-04,9:55:01.675808316,T,303.41,40,303.7,40,IBM
2025-12-04,9:55:01.681767543,T,303.41,40,303.76,200,IBM
