DATE,TIME_M,EX,BID,BIDSIZ,ASK,ASKSIZ,SYM_ROOT
2025-10-21,9:30:01.285584717,T,281.22,100,284.5,100,IBM
2025-10-21,9:30:02.382475937,T,281.22,100,285.75,100,IBM
2025-10-21,9:30:03.095468329,T,281.63,100,285.75,100,IBM
2025-10-21,9:30:03.135413473,T,281.63,100,285.3,100,IBM
2025-10-21,9:30:03.878407364,T,279.18,100,285.3,100,IBM
2025-10-21,9:30:03.878407364,T,279.18,100,286.1,100,IBM
2025-10-21,9:30:04.110088821,T,279.18,100,285.95,100,IBM
2025-10-21,9:30:04.110088821,T,280.65,100,285.95,100,IBM
2025-10-21,9:30:04.531953235,T,280.65,100,285.0,100,IBM
2025-10-21,9:30:04.987442658,T,281.38,100,285.0,100,IBM
2025-10-21,9:30:06.259034761,T,281.38,100,285.48,100,IBM
2025-10-21,9:30:08.786261178,T,279.18,200,285.48,100,IBM
2025-10-21,9:30:08.787023000,T,281.38,100,285.48,100,IBM
2025-10-21,9:30:17.426440612,T,281.38,100,284.5,100,IBM
2025-10-21,9:30:17.442173099,T,281.38,100,285.0,100,IBM
2025-10-21,9:30:17.444152843,T,280.38,100,285.0,100,IBM
2025-10-21,9:30:18.454618479,T,280.38,100,284.5,100,IBM
2025-10-21,9:30:19.783532137,T,280.64,100,284.5,100,IBM
2025-10-21,9:30:23.111299817,T,282.0,100,284.5,100,IBM
2025-10-21,9:30:23.111905958,T,281.2,100,284.5,100,IBM
2025-10-21,9:30:23.119072995,T,280.92,100,284.5,100,IBM
2025-10-21,9:30:24.239856212,T,280.92,100,284.48,100,IBM
2025-10-21,9:30:24.255197750,T,280.96,100,284.48,100,IBM
2025-10-21,9:30:24.255202849,T,280.96,100,284.3,100,IBM
2025-10-21,9:30:24.255869393,T,281.14,100,284.3,100,IBM
2025-10-21,9:30:24.255879354,T,281.14,100,284.25,100,IBM
2025-10-21,9:30:24.257252644,T,281.32,100,284.25,100,IBM
2025-10-21,9:30:33.999445660,T,281.32,100,284.12,100,IBM
2025-10-21,9:30:56.962042465,T,281.5,100,284.12,100,IBM
2025-10-21,9:30:56.962042465,T,281.5,100,284.3,100,IBM
2025-10-21,9:30:57.141043617,T,282.14,100,284.3,100,IBM
2025-10-21,9:30:57.141299174,T,282.14,100,283.01,100,IBM
2025-10-21,9:30:58.192221110,T,281.5,100,283.01,100,IBM
2025-10-21,9:30:58.192351488,T,281.5,100,284.3,100,IBM
2025-10-21,9:30:58.792450012,T,281.5,100,283.76,100,IBM
2025-10-21,9:30:58.795798357,T,281.5,100,284.3,100,IBM
2025-10-21,9:30:58.795802917,T,281.5,100,283.76,100,IBM
2025-10-21,9:30:59.228172330,T,281.5,100,284.3,100,IBM
2025-10-21,9:31:00.602695319,T,282.08,200,284.3,100,IBM
2025-10-21,9:31:00.602699709,T,282.08,200,283.34,200,IBM
2025-10-21,9:31:19.804498407,T,282.21,100,283.34,200,IBM
2025-10-21,9:31:19.804593572,T,282.22,100,283.34,200,IBM
2025-10-21,9:31:19.804618774,T,282.46,100,283.34,200,IBM
2025-10-21,9:31:19.804728990,T,282.21,100,283.34,200,IBM
2025-10-21,9:31:19.804733870,T,282.67,100,283.34,200,IBM
2025-10-21,9:31:19.805129922,T,282.56,100,283.34,200,IBM
2025-10-21,9:31:19.805565942,T,282.56,100,284.5,100,IBM
2025-10-21,9:31:19.805571014,T,282.56,100,283.59,200,IBM
2025-10-21,9:31:19.805595953,T,282.35,100,283.59,200,IBM
2025-10-21,9:31:19.805676135,T,282.22,100,283.59,200,IBM
2025-10-21,9:31:19.805701203,T,282.21,100,283.59,200,IBM
2025-10-21,9:31:19.805806434,T,282.21,100,283.24,100,IBM
2025-10-21,9:31:19.805816516,T,282.08,200,283.24,100,IBM
2025-10-21,9:31:19.805891728,T,282.22,100,283.24,100,IBM
2025-10-21,9:31:19.806112213,T,282.22,200,283.24,100,IBM
2025-10-21,9:31:19.814792898,T,282.22,300,283.24,100,IBM
2025-10-21,9:31:19.814847978,T,282.47,100,283.24,100,IBM
2025-10-21,9:31:19.816131060,T,282.22,200,283.24,100,IBM
2025-10-21,9:31:19.816341559,T,282.22,100,283.24,100,IBM
2025-10-21,9:31:19.816356572,T,282.22,200,283.24,100,IBM
2025-10-21,9:31:19.816567042,T,282.22,300,283.24,100,IBM
2025-10-21,9:31:19.904481427,T,282.22,200,283.24,100,IBM
2025-10-21,9:31:19.941705020,T,282.22,100,283.24,100,IBM
2025-10-21,9:31:21.333122352,T,282.22,200,283.24,100,IBM
2025-10-21,9:31:21.333142410,T,282.22,100,283.24,100,IBM
2025-10-21,9:31:21.333162464,T,282.22,100,283.38,200,IBM
2025-10-21,9:31:21.333177522,T,282.22,200,283.38,200,IBM
2025-10-21,9:31:21.333187536,T,282.22,200,283.0,100,IBM
2025-10-21,9:31:21.333212605,T,282.22,200,283.38,200,IBM
2025-10-21,9:31:21.333503296,T,282.22,100,283.38,200,IBM
2025-10-21,9:31:21.504921396,T,282.21,100,283.38,200,IBM
2025-10-21,9:31:21.584114938,T,282.2,100,283.38,200,IBM
2025-10-21,9:31:21.586651012,T,282.22,100,283.38,200,IBM
2025-10-21,9:31:21.891812536,T,282.08,300,283.38,200,IBM
2025-10-21,9:31:23.155811578,T,282.2,100,283.38,200,IBM
2025-10-21,9:31:23.155846699,T,282.22,100,283.38,200,IBM
2025-10-21,9:31:23.156057155,T,282.22,200,283.38,200,IBM
2025-10-21,9:31:23.160091771,T,282.22,100,283.38,200,IBM
2025-10-21,9:31:24.783165838,T,282.22,200,283.38,200,IBM
2025-10-21,9:31:24.787405921,T,282.22,100,283.38,200,IBM
2025-10-21,9:31:27.420238901,T,282.22,200,283.38,200,IBM
2025-10-21,9:31:27.421822712,T,282.22,100,283.38,200,IBM
2025-10-21,9:31:30.021421459,T,282.29,200,283.38,200,IBM
2025-10-21,9:31:56.317077878,T,282.29,300,283.38,200,IBM
2025-10-21,9:31:56.909493142,T,282.29,100,283.38,200,IBM
2025-10-21,9:31:56.909498207,T,282.45,200,283.38,200,IBM
2025-10-21,9:32:26.814272077,T,282.45,300,283.38,200,IBM
2025-10-21,9:32:26.817544872,T,282.45,300,283.38,300,IBM
2025-10-21,9:32:26.824336050,T,282.45,200,283.38,300,IBM
2025-10-21,9:32:26.878670426,T,282.45,200,283.38,200,IBM
2025-10-21,9:32:28.242677659,T,282.77,100,283.38,200,IBM
2025-10-21,9:32:28.242702687,T,282.77,100,283.82,100,IBM
2025-10-21,9:32:28.242707800,T,282.86,100,283.82,100,IBM
2025-10-21,9:32:28.242732774,T,282.98,100,283.82,100,IBM
2025-10-21,9:32:28.242767895,T,282.98,100,283.49,100,IBM
2025-10-21,9:32:28.242843065,T,282.86,100,283.49,100,IBM
2025-10-21,9:32:28.242888167,T,282.86,100,283.77,100,IBM
2025-10-21,9:32:28.242893148,T,282.86,100,283.61,200,IBM
2025-10-21,9:32:28.243033485,T,282.86,100,283.49,100,IBM
2025-10-21,9:32:28.243103750,T,282.77,100,283.49,100,IBM
2025-10-21,9:32:28.243103750,T,282.77,100,283.61,200,IBM
2025-10-21,9:32:28.243128702,T,282.77,100,283.35,100,IBM
2025-10-21,9:32:28.243705076,T,282.45,300,283.35,100,IBM
2025-10-21,9:32:28.243725135,T,282.45,200,283.35,100,IBM
2025-10-21,9:32:28.243915638,T,282.45,300,283.35,100,IBM
2025-10-21,9:32:28.244020965,T,282.45,300,283.35,200,IBM
2025-10-21,9:32:28.255979367,T,282.45,200,283.35,200,IBM
2025-10-21,9:32:29.697060121,T,282.46,100,283.35,200,IBM
2025-10-21,9:32:29.697270628,T,282.46,200,283.35,200,IBM
2025-10-21,9:32:29.697696737,T,282.46,200,283.35,300,IBM
2025-10-21,9:32:30.301434064,T,282.46,200,283.35,200,IBM
2025-10-21,9:32:30.971083223,T,282.46,300,283.35,200,IBM
2025-10-21,9:32:33.938898735,T,282.46,200,283.35,200,IBM
2025-10-21,9:32:34.074471484,T,282.46,100,283.35,200,IBM
2025-10-21,9:32:34.559581534,T,282.45,200,283.35,200,IBM
2025-10-21,9:32:34.600012719,T,282.5,100,283.35,200,IBM
2025-10-21,9:32:34.600218248,T,282.5,200,283.35,200,IBM
2025-10-21,9:32:35.442152548,T,282.5,100,283.35,200,IBM
2025-10-21,9:32:35.669578890,T,282.5,200,283.35,200,IBM
2025-10-21,9:32:37.019808376,T,282.5,300,283.35,200,IBM
2025-10-21,9:32:42.394172979,T,282.5,200,283.35,200,IBM
2025-10-21,9:32:43.849783175,T,282.5,100,283.35,200,IBM
2025-10-21,9:32:43.849783175,T,282.45,200,283.35,200,IBM
2025-10-21,9:32:50.852730151,T,282.74,100,283.35,200,IBM
2025-10-21,9:32:52.344471651,T,282.45,200,283.35,200,IBM
2025-10-21,9:32:52.400048919,T,282.75,100,283.35,200,IBM
2025-10-21,9:32:53.844993898,T,282.75,200,283.35,200,IBM
2025-10-21,9:33:13.950067204,T,282.75,100,283.35,200,IBM
2025-10-21,9:33:13.950087332,T,282.45,200,283.35,200,IBM
2025-10-21,9:33:13.989982281,T,282.87,100,283.35,200,IBM
2025-10-21,9:33:14.476320920,T,282.87,100,283.35,100,IBM
2025-10-21,9:33:14.476320920,T,282.87,100,283.61,200,IBM
2025-10-21,9:33:14.476355226,T,282.97,100,283.61,200,IBM
2025-10-21,9:33:14.476390409,T,283.11,100,283.61,200,IBM
2025-10-21,9:33:14.484584831,T,282.88,100,283.61,200,IBM
2025-10-21,9:33:14.484614984,T,282.87,200,283.61,200,IBM
2025-10-21,9:33:14.486589662,T,282.87,100,283.61,200,IBM
2025-10-21,9:33:14.496864109,T,282.87,200,283.61,200,IBM
2025-10-21,9:33:14.496889145,T,282.88,100,283.61,200,IBM
2025-10-21,9:33:14.496909227,T,282.87,300,283.61,200,IBM
2025-10-21,9:33:14.526865566,T,282.87,200,283.61,200,IBM
2025-10-21,9:33:14.576433503,T,282.87,100,283.61,200,IBM
2025-10-21,9:33:14.576649121,T,282.87,200,283.61,200,IBM
2025-10-21,9:33:14.819507166,T,282.87,200,284.5,100,IBM
2025-10-21,9:33:14.819512227,T,282.87,200,283.83,200,IBM
2025-10-21,9:33:14.819602482,T,282.87,300,283.83,200,IBM
2025-10-21,9:33:14.819612501,T,282.87,200,283.83,200,IBM
2025-10-21,9:33:14.819617485,T,282.87,300,283.83,200,IBM
2025-10-21,9:33:14.819672567,T,282.87,200,283.83,200,IBM
2025-10-21,9:33:22.757199256,T,282.87,300,283.83,200,IBM
2025-10-21,9:33:35.010741336,T,282.87,200,283.83,200,IBM
2025-10-21,9:33:36.631900586,T,283.17,100,283.83,200,IBM
2025-10-21,9:33:36.632752663,T,283.17,100,283.77,100,IBM
2025-10-21,9:33:36.640115129,T,282.87,200,283.77,100,IBM
2025-10-21,9:33:36.640360737,T,282.87,300,283.77,100,IBM
2025-10-21,9:33:38.424147273,T,282.87,200,283.77,100,IBM
2025-10-21,9:33:39.059930859,T,282.87,100,283.77,100,IBM
2025-10-21,9:33:50.104474287,T,282.87,100,283.45,100,IBM
2025-10-21,9:33:50.104940447,T,282.87,100,283.45,200,IBM
2025-10-21,9:33:50.105601986,T,282.87,100,283.43,100,IBM
2025-10-21,9:33:50.105667168,T,282.87,100,283.42,100,IBM
2025-10-21,9:33:50.539976113,T,282.87,200,283.42,100,IBM
2025-10-21,9:33:50.540402161,T,282.87,200,283.42,200,IBM
2025-10-21,9:33:55.531850396,T,282.87,100,283.42,200,IBM
2025-10-21,9:33:58.064299226,T,282.87,100,283.41,100,IBM
2025-10-21,9:33:58.706949142,T,282.87,100,283.41,200,IBM
2025-10-21,9:33:58.707004223,T,282.87,100,283.4,100,IBM
2025-10-21,9:34:01.493352714,T,282.87,100,283.22,100,IBM
2025-10-21,9:34:01.493483038,T,282.87,100,283.16,100,IBM
2025-10-21,9:34:01.493708862,T,282.38,200,283.16,100,IBM
2025-10-21,9:34:01.493728785,T,282.38,200,282.89,100,IBM
2025-10-21,9:34:01.493733688,T,282.38,200,282.89,200,IBM
2025-10-21,9:34:01.493848866,T,282.38,200,282.89,100,IBM
2025-10-21,9:34:01.493848866,T,282.38,200,283.66,200,IBM
2025-10-21,9:34:01.493879022,T,282.38,200,283.11,100,IBM
2025-10-21,9:34:01.493944088,T,282.38,200,282.89,100,IBM
2025-10-21,9:34:01.493969233,T,282.38,200,282.89,200,IBM
2025-10-21,9:34:01.495026747,T,282.45,100,282.89,200,IBM
2025-10-21,9:34:01.495056758,T,282.38,300,282.89,200,IBM
2025-10-21,9:34:01.495187108,T,282.45,100,282.89,200,IBM
2025-10-21,9:34:01.503962941,T,282.45,100,282.89,100,IBM
2025-10-21,9:34:01.504128382,T,282.45,100,283.66,200,IBM
2025-10-21,9:34:01.504148799,T,282.38,300,283.66,200,IBM
2025-10-21,9:34:01.504148799,T,282.45,100,283.66,200,IBM
2025-10-21,9:34:01.504173552,T,282.69,100,283.66,200,IBM
2025-10-21,9:34:01.504183540,T,282.45,100,283.66,200,IBM
2025-10-21,9:34:01.511175128,T,282.38,200,283.66,200,IBM
2025-10-21,9:34:01.519815749,T,282.45,100,283.66,200,IBM
2025-10-21,9:34:01.643259652,T,282.6,200,283.66,200,IBM
2025-10-21,9:34:09.655629580,T,282.6,200,284.0,300,IBM
2025-10-21,9:34:09.655634552,T,282.6,200,283.5,200,IBM
2025-10-21,9:34:27.448553755,T,282.6,200,284.0,300,IBM
2025-10-21,9:34:27.448558821,T,282.6,200,283.7,200,IBM
2025-10-21,9:34:47.275485793,T,282.6,200,283.42,100,IBM
2025-10-21,9:34:52.500509836,T,282.6,200,283.39,100,IBM
2025-10-21,9:34:52.501020947,T,282.6,200,283.39,200,IBM
2025-10-21,9:34:52.501236472,T,282.6,200,283.39,300,IBM
2025-10-21,9:34:52.501391902,T,282.6,200,283.39,200,IBM
2025-10-21,9:34:59.021649625,T,282.6,200,283.39,300,IBM
2025-10-21,9:34:59.026400921,T,282.6,200,283.39,400,IBM
2025-10-21,9:34:59.026451046,T,282.6,200,283.27,100,IBM
2025-10-21,9:34:59.026826874,T,282.6,200,283.27,200,IBM
2025-10-21,9:34:59.026992269,T,282.6,200,283.27,300,IBM
2025-10-21,9:34:59.028786586,T,282.0,100,283.27,300,IBM
2025-10-21,9:34:59.028791607,T,282.4,200,283.27,300,IBM
2025-10-21,9:34:59.030681123,T,282.4,200,283.27,200,IBM
2025-10-21,9:35:00.129978216,T,282.4,200,283.27,100,IBM
2025-10-21,9:35:00.130208716,T,282.4,200,283.39,100,IBM
2025-10-21,9:35:01.354944396,T,282.4,200,282.91,100,IBM
2025-10-21,9:35:01.355370486,T,282.4,200,282.91,200,IBM
2025-10-21,9:35:03.628937899,T,282.4,200,282.91,300,IBM
2025-10-21,9:35:03.628937899,T,282.4,200,282.91,200,IBM
2025-10-21,9:35:03.629759823,T,282.4,200,282.91,300,IBM
2025-10-21,9:35:03.629814911,T,282.4,200,282.91,200,IBM
2025-10-21,9:35:03.630566719,T,282.4,200,282.91,300,IBM
2025-10-21,9:35:03.634220459,T,282.0,100,282.91,300,IBM
2025-10-21,9:35:03.634230465,T,282.16,200,282.91,300,IBM
2025-10-21,9:35:03.635122625,T,282.16,200,282.91,200,IBM
2025-10-21,9:35:07.230867864,T,282.16,200,282.91,100,IBM
2025-10-21,9:35:09.225571623,T,282.16,200,282.91,200,IBM
2025-10-21,9:35:09.245007958,T,282.16,200,282.91,100,IBM
2025-10-21,9:35:09.245564288,T,282.16,200,282.91,200,IBM
2025-10-21,9:35:09.543628941,T,282.16,200,282.91,300,IBM
2025-10-21,9:35:09.543638939,T,282.16,200,282.89,100,IBM
2025-10-21,9:35:09.543664060,T,282.16,200,282.88,100,IBM
2025-10-21,9:35:09.543939705,T,282.16,200,282.81,100,IBM
2025-10-21,9:35:09.544009814,T,282.16,300,282.81,100,IBM
2025-10-21,9:35:09.544130089,T,282.21,100,282.81,100,IBM
2025-10-21,9:35:09.544551160,T,282.21,100,282.81,200,IBM
2025-10-21,9:35:09.544626320,T,282.21,100,282.81,100,IBM
2025-10-21,9:35:10.102273968,T,282.21,100,282.91,200,IBM
2025-10-21,9:35:10.102514592,T,282.21,100,282.72,100,IBM
2025-10-21,9:35:10.102940536,T,282.21,100,282.72,200,IBM
2025-10-21,9:35:10.106032931,T,282.16,300,282.72,200,IBM
2025-10-21,9:35:10.106047946,T,282.16,300,282.72,100,IBM
2025-10-21,9:35:10.106052940,T,282.16,300,282.72,200,IBM
2025-10-21,9:35:10.106063065,T,282.16,300,282.63,100,IBM
2025-10-21,9:35:10.106078011,T,282.16,300,282.62,100,IBM
2025-10-21,9:35:10.107115486,T,282.16,100,282.62,100,IBM
2025-10-21,9:35:10.107145610,T,282.11,100,282.62,100,IBM
2025-10-21,9:35:10.113856602,T,282.11,100,282.62,200,IBM
2025-10-21,9:35:10.114272601,T,282.11,100,282.62,100,IBM
2025-10-21,9:35:13.068330215,T,282.11,100,283.19,100,IBM
2025-10-21,9:35:14.676654028,T,282.11,100,282.99,100,IBM
2025-10-21,9:35:14.677686507,T,282.11,100,282.72,100,IBM
2025-10-21,9:35:14.679345449,T,282.0,100,282.72,100,IBM
2025-10-21,9:35:14.679370450,T,282.0,100,282.63,100,IBM
2025-10-21,9:35:14.679380514,T,282.0,100,282.46,100,IBM
2025-10-21,9:35:14.679445717,T,282.0,100,282.41,100,IBM
2025-10-21,9:35:14.679992010,T,282.0,100,282.63,100,IBM
2025-10-21,9:35:14.680027044,T,282.0,100,282.46,100,IBM
2025-10-21,9:35:14.680172450,T,282.0,100,282.4,100,IBM
2025-10-21,9:35:14.680593450,T,282.0,100,282.4,200,IBM
2025-10-21,9:35:14.688662607,T,282.0,100,282.4,100,IBM
2025-10-21,9:35:14.691344047,T,281.74,200,282.4,100,IBM
2025-10-21,9:35:14.691354060,T,282.0,100,282.4,100,IBM
2025-10-21,9:35:14.691364239,T,281.77,100,282.4,100,IBM
2025-10-21,9:35:14.691369055,T,281.77,100,282.4,200,IBM
2025-10-21,9:35:14.691374094,T,282.0,100,282.4,200,IBM
2025-10-21,9:35:14.691374094,T,282.0,100,282.39,100,IBM
2025-10-21,9:35:14.691384407,T,282.0,100,282.4,100,IBM
2025-10-21,9:35:14.691389067,T,282.0,100,282.4,200,IBM
2025-10-21,9:35:14.691404171,T,281.74,200,282.4,200,IBM
2025-10-21,9:35:14.691414127,T,282.0,100,282.4,200,IBM
2025-10-21,9:35:14.691434343,T,282.0,100,282.39,100,IBM
2025-10-21,9:35:14.691434343,T,282.0,100,282.32,100,IBM
2025-10-21,9:35:14.691454454,T,281.74,200,282.32,100,IBM
2025-10-21,9:35:14.691464318,T,282.0,100,282.32,100,IBM
2025-10-21,9:35:14.691544445,T,282.0,200,282.32,100,IBM
2025-10-21,9:35:14.691584576,T,282.0,100,282.32,100,IBM
2025-10-21,9:35:14.691584576,T,281.74,200,282.32,100,IBM
2025-10-21,9:35:14.691589930,T,282.0,100,282.32,100,IBM
2025-10-21,9:35:14.691610249,T,282.0,100,282.31,100,IBM
2025-10-21,9:35:14.691629731,T,282.0,100,282.32,100,IBM
2025-10-21,9:35:14.691634695,T,281.74,200,282.32,100,IBM
2025-10-21,9:35:14.691639772,T,282.0,100,282.32,100,IBM
2025-10-21,9:35:14.691665004,T,281.74,200,282.32,100,IBM
2025-10-21,9:35:14.691670078,T,281.74,200,282.32,200,IBM
2025-10-21,9:35:14.691674825,T,282.0,100,282.32,200,IBM
2025-10-21,9:35:14.691679798,T,282.0,100,282.28,100,IBM
2025-10-21,9:35:14.691689828,T,282.0,100,282.32,200,IBM
2025-10-21,9:35:14.691694824,T,282.0,100,282.28,100,IBM
2025-10-21,9:35:14.691704873,T,281.74,200,282.28,100,IBM
2025-10-21,9:35:14.691724862,T,281.74,200,282.31,100,IBM
2025-10-21,9:35:14.691734915,T,281.74,200,282.32,100,IBM
2025-10-21,9:35:14.691785081,T,281.74,200,282.32,200,IBM
2025-10-21,9:35:14.691820073,T,281.74,200,282.32,100,IBM
2025-10-21,9:35:14.691865236,T,281.74,200,282.26,100,IBM
2025-10-21,9:35:14.691875247,T,281.74,200,282.32,100,IBM
2025-10-21,9:35:14.692075709,T,281.74,200,282.26,100,IBM
2025-10-21,9:35:14.692085726,T,281.74,200,282.32,100,IBM
2025-10-21,9:35:14.692166042,T,281.74,200,282.32,200,IBM
2025-10-21,9:35:14.692181002,T,281.74,200,282.32,100,IBM
2025-10-21,9:35:14.692236207,T,281.74,200,282.32,200,IBM
2025-10-21,9:35:14.692441553,T,281.74,200,282.32,100,IBM
2025-10-21,9:35:14.693865006,T,282.0,100,282.32,100,IBM
2025-10-21,9:35:14.693890115,T,281.74,200,282.32,100,IBM
2025-10-21,9:35:14.693895020,T,282.0,100,282.32,100,IBM
2025-10-21,9:35:14.693930187,T,281.74,200,282.32,100,IBM
2025-10-21,9:35:14.693935143,T,282.0,100,282.32,100,IBM
2025-10-21,9:35:14.694260884,T,281.74,200,282.32,100,IBM
2025-10-21,9:35:14.694265977,T,282.0,100,282.32,100,IBM
2025-10-21,9:35:14.694306004,T,281.74,200,282.32,100,IBM
2025-10-21,9:35:14.694316048,T,282.0,100,282.32,100,IBM
2025-10-21,9:35:14.694321124,T,281.74,200,282.32,100,IBM
2025-10-21,9:35:14.694331116,T,282.0,100,282.32,100,IBM
2025-10-21,9:35:14.694772185,T,281.74,200,282.32,100,IBM
2025-10-21,9:35:14.694782167,T,282.0,100,282.32,100,IBM
2025-10-21,9:35:14.702540627,T,282.0,100,282.39,100,IBM
2025-10-21,9:35:14.702570670,T,282.0,100,282.4,100,IBM
2025-10-21,9:35:14.791753089,T,282.0,100,282.6,100,IBM
2025-10-21,9:35:14.791763121,T,282.0,100,282.87,100,IBM
2025-10-21,9:35:15.606678094,T,282.0,100,283.25,200,IBM
2025-10-21,9:35:16.367449405,T,282.0,100,282.32,100,IBM
2025-10-21,9:35:16.367870512,T,282.0,100,282.32,200,IBM
2025-10-21,9:35:16.837252969,T,282.0,100,282.31,100,IBM
2025-10-21,9:35:17.692559155,T,282.0,100,282.31,200,IBM
2025-10-21,9:35:25.911651139,T,282.0,100,282.31,100,IBM
2025-10-21,9:35:44.243037441,T,281.74,200,282.31,100,IBM
2025-10-21,9:35:44.243042473,T,282.0,100,282.31,100,IBM
2025-10-21,9:35:44.243047417,T,281.74,200,282.31,100,IBM
2025-10-21,9:35:44.243057480,T,281.74,200,282.14,100,IBM
2025-10-21,9:35:44.243057480,T,282.0,100,282.14,100,IBM
2025-10-21,9:35:44.243067418,T,282.0,100,282.31,100,IBM
2025-10-21,9:35:44.243077505,T,281.74,200,282.31,100,IBM
2025-10-21,9:35:44.243082825,T,282.0,100,282.31,100,IBM
2025-10-21,9:35:44.243087514,T,281.77,100,282.31,100,IBM
2025-10-21,9:35:44.243097727,T,282.0,100,282.31,100,IBM
2025-10-21,9:35:44.243107554,T,282.0,100,282.14,100,IBM
2025-10-21,9:35:44.243122659,T,282.0,100,282.31,100,IBM
2025-10-21,9:35:44.243142672,T,281.74,200,282.31,100,IBM
2025-10-21,9:35:44.243147686,T,282.0,100,282.31,100,IBM
2025-10-21,9:35:44.243162646,T,282.0,100,282.14,100,IBM
2025-10-21,9:35:44.243167743,T,281.74,200,282.14,100,IBM
2025-10-21,9:35:44.243172762,T,282.0,100,282.14,100,IBM
2025-10-21,9:35:44.243177683,T,282.0,100,282.31,100,IBM
2025-10-21,9:35:44.243202813,T,281.74,200,282.31,100,IBM
2025-10-21,9:35:44.243227866,T,281.74,200,282.14,100,IBM
2025-10-21,9:35:44.243237833,T,281.74,200,282.31,100,IBM
2025-10-21,9:35:44.244059851,T,281.74,200,282.14,100,IBM
2025-10-21,9:35:44.247588205,T,280.89,100,282.14,100,IBM
2025-10-21,9:35:44.247593270,T,281.55,200,282.14,100,IBM
2025-10-21,9:35:44.249783410,T,281.55,200,282.31,100,IBM
2025-10-21,9:35:44.306949618,T,281.55,200,282.27,100,IBM
2025-10-21,9:35:44.307490869,T,280.42,100,282.27,100,IBM
2025-10-21,9:35:44.311164627,T,280.42,100,282.31,100,IBM
2025-10-21,9:35:44.490526620,T,281.46,200,282.31,100,IBM
2025-10-21,9:35:44.963863401,T,281.46,200,282.79,200,IBM
2025-10-21,9:35:46.230939922,T,281.46,200,282.51,100,IBM
2025-10-21,9:35:46.293864668,T,281.46,200,282.62,100,IBM
2025-10-21,9:35:46.368692853,T,281.46,200,282.51,100,IBM
2025-10-21,9:35:46.368722943,T,281.46,200,282.14,100,IBM
2025-10-21,9:35:47.005954983,T,281.46,200,282.13,100,IBM
2025-10-21,9:35:47.006701724,T,281.46,200,281.94,100,IBM
2025-10-21,9:35:47.007162866,T,280.42,100,281.94,100,IBM
2025-10-21,9:35:47.007167941,T,281.25,200,281.94,100,IBM
2025-10-21,9:35:47.007273180,T,281.25,200,282.14,100,IBM
2025-10-21,9:35:47.007493720,T,281.25,200,281.94,100,IBM
2025-10-21,9:35:47.014174594,T,281.25,200,282.12,100,IBM
2025-10-21,9:35:47.025526555,T,281.25,200,282.12,200,IBM
2025-10-21,9:35:47.105978144,T,281.25,200,282.12,100,IBM
2025-10-21,9:35:47.277496397,T,281.25,200,282.39,100,IBM
2025-10-21,9:35:47.919920832,T,281.25,200,281.94,100,IBM
2025-10-21,9:35:48.006356603,T,281.29,100,281.94,100,IBM
2025-10-21,9:35:50.221966484,T,281.29,100,281.94,200,IBM
2025-10-21,9:35:51.164665584,T,281.29,100,281.93,100,IBM
2025-10-21,9:35:51.260548854,T,281.29,100,281.93,200,IBM
2025-10-21,9:35:51.688367347,T,281.29,100,281.93,100,IBM
2025-10-21,9:35:51.736937946,T,281.25,200,281.93,100,IBM
2025-10-21,9:35:52.737389785,T,281.29,100,281.93,100,IBM
2025-10-21,9:35:53.758786410,T,281.3,100,281.93,100,IBM
2025-10-21,9:35:55.455210108,T,281.3,100,281.92,100,IBM
2025-10-21,9:35:59.454871986,T,281.3,100,281.91,100,IBM
2025-10-21,9:36:00.282331817,T,281.3,200,281.91,100,IBM
2025-10-21,9:36:04.074805452,T,281.3,200,281.91,200,IBM
2025-10-21,9:36:04.074855559,T,281.3,200,281.91,100,IBM
2025-10-21,9:36:04.079642056,T,281.3,200,282.34,200,IBM
2025-10-21,9:36:04.079667104,T,281.65,100,282.34,200,IBM
2025-10-21,9:36:04.079757287,T,281.66,100,282.34,200,IBM
2025-10-21,9:36:04.079817372,T,281.7,100,282.34,200,IBM
2025-10-21,9:36:04.080263466,T,281.78,100,282.34,200,IBM
2025-10-21,9:36:04.080469009,T,281.7,100,282.34,200,IBM
2025-10-21,9:36:04.080478988,T,281.66,100,282.34,200,IBM
2025-10-21,9:36:04.080529103,T,281.7,100,282.34,200,IBM
2025-10-21,9:36:04.080544251,T,281.66,100,282.34,200,IBM
2025-10-21,9:36:04.080879982,T,281.65,100,282.34,200,IBM
2025-10-21,9:36:04.081070426,T,281.65,100,282.34,300,IBM
2025-10-21,9:36:04.084107618,T,281.44,200,282.34,300,IBM
2025-10-21,9:36:04.091871141,T,281.66,100,282.34,300,IBM
2025-10-21,9:36:04.101333658,T,281.66,100,282.34,100,IBM
2025-10-21,9:36:04.179665102,T,281.44,200,282.34,100,IBM
2025-10-21,9:36:04.213174862,T,281.44,200,282.53,200,IBM
2025-10-21,9:36:04.213195035,T,281.44,200,282.13,100,IBM
2025-10-21,9:36:04.670794190,T,281.44,300,282.13,100,IBM
2025-10-21,9:36:05.223199262,T,281.44,300,282.53,200,IBM
2025-10-21,9:36:05.223224369,T,282.12,100,282.53,200,IBM
2025-10-21,9:36:05.223474986,T,282.13,100,282.53,200,IBM
2025-10-21,9:36:05.223841117,T,281.78,100,282.53,200,IBM
2025-10-21,9:36:05.223865926,T,281.7,100,282.53,200,IBM
2025-10-21,9:36:05.224056314,T,281.62,100,282.53,200,IBM
2025-10-21,9:36:05.224056314,T,281.71,100,282.53,200,IBM
2025-10-21,9:36:05.224286930,T,281.7,100,282.53,200,IBM
2025-10-21,9:36:05.224472270,T,281.7,100,282.52,100,IBM
2025-10-21,9:36:05.228271380,T,281.44,400,282.52,100,IBM
2025-10-21,9:36:05.231529145,T,281.7,100,282.52,100,IBM
2025-10-21,9:36:05.323257568,T,281.44,300,282.52,100,IBM
2025-10-21,9:36:05.436226424,T,281.44,400,282.52,100,IBM
2025-10-21,9:36:05.481013135,T,281.44,300,282.52,100,IBM
2025-10-21,9:36:06.090749817,T,281.44,200,282.52,100,IBM
2025-10-21,9:36:07.518243155,T,281.5,100,282.52,100,IBM
2025-10-21,9:36:07.707283136,T,281.5,200,282.52,100,IBM
2025-10-21,9:36:07.707493656,T,281.5,300,282.52,100,IBM
2025-10-21,9:36:07.958230552,T,281.5,200,282.52,100,IBM
2025-10-21,9:36:07.958230552,T,281.5,100,282.52,100,IBM
2025-10-21,9:36:07.964485458,T,281.5,200,282.52,100,IBM
2025-10-21,9:36:08.125233095,T,281.5,100,282.52,100,IBM
2025-10-21,9:36:08.917368977,T,281.78,100,282.52,100,IBM
2025-10-21,9:36:08.917729741,T,281.78,100,282.53,200,IBM
2025-10-21,9:36:08.917749860,T,281.92,100,282.53,200,IBM
2025-10-21,9:36:08.917784931,T,281.93,100,282.53,200,IBM
2025-10-21,9:36:08.917799963,T,281.94,100,282.53,200,IBM
2025-10-21,9:36:08.918712154,T,281.93,100,282.53,200,IBM
2025-10-21,9:36:08.918757212,T,281.92,100,282.53,200,IBM
2025-10-21,9:36:08.918982724,T,281.92,100,282.4,100,IBM
2025-10-21,9:36:08.920451275,T,281.78,100,282.4,100,IBM
2025-10-21,9:36:08.920451275,T,281.93,100,282.4,100,IBM
2025-10-21,9:36:08.925428140,T,281.72,100,282.4,100,IBM
2025-10-21,9:36:08.944643917,T,281.5,200,282.4,100,IBM
2025-10-21,9:36:08.944663872,T,281.5,100,282.4,100,IBM
2025-10-21,9:36:09.013382574,T,281.7,100,282.4,100,IBM
2025-10-21,9:36:09.062118548,T,281.5,100,282.4,100,IBM
2025-10-21,9:36:11.377074655,T,281.63,200,282.4,100,IBM
2025-10-21,9:36:11.377285187,T,281.63,300,282.4,100,IBM
2025-10-21,9:36:40.878969695,T,281.63,200,282.4,100,IBM
2025-10-21,9:36:41.176808715,T,281.63,200,282.72,200,IBM
2025-10-21,9:36:41.176843807,T,281.63,300,282.72,200,IBM
2025-10-21,9:36:41.176848782,T,282.12,100,282.72,200,IBM
2025-10-21,9:36:41.176853781,T,282.13,100,282.72,200,IBM
2025-10-21,9:36:41.176919022,T,282.14,100,282.72,200,IBM
2025-10-21,9:36:41.177119428,T,282.18,100,282.72,200,IBM
2025-10-21,9:36:41.177876292,T,282.14,100,282.72,200,IBM
2025-10-21,9:36:41.178312237,T,282.14,100,283.13,100,IBM
2025-10-21,9:36:41.178317267,T,282.14,100,282.94,200,IBM
2025-10-21,9:36:41.185068382,T,281.99,100,282.94,200,IBM
2025-10-21,9:36:41.187554329,T,281.94,100,282.94,200,IBM
2025-10-21,9:36:41.187604438,T,281.79,200,282.94,200,IBM
2025-10-21,9:36:41.187614403,T,281.79,300,282.94,200,IBM
2025-10-21,9:36:41.276856840,T,281.79,200,282.94,200,IBM
2025-10-21,9:36:43.449569480,T,281.83,100,282.94,200,IBM
2025-10-21,9:36:43.449569480,T,281.79,200,282.94,200,IBM
2025-10-21,9:36:50.494385833,T,281.79,200,282.94,300,IBM
2025-10-21,9:36:50.494415911,T,281.79,200,282.94,200,IBM
2025-10-21,9:36:50.494415911,T,281.79,200,282.87,100,IBM
2025-10-21,9:36:50.498630937,T,281.79,200,282.94,200,IBM
2025-10-21,9:36:59.424190014,T,282.37,900,282.94,200,IBM
2025-10-21,9:36:59.424210053,T,281.79,200,282.94,200,IBM
2025-10-21,9:36:59.424235206,T,281.79,200,282.73,100,IBM
2025-10-21,9:36:59.424265269,T,281.79,200,282.61,100,IBM
2025-10-21,9:36:59.425317700,T,281.79,200,282.73,100,IBM
2025-10-21,9:36:59.432454723,T,281.79,200,282.94,200,IBM
2025-10-21,9:37:02.416639062,T,281.79,200,282.73,100,IBM
2025-10-21,9:37:02.417370825,T,281.79,200,282.76,100,IBM
2025-10-21,9:37:02.424853636,T,281.79,200,282.94,200,IBM
2025-10-21,9:37:03.146301262,T,281.79,200,282.94,300,IBM
2025-10-21,9:37:03.622499831,T,281.79,200,282.94,200,IBM
2025-10-21,9:37:03.623271759,T,281.79,200,282.94,300,IBM
2025-10-21,9:37:03.730482000,T,281.79,200,282.94,200,IBM
2025-10-21,9:37:03.731013269,T,281.79,200,282.94,300,IBM
2025-10-21,9:37:04.420519720,T,281.79,200,282.94,200,IBM
2025-10-21,9:37:04.424328753,T,281.79,200,282.94,300,IBM
2025-10-21,9:37:04.750906285,T,281.79,200,282.94,200,IBM
2025-10-21,9:37:14.502621794,T,281.79,200,282.87,100,IBM
2025-10-21,9:37:14.625850244,T,281.79,200,282.76,100,IBM
2025-10-21,9:37:14.625875280,T,281.79,200,282.87,100,IBM
2025-10-21,9:37:14.625880476,T,281.79,200,282.76,100,IBM
2025-10-21,9:37:14.625975561,T,281.79,200,282.73,100,IBM
2025-10-21,9:37:14.626100826,T,281.79,200,282.62,100,IBM
2025-10-21,9:37:14.626120834,T,281.79,200,282.54,100,IBM
2025-10-21,9:37:14.626261227,T,281.79,200,282.65,100,IBM
2025-10-21,9:37:14.626301275,T,281.79,200,282.73,100,IBM
2025-10-21,9:37:14.626446692,T,281.79,200,282.76,100,IBM
2025-10-21,9:37:14.626446692,T,281.79,200,282.73,100,IBM
2025-10-21,9:37:14.626712314,T,281.79,200,282.62,100,IBM
2025-10-21,9:37:14.626962816,T,281.79,200,282.54,100,IBM
2025-10-21,9:37:14.627007999,T,281.79,200,282.73,100,IBM
2025-10-21,9:37:14.627438991,T,280.49,100,282.73,100,IBM
2025-10-21,9:37:14.627459171,T,280.49,100,281.79,100,IBM
2025-10-21,9:37:14.628030384,T,280.49,100,282.54,100,IBM
2025-10-21,9:37:14.628050431,T,280.49,100,282.73,100,IBM
2025-10-21,9:37:14.628085545,T,280.49,100,282.65,100,IBM
2025-10-21,9:37:14.631518751,T,280.49,100,282.63,200,IBM
2025-10-21,9:37:14.682249460,T,281.33,200,282.63,200,IBM
2025-10-21,9:37:14.953089278,T,281.33,200,282.43,100,IBM
2025-10-21,9:37:15.772700556,T,281.33,200,282.03,100,IBM
2025-10-21,9:37:15.773121574,T,281.33,200,282.03,200,IBM
2025-10-21,9:37:15.786022201,T,281.33,200,282.03,300,IBM
2025-10-21,9:37:15.973994816,T,281.33,200,282.03,200,IBM
2025-10-21,9:37:15.974004758,T,281.33,200,282.03,100,IBM
2025-10-21,9:37:17.252207989,T,281.33,200,281.95,100,IBM
2025-10-21,9:37:17.252237962,T,281.33,200,282.03,100,IBM
2025-10-21,9:37:38.897854322,T,281.77,1000,282.03,100,IBM
2025-10-21,9:37:40.411999063,T,281.77,800,282.03,100,IBM
2025-10-21,9:37:40.412019165,T,281.33,200,282.03,100,IBM
2025-10-21,9:37:40.412074263,T,281.33,200,282.03,200,IBM
2025-10-21,9:37:40.412089280,T,281.33,200,282.03,100,IBM
2025-10-21,9:37:41.916280367,T,281.33,200,282.42,200,IBM
2025-10-21,9:37:43.025325675,T,281.33,200,281.93,100,IBM
2025-10-21,9:37:47.423857137,T,281.33,200,281.93,200,IBM
2025-10-21,9:37:54.577171959,T,281.33,200,281.93,100,IBM
2025-10-21,9:38:11.435701994,T,281.33,200,282.03,100,IBM
2025-10-21,9:38:11.435721776,T,281.33,200,282.42,200,IBM
2025-10-21,9:38:11.435811925,T,281.65,100,282.42,200,IBM
2025-10-21,9:38:11.436182804,T,281.66,100,282.42,200,IBM
2025-10-21,9:38:11.436217860,T,281.79,100,282.42,200,IBM
2025-10-21,9:38:11.436448469,T,281.7,100,282.42,200,IBM
2025-10-21,9:38:11.436533645,T,281.65,100,282.42,200,IBM
2025-10-21,9:38:11.436538641,T,281.33,200,282.42,200,IBM
2025-10-21,9:38:11.436674253,T,281.7,100,282.42,200,IBM
2025-10-21,9:38:11.436679037,T,281.72,100,282.42,200,IBM
2025-10-21,9:38:11.436688977,T,281.72,100,282.32,100,IBM
2025-10-21,9:38:11.436694067,T,281.83,100,282.32,100,IBM
2025-10-21,9:38:11.436694067,T,281.84,100,282.32,100,IBM
2025-10-21,9:38:11.436699090,T,281.84,100,282.32,200,IBM
2025-10-21,9:38:11.436819309,T,281.71,100,282.32,200,IBM
2025-10-21,9:38:11.437025010,T,281.65,100,282.32,200,IBM
2025-10-21,9:38:11.437069889,T,281.64,100,282.32,200,IBM
2025-10-21,9:38:11.437275418,T,281.37,100,282.32,200,IBM
2025-10-21,9:38:11.437756537,T,281.33,200,282.32,200,IBM
2025-10-21,9:38:11.509457448,T,281.33,200,282.32,100,IBM
2025-10-21,9:38:11.509457448,T,281.33,200,282.01,100,IBM
2025-10-21,9:38:11.509482319,T,281.33,200,282.01,200,IBM
2025-10-21,9:38:12.691546543,T,281.72,100,282.01,200,IBM
2025-10-21,9:38:12.943015141,T,281.33,200,282.01,200,IBM
2025-10-21,9:38:15.622955166,T,281.65,100,282.01,200,IBM
2025-10-21,9:38:15.625185444,T,281.65,100,282.01,100,IBM
2025-10-21,9:38:15.625210522,T,281.65,100,282.42,200,IBM
2025-10-21,9:38:15.625230737,T,282.01,100,282.42,200,IBM
2025-10-21,9:38:15.625741823,T,281.77,100,282.42,200,IBM
2025-10-21,9:38:15.625771870,T,281.75,100,282.42,200,IBM
2025-10-21,9:38:15.625832058,T,281.76,100,282.42,200,IBM
2025-10-21,9:38:15.625912217,T,281.65,100,282.42,200,IBM
2025-10-21,9:38:15.625912217,T,281.75,100,282.42,200,IBM
2025-10-21,9:38:15.626498560,T,281.65,100,282.42,200,IBM
2025-10-21,9:38:15.640491954,T,281.37,100,282.42,200,IBM
2025-10-21,9:38:15.640562136,T,281.45,100,282.42,200,IBM
2025-10-21,9:38:15.640597232,T,281.48,100,282.42,200,IBM
2025-10-21,9:38:15.640842736,T,281.45,100,282.42,200,IBM
2025-10-21,9:38:15.674447782,T,281.65,100,282.42,200,IBM
2025-10-21,9:38:15.728160670,T,281.48,100,282.42,200,IBM
2025-10-21,9:38:15.728185767,T,281.45,100,282.42,200,IBM
2025-10-21,9:38:15.728220823,T,281.48,100,282.42,200,IBM
2025-10-21,9:38:16.294734596,T,281.48,100,282.31,100,IBM
2025-10-21,9:38:18.546750831,T,281.37,100,282.31,100,IBM
2025-10-21,9:38:18.546760820,T,281.48,100,282.31,100,IBM
2025-10-21,9:38:18.546790937,T,281.65,100,282.31,100,IBM
2025-10-21,9:38:18.549547546,T,281.52,100,282.31,100,IBM
2025-10-21,9:38:18.561175210,T,281.45,100,282.31,100,IBM
2025-10-21,9:38:18.776993981,T,281.65,100,282.31,100,IBM
2025-10-21,9:38:25.496160556,T,281.45,100,282.31,100,IBM
2025-10-21,9:38:25.496160556,T,281.65,100,282.31,100,IBM
2025-10-21,9:38:25.496751705,T,281.59,100,282.31,100,IBM
2025-10-21,9:38:25.497403331,T,281.48,100,282.31,100,IBM
2025-10-21,9:38:30.347820667,T,281.65,100,282.31,100,IBM
2025-10-21,9:38:30.347825577,T,281.89,100,282.31,100,IBM
2025-10-21,9:38:30.347860752,T,282.02,100,282.31,100,IBM
2025-10-21,9:38:30.347860752,T,281.89,100,282.31,100,IBM
2025-10-21,9:38:30.348647639,T,281.65,100,282.31,100,IBM
2025-10-21,9:38:30.352080809,T,281.59,100,282.31,100,IBM
2025-10-21,9:38:30.362881477,T,281.7,100,282.31,100,IBM
2025-10-21,9:38:30.838263464,T,282.0,100,282.31,100,IBM
2025-10-21,9:38:36.583390632,T,282.0,100,282.43,100,IBM
2025-10-21,9:38:39.583673743,T,282.0,100,282.43,200,IBM
2025-10-21,9:38:39.583698402,T,281.7,100,282.43,200,IBM
2025-10-21,9:38:43.572654721,T,281.7,100,282.31,100,IBM
2025-10-21,9:38:43.572985590,T,281.65,100,282.31,100,IBM
2025-10-21,9:38:43.573010880,T,281.59,100,282.31,100,IBM
2025-10-21,9:38:43.573306367,T,281.59,100,282.32,100,IBM
2025-10-21,9:38:43.573326697,T,281.59,100,282.43,100,IBM
2025-10-21,9:38:43.573326697,T,281.65,100,282.43,100,IBM
2025-10-21,9:38:43.573336556,T,281.7,100,282.43,100,IBM
2025-10-21,9:38:43.573336556,T,281.89,100,282.43,100,IBM
2025-10-21,9:38:43.573476786,T,281.89,100,282.31,100,IBM
2025-10-21,9:38:43.583570748,T,281.9,100,282.31,100,IBM
2025-10-21,9:38:43.583991708,T,281.9,100,282.43,100,IBM
2025-10-21,9:38:43.599859524,T,281.89,100,282.43,100,IBM
2025-10-21,9:38:43.673399600,T,281.7,100,282.43,100,IBM
2025-10-21,9:38:44.711972319,T,281.65,100,282.43,100,IBM
2025-10-21,9:38:44.712007310,T,281.59,100,282.43,100,IBM
2025-10-21,9:38:44.712092527,T,281.59,100,282.31,100,IBM
2025-10-21,9:38:44.712543683,T,281.59,100,282.31,200,IBM
2025-10-21,9:38:44.712749160,T,281.53,200,282.31,200,IBM
2025-10-21,9:38:44.812757190,T,281.53,200,282.31,100,IBM
2025-10-21,9:38:45.381791920,T,281.53,200,282.31,200,IBM
2025-10-21,9:38:45.555204721,T,281.53,200,282.31,300,IBM
2025-10-21,9:38:47.078666598,T,281.65,100,282.31,300,IBM
2025-10-21,9:38:49.298566396,T,281.53,200,282.31,300,IBM
2025-10-21,9:38:55.105906784,T,281.53,300,282.31,300,IBM
2025-10-21,9:38:55.105972095,T,281.65,100,282.31,300,IBM
2025-10-21,9:38:56.161464718,T,281.53,200,282.31,300,IBM
2025-10-21,9:38:57.580688414,T,281.53,300,282.31,300,IBM
2025-10-21,9:38:57.580743586,T,281.53,300,282.31,200,IBM
2025-10-21,9:38:57.584943644,T,281.53,200,282.31,200,IBM
2025-10-21,9:39:01.841863083,T,281.59,100,282.31,200,IBM
2025-10-21,9:39:01.841893173,T,281.65,100,282.31,200,IBM
2025-10-21,9:39:01.846153312,T,281.53,200,282.31,200,IBM
2025-10-21,9:39:03.123699691,T,281.65,100,282.31,200,IBM
2025-10-21,9:39:03.123709639,T,281.65,100,282.31,100,IBM
2025-10-21,9:39:03.123719686,T,281.65,100,282.43,100,IBM
2025-10-21,9:39:03.383051958,T,281.53,200,282.43,100,IBM
2025-10-21,9:39:04.786663647,T,281.59,100,282.43,100,IBM
2025-10-21,9:39:04.786819066,T,281.65,100,282.43,100,IBM
2025-10-21,9:39:04.788818835,T,281.71,200,282.43,100,IBM
2025-10-21,9:39:05.614740053,T,281.89,100,282.43,100,IBM
2025-10-21,9:39:06.906364954,T,281.89,100,282.43,200,IBM
2025-10-21,9:39:07.107433696,T,282.01,100,282.43,200,IBM
2025-10-21,9:39:07.107538947,T,282.05,100,282.43,200,IBM
2025-10-21,9:39:07.107619096,T,282.06,100,282.43,200,IBM
2025-10-21,9:39:07.454374605,T,282.06,100,282.43,100,IBM
2025-10-21,9:39:08.215170843,T,282.05,100,282.43,100,IBM
2025-10-21,9:39:08.215210968,T,282.01,100,282.43,100,IBM
2025-10-21,9:39:08.215276475,T,281.89,100,282.43,100,IBM
2025-10-21,9:39:08.978964056,T,281.89,100,282.57,200,IBM
2025-10-21,9:39:08.978989231,T,282.01,100,282.57,200,IBM
2025-10-21,9:39:08.978994197,T,281.89,100,282.57,200,IBM
2025-10-21,9:39:08.978994197,T,282.05,100,282.57,200,IBM
2025-10-21,9:39:08.978999211,T,282.09,100,282.57,200,IBM
2025-10-21,9:39:08.979420211,T,282.06,100,282.57,200,IBM
2025-10-21,9:39:08.979420211,T,282.18,100,282.57,200,IBM
2025-10-21,9:39:08.983489798,T,282.06,100,282.57,200,IBM
2025-10-21,9:39:08.983534975,T,282.05,100,282.57,200,IBM
2025-10-21,9:39:08.983539984,T,281.89,100,282.57,200,IBM
2025-10-21,9:39:08.983585117,T,282.05,100,282.57,200,IBM
2025-10-21,9:39:08.988070778,T,282.05,100,283.42,100,IBM
2025-10-21,9:39:08.988080799,T,282.05,100,282.73,200,IBM
2025-10-21,9:39:09.079899424,T,281.89,100,282.73,200,IBM
2025-10-21,9:39:09.235630153,T,281.79,100,282.73,200,IBM
2025-10-21,9:39:11.862839776,T,281.89,100,282.73,200,IBM
2025-10-21,9:39:11.862924990,T,282.05,100,282.73,200,IBM
2025-10-21,9:39:11.863030249,T,282.25,100,282.73,200,IBM
2025-10-21,9:39:12.174642121,T,282.05,100,282.73,200,IBM
2025-10-21,9:39:12.174707198,T,281.89,100,282.73,200,IBM
2025-10-21,9:39:12.174752322,T,281.79,100,282.73,200,IBM
2025-10-21,9:39:12.524304472,T,282.05,100,282.73,200,IBM
2025-10-21,9:39:15.027057648,T,282.29,100,282.73,200,IBM
2025-10-21,9:39:21.107698748,T,282.05,100,282.73,200,IBM
2025-10-21,9:39:23.716258935,T,282.05,100,282.55,100,IBM
2025-10-21,9:39:23.717080865,T,282.05,100,282.55,200,IBM
2025-10-21,9:39:23.717456820,T,282.05,100,282.55,100,IBM
2025-10-21,9:39:23.818833166,T,282.29,100,282.55,100,IBM
2025-10-21,9:39:27.369446085,T,282.05,100,282.55,100,IBM
2025-10-21,9:39:27.370022546,T,282.05,100,282.73,300,IBM
2025-10-21,9:39:27.377685732,T,282.05,100,282.73,200,IBM
2025-10-21,9:39:27.470196033,T,282.29,100,282.73,200,IBM
2025-10-21,9:39:27.470291188,T,282.3,100,282.73,200,IBM
2025-10-21,9:39:28.016431401,T,282.29,100,282.73,200,IBM
2025-10-21,9:39:28.016541666,T,282.05,100,282.73,200,IBM
2025-10-21,9:39:36.159497408,T,281.89,100,282.73,200,IBM
2025-10-21,9:39:36.159547555,T,281.89,100,282.62,100,IBM
2025-10-21,9:39:36.159547555,T,281.89,100,282.6,100,IBM
2025-10-21,9:39:36.167742098,T,281.89,100,282.73,200,IBM
2025-10-21,9:39:41.473047484,T,282.05,100,282.73,200,IBM
2025-10-21,9:39:47.376466665,T,282.28,100,282.73,200,IBM
2025-10-21,9:40:04.640842612,T,282.05,100,282.73,200,IBM
2025-10-21,9:40:07.705273134,T,282.05,100,282.72,100,IBM
2025-10-21,9:40:07.707603696,T,282.28,100,282.72,100,IBM
2025-10-21,9:40:07.711492947,T,282.28,100,282.73,200,IBM
2025-10-21,9:40:10.650855752,T,282.05,100,282.73,200,IBM
2025-10-21,9:40:14.720564229,T,282.05,100,282.53,100,IBM
2025-10-21,9:40:14.720584286,T,282.05,100,282.73,200,IBM
2025-10-21,9:40:14.721210845,T,282.05,100,282.5,100,IBM
2025-10-21,9:40:14.721230824,T,282.05,100,282.73,200,IBM
2025-10-21,9:40:14.721656847,T,281.88,200,282.73,200,IBM
2025-10-21,9:40:14.721676902,T,281.88,200,282.49,100,IBM
2025-10-21,9:40:14.722097941,T,281.88,200,282.49,200,IBM
2025-10-21,9:40:14.722809632,T,281.88,200,282.49,100,IBM
2025-10-21,9:40:14.722949949,T,281.89,100,282.49,100,IBM
2025-10-21,9:40:14.981284984,T,281.89,100,282.59,200,IBM
2025-10-21,9:40:14.981435389,T,281.89,100,282.55,100,IBM
2025-10-21,9:40:14.981455373,T,281.89,100,282.59,200,IBM
2025-10-21,9:40:14.981465537,T,281.89,100,282.59,300,IBM
2025-10-21,9:40:14.981475644,T,281.89,100,282.55,100,IBM
2025-10-21,9:40:14.981520483,T,281.89,100,282.59,200,IBM
2025-10-21,9:40:14.981776139,T,281.94,100,282.59,200,IBM
2025-10-21,9:40:15.314924331,T,281.89,100,282.59,200,IBM
2025-10-21,9:40:15.315475565,T,281.94,100,282.59,200,IBM
2025-10-21,9:40:15.315525700,T,282.05,100,282.59,200,IBM
2025-10-21,9:40:15.315590822,T,282.07,100,282.59,200,IBM
2025-10-21,9:40:15.327574340,T,282.08,100,282.59,200,IBM
2025-10-21,9:40:15.351611574,T,282.09,100,282.59,200,IBM
2025-10-21,9:40:15.423948888,T,282.1,100,282.59,200,IBM
2025-10-21,9:40:15.695881327,T,282.1,100,282.39,100,IBM
2025-10-21,9:40:15.696317293,T,282.1,100,282.39,200,IBM
2025-10-21,9:40:15.713618505,T,282.11,100,282.39,200,IBM
2025-10-21,9:40:15.865424962,T,282.12,100,282.39,200,IBM
2025-10-21,9:40:16.358714337,T,282.07,100,282.39,200,IBM
2025-10-21,9:40:16.358774467,T,282.05,100,282.39,200,IBM
2025-10-21,9:40:16.358829584,T,281.89,100,282.39,200,IBM
2025-10-21,9:40:19.327125959,T,281.88,200,282.39,200,IBM
2025-10-21,9:40:19.354310722,T,281.89,100,282.39,200,IBM
2025-10-21,9:40:19.354481147,T,282.05,100,282.39,200,IBM
2025-10-21,9:40:19.354546255,T,282.13,100,282.39,200,IBM
2025-10-21,9:40:19.518286060,T,282.14,100,282.39,200,IBM
2025-10-21,9:40:20.027869254,T,282.05,100,282.39,200,IBM
2025-10-21,9:40:20.027929335,T,281.88,200,282.39,200,IBM
2025-10-21,9:40:20.033918604,T,282.14,100,282.39,200,IBM
2025-10-21,9:40:21.012187600,T,281.88,200,282.39,200,IBM
2025-10-21,9:40:21.072150377,T,281.64,100,282.39,200,IBM
2025-10-21,9:40:21.072160390,T,281.73,200,282.39,200,IBM
2025-10-21,9:40:23.981947861,T,281.79,100,282.39,200,IBM
2025-10-21,9:40:25.765854553,T,281.73,200,282.39,200,IBM
2025-10-21,9:40:26.310065056,T,281.73,200,282.39,100,IBM
2025-10-21,9:40:35.112826591,T,282.05,100,282.39,100,IBM
2025-10-21,9:40:47.250081297,T,282.06,100,282.39,100,IBM
2025-10-21,9:40:49.566515936,T,282.05,100,282.39,100,IBM
2025-10-21,9:41:04.122914980,T,282.06,100,282.39,100,IBM
2025-10-21,9:41:04.123496315,T,282.05,100,282.39,100,IBM
2025-10-21,9:41:04.125390839,T,281.86,200,282.39,100,IBM
2025-10-21,9:41:04.132963840,T,282.05,100,282.39,100,IBM
2025-10-21,9:41:05.332309258,T,281.86,200,282.39,100,IBM
2025-10-21,9:41:10.703621482,T,281.86,200,282.39,200,IBM
2025-10-21,9:41:10.703877135,T,281.86,200,282.38,100,IBM
2025-10-21,9:41:10.704298063,T,281.86,200,282.38,200,IBM
2025-10-21,9:41:10.707956858,T,281.86,200,282.38,100,IBM
2025-10-21,9:41:10.714357047,T,281.86,200,282.39,100,IBM
2025-10-21,9:41:17.227753150,T,281.92,100,282.39,100,IBM
2025-10-21,9:41:17.228174148,T,281.92,100,282.39,200,IBM
2025-10-21,9:41:17.248141736,T,282.05,100,282.39,200,IBM
2025-10-21,9:41:17.254727421,T,282.05,100,282.39,100,IBM
2025-10-21,9:41:17.433838806,T,282.05,100,282.53,100,IBM
2025-10-21,9:41:17.433838806,T,282.05,100,282.59,200,IBM
2025-10-21,9:41:17.433843872,T,282.06,100,282.59,200,IBM
2025-10-21,9:41:17.433859252,T,282.39,100,282.59,200,IBM
2025-10-21,9:41:17.433984297,T,282.26,100,282.59,200,IBM
2025-10-21,9:41:17.434014256,T,282.24,100,282.59,200,IBM
2025-10-21,9:41:17.434054361,T,282.14,100,282.59,200,IBM
2025-10-21,9:41:17.434264842,T,282.14,100,282.53,100,IBM
2025-10-21,9:41:17.434445241,T,282.18,100,282.53,100,IBM
2025-10-21,9:41:17.434470374,T,282.24,100,282.53,100,IBM
2025-10-21,9:41:17.434490561,T,282.18,100,282.53,100,IBM
2025-10-21,9:41:17.434490561,T,282.24,100,282.53,100,IBM
2025-10-21,9:41:17.434700839,T,282.24,100,282.53,400,IBM
2025-10-21,9:41:17.434721053,T,282.18,100,282.53,400,IBM
2025-10-21,9:41:17.434721053,T,282.14,100,282.53,400,IBM
2025-10-21,9:41:17.434741027,T,282.14,100,282.53,100,IBM
2025-10-21,9:41:17.434765997,T,282.06,100,282.53,100,IBM
2025-10-21,9:41:17.434771010,T,282.06,100,282.43,300,IBM
2025-10-21,9:41:17.434796064,T,282.05,100,282.43,300,IBM
2025-10-21,9:41:17.434801167,T,282.05,100,282.53,100,IBM
2025-10-21,9:41:17.434826138,T,282.06,100,282.53,100,IBM
2025-10-21,9:41:17.435146979,T,282.06,100,282.59,200,IBM
2025-10-21,9:41:17.435146979,T,282.14,100,282.59,200,IBM
2025-10-21,9:41:17.435167041,T,282.06,100,282.59,200,IBM
2025-10-21,9:41:17.435492707,T,282.06,100,282.59,300,IBM
2025-10-21,9:41:17.435583025,T,282.06,100,282.59,500,IBM
2025-10-21,9:41:17.435583025,T,282.06,100,282.59,600,IBM
2025-10-21,9:41:17.435623232,T,282.06,100,282.59,500,IBM
2025-10-21,9:41:17.435623232,T,282.06,100,282.59,300,IBM
2025-10-21,9:41:17.435628127,T,282.14,100,282.59,300,IBM
2025-10-21,9:41:17.435648121,T,282.14,100,282.46,300,IBM
2025-10-21,9:41:17.435663117,T,282.14,100,282.46,200,IBM
2025-10-21,9:41:17.435663117,T,282.14,100,282.59,300,IBM
2025-10-21,9:41:17.435683170,T,282.14,100,282.46,200,IBM
2025-10-21,9:41:17.435703247,T,282.14,100,282.59,300,IBM
2025-10-21,9:41:17.435728295,T,282.14,100,282.46,200,IBM
2025-10-21,9:41:17.435753346,T,282.14,100,282.46,100,IBM
2025-10-21,9:41:17.435768522,T,282.25,100,282.46,100,IBM
2025-10-21,9:41:17.435778471,T,282.25,100,282.59,300,IBM
2025-10-21,9:41:17.435788484,T,282.14,100,282.59,300,IBM
2025-10-21,9:41:17.436159351,T,282.06,100,282.59,300,IBM
2025-10-21,9:41:17.437552696,T,282.06,100,282.59,100,IBM
2025-10-21,9:41:17.445827349,T,282.06,100,282.77,200,IBM
2025-10-21,9:41:17.534974652,T,282.05,100,282.77,200,IBM
2025-10-21,9:41:17.534984623,T,281.97,100,282.77,200,IBM
2025-10-21,9:41:17.535009730,T,281.92,100,282.77,200,IBM
2025-10-21,9:41:18.469724937,T,281.86,200,282.77,200,IBM
2025-10-21,9:41:18.864620110,T,282.13,100,282.77,200,IBM
2025-10-21,9:41:20.281728848,T,281.86,200,282.77,200,IBM
2025-10-21,9:41:20.721996859,T,282.18,100,282.77,200,IBM
2025-10-21,9:41:22.302930549,T,281.86,200,282.77,200,IBM
2025-10-21,9:41:23.294731715,T,282.24,100,282.77,200,IBM
2025-10-21,9:41:24.598670907,T,282.24,100,282.64,100,IBM
2025-10-21,9:41:24.598711046,T,282.24,100,282.63,100,IBM
2025-10-21,9:41:24.598756172,T,282.24,100,282.62,100,IBM
2025-10-21,9:41:24.598886397,T,282.24,100,282.57,100,IBM
2025-10-21,9:41:24.600590451,T,282.24,100,282.62,100,IBM
2025-10-21,9:41:24.606890537,T,282.24,100,282.64,100,IBM
2025-10-21,9:41:24.612809570,T,282.24,100,282.77,200,IBM
2025-10-21,9:41:24.707389707,T,281.86,200,282.77,200,IBM
2025-10-21,9:41:26.907597901,T,281.86,200,282.87,100,IBM
2025-10-21,9:41:26.907602851,T,281.86,200,282.6,200,IBM
2025-10-21,9:41:32.153962598,T,281.86,200,282.48,100,IBM
2025-10-21,9:41:32.157771680,T,281.86,200,282.6,200,IBM
2025-10-21,9:41:34.324835729,T,281.64,100,282.6,200,IBM
2025-10-21,9:41:34.324840758,T,281.7,200,282.6,200,IBM
2025-10-21,9:41:39.106474250,T,282.1,100,282.6,200,IBM
2025-10-21,9:41:39.107060694,T,282.11,100,282.6,200,IBM
2025-10-21,9:41:39.200693583,T,282.12,100,282.6,200,IBM
2025-10-21,9:41:40.056079996,T,281.7,200,282.6,200,IBM
2025-10-21,9:41:42.341756350,T,281.7,200,282.36,100,IBM
2025-10-21,9:41:42.342768837,T,281.7,200,282.31,100,IBM
2025-10-21,9:41:42.356591684,T,281.7,200,282.31,200,IBM
2025-10-21,9:41:43.424108123,T,281.7,300,282.31,200,IBM
2025-10-21,9:41:43.438382042,T,281.7,200,282.31,200,IBM
2025-10-21,9:41:43.918720589,T,282.03,100,282.31,200,IBM
2025-10-21,9:41:43.918765688,T,281.7,300,282.31,200,IBM
2025-10-21,9:41:44.005311727,T,281.7,200,282.31,200,IBM
2025-10-21,9:41:47.803990330,T,281.7,300,282.31,200,IBM
2025-10-21,9:41:47.804055448,T,282.03,100,282.31,200,IBM
2025-10-21,9:41:49.176507792,T,281.7,200,282.31,200,IBM
2025-10-21,9:41:52.595387005,T,281.7,200,282.3,100,IBM
2025-10-21,9:41:52.596103611,T,281.7,200,282.17,100,IBM
2025-10-21,9:41:52.596233913,T,281.7,200,282.3,200,IBM
2025-10-21,9:41:52.596294051,T,281.7,200,282.3,300,IBM
2025-10-21,9:41:52.596359349,T,281.64,100,282.3,300,IBM
2025-10-21,9:41:52.603385953,T,281.64,100,282.3,200,IBM
2025-10-21,9:41:52.606247756,T,281.64,100,282.3,100,IBM
2025-10-21,9:41:52.606453224,T,281.64,100,282.47,200,IBM
2025-10-21,9:41:52.868702564,T,281.64,100,282.2,100,IBM
2025-10-21,9:41:52.869123572,T,281.64,100,282.2,200,IBM
2025-10-21,9:41:56.691348104,T,281.78,100,282.2,200,IBM
2025-10-21,9:41:58.633236028,T,281.78,100,282.2,100,IBM
2025-10-21,9:41:58.633346323,T,281.79,100,282.2,100,IBM
2025-10-21,9:41:58.634363744,T,281.78,100,282.2,100,IBM
2025-10-21,9:42:13.988396778,T,281.78,100,282.21,100,IBM
2025-10-21,9:42:13.988431668,T,281.78,100,282.47,200,IBM
2025-10-21,9:42:13.988482473,T,281.99,100,282.47,200,IBM
2025-10-21,9:42:13.988712271,T,281.87,100,282.47,200,IBM
2025-10-21,9:42:13.988717748,T,281.99,100,282.47,200,IBM
2025-10-21,9:42:13.988782605,T,282.0,100,282.47,200,IBM
2025-10-21,9:42:13.989078201,T,281.99,100,282.47,200,IBM
2025-10-21,9:42:13.990195878,T,281.99,100,282.36,100,IBM
2025-10-21,9:42:13.996676305,T,281.79,100,282.36,100,IBM
2025-10-21,9:42:14.003236943,T,281.78,100,282.36,100,IBM
2025-10-21,9:42:14.310648691,T,281.78,100,282.36,200,IBM
2025-10-21,9:42:23.589809314,T,281.78,100,282.36,100,IBM
2025-10-21,9:42:23.589829443,T,281.78,100,282.28,100,IBM
2025-10-21,9:42:23.592064700,T,281.78,100,282.28,200,IBM
2025-10-21,9:42:27.597680727,T,281.78,100,282.28,100,IBM
2025-10-21,9:42:27.597705760,T,281.78,100,282.13,100,IBM
2025-10-21,9:42:27.598352304,T,281.78,100,282.13,200,IBM
2025-10-21,9:42:27.600938432,T,281.78,100,282.13,100,IBM
2025-10-21,9:42:27.600958490,T,281.78,100,282.36,100,IBM
2025-10-21,9:42:27.600973595,T,281.78,100,282.47,200,IBM
2025-10-21,9:42:27.601013663,T,281.85,100,282.47,200,IBM
2025-10-21,9:42:27.601504777,T,281.95,100,282.47,200,IBM
2025-10-21,9:42:27.608235826,T,282.0,100,282.47,200,IBM
2025-10-21,9:42:27.613794106,T,282.01,100,282.47,200,IBM
2025-10-21,9:42:27.625005739,T,282.0,100,282.47,200,IBM
2025-10-21,9:42:27.625085980,T,281.79,100,282.47,200,IBM
2025-10-21,9:42:27.651604088,T,282.0,100,282.47,200,IBM
2025-10-21,9:42:27.651689272,T,282.02,100,282.47,200,IBM
2025-10-21,9:42:27.669722198,T,282.04,100,282.47,200,IBM
2025-10-21,9:42:27.735949883,T,282.05,100,282.47,200,IBM
2025-10-21,9:42:29.257812999,T,281.79,200,282.47,200,IBM
2025-10-21,9:42:37.400402674,T,281.79,200,282.24,100,IBM
2025-10-21,9:42:37.401169493,T,281.79,200,282.24,200,IBM
2025-10-21,9:42:37.696101673,T,281.79,200,282.24,100,IBM
2025-10-21,9:43:28.393254786,T,281.79,200,282.24,200,IBM
2025-10-21,9:43:28.394101570,T,281.79,200,282.24,100,IBM
2025-10-21,9:43:28.394497517,T,281.78,100,282.24,100,IBM
2025-10-21,9:43:36.370690977,T,281.81,100,282.24,100,IBM
2025-10-21,9:43:36.370881478,T,281.84,100,282.24,100,IBM
2025-10-21,9:43:36.370936665,T,281.78,100,282.24,100,IBM
2025-10-21,9:43:36.665452731,T,281.78,100,282.24,200,IBM
2025-10-21,9:43:38.283524730,T,281.78,100,282.24,100,IBM
2025-10-21,9:43:39.974375227,T,281.81,100,282.24,100,IBM
2025-10-21,9:43:39.983356623,T,281.84,100,282.24,100,IBM
2025-10-21,9:43:39.983456809,T,281.85,100,282.24,100,IBM
2025-10-21,9:43:39.992543390,T,281.87,100,282.24,100,IBM
2025-10-21,9:43:40.100034315,T,281.84,100,282.24,100,IBM
2025-10-21,9:43:40.100084468,T,281.81,100,282.24,100,IBM
2025-10-21,9:43:40.141568362,T,281.78,100,282.24,100,IBM
2025-10-21,9:43:40.141713571,T,281.81,100,282.24,100,IBM
2025-10-21,9:43:40.141718611,T,281.78,100,282.24,100,IBM
2025-10-21,9:43:44.553952536,T,281.78,100,282.12,100,IBM
2025-10-21,9:43:44.553967625,T,281.78,100,282.11,100,IBM
2025-10-21,9:43:44.553982635,T,281.78,100,282.12,100,IBM
2025-10-21,9:43:44.553982635,T,281.78,100,282.05,100,IBM
2025-10-21,9:43:44.554163023,T,281.78,100,281.98,100,IBM
2025-10-21,9:43:44.554488813,T,281.78,100,282.05,100,IBM
2025-10-21,9:43:44.554519014,T,281.78,100,281.96,100,IBM
2025-10-21,9:43:44.554549132,T,281.78,100,282.1,100,IBM
2025-10-21,9:43:44.554549132,T,281.78,100,281.96,100,IBM
2025-10-21,9:43:44.554824638,T,281.78,100,281.98,100,IBM
2025-10-21,9:43:44.555105309,T,281.78,200,281.98,100,IBM
2025-10-21,9:43:44.572566881,T,281.78,200,282.24,100,IBM
2025-10-21,9:43:47.868037311,T,281.8,100,282.24,100,IBM
2025-10-21,9:43:47.868152585,T,281.8,200,282.24,100,IBM
2025-10-21,9:43:48.396891339,T,281.8,100,282.24,100,IBM
2025-10-21,9:43:48.740815090,T,281.8,100,282.17,100,IBM
2025-10-21,9:43:49.269834442,T,281.8,100,282.24,100,IBM
2025-10-21,9:43:49.270310573,T,281.8,100,282.17,100,IBM
2025-10-21,9:43:49.582203205,T,281.8,100,282.24,100,IBM
2025-10-21,9:43:49.593390099,T,281.8,100,282.17,100,IBM
2025-10-21,9:43:50.003205528,T,281.8,100,282.24,100,IBM
2025-10-21,9:43:50.003781744,T,281.8,100,282.17,100,IBM
2025-10-21,9:43:50.142231353,T,281.8,100,282.24,100,IBM
2025-10-21,9:43:51.374304475,T,281.88,100,282.24,100,IBM
2025-10-21,9:43:51.869232711,T,281.88,200,282.24,100,IBM
2025-10-21,9:43:53.361405101,T,281.88,100,282.24,100,IBM
2025-10-21,9:43:55.498222056,T,281.89,100,282.24,100,IBM
2025-10-21,9:44:06.412049195,T,281.91,100,282.24,100,IBM
2025-10-21,9:44:06.412219596,T,282.14,100,282.24,100,IBM
2025-10-21,9:44:06.413081565,T,281.91,100,282.24,100,IBM
2025-10-21,9:44:06.413101697,T,281.78,100,282.24,100,IBM
2025-10-21,9:44:06.413106626,T,282.02,100,282.24,100,IBM
2025-10-21,9:44:06.413196866,T,282.02,100,282.47,200,IBM
2025-10-21,9:44:06.413217246,T,282.24,100,282.47,200,IBM
2025-10-21,9:44:06.413217246,T,282.24,200,282.47,200,IBM
2025-10-21,9:44:06.413572871,T,282.36,100,282.47,200,IBM
2025-10-21,9:44:06.413587838,T,282.37,100,282.47,200,IBM
2025-10-21,9:44:06.413602891,T,282.24,100,282.47,200,IBM
2025-10-21,9:44:06.413728173,T,281.92,100,282.47,200,IBM
2025-10-21,9:44:06.413758259,T,281.78,200,282.47,200,IBM
2025-10-21,9:44:06.413758259,T,281.92,100,282.47,200,IBM
2025-10-21,9:44:06.413963758,T,281.78,100,282.47,200,IBM
2025-10-21,9:44:06.413968765,T,281.92,100,282.47,200,IBM
2025-10-21,9:44:06.415747980,T,281.83,100,282.47,200,IBM
2025-10-21,9:44:06.421015449,T,281.92,100,282.47,200,IBM
2025-10-21,9:44:06.421757229,T,281.83,100,282.47,200,IBM
2025-10-21,9:44:06.421762287,T,281.92,100,282.47,200,IBM
2025-10-21,9:44:06.424082770,T,281.92,100,282.94,100,IBM
2025-10-21,9:44:06.424097766,T,281.92,100,282.66,200,IBM
2025-10-21,9:44:06.424533868,T,281.83,100,282.66,200,IBM
2025-10-21,9:44:06.425030030,T,281.92,100,282.66,200,IBM
2025-10-21,9:44:06.512418108,T,281.83,100,282.66,200,IBM
2025-10-21,9:44:06.513225013,T,281.81,200,282.66,200,IBM
2025-10-21,9:44:06.831237172,T,281.81,200,282.66,300,IBM
2025-10-21,9:44:06.831242116,T,281.81,200,282.63,100,IBM
2025-10-21,9:44:06.831603021,T,281.81,200,282.66,200,IBM
2025-10-21,9:44:06.831603021,T,281.81,200,282.63,100,IBM
2025-10-21,9:44:06.832074166,T,281.81,200,282.66,200,IBM
2025-10-21,9:44:06.834850679,T,281.81,200,282.6,100,IBM
2025-10-21,9:44:06.836439516,T,281.81,200,282.54,200,IBM
2025-10-21,9:44:06.852477652,T,281.81,200,282.54,300,IBM
2025-10-21,9:44:06.933029489,T,281.81,200,282.54,200,IBM
2025-10-21,9:44:07.043803214,T,281.92,100,282.54,200,IBM
2025-10-21,9:44:07.043863335,T,281.97,100,282.54,200,IBM
2025-10-21,9:44:07.427030608,T,282.02,100,282.54,200,IBM
2025-10-21,9:44:07.501547975,T,282.03,100,282.54,200,IBM
2025-10-21,9:44:07.566322167,T,282.04,100,282.54,200,IBM
2025-10-21,9:44:07.925427491,T,282.05,100,282.54,200,IBM
2025-10-21,9:44:08.079413783,T,281.97,100,282.54,200,IBM
2025-10-21,9:44:08.079453759,T,281.81,200,282.54,200,IBM
2025-10-21,9:44:08.725030687,T,282.03,100,282.54,200,IBM
2025-10-21,9:44:10.700588793,T,282.03,100,282.78,100,IBM
2025-10-21,9:44:10.700593750,T,282.03,100,282.69,200,IBM
2025-10-21,9:44:11.494183061,T,282.11,100,282.69,200,IBM
2025-10-21,9:44:11.707505977,T,282.11,100,282.63,100,IBM
2025-10-21,9:44:11.707626208,T,282.03,100,282.63,100,IBM
2025-10-21,9:44:11.758662756,T,282.12,100,282.63,100,IBM
2025-10-21,9:44:11.758752967,T,282.13,100,282.63,100,IBM
2025-10-21,9:44:11.758778004,T,282.13,100,282.69,200,IBM
2025-10-21,9:44:11.912914973,T,282.14,100,282.69,200,IBM
2025-10-21,9:44:13.780746649,T,282.14,100,282.63,100,IBM
2025-10-21,9:44:13.780796732,T,282.03,200,282.63,100,IBM
2025-10-21,9:44:13.780856969,T,282.03,100,282.63,100,IBM
2025-10-21,9:44:14.099901441,T,282.03,100,282.48,100,IBM
2025-10-21,9:44:14.100001691,T,282.03,100,282.57,100,IBM
2025-10-21,9:44:14.100001691,T,282.03,100,282.48,100,IBM
2025-10-21,9:44:14.100532960,T,282.03,100,282.57,100,IBM
2025-10-21,9:44:14.101039115,T,282.03,100,282.63,100,IBM
2025-10-21,9:44:14.110256075,T,282.03,100,282.69,200,IBM
2025-10-21,9:44:15.288521148,T,282.03,200,282.69,200,IBM
2025-10-21,9:44:15.288932060,T,282.07,100,282.69,200,IBM
2025-10-21,9:44:15.385692417,T,282.11,100,282.69,200,IBM
2025-10-21,9:44:15.385757589,T,282.12,100,282.69,200,IBM
2025-10-21,9:44:15.511717510,T,282.14,100,282.69,200,IBM
2025-10-21,9:44:16.806169093,T,282.15,100,282.69,200,IBM
2025-10-21,9:44:16.806209236,T,282.3,100,282.69,200,IBM
2025-10-21,9:44:16.806950995,T,282.16,100,282.69,200,IBM
2025-10-21,9:44:16.806971014,T,282.14,200,282.69,200,IBM
2025-10-21,9:44:16.807006182,T,282.16,100,282.69,200,IBM
2025-10-21,9:44:16.807176476,T,282.14,200,282.69,200,IBM
2025-10-21,9:44:16.807422173,T,282.14,100,282.69,200,IBM
2025-10-21,9:44:16.807787968,T,282.14,100,282.94,100,IBM
2025-10-21,9:44:16.807798015,T,282.14,100,282.85,200,IBM
2025-10-21,9:44:16.816398431,T,282.03,100,282.85,200,IBM
2025-10-21,9:44:16.820062209,T,282.03,200,282.85,200,IBM
2025-10-21,9:44:16.834000358,T,282.03,100,282.85,200,IBM
2025-10-21,9:44:17.185853044,T,282.32,100,282.85,200,IBM
2025-10-21,9:44:17.186063590,T,282.32,200,282.85,200,IBM
2025-10-21,9:44:17.194047542,T,282.32,100,282.85,200,IBM
2025-10-21,9:44:17.196092413,T,281.99,100,282.85,200,IBM
2025-10-21,9:44:17.200267345,T,281.96,200,282.85,200,IBM
2025-10-21,9:44:21.232587061,T,281.78,100,282.85,200,IBM
2025-10-21,9:44:21.232596994,T,282.11,200,282.85,200,IBM
2025-10-21,9:44:39.388154109,T,282.15,100,282.85,200,IBM
2025-10-21,9:44:39.388184282,T,282.43,100,282.85,200,IBM
2025-10-21,9:44:39.388540127,T,282.43,200,282.85,200,IBM
2025-10-21,9:44:39.388820701,T,282.44,100,282.85,200,IBM
2025-10-21,9:44:39.390554902,T,282.44,100,283.08,100,IBM
2025-10-21,9:44:39.390564890,T,282.44,100,283.01,200,IBM
2025-10-21,9:44:39.396368702,T,282.43,200,283.01,200,IBM
2025-10-21,9:44:39.396889948,T,282.43,100,283.01,200,IBM
2025-10-21,9:44:39.400643842,T,282.4,100,283.01,200,IBM
2025-10-21,9:44:39.420055104,T,282.43,100,283.01,200,IBM
2025-10-21,9:44:39.420065257,T,282.25,200,283.01,200,IBM
2025-10-21,9:44:42.773939589,T,282.54,100,283.01,200,IBM
2025-10-21,9:44:44.728507743,T,282.25,200,283.01,200,IBM
2025-10-21,9:44:50.052617461,T,282.25,200,282.99,100,IBM
2025-10-21,9:44:55.043884968,T,282.39,100,282.99,100,IBM
2025-10-21,9:44:57.481067123,T,282.25,200,282.99,100,IBM
2025-10-21,9:45:01.141150574,T,282.25,200,283.08,100,IBM
2025-10-21,9:45:07.536295082,T,282.25,200,283.0,100,IBM
2025-10-21,9:45:07.542424670,T,282.25,200,283.08,100,IBM
2025-10-21,9:45:07.542424670,T,282.25,200,283.0,100,IBM
2025-10-21,9:45:07.543156551,T,282.25,200,283.08,100,IBM
2025-10-21,9:45:07.545867830,T,282.25,200,283.0,100,IBM
2025-10-21,9:45:07.648121265,T,282.25,200,283.08,100,IBM
2025-10-21,9:45:07.648161403,T,282.25,200,283.0,100,IBM
2025-10-21,9:45:07.648171403,T,282.25,200,282.98,100,IBM
2025-10-21,9:45:07.648191716,T,282.25,200,282.92,100,IBM
2025-10-21,9:45:07.648191716,T,282.25,200,283.0,100,IBM
2025-10-21,9:45:07.648196508,T,282.25,200,282.82,100,IBM
2025-10-21,9:45:07.648923173,T,282.25,200,282.82,200,IBM
2025-10-21,9:45:07.661929184,T,282.31,100,282.82,200,IBM
2025-10-21,9:45:07.662014352,T,282.53,100,282.82,200,IBM
2025-10-21,9:45:07.675636751,T,282.25,200,282.82,200,IBM
2025-10-21,9:45:07.729023869,T,282.31,100,282.82,200,IBM
2025-10-21,9:45:07.729129119,T,282.53,100,282.82,200,IBM
2025-10-21,9:45:08.409108121,T,282.53,100,282.82,100,IBM
2025-10-21,9:45:08.488081091,T,282.25,200,282.82,100,IBM
2025-10-21,9:45:09.507101932,T,282.25,200,282.82,200,IBM
2025-10-21,9:45:09.507487859,T,282.25,200,282.78,100,IBM
2025-10-21,9:45:09.507563055,T,282.25,200,282.82,200,IBM
2025-10-21,9:45:09.507613183,T,281.64,100,282.82,200,IBM
2025-10-21,9:45:09.507623246,T,282.07,200,282.82,200,IBM
2025-10-21,9:45:09.507743498,T,282.07,200,282.82,100,IBM
2025-10-21,9:45:09.507803666,T,282.07,200,282.85,200,IBM
2025-10-21,9:45:09.513743068,T,282.15,100,282.85,200,IBM
2025-10-21,9:45:09.731080190,T,282.16,100,282.85,200,IBM
2025-10-21,9:45:10.311797710,T,282.07,200,282.85,200,IBM
2025-10-21,9:45:13.345078879,T,282.07,200,282.76,100,IBM
2025-10-21,9:45:13.345083857,T,282.07,200,282.85,200,IBM
2025-10-21,9:45:13.345088864,T,282.07,200,282.76,100,IBM
2025-10-21,9:45:13.345499912,T,282.07,200,282.76,200,IBM
2025-10-21,9:45:13.345509868,T,282.07,200,282.76,100,IBM
2025-10-21,9:45:13.345509868,T,282.07,200,282.76,200,IBM
2025-10-21,9:45:13.359498232,T,282.07,200,282.76,100,IBM
2025-10-21,9:45:13.359914210,T,282.07,200,282.85,200,IBM
2025-10-21,9:45:14.392682810,T,282.07,200,282.76,100,IBM
2025-10-21,9:45:14.406034581,T,281.64,100,282.76,100,IBM
2025-10-21,9:45:14.406044555,T,281.92,200,282.76,100,IBM
2025-10-21,9:45:15.008423627,T,281.92,200,282.85,200,IBM
2025-10-21,9:45:15.581041834,T,282.25,100,282.85,200,IBM
2025-10-21,9:45:16.753673534,T,281.99,100,282.85,200,IBM
2025-10-21,9:45:16.753818812,T,281.92,300,282.85,200,IBM
2025-10-21,9:45:17.629358209,T,281.92,200,282.85,200,IBM
2025-10-21,9:45:31.037363128,T,282.3,100,282.85,200,IBM
2025-10-21,9:45:31.037638739,T,282.31,100,282.85,200,IBM
2025-10-21,9:45:31.045582960,T,282.3,100,282.85,200,IBM
2025-10-21,9:45:31.046128910,T,282.31,100,282.85,200,IBM
2025-10-21,9:45:31.046369567,T,282.36,100,282.85,200,IBM
2025-10-21,9:45:31.051977868,T,282.37,100,282.85,200,IBM
2025-10-21,9:45:31.084580461,T,282.38,100,282.85,200,IBM
2025-10-21,9:45:31.109033716,T,282.39,100,282.85,200,IBM
2025-10-21,9:45:31.109184083,T,282.3,100,282.85,200,IBM
2025-10-21,9:45:31.587978893,T,282.15,100,282.85,200,IBM
2025-10-21,9:45:31.934969962,T,281.92,200,282.85,200,IBM
2025-10-21,9:45:33.335449221,T,281.91,100,282.85,200,IBM
2025-10-21,9:45:33.335454210,T,282.05,200,282.85,200,IBM
2025-10-21,9:45:35.107136846,T,282.05,200,282.64,100,IBM
2025-10-21,9:45:35.107146709,T,282.05,200,282.63,100,IBM
2025-10-21,9:45:35.115356290,T,282.05,200,282.64,100,IBM
2025-10-21,9:45:35.117732005,T,282.05,200,282.71,100,IBM
2025-10-21,9:45:35.121230310,T,282.29,100,282.71,100,IBM
2025-10-21,9:45:35.121340586,T,282.3,100,282.71,100,IBM
2025-10-21,9:45:35.148871321,T,282.31,100,282.71,100,IBM
2025-10-21,9:45:35.207199907,T,282.31,100,282.79,100,IBM
2025-10-21,9:45:35.207225020,T,282.31,100,282.85,200,IBM
2025-10-21,9:45:35.463239436,T,282.32,100,282.85,200,IBM
2025-10-21,9:45:35.463359806,T,282.33,100,282.85,200,IBM
2025-10-21,9:45:38.950952527,T,282.05,200,282.85,200,IBM
2025-10-21,9:46:03.740262449,T,282.05,200,282.78,100,IBM
2025-10-21,9:46:04.284177546,T,282.05,200,282.77,100,IBM
2025-10-21,9:46:04.290387338,T,282.05,200,282.85,200,IBM
2025-10-21,9:46:06.061493491,T,282.05,200,282.85,300,IBM
2025-10-21,9:46:06.065843936,T,282.05,200,282.85,200,IBM
2025-10-21,9:46:06.522485957,T,282.05,200,282.78,100,IBM
2025-10-21,9:46:07.028199930,T,282.05,200,282.77,100,IBM
2025-10-21,9:46:07.034990990,T,282.05,200,282.85,200,IBM
2025-10-21,9:46:11.273170686,T,282.36,100,282.85,200,IBM
2025-10-21,9:46:12.344075209,T,282.07,100,282.85,200,IBM
2025-10-21,9:46:12.344105169,T,282.05,200,282.85,200,IBM
2025-10-21,9:46:15.737929809,T,282.05,200,282.71,100,IBM
2025-10-21,9:46:15.746149288,T,282.05,200,282.85,200,IBM
2025-10-21,9:46:43.797450059,T,282.07,100,282.85,200,IBM
2025-10-21,9:46:43.797465154,T,282.05,200,282.85,200,IBM
2025-10-21,9:46:43.797465154,T,282.07,100,282.85,200,IBM
2025-10-21,9:46:43.797560412,T,282.14,100,282.85,200,IBM
2025-10-21,9:46:43.797570387,T,282.15,100,282.85,200,IBM
2025-10-21,9:46:43.797886154,T,282.07,100,282.85,200,IBM
2025-10-21,9:46:43.797916557,T,282.05,200,282.85,200,IBM
2025-10-21,9:46:43.797921182,T,282.07,100,282.85,200,IBM
2025-10-21,9:46:43.798076596,T,282.07,100,283.08,100,IBM
2025-10-21,9:46:43.798086607,T,282.07,100,282.99,200,IBM
2025-10-21,9:46:43.798116727,T,282.07,100,282.93,100,IBM
2025-10-21,9:46:43.802206386,T,282.05,200,282.93,100,IBM
2025-10-21,9:46:44.951828411,T,281.64,100,282.93,100,IBM
2025-10-21,9:46:44.951833296,T,282.19,200,282.93,100,IBM
2025-10-21,9:46:48.754786838,T,282.45,100,282.93,100,IBM
2025-10-21,9:46:50.975027505,T,282.45,100,282.99,200,IBM
2025-10-21,9:46:50.981101973,T,282.45,100,282.95,100,IBM
2025-10-21,9:46:52.114675541,T,282.45,100,282.99,200,IBM
2025-10-21,9:46:52.120715003,T,282.45,100,282.96,100,IBM
2025-10-21,9:46:52.381515871,T,282.45,100,282.99,200,IBM
2025-10-21,9:46:52.622810209,T,282.45,100,282.97,100,IBM
2025-10-21,9:46:52.628849702,T,282.45,100,282.99,200,IBM
2025-10-21,9:46:53.125727492,T,282.45,100,282.99,300,IBM
2025-10-21,9:46:53.134678754,T,282.45,100,282.99,200,IBM
2025-10-21,9:46:53.170293630,T,282.19,200,282.99,200,IBM
2025-10-21,9:47:10.096408976,T,282.5,100,282.99,200,IBM
2025-10-21,9:47:20.761178300,T,282.5,100,282.85,100,IBM
2025-10-21,9:47:20.822539430,T,282.5,100,282.99,200,IBM
2025-10-21,9:47:20.910428607,T,282.19,200,282.99,200,IBM
2025-10-21,9:47:20.910453716,T,282.19,200,282.95,100,IBM
2025-10-21,9:47:20.910468665,T,282.19,200,282.85,100,IBM
2025-10-21,9:47:20.910734393,T,282.19,200,282.71,100,IBM
2025-10-21,9:47:20.911270582,T,282.19,200,282.7,100,IBM
2025-10-21,9:47:20.911972740,T,282.19,100,282.7,100,IBM
2025-10-21,9:47:20.912002382,T,282.19,100,282.61,100,IBM
2025-10-21,9:47:20.912408287,T,281.64,100,282.61,100,IBM
2025-10-21,9:47:20.912438441,T,281.64,100,282.6,100,IBM
2025-10-21,9:47:20.912448378,T,282.07,100,282.6,100,IBM
2025-10-21,9:47:20.912453445,T,281.99,100,282.6,100,IBM
2025-10-21,9:47:20.913180224,T,281.99,100,282.61,100,IBM
2025-10-21,9:47:20.916197375,T,281.99,100,282.63,100,IBM
2025-10-21,9:47:20.918673220,T,281.99,100,282.71,100,IBM
2025-10-21,9:47:20.924296617,T,281.99,100,282.53,100,IBM
2025-10-21,9:47:20.928501619,T,281.64,100,282.53,100,IBM
2025-10-21,9:47:20.971784651,T,282.0,200,282.53,100,IBM
2025-10-21,9:47:20.972045337,T,282.0,200,282.7,100,IBM
2025-10-21,9:47:20.974431025,T,282.0,200,282.63,100,IBM
2025-10-21,9:47:20.982184460,T,282.0,200,282.7,100,IBM
2025-10-21,9:47:20.982831050,T,282.0,200,282.63,100,IBM
2025-10-21,9:47:21.042914001,T,282.0,200,282.53,100,IBM
2025-10-21,9:47:21.560982384,T,282.0,200,282.44,100,IBM
2025-10-21,9:47:21.672708480,T,282.0,200,282.55,100,IBM
2025-10-21,9:47:22.504448621,T,282.0,200,282.37,100,IBM
2025-10-21,9:47:22.569287937,T,281.64,100,282.37,100,IBM
2025-10-21,9:47:22.569297992,T,281.84,200,282.37,100,IBM
2025-10-21,9:47:28.938801497,T,281.84,200,282.32,100,IBM
2025-10-21,9:47:28.939778840,T,281.64,100,282.32,100,IBM
2025-10-21,9:47:28.939788930,T,281.68,200,282.32,100,IBM
2025-10-21,9:47:28.939823909,T,281.75,100,282.32,100,IBM
2025-10-21,9:47:29.625506316,T,281.77,100,282.32,100,IBM
2025-10-21,9:47:29.625541443,T,281.75,100,282.32,100,IBM
2025-10-21,9:47:29.677274557,T,281.75,100,282.12,100,IBM
2025-10-21,9:47:29.678131621,T,281.75,100,282.12,200,IBM
2025-10-21,9:47:29.951201773,T,281.75,100,282.12,100,IBM
2025-10-21,9:47:29.951522524,T,281.68,200,282.12,100,IBM
2025-10-21,9:47:30.855444500,T,281.68,300,282.12,100,IBM
2025-10-21,9:47:31.084209084,T,281.75,100,282.12,100,IBM
2025-10-21,9:47:31.084234136,T,281.68,300,282.12,100,IBM
2025-10-21,9:47:31.137114979,T,281.68,300,282.07,100,IBM
2025-10-21,9:47:31.781088099,T,281.68,200,282.07,100,IBM
2025-10-21,9:47:31.783724335,T,281.67,100,282.07,100,IBM
2025-10-21,9:47:34.499128801,T,281.64,200,282.07,100,IBM
2025-10-21,9:47:34.499138801,T,281.64,100,282.07,100,IBM
2025-10-21,9:47:34.929212693,T,281.64,100,282.06,100,IBM
2025-10-21,9:47:39.699814888,T,281.64,100,282.04,100,IBM
2025-10-21,9:47:39.699990449,T,281.64,100,281.97,100,IBM
2025-10-21,9:47:39.700301087,T,281.64,100,282.07,100,IBM
2025-10-21,9:47:39.700832337,T,281.64,100,281.89,100,IBM
2025-10-21,9:47:39.701077963,T,281.64,100,282.04,100,IBM
2025-10-21,9:47:39.702135407,T,281.54,200,282.04,100,IBM
2025-10-21,9:47:39.703318209,T,281.54,200,282.07,100,IBM
2025-10-21,9:47:39.804844986,T,281.54,200,282.04,100,IBM
2025-10-21,9:47:39.842645383,T,281.54,200,282.07,100,IBM
2025-10-21,9:47:39.843080918,T,281.54,300,282.07,100,IBM
2025-10-21,9:47:39.843346635,T,281.54,200,282.07,100,IBM
2025-10-21,9:47:39.889000288,T,281.64,100,282.07,100,IBM
2025-10-21,9:47:39.889070506,T,281.81,100,282.07,100,IBM
2025-10-21,9:47:39.889130541,T,281.82,100,282.07,100,IBM
2025-10-21,9:47:41.024704016,T,281.82,100,282.12,100,IBM
2025-10-21,9:47:41.024724015,T,282.07,100,282.12,100,IBM
2025-10-21,9:47:41.024924479,T,282.07,100,282.12,200,IBM
2025-10-21,9:47:41.024934588,T,282.07,100,282.12,300,IBM
2025-10-21,9:47:41.024949525,T,281.82,200,282.12,300,IBM
2025-10-21,9:47:41.024959644,T,281.82,200,282.12,500,IBM
2025-10-21,9:47:41.024974669,T,281.82,100,282.12,500,IBM
2025-10-21,9:47:41.024974669,T,281.82,100,282.12,900,IBM
2025-10-21,9:47:41.024994825,T,281.82,100,282.12,1000,IBM
2025-10-21,9:47:41.024994825,T,281.82,100,282.07,100,IBM
2025-10-21,9:47:41.024999670,T,281.82,100,282.07,200,IBM
2025-10-21,9:47:41.025034771,T,281.82,100,282.07,900,IBM
2025-10-21,9:47:41.025300382,T,281.72,100,282.07,900,IBM
2025-10-21,9:47:41.025335497,T,281.72,100,282.07,1000,IBM
2025-10-21,9:47:41.025360517,T,281.54,200,282.07,1000,IBM
2025-10-21,9:47:41.025916892,T,281.54,200,282.07,300,IBM
2025-10-21,9:47:41.025941912,T,281.54,200,282.07,1000,IBM
2025-10-21,9:47:41.025997051,T,281.54,200,282.07,900,IBM
2025-10-21,9:47:41.026002068,T,281.54,200,282.07,800,IBM
2025-10-21,9:47:41.026002068,T,281.54,200,282.07,700,IBM
2025-10-21,9:47:41.026002068,T,281.54,200,282.12,100,IBM
2025-10-21,9:47:41.026022184,T,281.54,200,281.93,700,IBM
2025-10-21,9:47:41.026042131,T,281.54,200,281.93,800,IBM
2025-10-21,9:47:41.026047248,T,281.54,200,281.93,900,IBM
2025-10-21,9:47:41.026052260,T,281.54,200,281.93,800,IBM
2025-10-21,9:47:41.026052260,T,281.54,200,281.93,900,IBM
2025-10-21,9:47:41.026067206,T,281.54,200,281.93,600,IBM
2025-10-21,9:47:41.026097269,T,281.54,200,281.93,300,IBM
2025-10-21,9:47:41.026097269,T,281.54,200,281.93,200,IBM
2025-10-21,9:47:41.026097269,T,281.54,200,281.93,100,IBM
2025-10-21,9:47:41.026102344,T,281.54,200,282.12,100,IBM
2025-10-21,9:47:43.425369199,T,281.54,200,282.26,100,IBM
2025-10-21,9:47:45.287061186,T,281.54,200,282.37,100,IBM
2025-10-21,9:47:45.425510831,T,281.54,200,282.32,100,IBM
2025-10-21,9:47:48.154237053,T,281.54,200,282.3,200,IBM
2025-10-21,9:47:55.421287258,T,281.54,200,282.12,100,IBM
2025-10-21,9:48:00.815764951,T,281.54,200,282.3,200,IBM
2025-10-21,9:48:18.669107749,T,281.54,200,282.26,100,IBM
2025-10-21,9:48:18.669112852,T,281.54,200,282.23,100,IBM
2025-10-21,9:48:18.669112852,T,281.54,200,282.11,100,IBM
2025-10-21,9:48:18.669132836,T,281.54,200,282.09,100,IBM
2025-10-21,9:48:18.669177943,T,281.54,200,282.11,100,IBM
2025-10-21,9:48:18.669207939,T,281.54,200,282.09,100,IBM
2025-10-21,9:48:18.673372863,T,281.54,200,282.11,100,IBM
2025-10-21,9:48:18.675247323,T,281.54,200,282.18,200,IBM
2025-10-21,9:48:19.598836028,T,281.56,100,282.18,200,IBM
2025-10-21,9:48:19.598906195,T,281.71,100,282.18,200,IBM
2025-10-21,9:48:19.616172301,T,281.72,100,282.18,200,IBM
2025-10-21,9:48:19.633699027,T,281.54,200,282.18,200,IBM
2025-10-21,9:48:28.906289039,T,281.54,200,282.04,100,IBM
2025-10-21,9:48:28.907862801,T,281.54,200,281.96,100,IBM
2025-10-21,9:48:28.908644582,T,281.24,100,281.96,100,IBM
2025-10-21,9:48:28.908649664,T,281.41,200,281.96,100,IBM
2025-10-21,9:48:28.914508611,T,281.41,200,282.04,100,IBM
2025-10-21,9:48:28.922282068,T,281.41,200,282.11,100,IBM
2025-10-21,9:48:28.923099033,T,281.41,200,282.04,100,IBM
2025-10-21,9:48:29.698505136,T,281.41,200,282.03,100,IBM
2025-10-21,9:48:29.704364132,T,281.41,200,282.04,100,IBM
2025-10-21,9:48:34.375925280,T,281.54,100,282.04,100,IBM
2025-10-21,9:48:36.391739356,T,281.55,100,282.04,100,IBM
2025-10-21,9:48:53.443328526,T,281.55,100,282.03,100,IBM
2025-10-21,9:48:59.775929396,T,281.55,100,281.99,100,IBM
2025-10-21,9:49:03.295528326,T,281.55,100,282.08,100,IBM
2025-10-21,9:49:19.216620889,T,281.55,100,282.11,100,IBM
2025-10-21,9:49:19.216706104,T,281.55,100,282.21,200,IBM
2025-10-21,9:49:19.217427988,T,281.55,100,282.08,200,IBM
2025-10-21,9:49:19.217437754,T,281.55,100,282.08,600,IBM
2025-10-21,9:49:19.217447855,T,281.55,100,282.08,700,IBM
2025-10-21,9:49:19.217452793,T,281.55,100,282.08,300,IBM
2025-10-21,9:49:19.217457856,T,281.55,100,282.08,100,IBM
2025-10-21,9:49:19.217462899,T,281.55,100,282.21,200,IBM
2025-10-21,9:49:19.217487923,T,281.55,100,282.01,1100,IBM
2025-10-21,9:49:19.217538340,T,281.55,100,282.01,600,IBM
2025-10-21,9:49:19.217538340,T,281.55,100,282.01,500,IBM
2025-10-21,9:49:19.217543032,T,281.55,100,282.01,900,IBM
2025-10-21,9:49:19.217548055,T,281.55,100,282.01,800,IBM
2025-10-21,9:49:19.217578136,T,281.55,100,282.01,1000,IBM
2025-10-21,9:49:19.217788618,T,281.55,100,282.01,1200,IBM
2025-10-21,9:49:19.217813943,T,281.55,100,282.01,800,IBM
2025-10-21,9:49:19.217818680,T,281.55,100,282.01,400,IBM
2025-10-21,9:49:19.217823668,T,281.55,100,282.01,200,IBM
2025-10-21,9:49:19.217828687,T,281.55,100,282.21,200,IBM
2025-10-21,9:49:19.217853738,T,281.55,100,282.04,1200,IBM
2025-10-21,9:49:19.217873791,T,281.55,100,282.21,200,IBM
2025-10-21,9:49:19.217893823,T,281.55,100,282.04,1200,IBM
2025-10-21,9:49:19.242256923,T,281.84,100,282.04,1200,IBM
2025-10-21,9:49:19.334090652,T,281.84,100,282.04,900,IBM
2025-10-21,9:49:19.334090652,T,281.84,100,282.04,500,IBM
2025-10-21,9:49:19.334095540,T,281.84,100,282.21,200,IBM
2025-10-21,9:49:19.334115601,T,282.04,100,282.21,200,IBM
2025-10-21,9:49:19.334666874,T,281.89,100,282.21,200,IBM
2025-10-21,9:49:19.334681909,T,281.87,100,282.21,200,IBM
2025-10-21,9:49:19.337638897,T,281.87,100,282.47,100,IBM
2025-10-21,9:49:19.337648997,T,281.87,100,282.41,200,IBM
2025-10-21,9:49:19.338014819,T,281.89,100,282.41,200,IBM
2025-10-21,9:49:19.342390320,T,281.9,100,282.41,200,IBM
2025-10-21,9:49:19.342435331,T,281.89,100,282.41,200,IBM
2025-10-21,9:49:19.342455424,T,281.9,100,282.41,200,IBM
2025-10-21,9:49:19.342520612,T,282.09,100,282.41,200,IBM
2025-10-21,9:49:19.352228677,T,281.9,100,282.41,200,IBM
2025-10-21,9:49:19.352273745,T,281.9,100,282.37,100,IBM
2025-10-21,9:49:19.363234836,T,281.79,100,282.37,100,IBM
2025-10-21,9:49:19.385974030,T,281.6,200,282.37,100,IBM
2025-10-21,9:49:19.473692795,T,281.6,200,282.41,200,IBM
2025-10-21,9:49:19.498697429,T,281.84,100,282.41,200,IBM
2025-10-21,9:49:19.700833616,T,281.84,200,282.41,200,IBM
2025-10-21,9:49:19.700838616,T,281.84,300,282.41,200,IBM
2025-10-21,9:49:19.711679388,T,281.84,200,282.41,200,IBM
2025-10-21,9:49:19.711709512,T,281.84,100,282.41,200,IBM
2025-10-21,9:49:20.436565154,T,281.65,100,282.41,200,IBM
2025-10-21,9:49:20.516545504,T,281.94,100,282.41,200,IBM
2025-10-21,9:49:21.817442589,T,281.94,100,282.58,100,IBM
2025-10-21,9:49:21.817442589,T,281.94,100,282.53,200,IBM
2025-10-21,9:49:22.260542364,T,281.94,200,282.53,200,IBM
2025-10-21,9:49:22.260647772,T,281.94,300,282.53,200,IBM
2025-10-21,9:49:22.270846897,T,281.94,200,282.53,200,IBM
2025-10-21,9:49:22.270871969,T,281.94,100,282.53,200,IBM
2025-10-21,9:49:22.429158782,T,281.94,100,282.52,100,IBM
2025-10-21,9:49:22.439167625,T,281.94,100,282.69,200,IBM
2025-10-21,9:49:23.360019868,T,282.07,100,282.69,200,IBM
2025-10-21,9:49:23.360500996,T,282.15,100,282.69,200,IBM
2025-10-21,9:49:23.360886989,T,281.94,100,282.69,200,IBM
2025-10-21,9:49:23.360891929,T,282.15,100,282.69,200,IBM
2025-10-21,9:49:23.361142565,T,282.15,200,282.69,200,IBM
2025-10-21,9:49:23.362185013,T,282.16,100,282.69,200,IBM
2025-10-21,9:49:23.363297689,T,282.16,100,282.87,100,IBM
2025-10-21,9:49:23.363302691,T,282.16,100,282.83,200,IBM
2025-10-21,9:49:23.364936552,T,282.15,200,282.83,200,IBM
2025-10-21,9:49:23.368154275,T,282.15,100,282.83,200,IBM
2025-10-21,9:49:23.373086042,T,282.16,100,282.83,200,IBM
2025-10-21,9:49:23.373156173,T,282.37,100,282.83,200,IBM
2025-10-21,9:49:23.437318938,T,282.16,100,282.83,200,IBM
2025-10-21,9:49:23.437358963,T,282.16,100,282.8,100,IBM
2025-10-21,9:49:23.437464221,T,282.16,100,282.83,200,IBM
2025-10-21,9:49:23.437484262,T,282.37,100,282.83,200,IBM
2025-10-21,9:49:23.442451138,T,282.37,100,282.76,100,IBM
2025-10-21,9:49:23.445743924,T,282.38,100,282.76,100,IBM
2025-10-21,9:49:23.447372888,T,282.38,100,282.83,200,IBM
2025-10-21,9:49:23.941168442,T,282.38,100,282.81,100,IBM
2025-10-21,9:49:23.947207832,T,282.38,100,282.83,200,IBM
2025-10-21,9:49:24.138387898,T,282.37,100,282.83,200,IBM
2025-10-21,9:49:24.271815496,T,282.14,100,282.83,200,IBM
2025-10-21,9:49:24.271960983,T,281.79,100,282.83,200,IBM
2025-10-21,9:49:24.446446282,T,281.79,100,282.81,100,IBM
2025-10-21,9:49:24.452525724,T,281.79,100,282.83,200,IBM
2025-10-21,9:49:24.536240039,T,282.07,100,282.83,200,IBM
2025-10-21,9:49:24.536250044,T,281.78,200,282.83,200,IBM
2025-10-21,9:49:24.536250044,T,281.79,100,282.83,200,IBM
2025-10-21,9:49:24.536270068,T,281.79,100,283.22,100,IBM
2025-10-21,9:49:24.536275088,T,281.79,100,282.98,200,IBM
2025-10-21,9:49:27.399356315,T,282.07,100,282.98,200,IBM
2025-10-21,9:49:27.399406431,T,282.37,100,282.98,200,IBM
2025-10-21,9:49:27.741240253,T,282.52,100,282.98,200,IBM
2025-10-21,9:49:27.752802716,T,282.53,100,282.98,200,IBM
2025-10-21,9:49:27.925904786,T,282.57,100,282.98,200,IBM
2025-10-21,9:49:30.782320174,T,282.37,100,282.98,200,IBM
2025-10-21,9:49:30.782405384,T,282.14,100,282.98,200,IBM
2025-10-21,9:49:30.782801297,T,282.37,100,282.98,200,IBM
2025-10-21,9:49:30.942907466,T,282.37,100,283.35,100,IBM
2025-10-21,9:49:30.942917512,T,282.37,100,283.13,200,IBM
2025-10-21,9:49:30.951172155,T,282.57,100,283.13,200,IBM
2025-10-21,9:49:30.951608307,T,282.57,100,283.03,100,IBM
2025-10-21,9:49:30.951773600,T,282.57,100,283.03,200,IBM
2025-10-21,9:49:30.951944354,T,282.57,100,282.98,100,IBM
2025-10-21,9:49:30.951949015,T,282.57,100,282.98,200,IBM
2025-10-21,9:49:30.951959033,T,282.57,100,282.98,300,IBM
2025-10-21,9:49:30.951964066,T,282.57,100,282.98,700,IBM
2025-10-21,9:49:30.951969100,T,282.57,100,282.98,800,IBM
2025-10-21,9:49:30.951984098,T,282.57,100,282.98,900,IBM
2025-10-21,9:49:30.952004191,T,282.37,100,282.98,900,IBM
2025-10-21,9:49:30.952836176,T,282.57,100,282.98,900,IBM
2025-10-21,9:49:30.954444903,T,282.37,100,282.98,900,IBM
2025-10-21,9:49:30.978366853,T,282.28,100,282.98,900,IBM
2025-10-21,9:49:31.951598614,T,282.28,100,282.98,1000,IBM
2025-10-21,9:49:36.011022701,T,282.69,100,282.98,1000,IBM
2025-10-21,9:49:36.741456670,T,282.69,100,282.98,900,IBM
2025-10-21,9:49:37.904144760,T,282.69,100,282.98,800,IBM
2025-10-21,9:49:37.904154781,T,282.69,100,282.98,700,IBM
2025-10-21,9:49:37.904159931,T,282.69,100,282.98,600,IBM
2025-10-21,9:49:37.904159931,T,282.69,100,282.98,200,IBM
2025-10-21,9:49:37.904159931,T,282.69,100,282.98,100,IBM
2025-10-21,9:49:37.904165333,T,282.69,100,283.31,200,IBM
2025-10-21,9:49:37.904179795,T,282.98,100,283.31,200,IBM
2025-10-21,9:49:37.904601115,T,282.69,100,283.31,200,IBM
2025-10-21,9:49:38.403278019,T,282.69,100,283.5,300,IBM
2025-10-21,9:49:38.403288083,T,282.69,100,283.46,200,IBM
2025-10-21,9:49:38.854792911,T,282.56,100,283.46,200,IBM
2025-10-21,9:49:38.904596500,T,282.56,100,283.35,100,IBM
2025-10-21,9:49:39.223475595,T,282.43,100,283.35,100,IBM
2025-10-21,9:49:39.386779408,T,282.57,100,283.35,100,IBM
2025-10-21,9:49:43.221277994,T,282.57,100,283.31,100,IBM
2025-10-21,9:49:43.233266445,T,282.49,100,283.31,100,IBM
2025-10-21,9:49:47.902697884,T,282.49,100,283.22,100,IBM
2025-10-21,9:49:47.903284283,T,282.57,100,283.22,100,IBM
2025-10-21,9:49:47.903474701,T,282.57,100,283.31,100,IBM
2025-10-21,9:49:47.903524839,T,282.63,100,283.31,100,IBM
2025-10-21,9:49:50.916452773,T,282.58,200,283.31,100,IBM
2025-10-21,9:50:01.173235496,T,282.58,200,283.46,200,IBM
2025-10-21,9:50:01.480917946,T,282.57,100,283.46,200,IBM
2025-10-21,9:50:01.480922982,T,282.71,200,283.46,200,IBM
2025-10-21,9:50:11.928951269,T,283.07,100,283.46,200,IBM
2025-10-21,9:50:12.439160916,T,283.07,100,283.21,300,IBM
2025-10-21,9:50:12.439185873,T,282.71,200,283.21,300,IBM
2025-10-21,9:50:12.439446602,T,282.71,200,283.21,400,IBM
2025-10-21,9:50:12.440148153,T,282.71,200,283.14,100,IBM
2025-10-21,9:50:12.440153271,T,282.71,200,283.13,100,IBM
2025-10-21,9:50:12.440158288,T,282.71,200,283.14,100,IBM
2025-10-21,9:50:12.440213327,T,282.71,200,283.21,500,IBM
2025-10-21,9:50:12.440253499,T,282.71,200,283.14,100,IBM
2025-10-21,9:50:12.440664506,T,282.71,200,283.21,500,IBM
2025-10-21,9:50:12.440704564,T,282.49,100,283.21,500,IBM
2025-10-21,9:50:12.440709528,T,282.57,200,283.21,500,IBM
2025-10-21,9:50:12.442864647,T,282.57,200,283.14,100,IBM
2025-10-21,9:50:12.442889993,T,282.57,200,283.21,500,IBM
2025-10-21,9:50:12.442889993,T,282.57,200,283.14,100,IBM
2025-10-21,9:50:12.447450566,T,282.57,200,283.21,500,IBM
2025-10-21,9:50:12.451049168,T,282.57,200,283.21,400,IBM
2025-10-21,9:50:12.484984964,T,282.57,200,283.21,500,IBM
2025-10-21,9:50:13.908393531,T,282.57,200,283.21,600,IBM
2025-10-21,9:50:14.387809846,T,282.57,200,283.21,500,IBM
2025-10-21,9:50:15.347720128,T,282.57,300,283.21,500,IBM
2025-10-21,9:50:15.348045923,T,282.57,300,283.21,400,IBM
2025-10-21,9:50:16.181981252,T,282.57,200,283.21,400,IBM
2025-10-21,9:50:16.629190872,T,282.57,200,283.21,500,IBM
2025-10-21,9:50:16.629441668,T,282.57,200,283.21,400,IBM
2025-10-21,9:50:16.629852412,T,282.57,200,283.21,500,IBM
2025-10-21,9:50:16.643805605,T,282.57,200,283.21,400,IBM
2025-10-21,9:50:16.680026889,T,282.57,200,283.21,500,IBM
2025-10-21,9:50:16.680237368,T,282.57,200,283.21,600,IBM
2025-10-21,9:50:16.836810116,T,282.57,200,283.21,500,IBM
2025-10-21,9:50:16.837035651,T,282.57,200,283.21,400,IBM
2025-10-21,9:50:17.287868888,T,282.57,200,283.21,300,IBM
2025-10-21,9:50:19.910071682,T,282.57,300,283.21,300,IBM
2025-10-21,9:50:22.381289875,T,282.57,200,283.21,300,IBM
2025-10-21,9:50:22.381315006,T,282.57,200,283.21,400,IBM
2025-10-21,9:50:22.381340020,T,282.57,200,283.06,100,IBM
2025-10-21,9:50:22.381760958,T,282.57,200,283.06,200,IBM
2025-10-21,9:50:22.382783396,T,282.57,200,283.06,300,IBM
2025-10-21,9:50:22.389534560,T,282.57,200,283.06,200,IBM
2025-10-21,9:50:22.391764836,T,282.57,200,283.06,100,IBM
2025-10-21,9:50:22.392937577,T,282.57,200,283.06,200,IBM
2025-10-21,9:50:22.898280811,T,282.57,200,283.06,100,IBM
2025-10-21,9:50:23.536189294,T,282.57,300,283.06,100,IBM
2025-10-21,9:50:23.879631884,T,282.57,200,283.06,100,IBM
2025-10-21,9:50:24.750058988,T,281.91,100,283.06,100,IBM
2025-10-21,9:50:24.750058988,T,282.43,200,283.06,100,IBM
2025-10-21,9:50:31.174217925,T,282.43,200,283.17,400,IBM
2025-10-21,9:50:31.359679359,T,282.43,200,283.12,100,IBM
2025-10-21,9:50:31.359684430,T,282.43,200,283.04,100,IBM
2025-10-21,9:50:31.359854756,T,282.43,200,282.87,100,IBM
2025-10-21,9:50:31.359869828,T,282.43,200,282.98,100,IBM
2025-10-21,9:50:31.359874898,T,282.43,200,282.86,100,IBM
2025-10-21,9:50:31.360225659,T,282.43,200,282.98,100,IBM
2025-10-21,9:50:31.360310931,T,282.43,200,282.76,100,IBM
2025-10-21,9:50:31.361007590,T,282.43,200,282.86,100,IBM
2025-10-21,9:50:31.361588991,T,282.43,200,283.04,100,IBM
2025-10-21,9:50:31.361603982,T,282.43,200,282.86,100,IBM
2025-10-21,9:50:31.361609019,T,282.43,200,283.04,100,IBM
2025-10-21,9:50:31.361884669,T,282.43,200,283.17,400,IBM
2025-10-21,9:50:31.361894715,T,282.43,200,283.04,100,IBM
2025-10-21,9:50:31.361954854,T,282.43,200,283.17,400,IBM
2025-10-21,9:50:31.362235519,T,282.43,200,282.98,100,IBM
2025-10-21,9:50:31.362541181,T,282.43,200,283.17,400,IBM
2025-10-21,9:50:31.364686255,T,281.91,100,283.17,400,IBM
2025-10-21,9:50:31.364696350,T,282.23,200,283.17,400,IBM
2025-10-21,9:50:31.364972033,T,282.23,200,282.98,100,IBM
2025-10-21,9:50:31.372785594,T,282.23,200,282.98,200,IBM
2025-10-21,9:50:31.372996037,T,282.23,200,282.98,300,IBM
2025-10-21,9:50:31.386337881,T,282.23,200,282.98,200,IBM
2025-10-21,9:50:31.386568428,T,282.23,200,282.98,100,IBM
2025-10-21,9:50:31.459777669,T,282.23,200,283.12,100,IBM
2025-10-21,9:50:31.574530853,T,282.23,200,283.17,400,IBM
2025-10-21,9:50:31.574851628,T,282.23,200,283.17,300,IBM
2025-10-21,9:50:31.575062133,T,282.23,200,283.17,400,IBM
2025-10-21,9:50:31.575458057,T,282.23,200,283.04,100,IBM
2025-10-21,9:50:31.722122245,T,282.23,200,283.12,100,IBM
2025-10-21,9:50:31.722543173,T,282.23,200,283.17,400,IBM
2025-10-21,9:50:31.722558234,T,282.23,200,283.12,100,IBM
2025-10-21,9:50:31.722583301,T,282.23,200,283.04,100,IBM
2025-10-21,9:50:31.722733651,T,282.35,100,283.04,100,IBM
2025-10-21,9:50:31.722909093,T,282.35,100,283.17,400,IBM
2025-10-21,9:50:31.722914083,T,282.35,100,283.04,100,IBM
2025-10-21,9:50:31.789617855,T,282.35,100,283.12,100,IBM
2025-10-21,9:50:31.790114093,T,282.35,100,283.17,400,IBM
2025-10-21,9:50:31.867944332,T,282.52,100,283.17,400,IBM
2025-10-21,9:50:31.868485614,T,282.58,100,283.17,400,IBM
2025-10-21,9:50:31.868831453,T,282.58,100,283.17,300,IBM
2025-10-21,9:50:32.062342147,T,282.23,300,283.17,300,IBM
2025-10-21,9:50:38.448354982,T,282.23,200,283.17,300,IBM
2025-10-21,9:50:47.970543994,T,282.23,200,283.28,200,IBM
2025-10-21,9:50:49.852198573,T,282.23,200,283.22,100,IBM
2025-10-21,9:50:50.946343768,T,282.23,200,282.86,100,IBM
2025-10-21,9:50:57.393577111,T,282.23,300,282.86,100,IBM
2025-10-21,9:50:57.404693517,T,282.23,300,283.22,100,IBM
2025-10-21,9:50:57.404929085,T,282.23,300,283.28,200,IBM
2025-10-21,9:50:57.405385324,T,282.28,100,283.28,200,IBM
2025-10-21,9:50:57.405420311,T,282.35,100,283.28,200,IBM
2025-10-21,9:50:57.407384907,T,282.35,100,282.86,100,IBM
2025-10-21,9:50:57.407590505,T,282.35,100,282.86,200,IBM
2025-10-21,9:50:57.408166888,T,282.35,100,282.86,100,IBM
2025-10-21,9:50:57.408352293,T,282.35,100,283.04,100,IBM
2025-10-21,9:50:57.408357327,T,282.35,100,283.12,100,IBM
2025-10-21,9:50:57.408357327,T,282.35,100,283.28,200,IBM
2025-10-21,9:50:57.408512634,T,282.4,200,283.28,200,IBM
2025-10-21,9:50:57.409154145,T,282.86,200,283.28,200,IBM
2025-10-21,9:50:57.410021186,T,282.86,200,282.91,100,IBM
2025-10-21,9:50:57.446848950,T,282.86,200,283.28,200,IBM
2025-10-21,9:50:57.657675848,T,282.58,100,283.28,200,IBM
2025-10-21,9:50:57.674140049,T,282.4,200,283.28,200,IBM
2025-10-21,9:50:58.062715127,T,282.58,100,283.28,200,IBM
2025-10-21,9:51:07.140415763,T,282.67,100,283.28,200,IBM
2025-10-21,9:51:07.147227051,T,282.58,100,283.28,200,IBM
2025-10-21,9:51:07.147252089,T,282.58,100,283.26,100,IBM
2025-10-21,9:51:07.147262132,T,282.58,100,283.22,100,IBM
2025-10-21,9:51:07.155471712,T,282.58,100,283.28,200,IBM
2025-10-21,9:51:07.156002928,T,282.79,100,283.28,200,IBM
2025-10-21,9:51:07.168267069,T,282.67,100,283.28,200,IBM
2025-10-21,9:51:07.514085452,T,282.79,100,283.28,200,IBM
2025-10-21,9:51:07.514726990,T,282.81,100,283.28,200,IBM
2025-10-21,9:51:07.514767011,T,282.82,100,283.28,200,IBM
2025-10-21,9:51:07.670758454,T,282.79,100,283.28,200,IBM
2025-10-21,9:51:07.670768402,T,282.67,100,283.28,200,IBM
2025-10-21,9:51:21.756431836,T,282.67,100,283.4,100,IBM
2025-10-21,9:51:21.831455394,T,282.67,100,283.43,200,IBM
2025-10-21,9:51:29.087078546,T,282.63,100,283.43,200,IBM
2025-10-21,9:51:29.087103639,T,282.63,100,283.26,100,IBM
2025-10-21,9:51:29.087108725,T,282.53,200,283.26,100,IBM
2025-10-21,9:51:29.087123703,T,282.53,200,283.22,100,IBM
2025-10-21,9:51:29.095323227,T,282.53,200,283.33,100,IBM
2025-10-21,9:51:29.105151607,T,282.53,200,283.4,100,IBM
2025-10-21,9:51:29.187552809,T,282.53,200,283.43,200,IBM
2025-10-21,9:51:35.158652923,T,282.53,200,283.5,300,IBM
2025-10-21,9:51:35.158662864,T,282.53,200,283.3,200,IBM
2025-10-21,9:51:37.494493977,T,282.72,1100,283.3,200,IBM
2025-10-21,9:51:39.929395489,T,282.79,100,283.3,200,IBM
2025-10-21,9:51:43.113174884,T,282.72,1100,283.3,200,IBM
2025-10-21,9:52:12.893171112,T,282.79,100,283.3,200,IBM
2025-10-21,9:52:12.893647006,T,282.72,1100,283.3,200,IBM
2025-10-21,9:52:26.232221970,T,282.72,1100,283.26,100,IBM
2025-10-21,9:52:26.232251881,T,282.72,1100,283.22,100,IBM
2025-10-21,9:52:26.232362268,T,282.72,1100,283.26,100,IBM
2025-10-21,9:52:26.232367018,T,282.72,1100,283.22,100,IBM
2025-10-21,9:52:26.232387047,T,282.72,1100,283.26,100,IBM
2025-10-21,9:52:26.232447217,T,282.72,1100,283.3,200,IBM
2025-10-21,9:52:26.232612562,T,282.72,1100,283.26,100,IBM
2025-10-21,9:52:26.232988498,T,282.72,1100,283.22,100,IBM
2025-10-21,9:52:26.240807106,T,282.72,1100,283.26,100,IBM
2025-10-21,9:52:26.247402767,T,282.72,1100,283.3,300,IBM
2025-10-21,9:52:26.247427906,T,282.72,1100,283.3,200,IBM
2025-10-21,9:52:26.383917801,T,282.72,1100,283.25,100,IBM
2025-10-21,9:52:26.825168245,T,282.72,1100,283.1,100,IBM
2025-10-21,9:52:30.484951669,T,282.72,900,283.1,100,IBM
2025-10-21,9:52:30.484951669,T,282.53,200,283.1,100,IBM
2025-10-21,9:52:30.485046189,T,282.53,200,283.09,100,IBM
2025-10-21,9:52:30.485131461,T,282.53,200,283.1,100,IBM
2025-10-21,9:52:30.485397133,T,281.91,100,283.1,100,IBM
2025-10-21,9:52:30.485402110,T,282.33,200,283.1,100,IBM
2025-10-21,9:52:30.485777996,T,282.33,200,283.1,200,IBM
2025-10-21,9:52:30.485883194,T,282.33,200,283.1,100,IBM
2025-10-21,9:52:30.632191512,T,282.33,200,283.14,100,IBM
2025-10-21,9:52:31.233142262,T,282.42,100,283.14,100,IBM
2025-10-21,9:52:31.507580624,T,282.42,100,283.22,100,IBM
2025-10-21,9:52:31.792463853,T,282.42,100,282.95,100,IBM
2025-10-21,9:52:31.949362364,T,282.63,100,282.95,100,IBM
2025-10-21,9:52:31.949838435,T,282.33,200,282.95,100,IBM
2025-10-21,9:52:32.392241610,T,282.33,200,282.86,100,IBM
2025-10-21,9:52:45.779597368,T,282.33,200,282.86,200,IBM
2025-10-21,9:52:46.497892215,T,282.33,200,282.86,300,IBM
2025-10-21,9:52:46.506056687,T,282.33,200,282.86,200,IBM
2025-10-21,9:52:48.751983566,T,282.33,200,282.86,100,IBM
2025-10-21,9:52:48.753812936,T,282.33,200,283.17,200,IBM
2025-10-21,9:52:52.154463732,T,282.33,200,282.85,100,IBM
2025-10-21,9:52:52.155320690,T,282.33,200,282.85,200,IBM
2025-10-21,9:52:59.612032671,T,282.63,100,282.85,200,IBM
2025-10-21,9:53:01.781428156,T,282.33,200,282.85,200,IBM
2025-10-21,9:53:01.781477584,T,282.33,200,282.85,300,IBM
2025-10-21,9:53:01.782008874,T,282.33,200,282.85,200,IBM
2025-10-21,9:53:01.788704802,T,282.33,200,282.85,100,IBM
2025-10-21,9:53:03.508373657,T,282.35,100,282.85,100,IBM
2025-10-21,9:53:03.527043009,T,282.33,200,282.85,100,IBM
2025-10-21,9:53:03.532546217,T,282.35,100,282.85,100,IBM
2025-10-21,9:53:06.188493923,T,282.33,200,282.85,100,IBM
2025-10-21,9:53:06.484253021,T,282.33,200,282.85,200,IBM
2025-10-21,9:53:06.596380018,T,282.33,200,282.85,100,IBM
2025-10-21,9:53:07.754802848,T,282.35,100,282.85,100,IBM
2025-10-21,9:53:09.299199572,T,282.33,200,282.85,100,IBM
2025-10-21,9:53:09.299229594,T,282.33,200,282.85,200,IBM
2025-10-21,9:53:09.299334861,T,282.33,200,282.84,100,IBM
2025-10-21,9:53:09.299755765,T,282.33,200,282.84,200,IBM
2025-10-21,9:53:09.299931245,T,282.33,200,282.8,100,IBM
2025-10-21,9:53:09.300056577,T,282.33,200,282.71,100,IBM
2025-10-21,9:53:09.303048727,T,281.91,100,282.71,100,IBM
2025-10-21,9:53:09.303058708,T,282.12,200,282.71,100,IBM
2025-10-21,9:53:09.303399830,T,282.12,200,282.84,100,IBM
2025-10-21,9:53:09.303599946,T,282.12,300,282.84,100,IBM
2025-10-21,9:53:09.303815504,T,282.14,100,282.84,100,IBM
2025-10-21,9:53:09.305770116,T,282.12,300,282.84,100,IBM
2025-10-21,9:53:09.309799756,T,282.12,300,282.85,100,IBM
2025-10-21,9:53:09.311223124,T,282.12,200,282.85,100,IBM
2025-10-21,9:53:09.448860786,T,282.02,100,282.85,100,IBM
2025-10-21,9:53:09.448865782,T,282.24,200,282.85,100,IBM
2025-10-21,9:53:09.723489581,T,282.24,300,282.85,100,IBM
2025-10-21,9:53:10.348096610,T,282.27,100,282.85,100,IBM
2025-10-21,9:53:10.348126633,T,282.42,100,282.85,100,IBM
2025-10-21,9:53:10.348126633,T,282.27,100,282.85,100,IBM
2025-10-21,9:53:10.348758174,T,282.24,200,282.85,100,IBM
2025-10-21,9:53:10.348883449,T,282.27,100,282.85,100,IBM
2025-10-21,9:53:10.362796609,T,282.24,200,282.85,100,IBM
2025-10-21,9:53:10.592668796,T,282.24,200,283.05,200,IBM
2025-10-21,9:53:12.027224055,T,282.27,100,283.05,200,IBM
2025-10-21,9:53:12.513486618,T,282.27,100,282.83,100,IBM
2025-10-21,9:53:12.513516764,T,282.24,200,282.83,100,IBM
2025-10-21,9:53:15.902294361,T,282.27,100,282.83,100,IBM
2025-10-21,9:53:15.902870650,T,282.24,200,282.83,100,IBM
2025-10-21,9:53:18.262462963,T,282.27,100,282.83,100,IBM
2025-10-21,9:53:18.263555539,T,282.24,200,282.83,100,IBM
2025-10-21,9:53:19.097556091,T,282.24,200,283.05,200,IBM
2025-10-21,9:53:20.698597580,T,282.24,200,282.73,100,IBM
2025-10-21,9:53:27.955864674,T,282.27,100,282.73,100,IBM
2025-10-21,9:53:28.086395377,T,282.24,200,282.73,100,IBM
2025-10-21,9:53:37.785485637,T,282.07,100,282.73,100,IBM
2025-10-21,9:53:37.785490750,T,282.08,200,282.73,100,IBM
2025-10-21,9:53:39.252748704,T,282.08,200,282.98,100,IBM
2025-10-21,9:53:39.689448371,T,282.08,200,282.91,100,IBM
2025-10-21,9:53:40.040990357,T,282.08,200,282.84,100,IBM
2025-10-21,9:53:40.041706967,T,282.08,200,282.65,100,IBM
2025-10-21,9:53:40.041712027,T,282.08,200,282.59,100,IBM
2025-10-21,9:53:40.041807261,T,282.08,200,282.58,100,IBM
2025-10-21,9:53:40.042198204,T,282.08,200,282.59,100,IBM
2025-10-21,9:53:40.042724400,T,282.08,200,282.61,100,IBM
2025-10-21,9:53:40.044468621,T,282.08,200,282.63,100,IBM
2025-10-21,9:53:40.047360513,T,282.08,200,282.65,100,IBM
2025-10-21,9:53:40.065598936,T,282.08,200,282.63,100,IBM
2025-10-21,9:53:40.141975707,T,282.08,200,282.67,100,IBM
2025-10-21,9:53:40.641785609,T,282.08,300,282.67,100,IBM
2025-10-21,9:53:40.642151628,T,282.09,100,282.67,100,IBM
2025-10-21,9:53:40.648331143,T,282.08,200,282.67,100,IBM
2025-10-21,9:53:41.094783955,T,282.08,200,282.51,100,IBM
2025-10-21,9:53:41.834093994,T,281.55,200,282.51,100,IBM
2025-10-21,9:53:41.834104124,T,281.95,200,282.51,100,IBM
2025-10-21,9:53:41.835151612,T,281.95,200,282.51,200,IBM
2025-10-21,9:53:41.845426509,T,281.95,200,282.51,100,IBM
2025-10-21,9:53:42.860577742,T,281.95,300,282.51,100,IBM
2025-10-21,9:53:54.647994822,T,282.0,100,282.51,100,IBM
2025-10-21,9:53:54.648926989,T,281.95,300,282.51,100,IBM
2025-10-21,9:53:55.190681684,T,281.95,100,282.51,100,IBM
2025-10-21,9:53:58.081889689,T,281.77,200,282.51,100,IBM
2025-10-21,9:53:58.834661691,T,281.77,200,282.62,200,IBM
2025-10-21,9:53:59.965694256,T,281.77,200,282.36,100,IBM
2025-10-21,9:53:59.975332268,T,281.79,100,282.36,100,IBM
2025-10-21,9:53:59.975472562,T,282.13,100,282.36,100,IBM
2025-10-21,9:54:00.047464085,T,282.02,100,282.36,100,IBM
2025-10-21,9:54:00.047534149,T,281.79,100,282.36,100,IBM
2025-10-21,9:54:00.056741104,T,281.77,200,282.36,100,IBM
2025-10-21,9:54:03.018351806,T,281.79,100,282.36,100,IBM
2025-10-21,9:54:03.165261447,T,281.77,200,282.36,100,IBM
2025-10-21,9:54:03.165782773,T,281.79,100,282.36,100,IBM
2025-10-21,9:54:03.165852872,T,282.11,100,282.36,100,IBM
2025-10-21,9:54:03.455788055,T,282.13,100,282.36,100,IBM
2025-10-21,9:54:03.641876076,T,282.13,100,282.62,200,IBM
2025-10-21,9:54:03.641896299,T,282.36,100,282.62,200,IBM
2025-10-21,9:54:03.642452461,T,282.14,100,282.62,200,IBM
2025-10-21,9:54:03.642477537,T,282.13,100,282.62,200,IBM
2025-10-21,9:54:03.645820536,T,282.13,100,282.74,100,IBM
2025-10-21,9:54:03.653208028,T,282.13,100,282.67,100,IBM
2025-10-21,9:54:04.720920181,T,282.13,100,282.74,100,IBM
2025-10-21,9:54:17.437288376,T,282.13,100,282.77,300,IBM
2025-10-21,9:54:17.437318505,T,282.13,100,282.74,100,IBM
2025-10-21,9:54:17.437814761,T,282.13,100,282.77,300,IBM
2025-10-21,9:54:17.438010181,T,282.13,100,282.77,200,IBM
2025-10-21,9:54:17.438035240,T,282.36,100,282.77,200,IBM
2025-10-21,9:54:17.438280817,T,282.47,100,282.77,200,IBM
2025-10-21,9:54:17.438456250,T,282.36,100,282.77,200,IBM
2025-10-21,9:54:17.443057170,T,282.13,100,282.77,200,IBM
2025-10-21,9:54:17.446254816,T,282.0,100,282.77,200,IBM
2025-10-21,9:54:17.448946170,T,282.13,100,282.77,200,IBM
2025-10-21,9:54:17.448946170,T,282.0,100,282.77,200,IBM
2025-10-21,9:54:17.448981249,T,282.02,100,282.77,200,IBM
2025-10-21,9:54:17.538038318,T,281.92,200,282.77,200,IBM
2025-10-21,9:54:18.702375172,T,281.92,200,282.59,100,IBM
2025-10-21,9:54:24.081045026,T,281.7,100,282.59,100,IBM
2025-10-21,9:54:24.081055026,T,282.05,200,282.59,100,IBM
2025-10-21,9:54:30.042086276,T,282.36,100,282.59,100,IBM
2025-10-21,9:54:39.522967204,T,282.37,100,282.59,100,IBM
2025-10-21,9:54:40.024626515,T,282.36,100,282.59,100,IBM
2025-10-21,9:54:43.880651403,T,282.36,100,282.6,100,IBM
2025-10-21,9:54:43.880671531,T,282.36,100,282.77,200,IBM
2025-10-21,9:54:43.880691609,T,282.38,100,282.77,200,IBM
2025-10-21,9:54:43.880701620,T,282.36,100,282.77,200,IBM
2025-10-21,9:54:43.880716567,T,282.39,100,282.77,200,IBM
2025-10-21,9:54:43.881222802,T,282.38,100,282.77,200,IBM
2025-10-21,9:54:43.881222802,T,282.39,100,282.77,200,IBM
2025-10-21,9:54:43.881924481,T,282.38,100,282.77,200,IBM
2025-10-21,9:54:43.883763879,T,282.38,100,282.91,100,IBM
2025-10-21,9:54:43.883768913,T,282.38,100,282.89,200,IBM
2025-10-21,9:54:43.888911158,T,282.36,200,282.89,200,IBM
2025-10-21,9:54:43.891331918,T,282.39,100,282.89,200,IBM
2025-10-21,9:54:43.891627553,T,282.54,100,282.89,200,IBM
2025-10-21,9:54:43.891863146,T,282.54,100,282.74,200,IBM
2025-10-21,9:54:43.892108706,T,282.54,100,282.74,300,IBM
2025-10-21,9:54:43.895982981,T,282.39,100,282.74,300,IBM
2025-10-21,9:54:43.906046859,T,282.36,100,282.74,300,IBM
2025-10-21,9:54:43.906257455,T,282.36,200,282.74,300,IBM
2025-10-21,9:54:44.153806752,T,282.36,100,282.74,300,IBM
2025-10-21,9:54:44.212356302,T,282.14,100,282.74,300,IBM
2025-10-21,9:54:44.221016776,T,282.46,100,282.74,300,IBM
2025-10-21,9:54:46.692951741,T,282.46,100,282.74,100,IBM
2025-10-21,9:54:46.692951741,T,282.46,100,282.89,200,IBM
2025-10-21,9:54:46.692971701,T,282.74,100,282.89,200,IBM
2025-10-21,9:54:46.693001947,T,282.59,100,282.89,200,IBM
2025-10-21,9:54:46.693031853,T,282.46,100,282.89,200,IBM
2025-10-21,9:54:46.693162158,T,282.46,200,282.89,200,IBM
2025-10-21,9:54:46.693493020,T,282.6,100,282.89,200,IBM
2025-10-21,9:54:46.693848783,T,282.46,200,282.89,200,IBM
2025-10-21,9:54:46.704574384,T,282.46,100,282.89,200,IBM
2025-10-21,9:54:46.757715915,T,282.19,200,282.89,200,IBM
2025-10-21,9:54:47.659122280,T,282.19,200,282.75,100,IBM
2025-10-21,9:54:51.756055397,T,282.54,100,282.75,100,IBM
2025-10-21,9:54:51.894795609,T,282.55,100,282.75,100,IBM
2025-10-21,9:54:51.900850122,T,282.56,100,282.75,100,IBM
2025-10-21,9:54:52.125379532,T,282.19,200,282.75,100,IBM
2025-10-21,9:54:55.818957855,T,282.21,100,282.75,100,IBM
2025-10-21,9:54:56.956736501,T,282.19,200,282.75,100,IBM
2025-10-21,9:55:05.545764090,T,282.19,200,282.75,200,IBM
2025-10-21,9:55:09.918814943,T,282.19,200,282.75,100,IBM
2025-10-21,9:55:09.919250965,T,282.19,200,282.75,200,IBM
2025-10-21,9:55:09.931565308,T,282.19,200,282.75,100,IBM
2025-10-21,9:55:09.932181814,T,282.19,200,282.75,200,IBM
2025-10-21,9:55:10.938838311,T,282.19,200,282.75,100,IBM
2025-10-21,9:55:12.976880262,T,282.19,200,282.66,100,IBM
2025-10-21,9:55:13.917028351,T,282.19,200,282.66,200,IBM
2025-10-21,9:55:17.329923292,T,282.19,200,282.66,100,IBM
2025-10-21,9:55:18.256985302,T,282.19,200,282.61,100,IBM
2025-10-21,9:55:18.767581005,T,282.19,200,282.61,200,IBM
2025-10-21,9:55:18.914601222,T,282.19,200,282.61,100,IBM
2025-10-21,9:55:18.914626065,T,282.19,200,282.77,200,IBM
2025-10-21,9:55:18.914651173,T,282.61,100,282.77,200,IBM
2025-10-21,9:55:18.915072165,T,282.61,100,282.77,300,IBM
2025-10-21,9:55:18.915262641,T,282.48,100,282.77,300,IBM
2025-10-21,9:55:18.915282685,T,282.45,100,282.77,300,IBM
2025-10-21,9:55:18.920886030,T,282.19,200,282.77,300,IBM
2025-10-21,9:55:19.218664952,T,282.49,100,282.77,300,IBM
2025-10-21,9:55:19.363920792,T,282.35,100,282.77,300,IBM
2025-10-21,9:55:19.364462033,T,282.19,200,282.77,300,IBM
2025-10-21,9:55:21.266870815,T,282.19,200,282.77,200,IBM
2025-10-21,9:55:24.508057014,T,282.19,200,282.69,100,IBM
2025-10-21,9:55:33.515200159,T,282.19,200,282.69,200,IBM
2025-10-21,9:55:33.763080342,T,282.19,200,282.69,100,IBM
2025-10-21,9:55:40.555380519,T,282.19,200,282.69,200,IBM
2025-10-21,9:55:41.794625849,T,282.19,200,282.69,100,IBM
2025-10-21,9:56:31.357975150,T,282.36,100,282.69,100,IBM
2025-10-21,9:56:31.790685183,T,282.37,100,282.69,100,IBM
2025-10-21,9:56:32.180518425,T,282.19,200,282.69,100,IBM
2025-10-21,9:56:43.084065979,T,282.4,100,282.69,100,IBM
2025-10-21,9:56:43.833109158,T,282.5,100,282.69,100,IBM
2025-10-21,9:56:43.833124314,T,282.4,100,282.69,100,IBM
2025-10-21,9:56:43.833229402,T,282.4,100,282.65,100,IBM
2025-10-21,9:56:43.833239432,T,282.4,100,282.65,200,IBM
2025-10-21,9:56:43.833379854,T,282.35,100,282.65,200,IBM
2025-10-21,9:56:43.833470069,T,282.35,100,282.65,300,IBM
2025-10-21,9:56:43.833585340,T,282.27,100,282.65,300,IBM
2025-10-21,9:56:43.833620389,T,282.35,100,282.65,300,IBM
2025-10-21,9:56:43.833650411,T,282.41,100,282.65,300,IBM
2025-10-21,9:56:43.834251818,T,282.41,100,282.65,200,IBM
2025-10-21,9:56:43.834256888,T,282.41,100,282.65,100,IBM
2025-10-21,9:56:43.835454724,T,282.35,100,282.65,100,IBM
2025-10-21,9:56:43.835735377,T,282.41,100,282.65,100,IBM
2025-10-21,9:56:43.844897467,T,282.44,100,282.65,100,IBM
2025-10-21,9:56:43.851096985,T,282.45,100,282.65,100,IBM
2025-10-21,9:56:43.851307449,T,282.46,100,282.65,100,IBM
2025-10-21,9:56:44.403020978,T,282.46,200,282.65,100,IBM
2025-10-21,9:56:44.412403299,T,282.46,100,282.65,100,IBM
2025-10-21,9:56:47.436582870,T,282.46,100,282.61,100,IBM
2025-10-21,9:56:47.436627923,T,282.46,100,282.61,200,IBM
2025-10-21,9:56:59.228630900,T,282.19,200,282.61,200,IBM
2025-10-21,9:56:59.228651036,T,282.19,200,282.61,100,IBM
2025-10-21,9:56:59.228676074,T,282.19,200,282.58,100,IBM
2025-10-21,9:56:59.228676074,T,282.19,200,282.47,100,IBM
2025-10-21,9:56:59.229056954,T,282.0,100,282.47,100,IBM
2025-10-21,9:56:59.229061917,T,282.0,100,282.46,100,IBM
2025-10-21,9:56:59.229061917,T,282.08,200,282.46,100,IBM
2025-10-21,9:56:59.237206351,T,282.08,200,282.61,300,IBM
2025-10-21,9:56:59.237211327,T,282.08,200,282.47,100,IBM
