DATE,TIME_M,EX,BID,BIDSIZ,ASK,ASKSIZ,SYM_ROOT
2025-10-06,9:30:00.188612552,T,287.0,100,290.0,100,IBM
2025-10-06,9:30:00.189128790,T,287.0,100,288.5,100,IBM
2025-10-06,9:30:00.189665092,T,287.0,100,290.0,100,IBM
2025-10-06,9:30:00.189710262,T,287.0,100,289.7,100,IBM
2025-10-06,9:30:00.195940029,T,287.0,100,290.0,100,IBM
2025-10-06,9:30:02.011838092,T,288.5,100,290.0,100,IBM
2025-10-06,9:30:02.300765965,T,288.5,100,288.9,100,IBM
2025-10-06,9:30:03.221883906,T,287.0,100,288.9,100,IBM
2025-10-06,9:30:03.221903966,T,287.0,100,288.51,100,IBM
2025-10-06,9:30:03.222921177,T,287.0,100,288.69,100,IBM
2025-10-06,9:30:03.223908542,T,287.0,100,288.5,100,IBM
2025-10-06,9:30:03.227913082,T,287.0,100,288.5,200,IBM
2025-10-06,9:30:03.251013054,T,287.0,100,288.5,100,IBM
2025-10-06,9:30:03.253082950,T,287.0,100,288.9,100,IBM
2025-10-06,9:30:03.278754104,T,287.0,100,288.54,100,IBM
2025-10-06,9:30:03.297248123,T,287.0,100,288.9,100,IBM
2025-10-06,9:30:03.305207030,T,287.0,100,288.54,100,IBM
2025-10-06,9:30:04.311041567,T,287.0,100,288.9,100,IBM
2025-10-06,9:30:05.365582140,T,287.0,100,288.75,100,IBM
2025-10-06,9:30:05.799179478,T,287.0,100,288.81,100,IBM
2025-10-06,9:30:05.799219466,T,287.0,100,288.59,100,IBM
2025-10-06,9:30:06.464758795,T,287.0,100,288.81,100,IBM
2025-10-06,9:30:08.081913579,T,287.0,100,288.54,100,IBM
2025-10-06,9:30:09.290180045,T,287.0,100,288.81,100,IBM
2025-10-06,9:30:10.008294627,T,287.0,100,288.53,100,IBM
2025-10-06,9:30:10.008304655,T,287.0,100,288.59,100,IBM
2025-10-06,9:30:10.008309621,T,287.0,100,288.46,100,IBM
2025-10-06,9:30:10.008440013,T,287.0,100,288.45,100,IBM
2025-10-06,9:30:10.008545255,T,287.0,100,288.67,100,IBM
2025-10-06,9:30:10.008545255,T,287.0,100,288.45,100,IBM
2025-10-06,9:30:10.009086489,T,287.3,100,288.45,100,IBM
2025-10-06,9:30:10.009131659,T,287.3,100,288.37,100,IBM
2025-10-06,9:30:10.009262010,T,287.3,100,288.45,100,IBM
2025-10-06,9:30:10.009262010,T,287.0,100,288.45,100,IBM
2025-10-06,9:30:10.009276999,T,287.0,100,288.59,100,IBM
2025-10-06,9:30:10.009291970,T,287.75,100,288.59,100,IBM
2025-10-06,9:30:10.009307093,T,287.75,100,288.46,100,IBM
2025-10-06,9:30:10.009322141,T,287.0,100,288.46,100,IBM
2025-10-06,9:30:10.009322141,T,287.0,100,288.59,100,IBM
2025-10-06,9:30:10.009332061,T,287.0,100,288.81,100,IBM
2025-10-06,9:30:10.009332061,T,287.0,100,288.59,100,IBM
2025-10-06,9:30:10.010339921,T,287.0,100,288.67,100,IBM
2025-10-06,9:30:10.015952815,T,287.0,100,288.81,100,IBM
2025-10-06,9:30:10.026407813,T,287.52,100,288.81,100,IBM
2025-10-06,9:30:10.027039286,T,287.52,100,288.09,100,IBM
2025-10-06,9:30:10.027319911,T,287.52,100,288.08,100,IBM
2025-10-06,9:30:10.027349952,T,287.52,100,288.08,200,IBM
2025-10-06,9:30:10.046405389,T,287.0,100,288.08,200,IBM
2025-10-06,9:30:10.904193147,T,287.0,100,288.08,100,IBM
2025-10-06,9:30:10.904193147,T,287.0,100,288.59,100,IBM
2025-10-06,9:30:10.904193147,T,287.0,100,288.81,100,IBM
2025-10-06,9:30:10.904207461,T,288.08,100,288.81,100,IBM
2025-10-06,9:30:10.904788850,T,287.46,100,288.81,100,IBM
2025-10-06,9:30:10.905044478,T,288.08,100,288.81,100,IBM
2025-10-06,9:30:10.954737773,T,288.09,100,288.81,100,IBM
2025-10-06,9:30:11.167544397,T,288.08,100,288.81,100,IBM
2025-10-06,9:30:11.180725795,T,287.0,100,288.81,100,IBM
2025-10-06,9:30:11.522218733,T,287.3,100,288.81,100,IBM
2025-10-06,9:30:12.520194524,T,287.0,100,288.81,100,IBM
2025-10-06,9:30:12.965840384,T,287.0,100,288.51,100,IBM
2025-10-06,9:30:13.045780718,T,287.94,100,288.51,100,IBM
2025-10-06,9:30:13.045805691,T,287.94,100,288.81,100,IBM
2025-10-06,9:30:14.176086425,T,287.0,100,288.81,100,IBM
2025-10-06,9:30:14.201331572,T,287.95,100,288.81,100,IBM
2025-10-06,9:30:15.566230887,T,287.95,100,290.88,100,IBM
2025-10-06,9:30:15.566265931,T,287.95,100,288.7,100,IBM
2025-10-06,9:30:19.214691374,T,287.0,100,288.7,100,IBM
2025-10-06,9:30:22.135499836,T,287.93,100,288.7,100,IBM
2025-10-06,9:30:23.194355625,T,287.93,200,288.7,100,IBM
2025-10-06,9:30:23.665667805,T,287.93,100,288.7,100,IBM
2025-10-06,9:30:38.891259208,T,287.93,200,288.7,100,IBM
2025-10-06,9:30:39.418173667,T,287.93,300,288.7,100,IBM
2025-10-06,9:30:39.418183678,T,288.04,100,288.7,100,IBM
2025-10-06,9:30:39.418349085,T,288.23,100,288.7,100,IBM
2025-10-06,9:30:40.448000275,T,288.22,100,288.7,100,IBM
2025-10-06,9:30:40.448005305,T,288.31,100,288.7,100,IBM
2025-10-06,9:30:40.448310960,T,288.31,100,290.4,100,IBM
2025-10-06,9:30:40.448331020,T,288.64,100,290.4,100,IBM
2025-10-06,9:30:40.448341053,T,288.31,100,290.4,100,IBM
2025-10-06,9:30:40.448912501,T,288.09,100,290.4,100,IBM
2025-10-06,9:30:40.449393555,T,287.93,200,290.4,100,IBM
2025-10-06,9:30:40.464995786,T,287.93,200,289.54,100,IBM
2025-10-06,9:30:40.465021074,T,287.93,200,290.4,100,IBM
2025-10-06,9:30:40.465025759,T,287.93,200,288.7,100,IBM
2025-10-06,9:30:40.469180751,T,287.93,200,290.4,100,IBM
2025-10-06,9:30:47.148732231,T,287.93,100,290.4,100,IBM
2025-10-06,9:31:00.380637495,T,287.93,100,289.16,200,IBM
2025-10-06,9:31:11.031934160,T,287.93,100,290.08,100,IBM
2025-10-06,9:31:11.031939199,T,287.93,100,288.97,200,IBM
2025-10-06,9:31:20.052198195,T,287.93,100,288.76,200,IBM
2025-10-06,9:31:20.057360395,T,287.93,100,288.74,100,IBM
2025-10-06,9:31:20.065444613,T,287.93,100,288.76,200,IBM
2025-10-06,9:31:20.564462597,T,287.93,100,288.76,300,IBM
2025-10-06,9:31:20.926319410,T,287.93,100,288.69,100,IBM
2025-10-06,9:31:20.926319410,T,287.93,100,288.76,300,IBM
2025-10-06,9:31:20.926765152,T,287.93,100,288.76,100,IBM
2025-10-06,9:31:21.823144065,T,287.93,100,288.97,200,IBM
2025-10-06,9:31:25.351724308,T,287.64,200,288.97,200,IBM
2025-10-06,9:31:33.467469779,T,287.3,100,288.97,200,IBM
2025-10-06,9:31:33.467474893,T,287.83,200,288.97,200,IBM
2025-10-06,9:31:33.469464530,T,287.83,200,288.76,200,IBM
2025-10-06,9:31:33.927525073,T,287.83,200,288.97,200,IBM
2025-10-06,9:31:41.525798878,T,287.83,200,290.4,100,IBM
2025-10-06,9:31:41.525808961,T,287.83,200,288.75,200,IBM
2025-10-06,9:31:42.458303745,T,287.83,200,288.76,200,IBM
2025-10-06,9:31:54.634430931,T,287.95,100,288.76,200,IBM
2025-10-06,9:31:55.616804642,T,288.25,100,288.76,200,IBM
2025-10-06,9:31:57.015749937,T,288.25,100,288.75,200,IBM
2025-10-06,9:31:57.016266164,T,288.25,100,288.96,200,IBM
2025-10-06,9:31:59.151815184,T,288.25,100,288.75,200,IBM
2025-10-06,9:32:04.487657713,T,288.2,100,288.75,200,IBM
2025-10-06,9:32:14.787402515,T,288.2,100,288.96,200,IBM
2025-10-06,9:32:14.787472781,T,288.49,100,288.96,200,IBM
2025-10-06,9:32:14.787658181,T,288.5,100,288.96,200,IBM
2025-10-06,9:32:14.787703657,T,288.61,100,288.96,200,IBM
2025-10-06,9:32:14.787743384,T,288.49,100,288.96,200,IBM
2025-10-06,9:32:14.787743384,T,288.62,100,288.96,200,IBM
2025-10-06,9:32:14.788259566,T,288.62,100,288.85,100,IBM
2025-10-06,9:32:14.788284665,T,288.26,100,288.85,100,IBM
2025-10-06,9:32:14.788294637,T,288.26,100,288.96,200,IBM
2025-10-06,9:32:14.788550342,T,288.75,100,288.96,200,IBM
2025-10-06,9:32:14.788665603,T,288.75,200,288.96,200,IBM
2025-10-06,9:32:14.792604953,T,288.75,100,288.96,200,IBM
2025-10-06,9:32:14.792990840,T,288.2,100,288.96,200,IBM
2025-10-06,9:32:14.793101183,T,288.27,200,288.96,200,IBM
2025-10-06,9:32:14.793101183,T,288.27,200,290.0,100,IBM
2025-10-06,9:32:14.793101183,T,288.27,200,289.25,200,IBM
2025-10-06,9:32:14.993242584,T,288.27,200,290.26,100,IBM
2025-10-06,9:32:14.993247665,T,288.27,200,289.07,200,IBM
2025-10-06,9:32:17.008565424,T,288.2,100,289.07,200,IBM
2025-10-06,9:32:17.353326248,T,288.23,100,289.07,200,IBM
2025-10-06,9:32:17.827830797,T,288.26,100,289.07,200,IBM
2025-10-06,9:32:21.317623776,T,288.34,100,289.07,200,IBM
2025-10-06,9:32:21.744961083,T,288.26,100,289.07,200,IBM
2025-10-06,9:32:23.046479656,T,288.34,100,289.07,200,IBM
2025-10-06,9:32:23.408646692,T,288.34,200,289.07,200,IBM
2025-10-06,9:32:23.722664222,T,288.34,100,289.07,200,IBM
2025-10-06,9:32:23.908837422,T,288.34,200,289.07,200,IBM
2025-10-06,9:32:24.432719584,T,288.5,100,289.07,200,IBM
2025-10-06,9:32:24.433486458,T,288.5,200,289.07,200,IBM
2025-10-06,9:32:26.381137986,T,288.5,300,289.07,200,IBM
2025-10-06,9:32:26.385478329,T,288.5,200,289.07,200,IBM
2025-10-06,9:32:26.385518446,T,288.5,100,289.07,200,IBM
2025-10-06,9:32:26.386295282,T,288.5,100,288.76,100,IBM
2025-10-06,9:32:26.549508770,T,288.5,100,289.07,200,IBM
2025-10-06,9:32:26.549518833,T,288.5,200,289.07,200,IBM
2025-10-06,9:32:26.549549276,T,288.63,100,289.07,200,IBM
2025-10-06,9:32:26.549568907,T,288.63,100,289.07,300,IBM
2025-10-06,9:32:26.549829546,T,288.64,100,289.07,300,IBM
2025-10-06,9:32:26.550240565,T,288.67,100,289.07,300,IBM
2025-10-06,9:32:26.550260658,T,288.78,100,289.07,300,IBM
2025-10-06,9:32:26.550330777,T,288.78,100,289.07,100,IBM
2025-10-06,9:32:26.557768488,T,288.67,100,289.07,100,IBM
2025-10-06,9:32:26.557798515,T,288.64,100,289.07,100,IBM
2025-10-06,9:32:26.557828619,T,288.5,200,289.07,100,IBM
2025-10-06,9:32:26.557858695,T,288.5,100,289.07,100,IBM
2025-10-06,9:32:26.567110659,T,288.5,200,289.07,100,IBM
2025-10-06,9:32:26.630426472,T,288.5,100,289.07,100,IBM
2025-10-06,9:32:26.651010498,T,288.5,200,289.07,100,IBM
2025-10-06,9:32:26.651045572,T,288.51,100,289.07,100,IBM
2025-10-06,9:32:26.676095202,T,288.51,100,289.0,100,IBM
2025-10-06,9:32:26.676120185,T,288.51,100,289.0,200,IBM
2025-10-06,9:32:27.539500588,T,288.73,100,289.0,200,IBM
2025-10-06,9:32:27.561823749,T,288.51,100,289.0,200,IBM
2025-10-06,9:32:27.746127591,T,288.51,100,289.0,300,IBM
2025-10-06,9:32:27.823251240,T,288.51,200,289.0,300,IBM
2025-10-06,9:32:28.666789367,T,288.51,100,289.0,300,IBM
2025-10-06,9:32:30.844699195,T,288.51,100,288.97,100,IBM
2025-10-06,9:32:30.966835006,T,288.51,100,289.0,200,IBM
2025-10-06,9:32:30.966865175,T,288.51,100,289.0,100,IBM
2025-10-06,9:32:30.966865175,T,288.51,100,289.23,200,IBM
2025-10-06,9:32:30.966865175,T,288.73,100,289.23,200,IBM
2025-10-06,9:32:30.966880181,T,288.74,100,289.23,200,IBM
2025-10-06,9:32:30.967371244,T,288.85,100,289.23,200,IBM
2025-10-06,9:32:30.967727187,T,288.85,100,289.11,100,IBM
2025-10-06,9:32:30.967747140,T,288.74,100,289.11,100,IBM
2025-10-06,9:32:30.971420881,T,288.73,100,289.11,100,IBM
2025-10-06,9:32:30.972358183,T,288.85,100,289.11,100,IBM
2025-10-06,9:32:32.004730809,T,288.74,100,289.11,100,IBM
2025-10-06,9:32:32.004981451,T,288.74,100,288.98,100,IBM
2025-10-06,9:32:32.622205801,T,288.51,100,288.98,100,IBM
2025-10-06,9:32:42.003208427,T,288.51,100,289.23,200,IBM
2025-10-06,9:32:45.013965932,T,288.51,100,288.97,200,IBM
2025-10-06,9:32:48.007863166,T,288.51,100,288.76,200,IBM
2025-10-06,9:32:48.007963621,T,288.51,200,288.76,200,IBM
2025-10-06,9:32:48.109745786,T,288.51,200,288.76,100,IBM
2025-10-06,9:32:48.110026480,T,288.51,200,289.08,200,IBM
2025-10-06,9:32:48.110046519,T,288.75,100,289.08,200,IBM
2025-10-06,9:32:48.110071513,T,288.51,200,289.08,200,IBM
2025-10-06,9:32:48.110091963,T,288.51,100,289.08,200,IBM
2025-10-06,9:32:48.110096693,T,288.51,200,289.08,200,IBM
2025-10-06,9:32:48.110327177,T,288.51,100,289.08,200,IBM
2025-10-06,9:32:48.110667936,T,288.51,200,289.08,200,IBM
2025-10-06,9:32:48.110808282,T,288.56,100,289.08,200,IBM
2025-10-06,9:32:48.111424895,T,288.51,100,289.08,200,IBM
2025-10-06,9:32:57.606624237,T,288.51,100,290.31,100,IBM
2025-10-06,9:32:57.606629105,T,288.51,100,288.97,200,IBM
2025-10-06,9:33:04.660807542,T,288.51,100,288.76,100,IBM
2025-10-06,9:33:04.661163411,T,288.5,100,288.76,100,IBM
2025-10-06,9:33:04.661183379,T,288.13,200,288.76,100,IBM
2025-10-06,9:33:04.661183379,T,288.13,200,288.51,100,IBM
2025-10-06,9:33:04.661223504,T,288.13,200,288.67,100,IBM
2025-10-06,9:33:04.661223504,T,288.13,200,288.76,100,IBM
2025-10-06,9:33:04.661318725,T,288.13,200,288.97,200,IBM
2025-10-06,9:33:04.846524600,T,288.13,200,288.76,100,IBM
2025-10-06,9:33:07.889709168,T,288.13,200,288.66,100,IBM
2025-10-06,9:33:13.547317888,T,288.13,200,288.56,100,IBM
2025-10-06,9:33:13.547598526,T,288.13,200,288.97,200,IBM
2025-10-06,9:33:13.547618699,T,288.13,300,288.97,200,IBM
2025-10-06,9:33:13.547643644,T,288.14,100,288.97,200,IBM
2025-10-06,9:33:13.547703847,T,288.21,100,288.97,200,IBM
2025-10-06,9:33:13.548380459,T,288.23,100,288.97,200,IBM
2025-10-06,9:33:13.549463046,T,288.13,200,288.97,200,IBM
2025-10-06,9:33:14.011398061,T,288.13,200,288.67,100,IBM
2025-10-06,9:33:18.935415072,T,288.13,200,288.97,200,IBM
2025-10-06,9:33:18.935450073,T,288.13,200,288.71,100,IBM
2025-10-06,9:33:27.736933336,T,288.27,100,288.71,100,IBM
2025-10-06,9:33:27.998370775,T,288.13,200,288.71,100,IBM
2025-10-06,9:33:28.404838329,T,288.27,100,288.71,100,IBM
2025-10-06,9:33:28.987224876,T,288.13,200,288.71,100,IBM
2025-10-06,9:33:30.425854674,T,288.27,100,288.71,100,IBM
2025-10-06,9:33:30.964933079,T,288.13,200,288.71,100,IBM
2025-10-06,9:33:31.049228837,T,288.27,100,288.71,100,IBM
2025-10-06,9:33:31.953792234,T,288.13,200,288.71,100,IBM
2025-10-06,9:33:32.171565677,T,288.27,100,288.71,100,IBM
2025-10-06,9:33:32.942646377,T,288.13,200,288.71,100,IBM
2025-10-06,9:33:33.358651825,T,288.27,100,288.71,100,IBM
2025-10-06,9:33:33.931500607,T,288.13,200,288.71,100,IBM
2025-10-06,9:33:33.932297397,T,288.13,200,288.71,200,IBM
2025-10-06,9:33:34.185790934,T,288.27,100,288.71,200,IBM
2025-10-06,9:33:34.920349564,T,288.13,200,288.71,200,IBM
2025-10-06,9:33:35.085237121,T,288.27,100,288.71,200,IBM
2025-10-06,9:33:35.909038302,T,288.13,200,288.71,200,IBM
2025-10-06,9:33:36.120992999,T,288.27,100,288.71,200,IBM
2025-10-06,9:33:36.521621734,T,288.27,100,288.71,100,IBM
2025-10-06,9:33:36.625549166,T,288.27,100,288.71,200,IBM
2025-10-06,9:33:36.689336069,T,288.3,100,288.71,200,IBM
2025-10-06,9:33:39.005835830,T,288.35,100,288.71,200,IBM
2025-10-06,9:33:39.005845755,T,288.36,100,288.71,200,IBM
2025-10-06,9:33:39.005880944,T,288.39,100,288.71,200,IBM
2025-10-06,9:33:39.006938348,T,288.36,100,288.71,200,IBM
2025-10-06,9:33:39.007003524,T,288.39,100,288.71,200,IBM
2025-10-06,9:33:39.014150598,T,288.36,100,288.71,200,IBM
2025-10-06,9:33:39.039796683,T,288.39,100,288.71,200,IBM
2025-10-06,9:33:39.040307902,T,288.39,200,288.71,200,IBM
2025-10-06,9:33:39.040337953,T,288.48,100,288.71,200,IBM
2025-10-06,9:33:39.040428237,T,288.48,100,288.71,100,IBM
2025-10-06,9:33:39.040428237,T,288.48,100,288.84,200,IBM
2025-10-06,9:33:39.040463205,T,288.49,100,288.84,200,IBM
2025-10-06,9:33:39.040473262,T,288.5,100,288.84,200,IBM
2025-10-06,9:33:39.040493338,T,288.53,100,288.84,200,IBM
2025-10-06,9:33:39.040568494,T,288.6,100,288.84,200,IBM
2025-10-06,9:33:39.046121665,T,288.6,100,290.26,100,IBM
2025-10-06,9:33:39.046131697,T,288.6,100,289.05,200,IBM
2025-10-06,9:33:41.093265348,T,288.6,100,288.98,100,IBM
2025-10-06,9:33:41.932758756,T,288.6,100,289.05,200,IBM
2025-10-06,9:33:41.951593580,T,288.61,100,289.05,200,IBM
2025-10-06,9:33:41.951633708,T,288.62,100,289.05,200,IBM
2025-10-06,9:33:43.819750950,T,288.61,100,289.05,200,IBM
2025-10-06,9:33:44.324116718,T,288.6,100,289.05,200,IBM
2025-10-06,9:33:44.324146808,T,288.31,200,289.05,200,IBM
2025-10-06,9:33:45.004661814,T,288.63,100,289.05,200,IBM
2025-10-06,9:33:45.005002728,T,288.63,100,290.35,100,IBM
2025-10-06,9:33:45.005012676,T,288.63,100,289.19,200,IBM
2025-10-06,9:33:46.840602480,T,288.31,200,289.19,200,IBM
2025-10-06,9:33:48.004628651,T,288.31,200,288.98,100,IBM
2025-10-06,9:33:56.975154352,T,288.26,100,288.98,100,IBM
2025-10-06,9:33:56.975164396,T,288.45,200,288.98,100,IBM
2025-10-06,9:34:00.004140120,T,288.75,100,288.98,100,IBM
2025-10-06,9:34:01.185913622,T,288.75,100,289.37,200,IBM
2025-10-06,9:34:01.185958806,T,288.75,200,289.37,200,IBM
2025-10-06,9:34:01.185963783,T,288.97,100,289.37,200,IBM
2025-10-06,9:34:01.186565162,T,288.86,100,289.37,200,IBM
2025-10-06,9:34:01.186595267,T,288.97,100,289.37,200,IBM
2025-10-06,9:34:01.186775701,T,289.04,100,289.37,200,IBM
2025-10-06,9:34:01.187056399,T,289.1,100,289.37,200,IBM
2025-10-06,9:34:01.187116511,T,289.04,100,289.37,200,IBM
2025-10-06,9:34:01.187146578,T,289.1,100,289.37,200,IBM
2025-10-06,9:34:01.188239175,T,289.12,100,289.37,200,IBM
2025-10-06,9:34:01.195721955,T,289.12,100,290.8,100,IBM
2025-10-06,9:34:01.195731982,T,289.12,100,289.52,200,IBM
2025-10-06,9:34:01.203420388,T,289.1,100,289.52,200,IBM
2025-10-06,9:34:01.203420388,T,289.04,100,289.52,200,IBM
2025-10-06,9:34:01.203475424,T,288.76,100,289.52,200,IBM
2025-10-06,9:34:01.203500515,T,288.75,100,289.52,200,IBM
2025-10-06,9:34:01.204417681,T,288.76,100,289.52,200,IBM
2025-10-06,9:34:01.205540338,T,288.76,100,289.4,100,IBM
2025-10-06,9:34:01.286873975,T,288.8,100,289.4,100,IBM
2025-10-06,9:34:01.706032022,T,288.8,100,289.52,200,IBM
2025-10-06,9:34:02.348175556,T,288.75,100,289.52,200,IBM
2025-10-06,9:34:03.003460575,T,288.56,200,289.52,200,IBM
2025-10-06,9:34:03.003671004,T,288.56,200,290.67,100,IBM
2025-10-06,9:34:03.003681036,T,288.56,200,289.36,200,IBM
2025-10-06,9:34:03.004352685,T,288.56,200,289.01,100,IBM
2025-10-06,9:34:03.601068197,T,288.75,100,289.01,100,IBM
2025-10-06,9:34:03.602927643,T,288.56,300,289.01,100,IBM
2025-10-06,9:34:04.042739572,T,288.56,300,289.36,200,IBM
2025-10-06,9:34:04.223063815,T,288.57,100,289.36,200,IBM
2025-10-06,9:34:04.585812408,T,288.56,200,289.36,200,IBM
2025-10-06,9:34:04.586619371,T,288.56,200,289.0,100,IBM
2025-10-06,9:34:04.587636745,T,288.0,700,289.0,100,IBM
2025-10-06,9:34:04.587646837,T,288.43,200,289.0,100,IBM
2025-10-06,9:34:04.612024798,T,288.57,100,289.0,100,IBM
2025-10-06,9:34:09.330011899,T,288.76,100,289.0,100,IBM
2025-10-06,9:34:16.823451191,T,288.43,200,289.0,100,IBM
2025-10-06,9:34:17.390766735,T,288.43,200,289.21,200,IBM
2025-10-06,9:34:20.457963735,T,288.43,200,289.0,100,IBM
2025-10-06,9:34:22.670260641,T,288.43,200,288.99,100,IBM
2025-10-06,9:34:22.670867005,T,288.43,200,288.88,100,IBM
2025-10-06,9:34:22.670997307,T,288.0,700,288.88,100,IBM
2025-10-06,9:34:22.671002464,T,288.3,200,288.88,100,IBM
2025-10-06,9:34:22.678520225,T,288.3,200,289.21,200,IBM
2025-10-06,9:34:24.010491012,T,288.3,200,290.2,100,IBM
2025-10-06,9:34:24.010496090,T,288.3,200,289.06,200,IBM
2025-10-06,9:34:29.101405873,T,288.0,700,289.06,200,IBM
2025-10-06,9:34:29.101410789,T,288.18,200,289.06,200,IBM
2025-10-06,9:34:29.139030356,T,288.18,200,288.7,100,IBM
2025-10-06,9:34:29.139055493,T,288.18,200,288.69,100,IBM
2025-10-06,9:34:29.139321055,T,288.18,200,288.57,100,IBM
2025-10-06,9:34:29.141155497,T,288.18,200,288.57,200,IBM
2025-10-06,9:34:29.147320068,T,288.18,200,288.57,100,IBM
2025-10-06,9:34:30.795238519,T,288.0,700,288.57,100,IBM
2025-10-06,9:34:30.795238519,T,288.02,200,288.57,100,IBM
2025-10-06,9:34:30.795378628,T,288.02,200,289.06,200,IBM
2025-10-06,9:34:33.414183166,T,288.34,100,289.06,200,IBM
2025-10-06,9:34:33.556712396,T,288.34,100,289.9,100,IBM
2025-10-06,9:34:33.556722487,T,288.34,100,288.91,200,IBM
2025-10-06,9:34:34.572560680,T,288.02,200,288.91,200,IBM
2025-10-06,9:34:38.238638188,T,288.34,100,288.91,200,IBM
2025-10-06,9:34:38.238668249,T,288.02,200,288.91,200,IBM
2025-10-06,9:34:38.238668249,T,288.34,100,288.91,200,IBM
2025-10-06,9:34:38.238673178,T,288.43,100,288.91,200,IBM
2025-10-06,9:34:40.063658025,T,288.14,200,288.91,200,IBM
2025-10-06,9:34:44.088414273,T,288.43,100,288.91,200,IBM
2025-10-06,9:34:44.934543674,T,288.45,100,288.91,200,IBM
2025-10-06,9:34:44.934548568,T,288.57,100,288.91,200,IBM
2025-10-06,9:34:44.934994693,T,288.57,100,290.0,100,IBM
2025-10-06,9:34:44.934999662,T,288.57,100,289.05,200,IBM
2025-10-06,9:34:44.944251643,T,288.45,100,289.05,200,IBM
2025-10-06,9:34:44.944281791,T,288.43,100,289.05,200,IBM
2025-10-06,9:34:49.915075659,T,288.45,100,289.05,200,IBM
2025-10-06,9:34:50.010999024,T,288.59,100,289.05,200,IBM
2025-10-06,9:34:50.011625436,T,288.67,100,289.05,200,IBM
2025-10-06,9:34:50.013043880,T,288.45,100,289.05,200,IBM
2025-10-06,9:34:50.013068915,T,288.14,200,289.05,200,IBM
2025-10-06,9:34:50.013384673,T,288.45,100,289.05,200,IBM
2025-10-06,9:34:50.072961466,T,288.14,200,289.05,200,IBM
2025-10-06,9:34:56.482565084,T,288.14,200,290.18,100,IBM
2025-10-06,9:34:56.482570139,T,288.14,200,289.2,200,IBM
2025-10-06,9:35:00.578581385,T,287.85,100,289.2,200,IBM
2025-10-06,9:35:00.578591354,T,288.31,200,289.2,200,IBM
2025-10-06,9:35:06.005069547,T,288.31,200,289.03,100,IBM
2025-10-06,9:35:06.381666171,T,288.31,200,289.0,100,IBM
2025-10-06,9:35:06.446620772,T,288.31,200,289.03,100,IBM
2025-10-06,9:35:07.070476082,T,288.31,200,289.0,100,IBM
2025-10-06,9:35:07.155313051,T,288.31,200,289.03,100,IBM
2025-10-06,9:35:07.434166911,T,288.31,200,289.0,100,IBM
2025-10-06,9:35:09.003873788,T,288.31,200,288.81,100,IBM
2025-10-06,9:35:09.003903990,T,288.31,200,288.99,100,IBM
2025-10-06,9:35:09.004079195,T,288.31,200,288.99,200,IBM
2025-10-06,9:35:09.004364959,T,288.31,200,288.76,100,IBM
2025-10-06,9:35:09.004389943,T,288.31,200,288.99,100,IBM
2025-10-06,9:35:09.004485164,T,288.31,200,288.98,100,IBM
2025-10-06,9:35:09.004485164,T,288.31,200,288.95,100,IBM
2025-10-06,9:35:09.004510267,T,288.31,200,288.99,100,IBM
2025-10-06,9:35:09.004545455,T,288.31,200,288.98,100,IBM
2025-10-06,9:35:09.004565400,T,288.31,200,288.99,100,IBM
2025-10-06,9:35:09.004565400,T,288.31,200,288.98,100,IBM
2025-10-06,9:35:09.004575482,T,288.31,200,288.99,100,IBM
2025-10-06,9:35:09.004580393,T,288.31,200,288.76,100,IBM
2025-10-06,9:35:09.004590513,T,288.31,200,288.9,100,IBM
2025-10-06,9:35:09.004610485,T,288.31,200,288.99,100,IBM
2025-10-06,9:35:09.004926560,T,288.31,200,288.98,100,IBM
2025-10-06,9:35:09.004951326,T,288.31,200,288.99,100,IBM
2025-10-06,9:35:09.836300412,T,288.31,200,288.98,100,IBM
2025-10-06,9:35:11.990844890,T,288.31,200,289.2,200,IBM
2025-10-06,9:35:13.648711634,T,288.31,200,288.98,100,IBM
2025-10-06,9:35:13.702409452,T,288.31,200,289.2,200,IBM
2025-10-06,9:35:13.995502203,T,288.31,200,288.98,100,IBM
2025-10-06,9:35:14.461346403,T,288.31,200,289.2,200,IBM
2025-10-06,9:35:15.004579546,T,288.31,200,288.95,100,IBM
2025-10-06,9:35:15.424253781,T,288.31,200,289.2,200,IBM
2025-10-06,9:35:15.424298846,T,288.66,100,289.2,200,IBM
2025-10-06,9:35:15.424298846,T,288.7,100,289.2,200,IBM
2025-10-06,9:35:15.424308835,T,288.71,100,289.2,200,IBM
2025-10-06,9:35:15.424895305,T,288.75,100,289.2,200,IBM
2025-10-06,9:35:15.425426484,T,288.71,100,289.2,200,IBM
2025-10-06,9:35:15.425732274,T,288.82,100,289.2,200,IBM
2025-10-06,9:35:15.429781915,T,288.71,100,289.2,200,IBM
2025-10-06,9:35:15.429806925,T,288.66,100,289.2,200,IBM
2025-10-06,9:35:15.435811285,T,288.31,200,289.2,200,IBM
2025-10-06,9:35:20.505540428,T,287.98,100,289.2,200,IBM
2025-10-06,9:35:20.505545464,T,288.47,200,289.2,200,IBM
2025-10-06,9:35:21.562351556,T,288.72,100,289.2,200,IBM
2025-10-06,9:35:21.562572073,T,288.72,200,289.2,200,IBM
2025-10-06,9:35:21.572991869,T,288.72,100,289.2,200,IBM
2025-10-06,9:35:21.574109445,T,288.78,100,289.2,200,IBM
2025-10-06,9:35:22.705157103,T,288.47,200,289.2,200,IBM
2025-10-06,9:35:22.950781714,T,288.47,200,290.45,100,IBM
2025-10-06,9:35:22.950781714,T,288.47,200,289.35,200,IBM
2025-10-06,9:35:24.284607189,T,288.47,200,289.09,100,IBM
2025-10-06,9:35:24.380390260,T,288.47,200,289.35,200,IBM
2025-10-06,9:35:25.756832047,T,287.98,100,289.35,200,IBM
2025-10-06,9:35:25.756832047,T,288.26,200,289.35,200,IBM
2025-10-06,9:35:30.130815180,T,288.26,200,289.09,100,IBM
2025-10-06,9:35:30.214834999,T,288.26,200,289.35,200,IBM
2025-10-06,9:35:32.360513130,T,288.26,200,289.07,100,IBM
2025-10-06,9:35:32.360583299,T,288.26,200,289.25,100,IBM
2025-10-06,9:35:32.360588290,T,288.26,200,289.06,100,IBM
2025-10-06,9:35:32.364587787,T,288.26,200,289.17,200,IBM
2025-10-06,9:35:32.686404024,T,288.26,200,289.09,100,IBM
2025-10-06,9:35:34.076362973,T,288.09,100,289.09,100,IBM
2025-10-06,9:35:34.076372909,T,288.4,200,289.09,100,IBM
2025-10-06,9:35:34.584467447,T,288.4,200,288.96,100,IBM
2025-10-06,9:35:35.910599585,T,288.78,100,288.96,100,IBM
2025-10-06,9:35:35.918879343,T,288.4,200,288.96,100,IBM
2025-10-06,9:35:36.463475872,T,288.4,200,289.17,200,IBM
2025-10-06,9:35:38.930228409,T,288.4,200,288.96,100,IBM
2025-10-06,9:35:39.383281946,T,288.4,200,288.96,200,IBM
2025-10-06,9:35:39.383512512,T,288.4,200,288.96,100,IBM
2025-10-06,9:35:39.383542547,T,288.4,200,288.96,200,IBM
2025-10-06,9:35:39.384063706,T,288.4,200,288.96,100,IBM
2025-10-06,9:35:39.384289245,T,287.3,100,288.96,100,IBM
2025-10-06,9:35:39.384294303,T,288.27,200,288.96,100,IBM
2025-10-06,9:35:40.102063054,T,288.27,200,288.76,100,IBM
2025-10-06,9:35:40.165248404,T,288.27,200,288.96,100,IBM
2025-10-06,9:35:43.316761102,T,288.27,200,289.03,200,IBM
2025-10-06,9:35:43.317653267,T,288.27,200,288.76,100,IBM
2025-10-06,9:35:44.041316097,T,288.27,200,288.76,200,IBM
2025-10-06,9:35:46.784586884,T,288.27,200,288.76,300,IBM
2025-10-06,9:35:46.785083140,T,288.27,200,288.76,200,IBM
2025-10-06,9:35:46.785293546,T,288.27,300,288.76,200,IBM
2025-10-06,9:35:46.795397590,T,288.27,200,288.76,200,IBM
2025-10-06,9:35:46.795893864,T,288.27,300,288.76,200,IBM
2025-10-06,9:35:47.115610162,T,288.27,200,288.76,200,IBM
2025-10-06,9:36:00.476703165,T,288.27,200,288.75,100,IBM
2025-10-06,9:36:10.080471368,T,288.27,200,288.74,100,IBM
2025-10-06,9:36:10.080486448,T,288.27,200,288.73,100,IBM
2025-10-06,9:36:10.081248209,T,287.3,100,288.73,100,IBM
2025-10-06,9:36:10.081253223,T,288.14,200,288.73,100,IBM
2025-10-06,9:36:10.085082337,T,288.14,200,288.74,100,IBM
2025-10-06,9:36:10.088460404,T,288.14,200,288.75,200,IBM
2025-10-06,9:36:10.098534377,T,288.14,200,288.75,100,IBM
2025-10-06,9:36:10.098534377,T,288.14,200,288.75,200,IBM
2025-10-06,9:36:10.108954175,T,288.14,200,288.63,100,IBM
2025-10-06,9:36:11.389788417,T,288.14,200,288.53,100,IBM
2025-10-06,9:36:12.136255409,T,287.3,100,288.53,100,IBM
2025-10-06,9:36:12.136260517,T,288.02,200,288.53,100,IBM
2025-10-06,9:36:13.919255353,T,288.02,200,288.52,100,IBM
2025-10-06,9:36:14.134843597,T,288.02,200,288.52,200,IBM
2025-10-06,9:36:16.176408706,T,287.16,100,288.52,200,IBM
2025-10-06,9:36:16.176418733,T,287.86,200,288.52,200,IBM
2025-10-06,9:36:16.423587083,T,287.86,200,288.44,100,IBM
2025-10-06,9:36:17.881362552,T,287.86,200,288.43,100,IBM
2025-10-06,9:36:18.885187323,T,287.86,200,288.42,100,IBM
2025-10-06,9:36:20.158453584,T,287.86,300,288.42,100,IBM
2025-10-06,9:36:21.615311873,T,287.86,200,288.42,100,IBM
2025-10-06,9:36:29.517764709,T,288.05,100,288.42,100,IBM
2025-10-06,9:36:29.517809836,T,288.05,100,288.82,200,IBM
2025-10-06,9:36:29.517835607,T,288.11,100,288.82,200,IBM
2025-10-06,9:36:29.517839863,T,288.26,100,288.82,200,IBM
2025-10-06,9:36:29.518210778,T,288.11,100,288.82,200,IBM
2025-10-06,9:36:29.518361165,T,288.11,100,288.82,300,IBM
2025-10-06,9:36:29.518386742,T,288.11,100,288.82,200,IBM
2025-10-06,9:36:29.518391261,T,288.02,100,288.82,200,IBM
2025-10-06,9:36:29.518862310,T,287.86,200,288.82,200,IBM
2025-10-06,9:36:36.114468915,T,287.86,200,289.61,100,IBM
2025-10-06,9:36:36.114468915,T,287.86,200,288.69,200,IBM
2025-10-06,9:36:38.545801987,T,287.86,200,288.42,100,IBM
2025-10-06,9:36:43.011618507,T,287.86,200,288.42,200,IBM
2025-10-06,9:36:43.019898261,T,287.86,200,288.42,100,IBM
2025-10-06,9:36:43.020103841,T,287.86,200,288.42,200,IBM
2025-10-06,9:36:43.111791951,T,287.86,200,288.42,100,IBM
2025-10-06,9:36:43.185733028,T,287.86,200,288.4,100,IBM
2025-10-06,9:36:46.607509033,T,287.86,200,288.56,200,IBM
2025-10-06,9:36:51.005699777,T,287.3,100,288.56,200,IBM
2025-10-06,9:36:51.005699777,T,287.71,200,288.56,200,IBM
2025-10-06,9:37:09.917041003,T,287.71,200,288.34,100,IBM
2025-10-06,9:37:09.918003297,T,287.71,200,288.55,100,IBM
2025-10-06,9:37:09.918023418,T,287.71,200,288.56,200,IBM
2025-10-06,9:37:13.239560702,T,287.71,200,288.3,100,IBM
2025-10-06,9:37:13.239801326,T,287.71,200,288.28,100,IBM
2025-10-06,9:37:13.239836447,T,287.71,200,288.23,100,IBM
2025-10-06,9:37:13.239851440,T,287.71,200,288.14,100,IBM
2025-10-06,9:37:13.244026368,T,287.71,200,288.28,100,IBM
2025-10-06,9:37:13.247319260,T,287.71,200,288.56,200,IBM
2025-10-06,9:37:15.052677319,T,287.94,100,288.56,200,IBM
2025-10-06,9:37:15.053118330,T,287.89,100,288.56,200,IBM
2025-10-06,9:37:15.053118330,T,288.01,100,288.56,200,IBM
2025-10-06,9:37:15.060957007,T,287.71,200,288.56,200,IBM
2025-10-06,9:37:18.186312413,T,287.71,300,288.56,200,IBM
2025-10-06,9:37:18.186412688,T,287.71,200,288.56,200,IBM
2025-10-06,9:37:25.238060616,T,287.3,100,288.56,200,IBM
2025-10-06,9:37:25.238065294,T,287.84,200,288.56,200,IBM
2025-10-06,9:37:28.077955959,T,287.84,200,289.46,100,IBM
2025-10-06,9:37:28.077960930,T,287.84,200,288.72,200,IBM
2025-10-06,9:37:28.078687729,T,287.84,300,288.72,200,IBM
2025-10-06,9:37:28.078687729,T,287.84,200,288.72,200,IBM
2025-10-06,9:37:28.078687729,T,287.84,300,288.72,200,IBM
2025-10-06,9:37:28.079143936,T,287.84,100,288.72,200,IBM
2025-10-06,9:37:28.079153847,T,287.99,200,288.72,200,IBM
2025-10-06,9:37:32.501772967,T,287.99,200,289.59,100,IBM
2025-10-06,9:37:32.501777610,T,287.99,200,288.9,200,IBM
2025-10-06,9:37:47.521670207,T,287.99,200,288.88,100,IBM
2025-10-06,9:37:47.521674813,T,287.99,200,288.56,100,IBM
2025-10-06,9:37:47.522165944,T,287.99,200,288.55,100,IBM
2025-10-06,9:37:47.522411756,T,287.99,200,288.77,100,IBM
2025-10-06,9:37:47.522521743,T,287.99,200,288.82,100,IBM
2025-10-06,9:37:47.522541839,T,287.99,200,288.9,200,IBM
2025-10-06,9:37:50.634114476,T,288.25,100,288.9,200,IBM
2025-10-06,9:37:50.634124516,T,288.3,100,288.9,200,IBM
2025-10-06,9:37:50.634144528,T,288.31,100,288.9,200,IBM
2025-10-06,9:37:50.635126866,T,288.3,100,288.9,200,IBM
2025-10-06,9:37:50.642399251,T,287.99,200,288.9,200,IBM
2025-10-06,9:37:50.646433795,T,288.25,100,288.9,200,IBM
2025-10-06,9:37:50.646463897,T,288.06,100,288.9,200,IBM
2025-10-06,9:37:50.650443375,T,287.99,200,288.9,200,IBM
2025-10-06,9:37:52.502782950,T,288.06,100,288.9,200,IBM
2025-10-06,9:37:52.506732445,T,287.99,200,288.9,200,IBM
2025-10-06,9:38:03.583788000,T,287.34,100,288.9,200,IBM
2025-10-06,9:38:03.583798086,T,288.14,200,288.9,200,IBM
2025-10-06,9:38:06.270133482,T,288.17,100,288.9,200,IBM
2025-10-06,9:38:06.270133482,T,288.42,100,288.9,200,IBM
2025-10-06,9:38:06.270208506,T,288.53,100,288.9,200,IBM
2025-10-06,9:38:06.270494132,T,288.53,100,290.0,100,IBM
2025-10-06,9:38:06.270504262,T,288.53,100,289.09,200,IBM
2025-10-06,9:38:06.270990384,T,288.57,100,289.09,200,IBM
2025-10-06,9:38:06.278423056,T,288.14,200,289.09,200,IBM
2025-10-06,9:38:09.572715784,T,288.14,200,288.85,100,IBM
2025-10-06,9:38:14.015592528,T,288.57,100,288.85,100,IBM
2025-10-06,9:38:14.015592528,T,288.14,200,288.85,100,IBM
2025-10-06,9:38:14.053983937,T,288.06,100,288.85,100,IBM
2025-10-06,9:38:14.053988919,T,288.29,200,288.85,100,IBM
2025-10-06,9:38:22.422391398,T,288.29,200,289.09,200,IBM
2025-10-06,9:38:22.422486407,T,288.67,100,289.09,200,IBM
2025-10-06,9:38:22.423423744,T,288.67,100,290.08,100,IBM
2025-10-06,9:38:22.423433657,T,288.67,100,289.22,200,IBM
2025-10-06,9:38:22.427894403,T,288.29,200,289.22,200,IBM
2025-10-06,9:38:36.266048302,T,287.84,100,289.22,200,IBM
2025-10-06,9:38:36.266058286,T,288.42,200,289.22,200,IBM
2025-10-06,9:38:41.570180454,T,288.42,200,288.94,100,IBM
2025-10-06,9:38:41.571348060,T,288.42,200,288.93,100,IBM
2025-10-06,9:38:41.571358123,T,288.42,200,288.84,100,IBM
2025-10-06,9:38:41.574144698,T,288.42,200,289.14,100,IBM
2025-10-06,9:38:41.574149789,T,288.42,200,289.22,200,IBM
2025-10-06,9:38:41.583076102,T,287.3,100,289.22,200,IBM
2025-10-06,9:38:41.583081020,T,288.28,200,289.22,200,IBM
2025-10-06,9:38:42.431084835,T,288.28,200,290.0,100,IBM
2025-10-06,9:38:42.431089835,T,288.28,200,289.07,200,IBM
2025-10-06,9:38:47.068349719,T,288.28,200,288.78,100,IBM
2025-10-06,9:38:53.209599739,T,288.28,200,289.07,200,IBM
2025-10-06,9:38:57.140202253,T,288.28,200,289.24,100,IBM
2025-10-06,9:38:57.140207269,T,288.28,200,288.94,200,IBM
2025-10-06,9:39:01.017186998,T,288.28,200,288.67,100,IBM
2025-10-06,9:39:02.178747160,T,288.28,200,288.94,200,IBM
2025-10-06,9:39:03.351037861,T,288.28,200,288.78,100,IBM
2025-10-06,9:39:03.351834758,T,288.28,200,288.94,200,IBM
2025-10-06,9:39:03.351839776,T,288.28,200,288.78,100,IBM
2025-10-06,9:39:03.352386068,T,288.28,200,288.77,100,IBM
2025-10-06,9:39:03.356160102,T,288.28,200,288.94,200,IBM
2025-10-06,9:39:03.359427907,T,288.28,200,288.77,100,IBM
2025-10-06,9:39:03.361828584,T,288.28,200,288.94,200,IBM
2025-10-06,9:39:03.362670601,T,288.28,200,288.77,100,IBM
2025-10-06,9:39:03.730731912,T,288.28,200,288.76,100,IBM
2025-10-06,9:39:03.730731912,T,288.28,200,288.77,100,IBM
2025-10-06,9:39:03.731283229,T,287.3,100,288.77,100,IBM
2025-10-06,9:39:03.731293247,T,288.15,200,288.77,100,IBM
2025-10-06,9:39:03.731498673,T,288.15,200,288.76,100,IBM
2025-10-06,9:39:03.732300674,T,288.15,200,288.75,100,IBM
2025-10-06,9:39:03.739011588,T,288.15,200,288.94,200,IBM
2025-10-06,9:39:03.739788418,T,288.15,200,288.75,100,IBM
2025-10-06,9:39:03.740825925,T,288.15,200,288.94,200,IBM
2025-10-06,9:39:03.802512789,T,288.15,200,288.75,100,IBM
2025-10-06,9:39:03.988114628,T,288.15,200,288.94,200,IBM
2025-10-06,9:39:05.267741112,T,288.15,200,288.75,100,IBM
2025-10-06,9:39:05.267761402,T,288.15,200,288.94,200,IBM
2025-10-06,9:39:05.267766129,T,288.15,200,288.75,100,IBM
2025-10-06,9:39:05.267821239,T,288.15,200,288.74,100,IBM
2025-10-06,9:39:05.272131505,T,288.15,200,288.94,200,IBM
2025-10-06,9:39:05.566231696,T,288.15,200,288.74,100,IBM
2025-10-06,9:39:05.820647335,T,288.15,200,288.94,200,IBM
2025-10-06,9:39:06.097030288,T,288.15,200,288.74,100,IBM
2025-10-06,9:39:06.741409247,T,288.15,200,288.94,200,IBM
2025-10-06,9:39:08.986930375,T,288.15,200,288.94,300,IBM
2025-10-06,9:39:09.272144304,T,288.15,200,288.5,200,IBM
2025-10-06,9:39:10.564736486,T,288.15,200,288.5,100,IBM
2025-10-06,9:39:10.564736486,T,288.15,200,288.81,200,IBM
2025-10-06,9:39:15.703274840,T,288.15,200,288.56,100,IBM
2025-10-06,9:39:15.703475341,T,288.15,200,288.81,200,IBM
2025-10-06,9:39:15.703520380,T,287.3,100,288.81,200,IBM
2025-10-06,9:39:15.703525459,T,288.03,200,288.81,200,IBM
2025-10-06,9:39:15.703876288,T,288.03,200,288.56,100,IBM
2025-10-06,9:39:15.707319462,T,288.03,200,288.81,200,IBM
2025-10-06,9:39:16.037445692,T,288.03,200,289.59,100,IBM
2025-10-06,9:39:16.037445692,T,288.03,200,288.65,200,IBM
2025-10-06,9:39:18.002804059,T,287.3,100,288.65,200,IBM
2025-10-06,9:39:18.002809073,T,287.89,200,288.65,200,IBM
2025-10-06,9:39:18.598151649,T,288.04,100,288.65,200,IBM
2025-10-06,9:39:30.957304064,T,288.04,100,288.37,100,IBM
2025-10-06,9:39:31.240763847,T,288.04,300,288.37,100,IBM
2025-10-06,9:39:31.586792596,T,288.04,100,288.37,100,IBM
2025-10-06,9:39:31.586812626,T,288.09,200,288.37,100,IBM
2025-10-06,9:39:32.204367985,T,288.09,200,288.52,200,IBM
2025-10-06,9:39:34.619988511,T,288.09,200,288.43,100,IBM
2025-10-06,9:39:35.682252478,T,288.09,200,288.52,200,IBM
2025-10-06,9:39:37.826577250,T,288.04,100,288.52,200,IBM
2025-10-06,9:39:37.826597453,T,288.04,100,288.09,100,IBM
2025-10-06,9:39:37.826622393,T,288.04,100,288.52,200,IBM
2025-10-06,9:39:37.972659973,T,288.04,100,288.35,100,IBM
2025-10-06,9:39:41.233788577,T,288.05,100,288.35,100,IBM
2025-10-06,9:39:41.233788577,T,288.04,100,288.35,100,IBM
2025-10-06,9:39:41.235662981,T,288.04,100,288.52,200,IBM
2025-10-06,9:39:41.340662993,T,288.04,100,288.43,100,IBM
2025-10-06,9:39:42.701116598,T,288.04,100,288.52,200,IBM
2025-10-06,9:39:48.578232897,T,287.74,200,288.52,200,IBM
2025-10-06,9:39:48.600460814,T,288.05,100,288.52,200,IBM
2025-10-06,9:40:02.067501020,T,288.05,200,288.52,200,IBM
2025-10-06,9:40:02.112868945,T,288.05,300,288.52,200,IBM
2025-10-06,9:40:02.112884140,T,288.05,400,288.52,200,IBM
2025-10-06,9:40:02.112939111,T,288.05,300,288.52,200,IBM
2025-10-06,9:40:02.112939111,T,288.05,400,288.52,200,IBM
2025-10-06,9:40:02.113259902,T,288.05,400,288.88,100,IBM
2025-10-06,9:40:02.113264977,T,288.05,400,288.67,200,IBM
2025-10-06,9:40:02.113345160,T,288.2,100,288.67,200,IBM
2025-10-06,9:40:02.114287363,T,288.05,400,288.67,200,IBM
2025-10-06,9:40:02.121173761,T,288.05,300,288.67,200,IBM
2025-10-06,9:40:02.123409091,T,288.05,200,288.67,200,IBM
2025-10-06,9:40:08.581734116,T,288.05,100,288.67,200,IBM
2025-10-06,9:40:08.604067236,T,288.12,100,288.67,200,IBM
2025-10-06,9:40:31.243754401,T,288.12,100,288.45,100,IBM
2025-10-06,9:40:32.406161659,T,288.12,100,288.67,200,IBM
2025-10-06,9:40:37.261786023,T,288.13,100,288.67,200,IBM
2025-10-06,9:40:37.261786023,T,288.22,100,288.67,200,IBM
2025-10-06,9:40:37.261811084,T,288.12,100,288.67,200,IBM
2025-10-06,9:40:37.261816126,T,288.13,100,288.67,200,IBM
2025-10-06,9:40:37.261891311,T,288.23,100,288.67,200,IBM
2025-10-06,9:40:37.262292238,T,288.12,200,288.67,200,IBM
2025-10-06,9:40:37.271950288,T,288.12,100,288.67,200,IBM
2025-10-06,9:40:38.584495016,T,288.04,200,288.67,200,IBM
2025-10-06,9:40:38.606001217,T,288.14,100,288.67,200,IBM
2025-10-06,9:40:48.587167815,T,288.04,200,288.67,200,IBM
2025-10-06,9:40:48.608438470,T,288.18,100,288.67,200,IBM
2025-10-06,9:41:00.099700091,T,288.31,100,288.67,200,IBM
2025-10-06,9:41:00.099700091,T,288.18,100,288.67,200,IBM
2025-10-06,9:41:00.105779543,T,288.18,100,288.88,100,IBM
2025-10-06,9:41:00.105784637,T,288.18,100,288.85,200,IBM
2025-10-06,9:41:03.854879679,T,288.18,100,288.84,100,IBM
2025-10-06,9:41:03.855055075,T,288.18,100,288.58,100,IBM
2025-10-06,9:41:03.855821930,T,288.18,100,288.55,100,IBM
2025-10-06,9:41:03.863344900,T,288.18,100,288.85,200,IBM
2025-10-06,9:41:03.863836054,T,288.18,100,288.6,100,IBM
2025-10-06,9:41:03.872125801,T,288.18,100,288.85,200,IBM
2025-10-06,9:41:07.279262012,T,288.25,100,288.85,200,IBM
2025-10-06,9:41:08.612786761,T,288.35,100,288.85,200,IBM
2025-10-06,9:41:14.272996630,T,288.35,200,288.85,200,IBM
2025-10-06,9:41:18.239328980,T,288.36,100,288.85,200,IBM
2025-10-06,9:41:18.247493483,T,288.35,200,288.85,200,IBM
2025-10-06,9:41:18.299467217,T,288.35,200,288.84,100,IBM
2025-10-06,9:41:18.299502328,T,288.35,200,288.6,100,IBM
2025-10-06,9:41:18.299507320,T,288.35,200,288.58,100,IBM
2025-10-06,9:41:18.299582625,T,288.35,200,288.85,200,IBM
2025-10-06,9:41:18.299587527,T,288.35,200,288.51,100,IBM
2025-10-06,9:41:18.299607803,T,288.35,200,288.64,100,IBM
2025-10-06,9:41:18.299612499,T,288.35,200,288.71,100,IBM
2025-10-06,9:41:18.299622537,T,288.35,200,288.85,200,IBM
2025-10-06,9:41:18.299833111,T,288.35,200,288.88,100,IBM
2025-10-06,9:41:18.299838075,T,288.35,200,288.74,200,IBM
2025-10-06,9:41:18.300193946,T,288.36,100,288.74,200,IBM
2025-10-06,9:41:18.300334253,T,288.36,200,288.74,200,IBM
2025-10-06,9:41:18.615208932,T,288.36,300,288.74,200,IBM
2025-10-06,9:41:19.239996248,T,288.36,300,288.59,100,IBM
2025-10-06,9:41:20.304976620,T,288.36,300,288.74,200,IBM
2025-10-06,9:41:21.936049585,T,288.36,200,288.74,200,IBM
2025-10-06,9:41:21.936059638,T,288.5,100,288.74,200,IBM
2025-10-06,9:41:21.936074666,T,288.5,200,288.74,200,IBM
2025-10-06,9:41:21.936084706,T,288.5,100,288.74,200,IBM
2025-10-06,9:41:21.936084706,T,288.36,100,288.74,200,IBM
2025-10-06,9:41:21.936109751,T,288.36,100,288.58,300,IBM
2025-10-06,9:41:21.936440496,T,288.36,100,288.58,400,IBM
2025-10-06,9:41:21.936480602,T,288.36,100,288.58,500,IBM
2025-10-06,9:41:21.936646292,T,288.35,100,288.58,500,IBM
2025-10-06,9:41:21.936681090,T,288.25,100,288.58,500,IBM
2025-10-06,9:41:21.936696173,T,288.25,100,288.51,100,IBM
2025-10-06,9:41:21.936696173,T,288.25,100,288.37,100,IBM
2025-10-06,9:41:21.936721170,T,288.25,100,288.37,500,IBM
2025-10-06,9:41:21.936751309,T,288.25,100,288.37,400,IBM
2025-10-06,9:41:21.936761271,T,288.25,100,288.51,100,IBM
2025-10-06,9:41:21.936781342,T,288.25,100,288.74,200,IBM
2025-10-06,9:41:21.936841485,T,288.25,100,288.45,100,IBM
2025-10-06,9:41:21.936971839,T,288.37,100,288.45,100,IBM
2025-10-06,9:41:21.937021878,T,288.25,100,288.45,100,IBM
2025-10-06,9:41:21.937102101,T,288.25,100,288.74,200,IBM
2025-10-06,9:41:21.939963888,T,288.25,100,288.47,100,IBM
2025-10-06,9:41:22.001886323,T,288.25,100,288.74,200,IBM
2025-10-06,9:41:22.001896415,T,288.25,100,288.44,100,IBM
2025-10-06,9:41:22.001911423,T,288.25,100,288.3,100,IBM
2025-10-06,9:41:22.001946456,T,288.25,100,288.39,100,IBM
2025-10-06,9:41:22.001951530,T,288.16,200,288.39,100,IBM
2025-10-06,9:41:22.001971903,T,288.16,200,288.57,100,IBM
2025-10-06,9:41:22.001971903,T,288.16,200,288.25,100,IBM
2025-10-06,9:41:22.002282327,T,287.3,100,288.25,100,IBM
2025-10-06,9:41:22.002282327,T,287.94,200,288.25,100,IBM
2025-10-06,9:41:22.002563020,T,287.94,200,288.6,100,IBM
2025-10-06,9:41:22.002673245,T,287.94,200,288.74,200,IBM
2025-10-06,9:41:22.002673245,T,287.94,200,288.66,100,IBM
2025-10-06,9:41:22.036729365,T,287.94,200,288.74,200,IBM
2025-10-06,9:41:33.402486779,T,287.94,200,288.2,100,IBM
2025-10-06,9:41:33.402511798,T,287.94,200,288.74,200,IBM
2025-10-06,9:41:33.402516805,T,287.94,200,288.6,100,IBM
2025-10-06,9:41:33.402531855,T,287.94,200,288.74,200,IBM
2025-10-06,9:41:37.755098600,T,288.15,100,288.74,200,IBM
2025-10-06,9:41:37.755735099,T,287.94,200,288.74,200,IBM
2025-10-06,9:41:48.544629616,T,287.94,200,288.88,100,IBM
2025-10-06,9:41:48.544634557,T,287.94,200,288.63,200,IBM
2025-10-06,9:41:55.102947619,T,287.94,200,288.63,400,IBM
2025-10-06,9:41:57.789387946,T,287.94,200,288.63,200,IBM
2025-10-06,9:41:58.175246592,T,287.94,200,288.46,100,IBM
2025-10-06,9:42:00.256155394,T,287.94,200,288.6,100,IBM
2025-10-06,9:42:00.256155394,T,287.94,200,288.45,100,IBM
2025-10-06,9:42:00.257172837,T,287.94,200,288.6,100,IBM
2025-10-06,9:42:00.257819408,T,287.94,200,288.45,100,IBM
2025-10-06,9:42:02.364890687,T,287.94,200,288.6,100,IBM
2025-10-06,9:42:12.184231795,T,287.94,200,288.45,100,IBM
2025-10-06,9:42:13.577378291,T,287.94,200,288.45,200,IBM
2025-10-06,9:42:14.280502069,T,287.3,100,288.45,200,IBM
2025-10-06,9:42:14.280512082,T,288.06,200,288.45,200,IBM
2025-10-06,9:42:14.786366672,T,288.06,200,288.45,100,IBM
2025-10-06,9:42:14.786426500,T,288.06,200,288.79,200,IBM
2025-10-06,9:42:14.786446875,T,288.28,100,288.79,200,IBM
2025-10-06,9:42:14.788140531,T,288.28,100,288.63,100,IBM
2025-10-06,9:42:14.794741233,T,288.06,200,288.63,100,IBM
2025-10-06,9:42:14.803176289,T,288.28,100,288.63,100,IBM
2025-10-06,9:42:14.803181570,T,288.06,200,288.63,100,IBM
2025-10-06,9:42:14.803186342,T,288.25,100,288.63,100,IBM
2025-10-06,9:42:14.803206739,T,288.06,200,288.63,100,IBM
2025-10-06,9:42:14.805296367,T,288.06,200,288.88,100,IBM
2025-10-06,9:42:15.402087067,T,288.06,200,288.93,200,IBM
2025-10-06,9:42:15.433667269,T,287.34,100,288.93,200,IBM
2025-10-06,9:42:15.433677273,T,288.19,200,288.93,200,IBM
2025-10-06,9:42:15.786843050,T,288.19,200,288.6,100,IBM
2025-10-06,9:42:15.786868157,T,288.19,200,288.84,100,IBM
2025-10-06,9:42:15.786868157,T,288.19,200,288.59,100,IBM
2025-10-06,9:42:15.786903266,T,288.19,200,288.93,200,IBM
2025-10-06,9:42:15.831810122,T,288.19,200,288.63,100,IBM
2025-10-06,9:42:19.440521208,T,288.19,200,288.93,200,IBM
2025-10-06,9:42:23.662502073,T,288.19,200,288.62,100,IBM
2025-10-06,9:42:34.687573894,T,288.19,200,288.62,200,IBM
2025-10-06,9:42:38.088715645,T,287.51,100,288.62,200,IBM
2025-10-06,9:42:38.088730689,T,288.29,200,288.62,200,IBM
2025-10-06,9:42:38.687210444,T,288.29,200,288.61,100,IBM
2025-10-06,9:42:42.199231379,T,288.29,200,288.6,100,IBM
2025-10-06,9:42:42.199446963,T,288.29,200,288.61,100,IBM
2025-10-06,9:42:42.199451933,T,288.29,200,288.6,100,IBM
2025-10-06,9:42:42.199487033,T,288.29,200,288.61,100,IBM
2025-10-06,9:42:42.199517035,T,288.29,200,288.62,100,IBM
2025-10-06,9:42:42.200324050,T,287.3,100,288.62,100,IBM
2025-10-06,9:42:42.200334015,T,288.13,200,288.62,100,IBM
2025-10-06,9:42:42.791546533,T,288.13,200,288.6,200,IBM
2025-10-06,9:42:49.833841721,T,287.3,100,288.6,200,IBM
2025-10-06,9:42:49.833846687,T,288.0,200,288.6,200,IBM
2025-10-06,9:42:58.486610536,T,288.0,200,288.58,200,IBM
2025-10-06,9:43:12.416046118,T,287.3,100,288.58,200,IBM
2025-10-06,9:43:12.416046118,T,287.82,200,288.58,200,IBM
2025-10-06,9:43:15.537592281,T,287.3,100,288.58,200,IBM
2025-10-06,9:43:15.537597356,T,287.96,200,288.58,200,IBM
2025-10-06,9:43:16.857263948,T,288.01,100,288.58,200,IBM
2025-10-06,9:43:16.857273905,T,288.05,100,288.58,200,IBM
2025-10-06,9:43:16.861313497,T,288.01,100,288.58,200,IBM
2025-10-06,9:43:19.784196704,T,287.96,300,288.58,200,IBM
2025-10-06,9:43:19.784201614,T,288.01,100,288.58,200,IBM
2025-10-06,9:43:23.345384363,T,288.08,200,288.58,200,IBM
2025-10-06,9:43:36.833995786,T,288.08,200,288.57,100,IBM
2025-10-06,9:43:36.834025804,T,288.08,200,288.58,200,IBM
2025-10-06,9:43:36.834797666,T,288.08,200,288.57,200,IBM
2025-10-06,9:43:39.495346426,T,288.08,200,288.57,300,IBM
2025-10-06,9:43:39.552482477,T,287.51,100,288.57,300,IBM
2025-10-06,9:43:39.552492586,T,287.94,200,288.57,300,IBM
2025-10-06,9:43:44.270414472,T,287.94,200,288.44,100,IBM
2025-10-06,9:43:44.270424510,T,287.94,200,288.4,100,IBM
2025-10-06,9:43:44.270840665,T,287.94,200,288.32,100,IBM
2025-10-06,9:43:44.271151184,T,287.94,200,288.4,100,IBM
2025-10-06,9:43:44.271256408,T,287.94,200,288.35,100,IBM
2025-10-06,9:43:44.271391818,T,287.94,200,288.4,100,IBM
2025-10-06,9:43:44.271416824,T,287.94,200,288.4,200,IBM
2025-10-06,9:43:44.276017813,T,287.3,100,288.4,200,IBM
2025-10-06,9:43:44.276022852,T,287.77,200,288.4,200,IBM
2025-10-06,9:43:44.276819776,T,287.77,200,288.4,100,IBM
2025-10-06,9:43:44.290888252,T,287.77,200,288.57,100,IBM
2025-10-06,9:43:44.582191763,T,287.77,200,288.48,100,IBM
2025-10-06,9:43:44.647622503,T,287.77,200,288.34,100,IBM
2025-10-06,9:43:45.103056724,T,287.77,200,288.34,200,IBM
2025-10-06,9:43:47.130087442,T,287.77,200,288.33,100,IBM
2025-10-06,9:43:48.515886490,T,287.77,200,288.34,100,IBM
2025-10-06,9:44:00.153997275,T,287.77,200,288.32,100,IBM
2025-10-06,9:44:07.474720232,T,287.77,300,288.32,100,IBM
2025-10-06,9:44:07.475602326,T,287.77,200,288.32,100,IBM
2025-10-06,9:44:17.750447901,T,287.77,200,288.31,100,IBM
2025-10-06,9:44:17.751159654,T,287.77,200,288.29,100,IBM
2025-10-06,9:44:17.751781100,T,287.77,200,288.31,100,IBM
2025-10-06,9:44:17.755535083,T,287.77,200,288.33,100,IBM
2025-10-06,9:44:17.769102345,T,287.77,200,288.48,200,IBM
2025-10-06,9:44:19.852822872,T,287.77,200,288.28,100,IBM
2025-10-06,9:44:19.853143608,T,287.77,300,288.28,100,IBM
2025-10-06,9:44:19.867813614,T,287.77,200,288.28,100,IBM
2025-10-06,9:44:22.685682270,T,287.77,200,288.27,100,IBM
2025-10-06,9:44:22.685702012,T,287.77,200,288.28,100,IBM
2025-10-06,9:44:22.685917453,T,287.77,200,288.27,100,IBM
2025-10-06,9:44:22.685947604,T,287.77,200,288.24,100,IBM
2025-10-06,9:44:22.685977682,T,287.77,200,288.17,100,IBM
2025-10-06,9:44:22.686333506,T,287.77,200,288.1,100,IBM
2025-10-06,9:44:22.686513941,T,287.77,200,288.23,100,IBM
2025-10-06,9:44:22.686604070,T,287.77,200,288.04,100,IBM
2025-10-06,9:44:22.959849604,T,287.34,100,288.04,100,IBM
2025-10-06,9:44:22.959854607,T,287.65,200,288.04,100,IBM
2025-10-06,9:44:23.812108443,T,287.65,200,288.48,200,IBM
2025-10-06,9:44:23.812213748,T,287.65,300,288.48,200,IBM
2025-10-06,9:44:23.812248844,T,287.69,100,288.48,200,IBM
2025-10-06,9:44:23.812303931,T,287.7,100,288.48,200,IBM
2025-10-06,9:44:23.812434208,T,287.65,200,288.48,200,IBM
2025-10-06,9:44:23.813321491,T,287.6,100,288.48,200,IBM
2025-10-06,9:44:23.813331387,T,287.77,200,288.48,200,IBM
2025-10-06,9:44:23.813572008,T,287.77,200,288.32,200,IBM
2025-10-06,9:44:24.452377708,T,287.78,100,288.32,200,IBM
2025-10-06,9:44:24.452778665,T,287.77,200,288.32,200,IBM
2025-10-06,9:44:31.048665980,T,287.77,200,288.31,100,IBM
2025-10-06,9:44:37.221927148,T,287.77,200,288.28,100,IBM
2025-10-06,9:44:37.221942184,T,287.77,200,288.26,100,IBM
2025-10-06,9:44:37.222939552,T,287.77,200,288.28,100,IBM
2025-10-06,9:44:37.230221910,T,287.77,200,288.31,100,IBM
2025-10-06,9:44:37.281639223,T,287.77,200,288.28,100,IBM
2025-10-06,9:44:38.966044115,T,287.77,200,288.28,300,IBM
2025-10-06,9:44:40.688790392,T,287.77,200,288.27,100,IBM
2025-10-06,9:44:51.045977325,T,287.78,100,288.27,100,IBM
2025-10-06,9:44:53.507196281,T,287.77,200,288.27,100,IBM
2025-10-06,9:44:54.483345179,T,287.77,200,288.27,300,IBM
2025-10-06,9:44:55.740392708,T,287.88,100,288.27,300,IBM
2025-10-06,9:44:55.748682509,T,287.77,200,288.27,300,IBM
2025-10-06,9:44:55.749188683,T,287.78,100,288.27,300,IBM
2025-10-06,9:44:57.157406140,T,287.77,200,288.27,300,IBM
2025-10-06,9:45:01.163167370,T,287.77,200,288.27,100,IBM
2025-10-06,9:45:02.174194438,T,287.77,200,288.25,100,IBM
2025-10-06,9:45:02.174289691,T,287.77,200,288.27,100,IBM
2025-10-06,9:45:02.174314760,T,288.03,100,288.27,100,IBM
2025-10-06,9:45:02.174314760,T,288.04,100,288.27,100,IBM
2025-10-06,9:45:02.174329798,T,288.05,100,288.27,100,IBM
2025-10-06,9:45:02.175312144,T,288.04,100,288.27,100,IBM
2025-10-06,9:45:02.182604492,T,287.88,100,288.27,100,IBM
2025-10-06,9:45:02.274312757,T,287.77,200,288.27,100,IBM
2025-10-06,9:45:02.701990744,T,287.77,200,288.53,100,IBM
2025-10-06,9:45:03.096344746,T,287.78,100,288.53,100,IBM
2025-10-06,9:45:03.096359525,T,287.9,100,288.53,100,IBM
2025-10-06,9:45:03.096459737,T,287.77,200,288.53,100,IBM
2025-10-06,9:45:03.096459737,T,287.9,100,288.53,100,IBM
2025-10-06,9:45:03.096464838,T,287.94,100,288.53,100,IBM
2025-10-06,9:45:03.096795556,T,287.77,200,288.53,100,IBM
2025-10-06,9:45:03.098063549,T,287.78,100,288.53,100,IBM
2025-10-06,9:45:03.100298976,T,287.77,200,288.53,100,IBM
2025-10-06,9:45:03.110292741,T,287.6,100,288.53,100,IBM
2025-10-06,9:45:03.110297756,T,287.92,200,288.53,100,IBM
2025-10-06,9:45:04.247544941,T,287.92,200,288.39,100,IBM
2025-10-06,9:45:16.355684287,T,288.0,100,288.39,100,IBM
2025-10-06,9:45:16.355734424,T,288.04,100,288.39,100,IBM
2025-10-06,9:45:16.360104798,T,288.0,100,288.39,100,IBM
2025-10-06,9:45:16.363958940,T,287.92,200,288.39,100,IBM
2025-10-06,9:45:25.374013411,T,287.92,200,288.38,100,IBM
2025-10-06,9:45:27.296850919,T,287.96,100,288.38,100,IBM
2025-10-06,9:45:27.604638620,T,287.92,200,288.38,100,IBM
2025-10-06,9:45:38.899397335,T,287.6,100,288.38,100,IBM
2025-10-06,9:45:38.899402448,T,287.77,200,288.38,100,IBM
2025-10-06,9:45:38.900820834,T,287.77,200,288.24,100,IBM
2025-10-06,9:45:38.901146513,T,287.78,100,288.24,100,IBM
2025-10-06,9:45:38.958588263,T,287.86,100,288.24,100,IBM
2025-10-06,9:45:39.441247342,T,287.77,200,288.24,100,IBM
2025-10-06,9:45:52.781485829,T,287.6,100,288.24,100,IBM
2025-10-06,9:45:52.781495824,T,287.6,300,288.24,100,IBM
2025-10-06,9:45:54.550667723,T,287.6,300,288.23,100,IBM
2025-10-06,9:45:55.528826293,T,287.6,300,288.5,200,IBM
2025-10-06,9:45:55.528836383,T,287.7,100,288.5,200,IBM
2025-10-06,9:45:55.528851359,T,288.03,100,288.5,200,IBM
2025-10-06,9:45:55.528931546,T,288.08,100,288.5,200,IBM
2025-10-06,9:45:55.529628193,T,288.08,100,288.38,100,IBM
2025-10-06,9:45:55.529648284,T,288.03,100,288.38,100,IBM
2025-10-06,9:45:55.529733504,T,288.08,100,288.38,100,IBM
2025-10-06,9:45:55.532575247,T,288.03,100,288.38,100,IBM
2025-10-06,9:45:55.533302009,T,287.84,100,288.38,100,IBM
2025-10-06,9:45:55.629380726,T,287.66,100,288.38,100,IBM
2025-10-06,9:45:55.664118390,T,287.62,100,288.38,100,IBM
2025-10-06,9:45:56.868751088,T,287.62,100,288.5,200,IBM
2025-10-06,9:45:57.018287078,T,287.81,100,288.5,200,IBM
2025-10-06,9:45:57.971306042,T,287.7,100,288.5,200,IBM
2025-10-06,9:45:57.971341159,T,287.81,100,288.5,200,IBM
2025-10-06,9:45:58.221992830,T,287.86,100,288.5,200,IBM
2025-10-06,9:45:59.617414852,T,287.94,100,288.5,200,IBM
2025-10-06,9:45:59.617444868,T,288.04,100,288.5,200,IBM
2025-10-06,9:45:59.617444868,T,287.94,100,288.5,200,IBM
2025-10-06,9:45:59.844881332,T,288.01,100,288.5,200,IBM
2025-10-06,9:45:59.845021611,T,288.03,100,288.5,200,IBM
2025-10-06,9:45:59.845056979,T,287.94,100,288.5,200,IBM
2025-10-06,9:45:59.845056979,T,288.03,100,288.5,200,IBM
2025-10-06,9:45:59.845061725,T,288.04,100,288.5,200,IBM
2025-10-06,9:45:59.845242145,T,288.04,100,288.5,300,IBM
2025-10-06,9:45:59.847512624,T,288.01,100,288.5,300,IBM
2025-10-06,9:45:59.848560140,T,288.01,100,288.5,100,IBM
2025-10-06,9:45:59.852519483,T,287.86,100,288.5,100,IBM
2025-10-06,9:45:59.868056492,T,288.01,100,288.5,100,IBM
2025-10-06,9:46:00.439081007,T,287.86,100,288.5,100,IBM
2025-10-06,9:46:02.437824197,T,287.9,200,288.5,100,IBM
2025-10-06,9:46:03.277673366,T,287.9,200,288.68,200,IBM
2025-10-06,9:46:03.382026748,T,287.94,100,288.68,200,IBM
2025-10-06,9:46:03.382036874,T,288.02,100,288.68,200,IBM
2025-10-06,9:46:03.382187141,T,288.04,100,288.68,200,IBM
2025-10-06,9:46:03.382207259,T,288.01,100,288.68,200,IBM
2025-10-06,9:46:03.382207259,T,288.05,100,288.68,200,IBM
2025-10-06,9:46:03.383034250,T,288.01,100,288.68,200,IBM
2025-10-06,9:46:03.383089352,T,288.04,100,288.68,200,IBM
2025-10-06,9:46:03.383089352,T,288.05,100,288.68,200,IBM
2025-10-06,9:46:03.383114431,T,288.29,100,288.68,200,IBM
2025-10-06,9:46:03.384407534,T,288.2,100,288.68,200,IBM
2025-10-06,9:46:03.384683189,T,288.29,100,288.68,200,IBM
2025-10-06,9:46:03.384713157,T,288.39,100,288.68,200,IBM
2025-10-06,9:46:03.384823411,T,288.39,100,288.74,100,IBM
2025-10-06,9:46:03.389053738,T,288.3,100,288.74,100,IBM
2025-10-06,9:46:03.389083643,T,288.1,100,288.74,100,IBM
2025-10-06,9:46:03.389103709,T,288.01,100,288.74,100,IBM
2025-10-06,9:46:03.394035406,T,287.9,200,288.74,100,IBM
2025-10-06,9:46:03.433414168,T,288.01,100,288.74,100,IBM
2025-10-06,9:46:05.019189477,T,287.9,200,288.74,100,IBM
2025-10-06,9:46:05.019655526,T,288.02,100,288.74,100,IBM
2025-10-06,9:46:05.379241582,T,288.03,200,288.74,100,IBM
2025-10-06,9:46:15.164651591,T,288.05,100,288.74,100,IBM
2025-10-06,9:46:16.279405376,T,288.03,200,288.74,100,IBM
2025-10-06,9:46:21.351590331,T,288.03,200,288.58,100,IBM
2025-10-06,9:46:30.136709319,T,288.03,200,288.74,100,IBM
2025-10-06,9:46:30.136739737,T,288.39,100,288.74,100,IBM
2025-10-06,9:46:30.136809818,T,288.22,100,288.74,100,IBM
2025-10-06,9:46:30.136814599,T,288.39,100,288.74,100,IBM
2025-10-06,9:46:30.136949985,T,288.39,200,288.74,100,IBM
2025-10-06,9:46:30.137807014,T,288.39,200,288.81,200,IBM
2025-10-06,9:46:30.141621030,T,288.39,200,289.44,100,IBM
2025-10-06,9:46:30.141631181,T,288.39,200,289.01,200,IBM
2025-10-06,9:46:30.143219906,T,288.39,100,289.01,200,IBM
2025-10-06,9:46:30.146963733,T,288.1,100,289.01,200,IBM
2025-10-06,9:46:30.147520119,T,288.03,200,289.01,200,IBM
2025-10-06,9:46:30.148758076,T,288.03,300,289.01,200,IBM
2025-10-06,9:46:30.148788121,T,288.18,100,289.01,200,IBM
2025-10-06,9:46:30.151569747,T,288.22,100,289.01,200,IBM
2025-10-06,9:46:30.237143525,T,288.18,100,289.01,200,IBM
2025-10-06,9:46:30.238080671,T,288.21,100,289.01,200,IBM
2025-10-06,9:46:30.238110803,T,288.05,100,289.01,200,IBM
2025-10-06,9:46:30.238110803,T,288.26,100,289.01,200,IBM
2025-10-06,9:46:30.238271143,T,288.41,100,289.01,200,IBM
2025-10-06,9:46:30.238286196,T,288.41,100,288.91,100,IBM
2025-10-06,9:46:30.238301200,T,288.1,100,288.91,100,IBM
2025-10-06,9:46:30.238301200,T,288.3,100,288.91,100,IBM
2025-10-06,9:46:30.238421538,T,288.34,100,288.91,100,IBM
2025-10-06,9:46:30.238481641,T,288.34,100,288.94,100,IBM
2025-10-06,9:46:30.238621996,T,288.41,100,288.94,100,IBM
2025-10-06,9:46:30.238632057,T,288.41,100,289.01,200,IBM
2025-10-06,9:46:30.242626499,T,288.34,100,289.01,200,IBM
2025-10-06,9:46:30.242646629,T,288.27,100,289.01,200,IBM
2025-10-06,9:46:30.242671624,T,288.26,100,289.01,200,IBM
2025-10-06,9:46:30.243383397,T,288.26,200,289.01,200,IBM
2025-10-06,9:46:30.248706044,T,288.26,100,289.01,200,IBM
2025-10-06,9:46:30.254339426,T,288.09,100,289.01,200,IBM
2025-10-06,9:46:30.262689305,T,288.3,100,289.01,200,IBM
2025-10-06,9:46:30.263731811,T,288.26,100,289.01,200,IBM
2025-10-06,9:46:30.286806782,T,288.09,100,289.01,200,IBM
2025-10-06,9:46:30.300714910,T,288.3,100,289.01,200,IBM
2025-10-06,9:46:30.398076628,T,288.34,100,289.01,200,IBM
2025-10-06,9:46:30.398161837,T,288.42,100,289.01,200,IBM
2025-10-06,9:46:30.398166887,T,288.26,100,289.01,200,IBM
2025-10-06,9:46:30.398186890,T,288.63,100,289.01,200,IBM
2025-10-06,9:46:30.398517699,T,288.63,100,289.73,100,IBM
2025-10-06,9:46:30.398522725,T,288.63,100,289.19,200,IBM
2025-10-06,9:46:30.406471668,T,288.42,100,289.19,200,IBM
2025-10-06,9:46:30.408441362,T,288.41,100,289.19,200,IBM
2025-10-06,9:46:30.494992470,T,288.63,100,289.19,200,IBM
2025-10-06,9:46:30.494992470,T,288.42,100,289.19,200,IBM
2025-10-06,9:46:30.495022510,T,288.43,100,289.19,200,IBM
2025-10-06,9:46:30.498205051,T,288.42,100,289.19,200,IBM
2025-10-06,9:46:30.502500317,T,288.41,100,289.19,200,IBM
2025-10-06,9:46:31.028101456,T,288.43,100,289.19,200,IBM
2025-10-06,9:46:31.872005548,T,288.43,100,289.46,100,IBM
2025-10-06,9:46:31.872015555,T,288.43,100,289.36,200,IBM
2025-10-06,9:46:32.081098362,T,288.5,100,289.36,200,IBM
2025-10-06,9:46:32.105190655,T,288.58,100,289.36,200,IBM
2025-10-06,9:46:33.894846305,T,288.71,100,289.36,200,IBM
2025-10-06,9:46:34.079195115,T,288.58,100,289.36,200,IBM
2025-10-06,9:46:34.176321341,T,288.71,100,289.36,200,IBM
2025-10-06,9:46:34.177098180,T,288.58,100,289.36,200,IBM
2025-10-06,9:46:34.178436366,T,288.71,100,289.36,200,IBM
2025-10-06,9:46:35.451126113,T,288.79,100,289.36,200,IBM
2025-10-06,9:46:35.459415821,T,288.71,100,289.36,200,IBM
2025-10-06,9:46:35.461315402,T,288.5,100,289.36,200,IBM
2025-10-06,9:46:35.461315402,T,288.71,100,289.36,200,IBM
2025-10-06,9:46:35.513940603,T,288.5,100,289.36,200,IBM
2025-10-06,9:46:35.641975447,T,288.6,100,289.36,200,IBM
2025-10-06,9:46:38.574506764,T,288.71,100,289.36,200,IBM
2025-10-06,9:46:38.574797426,T,288.71,100,289.59,100,IBM
2025-10-06,9:46:38.574802515,T,288.71,100,289.51,200,IBM
2025-10-06,9:46:38.575499092,T,288.6,100,289.51,200,IBM
2025-10-06,9:46:38.576130628,T,288.72,100,289.51,200,IBM
2025-10-06,9:46:38.578521575,T,288.71,100,289.51,200,IBM
2025-10-06,9:46:38.578546454,T,288.6,100,289.51,200,IBM
2025-10-06,9:46:46.463718090,T,288.61,200,289.51,200,IBM
2025-10-06,9:46:57.179192495,T,288.74,100,289.51,200,IBM
2025-10-06,9:46:57.179192495,T,288.87,100,289.51,200,IBM
2025-10-06,9:46:57.179553273,T,289.0,100,289.51,200,IBM
2025-10-06,9:46:57.180004359,T,289.06,100,289.51,200,IBM
2025-10-06,9:46:57.180039526,T,289.0,100,289.51,200,IBM
2025-10-06,9:46:57.180675986,T,288.9,100,289.51,200,IBM
2025-10-06,9:46:57.180886450,T,289.0,100,289.51,200,IBM
2025-10-06,9:46:57.181247299,T,288.87,100,289.51,200,IBM
2025-10-06,9:46:57.181272471,T,288.74,100,289.51,200,IBM
2025-10-06,9:46:57.187838037,T,288.61,200,289.51,200,IBM
2025-10-06,9:46:57.229858064,T,288.82,100,289.51,200,IBM
2025-10-06,9:46:57.376376904,T,288.9,100,289.51,200,IBM
2025-10-06,9:46:57.682109723,T,288.83,100,289.51,200,IBM
2025-10-06,9:46:57.690063704,T,288.83,200,289.51,200,IBM
2025-10-06,9:46:58.705761674,T,288.9,100,289.51,200,IBM
2025-10-06,9:46:58.711570514,T,288.9,100,289.49,100,IBM
2025-10-06,9:46:58.711605548,T,288.9,100,289.51,200,IBM
2025-10-06,9:46:58.879991488,T,288.98,100,289.51,200,IBM
2025-10-06,9:46:59.725353984,T,288.83,100,289.51,200,IBM
2025-10-06,9:46:59.725825014,T,289.0,100,289.51,200,IBM
2025-10-06,9:46:59.727283475,T,289.14,100,289.51,200,IBM
2025-10-06,9:47:00.745838241,T,288.83,100,289.51,200,IBM
2025-10-06,9:47:00.980040788,T,288.82,100,289.51,200,IBM
2025-10-06,9:47:00.980080906,T,288.83,100,289.51,200,IBM
2025-10-06,9:47:01.768648216,T,288.83,200,289.51,200,IBM
2025-10-06,9:47:03.145561136,T,288.83,100,289.51,200,IBM
2025-10-06,9:47:08.329948081,T,288.83,100,289.6,100,IBM
2025-10-06,9:47:09.683941434,T,288.83,200,289.6,100,IBM
2025-10-06,9:47:09.683956461,T,288.83,100,289.6,100,IBM
2025-10-06,9:47:09.683961438,T,288.87,100,289.6,100,IBM
2025-10-06,9:47:09.684567928,T,288.87,200,289.6,100,IBM
2025-10-06,9:47:09.694235901,T,288.87,100,289.6,100,IBM
2025-10-06,9:47:09.707211854,T,288.77,200,289.6,100,IBM
2025-10-06,9:47:09.707818235,T,288.87,100,289.6,100,IBM
2025-10-06,9:47:09.708028736,T,288.87,200,289.6,100,IBM
2025-10-06,9:47:09.708605181,T,288.87,100,289.6,100,IBM
2025-10-06,9:47:09.718448812,T,288.77,200,289.6,100,IBM
2025-10-06,9:47:09.745092036,T,288.87,100,289.6,100,IBM
2025-10-06,9:47:09.745097063,T,288.98,100,289.6,100,IBM
2025-10-06,9:47:09.745357592,T,289.0,100,289.6,100,IBM
2025-10-06,9:47:09.745437844,T,289.06,100,289.6,100,IBM
2025-10-06,9:47:09.745487987,T,289.29,100,289.6,100,IBM
2025-10-06,9:47:09.745518074,T,289.06,100,289.6,100,IBM
2025-10-06,9:47:09.745538088,T,289.0,100,289.6,100,IBM
2025-10-06,9:47:09.745543393,T,288.98,100,289.6,100,IBM
2025-10-06,9:47:09.745543393,T,288.87,100,289.6,100,IBM
2025-10-06,9:47:09.745548049,T,288.77,200,289.6,100,IBM
2025-10-06,9:47:09.746274822,T,288.77,200,289.65,200,IBM
2025-10-06,9:47:09.773354235,T,288.87,100,289.65,200,IBM
2025-10-06,9:47:09.887385705,T,288.9,100,289.65,200,IBM
2025-10-06,9:47:09.967010411,T,289.06,100,289.65,200,IBM
2025-10-06,9:47:09.967225760,T,289.06,200,289.65,200,IBM
2025-10-06,9:47:11.463763467,T,289.12,100,289.65,200,IBM
2025-10-06,9:47:11.464134263,T,289.12,100,290.46,100,IBM
2025-10-06,9:47:11.464139364,T,289.12,100,289.79,200,IBM
2025-10-06,9:47:11.467818044,T,289.06,100,289.79,200,IBM
2025-10-06,9:47:11.470619761,T,288.98,100,289.79,200,IBM
2025-10-06,9:47:11.725356227,T,289.06,100,289.79,200,IBM
2025-10-06,9:47:12.490848647,T,289.06,200,289.79,200,IBM
2025-10-06,9:47:15.240328867,T,289.21,100,289.79,200,IBM
2025-10-06,9:47:16.053514714,T,288.98,100,289.79,200,IBM
2025-10-06,9:47:16.053725295,T,288.98,200,289.79,200,IBM
2025-10-06,9:47:16.737312513,T,288.98,100,289.79,200,IBM
2025-10-06,9:47:17.319984641,T,288.9,100,289.79,200,IBM
2025-10-06,9:47:17.320019761,T,289.06,100,289.79,200,IBM
2025-10-06,9:47:18.605489841,T,289.14,100,289.79,200,IBM
2025-10-06,9:47:19.625313132,T,289.23,100,289.79,200,IBM
2025-10-06,9:47:20.506605793,T,289.14,100,289.79,200,IBM
2025-10-06,9:47:22.833615505,T,289.19,100,289.79,200,IBM
2025-10-06,9:47:23.197030670,T,289.23,100,289.79,200,IBM
2025-10-06,9:47:25.019739717,T,289.22,100,289.79,200,IBM
2025-10-06,9:47:27.185009725,T,289.23,100,289.79,200,IBM
2025-10-06,9:47:27.185019549,T,289.22,100,289.79,200,IBM
2025-10-06,9:47:27.185149914,T,289.14,100,289.79,200,IBM
2025-10-06,9:47:27.185149914,T,289.22,100,289.79,200,IBM
2025-10-06,9:47:27.185290130,T,289.31,100,289.79,200,IBM
2025-10-06,9:47:27.187590621,T,289.19,100,289.79,200,IBM
2025-10-06,9:47:27.189384918,T,289.17,100,289.79,200,IBM
2025-10-06,9:47:27.189530283,T,289.3,100,289.79,200,IBM
2025-10-06,9:47:27.189560317,T,289.41,100,289.79,200,IBM
2025-10-06,9:47:27.194517118,T,289.3,100,289.79,200,IBM
2025-10-06,9:47:27.196105969,T,289.19,100,289.79,200,IBM
2025-10-06,9:47:27.264067718,T,289.22,100,289.79,200,IBM
2025-10-06,9:47:27.440156984,T,289.06,100,289.79,200,IBM
2025-10-06,9:47:28.043889215,T,289.06,100,290.17,100,IBM
2025-10-06,9:47:28.044926727,T,289.06,100,289.93,200,IBM
2025-10-06,9:47:31.038292628,T,289.17,100,289.93,200,IBM
2025-10-06,9:47:31.145673243,T,289.14,100,289.93,200,IBM
2025-10-06,9:47:31.879400003,T,289.03,100,289.93,200,IBM
2025-10-06,9:47:32.271984583,T,289.06,100,289.93,200,IBM
2025-10-06,9:47:32.272014667,T,289.22,100,289.93,200,IBM
2025-10-06,9:47:32.381485209,T,289.22,100,289.93,300,IBM
2025-10-06,9:47:32.381861178,T,289.22,100,289.93,200,IBM
2025-10-06,9:47:32.475353700,T,289.51,100,289.93,200,IBM
2025-10-06,9:47:32.483638388,T,289.23,100,289.93,200,IBM
2025-10-06,9:47:32.575973201,T,289.22,100,289.93,200,IBM
2025-10-06,9:47:32.891739962,T,289.22,100,289.93,300,IBM
2025-10-06,9:47:32.891780076,T,289.22,100,289.93,200,IBM
2025-10-06,9:47:32.898566189,T,289.19,100,289.93,200,IBM
2025-10-06,9:47:32.898601246,T,289.23,100,289.93,200,IBM
2025-10-06,9:47:32.968778323,T,289.3,100,289.93,200,IBM
2025-10-06,9:47:33.606050589,T,289.22,100,289.93,200,IBM
2025-10-06,9:47:35.633792877,T,289.3,100,289.93,200,IBM
2025-10-06,9:47:35.923913533,T,289.16,100,289.93,200,IBM
2025-10-06,9:47:35.923913533,T,289.3,100,289.93,200,IBM
2025-10-06,9:47:35.923933596,T,289.37,100,289.93,200,IBM
2025-10-06,9:47:35.924299495,T,289.37,100,289.93,300,IBM
2025-10-06,9:47:35.924830745,T,289.37,100,289.93,100,IBM
2025-10-06,9:47:35.925366988,T,289.38,100,289.93,100,IBM
2025-10-06,9:47:35.935972194,T,289.56,100,289.93,100,IBM
2025-10-06,9:47:35.953859800,T,289.38,100,289.93,100,IBM
2025-10-06,9:47:35.953859800,T,289.56,100,289.93,100,IBM
2025-10-06,9:47:36.178379371,T,289.38,100,289.93,100,IBM
2025-10-06,9:47:36.178840452,T,289.16,100,289.93,100,IBM
2025-10-06,9:47:36.180444238,T,289.3,100,289.93,100,IBM
2025-10-06,9:47:36.191821297,T,289.38,100,289.93,100,IBM
2025-10-06,9:47:38.488358533,T,289.51,100,289.93,100,IBM
2025-10-06,9:47:38.804842134,T,289.41,100,289.93,100,IBM
2025-10-06,9:47:38.804846905,T,289.51,100,289.93,100,IBM
2025-10-06,9:47:38.805443340,T,289.5,100,289.93,100,IBM
2025-10-06,9:47:38.805463430,T,289.38,100,289.93,100,IBM
2025-10-06,9:47:38.805583675,T,289.5,100,289.93,100,IBM
2025-10-06,9:47:38.839429289,T,289.51,100,289.93,100,IBM
2025-10-06,9:47:39.491215869,T,289.5,100,289.93,100,IBM
2025-10-06,9:47:39.530529474,T,289.71,100,289.93,100,IBM
2025-10-06,9:47:39.634887871,T,289.73,100,289.93,100,IBM
2025-10-06,9:47:39.634922975,T,289.73,100,290.12,200,IBM
2025-10-06,9:47:39.635148506,T,289.71,100,290.12,200,IBM
2025-10-06,9:47:39.643232828,T,289.5,100,290.12,200,IBM
2025-10-06,9:47:39.650620328,T,289.54,100,290.12,200,IBM
2025-10-06,9:47:40.105924243,T,289.7,100,290.12,200,IBM
2025-10-06,9:47:40.245757157,T,289.65,100,290.12,200,IBM
2025-10-06,9:47:40.650636218,T,289.5,100,290.12,200,IBM
2025-10-06,9:47:42.117628366,T,289.43,100,290.12,200,IBM
2025-10-06,9:47:42.117688604,T,289.43,100,290.0,100,IBM
2025-10-06,9:47:42.118114521,T,289.43,100,290.12,200,IBM
2025-10-06,9:47:42.155007418,T,289.54,100,290.12,200,IBM
2025-10-06,9:47:42.179029646,T,289.43,100,290.12,200,IBM
2025-10-06,9:47:42.448726718,T,289.46,100,290.12,200,IBM
2025-10-06,9:47:43.040445320,T,289.55,100,290.12,200,IBM
2025-10-06,9:47:43.428749669,T,289.5,100,290.12,200,IBM
2025-10-06,9:47:43.952682027,T,289.55,100,290.12,200,IBM
2025-10-06,9:47:44.457323364,T,289.5,100,290.12,200,IBM
2025-10-06,9:47:50.722648783,T,289.5,100,290.0,500,IBM
2025-10-06,9:47:58.752344545,T,289.5,100,290.0,600,IBM
2025-10-06,9:47:58.752409800,T,289.5,100,289.87,100,IBM
2025-10-06,9:47:58.759947607,T,289.5,100,290.0,600,IBM
2025-10-06,9:47:58.760634261,T,289.5,100,290.0,500,IBM
2025-10-06,9:48:19.148470239,T,289.5,200,290.0,500,IBM
2025-10-06,9:48:34.339764851,T,289.5,100,290.0,500,IBM
2025-10-06,9:48:37.558733062,T,289.58,100,290.0,500,IBM
2025-10-06,9:48:37.559274378,T,289.58,200,290.0,500,IBM
2025-10-06,9:48:37.561058492,T,289.58,200,290.0,200,IBM
2025-10-06,9:48:37.561088628,T,289.67,100,290.0,200,IBM
2025-10-06,9:48:37.561093626,T,289.67,100,290.12,200,IBM
2025-10-06,9:48:37.561123705,T,289.73,100,290.12,200,IBM
2025-10-06,9:48:37.561123705,T,289.74,100,290.12,200,IBM
2025-10-06,9:48:37.561299103,T,289.74,100,290.11,100,IBM
2025-10-06,9:48:37.561304222,T,289.74,100,290.1,100,IBM
2025-10-06,9:48:37.561359255,T,289.74,100,290.12,300,IBM
2025-10-06,9:48:37.561454540,T,289.74,100,290.11,100,IBM
2025-10-06,9:48:37.561474575,T,289.74,100,290.12,200,IBM
2025-10-06,9:48:37.561474575,T,289.74,100,290.11,100,IBM
2025-10-06,9:48:37.561499548,T,289.74,100,290.12,300,IBM
2025-10-06,9:48:37.561509764,T,289.74,100,290.12,200,IBM
2025-10-06,9:48:37.561539700,T,289.74,100,290.11,100,IBM
2025-10-06,9:48:37.561579825,T,289.74,100,290.12,200,IBM
2025-10-06,9:48:37.561760198,T,289.74,100,290.11,100,IBM
2025-10-06,9:48:37.562136063,T,289.58,200,290.11,100,IBM
2025-10-06,9:48:37.562286507,T,289.58,200,290.12,200,IBM
2025-10-06,9:48:37.564246165,T,289.58,200,290.17,100,IBM
2025-10-06,9:48:37.569283085,T,289.58,100,290.17,100,IBM
2025-10-06,9:48:37.593901755,T,289.5,100,290.17,100,IBM
2025-10-06,9:48:37.605669773,T,289.6,100,290.17,100,IBM
2025-10-06,9:48:37.648511769,T,289.75,100,290.17,100,IBM
2025-10-06,9:48:37.668659692,T,289.75,200,290.17,100,IBM
2025-10-06,9:48:37.668680028,T,289.75,100,290.17,100,IBM
2025-10-06,9:48:37.668680028,T,289.75,200,290.17,100,IBM
2025-10-06,9:48:37.669095858,T,289.75,200,290.39,200,IBM
2025-10-06,9:48:37.827648314,T,289.75,100,290.39,200,IBM
2025-10-06,9:48:37.828089293,T,289.99,100,290.39,200,IBM
2025-10-06,9:48:37.828780995,T,290.0,100,290.39,200,IBM
2025-10-06,9:48:39.150156502,T,290.0,200,290.39,200,IBM
2025-10-06,9:48:39.375106919,T,290.0,100,290.39,200,IBM
2025-10-06,9:49:00.744379445,T,289.81,100,290.39,200,IBM
2025-10-06,9:49:00.744384411,T,289.81,100,290.19,100,IBM
2025-10-06,9:49:00.744409411,T,289.72,100,290.19,100,IBM
2025-10-06,9:49:00.744750189,T,289.72,100,290.18,100,IBM
2025-10-06,9:49:00.745121105,T,289.72,100,290.37,100,IBM
2025-10-06,9:49:00.745236474,T,289.72,100,290.3,100,IBM
2025-10-06,9:49:00.745256382,T,289.72,100,290.39,200,IBM
2025-10-06,9:49:02.395951047,T,289.79,100,290.39,200,IBM
2025-10-06,9:49:03.602473487,T,289.72,100,290.39,200,IBM
2025-10-06,9:49:07.115887563,T,289.81,100,290.39,200,IBM
2025-10-06,9:49:07.115887563,T,289.72,100,290.39,200,IBM
2025-10-06,9:49:07.123606019,T,289.64,100,290.39,200,IBM
2025-10-06,9:49:07.133329168,T,289.72,100,290.39,200,IBM
2025-10-06,9:49:07.536042814,T,289.81,100,290.39,200,IBM
2025-10-06,9:49:09.874800322,T,289.72,100,290.39,200,IBM
2025-10-06,9:49:09.874800322,T,289.81,100,290.39,200,IBM
2025-10-06,9:49:09.875151165,T,289.72,100,290.39,200,IBM
2025-10-06,9:49:15.400429952,T,289.8,100,290.39,200,IBM
2025-10-06,9:49:15.400429952,T,289.72,100,290.39,200,IBM
2025-10-06,9:49:15.400640465,T,289.8,100,290.39,200,IBM
2025-10-06,9:49:15.748182797,T,289.8,200,290.39,200,IBM
2025-10-06,9:49:15.749962071,T,289.8,200,290.66,100,IBM
2025-10-06,9:49:15.749972077,T,289.8,200,290.57,200,IBM
2025-10-06,9:49:15.752232456,T,289.8,100,290.57,200,IBM
2025-10-06,9:49:15.775688310,T,289.73,100,290.57,200,IBM
2025-10-06,9:49:16.067382681,T,289.8,100,290.57,200,IBM
2025-10-06,9:49:16.067417819,T,289.72,100,290.57,200,IBM
2025-10-06,9:49:16.067417819,T,289.8,100,290.57,200,IBM
2025-10-06,9:49:17.119728025,T,289.72,100,290.57,200,IBM
2025-10-06,9:49:17.487749218,T,289.8,100,290.57,200,IBM
2025-10-06,9:49:19.128645689,T,289.73,100,290.57,200,IBM
2025-10-06,9:49:19.376570571,T,289.8,100,290.57,200,IBM
2025-10-06,9:49:23.023317026,T,289.8,100,290.57,300,IBM
2025-10-06,9:49:23.023988553,T,289.8,200,290.57,300,IBM
2025-10-06,9:49:23.024524863,T,289.8,200,290.57,200,IBM
2025-10-06,9:49:23.039099639,T,289.8,100,290.57,200,IBM
2025-10-06,9:49:23.077911971,T,289.83,100,290.57,200,IBM
2025-10-06,9:49:23.078122481,T,289.83,200,290.57,200,IBM
2025-10-06,9:49:23.100345491,T,289.83,100,290.57,200,IBM
2025-10-06,9:49:23.100350420,T,289.83,200,290.57,200,IBM
2025-10-06,9:49:23.100385518,T,289.87,100,290.57,200,IBM
2025-10-06,9:49:23.100395511,T,289.83,200,290.57,200,IBM
2025-10-06,9:49:23.100591004,T,289.83,100,290.57,200,IBM
2025-10-06,9:49:23.100831573,T,289.83,200,290.57,200,IBM
2025-10-06,9:49:23.104425041,T,289.83,100,290.57,200,IBM
2025-10-06,9:49:23.123325073,T,289.8,100,290.57,200,IBM
2025-10-06,9:49:31.008110638,T,289.83,100,290.57,200,IBM
2025-10-06,9:49:31.147026385,T,289.83,100,290.38,100,IBM
2025-10-06,9:49:31.147056391,T,289.8,100,290.38,100,IBM
2025-10-06,9:49:32.231267541,T,289.8,100,290.57,200,IBM
2025-10-06,9:49:35.168820795,T,289.8,100,290.35,100,IBM
2025-10-06,9:49:39.552025715,T,289.8,100,290.33,100,IBM
2025-10-06,9:49:40.901077092,T,289.8,100,290.57,200,IBM
2025-10-06,9:49:41.218863636,T,289.8,100,290.37,100,IBM
2025-10-06,9:49:47.292437611,T,289.8,100,290.57,200,IBM
2025-10-06,9:49:50.225580342,T,289.83,100,290.57,200,IBM
2025-10-06,9:49:50.227103913,T,289.85,100,290.57,200,IBM
2025-10-06,9:49:50.233559303,T,289.83,100,290.57,200,IBM
2025-10-06,9:49:50.325307679,T,289.8,100,290.57,200,IBM
2025-10-06,9:49:50.364801744,T,289.83,100,290.57,200,IBM
2025-10-06,9:49:51.672409615,T,289.8,100,290.57,200,IBM
2025-10-06,9:49:52.081648947,T,289.83,100,290.57,200,IBM
2025-10-06,9:49:52.196507355,T,289.8,100,290.57,200,IBM
2025-10-06,9:50:05.120439148,T,289.77,200,290.57,200,IBM
2025-10-06,9:50:05.120489438,T,289.77,200,290.4,100,IBM
2025-10-06,9:50:05.120504314,T,289.77,200,290.21,100,IBM
2025-10-06,9:50:05.121401394,T,289.77,200,290.37,100,IBM
2025-10-06,9:50:05.121637008,T,289.77,200,290.4,100,IBM
2025-10-06,9:50:05.128748912,T,289.77,200,290.57,200,IBM
2025-10-06,9:50:05.198214240,T,289.77,200,290.66,100,IBM
2025-10-06,9:50:05.198224275,T,289.77,200,290.44,200,IBM
2025-10-06,9:50:06.120875918,T,289.8,100,290.44,200,IBM
2025-10-06,9:50:17.011532654,T,289.83,100,290.44,200,IBM
2025-10-06,9:50:17.011547787,T,289.8,100,290.44,200,IBM
2025-10-06,9:50:17.011552698,T,289.83,100,290.44,200,IBM
2025-10-06,9:50:17.019075609,T,289.8,100,290.44,200,IBM
2025-10-06,9:50:24.051958273,T,289.78,100,290.44,200,IBM
2025-10-06,9:50:26.589909993,T,289.77,200,290.44,200,IBM
2025-10-06,9:50:26.589950076,T,289.78,100,290.44,200,IBM
2025-10-06,9:50:30.404476130,T,289.78,100,290.66,100,IBM
2025-10-06,9:50:30.404486113,T,289.78,100,290.59,200,IBM
2025-10-06,9:50:30.900181060,T,289.8,100,290.59,200,IBM
2025-10-06,9:50:31.211201491,T,289.8,100,290.34,100,IBM
2025-10-06,9:50:34.831109711,T,289.8,100,290.59,200,IBM
2025-10-06,9:50:34.831134360,T,290.34,100,290.59,200,IBM
2025-10-06,9:50:34.831164455,T,289.83,100,290.59,200,IBM
2025-10-06,9:50:34.831164455,T,289.87,100,290.59,200,IBM
2025-10-06,9:50:34.831169781,T,289.84,100,290.59,200,IBM
2025-10-06,9:50:34.831189504,T,289.87,100,290.59,200,IBM
2025-10-06,9:50:34.831194520,T,289.83,100,290.59,200,IBM
2025-10-06,9:50:34.831214749,T,289.84,100,290.59,200,IBM
2025-10-06,9:50:34.831399997,T,289.87,100,290.59,200,IBM
2025-10-06,9:50:34.831610682,T,289.87,200,290.59,200,IBM
2025-10-06,9:50:34.831901221,T,289.87,100,290.59,200,IBM
2025-10-06,9:50:34.831901221,T,289.87,200,290.59,200,IBM
2025-10-06,9:50:34.831926326,T,289.87,100,290.59,200,IBM
2025-10-06,9:50:34.831941299,T,289.87,200,290.59,200,IBM
2025-10-06,9:50:34.831951552,T,289.87,100,290.59,200,IBM
2025-10-06,9:50:34.831951552,T,289.87,100,290.59,300,IBM
2025-10-06,9:50:34.831956622,T,289.87,100,290.49,100,IBM
2025-10-06,9:50:34.831961413,T,289.87,100,290.59,200,IBM
2025-10-06,9:50:34.832257092,T,289.87,100,290.55,100,IBM
2025-10-06,9:50:34.841614417,T,289.83,100,290.55,100,IBM
2025-10-06,9:50:34.846556188,T,289.83,100,290.59,200,IBM
2025-10-06,9:50:34.846581175,T,289.87,100,290.59,200,IBM
2025-10-06,9:50:34.846596296,T,290.01,100,290.59,200,IBM
2025-10-06,9:50:34.846856794,T,290.09,100,290.59,200,IBM
2025-10-06,9:50:34.847002210,T,289.87,100,290.59,200,IBM
2025-10-06,9:50:34.847012270,T,289.84,100,290.59,200,IBM
2025-10-06,9:50:34.847042248,T,289.83,100,290.59,200,IBM
2025-10-06,9:50:34.847578512,T,289.8,100,290.59,200,IBM
2025-10-06,9:50:34.847954471,T,289.83,100,290.59,200,IBM
2025-10-06,9:50:34.847969478,T,289.84,100,290.59,200,IBM
2025-10-06,9:50:34.848049762,T,289.83,100,290.59,200,IBM
2025-10-06,9:50:34.855462318,T,289.8,100,290.59,200,IBM
2025-10-06,9:50:34.937246982,T,289.98,100,290.59,200,IBM
2025-10-06,9:50:58.541675240,T,289.98,100,290.66,100,IBM
2025-10-06,9:51:10.124785212,T,289.99,100,290.66,100,IBM
2025-10-06,9:51:10.124960627,T,290.01,100,290.66,100,IBM
2025-10-06,9:51:10.125171119,T,290.08,100,290.66,100,IBM
2025-10-06,9:51:10.125496862,T,290.01,100,290.66,100,IBM
2025-10-06,9:51:10.129260890,T,290.08,100,290.66,100,IBM
2025-10-06,9:51:10.129265920,T,289.99,100,290.66,100,IBM
2025-10-06,9:51:10.129270829,T,290.08,100,290.66,100,IBM
2025-10-06,9:51:10.129431283,T,290.15,100,290.66,100,IBM
2025-10-06,9:51:10.133165102,T,289.99,100,290.66,100,IBM
2025-10-06,9:51:10.169516728,T,290.04,200,290.66,100,IBM
2025-10-06,9:51:10.907969700,T,290.15,100,290.66,100,IBM
2025-10-06,9:51:10.908741532,T,290.15,100,290.88,100,IBM
2025-10-06,9:51:10.908871924,T,290.15,200,290.88,100,IBM
2025-10-06,9:51:10.908987105,T,290.15,100,290.88,100,IBM
2025-10-06,9:51:10.911493130,T,290.15,100,290.9,100,IBM
2025-10-06,9:51:10.911543249,T,290.15,200,290.9,100,IBM
2025-10-06,9:51:10.912330093,T,290.15,100,290.9,100,IBM
2025-10-06,9:51:10.912330093,T,290.15,200,290.9,100,IBM
2025-10-06,9:51:10.916244409,T,290.15,100,290.9,100,IBM
2025-10-06,9:51:10.928563748,T,290.04,200,290.9,100,IBM
2025-10-06,9:51:11.089597164,T,290.17,100,290.9,100,IBM
2025-10-06,9:51:12.273710951,T,290.17,200,290.9,100,IBM
2025-10-06,9:51:13.833910254,T,290.17,100,290.9,100,IBM
2025-10-06,9:51:14.366257649,T,290.17,100,290.88,100,IBM
2025-10-06,9:51:15.432155127,T,290.17,200,290.88,100,IBM
2025-10-06,9:51:15.432215171,T,290.17,200,290.9,100,IBM
2025-10-06,9:51:21.511001488,T,290.17,100,290.9,100,IBM
2025-10-06,9:51:23.604535420,T,290.17,100,290.71,100,IBM
2025-10-06,9:51:24.777568157,T,290.17,100,290.9,100,IBM
2025-10-06,9:51:28.699224080,T,290.17,100,290.75,200,IBM
2025-10-06,9:51:37.000556576,T,290.19,100,290.75,200,IBM
2025-10-06,9:51:37.000606709,T,290.26,100,290.75,200,IBM
2025-10-06,9:51:37.000631826,T,290.27,100,290.75,200,IBM
2025-10-06,9:51:37.002155446,T,290.29,100,290.75,200,IBM
2025-10-06,9:51:37.004791712,T,290.27,100,290.75,200,IBM
2025-10-06,9:51:37.011632969,T,290.18,200,290.75,200,IBM
2025-10-06,9:51:37.011637961,T,290.27,100,290.75,200,IBM
2025-10-06,9:51:37.014304294,T,290.27,200,290.75,200,IBM
2025-10-06,9:51:37.015026104,T,290.27,100,290.75,200,IBM
2025-10-06,9:51:37.129303077,T,290.27,200,290.75,200,IBM
2025-10-06,9:51:38.271732838,T,290.27,300,290.75,200,IBM
2025-10-06,9:51:38.605226885,T,290.27,200,290.75,200,IBM
2025-10-06,9:51:38.938886338,T,290.27,200,290.9,100,IBM
2025-10-06,9:51:38.938921353,T,290.27,300,290.9,100,IBM
2025-10-06,9:51:38.938926365,T,290.41,100,290.9,100,IBM
2025-10-06,9:51:38.939382818,T,290.43,100,290.9,100,IBM
2025-10-06,9:51:38.939407484,T,290.41,100,290.9,100,IBM
2025-10-06,9:51:38.939412521,T,290.43,100,290.9,100,IBM
2025-10-06,9:51:38.939462619,T,290.41,200,290.9,100,IBM
2025-10-06,9:51:38.939462619,T,290.43,100,290.9,100,IBM
2025-10-06,9:51:38.939568249,T,290.41,200,290.9,100,IBM
2025-10-06,9:51:38.939617959,T,290.41,100,290.9,100,IBM
2025-10-06,9:51:38.939878602,T,290.43,100,290.9,100,IBM
2025-10-06,9:51:38.950143047,T,290.29,100,290.9,100,IBM
2025-10-06,9:51:39.042969030,T,290.27,100,290.9,100,IBM
2025-10-06,9:51:39.043204642,T,290.29,100,290.9,100,IBM
2025-10-06,9:51:39.258281637,T,290.43,100,290.9,100,IBM
2025-10-06,9:51:40.094467282,T,290.43,200,290.9,100,IBM
2025-10-06,9:51:40.094477195,T,290.53,100,290.9,100,IBM
2025-10-06,9:51:40.095008720,T,290.43,200,290.9,100,IBM
2025-10-06,9:51:40.095008720,T,290.53,100,290.9,100,IBM
2025-10-06,9:51:40.095013529,T,290.53,200,290.9,100,IBM
2025-10-06,9:51:40.096166223,T,290.53,100,290.9,100,IBM
2025-10-06,9:51:40.097464307,T,290.53,200,290.9,100,IBM
2025-10-06,9:51:40.105042338,T,290.53,100,290.9,100,IBM
2025-10-06,9:51:40.114930935,T,290.53,200,290.9,100,IBM
2025-10-06,9:51:40.194871241,T,290.53,100,290.9,100,IBM
2025-10-06,9:51:40.241602422,T,290.43,200,290.9,100,IBM
2025-10-06,9:51:40.251701524,T,290.44,100,290.9,100,IBM
2025-10-06,9:51:40.252132540,T,290.44,200,290.9,100,IBM
2025-10-06,9:51:43.140112680,T,290.45,100,290.9,100,IBM
2025-10-06,9:51:43.481585562,T,290.44,100,290.9,100,IBM
2025-10-06,9:51:43.481590577,T,290.45,100,290.9,100,IBM
2025-10-06,9:51:43.481826177,T,290.45,200,290.9,100,IBM
2025-10-06,9:51:43.696938257,T,290.45,100,290.9,100,IBM
2025-10-06,9:51:43.986262027,T,290.45,200,290.9,100,IBM
2025-10-06,9:51:43.986472546,T,290.45,300,290.9,100,IBM
2025-10-06,9:51:44.389958398,T,290.45,200,290.9,100,IBM
2025-10-06,9:51:44.389963037,T,290.45,100,290.9,100,IBM
2025-10-06,9:51:45.621384796,T,290.44,100,290.9,100,IBM
2025-10-06,9:51:45.621665463,T,290.45,100,290.9,100,IBM
2025-10-06,9:51:48.306707355,T,290.44,100,290.9,100,IBM
2025-10-06,9:51:48.411827501,T,290.44,100,290.88,100,IBM
2025-10-06,9:51:51.623388144,T,290.44,100,290.87,100,IBM
2025-10-06,9:51:55.026188825,T,290.44,100,290.86,100,IBM
2025-10-06,9:52:00.494025764,T,290.44,100,290.9,100,IBM
2025-10-06,9:52:06.368290191,T,290.45,100,290.9,100,IBM
2025-10-06,9:52:06.780145792,T,290.44,100,290.9,100,IBM
2025-10-06,9:52:06.994771734,T,290.45,100,290.9,100,IBM
2025-10-06,9:52:07.573599571,T,290.44,100,290.9,100,IBM
2025-10-06,9:52:14.662460435,T,290.44,100,290.88,100,IBM
2025-10-06,9:52:14.662851382,T,290.44,100,290.79,100,IBM
2025-10-06,9:52:14.663021857,T,290.43,100,290.79,100,IBM
2025-10-06,9:52:14.663066952,T,290.43,100,290.73,100,IBM
2025-10-06,9:52:14.663076957,T,290.43,100,290.88,100,IBM
2025-10-06,9:52:14.663076957,T,290.43,100,290.73,100,IBM
2025-10-06,9:52:14.663282446,T,290.43,100,290.79,100,IBM
2025-10-06,9:52:14.663558145,T,290.45,100,290.79,100,IBM
2025-10-06,9:52:14.663593189,T,290.45,100,290.88,100,IBM
2025-10-06,9:52:14.664876233,T,290.43,100,290.88,100,IBM
2025-10-06,9:52:14.664896327,T,290.17,100,290.88,100,IBM
2025-10-06,9:52:14.664901601,T,290.17,100,290.81,100,IBM
2025-10-06,9:52:14.664906265,T,290.17,100,290.45,100,IBM
2025-10-06,9:52:14.664996452,T,290.17,100,290.7,100,IBM
2025-10-06,9:52:14.665016518,T,290.17,100,290.88,100,IBM
2025-10-06,9:52:14.665021614,T,290.3,100,290.88,100,IBM
2025-10-06,9:52:14.665397453,T,290.3,100,290.7,100,IBM
2025-10-06,9:52:14.665943913,T,290.3,100,290.79,100,IBM
2025-10-06,9:52:14.666314604,T,290.16,200,290.79,100,IBM
2025-10-06,9:52:14.666339904,T,290.16,200,290.88,100,IBM
2025-10-06,9:52:14.666941168,T,290.16,200,290.79,100,IBM
2025-10-06,9:52:14.666976248,T,290.16,200,290.57,100,IBM
2025-10-06,9:52:14.666976248,T,290.17,100,290.57,100,IBM
2025-10-06,9:52:14.672664823,T,290.17,100,290.88,100,IBM
2025-10-06,9:52:14.672880285,T,290.17,200,290.88,100,IBM
2025-10-06,9:52:14.676990028,T,290.17,100,290.88,100,IBM
2025-10-06,9:52:14.688597674,T,290.17,100,290.79,100,IBM
2025-10-06,9:52:14.690482130,T,290.17,100,290.74,100,IBM
2025-10-06,9:52:14.691890550,T,290.17,100,290.81,100,IBM
2025-10-06,9:52:14.702315382,T,290.17,100,290.74,100,IBM
2025-10-06,9:52:14.753968292,T,290.17,100,290.81,100,IBM
2025-10-06,9:52:14.762653992,T,290.17,100,290.88,100,IBM
2025-10-06,9:52:14.765626119,T,290.17,100,290.9,200,IBM
2025-10-06,9:52:14.765661100,T,290.17,100,290.88,100,IBM
2025-10-06,9:52:15.031493997,T,290.16,200,290.88,100,IBM
2025-10-06,9:52:15.081723515,T,290.16,200,290.9,200,IBM
2025-10-06,9:52:15.853350404,T,290.16,200,290.9,100,IBM
2025-10-06,9:52:26.689532413,T,290.16,200,290.88,100,IBM
2025-10-06,9:52:27.889854818,T,290.16,200,290.9,100,IBM
2025-10-06,9:52:27.892882042,T,290.17,100,290.9,100,IBM
2025-10-06,9:52:28.939258032,T,290.16,200,290.9,100,IBM
2025-10-06,9:52:31.969036014,T,290.17,100,290.9,100,IBM
2025-10-06,9:52:32.307737273,T,290.16,200,290.9,100,IBM
2025-10-06,9:52:35.691232056,T,290.16,200,290.88,100,IBM
2025-10-06,9:52:35.692464834,T,290.16,200,290.9,100,IBM
2025-10-06,9:52:43.084262078,T,290.17,100,290.9,100,IBM
2025-10-06,9:52:46.302418255,T,290.16,200,290.9,100,IBM
2025-10-06,9:52:46.302443355,T,290.16,200,290.88,100,IBM
2025-10-06,9:52:46.310733102,T,290.16,200,290.9,100,IBM
2025-10-06,9:52:46.684287336,T,290.16,200,290.88,100,IBM
2025-10-06,9:52:47.426614540,T,290.16,200,290.9,200,IBM
2025-10-06,9:52:47.426614540,T,290.16,200,290.88,100,IBM
2025-10-06,9:52:48.295643327,T,290.16,200,290.9,200,IBM
2025-10-06,9:52:50.645622820,T,290.16,200,290.9,100,IBM
2025-10-06,9:53:00.159271235,T,290.16,200,290.88,100,IBM
2025-10-06,9:53:01.656926677,T,290.16,200,290.58,100,IBM
2025-10-06,9:53:01.665216412,T,290.16,200,290.88,100,IBM
2025-10-06,9:53:03.477871629,T,290.08,100,290.88,100,IBM
2025-10-06,9:53:07.079776549,T,290.02,200,290.88,100,IBM
2025-10-06,9:53:07.079811572,T,290.08,100,290.88,100,IBM
2025-10-06,9:53:28.975807702,T,290.08,100,290.5,100,IBM
2025-10-06,9:53:31.241461391,T,290.02,200,290.5,100,IBM
2025-10-06,9:53:31.242007736,T,289.98,100,290.5,100,IBM
2025-10-06,9:53:35.197324131,T,289.94,100,290.5,100,IBM
2025-10-06,9:53:35.197354081,T,289.93,100,290.5,100,IBM
2025-10-06,9:53:35.197609739,T,289.93,100,290.39,100,IBM
2025-10-06,9:53:35.197724977,T,289.93,100,290.5,100,IBM
2025-10-06,9:53:35.198592092,T,289.94,100,290.5,100,IBM
2025-10-06,9:53:35.199178466,T,289.93,100,290.5,100,IBM
2025-10-06,9:54:05.602096436,T,289.94,100,290.5,100,IBM
2025-10-06,9:54:05.602176608,T,289.95,100,290.5,100,IBM
2025-10-06,9:54:05.602206680,T,289.98,100,290.5,100,IBM
2025-10-06,9:54:05.602803108,T,289.94,100,290.5,100,IBM
2025-10-06,9:54:05.603790408,T,289.98,100,290.5,100,IBM
2025-10-06,9:54:05.604542160,T,289.94,100,290.5,100,IBM
2025-10-06,9:54:05.604852991,T,289.93,100,290.5,100,IBM
2025-10-06,9:54:05.606526885,T,289.94,100,290.5,100,IBM
2025-10-06,9:54:05.610902384,T,289.93,100,290.5,100,IBM
2025-10-06,9:54:11.164769159,T,289.93,100,290.46,100,IBM
2025-10-06,9:54:11.164819308,T,289.93,100,290.39,100,IBM
2025-10-06,9:54:11.164834286,T,289.93,100,290.5,100,IBM
2025-10-06,9:54:11.164994933,T,289.93,100,290.46,100,IBM
2025-10-06,9:54:11.165034777,T,289.93,100,290.39,100,IBM
2025-10-06,9:54:11.165109964,T,289.93,100,290.5,100,IBM
2025-10-06,9:54:11.166142400,T,289.93,100,290.46,100,IBM
2025-10-06,9:54:11.166192499,T,289.93,100,290.39,100,IBM
2025-10-06,9:54:11.170116932,T,289.93,100,290.5,100,IBM
2025-10-06,9:54:11.170277297,T,289.93,100,290.43,200,IBM
2025-10-06,9:54:11.580754407,T,289.93,100,290.0,300,IBM
2025-10-06,9:54:11.580784527,T,289.93,100,290.43,200,IBM
2025-10-06,9:54:11.580794490,T,289.82,100,290.43,200,IBM
2025-10-06,9:54:11.580809512,T,289.8,100,290.43,200,IBM
2025-10-06,9:54:11.580809512,T,289.73,300,290.43,200,IBM
2025-10-06,9:54:11.580814586,T,289.8,100,290.43,200,IBM
2025-10-06,9:54:11.580829704,T,289.73,300,290.43,200,IBM
2025-10-06,9:54:11.580854666,T,289.73,300,290.39,100,IBM
2025-10-06,9:54:11.580864807,T,289.73,200,290.39,100,IBM
2025-10-06,9:54:11.580899696,T,289.73,200,290.31,100,IBM
2025-10-06,9:54:11.580919761,T,289.73,200,290.39,100,IBM
2025-10-06,9:54:11.580924771,T,289.73,200,290.31,100,IBM
2025-10-06,9:54:11.581125331,T,289.82,100,290.31,100,IBM
2025-10-06,9:54:11.581180368,T,289.82,200,290.31,100,IBM
2025-10-06,9:54:11.581290976,T,289.82,200,290.13,100,IBM
2025-10-06,9:54:11.581290976,T,289.82,200,290.14,100,IBM
2025-10-06,9:54:11.581295736,T,289.82,200,290.39,100,IBM
2025-10-06,9:54:11.581315692,T,289.82,100,290.39,100,IBM
2025-10-06,9:54:11.581315692,T,289.82,100,290.32,100,IBM
2025-10-06,9:54:11.581320696,T,289.59,300,290.32,100,IBM
2025-10-06,9:54:11.581320696,T,289.59,300,290.39,100,IBM
2025-10-06,9:54:11.581325911,T,289.8,100,290.39,100,IBM
2025-10-06,9:54:11.581325911,T,289.82,100,290.39,100,IBM
2025-10-06,9:54:11.581325911,T,289.93,100,290.39,100,IBM
2025-10-06,9:54:11.581340985,T,289.97,100,290.39,100,IBM
2025-10-06,9:54:11.581340985,T,289.93,100,290.39,100,IBM
2025-10-06,9:54:11.581340985,T,289.97,100,290.39,100,IBM
2025-10-06,9:54:11.581350823,T,289.93,100,290.39,100,IBM
2025-10-06,9:54:11.581375912,T,289.63,100,290.39,100,IBM
2025-10-06,9:54:11.581375912,T,289.59,300,290.39,100,IBM
2025-10-06,9:54:11.581380855,T,289.63,100,290.39,100,IBM
2025-10-06,9:54:11.581405912,T,289.59,300,290.39,100,IBM
2025-10-06,9:54:11.581441060,T,289.59,200,290.39,100,IBM
2025-10-06,9:54:11.581451008,T,289.59,200,290.43,200,IBM
2025-10-06,9:54:11.581476101,T,289.63,100,290.43,200,IBM
2025-10-06,9:54:11.581621512,T,289.66,100,290.43,200,IBM
2025-10-06,9:54:11.581756795,T,289.63,100,290.43,200,IBM
2025-10-06,9:54:11.581761813,T,289.66,100,290.43,200,IBM
2025-10-06,9:54:11.581771877,T,289.63,100,290.43,200,IBM
2025-10-06,9:54:11.581972311,T,289.63,100,290.39,100,IBM
2025-10-06,9:54:11.585931748,T,289.63,100,290.43,200,IBM
2025-10-06,9:54:11.641749610,T,289.8,100,290.43,200,IBM
2025-10-06,9:54:11.647768974,T,289.63,100,290.43,200,IBM
2025-10-06,9:54:11.681539339,T,289.59,200,290.43,200,IBM
2025-10-06,9:54:11.688666301,T,289.59,300,290.43,200,IBM
2025-10-06,9:54:11.688696359,T,289.63,100,290.43,200,IBM
2025-10-06,9:54:22.249963764,T,289.66,100,290.43,200,IBM
2025-10-06,9:54:22.250279497,T,289.8,100,290.43,200,IBM
2025-10-06,9:54:22.254334169,T,289.73,100,290.43,200,IBM
2025-10-06,9:54:22.507186093,T,289.73,300,290.43,200,IBM
2025-10-06,9:54:23.179220921,T,289.73,200,290.43,200,IBM
2025-10-06,9:54:23.179250936,T,289.73,300,290.43,200,IBM
2025-10-06,9:54:25.331735152,T,289.73,200,290.43,200,IBM
2025-10-06,9:54:40.449324923,T,289.8,100,290.43,200,IBM
2025-10-06,9:54:40.449374909,T,289.73,200,290.43,200,IBM
2025-10-06,9:54:40.449379833,T,289.8,100,290.43,200,IBM
2025-10-06,9:54:40.449725568,T,289.87,100,290.43,200,IBM
2025-10-06,9:54:40.449870931,T,289.97,100,290.43,200,IBM
2025-10-06,9:54:40.449875939,T,289.8,100,290.43,200,IBM
2025-10-06,9:54:40.449880891,T,289.96,100,290.43,200,IBM
2025-10-06,9:54:40.450101444,T,289.96,100,290.5,100,IBM
2025-10-06,9:54:40.450116434,T,289.97,100,290.5,100,IBM
2025-10-06,9:54:40.450141797,T,289.99,100,290.5,100,IBM
2025-10-06,9:54:40.450141797,T,290.01,100,290.5,100,IBM
2025-10-06,9:54:40.450156587,T,289.99,100,290.5,100,IBM
2025-10-06,9:54:40.450156587,T,290.01,100,290.5,100,IBM
2025-10-06,9:54:40.450161630,T,290.02,100,290.5,100,IBM
2025-10-06,9:54:40.450176612,T,290.03,100,290.5,100,IBM
2025-10-06,9:54:40.450181603,T,290.08,100,290.5,100,IBM
2025-10-06,9:54:40.450232055,T,290.02,100,290.5,100,IBM
2025-10-06,9:54:40.450232055,T,290.08,100,290.5,100,IBM
2025-10-06,9:54:40.450296933,T,290.1,100,290.5,100,IBM
2025-10-06,9:54:40.450848279,T,290.08,100,290.5,100,IBM
2025-10-06,9:54:40.450923384,T,290.08,100,290.63,100,IBM
2025-10-06,9:54:40.450953515,T,290.1,100,290.63,100,IBM
2025-10-06,9:54:40.450953515,T,290.1,200,290.63,100,IBM
2025-10-06,9:54:40.450973685,T,290.1,100,290.63,100,IBM
2025-10-06,9:54:40.450978525,T,290.1,200,290.63,100,IBM
2025-10-06,9:54:40.451369444,T,290.1,200,290.58,100,IBM
2025-10-06,9:54:40.453359247,T,290.11,100,290.58,100,IBM
2025-10-06,9:54:40.485771321,T,290.11,100,290.43,100,IBM
2025-10-06,9:54:40.525060083,T,290.11,100,290.88,100,IBM
2025-10-06,9:54:40.525380672,T,290.11,100,290.72,200,IBM
2025-10-06,9:54:40.525616213,T,290.03,100,290.72,200,IBM
2025-10-06,9:54:40.525721638,T,290.08,100,290.72,200,IBM
2025-10-06,9:54:40.525726539,T,290.18,100,290.72,200,IBM
2025-10-06,9:54:40.525932000,T,290.12,100,290.72,200,IBM
2025-10-06,9:54:40.525951975,T,290.08,100,290.72,200,IBM
2025-10-06,9:54:40.525967108,T,290.07,100,290.72,200,IBM
2025-10-06,9:54:40.525992108,T,290.03,100,290.72,200,IBM
2025-10-06,9:54:40.525997179,T,290.12,100,290.72,200,IBM
2025-10-06,9:54:40.526052278,T,290.01,100,290.72,200,IBM
2025-10-06,9:54:40.526052278,T,290.12,100,290.72,200,IBM
2025-10-06,9:54:40.526082365,T,290.12,100,290.58,100,IBM
2025-10-06,9:54:40.526202635,T,290.12,100,290.72,200,IBM
2025-10-06,9:54:40.526227636,T,290.17,100,290.72,200,IBM
2025-10-06,9:54:40.526252781,T,290.12,100,290.72,200,IBM
2025-10-06,9:54:40.526267810,T,290.15,100,290.72,200,IBM
2025-10-06,9:54:40.526273179,T,290.12,100,290.72,200,IBM
2025-10-06,9:54:40.526273179,T,290.03,100,290.72,200,IBM
2025-10-06,9:54:40.526388005,T,289.94,100,290.72,200,IBM
2025-10-06,9:54:40.526448254,T,289.94,100,290.58,100,IBM
2025-10-06,9:54:40.526448254,T,289.94,100,290.58,200,IBM
2025-10-06,9:54:40.526453253,T,289.94,100,290.58,300,IBM
2025-10-06,9:54:40.526478306,T,289.94,100,290.58,400,IBM
2025-10-06,9:54:40.526478306,T,289.94,100,290.58,300,IBM
2025-10-06,9:54:40.526488366,T,289.94,100,290.58,400,IBM
2025-10-06,9:54:40.526493632,T,289.94,100,290.58,300,IBM
2025-10-06,9:54:40.526498604,T,289.94,100,290.58,200,IBM
2025-10-06,9:54:40.526503697,T,289.94,100,290.5,100,IBM
2025-10-06,9:54:40.526503697,T,289.94,100,290.5,200,IBM
2025-10-06,9:54:40.526528671,T,289.94,100,290.5,100,IBM
2025-10-06,9:54:40.526543476,T,289.94,100,290.54,100,IBM
2025-10-06,9:54:40.526548378,T,289.94,100,290.72,200,IBM
2025-10-06,9:54:40.526558786,T,289.94,100,290.5,300,IBM
2025-10-06,9:54:40.526558786,T,289.94,100,290.5,200,IBM
2025-10-06,9:54:40.526573492,T,289.94,100,290.72,200,IBM
2025-10-06,9:54:40.526598610,T,289.94,100,290.5,200,IBM
2025-10-06,9:54:40.526608523,T,289.94,100,290.5,300,IBM
2025-10-06,9:54:40.526628865,T,289.94,100,290.5,100,IBM
2025-10-06,9:54:40.526668683,T,289.94,100,290.72,200,IBM
2025-10-06,9:54:40.526814172,T,289.94,100,290.63,100,IBM
2025-10-06,9:54:40.527019581,T,289.82,100,290.63,100,IBM
2025-10-06,9:54:40.527110120,T,290.34,100,290.63,100,IBM
2025-10-06,9:54:40.527204972,T,290.34,100,290.53,100,IBM
2025-10-06,9:54:40.527265191,T,290.34,100,290.72,200,IBM
2025-10-06,9:54:40.529164629,T,290.34,100,290.67,100,IBM
2025-10-06,9:54:40.530883814,T,290.34,100,290.72,200,IBM
2025-10-06,9:54:40.531600642,T,289.82,100,290.72,200,IBM
2025-10-06,9:54:40.532272111,T,290.35,100,290.72,200,IBM
2025-10-06,9:54:40.538546970,T,290.35,100,290.9,100,IBM
2025-10-06,9:54:40.608393273,T,289.87,100,290.9,100,IBM
2025-10-06,9:54:40.609851742,T,290.37,100,290.9,100,IBM
2025-10-06,9:54:40.761182044,T,290.37,100,290.88,200,IBM
2025-10-06,9:54:40.831078439,T,290.37,100,290.9,200,IBM
2025-10-06,9:54:40.831103502,T,290.37,100,290.78,200,IBM
2025-10-06,9:54:41.012911306,T,290.37,100,290.88,100,IBM
2025-10-06,9:54:41.012936353,T,290.37,100,290.71,200,IBM
2025-10-06,9:54:52.829041010,T,290.37,100,290.88,100,IBM
2025-10-06,9:54:52.829041010,T,290.37,100,290.9,100,IBM
2025-10-06,9:54:52.829091129,T,290.37,200,290.9,100,IBM
2025-10-06,9:54:52.829096131,T,290.37,100,290.9,100,IBM
2025-10-06,9:54:52.829096131,T,290.37,200,290.9,100,IBM
2025-10-06,9:54:52.829111247,T,290.38,100,290.9,100,IBM
2025-10-06,9:54:52.829261556,T,290.37,100,290.9,100,IBM
2025-10-06,9:54:52.829261556,T,290.38,100,290.9,100,IBM
2025-10-06,9:54:52.829306709,T,290.43,100,290.9,100,IBM
2025-10-06,9:54:52.829331675,T,290.38,100,290.9,100,IBM
2025-10-06,9:54:52.829366852,T,290.43,100,290.9,100,IBM
2025-10-06,9:54:52.829587306,T,290.38,100,290.9,100,IBM
2025-10-06,9:54:52.829597376,T,290.29,100,290.9,100,IBM
2025-10-06,9:54:52.829622380,T,290.08,100,290.9,100,IBM
2025-10-06,9:54:52.829632391,T,290.01,100,290.9,100,IBM
2025-10-06,9:54:52.829717586,T,290.08,100,290.9,100,IBM
2025-10-06,9:54:52.829747685,T,290.01,100,290.9,100,IBM
2025-10-06,9:54:52.829877954,T,290.15,100,290.9,100,IBM
2025-10-06,9:54:52.829898024,T,290.22,100,290.9,100,IBM
2025-10-06,9:54:52.829923228,T,290.08,100,290.9,100,IBM
2025-10-06,9:54:52.830018304,T,290.01,100,290.9,100,IBM
2025-10-06,9:54:52.830068517,T,289.94,100,290.9,100,IBM
2025-10-06,9:54:52.830088558,T,289.94,100,290.73,100,IBM
2025-10-06,9:54:52.830429316,T,289.94,100,290.67,100,IBM
2025-10-06,9:54:52.830439346,T,289.94,100,290.73,100,IBM
2025-10-06,9:54:52.830529596,T,290.15,100,290.73,100,IBM
2025-10-06,9:54:52.830534537,T,290.22,100,290.73,100,IBM
2025-10-06,9:54:52.830534537,T,290.22,100,290.9,100,IBM
2025-10-06,9:54:52.830579646,T,290.01,100,290.9,100,IBM
2025-10-06,9:54:52.830659906,T,289.93,200,290.9,100,IBM
2025-10-06,9:54:52.831000713,T,289.94,100,290.9,100,IBM
2025-10-06,9:54:52.832995429,T,290.41,100,290.9,100,IBM
2025-10-06,9:54:53.008367879,T,290.43,100,290.9,100,IBM
2025-10-06,9:54:53.356381450,T,290.45,100,290.9,100,IBM
2025-10-06,9:54:53.395474523,T,290.45,100,290.85,100,IBM
2025-10-06,9:54:53.724853700,T,290.45,100,290.9,100,IBM
2025-10-06,9:54:53.935314713,T,290.41,100,290.9,100,IBM
2025-10-06,9:54:53.936146731,T,290.45,100,290.9,100,IBM
2025-10-06,9:54:54.818396917,T,290.41,100,290.9,100,IBM
2025-10-06,9:54:54.818963277,T,290.45,100,290.9,100,IBM
2025-10-06,9:54:54.819554641,T,290.41,100,290.9,100,IBM
2025-10-06,9:54:54.820191178,T,290.41,100,290.9,200,IBM
2025-10-06,9:54:54.820637263,T,290.41,100,290.9,100,IBM
2025-10-06,9:54:54.820702437,T,290.41,100,290.9,200,IBM
2025-10-06,9:54:55.730027250,T,290.41,100,290.82,100,IBM
2025-10-06,9:54:57.331825483,T,290.41,100,290.75,100,IBM
2025-10-06,9:54:57.850615509,T,290.41,100,290.75,200,IBM
2025-10-06,9:54:57.850735872,T,290.41,100,290.74,100,IBM
2025-10-06,9:54:57.851126766,T,289.93,200,290.74,100,IBM
2025-10-06,9:54:57.851151767,T,289.93,200,290.44,100,IBM
2025-10-06,9:54:57.851632947,T,289.93,200,290.75,100,IBM
2025-10-06,9:54:57.867340408,T,290.28,100,290.75,100,IBM
2025-10-06,9:54:57.867505795,T,289.93,200,290.75,100,IBM
2025-10-06,9:54:57.869189780,T,290.18,100,290.75,100,IBM
2025-10-06,9:54:59.328704439,T,290.18,100,290.65,100,IBM
2025-10-06,9:55:00.239607989,T,289.93,200,290.65,100,IBM
2025-10-06,9:55:00.240364738,T,290.21,100,290.65,100,IBM
2025-10-06,9:55:00.240805970,T,289.93,200,290.65,100,IBM
2025-10-06,9:55:00.241452428,T,290.08,100,290.65,100,IBM
2025-10-06,9:55:01.672494122,T,289.93,200,290.65,100,IBM
2025-10-06,9:55:01.673276024,T,290.1,100,290.65,100,IBM
2025-10-06,9:55:02.087487010,T,289.93,200,290.65,100,IBM
2025-10-06,9:55:02.089105935,T,290.14,100,290.65,100,IBM
2025-10-06,9:55:14.054390611,T,290.14,100,290.6,100,IBM
2025-10-06,9:55:14.054395643,T,290.14,100,290.65,100,IBM
2025-10-06,9:55:14.055167501,T,289.93,200,290.65,100,IBM
2025-10-06,9:55:14.055924317,T,290.16,100,290.65,100,IBM
2025-10-06,9:55:14.107983226,T,290.16,100,290.6,100,IBM
2025-10-06,9:55:14.108008311,T,290.16,100,290.38,100,IBM
2025-10-06,9:55:14.108008311,T,290.16,100,290.6,100,IBM
2025-10-06,9:55:14.108634781,T,290.16,100,290.65,100,IBM
2025-10-06,9:55:26.088334080,T,289.93,200,290.65,100,IBM
2025-10-06,9:55:26.105219288,T,290.18,100,290.65,100,IBM
2025-10-06,9:55:33.613849551,T,289.93,200,290.65,100,IBM
2025-10-06,9:55:33.613909637,T,289.93,200,290.54,100,IBM
2025-10-06,9:55:33.613914623,T,289.93,200,290.37,100,IBM
2025-10-06,9:55:33.614140238,T,289.93,200,290.6,100,IBM
2025-10-06,9:55:33.614140238,T,289.93,200,290.37,100,IBM
2025-10-06,9:55:33.614160233,T,289.93,200,290.32,100,IBM
2025-10-06,9:55:33.614270572,T,289.93,200,290.37,100,IBM
2025-10-06,9:55:33.614686532,T,289.93,200,290.54,100,IBM
2025-10-06,9:55:33.614882010,T,290.07,100,290.54,100,IBM
2025-10-06,9:55:33.615052352,T,289.93,200,290.54,100,IBM
2025-10-06,9:55:33.615703951,T,290.08,100,290.54,100,IBM
2025-10-06,9:55:33.616104900,T,289.93,200,290.54,100,IBM
2025-10-06,9:55:33.616129939,T,289.93,200,290.37,100,IBM
2025-10-06,9:55:33.616776422,T,289.97,100,290.37,100,IBM
2025-10-06,9:55:33.616791541,T,289.97,100,290.48,100,IBM
2025-10-06,9:55:33.617944237,T,289.97,100,290.6,100,IBM
2025-10-06,9:55:33.620610595,T,289.97,100,290.65,100,IBM
2025-10-06,9:55:35.399470314,T,289.97,100,290.63,200,IBM
2025-10-06,9:55:37.289604935,T,289.75,100,290.63,200,IBM
2025-10-06,9:55:37.289660169,T,289.75,100,290.6,100,IBM
2025-10-06,9:55:37.289725310,T,289.75,100,290.54,100,IBM
2025-10-06,9:55:37.289745406,T,289.75,100,290.49,100,IBM
2025-10-06,9:55:37.289745406,T,289.74,100,290.49,100,IBM
2025-10-06,9:55:37.289830476,T,289.74,100,290.54,100,IBM
2025-10-06,9:55:37.290015959,T,289.74,100,290.63,200,IBM
2025-10-06,9:55:37.291193744,T,289.99,100,290.63,200,IBM
2025-10-06,9:55:48.830584654,T,289.99,200,290.63,200,IBM
2025-10-06,9:55:50.434814118,T,289.99,100,290.63,200,IBM
2025-10-06,9:55:50.434818829,T,289.71,200,290.63,200,IBM
2025-10-06,9:55:50.434839395,T,289.71,200,290.0,100,IBM
2025-10-06,9:55:50.434884042,T,289.71,200,290.2,100,IBM
2025-10-06,9:55:50.434904030,T,289.71,200,290.54,100,IBM
2025-10-06,9:55:50.434994631,T,289.71,200,290.63,200,IBM
2025-10-06,9:55:50.434999600,T,289.71,200,290.54,100,IBM
2025-10-06,9:55:50.435004267,T,289.71,200,290.48,100,IBM
2025-10-06,9:55:50.435019301,T,289.71,200,290.54,100,IBM
2025-10-06,9:55:50.435054422,T,289.71,200,290.43,100,IBM
2025-10-06,9:55:50.435064561,T,289.71,200,290.42,100,IBM
2025-10-06,9:55:50.435064561,T,289.71,200,290.39,100,IBM
2025-10-06,9:55:50.435264969,T,289.71,200,290.3,100,IBM
2025-10-06,9:55:50.435395237,T,289.71,200,290.21,100,IBM
2025-10-06,9:55:50.435445315,T,289.71,200,290.36,100,IBM
2025-10-06,9:55:50.435480451,T,289.71,200,290.54,100,IBM
2025-10-06,9:55:50.435630833,T,289.71,200,290.6,100,IBM
2025-10-06,9:55:50.435630833,T,289.71,200,290.54,100,IBM
2025-10-06,9:55:50.435716000,T,289.71,200,290.42,100,IBM
2025-10-06,9:55:50.435736019,T,289.71,200,290.48,100,IBM
2025-10-06,9:55:50.435756072,T,289.71,200,290.54,100,IBM
2025-10-06,9:55:50.435886384,T,289.71,200,290.6,100,IBM
2025-10-06,9:55:50.435956593,T,289.71,200,290.3,100,IBM
2025-10-06,9:55:50.444005716,T,289.71,200,290.42,100,IBM
2025-10-06,9:55:50.477284989,T,289.71,200,290.36,100,IBM
2025-10-06,9:55:50.477315013,T,289.71,200,290.42,100,IBM
2025-10-06,9:55:50.477530517,T,289.59,100,290.42,100,IBM
2025-10-06,9:55:50.535919540,T,289.59,100,290.48,100,IBM
2025-10-06,9:55:50.585322131,T,289.56,200,290.48,100,IBM
2025-10-06,9:55:50.692016198,T,289.56,200,290.42,100,IBM
2025-10-06,9:55:50.731079106,T,289.56,200,290.48,100,IBM
2025-10-06,9:55:50.768202540,T,289.56,200,290.42,100,IBM
2025-10-06,9:55:51.436207810,T,289.56,200,290.48,100,IBM
2025-10-06,9:55:52.178419672,T,289.56,200,290.46,200,IBM
2025-10-06,9:55:56.083245617,T,289.59,100,290.46,200,IBM
2025-10-06,9:55:58.184262733,T,289.56,200,290.46,200,IBM
2025-10-06,9:56:01.128155670,T,289.56,200,290.54,100,IBM
2025-10-06,9:56:01.128165695,T,289.56,200,290.33,200,IBM
2025-10-06,9:56:01.962612143,T,289.56,300,290.33,200,IBM
2025-10-06,9:56:01.962652343,T,289.59,100,290.33,200,IBM
2025-10-06,9:56:02.769056952,T,289.56,200,290.33,200,IBM
2025-10-06,9:56:02.769092117,T,289.56,200,290.24,100,IBM
