DATE,TIME_M,EX,BID,BIDSIZ,ASK,ASKSIZ,SYM_ROOT
2025-10-23,9:30:01.080754574,T,262.0,100,266.0,300,IBM
2025-10-23,9:30:01.102411155,T,262.0,100,266.0,200,IBM
2025-10-23,9:30:01.102516347,T,264.48,100,266.0,200,IBM
2025-10-23,9:30:01.102551394,T,264.49,100,266.0,200,IBM
2025-10-23,9:30:01.102681731,T,264.96,100,266.0,200,IBM
2025-10-23,9:30:01.103027559,T,264.96,100,265.51,100,IBM
2025-10-23,9:30:01.103092726,T,264.96,100,265.51,200,IBM
2025-10-23,9:30:01.103132797,T,264.96,100,265.51,100,IBM
2025-10-23,9:30:01.103132797,T,264.96,100,266.0,200,IBM
2025-10-23,9:30:01.103187990,T,264.96,100,266.0,300,IBM
2025-10-23,9:30:01.103418544,T,264.96,100,266.0,200,IBM
2025-10-23,9:30:01.103443604,T,264.96,100,265.6,100,IBM
2025-10-23,9:30:01.103634032,T,264.96,100,266.0,200,IBM
2025-10-23,9:30:01.103634032,T,264.96,100,266.0,300,IBM
2025-10-23,9:30:01.103659044,T,264.96,100,265.51,100,IBM
2025-10-23,9:30:01.104390764,T,264.96,100,266.0,300,IBM
2025-10-23,9:30:01.104390764,T,264.96,100,266.0,200,IBM
2025-10-23,9:30:01.104420840,T,264.96,100,265.46,100,IBM
2025-10-23,9:30:01.113372252,T,264.48,100,265.46,100,IBM
2025-10-23,9:30:01.113793187,T,264.48,100,266.0,200,IBM
2025-10-23,9:30:01.115296842,T,264.48,100,266.0,300,IBM
2025-10-23,9:30:01.119486717,T,264.48,100,266.0,200,IBM
2025-10-23,9:30:01.122509213,T,262.0,100,266.0,200,IBM
2025-10-23,9:30:01.122859733,T,262.0,100,264.82,100,IBM
2025-10-23,9:30:01.122884856,T,262.0,100,266.0,200,IBM
2025-10-23,9:30:01.122914897,T,262.0,200,266.0,200,IBM
2025-10-23,9:30:01.124614006,T,262.0,200,265.3,100,IBM
2025-10-23,9:30:01.124639011,T,262.0,100,265.3,100,IBM
2025-10-23,9:30:01.130117054,T,262.0,100,266.0,300,IBM
2025-10-23,9:30:01.130132097,T,262.0,100,266.0,200,IBM
2025-10-23,9:30:01.131109383,T,262.0,200,266.0,200,IBM
2025-10-23,9:30:01.135730552,T,262.13,100,266.0,200,IBM
2025-10-23,9:30:01.139334056,T,262.0,100,266.0,200,IBM
2025-10-23,9:30:01.141945198,T,262.0,100,266.0,300,IBM
2025-10-23,9:30:01.141945198,T,262.0,100,266.0,200,IBM
2025-10-23,9:30:01.141975352,T,262.0,100,266.0,300,IBM
2025-10-23,9:30:01.151608187,T,262.0,200,266.0,300,IBM
2025-10-23,9:30:01.151693436,T,262.0,200,266.0,200,IBM
2025-10-23,9:30:01.151798631,T,262.0,100,266.0,200,IBM
2025-10-23,9:30:01.161526931,T,262.0,100,265.8,100,IBM
2025-10-23,9:30:01.164729510,T,262.0,100,266.0,200,IBM
2025-10-23,9:30:01.164734541,T,262.0,200,266.0,200,IBM
2025-10-23,9:30:01.164759560,T,264.9,100,266.0,200,IBM
2025-10-23,9:30:01.164804702,T,264.9,100,266.0,300,IBM
2025-10-23,9:30:01.164804702,T,262.0,200,266.0,300,IBM
2025-10-23,9:30:01.164814696,T,262.0,200,266.0,200,IBM
2025-10-23,9:30:01.164829657,T,262.0,200,266.0,300,IBM
2025-10-23,9:30:01.164839768,T,262.0,200,265.8,100,IBM
2025-10-23,9:30:01.164879810,T,262.0,200,266.0,300,IBM
2025-10-23,9:30:01.164909890,T,262.0,200,265.3,100,IBM
2025-10-23,9:30:01.165005141,T,262.0,200,265.3,200,IBM
2025-10-23,9:30:01.165015151,T,262.0,200,265.3,100,IBM
2025-10-23,9:30:01.165040199,T,262.0,200,266.0,200,IBM
2025-10-23,9:30:01.165050205,T,262.0,200,266.0,300,IBM
2025-10-23,9:30:01.165060220,T,262.0,200,266.0,200,IBM
2025-10-23,9:30:01.165095400,T,262.0,100,266.0,200,IBM
2025-10-23,9:30:01.165135478,T,262.0,100,266.0,300,IBM
2025-10-23,9:30:01.165476202,T,262.0,100,266.0,200,IBM
2025-10-23,9:30:01.166152886,T,262.0,100,266.0,300,IBM
2025-10-23,9:30:01.166243035,T,262.0,100,266.0,200,IBM
2025-10-23,9:30:01.166819403,T,262.0,200,266.0,200,IBM
2025-10-23,9:30:01.168373100,T,262.0,100,266.0,200,IBM
2025-10-23,9:30:01.206774630,T,262.0,100,266.0,300,IBM
2025-10-23,9:30:01.230676462,T,262.0,100,265.88,100,IBM
2025-10-23,9:30:01.234921599,T,262.0,100,266.0,300,IBM
2025-10-23,9:30:01.235558082,T,262.0,100,266.0,200,IBM
2025-10-23,9:30:01.235583215,T,262.0,200,266.0,200,IBM
2025-10-23,9:30:01.235668355,T,262.0,200,266.0,300,IBM
2025-10-23,9:30:01.235893913,T,262.0,100,266.0,300,IBM
2025-10-23,9:30:01.236059244,T,262.0,200,266.0,300,IBM
2025-10-23,9:30:01.236139855,T,262.0,100,266.0,300,IBM
2025-10-23,9:30:01.236264730,T,262.0,200,266.0,300,IBM
2025-10-23,9:30:01.237116785,T,262.0,100,266.0,300,IBM
2025-10-23,9:30:01.304938335,T,265.0,300,266.0,300,IBM
2025-10-23,9:30:01.350637107,T,265.0,300,266.0,200,IBM
2025-10-23,9:30:01.353589159,T,265.0,300,266.0,300,IBM
2025-10-23,9:30:01.353624141,T,265.0,300,266.0,200,IBM
2025-10-23,9:30:01.360605750,T,265.0,300,266.0,300,IBM
2025-10-23,9:30:01.526290254,T,265.0,300,265.88,100,IBM
2025-10-23,9:30:01.536344227,T,265.0,300,266.0,300,IBM
2025-10-23,9:30:01.544894503,T,265.0,300,266.0,200,IBM
2025-10-23,9:30:01.545185303,T,265.0,400,266.0,200,IBM
2025-10-23,9:30:01.545265478,T,265.0,300,266.0,200,IBM
2025-10-23,9:30:01.545265478,T,265.0,400,266.0,200,IBM
2025-10-23,9:30:01.545611230,T,265.0,300,266.0,200,IBM
2025-10-23,9:30:01.546052295,T,265.0,300,266.0,300,IBM
2025-10-23,9:30:01.546558563,T,265.0,300,266.0,200,IBM
2025-10-23,9:30:01.548237501,T,265.0,400,266.0,200,IBM
2025-10-23,9:30:01.548267623,T,265.0,300,266.0,200,IBM
2025-10-23,9:30:01.548277638,T,265.0,300,266.64,100,IBM
2025-10-23,9:30:01.551019141,T,265.0,400,266.64,100,IBM
2025-10-23,9:30:01.552577815,T,265.43,100,266.64,100,IBM
2025-10-23,9:30:01.556537231,T,265.0,400,266.64,100,IBM
2025-10-23,9:30:01.556542304,T,265.72,100,266.64,100,IBM
2025-10-23,9:30:01.556832976,T,265.71,100,266.64,100,IBM
2025-10-23,9:30:01.557514639,T,265.0,300,266.64,100,IBM
2025-10-23,9:30:01.558386650,T,265.0,400,266.64,100,IBM
2025-10-23,9:30:01.558431770,T,265.0,300,266.64,100,IBM
2025-10-23,9:30:01.672342985,T,266.2,100,266.64,100,IBM
2025-10-23,9:30:01.672368034,T,265.0,300,266.64,100,IBM
2025-10-23,9:30:01.722727876,T,265.1,100,266.64,100,IBM
2025-10-23,9:30:02.137705942,T,265.0,300,266.64,100,IBM
2025-10-23,9:30:02.137730969,T,265.0,300,265.35,100,IBM
2025-10-23,9:30:02.137750982,T,265.0,300,265.84,100,IBM
2025-10-23,9:30:02.137761074,T,265.0,300,266.32,100,IBM
2025-10-23,9:30:02.137781120,T,265.0,300,266.64,100,IBM
2025-10-23,9:30:02.137856269,T,265.0,300,266.64,200,IBM
2025-10-23,9:30:02.137981586,T,265.0,300,266.49,100,IBM
2025-10-23,9:30:02.138071820,T,265.0,400,266.49,100,IBM
2025-10-23,9:30:02.138557948,T,265.0,400,266.64,100,IBM
2025-10-23,9:30:02.138588064,T,265.35,100,266.64,100,IBM
2025-10-23,9:30:02.202440104,T,265.0,400,266.64,100,IBM
2025-10-23,9:30:02.202460132,T,265.36,100,266.64,100,IBM
2025-10-23,9:30:02.209261266,T,265.0,400,266.64,100,IBM
2025-10-23,9:30:02.209286390,T,265.37,100,266.64,100,IBM
2025-10-23,9:30:02.262558243,T,265.0,400,266.64,100,IBM
2025-10-23,9:30:02.262583211,T,265.58,100,266.64,100,IBM
2025-10-23,9:30:02.295406430,T,265.0,400,266.64,100,IBM
2025-10-23,9:30:02.295431499,T,266.0,100,266.64,100,IBM
2025-10-23,9:30:02.321197856,T,265.0,300,266.64,100,IBM
2025-10-23,9:30:02.461602094,T,265.0,400,266.64,100,IBM
2025-10-23,9:30:02.489874440,T,265.0,300,266.64,100,IBM
2025-10-23,9:30:02.611273466,T,265.0,400,266.64,100,IBM
2025-10-23,9:30:02.646803070,T,265.0,300,266.64,100,IBM
2025-10-23,9:30:02.826420548,T,265.0,300,266.49,100,IBM
2025-10-23,9:30:03.041542660,T,265.74,100,266.49,100,IBM
2025-10-23,9:30:03.041547687,T,266.38,100,266.49,100,IBM
2025-10-23,9:30:03.041568032,T,265.74,100,266.49,100,IBM
2025-10-23,9:30:03.041572766,T,265.87,100,266.49,100,IBM
2025-10-23,9:30:03.041588009,T,265.74,100,266.49,100,IBM
2025-10-23,9:30:03.061535301,T,265.0,300,266.49,100,IBM
2025-10-23,9:30:03.403338982,T,265.33,100,266.49,100,IBM
2025-10-23,9:30:03.406265905,T,265.33,100,266.54,100,IBM
2025-10-23,9:30:03.406276393,T,265.33,100,266.49,100,IBM
2025-10-23,9:30:03.406291039,T,265.33,100,266.54,100,IBM
2025-10-23,9:30:03.406295996,T,265.33,100,266.49,100,IBM
2025-10-23,9:30:03.406351121,T,265.33,100,266.54,100,IBM
2025-10-23,9:30:03.406391268,T,266.48,100,266.54,100,IBM
2025-10-23,9:30:03.406421300,T,265.1,100,266.54,100,IBM
2025-10-23,9:30:03.406636841,T,265.1,100,266.64,100,IBM
2025-10-23,9:30:03.406642107,T,265.4,100,266.64,100,IBM
2025-10-23,9:30:03.406646867,T,265.4,100,266.54,100,IBM
2025-10-23,9:30:03.406646867,T,265.81,100,266.54,100,IBM
2025-10-23,9:30:03.406676979,T,265.9,100,266.54,100,IBM
2025-10-23,9:30:03.406676979,T,265.81,100,266.54,100,IBM
2025-10-23,9:30:03.406762126,T,265.81,100,266.64,100,IBM
2025-10-23,9:30:03.406767165,T,265.81,100,266.54,100,IBM
2025-10-23,9:30:03.406777141,T,265.1,100,266.54,100,IBM
2025-10-23,9:30:03.406822297,T,265.47,100,266.54,100,IBM
2025-10-23,9:30:03.407072833,T,265.47,100,266.64,100,IBM
2025-10-23,9:30:03.408716770,T,266.51,100,266.64,100,IBM
2025-10-23,9:30:03.410937026,T,265.47,100,266.64,100,IBM
2025-10-23,9:30:03.413317708,T,265.4,100,266.64,100,IBM
2025-10-23,9:30:03.415618181,T,265.33,100,266.64,100,IBM
2025-10-23,9:30:03.453503368,T,265.47,100,266.64,100,IBM
2025-10-23,9:30:03.516678749,T,265.31,100,266.64,100,IBM
2025-10-23,9:30:03.517290273,T,265.1,100,266.64,100,IBM
2025-10-23,9:30:03.530677070,T,265.47,100,266.64,100,IBM
2025-10-23,9:30:03.539127260,T,265.1,100,266.64,100,IBM
2025-10-23,9:30:03.557686398,T,265.47,100,266.64,100,IBM
2025-10-23,9:30:03.557791608,T,265.1,100,266.64,100,IBM
2025-10-23,9:30:03.557791608,T,265.47,100,266.64,100,IBM
2025-10-23,9:30:03.558352972,T,265.33,100,266.64,100,IBM
2025-10-23,9:30:03.558859183,T,265.47,100,266.64,100,IBM
2025-10-23,9:30:03.569559671,T,265.52,100,266.64,100,IBM
2025-10-23,9:30:03.828255474,T,265.52,100,266.31,100,IBM
2025-10-23,9:30:03.868506312,T,265.47,100,266.31,100,IBM
2025-10-23,9:30:03.962680507,T,265.1,100,266.31,100,IBM
2025-10-23,9:30:03.963472388,T,265.57,100,266.31,100,IBM
2025-10-23,9:30:04.022297469,T,265.81,100,266.31,100,IBM
2025-10-23,9:30:04.024592871,T,265.81,200,266.31,100,IBM
2025-10-23,9:30:04.060764020,T,265.81,300,266.31,100,IBM
2025-10-23,9:30:04.060789074,T,265.81,300,266.64,100,IBM
2025-10-23,9:30:04.062227764,T,265.81,200,266.64,100,IBM
2025-10-23,9:30:04.062232502,T,265.82,100,266.64,100,IBM
2025-10-23,9:30:04.062247517,T,265.82,200,266.64,100,IBM
2025-10-23,9:30:04.153680420,T,265.96,200,266.64,100,IBM
2025-10-23,9:30:04.153685213,T,265.96,300,266.64,100,IBM
2025-10-23,9:30:04.153705360,T,265.96,400,266.64,100,IBM
2025-10-23,9:30:04.153725300,T,265.96,500,266.64,100,IBM
2025-10-23,9:30:04.156246365,T,265.96,600,266.64,100,IBM
2025-10-23,9:30:04.453819913,T,265.96,700,266.64,100,IBM
2025-10-23,9:30:04.453845004,T,265.96,600,266.64,100,IBM
2025-10-23,9:30:04.453845004,T,265.96,400,266.64,100,IBM
2025-10-23,9:30:04.453845004,T,265.96,200,266.64,100,IBM
2025-10-23,9:30:04.453849831,T,265.97,400,266.64,100,IBM
2025-10-23,9:30:04.453849831,T,265.97,500,266.64,100,IBM
2025-10-23,9:30:04.453865180,T,265.97,600,266.64,100,IBM
2025-10-23,9:30:04.456020049,T,265.97,700,266.64,100,IBM
2025-10-23,9:30:04.474824766,T,265.97,600,266.64,100,IBM
2025-10-23,9:30:04.935636687,T,265.97,700,266.64,100,IBM
2025-10-23,9:30:04.935656766,T,265.97,300,266.64,100,IBM
2025-10-23,9:30:04.935656766,T,265.97,200,266.64,100,IBM
2025-10-23,9:30:04.935656766,T,265.98,400,266.64,100,IBM
2025-10-23,9:30:04.935661778,T,265.98,500,266.64,100,IBM
2025-10-23,9:30:04.935681846,T,265.98,600,266.64,100,IBM
2025-10-23,9:30:04.995323815,T,265.98,700,266.64,100,IBM
2025-10-23,9:30:05.083082720,T,265.98,600,266.64,100,IBM
2025-10-23,9:30:05.120697246,T,265.98,700,266.64,100,IBM
2025-10-23,9:30:05.120717583,T,265.98,600,266.64,100,IBM
2025-10-23,9:30:05.120717583,T,265.98,200,266.64,100,IBM
2025-10-23,9:30:05.120717583,T,265.99,100,266.64,100,IBM
2025-10-23,9:30:05.120722386,T,265.99,500,266.64,100,IBM
2025-10-23,9:30:05.120737360,T,265.99,600,266.64,100,IBM
2025-10-23,9:30:05.295744025,T,265.99,500,266.64,100,IBM
2025-10-23,9:30:05.295799177,T,265.99,600,266.64,100,IBM
2025-10-23,9:30:05.295814119,T,265.99,200,266.64,100,IBM
2025-10-23,9:30:05.295819173,T,266.2,100,266.64,100,IBM
2025-10-23,9:30:05.295819173,T,266.2,400,266.64,100,IBM
2025-10-23,9:30:05.295844224,T,266.2,500,266.64,100,IBM
2025-10-23,9:30:05.300766009,T,266.2,600,266.64,100,IBM
2025-10-23,9:30:05.493334437,T,266.2,600,267.0,200,IBM
2025-10-23,9:30:06.318278454,T,266.2,700,267.0,200,IBM
2025-10-23,9:30:06.318303428,T,266.2,600,267.0,200,IBM
2025-10-23,9:30:06.318303428,T,266.2,200,267.0,200,IBM
2025-10-23,9:30:06.318308439,T,266.21,400,267.0,200,IBM
2025-10-23,9:30:06.318308439,T,266.21,500,267.0,200,IBM
2025-10-23,9:30:06.318328492,T,266.21,600,267.0,200,IBM
2025-10-23,9:30:06.335509335,T,266.21,500,267.0,200,IBM
2025-10-23,9:30:06.336226099,T,266.21,600,267.0,200,IBM
2025-10-23,9:30:07.721418859,T,266.21,300,267.0,200,IBM
2025-10-23,9:30:07.721418859,T,266.21,200,267.0,200,IBM
2025-10-23,9:30:07.721418859,T,266.35,300,267.0,200,IBM
2025-10-23,9:30:07.721428866,T,266.35,400,267.0,200,IBM
2025-10-23,9:30:07.721438841,T,266.35,500,267.0,200,IBM
2025-10-23,9:30:07.721458958,T,266.35,600,267.0,200,IBM
2025-10-23,9:30:07.721499061,T,266.35,200,267.0,200,IBM
2025-10-23,9:30:07.721499061,T,266.35,100,267.0,200,IBM
2025-10-23,9:30:07.721499061,T,266.42,100,267.0,200,IBM
2025-10-23,9:30:07.721503979,T,266.42,400,267.0,200,IBM
2025-10-23,9:30:07.721524042,T,266.42,500,267.0,200,IBM
2025-10-23,9:30:07.721844859,T,266.42,600,267.0,200,IBM
2025-10-23,9:30:07.721860114,T,266.42,200,267.0,200,IBM
2025-10-23,9:30:07.721864834,T,266.51,300,267.0,200,IBM
2025-10-23,9:30:07.721864834,T,266.51,400,267.0,200,IBM
2025-10-23,9:30:07.721889997,T,266.51,500,267.0,200,IBM
2025-10-23,9:30:07.722571534,T,266.51,600,267.0,200,IBM
2025-10-23,9:30:08.383439885,T,266.51,300,267.0,200,IBM
2025-10-23,9:30:08.383444831,T,266.51,200,267.0,200,IBM
2025-10-23,9:30:08.383454835,T,266.51,100,267.0,200,IBM
2025-10-23,9:30:08.383510175,T,266.21,100,267.0,200,IBM
2025-10-23,9:30:08.383540023,T,266.06,100,267.0,200,IBM
2025-10-23,9:30:08.383560090,T,266.06,100,266.52,100,IBM
2025-10-23,9:30:08.383580109,T,266.06,100,266.74,100,IBM
2025-10-23,9:30:08.383630262,T,266.06,100,267.0,200,IBM
2025-10-23,9:30:08.384036307,T,266.15,100,267.0,200,IBM
2025-10-23,9:30:08.384291899,T,266.15,100,267.0,100,IBM
2025-10-23,9:30:08.384752987,T,266.21,100,267.0,100,IBM
2025-10-23,9:30:08.385118879,T,266.21,100,267.0,200,IBM
2025-10-23,9:30:08.386025964,T,266.15,100,267.0,200,IBM
2025-10-23,9:30:08.387494524,T,266.06,100,267.0,200,IBM
2025-10-23,9:30:08.404520022,T,266.06,100,266.74,100,IBM
2025-10-23,9:30:08.415405947,T,266.15,100,266.74,100,IBM
2025-10-23,9:30:08.415892044,T,266.16,100,266.74,100,IBM
2025-10-23,9:30:09.125521448,T,266.15,100,266.74,100,IBM
2025-10-23,9:30:09.127987341,T,266.15,100,267.0,200,IBM
2025-10-23,9:30:09.128012453,T,266.69,100,267.0,200,IBM
2025-10-23,9:30:09.128032611,T,266.15,100,267.0,200,IBM
2025-10-23,9:30:09.128543716,T,266.15,100,267.0,100,IBM
2025-10-23,9:30:09.128628925,T,266.15,100,267.0,200,IBM
2025-10-23,9:30:09.128824386,T,266.06,100,267.0,200,IBM
2025-10-23,9:30:09.129275498,T,266.06,100,266.74,100,IBM
2025-10-23,9:30:09.129375716,T,266.06,100,267.0,100,IBM
2025-10-23,9:30:09.129410820,T,266.15,100,267.0,100,IBM
2025-10-23,9:30:09.129631338,T,266.06,100,267.0,100,IBM
2025-10-23,9:30:09.129651463,T,266.06,100,267.0,200,IBM
2025-10-23,9:30:09.129666399,T,266.06,100,266.74,100,IBM
2025-10-23,9:30:09.129716484,T,266.06,100,266.72,100,IBM
2025-10-23,9:30:09.129716484,T,266.06,100,266.74,100,IBM
2025-10-23,9:30:09.129726553,T,266.06,100,266.72,100,IBM
2025-10-23,9:30:09.129881943,T,266.06,100,266.66,100,IBM
2025-10-23,9:30:09.129896950,T,266.06,100,266.72,100,IBM
2025-10-23,9:30:09.129896950,T,266.06,100,266.74,100,IBM
2025-10-23,9:30:09.129901900,T,266.06,100,266.66,100,IBM
2025-10-23,9:30:09.153929106,T,266.06,100,266.74,100,IBM
2025-10-23,9:30:09.194661113,T,266.12,100,266.74,100,IBM
2025-10-23,9:30:09.444871805,T,266.16,100,266.74,100,IBM
2025-10-23,9:30:10.238516171,T,266.16,200,266.74,100,IBM
2025-10-23,9:30:10.400125905,T,266.16,200,267.0,100,IBM
2025-10-23,9:30:11.302434134,T,266.4,100,267.0,100,IBM
2025-10-23,9:30:11.302749819,T,266.4,200,267.0,100,IBM
2025-10-23,9:30:11.465878222,T,266.4,100,267.0,100,IBM
2025-10-23,9:30:11.551903267,T,266.4,100,268.06,100,IBM
2025-10-23,9:30:11.551907972,T,266.4,100,268.2,100,IBM
2025-10-23,9:30:11.552053322,T,266.57,100,268.2,100,IBM
2025-10-23,9:30:11.552303929,T,266.57,200,268.2,100,IBM
2025-10-23,9:30:11.552338991,T,266.57,300,268.2,100,IBM
2025-10-23,9:30:11.556153106,T,266.57,200,268.2,100,IBM
2025-10-23,9:30:11.578105417,T,266.78,100,268.2,100,IBM
2025-10-23,9:30:11.578105417,T,266.57,200,268.2,100,IBM
2025-10-23,9:30:11.578170502,T,266.57,100,268.2,100,IBM
2025-10-23,9:30:11.634048510,T,266.57,100,268.0,100,IBM
2025-10-23,9:30:11.634264124,T,266.57,200,268.0,100,IBM
2025-10-23,9:30:11.634309211,T,266.57,200,268.2,100,IBM
2025-10-23,9:30:11.634314415,T,266.99,100,268.2,100,IBM
2025-10-23,9:30:11.634424481,T,266.99,200,268.2,100,IBM
2025-10-23,9:30:11.634534710,T,266.99,300,268.2,100,IBM
2025-10-23,9:30:11.634559836,T,266.99,400,268.2,100,IBM
2025-10-23,9:30:11.634594830,T,266.99,500,268.2,100,IBM
2025-10-23,9:30:11.787679276,T,266.99,400,268.2,100,IBM
2025-10-23,9:30:11.795312430,T,266.99,400,268.06,100,IBM
2025-10-23,9:30:12.233530653,T,267.0,100,268.06,100,IBM
2025-10-23,9:30:12.233535675,T,267.0,200,268.06,100,IBM
2025-10-23,9:30:12.233545733,T,267.0,300,268.06,100,IBM
2025-10-23,9:30:12.233550790,T,267.0,400,268.06,100,IBM
2025-10-23,9:30:12.550470211,T,267.0,400,268.0,100,IBM
2025-10-23,9:30:12.550480209,T,267.0,300,268.0,100,IBM
2025-10-23,9:30:12.550485296,T,267.0,200,268.0,100,IBM
2025-10-23,9:30:12.550485296,T,267.0,100,268.0,100,IBM
2025-10-23,9:30:12.550485296,T,266.85,100,268.0,100,IBM
2025-10-23,9:30:12.550490381,T,266.7,100,268.0,100,IBM
2025-10-23,9:30:12.550590537,T,266.7,100,268.06,100,IBM
2025-10-23,9:30:12.550590537,T,266.7,100,268.0,100,IBM
2025-10-23,9:30:12.550635660,T,266.7,100,268.06,100,IBM
2025-10-23,9:30:12.550861109,T,266.85,100,268.06,100,IBM
2025-10-23,9:30:12.550916304,T,267.0,100,268.06,100,IBM
2025-10-23,9:30:12.552605330,T,267.04,100,268.06,100,IBM
2025-10-23,9:30:12.552655448,T,267.04,200,268.06,100,IBM
2025-10-23,9:30:12.568783820,T,267.04,200,268.0,100,IBM
2025-10-23,9:30:12.574547518,T,267.04,100,268.0,100,IBM
2025-10-23,9:30:12.991595429,T,267.04,200,268.0,100,IBM
2025-10-23,9:30:12.991615481,T,267.04,100,268.0,100,IBM
2025-10-23,9:30:12.991625530,T,266.85,100,268.0,100,IBM
2025-10-23,9:30:12.991625530,T,267.04,100,268.0,100,IBM
2025-10-23,9:30:12.991640562,T,267.25,100,268.0,100,IBM
2025-10-23,9:30:12.991776177,T,267.25,100,268.2,100,IBM
2025-10-23,9:30:12.991795891,T,267.49,100,268.2,100,IBM
2025-10-23,9:30:12.992693330,T,267.49,100,268.06,100,IBM
2025-10-23,9:30:12.992834019,T,267.49,100,268.2,100,IBM
2025-10-23,9:30:12.993860896,T,267.49,200,268.2,100,IBM
2025-10-23,9:30:12.995910681,T,267.49,100,268.2,100,IBM
2025-10-23,9:30:12.995950934,T,266.06,100,268.2,100,IBM
2025-10-23,9:30:12.996005984,T,265.91,100,268.2,100,IBM
2025-10-23,9:30:12.996081334,T,265.23,100,268.2,100,IBM
2025-10-23,9:30:12.996321673,T,265.0,400,268.2,100,IBM
2025-10-23,9:30:12.996462000,T,265.1,100,268.2,100,IBM
2025-10-23,9:30:12.996692933,T,265.1,100,268.06,100,IBM
2025-10-23,9:30:12.997083556,T,266.15,100,268.06,100,IBM
2025-10-23,9:30:12.998847679,T,266.15,100,268.2,100,IBM
2025-10-23,9:30:12.998847679,T,266.15,100,268.39,100,IBM
2025-10-23,9:30:12.998852685,T,266.15,100,269.34,200,IBM
2025-10-23,9:30:12.998867871,T,267.03,100,269.34,200,IBM
2025-10-23,9:30:12.998887803,T,267.03,100,269.0,100,IBM
2025-10-23,9:30:12.998897810,T,267.04,100,269.0,100,IBM
2025-10-23,9:30:12.998917949,T,267.03,100,269.0,100,IBM
2025-10-23,9:30:12.999098295,T,267.03,200,269.0,100,IBM
2025-10-23,9:30:12.999123355,T,267.04,100,269.0,100,IBM
2025-10-23,9:30:12.999388992,T,267.04,100,269.34,200,IBM
2025-10-23,9:30:12.999439237,T,267.04,100,269.0,100,IBM
2025-10-23,9:30:13.001940022,T,267.03,100,269.0,100,IBM
2025-10-23,9:30:13.018865372,T,266.05,100,269.0,100,IBM
2025-10-23,9:30:13.033881186,T,265.76,100,269.0,100,IBM
2025-10-23,9:30:13.033931243,T,265.61,100,269.0,100,IBM
2025-10-23,9:30:13.034011640,T,265.0,400,269.0,100,IBM
2025-10-23,9:30:13.105436520,T,267.36,100,269.0,100,IBM
2025-10-23,9:30:13.105666993,T,267.36,200,269.0,100,IBM
2025-10-23,9:30:13.219528135,T,267.36,100,269.0,100,IBM
2025-10-23,9:30:14.223242656,T,267.32,100,269.0,100,IBM
2025-10-23,9:30:14.784273285,T,267.32,100,269.34,200,IBM
2025-10-23,9:30:14.784298427,T,267.37,100,269.34,200,IBM
2025-10-23,9:30:14.784323476,T,267.37,100,269.34,100,IBM
2025-10-23,9:30:14.784338506,T,267.36,100,269.34,100,IBM
2025-10-23,9:30:14.784569015,T,267.36,100,268.39,100,IBM
2025-10-23,9:30:14.784629197,T,267.71,100,268.39,100,IBM
2025-10-23,9:30:14.784909793,T,267.71,100,268.39,500,IBM
2025-10-23,9:30:14.784919866,T,267.36,100,268.39,500,IBM
2025-10-23,9:30:14.785145388,T,267.36,200,268.39,500,IBM
2025-10-23,9:30:14.785305826,T,267.36,100,268.39,500,IBM
2025-10-23,9:30:14.785526290,T,267.36,100,268.39,100,IBM
2025-10-23,9:30:14.785531312,T,267.36,100,268.15,100,IBM
2025-10-23,9:30:14.785551370,T,267.36,100,268.15,500,IBM
2025-10-23,9:30:14.785556330,T,267.36,100,268.08,100,IBM
2025-10-23,9:30:14.785586496,T,267.36,100,268.08,500,IBM
2025-10-23,9:30:14.786002492,T,267.82,100,268.08,500,IBM
2025-10-23,9:30:14.789936860,T,267.82,100,268.08,400,IBM
2025-10-23,9:30:14.789936860,T,267.82,100,269.34,100,IBM
2025-10-23,9:30:14.955876884,T,267.32,100,269.34,100,IBM
2025-10-23,9:30:15.048727941,T,267.51,100,269.34,100,IBM
2025-10-23,9:30:15.068730587,T,267.32,100,269.34,100,IBM
2025-10-23,9:30:15.501681258,T,267.32,100,268.55,100,IBM
2025-10-23,9:30:15.660474408,T,267.39,100,268.55,100,IBM
2025-10-23,9:30:15.671941699,T,267.32,100,268.55,100,IBM
2025-10-23,9:30:17.851801207,T,267.34,100,268.55,100,IBM
2025-10-23,9:30:17.852177155,T,267.32,100,268.55,100,IBM
2025-10-23,9:30:17.853430066,T,267.32,100,268.39,100,IBM
2025-10-23,9:30:17.853465143,T,267.32,100,268.55,100,IBM
2025-10-23,9:30:17.853745868,T,267.34,100,268.55,100,IBM
2025-10-23,9:30:17.854061557,T,267.32,100,268.55,100,IBM
2025-10-23,9:30:18.581748948,T,267.32,100,267.4,100,IBM
2025-10-23,9:30:18.581773957,T,267.32,100,267.94,100,IBM
2025-10-23,9:30:18.581904312,T,267.22,100,267.94,100,IBM
2025-10-23,9:30:18.581914323,T,267.32,100,267.94,100,IBM
2025-10-23,9:30:18.582134852,T,265.0,400,267.94,100,IBM
2025-10-23,9:30:18.582164980,T,265.0,400,267.81,100,IBM
2025-10-23,9:30:18.582214991,T,265.1,100,267.81,100,IBM
2025-10-23,9:30:18.582590943,T,265.0,400,267.81,100,IBM
2025-10-23,9:30:18.583197357,T,265.0,400,267.94,100,IBM
2025-10-23,9:30:18.583237526,T,265.0,400,268.55,100,IBM
2025-10-23,9:30:18.584801231,T,267.15,100,268.55,100,IBM
2025-10-23,9:30:18.584841252,T,267.15,100,268.39,100,IBM
2025-10-23,9:30:18.584851344,T,267.15,100,268.55,100,IBM
2025-10-23,9:30:18.585101862,T,265.1,100,268.55,100,IBM
2025-10-23,9:30:18.585818659,T,265.0,400,268.55,100,IBM
2025-10-23,9:30:18.784291133,T,265.1,100,268.55,100,IBM
2025-10-23,9:30:18.930454148,T,265.21,100,268.55,100,IBM
2025-10-23,9:30:18.979220242,T,265.39,100,268.55,100,IBM
2025-10-23,9:30:19.041508493,T,265.57,100,268.55,100,IBM
2025-10-23,9:30:19.057616889,T,265.75,100,268.55,100,IBM
2025-10-23,9:30:19.081613952,T,265.93,100,268.55,100,IBM
2025-10-23,9:30:19.104849244,T,266.11,100,268.55,100,IBM
2025-10-23,9:30:19.146919456,T,266.29,100,268.55,100,IBM
2025-10-23,9:30:19.253643566,T,266.29,100,269.0,100,IBM
2025-10-23,9:30:19.253678561,T,266.29,100,268.13,100,IBM
2025-10-23,9:30:19.253959246,T,267.34,100,268.13,100,IBM
2025-10-23,9:30:19.315430604,T,265.75,100,268.13,100,IBM
2025-10-23,9:30:19.315470764,T,265.75,100,268.12,100,IBM
2025-10-23,9:30:19.315776498,T,265.75,100,268.13,100,IBM
2025-10-23,9:30:19.315861616,T,265.93,100,268.13,100,IBM
2025-10-23,9:30:19.315891749,T,265.75,100,268.13,100,IBM
2025-10-23,9:30:19.338711091,T,265.75,100,267.49,100,IBM
2025-10-23,9:30:19.486743469,T,265.93,100,267.49,100,IBM
2025-10-23,9:30:19.486788984,T,265.75,100,267.49,100,IBM
2025-10-23,9:30:19.592390021,T,266.29,100,267.49,100,IBM
2025-10-23,9:30:19.592861185,T,265.75,100,267.49,100,IBM
2025-10-23,9:30:19.592901184,T,265.21,100,267.49,100,IBM
2025-10-23,9:30:19.592901184,T,265.1,100,267.49,100,IBM
2025-10-23,9:30:19.593367267,T,266.65,100,267.49,100,IBM
2025-10-23,9:30:19.593382404,T,266.65,500,267.49,100,IBM
2025-10-23,9:30:19.670235343,T,266.65,400,267.49,100,IBM
2025-10-23,9:30:19.670235343,T,265.21,100,267.49,100,IBM
2025-10-23,9:30:19.670260370,T,266.8,500,267.49,100,IBM
2025-10-23,9:30:19.693916767,T,266.11,100,267.49,100,IBM
2025-10-23,9:30:19.693941771,T,267.31,500,267.49,100,IBM
2025-10-23,9:30:19.722304324,T,267.31,500,268.13,100,IBM
2025-10-23,9:30:19.722329295,T,267.49,100,268.13,100,IBM
2025-10-23,9:30:19.722354458,T,267.49,500,268.13,100,IBM
2025-10-23,9:30:19.722365081,T,267.49,400,268.13,100,IBM
2025-10-23,9:30:19.722365081,T,266.8,100,268.13,100,IBM
2025-10-23,9:30:19.722369475,T,266.47,100,268.13,100,IBM
2025-10-23,9:30:19.722374408,T,265.21,100,268.13,100,IBM
2025-10-23,9:30:19.722399530,T,266.47,100,268.13,100,IBM
2025-10-23,9:30:19.722414588,T,265.21,100,268.13,100,IBM
2025-10-23,9:30:19.722439843,T,266.47,100,268.13,100,IBM
2025-10-23,9:30:19.722454597,T,265.21,100,268.13,100,IBM
2025-10-23,9:30:19.722479733,T,266.47,100,268.13,100,IBM
2025-10-23,9:30:19.722534841,T,265.21,100,268.13,100,IBM
2025-10-23,9:30:19.722655080,T,265.39,100,268.13,100,IBM
2025-10-23,9:30:19.722715641,T,265.39,100,267.91,100,IBM
2025-10-23,9:30:19.722735356,T,265.57,100,267.91,100,IBM
2025-10-23,9:30:19.722890653,T,265.21,100,267.91,100,IBM
2025-10-23,9:30:19.723612429,T,265.21,100,268.01,100,IBM
2025-10-23,9:30:20.052159560,T,266.11,100,268.01,100,IBM
2025-10-23,9:30:20.052189669,T,266.11,100,268.13,200,IBM
2025-10-23,9:30:20.222670541,T,266.11,100,268.13,100,IBM
2025-10-23,9:30:20.439476686,T,266.65,100,268.13,100,IBM
2025-10-23,9:30:20.563998296,T,266.65,100,268.13,200,IBM
2025-10-23,9:30:20.564018116,T,266.65,100,268.13,100,IBM
2025-10-23,9:30:20.564038168,T,265.75,100,268.13,100,IBM
2025-10-23,9:30:20.564043180,T,265.75,100,267.91,100,IBM
2025-10-23,9:30:20.564058294,T,265.75,100,268.13,100,IBM
2025-10-23,9:30:20.564083297,T,265.75,100,267.73,100,IBM
2025-10-23,9:30:20.564113431,T,265.75,100,268.13,100,IBM
2025-10-23,9:30:20.564885196,T,265.93,100,268.13,100,IBM
2025-10-23,9:30:20.569245716,T,266.11,100,268.13,100,IBM
2025-10-23,9:30:20.611816937,T,265.93,100,268.13,100,IBM
2025-10-23,9:30:20.611857022,T,265.93,100,268.13,200,IBM
2025-10-23,9:30:20.612097686,T,265.93,100,268.12,100,IBM
2025-10-23,9:30:20.612869527,T,265.93,100,268.13,100,IBM
2025-10-23,9:30:20.683873547,T,266.47,100,268.13,100,IBM
2025-10-23,9:30:20.719463234,T,265.75,100,268.13,100,IBM
2025-10-23,9:30:21.255043274,T,265.75,100,267.79,100,IBM
2025-10-23,9:30:21.571211044,T,265.21,100,267.79,100,IBM
2025-10-23,9:30:21.571787415,T,265.39,100,267.79,100,IBM
2025-10-23,9:30:21.571817422,T,265.21,100,267.79,100,IBM
2025-10-23,9:30:21.818434584,T,265.1,100,267.79,100,IBM
2025-10-23,9:30:21.818965816,T,265.1,100,267.79,200,IBM
2025-10-23,9:30:21.819331761,T,265.21,100,267.79,200,IBM
2025-10-23,9:30:21.819336745,T,265.1,100,267.79,200,IBM
2025-10-23,9:30:21.858479966,T,265.03,100,267.79,200,IBM
2025-10-23,9:30:21.858509967,T,265.0,400,267.79,200,IBM
2025-10-23,9:30:21.858509967,T,265.0,400,267.79,100,IBM
2025-10-23,9:30:21.858760598,T,265.0,400,267.79,200,IBM
2025-10-23,9:30:21.904574704,T,265.57,100,267.79,200,IBM
2025-10-23,9:30:21.927659588,T,265.0,400,267.79,200,IBM
2025-10-23,9:30:22.032895179,T,265.57,100,267.79,200,IBM
2025-10-23,9:30:22.068840711,T,265.0,400,267.79,200,IBM
2025-10-23,9:30:22.070279195,T,265.57,100,267.79,200,IBM
2025-10-23,9:30:22.234690568,T,265.0,400,267.79,200,IBM
2025-10-23,9:30:22.287947272,T,265.57,100,267.79,200,IBM
2025-10-23,9:30:22.301890510,T,265.0,400,267.79,200,IBM
2025-10-23,9:30:22.321958257,T,265.57,100,267.79,200,IBM
2025-10-23,9:30:22.517238204,T,265.0,400,267.79,200,IBM
2025-10-23,9:30:22.529752944,T,265.57,100,267.79,200,IBM
2025-10-23,9:30:22.549239412,T,265.57,100,267.79,100,IBM
2025-10-23,9:30:22.626207633,T,265.0,400,267.79,100,IBM
2025-10-23,9:30:23.131520530,T,265.0,400,267.44,100,IBM
2025-10-23,9:30:23.131555627,T,265.0,400,267.35,100,IBM
2025-10-23,9:30:23.131821348,T,265.0,400,267.44,100,IBM
2025-10-23,9:30:23.132086955,T,265.21,100,267.44,100,IBM
2025-10-23,9:30:23.132116937,T,265.03,100,267.44,100,IBM
2025-10-23,9:30:23.132116937,T,265.0,400,267.44,100,IBM
2025-10-23,9:30:23.132192133,T,266.11,100,267.44,100,IBM
2025-10-23,9:30:23.132312510,T,266.11,100,267.35,100,IBM
2025-10-23,9:30:23.132342531,T,266.11,100,267.44,100,IBM
2025-10-23,9:30:23.132387781,T,266.24,100,267.44,100,IBM
2025-10-23,9:30:23.132568109,T,266.24,100,267.76,100,IBM
2025-10-23,9:30:23.132578103,T,266.24,100,267.79,200,IBM
2025-10-23,9:30:23.132588165,T,266.24,100,267.76,100,IBM
2025-10-23,9:30:23.132623187,T,266.24,100,267.79,200,IBM
2025-10-23,9:30:23.132658601,T,265.0,400,267.79,200,IBM
2025-10-23,9:30:23.132663292,T,265.57,100,267.79,200,IBM
2025-10-23,9:30:23.132663292,T,266.56,100,267.79,200,IBM
2025-10-23,9:30:23.132668482,T,266.11,100,267.79,200,IBM
2025-10-23,9:30:23.132693375,T,265.39,100,267.79,200,IBM
2025-10-23,9:30:23.133149439,T,265.39,100,267.79,100,IBM
2025-10-23,9:30:23.133680681,T,265.21,100,267.79,100,IBM
2025-10-23,9:30:23.134322298,T,265.03,100,267.79,100,IBM
2025-10-23,9:30:23.134327265,T,265.03,100,267.79,200,IBM
2025-10-23,9:30:23.135820847,T,265.03,100,267.76,100,IBM
2025-10-23,9:30:23.138537260,T,265.03,100,267.79,200,IBM
2025-10-23,9:30:23.149087428,T,265.0,400,267.79,200,IBM
2025-10-23,9:30:23.302497606,T,265.03,100,267.79,200,IBM
2025-10-23,9:30:23.673210268,T,265.21,100,267.79,200,IBM
2025-10-23,9:30:23.673230305,T,265.03,100,267.79,200,IBM
2025-10-23,9:30:23.673270430,T,265.57,100,267.79,200,IBM
2025-10-23,9:30:23.781192307,T,265.03,100,267.79,200,IBM
2025-10-23,9:30:24.540830879,T,265.03,100,267.79,100,IBM
2025-10-23,9:30:24.540850901,T,266.82,100,267.79,100,IBM
2025-10-23,9:30:24.540891516,T,266.44,100,267.79,100,IBM
2025-10-23,9:30:24.541647887,T,266.51,100,267.79,100,IBM
2025-10-23,9:30:24.541672908,T,267.0,100,267.79,100,IBM
2025-10-23,9:30:24.541728008,T,266.51,100,267.79,100,IBM
2025-10-23,9:30:24.541748040,T,266.51,100,267.79,200,IBM
2025-10-23,9:30:24.541868326,T,265.93,100,267.79,200,IBM
2025-10-23,9:30:24.542068900,T,265.93,100,267.79,100,IBM
2025-10-23,9:30:24.703969314,T,265.39,100,267.79,100,IBM
2025-10-23,9:30:25.243142949,T,265.39,100,267.26,100,IBM
2025-10-23,9:30:25.243343436,T,265.39,100,267.26,200,IBM
2025-10-23,9:30:26.352594194,T,266.51,100,267.26,200,IBM
2025-10-23,9:30:26.504997042,T,265.93,100,267.26,200,IBM
2025-10-23,9:30:26.909064071,T,265.03,100,267.26,200,IBM
2025-10-23,9:30:26.909640438,T,265.0,400,267.26,200,IBM
2025-10-23,9:30:26.910437379,T,265.39,100,267.26,200,IBM
2025-10-23,9:30:26.911394658,T,265.0,400,267.26,200,IBM
2025-10-23,9:30:27.051072256,T,265.03,100,267.26,200,IBM
2025-10-23,9:30:27.060935699,T,266.83,100,267.26,200,IBM
2025-10-23,9:30:27.060935699,T,266.29,100,267.26,200,IBM
2025-10-23,9:30:27.060940669,T,266.39,100,267.26,200,IBM
2025-10-23,9:30:27.060955760,T,266.29,100,267.26,200,IBM
2025-10-23,9:30:27.060980815,T,265.93,100,267.26,200,IBM
2025-10-23,9:30:27.061943082,T,265.57,100,267.26,200,IBM
2025-10-23,9:30:27.071165080,T,265.93,100,267.26,200,IBM
2025-10-23,9:30:27.071165080,T,266.29,100,267.26,200,IBM
2025-10-23,9:30:27.071175092,T,266.3,100,267.26,200,IBM
2025-10-23,9:30:27.071195154,T,266.31,100,267.26,200,IBM
2025-10-23,9:30:27.072162377,T,266.3,100,267.26,200,IBM
2025-10-23,9:30:27.072192503,T,266.29,100,267.26,200,IBM
2025-10-23,9:30:27.073184877,T,266.3,100,267.26,200,IBM
2025-10-23,9:30:27.076257213,T,266.29,100,267.26,200,IBM
2025-10-23,9:30:27.082762703,T,265.75,100,267.26,200,IBM
2025-10-23,9:30:27.161184351,T,265.21,100,267.26,200,IBM
2025-10-23,9:30:28.244854321,T,265.75,1000,267.26,200,IBM
2025-10-23,9:30:30.501206263,T,265.75,1000,267.26,100,IBM
2025-10-23,9:30:30.501206263,T,265.75,1000,267.79,100,IBM
2025-10-23,9:30:30.501216007,T,267.26,1200,267.79,100,IBM
2025-10-23,9:30:30.501236068,T,267.26,1000,267.79,100,IBM
2025-10-23,9:30:30.501286806,T,267.26,400,267.79,100,IBM
2025-10-23,9:30:30.501291284,T,267.24,100,267.79,100,IBM
2025-10-23,9:30:30.502494133,T,267.25,100,267.79,100,IBM
2025-10-23,9:30:30.502524153,T,267.24,100,267.79,100,IBM
2025-10-23,9:30:30.504484031,T,267.26,100,267.79,100,IBM
2025-10-23,9:30:30.504514226,T,267.24,100,267.79,100,IBM
2025-10-23,9:30:30.505080289,T,267.24,200,267.79,100,IBM
2025-10-23,9:30:30.505250647,T,267.24,100,267.79,100,IBM
2025-10-23,9:30:30.505441178,T,265.75,1100,267.79,100,IBM
2025-10-23,9:30:30.505857101,T,265.75,1000,267.79,100,IBM
2025-10-23,9:30:30.505857101,T,265.75,1000,267.77,100,IBM
2025-10-23,9:30:30.511425351,T,266.44,100,267.77,100,IBM
2025-10-23,9:30:30.511465515,T,265.75,1000,267.77,100,IBM
2025-10-23,9:30:30.515865922,T,265.75,1000,267.79,100,IBM
2025-10-23,9:30:30.684432275,T,266.56,200,267.79,100,IBM
2025-10-23,9:30:31.242029621,T,266.91,100,267.79,100,IBM
2025-10-23,9:30:31.395194269,T,266.93,100,267.79,100,IBM
2025-10-23,9:30:31.395204407,T,267.05,100,267.79,100,IBM
2025-10-23,9:30:31.395304510,T,267.15,100,267.79,100,IBM
2025-10-23,9:30:31.395319578,T,267.31,100,267.79,100,IBM
2025-10-23,9:30:31.395424754,T,267.05,100,267.79,100,IBM
2025-10-23,9:30:31.395439796,T,267.05,100,268.86,100,IBM
2025-10-23,9:30:31.395454808,T,267.15,100,268.86,100,IBM
2025-10-23,9:30:31.395469825,T,267.25,100,268.86,100,IBM
2025-10-23,9:30:31.395469825,T,267.31,100,268.86,100,IBM
2025-10-23,9:30:31.395474900,T,267.25,100,268.86,100,IBM
2025-10-23,9:30:31.395504938,T,267.31,100,268.86,100,IBM
2025-10-23,9:30:31.395504938,T,267.38,100,268.86,100,IBM
2025-10-23,9:30:31.395504938,T,267.31,100,268.86,100,IBM
2025-10-23,9:30:31.395550018,T,267.15,100,268.86,100,IBM
2025-10-23,9:30:31.395560053,T,267.25,100,268.86,100,IBM
2025-10-23,9:30:31.395710466,T,267.15,100,268.86,100,IBM
2025-10-23,9:30:31.395725542,T,267.05,100,268.86,100,IBM
2025-10-23,9:30:31.395795614,T,267.15,100,268.86,100,IBM
2025-10-23,9:30:31.396016189,T,267.15,100,268.39,100,IBM
2025-10-23,9:30:31.396206668,T,267.05,100,268.39,100,IBM
2025-10-23,9:30:31.396301812,T,266.93,100,268.39,100,IBM
2025-10-23,9:30:31.397354355,T,267.05,100,268.39,100,IBM
2025-10-23,9:30:31.397826029,T,266.93,100,268.39,100,IBM
2025-10-23,9:30:31.400080878,T,266.91,100,268.39,100,IBM
2025-10-23,9:30:31.410375321,T,266.91,100,268.86,100,IBM
2025-10-23,9:30:31.410420438,T,266.93,100,268.86,100,IBM
2025-10-23,9:30:31.410455526,T,267.05,100,268.86,100,IBM
2025-10-23,9:30:31.410495701,T,267.05,100,268.94,100,IBM
2025-10-23,9:30:31.410691057,T,267.38,100,268.94,100,IBM
2025-10-23,9:30:31.410726231,T,267.58,100,268.94,100,IBM
2025-10-23,9:30:31.410946672,T,267.65,100,268.94,100,IBM
2025-10-23,9:30:31.410981936,T,267.77,100,268.94,100,IBM
2025-10-23,9:30:31.410981936,T,267.65,100,268.94,100,IBM
2025-10-23,9:30:31.411107104,T,267.72,100,268.94,100,IBM
2025-10-23,9:30:31.411337611,T,267.72,100,268.97,100,IBM
2025-10-23,9:30:31.411347718,T,267.93,100,268.97,100,IBM
2025-10-23,9:30:31.411367707,T,267.93,100,269.0,100,IBM
2025-10-23,9:30:31.411372727,T,267.38,100,269.0,100,IBM
2025-10-23,9:30:31.411372727,T,267.99,100,269.0,100,IBM
2025-10-23,9:30:31.411417990,T,267.65,100,269.0,100,IBM
2025-10-23,9:30:31.411422810,T,267.05,200,269.0,100,IBM
2025-10-23,9:30:31.411437849,T,267.05,100,269.0,100,IBM
2025-10-23,9:30:31.411437849,T,267.05,100,268.97,100,IBM
2025-10-23,9:30:31.411468339,T,267.05,100,268.94,100,IBM
2025-10-23,9:30:31.411468339,T,267.05,100,268.86,100,IBM
2025-10-23,9:30:31.411688474,T,267.05,100,268.94,100,IBM
2025-10-23,9:30:31.411743617,T,266.93,100,268.94,100,IBM
2025-10-23,9:30:31.411773711,T,266.93,100,268.86,100,IBM
2025-10-23,9:30:31.411814113,T,266.93,100,268.94,100,IBM
2025-10-23,9:30:31.411814113,T,266.93,100,268.86,100,IBM
2025-10-23,9:30:31.411918998,T,266.93,100,268.94,100,IBM
2025-10-23,9:30:31.412014246,T,266.93,100,268.86,100,IBM
2025-10-23,9:30:31.412034300,T,266.93,100,268.97,100,IBM
2025-10-23,9:30:31.412044431,T,266.95,100,268.97,100,IBM
2025-10-23,9:30:31.412049403,T,266.95,100,268.94,100,IBM
2025-10-23,9:30:31.412049403,T,266.93,100,268.94,100,IBM
2025-10-23,9:30:31.412064376,T,266.93,100,268.97,100,IBM
2025-10-23,9:30:31.412074447,T,266.93,100,268.86,100,IBM
2025-10-23,9:30:31.412094402,T,266.93,100,268.94,100,IBM
2025-10-23,9:30:31.412114473,T,266.93,100,268.97,100,IBM
2025-10-23,9:30:31.412129508,T,266.93,100,268.94,100,IBM
2025-10-23,9:30:31.412244849,T,266.93,100,268.97,100,IBM
2025-10-23,9:30:31.412430281,T,266.93,100,269.0,100,IBM
2025-10-23,9:30:31.414054097,T,267.05,100,269.0,100,IBM
2025-10-23,9:30:31.414414996,T,266.93,100,269.0,100,IBM
2025-10-23,9:30:31.416324481,T,266.78,100,269.0,100,IBM
2025-10-23,9:30:31.416329505,T,266.78,100,268.94,100,IBM
2025-10-23,9:30:31.416354575,T,266.78,100,268.97,100,IBM
2025-10-23,9:30:31.416359638,T,266.78,100,268.86,100,IBM
2025-10-23,9:30:31.416555061,T,266.78,100,268.54,100,IBM
2025-10-23,9:30:31.416795628,T,266.78,100,268.94,100,IBM
2025-10-23,9:30:31.417382040,T,266.78,100,268.97,100,IBM
2025-10-23,9:30:31.417412061,T,266.78,100,269.0,100,IBM
2025-10-23,9:30:31.417667735,T,266.93,100,269.0,100,IBM
2025-10-23,9:30:31.440787879,T,266.95,100,269.0,100,IBM
2025-10-23,9:30:31.456294657,T,267.05,100,269.0,100,IBM
2025-10-23,9:30:31.456319787,T,267.12,100,269.0,100,IBM
2025-10-23,9:30:31.456555325,T,267.12,200,269.0,100,IBM
2025-10-23,9:30:31.464594388,T,267.12,100,269.0,100,IBM
2025-10-23,9:30:31.661062121,T,266.56,200,269.0,100,IBM
2025-10-23,9:30:31.673341332,T,267.04,100,269.0,100,IBM
2025-10-23,9:30:31.737784787,T,266.95,100,269.0,100,IBM
2025-10-23,9:30:31.738100485,T,266.95,200,269.0,100,IBM
2025-10-23,9:30:31.798068226,T,266.95,100,269.0,100,IBM
2025-10-23,9:30:31.799546859,T,266.95,200,269.0,100,IBM
2025-10-23,9:30:31.822626753,T,266.95,100,269.0,100,IBM
2025-10-23,9:30:31.895319767,T,266.61,100,269.0,100,IBM
2025-10-23,9:30:31.902872781,T,266.61,100,268.6,100,IBM
2025-10-23,9:30:31.902897882,T,266.56,200,268.6,100,IBM
2025-10-23,9:30:31.922629779,T,266.61,100,268.6,100,IBM
2025-10-23,9:30:32.030591796,T,266.56,200,268.6,100,IBM
2025-10-23,9:30:32.071223522,T,266.61,100,268.6,100,IBM
2025-10-23,9:30:32.140723985,T,266.56,200,268.6,100,IBM
2025-10-23,9:30:32.190632792,T,266.61,100,268.6,100,IBM
2025-10-23,9:30:32.581734500,T,267.01,100,268.6,100,IBM
2025-10-23,9:30:32.581849243,T,267.12,100,268.6,100,IBM
2025-10-23,9:30:32.581874246,T,267.67,100,268.6,100,IBM
2025-10-23,9:30:32.581884318,T,267.01,100,268.6,100,IBM
2025-10-23,9:30:32.581884318,T,267.01,100,269.0,100,IBM
2025-10-23,9:30:32.581959740,T,266.95,100,269.0,100,IBM
2025-10-23,9:30:32.581964482,T,267.12,100,269.0,100,IBM
2025-10-23,9:30:32.581964482,T,267.29,100,269.0,100,IBM
2025-10-23,9:30:32.581999614,T,267.46,100,269.0,100,IBM
2025-10-23,9:30:32.582004652,T,267.01,100,269.0,100,IBM
2025-10-23,9:30:32.582004652,T,267.29,100,269.0,100,IBM
2025-10-23,9:30:32.582180024,T,267.75,100,269.0,100,IBM
2025-10-23,9:30:32.582285239,T,267.81,100,269.0,100,IBM
2025-10-23,9:30:32.582475703,T,267.46,100,269.0,100,IBM
2025-10-23,9:30:32.582530890,T,267.81,100,269.0,100,IBM
2025-10-23,9:30:32.582540896,T,267.75,100,269.0,100,IBM
2025-10-23,9:30:32.582866598,T,267.81,100,269.0,100,IBM
2025-10-23,9:30:32.583017018,T,268.17,100,269.0,100,IBM
2025-10-23,9:30:32.583021977,T,268.17,100,269.34,100,IBM
2025-10-23,9:30:32.583057491,T,268.17,100,268.98,100,IBM
2025-10-23,9:30:32.583072168,T,268.17,100,269.0,100,IBM
2025-10-23,9:30:32.583072168,T,268.25,100,269.0,100,IBM
2025-10-23,9:30:32.583097199,T,268.17,100,269.0,100,IBM
2025-10-23,9:30:32.583097199,T,268.25,100,269.0,100,IBM
2025-10-23,9:30:32.583112277,T,268.38,100,269.0,100,IBM
2025-10-23,9:30:32.583122509,T,268.39,100,269.0,100,IBM
2025-10-23,9:30:32.583513212,T,268.39,100,269.34,100,IBM
2025-10-23,9:30:32.583678608,T,268.17,100,269.34,100,IBM
2025-10-23,9:30:32.583688574,T,268.39,100,269.34,100,IBM
2025-10-23,9:30:32.583738776,T,268.17,100,269.34,100,IBM
2025-10-23,9:30:32.583803883,T,267.97,100,269.34,100,IBM
2025-10-23,9:30:32.583859062,T,267.8,100,269.34,100,IBM
2025-10-23,9:30:32.584049519,T,267.63,100,269.34,100,IBM
2025-10-23,9:30:32.584094609,T,267.29,100,269.34,100,IBM
2025-10-23,9:30:32.584119588,T,267.12,100,269.34,100,IBM
2025-10-23,9:30:32.584234863,T,267.01,100,269.34,100,IBM
2025-10-23,9:30:32.584360233,T,267.29,100,269.34,100,IBM
2025-10-23,9:30:32.587502636,T,267.01,100,269.34,100,IBM
2025-10-23,9:30:32.588730583,T,267.63,100,269.34,100,IBM
2025-10-23,9:30:32.588760680,T,267.01,100,269.34,100,IBM
2025-10-23,9:30:32.588760680,T,267.63,100,269.34,100,IBM
2025-10-23,9:30:32.588875987,T,267.29,100,269.34,100,IBM
2025-10-23,9:30:32.588906289,T,267.12,100,269.34,100,IBM
2025-10-23,9:30:32.589086409,T,267.29,100,269.34,100,IBM
2025-10-23,9:30:32.589111535,T,267.01,100,269.34,100,IBM
2025-10-23,9:30:32.598193117,T,267.12,100,269.34,100,IBM
2025-10-23,9:30:32.682363519,T,266.56,200,269.34,100,IBM
2025-10-23,9:30:32.684413594,T,267.12,100,269.34,100,IBM
2025-10-23,9:30:32.690668353,T,266.95,100,269.34,100,IBM
2025-10-23,9:30:32.690703393,T,267.12,100,269.34,100,IBM
2025-10-23,9:30:32.797026604,T,266.56,200,269.34,100,IBM
2025-10-23,9:30:32.798665433,T,267.12,100,269.34,100,IBM
2025-10-23,9:30:32.810027516,T,266.56,200,269.34,100,IBM
2025-10-23,9:30:32.902928762,T,266.95,100,269.34,100,IBM
2025-10-23,9:30:33.005187305,T,266.56,200,269.34,100,IBM
2025-10-23,9:30:33.063445898,T,266.95,100,269.34,100,IBM
2025-10-23,9:30:33.092495050,T,267.76,100,269.34,100,IBM
2025-10-23,9:30:33.093066514,T,266.95,100,269.34,100,IBM
2025-10-23,9:30:33.220389574,T,266.56,200,269.34,100,IBM
2025-10-23,9:30:33.220865628,T,267.46,100,269.34,100,IBM
2025-10-23,9:30:33.440643896,T,266.56,200,269.34,100,IBM
2025-10-23,9:30:33.441099928,T,267.79,100,269.34,100,IBM
2025-10-23,9:30:33.977211190,T,267.8,100,269.34,100,IBM
2025-10-23,9:30:34.217142326,T,267.79,100,269.34,100,IBM
2025-10-23,9:30:34.421483750,T,267.8,100,269.34,100,IBM
2025-10-23,9:30:34.421739390,T,268.0,100,269.34,100,IBM
2025-10-23,9:30:34.801237785,T,269.25,100,269.34,100,IBM
2025-10-23,9:30:34.801252888,T,268.0,100,269.34,100,IBM
2025-10-23,9:30:34.801658784,T,268.0,100,269.5,100,IBM
2025-10-23,9:30:34.801668877,T,268.0,100,269.25,100,IBM
2025-10-23,9:30:34.801678923,T,268.0,100,269.5,200,IBM
2025-10-23,9:30:34.801683840,T,268.0,100,269.5,100,IBM
2025-10-23,9:30:34.801689398,T,268.0,200,269.5,100,IBM
2025-10-23,9:30:34.801703905,T,268.58,100,269.5,100,IBM
2025-10-23,9:30:34.801708936,T,268.96,100,269.5,100,IBM
2025-10-23,9:30:34.801708936,T,268.0,100,269.5,100,IBM
2025-10-23,9:30:34.801713911,T,268.59,100,269.5,100,IBM
2025-10-23,9:30:34.801754050,T,268.73,100,269.5,100,IBM
2025-10-23,9:30:34.801789142,T,268.59,100,269.5,100,IBM
2025-10-23,9:30:34.801959604,T,268.96,100,269.5,100,IBM
2025-10-23,9:30:34.801974559,T,268.59,100,269.5,100,IBM
2025-10-23,9:30:34.802385886,T,267.8,100,269.5,100,IBM
2025-10-23,9:30:34.802696258,T,267.63,100,269.5,100,IBM
2025-10-23,9:30:34.802751420,T,267.29,100,269.5,100,IBM
2025-10-23,9:30:34.802976935,T,267.46,100,269.5,100,IBM
2025-10-23,9:30:34.811161480,T,268.59,100,269.5,100,IBM
2025-10-23,9:30:34.823736418,T,267.46,100,269.5,100,IBM
2025-10-23,9:30:34.823756462,T,266.95,100,269.5,100,IBM
2025-10-23,9:30:34.824202483,T,266.78,100,269.5,100,IBM
2025-10-23,9:30:34.831570080,T,267.29,100,269.5,100,IBM
2025-10-23,9:30:35.211148708,T,266.78,100,269.5,100,IBM
2025-10-23,9:30:35.216987587,T,267.29,100,269.5,100,IBM
2025-10-23,9:30:35.424321254,T,266.78,100,269.5,100,IBM
2025-10-23,9:30:35.452012162,T,267.29,100,269.5,100,IBM
2025-10-23,9:30:35.452718817,T,268.0,300,269.5,100,IBM
2025-10-23,9:30:35.459925945,T,268.02,100,269.5,100,IBM
2025-10-23,9:30:35.467594265,T,268.0,300,269.5,100,IBM
2025-10-23,9:30:35.753058807,T,268.0,400,269.5,100,IBM
2025-10-23,9:30:35.753068865,T,268.0,500,269.5,100,IBM
2025-10-23,9:30:35.753089180,T,268.0,500,269.5,200,IBM
2025-10-23,9:30:35.753093920,T,268.0,700,269.5,200,IBM
2025-10-23,9:30:35.753179160,T,268.0,700,269.5,100,IBM
2025-10-23,9:30:35.753239885,T,268.0,400,269.5,100,IBM
2025-10-23,9:30:35.753244351,T,268.0,400,268.89,100,IBM
2025-10-23,9:30:35.753284395,T,268.0,400,268.78,100,IBM
2025-10-23,9:30:35.753304476,T,268.0,400,269.19,100,IBM
2025-10-23,9:30:35.753379972,T,268.0,300,269.19,100,IBM
2025-10-23,9:30:35.753379972,T,268.0,200,269.19,100,IBM
2025-10-23,9:30:35.753384660,T,268.0,100,269.19,100,IBM
2025-10-23,9:30:35.753409655,T,268.0,100,269.02,100,IBM
2025-10-23,9:30:35.753419771,T,268.0,100,269.19,100,IBM
2025-10-23,9:30:35.753434759,T,268.0,100,269.5,200,IBM
2025-10-23,9:30:35.753454757,T,268.0,100,269.36,100,IBM
2025-10-23,9:30:35.753600196,T,268.0,100,269.5,100,IBM
2025-10-23,9:30:35.753685396,T,266.95,100,269.5,100,IBM
2025-10-23,9:30:35.753685396,T,266.78,100,269.5,100,IBM
2025-10-23,9:30:35.753690563,T,266.61,100,269.5,100,IBM
2025-10-23,9:30:35.753720453,T,268.01,100,269.5,100,IBM
2025-10-23,9:30:35.753740498,T,268.01,200,269.5,100,IBM
2025-10-23,9:30:35.753815699,T,268.01,100,269.5,100,IBM
2025-10-23,9:30:35.753815699,T,268.19,100,269.5,100,IBM
2025-10-23,9:30:35.753840767,T,268.19,200,269.5,100,IBM
2025-10-23,9:30:35.857647888,T,268.19,300,269.5,100,IBM
2025-10-23,9:30:35.857958584,T,268.19,200,269.5,100,IBM
2025-10-23,9:30:35.857963586,T,268.2,100,269.5,100,IBM
2025-10-23,9:30:35.857983681,T,268.2,200,269.5,100,IBM
2025-10-23,9:30:35.952553739,T,268.2,200,269.41,100,IBM
2025-10-23,9:30:36.396976800,T,268.2,100,269.41,100,IBM
2025-10-23,9:30:36.397001800,T,268.64,100,269.41,100,IBM
2025-10-23,9:30:36.397076976,T,268.64,200,269.41,100,IBM
2025-10-23,9:30:36.397798736,T,268.64,300,269.41,100,IBM
2025-10-23,9:30:36.922593251,T,268.64,200,269.41,100,IBM
2025-10-23,9:30:36.922598164,T,268.65,100,269.41,100,IBM
2025-10-23,9:30:36.922618168,T,268.65,200,269.41,100,IBM
2025-10-23,9:30:37.377932145,T,268.65,300,269.41,100,IBM
2025-10-23,9:30:37.377947136,T,268.65,100,269.41,100,IBM
2025-10-23,9:30:37.377957197,T,269.0,100,269.41,100,IBM
2025-10-23,9:30:37.377972272,T,269.0,200,269.41,100,IBM
2025-10-23,9:30:37.377987240,T,269.0,100,269.41,100,IBM
2025-10-23,9:30:37.377992523,T,269.01,100,269.41,100,IBM
2025-10-23,9:30:37.378007364,T,269.01,200,269.41,100,IBM
2025-10-23,9:30:37.378177726,T,269.01,200,269.5,100,IBM
2025-10-23,9:30:37.378182998,T,269.01,200,269.41,100,IBM
2025-10-23,9:30:37.378257902,T,269.35,100,269.41,100,IBM
2025-10-23,9:30:37.378267944,T,269.18,100,269.41,100,IBM
2025-10-23,9:30:37.378277960,T,269.35,100,269.41,100,IBM
2025-10-23,9:30:37.378288023,T,269.35,200,269.41,100,IBM
2025-10-23,9:30:37.378298018,T,269.35,100,269.41,100,IBM
2025-10-23,9:30:37.378308083,T,268.48,100,269.41,100,IBM
2025-10-23,9:30:37.378353129,T,267.8,100,269.41,100,IBM
2025-10-23,9:30:37.378358227,T,267.97,100,269.41,100,IBM
2025-10-23,9:30:37.378378222,T,268.14,100,269.41,100,IBM
2025-10-23,9:30:37.378403308,T,267.97,100,269.41,100,IBM
2025-10-23,9:30:37.378488520,T,267.63,100,269.41,100,IBM
2025-10-23,9:30:37.378558619,T,267.46,100,269.41,100,IBM
2025-10-23,9:30:37.378563684,T,267.46,100,269.5,100,IBM
2025-10-23,9:30:37.378568673,T,267.46,100,269.41,100,IBM
2025-10-23,9:30:37.378854551,T,267.63,100,269.41,100,IBM
2025-10-23,9:30:37.378859407,T,266.95,100,269.41,100,IBM
2025-10-23,9:30:37.378934635,T,267.63,100,269.41,100,IBM
2025-10-23,9:30:37.378939570,T,267.97,100,269.41,100,IBM
2025-10-23,9:30:37.378944550,T,267.29,100,269.41,100,IBM
2025-10-23,9:30:37.378974589,T,267.29,100,269.5,100,IBM
2025-10-23,9:30:37.378979798,T,267.29,100,269.41,100,IBM
2025-10-23,9:30:37.379315635,T,267.29,100,269.5,200,IBM
2025-10-23,9:30:37.379320430,T,267.29,100,269.5,100,IBM
2025-10-23,9:30:37.379340506,T,267.46,100,269.5,100,IBM
2025-10-23,9:30:37.379340506,T,267.8,100,269.5,100,IBM
2025-10-23,9:30:37.379576104,T,268.14,100,269.5,100,IBM
2025-10-23,9:30:37.379916876,T,267.8,100,269.5,100,IBM
2025-10-23,9:30:37.379926917,T,267.46,100,269.5,100,IBM
2025-10-23,9:30:37.379931982,T,267.29,100,269.5,100,IBM
2025-10-23,9:30:37.380172499,T,267.12,100,269.5,100,IBM
2025-10-23,9:30:37.380187471,T,267.12,100,270.0,3000,IBM
2025-10-23,9:30:37.380212568,T,267.29,100,270.0,3000,IBM
2025-10-23,9:30:37.380352878,T,267.12,100,270.0,3000,IBM
2025-10-23,9:30:37.380372980,T,267.29,100,270.0,3000,IBM
2025-10-23,9:30:37.380408087,T,267.8,100,270.0,3000,IBM
2025-10-23,9:30:37.380408087,T,267.97,100,270.0,3000,IBM
2025-10-23,9:30:37.380668638,T,267.63,100,270.0,3000,IBM
2025-10-23,9:30:37.381024489,T,267.8,100,270.0,3000,IBM
2025-10-23,9:30:37.381084709,T,267.63,100,270.0,3000,IBM
2025-10-23,9:30:37.381104665,T,267.29,100,270.0,3000,IBM
2025-10-23,9:30:37.381119782,T,267.29,100,270.0,3100,IBM
2025-10-23,9:30:37.381245039,T,267.12,100,270.0,3100,IBM
2025-10-23,9:30:37.381410486,T,266.95,100,270.0,3100,IBM
2025-10-23,9:30:37.381716117,T,266.95,100,269.85,100,IBM
2025-10-23,9:30:37.382072038,T,266.95,100,270.0,3100,IBM
2025-10-23,9:30:37.395037939,T,266.95,100,269.36,100,IBM
2025-10-23,9:30:37.418844516,T,266.78,100,269.36,100,IBM
2025-10-23,9:30:37.430196626,T,267.29,100,269.36,100,IBM
2025-10-23,9:30:37.877982670,T,266.78,100,269.36,100,IBM
2025-10-23,9:30:37.880969736,T,267.29,100,269.36,100,IBM
2025-10-23,9:30:37.997968259,T,266.78,100,269.36,100,IBM
2025-10-23,9:30:37.998564722,T,268.64,100,269.36,100,IBM
2025-10-23,9:30:38.152531310,T,268.64,100,270.0,3000,IBM
2025-10-23,9:30:38.230902876,T,268.64,100,269.52,100,IBM
2025-10-23,9:30:38.346177370,T,268.64,100,270.0,3000,IBM
2025-10-23,9:30:40.621218433,T,268.64,100,270.0,3100,IBM
2025-10-23,9:30:40.622030386,T,268.75,100,270.0,3100,IBM
2025-10-23,9:30:40.667799423,T,268.75,100,270.0,3000,IBM
2025-10-23,9:30:40.686960034,T,268.75,300,270.0,3000,IBM
2025-10-23,9:30:40.828306474,T,268.75,300,269.52,100,IBM
2025-10-23,9:30:41.306134391,T,268.75,300,270.0,3100,IBM
2025-10-23,9:30:41.306139089,T,268.75,300,270.0,3000,IBM
2025-10-23,9:30:41.306319507,T,269.03,100,270.0,3000,IBM
2025-10-23,9:30:41.306339494,T,268.75,300,270.0,3000,IBM
2025-10-23,9:30:41.306379629,T,268.75,300,270.0,3100,IBM
2025-10-23,9:30:41.306444765,T,268.75,200,270.0,3100,IBM
2025-10-23,9:30:41.306470064,T,269.03,100,270.0,3100,IBM
2025-10-23,9:30:41.306529975,T,268.75,200,270.0,3100,IBM
2025-10-23,9:30:41.306640245,T,268.82,100,270.0,3100,IBM
2025-10-23,9:30:41.306650584,T,268.75,200,270.0,3100,IBM
2025-10-23,9:30:41.306665329,T,269.2,100,270.0,3100,IBM
2025-10-23,9:30:41.306770504,T,269.37,100,270.0,3100,IBM
2025-10-23,9:30:41.306810827,T,269.37,100,269.99,100,IBM
2025-10-23,9:30:41.306825628,T,269.37,100,269.99,300,IBM
2025-10-23,9:30:41.306865736,T,269.2,100,269.99,300,IBM
2025-10-23,9:30:41.306865736,T,269.2,100,269.99,400,IBM
2025-10-23,9:30:41.306900844,T,269.13,100,269.99,400,IBM
2025-10-23,9:30:41.306986079,T,269.13,100,269.99,300,IBM
2025-10-23,9:30:41.306986079,T,269.13,100,269.99,100,IBM
2025-10-23,9:30:41.306991043,T,269.13,100,270.0,3100,IBM
2025-10-23,9:30:41.307016125,T,269.13,100,269.81,400,IBM
2025-10-23,9:30:41.307191529,T,268.82,100,269.81,400,IBM
2025-10-23,9:30:41.307251661,T,268.75,200,269.81,400,IBM
2025-10-23,9:30:41.309767723,T,268.75,200,269.81,100,IBM
2025-10-23,9:30:41.309778173,T,268.75,200,270.0,3100,IBM
2025-10-23,9:30:41.309808136,T,268.75,300,270.0,3100,IBM
2025-10-23,9:30:41.309817763,T,269.14,100,270.0,3100,IBM
2025-10-23,9:30:41.310865423,T,269.13,100,270.0,3100,IBM
2025-10-23,9:30:41.318027387,T,268.75,200,270.0,3100,IBM
2025-10-23,9:30:41.386725944,T,268.75,200,269.96,100,IBM
2025-10-23,9:30:41.505578896,T,269.36,100,269.96,100,IBM
2025-10-23,9:30:41.711218467,T,269.36,100,270.0,3000,IBM
2025-10-23,9:30:41.711218467,T,269.95,400,270.0,3000,IBM
2025-10-23,9:30:41.711243551,T,269.36,100,270.0,3000,IBM
2025-10-23,9:30:41.711248935,T,269.48,100,270.0,3000,IBM
2025-10-23,9:30:41.711449107,T,269.48,100,270.0,2900,IBM
2025-10-23,9:30:41.711454153,T,269.48,100,270.0,2800,IBM
2025-10-23,9:30:41.711454153,T,269.48,100,270.0,2700,IBM
2025-10-23,9:30:41.711469061,T,269.48,100,270.0,2600,IBM
2025-10-23,9:30:41.711474004,T,269.48,100,270.0,2500,IBM
2025-10-23,9:30:41.711474004,T,269.48,100,270.0,2400,IBM
2025-10-23,9:30:41.711484076,T,269.48,100,270.0,2700,IBM
2025-10-23,9:30:41.711494073,T,269.48,200,270.0,2700,IBM
2025-10-23,9:30:41.711534113,T,269.57,100,270.0,2700,IBM
2025-10-23,9:30:41.711539122,T,269.48,200,270.0,2700,IBM
2025-10-23,9:30:41.711694571,T,269.57,100,270.0,2700,IBM
2025-10-23,9:30:41.711804785,T,269.48,200,270.0,2700,IBM
2025-10-23,9:30:41.711844849,T,269.48,100,270.0,2700,IBM
2025-10-23,9:30:41.712095449,T,269.48,100,270.0,300,IBM
2025-10-23,9:30:41.712095449,T,269.48,100,270.49,100,IBM
2025-10-23,9:30:41.712105503,T,269.48,100,270.0,300,IBM
2025-10-23,9:30:41.712115595,T,269.48,100,270.0,200,IBM
2025-10-23,9:30:41.712130587,T,269.48,100,270.49,100,IBM
2025-10-23,9:30:41.712135576,T,269.48,100,270.0,300,IBM
2025-10-23,9:30:41.712140624,T,269.48,100,270.49,100,IBM
2025-10-23,9:30:41.712320986,T,269.37,100,270.49,100,IBM
2025-10-23,9:30:41.713393587,T,268.75,200,270.49,100,IBM
2025-10-23,9:30:41.714105273,T,268.75,200,270.19,100,IBM
2025-10-23,9:30:41.714596401,T,269.6,300,270.19,100,IBM
2025-10-23,9:30:41.714776887,T,269.6,300,270.49,100,IBM
2025-10-23,9:30:41.715047494,T,269.6,300,270.0,100,IBM
2025-10-23,9:30:41.715212881,T,269.6,300,270.19,100,IBM
2025-10-23,9:30:41.715288051,T,268.75,200,270.19,100,IBM
2025-10-23,9:30:41.816188320,T,269.36,300,270.19,100,IBM
2025-10-23,9:30:42.225913720,T,269.36,300,270.0,100,IBM
2025-10-23,9:30:42.226850974,T,269.36,300,270.19,100,IBM
2025-10-23,9:30:42.227021292,T,269.36,300,270.0,100,IBM
2025-10-23,9:30:42.252502047,T,269.36,300,270.19,100,IBM
2025-10-23,9:30:42.851598283,T,268.75,200,270.19,100,IBM
2025-10-23,9:30:42.861451719,T,268.75,200,270.49,100,IBM
2025-10-23,9:30:42.861637183,T,268.82,100,270.49,100,IBM
2025-10-23,9:30:42.861652636,T,268.75,300,270.49,100,IBM
2025-10-23,9:30:42.861772492,T,268.75,200,270.49,100,IBM
2025-10-23,9:30:42.862514283,T,268.75,300,270.49,100,IBM
2025-10-23,9:30:42.863205902,T,268.75,300,270.19,100,IBM
2025-10-23,9:30:42.863230982,T,268.75,200,270.19,100,IBM
2025-10-23,9:30:42.865120423,T,268.75,200,270.49,100,IBM
2025-10-23,9:30:42.865170595,T,268.75,300,270.49,100,IBM
2025-10-23,9:30:42.866223136,T,268.82,100,270.49,100,IBM
2025-10-23,9:30:42.866273152,T,268.99,100,270.49,100,IBM
2025-10-23,9:30:42.866588974,T,268.75,200,270.49,100,IBM
2025-10-23,9:30:42.868663836,T,268.75,200,270.89,300,IBM
2025-10-23,9:30:42.868673912,T,268.75,200,270.49,100,IBM
2025-10-23,9:30:42.869130056,T,268.75,200,270.89,200,IBM
2025-10-23,9:30:42.869135040,T,268.75,200,270.49,100,IBM
2025-10-23,9:30:42.869150130,T,268.75,300,270.49,100,IBM
2025-10-23,9:30:42.869150130,T,268.99,100,270.49,100,IBM
2025-10-23,9:30:42.869591049,T,268.82,100,270.49,100,IBM
2025-10-23,9:30:42.870192531,T,268.75,200,270.49,100,IBM
2025-10-23,9:30:43.062375057,T,269.13,100,270.49,100,IBM
2025-10-23,9:30:43.219383943,T,269.48,100,270.49,100,IBM
2025-10-23,9:30:43.385334016,T,269.52,100,270.49,100,IBM
2025-10-23,9:30:43.571958224,T,269.52,200,270.49,100,IBM
2025-10-23,9:30:43.681198395,T,269.52,100,270.49,100,IBM
2025-10-23,9:30:43.682065445,T,269.52,200,270.49,100,IBM
2025-10-23,9:30:44.161742454,T,270.0,100,270.49,100,IBM
2025-10-23,9:30:44.854025473,T,270.0,200,270.49,100,IBM
2025-10-23,9:30:45.011390070,T,270.0,200,270.89,200,IBM
2025-10-23,9:30:45.011395100,T,270.0,200,270.49,100,IBM
2025-10-23,9:30:45.011400161,T,270.0,200,270.89,200,IBM
2025-10-23,9:30:45.011405064,T,270.0,200,270.49,100,IBM
2025-10-23,9:30:45.011410113,T,270.0,200,270.89,300,IBM
2025-10-23,9:30:45.011415187,T,270.0,200,270.49,100,IBM
2025-10-23,9:30:45.011425212,T,270.0,200,270.89,300,IBM
2025-10-23,9:30:45.011430193,T,270.0,200,270.49,100,IBM
2025-10-23,9:30:45.011455283,T,270.1,100,270.49,100,IBM
2025-10-23,9:30:45.011460189,T,270.24,100,270.49,100,IBM
2025-10-23,9:30:45.011470272,T,270.24,100,270.89,200,IBM
2025-10-23,9:30:45.011590542,T,270.1,100,270.89,200,IBM
2025-10-23,9:30:45.011605631,T,270.1,100,270.89,300,IBM
2025-10-23,9:30:45.011931315,T,270.1,100,270.79,200,IBM
2025-10-23,9:30:45.011951386,T,270.1,100,270.54,200,IBM
2025-10-23,9:30:45.011986471,T,270.1,100,270.89,300,IBM
2025-10-23,9:30:45.011991569,T,270.1,200,270.89,300,IBM
2025-10-23,9:30:45.012016518,T,270.1,300,270.89,300,IBM
2025-10-23,9:30:45.012592887,T,270.1,200,270.89,300,IBM
2025-10-23,9:30:45.012597913,T,270.1,200,270.89,200,IBM
2025-10-23,9:30:45.025318389,T,270.1,200,270.89,100,IBM
2025-10-23,9:30:45.025323515,T,270.1,200,271.0,100,IBM
2025-10-23,9:30:45.025403407,T,270.56,100,271.0,100,IBM
2025-10-23,9:30:45.026360733,T,270.1,200,271.0,100,IBM
2025-10-23,9:30:45.102136127,T,270.1,200,270.94,100,IBM
2025-10-23,9:30:45.182793095,T,270.1,300,270.94,100,IBM
2025-10-23,9:30:45.282876365,T,270.1,200,270.94,100,IBM
2025-10-23,9:30:45.283557989,T,270.1,300,270.94,100,IBM
2025-10-23,9:30:45.382518593,T,270.1,200,270.94,100,IBM
2025-10-23,9:30:45.943213440,T,270.12,100,270.94,100,IBM
2025-10-23,9:30:45.943218406,T,270.1,200,270.94,100,IBM
2025-10-23,9:30:45.945127989,T,270.1,200,271.0,100,IBM
2025-10-23,9:30:45.973676204,T,270.28,100,271.0,100,IBM
2025-10-23,9:30:45.973680960,T,270.1,200,271.0,100,IBM
2025-10-23,9:30:45.973736469,T,270.1,300,271.0,100,IBM
2025-10-23,9:30:45.973771149,T,270.1,200,271.0,100,IBM
2025-10-23,9:30:45.973786240,T,270.26,100,271.0,100,IBM
2025-10-23,9:30:45.973951653,T,270.1,200,271.0,100,IBM
2025-10-23,9:30:45.973981642,T,270.4,100,271.0,100,IBM
2025-10-23,9:30:45.974001690,T,270.4,200,271.0,100,IBM
2025-10-23,9:30:45.983995518,T,270.42,100,271.0,100,IBM
2025-10-23,9:30:46.082665401,T,270.4,200,271.0,100,IBM
2025-10-23,9:30:46.192216234,T,270.4,100,271.0,100,IBM
2025-10-23,9:30:46.362837367,T,269.7,100,271.0,100,IBM
2025-10-23,9:30:46.363027975,T,269.84,100,271.0,100,IBM
2025-10-23,9:30:46.363047963,T,269.7,100,271.0,100,IBM
2025-10-23,9:30:46.363258426,T,268.99,100,271.0,100,IBM
2025-10-23,9:30:46.462514675,T,268.75,200,271.0,100,IBM
2025-10-23,9:30:46.472493500,T,270.44,100,271.0,100,IBM
2025-10-23,9:30:46.516448087,T,270.44,100,270.99,100,IBM
2025-10-23,9:30:46.516453860,T,268.75,200,270.99,100,IBM
2025-10-23,9:30:46.516473251,T,268.75,200,271.0,100,IBM
2025-10-23,9:30:46.516473251,T,268.75,200,270.99,100,IBM
2025-10-23,9:30:46.516904215,T,268.75,200,270.9,100,IBM
2025-10-23,9:30:46.516909164,T,268.75,200,270.99,100,IBM
2025-10-23,9:30:46.516944303,T,268.75,200,270.9,100,IBM
2025-10-23,9:30:46.517009523,T,268.75,200,270.99,100,IBM
2025-10-23,9:30:46.517009523,T,268.75,200,270.9,100,IBM
2025-10-23,9:30:46.517380428,T,268.75,200,270.99,100,IBM
2025-10-23,9:30:46.517385297,T,268.82,100,270.99,100,IBM
2025-10-23,9:30:46.517385297,T,268.82,100,271.0,100,IBM
2025-10-23,9:30:46.517395413,T,269.5,100,271.0,100,IBM
2025-10-23,9:30:46.526767691,T,269.5,100,270.99,100,IBM
2025-10-23,9:30:46.526792684,T,268.82,100,270.99,100,IBM
2025-10-23,9:30:46.527945544,T,268.82,100,271.0,100,IBM
2025-10-23,9:30:46.585943531,T,268.82,100,271.0,200,IBM
2025-10-23,9:30:46.594924927,T,268.82,100,271.0,100,IBM
2025-10-23,9:30:46.595541473,T,270.05,100,271.0,100,IBM
2025-10-23,9:30:46.695950518,T,270.05,100,270.98,100,IBM
2025-10-23,9:30:46.695990625,T,268.75,200,270.98,100,IBM
2025-10-23,9:30:46.696015654,T,268.75,200,270.53,100,IBM
2025-10-23,9:30:46.696060706,T,268.75,200,271.0,100,IBM
2025-10-23,9:30:46.696175982,T,268.75,200,270.98,100,IBM
2025-10-23,9:30:46.696236213,T,268.75,200,270.98,200,IBM
2025-10-23,9:30:46.696431613,T,268.75,200,270.75,100,IBM
2025-10-23,9:30:46.696501811,T,268.75,200,270.53,100,IBM
2025-10-23,9:30:46.696536861,T,268.75,200,270.75,100,IBM
2025-10-23,9:30:46.696586983,T,268.75,200,270.53,100,IBM
2025-10-23,9:30:46.696622132,T,268.75,200,270.44,100,IBM
2025-10-23,9:30:46.696787477,T,270.0,100,270.44,100,IBM
2025-10-23,9:30:46.696797824,T,269.97,100,270.44,100,IBM
2025-10-23,9:30:46.696802537,T,269.33,100,270.44,100,IBM
2025-10-23,9:30:46.696807489,T,269.33,100,270.53,100,IBM
2025-10-23,9:30:46.696842652,T,268.75,200,270.53,100,IBM
2025-10-23,9:30:46.696947834,T,268.75,200,270.75,100,IBM
2025-10-23,9:30:46.697484181,T,269.33,100,270.75,100,IBM
2025-10-23,9:30:46.700516334,T,269.33,100,270.98,100,IBM
2025-10-23,9:30:46.704215159,T,269.33,100,271.0,100,IBM
2025-10-23,9:30:46.711031358,T,269.33,100,270.98,100,IBM
2025-10-23,9:30:46.782712066,T,269.33,100,271.0,100,IBM
2025-10-23,9:30:46.955307951,T,268.75,200,271.0,100,IBM
2025-10-23,9:30:46.955333032,T,269.85,100,271.0,100,IBM
2025-10-23,9:30:46.955578602,T,268.75,200,271.0,100,IBM
2025-10-23,9:30:46.955603735,T,269.92,100,271.0,100,IBM
2025-10-23,9:30:46.955633726,T,268.75,200,271.0,100,IBM
2025-10-23,9:30:46.956791522,T,269.7,100,271.0,100,IBM
2025-10-23,9:30:46.957959327,T,268.75,200,271.0,100,IBM
2025-10-23,9:30:47.088830918,T,268.75,200,270.81,100,IBM
2025-10-23,9:30:47.088840955,T,268.75,200,270.57,100,IBM
2025-10-23,9:30:47.089677909,T,269.71,100,270.57,100,IBM
2025-10-23,9:30:47.089703027,T,269.71,100,271.0,200,IBM
2025-10-23,9:30:47.089863325,T,269.71,100,271.0,100,IBM
2025-10-23,9:30:47.220298810,T,268.75,200,271.0,100,IBM
2025-10-23,9:30:47.220384260,T,268.75,200,271.0,200,IBM
2025-10-23,9:30:47.220384260,T,268.75,200,270.98,100,IBM
2025-10-23,9:30:47.220754892,T,268.75,200,271.0,200,IBM
2025-10-23,9:30:47.220759926,T,268.75,200,271.0,100,IBM
2025-10-23,9:30:47.221090793,T,268.75,200,271.0,200,IBM
2025-10-23,9:30:47.235229356,T,268.75,200,271.0,100,IBM
2025-10-23,9:30:47.235575214,T,268.75,200,271.0,200,IBM
2025-10-23,9:30:47.238311772,T,268.75,200,271.0,100,IBM
2025-10-23,9:30:47.279279291,T,268.82,100,271.0,100,IBM
2025-10-23,9:30:47.279299336,T,268.82,100,270.75,100,IBM
2025-10-23,9:30:47.284662063,T,268.82,100,271.0,100,IBM
2025-10-23,9:30:47.284762307,T,268.99,100,271.0,100,IBM
2025-10-23,9:30:47.366251281,T,269.88,600,271.0,100,IBM
2025-10-23,9:30:47.453052930,T,269.88,700,271.0,100,IBM
2025-10-23,9:30:47.482843887,T,269.88,600,271.0,100,IBM
2025-10-23,9:30:47.484167070,T,269.88,700,271.0,100,IBM
2025-10-23,9:30:47.521450749,T,269.88,600,271.0,100,IBM
2025-10-23,9:30:47.547377509,T,269.88,600,270.98,100,IBM
2025-10-23,9:30:47.611359820,T,269.88,600,271.0,100,IBM
2025-10-23,9:30:47.967472553,T,269.88,400,271.0,100,IBM
2025-10-23,9:30:47.967477657,T,269.88,400,270.98,100,IBM
2025-10-23,9:30:47.967512642,T,269.33,100,270.98,100,IBM
2025-10-23,9:30:47.967512642,T,268.75,200,270.98,100,IBM
2025-10-23,9:30:47.967537757,T,268.75,200,270.83,100,IBM
2025-10-23,9:30:47.967537757,T,268.75,200,270.82,100,IBM
2025-10-23,9:30:47.967547810,T,268.75,200,270.64,100,IBM
2025-10-23,9:30:47.967562805,T,268.75,200,270.58,100,IBM
2025-10-23,9:30:47.967597912,T,269.33,100,270.58,100,IBM
2025-10-23,9:30:47.967607954,T,269.33,100,270.35,100,IBM
2025-10-23,9:30:47.967622961,T,269.33,100,270.81,100,IBM
2025-10-23,9:30:47.967633008,T,268.75,300,270.81,100,IBM
2025-10-23,9:30:47.967633008,T,268.75,200,270.81,100,IBM
2025-10-23,9:30:47.967658032,T,268.75,200,270.35,100,IBM
2025-10-23,9:30:47.967688103,T,268.75,200,270.81,100,IBM
2025-10-23,9:30:47.967693105,T,268.75,200,270.64,100,IBM
2025-10-23,9:30:47.967943771,T,268.75,200,270.38,100,IBM
2025-10-23,9:30:47.968224329,T,268.75,200,270.35,100,IBM
2025-10-23,9:30:47.968254475,T,268.75,200,270.38,100,IBM
2025-10-23,9:30:47.968364738,T,269.71,100,270.38,100,IBM
2025-10-23,9:30:47.968394781,T,269.71,100,270.81,100,IBM
2025-10-23,9:30:47.968409853,T,269.71,100,270.64,100,IBM
2025-10-23,9:30:47.968419812,T,269.71,100,270.81,100,IBM
2025-10-23,9:30:47.968510042,T,269.71,100,270.64,100,IBM
2025-10-23,9:30:47.968550180,T,269.71,100,270.81,100,IBM
2025-10-23,9:30:47.972659899,T,269.71,100,270.83,100,IBM
2025-10-23,9:30:47.988076637,T,269.71,100,270.98,100,IBM
2025-10-23,9:30:48.022653942,T,269.71,100,270.83,100,IBM
2025-10-23,9:30:48.067581011,T,269.71,100,270.98,100,IBM
2025-10-23,9:30:48.069951567,T,269.71,100,271.0,100,IBM
2025-10-23,9:30:48.217998968,T,269.71,100,270.83,100,IBM
2025-10-23,9:30:48.219382309,T,269.71,100,271.0,100,IBM
2025-10-23,9:30:48.226935268,T,269.71,100,270.98,100,IBM
2025-10-23,9:30:48.305427182,T,269.71,100,271.0,100,IBM
2025-10-23,9:30:48.497840258,T,269.71,100,270.98,100,IBM
2025-10-23,9:30:48.497980579,T,268.75,200,270.98,100,IBM
2025-10-23,9:30:48.498015610,T,268.75,200,270.83,100,IBM
2025-10-23,9:30:48.498030645,T,268.75,200,270.37,100,IBM
2025-10-23,9:30:48.498040703,T,268.75,200,270.83,100,IBM
2025-10-23,9:30:48.498040703,T,268.75,200,270.23,100,IBM
2025-10-23,9:30:48.498577006,T,268.75,200,270.14,100,IBM
2025-10-23,9:30:48.498581985,T,268.75,200,270.1,100,IBM
2025-10-23,9:30:48.498591982,T,268.75,200,270.23,100,IBM
2025-10-23,9:30:48.498591982,T,268.75,200,270.05,100,IBM
2025-10-23,9:30:48.498932804,T,269.14,100,270.05,100,IBM
2025-10-23,9:30:48.498952832,T,269.14,100,270.14,200,IBM
2025-10-23,9:30:48.499013061,T,269.14,100,270.14,100,IBM
2025-10-23,9:30:48.532297255,T,269.14,100,269.68,100,IBM
2025-10-23,9:30:48.536607524,T,269.14,100,270.25,100,IBM
2025-10-23,9:30:48.540977934,T,269.14,100,269.45,100,IBM
2025-10-23,9:30:48.541007989,T,269.14,100,270.25,100,IBM
2025-10-23,9:30:48.541058116,T,269.14,100,270.79,100,IBM
2025-10-23,9:30:48.541073359,T,269.14,100,270.81,100,IBM
2025-10-23,9:30:48.541434031,T,269.14,100,270.79,100,IBM
2025-10-23,9:30:48.541438988,T,269.14,100,270.25,100,IBM
2025-10-23,9:30:48.541474128,T,269.14,100,270.79,100,IBM
2025-10-23,9:30:48.541474128,T,269.14,100,270.25,100,IBM
2025-10-23,9:30:48.541474128,T,269.14,100,270.64,100,IBM
2025-10-23,9:30:48.541504229,T,269.14,100,270.62,100,IBM
2025-10-23,9:30:48.541539316,T,269.14,100,270.47,100,IBM
2025-10-23,9:30:48.545714260,T,269.14,100,270.64,100,IBM
2025-10-23,9:30:48.545744329,T,269.14,100,270.83,100,IBM
2025-10-23,9:30:48.548515855,T,269.14,100,269.28,100,IBM
2025-10-23,9:30:48.548540964,T,269.14,100,270.83,100,IBM
2025-10-23,9:30:48.548936852,T,269.14,100,270.81,100,IBM
2025-10-23,9:30:48.548956951,T,269.14,100,270.83,100,IBM
2025-10-23,9:30:48.549112597,T,269.14,100,270.81,100,IBM
2025-10-23,9:30:48.549117336,T,269.14,100,270.79,100,IBM
2025-10-23,9:30:48.549122266,T,269.14,100,270.5,100,IBM
2025-10-23,9:30:48.549142362,T,269.14,100,270.79,100,IBM
2025-10-23,9:30:48.598374623,T,269.14,100,270.83,100,IBM
2025-10-23,9:30:48.718054541,T,269.14,100,270.98,100,IBM
2025-10-23,9:30:48.774473799,T,269.14,100,270.83,100,IBM
2025-10-23,9:30:48.774473799,T,269.14,100,270.81,100,IBM
2025-10-23,9:30:48.774594143,T,268.75,200,270.81,100,IBM
2025-10-23,9:30:48.774639150,T,268.75,200,270.74,100,IBM
2025-10-23,9:30:48.774864744,T,268.75,200,270.3,100,IBM
2025-10-23,9:30:48.775035096,T,268.75,200,270.47,100,IBM
2025-10-23,9:30:48.775110339,T,268.75,200,270.3,100,IBM
2025-10-23,9:30:48.775290721,T,268.75,200,270.47,100,IBM
2025-10-23,9:30:48.782949042,T,268.75,200,269.11,100,IBM
2025-10-23,9:30:48.782979012,T,268.75,200,270.47,100,IBM
2025-10-23,9:30:48.782993983,T,268.75,200,270.3,100,IBM
2025-10-23,9:30:48.782999095,T,268.75,200,270.47,100,IBM
2025-10-23,9:30:48.783405056,T,268.75,200,270.24,100,IBM
2025-10-23,9:30:48.783435187,T,268.75,200,270.47,100,IBM
2025-10-23,9:30:48.783540429,T,268.75,200,270.3,100,IBM
2025-10-23,9:30:48.783555388,T,268.75,200,270.24,100,IBM
2025-10-23,9:30:48.783590485,T,268.75,200,270.13,100,IBM
2025-10-23,9:30:48.807592715,T,268.75,200,270.3,100,IBM
2025-10-23,9:30:48.998076094,T,268.75,200,270.83,100,IBM
2025-10-23,9:30:49.146218767,T,268.75,200,270.47,100,IBM
2025-10-23,9:30:49.290717810,T,268.75,200,270.83,100,IBM
2025-10-23,9:30:49.290868148,T,269.0,100,270.83,100,IBM
2025-10-23,9:30:49.652123255,T,269.0,100,270.98,100,IBM
2025-10-23,9:30:49.653070552,T,269.0,100,270.47,100,IBM
2025-10-23,9:30:49.787465399,T,269.01,100,270.47,100,IBM
2025-10-23,9:30:49.795379245,T,269.0,100,270.47,100,IBM
2025-10-23,9:30:49.795389269,T,269.0,100,270.36,100,IBM
2025-10-23,9:30:49.803353193,T,269.0,100,270.47,100,IBM
2025-10-23,9:30:50.182155053,T,269.12,100,270.47,100,IBM
2025-10-23,9:30:50.182956945,T,269.12,200,270.47,100,IBM
2025-10-23,9:30:50.440244483,T,269.12,100,270.47,100,IBM
2025-10-23,9:30:50.691763176,T,269.12,300,270.47,100,IBM
2025-10-23,9:30:50.691793341,T,269.12,400,270.47,100,IBM
2025-10-23,9:30:50.898650749,T,269.12,400,271.0,100,IBM
2025-10-23,9:30:50.904564829,T,269.12,300,271.0,100,IBM
2025-10-23,9:30:50.911792019,T,269.12,400,271.0,100,IBM
2025-10-23,9:30:50.950479100,T,269.17,100,271.0,100,IBM
2025-10-23,9:30:50.950529343,T,269.12,300,271.0,100,IBM
2025-10-23,9:30:50.982675905,T,269.73,100,271.0,100,IBM
2025-10-23,9:30:50.982730898,T,269.17,100,271.0,100,IBM
2025-10-23,9:30:50.982765970,T,269.17,100,270.39,100,IBM
2025-10-23,9:30:50.982780997,T,269.18,100,270.39,100,IBM
2025-10-23,9:30:50.983347433,T,269.12,300,270.39,100,IBM
2025-10-23,9:30:50.983472673,T,269.12,200,270.39,100,IBM
2025-10-23,9:30:50.983793518,T,269.12,200,270.47,100,IBM
2025-10-23,9:30:50.983828509,T,269.12,200,271.0,100,IBM
2025-10-23,9:30:51.261274116,T,269.12,200,270.0,100,IBM
2025-10-23,9:30:51.340196916,T,269.12,200,270.0,200,IBM
2025-10-23,9:30:51.517619318,T,269.12,200,270.0,100,IBM
2025-10-23,9:30:51.597228891,T,269.12,200,270.0,200,IBM
2025-10-23,9:30:51.597765172,T,269.12,500,270.0,200,IBM
2025-10-23,9:30:51.626854442,T,269.12,500,270.0,100,IBM
2025-10-23,9:30:51.688145333,T,269.12,500,270.0,200,IBM
2025-10-23,9:30:51.724737426,T,269.12,500,270.0,100,IBM
2025-10-23,9:30:51.802547651,T,269.12,500,270.0,200,IBM
2025-10-23,9:30:52.086172897,T,269.12,400,270.0,200,IBM
2025-10-23,9:30:52.086198375,T,269.12,300,270.0,200,IBM
2025-10-23,9:30:52.086198375,T,268.31,100,270.0,200,IBM
2025-10-23,9:30:52.086223385,T,268.31,100,269.13,100,IBM
2025-10-23,9:30:52.086228379,T,268.31,100,269.97,100,IBM
2025-10-23,9:30:52.086228379,T,268.31,100,269.55,100,IBM
2025-10-23,9:30:52.086243415,T,268.31,100,269.54,100,IBM
2025-10-23,9:30:52.086253074,T,268.31,100,269.55,100,IBM
2025-10-23,9:30:52.086258122,T,268.14,100,269.55,100,IBM
2025-10-23,9:30:52.086273565,T,268.14,100,269.96,100,IBM
2025-10-23,9:30:52.086278141,T,268.31,100,269.96,100,IBM
2025-10-23,9:30:52.086303222,T,268.31,100,269.8,100,IBM
2025-10-23,9:30:52.086378435,T,268.31,100,269.6,100,IBM
2025-10-23,9:30:52.086493670,T,268.31,100,269.8,100,IBM
2025-10-23,9:30:52.086543888,T,268.31,100,269.93,100,IBM
2025-10-23,9:30:52.086819434,T,268.31,100,269.96,100,IBM
2025-10-23,9:30:52.087280501,T,267.97,100,269.96,100,IBM
2025-10-23,9:30:52.088794080,T,268.14,100,269.96,100,IBM
2025-10-23,9:30:52.088874298,T,267.97,100,269.96,100,IBM
2025-10-23,9:30:52.091285063,T,267.97,100,269.97,100,IBM
2025-10-23,9:30:52.091315112,T,267.97,100,269.96,100,IBM
2025-10-23,9:30:52.186391509,T,267.97,100,269.97,100,IBM
2025-10-23,9:30:52.186401552,T,267.97,100,270.0,100,IBM
2025-10-23,9:30:52.193548504,T,268.21,100,270.0,100,IBM
2025-10-23,9:30:52.614425562,T,268.55,100,270.0,100,IBM
2025-10-23,9:30:52.615227423,T,268.55,200,270.0,100,IBM
2025-10-23,9:30:52.617918864,T,268.66,100,270.0,100,IBM
2025-10-23,9:30:52.623031070,T,268.77,100,270.0,100,IBM
2025-10-23,9:30:52.623898135,T,269.01,100,270.0,100,IBM
2025-10-23,9:30:52.624023373,T,268.77,100,270.0,100,IBM
2025-10-23,9:30:52.624329115,T,268.82,100,270.0,100,IBM
2025-10-23,9:30:52.679856310,T,268.66,100,270.0,100,IBM
2025-10-23,9:30:52.679896492,T,268.66,100,270.0,200,IBM
2025-10-23,9:30:52.687850429,T,268.66,100,270.0,100,IBM
2025-10-23,9:30:52.693549055,T,268.66,100,269.98,100,IBM
2025-10-23,9:30:52.693573998,T,268.66,100,269.97,100,IBM
2025-10-23,9:30:52.693624130,T,268.66,100,269.83,100,IBM
2025-10-23,9:30:52.693659208,T,268.66,100,269.59,100,IBM
2025-10-23,9:30:52.693659208,T,268.66,100,269.56,100,IBM
2025-10-23,9:30:52.694310743,T,268.66,100,269.59,100,IBM
2025-10-23,9:30:52.694310743,T,268.77,100,269.59,100,IBM
2025-10-23,9:30:52.695057563,T,268.77,100,270.0,100,IBM
2025-10-23,9:30:52.696556056,T,268.66,100,270.0,100,IBM
2025-10-23,9:30:52.696581179,T,268.66,100,270.0,200,IBM
2025-10-23,9:30:52.697057318,T,268.77,100,270.0,200,IBM
2025-10-23,9:30:52.701257289,T,268.77,100,270.0,100,IBM
2025-10-23,9:30:52.731338965,T,268.77,100,270.0,200,IBM
2025-10-23,9:30:52.793922944,T,268.77,100,270.0,100,IBM
2025-10-23,9:30:52.800237955,T,267.97,100,270.0,100,IBM
2025-10-23,9:30:52.800242951,T,267.97,100,270.0,200,IBM
2025-10-23,9:30:52.840393552,T,267.97,100,270.0,100,IBM
2025-10-23,9:30:52.881371158,T,268.77,100,270.0,100,IBM
2025-10-23,9:30:52.907698809,T,267.97,100,270.0,100,IBM
2025-10-23,9:30:52.920579423,T,268.77,100,270.0,100,IBM
2025-10-23,9:30:52.920609552,T,268.77,200,270.0,100,IBM
2025-10-23,9:30:53.026977747,T,268.77,100,270.0,100,IBM
2025-10-23,9:30:53.930127948,T,268.77,100,269.5,100,IBM
2025-10-23,9:30:53.947689727,T,268.77,100,270.0,100,IBM
2025-10-23,9:30:54.106863761,T,268.77,100,270.0,200,IBM
2025-10-23,9:30:54.106883720,T,268.77,100,269.49,100,IBM
2025-10-23,9:30:54.106893841,T,268.77,100,270.0,200,IBM
2025-10-23,9:30:54.106898836,T,268.77,100,269.2,100,IBM
2025-10-23,9:30:54.115093342,T,268.77,100,269.48,100,IBM
2025-10-23,9:30:54.115118318,T,268.77,100,270.0,100,IBM
2025-10-23,9:30:54.193474885,T,268.77,100,269.48,100,IBM
2025-10-23,9:30:54.207317828,T,268.77,100,269.96,100,IBM
2025-10-23,9:30:54.317334839,T,268.77,100,270.0,100,IBM
2025-10-23,9:30:54.325945268,T,268.77,100,270.0,200,IBM
2025-10-23,9:30:54.432263384,T,268.77,100,270.0,100,IBM
2025-10-23,9:30:54.511461993,T,268.77,100,270.0,200,IBM
2025-10-23,9:30:54.549086536,T,267.8,100,270.0,200,IBM
2025-10-23,9:30:54.703759747,T,267.8,100,270.0,100,IBM
2025-10-23,9:30:54.710064817,T,267.8,100,270.0,200,IBM
2025-10-23,9:30:54.751302972,T,266.78,100,270.0,200,IBM
2025-10-23,9:30:54.751333316,T,266.78,100,269.49,100,IBM
2025-10-23,9:30:54.751353091,T,266.78,100,269.33,100,IBM
2025-10-23,9:30:54.751794180,T,266.78,100,269.48,100,IBM
2025-10-23,9:30:54.751794180,T,266.78,100,269.13,100,IBM
2025-10-23,9:30:54.751839554,T,266.61,100,269.13,100,IBM
2025-10-23,9:30:54.751904422,T,266.95,100,269.13,100,IBM
2025-10-23,9:30:54.751979635,T,268.31,100,269.13,100,IBM
2025-10-23,9:30:54.752114932,T,268.31,100,269.48,100,IBM
2025-10-23,9:30:54.752144993,T,268.31,100,269.67,100,IBM
2025-10-23,9:30:54.752340415,T,268.31,100,270.0,200,IBM
2025-10-23,9:30:54.752370533,T,268.31,100,270.0,100,IBM
2025-10-23,9:30:54.752395544,T,268.77,100,270.0,100,IBM
2025-10-23,9:30:54.752420656,T,268.77,200,270.0,100,IBM
2025-10-23,9:30:54.752510879,T,268.77,100,270.0,100,IBM
2025-10-23,9:30:54.752766973,T,268.66,100,270.0,100,IBM
2025-10-23,9:30:54.752766973,T,267.29,100,270.0,100,IBM
2025-10-23,9:30:54.752786552,T,267.12,100,270.0,100,IBM
2025-10-23,9:30:54.752791676,T,267.12,100,270.0,200,IBM
2025-10-23,9:30:54.752796501,T,267.12,100,269.67,100,IBM
2025-10-23,9:30:54.753392962,T,266.95,100,269.67,100,IBM
2025-10-23,9:30:54.753909164,T,266.95,100,269.96,100,IBM
2025-10-23,9:30:54.756996532,T,266.61,100,269.96,100,IBM
2025-10-23,9:30:54.794210080,T,266.61,100,270.0,100,IBM
2025-10-23,9:30:54.794721366,T,266.78,100,270.0,100,IBM
2025-10-23,9:30:54.816408000,T,266.78,100,269.49,100,IBM
2025-10-23,9:30:54.824331873,T,268.14,100,269.49,100,IBM
2025-10-23,9:30:55.042105477,T,266.78,100,269.49,100,IBM
2025-10-23,9:30:55.137472420,T,266.78,100,269.49,200,IBM
2025-10-23,9:30:55.248446552,T,266.78,100,269.49,100,IBM
2025-10-23,9:30:55.396965138,T,266.78,100,269.49,200,IBM
2025-10-23,9:30:55.613956679,T,266.78,100,269.49,100,IBM
2025-10-23,9:30:55.666341360,T,266.78,100,269.49,200,IBM
2025-10-23,9:30:55.776919688,T,266.78,100,269.49,100,IBM
2025-10-23,9:30:55.861365708,T,266.78,100,269.49,200,IBM
2025-10-23,9:30:55.861395701,T,266.78,100,269.49,100,IBM
2025-10-23,9:30:55.861395701,T,266.78,100,269.49,200,IBM
2025-10-23,9:30:55.861415789,T,266.78,100,269.48,100,IBM
2025-10-23,9:30:55.861470898,T,266.61,100,269.48,100,IBM
2025-10-23,9:30:55.861531043,T,266.44,300,269.48,100,IBM
2025-10-23,9:30:55.861831780,T,268.14,100,269.48,100,IBM
2025-10-23,9:30:55.861947053,T,268.14,100,269.49,200,IBM
2025-10-23,9:30:55.871855665,T,268.14,100,269.49,100,IBM
2025-10-23,9:30:55.873474532,T,267.12,100,269.49,100,IBM
2025-10-23,9:30:55.873499508,T,268.27,100,269.49,100,IBM
2025-10-23,9:30:56.217202859,T,268.27,100,269.47,100,IBM
2025-10-23,9:30:56.225156685,T,268.27,100,269.49,100,IBM
2025-10-23,9:30:56.680059554,T,268.27,100,269.49,200,IBM
2025-10-23,9:30:56.831615372,T,268.27,100,269.49,100,IBM
2025-10-23,9:30:56.993430659,T,268.27,100,269.48,100,IBM
2025-10-23,9:30:57.001479873,T,268.27,100,269.49,100,IBM
2025-10-23,9:30:57.040723341,T,266.44,300,269.49,100,IBM
2025-10-23,9:30:57.040748386,T,268.31,100,269.49,100,IBM
2025-10-23,9:30:57.119054770,T,268.31,100,269.49,200,IBM
2025-10-23,9:30:57.141778877,T,268.31,100,269.49,100,IBM
2025-10-23,9:30:57.410323189,T,266.61,100,269.49,100,IBM
2025-10-23,9:30:57.410353294,T,268.46,100,269.49,100,IBM
2025-10-23,9:30:57.498513123,T,268.46,100,269.49,200,IBM
2025-10-23,9:30:57.498543248,T,268.46,100,269.43,100,IBM
2025-10-23,9:30:57.506647510,T,268.46,100,269.49,200,IBM
2025-10-23,9:30:57.904855507,T,268.46,100,269.49,100,IBM
2025-10-23,9:30:58.177078586,T,268.46,100,269.48,100,IBM
2025-10-23,9:30:58.185002521,T,268.46,100,269.49,100,IBM
2025-10-23,9:30:58.935298645,T,268.46,100,269.49,200,IBM
2025-10-23,9:30:59.153513203,T,268.46,100,269.49,100,IBM
2025-10-23,9:30:59.733358512,T,268.46,400,269.49,100,IBM
2025-10-23,9:31:00.071448378,T,268.46,400,268.66,100,IBM
2025-10-23,9:31:00.071468385,T,268.46,400,269.49,100,IBM
2025-10-23,9:31:00.071488523,T,268.46,300,269.49,100,IBM
2025-10-23,9:31:00.071513573,T,268.66,100,269.49,100,IBM
2025-10-23,9:31:00.071518600,T,268.66,100,269.47,100,IBM
2025-10-23,9:31:00.071608737,T,268.46,300,269.47,100,IBM
2025-10-23,9:31:00.071633824,T,268.46,300,269.11,100,IBM
2025-10-23,9:31:00.071663841,T,268.46,300,269.49,100,IBM
2025-10-23,9:31:00.071663841,T,268.46,300,269.02,100,IBM
2025-10-23,9:31:00.072300398,T,268.42,100,269.02,100,IBM
2025-10-23,9:31:00.072721446,T,268.42,100,269.47,100,IBM
2025-10-23,9:31:00.082148861,T,268.42,100,269.49,100,IBM
2025-10-23,9:31:00.082609996,T,268.42,100,269.49,200,IBM
2025-10-23,9:31:00.093210234,T,268.42,100,269.49,100,IBM
2025-10-23,9:31:00.171276039,T,268.42,100,269.11,100,IBM
2025-10-23,9:31:00.171276039,T,268.42,100,269.11,200,IBM
2025-10-23,9:31:00.173436180,T,268.42,100,269.11,100,IBM
2025-10-23,9:31:00.173436180,T,268.42,100,269.49,100,IBM
2025-10-23,9:31:00.186021125,T,268.42,100,269.47,100,IBM
2025-10-23,9:31:00.211416607,T,268.42,100,269.1,100,IBM
2025-10-23,9:31:00.361839697,T,268.46,100,269.1,100,IBM
2025-10-23,9:31:01.138934883,T,268.42,100,269.1,100,IBM
2025-10-23,9:31:01.150938426,T,267.97,100,269.1,100,IBM
2025-10-23,9:31:01.150948447,T,267.54,200,269.1,100,IBM
2025-10-23,9:31:01.150968530,T,267.54,200,268.47,100,IBM
2025-10-23,9:31:01.151419576,T,267.54,200,268.88,100,IBM
2025-10-23,9:31:01.151444576,T,267.54,200,269.09,100,IBM
2025-10-23,9:31:01.151519751,T,267.54,200,268.88,100,IBM
2025-10-23,9:31:01.151519751,T,267.54,200,269.09,100,IBM
2025-10-23,9:31:01.151865673,T,267.54,200,269.1,200,IBM
2025-10-23,9:31:01.151910758,T,267.8,100,269.1,200,IBM
2025-10-23,9:31:01.152061182,T,267.8,200,269.1,200,IBM
2025-10-23,9:31:01.155809976,T,267.8,200,269.1,300,IBM
2025-10-23,9:31:01.155930342,T,267.8,200,269.09,100,IBM
2025-10-23,9:31:01.156486650,T,267.8,200,269.1,200,IBM
2025-10-23,9:31:01.156486650,T,267.8,200,269.09,100,IBM
2025-10-23,9:31:01.156767248,T,267.8,200,269.1,300,IBM
2025-10-23,9:31:01.156812420,T,267.8,200,269.1,200,IBM
2025-10-23,9:31:01.211828352,T,268.07,100,269.1,200,IBM
2025-10-23,9:31:01.211848434,T,268.07,200,269.1,200,IBM
2025-10-23,9:31:01.211873428,T,268.07,300,269.1,200,IBM
2025-10-23,9:31:01.220789809,T,268.07,200,269.1,200,IBM
2025-10-23,9:31:01.220789809,T,268.07,100,269.1,200,IBM
2025-10-23,9:31:01.220794694,T,266.44,200,269.1,200,IBM
2025-10-23,9:31:01.220814737,T,266.44,200,269.09,100,IBM
2025-10-23,9:31:01.220824835,T,266.44,200,268.71,100,IBM
2025-10-23,9:31:01.221245785,T,266.44,200,268.58,100,IBM
2025-10-23,9:31:01.221376110,T,266.44,200,268.71,100,IBM
2025-10-23,9:31:01.221396382,T,266.44,300,268.71,100,IBM
2025-10-23,9:31:01.221406124,T,266.61,100,268.71,100,IBM
2025-10-23,9:31:01.221411217,T,267.12,100,268.71,100,IBM
2025-10-23,9:31:01.221461344,T,267.74,400,268.71,100,IBM
2025-10-23,9:31:01.221852194,T,267.74,400,269.1,300,IBM
2025-10-23,9:31:01.221872342,T,267.74,400,269.1,200,IBM
2025-10-23,9:31:01.221882318,T,267.74,400,269.09,100,IBM
2025-10-23,9:31:01.222989982,T,267.74,400,269.1,200,IBM
2025-10-23,9:31:01.251462712,T,267.74,400,269.1,100,IBM
2025-10-23,9:31:01.251522889,T,267.74,400,269.1,200,IBM
2025-10-23,9:31:01.278978284,T,268.02,100,269.1,200,IBM
2025-10-23,9:31:01.279023366,T,268.02,500,269.1,200,IBM
2025-10-23,9:31:01.294460108,T,268.02,500,269.1,100,IBM
2025-10-23,9:31:01.321504476,T,268.02,500,269.1,200,IBM
2025-10-23,9:31:01.352538396,T,268.02,500,269.1,100,IBM
2025-10-23,9:31:01.464865828,T,268.02,500,268.87,100,IBM
2025-10-23,9:31:01.512358900,T,268.02,100,268.87,100,IBM
2025-10-23,9:31:01.512383884,T,268.08,400,268.87,100,IBM
2025-10-23,9:31:01.571158793,T,268.08,400,268.67,100,IBM
2025-10-23,9:31:02.339352658,T,268.32,100,268.67,100,IBM
2025-10-23,9:31:02.339397833,T,268.32,500,268.67,100,IBM
2025-10-23,9:31:02.339783682,T,268.32,400,268.67,100,IBM
2025-10-23,9:31:02.394564095,T,267.93,100,268.67,100,IBM
2025-10-23,9:31:02.394619240,T,266.44,300,268.67,100,IBM
2025-10-23,9:31:02.394714440,T,266.61,100,268.67,100,IBM
2025-10-23,9:31:02.394719573,T,266.78,100,268.67,100,IBM
2025-10-23,9:31:02.394734576,T,266.78,100,268.32,100,IBM
2025-10-23,9:31:02.394749586,T,266.95,100,268.32,100,IBM
2025-10-23,9:31:02.394754601,T,266.95,100,268.67,100,IBM
2025-10-23,9:31:02.394799639,T,266.78,100,268.67,100,IBM
2025-10-23,9:31:02.394804761,T,268.25,100,268.67,100,IBM
2025-10-23,9:31:02.395020280,T,268.28,100,268.67,100,IBM
2025-10-23,9:31:02.395340992,T,268.3,100,268.67,100,IBM
2025-10-23,9:31:02.762264547,T,268.3,200,268.67,100,IBM
2025-10-23,9:31:03.120016196,T,268.3,200,268.72,100,IBM
2025-10-23,9:31:03.120031405,T,268.66,100,268.72,100,IBM
2025-10-23,9:31:03.120041343,T,268.66,200,268.72,100,IBM
2025-10-23,9:31:03.120066326,T,268.66,100,268.72,100,IBM
2025-10-23,9:31:03.120107155,T,268.37,100,268.72,100,IBM
2025-10-23,9:31:03.120107155,T,268.3,100,268.72,100,IBM
2025-10-23,9:31:03.120637687,T,268.3,100,268.87,100,IBM
2025-10-23,9:31:03.120642754,T,268.3,100,268.72,100,IBM
2025-10-23,9:31:03.120743002,T,268.3,100,268.87,100,IBM
2025-10-23,9:31:03.120747962,T,268.3,100,268.72,100,IBM
2025-10-23,9:31:03.120788175,T,268.3,100,268.87,100,IBM
2025-10-23,9:31:03.120798053,T,268.3,100,268.72,100,IBM
2025-10-23,9:31:03.120853224,T,268.3,100,268.87,100,IBM
2025-10-23,9:31:03.131899518,T,268.3,100,269.1,100,IBM
2025-10-23,9:31:03.185682545,T,267.33,200,269.1,100,IBM
2025-10-23,9:31:03.186685083,T,268.3,100,269.1,100,IBM
2025-10-23,9:31:03.210396382,T,268.3,100,269.1,200,IBM
2025-10-23,9:31:03.245369645,T,268.3,400,269.1,200,IBM
2025-10-23,9:31:03.245394651,T,268.3,400,269.1,100,IBM
2025-10-23,9:31:03.455123972,T,268.3,400,269.1,200,IBM
2025-10-23,9:31:03.455144080,T,268.3,400,269.1,100,IBM
2025-10-23,9:31:03.551974547,T,268.3,400,269.0,100,IBM
2025-10-23,9:31:03.874322010,T,268.3,100,269.0,100,IBM
2025-10-23,9:31:04.397883484,T,268.3,400,269.0,100,IBM
2025-10-23,9:31:05.215224308,T,268.3,400,268.83,100,IBM
2025-10-23,9:31:05.216452919,T,268.3,300,268.83,100,IBM
2025-10-23,9:31:05.216452919,T,268.3,200,268.83,100,IBM
2025-10-23,9:31:05.216452919,T,268.0,2500,268.83,100,IBM
2025-10-23,9:31:05.216457272,T,268.3,100,268.83,100,IBM
2025-10-23,9:31:05.216467250,T,268.0,2500,268.83,100,IBM
2025-10-23,9:31:05.233653229,T,268.0,2500,268.82,100,IBM
2025-10-23,9:31:05.242008093,T,268.0,2500,268.83,100,IBM
2025-10-23,9:31:05.561408504,T,268.0,2500,268.3,100,IBM
2025-10-23,9:31:05.751185318,T,268.0,2500,268.3,200,IBM
2025-10-23,9:31:05.900841578,T,268.0,2700,268.3,200,IBM
2025-10-23,9:31:05.901503152,T,268.0,2700,268.3,100,IBM
2025-10-23,9:31:05.901503152,T,268.0,2700,268.83,100,IBM
2025-10-23,9:31:05.901523179,T,268.29,100,268.83,100,IBM
2025-10-23,9:31:05.902771152,T,268.29,200,268.83,100,IBM
2025-10-23,9:31:05.905592916,T,268.29,100,268.83,100,IBM
2025-10-23,9:31:05.963626018,T,268.66,100,268.83,100,IBM
2025-10-23,9:31:05.963651134,T,268.29,100,268.83,100,IBM
2025-10-23,9:31:05.964412964,T,268.0,2700,268.83,100,IBM
2025-10-23,9:31:07.860030725,T,268.0,2700,268.83,400,IBM
2025-10-23,9:31:08.276988375,T,268.0,2700,268.83,300,IBM
2025-10-23,9:31:08.276988375,T,268.0,2700,269.1,100,IBM
2025-10-23,9:31:08.277033385,T,268.12,100,269.1,100,IBM
2025-10-23,9:31:08.277269041,T,268.42,100,269.1,100,IBM
2025-10-23,9:31:08.277278997,T,268.47,100,269.1,100,IBM
2025-10-23,9:31:08.277634875,T,268.0,2700,269.1,100,IBM
2025-10-23,9:31:08.277634875,T,268.54,100,269.1,100,IBM
2025-10-23,9:31:08.278286394,T,268.12,100,269.1,100,IBM
2025-10-23,9:31:08.279434189,T,268.0,2700,269.1,100,IBM
2025-10-23,9:31:08.354938878,T,268.0,2700,269.0,100,IBM
2025-10-23,9:31:09.370662216,T,268.02,100,269.0,100,IBM
2025-10-23,9:31:09.370687111,T,268.0,2700,269.0,100,IBM
2025-10-23,9:31:09.370687111,T,268.02,100,269.0,100,IBM
2025-10-23,9:31:09.370732225,T,268.15,100,269.0,100,IBM
2025-10-23,9:31:09.370757318,T,268.02,100,269.0,100,IBM
2025-10-23,9:31:09.370807391,T,268.02,100,269.1,100,IBM
2025-10-23,9:31:09.370862545,T,268.0,2700,269.1,100,IBM
2025-10-23,9:31:09.370862545,T,268.02,100,269.1,100,IBM
2025-10-23,9:31:09.370912715,T,268.46,100,269.1,100,IBM
2025-10-23,9:31:09.371870016,T,268.45,100,269.1,100,IBM
2025-10-23,9:31:09.371945129,T,268.02,100,269.1,100,IBM
2025-10-23,9:31:09.372311038,T,268.0,2700,269.1,100,IBM
2025-10-23,9:31:09.372336093,T,268.02,100,269.1,100,IBM
2025-10-23,9:31:09.378916810,T,268.02,100,269.49,100,IBM
2025-10-23,9:31:09.378946931,T,268.14,100,269.49,100,IBM
2025-10-23,9:31:09.378962175,T,268.56,100,269.49,100,IBM
2025-10-23,9:31:09.378986843,T,268.57,100,269.49,100,IBM
2025-10-23,9:31:09.379372757,T,268.57,100,269.49,200,IBM
2025-10-23,9:31:09.379407868,T,268.57,100,269.49,300,IBM
2025-10-23,9:31:09.379463022,T,268.56,100,269.49,300,IBM
2025-10-23,9:31:09.379473084,T,268.31,100,269.49,300,IBM
2025-10-23,9:31:09.379473084,T,268.02,100,269.49,300,IBM
2025-10-23,9:31:09.379483075,T,268.02,100,269.47,100,IBM
2025-10-23,9:31:09.379723682,T,268.02,100,269.49,400,IBM
2025-10-23,9:31:09.379728622,T,268.57,100,269.49,400,IBM
2025-10-23,9:31:09.379914149,T,268.57,100,269.46,100,IBM
2025-10-23,9:31:09.379954173,T,268.15,100,269.46,100,IBM
2025-10-23,9:31:09.380189736,T,268.56,100,269.46,100,IBM
2025-10-23,9:31:09.380234914,T,268.56,100,269.49,400,IBM
2025-10-23,9:31:09.380966616,T,268.02,100,269.49,400,IBM
2025-10-23,9:31:09.389627268,T,268.57,100,269.49,400,IBM
2025-10-23,9:31:09.479882125,T,268.57,100,269.49,300,IBM
2025-10-23,9:31:09.530733167,T,268.0,2700,269.49,300,IBM
2025-10-23,9:31:09.531489974,T,268.57,100,269.49,300,IBM
2025-10-23,9:31:09.558930275,T,268.57,100,269.49,200,IBM
2025-10-23,9:31:09.880946852,T,268.57,100,269.39,100,IBM
2025-10-23,9:31:09.888920872,T,268.57,100,269.49,100,IBM
2025-10-23,9:31:09.957930134,T,268.57,100,269.47,100,IBM
2025-10-23,9:31:09.961107624,T,268.57,100,269.49,100,IBM
2025-10-23,9:31:10.039815095,T,268.57,100,269.49,200,IBM
2025-10-23,9:31:10.223848395,T,268.57,100,269.49,100,IBM
2025-10-23,9:31:10.383989366,T,268.57,100,269.4,100,IBM
2025-10-23,9:31:10.384290081,T,268.57,100,269.47,100,IBM
2025-10-23,9:31:10.888690983,T,268.57,100,269.4,100,IBM
2025-10-23,9:31:10.896735102,T,268.57,100,269.49,200,IBM
2025-10-23,9:31:10.904784311,T,268.57,100,269.48,100,IBM
2025-10-23,9:31:11.281957242,T,268.57,100,269.49,100,IBM
2025-10-23,9:31:11.361807276,T,268.57,100,269.49,200,IBM
2025-10-23,9:31:11.361927648,T,268.57,100,269.49,100,IBM
2025-10-23,9:31:11.361927648,T,268.57,100,269.49,200,IBM
2025-10-23,9:31:11.374141688,T,268.57,100,269.49,100,IBM
2025-10-23,9:31:11.430981974,T,268.0,2700,269.49,100,IBM
2025-10-23,9:31:11.430997083,T,268.57,100,269.49,100,IBM
2025-10-23,9:31:11.430997083,T,268.57,100,269.49,200,IBM
2025-10-23,9:31:11.431002103,T,268.0,2700,269.49,200,IBM
2025-10-23,9:31:11.431012100,T,268.0,2700,268.57,100,IBM
2025-10-23,9:31:11.431047207,T,268.0,2700,269.14,100,IBM
2025-10-23,9:31:11.431322803,T,268.0,2700,269.14,200,IBM
2025-10-23,9:31:11.431458109,T,268.0,2700,269.13,100,IBM
2025-10-23,9:31:11.431478210,T,268.0,2700,269.14,200,IBM
2025-10-23,9:31:11.431483193,T,268.0,2700,269.14,100,IBM
2025-10-23,9:31:11.431498185,T,268.22,100,269.14,100,IBM
2025-10-23,9:31:11.431518318,T,268.22,100,269.14,200,IBM
2025-10-23,9:31:11.432034778,T,268.22,100,269.14,100,IBM
2025-10-23,9:31:11.432214980,T,268.22,100,268.57,200,IBM
2025-10-23,9:31:11.932987131,T,268.22,100,269.49,200,IBM
2025-10-23,9:31:13.062832022,T,268.22,100,269.49,100,IBM
2025-10-23,9:31:13.144716982,T,268.22,100,269.49,200,IBM
2025-10-23,9:31:13.247361319,T,268.22,100,269.49,100,IBM
2025-10-23,9:31:13.331055545,T,268.22,100,269.49,200,IBM
2025-10-23,9:31:13.332042877,T,268.22,100,269.43,100,IBM
2025-10-23,9:31:13.340137107,T,268.22,100,269.47,100,IBM
2025-10-23,9:31:13.743301992,T,268.22,100,269.49,100,IBM
2025-10-23,9:31:13.823658245,T,268.22,100,269.49,200,IBM
2025-10-23,9:31:13.841976820,T,268.22,100,269.49,100,IBM
2025-10-23,9:31:13.920323413,T,268.22,100,269.49,200,IBM
2025-10-23,9:31:13.959140743,T,268.22,100,269.49,100,IBM
2025-10-23,9:31:14.037883279,T,268.22,100,269.47,100,IBM
2025-10-23,9:31:14.107057946,T,268.22,100,269.49,100,IBM
2025-10-23,9:31:15.269665760,T,268.22,100,269.49,200,IBM
2025-10-23,9:31:15.328581058,T,268.22,100,269.49,100,IBM
2025-10-23,9:31:15.434007015,T,268.22,100,269.49,200,IBM
2025-10-23,9:31:15.434458092,T,268.22,100,269.23,300,IBM
2025-10-23,9:31:15.434493197,T,268.22,100,269.23,600,IBM
2025-10-23,9:31:15.435250049,T,268.22,100,269.23,300,IBM
2025-10-23,9:31:15.811766529,T,268.0,2700,269.23,300,IBM
2025-10-23,9:31:15.811806552,T,268.0,2700,269.23,400,IBM
2025-10-23,9:31:15.811816581,T,268.0,2700,268.98,100,IBM
2025-10-23,9:31:15.811826601,T,268.0,2700,269.23,300,IBM
2025-10-23,9:31:15.811826601,T,268.0,2700,268.76,100,IBM
2025-10-23,9:31:15.811841615,T,268.0,2700,268.75,100,IBM
2025-10-23,9:31:15.811896828,T,268.0,2700,268.66,100,IBM
2025-10-23,9:31:15.811916873,T,268.0,2700,268.75,100,IBM
2025-10-23,9:31:15.812052110,T,268.0,2700,268.66,100,IBM
2025-10-23,9:31:15.812082216,T,268.0,2700,268.75,100,IBM
2025-10-23,9:31:15.812864144,T,268.0,2700,269.49,200,IBM
2025-10-23,9:31:15.813019496,T,268.0,2300,269.49,200,IBM
2025-10-23,9:31:15.813039530,T,268.0,2300,269.47,100,IBM
2025-10-23,9:31:15.813044805,T,268.0,1200,269.47,100,IBM
2025-10-23,9:31:15.813044805,T,268.0,1200,269.28,100,IBM
2025-10-23,9:31:15.813059559,T,268.0,1200,269.23,100,IBM
2025-10-23,9:31:15.813079560,T,268.0,1200,268.75,100,IBM
2025-10-23,9:31:15.813530685,T,268.0,1200,268.49,100,IBM
2025-10-23,9:31:15.813545949,T,268.0,1200,268.75,100,IBM
2025-10-23,9:31:15.813565733,T,268.0,1200,268.45,100,IBM
2025-10-23,9:31:15.813706139,T,268.0,200,268.45,100,IBM
2025-10-23,9:31:15.813711131,T,267.14,1700,268.45,100,IBM
2025-10-23,9:31:15.814086960,T,267.46,100,268.45,100,IBM
2025-10-23,9:31:15.814152112,T,267.14,1700,268.45,100,IBM
2025-10-23,9:31:15.814307559,T,267.29,100,268.45,100,IBM
2025-10-23,9:31:15.815139488,T,267.14,1700,268.45,100,IBM
2025-10-23,9:31:15.822732591,T,267.14,1700,268.75,100,IBM
2025-10-23,9:31:15.822752587,T,267.14,1700,269.47,100,IBM
2025-10-23,9:31:15.825985332,T,267.14,1700,268.3,100,IBM
2025-10-23,9:31:15.847491579,T,267.92,100,268.3,100,IBM
2025-10-23,9:31:15.868927572,T,267.14,1700,268.3,100,IBM
2025-10-23,9:31:15.923652920,T,267.14,1700,268.3,500,IBM
2025-10-23,9:31:16.358292721,T,267.14,1700,268.3,100,IBM
2025-10-23,9:31:17.131633679,T,267.14,1800,268.3,100,IBM
2025-10-23,9:31:17.131648738,T,267.14,1700,268.3,100,IBM
2025-10-23,9:31:17.131874256,T,267.14,1500,268.3,100,IBM
2025-10-23,9:31:19.853338138,T,268.21,100,268.3,100,IBM
2025-10-23,9:31:19.853358465,T,267.95,100,268.3,100,IBM
2025-10-23,9:31:19.853378206,T,267.8,100,268.3,100,IBM
2025-10-23,9:31:19.853869401,T,267.95,100,268.3,100,IBM
2025-10-23,9:31:19.854230291,T,267.8,100,268.3,100,IBM
2025-10-23,9:31:19.854250342,T,267.14,1500,268.3,100,IBM
2025-10-23,9:31:19.964327361,T,267.51,100,268.3,100,IBM
2025-10-23,9:31:20.902250238,T,267.51,100,269.49,100,IBM
2025-10-23,9:31:20.902270485,T,268.26,100,269.49,100,IBM
2025-10-23,9:31:20.902996948,T,267.51,100,269.49,100,IBM
2025-10-23,9:31:20.903007054,T,267.51,100,268.99,100,IBM
2025-10-23,9:31:20.903122330,T,267.51,100,268.94,400,IBM
2025-10-23,9:31:20.903142363,T,267.51,100,268.94,500,IBM
2025-10-23,9:31:21.889961623,T,267.51,100,268.94,200,IBM
2025-10-23,9:31:21.890021867,T,268.28,100,268.94,200,IBM
2025-10-23,9:31:21.890026833,T,267.51,100,268.94,200,IBM
2025-10-23,9:31:21.890207251,T,267.51,100,268.94,100,IBM
2025-10-23,9:31:21.890212216,T,267.51,100,269.28,100,IBM
2025-10-23,9:31:21.890217220,T,267.51,100,269.45,100,IBM
2025-10-23,9:31:21.890237294,T,267.77,100,269.45,100,IBM
2025-10-23,9:31:21.890237294,T,267.51,100,269.45,100,IBM
2025-10-23,9:31:21.890242242,T,268.62,100,269.45,100,IBM
2025-10-23,9:31:21.890397676,T,268.62,100,269.49,100,IBM
2025-10-23,9:31:21.890497863,T,268.44,100,269.49,100,IBM
2025-10-23,9:31:21.890913881,T,268.69,100,269.49,100,IBM
2025-10-23,9:31:21.891229685,T,268.45,100,269.49,100,IBM
2025-10-23,9:31:21.895209194,T,268.69,100,269.49,100,IBM
2025-10-23,9:31:21.895209194,T,268.26,100,269.49,100,IBM
2025-10-23,9:31:21.895214179,T,268.72,100,269.49,100,IBM
2025-10-23,9:31:21.895820587,T,268.26,100,269.49,100,IBM
2025-10-23,9:31:21.896031041,T,268.45,100,269.49,100,IBM
2025-10-23,9:31:21.898090965,T,268.26,100,269.49,100,IBM
2025-10-23,9:31:21.922032925,T,268.26,100,269.47,100,IBM
2025-10-23,9:31:21.922123250,T,268.26,100,269.49,100,IBM
2025-10-23,9:31:21.922148300,T,268.73,100,269.49,100,IBM
2025-10-23,9:31:21.922158225,T,268.74,100,269.49,100,IBM
2025-10-23,9:31:21.922183342,T,268.85,100,269.49,100,IBM
2025-10-23,9:31:21.923185761,T,268.74,100,269.49,100,IBM
2025-10-23,9:31:21.929355415,T,268.74,100,270.0,200,IBM
2025-10-23,9:31:22.022256625,T,268.26,100,270.0,200,IBM
2025-10-23,9:31:22.166700458,T,269.03,100,270.0,200,IBM
2025-10-23,9:31:22.166700458,T,268.26,100,270.0,200,IBM
2025-10-23,9:31:22.166715538,T,268.41,100,270.0,200,IBM
2025-10-23,9:31:22.166725465,T,268.26,100,270.0,200,IBM
2025-10-23,9:31:22.166805751,T,268.45,100,270.0,200,IBM
2025-10-23,9:31:22.166961120,T,268.57,100,270.0,200,IBM
2025-10-23,9:31:22.166976085,T,268.73,100,270.0,200,IBM
2025-10-23,9:31:22.167181595,T,268.26,100,270.0,200,IBM
2025-10-23,9:31:22.167181595,T,268.73,100,270.0,200,IBM
2025-10-23,9:31:22.167316970,T,269.38,100,270.0,200,IBM
2025-10-23,9:31:22.169056055,T,268.41,100,270.0,200,IBM
2025-10-23,9:31:22.171702346,T,268.26,100,270.0,200,IBM
2025-10-23,9:31:22.335772988,T,268.41,100,270.0,200,IBM
2025-10-23,9:31:22.441133780,T,268.26,100,270.0,200,IBM
2025-10-23,9:31:22.495548304,T,268.41,100,270.0,200,IBM
2025-10-23,9:31:22.613824957,T,268.26,100,270.0,200,IBM
2025-10-23,9:31:22.740185796,T,267.51,100,270.0,200,IBM
2025-10-23,9:31:22.815018890,T,268.57,100,270.0,200,IBM
2025-10-23,9:31:22.902812992,T,269.02,100,270.0,200,IBM
2025-10-23,9:31:23.049041191,T,269.03,100,270.0,200,IBM
2025-10-23,9:31:23.052905268,T,269.02,100,270.0,200,IBM
2025-10-23,9:31:23.065655704,T,269.03,100,270.0,200,IBM
2025-10-23,9:31:23.223721977,T,269.02,100,270.0,200,IBM
2025-10-23,9:31:23.308443711,T,269.03,100,270.0,200,IBM
2025-10-23,9:31:23.429857706,T,269.02,100,270.0,200,IBM
2025-10-23,9:31:23.554524473,T,269.03,100,270.0,200,IBM
2025-10-23,9:31:23.665433605,T,269.02,100,270.0,200,IBM
2025-10-23,9:31:23.708055003,T,269.06,100,270.0,200,IBM
2025-10-23,9:31:23.708080046,T,269.06,100,270.0,100,IBM
2025-10-23,9:31:23.708085229,T,269.06,100,270.49,200,IBM
2025-10-23,9:31:23.708085229,T,269.41,100,270.49,200,IBM
2025-10-23,9:31:23.708085229,T,269.02,100,270.49,200,IBM
2025-10-23,9:31:23.708090135,T,269.06,100,270.49,200,IBM
2025-10-23,9:31:23.708115202,T,269.65,100,270.49,200,IBM
2025-10-23,9:31:23.708295648,T,269.65,100,271.0,100,IBM
2025-10-23,9:31:23.708305592,T,269.65,100,270.95,200,IBM
2025-10-23,9:31:23.708606290,T,269.65,100,270.47,100,IBM
2025-10-23,9:31:23.708671708,T,269.65,100,270.95,200,IBM
2025-10-23,9:31:23.708691486,T,269.7,100,270.95,200,IBM
2025-10-23,9:31:23.708721560,T,269.71,100,270.95,200,IBM
2025-10-23,9:31:23.708937079,T,269.7,100,270.95,200,IBM
2025-10-23,9:31:23.709022362,T,269.65,100,270.95,200,IBM
2025-10-23,9:31:23.709042437,T,269.42,100,270.95,200,IBM
2025-10-23,9:31:23.709112683,T,269.68,100,270.95,200,IBM
2025-10-23,9:31:23.709157605,T,269.71,100,270.95,200,IBM
2025-10-23,9:31:23.709433309,T,269.42,100,270.95,200,IBM
2025-10-23,9:31:23.709548630,T,269.71,100,270.95,200,IBM
2025-10-23,9:31:23.709693960,T,269.65,100,270.95,200,IBM
2025-10-23,9:31:23.712305156,T,269.42,100,270.95,200,IBM
2025-10-23,9:31:23.713482958,T,269.06,100,270.95,200,IBM
2025-10-23,9:31:23.714179656,T,269.9,100,270.95,200,IBM
2025-10-23,9:31:23.715643066,T,269.06,100,270.95,200,IBM
2025-10-23,9:31:23.716705646,T,269.05,100,270.95,200,IBM
2025-10-23,9:31:23.717813294,T,269.02,100,270.95,200,IBM
2025-10-23,9:31:23.717848368,T,269.05,100,270.95,200,IBM
2025-10-23,9:31:23.717873418,T,269.42,100,270.95,200,IBM
2025-10-23,9:31:23.719367009,T,269.06,100,270.95,200,IBM
2025-10-23,9:31:23.719587455,T,269.06,200,270.95,200,IBM
2025-10-23,9:31:23.719993486,T,269.06,100,270.95,200,IBM
2025-10-23,9:31:23.862923725,T,269.02,100,270.95,200,IBM
2025-10-23,9:31:23.863194794,T,269.05,100,270.95,200,IBM
2025-10-23,9:31:23.863219417,T,269.02,100,270.95,200,IBM
2025-10-23,9:31:23.863224496,T,269.06,100,270.95,200,IBM
2025-10-23,9:31:23.863364753,T,269.21,100,270.95,200,IBM
2025-10-23,9:31:23.863399843,T,269.02,100,270.95,200,IBM
2025-10-23,9:31:23.863399843,T,269.06,100,270.95,200,IBM
2025-10-23,9:31:23.863505069,T,269.06,100,271.0,100,IBM
2025-10-23,9:31:23.863520137,T,269.05,100,271.0,100,IBM
2025-10-23,9:31:23.863555396,T,269.06,100,271.0,100,IBM
2025-10-23,9:31:23.914556692,T,269.06,200,271.0,100,IBM
2025-10-23,9:31:24.462040130,T,269.06,100,271.0,100,IBM
2025-10-23,9:31:24.462070141,T,269.02,100,271.0,100,IBM
2025-10-23,9:31:24.469853736,T,269.06,100,271.0,100,IBM
2025-10-23,9:31:25.027952325,T,269.21,100,271.0,100,IBM
2025-10-23,9:31:25.029245412,T,269.21,200,271.0,100,IBM
2025-10-23,9:31:25.333920748,T,269.21,100,271.0,100,IBM
2025-10-23,9:31:25.333920748,T,269.21,200,271.0,100,IBM
2025-10-23,9:31:25.459394452,T,269.21,100,271.0,100,IBM
2025-10-23,9:31:25.459459605,T,269.02,100,271.0,100,IBM
2025-10-23,9:31:25.570353659,T,269.21,100,271.0,100,IBM
2025-10-23,9:31:25.725292471,T,269.02,100,271.0,100,IBM
2025-10-23,9:31:25.751028743,T,269.06,100,271.0,100,IBM
2025-10-23,9:31:26.005389396,T,269.02,100,271.0,100,IBM
2025-10-23,9:31:26.005404381,T,269.02,100,270.98,100,IBM
2025-10-23,9:31:26.013558816,T,269.02,100,271.0,100,IBM
2025-10-23,9:31:26.013568765,T,269.21,100,271.0,100,IBM
2025-10-23,9:31:26.013583887,T,269.21,200,271.0,100,IBM
2025-10-23,9:31:26.015418231,T,269.21,100,271.0,100,IBM
2025-10-23,9:31:26.091569476,T,269.38,100,271.0,100,IBM
2025-10-23,9:31:26.095819605,T,269.21,100,271.0,100,IBM
2025-10-23,9:31:26.215058532,T,269.02,100,271.0,100,IBM
2025-10-23,9:31:26.284985000,T,269.06,100,271.0,100,IBM
2025-10-23,9:31:26.284995048,T,269.38,100,271.0,100,IBM
2025-10-23,9:31:26.285120277,T,269.86,100,271.0,100,IBM
2025-10-23,9:31:26.285155363,T,269.41,100,271.0,100,IBM
2025-10-23,9:31:26.285155363,T,269.89,100,271.0,100,IBM
2025-10-23,9:31:26.309172518,T,269.69,100,271.0,100,IBM
2025-10-23,9:31:26.385193483,T,269.38,100,271.0,100,IBM
2025-10-23,9:31:26.385223557,T,269.06,100,271.0,100,IBM
2025-10-23,9:31:26.491586792,T,269.38,100,271.0,100,IBM
2025-10-23,9:31:26.491586792,T,269.41,100,271.0,100,IBM
2025-10-23,9:31:26.491591816,T,270.3,100,271.0,100,IBM
2025-10-23,9:31:26.491621842,T,269.69,100,271.0,100,IBM
2025-10-23,9:31:26.491667000,T,269.85,100,271.0,100,IBM
2025-10-23,9:31:26.491762187,T,270.3,100,271.0,100,IBM
2025-10-23,9:31:26.491857655,T,270.3,100,271.91,100,IBM
2025-10-23,9:31:26.491932611,T,270.3,100,271.96,200,IBM
2025-10-23,9:31:26.492007797,T,269.53,100,271.96,200,IBM
