DATE,TIME_M,EX,SYM_ROOT,TR_SCOND,SIZE,PRICE
2025-10-30,9:30:00.244751944,T,KO,TI,2,68.45
2025-10-30,9:30:00.433571676,T,KO,TI,1,68.45
2025-10-30,9:30:01.217746594,T,KO,I,50,68.41
2025-10-30,9:30:01.217755504,T,KO,Q,50,68.41
2025-10-30,9:30:01.234081439,T,KO,F I,89,68.435
2025-10-30,9:30:01.276184940,T,KO,I,11,68.435
2025-10-30,9:30:01.276187630,T,KO,,180,68.435
2025-10-30,9:30:01.276190822,T,KO,,100,68.45
2025-10-30,9:30:01.276190822,T,KO,I,50,68.45
2025-10-30,9:30:01.276193667,T,KO,,231,68.45
2025-10-30,9:30:01.276205665,T,KO,I,1,68.45
2025-10-30,9:30:01.276263186,T,KO,F I,90,68.45
2025-10-30,9:30:01.276265985,T,KO,F,100,68.45
2025-10-30,9:30:01.276271812,T,KO,,100,68.45
2025-10-30,9:30:01.276271812,T,KO,I,90,68.45
2025-10-30,9:30:01.276277891,T,KO,I,7,68.45
2025-10-30,9:30:01.276304888,T,KO,,100,68.45
2025-10-30,9:30:01.276704869,T,KO,,100,68.46
2025-10-30,9:30:01.276975552,T,KO,,100,68.46
2025-10-30,9:30:01.277234294,T,KO,I,26,68.47
2025-10-30,9:30:01.277238025,T,KO,,100,68.47
2025-10-30,9:30:01.280277391,T,KO,,200,68.51
2025-10-30,9:30:01.288225286,T,KO,I,9,68.52
2025-10-30,9:30:01.288225286,T,KO,I,50,68.52
2025-10-30,9:30:01.428004203,T,KO,F,200,68.55
2025-10-30,9:30:01.428605672,T,KO,I,1,68.56
2025-10-30,9:30:01.428605672,T,KO,,163,68.56
2025-10-30,9:30:01.428632704,T,KO,F I,87,68.56
2025-10-30,9:30:01.499478456,T,KO,F I,1,68.55
2025-10-30,9:30:01.499511448,T,KO,I,49,68.55
2025-10-30,9:30:01.589272316,T,KO,I,50,68.54
2025-10-30,9:30:01.589275335,T,KO,I,50,68.53
2025-10-30,9:30:01.589275335,T,KO,,100,68.53
2025-10-30,9:30:01.589278321,T,KO,,100,68.53
2025-10-30,9:30:01.589341446,T,KO,F I,50,68.52
2025-10-30,9:30:01.589615637,T,KO,F,100,68.53
2025-10-30,9:30:01.589615637,T,KO,F I,50,68.51
2025-10-30,9:30:01.589816546,T,KO,,100,68.53
2025-10-30,9:30:01.594874666,T,KO,F,100,68.54
2025-10-30,9:30:01.602395515,T,KO,I,50,68.54
2025-10-30,9:30:01.602399218,T,KO,I,2,68.54
2025-10-30,9:30:03.080845776,T,KO,I,50,68.55
2025-10-30,9:30:03.080845776,T,KO,I,50,68.55
2025-10-30,9:30:03.080848771,T,KO,,322,68.55
2025-10-30,9:30:03.081630699,T,KO,F,100,68.57
2025-10-30,9:30:03.082653125,T,KO,,100,68.58
2025-10-30,9:30:03.082683735,T,KO,I,1,68.59
2025-10-30,9:30:03.082686159,T,KO,,100,68.59
2025-10-30,9:30:03.082689169,T,KO,I,50,68.59
2025-10-30,9:30:03.083381663,T,KO,F I,1,68.6
2025-10-30,9:30:03.083381663,T,KO,F I,2,68.6
2025-10-30,9:30:03.083431971,T,KO,,100,68.6
2025-10-30,9:30:03.503295925,T,KO,,100,68.59
2025-10-30,9:30:03.503295925,T,KO,I,50,68.59
2025-10-30,9:30:03.503298087,T,KO,,100,68.59
2025-10-30,9:30:03.503300911,T,KO,I,6,68.59
2025-10-30,9:30:03.503315965,T,KO,F,100,68.59
2025-10-30,9:30:03.503893904,T,KO,I,19,68.61
2025-10-30,9:30:03.503893904,T,KO,,100,68.61
2025-10-30,9:30:03.503899358,T,KO,I,50,68.61
2025-10-30,9:30:03.504281245,T,KO,F I,6,68.6
2025-10-30,9:30:03.506211909,T,KO,F I,50,68.59
2025-10-30,9:30:03.506221099,T,KO,F I,50,68.59
2025-10-30,9:30:03.506221099,T,KO,F I,19,68.59
2025-10-30,9:30:03.506223912,T,KO,F I,31,68.59
2025-10-30,9:30:03.506536672,T,KO,F I,19,68.59
2025-10-30,9:30:03.506536672,T,KO,F I,5,68.59
2025-10-30,9:30:03.506783364,T,KO,F I,50,68.58
2025-10-30,9:30:03.506783364,T,KO,F,100,68.58
2025-10-30,9:30:03.732533939,T,KO,,100,68.59
2025-10-30,9:30:03.732551975,T,KO,,100,68.59
2025-10-30,9:30:03.733348829,T,KO,,100,68.56
2025-10-30,9:30:03.733351863,T,KO,I,50,68.56
2025-10-30,9:30:03.733592481,T,KO,,100,68.56
2025-10-30,9:30:03.734413923,T,KO,F I,50,68.54
2025-10-30,9:30:03.734416434,T,KO,F I,5,68.54
2025-10-30,9:30:03.735008958,T,KO,F,100,68.53
2025-10-30,9:30:03.735032820,T,KO,,100,68.53
2025-10-30,9:30:03.735054462,T,KO,I,90,68.53
2025-10-30,9:30:03.765185620,T,KO,I,57,68.53
2025-10-30,9:30:03.765185620,T,KO,,956,68.53
2025-10-30,9:30:03.765203829,T,KO,,247,68.53
2025-10-30,9:30:03.765207483,T,KO,,400,68.53
2025-10-30,9:30:03.765209848,T,KO,,100,68.53
2025-10-30,9:30:03.765209848,T,KO,,200,68.53
2025-10-30,9:30:05.181522987,T,KO,,200,68.525
2025-10-30,9:30:05.377944861,T,KO,I,10,68.54
2025-10-30,9:30:07.785746446,T,KO,,100,68.54
2025-10-30,9:30:07.785749784,T,KO,,100,68.55
2025-10-30,9:30:07.785749784,T,KO,,311,68.55
2025-10-30,9:30:07.785767998,T,KO,I,50,68.55
2025-10-30,9:30:07.785767998,T,KO,I,50,68.55
2025-10-30,9:30:07.785767998,T,KO,I,1,68.55
2025-10-30,9:30:12.733909151,T,KO,I,49,68.58
2025-10-30,9:30:12.733929884,T,KO,I,51,68.58
2025-10-30,9:30:12.733929884,T,KO,,361,68.58
2025-10-30,9:30:12.733932743,T,KO,I,50,68.58
2025-10-30,9:30:12.733954077,T,KO,F I,50,68.59
2025-10-30,9:30:12.733957261,T,KO,F,100,68.59
2025-10-30,9:30:12.734058945,T,KO,F,100,68.6
2025-10-30,9:30:12.734061984,T,KO,F I,50,68.6
2025-10-30,9:30:12.734061984,T,KO,F,100,68.6
2025-10-30,9:30:12.734149229,T,KO,F,100,68.6
2025-10-30,9:30:12.734540524,T,KO,F,100,68.61
2025-10-30,9:30:12.734540524,T,KO,F I,50,68.61
2025-10-30,9:30:12.734543727,T,KO,F,100,68.61
2025-10-30,9:30:12.734546449,T,KO,F I,37,68.61
2025-10-30,9:30:12.734546449,T,KO,F,100,68.61
2025-10-30,9:30:12.734570226,T,KO,F,100,68.61
2025-10-30,9:30:12.734808089,T,KO,F,100,68.62
2025-10-30,9:30:12.734808089,T,KO,F I,50,68.62
2025-10-30,9:30:13.715503906,T,KO,F,100,68.62
2025-10-30,9:30:13.715506514,T,KO,F,100,68.62
2025-10-30,9:30:13.715509534,T,KO,F,100,68.63
2025-10-30,9:30:13.715759163,T,KO,F,100,68.62
2025-10-30,9:30:13.715762200,T,KO,F I,50,68.62
2025-10-30,9:30:13.715762200,T,KO,F,100,68.62
2025-10-30,9:30:13.716447714,T,KO,F I,50,68.61
2025-10-30,9:30:13.716450750,T,KO,F,100,68.61
2025-10-30,9:30:13.716592343,T,KO,F I,50,68.6
2025-10-30,9:30:13.716760524,T,KO,F I,44,68.59
2025-10-30,9:30:13.716763812,T,KO,F I,6,68.59
2025-10-30,9:30:13.716763812,T,KO,F I,2,68.59
2025-10-30,9:30:13.717193536,T,KO,F,100,68.6
2025-10-30,9:30:13.717235635,T,KO,F I,50,68.6
2025-10-30,9:30:13.717491217,T,KO,F,150,68.6
2025-10-30,9:30:13.717542360,T,KO,F,100,68.6
2025-10-30,9:30:13.717969361,T,KO,F I,14,68.61
2025-10-30,9:30:13.718194896,T,KO,F,100,68.6
2025-10-30,9:30:15.048870470,T,KO,F I,63,68.61
2025-10-30,9:30:16.635746710,T,KO,F I,39,68.63
2025-10-30,9:30:17.387660598,T,KO,I,57,68.61
2025-10-30,9:30:17.387847067,T,KO,I,3,68.61
2025-10-30,9:30:19.688735086,T,KO,F,300,68.6
2025-10-30,9:30:20.405859098,T,KO,,100,68.6
2025-10-30,9:30:20.405865088,T,KO,I,5,68.58
2025-10-30,9:30:20.405865088,T,KO,I,36,68.58
2025-10-30,9:30:20.405901261,T,KO,,100,68.58
2025-10-30,9:30:20.405904804,T,KO,,100,68.58
2025-10-30,9:30:20.405910331,T,KO,,190,68.58
2025-10-30,9:30:20.405925267,T,KO,I,1,68.59
2025-10-30,9:30:20.405949282,T,KO,,100,68.59
2025-10-30,9:30:20.405982452,T,KO,I,50,68.6
2025-10-30,9:30:20.406307352,T,KO,F,100,68.61
2025-10-30,9:30:20.406307352,T,KO,F I,80,68.62
2025-10-30,9:30:20.406310458,T,KO,F I,38,68.62
2025-10-30,9:30:20.406313320,T,KO,F I,45,68.62
2025-10-30,9:30:20.406316441,T,KO,F I,50,68.62
2025-10-30,9:30:20.406316441,T,KO,F I,86,68.62
2025-10-30,9:30:20.406340211,T,KO,I,14,68.62
2025-10-30,9:30:20.406950956,T,KO,,100,68.62
2025-10-30,9:30:20.406954527,T,KO,,100,68.62
2025-10-30,9:30:20.406954527,T,KO,,100,68.62
2025-10-30,9:30:20.406956991,T,KO,,100,68.62
2025-10-30,9:30:20.406960328,T,KO,,100,68.62
2025-10-30,9:30:20.406960328,T,KO,I,50,68.62
2025-10-30,9:30:20.406962787,T,KO,,100,68.62
2025-10-30,9:30:20.406962787,T,KO,,100,68.62
2025-10-30,9:30:20.406965753,T,KO,,159,68.62
2025-10-30,9:30:20.407579381,T,KO,I,45,68.63
2025-10-30,9:30:20.407579381,T,KO,,300,68.63
2025-10-30,9:30:20.407582182,T,KO,I,86,68.63
2025-10-30,9:30:20.407627282,T,KO,,300,68.63
2025-10-30,9:30:20.407714645,T,KO,F,136,68.63
2025-10-30,9:30:20.407735519,T,KO,F,257,68.63
2025-10-30,9:30:20.407741638,T,KO,I,7,68.63
2025-10-30,9:30:20.408755458,T,KO,F,100,68.63
2025-10-30,9:30:20.408758250,T,KO,F,100,68.63
2025-10-30,9:30:20.408764401,T,KO,F,100,68.63
2025-10-30,9:30:20.408764401,T,KO,F I,50,68.63
2025-10-30,9:30:20.408767116,T,KO,F,100,68.63
2025-10-30,9:30:20.408770537,T,KO,F,100,68.63
2025-10-30,9:30:20.408770537,T,KO,F,100,68.63
2025-10-30,9:30:20.408773030,T,KO,F,1196,68.63
2025-10-30,9:30:20.408776904,T,KO,F I,47,68.63
2025-10-30,9:30:20.408776904,T,KO,F,100,68.63
2025-10-30,9:30:21.258868266,T,KO,F I,50,68.6
2025-10-30,9:30:21.258871597,T,KO,F,100,68.6
2025-10-30,9:30:21.258871597,T,KO,F I,2,68.6
2025-10-30,9:30:21.258874145,T,KO,F I,5,68.6
2025-10-30,9:30:21.258876741,T,KO,F I,34,68.6
2025-10-30,9:30:21.266382651,T,KO,F,100,68.59
2025-10-30,9:30:21.325304961,T,KO,F I,11,68.61
2025-10-30,9:30:21.325304961,T,KO,F I,50,68.61
2025-10-30,9:30:21.325307964,T,KO,F,100,68.61
2025-10-30,9:30:21.325311219,T,KO,F,100,68.61
2025-10-30,9:30:21.325329006,T,KO,I,1,68.61
2025-10-30,9:30:21.326297283,T,KO,,100,68.63
2025-10-30,9:30:21.329749598,T,KO,,100,68.63
2025-10-30,9:30:21.330173588,T,KO,,100,68.63
2025-10-30,9:30:21.330194668,T,KO,I,11,68.64
2025-10-30,9:30:21.330537469,T,KO,F,100,68.63
2025-10-30,9:30:21.330537469,T,KO,F,100,68.63
2025-10-30,9:30:21.330540486,T,KO,F I,50,68.63
2025-10-30,9:30:21.330964498,T,KO,F I,1,68.63
2025-10-30,9:30:21.331211325,T,KO,F,100,68.63
2025-10-30,9:30:21.331211325,T,KO,F I,42,68.63
2025-10-30,9:30:22.523722438,T,KO,F I,50,68.64
2025-10-30,9:30:22.523722438,T,KO,F I,25,68.64
2025-10-30,9:30:22.953605214,T,KO,F I,50,68.62
2025-10-30,9:30:22.953605214,T,KO,F I,5,68.62
2025-10-30,9:30:22.953996688,T,KO,F,100,68.61
2025-10-30,9:30:22.953996688,T,KO,F I,50,68.61
2025-10-30,9:30:22.953999034,T,KO,F,100,68.61
2025-10-30,9:30:23.015051360,T,KO,F I,5,68.6
2025-10-30,9:30:23.015051360,T,KO,F,100,68.6
2025-10-30,9:30:23.015053448,T,KO,F,200,68.6
2025-10-30,9:30:24.364764489,T,KO,F,100,68.6
2025-10-30,9:30:24.364764489,T,KO,F,100,68.61
2025-10-30,9:30:24.364767085,T,KO,F I,50,68.62
2025-10-30,9:30:26.782170726,T,KO,,300,68.605
2025-10-30,9:30:29.695004379,T,KO,F,300,68.64
2025-10-30,9:30:29.695612494,T,KO,I,21,68.63
2025-10-30,9:30:29.695614821,T,KO,,100,68.63
2025-10-30,9:30:29.695669511,T,KO,I,14,68.64
2025-10-30,9:30:29.695671953,T,KO,I,86,68.64
2025-10-30,9:30:29.695690004,T,KO,I,14,68.64
2025-10-30,9:30:29.695692981,T,KO,I,21,68.64
2025-10-30,9:30:29.695786217,T,KO,F I,50,68.65
2025-10-30,9:30:29.695840325,T,KO,F,100,68.64
2025-10-30,9:30:29.695855398,T,KO,I,18,68.64
2025-10-30,9:30:29.695876459,T,KO,I,32,68.63
2025-10-30,9:30:29.695903472,T,KO,I,16,68.64
2025-10-30,9:30:29.695903472,T,KO,I,36,68.64
2025-10-30,9:30:29.695906455,T,KO,,248,68.64
2025-10-30,9:30:29.695972680,T,KO,F,100,68.63
2025-10-30,9:30:29.696026777,T,KO,,100,68.63
2025-10-30,9:30:29.696062899,T,KO,F I,13,68.63
2025-10-30,9:30:29.696090847,T,KO,F I,81,68.63
2025-10-30,9:30:29.696117285,T,KO,F I,27,68.63
2025-10-30,9:30:29.696141046,T,KO,F I,50,68.63
2025-10-30,9:30:29.696336500,T,KO,I,9,68.64
2025-10-30,9:30:29.696339555,T,KO,I,91,68.64
2025-10-30,9:30:29.696360592,T,KO,I,9,68.64
2025-10-30,9:30:29.696364322,T,KO,,100,68.64
2025-10-30,9:30:29.696364322,T,KO,,100,68.64
2025-10-30,9:30:29.696366567,T,KO,I,99,68.64
2025-10-30,9:30:29.696375610,T,KO,F I,12,68.63
2025-10-30,9:30:29.696393685,T,KO,F I,16,68.63
2025-10-30,9:30:29.696399621,T,KO,F I,27,68.63
2025-10-30,9:30:29.696408673,T,KO,F I,25,68.63
2025-10-30,9:30:29.696417740,T,KO,F I,48,68.63
2025-10-30,9:30:29.696417740,T,KO,F I,36,68.63
2025-10-30,9:30:29.696421626,T,KO,F I,50,68.63
2025-10-30,9:30:29.696444816,T,KO,F I,14,68.63
2025-10-30,9:30:29.696571113,T,KO,I,21,68.63
2025-10-30,9:30:29.696571113,T,KO,I,21,68.63
2025-10-30,9:30:29.696574067,T,KO,I,93,68.63
2025-10-30,9:30:29.696685311,T,KO,F I,81,68.63
2025-10-30,9:30:29.700808115,T,KO,F,100,68.62
2025-10-30,9:30:29.700811185,T,KO,F,100,68.62
2025-10-30,9:30:29.701394539,T,KO,F,190,68.61
2025-10-30,9:30:29.967603595,T,KO,I,3,68.58
2025-10-30,9:30:29.967642747,T,KO,I,16,68.58
2025-10-30,9:30:30.502142204,T,KO,,300,68.58
2025-10-30,9:30:30.502142204,T,KO,,100,68.58
2025-10-30,9:30:30.502470397,T,KO,F I,50,68.57
2025-10-30,9:30:30.502470397,T,KO,F,300,68.57
2025-10-30,9:30:30.503465125,T,KO,I,50,68.58
2025-10-30,9:30:30.503468046,T,KO,I,43,68.58
2025-10-30,9:30:30.503561332,T,KO,,200,68.59
2025-10-30,9:30:30.503564218,T,KO,F,237,68.58
2025-10-30,9:30:30.503621333,T,KO,F I,15,68.59
2025-10-30,9:30:30.503645817,T,KO,F I,85,68.59
2025-10-30,9:30:30.503846912,T,KO,F,200,68.58
2025-10-30,9:30:30.503849950,T,KO,F I,26,68.58
2025-10-30,9:30:30.505188075,T,KO,,100,68.57
2025-10-30,9:30:30.505188075,T,KO,,100,68.57
2025-10-30,9:30:30.505191055,T,KO,,100,68.57
2025-10-30,9:30:30.505197098,T,KO,,100,68.58
2025-10-30,9:30:30.505197098,T,KO,I,50,68.58
2025-10-30,9:30:30.505215151,T,KO,,100,68.57
2025-10-30,9:30:30.505627101,T,KO,I,50,68.58
2025-10-30,9:30:30.505630098,T,KO,,100,68.58
2025-10-30,9:30:30.505699284,T,KO,,100,68.58
2025-10-30,9:30:30.506418043,T,KO,,100,68.58
2025-10-30,9:30:30.506421144,T,KO,,100,68.58
2025-10-30,9:30:30.506424009,T,KO,,100,68.58
2025-10-30,9:30:30.506424009,T,KO,,100,68.58
2025-10-30,9:30:30.506680024,T,KO,,100,68.58
2025-10-30,9:30:30.506680024,T,KO,I,50,68.59
2025-10-30,9:30:30.506682660,T,KO,I,50,68.59
2025-10-30,9:30:30.507211875,T,KO,,100,68.58
2025-10-30,9:30:30.507211875,T,KO,,100,68.58
2025-10-30,9:30:30.507858776,T,KO,,100,68.58
2025-10-30,9:30:30.507864469,T,KO,I,50,68.58
2025-10-30,9:30:30.508222952,T,KO,,100,68.57
2025-10-30,9:30:30.508226524,T,KO,,100,68.57
2025-10-30,9:30:30.508226524,T,KO,,100,68.57
2025-10-30,9:30:30.508243346,T,KO,I,1,68.57
2025-10-30,9:30:30.509238702,T,KO,I,99,68.57
2025-10-30,9:30:30.538778782,T,KO,I,50,68.58
2025-10-30,9:30:30.538781271,T,KO,,100,68.58
2025-10-30,9:30:30.538781271,T,KO,I,50,68.58
2025-10-30,9:30:30.538802097,T,KO,I,1,68.58
2025-10-30,9:30:30.538808220,T,KO,I,49,68.58
2025-10-30,9:30:30.539559983,T,KO,I,60,68.59
2025-10-30,9:30:30.539755484,T,KO,F,100,68.59
2025-10-30,9:30:30.587289651,T,KO,I,50,68.6
2025-10-30,9:30:30.695018744,T,KO,F,110,68.61
2025-10-30,9:30:30.695021285,T,KO,F I,40,68.62
2025-10-30,9:30:30.696488794,T,KO,F,100,68.61
2025-10-30,9:30:30.697739819,T,KO,F,100,68.6
2025-10-30,9:30:30.697793918,T,KO,I,18,68.61
2025-10-30,9:30:30.698028481,T,KO,,100,68.61
2025-10-30,9:30:30.698058534,T,KO,I,50,68.61
2025-10-30,9:30:30.723502167,T,KO,,100,68.6
2025-10-30,9:30:30.723505099,T,KO,,100,68.6
2025-10-30,9:30:30.724193904,T,KO,F I,50,68.6
2025-10-30,9:30:30.724193904,T,KO,F,100,68.6
2025-10-30,9:30:30.724196796,T,KO,F,100,68.6
2025-10-30,9:30:30.724205858,T,KO,F,100,68.6
2025-10-30,9:30:30.724494645,T,KO,I,18,68.61
2025-10-30,9:30:30.724497667,T,KO,I,50,68.61
2025-10-30,9:30:30.724497667,T,KO,,100,68.61
2025-10-30,9:30:30.724756083,T,KO,I,50,68.61
2025-10-30,9:30:30.724801181,T,KO,F I,18,68.61
2025-10-30,9:30:30.724810262,T,KO,F I,18,68.61
2025-10-30,9:30:30.724876397,T,KO,I,50,68.61
2025-10-30,9:30:30.725201204,T,KO,I,7,68.61
2025-10-30,9:30:30.725201204,T,KO,I,50,68.61
2025-10-30,9:30:30.725321458,T,KO,F,100,68.61
2025-10-30,9:30:30.725339568,T,KO,F,100,68.61
2025-10-30,9:30:30.725378660,T,KO,F,100,68.61
2025-10-30,9:30:30.725905302,T,KO,I,7,68.61
2025-10-30,9:30:30.725907886,T,KO,I,22,68.61
2025-10-30,9:30:30.725989812,T,KO,F I,7,68.61
2025-10-30,9:30:30.725995034,T,KO,F,100,68.61
2025-10-30,9:30:30.726190567,T,KO,F,100,68.61
2025-10-30,9:30:30.726268800,T,KO,,100,68.61
2025-10-30,9:30:30.726295928,T,KO,I,50,68.61
2025-10-30,9:30:30.726371444,T,KO,F I,9,68.61
2025-10-30,9:30:31.427788385,T,KO,I,60,68.6
2025-10-30,9:30:31.427818487,T,KO,F I,40,68.6
2025-10-30,9:30:31.428856341,T,KO,I,50,68.58
2025-10-30,9:30:31.428856341,T,KO,I,13,68.58
2025-10-30,9:30:31.654275813,T,KO,I,32,68.57
2025-10-30,9:30:31.654549534,T,KO,,100,68.57
2025-10-30,9:30:31.654555495,T,KO,F,100,68.57
2025-10-30,9:30:31.654570566,T,KO,F,100,68.57
2025-10-30,9:30:31.654988806,T,KO,,100,68.59
2025-10-30,9:30:31.654991583,T,KO,I,35,68.59
2025-10-30,9:30:31.654994875,T,KO,I,50,68.59
2025-10-30,9:30:31.655936447,T,KO,F,100,68.59
2025-10-30,9:30:31.655950841,T,KO,F I,63,68.59
2025-10-30,9:30:34.617638595,T,KO,F I,1,68.595
2025-10-30,9:30:37.292443264,T,KO,I,2,68.605
2025-10-30,9:30:37.703101420,T,KO,F I,20,68.62
2025-10-30,9:30:37.703717899,T,KO,I,50,68.62
2025-10-30,9:30:37.703979437,T,KO,F I,50,68.62
2025-10-30,9:30:37.704172070,T,KO,F I,50,68.62
2025-10-30,9:30:37.788225229,T,KO,F,100,68.61
2025-10-30,9:30:37.788228128,T,KO,F I,50,68.61
2025-10-30,9:30:37.788243209,T,KO,I,1,68.61
2025-10-30,9:30:37.788358117,T,KO,F I,50,68.61
2025-10-30,9:30:37.788519842,T,KO,F I,50,68.61
2025-10-30,9:30:37.789612767,T,KO,I,50,68.6
2025-10-30,9:30:37.789617420,T,KO,,300,68.59
2025-10-30,9:30:37.789617420,T,KO,I,50,68.59
2025-10-30,9:30:37.789617420,T,KO,I,64,68.59
2025-10-30,9:30:37.789942280,T,KO,F I,50,68.59
2025-10-30,9:30:37.790158891,T,KO,I,28,68.6
2025-10-30,9:30:37.790342197,T,KO,F I,98,68.6
2025-10-30,9:30:37.790342197,T,KO,F I,2,68.6
2025-10-30,9:30:37.790381865,T,KO,F I,63,68.6
2025-10-30,9:30:37.790667093,T,KO,I,35,68.6
2025-10-30,9:30:37.790667093,T,KO,,221,68.6
2025-10-30,9:30:37.791007148,T,KO,F I,50,68.61
2025-10-30,9:30:37.791010448,T,KO,F I,28,68.61
2025-10-30,9:30:37.791027781,T,KO,F,100,68.61
2025-10-30,9:30:37.791042800,T,KO,F,272,68.61
2025-10-30,9:30:37.793289145,T,KO,,146,68.61
2025-10-30,9:30:37.809049735,T,KO,F I,50,68.61
2025-10-30,9:30:38.594616795,T,KO,I,40,68.6
2025-10-30,9:30:38.594631730,T,KO,F I,10,68.6
2025-10-30,9:30:38.594634816,T,KO,F,100,68.6
2025-10-30,9:30:39.383584880,T,KO,F,100,68.61
2025-10-30,9:30:39.383584880,T,KO,F I,50,68.59
2025-10-30,9:30:39.383654006,T,KO,,100,68.6
2025-10-30,9:30:39.383654006,T,KO,I,8,68.61
2025-10-30,9:30:39.383714238,T,KO,,100,68.61
2025-10-30,9:30:40.921522833,T,KO,F,250,68.625
2025-10-30,9:30:41.021394382,T,KO,I,90,68.625
2025-10-30,9:30:41.021397204,T,KO,I,15,68.64
2025-10-30,9:30:41.021399614,T,KO,,135,68.64
2025-10-30,9:30:41.021423670,T,KO,I,1,68.64
2025-10-30,9:30:41.022178462,T,KO,I,50,68.64
2025-10-30,9:30:41.022181597,T,KO,I,36,68.63
2025-10-30,9:30:41.022181597,T,KO,I,8,68.63
2025-10-30,9:30:41.022184539,T,KO,,184,68.63
2025-10-30,9:30:41.022199856,T,KO,I,1,68.63
2025-10-30,9:30:41.022238616,T,KO,,200,68.64
2025-10-30,9:30:41.022747389,T,KO,F I,28,68.64
2025-10-30,9:30:41.022749872,T,KO,F I,8,68.64
2025-10-30,9:30:41.023047591,T,KO,F I,40,68.65
2025-10-30,9:30:41.023721528,T,KO,F,100,68.65
2025-10-30,9:30:41.023721528,T,KO,F,100,68.65
2025-10-30,9:30:41.023727162,T,KO,F,200,68.65
2025-10-30,9:30:41.023730198,T,KO,F,100,68.65
2025-10-30,9:30:41.023745243,T,KO,F,238,68.65
2025-10-30,9:30:41.023760300,T,KO,I,52,68.65
2025-10-30,9:30:41.023763244,T,KO,F,100,68.65
2025-10-30,9:30:41.023769795,T,KO,F,100,68.65
2025-10-30,9:30:41.023775319,T,KO,F,137,68.65
2025-10-30,9:30:41.023796350,T,KO,F,100,68.65
2025-10-30,9:30:41.023802545,T,KO,I,17,68.65
2025-10-30,9:30:41.031064711,T,KO,,100,68.66
2025-10-30,9:30:41.986957769,T,KO,I,68,68.67
2025-10-30,9:30:41.991877130,T,KO,,150,68.66
2025-10-30,9:30:42.025370827,T,KO,F,100,68.67
2025-10-30,9:30:42.947132195,T,KO,F I,37,68.69
2025-10-30,9:30:42.947782131,T,KO,F I,28,68.68
2025-10-30,9:30:42.947782131,T,KO,F I,50,68.68
2025-10-30,9:30:42.947799815,T,KO,F,100,68.68
2025-10-30,9:30:42.947814836,T,KO,F,100,68.68
2025-10-30,9:30:42.947821100,T,KO,I,1,68.68
2025-10-30,9:30:42.947869008,T,KO,F,149,68.68
2025-10-30,9:30:43.033516006,T,KO,F I,28,68.69
2025-10-30,9:30:45.885971812,T,KO,F I,50,68.67
2025-10-30,9:30:45.886248532,T,KO,I,50,68.66
2025-10-30,9:30:45.923822879,T,KO,I,50,68.66
2025-10-30,9:30:46.916129269,T,KO,F,100,68.66
2025-10-30,9:30:48.708151390,T,KO,I,50,68.7
2025-10-30,9:30:48.708278488,T,KO,,100,68.7
2025-10-30,9:30:48.708289709,T,KO,I,50,68.7
2025-10-30,9:30:48.923331917,T,KO,,100,68.71
2025-10-30,9:30:48.923512315,T,KO,I,1,68.71
2025-10-30,9:30:48.923521370,T,KO,I,68,68.71
2025-10-30,9:30:49.151319921,T,KO,F I,50,68.71
2025-10-30,9:30:49.151322972,T,KO,F I,50,68.71
2025-10-30,9:30:49.797992148,T,KO,F I,23,68.73
2025-10-30,9:30:50.799380121,T,KO,F,250,68.71
2025-10-30,9:30:50.799542520,T,KO,,100,68.72
2025-10-30,9:30:50.799545546,T,KO,I,50,68.72
2025-10-30,9:30:50.799984548,T,KO,F,143,68.72
2025-10-30,9:30:51.070532921,T,KO,,250,68.72
2025-10-30,9:30:51.070535958,T,KO,I,50,68.72
2025-10-30,9:30:51.070584035,T,KO,I,50,68.71
2025-10-30,9:30:51.070587110,T,KO,,100,68.71
2025-10-30,9:30:54.044012208,T,KO,F I,37,68.73
2025-10-30,9:30:54.044014973,T,KO,F,102,68.73
2025-10-30,9:30:54.044387852,T,KO,I,10,68.73
2025-10-30,9:30:54.044850918,T,KO,F,100,68.74
2025-10-30,9:30:54.045906465,T,KO,F I,50,68.74
2025-10-30,9:30:54.045960582,T,KO,,100,68.74
2025-10-30,9:30:54.046372576,T,KO,,100,68.74
2025-10-30,9:30:55.118359806,T,KO,F I,50,68.73
2025-10-30,9:30:55.118362817,T,KO,F I,10,68.73
2025-10-30,9:31:00.396428704,T,KO,F,100,68.72
2025-10-30,9:31:01.449437716,T,KO,,190,68.71
2025-10-30,9:31:03.898025483,T,KO,I,1,68.7
2025-10-30,9:31:03.899321651,T,KO,,100,68.7
2025-10-30,9:31:03.899366771,T,KO,,100,68.7
2025-10-30,9:31:04.490380606,T,KO,I,40,68.71
2025-10-30,9:31:04.490383275,T,KO,,100,68.71
2025-10-30,9:31:04.490385357,T,KO,I,50,68.71
2025-10-30,9:31:04.490397418,T,KO,I,1,68.71
2025-10-30,9:31:04.490400361,T,KO,F,150,68.71
2025-10-30,9:31:04.491919070,T,KO,I,40,68.7
2025-10-30,9:31:05.346350091,T,KO,F,250,68.71
2025-10-30,9:31:05.721147662,T,KO,I,50,68.74
2025-10-30,9:31:05.936171775,T,KO,F I,29,68.75
2025-10-30,9:31:05.936171775,T,KO,F I,26,68.75
2025-10-30,9:31:05.937131088,T,KO,F I,1,68.77
2025-10-30,9:31:06.001914353,T,KO,I,34,68.77
2025-10-30,9:31:06.001932449,T,KO,F I,34,68.77
2025-10-30,9:31:06.990428756,T,KO,F I,50,68.75
2025-10-30,9:31:08.703512932,T,KO,F,110,68.72
2025-10-30,9:31:08.703512932,T,KO,F,190,68.71
2025-10-30,9:31:08.703527989,T,KO,I,1,68.71
2025-10-30,9:31:08.703549301,T,KO,,109,68.71
2025-10-30,9:31:08.703549301,T,KO,I,91,68.71
2025-10-30,9:31:08.703561032,T,KO,I,19,68.71
2025-10-30,9:31:08.704135370,T,KO,,100,68.71
2025-10-30,9:31:08.738146343,T,KO,F,100,68.71
2025-10-30,9:31:09.249412032,T,KO,,100,68.71
2025-10-30,9:31:09.299529385,T,KO,,200,68.7
2025-10-30,9:31:09.939206921,T,KO,,184,68.69
2025-10-30,9:31:11.793116883,T,KO,F I,50,68.72
2025-10-30,9:31:11.793116883,T,KO,F I,50,68.72
2025-10-30,9:31:11.793134458,T,KO,F I,50,68.72
2025-10-30,9:31:13.227165901,T,KO,,100,68.725
2025-10-30,9:31:13.626941093,T,KO,I,14,68.725
2025-10-30,9:31:14.614799875,T,KO,,100,68.72
2025-10-30,9:31:14.656283672,T,KO,I,10,68.71
2025-10-30,9:31:14.656325775,T,KO,I,42,68.72
2025-10-30,9:31:14.656338253,T,KO,I,90,68.71
2025-10-30,9:31:14.656340774,T,KO,,100,68.71
2025-10-30,9:31:14.656358851,T,KO,I,1,68.71
2025-10-30,9:31:14.657447409,T,KO,I,38,68.71
2025-10-30,9:31:14.866529439,T,KO,F,100,68.72
2025-10-30,9:31:16.817131290,T,KO,F,100,68.74
2025-10-30,9:31:16.817131290,T,KO,F I,50,68.74
2025-10-30,9:31:17.345155838,T,KO,F I,50,68.73
2025-10-30,9:31:17.345910944,T,KO,,107,68.71
2025-10-30,9:31:17.345910944,T,KO,,100,68.71
2025-10-30,9:31:17.345913976,T,KO,I,84,68.71
2025-10-30,9:31:17.345928670,T,KO,I,1,68.71
2025-10-30,9:31:17.346067466,T,KO,,100,68.72
2025-10-30,9:31:17.346067466,T,KO,I,65,68.72
2025-10-30,9:31:17.346071065,T,KO,I,50,68.72
2025-10-30,9:31:17.346071065,T,KO,I,14,68.72
2025-10-30,9:31:18.985478667,T,KO,F,601,68.72
2025-10-30,9:31:18.985520817,T,KO,I,1,68.71
2025-10-30,9:31:18.985520817,T,KO,I,94,68.71
2025-10-30,9:31:18.986019913,T,KO,,100,68.71
2025-10-30,9:31:18.987550586,T,KO,I,55,68.72
2025-10-30,9:31:18.987550586,T,KO,I,45,68.72
2025-10-30,9:31:18.987571622,T,KO,F I,55,68.72
2025-10-30,9:31:21.530737877,T,KO,I,5,68.735
2025-10-30,9:31:23.374552312,T,KO,,193,68.74
2025-10-30,9:31:23.374570377,T,KO,I,1,68.74
2025-10-30,9:31:23.374585347,T,KO,,106,68.74
2025-10-30,9:31:24.026619250,T,KO,F,100,68.72
2025-10-30,9:31:24.026802658,T,KO,F I,50,68.71
2025-10-30,9:31:24.026805740,T,KO,F,100,68.71
2025-10-30,9:31:24.027043213,T,KO,F I,6,68.71
2025-10-30,9:31:24.027158004,T,KO,F,120,68.71
2025-10-30,9:31:24.027160587,T,KO,F,300,68.71
2025-10-30,9:31:24.027179121,T,KO,,100,68.72
2025-10-30,9:31:24.027182041,T,KO,I,37,68.72
2025-10-30,9:31:24.027191782,T,KO,,100,68.725
2025-10-30,9:31:24.027191782,T,KO,,100,68.725
2025-10-30,9:31:24.027196780,T,KO,,100,68.73
2025-10-30,9:31:24.027196780,T,KO,I,50,68.73
2025-10-30,9:31:24.027199822,T,KO,,100,68.73
2025-10-30,9:31:24.027199822,T,KO,I,23,68.73
2025-10-30,9:31:24.027203714,T,KO,,100,68.72
2025-10-30,9:31:24.027203714,T,KO,,100,68.72
2025-10-30,9:31:24.027209456,T,KO,I,1,68.73
2025-10-30,9:31:24.027209456,T,KO,F,100,68.725
2025-10-30,9:31:24.027214682,T,KO,F I,44,68.72
2025-10-30,9:31:24.027229973,T,KO,F I,44,68.72
2025-10-30,9:31:24.027247988,T,KO,F I,56,68.72
2025-10-30,9:31:24.027301896,T,KO,,100,68.725
2025-10-30,9:31:24.027301896,T,KO,,100,68.73
2025-10-30,9:31:24.027305113,T,KO,I,38,68.73
2025-10-30,9:31:24.027317531,T,KO,F,100,68.72
2025-10-30,9:31:24.027347976,T,KO,I,62,68.73
2025-10-30,9:31:24.027347976,T,KO,I,44,68.73
2025-10-30,9:31:24.027350731,T,KO,,100,68.73
2025-10-30,9:31:24.027350731,T,KO,,100,68.73
2025-10-30,9:31:24.027352939,T,KO,I,50,68.73
2025-10-30,9:31:24.027356009,T,KO,I,26,68.73
2025-10-30,9:31:24.027362201,T,KO,F I,57,68.72
2025-10-30,9:31:24.027404075,T,KO,I,74,68.73
2025-10-30,9:31:24.027651360,T,KO,I,23,68.72
2025-10-30,9:31:24.027651360,T,KO,,100,68.72
2025-10-30,9:31:24.027654738,T,KO,,100,68.72
2025-10-30,9:31:24.027654738,T,KO,I,27,68.72
2025-10-30,9:31:24.027945472,T,KO,F I,28,68.72
2025-10-30,9:31:24.027945472,T,KO,F I,16,68.72
2025-10-30,9:31:24.027979119,T,KO,I,84,68.72
2025-10-30,9:31:24.027981461,T,KO,I,20,68.72
2025-10-30,9:31:24.028155927,T,KO,F I,28,68.72
2025-10-30,9:31:24.028688137,T,KO,I,41,68.72
2025-10-30,9:31:24.028730434,T,KO,F,100,68.71
2025-10-30,9:31:24.030056634,T,KO,,100,68.71
2025-10-30,9:31:24.030060035,T,KO,,100,68.71
2025-10-30,9:31:24.030060035,T,KO,,100,68.71
2025-10-30,9:31:24.030063132,T,KO,,150,68.71
2025-10-30,9:31:24.030252005,T,KO,F I,9,68.71
2025-10-30,9:31:24.030252005,T,KO,F I,23,68.71
2025-10-30,9:31:24.030255739,T,KO,F I,50,68.71
2025-10-30,9:31:24.030255739,T,KO,F I,74,68.71
2025-10-30,9:31:24.030260955,T,KO,F I,26,68.71
2025-10-30,9:31:24.030300010,T,KO,F I,38,68.7
2025-10-30,9:31:24.030303199,T,KO,F,100,68.7
2025-10-30,9:31:24.030303199,T,KO,F I,9,68.7
2025-10-30,9:31:24.030456438,T,KO,,100,68.705
2025-10-30,9:31:24.030462518,T,KO,,100,68.71
2025-10-30,9:31:24.030462518,T,KO,I,9,68.71
2025-10-30,9:31:24.030462518,T,KO,I,74,68.71
2025-10-30,9:31:24.030465719,T,KO,,100,68.71
2025-10-30,9:31:24.030465719,T,KO,I,26,68.71
2025-10-30,9:31:24.030468409,T,KO,,100,68.71
2025-10-30,9:31:24.283957133,T,KO,,250,68.715
2025-10-30,9:31:26.146034075,T,KO,F,190,68.74
2025-10-30,9:31:27.189853103,T,KO,,250,68.755
2025-10-30,9:31:28.124833980,T,KO,F,299,68.755
2025-10-30,9:31:28.853568700,T,KO,,100,68.755
2025-10-30,9:31:29.060951610,T,KO,F I,66,68.74
2025-10-30,9:31:29.060975612,T,KO,F I,34,68.74
2025-10-30,9:31:29.060975612,T,KO,F I,51,68.74
2025-10-30,9:31:33.462616107,T,KO,I,50,68.7
2025-10-30,9:31:33.462616107,T,KO,I,33,68.7
2025-10-30,9:31:33.462661246,T,KO,,100,68.7
2025-10-30,9:31:33.462664535,T,KO,,100,68.7
2025-10-30,9:31:33.462664535,T,KO,I,50,68.7
2025-10-30,9:31:33.462667542,T,KO,,300,68.7
2025-10-30,9:31:33.462670241,T,KO,,100,68.7
2025-10-30,9:31:33.462682261,T,KO,I,1,68.7
2025-10-30,9:31:33.462715527,T,KO,I,99,68.7
2025-10-30,9:31:33.462715527,T,KO,I,50,68.7
2025-10-30,9:31:33.462718306,T,KO,,100,68.7
2025-10-30,9:31:33.462826629,T,KO,,100,68.7
2025-10-30,9:31:33.471748887,T,KO,I,50,68.7
2025-10-30,9:31:33.473823808,T,KO,F,100,68.71
2025-10-30,9:31:33.473827065,T,KO,F,100,68.71
2025-10-30,9:31:33.473827065,T,KO,F I,50,68.71
2025-10-30,9:31:33.473830096,T,KO,F I,84,68.71
2025-10-30,9:31:33.474055684,T,KO,,100,68.71
2025-10-30,9:31:33.474055684,T,KO,I,50,68.7
2025-10-30,9:31:33.474061659,T,KO,,100,68.7
2025-10-30,9:31:33.474061659,T,KO,,100,68.7
2025-10-30,9:31:33.474065197,T,KO,,100,68.7
2025-10-30,9:31:33.474071056,T,KO,I,84,68.7
2025-10-30,9:31:33.474071056,T,KO,,141,68.7
2025-10-30,9:31:33.474286922,T,KO,,100,68.7
2025-10-30,9:31:33.474669161,T,KO,I,50,68.7
2025-10-30,9:31:33.474804256,T,KO,F I,50,68.7
2025-10-30,9:31:33.474819130,T,KO,F I,37,68.7
2025-10-30,9:31:33.475074786,T,KO,I,93,68.7
2025-10-30,9:31:33.475101846,T,KO,F I,7,68.7
2025-10-30,9:31:34.389766385,T,KO,F,100,68.71
2025-10-30,9:31:34.389769322,T,KO,F I,84,68.71
2025-10-30,9:31:34.389772341,T,KO,F I,67,68.71
2025-10-30,9:31:36.507169670,T,KO,F I,44,68.74
2025-10-30,9:31:36.507689574,T,KO,F I,27,68.75
2025-10-30,9:31:38.906665567,T,KO,F,100,68.745
2025-10-30,9:31:38.906809608,T,KO,,150,68.745
2025-10-30,9:31:40.135752653,T,KO,F I,50,68.73
2025-10-30,9:31:40.135755642,T,KO,F I,10,68.73
2025-10-30,9:31:40.919016170,T,KO,F,213,68.73
2025-10-30,9:31:42.327201099,T,KO,I,50,68.73
2025-10-30,9:31:43.340305076,T,KO,F I,16,68.69
2025-10-30,9:31:43.340308347,T,KO,F,184,68.69
2025-10-30,9:31:44.029772264,T,KO,F I,31,68.69
2025-10-30,9:31:44.029787920,T,KO,F,307,68.69
2025-10-30,9:31:44.029787920,T,KO,F,190,68.69
2025-10-30,9:31:44.029820723,T,KO,F,100,68.7
2025-10-30,9:31:44.029820723,T,KO,F,100,68.7
2025-10-30,9:31:44.029823324,T,KO,F I,50,68.7
2025-10-30,9:31:44.030884889,T,KO,,100,68.69
2025-10-30,9:31:44.031236769,T,KO,,100,68.68
2025-10-30,9:31:44.031236769,T,KO,I,50,68.68
2025-10-30,9:31:44.031243215,T,KO,,100,68.68
2025-10-30,9:31:44.031243215,T,KO,,300,68.68
2025-10-30,9:31:44.031246374,T,KO,,100,68.68
2025-10-30,9:31:44.031269726,T,KO,F I,48,68.69
2025-10-30,9:31:44.031311903,T,KO,I,24,68.69
2025-10-30,9:31:44.031326873,T,KO,F I,76,68.69
2025-10-30,9:31:44.477773204,T,KO,F I,50,68.695
2025-10-30,9:31:48.365940830,T,KO,I,5,68.715
2025-10-30,9:31:52.139977580,T,KO,F,100,68.75
2025-10-30,9:31:52.139977580,T,KO,F I,50,68.75
2025-10-30,9:31:53.155661636,T,KO,F I,39,68.76
2025-10-30,9:31:53.155676703,T,KO,I,42,68.76
2025-10-30,9:31:53.155680742,T,KO,I,62,68.76
2025-10-30,9:31:53.155695484,T,KO,I,38,68.76
2025-10-30,9:31:53.155739896,T,KO,F I,34,68.76
2025-10-30,9:31:53.155781960,T,KO,F I,39,68.75
2025-10-30,9:31:53.155796960,T,KO,F,100,68.76
2025-10-30,9:31:53.155860149,T,KO,I,37,68.75
2025-10-30,9:31:53.155932289,T,KO,F I,37,68.76
2025-10-30,9:31:53.155932289,T,KO,F I,63,68.76
2025-10-30,9:31:53.155968385,T,KO,F I,37,68.76
2025-10-30,9:31:53.155974881,T,KO,I,63,68.76
2025-10-30,9:31:53.155974881,T,KO,,100,68.76
2025-10-30,9:31:54.814734433,T,KO,F,100,68.76
2025-10-30,9:31:58.230846314,T,KO,F,100,68.73
2025-10-30,9:31:59.921503035,T,KO,I,54,68.74
2025-10-30,9:31:59.921506015,T,KO,,129,68.74
2025-10-30,9:31:59.921521016,T,KO,I,1,68.74
2025-10-30,9:31:59.921536372,T,KO,,189,68.74
2025-10-30,9:31:59.921539060,T,KO,F I,48,68.75
2025-10-30,9:32:01.848354245,T,KO,F,100,68.74
2025-10-30,9:32:01.848393363,T,KO,,190,68.73
2025-10-30,9:32:01.848396818,T,KO,I,34,68.72
2025-10-30,9:32:01.848399532,T,KO,,100,68.72
2025-10-30,9:32:01.848399532,T,KO,I,33,68.72
2025-10-30,9:32:01.848415344,T,KO,I,1,68.73
2025-10-30,9:32:02.062927345,T,KO,,100,68.74
2025-10-30,9:32:02.062943141,T,KO,F,477,68.74
2025-10-30,9:32:02.062945750,T,KO,I,1,68.74
2025-10-30,9:32:02.062945750,T,KO,I,99,68.74
2025-10-30,9:32:02.062948355,T,KO,,199,68.74
2025-10-30,9:32:02.063549970,T,KO,I,56,68.73
2025-10-30,9:32:02.063552800,T,KO,,100,68.73
2025-10-30,9:32:02.063555830,T,KO,I,78,68.73
2025-10-30,9:32:02.063742805,T,KO,F,250,68.73
2025-10-30,9:32:02.063745581,T,KO,F I,56,68.73
2025-10-30,9:32:02.063749160,T,KO,F I,78,68.73
2025-10-30,9:32:02.063749160,T,KO,F,100,68.73
2025-10-30,9:32:02.063962374,T,KO,,100,68.74
2025-10-30,9:32:02.063965026,T,KO,,100,68.74
2025-10-30,9:32:02.063967760,T,KO,I,13,68.74
2025-10-30,9:32:02.063985817,T,KO,I,1,68.74
2025-10-30,9:32:02.063988906,T,KO,I,27,68.74
2025-10-30,9:32:02.064217907,T,KO,I,50,68.73
2025-10-30,9:32:02.064221056,T,KO,,100,68.73
2025-10-30,9:32:02.064972230,T,KO,,100,68.73
2025-10-30,9:32:02.064975224,T,KO,,100,68.73
2025-10-30,9:32:02.065751056,T,KO,F I,31,68.73
2025-10-30,9:32:02.065769054,T,KO,F I,10,68.73
2025-10-30,9:32:03.877698744,T,KO,F,100,68.72
2025-10-30,9:32:03.877701570,T,KO,F I,6,68.72
2025-10-30,9:32:03.877734610,T,KO,F,100,68.72
2025-10-30,9:32:06.520176183,T,KO,F I,50,68.69
2025-10-30,9:32:09.174252664,T,KO,F,100,68.68
2025-10-30,9:32:10.164529051,T,KO,,100,68.66
2025-10-30,9:32:10.164547683,T,KO,I,1,68.66
2025-10-30,9:32:10.164553074,T,KO,I,99,68.66
2025-10-30,9:32:15.492387542,T,KO,F I,1,68.64
2025-10-30,9:32:15.492390493,T,KO,F I,93,68.64
2025-10-30,9:32:15.492409072,T,KO,I,1,68.64
2025-10-30,9:32:24.877569374,T,KO,,100,68.64
2025-10-30,9:32:26.422523143,T,KO,I,88,68.645
2025-10-30,9:32:26.955554562,T,KO,I,2,68.645
2025-10-30,9:32:27.640938044,T,KO,F,100,68.66
2025-10-30,9:32:27.811176438,T,KO,F,140,68.68
2025-10-30,9:32:27.811200482,T,KO,I,1,68.68
2025-10-30,9:32:27.811218571,T,KO,F I,9,68.68
2025-10-30,9:32:28.708694147,T,KO,F I,50,68.69
2025-10-30,9:32:28.708698056,T,KO,F I,56,68.69
2025-10-30,9:32:28.708698056,T,KO,F,100,68.69
2025-10-30,9:32:28.708700097,T,KO,F,100,68.69
2025-10-30,9:32:28.708712159,T,KO,I,94,68.69
2025-10-30,9:32:30.608375798,T,KO,I,52,68.67
2025-10-30,9:32:30.608375798,T,KO,I,10,68.67
2025-10-30,9:32:31.438968871,T,KO,,100,68.63
2025-10-30,9:32:31.438972731,T,KO,I,50,68.63
2025-10-30,9:32:31.438972731,T,KO,,100,68.63
2025-10-30,9:32:33.201078634,T,KO,I,40,68.64
2025-10-30,9:32:36.774567786,T,KO,I,2,68.63
2025-10-30,9:32:43.151646167,T,KO,F,100,68.67
2025-10-30,9:32:43.151649416,T,KO,F I,50,68.67
2025-10-30,9:32:43.151649416,T,KO,F,300,68.67
2025-10-30,9:32:43.633598139,T,KO,F I,1,68.68
2025-10-30,9:32:47.187862348,T,KO,F,100,68.73
2025-10-30,9:32:47.955209022,T,KO,F I,49,68.74
2025-10-30,9:32:47.955209022,T,KO,F I,17,68.74
2025-10-30,9:32:50.843014266,T,KO,I,80,68.725
2025-10-30,9:32:50.843014266,T,KO,I,20,68.725
2025-10-30,9:32:50.845497947,T,KO,I,80,68.725
2025-10-30,9:32:51.415580676,T,KO,F I,45,68.74
2025-10-30,9:32:51.415583582,T,KO,F I,34,68.74
2025-10-30,9:32:52.641558624,T,KO,I,50,68.765
2025-10-30,9:32:56.550656292,T,KO,I,36,68.78
2025-10-30,9:32:56.550659484,T,KO,I,42,68.78
2025-10-30,9:32:56.550661996,T,KO,I,63,68.78
2025-10-30,9:32:56.551711536,T,KO,I,15,68.8
2025-10-30,9:32:56.551711536,T,KO,I,36,68.8
2025-10-30,9:32:56.551738526,T,KO,I,15,68.8
2025-10-30,9:32:56.551828721,T,KO,F I,1,68.79
2025-10-30,9:32:56.552354980,T,KO,F,100,68.8
2025-10-30,9:32:56.552373051,T,KO,,100,68.8
2025-10-30,9:32:57.159564299,T,KO,F,100,68.8
2025-10-30,9:32:57.159567285,T,KO,F I,50,68.8
2025-10-30,9:32:57.159570319,T,KO,F I,1,68.8
2025-10-30,9:32:57.159573921,T,KO,F I,9,68.8
2025-10-30,9:32:57.159573921,T,KO,F I,13,68.8
2025-10-30,9:32:57.197930394,T,KO,F,250,68.805
2025-10-30,9:32:57.197930394,T,KO,F I,54,68.82
2025-10-30,9:32:57.197932642,T,KO,F I,91,68.82
2025-10-30,9:32:57.197947707,T,KO,I,1,68.82
2025-10-30,9:32:57.197987411,T,KO,F I,59,68.81
2025-10-30,9:33:00.108267174,T,KO,F I,11,68.81
2025-10-30,9:33:03.078228005,T,KO,F I,5,68.78
2025-10-30,9:33:03.078228005,T,KO,F I,2,68.78
2025-10-30,9:33:06.064821136,T,KO,I,50,68.79
2025-10-30,9:33:06.064824452,T,KO,,100,68.79
2025-10-30,9:33:06.064824452,T,KO,,250,68.79
2025-10-30,9:33:06.064827166,T,KO,,300,68.79
2025-10-30,9:33:06.082852115,T,KO,F I,49,68.8
2025-10-30,9:33:06.357099388,T,KO,F,100,68.82
2025-10-30,9:33:06.811944543,T,KO,I,1,68.82
2025-10-30,9:33:06.811962634,T,KO,I,1,68.82
2025-10-30,9:33:06.813258774,T,KO,I,96,68.82
2025-10-30,9:33:06.813261701,T,KO,I,4,68.82
2025-10-30,9:33:11.004719676,T,KO,I,45,68.81
2025-10-30,9:33:12.798756711,T,KO,F I,41,68.84
2025-10-30,9:33:12.799048390,T,KO,I,1,68.84
2025-10-30,9:33:14.532770518,T,KO,I,25,68.86
2025-10-30,9:33:14.532999069,T,KO,I,3,68.86
2025-10-30,9:33:14.533020012,T,KO,F I,48,68.86
2025-10-30,9:33:14.533537316,T,KO,F I,26,68.87
2025-10-30,9:33:14.634451602,T,KO,I,3,68.87
2025-10-30,9:33:16.802423079,T,KO,F I,28,68.88
2025-10-30,9:33:17.103193443,T,KO,I,6,68.875
2025-10-30,9:33:17.434483481,T,KO,,100,68.875
2025-10-30,9:33:19.777020798,T,KO,F I,22,68.9
2025-10-30,9:33:20.356257356,T,KO,,100,68.915
2025-10-30,9:33:20.859623211,T,KO,I,49,68.9
2025-10-30,9:33:20.859630161,T,KO,I,4,68.9
2025-10-30,9:33:20.859630161,T,KO,F I,6,68.9
2025-10-30,9:33:20.859635402,T,KO,F I,50,68.9
2025-10-30,9:33:20.859635402,T,KO,F I,53,68.9
2025-10-30,9:33:20.859644464,T,KO,I,1,68.9
2025-10-30,9:33:20.859644464,T,KO,F I,46,68.9
2025-10-30,9:33:23.539014007,T,KO,,200,68.92
2025-10-30,9:33:27.351133611,T,KO,F,100,68.95
2025-10-30,9:33:27.351133611,T,KO,F I,23,68.95
2025-10-30,9:33:27.351148777,T,KO,I,1,68.95
2025-10-30,9:33:27.351163638,T,KO,F I,26,68.95
2025-10-30,9:33:27.351163638,T,KO,F I,97,68.95
2025-10-30,9:33:27.358720368,T,KO,,100,68.96
2025-10-30,9:33:33.933751342,T,KO,I,10,68.97
2025-10-30,9:33:33.933751342,T,KO,I,1,68.97
2025-10-30,9:33:33.933754415,T,KO,I,89,68.97
2025-10-30,9:33:33.933772409,T,KO,F I,11,68.97
2025-10-30,9:33:33.934009962,T,KO,F,100,68.97
2025-10-30,9:33:36.893192786,T,KO,F,100,68.985
2025-10-30,9:33:39.004620602,T,KO,,100,68.97
2025-10-30,9:33:39.932215912,T,KO,F I,84,68.97
2025-10-30,9:33:39.932237001,T,KO,I,1,68.97
2025-10-30,9:33:39.932243033,T,KO,F I,15,68.97
2025-10-30,9:33:43.157295738,T,KO,F I,50,68.93
2025-10-30,9:33:49.818538371,T,KO,,100,68.94
2025-10-30,9:33:49.818557441,T,KO,I,1,68.94
2025-10-30,9:33:49.818559497,T,KO,I,8,68.94
2025-10-30,9:33:49.818577610,T,KO,F I,91,68.94
2025-10-30,9:33:49.819239499,T,KO,F,100,68.93
2025-10-30,9:33:49.819241987,T,KO,F I,54,68.93
2025-10-30,9:33:49.819278127,T,KO,I,36,68.92
2025-10-30,9:33:49.819284412,T,KO,I,50,68.92
2025-10-30,9:33:49.819287173,T,KO,,100,68.92
2025-10-30,9:33:50.130233692,T,KO,,100,68.915
2025-10-30,9:33:50.130251805,T,KO,F I,40,68.91
2025-10-30,9:33:50.130654806,T,KO,F I,35,68.9
2025-10-30,9:33:50.130661033,T,KO,F I,15,68.9
2025-10-30,9:33:50.130663737,T,KO,F I,1,68.9
2025-10-30,9:33:50.130663737,T,KO,F I,35,68.9
2025-10-30,9:33:50.130675723,T,KO,I,19,68.9
2025-10-30,9:33:50.130678791,T,KO,I,1,68.9
2025-10-30,9:33:50.130699846,T,KO,I,16,68.9
2025-10-30,9:33:50.130705808,T,KO,I,5,68.9
2025-10-30,9:33:50.132236524,T,KO,F,200,68.9
2025-10-30,9:33:50.132236524,T,KO,F I,24,68.9
2025-10-30,9:33:50.139929166,T,KO,F,100,68.9
2025-10-30,9:33:50.139929166,T,KO,F I,54,68.9
2025-10-30,9:33:50.737115566,T,KO,I,14,68.9
2025-10-30,9:33:50.737115566,T,KO,I,10,68.9
2025-10-30,9:33:50.737118195,T,KO,I,53,68.9
2025-10-30,9:33:50.837455124,T,KO,,100,68.905
2025-10-30,9:33:51.007555237,T,KO,F,100,68.9
2025-10-30,9:33:51.250551997,T,KO,F,100,68.91
2025-10-30,9:33:53.251313242,T,KO,I,7,68.91
2025-10-30,9:33:53.251334335,T,KO,F I,93,68.91
2025-10-30,9:33:57.699889489,T,KO,,130,68.9
2025-10-30,9:33:59.330430000,T,KO,F,100,68.91
2025-10-30,9:34:03.949352918,T,KO,F I,50,68.93
2025-10-30,9:34:03.949355885,T,KO,F,100,68.93
2025-10-30,9:34:03.949395619,T,KO,I,62,68.94
2025-10-30,9:34:03.949395619,T,KO,I,2,68.945
2025-10-30,9:34:03.949410677,T,KO,I,52,68.945
2025-10-30,9:34:03.949422099,T,KO,I,46,68.94
2025-10-30,9:34:03.949425137,T,KO,,104,68.94
2025-10-30,9:34:03.949434731,T,KO,I,86,68.94
2025-10-30,9:34:03.949434731,T,KO,I,14,68.95
2025-10-30,9:34:03.949446125,T,KO,I,50,68.95
2025-10-30,9:34:03.949449207,T,KO,I,50,68.95
2025-10-30,9:34:03.949467322,T,KO,I,1,68.95
2025-10-30,9:34:03.949470173,T,KO,,124,68.94
2025-10-30,9:34:03.949473833,T,KO,I,66,68.94
2025-10-30,9:34:03.949476625,T,KO,I,1,68.95
2025-10-30,9:34:03.949479296,T,KO,I,5,68.95
2025-10-30,9:34:03.949491407,T,KO,F I,62,68.94
2025-10-30,9:34:03.949503429,T,KO,I,50,68.93
2025-10-30,9:34:03.949503429,T,KO,I,72,68.93
2025-10-30,9:34:03.949527604,T,KO,I,28,68.93
2025-10-30,9:34:03.949530312,T,KO,I,50,68.93
2025-10-30,9:34:03.949576192,T,KO,I,77,68.93
2025-10-30,9:34:03.949581503,T,KO,F I,23,68.93
2025-10-30,9:34:05.027059727,T,KO,F I,8,68.93
2025-10-30,9:34:08.584980928,T,KO,I,50,68.94
2025-10-30,9:34:08.585239341,T,KO,I,7,68.935
2025-10-30,9:34:09.382341800,T,KO,F I,2,68.95
2025-10-30,9:34:09.383839590,T,KO,I,89,68.96
2025-10-30,9:34:09.384149071,T,KO,I,50,68.96
2025-10-30,9:34:09.384269422,T,KO,,100,68.95
2025-10-30,9:34:09.384269422,T,KO,I,48,68.95
2025-10-30,9:34:09.384272399,T,KO,I,74,68.95
2025-10-30,9:34:09.384272399,T,KO,I,50,68.95
2025-10-30,9:34:09.460076913,T,KO,F I,38,68.95
2025-10-30,9:34:09.460098396,T,KO,F I,55,68.95
2025-10-30,9:34:09.460100960,T,KO,F I,3,68.95
2025-10-30,9:34:09.460119275,T,KO,I,1,68.95
2025-10-30,9:34:09.460122067,T,KO,I,83,68.95
2025-10-30,9:34:13.125729461,T,KO,F I,10,68.94
2025-10-30,9:34:13.125771767,T,KO,I,18,68.93
2025-10-30,9:34:15.078451426,T,KO,F I,48,68.94
2025-10-30,9:34:15.078532608,T,KO,,100,68.94
2025-10-30,9:34:15.078535539,T,KO,,250,68.94
2025-10-30,9:34:15.078577692,T,KO,F,100,68.94
2025-10-30,9:34:18.353034581,T,KO,F,250,68.96
2025-10-30,9:34:19.290574452,T,KO,F I,74,68.95
2025-10-30,9:34:19.290577935,T,KO,F I,26,68.95
2025-10-30,9:34:19.290577935,T,KO,F I,15,68.95
2025-10-30,9:34:19.290595556,T,KO,I,1,68.95
2025-10-30,9:34:19.290716100,T,KO,I,27,68.95
2025-10-30,9:34:19.291187937,T,KO,I,57,68.95
2025-10-30,9:34:19.295806976,T,KO,,100,68.945
2025-10-30,9:34:19.295810679,T,KO,I,50,68.93
2025-10-30,9:34:19.295810679,T,KO,I,1,68.93
2025-10-30,9:34:19.295813514,T,KO,,100,68.93
2025-10-30,9:34:19.295816378,T,KO,,100,68.93
2025-10-30,9:34:19.295816378,T,KO,,100,68.93
2025-10-30,9:34:19.295822380,T,KO,,190,68.93
2025-10-30,9:34:19.295852072,T,KO,F,100,68.94
2025-10-30,9:34:19.296066267,T,KO,F I,1,68.93
2025-10-30,9:34:19.296069380,T,KO,F I,57,68.93
2025-10-30,9:34:19.296069380,T,KO,F,100,68.93
2025-10-30,9:34:19.296075240,T,KO,F I,42,68.93
2025-10-30,9:34:19.296092702,T,KO,I,1,68.93
2025-10-30,9:34:19.296152815,T,KO,,100,68.93
2025-10-30,9:34:19.300402615,T,KO,,250,68.93
2025-10-30,9:34:19.300405217,T,KO,,250,68.93
2025-10-30,9:34:19.300408670,T,KO,,100,68.93
2025-10-30,9:34:19.300408670,T,KO,,100,68.93
2025-10-30,9:34:19.300410898,T,KO,I,14,68.93
2025-10-30,9:34:19.300413965,T,KO,I,29,68.93
2025-10-30,9:34:19.300441043,T,KO,I,14,68.93
2025-10-30,9:34:19.300679104,T,KO,,100,68.93
2025-10-30,9:34:19.300873982,T,KO,F I,50,68.94
2025-10-30,9:34:19.343419349,T,KO,I,5,68.94
2025-10-30,9:34:23.992642494,T,KO,,100,68.925
2025-10-30,9:34:24.547843550,T,KO,F I,11,68.94
2025-10-30,9:34:24.547846157,T,KO,F I,14,68.94
2025-10-30,9:34:24.547846157,T,KO,F I,84,68.94
2025-10-30,9:34:24.547860945,T,KO,I,1,68.94
2025-10-30,9:34:24.548833546,T,KO,I,41,68.93
2025-10-30,9:34:24.548833546,T,KO,I,50,68.93
2025-10-30,9:34:24.548838565,T,KO,,100,68.93
2025-10-30,9:34:24.548883624,T,KO,,100,68.93
2025-10-30,9:34:24.548970544,T,KO,,100,68.93
2025-10-30,9:34:24.549770393,T,KO,F,969,68.93
2025-10-30,9:34:25.582475169,T,KO,F I,1,68.94
2025-10-30,9:34:25.835178916,T,KO,F,100,68.96
2025-10-30,9:34:25.835984852,T,KO,,100,68.96
2025-10-30,9:34:25.836053992,T,KO,F,100,68.96
2025-10-30,9:34:25.836096138,T,KO,I,23,68.96
2025-10-30,9:34:25.836328395,T,KO,I,77,68.96
2025-10-30,9:34:25.836328395,T,KO,I,50,68.96
2025-10-30,9:34:25.836378757,T,KO,F,100,68.96
2025-10-30,9:34:25.836384750,T,KO,F,100,68.96
2025-10-30,9:34:25.836703682,T,KO,,100,68.96
2025-10-30,9:34:25.836703682,T,KO,,100,68.96
2025-10-30,9:34:26.387261017,T,KO,I,2,68.96
2025-10-30,9:34:26.387278907,T,KO,I,1,68.96
2025-10-30,9:34:26.387296960,T,KO,I,12,68.96
2025-10-30,9:34:29.227477447,T,KO,F,100,68.96
2025-10-30,9:34:29.227516454,T,KO,F,100,68.95
2025-10-30,9:34:29.236140999,T,KO,,100,68.95
2025-10-30,9:34:29.236225362,T,KO,,100,68.95
2025-10-30,9:34:29.236225362,T,KO,,100,68.95
2025-10-30,9:34:29.236228214,T,KO,,200,68.95
2025-10-30,9:34:29.236474893,T,KO,,100,68.95
2025-10-30,9:34:31.113897327,T,KO,F,100,68.96
2025-10-30,9:34:31.113897327,T,KO,F I,40,68.96
2025-10-30,9:34:31.113900315,T,KO,F I,5,68.96
2025-10-30,9:34:34.654394994,T,KO,F I,37,68.97
2025-10-30,9:34:34.855408513,T,KO,,100,68.975
2025-10-30,9:34:34.899123692,T,KO,F I,50,68.96
2025-10-30,9:34:35.680206956,T,KO,F I,53,68.97
2025-10-30,9:34:37.403945596,T,KO,I,50,68.98
2025-10-30,9:34:37.403945596,T,KO,,100,68.98
2025-10-30,9:34:37.403949231,T,KO,I,50,68.98
2025-10-30,9:34:37.404249213,T,KO,I,5,68.97
2025-10-30,9:34:37.404273263,T,KO,I,1,68.97
2025-10-30,9:34:37.404477787,T,KO,F I,4,68.98
2025-10-30,9:34:37.404519872,T,KO,,100,68.98
2025-10-30,9:34:37.404519872,T,KO,I,53,68.98
2025-10-30,9:34:37.404589003,T,KO,F I,47,68.98
2025-10-30,9:34:41.341583898,T,KO,I,2,68.99
2025-10-30,9:34:43.173183209,T,KO,,100,68.985
2025-10-30,9:34:43.594414494,T,KO,I,1,68.985
2025-10-30,9:34:43.615022517,T,KO,I,1,69.0
2025-10-30,9:34:43.615022517,T,KO,I,6,69.0
2025-10-30,9:34:43.615025707,T,KO,I,1,69.0
2025-10-30,9:34:43.615028881,T,KO,,500,69.0
2025-10-30,9:34:43.615028881,T,KO,I,10,69.0
2025-10-30,9:34:43.615666038,T,KO,I,3,69.0
2025-10-30,9:34:43.615711160,T,KO,I,97,68.995
2025-10-30,9:34:43.615732814,T,KO,F I,50,69.01
2025-10-30,9:34:43.615735198,T,KO,F,100,69.01
2025-10-30,9:34:43.615738234,T,KO,F I,77,69.01
2025-10-30,9:34:43.616099083,T,KO,I,23,69.01
2025-10-30,9:34:43.616348632,T,KO,F,100,69.01
2025-10-30,9:34:43.616351717,T,KO,F,100,69.01
2025-10-30,9:34:43.616384742,T,KO,I,26,69.0
2025-10-30,9:34:43.616402817,T,KO,,100,69.01
2025-10-30,9:34:44.685103108,T,KO,F I,15,69.01
2025-10-30,9:34:44.685106117,T,KO,F I,12,69.01
2025-10-30,9:34:47.282173215,T,KO,F I,24,69.0
2025-10-30,9:34:47.285465473,T,KO,,100,69.0
2025-10-30,9:34:49.443287826,T,KO,F,100,68.98
2025-10-30,9:34:49.443290854,T,KO,F,100,68.98
2025-10-30,9:34:49.443290854,T,KO,F,100,68.98
2025-10-30,9:34:49.470965705,T,KO,,190,68.97
2025-10-30,9:34:51.408263818,T,KO,I,48,69.0
2025-10-30,9:34:51.408263818,T,KO,,190,69.0
2025-10-30,9:34:52.925211782,T,KO,F I,61,69.0
2025-10-30,9:34:56.006626822,T,KO,I,6,69.005
2025-10-30,9:34:57.326963542,T,KO,F,200,68.99
2025-10-30,9:34:57.800050302,T,KO,F,100,68.98
2025-10-30,9:34:57.800063011,T,KO,F,100,68.97
2025-10-30,9:34:57.800066148,T,KO,F,100,68.97
2025-10-30,9:34:57.800068808,T,KO,F I,1,68.97
2025-10-30,9:34:57.800068808,T,KO,F I,35,68.97
2025-10-30,9:34:57.800089347,T,KO,I,1,68.97
2025-10-30,9:34:57.800116509,T,KO,I,27,68.98
2025-10-30,9:34:57.801208096,T,KO,I,2,68.97
2025-10-30,9:34:57.801319369,T,KO,I,4,68.97
2025-10-30,9:34:57.806064664,T,KO,,190,68.97
2025-10-30,9:34:57.809002658,T,KO,I,10,68.97
2025-10-30,9:34:58.565761031,T,KO,F I,11,68.98
2025-10-30,9:34:58.794221204,T,KO,F,180,68.98
2025-10-30,9:35:01.136235473,T,KO,F I,27,68.97
2025-10-30,9:35:01.136235473,T,KO,F I,35,68.96
2025-10-30,9:35:01.136244476,T,KO,F,100,68.96
2025-10-30,9:35:01.136244476,T,KO,F I,50,68.96
2025-10-30,9:35:01.136247384,T,KO,F,100,68.96
2025-10-30,9:35:01.499208780,T,KO,,130,68.96
2025-10-30,9:35:01.501960357,T,KO,I,70,68.96
2025-10-30,9:35:01.697906936,T,KO,I,10,68.95
2025-10-30,9:35:01.697946041,T,KO,I,50,68.94
2025-10-30,9:35:01.697946041,T,KO,I,49,68.94
2025-10-30,9:35:02.828178862,T,KO,I,1,68.93
2025-10-30,9:35:02.828178862,T,KO,,100,68.93
2025-10-30,9:35:02.839443768,T,KO,I,51,68.93
2025-10-30,9:35:03.129731087,T,KO,I,47,68.92
2025-10-30,9:35:03.129752147,T,KO,F I,12,68.92
2025-10-30,9:35:05.124225485,T,KO,F,117,68.91
2025-10-30,9:35:05.124899049,T,KO,F,100,68.91
2025-10-30,9:35:05.124923099,T,KO,F I,22,68.9
2025-10-30,9:35:05.125073846,T,KO,F,100,68.91
2025-10-30,9:35:05.125076452,T,KO,F I,45,68.91
2025-10-30,9:35:05.125079490,T,KO,F I,50,68.91
2025-10-30,9:35:05.125098309,T,KO,I,1,68.91
2025-10-30,9:35:05.125140186,T,KO,F I,63,68.91
2025-10-30,9:35:05.125140186,T,KO,F I,1,68.91
2025-10-30,9:35:05.125145660,T,KO,F I,79,68.91
2025-10-30,9:35:05.126072079,T,KO,I,45,68.92
2025-10-30,9:35:07.031226366,T,KO,F I,57,68.92
2025-10-30,9:35:07.031229594,T,KO,F I,56,68.92
2025-10-30,9:35:07.031232406,T,KO,F I,54,68.92
2025-10-30,9:35:07.049158040,T,KO,I,50,68.93
2025-10-30,9:35:08.016225357,T,KO,I,34,68.92
2025-10-30,9:35:08.817985949,T,KO,I,50,68.9
2025-10-30,9:35:08.817991973,T,KO,,100,68.9
2025-10-30,9:35:08.817991973,T,KO,,190,68.9
2025-10-30,9:35:09.320073783,T,KO,F I,56,68.91
2025-10-30,9:35:09.320077064,T,KO,F I,20,68.91
2025-10-30,9:35:09.320079882,T,KO,F I,2,68.91
2025-10-30,9:35:09.320079882,T,KO,F I,2,68.91
2025-10-30,9:35:10.130435081,T,KO,I,44,68.9
2025-10-30,9:35:10.130765620,T,KO,F,200,68.9
2025-10-30,9:35:11.206530755,T,KO,I,50,68.91
2025-10-30,9:35:11.206530755,T,KO,,100,68.91
2025-10-30,9:35:11.206551207,T,KO,I,1,68.91
2025-10-30,9:35:12.006708639,T,KO,F,100,68.92
2025-10-30,9:35:12.419207045,T,KO,I,10,68.915
2025-10-30,9:35:16.312510790,T,KO,,100,68.915
2025-10-30,9:35:17.917791073,T,KO,F I,1,68.91
2025-10-30,9:35:19.724031379,T,KO,I,12,68.9
2025-10-30,9:35:19.724037130,T,KO,I,1,68.9
2025-10-30,9:35:19.725158781,T,KO,F I,38,68.89
2025-10-30,9:35:19.725174592,T,KO,,100,68.9
2025-10-30,9:35:19.725198530,T,KO,I,1,68.89
2025-10-30,9:35:19.725213011,T,KO,I,99,68.89
2025-10-30,9:35:19.725216305,T,KO,,100,68.89
2025-10-30,9:35:19.725561732,T,KO,I,2,68.895
2025-10-30,9:35:19.725956211,T,KO,F I,99,68.895
2025-10-30,9:35:19.725956211,T,KO,F I,44,68.89
2025-10-30,9:35:19.725961737,T,KO,F,100,68.89
2025-10-30,9:35:19.725961737,T,KO,F I,50,68.89
2025-10-30,9:35:20.173126708,T,KO,,100,68.88
2025-10-30,9:35:23.005034593,T,KO,I,6,68.875
2025-10-30,9:35:23.329483257,T,KO,F,322,68.86
2025-10-30,9:35:24.052786975,T,KO,I,90,68.855
2025-10-30,9:35:25.017586894,T,KO,,322,68.83
2025-10-30,9:35:25.134042254,T,KO,F I,44,68.82
2025-10-30,9:35:25.134403056,T,KO,F I,44,68.82
2025-10-30,9:35:25.134439827,T,KO,,100,68.82
2025-10-30,9:35:25.134442314,T,KO,,100,68.82
2025-10-30,9:35:25.134445259,T,KO,I,50,68.82
2025-10-30,9:35:27.349397668,T,KO,F I,1,68.83
2025-10-30,9:35:27.349403928,T,KO,F I,99,68.83
2025-10-30,9:35:27.349406934,T,KO,F,100,68.83
2025-10-30,9:35:27.349409593,T,KO,F,100,68.83
2025-10-30,9:35:27.349409593,T,KO,F I,44,68.83
2025-10-30,9:35:27.349415773,T,KO,F,110,68.83
2025-10-30,9:35:27.349415773,T,KO,F,100,68.83
2025-10-30,9:35:30.234814881,T,KO,,100,68.82
2025-10-30,9:35:30.234830155,T,KO,I,1,68.82
2025-10-30,9:35:30.235434362,T,KO,I,36,68.82
2025-10-30,9:35:30.235515512,T,KO,I,63,68.82
2025-10-30,9:35:33.885768534,T,KO,I,89,68.81
2025-10-30,9:35:33.885789501,T,KO,I,1,68.81
2025-10-30,9:35:33.885796113,T,KO,I,48,68.81
2025-10-30,9:35:33.885796113,T,KO,I,42,68.81
2025-10-30,9:35:33.885798583,T,KO,I,58,68.81
2025-10-30,9:35:41.503563424,T,KO,F,200,68.83
2025-10-30,9:35:41.503563424,T,KO,F I,2,68.83
2025-10-30,9:35:45.151539392,T,KO,,100,68.82
2025-10-30,9:35:45.151557805,T,KO,I,1,68.82
2025-10-30,9:35:45.151816342,T,KO,I,75,68.83
2025-10-30,9:35:45.152306263,T,KO,,100,68.83
2025-10-30,9:35:45.152306263,T,KO,I,75,68.83
2025-10-30,9:35:47.028279379,T,KO,I,10,68.83
2025-10-30,9:35:47.028279379,T,KO,I,29,68.83
2025-10-30,9:35:47.028294268,T,KO,I,66,68.83
2025-10-30,9:35:47.985955858,T,KO,I,5,68.83
2025-10-30,9:35:47.985958429,T,KO,,101,68.82
2025-10-30,9:35:47.990045143,T,KO,,100,68.81
2025-10-30,9:35:47.990045143,T,KO,I,50,68.81
2025-10-30,9:35:47.990051481,T,KO,I,7,68.81
2025-10-30,9:35:47.990051481,T,KO,I,7,68.81
2025-10-30,9:35:47.990054361,T,KO,I,23,68.81
2025-10-30,9:35:47.990054361,T,KO,,113,68.81
2025-10-30,9:35:47.990063130,T,KO,I,1,68.81
2025-10-30,9:35:47.990066737,T,KO,I,1,68.81
2025-10-30,9:35:47.990208136,T,KO,F I,1,68.82
2025-10-30,9:35:47.990210724,T,KO,F I,16,68.82
2025-10-30,9:35:47.990213562,T,KO,F I,58,68.82
2025-10-30,9:35:47.990213562,T,KO,F I,17,68.82
2025-10-30,9:35:47.990219415,T,KO,F I,83,68.82
2025-10-30,9:35:47.991170728,T,KO,,100,68.82
2025-10-30,9:35:47.991170728,T,KO,,159,68.82
2025-10-30,9:35:47.991172898,T,KO,I,50,68.82
2025-10-30,9:35:47.991175755,T,KO,I,68,68.82
2025-10-30,9:35:47.992411693,T,KO,F,190,68.815
2025-10-30,9:35:47.994982742,T,KO,I,47,68.81
2025-10-30,9:35:47.994988765,T,KO,,100,68.81
2025-10-30,9:35:47.994988765,T,KO,I,53,68.81
2025-10-30,9:35:47.995605259,T,KO,I,50,68.81
2025-10-30,9:35:47.995605259,T,KO,,100,68.81
2025-10-30,9:35:47.996101447,T,KO,F,100,68.81
2025-10-30,9:35:47.996336070,T,KO,F,100,68.81
2025-10-30,9:35:47.996390108,T,KO,,100,68.81
2025-10-30,9:35:48.000100990,T,KO,,100,68.81
2025-10-30,9:35:48.000104137,T,KO,I,50,68.81
2025-10-30,9:35:48.000107210,T,KO,,100,68.81
2025-10-30,9:35:48.000107210,T,KO,,100,68.81
2025-10-30,9:35:48.000110044,T,KO,,170,68.81
2025-10-30,9:35:48.004876391,T,KO,,100,68.81
2025-10-30,9:35:48.004876391,T,KO,I,50,68.81
2025-10-30,9:35:48.004879320,T,KO,,100,68.81
2025-10-30,9:35:48.004882355,T,KO,,100,68.81
2025-10-30,9:35:48.004882355,T,KO,,110,68.81
2025-10-30,9:35:48.004927511,T,KO,,100,68.81
2025-10-30,9:35:48.008079289,T,KO,,100,68.81
2025-10-30,9:35:48.008079289,T,KO,,100,68.81
2025-10-30,9:35:48.008085371,T,KO,,100,68.81
2025-10-30,9:35:48.008085371,T,KO,I,50,68.81
2025-10-30,9:35:48.008085371,T,KO,,100,68.81
2025-10-30,9:35:48.008322554,T,KO,F,100,68.81
2025-10-30,9:35:48.009636756,T,KO,I,32,68.81
2025-10-30,9:35:48.029361785,T,KO,I,47,68.83
2025-10-30,9:35:48.029361785,T,KO,,100,68.83
2025-10-30,9:35:48.029363686,T,KO,I,50,68.83
2025-10-30,9:35:48.029366948,T,KO,,100,68.83
2025-10-30,9:35:48.029366948,T,KO,I,47,68.83
2025-10-30,9:35:48.262024768,T,KO,F I,12,68.83
2025-10-30,9:35:48.262063852,T,KO,,100,68.82
2025-10-30,9:35:49.858060997,T,KO,F I,54,68.83
2025-10-30,9:35:49.858060997,T,KO,F,100,68.83
2025-10-30,9:35:50.830902016,T,KO,F I,85,68.84
2025-10-30,9:35:50.830905255,T,KO,F,100,68.84
2025-10-30,9:35:50.830905255,T,KO,F I,68,68.84
2025-10-30,9:35:50.830908026,T,KO,F I,70,68.84
2025-10-30,9:35:50.830911073,T,KO,F I,12,68.84
2025-10-30,9:35:50.830915066,T,KO,F,100,68.84
2025-10-30,9:35:52.599588637,T,KO,F I,59,68.84
2025-10-30,9:35:52.599591581,T,KO,F I,1,68.84
2025-10-30,9:35:52.599634127,T,KO,F I,59,68.84
2025-10-30,9:35:52.599634127,T,KO,F I,1,68.84
2025-10-30,9:35:55.008295575,T,KO,F I,27,68.82
2025-10-30,9:35:55.175382784,T,KO,F,215,68.82
2025-10-30,9:35:55.175403504,T,KO,I,1,68.82
2025-10-30,9:35:55.175433525,T,KO,F I,82,68.82
2025-10-30,9:36:00.125676506,T,KO,F,100,68.81
2025-10-30,9:36:00.125679935,T,KO,F,100,68.81
2025-10-30,9:36:00.125683017,T,KO,F I,50,68.81
2025-10-30,9:36:00.125685527,T,KO,F I,2,68.81
2025-10-30,9:36:03.952248348,T,KO,,100,68.825
2025-10-30,9:36:06.611388978,T,KO,I,96,68.84
2025-10-30,9:36:06.611391630,T,KO,,400,68.84
2025-10-30,9:36:06.611394927,T,KO,,100,68.84
2025-10-30,9:36:06.611394927,T,KO,,200,68.84
2025-10-30,9:36:06.611410401,T,KO,I,1,68.84
2025-10-30,9:36:06.619201209,T,KO,,100,68.85
2025-10-30,9:36:06.619276424,T,KO,F,250,68.85
2025-10-30,9:36:07.038907786,T,KO,F,190,68.86
2025-10-30,9:36:07.046524962,T,KO,,100,68.865
2025-10-30,9:36:07.046534282,T,KO,I,12,68.87
2025-10-30,9:36:07.047715814,T,KO,F,100,68.87
2025-10-30,9:36:07.051313024,T,KO,F,100,68.87
2025-10-30,9:36:07.051313024,T,KO,F I,1,68.87
2025-10-30,9:36:07.051315376,T,KO,F,100,68.87
2025-10-30,9:36:07.051637268,T,KO,,100,68.87
2025-10-30,9:36:07.051637268,T,KO,,100,68.87
2025-10-30,9:36:07.052040059,T,KO,,100,68.87
2025-10-30,9:36:07.052130372,T,KO,F I,83,68.86
2025-10-30,9:36:07.052172439,T,KO,F,100,68.86
2025-10-30,9:36:07.054283477,T,KO,F I,50,68.87
2025-10-30,9:36:07.054286452,T,KO,F I,50,68.87
2025-10-30,9:36:07.059840668,T,KO,I,67,68.88
2025-10-30,9:36:07.059855678,T,KO,I,33,68.88
2025-10-30,9:36:07.060012131,T,KO,F I,58,68.88
2025-10-30,9:36:07.060033225,T,KO,I,1,68.88
2025-10-30,9:36:07.060144450,T,KO,F I,41,68.88
2025-10-30,9:36:07.060147432,T,KO,F I,59,68.88
2025-10-30,9:36:07.060165397,T,KO,F I,8,68.88
2025-10-30,9:36:07.060168432,T,KO,F,100,68.88
2025-10-30,9:36:07.109152189,T,KO,,100,68.88
2025-10-30,9:36:07.109173140,T,KO,I,1,68.88
2025-10-30,9:36:07.220738923,T,KO,,100,68.875
2025-10-30,9:36:08.156218916,T,KO,,100,68.87
2025-10-30,9:36:08.474340670,T,KO,F I,1,68.865
2025-10-30,9:36:08.474364640,T,KO,F I,1,68.865
2025-10-30,9:36:08.474373755,T,KO,F I,1,68.865
2025-10-30,9:36:08.474380030,T,KO,F I,1,68.865
2025-10-30,9:36:08.474386375,T,KO,F I,1,68.865
2025-10-30,9:36:08.474386375,T,KO,F I,1,68.865
2025-10-30,9:36:08.474388807,T,KO,F I,1,68.865
2025-10-30,9:36:08.474400969,T,KO,F I,1,68.865
2025-10-30,9:36:08.474400969,T,KO,F I,1,68.865
2025-10-30,9:36:08.474403787,T,KO,F I,1,68.865
2025-10-30,9:36:08.474416013,T,KO,F I,1,68.865
2025-10-30,9:36:08.474416013,T,KO,F I,1,68.865
2025-10-30,9:36:08.474419293,T,KO,F I,1,68.865
2025-10-30,9:36:08.474422030,T,KO,F I,1,68.86
2025-10-30,9:36:08.474422030,T,KO,F I,1,68.86
2025-10-30,9:36:08.474425018,T,KO,F I,1,68.86
2025-10-30,9:36:08.866363314,T,KO,F I,10,68.86
2025-10-30,9:36:08.901240427,T,KO,F,175,68.86
2025-10-30,9:36:08.901649339,T,KO,,100,68.87
2025-10-30,9:36:09.286136138,T,KO,,100,68.87
2025-10-30,9:36:11.610037969,T,KO,,100,68.865
2025-10-30,9:36:11.613135408,T,KO,,100,68.865
2025-10-30,9:36:12.006586392,T,KO,,250,68.865
2025-10-30,9:36:12.966244070,T,KO,F,100,68.86
2025-10-30,9:36:14.962076592,T,KO,F,100,68.87
2025-10-30,9:36:14.962094644,T,KO,I,1,68.87
2025-10-30,9:36:14.963330628,T,KO,F,180,68.87
2025-10-30,9:36:14.992548128,T,KO,,100,68.87
2025-10-30,9:36:15.010621228,T,KO,,100,68.87
2025-10-30,9:36:15.153494617,T,KO,I,62,68.86
2025-10-30,9:36:15.153500482,T,KO,,100,68.86
2025-10-30,9:36:15.153500482,T,KO,I,38,68.86
2025-10-30,9:36:15.153515526,T,KO,I,1,68.86
2025-10-30,9:36:16.264818303,T,KO,F,100,68.87
2025-10-30,9:36:16.264821865,T,KO,F I,50,68.87
2025-10-30,9:36:16.264824344,T,KO,F I,62,68.87
2025-10-30,9:36:16.264824344,T,KO,F I,37,68.87
2025-10-30,9:36:16.265516071,T,KO,F,100,68.87
2025-10-30,9:36:16.269208784,T,KO,I,52,68.88
2025-10-30,9:36:16.359910889,T,KO,,100,68.88
2025-10-30,9:36:16.467227445,T,KO,I,45,68.87
2025-10-30,9:36:16.467248500,T,KO,F I,50,68.87
2025-10-30,9:36:17.153714412,T,KO,F,252,68.87
2025-10-30,9:36:17.153730103,T,KO,I,1,68.87
2025-10-30,9:36:17.163337397,T,KO,I,1,68.86
2025-10-30,9:36:17.163340412,T,KO,,100,68.86
2025-10-30,9:36:18.394584028,T,KO,F I,19,68.84
2025-10-30,9:36:18.394586875,T,KO,F I,50,68.84
2025-10-30,9:36:18.473873704,T,KO,F,100,68.85
2025-10-30,9:36:18.473892203,T,KO,F,190,68.85
2025-10-30,9:36:19.014937405,T,KO,I,7,68.855
2025-10-30,9:36:19.397779236,T,KO,,100,68.855
2025-10-30,9:36:22.509338083,T,KO,F,100,68.87
2025-10-30,9:36:22.514946399,T,KO,F,200,68.88
2025-10-30,9:36:22.593773170,T,KO,F,100,68.89
2025-10-30,9:36:23.097328684,T,KO,,100,68.9
2025-10-30,9:36:25.765556425,T,KO,F,200,68.92
2025-10-30,9:36:27.246698226,T,KO,F I,3,68.93
2025-10-30,9:36:27.248791155,T,KO,,100,68.93
2025-10-30,9:36:28.138724759,T,KO,F,100,68.93
2025-10-30,9:36:28.138811868,T,KO,,100,68.93
2025-10-30,9:36:28.138814997,T,KO,I,1,68.93
2025-10-30,9:36:28.138827012,T,KO,F,100,68.93
2025-10-30,9:36:28.138860058,T,KO,,100,68.93
2025-10-30,9:36:28.138887093,T,KO,F,100,68.93
2025-10-30,9:36:28.153841784,T,KO,,100,68.93
2025-10-30,9:36:28.153841784,T,KO,,100,68.93
2025-10-30,9:36:28.364568572,T,KO,F I,1,68.93
2025-10-30,9:36:28.364568572,T,KO,F I,50,68.93
2025-10-30,9:36:28.364938461,T,KO,I,1,68.93
2025-10-30,9:36:29.546245020,T,KO,F I,71,68.94
2025-10-30,9:36:29.546248853,T,KO,F,100,68.94
2025-10-30,9:36:29.546251062,T,KO,F I,50,68.94
2025-10-30,9:36:29.546254131,T,KO,F I,50,68.94
2025-10-30,9:36:29.546897637,T,KO,I,1,68.94
2025-10-30,9:36:29.546897637,T,KO,I,50,68.94
2025-10-30,9:36:30.125851663,T,KO,I,55,68.92
2025-10-30,9:36:30.275993241,T,KO,F I,2,68.92
2025-10-30,9:36:30.275999216,T,KO,F,139,68.92
2025-10-30,9:36:30.275999216,T,KO,F I,1,68.92
2025-10-30,9:36:30.276048370,T,KO,,138,68.92
2025-10-30,9:36:31.154812929,T,KO,I,16,68.92
2025-10-30,9:36:31.154815299,T,KO,I,84,68.92
2025-10-30,9:36:31.154836346,T,KO,F I,54,68.92
2025-10-30,9:36:31.154836346,T,KO,F I,1,68.92
2025-10-30,9:36:31.154842267,T,KO,F I,1,68.92
2025-10-30,9:36:31.154854380,T,KO,,123,68.92
2025-10-30,9:36:31.154857322,T,KO,I,39,68.92
2025-10-30,9:36:31.179616405,T,KO,F I,39,68.92
2025-10-30,9:36:31.179616405,T,KO,F,123,68.92
2025-10-30,9:36:31.179621301,T,KO,F I,15,68.92
2025-10-30,9:36:31.179621301,T,KO,F I,1,68.92
2025-10-30,9:36:31.179621301,T,KO,F I,5,68.92
2025-10-30,9:36:31.179624548,T,KO,F I,51,68.92
2025-10-30,9:36:31.180397131,T,KO,I,28,68.92
2025-10-30,9:36:34.901832632,T,KO,F,100,68.93
2025-10-30,9:36:35.090883805,T,KO,F I,56,68.94
2025-10-30,9:36:36.796795859,T,KO,I,5,68.95
2025-10-30,9:36:37.231965537,T,KO,F,190,68.96
2025-10-30,9:36:37.231977387,T,KO,F,100,68.96
2025-10-30,9:36:39.095572936,T,KO,I,50,68.95
2025-10-30,9:36:39.095996934,T,KO,F I,50,68.96
2025-10-30,9:36:39.096009370,T,KO,,150,68.96
2025-10-30,9:36:39.098023730,T,KO,F,100,68.97
2025-10-30,9:36:39.098802539,T,KO,,100,68.97
2025-10-30,9:36:39.098806036,T,KO,,100,68.97
2025-10-30,9:36:39.098806036,T,KO,I,1,68.97
2025-10-30,9:36:39.098808580,T,KO,I,50,68.97
2025-10-30,9:36:39.098826583,T,KO,I,50,68.97
2025-10-30,9:36:39.420614039,T,KO,F I,3,68.97
2025-10-30,9:36:40.139055167,T,KO,I,50,68.97
2025-10-30,9:36:41.477543302,T,KO,F,100,68.98
2025-10-30,9:36:41.477546085,T,KO,F,100,68.98
2025-10-30,9:36:41.477564197,T,KO,I,1,68.98
2025-10-30,9:36:41.477567683,T,KO,I,1,68.98
2025-10-30,9:36:42.218883938,T,KO,I,50,68.97
2025-10-30,9:36:42.249289229,T,KO,F I,44,68.96
2025-10-30,9:36:42.649888302,T,KO,,100,68.96
2025-10-30,9:36:43.163631878,T,KO,I,10,68.96
2025-10-30,9:36:43.224641889,T,KO,I,30,68.955
2025-10-30,9:36:43.224644278,T,KO,I,48,68.96
2025-10-30,9:36:43.224647459,T,KO,,100,68.96
2025-10-30,9:36:43.224647459,T,KO,I,20,68.96
2025-10-30,9:36:43.225101335,T,KO,F,100,68.96
2025-10-30,9:36:43.811317593,T,KO,F,100,68.97
2025-10-30,9:36:43.811320607,T,KO,F,100,68.97
2025-10-30,9:36:43.811320607,T,KO,F I,70,68.97
2025-10-30,9:36:46.313180292,T,KO,,100,68.975
2025-10-30,9:36:46.762606631,T,KO,F,100,68.98
2025-10-30,9:36:46.797685366,T,KO,I,4,68.98
2025-10-30,9:36:50.003951597,T,KO,F I,27,68.99
2025-10-30,9:36:50.003951597,T,KO,F I,3,68.99
2025-10-30,9:36:50.003954666,T,KO,F,197,68.99
2025-10-30,9:36:50.004516971,T,KO,F I,50,69.0
2025-10-30,9:36:50.581843995,T,KO,,100,68.99
2025-10-30,9:36:50.581843995,T,KO,I,32,68.99
2025-10-30,9:36:50.581862320,T,KO,I,1,68.99
2025-10-30,9:36:51.278287814,T,KO,I,20,68.99
2025-10-30,9:36:53.143570292,T,KO,F,200,69.01
2025-10-30,9:36:53.143573356,T,KO,F I,70,69.01
2025-10-30,9:36:53.143576288,T,KO,F I,50,69.01
2025-10-30,9:36:53.143576288,T,KO,F,100,69.01
2025-10-30,9:36:55.161361231,T,KO,F I,2,68.99
2025-10-30,9:36:55.317550127,T,KO,,100,69.0
2025-10-30,9:36:55.669893310,T,KO,F,100,69.02
2025-10-30,9:36:55.669896288,T,KO,F I,40,69.02
2025-10-30,9:36:55.669911294,T,KO,I,1,69.02
2025-10-30,9:36:55.669917339,T,KO,I,1,69.02
2025-10-30,9:37:00.144388291,T,KO,I,60,69.0
2025-10-30,9:37:00.560549501,T,KO,I,50,68.99
2025-10-30,9:37:00.560552443,T,KO,,100,68.99
2025-10-30,9:37:00.560556027,T,KO,,100,68.99
2025-10-30,9:37:00.560558623,T,KO,,200,68.99
2025-10-30,9:37:00.560558623,T,KO,I,50,68.99
2025-10-30,9:37:00.560570581,T,KO,I,1,68.99
2025-10-30,9:37:00.561695274,T,KO,,300,68.995
2025-10-30,9:37:00.561695274,T,KO,,100,68.99
2025-10-30,9:37:00.561704423,T,KO,,100,68.99
2025-10-30,9:37:00.561704423,T,KO,,100,68.99
2025-10-30,9:37:00.561710476,T,KO,,100,68.99
2025-10-30,9:37:00.561710476,T,KO,I,50,68.99
2025-10-30,9:37:00.561764467,T,KO,,100,69.0
2025-10-30,9:37:00.561764467,T,KO,I,54,69.0
2025-10-30,9:37:00.561770338,T,KO,,100,69.0
2025-10-30,9:37:00.561770338,T,KO,,100,69.0
2025-10-30,9:37:00.561923751,T,KO,,100,69.0
2025-10-30,9:37:00.561923751,T,KO,,100,69.0
2025-10-30,9:37:00.562089860,T,KO,F,100,68.99
2025-10-30,9:37:00.562089860,T,KO,F I,50,68.99
2025-10-30,9:37:00.562092682,T,KO,F I,50,68.99
2025-10-30,9:37:00.562146730,T,KO,,100,68.99
2025-10-30,9:37:00.562248512,T,KO,I,50,69.0
2025-10-30,9:37:00.562251588,T,KO,I,14,69.0
2025-10-30,9:37:00.563637839,T,KO,F,100,69.0
2025-10-30,9:37:00.563640799,T,KO,F,255,69.0
2025-10-30,9:37:00.567391069,T,KO,,638,69.0
2025-10-30,9:37:00.567391069,T,KO,I,62,69.0
2025-10-30,9:37:00.567396816,T,KO,I,38,69.0
2025-10-30,9:37:00.567453922,T,KO,F I,1,69.0
2025-10-30,9:37:00.569685271,T,KO,I,1,69.0
2025-10-30,9:37:00.569685271,T,KO,I,50,69.0
2025-10-30,9:37:00.569688333,T,KO,,100,69.0
2025-10-30,9:37:00.626412397,T,KO,I,50,69.0
2025-10-30,9:37:00.636026199,T,KO,F,100,68.99
2025-10-30,9:37:00.658916741,T,KO,F I,26,68.99
2025-10-30,9:37:00.658919735,T,KO,F I,50,68.99
2025-10-30,9:37:00.663662436,T,KO,I,13,68.99
2025-10-30,9:37:00.663662436,T,KO,I,50,68.99
2025-10-30,9:37:00.665039329,T,KO,,100,68.99
2025-10-30,9:37:00.665039329,T,KO,I,50,68.99
2025-10-30,9:37:00.665096459,T,KO,F,100,68.99
2025-10-30,9:37:00.665099519,T,KO,F I,1,68.99
2025-10-30,9:37:00.667673885,T,KO,I,26,68.99
2025-10-30,9:37:00.667677407,T,KO,I,14,68.99
2025-10-30,9:37:00.667677407,T,KO,I,23,68.99
2025-10-30,9:37:00.735842996,T,KO,,100,68.99
2025-10-30,9:37:00.735864068,T,KO,,100,68.99
2025-10-30,9:37:00.736282013,T,KO,,100,68.99
2025-10-30,9:37:00.736288251,T,KO,,100,68.99
2025-10-30,9:37:00.736288251,T,KO,,100,68.99
2025-10-30,9:37:00.736570731,T,KO,I,22,69.0
2025-10-30,9:37:00.736736100,T,KO,I,54,69.0
2025-10-30,9:37:02.188133862,T,KO,I,5,69.01
2025-10-30,9:37:02.188151957,T,KO,F I,95,69.01
2025-10-30,9:37:04.024725204,T,KO,I,3,69.01
2025-10-30,9:37:05.198285297,T,KO,F I,6,69.02
2025-10-30,9:37:05.198324387,T,KO,I,19,69.02
2025-10-30,9:37:05.198952808,T,KO,F I,50,69.02
2025-10-30,9:37:06.803628729,T,KO,I,5,69.015
2025-10-30,9:37:07.211923216,T,KO,F I,10,69.02
2025-10-30,9:37:07.211944652,T,KO,F,190,69.02
2025-10-30,9:37:07.211947257,T,KO,F,100,69.02
2025-10-30,9:37:07.499528199,T,KO,I,6,69.02
2025-10-30,9:37:09.557106733,T,KO,,100,69.02
2025-10-30,9:37:10.760491873,T,KO,F I,69,69.03
2025-10-30,9:37:10.760561034,T,KO,I,23,69.03
2025-10-30,9:37:10.760726419,T,KO,F I,8,69.03
2025-10-30,9:37:12.975320982,T,KO,F I,21,69.03
2025-10-30,9:37:12.975320982,T,KO,F I,16,69.03
2025-10-30,9:37:12.975324007,T,KO,F I,21,69.03
2025-10-30,9:37:12.975326962,T,KO,F I,31,69.03
2025-10-30,9:37:12.975326962,T,KO,F I,15,69.03
2025-10-30,9:37:12.975330023,T,KO,F I,28,69.03
2025-10-30,9:37:12.975333413,T,KO,F I,5,69.03
2025-10-30,9:37:12.975336006,T,KO,F,200,69.03
2025-10-30,9:37:14.767051276,T,KO,I,2,69.03
2025-10-30,9:37:14.785975580,T,KO,F I,68,69.03
2025-10-30,9:37:14.802659150,T,KO,F I,50,69.03
2025-10-30,9:37:14.804791182,T,KO,,105,69.03
2025-10-30,9:37:14.804809207,T,KO,I,1,69.03
2025-10-30,9:37:15.223391199,T,KO,F,100,69.035
2025-10-30,9:37:15.223391199,T,KO,F I,94,69.03
2025-10-30,9:37:15.224576158,T,KO,,100,69.035
2025-10-30,9:37:15.224579473,T,KO,I,1,69.04
2025-10-30,9:37:15.224581993,T,KO,,100,69.04
2025-10-30,9:37:15.224581993,T,KO,I,50,69.04
2025-10-30,9:37:16.632805985,T,KO,F,100,69.04
2025-10-30,9:37:16.632809070,T,KO,F I,68,69.04
2025-10-30,9:37:16.632809070,T,KO,F I,1,69.04
2025-10-30,9:37:16.635966549,T,KO,,100,69.04
2025-10-30,9:37:17.447362088,T,KO,F I,2,69.04
2025-10-30,9:37:20.732602714,T,KO,F I,67,69.03
2025-10-30,9:37:20.732639382,T,KO,F,100,69.02
2025-10-30,9:37:20.732644681,T,KO,F I,36,69.02
2025-10-30,9:37:20.732660519,T,KO,F I,2,69.02
2025-10-30,9:37:20.732662679,T,KO,F I,1,69.02
2025-10-30,9:37:20.732667209,T,KO,F I,14,69.02
2025-10-30,9:37:20.732667209,T,KO,I,1,69.02
2025-10-30,9:37:20.732687199,T,KO,F I,4,69.02
2025-10-30,9:37:20.732687199,T,KO,F I,32,69.02
2025-10-30,9:37:20.732704893,T,KO,I,36,69.02
2025-10-30,9:37:20.732716898,T,KO,F I,5,69.02
2025-10-30,9:37:21.375061706,T,KO,I,50,69.025
2025-10-30,9:37:22.285708693,T,KO,F I,50,69.04
2025-10-30,9:37:22.287660281,T,KO,F,100,69.035
2025-10-30,9:37:22.287675385,T,KO,F I,50,69.04
2025-10-30,9:37:22.287675385,T,KO,F I,50,69.04
2025-10-30,9:37:22.287696404,T,KO,I,1,69.04
2025-10-30,9:37:25.653703202,T,KO,F I,1,69.07
2025-10-30,9:37:25.653706497,T,KO,F,100,69.07
2025-10-30,9:37:25.653709270,T,KO,F,100,69.07
2025-10-30,9:37:25.653709270,T,KO,F I,50,69.07
2025-10-30,9:37:28.802581033,T,KO,F I,49,69.08
2025-10-30,9:37:29.471966311,T,KO,F I,50,69.07
2025-10-30,9:37:30.326439385,T,KO,F,100,69.065
2025-10-30,9:37:30.326442380,T,KO,F I,2,69.07
2025-10-30,9:37:30.326445371,T,KO,F I,28,69.07
2025-10-30,9:37:30.326469472,T,KO,F I,72,69.07
2025-10-30,9:37:30.326469472,T,KO,F I,28,69.07
2025-10-30,9:37:31.793251938,T,KO,,100,69.07
2025-10-30,9:37:32.703814691,T,KO,F,100,69.08
2025-10-30,9:37:32.703818425,T,KO,F,200,69.08
2025-10-30,9:37:32.703820752,T,KO,F I,30,69.08
2025-10-30,9:37:32.703838670,T,KO,I,1,69.08
2025-10-30,9:37:37.014732073,T,KO,I,47,69.08
2025-10-30,9:37:37.740967640,T,KO,F I,50,69.08
2025-10-30,9:37:37.742269822,T,KO,F I,50,69.08
2025-10-30,9:37:37.823303736,T,KO,F I,50,69.08
2025-10-30,9:37:38.153090843,T,KO,F I,50,69.08
2025-10-30,9:37:38.153090843,T,KO,F I,2,69.08
2025-10-30,9:37:38.153093234,T,KO,F I,48,69.08
2025-10-30,9:37:38.153105271,T,KO,I,1,69.08
2025-10-30,9:37:38.153742760,T,KO,F I,50,69.08
2025-10-30,9:37:38.671894833,T,KO,I,50,69.08
2025-10-30,9:37:40.128320750,T,KO,I,10,69.09
2025-10-30,9:37:40.128320750,T,KO,I,49,69.09
2025-10-30,9:37:40.128324305,T,KO,F I,51,69.09
2025-10-30,9:37:40.128326903,T,KO,F I,59,69.09
2025-10-30,9:37:40.128326903,T,KO,F I,41,69.09
2025-10-30,9:37:40.143711429,T,KO,F I,50,69.1
2025-10-30,9:37:40.144114320,T,KO,I,55,69.1
2025-10-30,9:37:40.144117345,T,KO,,190,69.095
2025-10-30,9:37:40.144117345,T,KO,I,69,69.095
2025-10-30,9:37:40.144120411,T,KO,I,66,69.09
2025-10-30,9:37:40.248640313,T,KO,F,100,69.095
2025-10-30,9:37:40.248643343,T,KO,F I,41,69.1
2025-10-30,9:37:40.248649638,T,KO,F I,2,69.1
2025-10-30,9:37:40.248652474,T,KO,F I,46,69.1
2025-10-30,9:37:40.248655650,T,KO,F I,20,69.1
2025-10-30,9:37:40.248655650,T,KO,F I,50,69.1
2025-10-30,9:37:40.398547379,T,KO,F I,96,69.1
2025-10-30,9:37:40.408937108,T,KO,F I,4,69.1
2025-10-30,9:37:42.989870072,T,KO,I,32,69.11
2025-10-30,9:37:44.267793837,T,KO,F,190,69.11
2025-10-30,9:37:44.267839127,T,KO,F,100,69.12
2025-10-30,9:37:44.267841897,T,KO,F I,31,69.12
2025-10-30,9:37:44.267847949,T,KO,I,1,69.12
2025-10-30,9:37:48.679252648,T,KO,F I,43,69.12
2025-10-30,9:37:48.679270639,T,KO,F I,57,69.12
2025-10-30,9:37:50.078792023,T,KO,F I,5,69.13
2025-10-30,9:37:50.975771312,T,KO,I,14,69.13
2025-10-30,9:37:51.251311474,T,KO,F I,86,69.13
2025-10-30,9:37:51.251314534,T,KO,F,100,69.14
2025-10-30,9:37:51.251320577,T,KO,F,100,69.14
2025-10-30,9:37:51.251320577,T,KO,F,295,69.14
2025-10-30,9:37:51.251323545,T,KO,F,100,69.14
2025-10-30,9:37:52.254612134,T,KO,I,50,69.14
2025-10-30,9:37:55.129730199,T,KO,F I,50,69.13
2025-10-30,9:37:55.129732823,T,KO,F I,50,69.13
2025-10-30,9:37:55.144173474,T,KO,I,47,69.13
2025-10-30,9:37:55.144173474,T,KO,I,47,69.13
2025-10-30,9:37:55.144215370,T,KO,F I,47,69.13
2025-10-30,9:37:55.144221431,T,KO,F I,1,69.13
2025-10-30,9:37:55.144224912,T,KO,F I,47,69.13
2025-10-30,9:37:55.480359475,T,KO,F I,1,69.13
2025-10-30,9:37:55.480362531,T,KO,F I,1,69.13
2025-10-30,9:37:55.480365224,T,KO,F I,47,69.13
2025-10-30,9:37:55.480365224,T,KO,F I,55,69.13
2025-10-30,9:37:55.480370991,T,KO,F,100,69.13
2025-10-30,9:37:56.012322945,T,KO,I,10,69.125
2025-10-30,9:37:56.252562161,T,KO,F I,60,69.13
2025-10-30,9:37:56.252619196,T,KO,F I,60,69.13
2025-10-30,9:37:56.364675113,T,KO,F I,47,69.13
2025-10-30,9:37:56.578234784,T,KO,F I,47,69.13
2025-10-30,9:37:58.147672760,T,KO,F I,24,69.14
2025-10-30,9:37:58.147675694,T,KO,F,100,69.14
2025-10-30,9:37:58.650494350,T,KO,F I,6,69.16
2025-10-30,9:37:58.656932663,T,KO,F I,2,69.17
2025-10-30,9:37:58.656971730,T,KO,F I,46,69.17
2025-10-30,9:37:58.663924910,T,KO,F I,46,69.17
2025-10-30,9:37:58.663927744,T,KO,F,100,69.17
2025-10-30,9:37:58.663930351,T,KO,F I,46,69.17
2025-10-30,9:37:58.663930351,T,KO,F I,1,69.17
2025-10-30,9:37:58.663933446,T,KO,F I,50,69.17
2025-10-30,9:37:58.663933446,T,KO,F,100,69.17
2025-10-30,9:37:58.663945500,T,KO,I,1,69.17
2025-10-30,9:37:58.664403049,T,KO,F I,46,69.17
2025-10-30,9:37:58.664405415,T,KO,F,100,69.17
2025-10-30,9:37:58.664408635,T,KO,F I,46,69.17
2025-10-30,9:37:58.664417417,T,KO,F,100,69.17
2025-10-30,9:37:58.664871565,T,KO,I,46,69.16
2025-10-30,9:37:59.478636716,T,KO,F I,58,69.16
2025-10-30,9:37:59.478639683,T,KO,F,100,69.16
2025-10-30,9:37:59.478642765,T,KO,F I,11,69.16
2025-10-30,9:37:59.478642765,T,KO,F I,31,69.16
2025-10-30,9:37:59.478735992,T,KO,,100,69.155
2025-10-30,9:37:59.479012581,T,KO,F I,50,69.15
2025-10-30,9:37:59.479015972,T,KO,F,100,69.15
2025-10-30,9:37:59.920815867,T,KO,F I,58,69.16
2025-10-30,9:37:59.920818847,T,KO,F I,1,69.16
2025-10-30,9:38:01.254347979,T,KO,F I,1,69.16
2025-10-30,9:38:01.254351021,T,KO,F I,23,69.16
2025-10-30,9:38:01.254357453,T,KO,F I,50,69.16
2025-10-30,9:38:01.254360019,T,KO,F,250,69.16
2025-10-30,9:38:01.811788934,T,KO,F I,58,69.16
2025-10-30,9:38:01.811791811,T,KO,F I,1,69.16
2025-10-30,9:38:01.811791811,T,KO,F I,3,69.16
2025-10-30,9:38:02.210006124,T,KO,F I,1,69.17
2025-10-30,9:38:02.210006124,T,KO,F I,18,69.17
2025-10-30,9:38:02.579541365,T,KO,,100,69.17
2025-10-30,9:38:03.725155762,T,KO,F,100,69.17
2025-10-30,9:38:03.725170803,T,KO,I,1,69.17
2025-10-30,9:38:03.725179881,T,KO,F I,9,69.17
2025-10-30,9:38:05.022788414,T,KO,F I,10,69.18
2025-10-30,9:38:05.022791378,T,KO,F I,40,69.18
2025-10-30,9:38:05.022857563,T,KO,F I,1,69.18
2025-10-30,9:38:05.022863549,T,KO,F I,46,69.18
2025-10-30,9:38:05.022923700,T,KO,I,15,69.18
2025-10-30,9:38:05.023630368,T,KO,F I,23,69.17
2025-10-30,9:38:05.023816813,T,KO,I,23,69.17
2025-10-30,9:38:05.200028156,T,KO,F,478,69.17
2025-10-30,9:38:05.201293556,T,KO,I,46,69.17
2025-10-30,9:38:05.201297057,T,KO,,100,69.17
2025-10-30,9:38:05.201297057,T,KO,I,1,69.17
2025-10-30,9:38:05.353931099,T,KO,F I,46,69.17
2025-10-30,9:38:05.353931099,T,KO,F I,1,69.17
2025-10-30,9:38:05.353934163,T,KO,F I,46,69.17
2025-10-30,9:38:05.353937511,T,KO,F I,12,69.17
2025-10-30,9:38:05.353937511,T,KO,F I,67,69.17
2025-10-30,9:38:05.353952140,T,KO,I,1,69.17
2025-10-30,9:38:05.692236857,T,KO,I,15,69.17
2025-10-30,9:38:05.692305991,T,KO,F I,50,69.16
2025-10-30,9:38:05.692309037,T,KO,F I,56,69.16
2025-10-30,9:38:05.692311987,T,KO,F,100,69.16
2025-10-30,9:38:05.692330071,T,KO,I,1,69.16
2025-10-30,9:38:05.692360110,T,KO,F I,99,69.16
2025-10-30,9:38:05.896032252,T,KO,F I,42,69.16
2025-10-30,9:38:07.037650911,T,KO,,100,69.16
2025-10-30,9:38:07.037653305,T,KO,I,7,69.16
2025-10-30,9:38:07.038303642,T,KO,F I,46,69.16
2025-10-30,9:38:07.038306427,T,KO,F,100,69.16
2025-10-30,9:38:07.038308773,T,KO,F I,50,69.16
2025-10-30,9:38:07.038308773,T,KO,F,100,69.16
2025-10-30,9:38:07.183867439,T,KO,F I,32,69.17
2025-10-30,9:38:07.183867439,T,KO,F I,50,69.17
2025-10-30,9:38:07.183870496,T,KO,F I,10,69.17
2025-10-30,9:38:07.820252345,T,KO,F I,1,69.17
2025-10-30,9:38:07.820252345,T,KO,F I,46,69.17
2025-10-30,9:38:07.820264161,T,KO,F I,47,69.17
2025-10-30,9:38:07.820273273,T,KO,F,143,69.17
2025-10-30,9:38:07.884467156,T,KO,F I,64,69.17
2025-10-30,9:38:08.660871300,T,KO,F,100,69.15
2025-10-30,9:38:08.660871300,T,KO,F,100,69.15
2025-10-30,9:38:08.661448780,T,KO,F I,1,69.14
2025-10-30,9:38:08.661999731,T,KO,F,100,69.14
2025-10-30,9:38:08.662002377,T,KO,F I,46,69.14
2025-10-30,9:38:08.662002377,T,KO,F,250,69.14
2025-10-30,9:38:08.717709676,T,KO,,100,69.145
2025-10-30,9:38:09.982537394,T,KO,F,100,69.14
2025-10-30,9:38:09.982537394,T,KO,F I,46,69.14
2025-10-30,9:38:09.982540591,T,KO,F,100,69.14
2025-10-30,9:38:09.983318988,T,KO,F,100,69.13
2025-10-30,9:38:09.983318988,T,KO,F I,50,69.13
2025-10-30,9:38:10.272617274,T,KO,F I,47,69.12
2025-10-30,9:38:10.620647986,T,KO,F I,44,69.12
2025-10-30,9:38:11.621648112,T,KO,F I,33,69.13
2025-10-30,9:38:11.621651388,T,KO,F,100,69.13
2025-10-30,9:38:15.905918994,T,KO,,100,69.115
2025-10-30,9:38:16.564797283,T,KO,I,50,69.11
2025-10-30,9:38:16.566021115,T,KO,I,48,69.11
2025-10-30,9:38:16.566021115,T,KO,I,1,69.11
2025-10-30,9:38:17.452499469,T,KO,F I,1,69.11
2025-10-30,9:38:17.452502501,T,KO,F I,48,69.11
2025-10-30,9:38:17.652999070,T,KO,I,10,69.11
2025-10-30,9:38:23.851813018,T,KO,F I,5,69.11
2025-10-30,9:38:23.851816063,T,KO,F I,16,69.11
2025-10-30,9:38:23.851822247,T,KO,F I,32,69.11
2025-10-30,9:38:23.851822247,T,KO,F I,21,69.11
2025-10-30,9:38:23.851826012,T,KO,I,53,69.11
2025-10-30,9:38:23.851826012,T,KO,I,26,69.11
2025-10-30,9:38:23.851969479,T,KO,F I,5,69.1
2025-10-30,9:38:23.852065696,T,KO,F,100,69.1
2025-10-30,9:38:23.852065696,T,KO,F,100,69.1
2025-10-30,9:38:26.088651710,T,KO,F,100,69.07
2025-10-30,9:38:27.388241845,T,KO,F I,30,69.06
2025-10-30,9:38:27.388245713,T,KO,I,70,69.06
2025-10-30,9:38:27.388247894,T,KO,I,30,69.06
2025-10-30,9:38:27.388271907,T,KO,I,70,69.06
2025-10-30,9:38:28.356791836,T,KO,F,100,69.06
2025-10-30,9:38:28.356791836,T,KO,F,100,69.06
2025-10-30,9:38:28.422531330,T,KO,F I,11,69.07
2025-10-30,9:38:30.934876958,T,KO,F I,20,69.06
2025-10-30,9:38:30.934883435,T,KO,F I,22,69.06
2025-10-30,9:38:30.934885960,T,KO,F I,20,69.06
2025-10-30,9:38:30.934891982,T,KO,F I,20,69.06
2025-10-30,9:38:30.934897972,T,KO,I,20,69.06
2025-10-30,9:38:30.935075499,T,KO,I,16,69.06
2025-10-30,9:38:30.935397266,T,KO,,100,69.06
2025-10-30,9:38:32.779644770,T,KO,,200,69.07
2025-10-30,9:38:34.756273480,T,KO,,100,69.07
2025-10-30,9:38:36.080324019,T,KO,F,200,69.08
2025-10-30,9:38:37.127123247,T,KO,,100,69.075
2025-10-30,9:38:39.132293009,T,KO,I,8,69.07
2025-10-30,9:38:40.134472427,T,KO,,100,69.06
2025-10-30,9:38:40.134474901,T,KO,F,102,69.06
2025-10-30,9:38:44.383375490,T,KO,F,100,69.06
2025-10-30,9:38:44.383379161,T,KO,I,3,69.06
2025-10-30,9:38:44.383390546,T,KO,I,1,69.06
2025-10-30,9:38:44.383393758,T,KO,F I,99,69.06
2025-10-30,9:38:44.383396557,T,KO,F I,1,69.06
2025-10-30,9:38:44.383399589,T,KO,F I,96,69.06
2025-10-30,9:38:47.689726226,T,KO,,100,69.065
2025-10-30,9:38:49.453144242,T,KO,I,1,69.065
2025-10-30,9:38:50.608199193,T,KO,,100,69.05
2025-10-30,9:38:50.608199193,T,KO,F I,46,69.05
2025-10-30,9:38:50.608201215,T,KO,F,100,69.05
2025-10-30,9:38:50.608210236,T,KO,F I,54,69.05
2025-10-30,9:38:50.608213949,T,KO,F I,46,69.05
2025-10-30,9:38:50.608219473,T,KO,F,100,69.05
2025-10-30,9:38:50.608222195,T,KO,I,1,69.05
2025-10-30,9:38:50.608228252,T,KO,F I,34,69.05
2025-10-30,9:38:50.608276369,T,KO,I,19,69.05
2025-10-30,9:38:57.259323162,T,KO,I,1,69.02
2025-10-30,9:38:57.259323162,T,KO,I,10,69.02
2025-10-30,9:38:57.259328204,T,KO,I,89,69.02
2025-10-30,9:38:57.259344047,T,KO,I,10,69.02
2025-10-30,9:38:57.259344047,T,KO,I,10,69.02
2025-10-30,9:38:58.078957306,T,KO,I,12,69.02
2025-10-30,9:39:02.293236638,T,KO,F,200,69.03
2025-10-30,9:39:02.293236638,T,KO,F I,2,69.03
2025-10-30,9:39:02.293252231,T,KO,F I,2,69.03
2025-10-30,9:39:02.293258169,T,KO,I,1,69.03
2025-10-30,9:39:02.293561193,T,KO,F I,97,69.03
2025-10-30,9:39:02.293564758,T,KO,F,105,69.03
2025-10-30,9:39:02.870494293,T,KO,F I,72,69.02
2025-10-30,9:39:02.871210052,T,KO,I,34,69.01
2025-10-30,9:39:02.871228084,T,KO,F I,54,69.01
2025-10-30,9:39:02.871234028,T,KO,I,12,69.01
2025-10-30,9:39:02.871237224,T,KO,,100,69.01
2025-10-30,9:39:02.871237224,T,KO,I,4,69.01
2025-10-30,9:39:02.871240109,T,KO,,166,69.01
2025-10-30,9:39:02.871255119,T,KO,I,1,69.01
2025-10-30,9:39:02.873633829,T,KO,I,17,69.01
2025-10-30,9:39:02.873636737,T,KO,I,47,69.01
2025-10-30,9:39:02.879780395,T,KO,I,49,69.015
2025-10-30,9:39:04.197485790,T,KO,I,47,69.01
2025-10-30,9:39:04.197915953,T,KO,F I,3,69.01
2025-10-30,9:39:04.197921849,T,KO,F I,44,69.01
2025-10-30,9:39:04.197924926,T,KO,F I,1,69.01
2025-10-30,9:39:04.580090226,T,KO,I,3,69.01
2025-10-30,9:39:04.580093070,T,KO,I,1,69.01
2025-10-30,9:39:04.580096299,T,KO,I,41,69.01
2025-10-30,9:39:04.580099070,T,KO,I,3,69.01
2025-10-30,9:39:04.580111185,T,KO,I,29,69.01
2025-10-30,9:39:04.580559155,T,KO,F,100,69.01
2025-10-30,9:39:04.580562443,T,KO,F I,47,69.01
2025-10-30,9:39:06.026766948,T,KO,I,1,69.0
2025-10-30,9:39:06.026766948,T,KO,I,81,69.0
2025-10-30,9:39:06.026772635,T,KO,I,47,69.0
2025-10-30,9:39:06.026784606,T,KO,,119,69.0
2025-10-30,9:39:06.028706182,T,KO,I,25,68.99
2025-10-30,9:39:06.028706182,T,KO,I,80,68.99
2025-10-30,9:39:06.028751769,T,KO,,100,68.99
2025-10-30,9:39:06.029184372,T,KO,F,100,68.99
2025-10-30,9:39:06.029256806,T,KO,F I,48,68.99
2025-10-30,9:39:06.029259497,T,KO,F,100,68.99
2025-10-30,9:39:06.033851511,T,KO,,100,69.0
2025-10-30,9:39:06.937046857,T,KO,F I,1,68.99
2025-10-30,9:39:06.937046857,T,KO,F I,48,68.99
2025-10-30,9:39:06.937050255,T,KO,F I,13,68.99
2025-10-30,9:39:06.937052875,T,KO,F I,11,68.99
2025-10-30,9:39:06.937052875,T,KO,F I,10,68.99
2025-10-30,9:39:06.937088861,T,KO,F I,9,68.99
2025-10-30,9:39:07.305971348,T,KO,,100,68.965
2025-10-30,9:39:07.596532376,T,KO,I,8,68.965
2025-10-30,9:39:10.580269583,T,KO,F,100,68.97
2025-10-30,9:39:10.580271836,T,KO,F I,10,68.97
2025-10-30,9:39:10.580274895,T,KO,F I,62,68.97
2025-10-30,9:39:10.871792151,T,KO,I,30,68.98
2025-10-30,9:39:11.757924649,T,KO,I,6,68.975
2025-10-30,9:39:12.536686777,T,KO,F,100,68.99
2025-10-30,9:39:12.536686777,T,KO,,100,68.99
2025-10-30,9:39:15.778837394,T,KO,F,100,68.97
2025-10-30,9:39:15.783723990,T,KO,,250,68.975
2025-10-30,9:39:16.232612113,T,KO,F,100,68.99
2025-10-30,9:39:16.232612113,T,KO,F I,2,68.99
2025-10-30,9:39:16.512880050,T,KO,I,50,68.98
2025-10-30,9:39:16.512882627,T,KO,,100,68.98
2025-10-30,9:39:16.819018190,T,KO,,100,68.98
2025-10-30,9:39:16.819018190,T,KO,,100,68.98
2025-10-30,9:39:17.182499570,T,KO,I,54,68.98
2025-10-30,9:39:17.182559652,T,KO,F,100,68.98
2025-10-30,9:39:17.182568647,T,KO,F,100,68.98
2025-10-30,9:39:17.182571745,T,KO,F I,49,68.98
2025-10-30,9:39:19.730615426,T,KO,,100,68.97
2025-10-30,9:39:19.730615426,T,KO,I,50,68.97
2025-10-30,9:39:19.746180561,T,KO,I,49,68.96
2025-10-30,9:39:19.933436545,T,KO,,100,68.97
2025-10-30,9:39:20.727429614,T,KO,,100,68.975
2025-10-30,9:39:22.472729394,T,KO,I,57,68.96
2025-10-30,9:39:22.677637445,T,KO,F I,45,68.96
2025-10-30,9:39:22.677682517,T,KO,F I,10,68.96
2025-10-30,9:39:22.842291656,T,KO,I,1,68.96
2025-10-30,9:39:27.345135230,T,KO,F I,2,68.98
2025-10-30,9:39:27.345138182,T,KO,F,100,68.98
2025-10-30,9:39:27.357148830,T,KO,I,50,68.98
2025-10-30,9:39:29.720297205,T,KO,F I,50,68.97
2025-10-30,9:39:30.601227267,T,KO,I,50,68.96
2025-10-30,9:39:32.224679990,T,KO,I,45,68.96
2025-10-30,9:39:35.052086117,T,KO,I,5,68.95
2025-10-30,9:39:35.554493253,T,KO,F I,50,68.96
2025-10-30,9:39:35.554496180,T,KO,F,200,68.96
2025-10-30,9:39:36.022362098,T,KO,,100,68.975
2025-10-30,9:39:36.022365009,T,KO,,100,68.98
2025-10-30,9:39:36.022380552,T,KO,I,1,68.98
2025-10-30,9:39:36.022386095,T,KO,I,1,68.98
2025-10-30,9:39:37.857034701,T,KO,F I,5,68.975
2025-10-30,9:39:37.858141668,T,KO,I,50,68.98
2025-10-30,9:39:37.858144501,T,KO,,100,68.98
2025-10-30,9:39:37.881356623,T,KO,I,51,68.98
2025-10-30,9:39:37.887536370,T,KO,I,51,68.98
2025-10-30,9:39:37.887536370,T,KO,,100,68.98
2025-10-30,9:39:37.887542396,T,KO,I,17,68.98
2025-10-30,9:39:37.887542396,T,KO,I,51,68.98
2025-10-30,9:39:37.948991742,T,KO,I,11,68.98
2025-10-30,9:39:37.948996773,T,KO,I,17,68.98
2025-10-30,9:39:37.948996773,T,KO,I,16,68.98
2025-10-30,9:39:38.449424640,T,KO,F I,35,68.98
2025-10-30,9:39:38.620778726,T,KO,F,100,68.99
2025-10-30,9:39:46.912310273,T,KO,F I,5,68.98
2025-10-30,9:39:46.912316132,T,KO,F I,2,68.98
2025-10-30,9:39:46.912316132,T,KO,F I,65,68.98
2025-10-30,9:39:46.912319122,T,KO,F I,22,68.98
2025-10-30,9:39:46.912324979,T,KO,F I,78,68.98
2025-10-30,9:39:47.380377662,T,KO,I,23,68.98
2025-10-30,9:39:47.380452880,T,KO,I,77,68.98
2025-10-30,9:39:47.380452880,T,KO,I,2,68.98
2025-10-30,9:39:47.380458852,T,KO,,100,68.98
2025-10-30,9:39:48.534322134,T,KO,F I,21,68.98
2025-10-30,9:39:48.534337059,T,KO,F I,41,68.98
2025-10-30,9:39:48.534340172,T,KO,F I,38,68.98
2025-10-30,9:39:48.535353558,T,KO,F I,51,68.98
2025-10-30,9:39:48.927716047,T,KO,I,1,68.98
2025-10-30,9:39:48.927716047,T,KO,I,4,68.98
2025-10-30,9:39:50.007473749,T,KO,F I,27,68.98
2025-10-30,9:39:50.007494791,T,KO,I,20,68.98
2025-10-30,9:39:51.442963616,T,KO,,100,68.96
2025-10-30,9:39:51.442966634,T,KO,,100,68.96
2025-10-30,9:39:51.442966634,T,KO,,150,68.96
2025-10-30,9:39:51.442987640,T,KO,I,1,68.96
2025-10-30,9:39:51.444349894,T,KO,F,100,68.97
2025-10-30,9:39:51.444349894,T,KO,F,100,68.97
2025-10-30,9:39:51.444352963,T,KO,F I,51,68.97
2025-10-30,9:39:51.455154604,T,KO,F,100,68.98
2025-10-30,9:39:53.438263918,T,KO,I,21,68.99
2025-10-30,9:39:53.950425822,T,KO,I,55,69.0
2025-10-30,9:39:53.950431776,T,KO,,240,69.0
2025-10-30,9:39:54.092796925,T,KO,,100,69.01
2025-10-30,9:39:54.092817880,T,KO,,150,69.01
2025-10-30,9:39:54.910411490,T,KO,F,344,69.02
2025-10-30,9:39:54.910411490,T,KO,F I,69,69.02
2025-10-30,9:39:55.347384960,T,KO,F I,80,69.02
2025-10-30,9:39:55.377787359,T,KO,I,99,69.03
2025-10-30,9:39:55.377808376,T,KO,I,1,69.03
2025-10-30,9:39:55.484181302,T,KO,F I,1,69.03
2025-10-30,9:39:55.484181302,T,KO,F I,54,69.03
2025-10-30,9:39:55.484183825,T,KO,F I,42,69.03
2025-10-30,9:39:55.484201875,T,KO,I,1,69.03
2025-10-30,9:39:55.484210900,T,KO,F I,18,69.03
2025-10-30,9:39:56.842398578,T,KO,I,5,69.02
2025-10-30,9:39:58.161297911,T,KO,I,12,69.02
2025-10-30,9:39:59.513555524,T,KO,F I,50,69.01
2025-10-30,9:39:59.514244260,T,KO,F I,50,69.01
2025-10-30,9:39:59.514283262,T,KO,F I,50,69.01
2025-10-30,9:39:59.514400537,T,KO,I,40,69.01
2025-10-30,9:39:59.514521420,T,KO,I,19,69.01
2025-10-30,9:39:59.514521420,T,KO,I,14,69.01
2025-10-30,9:39:59.514523872,T,KO,I,1,69.01
2025-10-30,9:39:59.554039088,T,KO,F I,56,69.02
2025-10-30,9:39:59.554039088,T,KO,F I,50,69.02
2025-10-30,9:39:59.554039088,T,KO,F I,12,69.02
2025-10-30,9:39:59.554059085,T,KO,I,1,69.02
2025-10-30,9:39:59.615315039,T,KO,,190,69.02
2025-10-30,9:40:00.039406018,T,KO,F I,19,69.02
2025-10-30,9:40:00.039409351,T,KO,F I,35,69.02
2025-10-30,9:40:00.039409351,T,KO,F I,5,69.02
2025-10-30,9:40:00.039412180,T,KO,F I,14,69.02
2025-10-30,9:40:00.039414996,T,KO,F I,1,69.02
2025-10-30,9:40:00.916835869,T,KO,F I,3,69.01
2025-10-30,9:40:00.916854207,T,KO,F I,97,69.01
2025-10-30,9:40:00.916857636,T,KO,F I,2,69.01
2025-10-30,9:40:00.916859924,T,KO,I,46,69.01
2025-10-30,9:40:00.916866173,T,KO,F I,54,69.01
2025-10-30,9:40:00.916866173,T,KO,F I,45,69.01
2025-10-30,9:40:00.916874934,T,KO,I,1,69.01
2025-10-30,9:40:00.916890144,T,KO,F I,54,69.01
2025-10-30,9:40:00.916890144,T,KO,F I,18,69.01
2025-10-30,9:40:00.916896017,T,KO,I,54,69.01
2025-10-30,9:40:00.916908021,T,KO,I,28,69.01
2025-10-30,9:40:00.916911051,T,KO,I,27,69.01
2025-10-30,9:40:00.916932457,T,KO,I,73,69.01
2025-10-30,9:40:00.916932457,T,KO,I,9,69.01
2025-10-30,9:40:00.916953084,T,KO,I,41,69.01
2025-10-30,9:40:00.918116896,T,KO,F I,59,69.01
2025-10-30,9:40:00.918180067,T,KO,I,59,69.01
2025-10-30,9:40:00.918180067,T,KO,I,41,69.01
2025-10-30,9:40:00.920171042,T,KO,F I,59,69.01
2025-10-30,9:40:00.920171042,T,KO,F I,1,69.01
2025-10-30,9:40:00.920173834,T,KO,F I,42,69.01
2025-10-30,9:40:00.920200831,T,KO,I,58,69.01
2025-10-30,9:40:00.920883722,T,KO,F I,59,69.01
2025-10-30,9:40:00.920883722,T,KO,F I,50,69.01
2025-10-30,9:40:00.921433740,T,KO,I,59,69.01
2025-10-30,9:40:00.921437460,T,KO,,100,69.01
2025-10-30,9:40:00.921439908,T,KO,,100,69.01
2025-10-30,9:40:00.921443323,T,KO,I,1,69.01
2025-10-30,9:40:00.921443323,T,KO,,100,69.01
2025-10-30,9:40:00.921445767,T,KO,I,40,69.01
2025-10-30,9:40:00.921464628,T,KO,I,50,69.01
2025-10-30,9:40:00.922056276,T,KO,F I,59,69.01
2025-10-30,9:40:00.922059936,T,KO,F I,1,69.01
2025-10-30,9:40:00.922062531,T,KO,F I,2,69.01
2025-10-30,9:40:00.922062531,T,KO,F I,40,69.01
2025-10-30,9:40:00.922065419,T,KO,F I,50,69.01
2025-10-30,9:40:00.922068714,T,KO,F,100,69.01
2025-10-30,9:40:01.244833094,T,KO,F I,2,69.01
2025-10-30,9:40:01.244836010,T,KO,F I,59,69.01
2025-10-30,9:40:01.244836010,T,KO,F I,1,69.01
2025-10-30,9:40:01.258870431,T,KO,I,5,69.0
2025-10-30,9:40:01.330603223,T,KO,,100,68.99
2025-10-30,9:40:02.189310446,T,KO,I,12,68.99
2025-10-30,9:40:03.379010044,T,KO,F,100,68.98
2025-10-30,9:40:06.539038309,T,KO,F,100,68.965
2025-10-30,9:40:06.539041345,T,KO,F,545,68.97
2025-10-30,9:40:06.539056950,T,KO,I,1,68.97
2025-10-30,9:40:06.539071392,T,KO,F I,99,68.97
2025-10-30,9:40:10.725104405,T,KO,I,50,68.96
2025-10-30,9:40:12.817695414,T,KO,F,200,68.96
2025-10-30,9:40:13.004265751,T,KO,F I,50,68.96
2025-10-30,9:40:13.004350388,T,KO,I,1,68.95
2025-10-30,9:40:13.004353042,T,KO,I,5,68.95
2025-10-30,9:40:13.004740921,T,KO,I,8,68.95
2025-10-30,9:40:13.004762514,T,KO,F I,92,68.95
2025-10-30,9:40:13.004764986,T,KO,F I,89,68.95
2025-10-30,9:40:13.004782994,T,KO,I,1,68.95
2025-10-30,9:40:13.004789043,T,KO,I,16,68.95
2025-10-30,9:40:13.004789043,T,KO,I,11,68.95
2025-10-30,9:40:13.005583097,T,KO,I,59,68.95
2025-10-30,9:40:13.005583097,T,KO,I,50,68.95
2025-10-30,9:40:13.204639602,T,KO,I,59,68.95
2025-10-30,9:40:13.204642338,T,KO,I,1,68.95
2025-10-30,9:40:13.204642338,T,KO,I,59,68.95
2025-10-30,9:40:13.238246979,T,KO,F I,22,68.94
2025-10-30,9:40:13.367564009,T,KO,,160,68.94
2025-10-30,9:40:13.367750458,T,KO,I,40,68.94
2025-10-30,9:40:13.368324769,T,KO,F I,19,68.93
2025-10-30,9:40:13.368330815,T,KO,F I,19,68.93
2025-10-30,9:40:14.255272345,T,KO,F,100,68.94
2025-10-30,9:40:14.255272345,T,KO,F,200,68.94
2025-10-30,9:40:15.075120998,T,KO,F,100,68.93
2025-10-30,9:40:15.075141956,T,KO,F I,50,68.93
2025-10-30,9:40:19.709880217,T,KO,F,100,68.89
2025-10-30,9:40:19.709900749,T,KO,F I,50,68.89
2025-10-30,9:40:19.709900749,T,KO,F,300,68.89
2025-10-30,9:40:19.709903703,T,KO,F I,39,68.89
2025-10-30,9:40:19.712601508,T,KO,F I,5,68.88
2025-10-30,9:40:19.712604193,T,KO,F I,2,68.88
2025-10-30,9:40:19.712697435,T,KO,,100,68.89
2025-10-30,9:40:19.712718480,T,KO,I,1,68.89
2025-10-30,9:40:19.712775573,T,KO,F I,65,68.89
2025-10-30,9:40:19.712823679,T,KO,F,116,68.89
2025-10-30,9:40:19.712980109,T,KO,F I,23,68.89
2025-10-30,9:40:19.713052256,T,KO,F I,43,68.89
2025-10-30,9:40:19.713055572,T,KO,F I,62,68.89
2025-10-30,9:40:20.146110668,T,KO,F,100,68.9
2025-10-30,9:40:20.146110668,T,KO,F I,50,68.9
2025-10-30,9:40:20.147512009,T,KO,F I,50,68.91
2025-10-30,9:40:20.147514983,T,KO,F,100,68.91
2025-10-30,9:40:20.148335966,T,KO,F I,35,68.91
2025-10-30,9:40:20.148474252,T,KO,I,1,68.91
2025-10-30,9:40:20.148477298,T,KO,I,66,68.91
2025-10-30,9:40:20.148480250,T,KO,,100,68.91
2025-10-30,9:40:20.148483304,T,KO,,100,68.91
2025-10-30,9:40:20.148552384,T,KO,I,50,68.91
2025-10-30,9:40:20.307953021,T,KO,F I,66,68.9
2025-10-30,9:40:20.307953021,T,KO,F I,1,68.9
2025-10-30,9:40:20.712708065,T,KO,I,85,68.895
2025-10-30,9:40:20.947762866,T,KO,F I,16,68.9
2025-10-30,9:40:20.947765841,T,KO,F I,2,68.9
2025-10-30,9:40:20.947769028,T,KO,F I,50,68.9
2025-10-30,9:40:20.947769028,T,KO,F I,16,68.9
2025-10-30,9:40:20.947771926,T,KO,F I,1,68.9
2025-10-30,9:40:21.002643554,T,KO,,100,68.91
2025-10-30,9:40:21.002664571,T,KO,I,1,68.91
2025-10-30,9:40:21.002769948,T,KO,F I,50,68.91
2025-10-30,9:40:21.002772958,T,KO,F I,2,68.91
2025-10-30,9:40:21.003022607,T,KO,I,66,68.91
2025-10-30,9:40:21.003022607,T,KO,,100,68.91
2025-10-30,9:40:21.004181163,T,KO,F I,66,68.91
2025-10-30,9:40:21.004183744,T,KO,F I,66,68.91
2025-10-30,9:40:21.004186417,T,KO,F I,50,68.91
2025-10-30,9:40:21.004186417,T,KO,F I,2,68.91
2025-10-30,9:40:21.004613283,T,KO,,100,68.91
2025-10-30,9:40:21.004646812,T,KO,F I,66,68.91
2025-10-30,9:40:21.004646812,T,KO,F,100,68.91
2025-10-30,9:40:21.004652650,T,KO,F,100,68.91
2025-10-30,9:40:21.004652650,T,KO,F I,66,68.91
2025-10-30,9:40:21.004652650,T,KO,F I,50,68.91
2025-10-30,9:40:21.851764574,T,KO,I,50,68.9
2025-10-30,9:40:21.851766941,T,KO,I,66,68.9
2025-10-30,9:40:22.422358264,T,KO,F I,50,68.9
2025-10-30,9:40:22.422361313,T,KO,F,100,68.9
2025-10-30,9:40:22.422361313,T,KO,F I,6,68.9
2025-10-30,9:40:22.422381987,T,KO,I,1,68.9
2025-10-30,9:40:22.559614494,T,KO,I,1,68.9
2025-10-30,9:40:22.559619823,T,KO,F I,65,68.9
2025-10-30,9:40:22.559619823,T,KO,F I,2,68.9
2025-10-30,9:40:24.860080850,T,KO,F,100,68.89
2025-10-30,9:40:24.860083842,T,KO,F,100,68.89
2025-10-30,9:40:24.860096855,T,KO,I,1,68.89
2025-10-30,9:40:24.860099214,T,KO,F I,1,68.89
2025-10-30,9:40:24.860101959,T,KO,I,8,68.89
2025-10-30,9:40:24.860105178,T,KO,,100,68.89
2025-10-30,9:40:24.860105178,T,KO,,100,68.89
2025-10-30,9:40:26.016154294,T,KO,F I,66,68.89
2025-10-30,9:40:26.016178745,T,KO,I,20,68.89
2025-10-30,9:40:26.040789224,T,KO,I,65,68.89
2025-10-30,9:40:26.040791988,T,KO,I,2,68.89
2025-10-30,9:40:26.187607621,T,KO,F I,64,68.89
2025-10-30,9:40:26.187610800,T,KO,F I,1,68.89
2025-10-30,9:40:26.187610800,T,KO,F I,50,68.89
2025-10-30,9:40:26.187634696,T,KO,I,1,68.89
2025-10-30,9:40:26.187637763,T,KO,F I,14,68.89
2025-10-30,9:40:27.398721200,T,KO,F I,1,68.89
2025-10-30,9:40:27.398724535,T,KO,F I,2,68.89
2025-10-30,9:40:27.398724535,T,KO,F I,64,68.89
2025-10-30,9:40:27.398727573,T,KO,F I,1,68.89
2025-10-30,9:40:27.757003664,T,KO,F I,2,68.89
2025-10-30,9:40:27.757003664,T,KO,F I,48,68.89
2025-10-30,9:40:27.757030618,T,KO,F I,49,68.89
2025-10-30,9:40:28.043089872,T,KO,F,100,68.9
2025-10-30,9:40:28.059704508,T,KO,F,100,68.9
2025-10-30,9:40:28.080826824,T,KO,I,16,68.9
2025-10-30,9:40:28.080844865,T,KO,I,1,68.9
2025-10-30,9:40:28.081160550,T,KO,F I,50,68.9
2025-10-30,9:40:28.081181624,T,KO,F I,17,68.9
2025-10-30,9:40:28.081190659,T,KO,F I,2,68.9
2025-10-30,9:40:28.081512408,T,KO,F I,63,68.9
2025-10-30,9:40:28.081515387,T,KO,F I,41,68.9
2025-10-30,9:40:28.918300378,T,KO,F I,63,68.89
2025-10-30,9:40:28.918303399,T,KO,F I,10,68.89
2025-10-30,9:40:28.918324534,T,KO,F I,90,68.89
2025-10-30,9:40:29.397194089,T,KO,F I,2,68.88
2025-10-30,9:40:29.397197299,T,KO,F I,50,68.88
2025-10-30,9:40:29.397200062,T,KO,F I,48,68.88
2025-10-30,9:40:29.397212096,T,KO,I,1,68.88
2025-10-30,9:40:30.292937451,T,KO,F I,10,68.88
2025-10-30,9:40:30.292958502,T,KO,I,40,68.88
2025-10-30,9:40:31.843282964,T,KO,F I,26,68.88
2025-10-30,9:40:34.752958980,T,KO,I,12,68.87
2025-10-30,9:40:34.753428028,T,KO,F I,61,68.87
2025-10-30,9:40:34.753431355,T,KO,F,100,68.87
2025-10-30,9:40:34.753431355,T,KO,F I,1,68.87
2025-10-30,9:40:37.220548997,T,KO,F,368,68.88
2025-10-30,9:40:37.220567032,T,KO,F,212,68.88
2025-10-30,9:40:37.220567032,T,KO,F I,18,68.88
2025-10-30,9:40:37.220570330,T,KO,F I,22,68.88
2025-10-30,9:40:37.220570330,T,KO,F I,67,68.88
2025-10-30,9:40:37.220573042,T,KO,F I,40,68.88
2025-10-30,9:40:37.220576462,T,KO,F I,7,68.88
2025-10-30,9:40:37.220576462,T,KO,I,51,68.88
2025-10-30,9:40:37.932615105,T,KO,F I,2,68.88
2025-10-30,9:40:37.932615105,T,KO,F I,61,68.88
2025-10-30,9:40:37.932618010,T,KO,F I,1,68.88
2025-10-30,9:40:37.932620932,T,KO,F I,2,68.88
2025-10-30,9:40:37.933742633,T,KO,F I,46,68.88
2025-10-30,9:40:40.017862424,T,KO,I,2,68.88
2025-10-30,9:40:40.596617923,T,KO,I,93,68.88
2025-10-30,9:40:40.596617923,T,KO,I,1,68.88
2025-10-30,9:40:40.847288929,T,KO,,100,68.89
2025-10-30,9:40:40.847292282,T,KO,I,58,68.89
2025-10-30,9:40:40.847298283,T,KO,I,85,68.89
2025-10-30,9:40:40.847298283,T,KO,,100,68.89
2025-10-30,9:40:40.847298283,T,KO,F I,50,68.89
2025-10-30,9:40:40.847306910,T,KO,I,1,68.89
2025-10-30,9:40:40.847667988,T,KO,F I,99,68.89
2025-10-30,9:40:40.847667988,T,KO,F,100,68.89
2025-10-30,9:40:40.847821180,T,KO,,100,68.89
2025-10-30,9:40:40.847845223,T,KO,I,60,68.89
2025-10-30,9:40:40.847866321,T,KO,I,1,68.89
2025-10-30,9:40:40.873081280,T,KO,I,88,68.89
2025-10-30,9:40:41.098862129,T,KO,F I,1,68.89
2025-10-30,9:40:41.098862129,T,KO,F I,2,68.89
2025-10-30,9:40:43.138848795,T,KO,F I,2,68.89
2025-10-30,9:40:43.138848795,T,KO,F I,37,68.89
2025-10-30,9:40:43.138878861,T,KO,F I,63,68.89
2025-10-30,9:40:46.859457255,T,KO,I,4,68.895
2025-10-30,9:40:50.097512344,T,KO,F,100,68.9
2025-10-30,9:40:50.884919759,T,KO,F I,83,68.91
2025-10-30,9:40:53.907118259,T,KO,F,493,68.93
2025-10-30,9:40:53.907120911,T,KO,F I,38,68.93
2025-10-30,9:40:53.907124169,T,KO,F I,44,68.93
2025-10-30,9:40:53.907124169,T,KO,F I,14,68.93
2025-10-30,9:40:53.907126695,T,KO,F,100,68.93
2025-10-30,9:40:58.492637790,T,KO,F I,8,68.935
2025-10-30,9:40:58.492637790,T,KO,F,100,68.93
2025-10-30,9:40:58.493100260,T,KO,I,50,68.93
2025-10-30,9:40:59.688759935,T,KO,I,50,68.93
2025-10-30,9:41:00.654155302,T,KO,F,557,68.93
2025-10-30,9:41:02.225935925,T,KO,F I,27,68.93
2025-10-30,9:41:02.225965926,T,KO,F I,73,68.93
2025-10-30,9:41:02.225965926,T,KO,F I,50,68.93
2025-10-30,9:41:02.225968963,T,KO,I,50,68.93
2025-10-30,9:41:02.839057069,T,KO,F,100,68.92
2025-10-30,9:41:02.839060245,T,KO,F,100,68.92
2025-10-30,9:41:02.839060245,T,KO,F,100,68.92
2025-10-30,9:41:02.839075195,T,KO,I,1,68.92
2025-10-30,9:41:02.839081128,T,KO,F I,49,68.92
2025-10-30,9:41:02.839081128,T,KO,F I,1,68.92
2025-10-30,9:41:02.839087804,T,KO,F I,50,68.92
2025-10-30,9:41:02.839090774,T,KO,F I,49,68.92
2025-10-30,9:41:02.839090774,T,KO,F I,1,68.92
2025-10-30,9:41:02.839096276,T,KO,F I,99,68.92
2025-10-30,9:41:06.866372038,T,KO,I,4,68.91
2025-10-30,9:41:06.942411546,T,KO,F I,96,68.91
2025-10-30,9:41:06.942414186,T,KO,F,100,68.91
2025-10-30,9:41:06.942417230,T,KO,F,100,68.91
2025-10-30,9:41:08.084459231,T,KO,F,100,68.91
2025-10-30,9:41:08.617484769,T,KO,I,2,68.92
2025-10-30,9:41:11.032302236,T,KO,,100,68.89
2025-10-30,9:41:11.032320279,T,KO,,100,68.89
2025-10-30,9:41:11.032324093,T,KO,I,12,68.89
2025-10-30,9:41:11.032324093,T,KO,I,1,68.89
2025-10-30,9:41:11.032374307,T,KO,I,87,68.89
2025-10-30,9:41:11.067377702,T,KO,F I,50,68.88
2025-10-30,9:41:11.067467916,T,KO,I,64,68.89
2025-10-30,9:41:11.067474741,T,KO,I,50,68.89
2025-10-30,9:41:11.067474741,T,KO,I,74,68.89
2025-10-30,9:41:11.067477328,T,KO,,100,68.89
2025-10-30,9:41:11.067477328,T,KO,,900,68.89
2025-10-30,9:41:11.070421458,T,KO,I,64,68.89
2025-10-30,9:41:11.070421458,T,KO,,100,68.89
2025-10-30,9:41:11.070427136,T,KO,I,5,68.89
2025-10-30,9:41:11.070427136,T,KO,I,64,68.89
2025-10-30,9:41:11.774006680,T,KO,F I,36,68.89
2025-10-30,9:41:11.774006680,T,KO,F I,43,68.89
2025-10-30,9:41:11.774057894,T,KO,F I,36,68.89
2025-10-30,9:41:11.774060832,T,KO,F I,43,68.89
2025-10-30,9:41:11.774133067,T,KO,F I,6,68.89
2025-10-30,9:41:12.052536070,T,KO,F I,6,68.9
2025-10-30,9:41:12.052539224,T,KO,F I,90,68.9
2025-10-30,9:41:12.052539224,T,KO,F,200,68.9
2025-10-30,9:41:12.173249604,T,KO,,100,68.905
2025-10-30,9:41:15.167517319,T,KO,F,100,68.88
2025-10-30,9:41:16.239723833,T,KO,I,50,68.88
2025-10-30,9:41:16.239732859,T,KO,I,50,68.88
2025-10-30,9:41:16.239768940,T,KO,F I,50,68.88
2025-10-30,9:41:16.250784248,T,KO,F I,50,68.89
2025-10-30,9:41:16.957247820,T,KO,I,5,68.89
2025-10-30,9:41:18.400878344,T,KO,F,100,68.91
2025-10-30,9:41:18.400878344,T,KO,F I,50,68.91
2025-10-30,9:41:18.400881108,T,KO,F,100,68.91
2025-10-30,9:41:18.400899156,T,KO,I,1,68.91
2025-10-30,9:41:18.740365672,T,KO,I,60,68.9
2025-10-30,9:41:18.740383726,T,KO,I,22,68.9
2025-10-30,9:41:18.740404842,T,KO,I,18,68.9
2025-10-30,9:41:18.740404842,T,KO,I,59,68.9
2025-10-30,9:41:20.248159819,T,KO,,100,68.895
2025-10-30,9:41:20.495992069,T,KO,,100,68.89
2025-10-30,9:41:20.496008193,T,KO,I,1,68.89
2025-10-30,9:41:20.498647405,T,KO,I,99,68.89
2025-10-30,9:41:22.533903904,T,KO,,100,68.875
2025-10-30,9:41:23.053397171,T,KO,,100,68.87
2025-10-30,9:41:28.600967887,T,KO,I,4,68.865
2025-10-30,9:41:29.101612863,T,KO,F I,7,68.87
2025-10-30,9:41:29.101612863,T,KO,F,100,68.87
2025-10-30,9:41:29.896369223,T,KO,,100,68.87
2025-10-30,9:41:30.667348957,T,KO,I,2,68.86
2025-10-30,9:41:31.690827203,T,KO,F I,32,68.87
2025-10-30,9:41:31.690827203,T,KO,F I,73,68.87
2025-10-30,9:41:31.690830031,T,KO,F I,73,68.87
2025-10-30,9:41:36.014524828,T,KO,F,100,68.87
2025-10-30,9:41:36.014524828,T,KO,F I,95,68.87
2025-10-30,9:41:38.701144710,T,KO,F I,77,68.88
2025-10-30,9:41:38.701144710,T,KO,F I,13,68.88
2025-10-30,9:41:38.701147657,T,KO,F,100,68.88
2025-10-30,9:41:38.701150670,T,KO,F I,8,68.88
2025-10-30,9:41:38.707561946,T,KO,I,10,68.885
2025-10-30,9:41:40.348002041,T,KO,I,8,68.885
2025-10-30,9:41:40.348004932,T,KO,I,8,68.885
2025-10-30,9:41:40.348007985,T,KO,I,8,68.885
2025-10-30,9:41:42.239119104,T,KO,,100,68.9
2025-10-30,9:41:44.064403409,T,KO,,100,68.905
2025-10-30,9:41:44.852406223,T,KO,F,100,68.91
2025-10-30,9:41:44.852406223,T,KO,F,200,68.91
2025-10-30,9:41:44.854021100,T,KO,,100,68.92
2025-10-30,9:41:46.535774054,T,KO,,100,68.93
2025-10-30,9:41:46.539797108,T,KO,,100,68.93
2025-10-30,9:41:46.974822158,T,KO,,100,68.92
2025-10-30,9:41:47.572125828,T,KO,F,100,68.915
2025-10-30,9:41:47.572125828,T,KO,F,100,68.915
2025-10-30,9:41:47.572146874,T,KO,,100,68.915
2025-10-30,9:41:47.572195003,T,KO,,100,68.915
2025-10-30,9:41:47.572279194,T,KO,,100,68.915
2025-10-30,9:41:47.572920807,T,KO,F,100,68.92
2025-10-30,9:41:47.572920807,T,KO,F,100,68.92
2025-10-30,9:41:47.572926780,T,KO,F,100,68.92
2025-10-30,9:41:47.572926780,T,KO,F I,50,68.92
2025-10-30,9:41:47.572926780,T,KO,F,100,68.92
2025-10-30,9:41:47.572928842,T,KO,F I,25,68.92
2025-10-30,9:41:50.391202661,T,KO,F,100,68.93
2025-10-30,9:41:50.391202661,T,KO,F I,10,68.93
2025-10-30,9:41:50.894679351,T,KO,F,100,68.94
2025-10-30,9:41:51.095434390,T,KO,I,50,68.94
2025-10-30,9:41:55.210630689,T,KO,,100,68.92
2025-10-30,9:41:55.210630689,T,KO,,200,68.92
2025-10-30,9:41:55.210645490,T,KO,I,1,68.92
2025-10-30,9:41:55.210648607,T,KO,I,1,68.92
2025-10-30,9:41:55.210651830,T,KO,F I,25,68.92
2025-10-30,9:41:55.210655216,T,KO,I,25,68.92
2025-10-30,9:41:55.693731076,T,KO,I,5,68.92
