DATE,TIME_M,EX,SYM_ROOT,TR_SCOND,SIZE,PRICE
2025-11-21,9:30:00.279156506,T,KO,FTI,18,71.59
2025-11-21,9:30:00.280452581,T,KO,FTI,10,71.59
2025-11-21,9:30:00.280452581,T,KO,FTI,4,71.6
2025-11-21,9:30:00.280533699,T,KO,TI,13,71.6
2025-11-21,9:30:00.280536741,T,KO,TI,15,71.6
2025-11-21,9:30:00.334849063,T,KO,TI,1,71.5
2025-11-21,9:30:00.551548293,T,KO,O X,161,71.68
2025-11-21,9:30:00.551548293,T,KO,Q,161,71.68
2025-11-21,9:30:00.687090052,T,KO,I,26,71.68
2025-11-21,9:30:00.692467320,T,KO,I,9,71.67
2025-11-21,9:30:00.692470083,T,KO,I,10,71.67
2025-11-21,9:30:00.692470083,T,KO,I,26,71.69
2025-11-21,9:30:00.763318674,T,KO,I,24,71.66
2025-11-21,9:30:01.178334053,T,KO,I,10,71.68
2025-11-21,9:30:01.283392338,T,KO,F I,6,71.61
2025-11-21,9:30:01.344380589,T,KO,I,40,71.61
2025-11-21,9:30:01.354469573,T,KO,F I,18,71.67
2025-11-21,9:30:01.354671071,T,KO,F I,4,71.66
2025-11-21,9:30:01.406349160,T,KO,,100,71.65
2025-11-21,9:30:01.472190932,T,KO,I,3,71.65
2025-11-21,9:30:01.983077828,T,KO,I,4,71.67
2025-11-21,9:30:01.983077828,T,KO,I,5,71.67
2025-11-21,9:30:01.983107790,T,KO,I,95,71.67
2025-11-21,9:30:02.010052138,T,KO,I,50,71.67
2025-11-21,9:30:02.010055030,T,KO,,1000,71.67
2025-11-21,9:30:02.010788789,T,KO,,300,71.68
2025-11-21,9:30:02.010791807,T,KO,I,50,71.68
2025-11-21,9:30:02.010921133,T,KO,F I,91,71.675
2025-11-21,9:30:02.010924112,T,KO,F I,9,71.67
2025-11-21,9:30:02.029000112,T,KO,I,50,71.68
2025-11-21,9:30:02.029000112,T,KO,I,9,71.68
2025-11-21,9:30:02.029006460,T,KO,,300,71.68
2025-11-21,9:30:02.029009116,T,KO,,200,71.68
2025-11-21,9:30:02.029012817,T,KO,,200,71.68
2025-11-21,9:30:02.029249807,T,KO,F,250,71.67
2025-11-21,9:30:02.164882319,T,KO,F,300,71.69
2025-11-21,9:30:02.164917951,T,KO,I,1,71.7
2025-11-21,9:30:02.164921392,T,KO,I,4,71.7
2025-11-21,9:30:02.164921392,T,KO,I,35,71.7
2025-11-21,9:30:02.164923982,T,KO,,300,71.7
2025-11-21,9:30:02.164926978,T,KO,I,50,71.7
2025-11-21,9:30:02.165847150,T,KO,,106,71.71
2025-11-21,9:30:02.165847150,T,KO,I,94,71.71
2025-11-21,9:30:02.174180050,T,KO,,100,71.72
2025-11-21,9:30:02.174183839,T,KO,,300,71.72
2025-11-21,9:30:02.174183839,T,KO,I,50,71.72
2025-11-21,9:30:02.174186361,T,KO,I,17,71.72
2025-11-21,9:30:02.191462192,T,KO,I,1,71.71
2025-11-21,9:30:02.191489238,T,KO,I,1,71.71
2025-11-21,9:30:02.208687662,T,KO,I,58,71.72
2025-11-21,9:30:02.208690129,T,KO,,600,71.72
2025-11-21,9:30:02.208693185,T,KO,,100,71.72
2025-11-21,9:30:02.215799152,T,KO,I,4,71.71
2025-11-21,9:30:02.245257286,T,KO,I,4,71.72
2025-11-21,9:30:02.254341867,T,KO,I,50,71.73
2025-11-21,9:30:02.254345970,T,KO,,100,71.73
2025-11-21,9:30:02.269879881,T,KO,I,50,71.73
2025-11-21,9:30:02.270875302,T,KO,F,300,71.74
2025-11-21,9:30:02.310837455,T,KO,,300,71.75
2025-11-21,9:30:02.310840518,T,KO,,250,71.76
2025-11-21,9:30:02.310858511,T,KO,I,1,71.76
2025-11-21,9:30:02.310870550,T,KO,I,2,71.76
2025-11-21,9:30:02.310933759,T,KO,F I,4,71.75
2025-11-21,9:30:02.310951768,T,KO,,296,71.75
2025-11-21,9:30:02.311432910,T,KO,F,300,71.73
2025-11-21,9:30:02.311432910,T,KO,F I,50,71.73
2025-11-21,9:30:02.311586324,T,KO,I,80,71.73
2025-11-21,9:30:02.311917014,T,KO,F,100,71.72
2025-11-21,9:30:02.311962198,T,KO,F,296,71.71
2025-11-21,9:30:02.315128701,T,KO,I,50,71.71
2025-11-21,9:30:02.315128701,T,KO,,120,71.71
2025-11-21,9:30:02.321329707,T,KO,,100,71.71
2025-11-21,9:30:02.321329707,T,KO,I,50,71.71
2025-11-21,9:30:02.590046508,T,KO,F I,50,71.71
2025-11-21,9:30:03.091145009,T,KO,F,100,71.71
2025-11-21,9:30:03.091145009,T,KO,F,100,71.71
2025-11-21,9:30:03.421250205,T,KO,,169,71.72
2025-11-21,9:30:03.421316566,T,KO,,300,71.73
2025-11-21,9:30:03.421316566,T,KO,I,50,71.73
2025-11-21,9:30:03.619343972,T,KO,F I,50,71.74
2025-11-21,9:30:03.619347032,T,KO,F,300,71.74
2025-11-21,9:30:03.619876231,T,KO,I,50,71.76
2025-11-21,9:30:03.671632464,T,KO,,100,71.76
2025-11-21,9:30:03.671636013,T,KO,,1300,71.76
2025-11-21,9:30:03.671638722,T,KO,,100,71.76
2025-11-21,9:30:03.671638722,T,KO,I,5,71.76
2025-11-21,9:30:03.925283553,T,KO,F,200,71.76
2025-11-21,9:30:03.934286956,T,KO,F I,50,71.78
2025-11-21,9:30:03.934308964,T,KO,,300,71.79
2025-11-21,9:30:03.934311044,T,KO,I,50,71.79
2025-11-21,9:30:03.935125997,T,KO,,100,71.78
2025-11-21,9:30:03.935144035,T,KO,I,1,71.78
2025-11-21,9:30:03.935165433,T,KO,I,2,71.77
2025-11-21,9:30:03.935207201,T,KO,F I,1,71.78
2025-11-21,9:30:03.935237637,T,KO,F,100,71.78
2025-11-21,9:30:03.935237637,T,KO,F I,5,71.78
2025-11-21,9:30:03.935246583,T,KO,F I,50,71.78
2025-11-21,9:30:03.935255253,T,KO,F I,1,71.78
2025-11-21,9:30:03.935273786,T,KO,F I,94,71.78
2025-11-21,9:30:03.936067219,T,KO,I,7,71.78
2025-11-21,9:30:03.976342213,T,KO,F,100,71.78
2025-11-21,9:30:03.976345181,T,KO,F,100,71.78
2025-11-21,9:30:04.315814663,T,KO,,100,71.77
2025-11-21,9:30:04.315814663,T,KO,,300,71.77
2025-11-21,9:30:04.327701901,T,KO,I,9,71.76
2025-11-21,9:30:04.327719997,T,KO,I,91,71.76
2025-11-21,9:30:04.450508421,T,KO,,279,71.75
2025-11-21,9:30:04.450559552,T,KO,,100,71.75
2025-11-21,9:30:04.513863440,T,KO,,100,71.74
2025-11-21,9:30:04.568058384,T,KO,,100,71.73
2025-11-21,9:30:04.628135501,T,KO,,100,71.72
2025-11-21,9:30:04.684913710,T,KO,,100,71.71
2025-11-21,9:30:04.735226513,T,KO,,100,71.7
2025-11-21,9:30:04.785581469,T,KO,,300,71.69
2025-11-21,9:30:04.785584442,T,KO,,100,71.69
2025-11-21,9:30:04.785584442,T,KO,I,10,71.69
2025-11-21,9:30:04.785650605,T,KO,F,100,71.7
2025-11-21,9:30:04.785668703,T,KO,F I,4,71.7
2025-11-21,9:30:04.785671672,T,KO,I,1,71.7
2025-11-21,9:30:04.785683714,T,KO,I,2,71.7
2025-11-21,9:30:04.785752901,T,KO,I,9,71.7
2025-11-21,9:30:04.785885204,T,KO,F,100,71.71
2025-11-21,9:30:04.807972717,T,KO,F I,76,71.72
2025-11-21,9:30:05.045039416,T,KO,F I,38,71.72
2025-11-21,9:30:05.045067219,T,KO,I,53,71.72
2025-11-21,9:30:05.045069897,T,KO,,100,71.72
2025-11-21,9:30:05.045073827,T,KO,,100,71.72
2025-11-21,9:30:05.045073827,T,KO,I,4,71.72
2025-11-21,9:30:05.045078781,T,KO,,100,71.72
2025-11-21,9:30:05.045078781,T,KO,,100,71.72
2025-11-21,9:30:05.045078781,T,KO,,161,71.72
2025-11-21,9:30:05.045123584,T,KO,F,100,71.69
2025-11-21,9:30:05.045147686,T,KO,F,171,71.69
2025-11-21,9:30:05.045192777,T,KO,F I,16,71.71
2025-11-21,9:30:05.045228835,T,KO,F I,50,71.71
2025-11-21,9:30:05.045270982,T,KO,F,231,71.71
2025-11-21,9:30:05.045508520,T,KO,I,20,71.7
2025-11-21,9:30:05.045511494,T,KO,I,16,71.7
2025-11-21,9:30:05.045800157,T,KO,F I,20,71.7
2025-11-21,9:30:05.170651584,T,KO,I,50,71.72
2025-11-21,9:30:06.049100688,T,KO,,200,71.72
2025-11-21,9:30:06.049100688,T,KO,I,63,71.71
2025-11-21,9:30:06.049107310,T,KO,,150,71.71
2025-11-21,9:30:06.049116020,T,KO,,150,71.71
2025-11-21,9:30:06.049118787,T,KO,I,50,71.71
2025-11-21,9:30:06.049164471,T,KO,,100,71.71
2025-11-21,9:30:06.049464537,T,KO,F I,50,71.72
2025-11-21,9:30:06.049467594,T,KO,F I,10,71.72
2025-11-21,9:30:06.049571267,T,KO,I,4,71.71
2025-11-21,9:30:06.049571267,T,KO,I,50,71.71
2025-11-21,9:30:06.049573399,T,KO,,300,71.71
2025-11-21,9:30:06.049996841,T,KO,F I,50,71.71
2025-11-21,9:30:06.050020889,T,KO,F I,4,71.71
2025-11-21,9:30:06.069269766,T,KO,F,300,71.72
2025-11-21,9:30:06.069272719,T,KO,F,169,71.72
2025-11-21,9:30:06.769084532,T,KO,,100,71.71
2025-11-21,9:30:07.836603014,T,KO,I,7,71.71
2025-11-21,9:30:07.836603014,T,KO,,300,71.71
2025-11-21,9:30:07.848009081,T,KO,I,88,71.73
2025-11-21,9:30:07.848030131,T,KO,I,1,71.73
2025-11-21,9:30:07.848048265,T,KO,I,1,71.73
2025-11-21,9:30:07.850201408,T,KO,,200,71.73
2025-11-21,9:30:08.328457445,T,KO,F,150,71.74
2025-11-21,9:30:08.855982929,T,KO,,100,71.74
2025-11-21,9:30:09.083077693,T,KO,F I,1,71.72
2025-11-21,9:30:09.083107780,T,KO,I,2,71.72
2025-11-21,9:30:09.083631137,T,KO,I,97,71.72
2025-11-21,9:30:10.967972917,T,KO,,100,71.7
2025-11-21,9:30:10.997407118,T,KO,F I,62,71.69
2025-11-21,9:30:11.016689038,T,KO,F I,62,71.685
2025-11-21,9:30:11.017985053,T,KO,I,62,71.68
2025-11-21,9:30:11.043678364,T,KO,F I,50,71.69
2025-11-21,9:30:11.043678364,T,KO,F,104,71.69
2025-11-21,9:30:11.045019500,T,KO,F,250,71.7
2025-11-21,9:30:11.992678544,T,KO,F I,50,71.72
2025-11-21,9:30:12.072473555,T,KO,,239,71.73
2025-11-21,9:30:12.072762208,T,KO,,100,71.72
2025-11-21,9:30:12.072765419,T,KO,I,34,71.72
2025-11-21,9:30:12.072765419,T,KO,,134,71.72
2025-11-21,9:30:12.072786321,T,KO,I,1,71.72
2025-11-21,9:30:12.072817107,T,KO,I,34,71.73
2025-11-21,9:30:12.072945745,T,KO,,100,71.73
2025-11-21,9:30:12.073426878,T,KO,,100,71.75
2025-11-21,9:30:12.074082957,T,KO,F,100,71.76
2025-11-21,9:30:12.074085443,T,KO,F,100,71.76
2025-11-21,9:30:12.074443270,T,KO,,100,71.77
2025-11-21,9:30:12.079023201,T,KO,F I,50,71.78
2025-11-21,9:30:12.079023201,T,KO,F,300,71.78
2025-11-21,9:30:12.079026157,T,KO,F I,10,71.78
2025-11-21,9:30:12.079308909,T,KO,I,50,71.79
2025-11-21,9:30:12.079311829,T,KO,,300,71.79
2025-11-21,9:30:12.080689132,T,KO,F I,1,71.8
2025-11-21,9:30:12.080692129,T,KO,F,100,71.8
2025-11-21,9:30:12.081032630,T,KO,F I,74,71.81
2025-11-21,9:30:12.226365062,T,KO,,274,71.82
2025-11-21,9:30:12.226380067,T,KO,I,1,71.82
2025-11-21,9:30:12.226389180,T,KO,F I,25,71.82
2025-11-21,9:30:12.227312311,T,KO,F,100,71.82
2025-11-21,9:30:12.227597997,T,KO,F,100,71.82
2025-11-21,9:30:12.227625052,T,KO,F,100,71.82
2025-11-21,9:30:12.228527247,T,KO,F,300,71.83
2025-11-21,9:30:12.228530226,T,KO,F I,34,71.83
2025-11-21,9:30:12.300548785,T,KO,F,100,71.82
2025-11-21,9:30:13.743869224,T,KO,,200,71.81
2025-11-21,9:30:13.785716975,T,KO,,100,71.81
2025-11-21,9:30:13.785744015,T,KO,F,100,71.81
2025-11-21,9:30:15.917846046,T,KO,F,100,71.79
2025-11-21,9:30:15.917846046,T,KO,F I,18,71.79
2025-11-21,9:30:15.917861558,T,KO,I,1,71.79
2025-11-21,9:30:15.917864446,T,KO,I,81,71.79
2025-11-21,9:30:15.917867097,T,KO,I,1,71.79
2025-11-21,9:30:15.917870253,T,KO,F I,82,71.79
2025-11-21,9:30:15.917870253,T,KO,F I,17,71.79
2025-11-21,9:30:15.917930302,T,KO,F I,83,71.78
2025-11-21,9:30:15.917954313,T,KO,F,217,71.78
2025-11-21,9:30:15.917957353,T,KO,F,100,71.78
2025-11-21,9:30:15.917972357,T,KO,F,100,71.78
2025-11-21,9:30:15.918814535,T,KO,F,300,71.78
2025-11-21,9:30:15.954022285,T,KO,F,100,71.77
2025-11-21,9:30:15.972901197,T,KO,F,133,71.76
2025-11-21,9:30:15.972904263,T,KO,F I,59,71.76
2025-11-21,9:30:15.972907203,T,KO,F,181,71.76
2025-11-21,9:30:15.972907203,T,KO,F I,27,71.76
2025-11-21,9:30:15.972925279,T,KO,I,73,71.76
2025-11-21,9:30:15.981992008,T,KO,F I,73,71.76
2025-11-21,9:30:16.008430876,T,KO,,100,71.77
2025-11-21,9:30:16.008451980,T,KO,I,1,71.77
2025-11-21,9:30:16.008454925,T,KO,F,131,71.77
2025-11-21,9:30:16.019824969,T,KO,F I,50,71.76
2025-11-21,9:30:16.020128830,T,KO,,100,71.76
2025-11-21,9:30:16.020128830,T,KO,,100,71.75
2025-11-21,9:30:16.020131711,T,KO,,250,71.75
2025-11-21,9:30:16.020174183,T,KO,F I,19,71.75
2025-11-21,9:30:16.020176824,T,KO,F I,34,71.76
2025-11-21,9:30:16.020176824,T,KO,I,1,71.75
2025-11-21,9:30:16.020209898,T,KO,F,100,71.76
2025-11-21,9:30:16.020212925,T,KO,I,31,71.76
2025-11-21,9:30:16.021436881,T,KO,F,100,71.76
2025-11-21,9:30:16.024645443,T,KO,F,100,71.76
2025-11-21,9:30:16.024693589,T,KO,F,100,71.76
2025-11-21,9:30:16.195894395,T,KO,,129,71.77
2025-11-21,9:30:16.195894395,T,KO,I,71,71.77
2025-11-21,9:30:16.195909396,T,KO,F I,29,71.77
2025-11-21,9:30:17.520410924,T,KO,,300,71.77
2025-11-21,9:30:20.046415171,T,KO,,200,71.77
2025-11-21,9:30:20.090352785,T,KO,F,100,71.76
2025-11-21,9:30:20.090382869,T,KO,F I,50,71.75
2025-11-21,9:30:20.090385935,T,KO,F I,97,71.75
2025-11-21,9:30:20.090827972,T,KO,F I,3,71.75
2025-11-21,9:30:20.130179891,T,KO,F,145,71.74
2025-11-21,9:30:20.130183113,T,KO,F I,27,71.74
2025-11-21,9:30:20.130183113,T,KO,F I,28,71.74
2025-11-21,9:30:20.130200670,T,KO,I,1,71.74
2025-11-21,9:30:20.130227755,T,KO,I,71,71.74
2025-11-21,9:30:20.140434174,T,KO,,100,71.74
2025-11-21,9:30:20.140434174,T,KO,,100,71.73
2025-11-21,9:30:20.140437268,T,KO,,100,71.73
2025-11-21,9:30:20.140440170,T,KO,,100,71.73
2025-11-21,9:30:20.140701832,T,KO,F I,72,71.74
2025-11-21,9:30:20.141402440,T,KO,F,114,71.74
2025-11-21,9:30:20.152204157,T,KO,F,100,71.75
2025-11-21,9:30:20.197125377,T,KO,F,100,71.765
2025-11-21,9:30:20.197128164,T,KO,F I,42,71.75
2025-11-21,9:30:20.197131132,T,KO,F I,58,71.75
2025-11-21,9:30:20.197449862,T,KO,I,47,71.76
2025-11-21,9:30:20.993346501,T,KO,I,3,71.77
2025-11-21,9:30:23.376357113,T,KO,F,261,71.79
2025-11-21,9:30:26.007458648,T,KO,F I,45,71.79
2025-11-21,9:30:26.007461662,T,KO,F,100,71.79
2025-11-21,9:30:26.007473728,T,KO,F,300,71.78
2025-11-21,9:30:26.007477266,T,KO,F I,32,71.78
2025-11-21,9:30:26.007500763,T,KO,F I,60,71.78
2025-11-21,9:30:26.007503752,T,KO,F I,96,71.78
2025-11-21,9:30:26.007609707,T,KO,F I,27,71.77
2025-11-21,9:30:26.007612049,T,KO,F I,9,71.77
2025-11-21,9:30:26.007615027,T,KO,F I,3,71.77
2025-11-21,9:30:26.007618079,T,KO,F I,1,71.77
2025-11-21,9:30:26.007621054,T,KO,F I,1,71.77
2025-11-21,9:30:26.008285695,T,KO,F,168,71.76
2025-11-21,9:30:26.008941243,T,KO,F,100,71.76
2025-11-21,9:30:26.009810384,T,KO,,100,71.77
2025-11-21,9:30:26.009810384,T,KO,,100,71.77
2025-11-21,9:30:26.009831835,T,KO,I,1,71.77
2025-11-21,9:30:26.009831835,T,KO,I,85,71.77
2025-11-21,9:30:26.038898768,T,KO,F,100,71.77
2025-11-21,9:30:26.038901511,T,KO,F,100,71.76
2025-11-21,9:30:26.038901511,T,KO,F I,50,71.76
2025-11-21,9:30:26.038904602,T,KO,F,250,71.76
2025-11-21,9:30:26.038910613,T,KO,F I,50,71.76
2025-11-21,9:30:26.038920159,T,KO,I,1,71.76
2025-11-21,9:30:26.038920159,T,KO,F I,99,71.76
2025-11-21,9:30:29.971433626,T,KO,F,100,71.72
2025-11-21,9:30:29.971448698,T,KO,I,1,71.72
2025-11-21,9:30:29.971469829,T,KO,I,71,71.72
2025-11-21,9:30:29.972826033,T,KO,I,27,71.72
2025-11-21,9:30:29.972826033,T,KO,I,72,71.72
2025-11-21,9:30:29.987140133,T,KO,F,100,71.72
2025-11-21,9:30:29.987167155,T,KO,I,1,71.72
2025-11-21,9:30:30.510693037,T,KO,I,12,71.715
2025-11-21,9:30:30.511279438,T,KO,F I,1,71.73
2025-11-21,9:30:30.515847714,T,KO,,100,71.73
2025-11-21,9:30:30.515847714,T,KO,,180,71.73
2025-11-21,9:30:30.526348468,T,KO,F,300,71.72
2025-11-21,9:30:30.526367111,T,KO,F I,50,71.72
2025-11-21,9:30:30.526390460,T,KO,,100,71.72
2025-11-21,9:30:30.526408468,T,KO,F I,57,71.73
2025-11-21,9:30:30.527512918,T,KO,,100,71.72
2025-11-21,9:30:30.527512918,T,KO,I,57,71.72
2025-11-21,9:30:30.527515179,T,KO,,100,71.72
2025-11-21,9:30:30.540139163,T,KO,,184,71.74
2025-11-21,9:30:30.547199971,T,KO,I,13,71.73
2025-11-21,9:30:30.555617045,T,KO,F I,87,71.73
2025-11-21,9:30:30.555620218,T,KO,F I,58,71.73
2025-11-21,9:30:30.555620218,T,KO,F,255,71.73
2025-11-21,9:30:30.555629030,T,KO,F I,45,71.73
2025-11-21,9:30:30.555632767,T,KO,F I,50,71.73
2025-11-21,9:30:30.555632767,T,KO,F I,5,71.73
2025-11-21,9:30:30.555644087,T,KO,I,95,71.73
2025-11-21,9:30:30.555680213,T,KO,F I,58,71.74
2025-11-21,9:30:30.555743414,T,KO,,100,71.74
2025-11-21,9:30:30.555788521,T,KO,,100,71.74
2025-11-21,9:30:30.556077201,T,KO,F I,5,71.74
2025-11-21,9:30:30.592758735,T,KO,,100,71.73
2025-11-21,9:30:30.592758735,T,KO,,100,71.73
2025-11-21,9:30:30.592788870,T,KO,I,53,71.73
2025-11-21,9:30:30.617955566,T,KO,F,100,71.73
2025-11-21,9:30:30.617958505,T,KO,F,200,71.72
2025-11-21,9:30:30.618000703,T,KO,,180,71.72
2025-11-21,9:30:30.618021680,T,KO,F,100,71.73
2025-11-21,9:30:30.618027762,T,KO,F I,52,71.73
2025-11-21,9:30:30.618042715,T,KO,I,1,71.73
2025-11-21,9:30:30.618052081,T,KO,I,2,71.73
2025-11-21,9:30:30.618214137,T,KO,F,100,71.73
2025-11-21,9:30:30.618268311,T,KO,,100,71.73
2025-11-21,9:30:30.618539407,T,KO,I,52,71.73
2025-11-21,9:30:30.618990039,T,KO,,100,71.73
2025-11-21,9:30:30.994232813,T,KO,I,4,71.745
2025-11-21,9:30:31.114198450,T,KO,I,15,71.73
2025-11-21,9:30:31.128932816,T,KO,F,200,71.73
2025-11-21,9:30:31.128932816,T,KO,F I,52,71.72
2025-11-21,9:30:31.128935745,T,KO,F,200,71.72
2025-11-21,9:30:31.128938526,T,KO,F I,48,71.72
2025-11-21,9:30:31.128947613,T,KO,F I,52,71.72
2025-11-21,9:30:31.128951019,T,KO,I,1,71.72
2025-11-21,9:30:31.128956949,T,KO,I,3,71.72
2025-11-21,9:30:31.128983723,T,KO,,196,71.72
2025-11-21,9:30:31.128983723,T,KO,,100,71.72
2025-11-21,9:30:31.129031743,T,KO,,100,71.72
2025-11-21,9:30:31.129278435,T,KO,I,83,71.73
2025-11-21,9:30:31.129320540,T,KO,I,17,71.73
2025-11-21,9:30:31.148848945,T,KO,,100,71.74
2025-11-21,9:30:31.148873429,T,KO,,114,71.74
2025-11-21,9:30:31.148873429,T,KO,I,99,71.74
2025-11-21,9:30:31.148876011,T,KO,F I,81,71.74
2025-11-21,9:30:31.148918127,T,KO,,300,71.75
2025-11-21,9:30:31.149757185,T,KO,,100,71.75
2025-11-21,9:30:31.149760756,T,KO,,100,71.75
2025-11-21,9:30:31.149763582,T,KO,I,96,71.75
2025-11-21,9:30:31.149763582,T,KO,I,50,71.75
2025-11-21,9:30:31.149823317,T,KO,I,3,71.75
2025-11-21,9:30:31.149823317,T,KO,,100,71.75
2025-11-21,9:30:31.335365246,T,KO,,100,71.77
2025-11-21,9:30:31.335383187,T,KO,F,200,71.77
2025-11-21,9:30:31.335759107,T,KO,,300,71.78
2025-11-21,9:30:31.336471769,T,KO,F,150,71.77
2025-11-21,9:30:31.336480805,T,KO,F I,50,71.77
2025-11-21,9:30:31.336480805,T,KO,F,100,71.76
2025-11-21,9:30:31.336480805,T,KO,F I,50,71.76
2025-11-21,9:30:31.336832690,T,KO,I,15,71.76
2025-11-21,9:30:31.336856748,T,KO,I,85,71.76
2025-11-21,9:30:31.336856748,T,KO,I,64,71.76
2025-11-21,9:30:31.336883811,T,KO,I,2,71.76
2025-11-21,9:30:31.337278780,T,KO,I,34,71.76
2025-11-21,9:30:31.337278780,T,KO,,100,71.76
2025-11-21,9:30:31.337280736,T,KO,I,70,71.76
2025-11-21,9:30:31.649294864,T,KO,I,44,71.78
2025-11-21,9:30:31.654828007,T,KO,,180,71.78
2025-11-21,9:30:33.256514778,T,KO,F,114,71.79
2025-11-21,9:30:33.257465188,T,KO,F I,50,71.81
2025-11-21,9:30:33.257465188,T,KO,F,300,71.81
2025-11-21,9:30:37.112054536,T,KO,F,300,71.81
2025-11-21,9:30:37.260927106,T,KO,I,21,71.8
2025-11-21,9:30:39.474150344,T,KO,F,180,71.81
2025-11-21,9:30:39.474165302,T,KO,,122,71.82
2025-11-21,9:30:39.710684695,T,KO,I,5,71.85
2025-11-21,9:30:39.710789961,T,KO,I,50,71.85
2025-11-21,9:30:39.710792973,T,KO,I,66,71.84
2025-11-21,9:30:39.710795964,T,KO,,100,71.84
2025-11-21,9:30:39.710853058,T,KO,I,5,71.85
2025-11-21,9:30:39.710877116,T,KO,F I,50,71.84
2025-11-21,9:30:39.711379345,T,KO,,100,71.84
2025-11-21,9:30:39.711616944,T,KO,F I,80,71.84
2025-11-21,9:30:39.738007718,T,KO,,100,71.84
2025-11-21,9:30:41.324911563,T,KO,F,300,71.86
2025-11-21,9:30:41.324911563,T,KO,F I,24,71.86
2025-11-21,9:30:41.358723725,T,KO,F I,50,71.85
2025-11-21,9:30:41.358754214,T,KO,I,50,71.84
2025-11-21,9:30:41.358756820,T,KO,,227,71.84
2025-11-21,9:30:41.366025151,T,KO,,100,71.83
2025-11-21,9:30:41.366025151,T,KO,I,50,71.83
2025-11-21,9:30:41.366097288,T,KO,,100,71.83
2025-11-21,9:30:41.375873508,T,KO,F,200,71.825
2025-11-21,9:30:41.375873508,T,KO,F,100,71.82
2025-11-21,9:30:41.375886378,T,KO,F I,50,71.82
2025-11-21,9:30:41.375895457,T,KO,I,50,71.82
2025-11-21,9:30:41.375895457,T,KO,I,50,71.82
2025-11-21,9:30:41.375897631,T,KO,,100,71.82
2025-11-21,9:30:41.376907982,T,KO,I,50,71.82
2025-11-21,9:30:41.398075400,T,KO,,100,71.82
2025-11-21,9:30:41.398078562,T,KO,,100,71.82
2025-11-21,9:30:41.398078562,T,KO,F I,80,71.82
2025-11-21,9:30:44.074524913,T,KO,I,50,71.81
2025-11-21,9:30:44.103637243,T,KO,I,64,71.8
2025-11-21,9:30:44.103640564,T,KO,I,4,71.8
2025-11-21,9:30:44.103640564,T,KO,I,92,71.8
2025-11-21,9:30:44.103643328,T,KO,I,50,71.8
2025-11-21,9:30:44.103953027,T,KO,I,50,71.8
2025-11-21,9:30:44.148694393,T,KO,F I,96,71.79
2025-11-21,9:30:44.148697096,T,KO,F I,74,71.79
2025-11-21,9:30:44.148699647,T,KO,F I,30,71.79
2025-11-21,9:30:44.148714680,T,KO,I,20,71.79
2025-11-21,9:30:44.148717654,T,KO,I,2,71.79
2025-11-21,9:30:44.156217472,T,KO,F,189,71.78
2025-11-21,9:30:44.156235587,T,KO,I,1,71.78
2025-11-21,9:30:44.156539860,T,KO,F,100,71.79
2025-11-21,9:30:44.156542269,T,KO,F I,66,71.79
2025-11-21,9:30:44.156551280,T,KO,F,100,71.79
2025-11-21,9:30:44.327234990,T,KO,,180,71.8
2025-11-21,9:30:44.327234990,T,KO,I,1,71.81
2025-11-21,9:30:44.327237803,T,KO,I,19,71.81
2025-11-21,9:30:44.327313185,T,KO,,129,71.8
2025-11-21,9:30:44.327313185,T,KO,I,66,71.8
2025-11-21,9:30:44.327316060,T,KO,I,58,71.8
2025-11-21,9:30:44.327340069,T,KO,F I,32,71.8
2025-11-21,9:30:44.327394227,T,KO,I,1,71.8
2025-11-21,9:30:44.327403291,T,KO,I,67,71.8
2025-11-21,9:30:44.327806185,T,KO,I,50,71.78
2025-11-21,9:30:44.327806185,T,KO,,300,71.78
2025-11-21,9:30:44.746397174,T,KO,I,71,71.78
2025-11-21,9:30:44.746400323,T,KO,I,29,71.78
2025-11-21,9:30:44.746415154,T,KO,I,1,71.78
2025-11-21,9:30:44.746427172,T,KO,F,181,71.78
2025-11-21,9:30:47.716322530,T,KO,I,66,71.77
2025-11-21,9:30:47.716324597,T,KO,,103,71.77
2025-11-21,9:30:47.716328197,T,KO,,142,71.77
2025-11-21,9:30:47.736622980,T,KO,,200,71.765
2025-11-21,9:30:47.815530855,T,KO,F I,66,71.74
2025-11-21,9:30:47.927060531,T,KO,I,1,71.76
2025-11-21,9:30:47.934331806,T,KO,F,190,71.74
2025-11-21,9:30:47.934334888,T,KO,F I,29,71.74
2025-11-21,9:30:47.934347053,T,KO,F,100,71.74
2025-11-21,9:30:47.934355939,T,KO,I,1,71.74
2025-11-21,9:30:53.637860027,T,KO,F I,4,71.75
2025-11-21,9:30:54.565386157,T,KO,F,200,71.75
2025-11-21,9:30:57.537608218,T,KO,I,2,71.77
2025-11-21,9:30:57.538618578,T,KO,I,20,71.76
2025-11-21,9:30:57.673071771,T,KO,F I,67,71.73
2025-11-21,9:30:57.674115244,T,KO,I,5,71.72
2025-11-21,9:30:57.675156249,T,KO,,300,71.71
2025-11-21,9:30:57.676172149,T,KO,,100,71.7
2025-11-21,9:30:57.676433770,T,KO,,100,71.7
2025-11-21,9:30:57.692443897,T,KO,I,40,71.7
2025-11-21,9:30:57.692483029,T,KO,I,1,71.7
2025-11-21,9:30:57.698948379,T,KO,F I,41,71.695
2025-11-21,9:30:57.712667314,T,KO,F I,41,71.69
2025-11-21,9:30:57.725952795,T,KO,F I,50,71.69
2025-11-21,9:30:57.725955780,T,KO,F,250,71.69
2025-11-21,9:30:57.725974292,T,KO,I,1,71.69
2025-11-21,9:30:57.726397851,T,KO,F I,50,71.69
2025-11-21,9:30:57.726469972,T,KO,F I,10,71.69
2025-11-21,9:30:57.893280396,T,KO,I,35,71.71
2025-11-21,9:30:57.893283855,T,KO,I,50,71.71
2025-11-21,9:31:00.609631721,T,KO,F I,2,71.74
2025-11-21,9:31:00.609665096,T,KO,F,100,71.74
2025-11-21,9:31:00.609667807,T,KO,F I,50,71.75
2025-11-21,9:31:01.141989575,T,KO,F I,50,71.77
2025-11-21,9:31:04.111243544,T,KO,I,42,71.73
2025-11-21,9:31:05.209721469,T,KO,F,346,71.74
2025-11-21,9:31:05.209765861,T,KO,F I,40,71.76
2025-11-21,9:31:05.266983063,T,KO,F,200,71.76
2025-11-21,9:31:05.545067870,T,KO,I,3,71.78
2025-11-21,9:31:05.545070592,T,KO,I,38,71.78
2025-11-21,9:31:05.545073429,T,KO,F I,12,71.78
2025-11-21,9:31:05.545572665,T,KO,,100,71.77
2025-11-21,9:31:05.545572665,T,KO,I,71,71.77
2025-11-21,9:31:05.545594086,T,KO,I,1,71.77
2025-11-21,9:31:05.545852524,T,KO,,109,71.77
2025-11-21,9:31:05.545855702,T,KO,,100,71.77
2025-11-21,9:31:05.545858316,T,KO,I,91,71.77
2025-11-21,9:31:05.546065847,T,KO,F,100,71.77
2025-11-21,9:31:05.546107953,T,KO,,100,71.77
2025-11-21,9:31:05.546137960,T,KO,I,7,71.77
2025-11-21,9:31:05.546465752,T,KO,F,100,71.77
2025-11-21,9:31:05.641004923,T,KO,F I,50,71.79
2025-11-21,9:31:05.641004923,T,KO,F,300,71.79
2025-11-21,9:31:05.722874925,T,KO,,100,71.79
2025-11-21,9:31:05.722953058,T,KO,,100,71.79
2025-11-21,9:31:05.723220741,T,KO,,100,71.79
2025-11-21,9:31:05.723248325,T,KO,F,180,71.79
2025-11-21,9:31:05.735138166,T,KO,,100,71.8
2025-11-21,9:31:05.735156788,T,KO,I,1,71.8
2025-11-21,9:31:05.735390782,T,KO,F I,65,71.8
2025-11-21,9:31:05.759363845,T,KO,I,60,71.79
2025-11-21,9:31:08.195171142,T,KO,F,100,71.77
2025-11-21,9:31:08.210474555,T,KO,F,200,71.77
2025-11-21,9:31:14.588340674,T,KO,I,25,71.765
2025-11-21,9:31:14.729331378,T,KO,,100,71.77
2025-11-21,9:31:16.847182487,T,KO,F,145,71.75
2025-11-21,9:31:16.847185803,T,KO,F,905,71.75
2025-11-21,9:31:16.847188492,T,KO,F I,95,71.75
2025-11-21,9:31:16.847188492,T,KO,F I,25,71.75
2025-11-21,9:31:16.847191785,T,KO,F I,2,71.75
2025-11-21,9:31:16.847195180,T,KO,F,300,71.75
2025-11-21,9:31:16.847618954,T,KO,F I,5,71.74
2025-11-21,9:31:16.847621603,T,KO,F I,2,71.74
2025-11-21,9:31:16.847681787,T,KO,I,56,71.74
2025-11-21,9:31:16.847681787,T,KO,I,90,71.74
2025-11-21,9:31:16.849233396,T,KO,F I,1,71.73
2025-11-21,9:31:17.000779277,T,KO,I,60,71.74
2025-11-21,9:31:17.000782346,T,KO,I,40,71.74
2025-11-21,9:31:17.000800932,T,KO,F I,10,71.74
2025-11-21,9:31:17.000803439,T,KO,F I,91,71.74
2025-11-21,9:31:17.001663408,T,KO,F I,50,71.75
2025-11-21,9:31:17.335362923,T,KO,F,100,71.73
2025-11-21,9:31:17.335365742,T,KO,F,203,71.73
2025-11-21,9:31:17.335368365,T,KO,F I,97,71.73
2025-11-21,9:31:17.335374245,T,KO,F I,3,71.73
2025-11-21,9:31:17.335383203,T,KO,I,1,71.73
2025-11-21,9:31:17.335398276,T,KO,I,1,71.73
2025-11-21,9:31:17.335425478,T,KO,I,8,71.73
2025-11-21,9:31:17.365313541,T,KO,I,8,71.73
2025-11-21,9:31:18.115883218,T,KO,I,18,71.72
2025-11-21,9:31:18.116120756,T,KO,I,50,71.72
2025-11-21,9:31:19.963366378,T,KO,,130,71.725
2025-11-21,9:31:21.005161695,T,KO,F I,3,71.71
2025-11-21,9:31:21.005164745,T,KO,F,173,71.71
2025-11-21,9:31:21.005164745,T,KO,F,300,71.71
2025-11-21,9:31:21.005610289,T,KO,I,10,71.71
2025-11-21,9:31:21.005700010,T,KO,I,33,71.7
2025-11-21,9:31:21.005702884,T,KO,I,2,71.7
2025-11-21,9:31:21.011299310,T,KO,I,30,71.7
2025-11-21,9:31:21.117993415,T,KO,F I,15,71.7
2025-11-21,9:31:21.117993415,T,KO,F I,2,71.7
2025-11-21,9:31:21.634864426,T,KO,F I,50,71.7
2025-11-21,9:31:21.638485462,T,KO,I,12,71.7
2025-11-21,9:31:21.638488083,T,KO,,100,71.7
2025-11-21,9:31:21.638488083,T,KO,I,18,71.69
2025-11-21,9:31:21.638560211,T,KO,I,1,71.69
2025-11-21,9:31:21.751355859,T,KO,I,11,71.69
2025-11-21,9:31:21.751355859,T,KO,,100,71.69
2025-11-21,9:31:22.733735629,T,KO,F,200,71.69
2025-11-21,9:31:24.132520238,T,KO,F I,64,71.7
2025-11-21,9:31:24.571980822,T,KO,F,100,71.7
2025-11-21,9:31:24.571998891,T,KO,F,250,71.7
2025-11-21,9:31:24.572028950,T,KO,F I,50,71.7
2025-11-21,9:31:24.845602484,T,KO,,100,71.7
2025-11-21,9:31:24.847891023,T,KO,,200,71.7
2025-11-21,9:31:24.939816963,T,KO,,100,71.71
2025-11-21,9:31:30.772211021,T,KO,I,50,71.74
2025-11-21,9:31:30.772262175,T,KO,I,50,71.74
2025-11-21,9:31:30.774358107,T,KO,I,50,71.73
2025-11-21,9:31:31.671181072,T,KO,I,5,71.73
2025-11-21,9:31:31.671184324,T,KO,I,50,71.72
2025-11-21,9:31:31.671187151,T,KO,I,95,71.72
2025-11-21,9:31:31.671962994,T,KO,F,100,71.71
2025-11-21,9:31:31.671965965,T,KO,F I,87,71.71
2025-11-21,9:31:31.672092252,T,KO,F,300,71.7
2025-11-21,9:31:31.672619108,T,KO,F,300,71.69
2025-11-21,9:31:31.672619108,T,KO,F I,50,71.69
2025-11-21,9:31:31.672810933,T,KO,F,100,71.69
2025-11-21,9:31:31.673091119,T,KO,F,100,71.7
2025-11-21,9:31:31.673091119,T,KO,F,100,71.71
2025-11-21,9:31:31.673093644,T,KO,F,100,71.71
2025-11-21,9:31:31.673099602,T,KO,F,300,71.71
2025-11-21,9:31:31.673099602,T,KO,F I,25,71.71
2025-11-21,9:31:31.673099602,T,KO,F I,50,71.71
2025-11-21,9:31:31.700615278,T,KO,I,2,71.715
2025-11-21,9:31:31.701625649,T,KO,I,14,71.715
2025-11-21,9:31:31.748365978,T,KO,,100,71.7
2025-11-21,9:31:31.748368985,T,KO,,100,71.7
2025-11-21,9:31:31.748368985,T,KO,I,50,71.7
2025-11-21,9:31:31.748372473,T,KO,I,50,71.7
2025-11-21,9:31:31.748376028,T,KO,,300,71.7
2025-11-21,9:31:31.748376028,T,KO,I,25,71.7
2025-11-21,9:31:31.748377936,T,KO,,197,71.7
2025-11-21,9:31:31.748667237,T,KO,F,100,71.69
2025-11-21,9:31:31.748670264,T,KO,F I,50,71.69
2025-11-21,9:31:31.748670264,T,KO,F,100,71.69
2025-11-21,9:31:31.749120730,T,KO,,100,71.69
2025-11-21,9:31:31.749343225,T,KO,F,100,71.69
2025-11-21,9:31:31.752145930,T,KO,F I,10,71.66
2025-11-21,9:31:31.752287252,T,KO,F,100,71.66
2025-11-21,9:31:31.767999699,T,KO,F,100,71.66
2025-11-21,9:31:31.768685305,T,KO,F,100,71.65
2025-11-21,9:31:31.780313971,T,KO,,100,71.64
2025-11-21,9:31:31.794309289,T,KO,F,100,71.64
2025-11-21,9:31:31.794312402,T,KO,F I,98,71.64
2025-11-21,9:31:31.794327413,T,KO,I,1,71.64
2025-11-21,9:31:31.794336463,T,KO,I,1,71.64
2025-11-21,9:31:31.857757477,T,KO,,100,71.655
2025-11-21,9:31:43.016286821,T,KO,F I,68,71.64
2025-11-21,9:31:43.016319861,T,KO,I,1,71.64
2025-11-21,9:31:43.030020473,T,KO,F I,47,71.64
2025-11-21,9:31:43.030023560,T,KO,F I,6,71.64
2025-11-21,9:31:43.041020705,T,KO,I,47,71.64
2025-11-21,9:31:44.297743903,T,KO,F I,50,71.63
2025-11-21,9:31:44.303601814,T,KO,F,135,71.62
2025-11-21,9:31:44.303601814,T,KO,F,177,71.62
2025-11-21,9:31:44.303604840,T,KO,F I,2,71.62
2025-11-21,9:31:45.543151057,T,KO,F I,43,71.63
2025-11-21,9:31:45.543178146,T,KO,F,242,71.63
2025-11-21,9:31:45.544146497,T,KO,,100,71.63
2025-11-21,9:31:45.544146497,T,KO,,100,71.63
2025-11-21,9:31:45.544170455,T,KO,F I,85,71.63
2025-11-21,9:31:45.550437392,T,KO,F,100,71.64
2025-11-21,9:31:48.374721942,T,KO,F,100,71.66
2025-11-21,9:31:48.374728057,T,KO,F,100,71.66
2025-11-21,9:31:48.374752407,T,KO,F,100,71.66
2025-11-21,9:31:48.375873692,T,KO,F,100,71.68
2025-11-21,9:31:49.436959949,T,KO,F I,2,71.67
2025-11-21,9:31:49.930699878,T,KO,I,4,71.65
2025-11-21,9:31:52.119998130,T,KO,I,4,71.66
2025-11-21,9:31:52.862728092,T,KO,I,50,71.66
2025-11-21,9:31:52.912574774,T,KO,F I,25,71.655
2025-11-21,9:31:54.374524918,T,KO,F I,27,71.67
2025-11-21,9:31:54.374524918,T,KO,F I,73,71.67
2025-11-21,9:31:54.374527761,T,KO,F I,50,71.67
2025-11-21,9:31:54.374548758,T,KO,F,100,71.68
2025-11-21,9:32:00.867938168,T,KO,F I,80,71.68
2025-11-21,9:32:00.867959294,T,KO,I,8,71.68
2025-11-21,9:32:00.867978119,T,KO,F I,12,71.68
2025-11-21,9:32:00.867978119,T,KO,F I,8,71.68
2025-11-21,9:32:00.867980429,T,KO,I,20,71.68
2025-11-21,9:32:00.867983445,T,KO,I,20,71.68
2025-11-21,9:32:00.867987104,T,KO,F I,20,71.68
2025-11-21,9:32:00.867989330,T,KO,I,20,71.68
2025-11-21,9:32:00.867992301,T,KO,I,12,71.68
2025-11-21,9:32:00.868804254,T,KO,F I,50,71.69
2025-11-21,9:32:00.880478090,T,KO,F I,50,71.69
2025-11-21,9:32:00.880481208,T,KO,F I,35,71.69
2025-11-21,9:32:00.881037395,T,KO,I,9,71.69
2025-11-21,9:32:00.881040381,T,KO,I,50,71.69
2025-11-21,9:32:00.941770116,T,KO,F I,32,71.69
2025-11-21,9:32:00.941770116,T,KO,F I,9,71.69
2025-11-21,9:32:00.942414198,T,KO,I,50,71.69
2025-11-21,9:32:00.942414198,T,KO,,180,71.69
2025-11-21,9:32:00.942419595,T,KO,,100,71.7
2025-11-21,9:32:00.942419595,T,KO,I,76,71.7
2025-11-21,9:32:00.942422694,T,KO,I,54,71.7
2025-11-21,9:32:00.942422694,T,KO,,145,71.7
2025-11-21,9:32:00.942437603,T,KO,I,1,71.7
2025-11-21,9:32:00.980652834,T,KO,F I,76,71.69
2025-11-21,9:32:00.980656116,T,KO,F I,54,71.69
2025-11-21,9:32:00.980658686,T,KO,F I,71,71.69
2025-11-21,9:32:00.980658686,T,KO,F I,50,71.69
2025-11-21,9:32:00.980661616,T,KO,F,100,71.69
2025-11-21,9:32:01.015599155,T,KO,I,70,71.69
2025-11-21,9:32:01.364017584,T,KO,,100,71.695
2025-11-21,9:32:01.556121103,T,KO,I,6,71.695
2025-11-21,9:32:01.556121103,T,KO,I,94,71.695
2025-11-21,9:32:01.565617745,T,KO,,100,71.695
2025-11-21,9:32:01.573616850,T,KO,,100,71.695
2025-11-21,9:32:03.128042766,T,KO,,100,71.695
2025-11-21,9:32:03.531698648,T,KO,F,270,71.68
2025-11-21,9:32:03.531698648,T,KO,F I,25,71.68
2025-11-21,9:32:03.531703187,T,KO,F,205,71.68
2025-11-21,9:32:03.531706219,T,KO,F I,95,71.68
2025-11-21,9:32:03.531706219,T,KO,F I,2,71.68
2025-11-21,9:32:03.531715218,T,KO,F,180,71.68
2025-11-21,9:32:03.532617515,T,KO,I,25,71.69
2025-11-21,9:32:03.532617515,T,KO,I,50,71.69
2025-11-21,9:32:03.532620406,T,KO,,300,71.69
2025-11-21,9:32:03.533107521,T,KO,I,77,71.69
2025-11-21,9:32:03.555799778,T,KO,F,300,71.67
2025-11-21,9:32:03.555803830,T,KO,F I,50,71.67
2025-11-21,9:32:03.555805664,T,KO,F I,50,71.67
2025-11-21,9:32:03.555820829,T,KO,F I,50,71.67
2025-11-21,9:32:03.555823608,T,KO,F I,25,71.67
2025-11-21,9:32:03.556966327,T,KO,,180,71.67
2025-11-21,9:32:03.557110637,T,KO,F I,75,71.67
2025-11-21,9:32:03.612710050,T,KO,F,100,71.66
2025-11-21,9:32:03.612710050,T,KO,F,300,71.66
2025-11-21,9:32:03.612728191,T,KO,I,1,71.66
2025-11-21,9:32:03.612743785,T,KO,I,49,71.66
2025-11-21,9:32:03.615985388,T,KO,F,100,71.65
2025-11-21,9:32:03.615987859,T,KO,F I,1,71.65
2025-11-21,9:32:03.674468227,T,KO,F I,75,71.66
2025-11-21,9:32:03.687750784,T,KO,I,58,71.65
2025-11-21,9:32:03.688063786,T,KO,F I,94,71.66
2025-11-21,9:32:03.688063786,T,KO,F I,58,71.66
2025-11-21,9:32:03.688066953,T,KO,F I,25,71.66
2025-11-21,9:32:03.688084674,T,KO,I,1,71.66
2025-11-21,9:32:03.688084674,T,KO,F I,70,71.66
2025-11-21,9:32:03.688087791,T,KO,F I,1,71.66
2025-11-21,9:32:03.701273965,T,KO,F I,94,71.66
2025-11-21,9:32:03.701277335,T,KO,F I,32,71.66
2025-11-21,9:32:03.701277335,T,KO,F I,22,71.66
2025-11-21,9:32:03.789170418,T,KO,I,14,71.67
2025-11-21,9:32:03.821864283,T,KO,F,100,71.65
2025-11-21,9:32:03.853508587,T,KO,F,100,71.65
2025-11-21,9:32:03.868845176,T,KO,F,100,71.65
2025-11-21,9:32:03.882954787,T,KO,F,100,71.65
2025-11-21,9:32:03.899942229,T,KO,F,100,71.64
2025-11-21,9:32:03.900405487,T,KO,,100,71.65
2025-11-21,9:32:03.900405487,T,KO,I,85,71.65
2025-11-21,9:32:03.900408741,T,KO,I,58,71.65
2025-11-21,9:32:05.542030080,T,KO,F,500,71.66
2025-11-21,9:32:05.542060249,T,KO,F I,85,71.66
2025-11-21,9:32:05.542066198,T,KO,F I,50,71.66
2025-11-21,9:32:05.542066198,T,KO,F I,79,71.66
2025-11-21,9:32:05.542078229,T,KO,F I,21,71.66
2025-11-21,9:32:05.625370569,T,KO,F I,3,71.63
2025-11-21,9:32:08.601829777,T,KO,I,50,71.62
2025-11-21,9:32:08.601829777,T,KO,I,12,71.62
2025-11-21,9:32:08.628560417,T,KO,I,50,71.61
2025-11-21,9:32:08.629646010,T,KO,F,100,71.61
2025-11-21,9:32:09.141843861,T,KO,F I,79,71.6
2025-11-21,9:32:09.192319046,T,KO,F,100,71.6
2025-11-21,9:32:09.202570477,T,KO,,100,71.61
2025-11-21,9:32:09.207189754,T,KO,F,100,71.6
2025-11-21,9:32:09.207192581,T,KO,F I,95,71.6
2025-11-21,9:32:09.207192581,T,KO,F I,58,71.6
2025-11-21,9:32:09.451185077,T,KO,F I,95,71.61
2025-11-21,9:32:09.451187659,T,KO,F I,58,71.61
2025-11-21,9:32:09.451190694,T,KO,F,100,71.61
2025-11-21,9:32:09.451193590,T,KO,F I,71,71.61
2025-11-21,9:32:09.451214857,T,KO,F,100,71.62
2025-11-21,9:32:09.451217645,T,KO,F I,50,71.62
2025-11-21,9:32:09.451220823,T,KO,F,230,71.62
2025-11-21,9:32:09.515089793,T,KO,F I,25,71.615
2025-11-21,9:32:11.442960402,T,KO,F,200,71.59
2025-11-21,9:32:11.467835603,T,KO,F I,48,71.58
2025-11-21,9:32:11.468268684,T,KO,F I,48,71.58
2025-11-21,9:32:11.470686487,T,KO,F I,95,71.59
2025-11-21,9:32:11.470686487,T,KO,F I,59,71.59
2025-11-21,9:32:11.470690167,T,KO,F I,25,71.59
2025-11-21,9:32:11.470690167,T,KO,F I,50,71.59
2025-11-21,9:32:11.470692368,T,KO,F I,50,71.59
2025-11-21,9:32:11.479575884,T,KO,F,100,71.59
2025-11-21,9:32:11.479575884,T,KO,F I,95,71.58
2025-11-21,9:32:11.479582098,T,KO,F I,59,71.58
2025-11-21,9:32:11.479582098,T,KO,F I,50,71.58
2025-11-21,9:32:11.479585037,T,KO,F,300,71.58
2025-11-21,9:32:11.479587740,T,KO,F I,25,71.58
2025-11-21,9:32:11.479587740,T,KO,F I,73,71.58
2025-11-21,9:32:11.479590573,T,KO,F,164,71.58
2025-11-21,9:32:11.479594642,T,KO,F I,34,71.58
2025-11-21,9:32:11.479594642,T,KO,F I,6,71.58
2025-11-21,9:32:11.479602877,T,KO,I,1,71.58
2025-11-21,9:32:11.479720498,T,KO,F I,95,71.59
2025-11-21,9:32:11.479723215,T,KO,F I,50,71.59
2025-11-21,9:32:11.479726059,T,KO,F,300,71.59
2025-11-21,9:32:11.479849226,T,KO,F,100,71.59
2025-11-21,9:32:11.479852329,T,KO,F I,95,71.59
2025-11-21,9:32:11.479855205,T,KO,F I,85,71.59
2025-11-21,9:32:11.479963470,T,KO,F,300,71.59
2025-11-21,9:32:11.479963470,T,KO,F I,24,71.59
2025-11-21,9:32:11.479972507,T,KO,I,26,71.59
2025-11-21,9:32:11.480288286,T,KO,I,17,71.6
2025-11-21,9:32:11.480552963,T,KO,I,50,71.6
2025-11-21,9:32:11.553891588,T,KO,I,50,71.61
2025-11-21,9:32:11.554926037,T,KO,I,50,71.62
2025-11-21,9:32:12.498137454,T,KO,F I,1,71.62
2025-11-21,9:32:13.328784834,T,KO,F I,10,71.6
2025-11-21,9:32:13.526289364,T,KO,F,100,71.605
2025-11-21,9:32:13.539953946,T,KO,F,100,71.605
2025-11-21,9:32:13.554902612,T,KO,F,100,71.6
2025-11-21,9:32:13.554923600,T,KO,I,1,71.6
2025-11-21,9:32:13.554923600,T,KO,,100,71.6
2025-11-21,9:32:13.567954782,T,KO,F,100,71.595
2025-11-21,9:32:13.567954782,T,KO,F I,90,71.59
2025-11-21,9:32:13.567959668,T,KO,F I,99,71.58
2025-11-21,9:32:13.567959668,T,KO,F I,50,71.58
2025-11-21,9:32:13.567959668,T,KO,F I,61,71.58
2025-11-21,9:32:13.567965738,T,KO,F I,82,71.58
2025-11-21,9:32:13.567995746,T,KO,I,90,71.59
2025-11-21,9:32:13.568017913,T,KO,F I,5,71.59
2025-11-21,9:32:13.568019803,T,KO,F I,50,71.59
2025-11-21,9:32:13.568058940,T,KO,I,23,71.6
2025-11-21,9:32:13.568603204,T,KO,F,100,71.6
2025-11-21,9:32:13.678963181,T,KO,I,50,71.61
2025-11-21,9:32:13.705793044,T,KO,F,200,71.61
2025-11-21,9:32:13.705796065,T,KO,F I,95,71.61
2025-11-21,9:32:13.705796065,T,KO,F I,5,71.61
2025-11-21,9:32:13.705814125,T,KO,F I,95,71.61
2025-11-21,9:32:16.373160576,T,KO,,100,71.595
2025-11-21,9:32:16.413354317,T,KO,F I,8,71.58
2025-11-21,9:32:16.413402404,T,KO,I,32,71.58
2025-11-21,9:32:16.413423557,T,KO,F I,68,71.58
2025-11-21,9:32:16.419239338,T,KO,F I,50,71.59
2025-11-21,9:32:17.787946301,T,KO,F I,50,71.6
2025-11-21,9:32:17.787949221,T,KO,F I,10,71.6
2025-11-21,9:32:18.589138549,T,KO,I,22,71.62
2025-11-21,9:32:18.591444966,T,KO,I,5,71.6
2025-11-21,9:32:18.591444966,T,KO,,221,71.6
2025-11-21,9:32:18.591463007,T,KO,I,1,71.6
2025-11-21,9:32:18.616281200,T,KO,F,1400,71.6
2025-11-21,9:32:18.616284165,T,KO,F,100,71.6
2025-11-21,9:32:18.616308163,T,KO,F I,77,71.6
2025-11-21,9:32:20.605554912,T,KO,I,19,71.61
2025-11-21,9:32:20.779447060,T,KO,F,100,71.61
2025-11-21,9:32:20.779676118,T,KO,I,78,71.62
2025-11-21,9:32:20.779678635,T,KO,I,50,71.62
2025-11-21,9:32:20.779697296,T,KO,I,1,71.62
2025-11-21,9:32:24.129116012,T,KO,F,100,71.61
2025-11-21,9:32:24.133125054,T,KO,,182,71.6
2025-11-21,9:32:24.133127645,T,KO,,184,71.6
2025-11-21,9:32:24.133148694,T,KO,F I,40,71.6
2025-11-21,9:32:24.138916454,T,KO,F,100,71.595
2025-11-21,9:32:24.147895748,T,KO,,200,71.59
2025-11-21,9:32:24.156622557,T,KO,,200,71.595
2025-11-21,9:32:24.164979499,T,KO,,200,71.595
2025-11-21,9:32:24.169123333,T,KO,F,300,71.58
2025-11-21,9:32:24.169141366,T,KO,I,1,71.58
2025-11-21,9:32:24.193685873,T,KO,F,300,71.57
2025-11-21,9:32:24.193688847,T,KO,F I,50,71.57
2025-11-21,9:32:24.193688847,T,KO,F I,50,71.57
2025-11-21,9:32:24.208685814,T,KO,F I,50,71.57
2025-11-21,9:32:24.208685814,T,KO,F,100,71.57
2025-11-21,9:32:24.208685814,T,KO,F,300,71.57
2025-11-21,9:32:24.208685814,T,KO,F,200,71.57
2025-11-21,9:32:24.208689168,T,KO,F I,50,71.57
2025-11-21,9:32:24.209849376,T,KO,F I,30,71.57
2025-11-21,9:32:24.209879777,T,KO,F I,34,71.57
2025-11-21,9:32:24.296221030,T,KO,,178,71.59
2025-11-21,9:32:24.296236070,T,KO,I,1,71.59
2025-11-21,9:32:25.300880979,T,KO,,100,71.59
2025-11-21,9:32:26.839748083,T,KO,F,300,71.57
2025-11-21,9:32:26.839751526,T,KO,F I,12,71.57
2025-11-21,9:32:26.839754115,T,KO,F,183,71.57
2025-11-21,9:32:26.839757078,T,KO,F I,25,71.57
2025-11-21,9:32:26.839941381,T,KO,F,150,71.56
2025-11-21,9:32:26.839941381,T,KO,F I,76,71.56
2025-11-21,9:32:26.839947286,T,KO,F,300,71.56
2025-11-21,9:32:26.839947286,T,KO,F I,70,71.56
2025-11-21,9:32:26.861020759,T,KO,F I,80,71.55
2025-11-21,9:32:26.874002866,T,KO,F,100,71.555
2025-11-21,9:32:26.874002866,T,KO,F I,39,71.54
2025-11-21,9:32:26.874005705,T,KO,F I,61,71.54
2025-11-21,9:32:26.874014730,T,KO,F I,23,71.54
2025-11-21,9:32:26.874020825,T,KO,I,1,71.54
2025-11-21,9:32:26.874330410,T,KO,F,106,71.55
2025-11-21,9:32:26.886960541,T,KO,F,106,71.56
2025-11-21,9:32:26.887447792,T,KO,F I,12,71.56
2025-11-21,9:32:26.905511729,T,KO,F,200,71.56
2025-11-21,9:32:26.905514711,T,KO,F,100,71.55
2025-11-21,9:32:26.905517669,T,KO,F,100,71.55
2025-11-21,9:32:26.905523824,T,KO,F I,75,71.55
2025-11-21,9:32:26.905541908,T,KO,F,106,71.56
2025-11-21,9:32:26.905565902,T,KO,I,1,71.56
2025-11-21,9:32:26.906458959,T,KO,F,100,71.57
2025-11-21,9:32:26.906458959,T,KO,F I,67,71.57
2025-11-21,9:32:27.067128623,T,KO,F I,84,71.57
2025-11-21,9:32:28.586247931,T,KO,F,106,71.57
2025-11-21,9:32:28.586247931,T,KO,F I,84,71.57
2025-11-21,9:32:28.586250658,T,KO,F I,1,71.57
2025-11-21,9:32:28.586313917,T,KO,F I,35,71.57
2025-11-21,9:32:28.586331926,T,KO,F I,47,71.57
2025-11-21,9:32:31.036092763,T,KO,I,67,71.59
2025-11-21,9:32:31.036104750,T,KO,,233,71.59
2025-11-21,9:32:31.036104750,T,KO,I,70,71.59
2025-11-21,9:32:31.479736387,T,KO,F I,25,71.61
2025-11-21,9:32:31.479739546,T,KO,F,300,71.61
2025-11-21,9:32:31.479739546,T,KO,F I,70,71.61
2025-11-21,9:32:37.881810181,T,KO,F,300,71.6
2025-11-21,9:32:37.881813628,T,KO,F I,25,71.6
2025-11-21,9:32:37.881816364,T,KO,F,129,71.6
2025-11-21,9:32:37.881816364,T,KO,F I,46,71.6
2025-11-21,9:32:37.881828471,T,KO,I,1,71.6
2025-11-21,9:32:37.882237361,T,KO,,114,71.61
2025-11-21,9:32:37.882240885,T,KO,I,50,71.61
2025-11-21,9:32:37.882243207,T,KO,I,25,71.61
2025-11-21,9:32:37.882246254,T,KO,,300,71.61
2025-11-21,9:32:37.897465505,T,KO,F I,50,71.61
2025-11-21,9:32:37.897471544,T,KO,F I,98,71.61
2025-11-21,9:32:37.897471544,T,KO,F,252,71.61
2025-11-21,9:32:37.897657978,T,KO,I,30,71.61
2025-11-21,9:32:37.900719269,T,KO,I,10,71.61
2025-11-21,9:32:37.900746660,T,KO,I,63,71.61
2025-11-21,9:32:38.926357060,T,KO,F I,40,71.63
2025-11-21,9:32:38.926360028,T,KO,F I,40,71.63
2025-11-21,9:32:38.959276411,T,KO,F,200,71.635
2025-11-21,9:32:38.959279560,T,KO,F,114,71.62
2025-11-21,9:32:38.959282427,T,KO,F I,30,71.62
2025-11-21,9:32:38.959282427,T,KO,F,256,71.62
2025-11-21,9:32:38.959294666,T,KO,F I,44,71.62
2025-11-21,9:32:38.959297556,T,KO,F I,25,71.62
2025-11-21,9:32:38.959300507,T,KO,F I,29,71.62
2025-11-21,9:32:38.972637304,T,KO,F,200,71.625
2025-11-21,9:32:38.986214970,T,KO,F,100,71.625
2025-11-21,9:32:38.986214970,T,KO,F,100,71.62
2025-11-21,9:32:39.001942056,T,KO,F,100,71.625
2025-11-21,9:32:39.016355355,T,KO,F,100,71.625
2025-11-21,9:32:39.016671080,T,KO,F,100,71.62
2025-11-21,9:32:39.017535232,T,KO,F,114,71.62
2025-11-21,9:32:39.017540242,T,KO,F,114,71.62
2025-11-21,9:32:39.017540242,T,KO,F I,24,71.62
2025-11-21,9:32:39.017555280,T,KO,I,1,71.62
2025-11-21,9:32:39.017564264,T,KO,I,75,71.62
2025-11-21,9:32:44.153379203,T,KO,I,28,71.64
2025-11-21,9:32:44.824938640,T,KO,F,114,71.65
2025-11-21,9:32:44.824938640,T,KO,F I,86,71.65
2025-11-21,9:32:44.824953727,T,KO,I,1,71.65
2025-11-21,9:32:46.685993082,T,KO,F,100,71.64
2025-11-21,9:32:46.685999138,T,KO,F,117,71.64
2025-11-21,9:32:46.685999138,T,KO,F I,2,71.64
2025-11-21,9:32:46.686002380,T,KO,F,300,71.64
2025-11-21,9:32:46.686006006,T,KO,F I,25,71.64
2025-11-21,9:32:46.686006006,T,KO,F I,50,71.64
2025-11-21,9:32:46.686008793,T,KO,F I,24,71.64
2025-11-21,9:32:46.686008793,T,KO,F I,60,71.64
2025-11-21,9:32:46.686011146,T,KO,F I,50,71.64
2025-11-21,9:32:46.686459157,T,KO,,100,71.63
2025-11-21,9:32:46.686463285,T,KO,,100,71.63
2025-11-21,9:32:46.686916287,T,KO,F,100,71.63
2025-11-21,9:32:46.686937292,T,KO,,100,71.63
2025-11-21,9:32:46.713863664,T,KO,F,200,71.63
2025-11-21,9:32:46.713866600,T,KO,F I,68,71.62
2025-11-21,9:32:46.713869890,T,KO,F,224,71.62
2025-11-21,9:32:46.713869890,T,KO,F I,32,71.62
2025-11-21,9:32:46.713873228,T,KO,F I,2,71.62
2025-11-21,9:32:46.713873228,T,KO,F I,50,71.62
2025-11-21,9:32:46.713875604,T,KO,F I,50,71.62
2025-11-21,9:32:46.713878587,T,KO,F I,74,71.62
2025-11-21,9:32:46.713878587,T,KO,F I,26,71.62
2025-11-21,9:32:46.713887485,T,KO,I,1,71.62
2025-11-21,9:32:46.714399325,T,KO,,100,71.62
2025-11-21,9:32:46.714402227,T,KO,I,23,71.62
2025-11-21,9:32:46.714407801,T,KO,,119,71.63
2025-11-21,9:32:46.714407801,T,KO,I,25,71.63
2025-11-21,9:32:46.714407801,T,KO,,300,71.63
2025-11-21,9:32:46.714410761,T,KO,I,50,71.63
2025-11-21,9:32:46.714410761,T,KO,I,48,71.63
2025-11-21,9:32:46.714419991,T,KO,,132,71.63
2025-11-21,9:32:46.714885877,T,KO,,100,71.63
2025-11-21,9:32:46.725910134,T,KO,,350,71.645
2025-11-21,9:32:48.878545067,T,KO,F,100,71.67
2025-11-21,9:32:48.931820051,T,KO,F,300,71.66
2025-11-21,9:32:48.931823602,T,KO,F,119,71.66
2025-11-21,9:32:48.931825963,T,KO,F I,50,71.66
2025-11-21,9:32:48.931825963,T,KO,F I,31,71.66
2025-11-21,9:32:48.933068605,T,KO,I,44,71.66
2025-11-21,9:32:48.933070854,T,KO,,124,71.66
2025-11-21,9:32:49.226173172,T,KO,F I,50,71.65
2025-11-21,9:32:49.226173172,T,KO,F,153,71.65
2025-11-21,9:32:49.226175989,T,KO,F I,50,71.65
2025-11-21,9:32:49.226175989,T,KO,F I,43,71.65
2025-11-21,9:32:49.601157119,T,KO,F I,25,71.66
2025-11-21,9:32:49.601238854,T,KO,,180,71.66
2025-11-21,9:32:49.601280319,T,KO,F I,20,71.66
2025-11-21,9:32:49.601331469,T,KO,,100,71.66
2025-11-21,9:32:49.601382622,T,KO,F,100,71.66
2025-11-21,9:32:49.622399961,T,KO,F I,78,71.65
2025-11-21,9:32:49.622402727,T,KO,F I,50,71.65
2025-11-21,9:32:50.591180979,T,KO,F,100,71.65
2025-11-21,9:32:50.591180979,T,KO,F I,78,71.65
2025-11-21,9:32:57.863286705,T,KO,F I,25,71.69
2025-11-21,9:32:57.865166326,T,KO,F,180,71.7
2025-11-21,9:32:57.887019249,T,KO,F I,50,71.69
2025-11-21,9:32:57.899327498,T,KO,F,100,71.69
2025-11-21,9:32:57.910682539,T,KO,F,100,71.69
2025-11-21,9:32:57.923713649,T,KO,F,100,71.69
2025-11-21,9:32:57.935485690,T,KO,F,100,71.69
2025-11-21,9:32:57.948359273,T,KO,F,100,71.69
2025-11-21,9:32:58.035651271,T,KO,,100,71.7
2025-11-21,9:32:58.048533923,T,KO,F,100,71.69
2025-11-21,9:32:58.059248438,T,KO,F I,50,71.69
2025-11-21,9:32:58.259221685,T,KO,,100,71.69
2025-11-21,9:33:01.054646528,T,KO,F I,55,71.7
2025-11-21,9:33:05.357164852,T,KO,F I,25,71.72
2025-11-21,9:33:05.357167757,T,KO,F I,70,71.72
2025-11-21,9:33:05.357170773,T,KO,F I,9,71.72
2025-11-21,9:33:05.459236925,T,KO,,200,71.73
2025-11-21,9:33:05.461777952,T,KO,,100,71.73
2025-11-21,9:33:07.118573941,T,KO,,100,71.72
2025-11-21,9:33:07.160505763,T,KO,,100,71.72
2025-11-21,9:33:07.170065558,T,KO,,100,71.72
2025-11-21,9:33:07.192171147,T,KO,F,300,71.72
2025-11-21,9:33:08.924982177,T,KO,F I,25,71.7
2025-11-21,9:33:08.924982177,T,KO,F I,2,71.7
2025-11-21,9:33:08.925036692,T,KO,F,300,71.69
2025-11-21,9:33:08.925036692,T,KO,F I,60,71.69
2025-11-21,9:33:08.925343621,T,KO,F,300,71.68
2025-11-21,9:33:08.925343621,T,KO,F I,70,71.68
2025-11-21,9:33:08.925346158,T,KO,F,100,71.68
2025-11-21,9:33:08.925349032,T,KO,F,200,71.68
2025-11-21,9:33:08.925532578,T,KO,F I,11,71.68
2025-11-21,9:33:08.925535879,T,KO,F I,73,71.68
2025-11-21,9:33:08.925658817,T,KO,F I,81,71.68
2025-11-21,9:33:08.925676986,T,KO,I,84,71.69
2025-11-21,9:33:08.925683026,T,KO,I,60,71.69
2025-11-21,9:33:08.925683026,T,KO,I,37,71.69
2025-11-21,9:33:08.925694860,T,KO,I,1,71.69
2025-11-21,9:33:08.925737781,T,KO,F I,73,71.685
2025-11-21,9:33:08.925737781,T,KO,F I,9,71.685
2025-11-21,9:33:08.925740478,T,KO,F I,81,71.685
2025-11-21,9:33:08.925743060,T,KO,F I,3,71.685
2025-11-21,9:33:08.925770859,T,KO,F I,84,71.685
2025-11-21,9:33:08.925776310,T,KO,,262,71.69
2025-11-21,9:33:08.925851251,T,KO,I,81,71.69
2025-11-21,9:33:08.925857303,T,KO,F I,19,71.69
2025-11-21,9:33:08.925986598,T,KO,,300,71.69
2025-11-21,9:33:08.926116643,T,KO,I,50,71.69
2025-11-21,9:33:08.926125294,T,KO,F I,34,71.68
2025-11-21,9:33:08.926254205,T,KO,,300,71.69
2025-11-21,9:33:08.926254205,T,KO,,126,71.69
2025-11-21,9:33:08.926380623,T,KO,F,100,71.69
2025-11-21,9:33:08.926380623,T,KO,F I,66,71.68
2025-11-21,9:33:08.926383593,T,KO,F I,13,71.68
2025-11-21,9:33:08.926383593,T,KO,F I,21,71.68
2025-11-21,9:33:08.926900788,T,KO,F,126,71.68
2025-11-21,9:33:08.926900788,T,KO,F I,50,71.68
2025-11-21,9:33:08.927823934,T,KO,F I,58,71.68
2025-11-21,9:33:08.927872231,T,KO,F I,93,71.68
2025-11-21,9:33:08.927887184,T,KO,F I,37,71.68
2025-11-21,9:33:08.928019485,T,KO,F I,5,71.68
2025-11-21,9:33:08.928019485,T,KO,F I,10,71.68
2025-11-21,9:33:08.928338360,T,KO,F I,34,71.68
2025-11-21,9:33:08.928413372,T,KO,F I,16,71.68
2025-11-21,9:33:08.956494279,T,KO,I,21,71.69
2025-11-21,9:33:08.979484073,T,KO,,100,71.695
2025-11-21,9:33:08.985859176,T,KO,,100,71.695
2025-11-21,9:33:11.091985363,T,KO,F I,19,71.695
2025-11-21,9:33:11.964766206,T,KO,I,3,71.71
2025-11-21,9:33:11.964823250,T,KO,I,88,71.7
2025-11-21,9:33:11.964841303,T,KO,I,1,71.7
2025-11-21,9:33:11.995604634,T,KO,I,68,71.71
2025-11-21,9:33:11.995622686,T,KO,I,1,71.71
2025-11-21,9:33:11.995622686,T,KO,I,51,71.71
2025-11-21,9:33:11.995629305,T,KO,I,1,71.71
2025-11-21,9:33:12.039226545,T,KO,I,3,71.71
2025-11-21,9:33:12.193908867,T,KO,F I,84,71.71
2025-11-21,9:33:12.223012162,T,KO,,100,71.71
2025-11-21,9:33:12.223127287,T,KO,F,100,71.71
2025-11-21,9:33:12.246001989,T,KO,,100,71.71
2025-11-21,9:33:13.085757951,T,KO,I,11,71.71
2025-11-21,9:33:13.085788097,T,KO,F I,27,71.71
2025-11-21,9:33:14.969702974,T,KO,I,6,71.73
2025-11-21,9:33:14.969757106,T,KO,F I,2,71.72
2025-11-21,9:33:14.969763073,T,KO,F I,1,71.72
2025-11-21,9:33:14.969775201,T,KO,F I,82,71.72
2025-11-21,9:33:14.969775201,T,KO,F,132,71.72
2025-11-21,9:33:14.969778251,T,KO,F I,98,71.72
2025-11-21,9:33:14.969778251,T,KO,F I,25,71.72
2025-11-21,9:33:15.001440542,T,KO,F I,92,71.72
2025-11-21,9:33:15.001458633,T,KO,I,1,71.72
2025-11-21,9:33:15.001470743,T,KO,I,39,71.72
2025-11-21,9:33:15.001470743,T,KO,,300,71.72
2025-11-21,9:33:15.001473622,T,KO,I,7,71.72
2025-11-21,9:33:15.144537272,T,KO,I,85,71.73
2025-11-21,9:33:15.144537272,T,KO,,300,71.73
2025-11-21,9:33:15.144539423,T,KO,I,85,71.73
2025-11-21,9:33:15.649823879,T,KO,I,5,71.73
2025-11-21,9:33:15.650139612,T,KO,F,200,71.73
2025-11-21,9:33:15.683639434,T,KO,I,45,71.73
2025-11-21,9:33:15.778804217,T,KO,F,127,71.74
2025-11-21,9:33:15.778804217,T,KO,F I,1,71.74
2025-11-21,9:33:15.778807090,T,KO,F,172,71.74
2025-11-21,9:33:15.779601629,T,KO,,100,71.75
2025-11-21,9:33:15.779603887,T,KO,,100,71.75
2025-11-21,9:33:17.302842807,T,KO,,100,71.75
2025-11-21,9:33:18.334350526,T,KO,F I,85,71.75
2025-11-21,9:33:19.910722995,T,KO,I,43,71.735
2025-11-21,9:33:19.911152999,T,KO,I,57,71.735
2025-11-21,9:33:24.652719946,T,KO,,210,71.775
2025-11-21,9:33:25.343423098,T,KO,I,84,71.775
2025-11-21,9:33:25.343835055,T,KO,,100,71.775
2025-11-21,9:33:26.556677659,T,KO,,210,71.775
2025-11-21,9:33:26.556708462,T,KO,I,44,71.78
2025-11-21,9:33:26.556708462,T,KO,I,40,71.77
2025-11-21,9:33:26.556713824,T,KO,I,25,71.77
2025-11-21,9:33:26.556717492,T,KO,I,37,71.77
2025-11-21,9:33:26.558896974,T,KO,F I,63,71.77
2025-11-21,9:33:26.558900052,T,KO,F,181,71.77
2025-11-21,9:33:26.558900052,T,KO,F I,37,71.77
2025-11-21,9:33:26.576527923,T,KO,I,63,71.76
2025-11-21,9:33:26.576552393,T,KO,I,13,71.76
2025-11-21,9:33:26.576552393,T,KO,,100,71.76
2025-11-21,9:33:26.576555015,T,KO,I,24,71.76
2025-11-21,9:33:31.294639486,T,KO,F I,50,71.8
2025-11-21,9:33:31.294639486,T,KO,F I,25,71.8
2025-11-21,9:33:31.294642285,T,KO,F I,60,71.8
2025-11-21,9:33:31.294645286,T,KO,F,300,71.8
2025-11-21,9:33:31.295150440,T,KO,I,50,71.8
2025-11-21,9:33:31.295198566,T,KO,,100,71.8
2025-11-21,9:33:31.295761034,T,KO,,167,71.81
2025-11-21,9:33:31.295772834,T,KO,,133,71.81
2025-11-21,9:33:34.755555106,T,KO,I,10,71.79
2025-11-21,9:33:34.755555106,T,KO,I,25,71.79
2025-11-21,9:33:36.882836753,T,KO,I,5,71.8
2025-11-21,9:33:36.882836753,T,KO,I,6,71.8
2025-11-21,9:33:37.891066026,T,KO,,100,71.81
2025-11-21,9:33:37.891589272,T,KO,,100,71.81
2025-11-21,9:33:41.084001650,T,KO,I,50,71.82
2025-11-21,9:33:41.084001650,T,KO,I,24,71.81
2025-11-21,9:33:41.084025799,T,KO,,152,71.82
2025-11-21,9:33:41.085310356,T,KO,F I,88,71.83
2025-11-21,9:33:41.085331235,T,KO,I,1,71.83
2025-11-21,9:33:41.088043348,T,KO,F I,50,71.84
2025-11-21,9:33:41.088046300,T,KO,F I,27,71.84
2025-11-21,9:33:41.088058722,T,KO,F,125,71.84
2025-11-21,9:33:41.088058722,T,KO,F I,7,71.84
2025-11-21,9:33:41.088061363,T,KO,F I,88,71.84
2025-11-21,9:33:41.112774237,T,KO,,100,71.835
2025-11-21,9:33:41.832637701,T,KO,F I,25,71.84
2025-11-21,9:33:42.133549427,T,KO,,100,71.835
2025-11-21,9:33:42.279315508,T,KO,,100,71.835
2025-11-21,9:33:42.879382747,T,KO,F I,19,71.83
2025-11-21,9:33:42.879385776,T,KO,F I,6,71.835
2025-11-21,9:33:42.945357515,T,KO,F I,48,71.82
2025-11-21,9:33:42.945362858,T,KO,F I,52,71.82
2025-11-21,9:33:42.945362858,T,KO,F,100,71.82
2025-11-21,9:33:43.009508653,T,KO,,142,71.81
2025-11-21,9:33:43.009523727,T,KO,I,1,71.81
2025-11-21,9:33:43.009529687,T,KO,I,57,71.81
2025-11-21,9:33:43.009532699,T,KO,,200,71.81
2025-11-21,9:33:43.010591777,T,KO,,100,71.81
2025-11-21,9:33:43.011249765,T,KO,,100,71.82
2025-11-21,9:33:43.011253998,T,KO,,100,71.82
2025-11-21,9:33:43.011258834,T,KO,I,87,71.82
2025-11-21,9:33:43.011258834,T,KO,,100,71.82
2025-11-21,9:33:44.084945182,T,KO,I,25,71.83
2025-11-21,9:33:44.084945182,T,KO,I,73,71.83
2025-11-21,9:33:45.401116778,T,KO,I,4,71.85
2025-11-21,9:33:47.120633121,T,KO,F,107,71.84
2025-11-21,9:33:47.120636191,T,KO,F,200,71.84
2025-11-21,9:33:47.416697338,T,KO,F,210,71.84
2025-11-21,9:33:50.290969980,T,KO,I,8,71.84
2025-11-21,9:33:50.308420452,T,KO,I,6,71.84
2025-11-21,9:33:50.485548425,T,KO,F I,33,71.84
2025-11-21,9:33:52.548852510,T,KO,I,3,71.84
2025-11-21,9:33:52.567024819,T,KO,,165,71.83
2025-11-21,9:33:52.567042892,T,KO,I,1,71.83
2025-11-21,9:33:52.567046013,T,KO,I,16,71.83
2025-11-21,9:33:52.567052109,T,KO,,1400,71.83
2025-11-21,9:33:52.567052109,T,KO,,131,71.83
2025-11-21,9:33:52.567054994,T,KO,I,80,71.83
2025-11-21,9:33:52.567076043,T,KO,,140,71.84
2025-11-21,9:33:52.567076043,T,KO,I,13,71.84
2025-11-21,9:33:52.567096957,T,KO,I,1,71.84
2025-11-21,9:33:52.567704570,T,KO,,100,71.83
2025-11-21,9:33:52.567708165,T,KO,,286,71.84
2025-11-21,9:33:52.567711472,T,KO,I,99,71.84
2025-11-21,9:33:52.567711472,T,KO,,100,71.84
2025-11-21,9:33:52.567717011,T,KO,,100,71.84
2025-11-21,9:33:52.567717011,T,KO,,100,71.84
2025-11-21,9:33:52.567720474,T,KO,I,50,71.84
2025-11-21,9:33:52.567720474,T,KO,I,5,71.84
2025-11-21,9:33:52.567722667,T,KO,I,25,71.84
2025-11-21,9:33:52.567725947,T,KO,I,90,71.84
2025-11-21,9:33:53.716560648,T,KO,F I,13,71.86
2025-11-21,9:33:53.716579204,T,KO,F,287,71.86
2025-11-21,9:33:53.716581687,T,KO,F I,1,71.86
2025-11-21,9:33:53.716993681,T,KO,,100,71.86
2025-11-21,9:33:53.716993681,T,KO,I,19,71.86
2025-11-21,9:33:53.717032768,T,KO,,100,71.86
2025-11-21,9:33:53.729173188,T,KO,F I,40,71.87
2025-11-21,9:33:53.729173188,T,KO,F,300,71.87
2025-11-21,9:33:53.729175915,T,KO,F I,50,71.87
2025-11-21,9:33:53.729175915,T,KO,F I,40,71.87
2025-11-21,9:33:53.780496516,T,KO,I,98,71.86
2025-11-21,9:33:53.780502001,T,KO,,100,71.86
2025-11-21,9:33:53.780502001,T,KO,,123,71.86
2025-11-21,9:33:53.780502001,T,KO,I,25,71.86
2025-11-21,9:33:53.780796632,T,KO,,100,71.87
2025-11-21,9:33:53.780800094,T,KO,,100,71.87
2025-11-21,9:33:53.780803086,T,KO,,100,71.87
2025-11-21,9:33:53.780803086,T,KO,I,98,71.87
2025-11-21,9:33:53.780808673,T,KO,,100,71.87
2025-11-21,9:33:53.780808673,T,KO,,100,71.87
2025-11-21,9:33:53.780811750,T,KO,,300,71.87
2025-11-21,9:33:54.074657430,T,KO,,100,71.87
2025-11-21,9:33:54.074660492,T,KO,,597,71.87
2025-11-21,9:33:54.074665526,T,KO,,178,71.87
2025-11-21,9:33:54.074665526,T,KO,,139,71.87
2025-11-21,9:33:54.074665526,T,KO,,100,71.87
2025-11-21,9:33:54.176470090,T,KO,I,25,71.88
2025-11-21,9:33:54.176527124,T,KO,,140,71.87
2025-11-21,9:33:54.176530202,T,KO,I,76,71.87
2025-11-21,9:33:54.575219692,T,KO,,100,71.88
2025-11-21,9:33:56.541732410,T,KO,F,100,71.87
2025-11-21,9:33:58.006746584,T,KO,I,5,71.87
2025-11-21,9:33:58.129339614,T,KO,F I,65,71.86
2025-11-21,9:33:58.129342638,T,KO,F I,21,71.86
2025-11-21,9:33:58.129346212,T,KO,F I,7,71.86
2025-11-21,9:33:58.129357700,T,KO,I,10,71.87
2025-11-21,9:33:58.129360619,T,KO,I,40,71.87
2025-11-21,9:33:58.129372736,T,KO,F I,2,71.86
2025-11-21,9:33:58.129378804,T,KO,F I,5,71.86
2025-11-21,9:33:58.129378804,T,KO,F,116,71.86
2025-11-21,9:33:58.129381744,T,KO,F I,14,71.86
2025-11-21,9:33:58.129384727,T,KO,F I,30,71.86
2025-11-21,9:33:58.129384727,T,KO,F I,1,71.86
2025-11-21,9:33:58.129396718,T,KO,I,1,71.86
2025-11-21,9:33:58.129405747,T,KO,F I,54,71.86
2025-11-21,9:33:58.129405747,T,KO,F,262,71.86
2025-11-21,9:33:58.129956095,T,KO,I,71,71.86
2025-11-21,9:34:01.027910144,T,KO,I,4,71.86
2025-11-21,9:34:01.486487304,T,KO,,200,71.85
2025-11-21,9:34:01.486487304,T,KO,I,31,71.85
2025-11-21,9:34:01.486490273,T,KO,I,71,71.85
2025-11-21,9:34:02.001734484,T,KO,F I,4,71.85
2025-11-21,9:34:03.639585717,T,KO,F I,40,71.85
2025-11-21,9:34:03.639603311,T,KO,F I,10,71.85
2025-11-21,9:34:03.674681878,T,KO,F I,50,71.85
2025-11-21,9:34:06.331157828,T,KO,F I,3,71.84
2025-11-21,9:34:06.331175933,T,KO,F I,97,71.84
2025-11-21,9:34:06.331179639,T,KO,F I,1,71.84
2025-11-21,9:34:06.331182456,T,KO,F I,50,71.84
2025-11-21,9:34:14.216412159,T,KO,I,5,71.85
2025-11-21,9:34:14.598358615,T,KO,,100,71.855
2025-11-21,9:34:14.598358615,T,KO,I,25,71.84
2025-11-21,9:34:14.598358615,T,KO,,252,71.84
2025-11-21,9:34:14.598375843,T,KO,I,1,71.84
2025-11-21,9:34:14.598445048,T,KO,F I,2,71.84
2025-11-21,9:34:14.739788026,T,KO,I,18,71.84
2025-11-21,9:34:14.739833745,T,KO,,100,71.84
2025-11-21,9:34:14.739835866,T,KO,I,80,71.84
2025-11-21,9:34:14.739859798,T,KO,F I,20,71.84
2025-11-21,9:34:14.739989050,T,KO,,300,71.85
2025-11-21,9:34:14.739992357,T,KO,I,50,71.85
2025-11-21,9:34:14.739992357,T,KO,I,25,71.85
2025-11-21,9:34:14.739995420,T,KO,I,18,71.85
2025-11-21,9:34:16.469826758,T,KO,I,25,71.87
2025-11-21,9:34:16.727263250,T,KO,F,170,71.88
2025-11-21,9:34:22.988908590,T,KO,,100,71.89
2025-11-21,9:34:22.988935632,T,KO,,100,71.89
2025-11-21,9:34:23.276546681,T,KO,F I,61,71.88
2025-11-21,9:34:23.276549781,T,KO,F,124,71.88
2025-11-21,9:34:23.276552885,T,KO,F,100,71.88
2025-11-21,9:34:26.310036535,T,KO,I,2,71.85
2025-11-21,9:34:26.310036535,T,KO,I,44,71.85
2025-11-21,9:34:26.310039538,T,KO,I,93,71.85
2025-11-21,9:34:26.310042508,T,KO,,200,71.85
2025-11-21,9:34:28.032611362,T,KO,F I,48,71.84
2025-11-21,9:34:28.037558470,T,KO,I,31,71.83
2025-11-21,9:34:28.037558470,T,KO,,100,71.83
2025-11-21,9:34:28.037560958,T,KO,F,131,71.83
2025-11-21,9:34:28.037612123,T,KO,,100,71.83
2025-11-21,9:34:33.776288257,T,KO,F,100,71.83
2025-11-21,9:34:34.901185978,T,KO,F I,38,71.82
2025-11-21,9:34:34.901201045,T,KO,I,62,71.82
2025-11-21,9:34:39.061224920,T,KO,F,350,71.84
2025-11-21,9:34:39.718241788,T,KO,I,18,71.84
2025-11-21,9:34:41.804442467,T,KO,,100,71.84
2025-11-21,9:34:42.187963810,T,KO,,100,71.84
2025-11-21,9:34:42.197439421,T,KO,,100,71.84
2025-11-21,9:34:43.701585821,T,KO,,180,71.84
2025-11-21,9:34:43.701654996,T,KO,,100,71.84
2025-11-21,9:34:43.720332444,T,KO,,180,71.84
2025-11-21,9:34:43.720401660,T,KO,F,350,71.84
2025-11-21,9:34:43.720446761,T,KO,I,19,71.84
2025-11-21,9:34:43.720604254,T,KO,F,100,71.85
2025-11-21,9:34:44.003246263,T,KO,I,2,71.86
2025-11-21,9:34:47.220669289,T,KO,I,9,71.87
2025-11-21,9:34:47.220669289,T,KO,I,25,71.87
2025-11-21,9:34:47.220723342,T,KO,,180,71.87
2025-11-21,9:34:47.220792664,T,KO,F,395,71.87
2025-11-21,9:34:47.220795430,T,KO,F I,80,71.88
2025-11-21,9:34:47.601769998,T,KO,F I,25,71.9
2025-11-21,9:34:47.601772865,T,KO,F,300,71.9
2025-11-21,9:34:47.601772865,T,KO,F I,80,71.9
2025-11-21,9:34:47.602149019,T,KO,F I,30,71.91
2025-11-21,9:34:47.602151756,T,KO,F I,30,71.91
2025-11-21,9:34:47.782055237,T,KO,,100,71.93
2025-11-21,9:34:47.782073222,T,KO,I,1,71.93
2025-11-21,9:34:47.887260757,T,KO,F I,74,71.92
2025-11-21,9:34:47.887260757,T,KO,F I,25,71.92
2025-11-21,9:34:49.501279978,T,KO,F,100,71.89
2025-11-21,9:34:49.501282973,T,KO,F,180,71.89
2025-11-21,9:34:49.896866140,T,KO,I,25,71.9
2025-11-21,9:34:52.082501738,T,KO,F,100,71.91
2025-11-21,9:34:52.082501738,T,KO,F I,74,71.91
2025-11-21,9:34:52.082504900,T,KO,F I,24,71.91
2025-11-21,9:34:52.528848736,T,KO,I,23,71.92
2025-11-21,9:34:52.529684776,T,KO,F I,30,71.91
2025-11-21,9:34:52.529699843,T,KO,F I,20,71.91
2025-11-21,9:34:52.529702802,T,KO,F,100,71.91
2025-11-21,9:34:52.529706937,T,KO,F I,50,71.91
2025-11-21,9:34:52.529706937,T,KO,F I,25,71.91
2025-11-21,9:34:52.529711749,T,KO,F,300,71.91
2025-11-21,9:34:52.529711749,T,KO,F I,99,71.91
2025-11-21,9:34:52.530072680,T,KO,F,130,71.91
2025-11-21,9:34:52.530075704,T,KO,F I,71,71.91
2025-11-21,9:34:52.530144824,T,KO,I,99,71.9
2025-11-21,9:34:52.530144824,T,KO,,101,71.9
2025-11-21,9:34:52.531558448,T,KO,F,115,71.89
2025-11-21,9:34:52.531561197,T,KO,F,100,71.89
2025-11-21,9:34:52.531564254,T,KO,F I,85,71.89
2025-11-21,9:34:52.532641852,T,KO,F I,80,71.88
2025-11-21,9:34:52.532646889,T,KO,F,100,71.88
2025-11-21,9:34:52.532646889,T,KO,F,180,71.88
2025-11-21,9:34:52.532685855,T,KO,F,100,71.88
2025-11-21,9:34:52.532712940,T,KO,F I,20,71.88
2025-11-21,9:34:52.532938453,T,KO,F,100,71.88
2025-11-21,9:34:52.605014137,T,KO,,100,71.88
2025-11-21,9:34:55.225506377,T,KO,F I,5,71.91
2025-11-21,9:34:56.487380683,T,KO,F I,9,71.92
2025-11-21,9:34:56.487386715,T,KO,I,9,71.92
2025-11-21,9:34:56.488141543,T,KO,F I,50,71.93
2025-11-21,9:34:56.488198656,T,KO,,100,71.93
2025-11-21,9:34:56.488213724,T,KO,I,1,71.93
2025-11-21,9:34:56.488596145,T,KO,I,26,71.93
2025-11-21,9:34:56.488662741,T,KO,I,72,71.93
2025-11-21,9:34:56.488665036,T,KO,I,28,71.94
2025-11-21,9:34:56.488737144,T,KO,I,72,71.94
2025-11-21,9:34:56.488737144,T,KO,,300,71.94
2025-11-21,9:34:56.488766965,T,KO,F I,45,71.93
2025-11-21,9:34:56.488845184,T,KO,I,25,71.94
2025-11-21,9:34:56.489089244,T,KO,F,100,71.93
2025-11-21,9:34:56.489089244,T,KO,F I,50,71.93
2025-11-21,9:34:56.489110646,T,KO,I,1,71.93
2025-11-21,9:34:56.489110646,T,KO,,249,71.93
2025-11-21,9:34:56.489122292,T,KO,I,45,71.93
2025-11-21,9:34:56.489122292,T,KO,I,40,71.94
2025-11-21,9:34:56.489128371,T,KO,I,5,71.94
2025-11-21,9:34:56.489128371,T,KO,I,50,71.94
2025-11-21,9:34:56.489131216,T,KO,,100,71.94
2025-11-21,9:34:56.489131216,T,KO,,100,71.94
2025-11-21,9:34:56.489212782,T,KO,F,100,71.93
2025-11-21,9:34:56.489212782,T,KO,F I,76,71.93
2025-11-21,9:34:56.489218169,T,KO,F I,24,71.93
2025-11-21,9:34:56.489218169,T,KO,F,100,71.93
2025-11-21,9:34:56.489290668,T,KO,I,50,71.94
2025-11-21,9:34:56.489290668,T,KO,,142,71.94
2025-11-21,9:34:56.489347357,T,KO,F,200,71.93
2025-11-21,9:34:56.489350389,T,KO,F,100,71.93
2025-11-21,9:34:56.489407559,T,KO,,158,71.94
2025-11-21,9:34:56.489410555,T,KO,I,50,71.94
2025-11-21,9:34:56.489434621,T,KO,,100,71.94
2025-11-21,9:34:56.489564752,T,KO,F I,21,71.93
2025-11-21,9:34:56.489564752,T,KO,F I,40,71.93
2025-11-21,9:34:56.489575900,T,KO,I,50,71.94
2025-11-21,9:34:56.489579973,T,KO,,100,71.94
2025-11-21,9:34:56.489936855,T,KO,I,45,71.94
2025-11-21,9:34:56.490234565,T,KO,I,34,71.94
2025-11-21,9:34:56.490234565,T,KO,I,5,71.94
2025-11-21,9:34:56.491067461,T,KO,F I,58,71.93
2025-11-21,9:34:56.491163775,T,KO,F I,22,71.93
2025-11-21,9:34:56.491635848,T,KO,F I,17,71.93
2025-11-21,9:34:56.492396705,T,KO,,100,71.93
2025-11-21,9:34:56.494652023,T,KO,I,50,71.93
2025-11-21,9:34:56.494652023,T,KO,,300,71.93
2025-11-21,9:34:56.495088024,T,KO,F,100,71.93
2025-11-21,9:34:56.495680543,T,KO,,100,71.93
2025-11-21,9:34:56.495680543,T,KO,,100,71.93
2025-11-21,9:34:56.495800841,T,KO,,100,71.93
2025-11-21,9:34:56.495957298,T,KO,,100,71.93
2025-11-21,9:34:56.661859551,T,KO,F,142,71.92
2025-11-21,9:34:56.661862788,T,KO,F I,55,71.92
2025-11-21,9:34:56.661866250,T,KO,F,100,71.92
2025-11-21,9:34:56.661866250,T,KO,F,295,71.92
2025-11-21,9:34:56.661871267,T,KO,F I,2,71.92
2025-11-21,9:34:56.662734316,T,KO,,100,71.92
2025-11-21,9:34:56.994244692,T,KO,F I,96,71.94
2025-11-21,9:34:56.994250534,T,KO,,180,71.94
2025-11-21,9:34:56.994448468,T,KO,F,120,71.94
2025-11-21,9:34:57.001546087,T,KO,,100,71.94
2025-11-21,9:34:57.001549074,T,KO,I,80,71.94
2025-11-21,9:34:57.001551336,T,KO,I,25,71.94
2025-11-21,9:34:57.002275998,T,KO,I,23,71.94
2025-11-21,9:34:57.307776720,T,KO,F,100,71.93
2025-11-21,9:34:57.994472035,T,KO,F,100,71.94
2025-11-21,9:34:57.994472035,T,KO,F,300,71.94
2025-11-21,9:34:57.994474252,T,KO,F I,25,71.94
2025-11-21,9:34:57.994495459,T,KO,,180,71.94
2025-11-21,9:34:58.019280274,T,KO,,100,71.94
2025-11-21,9:34:58.019292291,T,KO,I,50,71.94
2025-11-21,9:34:58.019346445,T,KO,I,25,71.94
2025-11-21,9:34:58.019382508,T,KO,I,2,71.94
2025-11-21,9:34:58.019502792,T,KO,F I,98,71.94
2025-11-21,9:34:58.019544898,T,KO,I,45,71.94
2025-11-21,9:34:58.019595979,T,KO,I,55,71.94
2025-11-21,9:34:58.019599284,T,KO,I,2,71.94
2025-11-21,9:34:58.019599284,T,KO,I,98,71.94
2025-11-21,9:34:58.019893798,T,KO,I,42,71.94
2025-11-21,9:34:58.019896889,T,KO,I,15,71.94
2025-11-21,9:34:58.019896889,T,KO,,102,71.94
2025-11-21,9:35:00.370983334,T,KO,F,100,71.92
2025-11-21,9:35:00.370986313,T,KO,F I,35,71.92
2025-11-21,9:35:00.370989895,T,KO,F I,50,71.92
2025-11-21,9:35:00.704805447,T,KO,F I,9,71.9
2025-11-21,9:35:00.704805447,T,KO,F I,46,71.9
2025-11-21,9:35:01.159822608,T,KO,F,100,71.88
2025-11-21,9:35:01.159826138,T,KO,F,100,71.88
2025-11-21,9:35:01.159829818,T,KO,F I,50,71.88
2025-11-21,9:35:01.159829818,T,KO,F,100,71.88
2025-11-21,9:35:01.159834223,T,KO,F I,45,71.88
2025-11-21,9:35:01.159834223,T,KO,F I,5,71.88
2025-11-21,9:35:01.159837130,T,KO,F I,20,71.88
2025-11-21,9:35:01.159840365,T,KO,I,1,71.88
2025-11-21,9:35:01.159843825,T,KO,I,20,71.88
2025-11-21,9:35:01.159873617,T,KO,I,79,71.88
2025-11-21,9:35:01.159873617,T,KO,I,24,71.88
2025-11-21,9:35:01.159894267,T,KO,I,76,71.88
2025-11-21,9:35:01.159894267,T,KO,I,23,71.88
2025-11-21,9:35:01.294380848,T,KO,F,210,71.89
2025-11-21,9:35:01.294380848,T,KO,F I,77,71.88
2025-11-21,9:35:01.294383666,T,KO,F I,13,71.88
2025-11-21,9:35:01.294392675,T,KO,F I,77,71.88
2025-11-21,9:35:01.294654259,T,KO,F,165,71.89
2025-11-21,9:35:01.310896767,T,KO,F,165,71.89
2025-11-21,9:35:01.310899017,T,KO,F,200,71.89
2025-11-21,9:35:01.310902510,T,KO,F I,4,71.89
2025-11-21,9:35:01.310902510,T,KO,F I,8,71.89
2025-11-21,9:35:01.347393896,T,KO,F,210,71.895
2025-11-21,9:35:01.347396860,T,KO,F,167,71.89
2025-11-21,9:35:01.378088015,T,KO,F,210,71.895
2025-11-21,9:35:01.378088015,T,KO,F,167,71.89
2025-11-21,9:35:03.338619191,T,KO,,210,71.9
2025-11-21,9:35:03.702738426,T,KO,F,110,71.9
2025-11-21,9:35:11.399666359,T,KO,I,4,71.935
2025-11-21,9:35:15.056020734,T,KO,F I,50,71.95
2025-11-21,9:35:15.056024033,T,KO,F I,10,71.95
2025-11-21,9:35:15.056360591,T,KO,I,60,71.95
2025-11-21,9:35:15.057942291,T,KO,I,40,71.95
2025-11-21,9:35:15.080426803,T,KO,F I,50,71.95
2025-11-21,9:35:15.104102200,T,KO,,100,71.95
2025-11-21,9:35:15.106640283,T,KO,,100,71.95
2025-11-21,9:35:15.185764705,T,KO,I,73,71.95
2025-11-21,9:35:15.185767659,T,KO,I,17,71.95
2025-11-21,9:35:15.185785717,T,KO,I,1,71.95
2025-11-21,9:35:15.186874294,T,KO,I,38,71.95
2025-11-21,9:35:16.713881341,T,KO,F I,50,71.94
2025-11-21,9:35:16.713884210,T,KO,F I,54,71.94
2025-11-21,9:35:16.713887580,T,KO,F,100,71.94
2025-11-21,9:35:16.713887580,T,KO,F,134,71.94
2025-11-21,9:35:17.178559875,T,KO,,100,71.94
2025-11-21,9:35:17.237358943,T,KO,F,290,71.94
2025-11-21,9:35:17.466306229,T,KO,I,50,71.94
2025-11-21,9:35:17.466330316,T,KO,,100,71.94
2025-11-21,9:35:21.749801286,T,KO,I,50,71.95
2025-11-21,9:35:21.752967858,T,KO,F I,50,71.95
2025-11-21,9:35:21.752985853,T,KO,F,150,71.95
2025-11-21,9:35:21.753003948,T,KO,I,1,71.95
2025-11-21,9:35:21.987273927,T,KO,,100,71.945
2025-11-21,9:35:21.994758707,T,KO,,100,71.945
2025-11-21,9:35:21.994761672,T,KO,,100,71.94
2025-11-21,9:35:21.994764691,T,KO,I,50,71.94
2025-11-21,9:35:21.994786540,T,KO,F I,50,71.94
2025-11-21,9:35:21.994789294,T,KO,F I,50,71.94
2025-11-21,9:35:22.006889609,T,KO,,100,71.935
2025-11-21,9:35:22.007632631,T,KO,,100,71.94
2025-11-21,9:35:22.007632631,T,KO,,110,71.94
2025-11-21,9:35:22.350908905,T,KO,I,50,71.95
2025-11-21,9:35:22.805844739,T,KO,F,100,71.96
2025-11-21,9:35:22.805844739,T,KO,F,277,71.96
2025-11-21,9:35:22.805850523,T,KO,F I,23,71.96
2025-11-21,9:35:22.805850523,T,KO,F I,5,71.96
2025-11-21,9:35:22.805853494,T,KO,F I,2,71.96
2025-11-21,9:35:22.806301564,T,KO,F,152,71.96
2025-11-21,9:35:22.806331604,T,KO,,148,71.96
2025-11-21,9:35:22.806770720,T,KO,F,100,71.96
2025-11-21,9:35:22.806794820,T,KO,I,1,71.96
2025-11-21,9:35:22.806798577,T,KO,I,49,71.96
2025-11-21,9:35:22.806801129,T,KO,I,50,71.96
2025-11-21,9:35:22.806803785,T,KO,,110,71.96
2025-11-21,9:35:22.806902936,T,KO,,100,71.96
2025-11-21,9:35:22.807107512,T,KO,F I,50,71.96
2025-11-21,9:35:22.808677217,T,KO,F,100,71.96
2025-11-21,9:35:22.808677217,T,KO,F I,80,71.96
2025-11-21,9:35:23.346851018,T,KO,F I,20,71.96
2025-11-21,9:35:23.347199812,T,KO,F,100,71.96
2025-11-21,9:35:23.347287046,T,KO,F,100,71.96
2025-11-21,9:35:23.347290499,T,KO,F,100,71.96
2025-11-21,9:35:23.377578128,T,KO,,100,71.96
2025-11-21,9:35:23.377581183,T,KO,,218,71.96
2025-11-21,9:35:23.377581183,T,KO,I,82,71.96
2025-11-21,9:35:24.633558576,T,KO,F,100,71.96
2025-11-21,9:35:25.275344320,T,KO,F,255,71.95
2025-11-21,9:35:25.275347109,T,KO,F I,6,71.95
2025-11-21,9:35:26.006926480,T,KO,F,100,71.94
2025-11-21,9:35:28.878405724,T,KO,,100,71.945
2025-11-21,9:35:28.878405724,T,KO,,110,71.945
2025-11-21,9:35:29.471598313,T,KO,,100,71.945
2025-11-21,9:35:29.479245629,T,KO,,100,71.945
2025-11-21,9:35:29.479248614,T,KO,I,10,71.945
2025-11-21,9:35:29.479272608,T,KO,,100,71.945
2025-11-21,9:35:29.481795805,T,KO,,290,71.945
2025-11-21,9:35:29.481795805,T,KO,I,7,71.945
2025-11-21,9:35:35.094907436,T,KO,F I,3,71.95
2025-11-21,9:35:35.779238442,T,KO,I,72,71.98
2025-11-21,9:35:35.779244318,T,KO,F I,38,71.98
2025-11-21,9:35:35.779259404,T,KO,F I,62,71.98
2025-11-21,9:35:35.866301726,T,KO,I,10,71.99
2025-11-21,9:35:36.095937634,T,KO,,1200,71.98
2025-11-21,9:35:36.096229396,T,KO,F,100,71.98
2025-11-21,9:35:36.096743626,T,KO,,100,71.98
2025-11-21,9:35:36.098187082,T,KO,,110,71.965
2025-11-21,9:35:36.283569527,T,KO,F I,25,71.95
2025-11-21,9:35:36.283572549,T,KO,F,300,71.95
2025-11-21,9:35:36.283575835,T,KO,F I,50,71.95
2025-11-21,9:35:36.283580085,T,KO,F,100,71.95
2025-11-21,9:35:36.283586293,T,KO,F,100,71.95
2025-11-21,9:35:36.283586293,T,KO,F I,80,71.95
2025-11-21,9:35:36.284931864,T,KO,F I,1,71.94
2025-11-21,9:35:36.284952831,T,KO,F I,99,71.94
2025-11-21,9:35:36.285876008,T,KO,F,100,71.93
2025-11-21,9:35:36.285879072,T,KO,F,100,71.93
2025-11-21,9:35:36.668883229,T,KO,,100,71.93
2025-11-21,9:35:39.654947062,T,KO,,100,71.92
2025-11-21,9:35:39.654947062,T,KO,I,15,71.92
2025-11-21,9:35:39.654950115,T,KO,I,24,71.92
2025-11-21,9:35:39.654998710,T,KO,,100,71.92
2025-11-21,9:35:39.654998710,T,KO,I,2,71.92
2025-11-21,9:35:39.655013293,T,KO,I,1,71.92
2025-11-21,9:35:39.655013293,T,KO,F I,99,71.92
2025-11-21,9:35:39.655016248,T,KO,F I,74,71.92
2025-11-21,9:35:39.655022290,T,KO,F,100,71.92
2025-11-21,9:35:39.655022290,T,KO,F I,77,71.92
2025-11-21,9:35:39.655025316,T,KO,F I,47,71.92
2025-11-21,9:35:39.656622129,T,KO,,100,71.92
2025-11-21,9:35:45.758114983,T,KO,F I,2,71.9
2025-11-21,9:35:45.759362915,T,KO,F,100,71.89
2025-11-21,9:35:45.759381161,T,KO,F I,10,71.89
2025-11-21,9:35:45.759384007,T,KO,I,1,71.89
2025-11-21,9:35:45.759393040,T,KO,F I,89,71.89
2025-11-21,9:35:45.943578692,T,KO,F I,10,71.88
2025-11-21,9:35:45.943578692,T,KO,F,100,71.88
2025-11-21,9:35:45.943581733,T,KO,F I,11,71.88
2025-11-21,9:35:45.943611738,T,KO,F I,79,71.88
2025-11-21,9:35:45.956235838,T,KO,,200,71.87
2025-11-21,9:35:46.999504686,T,KO,F I,25,71.86
2025-11-21,9:35:46.999504686,T,KO,F,300,71.86
2025-11-21,9:35:46.999507647,T,KO,F,100,71.86
2025-11-21,9:35:47.048404064,T,KO,F,219,71.86
2025-11-21,9:35:50.298439744,T,KO,F I,48,71.87
2025-11-21,9:35:50.298448751,T,KO,F I,5,71.87
2025-11-21,9:35:50.298448751,T,KO,F,100,71.87
2025-11-21,9:35:50.311541841,T,KO,I,90,71.86
2025-11-21,9:35:50.311551789,T,KO,I,25,71.86
2025-11-21,9:35:50.311554456,T,KO,,300,71.86
2025-11-21,9:35:50.311556899,T,KO,I,50,71.86
2025-11-21,9:35:50.311556899,T,KO,,107,71.86
2025-11-21,9:35:50.481106695,T,KO,,100,71.86
2025-11-21,9:35:50.481136886,T,KO,I,1,71.86
2025-11-21,9:35:50.481136886,T,KO,F I,13,71.86
2025-11-21,9:35:50.481140298,T,KO,F I,1,71.86
2025-11-21,9:35:50.481140298,T,KO,F I,90,71.86
2025-11-21,9:35:52.636463117,T,KO,,210,71.9
2025-11-21,9:35:56.840535970,T,KO,,110,71.9
2025-11-21,9:35:56.840602042,T,KO,,100,71.9
2025-11-21,9:35:58.093527136,T,KO,F,300,71.89
2025-11-21,9:35:58.093527136,T,KO,F I,25,71.89
2025-11-21,9:35:58.093551661,T,KO,I,1,71.89
2025-11-21,9:35:58.169172313,T,KO,,100,71.9
2025-11-21,9:35:58.169857919,T,KO,,100,71.91
2025-11-21,9:36:02.199783006,T,KO,F I,2,71.9
2025-11-21,9:36:02.212446161,T,KO,,210,71.89
2025-11-21,9:36:02.347606405,T,KO,F I,1,71.9
2025-11-21,9:36:02.347606405,T,KO,F I,3,71.9
2025-11-21,9:36:02.347606405,T,KO,F I,25,71.9
2025-11-21,9:36:02.420652982,T,KO,F I,50,71.92
2025-11-21,9:36:02.420656076,T,KO,F,270,71.92
2025-11-21,9:36:02.420674124,T,KO,I,1,71.92
2025-11-21,9:36:02.573925049,T,KO,F I,25,71.91
2025-11-21,9:36:03.709534786,T,KO,,300,71.9
2025-11-21,9:36:03.709534786,T,KO,I,25,71.9
2025-11-21,9:36:03.716237658,T,KO,F,325,71.9
2025-11-21,9:36:03.726428994,T,KO,F,210,71.9
2025-11-21,9:36:03.726435759,T,KO,F,180,71.9
2025-11-21,9:36:03.726435759,T,KO,F,100,71.89
2025-11-21,9:36:03.726438008,T,KO,F,100,71.89
2025-11-21,9:36:03.726441086,T,KO,F I,84,71.89
2025-11-21,9:36:03.726441086,T,KO,F I,96,71.89
2025-11-21,9:36:03.726443968,T,KO,F I,30,71.89
2025-11-21,9:36:03.726447033,T,KO,F I,5,71.89
2025-11-21,9:36:03.726450634,T,KO,I,1,71.89
2025-11-21,9:36:03.726463247,T,KO,F,179,71.9
2025-11-21,9:36:03.726467983,T,KO,F I,96,71.9
2025-11-21,9:36:03.757574132,T,KO,F I,70,71.9
2025-11-21,9:36:03.786319604,T,KO,F I,40,71.9
2025-11-21,9:36:03.786376720,T,KO,F I,1,71.9
2025-11-21,9:36:03.800414157,T,KO,F I,1,71.9
2025-11-21,9:36:03.859667272,T,KO,,100,71.9
2025-11-21,9:36:03.859718393,T,KO,F,100,71.9
2025-11-21,9:36:03.859730419,T,KO,F I,56,71.9
2025-11-21,9:36:03.859739600,T,KO,F I,44,71.9
2025-11-21,9:36:03.859742460,T,KO,F I,1,71.9
2025-11-21,9:36:03.867930993,T,KO,I,50,71.92
2025-11-21,9:36:03.867933939,T,KO,,105,71.92
2025-11-21,9:36:03.909742516,T,KO,F I,2,71.93
2025-11-21,9:36:03.909745734,T,KO,F I,12,71.93
2025-11-21,9:36:03.909745734,T,KO,F I,79,71.93
2025-11-21,9:36:03.909808952,T,KO,I,92,71.93
2025-11-21,9:36:04.277684696,T,KO,F I,1,71.92
2025-11-21,9:36:04.277684696,T,KO,F,100,71.92
2025-11-21,9:36:04.277687238,T,KO,F I,50,71.92
2025-11-21,9:36:04.934616490,T,KO,F I,25,71.93
2025-11-21,9:36:04.934703626,T,KO,,160,71.93
2025-11-21,9:36:06.200424320,T,KO,F I,50,71.92
2025-11-21,9:36:07.676071731,T,KO,F I,90,71.93
2025-11-21,9:36:07.676074796,T,KO,F,100,71.93
2025-11-21,9:36:07.684278618,T,KO,F I,50,71.93
2025-11-21,9:36:07.684284591,T,KO,F,300,71.93
2025-11-21,9:36:07.684284591,T,KO,F I,50,71.93
2025-11-21,9:36:07.684287577,T,KO,F I,25,71.93
2025-11-21,9:36:07.684290395,T,KO,F I,33,71.93
2025-11-21,9:36:07.684290395,T,KO,F I,36,71.93
2025-11-21,9:36:07.684294186,T,KO,F,100,71.93
2025-11-21,9:36:07.684294186,T,KO,F I,6,71.93
2025-11-21,9:36:07.684296282,T,KO,F I,94,71.93
2025-11-21,9:36:07.684831693,T,KO,,100,71.93
2025-11-21,9:36:07.684837606,T,KO,,100,71.93
2025-11-21,9:36:08.576028177,T,KO,F I,1,71.94
2025-11-21,9:36:08.578475970,T,KO,F I,21,71.94
2025-11-21,9:36:08.578478957,T,KO,F I,50,71.94
2025-11-21,9:36:08.578752683,T,KO,I,21,71.94
2025-11-21,9:36:08.578762163,T,KO,I,50,71.94
2025-11-21,9:36:08.578839859,T,KO,,100,71.94
2025-11-21,9:36:08.578972191,T,KO,,100,71.94
2025-11-21,9:36:08.579014200,T,KO,I,79,71.94
2025-11-21,9:36:08.579041365,T,KO,I,21,71.94
2025-11-21,9:36:08.579041365,T,KO,I,30,71.94
2025-11-21,9:36:08.579438830,T,KO,F,100,71.94
2025-11-21,9:36:08.579441299,T,KO,F,100,71.94
2025-11-21,9:36:08.579444774,T,KO,F,100,71.94
2025-11-21,9:36:08.579444774,T,KO,F,100,71.94
2025-11-21,9:36:08.682804273,T,KO,F I,45,71.96
2025-11-21,9:36:08.682806708,T,KO,F,100,71.96
2025-11-21,9:36:08.682824523,T,KO,,144,71.96
2025-11-21,9:36:08.682828036,T,KO,I,1,71.96
2025-11-21,9:36:08.682830533,T,KO,I,35,71.96
2025-11-21,9:36:08.682975924,T,KO,F I,84,71.95
2025-11-21,9:36:08.682975924,T,KO,F,100,71.95
2025-11-21,9:36:08.682977986,T,KO,F,100,71.95
2025-11-21,9:36:08.682980886,T,KO,F,100,71.95
2025-11-21,9:36:08.682984372,T,KO,F,179,71.95
2025-11-21,9:36:08.682984372,T,KO,F I,96,71.95
2025-11-21,9:36:08.683001886,T,KO,I,1,71.95
2025-11-21,9:36:08.683005173,T,KO,F I,49,71.95
2025-11-21,9:36:08.683005173,T,KO,F,300,71.95
2025-11-21,9:36:08.683007946,T,KO,F I,25,71.95
2025-11-21,9:36:08.683447014,T,KO,,300,71.94
2025-11-21,9:36:08.683447014,T,KO,I,90,71.94
2025-11-21,9:36:08.683451307,T,KO,,100,71.94
2025-11-21,9:36:08.683451307,T,KO,,100,71.94
2025-11-21,9:36:08.683451307,T,KO,,100,71.94
2025-11-21,9:36:08.683459396,T,KO,,100,71.95
2025-11-21,9:36:08.683461992,T,KO,I,89,71.95
2025-11-21,9:36:08.683619185,T,KO,I,84,71.94
2025-11-21,9:36:08.683621442,T,KO,I,59,71.94
2025-11-21,9:36:08.683648912,T,KO,,100,71.94
2025-11-21,9:36:08.684439298,T,KO,F,100,71.94
2025-11-21,9:36:08.684481661,T,KO,,100,71.94
2025-11-21,9:36:08.684484473,T,KO,I,28,71.94
2025-11-21,9:36:08.699962343,T,KO,F I,80,71.93
2025-11-21,9:36:08.699962343,T,KO,F,100,71.93
2025-11-21,9:36:08.699965351,T,KO,F I,8,71.93
2025-11-21,9:36:08.702118770,T,KO,F,127,71.93
2025-11-21,9:36:08.702118770,T,KO,F I,30,71.93
2025-11-21,9:36:08.702121479,T,KO,F,126,71.93
2025-11-21,9:36:08.702124418,T,KO,F,372,71.93
2025-11-21,9:36:08.702455347,T,KO,F,100,71.93
2025-11-21,9:36:08.702458256,T,KO,F,100,71.93
2025-11-21,9:36:08.702476485,T,KO,F I,50,71.93
2025-11-21,9:36:08.702476485,T,KO,F,100,71.93
2025-11-21,9:36:08.702479417,T,KO,F I,1,71.93
2025-11-21,9:36:08.702753052,T,KO,F,126,71.93
2025-11-21,9:36:08.702888333,T,KO,F,100,71.93
2025-11-21,9:36:08.702888333,T,KO,F I,1,71.93
2025-11-21,9:36:08.703640048,T,KO,,100,71.93
2025-11-21,9:36:08.718600707,T,KO,F I,16,71.93
2025-11-21,9:36:08.718600707,T,KO,F I,50,71.93
2025-11-21,9:36:08.722955093,T,KO,I,1,71.93
2025-11-21,9:36:08.722994121,T,KO,,100,71.93
2025-11-21,9:36:08.766546946,T,KO,F I,50,71.94
2025-11-21,9:36:09.210891535,T,KO,I,50,71.94
2025-11-21,9:36:09.210891535,T,KO,I,1,71.94
2025-11-21,9:36:09.312458206,T,KO,I,84,71.95
2025-11-21,9:36:09.312461186,T,KO,,105,71.95
2025-11-21,9:36:09.312464120,T,KO,,300,71.95
2025-11-21,9:36:09.312464120,T,KO,I,25,71.95
2025-11-21,9:36:09.312467142,T,KO,I,50,71.95
2025-11-21,9:36:09.824021481,T,KO,F I,40,71.95
2025-11-21,9:36:09.910002281,T,KO,F,200,71.94
2025-11-21,9:36:10.650570077,T,KO,F I,79,71.95
2025-11-21,9:36:11.183787998,T,KO,F,145,71.94
2025-11-21,9:36:11.183787998,T,KO,F I,50,71.94
2025-11-21,9:36:11.183806357,T,KO,I,1,71.94
2025-11-21,9:36:13.236570125,T,KO,F I,50,71.93
2025-11-21,9:36:20.385448522,T,KO,I,30,71.96
2025-11-21,9:36:20.447762905,T,KO,I,10,71.96
2025-11-21,9:36:22.359611336,T,KO,F,100,71.95
2025-11-21,9:36:22.359615314,T,KO,F,100,71.95
2025-11-21,9:36:22.359615314,T,KO,F,100,71.95
2025-11-21,9:36:22.359618283,T,KO,F I,2,71.95
2025-11-21,9:36:22.359630125,T,KO,F,100,71.95
2025-11-21,9:36:23.564042940,T,KO,,300,71.96
2025-11-21,9:36:23.564042940,T,KO,I,25,71.96
2025-11-21,9:36:24.749559405,T,KO,F I,50,71.96
2025-11-21,9:36:24.784108681,T,KO,F I,50,71.95
2025-11-21,9:36:25.610828780,T,KO,,110,71.94
2025-11-21,9:36:29.986153610,T,KO,F I,1,71.95
2025-11-21,9:36:36.349919288,T,KO,F I,7,71.96
2025-11-21,9:36:37.995014430,T,KO,I,50,71.95
2025-11-21,9:36:37.995017462,T,KO,,200,71.95
2025-11-21,9:36:37.995017462,T,KO,I,2,71.95
2025-11-21,9:36:37.995516759,T,KO,,100,71.95
2025-11-21,9:36:37.995573818,T,KO,F,100,71.95
2025-11-21,9:36:37.996317411,T,KO,,100,71.95
2025-11-21,9:36:37.996319546,T,KO,I,1,71.95
2025-11-21,9:36:37.996322653,T,KO,,300,71.95
2025-11-21,9:36:38.020885053,T,KO,F I,1,71.95
2025-11-21,9:36:38.052613772,T,KO,F,200,71.94
2025-11-21,9:36:38.052613772,T,KO,F I,50,71.94
2025-11-21,9:36:38.052616640,T,KO,F,250,71.94
2025-11-21,9:36:38.052629035,T,KO,I,1,71.94
2025-11-21,9:36:38.053795428,T,KO,F I,75,71.94
2025-11-21,9:36:38.076039522,T,KO,F,110,71.945
2025-11-21,9:36:38.076039522,T,KO,F,290,71.94
2025-11-21,9:36:38.076051493,T,KO,F I,10,71.94
2025-11-21,9:36:38.095228168,T,KO,F,100,71.945
2025-11-21,9:36:38.095243236,T,KO,F I,10,71.945
2025-11-21,9:36:40.287314179,T,KO,F I,10,71.94
2025-11-21,9:36:40.287317061,T,KO,F I,39,71.94
2025-11-21,9:36:40.287317061,T,KO,F I,13,71.94
2025-11-21,9:36:40.316829385,T,KO,F,110,71.935
2025-11-21,9:36:40.316829385,T,KO,F I,90,71.93
2025-11-21,9:36:40.316844435,T,KO,F I,30,71.93
2025-11-21,9:36:40.337614909,T,KO,F I,53,71.935
2025-11-21,9:36:40.365509382,T,KO,F I,6,71.935
2025-11-21,9:36:41.608823550,T,KO,F,100,71.93
2025-11-21,9:36:41.608842336,T,KO,F I,24,71.93
2025-11-21,9:36:41.608845316,T,KO,I,1,71.93
2025-11-21,9:36:41.608850761,T,KO,F I,75,71.93
2025-11-21,9:36:45.195529023,T,KO,F I,2,71.925
2025-11-21,9:36:46.540253627,T,KO,F,100,71.91
2025-11-21,9:36:46.545398923,T,KO,F,100,71.9
2025-11-21,9:36:46.545398923,T,KO,F I,41,71.9
2025-11-21,9:36:46.545402159,T,KO,F I,7,71.9
2025-11-21,9:36:46.545413958,T,KO,I,1,71.9
2025-11-21,9:36:46.545428955,T,KO,I,1,71.9
2025-11-21,9:36:46.545453040,T,KO,F I,91,71.9
2025-11-21,9:36:46.551737973,T,KO,F I,2,71.9
2025-11-21,9:36:46.551810184,T,KO,F,100,71.9
2025-11-21,9:36:46.551933517,T,KO,F I,50,71.9
2025-11-21,9:36:46.552441747,T,KO,I,50,71.9
2025-11-21,9:36:46.552799630,T,KO,F,100,71.9
2025-11-21,9:36:46.552799630,T,KO,F I,1,71.9
2025-11-21,9:36:46.560885784,T,KO,F,100,71.905
2025-11-21,9:36:46.560900801,T,KO,F I,80,71.905
2025-11-21,9:36:46.577551485,T,KO,F I,20,71.9
2025-11-21,9:36:46.591631012,T,KO,F I,2,71.9
2025-11-21,9:36:49.721921557,T,KO,F I,83,71.9
2025-11-21,9:36:49.721924542,T,KO,F I,2,71.9
2025-11-21,9:36:49.724354418,T,KO,,100,71.9
2025-11-21,9:36:49.833424149,T,KO,F I,29,71.895
2025-11-21,9:36:49.850859623,T,KO,F I,15,71.895
2025-11-21,9:36:49.880065176,T,KO,F I,2,71.895
2025-11-21,9:36:49.903851819,T,KO,F I,2,71.895
2025-11-21,9:36:51.346381493,T,KO,I,25,71.9
2025-11-21,9:36:52.115490181,T,KO,,100,71.905
2025-11-21,9:36:52.759263874,T,KO,F,1000,71.92
2025-11-21,9:36:52.759759868,T,KO,I,25,71.92
2025-11-21,9:36:52.759759868,T,KO,I,6,71.92
2025-11-21,9:36:52.760523540,T,KO,F I,66,71.91
2025-11-21,9:36:52.760553599,T,KO,I,1,71.91
2025-11-21,9:36:52.760980695,T,KO,F I,12,71.91
2025-11-21,9:36:52.760980695,T,KO,F,100,71.91
2025-11-21,9:36:52.761023238,T,KO,I,98,71.91
2025-11-21,9:36:52.761043680,T,KO,I,1,71.91
2025-11-21,9:36:52.761065118,T,KO,I,1,71.91
2025-11-21,9:36:52.761065118,T,KO,I,23,71.91
2025-11-21,9:36:52.761094848,T,KO,I,18,71.91
2025-11-21,9:36:52.761218090,T,KO,F,100,71.91
2025-11-21,9:36:52.761401604,T,KO,F I,50,71.91
2025-11-21,9:36:52.761404551,T,KO,F,100,71.91
2025-11-21,9:36:52.761657165,T,KO,F I,1,71.91
2025-11-21,9:36:52.761898147,T,KO,,100,71.91
2025-11-21,9:36:52.761900851,T,KO,I,50,71.91
2025-11-21,9:36:52.784081536,T,KO,F,300,71.9
2025-11-21,9:36:52.784085213,T,KO,F I,20,71.9
2025-11-21,9:36:52.784102681,T,KO,I,1,71.9
2025-11-21,9:36:52.784391311,T,KO,,300,71.9
2025-11-21,9:36:52.784758219,T,KO,F,100,71.9
2025-11-21,9:36:52.784782753,T,KO,,100,71.9
2025-11-21,9:36:52.802470331,T,KO,F I,10,71.9
2025-11-21,9:36:52.802470331,T,KO,F I,50,71.9
2025-11-21,9:36:52.802473414,T,KO,F I,67,71.9
2025-11-21,9:36:52.803014683,T,KO,,194,71.91
2025-11-21,9:36:52.820035271,T,KO,F I,40,71.91
2025-11-21,9:36:52.821502820,T,KO,F I,10,71.91
2025-11-21,9:36:52.821505963,T,KO,F,194,71.91
2025-11-21,9:36:52.821505963,T,KO,F,100,71.91
2025-11-21,9:36:52.821509090,T,KO,F I,43,71.91
2025-11-21,9:36:52.858337440,T,KO,,100,71.91
2025-11-21,9:36:53.749287455,T,KO,I,79,71.92
2025-11-21,9:36:55.189817366,T,KO,F I,78,71.9
2025-11-21,9:36:55.190124202,T,KO,I,22,71.9
2025-11-21,9:36:55.190124202,T,KO,I,69,71.9
2025-11-21,9:36:55.191017231,T,KO,,194,71.91
2025-11-21,9:36:55.191020552,T,KO,I,50,71.91
2025-11-21,9:36:55.191020552,T,KO,,300,71.91
2025-11-21,9:36:55.202239929,T,KO,F,100,71.9
2025-11-21,9:36:55.202239929,T,KO,F,168,71.9
2025-11-21,9:36:55.216448743,T,KO,F I,27,71.9
2025-11-21,9:36:55.228029364,T,KO,F I,3,71.905
2025-11-21,9:36:55.251702589,T,KO,I,28,71.91
2025-11-21,9:36:55.251702589,T,KO,I,50,71.91
2025-11-21,9:36:55.272249687,T,KO,F I,1,71.91
2025-11-21,9:36:55.272249687,T,KO,F I,20,71.91
2025-11-21,9:36:55.283776112,T,KO,F I,2,71.91
2025-11-21,9:36:59.873490414,T,KO,F I,1,71.91
2025-11-21,9:36:59.874133963,T,KO,F I,77,71.91
2025-11-21,9:36:59.896371849,T,KO,F I,17,71.91
2025-11-21,9:36:59.920206672,T,KO,F I,2,71.91
2025-11-21,9:37:00.085681712,T,KO,,100,71.91
2025-11-21,9:37:00.085699788,T,KO,I,1,71.91
2025-11-21,9:37:00.085714805,T,KO,I,1,71.91
2025-11-21,9:37:03.516643225,T,KO,I,72,71.915
2025-11-21,9:37:03.516775619,T,KO,F I,45,71.91
2025-11-21,9:37:03.852615375,T,KO,I,77,71.91
2025-11-21,9:37:03.917982139,T,KO,I,44,71.92
2025-11-21,9:37:03.969951940,T,KO,F I,74,71.92
2025-11-21,9:37:06.561674632,T,KO,I,1,71.93
2025-11-21,9:37:06.561689672,T,KO,F I,73,71.93
2025-11-21,9:37:06.561710674,T,KO,I,2,71.93
2025-11-21,9:37:07.975783609,T,KO,F,100,71.92
2025-11-21,9:37:08.001479788,T,KO,I,53,71.91
2025-11-21,9:37:08.001479788,T,KO,,200,71.91
2025-11-21,9:37:08.001482922,T,KO,,100,71.91
2025-11-21,9:37:17.251339094,T,KO,I,4,71.93
2025-11-21,9:37:17.251796149,T,KO,I,4,71.94
2025-11-21,9:37:17.251799555,T,KO,I,25,71.94
2025-11-21,9:37:17.252421796,T,KO,,199,71.93
2025-11-21,9:37:17.252421796,T,KO,I,92,71.93
2025-11-21,9:37:17.252425074,T,KO,I,79,71.93
2025-11-21,9:37:17.271237502,T,KO,F I,79,71.93
2025-11-21,9:37:17.271240554,T,KO,F,199,71.93
2025-11-21,9:37:17.271240554,T,KO,F,114,71.93
2025-11-21,9:37:17.271273550,T,KO,I,15,71.93
2025-11-21,9:37:17.446440702,T,KO,I,21,71.93
2025-11-21,9:37:17.446459385,T,KO,F I,58,71.93
2025-11-21,9:37:17.446461783,T,KO,F I,2,71.93
2025-11-21,9:37:17.446465541,T,KO,F I,25,71.93
2025-11-21,9:37:17.768824268,T,KO,I,21,71.94
2025-11-21,9:37:17.768826612,T,KO,I,23,71.94
2025-11-21,9:37:17.768922768,T,KO,F,199,71.93
2025-11-21,9:37:17.809853264,T,KO,I,99,71.93
2025-11-21,9:37:17.809871358,T,KO,I,1,71.93
2025-11-21,9:37:17.810174995,T,KO,I,79,71.93
2025-11-21,9:37:17.810178245,T,KO,,199,71.93
2025-11-21,9:37:17.810178245,T,KO,I,35,71.93
2025-11-21,9:37:18.348411904,T,KO,F I,79,71.94
2025-11-21,9:37:18.745772304,T,KO,F I,50,71.93
2025-11-21,9:37:18.745775693,T,KO,F,100,71.93
2025-11-21,9:37:18.755858341,T,KO,,100,71.92
2025-11-21,9:37:18.756946961,T,KO,F,179,71.91
2025-11-21,9:37:23.813360766,T,KO,,110,71.935
2025-11-21,9:37:24.332860203,T,KO,,110,71.935
2025-11-21,9:37:32.579797913,T,KO,F I,37,71.91
2025-11-21,9:37:32.579815892,T,KO,F I,43,71.91
2025-11-21,9:37:37.440990250,T,KO,,182,71.95
2025-11-21,9:37:37.440993044,T,KO,F,118,71.95
2025-11-21,9:37:37.440993044,T,KO,F I,3,71.95
2025-11-21,9:37:37.440996064,T,KO,F I,25,71.95
2025-11-21,9:37:37.440996064,T,KO,F,100,71.95
2025-11-21,9:37:45.005088162,T,KO,I,15,71.95
2025-11-21,9:37:45.035153769,T,KO,,100,71.96
2025-11-21,9:37:45.035177772,T,KO,I,1,71.96
2025-11-21,9:37:45.937125293,T,KO,F,100,71.95
2025-11-21,9:37:45.937128334,T,KO,F I,25,71.95
2025-11-21,9:37:45.937134143,T,KO,F I,60,71.95
2025-11-21,9:37:45.937143485,T,KO,F,240,71.95
2025-11-21,9:37:45.937146073,T,KO,F I,50,71.95
2025-11-21,9:37:46.229857201,T,KO,I,4,71.95
2025-11-21,9:37:48.189688892,T,KO,F I,1,71.95
2025-11-21,9:37:48.189691591,T,KO,F,100,71.95
2025-11-21,9:37:48.189693966,T,KO,F,220,71.95
2025-11-21,9:37:48.189699898,T,KO,F,232,71.95
2025-11-21,9:37:48.189703220,T,KO,F,200,71.95
2025-11-21,9:37:48.189703220,T,KO,F I,2,71.95
2025-11-21,9:37:48.189708936,T,KO,F I,25,71.95
2025-11-21,9:37:48.189708936,T,KO,F I,50,71.95
2025-11-21,9:37:48.189708936,T,KO,F,180,71.95
2025-11-21,9:37:48.340999247,T,KO,I,7,71.95
2025-11-21,9:37:48.358019784,T,KO,I,17,71.95
2025-11-21,9:37:49.147300677,T,KO,F I,25,71.96
2025-11-21,9:37:49.787964523,T,KO,F I,1,71.96
2025-11-21,9:37:49.787967487,T,KO,F I,98,71.96
2025-11-21,9:37:52.572136583,T,KO,F,100,71.96
2025-11-21,9:37:52.572136583,T,KO,F,100,71.96
2025-11-21,9:37:53.598742657,T,KO,F I,31,71.97
2025-11-21,9:37:58.175781878,T,KO,F,200,71.96
2025-11-21,9:37:58.175784903,T,KO,F,196,71.96
2025-11-21,9:37:58.175787824,T,KO,F I,61,71.96
2025-11-21,9:38:01.340732921,T,KO,,110,71.955
2025-11-21,9:38:01.340732921,T,KO,,396,71.95
2025-11-21,9:38:01.340754341,T,KO,I,1,71.95
2025-11-21,9:38:01.340754341,T,KO,F I,9,71.95
2025-11-21,9:38:01.340756925,T,KO,F,100,71.95
2025-11-21,9:38:02.909042986,T,KO,F I,15,71.95
2025-11-21,9:38:06.146770230,T,KO,F,180,71.95
2025-11-21,9:38:08.499306207,T,KO,I,17,71.96
2025-11-21,9:38:08.499306207,T,KO,I,17,71.96
2025-11-21,9:38:08.747718858,T,KO,F,175,71.97
2025-11-21,9:38:08.747739914,T,KO,I,25,71.97
2025-11-21,9:38:09.729455109,T,KO,I,7,71.99
2025-11-21,9:38:09.729458885,T,KO,,300,71.99
2025-11-21,9:38:09.729458885,T,KO,I,50,71.99
2025-11-21,9:38:09.729461256,T,KO,,100,71.99
2025-11-21,9:38:09.729464418,T,KO,,100,71.99
2025-11-21,9:38:09.729918589,T,KO,I,27,71.98
2025-11-21,9:38:09.729918589,T,KO,I,87,71.98
2025-11-21,9:38:09.729924322,T,KO,,100,71.98
2025-11-21,9:38:09.729927801,T,KO,,100,71.98
2025-11-21,9:38:09.729931728,T,KO,,100,71.98
2025-11-21,9:38:09.729931728,T,KO,,100,71.98
2025-11-21,9:38:09.729937205,T,KO,I,95,71.98
2025-11-21,9:38:09.729937205,T,KO,,199,71.98
2025-11-21,9:38:09.729937205,T,KO,I,25,71.98
2025-11-21,9:38:09.729939838,T,KO,,300,71.98
2025-11-21,9:38:09.729943040,T,KO,I,67,71.98
2025-11-21,9:38:09.729943040,T,KO,I,33,71.98
2025-11-21,9:38:09.729945763,T,KO,I,1,71.98
2025-11-21,9:38:09.729957378,T,KO,I,1,71.98
2025-11-21,9:38:09.730014458,T,KO,I,75,71.98
2025-11-21,9:38:09.730014458,T,KO,,180,71.98
2025-11-21,9:38:09.730101629,T,KO,,300,71.98
2025-11-21,9:38:09.730158790,T,KO,,100,71.98
2025-11-21,9:38:09.730276002,T,KO,,100,71.98
2025-11-21,9:38:09.730279878,T,KO,,100,71.98
2025-11-21,9:38:09.730279878,T,KO,I,19,71.98
2025-11-21,9:38:09.730549698,T,KO,F I,68,71.98
2025-11-21,9:38:09.730552766,T,KO,F I,68,71.98
2025-11-21,9:38:09.730552766,T,KO,F,300,71.99
2025-11-21,9:38:09.730556447,T,KO,F,199,71.99
2025-11-21,9:38:09.730559737,T,KO,F I,95,71.99
2025-11-21,9:38:09.730559737,T,KO,F I,50,71.99
2025-11-21,9:38:09.730562512,T,KO,F,103,71.99
2025-11-21,9:38:09.730562512,T,KO,F I,24,71.99
2025-11-21,9:38:09.730564884,T,KO,F I,12,71.99
2025-11-21,9:38:09.730567885,T,KO,F I,48,71.99
2025-11-21,9:38:09.730570808,T,KO,F I,60,71.99
2025-11-21,9:38:09.730570808,T,KO,F I,67,71.99
2025-11-21,9:38:09.730618842,T,KO,F I,79,71.98
2025-11-21,9:38:09.731307662,T,KO,I,26,71.99
2025-11-21,9:38:09.731307662,T,KO,I,68,71.99
2025-11-21,9:38:09.731857925,T,KO,,149,71.99
2025-11-21,9:38:09.731860837,T,KO,,300,71.99
2025-11-21,9:38:09.731863812,T,KO,I,50,71.99
2025-11-21,9:38:09.736963970,T,KO,F,100,71.99
2025-11-21,9:38:09.736967036,T,KO,F I,87,71.99
2025-11-21,9:38:09.764599843,T,KO,,100,71.99
2025-11-21,9:38:09.765595471,T,KO,F I,3,72.0
2025-11-21,9:38:09.765598146,T,KO,F I,2,72.0
2025-11-21,9:38:09.765601441,T,KO,F I,1,72.0
2025-11-21,9:38:09.765604919,T,KO,F I,20,72.0
2025-11-21,9:38:09.765604919,T,KO,F I,15,72.0
2025-11-21,9:38:09.765608173,T,KO,F I,25,72.0
2025-11-21,9:38:09.765608173,T,KO,F I,5,72.0
2025-11-21,9:38:09.765613766,T,KO,F I,35,72.0
2025-11-21,9:38:09.765613766,T,KO,F I,1,72.0
2025-11-21,9:38:09.765613766,T,KO,F I,5,72.0
2025-11-21,9:38:09.765616233,T,KO,F I,13,72.0
2025-11-21,9:38:09.765619514,T,KO,F I,1,72.0
2025-11-21,9:38:09.765623473,T,KO,F I,1,72.0
2025-11-21,9:38:09.765623473,T,KO,F,100,72.0
2025-11-21,9:38:09.765628256,T,KO,F I,1,72.0
2025-11-21,9:38:09.765628256,T,KO,F I,25,72.0
2025-11-21,9:38:09.765631578,T,KO,F I,50,72.0
2025-11-21,9:38:09.765640299,T,KO,I,2,72.0
2025-11-21,9:38:09.765655540,T,KO,F I,48,72.0
2025-11-21,9:38:09.765665007,T,KO,F I,42,72.0
2025-11-21,9:38:09.765668520,T,KO,F I,9,72.0
2025-11-21,9:38:09.765685573,T,KO,F I,49,72.0
2025-11-21,9:38:09.765818310,T,KO,,100,72.0
2025-11-21,9:38:09.765821755,T,KO,I,87,72.0
2025-11-21,9:38:09.765826793,T,KO,,108,72.0
2025-11-21,9:38:09.765833071,T,KO,,100,71.99
2025-11-21,9:38:09.765836058,T,KO,I,1,71.99
2025-11-21,9:38:09.765836058,T,KO,I,87,71.99
2025-11-21,9:38:09.765839892,T,KO,,100,71.99
2025-11-21,9:38:09.765844982,T,KO,,300,71.99
2025-11-21,9:38:09.765844982,T,KO,I,95,71.99
2025-11-21,9:38:09.765848183,T,KO,,100,71.99
2025-11-21,9:38:09.765850824,T,KO,I,25,71.99
2025-11-21,9:38:09.765854242,T,KO,I,50,71.99
2025-11-21,9:38:09.765884734,T,KO,I,6,72.0
2025-11-21,9:38:09.765971224,T,KO,I,21,72.0
2025-11-21,9:38:09.766358990,T,KO,I,73,72.0
2025-11-21,9:38:09.766362016,T,KO,I,87,72.0
2025-11-21,9:38:09.766365480,T,KO,,100,72.0
2025-11-21,9:38:09.766365480,T,KO,I,1,72.0
2025-11-21,9:38:09.766371226,T,KO,,100,72.0
2025-11-21,9:38:09.766374092,T,KO,I,8,72.0
2025-11-21,9:38:09.766378191,T,KO,I,87,72.0
2025-11-21,9:38:09.766384553,T,KO,I,34,72.0
2025-11-21,9:38:09.767309279,T,KO,,262,72.0
2025-11-21,9:38:09.767721289,T,KO,I,20,72.0
2025-11-21,9:38:09.767951033,T,KO,I,87,72.0
2025-11-21,9:38:09.767951033,T,KO,,100,72.0
2025-11-21,9:38:09.767955932,T,KO,I,87,72.0
2025-11-21,9:38:09.767955932,T,KO,,400,71.995
2025-11-21,9:38:09.767958875,T,KO,,300,71.99
2025-11-21,9:38:09.767962210,T,KO,,333,71.99
2025-11-21,9:38:09.767982870,T,KO,I,2,71.99
2025-11-21,9:38:09.768000874,T,KO,F I,13,72.0
2025-11-21,9:38:09.768004202,T,KO,F I,87,72.0
2025-11-21,9:38:09.768007544,T,KO,F I,8,72.0
2025-11-21,9:38:09.768007544,T,KO,F I,4,72.0
2025-11-21,9:38:09.768010017,T,KO,,176,72.0
2025-11-21,9:38:09.768012906,T,KO,I,22,72.0
2025-11-21,9:38:09.768031015,T,KO,,247,72.0
2025-11-21,9:38:09.768136262,T,KO,F I,79,72.0
2025-11-21,9:38:09.769068407,T,KO,I,16,72.0
2025-11-21,9:38:09.769077582,T,KO,I,15,72.0
2025-11-21,9:38:09.769077582,T,KO,I,1,72.0
2025-11-21,9:38:09.769366219,T,KO,I,29,72.0
2025-11-21,9:38:09.769420303,T,KO,,100,72.0
2025-11-21,9:38:09.769423304,T,KO,I,2,72.0
2025-11-21,9:38:09.769423304,T,KO,,100,72.0
2025-11-21,9:38:09.771278735,T,KO,I,62,72.0
2025-11-21,9:38:09.771281833,T,KO,,100,72.0
2025-11-21,9:38:09.771284770,T,KO,,100,72.0
2025-11-21,9:38:09.790783216,T,KO,,100,72.0
2025-11-21,9:38:09.790801274,T,KO,I,1,72.0
2025-11-21,9:38:09.851581929,T,KO,,220,71.995
2025-11-21,9:38:09.867893289,T,KO,,220,71.995
2025-11-21,9:38:09.867896811,T,KO,I,99,72.0
2025-11-21,9:38:09.867899058,T,KO,I,72,72.0
2025-11-21,9:38:09.867899058,T,KO,I,57,72.0
2025-11-21,9:38:09.867901826,T,KO,,180,72.0
2025-11-21,9:38:09.867905058,T,KO,,300,72.0
2025-11-21,9:38:09.867905058,T,KO,,156,72.0
2025-11-21,9:38:09.867931970,T,KO,I,2,72.0
2025-11-21,9:38:09.867944415,T,KO,F I,51,72.0
2025-11-21,9:38:09.867947184,T,KO,I,36,72.0
2025-11-21,9:38:09.867950572,T,KO,,100,72.0
2025-11-21,9:38:09.867950572,T,KO,I,1,72.0
2025-11-21,9:38:09.867953583,T,KO,I,43,72.0
2025-11-21,9:38:09.867953583,T,KO,F I,57,72.0
2025-11-21,9:38:09.867956040,T,KO,F I,50,72.0
2025-11-21,9:38:09.868428701,T,KO,I,65,71.99
2025-11-21,9:38:09.868428701,T,KO,I,80,71.99
2025-11-21,9:38:09.868432268,T,KO,,107,71.99
2025-11-21,9:38:09.868437170,T,KO,,300,71.99
2025-11-21,9:38:09.868437170,T,KO,I,93,71.99
2025-11-21,9:38:09.868437170,T,KO,,200,71.99
2025-11-21,9:38:09.868441195,T,KO,,100,71.99
2025-11-21,9:38:09.881308016,T,KO,I,80,71.98
2025-11-21,9:38:09.881310851,T,KO,,100,71.98
2025-11-21,9:38:09.881310851,T,KO,,200,71.98
2025-11-21,9:38:09.881313826,T,KO,,400,71.98
2025-11-21,9:38:10.065174749,T,KO,,100,71.975
2025-11-21,9:38:10.075868152,T,KO,,200,71.975
2025-11-21,9:38:10.086553204,T,KO,F I,87,71.98
2025-11-21,9:38:10.086553204,T,KO,F I,24,71.98
2025-11-21,9:38:10.086555749,T,KO,F I,1,71.98
2025-11-21,9:38:10.086558608,T,KO,F I,95,71.98
2025-11-21,9:38:10.086633843,T,KO,I,5,71.98
2025-11-21,9:38:10.086636840,T,KO,I,24,71.98
2025-11-21,9:38:10.318257513,T,KO,F I,15,71.98
2025-11-21,9:38:10.318257513,T,KO,F,100,71.98
2025-11-21,9:38:10.318260473,T,KO,F I,61,71.98
2025-11-21,9:38:10.598188229,T,KO,F,100,71.97
2025-11-21,9:38:13.671402702,T,KO,I,24,71.98
2025-11-21,9:38:13.671411871,T,KO,F I,26,71.98
2025-11-21,9:38:13.671411871,T,KO,F I,53,71.98
2025-11-21,9:38:13.673171189,T,KO,F I,25,71.98
2025-11-21,9:38:13.673171189,T,KO,F,300,71.98
2025-11-21,9:38:13.673174855,T,KO,F I,7,71.98
2025-11-21,9:38:13.673195588,T,KO,I,1,71.98
2025-11-21,9:38:13.674145224,T,KO,,100,71.98
2025-11-21,9:38:13.674166218,T,KO,I,1,71.98
2025-11-21,9:38:14.661363968,T,KO,F I,20,71.97
2025-11-21,9:38:14.661363968,T,KO,F,100,71.97
2025-11-21,9:38:14.661366419,T,KO,F I,1,71.97
2025-11-21,9:38:15.000683127,T,KO,F I,50,71.96
2025-11-21,9:38:15.000686029,T,KO,F,180,71.96
2025-11-21,9:38:15.000689271,T,KO,F,200,71.95
2025-11-21,9:38:15.000692126,T,KO,F I,25,71.95
2025-11-21,9:38:15.000694644,T,KO,F,300,71.95
2025-11-21,9:38:15.000697806,T,KO,F I,50,71.95
2025-11-21,9:38:15.002279634,T,KO,F,199,71.96
2025-11-21,9:38:15.002282423,T,KO,F I,45,71.96
2025-11-21,9:38:15.002285366,T,KO,F I,25,71.96
2025-11-21,9:38:15.002285366,T,KO,F I,13,71.96
2025-11-21,9:38:15.002733484,T,KO,I,83,71.97
2025-11-21,9:38:15.061959564,T,KO,I,4,71.97
2025-11-21,9:38:15.061986635,T,KO,I,96,71.97
2025-11-21,9:38:15.061990299,T,KO,I,83,71.97
2025-11-21,9:38:15.061990299,T,KO,I,83,71.97
2025-11-21,9:38:15.061994004,T,KO,,199,71.97
2025-11-21,9:38:15.061995653,T,KO,,100,71.97
2025-11-21,9:38:15.339195945,T,KO,I,83,71.97
2025-11-21,9:38:15.339198851,T,KO,I,17,71.97
2025-11-21,9:38:15.339213866,T,KO,I,1,71.97
2025-11-21,9:38:15.339243902,T,KO,F I,31,71.97
2025-11-21,9:38:17.990123584,T,KO,,100,71.98
2025-11-21,9:38:17.990123584,T,KO,I,17,71.98
2025-11-21,9:38:18.109261571,T,KO,F I,82,71.98
2025-11-21,9:38:18.109264377,T,KO,F,100,71.98
2025-11-21,9:38:18.109267328,T,KO,F I,1,71.98
2025-11-21,9:38:18.109267328,T,KO,F I,50,71.98
2025-11-21,9:38:19.786810165,T,KO,F I,2,71.97
2025-11-21,9:38:19.786812703,T,KO,F,100,71.97
2025-11-21,9:38:22.931898371,T,KO,I,1,71.97
2025-11-21,9:38:22.931901408,T,KO,I,82,71.97
2025-11-21,9:38:29.706072414,T,KO,I,27,71.975
2025-11-21,9:38:29.706129534,T,KO,I,27,71.975
2025-11-21,9:38:29.707067827,T,KO,I,27,71.98
2025-11-21,9:38:29.707070772,T,KO,I,27,71.98
2025-11-21,9:38:29.707079887,T,KO,I,27,71.98
2025-11-21,9:38:31.762628594,T,KO,F,100,71.985
2025-11-21,9:38:31.762800009,T,KO,,100,71.99
2025-11-21,9:38:31.762824062,T,KO,I,25,71.99
2025-11-21,9:38:33.364583006,T,KO,F,100,71.98
2025-11-21,9:38:33.364586169,T,KO,F I,2,71.98
2025-11-21,9:38:33.364589883,T,KO,F I,25,71.98
2025-11-21,9:38:34.460305577,T,KO,F I,8,71.97
2025-11-21,9:38:36.327614892,T,KO,,484,71.97
2025-11-21,9:38:36.327629927,T,KO,I,1,71.97
2025-11-21,9:38:36.327633520,T,KO,I,68,71.97
2025-11-21,9:38:39.908480499,T,KO,I,40,71.98
2025-11-21,9:38:40.090464905,T,KO,,100,71.975
2025-11-21,9:38:40.369249909,T,KO,,100,71.97
2025-11-21,9:38:40.390793239,T,KO,I,78,71.97
2025-11-21,9:38:52.714540609,T,KO,I,1,71.99
2025-11-21,9:38:52.714565148,T,KO,I,99,71.99
2025-11-21,9:38:52.714565148,T,KO,I,1,71.99
2025-11-21,9:38:52.714567590,T,KO,F I,86,71.99
2025-11-21,9:38:52.714570690,T,KO,F,200,71.99
2025-11-21,9:38:52.714591687,T,KO,F,100,71.99
2025-11-21,9:38:52.714661473,T,KO,I,44,71.99
2025-11-21,9:38:52.714793231,T,KO,I,91,71.99
2025-11-21,9:38:52.714796225,T,KO,I,9,71.99
2025-11-21,9:38:52.714799135,T,KO,I,1,71.99
2025-11-21,9:38:52.715126941,T,KO,F I,11,71.99
2025-11-21,9:38:52.715202753,T,KO,I,79,71.99
2025-11-21,9:38:52.715487776,T,KO,I,1,71.99
2025-11-21,9:38:52.715491188,T,KO,,100,71.99
2025-11-21,9:38:52.715494659,T,KO,I,78,71.98
2025-11-21,9:38:52.715494659,T,KO,,900,71.98
2025-11-21,9:38:52.715496953,T,KO,,100,71.98
2025-11-21,9:38:52.715500049,T,KO,I,36,71.98
2025-11-21,9:38:52.715500049,T,KO,I,2,71.98
2025-11-21,9:38:52.715503226,T,KO,I,37,71.98
2025-11-21,9:38:52.715503226,T,KO,I,25,71.98
2025-11-21,9:38:52.715505901,T,KO,I,50,71.98
2025-11-21,9:38:52.715509020,T,KO,,300,71.98
2025-11-21,9:38:52.715511858,T,KO,,120,71.98
2025-11-21,9:38:52.735404934,T,KO,F,600,71.98
2025-11-21,9:38:52.983580065,T,KO,I,1,71.98
2025-11-21,9:38:52.983580065,T,KO,,238,71.98
2025-11-21,9:38:52.983582370,T,KO,I,25,71.98
2025-11-21,9:38:54.873610868,T,KO,F,114,71.98
2025-11-21,9:38:54.874482924,T,KO,,100,71.975
2025-11-21,9:38:54.874485969,T,KO,I,92,71.98
2025-11-21,9:38:54.874488964,T,KO,I,1,71.98
2025-11-21,9:38:54.874488964,T,KO,,225,71.98
2025-11-21,9:38:54.874506962,T,KO,I,1,71.98
2025-11-21,9:38:54.874852860,T,KO,I,74,71.98
2025-11-21,9:38:54.874958078,T,KO,,180,71.98
2025-11-21,9:38:54.875367098,T,KO,F I,91,71.98
2025-11-21,9:38:54.875709923,T,KO,F I,1,71.98
2025-11-21,9:38:55.132759054,T,KO,F I,5,71.98
2025-11-21,9:38:57.884435638,T,KO,,100,71.97
2025-11-21,9:38:57.884438669,T,KO,,114,71.97
2025-11-21,9:38:59.169245766,T,KO,I,20,71.97
2025-11-21,9:39:00.278840518,T,KO,,100,71.98
2025-11-21,9:39:00.278843488,T,KO,I,25,71.98
2025-11-21,9:39:02.761421601,T,KO,I,72,71.98
2025-11-21,9:39:02.761421601,T,KO,I,2,71.98
2025-11-21,9:39:02.761424385,T,KO,I,25,71.98
2025-11-21,9:39:02.785911694,T,KO,,110,71.98
2025-11-21,9:39:05.839471216,T,KO,F I,65,71.97
2025-11-21,9:39:05.854482964,T,KO,F I,25,71.97
2025-11-21,9:39:05.858497467,T,KO,F I,84,71.97
2025-11-21,9:39:05.858497467,T,KO,F,100,71.97
2025-11-21,9:39:05.858500523,T,KO,F I,1,71.97
2025-11-21,9:39:05.887636839,T,KO,F I,84,71.97
2025-11-21,9:39:05.887639932,T,KO,F I,57,71.97
2025-11-21,9:39:05.887657983,T,KO,I,1,71.97
2025-11-21,9:39:05.918593174,T,KO,F I,42,71.97
2025-11-21,9:39:05.918595584,T,KO,F I,1,71.97
2025-11-21,9:39:05.919329369,T,KO,F I,44,71.97
2025-11-21,9:39:05.930794188,T,KO,F I,72,71.96
2025-11-21,9:39:05.930799259,T,KO,F I,50,71.96
2025-11-21,9:39:05.930799259,T,KO,F,300,71.96
2025-11-21,9:39:05.930801791,T,KO,F,100,71.96
2025-11-21,9:39:05.930805069,T,KO,F I,25,71.96
2025-11-21,9:39:05.930805069,T,KO,F I,44,71.96
2025-11-21,9:39:05.930807845,T,KO,F I,9,71.96
2025-11-21,9:39:05.930807845,T,KO,F I,35,71.96
2025-11-21,9:39:05.930813701,T,KO,I,1,71.96
2025-11-21,9:39:05.930858878,T,KO,I,84,71.96
2025-11-21,9:39:05.930858878,T,KO,I,96,71.96
2025-11-21,9:39:05.930892112,T,KO,F I,4,71.96
2025-11-21,9:39:05.930895644,T,KO,F,100,71.96
2025-11-21,9:39:05.934082470,T,KO,,100,71.965
