DATE,TIME_M,EX,SYM_ROOT,TR_SCOND,SIZE,PRICE
2025-11-18,9:30:00.260853886,T,KO,TI,1,70.99
2025-11-18,9:30:00.369102718,T,KO,FTI,1,70.99
2025-11-18,9:30:01.116388619,T,KO,,100,70.96
2025-11-18,9:30:01.116391380,T,KO,Q,100,70.96
2025-11-18,9:30:01.648614021,T,KO,I,50,70.96
2025-11-18,9:30:01.648635092,T,KO,,200,70.96
2025-11-18,9:30:01.651389823,T,KO,F,200,70.97
2025-11-18,9:30:01.651389823,T,KO,F I,1,70.97
2025-11-18,9:30:01.651392627,T,KO,F,497,70.99
2025-11-18,9:30:01.652129599,T,KO,F I,1,70.99
2025-11-18,9:30:01.652129599,T,KO,F,200,70.99
2025-11-18,9:30:01.652216842,T,KO,I,1,70.98
2025-11-18,9:30:01.652219721,T,KO,,200,70.98
2025-11-18,9:30:01.652644220,T,KO,F,100,70.97
2025-11-18,9:30:01.652655631,T,KO,,200,70.98
2025-11-18,9:30:01.652754832,T,KO,,200,70.98
2025-11-18,9:30:01.652926226,T,KO,F,200,70.97
2025-11-18,9:30:01.652992442,T,KO,I,50,70.97
2025-11-18,9:30:01.670981291,T,KO,I,2,70.97
2025-11-18,9:30:01.896590719,T,KO,I,11,70.97
2025-11-18,9:30:02.040041220,T,KO,F,100,70.94
2025-11-18,9:30:02.040164442,T,KO,F I,28,70.93
2025-11-18,9:30:02.040507362,T,KO,,100,70.93
2025-11-18,9:30:02.044212178,T,KO,I,20,70.93
2025-11-18,9:30:02.044242326,T,KO,,100,70.93
2025-11-18,9:30:02.044287315,T,KO,,100,70.93
2025-11-18,9:30:02.044687229,T,KO,F,100,70.93
2025-11-18,9:30:02.496802076,T,KO,I,10,70.935
2025-11-18,9:30:02.496805601,T,KO,,200,70.94
2025-11-18,9:30:02.496808017,T,KO,I,77,70.94
2025-11-18,9:30:02.496820070,T,KO,I,1,70.94
2025-11-18,9:30:02.496829114,T,KO,I,9,70.94
2025-11-18,9:30:02.901626127,T,KO,F I,22,70.93
2025-11-18,9:30:02.945581779,T,KO,F,200,70.94
2025-11-18,9:30:03.466729608,T,KO,F I,78,70.93
2025-11-18,9:30:03.466732206,T,KO,F,100,70.93
2025-11-18,9:30:03.466735156,T,KO,F I,50,70.93
2025-11-18,9:30:03.466738082,T,KO,F I,50,70.93
2025-11-18,9:30:03.598695648,T,KO,,100,70.92
2025-11-18,9:30:03.598698612,T,KO,,100,70.92
2025-11-18,9:30:03.756195547,T,KO,F,100,70.92
2025-11-18,9:30:03.756195547,T,KO,F,100,70.92
2025-11-18,9:30:03.757350293,T,KO,I,50,70.9
2025-11-18,9:30:03.757353271,T,KO,,100,70.9
2025-11-18,9:30:03.757620902,T,KO,F,100,70.9
2025-11-18,9:30:03.757927992,T,KO,F,100,70.89
2025-11-18,9:30:03.758577193,T,KO,F,100,70.88
2025-11-18,9:30:03.764826108,T,KO,,200,70.9
2025-11-18,9:30:03.765349257,T,KO,I,50,70.9
2025-11-18,9:30:03.765825072,T,KO,,100,70.89
2025-11-18,9:30:03.765825072,T,KO,I,50,70.89
2025-11-18,9:30:03.765830458,T,KO,,200,70.89
2025-11-18,9:30:03.765833908,T,KO,,100,70.89
2025-11-18,9:30:03.765833908,T,KO,I,50,70.89
2025-11-18,9:30:03.765836438,T,KO,,100,70.89
2025-11-18,9:30:03.772328886,T,KO,F I,50,70.88
2025-11-18,9:30:03.772328886,T,KO,F,100,70.88
2025-11-18,9:30:03.772346932,T,KO,I,1,70.88
2025-11-18,9:30:03.778003418,T,KO,,100,70.89
2025-11-18,9:30:03.785271752,T,KO,F,100,70.9
2025-11-18,9:30:03.785292798,T,KO,I,1,70.9
2025-11-18,9:30:03.785295794,T,KO,I,99,70.9
2025-11-18,9:30:03.865015637,T,KO,,100,70.9
2025-11-18,9:30:03.870587946,T,KO,I,50,70.89
2025-11-18,9:30:03.870590940,T,KO,I,26,70.89
2025-11-18,9:30:04.007416902,T,KO,,100,70.89
2025-11-18,9:30:04.171953672,T,KO,F,100,70.88
2025-11-18,9:30:04.171956681,T,KO,F,100,70.88
2025-11-18,9:30:04.185479854,T,KO,I,7,70.87
2025-11-18,9:30:04.185497917,T,KO,I,93,70.87
2025-11-18,9:30:04.185500968,T,KO,,100,70.87
2025-11-18,9:30:04.281020465,T,KO,I,61,70.87
2025-11-18,9:30:04.712259798,T,KO,F,200,70.88
2025-11-18,9:30:05.114163681,T,KO,F,200,70.9
2025-11-18,9:30:05.114220842,T,KO,,100,70.9
2025-11-18,9:30:05.114416507,T,KO,I,1,70.89
2025-11-18,9:30:05.114419912,T,KO,,100,70.89
2025-11-18,9:30:05.114419912,T,KO,,200,70.89
2025-11-18,9:30:05.114422329,T,KO,I,50,70.89
2025-11-18,9:30:05.114488449,T,KO,I,50,70.89
2025-11-18,9:30:05.114491532,T,KO,,200,70.89
2025-11-18,9:30:05.114539639,T,KO,F,100,70.89
2025-11-18,9:30:05.114587736,T,KO,I,50,70.89
2025-11-18,9:30:05.878370720,T,KO,,200,70.89
2025-11-18,9:30:05.878373749,T,KO,,100,70.88
2025-11-18,9:30:05.878376779,T,KO,I,50,70.88
2025-11-18,9:30:05.878665534,T,KO,I,50,70.88
2025-11-18,9:30:05.878669278,T,KO,,100,70.88
2025-11-18,9:30:05.878669278,T,KO,,100,70.88
2025-11-18,9:30:05.878674557,T,KO,,100,70.88
2025-11-18,9:30:05.878674557,T,KO,,100,70.88
2025-11-18,9:30:05.878677541,T,KO,,100,70.88
2025-11-18,9:30:05.878680494,T,KO,,100,70.88
2025-11-18,9:30:05.879414223,T,KO,,100,70.88
2025-11-18,9:30:05.879414223,T,KO,,100,70.88
2025-11-18,9:30:05.879417287,T,KO,I,45,70.88
2025-11-18,9:30:05.879435860,T,KO,I,55,70.88
2025-11-18,9:30:05.879441289,T,KO,,100,70.88
2025-11-18,9:30:05.879441289,T,KO,,100,70.88
2025-11-18,9:30:05.879445297,T,KO,I,85,70.88
2025-11-18,9:30:05.879445297,T,KO,I,50,70.88
2025-11-18,9:30:05.879447564,T,KO,,100,70.88
2025-11-18,9:30:05.879447564,T,KO,,200,70.88
2025-11-18,9:30:05.879880585,T,KO,,100,70.88
2025-11-18,9:30:05.879904391,T,KO,F,100,70.88
2025-11-18,9:30:05.881447540,T,KO,F,200,70.89
2025-11-18,9:30:05.881450495,T,KO,F I,50,70.89
2025-11-18,9:30:05.881450495,T,KO,F I,1,70.9
2025-11-18,9:30:05.881501291,T,KO,F,200,70.89
2025-11-18,9:30:05.881516283,T,KO,,100,70.88
2025-11-18,9:30:05.881516283,T,KO,I,50,70.88
2025-11-18,9:30:05.881693901,T,KO,,200,70.89
2025-11-18,9:30:05.881700107,T,KO,,100,70.89
2025-11-18,9:30:05.881702746,T,KO,,200,70.89
2025-11-18,9:30:05.881706452,T,KO,,200,70.89
2025-11-18,9:30:05.881706452,T,KO,F,199,70.9
2025-11-18,9:30:05.881709578,T,KO,F I,50,70.9
2025-11-18,9:30:05.881709578,T,KO,F I,1,70.9
2025-11-18,9:30:05.881714706,T,KO,I,50,70.88
2025-11-18,9:30:05.881714706,T,KO,I,50,70.88
2025-11-18,9:30:05.881718817,T,KO,,100,70.88
2025-11-18,9:30:05.881771980,T,KO,,100,70.89
2025-11-18,9:30:05.881774885,T,KO,,200,70.88
2025-11-18,9:30:05.881925211,T,KO,F,200,70.89
2025-11-18,9:30:05.881955333,T,KO,I,1,70.89
2025-11-18,9:30:05.882021508,T,KO,I,50,70.88
2025-11-18,9:30:05.882025536,T,KO,,200,70.88
2025-11-18,9:30:05.882374047,T,KO,F,199,70.89
2025-11-18,9:30:05.882430392,T,KO,F,100,70.89
2025-11-18,9:30:05.882433558,T,KO,F,200,70.89
2025-11-18,9:30:05.882433558,T,KO,F I,63,70.89
2025-11-18,9:30:05.882436615,T,KO,F,100,70.89
2025-11-18,9:30:05.882436615,T,KO,F I,38,70.89
2025-11-18,9:30:05.922966958,T,KO,F,100,70.88
2025-11-18,9:30:05.923965409,T,KO,F,100,70.87
2025-11-18,9:30:05.923968324,T,KO,F,200,70.87
2025-11-18,9:30:05.924432224,T,KO,,295,70.87
2025-11-18,9:30:05.924437453,T,KO,,200,70.87
2025-11-18,9:30:05.924575866,T,KO,I,35,70.87
2025-11-18,9:30:06.386734510,T,KO,I,10,70.88
2025-11-18,9:30:07.090518658,T,KO,F,100,70.9
2025-11-18,9:30:07.135611086,T,KO,F I,2,70.92
2025-11-18,9:30:07.135629113,T,KO,,198,70.92
2025-11-18,9:30:07.147435290,T,KO,,200,70.94
2025-11-18,9:30:07.148117875,T,KO,F,200,70.95
2025-11-18,9:30:07.148451668,T,KO,,200,70.96
2025-11-18,9:30:07.199994446,T,KO,,200,70.97
2025-11-18,9:30:07.200045531,T,KO,,100,70.96
2025-11-18,9:30:07.200066610,T,KO,I,1,70.96
2025-11-18,9:30:07.200316250,T,KO,,200,70.95
2025-11-18,9:30:07.200316250,T,KO,I,50,70.95
2025-11-18,9:30:07.200499697,T,KO,F,100,70.95
2025-11-18,9:30:07.204048723,T,KO,,100,70.96
2025-11-18,9:30:07.204048723,T,KO,I,50,70.96
2025-11-18,9:30:07.205590743,T,KO,,200,70.95
2025-11-18,9:30:07.205597205,T,KO,I,50,70.95
2025-11-18,9:30:07.205864425,T,KO,,100,70.95
2025-11-18,9:30:07.218204063,T,KO,I,18,70.97
2025-11-18,9:30:07.218223853,T,KO,I,82,70.97
2025-11-18,9:30:07.218615278,T,KO,I,50,70.96
2025-11-18,9:30:07.218617738,T,KO,,200,70.96
2025-11-18,9:30:07.218617738,T,KO,I,61,70.96
2025-11-18,9:30:07.218644890,T,KO,I,54,70.98
2025-11-18,9:30:07.218650844,T,KO,I,18,70.97
2025-11-18,9:30:07.220049180,T,KO,I,64,70.97
2025-11-18,9:30:07.220073786,T,KO,I,36,70.97
2025-11-18,9:30:07.220073786,T,KO,I,50,70.97
2025-11-18,9:30:07.291318970,T,KO,I,59,70.965
2025-11-18,9:30:08.525807301,T,KO,F I,82,70.96
2025-11-18,9:30:08.525810037,T,KO,F,100,70.96
2025-11-18,9:30:08.525813142,T,KO,F I,50,70.96
2025-11-18,9:30:08.550763630,T,KO,,100,70.95
2025-11-18,9:30:08.550763630,T,KO,I,50,70.95
2025-11-18,9:30:08.572120349,T,KO,F I,50,70.93
2025-11-18,9:30:08.572120349,T,KO,F I,50,70.93
2025-11-18,9:30:08.572159431,T,KO,F I,50,70.93
2025-11-18,9:30:08.591958595,T,KO,F I,50,70.92
2025-11-18,9:30:08.592244285,T,KO,I,1,70.92
2025-11-18,9:30:08.613956010,T,KO,F,100,70.91
2025-11-18,9:30:09.526359042,T,KO,F I,50,70.9
2025-11-18,9:30:09.538363668,T,KO,F,100,70.89
2025-11-18,9:30:09.539340967,T,KO,F,100,70.89
2025-11-18,9:30:09.549718847,T,KO,F,200,70.885
2025-11-18,9:30:09.549722580,T,KO,F,100,70.87
2025-11-18,9:30:09.549722580,T,KO,F,200,70.87
2025-11-18,9:30:09.549727723,T,KO,F I,50,70.87
2025-11-18,9:30:09.549727723,T,KO,F I,50,70.87
2025-11-18,9:30:09.549730794,T,KO,F I,50,70.87
2025-11-18,9:30:09.567842907,T,KO,F,100,70.87
2025-11-18,9:30:09.584598788,T,KO,,113,70.87
2025-11-18,9:30:09.584619857,T,KO,I,1,70.87
2025-11-18,9:30:09.584628837,T,KO,F I,85,70.87
2025-11-18,9:30:09.584661920,T,KO,I,86,70.88
2025-11-18,9:30:09.584661920,T,KO,I,50,70.88
2025-11-18,9:30:09.592630887,T,KO,F,100,70.86
2025-11-18,9:30:09.592633882,T,KO,F,100,70.86
2025-11-18,9:30:09.593127097,T,KO,,100,70.86
2025-11-18,9:30:09.593388688,T,KO,,100,70.87
2025-11-18,9:30:09.597800263,T,KO,F I,19,70.86
2025-11-18,9:30:09.597806258,T,KO,F,100,70.86
2025-11-18,9:30:09.597806258,T,KO,F,200,70.86
2025-11-18,9:30:09.597809239,T,KO,F I,50,70.86
2025-11-18,9:30:09.597809239,T,KO,F I,31,70.86
2025-11-18,9:30:09.598639205,T,KO,F I,69,70.86
2025-11-18,9:30:09.599219556,T,KO,F I,50,70.87
2025-11-18,9:30:09.599222652,T,KO,F,114,70.87
2025-11-18,9:30:09.599640630,T,KO,F,100,70.88
2025-11-18,9:30:09.599643623,T,KO,F I,17,70.88
2025-11-18,9:30:09.599673690,T,KO,I,1,70.88
2025-11-18,9:30:09.599884160,T,KO,,114,70.88
2025-11-18,9:30:09.613720802,T,KO,F,100,70.88
2025-11-18,9:30:09.613720802,T,KO,F,100,70.87
2025-11-18,9:30:09.613723629,T,KO,F,100,70.87
2025-11-18,9:30:09.629089834,T,KO,F I,50,70.85
2025-11-18,9:30:09.629092869,T,KO,F,200,70.85
2025-11-18,9:30:09.629095727,T,KO,F I,50,70.85
2025-11-18,9:30:09.629336389,T,KO,I,19,70.86
2025-11-18,9:30:09.629336389,T,KO,I,86,70.86
2025-11-18,9:30:09.629339358,T,KO,I,50,70.86
2025-11-18,9:30:09.629570845,T,KO,F I,50,70.85
2025-11-18,9:30:09.630364747,T,KO,F I,50,70.86
2025-11-18,9:30:10.083240741,T,KO,F I,19,70.85
2025-11-18,9:30:10.083243425,T,KO,F,100,70.85
2025-11-18,9:30:10.166057658,T,KO,,200,70.86
2025-11-18,9:30:10.166078675,T,KO,I,1,70.86
2025-11-18,9:30:10.166103229,T,KO,I,38,70.86
2025-11-18,9:30:10.166319204,T,KO,,112,70.86
2025-11-18,9:30:10.166340235,T,KO,,100,70.86
2025-11-18,9:30:10.274820683,T,KO,F,100,70.85
2025-11-18,9:30:10.282654326,T,KO,F I,88,70.84
2025-11-18,9:30:11.601622549,T,KO,,100,70.83
2025-11-18,9:30:11.629586175,T,KO,F I,21,70.81
2025-11-18,9:30:11.629670397,T,KO,F I,19,70.83
2025-11-18,9:30:11.629793662,T,KO,,100,70.84
2025-11-18,9:30:11.629796728,T,KO,,100,70.84
2025-11-18,9:30:11.629829934,T,KO,F I,19,70.83
2025-11-18,9:30:11.629857484,T,KO,,191,70.83
2025-11-18,9:30:11.629863806,T,KO,,100,70.82
2025-11-18,9:30:11.629869400,T,KO,,100,70.82
2025-11-18,9:30:11.629872117,T,KO,,200,70.82
2025-11-18,9:30:11.629872117,T,KO,I,50,70.82
2025-11-18,9:30:11.630016178,T,KO,I,1,70.83
2025-11-18,9:30:11.630073345,T,KO,,100,70.83
2025-11-18,9:30:11.630076326,T,KO,I,50,70.84
2025-11-18,9:30:11.630076326,T,KO,,100,70.84
2025-11-18,9:30:11.630229724,T,KO,,100,70.84
2025-11-18,9:30:11.630232693,T,KO,,100,70.84
2025-11-18,9:30:11.658073058,T,KO,F I,19,70.83
2025-11-18,9:30:11.658073058,T,KO,F,181,70.83
2025-11-18,9:30:11.658560218,T,KO,F I,70,70.83
2025-11-18,9:30:11.658569215,T,KO,F I,60,70.83
2025-11-18,9:30:11.658572289,T,KO,F I,19,70.83
2025-11-18,9:30:11.685681764,T,KO,F,200,70.82
2025-11-18,9:30:11.685760042,T,KO,F I,19,70.83
2025-11-18,9:30:11.685766025,T,KO,F I,19,70.83
2025-11-18,9:30:11.685769014,T,KO,F I,31,70.83
2025-11-18,9:30:11.685802079,T,KO,F I,50,70.83
2025-11-18,9:30:11.685823143,T,KO,,150,70.83
2025-11-18,9:30:11.686114832,T,KO,F I,19,70.83
2025-11-18,9:30:11.686114832,T,KO,F I,31,70.82
2025-11-18,9:30:11.686159924,T,KO,F,100,70.83
2025-11-18,9:30:12.584149732,T,KO,I,5,70.81
2025-11-18,9:30:12.584534654,T,KO,F I,95,70.81
2025-11-18,9:30:12.584537578,T,KO,F I,5,70.8
2025-11-18,9:30:12.584642870,T,KO,F I,19,70.81
2025-11-18,9:30:12.584660968,T,KO,I,1,70.8
2025-11-18,9:30:12.584754183,T,KO,I,50,70.81
2025-11-18,9:30:12.590735379,T,KO,F,100,70.82
2025-11-18,9:30:12.590738420,T,KO,F I,24,70.82
2025-11-18,9:30:12.590753680,T,KO,I,1,70.82
2025-11-18,9:30:12.590753680,T,KO,I,25,70.82
2025-11-18,9:30:12.591210526,T,KO,F I,50,70.83
2025-11-18,9:30:12.593664373,T,KO,,100,70.83
2025-11-18,9:30:12.593667307,T,KO,I,19,70.83
2025-11-18,9:30:12.594077191,T,KO,,100,70.83
2025-11-18,9:30:12.594079769,T,KO,I,39,70.84
2025-11-18,9:30:12.594079769,T,KO,I,50,70.84
2025-11-18,9:30:12.594082282,T,KO,,200,70.84
2025-11-18,9:30:12.614043943,T,KO,F,254,70.83
2025-11-18,9:30:12.614684400,T,KO,F I,50,70.83
2025-11-18,9:30:12.652126607,T,KO,F,200,70.82
2025-11-18,9:30:12.652162755,T,KO,I,50,70.82
2025-11-18,9:30:12.652165658,T,KO,,200,70.82
2025-11-18,9:30:12.652180815,T,KO,I,19,70.83
2025-11-18,9:30:12.652186705,T,KO,F I,19,70.82
2025-11-18,9:30:12.652196108,T,KO,F I,81,70.82
2025-11-18,9:30:12.652199351,T,KO,F,100,70.83
2025-11-18,9:30:12.652199351,T,KO,F I,50,70.83
2025-11-18,9:30:12.652207839,T,KO,F I,19,70.83
2025-11-18,9:30:12.652289050,T,KO,I,50,70.84
2025-11-18,9:30:12.652472457,T,KO,I,50,70.84
2025-11-18,9:30:12.652575283,T,KO,F I,19,70.84
2025-11-18,9:30:12.652575283,T,KO,F I,31,70.84
2025-11-18,9:30:12.652878325,T,KO,F,110,70.85
2025-11-18,9:30:12.652878325,T,KO,F I,1,70.85
2025-11-18,9:30:12.652881413,T,KO,F I,4,70.85
2025-11-18,9:30:12.652959609,T,KO,F I,44,70.85
2025-11-18,9:30:12.663093742,T,KO,F I,69,70.84
2025-11-18,9:30:12.663097028,T,KO,F,100,70.84
2025-11-18,9:30:12.663099847,T,KO,F,100,70.84
2025-11-18,9:30:12.663103189,T,KO,F I,31,70.84
2025-11-18,9:30:12.663965813,T,KO,F I,19,70.84
2025-11-18,9:30:12.689544701,T,KO,,367,70.84
2025-11-18,9:30:12.702875604,T,KO,F,315,70.84
2025-11-18,9:30:13.604103931,T,KO,,100,70.81
2025-11-18,9:30:13.604106956,T,KO,,100,70.8
2025-11-18,9:30:13.604124966,T,KO,I,1,70.8
2025-11-18,9:30:13.604149712,T,KO,I,99,70.8
2025-11-18,9:30:13.604224940,T,KO,I,30,70.81
2025-11-18,9:30:13.604233242,T,KO,I,70,70.81
2025-11-18,9:30:13.604233242,T,KO,I,8,70.81
2025-11-18,9:30:13.604380618,T,KO,F I,50,70.82
2025-11-18,9:30:13.604392546,T,KO,F I,22,70.81
2025-11-18,9:30:13.604395560,T,KO,F I,78,70.8
2025-11-18,9:30:13.604449690,T,KO,F,200,70.82
2025-11-18,9:30:13.604467809,T,KO,I,1,70.82
2025-11-18,9:30:13.604498074,T,KO,F I,49,70.82
2025-11-18,9:30:13.604500842,T,KO,F I,1,70.82
2025-11-18,9:30:13.615801759,T,KO,F I,36,70.825
2025-11-18,9:30:13.634304860,T,KO,F I,21,70.82
2025-11-18,9:30:13.634304860,T,KO,F I,1,70.82
2025-11-18,9:30:13.634307881,T,KO,F I,14,70.82
2025-11-18,9:30:13.656031561,T,KO,F,100,70.81
2025-11-18,9:30:13.656043655,T,KO,F I,22,70.81
2025-11-18,9:30:13.660325757,T,KO,F,304,70.82
2025-11-18,9:30:15.647079557,T,KO,F I,50,70.82
2025-11-18,9:30:15.666749551,T,KO,F,100,70.81
2025-11-18,9:30:15.666770485,T,KO,F I,22,70.81
2025-11-18,9:30:15.666788530,T,KO,I,78,70.81
2025-11-18,9:30:15.666791495,T,KO,,122,70.8
2025-11-18,9:30:15.667329778,T,KO,I,30,70.82
2025-11-18,9:30:15.667329778,T,KO,,200,70.82
2025-11-18,9:30:15.667332869,T,KO,I,50,70.82
2025-11-18,9:30:15.678922432,T,KO,F,100,70.82
2025-11-18,9:30:15.678925480,T,KO,F,100,70.81
2025-11-18,9:30:15.678940471,T,KO,F I,81,70.81
2025-11-18,9:30:15.679803538,T,KO,I,3,70.82
2025-11-18,9:30:15.740626386,T,KO,F I,50,70.82
2025-11-18,9:30:15.740812820,T,KO,F,218,70.82
2025-11-18,9:30:17.288803712,T,KO,F,200,70.8
2025-11-18,9:30:17.288803712,T,KO,F I,50,70.8
2025-11-18,9:30:17.722568671,T,KO,F,174,70.815
2025-11-18,9:30:17.733614033,T,KO,F I,8,70.8
2025-11-18,9:30:17.733653202,T,KO,I,42,70.8
2025-11-18,9:30:17.733656073,T,KO,,100,70.8
2025-11-18,9:30:17.733659074,T,KO,,100,70.8
2025-11-18,9:30:17.733677229,T,KO,F,100,70.81
2025-11-18,9:30:17.733716272,T,KO,,100,70.81
2025-11-18,9:30:17.747197399,T,KO,F I,26,70.82
2025-11-18,9:30:17.759054570,T,KO,F I,1,70.81
2025-11-18,9:30:17.759129824,T,KO,F I,30,70.82
2025-11-18,9:30:17.772652994,T,KO,F I,1,70.82
2025-11-18,9:30:18.770691003,T,KO,I,1,70.83
2025-11-18,9:30:18.770718021,T,KO,F I,7,70.83
2025-11-18,9:30:18.771272007,T,KO,,100,70.83
2025-11-18,9:30:18.771272007,T,KO,I,98,70.83
2025-11-18,9:30:18.771278200,T,KO,I,2,70.83
2025-11-18,9:30:18.771278200,T,KO,,100,70.83
2025-11-18,9:30:18.771278200,T,KO,I,98,70.83
2025-11-18,9:30:18.771283345,T,KO,,100,70.83
2025-11-18,9:30:18.771283345,T,KO,I,31,70.83
2025-11-18,9:30:18.771283345,T,KO,I,50,70.83
2025-11-18,9:30:18.803457034,T,KO,F I,22,70.82
2025-11-18,9:30:18.826383782,T,KO,F I,1,70.82
2025-11-18,9:30:18.826419681,T,KO,I,27,70.82
2025-11-18,9:30:18.848510336,T,KO,F I,1,70.82
2025-11-18,9:30:18.878645233,T,KO,I,2,70.82
2025-11-18,9:30:18.878711204,T,KO,F,100,70.82
2025-11-18,9:30:18.893921471,T,KO,F I,1,70.82
2025-11-18,9:30:18.906795108,T,KO,F I,4,70.81
2025-11-18,9:30:18.906861880,T,KO,F I,30,70.82
2025-11-18,9:30:18.917969808,T,KO,F I,2,70.83
2025-11-18,9:30:19.556486515,T,KO,I,48,70.83
2025-11-18,9:30:19.556486515,T,KO,I,30,70.83
2025-11-18,9:30:19.568644567,T,KO,F I,4,70.83
2025-11-18,9:30:20.137130640,T,KO,F I,50,70.84
2025-11-18,9:30:20.137289826,T,KO,F,264,70.85
2025-11-18,9:30:20.137292783,T,KO,F I,50,70.85
2025-11-18,9:30:20.138303254,T,KO,I,6,70.86
2025-11-18,9:30:20.138306223,T,KO,,294,70.86
2025-11-18,9:30:20.138327336,T,KO,I,28,70.86
2025-11-18,9:30:20.138327336,T,KO,,100,70.86
2025-11-18,9:30:20.144738658,T,KO,F,100,70.85
2025-11-18,9:30:20.144738658,T,KO,F,100,70.85
2025-11-18,9:30:20.144744554,T,KO,F,100,70.85
2025-11-18,9:30:20.144744554,T,KO,F I,1,70.85
2025-11-18,9:30:20.809540883,T,KO,I,50,70.84
2025-11-18,9:30:21.096505366,T,KO,F I,50,70.83
2025-11-18,9:30:25.055307784,T,KO,F,300,70.83
2025-11-18,9:30:25.055307784,T,KO,F I,50,70.83
2025-11-18,9:30:25.055665724,T,KO,F I,50,70.83
2025-11-18,9:30:25.228929340,T,KO,I,50,70.85
2025-11-18,9:30:25.229494639,T,KO,I,50,70.86
2025-11-18,9:30:25.229536798,T,KO,,100,70.86
2025-11-18,9:30:25.331975817,T,KO,I,50,70.87
2025-11-18,9:30:25.520849575,T,KO,I,50,70.87
2025-11-18,9:30:25.526009875,T,KO,I,50,70.89
2025-11-18,9:30:26.134750753,T,KO,F I,50,70.89
2025-11-18,9:30:26.134750753,T,KO,F I,47,70.89
2025-11-18,9:30:26.134755705,T,KO,F I,3,70.89
2025-11-18,9:30:26.134782770,T,KO,I,50,70.89
2025-11-18,9:30:26.134788864,T,KO,,100,70.89
2025-11-18,9:30:26.134788864,T,KO,I,57,70.88
2025-11-18,9:30:26.134833942,T,KO,I,33,70.89
2025-11-18,9:30:26.134833942,T,KO,,120,70.89
2025-11-18,9:30:26.134879778,T,KO,F I,13,70.89
2025-11-18,9:30:26.134879778,T,KO,F I,87,70.89
2025-11-18,9:30:26.134882246,T,KO,F I,13,70.89
2025-11-18,9:30:26.134885245,T,KO,F I,4,70.89
2025-11-18,9:30:26.134888012,T,KO,F I,2,70.89
2025-11-18,9:30:26.134900082,T,KO,I,14,70.89
2025-11-18,9:30:26.134903234,T,KO,I,50,70.89
2025-11-18,9:30:26.135266919,T,KO,F I,43,70.88
2025-11-18,9:30:26.154975850,T,KO,F I,31,70.86
2025-11-18,9:30:26.165512944,T,KO,F I,1,70.86
2025-11-18,9:30:28.244935464,T,KO,F,100,70.87
2025-11-18,9:30:28.262437176,T,KO,F I,5,70.86
2025-11-18,9:30:28.262509279,T,KO,F I,38,70.87
2025-11-18,9:30:30.240749878,T,KO,F,100,70.89
2025-11-18,9:30:30.240752903,T,KO,F,100,70.89
2025-11-18,9:30:30.258426022,T,KO,F I,11,70.88
2025-11-18,9:30:30.455972675,T,KO,,158,70.89
2025-11-18,9:30:30.455982152,T,KO,F I,22,70.89
2025-11-18,9:30:30.455984911,T,KO,F I,86,70.9
2025-11-18,9:30:30.455987707,T,KO,F I,22,70.9
2025-11-18,9:30:30.455987707,T,KO,F I,28,70.9
2025-11-18,9:30:30.456005759,T,KO,I,1,70.9
2025-11-18,9:30:30.470686704,T,KO,F I,16,70.89
2025-11-18,9:30:30.470689647,T,KO,F I,50,70.89
2025-11-18,9:30:30.470692740,T,KO,F,200,70.89
2025-11-18,9:30:30.470816313,T,KO,F I,50,70.88
2025-11-18,9:30:30.470819085,T,KO,F I,22,70.88
2025-11-18,9:30:30.470819085,T,KO,F I,26,70.88
2025-11-18,9:30:30.470822012,T,KO,F I,8,70.88
2025-11-18,9:30:30.470831767,T,KO,F I,3,70.88
2025-11-18,9:30:30.470837177,T,KO,F I,1,70.88
2025-11-18,9:30:30.472710540,T,KO,F I,75,70.87
2025-11-18,9:30:30.472734526,T,KO,F,250,70.87
2025-11-18,9:30:30.472755654,T,KO,,175,70.87
2025-11-18,9:30:30.494909419,T,KO,F I,30,70.86
2025-11-18,9:30:30.507918494,T,KO,I,50,70.88
2025-11-18,9:30:30.507921335,T,KO,,100,70.88
2025-11-18,9:30:30.507921335,T,KO,,200,70.88
2025-11-18,9:30:30.510227902,T,KO,F I,62,70.88
2025-11-18,9:30:30.522695532,T,KO,F I,3,70.88
2025-11-18,9:30:30.522732025,T,KO,I,5,70.88
2025-11-18,9:30:30.522785837,T,KO,F,100,70.88
2025-11-18,9:30:30.532790589,T,KO,F I,3,70.88
2025-11-18,9:30:30.545291804,T,KO,F I,2,70.87
2025-11-18,9:30:30.545354551,T,KO,F I,38,70.88
2025-11-18,9:30:30.556369796,T,KO,F I,2,70.88
2025-11-18,9:30:30.581846439,T,KO,I,36,70.88
2025-11-18,9:30:30.586324132,T,KO,F I,2,70.87
2025-11-18,9:30:34.147348116,T,KO,F I,1,70.865
2025-11-18,9:30:35.753645287,T,KO,,100,70.86
2025-11-18,9:30:35.753659925,T,KO,I,1,70.86
2025-11-18,9:30:35.754342453,T,KO,F,100,70.87
2025-11-18,9:30:35.759099949,T,KO,F I,1,70.87
2025-11-18,9:30:35.759782512,T,KO,I,76,70.87
2025-11-18,9:30:35.764205995,T,KO,I,1,70.87
2025-11-18,9:30:35.774409352,T,KO,F I,39,70.87
2025-11-18,9:30:35.782621822,T,KO,F I,2,70.87
2025-11-18,9:30:37.347353584,T,KO,F I,2,70.87
2025-11-18,9:30:38.747506426,T,KO,I,50,70.86
2025-11-18,9:30:39.028895474,T,KO,I,4,70.85
2025-11-18,9:30:39.029487942,T,KO,,100,70.85
2025-11-18,9:30:39.922714311,T,KO,F I,5,70.81
2025-11-18,9:30:39.922747376,T,KO,I,37,70.81
2025-11-18,9:30:39.934403121,T,KO,F I,2,70.81
2025-11-18,9:30:40.043051837,T,KO,I,10,70.81
2025-11-18,9:30:40.063834361,T,KO,F I,1,70.81
2025-11-18,9:30:40.227078210,T,KO,I,2,70.83
2025-11-18,9:30:40.227078210,T,KO,I,98,70.83
2025-11-18,9:30:40.227111242,T,KO,F I,50,70.83
2025-11-18,9:30:40.227150946,T,KO,,100,70.83
2025-11-18,9:30:40.227150946,T,KO,I,1,70.83
2025-11-18,9:30:40.227153462,T,KO,,100,70.83
2025-11-18,9:30:40.227165343,T,KO,F,199,70.83
2025-11-18,9:30:40.227204446,T,KO,I,50,70.82
2025-11-18,9:30:40.227204446,T,KO,,135,70.82
2025-11-18,9:30:40.262571682,T,KO,F I,44,70.81
2025-11-18,9:30:40.895759752,T,KO,I,3,70.82
2025-11-18,9:30:42.711381937,T,KO,I,30,70.82
2025-11-18,9:30:42.743486467,T,KO,I,2,70.82
2025-11-18,9:30:43.042771245,T,KO,I,8,70.82
2025-11-18,9:30:43.056053841,T,KO,I,1,70.82
2025-11-18,9:30:44.941764104,T,KO,,200,70.82
2025-11-18,9:30:44.954676685,T,KO,F I,10,70.82
2025-11-18,9:30:45.252878889,T,KO,F I,20,70.8
2025-11-18,9:30:45.253642759,T,KO,I,80,70.8
2025-11-18,9:30:45.266883309,T,KO,F I,10,70.79
2025-11-18,9:30:45.266961477,T,KO,I,90,70.79
2025-11-18,9:30:45.275814546,T,KO,F I,30,70.79
2025-11-18,9:30:45.286938049,T,KO,F I,2,70.78
2025-11-18,9:30:45.286995143,T,KO,I,40,70.79
2025-11-18,9:30:45.286998162,T,KO,I,39,70.79
2025-11-18,9:30:45.295679861,T,KO,F I,4,70.795
2025-11-18,9:30:45.583826068,T,KO,I,40,70.79
2025-11-18,9:30:45.583829132,T,KO,,100,70.79
2025-11-18,9:30:45.584316253,T,KO,,100,70.79
2025-11-18,9:30:45.595815693,T,KO,F I,12,70.79
2025-11-18,9:30:45.610556740,T,KO,F I,36,70.8
2025-11-18,9:30:45.629342560,T,KO,F I,2,70.79
2025-11-18,9:30:45.669265657,T,KO,F I,10,70.8
2025-11-18,9:30:46.686952373,T,KO,I,50,70.8
2025-11-18,9:30:46.687562840,T,KO,I,23,70.8
2025-11-18,9:30:46.724078825,T,KO,F I,10,70.79
2025-11-18,9:30:46.724120916,T,KO,I,46,70.8
2025-11-18,9:30:46.734913562,T,KO,F I,3,70.8
2025-11-18,9:30:47.610368061,T,KO,I,50,70.81
2025-11-18,9:30:47.610370759,T,KO,I,43,70.81
2025-11-18,9:30:47.610836866,T,KO,F I,43,70.81
2025-11-18,9:30:47.610839857,T,KO,I,57,70.81
2025-11-18,9:30:47.611450295,T,KO,I,1,70.81
2025-11-18,9:30:47.611450295,T,KO,I,35,70.81
2025-11-18,9:30:47.612087839,T,KO,I,1,70.81
2025-11-18,9:30:47.612087839,T,KO,I,99,70.81
2025-11-18,9:30:47.612111916,T,KO,I,1,70.81
2025-11-18,9:30:47.628684310,T,KO,F I,24,70.8
2025-11-18,9:30:47.638367407,T,KO,F I,1,70.8
2025-11-18,9:30:48.002679040,T,KO,F I,1,70.81
2025-11-18,9:30:48.010079761,T,KO,F I,1,70.81
2025-11-18,9:30:48.010079761,T,KO,F I,2,70.81
2025-11-18,9:30:48.010115711,T,KO,I,49,70.81
2025-11-18,9:30:48.010118804,T,KO,I,80,70.81
2025-11-18,9:30:48.010611896,T,KO,F I,1,70.81
2025-11-18,9:30:48.061351825,T,KO,F I,6,70.8
2025-11-18,9:30:48.084663288,T,KO,F I,1,70.8
2025-11-18,9:30:48.370037189,T,KO,I,50,70.82
2025-11-18,9:30:48.370924039,T,KO,F I,50,70.83
2025-11-18,9:30:48.370930098,T,KO,F I,27,70.83
2025-11-18,9:30:48.370942071,T,KO,I,76,70.83
2025-11-18,9:30:48.370945058,T,KO,I,52,70.83
2025-11-18,9:30:48.396966067,T,KO,F I,17,70.81
2025-11-18,9:30:48.397011181,T,KO,I,42,70.82
2025-11-18,9:30:48.410684784,T,KO,I,50,70.83
2025-11-18,9:30:48.410687804,T,KO,,100,70.83
2025-11-18,9:30:48.410705826,T,KO,,100,70.83
2025-11-18,9:30:48.410739412,T,KO,I,50,70.83
2025-11-18,9:30:48.410739412,T,KO,I,86,70.83
2025-11-18,9:30:48.410741908,T,KO,I,43,70.83
2025-11-18,9:30:48.410762943,T,KO,I,57,70.83
2025-11-18,9:30:48.410765956,T,KO,,193,70.83
2025-11-18,9:30:48.411773337,T,KO,F I,60,70.82
2025-11-18,9:30:48.425741649,T,KO,F I,14,70.81
2025-11-18,9:30:48.425775023,T,KO,I,9,70.81
2025-11-18,9:30:48.439652685,T,KO,F I,11,70.815
2025-11-18,9:30:48.453654064,T,KO,F I,1,70.815
2025-11-18,9:30:49.165455303,T,KO,I,1,70.82
2025-11-18,9:30:49.165455303,T,KO,I,50,70.82
2025-11-18,9:30:49.166201086,T,KO,I,50,70.82
2025-11-18,9:30:49.191151584,T,KO,F I,5,70.8
2025-11-18,9:30:49.191268817,T,KO,I,42,70.81
2025-11-18,9:30:49.203907868,T,KO,F I,2,70.81
2025-11-18,9:30:49.203944016,T,KO,I,20,70.81
2025-11-18,9:30:49.218862568,T,KO,F I,1,70.81
2025-11-18,9:30:49.219866899,T,KO,F,100,70.81
2025-11-18,9:30:49.219936144,T,KO,I,50,70.82
2025-11-18,9:30:49.231065578,T,KO,F I,3,70.82
2025-11-18,9:30:49.231107702,T,KO,,100,70.82
2025-11-18,9:30:49.256888056,T,KO,F I,1,70.81
2025-11-18,9:30:49.256918233,T,KO,I,7,70.81
2025-11-18,9:30:51.900833139,T,KO,I,89,70.82
2025-11-18,9:30:51.900848317,T,KO,F,111,70.82
2025-11-18,9:30:51.900911856,T,KO,,200,70.83
2025-11-18,9:30:51.900914504,T,KO,,400,70.83
2025-11-18,9:30:51.901145863,T,KO,,100,70.83
2025-11-18,9:30:51.901166900,T,KO,I,28,70.83
2025-11-18,9:30:51.901627069,T,KO,I,1,70.83
2025-11-18,9:30:51.901675088,T,KO,F,100,70.83
2025-11-18,9:30:51.901855612,T,KO,,100,70.83
2025-11-18,9:30:51.910122233,T,KO,F I,50,70.82
2025-11-18,9:30:51.918394938,T,KO,F I,3,70.82
2025-11-18,9:30:51.952977281,T,KO,I,1,70.82
2025-11-18,9:30:51.953028446,T,KO,F,100,70.82
2025-11-18,9:30:51.971191704,T,KO,F I,3,70.82
2025-11-18,9:30:51.971245793,T,KO,F,100,70.82
2025-11-18,9:30:51.971245793,T,KO,F I,9,70.82
2025-11-18,9:30:51.971248825,T,KO,F I,3,70.82
2025-11-18,9:30:51.971266871,T,KO,I,1,70.82
2025-11-18,9:30:51.971269945,T,KO,F I,37,70.82
2025-11-18,9:30:51.978592278,T,KO,F I,1,70.82
2025-11-18,9:30:51.978595343,T,KO,F I,15,70.82
2025-11-18,9:31:00.086012587,T,KO,,100,70.81
2025-11-18,9:31:00.086015828,T,KO,,100,70.81
2025-11-18,9:31:00.086018426,T,KO,,100,70.81
2025-11-18,9:31:00.086018426,T,KO,,100,70.81
2025-11-18,9:31:00.086036865,T,KO,,100,70.82
2025-11-18,9:31:00.086036865,T,KO,I,21,70.82
2025-11-18,9:31:00.086063576,T,KO,I,1,70.82
2025-11-18,9:31:00.086075719,T,KO,I,28,70.82
2025-11-18,9:31:00.086075719,T,KO,,100,70.82
2025-11-18,9:31:00.086079217,T,KO,,134,70.82
2025-11-18,9:31:00.086081938,T,KO,I,1,70.82
2025-11-18,9:31:00.086183866,T,KO,I,18,70.82
2025-11-18,9:31:00.086475748,T,KO,F,100,70.82
2025-11-18,9:31:00.086475748,T,KO,F,100,70.82
2025-11-18,9:31:00.086481529,T,KO,F,100,70.82
2025-11-18,9:31:00.086484594,T,KO,F,100,70.82
2025-11-18,9:31:00.086529770,T,KO,I,97,70.82
2025-11-18,9:31:00.086764217,T,KO,F I,3,70.82
2025-11-18,9:31:00.087119096,T,KO,,100,70.82
2025-11-18,9:31:00.087269442,T,KO,F,100,70.82
2025-11-18,9:31:00.087477716,T,KO,,100,70.82
2025-11-18,9:31:00.087482902,T,KO,,100,70.82
2025-11-18,9:31:00.087485955,T,KO,,100,70.82
2025-11-18,9:31:00.087485955,T,KO,I,3,70.82
2025-11-18,9:31:00.087488950,T,KO,I,50,70.82
2025-11-18,9:31:00.092534950,T,KO,F,100,70.81
2025-11-18,9:31:00.092534950,T,KO,F I,50,70.81
2025-11-18,9:31:00.092538012,T,KO,F I,50,70.81
2025-11-18,9:31:00.092553145,T,KO,I,1,70.81
2025-11-18,9:31:00.136244654,T,KO,,100,70.815
2025-11-18,9:31:00.136244654,T,KO,I,31,70.81
2025-11-18,9:31:00.136860526,T,KO,F I,6,70.81
2025-11-18,9:31:00.147782515,T,KO,F I,1,70.81
2025-11-18,9:31:02.787758149,T,KO,I,2,70.815
2025-11-18,9:31:03.055978966,T,KO,F I,5,70.81
2025-11-18,9:31:04.720044081,T,KO,,100,70.815
2025-11-18,9:31:04.723456315,T,KO,F I,27,70.82
2025-11-18,9:31:04.723468288,T,KO,F I,23,70.82
2025-11-18,9:31:04.724391506,T,KO,,100,70.81
2025-11-18,9:31:04.985446284,T,KO,F I,1,70.83
2025-11-18,9:31:04.985449266,T,KO,F I,5,70.83
2025-11-18,9:31:04.985452394,T,KO,F I,50,70.83
2025-11-18,9:31:04.985452394,T,KO,F I,30,70.83
2025-11-18,9:31:04.985695918,T,KO,,100,70.83
2025-11-18,9:31:04.985858213,T,KO,F,100,70.83
2025-11-18,9:31:04.985864296,T,KO,F,100,70.83
2025-11-18,9:31:04.985879307,T,KO,I,1,70.83
2025-11-18,9:31:04.985927477,T,KO,F I,99,70.83
2025-11-18,9:31:05.022786267,T,KO,F,100,70.83
2025-11-18,9:31:05.032433201,T,KO,F I,9,70.82
2025-11-18,9:31:05.178003838,T,KO,F I,13,70.82
2025-11-18,9:31:05.937095833,T,KO,F I,1,70.82
2025-11-18,9:31:08.762808681,T,KO,F I,2,70.83
2025-11-18,9:31:08.762811728,T,KO,F I,53,70.83
2025-11-18,9:31:08.763440299,T,KO,F I,5,70.84
2025-11-18,9:31:08.782517639,T,KO,F I,20,70.83
2025-11-18,9:31:08.782568735,T,KO,I,20,70.84
2025-11-18,9:31:08.782571818,T,KO,,100,70.84
2025-11-18,9:31:08.792988623,T,KO,F I,7,70.83
2025-11-18,9:31:08.793009657,T,KO,I,43,70.83
2025-11-18,9:31:08.793013070,T,KO,,200,70.83
2025-11-18,9:31:08.793051814,T,KO,,100,70.83
2025-11-18,9:31:08.793051814,T,KO,I,44,70.83
2025-11-18,9:31:08.793069863,T,KO,I,1,70.83
2025-11-18,9:31:08.793078836,T,KO,I,55,70.83
2025-11-18,9:31:08.793078836,T,KO,I,18,70.83
2025-11-18,9:31:08.793081889,T,KO,I,27,70.83
2025-11-18,9:31:08.793268289,T,KO,,100,70.83
2025-11-18,9:31:08.793268289,T,KO,I,4,70.83
2025-11-18,9:31:08.805068387,T,KO,F I,37,70.82
2025-11-18,9:31:08.805829155,T,KO,I,46,70.83
2025-11-18,9:31:08.815292698,T,KO,F I,5,70.83
2025-11-18,9:31:09.921651673,T,KO,F I,5,70.82
2025-11-18,9:31:09.921678718,T,KO,I,41,70.82
2025-11-18,9:31:09.922457602,T,KO,,100,70.82
2025-11-18,9:31:09.930970895,T,KO,,100,70.81
2025-11-18,9:31:10.019613003,T,KO,F I,3,70.77
2025-11-18,9:31:11.471332505,T,KO,,100,70.73
2025-11-18,9:31:11.471347604,T,KO,I,1,70.73
2025-11-18,9:31:11.483099635,T,KO,F,100,70.73
2025-11-18,9:31:11.566831033,T,KO,I,2,70.73
2025-11-18,9:31:13.938600770,T,KO,I,50,70.72
2025-11-18,9:31:13.938607313,T,KO,,100,70.72
2025-11-18,9:31:13.938609767,T,KO,,100,70.72
2025-11-18,9:31:13.957425579,T,KO,F,166,70.715
2025-11-18,9:31:13.957434831,T,KO,F I,34,70.715
2025-11-18,9:31:13.957437647,T,KO,F I,50,70.72
2025-11-18,9:31:13.957452609,T,KO,F I,84,70.72
2025-11-18,9:31:13.957455619,T,KO,F I,84,70.72
2025-11-18,9:31:14.001892442,T,KO,F I,60,70.71
2025-11-18,9:31:14.012570922,T,KO,F I,3,70.71
2025-11-18,9:31:14.194173374,T,KO,I,50,70.73
2025-11-18,9:31:14.194176422,T,KO,I,50,70.73
2025-11-18,9:31:14.197526356,T,KO,F I,6,70.72
2025-11-18,9:31:14.206767390,T,KO,F I,5,70.72
2025-11-18,9:31:14.207726708,T,KO,I,50,70.73
2025-11-18,9:31:14.207730227,T,KO,I,50,70.73
2025-11-18,9:31:14.207744702,T,KO,I,1,70.73
2025-11-18,9:31:14.220037993,T,KO,F I,5,70.73
2025-11-18,9:31:14.229363160,T,KO,F I,1,70.73
2025-11-18,9:31:15.642127945,T,KO,F,100,70.72
2025-11-18,9:31:15.663319460,T,KO,F I,10,70.71
2025-11-18,9:31:17.781218627,T,KO,F I,13,70.74
2025-11-18,9:31:17.781441148,T,KO,,100,70.74
2025-11-18,9:31:17.787425389,T,KO,F I,67,70.74
2025-11-18,9:31:17.802840035,T,KO,F I,3,70.74
2025-11-18,9:31:17.816633888,T,KO,F I,1,70.74
2025-11-18,9:31:18.002888620,T,KO,I,29,70.74
2025-11-18,9:31:18.002888620,T,KO,I,71,70.74
2025-11-18,9:31:18.002900600,T,KO,,109,70.74
2025-11-18,9:31:18.003688380,T,KO,,100,70.73
2025-11-18,9:31:18.056800927,T,KO,F I,25,70.73
2025-11-18,9:31:18.056831045,T,KO,I,75,70.73
2025-11-18,9:31:18.056833953,T,KO,,100,70.73
2025-11-18,9:31:18.056848992,T,KO,I,1,70.73
2025-11-18,9:31:18.066144175,T,KO,F I,10,70.73
2025-11-18,9:31:18.066213286,T,KO,F I,10,70.73
2025-11-18,9:31:19.058149844,T,KO,F I,18,70.75
2025-11-18,9:31:19.070963294,T,KO,F I,23,70.75
2025-11-18,9:31:19.080270494,T,KO,F I,1,70.75
2025-11-18,9:31:20.473960763,T,KO,F I,10,70.77
2025-11-18,9:31:20.473960763,T,KO,F I,10,70.77
2025-11-18,9:31:22.660546558,T,KO,F I,11,70.78
2025-11-18,9:31:22.670100293,T,KO,F I,1,70.77
2025-11-18,9:31:22.974888225,T,KO,I,2,70.76
2025-11-18,9:31:22.974891697,T,KO,,139,70.76
2025-11-18,9:31:22.974906220,T,KO,I,1,70.76
2025-11-18,9:31:22.974927301,T,KO,F I,47,70.76
2025-11-18,9:31:22.974930294,T,KO,F,154,70.76
2025-11-18,9:31:22.974942332,T,KO,,146,70.76
2025-11-18,9:31:22.993385307,T,KO,F I,24,70.75
2025-11-18,9:31:22.993412397,T,KO,I,76,70.75
2025-11-18,9:31:22.993412397,T,KO,I,12,70.75
2025-11-18,9:31:23.006478477,T,KO,I,21,70.74
2025-11-18,9:31:23.006508537,T,KO,I,79,70.74
2025-11-18,9:31:23.006508537,T,KO,,100,70.74
2025-11-18,9:31:23.007317425,T,KO,,200,70.73
2025-11-18,9:31:23.007320439,T,KO,,100,70.73
2025-11-18,9:31:23.014588801,T,KO,I,30,70.72
2025-11-18,9:31:23.014618841,T,KO,,170,70.72
2025-11-18,9:31:23.014621811,T,KO,,100,70.72
2025-11-18,9:31:23.014621811,T,KO,,100,70.72
2025-11-18,9:31:23.024365022,T,KO,F I,40,70.72
2025-11-18,9:31:23.032475379,T,KO,I,2,70.72
2025-11-18,9:31:23.136895998,T,KO,F,100,70.72
2025-11-18,9:31:23.164418262,T,KO,F I,7,70.7
2025-11-18,9:31:23.164418262,T,KO,F I,1,70.7
2025-11-18,9:31:23.164418262,T,KO,F I,1,70.7
2025-11-18,9:31:23.164420549,T,KO,F I,1,70.7
2025-11-18,9:31:23.164423663,T,KO,F I,62,70.7
2025-11-18,9:31:23.174317123,T,KO,F I,3,70.7
2025-11-18,9:31:23.785817591,T,KO,I,5,70.71
2025-11-18,9:31:25.329661449,T,KO,I,47,70.7
2025-11-18,9:31:26.134732934,T,KO,F I,2,70.71
2025-11-18,9:31:26.236609486,T,KO,F,200,70.73
2025-11-18,9:31:26.236612562,T,KO,F I,50,70.73
2025-11-18,9:31:26.236892245,T,KO,I,50,70.73
2025-11-18,9:31:26.237147812,T,KO,,100,70.74
2025-11-18,9:31:26.237277091,T,KO,F,100,70.73
2025-11-18,9:31:26.237298160,T,KO,I,1,70.73
2025-11-18,9:31:26.237334256,T,KO,,100,70.74
2025-11-18,9:31:26.237340331,T,KO,F,200,70.73
2025-11-18,9:31:26.237343372,T,KO,F I,44,70.73
2025-11-18,9:31:26.237397648,T,KO,F,100,70.73
2025-11-18,9:31:26.237400864,T,KO,I,1,70.73
2025-11-18,9:31:26.237403443,T,KO,I,19,70.73
2025-11-18,9:31:26.237403443,T,KO,F I,81,70.73
2025-11-18,9:31:26.237601949,T,KO,,100,70.74
2025-11-18,9:31:26.237616944,T,KO,F I,50,70.74
2025-11-18,9:31:26.237616944,T,KO,F I,50,70.74
2025-11-18,9:31:26.237622969,T,KO,I,1,70.74
2025-11-18,9:31:26.237996724,T,KO,,100,70.75
2025-11-18,9:31:26.237998956,T,KO,I,21,70.75
2025-11-18,9:31:26.238002029,T,KO,,200,70.75
2025-11-18,9:31:26.238005832,T,KO,I,50,70.75
2025-11-18,9:31:26.238005832,T,KO,I,40,70.75
2025-11-18,9:31:26.239655789,T,KO,F I,50,70.76
2025-11-18,9:31:26.348725487,T,KO,,100,70.75
2025-11-18,9:31:26.353954954,T,KO,F I,5,70.75
2025-11-18,9:31:28.300575358,T,KO,F,247,70.77
2025-11-18,9:31:28.300575358,T,KO,F I,6,70.77
2025-11-18,9:31:28.300581314,T,KO,F,104,70.77
2025-11-18,9:31:32.328431298,T,KO,,100,70.765
2025-11-18,9:31:32.333059289,T,KO,,200,70.765
2025-11-18,9:31:34.653012525,T,KO,F I,12,70.78
2025-11-18,9:31:34.653138861,T,KO,,100,70.775
2025-11-18,9:31:34.653141841,T,KO,I,98,70.77
2025-11-18,9:31:34.653159934,T,KO,I,1,70.77
2025-11-18,9:31:34.653199059,T,KO,I,1,70.77
2025-11-18,9:31:34.653199059,T,KO,I,46,70.77
2025-11-18,9:31:34.653574825,T,KO,,100,70.76
2025-11-18,9:31:34.653647857,T,KO,F I,61,70.77
2025-11-18,9:31:34.653647857,T,KO,F I,34,70.77
2025-11-18,9:31:34.653650012,T,KO,F I,40,70.77
2025-11-18,9:31:34.653653023,T,KO,F I,27,70.77
2025-11-18,9:31:34.653656752,T,KO,F I,28,70.77
2025-11-18,9:31:34.653668132,T,KO,I,1,70.77
2025-11-18,9:31:34.653675298,T,KO,I,1,70.77
2025-11-18,9:31:34.653686252,T,KO,F I,2,70.77
2025-11-18,9:31:34.653692113,T,KO,F I,2,70.77
2025-11-18,9:31:34.653692113,T,KO,F I,16,70.77
2025-11-18,9:31:34.653704141,T,KO,,100,70.765
2025-11-18,9:31:34.653842713,T,KO,F I,50,70.77
2025-11-18,9:31:34.653845481,T,KO,F,172,70.77
2025-11-18,9:31:34.653869524,T,KO,,100,70.77
2025-11-18,9:31:34.653873313,T,KO,I,1,70.77
2025-11-18,9:31:34.653876026,T,KO,,100,70.76
2025-11-18,9:31:34.653876026,T,KO,,100,70.76
2025-11-18,9:31:34.653878618,T,KO,I,4,70.76
2025-11-18,9:31:34.654092128,T,KO,I,32,70.76
2025-11-18,9:31:34.655298017,T,KO,,100,70.765
2025-11-18,9:31:34.655352137,T,KO,,100,70.76
2025-11-18,9:31:34.656365527,T,KO,I,1,70.76
2025-11-18,9:31:34.660611615,T,KO,I,10,70.77
2025-11-18,9:31:34.660638653,T,KO,F I,90,70.77
2025-11-18,9:31:34.663152730,T,KO,,100,70.77
2025-11-18,9:31:34.670342842,T,KO,F I,5,70.76
2025-11-18,9:31:34.671632834,T,KO,I,51,70.77
2025-11-18,9:31:34.671632834,T,KO,I,49,70.77
2025-11-18,9:31:34.671681043,T,KO,F,100,70.77
2025-11-18,9:31:34.671690484,T,KO,F,100,70.77
2025-11-18,9:31:34.671690484,T,KO,F I,52,70.77
2025-11-18,9:31:34.671693108,T,KO,F I,81,70.77
2025-11-18,9:31:34.678895232,T,KO,F I,22,70.76
2025-11-18,9:31:34.678922393,T,KO,I,78,70.76
2025-11-18,9:31:34.678925377,T,KO,,100,70.76
2025-11-18,9:31:34.680928092,T,KO,,100,70.76
2025-11-18,9:31:34.689943528,T,KO,F I,25,70.75
2025-11-18,9:31:34.696610345,T,KO,F I,2,70.75
2025-11-18,9:31:34.872436185,T,KO,F I,2,70.75
2025-11-18,9:31:35.592329750,T,KO,,100,70.76
2025-11-18,9:31:35.603889220,T,KO,F I,5,70.75
2025-11-18,9:31:37.716619076,T,KO,F I,2,70.76
2025-11-18,9:31:37.733738915,T,KO,F I,14,70.77
2025-11-18,9:31:37.743966269,T,KO,F I,7,70.77
2025-11-18,9:31:37.751072303,T,KO,,100,70.78
2025-11-18,9:31:37.754407072,T,KO,F I,6,70.77
2025-11-18,9:31:39.119790975,T,KO,,100,70.785
2025-11-18,9:31:39.139671472,T,KO,F I,10,70.77
2025-11-18,9:31:39.140468608,T,KO,I,64,70.78
2025-11-18,9:31:39.140468608,T,KO,I,36,70.78
2025-11-18,9:31:39.140492365,T,KO,I,90,70.78
2025-11-18,9:31:39.140765954,T,KO,,100,70.785
2025-11-18,9:31:39.140765954,T,KO,,100,70.78
2025-11-18,9:31:39.140768949,T,KO,I,64,70.78
2025-11-18,9:31:39.140787650,T,KO,F I,64,70.78
2025-11-18,9:31:39.157488768,T,KO,F I,26,70.77
2025-11-18,9:31:39.158601415,T,KO,,100,70.78
2025-11-18,9:31:39.166074221,T,KO,F I,7,70.77
2025-11-18,9:31:39.224362009,T,KO,,100,70.78
2025-11-18,9:31:39.229928290,T,KO,F I,5,70.77
2025-11-18,9:31:39.356553911,T,KO,,100,70.78
2025-11-18,9:31:39.370224437,T,KO,F I,5,70.77
2025-11-18,9:31:39.372864704,T,KO,,100,70.78
2025-11-18,9:31:39.374019456,T,KO,I,5,70.78
2025-11-18,9:31:39.374022514,T,KO,I,95,70.78
2025-11-18,9:31:39.382057617,T,KO,F I,7,70.77
2025-11-18,9:31:39.382060637,T,KO,F I,3,70.77
2025-11-18,9:31:39.385921825,T,KO,,100,70.78
2025-11-18,9:31:39.386087199,T,KO,,120,70.77
2025-11-18,9:31:39.386108432,T,KO,I,1,70.77
2025-11-18,9:31:39.386117254,T,KO,I,76,70.77
2025-11-18,9:31:39.386117254,T,KO,I,50,70.77
2025-11-18,9:31:39.389362007,T,KO,F I,26,70.76
2025-11-18,9:31:39.397956474,T,KO,F I,1,70.76
2025-11-18,9:31:40.287673587,T,KO,F,100,70.76
2025-11-18,9:31:40.622256328,T,KO,I,15,70.75
2025-11-18,9:31:40.622259427,T,KO,I,50,70.75
2025-11-18,9:31:40.622259427,T,KO,I,35,70.75
2025-11-18,9:31:42.709927463,T,KO,I,93,70.73
2025-11-18,9:31:44.506111448,T,KO,F,100,70.75
2025-11-18,9:31:44.506111448,T,KO,F I,31,70.75
2025-11-18,9:31:44.528641068,T,KO,F I,8,70.75
2025-11-18,9:31:44.537984326,T,KO,F I,1,70.75
2025-11-18,9:31:48.619199479,T,KO,F I,1,70.76
2025-11-18,9:31:50.154728617,T,KO,F I,2,70.75
2025-11-18,9:31:51.289213550,T,KO,I,61,70.74
2025-11-18,9:31:51.289231667,T,KO,I,39,70.74
2025-11-18,9:31:54.598715748,T,KO,F I,5,70.74
2025-11-18,9:31:54.598715748,T,KO,F I,4,70.74
2025-11-18,9:31:54.612455471,T,KO,F I,8,70.74
2025-11-18,9:31:54.621065112,T,KO,F I,1,70.74
2025-11-18,9:31:55.464556410,T,KO,I,90,70.75
2025-11-18,9:31:55.464567889,T,KO,F I,10,70.75
2025-11-18,9:31:55.464685733,T,KO,F I,39,70.74
2025-11-18,9:31:55.464691342,T,KO,F,100,70.74
2025-11-18,9:31:55.464691342,T,KO,F,200,70.74
2025-11-18,9:31:55.464694131,T,KO,F I,50,70.74
2025-11-18,9:31:55.465151234,T,KO,,100,70.74
2025-11-18,9:31:55.465346781,T,KO,I,50,70.75
2025-11-18,9:31:55.465349671,T,KO,I,50,70.75
2025-11-18,9:31:55.465364829,T,KO,I,1,70.75
2025-11-18,9:31:55.466234223,T,KO,F,100,70.74
2025-11-18,9:31:55.466234223,T,KO,F,200,70.74
2025-11-18,9:31:55.466239807,T,KO,F I,50,70.74
2025-11-18,9:31:55.466239807,T,KO,F I,93,70.74
2025-11-18,9:31:55.466243284,T,KO,F I,7,70.74
2025-11-18,9:31:55.467184134,T,KO,F,100,70.73
2025-11-18,9:31:55.467959958,T,KO,,100,70.73
2025-11-18,9:31:55.467984141,T,KO,I,1,70.73
2025-11-18,9:31:55.467990247,T,KO,,399,70.73
2025-11-18,9:31:55.467990247,T,KO,I,49,70.73
2025-11-18,9:31:55.468345467,T,KO,,100,70.74
2025-11-18,9:31:55.468345467,T,KO,I,50,70.74
2025-11-18,9:31:55.469231954,T,KO,I,80,70.74
2025-11-18,9:31:55.470458902,T,KO,,100,70.75
2025-11-18,9:31:55.484617716,T,KO,F,100,70.73
2025-11-18,9:31:55.484617716,T,KO,F I,50,70.73
2025-11-18,9:31:55.484622724,T,KO,F,200,70.73
2025-11-18,9:31:55.484622724,T,KO,F,100,70.73
2025-11-18,9:31:55.485416548,T,KO,F,100,70.73
2025-11-18,9:31:55.485482642,T,KO,I,50,70.72
2025-11-18,9:31:55.485482642,T,KO,I,9,70.72
2025-11-18,9:31:55.492408180,T,KO,F I,80,70.72
2025-11-18,9:31:55.503474648,T,KO,F I,4,70.72
2025-11-18,9:31:58.211390802,T,KO,I,61,70.71
2025-11-18,9:31:58.211414800,T,KO,I,39,70.71
2025-11-18,9:31:58.211420951,T,KO,,100,70.71
2025-11-18,9:31:59.876961651,T,KO,I,39,70.72
2025-11-18,9:31:59.876964624,T,KO,I,26,70.72
2025-11-18,9:31:59.891389974,T,KO,I,3,70.71
2025-11-18,9:32:00.210467906,T,KO,F I,80,70.73
2025-11-18,9:32:00.210470914,T,KO,F I,3,70.73
2025-11-18,9:32:02.097465158,T,KO,F,291,70.75
2025-11-18,9:32:02.097465158,T,KO,F,260,70.75
2025-11-18,9:32:02.284005452,T,KO,F,100,70.76
2025-11-18,9:32:03.067629753,T,KO,F I,1,70.77
2025-11-18,9:32:06.164760133,T,KO,F,200,70.73
2025-11-18,9:32:06.164889468,T,KO,I,50,70.72
2025-11-18,9:32:06.165172128,T,KO,F I,22,70.72
2025-11-18,9:32:06.165172128,T,KO,F I,15,70.72
2025-11-18,9:32:06.165175130,T,KO,F I,5,70.72
2025-11-18,9:32:06.165187184,T,KO,F I,1,70.72
2025-11-18,9:32:06.165190099,T,KO,F I,1,70.72
2025-11-18,9:32:06.165199205,T,KO,I,56,70.72
2025-11-18,9:32:10.110078702,T,KO,F I,50,70.69
2025-11-18,9:32:10.112168490,T,KO,F I,1,70.68
2025-11-18,9:32:10.112171552,T,KO,F,200,70.68
2025-11-18,9:32:10.141118507,T,KO,F I,50,70.67
2025-11-18,9:32:10.158737454,T,KO,I,12,70.65
2025-11-18,9:32:10.159582497,T,KO,,100,70.66
2025-11-18,9:32:10.159633635,T,KO,,100,70.67
2025-11-18,9:32:10.170640166,T,KO,F I,34,70.66
2025-11-18,9:32:10.170663835,T,KO,F,166,70.66
2025-11-18,9:32:10.170666900,T,KO,F I,50,70.66
2025-11-18,9:32:10.170687959,T,KO,I,1,70.66
2025-11-18,9:32:10.170760029,T,KO,F I,60,70.67
2025-11-18,9:32:10.170763225,T,KO,F,100,70.67
2025-11-18,9:32:10.170763225,T,KO,F I,50,70.67
2025-11-18,9:32:10.170898437,T,KO,F I,47,70.67
2025-11-18,9:32:10.170907456,T,KO,F I,53,70.67
2025-11-18,9:32:10.171100064,T,KO,F I,42,70.67
2025-11-18,9:32:10.171103108,T,KO,F,100,70.67
2025-11-18,9:32:10.171103108,T,KO,F,100,70.67
2025-11-18,9:32:10.171175116,T,KO,F,100,70.67
2025-11-18,9:32:10.180746864,T,KO,F I,19,70.67
2025-11-18,9:32:10.191563711,T,KO,F I,49,70.66
2025-11-18,9:32:10.191563711,T,KO,F I,3,70.66
2025-11-18,9:32:10.203165225,T,KO,F I,3,70.66
2025-11-18,9:32:10.703653272,T,KO,F,100,70.67
2025-11-18,9:32:10.703680315,T,KO,I,50,70.68
2025-11-18,9:32:10.703683362,T,KO,I,41,70.68
2025-11-18,9:32:10.703704342,T,KO,I,59,70.68
2025-11-18,9:32:10.719946101,T,KO,F I,12,70.67
2025-11-18,9:32:10.729289500,T,KO,I,88,70.67
2025-11-18,9:32:10.729289500,T,KO,I,2,70.67
2025-11-18,9:32:10.729511879,T,KO,I,1,70.67
2025-11-18,9:32:10.729511879,T,KO,I,1,70.68
2025-11-18,9:32:10.729514895,T,KO,,100,70.68
2025-11-18,9:32:10.729514895,T,KO,I,20,70.68
2025-11-18,9:32:10.729529851,T,KO,I,1,70.68
2025-11-18,9:32:10.729539404,T,KO,I,1,70.68
2025-11-18,9:32:10.739276291,T,KO,F I,1,70.67
2025-11-18,9:32:10.739276291,T,KO,F I,20,70.67
2025-11-18,9:32:10.739279135,T,KO,F I,1,70.67
2025-11-18,9:32:10.747840548,T,KO,F I,1,70.67
2025-11-18,9:32:10.747921657,T,KO,I,54,70.67
2025-11-18,9:32:10.756182333,T,KO,F I,3,70.66
2025-11-18,9:32:10.766361617,T,KO,F I,1,70.66
2025-11-18,9:32:13.928726335,T,KO,F I,49,70.65
2025-11-18,9:32:13.928729390,T,KO,F I,50,70.65
2025-11-18,9:32:13.950591584,T,KO,F I,5,70.64
2025-11-18,9:32:14.851431872,T,KO,I,50,70.67
2025-11-18,9:32:14.851464964,T,KO,I,1,70.67
2025-11-18,9:32:14.851516122,T,KO,F,149,70.67
2025-11-18,9:32:14.851534200,T,KO,I,1,70.67
2025-11-18,9:32:14.851564294,T,KO,F,199,70.67
2025-11-18,9:32:14.851612311,T,KO,F I,51,70.67
2025-11-18,9:32:14.851844098,T,KO,I,1,70.67
2025-11-18,9:32:14.851844098,T,KO,,200,70.67
2025-11-18,9:32:14.867592389,T,KO,F I,50,70.65
2025-11-18,9:32:14.867595442,T,KO,F I,19,70.65
2025-11-18,9:32:14.874650259,T,KO,F I,8,70.65
2025-11-18,9:32:14.916452806,T,KO,F I,1,70.66
2025-11-18,9:32:14.956718682,T,KO,F I,8,70.67
2025-11-18,9:32:15.018094869,T,KO,F I,3,70.67
2025-11-18,9:32:15.201526336,T,KO,I,14,70.67
2025-11-18,9:32:15.201526336,T,KO,I,17,70.67
2025-11-18,9:32:15.201528759,T,KO,I,14,70.67
2025-11-18,9:32:15.201532442,T,KO,I,14,70.67
2025-11-18,9:32:15.201534770,T,KO,I,1,70.68
2025-11-18,9:32:15.201537782,T,KO,,140,70.68
2025-11-18,9:32:20.250448942,T,KO,,100,70.65
2025-11-18,9:32:20.250448942,T,KO,,100,70.65
2025-11-18,9:32:20.250451739,T,KO,,100,70.65
2025-11-18,9:32:20.252040010,T,KO,F,100,70.64
2025-11-18,9:32:20.252040010,T,KO,F I,51,70.64
2025-11-18,9:32:20.252042633,T,KO,F I,54,70.64
2025-11-18,9:32:20.252046238,T,KO,F I,63,70.64
2025-11-18,9:32:20.255654109,T,KO,F I,49,70.63
2025-11-18,9:32:20.264129043,T,KO,,125,70.64
2025-11-18,9:32:20.264129043,T,KO,I,65,70.64
2025-11-18,9:32:20.264131355,T,KO,I,10,70.64
2025-11-18,9:32:20.264149347,T,KO,I,1,70.64
2025-11-18,9:32:20.264170396,T,KO,F I,64,70.64
2025-11-18,9:32:20.264173570,T,KO,F I,49,70.64
2025-11-18,9:32:20.264173570,T,KO,F,157,70.64
2025-11-18,9:32:20.302066738,T,KO,I,11,70.64
2025-11-18,9:32:20.302066738,T,KO,I,65,70.64
2025-11-18,9:32:20.302346310,T,KO,F I,50,70.63
2025-11-18,9:32:20.302346310,T,KO,F,200,70.63
2025-11-18,9:32:20.302352329,T,KO,,200,70.63
2025-11-18,9:32:20.318578975,T,KO,F I,7,70.61
2025-11-18,9:32:21.708690906,T,KO,I,39,70.63
2025-11-18,9:32:21.708717890,T,KO,F I,25,70.63
2025-11-18,9:32:21.708720985,T,KO,F,100,70.63
2025-11-18,9:32:21.708726993,T,KO,I,1,70.63
2025-11-18,9:32:21.721396151,T,KO,F I,9,70.62
2025-11-18,9:32:21.721417771,T,KO,F I,42,70.62
2025-11-18,9:32:21.721417771,T,KO,F I,50,70.62
2025-11-18,9:32:21.721423251,T,KO,F,200,70.62
2025-11-18,9:32:21.724184379,T,KO,F I,13,70.61
2025-11-18,9:32:21.724192836,T,KO,F I,5,70.61
2025-11-18,9:32:21.724195995,T,KO,I,80,70.61
2025-11-18,9:32:21.724198851,T,KO,F I,2,70.61
2025-11-18,9:32:21.724198851,T,KO,F I,3,70.61
2025-11-18,9:32:21.725867802,T,KO,F,100,70.61
2025-11-18,9:32:21.725900816,T,KO,I,10,70.62
2025-11-18,9:32:21.730327431,T,KO,F,100,70.61
2025-11-18,9:32:21.730381543,T,KO,F I,8,70.61
2025-11-18,9:32:21.730390496,T,KO,F I,92,70.61
2025-11-18,9:32:21.730393532,T,KO,F I,1,70.61
2025-11-18,9:32:21.740690122,T,KO,F I,1,70.61
2025-11-18,9:32:21.740693142,T,KO,F I,13,70.61
2025-11-18,9:32:21.740693142,T,KO,F I,5,70.61
2025-11-18,9:32:21.740759223,T,KO,F,100,70.61
2025-11-18,9:32:21.751215156,T,KO,F I,16,70.61
2025-11-18,9:32:21.760320809,T,KO,F I,1,70.61
2025-11-18,9:32:22.502326155,T,KO,F I,47,70.62
2025-11-18,9:32:22.502347115,T,KO,I,17,70.62
2025-11-18,9:32:22.502365445,T,KO,I,9,70.62
2025-11-18,9:32:22.508400494,T,KO,F I,10,70.61
2025-11-18,9:32:22.508463998,T,KO,F I,63,70.62
2025-11-18,9:32:22.508466639,T,KO,F I,37,70.62
2025-11-18,9:32:22.508487739,T,KO,F I,10,70.63
2025-11-18,9:32:22.519199167,T,KO,F I,6,70.625
2025-11-18,9:32:22.528277866,T,KO,F I,1,70.625
2025-11-18,9:32:30.100591456,T,KO,I,5,70.62
2025-11-18,9:32:30.234560572,T,KO,I,12,70.62
2025-11-18,9:32:30.259679346,T,KO,I,4,70.62
2025-11-18,9:32:30.671368996,T,KO,,100,70.615
2025-11-18,9:32:30.692208594,T,KO,,100,70.615
2025-11-18,9:32:30.696376521,T,KO,,100,70.615
2025-11-18,9:32:30.791709813,T,KO,I,50,70.61
2025-11-18,9:32:30.791712698,T,KO,,200,70.61
2025-11-18,9:32:30.791802932,T,KO,,100,70.61
2025-11-18,9:32:30.791805950,T,KO,I,1,70.61
2025-11-18,9:32:30.792154773,T,KO,I,1,70.6
2025-11-18,9:32:30.792822639,T,KO,F,100,70.59
2025-11-18,9:32:30.792822639,T,KO,F I,50,70.59
2025-11-18,9:32:30.792846596,T,KO,,100,70.6
2025-11-18,9:32:30.793177198,T,KO,F I,97,70.59
2025-11-18,9:32:30.793195423,T,KO,,100,70.59
2025-11-18,9:32:30.793336550,T,KO,,100,70.595
2025-11-18,9:32:30.797092463,T,KO,F,100,70.6
2025-11-18,9:32:30.797095509,T,KO,F I,53,70.6
2025-11-18,9:32:30.801967092,T,KO,F I,1,70.6
2025-11-18,9:32:30.801970145,T,KO,F I,4,70.6
2025-11-18,9:32:30.801997197,T,KO,,130,70.6
2025-11-18,9:32:30.802000226,T,KO,I,29,70.6
2025-11-18,9:32:30.802003633,T,KO,,100,70.6
2025-11-18,9:32:30.802021597,T,KO,I,1,70.6
2025-11-18,9:32:30.802069321,T,KO,F,100,70.6
2025-11-18,9:32:30.802072419,T,KO,F I,12,70.6
2025-11-18,9:32:30.802523429,T,KO,F,100,70.6
2025-11-18,9:32:30.802550980,T,KO,I,11,70.6
2025-11-18,9:32:30.802550980,T,KO,I,5,70.6
2025-11-18,9:32:30.802553515,T,KO,I,1,70.6
2025-11-18,9:32:30.802622703,T,KO,F,100,70.6
2025-11-18,9:32:30.802628681,T,KO,F,100,70.6
2025-11-18,9:32:30.873630853,T,KO,F,100,70.6
2025-11-18,9:32:30.893787837,T,KO,I,50,70.61
2025-11-18,9:32:30.894599764,T,KO,F I,1,70.6
2025-11-18,9:32:30.915499571,T,KO,F I,7,70.6
2025-11-18,9:32:30.938341918,T,KO,F I,21,70.59
2025-11-18,9:32:30.948581298,T,KO,F I,1,70.58
2025-11-18,9:32:31.916472348,T,KO,F I,50,70.6
2025-11-18,9:32:31.947256713,T,KO,F I,7,70.6
2025-11-18,9:32:31.964430653,T,KO,F I,1,70.6
2025-11-18,9:32:33.114092709,T,KO,F I,2,70.605
2025-11-18,9:32:33.570348252,T,KO,I,98,70.605
2025-11-18,9:32:33.584406724,T,KO,F I,8,70.6
2025-11-18,9:32:33.594339383,T,KO,F I,1,70.59
2025-11-18,9:32:33.594384752,T,KO,I,65,70.6
2025-11-18,9:32:33.594432599,T,KO,I,60,70.6
2025-11-18,9:32:33.594432599,T,KO,F I,40,70.6
2025-11-18,9:32:33.604521606,T,KO,F I,9,70.6
2025-11-18,9:32:33.616529301,T,KO,F I,1,70.6
2025-11-18,9:32:34.863872919,T,KO,I,50,70.61
2025-11-18,9:32:34.863876016,T,KO,I,50,70.61
2025-11-18,9:32:34.863879312,T,KO,,200,70.61
2025-11-18,9:32:34.863879312,T,KO,I,10,70.61
2025-11-18,9:32:34.889100048,T,KO,F I,15,70.61
2025-11-18,9:32:34.898719971,T,KO,F I,40,70.61
2025-11-18,9:32:34.898729059,T,KO,F,100,70.61
2025-11-18,9:32:34.898765030,T,KO,I,27,70.61
2025-11-18,9:32:34.919045425,T,KO,I,50,70.61
2025-11-18,9:32:35.070461939,T,KO,F I,22,70.61
2025-11-18,9:32:35.070489586,T,KO,F I,43,70.61
2025-11-18,9:32:35.070501189,T,KO,F I,22,70.61
2025-11-18,9:32:35.070501189,T,KO,F,100,70.61
2025-11-18,9:32:35.070546560,T,KO,,100,70.61
2025-11-18,9:32:35.070546560,T,KO,I,47,70.61
2025-11-18,9:32:35.070558252,T,KO,I,21,70.61
2025-11-18,9:32:35.070570300,T,KO,I,1,70.61
2025-11-18,9:32:35.070588311,T,KO,F,100,70.61
2025-11-18,9:32:35.070588311,T,KO,F,100,70.61
2025-11-18,9:32:35.099754850,T,KO,F I,38,70.6
2025-11-18,9:32:35.108063608,T,KO,I,1,70.61
2025-11-18,9:32:35.108063608,T,KO,I,87,70.61
2025-11-18,9:32:35.108087551,T,KO,I,13,70.61
2025-11-18,9:32:35.108087551,T,KO,I,50,70.61
2025-11-18,9:32:35.120804979,T,KO,F I,2,70.61
2025-11-18,9:32:35.120810909,T,KO,F I,1,70.61
2025-11-18,9:32:35.120810909,T,KO,F I,16,70.61
2025-11-18,9:32:35.120887457,T,KO,I,2,70.61
2025-11-18,9:32:35.120887457,T,KO,I,50,70.62
2025-11-18,9:32:35.120887457,T,KO,I,19,70.62
2025-11-18,9:32:35.120892125,T,KO,I,94,70.62
2025-11-18,9:32:40.415355744,T,KO,F I,50,70.62
2025-11-18,9:32:40.415662704,T,KO,I,10,70.63
2025-11-18,9:32:40.415662704,T,KO,I,16,70.63
2025-11-18,9:32:40.415686506,T,KO,I,34,70.63
2025-11-18,9:32:40.416143561,T,KO,I,50,70.63
2025-11-18,9:32:40.416152660,T,KO,I,80,70.63
2025-11-18,9:32:40.442344938,T,KO,F I,5,70.63
2025-11-18,9:32:40.453868413,T,KO,F I,1,70.63
2025-11-18,9:32:43.724269004,T,KO,I,10,70.64
2025-11-18,9:32:43.724271403,T,KO,I,16,70.64
2025-11-18,9:32:43.724274505,T,KO,,100,70.64
2025-11-18,9:32:43.735818952,T,KO,F I,8,70.645
2025-11-18,9:32:43.735909108,T,KO,F I,8,70.65
2025-11-18,9:32:44.224828542,T,KO,F I,50,70.66
2025-11-18,9:32:45.839157289,T,KO,F I,10,70.68
2025-11-18,9:32:45.860133038,T,KO,F I,41,70.68
2025-11-18,9:32:45.860133038,T,KO,F I,50,70.68
2025-11-18,9:32:45.860186448,T,KO,I,49,70.69
2025-11-18,9:32:45.860189423,T,KO,I,10,70.69
2025-11-18,9:32:45.868516775,T,KO,F I,10,70.68
2025-11-18,9:32:45.868519276,T,KO,F I,17,70.68
2025-11-18,9:32:45.877101730,T,KO,F I,2,70.68
2025-11-18,9:32:46.410647448,T,KO,F I,4,70.69
2025-11-18,9:32:46.498279105,T,KO,F I,96,70.69
2025-11-18,9:32:46.517957968,T,KO,F I,5,70.68
2025-11-18,9:32:46.719609244,T,KO,F I,5,70.69
2025-11-18,9:32:47.187983771,T,KO,,195,70.7
2025-11-18,9:32:47.188010774,T,KO,F I,5,70.7
2025-11-18,9:32:47.188014149,T,KO,F I,15,70.7
2025-11-18,9:32:47.188017030,T,KO,F I,5,70.7
2025-11-18,9:32:47.188017030,T,KO,F I,2,70.7
2025-11-18,9:32:47.188020336,T,KO,,108,70.7
2025-11-18,9:32:47.188022879,T,KO,I,1,70.7
2025-11-18,9:32:47.188022879,T,KO,F I,5,70.7
2025-11-18,9:32:47.188025796,T,KO,I,1,70.7
2025-11-18,9:32:47.188052938,T,KO,I,59,70.71
2025-11-18,9:32:47.203323302,T,KO,F I,15,70.69
2025-11-18,9:32:47.203771288,T,KO,F I,35,70.69
2025-11-18,9:32:47.203771288,T,KO,F I,70,70.69
2025-11-18,9:32:47.213983649,T,KO,F I,36,70.68
2025-11-18,9:32:47.222536041,T,KO,F I,2,70.68
2025-11-18,9:32:47.797457322,T,KO,I,50,70.68
2025-11-18,9:32:47.808045589,T,KO,F I,5,70.67
2025-11-18,9:32:47.808066579,T,KO,I,6,70.67
2025-11-18,9:32:48.102257421,T,KO,F I,3,70.66
2025-11-18,9:32:48.161167599,T,KO,F I,50,70.67
2025-11-18,9:32:48.167795333,T,KO,I,3,70.66
2025-11-18,9:32:48.168011882,T,KO,F I,69,70.67
2025-11-18,9:32:48.181372816,T,KO,F I,3,70.67
2025-11-18,9:32:48.189708564,T,KO,F I,1,70.67
2025-11-18,9:32:50.586209172,T,KO,F I,50,70.68
2025-11-18,9:32:50.596815485,T,KO,F I,5,70.68
2025-11-18,9:32:50.650502346,T,KO,I,10,70.68
2025-11-18,9:32:51.076710408,T,KO,F I,54,70.68
2025-11-18,9:32:51.093568552,T,KO,F I,3,70.67
2025-11-18,9:32:51.217728266,T,KO,F I,50,70.68
2025-11-18,9:32:51.242925318,T,KO,F I,3,70.67
2025-11-18,9:32:51.242964955,T,KO,I,69,70.68
2025-11-18,9:32:51.242991901,T,KO,F I,50,70.68
2025-11-18,9:32:51.265370752,T,KO,F I,6,70.68
2025-11-18,9:32:52.619727875,T,KO,F I,2,70.69
2025-11-18,9:32:52.619730392,T,KO,F I,50,70.69
2025-11-18,9:32:52.619733338,T,KO,F I,52,70.69
2025-11-18,9:32:52.642308271,T,KO,F I,11,70.69
2025-11-18,9:32:52.642332185,T,KO,I,52,70.69
2025-11-18,9:32:52.668133885,T,KO,I,3,70.69
2025-11-18,9:32:52.668136699,T,KO,I,3,70.69
2025-11-18,9:32:52.669871792,T,KO,I,1,70.69
2025-11-18,9:32:53.650035226,T,KO,F,100,70.69
2025-11-18,9:32:53.666646753,T,KO,F I,2,70.67
2025-11-18,9:32:53.666689287,T,KO,I,50,70.67
2025-11-18,9:32:53.666689287,T,KO,,200,70.67
2025-11-18,9:32:53.666709938,T,KO,I,1,70.67
2025-11-18,9:32:53.677412395,T,KO,F I,12,70.67
2025-11-18,9:32:53.686563242,T,KO,F I,1,70.67
2025-11-18,9:32:56.434510946,T,KO,I,50,70.69
2025-11-18,9:32:56.445757737,T,KO,F I,18,70.695
2025-11-18,9:32:56.455783636,T,KO,F I,1,70.695
2025-11-18,9:32:57.172964741,T,KO,F I,2,70.705
2025-11-18,9:32:57.806880410,T,KO,I,90,70.71
2025-11-18,9:32:57.816316992,T,KO,F I,8,70.7
2025-11-18,9:32:57.825185036,T,KO,F I,1,70.705
2025-11-18,9:32:58.481952277,T,KO,I,50,70.72
2025-11-18,9:32:58.482051502,T,KO,I,50,70.72
2025-11-18,9:32:58.495409331,T,KO,F I,17,70.71
2025-11-18,9:32:58.495451427,T,KO,I,70,70.72
2025-11-18,9:32:58.627724494,T,KO,I,19,70.72
2025-11-18,9:32:58.627745512,T,KO,F I,51,70.72
2025-11-18,9:32:58.648548985,T,KO,F I,3,70.715
2025-11-18,9:32:58.657086425,T,KO,F I,1,70.715
2025-11-18,9:33:00.208132457,T,KO,F I,10,70.71
2025-11-18,9:33:00.208177539,T,KO,I,67,70.72
2025-11-18,9:33:00.208217438,T,KO,I,3,70.72
2025-11-18,9:33:00.208217438,T,KO,F I,3,70.72
2025-11-18,9:33:00.232054458,T,KO,F I,9,70.71
2025-11-18,9:33:00.235945701,T,KO,I,3,70.72
2025-11-18,9:33:00.236237798,T,KO,,100,70.72
2025-11-18,9:33:00.236237798,T,KO,I,70,70.72
2025-11-18,9:33:00.236240431,T,KO,I,30,70.72
2025-11-18,9:33:00.236255413,T,KO,I,1,70.72
2025-11-18,9:33:00.267466720,T,KO,I,10,70.72
2025-11-18,9:33:03.132041258,T,KO,I,25,70.73
2025-11-18,9:33:03.132044841,T,KO,,200,70.73
2025-11-18,9:33:03.132047461,T,KO,I,50,70.73
2025-11-18,9:33:03.132047461,T,KO,I,50,70.73
2025-11-18,9:33:03.132050200,T,KO,I,2,70.73
2025-11-18,9:33:03.132065242,T,KO,I,1,70.73
2025-11-18,9:33:03.144175083,T,KO,F I,24,70.72
2025-11-18,9:33:03.154510710,T,KO,F I,1,70.71
2025-11-18,9:33:03.154577399,T,KO,F I,81,70.72
2025-11-18,9:33:03.165186198,T,KO,F I,5,70.72
2025-11-18,9:33:05.055773926,T,KO,F I,1,70.74
2025-11-18,9:33:08.759157146,T,KO,F I,81,70.73
2025-11-18,9:33:08.780748577,T,KO,F I,22,70.72
2025-11-18,9:33:08.780769620,T,KO,F I,78,70.72
2025-11-18,9:33:10.814705765,T,KO,,100,70.72
2025-11-18,9:33:10.814727147,T,KO,I,1,70.72
2025-11-18,9:33:10.835184603,T,KO,F I,50,70.7
2025-11-18,9:33:10.848578501,T,KO,I,3,70.7
2025-11-18,9:33:10.848599714,T,KO,F I,97,70.7
2025-11-18,9:33:10.848602562,T,KO,F I,50,70.7
2025-11-18,9:33:10.848605567,T,KO,F,100,70.7
2025-11-18,9:33:10.885052353,T,KO,I,62,70.7
2025-11-18,9:33:10.885055327,T,KO,,200,70.7
2025-11-18,9:33:10.885058311,T,KO,I,50,70.7
2025-11-18,9:33:10.887274648,T,KO,,170,70.69
2025-11-18,9:33:10.887437087,T,KO,I,1,70.69
2025-11-18,9:33:10.887936261,T,KO,F I,29,70.69
2025-11-18,9:33:10.887936261,T,KO,F I,50,70.69
2025-11-18,9:33:10.888170751,T,KO,F I,50,70.69
2025-11-18,9:33:10.888444480,T,KO,F I,50,70.69
2025-11-18,9:33:10.899312600,T,KO,,200,70.69
2025-11-18,9:33:10.899312600,T,KO,,100,70.7
2025-11-18,9:33:10.899315378,T,KO,I,50,70.7
2025-11-18,9:33:10.913434005,T,KO,F I,18,70.69
2025-11-18,9:33:10.996272188,T,KO,F I,17,70.68
2025-11-18,9:33:11.029594645,T,KO,F I,1,70.68
2025-11-18,9:33:12.731705511,T,KO,I,62,70.7
2025-11-18,9:33:12.731708450,T,KO,,138,70.7
2025-11-18,9:33:12.731729678,T,KO,F,162,70.7
2025-11-18,9:33:12.731732478,T,KO,F I,26,70.7
2025-11-18,9:33:12.731735794,T,KO,F,112,70.7
2025-11-18,9:33:12.731783661,T,KO,F I,24,70.7
2025-11-18,9:33:12.737067234,T,KO,F I,1,70.7
2025-11-18,9:33:12.746975809,T,KO,I,12,70.69
2025-11-18,9:33:13.117548443,T,KO,F I,1,70.7
2025-11-18,9:33:13.143389014,T,KO,F I,5,70.7
2025-11-18,9:33:13.143407022,T,KO,F I,95,70.7
2025-11-18,9:33:14.314612449,T,KO,I,5,70.71
2025-11-18,9:33:16.340396504,T,KO,F I,30,70.73
2025-11-18,9:33:16.340396504,T,KO,F,400,70.73
2025-11-18,9:33:16.340417286,T,KO,I,1,70.73
2025-11-18,9:33:16.340420423,T,KO,I,99,70.73
2025-11-18,9:33:19.257623702,T,KO,,200,70.72
2025-11-18,9:33:19.257629262,T,KO,I,50,70.72
2025-11-18,9:33:19.257635428,T,KO,I,2,70.72
2025-11-18,9:33:19.257641412,T,KO,,100,70.72
2025-11-18,9:33:19.263917270,T,KO,,100,70.7
2025-11-18,9:33:19.267884379,T,KO,,300,70.695
2025-11-18,9:33:19.267887093,T,KO,,100,70.69
2025-11-18,9:33:19.267889716,T,KO,,182,70.68
2025-11-18,9:33:19.267889716,T,KO,I,50,70.68
2025-11-18,9:33:19.267931946,T,KO,,100,70.69
2025-11-18,9:33:19.268001531,T,KO,,100,70.7
2025-11-18,9:33:19.268001531,T,KO,I,52,70.7
2025-11-18,9:33:19.268007550,T,KO,,100,70.7
2025-11-18,9:33:19.268010000,T,KO,,100,70.7
2025-11-18,9:33:19.268833935,T,KO,,100,70.7
2025-11-18,9:33:19.268833935,T,KO,,100,70.7
2025-11-18,9:33:19.270563260,T,KO,F,100,70.7
2025-11-18,9:33:19.270563260,T,KO,F I,51,70.7
2025-11-18,9:33:19.270581182,T,KO,I,1,70.7
2025-11-18,9:33:19.270680349,T,KO,F I,52,70.71
2025-11-18,9:33:19.270683279,T,KO,F,200,70.71
2025-11-18,9:33:19.270683279,T,KO,F I,50,70.71
2025-11-18,9:33:19.272341402,T,KO,F,100,70.71
2025-11-18,9:33:19.272341402,T,KO,F,100,70.71
2025-11-18,9:33:19.272346306,T,KO,F I,1,70.71
2025-11-18,9:33:19.272346306,T,KO,F I,48,70.71
2025-11-18,9:33:19.272346306,T,KO,F I,64,70.71
2025-11-18,9:33:19.272349354,T,KO,F,195,70.71
2025-11-18,9:33:19.275067725,T,KO,I,4,70.71
2025-11-18,9:33:19.276177408,T,KO,I,50,70.7
2025-11-18,9:33:19.276180556,T,KO,,200,70.7
2025-11-18,9:33:19.276183440,T,KO,,120,70.7
2025-11-18,9:33:19.276229078,T,KO,,100,70.7
2025-11-18,9:33:19.276249879,T,KO,I,50,70.71
2025-11-18,9:33:19.277019451,T,KO,,100,70.71
2025-11-18,9:33:19.278772646,T,KO,F I,50,70.71
2025-11-18,9:33:19.278772646,T,KO,F I,50,70.71
2025-11-18,9:33:19.280399551,T,KO,I,50,70.71
2025-11-18,9:33:19.280403061,T,KO,,100,70.71
2025-11-18,9:33:19.280403061,T,KO,I,50,70.71
2025-11-18,9:33:19.281307837,T,KO,F I,50,70.7
2025-11-18,9:33:19.281307837,T,KO,F,150,70.7
2025-11-18,9:33:19.281620358,T,KO,I,50,70.7
2025-11-18,9:33:19.282384254,T,KO,,200,70.7
2025-11-18,9:33:19.283502867,T,KO,,100,70.7
2025-11-18,9:33:19.283508849,T,KO,F I,1,70.7
2025-11-18,9:33:19.284236861,T,KO,,100,70.7
2025-11-18,9:33:19.284236861,T,KO,,100,70.7
2025-11-18,9:33:19.284243265,T,KO,I,1,70.7
2025-11-18,9:33:19.284243265,T,KO,I,6,70.7
2025-11-18,9:33:19.284246031,T,KO,I,50,70.7
2025-11-18,9:33:19.284246031,T,KO,,200,70.7
2025-11-18,9:33:19.284248615,T,KO,I,64,70.7
2025-11-18,9:33:19.284251700,T,KO,,145,70.7
2025-11-18,9:33:19.302390875,T,KO,F I,7,70.7
2025-11-18,9:33:19.332742135,T,KO,I,52,70.71
2025-11-18,9:33:19.332742135,T,KO,,100,70.71
2025-11-18,9:33:20.414403331,T,KO,I,26,70.7
2025-11-18,9:33:25.306093803,T,KO,I,41,70.7
2025-11-18,9:33:25.306129837,T,KO,I,24,70.7
2025-11-18,9:33:25.373054291,T,KO,I,41,70.7
2025-11-18,9:33:25.373054291,T,KO,I,24,70.7
2025-11-18,9:33:27.311955109,T,KO,F I,27,70.675
2025-11-18,9:33:27.349490457,T,KO,F I,2,70.68
2025-11-18,9:33:27.840265349,T,KO,I,36,70.69
2025-11-18,9:33:27.840265349,T,KO,I,54,70.69
2025-11-18,9:33:30.107987156,T,KO,I,8,70.72
2025-11-18,9:33:30.107990244,T,KO,,100,70.72
2025-11-18,9:33:30.156799437,T,KO,,100,70.72
2025-11-18,9:33:30.156815209,T,KO,I,1,70.72
2025-11-18,9:33:30.156817475,T,KO,,158,70.72
2025-11-18,9:33:30.156820552,T,KO,F,244,70.72
2025-11-18,9:33:30.156820552,T,KO,F,100,70.72
2025-11-18,9:33:30.161159898,T,KO,I,1,70.72
2025-11-18,9:33:30.161159898,T,KO,I,65,70.72
2025-11-18,9:33:31.102404590,T,KO,F I,1,70.72
2025-11-18,9:33:31.102404590,T,KO,F I,20,70.72
2025-11-18,9:33:31.363877438,T,KO,,133,70.73
2025-11-18,9:33:31.404603337,T,KO,F I,7,70.71
2025-11-18,9:33:31.405051451,T,KO,F I,43,70.71
2025-11-18,9:33:31.405279907,T,KO,I,1,70.71
2025-11-18,9:33:31.405279907,T,KO,I,99,70.71
2025-11-18,9:33:31.414947998,T,KO,F I,1,70.71
2025-11-18,9:33:31.415396069,T,KO,,100,70.71
2025-11-18,9:33:31.425743717,T,KO,F I,11,70.71
2025-11-18,9:33:31.434933576,T,KO,F I,1,70.71
2025-11-18,9:33:32.887940218,T,KO,F I,7,70.72
2025-11-18,9:33:35.128573819,T,KO,I,3,70.74
2025-11-18,9:33:35.128573819,T,KO,I,97,70.74
2025-11-18,9:33:38.408807142,T,KO,I,2,70.74
2025-11-18,9:33:38.429797129,T,KO,F I,4,70.74
2025-11-18,9:33:38.432934122,T,KO,I,2,70.74
2025-11-18,9:33:38.440307083,T,KO,F I,1,70.74
2025-11-18,9:33:38.440376302,T,KO,F,100,70.74
2025-11-18,9:33:38.440376302,T,KO,F,100,70.74
2025-11-18,9:33:38.449202251,T,KO,I,1,70.74
2025-11-18,9:33:38.449205321,T,KO,I,6,70.74
2025-11-18,9:33:38.449205321,T,KO,I,36,70.74
2025-11-18,9:33:38.450023196,T,KO,,100,70.74
2025-11-18,9:33:38.450080406,T,KO,F I,1,70.74
2025-11-18,9:33:38.450080406,T,KO,F I,1,70.74
2025-11-18,9:33:38.459393619,T,KO,F I,13,70.74
2025-11-18,9:33:39.188434859,T,KO,I,20,70.75
2025-11-18,9:33:39.188458931,T,KO,I,18,70.75
2025-11-18,9:33:39.188462470,T,KO,I,2,70.75
2025-11-18,9:33:39.188473966,T,KO,F I,20,70.75
2025-11-18,9:33:39.188477044,T,KO,F I,20,70.75
2025-11-18,9:33:39.188525727,T,KO,I,50,70.75
2025-11-18,9:33:39.188525727,T,KO,,150,70.75
2025-11-18,9:33:39.188543143,T,KO,I,1,70.75
2025-11-18,9:33:39.188561543,T,KO,F I,49,70.75
2025-11-18,9:33:39.189201800,T,KO,F I,1,70.75
2025-11-18,9:33:39.189205067,T,KO,F,100,70.75
2025-11-18,9:33:39.189207849,T,KO,F I,10,70.75
2025-11-18,9:33:39.189207849,T,KO,F I,42,70.75
2025-11-18,9:33:39.189210690,T,KO,F I,47,70.75
2025-11-18,9:33:39.189226265,T,KO,I,1,70.75
2025-11-18,9:33:39.203942923,T,KO,F I,11,70.74
2025-11-18,9:33:39.203964256,T,KO,F I,39,70.74
2025-11-18,9:33:39.203964256,T,KO,F,200,70.74
2025-11-18,9:33:39.212663569,T,KO,I,45,70.73
2025-11-18,9:33:39.221014446,T,KO,I,2,70.73
2025-11-18,9:33:39.231283890,T,KO,I,1,70.73
2025-11-18,9:33:39.391550623,T,KO,I,25,70.74
2025-11-18,9:33:39.391553594,T,KO,I,45,70.74
2025-11-18,9:33:39.391577696,T,KO,I,55,70.74
2025-11-18,9:33:39.717518026,T,KO,F I,7,70.75
2025-11-18,9:33:40.515799209,T,KO,F I,21,70.76
2025-11-18,9:33:40.515802208,T,KO,F,200,70.76
2025-11-18,9:33:40.536647851,T,KO,I,53,70.75
2025-11-18,9:33:40.536650871,T,KO,,100,70.75
2025-11-18,9:33:40.536650871,T,KO,I,2,70.75
2025-11-18,9:33:40.536671932,T,KO,I,1,70.75
2025-11-18,9:33:40.536674992,T,KO,,100,70.75
2025-11-18,9:33:40.546060300,T,KO,I,19,70.74
2025-11-18,9:33:40.564593977,T,KO,F,1076,70.75
2025-11-18,9:33:40.564597448,T,KO,F I,33,70.75
2025-11-18,9:33:40.564602788,T,KO,F,300,70.75
2025-11-18,9:33:40.564602788,T,KO,F I,71,70.75
2025-11-18,9:33:40.564602788,T,KO,F I,66,70.75
2025-11-18,9:33:40.565245991,T,KO,I,79,70.74
2025-11-18,9:33:41.028273822,T,KO,F I,2,70.74
2025-11-18,9:33:41.350824983,T,KO,I,35,70.75
2025-11-18,9:33:41.350828078,T,KO,I,66,70.75
2025-11-18,9:33:41.815539785,T,KO,,200,70.75
2025-11-18,9:33:44.831582436,T,KO,I,66,70.76
2025-11-18,9:33:44.831582436,T,KO,I,1,70.76
2025-11-18,9:33:44.831584879,T,KO,,400,70.76
2025-11-18,9:33:44.831587837,T,KO,,126,70.76
2025-11-18,9:33:44.831596920,T,KO,I,1,70.76
2025-11-18,9:33:44.831605963,T,KO,F I,73,70.76
2025-11-18,9:33:47.072440996,T,KO,F I,63,70.76
2025-11-18,9:33:47.114895990,T,KO,I,3,70.75
2025-11-18,9:33:47.128951492,T,KO,F I,1,70.75
2025-11-18,9:33:50.049865093,T,KO,I,45,70.755
2025-11-18,9:33:50.049865093,T,KO,I,55,70.75
2025-11-18,9:33:50.189839538,T,KO,I,5,70.75
2025-11-18,9:33:50.189872586,T,KO,I,45,70.75
2025-11-18,9:33:50.189875533,T,KO,I,1,70.75
2025-11-18,9:33:50.502882086,T,KO,F I,3,70.76
2025-11-18,9:33:50.503185799,T,KO,I,1,70.76
2025-11-18,9:33:50.503375246,T,KO,F I,1,70.76
2025-11-18,9:33:50.503465410,T,KO,F I,50,70.76
2025-11-18,9:33:51.095738079,T,KO,,200,70.76
2025-11-18,9:33:51.099659344,T,KO,I,2,70.77
2025-11-18,9:33:54.523926929,T,KO,I,1,70.77
2025-11-18,9:33:55.224770109,T,KO,F I,13,70.76
2025-11-18,9:33:55.884099466,T,KO,I,13,70.77
2025-11-18,9:33:55.884102441,T,KO,I,10,70.77
2025-11-18,9:33:55.884337862,T,KO,,100,70.77
2025-11-18,9:33:55.884340425,T,KO,I,50,70.77
2025-11-18,9:33:55.884340425,T,KO,,100,70.77
2025-11-18,9:33:55.884343245,T,KO,,100,70.77
2025-11-18,9:33:55.899168360,T,KO,F I,40,70.76
2025-11-18,9:33:55.908917578,T,KO,F I,2,70.76
2025-11-18,9:33:59.402770733,T,KO,F,200,70.77
2025-11-18,9:33:59.402788779,T,KO,I,1,70.77
2025-11-18,9:33:59.947626478,T,KO,F I,46,70.77
2025-11-18,9:33:59.947629524,T,KO,F I,46,70.77
2025-11-18,9:33:59.947629524,T,KO,F I,46,70.77
2025-11-18,9:33:59.947653605,T,KO,F I,8,70.77
2025-11-18,9:33:59.951824482,T,KO,F I,8,70.77
2025-11-18,9:34:00.479803968,T,KO,I,67,70.77
2025-11-18,9:34:00.479846046,T,KO,,108,70.76
2025-11-18,9:34:00.479864007,T,KO,F I,92,70.76
2025-11-18,9:34:00.479867101,T,KO,I,1,70.76
2025-11-18,9:34:00.479921558,T,KO,F I,83,70.77
2025-11-18,9:34:00.479927760,T,KO,F I,54,70.77
2025-11-18,9:34:00.479930215,T,KO,F I,29,70.77
2025-11-18,9:34:00.479945302,T,KO,F I,54,70.77
2025-11-18,9:34:00.479948301,T,KO,F I,54,70.77
2025-11-18,9:34:00.479972308,T,KO,F I,25,70.77
2025-11-18,9:34:00.769086958,T,KO,F I,44,70.76
2025-11-18,9:34:00.788407930,T,KO,F I,2,70.76
2025-11-18,9:34:01.347548091,T,KO,I,16,70.76
2025-11-18,9:34:01.347568765,T,KO,F I,21,70.76
2025-11-18,9:34:01.347568765,T,KO,F I,29,70.76
2025-11-18,9:34:01.363981833,T,KO,I,4,70.74
2025-11-18,9:34:01.380388931,T,KO,I,1,70.74
2025-11-18,9:34:02.650791500,T,KO,F I,1,70.76
2025-11-18,9:34:02.664170365,T,KO,F I,20,70.76
2025-11-18,9:34:02.664197398,T,KO,F I,80,70.76
2025-11-18,9:34:02.664200339,T,KO,F,142,70.76
2025-11-18,9:34:02.664200339,T,KO,F I,2,70.76
2025-11-18,9:34:02.677443989,T,KO,F I,4,70.76
2025-11-18,9:34:02.687632223,T,KO,I,3,70.75
2025-11-18,9:34:03.024735100,T,KO,I,50,70.76
2025-11-18,9:34:03.053212873,T,KO,I,7,70.76
2025-11-18,9:34:03.065109210,T,KO,I,1,70.76
2025-11-18,9:34:03.358520970,T,KO,I,44,70.77
2025-11-18,9:34:04.805450304,T,KO,I,10,70.79
2025-11-18,9:34:05.207288283,T,KO,F I,42,70.79
2025-11-18,9:34:05.219795032,T,KO,I,44,70.79
2025-11-18,9:34:05.413789999,T,KO,I,4,70.79
2025-11-18,9:34:05.477722275,T,KO,I,1,70.79
2025-11-18,9:34:08.598028858,T,KO,F,100,70.79
2025-11-18,9:34:10.006436159,T,KO,I,3,70.79
2025-11-18,9:34:12.998196238,T,KO,F I,53,70.79
2025-11-18,9:34:12.998196238,T,KO,F I,50,70.79
2025-11-18,9:34:12.998201520,T,KO,F I,2,70.79
2025-11-18,9:34:12.998201520,T,KO,F,100,70.79
2025-11-18,9:34:13.482811653,T,KO,I,6,70.78
2025-11-18,9:34:13.510639933,T,KO,,100,70.79
2025-11-18,9:34:14.181348378,T,KO,I,28,70.78
2025-11-18,9:34:14.181351398,T,KO,,236,70.78
2025-11-18,9:34:19.036104961,T,KO,F I,64,70.79
2025-11-18,9:34:20.571122747,T,KO,F I,36,70.8
2025-11-18,9:34:22.272006655,T,KO,I,19,70.81
2025-11-18,9:34:22.292019220,T,KO,I,11,70.81
2025-11-18,9:34:22.292022304,T,KO,,100,70.81
2025-11-18,9:34:22.354682542,T,KO,I,6,70.81
2025-11-18,9:34:22.354685571,T,KO,,100,70.81
2025-11-18,9:34:22.354703616,T,KO,I,1,70.81
2025-11-18,9:34:22.413475477,T,KO,I,5,70.81
2025-11-18,9:34:27.069512727,T,KO,F I,2,70.81
2025-11-18,9:34:28.007335269,T,KO,F I,5,70.83
2025-11-18,9:34:28.007338340,T,KO,F,200,70.83
2025-11-18,9:34:28.482818766,T,KO,F I,24,70.83
2025-11-18,9:34:28.483913494,T,KO,I,54,70.82
2025-11-18,9:34:28.483913494,T,KO,I,62,70.82
2025-11-18,9:34:28.483916354,T,KO,I,83,70.82
2025-11-18,9:34:28.483919380,T,KO,I,54,70.82
2025-11-18,9:34:28.483937460,T,KO,I,1,70.82
2025-11-18,9:34:28.542231182,T,KO,I,62,70.83
2025-11-18,9:34:28.542234285,T,KO,I,83,70.83
2025-11-18,9:34:28.542234285,T,KO,I,54,70.83
2025-11-18,9:34:28.542237298,T,KO,I,50,70.83
2025-11-18,9:34:28.543019150,T,KO,F I,54,70.84
2025-11-18,9:34:28.543022428,T,KO,F I,68,70.84
2025-11-18,9:34:28.543025354,T,KO,I,32,70.84
2025-11-18,9:34:28.543025354,T,KO,I,50,70.84
2025-11-18,9:34:28.543028164,T,KO,,200,70.84
2025-11-18,9:34:28.572029260,T,KO,,200,70.835
2025-11-18,9:34:34.285038741,T,KO,F I,67,70.83
2025-11-18,9:34:34.285041728,T,KO,F I,20,70.83
2025-11-18,9:34:34.285044677,T,KO,F I,1,70.83
2025-11-18,9:34:34.285435546,T,KO,,100,70.82
2025-11-18,9:34:34.285441648,T,KO,,100,70.82
2025-11-18,9:34:34.285462878,T,KO,I,68,70.82
2025-11-18,9:34:34.338680438,T,KO,,100,70.82
2025-11-18,9:34:34.341302652,T,KO,,113,70.82
2025-11-18,9:34:34.357532277,T,KO,I,87,70.82
2025-11-18,9:34:37.179522469,T,KO,F,172,70.83
2025-11-18,9:34:37.199553091,T,KO,,104,70.85
2025-11-18,9:34:37.199556284,T,KO,I,50,70.85
2025-11-18,9:34:37.199559590,T,KO,I,45,70.85
2025-11-18,9:34:37.199574205,T,KO,I,1,70.85
2025-11-18,9:34:40.110549077,T,KO,I,10,70.85
2025-11-18,9:34:40.738573849,T,KO,I,8,70.85
2025-11-18,9:34:40.761771015,T,KO,I,40,70.86
2025-11-18,9:34:47.178562197,T,KO,F I,40,70.84
2025-11-18,9:34:47.180342149,T,KO,F I,1,70.83
2025-11-18,9:34:55.540327840,T,KO,F I,30,70.83
2025-11-18,9:34:55.540902242,T,KO,,200,70.83
2025-11-18,9:34:55.593166629,T,KO,F I,38,70.84
2025-11-18,9:34:58.655865061,T,KO,F I,28,70.85
2025-11-18,9:34:58.908935826,T,KO,F,100,70.86
2025-11-18,9:34:58.966823716,T,KO,I,99,70.87
2025-11-18,9:34:58.966844736,T,KO,I,1,70.87
2025-11-18,9:34:59.339023103,T,KO,I,34,70.87
2025-11-18,9:35:01.006702029,T,KO,F,200,70.88
2025-11-18,9:35:01.272342748,T,KO,F I,39,70.87
2025-11-18,9:35:01.281442381,T,KO,I,2,70.87
2025-11-18,9:35:01.385760836,T,KO,F I,2,70.88
2025-11-18,9:35:01.404387252,T,KO,F I,25,70.89
2025-11-18,9:35:01.739373006,T,KO,I,23,70.89
2025-11-18,9:35:01.887629087,T,KO,F I,1,70.89
2025-11-18,9:35:03.266208339,T,KO,F I,5,70.89
2025-11-18,9:35:08.222991684,T,KO,I,2,70.9
2025-11-18,9:35:11.006986272,T,KO,I,5,70.9
2025-11-18,9:35:11.492808287,T,KO,F I,21,70.9
2025-11-18,9:35:11.492808287,T,KO,F I,37,70.9
2025-11-18,9:35:11.846041599,T,KO,I,10,70.91
2025-11-18,9:35:11.846044612,T,KO,I,6,70.91
2025-11-18,9:35:12.240157294,T,KO,F I,10,70.91
2025-11-18,9:35:12.573435004,T,KO,I,1,70.91
2025-11-18,9:35:13.973771219,T,KO,I,4,70.92
2025-11-18,9:35:13.973774553,T,KO,,250,70.92
2025-11-18,9:35:14.811719916,T,KO,I,21,70.93
2025-11-18,9:35:14.811780033,T,KO,F I,29,70.93
2025-11-18,9:35:14.811780033,T,KO,F I,8,70.93
2025-11-18,9:35:14.812579970,T,KO,I,48,70.93
2025-11-18,9:35:18.207013457,T,KO,F,100,70.91
2025-11-18,9:35:19.360780395,T,KO,I,30,70.91
2025-11-18,9:35:19.361141160,T,KO,F I,76,70.9
2025-11-18,9:35:19.368610985,T,KO,F I,76,70.9
2025-11-18,9:35:20.127375071,T,KO,I,7,70.9
2025-11-18,9:35:22.609150498,T,KO,,200,70.92
2025-11-18,9:35:22.609150498,T,KO,I,70,70.92
2025-11-18,9:35:22.609153113,T,KO,I,2,70.92
2025-11-18,9:35:22.609153113,T,KO,I,7,70.92
2025-11-18,9:35:22.609167903,T,KO,I,1,70.92
2025-11-18,9:35:25.278812097,T,KO,I,34,70.92
2025-11-18,9:35:29.787714981,T,KO,F I,33,70.94
2025-11-18,9:35:29.787717906,T,KO,F,100,70.94
2025-11-18,9:35:29.787734111,T,KO,I,1,70.94
2025-11-18,9:35:29.787734111,T,KO,I,40,70.94
2025-11-18,9:35:29.787744920,T,KO,F I,59,70.94
2025-11-18,9:35:29.787748670,T,KO,F I,41,70.94
2025-11-18,9:35:29.787751129,T,KO,F I,59,70.94
2025-11-18,9:35:29.787751129,T,KO,F,149,70.94
2025-11-18,9:35:31.426915915,T,KO,F,100,70.93
2025-11-18,9:35:31.548384373,T,KO,I,29,70.935
2025-11-18,9:35:31.548390398,T,KO,I,50,70.93
2025-11-18,9:35:31.548390398,T,KO,,200,70.93
2025-11-18,9:35:31.548393963,T,KO,I,25,70.93
2025-11-18,9:35:31.548399379,T,KO,I,4,70.93
2025-11-18,9:35:31.548411328,T,KO,I,1,70.93
2025-11-18,9:35:31.548941088,T,KO,,100,70.94
2025-11-18,9:35:31.548943832,T,KO,I,54,70.94
2025-11-18,9:35:31.548943832,T,KO,,100,70.94
2025-11-18,9:35:31.548946645,T,KO,,100,70.94
2025-11-18,9:35:31.996809225,T,KO,I,36,70.95
2025-11-18,9:35:31.996809225,T,KO,I,10,70.95
2025-11-18,9:35:33.041208621,T,KO,,100,70.96
2025-11-18,9:35:35.553172247,T,KO,F,202,70.98
2025-11-18,9:35:35.678631776,T,KO,F,200,70.985
2025-11-18,9:35:35.678631776,T,KO,F I,99,70.98
2025-11-18,9:35:35.678634129,T,KO,F,201,70.98
2025-11-18,9:35:35.678649678,T,KO,I,1,70.98
2025-11-18,9:35:35.888001704,T,KO,F I,81,70.98
2025-11-18,9:35:35.888025841,T,KO,F,457,70.98
2025-11-18,9:35:35.888028752,T,KO,F,100,70.98
2025-11-18,9:35:35.888723499,T,KO,I,1,70.98
2025-11-18,9:35:35.888726950,T,KO,,100,70.98
2025-11-18,9:35:35.888729695,T,KO,,100,70.98
2025-11-18,9:35:35.888729695,T,KO,,100,70.98
2025-11-18,9:35:35.889357922,T,KO,I,68,70.99
2025-11-18,9:35:35.900559679,T,KO,F I,1,70.99
2025-11-18,9:35:36.364020604,T,KO,F I,20,70.995
2025-11-18,9:35:36.364020604,T,KO,F I,1,71.0
2025-11-18,9:35:36.364023641,T,KO,F I,35,71.0
2025-11-18,9:35:36.364026489,T,KO,F I,40,71.0
2025-11-18,9:35:36.369421290,T,KO,,200,71.0
2025-11-18,9:35:36.369421290,T,KO,I,26,71.0
2025-11-18,9:35:36.923475942,T,KO,,400,71.0
2025-11-18,9:35:36.923500003,T,KO,F I,47,71.0
2025-11-18,9:35:36.923502985,T,KO,F I,93,71.0
2025-11-18,9:35:36.923803689,T,KO,F I,1,71.01
2025-11-18,9:35:40.120453012,T,KO,,100,71.015
2025-11-18,9:35:42.612163527,T,KO,I,75,71.0
2025-11-18,9:35:42.979028245,T,KO,F I,75,70.99
2025-11-18,9:35:44.392824508,T,KO,F I,4,70.98
2025-11-18,9:35:44.399359223,T,KO,F I,60,70.98
2025-11-18,9:35:44.399359223,T,KO,F I,1,70.98
2025-11-18,9:35:44.399362097,T,KO,F I,2,70.98
2025-11-18,9:35:44.405743292,T,KO,F I,25,70.98
2025-11-18,9:35:44.786615395,T,KO,F I,35,70.98
2025-11-18,9:35:44.786618317,T,KO,F I,1,70.98
2025-11-18,9:35:44.799037947,T,KO,I,59,70.98
2025-11-18,9:35:44.799041029,T,KO,,100,70.98
2025-11-18,9:35:44.799041029,T,KO,I,2,70.98
2025-11-18,9:35:45.063749362,T,KO,I,89,70.99
2025-11-18,9:35:45.063767496,T,KO,I,1,70.99
2025-11-18,9:35:45.063803518,T,KO,F I,10,70.99
2025-11-18,9:35:45.414195020,T,KO,I,6,71.0
2025-11-18,9:35:46.277731758,T,KO,F I,17,71.0
2025-11-18,9:35:46.277785891,T,KO,I,58,71.0
2025-11-18,9:35:46.277788812,T,KO,I,59,71.0
2025-11-18,9:35:49.607890108,T,KO,F,287,70.98
2025-11-18,9:35:49.607893030,T,KO,F I,58,70.98
2025-11-18,9:35:49.607896038,T,KO,F I,2,70.98
2025-11-18,9:35:49.607905770,T,KO,I,1,70.98
2025-11-18,9:35:49.607911120,T,KO,I,21,70.98
2025-11-18,9:35:49.609029767,T,KO,F,100,70.98
2025-11-18,9:35:49.609032899,T,KO,F I,57,70.98
2025-11-18,9:35:51.026218047,T,KO,F,100,70.97
2025-11-18,9:35:51.026221094,T,KO,F I,1,70.97
2025-11-18,9:35:51.026236067,T,KO,I,1,70.97
2025-11-18,9:35:51.724905749,T,KO,F,110,70.96
2025-11-18,9:35:51.724920864,T,KO,F I,23,70.96
2025-11-18,9:35:51.724923864,T,KO,F I,67,70.96
2025-11-18,9:35:52.678482205,T,KO,F I,78,70.95
2025-11-18,9:35:52.678482205,T,KO,F I,22,70.95
2025-11-18,9:35:52.678485807,T,KO,F I,78,70.95
2025-11-18,9:35:52.678500981,T,KO,F I,22,70.95
2025-11-18,9:35:52.678506310,T,KO,I,88,70.95
2025-11-18,9:35:52.678506310,T,KO,F I,12,70.95
2025-11-18,9:35:53.197542710,T,KO,I,70,70.95
2025-11-18,9:35:53.197542710,T,KO,I,28,70.95
2025-11-18,9:35:53.197915503,T,KO,I,3,70.95
2025-11-18,9:35:53.197915503,T,KO,I,70,70.95
2025-11-18,9:35:53.197981974,T,KO,I,1,70.95
2025-11-18,9:35:53.197981974,T,KO,I,56,70.95
2025-11-18,9:35:53.208708213,T,KO,I,10,70.945
2025-11-18,9:35:53.825783807,T,KO,F,200,70.94
2025-11-18,9:35:53.825889354,T,KO,F,153,70.94
2025-11-18,9:35:53.825895029,T,KO,F I,13,70.94
2025-11-18,9:35:53.825901033,T,KO,F I,4,70.94
2025-11-18,9:35:53.825913134,T,KO,F I,55,70.94
2025-11-18,9:35:53.825913134,T,KO,F I,1,70.94
2025-11-18,9:35:53.825916121,T,KO,F I,70,70.94
2025-11-18,9:35:54.811946449,T,KO,F I,3,70.95
2025-11-18,9:35:54.812322332,T,KO,I,44,70.95
2025-11-18,9:35:55.031974433,T,KO,,220,70.95
2025-11-18,9:35:58.006875752,T,KO,I,1,70.97
2025-11-18,9:35:59.881284874,T,KO,F,200,71.0
2025-11-18,9:35:59.881288545,T,KO,F I,60,71.0
2025-11-18,9:35:59.899192517,T,KO,I,1,71.01
2025-11-18,9:35:59.916161844,T,KO,F,158,71.01
2025-11-18,9:36:00.097945068,T,KO,F I,8,71.01
2025-11-18,9:36:00.098002005,T,KO,,100,71.005
2025-11-18,9:36:00.098002005,T,KO,I,56,71.0
2025-11-18,9:36:00.098005163,T,KO,,100,71.0
2025-11-18,9:36:00.098007944,T,KO,I,62,71.0
2025-11-18,9:36:00.098007944,T,KO,I,88,71.0
2025-11-18,9:36:01.516540699,T,KO,F I,77,70.98
2025-11-18,9:36:01.526582060,T,KO,I,77,70.98
2025-11-18,9:36:01.526635782,T,KO,I,91,70.98
2025-11-18,9:36:01.526638821,T,KO,I,56,70.98
2025-11-18,9:36:01.526641723,T,KO,I,62,70.98
2025-11-18,9:36:01.526641723,T,KO,I,2,70.98
2025-11-18,9:36:01.526792044,T,KO,F I,1,70.98
2025-11-18,9:36:03.035638457,T,KO,I,5,70.985
2025-11-18,9:36:05.099017698,T,KO,I,50,71.01
2025-11-18,9:36:05.722977168,T,KO,,200,71.02
2025-11-18,9:36:05.722979937,T,KO,I,50,71.02
2025-11-18,9:36:05.722982785,T,KO,,145,71.02
2025-11-18,9:36:05.722988876,T,KO,I,7,71.02
2025-11-18,9:36:05.723000793,T,KO,F,200,71.02
2025-11-18,9:36:12.249474656,T,KO,,100,71.035
2025-11-18,9:36:18.420032925,T,KO,F I,37,71.04
2025-11-18,9:36:18.426790511,T,KO,F I,1,71.04
2025-11-18,9:36:18.426790511,T,KO,F I,43,71.04
2025-11-18,9:36:18.426826042,T,KO,F I,23,71.04
2025-11-18,9:36:18.426835107,T,KO,F I,7,71.04
2025-11-18,9:36:18.426853219,T,KO,F I,2,71.04
2025-11-18,9:36:18.426859168,T,KO,F I,1,71.04
2025-11-18,9:36:18.426874249,T,KO,I,19,71.04
2025-11-18,9:36:18.426886895,T,KO,F I,33,71.04
2025-11-18,9:36:18.436196388,T,KO,I,16,71.04
2025-11-18,9:36:18.436199448,T,KO,I,62,71.04
2025-11-18,9:36:18.436202517,T,KO,,100,71.04
2025-11-18,9:36:18.436202517,T,KO,I,1,71.04
2025-11-18,9:36:18.436206274,T,KO,I,29,71.04
2025-11-18,9:36:18.436206274,T,KO,I,4,71.04
2025-11-18,9:36:18.436208440,T,KO,I,2,71.04
2025-11-18,9:36:18.436211802,T,KO,I,19,71.04
2025-11-18,9:36:18.436211802,T,KO,I,7,71.04
2025-11-18,9:36:18.436214499,T,KO,I,1,71.04
2025-11-18,9:36:18.436214499,T,KO,I,5,71.04
2025-11-18,9:36:18.436226628,T,KO,I,1,71.04
2025-11-18,9:36:18.525527135,T,KO,,100,71.045
2025-11-18,9:36:19.396954848,T,KO,I,16,71.04
2025-11-18,9:36:19.396954848,T,KO,I,28,71.04
2025-11-18,9:36:19.396957937,T,KO,I,62,71.04
2025-11-18,9:36:19.533699484,T,KO,I,5,71.035
2025-11-18,9:36:20.195064499,T,KO,F,100,71.03
2025-11-18,9:36:20.287928746,T,KO,I,5,71.04
2025-11-18,9:36:21.552055337,T,KO,F I,90,71.04
2025-11-18,9:36:21.552074160,T,KO,I,1,71.04
2025-11-18,9:36:21.552074160,T,KO,I,9,71.04
2025-11-18,9:36:21.552080392,T,KO,I,63,71.04
2025-11-18,9:36:21.552080392,T,KO,F,317,71.04
2025-11-18,9:36:21.552100490,T,KO,F I,20,71.04
2025-11-18,9:36:21.557937379,T,KO,F I,2,71.035
2025-11-18,9:36:21.557940440,T,KO,F I,20,71.04
2025-11-18,9:36:21.557940440,T,KO,F I,29,71.04
2025-11-18,9:36:21.565326020,T,KO,F I,29,71.03
2025-11-18,9:36:22.152796187,T,KO,F I,2,71.03
2025-11-18,9:36:22.152850923,T,KO,I,62,71.03
2025-11-18,9:36:22.152853325,T,KO,,100,71.03
2025-11-18,9:36:22.152856369,T,KO,I,1,71.03
2025-11-18,9:36:22.951155627,T,KO,I,1,71.03
2025-11-18,9:36:22.951155627,T,KO,I,62,71.03
2025-11-18,9:36:22.951158628,T,KO,I,85,71.03
2025-11-18,9:36:22.951173657,T,KO,F I,15,71.03
2025-11-18,9:36:25.839026549,T,KO,F,100,71.02
2025-11-18,9:36:26.241556256,T,KO,F I,2,71.02
2025-11-18,9:36:29.325918238,T,KO,I,41,71.05
2025-11-18,9:36:30.193730997,T,KO,F I,5,71.07
2025-11-18,9:36:35.180631104,T,KO,I,9,71.07
2025-11-18,9:36:36.878047788,T,KO,,100,71.07
2025-11-18,9:36:39.050833651,T,KO,I,1,71.065
2025-11-18,9:36:39.717395203,T,KO,F I,10,71.05
2025-11-18,9:36:39.717401289,T,KO,F I,90,71.05
2025-11-18,9:36:39.717401289,T,KO,F I,9,71.05
2025-11-18,9:36:39.717885407,T,KO,F I,2,71.04
2025-11-18,9:36:39.717888435,T,KO,F I,1,71.04
2025-11-18,9:36:39.717909974,T,KO,F,197,71.04
2025-11-18,9:36:39.717913270,T,KO,F,400,71.04
2025-11-18,9:36:40.142466555,T,KO,,130,71.04
2025-11-18,9:36:40.142469640,T,KO,I,70,71.045
2025-11-18,9:36:40.639373022,T,KO,,100,71.04
2025-11-18,9:36:40.645495609,T,KO,F I,3,71.035
2025-11-18,9:36:40.645495609,T,KO,F I,37,71.04
2025-11-18,9:36:40.677332483,T,KO,F I,37,71.03
2025-11-18,9:36:40.839737204,T,KO,I,63,71.03
2025-11-18,9:36:41.506163522,T,KO,I,15,71.02
2025-11-18,9:36:41.506184576,T,KO,F I,48,71.02
2025-11-18,9:36:42.301166958,T,KO,F I,50,71.01
2025-11-18,9:36:43.179162103,T,KO,I,50,71.02
2025-11-18,9:36:43.179162103,T,KO,I,4,71.02
2025-11-18,9:36:44.148030569,T,KO,,100,71.03
2025-11-18,9:36:46.376966126,T,KO,F I,50,71.03
2025-11-18,9:36:47.309986263,T,KO,I,10,71.03
2025-11-18,9:36:49.136452270,T,KO,I,40,71.03
2025-11-18,9:36:50.154142177,T,KO,I,90,71.02
2025-11-18,9:36:50.154160159,T,KO,I,1,71.02
2025-11-18,9:36:50.154175241,T,KO,,109,71.02
2025-11-18,9:36:50.154175241,T,KO,I,50,71.02
2025-11-18,9:36:50.354226601,T,KO,F I,60,71.02
2025-11-18,9:36:50.355519796,T,KO,I,60,71.02
2025-11-18,9:36:50.355519796,T,KO,,100,71.02
2025-11-18,9:36:50.355522774,T,KO,I,1,71.02
2025-11-18,9:36:50.355525886,T,KO,I,60,71.02
2025-11-18,9:36:50.355529056,T,KO,,200,71.02
2025-11-18,9:36:50.355529056,T,KO,I,50,71.02
2025-11-18,9:36:50.478115866,T,KO,F,200,71.01
2025-11-18,9:36:51.015138290,T,KO,I,60,71.01
2025-11-18,9:36:51.015138290,T,KO,I,1,71.01
2025-11-18,9:36:51.015967647,T,KO,F,100,71.02
2025-11-18,9:36:56.239690849,T,KO,F I,90,71.02
2025-11-18,9:36:56.239693782,T,KO,F I,23,71.02
2025-11-18,9:36:58.167702772,T,KO,F,100,71.01
2025-11-18,9:36:58.345047545,T,KO,F,100,71.0
2025-11-18,9:36:58.345047545,T,KO,F,100,71.0
2025-11-18,9:37:00.030780994,T,KO,I,1,70.995
2025-11-18,9:37:02.826410268,T,KO,F I,1,71.0
2025-11-18,9:37:03.014613530,T,KO,,100,71.005
2025-11-18,9:37:10.938353381,T,KO,F I,1,70.97
2025-11-18,9:37:30.218824277,T,KO,F I,50,70.99
2025-11-18,9:37:31.456325480,T,KO,I,1,71.01
2025-11-18,9:37:31.867476756,T,KO,F I,19,71.02
2025-11-18,9:37:36.007060783,T,KO,I,26,71.03
2025-11-18,9:37:37.941071948,T,KO,,260,71.03
2025-11-18,9:37:37.941074999,T,KO,I,42,71.03
2025-11-18,9:37:37.941090040,T,KO,I,1,71.03
2025-11-18,9:37:37.941104974,T,KO,F I,57,71.03
2025-11-18,9:37:37.941733487,T,KO,F,100,71.03
2025-11-18,9:37:49.140771922,T,KO,,100,70.98
2025-11-18,9:37:50.065068298,T,KO,,100,70.98
2025-11-18,9:37:52.795297924,T,KO,I,10,70.985
2025-11-18,9:37:53.920132856,T,KO,F I,8,70.99
2025-11-18,9:37:59.496674232,T,KO,I,6,70.99
2025-11-18,9:37:59.496677824,T,KO,I,46,70.99
2025-11-18,9:37:59.545505424,T,KO,F I,50,71.01
2025-11-18,9:37:59.545510539,T,KO,F,200,71.01
2025-11-18,9:37:59.545510539,T,KO,F I,70,71.01
2025-11-18,9:37:59.545513627,T,KO,F I,1,71.01
2025-11-18,9:38:01.168030909,T,KO,F I,62,71.03
2025-11-18,9:38:05.763049735,T,KO,,156,71.04
2025-11-18,9:38:05.763070783,T,KO,I,1,71.04
2025-11-18,9:38:12.232038886,T,KO,I,16,71.02
2025-11-18,9:38:12.232056929,T,KO,F I,84,71.02
2025-11-18,9:38:12.240152243,T,KO,F I,1,71.01
2025-11-18,9:38:12.240158869,T,KO,F I,1,71.01
2025-11-18,9:38:12.240164437,T,KO,F I,1,71.01
2025-11-18,9:38:12.840971143,T,KO,I,1,71.01
2025-11-18,9:38:20.474588989,T,KO,I,1,70.97
2025-11-18,9:38:21.244644899,T,KO,,100,70.96
2025-11-18,9:38:21.245559042,T,KO,I,1,70.95
2025-11-18,9:38:21.261821806,T,KO,,100,70.95
2025-11-18,9:38:21.261821806,T,KO,I,1,70.95
2025-11-18,9:38:21.261824859,T,KO,,170,70.95
2025-11-18,9:38:21.261839861,T,KO,I,1,70.95
2025-11-18,9:38:21.261866988,T,KO,F I,29,70.95
2025-11-18,9:38:22.010770523,T,KO,I,1,70.95
2025-11-18,9:38:31.163074491,T,KO,F I,50,70.95
2025-11-18,9:38:31.163077448,T,KO,F,100,70.95
2025-11-18,9:38:42.162900045,T,KO,,100,70.96
2025-11-18,9:38:42.162918181,T,KO,I,25,70.96
2025-11-18,9:38:45.026791895,T,KO,,160,70.95
2025-11-18,9:38:45.398693678,T,KO,F,100,70.95
2025-11-18,9:38:45.398696616,T,KO,F I,88,70.95
2025-11-18,9:38:45.975034253,T,KO,I,57,70.96
2025-11-18,9:38:45.975055276,T,KO,F I,43,70.96
2025-11-18,9:38:45.975058335,T,KO,F I,5,70.96
2025-11-18,9:38:47.184503020,T,KO,F I,5,70.97
2025-11-18,9:38:47.244607119,T,KO,,100,70.975
2025-11-18,9:38:54.117511946,T,KO,,200,70.96
2025-11-18,9:38:54.117511946,T,KO,I,50,70.96
2025-11-18,9:38:54.117514888,T,KO,I,1,70.96
2025-11-18,9:38:54.119174844,T,KO,I,2,70.95
2025-11-18,9:38:55.229867164,T,KO,F I,44,70.92
2025-11-18,9:38:56.854525497,T,KO,I,9,70.91
2025-11-18,9:38:59.806322807,T,KO,F I,1,70.92
2025-11-18,9:39:04.062771142,T,KO,F I,2,70.91
2025-11-18,9:39:04.062774601,T,KO,F I,1,70.91
2025-11-18,9:39:04.062774601,T,KO,F I,25,70.91
2025-11-18,9:39:04.062780122,T,KO,F,200,70.91
2025-11-18,9:39:04.072532434,T,KO,,100,70.91
2025-11-18,9:39:04.892071328,T,KO,F I,45,70.92
2025-11-18,9:39:05.119527001,T,KO,,100,70.93
2025-11-18,9:39:05.119542193,T,KO,I,1,70.93
2025-11-18,9:39:05.119563108,T,KO,I,1,70.93
2025-11-18,9:39:06.605035131,T,KO,F I,50,70.93
2025-11-18,9:39:06.605035131,T,KO,F,100,70.93
2025-11-18,9:39:06.619622734,T,KO,,100,70.925
2025-11-18,9:39:06.805603691,T,KO,F,200,70.93
2025-11-18,9:39:10.570197790,T,KO,,100,70.925
2025-11-18,9:39:10.585624430,T,KO,I,2,70.925
2025-11-18,9:39:14.400859548,T,KO,F I,5,70.93
2025-11-18,9:39:16.511914057,T,KO,I,5,70.95
2025-11-18,9:39:16.511917023,T,KO,I,25,70.95
2025-11-18,9:39:16.511917023,T,KO,I,60,70.95
2025-11-18,9:39:16.511932007,T,KO,F I,60,70.95
2025-11-18,9:39:16.511935051,T,KO,I,1,70.95
2025-11-18,9:39:19.524525090,T,KO,I,20,70.94
2025-11-18,9:39:20.886868835,T,KO,F I,50,70.95
2025-11-18,9:39:20.886941028,T,KO,,100,70.94
2025-11-18,9:39:21.092128688,T,KO,F I,17,70.94
2025-11-18,9:39:21.092664602,T,KO,F I,1,70.94
2025-11-18,9:39:21.487393173,T,KO,F I,50,70.93
2025-11-18,9:39:26.510169291,T,KO,I,50,70.93
2025-11-18,9:39:26.510169291,T,KO,I,8,70.93
2025-11-18,9:39:26.510171754,T,KO,I,4,70.93
2025-11-18,9:39:26.545335173,T,KO,I,27,70.93
2025-11-18,9:39:26.545364765,T,KO,F I,46,70.925
2025-11-18,9:39:26.545364765,T,KO,F I,56,70.92
2025-11-18,9:39:26.545368469,T,KO,F,200,70.92
2025-11-18,9:39:26.545374271,T,KO,F I,50,70.92
2025-11-18,9:39:26.545376708,T,KO,F I,29,70.92
2025-11-18,9:39:26.545385715,T,KO,I,1,70.92
2025-11-18,9:39:26.545388716,T,KO,I,20,70.92
2025-11-18,9:39:31.761374486,T,KO,F I,56,70.92
2025-11-18,9:39:33.362691292,T,KO,,100,70.93
2025-11-18,9:39:36.172427045,T,KO,I,54,70.94
2025-11-18,9:39:40.285752777,T,KO,I,5,70.925
2025-11-18,9:39:40.443243838,T,KO,F I,3,70.93
2025-11-18,9:39:40.443246847,T,KO,F I,4,70.93
2025-11-18,9:39:40.443288950,T,KO,F I,2,70.93
2025-11-18,9:39:44.758939277,T,KO,I,5,70.925
2025-11-18,9:39:50.201911671,T,KO,I,1,70.93
2025-11-18,9:39:50.221446100,T,KO,I,1,70.93
2025-11-18,9:39:50.221455210,T,KO,I,5,70.925
2025-11-18,9:39:54.697498825,T,KO,I,2,70.925
2025-11-18,9:39:54.697501891,T,KO,I,1,70.93
2025-11-18,9:39:54.697501891,T,KO,I,42,70.93
2025-11-18,9:39:54.697537754,T,KO,I,3,70.93
2025-11-18,9:39:54.697588812,T,KO,I,2,70.93
2025-11-18,9:39:56.307373769,T,KO,F I,3,70.92
2025-11-18,9:39:56.313268378,T,KO,F,100,70.92
2025-11-18,9:39:56.313271135,T,KO,F I,53,70.92
2025-11-18,9:39:56.313271135,T,KO,F I,1,70.92
2025-11-18,9:39:56.313271135,T,KO,F I,26,70.92
2025-11-18,9:39:56.313273792,T,KO,F I,19,70.92
2025-11-18,9:39:57.585146931,T,KO,I,45,70.92
2025-11-18,9:39:57.585153023,T,KO,F I,8,70.92
2025-11-18,9:39:57.906729952,T,KO,,100,70.91
2025-11-18,9:40:00.957658285,T,KO,I,42,70.91
2025-11-18,9:40:00.957676602,T,KO,F,158,70.91
2025-11-18,9:40:00.957679660,T,KO,F I,50,70.91
2025-11-18,9:40:00.957683211,T,KO,F I,3,70.91
2025-11-18,9:40:00.957685412,T,KO,F I,25,70.91
2025-11-18,9:40:03.561752136,T,KO,F I,1,70.93
2025-11-18,9:40:03.634745404,T,KO,I,55,70.93
2025-11-18,9:40:03.634747983,T,KO,I,1,70.93
2025-11-18,9:40:03.634751153,T,KO,I,50,70.93
2025-11-18,9:40:03.645721140,T,KO,I,55,70.93
2025-11-18,9:40:12.369155361,T,KO,I,49,70.94
2025-11-18,9:40:18.665632558,T,KO,I,1,70.94
2025-11-18,9:40:18.666173847,T,KO,F I,5,70.93
2025-11-18,9:40:21.872271734,T,KO,I,4,70.93
2025-11-18,9:40:25.023170182,T,KO,F I,52,70.93
2025-11-18,9:40:25.023242355,T,KO,F,148,70.93
2025-11-18,9:40:25.031842867,T,KO,I,50,70.93
2025-11-18,9:40:26.550210181,T,KO,F I,20,70.94
2025-11-18,9:40:26.550228229,T,KO,I,16,70.94
2025-11-18,9:40:26.550258199,T,KO,,184,70.94
2025-11-18,9:40:26.550474777,T,KO,F,100,70.94
2025-11-18,9:40:26.550495853,T,KO,I,1,70.94
2025-11-18,9:40:26.550498940,T,KO,F,215,70.94
2025-11-18,9:40:27.441902825,T,KO,,100,70.93
2025-11-18,9:40:27.895343703,T,KO,I,7,70.94
2025-11-18,9:40:27.895343703,T,KO,I,27,70.94
2025-11-18,9:40:27.902434639,T,KO,,120,70.94
2025-11-18,9:40:27.902690145,T,KO,I,80,70.94
2025-11-18,9:40:28.280052964,T,KO,I,77,70.93
2025-11-18,9:40:28.280058894,T,KO,F I,50,70.93
2025-11-18,9:40:30.601215203,T,KO,I,2,70.93
2025-11-18,9:40:42.900679284,T,KO,F I,44,70.95
2025-11-18,9:40:42.900682918,T,KO,F I,41,70.95
2025-11-18,9:40:42.931358329,T,KO,I,65,70.96
2025-11-18,9:40:42.931361537,T,KO,,100,70.96
2025-11-18,9:40:42.931361537,T,KO,,200,70.96
2025-11-18,9:40:42.931364345,T,KO,I,15,70.96
2025-11-18,9:40:42.931376420,T,KO,I,1,70.96
2025-11-18,9:40:46.227767259,T,KO,F I,8,70.99
2025-11-18,9:40:48.466888180,T,KO,F I,65,70.98
2025-11-18,9:40:48.466891330,T,KO,F,100,70.98
2025-11-18,9:40:48.466909261,T,KO,I,1,70.98
2025-11-18,9:40:48.466912258,T,KO,I,8,70.98
2025-11-18,9:40:48.466915420,T,KO,F I,84,70.98
2025-11-18,9:40:48.466930730,T,KO,F I,7,70.98
2025-11-18,9:40:48.467916717,T,KO,F,100,70.98
2025-11-18,9:40:48.467919572,T,KO,F,100,70.98
2025-11-18,9:40:48.470292526,T,KO,I,1,70.98
2025-11-18,9:40:48.470295420,T,KO,,500,70.98
2025-11-18,9:40:50.148637639,T,KO,I,1,70.97
2025-11-18,9:40:50.148640529,T,KO,I,1,70.97
2025-11-18,9:40:53.776989026,T,KO,I,9,70.95
2025-11-18,9:40:53.777010030,T,KO,F I,91,70.95
2025-11-18,9:40:53.777079179,T,KO,F I,1,70.95
2025-11-18,9:40:53.777130371,T,KO,F I,1,70.95
2025-11-18,9:40:54.933089402,T,KO,I,2,70.96
2025-11-18,9:40:57.610074440,T,KO,F I,32,70.97
2025-11-18,9:40:57.610074440,T,KO,F I,1,70.97
2025-11-18,9:40:58.648911210,T,KO,F I,8,70.97
2025-11-18,9:40:58.682061292,T,KO,,100,70.97
2025-11-18,9:40:58.682061292,T,KO,,100,70.97
2025-11-18,9:40:58.682064231,T,KO,I,14,70.97
2025-11-18,9:40:58.682076316,T,KO,I,1,70.97
2025-11-18,9:40:59.748999387,T,KO,F,100,70.97
2025-11-18,9:40:59.749002364,T,KO,F I,2,70.97
2025-11-18,9:40:59.749005305,T,KO,F,100,70.97
2025-11-18,9:40:59.750728429,T,KO,F,100,70.98
2025-11-18,9:41:00.342435807,T,KO,I,5,70.97
2025-11-18,9:41:03.073206580,T,KO,F I,1,70.96
2025-11-18,9:41:03.074752270,T,KO,F I,21,70.96
2025-11-18,9:41:03.074755272,T,KO,F I,1,70.96
2025-11-18,9:41:06.987079100,T,KO,F,100,70.95
2025-11-18,9:41:06.987082148,T,KO,F,300,70.95
2025-11-18,9:41:06.987644412,T,KO,F I,31,70.95
2025-11-18,9:41:06.988814337,T,KO,I,64,70.95
2025-11-18,9:41:06.988814337,T,KO,I,61,70.95
2025-11-18,9:41:06.988838273,T,KO,I,85,70.95
2025-11-18,9:41:07.007287203,T,KO,I,64,70.95
2025-11-18,9:41:07.007290412,T,KO,I,64,70.95
2025-11-18,9:41:07.007290412,T,KO,I,45,70.95
2025-11-18,9:41:07.007308286,T,KO,F I,55,70.95
2025-11-18,9:41:07.007311291,T,KO,F I,5,70.95
2025-11-18,9:41:09.244691111,T,KO,F I,64,70.95
2025-11-18,9:41:09.244691111,T,KO,F I,4,70.95
2025-11-18,9:41:10.608285745,T,KO,I,1,70.94
2025-11-18,9:41:10.608288754,T,KO,I,2,70.94
2025-11-18,9:41:10.608327827,T,KO,F I,63,70.94
2025-11-18,9:41:10.608330814,T,KO,F I,4,70.94
2025-11-18,9:41:11.178990914,T,KO,F I,2,70.95
2025-11-18,9:41:12.952413804,T,KO,I,10,70.96
2025-11-18,9:41:13.514816388,T,KO,,260,70.97
2025-11-18,9:41:13.514816388,T,KO,I,17,70.97
2025-11-18,9:41:17.490919039,T,KO,F,127,70.975
2025-11-18,9:41:17.491219816,T,KO,,153,70.98
2025-11-18,9:41:17.491237764,T,KO,I,1,70.98
2025-11-18,9:41:17.677592225,T,KO,F I,63,70.97
2025-11-18,9:41:17.677594711,T,KO,F I,10,70.97
2025-11-18,9:41:17.677597696,T,KO,F I,54,70.97
2025-11-18,9:41:17.677651780,T,KO,F I,50,70.96
2025-11-18,9:41:17.677654903,T,KO,F,200,70.96
2025-11-18,9:41:17.677654903,T,KO,F I,50,70.96
2025-11-18,9:41:17.678689300,T,KO,F,200,70.97
2025-11-18,9:41:17.678809721,T,KO,,100,70.97
2025-11-18,9:41:17.678812519,T,KO,,100,70.97
2025-11-18,9:41:17.679020071,T,KO,F,100,70.97
2025-11-18,9:41:17.679050118,T,KO,F,200,70.97
2025-11-18,9:41:17.679053161,T,KO,F,100,70.97
2025-11-18,9:41:17.679648513,T,KO,F I,59,70.97
2025-11-18,9:41:18.809556642,T,KO,I,1,70.98
2025-11-18,9:41:18.809578719,T,KO,F I,2,70.98
2025-11-18,9:41:18.809578719,T,KO,F I,2,70.98
2025-11-18,9:41:18.809581018,T,KO,F I,1,70.98
2025-11-18,9:41:18.809583726,T,KO,F,167,70.98
2025-11-18,9:41:19.527949640,T,KO,,100,70.985
2025-11-18,9:41:19.684514586,T,KO,F I,1,70.99
2025-11-18,9:41:20.165774976,T,KO,F I,14,71.0
2025-11-18,9:41:20.166830998,T,KO,,100,71.0
2025-11-18,9:41:20.166830998,T,KO,I,61,71.0
2025-11-18,9:41:20.166837031,T,KO,,100,71.0
2025-11-18,9:41:20.166837031,T,KO,I,77,71.0
2025-11-18,9:41:20.166839482,T,KO,,848,71.0
2025-11-18,9:41:20.166842953,T,KO,I,4,71.0
2025-11-18,9:41:20.166854964,T,KO,I,1,71.0
2025-11-18,9:41:20.166864063,T,KO,I,95,71.0
2025-11-18,9:41:20.166917688,T,KO,F I,21,71.0
2025-11-18,9:41:20.496069604,T,KO,,100,70.99
2025-11-18,9:41:22.876888238,T,KO,F I,96,70.99
2025-11-18,9:41:22.876890860,T,KO,F I,2,70.99
2025-11-18,9:41:22.876893863,T,KO,F,200,70.99
2025-11-18,9:41:26.415192942,T,KO,,100,71.0
2025-11-18,9:41:26.653651954,T,KO,F I,12,71.01
2025-11-18,9:41:26.783588417,T,KO,I,19,71.02
2025-11-18,9:41:28.739446753,T,KO,I,15,71.03
2025-11-18,9:41:30.612150892,T,KO,I,3,71.03
2025-11-18,9:41:34.020135748,T,KO,F I,1,71.02
2025-11-18,9:41:34.020140538,T,KO,F I,13,71.02
2025-11-18,9:41:34.566126806,T,KO,,100,71.03
2025-11-18,9:41:36.407962460,T,KO,,100,71.01
2025-11-18,9:41:40.565733873,T,KO,F I,21,70.99
2025-11-18,9:41:40.565733873,T,KO,F I,4,70.99
2025-11-18,9:41:41.536217324,T,KO,I,10,70.995
2025-11-18,9:41:44.695833411,T,KO,,200,71.01
2025-11-18,9:41:51.402692044,T,KO,I,2,71.06
2025-11-18,9:41:51.402694769,T,KO,,100,71.06
2025-11-18,9:41:51.402694769,T,KO,I,96,71.06
2025-11-18,9:41:53.925219856,T,KO,F I,1,71.07
2025-11-18,9:42:00.013585818,T,KO,F,100,71.055
2025-11-18,9:42:02.030104421,T,KO,I,8,71.06
2025-11-18,9:42:02.030104421,T,KO,I,1,71.06
2025-11-18,9:42:05.758771864,T,KO,,200,71.09
2025-11-18,9:42:05.758775189,T,KO,I,28,71.09
2025-11-18,9:42:08.693452353,T,KO,F I,1,71.1
2025-11-18,9:42:08.693452353,T,KO,F I,2,71.1
2025-11-18,9:42:08.693455312,T,KO,F I,6,71.1
2025-11-18,9:42:16.236834526,T,KO,,100,71.08
2025-11-18,9:42:16.236837363,T,KO,,100,71.08
2025-11-18,9:42:16.242310436,T,KO,,100,71.085
2025-11-18,9:42:16.242484905,T,KO,,100,71.08
2025-11-18,9:42:26.032827607,T,KO,F I,4,71.08
2025-11-18,9:42:26.032833055,T,KO,F,100,71.08
2025-11-18,9:42:26.032833055,T,KO,F,100,71.08
2025-11-18,9:42:26.032836083,T,KO,F,100,71.08
2025-11-18,9:42:26.032839060,T,KO,F,100,71.08
2025-11-18,9:42:26.032839060,T,KO,F I,25,71.08
2025-11-18,9:42:26.032842799,T,KO,F I,60,71.08
2025-11-18,9:42:26.888770621,T,KO,F I,15,71.07
2025-11-18,9:42:26.888773684,T,KO,F I,4,71.07
2025-11-18,9:42:37.944039626,T,KO,I,1,71.06
2025-11-18,9:42:37.944075736,T,KO,I,1,71.06
2025-11-18,9:42:38.039363673,T,KO,I,40,71.06
2025-11-18,9:42:38.039363673,T,KO,I,60,71.06
2025-11-18,9:42:38.039384813,T,KO,I,1,71.06
2025-11-18,9:42:38.039384813,T,KO,F I,27,71.06
2025-11-18,9:42:40.457155040,T,KO,F,100,71.07
2025-11-18,9:42:40.457158026,T,KO,F I,12,71.07
2025-11-18,9:42:40.457164107,T,KO,F I,88,71.07
2025-11-18,9:42:47.159553901,T,KO,I,2,71.08
2025-11-18,9:42:54.580523105,T,KO,I,4,71.1
2025-11-18,9:42:54.580526922,T,KO,I,1,71.1
2025-11-18,9:42:54.580529330,T,KO,I,36,71.1
2025-11-18,9:42:54.580532157,T,KO,I,92,71.1
2025-11-18,9:42:55.863531852,T,KO,I,49,71.11
2025-11-18,9:42:58.811645221,T,KO,F I,6,71.12
2025-11-18,9:43:02.027925552,T,KO,F I,1,71.14
2025-11-18,9:43:02.384238163,T,KO,I,10,71.15
2025-11-18,9:43:05.433139386,T,KO,F I,1,71.19
2025-11-18,9:43:07.185364660,T,KO,I,56,71.18
2025-11-18,9:43:07.191156647,T,KO,F I,62,71.18
2025-11-18,9:43:07.191159527,T,KO,F I,4,71.18
2025-11-18,9:43:07.191159527,T,KO,F I,34,71.18
2025-11-18,9:43:07.275687829,T,KO,F,100,71.175
2025-11-18,9:43:07.275985544,T,KO,F,100,71.175
2025-11-18,9:43:07.276009535,T,KO,I,10,71.175
2025-11-18,9:43:07.276012520,T,KO,I,90,71.17
2025-11-18,9:43:07.276030555,T,KO,I,1,71.17
2025-11-18,9:43:12.759834494,T,KO,I,4,71.18
2025-11-18,9:43:12.759841292,T,KO,I,62,71.18
2025-11-18,9:43:12.759846691,T,KO,I,36,71.18
2025-11-18,9:43:12.759861555,T,KO,F I,14,71.18
2025-11-18,9:43:12.759861555,T,KO,F I,25,71.18
2025-11-18,9:43:12.759864549,T,KO,F,200,71.18
2025-11-18,9:43:14.848907297,T,KO,I,10,71.2
2025-11-18,9:43:14.848909826,T,KO,,144,71.2
2025-11-18,9:43:14.848930940,T,KO,F I,56,71.2
2025-11-18,9:43:14.848930940,T,KO,F I,50,71.2
2025-11-18,9:43:14.848933967,T,KO,F,100,71.2
2025-11-18,9:43:21.427918774,T,KO,,141,71.21
2025-11-18,9:43:21.427937330,T,KO,F I,59,71.21
2025-11-18,9:43:21.427939802,T,KO,F,100,71.21
2025-11-18,9:43:21.443411648,T,KO,F,100,71.21
2025-11-18,9:43:21.443411648,T,KO,F I,43,71.21
2025-11-18,9:43:23.084834939,T,KO,F I,1,71.21
2025-11-18,9:43:24.811812044,T,KO,,175,71.23
2025-11-18,9:43:24.811831045,T,KO,F I,25,71.23
2025-11-18,9:43:24.811831045,T,KO,F,200,71.23
2025-11-18,9:43:24.811833220,T,KO,F I,21,71.23
2025-11-18,9:43:24.812360046,T,KO,F I,95,71.22
2025-11-18,9:43:24.812365916,T,KO,F,100,71.22
2025-11-18,9:43:24.812365916,T,KO,F I,68,71.22
2025-11-18,9:43:24.812368581,T,KO,F,100,71.22
2025-11-18,9:43:24.812372013,T,KO,F,100,71.22
2025-11-18,9:43:24.812372013,T,KO,F I,73,71.22
2025-11-18,9:43:24.812375283,T,KO,F I,25,71.22
2025-11-18,9:43:24.812375283,T,KO,F,200,71.22
2025-11-18,9:43:24.812387031,T,KO,,100,71.22
2025-11-18,9:43:24.812390289,T,KO,I,1,71.22
2025-11-18,9:43:24.812390289,T,KO,I,99,71.22
2025-11-18,9:43:24.812596984,T,KO,F I,86,71.22
2025-11-18,9:43:25.456313429,T,KO,F,100,71.22
2025-11-18,9:43:25.456316435,T,KO,F I,99,71.22
2025-11-18,9:43:25.456322436,T,KO,F I,86,71.22
2025-11-18,9:43:25.456322436,T,KO,F I,95,71.22
2025-11-18,9:43:25.456325172,T,KO,F,171,71.22
2025-11-18,9:43:25.456325172,T,KO,F,100,71.22
2025-11-18,9:43:25.456328255,T,KO,F I,1,71.22
2025-11-18,9:43:25.456370845,T,KO,F I,81,71.22
2025-11-18,9:43:26.401470128,T,KO,F I,55,71.22
2025-11-18,9:43:28.633915092,T,KO,F,100,71.2
2025-11-18,9:43:28.633915092,T,KO,F,100,71.2
2025-11-18,9:43:30.001136361,T,KO,F I,99,71.18
2025-11-18,9:43:30.226252496,T,KO,F I,50,71.18
2025-11-18,9:43:39.014987306,T,KO,F I,1,71.21
2025-11-18,9:43:43.128721958,T,KO,F I,51,71.21
2025-11-18,9:43:43.128725223,T,KO,F I,50,71.21
2025-11-18,9:43:43.128727874,T,KO,F I,3,71.21
2025-11-18,9:43:43.128730838,T,KO,F,100,71.21
2025-11-18,9:43:43.128748916,T,KO,I,1,71.21
2025-11-18,9:43:43.138570294,T,KO,I,33,71.22
2025-11-18,9:43:43.138829451,T,KO,F I,97,71.21
2025-11-18,9:43:43.138829451,T,KO,F I,33,71.21
2025-11-18,9:43:43.138831894,T,KO,F I,50,71.21
2025-11-18,9:43:43.138856015,T,KO,,180,71.21
2025-11-18,9:43:43.138877082,T,KO,I,7,71.21
2025-11-18,9:43:44.647407873,T,KO,F I,70,71.21
2025-11-18,9:43:45.647421474,T,KO,F,120,71.23
2025-11-18,9:43:45.698579334,T,KO,F I,1,71.23
2025-11-18,9:43:45.698853100,T,KO,F I,4,71.23
2025-11-18,9:43:47.606428246,T,KO,I,13,71.23
2025-11-18,9:43:49.326933901,T,KO,F I,14,71.24
