DATE,TIME_M,EX,SYM_ROOT,TR_SCOND,SIZE,PRICE
2025-12-23,9:30:00.783167657,T,KO,TI,1,70.22
2025-12-23,9:30:01.231864304,T,KO,F I,1,70.18
2025-12-23,9:30:01.231867798,T,KO,F I,1,70.18
2025-12-23,9:30:01.232023632,T,KO,Q,1,70.18
2025-12-23,9:30:01.256159183,T,KO,F I,39,70.12
2025-12-23,9:30:01.329744533,T,KO,I,11,70.12
2025-12-23,9:30:01.329747482,T,KO,I,1,70.12
2025-12-23,9:30:01.494981926,T,KO,I,21,70.08
2025-12-23,9:30:01.543716000,T,KO,,168,70.07
2025-12-23,9:30:01.854683615,T,KO,I,82,70.07
2025-12-23,9:30:02.302690687,T,KO,I,10,70.105
2025-12-23,9:30:02.367173257,T,KO,I,1,70.115
2025-12-23,9:30:02.824189615,T,KO,F I,29,70.12
2025-12-23,9:30:03.233461416,T,KO,I,22,70.13
2025-12-23,9:30:04.378952587,T,KO,I,9,70.13
2025-12-23,9:30:04.378982618,T,KO,F,100,70.13
2025-12-23,9:30:04.490948302,T,KO,I,4,70.13
2025-12-23,9:30:04.589523040,T,KO,I,96,70.13
2025-12-23,9:30:04.589526044,T,KO,,100,70.12
2025-12-23,9:30:04.589529098,T,KO,I,85,70.12
2025-12-23,9:30:04.589541751,T,KO,I,5,70.12
2025-12-23,9:30:04.589544145,T,KO,I,91,70.12
2025-12-23,9:30:05.123835540,T,KO,F I,25,70.13
2025-12-23,9:30:07.307146386,T,KO,,126,70.095
2025-12-23,9:30:08.394575320,T,KO,,100,70.11
2025-12-23,9:30:11.622457096,T,KO,F I,25,70.13
2025-12-23,9:30:14.078367057,T,KO,F,300,70.11
2025-12-23,9:30:17.575597188,T,KO,I,19,70.1
2025-12-23,9:30:18.550215470,T,KO,,100,70.06
2025-12-23,9:30:18.568405783,T,KO,I,11,70.06
2025-12-23,9:30:18.735658096,T,KO,I,15,70.065
2025-12-23,9:30:18.819407590,T,KO,I,15,70.065
2025-12-23,9:30:18.819453410,T,KO,,100,70.065
2025-12-23,9:30:18.819453410,T,KO,I,25,70.06
2025-12-23,9:30:18.819455685,T,KO,I,11,70.06
2025-12-23,9:30:18.819458682,T,KO,I,8,70.06
2025-12-23,9:30:19.243826390,T,KO,I,25,70.065
2025-12-23,9:30:19.289571233,T,KO,I,25,70.065
2025-12-23,9:30:19.289841845,T,KO,I,25,70.05
2025-12-23,9:30:19.290046324,T,KO,F I,4,70.06
2025-12-23,9:30:19.310437910,T,KO,I,29,70.06
2025-12-23,9:30:19.343456634,T,KO,F I,25,70.06
2025-12-23,9:30:19.343462649,T,KO,I,25,70.06
2025-12-23,9:30:19.343531729,T,KO,F I,9,70.06
2025-12-23,9:30:20.231098541,T,KO,F I,4,70.08
2025-12-23,9:30:21.019937347,T,KO,,200,70.08
2025-12-23,9:30:21.021654457,T,KO,F I,25,70.1
2025-12-23,9:30:21.021735620,T,KO,F I,1,70.1
2025-12-23,9:30:21.021756670,T,KO,F I,1,70.1
2025-12-23,9:30:21.021804801,T,KO,F,100,70.1
2025-12-23,9:30:26.388271773,T,KO,F I,92,70.12
2025-12-23,9:30:26.389243128,T,KO,F I,7,70.11
2025-12-23,9:30:26.432663473,T,KO,,100,70.12
2025-12-23,9:30:26.432666505,T,KO,I,25,70.12
2025-12-23,9:30:26.433295046,T,KO,F,187,70.13
2025-12-23,9:30:26.433319085,T,KO,F I,40,70.13
2025-12-23,9:30:26.433325390,T,KO,I,73,70.13
2025-12-23,9:30:28.014520912,T,KO,I,6,70.12
2025-12-23,9:30:28.014851744,T,KO,F I,7,70.11
2025-12-23,9:30:28.177945133,T,KO,,100,70.12
2025-12-23,9:30:28.177948381,T,KO,,100,70.12
2025-12-23,9:30:28.177948381,T,KO,I,4,70.12
2025-12-23,9:30:34.007656458,T,KO,I,12,70.12
2025-12-23,9:30:34.007978372,T,KO,I,4,70.12
2025-12-23,9:30:34.007978372,T,KO,I,5,70.12
2025-12-23,9:30:34.007981270,T,KO,I,3,70.11
2025-12-23,9:30:34.008336078,T,KO,I,9,70.11
2025-12-23,9:30:34.132525839,T,KO,I,9,70.1
2025-12-23,9:30:34.133085303,T,KO,I,25,70.11
2025-12-23,9:30:34.133638506,T,KO,F,100,70.12
2025-12-23,9:30:34.133638506,T,KO,F I,25,70.12
2025-12-23,9:30:34.133647543,T,KO,,250,70.12
2025-12-23,9:30:34.133662557,T,KO,I,1,70.12
2025-12-23,9:30:34.133686607,T,KO,,100,70.12
2025-12-23,9:30:35.879789201,T,KO,I,1,70.12
2025-12-23,9:30:35.879810286,T,KO,F I,99,70.12
2025-12-23,9:30:35.880402762,T,KO,,200,70.12
2025-12-23,9:30:35.880405753,T,KO,F,262,70.12
2025-12-23,9:30:35.881557523,T,KO,F I,25,70.12
2025-12-23,9:30:43.834229264,T,KO,,100,70.11
2025-12-23,9:30:43.834229264,T,KO,,100,70.105
2025-12-23,9:30:43.834490503,T,KO,I,57,70.11
2025-12-23,9:30:43.835293403,T,KO,I,57,70.12
2025-12-23,9:30:43.835296400,T,KO,I,25,70.12
2025-12-23,9:30:43.835359672,T,KO,F,100,70.11
2025-12-23,9:30:43.835362554,T,KO,F I,25,70.11
2025-12-23,9:30:43.835401644,T,KO,F I,25,70.1
2025-12-23,9:30:43.835811240,T,KO,I,25,70.1
2025-12-23,9:30:43.836093302,T,KO,I,29,70.1
2025-12-23,9:30:50.530844920,T,KO,F,200,70.1
2025-12-23,9:30:50.530848511,T,KO,F I,62,70.1
2025-12-23,9:30:52.104965513,T,KO,I,30,70.09
2025-12-23,9:30:52.104965513,T,KO,F I,30,70.09
2025-12-23,9:30:52.104967953,T,KO,F I,30,70.09
2025-12-23,9:30:52.104970885,T,KO,F I,30,70.09
2025-12-23,9:30:52.139255546,T,KO,,100,70.085
2025-12-23,9:30:52.387716903,T,KO,F I,30,70.07
2025-12-23,9:30:52.410408315,T,KO,F I,25,70.06
2025-12-23,9:30:52.432622261,T,KO,I,25,70.06
2025-12-23,9:30:52.432745565,T,KO,,100,70.05
2025-12-23,9:30:52.432745565,T,KO,I,13,70.05
2025-12-23,9:30:52.432748574,T,KO,I,25,70.05
2025-12-23,9:30:52.432766564,T,KO,F I,3,70.05
2025-12-23,9:30:52.432781650,T,KO,F I,3,70.05
2025-12-23,9:30:52.432791118,T,KO,F I,10,70.05
2025-12-23,9:30:52.432841763,T,KO,I,25,70.06
2025-12-23,9:30:52.432893461,T,KO,I,25,70.07
2025-12-23,9:30:52.432895931,T,KO,,100,70.07
2025-12-23,9:30:52.432995138,T,KO,F,100,70.06
2025-12-23,9:30:52.433037256,T,KO,F,100,70.06
2025-12-23,9:30:52.433307862,T,KO,I,25,70.07
2025-12-23,9:30:52.433692890,T,KO,I,13,70.07
2025-12-23,9:30:52.433695857,T,KO,I,3,70.07
2025-12-23,9:30:52.434090084,T,KO,F I,25,70.07
2025-12-23,9:30:52.434288198,T,KO,I,72,70.07
2025-12-23,9:30:52.434310078,T,KO,F I,28,70.07
2025-12-23,9:30:52.444257233,T,KO,F,100,70.07
2025-12-23,9:30:52.444257233,T,KO,F,100,70.07
2025-12-23,9:30:52.444278049,T,KO,I,25,70.07
2025-12-23,9:30:53.284969222,T,KO,F,100,70.075
2025-12-23,9:30:53.284972212,T,KO,F,300,70.075
2025-12-23,9:30:54.583717380,T,KO,F I,24,70.07
2025-12-23,9:30:54.865280978,T,KO,,100,70.06
2025-12-23,9:31:01.212365634,T,KO,F I,21,70.06
2025-12-23,9:31:01.212365634,T,KO,F I,3,70.06
2025-12-23,9:31:01.245062374,T,KO,,200,70.055
2025-12-23,9:31:01.245296901,T,KO,F,100,70.055
2025-12-23,9:31:01.245549799,T,KO,I,11,70.06
2025-12-23,9:31:01.245549799,T,KO,I,25,70.06
2025-12-23,9:31:01.245552523,T,KO,I,16,70.06
2025-12-23,9:31:01.334375150,T,KO,,100,70.07
2025-12-23,9:31:01.334420158,T,KO,,100,70.07
2025-12-23,9:31:01.334678809,T,KO,F,100,70.07
2025-12-23,9:31:01.334847164,T,KO,,100,70.07
2025-12-23,9:31:01.334850165,T,KO,I,25,70.07
2025-12-23,9:31:01.334868188,T,KO,I,1,70.07
2025-12-23,9:31:01.335147938,T,KO,I,25,70.07
2025-12-23,9:31:01.335165897,T,KO,I,50,70.07
2025-12-23,9:31:01.337331094,T,KO,F I,25,70.07
2025-12-23,9:31:01.337815232,T,KO,F I,25,70.06
2025-12-23,9:31:01.338067915,T,KO,F I,25,70.06
2025-12-23,9:31:01.338236306,T,KO,I,25,70.06
2025-12-23,9:31:01.354303472,T,KO,F,100,70.06
2025-12-23,9:31:01.354306569,T,KO,F,100,70.06
2025-12-23,9:31:01.354324535,T,KO,I,1,70.06
2025-12-23,9:31:01.686829535,T,KO,I,25,70.05
2025-12-23,9:31:05.081927369,T,KO,F,100,70.05
2025-12-23,9:31:08.067088857,T,KO,F,262,70.04
2025-12-23,9:31:08.067591049,T,KO,I,38,70.04
2025-12-23,9:31:08.091988078,T,KO,F I,1,70.03
2025-12-23,9:31:08.105830324,T,KO,F I,9,70.02
2025-12-23,9:31:08.105830324,T,KO,F I,25,70.02
2025-12-23,9:31:08.105833063,T,KO,F I,66,70.02
2025-12-23,9:31:08.105848149,T,KO,I,1,70.02
2025-12-23,9:31:08.105971411,T,KO,F I,33,70.02
2025-12-23,9:31:08.105974466,T,KO,F I,60,70.02
2025-12-23,9:31:17.397548647,T,KO,I,80,70.01
2025-12-23,9:31:17.397566680,T,KO,F I,20,70.01
2025-12-23,9:31:17.398312440,T,KO,F,100,70.01
2025-12-23,9:31:17.398613771,T,KO,F I,1,70.0
2025-12-23,9:31:17.398619489,T,KO,F I,1,70.0
2025-12-23,9:31:17.398619489,T,KO,F I,25,70.0
2025-12-23,9:31:17.398619489,T,KO,F,100,70.0
2025-12-23,9:31:17.400441566,T,KO,I,25,70.0
2025-12-23,9:31:17.503848940,T,KO,F I,25,70.0
2025-12-23,9:31:17.517556006,T,KO,F I,25,69.99
2025-12-23,9:31:17.518072750,T,KO,F I,25,69.99
2025-12-23,9:31:17.554594713,T,KO,F I,25,69.99
2025-12-23,9:31:17.568018621,T,KO,I,25,69.99
2025-12-23,9:31:17.771726945,T,KO,F I,25,69.99
2025-12-23,9:31:18.875544742,T,KO,F I,25,69.98
2025-12-23,9:31:18.875598858,T,KO,F I,25,69.98
2025-12-23,9:31:18.875785223,T,KO,F I,25,69.98
2025-12-23,9:31:18.948534524,T,KO,I,25,69.98
2025-12-23,9:31:18.949039739,T,KO,I,30,69.98
2025-12-23,9:31:18.949397563,T,KO,I,25,69.98
2025-12-23,9:31:18.949400889,T,KO,,116,69.98
2025-12-23,9:31:18.970489868,T,KO,F I,25,69.98
2025-12-23,9:31:24.317049317,T,KO,F,100,69.97
2025-12-23,9:31:24.317052335,T,KO,F,100,69.97
2025-12-23,9:31:25.992558786,T,KO,,300,69.945
2025-12-23,9:31:26.344808676,T,KO,F,300,69.96
2025-12-23,9:31:28.665907689,T,KO,F I,9,69.95
2025-12-23,9:31:28.665910631,T,KO,F,100,69.95
2025-12-23,9:31:28.665919711,T,KO,F I,15,69.95
2025-12-23,9:31:28.665919711,T,KO,F I,10,69.95
2025-12-23,9:31:29.270401402,T,KO,F I,25,69.92
2025-12-23,9:31:29.270927628,T,KO,F I,25,69.92
2025-12-23,9:31:29.291993731,T,KO,,100,69.92
2025-12-23,9:31:29.291993731,T,KO,,100,69.92
2025-12-23,9:31:29.291996147,T,KO,I,25,69.91
2025-12-23,9:31:29.291999428,T,KO,I,25,69.91
2025-12-23,9:31:29.292014276,T,KO,F I,75,69.91
2025-12-23,9:31:29.292016882,T,KO,F,100,69.91
2025-12-23,9:31:29.292022887,T,KO,F I,25,69.91
2025-12-23,9:31:29.292037855,T,KO,I,1,69.91
2025-12-23,9:31:29.292222565,T,KO,,100,69.92
2025-12-23,9:31:29.292227502,T,KO,,100,69.92
2025-12-23,9:31:29.292227502,T,KO,I,25,69.92
2025-12-23,9:31:29.292269408,T,KO,F,100,69.92
2025-12-23,9:31:29.343111499,T,KO,F I,43,69.93
2025-12-23,9:31:29.343153666,T,KO,I,57,69.93
2025-12-23,9:31:29.343604823,T,KO,I,18,69.94
2025-12-23,9:31:29.343604823,T,KO,I,25,69.94
2025-12-23,9:31:29.343715935,T,KO,,100,69.94
2025-12-23,9:31:29.343866890,T,KO,F,100,69.94
2025-12-23,9:31:29.343870106,T,KO,F I,43,69.94
2025-12-23,9:31:29.343870106,T,KO,F,316,69.94
2025-12-23,9:31:29.343872401,T,KO,F,100,69.94
2025-12-23,9:31:29.343881647,T,KO,F,100,69.94
2025-12-23,9:31:29.344215457,T,KO,,100,69.93
2025-12-23,9:31:29.344218114,T,KO,,100,69.93
2025-12-23,9:31:29.344221168,T,KO,,100,69.93
2025-12-23,9:31:29.344702362,T,KO,F,100,69.92
2025-12-23,9:31:29.344705346,T,KO,F I,25,69.92
2025-12-23,9:31:29.366029118,T,KO,F,100,69.92
2025-12-23,9:31:29.366029118,T,KO,F,100,69.92
2025-12-23,9:31:29.366083266,T,KO,F,100,69.92
2025-12-23,9:31:29.366104436,T,KO,I,1,69.92
2025-12-23,9:31:29.366104436,T,KO,I,35,69.92
2025-12-23,9:31:34.380480765,T,KO,F,100,69.94
2025-12-23,9:31:35.489001836,T,KO,,100,69.94
2025-12-23,9:31:41.351611862,T,KO,I,2,69.95
2025-12-23,9:31:41.351611862,T,KO,I,25,69.95
2025-12-23,9:31:41.351617436,T,KO,,200,69.95
2025-12-23,9:31:41.393720730,T,KO,F I,22,69.94
2025-12-23,9:31:41.393723726,T,KO,F,100,69.94
2025-12-23,9:31:41.393726824,T,KO,F,100,69.94
2025-12-23,9:31:41.393726824,T,KO,F,100,69.94
2025-12-23,9:31:41.405256195,T,KO,F,100,69.93
2025-12-23,9:31:41.405262349,T,KO,F I,49,69.93
2025-12-23,9:31:42.188976932,T,KO,I,25,69.95
2025-12-23,9:31:42.188979738,T,KO,I,4,69.95
2025-12-23,9:31:42.204869802,T,KO,F,100,69.95
2025-12-23,9:31:42.204872617,T,KO,F,100,69.95
2025-12-23,9:31:42.204887680,T,KO,F,100,69.95
2025-12-23,9:31:42.253203768,T,KO,F,100,69.95
2025-12-23,9:31:42.253206731,T,KO,F,100,69.95
2025-12-23,9:31:42.253895396,T,KO,,100,69.95
2025-12-23,9:31:42.253895396,T,KO,I,1,69.95
2025-12-23,9:31:46.301243776,T,KO,,100,69.965
2025-12-23,9:31:57.613050477,T,KO,I,2,69.96
2025-12-23,9:31:57.613053676,T,KO,,109,69.96
2025-12-23,9:31:57.613381199,T,KO,F,111,69.96
2025-12-23,9:31:57.613537599,T,KO,F I,25,69.96
2025-12-23,9:31:57.613579795,T,KO,I,89,69.96
2025-12-23,9:31:57.613579795,T,KO,I,22,69.96
2025-12-23,9:31:57.687953484,T,KO,,100,69.98
2025-12-23,9:31:57.687980201,T,KO,,100,69.98
2025-12-23,9:32:00.283930546,T,KO,,100,69.99
2025-12-23,9:32:01.204064927,T,KO,,100,70.02
2025-12-23,9:32:01.204100996,T,KO,,100,70.02
2025-12-23,9:32:01.204675398,T,KO,I,27,70.03
2025-12-23,9:32:01.204735588,T,KO,I,2,70.03
2025-12-23,9:32:01.204756573,T,KO,F I,55,70.03
2025-12-23,9:32:01.204777616,T,KO,F I,8,70.03
2025-12-23,9:32:01.204777616,T,KO,F I,1,70.03
2025-12-23,9:32:01.204783693,T,KO,F I,23,70.03
2025-12-23,9:32:01.204789694,T,KO,F I,2,70.03
2025-12-23,9:32:01.205162520,T,KO,F I,96,70.03
2025-12-23,9:32:01.205162520,T,KO,F I,1,70.03
2025-12-23,9:32:01.205180592,T,KO,I,1,70.03
2025-12-23,9:32:01.207382070,T,KO,F I,25,70.02
2025-12-23,9:32:01.207384865,T,KO,F I,22,70.02
2025-12-23,9:32:01.209186200,T,KO,I,1,70.03
2025-12-23,9:32:01.984056696,T,KO,F,100,70.01
2025-12-23,9:32:01.984059586,T,KO,F I,1,70.01
2025-12-23,9:32:04.311927829,T,KO,I,79,70.01
2025-12-23,9:32:04.311942805,T,KO,F,132,70.01
2025-12-23,9:32:10.008674966,T,KO,F I,10,69.98
2025-12-23,9:32:10.042953038,T,KO,I,3,69.96
2025-12-23,9:32:19.080758735,T,KO,F I,2,69.99
2025-12-23,9:32:19.080761741,T,KO,F,100,69.99
2025-12-23,9:32:19.080773801,T,KO,I,1,69.99
2025-12-23,9:32:19.080776823,T,KO,F,100,69.99
2025-12-23,9:32:20.343971268,T,KO,F I,50,69.99
2025-12-23,9:32:20.344034424,T,KO,I,50,69.99
2025-12-23,9:32:20.344037396,T,KO,I,28,69.99
2025-12-23,9:32:20.344043510,T,KO,,100,69.99
2025-12-23,9:32:20.344528184,T,KO,F,100,69.99
2025-12-23,9:32:20.344530653,T,KO,F,100,69.99
2025-12-23,9:32:20.378803257,T,KO,F I,47,69.98
2025-12-23,9:32:20.378848332,T,KO,I,53,69.98
2025-12-23,9:32:20.378848332,T,KO,,100,69.98
2025-12-23,9:32:20.378851350,T,KO,I,25,69.98
2025-12-23,9:32:20.378869377,T,KO,I,1,69.98
2025-12-23,9:32:20.838962180,T,KO,,100,69.98
2025-12-23,9:32:22.995470190,T,KO,,300,69.985
2025-12-23,9:32:27.239853890,T,KO,F I,1,69.99
2025-12-23,9:32:27.262482746,T,KO,I,29,69.99
2025-12-23,9:32:27.273636347,T,KO,I,1,69.99
2025-12-23,9:32:32.112082098,T,KO,F I,2,69.98
2025-12-23,9:32:32.112102696,T,KO,I,98,69.98
2025-12-23,9:32:32.112123726,T,KO,I,1,69.98
2025-12-23,9:32:32.112818474,T,KO,I,98,69.98
2025-12-23,9:32:32.188352333,T,KO,,200,69.98
2025-12-23,9:32:32.198101569,T,KO,,200,69.98
2025-12-23,9:32:33.146283699,T,KO,F,200,69.98
2025-12-23,9:32:35.442348152,T,KO,I,25,69.99
2025-12-23,9:32:40.090557588,T,KO,F,200,69.99
2025-12-23,9:32:40.116061235,T,KO,,100,69.975
2025-12-23,9:32:41.428624441,T,KO,F I,8,69.96
2025-12-23,9:32:41.448116784,T,KO,F I,7,69.95
2025-12-23,9:32:41.448363309,T,KO,F I,3,69.95
2025-12-23,9:32:41.478498099,T,KO,F I,25,69.95
2025-12-23,9:32:41.482028477,T,KO,I,25,69.96
2025-12-23,9:32:41.494829998,T,KO,F I,7,69.95
2025-12-23,9:32:41.806850149,T,KO,F I,25,69.96
2025-12-23,9:32:52.065650840,T,KO,F I,1,69.96
2025-12-23,9:32:52.862515636,T,KO,I,25,69.97
2025-12-23,9:32:52.862521621,T,KO,F I,25,69.97
2025-12-23,9:32:52.862521621,T,KO,F I,25,69.97
2025-12-23,9:32:57.233879737,T,KO,F I,25,69.97
2025-12-23,9:32:58.527034617,T,KO,,200,69.95
2025-12-23,9:33:04.501462446,T,KO,F,300,69.96
2025-12-23,9:33:04.501462446,T,KO,F I,1,69.96
2025-12-23,9:33:09.531659556,T,KO,I,2,69.95
2025-12-23,9:33:09.531662672,T,KO,I,1,69.95
2025-12-23,9:33:14.921438149,T,KO,,100,69.94
2025-12-23,9:33:31.463159423,T,KO,F I,4,69.92
2025-12-23,9:33:31.463177551,T,KO,I,8,69.93
2025-12-23,9:33:31.463181119,T,KO,I,25,69.93
2025-12-23,9:33:31.463181119,T,KO,I,67,69.93
2025-12-23,9:33:31.463559615,T,KO,I,25,69.92
2025-12-23,9:33:31.463562402,T,KO,,100,69.92
2025-12-23,9:33:31.464269082,T,KO,,100,69.91
2025-12-23,9:33:31.464269082,T,KO,I,25,69.91
2025-12-23,9:33:31.470659266,T,KO,F I,1,69.91
2025-12-23,9:33:35.171011273,T,KO,F,100,69.92
2025-12-23,9:33:35.171014282,T,KO,F I,1,69.92
2025-12-23,9:33:35.171014282,T,KO,F I,80,69.92
2025-12-23,9:33:35.171029279,T,KO,I,1,69.92
2025-12-23,9:33:35.171038433,T,KO,F I,19,69.92
2025-12-23,9:33:35.171038433,T,KO,F I,1,69.92
2025-12-23,9:33:35.234883669,T,KO,I,1,69.92
2025-12-23,9:33:35.234886345,T,KO,I,25,69.92
2025-12-23,9:33:40.216794440,T,KO,,100,69.915
2025-12-23,9:33:44.573642910,T,KO,I,25,69.92
2025-12-23,9:33:47.017785973,T,KO,I,69,69.92
2025-12-23,9:33:48.644209578,T,KO,F,100,69.93
2025-12-23,9:33:48.644209578,T,KO,F,100,69.93
2025-12-23,9:33:56.250801650,T,KO,F,100,69.93
2025-12-23,9:33:57.653059369,T,KO,F I,14,69.92
2025-12-23,9:34:00.694232318,T,KO,,100,69.92
2025-12-23,9:34:00.749447145,T,KO,I,1,69.92
2025-12-23,9:34:00.749447145,T,KO,I,25,69.92
2025-12-23,9:34:00.749452776,T,KO,I,20,69.92
2025-12-23,9:34:00.749452776,T,KO,I,20,69.92
2025-12-23,9:34:03.057972808,T,KO,F I,1,69.92
2025-12-23,9:34:04.466912486,T,KO,F I,4,69.9
2025-12-23,9:34:04.466915414,T,KO,F I,1,69.9
2025-12-23,9:34:04.466918379,T,KO,F I,1,69.9
2025-12-23,9:34:07.407354519,T,KO,,100,69.9
2025-12-23,9:34:07.407685456,T,KO,,200,69.895
2025-12-23,9:34:07.407685456,T,KO,I,5,69.9
2025-12-23,9:34:07.408274729,T,KO,I,1,69.9
2025-12-23,9:34:15.528493404,T,KO,F,200,69.91
2025-12-23,9:34:25.495632297,T,KO,F,100,69.91
2025-12-23,9:34:30.240308359,T,KO,F,100,69.9
2025-12-23,9:34:30.250367436,T,KO,I,40,69.9
2025-12-23,9:34:30.708234866,T,KO,I,9,69.9
2025-12-23,9:34:43.347309682,T,KO,I,1,69.91
2025-12-23,9:34:50.690083462,T,KO,F I,8,69.9
2025-12-23,9:34:50.690098504,T,KO,F I,2,69.9
2025-12-23,9:34:50.709004553,T,KO,F I,4,69.895
2025-12-23,9:34:50.719337233,T,KO,F I,1,69.895
2025-12-23,9:34:52.313767681,T,KO,F I,46,69.895
2025-12-23,9:34:52.313767681,T,KO,F I,64,69.895
2025-12-23,9:34:52.314245761,T,KO,I,36,69.895
2025-12-23,9:34:52.314245761,T,KO,I,10,69.89
2025-12-23,9:34:52.314248793,T,KO,I,64,69.89
2025-12-23,9:34:52.314266719,T,KO,I,36,69.89
2025-12-23,9:35:00.047210923,T,KO,,100,69.88
2025-12-23,9:35:00.089921621,T,KO,I,3,69.89
2025-12-23,9:35:00.164748845,T,KO,F I,25,69.9
2025-12-23,9:35:00.186929649,T,KO,,200,69.9
2025-12-23,9:35:00.187164525,T,KO,F I,25,69.91
2025-12-23,9:35:00.187164525,T,KO,F,100,69.91
2025-12-23,9:35:00.187188256,T,KO,F,125,69.91
2025-12-23,9:35:00.187188256,T,KO,I,1,69.91
2025-12-23,9:35:00.187221330,T,KO,I,75,69.91
2025-12-23,9:35:00.251376185,T,KO,I,3,69.92
2025-12-23,9:35:00.324564659,T,KO,I,22,69.92
2025-12-23,9:35:00.324803038,T,KO,F,100,69.92
2025-12-23,9:35:00.324803038,T,KO,F,100,69.92
2025-12-23,9:35:00.324805137,T,KO,F I,1,69.92
2025-12-23,9:35:00.324829111,T,KO,I,22,69.92
2025-12-23,9:35:00.324868206,T,KO,I,2,69.92
2025-12-23,9:35:07.266423536,T,KO,,100,69.9
2025-12-23,9:35:07.266441487,T,KO,I,1,69.9
2025-12-23,9:35:13.812729404,T,KO,I,25,69.88
2025-12-23,9:35:13.812732493,T,KO,I,25,69.88
2025-12-23,9:35:13.812735506,T,KO,I,25,69.88
2025-12-23,9:35:13.865541248,T,KO,I,25,69.88
2025-12-23,9:35:14.917557785,T,KO,I,12,69.87
2025-12-23,9:35:14.918619264,T,KO,I,1,69.87
2025-12-23,9:35:14.918811747,T,KO,F,100,69.87
2025-12-23,9:35:14.918814961,T,KO,F I,25,69.87
2025-12-23,9:35:15.470965766,T,KO,F I,2,69.87
2025-12-23,9:35:15.470968768,T,KO,F I,1,69.87
2025-12-23,9:35:15.470971724,T,KO,F I,3,69.87
2025-12-23,9:35:15.470984043,T,KO,F I,1,69.87
2025-12-23,9:35:15.471401756,T,KO,I,24,69.87
2025-12-23,9:35:15.471407774,T,KO,F I,6,69.87
2025-12-23,9:35:15.471420026,T,KO,F I,94,69.87
2025-12-23,9:35:15.471420026,T,KO,F I,30,69.87
2025-12-23,9:35:15.471440901,T,KO,I,1,69.87
2025-12-23,9:35:15.921375502,T,KO,I,1,69.87
2025-12-23,9:35:15.921378502,T,KO,I,24,69.87
2025-12-23,9:35:15.921432635,T,KO,F,100,69.87
2025-12-23,9:35:15.921432635,T,KO,F I,24,69.87
2025-12-23,9:35:15.921435647,T,KO,F,100,69.87
2025-12-23,9:35:15.936922482,T,KO,,100,69.86
2025-12-23,9:35:15.965740117,T,KO,F I,24,69.86
2025-12-23,9:35:16.257777688,T,KO,F I,15,69.86
2025-12-23,9:35:20.834272115,T,KO,I,65,69.86
2025-12-23,9:35:21.112335423,T,KO,I,14,69.85
2025-12-23,9:35:21.112335423,T,KO,I,25,69.85
2025-12-23,9:35:21.140031326,T,KO,I,19,69.84
2025-12-23,9:35:21.154865704,T,KO,F I,25,69.83
2025-12-23,9:35:21.155058249,T,KO,F I,6,69.83
2025-12-23,9:35:34.439971854,T,KO,F,100,69.84
2025-12-23,9:35:34.440007917,T,KO,,100,69.85
2025-12-23,9:35:34.440007917,T,KO,I,25,69.85
2025-12-23,9:35:34.440010945,T,KO,,274,69.85
2025-12-23,9:35:34.440029061,T,KO,I,1,69.85
2025-12-23,9:35:34.440404892,T,KO,I,6,69.85
2025-12-23,9:35:34.466425863,T,KO,F I,20,69.84
2025-12-23,9:35:34.479567230,T,KO,F,100,69.83
2025-12-23,9:35:34.479570133,T,KO,F I,23,69.83
2025-12-23,9:35:34.479573189,T,KO,F I,33,69.83
2025-12-23,9:35:34.479588306,T,KO,I,1,69.83
2025-12-23,9:35:34.479588306,T,KO,I,66,69.83
2025-12-23,9:35:34.487548316,T,KO,F I,12,69.825
2025-12-23,9:35:35.007246347,T,KO,I,10,69.82
2025-12-23,9:35:35.007261165,T,KO,I,11,69.82
2025-12-23,9:35:35.007263982,T,KO,I,9,69.82
2025-12-23,9:35:35.030912342,T,KO,F I,16,69.82
2025-12-23,9:35:35.044667087,T,KO,F I,1,69.81
2025-12-23,9:35:35.044688090,T,KO,I,99,69.81
2025-12-23,9:35:35.044691092,T,KO,I,25,69.81
2025-12-23,9:35:35.414307397,T,KO,F I,29,69.81
2025-12-23,9:35:35.414310443,T,KO,F,100,69.81
2025-12-23,9:35:37.661785092,T,KO,F I,29,69.82
2025-12-23,9:35:37.661785092,T,KO,F I,4,69.82
2025-12-23,9:35:37.661848253,T,KO,F,100,69.82
2025-12-23,9:35:37.837707051,T,KO,I,18,69.82
2025-12-23,9:35:37.862765772,T,KO,I,29,69.82
2025-12-23,9:35:37.869023695,T,KO,I,23,69.82
2025-12-23,9:35:37.869026646,T,KO,I,1,69.82
2025-12-23,9:35:37.882923008,T,KO,F I,11,69.81
2025-12-23,9:35:37.882944298,T,KO,I,89,69.81
2025-12-23,9:35:37.882944298,T,KO,I,25,69.81
2025-12-23,9:35:37.882946822,T,KO,I,10,69.81
2025-12-23,9:35:37.882967877,T,KO,I,1,69.81
2025-12-23,9:35:37.882994968,T,KO,I,2,69.81
2025-12-23,9:35:37.882998089,T,KO,I,23,69.81
2025-12-23,9:35:37.883000934,T,KO,,100,69.81
2025-12-23,9:35:37.883000934,T,KO,I,29,69.81
2025-12-23,9:35:38.019697516,T,KO,I,14,69.81
2025-12-23,9:35:38.019715954,T,KO,I,86,69.81
2025-12-23,9:35:38.019715954,T,KO,I,13,69.81
2025-12-23,9:35:38.020136557,T,KO,F I,1,69.81
2025-12-23,9:35:38.020157656,T,KO,F I,23,69.81
2025-12-23,9:35:38.020160622,T,KO,F I,7,69.81
2025-12-23,9:35:38.626831541,T,KO,I,2,69.81
2025-12-23,9:35:38.626831541,T,KO,I,16,69.81
2025-12-23,9:35:38.626831541,T,KO,I,7,69.81
2025-12-23,9:35:41.166400731,T,KO,F I,80,69.83
2025-12-23,9:35:41.493474692,T,KO,,100,69.83
2025-12-23,9:35:42.175011981,T,KO,F I,80,69.84
2025-12-23,9:35:47.400253701,T,KO,I,14,69.84
2025-12-23,9:35:50.631443262,T,KO,F,100,69.85
2025-12-23,9:35:50.631455516,T,KO,F,200,69.85
2025-12-23,9:35:50.633346776,T,KO,,100,69.86
2025-12-23,9:35:54.131776841,T,KO,F I,40,69.87
2025-12-23,9:35:54.131779755,T,KO,F I,20,69.87
2025-12-23,9:35:54.131782823,T,KO,F,200,69.87
2025-12-23,9:35:54.155181494,T,KO,,100,69.875
2025-12-23,9:35:54.193679207,T,KO,F I,25,69.89
2025-12-23,9:35:54.194067141,T,KO,F,100,69.89
2025-12-23,9:35:54.224710187,T,KO,F I,23,69.89
2025-12-23,9:35:54.224713116,T,KO,F I,77,69.89
2025-12-23,9:35:54.224725108,T,KO,F I,23,69.89
2025-12-23,9:35:54.224737212,T,KO,I,1,69.89
2025-12-23,9:35:54.224737212,T,KO,I,99,69.89
2025-12-23,9:35:55.232376976,T,KO,F I,23,69.89
2025-12-23,9:35:55.232376976,T,KO,F I,23,69.89
2025-12-23,9:35:55.233212979,T,KO,F I,10,69.89
2025-12-23,9:35:55.255219389,T,KO,F,100,69.88
2025-12-23,9:35:55.256581636,T,KO,F,300,69.875
2025-12-23,9:35:55.256584673,T,KO,F I,49,69.88
2025-12-23,9:35:55.256602740,T,KO,F I,51,69.88
2025-12-23,9:35:55.256605655,T,KO,F,100,69.88
2025-12-23,9:35:55.256608836,T,KO,F I,23,69.88
2025-12-23,9:35:55.256608836,T,KO,F I,1,69.88
2025-12-23,9:35:55.256608836,T,KO,F I,25,69.88
2025-12-23,9:35:55.256958221,T,KO,I,23,69.88
2025-12-23,9:35:55.256960539,T,KO,I,25,69.88
2025-12-23,9:35:55.558251118,T,KO,F I,25,69.87
2025-12-23,9:35:55.558969798,T,KO,I,25,69.87
2025-12-23,9:35:56.488155865,T,KO,,300,69.87
2025-12-23,9:35:57.237534599,T,KO,,100,69.88
2025-12-23,9:35:57.630531550,T,KO,F I,56,69.87
2025-12-23,9:35:57.630561876,T,KO,I,44,69.87
2025-12-23,9:35:57.630561876,T,KO,,100,69.87
2025-12-23,9:35:57.631890801,T,KO,F I,23,69.87
2025-12-23,9:35:57.631893833,T,KO,F I,1,69.87
2025-12-23,9:35:57.631896925,T,KO,F,100,69.87
2025-12-23,9:35:57.631896925,T,KO,F I,25,69.87
2025-12-23,9:35:57.762176044,T,KO,F I,1,69.87
2025-12-23,9:35:57.762179147,T,KO,F I,23,69.87
2025-12-23,9:35:57.762497800,T,KO,I,23,69.87
2025-12-23,9:35:57.980646542,T,KO,F I,1,69.87
2025-12-23,9:35:57.980649471,T,KO,F I,23,69.87
2025-12-23,9:35:57.980652421,T,KO,F I,20,69.87
2025-12-23,9:35:57.981013950,T,KO,I,1,69.87
2025-12-23,9:35:57.993312594,T,KO,F I,3,69.87
2025-12-23,9:35:58.178610937,T,KO,I,20,69.88
2025-12-23,9:35:58.178610937,T,KO,I,25,69.88
2025-12-23,9:35:58.401020665,T,KO,F I,1,69.88
2025-12-23,9:35:58.401020665,T,KO,F I,11,69.88
2025-12-23,9:35:58.401736275,T,KO,I,1,69.88
2025-12-23,9:35:58.423697587,T,KO,F I,1,69.885
2025-12-23,9:35:59.318244110,T,KO,F I,25,69.89
2025-12-23,9:35:59.318556844,T,KO,F I,25,69.9
2025-12-23,9:35:59.318563576,T,KO,F I,20,69.9
2025-12-23,9:35:59.318563576,T,KO,F I,20,69.9
2025-12-23,9:35:59.318842989,T,KO,,100,69.89
2025-12-23,9:35:59.318842989,T,KO,I,23,69.89
2025-12-23,9:35:59.318842989,T,KO,I,1,69.89
2025-12-23,9:35:59.318846732,T,KO,I,25,69.89
2025-12-23,9:35:59.626703779,T,KO,F,100,69.88
2025-12-23,9:36:06.898430415,T,KO,I,10,69.88
2025-12-23,9:36:06.899143229,T,KO,I,10,69.87
2025-12-23,9:36:06.899143229,T,KO,,100,69.87
2025-12-23,9:36:06.899488993,T,KO,F,100,69.87
2025-12-23,9:36:06.899488993,T,KO,F I,30,69.87
2025-12-23,9:36:06.899513778,T,KO,I,70,69.87
2025-12-23,9:36:06.899513778,T,KO,I,25,69.87
2025-12-23,9:36:06.899516077,T,KO,I,5,69.87
2025-12-23,9:36:06.899519220,T,KO,F I,67,69.87
2025-12-23,9:36:06.899522951,T,KO,F I,23,69.87
2025-12-23,9:36:06.899588477,T,KO,I,30,69.87
2025-12-23,9:36:06.899591242,T,KO,I,5,69.87
2025-12-23,9:36:06.899594709,T,KO,I,2,69.87
2025-12-23,9:36:06.899594709,T,KO,I,67,69.87
2025-12-23,9:36:06.899597234,T,KO,I,23,69.87
2025-12-23,9:36:06.899597234,T,KO,I,70,69.87
2025-12-23,9:36:06.899600139,T,KO,I,25,69.87
2025-12-23,9:36:06.899705480,T,KO,F I,1,69.88
2025-12-23,9:36:06.899733700,T,KO,F I,99,69.88
2025-12-23,9:36:06.899733700,T,KO,F I,25,69.88
2025-12-23,9:36:06.899738823,T,KO,F,100,69.88
2025-12-23,9:36:06.899738823,T,KO,F,100,69.88
2025-12-23,9:36:06.899738823,T,KO,F I,14,69.88
2025-12-23,9:36:06.899759559,T,KO,F I,86,69.88
2025-12-23,9:36:06.899801647,T,KO,I,25,69.88
2025-12-23,9:36:06.899804678,T,KO,,100,69.88
2025-12-23,9:36:06.899865027,T,KO,F I,25,69.88
2025-12-23,9:36:06.899873813,T,KO,I,25,69.88
2025-12-23,9:36:06.899873813,T,KO,I,75,69.88
2025-12-23,9:36:06.899913079,T,KO,I,25,69.88
2025-12-23,9:36:06.899913079,T,KO,I,25,69.88
2025-12-23,9:36:06.899933992,T,KO,,200,69.88
2025-12-23,9:36:06.900027188,T,KO,F I,25,69.88
2025-12-23,9:36:06.900069250,T,KO,I,25,69.88
2025-12-23,9:36:06.900700827,T,KO,I,25,69.88
2025-12-23,9:36:06.926742845,T,KO,F,200,69.885
2025-12-23,9:36:08.249448967,T,KO,I,25,69.89
2025-12-23,9:36:08.249452198,T,KO,I,75,69.89
2025-12-23,9:36:08.249452198,T,KO,I,25,69.89
2025-12-23,9:36:10.807993521,T,KO,F I,2,69.89
2025-12-23,9:36:10.807996710,T,KO,F,100,69.89
2025-12-23,9:36:10.807996710,T,KO,F I,47,69.89
2025-12-23,9:36:10.808011537,T,KO,I,1,69.89
2025-12-23,9:36:10.808020656,T,KO,F I,52,69.89
2025-12-23,9:36:10.808020656,T,KO,F,100,69.89
2025-12-23,9:36:10.897582868,T,KO,F I,75,69.855
2025-12-23,9:36:11.002012892,T,KO,I,50,69.85
2025-12-23,9:36:11.002662514,T,KO,F I,26,69.85
2025-12-23,9:36:11.284271020,T,KO,I,25,69.855
2025-12-23,9:36:11.284273833,T,KO,I,8,69.85
2025-12-23,9:36:11.284276959,T,KO,I,2,69.85
2025-12-23,9:36:11.284279923,T,KO,I,1,69.85
2025-12-23,9:36:11.284288934,T,KO,F I,25,69.85
2025-12-23,9:36:12.289270375,T,KO,,100,69.845
2025-12-23,9:36:14.750786038,T,KO,F I,56,69.845
2025-12-23,9:36:14.751471582,T,KO,,100,69.84
2025-12-23,9:36:18.253275557,T,KO,I,10,69.83
2025-12-23,9:36:18.269072236,T,KO,F I,25,69.825
2025-12-23,9:36:18.714153169,T,KO,F I,2,69.83
2025-12-23,9:36:27.319676676,T,KO,F,100,69.82
2025-12-23,9:36:31.484187051,T,KO,I,11,69.83
2025-12-23,9:36:31.485053129,T,KO,,100,69.83
2025-12-23,9:36:31.485053129,T,KO,I,28,69.83
2025-12-23,9:36:31.485071229,T,KO,I,1,69.83
2025-12-23,9:36:31.485092358,T,KO,F I,7,69.83
2025-12-23,9:36:31.485095425,T,KO,F I,10,69.83
2025-12-23,9:36:31.485098359,T,KO,F I,1,69.83
2025-12-23,9:36:31.485098359,T,KO,F I,9,69.83
2025-12-23,9:36:33.894229151,T,KO,I,28,69.82
2025-12-23,9:36:33.894232098,T,KO,I,1,69.82
2025-12-23,9:36:33.894644060,T,KO,F,100,69.82
2025-12-23,9:36:33.902459700,T,KO,F I,60,69.83
2025-12-23,9:36:33.902459700,T,KO,F I,25,69.83
2025-12-23,9:36:33.913291525,T,KO,F I,28,69.83
2025-12-23,9:36:33.957695218,T,KO,,100,69.83
2025-12-23,9:36:33.957698889,T,KO,I,28,69.83
2025-12-23,9:36:33.957698889,T,KO,I,2,69.83
2025-12-23,9:36:33.957701717,T,KO,I,28,69.83
2025-12-23,9:36:33.957704225,T,KO,,100,69.83
2025-12-23,9:36:34.060446914,T,KO,I,83,69.835
2025-12-23,9:36:34.072171891,T,KO,I,25,69.84
2025-12-23,9:36:34.072183884,T,KO,F I,25,69.84
2025-12-23,9:36:34.072192930,T,KO,F I,25,69.84
2025-12-23,9:36:34.072204947,T,KO,F,100,69.84
2025-12-23,9:36:34.072207935,T,KO,F,100,69.84
2025-12-23,9:36:34.072207935,T,KO,F,150,69.84
2025-12-23,9:36:34.147248699,T,KO,F I,28,69.84
2025-12-23,9:36:34.147251666,T,KO,F I,4,69.84
2025-12-23,9:36:34.147257712,T,KO,F I,28,69.84
2025-12-23,9:36:34.147257712,T,KO,F I,2,69.84
2025-12-23,9:36:34.147260852,T,KO,F,100,69.84
2025-12-23,9:36:36.571646646,T,KO,F,100,69.84
2025-12-23,9:36:36.571665059,T,KO,I,1,69.84
2025-12-23,9:36:36.571665059,T,KO,F I,27,69.84
2025-12-23,9:36:36.571670732,T,KO,F I,4,69.84
2025-12-23,9:36:36.589019063,T,KO,,100,69.84
2025-12-23,9:36:36.589301686,T,KO,,100,69.84
2025-12-23,9:36:39.547516095,T,KO,F I,20,69.85
2025-12-23,9:36:39.547531150,T,KO,F,100,69.85
2025-12-23,9:36:39.547534611,T,KO,F,100,69.85
2025-12-23,9:36:42.077246009,T,KO,F,100,69.845
2025-12-23,9:36:42.412084497,T,KO,I,21,69.845
2025-12-23,9:36:44.288171650,T,KO,,100,69.845
2025-12-23,9:36:44.288406261,T,KO,,100,69.84
2025-12-23,9:36:44.322931419,T,KO,F I,35,69.835
2025-12-23,9:36:44.346092650,T,KO,F I,10,69.83
2025-12-23,9:36:44.361152434,T,KO,F,100,69.825
2025-12-23,9:36:44.361164523,T,KO,F I,25,69.82
2025-12-23,9:36:51.862424965,T,KO,,100,69.84
2025-12-23,9:36:51.862424965,T,KO,I,60,69.84
2025-12-23,9:36:51.862936015,T,KO,I,54,69.84
2025-12-23,9:36:51.926152598,T,KO,,100,69.845
2025-12-23,9:36:51.928687592,T,KO,,350,69.845
2025-12-23,9:36:51.931249706,T,KO,,350,69.845
2025-12-23,9:36:51.966950717,T,KO,F I,18,69.835
2025-12-23,9:36:56.244731935,T,KO,F,100,69.84
2025-12-23,9:36:56.244750393,T,KO,I,1,69.84
2025-12-23,9:36:56.244753092,T,KO,F I,24,69.84
2025-12-23,9:36:59.417771914,T,KO,I,12,69.84
2025-12-23,9:36:59.417820036,T,KO,I,75,69.84
2025-12-23,9:37:06.259577057,T,KO,F I,60,69.84
2025-12-23,9:37:06.259577057,T,KO,I,60,69.84
2025-12-23,9:37:06.259579604,T,KO,F I,60,69.84
2025-12-23,9:37:06.259627751,T,KO,,100,69.84
2025-12-23,9:37:06.837291573,T,KO,I,40,69.85
2025-12-23,9:37:06.837291573,T,KO,,100,69.85
2025-12-23,9:37:06.837306565,T,KO,F,100,69.85
2025-12-23,9:37:06.837962087,T,KO,,100,69.85
2025-12-23,9:37:06.837986359,T,KO,I,1,69.85
2025-12-23,9:37:06.838025321,T,KO,F,100,69.85
2025-12-23,9:37:06.838025321,T,KO,F,100,69.85
2025-12-23,9:37:06.838028321,T,KO,F I,30,69.85
2025-12-23,9:37:06.867889340,T,KO,,100,69.855
2025-12-23,9:37:07.126694750,T,KO,,100,69.855
2025-12-23,9:37:07.134288118,T,KO,,100,69.855
2025-12-23,9:37:07.143324435,T,KO,,100,69.855
2025-12-23,9:37:12.338178528,T,KO,F,100,69.86
2025-12-23,9:37:12.338194176,T,KO,I,1,69.86
2025-12-23,9:37:12.338202675,T,KO,I,99,69.86
2025-12-23,9:37:12.338205888,T,KO,I,25,69.86
2025-12-23,9:37:12.338205888,T,KO,I,1,69.86
2025-12-23,9:37:12.364031145,T,KO,F I,33,69.86
2025-12-23,9:37:12.364034145,T,KO,F I,30,69.86
2025-12-23,9:37:15.197676166,T,KO,F I,3,69.86
2025-12-23,9:37:15.197679844,T,KO,F I,30,69.86
2025-12-23,9:37:19.510789048,T,KO,,100,69.87
2025-12-23,9:37:21.357565315,T,KO,F,100,69.88
2025-12-23,9:37:21.357574420,T,KO,F,100,69.88
2025-12-23,9:37:23.910462416,T,KO,,100,69.885
2025-12-23,9:37:23.925005139,T,KO,,100,69.885
2025-12-23,9:37:26.775027890,T,KO,,100,69.885
2025-12-23,9:37:27.390233015,T,KO,F,100,69.89
2025-12-23,9:37:27.401921946,T,KO,F I,33,69.89
2025-12-23,9:37:27.401928175,T,KO,F,100,69.89
2025-12-23,9:37:27.401928175,T,KO,F,100,69.89
2025-12-23,9:37:27.401931234,T,KO,F I,10,69.89
2025-12-23,9:37:27.401931234,T,KO,F,100,69.89
2025-12-23,9:37:28.451541733,T,KO,I,10,69.89
2025-12-23,9:37:28.451556778,T,KO,F I,23,69.89
2025-12-23,9:37:29.928088507,T,KO,F I,40,69.9
2025-12-23,9:37:34.508405077,T,KO,I,25,69.91
2025-12-23,9:37:45.028549369,T,KO,,100,69.905
2025-12-23,9:37:47.671962053,T,KO,,100,69.905
2025-12-23,9:37:54.248396914,T,KO,,102,69.9
2025-12-23,9:37:54.248396914,T,KO,I,10,69.9
2025-12-23,9:37:54.248405763,T,KO,F,100,69.9
2025-12-23,9:37:54.280462181,T,KO,F I,25,69.88
2025-12-23,9:37:54.280465175,T,KO,F I,8,69.88
2025-12-23,9:38:00.489596048,T,KO,,100,69.89
2025-12-23,9:38:02.769500011,T,KO,F,100,69.9
2025-12-23,9:38:02.777309629,T,KO,F I,35,69.9
2025-12-23,9:38:02.777328065,T,KO,F I,35,69.9
2025-12-23,9:38:02.777328065,T,KO,I,35,69.9
2025-12-23,9:38:04.626732339,T,KO,F I,10,69.89
2025-12-23,9:38:06.481432536,T,KO,,100,69.885
2025-12-23,9:38:06.483315085,T,KO,F I,35,69.89
2025-12-23,9:38:06.483327765,T,KO,I,35,69.89
2025-12-23,9:38:06.584617314,T,KO,F,100,69.9
2025-12-23,9:38:06.585218763,T,KO,I,50,69.9
2025-12-23,9:38:07.758896098,T,KO,,100,69.9
2025-12-23,9:38:16.631593790,T,KO,I,40,69.89
2025-12-23,9:38:16.631596910,T,KO,,100,69.89
2025-12-23,9:38:16.832261722,T,KO,F I,10,69.895
2025-12-23,9:38:16.832330961,T,KO,F I,10,69.895
2025-12-23,9:38:16.833227105,T,KO,F I,10,69.89
2025-12-23,9:38:16.833404549,T,KO,F I,26,69.89
2025-12-23,9:38:16.833416542,T,KO,F I,74,69.89
2025-12-23,9:38:16.833419962,T,KO,F,100,69.89
2025-12-23,9:38:16.833422977,T,KO,F I,36,69.89
2025-12-23,9:38:16.833422977,T,KO,F I,2,69.89
2025-12-23,9:38:16.833425540,T,KO,F,100,69.89
2025-12-23,9:38:18.374647127,T,KO,F I,16,69.895
2025-12-23,9:38:19.067996794,T,KO,I,2,69.89
2025-12-23,9:38:19.067999452,T,KO,I,36,69.89
2025-12-23,9:38:25.311033045,T,KO,F I,50,69.87
2025-12-23,9:38:37.758969478,T,KO,F,100,69.87
2025-12-23,9:38:40.427612184,T,KO,,100,69.88
2025-12-23,9:38:40.464383788,T,KO,,100,69.88
2025-12-23,9:38:40.464386839,T,KO,,100,69.885
2025-12-23,9:38:44.603658101,T,KO,F I,7,69.88
2025-12-23,9:38:44.603685098,T,KO,I,3,69.88
2025-12-23,9:38:44.603688617,T,KO,I,25,69.88
2025-12-23,9:38:44.604235480,T,KO,I,28,69.88
2025-12-23,9:38:50.508879139,T,KO,,100,69.88
2025-12-23,9:38:50.508882228,T,KO,I,21,69.88
2025-12-23,9:38:50.521867155,T,KO,F I,32,69.88
2025-12-23,9:38:53.340534185,T,KO,I,29,69.875
2025-12-23,9:38:55.308950212,T,KO,I,70,69.875
2025-12-23,9:38:56.112758593,T,KO,F I,32,69.88
2025-12-23,9:38:56.112761586,T,KO,F I,25,69.88
2025-12-23,9:38:58.985684144,T,KO,F I,10,69.88
2025-12-23,9:39:03.996334492,T,KO,I,59,69.875
2025-12-23,9:39:04.026646707,T,KO,I,6,69.875
2025-12-23,9:39:06.793091395,T,KO,F I,58,69.87
2025-12-23,9:39:06.793091395,T,KO,F I,25,69.87
2025-12-23,9:39:09.007827120,T,KO,I,64,69.865
2025-12-23,9:39:15.514802518,T,KO,F I,10,69.86
2025-12-23,9:39:21.221446024,T,KO,F I,10,69.84
2025-12-23,9:39:21.221448648,T,KO,I,10,69.84
2025-12-23,9:39:21.221451629,T,KO,F I,10,69.84
2025-12-23,9:39:21.221454698,T,KO,I,10,69.84
2025-12-23,9:39:21.221463645,T,KO,I,4,69.84
2025-12-23,9:39:21.221466745,T,KO,I,10,69.84
2025-12-23,9:39:21.221635148,T,KO,I,10,69.84
2025-12-23,9:39:21.221725335,T,KO,F I,6,69.84
2025-12-23,9:39:22.939145763,T,KO,I,10,69.84
2025-12-23,9:39:27.426516956,T,KO,I,10,69.82
2025-12-23,9:39:27.619660945,T,KO,F,100,69.815
2025-12-23,9:39:27.619669981,T,KO,F I,1,69.81
2025-12-23,9:39:33.071119328,T,KO,F I,26,69.815
2025-12-23,9:39:35.190648384,T,KO,I,74,69.815
2025-12-23,9:39:35.190648384,T,KO,I,61,69.81
2025-12-23,9:39:35.210366250,T,KO,F I,46,69.815
2025-12-23,9:39:38.023497745,T,KO,F,100,69.82
2025-12-23,9:39:38.023497745,T,KO,F,100,69.82
2025-12-23,9:39:38.023503324,T,KO,F,200,69.82
2025-12-23,9:39:38.023503324,T,KO,F I,38,69.82
2025-12-23,9:39:38.023503324,T,KO,F I,62,69.82
2025-12-23,9:39:39.047856714,T,KO,I,62,69.825
2025-12-23,9:39:42.014891095,T,KO,F,100,69.83
2025-12-23,9:39:42.014936267,T,KO,F,100,69.83
2025-12-23,9:39:42.015318103,T,KO,I,32,69.84
2025-12-23,9:39:46.844035482,T,KO,F,100,69.84
2025-12-23,9:39:46.846317949,T,KO,I,10,69.84
2025-12-23,9:39:46.846320851,T,KO,I,61,69.84
2025-12-23,9:39:46.853011807,T,KO,F,100,69.85
2025-12-23,9:39:46.853015036,T,KO,F I,34,69.85
2025-12-23,9:39:46.853015036,T,KO,F,100,69.85
2025-12-23,9:39:46.853017849,T,KO,F I,25,69.85
2025-12-23,9:39:46.884088082,T,KO,F I,34,69.85
2025-12-23,9:39:46.884088082,T,KO,F I,10,69.85
2025-12-23,9:39:46.900829570,T,KO,F I,25,69.84
2025-12-23,9:39:46.900832638,T,KO,F I,34,69.84
2025-12-23,9:39:46.900835193,T,KO,F,100,69.84
2025-12-23,9:39:46.900835193,T,KO,F,100,69.84
2025-12-23,9:39:46.900837660,T,KO,F I,2,69.84
2025-12-23,9:39:46.900849737,T,KO,I,1,69.84
2025-12-23,9:39:47.547399294,T,KO,I,20,69.84
2025-12-23,9:39:47.548036149,T,KO,I,34,69.84
2025-12-23,9:39:47.548040373,T,KO,I,43,69.84
2025-12-23,9:39:47.548042122,T,KO,I,2,69.84
2025-12-23,9:39:47.548045413,T,KO,,100,69.84
2025-12-23,9:39:47.548045413,T,KO,,100,69.84
2025-12-23,9:39:47.548048616,T,KO,,125,69.84
2025-12-23,9:39:49.008521429,T,KO,F I,37,69.84
2025-12-23,9:39:49.008537105,T,KO,F I,5,69.84
2025-12-23,9:39:49.008575642,T,KO,F I,15,69.84
2025-12-23,9:39:49.027087753,T,KO,F I,17,69.84
2025-12-23,9:39:49.038785519,T,KO,F I,2,69.84
2025-12-23,9:39:50.316615895,T,KO,I,19,69.84
2025-12-23,9:39:50.316934672,T,KO,I,19,69.84
2025-12-23,9:39:50.317130174,T,KO,I,31,69.84
2025-12-23,9:39:50.344251751,T,KO,F I,2,69.84
2025-12-23,9:39:50.358147794,T,KO,I,1,69.835
2025-12-23,9:39:50.548077098,T,KO,I,13,69.84
2025-12-23,9:39:50.616757674,T,KO,,100,69.835
2025-12-23,9:39:53.773032868,T,KO,F I,10,69.83
2025-12-23,9:39:53.776485017,T,KO,F I,32,69.83
2025-12-23,9:39:53.776488777,T,KO,F I,2,69.83
2025-12-23,9:39:53.776491281,T,KO,F I,33,69.83
2025-12-23,9:39:53.776494146,T,KO,F I,18,69.83
2025-12-23,9:39:53.776494146,T,KO,F I,82,69.83
2025-12-23,9:39:55.094271541,T,KO,F I,2,69.83
2025-12-23,9:39:55.094271541,T,KO,F I,32,69.83
2025-12-23,9:39:55.098166108,T,KO,F I,25,69.82
2025-12-23,9:39:55.098166108,T,KO,F I,25,69.82
2025-12-23,9:39:55.098171903,T,KO,F,100,69.82
2025-12-23,9:39:55.098174858,T,KO,F I,10,69.82
2025-12-23,9:39:55.098192864,T,KO,I,1,69.82
2025-12-23,9:39:55.102863045,T,KO,I,19,69.815
2025-12-23,9:39:55.104201273,T,KO,F I,1,69.81
2025-12-23,9:39:55.104225216,T,KO,F I,99,69.81
2025-12-23,9:39:55.104598435,T,KO,I,2,69.81
2025-12-23,9:39:55.104601363,T,KO,,100,69.81
2025-12-23,9:39:55.104601363,T,KO,I,33,69.81
2025-12-23,9:39:55.104619635,T,KO,I,1,69.81
2025-12-23,9:39:55.104932011,T,KO,F,135,69.81
2025-12-23,9:39:55.110693661,T,KO,F I,7,69.81
2025-12-23,9:39:55.110994453,T,KO,F I,26,69.81
2025-12-23,9:39:55.110994453,T,KO,F I,26,69.81
2025-12-23,9:39:57.913408383,T,KO,F I,4,69.8
2025-12-23,9:39:57.913408383,T,KO,F I,25,69.8
2025-12-23,9:39:57.913414701,T,KO,F I,1,69.8
2025-12-23,9:39:57.913414701,T,KO,F I,1,69.8
2025-12-23,9:39:57.913419748,T,KO,F I,11,69.8
2025-12-23,9:39:57.913422759,T,KO,F I,2,69.8
2025-12-23,9:39:57.914788072,T,KO,,100,69.79
2025-12-23,9:39:57.914788072,T,KO,I,10,69.79
2025-12-23,9:39:57.916830243,T,KO,,200,69.79
2025-12-23,9:39:57.916832913,T,KO,,100,69.79
2025-12-23,9:39:57.916835930,T,KO,I,33,69.79
2025-12-23,9:39:57.916835930,T,KO,,100,69.79
2025-12-23,9:39:57.916838902,T,KO,I,26,69.79
2025-12-23,9:39:57.916838902,T,KO,I,25,69.79
2025-12-23,9:39:57.916850957,T,KO,I,1,69.79
2025-12-23,9:39:57.917151604,T,KO,,164,69.79
2025-12-23,9:39:57.924383924,T,KO,I,33,69.79
2025-12-23,9:39:57.939061882,T,KO,F,100,69.785
2025-12-23,9:39:57.939070916,T,KO,F I,77,69.785
2025-12-23,9:39:57.960520928,T,KO,F I,2,69.78
2025-12-23,9:39:57.960524207,T,KO,F I,98,69.78
2025-12-23,9:39:57.960535942,T,KO,F I,2,69.78
2025-12-23,9:39:57.960542023,T,KO,I,1,69.78
2025-12-23,9:40:00.714555083,T,KO,I,24,69.78
2025-12-23,9:40:01.285473859,T,KO,F I,10,69.77
2025-12-23,9:40:01.285473859,T,KO,F I,7,69.77
2025-12-23,9:40:03.042176669,T,KO,F I,16,69.78
2025-12-23,9:40:03.052617669,T,KO,F,100,69.79
2025-12-23,9:40:03.052620482,T,KO,F I,25,69.79
2025-12-23,9:40:03.140315373,T,KO,F,100,69.8
2025-12-23,9:40:04.046355345,T,KO,F I,2,69.8
2025-12-23,9:40:04.046358247,T,KO,F I,14,69.8
2025-12-23,9:40:07.551422063,T,KO,F I,1,69.8
2025-12-23,9:40:07.830056644,T,KO,F I,9,69.8
2025-12-23,9:40:15.812077929,T,KO,F,100,69.82
2025-12-23,9:40:15.812077929,T,KO,F I,25,69.82
2025-12-23,9:40:15.812096016,T,KO,I,1,69.82
2025-12-23,9:40:15.813377391,T,KO,F I,32,69.82
2025-12-23,9:40:15.813377391,T,KO,F I,2,69.82
2025-12-23,9:40:15.813383375,T,KO,F I,10,69.82
2025-12-23,9:40:15.816041412,T,KO,I,1,69.82
2025-12-23,9:40:21.427778585,T,KO,F,127,69.81
2025-12-23,9:40:21.458857587,T,KO,,200,69.8
2025-12-23,9:40:21.508202123,T,KO,I,32,69.8
2025-12-23,9:40:21.508202123,T,KO,I,2,69.8
2025-12-23,9:40:21.508214060,T,KO,,400,69.795
2025-12-23,9:40:22.139155744,T,KO,F I,2,69.8
2025-12-23,9:40:25.361880158,T,KO,F I,25,69.795
2025-12-23,9:40:25.361943247,T,KO,I,75,69.795
2025-12-23,9:40:25.387552271,T,KO,F,100,69.785
2025-12-23,9:40:25.387567312,T,KO,F I,25,69.78
2025-12-23,9:40:25.387567312,T,KO,F I,25,69.78
2025-12-23,9:40:25.387570270,T,KO,F I,10,69.78
2025-12-23,9:40:25.398495359,T,KO,I,25,69.78
2025-12-23,9:40:25.552149234,T,KO,F I,1,69.78
2025-12-23,9:40:31.659358533,T,KO,,100,69.79
2025-12-23,9:40:32.268967341,T,KO,F I,82,69.78
2025-12-23,9:40:32.286577315,T,KO,I,27,69.775
2025-12-23,9:40:32.436180533,T,KO,F I,1,69.76
2025-12-23,9:40:47.086472292,T,KO,F I,10,69.76
2025-12-23,9:40:47.109877451,T,KO,F I,29,69.75
2025-12-23,9:40:47.109877451,T,KO,F I,19,69.75
2025-12-23,9:40:47.118817317,T,KO,F I,5,69.75
2025-12-23,9:40:47.128554597,T,KO,F I,1,69.75
2025-12-23,9:40:48.021880109,T,KO,F I,25,69.75
2025-12-23,9:40:48.021883505,T,KO,F,365,69.75
2025-12-23,9:40:48.021895146,T,KO,I,1,69.75
2025-12-23,9:40:48.021904210,T,KO,F I,29,69.75
2025-12-23,9:40:48.092743868,T,KO,F I,45,69.755
2025-12-23,9:40:48.102772755,T,KO,F I,4,69.755
2025-12-23,9:40:48.113791058,T,KO,F I,1,69.755
2025-12-23,9:40:48.809997171,T,KO,F I,93,69.765
2025-12-23,9:40:48.899791026,T,KO,,100,69.77
2025-12-23,9:40:48.899794002,T,KO,,100,69.77
2025-12-23,9:40:52.354629139,T,KO,F I,1,69.76
2025-12-23,9:40:53.038629196,T,KO,F I,25,69.77
2025-12-23,9:40:53.050290976,T,KO,F I,10,69.76
2025-12-23,9:40:53.050293992,T,KO,F I,15,69.76
2025-12-23,9:40:57.771854041,T,KO,F I,23,69.775
2025-12-23,9:40:57.787085390,T,KO,F I,23,69.775
2025-12-23,9:40:57.799883791,T,KO,F I,7,69.775
2025-12-23,9:40:57.864649583,T,KO,F I,25,69.78
2025-12-23,9:40:57.864652956,T,KO,F,100,69.78
2025-12-23,9:40:57.864655181,T,KO,F I,25,69.78
2025-12-23,9:40:57.864658111,T,KO,F I,25,69.78
2025-12-23,9:40:57.886577312,T,KO,F I,38,69.78
2025-12-23,9:40:57.887629792,T,KO,,100,69.78
2025-12-23,9:40:57.887634354,T,KO,I,38,69.78
2025-12-23,9:40:57.887634354,T,KO,,100,69.78
2025-12-23,9:40:57.887639010,T,KO,I,2,69.78
2025-12-23,9:40:57.887639010,T,KO,I,38,69.78
2025-12-23,9:40:57.887641845,T,KO,,100,69.78
2025-12-23,9:40:57.887954602,T,KO,F,100,69.78
2025-12-23,9:40:57.896994198,T,KO,F,100,69.78
2025-12-23,9:40:57.896994198,T,KO,F I,2,69.78
2025-12-23,9:40:57.896997250,T,KO,F,100,69.78
2025-12-23,9:40:57.896997250,T,KO,F I,11,69.78
2025-12-23,9:40:57.897015229,T,KO,I,1,69.78
2025-12-23,9:40:58.183594739,T,KO,F I,26,69.78
2025-12-23,9:41:03.490781565,T,KO,I,28,69.785
2025-12-23,9:41:06.503879726,T,KO,F I,11,69.77
2025-12-23,9:41:06.503882666,T,KO,F I,1,69.77
2025-12-23,9:41:18.722150285,T,KO,F I,6,69.76
2025-12-23,9:41:20.039151858,T,KO,,100,69.765
2025-12-23,9:41:20.493867773,T,KO,,100,69.77
2025-12-23,9:41:22.271148853,T,KO,F I,1,69.77
2025-12-23,9:41:22.271148853,T,KO,F I,44,69.77
2025-12-23,9:41:22.271166736,T,KO,I,55,69.77
2025-12-23,9:41:24.989986895,T,KO,F I,10,69.76
2025-12-23,9:41:26.102528501,T,KO,,100,69.76
2025-12-23,9:41:27.705210492,T,KO,F,100,69.77
2025-12-23,9:41:27.705213698,T,KO,F,100,69.77
2025-12-23,9:41:27.705213698,T,KO,,200,69.77
2025-12-23,9:41:34.048587110,T,KO,F I,67,69.77
2025-12-23,9:41:34.048590203,T,KO,F I,25,69.77
2025-12-23,9:41:34.048605901,T,KO,I,1,69.77
2025-12-23,9:41:37.150086824,T,KO,F,128,69.75
2025-12-23,9:41:37.150127016,T,KO,F,365,69.75
2025-12-23,9:41:37.150127016,T,KO,F I,50,69.75
2025-12-23,9:41:37.151058285,T,KO,,200,69.75
2025-12-23,9:41:37.151061132,T,KO,I,25,69.75
2025-12-23,9:41:37.151064148,T,KO,,100,69.75
2025-12-23,9:41:37.185261595,T,KO,F,100,69.75
2025-12-23,9:41:37.185264556,T,KO,F,100,69.75
2025-12-23,9:41:37.185276570,T,KO,F I,25,69.75
2025-12-23,9:41:37.185276570,T,KO,F I,25,69.75
2025-12-23,9:41:37.185282593,T,KO,I,1,69.75
2025-12-23,9:41:37.185327846,T,KO,I,2,69.75
2025-12-23,9:41:37.185330740,T,KO,I,47,69.75
2025-12-23,9:41:37.185333710,T,KO,,100,69.75
2025-12-23,9:41:37.207295088,T,KO,I,2,69.75
2025-12-23,9:41:37.207298104,T,KO,I,45,69.75
2025-12-23,9:41:37.231803393,T,KO,I,2,69.75
2025-12-23,9:41:37.231806440,T,KO,I,3,69.75
2025-12-23,9:41:38.268865365,T,KO,,100,69.76
2025-12-23,9:41:38.268904413,T,KO,F I,10,69.76
2025-12-23,9:41:38.841763387,T,KO,,100,69.77
2025-12-23,9:41:38.841765775,T,KO,I,25,69.77
2025-12-23,9:41:38.841768919,T,KO,I,25,69.77
2025-12-23,9:41:38.841768919,T,KO,,200,69.77
2025-12-23,9:41:38.841771774,T,KO,,180,69.77
2025-12-23,9:41:38.848794471,T,KO,,100,69.775
2025-12-23,9:41:38.848796593,T,KO,I,25,69.78
2025-12-23,9:41:38.848799456,T,KO,I,75,69.78
2025-12-23,9:41:38.848814582,T,KO,I,1,69.78
2025-12-23,9:41:38.893573083,T,KO,F,100,69.76
2025-12-23,9:41:38.893582103,T,KO,F I,3,69.76
2025-12-23,9:41:38.893591219,T,KO,I,1,69.76
2025-12-23,9:41:41.447119830,T,KO,F I,48,69.77
2025-12-23,9:41:41.447140830,T,KO,F I,52,69.77
2025-12-23,9:41:41.447143779,T,KO,F I,57,69.77
2025-12-23,9:41:44.395930778,T,KO,F I,2,69.77
2025-12-23,9:41:44.395930778,T,KO,F I,98,69.77
2025-12-23,9:41:44.395942804,T,KO,F I,2,69.77
2025-12-23,9:41:44.395948870,T,KO,I,1,69.77
2025-12-23,9:41:44.397263684,T,KO,F,100,69.77
2025-12-23,9:41:44.397266251,T,KO,F I,44,69.77
2025-12-23,9:41:44.397269198,T,KO,F I,4,69.77
2025-12-23,9:41:44.397269198,T,KO,F I,47,69.77
2025-12-23,9:41:46.209715578,T,KO,I,3,69.775
2025-12-23,9:41:46.632131597,T,KO,F I,2,69.77
2025-12-23,9:41:46.632134630,T,KO,F I,6,69.77
2025-12-23,9:41:46.632134630,T,KO,F I,44,69.77
2025-12-23,9:41:46.671811115,T,KO,I,2,69.765
2025-12-23,9:41:49.127706151,T,KO,F I,68,69.76
2025-12-23,9:41:49.127727258,T,KO,I,22,69.76
2025-12-23,9:41:50.662895497,T,KO,I,1,69.755
2025-12-23,9:41:51.186457448,T,KO,F I,25,69.75
2025-12-23,9:41:51.341178944,T,KO,F I,56,69.73
2025-12-23,9:41:54.227080051,T,KO,I,10,69.735
2025-12-23,9:41:57.148682243,T,KO,F I,1,69.72
2025-12-23,9:42:01.325203588,T,KO,I,2,69.72
2025-12-23,9:42:01.355867442,T,KO,F,100,69.72
2025-12-23,9:42:01.355867442,T,KO,F I,38,69.72
2025-12-23,9:42:01.355870341,T,KO,F I,2,69.72
2025-12-23,9:42:01.355870341,T,KO,F I,60,69.72
2025-12-23,9:42:01.355885363,T,KO,I,1,69.72
2025-12-23,9:42:06.979903775,T,KO,F I,4,69.705
2025-12-23,9:42:06.979906773,T,KO,F I,4,69.705
2025-12-23,9:42:06.979909746,T,KO,F I,4,69.705
2025-12-23,9:42:06.979999933,T,KO,F I,4,69.705
2025-12-23,9:42:06.980388004,T,KO,F I,4,69.705
2025-12-23,9:42:06.980396905,T,KO,F I,4,69.705
2025-12-23,9:42:06.980511147,T,KO,I,4,69.705
2025-12-23,9:42:06.980893089,T,KO,I,4,69.7
2025-12-23,9:42:07.005157829,T,KO,I,25,69.69
2025-12-23,9:42:07.005163898,T,KO,,100,69.69
2025-12-23,9:42:10.205683446,T,KO,F I,2,69.7
2025-12-23,9:42:10.205683446,T,KO,F I,38,69.7
2025-12-23,9:42:10.212747289,T,KO,F,100,69.71
2025-12-23,9:42:10.229058155,T,KO,F I,10,69.715
2025-12-23,9:42:13.262752669,T,KO,,100,69.715
2025-12-23,9:42:13.262752669,T,KO,,100,69.715
2025-12-23,9:42:13.262755359,T,KO,,100,69.715
2025-12-23,9:42:13.262758373,T,KO,,177,69.715
2025-12-23,9:42:17.238031081,T,KO,I,10,69.715
2025-12-23,9:42:17.291823113,T,KO,I,10,69.71
2025-12-23,9:42:17.318316247,T,KO,F I,18,69.705
2025-12-23,9:42:19.506104764,T,KO,F,100,69.71
2025-12-23,9:42:27.194654574,T,KO,F,100,69.72
2025-12-23,9:42:27.194657659,T,KO,F,100,69.72
2025-12-23,9:42:27.194660084,T,KO,F,140,69.72
2025-12-23,9:42:27.222545556,T,KO,F I,35,69.72
2025-12-23,9:42:27.772215670,T,KO,F I,25,69.74
2025-12-23,9:42:27.772387044,T,KO,I,20,69.74
2025-12-23,9:42:27.800368619,T,KO,F I,35,69.74
2025-12-23,9:42:28.259748740,T,KO,F I,4,69.73
2025-12-23,9:42:28.965638050,T,KO,F,100,69.73
2025-12-23,9:42:28.965911731,T,KO,I,35,69.72
2025-12-23,9:42:28.981170093,T,KO,F I,19,69.72
2025-12-23,9:42:29.468414510,T,KO,F I,19,69.715
2025-12-23,9:42:29.586821411,T,KO,F I,2,69.71
2025-12-23,9:42:38.282511305,T,KO,,100,69.72
2025-12-23,9:42:39.300255344,T,KO,F I,10,69.71
2025-12-23,9:42:39.322087341,T,KO,F I,1,69.71
2025-12-23,9:42:45.802238633,T,KO,F I,1,69.72
2025-12-23,9:42:45.813876854,T,KO,F I,4,69.71
2025-12-23,9:42:45.813879422,T,KO,F I,25,69.71
2025-12-23,9:42:45.813882333,T,KO,F I,21,69.71
2025-12-23,9:42:45.822984926,T,KO,F I,5,69.71
2025-12-23,9:42:46.564121291,T,KO,F,200,69.72
2025-12-23,9:42:46.572511267,T,KO,F I,80,69.72
2025-12-23,9:42:48.670430535,T,KO,F,100,69.73
2025-12-23,9:42:49.771527223,T,KO,F I,10,69.74
2025-12-23,9:42:49.782503282,T,KO,F I,11,69.74
2025-12-23,9:42:49.792917084,T,KO,F I,1,69.74
2025-12-23,9:42:56.972663674,T,KO,F I,72,69.75
2025-12-23,9:42:57.011789827,T,KO,I,11,69.755
2025-12-23,9:42:58.847072706,T,KO,I,21,69.755
2025-12-23,9:43:00.936407311,T,KO,,100,69.77
2025-12-23,9:43:09.416149449,T,KO,I,47,69.775
2025-12-23,9:43:12.425981839,T,KO,F,100,69.78
2025-12-23,9:43:12.425981839,T,KO,F I,5,69.78
2025-12-23,9:43:18.525035562,T,KO,F,100,69.78
2025-12-23,9:43:18.525035562,T,KO,F,100,69.78
2025-12-23,9:43:18.525038621,T,KO,F I,10,69.78
2025-12-23,9:43:22.291496991,T,KO,F,100,69.78
2025-12-23,9:43:22.291518246,T,KO,I,1,69.78
2025-12-23,9:43:22.291710450,T,KO,,100,69.78
2025-12-23,9:43:25.364411552,T,KO,F I,10,69.77
2025-12-23,9:43:25.364414176,T,KO,F I,40,69.77
2025-12-23,9:43:27.430589452,T,KO,F I,2,69.77
2025-12-23,9:43:27.430589452,T,KO,F I,3,69.77
2025-12-23,9:43:27.430595440,T,KO,F I,97,69.77
2025-12-23,9:43:32.486612084,T,KO,F I,20,69.78
2025-12-23,9:43:32.647699683,T,KO,,100,69.78
2025-12-23,9:43:59.788539207,T,KO,F I,20,69.8
2025-12-23,9:44:00.264930868,T,KO,F,100,69.81
2025-12-23,9:44:01.894460751,T,KO,,300,69.815
2025-12-23,9:44:04.358562544,T,KO,F,100,69.82
2025-12-23,9:44:07.222478123,T,KO,F I,10,69.83
2025-12-23,9:44:21.490550595,T,KO,I,10,69.81
2025-12-23,9:44:21.490550595,T,KO,I,25,69.81
2025-12-23,9:44:22.512251932,T,KO,,100,69.805
2025-12-23,9:44:22.512291030,T,KO,I,71,69.8
2025-12-23,9:44:26.875950658,T,KO,,200,69.805
2025-12-23,9:44:28.518429498,T,KO,,200,69.805
2025-12-23,9:44:30.659041651,T,KO,,100,69.81
2025-12-23,9:44:30.659041651,T,KO,,100,69.81
2025-12-23,9:44:30.661402678,T,KO,,100,69.8
2025-12-23,9:44:30.661402678,T,KO,I,25,69.8
2025-12-23,9:44:30.661405331,T,KO,I,40,69.8
2025-12-23,9:44:30.661408349,T,KO,I,14,69.8
2025-12-23,9:44:30.662451783,T,KO,F I,75,69.8
2025-12-23,9:44:30.662470211,T,KO,F I,25,69.8
2025-12-23,9:44:30.662470211,T,KO,F I,25,69.8
2025-12-23,9:44:30.662472950,T,KO,F,100,69.8
2025-12-23,9:44:36.847194599,T,KO,F,100,69.8
2025-12-23,9:44:36.847197595,T,KO,F I,40,69.8
2025-12-23,9:44:36.847212693,T,KO,I,1,69.8
2025-12-23,9:44:36.847218668,T,KO,F I,65,69.8
2025-12-23,9:44:36.851377613,T,KO,I,60,69.79
2025-12-23,9:44:36.871721193,T,KO,F,200,69.785
2025-12-23,9:44:47.798785284,T,KO,F I,21,69.795
2025-12-23,9:44:56.952917142,T,KO,,100,69.795
2025-12-23,9:44:56.976926376,T,KO,I,10,69.79
2025-12-23,9:45:00.368686408,T,KO,F I,5,69.8
2025-12-23,9:45:00.368713315,T,KO,F,100,69.8
2025-12-23,9:45:00.368716375,T,KO,F,100,69.8
2025-12-23,9:45:03.392457234,T,KO,F,100,69.8
2025-12-23,9:45:03.392474877,T,KO,I,1,69.8
2025-12-23,9:45:08.567268349,T,KO,,100,69.775
2025-12-23,9:45:08.576894444,T,KO,,100,69.775
2025-12-23,9:45:08.897129982,T,KO,F,200,69.775
2025-12-23,9:45:09.622210909,T,KO,,100,69.785
2025-12-23,9:45:09.637273717,T,KO,I,25,69.79
2025-12-23,9:45:09.637276741,T,KO,,100,69.79
2025-12-23,9:45:10.390514280,T,KO,I,2,69.79
2025-12-23,9:45:10.390514280,T,KO,,100,69.79
2025-12-23,9:45:10.391247397,T,KO,I,10,69.78
2025-12-23,9:45:10.391250379,T,KO,I,25,69.78
2025-12-23,9:45:10.391250379,T,KO,I,42,69.78
2025-12-23,9:45:10.655468691,T,KO,F I,2,69.78
2025-12-23,9:45:10.656455150,T,KO,,100,69.78
2025-12-23,9:45:10.656458016,T,KO,I,9,69.78
2025-12-23,9:45:10.656476077,T,KO,I,1,69.78
2025-12-23,9:45:10.678368256,T,KO,,100,69.785
2025-12-23,9:45:14.011930560,T,KO,F I,57,69.8
2025-12-23,9:45:14.012195184,T,KO,F,100,69.8
2025-12-23,9:45:14.073881454,T,KO,F I,40,69.805
2025-12-23,9:45:14.073881454,T,KO,F I,97,69.8
2025-12-23,9:45:14.073902195,T,KO,I,1,69.8
2025-12-23,9:45:14.073959341,T,KO,F I,37,69.8
2025-12-23,9:45:14.074620861,T,KO,I,12,69.8
2025-12-23,9:45:16.586566438,T,KO,F,500,69.79
2025-12-23,9:45:16.586572470,T,KO,,500,69.79
2025-12-23,9:45:16.586587564,T,KO,I,1,69.79
2025-12-23,9:45:16.586599814,T,KO,F I,52,69.79
2025-12-23,9:45:16.613300097,T,KO,I,25,69.78
2025-12-23,9:45:16.613303141,T,KO,I,23,69.78
2025-12-23,9:45:16.613321163,T,KO,F I,77,69.78
2025-12-23,9:45:17.289968690,T,KO,F I,10,69.77
2025-12-23,9:45:17.365896519,T,KO,F I,50,69.76
2025-12-23,9:45:17.365896519,T,KO,F I,7,69.76
2025-12-23,9:45:17.504583832,T,KO,I,37,69.76
2025-12-23,9:45:19.117604527,T,KO,F,100,69.77
2025-12-23,9:45:19.117628525,T,KO,F,100,69.77
2025-12-23,9:45:22.798680442,T,KO,,100,69.765
2025-12-23,9:45:26.197820234,T,KO,I,10,69.76
2025-12-23,9:45:32.972760482,T,KO,F,100,69.74
2025-12-23,9:45:34.125910814,T,KO,I,50,69.74
2025-12-23,9:45:34.125928917,T,KO,F I,50,69.74
2025-12-23,9:45:34.125931875,T,KO,F,100,69.74
2025-12-23,9:45:34.125934949,T,KO,F,100,69.74
2025-12-23,9:45:34.126232631,T,KO,I,2,69.74
2025-12-23,9:45:34.126232631,T,KO,I,98,69.74
2025-12-23,9:45:34.127300300,T,KO,I,2,69.74
2025-12-23,9:45:34.127303158,T,KO,I,98,69.74
2025-12-23,9:45:34.127339190,T,KO,I,2,69.74
2025-12-23,9:45:35.145831893,T,KO,,100,69.745
2025-12-23,9:45:35.461048729,T,KO,,100,69.745
2025-12-23,9:45:36.009903838,T,KO,,100,69.745
2025-12-23,9:45:37.391553472,T,KO,,300,69.745
2025-12-23,9:45:37.391571497,T,KO,F,125,69.745
2025-12-23,9:45:37.395826646,T,KO,F,100,69.75
2025-12-23,9:45:37.395829598,T,KO,F I,25,69.75
2025-12-23,9:45:37.395839123,T,KO,F I,25,69.76
2025-12-23,9:45:37.395844661,T,KO,F I,25,69.76
2025-12-23,9:45:37.395844661,T,KO,F,100,69.76
2025-12-23,9:45:37.395847839,T,KO,F I,50,69.76
2025-12-23,9:45:37.395847839,T,KO,F,100,69.76
2025-12-23,9:45:37.395940819,T,KO,F I,91,69.76
2025-12-23,9:45:37.396016792,T,KO,F I,25,69.77
2025-12-23,9:45:37.396016792,T,KO,F,100,69.77
2025-12-23,9:45:37.396019054,T,KO,F I,5,69.77
2025-12-23,9:45:37.396085352,T,KO,F,100,69.77
2025-12-23,9:45:37.396229608,T,KO,F I,25,69.77
2025-12-23,9:45:37.396271701,T,KO,F,100,69.77
2025-12-23,9:45:37.396349853,T,KO,F I,25,69.77
2025-12-23,9:45:37.396385924,T,KO,F I,75,69.77
2025-12-23,9:45:37.396394962,T,KO,F I,25,69.77
2025-12-23,9:45:37.396394962,T,KO,F I,75,69.77
2025-12-23,9:45:37.396455050,T,KO,F I,25,69.77
2025-12-23,9:45:37.396500189,T,KO,F I,25,69.78
2025-12-23,9:45:37.396503465,T,KO,F,100,69.78
2025-12-23,9:45:37.396503465,T,KO,F I,28,69.78
2025-12-23,9:45:37.396674588,T,KO,F,100,69.77
2025-12-23,9:45:37.396704759,T,KO,F I,72,69.78
2025-12-23,9:45:37.396704759,T,KO,F I,95,69.78
2025-12-23,9:45:37.396785909,T,KO,F I,5,69.78
2025-12-23,9:45:37.396785909,T,KO,F,100,69.78
2025-12-23,9:45:37.397020446,T,KO,F,100,69.78
2025-12-23,9:45:37.397324503,T,KO,F I,25,69.79
2025-12-23,9:45:37.397324503,T,KO,F,100,69.79
2025-12-23,9:45:37.397327195,T,KO,F,100,69.79
2025-12-23,9:45:37.649850574,T,KO,,200,69.795
2025-12-23,9:45:38.717444314,T,KO,F,100,69.8
2025-12-23,9:45:38.717444314,T,KO,F,200,69.8
2025-12-23,9:45:40.917583218,T,KO,,100,69.81
2025-12-23,9:45:42.735791521,T,KO,,100,69.82
2025-12-23,9:45:46.024309614,T,KO,,100,69.83
2025-12-23,9:45:46.054624847,T,KO,,100,69.83
2025-12-23,9:45:46.054627707,T,KO,,100,69.835
2025-12-23,9:45:54.841133927,T,KO,I,6,69.835
2025-12-23,9:46:03.440041443,T,KO,F I,1,69.83
2025-12-23,9:46:03.440125632,T,KO,,100,69.83
2025-12-23,9:46:04.657566121,T,KO,,100,69.84
2025-12-23,9:46:04.661373222,T,KO,,100,69.84
2025-12-23,9:46:04.668292645,T,KO,,100,69.84
2025-12-23,9:46:08.470635482,T,KO,,100,69.845
2025-12-23,9:46:12.900173033,T,KO,,150,69.85
2025-12-23,9:46:16.279907376,T,KO,,100,69.85
2025-12-23,9:46:21.809702215,T,KO,,100,69.86
2025-12-23,9:46:21.815915090,T,KO,,100,69.86
2025-12-23,9:46:24.388710388,T,KO,F,100,69.87
2025-12-23,9:46:24.388713741,T,KO,F,100,69.88
2025-12-23,9:46:24.388713741,T,KO,F,100,69.88
2025-12-23,9:46:24.388728537,T,KO,I,1,69.88
2025-12-23,9:46:24.958299945,T,KO,,100,69.88
2025-12-23,9:46:33.077989174,T,KO,I,10,69.895
2025-12-23,9:46:43.756517663,T,KO,,100,69.895
2025-12-23,9:46:43.764760258,T,KO,,100,69.895
2025-12-23,9:46:51.689663611,T,KO,F I,10,69.9
2025-12-23,9:46:56.250427645,T,KO,,100,69.895
2025-12-23,9:47:05.845407119,T,KO,F I,25,69.88
2025-12-23,9:47:05.845409501,T,KO,F,100,69.88
2025-12-23,9:47:05.847944383,T,KO,,100,69.875
2025-12-23,9:47:13.707622317,T,KO,I,10,69.895
2025-12-23,9:47:20.812613838,T,KO,I,40,69.895
2025-12-23,9:47:27.779561668,T,KO,F I,10,69.89
2025-12-23,9:47:27.779561668,T,KO,F I,59,69.89
2025-12-23,9:47:27.779799142,T,KO,F I,20,69.89
2025-12-23,9:47:27.779802070,T,KO,F I,40,69.89
2025-12-23,9:47:27.779805234,T,KO,F I,20,69.89
2025-12-23,9:47:27.779973472,T,KO,,100,69.89
2025-12-23,9:47:27.802840018,T,KO,,200,69.885
2025-12-23,9:47:33.457850015,T,KO,I,7,69.885
2025-12-23,9:47:33.572278490,T,KO,,100,69.885
2025-12-23,9:47:40.563951001,T,KO,F I,10,69.88
2025-12-23,9:47:46.106273909,T,KO,F,100,69.88
2025-12-23,9:47:53.194061478,T,KO,F I,63,69.86
2025-12-23,9:47:56.877696539,T,KO,I,10,69.855
2025-12-23,9:47:57.777604787,T,KO,I,90,69.855
2025-12-23,9:48:05.041618040,T,KO,,100,69.86
2025-12-23,9:48:07.550030208,T,KO,F I,1,69.87
2025-12-23,9:48:07.550033192,T,KO,F I,1,69.87
2025-12-23,9:48:07.550058326,T,KO,F,100,69.87
2025-12-23,9:48:07.550058326,T,KO,F,100,69.87
2025-12-23,9:48:07.550063286,T,KO,F,100,69.87
2025-12-23,9:48:14.238159883,T,KO,,100,69.88
2025-12-23,9:48:20.016355520,T,KO,,100,69.89
2025-12-23,9:48:24.012693404,T,KO,,100,69.91
2025-12-23,9:48:24.012726475,T,KO,I,25,69.91
2025-12-23,9:48:26.144822372,T,KO,F I,10,69.9
2025-12-23,9:48:30.173027363,T,KO,F I,10,69.89
2025-12-23,9:48:30.173030277,T,KO,F I,1,69.89
2025-12-23,9:48:30.173033018,T,KO,F I,10,69.89
2025-12-23,9:48:30.173036041,T,KO,F I,10,69.89
2025-12-23,9:48:30.173039209,T,KO,F I,10,69.89
2025-12-23,9:48:30.173039209,T,KO,F I,10,69.89
2025-12-23,9:48:30.173042497,T,KO,F I,10,69.89
2025-12-23,9:48:30.173042497,T,KO,I,10,69.89
2025-12-23,9:48:30.173048081,T,KO,F I,10,69.89
2025-12-23,9:48:30.173048081,T,KO,F I,10,69.89
2025-12-23,9:48:30.173057122,T,KO,F I,19,69.89
2025-12-23,9:48:30.173370095,T,KO,F I,24,69.89
2025-12-23,9:48:30.173372864,T,KO,F I,3,69.89
2025-12-23,9:48:30.173469144,T,KO,F I,10,69.89
2025-12-23,9:48:30.173499311,T,KO,I,63,69.89
2025-12-23,9:48:30.173502117,T,KO,I,13,69.89
2025-12-23,9:48:30.173523217,T,KO,I,51,69.89
2025-12-23,9:48:30.176299332,T,KO,I,36,69.89
2025-12-23,9:48:30.176302012,T,KO,I,3,69.89
2025-12-23,9:48:30.176302012,T,KO,I,24,69.89
2025-12-23,9:48:30.737050427,T,KO,I,98,69.88
2025-12-23,9:48:30.737062463,T,KO,I,1,69.88
2025-12-23,9:48:44.267111022,T,KO,I,40,69.87
2025-12-23,9:48:44.275278455,T,KO,F,100,69.87
2025-12-23,9:48:47.021111960,T,KO,,100,69.875
2025-12-23,9:48:52.089349685,T,KO,,100,69.88
2025-12-23,9:48:56.784991020,T,KO,I,30,69.89
2025-12-23,9:48:56.790509292,T,KO,I,20,69.89
2025-12-23,9:48:56.790749728,T,KO,,100,69.89
2025-12-23,9:48:56.790753081,T,KO,I,80,69.895
2025-12-23,9:48:56.790891105,T,KO,F,100,69.89
2025-12-23,9:48:56.793414054,T,KO,I,60,69.895
2025-12-23,9:48:56.795576250,T,KO,I,40,69.895
2025-12-23,9:48:56.795576250,T,KO,I,25,69.9
2025-12-23,9:48:56.795582284,T,KO,,100,69.9
2025-12-23,9:48:56.795582284,T,KO,I,15,69.9
2025-12-23,9:48:56.795594278,T,KO,I,1,69.9
2025-12-23,9:48:56.798712714,T,KO,I,10,69.895
2025-12-23,9:48:56.802062727,T,KO,I,30,69.895
2025-12-23,9:48:57.309692641,T,KO,F I,10,69.89
2025-12-23,9:49:02.814606493,T,KO,,100,69.89
2025-12-23,9:49:07.467810700,T,KO,F I,10,69.89
2025-12-23,9:49:07.467819848,T,KO,F I,10,69.89
2025-12-23,9:49:07.467831751,T,KO,I,10,69.89
2025-12-23,9:49:07.467837745,T,KO,F I,80,69.89
2025-12-23,9:49:14.615239194,T,KO,I,6,69.87
2025-12-23,9:49:14.615260243,T,KO,I,19,69.87
2025-12-23,9:49:14.701683143,T,KO,I,3,69.87
2025-12-23,9:49:14.701683143,T,KO,I,25,69.87
2025-12-23,9:49:14.702718296,T,KO,,100,69.87
2025-12-23,9:49:14.702720721,T,KO,I,25,69.87
2025-12-23,9:49:14.702724019,T,KO,,100,69.87
2025-12-23,9:49:14.702724019,T,KO,I,3,69.87
2025-12-23,9:49:14.702726830,T,KO,I,25,69.87
2025-12-23,9:49:14.702726830,T,KO,,100,69.87
2025-12-23,9:49:14.702738578,T,KO,I,1,69.87
2025-12-23,9:49:14.702747688,T,KO,I,38,69.87
2025-12-23,9:49:14.702753622,T,KO,I,61,69.87
2025-12-23,9:49:21.277715160,T,KO,I,2,69.87
2025-12-23,9:49:21.279191351,T,KO,I,23,69.87
2025-12-23,9:49:21.282965338,T,KO,F I,24,69.87
2025-12-23,9:49:26.695682454,T,KO,F I,10,69.86
2025-12-23,9:49:26.695685907,T,KO,F I,25,69.86
2025-12-23,9:49:36.614989689,T,KO,I,85,69.855
2025-12-23,9:49:36.615891772,T,KO,I,15,69.855
2025-12-23,9:49:36.615891772,T,KO,I,85,69.855
2025-12-23,9:49:39.674900251,T,KO,,100,69.855
2025-12-23,9:49:40.328500948,T,KO,,100,69.855
2025-12-23,9:49:47.644893330,T,KO,I,1,69.86
2025-12-23,9:49:47.644893330,T,KO,I,24,69.86
2025-12-23,9:49:47.644895929,T,KO,I,25,69.86
2025-12-23,9:49:47.644907911,T,KO,F I,50,69.86
2025-12-23,9:49:47.644914107,T,KO,F I,50,69.86
2025-12-23,9:49:47.821380232,T,KO,F I,17,69.87
2025-12-23,9:49:47.821383263,T,KO,F I,25,69.87
2025-12-23,9:49:47.821386177,T,KO,F,100,69.87
2025-12-23,9:49:47.821398718,T,KO,F,100,69.87
2025-12-23,9:49:47.821401416,T,KO,F,100,69.87
2025-12-23,9:49:47.821404314,T,KO,F,100,69.87
2025-12-23,9:49:52.515692366,T,KO,,100,69.885
2025-12-23,9:50:01.464290855,T,KO,,100,69.885
2025-12-23,9:50:04.188647275,T,KO,,100,69.89
2025-12-23,9:50:04.188650281,T,KO,I,16,69.89
2025-12-23,9:50:04.188668569,T,KO,I,1,69.89
2025-12-23,9:50:04.188674283,T,KO,I,96,69.89
2025-12-23,9:50:04.188914923,T,KO,F I,1,69.89
2025-12-23,9:50:04.188945001,T,KO,,100,69.89
2025-12-23,9:50:04.189685356,T,KO,I,25,69.89
2025-12-23,9:50:04.189685356,T,KO,,100,69.89
2025-12-23,9:50:04.189687728,T,KO,I,3,69.89
2025-12-23,9:50:04.189687728,T,KO,,100,69.89
2025-12-23,9:50:04.613228440,T,KO,I,3,69.89
2025-12-23,9:50:04.613231452,T,KO,I,25,69.89
2025-12-23,9:50:07.002226118,T,KO,,100,69.885
2025-12-23,9:50:08.782351798,T,KO,,100,69.89
2025-12-23,9:50:10.553095038,T,KO,I,40,69.895
2025-12-23,9:50:10.555711282,T,KO,I,10,69.895
2025-12-23,9:50:14.144476405,T,KO,F,100,69.89
2025-12-23,9:50:14.144476405,T,KO,F I,40,69.89
2025-12-23,9:50:14.149239724,T,KO,F,100,69.89
2025-12-23,9:50:14.149245728,T,KO,F I,28,69.89
2025-12-23,9:50:14.149245728,T,KO,F I,3,69.89
2025-12-23,9:50:14.149245728,T,KO,F I,25,69.89
2025-12-23,9:50:16.540862764,T,KO,I,60,69.9
2025-12-23,9:50:16.746152651,T,KO,,100,69.9
2025-12-23,9:50:16.751935405,T,KO,F I,64,69.91
2025-12-23,9:50:16.751971464,T,KO,,100,69.9
2025-12-23,9:50:17.012018912,T,KO,I,28,69.91
2025-12-23,9:50:17.012022473,T,KO,I,36,69.91
2025-12-23,9:50:17.012629285,T,KO,F,100,69.91
2025-12-23,9:50:17.012629285,T,KO,F I,28,69.91
2025-12-23,9:50:17.012632358,T,KO,F,100,69.91
2025-12-23,9:50:18.525030304,T,KO,F I,28,69.91
2025-12-23,9:50:20.684500398,T,KO,,100,69.905
2025-12-23,9:50:20.684503339,T,KO,,100,69.905
2025-12-23,9:50:21.467989287,T,KO,F I,10,69.9
2025-12-23,9:50:21.556746092,T,KO,,100,69.885
2025-12-23,9:50:21.556748707,T,KO,I,1,69.89
2025-12-23,9:50:27.062657856,T,KO,F,100,69.89
2025-12-23,9:50:27.062678931,T,KO,I,44,69.89
2025-12-23,9:50:27.062681930,T,KO,I,1,69.89
2025-12-23,9:50:27.110862605,T,KO,,100,69.89
2025-12-23,9:50:34.721304356,T,KO,F I,10,69.89
2025-12-23,9:50:40.151991888,T,KO,,100,69.89
2025-12-23,9:50:46.277048660,T,KO,F,100,69.9
2025-12-23,9:50:46.277063703,T,KO,,100,69.9
2025-12-23,9:50:46.277719946,T,KO,F,100,69.9
2025-12-23,9:50:46.277719946,T,KO,F,100,69.9
2025-12-23,9:50:46.277722897,T,KO,F I,25,69.9
2025-12-23,9:50:46.278858911,T,KO,I,25,69.9
2025-12-23,9:50:46.278862041,T,KO,I,25,69.9
2025-12-23,9:50:46.278864974,T,KO,I,1,69.9
2025-12-23,9:50:46.279433639,T,KO,I,56,69.9
2025-12-23,9:50:46.279433639,T,KO,I,27,69.9
2025-12-23,9:50:48.314160326,T,KO,I,27,69.9
2025-12-23,9:50:48.356167402,T,KO,I,27,69.9
2025-12-23,9:50:48.356173550,T,KO,,100,69.9
2025-12-23,9:50:48.356173550,T,KO,I,3,69.9
2025-12-23,9:50:48.356173550,T,KO,I,25,69.9
2025-12-23,9:50:48.356176377,T,KO,I,20,69.9
2025-12-23,9:50:48.604967912,T,KO,I,3,69.9
2025-12-23,9:50:48.604970853,T,KO,I,27,69.9
2025-12-23,9:50:48.604974232,T,KO,,100,69.9
2025-12-23,9:50:48.605316701,T,KO,F,200,69.895
2025-12-23,9:50:48.605346752,T,KO,I,92,69.9
2025-12-23,9:50:48.697450084,T,KO,,200,69.905
2025-12-23,9:50:56.535235977,T,KO,F I,40,69.9
2025-12-23,9:50:58.108892842,T,KO,I,8,69.895
2025-12-23,9:50:58.285605645,T,KO,I,19,69.9
2025-12-23,9:51:07.985266821,T,KO,F,200,69.91
2025-12-23,9:51:07.985269805,T,KO,F,100,69.91
2025-12-23,9:51:07.986289266,T,KO,F I,25,69.92
2025-12-23,9:51:07.986292380,T,KO,F I,25,69.92
2025-12-23,9:51:07.986292380,T,KO,F I,10,69.92
2025-12-23,9:51:08.670944826,T,KO,F I,10,69.92
2025-12-23,9:51:11.355844305,T,KO,F I,60,69.9
2025-12-23,9:51:11.499884426,T,KO,F I,2,69.89
2025-12-23,9:51:21.555611612,T,KO,I,5,69.885
2025-12-23,9:51:35.442727777,T,KO,I,23,69.89
2025-12-23,9:51:35.443028449,T,KO,F I,22,69.89
2025-12-23,9:51:35.643281336,T,KO,,100,69.89
2025-12-23,9:51:51.310414874,T,KO,F I,10,69.9
2025-12-23,9:51:51.571947799,T,KO,F I,25,69.9
2025-12-23,9:51:55.770348837,T,KO,I,10,69.895
2025-12-23,9:52:01.106838371,T,KO,F I,10,69.89
2025-12-23,9:52:01.106840723,T,KO,F I,10,69.89
2025-12-23,9:52:01.106843471,T,KO,F I,10,69.89
2025-12-23,9:52:01.106843471,T,KO,F I,10,69.89
2025-12-23,9:52:01.106850487,T,KO,I,10,69.89
2025-12-23,9:52:01.106850487,T,KO,F I,10,69.89
2025-12-23,9:52:01.106850487,T,KO,F I,10,69.89
2025-12-23,9:52:01.106852533,T,KO,I,10,69.89
2025-12-23,9:52:01.106858520,T,KO,F I,30,69.89
2025-12-23,9:52:11.814213532,T,KO,,100,69.885
2025-12-23,9:52:12.114616976,T,KO,I,9,69.89
2025-12-23,9:52:12.114647410,T,KO,F,100,69.89
2025-12-23,9:52:12.114656173,T,KO,F I,28,69.89
2025-12-23,9:52:12.114659379,T,KO,F,100,69.89
2025-12-23,9:52:12.114662014,T,KO,F I,23,69.89
2025-12-23,9:52:12.114662014,T,KO,F,100,69.89
2025-12-23,9:52:12.115339272,T,KO,I,23,69.89
2025-12-23,9:52:12.115339272,T,KO,I,27,69.89
2025-12-23,9:52:12.115341733,T,KO,I,28,69.89
2025-12-23,9:52:12.115353717,T,KO,I,25,69.89
2025-12-23,9:52:12.115401808,T,KO,F I,88,69.89
2025-12-23,9:52:12.115429019,T,KO,F I,12,69.89
2025-12-23,9:52:12.115429019,T,KO,F I,27,69.89
2025-12-23,9:52:12.115432036,T,KO,F,100,69.89
2025-12-23,9:52:12.115434918,T,KO,F I,27,69.89
2025-12-23,9:52:12.190653106,T,KO,F I,27,69.89
2025-12-23,9:52:12.208852432,T,KO,F I,25,69.9
2025-12-23,9:52:12.476177083,T,KO,I,28,69.905
2025-12-23,9:52:12.476877780,T,KO,I,25,69.91
2025-12-23,9:52:12.476877780,T,KO,I,75,69.91
2025-12-23,9:52:12.476898755,T,KO,I,1,69.91
2025-12-23,9:52:12.477217520,T,KO,F I,24,69.91
2025-12-23,9:52:12.477217520,T,KO,F I,25,69.91
2025-12-23,9:52:12.477428006,T,KO,F I,25,69.91
2025-12-23,9:52:14.513526358,T,KO,I,2,69.91
2025-12-23,9:52:16.313412083,T,KO,F I,22,69.91
2025-12-23,9:52:22.345589534,T,KO,F I,23,69.92
2025-12-23,9:52:23.249106378,T,KO,,100,69.92
2025-12-23,9:52:23.249142485,T,KO,I,14,69.92
2025-12-23,9:52:23.249145414,T,KO,I,5,69.92
2025-12-23,9:52:31.895737568,T,KO,I,25,69.93
2025-12-23,9:52:31.895737568,T,KO,I,33,69.93
2025-12-23,9:52:31.903186294,T,KO,I,25,69.93
2025-12-23,9:52:31.903186294,T,KO,,100,69.93
2025-12-23,9:52:36.258513143,T,KO,F I,25,69.93
2025-12-23,9:52:39.886999992,T,KO,F I,33,69.93
2025-12-23,9:52:39.903530285,T,KO,,200,69.93
2025-12-23,9:52:39.903536522,T,KO,F I,25,69.94
2025-12-23,9:52:39.903536522,T,KO,F I,7,69.94
2025-12-23,9:52:43.789315795,T,KO,F I,10,69.93
2025-12-23,9:52:43.789321951,T,KO,F I,25,69.93
2025-12-23,9:52:43.789321951,T,KO,F,100,69.93
2025-12-23,9:52:43.789331392,T,KO,F,100,69.93
2025-12-23,9:52:43.789333905,T,KO,F I,20,69.93
2025-12-23,9:52:43.789338043,T,KO,F I,15,69.93
2025-12-23,9:52:43.789338043,T,KO,I,1,69.93
2025-12-23,9:52:43.789351910,T,KO,F I,84,69.93
2025-12-23,9:52:46.323285834,T,KO,F I,1,69.92
2025-12-23,9:52:46.323289471,T,KO,F I,66,69.92
2025-12-23,9:52:46.323313114,T,KO,F I,34,69.92
2025-12-23,9:52:51.915975859,T,KO,F I,34,69.91
2025-12-23,9:52:51.915975859,T,KO,F I,40,69.91
2025-12-23,9:52:55.328537050,T,KO,F I,10,69.9
2025-12-23,9:52:55.328537050,T,KO,F I,1,69.9
2025-12-23,9:52:55.328542091,T,KO,F I,34,69.9
2025-12-23,9:52:57.572405105,T,KO,I,1,69.9
2025-12-23,9:52:57.578302162,T,KO,I,90,69.9
2025-12-23,9:52:57.582425024,T,KO,I,10,69.9
2025-12-23,9:53:00.426277023,T,KO,I,17,69.91
2025-12-23,9:53:02.394001495,T,KO,I,20,69.91
2025-12-23,9:53:02.536050742,T,KO,I,10,69.91
2025-12-23,9:53:02.701435679,T,KO,I,70,69.91
2025-12-23,9:53:10.966999344,T,KO,F I,10,69.91
2025-12-23,9:53:10.967002236,T,KO,F I,1,69.91
2025-12-23,9:53:16.544148203,T,KO,F I,25,69.9
2025-12-23,9:53:16.544148203,T,KO,F I,10,69.9
2025-12-23,9:53:18.446364587,T,KO,F I,17,69.9
2025-12-23,9:53:18.447817044,T,KO,I,22,69.9
2025-12-23,9:53:21.752697044,T,KO,F,100,69.89
2025-12-23,9:53:24.089042429,T,KO,,100,69.885
2025-12-23,9:53:24.650091611,T,KO,,100,69.885
2025-12-23,9:53:26.304605115,T,KO,F I,22,69.89
2025-12-23,9:53:26.304609003,T,KO,F I,26,69.89
2025-12-23,9:53:26.304609003,T,KO,F I,8,69.89
2025-12-23,9:53:26.304611338,T,KO,F I,25,69.89
2025-12-23,9:53:26.304662176,T,KO,F,100,69.89
2025-12-23,9:53:26.304662176,T,KO,F,200,69.89
2025-12-23,9:53:26.305191452,T,KO,,100,69.89
2025-12-23,9:53:34.161212612,T,KO,F,100,69.9
2025-12-23,9:53:48.543464107,T,KO,,100,69.91
2025-12-23,9:53:49.992681746,T,KO,,200,69.905
2025-12-23,9:53:53.416152144,T,KO,I,25,69.91
2025-12-23,9:53:55.589355872,T,KO,I,75,69.91
2025-12-23,9:54:02.866224671,T,KO,I,18,69.92
2025-12-23,9:54:07.235691194,T,KO,I,2,69.93
2025-12-23,9:54:07.272480804,T,KO,I,16,69.93
2025-12-23,9:54:07.272904793,T,KO,I,7,69.93
2025-12-23,9:54:07.290081650,T,KO,I,1,69.935
2025-12-23,9:54:12.346546312,T,KO,F I,99,69.935
2025-12-23,9:54:12.346550076,T,KO,F I,3,69.94
2025-12-23,9:54:12.346555516,T,KO,F,100,69.94
2025-12-23,9:54:12.346555516,T,KO,F I,9,69.94
2025-12-23,9:54:12.346567461,T,KO,I,1,69.94
2025-12-23,9:54:12.346598082,T,KO,I,90,69.94
2025-12-23,9:54:12.346600536,T,KO,I,90,69.94
2025-12-23,9:54:12.346973428,T,KO,I,31,69.94
2025-12-23,9:54:12.547689391,T,KO,F I,25,69.94
2025-12-23,9:54:14.575394696,T,KO,F I,10,69.93
2025-12-23,9:54:14.575412723,T,KO,I,10,69.93
2025-12-23,9:54:14.575430712,T,KO,,134,69.93
2025-12-23,9:54:17.907687973,T,KO,I,1,69.92
2025-12-23,9:54:31.105451436,T,KO,F,100,69.92
2025-12-23,9:54:41.334436207,T,KO,I,4,69.93
2025-12-23,9:54:41.334436207,T,KO,I,2,69.93
2025-12-23,9:54:41.334451240,T,KO,F I,2,69.93
2025-12-23,9:54:41.334767065,T,KO,I,6,69.93
2025-12-23,9:54:41.342808133,T,KO,,100,69.93
2025-12-23,9:54:45.375087541,T,KO,,200,69.935
2025-12-23,9:54:57.878479524,T,KO,F,100,69.94
2025-12-23,9:54:57.878482674,T,KO,F I,78,69.94
2025-12-23,9:54:57.878515823,T,KO,F,100,69.94
2025-12-23,9:54:57.878563354,T,KO,F I,44,69.94
2025-12-23,9:54:58.288105720,T,KO,I,25,69.945
2025-12-23,9:54:58.288343352,T,KO,,100,69.95
2025-12-23,9:55:07.929752465,T,KO,I,10,69.945
2025-12-23,9:55:12.626317057,T,KO,F I,1,69.95
2025-12-23,9:55:12.626404453,T,KO,F I,17,69.95
2025-12-23,9:55:12.627898789,T,KO,F,100,69.96
2025-12-23,9:55:12.627919803,T,KO,I,1,69.96
2025-12-23,9:55:12.627955876,T,KO,I,16,69.96
2025-12-23,9:55:12.627986420,T,KO,I,40,69.96
2025-12-23,9:55:12.627986420,T,KO,,100,69.96
2025-12-23,9:55:12.627989002,T,KO,I,22,69.96
2025-12-23,9:55:20.956907599,T,KO,I,22,69.96
2025-12-23,9:55:20.956910437,T,KO,I,40,69.96
2025-12-23,9:55:20.956913463,T,KO,,100,69.96
2025-12-23,9:55:20.956913463,T,KO,I,7,69.96
2025-12-23,9:55:20.956928504,T,KO,I,1,69.96
2025-12-23,9:55:20.956949611,T,KO,F I,30,69.96
2025-12-23,9:55:21.242467578,T,KO,I,62,69.96
2025-12-23,9:55:21.242470527,T,KO,I,38,69.96
2025-12-23,9:55:23.315986972,T,KO,F I,2,69.96
2025-12-23,9:55:23.315990163,T,KO,F I,8,69.96
2025-12-23,9:55:23.316675676,T,KO,I,65,69.96
2025-12-23,9:55:23.545054559,T,KO,F I,32,69.96
2025-12-23,9:55:23.545057495,T,KO,F,100,69.96
2025-12-23,9:55:37.225628057,T,KO,F I,11,69.95
2025-12-23,9:55:37.225628057,T,KO,F I,10,69.95
2025-12-23,9:55:37.225633107,T,KO,F,100,69.95
2025-12-23,9:55:40.253917252,T,KO,F,100,69.94
2025-12-23,9:55:40.253917252,T,KO,F,100,69.94
2025-12-23,9:55:45.663618324,T,KO,,100,69.935
2025-12-23,9:55:45.691127760,T,KO,F,100,69.93
2025-12-23,9:55:45.860557361,T,KO,,100,69.935
2025-12-23,9:55:51.942485523,T,KO,F,271,69.92
2025-12-23,9:55:51.942485523,T,KO,F,100,69.92
2025-12-23,9:55:51.942506924,T,KO,,100,69.92
2025-12-23,9:56:03.465746629,T,KO,F I,50,69.91
2025-12-23,9:56:03.465749778,T,KO,F,100,69.91
2025-12-23,9:56:03.465749778,T,KO,F,100,69.91
2025-12-23,9:56:03.465761535,T,KO,I,1,69.91
2025-12-23,9:56:03.465767807,T,KO,I,79,69.91
2025-12-23,9:56:18.248726390,T,KO,I,3,69.905
2025-12-23,9:56:18.380509084,T,KO,F I,15,69.91
2025-12-23,9:56:18.380512136,T,KO,F,1356,69.91
2025-12-23,9:56:18.380617312,T,KO,F I,4,69.91
2025-12-23,9:56:18.381576859,T,KO,F,100,69.91
2025-12-23,9:56:18.381576859,T,KO,F,100,69.91
2025-12-23,9:56:18.381588721,T,KO,F I,50,69.91
2025-12-23,9:56:18.381588721,T,KO,F I,22,69.91
2025-12-23,9:56:18.381591625,T,KO,F I,28,69.91
2025-12-23,9:56:18.381597702,T,KO,I,1,69.91
2025-12-23,9:56:18.381600714,T,KO,I,21,69.91
2025-12-23,9:56:18.381603708,T,KO,F I,50,69.91
2025-12-23,9:56:18.381607001,T,KO,F I,39,69.91
2025-12-23,9:56:35.045966282,T,KO,F I,44,69.91
2025-12-23,9:56:35.045970503,T,KO,F I,22,69.91
2025-12-23,9:56:35.045970503,T,KO,F I,50,69.91
2025-12-23,9:56:35.045975615,T,KO,F,145,69.91
2025-12-23,9:56:35.045975615,T,KO,F,172,69.91
2025-12-23,9:56:35.045978308,T,KO,F I,17,69.91
2025-12-23,9:56:35.046327408,T,KO,,200,69.91
2025-12-23,9:56:35.046348196,T,KO,,100,69.91
2025-12-23,9:56:35.046348196,T,KO,I,1,69.91
2025-12-23,9:56:35.046354766,T,KO,F I,99,69.91
2025-12-23,9:56:35.046357537,T,KO,F,100,69.91
2025-12-23,9:56:35.046360233,T,KO,F,100,69.91
2025-12-23,9:56:35.046364234,T,KO,F,100,69.91
2025-12-23,9:56:35.046364234,T,KO,F,100,69.91
2025-12-23,9:56:35.046369204,T,KO,F,100,69.91
2025-12-23,9:56:35.046450850,T,KO,F,100,69.91
2025-12-23,9:56:35.046450850,T,KO,F,200,69.91
2025-12-23,9:56:35.046453419,T,KO,F,100,69.91
2025-12-23,9:56:35.046453419,T,KO,F I,50,69.91
2025-12-23,9:56:35.046739061,T,KO,,100,69.91
2025-12-23,9:56:35.046739061,T,KO,I,5,69.91
2025-12-23,9:56:36.853390880,T,KO,I,16,69.915
2025-12-23,9:56:37.100011209,T,KO,I,17,69.915
2025-12-23,9:56:37.267982283,T,KO,I,13,69.915
2025-12-23,9:56:37.401903332,T,KO,I,11,69.915
2025-12-23,9:56:37.629211656,T,KO,I,17,69.915
2025-12-23,9:56:37.809009886,T,KO,I,15,69.915
2025-12-23,9:56:38.015514725,T,KO,I,17,69.915
2025-12-23,9:56:38.740096365,T,KO,I,11,69.915
2025-12-23,9:56:38.841438021,T,KO,I,10,69.915
2025-12-23,9:56:42.364388127,T,KO,I,13,69.915
2025-12-23,9:56:42.367344148,T,KO,I,12,69.915
2025-12-23,9:56:44.422369648,T,KO,,200,69.915
2025-12-23,9:56:45.633335602,T,KO,I,12,69.915
2025-12-23,9:56:45.636282619,T,KO,I,12,69.915
2025-12-23,9:56:48.686892108,T,KO,F I,1,69.92
2025-12-23,9:56:48.686892108,T,KO,F I,20,69.92
2025-12-23,9:56:48.686910109,T,KO,F I,20,69.92
2025-12-23,9:56:48.687295043,T,KO,F I,80,69.92
2025-12-23,9:56:50.026456397,T,KO,,100,69.915
2025-12-23,9:56:58.153534354,T,KO,I,10,69.92
2025-12-23,9:57:11.166522526,T,KO,F,100,69.92
2025-12-23,9:57:11.166522526,T,KO,F I,91,69.92
2025-12-23,9:57:11.166525491,T,KO,F I,3,69.92
2025-12-23,9:57:11.166525491,T,KO,F I,27,69.92
2025-12-23,9:57:11.167066756,T,KO,I,67,69.92
2025-12-23,9:57:12.182504224,T,KO,F I,2,69.93
2025-12-23,9:57:12.182504224,T,KO,F I,90,69.93
2025-12-23,9:57:12.182522305,T,KO,F I,10,69.93
2025-12-23,9:57:12.182525238,T,KO,F I,14,69.93
2025-12-23,9:57:12.182907112,T,KO,F,200,69.93
2025-12-23,9:57:22.893022832,T,KO,,100,69.935
2025-12-23,9:57:29.486267572,T,KO,I,8,69.94
2025-12-23,9:57:32.023710869,T,KO,I,2,69.945
2025-12-23,9:57:34.050376101,T,KO,F I,23,69.94
2025-12-23,9:57:34.050376101,T,KO,F I,10,69.94
2025-12-23,9:57:34.050378653,T,KO,F,100,69.94
2025-12-23,9:57:34.050381655,T,KO,F I,25,69.94
2025-12-23,9:57:44.785336416,T,KO,F,100,69.93
2025-12-23,9:57:44.785339472,T,KO,F I,10,69.93
2025-12-23,9:57:44.786010022,T,KO,,100,69.925
2025-12-23,9:57:44.786016256,T,KO,I,63,69.93
2025-12-23,9:57:44.786019496,T,KO,I,46,69.93
2025-12-23,9:57:44.786019496,T,KO,I,23,69.93
2025-12-23,9:57:44.786025376,T,KO,,100,69.93
2025-12-23,9:57:44.786025376,T,KO,I,12,69.93
2025-12-23,9:57:44.786025376,T,KO,,325,69.93
2025-12-23,9:57:44.786025376,T,KO,F I,12,69.93
2025-12-23,9:57:44.835342568,T,KO,I,13,69.94
2025-12-23,9:57:45.004116531,T,KO,F I,1,69.95
2025-12-23,9:57:51.302057921,T,KO,,100,69.945
2025-12-23,9:57:54.564921962,T,KO,F I,19,69.95
2025-12-23,9:57:54.564921962,T,KO,F I,4,69.95
2025-12-23,9:57:54.564925031,T,KO,F I,2,69.95
2025-12-23,9:57:54.565821081,T,KO,,100,69.95
2025-12-23,9:57:54.565860658,T,KO,,100,69.95
2025-12-23,9:57:54.565878824,T,KO,F I,60,69.95
2025-12-23,9:57:54.565881719,T,KO,F,189,69.95
2025-12-23,9:57:54.565884925,T,KO,F I,63,69.95
2025-12-23,9:57:54.565884925,T,KO,F,174,69.95
2025-12-23,9:57:54.565890271,T,KO,I,1,69.95
2025-12-23,9:57:59.382019551,T,KO,F I,60,69.95
2025-12-23,9:57:59.382022762,T,KO,F I,86,69.95
2025-12-23,9:57:59.382025499,T,KO,F I,70,69.95
2025-12-23,9:58:01.094805767,T,KO,F,100,69.96
2025-12-23,9:58:06.682548695,T,KO,I,16,69.97
2025-12-23,9:58:10.682901614,T,KO,I,77,69.97
2025-12-23,9:58:10.682919164,T,KO,F I,23,69.97
2025-12-23,9:58:12.750096501,T,KO,I,1,69.97
2025-12-23,9:58:26.043671002,T,KO,F I,19,69.97
2025-12-23,9:58:27.406925712,T,KO,I,10,69.97
2025-12-23,9:58:37.581649282,T,KO,I,10,69.965
2025-12-23,9:59:09.032110510,T,KO,F I,10,69.97
2025-12-23,9:59:09.032112826,T,KO,F,100,69.97
2025-12-23,9:59:09.032116000,T,KO,F I,3,69.97
2025-12-23,9:59:09.032118856,T,KO,F I,90,69.97
2025-12-23,9:59:14.526194803,T,KO,F I,1,69.95
2025-12-23,9:59:14.526194803,T,KO,F,149,69.95
2025-12-23,9:59:15.147997650,T,KO,I,10,69.945
2025-12-23,9:59:15.940348755,T,KO,F,169,69.94
2025-12-23,9:59:27.420848104,T,KO,I,6,69.93
2025-12-23,9:59:27.426270395,T,KO,I,31,69.93
2025-12-23,9:59:27.426270395,T,KO,I,22,69.93
2025-12-23,9:59:27.426273018,T,KO,I,26,69.93
2025-12-23,9:59:28.552358988,T,KO,,100,69.935
2025-12-23,9:59:28.552362262,T,KO,I,1,69.94
2025-12-23,9:59:28.552364965,T,KO,,100,69.94
2025-12-23,9:59:28.552364965,T,KO,,200,69.94
2025-12-23,9:59:28.553453803,T,KO,F I,27,69.94
2025-12-23,9:59:28.553453803,T,KO,F I,44,69.94
2025-12-23,9:59:28.553456893,T,KO,F I,31,69.94
2025-12-23,9:59:28.553459917,T,KO,F,100,69.94
2025-12-23,9:59:28.553459917,T,KO,F I,22,69.94
2025-12-23,9:59:28.553463159,T,KO,F I,15,69.94
2025-12-23,9:59:28.553910929,T,KO,I,27,69.94
2025-12-23,9:59:28.553910929,T,KO,,100,69.94
2025-12-23,9:59:28.553916671,T,KO,,100,69.94
2025-12-23,9:59:28.553916671,T,KO,I,27,69.94
2025-12-23,9:59:28.553919597,T,KO,I,46,69.94
2025-12-23,9:59:30.853592593,T,KO,F,100,69.95
2025-12-23,9:59:33.479699029,T,KO,I,50,69.95
2025-12-23,9:59:38.408488629,T,KO,I,50,69.95
2025-12-23,9:59:38.408539879,T,KO,F I,27,69.95
2025-12-23,9:59:38.408539879,T,KO,F,100,69.95
2025-12-23,9:59:38.408542722,T,KO,F I,10,69.95
2025-12-23,9:59:40.144938273,T,KO,F I,25,69.95
2025-12-23,9:59:45.763197995,T,KO,I,2,69.96
2025-12-23,9:59:51.135393643,T,KO,F I,88,69.96
2025-12-23,10:00:00.432311621,T,KO,F I,10,69.95
2025-12-23,10:00:08.243688504,T,KO,F I,1,69.95
2025-12-23,10:00:09.070543796,T,KO,F I,25,69.96
2025-12-23,10:00:12.041478451,T,KO,I,10,69.965
2025-12-23,10:00:14.279603838,T,KO,F I,25,69.97
2025-12-23,10:00:14.279696966,T,KO,,100,69.97
2025-12-23,10:00:16.587344939,T,KO,,100,69.975
2025-12-23,10:00:35.638471122,T,KO,F I,31,69.98
2025-12-23,10:00:35.638471122,T,KO,F I,38,69.98
2025-12-23,10:00:35.639027052,T,KO,,100,69.98
2025-12-23,10:00:35.639030080,T,KO,,100,69.98
2025-12-23,10:00:36.702335482,T,KO,I,18,69.995
2025-12-23,10:00:37.233662438,T,KO,F I,24,70.0
2025-12-23,10:00:44.453737455,T,KO,F I,25,70.0
2025-12-23,10:00:44.454531259,T,KO,,100,70.0
2025-12-23,10:00:44.454531259,T,KO,I,70,70.0
2025-12-23,10:00:44.454582434,T,KO,F I,2,70.0
2025-12-23,10:00:44.454603570,T,KO,F,300,70.0
2025-12-23,10:00:44.455000575,T,KO,I,22,70.0
2025-12-23,10:00:44.455003849,T,KO,I,24,70.0
2025-12-23,10:00:44.455006905,T,KO,I,21,70.0
2025-12-23,10:00:44.455006905,T,KO,I,40,70.0
2025-12-23,10:00:44.455039501,T,KO,I,12,70.0
2025-12-23,10:00:47.183813442,T,KO,F I,48,70.0
2025-12-23,10:00:47.857240380,T,KO,,100,69.995
2025-12-23,10:00:48.284654305,T,KO,,100,69.995
2025-12-23,10:00:52.944777952,T,KO,,100,69.995
2025-12-23,10:00:54.611677919,T,KO,,300,69.995
2025-12-23,10:00:56.538980067,T,KO,,100,69.995
2025-12-23,10:00:57.053487465,T,KO,I,10,69.995
2025-12-23,10:00:58.428349987,T,KO,F I,22,70.0
2025-12-23,10:00:58.428954228,T,KO,,100,70.0
2025-12-23,10:00:58.428957355,T,KO,I,4,70.0
2025-12-23,10:00:58.428972277,T,KO,I,1,70.0
2025-12-23,10:00:58.542772412,T,KO,,100,70.005
2025-12-23,10:01:03.004657975,T,KO,,100,70.005
2025-12-23,10:01:06.831010347,T,KO,I,3,70.005
2025-12-23,10:01:09.005780479,T,KO,I,10,70.0
2025-12-23,10:01:09.005780479,T,KO,I,20,70.0
2025-12-23,10:01:16.166086362,T,KO,F I,6,70.01
2025-12-23,10:01:16.166086362,T,KO,F I,4,70.01
2025-12-23,10:01:16.166089042,T,KO,F I,1,70.01
2025-12-23,10:01:16.166091720,T,KO,,200,70.005
2025-12-23,10:01:16.176740051,T,KO,,100,70.01
2025-12-23,10:01:16.188299535,T,KO,I,3,70.015
2025-12-23,10:01:18.415187369,T,KO,F,100,70.01
2025-12-23,10:01:25.641637975,T,KO,F I,10,70.0
2025-12-23,10:01:25.641637975,T,KO,F I,1,70.0
2025-12-23,10:01:25.641643898,T,KO,F I,42,70.0
2025-12-23,10:01:25.641667929,T,KO,F I,6,70.0
2025-12-23,10:01:25.641722022,T,KO,F I,53,70.0
2025-12-23,10:01:25.641851366,T,KO,I,41,70.0
2025-12-23,10:01:26.776312186,T,KO,I,10,69.995
2025-12-23,10:01:27.060510146,T,KO,F I,2,69.99
2025-12-23,10:01:27.060768661,T,KO,F I,2,69.99
2025-12-23,10:01:27.061120572,T,KO,I,98,69.99
2025-12-23,10:01:35.599944974,T,KO,F I,10,69.98
2025-12-23,10:01:35.599948069,T,KO,F I,15,69.98
2025-12-23,10:01:35.599951138,T,KO,F I,36,69.98
2025-12-23,10:01:35.599951138,T,KO,F I,33,69.98
2025-12-23,10:01:44.908274872,T,KO,,100,69.97
2025-12-23,10:01:49.963308151,T,KO,,200,69.975
2025-12-23,10:01:54.316021672,T,KO,,100,69.975
2025-12-23,10:01:54.759415741,T,KO,,100,69.975
2025-12-23,10:01:56.173666090,T,KO,F I,50,69.97
2025-12-23,10:01:56.173669015,T,KO,F,200,69.97
2025-12-23,10:01:56.173672045,T,KO,F I,54,69.97
2025-12-23,10:01:56.173672045,T,KO,F I,33,69.97
2025-12-23,10:01:56.173684135,T,KO,F I,13,69.97
2025-12-23,10:01:56.173738244,T,KO,F I,5,69.97
2025-12-23,10:01:58.162503619,T,KO,,300,69.965
2025-12-23,10:01:58.219215726,T,KO,,200,69.965
2025-12-23,10:02:03.184229783,T,KO,,100,69.97
2025-12-23,10:02:05.008578489,T,KO,F,300,69.97
2025-12-23,10:02:05.011095462,T,KO,,100,69.97
2025-12-23,10:02:05.016986566,T,KO,,100,69.97
2025-12-23,10:02:06.080499347,T,KO,,100,69.97
2025-12-23,10:02:07.606871827,T,KO,F I,10,69.97
2025-12-23,10:02:21.717861943,T,KO,F I,36,69.95
2025-12-23,10:02:21.717861943,T,KO,F I,10,69.95
2025-12-23,10:02:30.698652125,T,KO,F,100,69.97
2025-12-23,10:02:30.698664143,T,KO,F I,12,69.97
2025-12-23,10:02:30.698667118,T,KO,I,1,69.97
2025-12-23,10:02:30.698730286,T,KO,F,100,69.97
2025-12-23,10:02:38.150459543,T,KO,,100,69.99
2025-12-23,10:02:38.532741961,T,KO,,200,69.99
2025-12-23,10:02:42.441186414,T,KO,F I,10,69.98
2025-12-23,10:02:42.441186414,T,KO,F I,1,69.98
2025-12-23,10:02:53.671026680,T,KO,,100,69.98
2025-12-23,10:02:59.381185104,T,KO,I,10,69.98
2025-12-23,10:02:59.381188142,T,KO,,100,69.98
2025-12-23,10:03:02.840013847,T,KO,I,1,69.985
2025-12-23,10:03:03.027600656,T,KO,I,1,69.985
2025-12-23,10:03:15.000977027,T,KO,,100,69.975
2025-12-23,10:03:15.060775162,T,KO,F I,1,69.98
2025-12-23,10:03:15.077912318,T,KO,,100,69.98
2025-12-23,10:03:15.453987956,T,KO,F I,25,69.98
2025-12-23,10:03:15.453987956,T,KO,F,100,69.98
2025-12-23,10:03:15.454006574,T,KO,I,1,69.98
2025-12-23,10:03:15.454006574,T,KO,,100,69.98
2025-12-23,10:03:15.454060449,T,KO,F I,39,69.98
2025-12-23,10:03:15.454060449,T,KO,F I,86,69.98
2025-12-23,10:03:15.454147315,T,KO,F I,14,69.98
2025-12-23,10:03:15.504730840,T,KO,,100,69.975
2025-12-23,10:03:18.669010945,T,KO,F I,10,69.97
2025-12-23,10:03:18.669013968,T,KO,F I,29,69.97
2025-12-23,10:03:18.669016966,T,KO,F,100,69.97
2025-12-23,10:03:18.669031955,T,KO,,100,69.97
2025-12-23,10:03:18.720496524,T,KO,F,100,69.97
2025-12-23,10:03:18.720499548,T,KO,F I,25,69.97
2025-12-23,10:03:18.720499548,T,KO,F,100,69.97
2025-12-23,10:03:18.720523667,T,KO,F,150,69.97
2025-12-23,10:03:18.720523667,T,KO,I,1,69.97
2025-12-23,10:03:18.720551852,T,KO,F I,49,69.97
2025-12-23,10:03:29.114935838,T,KO,,100,69.97
2025-12-23,10:03:37.808033432,T,KO,,100,69.98
2025-12-23,10:03:37.808048295,T,KO,F I,31,69.98
2025-12-23,10:03:37.808050923,T,KO,I,1,69.98
2025-12-23,10:03:37.809127575,T,KO,,100,69.98
2025-12-23,10:03:37.823934746,T,KO,F,100,69.98
2025-12-23,10:03:37.823937842,T,KO,F I,25,69.98
2025-12-23,10:03:37.823940761,T,KO,F I,30,69.98
2025-12-23,10:03:40.179322092,T,KO,I,7,69.98
2025-12-23,10:03:40.179322092,T,KO,I,30,69.98
2025-12-23,10:03:40.179327835,T,KO,,163,69.98
2025-12-23,10:04:01.699336310,T,KO,F I,60,69.99
2025-12-23,10:04:01.699339289,T,KO,F I,17,69.99
2025-12-23,10:04:01.699345448,T,KO,F I,24,69.99
2025-12-23,10:04:01.699345448,T,KO,F I,77,69.99
2025-12-23,10:04:01.699354327,T,KO,F I,7,69.99
2025-12-23,10:04:01.699360322,T,KO,F I,24,69.99
2025-12-23,10:04:01.699393520,T,KO,I,18,69.99
2025-12-23,10:04:01.699892689,T,KO,I,33,69.99
2025-12-23,10:04:06.451136599,T,KO,F I,33,69.98
2025-12-23,10:04:06.451139485,T,KO,F I,1,69.98
2025-12-23,10:04:06.451142531,T,KO,F I,10,69.98
2025-12-23,10:04:06.451145780,T,KO,F I,44,69.98
2025-12-23,10:04:06.451145780,T,KO,F I,24,69.98
2025-12-23,10:04:06.451154528,T,KO,I,44,69.98
2025-12-23,10:04:06.451340873,T,KO,I,44,69.98
2025-12-23,10:04:08.232934085,T,KO,I,33,69.98
2025-12-23,10:04:08.232934085,T,KO,I,18,69.98
2025-12-23,10:04:08.233986573,T,KO,,200,69.98
2025-12-23,10:04:08.233998576,T,KO,,100,69.98
2025-12-23,10:04:08.327052140,T,KO,F,100,69.98
2025-12-23,10:04:10.055683116,T,KO,F I,1,69.98
2025-12-23,10:04:16.369788075,T,KO,I,6,69.98
2025-12-23,10:04:16.378623190,T,KO,,100,69.98
2025-12-23,10:04:24.822824270,T,KO,F,100,69.98
2025-12-23,10:04:24.822824270,T,KO,F I,10,69.98
2025-12-23,10:04:24.822842133,T,KO,F I,10,69.98
2025-12-23,10:04:24.822842133,T,KO,I,1,69.98
2025-12-23,10:04:24.823040685,T,KO,I,79,69.98
2025-12-23,10:04:24.823587902,T,KO,,100,69.98
2025-12-23,10:04:24.823605942,T,KO,I,1,69.98
2025-12-23,10:04:24.823945812,T,KO,I,32,69.98
2025-12-23,10:04:24.823948888,T,KO,,100,69.98
2025-12-23,10:04:24.823952854,T,KO,,100,69.98
2025-12-23,10:04:24.823952854,T,KO,I,36,69.98
2025-12-23,10:04:24.823957965,T,KO,I,30,69.98
2025-12-23,10:04:24.823957965,T,KO,I,5,69.98
2025-12-23,10:04:24.824782296,T,KO,I,3,69.98
2025-12-23,10:04:24.824784931,T,KO,I,25,69.98
2025-12-23,10:04:24.824787808,T,KO,I,7,69.98
2025-12-23,10:04:28.430624644,T,KO,F I,33,69.98
2025-12-23,10:04:28.430627678,T,KO,F,100,69.98
2025-12-23,10:04:29.303393276,T,KO,I,30,69.98
2025-12-23,10:04:32.629524836,T,KO,,200,69.98
2025-12-23,10:04:37.620102621,T,KO,,100,69.98
2025-12-23,10:05:00.068804184,T,KO,I,10,69.975
2025-12-23,10:05:01.366551597,T,KO,I,90,69.975
2025-12-23,10:05:07.057529718,T,KO,I,10,69.97
2025-12-23,10:05:07.057533386,T,KO,I,5,69.97
2025-12-23,10:05:07.057533386,T,KO,,100,69.97
2025-12-23,10:05:07.057545134,T,KO,F I,14,69.97
2025-12-23,10:05:07.057547933,T,KO,I,1,69.97
2025-12-23,10:05:07.057550876,T,KO,I,85,69.97
2025-12-23,10:05:08.094844259,T,KO,I,25,69.97
2025-12-23,10:05:16.463520489,T,KO,I,10,69.965
2025-12-23,10:05:31.574245082,T,KO,F I,15,69.96
2025-12-23,10:05:31.574245082,T,KO,F I,2,69.96
2025-12-23,10:05:31.574263334,T,KO,I,17,69.96
2025-12-23,10:05:31.574398137,T,KO,F I,17,69.96
2025-12-23,10:05:31.574482364,T,KO,I,66,69.96
2025-12-23,10:05:33.149239813,T,KO,I,46,69.96
2025-12-23,10:05:44.519734071,T,KO,F I,10,69.97
2025-12-23,10:05:44.519734071,T,KO,F I,10,69.97
2025-12-23,10:05:44.519737169,T,KO,F I,10,69.97
2025-12-23,10:05:44.519743144,T,KO,F I,10,69.97
2025-12-23,10:05:44.519746137,T,KO,,200,69.965
2025-12-23,10:05:44.519749170,T,KO,I,10,69.97
2025-12-23,10:05:44.519893536,T,KO,I,10,69.97
2025-12-23,10:05:44.519983673,T,KO,I,10,69.97
2025-12-23,10:05:44.520392619,T,KO,F I,31,69.97
2025-12-23,10:05:44.520395799,T,KO,F I,29,69.97
2025-12-23,10:05:44.520398650,T,KO,F I,21,69.97
2025-12-23,10:05:45.599605979,T,KO,,100,69.965
2025-12-23,10:05:56.062397652,T,KO,,100,69.965
2025-12-23,10:05:56.062397652,T,KO,,100,69.965
2025-12-23,10:05:59.339371259,T,KO,F I,10,69.96
2025-12-23,10:05:59.339383779,T,KO,F I,10,69.96
2025-12-23,10:05:59.339386265,T,KO,I,10,69.96
2025-12-23,10:05:59.339455431,T,KO,F I,10,69.96
2025-12-23,10:05:59.339462100,T,KO,F I,10,69.96
2025-12-23,10:05:59.339482529,T,KO,F I,10,69.96
2025-12-23,10:05:59.339551720,T,KO,I,4,69.96
2025-12-23,10:05:59.339554695,T,KO,I,6,69.96
2025-12-23,10:05:59.488228745,T,KO,F,100,69.95
2025-12-23,10:06:09.632258318,T,KO,I,31,69.95
2025-12-23,10:06:09.632258318,T,KO,I,29,69.95
2025-12-23,10:06:09.636423169,T,KO,I,25,69.95
2025-12-23,10:06:09.636423169,T,KO,,100,69.95
2025-12-23,10:06:11.881486056,T,KO,,100,69.95
2025-12-23,10:06:12.204458224,T,KO,,100,69.95
2025-12-23,10:06:12.206509066,T,KO,,100,69.95
2025-12-23,10:06:12.949001496,T,KO,,100,69.95
2025-12-23,10:06:13.003825098,T,KO,,100,69.95
2025-12-23,10:06:13.021811159,T,KO,,100,69.95
2025-12-23,10:06:14.472465884,T,KO,,100,69.95
2025-12-23,10:06:21.192875220,T,KO,F,100,69.95
2025-12-23,10:06:21.192875220,T,KO,F,100,69.95
2025-12-23,10:06:21.192877441,T,KO,F I,10,69.95
2025-12-23,10:06:24.284468488,T,KO,,100,69.95
2025-12-23,10:06:24.590377978,T,KO,,100,69.95
2025-12-23,10:06:24.592868003,T,KO,,200,69.95
2025-12-23,10:06:25.334981849,T,KO,F I,1,69.96
2025-12-23,10:06:25.334984593,T,KO,F I,5,69.96
2025-12-23,10:06:25.334987373,T,KO,F I,20,69.96
2025-12-23,10:06:25.335820427,T,KO,,100,69.96
2025-12-23,10:06:25.338692173,T,KO,I,35,69.96
2025-12-23,10:06:32.293316766,T,KO,F I,35,69.96
2025-12-23,10:06:32.293316766,T,KO,F I,25,69.96
2025-12-23,10:06:32.293337598,T,KO,F I,25,69.96
2025-12-23,10:06:32.293400870,T,KO,F,100,69.96
2025-12-23,10:06:32.293403786,T,KO,F,250,69.96
2025-12-23,10:06:32.293728546,T,KO,I,25,69.96
2025-12-23,10:06:45.416289659,T,KO,F I,10,69.96
2025-12-23,10:06:45.416289659,T,KO,F I,28,69.96
2025-12-23,10:06:56.516909056,T,KO,,100,69.955
2025-12-23,10:06:58.354272385,T,KO,,100,69.955
2025-12-23,10:06:59.904698938,T,KO,F I,8,69.96
2025-12-23,10:07:00.079511331,T,KO,,100,69.96
2025-12-23,10:07:03.936518335,T,KO,,100,69.955
2025-12-23,10:07:03.955622740,T,KO,,100,69.955
2025-12-23,10:07:07.964494441,T,KO,,100,69.955
2025-12-23,10:07:07.967477605,T,KO,I,20,69.96
2025-12-23,10:07:07.967477605,T,KO,I,3,69.96
2025-12-23,10:07:07.967480541,T,KO,I,77,69.96
2025-12-23,10:07:07.967498596,T,KO,I,1,69.96
2025-12-23,10:07:09.458999898,T,KO,F I,80,69.965
2025-12-23,10:07:10.184826534,T,KO,I,36,69.955
2025-12-23,10:07:13.931777358,T,KO,,200,69.96
2025-12-23,10:07:13.943571512,T,KO,,100,69.96
2025-12-23,10:07:15.770483291,T,KO,F I,10,69.96
2025-12-23,10:07:15.770483291,T,KO,F I,8,69.96
2025-12-23,10:07:15.770777245,T,KO,I,92,69.96
2025-12-23,10:07:16.254395013,T,KO,F I,16,69.96
2025-12-23,10:07:16.254398072,T,KO,F I,23,69.96
2025-12-23,10:07:16.265756195,T,KO,I,31,69.96
2025-12-23,10:07:16.265756195,T,KO,I,69,69.96
2025-12-23,10:07:16.265777067,T,KO,I,31,69.96
2025-12-23,10:07:16.265780425,T,KO,I,69,69.96
2025-12-23,10:07:16.265780425,T,KO,I,1,69.96
2025-12-23,10:07:16.583823648,T,KO,I,10,69.965
2025-12-23,10:07:22.168520385,T,KO,I,10,69.96
2025-12-23,10:07:23.086017474,T,KO,F I,31,69.96
2025-12-23,10:07:23.086020802,T,KO,F I,25,69.96
2025-12-23,10:07:23.086023563,T,KO,F I,28,69.96
2025-12-23,10:07:23.751553553,T,KO,,300,69.955
2025-12-23,10:07:26.837427983,T,KO,F I,20,69.95
2025-12-23,10:07:26.837430999,T,KO,F,200,69.95
2025-12-23,10:07:32.373090027,T,KO,F I,20,69.94
2025-12-23,10:07:32.373090027,T,KO,F I,1,69.94
2025-12-23,10:07:41.198548188,T,KO,F I,3,69.94
2025-12-23,10:07:44.956604469,T,KO,,100,69.95
2025-12-23,10:07:50.710051019,T,KO,,100,69.95
2025-12-23,10:07:52.529465163,T,KO,I,25,69.95
2025-12-23,10:07:52.529465163,T,KO,,100,69.95
2025-12-23,10:07:52.537773894,T,KO,,100,69.95
2025-12-23,10:07:57.835668661,T,KO,F I,10,69.95
2025-12-23,10:07:57.835671915,T,KO,F,100,69.95
2025-12-23,10:08:01.618570181,T,KO,F I,1,69.95
2025-12-23,10:08:01.618594454,T,KO,F,100,69.95
2025-12-23,10:08:01.618597578,T,KO,F I,4,69.95
2025-12-23,10:08:03.538273173,T,KO,F I,5,69.95
2025-12-23,10:08:03.639758804,T,KO,,100,69.95
2025-12-23,10:08:03.688219339,T,KO,I,18,69.95
2025-12-23,10:08:03.688219339,T,KO,I,12,69.95
2025-12-23,10:08:03.690451609,T,KO,,100,69.95
2025-12-23,10:08:08.871865928,T,KO,,100,69.945
2025-12-23,10:08:08.881097848,T,KO,I,2,69.945
2025-12-23,10:08:09.008848101,T,KO,,100,69.945
2025-12-23,10:08:10.539141674,T,KO,,100,69.95
2025-12-23,10:08:11.957878688,T,KO,I,25,69.95
2025-12-23,10:08:23.077608782,T,KO,F I,10,69.95
2025-12-23,10:08:23.077738088,T,KO,,100,69.95
2025-12-23,10:08:24.189942970,T,KO,I,54,69.945
2025-12-23,10:08:56.223498372,T,KO,I,54,69.95
2025-12-23,10:08:56.223501864,T,KO,,200,69.95
2025-12-23,10:08:56.223754559,T,KO,I,6,69.95
2025-12-23,10:08:56.223778120,T,KO,,100,69.95
2025-12-23,10:08:58.335277979,T,KO,I,10,69.95
2025-12-23,10:09:00.499760885,T,KO,F I,20,69.95
2025-12-23,10:09:00.499763960,T,KO,F,190,69.95
2025-12-23,10:09:02.858218146,T,KO,F I,16,69.95
2025-12-23,10:09:02.858250868,T,KO,F I,4,69.95
2025-12-23,10:09:06.525984447,T,KO,F I,5,69.96
2025-12-23,10:09:06.526008218,T,KO,F I,5,69.96
2025-12-23,10:09:06.526008218,T,KO,F I,1,69.96
2025-12-23,10:09:06.526011742,T,KO,F I,39,69.96
2025-12-23,10:09:06.526014208,T,KO,F I,74,69.96
2025-12-23,10:09:06.526020248,T,KO,F,100,69.96
2025-12-23,10:09:06.526020248,T,KO,F I,11,69.96
2025-12-23,10:09:06.754324029,T,KO,F,200,69.97
2025-12-23,10:09:06.754327493,T,KO,F,100,69.97
2025-12-23,10:09:06.754396144,T,KO,F,100,69.97
2025-12-23,10:09:10.649554931,T,KO,F I,50,69.97
2025-12-23,10:09:10.649594034,T,KO,I,2,69.97
2025-12-23,10:09:10.649940643,T,KO,I,42,69.97
2025-12-23,10:09:10.649940643,T,KO,I,25,69.97
2025-12-23,10:09:10.649966965,T,KO,I,13,69.97
2025-12-23,10:09:10.659989769,T,KO,I,86,69.975
2025-12-23,10:09:11.654398259,T,KO,I,42,69.97
2025-12-23,10:09:11.654401197,T,KO,I,30,69.97
2025-12-23,10:09:11.985426601,T,KO,,100,69.965
2025-12-23,10:09:11.985772430,T,KO,F I,29,69.97
2025-12-23,10:09:11.985775405,T,KO,F I,78,69.97
2025-12-23,10:09:11.985793869,T,KO,I,1,69.97
2025-12-23,10:09:11.985805686,T,KO,I,21,69.97
2025-12-23,10:09:11.985805686,T,KO,I,42,69.97
2025-12-23,10:09:14.053217271,T,KO,F I,3,69.98
2025-12-23,10:09:14.053232983,T,KO,F,100,69.98
2025-12-23,10:09:14.197188177,T,KO,F,100,69.99
2025-12-23,10:09:14.197861917,T,KO,F,100,70.0
2025-12-23,10:09:14.197861917,T,KO,F I,25,70.0
2025-12-23,10:09:14.198019124,T,KO,F,100,70.0
2025-12-23,10:09:14.198111984,T,KO,F I,25,70.01
2025-12-23,10:09:14.198111984,T,KO,F,100,70.01
2025-12-23,10:09:14.198117337,T,KO,F I,19,70.01
2025-12-23,10:09:14.198117337,T,KO,F,100,70.01
2025-12-23,10:09:14.198120392,T,KO,F,100,70.01
2025-12-23,10:09:14.200075059,T,KO,F,100,70.02
2025-12-23,10:09:14.200077990,T,KO,F,100,70.02
2025-12-23,10:09:14.201094447,T,KO,F I,6,70.03
2025-12-23,10:09:14.212106639,T,KO,F I,41,70.035
2025-12-23,10:09:14.212211906,T,KO,I,41,70.035
2025-12-23,10:09:14.212329261,T,KO,F I,41,70.03
2025-12-23,10:09:14.212347467,T,KO,I,18,70.03
2025-12-23,10:09:14.320749418,T,KO,I,41,70.02
2025-12-23,10:09:15.232788627,T,KO,,100,70.025
2025-12-23,10:09:15.232788627,T,KO,,100,70.025
2025-12-23,10:09:15.232797614,T,KO,I,25,70.03
2025-12-23,10:09:15.233320883,T,KO,I,25,70.03
2025-12-23,10:09:15.234286116,T,KO,F,100,70.03
2025-12-23,10:09:15.234307336,T,KO,I,41,70.03
2025-12-23,10:09:15.234310561,T,KO,I,31,70.03
2025-12-23,10:09:15.916648204,T,KO,,100,70.03
2025-12-23,10:09:15.916648204,T,KO,I,41,70.03
2025-12-23,10:09:19.214412404,T,KO,F,100,70.04
2025-12-23,10:09:19.214424334,T,KO,I,28,70.04
2025-12-23,10:09:19.214427431,T,KO,I,1,70.04
2025-12-23,10:09:19.214550648,T,KO,,100,70.04
2025-12-23,10:09:19.214553772,T,KO,,100,70.04
2025-12-23,10:09:19.214556775,T,KO,I,41,70.04
2025-12-23,10:09:19.214556775,T,KO,I,31,70.04
2025-12-23,10:09:19.214559702,T,KO,I,25,70.04
2025-12-23,10:09:25.072264608,T,KO,I,5,70.05
2025-12-23,10:09:25.072983544,T,KO,,100,70.05
2025-12-23,10:09:25.072983544,T,KO,I,19,70.05
2025-12-23,10:09:25.073001562,T,KO,I,1,70.05
2025-12-23,10:09:25.073004692,T,KO,I,21,70.05
2025-12-23,10:09:25.073007365,T,KO,I,31,70.05
2025-12-23,10:09:25.073013550,T,KO,I,41,70.05
2025-12-23,10:09:25.073013550,T,KO,I,7,70.05
2025-12-23,10:09:25.073016745,T,KO,,100,70.05
2025-12-23,10:09:25.073016745,T,KO,F I,93,70.05
2025-12-23,10:09:26.188905285,T,KO,F,100,70.04
2025-12-23,10:09:26.188905285,T,KO,F I,20,70.04
2025-12-23,10:09:26.188917357,T,KO,F I,39,70.04
2025-12-23,10:09:26.188920376,T,KO,,100,70.04
2025-12-23,10:09:26.189359137,T,KO,I,30,70.04
2025-12-23,10:09:26.487363591,T,KO,F,100,70.03
2025-12-23,10:09:36.933103884,T,KO,F,100,70.03
2025-12-23,10:09:36.933103884,T,KO,F I,41,70.03
2025-12-23,10:09:36.933275293,T,KO,F,100,70.03
2025-12-23,10:09:36.933365502,T,KO,F,100,70.03
2025-12-23,10:09:36.934036251,T,KO,I,38,70.03
2025-12-23,10:09:36.934039077,T,KO,I,9,70.03
2025-12-23,10:09:37.968151006,T,KO,,100,70.03
2025-12-23,10:09:37.968153907,T,KO,,100,70.03
2025-12-23,10:09:39.770111569,T,KO,F I,10,70.02
2025-12-23,10:09:39.771200203,T,KO,I,20,70.01
2025-12-23,10:09:51.490961430,T,KO,I,40,70.01
2025-12-23,10:10:03.419164105,T,KO,,100,70.01
2025-12-23,10:10:03.420409079,T,KO,,100,70.01
2025-12-23,10:10:03.425921218,T,KO,F,100,70.015
2025-12-23,10:10:03.425924180,T,KO,F,100,70.015
2025-12-23,10:10:03.425936419,T,KO,F I,25,70.02
2025-12-23,10:10:03.426170865,T,KO,I,75,70.02
2025-12-23,10:10:03.426170865,T,KO,I,25,70.02
2025-12-23,10:10:03.426889434,T,KO,,100,70.02
2025-12-23,10:10:08.342375430,T,KO,,100,70.035
2025-12-23,10:10:08.342450822,T,KO,F,100,70.035
2025-12-23,10:10:08.342450822,T,KO,F I,25,70.04
2025-12-23,10:10:08.342453647,T,KO,F I,25,70.04
2025-12-23,10:10:08.342456632,T,KO,F,100,70.04
2025-12-23,10:10:08.342788061,T,KO,F I,25,70.04
2025-12-23,10:10:17.402999528,T,KO,I,9,70.045
2025-12-23,10:10:20.581560716,T,KO,F I,35,70.04
2025-12-23,10:10:20.581563666,T,KO,F I,10,70.04
2025-12-23,10:10:20.581581992,T,KO,F I,10,70.04
2025-12-23,10:10:20.581585063,T,KO,,144,70.04
2025-12-23,10:10:20.581591371,T,KO,I,45,70.04
2025-12-23,10:10:20.582050822,T,KO,I,1,70.04
2025-12-23,10:10:30.907769977,T,KO,F,100,70.04
2025-12-23,10:10:30.907806037,T,KO,F,100,70.04
2025-12-23,10:10:31.008194182,T,KO,F,100,70.05
2025-12-23,10:10:36.137985710,T,KO,I,39,70.05
2025-12-23,10:10:36.138111709,T,KO,F I,39,70.05
2025-12-23,10:10:36.138177959,T,KO,F I,39,70.05
2025-12-23,10:10:36.138412495,T,KO,F I,22,70.05
2025-12-23,10:10:37.458526480,T,KO,I,10,70.045
2025-12-23,10:10:41.189121347,T,KO,,100,70.045
2025-12-23,10:10:48.019616158,T,KO,,100,70.05
2025-12-23,10:10:56.505358145,T,KO,,100,70.04
2025-12-23,10:10:56.505391220,T,KO,,100,70.04
2025-12-23,10:10:57.792372423,T,KO,I,25,70.04
2025-12-23,10:11:00.129556726,T,KO,F I,10,70.04
2025-12-23,10:11:02.478833363,T,KO,F I,14,70.03
2025-12-23,10:11:02.478844868,T,KO,F I,14,70.03
2025-12-23,10:11:02.478962212,T,KO,F I,14,70.03
2025-12-23,10:11:03.708981651,T,KO,,100,70.035
2025-12-23,10:11:06.443950294,T,KO,,100,70.03
2025-12-23,10:11:06.444013513,T,KO,I,10,70.03
2025-12-23,10:11:06.459085361,T,KO,,100,70.025
2025-12-23,10:11:12.155404975,T,KO,I,4,70.04
2025-12-23,10:11:12.638539151,T,KO,I,47,70.05
2025-12-23,10:11:12.638878373,T,KO,I,25,70.05
2025-12-23,10:11:20.851455838,T,KO,F I,40,70.06
2025-12-23,10:11:20.851458844,T,KO,F,100,70.06
2025-12-23,10:11:52.394410679,T,KO,,100,70.065
2025-12-23,10:12:08.845592340,T,KO,I,3,70.065
2025-12-23,10:12:10.338630970,T,KO,,100,70.07
2025-12-23,10:12:10.338630970,T,KO,I,72,70.07
2025-12-23,10:12:10.338633428,T,KO,I,24,70.07
2025-12-23,10:12:10.338636216,T,KO,I,1,70.07
2025-12-23,10:12:10.345907457,T,KO,F I,5,70.08
2025-12-23,10:12:11.678359851,T,KO,,100,70.08
2025-12-23,10:12:12.900795283,T,KO,I,25,70.1
2025-12-23,10:12:12.900795283,T,KO,,100,70.1
2025-12-23,10:12:14.750873855,T,KO,F I,96,70.105
2025-12-23,10:12:14.752202734,T,KO,,100,70.105
