DATE,TIME_M,EX,SYM_ROOT,TR_SCOND,SIZE,PRICE
2025-10-13,9:30:01.466967853,T,KO,F I,10,66.2
2025-10-13,9:30:01.466970197,T,KO,F I,3,66.2
2025-10-13,9:30:01.466973303,T,KO,F I,10,66.2
2025-10-13,9:30:01.467009077,T,KO,F,267,66.2
2025-10-13,9:30:01.467018375,T,KO,Q,10,66.2
2025-10-13,9:30:01.498533368,T,KO,,100,66.18
2025-10-13,9:30:01.506411996,T,KO,I,10,66.17
2025-10-13,9:30:01.612535510,T,KO,,200,66.17
2025-10-13,9:30:01.624551522,T,KO,F,100,66.14
2025-10-13,9:30:01.624551522,T,KO,F,100,66.15
2025-10-13,9:30:01.624572467,T,KO,I,1,66.15
2025-10-13,9:30:01.624581493,T,KO,I,99,66.15
2025-10-13,9:30:01.624668742,T,KO,F,100,66.13
2025-10-13,9:30:01.624668742,T,KO,F I,81,66.13
2025-10-13,9:30:01.625062692,T,KO,F,169,66.13
2025-10-13,9:30:01.625083784,T,KO,I,1,66.13
2025-10-13,9:30:01.625083784,T,KO,F I,30,66.13
2025-10-13,9:30:01.625231204,T,KO,F,100,66.14
2025-10-13,9:30:01.625231204,T,KO,F,200,66.14
2025-10-13,9:30:01.625234053,T,KO,F I,5,66.14
2025-10-13,9:30:01.630959671,T,KO,,100,66.13
2025-10-13,9:30:01.664095667,T,KO,I,4,66.14
2025-10-13,9:30:01.676623811,T,KO,,100,66.14
2025-10-13,9:30:01.676626505,T,KO,I,90,66.14
2025-10-13,9:30:01.945463860,T,KO,I,4,66.14
2025-10-13,9:30:02.331349049,T,KO,F I,1,66.12
2025-10-13,9:30:02.331349049,T,KO,F I,1,66.12
2025-10-13,9:30:02.331351975,T,KO,F,200,66.12
2025-10-13,9:30:02.331351975,T,KO,F I,1,66.12
2025-10-13,9:30:02.331481820,T,KO,,200,66.13
2025-10-13,9:30:02.331674625,T,KO,F,200,66.12
2025-10-13,9:30:02.331676866,T,KO,F,200,66.12
2025-10-13,9:30:02.331799973,T,KO,F,200,66.12
2025-10-13,9:30:02.380552092,T,KO,,200,66.12
2025-10-13,9:30:02.380615652,T,KO,I,5,66.13
2025-10-13,9:30:02.380885887,T,KO,I,5,66.12
2025-10-13,9:30:02.380885887,T,KO,,115,66.12
2025-10-13,9:30:02.418818182,T,KO,F,100,66.14
2025-10-13,9:30:02.418959613,T,KO,F,200,66.15
2025-10-13,9:30:02.418962627,T,KO,F,200,66.15
2025-10-13,9:30:02.420150423,T,KO,F,100,66.17
2025-10-13,9:30:02.420153365,T,KO,F,100,66.18
2025-10-13,9:30:02.420174915,T,KO,,100,66.18
2025-10-13,9:30:02.420174915,T,KO,,200,66.18
2025-10-13,9:30:02.443290486,T,KO,F,116,66.18
2025-10-13,9:30:02.443326598,T,KO,I,1,66.19
2025-10-13,9:30:02.443353633,T,KO,F,200,66.2
2025-10-13,9:30:02.443357450,T,KO,F,200,66.2
2025-10-13,9:30:02.443837883,T,KO,F,200,66.21
2025-10-13,9:30:02.495476751,T,KO,,200,66.19
2025-10-13,9:30:02.495480004,T,KO,I,60,66.19
2025-10-13,9:30:02.495480004,T,KO,,200,66.19
2025-10-13,9:30:02.495482859,T,KO,I,21,66.19
2025-10-13,9:30:02.561297619,T,KO,,267,66.19
2025-10-13,9:30:02.680366581,T,KO,F I,54,66.19
2025-10-13,9:30:02.680369184,T,KO,F,200,66.19
2025-10-13,9:30:02.746953783,T,KO,,100,66.19
2025-10-13,9:30:02.766343984,T,KO,F I,1,66.19
2025-10-13,9:30:02.766389113,T,KO,F I,14,66.19
2025-10-13,9:30:02.766437212,T,KO,F I,2,66.19
2025-10-13,9:30:02.766557431,T,KO,F I,24,66.19
2025-10-13,9:30:02.816130658,T,KO,F I,1,66.19
2025-10-13,9:30:02.816154551,T,KO,F I,99,66.19
2025-10-13,9:30:02.938492335,T,KO,I,18,66.19
2025-10-13,9:30:03.009662420,T,KO,F I,24,66.19
2025-10-13,9:30:03.383038890,T,KO,,100,66.2
2025-10-13,9:30:03.383056824,T,KO,,100,66.2
2025-10-13,9:30:03.383058860,T,KO,I,1,66.2
2025-10-13,9:30:03.383061735,T,KO,,200,66.2
2025-10-13,9:30:03.581907357,T,KO,,100,66.21
2025-10-13,9:30:03.581910376,T,KO,,200,66.21
2025-10-13,9:30:03.581979443,T,KO,F,200,66.22
2025-10-13,9:30:03.588853843,T,KO,I,19,66.23
2025-10-13,9:30:03.588884117,T,KO,F,181,66.23
2025-10-13,9:30:03.588884117,T,KO,F I,42,66.23
2025-10-13,9:30:03.589250978,T,KO,F,200,66.22
2025-10-13,9:30:03.589253799,T,KO,F,200,66.22
2025-10-13,9:30:03.735540258,T,KO,F I,70,66.21
2025-10-13,9:30:03.773529855,T,KO,F I,16,66.22
2025-10-13,9:30:03.773553943,T,KO,I,84,66.22
2025-10-13,9:30:03.773553943,T,KO,I,80,66.22
2025-10-13,9:30:03.773556721,T,KO,,200,66.22
2025-10-13,9:30:03.773560244,T,KO,,246,66.22
2025-10-13,9:30:03.773562916,T,KO,,200,66.22
2025-10-13,9:30:03.773562916,T,KO,,200,66.22
2025-10-13,9:30:03.773568842,T,KO,,100,66.22
2025-10-13,9:30:04.376165004,T,KO,F,100,66.23
2025-10-13,9:30:04.376168106,T,KO,F I,88,66.23
2025-10-13,9:30:04.376183865,T,KO,I,1,66.23
2025-10-13,9:30:04.376189389,T,KO,I,11,66.23
2025-10-13,9:30:04.376189389,T,KO,I,1,66.23
2025-10-13,9:30:04.376189389,T,KO,F I,12,66.23
2025-10-13,9:30:04.376207059,T,KO,F I,12,66.23
2025-10-13,9:30:04.376270224,T,KO,F I,75,66.23
2025-10-13,9:30:04.376270224,T,KO,F I,25,66.23
2025-10-13,9:30:04.376294259,T,KO,I,75,66.23
2025-10-13,9:30:04.376318402,T,KO,F,100,66.23
2025-10-13,9:30:04.376354492,T,KO,,100,66.23
2025-10-13,9:30:04.376357415,T,KO,,100,66.23
2025-10-13,9:30:04.376610068,T,KO,F,200,66.24
2025-10-13,9:30:04.376613052,T,KO,F,100,66.24
2025-10-13,9:30:04.376877681,T,KO,,100,66.24
2025-10-13,9:30:04.447585173,T,KO,F I,51,66.24
2025-10-13,9:30:04.447585173,T,KO,F,100,66.24
2025-10-13,9:30:04.447588360,T,KO,F I,49,66.24
2025-10-13,9:30:04.447591125,T,KO,F,200,66.24
2025-10-13,9:30:04.447594174,T,KO,F,100,66.24
2025-10-13,9:30:04.447594174,T,KO,F,173,66.24
2025-10-13,9:30:04.447597122,T,KO,F,100,66.24
2025-10-13,9:30:04.448261710,T,KO,F,100,66.25
2025-10-13,9:30:04.448264687,T,KO,F,130,66.25
2025-10-13,9:30:04.448583435,T,KO,F I,43,66.25
2025-10-13,9:30:04.448608437,T,KO,,200,66.25
2025-10-13,9:30:04.448608437,T,KO,,200,66.25
2025-10-13,9:30:04.448613521,T,KO,,100,66.25
2025-10-13,9:30:04.448613521,T,KO,I,22,66.25
2025-10-13,9:30:04.448616552,T,KO,F I,78,66.25
2025-10-13,9:30:04.448619517,T,KO,F,157,66.25
2025-10-13,9:30:04.696163844,T,KO,F,200,66.26
2025-10-13,9:30:04.696169167,T,KO,F,100,66.26
2025-10-13,9:30:04.696169167,T,KO,F,200,66.26
2025-10-13,9:30:04.696172194,T,KO,F I,88,66.26
2025-10-13,9:30:04.696358751,T,KO,F I,25,66.27
2025-10-13,9:30:04.696361604,T,KO,F,200,66.27
2025-10-13,9:30:04.696364619,T,KO,F,200,66.27
2025-10-13,9:30:04.696364619,T,KO,F,114,66.27
2025-10-13,9:30:04.696878933,T,KO,F,100,66.27
2025-10-13,9:30:04.696881874,T,KO,F,100,66.27
2025-10-13,9:30:04.696884875,T,KO,F,126,66.27
2025-10-13,9:30:05.043676858,T,KO,F,129,66.25
2025-10-13,9:30:05.043694931,T,KO,I,1,66.25
2025-10-13,9:30:05.050425534,T,KO,F I,5,66.26
2025-10-13,9:30:05.050425534,T,KO,F,103,66.26
2025-10-13,9:30:05.050461199,T,KO,I,98,66.26
2025-10-13,9:30:05.166558572,T,KO,F,100,66.27
2025-10-13,9:30:05.520198277,T,KO,,200,66.29
2025-10-13,9:30:05.520198277,T,KO,,100,66.29
2025-10-13,9:30:05.520291050,T,KO,F,200,66.3
2025-10-13,9:30:05.521139070,T,KO,F,100,66.295
2025-10-13,9:30:05.942439553,T,KO,F,112,66.3
2025-10-13,9:30:05.967588889,T,KO,F I,12,66.32
2025-10-13,9:30:05.967591436,T,KO,F,100,66.32
2025-10-13,9:30:05.968006504,T,KO,F,100,66.32
2025-10-13,9:30:08.881541197,T,KO,F,200,66.31
2025-10-13,9:30:08.881541197,T,KO,F,344,66.31
2025-10-13,9:30:08.883173558,T,KO,,100,66.29
2025-10-13,9:30:08.883252110,T,KO,F,200,66.31
2025-10-13,9:30:08.883288028,T,KO,,200,66.31
2025-10-13,9:30:08.883294241,T,KO,F,600,66.32
2025-10-13,9:30:08.883300092,T,KO,F,200,66.32
2025-10-13,9:30:08.883300092,T,KO,F,100,66.32
2025-10-13,9:30:08.883305960,T,KO,F I,8,66.31
2025-10-13,9:30:08.883468369,T,KO,F,100,66.33
2025-10-13,9:30:08.883471344,T,KO,F,200,66.33
2025-10-13,9:30:08.884027593,T,KO,F I,82,66.33
2025-10-13,9:30:08.884031033,T,KO,F I,73,66.34
2025-10-13,9:30:08.884031033,T,KO,F,200,66.34
2025-10-13,9:30:08.884034336,T,KO,F I,18,66.34
2025-10-13,9:30:08.884075750,T,KO,F I,82,66.34
2025-10-13,9:30:08.884238160,T,KO,,148,66.34
2025-10-13,9:30:08.884791474,T,KO,F,117,66.35
2025-10-13,9:30:08.884794427,T,KO,F I,75,66.35
2025-10-13,9:30:09.228498053,T,KO,F,100,66.34
2025-10-13,9:30:09.228516157,T,KO,I,1,66.34
2025-10-13,9:30:09.228528096,T,KO,F I,53,66.34
2025-10-13,9:30:10.914914835,T,KO,,100,66.325
2025-10-13,9:30:10.916219927,T,KO,I,55,66.325
2025-10-13,9:30:11.040328454,T,KO,,100,66.35
2025-10-13,9:30:11.040331989,T,KO,,200,66.35
2025-10-13,9:30:11.041844145,T,KO,,100,66.37
2025-10-13,9:30:11.041889181,T,KO,,100,66.37
2025-10-13,9:30:11.041889181,T,KO,I,6,66.37
2025-10-13,9:30:11.041892545,T,KO,,100,66.37
2025-10-13,9:30:11.041919241,T,KO,F,408,66.37
2025-10-13,9:30:11.042515024,T,KO,F,299,66.37
2025-10-13,9:30:11.042517739,T,KO,F I,6,66.37
2025-10-13,9:30:11.042517739,T,KO,F,100,66.37
2025-10-13,9:30:11.042566051,T,KO,F,100,66.37
2025-10-13,9:30:11.042640960,T,KO,F,344,66.37
2025-10-13,9:30:11.042704084,T,KO,F,100,66.36
2025-10-13,9:30:11.214268765,T,KO,F,100,66.34
2025-10-13,9:30:11.658487704,T,KO,F,100,66.35
2025-10-13,9:30:11.658487704,T,KO,F I,63,66.35
2025-10-13,9:30:11.658492811,T,KO,F I,37,66.35
2025-10-13,9:30:11.801408116,T,KO,F I,67,66.34
2025-10-13,9:30:11.801492308,T,KO,F,129,66.36
2025-10-13,9:30:12.834296220,T,KO,,133,66.34
2025-10-13,9:30:12.834302516,T,KO,I,91,66.34
2025-10-13,9:30:12.834302516,T,KO,,200,66.34
2025-10-13,9:30:12.834302516,T,KO,,344,66.34
2025-10-13,9:30:12.834476669,T,KO,F,100,66.35
2025-10-13,9:30:12.834590951,T,KO,F,200,66.34
2025-10-13,9:30:12.834590951,T,KO,F,100,66.34
2025-10-13,9:30:12.834843511,T,KO,F,105,66.35
2025-10-13,9:30:12.834843511,T,KO,F,200,66.35
2025-10-13,9:30:12.834883004,T,KO,,100,66.36
2025-10-13,9:30:12.834883004,T,KO,,200,66.36
2025-10-13,9:30:12.834955463,T,KO,F,100,66.35
2025-10-13,9:30:12.834955463,T,KO,F,153,66.35
2025-10-13,9:30:12.834958132,T,KO,F I,47,66.35
2025-10-13,9:30:12.835309640,T,KO,F I,34,66.35
2025-10-13,9:30:12.835309640,T,KO,F I,34,66.35
2025-10-13,9:30:12.835429883,T,KO,F,200,66.35
2025-10-13,9:30:12.835517191,T,KO,F I,6,66.35
2025-10-13,9:30:12.835553223,T,KO,F I,6,66.35
2025-10-13,9:30:12.835622404,T,KO,F,100,66.35
2025-10-13,9:30:12.835883977,T,KO,,100,66.34
2025-10-13,9:30:12.835883977,T,KO,,100,66.34
2025-10-13,9:30:12.835887168,T,KO,,200,66.34
2025-10-13,9:30:12.835890000,T,KO,,100,66.34
2025-10-13,9:30:12.836350174,T,KO,F,100,66.34
2025-10-13,9:30:12.836353632,T,KO,F,200,66.34
2025-10-13,9:30:12.836407259,T,KO,F I,35,66.34
2025-10-13,9:30:12.836413284,T,KO,F I,29,66.34
2025-10-13,9:30:12.836440317,T,KO,F I,28,66.34
2025-10-13,9:30:12.837718764,T,KO,I,36,66.34
2025-10-13,9:30:12.837722607,T,KO,I,42,66.34
2025-10-13,9:30:12.837722607,T,KO,,200,66.34
2025-10-13,9:30:12.837724495,T,KO,I,28,66.34
2025-10-13,9:30:12.840743571,T,KO,,200,66.34
2025-10-13,9:30:12.845293479,T,KO,F I,42,66.34
2025-10-13,9:30:13.683048185,T,KO,F,100,66.34
2025-10-13,9:30:13.683050043,T,KO,F,100,66.34
2025-10-13,9:30:13.683061967,T,KO,F,100,66.34
2025-10-13,9:30:13.683064898,T,KO,F I,2,66.34
2025-10-13,9:30:13.914102229,T,KO,F I,1,66.33
2025-10-13,9:30:13.914102229,T,KO,F,115,66.33
2025-10-13,9:30:14.481995754,T,KO,F,200,66.33
2025-10-13,9:30:14.682161501,T,KO,,100,66.33
2025-10-13,9:30:15.105633060,T,KO,F,100,66.33
2025-10-13,9:30:15.281149145,T,KO,,127,66.31
2025-10-13,9:30:15.281915920,T,KO,F,153,66.33
2025-10-13,9:30:15.281934013,T,KO,F,100,66.33
2025-10-13,9:30:15.729300467,T,KO,F I,77,66.33
2025-10-13,9:30:15.729303521,T,KO,F,123,66.33
2025-10-13,9:30:15.729318521,T,KO,F I,30,66.33
2025-10-13,9:30:16.205719174,T,KO,F,173,66.35
2025-10-13,9:30:16.205734240,T,KO,F I,83,66.35
2025-10-13,9:30:16.205737655,T,KO,I,17,66.35
2025-10-13,9:30:16.205740240,T,KO,,100,66.35
2025-10-13,9:30:16.205743164,T,KO,,283,66.35
2025-10-13,9:30:16.205743164,T,KO,I,17,66.35
2025-10-13,9:30:16.205905564,T,KO,F,300,66.36
2025-10-13,9:30:16.205908633,T,KO,F I,2,66.36
2025-10-13,9:30:16.206206279,T,KO,F,124,66.36
2025-10-13,9:30:16.206778353,T,KO,F,100,66.37
2025-10-13,9:30:16.206781101,T,KO,F,200,66.37
2025-10-13,9:30:16.206980133,T,KO,F,100,66.36
2025-10-13,9:30:16.206982342,T,KO,F,100,66.36
2025-10-13,9:30:16.206985220,T,KO,F,100,66.36
2025-10-13,9:30:16.206985220,T,KO,F I,66,66.36
2025-10-13,9:30:16.207096478,T,KO,,200,66.36
2025-10-13,9:30:17.192513970,T,KO,F,200,66.36
2025-10-13,9:30:17.192516647,T,KO,F,100,66.37
2025-10-13,9:30:17.192692210,T,KO,F,100,66.38
2025-10-13,9:30:17.192697015,T,KO,F I,48,66.38
2025-10-13,9:30:17.192697015,T,KO,F,200,66.38
2025-10-13,9:30:17.192835590,T,KO,F,200,66.39
2025-10-13,9:30:17.193082244,T,KO,F,100,66.39
2025-10-13,9:30:17.193096966,T,KO,F,100,66.39
2025-10-13,9:30:17.193256325,T,KO,F,100,66.39
2025-10-13,9:30:17.193268382,T,KO,F I,50,66.39
2025-10-13,9:30:17.193361757,T,KO,F I,50,66.39
2025-10-13,9:30:17.193385613,T,KO,F I,50,66.39
2025-10-13,9:30:17.193692461,T,KO,,100,66.39
2025-10-13,9:30:17.193695352,T,KO,,100,66.39
2025-10-13,9:30:17.193698993,T,KO,,100,66.39
2025-10-13,9:30:17.194408199,T,KO,I,50,66.39
2025-10-13,9:30:17.194621656,T,KO,F I,27,66.39
2025-10-13,9:30:17.196831829,T,KO,F,200,66.39
2025-10-13,9:30:19.461113724,T,KO,,100,66.39
2025-10-13,9:30:19.461155841,T,KO,,100,66.39
2025-10-13,9:30:19.461155841,T,KO,,100,66.4
2025-10-13,9:30:19.461158865,T,KO,,100,66.4
2025-10-13,9:30:19.461161849,T,KO,I,95,66.4
2025-10-13,9:30:19.461282161,T,KO,F I,25,66.41
2025-10-13,9:30:19.461285101,T,KO,F,200,66.41
2025-10-13,9:30:19.461432816,T,KO,F I,24,66.41
2025-10-13,9:30:19.461436523,T,KO,F,101,66.41
2025-10-13,9:30:19.461438717,T,KO,F I,87,66.42
2025-10-13,9:30:19.461682202,T,KO,F,200,66.41
2025-10-13,9:30:19.461763225,T,KO,F I,59,66.41
2025-10-13,9:30:19.461805482,T,KO,F,141,66.41
2025-10-13,9:30:19.461808328,T,KO,F I,82,66.41
2025-10-13,9:30:19.461811347,T,KO,F,143,66.41
2025-10-13,9:30:19.461814734,T,KO,I,57,66.41
2025-10-13,9:30:19.461814734,T,KO,I,59,66.41
2025-10-13,9:30:19.461865988,T,KO,F,100,66.41
2025-10-13,9:30:19.461869074,T,KO,F,100,66.41
2025-10-13,9:30:19.461871544,T,KO,F I,48,66.41
2025-10-13,9:30:19.461874781,T,KO,F I,59,66.41
2025-10-13,9:30:19.462093999,T,KO,F I,12,66.42
2025-10-13,9:30:19.462097010,T,KO,F I,12,66.42
2025-10-13,9:30:19.462103212,T,KO,F I,12,66.42
2025-10-13,9:30:19.462175565,T,KO,F I,12,66.42
2025-10-13,9:30:19.462178277,T,KO,F I,12,66.42
2025-10-13,9:30:19.462187919,T,KO,F I,52,66.42
2025-10-13,9:30:19.462190297,T,KO,F I,60,66.42
2025-10-13,9:30:19.462190297,T,KO,F I,42,66.42
2025-10-13,9:30:19.462413039,T,KO,F I,97,66.42
2025-10-13,9:30:19.462415809,T,KO,F I,3,66.42
2025-10-13,9:30:19.462473733,T,KO,F I,97,66.42
2025-10-13,9:30:19.462473733,T,KO,F,100,66.42
2025-10-13,9:30:19.462475958,T,KO,F,102,66.42
2025-10-13,9:30:19.462511982,T,KO,F,100,66.42
2025-10-13,9:30:19.462729709,T,KO,F I,58,66.42
2025-10-13,9:30:19.462734611,T,KO,F,100,66.42
2025-10-13,9:30:19.462734611,T,KO,F,100,66.42
2025-10-13,9:30:19.463026227,T,KO,F I,60,66.43
2025-10-13,9:30:19.463029230,T,KO,F,100,66.43
2025-10-13,9:30:19.463173635,T,KO,F,100,66.43
2025-10-13,9:30:19.463185655,T,KO,F,100,66.43
2025-10-13,9:30:19.463402102,T,KO,F I,13,66.43
2025-10-13,9:30:19.463405501,T,KO,F I,25,66.44
2025-10-13,9:30:19.463405501,T,KO,F I,13,66.44
2025-10-13,9:30:19.463994636,T,KO,,100,66.43
2025-10-13,9:30:20.067339669,T,KO,F I,13,66.43
2025-10-13,9:30:20.067426868,T,KO,F I,13,66.43
2025-10-13,9:30:20.067484025,T,KO,F I,13,66.43
2025-10-13,9:30:20.067541119,T,KO,F I,13,66.43
2025-10-13,9:30:20.067619264,T,KO,F I,13,66.43
2025-10-13,9:30:20.067691499,T,KO,F I,13,66.43
2025-10-13,9:30:20.067739609,T,KO,F I,13,66.43
2025-10-13,9:30:20.067871952,T,KO,F I,13,66.43
2025-10-13,9:30:20.067980186,T,KO,F I,13,66.43
2025-10-13,9:30:20.075245478,T,KO,F I,13,66.43
2025-10-13,9:30:20.986566029,T,KO,,200,66.41
2025-10-13,9:30:20.986569301,T,KO,I,82,66.41
2025-10-13,9:30:20.986569301,T,KO,I,15,66.41
2025-10-13,9:30:20.988063653,T,KO,F,200,66.38
2025-10-13,9:30:20.988353306,T,KO,F,100,66.4
2025-10-13,9:30:20.988353306,T,KO,F I,73,66.4
2025-10-13,9:30:20.988359327,T,KO,F,100,66.4
2025-10-13,9:30:20.988359327,T,KO,F,100,66.4
2025-10-13,9:30:20.988359327,T,KO,F I,71,66.4
2025-10-13,9:30:20.988361411,T,KO,F,100,66.4
2025-10-13,9:30:20.988364768,T,KO,F,200,66.4
2025-10-13,9:30:20.988397699,T,KO,,100,66.41
2025-10-13,9:30:20.988397699,T,KO,,100,66.41
2025-10-13,9:30:20.988403429,T,KO,,200,66.41
2025-10-13,9:30:20.988403429,T,KO,,100,66.41
2025-10-13,9:30:21.007643377,T,KO,F,200,66.415
2025-10-13,9:30:21.540398123,T,KO,I,7,66.41
2025-10-13,9:30:21.540416427,T,KO,F I,93,66.41
2025-10-13,9:30:21.540419352,T,KO,F I,40,66.41
2025-10-13,9:30:21.540422221,T,KO,F I,6,66.41
2025-10-13,9:30:22.337461484,T,KO,F I,77,66.39
2025-10-13,9:30:22.338177208,T,KO,F,200,66.38
2025-10-13,9:30:22.338177208,T,KO,F I,90,66.38
2025-10-13,9:30:22.338180259,T,KO,F,100,66.38
2025-10-13,9:30:22.338192259,T,KO,,100,66.38
2025-10-13,9:30:22.338225488,T,KO,F I,83,66.38
2025-10-13,9:30:22.348548893,T,KO,F,100,66.37
2025-10-13,9:30:22.356370608,T,KO,F I,59,66.36
2025-10-13,9:30:22.490577176,T,KO,F,200,66.365
2025-10-13,9:30:22.770983048,T,KO,I,90,66.365
2025-10-13,9:30:22.895840476,T,KO,F,100,66.365
2025-10-13,9:30:22.895862006,T,KO,F,100,66.365
2025-10-13,9:30:22.895927645,T,KO,F,100,66.38
2025-10-13,9:30:24.065885279,T,KO,,100,66.37
2025-10-13,9:30:24.066357446,T,KO,,100,66.39
2025-10-13,9:30:24.066360902,T,KO,I,42,66.39
2025-10-13,9:30:24.066384576,T,KO,I,58,66.39
2025-10-13,9:30:24.068098970,T,KO,I,77,66.39
2025-10-13,9:30:24.326967112,T,KO,F,200,66.38
2025-10-13,9:30:24.327833190,T,KO,,100,66.38
2025-10-13,9:30:24.327836198,T,KO,,200,66.38
2025-10-13,9:30:27.779666140,T,KO,F,100,66.375
2025-10-13,9:30:27.779666140,T,KO,F,200,66.39
2025-10-13,9:30:27.779666140,T,KO,F I,11,66.39
2025-10-13,9:30:27.779676846,T,KO,F I,89,66.39
2025-10-13,9:30:27.779679968,T,KO,I,1,66.39
2025-10-13,9:30:27.779724717,T,KO,F I,99,66.39
2025-10-13,9:30:27.779727755,T,KO,F,100,66.39
2025-10-13,9:30:27.806555192,T,KO,F,200,66.38
2025-10-13,9:30:27.806557619,T,KO,F I,77,66.38
2025-10-13,9:30:27.806581684,T,KO,F,200,66.37
2025-10-13,9:30:27.807249316,T,KO,F I,41,66.36
2025-10-13,9:30:27.834972571,T,KO,I,73,66.38
2025-10-13,9:30:27.834972571,T,KO,,134,66.38
2025-10-13,9:30:27.834975360,T,KO,,200,66.38
2025-10-13,9:30:27.834978369,T,KO,,100,66.38
2025-10-13,9:30:27.835294026,T,KO,,200,66.38
2025-10-13,9:30:27.835342164,T,KO,I,32,66.38
2025-10-13,9:30:27.836809646,T,KO,F I,60,66.38
2025-10-13,9:30:27.836809646,T,KO,F,165,66.38
2025-10-13,9:30:28.433111982,T,KO,F I,12,66.38
2025-10-13,9:30:28.433111982,T,KO,F,100,66.38
2025-10-13,9:30:28.433114847,T,KO,F I,73,66.38
2025-10-13,9:30:28.433304339,T,KO,F,200,66.37
2025-10-13,9:30:30.536297115,T,KO,,200,66.355
2025-10-13,9:30:30.548340866,T,KO,,200,66.355
2025-10-13,9:30:30.877017754,T,KO,,100,66.355
2025-10-13,9:30:32.338973962,T,KO,F I,1,66.34
2025-10-13,9:30:32.338976940,T,KO,F,100,66.34
2025-10-13,9:30:32.338976940,T,KO,F I,16,66.34
2025-10-13,9:30:32.338979640,T,KO,F I,26,66.34
2025-10-13,9:30:32.341066697,T,KO,,100,66.34
2025-10-13,9:30:32.341066697,T,KO,I,12,66.34
2025-10-13,9:30:32.341475640,T,KO,F I,12,66.34
2025-10-13,9:30:33.251764758,T,KO,,100,66.35
2025-10-13,9:30:33.252188709,T,KO,,100,66.34
2025-10-13,9:30:33.252221872,T,KO,F,100,66.34
2025-10-13,9:30:33.775119751,T,KO,F,100,66.35
2025-10-13,9:30:33.775122232,T,KO,F,100,66.35
2025-10-13,9:30:33.775287621,T,KO,F,100,66.36
2025-10-13,9:30:33.775290596,T,KO,F,100,66.36
2025-10-13,9:30:33.775609448,T,KO,I,9,66.36
2025-10-13,9:30:33.775609448,T,KO,I,11,66.355
2025-10-13,9:30:33.775660845,T,KO,F I,30,66.355
2025-10-13,9:30:33.775660845,T,KO,F I,70,66.36
2025-10-13,9:30:33.775684528,T,KO,F I,30,66.36
2025-10-13,9:30:33.775988759,T,KO,I,66,66.37
2025-10-13,9:30:33.775991288,T,KO,I,34,66.37
2025-10-13,9:30:33.776593061,T,KO,F,100,66.37
2025-10-13,9:30:33.776593061,T,KO,F,100,66.37
2025-10-13,9:30:33.776601784,T,KO,F I,71,66.37
2025-10-13,9:30:33.788994266,T,KO,F,100,66.38
2025-10-13,9:30:33.882890107,T,KO,F I,39,66.37
2025-10-13,9:30:33.882890107,T,KO,F,200,66.37
2025-10-13,9:30:34.009587638,T,KO,F,100,66.37
2025-10-13,9:30:34.009623716,T,KO,,100,66.38
2025-10-13,9:30:34.273018126,T,KO,F,100,66.38
2025-10-13,9:30:35.224144391,T,KO,F,100,66.39
2025-10-13,9:30:36.490908532,T,KO,F I,50,66.4
2025-10-13,9:30:38.551819168,T,KO,F,300,66.43
2025-10-13,9:30:38.552309310,T,KO,I,15,66.43
2025-10-13,9:30:38.573254355,T,KO,I,14,66.43
2025-10-13,9:30:38.966723314,T,KO,,100,66.42
2025-10-13,9:30:41.279059757,T,KO,F I,25,66.43
2025-10-13,9:30:41.279059757,T,KO,F I,75,66.44
2025-10-13,9:30:41.279096337,T,KO,I,25,66.44
2025-10-13,9:30:43.023614062,T,KO,I,2,66.44
2025-10-13,9:30:43.023616910,T,KO,,200,66.44
2025-10-13,9:30:43.023664943,T,KO,F,145,66.43
2025-10-13,9:30:44.457455835,T,KO,I,10,66.4
2025-10-13,9:30:44.458294837,T,KO,,127,66.37
2025-10-13,9:30:44.458312894,T,KO,I,1,66.37
2025-10-13,9:30:44.458318981,T,KO,F I,72,66.37
2025-10-13,9:30:44.458655887,T,KO,F I,18,66.36
2025-10-13,9:30:44.458655887,T,KO,F I,14,66.36
2025-10-13,9:30:44.462577073,T,KO,F,100,66.355
2025-10-13,9:30:44.568630640,T,KO,F,200,66.35
2025-10-13,9:30:44.963164408,T,KO,,100,66.36
2025-10-13,9:30:44.963167567,T,KO,,136,66.36
2025-10-13,9:30:44.963167567,T,KO,I,64,66.36
2025-10-13,9:30:44.963185401,T,KO,F I,36,66.36
2025-10-13,9:30:47.156197661,T,KO,,200,66.355
2025-10-13,9:30:48.443572868,T,KO,,100,66.36
2025-10-13,9:30:51.464504945,T,KO,I,18,66.35
2025-10-13,9:30:51.465164224,T,KO,F,100,66.34
2025-10-13,9:30:51.465166788,T,KO,F I,39,66.35
2025-10-13,9:30:51.465166788,T,KO,F,100,66.35
2025-10-13,9:30:51.467860942,T,KO,I,64,66.33
2025-10-13,9:30:51.468889440,T,KO,I,53,66.335
2025-10-13,9:30:51.468892492,T,KO,,100,66.335
2025-10-13,9:30:52.277948392,T,KO,,100,66.33
2025-10-13,9:30:52.434122424,T,KO,F,100,66.33
2025-10-13,9:30:52.434122424,T,KO,F,100,66.33
2025-10-13,9:30:52.805570077,T,KO,,100,66.34
2025-10-13,9:30:55.456891870,T,KO,I,90,66.36
2025-10-13,9:30:55.456912907,T,KO,I,1,66.36
2025-10-13,9:30:55.456918912,T,KO,F I,9,66.36
2025-10-13,9:30:55.745227567,T,KO,F,100,66.38
2025-10-13,9:30:57.197759215,T,KO,,200,66.38
2025-10-13,9:30:57.205123917,T,KO,,200,66.365
2025-10-13,9:30:57.205126683,T,KO,,100,66.35
2025-10-13,9:30:57.205202065,T,KO,F,140,66.36
2025-10-13,9:30:57.205238006,T,KO,,100,66.37
2025-10-13,9:30:57.205241060,T,KO,,100,66.37
2025-10-13,9:30:57.205243977,T,KO,,100,66.37
2025-10-13,9:30:57.205243977,T,KO,I,68,66.37
2025-10-13,9:30:57.205998850,T,KO,,100,66.37
2025-10-13,9:30:57.207343196,T,KO,,140,66.37
2025-10-13,9:30:57.207343196,T,KO,,100,66.37
2025-10-13,9:30:57.207349032,T,KO,,140,66.37
2025-10-13,9:30:57.207349032,T,KO,,100,66.37
2025-10-13,9:30:57.208088961,T,KO,F I,87,66.37
2025-10-13,9:30:57.208088961,T,KO,F I,26,66.37
2025-10-13,9:30:57.209743121,T,KO,I,48,66.37
2025-10-13,9:30:57.209803475,T,KO,F,100,66.37
2025-10-13,9:30:57.209817876,T,KO,F,100,66.38
2025-10-13,9:30:57.209820879,T,KO,F,200,66.38
2025-10-13,9:30:58.301009387,T,KO,I,13,66.37
2025-10-13,9:30:58.301012621,T,KO,,200,66.37
2025-10-13,9:30:58.301012621,T,KO,,189,66.37
2025-10-13,9:30:58.301023922,T,KO,I,1,66.37
2025-10-13,9:30:58.301035920,T,KO,I,10,66.37
2025-10-13,9:30:58.301631375,T,KO,F,200,66.36
2025-10-13,9:30:58.301887155,T,KO,,100,66.36
2025-10-13,9:30:58.301887155,T,KO,,100,66.36
2025-10-13,9:30:58.301890124,T,KO,I,13,66.36
2025-10-13,9:31:00.509119996,T,KO,F I,25,66.37
2025-10-13,9:31:00.531505361,T,KO,I,46,66.36
2025-10-13,9:31:01.752470381,T,KO,,100,66.38
2025-10-13,9:31:01.752527506,T,KO,,100,66.38
2025-10-13,9:31:01.984503008,T,KO,F I,25,66.385
2025-10-13,9:31:01.984530239,T,KO,,175,66.385
2025-10-13,9:31:01.984587250,T,KO,F I,25,66.39
2025-10-13,9:31:01.984918022,T,KO,,100,66.39
2025-10-13,9:31:01.998814145,T,KO,I,84,66.39
2025-10-13,9:31:01.998814145,T,KO,,200,66.39
2025-10-13,9:31:01.999238098,T,KO,,100,66.39
2025-10-13,9:31:01.999268227,T,KO,,100,66.39
2025-10-13,9:31:01.999292243,T,KO,,100,66.39
2025-10-13,9:31:02.092697748,T,KO,,100,66.4
2025-10-13,9:31:02.104753429,T,KO,I,64,66.4
2025-10-13,9:31:02.117765429,T,KO,I,36,66.4
2025-10-13,9:31:02.487778709,T,KO,F I,25,66.41
2025-10-13,9:31:02.740693774,T,KO,,200,66.405
2025-10-13,9:31:03.747839939,T,KO,F,100,66.405
2025-10-13,9:31:04.110473584,T,KO,F,100,66.42
2025-10-13,9:31:04.110476609,T,KO,F,100,66.42
2025-10-13,9:31:04.110492229,T,KO,F,100,66.42
2025-10-13,9:31:04.110518714,T,KO,,200,66.43
2025-10-13,9:31:05.613886406,T,KO,,100,66.44
2025-10-13,9:31:05.618583509,T,KO,,100,66.44
2025-10-13,9:31:06.580589768,T,KO,F I,82,66.44
2025-10-13,9:31:06.580604883,T,KO,F I,82,66.44
2025-10-13,9:31:06.580607888,T,KO,I,18,66.44
2025-10-13,9:31:07.717381351,T,KO,F,100,66.45
2025-10-13,9:31:09.018403099,T,KO,I,10,66.46
2025-10-13,9:31:09.504378510,T,KO,,100,66.46
2025-10-13,9:31:09.504388652,T,KO,F I,90,66.46
2025-10-13,9:31:09.504391436,T,KO,F,100,66.47
2025-10-13,9:31:09.504393642,T,KO,F,100,66.47
2025-10-13,9:31:09.504396637,T,KO,F,200,66.48
2025-10-13,9:31:09.504396637,T,KO,F I,10,66.48
2025-10-13,9:31:09.504931853,T,KO,I,50,66.475
2025-10-13,9:31:09.907287238,T,KO,F,100,66.48
2025-10-13,9:31:09.907597064,T,KO,F,200,66.49
2025-10-13,9:31:09.907597064,T,KO,F,200,66.49
2025-10-13,9:31:10.134710365,T,KO,I,2,66.49
2025-10-13,9:31:10.134712968,T,KO,,100,66.49
2025-10-13,9:31:10.134712968,T,KO,I,98,66.48
2025-10-13,9:31:10.134772993,T,KO,,146,66.49
2025-10-13,9:31:10.134775981,T,KO,,100,66.49
2025-10-13,9:31:10.135019512,T,KO,F,100,66.49
2025-10-13,9:31:10.135022570,T,KO,F,146,66.49
2025-10-13,9:31:10.770646446,T,KO,,100,66.49
2025-10-13,9:31:11.679419927,T,KO,F I,1,66.48
2025-10-13,9:31:13.239313193,T,KO,F,100,66.47
2025-10-13,9:31:13.239334308,T,KO,,100,66.47
2025-10-13,9:31:14.786844126,T,KO,F,200,66.48
2025-10-13,9:31:14.786847201,T,KO,F I,51,66.48
2025-10-13,9:31:14.786856763,T,KO,F I,67,66.48
2025-10-13,9:31:14.786859159,T,KO,F,184,66.48
2025-10-13,9:31:14.786871141,T,KO,F I,35,66.48
2025-10-13,9:31:14.787538701,T,KO,F I,16,66.49
2025-10-13,9:31:14.787671102,T,KO,I,15,66.49
2025-10-13,9:31:14.787683107,T,KO,F I,15,66.49
2025-10-13,9:31:14.787701086,T,KO,F I,85,66.49
2025-10-13,9:31:14.787809884,T,KO,I,20,66.49
2025-10-13,9:31:14.979810654,T,KO,F I,10,66.485
2025-10-13,9:31:14.979813710,T,KO,F,166,66.47
2025-10-13,9:31:14.979841081,T,KO,I,1,66.47
2025-10-13,9:31:14.979843734,T,KO,I,33,66.47
2025-10-13,9:31:14.979846752,T,KO,,200,66.47
2025-10-13,9:31:21.761557285,T,KO,F I,2,66.44
2025-10-13,9:31:21.761557285,T,KO,F I,32,66.44
2025-10-13,9:31:21.761809683,T,KO,F,100,66.44
2025-10-13,9:31:21.761821629,T,KO,F,100,66.44
2025-10-13,9:31:21.762068237,T,KO,F,100,66.43
2025-10-13,9:31:21.762255285,T,KO,,100,66.43
2025-10-13,9:31:21.764531172,T,KO,,100,66.415
2025-10-13,9:31:21.811726171,T,KO,I,20,66.42
2025-10-13,9:31:21.811734504,T,KO,,200,66.415
2025-10-13,9:31:21.811737603,T,KO,,100,66.4
2025-10-13,9:31:21.811999383,T,KO,,100,66.43
2025-10-13,9:31:21.834564935,T,KO,I,65,66.43
2025-10-13,9:31:22.095457454,T,KO,,100,66.44
2025-10-13,9:31:23.136723333,T,KO,,200,66.435
2025-10-13,9:31:24.532990948,T,KO,I,1,66.44
2025-10-13,9:31:24.637835678,T,KO,F I,59,66.44
2025-10-13,9:31:31.653596650,T,KO,F,107,66.48
2025-10-13,9:31:31.653596650,T,KO,F,200,66.48
2025-10-13,9:31:31.654423492,T,KO,F,400,66.48
2025-10-13,9:31:31.654426401,T,KO,F,1600,66.48
2025-10-13,9:31:31.655942005,T,KO,F I,10,66.485
2025-10-13,9:31:31.655942005,T,KO,F I,22,66.48
2025-10-13,9:31:31.655945093,T,KO,F I,90,66.48
2025-10-13,9:31:31.655957116,T,KO,F I,10,66.48
2025-10-13,9:31:31.655960440,T,KO,F,100,66.48
2025-10-13,9:31:31.655960440,T,KO,F,100,66.47
2025-10-13,9:31:31.655966109,T,KO,F,100,66.47
2025-10-13,9:31:31.655966109,T,KO,F,200,66.47
2025-10-13,9:31:31.655966109,T,KO,F I,90,66.47
2025-10-13,9:31:31.656360094,T,KO,I,28,66.48
2025-10-13,9:31:31.656778068,T,KO,F I,29,66.48
2025-10-13,9:31:31.697882900,T,KO,I,13,66.48
2025-10-13,9:31:32.234844846,T,KO,F I,30,66.49
2025-10-13,9:31:32.234847815,T,KO,F,142,66.49
2025-10-13,9:31:32.235834222,T,KO,F,100,66.5
2025-10-13,9:31:32.764932379,T,KO,I,10,66.52
2025-10-13,9:31:39.160322026,T,KO,I,1,66.51
2025-10-13,9:31:39.160324670,T,KO,,100,66.51
2025-10-13,9:31:39.160324670,T,KO,,100,66.51
2025-10-13,9:31:39.163274774,T,KO,,100,66.51
2025-10-13,9:31:39.163331854,T,KO,F,100,66.52
2025-10-13,9:31:39.163331854,T,KO,F I,70,66.52
2025-10-13,9:31:39.163334867,T,KO,F,200,66.52
2025-10-13,9:31:39.173319223,T,KO,I,73,66.53
2025-10-13,9:31:39.173321692,T,KO,,100,66.53
2025-10-13,9:31:40.163790751,T,KO,,100,66.52
2025-10-13,9:31:40.163790751,T,KO,I,68,66.52
2025-10-13,9:31:40.164434293,T,KO,,169,66.53
2025-10-13,9:31:40.164584695,T,KO,I,34,66.53
2025-10-13,9:31:40.164641821,T,KO,,100,66.53
2025-10-13,9:31:40.164645091,T,KO,,158,66.53
2025-10-13,9:31:40.164648014,T,KO,,169,66.53
2025-10-13,9:31:40.164650817,T,KO,,100,66.53
2025-10-13,9:31:40.164813141,T,KO,F,100,66.53
2025-10-13,9:31:40.164867612,T,KO,,100,66.52
2025-10-13,9:31:40.164871025,T,KO,,100,66.52
2025-10-13,9:31:40.164873581,T,KO,,200,66.52
2025-10-13,9:31:40.164876433,T,KO,,200,66.52
2025-10-13,9:31:40.165324459,T,KO,,100,66.52
2025-10-13,9:31:40.165327521,T,KO,,100,66.52
2025-10-13,9:31:40.165330387,T,KO,,133,66.52
2025-10-13,9:31:40.165355232,T,KO,I,66,66.52
2025-10-13,9:31:40.165355232,T,KO,,161,66.52
2025-10-13,9:31:40.165381571,T,KO,I,99,66.52
2025-10-13,9:31:40.165396630,T,KO,I,1,66.52
2025-10-13,9:31:40.165751839,T,KO,,100,66.53
2025-10-13,9:31:40.165925831,T,KO,,100,66.53
2025-10-13,9:31:40.165929197,T,KO,I,23,66.53
2025-10-13,9:31:40.165934905,T,KO,I,48,66.53
2025-10-13,9:31:40.165976971,T,KO,,100,66.53
2025-10-13,9:31:40.166109543,T,KO,I,15,66.53
2025-10-13,9:31:40.166112252,T,KO,,100,66.53
2025-10-13,9:31:40.166115736,T,KO,I,8,66.53
2025-10-13,9:31:40.166118247,T,KO,,100,66.53
2025-10-13,9:31:40.166659553,T,KO,,100,66.53
2025-10-13,9:31:40.232916373,T,KO,I,99,66.52
2025-10-13,9:31:40.232919410,T,KO,I,92,66.52
2025-10-13,9:31:40.318731851,T,KO,,100,66.51
2025-10-13,9:31:40.318734807,T,KO,I,65,66.51
2025-10-13,9:31:40.318734807,T,KO,I,13,66.51
2025-10-13,9:31:40.387746785,T,KO,I,31,66.5
2025-10-13,9:31:40.387854461,T,KO,F I,74,66.51
2025-10-13,9:31:40.387860394,T,KO,F,100,66.51
2025-10-13,9:31:40.387860394,T,KO,F,158,66.51
2025-10-13,9:31:40.388005266,T,KO,,100,66.51
2025-10-13,9:31:40.388005266,T,KO,I,74,66.5
2025-10-13,9:31:40.388011201,T,KO,,100,66.5
2025-10-13,9:31:40.388011201,T,KO,,100,66.5
2025-10-13,9:31:40.388017384,T,KO,,158,66.5
2025-10-13,9:31:40.388023776,T,KO,I,79,66.5
2025-10-13,9:31:40.388029084,T,KO,I,68,66.5
2025-10-13,9:31:40.388029084,T,KO,I,74,66.5
2025-10-13,9:31:40.388029084,T,KO,,200,66.5
2025-10-13,9:31:40.388032520,T,KO,,111,66.5
2025-10-13,9:31:40.388043927,T,KO,F,149,66.51
2025-10-13,9:31:40.388302488,T,KO,,100,66.51
2025-10-13,9:31:40.546197217,T,KO,F,114,66.51
2025-10-13,9:31:40.546199632,T,KO,F I,95,66.51
2025-10-13,9:31:40.546202640,T,KO,F,100,66.51
2025-10-13,9:31:40.546202640,T,KO,F,116,66.51
2025-10-13,9:31:40.955161645,T,KO,,100,66.52
2025-10-13,9:31:40.955161645,T,KO,,100,66.52
2025-10-13,9:31:40.955180791,T,KO,I,1,66.52
2025-10-13,9:31:40.955180791,T,KO,I,44,66.52
2025-10-13,9:31:40.955194659,T,KO,F I,48,66.52
2025-10-13,9:31:41.139037612,T,KO,F I,81,66.54
2025-10-13,9:31:42.130893026,T,KO,,200,66.54
2025-10-13,9:31:42.132592040,T,KO,F,156,66.55
2025-10-13,9:31:42.132595389,T,KO,F I,1,66.55
2025-10-13,9:31:42.132595389,T,KO,F I,42,66.55
2025-10-13,9:31:42.133268669,T,KO,F I,1,66.55
2025-10-13,9:31:42.133268669,T,KO,F I,1,66.55
2025-10-13,9:31:43.133056881,T,KO,,100,66.55
2025-10-13,9:31:46.449902913,T,KO,F,100,66.54
2025-10-13,9:31:46.449950920,T,KO,,100,66.54
2025-10-13,9:31:49.849629569,T,KO,F I,56,66.53
2025-10-13,9:31:49.849635397,T,KO,F,144,66.53
2025-10-13,9:31:49.849635397,T,KO,F I,33,66.53
2025-10-13,9:31:49.849650260,T,KO,F I,67,66.53
2025-10-13,9:31:49.849650260,T,KO,F,100,66.53
2025-10-13,9:31:49.849683551,T,KO,F,200,66.52
2025-10-13,9:31:49.849686684,T,KO,F,200,66.52
2025-10-13,9:31:54.498025565,T,KO,F,100,66.5
2025-10-13,9:31:54.498311162,T,KO,F,200,66.49
2025-10-13,9:31:54.705513665,T,KO,I,97,66.5
2025-10-13,9:31:54.705531749,T,KO,F I,3,66.5
2025-10-13,9:31:55.114807263,T,KO,I,90,66.51
2025-10-13,9:31:55.114824631,T,KO,F I,10,66.51
2025-10-13,9:32:01.722236891,T,KO,F,100,66.49
2025-10-13,9:32:04.963753327,T,KO,,218,66.47
2025-10-13,9:32:04.963756395,T,KO,I,2,66.47
2025-10-13,9:32:04.964838944,T,KO,I,33,66.45
2025-10-13,9:32:04.964875227,T,KO,,100,66.45
2025-10-13,9:32:04.965094553,T,KO,,200,66.45
2025-10-13,9:32:05.188460810,T,KO,F I,25,66.45
2025-10-13,9:32:05.188460810,T,KO,F,100,66.45
2025-10-13,9:32:05.279770107,T,KO,F,100,66.45
2025-10-13,9:32:05.520499391,T,KO,F I,15,66.44
2025-10-13,9:32:05.520499391,T,KO,F,100,66.44
2025-10-13,9:32:06.668501914,T,KO,I,1,66.43
2025-10-13,9:32:06.668540762,T,KO,I,99,66.43
2025-10-13,9:32:06.821506129,T,KO,I,1,66.42
2025-10-13,9:32:06.821539178,T,KO,F I,99,66.42
2025-10-13,9:32:06.982242008,T,KO,F,100,66.42
2025-10-13,9:32:06.982329167,T,KO,F,100,66.42
2025-10-13,9:32:09.336898146,T,KO,,100,66.42
2025-10-13,9:32:09.336952983,T,KO,,100,66.42
2025-10-13,9:32:09.336952983,T,KO,I,75,66.41
2025-10-13,9:32:09.336976521,T,KO,I,86,66.41
2025-10-13,9:32:09.336979414,T,KO,,200,66.41
2025-10-13,9:32:09.336982379,T,KO,I,72,66.41
2025-10-13,9:32:09.336982379,T,KO,I,1,66.41
2025-10-13,9:32:09.337241038,T,KO,F,100,66.42
2025-10-13,9:32:09.337247907,T,KO,F,100,66.42
2025-10-13,9:32:09.337251158,T,KO,F,200,66.42
2025-10-13,9:32:09.337254059,T,KO,F,100,66.42
2025-10-13,9:32:09.337254059,T,KO,F I,75,66.42
2025-10-13,9:32:09.337652962,T,KO,,100,66.42
2025-10-13,9:32:10.230855333,T,KO,,100,66.43
2025-10-13,9:32:11.041667563,T,KO,F,100,66.44
2025-10-13,9:32:15.066513753,T,KO,,100,66.425
2025-10-13,9:32:15.356142606,T,KO,,100,66.43
2025-10-13,9:32:15.356142606,T,KO,,100,66.43
2025-10-13,9:32:15.356196635,T,KO,I,75,66.42
2025-10-13,9:32:15.356220735,T,KO,,100,66.42
2025-10-13,9:32:15.356225594,T,KO,,100,66.42
2025-10-13,9:32:15.356230656,T,KO,,100,66.42
2025-10-13,9:32:15.356230656,T,KO,I,86,66.42
2025-10-13,9:32:15.356230656,T,KO,I,1,66.42
2025-10-13,9:32:15.356473324,T,KO,F I,86,66.43
2025-10-13,9:32:15.356479394,T,KO,F,100,66.43
2025-10-13,9:32:15.356479394,T,KO,F,100,66.43
2025-10-13,9:32:15.356515477,T,KO,,200,66.43
2025-10-13,9:32:15.356515477,T,KO,,200,66.43
2025-10-13,9:32:15.356780036,T,KO,,100,66.43
2025-10-13,9:32:15.358268619,T,KO,F,100,66.43
2025-10-13,9:32:15.358271774,T,KO,F,100,66.43
2025-10-13,9:32:15.358271774,T,KO,F,100,66.43
2025-10-13,9:32:15.358274640,T,KO,F,100,66.43
2025-10-13,9:32:15.358295689,T,KO,F,100,66.43
2025-10-13,9:32:15.358299046,T,KO,F I,93,66.43
2025-10-13,9:32:15.358299046,T,KO,F,200,66.43
2025-10-13,9:32:21.134050153,T,KO,I,2,66.43
2025-10-13,9:32:21.134053083,T,KO,I,89,66.43
2025-10-13,9:32:21.134068769,T,KO,I,1,66.43
2025-10-13,9:32:21.134113583,T,KO,F I,10,66.43
2025-10-13,9:32:21.721006152,T,KO,F,100,66.44
2025-10-13,9:32:21.721009152,T,KO,F I,82,66.44
2025-10-13,9:32:28.620281473,T,KO,,100,66.46
2025-10-13,9:32:28.620856168,T,KO,I,27,66.46
2025-10-13,9:32:28.620856168,T,KO,,100,66.46
2025-10-13,9:32:28.620913020,T,KO,,100,66.45
2025-10-13,9:32:28.620913020,T,KO,,200,66.45
2025-10-13,9:32:28.620915926,T,KO,,200,66.45
2025-10-13,9:32:30.969037542,T,KO,I,65,66.44
2025-10-13,9:32:30.969085609,T,KO,F,135,66.44
2025-10-13,9:32:30.969091859,T,KO,F,100,66.44
2025-10-13,9:32:30.969094739,T,KO,F I,27,66.44
2025-10-13,9:32:33.094138925,T,KO,F I,18,66.45
2025-10-13,9:32:35.297835649,T,KO,F I,67,66.48
2025-10-13,9:32:36.341287845,T,KO,I,78,66.5
2025-10-13,9:32:36.344694943,T,KO,F,182,66.49
2025-10-13,9:32:36.345278335,T,KO,I,61,66.48
2025-10-13,9:32:36.345302419,T,KO,I,1,66.48
2025-10-13,9:32:36.345311477,T,KO,F I,11,66.48
2025-10-13,9:32:36.345381188,T,KO,I,73,66.48
2025-10-13,9:32:36.620731369,T,KO,F,182,66.48
2025-10-13,9:32:36.971562044,T,KO,F I,73,66.5
2025-10-13,9:32:36.972091245,T,KO,,100,66.5
2025-10-13,9:32:36.972094446,T,KO,I,73,66.49
2025-10-13,9:32:36.972097228,T,KO,I,81,66.49
2025-10-13,9:32:36.972097228,T,KO,I,82,66.49
2025-10-13,9:32:36.972115889,T,KO,I,1,66.49
2025-10-13,9:32:36.972548292,T,KO,F I,27,66.5
2025-10-13,9:32:37.685790052,T,KO,F I,73,66.5
2025-10-13,9:32:39.566036322,T,KO,,146,66.52
2025-10-13,9:32:39.568081562,T,KO,I,69,66.53
2025-10-13,9:32:39.568081562,T,KO,I,31,66.53
2025-10-13,9:32:39.568084192,T,KO,,100,66.53
2025-10-13,9:32:39.794719060,T,KO,I,15,66.54
2025-10-13,9:32:39.794719060,T,KO,I,83,66.54
2025-10-13,9:32:39.794719060,T,KO,I,83,66.54
2025-10-13,9:32:39.794830261,T,KO,I,4,66.53
2025-10-13,9:32:39.794917453,T,KO,I,12,66.53
2025-10-13,9:32:39.796312828,T,KO,I,11,66.55
2025-10-13,9:32:39.797148822,T,KO,F I,19,66.55
2025-10-13,9:32:39.797650978,T,KO,F I,27,66.55
2025-10-13,9:32:39.797855491,T,KO,I,27,66.55
2025-10-13,9:32:39.797855491,T,KO,I,3,66.55
2025-10-13,9:32:39.797903601,T,KO,F,100,66.55
2025-10-13,9:32:39.798390804,T,KO,F I,25,66.55
2025-10-13,9:32:41.154254156,T,KO,F,223,66.57
2025-10-13,9:32:41.154275633,T,KO,I,1,66.57
2025-10-13,9:32:41.154284244,T,KO,,234,66.57
2025-10-13,9:32:41.154284244,T,KO,I,1,66.57
2025-10-13,9:32:41.154320303,T,KO,I,44,66.56
2025-10-13,9:32:41.154374972,T,KO,F I,44,66.57
2025-10-13,9:32:41.154398637,T,KO,F I,56,66.57
2025-10-13,9:32:41.161660773,T,KO,F I,1,66.58
2025-10-13,9:32:41.162250690,T,KO,F I,25,66.58
2025-10-13,9:32:41.162256217,T,KO,F,200,66.58
2025-10-13,9:32:41.163696576,T,KO,I,27,66.58
2025-10-13,9:32:41.164857375,T,KO,F I,27,66.58
2025-10-13,9:32:41.166246746,T,KO,I,5,66.58
2025-10-13,9:32:41.166273778,T,KO,I,95,66.58
2025-10-13,9:32:41.166273778,T,KO,,100,66.58
2025-10-13,9:32:41.166677078,T,KO,F I,27,66.58
2025-10-13,9:32:41.166677078,T,KO,F,100,66.58
2025-10-13,9:32:41.166679889,T,KO,F I,82,66.58
2025-10-13,9:32:41.166700807,T,KO,I,1,66.58
2025-10-13,9:32:41.166706772,T,KO,F I,17,66.58
2025-10-13,9:32:41.191425930,T,KO,I,27,66.58
2025-10-13,9:32:41.191425930,T,KO,I,3,66.58
2025-10-13,9:32:41.191428720,T,KO,,100,66.58
2025-10-13,9:32:41.191464704,T,KO,I,60,66.59
2025-10-13,9:32:41.191533872,T,KO,F,182,66.58
2025-10-13,9:32:41.743952591,T,KO,,182,66.58
2025-10-13,9:32:44.507285206,T,KO,I,20,66.59
2025-10-13,9:32:44.507579917,T,KO,F I,5,66.6
2025-10-13,9:32:45.115643389,T,KO,,100,66.6
2025-10-13,9:32:45.115662004,T,KO,I,1,66.6
2025-10-13,9:32:45.115685280,T,KO,F,200,66.6
2025-10-13,9:32:45.115877731,T,KO,F,100,66.6
2025-10-13,9:32:45.116434124,T,KO,F,100,66.6
2025-10-13,9:32:45.116434124,T,KO,F I,10,66.6
2025-10-13,9:32:45.116452174,T,KO,F I,90,66.6
2025-10-13,9:32:45.116812947,T,KO,F I,74,66.61
2025-10-13,9:32:45.117137736,T,KO,F,100,66.61
2025-10-13,9:32:45.131442794,T,KO,F,200,66.6
2025-10-13,9:32:45.131445892,T,KO,F I,74,66.6
2025-10-13,9:32:46.427535854,T,KO,I,63,66.61
2025-10-13,9:32:47.318073856,T,KO,F,100,66.61
2025-10-13,9:32:47.318076905,T,KO,F,100,66.6
2025-10-13,9:32:47.318092484,T,KO,I,1,66.6
2025-10-13,9:32:47.318095342,T,KO,I,99,66.6
2025-10-13,9:32:47.318097988,T,KO,I,25,66.6
2025-10-13,9:32:47.318209513,T,KO,I,67,66.6
2025-10-13,9:32:47.318212234,T,KO,,200,66.6
2025-10-13,9:32:47.318212234,T,KO,I,33,66.6
2025-10-13,9:32:47.318576106,T,KO,,200,66.6
2025-10-13,9:32:47.318612156,T,KO,I,1,66.6
2025-10-13,9:32:47.319213607,T,KO,F,100,66.6
2025-10-13,9:32:47.319213607,T,KO,F,187,66.6
2025-10-13,9:32:47.319234645,T,KO,I,1,66.6
2025-10-13,9:32:47.867268915,T,KO,F I,12,66.6
2025-10-13,9:32:47.867271999,T,KO,F I,50,66.6
2025-10-13,9:32:47.867665908,T,KO,I,29,66.6
2025-10-13,9:32:47.867717030,T,KO,F I,29,66.6
2025-10-13,9:32:49.156613874,T,KO,I,19,66.6
2025-10-13,9:32:50.930385565,T,KO,F,100,66.6
2025-10-13,9:32:51.085458955,T,KO,,100,66.61
2025-10-13,9:32:51.085477997,T,KO,I,1,66.61
2025-10-13,9:32:51.085480294,T,KO,I,52,66.61
2025-10-13,9:32:52.326403539,T,KO,I,22,66.64
2025-10-13,9:32:54.594694030,T,KO,I,4,66.62
2025-10-13,9:32:55.341982834,T,KO,I,8,66.62
2025-10-13,9:32:57.057343778,T,KO,F I,88,66.62
2025-10-13,9:32:58.276206562,T,KO,,125,66.63
2025-10-13,9:32:58.276209566,T,KO,I,75,66.63
2025-10-13,9:32:58.276221539,T,KO,I,16,66.63
2025-10-13,9:32:58.794118011,T,KO,,100,66.635
2025-10-13,9:32:59.806882859,T,KO,F I,2,66.65
2025-10-13,9:32:59.806885224,T,KO,F,158,66.65
2025-10-13,9:32:59.807324321,T,KO,F,200,66.66
2025-10-13,9:32:59.807324321,T,KO,F,170,66.66
2025-10-13,9:32:59.807327280,T,KO,F,200,66.66
2025-10-13,9:32:59.808043014,T,KO,F,109,66.66
2025-10-13,9:33:00.841099454,T,KO,F I,33,66.66
2025-10-13,9:33:00.841141601,T,KO,F I,19,66.66
2025-10-13,9:33:00.841153576,T,KO,,197,66.65
2025-10-13,9:33:00.841177633,T,KO,F I,19,66.66
2025-10-13,9:33:00.841183720,T,KO,F I,19,66.66
2025-10-13,9:33:00.841210677,T,KO,,100,66.66
2025-10-13,9:33:00.841210677,T,KO,I,97,66.65
2025-10-13,9:33:02.957654899,T,KO,,197,66.66
2025-10-13,9:33:02.957654899,T,KO,,103,66.66
2025-10-13,9:33:02.957669549,T,KO,I,1,66.66
2025-10-13,9:33:02.957681686,T,KO,I,41,66.66
2025-10-13,9:33:03.771443892,T,KO,F I,5,66.64
2025-10-13,9:33:03.771443892,T,KO,F I,38,66.64
2025-10-13,9:33:03.772694971,T,KO,F,100,66.64
2025-10-13,9:33:03.772694971,T,KO,F,200,66.64
2025-10-13,9:33:05.449115637,T,KO,,100,66.64
2025-10-13,9:33:05.449118637,T,KO,,100,66.64
2025-10-13,9:33:05.449622157,T,KO,F I,23,66.65
2025-10-13,9:33:05.449622157,T,KO,F,100,66.65
2025-10-13,9:33:05.449853199,T,KO,I,29,66.64
2025-10-13,9:33:05.449855485,T,KO,I,76,66.64
2025-10-13,9:33:05.449862169,T,KO,,200,66.64
2025-10-13,9:33:05.449862169,T,KO,,200,66.64
2025-10-13,9:33:05.449879455,T,KO,,100,66.64
2025-10-13,9:33:05.449912781,T,KO,I,29,66.64
2025-10-13,9:33:05.449915511,T,KO,I,71,66.64
2025-10-13,9:33:05.449960912,T,KO,F I,29,66.64
2025-10-13,9:33:05.450150280,T,KO,,100,66.65
2025-10-13,9:33:05.450150280,T,KO,,200,66.65
2025-10-13,9:33:05.450153170,T,KO,,100,66.65
2025-10-13,9:33:05.450174116,T,KO,F,100,66.65
2025-10-13,9:33:08.738461014,T,KO,F I,76,66.66
2025-10-13,9:33:08.738488244,T,KO,F,376,66.67
2025-10-13,9:33:08.738491090,T,KO,F,200,66.67
2025-10-13,9:33:08.738494705,T,KO,F,200,66.67
2025-10-13,9:33:08.738518113,T,KO,I,76,66.66
2025-10-13,9:33:08.738749772,T,KO,F I,76,66.67
2025-10-13,9:33:08.738749772,T,KO,F,100,66.67
2025-10-13,9:33:08.739056462,T,KO,F,100,66.67
2025-10-13,9:33:08.762322857,T,KO,I,2,66.68
2025-10-13,9:33:08.762344232,T,KO,I,1,66.68
2025-10-13,9:33:09.826148642,T,KO,,100,66.675
2025-10-13,9:33:11.352178271,T,KO,,100,66.66
2025-10-13,9:33:17.561691833,T,KO,F I,1,66.68
2025-10-13,9:33:17.561944541,T,KO,F,145,66.69
2025-10-13,9:33:17.561944541,T,KO,F,200,66.69
2025-10-13,9:33:17.561947530,T,KO,F I,30,66.69
2025-10-13,9:33:17.562254172,T,KO,F,100,66.69
2025-10-13,9:33:17.562332856,T,KO,F I,70,66.68
2025-10-13,9:33:17.562335377,T,KO,F I,77,66.68
2025-10-13,9:33:17.562372066,T,KO,F,100,66.69
2025-10-13,9:33:17.562398461,T,KO,F I,77,66.69
2025-10-13,9:33:17.562485747,T,KO,F I,99,66.69
2025-10-13,9:33:17.589463402,T,KO,,100,66.69
2025-10-13,9:33:17.590942637,T,KO,I,54,66.7
2025-10-13,9:33:17.590975616,T,KO,F I,46,66.7
2025-10-13,9:33:17.590978608,T,KO,F,100,66.7
2025-10-13,9:33:17.792106650,T,KO,F I,93,66.69
2025-10-13,9:33:17.792804289,T,KO,F I,23,66.7
2025-10-13,9:33:17.792843403,T,KO,F,100,66.7
2025-10-13,9:33:21.374412807,T,KO,F I,70,66.71
2025-10-13,9:33:21.374416019,T,KO,F I,77,66.71
2025-10-13,9:33:22.917153326,T,KO,F,200,66.7
2025-10-13,9:33:22.995177096,T,KO,F I,40,66.69
2025-10-13,9:33:22.995198522,T,KO,I,59,66.69
2025-10-13,9:33:22.995198522,T,KO,I,1,66.69
2025-10-13,9:33:26.928310996,T,KO,F,100,66.66
2025-10-13,9:33:27.460151839,T,KO,F,100,66.67
2025-10-13,9:33:28.108441900,T,KO,I,51,66.67
2025-10-13,9:33:28.109572653,T,KO,F,100,66.67
2025-10-13,9:33:28.109575898,T,KO,F,100,66.67
2025-10-13,9:33:28.109579350,T,KO,F I,45,66.67
2025-10-13,9:33:28.109579350,T,KO,F,100,66.67
2025-10-13,9:33:29.134197013,T,KO,F I,45,66.67
2025-10-13,9:33:29.134197013,T,KO,F I,4,66.67
2025-10-13,9:33:30.058473317,T,KO,I,77,66.66
2025-10-13,9:33:30.058473317,T,KO,,100,66.66
2025-10-13,9:33:30.059146675,T,KO,F,100,66.66
2025-10-13,9:33:32.278805175,T,KO,F I,6,66.66
2025-10-13,9:33:33.023465468,T,KO,F,100,66.67
2025-10-13,9:33:33.023465468,T,KO,F I,8,66.67
2025-10-13,9:33:36.895298166,T,KO,,200,66.675
2025-10-13,9:33:40.414081051,T,KO,,134,66.69
2025-10-13,9:33:40.414102009,T,KO,I,1,66.69
2025-10-13,9:33:40.414105862,T,KO,I,65,66.69
2025-10-13,9:33:40.414105862,T,KO,I,1,66.69
2025-10-13,9:33:40.414111048,T,KO,F I,99,66.69
2025-10-13,9:33:40.414177235,T,KO,F,100,66.69
2025-10-13,9:33:40.416769375,T,KO,F I,48,66.67
2025-10-13,9:33:40.416778475,T,KO,F,152,66.67
2025-10-13,9:33:40.416781447,T,KO,F,200,66.67
2025-10-13,9:33:40.755628530,T,KO,,100,66.665
2025-10-13,9:33:41.226919982,T,KO,,100,66.665
2025-10-13,9:33:41.229689691,T,KO,I,1,66.67
2025-10-13,9:33:41.230245959,T,KO,F,100,66.67
2025-10-13,9:33:41.231271395,T,KO,I,3,66.67
2025-10-13,9:33:41.231334502,T,KO,F,100,66.67
2025-10-13,9:33:41.231536442,T,KO,,100,66.67
2025-10-13,9:33:41.231536442,T,KO,I,30,66.67
2025-10-13,9:33:41.231542002,T,KO,I,1,66.67
2025-10-13,9:33:41.231584137,T,KO,F,100,66.67
2025-10-13,9:33:41.231587125,T,KO,F I,30,66.67
2025-10-13,9:33:44.423500442,T,KO,F,100,66.66
2025-10-13,9:33:44.423505700,T,KO,F,200,66.66
2025-10-13,9:33:44.423509447,T,KO,F,200,66.66
2025-10-13,9:33:44.423509447,T,KO,F,100,66.66
2025-10-13,9:33:44.423513413,T,KO,F I,53,66.66
2025-10-13,9:33:44.439357218,T,KO,,100,66.66
2025-10-13,9:33:44.439387310,T,KO,F,200,66.66
2025-10-13,9:33:49.209263955,T,KO,F I,5,66.66
2025-10-13,9:33:51.921495853,T,KO,F,200,66.66
2025-10-13,9:33:51.921501922,T,KO,F,100,66.66
2025-10-13,9:33:51.922404053,T,KO,,100,66.67
2025-10-13,9:33:51.925131511,T,KO,F,100,66.67
2025-10-13,9:33:51.925131511,T,KO,F I,72,66.67
2025-10-13,9:33:53.716771700,T,KO,I,5,66.67
2025-10-13,9:33:57.012654676,T,KO,,232,66.69
2025-10-13,9:33:57.013454594,T,KO,I,95,66.69
2025-10-13,9:33:57.015535603,T,KO,F,100,66.69
2025-10-13,9:33:57.015538786,T,KO,F I,31,66.69
2025-10-13,9:33:57.015538786,T,KO,F I,72,66.69
2025-10-13,9:33:57.016103816,T,KO,,100,66.69
2025-10-13,9:33:57.016542873,T,KO,I,6,66.69
2025-10-13,9:33:57.016548891,T,KO,F I,94,66.69
2025-10-13,9:33:57.016573468,T,KO,I,31,66.69
2025-10-13,9:33:57.016636133,T,KO,F I,31,66.69
2025-10-13,9:33:57.016774420,T,KO,I,19,66.69
2025-10-13,9:33:57.017763838,T,KO,I,10,66.69
2025-10-13,9:33:57.086589006,T,KO,F,100,66.68
2025-10-13,9:33:57.086589006,T,KO,F I,72,66.68
2025-10-13,9:33:57.086592018,T,KO,F,100,66.68
2025-10-13,9:33:57.086592018,T,KO,F I,60,66.68
2025-10-13,9:33:57.086594787,T,KO,F,126,66.68
2025-10-13,9:34:00.996835006,T,KO,,100,66.69
2025-10-13,9:34:00.996838224,T,KO,I,90,66.69
2025-10-13,9:34:00.996838224,T,KO,I,49,66.69
2025-10-13,9:34:00.996841009,T,KO,I,61,66.69
2025-10-13,9:34:00.996853016,T,KO,I,1,66.69
2025-10-13,9:34:00.996865441,T,KO,F I,83,66.69
2025-10-13,9:34:00.996868274,T,KO,F I,1,66.69
2025-10-13,9:34:00.996871026,T,KO,F I,1,66.69
2025-10-13,9:34:00.996871026,T,KO,F I,80,66.69
2025-10-13,9:34:01.012992947,T,KO,,100,66.71
2025-10-13,9:34:01.013013515,T,KO,I,2,66.71
2025-10-13,9:34:01.013070682,T,KO,F I,31,66.71
2025-10-13,9:34:01.013097795,T,KO,F,100,66.71
2025-10-13,9:34:01.013097795,T,KO,F,100,66.71
2025-10-13,9:34:01.013100822,T,KO,F,200,66.71
2025-10-13,9:34:01.013245877,T,KO,F,100,66.71
2025-10-13,9:34:01.013245877,T,KO,F I,31,66.71
2025-10-13,9:34:01.013251115,T,KO,F I,62,66.71
2025-10-13,9:34:01.013251115,T,KO,F I,3,66.71
2025-10-13,9:34:01.013446508,T,KO,F,100,66.71
2025-10-13,9:34:01.013449836,T,KO,F I,53,66.71
2025-10-13,9:34:01.013717234,T,KO,I,22,66.71
2025-10-13,9:34:01.013828465,T,KO,I,78,66.71
2025-10-13,9:34:01.013831916,T,KO,,100,66.71
2025-10-13,9:34:01.013831916,T,KO,I,38,66.71
2025-10-13,9:34:01.013834417,T,KO,,100,66.71
2025-10-13,9:34:01.014117117,T,KO,I,22,66.71
2025-10-13,9:34:01.715152803,T,KO,,100,66.705
2025-10-13,9:34:02.368293393,T,KO,F,100,66.7
2025-10-13,9:34:06.651094103,T,KO,F I,1,66.67
2025-10-13,9:34:06.651118264,T,KO,I,1,66.67
2025-10-13,9:34:08.605875853,T,KO,F I,7,66.67
2025-10-13,9:34:09.462968250,T,KO,,100,66.67
2025-10-13,9:34:18.864494232,T,KO,F I,53,66.69
2025-10-13,9:34:18.864506563,T,KO,F I,53,66.69
2025-10-13,9:34:18.864513226,T,KO,F I,53,66.69
2025-10-13,9:34:18.864513226,T,KO,F I,53,66.69
2025-10-13,9:34:18.864518318,T,KO,F I,41,66.69
2025-10-13,9:34:20.327705027,T,KO,F I,53,66.7
2025-10-13,9:34:20.328772296,T,KO,F,100,66.71
2025-10-13,9:34:20.328988881,T,KO,F,100,66.71
2025-10-13,9:34:20.329156837,T,KO,F,100,66.71
2025-10-13,9:34:20.329156837,T,KO,F I,37,66.71
2025-10-13,9:34:20.329159888,T,KO,F I,32,66.71
2025-10-13,9:34:20.329192973,T,KO,F I,1,66.71
2025-10-13,9:34:20.329199519,T,KO,F,199,66.71
2025-10-13,9:34:20.329201914,T,KO,F I,4,66.71
2025-10-13,9:34:20.329686090,T,KO,F,200,66.71
2025-10-13,9:34:20.329869614,T,KO,I,29,66.71
2025-10-13,9:34:20.329875525,T,KO,I,71,66.71
2025-10-13,9:34:20.360320086,T,KO,F I,29,66.71
2025-10-13,9:34:20.360323048,T,KO,F I,1,66.71
2025-10-13,9:34:20.360858320,T,KO,I,27,66.71
2025-10-13,9:34:20.546469395,T,KO,I,24,66.71
2025-10-13,9:34:20.546872348,T,KO,I,49,66.71
2025-10-13,9:34:20.681205925,T,KO,,200,66.71
2025-10-13,9:34:22.588675303,T,KO,F I,23,66.74
2025-10-13,9:34:22.662119235,T,KO,F,200,66.75
2025-10-13,9:34:22.662140266,T,KO,,100,66.75
2025-10-13,9:34:36.631038126,T,KO,F I,15,66.76
2025-10-13,9:34:36.641665248,T,KO,,200,66.77
2025-10-13,9:34:36.674626656,T,KO,,100,66.77
2025-10-13,9:34:36.674852497,T,KO,F,100,66.77
2025-10-13,9:34:36.674852497,T,KO,F I,32,66.77
2025-10-13,9:34:36.674876334,T,KO,I,1,66.77
2025-10-13,9:34:39.037026408,T,KO,I,13,66.77
2025-10-13,9:34:39.037044457,T,KO,I,5,66.77
2025-10-13,9:34:39.037044457,T,KO,I,3,66.77
2025-10-13,9:34:39.037047446,T,KO,I,1,66.77
2025-10-13,9:34:39.040036683,T,KO,F,200,66.78
2025-10-13,9:34:39.040229786,T,KO,I,61,66.78
2025-10-13,9:34:39.040231962,T,KO,I,39,66.78
2025-10-13,9:34:39.040427515,T,KO,I,5,66.78
2025-10-13,9:34:39.040890748,T,KO,I,48,66.78
2025-10-13,9:34:39.040911674,T,KO,F I,52,66.78
2025-10-13,9:34:39.063221933,T,KO,I,78,66.79
2025-10-13,9:34:39.063221933,T,KO,I,22,66.79
2025-10-13,9:34:39.063243120,T,KO,I,1,66.79
2025-10-13,9:34:39.063245869,T,KO,F I,77,66.79
2025-10-13,9:34:39.063480380,T,KO,F,200,66.79
2025-10-13,9:34:39.063504551,T,KO,I,1,66.79
2025-10-13,9:34:39.063543544,T,KO,I,19,66.79
2025-10-13,9:34:39.063546668,T,KO,I,22,66.79
2025-10-13,9:34:39.063546668,T,KO,I,1,66.79
2025-10-13,9:34:39.063589295,T,KO,F,100,66.79
2025-10-13,9:34:39.063591617,T,KO,F I,38,66.79
2025-10-13,9:34:39.063660839,T,KO,I,3,66.79
2025-10-13,9:34:39.063690853,T,KO,I,41,66.79
2025-10-13,9:34:39.063925438,T,KO,I,66,66.79
2025-10-13,9:34:39.063928483,T,KO,I,32,66.79
2025-10-13,9:34:39.063928483,T,KO,I,2,66.79
2025-10-13,9:34:39.653278095,T,KO,,100,66.79
2025-10-13,9:34:39.653281179,T,KO,I,97,66.79
2025-10-13,9:34:39.895983302,T,KO,F,500,66.78
2025-10-13,9:34:39.895986231,T,KO,F I,17,66.78
2025-10-13,9:34:39.896007197,T,KO,I,1,66.78
2025-10-13,9:34:39.896031269,T,KO,I,82,66.78
2025-10-13,9:34:39.896031269,T,KO,I,81,66.78
2025-10-13,9:34:39.896037376,T,KO,I,1,66.78
2025-10-13,9:34:39.896632733,T,KO,F I,52,66.78
2025-10-13,9:34:40.241289611,T,KO,I,28,66.79
2025-10-13,9:34:41.884352364,T,KO,I,9,66.8
2025-10-13,9:34:41.885181965,T,KO,F,210,66.79
2025-10-13,9:34:44.625669140,T,KO,I,64,66.79
2025-10-13,9:34:44.625687202,T,KO,I,6,66.79
2025-10-13,9:34:44.626189412,T,KO,,100,66.79
2025-10-13,9:34:44.626207441,T,KO,I,1,66.79
2025-10-13,9:34:45.959974192,T,KO,I,39,66.79
2025-10-13,9:34:46.005962624,T,KO,,200,66.79
2025-10-13,9:34:46.855185261,T,KO,I,67,66.795
2025-10-13,9:34:51.824024818,T,KO,,200,66.8
2025-10-13,9:34:54.232271722,T,KO,F,300,66.79
2025-10-13,9:34:54.232290019,T,KO,I,1,66.79
2025-10-13,9:34:54.232296091,T,KO,I,99,66.79
2025-10-13,9:34:54.233291156,T,KO,,100,66.78
2025-10-13,9:34:54.233315414,T,KO,,100,66.78
2025-10-13,9:34:54.233651955,T,KO,F I,77,66.78
2025-10-13,9:34:54.233673203,T,KO,F I,23,66.78
2025-10-13,9:34:54.233673203,T,KO,F I,73,66.78
2025-10-13,9:34:54.233676045,T,KO,I,1,66.78
2025-10-13,9:34:54.233682015,T,KO,F I,23,66.78
2025-10-13,9:34:54.233682015,T,KO,F I,3,66.78
2025-10-13,9:34:54.233685180,T,KO,F I,20,66.78
2025-10-13,9:34:54.233685180,T,KO,F I,23,66.78
2025-10-13,9:34:54.233691013,T,KO,F I,23,66.78
2025-10-13,9:34:54.233694069,T,KO,F I,23,66.78
2025-10-13,9:34:54.233697692,T,KO,F I,31,66.78
2025-10-13,9:34:54.233700658,T,KO,F I,92,66.78
2025-10-13,9:34:54.233703436,T,KO,F,100,66.78
2025-10-13,9:34:54.233703436,T,KO,F I,23,66.78
2025-10-13,9:34:54.233706165,T,KO,F I,27,66.78
2025-10-13,9:34:54.233706165,T,KO,F I,26,66.78
2025-10-13,9:34:54.233748177,T,KO,F,100,66.78
2025-10-13,9:34:56.870942687,T,KO,I,17,66.78
2025-10-13,9:34:56.870963601,T,KO,I,83,66.78
2025-10-13,9:34:56.870967469,T,KO,,200,66.78
2025-10-13,9:34:56.870967469,T,KO,,200,66.78
2025-10-13,9:34:56.870969426,T,KO,I,1,66.78
2025-10-13,9:34:56.871231049,T,KO,F I,99,66.78
2025-10-13,9:34:56.871234097,T,KO,F,100,66.78
2025-10-13,9:34:56.871280071,T,KO,F I,12,66.78
2025-10-13,9:34:57.757270330,T,KO,,100,66.79
2025-10-13,9:35:01.487146940,T,KO,I,31,66.8
2025-10-13,9:35:01.487264303,T,KO,I,9,66.8
2025-10-13,9:35:10.923742710,T,KO,F,100,66.77
2025-10-13,9:35:10.923742710,T,KO,F,200,66.77
2025-10-13,9:35:13.048116322,T,KO,,200,66.76
2025-10-13,9:35:13.194408735,T,KO,,200,66.76
2025-10-13,9:35:26.802491856,T,KO,F,100,66.74
2025-10-13,9:35:26.802494747,T,KO,F,100,66.74
2025-10-13,9:35:26.802497909,T,KO,F I,13,66.74
2025-10-13,9:35:26.802564329,T,KO,I,87,66.74
2025-10-13,9:35:33.190272919,T,KO,F I,65,66.7
2025-10-13,9:35:33.196834565,T,KO,,200,66.68
2025-10-13,9:35:33.198524618,T,KO,,200,66.675
2025-10-13,9:35:33.198557663,T,KO,I,3,66.67
2025-10-13,9:35:33.199029772,T,KO,,100,66.67
2025-10-13,9:35:33.199387684,T,KO,I,97,66.67
2025-10-13,9:35:33.199652337,T,KO,F I,1,66.67
2025-10-13,9:35:35.322260809,T,KO,I,1,66.68
2025-10-13,9:35:40.654293658,T,KO,I,76,66.67
2025-10-13,9:35:41.959071275,T,KO,I,5,66.64
2025-10-13,9:35:44.383436478,T,KO,F I,81,66.62
2025-10-13,9:35:48.329194379,T,KO,F,100,66.63
2025-10-13,9:35:48.329829093,T,KO,F,100,66.64
2025-10-13,9:35:48.329829093,T,KO,F I,54,66.64
2025-10-13,9:35:48.329831891,T,KO,F,100,66.64
2025-10-13,9:35:48.329855932,T,KO,,100,66.64
2025-10-13,9:35:52.150909734,T,KO,F I,1,66.63
2025-10-13,9:35:52.150909734,T,KO,F I,76,66.63
2025-10-13,9:35:57.261260226,T,KO,I,24,66.63
2025-10-13,9:35:58.334732970,T,KO,F I,20,66.63
2025-10-13,9:35:58.334745006,T,KO,F,100,66.63
2025-10-13,9:35:58.335313296,T,KO,F I,11,66.63
2025-10-13,9:35:58.335340895,T,KO,I,77,66.63
2025-10-13,9:35:58.335340895,T,KO,I,48,66.63
2025-10-13,9:35:58.335343655,T,KO,I,80,66.63
2025-10-13,9:35:59.435384374,T,KO,,200,66.625
2025-10-13,9:35:59.566418482,T,KO,F,100,66.625
2025-10-13,9:35:59.566418482,T,KO,F I,48,66.63
2025-10-13,9:35:59.566421520,T,KO,F I,63,66.63
2025-10-13,9:35:59.566430795,T,KO,F I,12,66.63
2025-10-13,9:35:59.566430795,T,KO,F I,11,66.63
2025-10-13,9:35:59.566436631,T,KO,F I,66,66.63
2025-10-13,9:35:59.566436631,T,KO,F I,11,66.63
2025-10-13,9:35:59.749518599,T,KO,,200,66.635
2025-10-13,9:36:00.076724963,T,KO,I,87,66.635
2025-10-13,9:36:00.076758036,T,KO,I,13,66.635
2025-10-13,9:36:01.559289348,T,KO,I,25,66.62
2025-10-13,9:36:01.559292034,T,KO,,135,66.62
2025-10-13,9:36:01.815330927,T,KO,F I,51,66.62
2025-10-13,9:36:01.815336855,T,KO,F I,5,66.62
2025-10-13,9:36:01.816263017,T,KO,F,100,66.61
2025-10-13,9:36:02.847178510,T,KO,F,200,66.61
2025-10-13,9:36:03.549284649,T,KO,,200,66.615
2025-10-13,9:36:09.130858030,T,KO,F,100,66.62
2025-10-13,9:36:17.013273550,T,KO,F,100,66.61
2025-10-13,9:36:18.509992338,T,KO,F I,1,66.6
2025-10-13,9:36:19.611573108,T,KO,F I,1,66.58
2025-10-13,9:36:22.299759761,T,KO,F I,77,66.57
2025-10-13,9:36:22.392858521,T,KO,F I,12,66.57
2025-10-13,9:36:22.708772936,T,KO,,100,66.575
2025-10-13,9:36:23.313507169,T,KO,,100,66.575
2025-10-13,9:36:23.352904081,T,KO,,100,66.575
2025-10-13,9:36:23.383808676,T,KO,,100,66.575
2025-10-13,9:36:23.961797242,T,KO,I,47,66.56
2025-10-13,9:36:24.083103521,T,KO,F I,99,66.57
2025-10-13,9:36:24.083106726,T,KO,F I,25,66.57
2025-10-13,9:36:24.083106726,T,KO,F I,20,66.57
2025-10-13,9:36:24.083109158,T,KO,F,200,66.57
2025-10-13,9:36:27.310567236,T,KO,I,5,66.575
2025-10-13,9:36:27.598527025,T,KO,,100,66.575
2025-10-13,9:36:28.585549886,T,KO,I,32,66.575
2025-10-13,9:36:29.497546998,T,KO,I,87,66.575
2025-10-13,9:36:32.888594723,T,KO,F I,83,66.56
2025-10-13,9:36:33.296561372,T,KO,F,100,66.57
2025-10-13,9:36:33.296561372,T,KO,F I,16,66.57
2025-10-13,9:36:33.296564259,T,KO,F I,21,66.57
2025-10-13,9:36:33.296582391,T,KO,,100,66.57
2025-10-13,9:36:33.296585789,T,KO,I,1,66.57
2025-10-13,9:36:33.296591391,T,KO,I,78,66.57
2025-10-13,9:36:35.159071357,T,KO,F,100,66.56
2025-10-13,9:36:37.024032149,T,KO,F I,52,66.56
2025-10-13,9:36:37.024032149,T,KO,F I,26,66.56
2025-10-13,9:36:37.024035487,T,KO,F,300,66.56
2025-10-13,9:36:37.024035487,T,KO,F,200,66.56
2025-10-13,9:36:37.264716403,T,KO,F I,1,66.55
2025-10-13,9:36:37.264725576,T,KO,I,1,66.55
2025-10-13,9:36:38.508638211,T,KO,I,7,66.55
2025-10-13,9:36:38.509459191,T,KO,F I,11,66.55
2025-10-13,9:36:39.393528762,T,KO,I,10,66.54
2025-10-13,9:36:39.393528762,T,KO,I,36,66.54
2025-10-13,9:36:39.777777972,T,KO,F I,18,66.55
2025-10-13,9:36:40.704176461,T,KO,F I,6,66.55
2025-10-13,9:36:41.960701089,T,KO,F,100,66.55
2025-10-13,9:36:42.599900673,T,KO,F,200,66.56
2025-10-13,9:36:42.599904320,T,KO,F I,1,66.56
2025-10-13,9:36:42.599904320,T,KO,F I,25,66.56
2025-10-13,9:36:42.599906575,T,KO,F I,20,66.56
2025-10-13,9:36:49.363418139,T,KO,F,100,66.55
2025-10-13,9:36:49.363418139,T,KO,F,100,66.55
2025-10-13,9:36:49.363423551,T,KO,F I,25,66.55
2025-10-13,9:36:49.363423551,T,KO,F I,2,66.55
2025-10-13,9:36:50.822925789,T,KO,,130,66.555
2025-10-13,9:36:51.768720437,T,KO,F,200,66.54
2025-10-13,9:36:51.768720437,T,KO,F I,27,66.54
2025-10-13,9:36:51.769189534,T,KO,F I,28,66.53
2025-10-13,9:36:54.371735280,T,KO,F I,77,66.53
2025-10-13,9:36:55.532809622,T,KO,F,100,66.53
2025-10-13,9:36:56.033944168,T,KO,F I,20,66.52
2025-10-13,9:36:56.033947209,T,KO,F I,77,66.52
2025-10-13,9:36:58.262811325,T,KO,F I,2,66.53
2025-10-13,9:36:59.364638588,T,KO,F I,17,66.52
2025-10-13,9:36:59.364638588,T,KO,F,104,66.52
2025-10-13,9:37:00.981192226,T,KO,F,200,66.51
2025-10-13,9:37:04.610680860,T,KO,F I,10,66.5
2025-10-13,9:37:04.610680860,T,KO,F I,48,66.5
2025-10-13,9:37:04.610684101,T,KO,F,150,66.5
2025-10-13,9:37:04.610684101,T,KO,F I,25,66.5
2025-10-13,9:37:04.664996250,T,KO,I,72,66.5
2025-10-13,9:37:04.664999183,T,KO,I,1,66.5
2025-10-13,9:37:06.377626388,T,KO,,200,66.52
2025-10-13,9:37:06.377626388,T,KO,I,55,66.52
2025-10-13,9:37:06.377626388,T,KO,I,24,66.52
2025-10-13,9:37:08.686315422,T,KO,F I,17,66.53
2025-10-13,9:37:08.686317881,T,KO,F,100,66.53
2025-10-13,9:37:08.686339402,T,KO,,100,66.53
2025-10-13,9:37:09.791452964,T,KO,,100,66.53
2025-10-13,9:37:11.664106418,T,KO,I,10,66.535
2025-10-13,9:37:11.665673749,T,KO,F I,72,66.53
2025-10-13,9:37:11.669035708,T,KO,I,71,66.53
2025-10-13,9:37:11.669035708,T,KO,I,33,66.53
2025-10-13,9:37:11.669326783,T,KO,I,61,66.53
2025-10-13,9:37:11.669357312,T,KO,F I,39,66.53
2025-10-13,9:37:11.669357312,T,KO,F,100,66.53
2025-10-13,9:37:11.669362890,T,KO,F I,69,66.53
2025-10-13,9:37:11.669362890,T,KO,F I,71,66.53
2025-10-13,9:37:11.669514676,T,KO,,100,66.53
2025-10-13,9:37:11.669514676,T,KO,I,69,66.53
2025-10-13,9:37:11.669519170,T,KO,I,69,66.53
2025-10-13,9:37:11.669519170,T,KO,,100,66.53
2025-10-13,9:37:11.669523073,T,KO,,200,66.53
2025-10-13,9:37:11.725695994,T,KO,I,66,66.53
2025-10-13,9:37:11.725695994,T,KO,I,22,66.53
2025-10-13,9:37:11.725724332,T,KO,F I,78,66.53
2025-10-13,9:37:11.725724332,T,KO,F I,69,66.53
2025-10-13,9:37:11.725726153,T,KO,F I,87,66.53
2025-10-13,9:37:12.443292126,T,KO,I,63,66.52
2025-10-13,9:37:12.443292126,T,KO,,200,66.52
2025-10-13,9:37:12.451423473,T,KO,I,69,66.52
2025-10-13,9:37:12.451427178,T,KO,I,86,66.52
2025-10-13,9:37:12.451429577,T,KO,I,7,66.52
2025-10-13,9:37:12.451465660,T,KO,I,25,66.53
2025-10-13,9:37:12.451465660,T,KO,,106,66.53
2025-10-13,9:37:12.599225547,T,KO,I,68,66.53
2025-10-13,9:37:12.599225547,T,KO,,100,66.53
2025-10-13,9:37:12.599697707,T,KO,I,69,66.53
2025-10-13,9:37:12.745039915,T,KO,,200,66.54
2025-10-13,9:37:12.745042855,T,KO,I,10,66.54
2025-10-13,9:37:12.755309313,T,KO,,200,66.55
2025-10-13,9:37:13.280937178,T,KO,I,19,66.56
2025-10-13,9:37:13.885915018,T,KO,I,69,66.56
2025-10-13,9:37:17.698187847,T,KO,F,200,66.54
2025-10-13,9:37:18.188885380,T,KO,F I,75,66.55
2025-10-13,9:37:18.188977859,T,KO,F,200,66.55
2025-10-13,9:37:18.188980803,T,KO,F,200,66.55
2025-10-13,9:37:18.188983936,T,KO,F I,11,66.55
2025-10-13,9:37:18.188986987,T,KO,F,200,66.55
2025-10-13,9:37:18.188986987,T,KO,F I,25,66.55
2025-10-13,9:37:18.189005399,T,KO,,100,66.55
2025-10-13,9:37:18.189007954,T,KO,I,1,66.55
2025-10-13,9:37:18.668127034,T,KO,F I,95,66.55
2025-10-13,9:37:18.668145117,T,KO,F I,1,66.55
2025-10-13,9:37:18.668151685,T,KO,F I,89,66.55
2025-10-13,9:37:18.668238289,T,KO,,100,66.55
2025-10-13,9:37:18.668241357,T,KO,I,47,66.55
2025-10-13,9:37:18.668289370,T,KO,I,22,66.55
2025-10-13,9:37:18.812690362,T,KO,I,69,66.55
2025-10-13,9:37:18.812693324,T,KO,I,31,66.55
2025-10-13,9:37:18.812718485,T,KO,F I,69,66.55
2025-10-13,9:37:18.812720983,T,KO,F I,47,66.55
2025-10-13,9:37:18.812723394,T,KO,F I,22,66.55
2025-10-13,9:37:18.812723394,T,KO,F,100,66.55
2025-10-13,9:37:19.213289534,T,KO,I,47,66.55
2025-10-13,9:37:19.213292695,T,KO,I,22,66.55
2025-10-13,9:37:19.213292695,T,KO,,200,66.55
2025-10-13,9:37:19.213295541,T,KO,,200,66.55
2025-10-13,9:37:19.724044071,T,KO,F,100,66.56
2025-10-13,9:37:19.724046954,T,KO,F I,38,66.56
2025-10-13,9:37:19.724062059,T,KO,I,1,66.56
2025-10-13,9:37:19.724062059,T,KO,I,61,66.56
2025-10-13,9:37:22.598289688,T,KO,,100,66.56
2025-10-13,9:37:28.289196993,T,KO,,100,66.545
2025-10-13,9:37:28.316631346,T,KO,,100,66.545
2025-10-13,9:37:28.571247806,T,KO,,100,66.54
2025-10-13,9:37:28.573918147,T,KO,,100,66.54
2025-10-13,9:37:28.588650241,T,KO,,100,66.54
2025-10-13,9:37:28.599984221,T,KO,,100,66.54
2025-10-13,9:37:29.636784641,T,KO,F,100,66.55
2025-10-13,9:37:37.414770829,T,KO,F,145,66.51
2025-10-13,9:37:45.415813307,T,KO,I,42,66.53
2025-10-13,9:37:45.415835058,T,KO,I,58,66.53
2025-10-13,9:37:45.415835058,T,KO,,100,66.53
2025-10-13,9:37:45.415837328,T,KO,I,41,66.53
2025-10-13,9:37:45.415888507,T,KO,I,39,66.53
2025-10-13,9:37:45.417471117,T,KO,F I,8,66.53
2025-10-13,9:37:45.417500301,T,KO,F I,92,66.53
2025-10-13,9:37:45.417500301,T,KO,F I,80,66.53
2025-10-13,9:37:49.545426086,T,KO,F,200,66.52
2025-10-13,9:37:53.865461251,T,KO,F I,38,66.48
2025-10-13,9:37:53.865512396,T,KO,I,22,66.48
2025-10-13,9:37:54.248709209,T,KO,F I,58,66.48
2025-10-13,9:37:54.248712129,T,KO,F I,4,66.48
2025-10-13,9:37:54.783499782,T,KO,I,80,66.49
2025-10-13,9:37:54.783520867,T,KO,,120,66.49
2025-10-13,9:37:54.783523949,T,KO,I,25,66.49
2025-10-13,9:37:54.783737431,T,KO,,100,66.485
2025-10-13,9:37:56.850033806,T,KO,F I,26,66.48
2025-10-13,9:37:57.271926657,T,KO,F I,10,66.46
2025-10-13,9:37:58.294397954,T,KO,F I,86,66.47
2025-10-13,9:37:58.308360175,T,KO,I,22,66.48
2025-10-13,9:37:58.308940518,T,KO,I,4,66.48
2025-10-13,9:37:58.309433696,T,KO,I,6,66.48
2025-10-13,9:38:00.487915330,T,KO,F I,13,66.48
2025-10-13,9:38:00.488240939,T,KO,I,84,66.48
2025-10-13,9:38:00.488240939,T,KO,I,34,66.48
2025-10-13,9:38:00.488243194,T,KO,,109,66.48
2025-10-13,9:38:00.488306352,T,KO,F I,13,66.48
2025-10-13,9:38:00.488327380,T,KO,F I,71,66.48
2025-10-13,9:38:02.002875612,T,KO,F I,10,66.45
2025-10-13,9:38:02.002879019,T,KO,F,100,66.45
2025-10-13,9:38:02.002879019,T,KO,F I,42,66.45
2025-10-13,9:38:03.449711634,T,KO,,100,66.455
2025-10-13,9:38:04.073956410,T,KO,,100,66.45
2025-10-13,9:38:04.952285399,T,KO,,100,66.45
2025-10-13,9:38:06.838116395,T,KO,I,86,66.46
2025-10-13,9:38:06.838119297,T,KO,I,61,66.46
2025-10-13,9:38:06.838122181,T,KO,I,39,66.46
2025-10-13,9:38:06.838122181,T,KO,I,56,66.46
2025-10-13,9:38:06.838125001,T,KO,,234,66.46
2025-10-13,9:38:06.838136949,T,KO,I,1,66.46
2025-10-13,9:38:06.838143042,T,KO,I,65,66.46
2025-10-13,9:38:07.039938686,T,KO,,100,66.46
2025-10-13,9:38:09.476137067,T,KO,,185,66.47
2025-10-13,9:38:09.476140632,T,KO,I,15,66.47
2025-10-13,9:38:09.476140632,T,KO,I,10,66.47
2025-10-13,9:38:09.562262206,T,KO,I,23,66.48
2025-10-13,9:38:09.770526310,T,KO,F,177,66.48
2025-10-13,9:38:09.771280995,T,KO,I,83,66.48
2025-10-13,9:38:09.771283952,T,KO,I,93,66.48
2025-10-13,9:38:09.771287009,T,KO,I,34,66.48
2025-10-13,9:38:09.771617788,T,KO,F I,61,66.48
2025-10-13,9:38:13.214403759,T,KO,F I,32,66.48
2025-10-13,9:38:13.214473478,T,KO,F,100,66.49
2025-10-13,9:38:13.214475846,T,KO,F,200,66.49
2025-10-13,9:38:13.214478849,T,KO,F,200,66.49
2025-10-13,9:38:13.214499844,T,KO,I,34,66.48
2025-10-13,9:38:13.905623926,T,KO,,157,66.5
2025-10-13,9:38:13.905623926,T,KO,I,43,66.5
2025-10-13,9:38:13.905627022,T,KO,,200,66.5
2025-10-13,9:38:13.905630035,T,KO,I,7,66.5
2025-10-13,9:38:14.032436024,T,KO,F I,68,66.5
2025-10-13,9:38:14.039572042,T,KO,I,92,66.5
2025-10-13,9:38:14.039572042,T,KO,,100,66.5
2025-10-13,9:38:14.039674261,T,KO,F,100,66.5
2025-10-13,9:38:14.039695332,T,KO,I,1,66.5
2025-10-13,9:38:14.039834146,T,KO,F I,91,66.5
2025-10-13,9:38:14.821413120,T,KO,I,7,66.5
2025-10-13,9:38:14.821434198,T,KO,I,27,66.5
2025-10-13,9:38:14.869449611,T,KO,I,66,66.5
2025-10-13,9:38:17.750184720,T,KO,,100,66.51
2025-10-13,9:38:22.599161782,T,KO,,100,66.51
2025-10-13,9:38:23.011558019,T,KO,F I,10,66.52
2025-10-13,9:38:29.512525757,T,KO,,100,66.55
2025-10-13,9:38:29.512541236,T,KO,I,1,66.55
2025-10-13,9:38:29.512543964,T,KO,I,1,66.55
2025-10-13,9:38:29.512567762,T,KO,I,8,66.55
2025-10-13,9:38:31.330223040,T,KO,F I,4,66.54
2025-10-13,9:38:32.125494083,T,KO,F I,18,66.54
2025-10-13,9:38:38.155167358,T,KO,F,100,66.54
2025-10-13,9:38:38.906302487,T,KO,F,100,66.54
2025-10-13,9:38:46.871929392,T,KO,F,100,66.53
2025-10-13,9:38:46.871932440,T,KO,F I,75,66.53
2025-10-13,9:38:47.620742937,T,KO,,100,66.51
2025-10-13,9:38:49.397145857,T,KO,F I,1,66.5
2025-10-13,9:38:50.820408727,T,KO,F I,10,66.5
2025-10-13,9:38:59.463227706,T,KO,F I,2,66.48
2025-10-13,9:38:59.463230866,T,KO,F,100,66.48
2025-10-13,9:38:59.463233814,T,KO,F I,58,66.48
2025-10-13,9:38:59.463251784,T,KO,F I,27,66.48
2025-10-13,9:38:59.485417545,T,KO,F,100,66.47
2025-10-13,9:38:59.585980141,T,KO,,100,66.46
2025-10-13,9:38:59.586001159,T,KO,I,13,66.46
2025-10-13,9:39:04.118122503,T,KO,F,100,66.47
2025-10-13,9:39:04.118125587,T,KO,F I,11,66.47
2025-10-13,9:39:04.118143628,T,KO,I,87,66.47
2025-10-13,9:39:04.118249480,T,KO,F,111,66.47
2025-10-13,9:39:04.118276081,T,KO,F I,2,66.47
2025-10-13,9:39:04.915288295,T,KO,I,11,66.48
2025-10-13,9:39:04.915291619,T,KO,I,75,66.48
2025-10-13,9:39:04.915291619,T,KO,I,25,66.48
2025-10-13,9:39:04.915294249,T,KO,,100,66.48
2025-10-13,9:39:07.601463018,T,KO,,200,66.48
2025-10-13,9:39:13.697804891,T,KO,I,6,66.5
2025-10-13,9:39:15.262554799,T,KO,I,10,66.51
2025-10-13,9:39:15.437682873,T,KO,F I,5,66.51
2025-10-13,9:39:17.005088140,T,KO,I,58,66.52
2025-10-13,9:39:17.806427586,T,KO,I,5,66.52
2025-10-13,9:39:18.066502053,T,KO,I,1,66.52
2025-10-13,9:39:19.765826213,T,KO,F I,86,66.5
2025-10-13,9:39:20.623338816,T,KO,,100,66.495
2025-10-13,9:39:20.663324995,T,KO,,100,66.495
2025-10-13,9:39:28.167620299,T,KO,,100,66.495
2025-10-13,9:39:28.167677446,T,KO,,100,66.49
2025-10-13,9:39:28.167908958,T,KO,F I,24,66.49
2025-10-13,9:39:28.168005206,T,KO,F I,66,66.49
2025-10-13,9:39:28.168029199,T,KO,F I,33,66.49
2025-10-13,9:39:28.168057582,T,KO,F I,67,66.49
2025-10-13,9:39:28.168212716,T,KO,,200,66.5
2025-10-13,9:39:28.168215728,T,KO,I,44,66.5
2025-10-13,9:39:28.168236781,T,KO,I,68,66.5
2025-10-13,9:39:28.168236781,T,KO,I,32,66.5
2025-10-13,9:39:29.786974121,T,KO,F,400,66.52
2025-10-13,9:39:29.786974121,T,KO,F I,36,66.52
2025-10-13,9:39:32.013840945,T,KO,F I,7,66.53
2025-10-13,9:39:32.013871039,T,KO,F I,93,66.53
2025-10-13,9:39:32.013895051,T,KO,,100,66.53
2025-10-13,9:39:32.013955275,T,KO,,100,66.53
2025-10-13,9:39:32.014878462,T,KO,,100,66.53
2025-10-13,9:39:38.402882357,T,KO,F I,1,66.54
2025-10-13,9:39:38.402882357,T,KO,F I,1,66.54
2025-10-13,9:39:38.402930228,T,KO,I,99,66.54
2025-10-13,9:39:38.402933273,T,KO,I,22,66.54
2025-10-13,9:39:38.403200902,T,KO,,100,66.54
2025-10-13,9:39:38.403205453,T,KO,I,83,66.54
2025-10-13,9:39:38.403205453,T,KO,,100,66.54
2025-10-13,9:39:38.403209895,T,KO,I,90,66.54
2025-10-13,9:39:38.403209895,T,KO,,200,66.54
2025-10-13,9:39:38.403212864,T,KO,I,33,66.54
2025-10-13,9:39:44.691616424,T,KO,F I,70,66.53
2025-10-13,9:39:46.848909580,T,KO,F I,1,66.52
2025-10-13,9:39:46.848933760,T,KO,F I,99,66.52
2025-10-13,9:39:47.418072149,T,KO,I,81,66.51
2025-10-13,9:39:49.001304100,T,KO,F,100,66.52
2025-10-13,9:39:49.001308019,T,KO,F I,83,66.52
2025-10-13,9:39:49.001308019,T,KO,F I,10,66.52
2025-10-13,9:39:49.001313103,T,KO,F I,1,66.52
2025-10-13,9:39:49.795955754,T,KO,I,92,66.52
2025-10-13,9:39:50.559188615,T,KO,F,100,66.53
2025-10-13,9:39:50.559188615,T,KO,F I,10,66.53
2025-10-13,9:39:50.559212542,T,KO,,100,66.53
2025-10-13,9:39:53.142599669,T,KO,I,2,66.54
2025-10-13,9:39:55.008964902,T,KO,F I,25,66.52
2025-10-13,9:39:55.008967757,T,KO,F,200,66.52
2025-10-13,9:39:55.008967757,T,KO,F,200,66.52
2025-10-13,9:39:55.008970752,T,KO,F,100,66.52
2025-10-13,9:39:55.009388797,T,KO,I,3,66.525
2025-10-13,9:40:05.089625633,T,KO,I,10,66.51
2025-10-13,9:40:05.089625633,T,KO,I,25,66.51
2025-10-13,9:40:05.807227408,T,KO,I,1,66.5
2025-10-13,9:40:06.391756663,T,KO,I,10,66.51
2025-10-13,9:40:06.391786731,T,KO,F I,23,66.51
2025-10-13,9:40:11.028900503,T,KO,I,25,66.53
2025-10-13,9:40:11.028900503,T,KO,I,8,66.53
2025-10-13,9:40:14.952014187,T,KO,,100,66.53
2025-10-13,9:40:14.952014187,T,KO,,100,66.53
2025-10-13,9:40:14.952017155,T,KO,I,4,66.53
2025-10-13,9:40:14.952020074,T,KO,,200,66.53
2025-10-13,9:40:14.952020074,T,KO,I,16,66.53
2025-10-13,9:40:14.952032068,T,KO,I,1,66.53
2025-10-13,9:40:14.952032068,T,KO,I,41,66.53
2025-10-13,9:40:14.952901124,T,KO,F I,64,66.54
2025-10-13,9:40:14.952913161,T,KO,F I,2,66.54
2025-10-13,9:40:15.043079985,T,KO,F I,1,66.55
2025-10-13,9:40:15.053096784,T,KO,I,78,66.55
2025-10-13,9:40:15.053099763,T,KO,,100,66.55
2025-10-13,9:40:15.073256799,T,KO,I,78,66.55
2025-10-13,9:40:15.073256799,T,KO,I,78,66.55
2025-10-13,9:40:15.591646496,T,KO,F I,78,66.55
2025-10-13,9:40:23.429303793,T,KO,F,100,66.55
2025-10-13,9:40:23.429321874,T,KO,F I,33,66.55
2025-10-13,9:40:29.370936340,T,KO,I,2,66.55
2025-10-13,9:40:31.068482658,T,KO,F I,18,66.54
2025-10-13,9:40:31.068500396,T,KO,I,18,66.54
2025-10-13,9:40:31.068743989,T,KO,F I,18,66.54
2025-10-13,9:40:31.069041650,T,KO,F I,18,66.54
2025-10-13,9:40:31.079858426,T,KO,,100,66.52
2025-10-13,9:40:33.992938717,T,KO,,100,66.51
2025-10-13,9:40:33.992971786,T,KO,I,1,66.51
2025-10-13,9:40:41.142052044,T,KO,F I,12,66.52
2025-10-13,9:40:41.142055069,T,KO,F I,1,66.52
2025-10-13,9:40:41.142539282,T,KO,F I,4,66.52
2025-10-13,9:40:44.258927770,T,KO,,100,66.54
2025-10-13,9:40:47.089936500,T,KO,F I,11,66.55
2025-10-13,9:40:54.190631552,T,KO,,195,66.54
2025-10-13,9:40:54.190634629,T,KO,I,4,66.54
2025-10-13,9:40:54.190652568,T,KO,I,1,66.54
2025-10-13,9:40:54.190652568,T,KO,I,7,66.54
2025-10-13,9:40:54.190655562,T,KO,I,69,66.54
2025-10-13,9:40:54.190658809,T,KO,F I,1,66.54
2025-10-13,9:40:54.190661594,T,KO,I,30,66.54
2025-10-13,9:41:00.919987097,T,KO,I,10,66.55
2025-10-13,9:41:06.555355112,T,KO,F I,1,66.56
2025-10-13,9:41:08.102016850,T,KO,,100,66.565
2025-10-13,9:41:09.712322176,T,KO,I,20,66.565
2025-10-13,9:41:09.958058443,T,KO,,100,66.57
2025-10-13,9:41:11.159588140,T,KO,F I,32,66.58
2025-10-13,9:41:11.159639796,T,KO,,100,66.58
2025-10-13,9:41:11.168696932,T,KO,F I,78,66.58
2025-10-13,9:41:13.397635622,T,KO,F I,67,66.57
2025-10-13,9:41:13.397650621,T,KO,F I,11,66.57
2025-10-13,9:41:13.398002813,T,KO,F I,1,66.58
2025-10-13,9:41:13.843639843,T,KO,,100,66.585
2025-10-13,9:41:16.780323366,T,KO,,200,66.585
2025-10-13,9:41:18.953073851,T,KO,F I,1,66.6
2025-10-13,9:41:18.953073851,T,KO,F I,1,66.6
2025-10-13,9:41:18.953572597,T,KO,,100,66.6
2025-10-13,9:41:18.965276479,T,KO,I,82,66.6
2025-10-13,9:41:18.965276479,T,KO,I,18,66.6
2025-10-13,9:41:18.976981199,T,KO,I,66,66.6
2025-10-13,9:41:18.976984041,T,KO,I,22,66.6
2025-10-13,9:41:18.976984041,T,KO,I,82,66.6
2025-10-13,9:41:18.976986536,T,KO,,100,66.6
2025-10-13,9:41:18.976989405,T,KO,I,82,66.6
2025-10-13,9:41:18.984925272,T,KO,I,7,66.61
2025-10-13,9:41:18.984982505,T,KO,I,33,66.61
2025-10-13,9:41:18.984982505,T,KO,,100,66.61
2025-10-13,9:41:19.619956638,T,KO,F I,22,66.61
2025-10-13,9:41:19.619959733,T,KO,F I,82,66.61
2025-10-13,9:41:24.404989367,T,KO,F I,2,66.61
2025-10-13,9:41:26.087305022,T,KO,F I,7,66.62
2025-10-13,9:41:26.087307446,T,KO,F I,5,66.62
2025-10-13,9:41:26.088371882,T,KO,I,7,66.63
2025-10-13,9:41:26.088453082,T,KO,I,81,66.63
2025-10-13,9:41:26.368837944,T,KO,F I,40,66.63
2025-10-13,9:41:26.368864936,T,KO,F I,41,66.63
2025-10-13,9:41:26.368867980,T,KO,F I,41,66.63
2025-10-13,9:41:26.368876967,T,KO,I,41,66.63
2025-10-13,9:41:26.368883162,T,KO,I,15,66.63
2025-10-13,9:41:29.068141958,T,KO,I,12,66.63
2025-10-13,9:41:29.068144915,T,KO,,100,66.63
2025-10-13,9:41:31.930782942,T,KO,,100,66.63
2025-10-13,9:41:36.820681543,T,KO,F,100,66.62
2025-10-13,9:41:36.820681543,T,KO,F I,5,66.62
2025-10-13,9:41:37.994650628,T,KO,I,23,66.62
2025-10-13,9:41:37.994665640,T,KO,I,12,66.62
2025-10-13,9:41:37.995949691,T,KO,I,6,66.63
2025-10-13,9:41:38.178334071,T,KO,F I,93,66.63
2025-10-13,9:41:38.179377546,T,KO,,200,66.625
2025-10-13,9:41:38.179380995,T,KO,I,93,66.63
2025-10-13,9:41:38.179380995,T,KO,I,13,66.63
2025-10-13,9:41:38.179398582,T,KO,I,1,66.63
2025-10-13,9:41:44.250158599,T,KO,I,1,66.62
2025-10-13,9:41:44.454486312,T,KO,I,10,66.605
2025-10-13,9:41:45.083250948,T,KO,,200,66.61
2025-10-13,9:41:45.083253898,T,KO,,278,66.61
2025-10-13,9:41:45.083253898,T,KO,I,11,66.61
2025-10-13,9:41:45.083256863,T,KO,,100,66.61
2025-10-13,9:41:45.090453136,T,KO,I,25,66.61
2025-10-13,9:41:45.090456265,T,KO,,100,66.61
2025-10-13,9:41:45.090456265,T,KO,I,74,66.61
2025-10-13,9:41:45.090483077,T,KO,I,26,66.61
2025-10-13,9:41:45.090483077,T,KO,I,74,66.61
2025-10-13,9:41:45.129762693,T,KO,I,74,66.62
2025-10-13,9:41:45.129765681,T,KO,I,58,66.62
2025-10-13,9:41:45.130045270,T,KO,I,12,66.62
2025-10-13,9:41:45.130066390,T,KO,I,12,66.62
2025-10-13,9:41:45.130370031,T,KO,I,18,66.62
2025-10-13,9:41:46.681226900,T,KO,F I,1,66.62
2025-10-13,9:41:46.681659960,T,KO,I,1,66.62
2025-10-13,9:41:46.687325484,T,KO,,200,66.63
2025-10-13,9:41:46.687343461,T,KO,I,47,66.63
2025-10-13,9:41:53.609813223,T,KO,I,6,66.61
2025-10-13,9:41:53.833287500,T,KO,F,100,66.62
2025-10-13,9:41:55.940896511,T,KO,F,100,66.6
2025-10-13,9:41:58.172111554,T,KO,F,200,66.6
2025-10-13,9:41:58.172258830,T,KO,F I,10,66.6
2025-10-13,9:41:59.449126995,T,KO,,100,66.61
2025-10-13,9:41:59.451195987,T,KO,,100,66.61
2025-10-13,9:41:59.469819328,T,KO,,100,66.61
2025-10-13,9:41:59.485988820,T,KO,,100,66.61
2025-10-13,9:41:59.501926719,T,KO,,100,66.61
2025-10-13,9:41:59.651611280,T,KO,,100,66.61
2025-10-13,9:41:59.671305204,T,KO,,100,66.61
2025-10-13,9:42:01.087387322,T,KO,F,100,66.62
2025-10-13,9:42:01.090207755,T,KO,F I,44,66.61
2025-10-13,9:42:01.112773425,T,KO,,100,66.61
2025-10-13,9:42:03.994013919,T,KO,I,9,66.61
2025-10-13,9:42:13.264863607,T,KO,F I,3,66.59
2025-10-13,9:42:14.015965555,T,KO,,100,66.58
2025-10-13,9:42:14.015968583,T,KO,,100,66.58
2025-10-13,9:42:14.027747594,T,KO,,100,66.58
2025-10-13,9:42:14.030595501,T,KO,,100,66.58
2025-10-13,9:42:18.003956027,T,KO,,100,66.585
2025-10-13,9:42:19.396783343,T,KO,F I,1,66.58
2025-10-13,9:42:22.086353246,T,KO,,100,66.58
2025-10-13,9:42:22.092923855,T,KO,,100,66.58
2025-10-13,9:42:22.107183799,T,KO,,100,66.58
2025-10-13,9:42:26.113214159,T,KO,,100,66.58
2025-10-13,9:42:31.740256759,T,KO,F,100,66.59
2025-10-13,9:42:31.740259401,T,KO,F I,27,66.59
2025-10-13,9:42:31.740264413,T,KO,F,173,66.59
2025-10-13,9:42:31.740811742,T,KO,F,200,66.6
2025-10-13,9:42:32.784351198,T,KO,I,10,66.6
2025-10-13,9:42:34.345456443,T,KO,F,100,66.59
2025-10-13,9:42:41.247426189,T,KO,,100,66.59
2025-10-13,9:42:41.247444555,T,KO,I,1,66.59
2025-10-13,9:42:41.247450229,T,KO,I,22,66.59
2025-10-13,9:42:41.247450229,T,KO,I,14,66.59
2025-10-13,9:42:41.247453198,T,KO,I,1,66.59
2025-10-13,9:42:49.412008122,T,KO,,396,66.6
2025-10-13,9:42:49.412010118,T,KO,I,1,66.6
2025-10-13,9:42:49.412013072,T,KO,I,3,66.6
2025-10-13,9:42:49.412032030,T,KO,I,60,66.6
2025-10-13,9:42:49.412032030,T,KO,I,1,66.6
2025-10-13,9:42:49.412037094,T,KO,I,36,66.6
2025-10-13,9:42:50.566874601,T,KO,F I,10,66.6
2025-10-13,9:42:50.927791219,T,KO,I,3,66.6
2025-10-13,9:42:54.648553222,T,KO,I,10,66.59
2025-10-13,9:42:57.124831119,T,KO,,100,66.59
2025-10-13,9:42:57.125952775,T,KO,,140,66.59
2025-10-13,9:42:57.132673763,T,KO,,100,66.59
2025-10-13,9:42:57.136053752,T,KO,,100,66.59
2025-10-13,9:42:57.137112292,T,KO,,154,66.59
2025-10-13,9:42:58.680836053,T,KO,,100,66.59
2025-10-13,9:42:58.681918729,T,KO,,191,66.59
2025-10-13,9:43:00.358901866,T,KO,F I,5,66.58
2025-10-13,9:43:00.358904864,T,KO,F,100,66.58
2025-10-13,9:43:00.358910980,T,KO,F I,1,66.58
2025-10-13,9:43:00.358910980,T,KO,F I,5,66.58
2025-10-13,9:43:00.358910980,T,KO,F I,67,66.58
2025-10-13,9:43:00.468083875,T,KO,I,94,66.58
2025-10-13,9:43:00.468083875,T,KO,I,22,66.58
2025-10-13,9:43:00.468085880,T,KO,,100,66.58
2025-10-13,9:43:01.377226878,T,KO,I,45,66.59
2025-10-13,9:43:03.010256671,T,KO,,100,66.595
2025-10-13,9:43:03.011549765,T,KO,,400,66.595
2025-10-13,9:43:03.011633963,T,KO,,177,66.595
2025-10-13,9:43:03.220334112,T,KO,,292,66.595
2025-10-13,9:43:03.627621112,T,KO,I,86,66.595
2025-10-13,9:43:04.412722365,T,KO,I,67,66.6
2025-10-13,9:43:04.412724994,T,KO,I,94,66.6
2025-10-13,9:43:04.412728265,T,KO,I,11,66.6
2025-10-13,9:43:04.412728265,T,KO,,300,66.6
2025-10-13,9:43:04.412731515,T,KO,F,200,66.6
2025-10-13,9:43:06.016913920,T,KO,F I,14,66.61
2025-10-13,9:43:06.016919837,T,KO,F,100,66.61
2025-10-13,9:43:06.016919837,T,KO,F I,51,66.61
2025-10-13,9:43:06.025078922,T,KO,,100,66.62
2025-10-13,9:43:06.080803932,T,KO,,100,66.63
2025-10-13,9:43:07.148798413,T,KO,F,100,66.64
2025-10-13,9:43:07.148798413,T,KO,F I,78,66.64
2025-10-13,9:43:07.223074698,T,KO,I,94,66.65
2025-10-13,9:43:07.223074698,T,KO,I,6,66.65
2025-10-13,9:43:07.223114046,T,KO,F I,24,66.65
2025-10-13,9:43:07.223201713,T,KO,,100,66.65
2025-10-13,9:43:07.223201713,T,KO,,100,66.65
2025-10-13,9:43:07.223206861,T,KO,I,93,66.65
2025-10-13,9:43:07.293159491,T,KO,,100,66.655
2025-10-13,9:43:07.323222152,T,KO,I,24,66.655
2025-10-13,9:43:07.345959218,T,KO,,100,66.655
2025-10-13,9:43:07.388423458,T,KO,,100,66.655
2025-10-13,9:43:08.462852428,T,KO,F I,13,66.65
2025-10-13,9:43:08.462855435,T,KO,F,100,66.65
2025-10-13,9:43:08.462909636,T,KO,F I,13,66.65
2025-10-13,9:43:08.462912508,T,KO,F I,67,66.65
2025-10-13,9:43:08.464349952,T,KO,,100,66.64
2025-10-13,9:43:09.365773967,T,KO,I,5,66.64
2025-10-13,9:43:09.365834097,T,KO,F I,6,66.64
2025-10-13,9:43:09.646844408,T,KO,I,10,66.64
2025-10-13,9:43:09.852687633,T,KO,I,5,66.63
2025-10-13,9:43:10.682923085,T,KO,,100,66.63
2025-10-13,9:43:11.444676346,T,KO,,100,66.63
2025-10-13,9:43:12.849709776,T,KO,,100,66.63
2025-10-13,9:43:14.745379801,T,KO,,100,66.625
2025-10-13,9:43:18.072871070,T,KO,I,1,66.63
2025-10-13,9:43:20.124281983,T,KO,F I,74,66.63
2025-10-13,9:43:21.139493978,T,KO,F I,1,66.64
2025-10-13,9:43:21.139493978,T,KO,F I,11,66.64
2025-10-13,9:43:21.139497119,T,KO,F I,1,66.64
2025-10-13,9:43:21.139500029,T,KO,F,110,66.64
2025-10-13,9:43:21.139704481,T,KO,F I,16,66.64
2025-10-13,9:43:22.331527455,T,KO,I,13,66.64
2025-10-13,9:43:23.125905177,T,KO,F,100,66.63
2025-10-13,9:43:34.861771072,T,KO,I,10,66.64
2025-10-13,9:43:34.861795178,T,KO,F I,3,66.64
2025-10-13,9:43:34.861795178,T,KO,F I,2,66.64
2025-10-13,9:43:37.393642395,T,KO,I,63,66.66
2025-10-13,9:43:37.393669428,T,KO,,141,66.66
2025-10-13,9:43:48.510962051,T,KO,F I,10,66.64
2025-10-13,9:43:48.510965138,T,KO,F,100,66.64
2025-10-13,9:43:50.929767840,T,KO,F I,22,66.64
2025-10-13,9:43:50.929767840,T,KO,F,200,66.64
2025-10-13,9:43:50.929773083,T,KO,F,200,66.64
2025-10-13,9:43:50.929773083,T,KO,F I,25,66.64
2025-10-13,9:43:50.929776464,T,KO,F,100,66.64
2025-10-13,9:43:50.929776464,T,KO,,107,66.64
2025-10-13,9:43:50.929776464,T,KO,I,93,66.64
2025-10-13,9:43:52.969435049,T,KO,,100,66.645
2025-10-13,9:43:52.970219951,T,KO,,400,66.645
2025-10-13,9:43:53.146692282,T,KO,,100,66.645
2025-10-13,9:43:53.169606814,T,KO,,100,66.645
2025-10-13,9:43:54.925016882,T,KO,,100,66.645
2025-10-13,9:43:55.128734043,T,KO,I,30,66.645
2025-10-13,9:43:55.404902841,T,KO,I,22,66.645
2025-10-13,9:43:56.547916153,T,KO,,178,66.645
2025-10-13,9:43:56.549374634,T,KO,,382,66.645
2025-10-13,9:43:56.558802098,T,KO,,100,66.645
2025-10-13,9:43:56.595306083,T,KO,,100,66.645
2025-10-13,9:43:56.669579978,T,KO,,100,66.645
2025-10-13,9:43:56.701801760,T,KO,,100,66.645
2025-10-13,9:43:56.751780772,T,KO,,100,66.645
2025-10-13,9:43:56.852280059,T,KO,,100,66.645
2025-10-13,9:43:56.871306449,T,KO,,100,66.645
2025-10-13,9:43:56.903010934,T,KO,,100,66.645
2025-10-13,9:43:56.914513378,T,KO,,100,66.645
2025-10-13,9:43:56.953230576,T,KO,,100,66.645
2025-10-13,9:43:56.969006112,T,KO,,100,66.645
2025-10-13,9:43:57.006770030,T,KO,,200,66.645
2025-10-13,9:43:57.058213609,T,KO,,200,66.645
2025-10-13,9:43:57.108766945,T,KO,,200,66.645
2025-10-13,9:43:57.118392883,T,KO,,100,66.645
2025-10-13,9:43:57.119207842,T,KO,,100,66.645
2025-10-13,9:43:57.119881526,T,KO,,100,66.645
2025-10-13,9:43:57.120031835,T,KO,,100,66.645
2025-10-13,9:43:57.121388110,T,KO,,100,66.645
2025-10-13,9:43:57.153303082,T,KO,,200,66.645
2025-10-13,9:43:57.164612959,T,KO,,200,66.645
2025-10-13,9:43:57.203098665,T,KO,,100,66.645
2025-10-13,9:43:57.259407812,T,KO,,100,66.645
2025-10-13,9:43:57.309910061,T,KO,,100,66.645
2025-10-13,9:43:57.323436257,T,KO,,100,66.645
2025-10-13,9:43:57.421905882,T,KO,I,1,66.64
2025-10-13,9:43:57.422898583,T,KO,I,21,66.64
2025-10-13,9:43:58.292509370,T,KO,,100,66.63
2025-10-13,9:43:58.293008574,T,KO,,200,66.63
2025-10-13,9:43:58.293032642,T,KO,I,1,66.63
2025-10-13,9:43:58.372767485,T,KO,F I,79,66.63
2025-10-13,9:43:58.372770594,T,KO,F I,14,66.63
2025-10-13,9:43:58.373291292,T,KO,,100,66.63
2025-10-13,9:43:58.373293834,T,KO,I,80,66.63
2025-10-13,9:43:58.373299753,T,KO,I,23,66.63
2025-10-13,9:43:58.373299753,T,KO,I,1,66.63
2025-10-13,9:43:58.373299753,T,KO,I,78,66.63
2025-10-13,9:43:58.373302806,T,KO,I,1,66.63
2025-10-13,9:43:58.373305820,T,KO,,200,66.63
2025-10-13,9:43:58.373631087,T,KO,I,3,66.64
2025-10-13,9:43:58.373631087,T,KO,,200,66.64
2025-10-13,9:43:58.373633607,T,KO,,200,66.64
2025-10-13,9:43:58.375413826,T,KO,,200,66.645
2025-10-13,9:43:58.389577530,T,KO,,100,66.645
2025-10-13,9:43:58.400304060,T,KO,,200,66.645
2025-10-13,9:43:58.419288366,T,KO,,200,66.645
2025-10-13,9:43:58.433452010,T,KO,,200,66.645
2025-10-13,9:43:58.434321163,T,KO,,169,66.645
2025-10-13,9:43:59.357375646,T,KO,F I,80,66.64
2025-10-13,9:43:59.357378626,T,KO,F I,28,66.64
2025-10-13,9:43:59.785102335,T,KO,F,200,66.63
2025-10-13,9:44:00.799177639,T,KO,I,23,66.63
2025-10-13,9:44:00.799180746,T,KO,,100,66.63
2025-10-13,9:44:00.799183673,T,KO,,100,66.63
2025-10-13,9:44:00.799183673,T,KO,I,12,66.63
2025-10-13,9:44:01.176468289,T,KO,F I,23,66.63
2025-10-13,9:44:01.197386078,T,KO,F I,81,66.63
2025-10-13,9:44:01.197386078,T,KO,F,100,66.63
2025-10-13,9:44:01.197389094,T,KO,F I,22,66.63
2025-10-13,9:44:01.197455277,T,KO,F,100,66.63
2025-10-13,9:44:03.096442121,T,KO,F,200,66.64
2025-10-13,9:44:03.096445141,T,KO,F I,61,66.64
2025-10-13,9:44:03.096449019,T,KO,F,200,66.64
2025-10-13,9:44:03.096449019,T,KO,F I,60,66.64
2025-10-13,9:44:03.096451150,T,KO,F,100,66.64
2025-10-13,9:44:03.096481383,T,KO,,100,66.64
2025-10-13,9:44:03.096487254,T,KO,F,100,66.64
2025-10-13,9:44:03.096701264,T,KO,I,12,66.64
2025-10-13,9:44:03.108732488,T,KO,,200,66.645
2025-10-13,9:44:03.895544404,T,KO,I,81,66.64
2025-10-13,9:44:05.351811025,T,KO,F,100,66.63
2025-10-13,9:44:05.351811025,T,KO,F I,12,66.63
2025-10-13,9:44:05.351831971,T,KO,,100,66.63
2025-10-13,9:44:05.351837906,T,KO,I,1,66.63
2025-10-13,9:44:05.351910074,T,KO,F I,7,66.63
2025-10-13,9:44:05.352138683,T,KO,I,80,66.63
2025-10-13,9:44:05.400541886,T,KO,,100,66.625
2025-10-13,9:44:06.116923153,T,KO,,100,66.625
2025-10-13,9:44:06.244856882,T,KO,I,20,66.625
2025-10-13,9:44:06.624063117,T,KO,,100,66.625
2025-10-13,9:44:06.624351776,T,KO,,400,66.625
2025-10-13,9:44:06.643369032,T,KO,,100,66.625
2025-10-13,9:44:06.643657754,T,KO,,400,66.625
2025-10-13,9:44:06.643738957,T,KO,,237,66.625
2025-10-13,9:44:06.644027663,T,KO,,400,66.625
2025-10-13,9:44:06.739995251,T,KO,F I,13,66.63
2025-10-13,9:44:06.739998209,T,KO,F I,15,66.63
2025-10-13,9:44:06.740398201,T,KO,,100,66.63
2025-10-13,9:44:06.890040587,T,KO,,100,66.625
2025-10-13,9:44:07.520952264,T,KO,,465,66.61
2025-10-13,9:44:09.319241354,T,KO,,100,66.6
2025-10-13,9:44:09.319514998,T,KO,I,85,66.6
2025-10-13,9:44:20.254147407,T,KO,F,100,66.6
2025-10-13,9:44:20.254149581,T,KO,F,100,66.6
2025-10-13,9:44:20.254152807,T,KO,F I,10,66.6
2025-10-13,9:44:20.254155555,T,KO,F I,11,66.6
2025-10-13,9:44:20.254179570,T,KO,F I,91,66.6
2025-10-13,9:44:20.254201279,T,KO,F I,98,66.6
2025-10-13,9:44:26.543776710,T,KO,,100,66.61
2025-10-13,9:44:26.562818086,T,KO,,100,66.61
2025-10-13,9:44:27.006702309,T,KO,I,10,66.61
2025-10-13,9:44:27.006705379,T,KO,,100,66.61
2025-10-13,9:44:27.503130821,T,KO,I,17,66.61
2025-10-13,9:44:27.503130821,T,KO,I,80,66.61
2025-10-13,9:44:27.503149059,T,KO,F I,20,66.61
2025-10-13,9:44:29.952022380,T,KO,,100,66.615
2025-10-13,9:44:32.346039359,T,KO,F I,14,66.61
2025-10-13,9:44:32.346066394,T,KO,F I,22,66.61
2025-10-13,9:44:32.348288676,T,KO,,200,66.595
2025-10-13,9:44:32.362813610,T,KO,I,1,66.6
2025-10-13,9:44:32.362813610,T,KO,I,10,66.6
2025-10-13,9:44:32.362816285,T,KO,F I,11,66.6
2025-10-13,9:44:32.363101994,T,KO,I,32,66.6
2025-10-13,9:44:32.393976558,T,KO,F I,75,66.61
2025-10-13,9:44:32.393979570,T,KO,F,100,66.61
2025-10-13,9:44:32.393982569,T,KO,F I,15,66.61
2025-10-13,9:44:32.393982569,T,KO,F,100,66.61
2025-10-13,9:44:32.495610257,T,KO,F I,75,66.61
2025-10-13,9:44:32.495693812,T,KO,F,200,66.61
2025-10-13,9:44:32.495940825,T,KO,I,75,66.61
2025-10-13,9:44:32.495943973,T,KO,,100,66.61
2025-10-13,9:44:32.495949349,T,KO,I,25,66.61
2025-10-13,9:44:32.495949349,T,KO,,200,66.61
2025-10-13,9:44:33.204445828,T,KO,,200,66.615
2025-10-13,9:44:35.383372489,T,KO,F,360,66.62
2025-10-13,9:44:35.383372489,T,KO,F I,3,66.62
2025-10-13,9:44:36.201564218,T,KO,F I,25,66.62
2025-10-13,9:44:36.201564218,T,KO,F I,75,66.62
2025-10-13,9:44:38.635901473,T,KO,,100,66.61
2025-10-13,9:44:40.337338544,T,KO,F I,35,66.61
2025-10-13,9:44:41.514341926,T,KO,F I,90,66.61
2025-10-13,9:44:42.662479577,T,KO,I,9,66.61
2025-10-13,9:44:44.874770671,T,KO,F,200,66.61
2025-10-13,9:44:52.630573020,T,KO,I,29,66.61
2025-10-13,9:44:52.630618146,T,KO,I,10,66.61
2025-10-13,9:44:52.630648222,T,KO,I,61,66.61
2025-10-13,9:44:53.398836863,T,KO,I,20,66.615
2025-10-13,9:44:53.409683645,T,KO,F,105,66.61
2025-10-13,9:44:53.410558780,T,KO,I,71,66.61
2025-10-13,9:44:53.410558780,T,KO,,100,66.61
2025-10-13,9:44:53.410561709,T,KO,,100,66.61
2025-10-13,9:44:53.410561709,T,KO,I,25,66.61
2025-10-13,9:44:53.411145155,T,KO,I,27,66.61
2025-10-13,9:44:53.411181229,T,KO,F I,25,66.61
2025-10-13,9:44:53.411885187,T,KO,I,55,66.61
2025-10-13,9:44:53.411908969,T,KO,I,15,66.61
2025-10-13,9:44:53.411912020,T,KO,I,24,66.61
2025-10-13,9:44:53.511836927,T,KO,I,23,66.61
2025-10-13,9:45:00.128884123,T,KO,I,66,66.615
2025-10-13,9:45:00.647147558,T,KO,,100,66.615
2025-10-13,9:45:01.132269655,T,KO,F I,56,66.62
2025-10-13,9:45:01.132283970,T,KO,I,44,66.62
2025-10-13,9:45:01.136283524,T,KO,I,8,66.625
2025-10-13,9:45:01.136283524,T,KO,I,1,66.625
2025-10-13,9:45:01.656967659,T,KO,F I,8,66.63
2025-10-13,9:45:01.814816663,T,KO,F,200,66.64
2025-10-13,9:45:04.326681301,T,KO,I,41,66.65
2025-10-13,9:45:05.148800476,T,KO,I,28,66.65
2025-10-13,9:45:05.956247611,T,KO,,200,66.64
2025-10-13,9:45:06.339739045,T,KO,I,17,66.63
2025-10-13,9:45:06.975943365,T,KO,I,9,66.63
2025-10-13,9:45:08.100790514,T,KO,I,7,66.63
2025-10-13,9:45:08.577573015,T,KO,F I,5,66.63
2025-10-13,9:45:13.697633725,T,KO,I,10,66.64
2025-10-13,9:45:13.697633725,T,KO,I,21,66.64
2025-10-13,9:45:15.250514262,T,KO,F,200,66.64
2025-10-13,9:45:15.250514262,T,KO,F I,25,66.64
2025-10-13,9:45:15.257605090,T,KO,F I,1,66.63
2025-10-13,9:45:15.257617123,T,KO,F I,25,66.63
2025-10-13,9:45:15.257623221,T,KO,F I,62,66.63
2025-10-13,9:45:15.257629502,T,KO,F I,28,66.63
2025-10-13,9:45:15.257629502,T,KO,F,200,66.63
2025-10-13,9:45:15.257632148,T,KO,F,200,66.63
2025-10-13,9:45:15.262738355,T,KO,F,180,66.63
2025-10-13,9:45:15.262798484,T,KO,F I,20,66.63
2025-10-13,9:45:15.268500067,T,KO,F I,48,66.63
2025-10-13,9:45:15.268912163,T,KO,F,152,66.63
2025-10-13,9:45:15.278553071,T,KO,F,100,66.63
2025-10-13,9:45:15.280895590,T,KO,,100,66.63
2025-10-13,9:45:15.298298060,T,KO,,200,66.63
2025-10-13,9:45:15.299004730,T,KO,I,1,66.63
2025-10-13,9:45:15.299016802,T,KO,,199,66.63
2025-10-13,9:45:15.306949601,T,KO,,100,66.63
2025-10-13,9:45:15.306949601,T,KO,,100,66.63
2025-10-13,9:45:15.309619991,T,KO,F,200,66.63
2025-10-13,9:45:15.309884680,T,KO,,200,66.63
2025-10-13,9:45:15.344175349,T,KO,,200,66.63
2025-10-13,9:45:15.380886729,T,KO,I,77,66.63
2025-10-13,9:45:15.417498930,T,KO,I,14,66.635
2025-10-13,9:45:15.418106347,T,KO,I,86,66.635
2025-10-13,9:45:15.418136516,T,KO,I,14,66.635
2025-10-13,9:45:15.505413322,T,KO,,142,66.635
2025-10-13,9:45:15.685145462,T,KO,F,100,66.64
2025-10-13,9:45:16.594785676,T,KO,F I,77,66.64
2025-10-13,9:45:16.594787946,T,KO,F I,23,66.64
2025-10-13,9:45:16.594791029,T,KO,F I,10,66.64
2025-10-13,9:45:16.829896916,T,KO,I,67,66.64
2025-10-13,9:45:17.803309668,T,KO,F,200,66.65
2025-10-13,9:45:17.803309668,T,KO,F I,62,66.65
2025-10-13,9:45:17.803321820,T,KO,F I,5,66.65
2025-10-13,9:45:17.803325116,T,KO,F,950,66.65
2025-10-13,9:45:17.803325116,T,KO,F,231,66.65
2025-10-13,9:45:18.003941225,T,KO,I,5,66.66
2025-10-13,9:45:19.983002799,T,KO,,300,66.65
2025-10-13,9:45:19.983006260,T,KO,,144,66.65
2025-10-13,9:45:19.983006260,T,KO,,256,66.65
2025-10-13,9:45:19.983989203,T,KO,F I,44,66.65
2025-10-13,9:45:19.983989203,T,KO,F,300,66.65
2025-10-13,9:45:19.994005992,T,KO,,100,66.64
2025-10-13,9:45:22.326448325,T,KO,I,10,66.655
2025-10-13,9:45:23.954977116,T,KO,F I,5,66.66
2025-10-13,9:45:23.955241616,T,KO,I,5,66.66
2025-10-13,9:45:23.955346907,T,KO,,100,66.66
2025-10-13,9:45:28.044275614,T,KO,F,170,66.65
2025-10-13,9:45:28.044278764,T,KO,F I,30,66.65
2025-10-13,9:45:28.044281718,T,KO,F,102,66.65
2025-10-13,9:45:28.044813910,T,KO,F I,27,66.64
2025-10-13,9:45:28.044817007,T,KO,F,200,66.64
2025-10-13,9:45:29.052871931,T,KO,F,151,66.63
2025-10-13,9:45:29.067495793,T,KO,I,26,66.62
2025-10-13,9:45:29.118431141,T,KO,F,100,66.62
2025-10-13,9:45:29.121741976,T,KO,I,23,66.625
2025-10-13,9:45:30.391011020,T,KO,I,28,66.61
2025-10-13,9:45:30.391362837,T,KO,I,72,66.61
2025-10-13,9:45:30.391365892,T,KO,,100,66.61
2025-10-13,9:45:40.557057071,T,KO,I,8,66.64
2025-10-13,9:45:40.557740054,T,KO,F I,92,66.64
2025-10-13,9:45:40.557740054,T,KO,F I,11,66.64
2025-10-13,9:45:47.580973322,T,KO,I,25,66.64
2025-10-13,9:45:47.581261982,T,KO,I,66,66.64
2025-10-13,9:45:47.581307082,T,KO,I,10,66.64
2025-10-13,9:45:51.324376221,T,KO,,100,66.64
2025-10-13,9:45:53.649189343,T,KO,I,11,66.64
2025-10-13,9:45:53.817163454,T,KO,I,13,66.64
2025-10-13,9:45:56.476487223,T,KO,I,3,66.635
2025-10-13,9:45:57.514550628,T,KO,F,100,66.63
2025-10-13,9:45:58.125088689,T,KO,I,8,66.62
2025-10-13,9:46:01.117491933,T,KO,I,81,66.61
2025-10-13,9:46:01.117515913,T,KO,I,19,66.61
2025-10-13,9:46:01.118342960,T,KO,I,22,66.61
2025-10-13,9:46:03.150649307,T,KO,F,100,66.61
2025-10-13,9:46:04.510680606,T,KO,I,10,66.61
2025-10-13,9:46:07.677679678,T,KO,F I,20,66.6
2025-10-13,9:46:11.245410004,T,KO,I,2,66.58
2025-10-13,9:46:11.245413056,T,KO,I,1,66.58
2025-10-13,9:46:12.359016375,T,KO,F,100,66.58
2025-10-13,9:46:15.981179396,T,KO,I,2,66.59
2025-10-13,9:46:15.981179396,T,KO,I,27,66.59
2025-10-13,9:46:17.119709175,T,KO,F I,10,66.59
2025-10-13,9:46:19.088666638,T,KO,I,10,66.6
2025-10-13,9:46:19.879270631,T,KO,F I,40,66.6
2025-10-13,9:46:25.176693715,T,KO,F I,2,66.61
2025-10-13,9:46:25.288235402,T,KO,,100,66.615
2025-10-13,9:46:25.290764470,T,KO,,100,66.615
2025-10-13,9:46:25.291804934,T,KO,,400,66.615
2025-10-13,9:46:25.308425507,T,KO,I,46,66.615
2025-10-13,9:46:27.138743846,T,KO,I,10,66.62
2025-10-13,9:46:27.138749875,T,KO,F I,10,66.62
2025-10-13,9:46:27.138765194,T,KO,F I,10,66.62
2025-10-13,9:46:27.138779867,T,KO,F I,80,66.62
2025-10-13,9:46:31.143478082,T,KO,I,63,66.61
2025-10-13,9:46:31.150899825,T,KO,,200,66.6
2025-10-13,9:46:46.174562880,T,KO,F I,52,66.59
2025-10-13,9:46:46.174567067,T,KO,F,123,66.59
2025-10-13,9:46:46.174567067,T,KO,F I,1,66.59
2025-10-13,9:46:46.174571684,T,KO,F I,72,66.59
2025-10-13,9:46:46.376445582,T,KO,I,10,66.585
2025-10-13,9:46:49.773107476,T,KO,,100,66.58
2025-10-13,9:46:49.784739189,T,KO,,100,66.58
2025-10-13,9:46:49.799020208,T,KO,,100,66.58
2025-10-13,9:46:49.834850598,T,KO,,100,66.58
2025-10-13,9:46:50.206349332,T,KO,F I,1,66.58
2025-10-13,9:46:50.923647753,T,KO,I,30,66.58
2025-10-13,9:46:50.924050790,T,KO,I,70,66.58
2025-10-13,9:46:51.739921237,T,KO,F I,64,66.59
2025-10-13,9:46:51.739921237,T,KO,F I,43,66.59
2025-10-13,9:46:51.739927012,T,KO,F,100,66.59
2025-10-13,9:46:51.739927012,T,KO,F,100,66.59
2025-10-13,9:46:52.510464269,T,KO,I,35,66.59
2025-10-13,9:46:52.510779946,T,KO,I,55,66.59
2025-10-13,9:46:55.520155486,T,KO,I,6,66.59
2025-10-13,9:46:58.759733934,T,KO,I,65,66.58
2025-10-13,9:46:59.078034514,T,KO,I,10,66.58
2025-10-13,9:47:00.395111527,T,KO,F I,9,66.58
2025-10-13,9:47:00.395111527,T,KO,F I,13,66.58
2025-10-13,9:47:01.028311738,T,KO,,100,66.585
2025-10-13,9:47:01.030744435,T,KO,,100,66.585
2025-10-13,9:47:01.356486453,T,KO,F,184,66.6
2025-10-13,9:47:01.356489846,T,KO,F,100,66.6
2025-10-13,9:47:01.356492312,T,KO,F I,16,66.6
2025-10-13,9:47:10.782905590,T,KO,,100,66.6
2025-10-13,9:47:10.782908629,T,KO,I,54,66.59
2025-10-13,9:47:10.782908629,T,KO,I,30,66.59
2025-10-13,9:47:15.824542513,T,KO,I,41,66.6
2025-10-13,9:47:19.188651977,T,KO,,100,66.6
2025-10-13,9:47:22.164389392,T,KO,I,75,66.595
2025-10-13,9:47:24.772281713,T,KO,I,6,66.58
2025-10-13,9:47:24.772287996,T,KO,I,2,66.58
2025-10-13,9:47:24.772287996,T,KO,I,10,66.58
2025-10-13,9:47:25.571886271,T,KO,F I,80,66.575
2025-10-13,9:47:29.832993064,T,KO,I,34,66.58
2025-10-13,9:47:29.833561425,T,KO,F I,66,66.58
2025-10-13,9:47:29.833564416,T,KO,F I,32,66.58
2025-10-13,9:47:30.034839802,T,KO,I,5,66.585
2025-10-13,9:47:33.815143478,T,KO,F I,24,66.58
2025-10-13,9:47:33.815149488,T,KO,F,100,66.58
2025-10-13,9:47:35.218709446,T,KO,I,24,66.58
2025-10-13,9:47:35.223154029,T,KO,I,16,66.58
2025-10-13,9:47:35.223229260,T,KO,I,1,66.58
2025-10-13,9:47:37.297708101,T,KO,I,5,66.575
2025-10-13,9:47:38.088050684,T,KO,I,7,66.575
2025-10-13,9:47:38.088050684,T,KO,I,5,66.575
2025-10-13,9:47:41.310576742,T,KO,,100,66.57
2025-10-13,9:47:41.310579752,T,KO,I,10,66.57
2025-10-13,9:47:41.310579752,T,KO,,100,66.57
2025-10-13,9:47:41.310597739,T,KO,I,1,66.57
2025-10-13,9:47:41.310601209,T,KO,I,96,66.57
2025-10-13,9:47:41.329876655,T,KO,,100,66.565
2025-10-13,9:47:41.332865790,T,KO,,100,66.565
2025-10-13,9:47:41.344783205,T,KO,,100,66.565
2025-10-13,9:47:44.948004179,T,KO,I,1,66.56
2025-10-13,9:47:44.948007573,T,KO,I,4,66.56
2025-10-13,9:47:44.948007573,T,KO,I,7,66.56
2025-10-13,9:47:47.232828030,T,KO,F I,1,66.56
2025-10-13,9:47:51.306898502,T,KO,I,5,66.56
2025-10-13,9:47:55.840607718,T,KO,I,10,66.555
2025-10-13,9:47:56.696302159,T,KO,F I,7,66.55
2025-10-13,9:48:03.077178470,T,KO,I,6,66.54
2025-10-13,9:48:03.632883916,T,KO,F I,6,66.53
2025-10-13,9:48:03.633286981,T,KO,F I,70,66.53
2025-10-13,9:48:03.633289898,T,KO,F I,24,66.53
2025-10-13,9:48:03.633289898,T,KO,F I,7,66.53
2025-10-13,9:48:03.633453267,T,KO,,100,66.53
2025-10-13,9:48:03.633455932,T,KO,I,1,66.53
2025-10-13,9:48:03.633455932,T,KO,I,1,66.53
2025-10-13,9:48:03.633557549,T,KO,F I,98,66.53
2025-10-13,9:48:03.633620767,T,KO,F,200,66.53
2025-10-13,9:48:03.871736979,T,KO,I,29,66.53
2025-10-13,9:48:03.871739894,T,KO,I,70,66.53
2025-10-13,9:48:07.441004022,T,KO,F I,5,66.53
2025-10-13,9:48:07.538141280,T,KO,F I,3,66.53
2025-10-13,9:48:11.251526782,T,KO,F,100,66.52
2025-10-13,9:48:11.251530353,T,KO,F I,46,66.52
2025-10-13,9:48:11.251545333,T,KO,,100,66.52
2025-10-13,9:48:11.251809760,T,KO,F,100,66.53
2025-10-13,9:48:11.251809760,T,KO,F I,59,66.53
2025-10-13,9:48:11.251815444,T,KO,F I,2,66.53
2025-10-13,9:48:11.251815444,T,KO,F,100,66.53
2025-10-13,9:48:11.251819150,T,KO,F I,3,66.53
2025-10-13,9:48:11.252104056,T,KO,F I,27,66.53
2025-10-13,9:48:11.548138211,T,KO,,100,66.53
2025-10-13,9:48:11.548535165,T,KO,F I,92,66.53
2025-10-13,9:48:12.043120134,T,KO,I,1,66.54
2025-10-13,9:48:12.097098712,T,KO,,199,66.54
2025-10-13,9:48:12.097492584,T,KO,F,100,66.54
2025-10-13,9:48:12.097496090,T,KO,F I,71,66.54
2025-10-13,9:48:12.097501605,T,KO,F I,41,66.54
2025-10-13,9:48:12.097769294,T,KO,I,71,66.54
2025-10-13,9:48:12.097769294,T,KO,I,41,66.54
2025-10-13,9:48:12.097772865,T,KO,I,5,66.54
2025-10-13,9:48:12.097775344,T,KO,I,23,66.54
2025-10-13,9:48:12.156075524,T,KO,,200,66.54
2025-10-13,9:48:12.156078166,T,KO,,100,66.54
2025-10-13,9:48:12.995885407,T,KO,F,100,66.54
2025-10-13,9:48:12.995888444,T,KO,F I,23,66.54
2025-10-13,9:48:17.321580118,T,KO,,200,66.52
2025-10-13,9:48:17.334288380,T,KO,F,100,66.52
2025-10-13,9:48:17.406959429,T,KO,F,200,66.53
2025-10-13,9:48:17.406962444,T,KO,F I,9,66.53
2025-10-13,9:48:21.761688329,T,KO,I,1,66.57
2025-10-13,9:48:25.037321037,T,KO,F I,99,66.57
2025-10-13,9:48:25.037321037,T,KO,F I,10,66.57
2025-10-13,9:48:25.037324115,T,KO,F I,65,66.57
2025-10-13,9:48:25.415910837,T,KO,,100,66.565
2025-10-13,9:48:26.826411234,T,KO,,100,66.565
2025-10-13,9:48:31.016777596,T,KO,I,93,66.565
2025-10-13,9:48:32.206835099,T,KO,F I,1,66.57
2025-10-13,9:48:32.206838134,T,KO,F I,10,66.57
2025-10-13,9:48:43.593930242,T,KO,I,12,66.57
2025-10-13,9:48:43.593933217,T,KO,I,20,66.57
2025-10-13,9:48:44.803347788,T,KO,F,200,66.57
2025-10-13,9:48:44.809819142,T,KO,I,5,66.56
2025-10-13,9:48:44.809819142,T,KO,I,5,66.56
2025-10-13,9:48:48.741798348,T,KO,,100,66.54
2025-10-13,9:48:48.741831504,T,KO,F I,10,66.54
2025-10-13,9:48:48.742412296,T,KO,I,73,66.54
2025-10-13,9:48:48.742416325,T,KO,,100,66.54
2025-10-13,9:48:48.742416325,T,KO,I,90,66.54
2025-10-13,9:48:49.059261351,T,KO,I,73,66.54
2025-10-13,9:48:49.059264305,T,KO,I,5,66.54
2025-10-13,9:48:49.522595842,T,KO,,100,66.535
2025-10-13,9:48:53.389725331,T,KO,I,1,66.53
2025-10-13,9:48:55.189596208,T,KO,,100,66.525
2025-10-13,9:48:55.203594614,T,KO,,100,66.525
2025-10-13,9:48:56.308937859,T,KO,F I,24,66.53
2025-10-13,9:48:56.308937859,T,KO,F,100,66.53
2025-10-13,9:48:56.308940297,T,KO,F I,38,66.53
2025-10-13,9:48:57.892403750,T,KO,I,10,66.54
2025-10-13,9:49:04.598474758,T,KO,F,100,66.53
2025-10-13,9:49:04.598474758,T,KO,F I,24,66.53
2025-10-13,9:49:07.210562117,T,KO,F I,1,66.52
2025-10-13,9:49:07.210565179,T,KO,F,100,66.52
2025-10-13,9:49:07.214549619,T,KO,I,1,66.515
2025-10-13,9:49:07.820510882,T,KO,F I,1,66.51
2025-10-13,9:49:07.820510882,T,KO,F I,2,66.51
2025-10-13,9:49:08.186031378,T,KO,F I,1,66.5
2025-10-13,9:49:08.186031378,T,KO,F I,1,66.5
2025-10-13,9:49:08.186034652,T,KO,F I,10,66.5
2025-10-13,9:49:08.190304545,T,KO,F I,1,66.49
2025-10-13,9:49:08.190810702,T,KO,I,1,66.49
2025-10-13,9:49:08.191327020,T,KO,F I,42,66.49
2025-10-13,9:49:08.191354587,T,KO,F I,57,66.49
2025-10-13,9:49:08.191354587,T,KO,F I,65,66.49
2025-10-13,9:49:08.191357072,T,KO,F I,1,66.49
2025-10-13,9:49:08.191360339,T,KO,F I,22,66.49
2025-10-13,9:49:08.191706457,T,KO,I,25,66.49
2025-10-13,9:49:08.191709032,T,KO,I,25,66.49
2025-10-13,9:49:08.191711966,T,KO,I,23,66.49
2025-10-13,9:49:08.191714930,T,KO,,100,66.49
2025-10-13,9:49:08.191799154,T,KO,I,65,66.49
2025-10-13,9:49:08.191799154,T,KO,I,35,66.49
2025-10-13,9:49:08.191964578,T,KO,I,65,66.49
2025-10-13,9:49:15.141504510,T,KO,I,3,66.48
2025-10-13,9:49:15.272848637,T,KO,F I,1,66.48
2025-10-13,9:49:15.272848637,T,KO,F I,18,66.48
2025-10-13,9:49:16.000599781,T,KO,I,10,66.48
2025-10-13,9:49:21.393310815,T,KO,F I,46,66.48
2025-10-13,9:49:21.393310815,T,KO,F,200,66.48
2025-10-13,9:49:25.688197052,T,KO,,100,66.46
2025-10-13,9:49:25.950301666,T,KO,I,1,66.46
2025-10-13,9:49:25.950301666,T,KO,I,5,66.46
2025-10-13,9:49:25.950358489,T,KO,F,100,66.46
2025-10-13,9:49:25.950361461,T,KO,F I,67,66.46
2025-10-13,9:49:25.950361461,T,KO,F I,23,66.46
2025-10-13,9:49:28.214886971,T,KO,I,30,66.465
2025-10-13,9:49:28.223640806,T,KO,I,58,66.465
2025-10-13,9:49:28.450597354,T,KO,I,10,66.465
2025-10-13,9:49:30.337110580,T,KO,I,32,66.47
2025-10-13,9:49:38.040267148,T,KO,F I,67,66.47
2025-10-13,9:49:38.040267148,T,KO,F I,13,66.47
2025-10-13,9:49:38.040311829,T,KO,I,15,66.47
2025-10-13,9:49:38.040311829,T,KO,I,13,66.47
2025-10-13,9:49:42.552522872,T,KO,F I,60,66.46
2025-10-13,9:49:42.560311405,T,KO,,100,66.455
2025-10-13,9:49:42.618241381,T,KO,F I,11,66.46
2025-10-13,9:49:42.618244360,T,KO,F I,4,66.46
