DATE,TIME_M,EX,SYM_ROOT,TR_SCOND,SIZE,PRICE
2025-11-03,9:30:00.189566971,T,KO,FTI,20,68.8
2025-11-03,9:30:01.346389140,T,KO,,100,68.73
2025-11-03,9:30:01.346392264,T,KO,Q,100,68.73
2025-11-03,9:30:01.346419256,T,KO,,100,68.73
2025-11-03,9:30:01.346494445,T,KO,,100,68.73
2025-11-03,9:30:01.346569662,T,KO,,100,68.73
2025-11-03,9:30:01.346732153,T,KO,F I,25,68.73
2025-11-03,9:30:01.346747072,T,KO,F I,25,68.73
2025-11-03,9:30:01.346792128,T,KO,F I,75,68.73
2025-11-03,9:30:01.346795132,T,KO,F,100,68.73
2025-11-03,9:30:01.347586087,T,KO,I,1,68.72
2025-11-03,9:30:01.347631122,T,KO,,100,68.71
2025-11-03,9:30:01.347634228,T,KO,,100,68.71
2025-11-03,9:30:01.347640228,T,KO,I,25,68.71
2025-11-03,9:30:01.351335969,T,KO,F,100,68.71
2025-11-03,9:30:01.351369086,T,KO,F I,2,68.72
2025-11-03,9:30:01.351372226,T,KO,F I,1,68.72
2025-11-03,9:30:01.351372226,T,KO,F I,97,68.72
2025-11-03,9:30:01.365409502,T,KO,F I,2,68.71
2025-11-03,9:30:01.365463636,T,KO,F I,2,68.7
2025-11-03,9:30:01.384240526,T,KO,I,50,68.71
2025-11-03,9:30:01.384243512,T,KO,I,50,68.71
2025-11-03,9:30:01.384243512,T,KO,I,25,68.72
2025-11-03,9:30:01.384246374,T,KO,,100,68.72
2025-11-03,9:30:01.384266028,T,KO,I,1,68.72
2025-11-03,9:30:01.407037695,T,KO,I,1,68.71
2025-11-03,9:30:01.454205034,T,KO,F I,1,68.71
2025-11-03,9:30:01.454211028,T,KO,F,100,68.71
2025-11-03,9:30:01.454213992,T,KO,F I,2,68.71
2025-11-03,9:30:01.556208882,T,KO,I,3,68.7
2025-11-03,9:30:01.556214651,T,KO,I,10,68.7
2025-11-03,9:30:01.788586407,T,KO,I,50,68.69
2025-11-03,9:30:01.788589495,T,KO,I,8,68.69
2025-11-03,9:30:02.835509036,T,KO,I,17,68.71
2025-11-03,9:30:02.835545025,T,KO,I,1,68.7
2025-11-03,9:30:03.926528352,T,KO,I,1,68.68
2025-11-03,9:30:03.926534826,T,KO,I,36,68.68
2025-11-03,9:30:03.926541276,T,KO,,204,68.68
2025-11-03,9:30:03.926541276,T,KO,I,2,68.68
2025-11-03,9:30:03.926547573,T,KO,I,30,68.68
2025-11-03,9:30:03.926553408,T,KO,I,4,68.68
2025-11-03,9:30:03.927189895,T,KO,F I,1,68.67
2025-11-03,9:30:03.927192921,T,KO,F I,1,68.67
2025-11-03,9:30:03.927192921,T,KO,F I,25,68.67
2025-11-03,9:30:03.927195977,T,KO,F I,4,68.67
2025-11-03,9:30:03.927415887,T,KO,F I,1,68.66
2025-11-03,9:30:03.927415887,T,KO,F I,1,68.66
2025-11-03,9:30:03.927418539,T,KO,F,100,68.66
2025-11-03,9:30:03.927418539,T,KO,F I,25,68.66
2025-11-03,9:30:03.927421501,T,KO,F I,1,68.66
2025-11-03,9:30:04.421155533,T,KO,F I,1,68.65
2025-11-03,9:30:04.421155533,T,KO,F I,1,68.65
2025-11-03,9:30:04.421161395,T,KO,F I,2,68.65
2025-11-03,9:30:04.421606452,T,KO,I,6,68.66
2025-11-03,9:30:04.421609526,T,KO,I,25,68.66
2025-11-03,9:30:04.421609526,T,KO,,100,68.66
2025-11-03,9:30:04.421612597,T,KO,I,1,68.66
2025-11-03,9:30:04.421627509,T,KO,I,1,68.66
2025-11-03,9:30:04.749534445,T,KO,I,1,68.65
2025-11-03,9:30:04.749534445,T,KO,I,6,68.65
2025-11-03,9:30:05.201483916,T,KO,I,2,68.67
2025-11-03,9:30:05.201483916,T,KO,I,25,68.67
2025-11-03,9:30:05.204479067,T,KO,,100,68.67
2025-11-03,9:30:05.741982267,T,KO,I,2,68.68
2025-11-03,9:30:05.943672671,T,KO,I,3,68.665
2025-11-03,9:30:05.945645329,T,KO,I,2,68.665
2025-11-03,9:30:05.976444750,T,KO,I,2,68.665
2025-11-03,9:30:05.995212410,T,KO,I,3,68.665
2025-11-03,9:30:06.101226931,T,KO,I,2,68.67
2025-11-03,9:30:06.101256950,T,KO,F I,49,68.67
2025-11-03,9:30:06.101263357,T,KO,,100,68.665
2025-11-03,9:30:06.101263357,T,KO,I,2,68.66
2025-11-03,9:30:06.101266794,T,KO,I,2,68.65
2025-11-03,9:30:06.101266794,T,KO,I,25,68.65
2025-11-03,9:30:06.101335120,T,KO,F I,3,68.66
2025-11-03,9:30:06.101489072,T,KO,I,25,68.66
2025-11-03,9:30:06.101489072,T,KO,I,3,68.66
2025-11-03,9:30:06.101492296,T,KO,I,75,68.65
2025-11-03,9:30:06.101492296,T,KO,I,25,68.65
2025-11-03,9:30:06.758724911,T,KO,I,1,68.65
2025-11-03,9:30:06.758724911,T,KO,I,2,68.65
2025-11-03,9:30:06.758775971,T,KO,I,25,68.64
2025-11-03,9:30:06.758779039,T,KO,I,15,68.64
2025-11-03,9:30:06.759248113,T,KO,F I,25,68.63
2025-11-03,9:30:06.759251124,T,KO,F,100,68.63
2025-11-03,9:30:06.760249711,T,KO,F I,25,68.625
2025-11-03,9:30:06.760255540,T,KO,F I,25,68.625
2025-11-03,9:30:06.760261499,T,KO,F I,25,68.625
2025-11-03,9:30:06.760306657,T,KO,F I,25,68.625
2025-11-03,9:30:06.760538229,T,KO,I,25,68.62
2025-11-03,9:30:06.760541209,T,KO,,100,68.62
2025-11-03,9:30:06.760724873,T,KO,F,100,68.62
2025-11-03,9:30:06.760751899,T,KO,F,100,68.62
2025-11-03,9:30:06.776704697,T,KO,F I,25,68.62
2025-11-03,9:30:07.514629181,T,KO,F I,2,68.62
2025-11-03,9:30:09.601139825,T,KO,,100,68.6
2025-11-03,9:30:09.601139825,T,KO,I,1,68.6
2025-11-03,9:30:09.979609120,T,KO,F I,1,68.54
2025-11-03,9:30:09.979657357,T,KO,I,25,68.53
2025-11-03,9:30:09.979657357,T,KO,,100,68.53
2025-11-03,9:30:10.016353627,T,KO,,100,68.52
2025-11-03,9:30:10.016464910,T,KO,,100,68.53
2025-11-03,9:30:10.016467916,T,KO,I,25,68.53
2025-11-03,9:30:10.016467916,T,KO,I,5,68.53
2025-11-03,9:30:10.016597405,T,KO,,200,68.53
2025-11-03,9:30:10.016600282,T,KO,,100,68.52
2025-11-03,9:30:10.016618358,T,KO,I,1,68.52
2025-11-03,9:30:10.016624370,T,KO,F,100,68.54
2025-11-03,9:30:10.016627333,T,KO,F I,25,68.54
2025-11-03,9:30:10.016651444,T,KO,I,99,68.52
2025-11-03,9:30:10.016651444,T,KO,I,25,68.52
2025-11-03,9:30:10.016654724,T,KO,,100,68.52
2025-11-03,9:30:10.016780633,T,KO,F I,25,68.54
2025-11-03,9:30:10.016783675,T,KO,F,100,68.54
2025-11-03,9:30:10.016867956,T,KO,F I,25,68.54
2025-11-03,9:30:10.016976211,T,KO,F,100,68.54
2025-11-03,9:30:10.016976211,T,KO,F I,25,68.54
2025-11-03,9:30:10.017241017,T,KO,F,100,68.54
2025-11-03,9:30:10.017241017,T,KO,F I,25,68.54
2025-11-03,9:30:10.017391139,T,KO,,100,68.53
2025-11-03,9:30:10.017415228,T,KO,I,25,68.53
2025-11-03,9:30:10.017418176,T,KO,I,6,68.53
2025-11-03,9:30:10.017421255,T,KO,,100,68.53
2025-11-03,9:30:10.017424236,T,KO,I,99,68.53
2025-11-03,9:30:10.018209061,T,KO,F,100,68.55
2025-11-03,9:30:10.019279624,T,KO,F,100,68.56
2025-11-03,9:30:10.019279624,T,KO,F I,25,68.56
2025-11-03,9:30:10.019986331,T,KO,F,100,68.57
2025-11-03,9:30:10.019989335,T,KO,F I,25,68.57
2025-11-03,9:30:10.020070561,T,KO,,200,68.57
2025-11-03,9:30:10.020220955,T,KO,I,2,68.56
2025-11-03,9:30:10.020220955,T,KO,I,25,68.56
2025-11-03,9:30:10.050530031,T,KO,F I,2,68.55
2025-11-03,9:30:10.050572143,T,KO,F I,25,68.55
2025-11-03,9:30:10.050617278,T,KO,F I,38,68.55
2025-11-03,9:30:10.053233527,T,KO,I,27,68.545
2025-11-03,9:30:10.053242557,T,KO,I,27,68.545
2025-11-03,9:30:10.053257570,T,KO,I,27,68.545
2025-11-03,9:30:10.053290632,T,KO,I,27,68.545
2025-11-03,9:30:10.053383870,T,KO,F I,2,68.545
2025-11-03,9:30:10.053831982,T,KO,F I,2,68.54
2025-11-03,9:30:10.053895055,T,KO,F,100,68.54
2025-11-03,9:30:10.053913541,T,KO,I,62,68.54
2025-11-03,9:30:10.053916455,T,KO,I,1,68.54
2025-11-03,9:30:10.053931164,T,KO,F I,24,68.54
2025-11-03,9:30:10.067899392,T,KO,,100,68.55
2025-11-03,9:30:10.069241169,T,KO,F I,25,68.54
2025-11-03,9:30:10.121629559,T,KO,,100,68.54
2025-11-03,9:30:10.121631554,T,KO,I,96,68.54
2025-11-03,9:30:10.121634770,T,KO,,100,68.54
2025-11-03,9:30:10.121634770,T,KO,,200,68.54
2025-11-03,9:30:10.121637484,T,KO,,100,68.54
2025-11-03,9:30:10.924218908,T,KO,F I,2,68.54
2025-11-03,9:30:11.028023067,T,KO,F I,25,68.56
2025-11-03,9:30:11.036446138,T,KO,F I,3,68.55
2025-11-03,9:30:11.036476246,T,KO,F,300,68.56
2025-11-03,9:30:14.184852482,T,KO,,100,68.53
2025-11-03,9:30:14.184854963,T,KO,I,25,68.53
2025-11-03,9:30:14.184854963,T,KO,I,3,68.53
2025-11-03,9:30:14.184876290,T,KO,I,1,68.53
2025-11-03,9:30:14.744656133,T,KO,I,8,68.535
2025-11-03,9:30:15.523998315,T,KO,,100,68.54
2025-11-03,9:30:16.867120319,T,KO,I,20,68.535
2025-11-03,9:30:16.867120319,T,KO,,200,68.535
2025-11-03,9:30:17.239972511,T,KO,F,100,68.53
2025-11-03,9:30:17.239975363,T,KO,F I,38,68.52
2025-11-03,9:30:17.239981568,T,KO,I,62,68.52
2025-11-03,9:30:17.239981568,T,KO,I,25,68.52
2025-11-03,9:30:18.886865734,T,KO,I,10,68.515
2025-11-03,9:30:18.886868653,T,KO,,100,68.515
2025-11-03,9:30:18.887488204,T,KO,I,5,68.53
2025-11-03,9:30:18.888005468,T,KO,,100,68.52
2025-11-03,9:30:18.888008887,T,KO,I,9,68.52
2025-11-03,9:30:18.888012167,T,KO,,100,68.52
2025-11-03,9:30:18.888012167,T,KO,I,25,68.52
2025-11-03,9:30:18.888014433,T,KO,,100,68.52
2025-11-03,9:30:18.888017857,T,KO,I,19,68.52
2025-11-03,9:30:18.898386123,T,KO,,178,68.52
2025-11-03,9:30:18.898404208,T,KO,I,1,68.52
2025-11-03,9:30:18.898410174,T,KO,,621,68.52
2025-11-03,9:30:18.898413161,T,KO,I,9,68.52
2025-11-03,9:30:19.135200111,T,KO,F I,10,68.53
2025-11-03,9:30:19.360851595,T,KO,I,71,68.53
2025-11-03,9:30:19.360989937,T,KO,I,29,68.53
2025-11-03,9:30:20.689972164,T,KO,F,100,68.53
2025-11-03,9:30:20.981203829,T,KO,,100,68.535
2025-11-03,9:30:20.985630911,T,KO,,100,68.55
2025-11-03,9:30:21.452336189,T,KO,,100,68.54
2025-11-03,9:30:21.452336189,T,KO,I,25,68.54
2025-11-03,9:30:21.452339020,T,KO,I,19,68.54
2025-11-03,9:30:21.452576445,T,KO,F,100,68.54
2025-11-03,9:30:21.452651610,T,KO,F I,1,68.54
2025-11-03,9:30:21.453857498,T,KO,F,308,68.54
2025-11-03,9:30:21.454540110,T,KO,F,1092,68.54
2025-11-03,9:30:21.455334650,T,KO,,100,68.54
2025-11-03,9:30:21.455334650,T,KO,,100,68.54
2025-11-03,9:30:21.455337035,T,KO,,100,68.54
2025-11-03,9:30:21.460434179,T,KO,I,99,68.54
2025-11-03,9:30:21.694924127,T,KO,F,100,68.55
2025-11-03,9:30:21.749443699,T,KO,I,10,68.55
2025-11-03,9:30:21.749461638,T,KO,F I,90,68.55
2025-11-03,9:30:21.749464615,T,KO,F,100,68.55
2025-11-03,9:30:21.749906625,T,KO,F,100,68.55
2025-11-03,9:30:22.918992147,T,KO,F,100,68.53
2025-11-03,9:30:26.018071189,T,KO,F,100,68.52
2025-11-03,9:30:26.087861850,T,KO,,100,68.525
2025-11-03,9:30:26.245289352,T,KO,I,3,68.535
2025-11-03,9:30:26.371133262,T,KO,F,100,68.52
2025-11-03,9:30:26.371136164,T,KO,F I,25,68.52
2025-11-03,9:30:27.530770293,T,KO,F I,5,68.5
2025-11-03,9:30:27.530776150,T,KO,F,100,68.5
2025-11-03,9:30:27.530779687,T,KO,F I,3,68.5
2025-11-03,9:30:27.530783479,T,KO,F I,20,68.5
2025-11-03,9:30:27.530783479,T,KO,F I,20,68.5
2025-11-03,9:30:27.530788076,T,KO,F I,5,68.5
2025-11-03,9:30:27.530791264,T,KO,F I,15,68.5
2025-11-03,9:30:27.530791264,T,KO,F I,1,68.5
2025-11-03,9:30:27.530795596,T,KO,F I,1,68.5
2025-11-03,9:30:27.530795596,T,KO,F I,20,68.5
2025-11-03,9:30:27.530800160,T,KO,F I,50,68.5
2025-11-03,9:30:27.541770222,T,KO,I,25,68.5
2025-11-03,9:30:27.541770222,T,KO,I,5,68.5
2025-11-03,9:30:27.542068002,T,KO,F,100,68.51
2025-11-03,9:30:27.542068002,T,KO,F I,25,68.51
2025-11-03,9:30:28.532434759,T,KO,F I,25,68.5
2025-11-03,9:30:28.532437684,T,KO,F I,13,68.5
2025-11-03,9:30:28.546396925,T,KO,,200,68.5
2025-11-03,9:30:28.546400018,T,KO,I,32,68.5
2025-11-03,9:30:28.546802925,T,KO,F I,2,68.51
2025-11-03,9:30:28.546802925,T,KO,F,110,68.51
2025-11-03,9:30:28.547160808,T,KO,,100,68.5
2025-11-03,9:30:28.547160808,T,KO,I,25,68.5
2025-11-03,9:30:28.553788551,T,KO,F I,20,68.49
2025-11-03,9:30:28.553791610,T,KO,F I,65,68.49
2025-11-03,9:30:28.553978012,T,KO,F,100,68.49
2025-11-03,9:30:28.555932665,T,KO,I,25,68.51
2025-11-03,9:30:28.719880149,T,KO,,100,68.51
2025-11-03,9:30:30.727660418,T,KO,,100,68.5
2025-11-03,9:30:30.727664299,T,KO,,100,68.5
2025-11-03,9:30:30.727670328,T,KO,I,25,68.49
2025-11-03,9:30:30.727675162,T,KO,I,24,68.49
2025-11-03,9:30:30.727690200,T,KO,F I,76,68.49
2025-11-03,9:30:30.727690200,T,KO,F,124,68.49
2025-11-03,9:30:30.727693871,T,KO,F I,54,68.49
2025-11-03,9:30:30.727693871,T,KO,F,136,68.49
2025-11-03,9:30:30.728662153,T,KO,,100,68.47
2025-11-03,9:30:30.728664593,T,KO,I,25,68.47
2025-11-03,9:30:30.730691307,T,KO,,100,68.46
2025-11-03,9:30:30.730694432,T,KO,,400,68.46
2025-11-03,9:30:30.730697382,T,KO,,100,68.46
2025-11-03,9:30:30.731398070,T,KO,,100,68.46
2025-11-03,9:30:30.731713804,T,KO,,100,68.45
2025-11-03,9:30:30.732020574,T,KO,,100,68.45
2025-11-03,9:30:30.732502479,T,KO,F I,70,68.46
2025-11-03,9:30:30.732724160,T,KO,,100,68.46
2025-11-03,9:30:30.732982870,T,KO,I,7,68.46
2025-11-03,9:30:30.732985812,T,KO,I,50,68.46
2025-11-03,9:30:31.287407288,T,KO,,100,68.43
2025-11-03,9:30:31.287425660,T,KO,I,1,68.43
2025-11-03,9:30:31.650742541,T,KO,F,100,68.45
2025-11-03,9:30:31.650805118,T,KO,,100,68.45
2025-11-03,9:30:31.650807842,T,KO,,100,68.45
2025-11-03,9:30:31.650958155,T,KO,F,100,68.45
2025-11-03,9:30:31.651487452,T,KO,,100,68.45
2025-11-03,9:30:31.651490409,T,KO,,100,68.45
2025-11-03,9:30:31.777909373,T,KO,F,100,68.45
2025-11-03,9:30:31.777911514,T,KO,F,219,68.45
2025-11-03,9:30:33.049192330,T,KO,,217,68.44
2025-11-03,9:30:33.051273279,T,KO,,100,68.44
2025-11-03,9:30:33.051426634,T,KO,F,100,68.45
2025-11-03,9:30:33.051429624,T,KO,F I,25,68.45
2025-11-03,9:30:33.051567959,T,KO,,100,68.45
2025-11-03,9:30:33.051571018,T,KO,,100,68.45
2025-11-03,9:30:33.051619155,T,KO,F,100,68.45
2025-11-03,9:30:33.052034050,T,KO,F,100,68.45
2025-11-03,9:30:33.052034050,T,KO,F,100,68.45
2025-11-03,9:30:33.070687528,T,KO,I,25,68.44
2025-11-03,9:30:34.117860031,T,KO,,100,68.46
2025-11-03,9:30:34.118855050,T,KO,,100,68.46
2025-11-03,9:30:34.118876242,T,KO,I,5,68.47
2025-11-03,9:30:34.118879092,T,KO,,100,68.47
2025-11-03,9:30:34.118906484,T,KO,,100,68.45
2025-11-03,9:30:34.118906484,T,KO,I,25,68.45
2025-11-03,9:30:34.118910291,T,KO,I,36,68.45
2025-11-03,9:30:34.118967187,T,KO,F I,36,68.46
2025-11-03,9:30:34.119185816,T,KO,,100,68.47
2025-11-03,9:30:34.119191965,T,KO,,100,68.46
2025-11-03,9:30:34.119191965,T,KO,,100,68.46
2025-11-03,9:30:34.119191965,T,KO,I,25,68.46
2025-11-03,9:30:34.119261037,T,KO,I,25,68.46
2025-11-03,9:30:34.119435515,T,KO,,100,68.46
2025-11-03,9:30:34.925784859,T,KO,I,25,68.44
2025-11-03,9:30:35.201563105,T,KO,,100,68.42
2025-11-03,9:30:35.201565964,T,KO,I,25,68.42
2025-11-03,9:30:35.201565964,T,KO,I,1,68.42
2025-11-03,9:30:36.442777785,T,KO,,100,68.42
2025-11-03,9:30:36.455269571,T,KO,,100,68.42
2025-11-03,9:30:36.455269571,T,KO,,141,68.41
2025-11-03,9:30:36.455287606,T,KO,I,1,68.41
2025-11-03,9:30:42.481445516,T,KO,I,1,68.4
2025-11-03,9:30:42.481445516,T,KO,I,1,68.4
2025-11-03,9:30:42.481448092,T,KO,I,1,68.4
2025-11-03,9:30:42.481451975,T,KO,,100,68.4
2025-11-03,9:30:42.481454090,T,KO,I,25,68.4
2025-11-03,9:30:42.481472288,T,KO,F I,3,68.4
2025-11-03,9:30:42.481772859,T,KO,I,47,68.41
2025-11-03,9:30:42.482242067,T,KO,I,47,68.39
2025-11-03,9:30:42.603409564,T,KO,I,4,68.37
2025-11-03,9:30:46.329042953,T,KO,,100,68.36
2025-11-03,9:30:46.357941794,T,KO,I,67,68.35
2025-11-03,9:30:46.494385697,T,KO,I,10,68.35
2025-11-03,9:30:46.497143347,T,KO,I,25,68.37
2025-11-03,9:30:46.507368193,T,KO,F I,25,68.39
2025-11-03,9:30:46.507370600,T,KO,F,400,68.39
2025-11-03,9:30:46.508441241,T,KO,,300,68.4
2025-11-03,9:30:46.508441241,T,KO,I,25,68.4
2025-11-03,9:30:46.508684872,T,KO,,100,68.39
2025-11-03,9:30:46.508687788,T,KO,,100,68.39
2025-11-03,9:30:46.508769046,T,KO,,100,68.39
2025-11-03,9:30:46.508771937,T,KO,I,24,68.39
2025-11-03,9:30:46.508889646,T,KO,I,1,68.39
2025-11-03,9:30:46.508892340,T,KO,I,25,68.39
2025-11-03,9:30:46.508892340,T,KO,I,74,68.4
2025-11-03,9:30:46.508916739,T,KO,,100,68.39
2025-11-03,9:30:46.508919390,T,KO,I,21,68.39
2025-11-03,9:30:46.508922563,T,KO,I,74,68.39
2025-11-03,9:30:46.509223407,T,KO,F I,25,68.39
2025-11-03,9:30:46.509223407,T,KO,F I,21,68.39
2025-11-03,9:30:46.509247118,T,KO,F I,21,68.39
2025-11-03,9:30:46.509274222,T,KO,F I,5,68.39
2025-11-03,9:30:46.509274222,T,KO,F,200,68.39
2025-11-03,9:30:46.509956760,T,KO,F I,25,68.39
2025-11-03,9:30:46.510028944,T,KO,F I,25,68.39
2025-11-03,9:30:46.846340935,T,KO,I,95,68.4
2025-11-03,9:30:46.846368002,T,KO,F,100,68.4
2025-11-03,9:30:47.431667079,T,KO,F,100,68.39
2025-11-03,9:30:47.431685080,T,KO,I,1,68.39
2025-11-03,9:30:47.435492141,T,KO,I,60,68.39
2025-11-03,9:30:47.435519274,T,KO,I,40,68.39
2025-11-03,9:30:50.662901869,T,KO,I,9,68.38
2025-11-03,9:30:50.662931940,T,KO,F I,10,68.38
2025-11-03,9:30:51.850304119,T,KO,I,14,68.38
2025-11-03,9:30:52.388751460,T,KO,,190,68.37
2025-11-03,9:30:52.388754550,T,KO,I,51,68.36
2025-11-03,9:30:52.388781530,T,KO,F I,77,68.38
2025-11-03,9:30:54.494408613,T,KO,F I,9,68.4
2025-11-03,9:30:54.494408613,T,KO,F I,25,68.4
2025-11-03,9:30:54.494412327,T,KO,F,100,68.4
2025-11-03,9:30:54.494412327,T,KO,F I,5,68.4
2025-11-03,9:30:54.494429580,T,KO,I,1,68.4
2025-11-03,9:30:54.494453621,T,KO,,109,68.4
2025-11-03,9:30:54.495398232,T,KO,I,25,68.42
2025-11-03,9:30:54.495401002,T,KO,I,8,68.42
2025-11-03,9:30:54.495404321,T,KO,I,79,68.42
2025-11-03,9:30:54.495419508,T,KO,I,21,68.42
2025-11-03,9:30:54.495421940,T,KO,I,15,68.42
2025-11-03,9:30:54.495743696,T,KO,F I,85,68.42
2025-11-03,9:30:54.495878987,T,KO,,100,68.41
2025-11-03,9:30:54.495878987,T,KO,I,77,68.41
2025-11-03,9:30:54.495881973,T,KO,,100,68.41
2025-11-03,9:30:54.496186289,T,KO,,100,68.42
2025-11-03,9:30:54.496188710,T,KO,,100,68.42
2025-11-03,9:30:54.496354516,T,KO,,100,68.41
2025-11-03,9:30:54.496354516,T,KO,I,21,68.41
2025-11-03,9:30:54.496357240,T,KO,I,25,68.41
2025-11-03,9:30:54.496357240,T,KO,I,56,68.41
2025-11-03,9:30:54.496360241,T,KO,,100,68.41
2025-11-03,9:30:55.564576520,T,KO,I,25,68.39
2025-11-03,9:30:58.691519835,T,KO,F I,10,68.39
2025-11-03,9:30:58.691522870,T,KO,F I,68,68.39
2025-11-03,9:30:58.691559975,T,KO,F I,32,68.39
2025-11-03,9:30:58.691562264,T,KO,F I,57,68.4
2025-11-03,9:30:58.691565755,T,KO,F I,21,68.4
2025-11-03,9:30:58.691567966,T,KO,F,290,68.41
2025-11-03,9:30:58.691859585,T,KO,,100,68.4
2025-11-03,9:30:58.691913806,T,KO,F I,49,68.4
2025-11-03,9:30:58.691967859,T,KO,I,2,68.4
2025-11-03,9:30:58.692019041,T,KO,I,50,68.4
2025-11-03,9:30:58.692364831,T,KO,F,451,68.4
2025-11-03,9:30:58.692364831,T,KO,F I,50,68.4
2025-11-03,9:30:58.692385898,T,KO,I,1,68.4
2025-11-03,9:30:58.692500100,T,KO,F I,49,68.4
2025-11-03,9:31:00.008149017,T,KO,F I,10,68.385
2025-11-03,9:31:00.008149017,T,KO,F I,49,68.39
2025-11-03,9:31:00.008196780,T,KO,I,8,68.39
2025-11-03,9:31:00.008196780,T,KO,I,2,68.39
2025-11-03,9:31:00.008238839,T,KO,,100,68.39
2025-11-03,9:31:01.009172760,T,KO,,190,68.39
2025-11-03,9:31:01.009172760,T,KO,I,51,68.38
2025-11-03,9:31:01.009190882,T,KO,,113,68.38
2025-11-03,9:31:01.009211909,T,KO,I,1,68.38
2025-11-03,9:31:01.009229876,T,KO,,135,68.38
2025-11-03,9:31:01.009232983,T,KO,I,1,68.38
2025-11-03,9:31:01.009232983,T,KO,I,99,68.38
2025-11-03,9:31:01.009236013,T,KO,I,36,68.38
2025-11-03,9:31:01.009238938,T,KO,F,136,68.38
2025-11-03,9:31:01.009326166,T,KO,,100,68.38
2025-11-03,9:31:01.009363263,T,KO,I,25,68.39
2025-11-03,9:31:01.009365484,T,KO,,100,68.39
2025-11-03,9:31:01.009368308,T,KO,I,25,68.39
2025-11-03,9:31:01.254506072,T,KO,,100,68.39
2025-11-03,9:31:01.254527245,T,KO,I,25,68.39
2025-11-03,9:31:01.254530182,T,KO,I,19,68.39
2025-11-03,9:31:01.254533251,T,KO,I,81,68.39
2025-11-03,9:31:01.254533251,T,KO,I,44,68.39
2025-11-03,9:31:03.747308210,T,KO,I,25,68.39
2025-11-03,9:31:04.110140414,T,KO,F I,8,68.41
2025-11-03,9:31:04.110143388,T,KO,F,300,68.41
2025-11-03,9:31:04.110146410,T,KO,F I,25,68.41
2025-11-03,9:31:04.110549414,T,KO,F I,25,68.42
2025-11-03,9:31:04.110675661,T,KO,F I,25,68.42
2025-11-03,9:31:04.319754673,T,KO,,100,68.41
2025-11-03,9:31:06.250677609,T,KO,I,4,68.41
2025-11-03,9:31:11.173618665,T,KO,,100,68.42
2025-11-03,9:31:11.812764016,T,KO,,100,68.42
2025-11-03,9:31:11.831862392,T,KO,F,200,68.43
2025-11-03,9:31:11.831916502,T,KO,,100,68.42
2025-11-03,9:31:11.831937523,T,KO,I,1,68.42
2025-11-03,9:31:11.832157643,T,KO,,100,68.43
2025-11-03,9:31:11.832160070,T,KO,,100,68.43
2025-11-03,9:31:11.832187194,T,KO,I,25,68.42
2025-11-03,9:31:11.832190137,T,KO,I,9,68.42
2025-11-03,9:31:11.832376626,T,KO,,100,68.43
2025-11-03,9:31:11.832806677,T,KO,I,25,68.42
2025-11-03,9:31:11.833023152,T,KO,I,32,68.43
2025-11-03,9:31:11.833068312,T,KO,F I,25,68.43
2025-11-03,9:31:11.833627550,T,KO,F,100,68.43
2025-11-03,9:31:12.130344317,T,KO,,100,68.44
2025-11-03,9:31:12.130380557,T,KO,,100,68.45
2025-11-03,9:31:12.130383347,T,KO,I,25,68.45
2025-11-03,9:31:12.379397588,T,KO,F,100,68.465
2025-11-03,9:31:12.380230411,T,KO,F,100,68.46
2025-11-03,9:31:12.381129624,T,KO,F,400,68.46
2025-11-03,9:31:12.381166235,T,KO,I,5,68.47
2025-11-03,9:31:12.381183688,T,KO,F,100,68.46
2025-11-03,9:31:12.381189698,T,KO,F,100,68.46
2025-11-03,9:31:12.381196377,T,KO,F,100,68.47
2025-11-03,9:31:12.381207828,T,KO,I,1,68.46
2025-11-03,9:31:12.381222777,T,KO,F I,24,68.46
2025-11-03,9:31:12.381222777,T,KO,F I,76,68.46
2025-11-03,9:31:12.947240209,T,KO,F,100,68.465
2025-11-03,9:31:12.947240209,T,KO,F,190,68.46
2025-11-03,9:31:13.344059027,T,KO,F,100,68.47
2025-11-03,9:31:13.344386870,T,KO,F I,25,68.48
2025-11-03,9:31:13.344386870,T,KO,F,300,68.48
2025-11-03,9:31:13.477871760,T,KO,,100,68.5
2025-11-03,9:31:18.105268962,T,KO,I,10,68.49
2025-11-03,9:31:18.499931956,T,KO,I,36,68.49
2025-11-03,9:31:21.296057667,T,KO,,300,68.495
2025-11-03,9:31:22.696041987,T,KO,I,25,68.47
2025-11-03,9:31:22.696045097,T,KO,,100,68.47
2025-11-03,9:31:22.696045097,T,KO,I,5,68.47
2025-11-03,9:31:22.952282323,T,KO,,100,68.47
2025-11-03,9:31:24.945311992,T,KO,F I,10,68.47
2025-11-03,9:31:24.945477387,T,KO,I,2,68.48
2025-11-03,9:31:24.945486381,T,KO,I,5,68.48
2025-11-03,9:31:24.945492442,T,KO,,100,68.48
2025-11-03,9:31:24.945630782,T,KO,I,37,68.47
2025-11-03,9:31:24.945634283,T,KO,I,35,68.47
2025-11-03,9:31:24.945636793,T,KO,,100,68.47
2025-11-03,9:31:24.945639845,T,KO,I,25,68.47
2025-11-03,9:31:24.945639845,T,KO,I,24,68.47
2025-11-03,9:31:24.945648804,T,KO,,165,68.47
2025-11-03,9:31:24.945654865,T,KO,I,1,68.47
2025-11-03,9:31:24.945974767,T,KO,I,25,68.47
2025-11-03,9:31:24.945980793,T,KO,,100,68.47
2025-11-03,9:31:24.945991701,T,KO,I,4,68.47
2025-11-03,9:31:24.945994700,T,KO,,100,68.47
2025-11-03,9:31:24.946036826,T,KO,F I,35,68.47
2025-11-03,9:31:24.946036826,T,KO,F I,30,68.47
2025-11-03,9:31:24.946051815,T,KO,I,35,68.47
2025-11-03,9:31:25.182601164,T,KO,F,100,68.47
2025-11-03,9:31:25.182604154,T,KO,F I,9,68.47
2025-11-03,9:31:25.182610223,T,KO,F I,3,68.47
2025-11-03,9:31:29.015731576,T,KO,F,100,68.44
2025-11-03,9:31:35.323576196,T,KO,I,5,68.435
2025-11-03,9:31:35.603149005,T,KO,F I,5,68.45
2025-11-03,9:31:35.619634994,T,KO,I,49,68.46
2025-11-03,9:31:36.315975847,T,KO,F,200,68.47
2025-11-03,9:31:37.096993282,T,KO,F I,9,68.52
2025-11-03,9:31:37.103819720,T,KO,I,25,68.51
2025-11-03,9:31:37.103831399,T,KO,F I,25,68.51
2025-11-03,9:31:37.103933659,T,KO,F I,75,68.51
2025-11-03,9:31:37.264657464,T,KO,,100,68.51
2025-11-03,9:31:45.019975343,T,KO,F I,90,68.51
2025-11-03,9:31:45.019999524,T,KO,F I,10,68.51
2025-11-03,9:31:45.773621266,T,KO,,130,68.525
2025-11-03,9:31:46.257287174,T,KO,I,4,68.52
2025-11-03,9:31:51.111081525,T,KO,F I,23,68.52
2025-11-03,9:31:51.111592710,T,KO,F,100,68.51
2025-11-03,9:31:51.111674507,T,KO,F,100,68.51
2025-11-03,9:31:51.111743123,T,KO,,100,68.5
2025-11-03,9:31:51.111746391,T,KO,I,25,68.5
2025-11-03,9:31:51.111761281,T,KO,I,1,68.505
2025-11-03,9:31:51.112124967,T,KO,F,100,68.51
2025-11-03,9:31:51.112170810,T,KO,I,36,68.5
2025-11-03,9:31:51.112173088,T,KO,I,25,68.5
2025-11-03,9:31:51.112176108,T,KO,,100,68.5
2025-11-03,9:31:51.112212174,T,KO,F,100,68.5
2025-11-03,9:31:51.112221249,T,KO,F I,1,68.5
2025-11-03,9:31:51.112263359,T,KO,F I,25,68.5
2025-11-03,9:31:51.112600108,T,KO,I,25,68.5
2025-11-03,9:31:51.113102296,T,KO,F I,12,68.51
2025-11-03,9:31:52.111287712,T,KO,F I,45,68.5
2025-11-03,9:31:52.111291685,T,KO,F I,4,68.5
2025-11-03,9:31:53.111749560,T,KO,F I,8,68.5
2025-11-03,9:31:56.700042807,T,KO,I,90,68.54
2025-11-03,9:32:01.321365453,T,KO,I,5,68.55
2025-11-03,9:32:01.321909743,T,KO,F I,33,68.57
2025-11-03,9:32:02.597469829,T,KO,I,3,68.57
2025-11-03,9:32:04.047331106,T,KO,I,1,68.58
2025-11-03,9:32:04.047331106,T,KO,,200,68.58
2025-11-03,9:32:04.066068591,T,KO,I,16,68.59
2025-11-03,9:32:04.066093360,T,KO,I,1,68.59
2025-11-03,9:32:04.066119765,T,KO,F,323,68.59
2025-11-03,9:32:04.066122752,T,KO,F,236,68.59
2025-11-03,9:32:04.631285787,T,KO,F,100,68.59
2025-11-03,9:32:07.666622021,T,KO,F I,86,68.65
2025-11-03,9:32:07.666628027,T,KO,F I,86,68.65
2025-11-03,9:32:07.666649317,T,KO,F,104,68.65
2025-11-03,9:32:07.764240605,T,KO,,646,68.65
2025-11-03,9:32:07.765016384,T,KO,F,100,68.63
2025-11-03,9:32:07.765016384,T,KO,F I,41,68.63
2025-11-03,9:32:07.765019367,T,KO,F I,1,68.63
2025-11-03,9:32:07.765019367,T,KO,F I,99,68.63
2025-11-03,9:32:07.765098318,T,KO,F,100,68.63
2025-11-03,9:32:07.765112629,T,KO,F,100,68.63
2025-11-03,9:32:07.765214890,T,KO,F I,25,68.62
2025-11-03,9:32:08.120228376,T,KO,,200,68.625
2025-11-03,9:32:08.120228376,T,KO,I,4,68.625
2025-11-03,9:32:08.341979578,T,KO,,100,68.63
2025-11-03,9:32:08.341985632,T,KO,I,2,68.63
2025-11-03,9:32:08.341985632,T,KO,I,51,68.63
2025-11-03,9:32:08.341988610,T,KO,,100,68.63
2025-11-03,9:32:13.723386527,T,KO,,100,68.62
2025-11-03,9:32:13.723413969,T,KO,F I,25,68.61
2025-11-03,9:32:13.723413969,T,KO,F,100,68.61
2025-11-03,9:32:17.579046599,T,KO,F I,4,68.59
2025-11-03,9:32:19.662050710,T,KO,F I,3,68.585
2025-11-03,9:32:19.662065746,T,KO,F I,3,68.585
2025-11-03,9:32:19.662077797,T,KO,F I,3,68.585
2025-11-03,9:32:19.662080795,T,KO,F I,3,68.585
2025-11-03,9:32:19.662113928,T,KO,I,3,68.585
2025-11-03,9:32:19.804782689,T,KO,F I,3,68.58
2025-11-03,9:32:23.895822346,T,KO,F I,2,68.58
2025-11-03,9:32:26.108841234,T,KO,I,10,68.575
2025-11-03,9:32:26.732231931,T,KO,F I,49,68.59
2025-11-03,9:32:26.732267956,T,KO,,100,68.6
2025-11-03,9:32:26.732271636,T,KO,I,25,68.6
2025-11-03,9:32:26.732271636,T,KO,I,37,68.6
2025-11-03,9:32:26.732274027,T,KO,,180,68.6
2025-11-03,9:32:26.732292016,T,KO,I,1,68.6
2025-11-03,9:32:26.733034895,T,KO,F I,40,68.61
2025-11-03,9:32:26.733402279,T,KO,I,39,68.6
2025-11-03,9:32:26.733402279,T,KO,I,42,68.6
2025-11-03,9:32:26.733405300,T,KO,,100,68.6
2025-11-03,9:32:26.733407891,T,KO,I,25,68.6
2025-11-03,9:32:26.733407891,T,KO,I,37,68.6
2025-11-03,9:32:26.737049356,T,KO,,100,68.595
2025-11-03,9:32:26.737049356,T,KO,I,39,68.59
2025-11-03,9:32:26.737073516,T,KO,F,100,68.59
2025-11-03,9:32:27.364064007,T,KO,,400,68.59
2025-11-03,9:32:27.364064007,T,KO,I,84,68.59
2025-11-03,9:32:27.364064007,T,KO,I,49,68.59
2025-11-03,9:32:27.364428405,T,KO,,100,68.6
2025-11-03,9:32:27.364430631,T,KO,I,49,68.6
2025-11-03,9:32:27.887833338,T,KO,F I,49,68.61
2025-11-03,9:32:27.887836281,T,KO,F I,1,68.61
2025-11-03,9:32:27.888329356,T,KO,I,25,68.62
2025-11-03,9:32:27.888329356,T,KO,,100,68.62
2025-11-03,9:32:27.888332395,T,KO,I,31,68.62
2025-11-03,9:32:38.325010652,T,KO,I,36,68.6
2025-11-03,9:32:38.325010652,T,KO,F I,64,68.6
2025-11-03,9:32:41.153631529,T,KO,I,1,68.59
2025-11-03,9:32:42.217646781,T,KO,F I,22,68.57
2025-11-03,9:32:42.217646781,T,KO,F I,1,68.57
2025-11-03,9:32:44.365530422,T,KO,,100,68.55
2025-11-03,9:32:55.935818481,T,KO,I,5,68.53
2025-11-03,9:33:00.274152174,T,KO,,100,68.515
2025-11-03,9:33:08.890471806,T,KO,F I,5,68.51
2025-11-03,9:33:10.420097938,T,KO,I,1,68.53
2025-11-03,9:33:12.170182158,T,KO,F,100,68.52
2025-11-03,9:33:17.022761683,T,KO,F I,4,68.495
2025-11-03,9:33:17.022776752,T,KO,F I,4,68.495
2025-11-03,9:33:17.022782650,T,KO,F I,4,68.495
2025-11-03,9:33:17.022785679,T,KO,F I,4,68.495
2025-11-03,9:33:17.022791729,T,KO,F I,4,68.495
2025-11-03,9:33:17.022791729,T,KO,F I,4,68.495
2025-11-03,9:33:17.022797714,T,KO,F I,4,68.495
2025-11-03,9:33:17.022800772,T,KO,F I,4,68.495
2025-11-03,9:33:17.022803753,T,KO,F I,4,68.495
2025-11-03,9:33:17.022806682,T,KO,F I,4,68.495
2025-11-03,9:33:17.022809730,T,KO,F I,4,68.495
2025-11-03,9:33:17.022815720,T,KO,F I,4,68.49
2025-11-03,9:33:17.022819359,T,KO,F I,4,68.49
2025-11-03,9:33:17.022821800,T,KO,F I,4,68.49
2025-11-03,9:33:17.022827798,T,KO,F I,4,68.49
2025-11-03,9:33:17.022837175,T,KO,F I,4,68.49
2025-11-03,9:33:17.022845767,T,KO,F I,4,68.49
2025-11-03,9:33:17.035897336,T,KO,,100,68.49
2025-11-03,9:33:17.035897336,T,KO,F,100,68.49
2025-11-03,9:33:17.036281817,T,KO,I,38,68.5
2025-11-03,9:33:17.036281817,T,KO,I,1,68.5
2025-11-03,9:33:17.036284809,T,KO,I,33,68.5
2025-11-03,9:33:17.036287801,T,KO,F I,72,68.5
2025-11-03,9:33:17.067402939,T,KO,I,6,68.5
2025-11-03,9:33:17.707666922,T,KO,I,3,68.5
2025-11-03,9:33:17.858527535,T,KO,I,40,68.5
2025-11-03,9:33:17.858527535,T,KO,I,32,68.5
2025-11-03,9:33:22.395796692,T,KO,I,3,68.51
2025-11-03,9:33:23.536458434,T,KO,I,2,68.51
2025-11-03,9:33:24.793392078,T,KO,I,2,68.51
2025-11-03,9:33:25.093056312,T,KO,F I,6,68.5
2025-11-03,9:33:26.302813021,T,KO,I,2,68.5
2025-11-03,9:33:26.394510949,T,KO,F I,25,68.51
2025-11-03,9:33:26.394513479,T,KO,F I,2,68.51
2025-11-03,9:33:26.394516422,T,KO,F I,5,68.51
2025-11-03,9:33:26.394817188,T,KO,,100,68.52
2025-11-03,9:33:26.394820169,T,KO,I,1,68.52
2025-11-03,9:33:28.448826215,T,KO,F,400,68.53
2025-11-03,9:33:28.448826215,T,KO,F I,2,68.53
2025-11-03,9:33:30.111348156,T,KO,,100,68.54
2025-11-03,9:33:30.111348156,T,KO,I,9,68.54
2025-11-03,9:33:30.111351024,T,KO,I,29,68.54
2025-11-03,9:33:30.111353899,T,KO,I,55,68.54
2025-11-03,9:33:41.514503951,T,KO,F,100,68.5
2025-11-03,9:33:41.514519226,T,KO,I,1,68.5
2025-11-03,9:33:42.923308349,T,KO,I,2,68.48
2025-11-03,9:33:45.575748745,T,KO,F I,7,68.47
2025-11-03,9:33:56.333757497,T,KO,,200,68.45
2025-11-03,9:33:57.231987592,T,KO,,100,68.46
2025-11-03,9:33:57.232005634,T,KO,I,1,68.46
2025-11-03,9:33:59.932121498,T,KO,,100,68.435
2025-11-03,9:33:59.938625954,T,KO,I,15,68.435
2025-11-03,9:34:07.221404471,T,KO,F I,5,68.46
2025-11-03,9:34:07.221411034,T,KO,F,457,68.46
2025-11-03,9:34:07.221411034,T,KO,F,200,68.46
2025-11-03,9:34:08.508503286,T,KO,I,25,68.46
2025-11-03,9:34:08.508505938,T,KO,I,2,68.46
2025-11-03,9:34:13.012997371,T,KO,I,4,68.45
2025-11-03,9:34:13.013054904,T,KO,I,42,68.46
2025-11-03,9:34:13.013054904,T,KO,I,17,68.46
2025-11-03,9:34:13.274776740,T,KO,I,17,68.45
2025-11-03,9:34:13.274779857,T,KO,I,42,68.45
2025-11-03,9:34:13.274779857,T,KO,I,69,68.45
2025-11-03,9:34:13.274794822,T,KO,I,1,68.45
2025-11-03,9:34:17.457285302,T,KO,F I,39,68.45
2025-11-03,9:34:17.457288806,T,KO,,342,68.45
2025-11-03,9:34:17.457303457,T,KO,I,86,68.45
2025-11-03,9:34:17.457303457,T,KO,I,1,68.45
2025-11-03,9:34:17.457312359,T,KO,F,462,68.45
2025-11-03,9:34:17.457315469,T,KO,F I,2,68.45
2025-11-03,9:34:17.457315469,T,KO,I,2,68.45
2025-11-03,9:34:18.117895613,T,KO,I,25,68.45
2025-11-03,9:34:18.117899221,T,KO,,300,68.45
2025-11-03,9:34:18.117901665,T,KO,I,1,68.45
2025-11-03,9:34:18.117901665,T,KO,I,43,68.45
2025-11-03,9:34:18.117904711,T,KO,,190,68.45
2025-11-03,9:34:20.147603860,T,KO,F I,3,68.45
2025-11-03,9:34:20.500130551,T,KO,F,190,68.44
2025-11-03,9:34:22.121908070,T,KO,,100,68.45
2025-11-03,9:34:22.121908070,T,KO,I,25,68.45
2025-11-03,9:34:22.122217782,T,KO,I,25,68.46
2025-11-03,9:34:22.196341608,T,KO,I,47,68.45
2025-11-03,9:34:22.196344437,T,KO,I,2,68.45
2025-11-03,9:34:22.196648144,T,KO,I,47,68.44
2025-11-03,9:34:22.196648144,T,KO,,100,68.44
2025-11-03,9:34:22.196648144,T,KO,I,6,68.44
2025-11-03,9:34:24.354341095,T,KO,I,20,68.425
2025-11-03,9:34:24.765086436,T,KO,I,60,68.43
2025-11-03,9:34:24.765601026,T,KO,F I,25,68.44
2025-11-03,9:34:24.765603700,T,KO,F,100,68.44
2025-11-03,9:34:24.765606647,T,KO,F I,34,68.44
2025-11-03,9:34:29.607520007,T,KO,F,200,68.45
2025-11-03,9:34:29.607525769,T,KO,F I,25,68.45
2025-11-03,9:34:29.607525769,T,KO,F I,8,68.45
2025-11-03,9:34:29.607528792,T,KO,F,186,68.45
2025-11-03,9:34:29.607537766,T,KO,F I,14,68.45
2025-11-03,9:34:29.607595354,T,KO,I,15,68.45
2025-11-03,9:34:29.608701546,T,KO,,190,68.455
2025-11-03,9:34:29.748616207,T,KO,I,10,68.45
2025-11-03,9:34:29.748616207,T,KO,I,10,68.45
2025-11-03,9:34:30.020436171,T,KO,,200,68.445
2025-11-03,9:34:34.276716736,T,KO,I,43,68.445
2025-11-03,9:34:34.291427763,T,KO,F I,1,68.46
2025-11-03,9:34:39.523132121,T,KO,F,200,68.47
2025-11-03,9:34:39.523144115,T,KO,F,180,68.47
2025-11-03,9:34:41.408974765,T,KO,F,300,68.47
2025-11-03,9:34:44.247862231,T,KO,F,200,68.46
2025-11-03,9:34:45.761722163,T,KO,I,2,68.45
2025-11-03,9:34:47.882261490,T,KO,I,6,68.44
2025-11-03,9:34:51.033229127,T,KO,F,100,68.43
2025-11-03,9:34:51.033229127,T,KO,I,16,68.42
2025-11-03,9:34:52.333529006,T,KO,F,100,68.42
2025-11-03,9:34:52.333544001,T,KO,I,1,68.42
2025-11-03,9:34:52.335014510,T,KO,I,1,68.42
2025-11-03,9:34:52.335017534,T,KO,I,18,68.42
2025-11-03,9:34:55.430199324,T,KO,,100,68.435
2025-11-03,9:34:56.658721392,T,KO,I,10,68.425
2025-11-03,9:34:59.851001572,T,KO,I,1,68.42
2025-11-03,9:34:59.851001572,T,KO,I,4,68.42
2025-11-03,9:35:00.137277436,T,KO,,200,68.415
2025-11-03,9:35:00.137277436,T,KO,I,10,68.42
2025-11-03,9:35:00.137280319,T,KO,I,25,68.42
2025-11-03,9:35:00.137283363,T,KO,,105,68.42
2025-11-03,9:35:00.137295380,T,KO,I,1,68.42
2025-11-03,9:35:00.137578061,T,KO,F I,27,68.42
2025-11-03,9:35:00.137602571,T,KO,F,106,68.42
2025-11-03,9:35:01.672208104,T,KO,F I,9,68.41
2025-11-03,9:35:01.672806575,T,KO,F I,28,68.4
2025-11-03,9:35:03.055033819,T,KO,I,22,68.39
2025-11-03,9:35:03.055036652,T,KO,,100,68.39
2025-11-03,9:35:03.055039639,T,KO,,190,68.39
2025-11-03,9:35:03.058798682,T,KO,I,45,68.39
2025-11-03,9:35:03.058798682,T,KO,I,1,68.39
2025-11-03,9:35:03.140867372,T,KO,F I,70,68.4
2025-11-03,9:35:03.140870558,T,KO,F I,5,68.4
2025-11-03,9:35:03.140873034,T,KO,F I,25,68.4
2025-11-03,9:35:03.140873034,T,KO,F,200,68.4
2025-11-03,9:35:03.402402915,T,KO,I,22,68.42
2025-11-03,9:35:03.402426987,T,KO,I,23,68.42
2025-11-03,9:35:03.461550816,T,KO,,200,68.425
2025-11-03,9:35:09.688042582,T,KO,F,100,68.42
2025-11-03,9:35:09.688319419,T,KO,,100,68.43
2025-11-03,9:35:09.688322245,T,KO,,100,68.43
2025-11-03,9:35:09.688325309,T,KO,I,2,68.43
2025-11-03,9:35:09.688346944,T,KO,I,1,68.43
2025-11-03,9:35:09.689645444,T,KO,,100,68.43
2025-11-03,9:35:11.482142614,T,KO,F,200,68.44
2025-11-03,9:35:11.482145700,T,KO,F I,2,68.44
2025-11-03,9:35:14.370924906,T,KO,F I,1,68.41
2025-11-03,9:35:14.740793805,T,KO,I,12,68.4
2025-11-03,9:35:17.630087380,T,KO,,100,68.4
2025-11-03,9:35:17.630087380,T,KO,,100,68.4
2025-11-03,9:35:18.336097076,T,KO,I,50,68.41
2025-11-03,9:35:18.336097076,T,KO,I,25,68.41
2025-11-03,9:35:18.336099812,T,KO,,199,68.41
2025-11-03,9:35:18.336114758,T,KO,I,1,68.41
2025-11-03,9:35:20.723140080,T,KO,,100,68.4
2025-11-03,9:35:20.723140080,T,KO,I,25,68.4
2025-11-03,9:35:21.104977349,T,KO,F,100,68.4
2025-11-03,9:35:23.111756538,T,KO,F I,1,68.38
2025-11-03,9:35:24.849360323,T,KO,F,100,68.37
2025-11-03,9:35:24.849375373,T,KO,I,1,68.37
2025-11-03,9:35:24.849378365,T,KO,I,16,68.37
2025-11-03,9:35:25.968457670,T,KO,,100,68.37
2025-11-03,9:35:26.702879239,T,KO,,100,68.37
2025-11-03,9:35:26.702879239,T,KO,I,25,68.38
2025-11-03,9:35:26.702881821,T,KO,,200,68.38
2025-11-03,9:35:26.702896935,T,KO,I,1,68.38
2025-11-03,9:35:29.423214774,T,KO,F I,1,68.37
2025-11-03,9:35:29.423214774,T,KO,F I,39,68.37
2025-11-03,9:35:30.053831785,T,KO,I,6,68.37
2025-11-03,9:35:30.077510341,T,KO,F I,99,68.38
2025-11-03,9:35:31.515414784,T,KO,F,200,68.39
2025-11-03,9:35:31.515414784,T,KO,F,100,68.39
2025-11-03,9:35:34.476684678,T,KO,,100,68.405
2025-11-03,9:35:34.476684678,T,KO,,100,68.41
2025-11-03,9:35:34.476687748,T,KO,,180,68.41
2025-11-03,9:35:34.478867916,T,KO,I,47,68.41
2025-11-03,9:35:34.478867916,T,KO,I,93,68.41
2025-11-03,9:35:34.478898076,T,KO,F I,7,68.41
2025-11-03,9:35:34.478900977,T,KO,F I,1,68.41
2025-11-03,9:35:39.552765472,T,KO,F I,47,68.39
2025-11-03,9:35:39.552768546,T,KO,F I,1,68.39
2025-11-03,9:35:40.991860977,T,KO,,200,68.4
2025-11-03,9:35:41.101595379,T,KO,F I,46,68.41
2025-11-03,9:35:41.101595379,T,KO,F,100,68.41
2025-11-03,9:35:41.877867189,T,KO,I,11,68.415
2025-11-03,9:35:43.600664496,T,KO,,100,68.415
2025-11-03,9:35:48.951784327,T,KO,F,100,68.42
2025-11-03,9:35:48.951784327,T,KO,F,100,68.42
2025-11-03,9:35:48.951786375,T,KO,F I,5,68.42
2025-11-03,9:35:49.762517373,T,KO,I,70,68.43
2025-11-03,9:35:53.496484018,T,KO,I,25,68.44
2025-11-03,9:35:53.496486596,T,KO,,100,68.44
2025-11-03,9:35:53.497024867,T,KO,I,44,68.45
2025-11-03,9:35:55.267858486,T,KO,,100,68.45
2025-11-03,9:36:05.072948460,T,KO,,100,68.45
2025-11-03,9:36:10.594507442,T,KO,F I,56,68.46
2025-11-03,9:36:11.659978278,T,KO,F I,55,68.44
2025-11-03,9:36:11.666786428,T,KO,,100,68.44
2025-11-03,9:36:12.206057663,T,KO,,117,68.44
2025-11-03,9:36:16.325172213,T,KO,F I,1,68.43
2025-11-03,9:36:16.325172213,T,KO,F I,33,68.43
2025-11-03,9:36:16.325178146,T,KO,F I,25,68.43
2025-11-03,9:36:18.205310100,T,KO,I,46,68.42
2025-11-03,9:36:18.205316160,T,KO,I,91,68.42
2025-11-03,9:36:18.205316160,T,KO,I,3,68.42
2025-11-03,9:36:18.206525050,T,KO,F I,1,68.41
2025-11-03,9:36:18.206528006,T,KO,F I,77,68.41
2025-11-03,9:36:18.784970716,T,KO,I,5,68.4
2025-11-03,9:36:19.229636789,T,KO,F,163,68.39
2025-11-03,9:36:19.345289301,T,KO,I,3,68.4
2025-11-03,9:36:20.083830214,T,KO,F I,3,68.39
2025-11-03,9:36:21.016140701,T,KO,I,6,68.38
2025-11-03,9:36:21.042357301,T,KO,I,1,68.38
2025-11-03,9:36:21.539702957,T,KO,F I,1,68.37
2025-11-03,9:36:21.539705788,T,KO,F I,28,68.37
2025-11-03,9:36:21.871585173,T,KO,F,100,68.37
2025-11-03,9:36:22.244404158,T,KO,,100,68.365
2025-11-03,9:36:23.616584344,T,KO,F I,5,68.38
2025-11-03,9:36:23.616584344,T,KO,F I,10,68.38
2025-11-03,9:36:23.616657271,T,KO,I,38,68.38
2025-11-03,9:36:26.153553223,T,KO,I,10,68.39
2025-11-03,9:36:28.062863178,T,KO,,100,68.38
2025-11-03,9:36:28.062863178,T,KO,I,11,68.38
2025-11-03,9:36:28.062881662,T,KO,I,1,68.38
2025-11-03,9:36:28.766034011,T,KO,,100,68.385
2025-11-03,9:36:30.062123906,T,KO,,100,68.4
2025-11-03,9:36:31.040579371,T,KO,F I,6,68.39
2025-11-03,9:36:32.176432608,T,KO,F,261,68.36
2025-11-03,9:36:32.186801308,T,KO,F,100,68.35
2025-11-03,9:36:33.482109312,T,KO,I,2,68.33
2025-11-03,9:36:33.482112380,T,KO,I,12,68.33
2025-11-03,9:36:35.291580194,T,KO,F I,20,68.32
2025-11-03,9:36:35.291582411,T,KO,F I,10,68.32
2025-11-03,9:36:35.291585097,T,KO,F I,10,68.32
2025-11-03,9:36:35.291642155,T,KO,F I,46,68.32
2025-11-03,9:36:35.291648231,T,KO,F I,1,68.32
2025-11-03,9:36:35.291684226,T,KO,F,200,68.32
2025-11-03,9:36:35.291942862,T,KO,I,5,68.32
2025-11-03,9:36:35.293365488,T,KO,F I,95,68.32
2025-11-03,9:36:35.293369073,T,KO,F I,46,68.32
2025-11-03,9:36:35.293369073,T,KO,F I,1,68.32
2025-11-03,9:36:35.293374242,T,KO,F I,46,68.32
2025-11-03,9:36:35.293374242,T,KO,F I,25,68.32
2025-11-03,9:36:35.293377301,T,KO,F,100,68.32
2025-11-03,9:36:35.398546830,T,KO,I,46,68.32
2025-11-03,9:36:36.704409931,T,KO,I,3,68.32
2025-11-03,9:36:41.770236354,T,KO,,100,68.32
2025-11-03,9:36:41.803985722,T,KO,,200,68.32
2025-11-03,9:36:41.806526818,T,KO,,300,68.32
2025-11-03,9:36:42.254488754,T,KO,,100,68.32
2025-11-03,9:36:42.254488754,T,KO,I,25,68.32
2025-11-03,9:36:42.254492412,T,KO,,100,68.32
2025-11-03,9:36:42.254494670,T,KO,I,25,68.32
2025-11-03,9:36:42.254494670,T,KO,,100,68.32
2025-11-03,9:36:42.254997545,T,KO,I,30,68.32
2025-11-03,9:36:42.255000681,T,KO,I,3,68.32
2025-11-03,9:36:42.255003755,T,KO,I,25,68.32
2025-11-03,9:36:42.255003755,T,KO,,100,68.32
2025-11-03,9:36:42.255006845,T,KO,,100,68.32
2025-11-03,9:36:42.255006845,T,KO,,100,68.32
2025-11-03,9:36:42.255048530,T,KO,F,100,68.32
2025-11-03,9:36:42.255051550,T,KO,F I,44,68.32
2025-11-03,9:36:42.255051550,T,KO,F I,3,68.32
2025-11-03,9:36:42.255330663,T,KO,F I,1,68.31
2025-11-03,9:36:42.255333645,T,KO,F,100,68.31
2025-11-03,9:36:42.325815591,T,KO,F I,47,68.31
2025-11-03,9:36:42.325818554,T,KO,F I,47,68.31
2025-11-03,9:36:42.325818554,T,KO,F I,6,68.31
2025-11-03,9:36:42.325836576,T,KO,I,1,68.31
2025-11-03,9:36:42.325839643,T,KO,I,1,68.31
2025-11-03,9:36:42.382320149,T,KO,F I,3,68.31
2025-11-03,9:36:42.871525382,T,KO,F,100,68.31
2025-11-03,9:36:42.871525382,T,KO,F I,1,68.31
2025-11-03,9:36:42.871528252,T,KO,F I,47,68.31
2025-11-03,9:36:42.871528252,T,KO,F I,18,68.31
2025-11-03,9:36:42.872536216,T,KO,F I,50,68.3
2025-11-03,9:36:42.872536216,T,KO,F I,45,68.3
2025-11-03,9:36:42.872542440,T,KO,F I,1,68.3
2025-11-03,9:36:42.872542440,T,KO,F I,82,68.3
2025-11-03,9:36:42.872544765,T,KO,F,100,68.3
2025-11-03,9:36:43.964854265,T,KO,I,21,68.29
2025-11-03,9:36:45.781796796,T,KO,F I,55,68.28
2025-11-03,9:36:45.781799703,T,KO,F I,21,68.28
2025-11-03,9:36:50.325694174,T,KO,F I,70,68.27
2025-11-03,9:36:50.325698207,T,KO,F I,10,68.27
2025-11-03,9:36:50.325698207,T,KO,F I,10,68.27
2025-11-03,9:36:50.325703386,T,KO,F,257,68.27
2025-11-03,9:36:50.782442857,T,KO,I,10,68.27
2025-11-03,9:36:50.782469957,T,KO,I,90,68.27
2025-11-03,9:36:50.783045156,T,KO,I,47,68.27
2025-11-03,9:36:50.783047312,T,KO,,138,68.27
2025-11-03,9:36:50.783778112,T,KO,F I,47,68.27
2025-11-03,9:36:50.783778112,T,KO,F,100,68.27
2025-11-03,9:36:50.783781226,T,KO,F,100,68.27
2025-11-03,9:36:50.783781226,T,KO,F I,47,68.27
2025-11-03,9:36:50.815371340,T,KO,F,100,68.265
2025-11-03,9:36:50.815386331,T,KO,F I,95,68.27
2025-11-03,9:36:50.815408071,T,KO,I,1,68.27
2025-11-03,9:36:51.983885364,T,KO,F I,44,68.26
2025-11-03,9:36:51.983916096,T,KO,I,19,68.26
2025-11-03,9:36:51.983919627,T,KO,I,53,68.26
2025-11-03,9:36:51.983922139,T,KO,I,48,68.26
2025-11-03,9:36:51.983922139,T,KO,I,1,68.26
2025-11-03,9:36:51.983927428,T,KO,I,10,68.26
2025-11-03,9:36:51.983927428,T,KO,I,1,68.26
2025-11-03,9:36:52.025318074,T,KO,I,5,68.25
2025-11-03,9:36:52.025321016,T,KO,I,1,68.25
2025-11-03,9:36:53.108810657,T,KO,I,4,68.23
2025-11-03,9:36:53.609557244,T,KO,I,30,68.23
2025-11-03,9:36:54.321124065,T,KO,F I,5,68.24
2025-11-03,9:36:54.321253385,T,KO,F I,3,68.25
2025-11-03,9:36:54.458810443,T,KO,I,6,68.24
2025-11-03,9:36:54.458812956,T,KO,I,44,68.24
2025-11-03,9:36:54.855150955,T,KO,F I,3,68.25
2025-11-03,9:36:55.769081685,T,KO,I,4,68.25
2025-11-03,9:36:55.824651000,T,KO,I,66,68.25
2025-11-03,9:36:56.709596273,T,KO,,100,68.25
2025-11-03,9:36:56.709598775,T,KO,,100,68.25
2025-11-03,9:36:56.709601737,T,KO,,100,68.25
2025-11-03,9:36:56.709613802,T,KO,I,1,68.25
2025-11-03,9:36:56.713956144,T,KO,F,200,68.255
2025-11-03,9:36:56.713959243,T,KO,F,100,68.26
2025-11-03,9:36:56.713962291,T,KO,F I,47,68.26
2025-11-03,9:36:56.713962291,T,KO,F I,53,68.26
2025-11-03,9:36:56.713998861,T,KO,F I,1,68.26
2025-11-03,9:36:56.713998861,T,KO,F I,3,68.26
2025-11-03,9:36:56.713998861,T,KO,I,1,68.26
2025-11-03,9:36:56.714004570,T,KO,I,49,68.26
2025-11-03,9:36:56.714004570,T,KO,I,25,68.26
2025-11-03,9:36:56.714010205,T,KO,,100,68.26
2025-11-03,9:36:56.727804155,T,KO,,200,68.265
2025-11-03,9:36:57.842150222,T,KO,I,59,68.26
2025-11-03,9:36:57.842153205,T,KO,I,41,68.26
2025-11-03,9:36:58.452637160,T,KO,,100,68.265
2025-11-03,9:36:58.473170050,T,KO,,100,68.265
2025-11-03,9:36:59.156962628,T,KO,,100,68.27
2025-11-03,9:37:00.005138780,T,KO,I,4,68.28
2025-11-03,9:37:00.353903499,T,KO,F I,6,68.28
2025-11-03,9:37:01.319368329,T,KO,I,58,68.27
2025-11-03,9:37:01.319371413,T,KO,I,12,68.27
2025-11-03,9:37:01.319374513,T,KO,I,54,68.27
2025-11-03,9:37:01.319374513,T,KO,I,1,68.27
2025-11-03,9:37:01.319428088,T,KO,F I,1,68.27
2025-11-03,9:37:01.319434125,T,KO,I,15,68.27
2025-11-03,9:37:01.319434125,T,KO,F I,13,68.27
2025-11-03,9:37:01.332960257,T,KO,F I,47,68.27
2025-11-03,9:37:01.535576938,T,KO,,100,68.28
2025-11-03,9:37:02.772260306,T,KO,I,53,68.29
2025-11-03,9:37:02.772281415,T,KO,I,1,68.29
2025-11-03,9:37:04.400945457,T,KO,F I,47,68.28
2025-11-03,9:37:04.400948399,T,KO,F I,11,68.28
2025-11-03,9:37:05.374974960,T,KO,F I,1,68.28
2025-11-03,9:37:05.374978705,T,KO,F,100,68.28
2025-11-03,9:37:05.374978705,T,KO,F,100,68.28
2025-11-03,9:37:05.420063684,T,KO,I,1,68.28
2025-11-03,9:37:06.420314935,T,KO,I,6,68.28
2025-11-03,9:37:06.420314935,T,KO,I,4,68.28
2025-11-03,9:37:06.420714866,T,KO,F I,7,68.28
2025-11-03,9:37:06.420729958,T,KO,F I,7,68.28
2025-11-03,9:37:06.420739009,T,KO,F I,7,68.28
2025-11-03,9:37:07.104714953,T,KO,F I,2,68.28
2025-11-03,9:37:07.104718039,T,KO,F I,70,68.28
2025-11-03,9:37:08.202347203,T,KO,I,59,68.285
2025-11-03,9:37:12.173471053,T,KO,F,150,68.28
2025-11-03,9:37:12.174231196,T,KO,F,108,68.28
2025-11-03,9:37:12.495495262,T,KO,I,1,68.28
2025-11-03,9:37:12.532946473,T,KO,,200,68.29
2025-11-03,9:37:12.571916276,T,KO,,700,68.29
2025-11-03,9:37:13.778194302,T,KO,,200,68.285
2025-11-03,9:37:13.780732327,T,KO,,300,68.285
2025-11-03,9:37:13.781186417,T,KO,,1271,68.285
2025-11-03,9:37:15.273021491,T,KO,I,70,68.29
2025-11-03,9:37:15.273063659,T,KO,,200,68.285
2025-11-03,9:37:15.273659043,T,KO,F I,47,68.29
2025-11-03,9:37:15.273662034,T,KO,F I,1,68.29
2025-11-03,9:37:15.484815967,T,KO,F I,9,68.28
2025-11-03,9:37:15.484818905,T,KO,F I,56,68.28
2025-11-03,9:37:15.484821970,T,KO,F,100,68.28
2025-11-03,9:37:15.760419321,T,KO,F I,47,68.27
2025-11-03,9:37:15.760419321,T,KO,F I,1,68.27
2025-11-03,9:37:18.477745216,T,KO,,153,68.27
2025-11-03,9:37:18.478478958,T,KO,F,100,68.27
2025-11-03,9:37:18.484291842,T,KO,I,2,68.27
2025-11-03,9:37:19.875221535,T,KO,F,140,68.26
2025-11-03,9:37:19.875239675,T,KO,I,1,68.26
2025-11-03,9:37:19.875239675,T,KO,I,48,68.26
2025-11-03,9:37:19.875242661,T,KO,F I,1,68.26
2025-11-03,9:37:19.949727008,T,KO,I,5,68.255
2025-11-03,9:37:24.106620450,T,KO,F,287,68.25
2025-11-03,9:37:24.107318222,T,KO,I,26,68.25
2025-11-03,9:37:24.147984017,T,KO,I,7,68.245
2025-11-03,9:37:24.206996729,T,KO,F I,74,68.25
2025-11-03,9:37:24.206996729,T,KO,F I,47,68.25
2025-11-03,9:37:24.206999558,T,KO,F I,55,68.25
2025-11-03,9:37:24.207017551,T,KO,I,1,68.25
2025-11-03,9:37:24.593272532,T,KO,I,1,68.25
2025-11-03,9:37:24.593272532,T,KO,I,47,68.25
2025-11-03,9:37:25.755546951,T,KO,F,100,68.25
2025-11-03,9:37:25.755549978,T,KO,F I,1,68.25
2025-11-03,9:37:25.755549978,T,KO,F I,56,68.25
2025-11-03,9:37:30.969680489,T,KO,I,11,68.24
2025-11-03,9:37:30.969680489,T,KO,,100,68.24
2025-11-03,9:37:30.970711886,T,KO,I,51,68.23
2025-11-03,9:37:31.041049239,T,KO,I,81,68.23
2025-11-03,9:37:31.041052390,T,KO,I,48,68.23
2025-11-03,9:37:31.041067366,T,KO,I,1,68.23
2025-11-03,9:37:32.767746858,T,KO,,102,68.23
2025-11-03,9:37:32.767749889,T,KO,,100,68.23
2025-11-03,9:37:34.327026546,T,KO,,100,68.22
2025-11-03,9:37:34.327029578,T,KO,I,11,68.22
2025-11-03,9:37:34.327044613,T,KO,,101,68.22
2025-11-03,9:37:34.342420219,T,KO,I,6,68.215
2025-11-03,9:37:34.721271501,T,KO,F I,5,68.22
2025-11-03,9:37:36.331270044,T,KO,,100,68.225
2025-11-03,9:37:39.407937612,T,KO,F,100,68.23
2025-11-03,9:37:39.407942909,T,KO,F,100,68.23
2025-11-03,9:37:42.952851950,T,KO,I,1,68.23
2025-11-03,9:37:44.291135195,T,KO,F I,55,68.22
2025-11-03,9:37:46.503176737,T,KO,I,19,68.22
2025-11-03,9:37:46.503803043,T,KO,I,50,68.22
2025-11-03,9:37:46.503803043,T,KO,,100,68.22
2025-11-03,9:37:46.503805362,T,KO,I,1,68.22
2025-11-03,9:37:46.788803360,T,KO,I,50,68.23
2025-11-03,9:37:46.788803360,T,KO,I,15,68.23
2025-11-03,9:37:47.124946835,T,KO,F,200,68.24
2025-11-03,9:37:47.124946835,T,KO,F I,25,68.24
2025-11-03,9:37:47.124970610,T,KO,I,8,68.24
2025-11-03,9:37:47.124970610,T,KO,I,1,68.24
2025-11-03,9:37:47.124985736,T,KO,F,191,68.24
2025-11-03,9:37:47.124988657,T,KO,F I,9,68.24
2025-11-03,9:37:47.124991629,T,KO,I,43,68.24
2025-11-03,9:37:47.125933099,T,KO,F,200,68.25
2025-11-03,9:37:47.804249473,T,KO,I,2,68.25
2025-11-03,9:37:47.804249473,T,KO,I,21,68.25
2025-11-03,9:37:47.804253179,T,KO,I,1,68.25
2025-11-03,9:37:47.804253179,T,KO,I,14,68.25
2025-11-03,9:37:48.075083517,T,KO,F I,1,68.25
2025-11-03,9:37:48.075086495,T,KO,F I,1,68.25
2025-11-03,9:37:51.850689960,T,KO,,100,68.245
2025-11-03,9:37:53.205948871,T,KO,I,10,68.23
2025-11-03,9:37:55.116703225,T,KO,I,73,68.23
2025-11-03,9:38:00.758785694,T,KO,I,10,68.22
2025-11-03,9:38:05.060236458,T,KO,F I,70,68.22
2025-11-03,9:38:05.460622136,T,KO,,100,68.23
2025-11-03,9:38:05.460622136,T,KO,,100,68.23
2025-11-03,9:38:05.472648284,T,KO,I,73,68.22
2025-11-03,9:38:06.945823512,T,KO,I,12,68.22
2025-11-03,9:38:07.582061326,T,KO,F,100,68.21
2025-11-03,9:38:07.582063960,T,KO,F,100,68.21
2025-11-03,9:38:07.582069807,T,KO,F I,15,68.2
2025-11-03,9:38:07.582069807,T,KO,F I,1,68.2
2025-11-03,9:38:07.582069807,T,KO,F I,50,68.2
2025-11-03,9:38:07.582072960,T,KO,F,100,68.2
2025-11-03,9:38:07.582076213,T,KO,F,400,68.2
2025-11-03,9:38:07.582076213,T,KO,F,100,68.2
2025-11-03,9:38:07.582078999,T,KO,F I,10,68.2
2025-11-03,9:38:07.582078999,T,KO,F I,81,68.2
2025-11-03,9:38:07.582238244,T,KO,F I,25,68.2
2025-11-03,9:38:07.582238244,T,KO,F,100,68.2
2025-11-03,9:38:07.582241276,T,KO,F I,19,68.2
2025-11-03,9:38:07.582794587,T,KO,,100,68.2
2025-11-03,9:38:10.710949963,T,KO,F I,10,68.17
2025-11-03,9:38:11.231068734,T,KO,F,200,68.17
2025-11-03,9:38:13.161300026,T,KO,F,100,68.18
2025-11-03,9:38:14.943588000,T,KO,F I,10,68.19
2025-11-03,9:38:21.042356517,T,KO,I,4,68.19
2025-11-03,9:38:21.042374880,T,KO,I,7,68.19
2025-11-03,9:38:21.042374880,T,KO,I,3,68.19
2025-11-03,9:38:21.906016491,T,KO,,100,68.185
2025-11-03,9:38:26.026580538,T,KO,F I,5,68.19
2025-11-03,9:38:27.650601536,T,KO,I,1,68.185
2025-11-03,9:38:29.512807792,T,KO,F,200,68.19
2025-11-03,9:38:30.199376003,T,KO,F,100,68.2
2025-11-03,9:38:30.269482178,T,KO,F I,55,68.2
2025-11-03,9:38:30.269482178,T,KO,F I,45,68.2
2025-11-03,9:38:30.269503395,T,KO,I,1,68.2
2025-11-03,9:38:31.871487564,T,KO,F I,16,68.19
2025-11-03,9:38:33.778428799,T,KO,I,1,68.19
2025-11-03,9:38:33.778431240,T,KO,I,55,68.19
2025-11-03,9:38:39.749573173,T,KO,F I,4,68.2
2025-11-03,9:38:39.749573173,T,KO,F,200,68.2
2025-11-03,9:38:41.898773582,T,KO,F,100,68.21
2025-11-03,9:38:41.909822046,T,KO,I,50,68.21
2025-11-03,9:38:41.909825107,T,KO,I,1,68.21
2025-11-03,9:38:45.015835557,T,KO,I,15,68.2
2025-11-03,9:38:45.256760579,T,KO,I,1,68.2
2025-11-03,9:38:45.256763626,T,KO,I,4,68.2
2025-11-03,9:38:45.256772378,T,KO,I,46,68.2
2025-11-03,9:38:45.256775368,T,KO,,100,68.2
2025-11-03,9:38:47.335052291,T,KO,F,200,68.21
2025-11-03,9:38:49.529384517,T,KO,,100,68.21
2025-11-03,9:38:49.539121704,T,KO,I,37,68.21
2025-11-03,9:38:52.644506956,T,KO,F I,1,68.21
2025-11-03,9:38:52.644509847,T,KO,F I,99,68.21
2025-11-03,9:38:52.644525051,T,KO,I,1,68.21
2025-11-03,9:38:57.621655235,T,KO,F,200,68.21
2025-11-03,9:38:57.633957341,T,KO,I,6,68.215
2025-11-03,9:38:57.748650478,T,KO,I,6,68.21
2025-11-03,9:38:57.749119629,T,KO,I,44,68.21
2025-11-03,9:38:57.749122579,T,KO,,100,68.21
2025-11-03,9:39:00.397975451,T,KO,I,61,68.2
2025-11-03,9:39:04.162674836,T,KO,F I,39,68.2
2025-11-03,9:39:04.162677868,T,KO,F I,10,68.2
2025-11-03,9:39:04.162677868,T,KO,F,300,68.2
2025-11-03,9:39:05.157149368,T,KO,F,100,68.19
2025-11-03,9:39:05.157168441,T,KO,I,1,68.19
2025-11-03,9:39:05.157168441,T,KO,I,99,68.19
2025-11-03,9:39:05.157170586,T,KO,,100,68.19
2025-11-03,9:39:05.157182808,T,KO,I,69,68.19
2025-11-03,9:39:06.566335703,T,KO,F,131,68.2
2025-11-03,9:39:06.566354541,T,KO,I,1,68.2
2025-11-03,9:39:06.566356806,T,KO,I,1,68.2
2025-11-03,9:39:06.566360597,T,KO,F I,67,68.2
2025-11-03,9:39:06.566363763,T,KO,F I,5,68.2
2025-11-03,9:39:06.566363763,T,KO,F I,50,68.2
2025-11-03,9:39:06.566365810,T,KO,F I,57,68.2
2025-11-03,9:39:08.574211898,T,KO,,100,68.2
2025-11-03,9:39:12.604711438,T,KO,F,100,68.21
2025-11-03,9:39:13.179268786,T,KO,,100,68.235
2025-11-03,9:39:14.846508764,T,KO,I,16,68.23
2025-11-03,9:39:14.998695197,T,KO,,100,68.22
2025-11-03,9:39:17.612523625,T,KO,,100,68.22
2025-11-03,9:39:17.612523625,T,KO,I,12,68.22
2025-11-03,9:39:21.452820062,T,KO,F I,2,68.21
2025-11-03,9:39:21.454612334,T,KO,I,1,68.21
2025-11-03,9:39:21.671059697,T,KO,I,12,68.2
2025-11-03,9:39:21.671059697,T,KO,I,1,68.2
2025-11-03,9:39:21.671061963,T,KO,,100,68.2
2025-11-03,9:39:24.772059560,T,KO,F,300,68.21
2025-11-03,9:39:25.195125215,T,KO,,100,68.215
2025-11-03,9:39:28.713117016,T,KO,I,10,68.21
2025-11-03,9:39:30.655214617,T,KO,I,5,68.215
2025-11-03,9:39:33.219307462,T,KO,I,10,68.21
2025-11-03,9:39:33.219662378,T,KO,F,100,68.21
2025-11-03,9:39:33.663838183,T,KO,F I,49,68.21
2025-11-03,9:39:33.663853324,T,KO,F I,51,68.21
2025-11-03,9:39:33.668902255,T,KO,F,100,68.22
2025-11-03,9:39:33.668902255,T,KO,F I,2,68.22
2025-11-03,9:39:34.281464299,T,KO,,100,68.245
2025-11-03,9:39:35.917363516,T,KO,,100,68.245
2025-11-03,9:39:38.754323358,T,KO,I,10,68.24
2025-11-03,9:39:38.754326411,T,KO,I,15,68.24
2025-11-03,9:39:39.590461732,T,KO,F I,4,68.24
2025-11-03,9:39:39.590461732,T,KO,F,100,68.24
2025-11-03,9:39:42.967216196,T,KO,F,200,68.23
2025-11-03,9:39:46.350998390,T,KO,I,55,68.24
2025-11-03,9:39:46.585493968,T,KO,I,10,68.24
2025-11-03,9:39:49.420748689,T,KO,I,11,68.24
2025-11-03,9:39:51.922614430,T,KO,F I,18,68.24
2025-11-03,9:39:51.923017831,T,KO,I,18,68.24
2025-11-03,9:39:51.923020924,T,KO,I,51,68.24
2025-11-03,9:39:51.923023495,T,KO,,100,68.24
2025-11-03,9:39:51.923023495,T,KO,I,1,68.24
2025-11-03,9:39:51.923027648,T,KO,,100,68.24
2025-11-03,9:39:51.923027648,T,KO,,100,68.24
2025-11-03,9:39:51.923369205,T,KO,F I,10,68.24
2025-11-03,9:39:53.211061058,T,KO,I,68,68.23
2025-11-03,9:39:53.211063125,T,KO,I,11,68.23
2025-11-03,9:39:56.713155998,T,KO,I,51,68.22
2025-11-03,9:39:56.713155998,T,KO,I,1,68.22
2025-11-03,9:39:56.713159782,T,KO,I,2,68.22
2025-11-03,9:39:56.713159782,T,KO,,200,68.22
2025-11-03,9:39:56.720563069,T,KO,,100,68.22
2025-11-03,9:39:56.720565717,T,KO,,100,68.23
2025-11-03,9:39:56.725413239,T,KO,F,100,68.23
2025-11-03,9:39:56.725431249,T,KO,I,20,68.22
2025-11-03,9:39:56.735219588,T,KO,F I,10,68.22
2025-11-03,9:39:57.291472424,T,KO,,100,68.21
2025-11-03,9:40:02.472043036,T,KO,F I,10,68.21
2025-11-03,9:40:02.472058028,T,KO,F I,96,68.21
2025-11-03,9:40:02.472674666,T,KO,I,1,68.21
2025-11-03,9:40:02.472674666,T,KO,I,4,68.21
2025-11-03,9:40:02.568193953,T,KO,I,1,68.22
2025-11-03,9:40:03.035082982,T,KO,I,22,68.23
2025-11-03,9:40:03.035103997,T,KO,F I,39,68.23
2025-11-03,9:40:03.035113060,T,KO,F I,41,68.23
2025-11-03,9:40:03.035113060,T,KO,F I,1,68.23
2025-11-03,9:40:03.035116113,T,KO,F I,37,68.23
2025-11-03,9:40:03.035125111,T,KO,I,63,68.23
2025-11-03,9:40:07.013321133,T,KO,I,52,68.23
2025-11-03,9:40:07.013342720,T,KO,F,148,68.23
2025-11-03,9:40:08.010282485,T,KO,F,100,68.24
2025-11-03,9:40:08.010282485,T,KO,F,100,68.24
2025-11-03,9:40:09.041224826,T,KO,,100,68.25
2025-11-03,9:40:10.346387811,T,KO,,100,68.255
2025-11-03,9:40:10.346579788,T,KO,I,25,68.24
2025-11-03,9:40:10.346579788,T,KO,I,13,68.24
2025-11-03,9:40:10.346583218,T,KO,I,11,68.24
2025-11-03,9:40:10.346585873,T,KO,I,1,68.24
2025-11-03,9:40:13.159055448,T,KO,F I,7,68.23
2025-11-03,9:40:13.829048131,T,KO,F,128,68.22
2025-11-03,9:40:13.829063180,T,KO,I,1,68.22
2025-11-03,9:40:13.829066173,T,KO,I,31,68.22
2025-11-03,9:40:13.829081170,T,KO,,118,68.22
2025-11-03,9:40:13.829087214,T,KO,,222,68.22
2025-11-03,9:40:13.829087214,T,KO,I,7,68.22
2025-11-03,9:40:14.246661803,T,KO,I,5,68.21
2025-11-03,9:40:15.457155906,T,KO,F,100,68.21
2025-11-03,9:40:16.765722538,T,KO,I,83,68.21
2025-11-03,9:40:16.765740545,T,KO,I,17,68.21
2025-11-03,9:40:16.765743581,T,KO,I,5,68.21
2025-11-03,9:40:16.765743581,T,KO,I,25,68.21
2025-11-03,9:40:16.765791789,T,KO,I,1,68.21
2025-11-03,9:40:16.765791789,T,KO,I,55,68.21
2025-11-03,9:40:18.527188868,T,KO,,200,68.22
2025-11-03,9:40:18.527191863,T,KO,I,2,68.22
2025-11-03,9:40:18.527191863,T,KO,,100,68.22
2025-11-03,9:40:18.527221954,T,KO,I,45,68.23
2025-11-03,9:40:18.527240417,T,KO,I,80,68.22
2025-11-03,9:40:20.580702055,T,KO,I,2,68.23
2025-11-03,9:40:20.590216600,T,KO,F,100,68.24
2025-11-03,9:40:20.590219568,T,KO,F I,2,68.24
2025-11-03,9:40:20.590788056,T,KO,I,1,68.245
2025-11-03,9:40:20.590790968,T,KO,I,99,68.25
2025-11-03,9:40:20.591073576,T,KO,F I,1,68.25
2025-11-03,9:40:20.624251674,T,KO,I,53,68.25
2025-11-03,9:40:20.624251674,T,KO,I,55,68.25
2025-11-03,9:40:20.624254643,T,KO,I,1,68.25
2025-11-03,9:40:20.781069213,T,KO,I,53,68.24
2025-11-03,9:40:22.283790189,T,KO,I,20,68.23
2025-11-03,9:40:22.283808146,T,KO,I,18,68.23
2025-11-03,9:40:23.674503464,T,KO,I,5,68.23
2025-11-03,9:40:23.674506440,T,KO,I,17,68.23
2025-11-03,9:40:23.674509473,T,KO,,100,68.23
2025-11-03,9:40:27.328912432,T,KO,F I,65,68.23
2025-11-03,9:40:27.328912432,T,KO,F,200,68.23
2025-11-03,9:40:27.328915441,T,KO,F I,1,68.23
2025-11-03,9:40:27.328948340,T,KO,F I,40,68.23
2025-11-03,9:40:28.016917910,T,KO,I,10,68.23
2025-11-03,9:40:28.360104260,T,KO,F,100,68.22
2025-11-03,9:40:28.360107269,T,KO,F,100,68.22
2025-11-03,9:40:29.015139472,T,KO,F I,18,68.22
2025-11-03,9:40:29.015160485,T,KO,F I,7,68.22
2025-11-03,9:40:31.863977632,T,KO,I,37,68.22
2025-11-03,9:40:31.863977632,T,KO,I,10,68.22
2025-11-03,9:40:31.863995822,T,KO,I,13,68.22
2025-11-03,9:40:35.157009677,T,KO,F,200,68.21
2025-11-03,9:40:35.173182171,T,KO,F,100,68.22
2025-11-03,9:40:35.173185237,T,KO,F I,60,68.22
2025-11-03,9:40:35.448178082,T,KO,I,2,68.22
2025-11-03,9:40:38.065521879,T,KO,,100,68.23
2025-11-03,9:40:40.862492376,T,KO,F I,64,68.225
2025-11-03,9:40:42.601519269,T,KO,I,15,68.22
2025-11-03,9:40:42.601552599,T,KO,I,85,68.22
2025-11-03,9:40:42.601552599,T,KO,I,1,68.22
2025-11-03,9:40:42.601555409,T,KO,I,6,68.22
2025-11-03,9:40:42.601558359,T,KO,I,44,68.22
2025-11-03,9:40:42.601573402,T,KO,I,1,68.22
2025-11-03,9:40:42.672130409,T,KO,,100,68.22
2025-11-03,9:40:45.978676670,T,KO,I,10,68.21
2025-11-03,9:40:45.997023399,T,KO,F I,1,68.2
2025-11-03,9:40:45.997026386,T,KO,F,100,68.2
2025-11-03,9:40:46.069914317,T,KO,,131,68.19
2025-11-03,9:40:46.069914317,T,KO,I,65,68.19
2025-11-03,9:40:46.069932051,T,KO,I,1,68.19
2025-11-03,9:40:46.070007708,T,KO,F,199,68.19
2025-11-03,9:40:46.070010194,T,KO,F,199,68.19
2025-11-03,9:40:46.070013167,T,KO,,199,68.19
2025-11-03,9:40:46.070241909,T,KO,I,58,68.19
2025-11-03,9:40:46.070256790,T,KO,,142,68.19
2025-11-03,9:40:46.070256790,T,KO,I,58,68.19
2025-11-03,9:40:46.070437170,T,KO,F,200,68.19
2025-11-03,9:40:46.070725877,T,KO,,200,68.19
2025-11-03,9:40:48.009603352,T,KO,,200,68.19
2025-11-03,9:40:48.009624138,T,KO,I,1,68.19
2025-11-03,9:40:48.009626970,T,KO,I,68,68.19
2025-11-03,9:40:48.714424477,T,KO,,100,68.195
2025-11-03,9:40:49.906424844,T,KO,I,11,68.2
2025-11-03,9:40:49.906427457,T,KO,I,28,68.2
2025-11-03,9:40:53.972402710,T,KO,I,2,68.2
2025-11-03,9:40:53.972405596,T,KO,I,2,68.2
2025-11-03,9:40:53.972405596,T,KO,I,11,68.2
2025-11-03,9:40:53.972420490,T,KO,I,10,68.2
2025-11-03,9:40:53.972435503,T,KO,I,67,68.21
2025-11-03,9:40:53.972438549,T,KO,,100,68.21
2025-11-03,9:40:53.972456818,T,KO,I,1,68.21
2025-11-03,9:40:53.972474669,T,KO,F I,25,68.21
2025-11-03,9:40:53.972480633,T,KO,F I,75,68.21
2025-11-03,9:40:54.168174747,T,KO,F,100,68.22
2025-11-03,9:40:54.644821989,T,KO,I,1,68.225
2025-11-03,9:40:55.133951925,T,KO,F I,67,68.22
2025-11-03,9:40:56.390512716,T,KO,I,4,68.215
2025-11-03,9:41:01.685136025,T,KO,F,100,68.21
2025-11-03,9:41:06.731148769,T,KO,F I,5,68.21
2025-11-03,9:41:06.731151079,T,KO,F I,51,68.21
2025-11-03,9:41:06.731154098,T,KO,F,200,68.21
2025-11-03,9:41:06.760071013,T,KO,,100,68.215
2025-11-03,9:41:08.552907962,T,KO,F,100,68.22
2025-11-03,9:41:09.797395037,T,KO,F,100,68.23
2025-11-03,9:41:16.091015763,T,KO,F I,80,68.22
2025-11-03,9:41:16.091015763,T,KO,F I,37,68.22
2025-11-03,9:41:16.091018567,T,KO,F I,10,68.22
2025-11-03,9:41:17.803441147,T,KO,I,6,68.205
2025-11-03,9:41:19.038353292,T,KO,F,300,68.21
2025-11-03,9:41:19.160278869,T,KO,F,100,68.23
2025-11-03,9:41:20.047000664,T,KO,F,100,68.24
2025-11-03,9:41:20.047042781,T,KO,,100,68.24
2025-11-03,9:41:20.047714121,T,KO,I,52,68.24
2025-11-03,9:41:20.047716357,T,KO,,100,68.24
2025-11-03,9:41:20.047832068,T,KO,I,52,68.24
2025-11-03,9:41:20.047832068,T,KO,,100,68.24
2025-11-03,9:41:20.047836676,T,KO,,100,68.24
2025-11-03,9:41:20.047836676,T,KO,I,1,68.24
2025-11-03,9:41:20.047839634,T,KO,I,47,68.24
2025-11-03,9:41:21.479074407,T,KO,,100,68.255
2025-11-03,9:41:21.522684673,T,KO,I,47,68.25
2025-11-03,9:41:21.522684673,T,KO,I,1,68.25
2025-11-03,9:41:21.522688554,T,KO,I,48,68.25
2025-11-03,9:41:21.522702340,T,KO,F I,52,68.25
2025-11-03,9:41:21.522702340,T,KO,F I,10,68.25
2025-11-03,9:41:24.892621638,T,KO,F I,50,68.26
2025-11-03,9:41:26.197023378,T,KO,F,100,68.25
2025-11-03,9:41:26.197023378,T,KO,F I,10,68.25
2025-11-03,9:41:27.289645701,T,KO,I,4,68.24
2025-11-03,9:41:27.554970660,T,KO,,100,68.24
2025-11-03,9:41:27.554970660,T,KO,,100,68.24
2025-11-03,9:41:27.554973622,T,KO,I,47,68.24
2025-11-03,9:41:27.554985668,T,KO,I,1,68.24
2025-11-03,9:41:27.554994665,T,KO,I,52,68.24
2025-11-03,9:41:27.757181264,T,KO,F I,1,68.24
2025-11-03,9:41:27.757184252,T,KO,F I,53,68.24
2025-11-03,9:41:27.760666516,T,KO,F I,1,68.24
2025-11-03,9:41:30.176849134,T,KO,F I,11,68.23
2025-11-03,9:41:31.588844171,T,KO,I,14,68.23
2025-11-03,9:41:31.588844171,T,KO,I,66,68.23
2025-11-03,9:41:31.588892204,T,KO,I,50,68.23
2025-11-03,9:41:31.588916536,T,KO,I,1,68.23
2025-11-03,9:41:31.588919475,T,KO,F I,99,68.23
2025-11-03,9:41:31.588919475,T,KO,F I,2,68.23
2025-11-03,9:41:31.588937430,T,KO,I,1,68.23
2025-11-03,9:41:34.941842076,T,KO,F I,50,68.23
2025-11-03,9:41:34.941845009,T,KO,F I,73,68.23
2025-11-03,9:41:34.941848104,T,KO,F,200,68.23
2025-11-03,9:41:38.571988998,T,KO,F I,10,68.23
2025-11-03,9:41:38.572043139,T,KO,I,51,68.23
2025-11-03,9:41:40.474410003,T,KO,I,28,68.22
2025-11-03,9:41:40.474410003,T,KO,I,16,68.22
2025-11-03,9:41:48.434789744,T,KO,I,4,68.21
2025-11-03,9:41:48.434792503,T,KO,I,66,68.21
2025-11-03,9:41:48.434801511,T,KO,I,34,68.21
2025-11-03,9:41:49.111741121,T,KO,F I,11,68.21
2025-11-03,9:41:49.111741121,T,KO,F I,51,68.21
2025-11-03,9:41:49.111743752,T,KO,F I,8,68.21
2025-11-03,9:41:49.111746744,T,KO,F I,2,68.21
2025-11-03,9:41:50.105761081,T,KO,I,11,68.21
2025-11-03,9:41:50.209433381,T,KO,I,46,68.21
2025-11-03,9:41:50.209436199,T,KO,I,10,68.21
2025-11-03,9:41:50.209436199,T,KO,I,44,68.21
2025-11-03,9:41:50.209454396,T,KO,I,1,68.21
2025-11-03,9:41:50.209481589,T,KO,I,2,68.21
2025-11-03,9:41:51.259338657,T,KO,I,1,68.21
2025-11-03,9:41:53.471031258,T,KO,I,1,68.21
2025-11-03,9:41:53.711953069,T,KO,I,3,68.21
2025-11-03,9:41:54.139042343,T,KO,I,81,68.21
2025-11-03,9:41:54.139592549,T,KO,I,12,68.22
2025-11-03,9:41:54.139592549,T,KO,I,8,68.22
2025-11-03,9:41:54.928738254,T,KO,F I,1,68.22
2025-11-03,9:41:54.928738254,T,KO,F I,46,68.22
2025-11-03,9:41:54.928741157,T,KO,F I,10,68.22
2025-11-03,9:41:56.895052287,T,KO,F,100,68.21
2025-11-03,9:41:56.896252152,T,KO,I,48,68.21
2025-11-03,9:41:56.896255222,T,KO,I,1,68.21
2025-11-03,9:41:59.094063763,T,KO,,100,68.22
2025-11-03,9:41:59.094063763,T,KO,I,37,68.22
2025-11-03,9:41:59.100718616,T,KO,,100,68.23
2025-11-03,9:41:59.100739742,T,KO,I,1,68.23
2025-11-03,9:41:59.100788218,T,KO,,100,68.23
2025-11-03,9:41:59.100790835,T,KO,I,44,68.23
2025-11-03,9:41:59.110471034,T,KO,I,44,68.23
2025-11-03,9:41:59.110473892,T,KO,I,17,68.23
2025-11-03,9:41:59.262753760,T,KO,I,44,68.22
2025-11-03,9:41:59.262756564,T,KO,I,25,68.22
2025-11-03,9:42:00.271761683,T,KO,I,1,68.22
2025-11-03,9:42:00.271761683,T,KO,I,5,68.22
2025-11-03,9:42:00.272519498,T,KO,I,5,68.21
2025-11-03,9:42:00.272519498,T,KO,,100,68.21
2025-11-03,9:42:00.272525487,T,KO,,100,68.21
2025-11-03,9:42:00.272525487,T,KO,I,10,68.21
2025-11-03,9:42:00.272525487,T,KO,I,12,68.21
2025-11-03,9:42:00.272528510,T,KO,I,1,68.21
2025-11-03,9:42:00.272528510,T,KO,I,25,68.21
2025-11-03,9:42:00.272541096,T,KO,I,1,68.21
2025-11-03,9:42:00.272541096,T,KO,I,23,68.21
2025-11-03,9:42:00.272543565,T,KO,I,1,68.21
2025-11-03,9:42:00.272558620,T,KO,I,47,68.21
2025-11-03,9:42:00.272684866,T,KO,I,23,68.21
2025-11-03,9:42:00.272820878,T,KO,I,5,68.21
2025-11-03,9:42:00.885797499,T,KO,F I,1,68.2
2025-11-03,9:42:00.885800097,T,KO,F I,5,68.2
2025-11-03,9:42:02.073389288,T,KO,F I,2,68.2
2025-11-03,9:42:02.073407238,T,KO,F I,37,68.2
2025-11-03,9:42:02.073409787,T,KO,F I,83,68.2
2025-11-03,9:42:02.073412713,T,KO,F I,20,68.2
2025-11-03,9:42:02.105995472,T,KO,,100,68.2
2025-11-03,9:42:02.105995472,T,KO,I,25,68.2
2025-11-03,9:42:05.495530214,T,KO,F,100,68.2
2025-11-03,9:42:09.856369492,T,KO,I,17,68.19
2025-11-03,9:42:09.856390581,T,KO,I,1,68.19
2025-11-03,9:42:09.856733961,T,KO,I,42,68.19
2025-11-03,9:42:09.856736456,T,KO,I,10,68.19
2025-11-03,9:42:09.857515729,T,KO,F I,43,68.19
2025-11-03,9:42:09.857518627,T,KO,F,100,68.19
2025-11-03,9:42:09.857518627,T,KO,F,100,68.19
2025-11-03,9:42:09.857521617,T,KO,F I,25,68.19
2025-11-03,9:42:09.857521617,T,KO,F I,5,68.19
2025-11-03,9:42:10.340050938,T,KO,F I,1,68.19
2025-11-03,9:42:10.340053446,T,KO,F I,43,68.19
2025-11-03,9:42:11.905374536,T,KO,F I,1,68.19
2025-11-03,9:42:14.722363855,T,KO,I,10,68.17
2025-11-03,9:42:15.023918986,T,KO,I,2,68.175
2025-11-03,9:42:19.119589751,T,KO,F,100,68.19
2025-11-03,9:42:22.667725429,T,KO,F I,14,68.21
2025-11-03,9:42:22.667792497,T,KO,,100,68.21
2025-11-03,9:42:22.667792497,T,KO,I,44,68.21
2025-11-03,9:42:22.667794874,T,KO,I,56,68.21
2025-11-03,9:42:22.667812909,T,KO,I,1,68.21
2025-11-03,9:42:22.668317784,T,KO,F I,44,68.21
2025-11-03,9:42:22.668320903,T,KO,F I,1,68.21
2025-11-03,9:42:22.668323804,T,KO,F I,38,68.21
2025-11-03,9:42:22.668339125,T,KO,I,1,68.21
2025-11-03,9:42:22.668344895,T,KO,I,1,68.21
2025-11-03,9:42:25.364407098,T,KO,F I,38,68.22
2025-11-03,9:42:25.364407098,T,KO,F I,1,68.22
2025-11-03,9:42:25.364410133,T,KO,F I,1,68.22
2025-11-03,9:42:27.947950438,T,KO,F I,1,68.23
2025-11-03,9:42:28.402594216,T,KO,F I,7,68.24
2025-11-03,9:42:28.564388566,T,KO,F I,6,68.25
2025-11-03,9:42:28.564394586,T,KO,F,100,68.25
2025-11-03,9:42:32.903233451,T,KO,I,11,68.24
2025-11-03,9:42:33.027203747,T,KO,I,20,68.23
2025-11-03,9:42:33.559487645,T,KO,F,100,68.23
2025-11-03,9:42:33.559487645,T,KO,F I,1,68.23
2025-11-03,9:42:33.559489496,T,KO,F I,55,68.23
2025-11-03,9:42:33.899644640,T,KO,F,100,68.24
2025-11-03,9:42:37.181120143,T,KO,I,80,68.26
2025-11-03,9:42:37.181153240,T,KO,F I,20,68.26
2025-11-03,9:42:37.182013269,T,KO,F I,20,68.26
2025-11-03,9:42:37.182037345,T,KO,I,1,68.26
2025-11-03,9:42:37.190439412,T,KO,I,5,68.26
2025-11-03,9:42:37.714641871,T,KO,I,4,68.26
2025-11-03,9:42:40.036180123,T,KO,F I,96,68.26
2025-11-03,9:42:40.036183138,T,KO,F I,26,68.26
2025-11-03,9:42:40.036228506,T,KO,I,48,68.26
2025-11-03,9:42:40.036252274,T,KO,I,1,68.265
2025-11-03,9:42:40.037753131,T,KO,I,48,68.27
2025-11-03,9:42:40.037753131,T,KO,,184,68.27
2025-11-03,9:42:40.038339824,T,KO,I,43,68.27
2025-11-03,9:42:40.038342247,T,KO,,100,68.27
2025-11-03,9:42:40.038342247,T,KO,I,1,68.27
2025-11-03,9:42:40.038345335,T,KO,I,25,68.27
2025-11-03,9:42:40.038465570,T,KO,,100,68.27
2025-11-03,9:42:40.401409013,T,KO,,100,68.265
2025-11-03,9:42:42.721957966,T,KO,I,53,68.26
2025-11-03,9:42:42.721994586,T,KO,I,47,68.26
2025-11-03,9:42:42.721994586,T,KO,I,10,68.26
2025-11-03,9:42:42.721997012,T,KO,,100,68.26
2025-11-03,9:42:42.722000042,T,KO,I,3,68.26
2025-11-03,9:42:44.489504917,T,KO,F I,10,68.25
2025-11-03,9:42:44.489504917,T,KO,F I,50,68.25
2025-11-03,9:42:44.489549795,T,KO,,100,68.25
2025-11-03,9:42:44.489567779,T,KO,I,1,68.25
2025-11-03,9:42:47.039220345,T,KO,F I,4,68.23
2025-11-03,9:42:47.242053466,T,KO,,100,68.22
2025-11-03,9:42:47.833066103,T,KO,I,25,68.21
2025-11-03,9:42:47.833069079,T,KO,I,10,68.21
2025-11-03,9:42:47.833345780,T,KO,F I,14,68.21
2025-11-03,9:42:49.003522800,T,KO,F I,43,68.21
2025-11-03,9:42:50.130423696,T,KO,,100,68.22
2025-11-03,9:42:57.109596070,T,KO,F I,3,68.22
2025-11-03,9:42:58.953825500,T,KO,F,147,68.22
2025-11-03,9:42:58.953840624,T,KO,I,1,68.22
2025-11-03,9:42:58.953852588,T,KO,I,52,68.22
2025-11-03,9:42:58.954351811,T,KO,I,12,68.22
2025-11-03,9:42:58.964618269,T,KO,I,6,68.22
2025-11-03,9:42:58.979410438,T,KO,I,53,68.22
2025-11-03,9:42:58.979410438,T,KO,I,42,68.22
2025-11-03,9:42:58.979431490,T,KO,I,1,68.22
2025-11-03,9:42:59.515115392,T,KO,F I,1,68.22
2025-11-03,9:42:59.515118317,T,KO,F I,42,68.22
2025-11-03,9:43:02.759774560,T,KO,I,5,68.23
2025-11-03,9:43:02.759774560,T,KO,I,95,68.23
2025-11-03,9:43:03.848369875,T,KO,I,50,68.24
2025-11-03,9:43:07.405247243,T,KO,F I,15,68.27
2025-11-03,9:43:07.414473471,T,KO,I,40,68.27
2025-11-03,9:43:07.414476707,T,KO,I,1,68.27
2025-11-03,9:43:07.414479223,T,KO,I,7,68.27
2025-11-03,9:43:07.414497755,T,KO,F I,49,68.27
2025-11-03,9:43:07.414497755,T,KO,F I,21,68.27
2025-11-03,9:43:07.414500562,T,KO,F I,5,68.27
2025-11-03,9:43:08.363512599,T,KO,I,10,68.26
2025-11-03,9:43:11.342413553,T,KO,F,100,68.24
2025-11-03,9:43:11.342413553,T,KO,F I,1,68.24
2025-11-03,9:43:11.788586581,T,KO,F I,1,68.23
2025-11-03,9:43:13.075173537,T,KO,I,58,68.22
2025-11-03,9:43:13.075176529,T,KO,I,40,68.22
2025-11-03,9:43:13.075179355,T,KO,I,2,68.22
2025-11-03,9:43:13.075191598,T,KO,I,1,68.22
2025-11-03,9:43:13.075203406,T,KO,I,22,68.22
2025-11-03,9:43:18.374617160,T,KO,F,100,68.25
2025-11-03,9:43:19.032870082,T,KO,F I,1,68.25
2025-11-03,9:43:19.032870082,T,KO,F I,22,68.25
2025-11-03,9:43:19.966001358,T,KO,I,1,68.24
2025-11-03,9:43:22.274765141,T,KO,,100,68.22
2025-11-03,9:43:22.275501956,T,KO,,100,68.22
2025-11-03,9:43:22.277435502,T,KO,I,96,68.22
2025-11-03,9:43:28.109423667,T,KO,,100,68.23
2025-11-03,9:43:30.229942156,T,KO,I,21,68.235
2025-11-03,9:43:30.931648376,T,KO,I,1,68.23
2025-11-03,9:43:30.931648376,T,KO,I,1,68.23
2025-11-03,9:43:30.931648376,T,KO,I,61,68.23
2025-11-03,9:43:31.267040222,T,KO,F I,11,68.22
2025-11-03,9:43:31.267043383,T,KO,F,100,68.22
2025-11-03,9:43:31.267046218,T,KO,F I,79,68.22
2025-11-03,9:43:31.267058295,T,KO,I,1,68.22
2025-11-03,9:43:34.132345918,T,KO,,200,68.22
2025-11-03,9:43:34.132345918,T,KO,I,3,68.22
2025-11-03,9:43:34.805297332,T,KO,I,1,68.22
2025-11-03,9:43:38.198816800,T,KO,I,25,68.21
2025-11-03,9:43:38.198820488,T,KO,I,10,68.21
2025-11-03,9:43:38.198820488,T,KO,I,5,68.21
2025-11-03,9:43:38.198822738,T,KO,I,70,68.21
2025-11-03,9:43:39.388420071,T,KO,,100,68.22
2025-11-03,9:43:40.541844124,T,KO,F I,10,68.21
2025-11-03,9:43:45.019532700,T,KO,F I,2,68.21
2025-11-03,9:43:45.019833458,T,KO,I,34,68.21
2025-11-03,9:43:45.019908846,T,KO,I,7,68.21
2025-11-03,9:43:45.019908846,T,KO,,100,68.21
2025-11-03,9:43:45.019914630,T,KO,,100,68.21
2025-11-03,9:43:45.019914630,T,KO,I,25,68.21
2025-11-03,9:43:45.019914630,T,KO,,200,68.21
2025-11-03,9:43:45.019929823,T,KO,I,1,68.21
2025-11-03,9:43:45.024184775,T,KO,I,28,68.21
2025-11-03,9:43:45.024218687,T,KO,I,13,68.21
2025-11-03,9:43:45.024218687,T,KO,,100,68.21
2025-11-03,9:43:45.024220858,T,KO,I,13,68.21
2025-11-03,9:43:45.050494450,T,KO,I,6,68.205
2025-11-03,9:43:47.411393425,T,KO,I,27,68.21
2025-11-03,9:43:47.726607229,T,KO,I,10,68.2
2025-11-03,9:43:47.726613196,T,KO,I,25,68.2
2025-11-03,9:43:47.726613196,T,KO,I,2,68.2
2025-11-03,9:43:50.505997883,T,KO,I,30,68.21
2025-11-03,9:43:50.506001265,T,KO,I,10,68.21
2025-11-03,9:43:50.506004438,T,KO,I,50,68.21
2025-11-03,9:43:51.796798201,T,KO,F I,49,68.21
2025-11-03,9:43:52.126290032,T,KO,I,14,68.22
2025-11-03,9:43:52.126293047,T,KO,,120,68.22
2025-11-03,9:43:52.536773676,T,KO,F I,9,68.22
2025-11-03,9:43:53.117297267,T,KO,I,21,68.22
2025-11-03,9:43:53.117297267,T,KO,,200,68.22
2025-11-03,9:43:53.117300404,T,KO,I,25,68.23
2025-11-03,9:43:53.117303279,T,KO,,100,68.23
2025-11-03,9:43:53.117910822,T,KO,I,97,68.225
2025-11-03,9:43:55.521589634,T,KO,F I,3,68.22
2025-11-03,9:43:56.355788531,T,KO,I,22,68.22
2025-11-03,9:43:59.333886512,T,KO,I,81,68.22
2025-11-03,9:43:59.333889432,T,KO,,100,68.22
2025-11-03,9:43:59.451505599,T,KO,I,40,68.22
2025-11-03,9:43:59.451986752,T,KO,I,27,68.22
2025-11-03,9:43:59.473370627,T,KO,I,4,68.22
2025-11-03,9:44:01.223079327,T,KO,F I,25,68.21
2025-11-03,9:44:01.223079327,T,KO,F,100,68.21
2025-11-03,9:44:01.223082098,T,KO,F I,15,68.21
2025-11-03,9:44:01.223085031,T,KO,F I,3,68.21
2025-11-03,9:44:06.973744835,T,KO,F I,40,68.21
2025-11-03,9:44:06.973798505,T,KO,I,25,68.22
2025-11-03,9:44:06.973798505,T,KO,I,19,68.22
2025-11-03,9:44:06.973801502,T,KO,I,40,68.21
2025-11-03,9:44:06.983286130,T,KO,I,14,68.215
2025-11-03,9:44:07.181022098,T,KO,I,20,68.21
2025-11-03,9:44:07.226610647,T,KO,,100,68.215
2025-11-03,9:44:12.238121705,T,KO,,100,68.21
2025-11-03,9:44:12.238124601,T,KO,I,3,68.21
2025-11-03,9:44:12.238199836,T,KO,I,11,68.21
2025-11-03,9:44:16.259257135,T,KO,I,12,68.2
2025-11-03,9:44:16.259260601,T,KO,I,1,68.2
2025-11-03,9:44:16.918384694,T,KO,F,100,68.19
2025-11-03,9:44:20.496657987,T,KO,I,13,68.185
2025-11-03,9:44:22.192330628,T,KO,F I,3,68.18
2025-11-03,9:44:22.192333669,T,KO,F I,10,68.18
2025-11-03,9:44:22.193104917,T,KO,I,43,68.18
2025-11-03,9:44:22.193109509,T,KO,I,1,68.18
2025-11-03,9:44:22.193116253,T,KO,I,40,68.18
2025-11-03,9:44:22.193116253,T,KO,I,16,68.18
2025-11-03,9:44:22.193124694,T,KO,I,35,68.18
2025-11-03,9:44:22.193124694,T,KO,I,25,68.18
2025-11-03,9:44:22.193139604,T,KO,I,5,68.18
2025-11-03,9:44:22.193350054,T,KO,F I,25,68.18
2025-11-03,9:44:26.052886331,T,KO,F I,43,68.18
2025-11-03,9:44:26.052889333,T,KO,F I,2,68.18
2025-11-03,9:44:26.052889333,T,KO,F I,1,68.18
2025-11-03,9:44:26.053006710,T,KO,F I,1,68.18
2025-11-03,9:44:30.589431466,T,KO,I,1,68.17
2025-11-03,9:44:30.589437507,T,KO,I,12,68.17
2025-11-03,9:44:30.989645533,T,KO,,100,68.16
2025-11-03,9:44:35.969409863,T,KO,F I,10,68.15
2025-11-03,9:44:35.969412718,T,KO,F I,30,68.15
2025-11-03,9:44:36.663543905,T,KO,F I,10,68.14
2025-11-03,9:44:36.663546935,T,KO,F I,90,68.14
2025-11-03,9:44:36.663568315,T,KO,I,1,68.14
2025-11-03,9:44:36.663568315,T,KO,F I,9,68.14
2025-11-03,9:44:36.716364739,T,KO,F I,1,68.14
2025-11-03,9:44:36.716397987,T,KO,I,42,68.14
2025-11-03,9:44:36.716400771,T,KO,I,2,68.14
2025-11-03,9:44:36.716403851,T,KO,I,2,68.14
2025-11-03,9:44:36.716403851,T,KO,I,3,68.14
2025-11-03,9:44:37.892507955,T,KO,I,10,68.14
2025-11-03,9:44:37.892507955,T,KO,I,42,68.14
2025-11-03,9:44:37.892510956,T,KO,I,11,68.14
2025-11-03,9:44:40.581253735,T,KO,I,10,68.13
2025-11-03,9:44:40.581253735,T,KO,I,3,68.13
2025-11-03,9:44:41.670168544,T,KO,I,10,68.12
2025-11-03,9:44:41.670168544,T,KO,I,2,68.12
2025-11-03,9:44:44.093011817,T,KO,F I,11,68.12
2025-11-03,9:44:44.093014809,T,KO,F I,10,68.12
2025-11-03,9:44:44.093017826,T,KO,F,100,68.12
2025-11-03,9:44:44.093020770,T,KO,F,300,68.12
2025-11-03,9:44:45.265287801,T,KO,,100,68.135
2025-11-03,9:44:46.271051244,T,KO,,190,68.14
2025-11-03,9:44:46.720342342,T,KO,,100,68.13
2025-11-03,9:44:46.720360412,T,KO,I,1,68.13
2025-11-03,9:44:50.379715894,T,KO,F,100,68.14
2025-11-03,9:45:00.940138997,T,KO,I,99,68.14
2025-11-03,9:45:00.940138997,T,KO,I,50,68.14
2025-11-03,9:45:01.710465527,T,KO,I,1,68.14
2025-11-03,9:45:01.710468488,T,KO,,300,68.14
2025-11-03,9:45:05.723815215,T,KO,F I,22,68.14
2025-11-03,9:45:05.723818214,T,KO,F,300,68.14
2025-11-03,9:45:05.723821243,T,KO,F I,14,68.14
2025-11-03,9:45:09.842427562,T,KO,I,10,68.13
2025-11-03,9:45:15.157496445,T,KO,F I,10,68.12
2025-11-03,9:45:15.157499534,T,KO,F I,4,68.12
2025-11-03,9:45:15.157520571,T,KO,I,3,68.12
2025-11-03,9:45:15.157562623,T,KO,F I,1,68.12
2025-11-03,9:45:18.423421959,T,KO,,200,68.115
2025-11-03,9:45:18.694761222,T,KO,I,5,68.12
2025-11-03,9:45:18.694761222,T,KO,,300,68.12
2025-11-03,9:45:18.751271801,T,KO,I,1,68.15
2025-11-03,9:45:18.751275068,T,KO,I,5,68.15
2025-11-03,9:45:18.751277834,T,KO,,100,68.15
2025-11-03,9:45:18.751277834,T,KO,,100,68.15
2025-11-03,9:45:18.751292817,T,KO,I,1,68.15
2025-11-03,9:45:18.793811133,T,KO,F,100,68.15
2025-11-03,9:45:23.403408956,T,KO,,100,68.19
2025-11-03,9:45:23.403499119,T,KO,F,100,68.19
2025-11-03,9:45:23.404254613,T,KO,I,46,68.19
2025-11-03,9:45:23.404254613,T,KO,,100,68.19
2025-11-03,9:45:23.404254613,T,KO,I,22,68.19
2025-11-03,9:45:23.404275359,T,KO,I,1,68.19
2025-11-03,9:45:23.404278731,T,KO,F I,99,68.19
2025-11-03,9:45:23.404280948,T,KO,F I,69,68.19
2025-11-03,9:45:23.409633759,T,KO,I,1,68.19
2025-11-03,9:45:23.409684859,T,KO,I,1,68.19
2025-11-03,9:45:23.546318279,T,KO,I,2,68.19
2025-11-03,9:45:23.845251257,T,KO,I,3,68.19
2025-11-03,9:45:24.031526864,T,KO,F I,4,68.19
2025-11-03,9:45:28.121180190,T,KO,F I,69,68.18
2025-11-03,9:45:28.121180190,T,KO,F I,35,68.18
2025-11-03,9:45:30.334629181,T,KO,F I,10,68.17
2025-11-03,9:45:32.703791731,T,KO,F,200,68.16
2025-11-03,9:45:34.291588351,T,KO,F I,2,68.16
2025-11-03,9:45:34.291603565,T,KO,F I,2,68.16
2025-11-03,9:45:34.291609415,T,KO,F I,2,68.16
2025-11-03,9:45:34.291616032,T,KO,F I,2,68.16
2025-11-03,9:45:34.291619163,T,KO,F I,2,68.16
2025-11-03,9:45:34.291621492,T,KO,F I,2,68.16
2025-11-03,9:45:34.291624769,T,KO,F I,2,68.16
2025-11-03,9:45:34.291648543,T,KO,F I,49,68.16
2025-11-03,9:45:34.291657663,T,KO,F I,1,68.16
2025-11-03,9:45:34.291883058,T,KO,F,100,68.16
2025-11-03,9:45:34.291901238,T,KO,I,1,68.16
2025-11-03,9:45:34.291910684,T,KO,F I,48,68.16
2025-11-03,9:45:34.291913398,T,KO,F,100,68.16
2025-11-03,9:45:34.291916825,T,KO,F I,49,68.16
2025-11-03,9:45:34.291919650,T,KO,F I,1,68.16
2025-11-03,9:45:34.292049795,T,KO,F I,49,68.16
2025-11-03,9:45:34.292049795,T,KO,F,100,68.16
2025-11-03,9:45:34.292054549,T,KO,F,100,68.16
2025-11-03,9:45:34.292054549,T,KO,F I,49,68.16
2025-11-03,9:45:34.292057602,T,KO,F I,25,68.16
2025-11-03,9:45:35.558259161,T,KO,,100,68.165
2025-11-03,9:45:42.828260212,T,KO,I,12,68.16
2025-11-03,9:45:42.828263414,T,KO,,100,68.16
2025-11-03,9:45:42.828263414,T,KO,I,49,68.16
2025-11-03,9:45:42.828266217,T,KO,I,2,68.16
2025-11-03,9:45:42.855799857,T,KO,F I,10,68.15
2025-11-03,9:45:45.067030077,T,KO,F,100,68.15
2025-11-03,9:45:45.067033305,T,KO,F I,13,68.15
2025-11-03,9:45:45.067033305,T,KO,F I,12,68.15
2025-11-03,9:45:45.067035607,T,KO,F I,55,68.15
2025-11-03,9:45:45.067038653,T,KO,F,100,68.15
2025-11-03,9:45:45.067038653,T,KO,F,300,68.15
2025-11-03,9:45:45.067041421,T,KO,F,200,68.15
2025-11-03,9:45:45.067062562,T,KO,F,200,68.15
2025-11-03,9:45:45.067062562,T,KO,F,124,68.15
2025-11-03,9:45:45.756899467,T,KO,F I,1,68.15
2025-11-03,9:45:45.756902415,T,KO,F I,12,68.15
2025-11-03,9:45:46.226657304,T,KO,F,107,68.14
2025-11-03,9:45:46.226660266,T,KO,F I,11,68.14
2025-11-03,9:45:48.529415798,T,KO,I,25,68.13
2025-11-03,9:45:48.529418878,T,KO,I,10,68.13
2025-11-03,9:45:50.631118447,T,KO,I,70,68.13
2025-11-03,9:45:51.254882099,T,KO,F I,10,68.12
2025-11-03,9:45:52.846777494,T,KO,F I,12,68.11
2025-11-03,9:45:52.854412689,T,KO,F I,1,68.1
2025-11-03,9:45:52.854416322,T,KO,F I,50,68.1
2025-11-03,9:45:52.854416322,T,KO,F I,2,68.1
2025-11-03,9:45:52.854418655,T,KO,F I,11,68.1
2025-11-03,9:45:52.854996114,T,KO,F I,25,68.09
2025-11-03,9:45:52.861112635,T,KO,,100,68.1
2025-11-03,9:45:52.862980113,T,KO,F I,53,68.1
2025-11-03,9:45:55.291961389,T,KO,F I,61,68.11
2025-11-03,9:45:55.292274091,T,KO,,100,68.11
2025-11-03,9:45:55.292298111,T,KO,I,39,68.11
2025-11-03,9:45:55.316541882,T,KO,F I,11,68.11
2025-11-03,9:45:55.316541882,T,KO,F I,52,68.11
2025-11-03,9:45:55.316544836,T,KO,F I,53,68.11
2025-11-03,9:45:55.318244329,T,KO,F I,25,68.1
2025-11-03,9:45:55.318244329,T,KO,F I,50,68.1
2025-11-03,9:45:55.318246961,T,KO,F I,10,68.1
2025-11-03,9:45:58.143770426,T,KO,F I,11,68.11
2025-11-03,9:45:58.143770426,T,KO,F I,52,68.11
2025-11-03,9:45:59.172048436,T,KO,,100,68.115
2025-11-03,9:46:00.960925035,T,KO,,100,68.125
2025-11-03,9:46:00.960925035,T,KO,I,31,68.12
2025-11-03,9:46:00.960943084,T,KO,F,100,68.12
2025-11-03,9:46:03.729071951,T,KO,F,100,68.12
2025-11-03,9:46:04.863890792,T,KO,I,3,68.12
2025-11-03,9:46:04.863893822,T,KO,I,2,68.12
2025-11-03,9:46:04.863908854,T,KO,I,23,68.12
2025-11-03,9:46:04.864495497,T,KO,F,100,68.12
2025-11-03,9:46:04.864495497,T,KO,F I,1,68.12
2025-11-03,9:46:04.864498203,T,KO,F I,56,68.12
2025-11-03,9:46:04.864513219,T,KO,I,1,68.12
2025-11-03,9:46:06.277636120,T,KO,I,1,68.12
2025-11-03,9:46:07.688118236,T,KO,I,55,68.13
2025-11-03,9:46:07.688121280,T,KO,,100,68.13
2025-11-03,9:46:07.688206309,T,KO,F I,55,68.13
2025-11-03,9:46:07.688206309,T,KO,F,100,68.13
2025-11-03,9:46:07.688206309,T,KO,F,100,68.13
2025-11-03,9:46:07.688208537,T,KO,F I,1,68.13
2025-11-03,9:46:07.688211491,T,KO,F I,1,68.13
2025-11-03,9:46:07.688217456,T,KO,F I,1,68.13
2025-11-03,9:46:07.688229506,T,KO,I,1,68.13
2025-11-03,9:46:07.688247553,T,KO,F I,1,68.13
2025-11-03,9:46:07.688253560,T,KO,F,141,68.13
2025-11-03,9:46:11.586206337,T,KO,,200,68.14
2025-11-03,9:46:13.080131701,T,KO,F I,2,68.14
2025-11-03,9:46:13.080134856,T,KO,F I,55,68.14
2025-11-03,9:46:13.080134856,T,KO,F I,1,68.14
2025-11-03,9:46:13.080140554,T,KO,F I,1,68.14
2025-11-03,9:46:14.059834883,T,KO,F I,2,68.14
2025-11-03,9:46:16.898090857,T,KO,F,200,68.13
2025-11-03,9:46:16.898090857,T,KO,F I,10,68.13
2025-11-03,9:46:18.358444032,T,KO,F I,5,68.12
2025-11-03,9:46:18.358444032,T,KO,F I,10,68.12
2025-11-03,9:46:18.358447331,T,KO,F I,25,68.12
2025-11-03,9:46:21.637183357,T,KO,I,63,68.11
2025-11-03,9:46:21.668923540,T,KO,F I,55,68.11
2025-11-03,9:46:21.668926532,T,KO,F I,1,68.11
2025-11-03,9:46:21.668929584,T,KO,F,100,68.11
2025-11-03,9:46:22.010513115,T,KO,I,1,68.11
2025-11-03,9:46:22.010516763,T,KO,I,1,68.11
2025-11-03,9:46:22.010519943,T,KO,I,55,68.11
2025-11-03,9:46:22.010519943,T,KO,I,27,68.11
2025-11-03,9:46:22.010522078,T,KO,I,10,68.11
2025-11-03,9:46:23.504089381,T,KO,I,10,68.1
2025-11-03,9:46:24.853463216,T,KO,,300,68.105
2025-11-03,9:46:25.353740652,T,KO,F,211,68.105
2025-11-03,9:46:25.361887083,T,KO,F I,55,68.105
2025-11-03,9:46:25.876484708,T,KO,F,400,68.105
2025-11-03,9:46:26.164038562,T,KO,F,400,68.105
2025-11-03,9:46:26.455622112,T,KO,I,76,68.105
2025-11-03,9:46:26.455622112,T,KO,,100,68.105
2025-11-03,9:46:27.476923804,T,KO,F I,55,68.105
2025-11-03,9:46:27.477010689,T,KO,,300,68.105
2025-11-03,9:46:28.598986097,T,KO,,300,68.105
2025-11-03,9:46:28.598986097,T,KO,F,248,68.105
2025-11-03,9:46:28.598988891,T,KO,F,252,68.11
2025-11-03,9:46:28.598994929,T,KO,F I,48,68.11
2025-11-03,9:46:28.598998019,T,KO,F,200,68.11
2025-11-03,9:46:28.855253274,T,KO,I,6,68.12
2025-11-03,9:46:28.855256301,T,KO,I,94,68.12
2025-11-03,9:46:35.248690577,T,KO,I,1,68.11
2025-11-03,9:46:35.499662330,T,KO,I,8,68.11
2025-11-03,9:46:35.499662330,T,KO,I,10,68.11
2025-11-03,9:46:37.802477957,T,KO,I,1,68.11
2025-11-03,9:46:37.803163619,T,KO,I,55,68.11
2025-11-03,9:46:37.803166615,T,KO,,100,68.11
2025-11-03,9:46:37.803170086,T,KO,I,1,68.11
2025-11-03,9:46:37.803170086,T,KO,,100,68.11
2025-11-03,9:46:37.803187641,T,KO,I,1,68.11
2025-11-03,9:46:38.112384091,T,KO,I,1,68.11
2025-11-03,9:46:38.112384091,T,KO,I,17,68.11
2025-11-03,9:46:43.503997265,T,KO,F,200,68.12
2025-11-03,9:46:44.856444405,T,KO,I,1,68.12
2025-11-03,9:46:44.856447504,T,KO,I,38,68.12
2025-11-03,9:46:44.856447504,T,KO,I,14,68.12
2025-11-03,9:46:44.856724756,T,KO,F I,2,68.12
2025-11-03,9:46:52.636995751,T,KO,,100,68.115
2025-11-03,9:46:52.636995751,T,KO,I,1,68.12
2025-11-03,9:46:52.636998487,T,KO,,100,68.12
2025-11-03,9:46:52.637001533,T,KO,,200,68.12
2025-11-03,9:46:52.637001533,T,KO,I,25,68.12
2025-11-03,9:46:55.294677328,T,KO,F,300,68.13
2025-11-03,9:46:59.558514559,T,KO,F,100,68.15
2025-11-03,9:46:59.558514559,T,KO,F,100,68.15
2025-11-03,9:46:59.558539004,T,KO,I,1,68.15
2025-11-03,9:46:59.558565633,T,KO,F I,99,68.15
2025-11-03,9:47:01.737170527,T,KO,,100,68.165
2025-11-03,9:47:06.103840977,T,KO,F I,10,68.16
2025-11-03,9:47:06.103840977,T,KO,F I,1,68.16
2025-11-03,9:47:06.103843701,T,KO,F I,5,68.16
2025-11-03,9:47:06.103891824,T,KO,F I,3,68.16
2025-11-03,9:47:06.163196119,T,KO,F,100,68.15
2025-11-03,9:47:06.176238186,T,KO,F I,47,68.15
2025-11-03,9:47:06.176238186,T,KO,F,100,68.15
2025-11-03,9:47:06.176241117,T,KO,F I,1,68.15
2025-11-03,9:47:06.176241117,T,KO,F I,5,68.15
2025-11-03,9:47:07.341950163,T,KO,F,200,68.16
2025-11-03,9:47:10.581824021,T,KO,F I,1,68.17
2025-11-03,9:47:17.922857284,T,KO,F,100,68.18
2025-11-03,9:47:17.922857284,T,KO,F,200,68.18
2025-11-03,9:47:18.371119977,T,KO,I,2,68.18
2025-11-03,9:47:18.371119977,T,KO,I,47,68.18
2025-11-03,9:47:18.371125921,T,KO,I,1,68.18
2025-11-03,9:47:18.371125921,T,KO,,100,68.18
2025-11-03,9:47:18.371129625,T,KO,I,15,68.18
2025-11-03,9:47:18.371140968,T,KO,F I,2,68.18
2025-11-03,9:47:20.851252941,T,KO,I,6,68.16
2025-11-03,9:47:23.500123933,T,KO,I,27,68.15
2025-11-03,9:47:23.500126875,T,KO,I,10,68.15
2025-11-03,9:47:23.500129879,T,KO,I,2,68.15
2025-11-03,9:47:23.500238194,T,KO,F I,2,68.15
2025-11-03,9:47:24.375051706,T,KO,I,4,68.14
2025-11-03,9:47:24.375941788,T,KO,I,32,68.13
2025-11-03,9:47:28.578156209,T,KO,F I,2,68.13
2025-11-03,9:47:28.578162232,T,KO,F,100,68.13
2025-11-03,9:47:28.578162232,T,KO,F,100,68.13
2025-11-03,9:47:30.098075466,T,KO,I,10,68.14
2025-11-03,9:47:34.636971571,T,KO,F I,3,68.13
2025-11-03,9:47:34.636971571,T,KO,F I,10,68.13
2025-11-03,9:47:34.637657747,T,KO,I,42,68.13
2025-11-03,9:47:34.637657747,T,KO,,100,68.13
2025-11-03,9:47:34.637660154,T,KO,I,1,68.13
2025-11-03,9:47:40.937788171,T,KO,,300,68.14
2025-11-03,9:47:40.937788171,T,KO,,400,68.14
2025-11-03,9:47:40.937803594,T,KO,I,1,68.14
2025-11-03,9:47:40.937839292,T,KO,F I,59,68.14
2025-11-03,9:47:43.291256729,T,KO,I,42,68.14
2025-11-03,9:47:43.291256729,T,KO,I,1,68.14
2025-11-03,9:47:43.291259504,T,KO,,100,68.14
2025-11-03,9:47:54.270949766,T,KO,F,400,68.14
2025-11-03,9:47:54.270949766,T,KO,F,200,68.14
2025-11-03,9:47:54.542108765,T,KO,F I,1,68.14
2025-11-03,9:47:54.542108765,T,KO,F I,11,68.14
2025-11-03,9:47:54.542111653,T,KO,F I,22,68.14
2025-11-03,9:47:54.542114553,T,KO,F,100,68.14
2025-11-03,9:47:55.015622287,T,KO,F I,1,68.14
2025-11-03,9:47:55.022208044,T,KO,,100,68.145
2025-11-03,9:47:55.022517697,T,KO,I,44,68.14
2025-11-03,9:47:57.751836262,T,KO,F I,1,68.14
2025-11-03,9:47:57.751839168,T,KO,F I,44,68.14
2025-11-03,9:47:59.250386240,T,KO,F,100,68.145
2025-11-03,9:47:59.330448919,T,KO,F I,54,68.145
2025-11-03,9:47:59.421644122,T,KO,F,100,68.145
2025-11-03,9:47:59.552609128,T,KO,F,100,68.15
2025-11-03,9:47:59.555628334,T,KO,,100,68.155
2025-11-03,9:48:01.902288472,T,KO,I,1,68.16
2025-11-03,9:48:01.902288472,T,KO,I,31,68.16
2025-11-03,9:48:03.253743114,T,KO,F I,4,68.16
2025-11-03,9:48:03.253743114,T,KO,F,100,68.16
2025-11-03,9:48:04.575715709,T,KO,,200,68.155
2025-11-03,9:48:06.401547366,T,KO,F I,10,68.15
2025-11-03,9:48:06.421908838,T,KO,F,100,68.14
2025-11-03,9:48:06.421923931,T,KO,F I,5,68.14
2025-11-03,9:48:06.422636677,T,KO,F I,5,68.14
2025-11-03,9:48:06.422639639,T,KO,F I,20,68.14
2025-11-03,9:48:06.498618593,T,KO,F,100,68.15
2025-11-03,9:48:06.498622289,T,KO,F I,44,68.15
2025-11-03,9:48:06.498622289,T,KO,F I,20,68.15
2025-11-03,9:48:10.173493969,T,KO,F I,24,68.15
2025-11-03,9:48:10.173496997,T,KO,F I,20,68.15
2025-11-03,9:48:10.173496997,T,KO,F I,1,68.15
2025-11-03,9:48:18.107311095,T,KO,F I,10,68.14
2025-11-03,9:48:18.107314181,T,KO,F I,1,68.14
2025-11-03,9:48:23.289966169,T,KO,,100,68.145
2025-11-03,9:48:23.368873790,T,KO,,100,68.145
2025-11-03,9:48:27.165740836,T,KO,F I,3,68.14
2025-11-03,9:48:27.355904736,T,KO,I,1,68.14
2025-11-03,9:48:27.355910743,T,KO,I,47,68.14
2025-11-03,9:48:27.355910743,T,KO,I,5,68.14
2025-11-03,9:48:27.355922826,T,KO,I,95,68.14
2025-11-03,9:48:29.795892162,T,KO,I,1,68.14
2025-11-03,9:48:29.795895204,T,KO,I,10,68.14
2025-11-03,9:48:29.795910516,T,KO,I,37,68.14
2025-11-03,9:48:32.830167787,T,KO,I,10,68.13
2025-11-03,9:48:32.830167787,T,KO,I,10,68.13
2025-11-03,9:48:32.830169981,T,KO,I,10,68.13
2025-11-03,9:48:33.647886478,T,KO,F I,8,68.12
2025-11-03,9:48:37.908385779,T,KO,F I,11,68.11
2025-11-03,9:48:40.436534102,T,KO,F,200,68.11
2025-11-03,9:48:40.501615115,T,KO,,100,68.115
2025-11-03,9:48:40.648608155,T,KO,I,2,68.11
2025-11-03,9:48:40.873667244,T,KO,,100,68.11
2025-11-03,9:48:47.094261847,T,KO,F I,65,68.13
2025-11-03,9:48:48.185173135,T,KO,,100,68.135
2025-11-03,9:48:48.890957155,T,KO,,100,68.135
2025-11-03,9:48:49.968161742,T,KO,,100,68.135
2025-11-03,9:48:52.056626981,T,KO,F I,1,68.14
2025-11-03,9:48:52.056626981,T,KO,F,200,68.14
2025-11-03,9:48:52.064890549,T,KO,,100,68.145
2025-11-03,9:48:55.164499164,T,KO,I,1,68.13
2025-11-03,9:48:55.164499164,T,KO,I,10,68.13
2025-11-03,9:48:55.164502327,T,KO,,100,68.13
2025-11-03,9:48:55.919753730,T,KO,,100,68.125
2025-11-03,9:48:57.145091243,T,KO,I,10,68.12
2025-11-03,9:48:57.145091243,T,KO,I,1,68.12
2025-11-03,9:48:57.157008511,T,KO,F I,50,68.12
2025-11-03,9:48:57.167479750,T,KO,F,100,68.125
2025-11-03,9:48:57.167482461,T,KO,F I,53,68.12
2025-11-03,9:49:05.085436831,T,KO,F I,50,68.16
2025-11-03,9:49:05.395773497,T,KO,I,8,68.15
2025-11-03,9:49:05.395790960,T,KO,I,1,68.15
2025-11-03,9:49:05.396599909,T,KO,F I,5,68.15
2025-11-03,9:49:10.595730725,T,KO,I,15,68.155
2025-11-03,9:49:10.596984705,T,KO,F I,7,68.15
2025-11-03,9:49:10.596987670,T,KO,F I,11,68.15
2025-11-03,9:49:12.611648089,T,KO,I,96,68.14
2025-11-03,9:49:12.611666075,T,KO,I,1,68.14
2025-11-03,9:49:16.948472179,T,KO,,100,68.135
2025-11-03,9:49:23.686779804,T,KO,,130,68.14
2025-11-03,9:49:23.686783125,T,KO,I,38,68.14
2025-11-03,9:49:32.218853734,T,KO,F I,10,68.13
2025-11-03,9:49:32.218853734,T,KO,F I,1,68.13
2025-11-03,9:49:32.218856723,T,KO,F I,7,68.13
2025-11-03,9:49:32.218859791,T,KO,F I,1,68.13
2025-11-03,9:49:33.581995070,T,KO,I,25,68.12
2025-11-03,9:49:33.582002219,T,KO,,100,68.12
2025-11-03,9:49:33.582002219,T,KO,I,30,68.12
2025-11-03,9:49:33.582018395,T,KO,F I,70,68.12
2025-11-03,9:49:33.582018395,T,KO,F I,25,68.12
2025-11-03,9:49:33.582024442,T,KO,F,130,68.12
2025-11-03,9:49:33.582024442,T,KO,I,1,68.12
2025-11-03,9:49:33.582027436,T,KO,I,59,68.12
2025-11-03,9:49:33.583179193,T,KO,F I,4,68.12
2025-11-03,9:49:33.611350308,T,KO,F I,50,68.125
2025-11-03,9:49:33.611900585,T,KO,I,22,68.13
2025-11-03,9:49:33.611921669,T,KO,I,1,68.13
2025-11-03,9:49:33.612373085,T,KO,F I,25,68.13
2025-11-03,9:49:33.612375740,T,KO,F I,2,68.13
2025-11-03,9:49:33.613056389,T,KO,I,48,68.13
2025-11-03,9:49:33.613059955,T,KO,,100,68.13
2025-11-03,9:49:33.613065261,T,KO,,100,68.13
2025-11-03,9:49:33.613065261,T,KO,,100,68.13
2025-11-03,9:49:33.613065261,T,KO,I,23,68.13
2025-11-03,9:49:33.613065261,T,KO,I,2,68.13
2025-11-03,9:49:33.613070334,T,KO,I,1,68.13
2025-11-03,9:49:33.613070334,T,KO,I,22,68.13
2025-11-03,9:49:33.613073308,T,KO,,100,68.13
2025-11-03,9:49:33.613343954,T,KO,,100,68.13
2025-11-03,9:49:33.614559722,T,KO,F,100,68.13
2025-11-03,9:49:33.614564954,T,KO,F I,48,68.13
2025-11-03,9:49:33.614564954,T,KO,F,100,68.13
2025-11-03,9:49:33.614564954,T,KO,F I,1,68.13
2025-11-03,9:49:33.614570990,T,KO,F I,48,68.13
2025-11-03,9:49:33.614570990,T,KO,F I,48,68.13
2025-11-03,9:49:33.614573960,T,KO,F I,8,68.13
2025-11-03,9:49:35.875586969,T,KO,,100,68.135
2025-11-03,9:49:36.277293077,T,KO,F,100,68.14
2025-11-03,9:49:36.277293077,T,KO,F,100,68.14
2025-11-03,9:49:37.031176242,T,KO,I,25,68.15
2025-11-03,9:49:37.031197258,T,KO,I,36,68.15
2025-11-03,9:49:37.031200312,T,KO,I,75,68.15
2025-11-03,9:49:37.031218328,T,KO,I,1,68.15
2025-11-03,9:49:37.031230380,T,KO,F I,25,68.15
2025-11-03,9:49:37.031233424,T,KO,F I,36,68.15
2025-11-03,9:49:37.031540146,T,KO,,100,68.15
2025-11-03,9:49:37.031540146,T,KO,I,25,68.15
2025-11-03,9:49:37.031543608,T,KO,I,1,68.15
2025-11-03,9:49:37.033660217,T,KO,I,10,68.15
2025-11-03,9:49:37.903935972,T,KO,,100,68.15
2025-11-03,9:49:39.868009796,T,KO,F I,1,68.15
2025-11-03,9:49:40.689148559,T,KO,I,2,68.15
2025-11-03,9:49:41.992476646,T,KO,,100,68.15
2025-11-03,9:49:44.118011141,T,KO,F I,1,68.15
2025-11-03,9:49:46.993655092,T,KO,,100,68.155
2025-11-03,9:49:47.026093480,T,KO,I,45,68.16
2025-11-03,9:49:47.026096283,T,KO,I,25,68.16
2025-11-03,9:49:47.026099378,T,KO,,100,68.16
2025-11-03,9:49:47.035732473,T,KO,F,100,68.17
2025-11-03,9:49:47.036013947,T,KO,F I,13,68.17
2025-11-03,9:49:47.037204719,T,KO,,100,68.165
2025-11-03,9:49:47.037208662,T,KO,I,1,68.17
2025-11-03,9:49:47.037208662,T,KO,I,25,68.17
2025-11-03,9:49:47.037214077,T,KO,,100,68.17
2025-11-03,9:49:47.037214077,T,KO,,100,68.17
2025-11-03,9:49:47.037214077,T,KO,I,47,68.17
2025-11-03,9:49:47.037217326,T,KO,I,4,68.17
2025-11-03,9:49:47.037217326,T,KO,,100,68.17
2025-11-03,9:49:47.037219750,T,KO,I,23,68.17
2025-11-03,9:49:47.037229446,T,KO,I,1,68.17
2025-11-03,9:49:47.311900074,T,KO,I,1,68.17
2025-11-03,9:49:47.705212748,T,KO,I,10,68.165
2025-11-03,9:49:48.664094553,T,KO,I,47,68.16
2025-11-03,9:49:48.664097769,T,KO,I,10,68.16
2025-11-03,9:49:48.664831289,T,KO,F I,25,68.16
2025-11-03,9:49:53.381947180,T,KO,F I,47,68.16
2025-11-03,9:49:53.381971217,T,KO,F I,53,68.16
2025-11-03,9:49:55.665378643,T,KO,I,10,68.15
2025-11-03,9:49:55.665382117,T,KO,I,68,68.15
2025-11-03,9:49:55.665399778,T,KO,I,52,68.15
2025-11-03,9:49:57.233887462,T,KO,I,10,68.14
2025-11-03,9:50:02.730023755,T,KO,,100,68.145
2025-11-03,9:50:04.277614726,T,KO,,100,68.15
2025-11-03,9:50:04.413538386,T,KO,F I,54,68.15
2025-11-03,9:50:05.228897533,T,KO,F I,54,68.15
2025-11-03,9:50:05.228897533,T,KO,F I,5,68.15
2025-11-03,9:50:07.268463055,T,KO,I,50,68.15
2025-11-03,9:50:07.268481157,T,KO,I,50,68.15
2025-11-03,9:50:10.660493907,T,KO,,100,68.155
2025-11-03,9:50:13.781098306,T,KO,,100,68.16
2025-11-03,9:50:13.781098306,T,KO,I,50,68.16
2025-11-03,9:50:13.781113957,T,KO,I,1,68.16
2025-11-03,9:50:14.495957958,T,KO,F,100,68.17
2025-11-03,9:50:14.495957958,T,KO,F,100,68.17
2025-11-03,9:50:14.497157871,T,KO,F,100,68.18
2025-11-03,9:50:14.502570683,T,KO,F I,16,68.19
2025-11-03,9:50:14.855641691,T,KO,F I,60,68.19
2025-11-03,9:50:14.906871697,T,KO,,100,68.175
2025-11-03,9:50:14.949513235,T,KO,F I,25,68.18
2025-11-03,9:50:14.979284120,T,KO,,100,68.185
2025-11-03,9:50:20.247224782,T,KO,I,11,68.19
2025-11-03,9:50:28.502913482,T,KO,I,1,68.195
2025-11-03,9:50:31.459191451,T,KO,I,1,68.195
2025-11-03,9:50:34.998878208,T,KO,F I,29,68.2
2025-11-03,9:50:35.678628648,T,KO,I,1,68.2
2025-11-03,9:50:35.678631830,T,KO,I,25,68.2
2025-11-03,9:50:35.678634622,T,KO,I,4,68.2
2025-11-03,9:50:35.678634622,T,KO,I,11,68.2
2025-11-03,9:50:36.684262379,T,KO,I,1,68.2
2025-11-03,9:50:36.684265042,T,KO,,200,68.2
2025-11-03,9:50:37.855320278,T,KO,I,25,68.2
2025-11-03,9:50:37.855320278,T,KO,I,75,68.2
2025-11-03,9:50:37.855338207,T,KO,I,1,68.2
2025-11-03,9:50:43.140543032,T,KO,F I,36,68.22
2025-11-03,9:50:43.141361055,T,KO,I,18,68.215
2025-11-03,9:50:48.710728264,T,KO,,100,68.215
2025-11-03,9:50:48.710832865,T,KO,F I,22,68.22
2025-11-03,9:50:48.710868953,T,KO,I,78,68.22
2025-11-03,9:50:50.806981352,T,KO,,100,68.23
2025-11-03,9:50:56.005513724,T,KO,I,1,68.235
2025-11-03,9:50:58.010142150,T,KO,F,100,68.24
2025-11-03,9:50:58.010145156,T,KO,F,100,68.24
2025-11-03,9:50:58.010148110,T,KO,F I,80,68.24
2025-11-03,9:50:58.010163557,T,KO,I,1,68.24
2025-11-03,9:50:58.010304593,T,KO,I,19,68.24
2025-11-03,9:50:59.939944083,T,KO,,100,68.24
2025-11-03,9:50:59.939944083,T,KO,I,55,68.24
2025-11-03,9:50:59.939949565,T,KO,I,25,68.24
2025-11-03,9:50:59.939949565,T,KO,F I,4,68.24
2025-11-03,9:50:59.940397496,T,KO,F I,25,68.24
2025-11-03,9:50:59.999752928,T,KO,I,53,68.24
2025-11-03,9:50:59.999864547,T,KO,F I,53,68.24
2025-11-03,9:50:59.999867463,T,KO,F I,1,68.24
2025-11-03,9:50:59.999871406,T,KO,F,100,68.24
2025-11-03,9:50:59.999871406,T,KO,F I,53,68.24
2025-11-03,9:50:59.999876216,T,KO,F,100,68.24
2025-11-03,9:50:59.999876216,T,KO,F I,25,68.24
2025-11-03,9:51:00.000375441,T,KO,F I,10,68.23
2025-11-03,9:51:00.000378504,T,KO,F I,18,68.23
2025-11-03,9:51:00.000378504,T,KO,F I,25,68.23
2025-11-03,9:51:00.000994815,T,KO,I,27,68.23
2025-11-03,9:51:02.775962006,T,KO,F,122,68.22
2025-11-03,9:51:02.775964991,T,KO,F I,1,68.22
2025-11-03,9:51:02.973860280,T,KO,I,10,68.215
2025-11-03,9:51:04.044361884,T,KO,I,2,68.21
2025-11-03,9:51:04.924038035,T,KO,I,1,68.2
2025-11-03,9:51:04.924038035,T,KO,I,2,68.2
2025-11-03,9:51:06.422185290,T,KO,I,1,68.19
2025-11-03,9:51:06.422185290,T,KO,I,3,68.19
2025-11-03,9:51:06.422943788,T,KO,F I,52,68.19
2025-11-03,9:51:06.422946038,T,KO,F,100,68.19
2025-11-03,9:51:06.422949568,T,KO,F,100,68.19
2025-11-03,9:51:06.422949568,T,KO,F I,1,68.19
2025-11-03,9:51:06.422952055,T,KO,F I,11,68.19
2025-11-03,9:51:06.422964067,T,KO,I,1,68.19
2025-11-03,9:51:06.422971112,T,KO,I,13,68.19
2025-11-03,9:51:06.422974410,T,KO,I,26,68.19
2025-11-03,9:51:06.422974410,T,KO,I,30,68.19
2025-11-03,9:51:06.422979121,T,KO,I,25,68.19
2025-11-03,9:51:06.422979121,T,KO,I,1,68.19
2025-11-03,9:51:06.499297897,T,KO,I,5,68.195
2025-11-03,9:51:08.592427123,T,KO,I,52,68.19
2025-11-03,9:51:08.592466748,T,KO,I,2,68.18
2025-11-03,9:51:08.592466748,T,KO,I,42,68.18
2025-11-03,9:51:08.592469479,T,KO,I,10,68.18
2025-11-03,9:51:08.592469479,T,KO,I,24,68.18
2025-11-03,9:51:14.556336475,T,KO,F I,10,68.16
2025-11-03,9:51:14.556339442,T,KO,F I,10,68.16
2025-11-03,9:51:14.556348470,T,KO,F,190,68.16
2025-11-03,9:51:18.022617114,T,KO,I,10,68.155
2025-11-03,9:51:25.460048032,T,KO,I,12,68.17
2025-11-03,9:51:25.460048032,T,KO,I,75,68.17
2025-11-03,9:51:32.836824332,T,KO,F I,2,68.16
2025-11-03,9:51:32.836827398,T,KO,F I,11,68.16
2025-11-03,9:51:32.836833358,T,KO,F I,13,68.16
2025-11-03,9:51:32.836833358,T,KO,F I,13,68.16
2025-11-03,9:51:32.836840050,T,KO,F I,13,68.16
2025-11-03,9:51:32.836840050,T,KO,F I,13,68.16
2025-11-03,9:51:32.836842785,T,KO,F I,13,68.16
2025-11-03,9:51:32.836846231,T,KO,F I,13,68.16
2025-11-03,9:51:32.836849072,T,KO,F I,13,68.16
2025-11-03,9:51:32.836851399,T,KO,F I,13,68.16
2025-11-03,9:51:32.895590300,T,KO,,100,68.15
2025-11-03,9:51:32.895605361,T,KO,I,1,68.15
2025-11-03,9:51:32.895954130,T,KO,I,20,68.15
2025-11-03,9:51:35.609833908,T,KO,I,26,68.16
2025-11-03,9:51:39.565806879,T,KO,F I,53,68.16
2025-11-03,9:51:39.565812875,T,KO,F I,21,68.16
2025-11-03,9:51:39.565812875,T,KO,F I,5,68.16
2025-11-03,9:51:39.565819267,T,KO,F I,91,68.16
2025-11-03,9:51:39.565830957,T,KO,I,24,68.16
2025-11-03,9:51:39.582448488,T,KO,I,11,68.16
2025-11-03,9:51:39.867461281,T,KO,I,19,68.16
2025-11-03,9:51:41.035873180,T,KO,,100,68.155
2025-11-03,9:51:41.081970093,T,KO,,100,68.155
2025-11-03,9:51:46.322964484,T,KO,F,100,68.155
2025-11-03,9:51:46.322964484,T,KO,F I,11,68.16
2025-11-03,9:51:46.322969520,T,KO,F,100,68.16
2025-11-03,9:51:46.322969520,T,KO,F I,1,68.16
2025-11-03,9:51:46.322969520,T,KO,F I,25,68.16
2025-11-03,9:51:46.323574045,T,KO,F,100,68.16
2025-11-03,9:51:46.323580025,T,KO,F I,46,68.16
2025-11-03,9:51:46.323616077,T,KO,F I,2,68.16
2025-11-03,9:51:46.539584499,T,KO,I,5,68.155
2025-11-03,9:51:49.590585273,T,KO,F I,38,68.15
2025-11-03,9:51:49.590588432,T,KO,F I,10,68.15
2025-11-03,9:51:49.590588432,T,KO,F I,2,68.15
2025-11-03,9:51:49.590591709,T,KO,F I,10,68.15
2025-11-03,9:51:49.590594709,T,KO,F I,10,68.15
2025-11-03,9:51:49.590594709,T,KO,F I,75,68.15
2025-11-03,9:51:49.590600774,T,KO,F I,10,68.15
2025-11-03,9:51:49.590600774,T,KO,F I,1,68.15
2025-11-03,9:51:49.590606634,T,KO,F I,14,68.15
2025-11-03,9:51:49.591051218,T,KO,F I,11,68.15
2025-11-03,9:51:49.591054248,T,KO,F I,11,68.15
2025-11-03,9:51:49.591057261,T,KO,I,3,68.15
2025-11-03,9:51:49.591202025,T,KO,I,25,68.15
2025-11-03,9:51:49.591204580,T,KO,I,15,68.15
2025-11-03,9:51:51.079966443,T,KO,F I,1,68.14
2025-11-03,9:51:54.859891176,T,KO,I,1,68.13
2025-11-03,9:51:54.863535846,T,KO,I,13,68.125
2025-11-03,9:51:56.540449859,T,KO,I,5,68.115
2025-11-03,9:51:58.116564060,T,KO,I,3,68.11
2025-11-03,9:51:58.116564060,T,KO,I,5,68.11
2025-11-03,9:51:58.781741928,T,KO,,100,68.095
2025-11-03,9:52:01.072971073,T,KO,I,9,68.09
2025-11-03,9:52:01.072989263,T,KO,I,1,68.09
2025-11-03,9:52:01.072992198,T,KO,I,10,68.09
2025-11-03,9:52:02.138138039,T,KO,,100,68.085
2025-11-03,9:52:09.268925508,T,KO,I,10,68.08
2025-11-03,9:52:09.268928606,T,KO,I,10,68.08
2025-11-03,9:52:09.268928606,T,KO,I,1,68.08
2025-11-03,9:52:10.435677392,T,KO,F I,46,68.07
2025-11-03,9:52:15.984649650,T,KO,I,10,68.08
2025-11-03,9:52:15.984649650,T,KO,I,67,68.08
2025-11-03,9:52:21.523454154,T,KO,F I,54,68.08
2025-11-03,9:52:21.523484223,T,KO,I,1,68.08
2025-11-03,9:52:21.523532298,T,KO,I,1,68.08
2025-11-03,9:52:21.523562380,T,KO,I,44,68.08
2025-11-03,9:52:21.523562380,T,KO,I,5,68.08
2025-11-03,9:52:21.523565451,T,KO,,100,68.08
2025-11-03,9:52:22.783563277,T,KO,,100,68.085
2025-11-03,9:52:22.823856553,T,KO,I,5,68.09
2025-11-03,9:52:22.823859253,T,KO,,100,68.09
2025-11-03,9:52:22.823862655,T,KO,I,25,68.09
2025-11-03,9:52:22.831930569,T,KO,,100,68.095
2025-11-03,9:52:22.844365101,T,KO,,100,68.095
2025-11-03,9:52:22.903639263,T,KO,,100,68.105
2025-11-03,9:52:22.922232965,T,KO,I,5,68.11
2025-11-03,9:52:22.922232965,T,KO,I,5,68.11
2025-11-03,9:52:22.922236169,T,KO,,100,68.11
2025-11-03,9:52:22.922236169,T,KO,I,5,68.11
2025-11-03,9:52:22.922241593,T,KO,,100,68.11
2025-11-03,9:52:22.988390179,T,KO,,100,68.115
2025-11-03,9:52:23.058670499,T,KO,I,1,68.12
2025-11-03,9:52:23.058670499,T,KO,,100,68.12
2025-11-03,9:52:23.635332925,T,KO,,100,68.125
2025-11-03,9:52:25.837120604,T,KO,I,21,68.11
2025-11-03,9:52:25.837123671,T,KO,I,50,68.11
2025-11-03,9:52:25.837126012,T,KO,I,25,68.11
2025-11-03,9:52:25.837153024,T,KO,I,4,68.11
2025-11-03,9:52:25.837159567,T,KO,I,1,68.11
2025-11-03,9:52:31.545685018,T,KO,I,5,68.115
2025-11-03,9:52:34.659345726,T,KO,I,58,68.11
2025-11-03,9:52:41.793844920,T,KO,,600,68.1
2025-11-03,9:52:42.817016157,T,KO,F,100,68.11
2025-11-03,9:52:42.940541399,T,KO,I,24,68.115
2025-11-03,9:52:47.576921464,T,KO,I,25,68.09
2025-11-03,9:52:50.464079424,T,KO,,100,68.095
2025-11-03,9:52:54.722263282,T,KO,F,100,68.11
2025-11-03,9:52:54.722266274,T,KO,F,100,68.11
2025-11-03,9:52:56.549469269,T,KO,I,6,68.11
2025-11-03,9:52:58.041887748,T,KO,I,10,68.1
2025-11-03,9:52:58.939661071,T,KO,F I,20,68.09
2025-11-03,9:52:58.940154999,T,KO,F,100,68.09
2025-11-03,9:52:58.940157539,T,KO,F I,50,68.09
2025-11-03,9:52:58.940163267,T,KO,F,100,68.09
2025-11-03,9:52:58.940163267,T,KO,F I,15,68.09
2025-11-03,9:53:01.192570030,T,KO,I,15,68.09
2025-11-03,9:53:01.192573926,T,KO,I,50,68.09
2025-11-03,9:53:01.192573926,T,KO,I,31,68.09
2025-11-03,9:53:01.192575970,T,KO,I,2,68.09
2025-11-03,9:53:01.192595084,T,KO,I,31,68.09
2025-11-03,9:53:01.192595084,T,KO,I,24,68.09
2025-11-03,9:53:01.192600025,T,KO,I,19,68.09
2025-11-03,9:53:01.192600025,T,KO,I,10,68.09
